,Date,Stock Price,Book Value per Share,Price to Book Ratio,TTM Sales per Share,Price to Sales Ratio,TTM FCF per Share,Price to FCF Ratio,TTM Net EPS,PE Ratio,Current Assets,Current Liabilities,Current Ratio,Long Term Debt,Shareholder's Equity_x,Debt to Equity Ratio,TTM Revenue_x,TTM Gross Profit,Gross Margin,TTM Revenue_y,TTM Operating Income,Operating Margin,TTM Revenue_x,TTM EBIT,EBIT Margin,TTM Revenue_y,TTM EBITDA,EBITDA Margin,TTM Revenue_x,TTM Pre-Tax Income,Pre-Tax Margin,TTM Revenue_y,TTM Net Income_x,Net Margin,TTM Net Income_y,Shareholder's Equity_y,Return on Equity,TTM Net Income_x,Tangible Equity,Return on Tangible Equity,TTM Net Income_y,Total Assets,Return on Assets,TTM Net Income,LT Investments & Debt,Return on Investment,revenue,cost-goods-sold,gross-profit,research-development-expenses,selling-general-administrative-expenses,operating-expenses,operating-income,total-non-operating-income-expense,pre-tax-income,total-provision-income-taxes,income-after-taxes,income-from-continuous-operations,net-income,ebitda,ebit,basic-shares-outstanding,shares-outstanding,eps-basic-net-earnings-per-share,eps-earnings-per-share-diluted,cash-on-hand,inventory,other-current-assets,total-current-assets,net-property-plant-equipment,long-term-investments,goodwill-intangible-assets-total,other-long-term-assets,total-long-term-assets,total-assets,total-current-liabilities,long-term-debt,other-non-current-liabilities,total-long-term-liabilities,total-liabilities,common-stock-net,retained-earnings-accumulated-deficit,comprehensive-income,total-share-holder-equity,total-liabilities-share-holders-equity,net-income-loss,total-depreciation-amortization-cash-flow,other-non-cash-items,total-non-cash-items,change-in-accounts-receivable,change-in-inventories,change-in-accounts-payable,change-in-assets-liabilities,total-change-in-assets-liabilities,cash-flow-from-operating-activities,net-change-in-property-plant-equipment,net-change-in-intangible-assets,net-acquisitions-divestitures,net-change-in-short-term-investments,net-change-in-long-term-investments,net-change-in-investments-total,investing-activities-other,cash-flow-from-investing-activities,net-long-term-debt,net-current-debt,debt-issuance-retirement-net-total,net-common-equity-issued-repurchased,net-total-equity-issued-repurchased,total-common-preferred-stock-dividends-paid,financial-activities-other,cash-flow-from-financial-activities,net-cash-flow,stock-based-compensation,common-stock-dividends-paid
0,2018-09-30,46.66,$33.75,1.38,$39.05,1.19,$4.93,9.46,$3.71,12.58,$0.63B,$0.44B,1.44,$2.01B,$3.02B,0.67,$3.63B,$1.00B,27.69%,$3.63B,$0.47B,12.91%,$3.63B,$0.47B,12.91%,$3.63B,$0.58B,16.02%,$3.63B,$0.40B,10.89%,$3.63B,$0.34B,9.49%,$0.34B,$3.02B,11.09%,$0.34B,$-1.88B,-18.95%,$0.34B,$5.84B,5.87%,$0.47B,$5.02B,9.30%,$897,$656,$241,$0,$103,$787,$109,$-19,$90,$25,$66,$66,$66,$139,$109,$91,91,$0.72,$0.72,$68,$0,$16,$625,$138,$81,$4899,$95,$5213,$5839,$436,$2006,$41,$2387,$2823,$1,$2016,$0,$3015,$5839,$208,$85,$9,$94,$-19,$0,$0,$-13,$-140,$162,$-38,$0,$-27,$0,$-5,$-5,$23,$-48,$-1,$154,$152,$-289,$-289,$0,$-4,$-140,$-26,$29,$0
1,2018-06-30,43.28,$34.13,1.27,$38.59,1.12,$6.63,6.53,$3.70,11.7,$0.63B,$0.41B,1.52,$1.89B,$3.19B,0.59,$3.60B,$1.02B,28.24%,$3.60B,$0.49B,13.48%,$3.60B,$0.49B,13.48%,$3.60B,$0.60B,16.54%,$3.60B,$0.41B,11.48%,$3.60B,$0.34B,9.56%,$0.34B,$3.19B,11.18%,$0.34B,$-1.73B,-19.06%,$0.34B,$5.86B,5.91%,$0.49B,$5.08B,9.79%,$916,$653,$263,$0,$108,$787,$129,$-19,$110,$30,$79,$79,$79,$156,$129,$93,94,$0.85,$0.85,$67,$0,$14,$625,$132,$90,$4919,$94,$5235,$5860,$411,$1891,$36,$2262,$2673,$1,$2153,$0,$3187,$5860,$143,$55,$-3,$52,$-24,$0,$0,$-9,$-173,$22,$-26,$0,$-26,$0,$-10,$-10,$23,$-39,$-1,$39,$38,$-43,$-43,$0,$-0,$-5,$-22,$20,$0
2,2018-03-31,55.63,$33.30,1.67,$37.88,1.47,$7.69,7.23,$3.54,15.71,$0.62B,$0.36B,1.74,$1.97B,$3.14B,0.63,$3.53B,$1.00B,28.48%,$3.53B,$0.48B,13.56%,$3.53B,$0.48B,13.56%,$3.53B,$0.59B,16.68%,$3.53B,$0.41B,11.55%,$3.53B,$0.33B,9.33%,$0.33B,$3.14B,11.00%,$0.33B,$-1.79B,-18.17%,$0.33B,$5.88B,5.76%,$0.48B,$5.11B,9.89%,$902,$662,$239,$0,$109,$797,$104,$-17,$87,$24,$63,$63,$63,$132,$104,$93,94,$0.68,$0.68,$52,$0,$17,$623,$127,$90,$4931,$112,$5260,$5883,$357,$1965,$57,$2383,$2740,$1,$2112,$0,$3143,$5883,$63,$27,$9,$36,$-39,$0,$0,$1,$-213,$-114,$-12,$0,$-22,$4,$-14,$-11,$23,$-22,$-0,$114,$113,$4,$4,$0,$-0,$117,$-19,$10,$0
3,2017-12-31,53.44,$32.72,1.63,$37.21,1.44,$8.68,6.16,$3.45,15.49,$0.63B,$0.53B,1.18,$1.85B,$3.07B,0.6,$3.46B,$1.00B,28.91%,$3.46B,$0.48B,13.88%,$3.46B,$0.48B,13.88%,$3.46B,$0.59B,17.03%,$3.46B,$0.41B,11.85%,$3.46B,$0.32B,9.28%,$0.32B,$3.07B,11.09%,$0.32B,$-1.86B,-17.59%,$0.32B,$5.87B,5.74%,$0.48B,$4.92B,10.18%,$911,$650,$261,$0,$109,$785,$126,$-17,$108,$-28,$136,$136,$136,$154,$126,$92,93,$1.48,$1.46,$70,$0,$37,$627,$124,$81,$4924,$112,$5240,$5867,$531,$1851,$58,$2269,$2801,$1,$2048,$0,$3066,$5867,$320,$108,$-34,$74,$8,$0,$0,$11,$117,$511,$-49,$0,$-532,$0,$-2,$-2,$7,$-577,$-2,$2846,$2844,$-47,$-47,$0,$-2707,$90,$25,$30,$0
4,2017-09-30,43.12,$31.17,1.38,$36.33,1.19,$8.05,5.36,$2.83,15.24,$0.65B,$0.48B,1.37,$1.80B,$2.92B,0.62,$3.38B,$1.00B,29.71%,$3.38B,$0.50B,14.71%,$3.38B,$0.50B,14.71%,$3.38B,$0.60B,17.88%,$3.38B,$0.43B,12.73%,$3.38B,$0.26B,7.78%,$0.26B,$2.92B,9.33%,$0.26B,$-1.85B,-14.62%,$0.26B,$5.68B,4.81%,$0.50B,$4.71B,10.81%,$869,$616,$253,$0,$101,$743,$126,$-18,$108,$42,$66,$66,$66,$153,$126,$93,93,$0.71,$0.71,$59,$0,$61,$653,$115,$82,$4761,$69,$5027,$5681,$476,$1797,$42,$2288,$2764,$1,$1912,$0,$2917,$5681,$184,$81,$37,$117,$-9,$0,$0,$8,$14,$316,$-32,$0,$-355,$0,$-4,$-4,$4,$-387,$-2,$121,$119,$-52,$-52,$0,$-3,$64,$-7,$23,$0
5,2017-06-30,60.37,$30.36,1.99,$35.87,1.68,$8.05,7.5,$3.16,19.1,$0.56B,$0.35B,1.59,$1.75B,$2.84B,0.62,$3.34B,$1.03B,30.74%,$3.34B,$0.53B,15.82%,$3.34B,$0.53B,15.82%,$3.34B,$0.63B,18.96%,$3.34B,$0.46B,13.87%,$3.34B,$0.29B,8.81%,$0.29B,$2.84B,10.66%,$0.29B,$-1.75B,-16.37%,$0.29B,$5.41B,5.47%,$0.53B,$4.58B,11.55%,$843,$592,$251,$0,$103,$721,$122,$-17,$104,$41,$64,$64,$64,$149,$122,$92,93,$0.69,$0.69,$52,$0,$13,$558,$110,$86,$4591,$62,$4850,$5407,$350,$1746,$46,$2219,$2569,$1,$1846,$0,$2838,$5407,$118,$54,$30,$84,$18,$0,$0,$-1,$-86,$116,$-22,$0,$-114,$0,$-8,$-8,$4,$-140,$-1,$67,$66,$-56,$-56,$0,$-1,$9,$-15,$15,$0
6,2017-03-31,69.38,$29.73,2.33,$35.09,1.98,$8.09,8.58,$3.36,20.65,$0.56B,$0.33B,1.71,$1.88B,$2.76B,0.68,$3.27B,$1.04B,31.68%,$3.27B,$0.55B,16.96%,$3.27B,$0.55B,16.96%,$3.27B,$0.65B,19.99%,$3.27B,$0.49B,15.09%,$3.27B,$0.31B,9.55%,$0.31B,$2.76B,11.61%,$0.31B,$-1.84B,-18.28%,$0.31B,$5.43B,5.98%,$0.55B,$4.64B,12.53%,$836,$600,$235,$0,$104,$730,$106,$-16,$90,$35,$55,$55,$55,$133,$106,$92,93,$0.59,$0.59,$53,$0,$12,$562,$108,$87,$4606,$60,$4862,$5425,$329,$1878,$47,$2334,$2662,$1,$1783,$0,$2762,$5425,$55,$27,$7,$34,$11,$0,$0,$1,$-110,$-22,$-12,$0,$-111,$4,$-12,$-9,$4,$-127,$-1,$197,$196,$-61,$-61,$0,$0,$135,$-14,$8,$0
7,2016-12-31,66.66,$29.46,2.26,$34.20,1.95,$7.98,8.35,$3.50,19.05,$0.59B,$0.45B,1.31,$1.68B,$2.76B,0.61,$3.18B,$1.03B,32.47%,$3.18B,$0.57B,17.96%,$3.18B,$0.57B,17.96%,$3.18B,$0.67B,20.89%,$3.18B,$0.51B,16.14%,$3.18B,$0.33B,10.21%,$0.33B,$2.76B,12.44%,$0.33B,$-1.75B,-20.47%,$0.33B,$5.34B,6.47%,$0.57B,$4.44B,13.51%,$831,$566,$265,$0,$97,$688,$143,$-15,$128,$50,$78,$78,$78,$169,$143,$92,93,$0.85,$0.83,$67,$0,$14,$587,$103,$79,$4514,$57,$4752,$5339,$449,$1684,$45,$2130,$2579,$1,$1786,$0,$2761,$5339,$325,$94,$52,$146,$-34,$0,$0,$-3,$-27,$444,$-39,$0,$-762,$0,$-20,$-20,$0,$-821,$-2,$1940,$1938,$-40,$-40,$0,$-1516,$382,$4,$34,$0
8,2016-09-30,66.25,$28.51,2.32,$33.17,2.0,$7.27,9.11,$3.65,18.15,$0.58B,$0.41B,1.39,$1.95B,$2.67B,0.73,$3.10B,$1.02B,33.09%,$3.10B,$0.58B,18.74%,$3.10B,$0.58B,18.74%,$3.10B,$0.67B,21.49%,$3.10B,$0.53B,17.12%,$3.10B,$0.34B,10.99%,$0.34B,$2.67B,13.43%,$0.34B,$-1.83B,-22.85%,$0.34B,$5.34B,7.05%,$0.58B,$4.62B,14.33%,$828,$553,$275,$0,$93,$671,$157,$-16,$141,$44,$96,$96,$97,$182,$157,$93,93,$1.04,$1.04,$63,$0,$12,$575,$98,$79,$4501,$90,$4768,$5344,$413,$1949,$46,$2263,$2677,$1,$1707,$0,$2667,$5344,$247,$68,$43,$111,$-25,$0,$0,$4,$-45,$313,$-28,$0,$-725,$32,$-51,$-19,$0,$-772,$-2,$513,$511,$-46,$-46,$0,$-5,$460,$1,$26,$0
9,2016-06-30,72.43,$27.36,2.65,$32.00,2.26,$6.83,10.6,$3.58,20.23,$0.55B,$0.33B,1.65,$1.42B,$2.56B,0.56,$2.99B,$1.00B,33.36%,$2.99B,$0.57B,19.20%,$2.99B,$0.57B,19.20%,$2.99B,$0.65B,21.81%,$2.99B,$0.54B,17.90%,$2.99B,$0.33B,11.17%,$0.33B,$2.56B,13.65%,$0.33B,$-1.40B,-26.03%,$0.33B,$4.77B,7.22%,$0.57B,$3.98B,14.87%,$772,$512,$260,$0,$92,$624,$148,$-14,$134,$52,$82,$82,$82,$169,$148,$92,93,$0.89,$0.89,$62,$0,$13,$548,$90,$74,$3957,$102,$4223,$4771,$332,$1422,$58,$1881,$2213,$1,$1611,$0,$2558,$4771,$150,$43,$34,$77,$-16,$0,$0,$4,$-110,$117,$-19,$0,$-196,$25,$-39,$-14,$0,$-229,$-1,$165,$164,$-50,$-50,$0,$-1,$112,$0,$17,$0
10,2016-03-31,64.62,$26.48,2.44,$30.93,2.09,$6.63,9.74,$3.59,18.0,$0.55B,$0.31B,1.76,$1.43B,$2.46B,0.58,$2.89B,$0.97B,33.38%,$2.89B,$0.57B,19.59%,$2.89B,$0.57B,19.59%,$2.89B,$0.64B,22.11%,$2.89B,$0.54B,18.59%,$2.89B,$0.34B,11.61%,$0.34B,$2.46B,14.22%,$0.34B,$-1.37B,-28.73%,$0.34B,$4.64B,7.47%,$0.57B,$3.89B,14.97%,$753,$519,$234,$0,$90,$628,$124,$-13,$111,$43,$68,$68,$68,$145,$124,$92,93,$0.74,$0.73,$64,$0,$13,$551,$88,$69,$3827,$101,$4085,$4636,$313,$1431,$56,$1863,$2176,$1,$1529,$0,$2461,$4636,$68,$21,$11,$32,$-21,$0,$0,$4,$-133,$-33,$-10,$0,$-60,$12,$-18,$-6,$0,$-76,$-1,$168,$167,$-54,$-54,$0,$-0,$113,$4,$9,$0
11,2015-12-31,71.66,$26.01,2.76,$29.55,2.42,$6.48,11.06,$3.58,20.02,$0.53B,$0.43B,1.23,$1.26B,$2.44B,0.52,$2.78B,$0.93B,33.38%,$2.78B,$0.56B,20.07%,$2.78B,$0.56B,20.07%,$2.78B,$0.62B,22.45%,$2.78B,$0.54B,19.42%,$2.78B,$0.34B,12.12%,$0.34B,$2.44B,14.80%,$0.34B,$-1.35B,-33.61%,$0.34B,$4.55B,7.92%,$0.56B,$3.70B,15.49%,$742,$487,$255,$0,$85,$591,$151,$-7,$144,$52,$92,$92,$93,$169,$151,$93,94,$0.99,$0.99,$60,$0,$13,$528,$84,$63,$3790,$82,$4019,$4547,$429,$1263,$52,$1681,$2109,$1,$1510,$0,$2438,$4547,$336,$66,$46,$111,$-55,$0,$0,$-11,$-78,$369,$-27,$0,$-819,$0,$-2,$-2,$0,$-848,$748,$2122,$2869,$-215,$-215,$0,$-2171,$483,$4,$32,$0
12,2015-09-30,76.79,$24.83,3.09,$28.17,2.73,$6.90,11.13,$3.48,22.07,$0.57B,$0.41B,1.42,$1.53B,$2.33B,0.66,$2.69B,$0.90B,33.32%,$2.69B,$0.55B,20.38%,$2.69B,$0.55B,20.38%,$2.69B,$0.61B,22.72%,$2.69B,$0.54B,19.90%,$2.69B,$0.33B,12.35%,$0.33B,$2.33B,14.86%,$0.33B,$-1.01B,-39.44%,$0.33B,$4.55B,8.26%,$0.55B,$3.87B,16.20%,$722,$474,$248,$0,$80,$571,$151,$-5,$146,$56,$91,$91,$91,$169,$151,$93,94,$0.98,$0.97,$69,$0,$12,$573,$83,$59,$3348,$483,$3973,$4546,$405,$1532,$57,$1808,$2213,$1,$1415,$0,$2334,$4546,$243,$47,$27,$74,$-18,$0,$0,$2,$-53,$265,$-20,$0,$-806,$23,$-20,$3,$0,$-823,$-1,$790,$789,$-218,$-218,$0,$1,$572,$13,$24,$0
13,2015-06-30,74.11,$23.61,3.14,$26.71,2.77,$6.60,11.22,$3.37,21.99,$0.53B,$0.31B,1.69,$1.47B,$2.22B,0.66,$2.59B,$0.86B,33.08%,$2.59B,$0.54B,20.62%,$2.59B,$0.54B,20.62%,$2.59B,$0.59B,22.78%,$2.59B,$0.53B,20.28%,$2.59B,$0.33B,12.61%,$0.33B,$2.22B,14.37%,$0.33B,$-0.94B,-52.17%,$0.33B,$4.28B,8.72%,$0.54B,$3.69B,16.97%,$677,$448,$229,$0,$72,$536,$141,$-4,$137,$53,$84,$84,$84,$157,$141,$93,93,$0.91,$0.90,$70,$0,$11,$526,$81,$62,$3164,$442,$3750,$4275,$312,$1469,$64,$1743,$2055,$1,$1321,$0,$2220,$4275,$153,$30,$34,$63,$-2,$0,$0,$10,$-124,$92,$-13,$0,$-569,$14,$-11,$3,$0,$-579,$-0,$723,$722,$-223,$-223,$0,$4,$504,$17,$16,$0
14,2015-03-31,72.51,$22.62,3.21,$25.44,2.85,$6.52,11.12,$3.26,22.24,$0.48B,$0.27B,1.79,$1.04B,$2.11B,0.49,$2.51B,$0.83B,33.03%,$2.51B,$0.52B,20.85%,$2.51B,$0.52B,20.85%,$2.51B,$0.57B,22.84%,$2.51B,$0.52B,20.57%,$2.51B,$0.32B,12.81%,$0.32B,$2.11B,13.86%,$0.32B,$-0.70B,-76.94%,$0.32B,$3.65B,9.26%,$0.52B,$3.15B,18.00%,$639,$443,$196,$0,$68,$525,$115,$-2,$113,$44,$69,$69,$69,$129,$115,$94,95,$0.73,$0.72,$57,$0,$8,$478,$67,$64,$2814,$224,$3168,$3646,$267,$1040,$61,$1265,$1532,$1,$1237,$0,$2114,$3646,$69,$14,$11,$25,$-9,$0,$0,$11,$-147,$-54,$-5,$0,$-38,$3,$-4,$-0,$0,$-44,$-0,$328,$328,$-229,$-229,$0,$1,$100,$2,$8,$0
15,2014-12-31,66.11,$23.59,2.8,$24.36,2.71,$6.60,10.02,$3.17,20.85,$0.47B,$0.42B,1.12,$0.56B,$2.27B,0.25,$2.44B,$0.81B,33.07%,$2.44B,$0.51B,21.02%,$2.44B,$0.51B,21.02%,$2.44B,$0.56B,22.91%,$2.44B,$0.51B,20.82%,$2.44B,$0.32B,12.99%,$0.32B,$2.27B,13.37%,$0.32B,$-0.71B,-112.81%,$0.32B,$3.61B,9.49%,$0.51B,$2.82B,18.33%,$651,$428,$223,$0,$68,$509,$141,$-2,$139,$51,$88,$88,$88,$156,$141,$99,100,$0.91,$0.90,$54,$0,$8,$467,$66,$64,$2974,$37,$3141,$3608,$416,$558,$59,$926,$1343,$1,$1377,$0,$2266,$3608,$317,$47,$32,$79,$-57,$0,$0,$10,$26,$423,$-18,$0,$-479,$0,$-6,$-6,$0,$-504,$-0,$541,$541,$-446,$-446,$0,$2,$98,$17,$32,$0
16,2014-09-30,54.82,$24.96,2.2,$23.46,2.34,$6.41,8.55,$3.06,17.92,$0.48B,$0.33B,1.46,$0.44B,$2.51B,0.17,$2.36B,$0.77B,32.85%,$2.36B,$0.50B,21.05%,$2.36B,$0.50B,21.05%,$2.36B,$0.54B,22.79%,$2.36B,$0.49B,20.88%,$2.36B,$0.31B,13.07%,$0.31B,$2.51B,12.89%,$0.31B,$-0.15B,-264.38%,$0.31B,$3.48B,9.65%,$0.50B,$2.94B,18.47%,$627,$416,$210,$0,$61,$488,$138,$-1,$137,$51,$86,$86,$86,$149,$138,$99,100,$0.87,$0.86,$79,$0,$11,$481,$64,$62,$2659,$212,$2997,$3478,$329,$437,$55,$644,$973,$1,$1604,$0,$2505,$3478,$229,$32,$33,$65,$-50,$0,$0,$7,$-50,$244,$-11,$0,$-346,$0,$-5,$-5,$0,$-363,$-0,$261,$260,$-104,$-104,$0,$3,$159,$41,$24,$0
17,2014-06-30,58.15,$24.01,2.42,$22.69,2.56,$6.59,8.82,$2.96,19.65,$0.41B,$0.26B,1.55,$0.32B,$2.41B,0.13,$2.28B,$0.75B,32.92%,$2.28B,$0.48B,21.06%,$2.28B,$0.48B,21.06%,$2.28B,$0.52B,22.85%,$2.28B,$0.48B,20.88%,$2.28B,$0.30B,13.09%,$0.30B,$2.41B,12.88%,$0.30B,$-0.11B,-276.85%,$0.30B,$3.18B,9.75%,$0.48B,$2.73B,18.69%,$596,$395,$201,$0,$61,$466,$130,$-2,$128,$49,$79,$79,$79,$140,$130,$98,100,$0.80,$0.79,$25,$0,$11,$408,$60,$58,$2516,$132,$2767,$3175,$263,$322,$59,$507,$770,$1,$1518,$0,$2405,$3175,$143,$21,$24,$44,$-42,$0,$0,$1,$-103,$84,$-8,$0,$-135,$0,$-2,$-2,$0,$-145,$-0,$152,$151,$-108,$-108,$0,$4,$47,$-13,$16,$0
18,2014-03-31,61.98,$23.19,2.67,$21.96,2.82,$6.80,9.11,$2.86,21.71,$0.40B,$0.22B,1.78,$0.39B,$2.31B,0.17,$2.22B,$0.73B,32.88%,$2.22B,$0.46B,20.93%,$2.22B,$0.46B,20.93%,$2.22B,$0.51B,22.78%,$2.22B,$0.46B,20.79%,$2.22B,$0.29B,13.04%,$0.29B,$2.31B,12.74%,$0.29B,$-0.15B,-288.28%,$0.29B,$3.10B,9.65%,$0.46B,$2.70B,18.72%,$566,$393,$173,$0,$58,$462,$104,$0,$104,$41,$64,$64,$64,$114,$104,$99,101,$0.64,$0.63,$28,$0,$11,$396,$61,$57,$2458,$128,$2703,$3099,$222,$394,$58,$570,$792,$1,$1448,$0,$2307,$3099,$64,$10,$8,$18,$-30,$0,$0,$4,$-132,$-50,$-5,$0,$-69,$0,$-0,$-0,$0,$-74,$-0,$221,$221,$-110,$-110,$0,$1,$113,$-11,$8,$0
19,2013-12-31,53.38,$23.15,2.31,$21.32,2.5,$7.12,7.5,$2.78,19.24,$0.37B,$0.33B,1.13,$0.03B,$2.34B,0.01,$2.15B,$0.71B,32.96%,$2.15B,$0.45B,20.98%,$2.15B,$0.45B,20.98%,$2.15B,$0.49B,22.84%,$2.15B,$0.45B,20.80%,$2.15B,$0.28B,13.00%,$0.28B,$2.34B,12.62%,$0.28B,$-0.05B,-361.29%,$0.28B,$3.01B,9.60%,$0.45B,$2.37B,18.78%,$567,$377,$190,$0,$56,$443,$124,$-1,$123,$44,$79,$79,$79,$134,$124,$99,101,$0.80,$0.79,$38,$0,$8,$368,$60,$58,$2394,$129,$2641,$3009,$327,$27,$61,$339,$666,$1,$1484,$0,$2343,$3009,$281,$40,$51,$91,$-37,$0,$0,$16,$34,$405,$-16,$0,$-238,$0,$-10,$-10,$0,$-263,$-0,$-117,$-117,$-23,$-23,$0,$8,$-132,$10,$31,$0
20,2013-09-30,50.2,$22.23,2.26,$20.45,2.46,$6.38,7.87,$2.66,18.91,$0.37B,$0.27B,1.36,$0.26B,$2.23B,0.12,$2.06B,$0.68B,33.09%,$2.06B,$0.43B,20.94%,$2.06B,$0.43B,20.94%,$2.06B,$0.47B,22.79%,$2.06B,$0.43B,20.75%,$2.06B,$0.27B,12.97%,$0.27B,$2.23B,12.46%,$0.27B,$-0.12B,-274.55%,$0.27B,$2.98B,9.36%,$0.43B,$2.50B,18.04%,$555,$366,$188,$0,$55,$431,$123,$-1,$122,$45,$77,$77,$77,$134,$123,$100,101,$0.77,$0.76,$21,$0,$9,$373,$61,$62,$2354,$130,$2607,$2980,$274,$261,$63,$472,$746,$1,$1405,$0,$2234,$2980,$202,$29,$44,$73,$-25,$0,$0,$15,$-9,$266,$-13,$0,$-194,$0,$-13,$-13,$0,$-219,$-0,$-21,$-21,$-37,$-37,$0,$5,$-52,$-5,$23,$0
21,2013-06-30,45.79,$21.68,2.11,$19.71,2.32,$5.98,7.66,$2.56,17.92,$0.37B,$0.21B,1.73,$0.15B,$2.19B,0.07,$1.98B,$0.66B,33.20%,$1.98B,$0.42B,21.00%,$1.98B,$0.42B,21.00%,$1.98B,$0.45B,22.77%,$1.98B,$0.41B,20.85%,$1.98B,$0.26B,12.96%,$0.26B,$2.19B,12.36%,$0.26B,$-0.08B,-393.85%,$0.26B,$2.89B,9.34%,$0.42B,$2.35B,18.07%,$529,$351,$178,$0,$55,$416,$113,$-1,$112,$43,$69,$69,$69,$123,$113,$99,101,$0.70,$0.68,$20,$0,$10,$368,$61,$60,$2273,$127,$2522,$2889,$213,$154,$57,$483,$696,$1,$1371,$0,$2193,$2889,$125,$19,$32,$51,$-22,$0,$0,$12,$-67,$108,$-9,$0,$-117,$0,$-13,$-13,$0,$-139,$-0,$10,$10,$10,$10,$0,$3,$23,$-8,$15,$0
22,2013-03-31,44.82,$20.99,2.14,$19.02,2.36,$5.79,7.74,$2.48,18.07,$0.40B,$0.19B,2.07,$0.31B,$2.11B,0.15,$1.90B,$0.63B,33.42%,$1.90B,$0.40B,21.19%,$1.90B,$0.40B,21.19%,$1.90B,$0.43B,22.88%,$1.90B,$0.40B,21.03%,$1.90B,$0.25B,13.07%,$0.25B,$2.11B,12.46%,$0.25B,$-0.06B,-840.68%,$0.25B,$2.79B,9.52%,$0.40B,$2.42B,18.22%,$503,$349,$154,$0,$53,$411,$92,$-1,$91,$35,$55,$55,$55,$101,$92,$99,101,$0.56,$0.55,$40,$0,$9,$395,$60,$59,$2165,$114,$2398,$2793,$191,$311,$55,$496,$687,$1,$1302,$0,$2106,$2793,$55,$9,$3,$12,$-16,$0,$0,$10,$-86,$-18,$-4,$0,$-1,$0,$-10,$-10,$0,$-16,$-0,$40,$40,$5,$5,$0,$2,$47,$13,$7,$0
23,2012-12-31,39.76,$20.35,1.95,$18.31,2.17,$5.66,7.02,$2.42,16.43,$0.36B,$0.27B,1.34,$0.26B,$2.04B,0.13,$1.82B,$0.61B,33.74%,$1.82B,$0.39B,21.41%,$1.82B,$0.39B,21.41%,$1.82B,$0.42B,23.12%,$1.82B,$0.39B,21.30%,$1.82B,$0.24B,13.26%,$0.24B,$2.04B,12.60%,$0.24B,$-0.13B,-2921.21%,$0.24B,$2.75B,9.68%,$0.39B,$2.30B,18.77%,$471,$310,$161,$0,$50,$368,$103,$-1,$102,$36,$66,$66,$66,$111,$103,$97,99,$0.67,$0.66,$28,$0,$9,$359,$60,$48,$2166,$118,$2391,$2750,$268,$264,$57,$447,$715,$1,$1247,$0,$2035,$2750,$241,$31,$51,$82,$-18,$0,$0,$10,$2,$325,$-14,$0,$-441,$0,$-5,$-5,$0,$-461,$-0,$113,$112,$29,$29,$0,$-3,$138,$3,$28,$0
24,2012-09-30,37.23,$19.57,1.9,$17.71,2.1,$4.99,7.46,$2.36,15.81,$0.40B,$0.25B,1.65,$0.17B,$1.95B,0.09,$1.75B,$0.59B,33.92%,$1.75B,$0.38B,21.59%,$1.75B,$0.38B,21.59%,$1.75B,$0.41B,23.30%,$1.75B,$0.38B,21.47%,$1.75B,$0.23B,13.31%,$0.23B,$1.95B,12.68%,$0.23B,$0.01B,1150.62%,$0.23B,$2.53B,9.83%,$0.38B,$2.12B,19.51%,$473,$310,$163,$0,$48,$366,$107,$-0,$107,$41,$66,$66,$66,$115,$107,$98,100,$0.68,$0.66,$72,$0,$7,$403,$59,$41,$1940,$91,$2130,$2533,$245,$172,$56,$339,$584,$0,$1181,$0,$1949,$2533,$175,$23,$38,$61,$-20,$0,$0,$19,$-16,$220,$-10,$0,$-202,$24,$-21,$3,$0,$-209,$-0,$19,$19,$19,$19,$0,$-0,$37,$48,$20,$0
25,2012-06-30,34.27,$18.82,1.82,$17.13,2.0,$4.44,7.71,$2.29,14.97,$0.34B,$0.20B,1.73,$0.12B,$1.87B,0.06,$1.69B,$0.58B,34.10%,$1.69B,$0.37B,21.71%,$1.69B,$0.37B,21.71%,$1.69B,$0.39B,23.37%,$1.69B,$0.36B,21.53%,$1.69B,$0.23B,13.35%,$0.23B,$1.87B,12.75%,$0.23B,$0.06B,1764.71%,$0.23B,$2.35B,9.86%,$0.37B,$1.99B,19.64%,$450,$294,$156,$0,$48,$350,$100,$-0,$99,$39,$61,$61,$61,$107,$100,$97,99,$0.63,$0.61,$15,$0,$7,$340,$60,$49,$1808,$90,$2007,$2347,$197,$117,$58,$280,$477,$0,$1115,$0,$1870,$2347,$109,$15,$24,$39,$-11,$0,$0,$9,$-63,$85,$-7,$0,$-65,$11,$-14,$-3,$0,$-75,$-0,$-29,$-29,$14,$14,$0,$-1,$-16,$-6,$13,$0
26,2012-03-31,37.19,$18.29,2.03,$16.63,2.24,$4.24,8.76,$2.26,16.49,$0.36B,$0.17B,2.09,$0.08B,$1.80B,0.05,$1.63B,$0.56B,34.44%,$1.63B,$0.36B,22.04%,$1.63B,$0.36B,22.04%,$1.63B,$0.39B,23.70%,$1.63B,$0.36B,21.85%,$1.63B,$0.22B,13.51%,$0.22B,$1.80B,12.98%,$0.22B,$0.03B,-2444.44%,$0.22B,$2.33B,9.94%,$0.36B,$1.88B,19.86%,$423,$289,$133,$0,$47,$343,$79,$-0,$79,$31,$48,$48,$48,$87,$79,$97,99,$0.50,$0.49,$26,$0,$7,$361,$60,$44,$1771,$89,$1964,$2325,$173,$84,$59,$354,$527,$0,$1054,$0,$1798,$2325,$48,$7,$-4,$3,$-6,$0,$0,$7,$-84,$-32,$-3,$0,$-28,$0,$2,$2,$0,$-29,$-0,$55,$54,$9,$9,$0,$2,$65,$4,$7,$0
27,2011-12-31,36.01,$17.69,2.04,$16.30,2.21,$4.24,8.49,$2.24,16.11,$0.34B,$0.25B,1.33,$0.03B,$1.73B,0.02,$1.59B,$0.55B,34.70%,$1.59B,$0.36B,22.42%,$1.59B,$0.36B,22.42%,$1.59B,$0.38B,23.99%,$1.59B,$0.35B,22.17%,$1.59B,$0.22B,13.66%,$0.22B,$1.73B,13.38%,$0.22B,$-0.02B,-516.67%,$0.22B,$2.27B,10.10%,$0.36B,$1.76B,19.96%,$405,$263,$142,$0,$43,$313,$92,$-0,$91,$33,$58,$58,$58,$99,$92,$95,98,$0.61,$0.59,$23,$0,$8,$337,$61,$45,$1747,$83,$1935,$2273,$254,$29,$55,$287,$542,$0,$1006,$0,$1731,$2273,$218,$25,$36,$62,$-49,$0,$0,$12,$-9,$271,$-31,$0,$-155,$0,$-4,$-4,$0,$-191,$-0,$-119,$-120,$31,$31,$0,$1,$-88,$-8,$27,$0
28,2011-09-30,31.32,$17.00,1.84,$16.03,1.95,$4.19,7.48,$2.20,14.24,$0.33B,$0.22B,1.55,$0.16B,$1.66B,0.1,$1.55B,$0.54B,34.82%,$1.55B,$0.35B,22.57%,$1.55B,$0.35B,22.57%,$1.55B,$0.37B,24.11%,$1.55B,$0.35B,22.31%,$1.55B,$0.21B,13.73%,$0.21B,$1.66B,13.73%,$0.21B,$-0.02B,-278.43%,$0.21B,$2.18B,10.20%,$0.35B,$1.82B,19.81%,$408,$263,$144,$0,$43,$313,$95,$-1,$94,$36,$58,$58,$58,$101,$95,$96,98,$0.61,$0.60,$43,$0,$7,$334,$62,$35,$1683,$66,$1846,$2180,$215,$162,$52,$303,$518,$0,$948,$0,$1662,$2180,$160,$18,$26,$44,$-26,$0,$0,$14,$-23,$181,$-29,$0,$-80,$29,$-26,$3,$0,$-106,$-0,$-97,$-97,$28,$28,$0,$3,$-65,$9,$20,$0
29,2011-06-30,36.1,$16.32,2.21,$15.56,2.32,$4.16,8.67,$2.25,16.04,$0.31B,$0.18B,1.75,$0.17B,$1.59B,0.11,$1.49B,$0.52B,34.87%,$1.49B,$0.34B,22.49%,$1.49B,$0.34B,22.49%,$1.49B,$0.36B,24.16%,$1.49B,$0.33B,22.29%,$1.49B,$0.22B,14.46%,$0.22B,$1.59B,14.60%,$0.22B,$-0.03B,-342.86%,$0.22B,$2.07B,10.83%,$0.34B,$1.76B,20.31%,$393,$252,$142,$0,$43,$300,$93,$-1,$92,$37,$56,$56,$56,$99,$93,$95,97,$0.59,$0.58,$35,$0,$5,$305,$60,$26,$1615,$67,$1767,$2073,$175,$173,$51,$308,$483,$0,$889,$0,$1590,$2073,$101,$12,$18,$30,$-13,$0,$0,$12,$-50,$81,$-23,$0,$-12,$16,$-8,$8,$0,$-27,$-0,$-81,$-81,$23,$23,$0,$1,$-56,$-2,$13,$0
30,2011-03-31,33.31,$15.67,2.13,$15.19,2.19,$4.02,8.28,$2.20,15.17,$0.29B,$0.15B,1.95,$0.28B,$1.51B,0.19,$1.45B,$0.51B,34.83%,$1.45B,$0.33B,22.41%,$1.45B,$0.33B,22.41%,$1.45B,$0.35B,24.07%,$1.45B,$0.32B,22.21%,$1.45B,$0.21B,14.41%,$0.21B,$1.51B,14.86%,$0.21B,$-0.11B,-315.47%,$0.21B,$2.07B,10.91%,$0.33B,$1.79B,20.93%,$382,$259,$123,$0,$42,$307,$76,$-1,$75,$30,$45,$45,$45,$82,$76,$94,97,$0.48,$0.47,$30,$0,$6,$292,$61,$33,$1611,$69,$1774,$2066,$150,$281,$51,$410,$560,$0,$833,$0,$1506,$2066,$45,$6,$8,$14,$-7,$0,$0,$8,$-74,$-14,$-20,$0,$-10,$0,$-3,$-3,$0,$-33,$-0,$30,$30,$6,$6,$0,$0,$36,$-11,$7,$0
31,2010-12-31,33.65,$15.10,2.23,$14.76,2.28,$3.90,8.63,$2.13,15.8,$0.30B,$0.22B,1.34,$0.25B,$1.45B,0.17,$1.40B,$0.49B,34.83%,$1.40B,$0.31B,22.34%,$1.40B,$0.31B,22.34%,$1.40B,$0.34B,23.91%,$1.40B,$0.31B,22.13%,$1.40B,$0.20B,14.42%,$0.20B,$1.45B,15.08%,$0.20B,$-0.15B,-339.50%,$0.20B,$2.04B,11.01%,$0.31B,$1.69B,21.62%,$368,$237,$131,$0,$40,$283,$86,$-1,$85,$32,$54,$54,$54,$92,$86,$93,95,$0.58,$0.56,$44,$0,$5,$296,$43,$27,$1601,$70,$1742,$2038,$221,$246,$49,$369,$590,$0,$788,$0,$1447,$2038,$203,$22,$51,$73,$-17,$0,$0,$2,$-35,$241,$-12,$0,$-339,$0,$-11,$-11,$0,$-362,$-0,$97,$96,$23,$23,$0,$2,$121,$-0,$26,$0
32,2010-09-30,26.65,$14.41,1.85,$14.48,1.84,$3.94,6.77,$2.11,12.66,$0.33B,$0.31B,1.07,$0.00B,$1.37B,0.0,$1.37B,$0.48B,34.92%,$1.37B,$0.31B,22.40%,$1.37B,$0.31B,22.40%,$1.37B,$0.33B,23.94%,$1.37B,$0.30B,22.25%,$1.37B,$0.20B,14.49%,$0.20B,$1.37B,15.53%,$0.20B,$0.03B,-482.93%,$0.20B,$1.80B,11.33%,$0.31B,$1.37B,22.93%,$351,$226,$125,$0,$37,$270,$81,$-0,$81,$20,$61,$61,$61,$88,$81,$94,95,$0.66,$0.65,$76,$0,$6,$334,$44,$29,$1340,$53,$1467,$1801,$311,$0,$50,$116,$428,$0,$734,$0,$1373,$1801,$149,$16,$26,$42,$-10,$0,$0,$9,$-36,$155,$-10,$0,$-64,$12,$-21,$-10,$0,$-84,$-0,$-50,$-50,$10,$10,$0,$4,$-37,$35,$19,$0
33,2010-06-30,27.81,$13.66,2.04,$14.33,1.94,$4.09,6.79,$1.98,14.08,$0.30B,$0.29B,1.05,$0.06B,$1.30B,0.05,$1.35B,$0.47B,35.07%,$1.35B,$0.30B,22.51%,$1.35B,$0.30B,22.51%,$1.35B,$0.32B,23.85%,$1.35B,$0.30B,22.36%,$1.35B,$0.19B,13.74%,$0.19B,$1.30B,15.27%,$0.19B,$-0.04B,-233.44%,$0.19B,$1.76B,10.82%,$0.30B,$1.36B,23.45%,$349,$223,$126,$0,$39,$267,$82,$-1,$81,$32,$49,$49,$49,$87,$82,$93,95,$0.53,$0.52,$37,$0,$5,$299,$45,$24,$1338,$54,$1461,$1760,$285,$58,$52,$174,$459,$0,$673,$0,$1300,$1760,$88,$10,$18,$28,$-15,$0,$0,$11,$-66,$50,$-7,$0,$-59,$4,$-5,$-1,$0,$-67,$-0,$8,$8,$8,$8,$0,$1,$16,$-0,$12,$0
34,2010-03-31,29.1,$13.16,2.21,$14.11,2.06,$4.22,6.89,$1.92,15.15,$0.30B,$0.26B,1.15,$0.13B,$1.24B,0.1,$1.32B,$0.46B,35.00%,$1.32B,$0.30B,22.48%,$1.32B,$0.30B,22.48%,$1.32B,$0.31B,23.77%,$1.32B,$0.29B,22.32%,$1.32B,$0.18B,13.59%,$0.18B,$1.24B,15.56%,$0.18B,$-0.08B,-172.53%,$0.18B,$1.74B,10.74%,$0.30B,$1.37B,23.59%,$333,$226,$106,$0,$38,$269,$64,$-0,$63,$25,$38,$38,$38,$68,$64,$93,95,$0.42,$0.41,$32,$0,$10,$297,$45,$25,$1317,$56,$1443,$1740,$259,$129,$52,$243,$502,$0,$623,$0,$1238,$1740,$38,$5,$4,$9,$-10,$0,$0,$6,$-89,$-42,$-4,$0,$-40,$0,$1,$1,$0,$-43,$-0,$79,$79,$3,$3,$0,$0,$83,$-3,$6,$0
35,2009-12-31,30.06,$12.67,2.37,$13.90,2.16,$4.42,6.81,$1.89,15.94,$0.29B,$0.35B,0.84,$0.05B,$1.19B,0.04,$1.29B,$0.45B,35.09%,$1.29B,$0.29B,22.44%,$1.29B,$0.29B,22.44%,$1.29B,$0.31B,23.76%,$1.29B,$0.29B,22.28%,$1.29B,$0.18B,13.59%,$0.18B,$1.19B,16.02%,$0.18B,$-0.08B,-149.25%,$0.18B,$1.69B,10.86%,$0.29B,$1.24B,23.89%,$333,$213,$120,$0,$37,$254,$79,$-0,$79,$29,$50,$50,$50,$84,$79,$91,93,$0.56,$0.54,$32,$0,$13,$293,$43,$28,$1270,$55,$1397,$1689,$347,$50,$43,$153,$499,$0,$585,$0,$1190,$1689,$176,$16,$32,$48,$-2,$0,$0,$13,$17,$241,$-15,$0,$-151,$0,$3,$3,$0,$-163,$-0,$-90,$-90,$18,$18,$0,$6,$-66,$12,$24,$0
36,2009-09-30,27.46,$12.01,2.29,$13.47,2.04,$3.74,7.35,$1.78,15.47,$0.29B,$0.35B,0.83,$0.09B,$1.12B,0.08,$1.25B,$0.44B,34.72%,$1.25B,$0.28B,21.95%,$1.25B,$0.28B,21.95%,$1.25B,$0.29B,23.22%,$1.25B,$0.27B,21.71%,$1.25B,$0.16B,13.09%,$0.16B,$1.12B,15.83%,$0.16B,$-0.12B,-118.84%,$0.16B,$1.65B,10.49%,$0.28B,$1.20B,23.38%,$331,$211,$120,$0,$38,$253,$78,$-0,$78,$30,$48,$48,$48,$82,$78,$91,93,$0.53,$0.52,$28,$0,$12,$289,$42,$31,$1237,$53,$1364,$1652,$349,$86,$44,$186,$535,$0,$535,$0,$1117,$1652,$125,$12,$16,$28,$-2,$0,$0,$2,$15,$168,$-11,$0,$-103,$0,$-2,$-2,$0,$-116,$-0,$-54,$-54,$7,$7,$0,$1,$-46,$7,$18,$0
37,2009-06-30,21.07,$11.40,1.85,$12.82,1.64,$3.85,5.47,$1.67,12.65,$0.29B,$0.29B,1.01,$0.15B,$1.06B,0.14,$1.19B,$0.41B,34.57%,$1.19B,$0.26B,21.78%,$1.19B,$0.26B,21.78%,$1.19B,$0.27B,23.04%,$1.19B,$0.26B,21.53%,$1.19B,$0.15B,12.87%,$0.15B,$1.06B,15.51%,$0.15B,$-0.14B,-99.67%,$0.15B,$1.58B,10.14%,$0.26B,$1.21B,22.56%,$320,$205,$115,$0,$36,$245,$75,$-0,$74,$31,$43,$43,$43,$79,$75,$91,93,$0.48,$0.47,$31,$0,$16,$293,$42,$27,$1193,$28,$1290,$1583,$290,$152,$35,$237,$527,$0,$487,$0,$1057,$1583,$77,$8,$8,$17,$-1,$0,$0,$-2,$-32,$62,$-8,$0,$-62,$12,$-14,$-2,$0,$-73,$-0,$13,$12,$3,$3,$0,$-1,$15,$4,$11,$0
38,2009-03-31,14.74,$11.01,1.34,$12.06,1.22,$4.19,3.52,$1.59,9.27,$0.30B,$0.26B,1.15,$0.18B,$1.01B,0.18,$1.13B,$0.39B,34.78%,$1.13B,$0.25B,21.92%,$1.13B,$0.25B,21.92%,$1.13B,$0.26B,23.07%,$1.13B,$0.25B,21.74%,$1.13B,$0.15B,13.04%,$0.15B,$1.01B,15.62%,$0.15B,$-0.13B,-115.75%,$0.15B,$1.52B,10.35%,$0.25B,$1.19B,22.90%,$304,$207,$97,$0,$37,$247,$57,$-1,$56,$22,$34,$34,$34,$61,$57,$91,92,$0.38,$0.37,$38,$0,$11,$297,$41,$18,$1139,$28,$1225,$1522,$259,$181,$29,$257,$516,$0,$443,$0,$1006,$1522,$34,$4,$-1,$3,$-3,$0,$0,$2,$-59,$-22,$-4,$0,$-12,$6,$-4,$3,$0,$-13,$-0,$42,$41,$1,$1,$0,$0,$42,$7,$6,$0
39,2008-12-31,15.85,$10.57,1.5,$11.26,1.41,$4.82,3.29,$1.79,8.85,$0.29B,$0.32B,0.9,$0.14B,$0.97B,0.15,$1.07B,$0.38B,35.45%,$1.07B,$0.24B,22.64%,$1.07B,$0.24B,22.64%,$1.07B,$0.25B,23.76%,$1.07B,$0.24B,22.64%,$1.07B,$0.17B,15.81%,$0.17B,$0.97B,18.33%,$0.17B,$-0.16B,-216.67%,$0.17B,$1.50B,12.60%,$0.24B,$1.11B,23.87%,$298,$195,$103,$0,$33,$232,$65,$-1,$64,$25,$39,$39,$39,$69,$65,$92,94,$0.44,$0.43,$35,$0,$11,$285,$39,$16,$1128,$29,$1212,$1497,$317,$140,$28,$215,$532,$0,$409,$0,$965,$1497,$169,$13,$-31,$-18,$-17,$0,$0,$-7,$30,$181,$-16,$0,$-206,$0,$-1,$-1,$0,$-223,$-1,$138,$137,$-188,$-188,$0,$4,$-47,$-88,$21,$0
40,2008-09-30,26.96,$10.08,2.68,$10.61,2.54,$4.87,5.54,$1.79,15.1,$0.25B,$0.27B,0.95,$0.17B,$0.92B,0.19,$1.02B,$0.37B,36.34%,$1.02B,$0.24B,23.60%,$1.02B,$0.24B,23.60%,$1.02B,$0.25B,24.68%,$1.02B,$0.24B,23.80%,$1.02B,$0.17B,16.75%,$0.17B,$0.92B,18.58%,$0.17B,$-0.18B,-1395.92%,$0.17B,$1.44B,13.23%,$0.24B,$1.09B,24.65%,$267,$171,$96,$0,$31,$205,$62,$-1,$62,$24,$37,$37,$37,$65,$62,$90,92,$0.42,$0.41,$37,$0,$9,$252,$37,$15,$1101,$30,$1183,$1435,$266,$171,$34,$250,$516,$0,$370,$0,$919,$1435,$130,$9,$-14,$-5,$-6,$0,$0,$-2,$-12,$113,$53,$0,$-236,$17,$-21,$-4,$0,$-187,$-0,$169,$169,$-190,$-190,$0,$4,$-17,$-91,$15,$0
41,2008-06-30,24.62,$9.60,2.56,$10.04,2.45,$4.01,6.14,$1.78,13.87,$0.25B,$0.22B,1.11,$0.06B,$0.88B,0.07,$0.99B,$0.37B,37.39%,$0.99B,$0.24B,24.42%,$0.99B,$0.24B,24.42%,$0.99B,$0.25B,25.43%,$0.99B,$0.25B,24.82%,$0.99B,$0.17B,17.63%,$0.17B,$0.88B,18.79%,$0.17B,$-0.03B,348.00%,$0.17B,$1.23B,13.99%,$0.24B,$0.93B,25.62%,$258,$161,$96,$0,$31,$195,$63,$0,$63,$25,$38,$38,$37,$65,$63,$93,95,$0.40,$0.39,$37,$0,$10,$246,$35,$11,$905,$30,$981,$1227,$221,$58,$30,$131,$352,$0,$333,$0,$875,$1227,$93,$6,$-16,$-10,$-3,$0,$0,$-8,$-52,$30,$58,$0,$-48,$10,$-9,$2,$0,$12,$-0,$58,$57,$-191,$-191,$0,$4,$-130,$-89,$10,$0
42,2008-03-31,33.7,$9.85,3.42,$9.56,3.52,$3.41,9.87,$1.75,19.31,$0.27B,$0.21B,1.26,$0.00B,$0.93B,0.0,$0.95B,$0.36B,38.03%,$0.95B,$0.24B,24.68%,$0.95B,$0.24B,24.68%,$0.95B,$0.25B,25.84%,$0.95B,$0.24B,25.32%,$0.95B,$0.17B,18.17%,$0.17B,$0.93B,18.37%,$0.17B,$0.06B,178.81%,$0.17B,$1.21B,14.02%,$0.24B,$0.93B,24.94%,$246,$161,$84,$0,$30,$194,$52,$1,$53,$21,$32,$32,$56,$55,$52,$95,98,$0.59,$0.57,$61,$0,$10,$267,$34,$12,$865,$29,$941,$1207,$212,$0,$28,$68,$279,$0,$375,$0,$928,$1207,$56,$3,$-28,$-25,$1,$0,$0,$-9,$-58,$-27,$61,$0,$-7,$0,$2,$2,$0,$56,$-0,$0,$-0,$-94,$-94,$0,$2,$-92,$-63,$5,$0
43,2007-12-31,34.08,$9.90,3.44,$9.17,3.72,$2.75,12.41,$1.43,23.83,$0.36B,$0.27B,1.38,$0.00B,$0.96B,0.0,$0.92B,$0.35B,38.28%,$0.92B,$0.22B,24.10%,$0.92B,$0.22B,24.10%,$0.92B,$0.23B,25.19%,$0.92B,$0.23B,24.75%,$0.92B,$0.14B,15.59%,$0.14B,$0.96B,15.32%,$0.14B,$0.10B,130.59%,$0.14B,$1.30B,11.80%,$0.22B,$0.96B,23.66%,$250,$155,$95,$0,$28,$186,$64,$1,$65,$25,$41,$41,$41,$67,$64,$97,100,$0.43,$0.42,$121,$0,$38,$364,$31,$17,$859,$31,$939,$1303,$265,$0,$38,$79,$344,$0,$402,$0,$959,$1303,$143,$11,$11,$22,$-22,$0,$0,$-5,$24,$189,$-9,$0,$-119,$0,$37,$37,$0,$-91,$-0,$0,$-0,$-73,$-73,$0,$9,$-64,$33,$18,$0
44,2007-09-30,32.71,$9.64,3.39,$8.66,3.78,$2.67,12.25,$1.34,24.5,$0.28B,$0.22B,1.3,$0.00B,$0.94B,0.0,$0.86B,$0.33B,38.19%,$0.86B,$0.20B,23.61%,$0.86B,$0.20B,23.61%,$0.86B,$0.21B,24.65%,$0.86B,$0.21B,24.31%,$0.86B,$0.13B,15.51%,$0.13B,$0.94B,14.72%,$0.13B,$0.07B,123.50%,$0.13B,$1.24B,11.45%,$0.20B,$0.94B,22.41%,$233,$140,$94,$0,$29,$171,$62,$2,$64,$25,$39,$39,$40,$64,$62,$98,101,$0.41,$0.40,$80,$0,$5,$280,$30,$20,$875,$33,$958,$1238,$216,$0,$38,$80,$296,$0,$387,$0,$942,$1238,$101,$8,$11,$19,$-17,$0,$0,$-1,$-21,$99,$-5,$0,$-102,$192,$-169,$23,$0,$-84,$-0,$0,$-0,$-42,$-42,$0,$8,$-34,$-19,$13,$0
45,2007-06-30,27.58,$9.57,2.88,$8.52,3.24,$2.79,9.87,$1.30,21.29,$0.33B,$0.18B,1.9,$0.00B,$0.94B,0.0,$0.85B,$0.32B,38.13%,$0.85B,$0.20B,23.49%,$0.85B,$0.20B,23.49%,$0.85B,$0.21B,24.56%,$0.85B,$0.20B,24.09%,$0.85B,$0.13B,15.23%,$0.13B,$0.94B,14.64%,$0.13B,$0.16B,119.72%,$0.13B,$1.19B,11.50%,$0.20B,$0.94B,22.58%,$223,$135,$89,$0,$29,$166,$57,$2,$59,$23,$36,$36,$36,$60,$57,$97,100,$0.38,$0.36,$151,$0,$5,$332,$30,$18,$782,$28,$857,$1189,$175,$0,$38,$76,$251,$0,$403,$0,$938,$1189,$62,$5,$14,$19,$-7,$0,$0,$0,$-45,$36,$-3,$0,$-13,$0,$40,$40,$0,$24,$-0,$0,$-0,$5,$5,$0,$2,$7,$67,$8,$0
46,2007-03-31,28.53,$9.14,3.12,$8.35,3.42,$3.03,9.41,$1.28,22.38,$0.27B,$0.14B,1.88,$0.00B,$0.90B,0.0,$0.83B,$0.32B,38.04%,$0.83B,$0.20B,23.67%,$0.83B,$0.20B,23.67%,$0.83B,$0.20B,24.64%,$0.83B,$0.20B,24.03%,$0.83B,$0.13B,15.22%,$0.13B,$0.90B,14.96%,$0.13B,$0.11B,162.06%,$0.13B,$1.12B,11.75%,$0.20B,$0.90B,23.26%,$211,$138,$73,$0,$33,$173,$38,$2,$39,$14,$25,$25,$26,$40,$38,$97,100,$0.27,$0.26,$89,$0,$4,$267,$30,$12,$781,$29,$851,$1118,$142,$0,$45,$82,$224,$0,$367,$0,$895,$1118,$26,$2,$5,$7,$-2,$0,$0,$9,$-64,$-31,$-1,$0,$-12,$56,$-14,$43,$0,$29,$-0,$0,$-0,$3,$3,$0,$1,$4,$2,$4,$0
47,2006-12-31,24.45,$8.86,2.76,$8.16,3.0,$3.24,7.55,$1.27,19.33,$0.30B,$0.22B,1.36,$0.00B,$0.87B,0.0,$0.81B,$0.31B,38.39%,$0.81B,$0.20B,24.35%,$0.81B,$0.20B,24.35%,$0.81B,$0.20B,25.34%,$0.81B,$0.20B,24.60%,$0.81B,$0.12B,15.28%,$0.12B,$0.87B,15.25%,$0.12B,$0.10B,240.00%,$0.12B,$1.14B,11.90%,$0.20B,$0.87B,24.00%,$197,$123,$74,$0,$27,$151,$47,$2,$48,$18,$30,$30,$32,$49,$47,$96,99,$0.34,$0.33,$135,$0,$5,$302,$30,$7,$770,$27,$834,$1135,$221,$0,$13,$48,$269,$0,$349,$0,$866,$1135,$124,$9,$17,$26,$-14,$0,$0,$-5,$27,$177,$-7,$0,$-92,$0,$-57,$-57,$0,$-156,$-1,$0,$-1,$30,$30,$0,$8,$37,$58,$20,$0
