,Date,Stock Price,Book Value per Share,Price to Book Ratio,TTM Sales per Share,Price to Sales Ratio,TTM FCF per Share,Price to FCF Ratio,TTM Net EPS,PE Ratio,Current Assets,Current Liabilities,Current Ratio,Long Term Debt,Shareholder's Equity_x,Debt to Equity Ratio,TTM Revenue_x,TTM Gross Profit,Gross Margin,TTM Revenue_y,TTM Operating Income,Operating Margin,TTM Revenue_x,TTM EBIT,EBIT Margin,TTM Revenue_y,TTM EBITDA,EBITDA Margin,TTM Revenue_x,TTM Pre-Tax Income,Pre-Tax Margin,TTM Revenue_y,TTM Net Income_x,Net Margin,TTM Net Income_y,Shareholder's Equity_y,Return on Equity,TTM Net Income_x,Tangible Equity,Return on Tangible Equity,TTM Net Income_y,Total Assets,Return on Assets,TTM Net Income,LT Investments & Debt,Return on Investment,revenue,cost-goods-sold,gross-profit,research-development-expenses,selling-general-administrative-expenses,operating-expenses,operating-income,total-non-operating-income-expense,pre-tax-income,total-provision-income-taxes,income-after-taxes,income-from-continuous-operations,net-income,ebitda,ebit,basic-shares-outstanding,shares-outstanding,eps-basic-net-earnings-per-share,eps-earnings-per-share-diluted,cash-on-hand,inventory,other-current-assets,total-current-assets,net-property-plant-equipment,long-term-investments,goodwill-intangible-assets-total,other-long-term-assets,total-long-term-assets,total-assets,total-current-liabilities,long-term-debt,other-non-current-liabilities,total-long-term-liabilities,total-liabilities,common-stock-net,retained-earnings-accumulated-deficit,comprehensive-income,total-share-holder-equity,total-liabilities-share-holders-equity,net-income-loss,total-depreciation-amortization-cash-flow,other-non-cash-items,total-non-cash-items,change-in-accounts-receivable,change-in-inventories,change-in-accounts-payable,change-in-assets-liabilities,total-change-in-assets-liabilities,cash-flow-from-operating-activities,net-change-in-property-plant-equipment,net-change-in-intangible-assets,net-acquisitions-divestitures,net-change-in-short-term-investments,net-change-in-long-term-investments,net-change-in-investments-total,investing-activities-other,cash-flow-from-investing-activities,net-long-term-debt,net-current-debt,debt-issuance-retirement-net-total,net-common-equity-issued-repurchased,net-total-equity-issued-repurchased,total-common-preferred-stock-dividends-paid,financial-activities-other,cash-flow-from-financial-activities,net-cash-flow,stock-based-compensation,common-stock-dividends-paid
0,2018-09-30,4.15,$-3.09,-1.34,$26.16,0.16,$-1.53,0.0,$2.44,1.7,$0.56B,$0.75B,0.76,$0.99B,$-0.27B,-3.69,$1.49B,$0.48B,32.37%,$1.49B,$0.08B,5.32%,$1.49B,$0.08B,5.32%,$1.49B,$0.14B,9.49%,$1.49B,$0.01B,0.40%,$1.49B,$0.18B,11.84%,$0.18B,$-0.18B,-103.99%,$0.18B,$-1.10B,-16.22%,$0.18B,$1.73B,10.17%,$0.08B,$0.81B,10.07%,$376,$239,$137,$0,$102,$373,$3,$-14,$-11,$3,$-14,$-14,$-18,$49,$3,$57,57,$0.00,$-0.32,$29,$0,$97,$563,$90,$7,$918,$29,$1166,$1730,$745,$988,$111,$1163,$1908,$362,$-383,$-1,$-178,$1730,$-36,$69,$-12,$58,$9,$0,$0,$-12,$-53,$-32,$-15,$0,$-34,$0,$0,$0,$1,$-48,$1224,$-1121,$103,$-1,$-1,$-0,$-43,$59,$-21,$17,$-0
1,2018-06-30,4.6,$-2.67,-1.72,$26.11,0.18,$-1.26,0.0,$3.00,1.53,$0.60B,$0.77B,0.77,$1.00B,$-0.24B,-4.11,$1.49B,$0.47B,31.63%,$1.49B,$0.11B,7.60%,$1.49B,$0.11B,7.60%,$1.49B,$0.14B,9.35%,$1.49B,$0.05B,3.16%,$1.49B,$0.21B,14.00%,$0.21B,$-0.15B,-93.69%,$0.21B,$-1.09B,-18.30%,$0.21B,$1.79B,12.22%,$0.11B,$0.85B,15.75%,$380,$253,$126,$0,$84,$349,$31,$-23,$8,$2,$6,$6,$1,$38,$31,$57,58,$0.02,$0.02,$73,$0,$98,$596,$91,$7,$940,$31,$1193,$1789,$772,$1000,$107,$1169,$1942,$360,$-367,$0,$-153,$1789,$-23,$23,$-10,$13,$19,$0,$0,$-11,$-52,$-62,$-10,$0,$-27,$0,$0,$0,$1,$-36,$898,$-783,$115,$-0,$-0,$-0,$-38,$76,$-21,$11,$-0
2,2018-03-31,7.2,$-3.36,-2.14,$26.56,0.27,$-0.41,0.0,$3.12,2.31,$0.55B,$0.75B,0.74,$0.94B,$-0.28B,-3.37,$1.50B,$0.47B,31.20%,$1.50B,$0.11B,7.21%,$1.50B,$0.11B,7.21%,$1.50B,$0.14B,9.55%,$1.50B,$0.06B,3.74%,$1.50B,$0.22B,14.36%,$0.22B,$-0.19B,-75.84%,$0.22B,$-1.09B,-17.98%,$0.22B,$1.70B,12.90%,$0.11B,$0.75B,17.06%,$327,$243,$84,$0,$84,$342,$-15,$-22,$-37,$-8,$-29,$-29,$-31,$1,$-15,$56,56,$-0.56,$-0.56,$34,$0,$94,$553,$85,$6,$899,$31,$1148,$1701,$749,$943,$138,$1142,$1891,$353,$-371,$1,$-190,$1701,$-29,$16,$-4,$11,$12,$0,$0,$20,$-44,$-61,$-4,$0,$0,$0,$0,$0,$-0,$-4,$59,$0,$59,$-0,$-0,$-0,$-11,$48,$-17,$5,$-0
3,2017-12-31,9.75,$-2.76,-3.53,$27.27,0.36,$-0.07,0.0,$3.47,2.81,$0.54B,$0.78B,0.7,$0.88B,$-0.25B,-3.59,$1.52B,$0.49B,32.34%,$1.52B,$0.13B,8.65%,$1.52B,$0.13B,8.65%,$1.52B,$0.17B,11.42%,$1.52B,$0.09B,5.74%,$1.52B,$0.24B,15.51%,$0.24B,$-0.16B,-69.07%,$0.24B,$-1.06B,-18.66%,$0.24B,$1.70B,14.26%,$0.13B,$0.73B,23.30%,$403,$269,$134,$0,$59,$343,$60,$-14,$46,$-186,$231,$231,$224,$53,$60,$55,55,$3.54,$3.54,$51,$0,$58,$543,$90,$6,$907,$38,$1156,$1699,$776,$883,$126,$1079,$1854,$352,$-340,$-2,$-156,$1699,$257,$42,$-170,$-128,$-50,$0,$0,$23,$-14,$115,$-22,$0,$0,$0,$0,$0,$1,$-21,$95,$-54,$40,$-2,$-7,$-0,$-109,$-75,$18,$24,$-0
4,2017-09-30,11.0,$-6.91,-1.59,$27.62,0.4,$-2.33,0.0,$0.32,34.38,$0.53B,$0.75B,0.71,$0.93B,$-0.48B,-1.94,$1.50B,$0.49B,32.36%,$1.50B,$0.10B,6.52%,$1.50B,$0.10B,6.52%,$1.50B,$0.12B,8.06%,$1.50B,$0.04B,2.80%,$1.50B,$0.02B,1.33%,$0.02B,$-0.39B,-4.67%,$0.02B,$-1.30B,-1.48%,$0.02B,$1.62B,1.24%,$0.10B,$0.54B,20.11%,$376,$249,$126,$0,$78,$339,$37,$-8,$30,$9,$21,$22,$14,$47,$37,$58,58,$0.25,$0.24,$24,$0,$70,$533,$91,$6,$914,$35,$1085,$1618,$753,$931,$143,$1254,$2007,$351,$-563,$-6,$-389,$1618,$26,$48,$-32,$17,$-55,$0,$0,$29,$-57,$-14,$-17,$0,$0,$0,$0,$0,$-2,$-20,$1087,$-1094,$-6,$-1,$89,$-0,$-58,$25,$-9,$17,$-0
5,2017-06-30,9.9,$-7.09,-1.4,$27.81,0.36,$-2.95,0.0,$-0.56,0.0,$0.55B,$0.82B,0.68,$0.91B,$-0.49B,-1.86,$1.48B,$0.47B,32.14%,$1.48B,$0.05B,3.39%,$1.48B,$0.05B,3.39%,$1.48B,$0.12B,7.86%,$1.48B,$-0.02B,-1.42%,$1.48B,$-0.03B,-1.76%,$-0.03B,$-0.40B,5.66%,$-0.03B,$-1.33B,1.86%,$-0.03B,$1.65B,-1.60%,$0.05B,$0.51B,10.83%,$391,$268,$123,$0,$86,$364,$26,$-9,$17,$5,$13,$13,$8,$42,$26,$55,56,$0.14,$0.14,$26,$0,$70,$552,$88,$5,$930,$36,$1099,$1650,$815,$909,$146,$1234,$2049,$349,$-581,$-2,$-399,$1650,$4,$39,$-16,$23,$-68,$0,$0,$27,$-28,$-1,$-21,$0,$0,$0,$0,$0,$-2,$-23,$764,$-792,$-28,$-1,$90,$-0,$-45,$17,$-8,$10,$-0
6,2017-03-31,9.4,$-7.82,-1.2,$27.44,0.34,$-4.99,0.0,$-0.68,0.0,$0.53B,$0.81B,0.66,$0.89B,$-0.51B,-1.75,$1.42B,$0.46B,32.30%,$1.42B,$0.05B,3.38%,$1.42B,$0.05B,3.38%,$1.42B,$0.11B,7.74%,$1.42B,$-0.03B,-2.18%,$1.42B,$-0.03B,-2.32%,$-0.03B,$-0.42B,6.73%,$-0.03B,$-1.34B,2.31%,$-0.03B,$1.63B,-2.04%,$0.05B,$0.47B,10.66%,$345,$238,$107,$0,$88,$336,$8,$-14,$-6,$4,$-10,$-10,$-11,$31,$8,$53,53,$-0.21,$-0.21,$29,$0,$76,$532,$82,$5,$927,$39,$1094,$1627,$812,$887,$178,$1231,$2044,$323,$-585,$-2,$-417,$1627,$-10,$23,$-3,$21,$-40,$0,$0,$7,$-44,$-33,$-9,$0,$0,$0,$0,$0,$-2,$-11,$-50,$0,$-50,$-0,$94,$-0,$-5,$40,$-5,$5,$-0
7,2016-12-31,6.55,$-9.65,-0.68,$27.12,0.24,$-6.75,0.0,$-0.94,0.0,$0.49B,$0.80B,0.61,$0.94B,$-0.51B,-1.84,$1.39B,$0.45B,32.49%,$1.39B,$0.05B,3.54%,$1.39B,$0.05B,3.54%,$1.39B,$0.11B,8.09%,$1.39B,$-0.05B,-3.61%,$1.39B,$-0.05B,-3.25%,$-0.05B,$-0.51B,8.70%,$-0.05B,$-1.44B,3.08%,$-0.05B,$1.58B,-2.81%,$0.05B,$0.43B,11.52%,$390,$260,$130,$0,$72,$364,$27,$-26,$1,$-10,$11,$11,$9,$1,$27,$51,51,$0.18,$0.18,$33,$0,$68,$490,$78,$5,$930,$33,$1088,$1577,$803,$936,$177,$1284,$2087,$320,$-582,$-2,$-509,$1577,$-41,$64,$92,$155,$-17,$0,$0,$11,$-116,$-1,$-29,$0,$3,$0,$0,$0,$1,$-25,$164,$28,$192,$-3,$-3,$-33,$-165,$-9,$-34,$21,$-33
8,2016-09-30,10.72,$-9.71,-1.1,$26.71,0.4,$-3.23,0.0,$-1.61,0.0,$0.54B,$0.86B,0.63,$0.95B,$-0.51B,-1.86,$1.35B,$0.45B,33.09%,$1.35B,$0.02B,1.55%,$1.35B,$0.02B,1.55%,$1.35B,$0.17B,12.26%,$1.35B,$-0.07B,-5.17%,$1.35B,$-0.08B,-5.76%,$-0.08B,$-0.51B,15.24%,$-0.08B,$-1.47B,5.35%,$-0.08B,$1.64B,-4.87%,$0.02B,$0.44B,5.54%,$349,$236,$114,$0,$83,$360,$-11,$-22,$-33,$-2,$-31,$-31,$-32,$42,$-11,$52,52,$-0.62,$-0.62,$27,$0,$94,$541,$74,$5,$961,$39,$1101,$1642,$860,$951,$176,$1294,$2154,$318,$-583,$-3,$-512,$1642,$-52,$90,$31,$121,$-48,$0,$0,$15,$-111,$-41,$-20,$0,$3,$0,$0,$0,$2,$-15,$1491,$-1282,$208,$-3,$-3,$-33,$-158,$15,$-40,$15,$-33
9,2016-06-30,18.01,$-10.38,-1.74,$26.61,0.68,$-2.62,0.0,$-1.15,0.0,$0.55B,$0.81B,0.67,$0.99B,$-0.52B,-1.89,$1.33B,$0.45B,33.68%,$1.33B,$0.06B,4.20%,$1.33B,$0.06B,4.20%,$1.33B,$0.17B,12.53%,$1.33B,$-0.04B,-3.30%,$1.33B,$-0.06B,-4.13%,$-0.06B,$-0.52B,11.09%,$-0.06B,$-1.46B,3.82%,$-0.06B,$1.62B,-3.45%,$0.06B,$0.47B,15.38%,$337,$229,$108,$0,$73,$313,$24,$-17,$7,$5,$2,$2,$1,$36,$24,$50,51,$0.02,$0.02,$21,$0,$103,$546,$67,$6,$938,$39,$1070,$1616,$814,$987,$174,$1325,$2139,$278,$-549,$-6,$-523,$1616,$-21,$37,$25,$62,$-60,$0,$0,$18,$-152,$-110,$-13,$0,$-2,$0,$0,$0,$-1,$-17,$1064,$-819,$245,$-2,$-2,$-22,$-140,$81,$-45,$10,$-22
10,2016-03-31,22.95,$-10.45,-2.2,$26.64,0.86,$0.98,23.32,$-0.58,0.0,$0.49B,$0.77B,0.64,$0.90B,$-0.53B,-1.71,$1.33B,$0.45B,33.98%,$1.33B,$0.08B,5.70%,$1.33B,$0.08B,5.70%,$1.33B,$0.18B,13.28%,$1.33B,$-0.02B,-1.13%,$1.33B,$-0.03B,-1.95%,$-0.03B,$-0.53B,5.53%,$-0.03B,$-1.47B,1.83%,$-0.03B,$1.57B,-1.57%,$0.08B,$0.37B,23.19%,$309,$211,$98,$0,$78,$300,$9,$-33,$-25,$-2,$-23,$-22,$-23,$33,$9,$50,50,$-0.47,$-0.47,$27,$0,$72,$492,$65,$7,$945,$43,$1080,$1572,$766,$897,$268,$1331,$2097,$275,$-550,$-4,$-525,$1572,$-22,$25,$13,$38,$-32,$0,$0,$26,$-138,$-122,$-6,$0,$-2,$0,$0,$0,$-1,$-8,$165,$-10,$155,$-1,$-1,$-11,$-51,$92,$-40,$5,$-11
11,2015-12-31,20.91,$-9.74,-2.15,$26.53,0.79,$1.15,18.26,$-0.76,0.0,$0.49B,$0.91B,0.54,$0.73B,$-0.49B,-1.5,$1.33B,$0.45B,33.71%,$1.33B,$0.07B,5.43%,$1.33B,$0.07B,5.43%,$1.33B,$0.17B,12.52%,$1.33B,$-0.02B,-1.36%,$1.33B,$-0.04B,-2.64%,$-0.04B,$-0.49B,7.97%,$-0.04B,$-1.43B,2.54%,$-0.04B,$1.58B,-2.09%,$0.07B,$0.24B,22.10%,$359,$231,$128,$0,$116,$360,$-1,$-18,$-19,$4,$-23,$-23,$-24,$55,$-1,$50,50,$-0.49,$-0.48,$67,$0,$67,$494,$64,$6,$943,$41,$1083,$1578,$912,$728,$262,$1152,$2065,$270,$-527,$6,$-487,$1578,$-26,$93,$50,$143,$-5,$0,$0,$-26,$44,$161,$-15,$0,$-25,$0,$0,$0,$10,$-30,$-1,$0,$-1,$-2,$-2,$-42,$-143,$-189,$-52,$18,$-42
12,2015-09-30,17.56,$-8.97,-1.96,$26.19,0.67,$0.25,69.82,$-0.78,0.0,$0.53B,$0.85B,0.62,$0.83B,$-0.45B,-1.85,$1.31B,$0.44B,33.36%,$1.31B,$0.10B,7.57%,$1.31B,$0.10B,7.57%,$1.31B,$0.14B,10.41%,$1.31B,$0.00B,0.23%,$1.31B,$-0.04B,-2.91%,$-0.04B,$-0.45B,9.39%,$-0.04B,$-1.39B,2.83%,$-0.04B,$1.62B,-2.25%,$0.10B,$0.38B,27.20%,$328,$213,$115,$0,$79,$305,$24,$-30,$-7,$-1,$-5,$-5,$-9,$43,$24,$50,50,$-0.17,$-0.17,$21,$0,$87,$527,$62,$11,$945,$50,$1090,$1617,$854,$827,$230,$1211,$2065,$270,$-501,$6,$-448,$1617,$-4,$37,$45,$82,$-63,$0,$0,$-26,$-89,$-10,$-18,$0,$-21,$0,$0,$0,$13,$-26,$-0,$85,$85,$-2,$-2,$-32,$-115,$-64,$-98,$13,$-32
13,2015-06-30,18.57,$-8.47,-2.19,$25.85,0.72,$1.15,16.1,$-0.70,0.0,$0.74B,$1.14B,0.65,$0.74B,$-0.42B,-1.76,$1.29B,$0.43B,33.00%,$1.29B,$0.10B,7.45%,$1.29B,$0.10B,7.45%,$1.29B,$0.13B,10.09%,$1.29B,$0.01B,0.62%,$1.29B,$-0.03B,-2.64%,$-0.03B,$-0.42B,9.42%,$-0.03B,$-1.38B,2.59%,$-0.03B,$1.85B,-1.99%,$0.10B,$0.32B,24.81%,$337,$225,$112,$0,$53,$292,$44,$-9,$36,$5,$31,$31,$30,$46,$44,$50,50,$0.60,$0.59,$241,$0,$88,$742,$59,$10,$962,$55,$1106,$1849,$1137,$742,$160,$1134,$2271,$269,$-492,$-2,$-422,$1849,$3,$18,$30,$48,$-58,$0,$0,$-3,$18,$68,$-9,$0,$-21,$0,$0,$0,$13,$-18,$-0,$0,$-0,$-1,$-1,$-21,$-106,$-129,$-78,$10,$-21
14,2015-03-31,26.46,$-8.00,-3.31,$25.13,1.05,$0.39,67.7,$-0.96,0.0,$0.57B,$0.85B,0.67,$0.76B,$-0.40B,-1.91,$1.25B,$0.42B,33.84%,$1.25B,$0.08B,6.48%,$1.25B,$0.08B,6.48%,$1.25B,$0.13B,10.24%,$1.25B,$-0.01B,-0.40%,$1.25B,$-0.05B,-3.84%,$-0.05B,$-0.40B,15.08%,$-0.05B,$-1.32B,3.79%,$-0.05B,$1.64B,-2.87%,$0.08B,$0.36B,18.84%,$302,$210,$92,$0,$74,$297,$5,$-33,$-28,$-4,$-24,$-23,$-32,$22,$5,$50,50,$-0.65,$-0.65,$18,$0,$95,$566,$60,$9,$916,$66,$1074,$1640,$850,$762,$146,$1189,$2039,$269,$-522,$-0,$-399,$1640,$-30,$17,$21,$38,$-98,$0,$0,$13,$-122,$-114,$-6,$0,$-1,$0,$0,$0,$-2,$-9,$-0,$20,$19,$-1,$-1,$-11,$18,$26,$-96,$4,$-11
15,2014-12-31,21.04,$-7.02,-3.0,$24.63,0.85,$1.94,10.84,$-0.49,0.0,$0.55B,$0.82B,0.67,$0.74B,$-0.35B,-2.13,$1.22B,$0.42B,34.67%,$1.22B,$0.09B,7.20%,$1.22B,$0.09B,7.20%,$1.22B,$0.14B,11.20%,$1.22B,$0.02B,1.23%,$1.22B,$-0.03B,-2.04%,$-0.03B,$-0.35B,8.90%,$-0.03B,$-1.29B,2.02%,$-0.03B,$1.65B,-1.51%,$0.09B,$0.39B,19.51%,$340,$223,$117,$0,$76,$314,$26,$-24,$2,$10,$-8,$-6,$-27,$25,$26,$50,50,$-0.54,$-0.53,$120,$0,$77,$552,$60,$6,$937,$74,$1097,$1649,$822,$743,$160,$1176,$1997,$266,$-490,$-8,$-349,$1649,$-17,$49,$72,$122,$-36,$0,$0,$8,$23,$128,$-26,$0,$-68,$0,$0,$0,$-5,$-100,$-0,$0,$-0,$-5,$-5,$-38,$28,$-15,$11,$18,$-38
16,2014-09-30,17.6,$-5.49,-3.21,$22.45,0.78,$0.81,21.84,$-1.94,0.0,$0.57B,$0.83B,0.69,$0.74B,$-0.27B,-2.73,$1.10B,$0.38B,34.33%,$1.10B,$-0.01B,-1.09%,$1.10B,$-0.01B,-1.09%,$1.10B,$0.08B,6.97%,$1.10B,$-0.08B,-6.97%,$1.10B,$-0.09B,-8.33%,$-0.09B,$-0.27B,34.98%,$-0.09B,$-1.27B,7.76%,$-0.09B,$1.71B,-5.76%,$-0.01B,$0.47B,-2.67%,$309,$206,$104,$0,$71,$288,$21,$-24,$-2,$-0,$-2,$-2,$-5,$37,$21,$50,50,$-0.10,$-0.10,$49,$0,$133,$569,$61,$0,$994,$62,$1139,$1707,$825,$743,$159,$1155,$1980,$266,$-463,$2,$-273,$1707,$7,$50,$12,$61,$-55,$0,$0,$7,$-34,$35,$-19,$0,$-58,$0,$0,$0,$-3,$-79,$79,$0,$79,$-5,$-5,$-28,$-61,$-16,$-60,$12,$-28
17,2014-06-30,19.53,$-5.08,-3.84,$22.33,0.87,$2.41,8.11,$-2.52,0.0,$0.59B,$0.82B,0.72,$0.74B,$-0.25B,-2.95,$1.08B,$0.37B,34.50%,$1.08B,$-0.03B,-2.95%,$1.08B,$-0.03B,-2.95%,$1.08B,$0.05B,4.89%,$1.08B,$-0.08B,-7.66%,$1.08B,$-0.11B,-9.96%,$-0.11B,$-0.25B,45.09%,$-0.11B,$-1.20B,9.78%,$-0.11B,$1.69B,-7.15%,$-0.03B,$0.49B,-7.53%,$299,$189,$110,$0,$71,$270,$29,$-6,$23,$3,$19,$20,$16,$44,$29,$50,50,$0.33,$0.32,$72,$0,$124,$590,$51,$0,$951,$71,$1095,$1685,$819,$744,$144,$1118,$1937,$266,$-458,$-1,$-252,$1685,$11,$34,$1,$36,$-84,$0,$0,$7,$-20,$26,$-6,$0,$-42,$0,$0,$0,$-11,$-58,$79,$0,$79,$-4,$-4,$-19,$-60,$-4,$-36,$9,$-19
18,2014-03-31,20.58,$-5.05,-4.07,$21.99,0.94,$2.87,7.17,$-2.66,0.0,$0.49B,$0.71B,0.69,$0.70B,$-0.25B,-2.79,$1.07B,$0.36B,33.77%,$1.07B,$-0.03B,-3.17%,$1.07B,$-0.03B,-3.17%,$1.07B,$0.05B,4.57%,$1.07B,$-0.09B,-8.58%,$1.07B,$-0.11B,-10.63%,$-0.11B,$-0.25B,53.58%,$-0.11B,$-1.20B,11.04%,$-0.11B,$1.57B,-7.93%,$-0.03B,$0.45B,-8.44%,$275,$181,$93,$0,$71,$263,$12,$-19,$-8,$-0,$-7,$-7,$-9,$31,$12,$49,49,$-0.18,$-0.18,$17,$0,$104,$487,$51,$0,$947,$63,$1083,$1570,$706,$697,$198,$1115,$1820,$265,$-474,$1,$-250,$1570,$-7,$19,$-2,$17,$-55,$0,$0,$14,$-49,$-39,$-2,$0,$-40,$0,$0,$0,$-2,$-45,$-0,$32,$32,$-3,$-3,$-10,$-20,$-0,$-85,$4,$-10
19,2013-12-31,22.82,$-5.63,-4.05,$22.09,1.03,$2.95,7.73,$-3.40,0.0,$0.50B,$0.69B,0.73,$0.67B,$-0.28B,-2.4,$1.06B,$0.36B,33.58%,$1.06B,$-0.04B,-3.29%,$1.06B,$-0.04B,-3.29%,$1.06B,$0.05B,4.33%,$1.06B,$-0.14B,-12.98%,$1.06B,$-0.15B,-13.92%,$-0.15B,$-0.28B,80.76%,$-0.15B,$-1.08B,15.40%,$-0.15B,$1.43B,-10.57%,$-0.04B,$0.39B,-8.84%,$221,$148,$72,$0,$139,$295,$-74,$-16,$-90,$4,$-94,$-94,$-94,$-35,$-74,$47,47,$-2.00,$-1.98,$102,$0,$89,$501,$52,$0,$801,$51,$925,$1425,$690,$665,$135,$1012,$1702,$263,$-466,$-1,$-277,$1425,$-142,$80,$70,$150,$16,$0,$0,$5,$51,$59,$-17,$0,$-12,$0,$0,$0,$-2,$-30,$238,$-50,$188,$-14,$-14,$-22,$-142,$10,$42,$22,$-22
20,2013-09-30,16.56,$-3.79,-4.37,$21.71,0.76,$3.34,4.95,$-1.93,0.0,$0.49B,$0.70B,0.7,$0.55B,$-0.18B,-3.08,$1.04B,$0.36B,34.52%,$1.04B,$0.03B,2.98%,$1.04B,$0.03B,2.98%,$1.04B,$0.11B,10.96%,$1.04B,$-0.07B,-6.44%,$1.04B,$-0.08B,-7.60%,$-0.08B,$-0.18B,58.41%,$-0.08B,$-0.94B,8.70%,$-0.08B,$1.37B,-5.73%,$0.03B,$0.37B,8.05%,$289,$189,$99,$0,$89,$287,$1,$-9,$-8,$4,$-12,$-12,$-21,$13,$1,$47,47,$-0.45,$-0.45,$63,$0,$92,$488,$52,$0,$762,$45,$878,$1366,$699,$550,$103,$846,$1544,$255,$-371,$-8,$-179,$1366,$-50,$41,$71,$112,$-5,$0,$0,$10,$44,$105,$-14,$0,$-1,$0,$0,$0,$1,$-13,$124,$-50,$73,$-5,$-5,$-14,$-143,$-89,$3,$37,$-14
21,2013-06-30,10.6,$-3.08,-3.44,$21.30,0.5,$1.44,7.37,$-1.72,0.0,$0.50B,$0.70B,0.71,$0.55B,$-0.15B,-3.8,$1.02B,$0.35B,34.12%,$1.02B,$0.03B,3.15%,$1.02B,$0.03B,3.15%,$1.02B,$0.13B,12.68%,$1.02B,$-0.07B,-6.78%,$1.02B,$-0.07B,-7.08%,$-0.07B,$-0.15B,75.39%,$-0.07B,$-0.92B,8.21%,$-0.07B,$1.39B,-5.23%,$0.03B,$0.41B,7.91%,$287,$190,$98,$0,$61,$260,$27,$-13,$14,$2,$13,$13,$10,$40,$27,$47,51,$0.21,$0.19,$77,$0,$80,$495,$53,$1,$771,$47,$894,$1389,$700,$551,$102,$835,$1535,$256,$-350,$-9,$-145,$1389,$-31,$30,$30,$59,$-12,$0,$0,$3,$26,$54,$-9,$0,$-1,$0,$0,$0,$1,$-9,$124,$-50,$74,$-4,$-4,$-9,$-89,$-28,$17,$9,$-9
22,2013-03-31,9.36,$-2.80,-3.34,$21.59,0.43,$0.22,42.7,$-2.35,0.0,$0.52B,$0.69B,0.76,$0.55B,$-0.13B,-4.18,$1.00B,$0.34B,33.37%,$1.00B,$0.00B,0.30%,$1.00B,$0.00B,0.30%,$1.00B,$0.11B,10.46%,$1.00B,$-0.10B,-9.56%,$1.00B,$-0.10B,-10.16%,$-0.10B,$-0.13B,161.90%,$-0.10B,$-0.91B,11.97%,$-0.10B,$1.42B,-7.41%,$0.00B,$0.42B,0.72%,$266,$178,$88,$0,$67,$255,$11,$-65,$-54,$-14,$-40,$-40,$-43,$28,$11,$47,47,$-0.92,$-0.92,$71,$0,$83,$521,$51,$0,$777,$45,$897,$1419,$687,$551,$139,$863,$1550,$256,$-360,$-8,$-132,$1419,$-42,$17,$40,$57,$-41,$0,$0,$7,$-48,$-33,$-3,$0,$0,$0,$0,$0,$2,$-1,$124,$-56,$68,$-3,$-3,$-0,$-20,$45,$11,$5,$-0
23,2012-12-31,6.54,$-1.82,-3.59,$21.16,0.31,$1.15,5.68,$-2.02,0.0,$0.46B,$0.69B,0.67,$0.43B,$-0.09B,-5.07,$0.97B,$0.31B,31.45%,$0.97B,$-0.02B,-1.95%,$0.97B,$-0.02B,-1.95%,$0.97B,$0.08B,8.12%,$0.97B,$-0.07B,-6.68%,$0.97B,$-0.09B,-8.74%,$-0.09B,$-0.09B,267.72%,$-0.09B,$-0.87B,10.25%,$-0.09B,$1.35B,-6.26%,$-0.02B,$0.35B,-4.71%,$198,$125,$74,$0,$75,$206,$-8,$-11,$-19,$4,$-22,$-22,$-25,$33,$-8,$46,46,$-0.52,$-0.52,$60,$0,$76,$462,$53,$0,$783,$37,$883,$1345,$689,$430,$140,$741,$1430,$254,$-317,$-7,$-85,$1345,$-79,$98,$38,$136,$-29,$0,$0,$-18,$19,$76,$-16,$0,$31,$0,$0,$0,$-7,$8,$84,$-38,$46,$-3,$-3,$-22,$-53,$-32,$52,$32,$-22
24,2012-09-30,6.95,$-0.44,-15.93,$22.48,0.31,$-0.58,0.0,$-2.80,0.0,$0.46B,$0.61B,0.75,$0.47B,$-0.02B,-23.14,$1.02B,$0.30B,29.71%,$1.02B,$-0.02B,-1.47%,$1.02B,$-0.02B,-1.47%,$1.02B,$0.07B,6.37%,$1.02B,$-0.06B,-5.88%,$1.02B,$-0.12B,-11.57%,$-0.12B,$-0.02B,858.18%,$-0.12B,$-0.81B,15.10%,$-0.12B,$1.35B,-9.18%,$-0.02B,$0.45B,-3.66%,$266,$179,$87,$0,$72,$264,$2,$-12,$-10,$2,$-12,$-12,$-14,$28,$2,$47,47,$-0.31,$-0.31,$73,$0,$70,$457,$52,$0,$794,$34,$895,$1352,$611,$470,$136,$761,$1372,$254,$-292,$-1,$-20,$1352,$-56,$58,$35,$93,$-17,$0,$0,$-18,$-21,$16,$-14,$0,$31,$0,$0,$0,$-3,$14,$-0,$116,$115,$-3,$-3,$-13,$-64,$35,$65,$26,$-13
25,2012-06-30,6.39,$-0.31,-20.3,$22.16,0.29,$-1.15,0.0,$-2.78,0.0,$0.49B,$0.65B,0.76,$0.47B,$-0.02B,-32.11,$0.99B,$0.28B,28.08%,$0.99B,$-0.02B,-2.02%,$0.99B,$-0.02B,-2.02%,$0.99B,$0.05B,4.65%,$0.99B,$-0.07B,-6.77%,$0.99B,$-0.12B,-12.53%,$-0.12B,$-0.02B,-2254.55%,$-0.12B,$-0.82B,17.15%,$-0.12B,$1.39B,-10.35%,$-0.02B,$0.46B,-4.88%,$274,$188,$86,$0,$74,$275,$-2,$-12,$-13,$3,$-16,$-16,$-20,$16,$-2,$46,46,$-0.43,$-0.43,$72,$0,$87,$493,$52,$0,$802,$31,$900,$1393,$651,$470,$131,$757,$1408,$254,$-278,$-4,$-15,$1393,$-43,$31,$26,$57,$-36,$0,$0,$-3,$-21,$-7,$-10,$0,$37,$0,$0,$0,$-1,$26,$-0,$113,$113,$-3,$-3,$-13,$-52,$44,$64,$21,$-13
26,2012-03-31,6.09,$-0.14,-42.19,$21.17,0.29,$-1.51,0.0,$-2.32,0.0,$0.43B,$0.63B,0.68,$0.37B,$-0.01B,-56.85,$0.95B,$0.27B,28.20%,$0.95B,$-0.00B,-0.31%,$0.95B,$-0.00B,-0.31%,$0.95B,$0.06B,5.97%,$0.95B,$-0.05B,-5.14%,$0.95B,$-0.10B,-10.80%,$-0.10B,$-0.01B,-340.50%,$-0.10B,$-0.82B,15.86%,$-0.10B,$1.34B,-9.46%,$-0.00B,$0.36B,-0.73%,$235,$176,$59,$0,$60,$246,$-11,$-12,$-23,$1,$-24,$-24,$-26,$2,$-11,$45,45,$-0.59,$-0.59,$36,$0,$71,$426,$52,$0,$812,$32,$912,$1339,$628,$370,$187,$718,$1345,$239,$-258,$-3,$-7,$1339,$-25,$13,$7,$20,$-18,$0,$0,$20,$17,$13,$-5,$0,$39,$0,$0,$0,$-1,$33,$-0,$-7,$-7,$-2,$-2,$-5,$-4,$-18,$28,$6,$-5
27,2011-12-31,7.33,$-0.29,-24.87,$21.01,0.35,$-2.66,0.0,$-1.94,0.0,$0.30B,$0.43B,0.7,$0.38B,$-0.01B,-29.67,$0.93B,$0.27B,28.59%,$0.93B,$0.01B,1.18%,$0.93B,$0.01B,1.18%,$0.93B,$0.07B,7.07%,$0.93B,$-0.03B,-3.53%,$0.93B,$-0.09B,-9.21%,$-0.09B,$-0.01B,-157.08%,$-0.09B,$-0.68B,14.96%,$-0.09B,$1.06B,-8.62%,$0.01B,$0.37B,2.56%,$245,$174,$71,$0,$65,$249,$-4,$-10,$-14,$41,$-55,$-55,$-58,$19,$-4,$44,44,$-1.32,$-1.31,$8,$0,$52,$298,$48,$0,$663,$31,$757,$1056,$426,$384,$100,$642,$1069,$229,$-231,$-5,$-13,$1056,$-76,$55,$64,$119,$-11,$0,$0,$-18,$-38,$5,$-23,$0,$-7,$0,$0,$0,$-0,$-30,$60,$32,$92,$-3,$-3,$-16,$-50,$23,$-3,$24,$-16
28,2011-09-30,7.75,$1.29,6.0,$20.23,0.38,$-1.61,0.0,$-0.39,0.0,$0.28B,$0.35B,0.78,$0.39B,$0.06B,6.97,$0.89B,$0.26B,29.56%,$0.89B,$0.04B,4.37%,$0.89B,$0.04B,4.37%,$0.89B,$0.08B,8.96%,$0.89B,$-0.00B,-0.34%,$0.89B,$-0.02B,-1.90%,$-0.02B,$0.06B,-20.99%,$-0.02B,$-0.58B,3.22%,$-0.02B,$1.01B,-1.77%,$0.04B,$0.45B,9.04%,$236,$174,$62,$0,$55,$239,$-3,$-14,$-17,$-0,$-17,$-17,$-20,$9,$-3,$44,44,$-0.45,$-0.45,$7,$0,$52,$276,$47,$0,$636,$25,$729,$1005,$354,$394,$87,$595,$949,$229,$-174,$-6,$57,$1005,$-20,$33,$20,$53,$-13,$0,$0,$-15,$-38,$-6,$-18,$0,$-22,$0,$0,$0,$1,$-38,$60,$40,$100,$-2,$-2,$-13,$-45,$41,$-4,$18,$-13
29,2011-06-30,9.62,$1.93,4.98,$19.01,0.51,$-0.67,0.0,$-0.19,0.0,$0.25B,$0.30B,0.84,$0.38B,$0.08B,4.51,$0.84B,$0.26B,30.86%,$0.84B,$0.04B,5.14%,$0.84B,$0.04B,5.14%,$0.84B,$0.09B,10.17%,$0.84B,$0.01B,0.84%,$0.84B,$-0.01B,-0.96%,$-0.01B,$0.08B,-8.23%,$-0.01B,$-0.52B,1.66%,$-0.01B,$0.95B,-0.86%,$0.04B,$0.47B,10.22%,$238,$161,$77,$0,$53,$223,$15,$-10,$5,$1,$4,$4,$1,$27,$15,$44,48,$0.03,$0.03,$6,$0,$44,$254,$42,$0,$607,$29,$699,$953,$303,$381,$76,$565,$868,$229,$-154,$-3,$84,$953,$-3,$20,$7,$28,$-7,$0,$0,$-12,$-50,$-26,$-8,$0,$-13,$0,$0,$0,$2,$-19,$61,$27,$88,$-2,$-2,$-8,$-39,$40,$-5,$10,$-8
30,2011-03-31,8.86,$2.09,4.24,$18.18,0.49,$-0.06,0.0,$-0.36,0.0,$0.28B,$0.35B,0.8,$0.35B,$0.09B,3.8,$0.77B,$0.24B,30.60%,$0.77B,$0.03B,4.43%,$0.77B,$0.03B,4.43%,$0.77B,$0.07B,9.64%,$0.77B,$-0.00B,0.00%,$0.77B,$-0.02B,-1.95%,$-0.02B,$0.09B,-14.15%,$-0.02B,$-0.52B,3.41%,$-0.02B,$0.98B,-1.69%,$0.03B,$0.44B,8.39%,$215,$158,$57,$0,$44,$213,$3,$-9,$-7,$0,$-7,$-7,$-9,$11,$3,$42,42,$-0.21,$-0.21,$7,$0,$65,$276,$43,$0,$611,$23,$699,$975,$347,$345,$83,$537,$884,$228,$-155,$-3,$91,$975,$-7,$8,$3,$11,$-6,$0,$0,$-14,$-41,$-37,$-5,$0,$-13,$0,$0,$0,$3,$-15,$-0,$61,$61,$-1,$-1,$0,$-12,$48,$-4,$4,$0
31,2010-12-31,9.05,$2.13,4.25,$16.37,0.55,$0.65,13.89,$-0.41,0.0,$0.25B,$0.35B,0.71,$0.29B,$0.09B,3.1,$0.69B,$0.22B,31.49%,$0.69B,$0.03B,4.35%,$0.69B,$0.03B,4.35%,$0.69B,$0.07B,10.01%,$0.69B,$-0.00B,-0.15%,$0.69B,$-0.02B,-2.32%,$-0.02B,$0.09B,-14.68%,$-0.02B,$-0.49B,4.23%,$-0.02B,$0.91B,-2.00%,$0.03B,$0.38B,7.92%,$204,$136,$68,$0,$33,$180,$24,$-8,$16,$-1,$18,$20,$11,$33,$24,$42,42,$0.27,$0.27,$11,$0,$44,$250,$41,$0,$582,$20,$664,$914,$353,$285,$88,$470,$822,$227,$-147,$-4,$92,$914,$-5,$36,$12,$48,$-31,$0,$0,$27,$-6,$37,$-11,$0,$-97,$0,$0,$0,$-2,$-111,$66,$9,$75,$-3,$-3,$-10,$-29,$33,$-41,$17,$-10
32,2010-09-30,6.95,$2.85,2.44,$14.95,0.47,$1.57,4.44,$-1.09,0.0,$0.28B,$0.35B,0.8,$0.29B,$0.12B,2.33,$0.63B,$0.20B,32.00%,$0.63B,$0.01B,1.12%,$0.63B,$0.01B,1.12%,$0.63B,$0.05B,8.32%,$0.63B,$-0.03B,-4.00%,$0.63B,$-0.05B,-7.20%,$-0.05B,$0.12B,-41.10%,$-0.05B,$-0.39B,14.24%,$-0.05B,$0.86B,-6.22%,$0.01B,$0.41B,1.93%,$179,$123,$56,$0,$45,$177,$1,$-8,$-7,$0,$-7,$-9,$-11,$14,$1,$43,43,$-0.25,$-0.25,$41,$0,$47,$278,$36,$1,$515,$19,$584,$862,$349,$285,$61,$391,$740,$226,$-158,$-5,$122,$862,$-22,$28,$14,$42,$-39,$0,$0,$36,$6,$25,$-8,$0,$-78,$0,$0,$0,$-1,$-87,$67,$0,$67,$-1,$-1,$-6,$-8,$51,$-11,$13,$-6
33,2010-06-30,5.49,$2.85,1.93,$13.86,0.4,$2.24,2.45,$-0.84,0.0,$0.25B,$0.30B,0.84,$0.29B,$0.12B,2.4,$0.58B,$0.19B,33.28%,$0.58B,$0.02B,2.76%,$0.58B,$0.02B,2.76%,$0.58B,$0.06B,9.66%,$0.58B,$-0.01B,-2.41%,$0.58B,$-0.03B,-5.86%,$-0.03B,$0.12B,-32.69%,$-0.03B,$-0.35B,12.81%,$-0.03B,$0.79B,-5.21%,$0.02B,$0.40B,4.98%,$170,$116,$54,$0,$39,$163,$6,$-9,$-2,$1,$-3,$-3,$-6,$16,$6,$42,42,$-0.14,$-0.14,$47,$0,$55,$249,$37,$1,$473,$19,$543,$792,$296,$285,$49,$377,$673,$220,$-147,$-5,$119,$792,$-13,$16,$7,$23,$1,$0,$0,$6,$-8,$2,$-6,$0,$-57,$0,$0,$0,$-1,$-64,$67,$0,$67,$-1,$-1,$-3,$-6,$58,$-4,$6,$-3
34,2010-03-31,5.32,$2.46,2.16,$13.03,0.41,$2.80,1.9,$-0.70,0.0,$0.19B,$0.24B,0.78,$0.23B,$0.10B,2.22,$0.55B,$0.19B,34.13%,$0.55B,$0.02B,3.49%,$0.55B,$0.02B,3.49%,$0.55B,$0.06B,10.46%,$0.55B,$-0.01B,-1.65%,$0.55B,$-0.03B,-5.14%,$-0.03B,$0.10B,-28.50%,$-0.03B,$-0.28B,12.57%,$-0.03B,$0.63B,-4.74%,$0.02B,$0.33B,6.77%,$136,$97,$39,$0,$34,$137,$-1,$-8,$-8,$0,$-9,$-9,$-10,$6,$-1,$41,41,$-0.25,$-0.25,$21,$0,$34,$187,$36,$1,$378,$18,$446,$633,$239,$227,$25,$291,$531,$220,$-141,$-4,$103,$633,$-9,$7,$3,$10,$-5,$0,$0,$10,$-10,$-9,$-3,$0,$-23,$0,$0,$0,$-0,$-26,$-0,$10,$10,$-0,$-0,$-3,$-2,$5,$-31,$3,$-3
35,2009-12-31,4.24,$2.28,1.86,$12.87,0.33,$3.07,1.38,$-0.45,0.0,$0.20B,$0.24B,0.83,$0.22B,$0.09B,2.3,$0.54B,$0.19B,35.07%,$0.54B,$0.02B,4.10%,$0.54B,$0.02B,4.10%,$0.54B,$0.06B,11.38%,$0.54B,0,0.00%,$0.54B,$-0.02B,-3.36%,$-0.02B,$0.09B,-18.95%,$-0.02B,$-0.24B,8.93%,$-0.02B,$0.61B,-3.18%,$0.02B,$0.31B,8.21%,$140,$89,$51,$0,$39,$139,$1,$-10,$-8,$5,$-14,$-14,$-18,$16,$1,$41,41,$-0.45,$-0.45,$52,$0,$32,$202,$35,$2,$336,$16,$402,$605,$242,$216,$9,$268,$510,$219,$-131,$-6,$94,$605,$-13,$38,$34,$72,$-11,$0,$0,$10,$8,$68,$-4,$0,$-58,$0,$0,$0,$-2,$-64,$40,$-10,$30,$-0,$-0,$0,$-20,$10,$11,$15,$0
36,2009-09-30,3.78,$2.43,1.56,$12.94,0.29,$2.87,1.32,$0.12,31.54,$0.23B,$0.26B,0.89,$0.14B,$0.10B,1.41,$0.54B,$0.18B,33.77%,$0.54B,$0.02B,4.27%,$0.54B,$0.02B,4.27%,$0.54B,$0.06B,10.20%,$0.54B,$0.01B,2.60%,$0.54B,$0.01B,0.93%,$0.01B,$0.10B,4.83%,$0.01B,$-0.19B,-2.77%,$0.01B,$0.58B,0.91%,$0.02B,$0.24B,8.61%,$134,$85,$49,$0,$31,$124,$10,$-7,$4,$1,$2,$2,$0,$18,$10,$41,44,$0.00,$0.00,$71,$0,$28,$231,$37,$2,$291,$10,$349,$580,$259,$141,$10,$221,$480,$218,$-113,$-6,$100,$580,$4,$24,$16,$40,$-19,$0,$0,$18,$7,$50,$-3,$0,$-8,$0,$0,$0,$0,$-11,$-2,$-0,$-2,$-1,$-1,$0,$-6,$-9,$30,$6,$0
37,2009-06-30,2.8,$2.34,1.2,$13.32,0.21,$2.10,1.33,$0.20,14.01,$0.20B,$0.23B,0.88,$0.15B,$0.10B,1.5,$0.55B,$0.18B,33.09%,$0.55B,$0.02B,3.84%,$0.55B,$0.02B,3.84%,$0.55B,$0.05B,9.69%,$0.55B,$0.02B,3.29%,$0.55B,$0.01B,1.46%,$0.01B,$0.10B,7.31%,$0.01B,$-0.18B,-4.73%,$0.01B,$0.54B,1.50%,$0.02B,$0.24B,7.50%,$135,$88,$47,$0,$30,$126,$9,$-6,$3,$2,$1,$1,$0,$17,$9,$41,42,$0.01,$0.01,$58,$0,$22,$204,$38,$2,$279,$10,$340,$544,$233,$145,$10,$215,$448,$218,$-113,$-7,$96,$544,$1,$16,$7,$23,$-11,$0,$0,$1,$-3,$21,$-2,$0,$-4,$0,$0,$0,$0,$-6,$-1,$2,$1,$-0,$-0,$0,$0,$1,$17,$4,$0
38,2009-03-31,1.68,$2.20,0.76,$13.97,0.12,$2.00,0.84,$0.09,19.36,$0.19B,$0.19B,1.03,$0.19B,$0.09B,2.08,$0.57B,$0.19B,33.22%,$0.57B,$0.02B,3.87%,$0.57B,$0.02B,3.87%,$0.57B,$0.06B,9.67%,$0.57B,$0.02B,3.69%,$0.57B,$0.00B,0.70%,$0.00B,$0.09B,3.45%,$0.00B,$-0.19B,-2.47%,$0.00B,$0.54B,0.75%,$0.02B,$0.28B,7.53%,$127,$86,$41,$0,$31,$125,$2,$-1,$1,$1,$1,$1,$0,$10,$2,$41,41,$0.00,$0.00,$46,$0,$24,$192,$41,$2,$281,$10,$344,$536,$187,$188,$9,$259,$446,$218,$-113,$-8,$90,$536,$0,$8,$2,$10,$-9,$0,$0,$5,$-9,$1,$-1,$0,$-3,$0,$0,$0,$0,$-4,$-1,$10,$9,$-0,$-0,$0,$0,$9,$5,$2,$0
39,2008-12-31,1.55,$3.16,0.49,$14.40,0.11,$1.64,0.94,$-0.00,0.0,$0.18B,$0.19B,0.94,$0.18B,$0.13B,1.41,$0.58B,$0.19B,33.10%,$0.58B,$0.02B,3.60%,$0.58B,$0.02B,3.60%,$0.58B,$0.06B,9.61%,$0.58B,$0.02B,3.60%,$0.58B,$0.00B,0.17%,$0.00B,$0.13B,0.80%,$0.00B,$-0.16B,-0.66%,$0.00B,$0.53B,0.19%,$0.02B,$0.31B,7.05%,$143,$99,$45,$0,$35,$142,$2,$4,$6,$-4,$10,$10,$5,$10,$2,$40,41,$0.13,$0.13,$41,$0,$27,$176,$44,$2,$285,$11,$353,$529,$188,$180,$7,$213,$401,$214,$-113,$-7,$128,$529,$8,$35,$3,$39,$27,$0,$0,$4,$22,$69,$-14,$0,$-36,$0,$0,$0,$-0,$-50,$17,$8,$24,$-1,$-1,$0,$-12,$12,$31,$14,$0
40,2008-09-30,3.42,$3.09,1.11,$14.71,0.23,$0.12,28.2,$-0.33,0.0,$0.19B,$0.20B,0.94,$0.17B,$0.12B,1.35,$0.58B,$0.20B,34.36%,$0.58B,$0.03B,5.15%,$0.58B,$0.03B,5.15%,$0.58B,$0.07B,11.17%,$0.58B,$0.02B,4.12%,$0.58B,$-0.01B,-2.06%,$-0.01B,$0.12B,-9.64%,$-0.01B,$-0.15B,8.05%,$-0.01B,$0.53B,-2.24%,$0.03B,$0.29B,10.21%,$142,$95,$48,$0,$32,$134,$8,$-1,$8,$2,$5,$5,$3,$16,$8,$40,41,$0.08,$0.08,$17,$0,$28,$188,$45,$2,$272,$14,$340,$529,$201,$168,$9,$203,$404,$213,$-118,$1,$124,$529,$2,$27,$2,$29,$-3,$0,$0,$11,$-8,$23,$-10,$0,$-10,$0,$0,$0,$-1,$-21,$-2,$8,$7,$-1,$-1,$0,$0,$6,$7,$5,$0
41,2008-06-30,3.65,$3.03,1.2,$14.95,0.24,$-1.00,0.0,$-0.59,0.0,$0.20B,$0.23B,0.89,$0.17B,$0.12B,1.37,$0.58B,$0.20B,34.72%,$0.58B,$0.03B,4.32%,$0.58B,$0.03B,4.32%,$0.58B,$0.06B,10.71%,$0.58B,$0.01B,2.25%,$0.58B,$-0.02B,-3.80%,$-0.02B,$0.12B,-17.78%,$-0.02B,$-0.15B,14.97%,$-0.02B,$0.55B,-4.13%,$0.03B,$0.29B,8.67%,$157,$102,$55,$0,$36,$147,$10,$-4,$6,$4,$1,$1,$-4,$19,$10,$40,40,$-0.11,$-0.11,$19,$0,$31,$204,$48,$2,$275,$15,$348,$553,$229,$167,$9,$202,$431,$213,$-121,$3,$122,$553,$-3,$19,$3,$22,$-15,$0,$0,$10,$4,$23,$-8,$0,$-10,$0,$0,$0,$-0,$-18,$-0,$5,$4,$-1,$-1,$0,$0,$4,$8,$3,$0
42,2008-03-31,3.7,$3.09,1.2,$14.68,0.25,$-1.60,0.0,$-0.55,0.0,$0.19B,$0.20B,0.94,$0.18B,$0.12B,1.43,$0.56B,$0.20B,35.07%,$0.56B,$0.02B,4.14%,$0.56B,$0.02B,4.14%,$0.56B,$0.06B,10.43%,$0.56B,$0.01B,1.98%,$0.56B,$-0.02B,-3.78%,$-0.02B,$0.12B,-16.97%,$-0.02B,$-0.15B,14.71%,$-0.02B,$0.54B,-4.01%,$0.02B,$0.30B,8.27%,$141,$96,$45,$0,$34,$140,$1,$0,$1,$-0,$2,$2,$-3,$11,$1,$40,40,$-0.09,$-0.09,$6,$0,$32,$190,$48,$2,$275,$15,$350,$540,$202,$178,$9,$213,$415,$213,$-116,$3,$124,$540,$-1,$10,$-0,$10,$-12,$0,$0,$13,$-19,$-10,$-4,$0,$-5,$0,$0,$0,$-0,$-10,$-0,$17,$16,$-1,$-1,$0,$0,$16,$-5,$2,$0
43,2007-12-31,4.95,$3.25,1.52,$14.37,0.34,$-2.05,0.0,$-0.71,0.0,$0.17B,$0.20B,0.89,$0.16B,$0.13B,1.27,$0.53B,$0.19B,35.83%,$0.53B,$0.02B,4.50%,$0.53B,$0.02B,4.50%,$0.53B,$0.06B,10.32%,$0.53B,$0.01B,1.69%,$0.53B,$-0.03B,-5.07%,$-0.03B,$0.13B,-22.09%,$-0.03B,$-0.15B,19.67%,$-0.03B,$0.52B,-5.24%,$0.02B,$0.29B,9.87%,$142,$90,$52,$0,$34,$131,$11,$-2,$9,$9,$-1,$14,$-8,$19,$11,$38,38,$-0.21,$-0.21,$10,$0,$22,$173,$47,$1,$273,$16,$347,$521,$196,$163,$8,$197,$393,$208,$-113,$6,$128,$521,$-6,$31,$12,$43,$-12,$0,$0,$4,$-33,$4,$-11,$0,$-47,$0,$0,$0,$-2,$-61,$106,$-45,$61,$4,$4,$0,$-4,$61,$4,$9,$0
44,2007-09-30,5.51,$3.20,1.72,$13.48,0.41,$-1.36,0.0,$-0.63,0.0,$0.18B,$0.19B,0.96,$0.15B,$0.12B,1.24,$0.50B,$0.19B,38.18%,$0.50B,$0.03B,6.26%,$0.50B,$0.03B,6.26%,$0.50B,$0.06B,12.12%,$0.50B,$0.02B,3.23%,$0.50B,$-0.02B,-4.85%,$-0.02B,$0.12B,-19.79%,$-0.02B,$-0.14B,18.05%,$-0.02B,$0.52B,-4.72%,$0.03B,$0.27B,14.57%,$139,$90,$49,$0,$36,$136,$3,$-6,$-3,$-2,$-1,$-6,$-7,$13,$3,$37,37,$-0.18,$-0.18,$7,$0,$16,$179,$46,$0,$260,$17,$338,$517,$186,$150,$7,$211,$396,$194,$-105,$6,$121,$517,$-18,$23,$20,$44,$-25,$0,$0,$6,$-49,$-24,$-7,$0,$-13,$0,$0,$0,$-0,$-20,$69,$-22,$48,$2,$2,$0,$-4,$45,$0,$5,$0
45,2007-06-30,4.45,$3.27,1.36,$12.58,0.35,$-0.90,0.0,$-0.81,0.0,$0.19B,$0.21B,0.87,$0.13B,$0.12B,1.04,$0.46B,$0.18B,40.26%,$0.46B,$0.03B,6.35%,$0.46B,$0.03B,6.35%,$0.46B,$0.06B,12.04%,$0.46B,$0.02B,3.72%,$0.46B,$-0.03B,-6.56%,$-0.03B,$0.12B,-24.29%,$-0.03B,$-0.14B,23.39%,$-0.03B,$0.52B,-5.85%,$0.03B,$0.25B,15.36%,$134,$86,$49,$0,$35,$127,$8,$-4,$4,$-0,$4,$-1,$-3,$15,$8,$37,37,$-0.07,$-0.07,$9,$0,$24,$185,$43,$1,$258,$18,$333,$518,$214,$127,$6,$182,$396,$190,$-98,$4,$122,$518,$-11,$13,$14,$28,$-20,$0,$0,$1,$-25,$-9,$0,$0,$-11,$0,$0,$0,$-0,$-11,$55,$-28,$27,$0,$0,$0,$-4,$23,$3,$3,$0
46,2007-03-31,3.93,$3.22,1.22,$11.76,0.33,$-0.60,0.0,$-1.03,0.0,$0.18B,$0.29B,0.64,$0.05B,$0.12B,0.38,$0.42B,$0.17B,41.13%,$0.42B,$0.02B,5.67%,$0.42B,$0.02B,5.67%,$0.42B,$0.05B,11.35%,$0.42B,$0.02B,3.55%,$0.42B,$-0.04B,-8.98%,$-0.04B,$0.12B,-29.51%,$-0.04B,$-0.13B,31.54%,$-0.04B,$0.50B,-7.42%,$0.02B,$0.16B,13.79%,$118,$77,$41,$0,$33,$116,$2,$-3,$-1,$-1,$-1,$-5,$-9,$8,$2,$36,36,$-0.24,$-0.24,$5,$0,$44,$183,$45,$2,$247,$14,$321,$504,$287,$45,$5,$99,$386,$188,$-95,$1,$118,$504,$-9,$6,$9,$15,$-6,$0,$0,$4,$-32,$-26,$-4,$0,$-0,$0,$0,$0,$-0,$-4,$-0,$29,$29,$-0,$-0,$0,$-0,$29,$-2,$2,$0
47,2006-12-31,3.76,$3.47,1.09,$11.26,0.33,$0.33,11.25,$-0.94,0.0,$0.17B,$0.27B,0.61,$0.04B,$0.12B,0.36,$0.40B,$0.17B,42.43%,$0.40B,$0.02B,5.96%,$0.40B,$0.02B,5.96%,$0.40B,$0.05B,12.16%,$0.40B,$0.02B,3.97%,$0.40B,$-0.03B,-8.44%,$-0.03B,$0.12B,-24.82%,$-0.03B,$-0.13B,30.02%,$-0.03B,$0.49B,-6.61%,$0.02B,$0.17B,13.15%,$104,$54,$50,$0,$26,$86,$18,$-2,$16,$9,$7,$0,$-5,$24,$18,$36,36,$-0.13,$-0.13,$7,$0,$29,$166,$44,$2,$253,$15,$327,$494,$272,$44,$6,$98,$369,$185,$-87,$1,$124,$494,$-34,$26,$38,$64,$-20,$0,$0,$-6,$9,$40,$-22,$0,$9,$0,$0,$0,$-2,$-14,$-1,$-27,$-29,$1,$1,$0,$-3,$-32,$-6,$7,$0
