,Date,Stock Price,Book Value per Share,Price to Book Ratio,TTM Sales per Share,Price to Sales Ratio,TTM FCF per Share,Price to FCF Ratio,TTM Net EPS,PE Ratio,Current Assets,Current Liabilities,Current Ratio,Long Term Debt,Shareholder's Equity_x,Debt to Equity Ratio,TTM Revenue_x,TTM Gross Profit,Gross Margin,TTM Revenue_y,TTM Operating Income,Operating Margin,TTM Revenue_x,TTM EBIT,EBIT Margin,TTM Revenue_y,TTM EBITDA,EBITDA Margin,TTM Revenue_x,TTM Pre-Tax Income,Pre-Tax Margin,TTM Revenue_y,TTM Net Income_x,Net Margin,TTM Net Income_y,Shareholder's Equity_y,Return on Equity,TTM Net Income_x,Tangible Equity,Return on Tangible Equity,TTM Net Income_y,Total Assets,Return on Assets,TTM Net Income,LT Investments & Debt,Return on Investment,revenue,cost-goods-sold,gross-profit,research-development-expenses,selling-general-administrative-expenses,operating-expenses,operating-income,total-non-operating-income-expense,pre-tax-income,total-provision-income-taxes,income-after-taxes,income-from-continuous-operations,net-income,ebitda,ebit,basic-shares-outstanding,shares-outstanding,eps-basic-net-earnings-per-share,eps-earnings-per-share-diluted,cash-on-hand,inventory,other-current-assets,total-current-assets,net-property-plant-equipment,long-term-investments,goodwill-intangible-assets-total,other-long-term-assets,total-long-term-assets,total-assets,total-current-liabilities,long-term-debt,other-non-current-liabilities,total-long-term-liabilities,total-liabilities,common-stock-net,retained-earnings-accumulated-deficit,comprehensive-income,total-share-holder-equity,total-liabilities-share-holders-equity,net-income-loss,total-depreciation-amortization-cash-flow,other-non-cash-items,total-non-cash-items,change-in-accounts-receivable,change-in-inventories,change-in-accounts-payable,change-in-assets-liabilities,total-change-in-assets-liabilities,cash-flow-from-operating-activities,net-change-in-property-plant-equipment,net-change-in-intangible-assets,net-acquisitions-divestitures,net-change-in-short-term-investments,net-change-in-long-term-investments,net-change-in-investments-total,investing-activities-other,cash-flow-from-investing-activities,net-long-term-debt,net-current-debt,debt-issuance-retirement-net-total,net-common-equity-issued-repurchased,net-total-equity-issued-repurchased,total-common-preferred-stock-dividends-paid,financial-activities-other,cash-flow-from-financial-activities,net-cash-flow,stock-based-compensation,common-stock-dividends-paid
0,2018-09-30,29.91,$-0.36,-83.18,$0.20,148.83,$-11.74,0.0,$-3.55,0.0,$0.19B,$0.08B,2.41,$0.67B,$-0.03B,-25.21,$0.02B,$-0.01B,-75.00%,$0.02B,$-0.33B,-2037.50%,$0.02B,$-0.33B,-2037.50%,$0.02B,$-0.29B,-1825.00%,$0.02B,$-0.41B,-2531.25%,$0.02B,$-0.26B,-1618.75%,$-0.26B,$-0.03B,-1190.80%,$-0.26B,$-0.23B,144.90%,$-0.26B,$0.73B,-31.74%,$-0.33B,$0.64B,-47.85%,$-3,$1,$-4,$33,$7,$46,$-49,$-19,$-68,$-16,$-52,$-52,$-56,$-41,$-49,$74,74,$-0.75,$-0.75,$132,$1,$0,$187,$10,$0,$201,$336,$546,$734,$78,$670,$13,$683,$760,$0,$-1338,$-5,$-27,$734,$-81,$23,$-117,$-95,$6,$2,$-3,$5,$-48,$-223,$10,$0,$166,$0,$0,$0,$0,$176,$0,$0,$0,$16,$16,$0,$-1,$15,$-33,$13,$0
1,2018-06-30,36.7,$0.29,127.43,$0.35,103.47,$-13.13,0.0,$-3.22,0.0,$0.22B,$0.08B,2.6,$0.66B,$0.02B,31.22,$0.03B,$-0.00B,-14.81%,$0.03B,$-0.34B,-1259.26%,$0.03B,$-0.34B,-1259.26%,$0.03B,$-0.30B,-1118.52%,$0.03B,$-0.41B,-1522.22%,$0.03B,$-0.23B,-862.96%,$-0.23B,$0.02B,-308.61%,$-0.23B,$-0.18B,110.69%,$-0.23B,$0.80B,-26.35%,$-0.34B,$0.68B,-46.69%,$2,$3,$-1,$30,$21,$54,$-53,$-14,$-67,$-12,$-54,$-54,$-54,$-45,$-53,$73,73,$-0.74,$-0.74,$184,$4,$0,$219,$16,$0,$201,$360,$577,$796,$84,$663,$27,$690,$775,$0,$-1283,$-5,$21,$796,$-25,$15,$-127,$-112,$1,$2,$-5,$7,$-28,$-165,$-0,$0,$166,$0,$0,$0,$0,$166,$0,$0,$0,$12,$12,$0,$-1,$11,$11,$9,$0
2,2018-03-31,32.94,$0.92,35.81,$0.48,68.2,$-13.37,0.0,$-8.00,0.0,$0.28B,$0.11B,2.56,$0.66B,$0.07B,9.7,$0.04B,$-0.01B,-13.89%,$0.04B,$-0.67B,-1858.33%,$0.04B,$-0.67B,-1858.33%,$0.04B,$-0.63B,-1747.22%,$0.04B,$-0.74B,-2047.22%,$0.04B,$-0.58B,-1600.00%,$-0.58B,$0.07B,-543.40%,$-0.58B,$-0.13B,263.01%,$-0.58B,$0.86B,-59.20%,$-0.67B,$0.72B,-99.96%,$8,$3,$5,$40,$29,$72,$-64,$-39,$-104,$-19,$-85,$-85,$29,$-57,$-64,$74,74,$0.39,$0.39,$240,$5,$0,$283,$17,$0,$201,$361,$578,$861,$110,$656,$27,$683,$794,$0,$-1228,$-4,$68,$861,$29,$7,$-134,$-127,$-4,$1,$-4,$6,$-12,$-109,$-0,$0,$166,$0,$0,$0,$0,$166,$0,$0,$0,$9,$9,$0,$-0,$9,$65,$4,$0
3,2017-12-31,27.34,$0.34,80.29,$0.62,43.85,$-13.59,0.0,$-9.83,0.0,$0.56B,$0.18B,3.21,$0.65B,$0.03B,26.06,$0.05B,$-0.00B,-6.67%,$0.05B,$-0.66B,-1475.56%,$0.05B,$-0.66B,-1475.56%,$0.05B,$-0.62B,-1368.89%,$0.05B,$-0.70B,-1564.44%,$0.05B,$-0.71B,-1573.33%,$-0.71B,$0.03B,-324.77%,$-0.71B,$-0.18B,337.95%,$-0.71B,$0.87B,-61.27%,$-0.66B,$0.67B,-95.85%,$9,$20,$-12,$56,$30,$169,$-160,$-6,$-166,$-7,$-159,$-159,$-178,$-149,$-160,$73,73,$-2.45,$-2.45,$151,$6,$391,$563,$17,$0,$201,$92,$310,$873,$175,$649,$23,$673,$848,$0,$-1257,$-5,$25,$873,$-708,$49,$335,$384,$9,$7,$-17,$-73,$-43,$-368,$-5,$0,$0,$0,$-0,$-0,$-0,$-5,$-55,$0,$-55,$49,$49,$0,$-11,$-17,$-390,$32,$0
4,2017-09-30,37.04,$2.58,14.33,$0.75,49.2,$-13.10,0.0,$-9.13,0.0,$0.30B,$0.13B,2.31,$0.64B,$0.19B,3.42,$0.05B,$0.01B,22.64%,$0.05B,$-0.58B,-1084.91%,$0.05B,$-0.58B,-1084.91%,$0.05B,$-0.52B,-986.79%,$0.05B,$-0.62B,-1171.70%,$0.05B,$-0.65B,-1232.08%,$-0.65B,$0.19B,-174.25%,$-0.65B,$-0.35B,558.12%,$-0.65B,$1.01B,-47.89%,$-0.58B,$0.83B,-68.19%,$8,$4,$4,$33,$34,$71,$-63,$-11,$-74,$-67,$-7,$-7,$-30,$-51,$-63,$72,72,$-0.42,$-0.42,$209,$67,$0,$298,$18,$0,$542,$150,$709,$1007,$129,$643,$47,$690,$819,$0,$-1079,$-5,$188,$1007,$-530,$38,$255,$293,$14,$2,$-17,$-62,$-67,$-305,$-5,$0,$0,$0,$-42,$-42,$0,$-47,$-55,$0,$-55,$41,$41,$0,$-10,$-25,$-375,$24,$0
5,2017-06-30,38.01,$1.97,19.3,$1.18,32.22,$-12.55,0.0,$-9.94,0.0,$0.44B,$0.52B,0.85,$0.31B,$0.14B,2.14,$0.08B,$0.03B,30.12%,$0.08B,$-0.59B,-708.43%,$0.08B,$-0.59B,-708.43%,$0.08B,$-0.53B,-642.17%,$0.08B,$-0.63B,-762.65%,$0.08B,$-0.71B,-854.22%,$-0.71B,$0.14B,-136.87%,$-0.71B,$-0.21B,1233.04%,$-0.71B,$1.15B,-45.57%,$-0.59B,$0.45B,-59.98%,$11,$12,$-2,$23,$28,$393,$-382,$-11,$-393,$-23,$-370,$-370,$-397,$-372,$-382,$72,72,$-5.53,$-5.53,$334,$71,$0,$436,$21,$0,$356,$338,$715,$1151,$515,$306,$120,$493,$1008,$0,$-1049,$-5,$143,$1151,$-500,$26,$321,$346,$7,$-3,$-12,$-15,$-22,$-175,$-4,$0,$0,$0,$-132,$-132,$0,$-136,$-55,$0,$-55,$36,$36,$0,$-10,$-29,$-339,$16,$0
6,2017-03-31,48.9,$7.15,6.84,$1.78,27.42,$-12.98,0.0,$-1.90,0.0,$0.55B,$0.53B,1.04,$0.30B,$0.52B,0.59,$0.13B,$0.07B,52.76%,$0.13B,$-0.30B,-234.65%,$0.13B,$-0.30B,-234.65%,$0.13B,$-0.24B,-188.98%,$0.13B,$-0.06B,-45.67%,$0.13B,$-0.13B,-102.36%,$-0.13B,$0.52B,-18.86%,$-0.13B,$-0.10B,722.22%,$-0.13B,$1.59B,-7.51%,$-0.30B,$0.82B,-24.26%,$17,$10,$7,$26,$40,$77,$-59,$-12,$-71,$0,$-71,$-71,$-103,$-44,$-59,$71,71,$-1.44,$-1.44,$437,$72,$0,$546,$31,$0,$611,$403,$1045,$1591,$527,$302,$156,$548,$1075,$0,$-652,$-6,$516,$1591,$-103,$15,$16,$31,$-0,$-1,$-11,$-14,$-47,$-120,$-1,$0,$0,$0,$0,$0,$0,$-1,$0,$0,$0,$25,$25,$0,$-9,$16,$-105,$7,$0
7,2016-12-31,33.94,$9.18,3.7,$2.26,14.99,$-12.98,0.0,$-1.80,0.0,$0.65B,$0.25B,2.67,$0.62B,$0.65B,0.96,$0.16B,$0.09B,57.50%,$0.16B,$-0.32B,-200.00%,$0.16B,$-0.32B,-200.00%,$0.16B,$-0.26B,-165.00%,$0.16B,$-0.08B,-48.13%,$0.16B,$-0.12B,-74.38%,$-0.12B,$0.65B,-16.49%,$-0.12B,$0.19B,189.64%,$-0.12B,$1.71B,-6.87%,$-0.32B,$1.28B,-25.32%,$17,$14,$3,$24,$50,$88,$-71,$-12,$-83,$-0,$-83,$-83,$-123,$-56,$-71,$70,70,$-1.74,$-1.74,$542,$28,$51,$654,$31,$0,$458,$563,$1051,$1705,$245,$624,$95,$809,$1053,$0,$-549,$-5,$652,$1705,$-119,$57,$-221,$-164,$30,$-16,$-7,$-10,$-40,$-323,$-2,$-10,$438,$0,$0,$0,$-4,$422,$146,$0,$146,$34,$34,$0,$-109,$71,$169,$31,$0
8,2016-09-30,37.74,$10.76,3.51,$2.81,13.45,$-11.37,0.0,$-3.04,0.0,$0.72B,$0.21B,3.46,$0.62B,$0.76B,0.81,$0.20B,$0.13B,67.35%,$0.20B,$-0.24B,-120.92%,$0.20B,$-0.24B,-120.92%,$0.20B,$-0.18B,-91.33%,$0.20B,$0.01B,4.08%,$0.20B,$-0.20B,-103.06%,$-0.20B,$0.76B,-27.24%,$-0.20B,$-0.12B,209.87%,$-0.20B,$1.78B,-11.51%,$-0.24B,$1.38B,-19.66%,$38,$21,$17,$24,$69,$113,$-76,$-10,$-86,$0,$-86,$-86,$-86,$-61,$-76,$70,70,$-1.23,$-1.23,$600,$71,$0,$717,$32,$0,$877,$149,$1059,$1777,$207,$617,$102,$808,$1015,$0,$-426,$-5,$761,$1777,$4,$42,$-240,$-198,$24,$-14,$-17,$-10,$-66,$-261,$-1,$-10,$438,$0,$0,$0,$-4,$423,$146,$0,$146,$27,$27,$0,$-108,$66,$227,$25,$0
9,2016-06-30,33.63,$11.76,2.86,$3.12,10.77,$-8.94,0.0,$-3.38,0.0,$0.79B,$0.22B,3.59,$0.61B,$0.83B,0.74,$0.22B,$0.12B,57.21%,$0.22B,$-0.27B,-124.19%,$0.22B,$-0.27B,-124.19%,$0.22B,$-0.21B,-97.21%,$0.22B,$-0.02B,-7.44%,$0.22B,$-0.22B,-102.79%,$-0.22B,$0.83B,-28.27%,$-0.22B,$-0.06B,130.00%,$-0.22B,$1.85B,-12.08%,$-0.27B,$1.44B,-22.80%,$55,$15,$40,$38,$94,$147,$-92,$274,$182,$0,$182,$182,$182,$-79,$-92,$70,73,$2.62,$2.52,$644,$74,$0,$789,$33,$0,$884,$146,$1063,$1852,$220,$611,$104,$804,$1024,$0,$-340,$-5,$828,$1852,$90,$27,$-268,$-241,$4,$-10,$-9,$-8,$-62,$-212,$0,$-10,$438,$0,$0,$0,$-0,$428,$146,$0,$146,$-71,$-71,$0,$-18,$57,$271,$17,$0
10,2016-03-31,31.77,$9.22,3.45,$3.50,9.08,$-7.28,0.0,$-6.61,0.0,$0.56B,$0.43B,1.31,$0.32B,$0.65B,0.49,$0.24B,$0.13B,56.60%,$0.24B,$-0.25B,-107.23%,$0.24B,$-0.25B,-107.23%,$0.24B,$-0.19B,-82.13%,$0.24B,$-0.26B,-111.91%,$0.24B,$-0.45B,-191.49%,$-0.45B,$0.65B,-55.03%,$-0.45B,$-0.27B,178.93%,$-0.45B,$1.60B,-23.90%,$-0.25B,$0.96B,-21.07%,$50,$19,$32,$33,$79,$132,$-81,$-9,$-90,$0,$-90,$-90,$-92,$-68,$-81,$69,69,$-1.34,$-1.34,$430,$68,$0,$561,$34,$0,$919,$80,$1034,$1595,$429,$315,$116,$521,$950,$0,$-522,$-5,$645,$1595,$-92,$14,$3,$17,$10,$-2,$-21,$2,$-43,$-118,$0,$0,$174,$0,$0,$0,$-0,$174,$0,$0,$0,$5,$5,$0,$-3,$2,$57,$7,$0
11,2015-12-31,37.34,$10.52,3.55,$4.42,8.45,$-6.18,0.0,$-5.19,0.0,$0.83B,$0.53B,1.56,$0.31B,$0.73B,0.43,$0.30B,$0.19B,64.75%,$0.30B,$-0.19B,-62.71%,$0.30B,$-0.19B,-62.71%,$0.30B,$-0.13B,-42.71%,$0.30B,$-0.17B,-55.93%,$0.30B,$-0.35B,-119.66%,$-0.35B,$0.73B,-38.93%,$-0.35B,$0.06B,130.02%,$-0.35B,$1.80B,-17.16%,$-0.19B,$1.04B,-13.73%,$53,$10,$43,$7,$24,$41,$12,$-10,$2,$-17,$19,$19,$-206,$29,$12,$67,67,$-3.08,$-3.08,$373,$65,$323,$833,$35,$0,$672,$256,$963,$1796,$534,$312,$127,$529,$1064,$0,$-430,$4,$732,$1796,$-353,$59,$161,$219,$103,$-69,$16,$-75,$-65,$-198,$-2,$-113,$-28,$0,$20,$20,$0,$-124,$400,$0,$400,$95,$95,$0,$-170,$325,$2,$31,$0
12,2015-09-30,37.96,$13.30,2.86,$5.52,6.87,$-2.29,0.0,$-2.28,0.0,$0.69B,$0.53B,1.3,$0.32B,$0.92B,0.35,$0.37B,$0.26B,71.47%,$0.37B,$-0.20B,-52.99%,$0.37B,$-0.20B,-52.99%,$0.37B,$-0.14B,-38.59%,$0.37B,$-0.14B,-36.68%,$0.37B,$-0.15B,-41.30%,$-0.15B,$0.92B,-15.94%,$-0.15B,$-0.41B,57.79%,$-0.15B,$2.07B,-7.31%,$-0.20B,$1.24B,-14.15%,$57,$49,$8,$27,$87,$163,$-106,$-4,$-110,$-19,$-91,$-91,$-105,$-91,$-106,$67,67,$-1.57,$-1.57,$509,$114,$0,$687,$38,$0,$1334,$14,$1386,$2073,$530,$318,$163,$621,$1151,$0,$-224,$3,$922,$2073,$-147,$42,$23,$65,$116,$-58,$-2,$-38,$-3,$-85,$-2,$-113,$-28,$0,$20,$20,$0,$-123,$400,$0,$400,$90,$90,$0,$-143,$347,$138,$24,$0
13,2015-06-30,28.61,$14.57,1.96,$7.34,3.9,$-0.34,0.0,$-0.97,0.0,$0.66B,$0.21B,3.17,$0.57B,$0.97B,0.59,$0.48B,$0.36B,74.12%,$0.48B,$-0.10B,-21.12%,$0.48B,$-0.10B,-21.12%,$0.48B,$-0.05B,-10.77%,$0.48B,$-0.05B,-9.73%,$0.48B,$-0.06B,-13.25%,$-0.06B,$0.97B,-6.73%,$-0.06B,$-0.38B,27.71%,$-0.06B,$2.07B,-3.17%,$-0.10B,$1.54B,-7.52%,$75,$25,$50,$33,$93,$151,$-77,$11,$-65,$2,$-67,$-67,$-47,$-63,$-77,$66,66,$-0.71,$-0.71,$463,$128,$0,$660,$39,$0,$1353,$15,$1406,$2067,$209,$568,$154,$886,$1095,$0,$-119,$4,$972,$2067,$-42,$26,$-18,$8,$103,$-55,$-2,$-58,$-49,$-82,$-1,$-98,$-28,$0,$20,$20,$0,$-107,$400,$0,$400,$21,$21,$0,$-140,$281,$92,$16,$0
14,2015-03-31,28.02,$15.13,1.85,$9.06,3.09,$1.53,18.35,$-0.34,0.0,$0.88B,$0.35B,2.51,$0.56B,$1.00B,0.56,$0.59B,$0.41B,68.58%,$0.59B,$-0.06B,-9.63%,$0.59B,$-0.06B,-9.63%,$0.59B,$-0.01B,-1.52%,$0.59B,$-0.01B,-1.86%,$0.59B,$-0.02B,-3.72%,$-0.02B,$1.00B,-2.35%,$-0.02B,$-0.35B,10.76%,$-0.02B,$2.29B,-1.12%,$-0.06B,$1.56B,-4.53%,$110,$21,$90,$23,$81,$125,$-14,$23,$8,$4,$4,$4,$5,$-1,$-14,$65,67,$0.08,$0.08,$607,$127,$0,$882,$39,$0,$1356,$16,$1410,$2292,$351,$563,$161,$939,$1291,$0,$-72,$5,$1001,$2292,$5,$13,$-13,$-0,$56,$-46,$-6,$-5,$-46,$-41,$-0,$-91,$-28,$0,$0,$0,$0,$-119,$400,$0,$400,$12,$12,$0,$-14,$398,$236,$8,$0
15,2014-12-31,27.67,$14.05,1.97,$10.18,2.72,$2.01,13.74,$-0.50,0.0,$0.62B,$0.40B,1.55,$0.25B,$0.92B,0.27,$0.66B,$0.43B,64.64%,$0.66B,$-0.03B,-4.25%,$0.66B,$-0.03B,-4.25%,$0.66B,$0.02B,2.73%,$0.66B,$-0.00B,-0.30%,$0.66B,$-0.03B,-4.86%,$-0.03B,$0.92B,-3.51%,$-0.03B,$0.09B,19.78%,$-0.03B,$1.89B,-1.75%,$-0.03B,$1.17B,-2.43%,$126,$12,$115,$34,$79,$125,$2,$30,$32,$5,$27,$27,$-5,$13,$2,$64,67,$-0.08,$-0.07,$371,$79,$3,$624,$38,$0,$826,$365,$1262,$1886,$404,$247,$210,$562,$966,$0,$-77,$3,$920,$1886,$-32,$46,$80,$126,$-55,$6,$-7,$5,$-27,$67,$-7,$-15,$-59,$0,$-4,$-4,$0,$-85,$0,$0,$0,$17,$17,$0,$-9,$9,$-6,$34,$0
16,2014-09-30,22.32,$13.93,1.6,$10.23,2.18,$2.36,9.48,$-0.40,0.0,$0.59B,$0.15B,3.99,$0.24B,$0.91B,0.27,$0.66B,$0.40B,61.53%,$0.66B,$-0.04B,-5.65%,$0.66B,$-0.04B,-5.65%,$0.66B,$0.01B,1.98%,$0.66B,$-0.04B,-6.11%,$0.66B,$-0.03B,-3.97%,$-0.03B,$0.91B,-2.87%,$-0.03B,$-0.28B,11.03%,$-0.03B,$1.83B,-1.45%,$-0.04B,$1.16B,-3.23%,$172,$69,$103,$33,$83,$185,$-13,$-10,$-22,$-6,$-17,$-17,$-17,$-1,$-13,$65,65,$-0.26,$-0.26,$356,$75,$0,$585,$41,$0,$1193,$10,$1244,$1829,$147,$244,$375,$772,$919,$0,$-72,$1,$911,$1829,$-27,$35,$76,$111,$-18,$12,$-18,$-9,$-37,$47,$-6,$-15,$-59,$0,$-4,$-4,$0,$-84,$0,$0,$0,$14,$14,$0,$2,$15,$-20,$25,$0
17,2014-06-30,29.06,$13.98,2.08,$10.32,2.82,$2.38,12.21,$-0.02,0.0,$0.60B,$0.18B,3.37,$0.24B,$0.91B,0.27,$0.66B,$0.41B,62.10%,$0.66B,$-0.00B,-0.15%,$0.66B,$-0.00B,-0.15%,$0.66B,$0.05B,7.15%,$0.66B,$0.01B,0.91%,$0.66B,$-0.00B,-0.15%,$-0.00B,$0.91B,-0.11%,$-0.00B,$-0.28B,0.67%,$-0.00B,$1.85B,-0.06%,$-0.00B,$1.15B,-0.09%,$184,$86,$98,$41,$89,$216,$-32,$3,$-29,$-23,$-5,$-5,$-5,$-20,$-32,$64,64,$-0.08,$-0.08,$368,$86,$0,$603,$42,$0,$1186,$17,$1244,$1847,$179,$241,$367,$758,$937,$0,$-55,$-4,$910,$1847,$-10,$23,$48,$71,$-18,$1,$-19,$-8,$-16,$45,$-5,$0,$-59,$0,$-1,$-1,$0,$-65,$0,$0,$0,$10,$10,$0,$2,$11,$-8,$16,$0
18,2014-03-31,28.42,$13.91,2.04,$10.33,2.75,$1.60,17.82,$0.36,78.94,$0.60B,$0.16B,3.8,$0.24B,$0.91B,0.26,$0.65B,$0.42B,64.86%,$0.65B,$0.06B,9.29%,$0.65B,$0.06B,9.29%,$0.65B,$0.11B,16.41%,$0.65B,$0.07B,10.06%,$0.65B,$0.02B,3.41%,$0.02B,$0.91B,2.65%,$0.02B,$-0.18B,-33.08%,$0.02B,$1.74B,1.42%,$0.06B,$1.14B,5.63%,$177,$67,$110,$31,$65,$162,$15,$2,$17,$22,$-5,$-5,$-5,$26,$15,$64,64,$-0.08,$-0.08,$378,$86,$0,$596,$41,$0,$1087,$16,$1145,$1741,$157,$239,$312,$679,$836,$0,$-50,$-5,$905,$1741,$-5,$11,$10,$20,$-3,$1,$-20,$-7,$-20,$-5,$-3,$0,$-0,$0,$0,$0,$0,$-3,$0,$0,$0,$9,$9,$0,$2,$10,$2,$7,$0
19,2013-12-31,38.62,$13.85,2.79,$10.45,3.7,$0.82,46.86,$0.23,167.91,$0.59B,$0.17B,3.39,$0.24B,$0.89B,0.27,$0.63B,$0.41B,65.28%,$0.63B,$0.02B,3.52%,$0.63B,$0.02B,3.52%,$0.63B,$0.07B,10.56%,$0.63B,$0.03B,4.16%,$0.63B,$0.02B,2.40%,$0.02B,$0.89B,1.98%,$0.02B,$-0.20B,-82.19%,$0.02B,$1.74B,1.08%,$0.02B,$1.13B,2.22%,$122,$30,$92,$30,$69,$129,$-7,$1,$-6,$-15,$9,$9,$1,$8,$-7,$58,63,$0.02,$0.04,$377,$87,$0,$591,$39,$0,$1094,$17,$1150,$1741,$174,$236,$310,$675,$849,$0,$-45,$-5,$892,$1741,$15,$44,$22,$66,$-15,$-10,$-1,$5,$10,$91,$-14,$0,$-543,$0,$52,$52,$0,$-504,$0,$0,$0,$264,$264,$0,$8,$271,$-143,$23,$0
20,2013-09-30,33.52,$13.64,2.46,$11.39,2.94,$0.40,83.61,$0.59,56.81,$0.68B,$0.17B,4.01,$0.23B,$0.87B,0.27,$0.66B,$0.42B,63.90%,$0.66B,$0.07B,9.82%,$0.66B,$0.07B,9.82%,$0.66B,$0.10B,14.95%,$0.66B,$0.07B,10.42%,$0.66B,$0.04B,5.29%,$0.04B,$0.87B,5.14%,$0.04B,$0.06B,24.10%,$0.04B,$1.55B,2.93%,$0.07B,$1.10B,7.14%,$174,$66,$108,$23,$63,$152,$23,$1,$24,$16,$8,$8,$8,$33,$23,$59,63,$0.13,$0.12,$462,$91,$0,$684,$34,$0,$809,$19,$862,$1546,$170,$234,$194,$506,$677,$0,$-46,$-3,$869,$1546,$14,$28,$7,$35,$-17,$-15,$6,$-0,$0,$50,$-8,$0,$-403,$0,$50,$50,$0,$-360,$0,$0,$0,$249,$249,$0,$6,$255,$-57,$16,$0
21,2013-06-30,30.76,$11.71,2.63,$11.11,2.77,$0.10,306.68,$0.64,48.06,$0.50B,$0.12B,4.17,$0.23B,$0.66B,0.35,$0.63B,$0.41B,65.28%,$0.63B,$0.06B,9.12%,$0.63B,$0.06B,9.12%,$0.63B,$0.09B,13.76%,$0.63B,$0.06B,9.60%,$0.63B,$0.04B,5.76%,$0.04B,$0.66B,5.97%,$0.04B,$0.06B,15.25%,$0.04B,$1.15B,3.44%,$0.06B,$0.89B,6.86%,$173,$64,$109,$27,$53,$144,$29,$1,$30,$12,$18,$18,$18,$39,$29,$56,60,$0.33,$0.30,$301,$87,$0,$503,$30,$0,$598,$19,$647,$1150,$121,$231,$106,$372,$492,$0,$-54,$-2,$657,$1150,$6,$19,$-3,$15,$-4,$-10,$-20,$-1,$-29,$-8,$-3,$-10,$-302,$0,$42,$42,$0,$-273,$0,$0,$0,$50,$50,$0,$6,$55,$-227,$10,$0
22,2013-03-31,33.41,$11.00,3.04,$10.69,3.13,$0.38,88.22,$0.59,56.63,$0.46B,$0.12B,3.97,$0.23B,$0.61B,0.37,$0.59B,$0.39B,66.67%,$0.59B,$0.05B,8.16%,$0.59B,$0.05B,8.16%,$0.59B,$0.07B,11.73%,$0.59B,$0.05B,8.84%,$0.59B,$0.03B,5.44%,$0.03B,$0.61B,5.59%,$0.03B,$0.01B,9.99%,$0.03B,$1.11B,3.26%,$0.05B,$0.84B,6.02%,$156,$57,$99,$58,$63,$178,$-23,$0,$-22,$-11,$-12,$-12,$-12,$-14,$-23,$54,54,$-0.21,$-0.21,$252,$84,$0,$460,$23,$0,$603,$19,$645,$1105,$116,$229,$112,$376,$492,$0,$-72,$-1,$612,$1105,$-12,$9,$-5,$4,$-5,$-8,$-15,$-10,$-40,$-48,$-1,$0,$-302,$0,$26,$26,$0,$-276,$0,$0,$0,$30,$30,$0,$4,$33,$-291,$5,$0
23,2012-12-31,23.97,$10.86,2.21,$10.08,2.38,$1.01,23.7,$0.94,25.5,$0.76B,$0.14B,5.59,$0.23B,$0.59B,0.39,$0.56B,$0.38B,68.16%,$0.56B,$0.08B,14.85%,$0.56B,$0.08B,14.85%,$0.56B,$0.10B,17.35%,$0.56B,$0.09B,15.38%,$0.56B,$0.05B,9.30%,$0.05B,$0.59B,9.43%,$0.05B,$0.45B,12.53%,$0.05B,$0.97B,5.94%,$0.08B,$0.81B,11.55%,$159,$52,$107,$26,$45,$123,$36,$0,$37,$16,$21,$21,$21,$41,$36,$54,55,$0.39,$0.37,$570,$76,$0,$756,$16,$0,$134,$19,$216,$972,$135,$226,$25,$251,$386,$0,$-60,$-1,$586,$972,$51,$14,$42,$56,$-11,$-31,$19,$3,$-61,$46,$-1,$-37,$0,$0,$-29,$-29,$3,$-64,$217,$0,$217,$11,$11,$0,$-7,$221,$204,$15,$0
24,2012-09-30,25.81,$10.39,2.49,$9.63,2.68,$1.94,13.3,$0.92,28.05,$0.71B,$0.14B,5.0,$0.22B,$0.56B,0.4,$0.53B,$0.36B,68.05%,$0.53B,$0.07B,12.59%,$0.53B,$0.07B,12.59%,$0.53B,$0.08B,14.66%,$0.53B,$0.07B,12.97%,$0.53B,$0.05B,9.59%,$0.05B,$0.56B,9.57%,$0.05B,$0.42B,12.61%,$0.05B,$0.95B,6.33%,$0.07B,$0.78B,10.41%,$137,$44,$93,$35,$43,$122,$15,$0,$15,$6,$9,$9,$9,$20,$15,$53,55,$0.18,$0.17,$545,$62,$0,$713,$17,$0,$135,$17,$241,$954,$143,$224,$29,$252,$395,$0,$-81,$-1,$559,$954,$31,$9,$20,$29,$-9,$-17,$-0,$-0,$-39,$21,$-1,$-37,$0,$0,$-41,$-41,$3,$-75,$217,$0,$217,$10,$10,$0,$-8,$219,$165,$11,$0
25,2012-06-30,22.94,$10.03,2.29,$9.37,2.45,$2.68,8.56,$2.09,10.98,$0.65B,$0.12B,5.61,$0.22B,$0.53B,0.42,$0.52B,$0.35B,67.83%,$0.52B,$0.06B,11.82%,$0.52B,$0.06B,11.82%,$0.52B,$0.07B,13.37%,$0.52B,$0.06B,12.40%,$0.52B,$0.12B,22.29%,$0.12B,$0.53B,22.45%,$0.12B,$0.40B,29.28%,$0.12B,$0.90B,15.82%,$0.06B,$0.75B,10.75%,$136,$43,$93,$33,$40,$116,$20,$2,$22,$8,$14,$14,$14,$22,$20,$54,56,$0.25,$0.25,$517,$47,$0,$652,$17,$0,$137,$17,$245,$898,$116,$221,$28,$249,$365,$0,$-90,$-1,$533,$898,$21,$5,$12,$17,$9,$-2,$1,$1,$-32,$6,$-0,$-37,$0,$0,$-40,$-40,$2,$-75,$217,$0,$217,$-2,$-2,$0,$-9,$207,$137,$7,$0
26,2012-03-31,20.07,$9.59,2.09,$9.13,2.2,$3.24,6.19,$2.05,9.79,$0.44B,$0.13B,3.47,$0.00B,$0.53B,0.0,$0.50B,$0.34B,67.80%,$0.50B,$0.06B,11.00%,$0.50B,$0.06B,11.00%,$0.50B,$0.06B,12.60%,$0.50B,$0.06B,11.20%,$0.50B,$0.11B,22.40%,$0.11B,$0.53B,23.36%,$0.11B,$0.39B,30.27%,$0.11B,$0.68B,17.58%,$0.06B,$0.53B,11.47%,$127,$39,$88,$33,$43,$115,$12,$0,$12,$4,$8,$8,$8,$14,$12,$54,56,$0.14,$0.14,$296,$50,$0,$435,$17,$0,$138,$10,$244,$679,$125,$0,$27,$27,$152,$0,$-104,$-0,$527,$679,$8,$2,$3,$5,$7,$-5,$11,$-1,$-27,$-15,$0,$-37,$0,$0,$-15,$-15,$2,$-50,$0,$0,$0,$4,$4,$0,$0,$4,$-60,$3,$0
27,2011-12-31,18.64,$9.42,1.98,$8.93,2.09,$3.86,4.84,$2.36,7.9,$0.48B,$0.16B,3.12,$0.00B,$0.51B,0.0,$0.49B,$0.33B,67.63%,$0.49B,$0.06B,11.96%,$0.49B,$0.06B,11.96%,$0.49B,$0.07B,13.61%,$0.49B,$0.08B,16.08%,$0.49B,$0.13B,26.39%,$0.13B,$0.51B,28.81%,$0.13B,$0.41B,37.10%,$0.13B,$0.69B,21.51%,$0.06B,$0.51B,13.06%,$132,$44,$88,$33,$35,$112,$20,$0,$20,$1,$20,$20,$20,$22,$20,$53,54,$0.36,$0.35,$341,$45,$0,$482,$18,$0,$102,$13,$211,$693,$155,$0,$26,$26,$181,$0,$-112,$-1,$512,$693,$128,$8,$-56,$-47,$-27,$-20,$-2,$-6,$16,$96,$-1,$-7,$0,$0,$86,$86,$1,$78,$0,$0,$0,$7,$7,$0,$9,$16,$189,$11,$0
28,2011-09-30,14.88,$8.82,1.69,$8.75,1.7,$3.37,4.42,$3.09,4.82,$0.42B,$0.13B,3.34,$0.00B,$0.48B,0.0,$0.47B,$0.32B,68.50%,$0.47B,$0.05B,11.42%,$0.47B,$0.05B,11.42%,$0.47B,$0.06B,13.11%,$0.47B,$0.07B,15.43%,$0.47B,$0.17B,35.31%,$0.17B,$0.48B,41.16%,$0.17B,$0.38B,54.31%,$0.17B,$0.64B,30.91%,$0.05B,$0.48B,13.31%,$121,$39,$81,$27,$45,$111,$9,$1,$10,$-63,$73,$73,$73,$11,$9,$54,54,$1.36,$1.34,$308,$30,$0,$419,$19,$0,$101,$5,$218,$637,$125,$0,$34,$34,$159,$0,$-131,$-1,$477,$637,$108,$7,$-56,$-50,$-25,$-5,$2,$-2,$2,$61,$-1,$0,$0,$0,$69,$69,$1,$69,$0,$0,$0,$4,$4,$0,$0,$4,$132,$8,$0
29,2011-06-30,16.51,$7.44,2.22,$8.51,1.94,$3.18,5.2,$2.15,7.68,$0.39B,$0.10B,3.75,$0.00B,$0.40B,0.0,$0.46B,$0.32B,69.21%,$0.46B,$0.07B,14.63%,$0.46B,$0.07B,14.63%,$0.46B,$0.08B,16.38%,$0.46B,$0.09B,18.56%,$0.46B,$0.12B,25.11%,$0.12B,$0.40B,31.90%,$0.12B,$0.31B,43.73%,$0.12B,$0.54B,23.60%,$0.07B,$0.40B,18.59%,$120,$38,$82,$27,$41,$106,$14,$0,$14,$2,$11,$11,$11,$16,$14,$53,54,$0.21,$0.21,$284,$29,$0,$390,$19,$0,$96,$6,$149,$539,$104,$0,$33,$33,$137,$0,$-204,$0,$402,$539,$36,$4,$6,$10,$-20,$-4,$9,$-4,$-10,$36,$-0,$0,$0,$0,$31,$31,$-0,$30,$0,$0,$0,$3,$3,$0,$0,$3,$69,$5,$0
30,2011-03-31,16.29,$7.16,2.27,$8.39,1.94,$3.28,4.97,$2.23,7.3,$0.36B,$0.09B,3.91,$0.00B,$0.39B,0.0,$0.45B,$0.31B,69.64%,$0.45B,$0.07B,15.63%,$0.45B,$0.07B,15.63%,$0.45B,$0.08B,17.41%,$0.45B,$0.09B,19.42%,$0.45B,$0.12B,26.56%,$0.12B,$0.39B,36.25%,$0.12B,$0.29B,51.68%,$0.12B,$0.51B,26.25%,$0.07B,$0.39B,21.33%,$112,$36,$77,$24,$38,$97,$15,$19,$34,$9,$24,$24,$24,$17,$15,$53,54,$0.46,$0.45,$266,$32,$0,$363,$20,$0,$97,$6,$148,$511,$93,$0,$32,$32,$125,$0,$-215,$0,$386,$511,$24,$2,$4,$7,$-2,$-7,$4,$-10,$-12,$19,$-0,$0,$0,$0,$7,$7,$-0,$6,$0,$0,$0,$2,$2,$0,$0,$2,$26,$2,$0
31,2010-12-31,14.13,$6.69,2.11,$8.25,1.71,$3.07,4.6,$1.96,7.21,$0.33B,$0.09B,3.8,$0.00B,$0.36B,0.0,$0.44B,$0.31B,70.32%,$0.44B,$0.07B,14.84%,$0.44B,$0.07B,14.84%,$0.44B,$0.07B,16.89%,$0.44B,$0.06B,14.38%,$0.44B,$0.10B,23.74%,$0.10B,$0.36B,35.25%,$0.10B,$0.26B,52.86%,$0.10B,$0.47B,24.78%,$0.07B,$0.36B,22.03%,$120,$35,$84,$31,$37,$104,$16,$-0,$15,$-43,$59,$59,$59,$18,$16,$53,53,$1.11,$1.10,$247,$25,$0,$325,$21,$0,$98,$6,$150,$474,$85,$0,$31,$31,$117,$0,$-240,$0,$358,$474,$105,$9,$-34,$-25,$-17,$1,$0,$4,$-12,$67,$-0,$0,$0,$0,$-20,$-20,$1,$-18,$0,$0,$0,$3,$3,$0,$0,$3,$54,$8,$0
32,2010-09-30,14.2,$5.55,2.56,$7.95,1.79,$1.82,7.79,$-0.53,0.0,$0.30B,$0.08B,3.85,$0.00B,$0.30B,0.0,$0.42B,$0.30B,70.24%,$0.42B,$0.02B,5.71%,$0.42B,$0.02B,5.71%,$0.42B,$0.03B,7.86%,$0.42B,$0.02B,4.29%,$0.42B,$-0.03B,-6.67%,$-0.03B,$0.30B,-10.55%,$-0.03B,$0.20B,-16.77%,$-0.03B,$0.43B,-7.09%,$0.02B,$0.30B,9.04%,$106,$32,$74,$17,$36,$84,$22,$0,$22,$1,$21,$21,$21,$24,$22,$53,53,$0.40,$0.40,$227,$30,$0,$299,$21,$0,$98,$6,$125,$425,$78,$0,$32,$51,$129,$0,$-298,$0,$296,$425,$46,$8,$9,$17,$-4,$-4,$4,$2,$-14,$49,$-0,$0,$0,$0,$-21,$-21,$1,$-19,$0,$0,$0,$3,$3,$0,$0,$3,$33,$7,$0
33,2010-06-30,7.61,$5.11,1.49,$7.86,0.97,$0.84,9.04,$-0.99,0.0,$0.28B,$0.08B,3.44,$0.00B,$0.27B,0.0,$0.41B,$0.29B,70.46%,$0.41B,$0.00B,0.73%,$0.41B,$0.00B,0.73%,$0.41B,$0.01B,2.91%,$0.41B,$-0.00B,-0.73%,$0.41B,$-0.05B,-12.59%,$-0.05B,$0.27B,-19.33%,$-0.05B,$0.17B,-28.15%,$-0.05B,$0.40B,-13.30%,$0.00B,$0.27B,1.12%,$110,$34,$77,$21,$39,$94,$17,$-0,$16,$1,$15,$15,$15,$19,$17,$53,53,$0.29,$0.29,$219,$28,$0,$275,$22,$0,$98,$7,$128,$403,$80,$0,$31,$50,$130,$0,$-319,$-0,$273,$403,$25,$5,$7,$12,$8,$-3,$-0,$3,$4,$41,$-0,$0,$0,$0,$-15,$-15,$0,$-15,$0,$0,$0,$3,$3,$0,$0,$3,$29,$5,$0
34,2010-03-31,7.84,$4.78,1.64,$7.76,1.01,$0.30,26.12,$-1.21,0.0,$0.25B,$0.08B,3.31,$0.00B,$0.25B,0.0,$0.41B,$0.29B,70.76%,$0.41B,$-0.01B,-1.97%,$0.41B,$-0.01B,-1.97%,$0.41B,$0.00B,0.25%,$0.41B,$-0.01B,-2.95%,$0.41B,$-0.06B,-15.48%,$-0.06B,$0.25B,-22.66%,$-0.06B,$0.16B,-30.32%,$-0.06B,$0.38B,-15.92%,$-0.01B,$0.25B,-2.88%,$102,$29,$73,$17,$46,$92,$10,$-0,$10,$1,$9,$9,$9,$13,$10,$52,53,$0.18,$0.18,$184,$25,$0,$248,$23,$0,$99,$7,$129,$377,$75,$0,$30,$49,$124,$0,$-335,$-0,$253,$377,$9,$3,$3,$6,$0,$1,$-1,$1,$-8,$7,$-0,$0,$0,$0,$-6,$-6,$-0,$-6,$0,$0,$0,$1,$1,$0,$0,$1,$3,$3,$0
35,2009-12-31,8.34,$4.55,1.83,$7.73,1.08,$-0.06,0.0,$-1.45,0.0,$0.24B,$0.09B,2.8,$0.00B,$0.24B,0.0,$0.40B,$0.29B,70.79%,$0.40B,$-0.03B,-6.19%,$0.40B,$-0.03B,-6.19%,$0.40B,$-0.02B,-4.21%,$0.40B,$-0.03B,-6.93%,$0.40B,$-0.08B,-18.56%,$-0.08B,$0.24B,-25.88%,$-0.08B,$0.14B,-32.15%,$-0.08B,$0.38B,-18.62%,$-0.03B,$0.24B,-8.63%,$102,$31,$71,$49,$47,$127,$-25,$-5,$-30,$44,$-73,$-73,$-73,$-23,$-25,$52,52,$-1.41,$-1.41,$176,$26,$0,$243,$25,$0,$100,$7,$132,$375,$87,$0,$29,$48,$134,$0,$-344,$-0,$240,$375,$-76,$8,$73,$81,$4,$3,$-8,$-10,$-3,$1,$-0,$0,$-37,$0,$28,$28,$-2,$-11,$0,$0,$0,$2,$2,$0,$0,$2,$-9,$19,$0
36,2009-09-30,11.01,$5.87,1.88,$7.58,1.45,$0.29,38.19,$-0.13,0.0,$0.25B,$0.07B,3.58,$0.00B,$0.31B,0.0,$0.40B,$0.28B,71.72%,$0.40B,$-0.00B,-0.51%,$0.40B,$-0.00B,-0.51%,$0.40B,$0.01B,1.26%,$0.40B,0,0.00%,$0.40B,$-0.01B,-1.52%,$-0.01B,$0.31B,-1.97%,$-0.01B,$0.27B,-2.23%,$-0.01B,$0.41B,-1.48%,$-0.00B,$0.31B,-0.66%,$99,$28,$70,$22,$47,$98,$1,$0,$1,$4,$-3,$-3,$-3,$3,$1,$52,52,$-0.06,$-0.06,$172,$19,$0,$253,$26,$0,$42,$84,$157,$409,$71,$0,$28,$28,$99,$0,$-271,$-0,$310,$409,$-3,$6,$19,$25,$-10,$9,$-11,$-5,$-26,$-4,$-0,$0,$-37,$0,$13,$13,$-2,$-27,$0,$0,$0,$2,$2,$0,$0,$2,$-29,$15,$0
37,2009-06-30,8.39,$5.86,1.43,$7.39,1.14,$0.53,15.7,$-0.32,0.0,$0.26B,$0.09B,3.07,$0.00B,$0.31B,0.0,$0.39B,$0.28B,72.73%,$0.39B,$-0.02B,-6.23%,$0.39B,$-0.02B,-6.23%,$0.39B,$-0.02B,-4.68%,$0.39B,$-0.02B,-5.45%,$0.39B,$-0.02B,-4.16%,$-0.02B,$0.31B,-5.32%,$-0.02B,$0.27B,-5.90%,$-0.02B,$0.42B,-4.05%,$-0.02B,$0.31B,-7.98%,$104,$30,$74,$22,$46,$98,$6,$1,$7,$3,$4,$4,$4,$8,$6,$52,53,$0.07,$0.07,$185,$26,$0,$260,$27,$0,$43,$82,$162,$422,$85,$0,$28,$28,$113,$0,$-267,$-0,$309,$422,$0,$4,$12,$15,$4,$3,$-4,$-6,$-4,$12,$-0,$0,$-38,$0,$19,$19,$-3,$-22,$0,$0,$0,$1,$1,$0,$0,$1,$-10,$11,$0
38,2009-03-31,10.84,$5.69,1.91,$7.06,1.53,$0.58,18.62,$-0.31,0.0,$0.24B,$0.08B,3.12,$0.00B,$0.30B,0.0,$0.37B,$0.27B,73.64%,$0.37B,$-0.02B,-6.52%,$0.37B,$-0.02B,-6.52%,$0.37B,$-0.02B,-5.16%,$0.37B,$-0.02B,-5.43%,$0.37B,$-0.02B,-4.35%,$-0.02B,$0.30B,-5.36%,$-0.02B,$0.26B,-5.80%,$-0.02B,$0.41B,-4.19%,$-0.02B,$0.30B,-8.04%,$99,$28,$71,$24,$54,$106,$-7,$1,$-6,$-3,$-3,$-3,$-3,$-5,$-7,$52,52,$-0.06,$-0.06,$164,$24,$0,$241,$28,$0,$43,$81,$164,$405,$77,$0,$28,$28,$105,$0,$-271,$-0,$300,$405,$-3,$2,$3,$5,$-1,$4,$-9,$-4,$-7,$-6,$-6,$0,$-37,$0,$8,$8,$-3,$-37,$0,$0,$0,$1,$1,$0,$0,$1,$-43,$5,$0
39,2008-12-31,14.73,$5.70,2.58,$6.68,2.21,$0.65,22.55,$-0.16,0.0,$0.30B,$0.08B,3.54,$0.00B,$0.30B,0.0,$0.35B,$0.26B,74.71%,$0.35B,$-0.01B,-3.16%,$0.35B,$-0.01B,-3.16%,$0.35B,$-0.01B,-2.01%,$0.35B,$-0.01B,-1.44%,$0.35B,$-0.01B,-2.30%,$-0.01B,$0.30B,-2.70%,$-0.01B,$0.28B,-2.86%,$-0.01B,$0.39B,-2.16%,$-0.01B,$0.30B,-3.72%,$94,$25,$69,$23,$48,$96,$-2,$-0,$-2,$2,$-4,$-4,$-4,$-1,$-2,$52,52,$-0.08,$-0.08,$216,$28,$0,$296,$27,$0,$16,$10,$92,$387,$84,$0,$6,$6,$89,$0,$-268,$1,$298,$387,$-9,$3,$46,$49,$-7,$7,$3,$13,$-3,$38,$-19,$-2,$-24,$0,$-5,$-5,$0,$-50,$0,$0,$0,$6,$6,$0,$0,$6,$-7,$23,$0
40,2008-09-30,23.22,$5.66,4.1,$6.27,3.7,$0.96,24.13,$-0.05,0.0,$0.29B,$0.07B,4.05,$0.00B,$0.30B,0.0,$0.33B,$0.25B,75.46%,$0.33B,$-0.01B,-3.07%,$0.33B,$-0.01B,-3.07%,$0.33B,$-0.01B,-2.15%,$0.33B,$-0.00B,-0.31%,$0.33B,$-0.00B,-0.61%,$-0.00B,$0.30B,-0.69%,$-0.00B,$0.28B,-0.73%,$-0.00B,$0.37B,-0.55%,$-0.01B,$0.30B,-3.44%,$88,$22,$66,$44,$43,$109,$-21,$1,$-20,$-7,$-13,$-13,$-13,$-20,$-21,$52,52,$-0.25,$-0.25,$206,$25,$0,$289,$6,$0,$16,$10,$78,$367,$71,$0,$0,$0,$71,$0,$-264,$-1,$296,$367,$-4,$2,$40,$41,$-15,$10,$-3,$4,$-24,$13,$-4,$-2,$-24,$0,$1,$1,$0,$-28,$0,$0,$0,$6,$6,$0,$0,$6,$-10,$17,$0
41,2008-06-30,19.82,$5.76,3.44,$5.78,3.43,$1.14,17.44,$-0.26,0.0,$0.31B,$0.07B,4.45,$0.00B,$0.30B,0.0,$0.30B,$0.23B,75.33%,$0.30B,$-0.02B,-5.67%,$0.30B,$-0.02B,-5.67%,$0.30B,$-0.02B,-5.00%,$0.30B,$-0.01B,-2.33%,$0.30B,$-0.01B,-4.33%,$-0.01B,$0.30B,-4.57%,$-0.01B,$0.29B,-4.82%,$-0.01B,$0.37B,-3.64%,$-0.02B,$0.30B,-5.98%,$87,$22,$65,$20,$39,$81,$6,$2,$8,$4,$4,$4,$4,$7,$6,$52,52,$0.08,$0.08,$238,$30,$0,$305,$4,$0,$15,$5,$63,$368,$68,$0,$0,$0,$68,$0,$-251,$0,$300,$368,$9,$1,$18,$19,$1,$6,$-2,$-4,$-11,$16,$-2,$0,$0,$0,$-0,$-0,$0,$-2,$0,$0,$0,$2,$2,$0,$0,$2,$16,$11,$0
42,2008-03-31,20.2,$5.56,3.63,$5.20,3.88,$1.07,18.85,$-0.32,0.0,$0.29B,$0.07B,4.3,$0.00B,$0.29B,0.0,$0.27B,$0.20B,75.09%,$0.27B,$-0.02B,-8.92%,$0.27B,$-0.02B,-8.92%,$0.27B,$-0.02B,-8.55%,$0.27B,$-0.01B,-5.20%,$0.27B,$-0.02B,-5.95%,$-0.02B,$0.29B,-5.68%,$-0.02B,$0.27B,-5.91%,$-0.02B,$0.36B,-4.59%,$-0.02B,$0.29B,-8.52%,$79,$19,$60,$19,$35,$73,$6,$2,$9,$4,$5,$5,$5,$7,$6,$52,52,$0.09,$0.09,$216,$33,$0,$290,$3,$0,$15,$5,$66,$357,$67,$0,$0,$0,$67,$0,$-255,$1,$289,$357,$5,$0,$8,$8,$-4,$2,$-4,$-2,$-20,$-7,$-1,$0,$0,$0,$-4,$-4,$0,$-5,$0,$0,$0,$1,$1,$0,$0,$1,$-10,$5,$0
43,2007-12-31,19.16,$5.36,3.58,$4.94,3.88,$1.01,19.05,$-0.35,0.0,$0.29B,$0.08B,3.49,$0.00B,$0.28B,0.0,$0.26B,$0.19B,74.32%,$0.26B,$-0.03B,-10.89%,$0.26B,$-0.03B,-10.89%,$0.26B,$-0.03B,-10.89%,$0.26B,$-0.02B,-7.00%,$0.26B,$-0.02B,-7.00%,$-0.02B,$0.28B,-6.42%,$-0.02B,$0.26B,-6.59%,$-0.02B,$0.36B,-5.26%,$-0.03B,$0.28B,-9.98%,$72,$17,$55,$23,$32,$73,$-1,$3,$2,$0,$2,$2,$2,$-1,$-1,$52,52,$0.03,$0.03,$222,$35,$0,$292,$3,$0,$15,$5,$69,$362,$84,$0,$0,$0,$84,$0,$-259,$0,$278,$362,$-18,$0,$17,$17,$-4,$6,$1,$-2,$37,$36,$-2,$-15,$0,$0,$-11,$-11,$-5,$-33,$0,$0,$0,$9,$9,$0,$0,$9,$13,$15,$0
44,2007-09-30,17.81,$5.23,3.41,$4.72,3.77,$0.95,18.74,$0.66,26.98,$0.28B,$0.07B,3.98,$0.00B,$0.27B,0.0,$0.25B,$0.18B,74.69%,$0.25B,$-0.02B,-8.98%,$0.25B,$-0.02B,-8.98%,$0.25B,$-0.02B,-8.98%,$0.25B,$-0.01B,-4.90%,$0.25B,$0.03B,13.88%,$0.03B,$0.27B,12.21%,$0.03B,$0.26B,12.37%,$0.03B,$0.34B,10.26%,$-0.02B,$0.27B,-7.90%,$62,$16,$46,$19,$55,$90,$-28,$3,$-26,$-2,$-24,$-24,$-24,$-28,$-28,$52,52,$-0.46,$-0.46,$210,$29,$0,$283,$3,$0,$15,$0,$59,$342,$71,$0,$0,$0,$71,$0,$-261,$0,$271,$342,$-20,$0,$11,$12,$-9,$13,$-4,$-2,$27,$19,$-1,$-15,$0,$0,$-15,$-15,$0,$-31,$0,$0,$0,$9,$9,$0,$0,$9,$-3,$11,$0
45,2007-06-30,17.62,$5.59,3.15,$4.68,3.76,$1.04,16.99,$1.33,13.25,$0.29B,$0.04B,6.96,$0.00B,$0.29B,0.0,$0.24B,$0.18B,74.90%,$0.24B,$0.02B,6.17%,$0.24B,$0.02B,6.17%,$0.24B,$0.02B,6.17%,$0.24B,$0.03B,10.29%,$0.24B,$0.07B,28.40%,$0.07B,$0.29B,26.46%,$0.07B,$0.29B,26.46%,$0.07B,$0.33B,22.48%,$0.02B,$0.29B,5.75%,$56,$15,$41,$16,$27,$58,$-1,$3,$1,$1,$1,$1,$1,$-1,$-1,$52,52,$0.02,$0.02,$217,$33,$0,$290,$3,$0,$0,$0,$44,$334,$42,$0,$0,$3,$44,$0,$-237,$-0,$289,$334,$4,$0,$9,$10,$-6,$8,$-6,$-0,$-2,$11,$-1,$0,$0,$0,$-19,$-19,$0,$-20,$0,$0,$0,$8,$8,$0,$0,$8,$-0,$7,$0
46,2007-03-31,25.08,$5.50,4.56,$4.78,5.25,$0.84,29.94,$1.53,16.39,$0.29B,$0.04B,6.56,$0.00B,$0.28B,0.0,$0.25B,$0.19B,75.20%,$0.25B,$0.03B,10.16%,$0.25B,$0.03B,10.16%,$0.25B,$0.03B,10.16%,$0.25B,$0.04B,14.23%,$0.25B,$0.08B,32.11%,$0.08B,$0.28B,33.76%,$0.08B,$0.28B,33.76%,$0.08B,$0.33B,28.34%,$0.03B,$0.28B,10.68%,$67,$18,$49,$19,$27,$64,$2,$3,$5,$2,$3,$3,$3,$2,$2,$51,53,$0.06,$0.06,$193,$38,$0,$286,$3,$0,$0,$0,$44,$331,$44,$0,$0,$3,$46,$0,$-238,$0,$284,$331,$3,$0,$5,$5,$-22,$4,$-6,$1,$-20,$-11,$-0,$0,$0,$0,$13,$13,$0,$12,$0,$0,$0,$8,$8,$0,$0,$8,$9,$3,$0
47,2006-12-31,31.72,$5.27,6.02,$4.22,7.52,$0.71,44.78,$1.23,25.79,$0.27B,$0.05B,5.99,$0.00B,$0.27B,0.0,$0.21B,$0.16B,75.70%,$0.21B,$0.01B,4.67%,$0.21B,$0.01B,4.67%,$0.21B,$0.01B,4.67%,$0.21B,$0.02B,8.41%,$0.21B,$0.06B,29.91%,$0.06B,$0.27B,31.49%,$0.06B,$0.27B,31.49%,$0.06B,$0.32B,26.18%,$0.01B,$0.27B,4.92%,$60,$14,$47,$19,$22,$55,$5,$2,$8,$-46,$54,$54,$54,$5,$5,$50,51,$1.08,$1.06,$197,$42,$0,$274,$3,$0,$0,$0,$44,$319,$46,$0,$0,$3,$49,$0,$-241,$-0,$270,$319,$64,$0,$-38,$-38,$-7,$6,$3,$-4,$6,$32,$-1,$0,$0,$0,$-6,$-6,$0,$-6,$0,$0,$0,$24,$24,$0,$0,$24,$50,$8,$0
