,Date,Stock Price,Book Value per Share,Price to Book Ratio,TTM Sales per Share,Price to Sales Ratio,TTM FCF per Share,Price to FCF Ratio,TTM Net EPS,PE Ratio,Current Assets,Current Liabilities,Current Ratio,Long Term Debt,Shareholder's Equity_x,Debt to Equity Ratio,TTM Revenue_x,TTM Gross Profit,Gross Margin,TTM Revenue_y,TTM Operating Income,Operating Margin,TTM Revenue_x,TTM EBIT,EBIT Margin,TTM Revenue_y,TTM EBITDA,EBITDA Margin,TTM Revenue_x,TTM Pre-Tax Income,Pre-Tax Margin,TTM Revenue_y,TTM Net Income_x,Net Margin,TTM Net Income_y,Shareholder's Equity_y,Return on Equity,TTM Net Income_x,Tangible Equity,Return on Tangible Equity,TTM Net Income_y,Total Assets,Return on Assets,TTM Net Income,LT Investments & Debt,Return on Investment,revenue,cost-goods-sold,gross-profit,research-development-expenses,selling-general-administrative-expenses,operating-expenses,operating-income,total-non-operating-income-expense,pre-tax-income,total-provision-income-taxes,income-after-taxes,income-from-continuous-operations,net-income,ebitda,ebit,basic-shares-outstanding,shares-outstanding,eps-basic-net-earnings-per-share,eps-earnings-per-share-diluted,cash-on-hand,inventory,other-current-assets,total-current-assets,net-property-plant-equipment,long-term-investments,goodwill-intangible-assets-total,other-long-term-assets,total-long-term-assets,total-assets,total-current-liabilities,long-term-debt,other-non-current-liabilities,total-long-term-liabilities,total-liabilities,common-stock-net,retained-earnings-accumulated-deficit,comprehensive-income,total-share-holder-equity,total-liabilities-share-holders-equity,net-income-loss,total-depreciation-amortization-cash-flow,other-non-cash-items,total-non-cash-items,change-in-accounts-receivable,change-in-inventories,change-in-accounts-payable,change-in-assets-liabilities,total-change-in-assets-liabilities,cash-flow-from-operating-activities,net-change-in-property-plant-equipment,net-change-in-intangible-assets,net-acquisitions-divestitures,net-change-in-short-term-investments,net-change-in-long-term-investments,net-change-in-investments-total,investing-activities-other,cash-flow-from-investing-activities,net-long-term-debt,net-current-debt,debt-issuance-retirement-net-total,net-common-equity-issued-repurchased,net-total-equity-issued-repurchased,total-common-preferred-stock-dividends-paid,financial-activities-other,cash-flow-from-financial-activities,net-cash-flow,stock-based-compensation,common-stock-dividends-paid
0,2018-09-30,14.25,$6.39,2.23,$11.64,1.22,$0.25,57.95,$-0.03,0.0,$0.84B,$0.89B,0.94,$1.80B,$1.12B,1.61,$2.08B,$0.87B,41.65%,$2.08B,$-0.08B,-3.70%,$2.08B,$-0.08B,-3.70%,$2.08B,$0.19B,9.09%,$2.08B,$-0.03B,-1.20%,$2.08B,$-0.00B,-0.24%,$-0.00B,$1.12B,-0.44%,$-0.00B,$-1.97B,0.28%,$-0.00B,$4.52B,-0.11%,$-0.08B,$2.91B,-2.76%,$522,$304,$218,$70,$133,$520,$2,$-30,$-28,$-4,$-24,$-24,$-36,$71,$2,$175,175,$-0.20,$-0.20,$120,$0,$72,$844,$160,$0,$3082,$188,$3674,$4518,$894,$1795,$96,$2507,$3401,$3,$-251,$-5,$1117,$4518,$22,$201,$-102,$99,$8,$0,$19,$-70,$-39,$82,$-128,$0,$-103,$-3,$0,$-3,$0,$-233,$-8,$237,$229,$-108,$-108,$0,$-12,$109,$-43,$30,$0
1,2018-06-30,12.0,$6.54,1.83,$11.14,1.08,$0.65,18.33,$0.01,1200.0,$0.86B,$0.91B,0.94,$1.61B,$1.14B,1.41,$2.01B,$0.85B,42.37%,$2.01B,$-0.05B,-2.69%,$2.01B,$-0.05B,-2.69%,$2.01B,$0.20B,9.82%,$2.01B,$-0.02B,-0.75%,$2.01B,$0.00B,0.10%,$0.00B,$1.14B,0.18%,$0.00B,$-1.81B,-0.12%,$0.00B,$4.35B,0.05%,$-0.05B,$2.76B,-2.00%,$526,$313,$213,$80,$149,$584,$-59,$137,$79,$4,$75,$75,$65,$8,$-59,$176,179,$0.36,$0.36,$141,$0,$64,$856,$161,$0,$2947,$161,$3498,$4354,$907,$1614,$80,$2305,$3212,$3,$-228,$-4,$1142,$4354,$46,$132,$-107,$25,$11,$0,$19,$-34,$-4,$67,$-86,$0,$68,$0,$-3,$-3,$0,$-21,$-5,$58,$53,$-109,$-109,$0,$-12,$-67,$-22,$20,$0
2,2018-03-31,12.35,$6.24,1.98,$10.56,1.17,$0.83,14.85,$-1.20,0.0,$0.91B,$0.89B,1.02,$1.70B,$1.11B,1.53,$1.91B,$0.82B,43.23%,$1.91B,$0.03B,1.36%,$1.91B,$0.03B,1.36%,$1.91B,$0.26B,13.75%,$1.91B,$-0.24B,-12.49%,$1.91B,$-0.22B,-11.39%,$-0.22B,$1.11B,-18.94%,$-0.22B,$-1.77B,13.47%,$-0.22B,$4.37B,-5.34%,$0.03B,$2.81B,0.99%,$514,$293,$221,$70,$143,$518,$-4,$-32,$-36,$-3,$-33,$-33,$-40,$62,$-4,$180,180,$-0.22,$-0.22,$144,$0,$45,$911,$165,$0,$2878,$170,$3459,$4370,$889,$1697,$73,$2371,$3260,$3,$-319,$-2,$1110,$4370,$-29,$66,$13,$78,$35,$0,$4,$-23,$8,$58,$-41,$0,$-109,$0,$0,$0,$0,$-150,$-3,$145,$142,$-57,$-57,$0,$-12,$73,$-19,$12,$0
3,2017-12-31,14.55,$6.42,2.27,$9.99,1.46,$0.88,16.47,$-1.09,0.0,$0.85B,$0.87B,0.97,$1.54B,$1.16B,1.33,$1.81B,$0.78B,43.32%,$1.81B,$0.04B,2.27%,$1.81B,$0.04B,2.27%,$1.81B,$0.26B,14.46%,$1.81B,$-0.21B,-11.63%,$1.81B,$-0.20B,-10.91%,$-0.20B,$1.16B,-16.91%,$-0.20B,$-1.67B,12.84%,$-0.20B,$4.23B,-5.02%,$0.04B,$2.70B,1.61%,$517,$303,$214,$73,$146,$533,$-16,$-24,$-40,$-50,$10,$10,$6,$48,$-16,$181,181,$0.03,$0.03,$162,$0,$0,$846,$166,$0,$2832,$149,$3384,$4230,$868,$1539,$92,$2202,$3070,$3,$-338,$-2,$1160,$4230,$-154,$219,$151,$370,$-99,$0,$-18,$154,$64,$279,$-185,$0,$-222,$0,$-6,$-6,$0,$-413,$-12,$232,$220,$-9,$-9,$0,$-12,$199,$66,$39,$0
4,2017-09-30,14.23,$6.35,2.24,$9.41,1.51,$1.07,13.35,$-1.16,0.0,$0.67B,$0.68B,0.98,$1.38B,$1.15B,1.2,$1.71B,$0.75B,44.02%,$1.71B,$0.07B,4.03%,$1.71B,$0.07B,4.03%,$1.71B,$0.28B,16.17%,$1.71B,$-0.18B,-10.62%,$1.71B,$-0.21B,-12.26%,$-0.21B,$1.15B,-17.60%,$-0.21B,$-1.54B,14.34%,$-0.21B,$3.88B,-5.49%,$0.07B,$2.53B,2.74%,$449,$248,$202,$51,$117,$424,$25,$-43,$-18,$-0,$-17,$-17,$-29,$79,$25,$181,181,$-0.16,$-0.16,$109,$0,$0,$668,$165,$0,$2689,$149,$3215,$3883,$684,$1381,$86,$2052,$2737,$3,$-355,$-2,$1147,$3883,$-169,$155,$191,$346,$-31,$0,$3,$25,$-4,$173,$-147,$0,$-54,$-5,$0,$-5,$0,$-207,$-9,$74,$65,$-11,$-11,$0,$-9,$46,$13,$28,$0
5,2017-06-30,12.76,$6.45,1.98,$9.03,1.41,$1.41,9.07,$-1.06,0.0,$0.62B,$0.67B,0.93,$1.31B,$1.17B,1.13,$1.66B,$0.72B,43.36%,$1.66B,$0.06B,3.68%,$1.66B,$0.06B,3.68%,$1.66B,$0.26B,15.64%,$1.66B,$-0.17B,-10.02%,$1.66B,$-0.19B,-11.53%,$-0.19B,$1.17B,-15.29%,$-0.19B,$-1.46B,13.75%,$-0.19B,$3.78B,-5.02%,$0.06B,$2.48B,2.41%,$426,$239,$187,$46,$112,$405,$21,$-165,$-144,$-1,$-143,$-143,$-154,$73,$21,$181,181,$-0.85,$-0.85,$89,$0,$0,$623,$160,$63,$2628,$113,$3161,$3784,$672,$1314,$66,$1946,$2619,$3,$-337,$-2,$1165,$3784,$-152,$101,$160,$262,$-13,$0,$-3,$22,$-1,$109,$-97,$0,$-4,$0,$-1,$-1,$0,$-102,$-6,$9,$3,$-12,$-12,$0,$-7,$-16,$-7,$18,$0
6,2017-03-31,12.68,$6.55,1.94,$8.75,1.45,$1.76,7.22,$-0.26,0.0,$0.63B,$0.70B,0.9,$1.30B,$1.19B,1.09,$1.62B,$0.70B,43.17%,$1.62B,$0.06B,3.65%,$1.62B,$0.06B,3.65%,$1.62B,$0.25B,15.28%,$1.62B,$-0.03B,-1.55%,$1.62B,$-0.05B,-2.91%,$-0.05B,$1.19B,-3.63%,$-0.05B,$-1.46B,3.54%,$-0.05B,$3.80B,-1.24%,$0.06B,$2.49B,2.32%,$413,$235,$179,$49,$111,$402,$11,$-20,$-8,$0,$-9,$-9,$-20,$61,$11,$181,181,$-0.11,$-0.11,$104,$0,$0,$627,$153,$74,$2649,$117,$3172,$3799,$698,$1298,$57,$1912,$2610,$3,$-195,$-134,$1189,$3799,$-9,$50,$7,$57,$-8,$0,$3,$43,$27,$75,$-49,$0,$-4,$0,$0,$0,$0,$-53,$-3,$-7,$-10,$0,$0,$0,$-6,$-16,$8,$8,$0
7,2016-12-31,10.21,$7.05,1.45,$8.27,1.23,$1.89,5.42,$-0.14,0.0,$0.60B,$0.67B,0.91,$1.31B,$1.27B,1.03,$1.55B,$0.67B,43.29%,$1.55B,$0.06B,3.87%,$1.55B,$0.06B,3.87%,$1.55B,$0.23B,14.97%,$1.55B,$-0.01B,-0.90%,$1.55B,$-0.03B,-1.61%,$-0.03B,$1.27B,-1.86%,$-0.03B,$-1.39B,2.49%,$-0.03B,$3.83B,-0.72%,$0.06B,$2.58B,2.49%,$425,$239,$186,$48,$115,$413,$12,$-25,$-12,$-15,$3,$3,$-7,$64,$12,$186,186,$-0.04,$-0.04,$97,$0,$0,$604,$149,$149,$2665,$98,$3228,$3832,$667,$1305,$40,$1892,$2559,$3,$-187,$-62,$1273,$3832,$3,$172,$39,$212,$-18,$0,$40,$34,$54,$269,$-138,$0,$-995,$0,$-21,$-21,$0,$-1154,$-6,$666,$660,$-121,$212,$0,$-7,$865,$-20,$43,$0
8,2016-09-30,13.17,$7.40,1.78,$7.86,1.68,$1.96,6.72,$-0.01,0.0,$0.59B,$0.63B,0.94,$1.21B,$1.37B,0.88,$1.47B,$0.64B,43.44%,$1.47B,$0.07B,4.83%,$1.47B,$0.07B,4.83%,$1.47B,$0.23B,15.50%,$1.47B,$0.01B,0.88%,$1.47B,$-0.00B,-0.14%,$-0.00B,$1.37B,-0.14%,$-0.00B,$-1.24B,0.29%,$-0.00B,$3.81B,-0.06%,$0.07B,$2.58B,3.12%,$392,$226,$166,$45,$99,$376,$17,$-19,$-2,$-3,$0,$0,$-10,$61,$17,$186,186,$-0.06,$-0.06,$77,$0,$0,$590,$145,$197,$2613,$122,$3220,$3810,$626,$1210,$53,$1814,$2440,$3,$-190,$-12,$1370,$3810,$0,$120,$39,$159,$-13,$0,$26,$34,$26,$185,$-95,$0,$-935,$-21,$0,$-21,$0,$-1051,$-4,$574,$570,$-71,$263,$0,$-6,$826,$-40,$30,$0
9,2016-06-30,12.7,$7.24,1.75,$7.62,1.67,$1.91,6.66,$0.02,635.0,$0.59B,$0.61B,0.98,$1.17B,$1.35B,0.86,$1.43B,$0.63B,43.68%,$1.43B,$0.06B,4.40%,$1.43B,$0.06B,4.40%,$1.43B,$0.22B,15.14%,$1.43B,$0.01B,0.98%,$1.43B,$0.00B,0.21%,$0.00B,$1.35B,0.22%,$0.00B,$-1.21B,-0.70%,$0.00B,$3.71B,0.10%,$0.06B,$2.52B,2.94%,$387,$220,$167,$48,$95,$368,$19,$-21,$-3,$-1,$-2,$-2,$-10,$61,$19,$187,187,$-0.05,$-0.05,$91,$0,$0,$594,$144,$188,$2563,$122,$3116,$3710,$607,$1166,$54,$1752,$2359,$3,$-190,$-22,$1351,$3710,$-0,$77,$31,$107,$-12,$0,$16,$42,$25,$132,$-54,$0,$-906,$0,$-21,$-21,$0,$-980,$-2,$548,$546,$-52,$282,$0,$-6,$821,$-26,$20,$0
10,2016-03-31,13.21,$7.43,1.78,$7.49,1.76,$1.80,7.32,$0.06,220.17,$0.54B,$0.54B,0.99,$0.59B,$1.39B,0.42,$1.40B,$0.60B,43.13%,$1.40B,$0.05B,3.58%,$1.40B,$0.05B,3.58%,$1.40B,$0.20B,14.52%,$1.40B,$0.02B,1.07%,$1.40B,$0.01B,0.72%,$0.01B,$1.39B,0.71%,$0.01B,$-0.17B,-5.60%,$0.01B,$2.62B,0.37%,$0.05B,$1.98B,2.48%,$346,$194,$152,$47,$84,$334,$12,$-9,$3,$1,$2,$2,$2,$46,$12,$189,191,$0.01,$0.01,$100,$0,$0,$539,$118,$0,$1558,$321,$2085,$2624,$543,$587,$61,$692,$1235,$3,$-188,$-3,$1389,$2624,$2,$34,$17,$52,$-12,$0,$17,$48,$22,$76,$-23,$0,$0,$-1,$0,$-1,$0,$-23,$-0,$-28,$-28,$-38,$-38,$0,$-4,$-70,$-17,$10,$0
11,2015-12-31,15.38,$7.50,2.05,$7.53,2.04,$1.76,8.72,$-0.01,0.0,$0.54B,$0.51B,1.05,$0.61B,$1.42B,0.43,$1.39B,$0.58B,41.89%,$1.39B,$0.03B,2.31%,$1.39B,$0.03B,2.31%,$1.39B,$0.19B,13.91%,$1.39B,$0.00B,0.07%,$1.39B,$-0.00B,-0.14%,$-0.00B,$1.42B,-0.15%,$-0.00B,$-0.15B,0.94%,$-0.00B,$2.68B,-0.08%,$0.03B,$2.03B,1.62%,$346,$192,$154,$46,$79,$323,$23,$-8,$15,$-2,$16,$16,$16,$60,$23,$185,185,$0.09,$0.09,$117,$0,$0,$538,$126,$0,$1570,$360,$2144,$2682,$513,$613,$94,$750,$1263,$3,$-190,$-4,$1419,$2682,$-2,$161,$36,$197,$3,$0,$-12,$38,$16,$212,$-68,$0,$-9,$0,$-216,$-216,$4,$-289,$-1,$46,$45,$104,$104,$0,$-6,$142,$64,$35,$0
12,2015-09-30,12.41,$7.38,1.68,$7.56,1.64,$1.19,10.44,$-0.11,0.0,$0.55B,$0.49B,1.12,$0.64B,$1.40B,0.46,$1.38B,$0.56B,40.74%,$1.38B,$0.01B,0.72%,$1.38B,$0.01B,0.72%,$1.38B,$0.18B,12.74%,$1.38B,$-0.02B,-1.52%,$1.38B,$-0.02B,-1.45%,$-0.02B,$1.40B,-1.50%,$-0.02B,$-0.19B,7.82%,$-0.02B,$2.67B,-0.77%,$0.01B,$2.04B,0.52%,$354,$201,$153,$48,$91,$346,$9,$-10,$-1,$4,$-5,$-5,$-5,$50,$9,$189,189,$-0.03,$-0.03,$91,$0,$0,$550,$128,$0,$1584,$329,$2123,$2673,$490,$642,$63,$788,$1278,$3,$-207,$-4,$1396,$2673,$-18,$124,$32,$156,$7,$0,$-2,$8,$-10,$128,$-47,$0,$-9,$-209,$0,$-209,$0,$-265,$-0,$80,$79,$102,$102,$0,$-5,$176,$38,$27,$0
13,2015-06-30,13.68,$7.37,1.86,$7.60,1.8,$0.78,17.64,$-0.23,0.0,$0.54B,$0.52B,1.04,$0.63B,$1.39B,0.45,$1.37B,$0.54B,39.40%,$1.37B,$-0.02B,-1.31%,$1.37B,$-0.02B,-1.31%,$1.37B,$0.15B,10.92%,$1.37B,$-0.05B,-3.35%,$1.37B,$-0.04B,-2.99%,$-0.04B,$1.39B,-3.13%,$-0.04B,$-0.21B,13.96%,$-0.04B,$2.70B,-1.60%,$-0.02B,$2.02B,-0.96%,$352,$208,$144,$44,$87,$346,$6,$-7,$-2,$1,$-3,$-3,$-3,$47,$6,$182,182,$-0.01,$-0.01,$77,$0,$0,$540,$136,$0,$1597,$347,$2164,$2704,$521,$629,$84,$791,$1312,$3,$-201,$-2,$1392,$2704,$-13,$83,$18,$102,$11,$0,$-0,$16,$0,$89,$-31,$0,$-9,$1,$-210,$-209,$0,$-249,$-0,$88,$88,$101,$101,$0,$-5,$184,$23,$18,$0
14,2015-03-31,11.96,$7.07,1.69,$7.62,1.57,$0.48,25.15,$-0.31,0.0,$0.56B,$0.54B,1.04,$0.54B,$1.28B,0.42,$1.37B,$0.54B,39.14%,$1.37B,$-0.03B,-2.41%,$1.37B,$-0.03B,-2.41%,$1.37B,$0.14B,10.06%,$1.37B,$-0.06B,-4.37%,$1.37B,$-0.06B,-4.08%,$-0.06B,$1.28B,-4.35%,$-0.06B,$-0.31B,17.40%,$-0.06B,$2.51B,-2.21%,$-0.03B,$1.82B,-1.80%,$335,$205,$130,$47,$82,$340,$-6,$-5,$-11,$-1,$-10,$-10,$-10,$36,$-6,$181,181,$-0.06,$-0.06,$88,$0,$0,$557,$140,$0,$1587,$136,$1947,$2505,$538,$542,$67,$688,$1227,$3,$-198,$-3,$1278,$2505,$-10,$42,$9,$51,$5,$0,$12,$27,$18,$59,$-15,$0,$0,$1,$0,$1,$0,$-15,$-0,$-6,$-6,$0,$0,$0,$-2,$-8,$35,$9,$0
15,2014-12-31,12.77,$7.12,1.79,$7.67,1.67,$0.24,53.59,$-0.37,0.0,$0.49B,$0.52B,0.93,$0.54B,$1.28B,0.42,$1.38B,$0.55B,39.58%,$1.38B,$-0.04B,-2.83%,$1.38B,$-0.04B,-2.83%,$1.38B,$0.14B,9.80%,$1.38B,$-0.07B,-4.94%,$1.38B,$-0.07B,-4.87%,$-0.07B,$1.28B,-5.18%,$-0.07B,$-0.32B,20.57%,$-0.07B,$2.46B,-2.61%,$-0.04B,$1.82B,-2.13%,$341,$205,$136,$42,$85,$340,$1,$-7,$-7,$-4,$-2,$-2,$-2,$43,$1,$180,180,$-0.01,$-0.01,$53,$0,$0,$487,$146,$1,$1604,$138,$1977,$2464,$521,$539,$75,$659,$1180,$3,$-188,$-2,$1284,$2464,$-66,$174,$46,$220,$-15,$0,$-2,$19,$-50,$103,$-67,$0,$-20,$0,$-22,$-21,$0,$-109,$-0,$5,$5,$1,$1,$0,$-10,$-4,$-10,$39,$0
16,2014-09-30,13.42,$7.12,1.88,$7.75,1.73,$-0.16,0.0,$-0.48,0.0,$0.55B,$0.52B,1.05,$0.56B,$1.28B,0.44,$1.39B,$0.55B,39.44%,$1.39B,$-0.07B,-4.90%,$1.39B,$-0.07B,-4.90%,$1.39B,$0.11B,8.00%,$1.39B,$-0.10B,-6.92%,$1.39B,$-0.09B,-6.20%,$-0.09B,$1.28B,-6.61%,$-0.09B,$-0.34B,26.26%,$-0.09B,$2.57B,-3.30%,$-0.07B,$1.85B,-3.69%,$345,$214,$131,$46,$97,$364,$-19,$-7,$-26,$-0,$-26,$-26,$-26,$24,$-19,$180,180,$-0.15,$-0.15,$37,$0,$0,$549,$152,$1,$1623,$153,$2022,$2571,$524,$563,$89,$764,$1288,$3,$-186,$-1,$1283,$2571,$-64,$132,$41,$173,$-22,$0,$14,$-1,$-57,$52,$-49,$0,$0,$-22,$0,$-22,$-20,$-91,$-0,$18,$18,$2,$2,$0,$-7,$13,$-26,$32,$0
17,2014-06-30,16.05,$7.21,2.23,$7.69,2.09,$-0.32,0.0,$-0.60,0.0,$0.54B,$0.52B,1.05,$0.54B,$1.30B,0.41,$1.37B,$0.54B,39.50%,$1.37B,$-0.09B,-6.71%,$1.37B,$-0.09B,-6.71%,$1.37B,$0.09B,6.56%,$1.37B,$-0.12B,-8.82%,$1.37B,$-0.11B,-7.94%,$-0.11B,$1.30B,-8.30%,$-0.11B,$-0.32B,33.54%,$-0.11B,$2.59B,-4.16%,$-0.09B,$1.84B,-4.97%,$351,$211,$140,$53,$87,$360,$-9,$-7,$-16,$2,$-18,$-18,$-18,$35,$-9,$180,180,$-0.09,$-0.09,$39,$0,$0,$543,$163,$1,$1617,$180,$2050,$2593,$518,$537,$122,$776,$1293,$3,$-160,$-1,$1299,$2593,$-39,$89,$31,$120,$-23,$0,$4,$16,$-43,$38,$-35,$0,$0,$-14,$0,$-14,$0,$-49,$-0,$-8,$-8,$2,$2,$0,$-6,$-13,$-24,$22,$0
18,2014-03-31,18.03,$7.29,2.47,$7.68,2.35,$-0.41,0.0,$-0.64,0.0,$0.54B,$0.53B,1.02,$0.53B,$1.31B,0.41,$1.37B,$0.54B,39.39%,$1.37B,$-0.11B,-8.13%,$1.37B,$-0.11B,-8.13%,$1.37B,$0.07B,5.12%,$1.37B,$-0.14B,-10.47%,$1.37B,$-0.11B,-8.35%,$-0.11B,$1.31B,-8.56%,$-0.11B,$-0.33B,35.29%,$-0.11B,$2.63B,-4.31%,$-0.11B,$1.84B,-5.95%,$340,$202,$138,$52,$90,$352,$-12,$-7,$-19,$2,$-21,$-21,$-21,$33,$-12,$179,179,$-0.12,$-0.12,$42,$0,$0,$542,$168,$1,$1633,$198,$2092,$2634,$529,$530,$156,$798,$1327,$3,$-142,$-2,$1308,$2634,$-21,$45,$15,$60,$-28,$0,$-1,$52,$-18,$21,$-21,$0,$0,$-6,$0,$-6,$0,$-27,$-0,$-15,$-15,$2,$2,$0,$-2,$-16,$-21,$10,$0
19,2013-12-31,15.46,$7.37,2.1,$7.78,1.99,$-0.33,0.0,$-0.59,0.0,$0.54B,$0.52B,1.04,$0.55B,$1.32B,0.41,$1.37B,$0.53B,38.89%,$1.37B,$-0.13B,-9.25%,$1.37B,$-0.13B,-9.25%,$1.37B,$0.05B,3.71%,$1.37B,$-0.15B,-10.85%,$1.37B,$-0.11B,-7.65%,$-0.11B,$1.32B,-7.85%,$-0.11B,$-0.33B,31.65%,$-0.11B,$2.62B,-3.98%,$-0.13B,$1.86B,-6.85%,$351,$213,$138,$48,$109,$379,$-28,$-7,$-35,$-14,$-21,$-21,$-21,$19,$-28,$177,177,$-0.12,$-0.12,$63,$0,$0,$540,$174,$1,$1646,$163,$2080,$2620,$517,$545,$131,$784,$1302,$3,$-122,$-2,$1318,$2620,$-104,$179,$2,$181,$-8,$0,$24,$-41,$4,$81,$-116,$0,$0,$13,$0,$13,$-149,$-252,$336,$-149,$188,$-20,$-20,$0,$-36,$132,$-41,$37,$0
20,2013-09-30,14.87,$7.46,1.99,$7.76,1.92,$0.43,34.8,$-0.61,0.0,$0.56B,$0.52B,1.07,$0.53B,$1.33B,0.4,$1.37B,$0.53B,38.75%,$1.37B,$-0.13B,-9.18%,$1.37B,$-0.13B,-9.18%,$1.37B,$0.05B,3.28%,$1.37B,$-0.14B,-10.49%,$1.37B,$-0.11B,-7.87%,$-0.11B,$1.33B,-8.12%,$-0.11B,$-0.33B,36.55%,$-0.11B,$2.64B,-4.20%,$-0.13B,$1.86B,-7.00%,$330,$205,$126,$49,$105,$374,$-43,$-8,$-51,$-2,$-49,$-49,$-49,$3,$-43,$178,178,$-0.27,$-0.27,$61,$0,$0,$556,$167,$1,$1661,$157,$2083,$2638,$520,$531,$136,$787,$1307,$3,$-101,$-1,$1331,$2638,$-83,$132,$3,$134,$11,$0,$9,$-11,$12,$63,$-87,$0,$-149,$13,$0,$13,$0,$-223,$337,$-163,$173,$-20,$-20,$0,$-34,$119,$-43,$28,$0
21,2013-06-30,12.94,$7.68,1.68,$7.99,1.62,$0.97,13.39,$-0.29,0.0,$0.59B,$0.54B,1.1,$0.53B,$1.37B,0.39,$1.40B,$0.56B,40.10%,$1.40B,$-0.07B,-5.27%,$1.40B,$-0.07B,-5.27%,$1.40B,$0.09B,6.34%,$1.40B,$-0.10B,-7.34%,$1.40B,$-0.05B,-3.56%,$-0.05B,$1.37B,-3.78%,$-0.05B,$-0.31B,19.32%,$-0.05B,$2.68B,-1.99%,$-0.07B,$1.90B,-4.21%,$345,$209,$136,$52,$102,$373,$-28,$-9,$-38,$-15,$-23,$-23,$-23,$15,$-28,$178,178,$-0.13,$-0.13,$72,$0,$0,$594,$171,$1,$1678,$134,$2082,$2676,$539,$533,$114,$769,$1308,$3,$-52,$-2,$1368,$2676,$-34,$85,$-13,$72,$-6,$0,$21,$10,$13,$51,$-65,$0,$-149,$13,$0,$13,$0,$-201,$337,$-160,$176,$-22,$-22,$0,$-34,$120,$-32,$18,$0
22,2013-03-31,13.59,$7.53,1.8,$8.05,1.69,$1.41,9.61,$-0.12,0.0,$0.62B,$0.63B,0.99,$0.46B,$1.33B,0.34,$1.43B,$0.58B,40.87%,$1.43B,$-0.03B,-1.96%,$1.43B,$-0.03B,-1.96%,$1.43B,$0.13B,9.03%,$1.43B,$-0.05B,-3.64%,$1.43B,$-0.02B,-1.33%,$-0.02B,$1.33B,-1.46%,$-0.02B,$-0.36B,8.08%,$-0.02B,$2.62B,-0.77%,$-0.03B,$1.79B,-1.64%,$347,$213,$134,$51,$104,$375,$-28,$3,$-25,$-13,$-12,$-12,$-12,$14,$-28,$174,174,$-0.07,$-0.07,$92,$0,$0,$619,$162,$2,$1694,$45,$2004,$2623,$627,$459,$66,$661,$1289,$3,$-29,$-0,$1334,$2623,$-12,$42,$-16,$26,$-11,$0,$22,$21,$25,$39,$-24,$0,$-149,$13,$0,$13,$0,$-161,$-0,$101,$101,$8,$8,$0,$0,$109,$-12,$8,$0
23,2012-12-31,9.42,$7.45,1.26,$7.95,1.19,$1.55,6.1,$-0.02,0.0,$0.57B,$0.52B,1.11,$0.36B,$1.28B,0.28,$1.45B,$0.61B,41.88%,$1.45B,$0.01B,0.90%,$1.45B,$0.01B,0.90%,$1.45B,$0.16B,11.26%,$1.45B,$-0.02B,-1.17%,$1.45B,$-0.00B,-0.07%,$-0.00B,$1.28B,-0.07%,$-0.00B,$-0.18B,0.66%,$-0.00B,$2.35B,-0.04%,$0.01B,$1.65B,0.76%,$351,$215,$136,$50,$104,$378,$-27,$-3,$-30,$-6,$-24,$-24,$-24,$13,$-27,$179,179,$-0.13,$-0.13,$104,$0,$0,$573,$155,$2,$1466,$50,$1777,$2350,$518,$363,$39,$547,$1065,$3,$-18,$0,$1284,$2350,$-1,$150,$36,$187,$46,$0,$3,$-29,$37,$223,$-123,$0,$0,$0,$0,$0,$0,$-123,$-1,$73,$72,$-220,$-220,$0,$-7,$-155,$-54,$39,$0
24,2012-09-30,12.42,$7.58,1.64,$8.02,1.55,$1.95,6.37,$0.26,47.77,$0.63B,$0.54B,1.17,$0.39B,$1.30B,0.3,$1.48B,$0.65B,43.53%,$1.48B,$0.09B,5.80%,$1.48B,$0.09B,5.80%,$1.48B,$0.23B,15.57%,$1.48B,$0.06B,3.71%,$1.48B,$0.05B,3.30%,$0.05B,$1.30B,3.53%,$0.05B,$-0.18B,-41.26%,$0.05B,$2.41B,1.97%,$0.09B,$1.69B,4.93%,$361,$204,$157,$38,$90,$352,$9,$-20,$-10,$-20,$9,$9,$9,$47,$9,$171,173,$0.05,$0.05,$94,$2,$0,$632,$144,$2,$1482,$38,$1776,$2408,$540,$387,$38,$568,$1109,$3,$7,$-0,$1299,$2408,$23,$111,$39,$149,$-8,$0,$8,$12,$-8,$165,$-95,$0,$0,$0,$0,$0,$0,$-95,$-1,$91,$90,$-222,$-222,$0,$-4,$-136,$-64,$26,$0
25,2012-06-30,10.93,$7.48,1.46,$7.83,1.4,$2.08,5.26,$0.32,34.16,$0.66B,$0.56B,1.16,$0.42B,$1.28B,0.33,$1.49B,$0.65B,43.78%,$1.49B,$0.11B,7.46%,$1.49B,$0.11B,7.46%,$1.49B,$0.25B,16.95%,$1.49B,$0.10B,6.46%,$1.49B,$0.06B,3.97%,$0.06B,$1.28B,4.15%,$0.06B,$-0.22B,-59.30%,$0.06B,$2.48B,2.37%,$0.11B,$1.70B,6.29%,$370,$212,$157,$38,$92,$352,$18,$-4,$13,$6,$8,$8,$8,$55,$18,$182,185,$0.04,$0.04,$120,$1,$0,$655,$139,$2,$1497,$74,$1826,$2481,$563,$421,$68,$637,$1200,$3,$-3,$-1,$1281,$2481,$14,$73,$26,$99,$-0,$0,$16,$12,$21,$133,$-66,$0,$0,$0,$0,$0,$0,$-66,$-0,$120,$120,$-222,$-222,$0,$-4,$-106,$-37,$18,$0
26,2012-03-31,16.6,$7.81,2.13,$7.67,2.16,$2.16,7.68,$0.36,46.11,$0.72B,$0.56B,1.3,$0.30B,$1.49B,0.2,$1.47B,$0.66B,44.91%,$1.47B,$0.13B,8.48%,$1.47B,$0.13B,8.48%,$1.47B,$0.26B,17.77%,$1.47B,$0.11B,7.46%,$1.47B,$0.07B,4.55%,$0.07B,$1.49B,4.61%,$0.07B,$-0.02B,-79.76%,$0.07B,$2.55B,2.70%,$0.13B,$1.79B,6.99%,$365,$209,$156,$36,$97,$352,$13,$-3,$10,$4,$6,$6,$6,$48,$13,$191,193,$0.03,$0.03,$176,$3,$0,$718,$134,$2,$1513,$75,$1833,$2552,$555,$295,$69,$507,$1062,$3,$-11,$0,$1490,$2552,$6,$35,$11,$46,$-7,$0,$15,$20,$23,$75,$-33,$0,$0,$0,$0,$0,$0,$-33,$-0,$-25,$-25,$1,$1,$0,$-2,$-25,$18,$8,$0
27,2011-12-31,18.94,$7.76,2.44,$7.52,2.52,$2.15,8.82,$0.39,48.56,$0.66B,$0.50B,1.32,$0.32B,$1.48B,0.22,$1.44B,$0.67B,46.12%,$1.44B,$0.14B,9.42%,$1.44B,$0.14B,9.42%,$1.44B,$0.27B,18.63%,$1.44B,$0.12B,8.10%,$1.44B,$0.07B,5.12%,$0.07B,$1.48B,5.15%,$0.07B,$-0.05B,-64.35%,$0.07B,$2.50B,3.01%,$0.14B,$1.80B,7.55%,$388,$212,$176,$31,$90,$343,$46,$-4,$42,$16,$26,$26,$26,$81,$46,$189,191,$0.14,$0.14,$158,$0,$0,$658,$123,$2,$1529,$89,$1846,$2504,$497,$323,$69,$530,$1027,$3,$-16,$-1,$1477,$2504,$74,$132,$69,$201,$-31,$0,$-9,$39,$-6,$269,$-85,$0,$0,$-13,$0,$-13,$2,$-96,$-1,$-123,$-125,$-16,$-16,$0,$-3,$-144,$28,$41,$0
28,2011-09-30,18.02,$7.62,2.36,$7.18,2.51,$1.26,14.28,$0.22,81.91,$0.59B,$0.46B,1.28,$0.34B,$1.44B,0.24,$1.37B,$0.64B,46.36%,$1.37B,$0.10B,7.29%,$1.37B,$0.10B,7.29%,$1.37B,$0.20B,14.36%,$1.37B,$0.08B,5.76%,$1.37B,$0.04B,3.06%,$0.04B,$1.44B,2.97%,$0.04B,$-0.11B,-27.27%,$0.04B,$2.43B,1.73%,$0.10B,$1.78B,5.51%,$364,$202,$162,$26,$92,$329,$34,$-3,$31,$12,$19,$19,$19,$68,$34,$188,191,$0.10,$0.10,$85,$2,$0,$593,$103,$2,$1545,$86,$1833,$2427,$463,$338,$61,$524,$988,$3,$-41,$-1,$1439,$2427,$48,$97,$52,$150,$-54,$2,$-9,$34,$-36,$161,$-60,$0,$0,$-13,$0,$-13,$2,$-70,$-1,$-113,$-114,$-23,$-23,$0,$3,$-134,$-45,$29,$0
29,2011-06-30,19.42,$7.49,2.59,$6.80,2.86,$1.09,17.82,$0.12,161.83,$0.61B,$0.49B,1.25,$0.38B,$1.41B,0.27,$1.25B,$0.60B,47.84%,$1.25B,$0.07B,5.20%,$1.25B,$0.07B,5.20%,$1.25B,$0.15B,11.60%,$1.25B,$0.04B,3.44%,$1.25B,$0.02B,1.92%,$0.02B,$1.41B,1.72%,$0.02B,$-0.15B,-12.78%,$0.02B,$2.45B,0.99%,$0.07B,$1.79B,3.54%,$357,$189,$168,$25,$102,$325,$32,$-5,$27,$12,$16,$16,$16,$65,$32,$190,193,$0.08,$0.08,$116,$3,$0,$608,$99,$2,$1561,$88,$1837,$2446,$488,$384,$58,$550,$1038,$3,$-61,$2,$1408,$2446,$28,$64,$29,$93,$-40,$1,$-2,$38,$-2,$119,$-32,$0,$0,$-13,$0,$-13,$2,$-42,$-1,$-68,$-68,$-30,$-30,$0,$7,$-91,$-14,$19,$0
30,2011-03-31,20.99,$7.51,2.8,$6.23,3.37,$1.08,19.48,$0.14,149.93,$0.60B,$0.45B,1.32,$0.41B,$1.43B,0.29,$1.08B,$0.54B,49.35%,$1.08B,$0.05B,4.98%,$1.08B,$0.05B,4.98%,$1.08B,$0.11B,10.15%,$1.08B,$0.04B,3.41%,$1.08B,$0.02B,1.94%,$0.02B,$1.43B,2.01%,$0.02B,$-0.15B,-14.07%,$0.02B,$2.45B,1.16%,$0.05B,$1.84B,3.88%,$335,$175,$160,$22,$104,$311,$24,$-8,$17,$4,$13,$13,$13,$55,$24,$189,193,$0.07,$0.07,$145,$3,$0,$599,$118,$2,$1575,$73,$1847,$2446,$452,$414,$50,$566,$1018,$3,$-77,$4,$1428,$2446,$13,$31,$11,$42,$-5,$1,$-2,$21,$12,$67,$-28,$0,$0,$-4,$0,$-4,$2,$-30,$-0,$-42,$-43,$17,$17,$0,$4,$-21,$16,$9,$0
31,2010-12-31,19.27,$7.35,2.62,$4.49,4.29,$0.88,22.0,$0.08,240.88,$0.58B,$0.43B,1.34,$0.46B,$1.38B,0.33,$0.75B,$0.38B,50.07%,$0.75B,$0.03B,4.01%,$0.75B,$0.03B,4.01%,$0.75B,$0.06B,7.34%,$0.75B,$0.02B,2.67%,$0.75B,$0.01B,1.07%,$0.01B,$1.38B,0.90%,$0.01B,$-0.21B,-12.21%,$0.01B,$2.42B,0.54%,$0.03B,$1.84B,2.65%,$316,$170,$146,$21,$106,$307,$10,$-6,$4,$10,$-6,$-6,$-6,$9,$10,$187,187,$-0.03,$-0.03,$132,$4,$0,$575,$114,$2,$1592,$69,$1843,$2419,$431,$460,$49,$604,$1035,$3,$-90,$2,$1384,$2419,$-6,$50,$22,$72,$-5,$0,$-10,$14,$9,$76,$-61,$0,$170,$2,$0,$2,$2,$112,$-1,$467,$466,$-669,$-669,$0,$-0,$-203,$-14,$19,$0
32,2010-09-30,18.47,$7.35,2.51,$4.04,4.58,$1.10,16.82,$0.23,80.3,$0.55B,$0.39B,1.43,$0.51B,$1.37B,0.37,$0.62B,$0.33B,53.97%,$0.62B,$0.05B,8.43%,$0.62B,$0.05B,8.43%,$0.62B,$0.09B,14.10%,$0.62B,$0.05B,7.78%,$0.62B,$0.03B,5.35%,$0.03B,$1.37B,6.07%,$0.03B,$-0.24B,-244.44%,$0.03B,$2.38B,3.80%,$0.05B,$1.88B,7.76%,$242,$118,$124,$17,$103,$244,$-1,$-3,$-5,$-6,$1,$1,$1,$16,$-1,$156,160,$0.01,$0.01,$122,$4,$0,$550,$102,$2,$1610,$69,$1827,$2378,$385,$507,$48,$624,$1009,$2,$-84,$0,$1368,$2378,$33,$37,$37,$74,$-16,$1,$15,$-19,$-2,$105,$-47,$0,$170,$3,$0,$3,$2,$128,$-1,$484,$483,$-676,$-676,$0,$-1,$-194,$39,$16,$0
33,2010-06-30,16.1,$0.00,0.0,$3.73,4.31,$1.19,13.51,$0.22,73.18,$0.00B,$0.00B,0.0,$0.00B,$0.00B,0.0,$0.56B,$0.31B,56.04%,$0.56B,$0.09B,15.32%,$0.56B,$0.09B,15.32%,$0.56B,$0.11B,20.18%,$0.56B,$0.08B,15.14%,$0.56B,$0.05B,9.01%,$0.05B,$0.00B,12.55%,$0.05B,$0.00B,57.31%,$0.05B,$0.00B,9.41%,$0.09B,$0.00B,21.14%,$191,$87,$105,$15,$66,$171,$21,$0,$21,$8,$13,$13,$13,$30,$21,$146,149,$0.09,$0.09,$0,$0,$0,$0,$0,$0,$0,$0,$0,$0,$0,$0,$0,$0,$0,$0,$0,$0,$0,$0,$32,$19,$31,$50,$-29,$0,$11,$15,$8,$90,$-24,$0,$0,$3,$0,$3,$0,$-21,$-1,$-28,$-28,$2,$2,$0,$-1,$-27,$42,$7,$0
34,2010-05-31,18.81,$0.00,0.0,$2.45,7.66,$0.75,25.07,$0.12,156.75,$0.41B,$0.21B,1.92,$0.00B,$0.81B,0.0,$0.36B,$0.21B,56.59%,$0.36B,$0.06B,17.58%,$0.36B,$0.06B,17.58%,$0.36B,$0.08B,22.53%,$0.36B,$0.06B,17.31%,$0.36B,$0.04B,10.16%,$0.04B,$0.81B,6.26%,$0.04B,$0.19B,30.27%,$0.04B,$1.10B,4.77%,$0.06B,$0.81B,10.66%,$0,$0,$0,$0,$0,$0,$0,$0,$0,$0,$0,$0,$0,$0,$0,$0,0,$0.00,$0.00,$143,$3,$0,$408,$25,$2,$620,$10,$687,$1095,$212,$0,$5,$76,$288,$1,$-84,$0,$807,$1095,$0,$0,$0,$0,$0,$0,$0,$0,$0,$0,$0,$0,$0,$0,$0,$0,$0,$0,$0,$0,$0,$0,$0,$0,$0,$0,$0,$0,$0
35,2010-03-31,19.58,$0.00,0.0,$3.58,5.47,$0.94,20.85,$0.12,163.17,$0.00B,$0.00B,0.0,$0.00B,$0.00B,0.0,$0.53B,$0.30B,56.66%,$0.53B,$0.09B,17.07%,$0.53B,$0.09B,17.07%,$0.53B,$0.12B,23.08%,$0.53B,$0.09B,16.70%,$0.53B,$0.05B,9.94%,$0.05B,$0.00B,9.13%,$0.05B,$0.00B,48.51%,$0.05B,$0.00B,7.11%,$0.09B,$0.00B,15.27%,$184,$80,$104,$13,$57,$152,$32,$-1,$32,$13,$19,$19,$19,$41,$32,$146,149,$0.12,$0.12,$0,$0,$0,$0,$0,$0,$0,$0,$0,$0,$0,$0,$0,$0,$0,$0,$0,$0,$0,$0,$19,$9,$18,$27,$-24,$-0,$11,$21,$10,$55,$-11,$0,$0,$0,$0,$0,$0,$-11,$-0,$-24,$-24,$0,$-0,$0,$-1,$-26,$19,$4,$0
36,2010-02-28,17.89,$5.39,3.32,$3.46,5.18,$0.98,18.24,$0.09,198.78,$0.35B,$0.19B,1.82,$0.01B,$0.79B,0.02,$0.51B,$0.29B,55.84%,$0.51B,$0.08B,15.76%,$0.51B,$0.08B,15.76%,$0.51B,$0.10B,20.23%,$0.51B,$0.08B,15.18%,$0.51B,$0.05B,9.14%,$0.05B,$0.79B,8.10%,$0.05B,$0.16B,43.02%,$0.05B,$1.03B,6.31%,$0.08B,$0.80B,13.59%,$180,$78,$102,$13,$55,$148,$32,$-0,$31,$13,$18,$18,$18,$41,$32,$146,148,$0.12,$0.12,$116,$4,$0,$348,$20,$2,$625,$12,$682,$1030,$191,$14,$4,$51,$243,$1,$-100,$0,$787,$1030,$47,$27,$33,$60,$-30,$-1,$3,$3,$-19,$88,$-21,$0,$0,$0,$0,$0,$0,$-20,$-1,$-30,$-31,$3,$3,$0,$6,$-23,$45,$12,$0
37,2009-12-31,20.23,$0.00,0.0,$3.34,6.06,$0.64,31.6,$0.09,224.78,$0.29B,$0.16B,1.87,$0.02B,$0.77B,0.03,$0.50B,$0.27B,54.91%,$0.50B,$0.07B,14.23%,$0.50B,$0.07B,14.23%,$0.50B,$0.09B,17.03%,$0.50B,$0.07B,13.63%,$0.50B,$0.04B,8.42%,$0.04B,$0.77B,7.39%,$0.04B,$0.14B,45.16%,$0.04B,$0.98B,5.77%,$0.07B,$0.79B,12.03%,$0,$0,$0,$0,$0,$0,$0,$0,$0,$0,$0,$0,$0,$0,$0,$0,0,$0.00,$0.00,$81,$4,$0,$293,$18,$2,$629,$12,$683,$976,$157,$24,$4,$50,$207,$1,$-117,$-0,$769,$976,$0,$0,$0,$0,$0,$0,$0,$0,$0,$0,$0,$0,$0,$0,$0,$0,$0,$0,$0,$0,$0,$0,$0,$0,$0,$0,$0,$0,$0
38,2009-11-30,19.2,$5.25,3.66,$3.34,5.75,$0.64,29.99,$0.09,213.33,$0.29B,$0.16B,1.84,$0.02B,$0.77B,0.03,$0.50B,$0.27B,54.91%,$0.50B,$0.07B,14.23%,$0.50B,$0.07B,14.23%,$0.50B,$0.09B,17.03%,$0.50B,$0.07B,13.63%,$0.50B,$0.04B,8.42%,$0.04B,$0.77B,7.62%,$0.04B,$0.14B,58.74%,$0.04B,$0.97B,5.81%,$0.07B,$0.79B,12.18%,$169,$74,$96,$11,$56,$143,$27,$-0,$26,$11,$16,$16,$16,$41,$27,$149,151,$0.11,$0.10,$89,$4,$0,$291,$18,$2,$631,$12,$683,$974,$158,$24,$4,$50,$208,$1,$-119,$-0,$766,$974,$29,$18,$14,$32,$-3,$-1,$1,$-16,$-20,$41,$-13,$0,$0,$0,$0,$0,$0,$-12,$-1,$-20,$-21,$3,$3,$0,$7,$-11,$17,$8,$0
39,2009-09-30,20.27,$0.00,0.0,$3.28,6.18,$0.47,43.24,$0.09,225.22,$0.00B,$0.00B,0.0,$0.00B,$0.00B,0.0,$0.49B,$0.26B,53.16%,$0.49B,$0.07B,13.65%,$0.49B,$0.07B,13.65%,$0.49B,$0.08B,16.50%,$0.49B,$0.06B,13.03%,$0.49B,$0.04B,7.94%,$0.04B,$0.00B,7.23%,$0.04B,$0.00B,70.91%,$0.04B,$0.00B,5.38%,$0.07B,$0.00B,11.51%,$165,$76,$89,$12,$53,$143,$22,$-1,$21,$8,$13,$13,$13,$22,$22,$143,148,$0.09,$0.09,$0,$0,$0,$0,$0,$0,$0,$0,$0,$0,$0,$0,$0,$0,$0,$0,$0,$0,$0,$0,$40,$25,$19,$45,$-12,$1,$-3,$14,$-14,$70,$-19,$0,$8,$6,$0,$6,$0,$-5,$-10,$-10,$-20,$-45,$-45,$0,$16,$-49,$16,$8,$0
40,2009-08-31,14.85,$5.09,2.92,$3.24,4.58,$0.04,337.5,0,0.0,$0.28B,$0.16B,1.74,$0.04B,$0.74B,0.05,$0.46B,$0.24B,52.53%,$0.46B,$0.04B,7.69%,$0.46B,$0.04B,7.69%,$0.46B,$0.06B,12.31%,$0.46B,$0.03B,7.25%,$0.46B,$0.02B,4.40%,$0.02B,$0.74B,2.80%,$0.02B,$0.10B,32.13%,$0.02B,$0.96B,2.06%,$0.04B,$0.78B,4.50%,$165,$76,$89,$12,$53,$143,$22,$-1,$21,$8,$13,$13,$13,$22,$22,$146,150,$0.09,$0.09,$85,$2,$0,$275,$17,$2,$640,$12,$689,$964,$158,$40,$4,$68,$227,$1,$-134,$-0,$738,$964,$13,$9,$7,$16,$4,$0,$-0,$-5,$-8,$21,$-5,$0,$0,$0,$0,$0,$0,$-4,$-1,$-4,$-5,$1,$1,$0,$0,$-3,$14,$3,$0
41,2009-05-31,12.91,$0.00,0.0,$3.55,3.64,$0.16,81.4,$0.07,184.43,$0.26B,$0.16B,1.59,$0.06B,$0.70B,0.09,$0.37B,$0.19B,51.08%,$0.37B,$0.02B,4.57%,$0.37B,$0.02B,4.57%,$0.37B,$0.05B,12.37%,$0.37B,$0.02B,4.03%,$0.37B,$0.01B,2.96%,$0.01B,$0.70B,1.78%,$0.01B,$0.05B,27.33%,$0.01B,$0.95B,1.25%,$0.02B,$0.76B,2.41%,$0,$0,$0,$0,$0,$0,$0,$0,$0,$0,$0,$0,$0,$0,$0,$0,0,$0.00,$0.00,$71,$3,$0,$261,$17,$2,$646,$12,$692,$953,$164,$64,$4,$88,$252,$1,$-147,$-0,$700,$953,$0,$0,$0,$0,$0,$0,$0,$0,$0,$0,$0,$0,$0,$0,$0,$0,$0,$0,$0,$0,$0,$0,$0,$0,$0,$0,$0,$0,$0
42,2009-02-28,8.7,$4.95,1.76,$4.67,1.86,$0.15,59.79,$0.07,124.29,$0.29B,$0.17B,1.66,$0.07B,$0.72B,0.09,$0.47B,$0.24B,51.61%,$0.47B,$0.03B,5.59%,$0.47B,$0.03B,5.59%,$0.47B,$0.06B,13.55%,$0.47B,$0.02B,5.16%,$0.47B,$0.02B,3.44%,$0.02B,$0.72B,3.60%,$0.02B,$0.07B,59.81%,$0.02B,$0.98B,2.50%,$0.03B,$0.79B,5.06%,$161,$77,$83,$10,$48,$138,$23,$-1,$22,$9,$13,$13,$13,$37,$23,$146,151,$0.09,$0.09,$75,$6,$0,$285,$19,$3,$651,$15,$695,$980,$171,$67,$2,$89,$260,$1,$-161,$0,$719,$980,$13,$15,$21,$36,$-36,$-0,$-1,$13,$-42,$7,$-5,$0,$-264,$1,$0,$1,$0,$-268,$-12,$-6,$-18,$-5,$-5,$0,$354,$330,$70,$3,$0
43,2008-11-30,7.7,$4.93,1.56,$5.01,1.54,$0.31,24.81,$0.11,70.0,$0.27B,$0.16B,1.69,$0.08B,$0.71B,0.11,$0.39B,$0.20B,51.30%,$0.39B,$0.01B,2.07%,$0.39B,$0.01B,2.07%,$0.39B,$0.04B,10.10%,$0.39B,$0.01B,1.55%,$0.39B,$0.01B,1.30%,$0.01B,$0.71B,1.42%,$0.01B,$0.03B,57.14%,$0.01B,$0.98B,0.93%,$0.01B,$0.78B,1.83%,$129,$62,$67,$11,$64,$138,$-10,$-0,$-10,$-4,$-6,$-6,$-6,$-3,$-10,$120,120,$-0.05,$-0.05,$74,$6,$0,$267,$19,$3,$676,$14,$714,$981,$158,$78,$2,$118,$276,$1,$-174,$0,$705,$981,$-1,$6,$11,$17,$-15,$-0,$-0,$-12,$-29,$-12,$2,$0,$-264,$0,$0,$0,$0,$-261,$-3,$-3,$-6,$0,$0,$0,$348,$342,$69,$1,$0
44,2008-09-30,6.34,$6.15,1.03,$3.94,1.61,$0.40,16.06,$0.11,57.66,$0.20B,$0.10B,2.07,$0.14B,$0.35B,0.38,$0.26B,$0.13B,50.97%,$0.26B,$0.02B,7.00%,$0.26B,$0.02B,7.00%,$0.26B,$0.04B,16.34%,$0.26B,$0.02B,6.23%,$0.26B,$0.01B,4.28%,$0.01B,$0.35B,5.43%,$0.01B,$0.01B,169.23%,$0.01B,$0.60B,3.25%,$0.02B,$0.49B,6.66%,$82,$41,$40,$0,$33,$77,$4,$-1,$3,$1,$2,$2,$4,$12,$4,$57,58,$0.07,$0.07,$77,$5,$0,$201,$20,$3,$345,$4,$395,$595,$97,$135,$2,$145,$242,$1,$-507,$-0,$353,$595,$6,$22,$9,$32,$-23,$-1,$-2,$12,$-9,$29,$-16,$0,$1,$11,$0,$11,$0,$-4,$0,$0,$0,$2,$2,$0,$0,$2,$27,$5,$0
45,2008-08-31,7.31,$0.00,0.0,$3.78,1.93,$0.29,24.92,$0.04,182.78,$0.00B,$0.00B,0.0,$0.00B,$0.00B,0.0,$0.25B,$0.13B,51.42%,$0.25B,$0.02B,6.07%,$0.25B,$0.02B,6.07%,$0.25B,$0.04B,14.98%,$0.25B,$0.01B,5.26%,$0.25B,$0.01B,2.83%,$0.01B,$0.00B,3.50%,$0.01B,$0.00B,186.67%,$0.01B,$0.00B,2.09%,$0.02B,$0.00B,5.60%,$93,$43,$50,$8,$33,$84,$9,$-0,$9,$4,$5,$5,$5,$17,$9,$83,83,$0.06,$0.06,$0,$0,$0,$0,$0,$0,$0,$0,$0,$0,$0,$0,$0,$0,$0,$0,$0,$0,$0,$0,$5,$1,$3,$4,$-3,$1,$-0,$-2,$-10,$-1,$-0,$0,$0,$0,$0,$0,$0,$-0,$-0,$-2,$-3,$0,$0,$0,$4,$2,$1,$1,$0
46,2008-06-30,6.33,$6.06,1.04,$3.84,1.65,$0.22,28.94,$0.04,158.18,$0.18B,$0.09B,2.0,$0.14B,$0.35B,0.39,$0.25B,$0.13B,51.39%,$0.25B,$0.02B,8.76%,$0.25B,$0.02B,8.76%,$0.25B,$0.04B,17.13%,$0.25B,$0.02B,7.97%,$0.25B,$0.01B,4.78%,$0.01B,$0.35B,6.00%,$0.01B,$-0.00B,320.00%,$0.01B,$0.58B,3.58%,$0.02B,$0.48B,8.22%,$82,$40,$41,$0,$33,$77,$5,$-1,$4,$2,$2,$2,$2,$13,$5,$57,58,$0.04,$0.04,$63,$5,$0,$176,$21,$3,$350,$4,$404,$581,$88,$135,$2,$145,$233,$1,$-511,$-0,$347,$581,$2,$14,$9,$23,$-6,$-1,$-7,$6,$-3,$22,$-12,$0,$-9,$4,$0,$4,$0,$-17,$0,$0,$0,$2,$2,$0,$0,$2,$7,$4,$0
47,2008-05-31,6.34,$0.00,0.0,$3.13,2.02,$0.17,36.59,$0.10,63.37,$0.06B,$0.07B,0.9,$0.00B,$0.11B,0.01,$0.22B,$0.09B,43.72%,$0.22B,$0.02B,10.23%,$0.22B,$0.02B,10.23%,$0.22B,$0.04B,19.07%,$0.22B,$0.02B,10.23%,$0.22B,$0.02B,6.98%,$0.02B,$0.11B,7.56%,$0.02B,$0.02B,545.45%,$0.02B,$0.18B,4.48%,$0.02B,$0.11B,8.26%,$0,$0,$0,$0,$0,$0,$0,$0,$0,$0,$0,$0,$0,$0,$0,$0,0,$0.00,$0.00,$0,$2,$0,$61,$6,$0,$91,$13,$118,$179,$68,$1,$0,$1,$69,$1,$-173,$0,$111,$179,$0,$0,$0,$0,$0,$0,$0,$0,$0,$0,$0,$0,$0,$0,$0,$0,$0,$0,$0,$0,$0,$0,$0,$0,$0,$0,$0,$0,$0
48,2008-03-31,5.26,$6.01,0.87,$4.29,1.23,$0.18,28.89,$0.10,52.62,$0.18B,$0.09B,1.9,$0.14B,$0.34B,0.39,$0.31B,$0.15B,47.59%,$0.31B,$0.03B,9.97%,$0.31B,$0.03B,9.97%,$0.31B,$0.05B,17.36%,$0.31B,$0.03B,9.97%,$0.31B,$0.02B,6.43%,$0.02B,$0.34B,11.71%,$0.02B,$-0.00B,-888.89%,$0.02B,$0.58B,6.90%,$0.03B,$0.48B,13.00%,$72,$36,$36,$0,$31,$71,$1,$-1,$0,$0,$0,$0,$0,$7,$1,$57,58,$0.00,$0.00,$54,$6,$0,$178,$21,$7,$345,$4,$403,$582,$94,$135,$2,$146,$239,$1,$-513,$-0,$342,$582,$0,$7,$4,$11,$-1,$-2,$-2,$9,$4,$15,$-8,$0,$-9,$1,$0,$1,$0,$-15,$0,$0,$0,$0,$0,$0,$0,$0,$-0,$2,$0
49,2008-02-29,5.44,$0.00,0.0,$4.11,1.32,$-0.06,0.0,$0.17,32.0,$0.00B,$0.00B,0.0,$0.00B,$0.00B,0.0,$0.31B,$0.15B,47.90%,$0.31B,$0.04B,11.97%,$0.31B,$0.04B,11.97%,$0.31B,$0.06B,19.42%,$0.31B,$0.04B,12.30%,$0.31B,$0.02B,7.77%,$0.02B,$0.00B,14.26%,$0.02B,$0.00B,139.13%,$0.02B,$0.00B,8.91%,$0.04B,$0.00B,16.55%,$97,$45,$52,$9,$27,$81,$16,$-0,$16,$6,$10,$10,$10,$23,$16,$83,83,$0.12,$0.12,$0,$0,$0,$0,$0,$0,$0,$0,$0,$0,$0,$0,$0,$0,$0,$0,$0,$0,$0,$0,$14,$15,$2,$17,$-17,$0,$-10,$-9,$-38,$-7,$-1,$0,$0,$0,$-8,$-8,$0,$-9,$-2,$3,$1,$0,$0,$0,$13,$14,$-1,$2,$0
50,2007-12-31,9.9,$5.98,1.65,$4.02,2.46,$-0.07,0.0,$0.27,36.67,$0.17B,$0.09B,1.8,$0.14B,$0.34B,0.4,$0.28B,$0.13B,46.45%,$0.28B,$0.03B,9.93%,$0.28B,$0.03B,9.93%,$0.28B,$0.05B,17.38%,$0.28B,$0.03B,11.35%,$0.28B,$0.02B,7.09%,$0.02B,$0.34B,7.93%,$0.02B,$-0.01B,54.05%,$0.02B,$0.58B,5.08%,$0.03B,$0.48B,8.52%,$46,$40,$6,$0,$19,$41,$5,$-0,$6,$0,$5,$6,$5,$11,$5,$56,65,$0.12,$0.10,$50,$4,$0,$169,$18,$13,$348,$5,$409,$578,$94,$135,$2,$143,$238,$1,$-513,$-0,$341,$578,$21,$21,$13,$35,$-25,$-1,$6,$3,$-25,$31,$-22,$0,$-80,$21,$3,$24,$-12,$-89,$0,$50,$50,$10,$10,$0,$0,$60,$1,$4,$0
51,2007-11-30,9.02,$0.00,0.0,$5.05,1.79,$0.02,536.85,$0.17,53.05,$0.00B,$0.00B,0.0,$0.00B,$0.00B,0.0,$0.38B,$0.18B,47.76%,$0.38B,$0.01B,1.58%,$0.38B,$0.01B,1.58%,$0.38B,$0.03B,7.12%,$0.38B,$0.01B,2.11%,$0.38B,$0.00B,0.79%,$0.00B,$0.00B,1.80%,$0.00B,$0.00B,7.74%,$0.00B,$0.00B,1.20%,$0.01B,$0.00B,2.86%,$96,$43,$54,$8,$31,$88,$9,$-0,$9,$3,$5,$5,$5,$13,$9,$83,83,$0.07,$0.07,$0,$0,$0,$0,$0,$0,$0,$0,$0,$0,$0,$0,$0,$0,$0,$0,$0,$0,$0,$0,$4,$14,$1,$15,$-6,$0,$-4,$-7,$-18,$1,$-1,$0,$0,$0,$-8,$-8,$0,$-9,$-1,$3,$2,$0,$0,$0,$6,$7,$0,$1,$0
52,2007-09-30,13.78,$5.85,2.35,$4.89,2.82,$0.08,169.3,$0.25,55.12,$0.19B,$0.08B,2.47,$0.09B,$0.33B,0.26,$0.35B,$0.16B,45.69%,$0.35B,$0.00B,1.15%,$0.35B,$0.00B,1.15%,$0.35B,$0.03B,7.47%,$0.35B,$0.01B,1.72%,$0.35B,$0.00B,0.57%,$0.00B,$0.33B,0.81%,$0.00B,$0.08B,3.65%,$0.00B,$0.50B,0.54%,$0.00B,$0.42B,1.28%,$70,$34,$36,$0,$26,$63,$7,$0,$7,$3,$4,$4,$4,$13,$7,$56,65,$0.07,$0.07,$60,$4,$0,$187,$17,$15,$256,$5,$312,$499,$76,$85,$2,$91,$167,$1,$-519,$-0,$332,$499,$15,$15,$11,$26,$-28,$-1,$5,$-1,$-32,$9,$-16,$0,$-12,$-2,$3,$0,$0,$-28,$0,$0,$0,$9,$9,$0,$0,$9,$-10,$3,$0
53,2007-06-30,12.99,$5.99,2.17,$5.01,2.59,$0.44,29.78,$0.25,51.96,$0.18B,$0.07B,2.51,$0.09B,$0.34B,0.25,$0.34B,$0.16B,45.91%,$0.34B,$0.00B,1.17%,$0.34B,$0.00B,1.17%,$0.34B,$0.03B,7.31%,$0.34B,$0.01B,1.75%,$0.34B,$0.00B,0.58%,$0.00B,$0.34B,0.82%,$0.00B,$0.08B,4.15%,$0.00B,$0.50B,0.55%,$0.00B,$0.42B,1.30%,$70,$35,$35,$0,$25,$63,$7,$3,$10,$4,$6,$6,$6,$12,$7,$56,65,$0.11,$0.10,$67,$4,$0,$183,$17,$20,$257,$4,$317,$499,$73,$85,$2,$91,$163,$1,$-523,$-0,$336,$499,$10,$9,$6,$16,$-15,$-1,$3,$-1,$-19,$7,$-13,$0,$-0,$-6,$3,$-4,$0,$-17,$0,$0,$0,$8,$8,$0,$0,$8,$-2,$1,$0
54,2007-05-31,12.52,$0.00,0.0,$5.05,2.48,$0.63,19.78,$0.21,59.63,$0.00B,$0.00B,0.0,$0.00B,$0.00B,0.0,$0.33B,$0.15B,45.81%,$0.33B,$0.00B,0.90%,$0.33B,$0.00B,0.90%,$0.33B,$0.02B,6.89%,$0.33B,$0.00B,0.30%,$0.33B,$-0.00B,-0.30%,$-0.00B,$0.00B,-0.42%,$-0.00B,$0.00B,-2.55%,$-0.00B,$0.00B,-0.28%,$0.00B,$0.00B,1.00%,$143,$88,$56,$33,$38,$160,$-17,$-3,$-18,$-8,$-12,$-11,$-12,$-11,$-17,$83,83,$-0.20,$-0.20,$0,$0,$0,$0,$0,$0,$0,$0,$0,$0,$0,$0,$0,$0,$0,$0,$0,$0,$0,$0,$4,$28,$-2,$26,$-6,$0,$-1,$-4,$-11,$20,$-1,$0,$0,$0,$0,$0,$0,$-1,$-2,$3,$1,$0,$0,$0,$-31,$-30,$-11,$1,$0
55,2007-03-31,13.67,$5.89,2.32,$4.40,3.1,$0.51,26.62,$0.26,52.57,$0.17B,$0.08B,2.25,$0.09B,$0.32B,0.26,$0.25B,$0.13B,51.00%,$0.25B,$0.03B,9.96%,$0.25B,$0.03B,9.96%,$0.25B,$0.04B,17.53%,$0.25B,$0.02B,9.56%,$0.25B,$0.01B,5.58%,$0.01B,$0.32B,4.51%,$0.01B,$0.06B,29.95%,$0.01B,$0.49B,2.97%,$0.03B,$0.41B,6.31%,$65,$33,$32,$0,$22,$58,$7,$0,$7,$3,$4,$4,$4,$12,$7,$55,64,$0.08,$0.08,$65,$4,$0,$169,$15,$25,$260,$5,$321,$490,$75,$85,$2,$91,$166,$1,$-529,$-0,$324,$490,$4,$4,$4,$9,$-3,$-1,$-2,$6,$-2,$11,$-6,$0,$-0,$-5,$0,$-5,$0,$-12,$0,$0,$0,$2,$2,$0,$0,$2,$2,$1,$0
56,2006-12-31,13.76,$5.82,2.37,$4.27,3.22,$0.58,23.78,$0.21,65.53,$0.15B,$0.07B,2.15,$0.09B,$0.32B,0.27,$0.23B,$0.12B,50.88%,$0.23B,$0.02B,8.77%,$0.23B,$0.02B,8.77%,$0.23B,$0.04B,16.23%,$0.23B,$0.02B,8.33%,$0.23B,$0.01B,4.82%,$0.01B,$0.32B,3.63%,$0.01B,$0.05B,29.93%,$0.01B,$0.48B,2.39%,$0.02B,$0.40B,5.15%,$64,$30,$34,$0,$24,$56,$7,$-0,$7,$3,$4,$4,$4,$12,$7,$51,53,$0.09,$0.08,$57,$3,$0,$154,$14,$26,$266,$5,$324,$478,$72,$85,$0,$90,$161,$1,$-534,$-0,$316,$478,$12,$16,$12,$29,$-17,$1,$-2,$-2,$-13,$27,$-15,$0,$-210,$44,$0,$44,$0,$-180,$-0,$0,$-0,$134,$134,$0,$0,$134,$-18,$2,$0
