,Date,Stock Price,Book Value per Share,Price to Book Ratio,TTM Sales per Share,Price to Sales Ratio,TTM FCF per Share,Price to FCF Ratio,TTM Net EPS,PE Ratio,Current Assets,Current Liabilities,Current Ratio,Long Term Debt,Shareholder's Equity_x,Debt to Equity Ratio,TTM Revenue_x,TTM Gross Profit,Gross Margin,TTM Revenue_y,TTM Operating Income,Operating Margin,TTM Revenue_x,TTM EBIT,EBIT Margin,TTM Revenue_y,TTM EBITDA,EBITDA Margin,TTM Revenue_x,TTM Pre-Tax Income,Pre-Tax Margin,TTM Revenue_y,TTM Net Income_x,Net Margin,TTM Net Income_y,Shareholder's Equity_y,Return on Equity,TTM Net Income_x,Tangible Equity,Return on Tangible Equity,TTM Net Income_y,Total Assets,Return on Assets,TTM Net Income,LT Investments & Debt,Return on Investment,revenue,cost-goods-sold,gross-profit,research-development-expenses,selling-general-administrative-expenses,operating-expenses,operating-income,total-non-operating-income-expense,pre-tax-income,total-provision-income-taxes,income-after-taxes,income-from-continuous-operations,net-income,ebitda,ebit,basic-shares-outstanding,shares-outstanding,eps-basic-net-earnings-per-share,eps-earnings-per-share-diluted,cash-on-hand,inventory,other-current-assets,total-current-assets,net-property-plant-equipment,long-term-investments,goodwill-intangible-assets-total,other-long-term-assets,total-long-term-assets,total-assets,total-current-liabilities,long-term-debt,other-non-current-liabilities,total-long-term-liabilities,total-liabilities,common-stock-net,retained-earnings-accumulated-deficit,comprehensive-income,total-share-holder-equity,total-liabilities-share-holders-equity,net-income-loss,total-depreciation-amortization-cash-flow,other-non-cash-items,total-non-cash-items,change-in-accounts-receivable,change-in-inventories,change-in-accounts-payable,change-in-assets-liabilities,total-change-in-assets-liabilities,cash-flow-from-operating-activities,net-change-in-property-plant-equipment,net-change-in-intangible-assets,net-acquisitions-divestitures,net-change-in-short-term-investments,net-change-in-long-term-investments,net-change-in-investments-total,investing-activities-other,cash-flow-from-investing-activities,net-long-term-debt,net-current-debt,debt-issuance-retirement-net-total,net-common-equity-issued-repurchased,net-total-equity-issued-repurchased,total-common-preferred-stock-dividends-paid,financial-activities-other,cash-flow-from-financial-activities,net-cash-flow,stock-based-compensation,common-stock-dividends-paid
0,2018-07-31,90.23,$37.23,2.42,$21.96,4.11,$6.62,13.64,$2.31,39.06,$22.46B,$9.11B,2.47,$23.68B,$50.33B,0.47,$29.95B,$21.04B,70.26%,$29.95B,$6.51B,21.72%,$29.95B,$6.51B,21.72%,$29.95B,$9.17B,30.61%,$29.95B,$5.66B,18.90%,$29.95B,$3.16B,10.56%,$3.16B,$50.33B,6.23%,$3.16B,$-9.90B,-30.05%,$3.16B,$89.72B,3.41%,$6.51B,$74.01B,8.61%,$7481,$2203,$5278,$590,$2605,$5937,$1544,$-189,$1355,$235,$1120,$1120,$1115,$1902,$1544,$1349,1361,$0.83,$0.82,$11004,$3681,$2101,$22460,$4524,$0,$60225,$1099,$67261,$89721,$9112,$23678,$5255,$30280,$39392,$0,$24730,$-2323,$50329,$89721,$1077,$666,$82,$748,$138,$-180,$0,$-169,$-126,$1702,$-291,$0,$-104,$1038,$0,$1038,$0,$643,$-12,$-505,$-517,$-374,$-374,$-677,$-5,$-1573,$711,$64,$-677
1,2018-04-30,79.67,$37.53,2.12,$21.93,3.63,$5.92,13.47,$2.26,35.25,$22.98B,$10.08B,2.28,$23.70B,$50.82B,0.47,$29.95B,$20.90B,69.77%,$29.95B,$6.65B,22.20%,$29.95B,$6.65B,22.20%,$29.95B,$9.28B,30.99%,$29.95B,$5.68B,18.95%,$29.95B,$3.10B,10.36%,$3.10B,$50.82B,6.10%,$3.10B,$-10.44B,-28.47%,$3.10B,$91.39B,3.25%,$6.65B,$74.52B,8.72%,$7384,$2204,$5180,$585,$2597,$6148,$1236,$-56,$1180,$103,$1077,$1077,$1075,$2610,$1236,$1353,1365,$0.79,$0.79,$11227,$3579,$2187,$22980,$4604,$0,$61266,$1078,$68413,$91393,$10084,$23699,$5365,$30487,$40571,$0,$24379,$-1786,$50822,$91393,$3095,$2631,$-986,$1645,$-275,$-192,$0,$229,$-173,$4684,$-1068,$0,$5921,$1027,$0,$1027,$-22,$5858,$-7349,$-293,$-7642,$-1768,$-1768,$-2494,$-50,$-11954,$-1298,$344,$-2494
2,2018-01-31,84.89,$37.14,2.29,$21.67,3.92,$7.32,11.6,$2.03,41.82,$26.61B,$10.93B,2.43,$25.92B,$50.34B,0.52,$29.73B,$20.63B,69.39%,$29.73B,$6.34B,21.33%,$29.73B,$6.34B,21.33%,$29.73B,$9.01B,30.31%,$29.73B,$5.39B,18.12%,$29.73B,$2.81B,9.44%,$2.81B,$50.34B,5.53%,$2.81B,$-11.63B,-25.08%,$2.81B,$95.80B,2.88%,$6.34B,$76.26B,8.27%,$8144,$2392,$5752,$591,$2457,$6202,$1942,$-217,$1725,$260,$1465,$1465,$1460,$2095,$1942,$1357,1368,$1.08,$1.08,$14436,$3751,$2645,$26607,$4517,$0,$61973,$1166,$69193,$95800,$10933,$25918,$7246,$34527,$45460,$0,$23426,$-1382,$50340,$95800,$1630,$1963,$-1243,$720,$19,$-318,$0,$1516,$1230,$3646,$-776,$0,$5947,$581,$0,$581,$-5,$5747,$-4146,$-434,$-4580,$-1631,$-1631,$-1870,$-45,$-8126,$1391,$270,$-1870
3,2017-10-31,79.14,$38.10,2.08,$21.49,3.68,$8.22,9.63,$3.65,21.68,$25.16B,$10.50B,2.4,$25.94B,$51.58B,0.5,$29.64B,$20.46B,69.04%,$29.64B,$6.06B,20.45%,$29.64B,$6.06B,20.45%,$29.64B,$8.80B,29.69%,$29.64B,$5.33B,17.97%,$29.64B,$5.02B,16.93%,$5.02B,$51.58B,9.93%,$5.02B,$-10.12B,-39.29%,$5.02B,$94.46B,5.12%,$6.06B,$77.52B,7.92%,$7369,$2191,$5178,$558,$2499,$5943,$1426,$-399,$1027,$2419,$-1392,$-1392,$-1389,$2559,$1426,$1354,1354,$-1.03,$-1.03,$13526,$3638,$2246,$25162,$4441,$0,$61702,$1404,$69296,$94458,$10496,$25941,$4602,$32384,$42880,$0,$25438,$-2060,$51578,$94458,$3022,$1294,$-1334,$-40,$-68,$-273,$0,$-694,$-1342,$1644,$-524,$0,$5982,$669,$0,$669,$-2,$6125,$-4141,$-190,$-4331,$-1658,$-1658,$-1247,$-41,$-7277,$562,$198,$-1247
4,2017-07-31,82.04,$37.49,2.19,$21.60,3.8,$9.14,8.97,$2.97,27.62,$24.78B,$15.15B,1.64,$25.95B,$50.79B,0.51,$29.93B,$20.55B,68.66%,$29.93B,$5.55B,18.52%,$29.93B,$5.55B,18.52%,$29.93B,$8.37B,27.94%,$29.93B,$4.81B,16.07%,$29.93B,$4.12B,13.75%,$4.12B,$50.79B,8.19%,$4.12B,$-11.42B,-27.85%,$4.12B,$100.25B,4.16%,$5.55B,$76.74B,7.21%,$7050,$2120,$4930,$555,$2438,$5149,$1901,$-173,$1728,$-285,$2013,$2013,$2017,$2018,$1901,$1355,1366,$1.49,$1.48,$13088,$3538,$2369,$24779,$4387,$0,$62202,$7284,$75471,$100250,$15148,$25953,$5752,$34315,$49463,$0,$24043,$-1924,$50787,$100250,$1009,$636,$160,$796,$-88,$-164,$0,$-419,$-1063,$737,$-278,$0,$0,$356,$0,$356,$5,$83,$10,$569,$579,$-1090,$-1090,$-625,$-5,$-1141,$-276,$92,$-625
5,2017-04-30,80.77,$36.75,2.2,$21.32,3.79,$9.68,8.35,$2.89,27.95,$24.87B,$14.26B,1.74,$25.92B,$50.33B,0.52,$29.71B,$20.42B,68.73%,$29.71B,$5.33B,17.94%,$29.71B,$5.33B,17.94%,$29.71B,$8.26B,27.80%,$29.71B,$4.60B,15.49%,$29.71B,$4.03B,13.56%,$4.03B,$50.33B,8.02%,$4.03B,$-11.59B,-24.96%,$4.03B,$99.86B,4.08%,$5.33B,$76.25B,6.83%,$7390,$2352,$5038,$549,$2580,$6008,$1382,$-187,$1195,$186,$1009,$1009,$1016,$2339,$1382,$1362,1376,$0.75,$0.74,$13708,$3338,$2236,$24873,$4361,$0,$61922,$7151,$74984,$99857,$14264,$25921,$6364,$35263,$49527,$0,$23270,$-2613,$50330,$99857,$4024,$2928,$-118,$2810,$-75,$-227,$0,$85,$139,$6880,$-1254,$0,$-1324,$985,$0,$985,$22,$-1571,$1277,$916,$2193,$-3116,$-3116,$-2376,$16,$-3283,$2091,$348,$-2376
6,2017-01-31,73.5,$36.16,2.03,$20.94,3.51,$8.56,8.59,$2.83,25.97,$22.42B,$12.67B,1.77,$25.92B,$49.49B,0.52,$29.36B,$20.14B,68.60%,$29.36B,$5.27B,17.96%,$29.36B,$5.27B,17.96%,$29.36B,$8.21B,27.96%,$29.36B,$4.30B,14.65%,$29.36B,$3.97B,13.51%,$3.97B,$49.49B,7.83%,$3.97B,$-17.94B,-22.91%,$3.97B,$97.58B,4.03%,$5.27B,$75.42B,6.64%,$7916,$2436,$5480,$553,$2479,$6285,$1631,$-196,$1435,$271,$1164,$1164,$1163,$1884,$1631,$1379,1391,$0.84,$0.84,$11458,$3720,$1792,$22423,$4947,$0,$67433,$1291,$75155,$97578,$12672,$25923,$5847,$35413,$48085,$0,$52266,$-2879,$49493,$97578,$2860,$2220,$-144,$2076,$18,$-261,$0,$495,$284,$5107,$-924,$0,$-1328,$932,$0,$932,$21,$-1299,$-230,$1120,$890,$-3100,$-3100,$-1782,$22,$-3970,$-108,$272,$-1782
7,2016-10-31,78.83,$36.63,2.15,$20.55,3.84,$7.78,10.13,$3.01,26.19,$22.53B,$9.60B,2.35,$29.01B,$50.29B,0.58,$29.01B,$19.92B,68.66%,$29.01B,$5.48B,18.90%,$29.01B,$5.48B,18.90%,$29.01B,$8.40B,28.96%,$29.01B,$4.51B,15.56%,$29.01B,$4.24B,14.62%,$4.24B,$50.29B,8.32%,$4.24B,$-18.15B,-24.87%,$4.24B,$98.41B,4.25%,$5.48B,$79.30B,6.71%,$7283,$2268,$5015,$530,$2388,$6136,$1147,$-180,$967,$147,$820,$820,$821,$2124,$1147,$1372,1383,$0.60,$0.59,$11257,$3717,$1891,$22526,$4891,$0,$68446,$1293,$75880,$98406,$9601,$29010,$5748,$38512,$48113,$0,$52514,$-2328,$50293,$98406,$2040,$1483,$111,$1594,$-89,$-187,$0,$75,$-507,$3022,$-598,$0,$-1306,$1515,$0,$1515,$32,$-357,$-121,$1158,$1037,$-2534,$-2534,$-1192,$38,$-2651,$78,$190,$-1192
8,2016-07-31,83.81,$36.83,2.28,$20.21,4.15,$7.20,11.65,$2.57,32.61,$23.50B,$7.90B,2.98,$30.12B,$50.89B,0.59,$28.73B,$19.78B,68.85%,$28.73B,$5.40B,18.79%,$28.73B,$5.40B,18.79%,$28.73B,$8.28B,28.83%,$28.73B,$4.38B,15.26%,$28.73B,$3.65B,12.70%,$3.65B,$50.89B,7.08%,$3.65B,$-16.85B,-21.84%,$3.65B,$98.60B,3.59%,$5.40B,$81.02B,6.47%,$7345,$2326,$5019,$554,$2416,$5960,$1385,$-173,$1212,$101,$1111,$1111,$1115,$1911,$1385,$1380,1393,$0.81,$0.80,$12810,$3580,$1751,$23498,$4814,$0,$67746,$1311,$75103,$98601,$7896,$30124,$5899,$39813,$47709,$0,$52848,$-2024,$50892,$98601,$929,$744,$115,$859,$196,$-101,$0,$50,$-153,$1550,$-330,$0,$-12,$60,$0,$60,$-2,$-284,$16,$926,$942,$-1549,$-1549,$-599,$46,$-1160,$184,$79,$-599
9,2016-04-30,75.33,$37.21,2.02,$20.19,3.73,$6.74,11.17,$2.48,30.37,$23.60B,$7.17B,3.29,$30.11B,$52.06B,0.58,$28.83B,$19.69B,68.29%,$28.83B,$5.36B,18.59%,$28.83B,$5.36B,18.59%,$28.83B,$8.21B,28.47%,$28.83B,$4.34B,15.04%,$28.83B,$3.54B,12.27%,$3.54B,$52.06B,6.81%,$3.54B,$-16.34B,-21.61%,$3.54B,$99.64B,3.44%,$5.36B,$82.17B,6.32%,$7166,$2261,$4905,$556,$2428,$5999,$1167,$-179,$988,$59,$929,$929,$929,$2290,$1167,$1392,1407,$0.67,$0.66,$12634,$3473,$0,$23600,$4841,$0,$68399,$1421,$76044,$99644,$7165,$30109,$6578,$40416,$47581,$0,$21704,$-1868,$52063,$99644,$3538,$2849,$415,$3264,$-435,$-186,$0,$-403,$-1403,$5218,$-1046,$0,$-1213,$4518,$0,$4518,$-14,$2245,$-5132,$7,$-5125,$-2339,$-2339,$-2139,$60,$-9543,$-1967,$375,$-2139
10,2016-01-31,71.89,$36.27,1.98,$21.47,3.35,$7.72,9.31,$1.70,42.29,$27.57B,$8.14B,3.39,$33.68B,$50.82B,0.66,$28.57B,$18.86B,66.00%,$28.57B,$3.95B,13.81%,$28.57B,$3.95B,13.81%,$28.57B,$6.76B,23.67%,$28.57B,$3.39B,11.86%,$28.57B,$2.43B,8.52%,$2.43B,$50.82B,4.66%,$2.43B,$-16.88B,-15.08%,$2.43B,$102.71B,2.32%,$3.95B,$84.50B,4.59%,$7567,$2363,$5204,$575,$2360,$5992,$1575,$-441,$1134,$31,$1103,$1103,$1103,$2077,$1575,$1410,1426,$0.78,$0.78,$17286,$3536,$0,$27569,$4636,$0,$67692,$1749,$75137,$102706,$8141,$33681,$6266,$43749,$51890,$0,$53781,$-2965,$50816,$102706,$2435,$2134,$-36,$2098,$86,$-388,$0,$-399,$-524,$3892,$-693,$0,$-1132,$-492,$0,$-492,$-11,$-2328,$-1612,$1314,$-298,$-1810,$-1810,$-1608,$39,$-3677,$-2122,$291,$-1608
11,2015-10-31,69.65,$37.17,1.87,$20.93,3.33,$8.16,8.54,$1.91,36.47,$28.72B,$8.13B,3.54,$33.69B,$52.27B,0.65,$25.95B,$17.25B,66.48%,$25.95B,$3.87B,14.89%,$25.95B,$3.87B,14.89%,$25.95B,$6.24B,24.03%,$25.95B,$3.40B,13.12%,$25.95B,$2.32B,8.92%,$2.32B,$52.27B,5.19%,$2.32B,$-16.74B,-22.71%,$2.32B,$104.95B,2.49%,$3.87B,$85.96B,5.05%,$6934,$2141,$4793,$546,$2317,$5579,$1355,$-176,$1179,$84,$1095,$1095,$1095,$2004,$1355,$1407,1422,$0.78,$0.77,$17229,$3516,$0,$28723,$4678,$0,$69005,$1714,$76222,$104945,$8126,$33690,$6094,$44550,$52676,$0,$53740,$-1471,$52269,$104945,$1340,$1412,$51,$1463,$-1,$-326,$0,$73,$-623,$2095,$-446,$0,$-997,$-618,$0,$-618,$-13,$-2074,$-1608,$1325,$-283,$-1197,$-1197,$-1075,$30,$-2525,$-2465,$209,$-1075
12,2015-07-31,73.46,$37.36,1.97,$20.38,3.6,$8.02,9.16,$2.38,30.87,$29.15B,$7.66B,3.81,$33.71B,$52.81B,0.64,$23.26B,$15.60B,67.07%,$23.26B,$3.76B,16.16%,$23.26B,$3.76B,16.16%,$23.26B,$5.63B,24.22%,$23.26B,$3.34B,14.37%,$23.26B,$2.62B,11.28%,$2.62B,$52.81B,7.21%,$2.62B,$-15.55B,-58.03%,$2.62B,$104.63B,3.44%,$3.76B,$86.52B,6.03%,$7058,$2182,$4876,$545,$2343,$5758,$1300,$-217,$1083,$563,$520,$520,$520,$1839,$1300,$1413,1429,$0.37,$0.36,$17982,$3404,$0,$29147,$4672,$0,$68356,$1679,$75479,$104626,$7660,$33709,$5747,$44157,$51817,$0,$54165,$-1356,$52809,$104626,$820,$708,$87,$795,$279,$-207,$0,$-408,$-760,$816,$-224,$0,$-179,$-585,$0,$-585,$2,$-986,$-1004,$429,$-575,$-652,$-652,$-538,$21,$-1744,$-1864,$96,$-538
13,2015-04-30,69.42,$37.44,1.85,$19.57,3.55,$7.81,8.89,$2.68,25.9,$30.84B,$9.17B,3.36,$33.75B,$53.23B,0.63,$20.26B,$13.95B,68.86%,$20.26B,$3.77B,18.59%,$20.26B,$3.77B,18.59%,$20.26B,$5.15B,25.41%,$20.26B,$3.49B,17.21%,$20.26B,$2.68B,13.20%,$2.68B,$53.23B,9.55%,$2.68B,$-15.40B,291.47%,$2.68B,$106.69B,4.49%,$3.77B,$86.98B,7.82%,$7274,$2456,$4818,$558,$2449,$6143,$1131,$-191,$940,$120,$820,$820,$820,$843,$1131,$1418,1436,$0.58,$0.57,$19480,$3463,$0,$30844,$4699,$0,$68631,$1737,$75841,$106685,$9173,$33752,$5830,$44282,$53455,$0,$54414,$-1184,$53230,$106685,$2675,$1382,$182,$1564,$-413,$-282,$0,$643,$797,$4902,$-571,$0,$-14884,$-1692,$0,$-1692,$89,$-17058,$18674,$-1,$18673,$-1271,$-1271,$-1337,$-116,$15949,$3440,$439,$-1337
14,2015-01-31,66.31,$20.17,3.29,$17.49,3.79,$8.41,7.89,$3.12,21.25,$38.16B,$5.61B,6.8,$26.64B,$20.17B,1.32,$17.52B,$12.98B,74.06%,$17.52B,$3.91B,22.33%,$17.52B,$3.91B,22.33%,$17.52B,$4.83B,27.55%,$17.52B,$3.78B,21.57%,$17.52B,$3.12B,17.83%,$3.12B,$20.17B,15.96%,$3.12B,$6.88B,48.74%,$3.12B,$55.23B,7.37%,$3.91B,$46.81B,11.57%,$7304,$2934,$4370,$528,$2404,$7145,$159,$28,$187,$188,$-1,$-1,$-1,$1550,$159,$1096,1109,$-0.27,$-0.27,$31148,$1875,$0,$38161,$2326,$0,$13289,$1250,$17072,$55233,$5613,$26641,$2391,$29447,$35060,$99,$20735,$-661,$20173,$55233,$2676,$698,$-684,$14,$-60,$-245,$0,$-1,$396,$2990,$-316,$0,$-611,$-976,$0,$-976,$60,$-1843,$16905,$7,$16912,$-1143,$-1143,$-902,$-69,$14798,$15828,$115,$-902
15,2014-10-31,63.04,$19.75,3.19,$17.27,3.65,$9.03,6.98,$2.89,21.81,$21.60B,$6.95B,3.11,$9.71B,$19.44B,0.5,$17.37B,$12.90B,74.27%,$17.37B,$3.66B,21.09%,$17.37B,$3.66B,21.09%,$17.37B,$4.52B,26.01%,$17.37B,$3.54B,20.39%,$17.37B,$2.91B,16.75%,$2.91B,$19.44B,15.02%,$2.91B,$5.98B,46.28%,$2.91B,$38.78B,7.68%,$3.66B,$29.15B,12.47%,$4318,$1128,$3190,$373,$1487,$3043,$1275,$-81,$1194,$217,$977,$977,$977,$1401,$1275,$984,996,$0.99,$0.98,$14464,$1873,$0,$21597,$2361,$0,$13461,$1178,$17183,$38780,$6952,$9708,$2262,$12390,$19342,$98,$19846,$-506,$19438,$38780,$1699,$423,$-756,$-333,$-64,$-170,$0,$73,$-135,$1223,$-210,$0,$-578,$-359,$0,$-359,$-6,$-1153,$-7,$1761,$1754,$-1308,$-1308,$-602,$29,$-127,$-116,$82,$-602
16,2014-07-31,56.82,$19.65,2.89,$17.03,3.34,$9.81,5.79,$2.95,19.26,$20.77B,$5.43B,3.82,$10.32B,$19.25B,0.54,$17.20B,$12.78B,74.32%,$17.20B,$3.68B,21.37%,$17.20B,$3.68B,21.37%,$17.20B,$4.54B,26.39%,$17.20B,$3.64B,21.14%,$17.20B,$2.98B,17.35%,$2.98B,$19.25B,15.54%,$2.98B,$6.21B,48.04%,$2.98B,$37.55B,8.00%,$3.68B,$29.57B,12.60%,$4366,$1142,$3224,$374,$1507,$3173,$1193,$-171,$1022,$194,$828,$828,$828,$1354,$1193,$982,993,$0.84,$0.83,$13962,$1836,$0,$20770,$2376,$0,$13037,$1172,$16784,$37554,$5433,$10323,$2173,$12873,$18306,$99,$19637,$-488,$19248,$37554,$871,$215,$-619,$-404,$94,$-96,$0,$17,$-148,$310,$-109,$0,$-146,$253,$0,$253,$-4,$-6,$-3,$862,$859,$-911,$-911,$-304,$1,$-355,$-67,$34,$-304
17,2014-04-30,53.88,$19.46,2.77,$16.78,3.21,$10.50,5.13,$3.01,17.9,$21.21B,$5.56B,3.82,$10.32B,$19.44B,0.53,$17.01B,$12.67B,74.52%,$17.01B,$3.81B,22.42%,$17.01B,$3.81B,22.42%,$17.01B,$4.67B,27.47%,$17.01B,$3.71B,21.79%,$17.01B,$3.07B,18.02%,$3.07B,$19.44B,16.12%,$3.07B,$6.56B,50.68%,$3.07B,$37.94B,8.36%,$3.81B,$29.76B,13.23%,$4273,$1105,$3168,$365,$1506,$3134,$1139,$-56,$1083,$212,$871,$871,$871,$522,$1139,$993,1005,$0.88,$0.87,$14241,$1725,$0,$21210,$2392,$0,$12879,$1162,$16733,$37943,$5559,$10315,$2240,$12941,$18500,$100,$19940,$-597,$19443,$37943,$3065,$858,$846,$1704,$-70,$-39,$0,$444,$218,$4959,$-396,$0,$-385,$-2784,$0,$-2784,$-29,$-3594,$1429,$2,$1431,$-1246,$-1246,$-1116,$13,$-918,$484,$145,$-1116
18,2014-01-31,51.58,$19.34,2.67,$16.62,3.1,$10.36,4.98,$3.52,14.65,$20.39B,$5.63B,3.62,$9.60B,$19.35B,0.5,$16.90B,$12.60B,74.58%,$16.90B,$4.70B,27.80%,$16.90B,$4.70B,27.80%,$16.90B,$5.58B,33.04%,$16.90B,$4.38B,25.91%,$16.90B,$3.59B,21.22%,$3.59B,$19.35B,19.05%,$3.59B,$6.39B,61.57%,$3.59B,$37.23B,9.99%,$4.70B,$28.96B,16.50%,$4565,$1171,$3394,$385,$1539,$4260,$305,$176,$481,$33,$448,$448,$448,$1241,$305,$1002,1014,$0.46,$0.45,$13667,$1782,$0,$20386,$2408,$0,$12965,$1235,$16845,$37231,$5632,$9601,$2286,$12245,$17877,$100,$19872,$-618,$19354,$37231,$2617,$641,$201,$842,$86,$-119,$0,$523,$189,$3631,$-291,$0,$-369,$-2386,$0,$-2386,$-23,$-3069,$-10,$1726,$1716,$-1097,$-1097,$-839,$19,$-201,$385,$108,$-839
19,2013-10-31,52.09,$18.78,2.77,$16.44,3.17,$10.32,5.04,$3.74,13.93,$19.48B,$5.50B,3.55,$9.64B,$18.74B,0.51,$16.76B,$12.52B,74.68%,$16.76B,$4.89B,29.18%,$16.76B,$4.89B,29.18%,$16.76B,$5.80B,34.59%,$16.76B,$4.58B,27.31%,$16.76B,$3.81B,22.74%,$3.81B,$18.74B,20.67%,$3.81B,$5.67B,70.45%,$3.81B,$36.47B,10.79%,$4.89B,$28.38B,17.77%,$4163,$1050,$3113,$360,$1454,$3138,$1025,$-70,$955,$193,$762,$762,$762,$1421,$1025,$998,1010,$0.76,$0.75,$12584,$1825,$0,$19483,$2448,$0,$13072,$1237,$16985,$36468,$5496,$9637,$2236,$12228,$17724,$100,$19211,$-567,$18744,$36468,$1855,$425,$5,$430,$-16,$-111,$0,$413,$-254,$2019,$-196,$0,$-210,$-1428,$0,$-1428,$-18,$-1852,$-6,$1731,$1725,$-1236,$-1236,$-560,$12,$-59,$147,$75,$-560
20,2013-07-31,49.87,$18.57,2.69,$16.27,3.07,$10.48,4.76,$3.48,14.33,$18.09B,$4.29B,4.22,$9.64B,$18.52B,0.52,$16.67B,$12.49B,74.95%,$16.67B,$4.87B,29.23%,$16.67B,$4.87B,29.23%,$16.67B,$5.79B,34.71%,$16.67B,$4.32B,25.90%,$16.67B,$3.56B,21.34%,$3.56B,$18.52B,19.70%,$3.56B,$5.57B,68.71%,$3.56B,$34.97B,10.25%,$4.87B,$28.16B,18.34%,$4194,$1090,$3104,$372,$1438,$2988,$1206,$-90,$1116,$214,$902,$902,$902,$1487,$1206,$999,1009,$0.90,$0.89,$11404,$1778,$0,$18090,$2444,$0,$12953,$1297,$16882,$34972,$4285,$9637,$2188,$12168,$16453,$100,$18995,$-576,$18519,$34972,$953,$210,$-21,$189,$85,$-95,$0,$181,$-159,$983,$-78,$0,$-17,$-562,$0,$-562,$-9,$-666,$-4,$636,$632,$-772,$-772,$-281,$-1,$-422,$-91,$31,$-281
21,2013-04-30,41.91,$18.38,2.28,$16.13,2.6,$10.78,3.89,$3.38,12.4,$17.85B,$3.95B,4.52,$9.74B,$18.67B,0.52,$16.59B,$12.46B,75.13%,$16.59B,$4.76B,28.66%,$16.59B,$4.76B,28.66%,$16.59B,$5.68B,34.23%,$16.59B,$4.25B,25.62%,$16.59B,$3.47B,20.90%,$3.47B,$18.67B,19.55%,$3.47B,$5.67B,69.69%,$3.47B,$34.90B,10.12%,$4.76B,$28.41B,18.51%,$4083,$1022,$3061,$360,$1416,$2806,$1277,$-124,$1153,$200,$953,$953,$953,$1435,$1277,$1010,1021,$0.94,$0.93,$11130,$1712,$0,$17852,$2490,$0,$13002,$1324,$17048,$34900,$3950,$9741,$2198,$12279,$16229,$102,$19061,$-492,$18671,$34900,$3467,$923,$192,$1115,$1,$93,$0,$-215,$360,$4942,$-457,$0,$-820,$-1810,$0,$-1810,$-14,$-3101,$766,$-792,$-26,$-980,$-980,$-1055,$-40,$-2101,$-253,$152,$-1055
22,2013-01-31,41.61,$17.59,2.37,$15.85,2.63,$10.17,4.09,$3.37,12.35,$9.16B,$6.96B,1.32,$7.31B,$17.84B,0.41,$16.43B,$12.39B,75.41%,$16.43B,$4.78B,29.09%,$16.43B,$4.78B,29.09%,$16.43B,$5.68B,34.58%,$16.43B,$4.13B,25.13%,$16.43B,$3.49B,21.23%,$3.49B,$17.84B,20.11%,$3.49B,$4.74B,74.36%,$3.49B,$34.95B,10.34%,$4.78B,$25.15B,19.35%,$4460,$1134,$3326,$409,$1475,$3269,$1191,$-37,$1154,$185,$969,$969,$969,$1455,$1191,$1019,1028,$0.95,$0.94,$2464,$1889,$0,$9161,$2502,$9321,$13099,$382,$25788,$34949,$6958,$7314,$2202,$10155,$17113,$101,$18207,$-472,$17836,$34949,$2498,$679,$279,$958,$255,$-58,$0,$70,$216,$3672,$-336,$0,$-820,$-1354,$0,$-1354,$-4,$-2514,$-10,$766,$756,$-1089,$-1089,$-797,$-19,$-1149,$20,$119,$-797
23,2012-10-31,36.9,$16.98,2.17,$15.60,2.37,$9.78,3.77,$3.28,11.25,$9.44B,$6.62B,1.43,$7.36B,$17.18B,0.43,$16.32B,$12.35B,75.66%,$16.32B,$4.71B,28.89%,$16.32B,$4.71B,28.89%,$16.32B,$5.61B,34.37%,$16.32B,$4.03B,24.67%,$16.32B,$3.44B,21.05%,$3.44B,$17.18B,20.00%,$3.44B,$4.73B,74.00%,$3.44B,$33.96B,10.41%,$4.71B,$24.53B,19.03%,$4027,$999,$3028,$376,$1401,$2809,$1218,$-63,$1155,$167,$988,$988,$988,$1408,$1218,$1013,1021,$0.98,$0.97,$2675,$1877,$0,$9435,$2447,$8816,$12444,$350,$24525,$33960,$6621,$7355,$2225,$10164,$16785,$101,$17558,$-484,$17175,$33960,$1510,$442,$320,$762,$123,$-71,$0,$28,$-46,$2226,$-211,$0,$-23,$-687,$0,$-687,$-6,$-927,$-8,$775,$767,$-981,$-981,$-533,$-15,$-762,$512,$85,$-533
24,2012-07-31,34.78,$16.91,2.06,$15.40,2.26,$9.72,3.58,$3.47,10.02,$9.18B,$5.81B,1.58,$7.39B,$17.26B,0.43,$16.25B,$12.34B,75.93%,$16.25B,$4.75B,29.23%,$16.25B,$4.75B,29.23%,$16.25B,$5.66B,34.81%,$16.25B,$4.22B,25.94%,$16.25B,$3.66B,22.53%,$3.66B,$17.26B,21.44%,$3.66B,$4.76B,82.45%,$3.66B,$33.25B,11.28%,$4.75B,$24.64B,19.09%,$4095,$1020,$3075,$387,$1417,$2909,$1186,$-332,$854,$208,$646,$646,$646,$1380,$1186,$1019,1028,$0.63,$0.63,$2491,$1854,$0,$9183,$2451,$8259,$12492,$358,$24069,$33252,$5811,$7386,$2218,$10186,$15997,$103,$17667,$-515,$17255,$33252,$864,$220,$33,$253,$214,$-61,$0,$129,$215,$1332,$-103,$0,$-23,$-845,$0,$-845,$-5,$-976,$-6,$91,$85,$-446,$-446,$-267,$-15,$-643,$-363,$36,$-267
25,2012-04-30,33.48,$16.50,2.03,$15.22,2.2,$9.46,3.54,$3.41,9.82,$16.34B,$5.93B,2.76,$7.36B,$17.11B,0.43,$16.18B,$12.30B,75.97%,$16.18B,$4.75B,29.34%,$16.18B,$4.75B,29.34%,$16.18B,$5.67B,35.01%,$16.18B,$4.15B,25.61%,$16.18B,$3.62B,22.35%,$3.62B,$17.11B,21.48%,$3.62B,$4.53B,84.62%,$3.62B,$32.82B,11.34%,$4.75B,$24.47B,19.11%,$4008,$973,$3035,$385,$1405,$2848,$1160,$-72,$1088,$224,$864,$864,$864,$1437,$1160,$1030,1037,$0.84,$0.83,$9350,$1800,$0,$16336,$2473,$0,$12581,$1252,$16482,$32818,$5927,$7359,$2143,$9778,$15705,$104,$17482,$-473,$17113,$32818,$3617,$918,$-83,$835,$-252,$-185,$0,$155,$18,$4470,$-484,$0,$-170,$-1987,$0,$-1987,$-21,$-2662,$1186,$-585,$601,$-1344,$-1344,$-1021,$-118,$-1882,$-145,$161,$-1021
26,2012-01-31,33.59,$16.50,2.04,$14.84,2.26,$8.69,3.86,$3.19,10.53,$9.31B,$4.56B,2.04,$8.25B,$17.17B,0.48,$15.86B,$12.11B,76.33%,$15.86B,$4.52B,28.46%,$15.86B,$4.52B,28.46%,$15.86B,$5.47B,34.45%,$15.86B,$3.99B,25.15%,$15.86B,$3.40B,21.45%,$3.40B,$17.17B,20.56%,$3.40B,$4.54B,83.57%,$3.40B,$31.91B,10.85%,$4.52B,$25.42B,18.24%,$4297,$1047,$3250,$393,$1462,$3082,$1215,$-184,$1031,$144,$887,$887,$990,$1383,$1215,$1054,1060,$0.95,$0.94,$2345,$1819,$250,$9308,$2480,$7096,$12628,$399,$22603,$31911,$4562,$8248,$1789,$10180,$14742,$105,$17340,$-276,$17169,$31911,$2626,$696,$-215,$481,$-124,$-202,$0,$571,$319,$3426,$-374,$0,$-556,$-1219,$0,$-1219,$-32,$-2181,$-24,$222,$198,$-713,$-713,$-769,$-62,$-1346,$-192,$124,$-769
27,2011-10-31,30.07,$15.86,1.9,$14.73,2.04,$8.19,3.67,$3.17,9.48,$9.01B,$4.73B,1.9,$8.22B,$16.74B,0.49,$15.80B,$12.04B,76.22%,$15.80B,$4.51B,28.54%,$15.80B,$4.51B,28.54%,$15.80B,$5.46B,34.57%,$15.80B,$3.93B,24.89%,$15.80B,$3.39B,21.47%,$3.39B,$16.74B,21.07%,$3.39B,$3.92B,91.56%,$3.39B,$31.75B,10.93%,$4.51B,$24.96B,18.78%,$3918,$931,$2987,$364,$1371,$2765,$1153,$-100,$1053,$208,$845,$845,$935,$1455,$1153,$1054,1060,$0.89,$0.88,$2166,$1840,$0,$9014,$2535,$7013,$12819,$372,$22739,$31753,$4734,$8222,$1765,$10280,$15014,$106,$16790,$-157,$16739,$31753,$1692,$466,$81,$547,$-119,$-147,$0,$606,$48,$2287,$-269,$0,$-556,$-858,$0,$-858,$-60,$-1743,$-15,$302,$287,$-555,$-555,$-514,$-62,$-844,$-334,$90,$-514
28,2011-07-31,30.97,$15.47,2.0,$14.54,2.13,$7.63,4.06,$2.87,10.79,$9.29B,$4.81B,1.93,$8.20B,$16.34B,0.5,$15.68B,$11.92B,76.03%,$15.68B,$4.38B,27.91%,$15.68B,$4.38B,27.91%,$15.68B,$5.35B,34.14%,$15.68B,$3.64B,23.23%,$15.68B,$3.09B,19.69%,$3.09B,$16.34B,19.76%,$3.09B,$4.10B,85.00%,$3.09B,$31.09B,10.15%,$4.38B,$24.54B,18.82%,$4023,$960,$3063,$371,$1410,$2802,$1221,$-178,$1043,$179,$864,$864,$871,$1391,$1221,$1058,1063,$0.82,$0.82,$2521,$1808,$0,$9285,$2521,$6655,$12236,$394,$21806,$31091,$4805,$8195,$1472,$9946,$14751,$106,$16319,$-85,$16340,$31091,$821,$232,$67,$299,$67,$-94,$0,$383,$-5,$1115,$-130,$0,$-7,$-421,$0,$-421,$-39,$-597,$0,$128,$128,$-368,$-368,$-257,$0,$-497,$11,$41,$-257
29,2011-04-30,35.64,$14.92,2.39,$14.32,2.49,$7.35,4.85,$2.86,12.46,$9.15B,$4.73B,1.94,$8.11B,$15.97B,0.51,$15.51B,$11.81B,76.14%,$15.51B,$4.30B,27.71%,$15.51B,$4.30B,27.71%,$15.51B,$5.27B,34.00%,$15.51B,$3.66B,23.63%,$15.51B,$3.10B,19.96%,$3.10B,$15.97B,20.38%,$3.10B,$3.72B,87.71%,$3.10B,$30.68B,10.39%,$4.30B,$24.08B,19.06%,$3946,$951,$2995,$362,$1380,$2787,$1159,$-141,$1018,$199,$819,$819,$821,$1236,$1159,$1064,1070,$0.77,$0.77,$2428,$1619,$258,$9150,$2488,$6116,$12245,$362,$21525,$30675,$4726,$8112,$1408,$9981,$14707,$107,$16085,$-224,$15968,$30675,$3096,$975,$682,$1657,$-342,$-101,$0,$-532,$-1012,$3741,$-501,$0,$-1332,$275,$0,$275,$-176,$-1734,$-1603,$1621,$18,$-1055,$-1055,$-969,$0,$-2006,$63,$198,$-969
30,2011-01-31,32.52,$14.36,2.26,$14.04,2.32,$7.56,4.3,$3.00,10.84,$9.99B,$6.41B,1.56,$7.08B,$15.36B,0.46,$15.30B,$11.73B,76.67%,$15.30B,$4.37B,28.56%,$15.30B,$4.37B,28.56%,$15.30B,$5.34B,34.90%,$15.30B,$4.00B,26.13%,$15.30B,$3.28B,21.40%,$3.28B,$15.36B,22.05%,$3.28B,$3.07B,93.07%,$3.28B,$30.60B,11.23%,$4.37B,$22.44B,19.94%,$3975,$912,$3063,$367,$1355,$2993,$982,$-107,$875,$129,$746,$746,$776,$1380,$982,$1077,1082,$0.73,$0.72,$3467,$1682,$0,$9986,$2507,$5578,$12286,$240,$20611,$30597,$6414,$7084,$1642,$8825,$15239,$107,$15476,$-225,$15358,$30597,$2320,$721,$344,$1065,$-79,$-113,$0,$-75,$-437,$2948,$-385,$-48,$-1268,$-428,$0,$-428,$-125,$-2254,$-402,$1395,$993,$-1086,$-1086,$-728,$0,$-821,$-117,$156,$-728
31,2010-10-31,29.72,$13.81,2.15,$13.94,2.13,$7.43,4.0,$2.89,10.28,$9.89B,$5.90B,1.68,$7.15B,$14.83B,0.48,$15.30B,$11.75B,76.81%,$15.30B,$4.49B,29.36%,$15.30B,$4.49B,29.36%,$15.30B,$5.46B,35.71%,$15.30B,$4.07B,26.57%,$15.30B,$3.18B,20.80%,$3.18B,$14.83B,21.80%,$3.18B,$3.63B,85.98%,$3.18B,$29.31B,11.44%,$4.49B,$21.97B,21.00%,$3857,$934,$2923,$362,$1367,$2710,$1147,$-150,$997,$84,$913,$913,$924,$1347,$1147,$1074,1078,$0.86,$0.86,$3544,$1635,$0,$9894,$2458,$5448,$11197,$314,$19417,$29311,$5895,$7148,$1437,$8591,$14486,$108,$15114,$-397,$14825,$29311,$1396,$488,$334,$822,$-72,$-108,$0,$94,$-515,$1703,$-258,$-17,$-452,$-632,$0,$-632,$-80,$-1439,$-402,$1181,$779,$-718,$-718,$-488,$0,$-427,$-144,$104,$-488
32,2010-07-31,30.98,$13.52,2.29,$13.79,2.25,$7.11,4.36,$3.15,9.83,$10.00B,$5.61B,1.78,$7.08B,$14.60B,0.49,$15.23B,$11.72B,76.96%,$15.23B,$4.63B,30.37%,$15.23B,$4.63B,30.37%,$15.23B,$5.56B,36.53%,$15.23B,$4.42B,29.04%,$15.23B,$3.48B,22.87%,$3.48B,$14.60B,24.38%,$3.48B,$3.70B,98.22%,$3.48B,$28.66B,13.12%,$4.63B,$21.68B,22.15%,$3903,$961,$2942,$373,$1371,$2814,$1089,$-337,$752,$186,$566,$566,$566,$1309,$1089,$1080,1084,$0.52,$0.52,$3917,$1577,$0,$9997,$2420,$5057,$10905,$281,$18663,$28660,$5611,$7080,$1326,$8448,$14059,$108,$14846,$-353,$14601,$28660,$830,$230,$47,$277,$63,$-73,$0,$30,$-302,$805,$-108,$0,$-62,$-564,$0,$-564,$-55,$-789,$-2,$816,$814,$-615,$-615,$-245,$0,$-46,$-36,$49,$-245
33,2010-04-30,36.39,$13.33,2.73,$13.86,2.63,$6.89,5.28,$2.79,13.04,$9.84B,$5.12B,1.92,$6.94B,$14.63B,0.48,$15.39B,$11.81B,76.73%,$15.39B,$4.71B,30.63%,$15.39B,$4.71B,30.63%,$15.39B,$5.65B,36.73%,$15.39B,$3.94B,25.62%,$15.39B,$3.10B,20.13%,$3.10B,$14.63B,22.25%,$3.10B,$3.68B,95.34%,$3.10B,$28.09B,12.26%,$4.71B,$21.57B,23.19%,$3773,$893,$2880,$370,$1334,$2694,$1079,$-39,$1040,$210,$830,$830,$830,$1304,$1079,$1086,1090,$0.76,$0.76,$3775,$1481,$0,$9839,$2421,$4632,$10950,$248,$18251,$28090,$5121,$6944,$1307,$8340,$13461,$110,$14826,$0,$14629,$28090,$3099,$939,$-149,$790,$-271,$158,$0,$130,$242,$4131,$-573,$-62,$-350,$-3687,$0,$-3687,$-87,$-4759,$2980,$-444,$2536,$-865,$-865,$-907,$0,$764,$129,$225,$-907
34,2010-01-31,35.56,$13.00,2.74,$13.86,2.57,$6.69,5.32,$2.15,16.54,$7.98B,$3.79B,2.1,$6.00B,$14.32B,0.42,$15.45B,$11.72B,75.85%,$15.45B,$4.32B,27.95%,$15.45B,$4.32B,27.95%,$15.45B,$5.23B,33.82%,$15.45B,$2.74B,17.75%,$15.45B,$2.25B,14.54%,$2.25B,$14.32B,16.56%,$2.25B,$3.80B,75.92%,$2.25B,$25.17B,9.30%,$4.32B,$20.32B,21.81%,$3770,$782,$2988,$341,$1263,$2714,$1056,$154,$1210,$271,$939,$939,$955,$1502,$1056,$1106,1109,$0.87,$0.86,$2292,$1468,$0,$7979,$2377,$4020,$10519,$273,$17189,$25168,$3794,$5996,$1015,$7054,$10848,$111,$14410,$-201,$14320,$25168,$2145,$691,$-235,$456,$-51,$64,$0,$213,$293,$2894,$-402,$-44,$0,$-1513,$0,$-1513,$-86,$-2045,$-20,$520,$500,$-500,$-500,$-681,$0,$-681,$192,$176,$-681
35,2009-10-31,29.47,$12.32,2.39,$13.50,2.18,$6.56,4.49,$2.05,14.37,$7.31B,$3.28B,2.23,$6.37B,$13.61B,0.47,$15.09B,$11.43B,75.70%,$15.09B,$4.03B,26.71%,$15.09B,$4.03B,26.71%,$15.09B,$4.91B,32.54%,$15.09B,$2.57B,17.05%,$15.09B,$2.11B,14.00%,$2.11B,$13.61B,15.95%,$2.11B,$3.01B,75.69%,$2.11B,$24.28B,8.97%,$4.03B,$19.98B,20.82%,$3851,$912,$2939,$344,$1328,$2584,$1267,$-204,$1063,$232,$831,$831,$831,$1449,$1267,$1105,1109,$0.75,$0.75,$1542,$1474,$0,$7312,$2370,$3751,$10596,$255,$16972,$24284,$3278,$6368,$993,$7398,$10676,$111,$13750,$-253,$13608,$24284,$1314,$456,$-275,$181,$-89,$-15,$0,$89,$-89,$1406,$-279,$-40,$0,$-1171,$0,$-1171,$-88,$-1578,$-6,$618,$612,$-506,$-506,$-455,$0,$-349,$-445,$128,$-455
36,2009-07-31,29.07,$11.88,2.45,$13.20,2.2,$6.74,4.31,$1.78,16.33,$7.28B,$3.13B,2.33,$6.31B,$13.14B,0.48,$14.83B,$11.20B,75.52%,$14.83B,$3.89B,26.22%,$14.83B,$3.89B,26.22%,$14.83B,$4.76B,32.11%,$14.83B,$2.09B,14.07%,$14.83B,$1.79B,12.09%,$1.79B,$13.14B,13.78%,$1.79B,$2.51B,64.78%,$1.79B,$23.57B,7.79%,$3.89B,$19.45B,20.56%,$3838,$922,$2916,$369,$1323,$2614,$1224,$-114,$1110,$242,$868,$868,$868,$1398,$1224,$1107,1109,$0.78,$0.78,$1544,$1492,$0,$7284,$2333,$3037,$10634,$286,$16290,$23574,$3132,$6307,$929,$7298,$10430,$111,$13243,$-210,$13144,$23574,$445,$231,$80,$311,$37,$-35,$0,$-1,$-135,$621,$-150,$0,$0,$-296,$0,$-296,$-83,$-529,$-6,$148,$142,$-308,$-308,$-228,$0,$-394,$-249,$62,$-228
37,2009-04-30,26.1,$11.78,2.22,$12.95,2.02,$6.91,3.77,$2.04,12.8,$7.45B,$3.15B,2.37,$6.25B,$13.18B,0.47,$14.60B,$11.08B,75.90%,$14.60B,$3.83B,26.26%,$14.60B,$3.83B,26.26%,$14.60B,$4.69B,32.10%,$14.60B,$2.44B,16.71%,$14.60B,$2.07B,14.18%,$2.07B,$13.18B,16.20%,$2.07B,$2.51B,74.47%,$2.07B,$23.59B,9.09%,$3.83B,$19.44B,20.74%,$3933,$966,$2967,$370,$1368,$2766,$1167,$-606,$561,$116,$445,$445,$445,$877,$1167,$1113,1115,$0.40,$0.40,$1676,$1426,$0,$7452,$2279,$2769,$10672,$416,$16136,$23588,$3147,$6253,$891,$7259,$10406,$112,$13272,$0,$13182,$23588,$2070,$853,$696,$1549,$108,$-212,$0,$-147,$259,$3878,$-498,$-165,$-1624,$-115,$0,$-115,$-338,$-2740,$950,$-633,$317,$-343,$-343,$-843,$24,$-845,$211,$237,$-843
38,2009-01-31,27.15,$11.67,2.33,$12.92,2.1,$6.52,4.17,$2.54,10.69,$7.21B,$3.17B,2.28,$5.53B,$13.06B,0.42,$14.63B,$11.10B,75.87%,$14.63B,$4.37B,29.87%,$14.63B,$4.37B,29.87%,$14.63B,$5.33B,36.43%,$14.63B,$3.29B,22.48%,$14.63B,$2.69B,18.37%,$2.69B,$13.06B,21.74%,$2.69B,$3.13B,103.07%,$2.69B,$22.76B,11.98%,$4.37B,$18.59B,24.34%,$3829,$932,$2897,$368,$1314,$3169,$660,$-651,$9,$-93,$102,$102,$102,$1188,$660,$1122,1126,$0.10,$0.10,$1743,$1429,$0,$7206,$2256,$2641,$9930,$677,$15558,$22764,$3168,$5525,$1007,$6532,$9700,$112,$12987,$-35,$13064,$22764,$1967,$636,$-60,$576,$252,$-230,$0,$-158,$212,$2755,$-378,$-152,$-381,$-64,$0,$-64,$-270,$-1245,$-316,$41,$-275,$-333,$-333,$-632,$23,$-1217,$223,$178,$-632
39,2008-10-31,32.49,$11.29,2.88,$12.81,2.54,$6.58,4.94,$1.96,16.58,$6.50B,$2.91B,2.23,$5.52B,$12.62B,0.44,$14.54B,$10.99B,75.57%,$14.54B,$4.08B,28.05%,$14.54B,$4.08B,28.05%,$14.54B,$5.01B,34.47%,$14.54B,$2.53B,17.41%,$14.54B,$2.07B,14.22%,$2.07B,$12.62B,17.46%,$2.07B,$2.91B,97.53%,$2.07B,$22.03B,9.36%,$4.08B,$18.15B,23.35%,$3494,$848,$2646,$337,$1257,$2514,$980,$-87,$893,$195,$698,$698,$698,$1297,$980,$1119,1122,$0.62,$0.62,$1042,$1348,$0,$6502,$2234,$2803,$9713,$781,$15531,$22033,$2914,$5523,$954,$6495,$9409,$112,$12468,$44,$12624,$22033,$1270,$428,$-47,$381,$270,$-141,$0,$-276,$-31,$1620,$-263,$-135,$-29,$-556,$0,$-556,$-5,$-988,$-300,$-124,$-424,$-272,$-272,$-421,$26,$-1091,$-519,$108,$-421
40,2008-07-31,42.4,$10.85,3.91,$12.37,3.43,$6.71,6.32,$2.03,20.89,$7.40B,$3.72B,1.99,$5.50B,$12.24B,0.45,$14.09B,$10.59B,75.10%,$14.09B,$3.88B,27.51%,$14.09B,$3.88B,27.51%,$14.09B,$4.72B,33.50%,$14.09B,$2.78B,19.70%,$14.09B,$2.19B,15.51%,$2.19B,$12.24B,18.92%,$2.19B,$2.56B,77.26%,$2.19B,$22.73B,10.06%,$3.88B,$17.74B,22.58%,$3570,$883,$2687,$326,$1263,$2490,$1080,$-457,$623,$76,$547,$547,$547,$1324,$1080,$1125,1131,$0.49,$0.48,$1745,$1356,$0,$7398,$2241,$2817,$9676,$519,$15335,$22733,$3722,$5499,$1273,$6772,$10494,$113,$12334,$-208,$12239,$22733,$723,$211,$-146,$65,$42,$-59,$0,$110,$12,$800,$-127,$0,$-29,$-545,$0,$-545,$21,$-680,$-300,$481,$181,$23,$23,$-211,$11,$4,$110,$55,$-211
41,2008-04-30,38.93,$10.25,3.8,$11.81,3.3,$6.79,5.74,$1.96,19.86,$7.32B,$3.54B,2.07,$5.80B,$11.54B,0.5,$13.52B,$10.07B,74.50%,$13.52B,$3.66B,27.05%,$13.52B,$3.66B,27.05%,$13.52B,$4.44B,32.84%,$13.52B,$2.74B,20.27%,$13.52B,$2.14B,15.82%,$2.14B,$11.54B,18.95%,$2.14B,$1.82B,60.45%,$2.14B,$22.20B,10.20%,$3.66B,$17.34B,21.62%,$3706,$855,$2851,$324,$1318,$2593,$1113,$-198,$915,$192,$723,$723,$723,$1521,$1113,$1125,1132,$0.64,$0.64,$1613,$1280,$0,$7322,$2221,$2322,$9712,$518,$14876,$22198,$3535,$5802,$1325,$7127,$10662,$112,$11710,$0,$11536,$22198,$2138,$782,$941,$1723,$-461,$30,$0,$364,$-372,$3489,$-513,$-93,$-4221,$2124,$0,$2124,$-87,$-2790,$288,$543,$831,$-1141,$-1141,$-565,$40,$-835,$-196,$217,$-565
42,2008-01-31,37.09,$9.76,3.8,$11.26,3.3,$6.26,5.93,$1.94,19.12,$6.68B,$3.54B,1.89,$5.66B,$10.97B,0.52,$12.94B,$9.57B,73.96%,$12.94B,$3.42B,26.46%,$12.94B,$3.42B,26.46%,$12.94B,$4.05B,31.29%,$12.94B,$2.74B,21.16%,$12.94B,$2.23B,17.24%,$2.23B,$10.97B,20.02%,$2.23B,$1.18B,50.86%,$2.23B,$21.41B,10.99%,$3.42B,$16.62B,20.48%,$3859,$944,$2915,$348,$1297,$2663,$1196,$-338,$858,$138,$720,$720,$720,$870,$1196,$1133,1144,$0.64,$0.63,$1307,$1307,$0,$6681,$2228,$2252,$9787,$464,$14731,$21412,$3536,$5656,$1244,$6910,$10446,$112,$10973,$0,$10966,$21412,$1418,$457,$431,$888,$-159,$-17,$0,$450,$594,$2900,$-423,$-88,$-4179,$2232,$0,$2232,$-228,$-2686,$128,$707,$835,$-1138,$-1138,$-425,$32,$-696,$-527,$163,$-425
43,2007-10-31,37.75,$10.15,3.72,$10.88,3.47,$5.51,6.85,$2.48,15.22,$10.54B,$2.65B,3.98,$5.49B,$11.48B,0.48,$12.58B,$9.31B,73.98%,$12.58B,$3.68B,29.23%,$12.58B,$3.68B,29.23%,$12.58B,$4.26B,33.85%,$12.58B,$3.54B,28.11%,$12.58B,$2.86B,22.76%,$2.86B,$11.48B,25.69%,$2.86B,$5.75B,53.45%,$2.86B,$20.59B,14.44%,$3.68B,$16.97B,22.01%,$3405,$870,$2535,$329,$1207,$2716,$689,$-554,$135,$58,$77,$77,$77,$1006,$689,$1127,1135,$0.07,$0.07,$5583,$1248,$0,$10541,$2161,$1481,$5724,$356,$10045,$20586,$2651,$5494,$966,$6460,$9111,$113,$11492,$0,$11475,$20586,$1341,$276,$113,$389,$-128,$-12,$0,$117,$75,$1805,$-280,$-52,$-26,$2680,$0,$2680,$-67,$2255,$0,$266,$266,$-616,$-616,$-284,$32,$-602,$3427,$92,$-284
44,2007-07-31,40.23,$9.83,4.09,$10.81,3.72,$5.09,7.9,$2.49,16.16,$7.67B,$2.04B,3.76,$5.58B,$11.14B,0.5,$12.53B,$9.30B,74.24%,$12.53B,$3.72B,29.70%,$12.53B,$3.72B,29.70%,$12.53B,$4.31B,34.42%,$12.53B,$3.58B,28.57%,$12.53B,$2.88B,22.97%,$2.88B,$11.14B,26.54%,$2.88B,$5.39B,57.61%,$2.88B,$19.66B,14.83%,$3.72B,$16.72B,22.66%,$3124,$840,$2284,$298,$1107,$2245,$879,$-11,$868,$202,$666,$666,$666,$1041,$879,$1133,1148,$0.59,$0.58,$2813,$1243,$0,$7668,$2092,$3486,$5750,$352,$11992,$19660,$2040,$5576,$901,$6477,$8517,$114,$11117,$0,$11143,$19660,$675,$149,$119,$268,$-23,$-17,$0,$83,$-33,$910,$-132,$-33,$-26,$-400,$0,$-400,$-115,$-706,$-2,$-46,$-48,$-403,$-403,$-142,$12,$-581,$-383,$48,$-142
45,2007-04-30,41.92,$9.60,4.37,$10.58,3.96,$4.82,8.71,$2.41,17.4,$7.92B,$2.56B,3.09,$5.58B,$10.98B,0.51,$12.30B,$9.13B,74.24%,$12.30B,$3.71B,30.17%,$12.30B,$3.71B,30.17%,$12.30B,$4.29B,34.91%,$12.30B,$3.52B,28.58%,$12.30B,$2.80B,22.78%,$2.80B,$10.98B,26.60%,$2.80B,$5.22B,60.37%,$2.80B,$19.51B,14.34%,$3.71B,$16.56B,23.07%,$3127,$792,$2335,$300,$1096,$2235,$892,$-13,$879,$204,$675,$675,$675,$1131,$892,$1139,1153,$0.59,$0.59,$3078,$1215,$0,$7918,$2062,$3203,$5760,$365,$11594,$19512,$2563,$5578,$394,$5972,$8535,$114,$10925,$0,$10977,$19512,$2802,$583,$42,$625,$-326,$-24,$0,$-115,$-448,$2979,$-573,$-121,$-8,$-943,$0,$-943,$-56,$-1701,$-1880,$45,$-1835,$-708,$-708,$-504,$36,$-3011,$-1738,$185,$-504
46,2007-01-31,42.24,$9.54,4.43,$10.28,4.11,$4.23,9.98,$2.33,18.13,$8.21B,$2.70B,3.04,$5.58B,$10.98B,0.51,$12.09B,$9.02B,74.61%,$12.09B,$3.78B,31.26%,$12.09B,$3.78B,31.26%,$12.09B,$4.33B,35.84%,$12.09B,$3.66B,30.27%,$12.09B,$2.73B,22.58%,$2.73B,$10.98B,26.93%,$2.73B,$5.07B,65.00%,$2.73B,$19.57B,13.94%,$3.78B,$16.56B,24.12%,$3279,$866,$2413,$327,$1095,$2316,$963,$-108,$855,$43,$812,$812,$812,$1080,$963,$1150,1162,$0.71,$0.70,$3321,$1319,$0,$8210,$1989,$2970,$5918,$477,$11362,$19572,$2703,$5577,$308,$5885,$8588,$115,$10683,$0,$10984,$19572,$1990,$415,$-129,$286,$-224,$-141,$0,$-7,$-222,$2054,$-383,$-96,$-8,$-102,$0,$-102,$-40,$-629,$-1881,$86,$-1795,$-203,$-203,$-380,$24,$-2354,$-907,$139,$-380
47,2006-10-31,38.39,$8.93,4.3,$9.92,3.87,$3.78,10.14,$2.27,16.91,$8.42B,$2.70B,3.13,$5.58B,$10.28B,0.54,$11.81B,$8.82B,74.65%,$11.81B,$3.73B,31.57%,$11.81B,$3.73B,31.57%,$11.81B,$4.28B,36.25%,$11.81B,$3.63B,30.74%,$11.81B,$2.69B,22.77%,$2.69B,$10.28B,26.05%,$2.69B,$4.31B,61.50%,$2.69B,$18.90B,13.95%,$3.73B,$15.86B,25.34%,$3048,$775,$2273,$293,$1038,$2106,$942,$-8,$934,$224,$710,$710,$710,$1061,$942,$1149,1164,$0.62,$0.61,$3605,$1318,$0,$8423,$1948,$2056,$5969,$488,$10473,$18896,$2695,$5581,$343,$5924,$8619,$115,$9960,$0,$10277,$18896,$1280,$277,$-147,$130,$-179,$-143,$0,$20,$-103,$1307,$-251,$-102,$-8,$-488,$0,$-488,$-44,$-893,$-1877,$64,$-1813,$-285,$-285,$-254,$11,$-2341,$-1904,$94,$-254
