,Date,Stock Price,Book Value per Share,Price to Book Ratio,TTM Sales per Share,Price to Sales Ratio,TTM FCF per Share,Price to FCF Ratio,TTM Net EPS,PE Ratio,Current Assets,Current Liabilities,Current Ratio,Long Term Debt,Shareholder's Equity_x,Debt to Equity Ratio,TTM Revenue_x,TTM Gross Profit,Gross Margin,TTM Revenue_y,TTM Operating Income,Operating Margin,TTM Revenue_x,TTM EBIT,EBIT Margin,TTM Revenue_y,TTM EBITDA,EBITDA Margin,TTM Revenue_x,TTM Pre-Tax Income,Pre-Tax Margin,TTM Revenue_y,TTM Net Income_x,Net Margin,TTM Net Income_y,Shareholder's Equity_y,Return on Equity,TTM Net Income_x,Tangible Equity,Return on Tangible Equity,TTM Net Income_y,Total Assets,Return on Assets,TTM Net Income,LT Investments & Debt,Return on Investment,revenue,cost-goods-sold,gross-profit,research-development-expenses,selling-general-administrative-expenses,operating-expenses,operating-income,total-non-operating-income-expense,pre-tax-income,total-provision-income-taxes,income-after-taxes,income-from-continuous-operations,net-income,ebitda,ebit,basic-shares-outstanding,shares-outstanding,eps-basic-net-earnings-per-share,eps-earnings-per-share-diluted,cash-on-hand,inventory,other-current-assets,total-current-assets,net-property-plant-equipment,long-term-investments,goodwill-intangible-assets-total,other-long-term-assets,total-long-term-assets,total-assets,total-current-liabilities,long-term-debt,other-non-current-liabilities,total-long-term-liabilities,total-liabilities,common-stock-net,retained-earnings-accumulated-deficit,comprehensive-income,total-share-holder-equity,total-liabilities-share-holders-equity,net-income-loss,total-depreciation-amortization-cash-flow,other-non-cash-items,total-non-cash-items,change-in-accounts-receivable,change-in-inventories,change-in-accounts-payable,change-in-assets-liabilities,total-change-in-assets-liabilities,cash-flow-from-operating-activities,net-change-in-property-plant-equipment,net-change-in-intangible-assets,net-acquisitions-divestitures,net-change-in-short-term-investments,net-change-in-long-term-investments,net-change-in-investments-total,investing-activities-other,cash-flow-from-investing-activities,net-long-term-debt,net-current-debt,debt-issuance-retirement-net-total,net-common-equity-issued-repurchased,net-total-equity-issued-repurchased,total-common-preferred-stock-dividends-paid,financial-activities-other,cash-flow-from-financial-activities,net-cash-flow,stock-based-compensation,common-stock-dividends-paid
0,2017-09-30,11.88,$1.28,9.26,$2.63,4.52,$0.77,15.51,$0.31,38.32,$0.11B,$0.04B,3.25,$0.00B,$0.14B,0.0,$0.30B,$0.27B,88.16%,$0.30B,$0.03B,10.20%,$0.30B,$0.03B,10.20%,$0.30B,$0.04B,12.17%,$0.30B,$0.04B,11.51%,$0.30B,$0.03B,11.18%,$0.03B,$0.14B,24.68%,$0.03B,$0.11B,34.61%,$0.03B,$0.18B,17.89%,$0.03B,$0.14B,22.50%,$85,$10,$75,$5,$60,$76,$9,$4,$13,$-4,$17,$17,$17,$10,$9,$107,118,$0.16,$0.15,$37,$10,$1,$114,$13,$0,$30,$3,$65,$179,$35,$0,$1,$1,$36,$0,$4,$0,$142,$179,$30,$5,$3,$8,$5,$4,$0,$-2,$5,$42,$-4,$0,$0,$0,$0,$0,$-0,$-4,$-0,$0,$-0,$-36,$-36,$0,$0,$-36,$2,$15,$0
1,2017-06-30,14.97,$1.31,11.43,$2.48,6.02,$0.48,31.44,$0.19,78.79,$0.13B,$0.05B,2.57,$0.00B,$0.15B,0.0,$0.28B,$0.25B,87.99%,$0.28B,$0.03B,9.54%,$0.28B,$0.03B,9.54%,$0.28B,$0.03B,11.66%,$0.28B,$0.03B,9.54%,$0.28B,$0.02B,7.07%,$0.02B,$0.15B,15.04%,$0.02B,$0.11B,22.86%,$0.02B,$0.20B,10.48%,$0.03B,$0.15B,20.30%,$76,$9,$68,$5,$55,$69,$7,$-0,$7,$-1,$8,$8,$8,$9,$7,$107,117,$0.08,$0.07,$48,$15,$1,$133,$14,$0,$42,$0,$67,$200,$52,$0,$1,$1,$53,$0,$-14,$0,$147,$200,$12,$3,$9,$12,$6,$3,$0,$-3,$-1,$24,$-3,$0,$0,$0,$0,$0,$-0,$-3,$-0,$0,$-0,$-8,$-8,$0,$0,$-8,$13,$10,$0
2,2017-03-31,9.53,$1.16,8.19,$2.34,4.06,$0.32,30.14,$0.14,68.07,$0.12B,$0.05B,2.46,$0.00B,$0.13B,0.0,$0.26B,$0.23B,87.50%,$0.26B,$0.02B,9.09%,$0.26B,$0.02B,9.09%,$0.26B,$0.03B,10.98%,$0.26B,$0.02B,8.71%,$0.26B,$0.01B,5.30%,$0.01B,$0.13B,11.05%,$0.01B,$0.09B,17.95%,$0.01B,$0.19B,7.57%,$0.02B,$0.13B,18.93%,$73,$9,$64,$4,$53,$66,$6,$-0,$6,$2,$4,$4,$4,$8,$6,$106,114,$0.04,$0.04,$31,$16,$1,$122,$14,$0,$43,$0,$67,$188,$50,$0,$10,$10,$59,$0,$-22,$0,$129,$188,$4,$2,$4,$6,$0,$2,$-0,$-2,$0,$11,$-1,$0,$0,$0,$0,$0,$-0,$-1,$-0,$0,$-0,$-13,$-13,$0,$0,$-13,$-3,$5,$0
3,2016-12-31,8.86,$1.21,7.32,$2.18,4.06,$0.20,43.39,$0.11,80.55,$0.13B,$0.05B,2.49,$0.00B,$0.13B,0.0,$0.24B,$0.21B,86.89%,$0.24B,$0.02B,7.79%,$0.24B,$0.02B,7.79%,$0.24B,$0.03B,10.25%,$0.24B,$0.02B,7.38%,$0.24B,$0.01B,4.51%,$0.01B,$0.13B,8.94%,$0.01B,$0.09B,15.94%,$0.01B,$0.19B,6.04%,$0.02B,$0.13B,15.45%,$70,$9,$61,$3,$48,$61,$9,$-0,$9,$3,$5,$5,$5,$10,$9,$106,112,$0.05,$0.05,$34,$18,$1,$127,$14,$0,$43,$0,$67,$193,$51,$0,$10,$10,$60,$0,$-26,$0,$133,$193,$12,$7,$17,$24,$-11,$-3,$-4,$-2,$-10,$26,$-6,$0,$-8,$0,$3,$3,$-1,$-12,$-0,$0,$-0,$-8,$-8,$0,$-0,$-8,$6,$18,$0
4,2016-09-30,8.58,$1.13,7.62,$2.02,4.25,$0.14,59.38,$0.18,47.67,$0.11B,$0.04B,2.56,$0.00B,$0.12B,0.0,$0.23B,$0.20B,87.61%,$0.23B,$0.02B,7.96%,$0.23B,$0.02B,7.96%,$0.23B,$0.02B,10.62%,$0.23B,$0.02B,7.52%,$0.23B,$0.02B,8.41%,$0.02B,$0.12B,16.27%,$0.02B,$0.07B,27.24%,$0.02B,$0.18B,11.31%,$0.02B,$0.12B,15.42%,$64,$8,$56,$3,$48,$60,$5,$-0,$5,$1,$3,$3,$3,$6,$5,$106,112,$0.03,$0.03,$18,$18,$0,$106,$14,$0,$54,$0,$75,$182,$42,$0,$17,$17,$58,$0,$-32,$0,$123,$182,$6,$6,$13,$19,$-8,$-4,$-4,$-2,$-17,$9,$-5,$0,$-8,$0,$3,$3,$-1,$-10,$-0,$0,$-0,$-9,$-9,$0,$-0,$-9,$-10,$14,$0
5,2016-06-30,7.98,$1.11,7.22,$1.87,4.26,$0.20,39.9,$0.21,38.0,$0.10B,$0.04B,2.64,$0.00B,$0.12B,0.0,$0.21B,$0.19B,88.15%,$0.21B,$0.02B,9.48%,$0.21B,$0.02B,9.48%,$0.21B,$0.03B,11.85%,$0.21B,$0.02B,9.00%,$0.21B,$0.02B,10.90%,$0.02B,$0.12B,20.67%,$0.02B,$0.07B,31.08%,$0.02B,$0.18B,14.94%,$0.02B,$0.12B,17.98%,$57,$7,$50,$3,$43,$54,$4,$-0,$3,$1,$2,$2,$2,$5,$4,$106,112,$0.02,$0.02,$24,$17,$0,$102,$13,$0,$55,$0,$75,$177,$39,$0,$17,$17,$55,$0,$-35,$0,$122,$177,$3,$4,$9,$13,$1,$-2,$-6,$-2,$-10,$6,$-4,$0,$-8,$0,$3,$3,$-0,$-9,$-0,$0,$-0,$-2,$-2,$0,$-0,$-2,$-5,$9,$0
6,2016-03-31,8.74,$1.04,8.37,$1.76,4.96,$0.22,40.13,$0.24,36.42,$0.10B,$0.03B,3.3,$0.00B,$0.11B,0.0,$0.20B,$0.18B,88.50%,$0.20B,$0.02B,11.00%,$0.20B,$0.02B,11.00%,$0.20B,$0.03B,13.00%,$0.20B,$0.02B,11.00%,$0.20B,$0.03B,13.00%,$0.03B,$0.11B,25.00%,$0.03B,$0.05B,33.88%,$0.03B,$0.18B,18.81%,$0.02B,$0.11B,21.15%,$53,$8,$45,$2,$41,$52,$1,$-0,$1,$0,$1,$1,$1,$4,$1,$106,112,$0.01,$0.01,$18,$18,$0,$95,$12,$0,$64,$0,$82,$177,$29,$0,$34,$34,$63,$0,$-37,$0,$114,$177,$1,$2,$5,$7,$2,$-0,$-4,$-2,$-9,$-1,$-2,$0,$-8,$0,$1,$1,$-0,$-9,$-0,$0,$-0,$-3,$-3,$0,$-0,$-3,$-13,$5,$0
7,2015-12-31,9.37,$1.01,9.32,$1.64,5.7,$0.27,34.76,$0.27,34.7,$0.10B,$0.03B,3.6,$0.00B,$0.11B,0.0,$0.19B,$0.17B,89.36%,$0.19B,$0.03B,13.30%,$0.19B,$0.03B,13.30%,$0.19B,$0.03B,14.36%,$0.19B,$0.03B,13.30%,$0.19B,$0.03B,15.43%,$0.03B,$0.11B,29.90%,$0.03B,$0.09B,35.26%,$0.03B,$0.14B,24.07%,$0.03B,$0.11B,25.77%,$52,$5,$47,$2,$37,$44,$8,$-0,$8,$-6,$13,$13,$13,$9,$8,$106,114,$0.13,$0.11,$31,$7,$0,$96,$9,$0,$15,$0,$40,$136,$27,$0,$1,$1,$28,$0,$-38,$0,$108,$136,$29,$3,$10,$13,$-27,$-2,$3,$-2,$-23,$19,$-6,$0,$0,$0,$6,$6,$-1,$-1,$-0,$0,$-0,$-36,$-36,$0,$-1,$-36,$-18,$17,$0
8,2015-09-30,9.65,$0.92,10.46,$1.54,6.28,$0.28,34.31,$0.18,53.58,$0.10B,$0.02B,4.22,$0.00B,$0.10B,0.0,$0.18B,$0.16B,89.20%,$0.18B,$0.02B,12.50%,$0.18B,$0.02B,12.50%,$0.18B,$0.02B,13.07%,$0.18B,$0.02B,12.50%,$0.18B,$0.02B,11.36%,$0.02B,$0.10B,21.68%,$0.02B,$0.09B,25.81%,$0.02B,$0.13B,17.58%,$0.02B,$0.10B,23.85%,$49,$5,$44,$2,$35,$42,$7,$-0,$7,$0,$7,$7,$7,$7,$7,$107,115,$0.06,$0.06,$48,$6,$0,$103,$8,$0,$15,$0,$23,$126,$24,$0,$1,$1,$25,$0,$-52,$0,$101,$126,$16,$2,$13,$15,$-20,$-1,$4,$-2,$-16,$14,$-4,$0,$0,$0,$3,$3,$-1,$-2,$-0,$0,$-0,$-18,$-18,$0,$0,$-18,$-6,$13,$0
9,2015-06-30,11.59,$0.86,13.54,$1.41,8.25,$0.25,46.23,$0.15,77.27,$0.09B,$0.02B,4.72,$0.00B,$0.09B,0.0,$0.16B,$0.14B,88.82%,$0.16B,$0.02B,11.80%,$0.16B,$0.02B,11.80%,$0.16B,$0.02B,12.42%,$0.16B,$0.02B,11.80%,$0.16B,$0.02B,10.56%,$0.02B,$0.09B,19.48%,$0.02B,$0.08B,23.45%,$0.02B,$0.11B,15.96%,$0.02B,$0.09B,21.78%,$46,$5,$41,$2,$33,$40,$6,$0,$6,$0,$5,$5,$5,$6,$6,$106,114,$0.05,$0.05,$46,$4,$0,$92,$7,$0,$15,$0,$22,$114,$19,$0,$1,$1,$21,$0,$-58,$0,$93,$114,$10,$1,$8,$9,$-13,$1,$2,$-2,$-12,$7,$-3,$0,$0,$0,$2,$2,$-0,$-1,$-0,$0,$-0,$-14,$-14,$0,$0,$-14,$-8,$8,$0
10,2015-03-31,10.4,$0.80,13.06,$1.25,8.34,$0.20,53.25,$0.10,104.0,$0.08B,$0.02B,4.46,$0.00B,$0.09B,0.0,$0.14B,$0.13B,88.65%,$0.14B,$0.01B,9.22%,$0.14B,$0.01B,9.22%,$0.14B,$0.01B,9.93%,$0.14B,$0.01B,9.22%,$0.14B,$0.01B,8.51%,$0.01B,$0.09B,14.55%,$0.01B,$0.07B,17.71%,$0.01B,$0.11B,12.06%,$0.01B,$0.09B,15.76%,$41,$5,$36,$2,$29,$37,$4,$-0,$4,$0,$4,$4,$4,$5,$4,$106,114,$0.04,$0.04,$45,$4,$0,$82,$6,$3,$15,$0,$24,$106,$18,$0,$1,$1,$20,$0,$-63,$0,$86,$106,$4,$1,$4,$5,$-4,$1,$2,$-1,$-4,$4,$-1,$0,$0,$0,$1,$1,$-0,$-1,$-0,$0,$-0,$-11,$-11,$0,$0,$-11,$-8,$4,$0
11,2014-12-31,11.53,$0.83,13.91,$1.07,10.74,$0.15,76.66,$0.05,230.6,$0.09B,$0.02B,4.66,$0.00B,$0.09B,0.0,$0.12B,$0.11B,88.33%,$0.12B,$0.01B,6.67%,$0.12B,$0.01B,6.67%,$0.12B,$0.01B,7.50%,$0.12B,$0.01B,6.67%,$0.12B,$0.01B,5.83%,$0.01B,$0.09B,8.75%,$0.01B,$0.07B,10.77%,$0.01B,$0.11B,7.39%,$0.01B,$0.09B,10.00%,$40,$4,$36,$2,$29,$35,$5,$-0,$5,$1,$4,$4,$4,$5,$5,$106,113,$0.04,$0.03,$52,$5,$0,$86,$5,$3,$15,$0,$24,$109,$18,$0,$2,$2,$20,$0,$-68,$0,$89,$109,$6,$2,$11,$14,$-11,$-1,$1,$0,$-3,$17,$-3,$0,$0,$0,$-9,$-9,$-1,$-12,$-0,$0,$-0,$-2,$-2,$0,$0,$-2,$3,$11,$0
12,2014-09-30,7.13,$0.76,9.38,$0.91,7.82,$-0.00,0.0,$0.01,0.0,$0.08B,$0.01B,5.35,$0.00B,$0.08B,0.0,$0.10B,$0.09B,86.73%,$0.10B,$0.00B,2.04%,$0.10B,$0.00B,2.04%,$0.10B,$0.00B,3.06%,$0.10B,$0.00B,2.04%,$0.10B,$0.00B,2.04%,$0.00B,$0.08B,2.62%,$0.00B,$0.07B,3.28%,$0.00B,$0.10B,2.25%,$0.00B,$0.08B,2.62%,$34,$3,$30,$2,$24,$30,$4,$-0,$4,$0,$4,$4,$4,$4,$4,$106,113,$0.03,$0.03,$47,$5,$0,$77,$5,$0,$15,$0,$20,$97,$14,$0,$2,$2,$16,$0,$-71,$0,$81,$97,$2,$2,$8,$10,$-7,$-1,$0,$-0,$-4,$9,$-2,$0,$0,$0,$0,$0,$-0,$-2,$-0,$0,$-0,$-3,$-3,$0,$0,$-3,$3,$8,$0
13,2014-06-30,7.09,$0.71,10.03,$0.78,9.08,$-0.09,0.0,$-0.02,0.0,$0.07B,$0.01B,6.69,$0.00B,$0.07B,0.0,$0.08B,$0.07B,86.25%,$0.08B,$-0.00B,-2.50%,$0.08B,$-0.00B,-2.50%,$0.08B,$-0.00B,-1.25%,$0.08B,$-0.00B,-2.50%,$0.08B,$-0.00B,-2.50%,$-0.00B,$0.07B,-3.08%,$-0.00B,$0.06B,-4.04%,$-0.00B,$0.09B,-2.64%,$-0.00B,$0.07B,-3.08%,$26,$3,$23,$2,$21,$26,$-0,$-0,$-0,$-0,$-0,$-0,$-0,$0,$-0,$106,106,$0.00,$0.00,$39,$4,$0,$66,$5,$0,$15,$0,$20,$86,$10,$0,$2,$2,$12,$0,$-75,$0,$74,$86,$-1,$1,$5,$6,$-4,$-0,$-0,$-1,$-5,$-0,$-1,$0,$0,$0,$0,$0,$-0,$-1,$0,$0,$0,$-3,$-3,$0,$-0,$-3,$-5,$5,$0
14,2014-03-31,6.13,$0.72,8.51,$0.68,9.02,$-0.12,0.0,$-0.03,0.0,$0.07B,$0.01B,7.08,$0.00B,$0.08B,0.0,$0.07B,$0.06B,83.82%,$0.07B,$-0.00B,-4.41%,$0.07B,$-0.00B,-4.41%,$0.07B,$-0.00B,-1.47%,$0.07B,$-0.00B,-4.41%,$0.07B,$-0.00B,-4.41%,$-0.00B,$0.08B,-5.48%,$-0.00B,$0.06B,-7.69%,$-0.00B,$0.09B,-4.67%,$-0.00B,$0.08B,-5.48%,$20,$3,$17,$1,$16,$20,$-1,$-0,$-1,$0,$-1,$-1,$-1,$-0,$-1,$105,105,$-0.01,$-0.01,$43,$4,$0,$68,$4,$0,$15,$0,$19,$87,$10,$0,$2,$2,$11,$0,$-75,$0,$76,$87,$-1,$0,$2,$3,$-3,$0,$0,$-1,$-4,$-2,$-0,$0,$0,$0,$0,$0,$-0,$-1,$-0,$0,$-0,$1,$1,$0,$0,$1,$-1,$2,$0
15,2013-12-31,8.74,$0.70,12.4,$0.62,14.14,$-0.12,0.0,$-0.04,0.0,$0.07B,$0.01B,6.81,$0.00B,$0.07B,0.0,$0.06B,$0.05B,83.33%,$0.06B,$-0.00B,-3.33%,$0.06B,$-0.00B,-3.33%,$0.06B,0,0.00%,$0.06B,$-0.00B,-6.67%,$0.06B,$-0.00B,-6.67%,$-0.00B,$0.07B,-9.14%,$-0.00B,$0.06B,-14.41%,$-0.00B,$0.09B,-7.69%,$-0.00B,$0.07B,-4.57%,$18,$3,$15,$1,$14,$19,$-1,$-0,$-1,$0,$-1,$-1,$-1,$-1,$-1,$96,96,$-0.01,$-0.01,$44,$4,$0,$65,$4,$0,$15,$0,$19,$85,$10,$0,$2,$2,$11,$0,$-74,$0,$74,$85,$-4,$3,$6,$9,$-8,$-1,$1,$-1,$-6,$-0,$-2,$0,$0,$0,$0,$0,$-1,$-3,$0,$0,$0,$41,$41,$0,$-0,$41,$37,$6,$0
16,2013-09-30,4.17,$0.36,11.46,$0.56,7.45,$-0.14,0.0,$-0.05,0.0,$0.03B,$0.01B,3.1,$0.00B,$0.04B,0.0,$0.05B,$0.04B,83.02%,$0.05B,$-0.00B,-3.77%,$0.05B,$-0.00B,-3.77%,$0.05B,$0.00B,1.89%,$0.05B,$-0.01B,-9.43%,$0.05B,$-0.01B,-9.43%,$-0.01B,$0.04B,-16.53%,$-0.01B,$0.02B,-35.09%,$-0.01B,$0.05B,-12.66%,$-0.00B,$0.04B,-6.40%,$16,$2,$14,$1,$13,$16,$-0,$-0,$-0,$0,$-0,$-0,$-0,$0,$-0,$97,97,$-0.00,$-0.00,$6,$5,$0,$26,$4,$0,$16,$0,$19,$45,$8,$0,$1,$1,$10,$0,$-72,$0,$36,$45,$-3,$3,$4,$7,$-6,$-2,$1,$-1,$-5,$-1,$-2,$0,$0,$0,$0,$0,$-1,$-3,$0,$0,$0,$3,$3,$0,$-0,$3,$-1,$4,$0
17,2013-06-30,7.06,$0.34,20.67,$0.49,14.47,$-0.15,0.0,$-0.10,0.0,$0.02B,$0.01B,3.51,$0.00B,$0.03B,0.0,$0.05B,$0.04B,82.22%,$0.05B,$-0.01B,-13.33%,$0.05B,$-0.01B,-13.33%,$0.05B,$-0.00B,-4.44%,$0.05B,$-0.01B,-20.00%,$0.05B,$-0.01B,-20.00%,$-0.01B,$0.03B,-34.62%,$-0.01B,$0.02B,-90.00%,$-0.01B,$0.04B,-24.49%,$-0.01B,$0.03B,-21.43%,$14,$2,$11,$1,$11,$14,$-1,$-0,$-1,$0,$-1,$-1,$-1,$-0,$-1,$96,96,$-0.01,$-0.01,$4,$4,$0,$22,$3,$0,$16,$0,$19,$40,$6,$0,$1,$1,$7,$0,$-72,$0,$33,$40,$-2,$2,$2,$5,$-4,$-1,$1,$-1,$-5,$-3,$-1,$0,$0,$0,$0,$0,$-0,$-1,$0,$0,$0,$2,$2,$0,$-0,$2,$-3,$2,$0
18,2013-03-31,5.09,$0.33,15.43,$0.41,12.47,$-0.13,0.0,$-0.10,0.0,$0.02B,$0.01B,3.47,$0.00B,$0.03B,0.0,$0.04B,$0.03B,83.33%,$0.04B,$-0.01B,-13.89%,$0.04B,$-0.01B,-13.89%,$0.04B,$-0.00B,-2.78%,$0.04B,$-0.01B,-25.00%,$0.04B,$-0.01B,-25.00%,$-0.01B,$0.03B,-41.38%,$-0.01B,$0.02B,-180.00%,$-0.01B,$0.04B,-26.87%,$-0.01B,$0.03B,-20.41%,$12,$2,$10,$1,$8,$12,$-0,$-1,$-2,$0,$-2,$-2,$-2,$1,$-0,$93,93,$-0.02,$-0.02,$6,$4,$0,$21,$1,$0,$16,$0,$17,$38,$6,$0,$0,$0,$6,$0,$-71,$0,$32,$38,$-2,$2,$1,$3,$-2,$-1,$-0,$-1,$-3,$-2,$-0,$0,$0,$0,$0,$0,$0,$-0,$0,$0,$0,$1,$1,$0,$-0,$1,$-1,$1,$0
19,2012-12-31,3.84,$0.23,16.96,$0.33,11.52,$-0.12,0.0,$-0.09,0.0,$0.02B,$0.01B,3.61,$0.00B,$0.02B,0.2,$0.03B,$0.02B,82.14%,$0.03B,$-0.01B,-21.43%,$0.03B,$-0.01B,-21.43%,$0.03B,$-0.00B,-7.14%,$0.03B,$-0.01B,-28.57%,$0.03B,$-0.01B,-28.57%,$-0.01B,$0.02B,-47.76%,$-0.01B,$0.00B,1600.00%,$-0.01B,$0.04B,-26.02%,$-0.01B,$0.02B,-29.27%,$11,$2,$9,$1,$8,$11,$-1,$-1,$-2,$0,$-2,$-2,$-2,$-0,$-1,$82,82,$-0.02,$-0.02,$7,$3,$0,$18,$1,$0,$16,$0,$17,$35,$5,$4,$6,$10,$15,$0,$-70,$0,$20,$35,$-8,$4,$6,$9,$-6,$-2,$-0,$-0,$-5,$-3,$-1,$0,$0,$0,$0,$0,$0,$-1,$-0,$0,$-0,$7,$7,$0,$-0,$7,$3,$3,$0
20,2012-09-30,2.95,$0.22,13.34,$0.24,12.24,$-0.17,0.0,$-0.32,0.0,$0.02B,$0.01B,1.53,$0.00B,$0.02B,0.18,$0.02B,$0.02B,80.00%,$0.02B,$-0.01B,-35.00%,$0.02B,$-0.01B,-35.00%,$0.02B,$-0.00B,-20.00%,$0.02B,$-0.01B,-45.00%,$0.02B,$-0.01B,-45.00%,$-0.01B,$0.02B,-61.02%,$-0.01B,$0.00B,276.92%,$-0.01B,$0.03B,-31.30%,$-0.01B,$0.02B,-38.36%,$8,$1,$7,$1,$6,$12,$-4,$-1,$-4,$0,$-4,$-4,$-4,$-3,$-4,$84,84,$-0.05,$-0.05,$8,$2,$0,$16,$1,$0,$16,$0,$17,$34,$11,$3,$0,$4,$14,$0,$-68,$0,$19,$34,$-6,$3,$5,$8,$-4,$-1,$-0,$-0,$-4,$-2,$-0,$0,$0,$0,$0,$0,$0,$-0,$-0,$0,$-0,$7,$7,$0,$-0,$6,$4,$2,$0
21,2012-06-30,2.1,$0.19,10.86,$0.18,11.92,$-0.21,0.0,$-0.29,0.0,$0.01B,$0.01B,0.95,$0.00B,$0.02B,0.21,$0.01B,$0.01B,71.43%,$0.01B,$-0.01B,-35.71%,$0.01B,$-0.01B,-35.71%,$0.01B,$-0.00B,-14.29%,$0.01B,$-0.01B,-50.00%,$0.01B,$-0.01B,-50.00%,$-0.01B,$0.02B,-53.85%,$-0.01B,$-0.00B,116.67%,$-0.01B,$0.03B,-26.67%,$-0.01B,$0.02B,-31.75%,$5,$1,$4,$1,$3,$5,$-0,$-1,$-1,$0,$-1,$-1,$-1,$1,$-0,$80,80,$-0.01,$-0.01,$3,$1,$0,$8,$1,$0,$18,$0,$20,$27,$8,$3,$0,$4,$12,$0,$-64,$0,$16,$27,$-2,$2,$1,$3,$-2,$-0,$-0,$-0,$-3,$-2,$-0,$0,$0,$0,$0,$0,$0,$-0,$-0,$0,$-0,$1,$1,$0,$-0,$0,$-1,$1,$0
22,2012-03-31,1.15,$0.16,7.19,$0.14,8.1,$-0.25,0.0,$-0.31,0.0,$0.01B,$0.01B,1.04,$0.00B,$0.01B,0.24,$0.01B,$0.01B,63.64%,$0.01B,$-0.01B,-63.64%,$0.01B,$-0.01B,-63.64%,$0.01B,$-0.01B,-45.45%,$0.01B,$-0.01B,-81.82%,$0.01B,$-0.01B,-81.82%,$-0.01B,$0.01B,-73.47%,$-0.01B,$-0.01B,128.57%,$-0.01B,$0.03B,-35.29%,$-0.01B,$0.02B,-47.46%,$4,$1,$3,$0,$3,$4,$-1,$-0,$-1,$0,$-1,$-1,$-1,$0,$-1,$75,75,$-0.01,$-0.01,$3,$1,$0,$7,$1,$0,$19,$0,$20,$27,$7,$3,$5,$8,$14,$0,$-63,$0,$12,$27,$-1,$1,$1,$1,$-1,$-0,$-0,$-0,$-1,$-1,$-0,$0,$0,$0,$0,$0,$0,$-0,$-0,$0,$-0,$0,$0,$0,$0,$0,$-1,$1,$0
23,2011-12-31,1.13,$0.16,7.05,$0.11,10.54,$-0.26,0.0,$-0.35,0.0,$0.01B,$0.01B,1.45,$0.00B,$0.01B,0.23,$0.01B,$0.00B,50.00%,$0.01B,$-0.01B,-112.50%,$0.01B,$-0.01B,-112.50%,$0.01B,$-0.01B,-100.00%,$0.01B,$-0.01B,-137.50%,$0.01B,$-0.01B,-137.50%,$-0.01B,$0.01B,-89.80%,$-0.01B,$-0.01B,146.67%,$-0.01B,$0.03B,-44.90%,$-0.01B,$0.02B,-64.29%,$3,$1,$2,$1,$2,$5,$-2,$-0,$-3,$0,$-3,$-3,$-3,$-2,$-2,$72,72,$-0.04,$-0.04,$4,$1,$0,$7,$1,$0,$19,$0,$20,$27,$5,$3,$8,$10,$15,$0,$-62,$0,$12,$27,$-10,$2,$2,$4,$-1,$-0,$1,$-0,$-0,$-7,$-0,$0,$-0,$0,$0,$0,$0,$-1,$6,$-0,$6,$4,$4,$0,$0,$10,$3,$2,$0
24,2011-09-30,1.09,$0.16,6.83,$0.07,14.53,$-0.30,0.0,$-0.14,0.0,$0.00B,$0.01B,0.44,$0.00B,$0.01B,0.11,$0.01B,$0.00B,40.00%,$0.01B,$-0.01B,-180.00%,$0.01B,$-0.01B,-180.00%,$0.01B,$-0.01B,-160.00%,$0.01B,$-0.01B,-220.00%,$0.01B,$-0.01B,-220.00%,$-0.01B,$0.01B,-102.33%,$-0.01B,$-0.01B,200.00%,$-0.01B,$0.02B,-56.41%,$-0.01B,$0.01B,-76.60%,$2,$1,$1,$1,$2,$4,$-2,$-0,$-2,$0,$-2,$-2,$-2,$-1,$-2,$74,74,$-0.02,$-0.02,$1,$1,$0,$3,$1,$0,$19,$0,$21,$24,$7,$1,$4,$5,$12,$0,$-59,$0,$12,$24,$-8,$2,$1,$3,$-1,$-0,$1,$-0,$-0,$-5,$-0,$0,$-0,$0,$0,$0,$0,$-1,$1,$-0,$1,$4,$4,$0,$0,$5,$-1,$1,$0
25,2011-06-30,1.01,$0.18,5.75,$0.05,21.22,$-0.33,0.0,$-0.17,0.0,$0.00B,$0.01B,0.65,$0.00B,$0.01B,0.17,$0.00B,$0.00B,33.33%,$0.00B,$-0.01B,-333.33%,$0.00B,$-0.01B,-333.33%,$0.00B,$-0.01B,-333.33%,$0.00B,$-0.01B,-400.00%,$0.00B,$-0.01B,-400.00%,$-0.01B,$0.01B,-129.73%,$-0.01B,$-0.01B,369.23%,$-0.01B,$0.02B,-78.69%,$-0.01B,$0.02B,-100.00%,$2,$1,$1,$1,$3,$4,$-2,$-0,$-3,$0,$-3,$-3,$-3,$-2,$-2,$72,72,$-0.03,$-0.03,$2,$1,$0,$4,$1,$0,$20,$0,$21,$24,$6,$2,$4,$6,$11,$0,$-58,$0,$13,$24,$-6,$1,$1,$2,$-1,$-0,$1,$-0,$-0,$-4,$-0,$0,$-0,$0,$0,$0,$0,$-1,$1,$-0,$1,$4,$4,$0,$0,$5,$0,$1,$0
26,2011-03-31,1.1,$0.17,6.33,$0.03,42.24,$-0.34,0.0,$-0.18,0.0,$0.00B,$0.00B,0.87,$0.00B,$0.01B,0.07,$0.00B,0,0.00%,$0.00B,$-0.01B,-1100.00%,$0.00B,$-0.01B,-1100.00%,$0.00B,$-0.01B,-1000.00%,$0.00B,$-0.01B,-1200.00%,$0.00B,$-0.01B,-1200.00%,$-0.01B,$0.01B,-150.00%,$-0.01B,$-0.01B,1600.00%,$-0.01B,$0.02B,-104.35%,$-0.01B,$0.01B,-133.33%,$1,$1,$0,$1,$3,$4,$-3,$-0,$-3,$0,$-3,$-3,$-3,$-3,$-3,$70,70,$-0.05,$-0.05,$1,$1,$0,$2,$1,$0,$20,$0,$21,$23,$3,$1,$7,$8,$11,$0,$-55,$0,$12,$23,$-3,$1,$0,$1,$0,$-0,$1,$-0,$1,$-2,$-0,$0,$-0,$0,$0,$0,$0,$-0,$1,$-0,$1,$1,$1,$0,$0,$2,$-0,$0,$0
27,2010-12-31,1.35,$0.09,14.24,$0.01,100.38,$-0.35,0.0,$-0.19,0.0,$0.00B,$0.00B,1.36,$0.00B,$0.01B,0.0,$0.00B,0,nan%,$0.00B,$-0.01B,inf%,$0.00B,$-0.01B,inf%,$0.00B,$-0.01B,inf%,$0.00B,$-0.01B,inf%,$0.00B,$-0.01B,inf%,$-0.01B,$0.01B,-177.78%,$-0.01B,$0.00B,-685.71%,$-0.01B,$0.01B,-154.84%,$-0.01B,$0.01B,-162.96%,$0,$0,$-0,$1,$2,$3,$-2,$-0,$-3,$0,$-3,$-3,$-3,$-2,$-2,$59,59,$-0.04,$-0.04,$1,$0,$0,$2,$1,$0,$5,$0,$6,$7,$1,$0,$0,$0,$1,$0,$-52,$0,$6,$7,$-11,$2,$1,$3,$-0,$-0,$0,$0,$0,$-8,$-0,$0,$0,$0,$0,$0,$0,$-0,$0,$1,$1,$6,$6,$0,$0,$7,$-1,$1,$0
28,2010-09-30,1.01,$0.09,10.93,$0.01,0.0,$-0.34,0.0,$-0.32,0.0,$0.00B,$0.00B,0.81,$0.00B,$0.01B,0.0,$0.00B,0,nan%,$0.00B,$-0.01B,inf%,$0.00B,$-0.01B,inf%,$0.00B,$-0.01B,inf%,$0.00B,$-0.01B,inf%,$0.00B,$-0.01B,inf%,$-0.01B,$0.01B,-118.52%,$-0.01B,$0.00B,-457.14%,$-0.01B,$0.01B,-94.12%,$-0.01B,$0.01B,-106.67%,$0,$1,$-0,$1,$2,$3,$-3,$-0,$-3,$0,$-3,$-3,$-3,$-3,$-3,$61,61,$-0.05,$-0.05,$0,$0,$0,$1,$1,$0,$5,$0,$6,$7,$1,$0,$0,$0,$1,$0,$-49,$0,$6,$7,$-9,$1,$1,$2,$-0,$-0,$1,$0,$0,$-6,$-0,$0,$0,$0,$0,$0,$0,$-0,$0,$0,$0,$4,$4,$0,$0,$4,$-2,$1,$0
29,2010-06-30,1.05,$0.13,7.88,$0.01,0.0,$-0.36,0.0,$-0.38,0.0,$0.00B,$0.00B,2.64,$0.00B,$0.01B,0.0,$0.00B,0,nan%,$0.00B,$-0.01B,inf%,$0.00B,$-0.01B,inf%,$0.00B,$-0.01B,inf%,$0.00B,$-0.01B,inf%,$0.00B,$-0.01B,inf%,$-0.01B,$0.01B,-150.00%,$-0.01B,$0.00B,-1200.00%,$-0.01B,$0.01B,-105.88%,$-0.01B,$0.01B,-96.55%,$0,$0,$-0,$1,$2,$3,$-3,$0,$-3,$0,$-3,$-3,$-3,$-2,$-3,$61,61,$-0.04,$-0.04,$3,$0,$0,$3,$1,$0,$5,$0,$6,$9,$1,$0,$0,$0,$1,$0,$-46,$0,$8,$9,$-6,$1,$1,$2,$-0,$-0,$1,$0,$0,$-4,$-0,$0,$0,$0,$0,$0,$0,$-0,$0,$0,$0,$4,$4,$0,$0,$4,$0,$1,$0
30,2010-03-31,1.4,$0.13,11.07,$0.00,0.0,$-0.37,0.0,$-0.34,0.0,$0.00B,$0.00B,2.14,$0.00B,$0.01B,0.0,$0.00B,0,nan%,$0.00B,$-0.01B,inf%,$0.00B,$-0.01B,inf%,$0.00B,$-0.00B,inf%,$0.00B,$-0.01B,inf%,$0.00B,$-0.01B,inf%,$-0.01B,$0.01B,-188.24%,$-0.01B,$0.00B,800.00%,$-0.01B,$0.01B,-94.12%,$-0.01B,$0.01B,-96.00%,$0,$0,$-0,$1,$2,$3,$-3,$-1,$-3,$0,$-3,$-3,$-3,$-2,$-3,$51,51,$-0.06,$-0.06,$2,$0,$0,$2,$1,$0,$5,$0,$6,$8,$1,$0,$0,$0,$1,$0,$-44,$0,$7,$8,$-3,$1,$0,$1,$-0,$-0,$0,$0,$0,$-2,$-0,$0,$0,$0,$0,$0,$0,$-0,$0,$0,$0,$1,$1,$0,$0,$1,$-1,$0,$0
31,2009-12-31,0.73,$0.12,6.01,0,0.0,$-0.37,0.0,$-0.28,0.0,$0.00B,$0.00B,4.46,$0.00B,$0.01B,0.49,$0.00B,0,nan%,$0.00B,$-0.01B,inf%,$0.00B,$-0.01B,inf%,$0.00B,$-0.01B,inf%,$0.00B,$-0.01B,inf%,$0.00B,$-0.01B,inf%,$-0.01B,$0.01B,-266.67%,$-0.01B,$0.00B,320.00%,$-0.01B,$0.01B,-94.12%,$-0.01B,$0.01B,-120.00%,$0,$0,$0,$-0,$-1,$-1,$1,$-0,$1,$0,$1,$1,$1,$1,$1,$41,41,$0.02,$0.02,$3,$0,$0,$3,$1,$0,$5,$0,$7,$10,$1,$3,$0,$3,$4,$0,$-40,$0,$6,$10,$-8,$1,$2,$3,$0,$-0,$-0,$0,$-0,$-6,$-0,$0,$0,$0,$0,$0,$0,$0,$3,$0,$3,$5,$5,$0,$-0,$8,$3,$0,$0
32,2009-09-30,0.75,$0.06,12.56,0,0.0,$-0.44,0.0,$-0.11,0.0,$0.00B,$0.00B,0.1,$0.00B,$0.00B,1.16,$0.00B,0,nan%,$0.00B,$-0.01B,inf%,$0.00B,$-0.01B,inf%,$0.00B,$-0.01B,inf%,$0.00B,$-0.01B,inf%,$0.00B,$-0.01B,inf%,$-0.01B,$0.00B,-480.00%,$-0.01B,$-0.00B,369.23%,$-0.01B,$0.01B,-145.45%,$-0.01B,$0.01B,-240.00%,$0,$0,$0,$1,$1,$2,$-2,$-2,$-4,$0,$-4,$-4,$-4,$-2,$-2,$42,42,$-0.11,$-0.11,$0,$0,$0,$0,$1,$0,$6,$0,$7,$7,$2,$3,$0,$3,$5,$0,$-38,$0,$3,$7,$-9,$1,$3,$4,$0,$0,$0,$-0,$0,$-5,$-0,$0,$0,$0,$0,$0,$0,$-0,$3,$0,$4,$1,$1,$0,$-0,$4,$-1,$1,$0
33,2009-06-30,0.54,$0.04,14.29,0,0.0,$-0.46,0.0,0,0.0,$0.00B,$0.00B,1.51,$0.00B,$0.00B,2.01,$0.00B,0,nan%,$0.00B,$-0.01B,inf%,$0.00B,$-0.01B,inf%,$0.00B,$-0.01B,inf%,$0.00B,$-0.01B,inf%,$0.00B,$-0.01B,inf%,$-0.01B,$0.00B,-371.43%,$-0.01B,$-0.00B,577.78%,$-0.01B,$0.01B,-144.44%,$-0.01B,$0.00B,-258.82%,$0,$0,$0,$1,$1,$2,$-2,$-0,$-2,$0,$-2,$-2,$-2,$-1,$-2,$39,39,$-0.04,$-0.04,$2,$0,$0,$2,$1,$0,$6,$0,$7,$9,$1,$3,$4,$7,$8,$0,$-34,$0,$1,$9,$-4,$1,$0,$1,$0,$0,$0,$-0,$0,$-3,$-0,$0,$0,$0,$0,$0,$0,$-0,$3,$0,$3,$1,$1,$0,$-0,$4,$1,$1,$0
34,2009-03-31,0.4,$0.06,6.93,0,0.0,$-0.46,0.0,0,0.0,$0.00B,$0.00B,0.07,$0.00B,$0.00B,0.0,$0.00B,0,nan%,$0.00B,$-0.01B,inf%,$0.00B,$-0.01B,inf%,$0.00B,$-0.01B,inf%,$0.00B,$-0.01B,inf%,$0.00B,$-0.01B,inf%,$-0.01B,$0.00B,-233.33%,$-0.01B,$-0.00B,inf%,$-0.01B,$0.01B,-143.59%,$-0.01B,$0.00B,-200.00%,$0,$0,$0,$1,$2,$3,$-3,$0,$-3,$0,$-3,$-3,$-3,$-3,$-3,$39,39,$-0.07,$-0.07,$0,$0,$0,$0,$1,$0,$6,$0,$7,$8,$2,$0,$4,$4,$5,$0,$-32,$0,$2,$8,$-3,$0,$1,$1,$0,$0,$1,$-0,$0,$-1,$-0,$0,$0,$0,$0,$0,$0,$-0,$0,$0,$0,$1,$1,$0,$0,$1,$-1,$1,$0
35,2008-12-31,4.4,$0.11,39.04,0,0.0,$-0.42,0.0,0,0.0,$0.00B,$0.00B,0.73,$0.00B,$0.00B,0.0,$0.00B,0,nan%,$0.00B,$-0.01B,inf%,$0.00B,$-0.01B,inf%,$0.00B,$-0.01B,inf%,$0.00B,$-0.01B,inf%,$0.00B,$-0.01B,inf%,$-0.01B,$0.00B,-122.22%,$-0.01B,$-0.00B,-366.67%,$-0.01B,$0.01B,-95.65%,$-0.01B,$0.00B,-100.00%,$0,$0,$0,$1,$0,$0,$-2,$0,$-2,$0,$0,$0,$-3,$0,$0,$38,38,$-0.08,$-0.08,$1,$0,$0,$1,$1,$0,$6,$0,$8,$9,$1,$0,$3,$3,$4,$0,$-29,$0,$4,$9,$-9,$1,$1,$1,$0,$0,$0,$0,$0,$-7,$-0,$0,$0,$0,$0,$0,$-0,$-0,$0,$0,$0,$2,$2,$0,$0,$2,$-6,$1,$0
