,Date,Stock Price,Book Value per Share,Price to Book Ratio,TTM Sales per Share,Price to Sales Ratio,TTM FCF per Share,Price to FCF Ratio,TTM Net EPS,PE Ratio,Current Assets,Current Liabilities,Current Ratio,Long Term Debt,Shareholder's Equity_x,Debt to Equity Ratio,TTM Revenue_x,TTM Gross Profit,Gross Margin,TTM Revenue_y,TTM Operating Income,Operating Margin,TTM Revenue_x,TTM EBIT,EBIT Margin,TTM Revenue_y,TTM EBITDA,EBITDA Margin,TTM Revenue_x,TTM Pre-Tax Income,Pre-Tax Margin,TTM Revenue_y,TTM Net Income_x,Net Margin,TTM Net Income_y,Shareholder's Equity_y,Return on Equity,TTM Net Income_x,Tangible Equity,Return on Tangible Equity,TTM Net Income_y,Total Assets,Return on Assets,TTM Net Income,LT Investments & Debt,Return on Investment,revenue,cost-goods-sold,gross-profit,research-development-expenses,selling-general-administrative-expenses,operating-expenses,operating-income,total-non-operating-income-expense,pre-tax-income,total-provision-income-taxes,income-after-taxes,income-from-continuous-operations,net-income,ebitda,ebit,basic-shares-outstanding,shares-outstanding,eps-basic-net-earnings-per-share,eps-earnings-per-share-diluted,cash-on-hand,inventory,other-current-assets,total-current-assets,net-property-plant-equipment,long-term-investments,goodwill-intangible-assets-total,other-long-term-assets,total-long-term-assets,total-assets,total-current-liabilities,long-term-debt,other-non-current-liabilities,total-long-term-liabilities,total-liabilities,common-stock-net,retained-earnings-accumulated-deficit,comprehensive-income,total-share-holder-equity,total-liabilities-share-holders-equity,net-income-loss,total-depreciation-amortization-cash-flow,other-non-cash-items,total-non-cash-items,change-in-accounts-receivable,change-in-inventories,change-in-accounts-payable,change-in-assets-liabilities,total-change-in-assets-liabilities,cash-flow-from-operating-activities,net-change-in-property-plant-equipment,net-change-in-intangible-assets,net-acquisitions-divestitures,net-change-in-short-term-investments,net-change-in-long-term-investments,net-change-in-investments-total,investing-activities-other,cash-flow-from-investing-activities,net-long-term-debt,net-current-debt,debt-issuance-retirement-net-total,net-common-equity-issued-repurchased,net-total-equity-issued-repurchased,total-common-preferred-stock-dividends-paid,financial-activities-other,cash-flow-from-financial-activities,net-cash-flow,stock-based-compensation,common-stock-dividends-paid
0,2018-09-30,4.95,$2.57,1.92,$2.27,2.18,$0.88,5.61,$-0.98,0.0,$0.05B,$0.05B,1.14,$0.03B,$0.19B,0.13,$0.17B,$0.14B,82.04%,$0.17B,$-0.06B,-34.13%,$0.17B,$-0.06B,-34.13%,$0.17B,$-0.04B,-24.55%,$0.17B,$-0.06B,-35.33%,$0.17B,$-0.07B,-42.51%,$-0.07B,$0.19B,-38.17%,$-0.07B,$0.00B,835.29%,$-0.07B,$0.26B,-26.44%,$-0.06B,$0.22B,-25.91%,$46,$9,$37,$26,$5,$44,$2,$-1,$1,$0,$1,$1,$1,$6,$2,$73,79,$0.02,$0.02,$22,$0,$0,$51,$3,$0,$188,$2,$210,$262,$45,$25,$2,$27,$73,$0,$-225,$-2,$189,$262,$-3,$11,$7,$17,$1,$0,$0,$-2,$4,$18,$-0,$0,$0,$0,$0,$0,$0,$-0,$-16,$0,$-16,$1,$1,$0,$-5,$-20,$-3,$7,$0
1,2018-06-30,4.48,$2.53,1.77,$2.12,2.11,$0.94,4.76,$-0.97,0.0,$0.05B,$0.04B,1.16,$0.03B,$0.19B,0.18,$0.15B,$0.13B,83.66%,$0.15B,$-0.06B,-38.56%,$0.15B,$-0.06B,-38.56%,$0.15B,$-0.04B,-28.76%,$0.15B,$-0.06B,-39.22%,$0.15B,$-0.07B,-45.75%,$-0.07B,$0.19B,-34.70%,$-0.07B,$-0.01B,-875.00%,$-0.07B,$0.26B,-25.83%,$-0.06B,$0.22B,-25.74%,$43,$8,$35,$24,$5,$42,$1,$-1,$0,$1,$-0,$-0,$-0,$5,$1,$73,73,$-0.00,$-0.00,$21,$0,$0,$50,$4,$0,$192,$2,$214,$264,$43,$33,$2,$36,$79,$0,$-226,$-2,$185,$264,$-4,$7,$4,$11,$2,$0,$0,$-2,$3,$10,$-0,$0,$0,$0,$0,$0,$0,$-0,$0,$-8,$-8,$0,$0,$0,$-5,$-13,$-4,$4,$0
2,2018-03-31,2.09,$2.55,0.82,$1.95,1.07,$1.03,2.03,$-0.96,0.0,$0.05B,$0.05B,1.1,$0.04B,$0.18B,0.2,$0.14B,$0.12B,85.11%,$0.14B,$-0.06B,-43.97%,$0.14B,$-0.06B,-43.97%,$0.14B,$-0.05B,-34.04%,$0.14B,$-0.06B,-43.97%,$0.14B,$-0.07B,-48.94%,$-0.07B,$0.18B,-31.72%,$-0.07B,$-0.01B,-278.79%,$-0.07B,$0.27B,-25.14%,$-0.06B,$0.22B,-26.05%,$38,$7,$31,$22,$5,$42,$-4,$-1,$-4,$-0,$-4,$-4,$-4,$-0,$-4,$72,72,$-0.06,$-0.06,$28,$0,$0,$52,$4,$0,$198,$2,$221,$273,$47,$37,$5,$42,$89,$0,$-226,$-1,$184,$273,$-4,$4,$2,$5,$6,$0,$0,$-0,$6,$7,$-0,$0,$0,$0,$0,$0,$0,$-0,$-4,$0,$-4,$0,$0,$0,$-0,$-4,$3,$2,$0
3,2017-12-31,2.82,$2.58,1.09,$1.73,1.63,$1.06,2.67,$-0.89,0.0,$0.05B,$0.05B,1.18,$0.04B,$0.19B,0.22,$0.12B,$0.10B,84.55%,$0.12B,$-0.06B,-47.15%,$0.12B,$-0.06B,-47.15%,$0.12B,$-0.05B,-37.40%,$0.12B,$-0.06B,-47.15%,$0.12B,$-0.07B,-52.85%,$-0.07B,$0.19B,-28.05%,$-0.07B,$-0.01B,-116.07%,$-0.07B,$0.28B,-24.12%,$-0.06B,$0.23B,-23.87%,$40,$6,$34,$20,$7,$96,$-56,$-0,$-56,$12,$-68,$-68,$-68,$-52,$-56,$69,69,$-0.99,$-0.99,$24,$0,$0,$54,$5,$0,$199,$2,$221,$275,$46,$41,$3,$44,$90,$0,$-221,$-1,$186,$275,$-65,$12,$72,$84,$4,$0,$0,$6,$12,$31,$-2,$0,$-126,$0,$0,$0,$0,$-128,$56,$0,$56,$48,$48,$0,$-5,$100,$3,$8,$0
4,2017-09-30,3.64,$3.51,1.04,$1.65,2.2,$1.06,3.44,$0.20,18.2,$0.05B,$0.02B,2.48,$0.00B,$0.25B,0.0,$0.11B,$0.09B,83.04%,$0.11B,$0.01B,6.25%,$0.11B,$0.01B,6.25%,$0.11B,$0.02B,15.18%,$0.11B,$0.01B,6.25%,$0.11B,$0.01B,11.61%,$0.01B,$0.25B,5.56%,$0.01B,$0.07B,17.22%,$0.01B,$0.27B,5.14%,$0.01B,$0.25B,2.98%,$32,$5,$28,$16,$5,$32,$0,$-0,$0,$-2,$2,$2,$2,$3,$0,$72,76,$0.03,$0.03,$25,$0,$0,$49,$3,$0,$185,$2,$223,$272,$20,$0,$0,$0,$20,$0,$-153,$0,$252,$272,$4,$8,$1,$8,$4,$0,$0,$4,$11,$23,$-1,$0,$-66,$0,$0,$0,$0,$-67,$-0,$0,$-0,$48,$48,$0,$-1,$47,$3,$6,$0
5,2017-06-30,5.05,$3.45,1.46,$1.52,3.33,$1.04,4.85,$0.24,21.04,$0.06B,$0.03B,2.33,$0.01B,$0.25B,0.02,$0.10B,$0.08B,81.44%,$0.10B,$0.01B,12.37%,$0.10B,$0.01B,12.37%,$0.10B,$0.02B,19.59%,$0.10B,$0.01B,11.34%,$0.10B,$0.02B,15.46%,$0.02B,$0.25B,7.15%,$0.02B,$0.06B,18.81%,$0.02B,$0.28B,6.66%,$0.01B,$0.25B,5.69%,$31,$5,$27,$17,$5,$33,$-2,$-0,$-2,$-3,$1,$1,$1,$1,$-2,$70,75,$0.01,$0.01,$32,$0,$0,$58,$3,$0,$187,$1,$220,$278,$25,$6,$0,$6,$31,$0,$-156,$0,$248,$278,$1,$5,$3,$8,$6,$0,$0,$2,$8,$17,$-1,$0,$-66,$0,$0,$0,$0,$-66,$15,$-2,$13,$48,$48,$0,$-1,$61,$11,$4,$0
6,2017-03-31,5.89,$3.49,1.69,$1.40,4.2,$1.01,5.85,$0.78,7.55,$0.09B,$0.01B,7.81,$0.00B,$0.24B,0.0,$0.08B,$0.07B,79.27%,$0.08B,$0.02B,20.73%,$0.08B,$0.02B,20.73%,$0.08B,$0.02B,26.83%,$0.08B,$0.02B,18.29%,$0.08B,$0.04B,53.66%,$0.04B,$0.24B,24.11%,$0.04B,$0.11B,53.82%,$0.04B,$0.25B,22.77%,$0.02B,$0.24B,9.30%,$20,$5,$15,$8,$3,$20,$0,$-0,$0,$0,$0,$0,$0,$2,$0,$61,66,$0.01,$0.01,$75,$0,$0,$92,$2,$0,$130,$0,$161,$253,$12,$0,$0,$0,$12,$0,$-156,$0,$241,$253,$0,$2,$1,$3,$8,$0,$0,$0,$5,$9,$-0,$0,$0,$0,$0,$0,$0,$-0,$0,$0,$0,$44,$44,$0,$-0,$44,$53,$1,$0
7,2016-12-31,4.93,$3.31,1.49,$1.35,3.66,$1.00,4.91,$0.81,6.09,$0.05B,$0.01B,3.27,$0.00B,$0.20B,0.0,$0.08B,$0.06B,81.33%,$0.08B,$0.02B,25.33%,$0.08B,$0.02B,25.33%,$0.08B,$0.02B,30.67%,$0.08B,$0.02B,22.67%,$0.08B,$0.05B,61.33%,$0.05B,$0.20B,30.92%,$0.05B,$0.06B,73.31%,$0.05B,$0.21B,29.11%,$0.02B,$0.20B,12.75%,$29,$6,$23,$8,$3,$20,$9,$-0,$9,$-1,$10,$10,$10,$11,$9,$52,58,$0.15,$0.14,$22,$0,$0,$47,$2,$0,$131,$1,$162,$209,$14,$0,$0,$0,$14,$0,$-157,$0,$195,$209,$46,$4,$-24,$-19,$-3,$0,$0,$-0,$-1,$26,$-1,$-0,$-30,$0,$0,$0,$0,$-31,$0,$0,$0,$8,$8,$0,$-0,$8,$3,$4,$0
8,2016-09-30,6.2,$2.85,2.17,$1.24,4.98,$0.68,9.07,$0.78,7.95,$0.06B,$0.01B,10.32,$0.00B,$0.16B,0.0,$0.07B,$0.06B,83.33%,$0.07B,$0.02B,25.76%,$0.07B,$0.02B,25.76%,$0.07B,$0.02B,30.30%,$0.07B,$0.01B,21.21%,$0.07B,$0.04B,63.64%,$0.04B,$0.16B,33.40%,$0.04B,$0.08B,77.06%,$0.04B,$0.16B,31.46%,$0.02B,$0.16B,13.49%,$17,$3,$14,$6,$2,$12,$5,$-0,$4,$0,$4,$4,$4,$5,$5,$53,59,$0.08,$0.07,$46,$0,$0,$60,$2,$0,$71,$0,$100,$161,$6,$0,$0,$0,$6,$0,$-164,$0,$155,$161,$36,$2,$-24,$-22,$3,$0,$0,$0,$2,$16,$-1,$-0,$0,$0,$0,$0,$0,$-1,$0,$0,$0,$11,$11,$0,$-0,$11,$27,$3,$0
9,2016-06-30,5.33,$2.78,1.92,$1.27,4.21,$0.43,12.36,$0.67,7.96,$0.05B,$0.01B,5.64,$0.00B,$0.14B,0.0,$0.06B,$0.05B,85.71%,$0.06B,$0.01B,15.87%,$0.06B,$0.01B,15.87%,$0.06B,$0.01B,22.22%,$0.06B,$0.01B,12.70%,$0.06B,$0.04B,57.14%,$0.04B,$0.14B,32.51%,$0.04B,$0.07B,91.72%,$0.04B,$0.15B,30.32%,$0.01B,$0.14B,9.01%,$16,$3,$13,$6,$2,$13,$3,$-1,$2,$-27,$30,$30,$30,$4,$3,$48,54,$0.61,$0.55,$32,$0,$0,$49,$2,$0,$71,$0,$101,$150,$9,$0,$2,$2,$10,$0,$-166,$0,$139,$150,$32,$2,$-25,$-24,$3,$0,$0,$-2,$2,$10,$-0,$0,$0,$0,$0,$0,$0,$-0,$0,$0,$0,$3,$3,$0,$-0,$3,$13,$2,$0
10,2016-03-31,2.84,$2.24,1.27,$1.19,2.39,$0.27,10.7,$0.14,20.29,$0.04B,$0.01B,7.81,$0.00B,$0.11B,0.0,$0.06B,$0.05B,87.93%,$0.06B,$0.01B,13.79%,$0.06B,$0.01B,13.79%,$0.06B,$0.01B,20.69%,$0.06B,$0.01B,12.07%,$0.06B,$0.01B,12.07%,$0.01B,$0.11B,7.00%,$0.01B,$0.04B,24.78%,$0.01B,$0.11B,6.53%,$0.01B,$0.11B,7.98%,$13,$2,$11,$6,$2,$11,$2,$0,$2,$0,$2,$2,$2,$3,$2,$47,54,$0.05,$0.04,$26,$0,$0,$38,$2,$0,$72,$0,$74,$112,$5,$0,$1,$1,$6,$0,$-196,$0,$106,$112,$2,$1,$0,$1,$6,$0,$0,$0,$3,$7,$-0,$0,$0,$0,$0,$0,$0,$-0,$0,$0,$0,$0,$0,$0,$-0,$0,$7,$1,$0
11,2015-12-31,3.58,$2.18,1.65,$1.18,3.03,$0.11,32.19,$0.11,32.55,$0.04B,$0.01B,4.86,$0.00B,$0.10B,0.0,$0.06B,$0.05B,87.72%,$0.06B,$0.01B,14.04%,$0.06B,$0.01B,14.04%,$0.06B,$0.01B,21.05%,$0.06B,$0.01B,10.53%,$0.06B,$0.01B,10.53%,$0.01B,$0.10B,6.19%,$0.01B,$0.03B,24.24%,$0.01B,$0.11B,5.71%,$0.01B,$0.10B,8.21%,$20,$3,$17,$6,$3,$13,$7,$-1,$6,$0,$6,$6,$6,$8,$7,$45,50,$0.12,$0.13,$19,$0,$0,$37,$3,$0,$72,$0,$75,$111,$8,$0,$1,$1,$9,$0,$-198,$0,$103,$111,$6,$3,$4,$8,$-7,$0,$0,$0,$-6,$7,$-2,$0,$0,$0,$0,$0,$0,$-2,$-3,$0,$-3,$0,$0,$0,$-1,$-3,$2,$3,$0
12,2015-09-30,1.58,$2.09,0.76,$1.10,1.44,$0.09,18.44,$0.01,158.0,$0.03B,$0.01B,4.02,$0.00B,$0.10B,0.0,$0.05B,$0.04B,88.00%,$0.05B,$0.00B,4.00%,$0.05B,$0.00B,4.00%,$0.05B,$0.01B,12.00%,$0.05B,$0.00B,2.00%,$0.05B,$0.00B,2.00%,$0.00B,$0.10B,1.06%,$0.00B,$0.02B,4.60%,$0.00B,$0.10B,0.97%,$0.00B,$0.10B,2.11%,$14,$1,$13,$6,$8,$16,$-2,$-0,$-2,$0,$-2,$-2,$-2,$-1,$-2,$45,45,$-0.04,$-0.04,$16,$0,$0,$27,$3,$0,$72,$0,$75,$102,$7,$0,$0,$1,$8,$0,$-204,$0,$95,$102,$-0,$3,$2,$5,$-2,$0,$0,$-0,$-3,$2,$-1,$0,$0,$0,$0,$0,$0,$-1,$-2,$0,$-2,$0,$0,$0,$-1,$-2,$-2,$2,$0
13,2015-06-30,1.7,$2.12,0.8,$1.05,1.62,$0.10,16.75,$0.05,34.0,$0.03B,$0.01B,4.1,$0.00B,$0.10B,0.0,$0.05B,$0.04B,85.42%,$0.05B,$0.00B,8.33%,$0.05B,$0.00B,8.33%,$0.05B,$0.01B,16.67%,$0.05B,$0.00B,6.25%,$0.05B,$0.00B,6.25%,$0.00B,$0.10B,3.22%,$0.00B,$0.02B,14.81%,$0.00B,$0.10B,2.93%,$0.00B,$0.10B,4.24%,$11,$1,$10,$6,$2,$10,$1,$-0,$1,$0,$1,$1,$1,$2,$1,$45,49,$0.03,$0.02,$16,$0,$0,$28,$3,$0,$73,$0,$76,$104,$7,$0,$0,$1,$8,$0,$-202,$0,$96,$104,$2,$2,$2,$4,$-2,$0,$0,$-0,$-4,$2,$-1,$0,$0,$0,$0,$0,$0,$-1,$-1,$0,$-1,$0,$0,$0,$-1,$-2,$-1,$1,$0
14,2015-03-31,1.86,$2.10,0.89,$1.10,1.69,$0.12,15.98,$-0.01,0.0,$0.03B,$0.01B,3.63,$0.00B,$0.09B,0.01,$0.05B,$0.04B,83.33%,$0.05B,$0.00B,4.17%,$0.05B,$0.00B,4.17%,$0.05B,$0.01B,12.50%,$0.05B,$0.00B,2.08%,$0.05B,$0.00B,2.08%,$0.00B,$0.09B,1.12%,$0.00B,$0.02B,6.45%,$0.00B,$0.10B,1.01%,$0.00B,$0.10B,2.22%,$12,$1,$10,$6,$2,$10,$2,$-1,$1,$0,$1,$1,$1,$3,$2,$45,48,$0.02,$0.01,$15,$0,$0,$27,$3,$0,$73,$0,$76,$103,$7,$1,$1,$1,$8,$0,$-203,$0,$94,$103,$1,$1,$1,$2,$-1,$0,$0,$-0,$-4,$-1,$-0,$0,$0,$0,$0,$0,$0,$-0,$-0,$0,$-0,$0,$0,$0,$-0,$-1,$-2,$1,$0
15,2014-12-31,1.53,$2.05,0.74,$1.11,1.38,$0.15,9.95,$-0.11,0.0,$0.03B,$0.01B,2.86,$0.00B,$0.09B,0.01,$0.05B,$0.04B,80.43%,$0.05B,$-0.00B,-6.52%,$0.05B,$-0.00B,-6.52%,$0.05B,$0.00B,4.35%,$0.05B,$-0.00B,-6.52%,$0.05B,$-0.00B,-6.52%,$-0.00B,$0.09B,-3.51%,$-0.00B,$0.02B,-26.09%,$-0.00B,$0.10B,-3.12%,$-0.00B,$0.09B,-3.45%,$13,$2,$11,$8,$2,$12,$1,$-0,$1,$0,$1,$1,$1,$2,$1,$41,41,$0.03,$0.03,$17,$0,$0,$27,$2,$0,$74,$0,$76,$103,$9,$1,$0,$2,$11,$0,$-204,$-1,$92,$103,$-4,$5,$4,$8,$1,$0,$0,$-0,$0,$5,$-1,$0,$0,$0,$0,$0,$0,$-1,$-2,$0,$-2,$11,$11,$0,$-1,$7,$11,$4,$0
16,2014-09-30,1.97,$2.02,0.98,$1.13,1.74,$0.05,42.37,$-0.13,0.0,$0.02B,$0.01B,3.06,$0.00B,$0.09B,0.01,$0.05B,$0.04B,80.43%,$0.05B,$-0.00B,-8.70%,$0.05B,$-0.00B,-8.70%,$0.05B,$0.00B,2.17%,$0.05B,$-0.00B,-8.70%,$0.05B,$-0.00B,-8.70%,$-0.00B,$0.09B,-4.82%,$-0.00B,$0.02B,-48.48%,$-0.00B,$0.10B,-4.23%,$-0.00B,$0.09B,-4.71%,$12,$2,$10,$7,$2,$12,$-0,$0,$0,$0,$0,$0,$0,$1,$-0,$43,43,$0.00,$0.00,$16,$0,$0,$24,$2,$0,$74,$0,$76,$100,$8,$1,$1,$2,$10,$0,$-205,$-1,$91,$100,$-5,$4,$3,$7,$2,$0,$0,$-0,$-0,$2,$-1,$0,$0,$0,$0,$0,$0,$-1,$-2,$0,$-2,$11,$11,$0,$-1,$8,$9,$3,$0
17,2014-06-30,2.72,$2.03,1.34,$1.13,2.41,$0.03,84.47,$-0.17,0.0,$0.01B,$0.01B,1.58,$0.00B,$0.08B,0.02,$0.04B,$0.04B,79.55%,$0.04B,$-0.01B,-11.36%,$0.04B,$-0.01B,-11.36%,$0.04B,0,0.00%,$0.04B,$-0.01B,-11.36%,$0.04B,$-0.01B,-11.36%,$-0.01B,$0.08B,-6.21%,$-0.01B,$0.01B,-95.24%,$-0.01B,$0.09B,-5.35%,$-0.01B,$0.08B,-6.01%,$11,$2,$9,$7,$2,$12,$-1,$-0,$-1,$0,$-1,$-1,$-1,$-0,$-1,$39,39,$-0.04,$-0.04,$6,$0,$0,$14,$2,$0,$74,$0,$77,$90,$9,$2,$1,$3,$11,$0,$-205,$-1,$79,$90,$-5,$3,$2,$5,$3,$0,$0,$-0,$2,$1,$-0,$0,$0,$0,$0,$0,$0,$-0,$-1,$0,$-1,$0,$0,$0,$-0,$-2,$-0,$2,$0
18,2014-03-31,3.26,$2.06,1.58,$1.10,2.96,$-0.01,0.0,$-0.18,0.0,$0.02B,$0.01B,1.66,$0.00B,$0.08B,0.04,$0.04B,$0.03B,80.95%,$0.04B,$-0.01B,-14.29%,$0.04B,$-0.01B,-14.29%,$0.04B,$-0.00B,-2.38%,$0.04B,$-0.01B,-14.29%,$0.04B,$-0.01B,-14.29%,$-0.01B,$0.08B,-7.41%,$-0.01B,$0.01B,-114.29%,$-0.01B,$0.09B,-6.30%,$-0.01B,$0.08B,-7.10%,$10,$2,$7,$7,$2,$12,$-3,$-1,$-3,$0,$-3,$-3,$-3,$-1,$-3,$38,38,$-0.09,$-0.09,$6,$0,$0,$15,$2,$0,$75,$0,$77,$92,$9,$3,$1,$4,$13,$0,$-204,$-1,$80,$92,$-3,$1,$1,$3,$2,$0,$0,$-0,$1,$0,$-0,$0,$0,$0,$0,$0,$0,$-0,$-1,$0,$-1,$0,$0,$0,$-0,$-1,$-1,$1,$0
19,2013-12-31,1.83,$2.13,0.86,$1.06,1.72,$-0.02,0.0,$-0.29,0.0,$0.02B,$0.01B,1.68,$0.00B,$0.08B,0.03,$0.04B,$0.03B,82.50%,$0.04B,$-0.01B,-25.00%,$0.04B,$-0.01B,-25.00%,$0.04B,$-0.01B,-15.00%,$0.04B,$-0.01B,-25.00%,$0.04B,$-0.01B,-25.00%,$-0.01B,$0.08B,-12.27%,$-0.01B,$0.01B,-190.48%,$-0.01B,$0.10B,-10.47%,$-0.01B,$0.09B,-11.76%,$13,$2,$11,$7,$2,$13,$0,$-0,$0,$0,$0,$0,$0,$1,$0,$38,38,$0.00,$0.00,$6,$0,$0,$17,$3,$0,$75,$0,$79,$96,$10,$3,$1,$4,$14,$0,$-200,$-1,$82,$96,$-11,$5,$5,$9,$-0,$0,$0,$1,$1,$-1,$-0,$0,$0,$0,$0,$0,$0,$-0,$-2,$5,$3,$0,$0,$0,$-1,$2,$1,$4,$0
20,2013-09-30,1.81,$2.11,0.86,$1.04,1.74,$-0.04,0.0,$-0.34,0.0,$0.02B,$0.01B,1.48,$0.00B,$0.08B,0.05,$0.04B,$0.03B,79.49%,$0.04B,$-0.01B,-30.77%,$0.04B,$-0.01B,-30.77%,$0.04B,$-0.01B,-17.95%,$0.04B,$-0.01B,-30.77%,$0.04B,$-0.01B,-30.77%,$-0.01B,$0.08B,-14.55%,$-0.01B,$0.01B,-208.70%,$-0.01B,$0.10B,-12.31%,$-0.01B,$0.09B,-13.71%,$10,$2,$8,$7,$2,$11,$-1,$-0,$-1,$0,$-1,$-1,$-1,$-0,$-1,$38,38,$-0.04,$-0.04,$9,$0,$0,$17,$3,$0,$76,$0,$80,$96,$11,$4,$0,$4,$15,$0,$-200,$-1,$81,$96,$-11,$3,$4,$7,$2,$0,$0,$1,$5,$1,$-0,$0,$0,$0,$0,$0,$0,$-0,$3,$0,$3,$0,$0,$0,$-1,$3,$4,$3,$0
21,2013-06-30,1.63,$2.13,0.77,$1.09,1.49,$-0.09,0.0,$-0.37,0.0,$0.02B,$0.01B,1.45,$0.01B,$0.08B,0.06,$0.04B,$0.03B,78.05%,$0.04B,$-0.01B,-31.71%,$0.04B,$-0.01B,-31.71%,$0.04B,$-0.01B,-19.51%,$0.04B,$-0.01B,-34.15%,$0.04B,$-0.01B,-34.15%,$-0.01B,$0.08B,-16.72%,$-0.01B,$0.01B,-215.38%,$-0.01B,$0.10B,-14.04%,$-0.01B,$0.09B,-14.44%,$9,$2,$8,$6,$2,$11,$-2,$-0,$-2,$0,$-2,$-2,$-2,$-1,$-2,$38,38,$-0.05,$-0.05,$8,$0,$0,$16,$4,$0,$76,$0,$81,$97,$11,$5,$0,$5,$16,$0,$-199,$-1,$81,$97,$-9,$2,$3,$5,$3,$0,$0,$1,$4,$-0,$-0,$0,$0,$0,$0,$0,$0,$-0,$4,$0,$4,$0,$0,$0,$-0,$4,$3,$2,$0
22,2013-03-31,2.28,$2.16,1.06,$1.21,1.89,$-0.11,0.0,$-0.43,0.0,$0.01B,$0.01B,1.22,$0.00B,$0.08B,0.02,$0.05B,$0.04B,77.78%,$0.05B,$-0.01B,-24.44%,$0.05B,$-0.01B,-24.44%,$0.05B,$-0.01B,-13.33%,$0.05B,$-0.01B,-28.89%,$0.05B,$-0.02B,-35.56%,$-0.02B,$0.08B,-18.77%,$-0.02B,$0.01B,-213.33%,$-0.02B,$0.09B,-15.69%,$-0.01B,$0.08B,-11.86%,$8,$2,$6,$6,$2,$15,$-7,$-0,$-7,$0,$-7,$-7,$-7,$-6,$-7,$37,37,$-0.20,$-0.20,$4,$0,$0,$11,$4,$0,$77,$0,$82,$93,$9,$1,$0,$1,$10,$0,$-197,$-1,$82,$93,$-7,$1,$2,$4,$4,$0,$0,$0,$4,$0,$-0,$0,$0,$0,$0,$0,$0,$-0,$-1,$0,$-1,$0,$0,$0,$-0,$-1,$-1,$1,$0
23,2012-12-31,3.49,$2.31,1.51,$1.28,2.72,$-0.10,0.0,$-0.28,0.0,$0.02B,$0.01B,2.23,$0.01B,$0.09B,0.11,$0.05B,$0.04B,80.85%,$0.05B,$-0.01B,-10.64%,$0.05B,$-0.01B,-10.64%,$0.05B,0,0.00%,$0.05B,$-0.01B,-14.89%,$0.05B,$-0.01B,-23.40%,$-0.01B,$0.09B,-12.61%,$-0.01B,$0.01B,-129.41%,$-0.01B,$0.10B,-10.43%,$-0.01B,$0.10B,-5.18%,$12,$2,$9,$7,$3,$13,$-2,$-0,$-2,$0,$-2,$-2,$-2,$-0,$-2,$36,36,$-0.05,$-0.05,$5,$0,$0,$22,$5,$0,$77,$1,$83,$104,$10,$9,$0,$9,$19,$0,$-189,$-1,$86,$104,$-7,$4,$2,$7,$-6,$0,$0,$1,$-1,$-1,$-1,$-0,$0,$0,$0,$0,$0,$-1,$-2,$0,$-2,$1,$1,$-0,$-0,$-2,$-3,$4,$0
24,2012-09-30,2.85,$2.35,1.21,$1.28,2.23,$-0.49,0.0,$-0.43,0.0,$0.02B,$0.01B,2.16,$0.01B,$0.09B,0.11,$0.04B,$0.03B,82.93%,$0.04B,$-0.01B,-14.63%,$0.04B,$-0.01B,-14.63%,$0.04B,$-0.00B,-4.88%,$0.04B,$-0.01B,-19.51%,$0.04B,$-0.01B,-34.15%,$-0.01B,$0.09B,-15.82%,$-0.01B,$0.01B,-151.35%,$-0.01B,$0.11B,-13.18%,$-0.01B,$0.10B,-6.14%,$12,$3,$9,$8,$2,$14,$-2,$-0,$-3,$0,$-3,$-3,$-3,$-1,$-2,$36,36,$-0.07,$-0.07,$5,$0,$0,$22,$5,$0,$78,$1,$84,$105,$10,$9,$0,$9,$19,$0,$-187,$-1,$86,$105,$-5,$3,$2,$5,$-5,$0,$0,$0,$-1,$-1,$-0,$-0,$0,$0,$0,$0,$0,$-1,$-2,$0,$-2,$1,$1,$-0,$-0,$-2,$-3,$3,$0
25,2012-06-30,2.35,$2.40,0.98,$1.01,2.32,$-0.78,0.0,$-0.57,0.0,$0.02B,$0.01B,2.41,$0.01B,$0.09B,0.11,$0.03B,$0.03B,86.67%,$0.03B,$-0.01B,-23.33%,$0.03B,$-0.01B,-23.33%,$0.03B,$-0.00B,-10.00%,$0.03B,$-0.01B,-26.67%,$0.03B,$-0.02B,-50.00%,$-0.02B,$0.09B,-21.20%,$-0.02B,$0.01B,-150.00%,$-0.02B,$0.11B,-17.49%,$-0.01B,$0.10B,-8.83%,$13,$2,$11,$8,$2,$13,$-0,$-0,$-1,$0,$-1,$-1,$-4,$1,$-0,$36,36,$-0.11,$-0.11,$6,$0,$1,$22,$5,$0,$78,$0,$84,$106,$9,$9,$0,$9,$18,$0,$-185,$-1,$87,$106,$-2,$2,$1,$3,$-4,$0,$0,$1,$-2,$-1,$-0,$-0,$0,$0,$0,$0,$0,$-0,$-1,$0,$-1,$0,$0,$-0,$-0,$-1,$-2,$2,$0
26,2012-03-31,4.44,$2.49,1.79,$0.76,5.88,$-0.95,0.0,$-0.60,0.0,$0.02B,$0.01B,2.8,$0.01B,$0.09B,0.1,$0.02B,$0.02B,84.21%,$0.02B,$-0.01B,-42.11%,$0.02B,$-0.01B,-42.11%,$0.02B,$-0.01B,-26.32%,$0.02B,$-0.01B,-42.11%,$0.02B,$-0.01B,-68.42%,$-0.01B,$0.09B,-24.88%,$-0.01B,$0.01B,-133.33%,$-0.01B,$0.11B,-20.16%,$-0.01B,$0.10B,-13.39%,$10,$2,$9,$6,$2,$11,$-1,$-0,$-1,$0,$-1,$-1,$-2,$-0,$-1,$36,36,$-0.05,$-0.05,$8,$0,$1,$20,$5,$0,$81,$1,$86,$107,$7,$9,$0,$9,$16,$0,$-181,$-0,$90,$107,$-1,$1,$1,$2,$-1,$0,$0,$0,$-0,$0,$-0,$-0,$0,$0,$0,$0,$0,$-0,$-1,$0,$-1,$0,$0,$-0,$0,$-0,$-0,$1,$0
27,2011-12-31,3.32,$2.51,1.32,$0.61,5.43,$-1.06,0.0,$-0.65,0.0,$0.02B,$0.01B,2.93,$0.01B,$0.09B,0.1,$0.01B,$0.01B,81.82%,$0.01B,$-0.01B,-72.73%,$0.01B,$-0.01B,-72.73%,$0.01B,$-0.01B,-54.55%,$0.01B,$-0.01B,-72.73%,$0.01B,$-0.01B,-118.18%,$-0.01B,$0.09B,-39.39%,$-0.01B,$0.01B,-133.33%,$-0.01B,$0.11B,-30.23%,$-0.01B,$0.10B,-20.00%,$6,$1,$5,$4,$2,$9,$-3,$-0,$-3,$0,$-3,$-3,$-5,$-2,$-3,$19,19,$-0.21,$-0.21,$9,$0,$0,$20,$4,$0,$79,$0,$87,$107,$7,$9,$0,$9,$16,$0,$-179,$-0,$91,$107,$-8,$1,$2,$3,$-2,$0,$0,$-0,$-2,$-8,$-1,$0,$-11,$0,$0,$0,$0,$-12,$-0,$0,$-0,$5,$15,$-0,$0,$14,$-5,$3,$0
28,2011-09-30,3.44,$0.88,3.92,$0.44,7.77,$-0.72,0.0,$-0.58,0.0,$0.02B,$0.00B,9.7,$0.01B,$0.02B,0.46,$0.01B,$0.01B,71.43%,$0.01B,$-0.01B,-100.00%,$0.01B,$-0.01B,-100.00%,$0.01B,$-0.01B,-85.71%,$0.01B,$-0.01B,-100.00%,$0.01B,$-0.01B,-142.86%,$-0.01B,$0.02B,-80.00%,$-0.01B,$0.01B,-108.11%,$-0.01B,$0.02B,-49.38%,$-0.01B,$0.02B,-37.33%,$1,$0,$1,$2,$1,$3,$-3,$-0,$-3,$0,$-3,$-3,$-4,$-2,$-3,$16,16,$-0.22,$-0.22,$15,$0,$0,$19,$1,$0,$4,$0,$5,$23,$2,$7,$0,$7,$9,$0,$-173,$-0,$15,$23,$-5,$0,$1,$1,$-2,$0,$0,$-0,$-1,$-5,$-0,$0,$-1,$0,$0,$0,$0,$-1,$0,$0,$0,$2,$7,$-0,$0,$6,$1,$2,$0
29,2011-06-30,7.25,$0.76,9.57,$0.60,12.17,$-0.50,0.0,$-0.40,0.0,$0.02B,$0.00B,10.39,$0.01B,$0.01B,0.52,$0.01B,$0.01B,77.78%,$0.01B,$-0.00B,-44.44%,$0.01B,$-0.00B,-44.44%,$0.01B,$-0.00B,-44.44%,$0.01B,$-0.00B,-44.44%,$0.01B,$-0.01B,-66.67%,$-0.01B,$0.01B,-75.00%,$-0.01B,$0.01B,-104.35%,$-0.01B,$0.02B,-39.34%,$-0.00B,$0.02B,-28.07%,$2,$0,$1,$1,$1,$3,$-1,$-0,$-1,$0,$-1,$-1,$-2,$-1,$-1,$16,16,$-0.14,$-0.14,$11,$0,$0,$15,$1,$0,$5,$0,$5,$21,$1,$7,$0,$7,$8,$0,$-170,$0,$13,$21,$-3,$0,$1,$1,$-2,$0,$0,$-0,$-2,$-3,$-0,$0,$-1,$0,$0,$0,$-0,$-1,$0,$0,$0,$1,$1,$0,$0,$1,$-2,$1,$0
30,2011-03-31,5.94,$0.82,7.23,$0.58,10.18,$-0.35,0.0,$-0.41,0.0,$0.02B,$0.00B,11.91,$0.01B,$0.01B,0.48,$0.01B,$0.01B,87.50%,$0.01B,$-0.01B,-62.50%,$0.01B,$-0.01B,-62.50%,$0.01B,$-0.01B,-62.50%,$0.01B,$-0.01B,-62.50%,$0.01B,$-0.01B,-75.00%,$-0.01B,$0.01B,-171.43%,$-0.01B,$0.01B,-240.00%,$-0.01B,$0.02B,-57.14%,$-0.01B,$0.02B,-51.28%,$2,$0,$2,$2,$1,$4,$-1,$-0,$-1,$0,$-1,$-1,$-2,$-1,$-1,$16,16,$-0.10,$-0.10,$13,$0,$0,$16,$1,$0,$4,$0,$5,$21,$1,$6,$0,$6,$8,$0,$-168,$0,$13,$21,$-1,$0,$1,$1,$-1,$0,$0,$0,$-1,$-2,$-0,$0,$-1,$0,$0,$0,$-0,$-1,$0,$0,$0,$1,$1,$0,$0,$1,$-1,$1,$0
31,2010-12-31,11.7,$0.60,19.47,$0.47,25.13,$-0.30,0.0,$-0.52,0.0,$0.02B,$0.00B,15.73,$0.01B,$0.01B,0.68,$0.01B,$0.01B,83.33%,$0.01B,$-0.01B,-116.67%,$0.01B,$-0.01B,-116.67%,$0.01B,$-0.01B,-100.00%,$0.01B,$-0.01B,-116.67%,$0.01B,$-0.01B,-116.67%,$-0.01B,$0.01B,700.00%,$-0.01B,$0.01B,700.00%,$-0.01B,$0.02B,-121.74%,$-0.01B,$0.02B,-140.00%,$2,$0,$1,$2,$1,$3,$-2,$-0,$-2,$0,$-2,$-2,$-2,$-2,$-2,$13,13,$-0.13,$-0.13,$14,$0,$0,$16,$1,$0,$0,$0,$1,$16,$1,$6,$0,$6,$7,$0,$-166,$-0,$9,$16,$-7,$1,$6,$6,$-1,$0,$0,$-0,$-1,$-1,$-1,$0,$0,$0,$0,$0,$-0,$-1,$0,$0,$0,$14,$14,$0,$0,$14,$13,$6,$0
32,2010-09-30,5.25,$-0.25,-21.21,$0.35,14.96,$-0.51,0.0,$-0.60,0.0,$0.00B,$0.00B,4.73,$0.01B,$-0.00B,-1.87,$0.00B,$0.00B,100.00%,$0.00B,$-0.01B,-175.00%,$0.00B,$-0.01B,-175.00%,$0.00B,$-0.01B,-150.00%,$0.00B,$-0.01B,-200.00%,$0.00B,$-0.01B,-200.00%,$-0.01B,$-0.00B,188.24%,$-0.01B,$-0.00B,188.24%,$-0.01B,$0.00B,-355.56%,$-0.01B,$0.00B,-400.00%,$3,$0,$3,$1,$2,$3,$-0,$-0,$-0,$0,$-0,$-0,$-0,$-0,$-0,$13,13,$-0.03,$-0.03,$1,$0,$0,$3,$0,$0,$0,$0,$1,$3,$1,$6,$0,$6,$7,$0,$-164,$-0,$-3,$3,$-5,$0,$5,$5,$-1,$0,$0,$-0,$-1,$-1,$-0,$0,$0,$0,$0,$0,$-0,$-0,$0,$0,$0,$1,$1,$0,$0,$1,$-1,$5,$0
33,2010-06-30,3.86,$-0.40,-9.65,$0.15,26.61,$-0.64,0.0,$-0.80,0.0,$0.00B,$0.00B,1.27,$0.01B,$-0.01B,-1.17,$0.00B,$0.00B,100.00%,$0.00B,$-0.01B,-1000.00%,$0.00B,$-0.01B,-1000.00%,$0.00B,$-0.01B,-900.00%,$0.00B,$-0.01B,-1100.00%,$0.00B,$-0.01B,-1100.00%,$-0.01B,$-0.01B,258.82%,$-0.01B,$-0.01B,258.82%,$-0.01B,$0.00B,-488.89%,$-0.01B,$0.00B,-571.43%,$1,$0,$1,$1,$2,$3,$-2,$-0,$-2,$0,$-2,$-2,$-2,$-2,$-2,$13,13,$-0.15,$-0.15,$1,$0,$0,$1,$0,$0,$0,$0,$1,$2,$1,$6,$0,$6,$7,$0,$-164,$-0,$-5,$2,$-5,$0,$3,$3,$-0,$0,$0,$0,$0,$-1,$-0,$0,$0,$0,$0,$0,$0,$-0,$0,$0,$0,$0,$0,$0,$0,$0,$-1,$3,$0
34,2010-03-31,3.75,$-0.37,-10.1,$0.06,60.64,$-0.74,0.0,$-0.85,0.0,$0.00B,$0.00B,1.54,$0.01B,$-0.01B,-1.23,$0.00B,0,nan%,$0.00B,$-0.01B,inf%,$0.00B,$-0.01B,inf%,$0.00B,$-0.01B,inf%,$0.00B,$-0.01B,inf%,$0.00B,$-0.01B,inf%,$-0.01B,$-0.01B,369.23%,$-0.01B,$-0.01B,369.23%,$-0.01B,$0.00B,-436.36%,$-0.01B,$0.00B,-400.00%,$0,$0,$0,$1,$2,$3,$-3,$-0,$-3,$0,$-3,$-3,$-3,$-2,$-3,$13,13,$-0.21,$-0.21,$1,$0,$0,$1,$0,$0,$0,$0,$1,$2,$1,$6,$0,$6,$7,$0,$-162,$-0,$-5,$2,$-3,$0,$2,$2,$0,$0,$0,$0,$0,$-1,$-0,$0,$0,$0,$0,$0,$0,$-0,$0,$0,$0,$0,$0,$0,$0,$0,$-0,$1,$0
35,2009-12-31,2.1,$-0.31,-6.86,$0.04,49.85,$-0.77,0.0,$-0.84,0.0,$0.00B,$0.00B,3.19,$0.01B,$-0.00B,-1.45,$0.00B,0,nan%,$0.00B,$-0.01B,inf%,$0.00B,$-0.01B,inf%,$0.00B,$-0.01B,inf%,$0.00B,$-0.01B,inf%,$0.00B,$-0.01B,inf%,$-0.01B,$-0.00B,600.00%,$-0.01B,$-0.00B,600.00%,$-0.01B,$0.00B,-342.86%,$-0.01B,$0.00B,-257.14%,$0,$0,$0,$1,$2,$3,$-2,$-0,$-3,$0,$-3,$-3,$-3,$-2,$-2,$13,13,$-0.21,$-0.21,$1,$0,$0,$2,$0,$0,$0,$0,$1,$2,$0,$6,$0,$6,$6,$0,$-159,$-0,$-4,$2,$-11,$1,$6,$7,$-0,$0,$0,$0,$-0,$-4,$-0,$0,$0,$0,$0,$0,$0,$-0,$0,$0,$0,$0,$0,$0,$0,$0,$-4,$5,$0
36,2009-09-30,1.47,$-0.22,-6.71,$0.02,88.84,$-0.92,0.0,$-0.87,0.0,$0.00B,$0.00B,5.27,$0.01B,$-0.00B,-1.98,$0.00B,0,nan%,$0.00B,$-0.01B,inf%,$0.00B,$-0.01B,inf%,$0.00B,$-0.01B,inf%,$0.00B,$-0.01B,inf%,$0.00B,$-0.01B,inf%,$-0.01B,$-0.00B,1600.00%,$-0.01B,$-0.00B,1600.00%,$-0.01B,$0.00B,-252.63%,$-0.01B,$0.00B,-222.22%,$0,$0,$-0,$1,$2,$3,$-3,$-0,$-3,$0,$-3,$-3,$-3,$-3,$-3,$13,13,$-0.23,$-0.23,$2,$0,$0,$2,$1,$0,$0,$0,$1,$3,$0,$6,$0,$6,$6,$0,$-157,$-0,$-3,$3,$-8,$1,$4,$5,$-0,$0,$0,$0,$0,$-3,$-0,$0,$0,$0,$0,$0,$0,$-0,$0,$0,$0,$0,$0,$0,$0,$0,$-3,$4,$0
37,2009-06-30,0.72,$-0.11,-6.59,$0.01,53.95,$-1.07,0.0,$-0.88,0.0,$0.00B,$0.00B,10.81,$0.01B,$-0.00B,-3.86,$0.00B,0,nan%,$0.00B,$-0.01B,inf%,$0.00B,$-0.01B,inf%,$0.00B,$-0.01B,inf%,$0.00B,$-0.01B,inf%,$0.00B,$-0.01B,inf%,$-0.01B,$-0.00B,-1600.00%,$-0.01B,$-0.00B,-1600.00%,$-0.01B,$0.00B,-200.00%,$-0.01B,$0.00B,-181.82%,$0,$0,$-0,$1,$1,$2,$-2,$-0,$-2,$0,$-2,$-2,$-3,$-2,$-2,$13,13,$-0.20,$-0.20,$3,$0,$0,$3,$1,$0,$0,$0,$1,$4,$0,$5,$0,$5,$6,$0,$-154,$-0,$-1,$4,$-5,$0,$3,$3,$-0,$0,$0,$0,$0,$-2,$-0,$0,$0,$0,$0,$0,$0,$-0,$0,$0,$0,$0,$0,$0,$0,$0,$-2,$2,$0
38,2009-03-31,1.04,$-0.00,-273.68,$0.01,0.0,$-1.14,0.0,$-0.51,0.0,$0.00B,$0.00B,15.45,$0.01B,$0.00B,-108.6,$0.00B,0,nan%,$0.00B,$-0.01B,inf%,$0.00B,$-0.01B,inf%,$0.00B,$-0.01B,inf%,$0.00B,$-0.01B,inf%,$0.00B,$-0.01B,inf%,$-0.01B,$0.00B,-400.00%,$-0.01B,$0.00B,-400.00%,$-0.01B,$0.01B,-96.55%,$-0.01B,$0.01B,-169.23%,$0,$0,$-0,$1,$1,$2,$-2,$-0,$-3,$0,$-3,$-3,$-3,$-2,$-2,$13,13,$-0.20,$-0.20,$4,$0,$0,$4,$1,$0,$0,$0,$1,$5,$0,$5,$0,$5,$5,$0,$-151,$-0,$-0,$5,$-3,$0,$1,$1,$-0,$0,$0,$0,$0,$-1,$0,$0,$0,$0,$0,$0,$0,$0,$0,$0,$0,$0,$0,$0,$0,$0,$-1,$1,$0
39,2008-12-31,1.67,$0.11,15.86,$0.00,0.0,$-1.18,0.0,$-0.58,0.0,$0.01B,$0.00B,16.32,$0.01B,$0.00B,3.79,$0.00B,0,nan%,$0.00B,$-0.01B,inf%,$0.00B,$-0.01B,inf%,$0.00B,$-0.01B,inf%,$0.00B,$-0.01B,inf%,$0.00B,$-0.01B,inf%,$-0.01B,$0.00B,-560.00%,$-0.01B,$0.00B,-560.00%,$-0.01B,$0.01B,-80.00%,$-0.01B,$0.01B,-165.52%,$0,$0,$-0,$1,$2,$3,$-3,$-0,$-3,$0,$-3,$-3,$-3,$-3,$-3,$13,13,$-0.23,$-0.23,$5,$0,$0,$5,$1,$0,$0,$0,$1,$7,$0,$5,$0,$5,$5,$0,$-149,$0,$1,$7,$-7,$1,$2,$2,$0,$0,$0,$-0,$-1,$-5,$-0,$0,$0,$0,$0,$0,$-0,$-1,$0,$7,$7,$0,$0,$0,$-0,$7,$1,$7,$0
40,2008-09-30,3.2,$0.20,15.9,$0.01,0.0,$-1.63,0.0,$-0.58,0.0,$0.01B,$0.00B,16.06,$0.01B,$0.00B,1.93,$0.00B,0,nan%,$0.00B,$-0.01B,inf%,$0.00B,$-0.01B,inf%,$0.00B,$-0.01B,inf%,$0.00B,$-0.01B,inf%,$0.00B,$-0.01B,inf%,$-0.01B,$0.00B,-2800.00%,$-0.01B,$0.00B,-2800.00%,$-0.01B,$0.01B,-82.35%,$-0.01B,$0.01B,-184.62%,$0,$0,$-0,$1,$2,$3,$-3,$0,$-3,$0,$-3,$-3,$-3,$-3,$-3,$13,13,$-0.25,$-0.25,$6,$0,$0,$6,$1,$0,$0,$0,$2,$8,$0,$5,$0,$5,$5,$0,$-146,$0,$3,$8,$-4,$1,$-0,$0,$0,$0,$0,$-0,$-0,$-4,$-0,$0,$0,$0,$0,$0,$-0,$-1,$0,$7,$7,$0,$0,$0,$-0,$7,$2,$5,$0
41,2008-06-30,2.28,$0.27,8.51,$0.01,224.69,$-1.98,0.0,$-0.63,0.0,$0.01B,$0.00B,7.39,$0.01B,$0.00B,1.41,$0.00B,0,nan%,$0.00B,$-0.01B,inf%,$0.00B,$-0.01B,inf%,$0.00B,$-0.01B,inf%,$0.00B,$-0.01B,inf%,$0.00B,$-0.01B,inf%,$-0.01B,$0.00B,-640.00%,$-0.01B,$0.00B,-640.00%,$-0.01B,$0.01B,-91.43%,$-0.01B,$0.01B,-200.00%,$0,$0,$-0,$1,$1,$3,$-3,$5,$2,$0,$2,$2,$2,$-2,$-3,$13,13,$0.17,$0.17,$8,$0,$0,$8,$1,$0,$0,$0,$1,$9,$1,$5,$0,$5,$6,$0,$-143,$0,$3,$9,$-1,$0,$-2,$-2,$0,$0,$0,$0,$-0,$-3,$-0,$0,$0,$0,$0,$0,$-0,$-0,$0,$7,$7,$0,$0,$0,$-0,$7,$4,$3,$0
42,2008-03-31,2.62,$-0.20,-13.31,$0.01,184.7,$-2.22,0.0,$-1.10,0.0,$0.01B,$0.00B,3.03,$0.01B,$-0.00B,-4.03,$0.00B,0,nan%,$0.00B,$-0.01B,inf%,$0.00B,$-0.01B,inf%,$0.00B,$-0.01B,inf%,$0.00B,$-0.01B,inf%,$0.00B,$-0.01B,inf%,$-0.01B,$-0.00B,-466.67%,$-0.01B,$-0.00B,-466.67%,$-0.01B,$0.01B,-147.37%,$-0.01B,$0.01B,-200.00%,$0,$0,$-0,$1,$2,$3,$-3,$-0,$-3,$0,$-3,$-3,$-3,$-3,$-3,$12,12,$-0.26,$-0.26,$9,$0,$0,$9,$1,$0,$0,$0,$1,$11,$3,$10,$0,$10,$13,$0,$-145,$0,$-2,$11,$-3,$0,$2,$2,$0,$0,$0,$0,$-0,$-2,$-0,$0,$0,$0,$0,$0,$-0,$-0,$0,$7,$7,$0,$0,$0,$-0,$7,$5,$1,$0
43,2007-12-31,2.44,$-0.21,-11.74,$0.02,135.88,$-2.29,0.0,$-1.09,0.0,$0.00B,$0.00B,1.32,$0.01B,$-0.00B,-2.16,$0.00B,0,nan%,$0.00B,$-0.01B,inf%,$0.00B,$-0.01B,inf%,$0.00B,$-0.01B,inf%,$0.00B,$-0.01B,inf%,$0.00B,$-0.01B,inf%,$-0.01B,$-0.00B,-207.41%,$-0.01B,$-0.00B,-207.41%,$-0.01B,$0.01B,-133.33%,$-0.01B,$0.00B,-169.70%,$0,$0,$-0,$1,$2,$3,$-3,$0,$-3,$0,$-3,$-3,$-3,$-3,$-3,$12,12,$-0.24,$-0.24,$4,$0,$0,$4,$1,$0,$0,$0,$2,$6,$3,$6,$0,$6,$8,$0,$-141,$0,$-3,$6,$-13,$0,$2,$3,$0,$0,$0,$0,$0,$-10,$-1,$0,$0,$0,$0,$0,$0,$-1,$-0,$0,$-0,$1,$1,$0,$0,$1,$-10,$2,$0
44,2007-09-30,4.07,$0.58,7.01,$0.03,157.58,$-1.89,0.0,$-1.84,0.0,$0.01B,$0.00B,4.05,$0.00B,$0.01B,0.0,$0.00B,0,nan%,$0.00B,$-0.02B,inf%,$0.00B,$-0.02B,inf%,$0.00B,$-0.01B,inf%,$0.00B,$-0.02B,inf%,$0.00B,$-0.02B,inf%,$-0.02B,$0.01B,-133.33%,$-0.02B,$0.01B,-133.33%,$-0.02B,$0.01B,-115.38%,$-0.02B,$0.01B,-133.33%,$0,$0,$-0,$2,$2,$4,$-4,$0,$-4,$0,$-4,$-4,$-4,$-3,$-4,$12,12,$-0.29,$-0.29,$6,$0,$1,$7,$1,$0,$0,$0,$2,$9,$2,$0,$0,$0,$2,$0,$-138,$0,$7,$9,$-10,$0,$1,$2,$-0,$0,$0,$-0,$0,$-8,$-1,$0,$0,$0,$0,$0,$0,$-1,$0,$0,$0,$1,$1,$0,$0,$1,$-8,$1,$0
45,2007-06-30,5.87,$0.84,6.97,$0.03,222.56,$-1.40,0.0,$-1.69,0.0,$0.01B,$0.00B,6.82,$0.00B,$0.01B,0.0,$0.00B,0,nan%,$0.00B,$-0.01B,inf%,$0.00B,$-0.01B,inf%,$0.00B,$-0.01B,inf%,$0.00B,$-0.01B,inf%,$0.00B,$-0.01B,inf%,$-0.01B,$0.01B,-114.29%,$-0.01B,$0.01B,-114.29%,$-0.01B,$0.01B,-102.13%,$-0.01B,$0.01B,-114.29%,$0,$0,$-0,$1,$2,$4,$-4,$0,$-4,$0,$-4,$-4,$-4,$-4,$-4,$12,12,$-0.30,$-0.30,$9,$0,$0,$10,$1,$0,$0,$0,$2,$12,$1,$0,$0,$0,$1,$0,$-133,$0,$10,$12,$-7,$0,$1,$1,$0,$0,$0,$0,$1,$-5,$-1,$0,$0,$0,$0,$0,$0,$-1,$0,$0,$0,$1,$1,$0,$0,$1,$-5,$1,$0
46,2007-03-31,6.78,$1.08,6.29,$0.03,221.13,$-1.09,0.0,$-1.50,0.0,$0.01B,$0.00B,9.59,$0.00B,$0.01B,0.0,$0.00B,0,nan%,$0.00B,$-0.01B,inf%,$0.00B,$-0.01B,inf%,$0.00B,$-0.01B,inf%,$0.00B,$-0.01B,inf%,$0.00B,$-0.01B,inf%,$-0.01B,$0.01B,-109.09%,$-0.01B,$0.01B,-109.09%,$-0.01B,$0.02B,-97.30%,$-0.01B,$0.01B,-109.09%,$0,$0,$-0,$1,$2,$3,$-3,$0,$-3,$0,$-3,$-3,$-3,$-3,$-3,$12,12,$-0.26,$-0.26,$13,$0,$0,$13,$1,$0,$0,$0,$2,$15,$1,$0,$0,$0,$1,$0,$-129,$0,$13,$15,$-3,$0,$0,$0,$0,$0,$0,$0,$1,$-2,$-0,$0,$0,$0,$0,$0,$0,$-0,$0,$0,$0,$1,$1,$0,$0,$1,$-2,$0,$0
47,2006-12-31,9.5,$1.30,7.32,$0.05,201.16,$-0.95,0.0,$-1.51,0.0,$0.02B,$0.00B,16.14,$0.00B,$0.02B,0.0,$0.00B,0,nan%,$0.00B,$-0.01B,inf%,$0.00B,$-0.01B,inf%,$0.00B,$-0.01B,inf%,$0.00B,$-0.01B,inf%,$0.00B,$-0.01B,inf%,$-0.01B,$0.02B,-247.62%,$-0.01B,$0.02B,-247.62%,$-0.01B,$0.02B,-216.67%,$-0.01B,$0.02B,-247.62%,$0,$0,$-0,$1,$4,$5,$-4,$0,$-4,$0,$-4,$-4,$-4,$-4,$-4,$9,9,$-0.35,$-0.35,$14,$0,$0,$15,$1,$0,$0,$0,$2,$16,$1,$0,$0,$0,$1,$0,$-128,$0,$15,$16,$-14,$0,$9,$10,$-0,$0,$0,$-1,$0,$-4,$-0,$0,$0,$0,$0,$0,$0,$-0,$-0,$0,$-0,$17,$17,$0,$0,$17,$13,$9,$0
