,Date,Stock Price,Book Value per Share,Price to Book Ratio,TTM Sales per Share,Price to Sales Ratio,TTM FCF per Share,Price to FCF Ratio,TTM Net EPS,PE Ratio,Current Assets,Current Liabilities,Current Ratio,Long Term Debt,Shareholder's Equity_x,Debt to Equity Ratio,TTM Revenue_x,TTM Gross Profit,Gross Margin,TTM Revenue_y,TTM Operating Income,Operating Margin,TTM Revenue_x,TTM EBIT,EBIT Margin,TTM Revenue_y,TTM EBITDA,EBITDA Margin,TTM Revenue_x,TTM Pre-Tax Income,Pre-Tax Margin,TTM Revenue_y,TTM Net Income_x,Net Margin,TTM Net Income_y,Shareholder's Equity_y,Return on Equity,TTM Net Income_x,Tangible Equity,Return on Tangible Equity,TTM Net Income_y,Total Assets,Return on Assets,TTM Net Income,LT Investments & Debt,Return on Investment,revenue,cost-goods-sold,gross-profit,research-development-expenses,selling-general-administrative-expenses,operating-expenses,operating-income,total-non-operating-income-expense,pre-tax-income,total-provision-income-taxes,income-after-taxes,income-from-continuous-operations,net-income,ebitda,ebit,basic-shares-outstanding,shares-outstanding,eps-basic-net-earnings-per-share,eps-earnings-per-share-diluted,cash-on-hand,inventory,other-current-assets,total-current-assets,net-property-plant-equipment,long-term-investments,goodwill-intangible-assets-total,other-long-term-assets,total-long-term-assets,total-assets,total-current-liabilities,long-term-debt,other-non-current-liabilities,total-long-term-liabilities,total-liabilities,common-stock-net,retained-earnings-accumulated-deficit,comprehensive-income,total-share-holder-equity,total-liabilities-share-holders-equity,net-income-loss,total-depreciation-amortization-cash-flow,other-non-cash-items,total-non-cash-items,change-in-accounts-receivable,change-in-inventories,change-in-accounts-payable,change-in-assets-liabilities,total-change-in-assets-liabilities,cash-flow-from-operating-activities,net-change-in-property-plant-equipment,net-change-in-intangible-assets,net-acquisitions-divestitures,net-change-in-short-term-investments,net-change-in-long-term-investments,net-change-in-investments-total,investing-activities-other,cash-flow-from-investing-activities,net-long-term-debt,net-current-debt,debt-issuance-retirement-net-total,net-common-equity-issued-repurchased,net-total-equity-issued-repurchased,total-common-preferred-stock-dividends-paid,financial-activities-other,cash-flow-from-financial-activities,net-cash-flow,stock-based-compensation,common-stock-dividends-paid
0,2018-07-31,39.25,$17.09,2.3,$24.79,1.58,$4.08,9.61,$1.60,24.53,$0.52B,$0.14B,3.83,$0.05B,$0.63B,0.08,$0.93B,$0.24B,26.24%,$0.93B,$0.12B,13.23%,$0.93B,$0.12B,13.23%,$0.93B,$0.15B,16.45%,$0.93B,$0.13B,13.66%,$0.93B,$0.06B,6.56%,$0.06B,$0.63B,9.85%,$0.06B,$0.52B,12.26%,$0.06B,$0.89B,6.65%,$0.12B,$0.68B,17.58%,$223,$163,$60,$0,$30,$195,$29,$-1,$28,$5,$24,$24,$24,$37,$29,$37,38,$0.63,$0.63,$229,$89,$0,$524,$165,$0,$117,$45,$369,$893,$137,$49,$47,$124,$261,$19,$490,$-4,$632,$893,$24,$8,$2,$10,$6,$-6,$0,$-3,$-14,$20,$-18,$0,$0,$0,$0,$0,$0,$-18,$-4,$0,$-4,$0,$0,$-4,$-2,$-9,$-18,$2,$-4
1,2018-04-30,39.79,$17.10,2.33,$24.21,1.64,$4.45,8.94,$1.52,26.18,$0.55B,$0.16B,3.5,$0.05B,$0.63B,0.09,$0.91B,$0.24B,26.43%,$0.91B,$0.12B,13.11%,$0.91B,$0.12B,13.11%,$0.91B,$0.15B,16.19%,$0.91B,$0.12B,13.66%,$0.91B,$0.06B,6.39%,$0.06B,$0.63B,9.54%,$0.06B,$0.51B,11.44%,$0.06B,$0.92B,6.52%,$0.12B,$0.68B,17.28%,$249,$187,$62,$0,$32,$221,$28,$3,$31,$-6,$37,$37,$37,$36,$28,$37,38,$0.99,$0.98,$246,$84,$0,$550,$162,$0,$120,$41,$366,$916,$157,$53,$47,$129,$286,$19,$472,$14,$630,$916,$57,$28,$-10,$18,$3,$-7,$0,$7,$43,$118,$-48,$-1,$-131,$0,$0,$0,$0,$-179,$2,$0,$2,$0,$0,$-15,$-0,$-13,$-48,$4,$-15
2,2018-01-31,40.62,$16.48,2.47,$23.44,1.73,$5.86,6.93,$1.16,35.02,$0.61B,$0.15B,4.03,$0.12B,$0.61B,0.19,$0.88B,$0.23B,26.51%,$0.88B,$0.12B,13.31%,$0.88B,$0.12B,13.31%,$0.88B,$0.14B,16.38%,$0.88B,$0.12B,13.77%,$0.88B,$0.04B,5.01%,$0.04B,$0.61B,7.51%,$0.04B,$0.48B,8.58%,$0.04B,$0.96B,5.26%,$0.12B,$0.72B,17.73%,$228,$168,$60,$0,$23,$192,$36,$4,$39,$63,$-24,$-24,$-24,$43,$36,$37,37,$-0.65,$-0.65,$304,$84,$0,$605,$154,$0,$125,$40,$355,$960,$150,$116,$57,$202,$353,$19,$439,$25,$607,$960,$20,$20,$-10,$10,$6,$-6,$0,$15,$57,$87,$-35,$-1,$-130,$0,$0,$0,$0,$-165,$68,$0,$68,$0,$0,$-11,$-0,$58,$10,$3,$-11
3,2017-10-31,46.52,$16.47,2.82,$22.55,2.06,$6.95,6.69,$2.44,19.06,$0.57B,$0.15B,3.74,$0.11B,$0.61B,0.17,$0.85B,$0.23B,26.68%,$0.85B,$0.11B,12.99%,$0.85B,$0.11B,12.99%,$0.85B,$0.14B,16.06%,$0.85B,$0.11B,13.22%,$0.85B,$0.09B,10.86%,$0.09B,$0.61B,16.39%,$0.09B,$0.48B,17.79%,$0.09B,$0.90B,12.06%,$0.11B,$0.71B,17.87%,$230,$168,$62,$0,$31,$200,$30,$-1,$29,$5,$24,$24,$24,$37,$30,$37,38,$0.65,$0.64,$259,$78,$0,$569,$127,$0,$123,$35,$329,$898,$152,$106,$8,$139,$292,$19,$467,$-8,$607,$898,$45,$13,$7,$20,$-16,$-3,$0,$-4,$-20,$45,$-16,$0,$-130,$0,$0,$0,$0,$-146,$58,$0,$58,$0,$0,$-7,$-0,$51,$-35,$7,$-7
4,2017-07-31,39.34,$16.01,2.46,$22.01,1.79,$7.63,5.16,$2.46,15.99,$0.55B,$0.13B,4.32,$0.05B,$0.59B,0.08,$0.83B,$0.22B,26.63%,$0.83B,$0.11B,13.20%,$0.83B,$0.11B,13.20%,$0.83B,$0.13B,16.22%,$0.83B,$0.11B,13.80%,$0.83B,$0.09B,11.26%,$0.09B,$0.59B,17.46%,$0.09B,$0.55B,17.99%,$0.09B,$0.78B,13.19%,$0.11B,$0.64B,19.02%,$201,$146,$56,$0,$30,$176,$25,$-1,$25,$4,$21,$21,$21,$31,$25,$37,38,$0.55,$0.55,$298,$65,$0,$547,$117,$0,$36,$38,$237,$783,$127,$48,$6,$68,$194,$19,$447,$-1,$589,$783,$21,$6,$4,$10,$15,$-2,$0,$-9,$-7,$24,$-8,$0,$-22,$0,$0,$0,$0,$-30,$-2,$0,$-2,$0,$0,$-3,$-0,$-6,$4,$4,$-3
5,2017-04-30,44.0,$14.71,2.99,$21.78,2.02,$8.02,5.49,$2.48,17.74,$0.53B,$0.12B,4.26,$0.03B,$0.54B,0.05,$0.82B,$0.22B,26.68%,$0.82B,$0.11B,13.59%,$0.82B,$0.11B,13.59%,$0.82B,$0.14B,16.65%,$0.82B,$0.12B,14.20%,$0.82B,$0.09B,11.38%,$0.09B,$0.54B,18.34%,$0.09B,$0.53B,18.68%,$0.09B,$0.70B,13.81%,$0.11B,$0.57B,20.23%,$220,$165,$55,$0,$29,$194,$26,$2,$28,$5,$23,$23,$23,$33,$26,$37,37,$0.62,$0.62,$294,$58,$0,$530,$91,$0,$8,$35,$174,$704,$124,$27,$3,$39,$163,$19,$427,$-26,$541,$704,$93,$24,$9,$33,$6,$7,$0,$-5,$19,$145,$-22,$0,$0,$0,$1,$1,$0,$-22,$-30,$0,$-30,$-7,$-7,$-14,$4,$-47,$66,$12,$-14
6,2017-01-31,41.44,$13.81,3.0,$21.45,1.93,$7.02,5.9,$2.46,16.85,$0.50B,$0.11B,4.49,$0.04B,$0.51B,0.07,$0.81B,$0.22B,27.65%,$0.81B,$0.12B,14.32%,$0.81B,$0.12B,14.32%,$0.81B,$0.14B,16.79%,$0.81B,$0.12B,14.57%,$0.81B,$0.09B,11.48%,$0.09B,$0.51B,19.01%,$0.09B,$0.50B,19.40%,$0.09B,$0.67B,14.06%,$0.12B,$0.55B,21.54%,$196,$142,$53,$0,$24,$167,$29,$1,$30,$7,$24,$24,$24,$35,$29,$37,37,$0.64,$0.63,$269,$62,$0,$499,$88,$0,$9,$36,$168,$667,$111,$37,$2,$48,$159,$19,$407,$-32,$508,$667,$70,$18,$10,$27,$17,$3,$0,$-8,$10,$107,$-13,$0,$0,$0,$0,$0,$0,$-13,$-20,$0,$-20,$-7,$-7,$-10,$-1,$-38,$41,$10,$-10
7,2016-10-31,30.68,$13.41,2.29,$21.05,1.46,$6.26,4.9,$2.28,13.46,$0.50B,$0.11B,4.36,$0.05B,$0.49B,0.1,$0.80B,$0.22B,27.41%,$0.80B,$0.11B,13.64%,$0.80B,$0.11B,13.64%,$0.80B,$0.13B,16.40%,$0.80B,$0.11B,13.89%,$0.80B,$0.09B,10.76%,$0.09B,$0.49B,18.24%,$0.09B,$0.48B,18.64%,$0.09B,$0.67B,13.27%,$0.11B,$0.54B,20.75%,$209,$154,$56,$0,$26,$180,$29,$2,$31,$6,$25,$25,$25,$35,$29,$37,38,$0.66,$0.66,$250,$61,$0,$497,$89,$0,$9,$35,$169,$667,$114,$49,$2,$60,$174,$19,$387,$-23,$493,$667,$46,$12,$7,$19,$0,$5,$0,$-7,$-1,$64,$-10,$0,$0,$0,$0,$0,$0,$-10,$-8,$0,$-8,$-8,$-8,$-7,$-1,$-24,$22,$7,$-7
8,2016-07-31,34.36,$13.15,2.61,$20.81,1.65,$5.83,5.89,$2.16,15.91,$0.49B,$0.11B,4.64,$0.05B,$0.49B,0.11,$0.80B,$0.21B,26.82%,$0.80B,$0.11B,13.28%,$0.80B,$0.11B,13.28%,$0.80B,$0.13B,16.29%,$0.80B,$0.11B,13.41%,$0.80B,$0.08B,10.28%,$0.08B,$0.49B,17.65%,$0.08B,$0.48B,18.07%,$0.08B,$0.66B,12.94%,$0.11B,$0.54B,20.72%,$192,$138,$54,$0,$27,$165,$27,$0,$27,$6,$21,$21,$21,$33,$27,$37,37,$0.57,$0.57,$249,$66,$0,$488,$90,$0,$10,$31,$168,$656,$105,$54,$3,$65,$170,$19,$376,$-15,$486,$656,$21,$6,$4,$9,$18,$-1,$0,$-5,$4,$34,$-4,$0,$0,$0,$0,$0,$0,$-4,$-3,$0,$-3,$1,$1,$-3,$0,$-5,$22,$4,$-3
9,2016-04-30,29.09,$12.76,2.28,$20.90,1.39,$5.36,5.42,$2.19,13.28,$0.50B,$0.12B,4.21,$0.06B,$0.47B,0.12,$0.81B,$0.21B,26.45%,$0.81B,$0.11B,13.47%,$0.81B,$0.11B,13.47%,$0.81B,$0.13B,16.56%,$0.81B,$0.11B,13.72%,$0.81B,$0.09B,10.51%,$0.09B,$0.47B,18.46%,$0.09B,$0.46B,18.92%,$0.09B,$0.66B,13.78%,$0.11B,$0.53B,22.04%,$213,$152,$61,$0,$27,$181,$31,$-1,$30,$8,$23,$23,$23,$33,$31,$38,38,$0.61,$0.61,$228,$66,$0,$496,$93,$0,$11,$28,$160,$656,$118,$57,$3,$68,$186,$19,$359,$-8,$470,$656,$85,$24,$15,$39,$-6,$5,$0,$0,$-13,$111,$-23,$0,$0,$0,$2,$2,$0,$-22,$52,$0,$52,$-62,$-62,$-14,$-6,$-29,$60,$7,$-14
10,2016-01-31,25.42,$11.84,2.15,$21.15,1.2,$5.65,4.5,$2.27,11.2,$0.45B,$0.11B,4.15,$0.06B,$0.44B,0.13,$0.82B,$0.21B,24.91%,$0.82B,$0.09B,11.18%,$0.82B,$0.09B,11.18%,$0.82B,$0.13B,15.67%,$0.82B,$0.10B,12.64%,$0.82B,$0.09B,10.81%,$0.09B,$0.44B,19.44%,$0.09B,$0.43B,19.97%,$0.09B,$0.61B,14.73%,$0.09B,$0.49B,19.22%,$185,$137,$48,$0,$26,$163,$22,$1,$23,$6,$17,$17,$17,$30,$22,$38,38,$0.45,$0.45,$202,$72,$0,$454,$92,$0,$11,$29,$159,$613,$109,$55,$3,$66,$176,$19,$342,$-24,$437,$613,$62,$23,$0,$23,$0,$0,$0,$-1,$-1,$84,$-17,$0,$0,$0,$0,$0,$0,$-17,$50,$0,$50,$-59,$-59,$-10,$-4,$-23,$34,$0,$-10
11,2015-10-31,32.39,$12.19,2.66,$21.53,1.5,$6.32,5.12,$2.50,12.96,$0.45B,$0.11B,4.04,$0.02B,$0.47B,0.05,$0.84B,$0.21B,25.24%,$0.84B,$0.11B,12.44%,$0.84B,$0.11B,12.44%,$0.84B,$0.14B,16.71%,$0.84B,$0.12B,13.74%,$0.84B,$0.10B,11.73%,$0.10B,$0.47B,21.70%,$0.10B,$0.45B,22.46%,$0.10B,$0.61B,16.56%,$0.11B,$0.49B,22.41%,$208,$158,$51,$0,$25,$182,$26,$1,$27,$6,$21,$21,$21,$34,$26,$39,39,$0.55,$0.54,$187,$66,$0,$450,$91,$0,$12,$28,$160,$610,$112,$22,$4,$34,$145,$20,$364,$-16,$465,$610,$45,$14,$0,$14,$0,$0,$0,$-10,$-10,$49,$-10,$0,$0,$0,$0,$0,$0,$-10,$17,$0,$17,$-22,$-22,$-7,$-4,$-16,$19,$0,$-7
12,2015-07-31,26.01,$12.22,2.13,$22.01,1.18,$6.64,3.92,$2.62,9.93,$0.43B,$0.10B,4.11,$0.00B,$0.47B,0.0,$0.87B,$0.22B,25.64%,$0.87B,$0.11B,13.16%,$0.87B,$0.11B,13.16%,$0.87B,$0.15B,17.21%,$0.87B,$0.12B,14.32%,$0.87B,$0.10B,12.01%,$0.10B,$0.47B,23.33%,$0.10B,$0.46B,24.36%,$0.10B,$0.59B,17.51%,$0.11B,$0.47B,24.78%,$203,$150,$54,$0,$23,$173,$30,$1,$31,$7,$24,$24,$24,$37,$30,$39,39,$0.60,$0.60,$168,$70,$0,$427,$90,$0,$12,$31,$161,$588,$104,$2,$4,$14,$118,$20,$377,$-14,$470,$588,$24,$7,$0,$7,$0,$0,$0,$-11,$-11,$19,$-6,$0,$0,$0,$0,$0,$0,$-6,$-3,$0,$-3,$0,$0,$-4,$-3,$-10,$-0,$0,$-4
13,2015-04-30,41.02,$11.97,3.43,$22.44,1.83,$7.07,5.8,$2.57,15.96,$0.44B,$0.13B,3.36,$0.01B,$0.46B,0.01,$0.88B,$0.22B,24.86%,$0.88B,$0.11B,12.71%,$0.88B,$0.11B,12.71%,$0.88B,$0.15B,16.69%,$0.88B,$0.12B,13.73%,$0.88B,$0.10B,11.46%,$0.10B,$0.46B,23.47%,$0.10B,$0.45B,24.75%,$0.10B,$0.61B,17.09%,$0.11B,$0.46B,24.70%,$227,$175,$52,$0,$25,$213,$14,$8,$23,$-4,$27,$27,$27,$28,$14,$39,39,$0.69,$0.68,$168,$71,$0,$438,$93,$0,$13,$29,$168,$606,$131,$5,$4,$16,$147,$20,$357,$-8,$459,$606,$101,$35,$-4,$31,$-9,$-2,$0,$-2,$-9,$123,$-23,$0,$0,$0,$11,$11,$0,$-11,$-43,$0,$-43,$4,$4,$-14,$4,$-49,$52,$4,$-14
14,2015-01-31,34.87,$11.24,3.1,$22.54,1.55,$5.65,6.17,$3.14,11.11,$0.42B,$0.13B,3.32,$0.02B,$0.43B,0.05,$0.88B,$0.21B,23.89%,$0.88B,$0.12B,13.42%,$0.88B,$0.12B,13.42%,$0.88B,$0.15B,16.50%,$0.88B,$0.12B,13.88%,$0.88B,$0.12B,13.88%,$0.12B,$0.43B,29.50%,$0.12B,$0.41B,31.44%,$0.12B,$0.59B,20.91%,$0.12B,$0.45B,26.37%,$206,$150,$56,$0,$22,$171,$35,$1,$35,$8,$27,$27,$27,$42,$35,$39,40,$0.69,$0.68,$168,$84,$0,$415,$93,$0,$25,$30,$173,$588,$125,$20,$5,$32,$157,$20,$333,$-8,$431,$588,$75,$21,$0,$21,$0,$0,$0,$13,$13,$109,$-13,$0,$0,$0,$0,$0,$0,$-13,$-28,$0,$-28,$6,$6,$-10,$0,$-32,$51,$0,$-10
15,2014-10-31,37.87,$11.02,3.44,$22.27,1.7,$3.91,9.69,$2.84,13.34,$0.41B,$0.13B,3.18,$0.03B,$0.42B,0.07,$0.86B,$0.19B,22.36%,$0.86B,$0.10B,11.47%,$0.86B,$0.10B,11.47%,$0.86B,$0.13B,14.60%,$0.86B,$0.10B,11.94%,$0.86B,$0.11B,12.75%,$0.11B,$0.42B,28.12%,$0.11B,$0.40B,30.14%,$0.11B,$0.59B,19.53%,$0.10B,$0.45B,22.88%,$230,$170,$60,$0,$25,$195,$35,$-0,$35,$9,$26,$26,$26,$42,$35,$39,40,$0.67,$0.66,$144,$75,$0,$413,$97,$0,$25,$28,$181,$594,$130,$30,$4,$41,$171,$20,$310,$9,$423,$594,$47,$14,$0,$14,$0,$0,$0,$2,$2,$63,$-11,$0,$0,$0,$0,$0,$0,$-11,$-18,$0,$-18,$6,$6,$-7,$0,$-19,$28,$0,$-7
16,2014-07-31,30.68,$10.69,2.87,$21.42,1.43,$2.95,10.38,$2.69,11.4,$0.39B,$0.12B,3.24,$0.04B,$0.41B,0.09,$0.82B,$0.17B,21.12%,$0.82B,$0.09B,10.44%,$0.82B,$0.09B,10.44%,$0.82B,$0.11B,13.59%,$0.82B,$0.09B,10.80%,$0.82B,$0.10B,12.62%,$0.10B,$0.41B,28.26%,$0.10B,$0.38B,30.50%,$0.10B,$0.58B,19.25%,$0.09B,$0.45B,20.72%,$218,$168,$51,$0,$22,$190,$28,$0,$28,$7,$21,$21,$21,$35,$28,$38,39,$0.56,$0.55,$136,$74,$0,$386,$100,$0,$26,$28,$190,$576,$119,$38,$4,$49,$168,$20,$287,$19,$408,$576,$21,$7,$0,$7,$0,$0,$0,$5,$5,$33,$-3,$0,$0,$0,$0,$0,$0,$-3,$-10,$0,$-10,$5,$5,$-3,$0,$-9,$19,$0,$-3
17,2014-04-30,26.54,$10.34,2.57,$20.15,1.32,$2.16,12.26,$2.50,10.62,$0.38B,$0.12B,3.21,$0.05B,$0.39B,0.12,$0.77B,$0.16B,20.31%,$0.77B,$0.07B,9.44%,$0.77B,$0.07B,9.44%,$0.77B,$0.10B,12.81%,$0.77B,$0.08B,9.83%,$0.77B,$0.10B,12.55%,$0.10B,$0.39B,28.34%,$0.10B,$0.37B,30.84%,$0.10B,$0.58B,18.84%,$0.07B,$0.44B,18.58%,$225,$182,$43,$0,$19,$204,$20,$3,$24,$-24,$48,$48,$48,$26,$20,$38,38,$1.27,$1.26,$116,$72,$0,$382,$101,$0,$26,$27,$194,$576,$119,$48,$3,$64,$183,$20,$269,$25,$392,$576,$96,$26,$-26,$-0,$-50,$-11,$0,$0,$-24,$72,$-29,$0,$0,$0,$6,$6,$0,$-23,$5,$0,$5,$5,$5,$-11,$0,$-1,$51,$3,$-11
18,2014-01-31,32.1,$9.02,3.56,$18.18,1.77,$0.89,36.2,$1.52,21.12,$0.33B,$0.10B,3.29,$0.05B,$0.34B,0.15,$0.70B,$0.14B,20.40%,$0.70B,$0.06B,8.19%,$0.70B,$0.06B,8.19%,$0.70B,$0.08B,11.49%,$0.70B,$0.06B,7.90%,$0.70B,$0.06B,8.48%,$0.06B,$0.34B,18.63%,$0.06B,$0.31B,20.49%,$0.06B,$0.51B,12.30%,$0.06B,$0.39B,15.56%,$190,$151,$39,$0,$22,$173,$16,$-0,$16,$1,$15,$15,$15,$23,$16,$38,38,$0.38,$0.38,$97,$79,$0,$325,$103,$0,$28,$51,$182,$507,$99,$50,$3,$66,$165,$20,$225,$20,$342,$507,$48,$20,$0,$20,$0,$0,$0,$-19,$-19,$49,$-24,$0,$0,$0,$0,$0,$0,$-24,$7,$0,$7,$5,$5,$-8,$0,$4,$31,$0,$-8
19,2013-10-31,24.34,$8.83,2.76,$16.49,1.48,$0.29,84.12,$1.23,19.79,$0.32B,$0.11B,2.98,$0.05B,$0.33B,0.16,$0.63B,$0.12B,19.55%,$0.63B,$0.05B,7.15%,$0.63B,$0.05B,7.15%,$0.63B,$0.07B,10.49%,$0.63B,$0.04B,6.84%,$0.63B,$0.05B,7.47%,$0.05B,$0.33B,15.56%,$0.05B,$0.30B,17.30%,$0.05B,$0.50B,10.32%,$0.05B,$0.38B,12.89%,$191,$150,$41,$0,$20,$169,$22,$-1,$21,$1,$20,$20,$20,$28,$22,$38,38,$0.52,$0.51,$88,$69,$0,$318,$103,$0,$29,$53,$185,$502,$107,$52,$3,$66,$172,$19,$213,$24,$330,$502,$34,$13,$0,$13,$0,$0,$0,$-16,$-16,$31,$-17,$0,$0,$0,$0,$0,$0,$-17,$-14,$22,$8,$2,$2,$-5,$0,$5,$22,$0,$-5
20,2013-07-31,17.88,$8.20,2.18,$14.94,1.2,$-0.11,0.0,$1.34,13.34,$0.29B,$0.10B,2.83,$0.05B,$0.31B,0.17,$0.57B,$0.10B,18.31%,$0.57B,$0.05B,8.80%,$0.57B,$0.05B,8.80%,$0.57B,$0.07B,12.32%,$0.57B,$0.05B,8.63%,$0.57B,$0.05B,8.80%,$0.05B,$0.31B,17.30%,$0.05B,$0.28B,19.46%,$0.05B,$0.47B,11.48%,$0.05B,$0.36B,14.95%,$167,$133,$34,$0,$19,$152,$15,$-0,$15,$1,$14,$14,$14,$22,$15,$38,38,$0.36,$0.36,$73,$69,$0,$292,$100,$0,$29,$52,$182,$474,$103,$53,$4,$65,$169,$19,$195,$18,$305,$474,$14,$7,$0,$7,$0,$0,$0,$-12,$-12,$9,$-9,$0,$0,$0,$0,$0,$0,$-9,$9,$0,$9,$1,$1,$-3,$0,$7,$8,$0,$-3
21,2013-04-30,13.51,$7.80,1.73,$13.70,0.99,$-0.23,0.0,$1.08,12.51,$0.26B,$0.09B,2.86,$0.04B,$0.29B,0.15,$0.52B,$0.09B,17.50%,$0.52B,$0.04B,7.50%,$0.52B,$0.04B,7.50%,$0.52B,$0.06B,10.96%,$0.52B,$0.04B,7.31%,$0.52B,$0.04B,7.69%,$0.04B,$0.29B,14.52%,$0.04B,$0.26B,16.49%,$0.04B,$0.44B,9.56%,$0.04B,$0.33B,12.12%,$148,$121,$28,$0,$18,$145,$4,$-1,$3,$-7,$10,$10,$10,$7,$4,$37,38,$0.28,$0.27,$66,$60,$0,$259,$98,$0,$29,$34,$176,$435,$90,$44,$3,$55,$145,$19,$184,$16,$290,$435,$40,$19,$1,$19,$-21,$-16,$0,$9,$-27,$33,$-39,$0,$-1,$0,$0,$0,$0,$-40,$-5,$0,$-5,$1,$1,$-10,$0,$-14,$-21,$3,$-10
22,2013-01-31,8.94,$7.64,1.17,$13.15,0.68,$-0.11,0.0,$0.96,9.32,$0.23B,$0.08B,2.96,$0.04B,$0.28B,0.14,$0.50B,$0.09B,17.27%,$0.50B,$0.04B,8.03%,$0.50B,$0.04B,8.03%,$0.50B,$0.06B,11.24%,$0.50B,$0.04B,8.23%,$0.50B,$0.04B,7.23%,$0.04B,$0.28B,13.50%,$0.04B,$0.25B,15.45%,$0.04B,$0.41B,8.77%,$0.04B,$0.32B,12.73%,$123,$103,$20,$0,$16,$119,$4,$-0,$4,$1,$3,$3,$3,$9,$4,$37,38,$0.09,$0.09,$73,$54,$0,$233,$93,$0,$34,$50,$178,$411,$79,$40,$3,$49,$128,$19,$177,$18,$283,$411,$30,$15,$0,$15,$0,$0,$0,$-13,$-13,$33,$-30,$0,$-1,$0,$0,$0,$0,$-31,$-8,$0,$-8,$0,$0,$-8,$0,$-16,$-13,$0,$-8
23,2012-10-31,9.26,$7.50,1.24,$12.90,0.72,$-0.31,0.0,$0.89,10.41,$0.25B,$0.09B,2.77,$0.05B,$0.28B,0.17,$0.49B,$0.09B,17.45%,$0.49B,$0.04B,7.80%,$0.49B,$0.04B,7.80%,$0.49B,$0.06B,11.29%,$0.49B,$0.04B,8.01%,$0.49B,$0.03B,6.98%,$0.03B,$0.28B,13.14%,$0.03B,$0.24B,15.11%,$0.03B,$0.42B,8.51%,$0.04B,$0.32B,12.42%,$130,$107,$22,$0,$15,$103,$27,$-1,$27,$3,$23,$23,$23,$32,$27,$37,38,$0.62,$0.62,$77,$51,$0,$249,$90,$0,$35,$49,$174,$422,$90,$46,$3,$55,$145,$19,$176,$14,$278,$422,$27,$11,$0,$11,$0,$0,$0,$-15,$-15,$23,$-24,$0,$-1,$0,$0,$0,$0,$-25,$-27,$25,$-2,$0,$0,$-5,$0,$-7,$-10,$0,$-5
24,2012-07-31,7.94,$6.76,1.17,$12.57,0.63,$-0.48,0.0,$0.28,28.36,$0.24B,$0.09B,2.68,$0.06B,$0.25B,0.23,$0.47B,$0.08B,17.76%,$0.47B,$0.01B,2.96%,$0.47B,$0.01B,2.96%,$0.47B,$0.03B,6.55%,$0.47B,$0.01B,2.96%,$0.47B,$0.01B,2.33%,$0.01B,$0.25B,4.34%,$0.01B,$0.22B,5.00%,$0.01B,$0.41B,2.84%,$0.01B,$0.31B,4.69%,$119,$97,$21,$0,$17,$115,$4,$0,$4,$0,$4,$4,$4,$9,$4,$37,38,$0.10,$0.10,$85,$47,$0,$240,$81,$0,$33,$51,$165,$405,$90,$57,$3,$65,$155,$19,$155,$9,$251,$405,$4,$5,$0,$5,$0,$0,$0,$-3,$-3,$6,$-11,$0,$0,$0,$0,$0,$0,$-11,$9,$0,$9,$0,$0,$-3,$0,$6,$-2,$0,$-3
25,2012-04-30,7.5,$6.89,1.09,$12.39,0.61,$-0.29,0.0,$0.22,34.09,$0.24B,$0.09B,2.62,$0.05B,$0.26B,0.19,$0.47B,$0.08B,17.85%,$0.47B,$0.01B,2.37%,$0.47B,$0.01B,2.37%,$0.47B,$0.03B,6.02%,$0.47B,$0.01B,2.37%,$0.47B,$0.01B,1.72%,$0.01B,$0.26B,3.13%,$0.01B,$0.22B,3.61%,$0.01B,$0.40B,2.13%,$0.01B,$0.30B,3.75%,$126,$103,$23,$0,$16,$121,$5,$0,$6,$-0,$6,$6,$6,$6,$5,$37,38,$0.15,$0.15,$87,$44,$0,$240,$77,$0,$33,$38,$163,$404,$92,$48,$3,$57,$148,$19,$154,$16,$255,$404,$8,$16,$2,$18,$-13,$-3,$0,$-10,$-2,$25,$-26,$0,$-6,$0,$0,$0,$0,$-32,$48,$0,$48,$0,$0,$-10,$0,$38,$29,$4,$-10
26,2012-01-31,8.67,$6.77,1.28,$12.18,0.71,$-0.22,0.0,$0.33,26.28,$0.22B,$0.07B,3.2,$0.04B,$0.25B,0.16,$0.46B,$0.09B,19.00%,$0.46B,$0.01B,2.62%,$0.46B,$0.01B,2.62%,$0.46B,$0.03B,6.55%,$0.46B,$0.01B,2.18%,$0.46B,$0.01B,2.62%,$0.01B,$0.25B,4.67%,$0.01B,$0.22B,5.39%,$0.01B,$0.37B,3.35%,$0.01B,$0.29B,4.24%,$112,$93,$19,$0,$17,$110,$2,$-0,$2,$1,$1,$1,$1,$8,$2,$37,38,$0.02,$0.02,$77,$44,$0,$220,$69,$0,$33,$46,$148,$368,$69,$40,$4,$49,$117,$19,$151,$15,$251,$368,$2,$15,$0,$15,$0,$0,$0,$-6,$-6,$12,$-17,$0,$-6,$0,$0,$0,$0,$-23,$40,$0,$40,$0,$0,$-8,$0,$32,$19,$0,$-8
27,2011-10-31,8.0,$6.94,1.15,$11.91,0.67,$0.16,48.63,$0.47,17.01,$0.23B,$0.07B,3.39,$0.04B,$0.26B,0.14,$0.45B,$0.09B,19.42%,$0.45B,$0.01B,3.13%,$0.45B,$0.01B,3.13%,$0.45B,$0.03B,6.92%,$0.45B,$0.01B,2.68%,$0.45B,$0.02B,3.79%,$0.02B,$0.26B,6.63%,$0.02B,$0.22B,7.61%,$0.02B,$0.37B,4.89%,$0.01B,$0.29B,5.14%,$116,$95,$21,$0,$18,$113,$3,$-0,$2,$2,$0,$0,$0,$8,$3,$37,38,$0.01,$0.01,$76,$41,$0,$226,$67,$0,$34,$43,$144,$370,$67,$37,$5,$47,$113,$19,$153,$21,$257,$370,$2,$10,$0,$10,$0,$0,$0,$-10,$-10,$2,$-9,$0,$-6,$0,$0,$0,$0,$-15,$37,$0,$37,$0,$0,$-5,$0,$32,$18,$0,$-5
28,2011-07-31,8.96,$7.01,1.28,$11.73,0.76,$0.31,28.6,$0.45,19.91,$0.22B,$0.07B,3.44,$0.03B,$0.26B,0.1,$0.44B,$0.09B,20.45%,$0.44B,$0.01B,2.95%,$0.44B,$0.01B,2.95%,$0.44B,$0.03B,6.59%,$0.44B,$0.01B,2.27%,$0.44B,$0.02B,3.64%,$0.02B,$0.26B,6.31%,$0.02B,$0.23B,7.22%,$0.02B,$0.36B,4.70%,$0.01B,$0.29B,5.00%,$111,$91,$20,$0,$19,$109,$1,$0,$1,$0,$1,$1,$1,$6,$1,$37,38,$0.04,$0.04,$84,$40,$0,$223,$62,$0,$34,$42,$139,$361,$65,$27,$5,$37,$102,$19,$155,$21,$259,$361,$1,$5,$0,$5,$0,$0,$0,$-0,$-0,$7,$-5,$0,$0,$0,$0,$0,$0,$-5,$27,$0,$27,$0,$0,$-3,$0,$25,$27,$0,$-3
29,2011-04-30,10.33,$7.06,1.46,$11.43,0.9,$0.15,69.08,$0.52,19.87,$0.20B,$0.06B,3.09,$0.00B,$0.26B,0.0,$0.43B,$0.09B,20.79%,$0.43B,$0.02B,3.74%,$0.43B,$0.02B,3.74%,$0.43B,$0.03B,7.24%,$0.43B,$0.01B,3.27%,$0.43B,$0.02B,4.44%,$0.02B,$0.26B,7.63%,$0.02B,$0.23B,8.72%,$0.02B,$0.34B,5.78%,$0.02B,$0.26B,6.43%,$119,$93,$27,$0,$18,$114,$6,$-1,$5,$-4,$9,$9,$10,$8,$6,$37,38,$0.27,$0.26,$57,$39,$0,$196,$62,$0,$35,$38,$139,$335,$63,$0,$6,$10,$74,$19,$156,$23,$261,$335,$19,$16,$-5,$11,$-18,$-9,$0,$14,$-13,$17,$-15,$0,$-2,$0,$0,$0,$2,$-16,$0,$0,$0,$1,$1,$-10,$0,$-9,$-6,$3,$-10
30,2011-01-31,9.76,$6.74,1.45,$10.89,0.9,$0.59,16.59,$0.70,13.95,$0.20B,$0.07B,3.01,$0.00B,$0.25B,0.0,$0.41B,$0.09B,20.94%,$0.41B,$0.02B,4.19%,$0.41B,$0.02B,4.19%,$0.41B,$0.03B,8.13%,$0.41B,$0.02B,3.94%,$0.41B,$0.03B,6.16%,$0.03B,$0.25B,10.26%,$0.03B,$0.22B,11.70%,$0.03B,$0.33B,7.75%,$0.02B,$0.25B,6.97%,$102,$83,$19,$0,$15,$98,$4,$0,$4,$-1,$6,$6,$6,$9,$4,$37,38,$0.16,$0.16,$69,$42,$0,$201,$62,$0,$29,$34,$126,$326,$67,$0,$8,$11,$77,$19,$149,$21,$249,$326,$9,$14,$1,$15,$0,$0,$0,$-5,$-5,$20,$-10,$0,$-1,$0,$0,$0,$2,$-9,$0,$0,$0,$1,$1,$-8,$0,$-7,$6,$0,$-8
31,2010-10-31,7.59,$6.64,1.14,$10.64,0.71,$0.55,13.86,$0.42,18.07,$0.22B,$0.08B,2.62,$0.00B,$0.25B,0.0,$0.39B,$0.08B,20.56%,$0.39B,$0.01B,2.79%,$0.39B,$0.01B,2.79%,$0.39B,$0.03B,6.60%,$0.39B,$0.01B,2.54%,$0.39B,$0.02B,3.81%,$0.02B,$0.25B,6.28%,$0.02B,$0.22B,7.20%,$0.02B,$0.34B,4.75%,$0.01B,$0.25B,4.61%,$108,$84,$24,$0,$21,$105,$2,$-2,$0,$1,$-0,$-0,$-1,$6,$2,$37,37,$-0.01,$-0.01,$77,$35,$0,$216,$62,$0,$30,$34,$125,$340,$82,$0,$11,$14,$96,$19,$145,$22,$245,$340,$4,$8,$1,$10,$0,$0,$0,$-9,$-9,$4,$-6,$0,$-1,$0,$0,$0,$2,$-5,$18,$0,$18,$0,$0,$-5,$0,$13,$13,$0,$-5
32,2010-07-31,8.59,$6.54,1.31,$10.44,0.82,$0.86,9.97,$0.49,17.53,$0.19B,$0.06B,3.15,$0.00B,$0.24B,0.0,$0.39B,$0.08B,20.47%,$0.39B,$0.01B,2.85%,$0.39B,$0.01B,2.85%,$0.39B,$0.03B,7.25%,$0.39B,$0.01B,3.11%,$0.39B,$0.02B,4.66%,$0.02B,$0.24B,7.57%,$0.02B,$0.21B,8.71%,$0.02B,$0.31B,5.82%,$0.01B,$0.24B,4.63%,$99,$80,$19,$0,$16,$95,$4,$1,$5,$1,$4,$4,$4,$8,$4,$37,37,$0.11,$0.11,$56,$34,$0,$188,$60,$0,$30,$36,$126,$313,$60,$0,$11,$13,$72,$19,$148,$15,$241,$313,$4,$4,$0,$4,$0,$0,$0,$-11,$-11,$-2,$-2,$0,$0,$0,$-1,$-1,$0,$-3,$0,$0,$0,$0,$0,$-3,$0,$-3,$-7,$0,$-3
33,2010-04-30,8.81,$6.52,1.35,$10.25,0.86,$1.09,8.06,$0.38,23.18,$0.19B,$0.06B,3.14,$0.00B,$0.24B,0.0,$0.38B,$0.08B,21.16%,$0.38B,$0.01B,2.12%,$0.38B,$0.01B,2.12%,$0.38B,$0.03B,7.14%,$0.38B,$0.01B,1.85%,$0.38B,$0.01B,3.70%,$0.01B,$0.24B,5.91%,$0.01B,$0.21B,6.81%,$0.01B,$0.31B,4.55%,$0.01B,$0.24B,3.38%,$97,$74,$23,$0,$13,$90,$7,$1,$7,$-9,$16,$16,$16,$10,$7,$37,37,$0.43,$0.43,$64,$30,$0,$185,$62,$0,$31,$30,$126,$311,$59,$0,$10,$12,$71,$19,$147,$16,$240,$311,$14,$19,$6,$25,$-12,$1,$0,$-0,$-12,$27,$-9,$-1,$-0,$0,$0,$0,$2,$-8,$0,$0,$0,$0,$0,$-10,$-0,$-10,$10,$1,$-10
34,2010-01-31,8.62,$6.21,1.39,$10.07,0.86,$1.31,6.56,$-2.56,0.0,$0.17B,$0.06B,3.08,$0.00B,$0.23B,0.0,$0.37B,$0.06B,17.25%,$0.37B,$-0.08B,-21.02%,$0.37B,$-0.08B,-21.02%,$0.37B,$0.01B,2.70%,$0.37B,$-0.08B,-21.02%,$0.37B,$-0.10B,-25.61%,$-0.10B,$0.23B,-40.30%,$-0.10B,$0.20B,-46.57%,$-0.10B,$0.30B,-31.05%,$-0.08B,$0.23B,-33.09%,$90,$75,$15,$0,$17,$93,$-2,$0,$-2,$2,$-4,$-4,$-4,$2,$-2,$37,37,$-0.12,$-0.12,$57,$30,$0,$173,$65,$0,$31,$30,$126,$298,$56,$0,$11,$13,$69,$19,$133,$19,$229,$298,$-2,$16,$1,$17,$0,$0,$0,$1,$1,$16,$-8,$-0,$0,$0,$0,$0,$2,$-6,$0,$0,$0,$0,$0,$-8,$0,$-8,$3,$0,$-8
35,2009-10-31,5.62,$6.52,0.86,$9.84,0.57,$1.81,3.11,$-3.18,0.0,$0.19B,$0.06B,3.29,$0.00B,$0.24B,0.0,$0.36B,$0.06B,16.53%,$0.36B,$-0.12B,-31.96%,$0.36B,$-0.12B,-31.96%,$0.36B,$0.01B,2.48%,$0.36B,$-0.12B,-31.96%,$0.36B,$-0.12B,-32.51%,$-0.12B,$0.24B,-45.38%,$-0.12B,$0.21B,-55.14%,$-0.12B,$0.32B,-35.98%,$-0.12B,$0.24B,-44.62%,$100,$78,$22,$0,$16,$97,$2,$0,$2,$0,$2,$2,$2,$8,$2,$37,37,$0.06,$0.06,$60,$41,$0,$194,$68,$0,$31,$23,$122,$316,$59,$0,$14,$16,$75,$19,$140,$24,$241,$316,$2,$12,$1,$12,$0,$0,$0,$1,$1,$16,$-6,$-0,$0,$0,$0,$0,$0,$-6,$0,$0,$0,$0,$0,$-5,$0,$-5,$6,$0,$-5
36,2009-07-31,5.79,$6.44,0.9,$10.39,0.56,$2.07,2.8,$-3.17,0.0,$0.18B,$0.05B,3.55,$0.00B,$0.24B,0.0,$0.39B,$0.06B,16.10%,$0.39B,$-0.12B,-30.65%,$0.39B,$-0.12B,-30.65%,$0.39B,$0.01B,2.60%,$0.39B,$-0.12B,-30.91%,$0.39B,$-0.12B,-31.17%,$-0.12B,$0.24B,-41.52%,$-0.12B,$0.21B,-54.42%,$-0.12B,$0.31B,-33.47%,$-0.12B,$0.24B,-40.83%,$91,$71,$20,$0,$16,$90,$1,$-0,$0,$0,$-0,$-0,$-0,$7,$1,$37,37,$-0.00,$-0.00,$57,$42,$0,$181,$70,$0,$32,$23,$124,$305,$51,$0,$14,$16,$67,$19,$141,$21,$238,$305,$-0,$6,$1,$7,$0,$0,$0,$1,$1,$8,$-3,$-0,$0,$0,$0,$0,$0,$-3,$0,$0,$0,$0,$0,$-3,$0,$-3,$3,$0,$-3
37,2009-04-30,4.52,$6.36,0.71,$11.51,0.39,$2.16,2.09,$-2.99,0.0,$0.18B,$0.05B,3.33,$0.00B,$0.24B,0.0,$0.43B,$0.07B,16.78%,$0.43B,$-0.11B,-25.64%,$0.43B,$-0.11B,-25.64%,$0.43B,$0.02B,4.66%,$0.43B,$-0.11B,-25.64%,$0.43B,$-0.11B,-26.34%,$-0.11B,$0.24B,-34.82%,$-0.11B,$0.20B,-46.99%,$-0.11B,$0.31B,-28.30%,$-0.11B,$0.24B,-33.90%,$90,$83,$7,$0,$8,$169,$-79,$1,$-78,$14,$-92,$-92,$-93,$-7,$-79,$37,37,$-2.50,$-2.50,$54,$37,$0,$178,$70,$0,$32,$20,$127,$305,$54,$0,$14,$17,$70,$19,$144,$16,$235,$305,$-112,$131,$18,$149,$33,$20,$0,$-16,$6,$43,$-17,$-2,$-57,$0,$0,$0,$-0,$-76,$0,$0,$0,$-5,$-5,$-10,$-0,$-15,$-50,$-1,$-10
38,2009-01-31,3.37,$8.85,0.38,$13.22,0.26,$2.98,1.13,$-0.14,0.0,$0.18B,$0.04B,4.42,$0.00B,$0.33B,0.0,$0.49B,$0.11B,21.26%,$0.49B,$-0.01B,-2.83%,$0.49B,$-0.01B,-2.83%,$0.49B,$0.05B,9.92%,$0.49B,$-0.02B,-3.24%,$0.49B,$-0.01B,-1.42%,$-0.01B,$0.33B,-1.95%,$-0.01B,$0.24B,-2.70%,$-0.01B,$0.39B,-1.59%,$-0.01B,$0.33B,-3.90%,$82,$71,$11,$0,$15,$122,$-40,$-0,$-40,$-13,$-27,$-27,$-27,$1,$-40,$37,37,$-0.74,$-0.74,$54,$63,$0,$183,$75,$0,$89,$39,$203,$386,$41,$0,$14,$18,$59,$19,$241,$11,$326,$386,$-20,$59,$6,$64,$0,$0,$0,$-7,$-7,$38,$-12,$-1,$-57,$0,$0,$0,$-0,$-71,$0,$0,$0,$-5,$-5,$-7,$0,$-12,$-50,$0,$-7
39,2008-10-31,5.41,$9.68,0.56,$14.69,0.37,$3.38,1.6,$0.86,6.29,$0.21B,$0.06B,3.57,$0.00B,$0.36B,0.0,$0.55B,$0.12B,22.50%,$0.55B,$0.04B,6.90%,$0.55B,$0.04B,6.90%,$0.55B,$0.07B,12.34%,$0.55B,$0.04B,6.35%,$0.55B,$0.03B,5.44%,$0.03B,$0.36B,8.17%,$0.03B,$0.24B,11.34%,$0.03B,$0.44B,6.59%,$0.04B,$0.36B,10.35%,$122,$98,$24,$0,$19,$123,$-0,$-0,$-1,$-1,$0,$0,$0,$9,$-0,$37,38,$0.01,$0.01,$53,$68,$0,$209,$80,$0,$122,$26,$229,$438,$59,$0,$17,$22,$80,$19,$271,$11,$357,$438,$7,$17,$6,$23,$0,$0,$0,$-1,$-1,$29,$-10,$-0,$-57,$0,$0,$0,$-0,$-67,$0,$0,$0,$-5,$-5,$-5,$0,$-10,$-51,$0,$-5
40,2008-07-31,7.81,$10.12,0.77,$15.01,0.52,$3.73,2.09,$1.03,7.58,$0.26B,$0.07B,3.82,$0.00B,$0.38B,0.0,$0.56B,$0.13B,22.74%,$0.56B,$0.05B,8.88%,$0.56B,$0.05B,8.88%,$0.56B,$0.08B,14.03%,$0.56B,$0.05B,8.35%,$0.56B,$0.04B,6.93%,$0.04B,$0.38B,10.71%,$0.04B,$0.29B,14.61%,$0.04B,$0.47B,8.53%,$0.05B,$0.38B,13.74%,$135,$105,$30,$0,$16,$127,$9,$0,$9,$2,$7,$7,$7,$17,$9,$37,38,$0.18,$0.18,$111,$55,$0,$258,$89,$0,$95,$27,$210,$468,$67,$0,$15,$20,$88,$19,$271,$30,$380,$468,$7,$8,$0,$8,$0,$0,$0,$-4,$-4,$11,$-3,$-0,$0,$0,$0,$0,$0,$-3,$0,$0,$0,$0,$0,$-2,$0,$-2,$7,$0,$-2
41,2008-04-30,7.49,$9.93,0.75,$14.75,0.51,$3.91,1.91,$1.07,7.0,$0.26B,$0.08B,3.4,$0.00B,$0.37B,0.0,$0.55B,$0.13B,22.60%,$0.55B,$0.05B,9.40%,$0.55B,$0.05B,9.40%,$0.55B,$0.08B,14.29%,$0.55B,$0.05B,8.86%,$0.55B,$0.04B,7.23%,$0.04B,$0.37B,11.36%,$0.04B,$0.28B,15.70%,$0.04B,$0.47B,8.96%,$0.05B,$0.37B,14.77%,$155,$115,$40,$0,$11,$139,$17,$-1,$16,$3,$13,$13,$13,$22,$17,$37,37,$0.35,$0.34,$104,$56,$0,$261,$90,$0,$96,$13,$209,$470,$77,$0,$14,$21,$97,$19,$266,$28,$373,$470,$40,$28,$2,$30,$-1,$-0,$0,$8,$7,$77,$-20,$0,$-10,$0,$0,$0,$1,$-29,$0,$0,$0,$0,$0,$-8,$0,$-7,$44,$3,$-8
42,2008-01-31,8.3,$9.54,0.87,$14.20,0.58,$3.60,2.31,$1.06,7.83,$0.24B,$0.07B,3.39,$0.00B,$0.36B,0.0,$0.53B,$0.12B,21.70%,$0.53B,$0.05B,9.43%,$0.53B,$0.05B,9.43%,$0.53B,$0.08B,14.15%,$0.53B,$0.05B,9.06%,$0.53B,$0.04B,7.36%,$0.04B,$0.36B,11.48%,$0.04B,$0.26B,16.07%,$0.04B,$0.45B,9.03%,$0.05B,$0.36B,14.72%,$139,$109,$30,$0,$18,$127,$12,$-0,$11,$2,$10,$10,$10,$20,$12,$37,37,$0.26,$0.26,$91,$59,$0,$235,$91,$0,$98,$23,$212,$446,$69,$0,$12,$19,$89,$19,$255,$24,$358,$446,$27,$23,$0,$23,$0,$0,$0,$8,$8,$58,$-16,$0,$-7,$0,$0,$0,$-1,$-24,$0,$0,$0,$1,$1,$-6,$0,$-4,$30,$0,$-6
43,2007-10-31,8.53,$9.20,0.93,$13.40,0.64,$3.55,2.4,$0.93,9.17,$0.23B,$0.08B,2.98,$0.00B,$0.35B,0.0,$0.50B,$0.11B,21.33%,$0.50B,$0.04B,8.85%,$0.50B,$0.04B,8.85%,$0.50B,$0.07B,13.68%,$0.50B,$0.04B,8.85%,$0.50B,$0.03B,6.84%,$0.03B,$0.35B,10.44%,$0.03B,$0.25B,14.04%,$0.03B,$0.44B,8.20%,$0.04B,$0.35B,13.51%,$134,$106,$28,$0,$16,$122,$12,$-0,$11,$3,$9,$9,$9,$20,$12,$37,37,$0.24,$0.24,$83,$57,$0,$233,$89,$0,$99,$22,$211,$444,$78,$0,$12,$21,$99,$19,$247,$20,$345,$444,$17,$14,$0,$14,$0,$0,$0,$11,$11,$42,$-9,$-0,$-7,$0,$0,$0,$-1,$-18,$0,$0,$0,$1,$1,$-4,$0,$-2,$23,$0,$-4
44,2007-07-31,10.93,$8.88,1.23,$12.81,0.85,$3.28,3.33,$0.82,13.32,$0.22B,$0.07B,3.05,$0.00B,$0.33B,0.0,$0.47B,$0.10B,20.55%,$0.47B,$0.04B,8.05%,$0.47B,$0.04B,8.05%,$0.47B,$0.06B,12.92%,$0.47B,$0.04B,8.47%,$0.47B,$0.03B,6.36%,$0.03B,$0.33B,9.55%,$0.03B,$0.24B,12.27%,$0.03B,$0.43B,7.56%,$0.04B,$0.33B,12.09%,$125,$98,$27,$0,$16,$114,$11,$0,$11,$3,$8,$8,$8,$17,$11,$37,37,$0.22,$0.22,$72,$60,$0,$222,$87,$0,$95,$22,$204,$426,$73,$0,$12,$21,$94,$19,$240,$16,$332,$426,$8,$7,$0,$7,$0,$0,$0,$5,$5,$20,$-5,$-0,$-1,$0,$0,$0,$-1,$-7,$0,$0,$0,$1,$1,$-2,$0,$-1,$12,$0,$-2
45,2007-04-30,10.13,$8.69,1.17,$12.31,0.82,$3.30,3.07,$0.72,14.07,$0.21B,$0.07B,2.89,$0.00B,$0.32B,0.0,$0.45B,$0.09B,19.96%,$0.45B,$0.03B,7.32%,$0.45B,$0.03B,7.32%,$0.45B,$0.06B,12.64%,$0.45B,$0.04B,7.98%,$0.45B,$0.03B,5.76%,$0.03B,$0.32B,8.52%,$0.03B,$0.23B,10.48%,$0.03B,$0.41B,6.81%,$0.03B,$0.32B,10.81%,$132,$101,$30,$0,$10,$117,$15,$0,$15,$3,$12,$12,$12,$18,$15,$36,37,$0.34,$0.33,$60,$54,$0,$209,$87,$0,$95,$12,$202,$412,$72,$0,$5,$15,$88,$19,$234,$16,$324,$412,$26,$24,$3,$27,$5,$2,$0,$2,$1,$54,$-10,$-0,$-63,$0,$0,$0,$-0,$-73,$0,$0,$0,$4,$4,$-7,$1,$-3,$-22,$3,$-7
46,2007-01-31,7.34,$8.27,0.89,$11.92,0.62,$2.45,3.0,$0.50,14.69,$0.23B,$0.07B,3.46,$0.00B,$0.30B,0.0,$0.44B,$0.09B,19.95%,$0.44B,$0.03B,7.11%,$0.44B,$0.03B,7.11%,$0.44B,$0.06B,12.61%,$0.44B,$0.03B,7.80%,$0.44B,$0.02B,4.13%,$0.02B,$0.30B,6.06%,$0.02B,$0.26B,7.14%,$0.02B,$0.38B,4.83%,$0.03B,$0.30B,10.43%,$106,$85,$21,$0,$13,$100,$6,$1,$7,$2,$5,$5,$5,$13,$6,$36,37,$0.13,$0.13,$108,$46,$0,$230,$83,$0,$44,$20,$147,$377,$66,$0,$5,$9,$75,$19,$223,$13,$302,$377,$14,$20,$0,$20,$0,$0,$0,$11,$11,$45,$-6,$0,$-3,$0,$0,$0,$-2,$-10,$0,$0,$0,$-3,$-3,$-6,$0,$-8,$26,$0,$-6
47,2006-10-31,7.32,$8.17,0.9,$11.63,0.63,$1.62,4.51,$0.45,16.26,$0.22B,$0.06B,3.51,$0.00B,$0.30B,0.0,$0.43B,$0.08B,19.53%,$0.43B,$0.03B,6.82%,$0.43B,$0.03B,6.82%,$0.43B,$0.05B,12.47%,$0.43B,$0.03B,7.29%,$0.43B,$0.02B,3.76%,$0.02B,$0.30B,5.45%,$0.02B,$0.25B,6.46%,$0.02B,$0.37B,4.35%,$0.03B,$0.30B,9.88%,$109,$89,$19,$0,$13,$103,$6,$1,$7,$3,$5,$5,$5,$13,$6,$36,36,$0.13,$0.13,$95,$48,$0,$223,$86,$0,$45,$17,$148,$372,$64,$0,$5,$9,$72,$19,$221,$12,$299,$372,$9,$13,$0,$13,$0,$0,$0,$3,$3,$27,$-4,$0,$-3,$0,$0,$0,$-1,$-8,$0,$0,$0,$-2,$-2,$-4,$0,$-5,$14,$0,$-4
