,Date,Stock Price,Book Value per Share,Price to Book Ratio,TTM Sales per Share,Price to Sales Ratio,TTM FCF per Share,Price to FCF Ratio,TTM Net EPS,PE Ratio,Current Assets,Current Liabilities,Current Ratio,Long Term Debt,Shareholder's Equity_x,Debt to Equity Ratio,TTM Revenue_x,TTM Gross Profit,Gross Margin,TTM Revenue_y,TTM Operating Income,Operating Margin,TTM Revenue_x,TTM EBIT,EBIT Margin,TTM Revenue_y,TTM EBITDA,EBITDA Margin,TTM Revenue_x,TTM Pre-Tax Income,Pre-Tax Margin,TTM Revenue_y,TTM Net Income_x,Net Margin,TTM Net Income_y,Shareholder's Equity_y,Return on Equity,TTM Net Income_x,Tangible Equity,Return on Tangible Equity,TTM Net Income_y,Total Assets,Return on Assets,TTM Net Income,LT Investments & Debt,Return on Investment,revenue,cost-goods-sold,gross-profit,research-development-expenses,selling-general-administrative-expenses,operating-expenses,operating-income,total-non-operating-income-expense,pre-tax-income,total-provision-income-taxes,income-after-taxes,income-from-continuous-operations,net-income,ebitda,ebit,basic-shares-outstanding,shares-outstanding,eps-basic-net-earnings-per-share,eps-earnings-per-share-diluted,cash-on-hand,inventory,other-current-assets,total-current-assets,net-property-plant-equipment,long-term-investments,goodwill-intangible-assets-total,other-long-term-assets,total-long-term-assets,total-assets,total-current-liabilities,long-term-debt,other-non-current-liabilities,total-long-term-liabilities,total-liabilities,common-stock-net,retained-earnings-accumulated-deficit,comprehensive-income,total-share-holder-equity,total-liabilities-share-holders-equity,net-income-loss,total-depreciation-amortization-cash-flow,other-non-cash-items,total-non-cash-items,change-in-accounts-receivable,change-in-inventories,change-in-accounts-payable,change-in-assets-liabilities,total-change-in-assets-liabilities,cash-flow-from-operating-activities,net-change-in-property-plant-equipment,net-change-in-intangible-assets,net-acquisitions-divestitures,net-change-in-short-term-investments,net-change-in-long-term-investments,net-change-in-investments-total,investing-activities-other,cash-flow-from-investing-activities,net-long-term-debt,net-current-debt,debt-issuance-retirement-net-total,net-common-equity-issued-repurchased,net-total-equity-issued-repurchased,total-common-preferred-stock-dividends-paid,financial-activities-other,cash-flow-from-financial-activities,net-cash-flow,stock-based-compensation,common-stock-dividends-paid
0,2018-09-30,4.31,$0.56,7.71,$0.04,104.5,$-1.47,0.0,$-0.68,0.0,$0.09B,$0.01B,19.74,$0.00B,$0.04B,0.0,$0.00B,$-0.00B,-200.00%,$0.00B,$-0.03B,-2900.00%,$0.00B,$-0.03B,-2900.00%,$0.00B,$-0.03B,-2900.00%,$0.00B,$-0.05B,-4600.00%,$0.00B,$-0.05B,-4600.00%,$-0.05B,$0.04B,-114.29%,$-0.05B,$0.04B,-115.00%,$-0.05B,$0.10B,-65.48%,$-0.03B,$0.04B,-72.05%,$0,$1,$-1,$6,$3,$11,$-10,$-5,$-15,$-0,$-15,$-15,$-15,$-10,$-10,$71,71,$-0.21,$-0.21,$91,$0,$0,$94,$0,$0,$0,$0,$0,$95,$5,$0,$50,$50,$55,$0,$-229,$0,$40,$95,$-15,$0,$7,$7,$0,$0,$-2,$-2,$-5,$-13,$0,$0,$0,$5,$0,$5,$0,$5,$0,$0,$0,$1,$1,$0,$-0,$1,$-7,$2,$0
1,2018-06-30,3.94,$0.72,5.5,$0.04,93.91,$-1.46,0.0,$-0.92,0.0,$0.10B,$0.01B,13.23,$0.00B,$0.05B,0.0,$0.00B,$-0.00B,-100.00%,$0.00B,$-0.03B,-2800.00%,$0.00B,$-0.03B,-2800.00%,$0.00B,$-0.03B,-2800.00%,$0.00B,$-0.04B,-4000.00%,$0.00B,$-0.04B,-4000.00%,$-0.04B,$0.05B,-96.97%,$-0.04B,$0.05B,-97.56%,$-0.04B,$0.11B,-68.38%,$-0.03B,$0.05B,-67.88%,$1,$1,$-1,$4,$2,$8,$-7,$-12,$-19,$0,$-19,$-19,$-19,$-7,$-7,$41,41,$-0.41,$-0.41,$103,$0,$0,$104,$0,$0,$0,$0,$0,$105,$8,$0,$46,$46,$54,$0,$-214,$0,$50,$105,$-40,$0,$13,$13,$0,$0,$3,$-0,$3,$-21,$0,$0,$0,$-44,$0,$-44,$0,$-44,$0,$0,$0,$70,$70,$0,$0,$70,$5,$3,$0
2,2018-03-31,2.07,$0.88,2.35,$0.04,50.63,$-0.85,0.0,$-0.68,0.0,$0.04B,$0.00B,8.26,$0.00B,$0.03B,0.0,$0.00B,$-0.00B,inf%,$0.00B,$-0.03B,inf%,$0.00B,$-0.03B,inf%,$0.00B,$-0.03B,inf%,$0.00B,$-0.03B,inf%,$0.00B,$-0.03B,inf%,$-0.03B,$0.03B,-60.24%,$-0.03B,$0.03B,-60.61%,$-0.03B,$0.04B,-54.05%,$-0.03B,$0.03B,-60.24%,$0,$1,$-0,$3,$2,$6,$-6,$0,$-6,$0,$-6,$-6,$-6,$-6,$-6,$37,37,$-0.16,$-0.16,$36,$0,$0,$37,$0,$0,$0,$0,$0,$37,$4,$0,$0,$0,$4,$0,$-195,$0,$33,$37,$-21,$0,$2,$3,$0,$0,$1,$1,$1,$-18,$0,$0,$0,$15,$0,$15,$0,$15,$0,$0,$0,$0,$0,$0,$0,$0,$-2,$2,$0
3,2017-12-31,2.1,$1.04,2.03,$0.15,13.95,$-0.21,0.0,$-0.54,0.0,$0.04B,$0.01B,8.3,$0.00B,$0.04B,0.0,$0.01B,$0.00B,40.00%,$0.01B,$-0.02B,-400.00%,$0.01B,$-0.02B,-400.00%,$0.01B,$-0.02B,-400.00%,$0.01B,$-0.02B,-400.00%,$0.01B,$-0.02B,-400.00%,$-0.02B,$0.04B,-42.55%,$-0.02B,$0.04B,-42.78%,$-0.02B,$0.04B,-38.46%,$-0.02B,$0.04B,-42.55%,$0,$1,$-0,$3,$2,$7,$-6,$0,$-6,$0,$-6,$-6,$-6,$-6,$-6,$37,37,$-0.16,$-0.16,$42,$0,$0,$43,$0,$0,$0,$0,$0,$44,$5,$0,$0,$0,$5,$0,$-189,$0,$38,$44,$-15,$0,$2,$2,$0,$0,$1,$1,$2,$-11,$0,$0,$0,$10,$0,$10,$0,$10,$0,$0,$0,$0,$0,$0,$0,$0,$-1,$2,$0
4,2017-09-30,2.68,$1.18,2.27,$0.60,4.44,$0.23,11.64,$-0.06,0.0,$0.05B,$0.00B,10.68,$0.00B,$0.04B,0.0,$0.02B,$0.02B,77.27%,$0.02B,$-0.00B,-9.09%,$0.02B,$-0.00B,-9.09%,$0.02B,$-0.00B,-9.09%,$0.02B,$-0.00B,-9.09%,$0.02B,$-0.00B,-9.09%,$-0.00B,$0.04B,-3.90%,$-0.00B,$0.04B,-3.92%,$-0.00B,$0.05B,-3.60%,$-0.00B,$0.04B,-3.90%,$0,$1,$-0,$6,$2,$9,$-9,$0,$-9,$-0,$-9,$-9,$-9,$-9,$-9,$37,37,$-0.24,$-0.24,$47,$0,$0,$48,$0,$0,$0,$0,$0,$48,$4,$0,$0,$0,$4,$0,$-183,$0,$44,$48,$-9,$0,$1,$1,$0,$0,$0,$1,$1,$-7,$0,$0,$0,$5,$0,$5,$0,$5,$0,$0,$0,$0,$0,$0,$0,$0,$-2,$1,$0
5,2017-06-30,2.39,$1.38,1.73,$0.63,3.82,$0.65,3.67,$0.06,39.83,$0.06B,$0.01B,11.37,$0.00B,$0.05B,0.0,$0.02B,$0.02B,73.91%,$0.02B,$0.00B,13.04%,$0.02B,$0.00B,13.04%,$0.02B,$0.00B,13.04%,$0.02B,$0.00B,13.04%,$0.02B,$0.00B,13.04%,$0.00B,$0.05B,5.91%,$0.00B,$0.05B,5.91%,$0.00B,$0.06B,5.11%,$0.00B,$0.05B,5.91%,$0,$1,$-1,$2,$2,$5,$-4,$0,$-4,$0,$-4,$-4,$-4,$-4,$-4,$37,37,$-0.11,$-0.11,$54,$0,$0,$55,$0,$0,$0,$0,$0,$56,$5,$0,$0,$0,$5,$0,$-174,$0,$51,$56,$3,$0,$2,$2,$0,$0,$-0,$0,$-2,$3,$-0,$0,$0,$-10,$0,$-10,$0,$-10,$0,$0,$0,$4,$4,$0,$0,$4,$-2,$2,$0
6,2017-03-31,1.62,$1.49,1.09,$0.61,2.64,$0.04,40.91,$0.01,0.0,$0.06B,$0.01B,11.93,$0.00B,$0.06B,0.0,$0.02B,$0.02B,78.26%,$0.02B,$0.00B,4.35%,$0.02B,$0.00B,4.35%,$0.02B,$0.00B,4.35%,$0.02B,$0.00B,4.35%,$0.02B,$0.00B,4.35%,$0.00B,$0.06B,2.06%,$0.00B,$0.06B,2.07%,$0.00B,$0.06B,1.77%,$0.00B,$0.06B,2.06%,$5,$1,$3,$2,$2,$5,$-1,$0,$-1,$0,$-1,$-1,$-1,$-1,$-1,$37,37,$-0.02,$-0.02,$57,$0,$0,$60,$0,$0,$0,$0,$0,$60,$5,$0,$0,$0,$5,$0,$-170,$0,$55,$60,$7,$0,$2,$2,$0,$0,$-1,$-1,$-2,$7,$-0,$0,$0,$-10,$0,$-10,$0,$-10,$0,$0,$0,$4,$4,$0,$0,$4,$1,$2,$0
7,2016-12-31,1.44,$1.49,0.96,$0.49,2.92,$-0.56,0.0,$-0.13,0.0,$0.06B,$0.00B,17.42,$0.00B,$0.06B,0.0,$0.02B,$0.02B,83.33%,$0.02B,$-0.00B,-16.67%,$0.02B,$-0.00B,-16.67%,$0.02B,$-0.00B,-16.67%,$0.02B,$-0.00B,-16.67%,$0.02B,$-0.00B,-16.67%,$-0.00B,$0.06B,-6.45%,$-0.00B,$0.06B,-6.49%,$-0.00B,$0.06B,-5.53%,$-0.00B,$0.06B,-6.45%,$17,$2,$15,$2,$2,$5,$12,$0,$12,$0,$12,$12,$12,$12,$12,$37,37,$0.32,$0.32,$55,$0,$0,$58,$0,$0,$0,$0,$0,$58,$3,$0,$0,$0,$3,$0,$-169,$0,$55,$58,$8,$0,$1,$1,$0,$0,$-1,$-2,$-4,$5,$-0,$0,$0,$-5,$0,$-5,$0,$-5,$0,$0,$0,$4,$4,$0,$0,$4,$4,$1,$0
8,2016-09-30,1.76,$1.15,1.53,$0.03,57.4,$-0.98,0.0,$-0.60,0.0,$0.06B,$0.02B,3.52,$0.00B,$0.04B,0.0,$0.00B,0,0.00%,$0.00B,$-0.02B,-2000.00%,$0.00B,$-0.02B,-2000.00%,$0.00B,$-0.02B,-2000.00%,$0.00B,$-0.02B,-2000.00%,$0.00B,$-0.02B,-2000.00%,$-0.02B,$0.04B,-43.72%,$-0.02B,$0.04B,-44.20%,$-0.02B,$0.06B,-37.38%,$-0.02B,$0.04B,-43.72%,$1,$1,$0,$2,$3,$5,$-4,$0,$-4,$-0,$-4,$-4,$-4,$-4,$-4,$36,36,$-0.12,$-0.12,$59,$0,$0,$61,$0,$0,$0,$0,$0,$61,$17,$0,$0,$1,$19,$0,$-181,$0,$42,$61,$-4,$0,$1,$1,$0,$0,$-0,$15,$12,$9,$-0,$0,$0,$-10,$0,$-10,$0,$-10,$0,$0,$0,$4,$4,$0,$0,$4,$3,$1,$0
9,2016-06-30,1.36,$1.22,1.12,0,0.0,$-1.39,0.0,$-0.61,0.0,$0.05B,$0.01B,8.48,$0.00B,$0.04B,0.0,$0.00B,0,nan%,$0.00B,$-0.02B,inf%,$0.00B,$-0.02B,inf%,$0.00B,$-0.02B,inf%,$0.00B,$-0.02B,inf%,$0.00B,$-0.02B,inf%,$-0.02B,$0.04B,-42.64%,$-0.02B,$0.04B,-43.08%,$-0.02B,$0.05B,-39.62%,$-0.02B,$0.04B,-42.64%,$0,$0,$0,$4,$2,$6,$-6,$0,$-6,$0,$-6,$-6,$-6,$-6,$-6,$34,34,$-0.17,$-0.17,$46,$0,$0,$47,$0,$0,$0,$0,$0,$47,$6,$0,$0,$0,$6,$0,$-177,$0,$42,$47,$-21,$0,$3,$3,$0,$0,$0,$-0,$0,$-18,$-0,$0,$0,$10,$0,$10,$0,$10,$0,$0,$0,$0,$0,$0,$0,$0,$-8,$3,$0
10,2016-03-31,1.26,$1.37,0.92,0,0.0,$-1.87,0.0,$-0.61,0.0,$0.05B,$0.00B,12.55,$0.00B,$0.05B,0.0,$0.00B,0,nan%,$0.00B,$-0.02B,inf%,$0.00B,$-0.02B,inf%,$0.00B,$-0.02B,inf%,$0.00B,$-0.02B,inf%,$0.00B,$-0.02B,inf%,$-0.02B,$0.05B,-39.07%,$-0.02B,$0.05B,-39.44%,$-0.02B,$0.05B,-36.52%,$-0.02B,$0.05B,-39.07%,$0,$0,$0,$3,$2,$5,$-5,$0,$-5,$0,$-5,$-5,$-5,$-5,$-5,$34,34,$-0.16,$-0.16,$49,$0,$0,$51,$0,$0,$0,$0,$0,$51,$4,$0,$0,$0,$4,$0,$-171,$0,$47,$51,$-15,$0,$2,$2,$0,$0,$-0,$-1,$-2,$-14,$-0,$0,$0,$10,$0,$10,$0,$10,$0,$0,$0,$0,$0,$0,$0,$0,$-4,$2,$0
11,2015-12-31,1.6,$1.51,1.06,0,0.0,$-2.09,0.0,$-0.72,0.0,$0.06B,$0.00B,16.16,$0.00B,$0.05B,0.0,$0.00B,0,nan%,$0.00B,$-0.03B,inf%,$0.00B,$-0.03B,inf%,$0.00B,$-0.03B,inf%,$0.00B,$-0.03B,inf%,$0.00B,$-0.03B,inf%,$-0.03B,$0.05B,-42.92%,$-0.03B,$0.05B,-43.29%,$-0.03B,$0.06B,-39.84%,$-0.03B,$0.05B,-42.92%,$0,$0,$0,$3,$2,$5,$-5,$0,$-5,$0,$-5,$-5,$-5,$-5,$-5,$34,34,$-0.15,$-0.15,$54,$0,$0,$55,$0,$0,$0,$0,$0,$55,$3,$0,$0,$0,$3,$0,$-166,$0,$52,$55,$-10,$0,$2,$2,$0,$0,$-0,$-0,$-2,$-10,$0,$0,$0,$5,$0,$5,$0,$5,$0,$0,$0,$0,$0,$0,$0,$0,$-5,$2,$0
12,2015-09-30,1.57,$1.64,0.96,0,0.0,$-2.36,0.0,$-0.57,0.0,$0.06B,$0.00B,18.74,$0.00B,$0.06B,0.0,$0.00B,0,nan%,$0.00B,$-0.03B,inf%,$0.00B,$-0.03B,inf%,$0.00B,$-0.03B,inf%,$0.00B,$-0.03B,inf%,$0.00B,$-0.03B,inf%,$-0.03B,$0.06B,-45.67%,$-0.03B,$0.06B,-46.03%,$-0.03B,$0.06B,-42.03%,$-0.03B,$0.06B,-45.67%,$0,$0,$0,$3,$2,$5,$-5,$0,$-5,$-0,$-5,$-5,$-5,$-5,$-5,$34,34,$-0.13,$-0.13,$58,$0,$0,$59,$0,$0,$0,$0,$0,$59,$3,$0,$0,$0,$3,$0,$-161,$0,$56,$59,$-5,$0,$1,$1,$0,$0,$-1,$-0,$-2,$-6,$0,$0,$0,$5,$0,$5,$0,$5,$0,$0,$0,$0,$0,$0,$0,$0,$-1,$1,$0
13,2015-06-30,1.71,$1.75,0.98,0,0.0,$-2.50,0.0,$-0.44,0.0,$0.06B,$0.01B,12.96,$0.00B,$0.06B,0.0,$0.00B,0,nan%,$0.00B,$-0.03B,inf%,$0.00B,$-0.03B,inf%,$0.00B,$-0.03B,inf%,$0.00B,$-0.03B,inf%,$0.00B,$-0.03B,inf%,$-0.03B,$0.06B,-55.93%,$-0.03B,$0.06B,-56.65%,$-0.03B,$0.07B,-50.77%,$-0.03B,$0.06B,-55.93%,$0,$0,$0,$4,$2,$6,$-6,$0,$-6,$-0,$-6,$-6,$-6,$-6,$-6,$28,28,$-0.08,$-0.08,$64,$0,$0,$64,$0,$0,$0,$0,$0,$65,$5,$0,$0,$0,$5,$0,$-156,$0,$60,$65,$-33,$0,$4,$4,$0,$0,$-1,$-0,$0,$-28,$-0,$0,$0,$-10,$0,$-10,$0,$-10,$0,$0,$0,$43,$43,$0,$0,$43,$5,$4,$0
14,2015-03-31,1.79,$1.90,0.94,0,0.0,$-2.48,0.0,$-0.67,0.0,$0.07B,$0.01B,10.71,$0.00B,$0.07B,0.0,$0.00B,0,nan%,$0.00B,$-0.04B,inf%,$0.00B,$-0.04B,inf%,$0.00B,$-0.04B,inf%,$0.00B,$-0.04B,inf%,$0.00B,$-0.04B,inf%,$-0.04B,$0.07B,-65.16%,$-0.04B,$0.07B,-65.75%,$-0.04B,$0.07B,-58.78%,$-0.04B,$0.07B,-65.16%,$0,$0,$0,$7,$2,$9,$-9,$0,$-9,$0,$-9,$-9,$-9,$-9,$-9,$33,33,$-0.27,$-0.27,$71,$0,$0,$71,$0,$0,$0,$0,$0,$72,$7,$0,$0,$0,$7,$0,$-150,$0,$65,$72,$-27,$0,$4,$4,$0,$0,$1,$-0,$2,$-21,$-0,$0,$0,$-15,$0,$-15,$0,$-15,$0,$0,$0,$43,$43,$0,$0,$43,$7,$4,$0
15,2014-12-31,4.27,$2.19,1.95,0,0.0,$-2.48,0.0,$-0.74,0.0,$0.08B,$0.01B,11.51,$0.00B,$0.07B,0.0,$0.00B,0,nan%,$0.00B,$-0.03B,inf%,$0.00B,$-0.03B,inf%,$0.00B,$-0.03B,inf%,$0.00B,$-0.03B,inf%,$0.00B,$-0.03B,inf%,$-0.03B,$0.07B,-65.07%,$-0.03B,$0.07B,-66.02%,$-0.03B,$0.08B,-59.39%,$-0.03B,$0.07B,-65.07%,$0,$0,$0,$7,$2,$9,$-9,$0,$-9,$0,$-9,$-9,$-9,$-9,$-9,$24,24,$-0.39,$-0.39,$79,$0,$0,$79,$0,$0,$0,$0,$0,$80,$7,$0,$0,$0,$7,$0,$-142,$0,$73,$80,$-18,$0,$3,$3,$0,$0,$0,$-0,$2,$-13,$-0,$0,$0,$-20,$0,$-20,$0,$-20,$0,$0,$0,$43,$43,$0,$0,$43,$10,$3,$0
16,2014-09-30,6.9,$1.74,3.96,0,0.0,$-2.34,0.0,$-1.06,0.0,$0.04B,$0.01B,7.99,$0.00B,$0.04B,0.0,$0.00B,0,nan%,$0.00B,$-0.03B,inf%,$0.00B,$-0.03B,inf%,$0.00B,$-0.03B,inf%,$0.00B,$-0.03B,inf%,$0.00B,$-0.03B,inf%,$-0.03B,$0.04B,-63.59%,$-0.03B,$0.04B,-64.58%,$-0.03B,$0.04B,-59.05%,$-0.03B,$0.04B,-63.59%,$0,$0,$0,$7,$2,$9,$-9,$0,$-9,$0,$-9,$-9,$-9,$-9,$-9,$22,22,$-0.42,$-0.42,$42,$0,$0,$42,$0,$0,$0,$0,$1,$43,$5,$0,$0,$0,$5,$0,$-132,$0,$38,$43,$-9,$0,$1,$1,$0,$0,$-1,$0,$1,$-7,$0,$0,$0,$10,$0,$10,$0,$10,$0,$0,$0,$0,$0,$0,$0,$0,$3,$1,$0
17,2014-06-30,6.34,$2.09,3.03,0,0.0,$-2.27,0.0,$-1.35,0.0,$0.05B,$0.01B,10.68,$0.00B,$0.05B,0.0,$0.00B,0,nan%,$0.00B,$-0.03B,inf%,$0.00B,$-0.03B,inf%,$0.00B,$-0.03B,inf%,$0.00B,$-0.03B,inf%,$0.00B,$-0.03B,inf%,$-0.03B,$0.05B,-57.45%,$-0.03B,$0.05B,-58.06%,$-0.03B,$0.05B,-54.00%,$-0.03B,$0.05B,-57.45%,$0,$0,$0,$6,$2,$9,$-9,$0,$-9,$0,$-9,$-9,$-9,$-9,$-9,$20,20,$-0.40,$-0.40,$49,$0,$0,$49,$0,$0,$0,$0,$1,$50,$5,$0,$0,$0,$5,$0,$-123,$0,$45,$50,$-27,$0,$5,$5,$0,$0,$1,$-0,$3,$-19,$-0,$0,$0,$-35,$0,$-35,$0,$-35,$0,$0,$0,$33,$33,$0,$0,$33,$-22,$5,$0
18,2014-03-31,11.13,$2.43,4.58,0,0.0,$-2.29,0.0,$-1.14,0.0,$0.06B,$0.00B,15.79,$0.00B,$0.05B,0.0,$0.00B,0,nan%,$0.00B,$-0.02B,inf%,$0.00B,$-0.02B,inf%,$0.00B,$-0.02B,inf%,$0.00B,$-0.02B,inf%,$0.00B,$-0.02B,inf%,$-0.02B,$0.05B,-47.19%,$-0.02B,$0.05B,-48.00%,$-0.02B,$0.06B,-44.92%,$-0.02B,$0.05B,-47.19%,$0,$0,$0,$5,$2,$7,$-7,$0,$-7,$0,$-7,$-7,$-7,$-7,$-7,$22,22,$-0.34,$-0.34,$55,$0,$0,$56,$0,$0,$0,$0,$1,$56,$4,$0,$0,$0,$4,$0,$-115,$0,$53,$56,$-19,$0,$4,$4,$0,$0,$0,$-0,$1,$-14,$-0,$0,$0,$-35,$0,$-35,$0,$-35,$0,$0,$0,$33,$33,$0,$0,$33,$-16,$4,$0
19,2013-12-31,8.01,$2.73,2.93,0,0.0,$-2.14,0.0,$-0.98,0.0,$0.06B,$0.00B,24.98,$0.00B,$0.06B,0.0,$0.00B,0,nan%,$0.00B,$-0.02B,inf%,$0.00B,$-0.02B,inf%,$0.00B,$-0.02B,inf%,$0.00B,$-0.02B,inf%,$0.00B,$-0.02B,inf%,$-0.02B,$0.06B,-45.95%,$-0.02B,$0.06B,-46.58%,$-0.02B,$0.06B,-43.59%,$-0.02B,$0.06B,-45.95%,$0,$0,$0,$4,$2,$6,$-6,$0,$-6,$0,$-6,$-6,$-6,$-6,$-6,$20,20,$-0.32,$-0.32,$60,$0,$0,$61,$0,$0,$0,$0,$0,$61,$2,$0,$0,$0,$2,$0,$-108,$0,$59,$61,$-11,$0,$2,$2,$0,$0,$0,$-0,$0,$-9,$-0,$0,$0,$-20,$0,$-20,$0,$-20,$0,$0,$0,$33,$33,$0,$0,$33,$4,$2,$0
20,2013-09-30,11.25,$1.82,6.18,0,0.0,$-2.57,0.0,$-1.16,0.0,$0.03B,$0.00B,21.92,$0.00B,$0.03B,0.0,$0.00B,0,nan%,$0.00B,$-0.01B,inf%,$0.00B,$-0.01B,inf%,$0.00B,$-0.01B,inf%,$0.00B,$-0.01B,inf%,$0.00B,$-0.01B,inf%,$-0.01B,$0.03B,-48.70%,$-0.01B,$0.03B,-49.56%,$-0.01B,$0.03B,-45.53%,$-0.01B,$0.03B,-48.70%,$0,$0,$0,$3,$2,$5,$-5,$0,$-5,$0,$-5,$-5,$-5,$-5,$-5,$17,17,$-0.29,$-0.29,$32,$0,$0,$32,$0,$0,$0,$0,$1,$33,$1,$0,$0,$0,$1,$0,$-101,$0,$31,$33,$-5,$0,$1,$1,$0,$0,$0,$-0,$-0,$-4,$-0,$0,$0,$0,$0,$0,$0,$-0,$0,$0,$0,$0,$0,$0,$0,$0,$-4,$1,$0
21,2013-06-30,7.13,$2.04,3.5,0,0.0,$-3.04,0.0,$-1.57,0.0,$0.04B,$0.00B,21.51,$0.00B,$0.04B,0.0,$0.00B,0,nan%,$0.00B,$-0.01B,inf%,$0.00B,$-0.01B,inf%,$0.00B,$-0.01B,inf%,$0.00B,$-0.01B,inf%,$0.00B,$-0.01B,inf%,$-0.01B,$0.04B,-50.57%,$-0.01B,$0.03B,-52.38%,$-0.01B,$0.04B,-46.81%,$-0.01B,$0.04B,-50.57%,$0,$0,$0,$2,$2,$3,$-3,$0,$-3,$0,$-3,$-3,$-3,$-3,$-3,$10,10,$0.28,$0.28,$36,$0,$0,$36,$0,$0,$0,$0,$1,$37,$2,$0,$0,$0,$2,$0,$-96,$0,$35,$37,$-11,$0,$2,$2,$0,$0,$-0,$-0,$-0,$-10,$-0,$0,$0,$0,$0,$0,$0,$-0,$0,$0,$0,$39,$39,$0,$0,$39,$29,$2,$0
22,2013-03-31,8.63,$1.54,5.6,0,0.0,$-5.20,0.0,$-2.09,0.0,$0.02B,$0.00B,13.71,$0.00B,$0.02B,0.0,$0.00B,0,nan%,$0.00B,$-0.01B,inf%,$0.00B,$-0.01B,inf%,$0.00B,$-0.01B,inf%,$0.00B,$-0.01B,inf%,$0.00B,$-0.01B,inf%,$-0.01B,$0.02B,-70.18%,$-0.01B,$0.02B,-72.73%,$-0.01B,$0.03B,-63.49%,$-0.01B,$0.02B,-70.18%,$0,$0,$0,$2,$1,$3,$-3,$0,$-3,$0,$-3,$-3,$-3,$-3,$-3,$15,15,$-0.18,$-0.18,$24,$0,$0,$24,$0,$0,$0,$0,$1,$25,$2,$0,$0,$0,$2,$0,$-93,$0,$23,$25,$-8,$0,$1,$1,$0,$0,$-0,$-0,$-0,$-7,$-0,$0,$0,$0,$0,$0,$0,$-0,$0,$0,$0,$25,$25,$0,$0,$25,$18,$1,$0
23,2012-12-31,7.0,$1.72,4.08,0,0.0,$-7.08,0.0,$-2.84,0.0,$0.03B,$0.00B,15.07,$0.00B,$0.03B,0.0,$0.00B,0,nan%,$0.00B,$-0.01B,inf%,$0.00B,$-0.01B,inf%,$0.00B,$-0.01B,inf%,$0.00B,$-0.01B,inf%,$0.00B,$-0.01B,inf%,$-0.01B,$0.03B,-100.00%,$-0.01B,$0.03B,-105.88%,$-0.01B,$0.03B,-87.80%,$-0.01B,$0.03B,-100.00%,$0,$0,$0,$1,$1,$3,$-3,$0,$-3,$-0,$-3,$-3,$-3,$-3,$-3,$5,5,$-0.50,$-0.50,$27,$0,$0,$27,$0,$0,$0,$0,$1,$28,$2,$0,$0,$0,$2,$0,$-90,$0,$26,$28,$-5,$0,$1,$1,$0,$0,$-0,$-0,$-0,$-5,$-0,$0,$0,$0,$0,$0,$0,$-0,$0,$0,$0,$25,$25,$0,$0,$25,$21,$1,$0
24,2012-09-30,2.77,$0.75,3.67,0,0.0,$-7.99,0.0,$-3.12,0.0,$0.00B,$0.00B,2.35,$0.00B,$0.00B,0.0,$0.00B,0,nan%,$0.00B,$-0.01B,inf%,$0.00B,$-0.01B,inf%,$0.00B,$-0.01B,inf%,$0.00B,$-0.01B,inf%,$0.00B,$-0.01B,inf%,$-0.01B,$0.00B,-228.57%,$-0.01B,$0.00B,-246.15%,$-0.01B,$0.00B,-177.78%,$-0.01B,$0.00B,-228.57%,$0,$0,$0,$2,$1,$2,$-2,$0,$-2,$0,$-2,$-2,$-2,$-2,$-2,$3,3,$-0.70,$-0.70,$4,$0,$0,$4,$0,$0,$0,$0,$1,$4,$2,$0,$0,$0,$2,$0,$-88,$0,$3,$4,$-2,$0,$0,$0,$0,$0,$-0,$0,$-0,$-2,$-0,$0,$0,$0,$0,$0,$0,$-0,$0,$0,$0,$0,$0,$0,$0,$0,$-2,$0,$0
25,2012-06-30,2.53,$1.35,1.88,0,0.0,$-8.37,0.0,$-3.44,0.0,$0.01B,$0.00B,3.58,$0.00B,$0.01B,0.0,$0.00B,0,nan%,$0.00B,$-0.01B,inf%,$0.00B,$-0.01B,inf%,$0.00B,$-0.01B,inf%,$0.00B,$-0.01B,inf%,$0.00B,$-0.01B,inf%,$-0.01B,$0.01B,-228.57%,$-0.01B,$0.01B,-228.57%,$-0.01B,$0.01B,-168.42%,$-0.01B,$0.01B,-228.57%,$0,$0,$0,$1,$1,$2,$-2,$0,$-2,$-0,$-2,$-2,$-2,$-2,$-2,$2,2,$-0.62,$-0.62,$6,$0,$0,$6,$0,$0,$0,$0,$0,$6,$2,$0,$0,$0,$2,$0,$-85,$0,$5,$6,$-8,$0,$-1,$-1,$0,$0,$0,$0,$1,$-7,$0,$0,$0,$0,$0,$0,$0,$0,$0,$0,$0,$10,$10,$0,$-0,$9,$2,$1,$0
26,2012-03-31,4.56,$0.73,6.22,0,0.0,$-10.36,0.0,$-3.87,0.0,$0.00B,$0.00B,2.18,$0.00B,$0.00B,0.0,$0.00B,0,nan%,$0.00B,$-0.01B,inf%,$0.00B,$-0.01B,inf%,$0.00B,$-0.01B,inf%,$0.00B,$-0.01B,inf%,$0.00B,$-0.01B,inf%,$-0.01B,$0.00B,-290.91%,$-0.01B,$0.00B,-290.91%,$-0.01B,$0.00B,-188.24%,$-0.01B,$0.00B,-254.55%,$0,$0,$0,$1,$1,$2,$-2,$0,$-2,$0,$-2,$-2,$-2,$-2,$-2,$2,2,$-0.93,$-0.93,$3,$0,$0,$3,$0,$0,$0,$0,$0,$3,$1,$0,$0,$0,$1,$0,$-83,$0,$2,$3,$-5,$0,$-1,$-1,$0,$0,$0,$-0,$-0,$-6,$0,$0,$0,$0,$0,$0,$0,$0,$0,$0,$0,$5,$5,$0,$-0,$5,$-1,$0,$0
27,2011-12-31,6.24,$1.61,3.89,0,0.0,$-11.95,0.0,$-4.02,0.0,$0.01B,$0.00B,4.01,$0.00B,$0.00B,0.0,$0.00B,0,nan%,$0.00B,$-0.01B,inf%,$0.00B,$-0.01B,inf%,$0.00B,$-0.01B,inf%,$0.00B,$-0.01B,inf%,$0.00B,$-0.01B,inf%,$-0.01B,$0.00B,-233.33%,$-0.01B,$0.00B,-233.33%,$-0.01B,$0.01B,-147.37%,$-0.01B,$0.00B,-200.00%,$0,$0,$0,$1,$1,$2,$-2,$0,$-2,$0,$-2,$-2,$-2,$-2,$-2,$2,2,$-0.78,$-0.78,$5,$0,$0,$5,$0,$0,$0,$0,$0,$5,$1,$0,$0,$0,$1,$0,$-81,$0,$4,$5,$-3,$0,$-1,$-1,$0,$0,$0,$0,$0,$-4,$0,$0,$0,$0,$0,$0,$0,$0,$0,$0,$0,$5,$5,$0,$-0,$5,$1,$0,$0
28,2011-09-30,8.88,$1.70,5.21,0,0.0,$-12.80,0.0,$-4.92,0.0,$0.01B,$0.00B,3.09,$0.00B,$0.00B,0.0,$0.00B,0,nan%,$0.00B,$-0.01B,inf%,$0.00B,$-0.01B,inf%,$0.00B,$-0.01B,inf%,$0.00B,$-0.01B,inf%,$0.00B,$-0.01B,inf%,$-0.01B,$0.00B,-233.33%,$-0.01B,$0.00B,-233.33%,$-0.01B,$0.01B,-140.00%,$-0.01B,$0.00B,-200.00%,$0,$0,$0,$1,$1,$2,$-2,$0,$-2,$0,$-2,$-2,$-2,$-2,$-2,$2,2,$-1.02,$-1.02,$5,$0,$0,$5,$0,$0,$0,$0,$0,$5,$2,$0,$0,$0,$2,$0,$-79,$0,$3,$5,$-2,$0,$-1,$-1,$0,$0,$0,$0,$0,$-2,$0,$0,$0,$0,$0,$0,$0,$0,$0,$0,$0,$3,$3,$0,$-0,$3,$1,$0,$0
29,2011-06-30,6.12,$1.21,5.05,0,0.0,$-12.98,0.0,$-5.34,0.0,$0.00B,$0.00B,1.74,$0.00B,$0.00B,0.0,$0.00B,0,nan%,$0.00B,$-0.01B,inf%,$0.00B,$-0.01B,inf%,$0.00B,$-0.01B,inf%,$0.00B,$-0.01B,inf%,$0.00B,$-0.01B,inf%,$-0.01B,$0.00B,-186.67%,$-0.01B,$0.00B,-186.67%,$-0.01B,$0.00B,-121.74%,$-0.01B,$0.00B,-160.00%,$0,$0,$0,$0,$1,$1,$-1,$-0,$-2,$0,$-2,$-2,$-2,$-1,$-1,$1,1,$-1.14,$-1.14,$4,$0,$0,$4,$0,$0,$0,$0,$0,$4,$2,$0,$0,$0,$2,$0,$-78,$0,$2,$4,$-7,$0,$1,$1,$0,$0,$-0,$-0,$-1,$-7,$-0,$0,$0,$0,$0,$0,$0,$-0,$0,$0,$0,$1,$1,$0,$0,$1,$-5,$0,$0
30,2011-03-31,9.48,$2.49,3.8,0,0.0,$-16.04,0.0,$-6.18,0.0,$0.01B,$0.00B,2.77,$0.00B,$0.00B,0.0,$0.00B,0,nan%,$0.00B,$-0.01B,inf%,$0.00B,$-0.01B,inf%,$0.00B,$-0.01B,inf%,$0.00B,$-0.01B,inf%,$0.00B,$-0.01B,inf%,$-0.01B,$0.00B,-140.00%,$-0.01B,$0.00B,-140.00%,$-0.01B,$0.01B,-100.00%,$-0.01B,$0.00B,-140.00%,$0,$0,$0,$0,$1,$1,$-1,$0,$-1,$0,$-1,$-1,$-1,$-1,$-1,$1,1,$-1.08,$-1.08,$5,$0,$0,$5,$0,$0,$0,$0,$0,$5,$2,$0,$0,$0,$2,$0,$-76,$0,$3,$5,$-5,$0,$0,$0,$0,$0,$0,$-1,$-0,$-5,$-0,$0,$0,$0,$0,$0,$0,$-0,$0,$0,$0,$1,$1,$0,$0,$1,$-4,$0,$0
31,2010-12-31,5.82,$3.10,1.87,0,0.0,$-18.39,0.0,$-6.90,0.0,$0.01B,$0.00B,2.66,$0.00B,$0.00B,0.0,$0.00B,0,nan%,$0.00B,$-0.01B,inf%,$0.00B,$-0.01B,inf%,$0.00B,$-0.01B,inf%,$0.00B,$-0.01B,inf%,$0.00B,$-0.01B,inf%,$-0.01B,$0.00B,-123.08%,$-0.01B,$0.00B,-123.08%,$-0.01B,$0.01B,-94.12%,$-0.01B,$0.00B,-123.08%,$0,$0,$0,$1,$1,$2,$-2,$0,$-2,$0,$-2,$-2,$-2,$-2,$-2,$1,1,$-1.68,$-1.68,$6,$0,$0,$6,$0,$0,$0,$0,$0,$6,$2,$0,$0,$0,$2,$78,$-75,$0,$4,$6,$-4,$0,$0,$0,$0,$0,$0,$0,$0,$-3,$-0,$0,$0,$0,$0,$0,$0,$-0,$0,$0,$0,$0,$0,$0,$0,$0,$-3,$0,$0
32,2010-09-30,7.02,$4.69,1.5,0,0.0,$-20.88,0.0,$-5.34,0.0,$0.01B,$0.00B,4.04,$0.00B,$0.01B,0.0,$0.00B,0,nan%,$0.00B,$-0.01B,inf%,$0.00B,$-0.01B,inf%,$0.00B,$-0.01B,inf%,$0.00B,$-0.01B,inf%,$0.00B,$-0.01B,inf%,$-0.01B,$0.01B,-84.85%,$-0.01B,$0.01B,-84.85%,$-0.01B,$0.01B,-68.29%,$-0.01B,$0.01B,-84.85%,$0,$0,$0,$1,$1,$2,$-2,$0,$-2,$0,$-2,$-2,$-2,$-2,$-2,$1,1,$-1.44,$-1.44,$7,$0,$0,$8,$0,$0,$0,$0,$0,$8,$2,$0,$0,$0,$2,$0,$-73,$0,$6,$8,$-2,$0,$0,$0,$0,$0,$0,$-0,$0,$-2,$-0,$0,$0,$0,$0,$0,$0,$-0,$0,$0,$0,$0,$0,$0,$0,$0,$-2,$0,$0
33,2010-06-30,7.56,$6.03,1.25,$0.02,356.08,$-22.74,0.0,$-5.70,0.0,$0.01B,$0.00B,5.2,$0.00B,$0.01B,0.0,$0.00B,0,nan%,$0.00B,$-0.01B,inf%,$0.00B,$-0.01B,inf%,$0.00B,$-0.01B,inf%,$0.00B,$-0.01B,inf%,$0.00B,$-0.01B,inf%,$-0.01B,$0.01B,-70.00%,$-0.01B,$0.01B,-70.00%,$-0.01B,$0.01B,-58.33%,$-0.01B,$0.01B,-70.00%,$0,$0,$0,$1,$1,$2,$-2,$0,$-2,$0,$-2,$-2,$-2,$-2,$-2,$1,1,$-1.44,$-1.44,$9,$0,$0,$9,$0,$0,$0,$0,$0,$9,$2,$0,$0,$0,$2,$0,$-71,$0,$7,$9,$-8,$0,$0,$0,$0,$0,$-0,$0,$-2,$-10,$-0,$0,$0,$0,$0,$0,$0,$-0,$0,$0,$0,$0,$0,$0,$0,$0,$-10,$0,$0
34,2010-03-31,30.3,$7.48,4.05,$0.02,1427.13,$-23.21,0.0,$-7.92,0.0,$0.01B,$0.00B,5.0,$0.00B,$0.01B,0.0,$0.00B,0,nan%,$0.00B,$-0.01B,inf%,$0.00B,$-0.01B,inf%,$0.00B,$-0.01B,inf%,$0.00B,$-0.01B,inf%,$0.00B,$-0.01B,inf%,$-0.01B,$0.01B,-83.33%,$-0.01B,$0.01B,-83.33%,$-0.01B,$0.01B,-68.97%,$-0.01B,$0.01B,-83.33%,$0,$0,$0,$2,$1,$2,$-2,$0,$-2,$0,$-2,$-2,$-2,$-2,$-2,$1,1,$-1.80,$-1.80,$11,$0,$0,$11,$0,$0,$0,$0,$0,$11,$2,$0,$0,$0,$2,$0,$-69,$0,$9,$11,$-6,$0,$0,$0,$0,$0,$0,$0,$-2,$-8,$0,$0,$0,$0,$0,$0,$0,$0,$0,$0,$0,$0,$0,$0,$0,$0,$-8,$0,$0
35,2009-12-31,42.0,$9.29,4.52,$0.04,935.15,$-22.18,0.0,$-7.92,0.0,$0.01B,$0.00B,8.65,$0.00B,$0.01B,0.0,$0.00B,0,nan%,$0.00B,$-0.01B,inf%,$0.00B,$-0.01B,inf%,$0.00B,$-0.01B,inf%,$0.00B,$-0.01B,inf%,$0.00B,$-0.01B,inf%,$-0.01B,$0.01B,-66.67%,$-0.01B,$0.01B,-66.67%,$-0.01B,$0.01B,-57.14%,$-0.01B,$0.01B,-66.67%,$0,$0,$0,$1,$0,$1,$-1,$0,$-1,$0,$-1,$-1,$-1,$-1,$-1,$1,1,$-1.20,$-1.20,$13,$0,$0,$13,$0,$0,$0,$0,$0,$13,$1,$0,$0,$0,$1,$0,$-67,$0,$11,$13,$-4,$0,$0,$0,$0,$0,$-0,$0,$-2,$-6,$0,$0,$0,$0,$0,$0,$0,$0,$0,$0,$0,$0,$0,$0,$0,$0,$-6,$0,$0
36,2009-09-30,58.2,$10.46,5.57,$0.11,544.06,$-20.86,0.0,$-9.00,0.0,$0.02B,$0.00B,6.16,$0.00B,$0.01B,0.0,$0.00B,0,nan%,$0.00B,$-0.01B,inf%,$0.00B,$-0.01B,inf%,$0.00B,$-0.01B,inf%,$0.00B,$-0.01B,inf%,$0.00B,$-0.01B,inf%,$-0.01B,$0.01B,-61.11%,$-0.01B,$0.01B,-61.11%,$-0.01B,$0.02B,-53.66%,$-0.01B,$0.01B,-61.11%,$0,$0,$0,$1,$0,$2,$-2,$0,$-2,$0,$-2,$-2,$-2,$-2,$-2,$1,1,$-1.98,$-1.98,$15,$0,$0,$15,$0,$0,$0,$0,$0,$15,$2,$0,$0,$0,$2,$0,$-65,$0,$13,$15,$-2,$0,$0,$0,$0,$0,$1,$0,$-1,$-4,$0,$0,$0,$0,$0,$0,$0,$0,$0,$0,$0,$0,$0,$0,$0,$0,$-4,$0,$0
37,2009-06-30,31.2,$12.42,2.51,$0.17,188.15,$-20.00,0.0,$-7.38,0.0,$0.02B,$0.00B,4.67,$0.00B,$0.02B,0.0,$0.00B,0,nan%,$0.00B,$-0.01B,inf%,$0.00B,$-0.01B,inf%,$0.00B,$-0.01B,inf%,$0.00B,$-0.01B,inf%,$0.00B,$-0.01B,inf%,$-0.01B,$0.02B,-53.01%,$-0.01B,$0.02B,-53.01%,$-0.01B,$0.02B,-46.81%,$-0.01B,$0.02B,-53.01%,$0,$0,$0,$3,$1,$5,$-5,$0,$-5,$0,$-5,$-5,$-5,$-5,$-6,$1,1,$-4.62,$-4.62,$19,$0,$0,$19,$0,$0,$0,$0,$0,$19,$4,$0,$0,$0,$4,$0,$-63,$0,$15,$19,$-11,$0,$0,$0,$0,$0,$-0,$-0,$1,$-11,$0,$0,$0,$0,$0,$0,$0,$0,$0,$0,$0,$10,$10,$0,$0,$10,$-1,$0,$0
38,2009-03-31,24.0,$16.85,1.42,$0.25,97.31,$-21.44,0.0,$-6.18,0.0,$0.02B,$0.00B,8.74,$0.00B,$0.02B,0.0,$0.00B,0,nan%,$0.00B,$-0.01B,inf%,$0.00B,$-0.01B,inf%,$0.00B,$-0.01B,inf%,$0.00B,$-0.01B,inf%,$0.00B,$-0.01B,inf%,$-0.01B,$0.02B,-42.35%,$-0.01B,$0.02B,-42.35%,$-0.01B,$0.02B,-37.89%,$-0.01B,$0.02B,-42.35%,$0,$0,$0,$2,$0,$2,$-2,$0,$-2,$0,$-2,$-2,$-2,$-2,$-2,$1,1,$-1.56,$-1.56,$23,$0,$0,$23,$0,$0,$0,$0,$0,$23,$3,$0,$0,$0,$3,$0,$-57,$0,$21,$23,$-6,$0,$0,$0,$0,$0,$-0,$-0,$-1,$-6,$0,$0,$0,$0,$0,$0,$0,$0,$0,$0,$0,$10,$10,$0,$0,$10,$3,$0,$0
39,2008-12-31,42.0,$18.39,2.28,$0.35,119.06,$-23.47,0.0,$-7.38,0.0,$0.03B,$0.00B,9.88,$0.00B,$0.02B,0.0,$0.00B,0,nan%,$0.00B,$-0.01B,inf%,$0.00B,$-0.01B,inf%,$0.00B,$-0.01B,inf%,$0.00B,$-0.01B,inf%,$0.00B,$-0.01B,inf%,$-0.01B,$0.02B,-47.62%,$-0.01B,$0.02B,-47.62%,$-0.01B,$0.03B,-42.11%,$-0.01B,$0.02B,-47.62%,$0,$0,$0,$1,$0,$2,$-2,$0,$-2,$0,$-2,$-2,$-2,$-2,$-2,$1,1,$-1.20,$-1.20,$25,$0,$0,$25,$0,$0,$0,$0,$0,$25,$3,$0,$0,$0,$3,$0,$-56,$0,$23,$25,$-4,$0,$0,$0,$0,$0,$-0,$-0,$-1,$-5,$0,$0,$0,$0,$0,$0,$0,$0,$0,$0,$0,$10,$10,$0,$0,$10,$5,$0,$0
40,2008-09-30,129.0,$19.73,6.54,$0.48,269.87,$-23.85,0.0,$-7.98,0.0,$0.03B,$0.00B,9.45,$0.00B,$0.02B,0.0,$0.00B,0,nan%,$0.00B,$-0.01B,inf%,$0.00B,$-0.01B,inf%,$0.00B,$-0.01B,inf%,$0.00B,$-0.01B,inf%,$0.00B,$-0.01B,inf%,$-0.01B,$0.02B,-47.62%,$-0.01B,$0.02B,-47.62%,$-0.01B,$0.03B,-41.24%,$-0.01B,$0.02B,-47.62%,$0,$0,$0,$2,$0,$2,$-2,$0,$-2,$0,$-2,$-2,$-2,$-2,$-2,$1,1,$-1.80,$-1.80,$27,$0,$0,$27,$0,$0,$0,$0,$0,$27,$3,$0,$0,$0,$3,$0,$-54,$0,$24,$27,$-2,$0,$0,$0,$0,$0,$-0,$-0,$-1,$-3,$0,$0,$0,$0,$0,$0,$0,$0,$0,$0,$0,$10,$10,$0,$0,$10,$7,$0,$0
41,2008-06-30,154.2,$14.41,10.7,$0.59,259.55,$-23.77,0.0,$-10.80,0.0,$0.02B,$0.00B,5.8,$0.00B,$0.02B,0.0,$0.00B,0,nan%,$0.00B,$-0.01B,inf%,$0.00B,$-0.01B,inf%,$0.00B,$-0.01B,inf%,$0.00B,$-0.01B,inf%,$0.00B,$-0.01B,inf%,$-0.01B,$0.02B,-51.16%,$-0.01B,$0.02B,-51.16%,$-0.01B,$0.02B,-44.44%,$-0.01B,$0.02B,-51.16%,$0,$0,$0,$3,$1,$3,$-3,$0,$-3,$0,$-3,$-3,$-3,$-3,$-3,$1,1,$-3.12,$-3.12,$20,$0,$0,$20,$0,$0,$0,$0,$0,$20,$3,$0,$0,$0,$3,$0,$-52,$0,$17,$20,$-12,$0,$0,$0,$0,$0,$-0,$0,$1,$-11,$0,$0,$0,$0,$0,$0,$0,$0,$0,$0,$0,$15,$15,$0,$-0,$15,$4,$0,$0
42,2008-03-31,144.0,$17.37,8.29,$0.66,217.71,$-23.91,0.0,$-15.60,0.0,$0.02B,$0.00B,7.11,$0.00B,$0.02B,0.0,$0.00B,0,nan%,$0.00B,$-0.01B,inf%,$0.00B,$-0.01B,inf%,$0.00B,$-0.01B,inf%,$0.00B,$-0.01B,inf%,$0.00B,$-0.01B,inf%,$-0.01B,$0.02B,-48.19%,$-0.01B,$0.02B,-48.19%,$-0.01B,$0.02B,-42.11%,$-0.01B,$0.02B,-48.19%,$0,$0,$0,$2,$1,$3,$-3,$0,$-3,$0,$-3,$-3,$-3,$-3,$-3,$1,1,$-3.00,$-3.00,$23,$0,$0,$23,$0,$0,$0,$0,$0,$23,$3,$0,$0,$0,$3,$0,$-48,$0,$20,$23,$-9,$0,$0,$0,$0,$0,$-0,$0,$1,$-8,$0,$0,$0,$0,$0,$0,$0,$0,$0,$0,$0,$15,$15,$0,$0,$15,$7,$0,$0
43,2007-12-31,173.4,$20.27,8.55,$0.69,250.06,$-24.83,0.0,$-14.40,0.0,$0.03B,$0.00B,7.92,$0.00B,$0.02B,0.0,$0.00B,0,nan%,$0.00B,$-0.01B,inf%,$0.00B,$-0.01B,inf%,$0.00B,$-0.01B,inf%,$0.00B,$-0.01B,inf%,$0.00B,$-0.01B,inf%,$-0.01B,$0.02B,-45.57%,$-0.01B,$0.02B,-45.57%,$-0.01B,$0.03B,-40.00%,$-0.01B,$0.02B,-45.57%,$0,$0,$0,$2,$1,$3,$-2,$0,$-2,$0,$-2,$-2,$-2,$-2,$-2,$1,1,$-1.80,$-1.80,$27,$0,$0,$27,$0,$0,$0,$0,$0,$27,$3,$0,$0,$0,$3,$0,$-45,$0,$23,$27,$-6,$0,$0,$0,$0,$0,$-0,$0,$1,$-5,$0,$0,$0,$0,$0,$0,$0,$0,$0,$0,$0,$15,$15,$0,$0,$15,$10,$0,$0
44,2007-09-30,187.2,$22.29,8.4,$0.68,275.57,$-27.08,0.0,$-14.40,0.0,$0.03B,$0.00B,8.43,$0.00B,$0.03B,0.0,$0.00B,0,nan%,$0.00B,$-0.01B,inf%,$0.00B,$-0.01B,inf%,$0.00B,$-0.01B,inf%,$0.00B,$-0.01B,inf%,$0.00B,$-0.01B,inf%,$-0.01B,$0.03B,-48.65%,$-0.01B,$0.03B,-48.65%,$-0.01B,$0.03B,-43.37%,$-0.01B,$0.03B,-48.65%,$0,$0,$0,$3,$1,$4,$-3,$0,$-3,$0,$-3,$-3,$-3,$-3,$-3,$1,1,$-3.00,$-3.00,$29,$0,$0,$29,$0,$0,$0,$0,$0,$29,$3,$0,$0,$0,$3,$0,$-43,$0,$26,$29,$-3,$0,$0,$0,$0,$0,$0,$0,$1,$-2,$0,$0,$0,$0,$0,$0,$0,$0,$0,$0,$0,$15,$15,$0,$0,$15,$13,$0,$0
45,2007-06-30,184.2,$13.04,14.13,$0.61,300.76,$-30.76,0.0,$-19.20,0.0,$0.02B,$0.00B,6.48,$0.00B,$0.01B,0.0,$0.00B,0,nan%,$0.00B,$-0.01B,inf%,$0.00B,$-0.01B,inf%,$0.00B,$-0.01B,inf%,$0.00B,$-0.01B,inf%,$0.00B,$-0.01B,inf%,$-0.01B,$0.01B,-82.35%,$-0.01B,$0.01B,-82.35%,$-0.01B,$0.02B,-74.67%,$-0.01B,$0.01B,-82.35%,$0,$0,$0,$2,$1,$2,$-2,$0,$-2,$0,$-2,$-2,$-2,$-2,$-2,$1,1,$-1.80,$-1.80,$16,$0,$0,$16,$0,$0,$0,$0,$0,$16,$3,$0,$0,$0,$3,$0,$-39,$0,$14,$16,$-14,$0,$2,$2,$0,$0,$1,$0,$1,$-11,$0,$0,$0,$0,$0,$0,$0,$0,$0,$0,$0,$17,$17,$0,$-0,$17,$6,$2,$0
46,2007-03-31,234.6,$14.97,15.67,$0.56,417.21,$-30.09,0.0,$-12.00,0.0,$0.02B,$0.00B,7.25,$0.00B,$0.02B,0.0,$0.00B,0,nan%,$0.00B,$-0.01B,inf%,$0.00B,$-0.01B,inf%,$0.00B,$-0.01B,inf%,$0.00B,$-0.01B,inf%,$0.00B,$-0.01B,inf%,$-0.01B,$0.02B,-82.54%,$-0.01B,$0.02B,-82.54%,$-0.01B,$0.02B,-75.36%,$-0.01B,$0.02B,-82.54%,$0,$0,$0,$1,$0,$2,$-2,$0,$-2,$0,$-2,$-2,$-2,$-2,$-2,$1,1,$-1.80,$-1.80,$18,$0,$0,$18,$0,$0,$0,$0,$0,$18,$3,$0,$0,$0,$3,$0,$-37,$0,$16,$18,$-12,$0,$2,$2,$0,$0,$0,$0,$1,$-9,$0,$0,$0,$0,$0,$0,$0,$0,$0,$0,$0,$17,$17,$0,$0,$17,$8,$2,$0
47,2006-12-31,183.6,$16.64,11.03,$0.51,362.21,$-28.58,0.0,$-13.80,0.0,$0.02B,$0.00B,7.48,$0.00B,$0.02B,0.0,$0.00B,0,nan%,$0.00B,$-0.01B,inf%,$0.00B,$-0.01B,inf%,$0.00B,$-0.01B,inf%,$0.00B,$-0.01B,inf%,$0.00B,$-0.01B,inf%,$-0.01B,$0.02B,-98.25%,$-0.01B,$0.02B,-98.25%,$-0.01B,$0.02B,-87.50%,$-0.01B,$0.02B,-98.25%,$0,$0,$0,$2,$1,$2,$-2,$0,$-2,$0,$-2,$-2,$-2,$-2,$-2,$1,1,$-1.80,$-1.80,$20,$0,$0,$20,$0,$0,$0,$0,$0,$20,$3,$0,$0,$0,$3,$0,$-36,$0,$18,$20,$-10,$0,$2,$2,$0,$0,$0,$0,$2,$-7,$0,$0,$0,$0,$0,$0,$0,$0,$0,$0,$0,$17,$17,$0,$0,$17,$10,$2,$0
