,Date,Stock Price,Book Value per Share,Price to Book Ratio,TTM Sales per Share,Price to Sales Ratio,TTM FCF per Share,Price to FCF Ratio,TTM Net EPS,PE Ratio,Current Assets,Current Liabilities,Current Ratio,Long Term Debt,Shareholder's Equity_x,Debt to Equity Ratio,TTM Revenue_x,TTM Gross Profit,Gross Margin,TTM Revenue_y,TTM Operating Income,Operating Margin,TTM Revenue_x,TTM EBIT,EBIT Margin,TTM Revenue_y,TTM EBITDA,EBITDA Margin,TTM Revenue_x,TTM Pre-Tax Income,Pre-Tax Margin,TTM Revenue_y,TTM Net Income_x,Net Margin,TTM Net Income_y,Shareholder's Equity_y,Return on Equity,TTM Net Income_x,Tangible Equity,Return on Tangible Equity,TTM Net Income_y,Total Assets,Return on Assets,TTM Net Income,LT Investments & Debt,Return on Investment,revenue,cost-goods-sold,gross-profit,research-development-expenses,selling-general-administrative-expenses,operating-expenses,operating-income,total-non-operating-income-expense,pre-tax-income,total-provision-income-taxes,income-after-taxes,income-from-continuous-operations,net-income,ebitda,ebit,basic-shares-outstanding,shares-outstanding,eps-basic-net-earnings-per-share,eps-earnings-per-share-diluted,cash-on-hand,inventory,other-current-assets,total-current-assets,net-property-plant-equipment,long-term-investments,goodwill-intangible-assets-total,other-long-term-assets,total-long-term-assets,total-assets,total-current-liabilities,long-term-debt,other-non-current-liabilities,total-long-term-liabilities,total-liabilities,common-stock-net,retained-earnings-accumulated-deficit,comprehensive-income,total-share-holder-equity,total-liabilities-share-holders-equity,net-income-loss,total-depreciation-amortization-cash-flow,other-non-cash-items,total-non-cash-items,change-in-accounts-receivable,change-in-inventories,change-in-accounts-payable,change-in-assets-liabilities,total-change-in-assets-liabilities,cash-flow-from-operating-activities,net-change-in-property-plant-equipment,net-change-in-intangible-assets,net-acquisitions-divestitures,net-change-in-short-term-investments,net-change-in-long-term-investments,net-change-in-investments-total,investing-activities-other,cash-flow-from-investing-activities,net-long-term-debt,net-current-debt,debt-issuance-retirement-net-total,net-common-equity-issued-repurchased,net-total-equity-issued-repurchased,total-common-preferred-stock-dividends-paid,financial-activities-other,cash-flow-from-financial-activities,net-cash-flow,stock-based-compensation,common-stock-dividends-paid
0,2018-09-30,340.47,$7.56,45.03,$35.05,9.71,$7.25,46.96,$-2.30,0.0,$1.60B,$0.99B,1.62,$0.56B,$0.34B,1.62,$1.55B,$0.70B,44.87%,$1.55B,$-0.13B,-8.58%,$1.55B,$-0.13B,-8.58%,$1.55B,$-0.08B,-5.09%,$1.55B,$-0.12B,-7.93%,$1.55B,$-0.10B,-6.58%,$-0.10B,$0.34B,-37.92%,$-0.10B,$0.23B,-64.45%,$-0.10B,$2.02B,-5.89%,$-0.13B,$0.90B,-20.53%,$355,$186,$170,$35,$145,$366,$-11,$-3,$-14,$-4,$-10,$-10,$-10,$9,$-11,$45,45,$-0.23,$-0.23,$1145,$7,$54,$1602,$138,$3,$107,$43,$417,$2018,$990,$555,$40,$687,$1677,$0,$506,$-386,$342,$2018,$-34,$52,$-50,$3,$107,$-6,$83,$-7,$228,$196,$-70,$-0,$-2,$0,$150,$150,$-56,$22,$-271,$0,$-271,$0,$0,$-7,$848,$571,$689,$28,$-7
1,2018-06-30,298.93,$3.50,85.31,$33.99,8.79,$8.72,34.27,$-1.44,0.0,$1.13B,$0.98B,1.15,$0.33B,$0.16B,2.15,$1.50B,$0.70B,46.77%,$1.50B,$-0.09B,-6.26%,$1.50B,$-0.09B,-6.26%,$1.50B,$-0.05B,-3.00%,$1.50B,$-0.07B,-4.80%,$1.50B,$-0.06B,-4.26%,$-0.06B,$0.16B,-22.46%,$-0.06B,$0.05B,-37.37%,$-0.06B,$1.52B,-3.92%,$-0.09B,$0.49B,-15.60%,$335,$176,$160,$33,$155,$364,$-28,$9,$-19,$-8,$-11,$-11,$-11,$-14,$-28,$44,44,$-0.25,$-0.25,$593,$8,$62,$1125,$113,$11,$103,$61,$394,$1519,$975,$333,$33,$390,$1365,$0,$516,$-386,$155,$1519,$-24,$32,$-39,$-7,$75,$-6,$33,$-6,$138,$107,$-47,$-0,$0,$0,$142,$142,$-67,$29,$132,$0,$132,$0,$0,$-7,$-46,$79,$136,$17,$-7
2,2018-03-31,356.39,$5.73,62.24,$32.82,10.86,$11.69,30.48,$-1.07,0.0,$1.29B,$1.09B,1.18,$0.32B,$0.25B,1.25,$1.45B,$0.71B,49.24%,$1.45B,$-0.04B,-2.48%,$1.45B,$-0.04B,-2.48%,$1.45B,$0.01B,0.69%,$1.45B,$-0.04B,-2.83%,$1.45B,$-0.05B,-3.31%,$-0.05B,$0.25B,-13.30%,$-0.05B,$0.14B,-19.73%,$-0.05B,$1.72B,-2.94%,$-0.04B,$0.57B,-5.36%,$321,$158,$163,$38,$154,$350,$-29,$4,$-25,$-12,$-13,$-13,$-13,$-11,$-29,$44,44,$-0.29,$-0.29,$510,$3,$68,$1286,$123,$33,$116,$68,$434,$1720,$1086,$315,$40,$381,$1467,$0,$527,$-299,$253,$1720,$-13,$18,$-19,$-1,$-23,$-1,$0,$-22,$-23,$-37,$-23,$-0,$0,$0,$51,$51,$-52,$-24,$76,$0,$76,$0,$0,$-7,$-46,$24,$-38,$16,$-7
3,2017-12-31,314.66,$7.38,42.65,$31.66,9.94,$15.13,20.79,$0.32,983.31,$1.29B,$0.97B,1.33,$0.31B,$0.33B,0.96,$1.40B,$0.72B,51.47%,$1.40B,$0.06B,4.00%,$1.40B,$0.06B,4.00%,$1.40B,$0.10B,7.01%,$1.40B,$0.05B,3.86%,$1.40B,$0.01B,1.00%,$0.01B,$0.33B,3.35%,$0.01B,$0.21B,4.68%,$0.01B,$1.67B,0.89%,$0.06B,$0.64B,7.71%,$540,$336,$203,$34,$148,$604,$-65,$-0,$-65,$3,$-68,$-68,$-68,$-63,$-65,$44,44,$-1.54,$-1.54,$598,$3,$58,$1287,$115,$35,$115,$64,$386,$1673,$968,$312,$43,$379,$1347,$0,$538,$-283,$326,$1673,$14,$41,$119,$160,$-279,$-2,$242,$-16,$95,$269,$-75,$-0,$-9,$0,$160,$160,$-99,$-23,$43,$0,$43,$0,$0,$-26,$-67,$-51,$154,$36,$-26
4,2017-09-30,258.81,$9.20,28.14,$25.25,10.25,$13.30,19.45,$3.01,85.98,$1.18B,$0.82B,1.44,$0.31B,$0.41B,0.76,$1.12B,$0.68B,60.99%,$1.12B,$0.19B,16.68%,$1.12B,$0.19B,16.68%,$1.12B,$0.23B,20.18%,$1.12B,$0.19B,16.77%,$1.12B,$0.13B,11.93%,$0.13B,$0.41B,29.95%,$0.13B,$0.29B,41.02%,$0.13B,$1.62B,8.90%,$0.19B,$0.72B,24.80%,$305,$129,$176,$32,$116,$277,$28,$9,$37,$9,$28,$28,$28,$43,$28,$44,44,$0.63,$0.63,$636,$2,$48,$1182,$136,$46,$120,$68,$436,$1618,$823,$309,$39,$389,$1212,$0,$612,$-277,$406,$1618,$82,$39,$29,$68,$-127,$-1,$152,$-3,$93,$242,$-52,$-0,$0,$0,$191,$191,$-47,$92,$9,$0,$9,$0,$0,$-20,$-67,$-78,$227,$29,$-20
5,2017-06-30,250.62,$10.40,24.11,$23.57,10.63,$10.94,22.9,$3.26,76.88,$0.96B,$0.68B,1.42,$0.31B,$0.46B,0.67,$1.04B,$0.65B,62.44%,$1.04B,$0.21B,20.37%,$1.04B,$0.21B,20.37%,$1.04B,$0.25B,23.82%,$1.04B,$0.20B,19.40%,$1.04B,$0.14B,13.83%,$0.14B,$0.46B,32.63%,$0.14B,$0.34B,44.86%,$0.14B,$1.51B,10.25%,$0.21B,$0.77B,28.48%,$284,$112,$172,$30,$108,$254,$30,$-18,$12,$7,$5,$5,$5,$41,$30,$44,44,$0.12,$0.12,$589,$1,$43,$958,$131,$186,$119,$59,$553,$1511,$676,$307,$32,$376,$1052,$0,$591,$-270,$459,$1511,$54,$24,$29,$53,$29,$0,$63,$-6,$120,$226,$-34,$-0,$0,$0,$14,$14,$-20,$-41,$5,$0,$5,$0,$0,$-13,$0,$-8,$149,$22,$-13
6,2017-03-31,211.13,$10.92,19.33,$21.66,9.75,$6.76,31.22,$3.50,60.32,$0.95B,$0.64B,1.48,$0.31B,$0.48B,0.63,$0.96B,$0.60B,63.11%,$0.96B,$0.21B,22.36%,$0.96B,$0.21B,22.36%,$0.96B,$0.25B,25.71%,$0.96B,$0.22B,22.78%,$0.96B,$0.16B,16.20%,$0.16B,$0.48B,37.10%,$0.16B,$0.36B,52.41%,$0.16B,$1.48B,11.82%,$0.21B,$0.79B,29.79%,$270,$101,$169,$30,$75,$206,$63,$6,$70,$21,$49,$49,$49,$77,$63,$44,44,$1.10,$1.10,$567,$0,$28,$946,$132,$170,$122,$61,$537,$1484,$638,$305,$22,$364,$1001,$0,$593,$-248,$482,$1484,$49,$13,$1,$14,$28,$1,$0,$0,$42,$105,$-13,$-0,$0,$0,$-22,$-22,$-5,$-39,$1,$0,$1,$0,$0,$-7,$0,$-5,$67,$9,$-7
7,2016-12-31,155.78,$9.71,16.04,$19.12,8.15,$4.06,38.33,$3.08,50.58,$0.87B,$0.58B,1.51,$0.30B,$0.43B,0.7,$0.85B,$0.54B,63.55%,$0.85B,$0.18B,21.42%,$0.85B,$0.18B,21.42%,$0.85B,$0.21B,24.85%,$0.85B,$0.19B,21.89%,$0.85B,$0.14B,16.09%,$0.14B,$0.43B,35.28%,$0.14B,$0.31B,51.52%,$0.14B,$1.37B,11.23%,$0.18B,$0.73B,26.47%,$256,$94,$163,$26,$72,$192,$65,$3,$68,$16,$51,$51,$51,$64,$65,$44,44,$1.17,$1.17,$487,$1,$26,$869,$124,$154,$118,$57,$498,$1367,$577,$302,$26,$362,$939,$0,$551,$-260,$429,$1367,$136,$29,$28,$57,$-196,$-1,$164,$-18,$-3,$190,$-77,$-0,$-7,$0,$7,$7,$-7,$-84,$5,$0,$5,$0,$0,$-24,$0,$-20,$67,$23,$-24
8,2016-09-30,184.37,$8.95,20.61,$17.41,10.59,$5.09,36.19,$2.80,65.84,$0.76B,$0.50B,1.53,$0.30B,$0.40B,0.76,$0.77B,$0.49B,63.90%,$0.77B,$0.15B,19.48%,$0.77B,$0.15B,19.48%,$0.77B,$0.17B,22.47%,$0.77B,$0.17B,22.08%,$0.77B,$0.12B,16.10%,$0.12B,$0.40B,34.16%,$0.12B,$0.27B,51.19%,$0.12B,$1.26B,11.06%,$0.15B,$0.69B,22.74%,$231,$85,$146,$26,$66,$177,$54,$-1,$52,$13,$39,$39,$39,$66,$54,$44,44,$0.88,$0.88,$472,$1,$22,$759,$121,$155,$122,$54,$497,$1256,$496,$299,$29,$365,$861,$0,$506,$-249,$395,$1256,$85,$30,$20,$49,$-95,$-1,$100,$-5,$13,$148,$-62,$-0,$-7,$0,$-23,$-23,$0,$-92,$-3,$0,$-3,$0,$0,$-18,$0,$-20,$21,$19,$-18
9,2016-06-30,140.1,$8.26,16.97,$16.00,8.75,$4.83,28.99,$2.95,47.49,$0.67B,$0.42B,1.59,$0.30B,$0.37B,0.81,$0.71B,$0.46B,64.69%,$0.71B,$0.14B,19.92%,$0.71B,$0.14B,19.92%,$0.71B,$0.16B,23.02%,$0.71B,$0.17B,23.45%,$0.71B,$0.13B,18.50%,$0.13B,$0.37B,36.90%,$0.13B,$0.24B,55.92%,$0.13B,$1.14B,12.20%,$0.14B,$0.66B,21.69%,$200,$73,$126,$24,$56,$167,$32,$-4,$28,$12,$16,$16,$16,$39,$32,$44,44,$0.36,$0.36,$395,$1,$15,$673,$105,$158,$125,$43,$467,$1140,$422,$297,$24,$353,$776,$0,$474,$-247,$365,$1140,$46,$18,$19,$37,$-81,$-1,$59,$-1,$-38,$45,$-38,$-0,$-7,$0,$6,$6,$0,$-39,$-6,$0,$-6,$0,$0,$-11,$0,$-17,$-23,$10,$-11
10,2016-03-31,117.24,$8.00,14.66,$14.98,7.83,$6.32,18.55,$3.03,38.69,$0.61B,$0.39B,1.57,$0.30B,$0.35B,0.84,$0.66B,$0.44B,65.86%,$0.66B,$0.14B,21.75%,$0.66B,$0.14B,21.75%,$0.66B,$0.17B,25.53%,$0.66B,$0.17B,25.83%,$0.66B,$0.13B,20.24%,$0.13B,$0.35B,38.31%,$0.13B,$0.23B,59.16%,$0.13B,$1.08B,12.83%,$0.14B,$0.65B,22.41%,$158,$55,$102,$22,$50,$127,$30,$7,$37,$7,$30,$30,$30,$41,$30,$44,44,$0.68,$0.68,$340,$0,$16,$605,$90,$188,$120,$48,$478,$1083,$386,$296,$20,$344,$730,$0,$464,$-249,$353,$1083,$30,$11,$-3,$8,$-85,$-0,$24,$-3,$-50,$-12,$-15,$-0,$-2,$0,$18,$18,$0,$1,$-1,$0,$-1,$0,$0,$-5,$0,$-5,$-22,$3,$-5
11,2015-12-31,113.6,$7.69,14.78,$14.76,7.7,$7.64,14.88,$2.39,47.53,$0.55B,$0.32B,1.69,$0.29B,$0.34B,0.87,$0.65B,$0.44B,67.02%,$0.65B,$0.14B,21.47%,$0.65B,$0.14B,21.47%,$0.65B,$0.16B,25.00%,$0.65B,$0.15B,23.01%,$0.65B,$0.11B,16.26%,$0.11B,$0.34B,30.79%,$0.11B,$0.22B,46.29%,$0.11B,$1.00B,10.42%,$0.14B,$0.63B,22.06%,$181,$63,$118,$22,$61,$147,$34,$19,$53,$14,$39,$39,$39,$27,$34,$44,44,$0.89,$0.89,$369,$0,$10,$545,$82,$188,$116,$44,$458,$1004,$322,$294,$20,$342,$664,$0,$441,$-239,$339,$1004,$106,$23,$50,$73,$-146,$-0,$119,$5,$42,$221,$-63,$-2,$-45,$0,$-74,$-74,$0,$-184,$-4,$0,$-4,$-3,$-3,$-21,$0,$-28,$-56,$10,$-21
12,2015-09-30,90.39,$8.23,10.98,$14.32,6.31,$7.72,11.71,$2.27,39.82,$0.63B,$0.37B,1.7,$0.29B,$0.36B,0.81,$0.63B,$0.43B,68.51%,$0.63B,$0.15B,23.89%,$0.63B,$0.15B,23.89%,$0.63B,$0.19B,30.06%,$0.63B,$0.15B,23.26%,$0.63B,$0.10B,15.98%,$0.10B,$0.36B,28.98%,$0.10B,$0.24B,42.26%,$0.10B,$1.07B,10.01%,$0.15B,$0.66B,23.76%,$169,$57,$112,$17,$50,$123,$45,$2,$48,$2,$46,$46,$46,$56,$45,$44,44,$1.03,$1.03,$341,$0,$24,$625,$83,$186,$122,$37,$444,$1069,$367,$293,$22,$338,$705,$0,$406,$-181,$363,$1069,$67,$30,$27,$57,$-172,$-0,$101,$-8,$-13,$111,$-37,$-2,$-45,$0,$-12,$-12,$0,$-95,$0,$0,$0,$-3,$-3,$-16,$0,$-19,$-50,$8,$-16
13,2015-06-30,140.5,$7.80,18.01,$13.85,10.14,$8.61,16.31,$2.00,70.25,$0.55B,$0.35B,1.58,$0.29B,$0.34B,0.83,$0.61B,$0.43B,69.72%,$0.61B,$0.15B,25.04%,$0.61B,$0.15B,25.04%,$0.61B,$0.19B,31.10%,$0.61B,$0.15B,24.71%,$0.61B,$0.09B,14.57%,$0.09B,$0.34B,25.95%,$0.09B,$0.21B,36.89%,$0.09B,$1.02B,9.12%,$0.15B,$0.63B,24.38%,$154,$50,$104,$20,$50,$120,$35,$-1,$33,$14,$19,$19,$19,$45,$35,$44,44,$0.44,$0.44,$338,$0,$16,$547,$83,$209,$136,$32,$473,$1021,$346,$287,$22,$331,$676,$0,$365,$-159,$344,$1021,$21,$20,$38,$57,$-72,$0,$52,$-2,$19,$97,$-24,$-1,$-45,$0,$-25,$-25,$0,$-95,$-4,$0,$-4,$-3,$-3,$-12,$0,$-19,$-53,$8,$-12
14,2015-03-31,121.4,$7.50,16.19,$13.34,9.1,$8.62,14.09,$0.98,123.87,$0.59B,$0.32B,1.82,$0.29B,$0.33B,0.86,$0.59B,$0.42B,70.80%,$0.59B,$0.11B,19.02%,$0.59B,$0.11B,19.02%,$0.59B,$0.14B,24.28%,$0.59B,$0.10B,16.81%,$0.59B,$0.04B,7.47%,$0.04B,$0.33B,12.91%,$0.04B,$0.24B,17.67%,$0.04B,$0.98B,4.67%,$0.11B,$0.62B,17.98%,$148,$45,$103,$17,$44,$123,$26,$-9,$16,$15,$2,$2,$2,$35,$26,$44,44,$0.04,$0.04,$368,$0,$15,$588,$76,$190,$88,$20,$389,$977,$323,$286,$18,$323,$646,$0,$350,$-157,$331,$977,$2,$9,$34,$43,$-83,$0,$49,$-3,$-6,$38,$-7,$-1,$0,$0,$12,$12,$0,$3,$-0,$0,$-0,$0,$0,$-7,$0,$-7,$-3,$3,$-7
15,2014-12-31,126.39,$8.06,15.69,$12.60,10.03,$8.39,15.07,$1.63,77.54,$0.53B,$0.29B,1.82,$0.28B,$0.36B,0.79,$0.56B,$0.40B,71.58%,$0.56B,$0.12B,21.58%,$0.56B,$0.12B,21.58%,$0.56B,$0.15B,26.26%,$0.56B,$0.12B,21.94%,$0.56B,$0.07B,12.95%,$0.07B,$0.36B,20.84%,$0.07B,$0.26B,27.56%,$0.07B,$0.97B,8.49%,$0.12B,$0.64B,21.55%,$161,$48,$114,$16,$52,$116,$45,$5,$50,$16,$34,$34,$34,$54,$45,$44,44,$0.76,$0.76,$372,$0,$14,$533,$92,$205,$92,$24,$434,$967,$293,$282,$18,$318,$611,$0,$353,$-135,$356,$967,$73,$25,$46,$71,$-82,$0,$61,$5,$53,$197,$-34,$-1,$-41,$0,$-246,$-246,$0,$-322,$-8,$0,$-8,$-2,$-2,$-28,$302,$264,$83,$12,$-28
16,2014-09-30,107.43,$7.72,13.92,$12.00,8.95,$5.36,20.04,$1.80,59.68,$0.57B,$0.28B,2.01,$0.28B,$0.34B,0.83,$0.53B,$0.38B,72.08%,$0.53B,$0.13B,23.96%,$0.53B,$0.13B,23.96%,$0.53B,$0.15B,27.74%,$0.53B,$0.13B,24.15%,$0.53B,$0.08B,14.91%,$0.08B,$0.34B,23.08%,$0.08B,$0.25B,29.73%,$0.08B,$0.94B,10.47%,$0.13B,$0.62B,26.25%,$148,$43,$105,$14,$44,$101,$47,$5,$52,$18,$34,$34,$34,$56,$47,$44,44,$0.76,$0.76,$407,$0,$15,$570,$84,$159,$90,$24,$369,$939,$283,$283,$13,$315,$598,$0,$327,$-123,$341,$939,$38,$16,$46,$63,$-86,$0,$48,$0,$38,$138,$-24,$-1,$-32,$0,$-215,$-215,$0,$-272,$-3,$0,$-3,$-2,$-2,$-21,$302,$276,$97,$6,$-21
17,2014-06-30,94.19,$7.58,12.43,$11.43,8.24,$3.84,24.55,$1.70,55.4,$0.61B,$0.24B,2.55,$0.28B,$0.34B,0.83,$0.51B,$0.37B,72.48%,$0.51B,$0.12B,23.17%,$0.51B,$0.12B,23.17%,$0.51B,$0.13B,26.14%,$0.51B,$0.12B,23.17%,$0.51B,$0.07B,14.65%,$0.07B,$0.34B,21.89%,$0.07B,$0.24B,27.59%,$0.07B,$0.89B,11.18%,$0.12B,$0.61B,28.62%,$132,$36,$95,$12,$40,$138,$-6,$-13,$-19,$7,$-26,$-26,$-26,$-2,$-6,$44,44,$-0.58,$-0.58,$491,$0,$9,$614,$84,$52,$96,$26,$274,$888,$240,$278,$12,$313,$553,$0,$300,$-103,$335,$888,$5,$8,$52,$60,$-38,$0,$22,$6,$23,$88,$-15,$-2,$-32,$0,$-28,$-28,$0,$-77,$-3,$0,$-3,$-2,$-2,$-14,$303,$285,$245,$2,$-14
18,2014-03-31,93.73,$7.92,11.83,$10.99,8.53,$2.66,35.3,$2.95,31.77,$0.34B,$0.23B,1.49,$0.00B,$0.35B,0.01,$0.49B,$0.35B,72.58%,$0.49B,$0.16B,32.58%,$0.49B,$0.16B,32.58%,$0.49B,$0.17B,35.46%,$0.49B,$0.18B,36.49%,$0.49B,$0.13B,26.80%,$0.13B,$0.35B,39.22%,$0.13B,$0.29B,48.28%,$0.13B,$0.60B,22.72%,$0.16B,$0.35B,47.48%,$115,$32,$84,$12,$38,$81,$34,$5,$39,$9,$30,$30,$30,$38,$34,$44,44,$0.69,$0.69,$219,$0,$9,$337,$129,$45,$58,$25,$261,$598,$227,$2,$10,$21,$248,$0,$333,$-104,$350,$598,$30,$4,$-9,$-5,$-19,$0,$7,$3,$2,$28,$-7,$-0,$0,$0,$-7,$-7,$0,$-14,$-1,$0,$-1,$0,$0,$-6,$0,$-7,$-9,$1,$-6
19,2013-12-31,106.04,$7.78,13.63,$10.70,9.91,$2.80,37.81,$2.66,39.86,$0.33B,$0.22B,1.46,$0.00B,$0.34B,0.01,$0.47B,$0.34B,72.30%,$0.47B,$0.15B,32.35%,$0.47B,$0.15B,32.35%,$0.47B,$0.17B,34.88%,$0.47B,$0.16B,34.46%,$0.47B,$0.12B,24.74%,$0.12B,$0.34B,36.68%,$0.12B,$0.28B,46.11%,$0.12B,$0.59B,21.33%,$0.15B,$0.35B,47.85%,$135,$36,$98,$10,$37,$83,$52,$4,$56,$15,$41,$41,$41,$55,$52,$44,44,$0.93,$0.93,$217,$0,$11,$326,$131,$46,$62,$24,$266,$592,$224,$2,$13,$25,$249,$0,$310,$-87,$343,$592,$118,$12,$0,$12,$-50,$0,$48,$-11,$13,$143,$-114,$-0,$-3,$0,$39,$39,$0,$-79,$16,$0,$16,$-1,$-1,$-24,$0,$-9,$39,$12,$-24
20,2013-09-30,132.54,$7.34,18.05,$10.00,13.25,$4.94,26.82,$2.42,54.77,$0.32B,$0.22B,1.44,$0.00B,$0.32B,0.0,$0.44B,$0.32B,72.40%,$0.44B,$0.14B,31.67%,$0.44B,$0.14B,31.67%,$0.44B,$0.15B,34.39%,$0.44B,$0.15B,33.71%,$0.44B,$0.11B,23.98%,$0.11B,$0.32B,34.67%,$0.11B,$0.26B,44.40%,$0.11B,$0.57B,20.37%,$0.14B,$0.32B,45.79%,$123,$34,$89,$12,$39,$86,$37,$4,$41,$12,$29,$29,$29,$41,$37,$44,44,$0.66,$0.66,$219,$0,$15,$318,$80,$70,$64,$6,$252,$569,$220,$0,$12,$25,$245,$0,$276,$-72,$324,$569,$77,$9,$9,$18,$-25,$0,$32,$3,$28,$123,$-76,$0,$-3,$0,$1,$1,$0,$-78,$14,$0,$14,$-1,$-1,$-17,$0,$-5,$27,$10,$-17
21,2013-06-30,105.75,$7.00,15.12,$9.42,11.23,$5.51,19.18,$2.35,45.0,$0.31B,$0.20B,1.58,$0.00B,$0.31B,0.0,$0.42B,$0.30B,72.84%,$0.42B,$0.14B,32.93%,$0.42B,$0.14B,32.93%,$0.42B,$0.15B,35.34%,$0.42B,$0.14B,34.62%,$0.42B,$0.10B,24.76%,$0.10B,$0.31B,35.30%,$0.10B,$0.24B,46.09%,$0.10B,$0.53B,21.20%,$0.14B,$0.31B,46.96%,$112,$31,$81,$10,$36,$77,$35,$5,$41,$11,$30,$30,$30,$38,$35,$44,44,$0.67,$0.67,$202,$0,$11,$313,$80,$59,$66,$6,$217,$530,$199,$0,$10,$22,$221,$0,$253,$-64,$309,$530,$47,$5,$6,$11,$-39,$0,$22,$5,$0,$59,$-38,$-0,$-3,$0,$37,$37,$0,$-4,$0,$0,$0,$-1,$-1,$-11,$0,$-12,$30,$4,$-11
22,2013-03-31,94.63,$6.79,13.93,$8.89,10.64,$6.17,15.33,$2.25,42.06,$0.29B,$0.18B,1.58,$0.00B,$0.30B,0.0,$0.39B,$0.29B,73.03%,$0.39B,$0.13B,34.10%,$0.39B,$0.13B,34.10%,$0.39B,$0.14B,36.39%,$0.39B,$0.14B,35.11%,$0.39B,$0.10B,24.94%,$0.10B,$0.30B,35.44%,$0.10B,$0.23B,47.23%,$0.10B,$0.50B,21.63%,$0.13B,$0.30B,48.46%,$103,$29,$74,$9,$36,$74,$29,$-3,$25,$8,$18,$18,$17,$31,$29,$44,44,$0.40,$0.40,$198,$0,$15,$289,$38,$95,$70,$6,$215,$503,$183,$0,$8,$20,$203,$0,$229,$-50,$300,$503,$17,$3,$6,$8,$-7,$0,$9,$0,$4,$30,$-3,$0,$-3,$0,$10,$10,$0,$4,$0,$0,$0,$0,$0,$-5,$0,$-5,$21,$2,$-5
23,2012-12-31,76.87,$6.56,11.71,$8.46,9.08,$5.90,13.02,$2.30,33.42,$0.28B,$0.17B,1.62,$0.00B,$0.29B,0.0,$0.37B,$0.28B,73.80%,$0.37B,$0.13B,34.76%,$0.37B,$0.13B,34.76%,$0.37B,$0.14B,37.17%,$0.37B,$0.14B,37.43%,$0.37B,$0.10B,27.01%,$0.10B,$0.29B,38.70%,$0.10B,$0.22B,52.67%,$0.10B,$0.48B,23.96%,$0.13B,$0.29B,49.81%,$104,$27,$76,$7,$30,$65,$39,$3,$42,$12,$30,$30,$30,$42,$39,$44,44,$0.69,$0.69,$195,$0,$11,$275,$38,$86,$68,$6,$203,$479,$170,$0,$6,$19,$189,$0,$218,$-49,$290,$479,$101,$9,$-4,$5,$-24,$0,$40,$-0,$33,$140,$-17,$-1,$0,$0,$-66,$-66,$0,$-85,$0,$0,$0,$0,$0,$-18,$0,$-18,$34,$4,$-18
24,2012-09-30,80.67,$6.07,13.28,$8.07,10.0,$4.71,17.13,$2.08,38.78,$0.26B,$0.14B,1.78,$0.00B,$0.27B,0.0,$0.36B,$0.27B,74.72%,$0.36B,$0.12B,33.71%,$0.36B,$0.12B,33.71%,$0.36B,$0.13B,35.96%,$0.36B,$0.13B,36.24%,$0.36B,$0.09B,26.12%,$0.09B,$0.27B,38.23%,$0.09B,$0.20B,53.45%,$0.09B,$0.43B,23.80%,$0.12B,$0.27B,49.33%,$97,$26,$72,$8,$30,$64,$34,$2,$36,$10,$26,$26,$26,$36,$34,$44,44,$0.59,$0.59,$178,$0,$8,$255,$35,$59,$69,$6,$176,$431,$143,$0,$7,$19,$163,$0,$193,$-45,$268,$431,$71,$6,$-3,$3,$-23,$0,$20,$1,$9,$84,$-12,$-1,$0,$0,$-24,$-24,$0,$-37,$0,$0,$0,$0,$0,$-13,$0,$-13,$31,$3,$-13
25,2012-06-30,73.97,$5.61,13.18,$7.72,9.59,$4.10,18.03,$2.09,35.39,$0.23B,$0.13B,1.77,$0.00B,$0.25B,0.0,$0.34B,$0.26B,75.07%,$0.34B,$0.12B,34.02%,$0.34B,$0.12B,34.02%,$0.34B,$0.12B,36.36%,$0.34B,$0.13B,37.54%,$0.34B,$0.09B,27.27%,$0.09B,$0.25B,40.74%,$0.09B,$0.18B,58.58%,$0.09B,$0.40B,25.53%,$0.12B,$0.25B,50.82%,$89,$24,$65,$6,$27,$57,$32,$3,$35,$10,$25,$25,$25,$34,$32,$44,44,$0.57,$0.57,$171,$0,$7,$234,$35,$50,$69,$6,$165,$399,$132,$0,$6,$19,$151,$0,$171,$-44,$248,$399,$45,$4,$-4,$0,$-9,$0,$13,$3,$13,$58,$-8,$-1,$0,$0,$-19,$-19,$0,$-28,$0,$0,$0,$0,$0,$-8,$0,$-8,$20,$2,$-8
26,2012-03-31,95.29,$5.38,17.7,$7.28,13.1,$3.43,27.77,$1.86,51.23,$0.22B,$0.12B,1.81,$0.00B,$0.24B,0.0,$0.32B,$0.24B,75.70%,$0.32B,$0.11B,33.02%,$0.32B,$0.11B,33.02%,$0.32B,$0.11B,35.20%,$0.32B,$0.12B,35.83%,$0.32B,$0.08B,25.86%,$0.08B,$0.24B,38.47%,$0.08B,$0.17B,56.46%,$0.08B,$0.38B,24.29%,$0.11B,$0.24B,49.13%,$84,$21,$63,$8,$30,$59,$25,$2,$27,$7,$20,$20,$20,$27,$25,$44,44,$0.45,$0.45,$159,$0,$6,$217,$33,$43,$71,$6,$159,$377,$120,$0,$6,$19,$139,$0,$151,$-34,$238,$377,$20,$2,$1,$3,$2,$0,$-0,$1,$-3,$19,$-4,$-0,$0,$0,$-3,$-3,$0,$-7,$0,$0,$0,$0,$0,$-4,$0,$-4,$8,$2,$-4
27,2011-12-31,77.43,$4.97,15.59,$6.77,11.44,$3.36,23.02,$1.73,44.75,$0.20B,$0.12B,1.69,$0.00B,$0.22B,0.0,$0.30B,$0.23B,76.17%,$0.30B,$0.10B,33.56%,$0.30B,$0.10B,33.56%,$0.30B,$0.11B,35.91%,$0.30B,$0.11B,36.24%,$0.30B,$0.08B,25.84%,$0.08B,$0.22B,38.12%,$0.08B,$0.15B,57.04%,$0.08B,$0.36B,24.12%,$0.10B,$0.22B,49.50%,$86,$21,$66,$7,$30,$58,$29,$2,$31,$9,$22,$22,$22,$31,$29,$44,44,$0.47,$0.47,$142,$0,$7,$200,$31,$44,$69,$6,$156,$356,$118,$0,$6,$18,$137,$0,$136,$-37,$219,$356,$77,$7,$-2,$5,$-29,$0,$28,$-2,$8,$89,$-19,$-0,$-5,$0,$-42,$-42,$0,$-67,$0,$0,$0,$0,$0,$-11,$0,$-11,$11,$4,$-11
28,2011-09-30,52.27,$4.71,11.1,$6.22,8.4,$3.00,17.4,$1.62,32.26,$0.17B,$0.10B,1.67,$0.00B,$0.21B,0.0,$0.27B,$0.21B,76.64%,$0.27B,$0.09B,33.58%,$0.27B,$0.09B,33.58%,$0.27B,$0.10B,35.77%,$0.27B,$0.10B,36.13%,$0.27B,$0.07B,25.91%,$0.07B,$0.21B,37.32%,$0.07B,$0.14B,57.26%,$0.07B,$0.33B,23.85%,$0.09B,$0.21B,48.36%,$82,$20,$62,$6,$26,$52,$30,$5,$35,$9,$26,$26,$26,$32,$30,$44,44,$0.60,$0.60,$127,$0,$6,$174,$31,$41,$70,$5,$151,$325,$104,$0,$5,$13,$117,$0,$118,$-34,$208,$325,$55,$5,$-1,$4,$-14,$0,$16,$-5,$3,$62,$-17,$-0,$-5,$0,$-29,$-29,$0,$-52,$0,$0,$0,$0,$0,$-7,$0,$-7,$2,$3,$-7
29,2011-06-30,77.04,$4.48,17.21,$5.64,13.65,$2.69,28.61,$1.45,53.13,$0.16B,$0.10B,1.58,$0.00B,$0.20B,0.0,$0.25B,$0.19B,77.82%,$0.25B,$0.08B,32.66%,$0.25B,$0.08B,32.66%,$0.25B,$0.09B,35.08%,$0.25B,$0.08B,33.87%,$0.25B,$0.06B,25.81%,$0.06B,$0.20B,36.11%,$0.06B,$0.13B,57.02%,$0.06B,$0.31B,23.13%,$0.08B,$0.20B,45.70%,$69,$17,$52,$6,$25,$48,$22,$1,$22,$8,$15,$15,$15,$23,$22,$44,44,$0.34,$0.34,$117,$0,$6,$159,$31,$50,$65,$1,$149,$309,$101,$0,$5,$10,$111,$0,$95,$-18,$198,$309,$29,$3,$1,$5,$-2,$0,$7,$1,$0,$34,$-13,$-0,$0,$0,$-30,$-30,$0,$-43,$0,$0,$0,$0,$0,$-4,$0,$-4,$-13,$2,$-4
30,2011-03-31,79.18,$4.15,19.09,$5.26,15.05,$2.73,28.99,$1.37,57.8,$0.09B,$0.09B,1.0,$0.00B,$0.18B,0.0,$0.23B,$0.18B,78.45%,$0.23B,$0.08B,33.62%,$0.23B,$0.08B,33.62%,$0.23B,$0.08B,36.21%,$0.23B,$0.08B,33.62%,$0.23B,$0.06B,26.29%,$0.06B,$0.18B,37.83%,$0.06B,$0.12B,62.89%,$0.06B,$0.29B,24.23%,$0.08B,$0.18B,48.37%,$61,$14,$47,$5,$23,$42,$19,$1,$20,$6,$14,$14,$14,$21,$19,$44,44,$0.32,$0.32,$54,$0,$7,$94,$23,$102,$64,$1,$193,$287,$94,$0,$4,$10,$104,$0,$84,$-22,$183,$287,$14,$2,$1,$2,$0,$0,$3,$0,$-1,$15,$-3,$-0,$0,$0,$-18,$-18,$0,$-21,$0,$0,$0,$0,$0,$0,$0,$0,$-6,$1,$0
31,2010-12-31,64.58,$3.89,16.6,$4.91,13.16,$2.68,24.09,$1.27,50.85,$0.10B,$0.09B,1.15,$0.00B,$0.17B,0.0,$0.22B,$0.17B,78.80%,$0.22B,$0.08B,34.56%,$0.22B,$0.08B,34.56%,$0.22B,$0.08B,36.41%,$0.22B,$0.07B,33.18%,$0.22B,$0.06B,26.27%,$0.06B,$0.17B,38.97%,$0.06B,$0.11B,69.51%,$0.06B,$0.27B,25.00%,$0.08B,$0.17B,51.28%,$62,$14,$49,$4,$23,$41,$21,$1,$22,$6,$16,$16,$16,$22,$21,$44,44,$0.36,$0.36,$62,$0,$7,$102,$21,$79,$65,$1,$168,$270,$88,$0,$4,$10,$98,$0,$74,$-22,$172,$270,$56,$5,$-4,$1,$-9,$0,$15,$-4,$11,$68,$-13,$-0,$0,$0,$-45,$-45,$0,$-59,$0,$-3,$-3,$0,$0,$0,$0,$-3,$7,$4,$0
32,2010-09-30,69.95,$3.54,19.77,$4.61,15.18,$2.48,28.18,$1.17,59.78,$0.09B,$0.07B,1.16,$0.00B,$0.16B,0.0,$0.20B,$0.16B,78.92%,$0.20B,$0.07B,35.29%,$0.20B,$0.07B,35.29%,$0.20B,$0.08B,37.25%,$0.20B,$0.07B,31.86%,$0.20B,$0.05B,25.49%,$0.05B,$0.16B,39.47%,$0.05B,$0.09B,76.75%,$0.05B,$0.24B,25.21%,$0.07B,$0.16B,54.65%,$56,$11,$45,$4,$21,$37,$19,$0,$20,$1,$19,$19,$19,$21,$19,$44,44,$0.43,$0.43,$51,$0,$6,$85,$19,$66,$65,$1,$155,$241,$74,$0,$4,$11,$85,$0,$58,$-22,$156,$241,$40,$4,$-4,$-1,$-7,$0,$7,$-6,$3,$42,$-11,$-0,$0,$0,$-34,$-34,$0,$-45,$0,$-3,$-3,$0,$0,$0,$0,$-3,$-5,$3,$0
33,2010-06-30,50.92,$3.03,16.81,$4.49,11.35,$2.31,22.0,$0.96,53.05,$0.07B,$0.07B,1.03,$0.00B,$0.13B,0.0,$0.20B,$0.16B,78.39%,$0.20B,$0.07B,36.18%,$0.20B,$0.07B,36.18%,$0.20B,$0.08B,37.69%,$0.20B,$0.06B,28.64%,$0.20B,$0.04B,21.61%,$0.04B,$0.13B,35.17%,$0.04B,$0.07B,77.13%,$0.04B,$0.21B,22.08%,$0.07B,$0.13B,58.90%,$53,$11,$41,$4,$18,$34,$19,$-2,$16,$5,$12,$12,$12,$20,$19,$44,44,$0.26,$0.26,$43,$0,$5,$67,$8,$66,$63,$1,$141,$209,$66,$0,$3,$9,$75,$0,$39,$-26,$134,$209,$21,$2,$0,$3,$-4,$0,$5,$-3,$2,$26,$-4,$-0,$0,$0,$-37,$-37,$0,$-41,$0,$-3,$-3,$0,$0,$0,$0,$-3,$-18,$2,$0
34,2010-03-31,46.72,$2.79,16.73,$4.22,11.06,$2.06,22.71,$0.85,54.96,$0.06B,$0.06B,1.06,$0.00B,$0.12B,0.0,$0.19B,$0.15B,78.61%,$0.19B,$0.07B,34.76%,$0.19B,$0.07B,34.76%,$0.19B,$0.07B,36.36%,$0.19B,$0.05B,26.20%,$0.19B,$0.04B,20.32%,$0.04B,$0.12B,32.97%,$0.04B,$0.06B,82.61%,$0.04B,$0.19B,20.19%,$0.07B,$0.12B,56.40%,$46,$10,$36,$3,$17,$30,$16,$-2,$14,$4,$10,$10,$10,$16,$16,$44,44,$0.22,$0.22,$42,$0,$3,$62,$7,$55,$64,$1,$130,$192,$59,$0,$4,$10,$69,$0,$27,$-24,$123,$192,$10,$1,$-0,$1,$-3,$0,$0,$-1,$1,$11,$-1,$-0,$0,$0,$-22,$-22,$0,$-23,$-3,$0,$-3,$0,$0,$0,$0,$-3,$-15,$0,$0
35,2009-12-31,50.26,$2.59,19.42,$3.92,12.84,$1.90,26.45,$0.75,67.02,$0.08B,$0.06B,1.36,$0.00B,$0.11B,0.0,$0.17B,$0.14B,79.19%,$0.17B,$0.06B,32.37%,$0.17B,$0.06B,32.37%,$0.17B,$0.06B,34.68%,$0.17B,$0.04B,24.28%,$0.17B,$0.03B,19.08%,$0.03B,$0.11B,30.41%,$0.03B,$0.05B,88.59%,$0.03B,$0.18B,18.28%,$0.06B,$0.11B,51.61%,$49,$10,$39,$3,$18,$31,$18,$-3,$15,$4,$11,$11,$11,$19,$18,$44,44,$0.26,$0.26,$64,$0,$3,$82,$6,$27,$64,$1,$100,$183,$60,$0,$3,$8,$68,$0,$18,$-24,$114,$183,$33,$4,$-1,$3,$-4,$0,$12,$-3,$14,$50,$-4,$-1,$0,$0,$2,$2,$0,$-3,$-15,$-0,$-15,$0,$0,$0,$0,$-15,$32,$2,$0
36,2009-09-30,37.27,$2.68,13.88,$3.56,10.47,$2.01,18.56,$0.67,55.63,$0.07B,$0.07B,1.07,$0.00B,$0.12B,0.0,$0.16B,$0.13B,79.62%,$0.16B,$0.05B,31.21%,$0.16B,$0.05B,31.21%,$0.16B,$0.05B,33.76%,$0.16B,$0.04B,24.20%,$0.16B,$0.03B,19.11%,$0.03B,$0.12B,29.06%,$0.03B,$0.04B,100.00%,$0.03B,$0.20B,17.24%,$0.05B,$0.12B,47.12%,$51,$10,$40,$3,$18,$32,$19,$-7,$12,$3,$10,$10,$10,$20,$19,$44,44,$0.22,$0.22,$53,$0,$3,$74,$6,$24,$76,$12,$121,$195,$70,$0,$2,$7,$77,$0,$6,$-8,$118,$195,$22,$3,$0,$3,$-2,$0,$8,$-5,$2,$27,$-3,$-1,$0,$0,$2,$2,$0,$-2,$0,$-12,$-12,$0,$0,$0,$0,$-12,$16,$1,$0
37,2009-06-30,26.05,$2.41,10.79,$3.32,7.84,$1.74,14.96,$0.58,44.91,$0.06B,$0.07B,0.92,$0.00B,$0.11B,0.0,$0.15B,$0.12B,80.14%,$0.15B,$0.04B,28.77%,$0.15B,$0.04B,28.77%,$0.15B,$0.05B,31.51%,$0.15B,$0.03B,23.29%,$0.15B,$0.03B,17.81%,$0.03B,$0.11B,26.40%,$0.03B,$0.03B,109.47%,$0.03B,$0.18B,15.52%,$0.04B,$0.11B,42.32%,$41,$9,$32,$3,$17,$28,$12,$-4,$8,$2,$7,$7,$7,$13,$12,$44,44,$0.15,$0.15,$48,$0,$2,$64,$6,$22,$74,$13,$119,$183,$70,$0,$2,$7,$77,$0,$-3,$-10,$106,$183,$12,$2,$2,$4,$-1,$0,$5,$-4,$-3,$13,$-2,$-1,$0,$0,$-6,$-6,$0,$-9,$0,$-3,$-3,$0,$0,$0,$0,$-3,$2,$1,$0
38,2009-03-31,17.98,$2.17,8.29,$3.17,5.67,$1.58,11.35,$0.50,35.95,$0.06B,$0.06B,0.94,$0.00B,$0.10B,0.0,$0.14B,$0.11B,81.29%,$0.14B,$0.04B,27.34%,$0.14B,$0.04B,27.34%,$0.14B,$0.04B,30.22%,$0.14B,$0.03B,22.30%,$0.14B,$0.02B,15.83%,$0.02B,$0.10B,22.62%,$0.02B,$0.02B,73.33%,$0.02B,$0.16B,13.88%,$0.04B,$0.10B,38.78%,$32,$7,$26,$3,$16,$26,$7,$0,$7,$2,$5,$5,$5,$8,$7,$44,44,$0.12,$0.12,$46,$0,$2,$57,$7,$14,$71,$12,$104,$161,$61,$0,$2,$5,$65,$0,$-10,$-14,$96,$161,$5,$1,$1,$2,$-2,$0,$1,$-3,$-2,$5,$-2,$-1,$0,$0,$-3,$-3,$0,$-5,$0,$-0,$-0,$0,$0,$0,$0,$-0,$-0,$0,$0
39,2008-12-31,15.9,$2.12,7.5,$3.09,5.15,$1.64,9.68,$0.43,36.98,$0.06B,$0.06B,1.07,$0.00B,$0.09B,0.03,$0.14B,$0.11B,80.88%,$0.14B,$0.04B,27.94%,$0.14B,$0.04B,27.94%,$0.14B,$0.04B,30.15%,$0.14B,$0.03B,21.32%,$0.14B,$0.02B,13.97%,$0.02B,$0.09B,19.59%,$0.02B,$0.02B,51.35%,$0.02B,$0.16B,12.46%,$0.04B,$0.10B,38.87%,$33,$6,$27,$2,$14,$22,$11,$-0,$11,$3,$8,$8,$8,$12,$11,$44,44,$0.18,$0.17,$49,$0,$3,$60,$6,$9,$73,$8,$96,$157,$56,$3,$1,$7,$63,$0,$-16,$-11,$93,$157,$19,$3,$-9,$-5,$31,$0,$2,$-1,$42,$56,$-5,$-0,$-39,$0,$5,$5,$0,$-39,$0,$-9,$-9,$-3,$-3,$0,$0,$-12,$2,$1,$0
40,2008-09-30,19.72,$2.23,8.84,$3.39,5.82,$0.67,29.27,$0.25,78.88,$0.08B,$0.07B,1.19,$0.00B,$0.10B,0.0,$0.13B,$0.10B,80.00%,$0.13B,$0.04B,26.92%,$0.13B,$0.04B,26.92%,$0.13B,$0.04B,28.46%,$0.13B,$0.02B,18.46%,$0.13B,$0.02B,12.31%,$0.02B,$0.10B,16.54%,$0.02B,$0.02B,32.82%,$0.02B,$0.17B,10.90%,$0.04B,$0.10B,36.18%,$40,$8,$32,$2,$19,$29,$12,$-3,$8,$2,$6,$6,$6,$13,$12,$44,44,$0.13,$0.13,$31,$0,$3,$79,$6,$3,$81,$0,$90,$169,$67,$0,$1,$4,$70,$0,$-23,$0,$99,$169,$11,$2,$-1,$2,$-4,$0,$4,$-4,$4,$16,$-4,$-0,$-39,$0,$31,$31,$0,$-12,$0,$-10,$-10,$0,$0,$0,$0,$-10,$-5,$0,$0
41,2008-06-30,33.42,$2.28,14.66,$3.31,10.11,$0.61,54.4,$0.19,175.91,$0.10B,$0.04B,2.2,$0.00B,$0.10B,0.0,$0.11B,$0.09B,79.65%,$0.11B,$0.03B,25.66%,$0.11B,$0.03B,25.66%,$0.11B,$0.03B,27.43%,$0.11B,$0.02B,17.70%,$0.11B,$0.01B,11.50%,$0.01B,$0.10B,13.94%,$0.01B,$0.06B,21.76%,$0.01B,$0.15B,9.76%,$0.03B,$0.10B,31.10%,$34,$7,$28,$2,$16,$26,$8,$-3,$5,$2,$3,$3,$3,$9,$8,$44,44,$0.07,$0.07,$49,$0,$2,$95,$6,$2,$44,$0,$52,$147,$43,$0,$1,$3,$46,$0,$-29,$8,$101,$147,$5,$2,$-1,$1,$-3,$0,$1,$-1,$1,$7,$-3,$-0,$-17,$0,$22,$22,$0,$2,$0,$-8,$-8,$0,$0,$0,$0,$-8,$2,$0,$0
