,Date,Stock Price,Book Value per Share,Price to Book Ratio,TTM Sales per Share,Price to Sales Ratio,TTM FCF per Share,Price to FCF Ratio,TTM Net EPS,PE Ratio,Current Assets,Current Liabilities,Current Ratio,Long Term Debt,Shareholder's Equity_x,Debt to Equity Ratio,TTM Revenue_x,TTM Gross Profit,Gross Margin,TTM Revenue_y,TTM Operating Income,Operating Margin,TTM Revenue_x,TTM EBIT,EBIT Margin,TTM Revenue_y,TTM EBITDA,EBITDA Margin,TTM Revenue_x,TTM Pre-Tax Income,Pre-Tax Margin,TTM Revenue_y,TTM Net Income_x,Net Margin,TTM Net Income_y,Shareholder's Equity_y,Return on Equity,TTM Net Income_x,Tangible Equity,Return on Tangible Equity,TTM Net Income_y,Total Assets,Return on Assets,TTM Net Income,LT Investments & Debt,Return on Investment,revenue,cost-goods-sold,gross-profit,research-development-expenses,selling-general-administrative-expenses,operating-expenses,operating-income,total-non-operating-income-expense,pre-tax-income,total-provision-income-taxes,income-after-taxes,income-from-continuous-operations,net-income,ebitda,ebit,basic-shares-outstanding,shares-outstanding,eps-basic-net-earnings-per-share,eps-earnings-per-share-diluted,cash-on-hand,inventory,other-current-assets,total-current-assets,net-property-plant-equipment,long-term-investments,goodwill-intangible-assets-total,other-long-term-assets,total-long-term-assets,total-assets,total-current-liabilities,long-term-debt,other-non-current-liabilities,total-long-term-liabilities,total-liabilities,common-stock-net,retained-earnings-accumulated-deficit,comprehensive-income,total-share-holder-equity,total-liabilities-share-holders-equity,net-income-loss,total-depreciation-amortization-cash-flow,other-non-cash-items,total-non-cash-items,change-in-accounts-receivable,change-in-inventories,change-in-accounts-payable,change-in-assets-liabilities,total-change-in-assets-liabilities,cash-flow-from-operating-activities,net-change-in-property-plant-equipment,net-change-in-intangible-assets,net-acquisitions-divestitures,net-change-in-short-term-investments,net-change-in-long-term-investments,net-change-in-investments-total,investing-activities-other,cash-flow-from-investing-activities,net-long-term-debt,net-current-debt,debt-issuance-retirement-net-total,net-common-equity-issued-repurchased,net-total-equity-issued-repurchased,total-common-preferred-stock-dividends-paid,financial-activities-other,cash-flow-from-financial-activities,net-cash-flow,stock-based-compensation,common-stock-dividends-paid
0,2018-09-30,79.1,$22.29,3.55,$46.13,1.71,$22.44,3.52,$5.78,13.69,$1.29B,$0.76B,1.7,$1.43B,$1.75B,0.82,$3.82B,$1.00B,26.07%,$3.82B,$0.75B,19.75%,$3.82B,$0.75B,19.75%,$3.82B,$1.00B,26.07%,$3.82B,$0.74B,19.33%,$3.82B,$0.48B,12.47%,$0.48B,$1.75B,26.76%,$0.48B,$1.75B,26.76%,$0.48B,$4.65B,10.16%,$0.75B,$3.17B,23.38%,$1044,$784,$260,$0,$0,$845,$198,$-7,$191,$43,$148,$148,$128,$260,$198,$79,79,$1.62,$1.61,$261,$322,$70,$1289,$3023,$180,$0,$85,$3358,$4647,$759,$1425,$442,$2139,$2898,$453,$1082,$-82,$1749,$4647,$481,$183,$158,$341,$-62,$-18,$0,$27,$-58,$762,$-173,$0,$0,$0,$0,$0,$-66,$-238,$-46,$-6,$-52,$-363,$-363,$-80,$-144,$-639,$-115,$80,$-80
1,2018-06-30,70.7,$21.86,3.23,$41.36,1.71,$20.75,3.41,$4.55,15.54,$1.28B,$0.79B,1.62,$1.46B,$1.75B,0.83,$3.49B,$0.83B,23.76%,$3.49B,$0.59B,16.98%,$3.49B,$0.59B,16.98%,$3.49B,$0.83B,23.76%,$3.49B,$0.58B,16.66%,$3.49B,$0.38B,10.88%,$0.38B,$1.75B,21.36%,$0.38B,$1.75B,21.36%,$0.38B,$4.69B,8.14%,$0.59B,$3.20B,18.35%,$950,$712,$238,$0,$0,$774,$176,$-7,$168,$33,$135,$135,$111,$238,$176,$82,82,$1.36,$1.36,$320,$350,$45,$1276,$3046,$194,$0,$98,$3418,$4694,$787,$1456,$433,$2159,$2946,$460,$1084,$-79,$1748,$4694,$333,$122,$73,$195,$0,$-45,$0,$25,$8,$534,$-135,$0,$0,$0,$0,$0,$-69,$-204,$-5,$-4,$-9,$-251,$-251,$-54,$-71,$-385,$-55,$49,$-54
2,2018-03-31,60.36,$22.51,2.68,$37.34,1.62,$20.50,2.94,$4.08,14.79,$1.36B,$0.78B,1.75,$1.46B,$1.87B,0.78,$3.21B,$0.76B,23.63%,$3.21B,$0.52B,16.28%,$3.21B,$0.52B,16.28%,$3.21B,$0.76B,23.63%,$3.21B,$0.52B,16.31%,$3.21B,$0.35B,10.99%,$0.35B,$1.87B,19.61%,$0.35B,$1.87B,19.61%,$0.35B,$4.78B,7.58%,$0.52B,$3.33B,16.06%,$962,$661,$301,$0,$0,$720,$242,$-0,$242,$45,$197,$197,$169,$301,$242,$84,84,$2.02,$2.00,$371,$357,$41,$1360,$3026,$190,$0,$119,$3425,$4784,$778,$1457,$412,$2135,$2913,$477,$1196,$-69,$1872,$4784,$197,$59,$44,$103,$-27,$-52,$0,$3,$-47,$244,$-56,$0,$0,$0,$0,$0,$-83,$-139,$-3,$-2,$-5,$-37,$-37,$-28,$-40,$-110,$-4,$6,$-28
3,2017-12-31,59.9,$20.83,2.88,$34.93,1.72,$20.43,2.93,$3.54,16.92,$1.24B,$0.75B,1.66,$1.45B,$1.75B,0.83,$3.06B,$0.71B,23.17%,$3.06B,$0.48B,15.56%,$3.06B,$0.48B,15.56%,$3.06B,$0.71B,23.17%,$3.06B,$0.47B,15.39%,$3.06B,$0.32B,10.33%,$0.32B,$1.75B,17.53%,$0.32B,$1.75B,17.53%,$0.32B,$4.61B,6.83%,$0.48B,$3.19B,14.58%,$861,$666,$196,$0,$0,$723,$138,$-1,$137,$52,$85,$85,$68,$196,$138,$87,87,$0.83,$0.91,$375,$304,$0,$1243,$2998,$189,$0,$78,$3368,$4611,$748,$1446,$405,$2118,$2866,$480,$1088,$-70,$1745,$4611,$375,$232,$230,$462,$-37,$-23,$0,$-95,$-52,$788,$-103,$0,$0,$0,$0,$0,$-2,$-106,$-57,$-7,$-64,$-283,$-283,$-101,$-82,$-531,$152,$79,$-101
4,2017-09-30,49.5,$20.64,2.4,$31.53,1.57,$13.96,3.55,$3.01,16.45,$1.15B,$0.73B,1.59,$1.45B,$1.75B,0.83,$2.79B,$0.62B,22.19%,$2.79B,$0.39B,13.93%,$2.79B,$0.39B,13.93%,$2.79B,$0.62B,22.19%,$2.79B,$0.37B,13.25%,$2.79B,$0.27B,9.80%,$0.27B,$1.75B,15.02%,$0.27B,$1.75B,15.02%,$0.27B,$4.59B,5.91%,$0.39B,$3.20B,11.78%,$720,$625,$95,$0,$0,$682,$37,$-2,$35,$-3,$38,$38,$32,$95,$37,$86,86,$0.38,$0.38,$307,$301,$0,$1154,$3033,$183,$0,$77,$3437,$4591,$727,$1450,$382,$2113,$2840,$486,$1093,$-58,$1751,$4591,$290,$175,$135,$310,$-16,$-20,$0,$-84,$-18,$574,$-82,$0,$0,$0,$0,$0,$2,$-80,$-52,$-5,$-57,$-229,$-229,$-76,$-48,$-411,$84,$31,$-76
5,2017-06-30,43.1,$21.19,2.03,$28.82,1.5,$9.20,4.69,$2.51,17.17,$1.17B,$0.68B,1.73,$1.48B,$1.83B,0.81,$2.58B,$0.57B,22.25%,$2.58B,$0.34B,13.17%,$2.58B,$0.34B,13.17%,$2.58B,$0.57B,22.25%,$2.58B,$0.31B,12.00%,$2.58B,$0.23B,8.93%,$0.23B,$1.83B,12.55%,$0.23B,$1.83B,12.55%,$0.23B,$4.64B,5.01%,$0.34B,$3.31B,10.21%,$669,$502,$167,$0,$0,$563,$106,$4,$110,$9,$101,$101,$84,$167,$106,$88,88,$0.96,$0.89,$361,$283,$0,$1173,$3057,$191,$0,$82,$3465,$4638,$677,$1476,$364,$2128,$2805,$495,$1159,$-54,$1834,$4638,$252,$117,$88,$205,$1,$-2,$0,$-66,$0,$458,$-49,$0,$0,$0,$0,$0,$-3,$-52,$-27,$-3,$-30,$-147,$-147,$-51,$-40,$-268,$137,$5,$-51
6,2017-03-31,45.56,$21.09,2.16,$26.43,1.72,$5.03,9.05,$1.59,28.65,$1.20B,$0.67B,1.81,$1.48B,$1.88B,0.79,$2.37B,$0.44B,18.70%,$2.37B,$0.25B,10.32%,$2.37B,$0.25B,10.32%,$2.37B,$0.48B,20.05%,$2.37B,$0.19B,8.05%,$2.37B,$0.14B,6.02%,$0.14B,$1.88B,7.76%,$0.14B,$1.88B,7.76%,$0.14B,$4.68B,3.14%,$0.25B,$3.36B,7.34%,$810,$559,$251,$0,$0,$615,$195,$-6,$189,$38,$151,$151,$132,$251,$195,$90,90,$1.47,$1.46,$315,$351,$0,$1204,$3079,$190,$0,$79,$3476,$4680,$666,$1477,$369,$2134,$2800,$509,$1201,$-55,$1880,$4680,$151,$56,$72,$128,$-14,$-70,$0,$-37,$-69,$214,$-20,$0,$0,$0,$0,$0,$-7,$-27,$-25,$-2,$-26,$-32,$-32,$-25,$-13,$-96,$91,$13,$-25
7,2016-12-31,42.3,$20.10,2.1,$22.25,1.9,$3.64,11.61,$-0.13,0.0,$1.03B,$0.61B,1.69,$1.50B,$1.81B,0.83,$2.00B,$0.22B,11.21%,$2.00B,$0.03B,1.40%,$2.00B,$0.03B,1.40%,$2.00B,$0.26B,12.81%,$2.00B,$-0.04B,-1.90%,$2.00B,$-0.01B,-0.60%,$-0.01B,$1.81B,-0.65%,$-0.01B,$1.81B,-0.65%,$-0.01B,$4.56B,-0.27%,$0.03B,$3.31B,0.84%,$586,$480,$105,$0,$0,$536,$50,$-15,$35,$10,$25,$25,$25,$105,$50,$90,90,$0.27,$0.32,$224,$281,$0,$1026,$3117,$197,$0,$79,$3531,$4557,$607,$1502,$351,$2144,$2751,$511,$1124,$-41,$1805,$4557,$-28,$228,$114,$343,$5,$-28,$0,$-67,$-76,$227,$-100,$0,$0,$0,$0,$0,$12,$-88,$17,$-5,$12,$2,$2,$-99,$-84,$-170,$-31,$33,$-99
8,2016-09-30,34.25,$20.14,1.7,$21.11,1.62,$0.81,42.3,$-0.30,0.0,$0.91B,$0.54B,1.69,$1.50B,$1.81B,0.83,$1.90B,$0.17B,8.80%,$1.90B,$-0.02B,-1.27%,$1.90B,$-0.02B,-1.27%,$1.90B,$0.20B,10.49%,$1.90B,$-0.08B,-4.01%,$1.90B,$-0.03B,-1.42%,$-0.03B,$1.81B,-1.43%,$-0.03B,$1.81B,-1.43%,$-0.03B,$4.48B,-0.60%,$-0.02B,$3.31B,-0.71%,$510,$460,$50,$0,$0,$522,$-12,$-14,$-25,$-10,$-15,$-15,$-11,$50,$-12,$90,90,$-0.12,$-0.12,$234,$247,$0,$914,$3163,$197,$0,$80,$3569,$4483,$540,$1504,$344,$2134,$2674,$511,$1124,$-44,$1809,$4483,$-53,$173,$70,$243,$92,$6,$0,$-69,$-11,$178,$-90,$0,$0,$0,$0,$0,$17,$-72,$19,$-4,$16,$1,$1,$-74,$-69,$-127,$-21,$13,$-74
9,2016-06-30,27.67,$20.86,1.33,$21.24,1.3,$-1.03,0.0,$0.36,76.87,$0.92B,$0.51B,1.82,$1.50B,$1.87B,0.8,$1.91B,$0.25B,13.06%,$1.91B,$0.07B,3.66%,$1.91B,$0.07B,3.66%,$1.91B,$0.28B,14.73%,$1.91B,$0.04B,1.88%,$1.91B,$0.06B,3.24%,$0.06B,$1.87B,3.20%,$0.06B,$1.87B,3.20%,$0.06B,$4.49B,1.38%,$0.07B,$3.38B,2.05%,$468,$430,$38,$0,$0,$456,$12,$-20,$-8,$-1,$-7,$-7,$-3,$70,$12,$90,90,$-0.03,$-0.08,$239,$254,$0,$918,$3193,$195,$0,$78,$3566,$4485,$506,$1501,$315,$2105,$2611,$511,$1160,$-26,$1873,$4485,$-38,$111,$44,$155,$98,$-0,$0,$-33,$1,$104,$-61,$0,$0,$0,$0,$0,$26,$-36,$17,$-2,$14,$1,$1,$-49,$-50,$-84,$-16,$-1,$-49
10,2016-03-31,30.27,$21.12,1.43,$23.02,1.32,$-2.75,0.0,$1.54,19.66,$0.92B,$0.50B,1.84,$1.47B,$1.90B,0.77,$2.08B,$0.32B,15.55%,$2.08B,$0.19B,9.02%,$2.08B,$0.19B,9.02%,$2.08B,$0.39B,18.67%,$2.08B,$0.17B,7.97%,$2.08B,$0.17B,8.16%,$0.17B,$1.90B,8.64%,$0.17B,$1.90B,8.64%,$0.17B,$4.40B,3.74%,$0.19B,$3.37B,5.44%,$435,$404,$31,$0,$0,$457,$-22,$-18,$-40,$-10,$-30,$-30,$-23,$31,$-22,$90,90,$-0.26,$-0.26,$275,$246,$0,$920,$3118,$196,$0,$70,$3477,$4397,$500,$1469,$245,$2000,$2500,$511,$1188,$-40,$1897,$4397,$-30,$53,$37,$90,$120,$7,$0,$-17,$32,$70,$0,$0,$0,$0,$0,$0,$0,$12,$-17,$-1,$-18,$1,$1,$-25,$-19,$-62,$20,$3,$-25
11,2015-12-31,30.86,$21.95,1.41,$24.43,1.26,$-4.28,0.0,$1.89,16.33,$1.03B,$0.58B,1.77,$1.49B,$1.97B,0.76,$2.23B,$0.37B,16.53%,$2.23B,$0.24B,10.69%,$2.23B,$0.24B,10.69%,$2.23B,$0.43B,19.45%,$2.23B,$0.21B,9.57%,$2.23B,$0.20B,9.07%,$0.20B,$1.97B,10.14%,$0.20B,$1.97B,10.14%,$0.20B,$4.56B,4.40%,$0.24B,$3.46B,6.82%,$484,$436,$48,$0,$0,$486,$-2,$-1,$-3,$-14,$11,$10,$10,$48,$-2,$90,90,$0.11,$0.11,$255,$253,$0,$1032,$3159,$224,$0,$79,$3524,$4556,$582,$1488,$232,$2005,$2587,$509,$1236,$-28,$1969,$4556,$202,$195,$17,$195,$-100,$54,$0,$-49,$-204,$297,$-425,$0,$0,$0,$0,$0,$-1,$-426,$-189,$-31,$-189,$-142,$-142,$-97,$-107,$-567,$-697,$-22,$-97
12,2015-09-30,30.76,$0.00,0.0,$26.83,1.15,$4.74,6.49,$2.89,10.64,$1.18B,$0.61B,1.92,$1.49B,$2.00B,0.74,$2.48B,$0.54B,21.74%,$2.48B,$0.46B,18.71%,$2.48B,$0.46B,18.71%,$2.48B,$0.64B,26.02%,$2.48B,$0.39B,15.84%,$2.48B,$0.33B,13.13%,$0.33B,$2.00B,16.14%,$0.33B,$2.00B,16.14%,$0.33B,$4.55B,7.00%,$0.46B,$3.49B,13.15%,$527,$394,$133,$0,$0,$445,$82,$5,$87,$10,$77,$77,$78,$133,$82,$90,91,$0.87,$0.54,$427,$269,$21,$1181,$0,$197,$0,$81,$279,$4547,$614,$1485,$202,$1929,$2544,$510,$1259,$0,$2004,$4547,$192,$145,$13,$158,$-61,$38,$0,$-57,$-147,$253,$-331,$0,$0,$0,$0,$0,$31,$-300,$-193,$0,$-193,$-134,$-134,$-73,$-78,$-478,$-525,$-32,$-73
13,2015-06-30,51.21,$0.00,0.0,$28.72,1.78,$6.86,7.46,$2.89,17.72,$1.36B,$0.74B,1.85,$1.51B,$2.00B,0.75,$2.68B,$0.55B,20.35%,$2.68B,$0.48B,18.04%,$2.68B,$0.48B,18.04%,$2.68B,$0.65B,24.31%,$2.68B,$0.39B,14.38%,$2.68B,$0.30B,11.17%,$0.30B,$2.00B,14.84%,$0.30B,$2.00B,14.84%,$0.30B,$4.66B,6.59%,$0.48B,$3.51B,14.27%,$638,$526,$112,$0,$0,$508,$130,$-8,$122,$20,$102,$102,$105,$177,$130,$91,91,$1.15,$1.15,$485,$316,$14,$1362,$0,$189,$0,$83,$272,$4664,$736,$1507,$180,$1925,$2660,$514,$1229,$0,$2004,$4664,$114,$94,$65,$159,$0,$0,$0,$-154,$-154,$119,$-234,$0,$0,$0,$0,$0,$33,$-200,$-172,$0,$-172,$-107,$-107,$-48,$-59,$-386,$-467,$32,$-48
14,2015-03-31,49.04,$0.00,0.0,$29.87,1.64,$12.09,4.06,$3.02,16.24,$1.36B,$0.68B,1.99,$1.51B,$1.99B,0.76,$2.83B,$0.61B,21.69%,$2.83B,$0.50B,17.70%,$2.83B,$0.50B,17.70%,$2.83B,$0.66B,23.14%,$2.83B,$0.45B,15.82%,$2.83B,$0.32B,11.27%,$0.32B,$1.99B,15.71%,$0.32B,$1.99B,15.71%,$0.32B,$4.59B,7.23%,$0.50B,$3.50B,15.18%,$577,$502,$75,$0,$0,$549,$28,$-21,$7,$-5,$13,$13,$9,$75,$28,$92,92,$0.09,$0.09,$627,$286,$18,$1361,$0,$195,$0,$83,$278,$4586,$683,$1507,$177,$1908,$2592,$519,$1204,$0,$1994,$4586,$13,$47,$21,$68,$0,$0,$0,$-43,$-43,$37,$-106,$0,$0,$0,$0,$0,$8,$-98,$-170,$0,$-170,$-47,$-47,$-23,$-24,$-264,$-325,$22,$-23
15,2014-12-31,41.76,$22.24,1.88,$33.59,1.24,$13.21,3.16,$4.43,9.43,$1.69B,$0.82B,2.06,$1.53B,$2.05B,0.74,$3.22B,$0.80B,24.77%,$3.22B,$0.70B,21.63%,$3.22B,$0.70B,21.63%,$3.22B,$0.84B,26.04%,$3.22B,$0.66B,20.52%,$3.22B,$0.46B,14.12%,$0.46B,$2.05B,22.27%,$0.46B,$2.05B,22.27%,$0.46B,$4.78B,10.52%,$0.70B,$3.58B,21.69%,$733,$516,$218,$0,$-42,$510,$223,$-47,$176,$36,$141,$133,$133,$259,$223,$93,94,$1.43,$1.11,$952,$307,$23,$1686,$4320,$216,$0,$95,$4631,$4775,$820,$1528,$141,$1902,$2722,$521,$1263,$-0,$2053,$4775,$506,$143,$94,$143,$130,$28,$0,$-76,$58,$801,$-84,$0,$0,$0,$0,$0,$-597,$-681,$551,$-29,$592,$-242,$-253,$-90,$-121,$99,$219,$-16,$-90
16,2014-09-30,60.51,$0.00,0.0,$34.92,1.73,$5.68,10.66,$4.64,13.04,$1.23B,$0.83B,1.47,$0.94B,$2.01B,0.47,$3.37B,$0.79B,23.41%,$3.37B,$0.65B,19.23%,$3.37B,$0.65B,19.23%,$3.37B,$0.79B,23.41%,$3.37B,$0.66B,19.53%,$3.37B,$0.45B,13.35%,$0.45B,$2.01B,22.43%,$0.45B,$2.01B,22.43%,$0.45B,$4.13B,10.82%,$0.65B,$2.95B,21.07%,$730,$590,$140,$0,$0,$628,$102,$-21,$80,$21,$59,$52,$52,$140,$102,$94,95,$0.55,$0.54,$475,$271,$22,$1225,$0,$193,$0,$99,$293,$4130,$831,$937,$149,$1288,$2119,$529,$1227,$0,$2010,$4130,$366,$107,$0,$107,$0,$0,$0,$0,$-16,$590,$-471,$0,$0,$0,$0,$0,$-20,$-490,$0,$0,$-41,$0,$10,$-67,$-260,$-357,$-257,$0,$0
17,2014-06-30,55.76,$0.00,0.0,$35.07,1.59,$5.06,11.02,$5.00,11.15,$1.44B,$0.66B,2.2,$1.11B,$2.06B,0.54,$3.40B,$0.81B,23.81%,$3.40B,$0.68B,19.92%,$3.40B,$0.68B,19.92%,$3.40B,$0.81B,23.81%,$3.40B,$0.70B,20.66%,$3.40B,$0.49B,14.27%,$0.49B,$2.06B,25.25%,$0.49B,$2.06B,25.25%,$0.49B,$4.15B,11.93%,$0.68B,$3.17B,22.29%,$791,$610,$181,$0,$0,$643,$148,$37,$185,$46,$138,$125,$125,$181,$148,$96,97,$1.30,$1.28,$647,$279,$29,$1443,$0,$202,$0,$70,$272,$4147,$656,$1107,$127,$1427,$2084,$534,$1279,$0,$2063,$4147,$307,$68,$0,$68,$0,$0,$0,$0,$-49,$419,$-32,$0,$0,$0,$0,$0,$-274,$-306,$0,$0,$0,$0,$-77,$0,$-122,$-199,$-85,$0,$0
18,2014-03-31,57.48,$0.00,0.0,$34.55,1.66,$1.45,39.51,$4.28,13.43,$1.61B,$0.80B,2.02,$1.11B,$2.05B,0.54,$3.34B,$0.78B,23.38%,$3.34B,$0.65B,19.55%,$3.34B,$0.65B,19.55%,$3.34B,$0.78B,23.38%,$3.34B,$0.58B,17.49%,$3.34B,$0.41B,12.40%,$0.41B,$2.05B,22.98%,$0.41B,$2.05B,22.98%,$0.41B,$4.25B,10.51%,$0.65B,$3.15B,22.30%,$968,$710,$259,$0,$0,$745,$224,$-4,$220,$52,$168,$145,$145,$259,$224,$96,97,$1.51,$1.50,$709,$305,$22,$1612,$0,$224,$0,$66,$290,$4247,$800,$1107,$120,$1401,$2201,$541,$1253,$0,$2046,$4247,$168,$35,$0,$35,$0,$0,$0,$0,$-58,$179,$-144,$0,$0,$0,$0,$0,$13,$-131,$0,$0,$-20,$0,$8,$-19,$-40,$-71,$-24,$0,$0
19,2013-12-31,53.09,$0.00,0.0,$31.38,1.69,$1.97,26.97,$3.41,15.57,$1.60B,$0.75B,2.15,$1.13B,$1.91B,0.59,$3.02B,$0.65B,21.36%,$3.02B,$0.52B,17.29%,$3.02B,$0.52B,17.29%,$3.02B,$0.65B,21.36%,$3.02B,$0.44B,14.62%,$3.02B,$0.33B,10.88%,$0.33B,$1.91B,19.65%,$0.33B,$1.91B,19.65%,$0.33B,$4.11B,8.74%,$0.52B,$3.03B,18.61%,$881,$671,$209,$0,$0,$707,$174,$-1,$173,$29,$144,$128,$128,$209,$174,$96,97,$1.33,$1.32,$733,$314,$21,$1601,$0,$216,$0,$65,$281,$4113,$745,$1127,$189,$1463,$2208,$532,$1127,$0,$1905,$4113,$377,$123,$0,$123,$0,$0,$0,$0,$-68,$586,$-579,$0,$0,$0,$0,$0,$52,$-526,$0,$0,$-29,$0,$39,$-75,$12,$-54,$5,$0,$0
20,2013-09-30,45.79,$0.00,0.0,$29.67,1.54,$5.34,8.58,$0.60,76.31,$1.44B,$0.60B,2.39,$1.13B,$1.67B,0.68,$2.84B,$0.56B,19.73%,$2.84B,$0.43B,15.15%,$2.84B,$0.43B,15.15%,$2.84B,$0.56B,19.73%,$2.84B,$0.04B,1.44%,$2.84B,$0.06B,2.15%,$0.06B,$1.67B,3.89%,$0.06B,$1.67B,3.89%,$0.06B,$3.75B,1.68%,$0.43B,$2.80B,15.81%,$758,$599,$160,$0,$0,$628,$131,$-6,$124,$23,$101,$87,$87,$160,$131,$95,97,$0.91,$0.90,$686,$255,$30,$1442,$0,$198,$0,$64,$262,$3752,$603,$1127,$193,$1481,$2084,$519,$951,$0,$1668,$3752,$233,$88,$0,$88,$0,$0,$0,$0,$-18,$424,$-362,$0,$0,$0,$0,$0,$29,$-333,$0,$0,$-29,$0,$29,$-56,$-76,$-132,$-41,$0,$0
21,2013-06-30,38.1,$0.00,0.0,$28.80,1.32,$7.34,5.19,$-0.33,0.0,$1.49B,$0.58B,2.57,$1.15B,$1.59B,0.72,$2.74B,$0.52B,18.86%,$2.74B,$0.37B,13.45%,$2.74B,$0.37B,13.45%,$2.74B,$0.52B,18.86%,$2.74B,$-0.10B,-3.51%,$2.74B,$-0.03B,-1.06%,$-0.03B,$1.59B,-1.86%,$-0.03B,$1.59B,-1.86%,$-0.03B,$3.64B,-0.82%,$0.37B,$2.73B,13.86%,$733,$580,$153,$0,$0,$609,$124,$-57,$67,$2,$66,$54,$54,$153,$124,$95,96,$0.57,$0.56,$709,$271,$31,$1488,$0,$192,$0,$58,$250,$3641,$578,$1146,$180,$1476,$2054,$513,$883,$0,$1586,$3641,$132,$59,$0,$59,$0,$0,$0,$0,$-19,$243,$-207,$0,$0,$0,$0,$0,$8,$-199,$0,$10,$-19,$0,$24,$-37,$-42,$-64,$-19,$0,$0
22,2013-03-31,35.97,$0.00,0.0,$28.08,1.28,$8.25,4.36,$-0.39,0.0,$1.48B,$0.52B,2.85,$1.15B,$1.54B,0.75,$2.66B,$0.51B,19.26%,$2.66B,$0.35B,13.13%,$2.66B,$0.35B,13.13%,$2.66B,$0.51B,19.26%,$2.66B,$-0.08B,-3.08%,$2.66B,$-0.03B,-1.17%,$-0.03B,$1.54B,-1.96%,$-0.03B,$1.54B,-1.96%,$-0.03B,$3.55B,-0.88%,$0.35B,$2.68B,13.32%,$652,$528,$124,$0,$0,$558,$94,$-16,$78,$12,$66,$60,$60,$124,$94,$95,96,$0.64,$0.63,$727,$289,$22,$1480,$0,$186,$0,$72,$258,$3551,$519,$1146,$177,$1495,$2013,$499,$848,$0,$1538,$3551,$66,$30,$0,$30,$0,$0,$0,$0,$-15,$118,$-34,$0,$-43,$0,$0,$0,$-2,$-79,$0,$0,$-8,$0,$0,$-18,$-13,$-39,$-1,$0,$0
23,2012-12-31,28.08,$0.00,0.0,$28.30,0.99,$7.68,3.66,$-0.79,0.0,$1.46B,$0.44B,3.3,$1.19B,$1.48B,0.81,$2.67B,$0.49B,18.14%,$2.67B,$0.31B,11.75%,$2.67B,$0.31B,11.75%,$2.67B,$0.49B,18.14%,$2.67B,$-0.12B,-4.41%,$2.67B,$-0.07B,-2.58%,$-0.07B,$1.48B,-4.32%,$-0.07B,$1.48B,-4.32%,$-0.07B,$3.55B,-1.94%,$0.31B,$2.67B,12.13%,$696,$573,$123,$0,$0,$615,$81,$-309,$-228,$-93,$-135,$-140,$-140,$123,$81,$94,94,$-1.49,$-1.49,$746,$253,$28,$1456,$0,$0,$0,$74,$74,$3545,$441,$1192,$242,$1626,$2067,$482,$806,$0,$1478,$3545,$-35,$172,$0,$172,$0,$0,$0,$0,$22,$458,$-135,$0,$0,$0,$0,$-74,$-20,$-228,$0,$0,$339,$0,$19,$-117,$-76,$165,$395,$0,$0
24,2012-09-30,25.01,$0.00,0.0,$28.30,0.88,$7.98,3.13,$1.38,18.12,$1.05B,$0.39B,2.73,$0.91B,$1.63B,0.56,$2.67B,$0.51B,19.15%,$2.67B,$0.34B,12.68%,$2.67B,$0.34B,12.68%,$2.67B,$0.51B,19.15%,$2.67B,$0.20B,7.30%,$2.67B,$0.14B,5.05%,$0.14B,$1.63B,8.29%,$0.14B,$1.63B,8.29%,$0.14B,$3.41B,3.83%,$0.34B,$2.53B,13.57%,$655,$539,$116,$0,$0,$587,$69,$-82,$-13,$-15,$1,$-3,$-3,$116,$69,$94,94,$-0.03,$-0.03,$403,$223,$29,$1054,$0,$0,$0,$128,$128,$3410,$386,$906,$198,$1396,$1782,$474,$964,$0,$1627,$3410,$100,$130,$0,$130,$0,$0,$0,$0,$37,$360,$-111,$0,$0,$0,$0,$-46,$-8,$-166,$0,$0,$4,$0,$13,$-51,$-108,$-142,$52,$0,$0
25,2012-06-30,24.24,$0.00,0.0,$28.41,0.85,$7.53,3.22,$2.00,12.12,$1.29B,$0.57B,2.26,$0.93B,$1.67B,0.56,$2.69B,$0.55B,20.54%,$2.69B,$0.38B,14.21%,$2.69B,$0.38B,14.21%,$2.69B,$0.55B,20.54%,$2.69B,$0.30B,11.20%,$2.69B,$0.20B,7.44%,$0.20B,$1.67B,12.41%,$0.20B,$1.67B,12.41%,$0.20B,$3.66B,5.75%,$0.38B,$2.59B,15.80%,$656,$507,$149,$0,$0,$551,$105,$-24,$81,$15,$66,$52,$52,$149,$105,$94,95,$0.56,$0.50,$623,$245,$35,$1287,$0,$0,$0,$117,$117,$3660,$570,$926,$182,$1421,$1991,$470,$984,$0,$1668,$3660,$99,$82,$0,$82,$0,$0,$0,$0,$-15,$229,$-106,$0,$0,$0,$0,$0,$-3,$-109,$0,$0,$221,$0,$10,$-33,$-45,$153,$272,$0,$0
26,2012-03-31,28.05,$0.00,0.0,$28.10,1.0,$7.36,3.81,$1.93,14.54,$1.25B,$0.58B,2.16,$0.94B,$1.62B,0.58,$2.66B,$0.52B,19.62%,$2.66B,$0.36B,13.37%,$2.66B,$0.36B,13.37%,$2.66B,$0.52B,19.62%,$2.66B,$0.28B,10.62%,$2.66B,$0.19B,7.12%,$0.19B,$1.62B,12.07%,$0.19B,$1.62B,12.07%,$0.19B,$3.62B,5.60%,$0.36B,$2.55B,15.03%,$666,$569,$97,$0,$0,$607,$59,$-17,$42,$10,$33,$22,$22,$97,$59,$93,95,$0.24,$0.23,$584,$269,$24,$1248,$0,$0,$0,$123,$123,$3617,$577,$935,$177,$1421,$1998,$467,$949,$0,$1619,$3617,$33,$38,$0,$38,$0,$0,$0,$0,$-17,$93,$-64,$0,$0,$0,$0,$0,$21,$-43,$0,$0,$247,$0,$9,$-16,$-57,$183,$233,$0,$0
27,2011-12-31,19.64,$0.00,0.0,$27.63,0.71,$7.89,2.49,$2.07,9.49,$1.04B,$0.60B,1.72,$0.71B,$1.60B,0.44,$2.61B,$0.50B,19.21%,$2.61B,$0.34B,13.15%,$2.61B,$0.34B,13.15%,$2.61B,$0.50B,19.21%,$2.61B,$0.28B,10.85%,$2.61B,$0.20B,7.75%,$0.20B,$1.60B,13.24%,$0.20B,$1.60B,13.24%,$0.20B,$3.39B,6.17%,$0.34B,$2.31B,14.87%,$696,$547,$150,$0,$0,$590,$106,$-21,$85,$12,$73,$64,$64,$150,$106,$93,94,$0.69,$0.68,$351,$281,$24,$1035,$0,$0,$0,$126,$126,$3394,$603,$708,$178,$1189,$1792,$455,$943,$0,$1602,$3394,$228,$157,$60,$216,$0,$0,$0,$0,$35,$480,$-128,$0,$0,$0,$0,$0,$-15,$-143,$0,$-47,$-6,$0,$19,$-62,$-85,$-180,$157,$0,$0
28,2011-09-30,17.8,$0.00,0.0,$26.31,0.68,$4.33,4.11,$1.69,10.53,$0.87B,$0.55B,1.58,$0.66B,$1.56B,0.42,$2.48B,$0.42B,17.00%,$2.48B,$0.28B,11.20%,$2.48B,$0.28B,11.20%,$2.48B,$0.42B,17.00%,$2.48B,$0.24B,9.55%,$2.48B,$0.17B,6.69%,$0.17B,$1.56B,11.21%,$0.17B,$1.56B,11.21%,$0.17B,$3.25B,5.20%,$0.28B,$2.22B,12.04%,$670,$514,$156,$0,$0,$557,$112,$-19,$93,$19,$75,$62,$62,$156,$112,$93,94,$0.67,$0.59,$261,$245,$31,$874,$0,$0,$0,$147,$147,$3245,$552,$659,$177,$1138,$1689,$455,$907,$0,$1555,$3245,$155,$113,$0,$113,$0,$0,$0,$0,$17,$321,$-114,$0,$0,$0,$0,$0,$7,$-107,$0,$0,$-39,$0,$11,$-46,$-73,$-147,$67,$0,$0
29,2011-06-30,26.6,$0.00,0.0,$24.37,1.09,$2.58,10.31,$1.45,18.35,$0.87B,$0.39B,2.24,$0.88B,$1.49B,0.59,$2.29B,$0.32B,14.09%,$2.29B,$0.19B,8.29%,$2.29B,$0.19B,8.29%,$2.29B,$0.32B,14.09%,$2.29B,$0.18B,7.98%,$2.29B,$0.14B,5.97%,$0.14B,$1.49B,9.52%,$0.14B,$1.49B,9.52%,$0.14B,$3.25B,4.37%,$0.19B,$2.37B,8.16%,$623,$505,$118,$0,$0,$545,$78,$-16,$62,$15,$47,$41,$41,$118,$78,$93,95,$0.44,$0.43,$246,$237,$31,$865,$0,$0,$0,$116,$116,$3251,$386,$876,$196,$1376,$1762,$454,$860,$0,$1490,$3251,$80,$69,$0,$69,$0,$0,$0,$0,$22,$202,$-96,$0,$0,$0,$0,$0,$3,$-93,$0,$0,$-22,$0,$10,$-30,$-15,$-57,$52,$0,$0
30,2011-03-31,26.33,$0.00,0.0,$22.59,1.17,$1.57,16.78,$1.15,22.89,$0.82B,$0.38B,2.18,$0.88B,$1.46B,0.61,$2.12B,$0.26B,12.36%,$2.12B,$0.14B,6.37%,$2.12B,$0.14B,6.37%,$2.12B,$0.26B,12.36%,$2.12B,$0.14B,6.47%,$2.12B,$0.11B,5.10%,$0.11B,$1.46B,7.66%,$0.11B,$1.46B,7.66%,$0.11B,$3.20B,3.53%,$0.14B,$2.34B,5.86%,$619,$542,$77,$0,$0,$572,$47,$-4,$43,$9,$34,$35,$35,$77,$47,$93,94,$0.37,$0.37,$240,$210,$28,$823,$0,$0,$0,$109,$109,$3204,$377,$881,$193,$1371,$1748,$442,$836,$0,$1456,$3204,$34,$30,$0,$30,$0,$0,$0,$0,$44,$125,$-45,$0,$0,$0,$0,$0,$7,$-38,$0,$0,$-16,$0,$2,$-14,$-11,$-40,$46,$0,$0
31,2010-12-31,25.48,$0.00,0.0,$21.03,1.21,$0.84,30.29,$1.09,23.38,$0.77B,$0.31B,2.46,$0.90B,$1.42B,0.63,$1.97B,$0.27B,13.52%,$1.97B,$0.14B,6.91%,$1.97B,$0.14B,6.91%,$1.97B,$0.27B,13.52%,$1.97B,$0.14B,6.91%,$1.97B,$0.10B,5.19%,$0.10B,$1.42B,7.32%,$0.10B,$1.42B,7.32%,$0.10B,$3.07B,3.40%,$0.14B,$2.32B,5.93%,$570,$499,$71,$0,$0,$529,$41,$-2,$39,$11,$28,$28,$28,$71,$41,$92,94,$0.30,$0.30,$194,$230,$27,$771,$0,$0,$0,$85,$85,$3070,$314,$897,$436,$1333,$1647,$440,$851,$0,$1423,$3070,$102,$131,$0,$131,$0,$0,$0,$0,$-99,$153,$-137,$0,$0,$0,$0,$0,$17,$-119,$0,$0,$37,$0,$9,$-57,$2,$-10,$24,$0,$0
32,2010-09-30,20.43,$0.00,0.0,$19.06,1.07,$-1.80,0.0,$1.07,19.09,$0.72B,$0.30B,2.41,$0.90B,$1.39B,0.65,$1.78B,$0.27B,15.06%,$1.78B,$0.14B,7.64%,$1.78B,$0.14B,7.64%,$1.78B,$0.27B,15.06%,$1.78B,$0.13B,7.42%,$1.78B,$0.10B,5.62%,$0.10B,$1.39B,7.25%,$0.10B,$1.39B,7.25%,$0.10B,$3.02B,3.37%,$0.14B,$2.29B,5.98%,$481,$424,$57,$0,$0,$457,$24,$15,$39,$6,$33,$33,$33,$57,$24,$92,93,$0.36,$0.35,$192,$186,$20,$716,$0,$0,$0,$101,$101,$3017,$297,$904,$427,$1331,$1628,$430,$837,$0,$1389,$3017,$74,$101,$0,$101,$0,$0,$0,$0,$-32,$142,$-101,$0,$0,$0,$0,$0,$-18,$-119,$0,$0,$44,$0,$1,$-43,$-4,$-2,$22,$0,$0
33,2010-06-30,16.32,$0.00,0.0,$17.35,0.94,$-4.51,0.0,$0.71,22.98,$0.63B,$0.27B,2.39,$0.90B,$1.38B,0.65,$1.62B,$0.24B,14.98%,$1.62B,$0.12B,7.12%,$1.62B,$0.12B,7.12%,$1.62B,$0.24B,14.98%,$1.62B,$0.09B,5.63%,$1.62B,$0.07B,4.09%,$0.07B,$1.38B,4.82%,$0.07B,$1.38B,4.82%,$0.07B,$2.95B,2.26%,$0.12B,$2.27B,5.08%,$449,$392,$57,$0,$0,$426,$23,$-6,$16,$5,$12,$12,$12,$57,$23,$92,93,$0.13,$0.13,$178,$166,$18,$634,$0,$0,$0,$112,$112,$2951,$265,$895,$415,$1310,$1576,$429,$819,$0,$1375,$2951,$41,$68,$0,$68,$0,$0,$0,$0,$-27,$94,$-84,$0,$0,$0,$0,$0,$-4,$-88,$0,$0,$29,$0,$1,$-29,$-0,$2,$8,$0,$0
34,2010-03-31,20.0,$0.00,0.0,$15.21,1.32,$-5.99,0.0,$0.52,38.47,$0.66B,$0.27B,2.41,$0.90B,$1.38B,0.65,$1.41B,$0.21B,14.87%,$1.41B,$0.09B,6.23%,$1.41B,$0.09B,6.23%,$1.41B,$0.21B,14.87%,$1.41B,$0.07B,4.67%,$1.41B,$0.05B,3.40%,$0.05B,$1.38B,3.59%,$0.05B,$1.38B,3.59%,$0.05B,$2.97B,1.66%,$0.09B,$2.29B,3.96%,$467,$385,$81,$0,$0,$419,$48,$-6,$42,$13,$29,$29,$29,$81,$48,$92,93,$0.32,$0.31,$196,$169,$20,$658,$0,$0,$0,$110,$110,$2965,$272,$900,$408,$1308,$1580,$429,$821,$0,$1384,$2965,$29,$34,$0,$34,$0,$0,$0,$0,$-21,$57,$-46,$0,$0,$0,$0,$0,$1,$-45,$0,$0,$31,$0,$1,$-14,$-3,$14,$27,$0,$0
35,2009-12-31,15.94,$0.00,0.0,$12.97,1.23,$-6.49,0.0,$0.01,1594.14,$0.62B,$0.27B,2.29,$0.89B,$1.37B,0.65,$1.20B,$0.14B,11.84%,$1.20B,$0.02B,2.00%,$1.20B,$0.02B,2.00%,$1.20B,$0.14B,11.84%,$1.20B,$-0.00B,-0.25%,$1.20B,$0.00B,0.08%,$0.00B,$1.37B,0.08%,$0.00B,$1.37B,0.08%,$0.00B,$2.92B,0.04%,$0.02B,$2.25B,1.11%,$382,$309,$73,$0,$0,$341,$41,$-6,$35,$9,$26,$26,$26,$73,$41,$92,93,$0.28,$0.28,$170,$172,$24,$623,$0,$0,$0,$117,$117,$2923,$272,$885,$398,$1283,$1554,$428,$806,$0,$1369,$2923,$1,$118,$0,$118,$0,$0,$0,$0,$-18,$115,$-345,$0,$0,$0,$0,$0,$-35,$-380,$0,$0,$136,$0,$0,$-57,$27,$106,$-159,$0,$0
36,2009-09-30,14.05,$0.00,0.0,$13.28,1.06,$-5.75,0.0,$-0.30,0.0,$0.58B,$0.23B,2.5,$0.89B,$1.35B,0.66,$1.23B,$0.09B,7.35%,$1.23B,$-0.02B,-1.80%,$1.23B,$-0.02B,-1.80%,$1.23B,$0.09B,7.35%,$1.23B,$-0.09B,-7.10%,$1.23B,$-0.03B,-2.29%,$-0.03B,$1.35B,-2.18%,$-0.03B,$1.35B,-2.18%,$-0.03B,$2.85B,-1.00%,$-0.02B,$2.24B,-1.04%,$317,$286,$31,$0,$0,$314,$3,$-5,$-2,$-1,$-1,$-1,$-1,$31,$3,$92,92,$-0.01,$-0.01,$197,$117,$22,$579,$0,$0,$0,$117,$117,$2852,$232,$889,$380,$1270,$1501,$454,$0,$0,$1350,$2852,$-25,$86,$0,$86,$0,$0,$0,$0,$25,$83,$-292,$0,$0,$0,$0,$0,$-34,$-325,$0,$0,$129,$0,$0,$-43,$24,$111,$-131,$0,$0
37,2009-06-30,9.85,$0.00,0.0,$15.87,0.62,$-4.37,0.0,$0.46,21.42,$0.58B,$0.20B,2.84,$0.87B,$1.24B,0.7,$1.48B,$0.20B,13.46%,$1.48B,$0.08B,5.68%,$1.48B,$0.08B,5.68%,$1.48B,$0.20B,13.46%,$1.48B,$0.02B,1.01%,$1.48B,$0.04B,2.98%,$0.04B,$1.24B,3.43%,$0.04B,$1.24B,3.43%,$0.04B,$2.81B,1.56%,$0.08B,$2.11B,4.05%,$246,$221,$25,$0,$0,$249,$-4,$-5,$-9,$-3,$-6,$-6,$-6,$25,$-4,$92,92,$-0.06,$-0.06,$278,$103,$24,$576,$0,$0,$0,$173,$173,$2807,$203,$870,$371,$1361,$1564,$427,$810,$0,$1243,$2807,$-24,$58,$0,$58,$0,$0,$0,$0,$59,$82,$-208,$0,$0,$0,$0,$-11,$-4,$-223,$0,$0,$97,$0,$0,$-29,$22,$90,$-51,$0,$0
38,2009-03-31,6.22,$0.00,0.0,$19.51,0.32,$-1.87,0.0,$0.93,6.69,$0.61B,$0.20B,3.1,$0.82B,$1.26B,0.65,$1.83B,$0.25B,13.81%,$1.83B,$0.14B,7.70%,$1.83B,$0.14B,7.70%,$1.83B,$0.25B,13.81%,$1.83B,$0.08B,4.37%,$1.83B,$0.09B,4.86%,$0.09B,$1.26B,6.87%,$0.09B,$1.26B,6.87%,$0.09B,$2.76B,3.16%,$0.14B,$2.08B,6.92%,$254,$241,$13,$0,$0,$270,$-16,$-11,$-27,$-9,$-18,$-18,$-18,$13,$-16,$92,92,$-0.20,$-0.20,$313,$127,$20,$611,$0,$0,$0,$169,$169,$2759,$197,$817,$381,$1303,$1500,$427,$830,$0,$1259,$2759,$-18,$29,$0,$29,$0,$0,$0,$0,$63,$68,$-103,$0,$0,$0,$0,$-8,$-11,$-122,$0,$45,$0,$0,$0,$-14,$8,$39,$-16,$0,$0
39,2008-12-31,8.75,$0.00,0.0,$24.30,0.36,$-1.43,0.0,$1.80,4.86,$0.74B,$0.26B,2.85,$0.77B,$1.28B,0.6,$2.31B,$0.37B,15.86%,$2.31B,$0.26B,11.28%,$2.31B,$0.26B,11.28%,$2.31B,$0.37B,15.86%,$2.31B,$0.20B,8.60%,$2.31B,$0.17B,7.43%,$0.17B,$1.28B,13.15%,$0.17B,$1.28B,13.15%,$0.17B,$2.82B,6.04%,$0.26B,$2.05B,13.05%,$408,$387,$21,$0,$0,$414,$-5,$-44,$-49,$-46,$-3,$-3,$-3,$21,$-5,$93,93,$-0.03,$-0.03,$328,$178,$17,$736,$0,$0,$0,$157,$157,$2818,$259,$772,$397,$1277,$1536,$427,$872,$0,$1282,$2818,$172,$107,$0,$107,$0,$0,$0,$0,$83,$325,$-485,$0,$0,$0,$0,$-42,$1,$-526,$0,$187,$0,$0,$-146,$-57,$57,$41,$-160,$0,$0
40,2008-09-30,15.26,$0.00,0.0,$27.23,0.56,$2.80,5.45,$3.55,4.3,$0.93B,$0.33B,2.79,$0.71B,$1.34B,0.53,$2.64B,$0.62B,23.36%,$2.64B,$0.51B,19.23%,$2.64B,$0.51B,19.23%,$2.64B,$0.62B,23.36%,$2.64B,$0.48B,18.24%,$2.64B,$0.35B,13.16%,$0.35B,$1.34B,26.26%,$0.35B,$1.34B,26.26%,$0.35B,$2.90B,12.13%,$0.51B,$2.05B,25.79%,$570,$429,$140,$0,$0,$461,$109,$-9,$100,$29,$71,$71,$71,$140,$109,$94,94,$0.76,$0.75,$358,$246,$33,$929,$0,$0,$0,$151,$151,$2901,$333,$711,$427,$1228,$1561,$433,$900,$0,$1341,$2901,$175,$81,$0,$81,$0,$0,$0,$0,$-2,$274,$-357,$0,$0,$0,$0,$-38,$-3,$-398,$0,$128,$0,$0,$-129,$-43,$38,$-6,$-130,$0,$0
41,2008-06-30,21.36,$0.00,0.0,$25.13,0.85,$6.49,3.29,$3.04,7.03,$0.93B,$0.33B,2.82,$0.66B,$1.30B,0.51,$2.46B,$0.55B,22.14%,$2.46B,$0.44B,17.67%,$2.46B,$0.44B,17.67%,$2.46B,$0.55B,22.14%,$2.46B,$0.41B,16.82%,$2.46B,$0.30B,12.19%,$0.30B,$1.30B,23.26%,$0.30B,$1.30B,23.26%,$0.30B,$2.79B,10.90%,$0.44B,$1.97B,22.96%,$600,$521,$79,$0,$0,$548,$53,$3,$56,$17,$39,$39,$39,$79,$53,$95,95,$0.41,$0.41,$345,$247,$35,$929,$0,$0,$0,$146,$146,$2785,$330,$663,$419,$1152,$1482,$436,$856,$0,$1303,$2785,$104,$50,$0,$50,$0,$0,$0,$0,$-26,$145,$-38,$0,$0,$0,$0,$-33,$-177,$-249,$0,$78,$0,$0,$-114,$-28,$23,$-40,$-144,$0,$0
42,2008-03-31,19.84,$0.00,0.0,$23.35,0.85,$7.78,2.55,$2.98,6.66,$1.15B,$0.47B,2.44,$0.62B,$1.31B,0.48,$2.33B,$0.54B,23.32%,$2.33B,$0.43B,18.47%,$2.33B,$0.43B,18.47%,$2.33B,$0.54B,23.32%,$2.33B,$0.41B,17.53%,$2.33B,$0.30B,12.76%,$0.30B,$1.31B,23.28%,$0.30B,$1.31B,23.28%,$0.30B,$2.88B,11.15%,$0.43B,$1.93B,23.39%,$736,$609,$127,$0,$0,$632,$104,$-12,$92,$27,$65,$65,$65,$127,$104,$97,98,$0.67,$0.67,$465,$348,$38,$1151,$0,$0,$0,$112,$112,$2883,$472,$621,$430,$1105,$1577,$442,$867,$0,$1306,$2883,$65,$23,$0,$23,$0,$0,$0,$0,$8,$111,$-104,$0,$0,$0,$0,$0,$9,$-96,$0,$39,$0,$0,$-72,$-13,$9,$-38,$-23,$0,$0
43,2007-12-31,20.82,$0.00,0.0,$22.19,0.94,$9.35,2.23,$3.68,5.66,$1.22B,$0.50B,2.46,$0.58B,$1.34B,0.44,$2.27B,$0.65B,28.82%,$2.27B,$0.54B,23.79%,$2.27B,$0.54B,23.79%,$2.27B,$0.65B,28.82%,$2.27B,$0.52B,23.08%,$2.27B,$0.38B,16.64%,$0.38B,$1.34B,29.58%,$0.38B,$1.34B,29.58%,$0.38B,$2.87B,14.64%,$0.54B,$1.92B,29.94%,$731,$461,$270,$0,$0,$490,$241,$-8,$233,$61,$172,$172,$172,$270,$241,$99,100,$1.74,$1.72,$488,$312,$21,$1223,$0,$0,$0,$105,$105,$2870,$498,$582,$413,$1036,$1535,$452,$876,$0,$1335,$2870,$376,$112,$0,$112,$0,$0,$0,$0,$33,$527,$-278,$0,$0,$0,$0,$0,$-2,$-280,$0,$118,$0,$0,$-195,$-55,$18,$-114,$133,$0,$0
44,2007-09-30,19.07,$0.00,0.0,$21.10,0.9,$10.74,1.78,$3.57,5.34,$0.92B,$0.25B,3.73,$0.55B,$1.22B,0.46,$2.20B,$0.66B,30.05%,$2.20B,$0.55B,24.97%,$2.20B,$0.55B,24.97%,$2.20B,$0.66B,30.05%,$2.20B,$0.53B,24.06%,$2.20B,$0.38B,17.11%,$0.38B,$1.22B,30.33%,$0.38B,$1.22B,30.33%,$0.38B,$2.47B,15.27%,$0.55B,$1.77B,31.59%,$395,$327,$69,$0,$0,$358,$37,$-4,$33,$10,$24,$24,$24,$69,$37,$100,100,$0.24,$0.24,$533,$149,$24,$918,$0,$0,$0,$95,$95,$2469,$246,$554,$424,$1007,$1253,$0,$752,$0,$1216,$2469,$204,$83,$0,$83,$0,$0,$0,$0,$141,$447,$-166,$0,$0,$0,$0,$0,$0,$-166,$0,$90,$0,$0,$-161,$-41,$9,$-103,$178,$0,$0
45,2007-06-30,18.75,$0.00,0.0,$21.97,0.85,$10.52,1.78,$4.38,4.28,$0.95B,$0.24B,3.97,$0.49B,$1.25B,0.4,$2.33B,$0.79B,34.11%,$2.33B,$0.68B,29.34%,$2.33B,$0.68B,29.34%,$2.33B,$0.79B,34.11%,$2.33B,$0.66B,28.31%,$2.33B,$0.47B,20.02%,$0.47B,$1.25B,38.54%,$0.47B,$1.25B,38.54%,$0.47B,$2.43B,19.32%,$0.68B,$1.74B,40.44%,$466,$390,$77,$0,$0,$418,$48,$1,$50,$14,$36,$36,$36,$77,$48,$103,103,$0.35,$0.35,$484,$180,$30,$952,$0,$0,$0,$93,$93,$2430,$240,$493,$423,$943,$1183,$0,$775,$0,$1247,$2430,$180,$52,$0,$52,$0,$0,$0,$0,$69,$315,$-66,$0,$0,$0,$0,$0,$-3,$-69,$0,$21,$-3,$0,$-120,$-27,$12,$-117,$129,$0,$0
46,2007-03-31,16.56,$0.00,0.0,$21.63,0.77,$9.63,1.72,$4.78,3.46,$1.09B,$0.34B,3.27,$0.47B,$1.30B,0.36,$2.32B,$0.87B,37.45%,$2.32B,$0.76B,32.89%,$2.32B,$0.76B,32.89%,$2.32B,$0.87B,37.45%,$2.32B,$0.73B,31.47%,$2.32B,$0.51B,22.04%,$0.51B,$1.30B,44.51%,$0.51B,$1.30B,44.51%,$0.51B,$2.54B,21.91%,$0.76B,$1.77B,46.96%,$674,$437,$237,$0,$0,$461,$213,$-6,$207,$62,$145,$145,$145,$237,$213,$105,106,$1.38,$1.37,$474,$275,$21,$1094,$0,$0,$0,$95,$95,$2535,$335,$473,$427,$900,$1235,$470,$818,$0,$1300,$2535,$145,$24,$0,$24,$0,$0,$0,$0,$12,$191,$-18,$0,$0,$0,$0,$0,$1,$-17,$0,$0,$-1,$0,$-43,$-13,$2,$-55,$119,$0,$0
47,2006-12-31,20.2,$0.00,0.0,$19.32,1.05,$8.11,2.49,$4.43,4.56,$0.99B,$0.34B,2.91,$0.47B,$1.21B,0.39,$2.11B,$0.80B,37.93%,$2.11B,$0.69B,32.91%,$2.11B,$0.69B,32.91%,$2.11B,$0.80B,37.93%,$2.11B,$0.66B,31.25%,$2.11B,$0.48B,22.85%,$0.48B,$1.21B,44.93%,$0.48B,$1.21B,44.93%,$0.48B,$2.44B,21.75%,$0.69B,$1.68B,44.69%,$668,$389,$279,$0,$0,$417,$252,$-11,$240,$68,$172,$172,$172,$279,$252,$106,107,$1.62,$1.61,$355,$245,$24,$990,$0,$0,$0,$101,$101,$2443,$341,$473,$421,$894,$1234,$475,$724,$0,$1209,$2443,$483,$107,$0,$107,$0,$0,$0,$0,$-154,$469,$-53,$0,$0,$0,$0,$0,$35,$-19,$0,$-2,$-20,$0,$-179,$-53,$0,$-254,$196,$0,$0
