,Date,Stock Price,Book Value per Share,Price to Book Ratio,TTM Sales per Share,Price to Sales Ratio,TTM FCF per Share,Price to FCF Ratio,TTM Net EPS,PE Ratio,Current Assets,Current Liabilities,Current Ratio,Long Term Debt,Shareholder's Equity_x,Debt to Equity Ratio,TTM Revenue_x,TTM Gross Profit,Gross Margin,TTM Revenue_y,TTM Operating Income,Operating Margin,TTM Revenue_x,TTM EBIT,EBIT Margin,TTM Revenue_y,TTM EBITDA,EBITDA Margin,TTM Revenue_x,TTM Pre-Tax Income,Pre-Tax Margin,TTM Revenue_y,TTM Net Income_x,Net Margin,TTM Net Income_y,Shareholder's Equity_y,Return on Equity,TTM Net Income_x,Tangible Equity,Return on Tangible Equity,TTM Net Income_y,Total Assets,Return on Assets,TTM Net Income,LT Investments & Debt,Return on Investment,revenue,cost-goods-sold,gross-profit,research-development-expenses,selling-general-administrative-expenses,operating-expenses,operating-income,total-non-operating-income-expense,pre-tax-income,total-provision-income-taxes,income-after-taxes,income-from-continuous-operations,net-income,ebitda,ebit,basic-shares-outstanding,shares-outstanding,eps-basic-net-earnings-per-share,eps-earnings-per-share-diluted,cash-on-hand,inventory,other-current-assets,total-current-assets,net-property-plant-equipment,long-term-investments,goodwill-intangible-assets-total,other-long-term-assets,total-long-term-assets,total-assets,total-current-liabilities,long-term-debt,other-non-current-liabilities,total-long-term-liabilities,total-liabilities,common-stock-net,retained-earnings-accumulated-deficit,comprehensive-income,total-share-holder-equity,total-liabilities-share-holders-equity,net-income-loss,total-depreciation-amortization-cash-flow,other-non-cash-items,total-non-cash-items,change-in-accounts-receivable,change-in-inventories,change-in-accounts-payable,change-in-assets-liabilities,total-change-in-assets-liabilities,cash-flow-from-operating-activities,net-change-in-property-plant-equipment,net-change-in-intangible-assets,net-acquisitions-divestitures,net-change-in-short-term-investments,net-change-in-long-term-investments,net-change-in-investments-total,investing-activities-other,cash-flow-from-investing-activities,net-long-term-debt,net-current-debt,debt-issuance-retirement-net-total,net-common-equity-issued-repurchased,net-total-equity-issued-repurchased,total-common-preferred-stock-dividends-paid,financial-activities-other,cash-flow-from-financial-activities,net-cash-flow,stock-based-compensation,common-stock-dividends-paid
0,2018-09-30,8.16,$5.46,1.49,$0.29,27.84,$-1.97,0.0,$-0.49,0.0,$0.10B,$0.03B,3.57,$0.06B,$0.53B,0.12,$0.03B,$0.02B,67.86%,$0.03B,$-0.07B,-257.14%,$0.03B,$-0.07B,-257.14%,$0.03B,$-0.07B,-246.43%,$0.03B,$-0.08B,-275.00%,$0.03B,$-0.05B,-167.86%,$-0.05B,$0.53B,-8.52%,$-0.05B,$-0.06B,139.26%,$-0.05B,$0.69B,-6.90%,$-0.07B,$0.59B,-12.21%,$12,$4,$7,$18,$6,$29,$-18,$-3,$-20,$-1,$-19,$-19,$-19,$-17,$-18,$96,96,$-0.20,$-0.20,$55,$0,$0,$98,$1,$2,$584,$3,$591,$689,$27,$61,$43,$134,$161,$890,$-400,$0,$528,$689,$-19,$1,$3,$3,$-20,$0,$2,$13,$-3,$-20,$-0,$0,$0,$0,$0,$0,$0,$-0,$29,$0,$29,$10,$10,$0,$-2,$37,$17,$1,$0
1,2018-06-30,5.5,$5.70,0.97,$0.18,29.75,$-1.99,0.0,$-0.37,0.0,$0.10B,$0.02B,4.21,$0.06B,$0.55B,0.11,$0.02B,$0.01B,70.59%,$0.02B,$-0.06B,-376.47%,$0.02B,$-0.06B,-376.47%,$0.02B,$-0.06B,-358.82%,$0.02B,$-0.07B,-394.12%,$0.02B,$-0.04B,-205.88%,$-0.04B,$0.55B,-6.26%,$-0.04B,$-0.04B,134.62%,$-0.04B,$0.69B,-5.17%,$-0.06B,$0.61B,-10.99%,$2,$2,$-0,$18,$5,$22,$-20,$-1,$-22,$-1,$-21,$-21,$-21,$-20,$-20,$93,93,$-0.23,$-0.23,$38,$0,$0,$101,$1,$2,$585,$3,$591,$692,$24,$59,$43,$122,$146,$889,$-380,$0,$546,$692,$-35,$3,$-33,$-31,$-6,$0,$-4,$3,$-9,$-75,$-0,$0,$0,$0,$0,$0,$-1,$-1,$32,$0,$32,$37,$37,$0,$-0,$69,$-8,$6,$0
2,2018-03-31,5.78,$5.88,0.98,$0.17,33.28,$-2.39,0.0,$-0.47,0.0,$0.09B,$0.03B,3.46,$0.03B,$0.56B,0.06,$0.02B,$0.01B,68.75%,$0.02B,$-0.08B,-468.75%,$0.02B,$-0.08B,-468.75%,$0.02B,$-0.07B,-443.75%,$0.02B,$-0.08B,-475.00%,$0.02B,$-0.04B,-256.25%,$-0.04B,$0.56B,-7.42%,$-0.04B,$-0.03B,121.48%,$-0.04B,$0.68B,-6.14%,$-0.08B,$0.59B,-13.39%,$1,$2,$-1,$17,$6,$25,$-24,$-0,$-25,$-3,$-21,$-21,$-21,$-23,$-24,$95,95,$-0.22,$-0.22,$60,$0,$0,$86,$1,$2,$585,$3,$592,$678,$25,$31,$44,$97,$122,$879,$-359,$0,$556,$678,$-14,$2,$-33,$-30,$-7,$0,$-2,$-0,$-10,$-55,$-0,$0,$0,$0,$0,$0,$-1,$-1,$32,$0,$32,$38,$38,$0,$-0,$70,$14,$5,$0
3,2017-12-31,5.84,$6.11,0.96,$0.17,33.64,$-2.71,0.0,$-0.37,0.0,$0.07B,$0.02B,3.35,$0.00B,$0.58B,0.0,$0.02B,$0.01B,56.25%,$0.02B,$-0.06B,-400.00%,$0.02B,$-0.06B,-400.00%,$0.02B,$-0.06B,-375.00%,$0.02B,$-0.06B,-400.00%,$0.02B,$-0.03B,-187.50%,$-0.03B,$0.58B,-5.47%,$-0.03B,$-0.01B,78.95%,$-0.03B,$0.67B,-4.49%,$-0.06B,$0.58B,-11.67%,$13,$1,$13,$16,$6,$23,$-10,$0,$-10,$-23,$14,$14,$14,$-9,$-10,$94,94,$0.15,$0.15,$47,$0,$0,$72,$1,$2,$586,$3,$593,$665,$22,$0,$44,$68,$89,$879,$-338,$0,$576,$665,$7,$1,$-31,$-30,$-4,$0,$-7,$0,$-12,$-35,$-0,$0,$0,$0,$0,$0,$-1,$-1,$0,$0,$0,$38,$38,$0,$0,$38,$2,$4,$0
4,2017-09-30,5.48,$5.95,0.92,$0.04,141.71,$-2.94,0.0,$-0.78,0.0,$0.08B,$0.02B,3.53,$0.00B,$0.56B,0.0,$0.00B,$-0.01B,-175.00%,$0.00B,$-0.08B,-1925.00%,$0.00B,$-0.08B,-1925.00%,$0.00B,$-0.07B,-1825.00%,$0.00B,$-0.08B,-1925.00%,$0.00B,$-0.06B,-1600.00%,$-0.06B,$0.56B,-12.03%,$-0.06B,$-0.03B,116.89%,$-0.06B,$0.67B,-9.60%,$-0.08B,$0.56B,-14.47%,$1,$1,$0,$15,$5,$11,$-10,$0,$-10,$-3,$-7,$-7,$-7,$-9,$-10,$89,89,$-0.08,$-0.08,$63,$0,$0,$80,$2,$2,$586,$2,$592,$672,$23,$0,$43,$90,$112,$879,$-352,$0,$560,$672,$-7,$1,$-11,$-10,$-0,$0,$-2,$-1,$-3,$-20,$-0,$0,$0,$0,$0,$0,$-1,$-1,$0,$0,$0,$38,$38,$0,$0,$38,$17,$2,$0
5,2017-06-30,7.95,$6.03,1.32,$0.03,259.45,$-2.98,0.0,$-0.96,0.0,$0.06B,$0.04B,1.74,$0.00B,$0.52B,0.0,$0.00B,$-0.01B,-333.33%,$0.00B,$-0.09B,-3000.00%,$0.00B,$-0.09B,-3000.00%,$0.00B,$-0.09B,-2866.67%,$0.00B,$-0.09B,-3000.00%,$0.00B,$-0.08B,-2566.67%,$-0.08B,$0.52B,-14.82%,$-0.08B,$-0.07B,113.65%,$-0.08B,$0.66B,-11.57%,$-0.09B,$0.52B,-17.32%,$1,$1,$-1,$16,$7,$32,$-31,$0,$-31,$-4,$-27,$-27,$-27,$-30,$-31,$80,80,$-0.33,$-0.33,$46,$0,$0,$64,$2,$2,$586,$2,$592,$656,$37,$0,$53,$102,$139,$830,$-345,$0,$517,$656,$-77,$3,$-8,$-5,$-1,$0,$-6,$-8,$-14,$-95,$-0,$0,$0,$0,$0,$0,$0,$0,$0,$0,$0,$60,$60,$0,$0,$60,$-35,$5,$0
6,2017-03-31,8.98,$6.31,1.42,$0.40,22.67,$-3.01,0.0,0,0.0,$0.09B,$0.03B,2.92,$0.00B,$0.54B,0.0,$0.03B,$0.01B,34.48%,$0.03B,$-0.04B,-131.03%,$0.03B,$-0.04B,-131.03%,$0.03B,$-0.04B,-120.69%,$0.03B,$-0.09B,-320.69%,$0.03B,$-0.00B,-6.90%,$-0.00B,$0.54B,-0.38%,$-0.00B,$-0.05B,3.07%,$-0.00B,$0.68B,-0.30%,$-0.04B,$0.54B,-7.28%,$1,$4,$-3,$14,$6,$14,$-13,$0,$-13,$-3,$-10,$-10,$-10,$-12,$-13,$80,80,$-0.12,$-0.12,$69,$0,$0,$86,$2,$2,$587,$2,$593,$679,$30,$0,$56,$109,$139,$830,$-318,$0,$540,$679,$-50,$2,$-15,$-13,$-1,$0,$-1,$-6,$-10,$-72,$-0,$0,$0,$0,$0,$0,$0,$0,$0,$0,$0,$60,$60,$0,$0,$60,$-12,$2,$0
7,2016-12-31,5.35,$6.35,0.84,$0.44,12.17,$-3.05,0.0,$-0.10,0.0,$0.07B,$0.03B,2.3,$0.00B,$0.51B,0.0,$0.03B,$0.01B,28.13%,$0.03B,$-0.04B,-137.50%,$0.03B,$-0.04B,-137.50%,$0.03B,$-0.04B,-128.13%,$0.03B,$-0.10B,-315.63%,$0.03B,$-0.01B,-28.13%,$-0.01B,$0.51B,-2.32%,$-0.01B,$-0.08B,16.74%,$-0.01B,$0.66B,-1.79%,$-0.04B,$0.51B,-11.36%,$1,$4,$-3,$15,$5,$24,$-23,$0,$-23,$-3,$-20,$-20,$-20,$-22,$-23,$77,77,$-0.25,$-0.25,$34,$0,$0,$67,$2,$2,$587,$2,$594,$661,$29,$0,$65,$121,$150,$792,$-308,$0,$511,$661,$-40,$2,$-4,$-2,$-1,$0,$-1,$-2,$-5,$-46,$-0,$0,$0,$0,$0,$0,$0,$-0,$0,$0,$0,$-0,$-0,$0,$0,$-0,$-47,$1,$0
8,2016-09-30,4.31,$6.68,0.65,$0.49,8.81,$-3.13,0.0,$-0.15,0.0,$0.07B,$0.03B,2.26,$0.00B,$0.51B,0.0,$0.04B,$0.01B,22.86%,$0.04B,$-0.04B,-117.14%,$0.04B,$-0.04B,-117.14%,$0.04B,$-0.04B,-111.43%,$0.04B,$-0.10B,-285.71%,$0.04B,$-0.01B,-31.43%,$-0.01B,$0.51B,-2.87%,$-0.01B,$-0.08B,14.92%,$-0.01B,$0.67B,-2.06%,$-0.04B,$0.51B,-10.71%,$0,$3,$-3,$14,$5,$23,$-23,$0,$-23,$-3,$-20,$-20,$-20,$-22,$-23,$76,76,$-0.26,$-0.26,$60,$0,$0,$71,$3,$2,$587,$2,$595,$665,$31,$0,$65,$124,$156,$770,$-288,$0,$510,$665,$-20,$1,$-1,$-0,$0,$0,$1,$-1,$-1,$-21,$-0,$0,$0,$0,$0,$0,$0,$-0,$0,$0,$0,$-0,$-0,$0,$0,$-0,$-21,$1,$0
