,Date,Stock Price,Book Value per Share,Price to Book Ratio,TTM Sales per Share,Price to Sales Ratio,TTM FCF per Share,Price to FCF Ratio,TTM Net EPS,PE Ratio,Current Assets,Current Liabilities,Current Ratio,Long Term Debt,Shareholder's Equity_x,Debt to Equity Ratio,TTM Revenue_x,TTM Gross Profit,Gross Margin,TTM Revenue_y,TTM Operating Income,Operating Margin,TTM Revenue_x,TTM EBIT,EBIT Margin,TTM Revenue_y,TTM EBITDA,EBITDA Margin,TTM Revenue_x,TTM Pre-Tax Income,Pre-Tax Margin,TTM Revenue_y,TTM Net Income_x,Net Margin,TTM Net Income_y,Shareholder's Equity_y,Return on Equity,TTM Net Income_x,Tangible Equity,Return on Tangible Equity,TTM Net Income_y,Total Assets,Return on Assets,TTM Net Income,LT Investments & Debt,Return on Investment,revenue,cost-goods-sold,gross-profit,research-development-expenses,selling-general-administrative-expenses,operating-expenses,operating-income,total-non-operating-income-expense,pre-tax-income,total-provision-income-taxes,income-after-taxes,income-from-continuous-operations,net-income,ebitda,ebit,basic-shares-outstanding,shares-outstanding,eps-basic-net-earnings-per-share,eps-earnings-per-share-diluted,cash-on-hand,inventory,other-current-assets,total-current-assets,net-property-plant-equipment,long-term-investments,goodwill-intangible-assets-total,other-long-term-assets,total-long-term-assets,total-assets,total-current-liabilities,long-term-debt,other-non-current-liabilities,total-long-term-liabilities,total-liabilities,common-stock-net,retained-earnings-accumulated-deficit,comprehensive-income,total-share-holder-equity,total-liabilities-share-holders-equity,net-income-loss,total-depreciation-amortization-cash-flow,other-non-cash-items,total-non-cash-items,change-in-accounts-receivable,change-in-inventories,change-in-accounts-payable,change-in-assets-liabilities,total-change-in-assets-liabilities,cash-flow-from-operating-activities,net-change-in-property-plant-equipment,net-change-in-intangible-assets,net-acquisitions-divestitures,net-change-in-short-term-investments,net-change-in-long-term-investments,net-change-in-investments-total,investing-activities-other,cash-flow-from-investing-activities,net-long-term-debt,net-current-debt,debt-issuance-retirement-net-total,net-common-equity-issued-repurchased,net-total-equity-issued-repurchased,total-common-preferred-stock-dividends-paid,financial-activities-other,cash-flow-from-financial-activities,net-cash-flow,stock-based-compensation,common-stock-dividends-paid
0,2018-09-30,17.88,$17.54,1.02,$18.20,0.98,$17.31,1.03,$0.35,51.09,$38.41B,$0.00B,0.0,$3.46B,$31.89B,0.11,$36.56B,$16.13B,44.13%,$36.56B,$3.69B,10.08%,$36.56B,$3.69B,10.08%,$36.56B,$5.50B,15.05%,$36.56B,$2.41B,6.59%,$36.56B,$1.96B,5.36%,$1.96B,$34.82B,5.71%,$1.96B,$27.18B,7.37%,$1.96B,$572.40B,0.34%,$3.69B,$38.28B,9.70%,$6156,$5000,$1156,$0,$3039,$8039,$-1883,$3346,$1463,$5,$1458,$1458,$1172,$-950,$-1883,$1984,1989,$0.59,$0.59,$11972,$0,$0,$38412,$0,$253576,$7633,$269491,$533983,$572395,$0,$3463,$526195,$537579,$537579,$17639,$9845,$3050,$34816,$572395,$3499,$1612,$6733,$8345,$0,$0,$0,$0,$0,$11062,$0,$0,$0,$0,$-12546,$-12546,$739,$-11806,$-306,$402,$96,$43,$230,$-1093,$1007,$240,$-313,$5,$-1093
1,2018-06-30,17.76,$17.70,1.0,$19.89,0.89,$16.83,1.06,$0.79,22.48,$38.58B,$0.00B,0.0,$3.57B,$32.16B,0.11,$39.92B,$19.67B,49.26%,$39.92B,$7.26B,18.19%,$39.92B,$7.26B,18.19%,$39.92B,$8.37B,20.96%,$39.92B,$1.96B,4.91%,$39.92B,$1.64B,4.11%,$1.64B,$35.12B,4.77%,$1.64B,$27.32B,6.17%,$1.64B,$582.97B,0.29%,$7.26B,$38.69B,19.01%,$10593,$5562,$5031,$0,$3164,$8727,$1867,$184,$1190,$191,$999,$999,$978,$2408,$1867,$2069,2069,$0.47,$0.47,$13353,$0,$0,$38581,$0,$258856,$7800,$274037,$544393,$582974,$0,$3567,$536268,$547853,$547853,$17849,$9120,$4068,$35121,$582974,$2066,$679,$4461,$5140,$0,$0,$0,$0,$0,$6827,$0,$0,$0,$0,$-6552,$-6552,$73,$-6479,$0,$786,$786,$33,$222,$-735,$-7,$266,$990,$3,$-735
2,2018-03-31,18.2,$17.59,1.03,$20.99,0.87,$16.55,1.1,$0.77,23.64,$39.05B,$0.00B,0.0,$3.88B,$31.86B,0.12,$41.67B,$22.12B,53.09%,$41.67B,$10.08B,24.19%,$41.67B,$10.08B,24.19%,$41.67B,$11.10B,26.64%,$41.67B,$1.97B,4.73%,$41.67B,$1.57B,3.76%,$1.57B,$34.88B,4.63%,$1.57B,$26.99B,6.00%,$1.57B,$585.35B,0.28%,$10.08B,$38.77B,26.68%,$6920,$5259,$1661,$0,$3051,$8310,$-1390,$2746,$1356,$267,$1089,$1089,$1055,$-1252,$-1390,$1983,1983,$0.53,$0.53,$13466,$0,$0,$39051,$0,$259262,$7896,$275343,$546297,$585348,$0,$3882,$538890,$550465,$550465,$18206,$8693,$3829,$34883,$585348,$1089,$138,$1823,$1961,$0,$0,$0,$0,$0,$3045,$0,$0,$0,$0,$-2942,$-2942,$-17,$-2958,$0,$108,$108,$17,$210,$-370,$507,$456,$815,$1,$-370
3,2017-12-31,20.25,$16.41,1.23,$22.69,0.89,$16.23,1.25,$0.74,27.37,$36.62B,$0.00B,0.0,$3.69B,$29.77B,0.12,$44.99B,$25.71B,57.15%,$44.99B,$13.84B,30.77%,$44.99B,$13.84B,30.77%,$44.99B,$16.20B,36.02%,$44.99B,$1.93B,4.29%,$44.99B,$1.50B,3.33%,$1.50B,$32.53B,4.49%,$1.50B,$24.93B,5.82%,$1.50B,$562.76B,0.27%,$13.84B,$36.22B,36.94%,$12890,$4604,$8286,$0,$3194,$7798,$5092,$-6691,$-1599,$-314,$-1286,$-1286,$-1244,$5295,$5092,$1978,1986,$-0.64,$-0.63,$12315,$0,$0,$36620,$0,$247187,$7591,$267840,$526142,$562762,$0,$3691,$519088,$530237,$530237,$17734,$7778,$3153,$32525,$562762,$1745,$2360,$9791,$12150,$0,$0,$0,$0,$0,$13724,$0,$0,$-8,$0,$-12731,$-12731,$175,$-12564,$-468,$549,$81,$96,$96,$-1373,$1207,$11,$663,$12,$-1373
4,2017-09-30,19.55,$17.65,1.11,$14.85,1.32,$15.83,1.23,$1.40,13.96,$37.26B,$0.00B,0.0,$4.28B,$32.06B,0.13,$29.45B,$10.02B,34.03%,$29.45B,$-1.62B,-5.50%,$29.45B,$-1.62B,-5.50%,$29.45B,$0.60B,2.05%,$29.45B,$3.31B,11.25%,$29.45B,$2.69B,9.14%,$2.69B,$34.91B,8.07%,$2.69B,$27.10B,10.47%,$2.69B,$569.20B,0.49%,$-1.62B,$39.19B,-4.31%,$9521,$4834,$4687,$0,$2992,$7827,$1695,$-682,$1013,$10,$1002,$1002,$851,$1919,$1695,$1978,1986,$0.43,$0.43,$12169,$0,$0,$37255,$0,$248931,$7810,$271493,$531948,$569203,$0,$4278,$522205,$534291,$534291,$18296,$9683,$2867,$34912,$569203,$3160,$2157,$5300,$7456,$0,$0,$0,$0,$0,$10097,$0,$0,$-8,$0,$-9955,$-9955,$155,$-9809,$-6,$714,$709,$52,$52,$-1064,$805,$501,$217,$10,$-1064
5,2017-06-30,17.93,$16.64,1.08,$15.67,1.14,$15.48,1.16,$1.38,12.99,$35.81B,$0.00B,0.0,$4.12B,$30.23B,0.14,$31.02B,$11.73B,37.82%,$31.02B,$0.16B,0.53%,$31.02B,$0.16B,0.53%,$31.02B,$1.95B,6.28%,$31.02B,$3.31B,10.67%,$31.02B,$2.70B,8.70%,$2.70B,$32.89B,8.19%,$2.70B,$25.46B,10.62%,$2.70B,$539.74B,0.49%,$0.16B,$37.01B,0.44%,$12340,$4853,$7488,$0,$2802,$7655,$4685,$-3482,$1203,$226,$977,$977,$904,$5139,$4685,$1977,1984,$0.46,$0.45,$11800,$0,$0,$35813,$0,$234695,$7436,$258407,$503924,$539737,$0,$4121,$495571,$506847,$506847,$17034,$8534,$3641,$32890,$539737,$2012,$1932,$2596,$4528,$0,$0,$0,$0,$0,$5991,$0,$0,$-7,$0,$-5506,$-5506,$123,$-5390,$0,$329,$329,$29,$29,$-661,$619,$315,$686,$7,$-661
6,2017-03-31,16.8,$16.79,1.0,$17.19,0.98,$15.08,1.11,$1.18,14.24,$37.54B,$0.00B,0.0,$4.28B,$30.49B,0.14,$34.69B,$15.51B,44.72%,$34.69B,$3.96B,11.41%,$34.69B,$3.96B,11.41%,$34.69B,$5.27B,15.18%,$34.69B,$2.84B,8.19%,$34.69B,$2.34B,6.74%,$2.34B,$33.19B,7.11%,$2.34B,$25.57B,9.23%,$2.34B,$550.34B,0.42%,$3.96B,$37.47B,10.66%,$10238,$4989,$5249,$0,$2877,$7867,$2372,$-1059,$1312,$261,$1051,$1051,$989,$3850,$2372,$1976,1976,$0.50,$0.50,$12098,$0,$0,$37540,$0,$237608,$7620,$264214,$512799,$550339,$0,$4277,$505333,$517145,$517145,$17296,$8058,$4141,$33194,$550339,$1051,$1478,$660,$2138,$0,$0,$0,$0,$0,$2407,$0,$0,$0,$0,$-2735,$-2735,$101,$-2634,$0,$260,$260,$20,$20,$-335,$1035,$979,$733,$6,$-335
7,2016-12-31,16.74,$16.37,1.02,$20.02,0.84,$14.85,1.13,$1.05,15.94,$38.48B,$0.00B,0.0,$4.30B,$29.64B,0.15,$40.28B,$21.36B,53.02%,$40.28B,$10.13B,25.15%,$40.28B,$10.13B,25.15%,$40.28B,$10.08B,25.02%,$40.28B,$2.51B,6.24%,$40.28B,$2.11B,5.24%,$2.11B,$32.34B,6.57%,$2.11B,$24.71B,8.54%,$2.11B,$544.26B,0.39%,$10.13B,$36.64B,28.12%,$-2651,$4752,$-7403,$0,$2968,$7720,$-10371,$10158,$-215,$-338,$123,$131,$-53,$-10305,$-10371,$1973,1977,$0.01,$0.01,$11442,$0,$0,$38476,$0,$233340,$7633,$261457,$505782,$544258,$0,$4302,$501168,$511918,$511918,$17268,$7370,$4038,$32340,$544258,$2366,$-54,$11323,$11270,$0,$0,$0,$0,$0,$12866,$0,$0,$-374,$0,$-16658,$-16658,$-140,$-17172,$2825,$622,$3447,$50,$717,$-1203,$-480,$2482,$-2087,$14,$-1203
8,2016-09-30,13.15,$16.84,0.78,$25.30,0.52,$12.45,1.06,$1.12,11.74,$40.80B,$0.00B,0.0,$4.13B,$30.84B,0.13,$50.72B,$29.70B,58.56%,$50.72B,$18.66B,36.78%,$50.72B,$18.66B,36.78%,$50.72B,$19.76B,38.96%,$50.72B,$2.81B,5.55%,$50.72B,$2.35B,4.63%,$2.35B,$33.23B,7.28%,$2.35B,$25.81B,9.42%,$2.35B,$569.42B,0.43%,$18.66B,$37.36B,52.62%,$11090,$4693,$6397,$0,$2920,$7613,$3477,$-2469,$1008,$90,$918,$918,$857,$3264,$3477,$1973,1976,$0.42,$0.42,$13945,$0,$0,$40804,$0,$239868,$7417,$278111,$528614,$569418,$0,$4131,$524298,$536191,$536191,$17504,$7745,$4683,$33227,$569418,$2277,$-120,$7543,$7423,$0,$0,$0,$0,$0,$9366,$0,$0,$-79,$0,$-12402,$-12402,$24,$-12457,$2708,$1143,$3851,$15,$335,$-915,$515,$3786,$393,$12,$-915
9,2016-06-30,12.6,$16.67,0.76,$22.31,0.56,$10.02,1.26,$0.92,13.7,$42.72B,$0.00B,0.0,$4.15B,$30.47B,0.14,$45.06B,$24.35B,54.03%,$45.06B,$13.68B,30.36%,$45.06B,$13.68B,30.36%,$45.06B,$15.39B,34.15%,$45.06B,$2.56B,5.69%,$45.06B,$1.97B,4.37%,$1.97B,$32.89B,6.19%,$1.97B,$25.30B,8.01%,$1.97B,$563.48B,0.37%,$13.68B,$37.04B,39.91%,$16011,$4742,$11268,$0,$2789,$7532,$8479,$-7744,$735,$179,$556,$556,$546,$8457,$8479,$2071,2071,$0.26,$0.26,$16218,$0,$0,$42724,$0,$236286,$7583,$273894,$520754,$563478,$0,$4150,$518660,$530593,$530593,$17702,$7276,$4638,$32885,$563478,$1374,$93,$4671,$4764,$0,$0,$0,$0,$0,$5406,$0,$0,$-69,$0,$-6712,$-6712,$116,$-6665,$2739,$931,$3670,$12,$336,$-617,$759,$4148,$2492,$10,$-617
10,2016-03-31,12.89,$0.00,0.0,$15.04,0.86,$5.21,2.48,$0.91,14.17,$15.17B,$211.24B,0.07,$2.95B,$27.88B,0.11,$29.97B,$11.50B,38.37%,$29.97B,$0.95B,3.15%,$29.97B,$0.95B,3.15%,$29.97B,$2.68B,8.93%,$29.97B,$2.36B,7.86%,$29.97B,$1.91B,6.37%,$1.91B,$30.15B,6.08%,$1.91B,$23.13B,7.83%,$1.91B,$508.37B,0.36%,$0.95B,$33.10B,2.81%,$15831,$4737,$11094,$0,$2546,$7283,$8547,$-7563,$986,$217,$769,$762,$762,$8662,$8547,$1972,1976,$0.38,$0.37,$13023,$0,$0,$15174,$0,$226098,$7016,$246526,$482355,$508369,$211240,$2951,$264033,$266984,$478224,$16624,$6615,$0,$30145,$508369,$769,$115,$0,$115,$0,$0,$0,$0,$-910,$1969,$0,$0,$-8,$0,$0,$0,$-3806,$-3814,$0,$0,$1637,$0,$4,$-287,$1067,$2421,$112,$0,$0
11,2015-12-31,13.53,$0.00,0.0,$13.57,1.0,$4.21,3.21,$0.84,16.1,$44.25B,$0.00B,0.0,$1.45B,$30.75B,0.05,$27.27B,$8.65B,31.73%,$27.27B,$-1.82B,-6.69%,$27.27B,$-1.82B,-6.69%,$27.27B,$-0.21B,-0.77%,$27.27B,$2.05B,7.52%,$27.27B,$1.75B,6.41%,$1.75B,$32.86B,5.49%,$1.75B,$25.51B,7.00%,$1.75B,$552.15B,0.32%,$-1.82B,$34.31B,-5.35%,$7784,$6844,$940,$0,$2788,$9632,$-1848,$1865,$85,$-56,$141,$184,$184,$-624,$-1848,$1973,1973,$0.08,$0.08,$14015,$0,$0,$44245,$0,$206714,$7353,$269043,$486297,$552151,$0,$1452,$511807,$519289,$519289,$17865,$6581,$0,$32862,$552151,$1794,$1615,$0,$1615,$0,$0,$0,$0,$0,$8098,$0,$0,$-2984,$0,$0,$-7960,$80,$-10864,$0,$176,$-1758,$0,$29,$-1118,$1099,$-1572,$-2692,$0,$0
12,2015-09-30,13.87,$0.00,0.0,$16.47,0.84,$3.40,4.08,$1.02,13.6,$16.76B,$215.49B,0.08,$1.40B,$29.22B,0.05,$32.18B,$15.97B,49.61%,$32.18B,$5.73B,17.79%,$32.18B,$5.73B,17.79%,$32.18B,$6.54B,20.31%,$32.18B,$2.59B,8.05%,$32.18B,$2.07B,6.44%,$2.07B,$31.28B,6.62%,$2.07B,$24.30B,8.27%,$2.07B,$522.46B,0.39%,$5.73B,$32.68B,16.80%,$5437,$4392,$1046,$0,$2543,$6935,$-1497,$2256,$756,$242,$514,$476,$476,$-1106,$-1497,$2073,2073,$0.22,$0.22,$14539,$0,$0,$16763,$0,$234247,$6982,$250224,$494334,$522456,$215485,$1399,$274291,$275690,$491175,$17434,$6516,$0,$31281,$522456,$1590,$391,$0,$391,$0,$0,$0,$0,$-1984,$4794,$0,$0,$-2913,$0,$0,$240,$-2913,$-5586,$0,$0,$-1716,$0,$21,$-813,$419,$-2088,$-1614,$0,$0
13,2015-06-30,16.53,$0.00,0.0,$19.12,0.86,$25.90,0.64,$1.30,12.72,$14.15B,$213.78B,0.07,$2.79B,$29.27B,0.1,$36.49B,$19.97B,54.72%,$36.49B,$9.85B,26.99%,$36.49B,$9.85B,26.99%,$36.49B,$10.05B,27.55%,$36.49B,$3.11B,8.53%,$36.49B,$2.57B,7.04%,$2.57B,$31.46B,8.28%,$2.57B,$24.58B,10.18%,$2.57B,$536.44B,0.48%,$9.85B,$34.25B,28.73%,$913,$2495,$-1581,$0,$2675,$5170,$-4257,$4785,$529,$-23,$551,$488,$488,$-4257,$-4257,$1969,1969,$0.24,$0.24,$12727,$0,$0,$14151,$0,$164330,$6881,$337437,$511556,$536438,$213780,$2792,$288406,$291198,$504978,$18533,$6718,$0,$31460,$536438,$1144,$0,$0,$0,$0,$0,$0,$0,$-836,$4465,$-8807,$0,$0,$0,$0,$0,$0,$-8807,$0,$0,$-447,$0,$890,$0,$-1294,$-852,$-4445,$0,$0
14,2015-03-31,15.01,$0.00,0.0,$25.20,0.6,$28.94,0.52,$1.51,9.94,$17.58B,$221.66B,0.08,$3.24B,$29.69B,0.11,$47.69B,$29.02B,60.85%,$47.69B,$19.25B,40.37%,$47.69B,$19.25B,40.37%,$47.69B,$19.57B,41.04%,$47.69B,$3.70B,7.75%,$47.69B,$2.94B,6.17%,$2.94B,$31.87B,9.74%,$2.94B,$25.57B,11.79%,$2.94B,$557.32B,0.56%,$19.25B,$35.10B,57.23%,$13136,$4888,$8248,$0,$2470,$7359,$5778,$-4739,$682,$94,$588,$601,$601,$5778,$5778,$2008,2008,$0.30,$0.30,$15022,$0,$0,$17580,$0,$245910,$6295,$274716,$529726,$557319,$221656,$3236,$300560,$303795,$525452,$18399,$6483,$0,$31867,$557319,$0,$0,$0,$0,$0,$0,$0,$0,$0,$0,$0,$0,$0,$0,$0,$0,$0,$0,$0,$0,$0,$0,$0,$0,$0,$0,$0,$0,$0
15,2014-12-31,16.73,$0.00,0.0,$25.32,0.66,$29.70,0.56,$1.59,10.52,$21.58B,$210.36B,0.1,$3.52B,$28.30B,0.12,$47.53B,$29.00B,61.01%,$47.53B,$19.37B,40.75%,$47.53B,$19.37B,40.75%,$47.53B,$19.79B,41.63%,$47.53B,$3.86B,8.13%,$47.53B,$3.09B,6.49%,$3.09B,$30.74B,10.53%,$3.09B,$25.79B,12.65%,$3.09B,$525.00B,0.61%,$19.37B,$34.26B,58.62%,$12698,$4443,$8255,$0,$2554,$6997,$5701,$-6549,$623,$9,$614,$508,$508,$6120,$5701,$1855,1855,$0.26,$0.26,$19100,$0,$0,$21582,$0,$233271,$4948,$253029,$494265,$525000,$210358,$3520,$280382,$283902,$494259,$18626,$6908,$0,$30740,$525000,$3256,$419,$0,$419,$0,$0,$0,$0,$-729,$9791,$-3684,$0,$0,$0,$0,$0,$0,$-3684,$0,$0,$0,$0,$-725,$-825,$1568,$19,$6842,$0,$0
16,2014-09-30,16.75,$0.00,0.0,$21.62,0.77,$31.35,0.53,$1.93,8.68,$18.96B,$201.58B,0.09,$3.53B,$27.72B,0.13,$40.82B,$22.38B,54.82%,$40.82B,$12.74B,31.22%,$40.82B,$12.74B,31.22%,$40.82B,$12.84B,31.45%,$40.82B,$5.04B,12.34%,$40.82B,$3.76B,9.20%,$3.76B,$29.97B,13.10%,$3.76B,$25.01B,15.85%,$3.76B,$510.57B,0.75%,$12.74B,$33.50B,38.99%,$9743,$4699,$5044,$0,$2420,$7119,$2625,$-1747,$1280,$264,$1016,$971,$971,$2413,$2625,$1848,1848,$0.51,$0.50,$16523,$0,$0,$18959,$0,$223462,$4958,$250873,$482224,$510565,$201579,$3533,$275484,$279017,$480596,$18892,$6713,$0,$29969,$510565,$2653,$0,$0,$0,$0,$0,$0,$0,$-10403,$7705,$38156,$0,$0,$0,$0,$-42784,$-47,$-4675,$0,$0,$-919,$0,$-736,$-545,$2893,$693,$4159,$0,$0
17,2014-06-30,17.17,$0.00,0.0,$19.59,0.88,$10.71,1.6,$1.95,8.8,$15.23B,$191.96B,0.08,$3.47B,$25.98B,0.13,$37.10B,$18.71B,50.44%,$37.10B,$9.13B,24.61%,$37.10B,$9.13B,24.61%,$37.10B,$9.54B,25.71%,$37.10B,$4.84B,13.03%,$37.10B,$3.78B,10.18%,$3.78B,$28.22B,13.65%,$3.78B,$23.37B,16.66%,$3.78B,$491.85B,0.77%,$9.13B,$31.69B,28.61%,$12113,$4643,$7470,$0,$2322,$6965,$5148,$-4091,$1110,$215,$896,$861,$861,$5260,$5148,$1851,1851,$0.45,$0.45,$12875,$0,$0,$15226,$0,$213133,$4852,$247265,$467869,$491853,$191963,$3470,$268197,$271667,$463631,$18734,$5985,$0,$28222,$491853,$1633,$212,$0,$212,$0,$0,$0,$0,$12005,$3925,$-2385,$0,$0,$0,$0,$381,$-182,$-2186,$0,$0,$-917,$0,$-210,$-346,$138,$-1334,$470,$0,$0
18,2014-03-31,16.58,$0.00,0.0,$12.87,1.29,$12.89,1.29,$1.62,10.23,$15.24B,$189.08B,0.08,$4.38B,$25.69B,0.17,$24.65B,$6.03B,24.47%,$24.65B,$-3.63B,-14.72%,$24.65B,$-3.63B,-14.72%,$24.65B,$-3.23B,-13.10%,$24.65B,$3.93B,15.92%,$24.65B,$3.16B,12.83%,$3.16B,$28.31B,11.68%,$3.16B,$23.37B,14.36%,$3.16B,$489.14B,0.65%,$-3.63B,$32.69B,-11.47%,$12974,$4746,$8227,$0,$2335,$7081,$5893,$-4991,$851,$121,$730,$745,$745,$5992,$5893,$1948,1948,$0.38,$0.38,$12740,$0,$0,$15238,$0,$210679,$4943,$247012,$465143,$489135,$189076,$4380,$267371,$271751,$460827,$18462,$5328,$0,$28308,$489135,$730,$100,$0,$100,$0,$0,$0,$0,$5290,$1492,$0,$0,$-181,$0,$0,$0,$-1601,$-1782,$0,$-182,$0,$0,$193,$-172,$569,$408,$436,$0,$0
19,2013-12-31,16.84,$0.00,0.0,$9.37,1.8,$11.60,1.45,$1.50,11.22,$15.71B,$190.17B,0.08,$4.64B,$25.59B,0.18,$17.78B,$-0.97B,-5.43%,$17.78B,$-10.71B,-60.23%,$17.78B,$-10.71B,-60.23%,$17.78B,$-10.30B,-57.92%,$17.78B,$3.64B,20.48%,$17.78B,$2.95B,16.62%,$2.95B,$28.20B,11.19%,$2.95B,$23.06B,13.87%,$2.95B,$498.94B,0.60%,$-10.71B,$32.84B,-34.49%,$5991,$4352,$1639,$0,$2562,$6915,$-923,$13325,$1798,$485,$1313,$1179,$1179,$-827,$-923,$1908,1908,$0.60,$0.60,$13240,$0,$0,$15714,$0,$212779,$5146,$253184,$473794,$498938,$190167,$4638,$275930,$280568,$470736,$19655,$5143,$0,$28203,$498938,$3075,$411,$0,$411,$0,$0,$0,$0,$-3143,$9430,$0,$0,$-349,$0,$0,$0,$-9897,$-10245,$0,$729,$-340,$0,$207,$-739,$623,$479,$129,$0,$0
20,2013-09-30,14.04,$0.00,0.0,$10.18,1.38,$12.70,1.11,$1.46,9.61,$16.56B,$188.36B,0.09,$4.56B,$23.28B,0.2,$19.02B,$-0.55B,-2.87%,$19.02B,$-10.41B,-54.72%,$19.02B,$-10.41B,-54.72%,$19.02B,$-9.78B,-51.43%,$19.02B,$2.90B,15.25%,$19.02B,$2.86B,15.04%,$2.86B,$25.87B,10.69%,$2.86B,$20.87B,13.21%,$2.86B,$479.53B,0.59%,$-10.41B,$30.43B,-32.94%,$6022,$4645,$1377,$0,$2366,$7011,$-989,$-109,$1076,$166,$911,$990,$990,$-888,$-989,$1854,1854,$0.52,$0.52,$14140,$0,$0,$16561,$0,$208494,$5004,$237305,$454493,$479534,$188360,$4558,$260742,$265301,$453661,$19383,$4112,$0,$25873,$479534,$1741,$315,$0,$315,$0,$0,$0,$0,$-8439,$7735,$0,$0,$-70,$0,$0,$0,$-7106,$-7176,$0,$557,$-130,$0,$183,$-549,$0,$62,$777,$0,$0
21,2013-06-30,13.48,$0.00,0.0,$11.13,1.21,$7.93,1.7,$0.80,16.85,$16.00B,$196.47B,0.08,$4.65B,$23.32B,0.2,$20.64B,$1.07B,5.18%,$20.64B,$-8.83B,-42.79%,$20.64B,$-8.83B,-42.79%,$20.64B,$-8.21B,-39.76%,$20.64B,$1.13B,5.45%,$20.64B,$1.64B,7.96%,$1.64B,$25.95B,6.19%,$1.64B,$20.80B,7.67%,$1.64B,$487.04B,0.34%,$-8.83B,$30.60B,-27.92%,$-333,$4876,$-5209,$0,$2401,$7277,$-7610,$-982,$200,$-101,$301,$249,$249,$-7507,$-7610,$1892,1892,$0.12,$0.12,$13336,$0,$0,$15998,$0,$215029,$5147,$238524,$462551,$487041,$196470,$4653,$259968,$264622,$461092,$19597,$3433,$0,$25949,$487041,$844,$214,$0,$214,$0,$0,$0,$0,$-7174,$5697,$0,$0,$-71,$0,$0,$-113,$-4955,$-5140,$0,$195,$-342,$0,$194,$-376,$-403,$-733,$204,$0,$0
22,2013-03-31,12.28,$0.00,0.0,$17.58,0.7,$8.39,1.46,$0.50,24.57,$14.67B,$202.10B,0.07,$4.69B,$23.12B,0.2,$32.31B,$13.28B,41.09%,$32.31B,$3.35B,10.36%,$32.31B,$3.35B,10.36%,$32.31B,$3.97B,12.27%,$32.31B,$0.45B,1.39%,$32.31B,$1.09B,3.38%,$1.09B,$25.60B,4.12%,$1.09B,$20.44B,5.12%,$1.09B,$493.88B,0.23%,$3.35B,$30.29B,10.52%,$6096,$4870,$1227,$0,$2411,$7281,$-1184,$1752,$566,$15,$551,$536,$536,$-1073,$-1184,$1929,1929,$0.26,$0.26,$12040,$0,$0,$14666,$0,$221925,$5158,$239870,$470618,$493881,$202102,$4686,$261493,$266179,$468281,$19816,$3499,$0,$25600,$493881,$551,$111,$0,$111,$0,$0,$0,$0,$-353,$2597,$-3609,$0,$-72,$0,$0,$-168,$0,$-3849,$0,$0,$-347,$0,$198,$-191,$151,$-190,$-1287,$0,$0
23,2012-12-31,11.25,$0.00,0.0,$16.43,0.68,$10.29,1.09,$0.86,13.08,$16.31B,$0.00B,0.0,$5.46B,$23.61B,0.23,$30.07B,$11.14B,37.04%,$30.07B,$1.28B,4.26%,$30.07B,$1.28B,4.26%,$30.07B,$1.90B,6.31%,$30.07B,$1.17B,3.89%,$30.07B,$1.78B,5.91%,$1.78B,$29.61B,6.69%,$1.78B,$24.50B,8.33%,$1.78B,$486.34B,0.37%,$1.28B,$35.07B,4.00%,$7236,$5175,$2060,$0,$2686,$7861,$-626,$1627,$1059,$-22,$1081,$1085,$1085,$-314,$-626,$1836,1836,$0.56,$0.56,$13492,$0,$0,$16305,$0,$208054,$5116,$245201,$461520,$486343,$0,$5455,$451273,$456728,$456728,$19898,$3180,$0,$29614,$486343,$1693,$617,$0,$617,$0,$0,$0,$0,$-175,$11087,$0,$0,$71421,$0,$0,$0,$-82422,$-11000,$0,$881,$489,$0,$684,$-733,$-614,$706,$571,$0,$0
24,2012-09-30,9.86,$0.00,0.0,$17.92,0.55,$9.51,1.04,$0.25,39.42,$12.94B,$202.14B,0.06,$5.48B,$22.76B,0.24,$32.59B,$12.16B,37.31%,$32.59B,$2.33B,7.14%,$32.59B,$2.33B,7.14%,$32.59B,$2.75B,8.43%,$32.59B,$0.24B,0.73%,$32.59B,$0.62B,1.91%,$0.62B,$25.07B,2.45%,$0.62B,$19.92B,3.10%,$0.62B,$483.00B,0.13%,$2.33B,$30.56B,7.52%,$7640,$4648,$2992,$0,$2405,$7053,$588,$-1304,$-700,$-369,$-331,$-227,$-227,$687,$588,$1816,1816,$-0.14,$-0.14,$10345,$0,$0,$12943,$0,$223372,$5158,$230780,$461586,$483003,$202144,$5483,$250303,$255786,$457929,$19892,$2400,$0,$25073,$483003,$616,$305,$0,$305,$0,$0,$0,$0,$376,$8981,$-10059,$0,$0,$0,$0,$-1504,$0,$-11563,$0,$242,$0,$0,$-514,$-550,$1087,$264,$-2595,$0,$0
25,2012-06-30,8.81,$0.00,0.0,$27.13,0.32,$13.68,0.64,$-0.35,0.0,$15.12B,$18.65B,0.81,$5.45B,$23.56B,0.23,$48.94B,$28.68B,58.60%,$48.94B,$18.96B,38.73%,$48.94B,$18.96B,38.73%,$48.94B,$19.36B,39.56%,$48.94B,$-0.90B,-1.84%,$48.94B,$-0.46B,-0.93%,$-0.46B,$25.84B,-1.72%,$-0.46B,$20.47B,-2.18%,$-0.46B,$475.10B,-0.10%,$18.96B,$31.29B,58.97%,$11334,$4338,$6996,$0,$2429,$6767,$4568,$-4899,$-476,$-192,$-284,$-301,$-301,$4665,$4568,$1808,1808,$-0.18,$-0.18,$12886,$0,$0,$15116,$0,$210681,$5372,$233927,$451924,$475099,$18646,$5449,$425164,$430613,$449259,$19538,$2856,$0,$25840,$475099,$934,$206,$0,$206,$0,$0,$0,$0,$0,$6273,$0,$0,$0,$0,$0,$-38628,$32409,$-6219,$0,$814,$245,$0,$-15,$-358,$-574,$113,$169,$0,$0
26,2012-03-31,10.85,$0.00,0.0,$26.99,0.4,$13.01,0.83,$0.10,108.51,$14.78B,$18.39B,0.8,$5.46B,$23.72B,0.23,$48.55B,$28.10B,57.87%,$48.55B,$18.53B,38.16%,$48.55B,$18.53B,38.16%,$48.55B,$18.84B,38.80%,$48.55B,$0.12B,0.26%,$48.55B,$0.34B,0.71%,$0.34B,$25.78B,1.24%,$0.34B,$20.43B,1.57%,$0.34B,$464.45B,0.07%,$18.53B,$31.24B,55.78%,$3862,$4771,$-909,$0,$2339,$7110,$-3248,$4588,$1288,$60,$1228,$1220,$1220,$-3139,$-3248,$1802,1919,$0.66,$0.62,$12290,$0,$0,$14778,$0,$203464,$5352,$231460,$441992,$464451,$18391,$5462,$414820,$420282,$438673,$19609,$3442,$0,$25778,$464451,$1228,$109,$0,$109,$0,$0,$0,$0,$-180,$2640,$0,$0,$0,$0,$0,$-434,$-3427,$-3861,$0,$700,$0,$0,$244,$-175,$14,$783,$-581,$0,$0
27,2011-12-31,8.42,$0.00,0.0,$28.83,0.29,$11.64,0.72,$0.00,0.0,$15.58B,$195.22B,0.08,$5.57B,$23.34B,0.24,$51.54B,$32.46B,62.97%,$51.54B,$23.22B,45.04%,$51.54B,$23.22B,45.04%,$51.54B,$23.42B,45.43%,$51.54B,$0.15B,0.29%,$51.54B,$0.07B,0.13%,$0.07B,$25.18B,0.24%,$0.07B,$19.67B,0.31%,$0.07B,$467.65B,0.01%,$23.22B,$30.75B,69.84%,$9754,$6673,$3081,$0,$2661,$9334,$420,$236,$126,$181,$-55,$-69,$-69,$533,$420,$1795,1795,$-0.05,$-0.05,$12967,$0,$0,$15581,$0,$224374,$5507,$212852,$444511,$467647,$195221,$5569,$241680,$247249,$442470,$19795,$2531,$0,$25178,$467647,$248,$374,$0,$374,$0,$0,$0,$0,$-1161,$9445,$0,$0,$0,$0,$0,$1778,$-11111,$-9333,$0,$1622,$-401,$0,$398,$-726,$-231,$663,$969,$0,$0
28,2011-09-30,8.89,$0.00,0.0,$25.33,0.35,$12.70,0.7,$1.06,8.38,$16.72B,$0.00B,0.0,$5.83B,$24.27B,0.24,$45.23B,$29.31B,64.79%,$45.23B,$20.35B,45.00%,$45.23B,$20.35B,45.00%,$45.23B,$20.50B,45.32%,$45.23B,$2.13B,4.70%,$45.23B,$1.94B,4.29%,$1.94B,$29.48B,6.73%,$1.94B,$23.25B,8.66%,$1.94B,$465.50B,0.50%,$20.35B,$35.31B,58.93%,$23994,$4481,$19513,$0,$2296,$6778,$17217,$-19055,$-1840,$-629,$-1211,$-1306,$-1306,$17304,$17217,$1789,1789,$-0.74,$-0.74,$14120,$0,$0,$16716,$0,$209908,$6227,$223525,$441711,$465497,$0,$5833,$430187,$436019,$436019,$19929,$2891,$0,$29478,$465497,$307,$262,$0,$262,$0,$0,$0,$0,$22228,$6392,$0,$0,$57310,$0,$0,$0,$-62347,$-5037,$0,$0,$-188,$0,$-561,$-549,$1499,$200,$1942,$0,$0
29,2011-06-30,13.71,$0.00,0.0,$19.40,0.71,$14.18,0.97,$1.25,10.97,$15.78B,$0.00B,0.0,$5.78B,$24.56B,0.24,$34.37B,$19.17B,55.76%,$34.37B,$10.50B,30.54%,$34.37B,$10.50B,30.54%,$34.37B,$10.56B,30.72%,$34.37B,$2.68B,7.80%,$34.37B,$2.30B,6.69%,$2.30B,$29.79B,7.95%,$2.30B,$23.79B,10.40%,$2.30B,$441.92B,0.71%,$10.50B,$35.56B,30.49%,$10943,$4532,$6411,$0,$2272,$6804,$4140,$-3772,$550,$38,$512,$498,$498,$4140,$4140,$1783,1783,$0.27,$0.27,$13253,$0,$0,$15776,$0,$189308,$5998,$222918,$419587,$441922,$0,$5778,$406358,$412136,$412136,$20063,$4506,$0,$29785,$441922,$1534,$175,$0,$175,$0,$0,$0,$0,$4020,$4995,$0,$0,$0,$0,$0,$31824,$-34952,$-3128,$0,$-565,$-227,$0,$-566,$-379,$986,$-752,$940,$0,$0
30,2011-03-31,13.63,$0.00,0.0,$19.88,0.69,$11.38,1.2,$-0.35,0.0,$83.64B,$17.14B,4.88,$5.89B,$23.82B,0.25,$35.08B,$21.14B,60.27%,$35.08B,$12.68B,36.16%,$35.08B,$12.68B,36.16%,$35.08B,$12.74B,36.33%,$35.08B,$-1.13B,-3.21%,$35.08B,$-0.53B,-1.50%,$-0.53B,$25.46B,-1.79%,$-0.53B,$19.57B,-2.40%,$-0.53B,$429.33B,-0.20%,$12.68B,$31.35B,36.99%,$6853,$3400,$3453,$0,$2013,$5413,$1440,$-526,$1314,$311,$1003,$944,$944,$1440,$1440,$1778,1781,$0.52,$0.52,$11538,$0,$0,$83644,$0,$111936,$5898,$220287,$339328,$429325,$17137,$5887,$380837,$386724,$403861,$19603,$4182,$0,$25464,$429325,$0,$0,$0,$0,$0,$0,$0,$0,$0,$0,$0,$0,$0,$0,$0,$0,$0,$0,$0,$0,$0,$0,$0,$0,$0,$0,$0,$0,$0
31,2010-12-31,13.15,$0.00,0.0,$21.27,0.62,$12.74,1.03,$-0.23,0.0,$13.68B,$0.95B,14.4,$5.29B,$24.96B,0.21,$37.39B,$23.72B,63.45%,$37.39B,$15.26B,40.80%,$37.39B,$15.26B,40.80%,$37.39B,$15.38B,41.13%,$37.39B,$-1.14B,-3.04%,$37.39B,$-0.33B,-0.88%,$-0.33B,$30.62B,-1.05%,$-0.33B,$23.00B,-1.43%,$-0.33B,$211.36B,-0.16%,$15.26B,$35.91B,43.03%,$3439,$3511,$-72,$0,$2374,$5885,$-2446,$4489,$2103,$332,$1771,$1804,$1804,$-2385,$-2446,$1774,1774,$1.01,$1.01,$11449,$0,$0,$13675,$0,$176041,$7629,$7841,$191511,$211360,$950,$5285,$173148,$179786,$180735,$18696,$11140,$0,$30624,$211360,$-303,$220,$0,$220,$0,$0,$0,$0,$860,$11227,$0,$0,$-27,$0,$0,$0,$-19836,$-19863,$0,$1528,$2115,$0,$3,$-671,$-798,$2177,$-6788,$0,$0
32,2010-09-30,9.58,$0.00,0.0,$23.26,0.41,$12.77,0.75,$-0.76,0.0,$16.69B,$1.08B,15.39,$5.13B,$23.85B,0.22,$40.49B,$27.21B,67.22%,$40.49B,$18.98B,46.88%,$40.49B,$18.98B,46.88%,$40.49B,$19.04B,47.04%,$40.49B,$-2.48B,-6.12%,$40.49B,$-1.32B,-3.26%,$-1.32B,$29.76B,-4.25%,$-1.32B,$22.04B,-5.82%,$-1.32B,$219.51B,-0.65%,$18.98B,$34.89B,54.83%,$13138,$3763,$9375,$0,$2011,$5774,$7364,$-8153,$-1285,$-420,$-865,$-947,$-947,$7364,$7364,$1756,1756,$-0.55,$-0.55,$14324,$0,$0,$16689,$0,$177142,$7718,$11941,$196801,$219507,$1084,$5128,$182672,$188665,$189750,$18444,$9557,$0,$29757,$219507,$-2046,$160,$0,$160,$0,$0,$0,$0,$1392,$8864,$0,$0,$0,$0,$0,$0,$-13905,$-13905,$0,$0,$1716,$0,$3,$-504,$111,$1325,$-3792,$0,$0
33,2010-06-30,10.94,$0.00,0.0,$23.79,0.46,$12.92,0.85,$-0.32,0.0,$19.32B,$1.18B,16.39,$3.22B,$25.85B,0.13,$40.29B,$27.23B,67.57%,$40.29B,$19.01B,47.18%,$40.29B,$19.01B,47.18%,$40.29B,$18.94B,46.99%,$40.29B,$-1.83B,-4.54%,$40.29B,$-0.50B,-1.25%,$-0.50B,$31.79B,-1.64%,$-0.50B,$22.82B,-2.27%,$-0.50B,$214.38B,-0.26%,$19.01B,$35.01B,55.97%,$11648,$3261,$8387,$0,$2062,$5323,$6325,$-9529,$-3257,$-945,$-2312,$-2326,$-2326,$6325,$6325,$1762,1762,$-1.33,$-1.33,$17044,$0,$0,$19320,$0,$171079,$8977,$9139,$189195,$214383,$1179,$3219,$177128,$181411,$182590,$18582,$10836,$0,$31794,$214383,$0,$0,$0,$0,$0,$0,$0,$0,$0,$0,$0,$0,$0,$0,$0,$0,$0,$0,$0,$0,$0,$0,$0,$0,$0,$0,$0,$0,$0
34,2010-03-31,14.56,$0.00,0.0,$23.73,0.61,$4.13,3.52,$2.02,7.21,$18.92B,$1.18B,16.07,$3.18B,$27.05B,0.12,$39.23B,$25.83B,65.84%,$39.23B,$17.75B,45.26%,$39.23B,$17.75B,45.26%,$39.23B,$17.75B,45.25%,$39.23B,$2.88B,7.34%,$39.23B,$3.47B,8.85%,$3.47B,$32.81B,11.80%,$3.47B,$24.23B,16.47%,$3.47B,$197.90B,1.86%,$17.75B,$35.99B,54.07%,$9165,$3132,$6033,$0,$2021,$5153,$4012,$-2353,$1302,$199,$1103,$1140,$1140,$4076,$4012,$1750,1750,$0.64,$0.64,$16615,$0,$0,$18918,$0,$158777,$8582,$6054,$173413,$197904,$1177,$3178,$159485,$163917,$165094,$18264,$13223,$0,$32810,$197904,$1103,$63,$0,$63,$0,$0,$0,$0,$307,$2381,$0,$0,$0,$0,$0,$0,$-3870,$-3870,$0,$509,$2,$0,$1,$-176,$6,$342,$-1498,$0,$0
35,2009-12-31,13.48,$0.00,0.0,$22.64,0.6,$4.10,3.29,$0.85,15.86,$18.60B,$1.14B,16.37,$2.91B,$24.37B,0.12,$36.43B,$21.55B,59.15%,$36.43B,$13.72B,37.66%,$36.43B,$13.72B,37.66%,$36.43B,$13.72B,37.66%,$36.43B,$-0.13B,-0.37%,$36.43B,$1.51B,4.16%,$1.51B,$29.66B,5.55%,$1.51B,$21.62B,7.95%,$1.51B,$180.59B,0.84%,$13.72B,$32.57B,44.76%,$6536,$3117,$3419,$0,$2141,$5257,$1279,$-559,$762,$55,$707,$814,$814,$1279,$1279,$1663,1663,$0.48,$0.48,$16532,$0,$0,$18602,$0,$143307,$8034,$5450,$156791,$180585,$1136,$2912,$145842,$149791,$150927,$16670,$11329,$0,$29657,$180585,$1250,$0,$0,$0,$0,$0,$0,$0,$118,$10583,$0,$0,$0,$0,$0,$-9019,$386,$-8632,$0,$832,$522,$0,$2161,$-1011,$-1462,$1041,$1290,$0,$0
36,2009-09-30,15.2,$0.00,0.0,$26.40,0.58,$2.67,5.69,$-0.87,0.0,$19.97B,$1.22B,16.31,$3.92B,$27.08B,0.15,$41.54B,$23.41B,56.36%,$41.54B,$15.32B,36.88%,$41.54B,$15.32B,36.88%,$41.54B,$15.39B,37.06%,$41.54B,$-3.48B,-8.38%,$41.54B,$-1.17B,-2.82%,$-1.17B,$28.37B,-4.30%,$-1.17B,$19.92B,-6.27%,$-1.17B,$189.43B,-0.63%,$15.32B,$32.29B,49.89%,$12945,$3557,$9388,$0,$1993,$5550,$7395,$-7608,$-638,$-513,$-126,$-130,$-130,$7255,$7395,$1615,1615,$-0.11,$-0.11,$17718,$0,$0,$19967,$0,$146159,$8456,$9397,$164012,$189432,$1224,$3917,$155017,$159835,$161060,$14971,$11188,$0,$28372,$189432,$523,$0,$0,$0,$0,$0,$0,$0,$343,$8395,$0,$0,$0,$0,$0,$-6335,$602,$-5734,$0,$-1417,$1449,$0,$18,$-887,$1606,$769,$1974,$0,$0
37,2009-06-30,12.42,$0.00,0.0,$22.09,0.56,$0.77,16.04,$-0.44,0.0,$16.77B,$1.28B,13.16,$3.69B,$22.48B,0.16,$34.20B,$15.17B,44.37%,$34.20B,$6.96B,20.34%,$34.20B,$6.96B,20.34%,$34.20B,$7.49B,21.89%,$34.20B,$-2.19B,-6.41%,$34.20B,$-0.55B,-1.61%,$-0.55B,$26.81B,-2.04%,$-0.55B,$18.56B,-2.98%,$-0.55B,$178.27B,-0.30%,$6.96B,$30.50B,23.12%,$10579,$3593,$6986,$0,$1918,$5512,$5067,$-2802,$1454,$-76,$1531,$1648,$1648,$5140,$5067,$1611,1616,$1.01,$1.01,$14680,$0,$0,$16772,$0,$141565,$8257,$6328,$156149,$178265,$1275,$3686,$144980,$150177,$151452,$13943,$10891,$0,$26813,$178265,$612,$140,$0,$140,$0,$0,$0,$0,$4471,$4825,$-19029,$0,$0,$0,$0,$0,$15038,$-3991,$0,$-1314,$508,$0,$686,$-680,$301,$-498,$-322,$0,$0
38,2009-03-31,7.83,$0.00,0.0,$20.67,0.38,$11.06,0.71,$-0.79,0.0,$16.59B,$1.32B,12.55,$2.90B,$20.51B,0.14,$31.18B,$12.12B,38.88%,$31.18B,$3.80B,12.18%,$31.18B,$3.80B,12.18%,$31.18B,$4.19B,13.45%,$31.18B,$-2.31B,-7.42%,$31.18B,$-1.21B,-3.89%,$-1.21B,$24.34B,-4.57%,$-1.21B,$16.12B,-6.75%,$-1.21B,$172.31B,-0.67%,$3.80B,$27.24B,12.95%,$6365,$4611,$1754,$0,$1777,$6388,$-23,$-1764,$-1712,$-850,$-862,$-818,$-818,$44,$-23,$1534,1534,$-0.53,$-0.53,$14540,$0,$0,$16587,$0,$134096,$8223,$8183,$150502,$172314,$1322,$2900,$142437,$146653,$147974,$13022,$9142,$0,$24340,$172314,$-862,$67,$0,$67,$0,$0,$0,$0,$1720,$2031,$0,$0,$0,$0,$0,$948,$-1568,$-620,$0,$-238,$-76,$0,$368,$-343,$-860,$-1150,$474,$0,$0
39,2008-12-31,11.42,$0.00,0.0,$21.79,0.52,$10.17,1.12,$0.31,36.85,$18.72B,$1.77B,10.57,$3.48B,$25.26B,0.14,$32.78B,$14.04B,42.82%,$32.78B,$5.54B,16.89%,$32.78B,$5.54B,16.89%,$32.78B,$5.80B,17.70%,$32.78B,$0.55B,1.66%,$32.78B,$0.48B,1.45%,$0.48B,$29.33B,1.78%,$0.48B,$20.08B,2.63%,$0.48B,$199.21B,0.26%,$5.54B,$32.81B,18.92%,$11650,$6368,$5282,$0,$2400,$8768,$2882,$-3944,$-2585,$-721,$-1865,$-1870,$-1870,$2954,$2882,$1515,1515,$-1.24,$-1.24,$16302,$0,$0,$18718,$0,$153832,$9246,$10544,$173623,$199208,$1771,$3482,$162563,$168109,$169880,$15252,$12347,$0,$29327,$199208,$469,$267,$0,$267,$0,$0,$0,$0,$3011,$7478,$0,$0,$-15,$0,$0,$17,$-6804,$-6802,$0,$324,$2176,$0,$1747,$-1439,$-854,$1954,$4648,$0,$0
40,2008-09-30,24.34,$0.00,0.0,$21.01,1.16,$9.85,2.47,$2.32,10.49,$13.45B,$1.63B,8.27,$2.16B,$23.56B,0.09,$31.62B,$14.47B,45.76%,$31.62B,$5.99B,18.96%,$31.62B,$5.99B,18.96%,$31.62B,$6.39B,20.21%,$31.62B,$4.52B,14.29%,$31.62B,$3.51B,11.11%,$3.51B,$27.61B,13.64%,$3.51B,$19.22B,20.10%,$3.51B,$175.00B,2.01%,$5.99B,$29.77B,21.51%,$5606,$4454,$1152,$0,$2122,$6576,$-971,$1622,$651,$164,$488,$488,$488,$-653,$-971,$1471,1515,$0.33,$0.32,$11184,$0,$0,$13448,$0,$141520,$8392,$5459,$155371,$175001,$1626,$2162,$140474,$145764,$147390,$13413,$14762,$0,$27611,$175001,$2276,$195,$0,$195,$0,$0,$0,$0,$-3107,$5002,$0,$0,$0,$0,$0,$-36806,$32083,$-4723,$0,$-580,$903,$0,$-348,$-1085,$-568,$-1678,$-742,$0,$0
41,2008-06-30,22.71,$0.00,0.0,$23.16,0.98,$8.06,2.82,$2.67,8.5,$70.21B,$1.88B,37.43,$2.75B,$24.18B,0.11,$34.94B,$17.79B,50.92%,$34.94B,$9.40B,26.91%,$34.94B,$9.40B,26.91%,$34.94B,$9.26B,26.51%,$34.94B,$5.27B,15.08%,$34.94B,$4.05B,11.58%,$4.05B,$24.81B,16.45%,$4.05B,$16.41B,24.64%,$4.05B,$178.34B,2.34%,$9.40B,$27.56B,35.03%,$7558,$3625,$3933,$0,$2022,$5647,$1911,$-506,$1332,$344,$988,$988,$988,$1849,$1911,$1475,1475,$0.67,$0.66,$12079,$0,$0,$70212,$0,$86683,$8403,$7073,$102159,$178342,$1876,$2748,$145707,$151659,$153535,$13824,$15165,$0,$24808,$178342,$1841,$-123,$0,$-123,$0,$0,$0,$0,$-1076,$2206,$0,$0,$22459,$0,$0,$-25544,$615,$-2470,$0,$-306,$907,$0,$-261,$-726,$-296,$-682,$-646,$0,$0
42,2008-03-31,24.69,$0.00,0.0,$22.56,1.09,$8.31,2.97,$2.68,9.21,$68.90B,$2.03B,33.94,$1.83B,$24.42B,0.08,$34.29B,$16.62B,48.49%,$34.29B,$8.35B,24.34%,$34.29B,$8.35B,24.34%,$34.29B,$8.41B,24.53%,$34.29B,$5.25B,15.30%,$34.29B,$4.10B,11.96%,$4.10B,$25.05B,16.68%,$4.10B,$16.52B,24.75%,$4.10B,$181.44B,2.42%,$8.35B,$26.88B,31.12%,$7968,$4299,$3669,$0,$1955,$6255,$1714,$-536,$1147,$289,$858,$869,$869,$1653,$1714,$1512,1512,$0.57,$0.57,$11467,$0,$0,$68897,$0,$90141,$8533,$7895,$106569,$181443,$2030,$1829,$149417,$154362,$156392,$13918,$14698,$0,$25051,$181443,$858,$-61,$0,$-61,$0,$0,$0,$0,$-937,$657,$0,$0,$9462,$0,$0,$-11124,$245,$-1417,$0,$-197,$-53,$0,$-165,$-358,$87,$-686,$-1041,$0,$0
43,2007-12-31,26.33,$0.00,0.0,$22.03,1.2,$8.49,3.1,$2.65,9.94,$13.52B,$1.95B,6.93,$1.70B,$22.10B,0.08,$33.69B,$16.02B,47.56%,$33.69B,$7.95B,23.60%,$33.69B,$7.95B,23.60%,$33.69B,$8.21B,24.38%,$33.69B,$5.25B,15.57%,$33.69B,$4.08B,12.10%,$4.08B,$25.52B,16.89%,$4.08B,$17.76B,25.00%,$4.08B,$165.17B,2.47%,$7.95B,$27.22B,29.94%,$10483,$4769,$5714,$0,$2375,$7144,$3339,$-1786,$1389,$296,$1093,$1168,$1168,$3540,$3339,$1502,1515,$0.77,$0.77,$11563,$0,$0,$13516,$0,$134053,$7763,$4472,$146288,$165165,$1952,$1704,$133198,$137695,$139647,$13104,$13467,$0,$25518,$165165,$3958,$263,$0,$263,$0,$0,$0,$0,$3322,$6993,$0,$0,$49195,$0,$0,$-49897,$476,$-226,$0,$-1,$-3,$0,$-3018,$-1283,$15,$-4290,$1440,$0,$0
44,2007-09-30,26.5,$0.00,0.0,$20.27,1.31,$8.45,3.13,$2.49,10.64,$11.42B,$2.11B,5.41,$2.73B,$22.38B,0.12,$31.19B,$13.48B,43.21%,$31.19B,$5.40B,17.30%,$31.19B,$5.40B,17.30%,$31.19B,$4.43B,14.20%,$31.19B,$5.13B,16.45%,$31.19B,$3.87B,12.41%,$3.87B,$22.99B,16.54%,$3.87B,$14.99B,24.98%,$3.87B,$168.15B,2.35%,$5.40B,$25.72B,20.70%,$8934,$4457,$4477,$0,$2038,$6495,$2439,$-1050,$1401,$380,$1022,$1021,$1021,$2221,$2439,$1528,1528,$0.67,$0.67,$9345,$0,$0,$11424,$0,$137275,$8003,$6033,$151311,$168146,$2112,$2727,$137437,$143041,$145152,$13388,$13107,$0,$22994,$168146,$1022,$62,$0,$62,$0,$0,$0,$0,$1941,$2317,$0,$0,$120,$0,$0,$-14428,$12904,$-1404,$0,$-314,$-1,$0,$-795,$-325,$136,$-1299,$-824,$0,$0
45,2007-06-30,23.82,$0.00,0.0,$19.12,1.25,$10.12,2.35,$2.37,10.05,$11.40B,$2.17B,5.26,$2.66B,$22.40B,0.12,$29.61B,$12.03B,40.63%,$29.61B,$4.47B,15.10%,$29.61B,$4.47B,15.10%,$29.61B,$3.77B,12.72%,$29.61B,$4.92B,16.60%,$29.61B,$3.72B,12.55%,$3.72B,$24.80B,16.15%,$3.72B,$17.03B,24.58%,$3.72B,$163.74B,2.29%,$4.47B,$27.46B,17.51%,$6900,$4135,$2764,$0,$1911,$6046,$853,$724,$1310,$310,$1000,$1043,$1043,$997,$853,$1525,1525,$0.68,$0.67,$9435,$0,$0,$11399,$0,$134078,$7770,$5195,$147042,$163743,$2168,$2660,$131560,$136779,$138947,$12779,$12405,$0,$24796,$163743,$1898,$280,$0,$280,$0,$0,$0,$0,$-834,$2655,$0,$0,$23433,$0,$0,$-23303,$119,$249,$0,$-621,$-2,$0,$-1086,$-602,$-403,$-2714,$-355,$0,$0
46,2007-03-31,21.75,$0.00,0.0,$19.10,1.14,$10.67,2.04,$2.23,9.75,$10.76B,$2.32B,4.65,$2.58B,$22.68B,0.11,$29.72B,$11.28B,37.95%,$29.72B,$3.85B,12.97%,$29.72B,$3.85B,12.97%,$29.72B,$3.31B,11.12%,$29.72B,$4.88B,16.41%,$29.72B,$3.50B,11.79%,$3.50B,$23.22B,15.41%,$3.50B,$15.45B,24.06%,$3.50B,$163.36B,2.12%,$3.85B,$25.80B,15.27%,$7368,$4301,$3067,$0,$1750,$6051,$1317,$-165,$1146,$303,$843,$844,$844,$1454,$1317,$1555,1555,$0.54,$0.54,$8865,$0,$0,$10758,$0,$134536,$7767,$5079,$147382,$163364,$2315,$2576,$132887,$137829,$140144,$12133,$11562,$0,$23220,$163364,$843,$137,$0,$137,$0,$0,$0,$0,$-49,$960,$0,$0,$0,$0,$0,$-10698,$10846,$148,$0,$109,$-488,$0,$-305,$-272,$-499,$-1454,$-401,$0,$0
47,2006-12-31,21.23,$0.00,0.0,$18.81,1.13,$10.78,1.97,$2.21,9.63,$41.72B,$2.52B,16.54,$2.70B,$22.07B,0.12,$29.47B,$11.30B,38.33%,$29.47B,$4.26B,14.45%,$29.47B,$4.26B,14.45%,$29.47B,$3.67B,12.46%,$29.47B,$4.71B,15.97%,$29.47B,$3.49B,11.83%,$3.49B,$22.63B,16.19%,$3.49B,$14.54B,25.68%,$3.49B,$164.22B,2.20%,$4.26B,$25.33B,17.83%,$7992,$4820,$3172,$0,$2383,$7203,$789,$-176,$1273,$297,$976,$964,$964,$-241,$789,$1550,1550,$0.62,$0.61,$9478,$0,$0,$41722,$0,$104053,$8088,$5148,$117289,$164220,$2523,$2701,$134195,$139066,$141589,$12568,$9265,$0,$22631,$164220,$3502,$-587,$0,$-587,$0,$0,$0,$0,$-17,$7097,$0,$0,$56188,$0,$0,$-57948,$0,$-1760,$0,$195,$555,$0,$-1316,$-1026,$-1941,$-3533,$1825,$0,$0
