,Date,Stock Price,Book Value per Share,Price to Book Ratio,TTM Sales per Share,Price to Sales Ratio,TTM FCF per Share,Price to FCF Ratio,TTM Net EPS,PE Ratio,Current Assets,Current Liabilities,Current Ratio,Long Term Debt,Shareholder's Equity_x,Debt to Equity Ratio,TTM Revenue_x,TTM Gross Profit,Gross Margin,TTM Revenue_y,TTM Operating Income,Operating Margin,TTM Revenue_x,TTM EBIT,EBIT Margin,TTM Revenue_y,TTM EBITDA,EBITDA Margin,TTM Revenue_x,TTM Pre-Tax Income,Pre-Tax Margin,TTM Revenue_y,TTM Net Income_x,Net Margin,TTM Net Income_y,Shareholder's Equity_y,Return on Equity,TTM Net Income_x,Tangible Equity,Return on Tangible Equity,TTM Net Income_y,Total Assets,Return on Assets,TTM Net Income,LT Investments & Debt,Return on Investment,revenue,cost-goods-sold,gross-profit,research-development-expenses,selling-general-administrative-expenses,operating-expenses,operating-income,total-non-operating-income-expense,pre-tax-income,total-provision-income-taxes,income-after-taxes,income-from-continuous-operations,net-income,ebitda,ebit,basic-shares-outstanding,shares-outstanding,eps-basic-net-earnings-per-share,eps-earnings-per-share-diluted,cash-on-hand,inventory,other-current-assets,total-current-assets,net-property-plant-equipment,long-term-investments,goodwill-intangible-assets-total,other-long-term-assets,total-long-term-assets,total-assets,total-current-liabilities,long-term-debt,other-non-current-liabilities,total-long-term-liabilities,total-liabilities,common-stock-net,retained-earnings-accumulated-deficit,comprehensive-income,total-share-holder-equity,total-liabilities-share-holders-equity,net-income-loss,total-depreciation-amortization-cash-flow,other-non-cash-items,total-non-cash-items,change-in-accounts-receivable,change-in-inventories,change-in-accounts-payable,change-in-assets-liabilities,total-change-in-assets-liabilities,cash-flow-from-operating-activities,net-change-in-property-plant-equipment,net-change-in-intangible-assets,net-acquisitions-divestitures,net-change-in-short-term-investments,net-change-in-long-term-investments,net-change-in-investments-total,investing-activities-other,cash-flow-from-investing-activities,net-long-term-debt,net-current-debt,debt-issuance-retirement-net-total,net-common-equity-issued-repurchased,net-total-equity-issued-repurchased,total-common-preferred-stock-dividends-paid,financial-activities-other,cash-flow-from-financial-activities,net-cash-flow,stock-based-compensation,common-stock-dividends-paid
0,2018-06-30,3.39,$6.98,0.49,$2.25,1.5,0,0.0,$0.40,8.48,$1489.43B,$1560.71B,0.95,$72.43B,$88.51B,0.82,$28.32B,$22.16B,78.27%,$28.32B,$7.16B,25.28%,$28.32B,0,0.00%,$28.32B,0,0.00%,$28.32B,$7.26B,25.63%,$28.32B,$5.08B,17.93%,$5.08B,$88.51B,6.12%,$5.08B,$78.53B,6.79%,$5.08B,$1909.48B,0.28%,$7.16B,$160.94B,4.90%,$0,$0,$0,$0,$0,$0,$0,$0,$0,$0,$0,$0,$0,$0,$0,$0,0,$0.00,$0.00,$672884,$0,$0,$1489434,$10128,$342840,$9981,$56700,$420050,$1909484,$1560712,$72430,$117591,$194592,$1820976,$20762,$37437,$15490,$88508,$1909484,$0,$0,$0,$0,$0,$0,$0,$0,$0,$0,$0,$0,$0,$0,$0,$0,$0,$0,$0,$0,$0,$0,$0,$0,$0,$0,$0,$0,$0
1,2017-06-30,3.54,$6.64,0.53,$2.17,1.63,$4.65,0.76,$0.34,10.4,$1376.63B,$1479.76B,0.93,$71.56B,$84.20B,0.85,$27.19B,$23.59B,86.76%,$27.19B,$12.54B,46.13%,$27.19B,0,0.00%,$27.19B,0,0.00%,$27.19B,$12.58B,46.25%,$27.19B,$4.34B,15.96%,$4.34B,$84.20B,5.22%,$4.34B,$74.59B,5.72%,$4.34B,$1805.76B,0.25%,$12.54B,$155.76B,8.77%,$8435,$2553,$5883,$0,$3959,$6512,$1924,$66,$1990,$451,$1539,$1539,$1481,$0,$0,$12682,12682,$0.12,$0.12,$612161,$0,$0,$1376626,$10086,$354669,$9613,$54247,$429130,$1805756,$1479760,$71562,$112749,$187875,$1721557,$20309,$32750,$14196,$84199,$1805756,$0,$0,$0,$0,$0,$0,$0,$0,$0,$0,$0,$0,$0,$0,$0,$0,$0,$0,$0,$0,$0,$0,$0,$0,$0,$0,$0,$0,$0
2,2016-06-30,2.65,$6.54,0.4,$2.19,1.21,$4.65,0.57,$0.37,7.15,$1409.71B,$1493.95B,0.94,$59.32B,$82.15B,0.72,$27.17B,$25.26B,93.00%,$27.17B,$18.02B,66.32%,$27.17B,0,0.00%,$27.17B,0,0.00%,$27.17B,$18.05B,66.45%,$27.17B,$4.70B,17.29%,$4.70B,$82.15B,5.72%,$4.70B,$74.35B,6.18%,$4.70B,$1838.76B,0.27%,$18.02B,$141.47B,12.97%,$6779,$1699,$5080,$0,$3799,$5497,$1281,$-1,$1280,$123,$1157,$1157,$1065,$0,$0,$12684,12684,$0.08,$0.08,$688291,$0,$0,$1409711,$10002,$363648,$7799,$47159,$429044,$1838755,$1493947,$59322,$129383,$192991,$1756606,$20983,$30115,$14082,$82149,$1838755,$0,$0,$0,$0,$0,$0,$0,$0,$0,$0,$0,$0,$0,$0,$0,$0,$0,$0,$0,$0,$0,$0,$0,$0,$0,$0,$0,$0,$0
3,2015-06-30,3.88,$6.24,0.62,$2.20,1.76,$3.88,1.0,$0.41,9.45,$1144.45B,$1279.59B,0.89,$49.09B,$76.84B,0.64,$27.26B,$26.46B,97.08%,$27.26B,$23.23B,85.20%,$27.26B,0,0.00%,$27.26B,0,0.00%,$27.26B,$23.26B,85.31%,$27.26B,$5.20B,19.08%,$5.20B,$76.84B,6.59%,$5.20B,$71.45B,6.97%,$5.20B,$1573.10B,0.31%,$23.23B,$125.92B,15.73%,$6904,$1106,$5798,$0,$4011,$5117,$1787,$5,$1792,$432,$1360,$1360,$1234,$0,$0,$12520,12520,$0.10,$0.10,$495080,$0,$0,$1144450,$8817,$377061,$5383,$37087,$428647,$1573097,$1279592,$49085,$108900,$162944,$1496260,$18497,$22781,$16662,$76837,$1573097,$0,$0,$0,$0,$0,$0,$0,$0,$0,$0,$0,$0,$0,$0,$0,$0,$0,$0,$0,$0,$0,$0,$0,$0,$0,$0,$0,$0,$0
4,2015-03-31,3.17,$0.00,0.0,$2.24,1.41,$3.88,0.82,$0.43,7.37,$1223.93B,$1495.52B,0.82,$59.63B,$89.19B,0.67,$27.95B,$27.95B,100.00%,$27.95B,$24.06B,86.09%,$27.95B,0,0.00%,$27.95B,0,0.00%,$27.95B,$23.30B,83.38%,$27.95B,$5.42B,19.38%,$5.42B,$89.19B,6.75%,$5.42B,$83.20B,7.14%,$5.42B,$1726.13B,0.31%,$24.06B,$148.81B,14.36%,$6198,$796,$5402,$0,$3237,$4033,$2165,$30,$2195,$716,$1479,$1479,$1296,$0,$0,$12326,12326,$0.11,$0.11,$511451,$0,$0,$1223931,$0,$442300,$5984,$44105,$492390,$1726131,$1495519,$59625,$81801,$141427,$1636946,$20524,$25201,$0,$89185,$1726131,$9015,$1462,$0,$1462,$0,$0,$0,$0,$61201,$60560,$-1954,$0,$0,$0,$0,$27495,$-1706,$23835,$0,$0,$-3774,$0,$-0,$-1603,$-2844,$-8221,$76516,$0,$0
5,2014-12-31,3.04,$0.00,0.0,$2.23,1.36,$3.68,0.82,$0.47,6.46,$1214.14B,$1448.32B,0.84,$58.63B,$80.57B,0.73,$27.64B,$27.64B,100.00%,$27.64B,$23.75B,85.94%,$27.64B,0,0.00%,$27.64B,0,0.00%,$27.64B,$22.99B,83.19%,$27.64B,$5.93B,21.44%,$5.93B,$80.57B,7.96%,$5.93B,$75.23B,8.29%,$5.93B,$1724.77B,0.34%,$23.75B,$139.20B,13.85%,$7308,$0,$7308,$0,$0,$0,$7308,$0,$7308,$0,$7308,$884,$744,$0,$0,$12600,12600,$0.06,$0.06,$527937,$0,$0,$1214136,$0,$459853,$5332,$36028,$501213,$1724769,$1448321,$58631,$137252,$195883,$1644203,$19848,$23574,$0,$80565,$1724769,$0,$0,$0,$0,$0,$0,$0,$0,$0,$0,$0,$0,$0,$0,$0,$0,$0,$0,$0,$0,$0,$0,$0,$0,$0,$0,$0,$0,$0
6,2014-09-30,3.19,$0.00,0.0,$2.22,1.44,$3.68,0.87,$0.47,6.78,$1334.64B,$1567.63B,0.85,$107.79B,$66.38B,1.62,$27.76B,$27.76B,100.00%,$27.76B,$23.87B,86.00%,$27.76B,0,0.00%,$27.76B,0,0.00%,$27.76B,$23.11B,83.26%,$27.76B,$5.84B,21.03%,$5.84B,$69.05B,7.78%,$5.84B,$68.41B,8.10%,$5.84B,$1794.90B,0.32%,$23.87B,$176.84B,12.10%,$6755,$0,$6755,$0,$0,$0,$6755,$0,$6755,$0,$6755,$1430,$1424,$0,$0,$12205,12205,$0.12,$0.11,$624294,$0,$0,$1334642,$0,$404368,$636,$42115,$447119,$1794896,$1567627,$107788,$50433,$158221,$1725849,$53029,$-2128,$0,$69048,$1794896,$3917,$783,$0,$783,$0,$0,$0,$0,$-10023,$-8670,$-809,$0,$0,$0,$0,$-8880,$-33729,$-43418,$0,$-18792,$11843,$0,$0,$-846,$57603,$49807,$-2231,$0,$0
7,2014-06-30,3.67,$0.00,0.0,$2.24,1.64,$4.45,0.82,$0.47,7.81,$1186.13B,$1483.58B,0.8,$123.28B,$82.03B,1.5,$28.33B,$28.33B,100.00%,$28.33B,$24.44B,86.28%,$28.33B,0,0.00%,$28.33B,0,0.00%,$28.33B,$23.68B,83.60%,$28.33B,$5.92B,20.89%,$5.92B,$82.03B,7.57%,$5.92B,$76.82B,7.98%,$5.92B,$1781.17B,0.33%,$24.44B,$205.31B,11.64%,$6997,$0,$6997,$0,$0,$0,$6997,$0,$6997,$0,$6997,$1748,$1737,$0,$0,$12320,12320,$0.14,$0.14,$518434,$0,$0,$1186126,$0,$476622,$5214,$104243,$586079,$1781166,$1483583,$123275,$92275,$215550,$1699133,$22103,$23505,$0,$82033,$1781166,$0,$0,$0,$0,$0,$0,$0,$0,$0,$0,$0,$0,$0,$0,$0,$0,$0,$0,$0,$0,$0,$0,$0,$0,$0,$0,$0,$0,$0
8,2014-03-31,3.55,$0.00,0.0,$2.36,1.51,$4.45,0.8,$0.55,6.46,$1301.76B,$1547.12B,0.84,$98.54B,$63.09B,1.56,$29.39B,$29.39B,100.00%,$29.39B,$25.23B,85.85%,$29.39B,0,0.00%,$29.39B,0,0.00%,$29.39B,$24.35B,82.85%,$29.39B,$6.92B,23.54%,$6.92B,$66.21B,8.97%,$6.92B,$65.51B,9.44%,$6.92B,$1756.99B,0.38%,$25.23B,$164.75B,11.83%,$6885,$0,$6885,$0,$3886,$3886,$2999,$0,$2240,$521,$1718,$1526,$1512,$0,$0,$12145,12703,$0.12,$0.12,$569603,$0,$0,$1301759,$25002,$404923,$705,$36041,$466671,$1756994,$1547118,$98539,$45123,$143663,$1690780,$54893,$-5375,$0,$66214,$1756994,$5002,$1613,$0,$1613,$0,$0,$0,$0,$48268,$59513,$-4177,$0,$0,$0,$0,$80441,$-72091,$4173,$0,$-7248,$9021,$0,$-370,$-1522,$-59602,$-59720,$4284,$0,$0
9,2013-12-31,3.89,$0.00,0.0,$2.57,1.51,$-1.44,0.0,$0.62,6.28,$1223.75B,$1595.66B,0.77,$159.32B,$82.59B,1.93,$31.79B,$31.79B,100.00%,$31.79B,$27.63B,86.92%,$31.79B,0,0.00%,$31.79B,0,0.00%,$31.79B,$26.75B,84.15%,$31.79B,$7.71B,24.25%,$7.71B,$82.59B,9.84%,$7.71B,$77.57B,10.36%,$7.71B,$1883.08B,0.40%,$27.63B,$241.91B,12.77%,$6999,$0,$6999,$0,$0,$0,$6999,$0,$6999,$0,$6999,$1174,$1253,$0,$0,$12428,12428,$0.10,$0.10,$539443,$0,$0,$1223749,$0,$509117,$5022,$136135,$650275,$1883080,$1595663,$159320,$45509,$204829,$1800492,$22550,$21896,$0,$82588,$1883080,$0,$0,$0,$0,$0,$0,$0,$0,$0,$0,$0,$0,$0,$0,$0,$0,$0,$0,$0,$0,$0,$0,$0,$0,$0,$0,$0,$0,$0
10,2013-09-30,3.86,$0.00,0.0,$2.65,1.46,$-1.44,0.0,$0.69,5.59,$1181.40B,$1540.93B,0.77,$146.37B,$81.82B,1.79,$32.33B,$32.33B,100.00%,$32.33B,$28.17B,87.14%,$32.33B,0,0.00%,$32.33B,0,0.00%,$32.33B,$27.29B,84.41%,$32.33B,$8.61B,26.63%,$8.61B,$81.82B,10.88%,$8.61B,$76.88B,11.48%,$8.61B,$1839.71B,0.44%,$28.17B,$228.19B,12.40%,$6874,$0,$6874,$0,$0,$0,$6874,$0,$6874,$0,$6874,$1356,$1334,$0,$0,$12083,12680,$0.11,$0.11,$506822,$0,$0,$1181402,$0,$500760,$4935,$143454,$649149,$1839707,$1540927,$146374,$70589,$216964,$1757891,$22775,$21534,$0,$81816,$1839707,$0,$0,$0,$0,$0,$0,$0,$0,$0,$0,$0,$0,$0,$0,$0,$0,$0,$0,$0,$0,$0,$0,$0,$0,$0,$0,$0,$0,$0
11,2013-06-30,3.64,$0.00,0.0,$2.81,1.3,$-1.44,0.0,$0.55,6.63,$1176.37B,$1504.42B,0.78,$140.25B,$77.94B,1.8,$33.81B,$33.81B,100.00%,$33.81B,$29.65B,87.70%,$33.81B,0,0.00%,$33.81B,0,0.00%,$33.81B,$28.77B,85.10%,$33.81B,$6.80B,20.10%,$6.80B,$77.94B,8.48%,$6.80B,$73.07B,8.98%,$6.80B,$1764.40B,0.33%,$29.65B,$218.18B,14.32%,$7568,$0,$7568,$0,$0,$0,$7568,$0,$7568,$0,$7568,$1848,$1818,$0,$0,$12350,12713,$0.15,$0.14,$503497,$0,$0,$1176371,$0,$480399,$4866,$93719,$578983,$1764398,$1504420,$140245,$41796,$182040,$1686461,$22775,$20070,$0,$77937,$1764398,$0,$0,$0,$0,$0,$0,$0,$0,$0,$0,$0,$0,$0,$0,$0,$0,$0,$0,$0,$0,$0,$0,$0,$0,$0,$0,$0,$0,$0
12,2013-03-31,3.77,$0.00,0.0,$2.94,1.28,$-1.44,0.0,$0.53,7.11,$1519.09B,$1931.98B,0.79,$106.51B,$66.31B,1.61,$35.35B,$34.04B,96.28%,$35.35B,$28.45B,80.47%,$35.35B,0,0.00%,$35.35B,0,0.00%,$35.35B,$28.45B,80.47%,$35.35B,$6.58B,18.61%,$6.58B,$70.87B,8.10%,$6.58B,$70.02B,8.59%,$6.58B,$2162.84B,0.31%,$28.45B,$177.38B,12.13%,$7949,$0,$7949,$0,$4159,$4159,$3790,$0,$2910,$193,$2717,$2525,$2514,$0,$0,$12083,12083,$0.21,$0.20,$678882,$0,$0,$1519086,$26656,$590437,$855,$39249,$657196,$2162839,$1931979,$106507,$53482,$159989,$2091968,$66076,$-10689,$0,$70871,$2162839,$10662,$1902,$0,$1902,$0,$0,$0,$0,$-35225,$-15706,$-1735,$0,$0,$0,$0,$13140,$-87899,$-76494,$0,$-87738,$1389,$0,$13,$-1845,$180623,$92442,$627,$0,$0
13,2012-12-31,3.19,$0.00,0.0,$2.91,1.09,$-1.99,0.0,$0.58,5.5,$1314.80B,$1764.28B,0.75,$199.25B,$85.85B,2.32,$35.35B,$34.04B,96.28%,$35.35B,$28.44B,80.46%,$35.35B,0,0.00%,$35.35B,0,0.00%,$35.35B,$28.44B,80.46%,$35.35B,$7.25B,20.51%,$7.25B,$85.85B,9.26%,$7.25B,$80.00B,9.85%,$7.25B,$2109.24B,0.35%,$28.44B,$285.09B,12.27%,$9398,$0,$9398,$0,$0,$0,$9398,$0,$9398,$0,$9398,$3357,$2042,$0,$0,$12082,12082,$0.17,$0.17,$522075,$0,$0,$1314795,$0,$610932,$5844,$166617,$783393,$2109243,$1764280,$199247,$59870,$259117,$2023397,$27736,$20233,$0,$85846,$2109243,$0,$0,$0,$0,$0,$0,$0,$0,$0,$0,$0,$0,$0,$0,$0,$0,$0,$0,$0,$0,$0,$0,$0,$0,$0,$0,$0,$0,$0
14,2012-09-30,2.81,$0.00,0.0,$2.72,1.04,$-1.99,0.0,$0.41,6.86,$1306.87B,$1304.88B,1.0,$61.67B,$85.75B,0.72,$36.08B,$34.77B,96.36%,$36.08B,$29.18B,80.86%,$36.08B,0,0.00%,$36.08B,0,0.00%,$36.08B,$29.18B,80.86%,$36.08B,$5.23B,14.48%,$5.23B,$85.75B,6.72%,$5.23B,$79.71B,7.17%,$5.23B,$2103.12B,0.25%,$29.18B,$147.42B,12.25%,$7415,$0,$7415,$0,$0,$0,$7415,$0,$7415,$0,$7415,$2388,$2235,$0,$0,$12022,12022,$0.19,$0.18,$304710,$0,$0,$1306868,$0,$634118,$6039,$144663,$784820,$2103116,$1304877,$61667,$650823,$712490,$2017367,$28638,$19226,$0,$85748,$2103116,$0,$0,$0,$0,$0,$0,$0,$0,$0,$0,$0,$0,$0,$0,$0,$0,$0,$0,$0,$0,$0,$0,$0,$0,$0,$0,$0,$0,$0
15,2012-06-30,2.84,$0.00,0.0,$2.76,1.03,$-1.99,0.0,$0.58,4.9,$1253.58B,$1714.00B,0.73,$245.57B,$82.55B,2.98,$36.18B,$34.87B,96.37%,$36.18B,$29.28B,80.91%,$36.18B,0,0.00%,$36.18B,0,0.00%,$36.18B,$29.28B,80.91%,$36.18B,$7.26B,20.06%,$7.26B,$82.55B,9.39%,$7.26B,$76.57B,10.02%,$7.26B,$2063.23B,0.35%,$29.28B,$328.12B,10.53%,$9050,$0,$9050,$0,$0,$0,$9050,$0,$9050,$0,$9050,$81,$5,$0,$0,$12013,12013,$0.00,$0.00,$458012,$0,$0,$1253583,$0,$640074,$5983,$152157,$798214,$2063230,$1713995,$245569,$21115,$266684,$1980679,$28187,$18904,$0,$82551,$2063230,$0,$0,$0,$0,$0,$0,$0,$0,$0,$0,$0,$0,$0,$0,$0,$0,$0,$0,$0,$0,$0,$0,$0,$0,$0,$0,$0,$0,$0
16,2012-03-31,2.76,$0.00,0.0,$2.68,1.03,$-1.99,0.0,$0.50,5.52,$1413.64B,$1887.97B,0.75,$107.47B,$53.81B,2.0,$34.46B,$33.48B,97.16%,$34.46B,$28.10B,81.54%,$34.46B,0,0.00%,$34.46B,0,0.00%,$34.46B,$28.10B,81.54%,$34.46B,$6.14B,17.82%,$6.14B,$59.02B,8.03%,$6.14B,$58.05B,8.57%,$6.14B,$2112.79B,0.30%,$28.10B,$166.48B,10.65%,$9491,$1314,$8177,$0,$5592,$6906,$2585,$0,$2585,$20,$2565,$2328,$2299,$0,$0,$12021,12021,$0.19,$0.18,$580142,$0,$0,$1413641,$28646,$640714,$964,$43442,$713766,$2112793,$1887965,$107465,$58346,$165812,$2053776,$68936,$-20398,$0,$59017,$2112793,$8242,$2105,$0,$2105,$0,$0,$0,$0,$-33195,$-22726,$-2048,$0,$0,$0,$0,$-35029,$13672,$-23405,$0,$-25437,$-5414,$0,$-8,$-2742,$71266,$37666,$-8482,$0,$0
17,2011-12-31,2.24,$0.00,0.0,$2.67,0.84,$7.09,0.32,$0.26,8.62,$1289.30B,$1719.29B,0.75,$227.16B,$83.57B,2.72,$32.44B,$31.46B,96.98%,$32.44B,$26.08B,80.39%,$32.44B,0,0.00%,$32.44B,0,0.00%,$32.44B,$26.08B,80.39%,$32.44B,$3.33B,10.26%,$3.33B,$83.57B,4.10%,$3.33B,$77.26B,4.42%,$3.33B,$2081.89B,0.17%,$26.08B,$310.73B,8.53%,$9394,$0,$9394,$0,$0,$0,$9394,$0,$9394,$0,$9394,$7383,$2712,$0,$0,$12001,12441,$0.23,$0.22,$457616,$0,$0,$1289304,$0,$608266,$6315,$166105,$780686,$2081885,$1719285,$227162,$51867,$279030,$1998315,$29089,$15362,$0,$83570,$2081885,$0,$0,$0,$0,$0,$0,$0,$0,$0,$0,$0,$0,$0,$0,$0,$0,$0,$0,$0,$0,$0,$0,$0,$0,$0,$0,$0,$0,$0
18,2011-09-30,2.38,$0.00,0.0,$2.81,0.85,$7.09,0.34,$0.32,7.45,$1245.90B,$1728.29B,0.72,$222.31B,$84.09B,2.64,$32.04B,$31.06B,96.94%,$32.04B,$25.68B,80.15%,$32.04B,0,0.00%,$32.04B,0,0.00%,$32.04B,$25.68B,80.15%,$32.04B,$4.10B,12.78%,$4.10B,$84.09B,5.08%,$4.10B,$77.76B,5.46%,$4.10B,$2080.60B,0.21%,$25.68B,$306.41B,8.71%,$8148,$0,$8148,$0,$0,$0,$8148,$0,$8148,$0,$8148,$353,$210,$0,$0,$19402,19402,$0.01,$0.01,$458850,$0,$0,$1245902,$0,$633631,$6336,$182712,$822679,$2080601,$1728289,$222313,$45904,$268217,$1996507,$29089,$16116,$0,$84094,$2080601,$0,$0,$0,$0,$0,$0,$0,$0,$0,$0,$0,$0,$0,$0,$0,$0,$0,$0,$0,$0,$0,$0,$0,$0,$0,$0,$0,$0,$0
19,2011-06-30,2.68,$0.00,0.0,$2.86,0.94,$7.09,0.38,$0.35,7.65,$1161.14B,$1599.80B,0.73,$193.22B,$79.15B,2.44,$31.48B,$30.50B,96.89%,$31.48B,$25.12B,79.79%,$31.48B,0,0.00%,$31.48B,0,0.00%,$31.48B,$25.12B,79.79%,$31.48B,$4.30B,13.64%,$4.30B,$79.15B,5.43%,$4.30B,$73.78B,5.81%,$4.30B,$1925.04B,0.23%,$25.12B,$272.37B,8.82%,$9149,$0,$9149,$0,$0,$0,$9149,$0,$9149,$0,$9149,$903,$2036,$0,$0,$11538,11538,$0.18,$0.17,$422072,$0,$0,$1161139,$0,$580543,$5372,$166482,$752398,$1925040,$1599801,$193216,$52874,$246091,$1845892,$26834,$13415,$0,$79148,$1925040,$0,$0,$0,$0,$0,$0,$0,$0,$0,$0,$0,$0,$0,$0,$0,$0,$0,$0,$0,$0,$0,$0,$0,$0,$0,$0,$0,$0,$0
20,2011-03-31,2.71,$0.00,0.0,$3.01,0.9,$7.09,0.38,$0.44,6.16,$1177.18B,$1467.20B,0.8,$255.31B,$77.50B,3.29,$31.11B,$30.12B,96.82%,$31.11B,$26.03B,83.69%,$31.11B,0,0.00%,$31.11B,0,0.00%,$31.11B,$26.11B,83.92%,$31.11B,$4.74B,15.25%,$4.74B,$77.50B,6.31%,$4.74B,$72.32B,6.76%,$4.74B,$1881.50B,0.26%,$26.03B,$332.81B,9.77%,$7773,$979,$6793,$0,$5381,$6361,$1412,$0,$1412,$-56,$1468,$1185,$1185,$0,$0,$10901,10901,$0.11,$0.10,$442677,$0,$0,$1177177,$0,$543463,$5182,$144587,$693232,$1881501,$1467199,$255309,$81492,$336801,$1804000,$25522,$13249,$0,$77501,$1881501,$7434,$1940,$0,$1940,$0,$0,$0,$0,$60738,$70803,$-883,$0,$0,$0,$0,$-17180,$-1447,$-19509,$0,$0,$-4493,$0,$8908,$-1567,$-1034,$1814,$52693,$0,$0
21,2010-12-31,2.95,$0.00,0.0,$3.19,0.92,$18.27,0.16,$0.61,4.83,$1150.83B,$1554.38B,0.74,$185.93B,$81.48B,2.28,$31.09B,$30.10B,96.82%,$31.09B,$26.02B,83.68%,$31.09B,0,0.00%,$31.09B,0,0.00%,$31.09B,$26.09B,83.92%,$31.09B,$6.06B,19.50%,$6.06B,$81.48B,8.43%,$6.06B,$76.26B,9.05%,$6.06B,$1864.02B,0.34%,$26.02B,$267.41B,10.68%,$7366,$0,$7366,$0,$0,$0,$7366,$0,$7366,$0,$7366,$-227,$-103,$0,$0,$9861,9861,$-0.04,$-0.02,$414376,$0,$0,$1150832,$0,$527992,$5227,$168630,$701849,$1864023,$1554375,$185925,$42240,$228165,$1782540,$26395,$13807,$0,$81483,$1864023,$0,$0,$0,$0,$0,$0,$0,$0,$0,$0,$0,$0,$0,$0,$0,$0,$0,$0,$0,$0,$0,$0,$0,$0,$0,$0,$0,$0,$0
22,2010-09-30,2.25,$0.00,0.0,$2.63,0.86,$18.27,0.12,$0.73,3.09,$1116.15B,$1526.67B,0.73,$188.02B,$78.26B,2.4,$23.34B,$22.35B,95.76%,$23.34B,$18.26B,78.26%,$23.34B,0,0.00%,$23.34B,0,0.00%,$23.34B,$18.34B,78.57%,$23.34B,$6.49B,27.79%,$6.49B,$78.26B,9.69%,$6.49B,$73.29B,10.42%,$6.49B,$1845.73B,0.37%,$18.26B,$266.28B,8.09%,$7756,$0,$7756,$0,$0,$0,$7756,$0,$7756,$0,$7756,$935,$977,$0,$0,$13963,13963,$0.07,$0.07,$399802,$0,$0,$1116149,$0,$537738,$4972,$175840,$718551,$1845727,$1526673,$188018,$52772,$240790,$1767463,$25522,$12409,$0,$78264,$1845727,$0,$0,$0,$0,$0,$0,$0,$0,$0,$0,$0,$0,$0,$0,$0,$0,$0,$0,$0,$0,$0,$0,$0,$0,$0,$0,$0,$0,$0
23,2010-06-30,2.55,$0.00,0.0,$1.79,1.43,$18.27,0.14,$0.53,4.82,$720.80B,$1223.76B,0.59,$135.69B,$63.63B,2.13,$14.75B,$13.77B,93.30%,$14.75B,$9.68B,65.62%,$14.75B,0,0.00%,$14.75B,0,0.00%,$14.75B,$9.75B,66.10%,$14.75B,$4.25B,28.80%,$4.25B,$63.63B,6.77%,$4.25B,$58.94B,7.30%,$4.25B,$1698.51B,0.25%,$9.68B,$199.32B,4.43%,$8583,$0,$8583,$0,$0,$0,$8583,$0,$8583,$0,$8583,$1994,$2236,$0,$0,$10122,10122,$0.22,$0.20,$47462,$0,$0,$720804,$0,$472975,$4699,$489797,$967471,$1698513,$1223756,$135687,$275436,$411123,$1634879,$19861,$9560,$0,$63634,$1698513,$0,$0,$0,$0,$0,$0,$0,$0,$0,$0,$0,$0,$0,$0,$0,$0,$0,$0,$0,$0,$0,$0,$0,$0,$0,$0,$0,$0,$0
24,2010-03-31,3.1,$0.00,0.0,$2.31,1.34,$18.27,0.17,$0.33,9.38,$826.22B,$1247.30B,0.66,$177.67B,$64.21B,2.77,$15.11B,$13.77B,91.10%,$15.11B,$7.71B,51.01%,$15.11B,0,0.00%,$15.11B,0,0.00%,$15.11B,$7.57B,50.08%,$15.11B,$2.57B,17.00%,$2.57B,$64.21B,4.81%,$2.57B,$59.51B,5.24%,$2.57B,$1718.79B,0.15%,$7.71B,$241.88B,3.62%,$7402,$989,$6413,$0,$4084,$5073,$2329,$0,$2401,$484,$1917,$1562,$1633,$0,$0,$7778,8596,$0.21,$0.19,$57326,$0,$0,$826221,$0,$474061,$4700,$403607,$882368,$1718789,$1247301,$177671,$229610,$407281,$1654582,$19861,$9402,$0,$64208,$1718789,$4155,$1715,$0,$1715,$0,$0,$0,$0,$132530,$147760,$-2630,$0,$4,$0,$0,$-153422,$358,$-155689,$0,$0,$-1596,$0,$5900,$-1433,$-321,$2550,$-5353,$0,$0
25,2009-12-31,2.69,$0.00,0.0,$1.39,1.94,0,0.0,$0.18,14.95,$828.75B,$1219.71B,0.68,$133.72B,$61.65B,2.17,$28.49B,$17.37B,60.97%,$28.49B,$-4.77B,-16.73%,$28.49B,0,0.00%,$28.49B,0,0.00%,$28.49B,$-4.91B,-17.22%,$28.49B,$-10.93B,-38.36%,$-10.93B,$61.65B,-27.65%,$-10.93B,$57.19B,-30.15%,$-10.93B,$1697.84B,-0.67%,$-4.77B,$195.37B,-2.64%,$7352,$0,$7352,$0,$0,$0,$7352,$0,$7352,$0,$7352,$1216,$1216,$0,$0,$8092,7944,$0.15,$0.15,$45986,$0,$0,$828750,$0,$465279,$4461,$389319,$859058,$1697842,$1219713,$133719,$282758,$416476,$1636190,$19861,$8083,$0,$61652,$1697842,$0,$0,$0,$0,$0,$0,$0,$0,$0,$0,$0,$0,$0,$0,$0,$0,$0,$0,$0,$0,$0,$0,$0,$0,$0,$0,$0,$0,$0
26,2009-09-30,2.98,$0.00,0.0,$1.39,2.14,0,0.0,$-0.01,0.0,$751.98B,$1220.86B,0.62,$176.07B,$61.67B,2.86,$28.49B,$17.37B,60.97%,$28.49B,$-4.77B,-16.73%,$28.49B,0,0.00%,$28.49B,0,0.00%,$28.49B,$-4.91B,-17.22%,$28.49B,$-12.33B,-43.27%,$-12.33B,$61.67B,-39.27%,$-12.33B,$57.29B,-43.27%,$-12.33B,$1714.44B,-0.77%,$-4.77B,$237.73B,-2.65%,$0,$0,$0,$0,$0,$0,$0,$0,$0,$0,$0,$1400,$1400,$0,$0,$6789,7428,$0.21,$0.19,$54134,$0,$0,$751979,$0,$417323,$4379,$530701,$952403,$1714437,$1220860,$176067,$255844,$431911,$1652771,$19861,$7657,$0,$61666,$1714437,$0,$0,$0,$0,$0,$0,$0,$0,$0,$0,$0,$0,$0,$0,$0,$0,$0,$0,$0,$0,$0,$0,$0,$0,$0,$0,$0,$0,$0
27,2009-06-30,3.48,$0.00,0.0,$1.39,2.51,0,0.0,$-0.01,0.0,$1027.48B,$1301.53B,0.79,$149.75B,$26.33B,5.69,$28.49B,$17.37B,60.97%,$28.49B,$-4.77B,-16.73%,$28.49B,0,0.00%,$28.49B,0,0.00%,$28.49B,$-4.91B,-17.22%,$28.49B,$-12.33B,-43.27%,$-12.33B,$26.33B,-52.63%,$-12.33B,$22.18B,-58.83%,$-12.33B,$1578.44B,-0.81%,$-4.77B,$176.08B,-3.06%,$0,$0,$0,$0,$0,$0,$0,$0,$0,$0,$0,$0,$0,$0,$0,$0,0,$0.00,$0.00,$329352,$0,$0,$1027482,$0,$356486,$4150,$181319,$541955,$1578440,$1301527,$149747,$77859,$250580,$1552106,$15872,$6212,$0,$26334,$1578440,$0,$0,$0,$0,$0,$0,$0,$0,$0,$0,$0,$0,$0,$0,$0,$0,$0,$0,$0,$0,$0,$0,$0,$0,$0,$0,$0,$0,$0
28,2009-03-31,2.97,$0.00,0.0,$1.52,1.95,0,0.0,$0.20,14.85,$901.85B,$1170.06B,0.77,$103.18B,$-1.03B,-100.57,$29.55B,$18.53B,62.71%,$29.55B,$-1.78B,-6.02%,$29.55B,0,0.00%,$29.55B,0,0.00%,$29.55B,$-2.97B,-10.03%,$29.55B,$-10.95B,-37.06%,$-10.95B,$8.46B,-41.09%,$-10.95B,$8.31B,-44.71%,$-10.95B,$1550.83B,-0.72%,$-1.78B,$111.64B,-1.23%,$7757,$1344,$6413,$0,$6059,$7402,$355,$0,$214,$-50,$264,$-425,$-47,$0,$0,$5584,5584,$-0.01,$-0.01,$60056,$0,$0,$901850,$0,$287457,$150,$352375,$639983,$1550830,$1170060,$103182,$267216,$372310,$1542370,$33868,$-32937,$0,$8460,$1550830,$-10584,$1462,$0,$1462,$0,$0,$0,$0,$24872,$34974,$-2140,$0,$0,$0,$0,$-47518,$16994,$-32664,$0,$-15433,$5007,$0,$-1502,$-1334,$17727,$4465,$6471,$0,$0
29,2008-12-31,4.19,$0.00,0.0,$1.52,2.75,0,0.0,$0.20,20.97,$826.36B,$1045.48B,0.79,$165.03B,$29.12B,5.67,$8.82B,$7.57B,85.88%,$8.82B,$3.34B,37.90%,$8.82B,0,0.00%,$8.82B,0,0.00%,$8.82B,$2.16B,24.46%,$8.82B,$1.33B,15.09%,$1.33B,$29.12B,4.17%,$1.33B,$26.19B,4.47%,$1.33B,$1572.00B,0.09%,$3.34B,$194.15B,2.37%,$20734,$9775,$10959,$0,$16080,$25855,$-5121,$0,$-5121,$7251,$-12372,$-12282,$-12282,$0,$0,$0,0,$0.00,$0.00,$52894,$0,$0,$826364,$0,$331433,$2924,$403339,$737696,$1571998,$1045482,$165029,$312549,$497398,$1542881,$15410,$11461,$0,$29117,$1571998,$0,$0,$0,$0,$0,$0,$0,$0,$0,$0,$0,$0,$0,$0,$0,$0,$0,$0,$0,$0,$0,$0,$0,$0,$0,$0,$0,$0,$0
30,2008-09-30,6.34,$0.00,0.0,$1.52,4.16,0,0.0,$0.20,31.7,$726.19B,$1038.26B,0.7,$111.74B,$29.79B,3.75,$8.82B,$7.57B,85.88%,$8.82B,$3.34B,37.90%,$8.82B,0,0.00%,$8.82B,0,0.00%,$8.82B,$2.16B,24.46%,$8.82B,$1.33B,15.09%,$1.33B,$29.79B,3.46%,$1.33B,$27.14B,3.66%,$1.33B,$1379.00B,0.09%,$3.34B,$141.52B,2.46%,$0,$0,$0,$0,$0,$0,$0,$0,$0,$0,$0,$0,$0,$0,$0,$0,0,$0.00,$0.00,$121678,$0,$0,$726191,$0,$320368,$2646,$322561,$645574,$1378998,$1038264,$111738,$184283,$310948,$1349212,$13869,$11621,$0,$29786,$1378998,$0,$0,$0,$0,$0,$0,$0,$0,$0,$0,$0,$0,$0,$0,$0,$0,$0,$0,$0,$0,$0,$0,$0,$0,$0,$0,$0,$0,$0
31,2008-06-30,6.74,$0.00,0.0,$1.52,4.42,0,0.0,$0.20,33.7,$802.93B,$1253.77B,0.64,$90.23B,$39.26B,2.3,$8.82B,$7.57B,85.88%,$8.82B,$3.34B,37.90%,$8.82B,0,0.00%,$8.82B,0,0.00%,$8.82B,$2.16B,24.46%,$8.82B,$1.33B,15.09%,$1.33B,$39.26B,3.06%,$1.33B,$36.34B,3.20%,$1.33B,$1547.53B,0.10%,$3.34B,$129.50B,2.41%,$0,$0,$0,$0,$0,$0,$0,$0,$0,$0,$0,$0,$0,$0,$0,$0,0,$0.00,$0.00,$131506,$0,$0,$802926,$0,$367189,$2923,$366405,$736517,$1547527,$1253769,$90234,$150248,$254495,$1508263,$15410,$14757,$0,$39264,$1547527,$0,$0,$0,$0,$0,$0,$0,$0,$0,$0,$0,$0,$0,$0,$0,$0,$0,$0,$0,$0,$0,$0,$0,$0,$0,$0,$0,$0,$0
32,2008-03-31,5.34,$0.00,0.0,$1.37,3.9,0,0.0,$0.15,35.62,$793.35B,$1098.89B,0.72,$68.57B,$20.60B,3.33,$7.97B,$4.05B,50.76%,$7.97B,$1.43B,17.92%,$7.97B,0,0.00%,$7.97B,0,0.00%,$7.97B,$1.43B,17.92%,$7.97B,$0.93B,11.69%,$0.93B,$29.42B,2.00%,$0.93B,$29.28B,2.07%,$0.93B,$1361.86B,0.07%,$1.43B,$97.99B,1.01%,$8815,$1245,$7570,$0,$4229,$5474,$3341,$0,$2156,$368,$1788,$1116,$1330,$0,$0,$5782,5782,$0.23,$0.20,$97837,$0,$0,$793352,$0,$325402,$135,$235299,$560836,$1361860,$1098890,$68570,$162286,$233551,$1332441,$30937,$-18599,$0,$29419,$1361860,$2058,$1529,$0,$1529,$0,$0,$0,$0,$-42397,$-32203,$-1596,$0,$0,$0,$0,$-10162,$-4228,$-15986,$0,$-15800,$10798,$0,$-1353,$-910,$46727,$39461,$-8910,$0,$0
33,2007-12-31,6.94,$0.00,0.0,$1.37,5.07,0,0.0,$0.15,46.29,$642.94B,$1021.66B,0.63,$118.74B,$55.14B,2.15,$7.97B,$4.05B,50.76%,$7.97B,$1.43B,17.92%,$7.97B,0,0.00%,$7.97B,0,0.00%,$7.97B,$1.43B,17.92%,$7.97B,$0.93B,11.69%,$0.93B,$55.14B,1.87%,$0.93B,$52.73B,1.94%,$0.93B,$1401.73B,0.07%,$1.43B,$173.87B,0.93%,$0,$0,$0,$0,$0,$0,$0,$0,$0,$0,$0,$0,$0,$0,$0,$0,0,$0.00,$0.00,$33417,$0,$0,$642940,$0,$306633,$2401,$442662,$751696,$1401731,$1021661,$118737,$206198,$324935,$1346596,$13869,$14015,$0,$55135,$1401731,$0,$0,$0,$0,$0,$0,$0,$0,$0,$0,$0,$0,$0,$0,$0,$0,$0,$0,$0,$0,$0,$0,$0,$0,$0,$0,$0,$0,$0
34,2007-09-30,8.24,$0.00,0.0,$1.37,6.02,0,0.0,$0.15,54.91,$551.32B,$882.18B,0.63,$102.20B,$49.82B,2.05,$7.97B,$4.05B,50.76%,$7.97B,$1.43B,17.92%,$7.97B,0,0.00%,$7.97B,0,0.00%,$7.97B,$1.43B,17.92%,$7.97B,$0.93B,11.69%,$0.93B,$49.82B,1.95%,$0.93B,$47.79B,2.01%,$0.93B,$1213.70B,0.07%,$1.43B,$152.02B,0.96%,$0,$0,$0,$0,$0,$0,$0,$0,$0,$0,$0,$0,$0,$0,$0,$0,0,$0.00,$0.00,$25879,$0,$0,$551321,$0,$289231,$2027,$364774,$656032,$1213695,$882180,$102203,$179496,$281699,$1163879,$12328,$11928,$0,$49816,$1213695,$0,$0,$0,$0,$0,$0,$0,$0,$0,$0,$0,$0,$0,$0,$0,$0,$0,$0,$0,$0,$0,$0,$0,$0,$0,$0,$0,$0,$0
