,Date,Stock Price,Book Value per Share,Price to Book Ratio,TTM Sales per Share,Price to Sales Ratio,TTM FCF per Share,Price to FCF Ratio,TTM Net EPS,PE Ratio,Current Assets,Current Liabilities,Current Ratio,Long Term Debt,Shareholder's Equity_x,Debt to Equity Ratio,TTM Revenue_x,TTM Gross Profit,Gross Margin,TTM Revenue_y,TTM Operating Income,Operating Margin,TTM Revenue_x,TTM EBIT,EBIT Margin,TTM Revenue_y,TTM EBITDA,EBITDA Margin,TTM Revenue_x,TTM Pre-Tax Income,Pre-Tax Margin,TTM Revenue_y,TTM Net Income_x,Net Margin,TTM Net Income_y,Shareholder's Equity_y,Return on Equity,TTM Net Income_x,Tangible Equity,Return on Tangible Equity,TTM Net Income_y,Total Assets,Return on Assets,TTM Net Income,LT Investments & Debt,Return on Investment,revenue,cost-goods-sold,gross-profit,research-development-expenses,selling-general-administrative-expenses,operating-expenses,operating-income,total-non-operating-income-expense,pre-tax-income,total-provision-income-taxes,income-after-taxes,income-from-continuous-operations,net-income,ebitda,ebit,basic-shares-outstanding,shares-outstanding,eps-basic-net-earnings-per-share,eps-earnings-per-share-diluted,cash-on-hand,inventory,other-current-assets,total-current-assets,net-property-plant-equipment,long-term-investments,goodwill-intangible-assets-total,other-long-term-assets,total-long-term-assets,total-assets,total-current-liabilities,long-term-debt,other-non-current-liabilities,total-long-term-liabilities,total-liabilities,common-stock-net,retained-earnings-accumulated-deficit,comprehensive-income,total-share-holder-equity,total-liabilities-share-holders-equity,net-income-loss,total-depreciation-amortization-cash-flow,other-non-cash-items,total-non-cash-items,change-in-accounts-receivable,change-in-inventories,change-in-accounts-payable,change-in-assets-liabilities,total-change-in-assets-liabilities,cash-flow-from-operating-activities,net-change-in-property-plant-equipment,net-change-in-intangible-assets,net-acquisitions-divestitures,net-change-in-short-term-investments,net-change-in-long-term-investments,net-change-in-investments-total,investing-activities-other,cash-flow-from-investing-activities,net-long-term-debt,net-current-debt,debt-issuance-retirement-net-total,net-common-equity-issued-repurchased,net-total-equity-issued-repurchased,total-common-preferred-stock-dividends-paid,financial-activities-other,cash-flow-from-financial-activities,net-cash-flow,stock-based-compensation,common-stock-dividends-paid
0,2018-09-30,6.65,$11.47,0.58,$3.73,1.78,$3.50,1.9,$-1.08,0.0,$1.21B,$1.13B,1.07,$0.16B,$0.28B,0.56,$0.09B,$0.07B,74.73%,$0.09B,$-0.03B,-30.77%,$0.09B,0,0.00%,$0.09B,0,0.00%,$0.09B,$-0.03B,-30.77%,$0.09B,$-0.03B,-35.16%,$-0.03B,$0.28B,-11.39%,$-0.03B,$0.07B,-18.21%,$-0.03B,$1.57B,-2.94%,$-0.03B,$0.44B,-5.38%,$43,$9,$34,$0,$37,$47,$-4,$0,$-4,$-0,$-4,$-4,$-5,$0,$0,$24,24,$-0.19,$-0.19,$144,$0,$0,$1211,$1,$57,$211,$92,$361,$1571,$1131,$158,$0,$160,$1291,$0,$4,$-0,$280,$1571,$-33,$5,$73,$78,$0,$0,$0,$-4,$-4,$42,$0,$0,$0,$0,$-6,$-6,$-16,$-22,$83,$0,$83,$0,$0,$-0,$-1,$81,$101,$0,$-0
1,2018-06-30,5.48,$11.66,0.47,$2.20,2.49,$2.51,2.18,$-1.05,0.0,$1.17B,$1.08B,1.09,$0.15B,$0.29B,0.53,$0.05B,$0.04B,66.67%,$0.05B,$-0.03B,-48.15%,$0.05B,0,0.00%,$0.05B,0,0.00%,$0.05B,$-0.03B,-48.15%,$0.05B,$-0.03B,-48.15%,$-0.03B,$0.29B,-9.22%,$-0.03B,$0.07B,-11.34%,$-0.03B,$1.54B,-3.02%,$-0.03B,$0.44B,-4.61%,$38,$8,$30,$0,$47,$55,$-18,$0,$-18,$-4,$-14,$-14,$-15,$0,$0,$24,24,$-0.60,$-0.60,$36,$0,$0,$1172,$1,$55,$211,$92,$363,$1535,$1080,$150,$19,$169,$1250,$0,$9,$-0,$285,$1535,$-29,$2,$54,$56,$0,$0,$-0,$-2,$-3,$25,$0,$0,$0,$0,$-4,$-4,$-71,$-75,$44,$0,$44,$0,$0,$-0,$-1,$43,$-7,$0,$-0
2,2018-03-31,4.65,$11.15,0.42,$0.81,5.72,$2.22,2.1,$-0.65,0.0,$0.27B,$0.01B,36.88,$0.32B,$0.27B,1.18,$0.02B,$0.01B,30.00%,$0.02B,$-0.01B,-55.00%,$0.02B,0,0.00%,$0.02B,0,0.00%,$0.02B,$-0.01B,-55.00%,$0.02B,$-0.02B,-80.00%,$-0.02B,$0.27B,-5.68%,$-0.02B,$0.27B,-5.68%,$-0.02B,$0.62B,-2.49%,$-0.01B,$0.59B,-1.80%,$4,$4,$1,$0,$4,$8,$-4,$0,$-4,$-0,$-3,$-3,$-15,$0,$0,$24,24,$-0.62,$-0.62,$11,$0,$0,$266,$0,$346,$0,$4,$351,$617,$7,$321,$0,$337,$344,$0,$0,$23,$272,$617,$-15,$0,$50,$50,$0,$0,$-0,$-29,$-30,$5,$0,$0,$0,$0,$0,$0,$0,$0,$-7,$0,$-7,$0,$0,$-0,$0,$-7,$-2,$0,$-0
3,2017-12-31,3.53,$11.80,0.3,$0.82,4.3,$2.65,1.33,$0.02,176.5,$0.31B,$0.01B,37.99,$0.33B,$0.29B,1.14,$0.02B,$0.01B,30.00%,$0.02B,$-0.01B,-40.00%,$0.02B,0,0.00%,$0.02B,0,0.00%,$0.02B,$-0.01B,-40.00%,$0.02B,0,0.00%,$0.00B,$0.29B,0.00%,$0.00B,$0.29B,0.00%,$0.00B,$0.64B,0.00%,$-0.01B,$0.62B,-1.30%,$6,$3,$3,$0,$4,$8,$-2,$0,$-2,$1,$-3,$-3,$3,$0,$0,$24,24,$0.13,$0.13,$13,$0,$0,$312,$0,$319,$0,$4,$324,$636,$8,$328,$0,$340,$348,$0,$0,$38,$287,$636,$0,$1,$21,$22,$0,$0,$1,$-9,$-9,$13,$0,$0,$0,$0,$0,$0,$0,$0,$-21,$0,$-21,$0,$0,$-0,$0,$-22,$-8,$1,$-0
4,2017-09-30,2.17,$11.68,0.19,$0.78,2.77,$4.65,0.47,$0.17,12.76,$0.33B,$0.01B,40.54,$0.33B,$0.28B,1.16,$0.02B,$0.01B,26.32%,$0.02B,$-0.01B,-47.37%,$0.02B,0,0.00%,$0.02B,0,0.00%,$0.02B,$-0.01B,-73.68%,$0.02B,$0.00B,21.05%,$0.00B,$0.28B,1.40%,$0.00B,$0.28B,1.40%,$0.00B,$0.66B,0.60%,$-0.01B,$0.61B,-1.45%,$6,$4,$2,$0,$4,$7,$-2,$0,$-2,$1,$-2,$-2,$1,$0,$0,$24,24,$0.03,$0.03,$19,$0,$0,$327,$0,$323,$0,$5,$328,$655,$8,$330,$0,$364,$372,$0,$0,$35,$284,$655,$-3,$0,$19,$20,$0,$0,$0,$1,$1,$17,$0,$0,$0,$0,$0,$0,$0,$0,$-19,$0,$-19,$0,$0,$-0,$0,$-19,$-2,$1,$-0
5,2017-06-30,2.39,$11.65,0.21,$0.78,3.08,$6.42,0.37,$0.35,6.83,$0.33B,$0.01B,46.17,$0.33B,$0.28B,1.18,$0.02B,$0.01B,27.78%,$0.02B,$-0.01B,-55.56%,$0.02B,0,0.00%,$0.02B,0,0.00%,$0.02B,$-0.02B,-83.33%,$0.02B,$0.01B,44.44%,$0.01B,$0.28B,2.81%,$0.01B,$0.28B,2.83%,$0.01B,$0.66B,1.20%,$-0.01B,$0.62B,-1.59%,$4,$3,$0,$0,$4,$7,$-3,$0,$-3,$-2,$-1,$-1,$-5,$0,$0,$24,24,$-0.20,$-0.20,$22,$0,$0,$334,$0,$322,$0,$5,$327,$661,$7,$333,$0,$371,$379,$0,$0,$34,$283,$661,$-4,$0,$21,$22,$0,$0,$0,$0,$-1,$17,$0,$0,$0,$0,$0,$0,$0,$0,$-16,$0,$-16,$0,$0,$-0,$0,$-16,$1,$0,$-0
6,2017-03-31,1.98,$11.91,0.17,$0.86,2.31,$4.82,0.41,$0.74,2.68,$0.35B,$0.01B,48.37,$0.34B,$0.29B,1.18,$0.02B,$0.01B,35.00%,$0.02B,$-0.01B,-40.00%,$0.02B,0,0.00%,$0.02B,0,0.00%,$0.02B,$-0.01B,-65.00%,$0.02B,$0.02B,90.00%,$0.02B,$0.29B,6.36%,$0.02B,$0.29B,6.42%,$0.02B,$0.68B,2.63%,$-0.01B,$0.63B,-1.22%,$4,$3,$1,$0,$2,$6,$-1,$0,$-1,$-1,$-0,$-0,$1,$0,$0,$24,24,$0.05,$0.05,$26,$0,$0,$351,$0,$320,$0,$5,$326,$677,$7,$338,$0,$382,$389,$0,$0,$39,$287,$677,$1,$0,$23,$23,$-0,$0,$-0,$-8,$-9,$16,$0,$0,$0,$0,$0,$0,$0,$0,$-11,$0,$-11,$0,$0,$-0,$0,$-11,$5,$0,$-0
7,2016-12-31,3.02,$11.91,0.25,$1.05,2.87,$3.58,0.84,$0.97,3.11,$0.37B,$0.01B,44.8,$0.35B,$0.29B,1.22,$0.03B,$0.01B,48.00%,$0.03B,$-0.01B,-20.00%,$0.03B,0,0.00%,$0.03B,0,0.00%,$0.03B,$-0.01B,-40.00%,$0.03B,$0.02B,96.00%,$0.02B,$0.29B,8.54%,$0.02B,$0.29B,8.66%,$0.02B,$0.69B,3.47%,$-0.01B,$0.64B,-0.74%,$5,$3,$2,$0,$5,$8,$-3,$0,$-8,$0,$2,$2,$7,$0,$0,$24,24,$0.29,$0.29,$21,$0,$0,$372,$0,$311,$0,$6,$317,$689,$8,$349,$0,$395,$403,$0,$0,$38,$286,$689,$24,$6,$160,$165,$0,$0,$2,$-129,$-127,$62,$0,$0,$0,$0,$0,$0,$0,$0,$-55,$0,$-55,$-2,$-2,$-15,$0,$-72,$-10,$1,$-15
8,2016-09-30,4.16,$11.61,0.36,$1.22,3.41,$-0.80,0.0,$0.96,4.33,$0.40B,$0.01B,48.67,$0.35B,$0.28B,1.25,$0.03B,$0.02B,58.62%,$0.03B,$0.00B,3.45%,$0.03B,0,0.00%,$0.03B,0,0.00%,$0.03B,$0.00B,3.45%,$0.03B,$0.02B,82.76%,$0.02B,$0.28B,8.60%,$0.02B,$0.28B,8.76%,$0.02B,$0.64B,3.47%,$0.00B,$0.63B,0.15%,$5,$3,$2,$0,$5,$8,$-3,$0,$-3,$0,$-3,$-3,$5,$0,$0,$24,24,$0.21,$0.21,$25,$0,$0,$395,$0,$235,$5,$6,$246,$641,$8,$352,$0,$352,$360,$0,$0,$32,$281,$641,$16,$0,$85,$85,$0,$0,$1,$-43,$-41,$60,$0,$0,$0,$0,$0,$0,$0,$0,$-52,$0,$-52,$-1,$-1,$-13,$0,$-67,$-6,$0,$-13
9,2016-06-30,7.21,$11.41,0.63,$1.44,5.0,$-4.04,0.0,$1.05,6.86,$0.43B,$0.01B,67.11,$0.45B,$0.28B,1.61,$0.04B,$0.02B,65.71%,$0.04B,$0.01B,22.86%,$0.04B,0,0.00%,$0.04B,0,0.00%,$0.04B,$0.01B,22.86%,$0.04B,$0.03B,74.29%,$0.03B,$0.28B,9.35%,$0.03B,$0.27B,9.52%,$0.03B,$0.73B,3.73%,$0.01B,$0.72B,1.16%,$6,$3,$2,$0,$4,$7,$-1,$0,$-1,$0,$-1,$-1,$5,$0,$0,$24,24,$0.19,$0.19,$40,$0,$0,$426,$0,$293,$5,$7,$305,$731,$6,$447,$0,$447,$453,$0,$0,$28,$278,$731,$11,$0,$-15,$-14,$0,$0,$1,$-18,$-18,$-21,$0,$0,$0,$0,$0,$0,$0,$0,$42,$0,$42,$0,$0,$-12,$0,$30,$9,$0,$-12
10,2016-03-31,8.73,$11.46,0.76,$1.65,5.3,$-2.95,0.0,$1.19,7.33,$0.42B,$0.01B,40.23,$0.42B,$0.28B,1.5,$0.04B,$0.03B,75.00%,$0.04B,$0.01B,32.50%,$0.04B,0,0.00%,$0.04B,0,0.00%,$0.04B,$0.01B,32.50%,$0.04B,$0.03B,72.50%,$0.03B,$0.28B,10.44%,$0.03B,$0.27B,10.63%,$0.03B,$0.71B,4.29%,$0.01B,$0.70B,1.94%,$9,$3,$6,$0,$4,$7,$2,$0,$2,$0,$2,$2,$7,$0,$0,$24,24,$0.28,$0.28,$31,$0,$0,$418,$0,$281,$5,$4,$290,$708,$10,$419,$0,$419,$429,$0,$0,$30,$279,$708,$7,$0,$-14,$-14,$0,$0,$-0,$-5,$-7,$-14,$0,$0,$0,$0,$0,$0,$0,$0,$14,$0,$14,$0,$0,$-0,$0,$14,$-0,$0,$-0
11,2015-12-31,6.48,$11.42,0.57,$1.76,3.69,$-1.84,0.0,$1.20,5.4,$0.42B,$0.01B,65.75,$0.41B,$0.28B,1.46,$0.04B,$0.03B,79.07%,$0.04B,$0.02B,37.21%,$0.04B,0,0.00%,$0.04B,0,0.00%,$0.04B,$0.02B,37.21%,$0.04B,$0.03B,67.44%,$0.03B,$0.28B,10.47%,$0.03B,$0.27B,10.66%,$0.03B,$0.69B,4.42%,$0.02B,$0.68B,2.46%,$9,$2,$7,$0,$4,$6,$3,$0,$3,$0,$3,$3,$7,$0,$0,$24,24,$0.29,$0.28,$31,$0,$0,$422,$0,$217,$5,$45,$267,$689,$6,$405,$0,$405,$411,$0,$0,$29,$278,$689,$29,$0,$-51,$-51,$-0,$0,$-1,$-20,$-23,$-45,$0,$0,$0,$0,$0,$0,$0,$0,$56,$0,$56,$-3,$-3,$-24,$0,$28,$-16,$1,$-24
12,2015-09-30,6.78,$11.37,0.6,$1.81,3.75,$-0.41,0.0,$1.24,5.47,$0.42B,$0.01B,65.04,$0.38B,$0.28B,1.37,$0.05B,$0.04B,80.00%,$0.05B,$0.02B,35.56%,$0.05B,0,0.00%,$0.05B,0,0.00%,$0.05B,$0.02B,35.56%,$0.05B,$0.03B,66.67%,$0.03B,$0.28B,10.86%,$0.03B,$0.27B,11.06%,$0.03B,$0.66B,4.67%,$0.02B,$0.66B,2.51%,$11,$2,$8,$0,$4,$7,$4,$0,$4,$0,$4,$4,$7,$0,$0,$24,24,$0.30,$0.30,$37,$0,$0,$420,$0,$190,$5,$47,$242,$661,$6,$378,$0,$378,$384,$0,$0,$28,$277,$661,$22,$0,$-20,$-20,$0,$0,$-1,$-18,$-21,$-18,$0,$0,$0,$0,$0,$0,$0,$0,$29,$0,$29,$-3,$-3,$-18,$0,$8,$-10,$1,$-18
13,2015-06-30,7.25,$11.26,0.64,$1.82,3.98,$1.28,5.66,$1.21,5.99,$0.44B,$0.01B,70.81,$0.36B,$0.28B,1.3,$0.05B,$0.04B,80.43%,$0.05B,$0.02B,36.96%,$0.05B,0,0.00%,$0.05B,0,0.00%,$0.05B,$0.02B,36.96%,$0.05B,$0.03B,65.22%,$0.03B,$0.28B,10.85%,$0.03B,$0.27B,11.05%,$0.03B,$0.64B,4.74%,$0.02B,$0.64B,2.72%,$11,$2,$9,$0,$4,$7,$4,$0,$4,$0,$4,$4,$8,$0,$0,$24,25,$0.33,$0.33,$51,$0,$0,$437,$0,$158,$5,$44,$207,$644,$6,$361,$0,$361,$367,$0,$0,$27,$277,$644,$15,$0,$-0,$-0,$-0,$0,$-0,$-7,$-10,$5,$0,$0,$0,$0,$0,$0,$0,$0,$12,$0,$12,$-1,$-1,$-12,$0,$-1,$4,$1,$-12
14,2015-03-31,7.86,$11.16,0.7,$1.77,4.43,$1.27,6.21,$1.16,6.78,$0.44B,$0.00B,108.54,$0.35B,$0.28B,1.28,$0.05B,$0.04B,80.00%,$0.05B,$0.02B,37.78%,$0.05B,0,0.00%,$0.05B,0,0.00%,$0.05B,$0.02B,37.78%,$0.05B,$0.03B,64.44%,$0.03B,$0.28B,10.49%,$0.03B,$0.27B,10.68%,$0.03B,$0.63B,4.65%,$0.02B,$0.63B,2.75%,$12,$2,$10,$0,$5,$7,$5,$0,$5,$0,$5,$5,$7,$0,$0,$24,25,$0.29,$0.29,$58,$0,$0,$444,$0,$136,$5,$48,$189,$633,$4,$353,$0,$353,$357,$0,$0,$25,$276,$633,$7,$0,$8,$8,$-0,$0,$-1,$3,$-2,$13,$0,$0,$0,$0,$0,$0,$0,$0,$5,$0,$5,$-0,$-0,$-6,$0,$-2,$11,$0,$-6
15,2014-12-31,8.3,$11.16,0.74,$1.66,5.01,$0.64,13.03,$1.14,7.28,$0.43B,$0.01B,48.87,$0.35B,$0.28B,1.27,$0.04B,$0.03B,78.57%,$0.04B,$0.02B,35.71%,$0.04B,0,0.00%,$0.04B,0,0.00%,$0.04B,$0.02B,35.71%,$0.04B,$0.03B,69.05%,$0.03B,$0.28B,10.50%,$0.03B,$0.27B,10.69%,$0.03B,$0.63B,4.72%,$0.02B,$0.62B,2.47%,$11,$2,$9,$0,$6,$8,$3,$0,$3,$0,$3,$3,$8,$0,$0,$25,25,$0.32,$0.32,$47,$0,$0,$431,$0,$145,$5,$51,$201,$632,$9,$349,$0,$349,$358,$0,$0,$24,$275,$632,$29,$0,$-35,$-35,$-0,$0,$1,$-6,$-4,$-10,$0,$0,$0,$0,$0,$0,$0,$0,$34,$0,$34,$-5,$-5,$-24,$0,$5,$-5,$1,$-24
16,2014-09-30,9.47,$11.05,0.86,$1.68,5.63,$1.71,5.53,$1.11,8.53,$0.43B,$0.01B,67.01,$0.34B,$0.28B,1.21,$0.04B,$0.03B,78.05%,$0.04B,$0.02B,39.02%,$0.04B,0,0.00%,$0.04B,0,0.00%,$0.04B,$0.02B,39.02%,$0.04B,$0.03B,68.29%,$0.03B,$0.28B,10.15%,$0.03B,$0.27B,10.34%,$0.03B,$0.62B,4.63%,$0.02B,$0.61B,2.67%,$12,$2,$9,$0,$4,$6,$5,$0,$5,$0,$5,$5,$7,$0,$0,$25,25,$0.27,$0.27,$58,$0,$0,$427,$0,$136,$5,$52,$193,$620,$6,$336,$0,$336,$342,$0,$0,$22,$278,$620,$21,$0,$2,$2,$-0,$0,$0,$1,$1,$24,$-0,$0,$0,$0,$-21,$-21,$0,$-21,$21,$0,$21,$1,$1,$-18,$-0,$4,$6,$1,$-18
17,2014-06-30,9.91,$11.01,0.9,$1.66,5.98,$1.11,8.95,$1.13,8.77,$0.41B,$0.01B,75.89,$0.33B,$0.28B,1.19,$0.04B,$0.03B,79.49%,$0.04B,$0.02B,38.46%,$0.04B,0,0.00%,$0.04B,0,0.00%,$0.04B,$0.02B,38.46%,$0.04B,$0.03B,69.23%,$0.03B,$0.28B,10.28%,$0.03B,$0.27B,10.48%,$0.03B,$0.61B,4.55%,$0.02B,$0.61B,2.56%,$10,$2,$8,$0,$4,$6,$4,$0,$4,$0,$4,$4,$7,$0,$0,$25,25,$0.29,$0.28,$32,$0,$0,$409,$0,$131,$5,$65,$201,$611,$5,$328,$0,$328,$334,$0,$0,$21,$277,$611,$14,$0,$-0,$0,$-0,$0,$0,$-8,$-9,$5,$-0,$0,$0,$0,$-28,$-28,$0,$-28,$13,$0,$13,$1,$1,$-12,$-0,$2,$-21,$1,$-12
18,2014-03-31,10.32,$10.95,0.94,$1.62,6.38,$1.09,9.47,$1.13,9.14,$0.41B,$0.00B,101.37,$0.32B,$0.28B,1.15,$0.04B,$0.03B,78.38%,$0.04B,$0.01B,35.14%,$0.04B,0,0.00%,$0.04B,0,0.00%,$0.04B,$0.01B,35.14%,$0.04B,$0.03B,70.27%,$0.03B,$0.28B,10.43%,$0.03B,$0.27B,10.64%,$0.03B,$0.60B,4.46%,$0.01B,$0.59B,2.25%,$9,$2,$7,$0,$4,$6,$3,$0,$3,$0,$3,$3,$7,$0,$0,$25,25,$0.27,$0.27,$34,$0,$0,$405,$0,$117,$5,$68,$190,$595,$4,$316,$0,$316,$320,$0,$0,$20,$275,$595,$7,$0,$-1,$-0,$0,$0,$-0,$-7,$-9,$-3,$0,$0,$0,$0,$-11,$-11,$0,$-11,$1,$0,$1,$0,$0,$-6,$-0,$-5,$-19,$0,$-6
19,2013-12-31,11.03,$10.95,1.01,$1.64,6.72,$1.18,9.38,$1.16,9.51,$0.41B,$0.01B,62.29,$0.32B,$0.27B,1.15,$0.04B,$0.03B,75.68%,$0.04B,$0.01B,32.43%,$0.04B,0,0.00%,$0.04B,0,0.00%,$0.04B,$0.01B,32.43%,$0.04B,$0.03B,67.57%,$0.03B,$0.27B,10.62%,$0.03B,$0.27B,10.85%,$0.03B,$0.60B,4.38%,$0.01B,$0.59B,2.13%,$10,$2,$8,$0,$5,$7,$4,$0,$4,$0,$4,$4,$7,$0,$0,$22,22,$0.30,$0.29,$52,$0,$0,$411,$0,$115,$5,$63,$184,$595,$7,$315,$0,$315,$322,$0,$0,$19,$273,$595,$26,$1,$-7,$-6,$0,$0,$-0,$-7,$-5,$15,$-0,$0,$0,$0,$-12,$-12,$0,$-12,$-8,$0,$-8,$49,$49,$-20,$0,$22,$25,$1,$-20
20,2013-09-30,11.28,$10.25,1.1,$1.65,6.82,$0.98,11.48,$1.17,9.64,$0.39B,$0.01B,62.32,$0.34B,$0.23B,1.5,$0.04B,$0.03B,75.00%,$0.04B,$0.01B,33.33%,$0.04B,0,0.00%,$0.04B,0,0.00%,$0.04B,$0.01B,33.33%,$0.04B,$0.03B,69.44%,$0.03B,$0.23B,11.30%,$0.03B,$0.22B,11.56%,$0.03B,$0.57B,4.48%,$0.01B,$0.56B,2.17%,$10,$2,$8,$0,$3,$5,$4,$0,$4,$0,$4,$4,$6,$0,$0,$22,22,$0.29,$0.29,$35,$0,$0,$391,$1,$109,$5,$66,$180,$571,$6,$338,$0,$338,$345,$0,$0,$17,$226,$571,$19,$1,$-6,$-5,$0,$0,$-1,$-9,$-7,$8,$-0,$0,$0,$0,$-4,$-4,$0,$-4,$16,$0,$16,$4,$4,$-14,$0,$5,$8,$1,$-14
21,2013-06-30,10.39,$10.17,1.02,$1.56,6.65,$0.87,11.89,$1.19,8.73,$0.40B,$0.01B,69.34,$0.34B,$0.22B,1.53,$0.03B,$0.02B,72.73%,$0.03B,$0.01B,27.27%,$0.03B,0,0.00%,$0.03B,0,0.00%,$0.03B,$0.01B,27.27%,$0.03B,$0.03B,78.79%,$0.03B,$0.22B,11.91%,$0.03B,$0.22B,12.19%,$0.03B,$0.57B,4.78%,$0.01B,$0.57B,1.67%,$8,$2,$6,$0,$4,$6,$2,$0,$2,$0,$2,$2,$6,$0,$0,$22,22,$0.29,$0.28,$41,$0,$0,$396,$1,$107,$5,$63,$176,$572,$6,$343,$0,$343,$348,$0,$0,$16,$223,$572,$13,$1,$-6,$-5,$0,$0,$-0,$-5,$-4,$4,$-0,$0,$0,$0,$-3,$-3,$0,$-3,$20,$0,$20,$3,$3,$-10,$0,$13,$15,$1,$-10
22,2013-03-31,9.74,$10.08,0.97,$1.64,5.96,$0.84,11.66,$1.21,8.05,$0.37B,$0.00B,85.87,$0.32B,$0.22B,1.45,$0.03B,$0.02B,69.70%,$0.03B,$0.01B,27.27%,$0.03B,0,0.00%,$0.03B,0,0.00%,$0.03B,$0.01B,27.27%,$0.03B,$0.03B,78.79%,$0.03B,$0.22B,12.06%,$0.03B,$0.22B,12.35%,$0.03B,$0.54B,4.92%,$0.01B,$0.54B,1.72%,$9,$2,$6,$0,$4,$6,$2,$0,$2,$0,$2,$2,$6,$0,$0,$21,22,$0.30,$0.30,$21,$0,$0,$373,$1,$104,$5,$61,$171,$544,$4,$320,$0,$320,$324,$0,$0,$14,$220,$544,$6,$0,$-3,$-2,$-0,$0,$-1,$-5,$-5,$-1,$-0,$0,$0,$0,$1,$1,$0,$1,$-3,$0,$-3,$2,$2,$-5,$0,$-6,$-5,$0,$-5
23,2012-12-31,8.51,$9.99,0.85,$1.70,5.01,$0.86,9.85,$1.21,7.03,$0.38B,$0.00B,86.62,$0.32B,$0.22B,1.49,$0.03B,$0.02B,68.75%,$0.03B,$0.01B,28.13%,$0.03B,0,0.00%,$0.03B,0,0.00%,$0.03B,$0.01B,28.13%,$0.03B,$0.03B,78.13%,$0.03B,$0.22B,12.25%,$0.03B,$0.21B,12.56%,$0.03B,$0.54B,4.78%,$0.01B,$0.54B,1.74%,$9,$2,$7,$0,$3,$5,$4,$0,$4,$0,$4,$4,$7,$0,$0,$20,20,$0.30,$0.30,$27,$0,$0,$379,$1,$104,$5,$55,$164,$543,$4,$323,$0,$323,$327,$0,$0,$13,$216,$543,$25,$1,$-7,$-6,$0,$0,$-0,$-6,$-9,$10,$-0,$0,$0,$0,$3,$3,$0,$3,$-35,$0,$-35,$36,$36,$-16,$0,$-16,$-2,$1,$-16
24,2012-09-30,8.4,$9.96,0.84,$1.88,4.47,$0.90,9.36,$1.23,6.83,$0.35B,$0.01B,62.63,$0.30B,$0.21B,1.38,$0.03B,$0.02B,67.65%,$0.03B,$0.01B,29.41%,$0.03B,0,0.00%,$0.03B,0,0.00%,$0.03B,$0.01B,29.41%,$0.03B,$0.02B,70.59%,$0.02B,$0.21B,12.44%,$0.02B,$0.21B,12.78%,$0.02B,$0.52B,4.60%,$0.01B,$0.51B,1.94%,$7,$3,$5,$0,$4,$6,$1,$0,$1,$0,$1,$1,$7,$0,$0,$21,22,$0.31,$0.31,$15,$0,$0,$354,$1,$100,$5,$54,$160,$515,$6,$295,$0,$295,$301,$0,$0,$11,$214,$515,$18,$1,$-6,$-5,$0,$0,$-1,$-6,$-8,$5,$-0,$0,$0,$0,$19,$19,$0,$19,$-62,$0,$-62,$36,$36,$-12,$0,$-39,$-15,$1,$-12
25,2012-06-30,7.42,$9.87,0.75,$2.00,3.71,$1.02,7.29,$1.19,6.23,$0.36B,$0.01B,60.28,$0.30B,$0.21B,1.39,$0.04B,$0.02B,65.71%,$0.04B,$0.01B,28.57%,$0.04B,0,0.00%,$0.04B,0,0.00%,$0.04B,$0.01B,28.57%,$0.04B,$0.02B,62.86%,$0.02B,$0.21B,12.12%,$0.02B,$0.21B,12.50%,$0.02B,$0.51B,4.20%,$0.01B,$0.51B,1.93%,$8,$3,$5,$0,$4,$7,$2,$0,$2,$0,$2,$2,$6,$0,$0,$19,20,$0.31,$0.30,$26,$0,$0,$359,$0,$94,$5,$53,$153,$512,$6,$295,$0,$295,$301,$0,$0,$9,$212,$512,$11,$1,$-4,$-3,$0,$0,$-0,$-4,$-6,$3,$-0,$0,$0,$0,$29,$29,$0,$29,$-63,$0,$-63,$36,$36,$-7,$0,$-35,$-3,$0,$-7
26,2012-03-31,7.65,$9.71,0.79,$2.07,3.7,$1.15,6.67,$1.14,6.71,$0.37B,$0.01B,76.58,$0.34B,$0.17B,1.97,$0.04B,$0.02B,63.89%,$0.04B,$0.01B,25.00%,$0.04B,0,0.00%,$0.04B,0,0.00%,$0.04B,$0.01B,25.00%,$0.04B,$0.02B,55.56%,$0.02B,$0.17B,11.76%,$0.02B,$0.17B,12.16%,$0.02B,$0.52B,3.77%,$0.01B,$0.52B,1.72%,$8,$3,$5,$0,$3,$7,$2,$0,$2,$0,$2,$2,$5,$0,$0,$18,18,$0.31,$0.30,$25,$0,$0,$373,$1,$94,$5,$51,$150,$523,$5,$344,$0,$344,$348,$0,$0,$7,$174,$523,$5,$1,$-2,$-1,$0,$0,$-1,$-1,$-4,$0,$-0,$0,$0,$0,$12,$12,$0,$12,$-14,$0,$-14,$1,$1,$-4,$0,$-17,$-5,$0,$-4
27,2011-12-31,7.67,$9.68,0.79,$2.18,3.52,$1.25,6.12,$1.08,7.1,$0.39B,$0.01B,50.57,$0.36B,$0.17B,2.09,$0.04B,$0.03B,65.79%,$0.04B,$0.01B,26.32%,$0.04B,0,0.00%,$0.04B,0,0.00%,$0.04B,$0.01B,26.32%,$0.04B,$0.02B,50.00%,$0.02B,$0.17B,11.34%,$0.02B,$0.17B,11.73%,$0.02B,$0.54B,3.56%,$0.01B,$0.53B,1.90%,$11,$3,$8,$0,$3,$6,$5,$0,$5,$0,$5,$5,$6,$0,$0,$17,18,$0.32,$0.33,$29,$0,$0,$392,$0,$91,$5,$49,$145,$537,$8,$358,$0,$358,$366,$0,$0,$5,$172,$537,$19,$1,$-1,$1,$0,$0,$-0,$-12,$-11,$9,$-0,$0,$0,$0,$36,$36,$0,$36,$-23,$0,$-23,$2,$2,$-12,$0,$-33,$12,$0,$-12
28,2011-09-30,6.16,$9.59,0.64,$2.06,2.99,$1.10,5.63,$1.02,6.04,$0.38B,$0.01B,54.97,$0.35B,$0.17B,2.09,$0.04B,$0.02B,63.89%,$0.04B,$0.01B,19.44%,$0.04B,0,0.00%,$0.04B,0,0.00%,$0.04B,$0.01B,19.44%,$0.04B,$0.02B,50.00%,$0.02B,$0.17B,10.89%,$0.02B,$0.16B,11.25%,$0.02B,$0.52B,3.35%,$0.01B,$0.52B,1.32%,$8,$3,$5,$0,$3,$7,$1,$0,$1,$0,$1,$1,$5,$0,$0,$17,18,$0.28,$0.27,$19,$0,$0,$383,$1,$90,$5,$46,$141,$524,$7,$350,$0,$350,$357,$0,$0,$2,$168,$524,$14,$1,$-1,$-0,$0,$0,$-1,$-7,$-7,$7,$-0,$0,$0,$0,$35,$35,$0,$35,$-31,$0,$-31,$-0,$-0,$-9,$0,$-40,$2,$0,$-9
29,2011-06-30,6.34,$9.49,0.67,$2.22,2.86,$1.01,6.29,$0.95,6.67,$0.40B,$0.01B,53.63,$0.37B,$0.17B,2.2,$0.04B,$0.03B,64.10%,$0.04B,$0.01B,20.51%,$0.04B,0,0.00%,$0.04B,0,0.00%,$0.04B,$0.01B,20.51%,$0.04B,$0.02B,41.03%,$0.02B,$0.17B,9.79%,$0.02B,$0.16B,10.09%,$0.02B,$0.54B,2.95%,$0.01B,$0.53B,1.50%,$9,$3,$5,$0,$4,$7,$1,$0,$1,$0,$1,$1,$4,$0,$0,$17,18,$0.25,$0.25,$23,$0,$0,$402,$0,$87,$5,$44,$137,$539,$7,$365,$0,$365,$373,$0,$0,$1,$166,$539,$9,$1,$-1,$0,$0,$0,$-0,$-4,$-4,$5,$-0,$0,$0,$0,$21,$21,$0,$21,$-15,$0,$-15,$0,$0,$-6,$0,$-21,$5,$0,$-6
30,2011-03-31,5.61,$9.41,0.6,$2.31,2.42,$0.95,5.94,$0.87,6.45,$0.40B,$0.01B,60.33,$0.37B,$0.16B,2.22,$0.04B,$0.03B,65.85%,$0.04B,$0.01B,24.39%,$0.04B,0,0.00%,$0.04B,0,0.00%,$0.04B,$0.01B,24.39%,$0.04B,$0.02B,36.59%,$0.02B,$0.16B,9.24%,$0.02B,$0.16B,9.54%,$0.02B,$0.54B,2.75%,$0.01B,$0.53B,1.86%,$10,$4,$7,$0,$4,$7,$3,$0,$3,$0,$3,$3,$4,$0,$0,$17,18,$0.25,$0.24,$16,$0,$0,$403,$0,$85,$5,$43,$134,$536,$7,$365,$0,$365,$372,$0,$0,$-1,$164,$536,$4,$0,$0,$1,$0,$0,$-1,$-3,$-3,$2,$0,$0,$0,$0,$15,$15,$0,$15,$-15,$0,$-15,$0,$0,$-3,$0,$-18,$-1,$0,$-3
31,2010-12-31,5.14,$9.35,0.55,$2.31,2.22,$0.82,6.26,$0.76,6.76,$0.42B,$0.01B,59.69,$0.38B,$0.16B,2.34,$0.04B,$0.03B,65.85%,$0.04B,$0.01B,21.95%,$0.04B,0,0.00%,$0.04B,0,0.00%,$0.04B,$0.01B,21.95%,$0.04B,$0.01B,26.83%,$0.01B,$0.16B,6.81%,$0.01B,$0.16B,7.04%,$0.01B,$0.55B,2.03%,$0.01B,$0.54B,1.68%,$9,$3,$6,$0,$4,$7,$2,$0,$2,$0,$2,$2,$5,$0,$0,$18,18,$0.26,$0.26,$17,$0,$0,$419,$0,$84,$5,$43,$132,$550,$7,$381,$0,$381,$388,$0,$0,$-2,$163,$550,$11,$1,$11,$12,$0,$0,$-0,$-15,$-17,$7,$-0,$0,$0,$0,$-9,$-9,$0,$-9,$-2,$0,$-2,$-1,$-1,$-11,$0,$-14,$-16,$0,$-11
32,2010-09-30,4.8,$9.23,0.52,$2.39,2.01,$1.01,4.74,$0.62,7.73,$0.42B,$0.01B,57.09,$0.37B,$0.16B,2.33,$0.04B,$0.03B,65.12%,$0.04B,$0.01B,20.93%,$0.04B,0,0.00%,$0.04B,0,0.00%,$0.04B,$0.01B,20.93%,$0.04B,0,0.00%,$0.00B,$0.16B,0.00%,$0.00B,$0.16B,0.00%,$0.00B,$0.54B,0.00%,$0.01B,$0.53B,1.68%,$11,$4,$7,$0,$5,$9,$2,$0,$2,$0,$2,$2,$3,$0,$0,$17,18,$0.20,$0.20,$22,$0,$0,$416,$0,$79,$5,$41,$126,$542,$7,$374,$0,$374,$381,$0,$0,$-4,$161,$542,$7,$1,$12,$13,$0,$0,$-1,$-12,$-15,$5,$-0,$0,$0,$0,$1,$1,$0,$1,$-9,$0,$-9,$-1,$-1,$-8,$0,$-18,$-12,$0,$-8
33,2010-06-30,3.98,$9.16,0.43,$2.40,1.66,$1.08,3.67,$0.58,6.86,$0.43B,$0.01B,54.92,$0.38B,$0.16B,2.38,$0.04B,$0.03B,65.12%,$0.04B,$0.01B,20.93%,$0.04B,0,0.00%,$0.04B,0,0.00%,$0.04B,$0.01B,20.93%,$0.04B,0,0.00%,$0.00B,$0.16B,0.00%,$0.00B,$0.16B,0.00%,$0.00B,$0.55B,0.00%,$0.01B,$0.54B,1.65%,$11,$4,$7,$0,$4,$8,$3,$0,$3,$0,$3,$3,$3,$0,$0,$18,18,$0.17,$0.17,$21,$0,$0,$427,$0,$77,$5,$41,$123,$551,$8,$382,$0,$382,$390,$0,$0,$-5,$161,$551,$3,$0,$11,$12,$0,$0,$-0,$-9,$-11,$4,$-0,$0,$0,$0,$-10,$-10,$0,$-10,$-0,$0,$-0,$-0,$-0,$-5,$0,$-6,$-13,$0,$-5
34,2010-03-31,4.71,$9.13,0.52,$2.45,1.92,$1.02,4.6,$0.52,9.05,$0.41B,$0.01B,60.91,$0.36B,$0.16B,2.25,$0.04B,$0.03B,65.12%,$0.04B,$0.01B,18.60%,$0.04B,0,0.00%,$0.04B,0,0.00%,$0.04B,$0.01B,18.60%,$0.04B,$-0.00B,-2.33%,$-0.00B,$0.16B,-0.60%,$-0.00B,$0.16B,-0.62%,$-0.00B,$0.53B,-0.18%,$0.01B,$0.52B,1.43%,$10,$4,$7,$0,$4,$8,$2,$0,$2,$0,$2,$2,$0,$0,$0,$18,18,$0.01,$0.01,$20,$0,$0,$407,$0,$76,$5,$41,$122,$528,$7,$361,$0,$361,$368,$0,$0,$-6,$161,$528,$0,$0,$10,$10,$-0,$0,$-1,$-7,$-10,$-0,$-0,$0,$0,$0,$11,$11,$0,$11,$-21,$0,$-21,$0,$0,$-3,$0,$-24,$-14,$0,$-3
35,2009-12-31,4.74,$9.27,0.51,$2.53,1.87,$0.92,5.14,$0.50,9.49,$0.44B,$0.01B,44.95,$0.38B,$0.16B,2.35,$0.04B,$0.03B,63.64%,$0.04B,$0.01B,18.18%,$0.04B,0,0.00%,$0.04B,0,0.00%,$0.04B,$0.01B,18.18%,$0.04B,$0.00B,2.27%,$0.00B,$0.16B,0.59%,$0.00B,$0.16B,0.61%,$0.00B,$0.56B,0.17%,$0.01B,$0.55B,1.36%,$11,$4,$7,$0,$5,$9,$2,$0,$2,$0,$2,$2,$-6,$0,$0,$18,18,$-0.32,$-0.32,$33,$0,$0,$435,$0,$75,$5,$40,$120,$555,$10,$383,$0,$383,$392,$0,$0,$-3,$163,$555,$1,$2,$2,$3,$0,$0,$0,$4,$6,$10,$-0,$0,$0,$0,$85,$85,$0,$85,$-80,$0,$-80,$0,$0,$-13,$0,$-93,$1,$0,$-13
36,2009-09-30,4.74,$9.79,0.48,$2.73,1.74,$1.33,3.57,$0.54,8.79,$0.46B,$0.01B,55.55,$0.40B,$0.17B,2.32,$0.05B,$0.03B,63.83%,$0.05B,$0.01B,21.28%,$0.05B,0,0.00%,$0.05B,0,0.00%,$0.05B,$0.01B,21.28%,$0.05B,$0.01B,21.28%,$0.01B,$0.17B,5.77%,$0.01B,$0.17B,5.94%,$0.01B,$0.58B,1.62%,$0.01B,$0.57B,1.64%,$11,$4,$7,$0,$5,$9,$2,$0,$2,$0,$2,$2,$3,$0,$0,$18,18,$0.16,$0.16,$30,$0,$0,$455,$0,$80,$5,$39,$125,$579,$8,$399,$0,$399,$407,$0,$0,$6,$172,$579,$7,$1,$0,$2,$0,$0,$-1,$-2,$-2,$6,$-0,$0,$0,$0,$65,$65,$0,$65,$-63,$0,$-63,$0,$0,$-10,$0,$-73,$-2,$0,$-10
37,2009-06-30,4.24,$9.81,0.43,$2.80,1.51,$1.77,2.4,$0.61,6.95,$0.48B,$0.01B,57.8,$0.42B,$0.17B,2.46,$0.05B,$0.03B,61.22%,$0.05B,$0.01B,22.45%,$0.05B,0,0.00%,$0.05B,0,0.00%,$0.05B,$0.01B,22.45%,$0.05B,$0.01B,22.45%,$0.01B,$0.17B,6.32%,$0.01B,$0.17B,6.51%,$0.01B,$0.61B,1.74%,$0.01B,$0.60B,1.76%,$11,$4,$7,$0,$5,$9,$2,$0,$2,$0,$2,$2,$2,$0,$0,$18,18,$0.11,$0.11,$19,$0,$0,$480,$0,$79,$5,$40,$125,$605,$8,$424,$0,$424,$433,$0,$0,$7,$172,$605,$4,$1,$-0,$1,$0,$0,$0,$-1,$-2,$3,$-0,$0,$0,$0,$30,$30,$0,$30,$-38,$0,$-38,$0,$0,$-7,$0,$-45,$-13,$0,$-7
38,2009-03-31,4.01,$9.89,0.41,$2.95,1.36,$2.21,1.82,$0.75,5.34,$0.52B,$0.01B,78.55,$0.46B,$0.17B,2.65,$0.05B,$0.03B,59.62%,$0.05B,$0.01B,25.00%,$0.05B,0,0.00%,$0.05B,0,0.00%,$0.05B,$0.01B,25.00%,$0.05B,$0.01B,25.00%,$0.01B,$0.17B,7.45%,$0.01B,$0.17B,7.67%,$0.01B,$0.64B,2.03%,$0.01B,$0.63B,2.05%,$11,$5,$7,$0,$5,$10,$2,$0,$2,$0,$2,$2,$2,$0,$0,$18,18,$0.11,$0.11,$24,$0,$0,$517,$0,$79,$5,$40,$124,$641,$7,$460,$0,$460,$467,$0,$0,$8,$174,$641,$2,$0,$-0,$0,$-0,$0,$-1,$-1,$-4,$-2,$-0,$0,$0,$0,$-0,$-0,$0,$-0,$-2,$0,$-2,$0,$0,$-3,$0,$-5,$-8,$0,$-3
39,2008-12-31,4.0,$9.97,0.4,$3.17,1.26,$2.59,1.54,$0.83,4.81,$0.53B,$0.01B,57.96,$0.46B,$0.18B,2.65,$0.06B,$0.03B,57.14%,$0.06B,$0.01B,25.00%,$0.06B,0,0.00%,$0.06B,0,0.00%,$0.06B,$0.01B,25.00%,$0.06B,$0.02B,26.79%,$0.02B,$0.18B,8.61%,$0.02B,$0.17B,8.86%,$0.02B,$0.65B,2.28%,$0.01B,$0.64B,2.16%,$14,$6,$9,$0,$4,$10,$4,$0,$4,$0,$4,$4,$3,$0,$0,$18,18,$0.17,$0.16,$32,$0,$0,$527,$0,$78,$5,$36,$120,$647,$9,$463,$0,$463,$472,$0,$0,$9,$175,$647,$15,$2,$-2,$-0,$0,$0,$-0,$-1,$2,$17,$-0,$0,$0,$0,$75,$75,$0,$74,$-80,$0,$-80,$0,$0,$-13,$0,$-93,$-1,$0,$-13
40,2008-09-30,5.34,$9.99,0.53,$3.20,1.67,$1.75,3.05,$0.88,6.06,$0.53B,$0.01B,62.74,$0.46B,$0.18B,2.61,$0.06B,$0.03B,52.63%,$0.06B,$0.01B,22.81%,$0.06B,0,0.00%,$0.06B,0,0.00%,$0.06B,$0.01B,22.81%,$0.06B,$0.02B,28.07%,$0.02B,$0.18B,9.22%,$0.02B,$0.17B,9.50%,$0.02B,$0.64B,2.37%,$0.01B,$0.63B,1.94%,$13,$5,$7,$0,$4,$9,$3,$0,$3,$0,$3,$3,$4,$0,$0,$18,18,$0.23,$0.23,$19,$0,$0,$528,$0,$76,$5,$31,$112,$641,$8,$457,$0,$457,$465,$0,$0,$10,$175,$641,$12,$2,$-2,$-1,$0,$0,$-1,$-0,$2,$14,$-0,$0,$0,$0,$67,$67,$0,$67,$-86,$0,$-86,$0,$0,$-10,$0,$-95,$-14,$0,$-10
41,2008-06-30,4.71,$9.95,0.47,$3.29,1.43,$0.95,4.96,$0.85,5.54,$0.53B,$0.01B,70.27,$0.45B,$0.17B,2.6,$0.06B,$0.03B,50.00%,$0.06B,$0.01B,20.69%,$0.06B,0,0.00%,$0.06B,0,0.00%,$0.06B,$0.01B,20.69%,$0.06B,$0.02B,27.59%,$0.02B,$0.17B,9.26%,$0.02B,$0.17B,9.54%,$0.02B,$0.64B,2.31%,$0.01B,$0.63B,1.74%,$14,$6,$8,$0,$5,$10,$4,$0,$4,$0,$4,$4,$4,$0,$0,$18,18,$0.25,$0.25,$25,$0,$0,$529,$0,$74,$5,$28,$107,$635,$8,$454,$0,$454,$461,$0,$0,$9,$174,$635,$8,$1,$-2,$-1,$0,$0,$-0,$1,$3,$11,$-0,$0,$0,$0,$77,$77,$0,$77,$-89,$0,$-89,$0,$0,$-7,$0,$-95,$-8,$0,$-7
42,2008-03-31,4.44,$9.89,0.45,$3.27,1.36,$0.30,14.98,$0.84,5.28,$0.60B,$0.01B,131.57,$0.53B,$0.17B,3.04,$0.06B,$0.03B,46.55%,$0.06B,$0.01B,17.24%,$0.06B,0,0.00%,$0.06B,0,0.00%,$0.06B,$0.01B,17.24%,$0.06B,$0.02B,27.59%,$0.02B,$0.17B,9.29%,$0.02B,$0.17B,9.57%,$0.02B,$0.70B,2.27%,$0.01B,$0.70B,1.43%,$15,$7,$8,$0,$5,$12,$3,$0,$3,$0,$3,$3,$4,$0,$0,$17,18,$0.22,$0.22,$31,$0,$0,$602,$0,$71,$5,$25,$102,$703,$5,$526,$0,$526,$530,$0,$0,$8,$173,$703,$4,$1,$-1,$-0,$0,$0,$-1,$3,$1,$5,$-0,$0,$0,$0,$13,$13,$0,$13,$-17,$0,$-17,$-0,$-0,$-3,$0,$-20,$-3,$0,$-3
43,2007-12-31,4.83,$9.86,0.49,$3.03,1.59,$-0.18,0.0,$0.86,5.61,$0.63B,$0.01B,99.61,$0.54B,$0.17B,3.15,$0.05B,$0.02B,42.59%,$0.05B,$0.01B,12.96%,$0.05B,0,0.00%,$0.05B,0,0.00%,$0.05B,$0.01B,12.96%,$0.05B,$0.02B,29.63%,$0.02B,$0.17B,9.33%,$0.02B,$0.17B,9.61%,$0.02B,$0.72B,2.30%,$0.01B,$0.72B,1.02%,$15,$8,$7,$0,$4,$12,$3,$0,$3,$0,$3,$3,$4,$0,$0,$17,18,$0.21,$0.22,$33,$0,$0,$627,$1,$62,$5,$27,$95,$721,$6,$543,$0,$543,$549,$0,$0,$7,$172,$721,$15,$2,$-8,$-6,$-0,$0,$0,$-6,$-7,$3,$-0,$0,$0,$0,$-59,$-59,$0,$-60,$53,$0,$53,$0,$35,$-13,$0,$75,$18,$0,$-13
44,2007-09-30,5.15,$9.83,0.52,$2.82,1.83,$-0.14,0.0,$0.98,5.25,$0.63B,$0.01B,119.01,$0.54B,$0.17B,3.13,$0.05B,$0.02B,42.00%,$0.05B,$0.01B,10.00%,$0.05B,0,0.00%,$0.05B,0,0.00%,$0.05B,$0.01B,10.00%,$0.05B,$0.02B,36.00%,$0.02B,$0.17B,10.53%,$0.02B,$0.17B,10.84%,$0.02B,$0.72B,2.67%,$0.01B,$0.71B,0.75%,$14,$8,$6,$0,$4,$13,$2,$0,$2,$0,$2,$2,$4,$0,$0,$18,18,$0.21,$0.20,$30,$0,$0,$629,$1,$60,$5,$22,$87,$716,$5,$538,$0,$538,$543,$0,$0,$7,$172,$716,$12,$1,$-5,$-5,$-1,$0,$-1,$-5,$-7,$0,$-0,$0,$0,$0,$-59,$-59,$0,$-59,$48,$0,$48,$1,$36,$-10,$0,$74,$14,$0,$-10
45,2007-06-30,5.5,$9.80,0.56,$2.59,2.13,$-0.09,0.0,$0.94,5.85,$0.58B,$0.01B,100.09,$0.50B,$0.17B,2.93,$0.05B,$0.02B,41.30%,$0.05B,$0.00B,6.52%,$0.05B,0,0.00%,$0.05B,0,0.00%,$0.05B,$0.00B,6.52%,$0.05B,$0.02B,32.61%,$0.02B,$0.17B,8.85%,$0.02B,$0.17B,9.12%,$0.02B,$0.68B,2.13%,$0.00B,$0.67B,0.43%,$14,$8,$6,$0,$5,$12,$2,$0,$2,$0,$2,$2,$4,$0,$0,$17,18,$0.24,$0.24,$19,$0,$0,$583,$1,$71,$5,$20,$97,$680,$6,$502,$0,$502,$508,$0,$0,$7,$172,$680,$8,$1,$-4,$-3,$-0,$0,$0,$-5,$-6,$-1,$-0,$0,$0,$0,$-36,$-36,$0,$-36,$12,$0,$12,$0,$35,$-7,$0,$41,$4,$0,$-7
46,2007-03-31,5.23,$9.76,0.54,$2.40,2.18,$0.13,41.0,$0.93,5.63,$0.57B,$0.00B,166.54,$0.49B,$0.17B,2.87,$0.04B,$0.02B,40.48%,$0.04B,$0.00B,2.38%,$0.04B,0,0.00%,$0.04B,0,0.00%,$0.04B,$0.00B,2.38%,$0.04B,$0.02B,35.71%,$0.02B,$0.17B,8.90%,$0.02B,$0.17B,9.17%,$0.02B,$0.67B,2.03%,$0.00B,$0.66B,0.14%,$11,$7,$4,$0,$5,$11,$-0,$0,$-0,$0,$-0,$-0,$4,$0,$0,$17,18,$0.22,$0.21,$28,$0,$0,$565,$1,$78,$5,$18,$101,$666,$3,$489,$0,$489,$496,$0,$0,$6,$170,$666,$4,$0,$-2,$-2,$0,$0,$-1,$-2,$-6,$-4,$-0,$0,$0,$0,$-17,$-17,$0,$-17,$34,$0,$34,$0,$0,$0,$0,$34,$13,$-0,$0
47,2006-12-31,5.57,$9.73,0.57,$2.38,2.34,$0.34,16.42,$0.93,5.99,$0.53B,$0.01B,78.08,$0.46B,$0.17B,2.68,$0.04B,$0.02B,42.86%,$0.04B,$0.00B,7.14%,$0.04B,0,0.00%,$0.04B,0,0.00%,$0.04B,$0.00B,7.14%,$0.04B,$0.01B,30.95%,$0.01B,$0.17B,7.76%,$0.01B,$0.17B,8.00%,$0.01B,$0.63B,1.66%,$0.00B,$0.63B,0.39%,$11,$7,$5,$0,$4,$10,$1,$0,$1,$0,$1,$1,$6,$0,$0,$17,18,$0.34,$0.33,$15,$0,$0,$534,$1,$76,$5,$16,$98,$632,$7,$455,$0,$455,$462,$0,$0,$5,$170,$632,$13,$2,$-2,$-1,$0,$0,$0,$-10,$-9,$3,$-0,$0,$-36,$0,$-18,$-18,$0,$-55,$54,$0,$54,$1,$1,$-11,$-0,$44,$-7,$0,$-11
