,Date,Stock Price,Book Value per Share,Price to Book Ratio,TTM Sales per Share,Price to Sales Ratio,TTM FCF per Share,Price to FCF Ratio,TTM Net EPS,PE Ratio,Current Assets,Current Liabilities,Current Ratio,Long Term Debt,Shareholder's Equity_x,Debt to Equity Ratio,TTM Revenue_x,TTM Gross Profit,Gross Margin,TTM Revenue_y,TTM Operating Income,Operating Margin,TTM Revenue_x,TTM EBIT,EBIT Margin,TTM Revenue_y,TTM EBITDA,EBITDA Margin,TTM Revenue_x,TTM Pre-Tax Income,Pre-Tax Margin,TTM Revenue_y,TTM Net Income_x,Net Margin,TTM Net Income_y,Shareholder's Equity_y,Return on Equity,TTM Net Income_x,Tangible Equity,Return on Tangible Equity,TTM Net Income_y,Total Assets,Return on Assets,TTM Net Income,LT Investments & Debt,Return on Investment,revenue,cost-goods-sold,gross-profit,research-development-expenses,selling-general-administrative-expenses,operating-expenses,operating-income,total-non-operating-income-expense,pre-tax-income,total-provision-income-taxes,income-after-taxes,income-from-continuous-operations,net-income,ebitda,ebit,basic-shares-outstanding,shares-outstanding,eps-basic-net-earnings-per-share,eps-earnings-per-share-diluted,cash-on-hand,inventory,other-current-assets,total-current-assets,net-property-plant-equipment,long-term-investments,goodwill-intangible-assets-total,other-long-term-assets,total-long-term-assets,total-assets,total-current-liabilities,long-term-debt,other-non-current-liabilities,total-long-term-liabilities,total-liabilities,common-stock-net,retained-earnings-accumulated-deficit,comprehensive-income,total-share-holder-equity,total-liabilities-share-holders-equity,net-income-loss,total-depreciation-amortization-cash-flow,other-non-cash-items,total-non-cash-items,change-in-accounts-receivable,change-in-inventories,change-in-accounts-payable,change-in-assets-liabilities,total-change-in-assets-liabilities,cash-flow-from-operating-activities,net-change-in-property-plant-equipment,net-change-in-intangible-assets,net-acquisitions-divestitures,net-change-in-short-term-investments,net-change-in-long-term-investments,net-change-in-investments-total,investing-activities-other,cash-flow-from-investing-activities,net-long-term-debt,net-current-debt,debt-issuance-retirement-net-total,net-common-equity-issued-repurchased,net-total-equity-issued-repurchased,total-common-preferred-stock-dividends-paid,financial-activities-other,cash-flow-from-financial-activities,net-cash-flow,stock-based-compensation,common-stock-dividends-paid
0,2018-09-30,16.2,$13.94,1.16,$7.17,2.26,$4.68,3.46,$0.29,55.86,$1.06B,$1.04B,1.02,$0.06B,$0.15B,0.39,$0.06B,$0.05B,85.71%,$0.06B,$0.01B,16.07%,$0.06B,0,0.00%,$0.06B,0,0.00%,$0.06B,$0.01B,16.07%,$0.06B,$0.01B,8.93%,$0.01B,$0.15B,4.34%,$0.01B,$0.13B,5.04%,$0.01B,$1.25B,0.44%,$0.01B,$0.21B,4.66%,$17,$2,$15,$0,$11,$13,$4,$0,$4,$1,$3,$3,$3,$0,$0,$11,11,$0.29,$0.29,$70,$0,$0,$1058,$22,$117,$25,$26,$196,$1254,$1039,$58,$8,$66,$1105,$129,$21,$-1,$149,$1254,$5,$3,$2,$5,$0,$0,$0,$1,$1,$10,$-0,$0,$13,$0,$58,$58,$7,$78,$-51,$0,$-51,$32,$32,$-3,$-44,$-66,$23,$0,$-3
1,2018-06-30,16.58,$13.90,1.19,$7.63,2.17,$5.40,3.07,$0.62,26.74,$1.07B,$1.03B,1.05,$0.09B,$0.15B,0.62,$0.05B,$0.04B,84.62%,$0.05B,$0.01B,15.38%,$0.05B,0,0.00%,$0.05B,0,0.00%,$0.05B,$0.01B,15.38%,$0.05B,$0.00B,7.69%,$0.00B,$0.15B,4.05%,$0.00B,$0.12B,4.61%,$0.00B,$1.27B,0.38%,$0.01B,$0.24B,4.34%,$14,$2,$12,$0,$11,$13,$0,$0,$0,$0,$0,$0,$0,$0,$0,$8,8,$0.05,$0.05,$76,$0,$0,$1074,$22,$120,$25,$26,$200,$1274,$1026,$92,$8,$100,$1125,$129,$20,$0,$149,$1274,$2,$1,$1,$2,$0,$0,$0,$1,$1,$5,$0,$0,$13,$0,$58,$58,$-5,$66,$-19,$0,$-19,$33,$33,$-2,$-56,$-44,$27,$0,$-2
2,2018-03-31,16.02,$12.93,1.24,$7.71,2.08,$5.60,2.86,$0.84,19.07,$0.86B,$0.82B,1.05,$0.08B,$0.08B,0.98,$0.05B,$0.04B,84.00%,$0.05B,$0.01B,22.00%,$0.05B,0,0.00%,$0.05B,0,0.00%,$0.05B,$0.01B,22.00%,$0.05B,$0.01B,12.00%,$0.01B,$0.08B,7.34%,$0.01B,$0.07B,8.08%,$0.01B,$0.98B,0.60%,$0.01B,$0.16B,6.57%,$12,$2,$10,$0,$8,$10,$2,$0,$2,$0,$2,$2,$2,$0,$0,$6,6,$0.24,$0.24,$52,$0,$0,$859,$16,$77,$8,$19,$125,$984,$817,$80,$5,$85,$902,$62,$20,$-1,$82,$984,$2,$1,$1,$1,$0,$0,$0,$-1,$-1,$2,$1,$0,$0,$0,$1,$1,$1,$2,$10,$0,$10,$0,$0,$-1,$-11,$-2,$3,$0,$-1
3,2017-12-31,15.67,$12.93,1.21,$7.68,2.04,$5.61,2.79,$0.88,17.81,$0.86B,$0.82B,1.05,$0.08B,$0.08B,0.98,$0.05B,$0.04B,85.71%,$0.05B,$0.01B,24.49%,$0.05B,0,0.00%,$0.05B,0,0.00%,$0.05B,$0.01B,24.49%,$0.05B,$0.01B,12.24%,$0.01B,$0.08B,7.38%,$0.01B,$0.07B,8.14%,$0.01B,$0.99B,0.60%,$0.01B,$0.16B,7.34%,$13,$2,$11,$0,$8,$10,$3,$0,$3,$3,$-0,$-0,$-0,$0,$0,$6,6,$-0.01,$-0.01,$51,$0,$0,$857,$16,$79,$8,$21,$129,$985,$818,$80,$6,$86,$904,$62,$20,$-0,$81,$985,$5,$2,$6,$9,$0,$0,$0,$2,$2,$16,$1,$0,$0,$0,$10,$10,$-33,$-23,$6,$0,$6,$0,$0,$-3,$-6,$-3,$-9,$0,$-3
4,2017-09-30,15.16,$13.13,1.15,$7.54,2.01,$3.00,5.06,$1.14,13.3,$0.87B,$0.84B,1.05,$0.09B,$0.08B,1.11,$0.05B,$0.04B,85.42%,$0.05B,$0.01B,25.00%,$0.05B,0,0.00%,$0.05B,0,0.00%,$0.05B,$0.01B,25.00%,$0.05B,$0.01B,16.67%,$0.01B,$0.08B,9.91%,$0.01B,$0.08B,10.96%,$0.01B,$1.02B,0.80%,$0.01B,$0.17B,7.51%,$13,$2,$11,$0,$8,$10,$3,$0,$3,$1,$2,$2,$2,$0,$0,$6,6,$0.33,$0.33,$71,$0,$0,$874,$17,$88,$8,$22,$141,$1015,$835,$91,$6,$97,$932,$62,$20,$0,$83,$1015,$5,$2,$2,$4,$0,$0,$0,$1,$1,$11,$-0,$0,$0,$0,$1,$1,$-28,$-27,$18,$0,$18,$0,$0,$-2,$12,$27,$11,$0,$-2
5,2017-06-30,13.58,$12.92,1.05,$7.36,1.84,$4.03,3.37,$1.09,12.45,$0.89B,$0.85B,1.05,$0.09B,$0.08B,1.13,$0.05B,$0.04B,86.96%,$0.05B,$0.01B,26.09%,$0.05B,0,0.00%,$0.05B,0,0.00%,$0.05B,$0.01B,26.09%,$0.05B,$0.01B,17.39%,$0.01B,$0.08B,10.06%,$0.01B,$0.07B,11.15%,$0.01B,$1.03B,0.81%,$0.01B,$0.17B,7.86%,$12,$2,$10,$0,$8,$9,$3,$0,$3,$1,$2,$2,$2,$0,$0,$6,6,$0.27,$0.27,$103,$0,$0,$889,$17,$85,$8,$22,$139,$1027,$848,$92,$6,$98,$946,$62,$19,$0,$81,$1027,$3,$1,$2,$4,$0,$0,$0,$-0,$-0,$7,$-1,$0,$0,$0,$4,$4,$-10,$-6,$18,$0,$18,$0,$0,$-2,$25,$42,$42,$0,$-2
6,2017-03-31,13.08,$12.71,1.03,$7.11,1.84,$3.71,3.53,$0.80,16.35,$0.84B,$0.83B,1.01,$0.07B,$0.08B,0.83,$0.04B,$0.04B,88.64%,$0.04B,$0.01B,20.45%,$0.04B,0,0.00%,$0.04B,0,0.00%,$0.04B,$0.01B,20.45%,$0.04B,$0.01B,13.64%,$0.01B,$0.08B,7.64%,$0.01B,$0.07B,8.48%,$0.01B,$0.98B,0.63%,$0.01B,$0.15B,6.14%,$11,$1,$10,$0,$7,$9,$3,$0,$3,$1,$2,$2,$2,$0,$0,$6,6,$0.28,$0.28,$55,$0,$0,$836,$16,$87,$8,$23,$141,$977,$825,$66,$6,$72,$897,$62,$18,$0,$80,$977,$2,$1,$1,$2,$0,$0,$0,$-1,$-1,$2,$0,$0,$0,$0,$3,$3,$-5,$-1,$-4,$0,$-4,$0,$0,$-1,$-2,$-7,$-6,$0,$-1
7,2016-12-31,12.84,$12.55,1.02,$6.74,1.91,$3.45,3.72,$0.70,18.35,$0.84B,$0.83B,1.01,$0.07B,$0.08B,0.86,$0.04B,$0.04B,88.10%,$0.04B,$0.01B,19.05%,$0.04B,0,0.00%,$0.04B,0,0.00%,$0.04B,$0.01B,19.05%,$0.04B,$0.01B,11.90%,$0.01B,$0.08B,6.43%,$0.01B,$0.07B,7.04%,$0.01B,$0.98B,0.56%,$0.01B,$0.15B,5.67%,$12,$1,$10,$0,$8,$9,$3,$0,$3,$1,$2,$2,$2,$0,$0,$6,6,$0.27,$0.28,$61,$0,$0,$838,$16,$89,$8,$24,$146,$984,$830,$68,$8,$75,$905,$62,$17,$-0,$79,$984,$4,$2,$3,$5,$0,$0,$0,$-9,$-9,$0,$-1,$0,$1,$0,$11,$11,$-53,$-42,$17,$0,$17,$-0,$-0,$-2,$49,$64,$22,$1,$-2
8,2016-09-30,10.88,$12.50,0.87,$6.39,1.7,$5.62,1.93,$0.69,15.76,$0.82B,$0.81B,1.01,$0.07B,$0.08B,0.87,$0.04B,$0.04B,90.00%,$0.04B,$0.01B,17.50%,$0.04B,0,0.00%,$0.04B,0,0.00%,$0.04B,$0.01B,17.50%,$0.04B,$0.01B,12.50%,$0.01B,$0.08B,6.47%,$0.01B,$0.07B,7.02%,$0.01B,$0.96B,0.60%,$0.01B,$0.15B,5.19%,$11,$1,$10,$0,$7,$9,$3,$0,$3,$1,$2,$2,$2,$0,$0,$6,6,$0.29,$0.28,$63,$0,$0,$815,$16,$92,$8,$19,$145,$959,$807,$68,$6,$74,$881,$61,$16,$1,$78,$959,$3,$1,$2,$4,$0,$0,$0,$11,$11,$18,$-1,$0,$-20,$0,$10,$10,$-25,$-36,$11,$0,$11,$-0,$-0,$-2,$33,$42,$24,$0,$-2
9,2016-06-30,10.33,$12.38,0.83,$6.01,1.72,$4.58,2.26,$0.57,18.13,$0.77B,$0.74B,1.04,$0.07B,$0.08B,0.92,$0.04B,$0.03B,89.47%,$0.04B,$0.01B,15.79%,$0.04B,0,0.00%,$0.04B,0,0.00%,$0.04B,$0.01B,15.79%,$0.04B,$0.00B,10.53%,$0.00B,$0.08B,5.21%,$0.00B,$0.07B,5.59%,$0.00B,$0.89B,0.51%,$0.01B,$0.15B,4.62%,$10,$1,$9,$0,$9,$10,$-0,$0,$-0,$-0,$-0,$-0,$-0,$0,$0,$6,6,$-0.02,$-0.02,$47,$0,$0,$768,$15,$74,$7,$18,$124,$892,$738,$71,$6,$77,$815,$61,$15,$1,$77,$892,$1,$1,$1,$2,$0,$0,$0,$1,$1,$4,$-0,$0,$-2,$0,$6,$6,$-28,$-25,$14,$0,$14,$-0,$-0,$-1,$24,$36,$15,$0,$-1
10,2016-03-31,9.53,$12.42,0.77,$5.92,1.61,$5.28,1.8,$0.85,11.22,$0.64B,$0.60B,1.06,$0.05B,$0.08B,0.6,$0.04B,$0.03B,89.19%,$0.04B,$0.01B,21.62%,$0.04B,0,0.00%,$0.04B,0,0.00%,$0.04B,$0.01B,21.62%,$0.04B,$0.01B,16.22%,$0.01B,$0.08B,7.84%,$0.01B,$0.07B,8.36%,$0.01B,$0.73B,0.81%,$0.01B,$0.12B,6.44%,$9,$1,$8,$0,$6,$7,$2,$0,$2,$1,$1,$1,$1,$0,$0,$6,6,$0.18,$0.18,$23,$0,$0,$637,$12,$56,$5,$14,$96,$733,$603,$46,$6,$53,$656,$61,$16,$0,$77,$733,$1,$0,$1,$1,$0,$0,$0,$-1,$-1,$1,$-0,$0,$0,$0,$0,$0,$-1,$-1,$11,$0,$11,$-0,$-0,$-1,$-17,$-7,$-7,$0,$-1
11,2015-12-31,10.58,$12.32,0.86,$5.96,1.78,$6.02,1.76,$0.89,11.89,$0.64B,$0.61B,1.05,$0.05B,$0.08B,0.6,$0.04B,$0.03B,89.19%,$0.04B,$0.01B,21.62%,$0.04B,0,0.00%,$0.04B,0,0.00%,$0.04B,$0.01B,21.62%,$0.04B,$0.01B,16.22%,$0.01B,$0.08B,7.89%,$0.01B,$0.07B,8.45%,$0.01B,$0.74B,0.81%,$0.01B,$0.12B,6.43%,$10,$1,$9,$0,$7,$8,$2,$0,$2,$0,$2,$2,$2,$0,$0,$6,6,$0.26,$0.25,$30,$0,$0,$643,$13,$56,$5,$13,$96,$739,$610,$46,$7,$52,$663,$61,$15,$0,$77,$739,$6,$2,$4,$6,$0,$0,$0,$2,$2,$13,$0,$0,$0,$0,$12,$12,$-18,$-6,$-4,$0,$-4,$-1,$-1,$-2,$3,$-4,$3,$1,$-2
12,2015-09-30,9.22,$12.17,0.76,$5.94,1.55,$5.27,1.75,$0.51,18.08,$0.66B,$0.62B,1.06,$0.05B,$0.08B,0.65,$0.04B,$0.03B,88.57%,$0.04B,$0.01B,14.29%,$0.04B,0,0.00%,$0.04B,0,0.00%,$0.04B,$0.01B,14.29%,$0.04B,$0.00B,8.57%,$0.00B,$0.08B,3.99%,$0.00B,$0.07B,4.27%,$0.00B,$0.76B,0.40%,$0.01B,$0.13B,4.00%,$9,$1,$8,$0,$6,$8,$2,$0,$2,$1,$1,$1,$1,$0,$0,$6,6,$0.16,$0.16,$44,$0,$0,$658,$13,$57,$5,$14,$97,$755,$622,$50,$7,$57,$679,$61,$14,$1,$76,$755,$4,$1,$3,$4,$0,$0,$0,$2,$2,$10,$0,$0,$0,$0,$12,$12,$-18,$-6,$-0,$0,$-0,$-1,$-1,$-2,$15,$13,$17,$0,$-2
13,2015-06-30,9.52,$12.14,0.78,$5.85,1.63,$4.53,2.1,$0.51,18.67,$0.63B,$0.60B,1.05,$0.05B,$0.08B,0.65,$0.03B,$0.03B,88.24%,$0.03B,$0.00B,11.76%,$0.03B,0,0.00%,$0.03B,0,0.00%,$0.03B,$0.00B,11.76%,$0.03B,$0.00B,8.82%,$0.00B,$0.08B,4.11%,$0.00B,$0.07B,4.33%,$0.00B,$0.74B,0.43%,$0.00B,$0.13B,3.29%,$9,$1,$8,$0,$6,$7,$2,$0,$2,$1,$2,$2,$2,$0,$0,$6,6,$0.26,$0.26,$22,$0,$0,$632,$13,$63,$5,$13,$104,$735,$604,$49,$6,$56,$660,$61,$14,$0,$76,$735,$3,$1,$2,$3,$0,$0,$0,$2,$2,$8,$0,$0,$0,$0,$6,$6,$-14,$-8,$15,$0,$15,$-1,$-1,$-1,$-18,$-5,$-5,$0,$-1
14,2015-03-31,10.16,$11.99,0.85,$5.65,1.8,$3.87,2.63,$0.40,25.39,$0.62B,$0.60B,1.04,$0.05B,$0.08B,0.66,$0.03B,$0.03B,87.50%,$0.03B,$0.00B,9.38%,$0.03B,0,0.00%,$0.03B,0,0.00%,$0.03B,$0.00B,9.38%,$0.03B,$0.00B,6.25%,$0.00B,$0.08B,2.84%,$0.00B,$0.07B,2.94%,$0.00B,$0.73B,0.30%,$0.00B,$0.13B,2.55%,$9,$1,$8,$0,$6,$7,$2,$0,$2,$1,$1,$1,$1,$0,$0,$6,6,$0.22,$0.22,$30,$0,$0,$622,$13,$66,$5,$12,$107,$729,$598,$50,$6,$56,$654,$62,$13,$1,$75,$729,$1,$0,$1,$2,$0,$0,$0,$3,$3,$6,$0,$0,$0,$0,$3,$3,$3,$6,$-0,$0,$-0,$-0,$-0,$-0,$-9,$-10,$2,$0,$-0
15,2014-12-31,10.57,$11.81,0.9,$5.49,1.93,$3.26,3.24,$0.30,35.23,$0.62B,$0.61B,1.03,$0.05B,$0.07B,0.67,$0.03B,$0.03B,86.67%,$0.03B,$0.00B,6.67%,$0.03B,0,0.00%,$0.03B,0,0.00%,$0.03B,$0.00B,6.67%,$0.03B,$0.00B,6.67%,$0.00B,$0.07B,2.93%,$0.00B,$0.07B,2.99%,$0.00B,$0.74B,0.32%,$0.00B,$0.12B,1.78%,$8,$1,$7,$0,$8,$9,$-1,$0,$-1,$-0,$-1,$-1,$-1,$0,$0,$6,6,$-0.13,$-0.12,$28,$0,$0,$624,$13,$69,$5,$22,$120,$744,$607,$50,$13,$63,$670,$62,$12,$1,$74,$744,$2,$2,$3,$5,$0,$0,$0,$2,$2,$8,$-1,$0,$-4,$0,$1,$1,$-51,$-55,$12,$0,$12,$-0,$-0,$-1,$40,$50,$4,$0,$-1
16,2014-09-30,10.01,$12.06,0.83,$5.37,1.86,$3.67,2.73,$0.95,10.54,$0.54B,$0.50B,1.07,$0.05B,$0.07B,0.67,$0.03B,$0.03B,86.67%,$0.03B,$0.00B,13.33%,$0.03B,0,0.00%,$0.03B,0,0.00%,$0.03B,$0.00B,13.33%,$0.03B,$0.01B,20.00%,$0.01B,$0.07B,9.09%,$0.01B,$0.07B,9.09%,$0.01B,$0.61B,1.01%,$0.00B,$0.11B,3.73%,$8,$1,$7,$0,$5,$6,$1,$0,$1,$0,$1,$1,$1,$0,$0,$6,6,$0.16,$0.16,$23,$0,$0,$536,$10,$52,$0,$8,$78,$614,$499,$45,$3,$48,$547,$54,$13,$0,$67,$614,$2,$1,$2,$3,$0,$0,$0,$-0,$-0,$5,$-0,$0,$0,$0,$-4,$-4,$-35,$-40,$15,$0,$15,$-0,$-0,$-1,$25,$38,$4,$0,$-1
17,2014-06-30,11.34,$12.03,0.94,$5.28,2.15,$4.14,2.74,$0.94,12.06,$0.52B,$0.48B,1.07,$0.04B,$0.07B,0.63,$0.03B,$0.03B,86.21%,$0.03B,$0.00B,13.79%,$0.03B,0,0.00%,$0.03B,0,0.00%,$0.03B,$0.00B,13.79%,$0.03B,$0.01B,20.69%,$0.01B,$0.07B,9.09%,$0.01B,$0.07B,9.09%,$0.01B,$0.60B,1.03%,$0.00B,$0.11B,3.81%,$7,$1,$6,$0,$5,$6,$1,$0,$1,$0,$1,$1,$1,$0,$0,$6,6,$0.15,$0.14,$21,$0,$0,$519,$10,$50,$0,$8,$77,$596,$484,$42,$3,$45,$529,$54,$12,$0,$66,$596,$1,$1,$1,$2,$0,$0,$0,$0,$0,$4,$-0,$0,$0,$0,$-3,$-3,$-20,$-22,$4,$0,$4,$-0,$-0,$-1,$18,$21,$3,$0,$-1
18,2014-03-31,11.02,$11.89,0.93,$5.34,2.06,$4.53,2.44,$1.01,10.91,$0.51B,$0.48B,1.06,$0.04B,$0.07B,0.59,$0.03B,$0.03B,86.67%,$0.03B,$0.01B,16.67%,$0.03B,0,0.00%,$0.03B,0,0.00%,$0.03B,$0.01B,16.67%,$0.03B,$0.01B,20.00%,$0.01B,$0.07B,9.06%,$0.01B,$0.07B,9.06%,$0.01B,$0.58B,1.05%,$0.01B,$0.11B,4.84%,$7,$1,$6,$0,$5,$6,$1,$0,$1,$0,$1,$1,$1,$0,$0,$6,6,$0.12,$0.12,$25,$0,$0,$506,$10,$50,$0,$8,$78,$584,$476,$39,$3,$42,$518,$54,$12,$0,$66,$584,$1,$0,$1,$1,$0,$0,$0,$-0,$-0,$2,$0,$0,$0,$0,$-3,$-3,$-2,$-5,$1,$0,$1,$-0,$-0,$-0,$9,$10,$7,$0,$-0
19,2013-12-31,8.67,$11.78,0.74,$5.28,1.64,$4.45,1.95,$1.01,8.58,$0.50B,$0.47B,1.07,$0.04B,$0.07B,0.58,$0.03B,$0.03B,86.67%,$0.03B,$0.01B,16.67%,$0.03B,0,0.00%,$0.03B,0,0.00%,$0.03B,$0.01B,16.67%,$0.03B,$0.01B,20.00%,$0.01B,$0.07B,8.82%,$0.01B,$0.07B,8.82%,$0.01B,$0.57B,1.07%,$0.01B,$0.10B,4.74%,$8,$1,$7,$0,$6,$7,$1,$0,$1,$-2,$3,$3,$3,$0,$0,$6,6,$0.52,$0.51,$18,$0,$0,$497,$10,$47,$0,$8,$75,$573,$466,$38,$3,$41,$508,$54,$11,$0,$65,$573,$6,$2,$2,$4,$0,$0,$0,$-0,$-0,$9,$1,$0,$0,$0,$-2,$-2,$-38,$-39,$2,$0,$2,$-1,$-12,$-1,$32,$21,$-9,$0,$-1
20,2013-09-30,7.93,$12.01,0.66,$5.58,1.42,$4.66,1.7,$0.66,12.01,$0.49B,$0.46B,1.06,$0.04B,$0.06B,0.57,$0.03B,$0.03B,86.21%,$0.03B,$0.01B,20.69%,$0.03B,0,0.00%,$0.03B,0,0.00%,$0.03B,$0.01B,20.69%,$0.03B,$0.00B,13.79%,$0.00B,$0.07B,5.73%,$0.00B,$0.07B,5.73%,$0.00B,$0.57B,0.72%,$0.01B,$0.10B,5.62%,$7,$1,$6,$0,$5,$6,$1,$0,$1,$0,$1,$1,$1,$0,$0,$6,6,$0.15,$0.15,$23,$0,$0,$490,$10,$51,$0,$8,$78,$568,$462,$36,$3,$39,$501,$54,$9,$0,$67,$568,$3,$1,$3,$4,$0,$0,$0,$0,$0,$7,$1,$0,$0,$0,$-5,$-5,$-25,$-30,$-0,$0,$-0,$-0,$-7,$-1,$27,$19,$-4,$0,$-1
21,2013-06-30,7.67,$11.97,0.64,$5.79,1.32,$4.42,1.74,$0.69,11.11,$0.48B,$0.45B,1.06,$0.04B,$0.06B,0.58,$0.03B,$0.03B,86.21%,$0.03B,$0.01B,24.14%,$0.03B,0,0.00%,$0.03B,0,0.00%,$0.03B,$0.01B,24.14%,$0.03B,$0.00B,13.79%,$0.00B,$0.07B,5.61%,$0.00B,$0.07B,5.61%,$0.00B,$0.55B,0.73%,$0.01B,$0.10B,6.47%,$8,$1,$7,$0,$5,$6,$2,$0,$2,$1,$1,$1,$1,$0,$0,$6,6,$0.22,$0.22,$26,$0,$0,$477,$11,$50,$0,$8,$77,$554,$448,$36,$3,$39,$487,$54,$8,$0,$67,$554,$2,$1,$2,$3,$0,$0,$0,$0,$0,$5,$1,$0,$0,$0,$-4,$-4,$-8,$-11,$0,$0,$0,$-0,$-7,$-1,$13,$6,$-1,$0,$-0
22,2013-03-31,7.92,$13.14,0.6,$6.54,1.21,$2.98,2.66,$1.64,4.83,$0.46B,$0.43B,1.09,$0.04B,$0.06B,0.66,$0.03B,$0.02B,85.71%,$0.03B,$0.01B,25.00%,$0.03B,0,0.00%,$0.03B,0,0.00%,$0.03B,$0.01B,25.00%,$0.03B,$0.01B,25.00%,$0.01B,$0.07B,10.07%,$0.01B,$0.07B,10.07%,$0.01B,$0.54B,1.29%,$0.01B,$0.11B,6.56%,$7,$1,$6,$0,$5,$6,$1,$0,$1,$0,$1,$1,$1,$0,$0,$6,6,$0.12,$0.12,$13,$0,$0,$462,$11,$52,$0,$9,$80,$542,$425,$41,$3,$44,$469,$54,$7,$1,$73,$542,$1,$0,$1,$1,$0,$0,$0,$-1,$-1,$1,$-0,$0,$0,$0,$-5,$-5,$-6,$-11,$5,$0,$5,$-0,$-0,$-0,$-9,$-5,$-14,$0,$-0
23,2012-12-31,6.09,$13.03,0.47,$7.14,0.85,$3.14,1.94,$1.66,3.67,$0.47B,$0.44B,1.08,$0.04B,$0.06B,0.59,$0.03B,$0.02B,82.14%,$0.03B,$0.01B,25.00%,$0.03B,0,0.00%,$0.03B,0,0.00%,$0.03B,$0.01B,25.00%,$0.03B,$0.01B,21.43%,$0.01B,$0.07B,9.20%,$0.01B,$0.07B,9.20%,$0.01B,$0.55B,1.13%,$0.01B,$0.11B,6.91%,$7,$1,$6,$0,$4,$6,$2,$0,$2,$1,$1,$1,$1,$0,$0,$4,4,$0.21,$0.26,$27,$0,$0,$471,$11,$47,$0,$8,$75,$546,$435,$36,$3,$39,$474,$54,$7,$1,$72,$546,$7,$2,$1,$2,$0,$0,$0,$1,$1,$10,$-1,$0,$0,$0,$-5,$-5,$-50,$-56,$-0,$0,$-0,$10,$10,$-1,$30,$39,$-7,$0,$-0
24,2012-09-30,6.49,$13.12,0.49,$7.24,0.9,$2.78,2.34,$1.46,4.45,$0.48B,$0.44B,1.08,$0.04B,$0.06B,0.58,$0.03B,$0.02B,82.14%,$0.03B,$0.00B,10.71%,$0.03B,0,0.00%,$0.03B,0,0.00%,$0.03B,$0.01B,17.86%,$0.03B,$0.01B,17.86%,$0.01B,$0.07B,8.20%,$0.01B,$0.07B,8.20%,$0.01B,$0.55B,0.96%,$0.00B,$0.11B,3.09%,$7,$1,$6,$0,$5,$6,$2,$0,$2,$1,$1,$1,$1,$0,$0,$5,5,$0.21,$0.20,$47,$0,$0,$476,$11,$46,$0,$9,$75,$551,$439,$36,$3,$39,$478,$55,$6,$1,$73,$551,$6,$1,$-0,$1,$0,$0,$0,$0,$0,$7,$-2,$0,$0,$0,$-3,$-3,$-35,$-40,$-0,$0,$-0,$12,$12,$-0,$35,$46,$13,$0,$0
25,2012-06-30,5.12,$17.65,0.29,$7.73,0.66,$3.63,1.41,$1.48,3.46,$0.45B,$0.43B,1.05,$0.04B,$0.05B,0.73,$0.03B,$0.02B,82.14%,$0.03B,$0.00B,7.14%,$0.03B,0,0.00%,$0.03B,0,0.00%,$0.03B,$0.00B,14.29%,$0.03B,$0.01B,17.86%,$0.01B,$0.06B,8.85%,$0.01B,$0.06B,8.85%,$0.01B,$0.52B,0.99%,$0.00B,$0.10B,2.16%,$7,$1,$6,$0,$4,$6,$2,$0,$2,$-2,$4,$4,$4,$0,$0,$3,4,$0.97,$0.94,$33,$0,$0,$448,$10,$42,$0,$14,$77,$524,$425,$36,$3,$39,$464,$44,$5,$1,$60,$524,$5,$1,$-1,$-0,$0,$0,$0,$-5,$-5,$-1,$-1,$0,$0,$0,$0,$0,$-20,$-21,$0,$0,$0,$0,$0,$-0,$21,$20,$-1,$0,$0
26,2012-03-31,5.98,$16.40,0.36,$7.57,0.79,$7.24,0.83,$0.48,12.46,$0.44B,$0.41B,1.07,$0.04B,$0.05B,0.8,$0.03B,$0.02B,82.14%,$0.03B,$0.00B,3.57%,$0.03B,0,0.00%,$0.03B,0,0.00%,$0.03B,$0.00B,10.71%,$0.03B,$0.00B,7.14%,$0.00B,$0.06B,3.62%,$0.00B,$0.06B,3.62%,$0.00B,$0.51B,0.40%,$0.00B,$0.09B,1.10%,$7,$1,$5,$0,$4,$5,$1,$0,$1,$0,$1,$1,$0,$0,$0,$3,4,$0.12,$0.11,$31,$0,$0,$440,$10,$40,$0,$9,$67,$506,$412,$36,$2,$38,$450,$44,$1,$1,$56,$506,$1,$0,$1,$1,$0,$0,$0,$-0,$-0,$2,$-0,$0,$0,$0,$2,$2,$-14,$-12,$0,$0,$0,$0,$0,$-0,$7,$7,$-3,$0,$0
27,2011-12-31,4.63,$16.16,0.29,$7.45,0.62,$7.38,0.63,$0.41,11.3,$0.43B,$0.41B,1.06,$0.04B,$0.04B,0.81,$0.03B,$0.02B,85.19%,$0.03B,$0.00B,3.70%,$0.03B,0,0.00%,$0.03B,0,0.00%,$0.03B,$0.00B,11.11%,$0.03B,$0.00B,7.41%,$0.00B,$0.06B,3.65%,$0.00B,$0.06B,3.65%,$0.00B,$0.50B,0.40%,$0.00B,$0.09B,1.10%,$7,$1,$6,$0,$8,$9,$-2,$0,$0,$0,$0,$0,$0,$0,$0,$4,4,$-0.03,$-0.03,$34,$0,$0,$430,$10,$42,$0,$8,$68,$498,$405,$36,$2,$38,$443,$44,$0,$0,$55,$498,$2,$1,$5,$1,$0,$0,$0,$-0,$1,$2,$4,$0,$0,$0,$-5,$-24,$-26,$-20,$-0,$-0,$0,$0,$0,$-1,$18,$17,$-1,$0,$0
28,2011-09-30,4.67,$16.22,0.29,$7.57,0.62,$12.06,0.39,$-0.17,0.0,$0.43B,$0.41B,1.06,$0.04B,$0.05B,0.81,$0.03B,$0.02B,81.48%,$0.03B,$0.00B,7.41%,$0.03B,0,0.00%,$0.03B,0,0.00%,$0.03B,$0.00B,7.41%,$0.03B,0,0.00%,$0.00B,$0.06B,0.00%,$0.00B,$0.06B,0.00%,$0.00B,$0.50B,0.00%,$0.00B,$0.09B,2.21%,$7,$1,$6,$0,$4,$6,$1,$0,$1,$0,$1,$1,$1,$0,$0,$3,4,$0.21,$0.20,$42,$0,$0,$428,$10,$40,$0,$12,$70,$499,$405,$36,$2,$38,$443,$44,$1,$0,$55,$499,$2,$1,$3,$4,$0,$0,$0,$-2,$-2,$4,$3,$0,$0,$0,$-3,$-3,$-14,$-14,$-0,$0,$-0,$0,$0,$-0,$18,$18,$7,$0,$0
29,2011-06-30,5.13,$16.02,0.32,$7.44,0.69,$15.84,0.32,$-0.40,0.0,$0.42B,$0.40B,1.06,$0.04B,$0.04B,0.82,$0.03B,$0.02B,80.77%,$0.03B,$0.00B,3.85%,$0.03B,0,0.00%,$0.03B,0,0.00%,$0.03B,$0.00B,3.85%,$0.03B,$-0.00B,-3.85%,$-0.00B,$0.06B,-1.83%,$-0.00B,$0.06B,-1.83%,$-0.00B,$0.49B,-0.20%,$0.00B,$0.09B,1.10%,$7,$1,$6,$0,$4,$6,$1,$0,$1,$0,$1,$1,$1,$0,$0,$3,4,$0.18,$0.17,$34,$0,$0,$423,$10,$42,$0,$10,$69,$492,$400,$36,$2,$38,$438,$44,$-0,$1,$55,$492,$1,$1,$2,$2,$0,$0,$0,$0,$0,$4,$7,$0,$0,$0,$-10,$-10,$-14,$-17,$0,$0,$0,$0,$0,$-0,$13,$13,$-0,$0,$0
30,2011-03-31,5.14,$15.82,0.33,$7.33,0.7,$20.79,0.25,$-1.30,0.0,$0.42B,$0.40B,1.06,$0.04B,$0.04B,0.83,$0.03B,$0.02B,80.00%,$0.03B,$-0.00B,-16.00%,$0.03B,0,0.00%,$0.03B,0,0.00%,$0.03B,$-0.00B,-16.00%,$0.03B,$-0.00B,-16.00%,$-0.00B,$0.05B,-7.27%,$-0.00B,$0.05B,-7.27%,$-0.00B,$0.49B,-0.81%,$-0.00B,$0.09B,-4.41%,$6,$1,$5,$0,$4,$5,$1,$0,$1,$0,$0,$0,$0,$0,$0,$3,4,$0.07,$0.07,$54,$0,$0,$423,$10,$41,$0,$10,$70,$493,$401,$36,$2,$38,$439,$44,$-1,$1,$54,$493,$0,$0,$1,$1,$0,$0,$0,$-0,$-0,$1,$0,$0,$0,$0,$-4,$-4,$7,$4,$0,$0,$0,$0,$0,$-0,$14,$14,$19,$0,$0
31,2010-12-31,3.91,$0.00,0.0,$7.50,0.52,$24.38,0.16,$-0.34,0.0,$0.41B,$0.39B,1.07,$0.04B,$0.04B,0.84,$0.03B,$0.02B,80.00%,$0.03B,$-0.01B,-20.00%,$0.03B,0,0.00%,$0.03B,0,0.00%,$0.03B,$-0.01B,-20.00%,$0.03B,0,0.00%,$0.00B,$0.05B,0.00%,$0.00B,$0.05B,0.00%,$0.00B,$0.48B,0.00%,$-0.01B,$0.09B,-5.43%,$7,$2,$5,$0,$6,$7,$-1,$0,$-1,$1,$-2,$-2,$-2,$0,$0,$3,3,$-0.61,$-0.61,$35,$0,$0,$412,$0,$37,$0,$14,$52,$479,$387,$36,$2,$38,$425,$44,$-1,$0,$54,$479,$-0,$2,$6,$2,$0,$0,$0,$13,$13,$19,$2,$0,$0,$0,$12,$-9,$3,$5,$-0,$-0,$0,$0,$-1,$0,$-35,$-35,$-11,$0,$0
32,2010-09-30,4.36,$0.00,0.0,$7.73,0.56,$15.65,0.28,$0.22,19.81,$0.43B,$0.41B,1.05,$0.04B,$0.05B,0.8,$0.03B,$0.02B,80.77%,$0.03B,$-0.00B,-15.38%,$0.03B,0,0.00%,$0.03B,0,0.00%,$0.03B,$-0.00B,-15.38%,$0.03B,$0.00B,7.69%,$0.00B,$0.06B,3.54%,$0.00B,$0.06B,3.54%,$0.00B,$0.50B,0.40%,$-0.00B,$0.09B,-4.34%,$6,$2,$5,$0,$5,$6,$0,$0,$0,$0,$0,$0,$0,$0,$0,$3,3,$-0.03,$-0.03,$49,$0,$0,$427,$0,$47,$0,$16,$63,$499,$405,$36,$2,$38,$443,$44,$0,$0,$56,$499,$1,$1,$0,$1,$0,$0,$0,$0,$13,$18,$2,$0,$0,$0,$0,$1,$-0,$3,$0,$-0,$0,$0,$0,$-1,$-17,$-17,$3,$0,$0
33,2010-06-30,5.55,$0.00,0.0,$8.37,0.66,$11.28,0.49,$0.70,7.93,$0.43B,$0.41B,1.06,$0.04B,$0.05B,0.77,$0.03B,$0.02B,79.31%,$0.03B,$-0.00B,-3.45%,$0.03B,0,0.00%,$0.03B,0,0.00%,$0.03B,$-0.00B,-3.45%,$0.03B,$0.00B,13.79%,$0.00B,$0.06B,7.08%,$0.00B,$0.06B,7.08%,$0.00B,$0.50B,0.79%,$-0.00B,$0.09B,-1.08%,$6,$2,$5,$0,$8,$10,$-4,$0,$-4,$-1,$-2,$-2,$-2,$0,$0,$3,3,$-0.73,$-0.73,$52,$0,$0,$430,$0,$44,$0,$16,$60,$501,$406,$35,$4,$39,$445,$44,$1,$0,$56,$501,$1,$1,$0,$1,$0,$0,$0,$0,$13,$16,$12,$0,$0,$0,$0,$-6,$0,$6,$0,$0,$0,$0,$0,$-0,$-16,$-16,$6,$0,$0
34,2010-03-31,4.03,$0.00,0.0,$8.37,0.48,$3.65,1.1,$1.56,2.59,$0.43B,$0.41B,1.06,$0.04B,$0.05B,0.75,$0.03B,$0.02B,75.86%,$0.03B,$0.00B,13.79%,$0.03B,0,0.00%,$0.03B,0,0.00%,$0.03B,$0.00B,13.79%,$0.03B,$0.01B,24.14%,$0.01B,$0.06B,12.50%,$0.01B,$0.06B,12.50%,$0.01B,$0.50B,1.38%,$0.00B,$0.10B,4.35%,$6,$2,$5,$0,$5,$6,$0,$0,$0,$-3,$4,$4,$4,$0,$0,$3,3,$1.03,$1.03,$56,$0,$0,$429,$0,$48,$0,$15,$64,$502,$405,$36,$2,$38,$444,$44,$4,$0,$59,$502,$4,$0,$0,$0,$0,$0,$0,$0,$-0,$13,$1,$0,$0,$0,$0,$12,$-0,$13,$0,$0,$0,$0,$0,$-0,$-16,$-16,$10,$0,$0
35,2009-12-31,3.96,$0.00,0.0,$8.46,0.47,$-0.26,0.0,$0.56,7.08,$0.43B,$0.42B,1.01,$0.04B,$0.05B,0.81,$0.03B,$0.02B,72.41%,$0.03B,$0.00B,13.79%,$0.03B,0,0.00%,$0.03B,0,0.00%,$0.03B,$0.00B,13.79%,$0.03B,$0.00B,10.34%,$0.00B,$0.06B,5.80%,$0.00B,$0.06B,5.80%,$0.00B,$0.52B,0.60%,$0.00B,$0.09B,4.56%,$8,$2,$6,$0,$6,$8,$-0,$0,$-0,$-0,$0,$0,$0,$0,$0,$4,4,$-0.05,$-0.05,$46,$0,$0,$425,$0,$56,$0,$24,$80,$515,$421,$36,$3,$39,$460,$43,$0,$0,$55,$515,$2,$2,$0,$2,$0,$0,$0,$0,$-15,$-8,$-0,$0,$0,$0,$0,$-19,$-29,$-47,$0,$-0,$0,$0,$11,$-1,$81,$91,$35,$0,$0
36,2009-09-30,3.5,$0.00,0.0,$8.05,0.44,$4.54,0.77,$0.54,6.49,$0.40B,$0.42B,0.97,$0.04B,$0.05B,0.8,$0.03B,$0.02B,70.37%,$0.03B,$0.00B,14.81%,$0.03B,0,0.00%,$0.03B,0,0.00%,$0.03B,$0.00B,14.81%,$0.03B,$0.00B,11.11%,$0.00B,$0.06B,6.19%,$0.00B,$0.06B,6.19%,$0.00B,$0.51B,0.62%,$0.00B,$0.09B,4.73%,$9,$2,$7,$0,$4,$6,$3,$0,$3,$1,$2,$2,$2,$0,$0,$3,3,$0.45,$0.45,$24,$0,$0,$404,$0,$90,$0,$9,$99,$513,$419,$36,$3,$39,$457,$43,$0,$0,$56,$513,$2,$1,$0,$1,$0,$0,$0,$0,$-1,$5,$-0,$0,$0,$0,$0,$-50,$-29,$-79,$0,$-0,$0,$0,$11,$-0,$77,$87,$13,$0,$0
37,2009-06-30,3.85,$0.00,0.0,$7.41,0.52,$5.22,0.74,$0.15,25.63,$0.38B,$0.41B,0.92,$0.04B,$0.04B,0.83,$0.02B,$0.02B,66.67%,$0.02B,$0.00B,4.17%,$0.02B,0,0.00%,$0.02B,0,0.00%,$0.02B,$0.00B,4.17%,$0.02B,$0.00B,4.17%,$0.00B,$0.05B,2.23%,$0.00B,$0.05B,2.23%,$0.00B,$0.51B,0.21%,$0.00B,$0.09B,1.23%,$6,$2,$4,$0,$4,$5,$1,$0,$1,$0,$1,$1,$1,$0,$0,$3,3,$0.14,$0.13,$13,$0,$0,$381,$0,$104,$0,$10,$115,$506,$413,$36,$3,$39,$452,$43,$-1,$0,$54,$506,$1,$1,$0,$1,$0,$0,$0,$0,$-0,$2,$-0,$0,$0,$0,$0,$-53,$-0,$-53,$0,$0,$0,$0,$11,$0,$42,$53,$2,$0,$0
38,2009-03-31,3.42,$0.00,0.0,$8.44,0.4,$6.09,0.56,$0.54,6.33,$0.39B,$0.39B,1.01,$0.04B,$0.04B,0.87,$0.03B,$0.02B,67.86%,$0.03B,$0.00B,10.71%,$0.03B,0,0.00%,$0.03B,0,0.00%,$0.03B,$0.00B,10.71%,$0.03B,$0.00B,7.14%,$0.00B,$0.04B,4.82%,$0.00B,$0.04B,4.82%,$0.00B,$0.47B,0.45%,$0.00B,$0.08B,3.86%,$6,$2,$4,$0,$4,$6,$0,$0,$0,$0,$0,$0,$0,$0,$0,$3,3,$0.03,$0.03,$22,$0,$0,$388,$0,$57,$0,$10,$67,$466,$386,$36,$3,$39,$425,$43,$-2,$0,$42,$466,$0,$0,$0,$0,$0,$0,$0,$0,$-0,$1,$-0,$0,$0,$0,$0,$-4,$0,$-4,$0,$0,$0,$0,$0,$0,$15,$15,$11,$0,$0
39,2008-12-31,3.76,$0.00,0.0,$8.47,0.44,$6.01,0.63,$0.55,6.84,$0.38B,$0.37B,1.02,$0.04B,$0.04B,0.87,$0.03B,$0.02B,62.07%,$0.03B,$0.00B,10.34%,$0.03B,0,0.00%,$0.03B,0,0.00%,$0.03B,$0.00B,10.34%,$0.03B,$0.00B,6.90%,$0.00B,$0.04B,4.88%,$0.00B,$0.04B,4.88%,$0.00B,$0.45B,0.46%,$0.00B,$0.08B,3.86%,$6,$3,$4,$0,$4,$7,$-0,$0,$-0,$-0,$-0,$-0,$-0,$0,$0,$4,4,$-0.07,$-0.07,$11,$0,$0,$377,$0,$53,$0,$10,$64,$451,$371,$36,$3,$39,$410,$43,$-2,$0,$42,$451,$2,$1,$0,$1,$0,$0,$0,$0,$0,$7,$1,$0,$0,$0,$0,$-47,$1,$-44,$0,$-2,$-8,$0,$-0,$0,$50,$40,$4,$0,$0
40,2008-09-30,4.49,$0.00,0.0,$8.90,0.51,$4.37,1.03,$0.77,5.84,$0.37B,$0.36B,1.03,$0.04B,$0.04B,0.87,$0.03B,$0.02B,58.06%,$0.03B,$0.00B,12.90%,$0.03B,0,0.00%,$0.03B,0,0.00%,$0.03B,$0.00B,12.90%,$0.03B,$0.00B,9.68%,$0.00B,$0.04B,7.45%,$0.00B,$0.04B,7.45%,$0.00B,$0.44B,0.70%,$0.00B,$0.08B,5.18%,$6,$3,$4,$0,$3,$6,$0,$0,$0,$0,$0,$0,$0,$0,$0,$3,3,$0.06,$0.06,$13,$0,$0,$371,$0,$48,$0,$10,$58,$441,$361,$36,$3,$39,$400,$43,$-1,$0,$41,$441,$2,$1,$0,$1,$0,$0,$0,$0,$1,$6,$1,$0,$0,$0,$0,$-32,$1,$-30,$0,$-10,$0,$0,$-0,$0,$40,$30,$6,$0,$0
41,2008-06-30,5.98,$0.00,0.0,$9.36,0.64,$2.91,2.05,$3.06,1.95,$0.39B,$0.36B,1.08,$0.04B,$0.04B,0.89,$0.03B,$0.02B,54.55%,$0.03B,$0.01B,15.15%,$0.03B,0,0.00%,$0.03B,0,0.00%,$0.03B,$0.01B,15.15%,$0.03B,$0.01B,33.33%,$0.01B,$0.04B,27.67%,$0.01B,$0.04B,27.67%,$0.01B,$0.44B,2.64%,$0.01B,$0.08B,6.49%,$10,$3,$7,$0,$4,$7,$3,$0,$3,$1,$2,$2,$2,$0,$0,$3,3,$0.52,$0.52,$27,$0,$0,$385,$0,$30,$0,$10,$41,$437,$357,$36,$3,$39,$396,$43,$-2,$0,$41,$437,$2,$1,$0,$1,$0,$0,$0,$0,$1,$5,$-0,$0,$0,$0,$0,$-13,$1,$-11,$0,$-10,$0,$0,$-0,$0,$36,$26,$20,$0,$0
42,2008-03-31,7.26,$0.00,0.0,$8.64,0.84,$2.07,3.5,$2.70,2.69,$0.37B,$0.34B,1.09,$0.04B,$0.04B,0.97,$0.03B,$0.02B,50.00%,$0.03B,$0.00B,10.00%,$0.03B,0,0.00%,$0.03B,0,0.00%,$0.03B,$0.00B,10.00%,$0.03B,$0.01B,33.33%,$0.01B,$0.04B,27.03%,$0.01B,$0.04B,27.03%,$0.01B,$0.42B,2.47%,$0.00B,$0.08B,4.00%,$7,$4,$3,$0,$3,$7,$0,$0,$0,$0,$0,$0,$0,$0,$0,$3,3,$0.04,$0.04,$9,$0,$0,$365,$0,$30,$0,$11,$41,$417,$336,$38,$3,$41,$378,$43,$-3,$0,$40,$417,$0,$0,$0,$0,$0,$0,$0,$0,$0,$0,$-0,$0,$0,$0,$0,$-8,$1,$-7,$0,$3,$0,$0,$0,$0,$5,$8,$2,$0,$0
43,2007-12-31,7.67,$0.00,0.0,$8.92,0.86,$2.21,3.46,$2.96,2.59,$0.36B,$0.33B,1.09,$0.04B,$0.04B,0.92,$0.03B,$0.02B,51.61%,$0.03B,$0.00B,12.90%,$0.03B,0,0.00%,$0.03B,0,0.00%,$0.03B,$0.00B,12.90%,$0.03B,$0.01B,35.48%,$0.01B,$0.04B,31.88%,$0.01B,$0.04B,31.88%,$0.01B,$0.41B,2.79%,$0.00B,$0.08B,5.52%,$8,$4,$4,$0,$3,$7,$1,$0,$1,$0,$1,$1,$1,$0,$0,$4,4,$0.15,$0.15,$8,$0,$0,$359,$0,$27,$0,$12,$38,$409,$330,$36,$3,$39,$370,$43,$-4,$0,$39,$409,$10,$1,$0,$1,$0,$0,$0,$0,$-0,$4,$-1,$0,$0,$0,$0,$-253,$-9,$-34,$0,$8,$-0,$0,$0,$0,$18,$25,$-4,$0,$0
44,2007-09-30,7.48,$0.00,0.0,$8.61,0.87,$1.83,4.08,$2.91,2.57,$0.35B,$0.32B,1.1,$0.04B,$0.04B,0.99,$0.03B,$0.02B,51.72%,$0.03B,$0.00B,10.34%,$0.03B,0,0.00%,$0.03B,0,0.00%,$0.03B,$0.00B,10.34%,$0.03B,$0.01B,34.48%,$0.01B,$0.04B,31.25%,$0.01B,$0.04B,31.25%,$0.01B,$0.40B,2.58%,$0.00B,$0.08B,4.27%,$8,$4,$4,$0,$3,$7,$1,$0,$1,$-8,$8,$8,$8,$0,$0,$3,3,$2.35,$2.35,$15,$0,$0,$354,$0,$22,$0,$12,$34,$401,$321,$38,$3,$41,$363,$43,$-4,$0,$39,$401,$10,$1,$0,$1,$0,$0,$0,$0,$-0,$3,$-1,$0,$0,$0,$0,$-7,$-6,$-14,$0,$0,$-0,$0,$0,$0,$9,$9,$-2,$0,$0
45,2007-06-30,8.08,$0.00,0.0,$8.23,0.98,$1.65,4.88,$0.76,10.63,$0.35B,$0.32B,1.09,$0.04B,$0.03B,1.26,$0.03B,$0.01B,50.00%,$0.03B,$0.00B,7.14%,$0.03B,0,0.00%,$0.03B,0,0.00%,$0.03B,$0.00B,7.14%,$0.03B,$0.00B,10.71%,$0.00B,$0.03B,10.26%,$0.00B,$0.03B,10.26%,$0.00B,$0.39B,0.79%,$0.00B,$0.07B,2.95%,$7,$4,$4,$0,$3,$7,$1,$0,$1,$0,$1,$1,$1,$0,$0,$3,3,$0.16,$0.16,$15,$0,$0,$349,$0,$28,$0,$4,$32,$393,$321,$38,$3,$42,$363,$43,$-12,$0,$30,$393,$2,$0,$0,$0,$0,$0,$0,$0,$0,$2,$-0,$0,$0,$0,$0,$-8,$-3,$-11,$0,$0,$0,$0,$0,$0,$9,$9,$0,$0,$0
46,2007-03-31,7.91,$0.00,0.0,$7.67,1.03,$1.42,5.57,$0.65,12.17,$0.33B,$0.30B,1.07,$0.04B,$0.03B,1.28,$0.03B,$0.01B,48.15%,$0.03B,$0.00B,3.70%,$0.03B,0,0.00%,$0.03B,0,0.00%,$0.03B,$0.00B,3.70%,$0.03B,$0.00B,7.41%,$0.00B,$0.03B,7.02%,$0.00B,$0.03B,7.02%,$0.00B,$0.38B,0.54%,$0.00B,$0.07B,1.50%,$8,$4,$4,$0,$3,$7,$1,$0,$1,$0,$1,$1,$1,$0,$0,$3,3,$0.30,$0.30,$13,$0,$0,$326,$0,$32,$0,$5,$37,$376,$304,$38,$3,$41,$346,$43,$-13,$0,$30,$376,$1,$0,$0,$0,$0,$0,$0,$0,$-0,$1,$-0,$0,$0,$0,$0,$4,$4,$8,$0,$0,$0,$0,$0,$0,$-8,$-8,$1,$0,$0
47,2006-12-31,9.83,$0.00,0.0,$5.39,1.82,$1.17,8.42,$0.35,28.08,$0.33B,$0.31B,1.05,$0.04B,$0.03B,1.33,$0.03B,$0.01B,52.00%,$0.03B,$0.00B,4.00%,$0.03B,0,0.00%,$0.03B,0,0.00%,$0.03B,0,0.00%,$0.03B,$0.00B,4.00%,$0.00B,$0.03B,3.60%,$0.00B,$0.03B,3.60%,$0.00B,$0.38B,0.28%,$0.00B,$0.07B,1.52%,$6,$4,$3,$0,$2,$6,$0,$0,$0,$0,$0,$0,$0,$0,$0,$3,3,$0.10,$0.10,$12,$0,$0,$329,$0,$37,$0,$5,$41,$383,$312,$38,$3,$42,$354,$43,$-14,$0,$29,$383,$2,$1,$0,$1,$0,$0,$0,$0,$0,$2,$-0,$0,$0,$0,$0,$-80,$0,$-81,$0,$0,$2,$0,$0,$0,$80,$82,$3,$0,$0
