,Date,Stock Price,Book Value per Share,Price to Book Ratio,TTM Sales per Share,Price to Sales Ratio,TTM FCF per Share,Price to FCF Ratio,TTM Net EPS,PE Ratio,Current Assets,Current Liabilities,Current Ratio,Long Term Debt,Shareholder's Equity_x,Debt to Equity Ratio,TTM Revenue_x,TTM Gross Profit,Gross Margin,TTM Revenue_y,TTM Operating Income,Operating Margin,TTM Revenue_x,TTM EBIT,EBIT Margin,TTM Revenue_y,TTM EBITDA,EBITDA Margin,TTM Revenue_x,TTM Pre-Tax Income,Pre-Tax Margin,TTM Revenue_y,TTM Net Income_x,Net Margin,TTM Net Income_y,Shareholder's Equity_y,Return on Equity,TTM Net Income_x,Tangible Equity,Return on Tangible Equity,TTM Net Income_y,Total Assets,Return on Assets,TTM Net Income,LT Investments & Debt,Return on Investment,revenue,cost-goods-sold,gross-profit,research-development-expenses,selling-general-administrative-expenses,operating-expenses,operating-income,total-non-operating-income-expense,pre-tax-income,total-provision-income-taxes,income-after-taxes,income-from-continuous-operations,net-income,ebitda,ebit,basic-shares-outstanding,shares-outstanding,eps-basic-net-earnings-per-share,eps-earnings-per-share-diluted,cash-on-hand,inventory,other-current-assets,total-current-assets,net-property-plant-equipment,long-term-investments,goodwill-intangible-assets-total,other-long-term-assets,total-long-term-assets,total-assets,total-current-liabilities,long-term-debt,other-non-current-liabilities,total-long-term-liabilities,total-liabilities,common-stock-net,retained-earnings-accumulated-deficit,comprehensive-income,total-share-holder-equity,total-liabilities-share-holders-equity,net-income-loss,total-depreciation-amortization-cash-flow,other-non-cash-items,total-non-cash-items,change-in-accounts-receivable,change-in-inventories,change-in-accounts-payable,change-in-assets-liabilities,total-change-in-assets-liabilities,cash-flow-from-operating-activities,net-change-in-property-plant-equipment,net-change-in-intangible-assets,net-acquisitions-divestitures,net-change-in-short-term-investments,net-change-in-long-term-investments,net-change-in-investments-total,investing-activities-other,cash-flow-from-investing-activities,net-long-term-debt,net-current-debt,debt-issuance-retirement-net-total,net-common-equity-issued-repurchased,net-total-equity-issued-repurchased,total-common-preferred-stock-dividends-paid,financial-activities-other,cash-flow-from-financial-activities,net-cash-flow,stock-based-compensation,common-stock-dividends-paid
0,2018-09-30,36.85,$22.56,1.63,$11.19,3.29,$6.76,5.45,$1.79,20.59,$1.51B,$1.53B,0.98,$0.28B,$0.19B,1.44,$0.09B,$0.08B,83.70%,$0.09B,$0.02B,22.83%,$0.09B,0,0.00%,$0.09B,0,0.00%,$0.09B,$0.02B,22.83%,$0.09B,$0.01B,15.22%,$0.01B,$0.19B,7.69%,$0.01B,$0.17B,8.70%,$0.01B,$2.02B,0.74%,$0.02B,$0.47B,4.78%,$26,$4,$21,$0,$15,$20,$6,$0,$6,$1,$5,$5,$5,$0,$0,$9,9,$0.63,$0.62,$36,$0,$0,$1505,$26,$374,$26,$79,$516,$2021,$1531,$279,$17,$296,$1827,$0,$83,$-8,$194,$2021,$14,$4,$-2,$2,$1,$0,$1,$-1,$1,$16,$1,$0,$-8,$6,$-6,$0,$-43,$-49,$28,$0,$28,$0,$0,$-5,$14,$37,$5,$0,$-5
1,2018-06-30,37.75,$22.44,1.68,$10.82,3.49,$6.75,5.6,$1.67,22.6,$1.49B,$1.52B,0.98,$0.28B,$0.19B,1.46,$0.09B,$0.07B,85.88%,$0.09B,$0.02B,23.53%,$0.09B,0,0.00%,$0.09B,0,0.00%,$0.09B,$0.02B,23.53%,$0.09B,$0.01B,15.29%,$0.01B,$0.19B,7.60%,$0.01B,$0.17B,8.32%,$0.01B,$2.01B,0.72%,$0.02B,$0.47B,4.84%,$25,$4,$21,$0,$17,$21,$5,$0,$5,$1,$4,$4,$4,$0,$0,$9,9,$0.49,$0.48,$37,$0,$0,$1493,$26,$375,$27,$79,$518,$2011,$1520,$281,$17,$298,$1819,$0,$80,$-5,$193,$2011,$8,$2,$1,$4,$1,$0,$1,$-1,$1,$13,$0,$0,$-8,$6,$-4,$2,$-32,$-37,$30,$0,$30,$0,$0,$-3,$3,$30,$6,$0,$-3
2,2018-03-31,36.08,$22.28,1.62,$10.49,3.44,$6.00,6.01,$1.71,21.1,$1.49B,$1.54B,0.97,$0.25B,$0.19B,1.3,$0.08B,$0.07B,87.34%,$0.08B,$0.02B,25.32%,$0.08B,0,0.00%,$0.08B,0,0.00%,$0.08B,$0.02B,25.32%,$0.08B,$0.01B,16.46%,$0.01B,$0.19B,8.16%,$0.01B,$0.16B,8.61%,$0.01B,$2.00B,0.77%,$0.02B,$0.44B,5.11%,$21,$3,$18,$0,$13,$17,$5,$0,$5,$1,$4,$4,$4,$0,$0,$8,8,$0.51,$0.50,$46,$0,$0,$1486,$26,$367,$28,$78,$510,$1996,$1540,$249,$16,$265,$1805,$0,$77,$-4,$191,$1996,$4,$1,$1,$2,$1,$0,$-1,$-0,$0,$6,$0,$0,$-8,$6,$6,$12,$-16,$-12,$-2,$0,$-2,$0,$0,$-2,$23,$19,$14,$0,$-2
3,2017-12-31,38.18,$20.34,1.88,$10.26,3.72,$5.75,6.64,$1.64,23.28,$1.20B,$1.20B,1.0,$0.22B,$0.15B,1.47,$0.08B,$0.07B,88.16%,$0.08B,$0.02B,25.00%,$0.08B,0,0.00%,$0.08B,0,0.00%,$0.08B,$0.02B,25.00%,$0.08B,$0.01B,15.79%,$0.01B,$0.15B,8.15%,$0.01B,$0.15B,8.25%,$0.01B,$1.59B,0.76%,$0.02B,$0.37B,5.10%,$20,$3,$17,$0,$12,$15,$5,$0,$5,$3,$1,$1,$1,$0,$0,$7,8,$0.19,$0.19,$29,$0,$0,$1202,$22,$289,$2,$68,$387,$1589,$1202,$221,$15,$237,$1439,$0,$75,$0,$150,$1589,$12,$5,$3,$8,$1,$0,$0,$-1,$0,$20,$-1,$0,$0,$-0,$-26,$-26,$-14,$-41,$-23,$0,$-23,$1,$1,$-5,$49,$22,$0,$0,$-5
4,2017-09-30,37.9,$20.33,1.86,$10.05,3.77,$6.96,5.44,$1.88,20.16,$1.21B,$1.20B,1.01,$0.22B,$0.15B,1.44,$0.07B,$0.07B,89.19%,$0.07B,$0.02B,24.32%,$0.07B,0,0.00%,$0.07B,0,0.00%,$0.07B,$0.02B,24.32%,$0.07B,$0.01B,18.92%,$0.01B,$0.15B,9.67%,$0.01B,$0.15B,9.79%,$0.01B,$1.58B,0.89%,$0.02B,$0.37B,4.79%,$19,$3,$17,$0,$12,$15,$5,$0,$5,$1,$4,$4,$4,$0,$0,$7,8,$0.51,$0.50,$28,$0,$0,$1210,$21,$271,$2,$67,$372,$1582,$1199,$217,$16,$233,$1432,$0,$74,$0,$150,$1582,$11,$4,$0,$4,$1,$0,$-0,$-1,$0,$15,$-0,$0,$0,$-0,$-7,$-8,$-23,$-31,$-28,$0,$-28,$1,$1,$-4,$46,$15,$-1,$0,$-4
5,2017-06-30,35.03,$19.92,1.76,$9.95,3.52,$6.61,5.3,$1.85,18.93,$1.21B,$1.17B,1.03,$0.24B,$0.15B,1.64,$0.07B,$0.07B,87.84%,$0.07B,$0.02B,24.32%,$0.07B,0,0.00%,$0.07B,0,0.00%,$0.07B,$0.02B,24.32%,$0.07B,$0.01B,17.57%,$0.01B,$0.15B,9.09%,$0.01B,$0.15B,9.20%,$0.01B,$1.58B,0.84%,$0.02B,$0.39B,4.71%,$19,$3,$17,$0,$12,$14,$5,$0,$5,$1,$4,$4,$4,$0,$0,$7,7,$0.53,$0.52,$27,$0,$0,$1208,$21,$268,$2,$67,$368,$1576,$1173,$240,$16,$257,$1430,$0,$72,$0,$146,$1576,$7,$2,$-4,$-2,$1,$0,$-0,$-1,$0,$5,$0,$0,$0,$-1,$-3,$-4,$-16,$-20,$-5,$0,$-5,$0,$0,$-2,$20,$13,$-2,$0,$-2
6,2017-03-31,30.81,$19.42,1.59,$9.89,3.11,$6.58,4.68,$1.88,16.39,$1.18B,$1.17B,1.01,$0.22B,$0.14B,1.56,$0.07B,$0.07B,87.84%,$0.07B,$0.02B,24.32%,$0.07B,0,0.00%,$0.07B,0,0.00%,$0.07B,$0.02B,24.32%,$0.07B,$0.01B,17.57%,$0.01B,$0.14B,9.15%,$0.01B,$0.14B,9.29%,$0.01B,$1.55B,0.85%,$0.02B,$0.37B,4.69%,$18,$2,$16,$0,$12,$14,$4,$0,$4,$1,$3,$3,$3,$0,$0,$7,7,$0.44,$0.43,$24,$0,$0,$1184,$21,$266,$2,$66,$367,$1551,$1171,$223,$15,$238,$1409,$0,$69,$-1,$143,$1551,$3,$1,$-1,$0,$1,$0,$-1,$-0,$0,$4,$0,$0,$0,$-0,$-4,$-4,$1,$-3,$-22,$0,$-22,$0,$0,$-1,$18,$-6,$-5,$0,$-1
7,2016-12-31,32.16,$19.12,1.68,$9.69,3.32,$6.73,4.78,$1.76,18.27,$1.19B,$1.15B,1.03,$0.25B,$0.14B,1.75,$0.07B,$0.06B,87.67%,$0.07B,$0.02B,23.29%,$0.07B,0,0.00%,$0.07B,0,0.00%,$0.07B,$0.02B,23.29%,$0.07B,$0.01B,16.44%,$0.01B,$0.14B,8.48%,$0.01B,$0.14B,8.60%,$0.01B,$1.55B,0.79%,$0.02B,$0.39B,4.42%,$18,$2,$16,$0,$12,$14,$4,$0,$4,$1,$3,$3,$3,$0,$0,$7,8,$0.43,$0.43,$28,$0,$0,$1189,$21,$261,$2,$68,$364,$1553,$1153,$245,$15,$260,$1413,$0,$67,$-1,$140,$1553,$13,$5,$3,$8,$-1,$0,$-0,$-1,$-2,$19,$10,$0,$0,$-1,$6,$5,$-92,$-77,$10,$0,$10,$-3,$-3,$-4,$62,$64,$6,$0,$-4
8,2016-09-30,26.79,$19.55,1.37,$9.59,2.79,$5.05,5.31,$1.77,15.14,$1.16B,$1.13B,1.03,$0.25B,$0.14B,1.73,$0.07B,$0.06B,86.30%,$0.07B,$0.02B,23.29%,$0.07B,0,0.00%,$0.07B,0,0.00%,$0.07B,$0.02B,23.29%,$0.07B,$0.01B,16.44%,$0.01B,$0.14B,8.53%,$0.01B,$0.14B,8.65%,$0.01B,$1.53B,0.80%,$0.02B,$0.39B,4.45%,$19,$2,$16,$0,$12,$14,$5,$0,$5,$1,$3,$3,$3,$0,$0,$7,7,$0.48,$0.47,$26,$0,$0,$1157,$32,$268,$2,$65,$377,$1534,$1126,$248,$17,$265,$1391,$0,$65,$4,$143,$1534,$10,$4,$-3,$1,$1,$0,$1,$-1,$0,$11,$0,$0,$0,$-1,$8,$7,$-56,$-48,$13,$0,$13,$-3,$-3,$-3,$34,$41,$4,$0,$-3
9,2016-06-30,26.29,$19.33,1.36,$9.41,2.8,$5.35,4.91,$1.73,15.2,$1.14B,$1.10B,1.04,$0.25B,$0.14B,1.79,$0.07B,$0.06B,87.32%,$0.07B,$0.02B,23.94%,$0.07B,0,0.00%,$0.07B,0,0.00%,$0.07B,$0.02B,23.94%,$0.07B,$0.01B,16.90%,$0.01B,$0.14B,8.65%,$0.01B,$0.14B,8.79%,$0.01B,$1.51B,0.81%,$0.02B,$0.40B,4.54%,$19,$2,$17,$0,$11,$14,$5,$0,$5,$1,$4,$4,$4,$0,$0,$7,8,$0.56,$0.55,$35,$0,$0,$1138,$32,$262,$2,$67,$373,$1510,$1097,$253,$19,$272,$1369,$0,$63,$5,$142,$1510,$7,$3,$-3,$-0,$-1,$0,$0,$-1,$-1,$5,$-0,$0,$0,$-1,$19,$18,$-28,$-10,$18,$0,$18,$-3,$-3,$-2,$5,$17,$13,$0,$-2
10,2016-03-31,24.1,$18.87,1.28,$9.15,2.63,$4.94,4.88,$1.61,14.97,$1.11B,$1.11B,1.0,$0.23B,$0.14B,1.62,$0.07B,$0.06B,86.96%,$0.07B,$0.02B,24.64%,$0.07B,0,0.00%,$0.07B,0,0.00%,$0.07B,$0.02B,24.64%,$0.07B,$0.01B,15.94%,$0.01B,$0.14B,8.09%,$0.01B,$0.14B,8.24%,$0.01B,$1.50B,0.75%,$0.02B,$0.37B,4.67%,$17,$2,$15,$0,$12,$14,$3,$0,$3,$1,$2,$2,$2,$0,$0,$7,8,$0.32,$0.31,$32,$0,$0,$1112,$32,$277,$2,$67,$387,$1499,$1114,$228,$17,$245,$1358,$0,$59,$4,$141,$1499,$2,$1,$1,$2,$-0,$0,$2,$-0,$1,$6,$-1,$0,$0,$-1,$-2,$-3,$-7,$-10,$-7,$0,$-7,$0,$0,$-1,$23,$14,$10,$0,$-1
11,2015-12-31,23.58,$18.46,1.28,$9.14,2.58,$4.29,5.49,$1.63,14.47,$1.10B,$1.09B,1.0,$0.24B,$0.14B,1.72,$0.07B,$0.06B,86.96%,$0.07B,$0.02B,26.09%,$0.07B,0,0.00%,$0.07B,0,0.00%,$0.07B,$0.02B,26.09%,$0.07B,$0.01B,15.94%,$0.01B,$0.14B,8.26%,$0.01B,$0.14B,8.41%,$0.01B,$1.48B,0.76%,$0.02B,$0.37B,5.09%,$18,$2,$15,$0,$11,$13,$4,$0,$4,$1,$3,$3,$3,$0,$0,$7,8,$0.44,$0.43,$21,$0,$0,$1095,$31,$272,$2,$67,$383,$1478,$1091,$235,$15,$250,$1341,$0,$58,$1,$137,$1478,$12,$5,$1,$6,$-1,$0,$0,$-1,$-2,$16,$-0,$0,$0,$0,$-3,$-3,$-64,$-68,$32,$0,$32,$2,$2,$-4,$12,$43,$-9,$0,$-4
12,2015-09-30,22.14,$18.27,1.21,$9.17,2.41,$4.68,4.73,$1.67,13.26,$1.07B,$1.08B,0.99,$0.23B,$0.14B,1.67,$0.07B,$0.06B,86.96%,$0.07B,$0.02B,26.09%,$0.07B,0,0.00%,$0.07B,0,0.00%,$0.07B,$0.02B,26.09%,$0.07B,$0.01B,17.39%,$0.01B,$0.14B,9.18%,$0.01B,$0.13B,9.38%,$0.01B,$1.46B,0.83%,$0.02B,$0.36B,5.25%,$17,$2,$15,$0,$11,$13,$5,$0,$5,$1,$3,$3,$3,$0,$0,$7,8,$0.44,$0.43,$19,$0,$0,$1070,$31,$277,$3,$65,$387,$1456,$1080,$226,$16,$242,$1321,$0,$56,$3,$135,$1456,$9,$3,$1,$5,$-0,$0,$1,$-1,$-0,$13,$1,$0,$0,$0,$-6,$-6,$-41,$-47,$23,$0,$23,$2,$2,$-3,$0,$22,$-11,$0,$-3
13,2015-06-30,21.86,$17.71,1.23,$9.09,2.41,$4.52,4.83,$1.60,13.67,$1.06B,$1.08B,0.99,$0.22B,$0.13B,1.69,$0.07B,$0.06B,85.51%,$0.07B,$0.02B,24.64%,$0.07B,0,0.00%,$0.07B,0,0.00%,$0.07B,$0.02B,24.64%,$0.07B,$0.01B,17.39%,$0.01B,$0.13B,9.41%,$0.01B,$0.13B,9.62%,$0.01B,$1.45B,0.84%,$0.02B,$0.35B,5.19%,$17,$2,$15,$0,$10,$13,$5,$0,$5,$1,$3,$3,$3,$0,$0,$7,8,$0.44,$0.43,$24,$0,$0,$1063,$31,$272,$3,$63,$382,$1445,$1078,$222,$14,$236,$1314,$0,$53,$1,$131,$1445,$6,$2,$-6,$-4,$0,$0,$-0,$-1,$-0,$1,$1,$0,$0,$0,$-3,$-3,$-22,$-25,$19,$0,$19,$2,$2,$-2,$-1,$18,$-5,$0,$-2
14,2015-03-31,21.57,$17.70,1.22,$9.04,2.39,$5.22,4.13,$1.52,14.19,$1.04B,$1.09B,0.96,$0.20B,$0.13B,1.51,$0.07B,$0.06B,85.29%,$0.07B,$0.02B,23.53%,$0.07B,0,0.00%,$0.07B,0,0.00%,$0.07B,$0.02B,23.53%,$0.07B,$0.01B,17.65%,$0.01B,$0.13B,9.62%,$0.01B,$0.13B,9.82%,$0.01B,$1.43B,0.84%,$0.02B,$0.33B,5.02%,$17,$2,$15,$0,$11,$13,$4,$0,$4,$1,$2,$2,$2,$0,$0,$7,8,$0.34,$0.33,$19,$0,$0,$1040,$31,$280,$3,$63,$390,$1430,$1086,$198,$16,$213,$1300,$0,$51,$3,$130,$1430,$2,$1,$-5,$-4,$0,$0,$1,$-0,$1,$0,$0,$0,$0,$0,$-6,$-6,$-7,$-13,$-5,$0,$-5,$1,$1,$-1,$7,$2,$-11,$0,$-1
15,2014-12-31,20.37,$17.52,1.16,$8.95,2.27,$5.92,3.44,$1.46,13.95,$1.04B,$1.08B,0.96,$0.20B,$0.13B,1.6,$0.07B,$0.06B,83.58%,$0.07B,$0.02B,22.39%,$0.07B,0,0.00%,$0.07B,0,0.00%,$0.07B,$0.02B,22.39%,$0.07B,$0.01B,17.91%,$0.01B,$0.13B,9.92%,$0.01B,$0.12B,10.11%,$0.01B,$1.42B,0.85%,$0.02B,$0.33B,4.93%,$18,$2,$15,$0,$11,$13,$4,$0,$4,$1,$4,$4,$4,$0,$0,$7,7,$0.51,$0.49,$30,$0,$0,$1039,$31,$273,$3,$64,$384,$1423,$1079,$203,$15,$217,$1297,$0,$49,$2,$127,$1423,$11,$4,$-3,$1,$-0,$0,$1,$-1,$-0,$12,$6,$0,$-1,$0,$12,$12,$-39,$-22,$49,$0,$49,$1,$1,$-2,$-34,$14,$4,$0,$-2
16,2014-09-30,20.84,$16.97,1.23,$8.86,2.35,$6.80,3.06,$1.29,16.16,$1.02B,$1.10B,0.93,$0.18B,$0.12B,1.46,$0.07B,$0.06B,83.33%,$0.07B,$0.02B,22.73%,$0.07B,0,0.00%,$0.07B,0,0.00%,$0.07B,$0.02B,22.73%,$0.07B,$0.01B,15.15%,$0.01B,$0.12B,8.53%,$0.01B,$0.12B,8.68%,$0.01B,$1.42B,0.71%,$0.02B,$0.30B,5.20%,$17,$2,$14,$0,$10,$13,$4,$0,$4,$1,$3,$3,$3,$0,$0,$7,7,$0.38,$0.37,$20,$0,$0,$1022,$31,$280,$3,$66,$394,$1417,$1099,$179,$17,$196,$1294,$0,$47,$0,$122,$1417,$7,$3,$-3,$-0,$0,$0,$3,$-1,$3,$10,$3,$0,$-1,$0,$6,$6,$-33,$-25,$25,$0,$25,$1,$1,$-2,$-14,$10,$-5,$0,$-2
17,2014-06-30,17.61,$16.73,1.05,$8.88,1.98,$8.11,2.17,$1.23,14.31,$1.02B,$1.08B,0.94,$0.20B,$0.12B,1.65,$0.07B,$0.06B,84.62%,$0.07B,$0.02B,23.08%,$0.07B,0,0.00%,$0.07B,0,0.00%,$0.07B,$0.02B,23.08%,$0.07B,$0.01B,13.85%,$0.01B,$0.12B,7.50%,$0.01B,$0.12B,7.61%,$0.01B,$1.41B,0.64%,$0.02B,$0.32B,5.49%,$16,$2,$14,$0,$10,$13,$4,$0,$4,$1,$3,$3,$3,$0,$0,$7,7,$0.37,$0.36,$29,$0,$0,$1015,$31,$283,$1,$66,$395,$1411,$1079,$198,$14,$211,$1291,$0,$45,$1,$120,$1411,$5,$1,$-2,$-1,$1,$0,$1,$-0,$1,$5,$2,$0,$0,$0,$3,$3,$-17,$-11,$44,$0,$44,$0,$0,$-1,$-34,$9,$3,$0,$-1
18,2014-03-31,17.46,$16.19,1.08,$8.92,1.96,$8.41,2.08,$1.13,15.45,$0.99B,$1.11B,0.89,$0.16B,$0.12B,1.34,$0.07B,$0.05B,83.08%,$0.07B,$0.01B,21.54%,$0.07B,0,0.00%,$0.07B,0,0.00%,$0.07B,$0.01B,21.54%,$0.07B,$0.01B,12.31%,$0.01B,$0.12B,6.52%,$0.01B,$0.11B,6.61%,$0.01B,$1.39B,0.57%,$0.01B,$0.27B,5.52%,$16,$2,$13,$0,$11,$13,$3,$0,$3,$1,$2,$2,$2,$0,$0,$7,7,$0.28,$0.27,$22,$0,$0,$988,$31,$285,$1,$67,$400,$1389,$1105,$155,$13,$168,$1273,$0,$43,$-1,$115,$1389,$2,$1,$1,$2,$0,$0,$1,$-0,$0,$5,$1,$0,$0,$0,$-2,$-2,$1,$-0,$1,$0,$1,$0,$0,$-0,$-8,$-8,$-3,$0,$-0
19,2013-12-31,15.69,$15.69,1.0,$9.07,1.73,$8.25,1.9,$1.08,14.53,$0.99B,$1.11B,0.89,$0.15B,$0.11B,1.38,$0.07B,$0.06B,83.33%,$0.07B,$0.01B,21.21%,$0.07B,0,0.00%,$0.07B,0,0.00%,$0.07B,$0.01B,21.21%,$0.07B,$0.01B,12.12%,$0.01B,$0.11B,6.20%,$0.01B,$0.11B,6.30%,$0.01B,$1.39B,0.57%,$0.01B,$0.27B,5.73%,$17,$3,$14,$0,$10,$12,$4,$0,$4,$1,$3,$3,$2,$0,$0,$7,7,$0.35,$0.35,$25,$0,$0,$993,$31,$281,$2,$67,$398,$1391,$1113,$154,$13,$167,$1280,$0,$42,$-3,$112,$1391,$9,$6,$7,$13,$-1,$0,$1,$-1,$-1,$22,$3,$0,$0,$0,$7,$7,$-4,$6,$67,$0,$67,$0,$-29,$-3,$-70,$-35,$-7,$0,$-3
20,2013-09-30,13.99,$18.67,0.75,$9.34,1.5,$8.13,1.72,$1.00,13.99,$1.00B,$1.15B,0.87,$0.11B,$0.13B,0.81,$0.07B,$0.06B,83.58%,$0.07B,$0.01B,17.91%,$0.07B,0,0.00%,$0.07B,0,0.00%,$0.07B,$0.01B,19.40%,$0.07B,$0.01B,11.94%,$0.01B,$0.13B,5.89%,$0.01B,$0.13B,5.98%,$0.01B,$1.41B,0.57%,$0.01B,$0.24B,5.12%,$16,$3,$14,$0,$10,$13,$4,$0,$4,$1,$2,$2,$2,$0,$0,$7,7,$0.31,$0.30,$32,$0,$0,$997,$32,$291,$2,$65,$408,$1405,$1150,$108,$15,$123,$1272,$0,$40,$-2,$133,$1405,$7,$4,$8,$11,$0,$0,$2,$-0,$2,$20,$2,$0,$0,$0,$-0,$-0,$-1,$1,$21,$0,$21,$0,$-7,$-2,$-34,$-22,$-1,$0,$-2
21,2013-06-30,12.83,$18.48,0.69,$9.68,1.33,$7.67,1.67,$0.96,13.36,$1.00B,$1.15B,0.87,$0.11B,$0.13B,0.82,$0.07B,$0.06B,82.61%,$0.07B,$0.01B,15.94%,$0.07B,0,0.00%,$0.07B,0,0.00%,$0.07B,$0.01B,17.39%,$0.07B,$0.01B,11.59%,$0.01B,$0.13B,5.83%,$0.01B,$0.13B,5.91%,$0.01B,$1.41B,0.56%,$0.01B,$0.24B,4.57%,$16,$3,$13,$0,$10,$13,$3,$0,$3,$1,$2,$2,$2,$0,$0,$7,7,$0.26,$0.25,$33,$0,$0,$1000,$32,$294,$2,$63,$409,$1408,$1154,$108,$15,$123,$1277,$0,$38,$-1,$131,$1408,$4,$3,$-1,$2,$1,$0,$0,$-0,$1,$7,$2,$0,$0,$0,$-1,$-1,$8,$9,$22,$0,$22,$0,$-7,$-1,$-29,$-16,$0,$0,$-1
22,2013-03-31,12.99,$19.80,0.66,$9.98,1.3,$7.63,1.7,$0.89,14.6,$1.00B,$1.17B,0.85,$0.09B,$0.14B,0.66,$0.07B,$0.06B,81.69%,$0.07B,$0.01B,14.08%,$0.07B,0,0.00%,$0.07B,0,0.00%,$0.07B,$0.01B,15.49%,$0.07B,$0.01B,9.86%,$0.01B,$0.14B,5.05%,$0.01B,$0.14B,5.13%,$0.01B,$1.41B,0.48%,$0.01B,$0.23B,3.97%,$17,$3,$14,$0,$11,$14,$3,$0,$3,$1,$2,$2,$2,$0,$0,$7,7,$0.23,$0.22,$34,$0,$0,$997,$32,$301,$2,$65,$417,$1414,$1168,$93,$13,$106,$1274,$0,$37,$2,$140,$1414,$2,$1,$-1,$0,$1,$0,$0,$-0,$1,$3,$1,$0,$0,$0,$-4,$-4,$12,$9,$7,$0,$7,$0,$0,$-1,$-16,$-10,$2,$0,$-1
23,2012-12-31,10.3,$19.77,0.52,$10.08,1.02,$7.62,1.35,$0.82,12.57,$1.01B,$1.18B,0.85,$0.09B,$0.14B,0.62,$0.07B,$0.06B,80.28%,$0.07B,$0.01B,12.68%,$0.07B,0,0.00%,$0.07B,0,0.00%,$0.07B,$0.01B,14.08%,$0.07B,$0.01B,8.45%,$0.01B,$0.14B,4.36%,$0.01B,$0.14B,4.45%,$0.01B,$1.42B,0.41%,$0.01B,$0.23B,3.57%,$18,$3,$15,$0,$12,$16,$2,$0,$3,$1,$2,$2,$2,$0,$0,$7,7,$0.24,$0.23,$33,$0,$0,$1007,$32,$298,$2,$66,$415,$1422,$1184,$86,$13,$99,$1283,$0,$35,$3,$139,$1422,$7,$7,$5,$11,$1,$0,$1,$-0,$2,$20,$2,$1,$0,$0,$53,$53,$-85,$-28,$-28,$0,$-28,$0,$0,$-3,$16,$-14,$-22,$0,$-3
24,2012-09-30,10.26,$19.91,0.52,$10.41,0.99,$9.42,1.09,$0.69,14.87,$1.00B,$1.19B,0.84,$0.13B,$0.14B,0.9,$0.07B,$0.06B,78.08%,$0.07B,$0.01B,9.59%,$0.07B,0,0.00%,$0.07B,0,0.00%,$0.07B,$0.01B,10.96%,$0.07B,$0.01B,6.85%,$0.01B,$0.14B,3.68%,$0.01B,$0.14B,3.77%,$0.01B,$1.47B,0.34%,$0.01B,$0.26B,2.72%,$18,$4,$15,$0,$11,$15,$3,$0,$3,$1,$2,$2,$2,$0,$0,$7,7,$0.26,$0.26,$44,$0,$0,$996,$32,$360,$3,$67,$477,$1472,$1193,$125,$15,$140,$1333,$0,$34,$5,$139,$1472,$5,$4,$6,$10,$1,$0,$-0,$-0,$0,$16,$2,$0,$0,$0,$-7,$-7,$-59,$-63,$11,$0,$11,$0,$0,$-2,$27,$36,$-11,$0,$-2
25,2012-06-30,9.37,$19.54,0.48,$10.70,0.88,$7.93,1.18,$0.52,18.01,$0.97B,$1.17B,0.83,$0.15B,$0.14B,1.09,$0.08B,$0.06B,76.00%,$0.08B,$0.01B,8.00%,$0.08B,0,0.00%,$0.08B,0,0.00%,$0.08B,$0.01B,9.33%,$0.08B,$0.00B,5.33%,$0.00B,$0.14B,2.97%,$0.00B,$0.13B,3.05%,$0.00B,$1.47B,0.28%,$0.01B,$0.29B,2.39%,$18,$4,$14,$0,$12,$16,$2,$0,$2,$1,$2,$2,$1,$0,$0,$7,7,$0.18,$0.18,$24,$0,$0,$971,$32,$383,$3,$67,$501,$1471,$1172,$149,$15,$163,$1335,$0,$33,$3,$137,$1471,$3,$3,$0,$3,$1,$0,$0,$-0,$1,$8,$1,$1,$0,$0,$-32,$-32,$-49,$-78,$35,$0,$35,$0,$0,$-2,$5,$38,$-32,$0,$-2
26,2012-03-31,8.65,$19.26,0.45,$10.88,0.8,$10.13,0.85,$0.52,16.64,$0.95B,$1.19B,0.8,$0.10B,$0.14B,0.74,$0.08B,$0.06B,75.00%,$0.08B,$0.01B,7.89%,$0.08B,0,0.00%,$0.08B,0,0.00%,$0.08B,$0.01B,9.21%,$0.08B,$0.00B,5.26%,$0.00B,$0.14B,2.98%,$0.00B,$0.13B,3.07%,$0.00B,$1.44B,0.28%,$0.01B,$0.23B,2.46%,$17,$4,$13,$0,$11,$15,$2,$0,$2,$0,$1,$1,$1,$0,$0,$7,7,$0.15,$0.15,$27,$0,$0,$947,$32,$373,$3,$68,$493,$1440,$1190,$99,$16,$115,$1305,$0,$32,$2,$135,$1440,$1,$2,$0,$2,$1,$0,$0,$-0,$1,$4,$0,$0,$0,$0,$-24,$-24,$-18,$-42,$-15,$0,$-15,$0,$0,$-1,$25,$9,$-29,$0,$-1
27,2011-12-31,6.23,$18.98,0.33,$11.13,0.56,$11.98,0.52,$0.20,31.14,$0.96B,$1.17B,0.82,$0.11B,$0.13B,0.86,$0.08B,$0.06B,74.03%,$0.08B,$0.00B,3.90%,$0.08B,0,0.00%,$0.08B,0,0.00%,$0.08B,$0.00B,5.19%,$0.08B,$0.00B,2.60%,$0.00B,$0.13B,1.50%,$0.00B,$0.13B,1.54%,$0.00B,$1.43B,0.14%,$0.00B,$0.25B,1.20%,$20,$5,$15,$0,$15,$20,$0,$0,$1,$0,$1,$1,$1,$0,$0,$7,7,$0.10,$0.10,$57,$0,$0,$959,$32,$348,$3,$67,$469,$1427,$1168,$114,$12,$126,$1295,$0,$31,$1,$133,$1427,$3,$6,$21,$27,$1,$0,$1,$-0,$2,$32,$3,$2,$0,$0,$-77,$-77,$62,$-10,$-28,$0,$-28,$0,$-4,$-3,$45,$10,$32,$0,$-3
28,2011-09-30,6.04,$19.08,0.32,$11.11,0.54,$9.96,0.61,$0.30,20.15,$1.01B,$1.18B,0.86,$0.11B,$0.13B,0.8,$0.08B,$0.06B,72.73%,$0.08B,$0.00B,5.19%,$0.08B,0,0.00%,$0.08B,0,0.00%,$0.08B,$0.01B,6.49%,$0.08B,$0.00B,2.60%,$0.00B,$0.13B,1.51%,$0.00B,$0.13B,1.55%,$0.00B,$1.43B,0.14%,$0.00B,$0.24B,1.56%,$20,$5,$15,$0,$13,$18,$2,$0,$2,$0,$1,$1,$1,$0,$0,$7,7,$0.09,$0.09,$38,$0,$0,$1008,$32,$306,$4,$67,$424,$1433,$1178,$107,$14,$121,$1299,$0,$31,$2,$133,$1433,$2,$5,$20,$24,$-22,$0,$1,$-1,$-22,$5,$3,$0,$0,$0,$-31,$-31,$18,$-10,$-34,$0,$-34,$0,$-4,$-3,$57,$16,$11,$0,$-3
29,2011-06-30,7.9,$19.47,0.41,$11.17,0.71,$11.21,0.7,$0.38,20.8,$0.98B,$1.16B,0.85,$0.12B,$0.14B,0.88,$0.08B,$0.06B,71.43%,$0.08B,$0.00B,5.19%,$0.08B,0,0.00%,$0.08B,0,0.00%,$0.08B,$0.01B,6.49%,$0.08B,$0.00B,2.60%,$0.00B,$0.14B,1.50%,$0.00B,$0.13B,1.55%,$0.00B,$1.43B,0.14%,$0.00B,$0.26B,1.47%,$19,$5,$14,$0,$11,$17,$2,$0,$2,$0,$2,$2,$1,$0,$0,$7,7,$0.18,$0.18,$34,$0,$0,$984,$32,$322,$4,$70,$446,$1430,$1162,$119,$13,$132,$1294,$0,$31,$1,$136,$1430,$1,$3,$16,$19,$1,$0,$0,$1,$2,$22,$2,$0,$0,$0,$-52,$-52,$19,$-31,$-22,$0,$-22,$0,$0,$-2,$40,$16,$7,$0,$-2
30,2011-03-31,7.91,$18.75,0.42,$11.42,0.69,$9.59,0.83,$0.39,20.29,$1.03B,$1.17B,0.88,$0.13B,$0.13B,0.98,$0.08B,$0.06B,70.51%,$0.08B,$0.00B,5.13%,$0.08B,0,0.00%,$0.08B,0,0.00%,$0.08B,$0.01B,6.41%,$0.08B,$0.00B,2.56%,$0.00B,$0.13B,1.51%,$0.00B,$0.13B,1.56%,$0.00B,$1.45B,0.14%,$0.00B,$0.26B,1.39%,$18,$5,$13,$0,$14,$20,$-1,$0,$-1,$-1,$-1,$-1,$-1,$0,$0,$7,7,$-0.17,$-0.17,$79,$0,$0,$1029,$33,$290,$4,$72,$418,$1447,$1174,$128,$14,$142,$1316,$0,$30,$-3,$131,$1447,$-1,$2,$14,$15,$0,$0,$0,$1,$1,$16,$1,$0,$0,$0,$-24,$-24,$20,$-3,$-14,$0,$-14,$0,$0,$-1,$54,$39,$52,$0,$-1
31,2010-12-31,7.95,$18.77,0.42,$11.70,0.68,$7.97,1.0,$0.69,11.52,$1.02B,$1.12B,0.91,$0.14B,$0.13B,1.08,$0.08B,$0.06B,68.75%,$0.08B,$0.01B,8.75%,$0.08B,0,0.00%,$0.08B,0,0.00%,$0.08B,$0.01B,10.00%,$0.08B,$0.00B,5.00%,$0.00B,$0.13B,3.02%,$0.00B,$0.13B,3.14%,$0.00B,$1.41B,0.28%,$0.01B,$0.27B,2.25%,$20,$6,$14,$0,$13,$18,$1,$0,$2,$0,$2,$2,$1,$0,$0,$7,7,$0.20,$0.20,$27,$0,$0,$1016,$33,$265,$5,$68,$391,$1407,$1122,$142,$12,$154,$1276,$0,$32,$-4,$131,$1407,$7,$6,$3,$9,$4,$0,$-1,$-1,$2,$17,$4,$0,$0,$0,$-111,$-111,$64,$-43,$-70,$0,$-70,$0,$0,$-3,$76,$3,$-23,$0,$-3
32,2010-09-30,6.53,$19.13,0.34,$11.48,0.57,$6.46,1.01,$0.25,26.1,$1.10B,$1.13B,0.97,$0.17B,$0.13B,1.24,$0.08B,$0.05B,66.67%,$0.08B,$0.00B,3.85%,$0.08B,0,0.00%,$0.08B,0,0.00%,$0.08B,$0.01B,6.41%,$0.08B,$0.00B,1.28%,$0.00B,$0.13B,0.76%,$0.00B,$0.13B,0.79%,$0.00B,$1.44B,0.07%,$0.00B,$0.30B,0.91%,$20,$6,$14,$0,$12,$18,$2,$0,$2,$0,$2,$2,$1,$0,$0,$7,7,$0.17,$0.17,$87,$0,$0,$1095,$33,$221,$5,$68,$345,$1440,$1127,$166,$14,$180,$1307,$0,$31,$-0,$134,$1440,$5,$4,$2,$6,$1,$0,$1,$1,$3,$13,$3,$-3,$0,$0,$-59,$-59,$49,$-10,$-46,$0,$-46,$0,$0,$-2,$82,$34,$37,$0,$-2
33,2010-06-30,5.64,$19.24,0.29,$11.66,0.48,$5.74,0.98,$0.20,28.19,$1.08B,$1.11B,0.97,$0.19B,$0.13B,1.39,$0.08B,$0.05B,65.82%,$0.08B,$0.00B,2.53%,$0.08B,0,0.00%,$0.08B,0,0.00%,$0.08B,$0.00B,5.06%,$0.08B,$0.00B,1.27%,$0.00B,$0.13B,0.76%,$0.00B,$0.13B,0.80%,$0.00B,$1.44B,0.07%,$0.00B,$0.32B,0.59%,$20,$7,$14,$0,$11,$18,$2,$0,$2,$0,$2,$2,$1,$0,$0,$7,7,$0.19,$0.19,$64,$0,$0,$1080,$34,$238,$5,$68,$362,$1442,$1109,$187,$11,$198,$1308,$0,$30,$1,$134,$1442,$3,$3,$6,$9,$1,$0,$-1,$-1,$-1,$11,$1,$-3,$0,$0,$-72,$-72,$39,$-34,$-25,$0,$-25,$0,$0,$-2,$64,$38,$14,$0,$-2
34,2010-03-31,5.55,$18.66,0.3,$11.94,0.46,$3.10,1.79,$0.14,39.62,$1.16B,$1.12B,1.03,$0.22B,$0.13B,1.69,$0.08B,$0.05B,64.20%,$0.08B,$0.00B,1.23%,$0.08B,0,0.00%,$0.08B,0,0.00%,$0.08B,$0.00B,3.70%,$0.08B,$0.00B,1.23%,$0.00B,$0.13B,0.77%,$0.00B,$0.13B,0.80%,$0.00B,$1.49B,0.07%,$0.00B,$0.35B,0.28%,$20,$7,$13,$0,$11,$18,$2,$0,$2,$0,$1,$1,$1,$0,$0,$7,7,$0.13,$0.13,$122,$0,$0,$1155,$34,$203,$6,$70,$332,$1487,$1122,$221,$14,$234,$1357,$0,$29,$-2,$130,$1487,$1,$1,$1,$2,$-0,$0,$0,$0,$1,$4,$1,$0,$0,$0,$-42,$-42,$26,$-15,$9,$0,$9,$0,$0,$-1,$78,$86,$76,$0,$-1
35,2009-12-31,4.94,$18.57,0.27,$12.26,0.4,$1.06,4.65,$0.21,23.53,$1.11B,$1.05B,1.06,$0.21B,$0.13B,1.64,$0.08B,$0.05B,63.86%,$0.08B,$0.00B,1.20%,$0.08B,0,0.00%,$0.08B,0,0.00%,$0.08B,$0.00B,3.61%,$0.08B,$0.00B,1.20%,$0.00B,$0.13B,0.77%,$0.00B,$0.12B,0.81%,$0.00B,$1.40B,0.07%,$0.00B,$0.34B,0.28%,$18,$7,$11,$0,$14,$21,$-3,$0,$-1,$-0,$-1,$-1,$-2,$0,$0,$7,7,$-0.25,$-0.25,$46,$0,$0,$1109,$35,$162,$6,$70,$291,$1401,$1045,$212,$14,$226,$1271,$0,$29,$-2,$130,$1401,$3,$5,$6,$10,$2,$0,$-1,$-6,$-5,$9,$2,$0,$0,$0,$-53,$-53,$39,$-13,$-66,$0,$-66,$0,$0,$-4,$81,$11,$7,$0,$-4
36,2009-09-30,5.76,$18.75,0.31,$13.45,0.43,$1.50,3.84,$0.16,36.0,$1.13B,$1.03B,1.09,$0.22B,$0.13B,1.68,$0.09B,$0.05B,62.35%,$0.09B,$-0.03B,-34.12%,$0.09B,0,0.00%,$0.09B,0,0.00%,$0.09B,$-0.03B,-34.12%,$0.09B,$-0.02B,-25.88%,$-0.02B,$0.13B,-16.86%,$-0.02B,$0.13B,-17.81%,$-0.02B,$1.40B,-1.57%,$-0.03B,$0.35B,-7.67%,$21,$7,$14,$0,$12,$20,$1,$0,$1,$0,$1,$1,$1,$0,$0,$7,7,$0.12,$0.12,$54,$0,$0,$1125,$35,$150,$6,$61,$273,$1397,$1031,$219,$15,$235,$1266,$0,$31,$-3,$131,$1397,$4,$3,$3,$6,$2,$0,$-1,$-2,$-1,$10,$2,$0,$0,$0,$-40,$-40,$37,$-1,$-59,$0,$-59,$0,$0,$-4,$69,$6,$15,$0,$-4
37,2009-06-30,7.2,$18.55,0.39,$13.55,0.53,$0.40,18.16,$0.10,72.03,$1.12B,$1.00B,1.12,$0.24B,$0.13B,1.82,$0.08B,$0.05B,59.52%,$0.08B,$-0.03B,-35.71%,$0.08B,0,0.00%,$0.08B,0,0.00%,$0.08B,$-0.03B,-35.71%,$0.08B,$-0.02B,-27.38%,$-0.02B,$0.13B,-17.86%,$-0.02B,$0.12B,-20.18%,$-0.02B,$1.38B,-1.65%,$-0.03B,$0.37B,-7.68%,$22,$8,$14,$0,$13,$21,$1,$0,$1,$0,$1,$1,$1,$0,$0,$7,7,$0.13,$0.13,$21,$0,$0,$1122,$35,$140,$7,$60,$262,$1384,$1000,$236,$19,$255,$1255,$0,$31,$-4,$130,$1384,$3,$2,$-13,$-10,$2,$0,$0,$-1,$0,$-7,$1,$0,$0,$0,$-32,$-32,$24,$-6,$-43,$0,$-43,$0,$0,$-2,$39,$-5,$-19,$0,$-2
38,2009-03-31,3.81,$18.54,0.21,$14.22,0.27,$1.97,1.93,$0.27,14.11,$1.17B,$1.01B,1.15,$0.26B,$0.13B,1.99,$0.08B,$0.05B,57.69%,$0.08B,$-0.03B,-38.46%,$0.08B,0,0.00%,$0.08B,0,0.00%,$0.08B,$-0.03B,-38.46%,$0.08B,$-0.02B,-29.49%,$-0.02B,$0.13B,-19.66%,$-0.02B,$0.12B,-22.89%,$-0.02B,$1.42B,-1.78%,$-0.03B,$0.39B,-8.11%,$22,$8,$14,$0,$11,$20,$2,$0,$2,$0,$2,$2,$1,$0,$0,$7,7,$0.20,$0.20,$63,$0,$0,$1169,$35,$127,$7,$59,$250,$1419,$1014,$258,$17,$275,$1290,$0,$31,$-4,$130,$1419,$2,$1,$-12,$-11,$1,$0,$-1,$-1,$-0,$-10,$1,$-14,$0,$0,$-20,$-20,$20,$-12,$-21,$0,$-21,$0,$0,$-1,$53,$31,$9,$0,$-1
39,2008-12-31,5.18,$18.69,0.28,$14.93,0.35,$3.37,1.54,$0.37,14.0,$1.15B,$0.96B,1.2,$0.28B,$0.13B,2.14,$0.07B,$0.04B,54.17%,$0.07B,$-0.03B,-43.06%,$0.07B,0,0.00%,$0.07B,0,0.00%,$0.07B,$-0.03B,-43.06%,$0.07B,$-0.02B,-31.94%,$-0.02B,$0.13B,-21.65%,$-0.02B,$0.12B,-26.14%,$-0.02B,$1.39B,-1.95%,$-0.03B,$0.41B,-9.12%,$20,$9,$11,$0,$15,$53,$-33,$0,$-33,$-8,$-25,$-25,$-25,$0,$0,$5,5,$-4.88,$-4.88,$40,$0,$0,$1154,$37,$110,$7,$59,$234,$1389,$963,$279,$17,$296,$1258,$0,$30,$-2,$131,$1389,$-22,$32,$1,$33,$2,$0,$-0,$-0,$1,$12,$-2,$0,$0,$0,$-26,$-26,$56,$28,$-14,$0,$-14,$-2,$31,$-3,$-37,$-24,$16,$0,$-3
40,2008-09-30,7.32,$17.72,0.41,$15.07,0.49,$3.39,2.16,$0.88,8.32,$1.16B,$0.98B,1.18,$0.28B,$0.12B,2.23,$0.07B,$0.04B,52.94%,$0.07B,$0.00B,5.88%,$0.07B,0,0.00%,$0.07B,0,0.00%,$0.07B,$0.00B,4.41%,$0.07B,$0.00B,4.41%,$0.00B,$0.12B,3.15%,$0.00B,$0.09B,3.99%,$0.00B,$1.40B,0.28%,$0.00B,$0.40B,1.30%,$20,$9,$11,$0,$11,$20,$-0,$0,$-0,$-0,$0,$0,$0,$0,$0,$6,6,$0.06,$0.06,$32,$0,$0,$1162,$36,$97,$37,$54,$237,$1399,$981,$276,$17,$293,$1275,$0,$56,$-2,$124,$1399,$3,$2,$0,$2,$0,$0,$-0,$-1,$-1,$5,$-1,$0,$0,$0,$0,$0,$43,$42,$-17,$0,$-17,$-2,$-2,$-2,$-18,$-39,$8,$0,$-2
41,2008-06-30,7.25,$20.26,0.36,$15.75,0.46,$4.23,1.72,$1.10,6.59,$0.83B,$0.68B,1.22,$0.20B,$0.08B,2.39,$0.06B,$0.03B,51.56%,$0.06B,$0.01B,7.81%,$0.06B,0,0.00%,$0.06B,0,0.00%,$0.06B,$0.00B,6.25%,$0.06B,$0.00B,6.25%,$0.00B,$0.08B,4.64%,$0.00B,$0.07B,5.56%,$0.00B,$0.98B,0.41%,$0.01B,$0.28B,1.85%,$16,$7,$9,$0,$8,$14,$1,$0,$1,$0,$1,$1,$1,$0,$0,$4,4,$0.30,$0.30,$30,$0,$0,$827,$17,$69,$14,$40,$148,$975,$680,$199,$13,$212,$892,$0,$57,$-4,$83,$975,$2,$1,$1,$3,$0,$0,$-0,$-1,$-1,$5,$-1,$0,$0,$0,$-17,$-17,$6,$-12,$3,$0,$3,$-1,$-1,$-1,$14,$14,$6,$0,$-1
42,2008-03-31,9.59,$20.76,0.46,$15.66,0.61,$4.79,2.0,$1.07,8.96,$0.83B,$0.68B,1.21,$0.18B,$0.09B,2.09,$0.06B,$0.03B,50.00%,$0.06B,$0.01B,7.81%,$0.06B,0,0.00%,$0.06B,0,0.00%,$0.06B,$0.00B,6.25%,$0.06B,$0.00B,6.25%,$0.00B,$0.09B,4.57%,$0.00B,$0.07B,5.48%,$0.00B,$0.96B,0.42%,$0.01B,$0.27B,1.92%,$16,$7,$8,$0,$7,$15,$1,$0,$1,$0,$1,$1,$1,$0,$0,$4,4,$0.30,$0.30,$29,$0,$0,$827,$17,$58,$14,$39,$133,$960,$681,$182,$11,$193,$873,$0,$57,$-1,$87,$960,$1,$1,$-0,$1,$0,$0,$-1,$0,$-0,$1,$-1,$0,$0,$0,$-2,$-2,$9,$7,$-14,$0,$-14,$-1,$-1,$-1,$13,$-3,$5,$0,$-1
43,2007-12-31,10.03,$20.59,0.49,$15.40,0.65,$5.18,1.94,$1.02,9.83,$0.83B,$0.67B,1.24,$0.20B,$0.09B,2.26,$0.06B,$0.03B,50.00%,$0.06B,$0.01B,7.81%,$0.06B,0,0.00%,$0.06B,0,0.00%,$0.06B,$0.00B,6.25%,$0.06B,$0.00B,6.25%,$0.00B,$0.09B,4.56%,$0.00B,$0.07B,5.48%,$0.00B,$0.96B,0.42%,$0.01B,$0.28B,1.99%,$16,$8,$8,$0,$7,$15,$2,$0,$1,$-0,$1,$1,$1,$0,$0,$4,4,$0.23,$0.22,$24,$0,$0,$828,$16,$57,$15,$41,$135,$963,$666,$197,$12,$209,$876,$0,$57,$-0,$87,$963,$4,$3,$1,$3,$0,$0,$1,$-0,$1,$9,$-1,$0,$-1,$0,$-3,$-3,$-2,$-6,$38,$0,$38,$-3,$-3,$-2,$-37,$-4,$-1,$0,$-2
44,2007-09-30,12.58,$20.42,0.62,$15.14,0.83,$5.56,2.26,$0.97,12.97,$0.84B,$0.71B,1.19,$0.16B,$0.09B,1.83,$0.06B,$0.03B,50.00%,$0.06B,$0.00B,6.25%,$0.06B,0,0.00%,$0.06B,0,0.00%,$0.06B,$0.00B,6.25%,$0.06B,$0.00B,6.25%,$0.00B,$0.09B,4.56%,$0.00B,$0.07B,5.46%,$0.00B,$0.97B,0.42%,$0.00B,$0.25B,1.65%,$16,$8,$8,$0,$7,$15,$1,$0,$1,$-0,$1,$1,$1,$0,$0,$4,4,$0.28,$0.28,$24,$0,$0,$840,$15,$54,$14,$38,$126,$967,$709,$160,$10,$170,$879,$0,$57,$-0,$88,$967,$3,$2,$0,$2,$-0,$0,$1,$-0,$-0,$6,$0,$0,$-1,$0,$1,$1,$-9,$-9,$2,$-0,$2,$-1,$-1,$-2,$4,$2,$-1,$0,$-2
45,2007-06-30,12.99,$20.25,0.64,$15.04,0.86,$6.06,2.15,$0.96,13.53,$0.82B,$0.69B,1.19,$0.16B,$0.09B,1.78,$0.06B,$0.03B,50.00%,$0.06B,$0.00B,6.25%,$0.06B,0,0.00%,$0.06B,0,0.00%,$0.06B,$0.00B,6.25%,$0.06B,$0.00B,6.25%,$0.00B,$0.09B,4.56%,$0.00B,$0.07B,5.48%,$0.00B,$0.95B,0.42%,$0.00B,$0.24B,1.65%,$16,$8,$8,$0,$7,$15,$1,$0,$1,$0,$1,$1,$1,$0,$0,$4,4,$0.27,$0.27,$24,$0,$0,$823,$15,$53,$14,$38,$125,$949,$693,$156,$12,$168,$861,$0,$57,$-0,$88,$949,$2,$1,$1,$2,$0,$0,$0,$0,$1,$5,$0,$0,$-1,$0,$1,$1,$8,$9,$-3,$-0,$-3,$-1,$-1,$-1,$-10,$-16,$-1,$0,$-1
46,2007-03-31,13.62,$20.11,0.68,$14.82,0.92,$5.69,2.4,$1.00,13.62,$0.82B,$0.70B,1.17,$0.14B,$0.09B,1.64,$0.06B,$0.03B,50.00%,$0.06B,$0.01B,7.81%,$0.06B,0,0.00%,$0.06B,0,0.00%,$0.06B,$0.01B,7.81%,$0.06B,$0.00B,6.25%,$0.00B,$0.09B,4.56%,$0.00B,$0.07B,5.46%,$0.00B,$0.95B,0.41%,$0.01B,$0.23B,1.98%,$16,$8,$8,$0,$7,$14,$1,$0,$1,$0,$1,$1,$1,$0,$0,$4,4,$0.25,$0.25,$21,$0,$0,$820,$15,$54,$14,$38,$125,$945,$702,$144,$11,$155,$858,$0,$57,$-0,$88,$945,$1,$1,$0,$1,$0,$0,$-0,$-0,$0,$2,$0,$0,$-1,$0,$1,$1,$10,$11,$-15,$-0,$-15,$-0,$-0,$-1,$-2,$-17,$-4,$0,$-1
47,2006-12-31,14.76,$19.98,0.74,$14.62,1.01,$5.70,2.59,$1.11,13.3,$0.83B,$0.71B,1.18,$0.16B,$0.09B,1.8,$0.06B,$0.03B,52.38%,$0.06B,$0.01B,9.52%,$0.06B,0,0.00%,$0.06B,0,0.00%,$0.06B,$0.01B,9.52%,$0.06B,$0.01B,7.94%,$0.01B,$0.09B,5.68%,$0.01B,$0.07B,6.78%,$0.01B,$0.96B,0.51%,$0.01B,$0.25B,2.34%,$16,$8,$8,$0,$7,$15,$1,$0,$1,$-0,$1,$1,$1,$0,$0,$4,4,$0.17,$0.17,$25,$0,$0,$832,$15,$54,$14,$41,$129,$961,$705,$157,$11,$169,$874,$0,$57,$-0,$87,$961,$5,$3,$4,$7,$-1,$0,$1,$1,$0,$12,$-2,$0,$4,$0,$-1,$-1,$19,$20,$-29,$0,$-29,$-5,$-5,$-2,$7,$-29,$3,$0,$-2
