,Date,Stock Price,Book Value per Share,Price to Book Ratio,TTM Sales per Share,Price to Sales Ratio,TTM FCF per Share,Price to FCF Ratio,TTM Net EPS,PE Ratio,Current Assets,Current Liabilities,Current Ratio,Long Term Debt,Shareholder's Equity_x,Debt to Equity Ratio,TTM Revenue_x,TTM Gross Profit,Gross Margin,TTM Revenue_y,TTM Operating Income,Operating Margin,TTM Revenue_x,TTM EBIT,EBIT Margin,TTM Revenue_y,TTM EBITDA,EBITDA Margin,TTM Revenue_x,TTM Pre-Tax Income,Pre-Tax Margin,TTM Revenue_y,TTM Net Income_x,Net Margin,TTM Net Income_y,Shareholder's Equity_y,Return on Equity,TTM Net Income_x,Tangible Equity,Return on Tangible Equity,TTM Net Income_y,Total Assets,Return on Assets,TTM Net Income,LT Investments & Debt,Return on Investment,revenue,cost-goods-sold,gross-profit,research-development-expenses,selling-general-administrative-expenses,operating-expenses,operating-income,total-non-operating-income-expense,pre-tax-income,total-provision-income-taxes,income-after-taxes,income-from-continuous-operations,net-income,ebitda,ebit,basic-shares-outstanding,shares-outstanding,eps-basic-net-earnings-per-share,eps-earnings-per-share-diluted,cash-on-hand,inventory,other-current-assets,total-current-assets,net-property-plant-equipment,long-term-investments,goodwill-intangible-assets-total,other-long-term-assets,total-long-term-assets,total-assets,total-current-liabilities,long-term-debt,other-non-current-liabilities,total-long-term-liabilities,total-liabilities,common-stock-net,retained-earnings-accumulated-deficit,comprehensive-income,total-share-holder-equity,total-liabilities-share-holders-equity,net-income-loss,total-depreciation-amortization-cash-flow,other-non-cash-items,total-non-cash-items,change-in-accounts-receivable,change-in-inventories,change-in-accounts-payable,change-in-assets-liabilities,total-change-in-assets-liabilities,cash-flow-from-operating-activities,net-change-in-property-plant-equipment,net-change-in-intangible-assets,net-acquisitions-divestitures,net-change-in-short-term-investments,net-change-in-long-term-investments,net-change-in-investments-total,investing-activities-other,cash-flow-from-investing-activities,net-long-term-debt,net-current-debt,debt-issuance-retirement-net-total,net-common-equity-issued-repurchased,net-total-equity-issued-repurchased,total-common-preferred-stock-dividends-paid,financial-activities-other,cash-flow-from-financial-activities,net-cash-flow,stock-based-compensation,common-stock-dividends-paid
0,2018-09-30,21.67,$9.77,2.22,$25.94,0.84,$2.04,10.62,$0.29,74.72,$0.20B,$0.10B,2.1,$0.16B,$0.28B,0.56,$0.75B,$0.21B,27.33%,$0.75B,$0.03B,3.33%,$0.75B,$0.03B,3.33%,$0.75B,$0.06B,8.00%,$0.75B,$0.02B,2.53%,$0.75B,$0.01B,1.20%,$0.01B,$0.28B,3.26%,$0.01B,$0.02B,63.16%,$0.01B,$0.55B,1.63%,$0.03B,$0.44B,5.64%,$182,$130,$52,$1,$42,$179,$3,$-2,$1,$2,$-1,$-1,$-1,$12,$3,$28,28,$-0.04,$-0.04,$17,$11,$0,$199,$86,$0,$256,$5,$349,$548,$95,$156,$6,$175,$270,$0,$73,$-21,$278,$548,$8,$26,$6,$31,$-20,$-2,$3,$1,$-15,$24,$-14,$-0,$5,$0,$0,$0,$0,$-10,$23,$-44,$-20,$0,$0,$0,$-4,$-24,$-10,$5,$0
1,2018-06-30,18.88,$9.79,1.93,$25.88,0.73,$2.47,7.65,$0.08,236.0,$0.19B,$0.09B,2.14,$0.16B,$0.28B,0.57,$0.75B,$0.20B,26.87%,$0.75B,$0.01B,1.60%,$0.75B,$0.01B,1.60%,$0.75B,$0.05B,6.15%,$0.75B,$0.01B,0.94%,$0.75B,$0.00B,0.40%,$0.00B,$0.28B,1.10%,$0.00B,$0.02B,12.63%,$0.00B,$0.54B,0.56%,$0.01B,$0.44B,2.80%,$192,$137,$55,$1,$41,$181,$10,$-2,$8,$2,$6,$6,$6,$19,$10,$28,29,$0.21,$0.20,$18,$12,$0,$191,$87,$0,$259,$5,$353,$544,$89,$158,$9,$177,$266,$0,$74,$-21,$278,$544,$9,$17,$3,$20,$-8,$-1,$4,$-1,$-9,$20,$-10,$-0,$0,$0,$0,$0,$0,$-10,$-3,$-14,$-17,$0,$0,$0,$-2,$-19,$-10,$3,$0
2,2018-03-31,18.94,$9.76,1.94,$25.10,0.75,$2.60,7.29,$-0.05,0.0,$0.20B,$0.08B,2.43,$0.18B,$0.28B,0.65,$0.73B,$0.19B,26.45%,$0.73B,$0.01B,0.96%,$0.73B,$0.01B,0.96%,$0.73B,$0.04B,5.51%,$0.73B,$0.00B,0.41%,$0.73B,$-0.00B,-0.14%,$-0.00B,$0.28B,-0.37%,$-0.00B,$0.01B,-3.01%,$-0.00B,$0.56B,-0.19%,$0.01B,$0.46B,1.69%,$188,$139,$48,$1,$39,$181,$6,$-2,$5,$2,$3,$3,$3,$15,$6,$28,29,$0.10,$0.10,$33,$11,$0,$201,$88,$0,$265,$5,$359,$560,$83,$181,$11,$201,$284,$0,$68,$-15,$276,$560,$3,$9,$0,$9,$-0,$-0,$-1,$-0,$-6,$6,$-5,$-0,$0,$0,$0,$0,$0,$-5,$-2,$8,$6,$0,$0,$0,$-2,$4,$6,$1,$0
3,2017-12-31,23.47,$9.57,2.45,$24.17,0.97,$2.89,8.11,$-0.09,0.0,$0.20B,$0.09B,2.16,$0.17B,$0.27B,0.64,$0.70B,$0.19B,26.68%,$0.70B,$0.00B,0.57%,$0.70B,$0.00B,0.57%,$0.70B,$0.04B,5.14%,$0.70B,$0.00B,0.00%,$0.70B,$-0.00B,-0.29%,$-0.00B,$0.27B,-0.74%,$-0.00B,$0.00B,-4.55%,$-0.00B,$0.55B,-0.40%,$0.00B,$0.44B,1.01%,$188,$137,$50,$1,$40,$181,$6,$-1,$5,$4,$1,$1,$1,$14,$6,$28,28,$0.03,$0.04,$28,$11,$0,$195,$87,$0,$267,$4,$359,$554,$90,$173,$11,$193,$284,$0,$65,$-17,$271,$554,$-2,$31,$18,$50,$2,$-0,$3,$-2,$8,$55,$-18,$-1,$-83,$0,$0,$0,$0,$-103,$122,$-51,$71,$-16,$-16,$0,$-2,$54,$8,$7,$0
4,2017-09-30,20.5,$9.46,2.17,$17.57,1.17,$1.59,12.9,$-0.12,0.0,$0.19B,$0.09B,2.21,$0.11B,$0.27B,0.41,$0.51B,$0.14B,26.71%,$0.51B,$-0.00B,-0.39%,$0.51B,$-0.00B,-0.39%,$0.51B,$0.02B,4.29%,$0.51B,$-0.01B,-0.97%,$0.51B,$-0.00B,-0.58%,$-0.00B,$0.27B,-1.11%,$-0.00B,$0.06B,-5.15%,$-0.00B,$0.48B,-0.63%,$-0.00B,$0.38B,-0.53%,$180,$132,$48,$1,$38,$190,$-10,$-1,$-11,$-5,$-7,$-7,$-7,$-2,$-10,$28,28,$-0.25,$-0.25,$27,$11,$0,$194,$77,$0,$208,$3,$290,$484,$88,$110,$10,$129,$217,$0,$89,$-18,$268,$484,$-3,$24,$17,$40,$-4,$-1,$1,$1,$-2,$35,$-13,$-1,$-8,$0,$0,$0,$0,$-23,$37,$-27,$11,$-16,$-16,$0,$-2,$-7,$8,$5,$0
5,2017-06-30,21.97,$9.64,2.28,$17.11,1.28,$1.47,14.97,$0.13,169.0,$0.18B,$0.08B,2.34,$0.11B,$0.27B,0.4,$0.51B,$0.14B,27.65%,$0.51B,$0.02B,4.12%,$0.51B,$0.02B,4.12%,$0.51B,$0.06B,11.76%,$0.51B,$0.02B,3.53%,$0.51B,$0.01B,2.16%,$0.01B,$0.27B,4.03%,$0.01B,$0.06B,18.49%,$0.01B,$0.48B,2.30%,$0.02B,$0.38B,5.59%,$170,$124,$46,$1,$38,$165,$5,$-1,$4,$2,$2,$2,$2,$13,$5,$28,30,$0.08,$0.07,$27,$11,$0,$183,$76,$0,$217,$3,$298,$481,$78,$108,$8,$129,$208,$0,$96,$-22,$273,$481,$4,$16,$5,$20,$3,$-1,$2,$0,$-1,$23,$-9,$-1,$-5,$0,$0,$0,$0,$-14,$-1,$11,$10,$-12,$-12,$0,$-1,$-3,$8,$3,$0
6,2017-03-31,21.38,$9.44,2.26,$16.93,1.26,$2.38,8.97,$0.28,76.36,$0.18B,$0.08B,2.37,$0.11B,$0.27B,0.39,$0.51B,$0.15B,28.68%,$0.51B,$0.03B,5.50%,$0.51B,$0.03B,5.50%,$0.51B,$0.07B,13.16%,$0.51B,$0.03B,4.91%,$0.51B,$0.02B,3.14%,$0.02B,$0.27B,7.81%,$0.02B,$0.06B,35.36%,$0.02B,$0.47B,4.47%,$0.03B,$0.38B,9.99%,$163,$120,$43,$1,$37,$160,$3,$-1,$2,$1,$2,$2,$2,$11,$3,$29,30,$0.06,$0.06,$28,$11,$0,$177,$73,$0,$215,$3,$293,$470,$75,$105,$8,$125,$200,$0,$93,$-28,$270,$470,$2,$8,$2,$10,$6,$-1,$2,$2,$2,$13,$-3,$-0,$-5,$0,$0,$0,$0,$-8,$-1,$10,$9,$-6,$-6,$0,$-0,$3,$8,$2,$0
7,2016-12-31,25.68,$0.00,0.0,$17.05,1.51,$2.50,10.26,$0.22,116.73,$0.18B,$0.08B,2.35,$0.10B,$0.27B,0.35,$0.51B,$0.15B,29.77%,$0.51B,$0.04B,7.00%,$0.51B,$0.04B,7.00%,$0.51B,$0.08B,14.59%,$0.51B,$0.03B,6.42%,$0.51B,$0.02B,4.09%,$0.02B,$0.27B,10.12%,$0.02B,$0.06B,42.86%,$0.02B,$0.47B,5.88%,$0.04B,$0.37B,13.01%,$0,$0,$0,$0,$0,$0,$0,$0,$0,$0,$0,$0,$0,$0,$0,$0,0,$0.00,$0.00,$19,$10,$0,$183,$73,$0,$210,$3,$287,$469,$78,$96,$8,$121,$199,$0,$92,$-30,$271,$469,$0,$0,$0,$0,$0,$0,$0,$0,$0,$0,$0,$0,$0,$0,$0,$0,$0,$0,$0,$0,$0,$0,$0,$0,$0,$0,$0,$0,$0
8,2016-11-30,23.64,$9.66,2.45,$22.96,1.03,$3.54,6.68,$0.31,76.26,$0.20B,$0.09B,2.37,$0.10B,$0.28B,0.37,$0.69B,$0.21B,29.62%,$0.69B,$0.04B,5.92%,$0.69B,$0.04B,5.92%,$0.69B,$0.07B,10.55%,$0.69B,$0.04B,5.49%,$0.69B,$0.02B,3.47%,$0.02B,$0.28B,17.17%,$0.02B,$0.07B,71.11%,$0.02B,$0.49B,10.00%,$0.04B,$0.38B,22.13%,$177,$125,$52,$1,$36,$164,$13,$-1,$12,$4,$7,$7,$7,$21,$13,$29,30,$0.25,$0.24,$26,$10,$0,$201,$75,$0,$213,$2,$291,$492,$85,$102,$8,$129,$214,$0,$96,$-27,$278,$492,$14,$16,$4,$20,$-6,$1,$-2,$-4,$-8,$26,$-6,$-1,$-8,$0,$0,$0,$0,$-15,$-15,$19,$5,$-6,$-6,$0,$-3,$-4,$5,$3,$0
9,2016-09-30,23.47,$0.00,0.0,$17.07,1.37,$2.88,8.14,$0.31,75.71,$0.00B,$0.00B,0.0,$0.00B,$0.00B,0.0,$0.52B,$0.15B,29.71%,$0.52B,$0.03B,5.44%,$0.52B,$0.03B,5.44%,$0.52B,$0.04B,7.18%,$0.52B,$0.03B,5.05%,$0.52B,$0.02B,3.30%,$0.02B,$0.00B,12.21%,$0.02B,$0.00B,50.75%,$0.02B,$0.00B,7.15%,$0.03B,$0.00B,15.51%,$169,$118,$51,$1,$35,$157,$12,$-1,$11,$4,$7,$7,$7,$20,$12,$29,30,$0.25,$0.24,$0,$0,$0,$0,$0,$0,$0,$0,$0,$0,$0,$0,$0,$0,$0,$0,$0,$0,$0,$0,$13,$25,$3,$28,$10,$0,$-2,$-3,$11,$52,$-10,$-1,$-1,$0,$0,$0,$0,$-12,$-18,$-11,$-29,$1,$1,$0,$-4,$-32,$7,$5,$0
10,2016-08-31,23.47,$9.63,2.44,$17.08,1.37,$2.34,10.01,$0.21,111.76,$0.18B,$0.08B,2.19,$0.08B,$0.28B,0.28,$0.51B,$0.15B,28.46%,$0.51B,$0.02B,4.29%,$0.51B,$0.02B,4.29%,$0.51B,$0.05B,9.16%,$0.51B,$0.02B,3.90%,$0.51B,$0.01B,2.53%,$0.01B,$0.28B,9.34%,$0.01B,$0.07B,38.81%,$0.01B,$0.47B,5.47%,$0.02B,$0.36B,12.19%,$168,$118,$50,$1,$35,$157,$11,$-1,$10,$4,$7,$7,$7,$19,$11,$29,30,$0.23,$0.22,$15,$10,$0,$178,$77,$0,$211,$2,$291,$468,$81,$80,$7,$106,$187,$0,$89,$-24,$281,$468,$7,$8,$3,$11,$3,$-0,$-2,$0,$-0,$17,$-3,$-0,$-1,$0,$0,$0,$0,$-5,$-36,$19,$-17,$0,$0,$0,$-2,$-18,$-6,$2,$0
11,2016-06-30,23.87,$0.00,0.0,$16.86,1.42,$3.40,7.01,$0.21,113.67,$0.00B,$0.00B,0.0,$0.00B,$0.00B,0.0,$0.51B,$0.14B,27.52%,$0.51B,$0.02B,3.37%,$0.51B,$0.02B,3.37%,$0.51B,$0.06B,11.49%,$0.51B,$0.02B,2.97%,$0.51B,$0.01B,1.98%,$0.01B,$0.00B,7.37%,$0.01B,$0.00B,33.33%,$0.01B,$0.00B,4.22%,$0.02B,$0.00B,9.54%,$178,$127,$52,$1,$37,$174,$5,$-0,$5,$2,$3,$3,$3,$13,$5,$29,30,$0.10,$0.09,$0,$0,$0,$0,$0,$0,$0,$0,$0,$0,$0,$0,$0,$0,$0,$0,$0,$0,$0,$0,$6,$17,$-0,$16,$8,$0,$-1,$-0,$15,$38,$-7,$-1,$-0,$0,$0,$0,$0,$-7,$9,$-29,$-20,$0,$0,$0,$-2,$-22,$9,$3,$0
12,2016-05-31,24.81,$0.00,0.0,$17.53,1.42,$3.01,8.23,$0.12,206.75,$0.19B,$0.10B,1.94,$0.08B,$0.28B,0.31,$0.52B,$0.14B,27.59%,$0.52B,$0.03B,6.13%,$0.52B,$0.03B,6.13%,$0.52B,$0.10B,19.92%,$0.52B,$0.03B,5.36%,$0.52B,$0.02B,3.45%,$0.02B,$0.28B,8.92%,$0.02B,$0.06B,42.35%,$0.02B,$0.48B,5.05%,$0.03B,$0.36B,11.90%,$0,$0,$0,$0,$0,$0,$0,$0,$0,$0,$0,$0,$0,$0,$0,$0,0,$0.00,$0.00,$21,$10,$0,$188,$79,$0,$213,$2,$295,$483,$97,$84,$7,$110,$206,$0,$82,$-20,$276,$483,$0,$0,$0,$0,$0,$0,$0,$0,$0,$0,$0,$0,$0,$0,$0,$0,$0,$0,$0,$0,$0,$0,$0,$0,$0,$0,$0,$0,$0
13,2016-03-31,24.77,$0.00,0.0,$23.61,1.05,$3.41,7.25,$0.12,206.42,$0.00B,$0.00B,0.0,$0.00B,$0.00B,0.0,$0.70B,$0.20B,27.78%,$0.70B,$0.05B,6.41%,$0.70B,$0.05B,6.41%,$0.70B,$0.12B,16.67%,$0.70B,$0.04B,5.56%,$0.70B,$0.03B,3.56%,$0.03B,$0.00B,12.77%,$0.03B,$0.00B,69.44%,$0.03B,$0.00B,7.09%,$0.05B,$0.00B,16.87%,$167,$123,$44,$1,$35,$162,$6,$-1,$5,$1,$3,$3,$3,$14,$6,$29,30,$0.12,$0.11,$0,$0,$0,$0,$0,$0,$0,$0,$0,$0,$0,$0,$0,$0,$0,$0,$0,$0,$0,$0,$3,$8,$2,$10,$12,$0,$0,$-0,$15,$29,$-4,$-0,$0,$0,$0,$0,$0,$-4,$-3,$-15,$-18,$0,$0,$0,$-2,$-19,$6,$2,$0
14,2016-02-29,21.46,$9.23,2.33,$18.02,1.19,$2.57,8.36,0,0.0,$0.18B,$0.09B,2.06,$0.09B,$0.27B,0.32,$0.54B,$0.15B,28.22%,$0.54B,$0.04B,7.29%,$0.54B,$0.04B,7.29%,$0.54B,$0.09B,16.26%,$0.54B,$0.03B,6.36%,$0.54B,$0.02B,4.11%,$0.02B,$0.27B,8.56%,$0.02B,$0.06B,51.46%,$0.02B,$0.46B,4.68%,$0.04B,$0.35B,11.00%,$160,$118,$43,$1,$34,$155,$6,$-1,$5,$1,$4,$4,$4,$14,$6,$29,30,$0.12,$0.12,$18,$10,$0,$175,$76,$0,$211,$2,$289,$464,$85,$86,$7,$112,$197,$0,$79,$-25,$267,$464,$22,$24,$7,$31,$1,$1,$-0,$-2,$3,$56,$-10,$-1,$-2,$0,$0,$0,$0,$-13,$25,$-56,$-31,$0,$0,$0,$-3,$-34,$8,$5,$0
15,2015-11-30,21.53,$9.15,2.35,$18.18,1.18,$1.85,11.66,0,0.0,$0.19B,$0.09B,2.05,$0.10B,$0.26B,0.37,$0.54B,$0.15B,27.32%,$0.54B,$0.04B,6.88%,$0.54B,$0.04B,6.88%,$0.54B,$0.09B,15.99%,$0.54B,$0.03B,5.95%,$0.54B,$0.02B,3.72%,$0.02B,$0.26B,7.98%,$0.02B,$0.05B,59.70%,$0.02B,$0.48B,4.22%,$0.04B,$0.36B,10.35%,$195,$138,$57,$1,$34,$175,$20,$-1,$18,$7,$11,$11,$11,$35,$20,$29,30,$0.40,$0.39,$11,$10,$0,$186,$76,$0,$214,$2,$294,$480,$91,$98,$8,$125,$216,$0,$76,$-22,$264,$480,$18,$16,$4,$20,$-18,$1,$-1,$-1,$-11,$27,$-7,$-0,$-2,$0,$0,$0,$0,$-10,$-18,$2,$-15,$0,$0,$0,$-2,$-17,$0,$3,$0
16,2015-08-31,14.64,$8.72,1.68,$18.64,0.79,$1.06,13.79,0,0.0,$0.17B,$0.09B,1.97,$0.10B,$0.25B,0.4,$0.55B,$0.15B,27.09%,$0.55B,$0.04B,6.36%,$0.55B,$0.04B,6.36%,$0.55B,$0.08B,14.00%,$0.55B,$0.03B,5.64%,$0.55B,$0.02B,3.45%,$0.02B,$0.25B,7.68%,$0.02B,$0.04B,73.79%,$0.02B,$0.47B,3.90%,$0.04B,$0.35B,9.54%,$180,$129,$51,$1,$36,$167,$13,$-2,$11,$4,$7,$7,$7,$13,$13,$29,30,$0.24,$0.23,$12,$11,$0,$171,$78,$0,$214,$2,$295,$466,$87,$100,$9,$127,$214,$0,$64,$-22,$252,$466,$7,$8,$2,$10,$-2,$-0,$-0,$2,$-0,$16,$-4,$-0,$0,$0,$0,$0,$0,$-4,$-29,$20,$-9,$0,$0,$0,$-1,$-11,$1,$2,$0
17,2015-05-31,18.51,$0.00,0.0,$18.20,1.02,$0.84,21.99,0,0.0,$0.17B,$0.09B,1.83,$0.11B,$0.25B,0.43,$0.54B,$0.14B,26.07%,$0.54B,$0.03B,4.84%,$0.54B,$0.03B,4.84%,$0.54B,$0.07B,12.66%,$0.54B,$0.02B,4.28%,$0.54B,$0.01B,2.61%,$0.01B,$0.25B,5.71%,$0.01B,$0.03B,81.16%,$0.01B,$0.47B,2.81%,$0.03B,$0.35B,7.00%,$0,$0,$0,$0,$0,$0,$0,$0,$0,$0,$0,$0,$0,$0,$0,$0,0,$0.00,$0.00,$11,$11,$0,$171,$79,$0,$218,$2,$300,$472,$94,$106,$10,$133,$227,$0,$58,$-21,$245,$472,$0,$0,$0,$0,$0,$0,$0,$0,$0,$0,$0,$0,$0,$0,$0,$0,$0,$0,$0,$0,$0,$0,$0,$0,$0,$0,$0,$0,$0
18,2015-02-28,18.85,$8.43,2.23,$18.20,1.04,$0.84,22.39,0,0.0,$0.17B,$0.08B,2.12,$0.12B,$0.24B,0.5,$0.54B,$0.14B,26.07%,$0.54B,$0.03B,4.84%,$0.54B,$0.03B,4.84%,$0.54B,$0.07B,12.66%,$0.54B,$0.02B,4.28%,$0.54B,$0.01B,2.61%,$0.01B,$0.24B,5.73%,$0.01B,$0.02B,58.33%,$0.01B,$0.48B,2.85%,$0.03B,$0.36B,7.12%,$163,$124,$39,$1,$33,$159,$4,$-1,$3,$1,$2,$2,$2,$20,$4,$29,30,$0.06,$0.06,$13,$12,$0,$171,$80,$0,$223,$2,$306,$477,$81,$122,$12,$154,$235,$0,$55,$-20,$242,$477,$14,$25,$4,$29,$12,$-1,$-8,$-5,$-8,$35,$-11,$-1,$-35,$0,$0,$0,$0,$-46,$83,$-62,$20,$1,$1,$0,$-4,$17,$3,$5,$0
19,2014-11-30,17.09,$8.72,1.96,$17.84,0.96,$0.44,38.41,0,0.0,$0.22B,$0.10B,2.22,$0.15B,$0.25B,0.6,$0.53B,$0.14B,26.62%,$0.53B,$0.03B,4.75%,$0.53B,$0.03B,4.75%,$0.53B,$0.06B,11.22%,$0.53B,$0.02B,4.18%,$0.53B,$0.01B,2.47%,$0.01B,$0.25B,5.38%,$0.01B,$0.02B,41.94%,$0.01B,$0.53B,2.72%,$0.03B,$0.40B,7.07%,$207,$148,$59,$1,$37,$189,$18,$-1,$17,$6,$10,$10,$10,$35,$18,$29,29,$0.36,$0.35,$20,$12,$0,$216,$82,$0,$231,$2,$316,$532,$97,$150,$15,$185,$282,$0,$54,$-9,$250,$532,$12,$17,$5,$22,$-24,$1,$-1,$-3,$-30,$3,$-7,$-0,$-33,$0,$0,$0,$0,$-40,$-14,$63,$49,$0,$0,$0,$-2,$47,$10,$4,$0
20,2014-08-31,21.46,$8.51,2.52,$16.19,1.33,$0.87,24.79,0,0.0,$0.18B,$0.10B,1.8,$0.13B,$0.24B,0.52,$0.48B,$0.13B,27.10%,$0.48B,$0.02B,4.62%,$0.48B,$0.02B,4.62%,$0.48B,$0.06B,12.39%,$0.48B,$0.02B,3.99%,$0.48B,$0.01B,2.52%,$0.01B,$0.24B,5.07%,$0.01B,$0.00B,28.74%,$0.01B,$0.51B,2.67%,$0.02B,$0.37B,6.64%,$167,$125,$42,$1,$35,$163,$4,$-1,$3,$1,$2,$2,$2,$4,$4,$28,30,$0.06,$0.06,$12,$12,$0,$184,$85,$0,$239,$1,$328,$511,$102,$127,$16,$166,$268,$0,$43,$-3,$244,$511,$2,$8,$3,$11,$1,$1,$-2,$0,$-4,$9,$-3,$-0,$-33,$0,$0,$0,$0,$-37,$31,$0,$31,$0,$0,$0,$-1,$30,$2,$2,$0
21,2014-05-31,22.76,$0.00,0.0,$15.22,1.5,$1.00,22.78,0,0.0,$0.18B,$0.09B,2.02,$0.08B,$0.24B,0.34,$0.45B,$0.13B,28.31%,$0.45B,$0.03B,6.29%,$0.45B,$0.03B,6.29%,$0.45B,$0.07B,14.61%,$0.45B,$0.03B,5.62%,$0.45B,$0.02B,3.60%,$0.02B,$0.24B,6.96%,$0.02B,$0.05B,29.91%,$0.02B,$0.44B,3.86%,$0.03B,$0.33B,9.12%,$0,$0,$0,$0,$0,$0,$0,$0,$0,$0,$0,$0,$0,$0,$0,$0,0,$0.00,$0.00,$10,$11,$0,$175,$78,$0,$188,$1,$269,$444,$87,$82,$17,$115,$202,$0,$42,$-2,$242,$444,$0,$0,$0,$0,$0,$0,$0,$0,$0,$0,$0,$0,$0,$0,$0,$0,$0,$0,$0,$0,$0,$0,$0,$0,$0,$0,$0,$0,$0
22,2014-02-28,22.04,$8.13,2.71,$15.22,1.45,$1.00,22.06,0,0.0,$0.17B,$0.08B,2.21,$0.09B,$0.23B,0.38,$0.45B,$0.13B,28.31%,$0.45B,$0.03B,6.29%,$0.45B,$0.03B,6.29%,$0.45B,$0.07B,14.61%,$0.45B,$0.03B,5.62%,$0.45B,$0.02B,3.60%,$0.02B,$0.23B,7.21%,$0.02B,$0.05B,31.53%,$0.02B,$0.43B,4.02%,$0.03B,$0.32B,9.52%,$152,$112,$39,$1,$32,$149,$3,$-1,$2,$1,$1,$1,$1,$20,$3,$28,29,$0.04,$0.04,$10,$13,$0,$166,$74,$0,$185,$1,$260,$427,$75,$87,$19,$120,$195,$0,$35,$-4,$231,$427,$16,$21,$4,$25,$-13,$-0,$2,$-6,$-18,$23,$-11,$-0,$-19,$0,$0,$0,$0,$-30,$-14,$26,$12,$1,$1,$0,$-2,$11,$2,$4,$0
23,2013-11-30,20.05,$8.10,2.48,$14.65,1.37,$1.27,15.77,0,0.0,$0.17B,$0.07B,2.23,$0.08B,$0.23B,0.36,$0.43B,$0.12B,28.34%,$0.43B,$0.03B,7.03%,$0.43B,$0.03B,7.03%,$0.43B,$0.07B,16.39%,$0.43B,$0.03B,6.32%,$0.43B,$0.02B,4.22%,$0.02B,$0.23B,8.25%,$0.02B,$0.06B,37.89%,$0.02B,$0.42B,4.61%,$0.03B,$0.31B,10.42%,$157,$109,$48,$1,$30,$142,$15,$-1,$14,$5,$9,$9,$9,$29,$15,$28,29,$0.33,$0.32,$16,$13,$0,$165,$71,$0,$168,$12,$251,$416,$74,$82,$18,$112,$186,$0,$34,$-2,$230,$416,$15,$14,$1,$14,$-12,$-0,$3,$-3,$-14,$16,$-7,$-0,$-2,$0,$0,$0,$-11,$-20,$-8,$22,$14,$0,$0,$0,$-1,$13,$8,$3,$0
24,2013-08-31,18.23,$7.64,2.39,$14.01,1.3,$1.77,10.3,0,0.0,$0.14B,$0.07B,1.98,$0.06B,$0.22B,0.26,$0.41B,$0.12B,28.19%,$0.41B,$0.03B,7.60%,$0.41B,$0.03B,7.60%,$0.41B,$0.06B,15.44%,$0.41B,$0.03B,6.86%,$0.41B,$0.02B,4.41%,$0.02B,$0.22B,8.45%,$0.02B,$0.05B,44.44%,$0.02B,$0.37B,4.71%,$0.03B,$0.27B,11.12%,$136,$97,$39,$1,$29,$126,$10,$-1,$9,$3,$6,$6,$6,$10,$10,$28,29,$0.20,$0.19,$7,$13,$0,$138,$68,$0,$166,$1,$235,$373,$69,$57,$17,$86,$156,$0,$25,$-5,$217,$373,$6,$7,$0,$7,$2,$-0,$0,$-1,$-1,$12,$-2,$-0,$0,$0,$0,$0,$0,$-3,$-3,$-7,$-9,$0,$0,$0,$-1,$-10,$-1,$2,$0
25,2013-05-31,21.38,$0.00,0.0,$13.25,1.61,$2.12,10.11,0,0.0,$0.14B,$0.07B,1.93,$0.06B,$0.21B,0.3,$0.39B,$0.11B,28.57%,$0.39B,$0.03B,7.53%,$0.39B,$0.03B,7.53%,$0.39B,$0.06B,15.84%,$0.39B,$0.03B,6.75%,$0.39B,$0.02B,4.16%,$0.02B,$0.21B,7.69%,$0.02B,$0.04B,35.56%,$0.02B,$0.38B,4.38%,$0.03B,$0.27B,10.86%,$0,$0,$0,$0,$0,$0,$0,$0,$0,$0,$0,$0,$0,$0,$0,$0,0,$0.00,$0.00,$8,$13,$0,$140,$68,$0,$167,$1,$237,$377,$72,$64,$19,$94,$166,$0,$19,$-4,$210,$377,$0,$0,$0,$0,$0,$0,$0,$0,$0,$0,$0,$0,$0,$0,$0,$0,$0,$0,$0,$0,$0,$0,$0,$0,$0,$0,$0,$0,$0
26,2013-02-28,20.45,$7.65,2.67,$13.25,1.54,$2.12,9.67,0,0.0,$0.14B,$0.07B,2.12,$0.08B,$0.22B,0.36,$0.39B,$0.11B,28.57%,$0.39B,$0.03B,7.53%,$0.39B,$0.03B,7.53%,$0.39B,$0.06B,15.84%,$0.39B,$0.03B,6.75%,$0.39B,$0.02B,4.16%,$0.02B,$0.22B,7.85%,$0.02B,$0.03B,32.16%,$0.02B,$0.40B,4.53%,$0.03B,$0.29B,11.21%,$134,$99,$34,$1,$27,$129,$5,$-1,$4,$1,$3,$3,$3,$19,$5,$28,29,$0.10,$0.09,$9,$12,$0,$144,$70,$0,$182,$1,$253,$397,$68,$77,$21,$113,$181,$0,$24,$-2,$216,$397,$16,$20,$4,$24,$6,$1,$-6,$-5,$-12,$28,$-8,$-1,$-34,$0,$0,$0,$0,$-42,$-9,$26,$17,$1,$1,$0,$-2,$15,$0,$5,$0
27,2012-11-30,21.69,$7.43,2.92,$12.27,1.77,$1.96,11.09,0,0.0,$0.14B,$0.07B,1.93,$0.06B,$0.21B,0.31,$0.36B,$0.11B,29.86%,$0.36B,$0.03B,8.17%,$0.36B,$0.03B,8.17%,$0.36B,$0.05B,15.21%,$0.36B,$0.03B,7.61%,$0.36B,$0.02B,4.51%,$0.02B,$0.21B,8.16%,$0.02B,$0.03B,27.12%,$0.02B,$0.38B,4.86%,$0.03B,$0.27B,11.90%,$138,$96,$42,$1,$23,$122,$16,$-1,$15,$6,$9,$9,$9,$28,$16,$28,29,$0.33,$0.32,$8,$12,$0,$135,$70,$0,$176,$1,$246,$381,$70,$64,$23,$102,$172,$0,$21,$-4,$209,$381,$13,$13,$3,$16,$6,$1,$-5,$0,$-2,$27,$-5,$-0,$-27,$0,$0,$0,$0,$-32,$-6,$12,$6,$0,$0,$0,$-2,$5,$-0,$3,$0
28,2012-08-31,21.81,$6.99,3.12,$11.52,1.89,$1.07,20.43,0,0.0,$0.11B,$0.05B,2.1,$0.03B,$0.20B,0.16,$0.33B,$0.10B,29.91%,$0.33B,$0.03B,8.16%,$0.33B,$0.03B,8.16%,$0.33B,$0.05B,16.31%,$0.33B,$0.03B,7.55%,$0.33B,$0.02B,4.53%,$0.02B,$0.20B,7.94%,$0.02B,$0.07B,21.13%,$0.02B,$0.31B,4.90%,$0.03B,$0.23B,11.63%,$113,$80,$34,$1,$23,$106,$8,$-1,$7,$3,$4,$4,$4,$8,$8,$28,29,$0.15,$0.15,$7,$12,$0,$114,$62,$0,$128,$1,$191,$305,$54,$31,$18,$54,$108,$0,$12,$-5,$197,$305,$4,$6,$2,$8,$16,$1,$-3,$2,$9,$22,$-2,$-0,$0,$0,$0,$0,$0,$-3,$-3,$-15,$-18,$0,$0,$0,$-2,$-20,$-1,$2,$0
29,2012-05-31,22.54,$0.00,0.0,$10.85,2.08,$0.75,29.95,0,0.0,$0.13B,$0.06B,2.08,$0.05B,$0.19B,0.25,$0.31B,$0.09B,29.77%,$0.31B,$0.03B,8.09%,$0.31B,$0.03B,8.09%,$0.31B,$0.05B,16.83%,$0.31B,$0.02B,7.44%,$0.31B,$0.01B,4.53%,$0.01B,$0.19B,7.67%,$0.01B,$0.06B,19.38%,$0.01B,$0.33B,4.79%,$0.03B,$0.24B,11.19%,$0,$0,$0,$0,$0,$0,$0,$0,$0,$0,$0,$0,$0,$0,$0,$0,0,$0.00,$0.00,$8,$12,$0,$134,$64,$0,$131,$1,$196,$330,$64,$47,$20,$72,$137,$0,$7,$-3,$193,$330,$0,$0,$0,$0,$0,$0,$0,$0,$0,$0,$0,$0,$0,$0,$0,$0,$0,$0,$0,$0,$0,$0,$0,$0,$0,$0,$0,$0,$0
30,2012-02-29,22.4,$6.62,3.38,$10.85,2.07,$0.75,29.76,0,0.0,$0.13B,$0.06B,2.1,$0.05B,$0.19B,0.26,$0.31B,$0.09B,29.77%,$0.31B,$0.03B,8.09%,$0.31B,$0.03B,8.09%,$0.31B,$0.05B,16.83%,$0.31B,$0.02B,7.44%,$0.31B,$0.01B,4.53%,$0.01B,$0.19B,7.95%,$0.01B,$0.07B,18.48%,$0.01B,$0.30B,5.15%,$0.03B,$0.23B,11.83%,$104,$75,$30,$1,$21,$99,$5,$-1,$5,$2,$3,$3,$3,$18,$5,$28,29,$0.11,$0.11,$8,$13,$0,$127,$59,$0,$114,$2,$174,$301,$61,$47,$5,$55,$116,$0,$0,$-2,$185,$301,$14,$16,$4,$20,$-10,$-3,$-1,$-1,$-13,$21,$-6,$-0,$-26,$0,$0,$0,$0,$-33,$-9,$17,$8,$1,$1,$0,$-0,$9,$-3,$4,$0
31,2011-11-30,23.53,$6.49,3.63,$10.18,2.31,$0.71,33.09,0,0.0,$0.13B,$0.05B,2.48,$0.05B,$0.18B,0.26,$0.28B,$0.09B,29.93%,$0.28B,$0.03B,8.80%,$0.28B,$0.03B,8.80%,$0.28B,$0.05B,18.31%,$0.28B,$0.02B,7.75%,$0.28B,$0.01B,4.58%,$0.01B,$0.18B,7.84%,$0.01B,$0.08B,17.16%,$0.01B,$0.29B,5.24%,$0.03B,$0.23B,12.92%,$114,$79,$35,$1,$19,$100,$14,$-1,$13,$5,$8,$8,$8,$28,$14,$28,29,$0.29,$0.28,$9,$11,$0,$132,$54,$0,$100,$1,$155,$288,$53,$46,$4,$53,$106,$0,$-3,$-1,$181,$288,$11,$10,$3,$13,$-20,$-1,$-1,$-1,$-24,$0,$-4,$-0,$-11,$0,$0,$0,$-4,$-18,$13,$-2,$11,$1,$1,$0,$0,$12,$-6,$3,$0
32,2011-08-31,20.2,$6.18,3.27,$9.50,2.13,$1.02,19.81,0,0.0,$0.10B,$0.05B,1.95,$0.02B,$0.17B,0.12,$0.26B,$0.08B,30.12%,$0.26B,$0.02B,8.11%,$0.26B,$0.02B,8.11%,$0.26B,$0.05B,17.76%,$0.26B,$0.02B,7.34%,$0.26B,$0.01B,4.25%,$0.01B,$0.17B,7.07%,$0.01B,$0.07B,15.22%,$0.01B,$0.25B,4.82%,$0.02B,$0.19B,11.86%,$91,$64,$27,$1,$19,$85,$6,$-1,$5,$2,$3,$3,$3,$6,$6,$28,28,$0.12,$0.11,$6,$10,$0,$98,$53,$0,$97,$1,$151,$249,$50,$21,$4,$27,$77,$0,$-11,$-0,$171,$249,$3,$5,$1,$6,$6,$-0,$-1,$0,$3,$13,$-3,$-0,$-6,$0,$0,$0,$0,$-9,$-4,$-5,$-9,$0,$0,$0,$-0,$-9,$-4,$1,$0
33,2011-05-31,17.41,$0.00,0.0,$8.81,1.98,$0.95,18.33,0,0.0,$0.11B,$0.05B,2.11,$0.02B,$0.17B,0.15,$0.24B,$0.07B,30.51%,$0.24B,$0.02B,7.63%,$0.24B,$0.02B,7.63%,$0.24B,$0.04B,18.22%,$0.24B,$0.02B,7.20%,$0.24B,$0.01B,4.24%,$0.01B,$0.17B,6.85%,$0.01B,$0.08B,14.18%,$0.01B,$0.25B,4.70%,$0.02B,$0.19B,10.84%,$0,$0,$0,$0,$0,$0,$0,$0,$0,$0,$0,$0,$0,$0,$0,$0,0,$0.00,$0.00,$11,$10,$0,$107,$49,$0,$91,$1,$142,$249,$51,$24,$3,$31,$81,$0,$-14,$0,$167,$249,$0,$0,$0,$0,$0,$0,$0,$0,$0,$0,$0,$0,$0,$0,$0,$0,$0,$0,$0,$0,$0,$0,$0,$0,$0,$0,$0,$0,$0
34,2011-02-28,15.09,$5.40,2.8,$8.81,1.71,$0.95,15.89,0,0.0,$0.09B,$0.04B,2.18,$0.02B,$0.14B,0.13,$0.24B,$0.07B,30.51%,$0.24B,$0.02B,7.63%,$0.24B,$0.02B,7.63%,$0.24B,$0.04B,18.22%,$0.24B,$0.02B,7.20%,$0.24B,$0.01B,4.24%,$0.01B,$0.14B,7.30%,$0.01B,$0.07B,14.49%,$0.01B,$0.21B,5.06%,$0.02B,$0.16B,11.67%,$79,$57,$23,$1,$16,$75,$5,$-1,$4,$2,$2,$2,$2,$18,$5,$27,27,$0.09,$0.09,$7,$10,$0,$87,$46,$0,$73,$1,$120,$207,$40,$18,$1,$23,$63,$0,$-21,$-1,$144,$207,$10,$14,$2,$16,$-7,$-1,$0,$-1,$-7,$19,$-6,$-0,$-18,$0,$0,$0,$0,$-25,$-6,$3,$-4,$0,$0,$0,$0,$-4,$-9,$3,$0
35,2010-11-30,11.9,$5.26,2.26,$8.19,1.45,$0.87,13.69,0,0.0,$0.09B,$0.04B,2.1,$0.02B,$0.14B,0.16,$0.22B,$0.07B,30.32%,$0.22B,$0.02B,6.79%,$0.22B,$0.02B,6.79%,$0.22B,$0.04B,17.19%,$0.22B,$0.01B,6.33%,$0.22B,$0.01B,4.07%,$0.01B,$0.14B,6.81%,$0.01B,$0.07B,13.38%,$0.01B,$0.21B,4.68%,$0.02B,$0.16B,10.05%,$89,$61,$28,$1,$16,$79,$10,$-1,$10,$4,$6,$6,$6,$19,$10,$27,27,$0.21,$0.21,$7,$10,$0,$88,$46,$0,$72,$0,$119,$207,$42,$22,$1,$25,$67,$0,$-23,$-1,$140,$207,$7,$9,$2,$10,$-8,$-1,$-0,$-2,$-9,$9,$-4,$-0,$-17,$0,$0,$0,$0,$-21,$0,$2,$2,$0,$0,$0,$0,$2,$-9,$2,$0
36,2010-08-31,10.6,$4.98,2.13,$4.87,2.18,$0.67,15.84,$0.14,75.71,$0.08B,$0.04B,2.17,$0.02B,$0.13B,0.11,$0.13B,$0.04B,29.55%,$0.13B,$0.01B,3.79%,$0.13B,$0.01B,3.79%,$0.13B,$0.02B,12.12%,$0.13B,$0.00B,3.03%,$0.13B,$0.00B,2.27%,$0.00B,$0.13B,3.08%,$0.00B,$0.07B,5.97%,$0.00B,$0.19B,2.14%,$0.01B,$0.15B,4.60%,$68,$48,$21,$1,$15,$65,$3,$-1,$3,$1,$2,$2,$2,$3,$3,$27,27,$0.06,$0.06,$14,$9,$0,$82,$40,$0,$65,$0,$106,$188,$38,$15,$1,$18,$56,$0,$-29,$-2,$133,$188,$2,$4,$1,$5,$3,$-0,$0,$2,$3,$9,$-2,$-0,$-5,$0,$0,$0,$0,$-7,$-3,$-1,$-4,$0,$0,$0,$0,$-4,$-2,$1,$0
37,2010-05-31,11.94,$0.00,0.0,$5.19,2.3,$0.72,16.59,$0.14,85.29,$0.09B,$0.04B,2.19,$0.02B,$0.13B,0.11,$0.14B,$0.04B,30.15%,$0.14B,$0.01B,7.35%,$0.14B,$0.01B,7.35%,$0.14B,$0.03B,22.06%,$0.14B,$0.01B,5.15%,$0.14B,$0.01B,8.09%,$0.01B,$0.13B,11.58%,$0.01B,$0.07B,22.45%,$0.01B,$0.19B,7.83%,$0.01B,$0.15B,9.30%,$0,$0,$0,$0,$0,$0,$0,$0,$0,$0,$0,$0,$0,$0,$0,$0,0,$0.00,$0.00,$16,$9,$0,$87,$40,$0,$60,$1,$102,$189,$40,$15,$1,$18,$58,$0,$-30,$-2,$131,$189,$0,$0,$0,$0,$0,$0,$0,$0,$0,$0,$0,$0,$0,$0,$0,$0,$0,$0,$0,$0,$0,$0,$0,$0,$0,$0,$0,$0,$0
