,Date,Stock Price,Book Value per Share,Price to Book Ratio,TTM Sales per Share,Price to Sales Ratio,TTM FCF per Share,Price to FCF Ratio,TTM Net EPS,PE Ratio,Current Assets,Current Liabilities,Current Ratio,Long Term Debt,Shareholder's Equity_x,Debt to Equity Ratio,TTM Revenue_x,TTM Gross Profit,Gross Margin,TTM Revenue_y,TTM Operating Income,Operating Margin,TTM Revenue_x,TTM EBIT,EBIT Margin,TTM Revenue_y,TTM EBITDA,EBITDA Margin,TTM Revenue_x,TTM Pre-Tax Income,Pre-Tax Margin,TTM Revenue_y,TTM Net Income_x,Net Margin,TTM Net Income_y,Shareholder's Equity_y,Return on Equity,TTM Net Income_x,Tangible Equity,Return on Tangible Equity,TTM Net Income_y,Total Assets,Return on Assets,TTM Net Income,LT Investments & Debt,Return on Investment,revenue,cost-goods-sold,gross-profit,research-development-expenses,selling-general-administrative-expenses,operating-expenses,operating-income,total-non-operating-income-expense,pre-tax-income,total-provision-income-taxes,income-after-taxes,income-from-continuous-operations,net-income,ebitda,ebit,basic-shares-outstanding,shares-outstanding,eps-basic-net-earnings-per-share,eps-earnings-per-share-diluted,cash-on-hand,inventory,other-current-assets,total-current-assets,net-property-plant-equipment,long-term-investments,goodwill-intangible-assets-total,other-long-term-assets,total-long-term-assets,total-assets,total-current-liabilities,long-term-debt,other-non-current-liabilities,total-long-term-liabilities,total-liabilities,common-stock-net,retained-earnings-accumulated-deficit,comprehensive-income,total-share-holder-equity,total-liabilities-share-holders-equity,net-income-loss,total-depreciation-amortization-cash-flow,other-non-cash-items,total-non-cash-items,change-in-accounts-receivable,change-in-inventories,change-in-accounts-payable,change-in-assets-liabilities,total-change-in-assets-liabilities,cash-flow-from-operating-activities,net-change-in-property-plant-equipment,net-change-in-intangible-assets,net-acquisitions-divestitures,net-change-in-short-term-investments,net-change-in-long-term-investments,net-change-in-investments-total,investing-activities-other,cash-flow-from-investing-activities,net-long-term-debt,net-current-debt,debt-issuance-retirement-net-total,net-common-equity-issued-repurchased,net-total-equity-issued-repurchased,total-common-preferred-stock-dividends-paid,financial-activities-other,cash-flow-from-financial-activities,net-cash-flow,stock-based-compensation,common-stock-dividends-paid
0,2018-09-30,63.85,$23.42,2.73,$16.15,3.95,$0.51,125.17,$3.00,21.28,$0.28B,$0.10B,2.85,$0.49B,$0.81B,0.61,$0.56B,$0.37B,65.71%,$0.56B,$0.12B,21.25%,$0.56B,$0.12B,21.25%,$0.56B,$0.18B,31.25%,$0.56B,$0.11B,20.00%,$0.56B,$0.10B,18.57%,$0.10B,$0.81B,13.12%,$0.10B,$0.81B,13.12%,$0.10B,$1.97B,5.50%,$0.12B,$1.31B,9.76%,$138,$35,$103,$0,$49,$98,$40,$-1,$39,$10,$30,$30,$30,$54,$40,$35,35,$0.85,$0.85,$134,$45,$40,$281,$1459,$73,$0,$9,$1694,$1974,$98,$494,$270,$1064,$1162,$35,$461,$0,$812,$1974,$68,$42,$1,$42,$0,$0,$0,$28,$28,$138,$-149,$0,$0,$0,$-5,$-5,$0,$-153,$77,$-4,$73,$0,$0,$-34,$-1,$38,$23,$0,$-34
1,2018-06-30,63.05,$22.91,2.75,$16.20,3.89,$1.75,36.12,$2.92,21.59,$0.24B,$0.12B,2.05,$0.42B,$0.79B,0.52,$0.56B,$0.37B,65.48%,$0.56B,$0.12B,21.53%,$0.56B,$0.12B,21.53%,$0.56B,$0.18B,31.32%,$0.56B,$0.12B,20.46%,$0.56B,$0.10B,17.97%,$0.10B,$0.79B,12.98%,$0.10B,$0.79B,12.98%,$0.10B,$1.89B,5.46%,$0.12B,$1.21B,10.27%,$124,$38,$86,$0,$48,$100,$24,$-0,$24,$6,$18,$18,$18,$38,$24,$35,35,$0.53,$0.53,$96,$42,$46,$242,$1420,$72,$0,$5,$1651,$1893,$118,$416,$268,$981,$1099,$35,$443,$0,$794,$1893,$38,$27,$-2,$26,$0,$0,$0,$28,$28,$92,$-100,$0,$0,$0,$-3,$-3,$1,$-103,$-2,$24,$22,$0,$0,$-22,$0,$-0,$-12,$0,$-22
2,2018-03-31,55.8,$22.70,2.46,$16.27,3.43,$2.72,20.55,$2.84,19.65,$0.25B,$0.11B,2.34,$0.40B,$0.79B,0.51,$0.56B,$0.37B,65.78%,$0.56B,$0.12B,21.81%,$0.56B,$0.12B,21.81%,$0.56B,$0.18B,31.38%,$0.56B,$0.12B,20.39%,$0.56B,$0.10B,17.55%,$0.10B,$0.79B,12.96%,$0.10B,$0.79B,12.96%,$0.10B,$1.84B,5.42%,$0.12B,$1.18B,10.62%,$158,$69,$89,$0,$49,$131,$26,$0,$26,$6,$20,$20,$20,$40,$26,$35,35,$0.58,$0.58,$101,$37,$47,$249,$1366,$72,$0,$0,$1595,$1844,$106,$397,$259,$950,$1057,$35,$436,$0,$787,$1844,$20,$14,$-2,$11,$0,$0,$0,$16,$16,$47,$-38,$0,$0,$0,$-2,$-2,$-0,$-40,$-1,$-1,$-2,$0,$0,$-11,$0,$-13,$-6,$0,$-11
3,2017-12-31,62.38,$22.45,2.78,$16.24,3.84,$3.17,19.67,$2.82,22.12,$0.29B,$0.13B,2.3,$0.40B,$0.78B,0.51,$0.56B,$0.38B,66.61%,$0.56B,$0.13B,22.91%,$0.56B,$0.13B,22.91%,$0.56B,$0.18B,32.33%,$0.56B,$0.12B,21.14%,$0.56B,$0.10B,17.41%,$0.10B,$0.78B,13.06%,$0.10B,$0.78B,13.06%,$0.10B,$1.86B,5.41%,$0.13B,$1.18B,11.29%,$140,$50,$90,$0,$47,$111,$29,$-7,$23,$-13,$36,$36,$36,$43,$29,$35,35,$1.04,$1.04,$108,$44,$61,$291,$1341,$68,$0,$1,$1565,$1855,$127,$398,$257,$950,$1077,$35,$427,$0,$778,$1855,$98,$53,$-4,$49,$-5,$-3,$-5,$-1,$-13,$133,$-105,$0,$0,$0,$-11,$-11,$0,$-116,$36,$4,$40,$0,$0,$-44,$-1,$-5,$12,$0,$-44
4,2017-09-30,63.55,$21.73,2.92,$16.20,3.92,$4.21,15.08,$2.20,28.89,$0.26B,$0.09B,3.02,$0.39B,$0.75B,0.52,$0.56B,$0.37B,65.84%,$0.56B,$0.12B,22.06%,$0.56B,$0.12B,22.06%,$0.56B,$0.17B,30.96%,$0.56B,$0.12B,21.00%,$0.56B,$0.08B,13.70%,$0.08B,$0.75B,10.45%,$0.08B,$0.75B,10.45%,$0.08B,$1.81B,4.28%,$0.12B,$1.14B,11.02%,$140,$37,$103,$0,$47,$98,$42,$0,$42,$16,$27,$27,$27,$55,$42,$35,35,$0.77,$0.77,$105,$47,$46,$255,$1312,$86,$0,$6,$1555,$1810,$85,$389,$127,$972,$1057,$35,$402,$0,$753,$1810,$61,$40,$4,$44,$0,$0,$0,$-9,$-9,$96,$-64,$0,$0,$0,$-7,$-7,$0,$-71,$7,$7,$14,$0,$0,$-33,$-0,$-19,$6,$0,$-33
5,2017-06-30,62.99,$21.28,2.96,$16.12,3.91,$5.21,12.08,$2.23,28.24,$0.25B,$0.08B,2.98,$0.39B,$0.74B,0.53,$0.56B,$0.37B,66.19%,$0.56B,$0.13B,23.08%,$0.56B,$0.13B,23.08%,$0.56B,$0.18B,31.66%,$0.56B,$0.12B,21.47%,$0.56B,$0.08B,13.95%,$0.08B,$0.74B,10.70%,$0.08B,$0.74B,10.70%,$0.08B,$1.79B,4.37%,$0.13B,$1.13B,11.56%,$126,$38,$89,$0,$50,$101,$26,$-1,$24,$9,$16,$16,$16,$39,$26,$35,35,$0.45,$0.45,$103,$41,$47,$249,$1299,$85,$0,$6,$1543,$1793,$84,$390,$128,$971,$1055,$35,$386,$0,$738,$1793,$35,$26,$2,$28,$0,$0,$0,$4,$4,$67,$-42,$0,$0,$0,$-6,$-6,$1,$-47,$8,$0,$8,$0,$0,$-21,$-0,$-14,$6,$0,$-21
6,2017-03-31,63.32,$21.14,3.0,$15.98,3.96,$6.02,10.52,$2.25,28.14,$0.25B,$0.08B,3.04,$0.39B,$0.73B,0.53,$0.56B,$0.37B,65.95%,$0.56B,$0.13B,23.60%,$0.56B,$0.13B,23.60%,$0.56B,$0.18B,31.89%,$0.56B,$0.12B,21.80%,$0.56B,$0.08B,14.05%,$0.08B,$0.73B,10.83%,$0.08B,$0.73B,10.83%,$0.08B,$1.79B,4.40%,$0.13B,$1.12B,11.93%,$157,$63,$93,$0,$49,$125,$32,$-1,$30,$11,$19,$19,$19,$45,$32,$35,35,$0.56,$0.56,$118,$33,$45,$254,$1287,$82,$0,$0,$1531,$1785,$84,$391,$129,$969,$1052,$35,$382,$0,$733,$1785,$19,$13,$-3,$10,$0,$0,$0,$12,$12,$41,$-16,$0,$0,$0,$-3,$-3,$1,$-18,$9,$0,$9,$0,$0,$-11,$-0,$-2,$21,$0,$-11
7,2016-12-31,63.31,$20.89,3.03,$15.71,4.03,$6.10,10.37,$2.18,29.04,$0.28B,$0.10B,2.66,$0.38B,$0.72B,0.53,$0.55B,$0.36B,66.12%,$0.55B,$0.13B,23.63%,$0.55B,$0.13B,23.63%,$0.55B,$0.17B,31.68%,$0.55B,$0.12B,21.61%,$0.55B,$0.08B,13.92%,$0.08B,$0.72B,10.69%,$0.08B,$0.72B,10.69%,$0.08B,$1.80B,4.32%,$0.13B,$1.11B,11.94%,$139,$54,$85,$0,$49,$115,$24,$-2,$22,$8,$15,$15,$15,$35,$24,$35,35,$0.42,$0.42,$96,$41,$63,$276,$1282,$76,$0,$1,$1526,$1801,$104,$383,$132,$973,$1077,$35,$373,$0,$724,$1801,$76,$45,$23,$67,$-4,$7,$10,$-18,$5,$148,$-84,$0,$0,$0,$-3,$-3,$-0,$-87,$-4,$0,$-4,$0,$0,$-42,$-0,$-46,$15,$0,$-42
8,2016-09-30,54.52,$20.78,2.62,$15.48,3.52,$6.26,8.71,$2.08,26.21,$0.25B,$0.09B,2.89,$0.38B,$0.72B,0.53,$0.54B,$0.36B,66.54%,$0.54B,$0.13B,23.61%,$0.54B,$0.13B,23.61%,$0.54B,$0.17B,31.78%,$0.54B,$0.12B,21.38%,$0.54B,$0.07B,13.38%,$0.07B,$0.72B,10.25%,$0.07B,$0.72B,10.25%,$0.07B,$1.76B,4.13%,$0.13B,$1.10B,11.84%,$137,$34,$103,$0,$45,$90,$47,$-3,$44,$16,$28,$28,$28,$58,$47,$35,35,$0.80,$0.80,$112,$44,$34,$249,$1281,$77,$0,$6,$1511,$1760,$86,$384,$131,$954,$1040,$35,$369,$0,$720,$1760,$61,$33,$15,$48,$0,$0,$0,$20,$20,$129,$-62,$0,$0,$0,$-2,$-2,$-0,$-65,$-3,$0,$-3,$0,$0,$-31,$-0,$-34,$30,$0,$-31
9,2016-06-30,54.22,$20.28,2.67,$15.60,3.48,$6.35,8.53,$2.10,25.82,$0.26B,$0.13B,1.98,$0.36B,$0.70B,0.51,$0.54B,$0.36B,65.68%,$0.54B,$0.13B,23.25%,$0.54B,$0.13B,23.25%,$0.54B,$0.17B,31.37%,$0.54B,$0.12B,21.22%,$0.54B,$0.07B,13.28%,$0.07B,$0.70B,10.36%,$0.07B,$0.70B,10.36%,$0.07B,$1.75B,4.16%,$0.13B,$1.06B,11.81%,$122,$36,$85,$0,$46,$93,$28,$-3,$25,$9,$16,$16,$16,$39,$28,$35,35,$0.47,$0.47,$110,$40,$46,$255,$1267,$75,$0,$6,$1496,$1751,$129,$355,$130,$919,$1048,$35,$352,$0,$703,$1751,$33,$22,$9,$31,$0,$0,$0,$29,$29,$94,$-41,$0,$0,$0,$-1,$-1,$-0,$-42,$-2,$0,$-2,$0,$0,$-20,$-0,$-23,$29,$0,$-20
10,2016-03-31,49.84,$20.11,2.48,$15.62,3.19,$5.98,8.33,$2.02,24.67,$0.25B,$0.12B,2.1,$0.36B,$0.70B,0.51,$0.54B,$0.35B,65.13%,$0.54B,$0.12B,22.51%,$0.54B,$0.12B,22.51%,$0.54B,$0.17B,30.63%,$0.54B,$0.11B,20.48%,$0.54B,$0.07B,12.73%,$0.07B,$0.70B,10.05%,$0.07B,$0.70B,10.05%,$0.07B,$1.73B,4.02%,$0.12B,$1.05B,11.42%,$148,$59,$88,$0,$48,$118,$30,$-3,$27,$10,$17,$17,$17,$41,$30,$35,35,$0.49,$0.49,$97,$39,$44,$247,$1251,$75,$0,$6,$1483,$1730,$118,$356,$131,$915,$1033,$35,$346,$0,$697,$1730,$17,$11,$2,$13,$0,$0,$0,$14,$14,$44,$-16,$0,$0,$0,$-1,$-1,$-0,$-16,$-1,$0,$-1,$0,$0,$-10,$0,$-11,$16,$0,$-10
11,2015-12-31,44.0,$19.92,2.21,$16.27,2.7,$5.84,7.54,$2.06,21.36,$0.26B,$0.08B,3.03,$0.39B,$0.69B,0.56,$0.56B,$0.35B,62.59%,$0.56B,$0.12B,21.99%,$0.56B,$0.12B,21.99%,$0.56B,$0.17B,29.79%,$0.56B,$0.11B,20.04%,$0.56B,$0.07B,12.41%,$0.07B,$0.69B,10.30%,$0.07B,$0.69B,10.30%,$0.07B,$1.73B,4.11%,$0.12B,$1.08B,11.58%,$131,$49,$82,$0,$49,$109,$22,$-4,$19,$7,$11,$11,$11,$33,$22,$35,35,$0.32,$0.32,$81,$48,$45,$255,$1243,$74,$0,$1,$1472,$1726,$84,$387,$128,$952,$1036,$35,$339,$0,$690,$1726,$71,$44,$25,$70,$5,$-3,$-3,$-2,$0,$141,$-72,$0,$0,$0,$-1,$-1,$-0,$-73,$-4,$-7,$-11,$0,$0,$-40,$-1,$-52,$16,$0,$-40
12,2015-09-30,38.8,$19.89,1.95,$16.69,2.32,$4.88,7.94,$2.18,17.8,$0.24B,$0.07B,3.26,$0.39B,$0.69B,0.57,$0.58B,$0.36B,62.00%,$0.58B,$0.13B,22.80%,$0.58B,$0.13B,22.80%,$0.58B,$0.18B,30.22%,$0.58B,$0.12B,20.38%,$0.58B,$0.07B,12.78%,$0.07B,$0.69B,11.02%,$0.07B,$0.69B,11.02%,$0.07B,$1.71B,4.36%,$0.13B,$1.08B,12.39%,$141,$40,$101,$0,$44,$95,$46,$-2,$44,$15,$28,$28,$28,$57,$46,$35,35,$0.82,$0.82,$94,$50,$40,$242,$1233,$74,$0,$0,$1472,$1714,$74,$392,$133,$950,$1024,$35,$338,$0,$689,$1714,$60,$33,$8,$41,$0,$0,$0,$22,$22,$123,$-52,$0,$0,$0,$-1,$-1,$-0,$-53,$-3,$-7,$-10,$0,$0,$-30,$-1,$-41,$29,$0,$-30
13,2015-06-30,36.19,$19.36,1.87,$16.53,2.19,$4.44,8.16,$2.03,17.83,$0.23B,$0.08B,3.03,$0.39B,$0.67B,0.59,$0.57B,$0.35B,61.26%,$0.57B,$0.13B,21.99%,$0.57B,$0.13B,21.99%,$0.57B,$0.17B,29.32%,$0.57B,$0.11B,19.55%,$0.57B,$0.07B,12.04%,$0.07B,$0.67B,10.41%,$0.07B,$0.67B,10.41%,$0.07B,$1.69B,4.12%,$0.13B,$1.06B,11.91%,$122,$41,$82,$0,$46,$98,$24,$-3,$21,$8,$13,$13,$13,$35,$24,$35,35,$0.39,$0.39,$76,$48,$42,$231,$1223,$73,$0,$0,$1462,$1693,$76,$393,$128,$946,$1022,$35,$320,$0,$671,$1693,$32,$22,$6,$28,$0,$0,$0,$13,$13,$73,$-33,$0,$0,$0,$-1,$-1,$-0,$-34,$-2,$-7,$-9,$0,$0,$-20,$-0,$-29,$10,$0,$-20
14,2015-03-31,41.12,$19.26,2.14,$16.72,2.46,$4.51,9.11,$2.05,20.06,$0.24B,$0.07B,3.29,$0.39B,$0.67B,0.59,$0.58B,$0.35B,60.17%,$0.58B,$0.13B,21.72%,$0.58B,$0.13B,21.72%,$0.58B,$0.17B,28.97%,$0.58B,$0.11B,19.66%,$0.58B,$0.07B,12.07%,$0.07B,$0.67B,10.68%,$0.07B,$0.67B,10.68%,$0.07B,$1.68B,4.25%,$0.13B,$1.06B,11.99%,$170,$82,$88,$0,$46,$138,$32,$-3,$29,$11,$18,$18,$18,$43,$32,$35,35,$0.53,$0.53,$71,$41,$43,$236,$1210,$72,$0,$5,$1448,$1684,$72,$394,$127,$945,$1017,$35,$316,$0,$668,$1684,$18,$11,$3,$14,$0,$0,$0,$2,$2,$35,$-12,$0,$0,$0,$-0,$-0,$-0,$-12,$-1,$-7,$-8,$0,$0,$-10,$0,$-18,$5,$0,$-10
15,2014-12-31,42.04,$19.02,2.21,$17.88,2.35,$4.90,8.58,$2.32,18.12,$0.25B,$0.09B,2.78,$0.40B,$0.66B,0.6,$0.62B,$0.36B,58.06%,$0.62B,$0.14B,22.26%,$0.62B,$0.14B,22.26%,$0.62B,$0.18B,28.87%,$0.62B,$0.13B,20.81%,$0.62B,$0.08B,12.90%,$0.08B,$0.66B,12.36%,$0.08B,$0.66B,12.36%,$0.08B,$1.69B,4.91%,$0.14B,$1.06B,13.22%,$146,$57,$88,$0,$48,$116,$30,$-6,$24,$9,$15,$15,$15,$40,$30,$35,35,$0.44,$0.44,$66,$46,$50,$250,$1208,$72,$0,$5,$1444,$1694,$90,$395,$120,$945,$1035,$35,$308,$0,$659,$1694,$80,$41,$50,$91,$2,$-10,$3,$-17,$-42,$129,$-93,$0,$0,$0,$-2,$-2,$-1,$-96,$-4,$7,$3,$0,$0,$-38,$-0,$-36,$-3,$0,$-38
16,2014-09-30,34.13,$18.86,1.81,$18.16,1.88,$4.47,7.63,$2.29,14.9,$0.23B,$0.08B,2.74,$0.40B,$0.65B,0.61,$0.63B,$0.36B,57.07%,$0.63B,$0.13B,21.30%,$0.63B,$0.13B,21.30%,$0.63B,$0.18B,27.82%,$0.63B,$0.13B,20.19%,$0.63B,$0.08B,12.56%,$0.08B,$0.65B,12.40%,$0.08B,$0.65B,12.40%,$0.08B,$1.62B,4.93%,$0.13B,$1.05B,12.95%,$135,$42,$93,$0,$42,$95,$40,$-3,$38,$14,$23,$23,$23,$50,$40,$35,35,$0.67,$0.67,$89,$46,$35,$225,$1198,$71,$0,$7,$1394,$1620,$82,$396,$123,$884,$966,$35,$303,$0,$654,$1620,$65,$30,$22,$52,$0,$0,$0,$3,$3,$121,$-66,$0,$0,$0,$-2,$-2,$-1,$-69,$-3,$0,$-3,$0,$0,$-29,$-0,$-32,$20,$0,$-29
17,2014-06-30,35.94,$18.47,1.95,$18.30,1.96,$3.37,10.67,$2.32,15.49,$0.22B,$0.09B,2.53,$0.40B,$0.64B,0.62,$0.63B,$0.36B,56.94%,$0.63B,$0.13B,21.14%,$0.63B,$0.13B,21.14%,$0.63B,$0.18B,27.60%,$0.63B,$0.13B,20.19%,$0.63B,$0.08B,12.62%,$0.08B,$0.64B,12.76%,$0.08B,$0.64B,12.76%,$0.08B,$1.60B,4.98%,$0.13B,$1.04B,13.07%,$129,$49,$80,$0,$45,$104,$24,$-1,$23,$9,$14,$14,$14,$35,$24,$35,35,$0.41,$0.41,$88,$34,$36,$219,$1186,$70,$0,$6,$1378,$1597,$87,$397,$119,$870,$957,$35,$289,$0,$640,$1597,$42,$20,$13,$33,$0,$0,$0,$10,$10,$85,$-42,$0,$0,$0,$-1,$-1,$-1,$-45,$-2,$0,$-2,$0,$0,$-19,$-0,$-21,$19,$0,$-19
18,2014-03-31,35.42,$18.34,1.93,$18.28,1.94,$2.23,15.89,$2.31,15.34,$0.24B,$0.11B,2.18,$0.40B,$0.64B,0.63,$0.63B,$0.36B,57.19%,$0.63B,$0.13B,21.17%,$0.63B,$0.13B,21.17%,$0.63B,$0.17B,27.49%,$0.63B,$0.13B,20.22%,$0.63B,$0.08B,12.64%,$0.08B,$0.64B,12.98%,$0.08B,$0.64B,12.98%,$0.08B,$1.61B,4.98%,$0.13B,$1.03B,13.34%,$210,$111,$99,$0,$45,$166,$44,$0,$44,$16,$28,$28,$28,$54,$44,$35,35,$0.80,$0.80,$93,$22,$44,$239,$1174,$69,$0,$0,$1371,$1610,$110,$398,$129,$865,$975,$35,$284,$0,$636,$1610,$28,$10,$-2,$8,$0,$0,$0,$23,$23,$58,$-22,$0,$0,$0,$-1,$-1,$-1,$-23,$-1,$0,$-1,$0,$0,$-9,$-0,$-11,$25,$0,$-9
19,2013-12-31,34.5,$17.81,1.94,$17.04,2.02,$1.16,29.75,$2.16,15.95,$0.22B,$0.10B,2.28,$0.40B,$0.62B,0.65,$0.59B,$0.36B,60.51%,$0.59B,$0.13B,21.69%,$0.59B,$0.13B,21.69%,$0.59B,$0.17B,28.31%,$0.59B,$0.12B,20.34%,$0.59B,$0.08B,12.71%,$0.08B,$0.62B,12.39%,$0.08B,$0.62B,12.39%,$0.08B,$1.58B,4.69%,$0.13B,$1.02B,13.01%,$155,$68,$87,$0,$51,$129,$26,$-4,$22,$8,$14,$14,$14,$36,$26,$35,35,$0.41,$0.41,$69,$36,$47,$221,$1160,$68,$0,$6,$1358,$1579,$97,$399,$130,$865,$962,$35,$266,$0,$618,$1579,$75,$39,$52,$91,$-4,$2,$1,$-26,$-26,$140,$-119,$0,$0,$0,$-2,$-2,$-1,$-122,$42,$0,$42,$0,$0,$-37,$-1,$4,$22,$0,$-37
20,2013-09-30,32.37,$17.67,1.83,$16.52,1.96,$1.92,16.86,$2.06,15.71,$0.21B,$0.08B,2.72,$0.40B,$0.61B,0.65,$0.57B,$0.35B,61.19%,$0.57B,$0.12B,21.15%,$0.57B,$0.12B,21.15%,$0.57B,$0.16B,27.97%,$0.57B,$0.12B,20.10%,$0.57B,$0.07B,12.41%,$0.07B,$0.61B,11.92%,$0.07B,$0.61B,11.92%,$0.07B,$1.64B,4.44%,$0.12B,$1.01B,12.56%,$140,$45,$95,$0,$46,$100,$40,$-1,$39,$15,$24,$24,$24,$50,$40,$35,35,$0.70,$0.70,$75,$41,$37,$214,$1143,$67,$0,$6,$1430,$1644,$79,$400,$138,$952,$1031,$23,$273,$0,$613,$1644,$61,$29,$43,$72,$0,$0,$0,$-24,$-24,$109,$-92,$0,$0,$0,$-1,$-1,$-1,$-94,$43,$0,$43,$0,$0,$-28,$-1,$15,$29,$0,$-28
21,2013-06-30,32.25,$17.24,1.87,$16.45,1.96,$2.89,11.18,$2.04,15.81,$0.19B,$0.09B,2.06,$0.36B,$0.60B,0.6,$0.57B,$0.35B,61.58%,$0.57B,$0.12B,21.23%,$0.57B,$0.12B,21.23%,$0.57B,$0.16B,28.07%,$0.57B,$0.11B,20.00%,$0.57B,$0.07B,12.46%,$0.07B,$0.60B,12.10%,$0.07B,$0.60B,12.10%,$0.07B,$1.59B,4.49%,$0.12B,$0.95B,12.80%,$128,$48,$81,$0,$47,$104,$24,$-2,$23,$9,$14,$14,$14,$34,$24,$35,35,$0.40,$0.40,$42,$35,$38,$186,$1123,$66,$0,$8,$1404,$1590,$91,$356,$134,$902,$993,$23,$258,$0,$598,$1590,$36,$19,$28,$47,$0,$0,$0,$-17,$-17,$66,$-63,$0,$0,$0,$-1,$-1,$-0,$-65,$-1,$14,$13,$0,$0,$-18,$-0,$-6,$-4,$0,$-18
22,2013-03-31,32.41,$17.10,1.9,$16.13,2.01,$3.41,9.5,$2.05,15.79,$0.20B,$0.09B,2.31,$0.36B,$0.59B,0.6,$0.56B,$0.35B,62.79%,$0.56B,$0.12B,21.82%,$0.56B,$0.12B,21.82%,$0.56B,$0.16B,28.80%,$0.56B,$0.11B,20.39%,$0.56B,$0.07B,12.70%,$0.07B,$0.59B,12.27%,$0.07B,$0.59B,12.27%,$0.07B,$1.58B,4.55%,$0.12B,$0.95B,13.01%,$167,$74,$94,$0,$46,$130,$38,$-1,$36,$14,$23,$23,$23,$47,$38,$35,35,$0.65,$0.65,$46,$27,$43,$196,$1097,$66,$0,$7,$1384,$1580,$85,$357,$138,$903,$987,$23,$253,$0,$593,$1580,$23,$10,$16,$25,$0,$0,$0,$-19,$-19,$29,$-29,$0,$0,$0,$-0,$-0,$-0,$-30,$-1,$11,$10,$0,$0,$-9,$0,$1,$-0,$0,$-9
23,2012-12-31,29.57,$16.71,1.77,$15.61,1.89,$3.69,8.01,$1.86,15.9,$0.22B,$0.08B,2.94,$0.36B,$0.58B,0.62,$0.54B,$0.34B,63.40%,$0.54B,$0.11B,20.70%,$0.54B,$0.11B,20.70%,$0.54B,$0.15B,28.10%,$0.54B,$0.10B,19.22%,$0.54B,$0.06B,11.83%,$0.06B,$0.58B,11.23%,$0.06B,$0.58B,11.23%,$0.06B,$1.59B,4.17%,$0.11B,$0.94B,12.05%,$137,$57,$80,$0,$51,$118,$19,$-3,$17,$6,$10,$10,$10,$29,$19,$35,35,$0.31,$0.31,$46,$38,$47,$223,$1073,$65,$0,$6,$1364,$1587,$76,$358,$138,$932,$1007,$35,$228,$0,$579,$1587,$64,$39,$65,$104,$-6,$1,$-0,$-20,$-22,$146,$-98,$0,$0,$0,$-0,$-0,$-3,$-101,$-3,$0,$-3,$0,$0,$-36,$-1,$-39,$5,$0,$-36
24,2012-09-30,30.51,$16.67,1.83,$15.44,1.98,$4.21,7.24,$1.83,16.7,$0.22B,$0.06B,3.67,$0.36B,$0.58B,0.62,$0.54B,$0.34B,63.74%,$0.54B,$0.11B,20.56%,$0.54B,$0.11B,20.56%,$0.54B,$0.15B,28.22%,$0.54B,$0.10B,19.07%,$0.54B,$0.06B,11.78%,$0.06B,$0.58B,11.20%,$0.06B,$0.58B,11.20%,$0.06B,$1.57B,4.19%,$0.11B,$0.94B,11.92%,$138,$42,$96,$0,$46,$98,$40,$-2,$38,$14,$24,$24,$24,$50,$40,$35,35,$0.68,$0.68,$59,$41,$36,$220,$1043,$64,$0,$7,$1345,$1565,$60,$359,$142,$927,$987,$23,$239,$0,$578,$1565,$54,$29,$70,$99,$0,$0,$0,$-37,$-37,$116,$-66,$0,$0,$0,$-2,$-2,$-0,$-68,$-2,$0,$-2,$0,$0,$-27,$-1,$-30,$18,$0,$-27
25,2012-06-30,27.02,$16.26,1.66,$15.32,1.76,$4.55,5.94,$1.75,15.41,$0.18B,$0.06B,2.88,$0.36B,$0.56B,0.64,$0.53B,$0.34B,63.28%,$0.53B,$0.11B,19.96%,$0.53B,$0.11B,19.96%,$0.53B,$0.15B,27.87%,$0.53B,$0.10B,18.46%,$0.53B,$0.06B,11.30%,$0.06B,$0.56B,10.80%,$0.06B,$0.56B,10.80%,$0.06B,$1.51B,4.14%,$0.11B,$0.92B,11.57%,$117,$37,$81,$0,$46,$92,$25,$-2,$23,$9,$14,$14,$14,$35,$25,$35,35,$0.41,$0.41,$41,$39,$39,$179,$1023,$62,$0,$0,$1328,$1507,$62,$360,$137,$881,$943,$23,$224,$0,$564,$1507,$30,$19,$25,$45,$0,$0,$0,$-14,$-14,$61,$-40,$0,$0,$0,$-1,$-1,$-0,$-41,$-1,$0,$-1,$0,$0,$-18,$-1,$-20,$0,$0,$-18
26,2012-03-31,25.14,$16.10,1.56,$15.32,1.64,$5.06,4.97,$1.71,14.73,$0.18B,$0.06B,2.88,$0.36B,$0.56B,0.65,$0.53B,$0.33B,62.71%,$0.53B,$0.10B,19.59%,$0.53B,$0.10B,19.59%,$0.53B,$0.15B,27.68%,$0.53B,$0.10B,17.89%,$0.53B,$0.06B,11.11%,$0.06B,$0.56B,10.74%,$0.06B,$0.56B,10.74%,$0.06B,$1.48B,4.20%,$0.10B,$0.92B,11.42%,$149,$63,$86,$0,$48,$121,$28,$-3,$26,$10,$16,$16,$16,$38,$28,$35,35,$0.46,$0.46,$41,$35,$38,$179,$1007,$61,$0,$0,$1303,$1482,$62,$360,$124,$862,$924,$23,$219,$0,$558,$1482,$16,$10,$15,$24,$0,$0,$0,$-16,$-16,$25,$-15,$0,$0,$0,$-0,$-0,$0,$-16,$-1,$0,$-1,$0,$0,$-9,$-0,$-10,$-1,$0,$-9
27,2011-12-31,26.27,$15.89,1.65,$15.76,1.67,$5.60,4.69,$1.76,14.92,$0.19B,$0.06B,3.0,$0.36B,$0.55B,0.66,$0.55B,$0.33B,60.69%,$0.55B,$0.11B,19.56%,$0.55B,$0.11B,19.56%,$0.55B,$0.15B,27.42%,$0.55B,$0.10B,17.73%,$0.55B,$0.06B,11.15%,$0.06B,$0.55B,11.23%,$0.06B,$0.55B,11.23%,$0.06B,$1.46B,4.47%,$0.11B,$0.91B,11.82%,$131,$53,$78,$0,$50,$114,$17,$-3,$15,$5,$9,$9,$9,$28,$17,$35,35,$0.27,$0.27,$41,$40,$41,$189,$996,$60,$0,$7,$1270,$1459,$63,$361,$99,$845,$908,$23,$211,$0,$551,$1459,$61,$41,$49,$90,$-2,$7,$2,$-28,$-21,$131,$-65,$0,$0,$0,$-2,$-2,$1,$-66,$28,$-23,$5,$0,$0,$-35,$-0,$-30,$34,$0,$-35
28,2011-09-30,22.64,$15.88,1.43,$15.90,1.42,$5.65,4.0,$1.83,12.35,$0.17B,$0.05B,3.31,$0.36B,$0.55B,0.66,$0.55B,$0.33B,60.14%,$0.55B,$0.11B,19.93%,$0.55B,$0.11B,19.93%,$0.55B,$0.15B,27.54%,$0.55B,$0.10B,18.12%,$0.55B,$0.06B,11.59%,$0.06B,$0.55B,11.92%,$0.06B,$0.55B,11.92%,$0.06B,$1.35B,4.81%,$0.11B,$0.91B,12.33%,$134,$43,$91,$0,$44,$97,$36,$-3,$34,$12,$21,$21,$21,$47,$36,$35,35,$0.61,$0.61,$45,$45,$30,$174,$985,$60,$0,$12,$1178,$1352,$52,$362,$93,$749,$801,$23,$211,$0,$550,$1352,$52,$31,$28,$59,$0,$0,$0,$-4,$-4,$107,$-45,$0,$0,$0,$-3,$-3,$0,$-48,$28,$-23,$6,$0,$0,$-26,$-0,$-21,$38,$0,$-26
29,2011-06-30,22.36,$15.53,1.44,$15.74,1.42,$5.53,4.04,$1.80,12.42,$0.16B,$0.05B,3.02,$0.36B,$0.54B,0.67,$0.55B,$0.33B,60.26%,$0.55B,$0.11B,19.78%,$0.55B,$0.11B,19.78%,$0.55B,$0.15B,27.29%,$0.55B,$0.10B,18.13%,$0.55B,$0.06B,11.54%,$0.06B,$0.54B,11.89%,$0.06B,$0.54B,11.89%,$0.06B,$1.33B,4.80%,$0.11B,$0.90B,12.35%,$117,$39,$78,$0,$45,$94,$23,$-3,$20,$8,$13,$13,$13,$34,$23,$35,35,$0.37,$0.37,$32,$38,$30,$158,$979,$59,$0,$10,$1173,$1330,$52,$362,$91,$740,$792,$23,$199,$0,$538,$1330,$31,$20,$17,$37,$0,$0,$0,$-0,$-0,$67,$-29,$0,$0,$0,$-2,$-2,$-1,$-31,$29,$-23,$6,$0,$0,$-17,$-0,$-11,$25,$0,$-17
30,2011-03-31,22.13,$15.41,1.44,$15.50,1.43,$5.53,4.01,$1.77,12.53,$0.16B,$0.05B,3.02,$0.36B,$0.53B,0.68,$0.54B,$0.32B,60.22%,$0.54B,$0.11B,19.52%,$0.54B,$0.11B,19.52%,$0.54B,$0.15B,26.95%,$0.54B,$0.10B,18.03%,$0.54B,$0.06B,11.52%,$0.06B,$0.53B,11.86%,$0.06B,$0.53B,11.86%,$0.06B,$1.32B,4.77%,$0.11B,$0.90B,12.25%,$165,$80,$85,$0,$44,$134,$31,$-2,$28,$11,$18,$18,$18,$41,$31,$35,35,$0.51,$0.51,$31,$31,$32,$155,$970,$59,$0,$11,$1162,$1317,$51,$363,$90,$731,$783,$23,$195,$0,$534,$1317,$18,$10,$6,$16,$0,$0,$0,$4,$4,$38,$-10,$0,$0,$0,$-2,$-2,$-0,$-12,$30,$-23,$7,$0,$0,$-9,$-0,$-2,$24,$0,$-9
31,2010-12-31,23.16,$15.14,1.53,$15.36,1.51,$5.24,4.42,$1.67,13.9,$0.16B,$0.08B,2.0,$0.33B,$0.53B,0.64,$0.53B,$0.32B,59.29%,$0.53B,$0.10B,18.01%,$0.53B,$0.10B,18.01%,$0.53B,$0.14B,25.33%,$0.53B,$0.09B,17.26%,$0.53B,$0.06B,10.88%,$0.06B,$0.53B,11.23%,$0.06B,$0.53B,11.23%,$0.06B,$1.32B,4.49%,$0.10B,$0.86B,11.43%,$136,$58,$78,$0,$48,$116,$20,$-2,$18,$6,$12,$12,$12,$30,$20,$35,35,$0.35,$0.35,$7,$47,$39,$162,$968,$56,$0,$9,$1156,$1318,$81,$334,$85,$712,$793,$23,$186,$0,$525,$1318,$58,$38,$40,$78,$-7,$4,$-3,$-13,$-12,$124,$-57,$0,$0,$0,$0,$0,$-1,$-57,$63,$-92,$-29,$0,$0,$-34,$-1,$-64,$2,$0,$-34
32,2010-09-30,21.25,$15.05,1.41,$15.37,1.38,$4.46,4.77,$1.71,12.45,$0.15B,$0.10B,1.47,$0.32B,$0.52B,0.61,$0.53B,$0.31B,58.72%,$0.53B,$0.10B,18.57%,$0.53B,$0.10B,18.57%,$0.53B,$0.14B,25.89%,$0.53B,$0.10B,17.82%,$0.53B,$0.06B,11.07%,$0.06B,$0.52B,11.56%,$0.06B,$0.52B,11.56%,$0.06B,$1.29B,4.60%,$0.10B,$0.84B,11.92%,$128,$40,$88,$0,$45,$94,$34,$-1,$33,$13,$20,$20,$20,$44,$34,$35,35,$0.57,$0.57,$18,$54,$29,$150,$956,$55,$0,$8,$1137,$1287,$102,$320,$78,$663,$766,$23,$182,$0,$522,$1287,$46,$28,$17,$45,$0,$0,$0,$6,$6,$97,$-40,$0,$0,$0,$-1,$-1,$-0,$-41,$49,$-66,$-17,$0,$0,$-26,$-1,$-44,$13,$0,$-26
33,2010-06-30,19.15,$14.72,1.3,$14.83,1.29,$4.25,4.51,$1.50,12.77,$0.14B,$0.11B,1.3,$0.32B,$0.51B,0.63,$0.51B,$0.30B,57.59%,$0.51B,$0.09B,16.73%,$0.51B,$0.09B,16.73%,$0.51B,$0.13B,24.32%,$0.51B,$0.08B,15.95%,$0.51B,$0.05B,10.12%,$0.05B,$0.51B,10.31%,$0.05B,$0.51B,10.31%,$0.05B,$1.28B,4.08%,$0.09B,$0.83B,10.58%,$109,$37,$73,$0,$43,$89,$20,$-2,$18,$6,$12,$12,$12,$30,$20,$35,35,$0.33,$0.33,$14,$50,$32,$143,$951,$55,$0,$10,$1134,$1277,$110,$320,$77,$656,$766,$23,$171,$0,$510,$1277,$26,$19,$5,$24,$0,$0,$0,$15,$15,$64,$-26,$0,$0,$0,$0,$0,$-1,$-27,$-11,$0,$-11,$0,$0,$-17,$-1,$-29,$9,$0,$-17
34,2010-03-31,18.6,$14.64,1.27,$14.79,1.26,$4.52,4.11,$1.45,12.8,$0.15B,$0.12B,1.25,$0.32B,$0.51B,0.63,$0.51B,$0.29B,56.53%,$0.51B,$0.08B,16.18%,$0.51B,$0.08B,16.18%,$0.51B,$0.12B,23.78%,$0.51B,$0.08B,15.40%,$0.51B,$0.05B,9.75%,$0.05B,$0.51B,10.00%,$0.05B,$0.51B,10.00%,$0.05B,$1.28B,3.95%,$0.08B,$0.83B,10.42%,$160,$83,$77,$0,$46,$138,$22,$1,$23,$8,$14,$14,$14,$31,$22,$35,35,$0.41,$0.41,$11,$48,$32,$153,$946,$54,$0,$9,$1129,$1282,$122,$321,$73,$652,$774,$23,$168,$0,$508,$1282,$14,$9,$2,$11,$0,$0,$0,$5,$5,$30,$-12,$0,$0,$0,$-1,$-1,$-0,$-12,$50,$-53,$-3,$0,$0,$-9,$0,$-12,$6,$0,$-9
35,2009-12-31,18.59,$14.47,1.28,$15.44,1.2,$4.90,3.8,$1.47,12.62,$0.17B,$0.13B,1.3,$0.32B,$0.50B,0.64,$0.53B,$0.29B,54.12%,$0.53B,$0.09B,15.92%,$0.53B,$0.09B,15.92%,$0.53B,$0.13B,23.41%,$0.53B,$0.08B,14.79%,$0.53B,$0.05B,9.55%,$0.05B,$0.50B,10.30%,$0.05B,$0.50B,10.30%,$0.05B,$1.28B,4.07%,$0.09B,$0.82B,10.90%,$136,$61,$75,$0,$42,$113,$23,$-1,$21,$8,$13,$13,$13,$33,$23,$35,35,$0.39,$0.39,$5,$51,$38,$165,$940,$53,$0,$7,$1117,$1282,$127,$321,$67,$653,$780,$23,$162,$0,$502,$1282,$51,$41,$28,$69,$22,$10,$-9,$-11,$-2,$118,$-78,$0,$0,$0,$3,$3,$-5,$-80,$0,$-10,$-10,$6,$6,$-34,$0,$-37,$1,$0,$-34
36,2009-09-30,18.78,$14.33,1.31,$16.19,1.16,$2.82,6.67,$1.41,13.29,$0.14B,$0.16B,0.87,$0.27B,$0.50B,0.55,$0.55B,$0.29B,52.08%,$0.55B,$0.08B,14.83%,$0.55B,$0.08B,14.83%,$0.55B,$0.12B,22.06%,$0.55B,$0.08B,13.56%,$0.55B,$0.05B,8.86%,$0.05B,$0.50B,10.02%,$0.05B,$0.50B,10.02%,$0.05B,$1.25B,3.92%,$0.08B,$0.77B,10.76%,$109,$39,$71,$0,$39,$88,$21,$-1,$20,$7,$13,$13,$13,$31,$21,$35,35,$0.37,$0.37,$11,$52,$29,$138,$927,$0,$0,$58,$1113,$1251,$158,$272,$65,$596,$754,$23,$157,$0,$497,$1251,$38,$31,$10,$40,$0,$0,$0,$26,$26,$104,$-54,$0,$0,$0,$0,$0,$-4,$-58,$0,$-25,$-25,$6,$6,$-25,$0,$-43,$3,$0,$-25
37,2009-06-30,17.09,$14.21,1.2,$16.81,1.02,$0.57,29.79,$1.57,10.91,$0.15B,$0.16B,0.93,$0.27B,$0.49B,0.55,$0.57B,$0.29B,51.40%,$0.57B,$0.09B,15.09%,$0.57B,$0.09B,15.09%,$0.57B,$0.13B,22.11%,$0.57B,$0.08B,14.39%,$0.57B,$0.05B,9.30%,$0.05B,$0.49B,11.06%,$0.05B,$0.49B,11.06%,$0.05B,$1.24B,4.32%,$0.09B,$0.77B,11.44%,$108,$40,$67,$0,$40,$91,$17,$-1,$15,$5,$10,$10,$10,$27,$17,$35,35,$0.29,$0.29,$12,$47,$37,$145,$918,$0,$0,$57,$1099,$1243,$156,$272,$62,$595,$751,$23,$153,$0,$493,$1243,$25,$20,$10,$30,$0,$0,$0,$28,$28,$83,$-35,$0,$0,$0,$0,$0,$-3,$-38,$0,$-31,$-31,$6,$6,$-17,$0,$-41,$4,$0,$-17
38,2009-03-31,15.8,$14.15,1.12,$17.46,0.9,$-0.77,0.0,$1.60,9.87,$0.15B,$0.16B,0.96,$0.27B,$0.49B,0.56,$0.59B,$0.30B,50.60%,$0.59B,$0.09B,14.82%,$0.59B,$0.09B,14.82%,$0.59B,$0.13B,21.64%,$0.59B,$0.08B,14.14%,$0.59B,$0.05B,9.20%,$0.05B,$0.49B,11.58%,$0.05B,$0.49B,11.58%,$0.05B,$1.24B,4.50%,$0.09B,$0.76B,11.93%,$181,$105,$76,$0,$42,$157,$24,$-1,$23,$8,$15,$15,$15,$34,$24,$34,34,$0.43,$0.43,$10,$43,$41,$154,$907,$0,$0,$55,$1086,$1240,$161,$272,$61,$590,$751,$23,$152,$0,$489,$1240,$15,$10,$4,$14,$0,$0,$0,$21,$21,$50,$-19,$0,$0,$0,$0,$0,$0,$-19,$0,$-26,$-26,$4,$4,$-8,$0,$-29,$2,$0,$-8
39,2008-12-31,16.42,$13.92,1.18,$17.96,0.91,$-1.15,0.0,$1.59,10.35,$0.19B,$0.21B,0.95,$0.27B,$0.48B,0.57,$0.60B,$0.30B,49.50%,$0.60B,$0.09B,14.60%,$0.60B,$0.09B,14.60%,$0.60B,$0.13B,21.31%,$0.60B,$0.08B,13.59%,$0.60B,$0.05B,8.89%,$0.05B,$0.48B,11.69%,$0.05B,$0.48B,11.69%,$0.05B,$1.27B,4.54%,$0.09B,$0.75B,12.32%,$155,$81,$74,$0,$44,$135,$20,$-3,$17,$6,$11,$11,$11,$30,$20,$33,33,$0.33,$0.33,$9,$61,$55,$194,$901,$0,$0,$48,$1074,$1268,$205,$272,$55,$585,$790,$23,$145,$0,$478,$1268,$53,$39,$22,$61,$-19,$-13,$1,$-8,$-39,$75,$-105,$0,$0,$0,$3,$3,$-2,$-104,$10,$21,$31,$31,$31,$-32,$-0,$30,$0,$0,$-32
40,2008-09-30,17.51,$13.62,1.28,$17.72,0.99,$-2.08,0.0,$1.59,10.99,$0.16B,$0.19B,0.84,$0.27B,$0.00B,0.0,$0.58B,$0.29B,49.32%,$0.58B,$0.09B,14.90%,$0.58B,$0.09B,14.90%,$0.58B,$0.13B,21.40%,$0.58B,$0.08B,13.87%,$0.58B,$0.05B,9.08%,$0.05B,$0.46B,12.02%,$0.05B,$0.46B,12.02%,$0.05B,$1.16B,4.70%,$0.09B,$0.73B,12.73%,$126,$50,$76,$0,$41,$101,$25,$2,$27,$10,$17,$17,$17,$35,$25,$33,33,$0.52,$0.52,$9,$65,$34,$158,$890,$0,$0,$47,$1000,$1159,$189,$272,$52,$513,$702,$0,$0,$0,$456,$1159,$42,$29,$9,$38,$0,$0,$0,$-21,$-21,$59,$-85,$0,$0,$0,$2,$2,$-1,$-84,$10,$27,$37,$12,$12,$-24,$-0,$25,$-0,$0,$-24
41,2008-06-30,15.9,$13.31,1.19,$17.51,0.91,$-2.30,0.0,$1.55,10.28,$0.14B,$0.21B,0.64,$0.23B,$0.00B,0.0,$0.57B,$0.28B,49.13%,$0.57B,$0.09B,15.33%,$0.57B,$0.09B,15.33%,$0.57B,$0.12B,21.60%,$0.57B,$0.08B,13.76%,$0.57B,$0.05B,9.06%,$0.05B,$0.44B,12.04%,$0.05B,$0.44B,12.04%,$0.05B,$1.13B,4.73%,$0.09B,$0.68B,13.24%,$125,$54,$71,$0,$43,$106,$18,$-2,$16,$6,$11,$11,$11,$28,$18,$33,33,$0.32,$0.32,$6,$45,$31,$137,$877,$0,$0,$48,$992,$1129,$214,$232,$53,$471,$685,$0,$0,$0,$443,$1129,$24,$19,$6,$26,$0,$0,$0,$12,$12,$63,$-61,$0,$0,$0,$0,$0,$-1,$-62,$0,$9,$9,$8,$8,$-16,$0,$1,$2,$0,$-16
42,2008-03-31,16.43,$13.18,1.25,$17.19,0.96,$-2.22,0.0,$1.54,10.67,$0.14B,$0.21B,0.65,$0.23B,$0.00B,0.0,$0.56B,$0.27B,48.39%,$0.56B,$0.09B,15.54%,$0.56B,$0.09B,15.54%,$0.56B,$0.12B,21.61%,$0.56B,$0.08B,13.93%,$0.56B,$0.05B,9.11%,$0.05B,$0.44B,12.04%,$0.05B,$0.44B,12.04%,$0.05B,$1.11B,4.78%,$0.09B,$0.67B,13.24%,$190,$116,$74,$0,$40,$166,$24,$-3,$21,$8,$14,$14,$14,$34,$24,$33,33,$0.42,$0.42,$3,$25,$38,$137,$862,$0,$0,$46,$972,$1109,$212,$232,$47,$461,$673,$0,$0,$0,$437,$1109,$14,$9,$-0,$9,$0,$0,$0,$23,$23,$46,$-29,$0,$0,$0,$0,$0,$0,$-28,$0,$-14,$-14,$4,$4,$-8,$0,$-18,$-1,$0,$-8
43,2007-12-31,16.92,$12.99,1.3,$16.76,1.01,$-2.35,0.0,$1.51,11.18,$0.16B,$0.22B,0.71,$0.23B,$0.43B,0.54,$0.54B,$0.26B,48.70%,$0.54B,$0.09B,15.80%,$0.54B,$0.09B,15.80%,$0.54B,$0.12B,21.75%,$0.54B,$0.08B,14.13%,$0.54B,$0.05B,9.11%,$0.05B,$0.43B,11.93%,$0.05B,$0.43B,11.93%,$0.05B,$1.11B,4.74%,$0.09B,$0.66B,13.17%,$143,$76,$67,$0,$39,$123,$20,$-2,$17,$6,$11,$11,$11,$28,$20,$32,32,$0.33,$0.33,$7,$48,$39,$156,$844,$0,$0,$47,$956,$1112,$220,$232,$47,$464,$684,$22,$124,$2,$428,$1112,$49,$32,$10,$42,$-12,$4,$4,$-9,$-14,$77,$-136,$0,$0,$0,$1,$1,$1,$-135,$10,$47,$57,$33,$33,$-30,$0,$59,$1,$0,$-30
44,2007-09-30,15.8,$12.81,1.23,$16.83,0.94,$-0.23,0.0,$1.54,10.26,$0.13B,$0.17B,0.8,$0.23B,$0.00B,0.0,$0.53B,$0.26B,49.06%,$0.53B,$0.09B,16.29%,$0.53B,$0.09B,16.29%,$0.53B,$0.12B,22.10%,$0.53B,$0.08B,14.23%,$0.53B,$0.05B,9.18%,$0.05B,$0.42B,12.33%,$0.05B,$0.42B,12.33%,$0.05B,$1.05B,4.89%,$0.09B,$0.65B,13.73%,$116,$46,$70,$0,$36,$91,$26,$-1,$25,$9,$16,$16,$16,$34,$26,$33,33,$0.47,$0.47,$9,$51,$27,$133,$807,$0,$0,$45,$917,$1050,$167,$232,$49,$462,$630,$0,$0,$0,$420,$1050,$38,$24,$5,$29,$0,$0,$0,$2,$2,$69,$-102,$0,$0,$0,$0,$0,$1,$-101,$10,$17,$27,$29,$29,$-23,$0,$34,$1,$0,$-23
45,2007-06-30,15.27,$12.51,1.22,$16.85,0.91,$1.93,7.9,$1.48,10.32,$0.13B,$0.12B,1.06,$0.24B,$0.00B,0.0,$0.53B,$0.26B,48.58%,$0.53B,$0.08B,15.88%,$0.53B,$0.08B,15.88%,$0.53B,$0.12B,21.74%,$0.53B,$0.07B,13.61%,$0.53B,$0.05B,8.70%,$0.05B,$0.41B,12.02%,$0.05B,$0.41B,12.02%,$0.05B,$1.00B,4.73%,$0.08B,$0.65B,13.71%,$111,$50,$60,$0,$36,$94,$17,$-1,$15,$5,$10,$10,$10,$25,$17,$32,32,$0.31,$0.31,$7,$44,$28,$128,$761,$0,$0,$44,$866,$995,$121,$237,$49,$465,$586,$0,$0,$0,$409,$995,$22,$16,$3,$19,$0,$0,$0,$10,$10,$52,$-48,$0,$0,$0,$-0,$-0,$0,$-48,$0,$-14,$-14,$26,$26,$-15,$0,$-3,$1,$0,$-15
46,2007-03-31,16.4,$12.13,1.35,$16.65,0.99,$2.73,6.0,$1.39,11.77,$0.13B,$0.13B,0.99,$0.24B,$0.00B,0.0,$0.52B,$0.25B,49.03%,$0.52B,$0.08B,15.64%,$0.52B,$0.08B,15.64%,$0.52B,$0.11B,21.62%,$0.52B,$0.07B,13.13%,$0.52B,$0.04B,8.30%,$0.04B,$0.39B,11.68%,$0.04B,$0.39B,11.68%,$0.04B,$0.98B,4.53%,$0.08B,$0.62B,13.63%,$168,$103,$65,$0,$36,$146,$22,$-2,$19,$7,$12,$12,$12,$30,$22,$32,32,$0.39,$0.39,$6,$32,$28,$129,$744,$0,$0,$44,$849,$978,$130,$237,$47,$462,$592,$0,$0,$0,$386,$978,$12,$8,$-0,$8,$0,$0,$0,$15,$15,$35,$-23,$0,$0,$0,$-0,$-0,$1,$-23,$0,$-10,$-10,$6,$6,$-7,$0,$-11,$2,$0,$-7
47,2006-12-31,16.75,$11.93,1.4,$16.50,1.02,$3.14,5.34,$1.37,12.2,$0.15B,$0.14B,1.04,$0.24B,$0.38B,0.63,$0.51B,$0.25B,49.51%,$0.51B,$0.08B,15.72%,$0.51B,$0.08B,15.72%,$0.51B,$0.11B,21.81%,$0.51B,$0.07B,13.36%,$0.51B,$0.04B,8.45%,$0.04B,$0.38B,11.98%,$0.04B,$0.38B,11.98%,$0.04B,$0.98B,4.63%,$0.08B,$0.61B,13.76%,$139,$72,$67,$0,$37,$117,$22,$-4,$17,$6,$11,$11,$11,$29,$22,$31,31,$0.36,$0.36,$7,$53,$38,$149,$728,$0,$0,$43,$833,$982,$144,$237,$44,$463,$607,$21,$105,$1,$375,$982,$42,$32,$20,$51,$17,$-4,$-4,$-2,$7,$101,$-93,$0,$0,$0,$-1,$-1,$-1,$-94,$30,$-26,$5,$17,$17,$-29,$-0,$-7,$-0,$0,$-29
