,Date,Stock Price,Book Value per Share,Price to Book Ratio,TTM Sales per Share,Price to Sales Ratio,TTM FCF per Share,Price to FCF Ratio,TTM Net EPS,PE Ratio,Current Assets,Current Liabilities,Current Ratio,Long Term Debt,Shareholder's Equity_x,Debt to Equity Ratio,TTM Revenue_x,TTM Gross Profit,Gross Margin,TTM Revenue_y,TTM Operating Income,Operating Margin,TTM Revenue_x,TTM EBIT,EBIT Margin,TTM Revenue_y,TTM EBITDA,EBITDA Margin,TTM Revenue_x,TTM Pre-Tax Income,Pre-Tax Margin,TTM Revenue_y,TTM Net Income_x,Net Margin,TTM Net Income_y,Shareholder's Equity_y,Return on Equity,TTM Net Income_x,Tangible Equity,Return on Tangible Equity,TTM Net Income_y,Total Assets,Return on Assets,TTM Net Income,LT Investments & Debt,Return on Investment,revenue,cost-goods-sold,gross-profit,research-development-expenses,selling-general-administrative-expenses,operating-expenses,operating-income,total-non-operating-income-expense,pre-tax-income,total-provision-income-taxes,income-after-taxes,income-from-continuous-operations,net-income,ebitda,ebit,basic-shares-outstanding,shares-outstanding,eps-basic-net-earnings-per-share,eps-earnings-per-share-diluted,cash-on-hand,inventory,other-current-assets,total-current-assets,net-property-plant-equipment,long-term-investments,goodwill-intangible-assets-total,other-long-term-assets,total-long-term-assets,total-assets,total-current-liabilities,long-term-debt,other-non-current-liabilities,total-long-term-liabilities,total-liabilities,common-stock-net,retained-earnings-accumulated-deficit,comprehensive-income,total-share-holder-equity,total-liabilities-share-holders-equity,net-income-loss,total-depreciation-amortization-cash-flow,other-non-cash-items,total-non-cash-items,change-in-accounts-receivable,change-in-inventories,change-in-accounts-payable,change-in-assets-liabilities,total-change-in-assets-liabilities,cash-flow-from-operating-activities,net-change-in-property-plant-equipment,net-change-in-intangible-assets,net-acquisitions-divestitures,net-change-in-short-term-investments,net-change-in-long-term-investments,net-change-in-investments-total,investing-activities-other,cash-flow-from-investing-activities,net-long-term-debt,net-current-debt,debt-issuance-retirement-net-total,net-common-equity-issued-repurchased,net-total-equity-issued-repurchased,total-common-preferred-stock-dividends-paid,financial-activities-other,cash-flow-from-financial-activities,net-cash-flow,stock-based-compensation,common-stock-dividends-paid
0,2018-09-30,8.5,$0.00,0.0,$6.09,1.39,$1.45,5.86,$0.31,27.42,$0.21B,$0.06B,3.91,$0.03B,$0.00B,0.0,$0.28B,$0.09B,31.65%,$0.28B,$0.03B,10.79%,$0.28B,$0.03B,10.79%,$0.28B,$0.04B,15.11%,$0.28B,$0.03B,10.43%,$0.28B,$0.02B,7.19%,$0.02B,$0.25B,9.01%,$0.02B,$0.11B,25.89%,$0.02B,$0.37B,5.76%,$0.03B,$0.27B,12.07%,$72,$51,$22,$1,$13,$64,$8,$-0,$7,$1,$6,$6,$5,$11,$8,$49,49,$0.10,$0.10,$119,$0,$0,$213,$3,$0,$140,$3,$155,$368,$55,$25,$4,$66,$121,$0,$0,$0,$247,$368,$19,$10,$0,$10,$-3,$0,$2,$-4,$-8,$20,$-1,$-3,$-4,$0,$1,$1,$0,$-6,$0,$-2,$-2,$35,$35,$-14,$-2,$17,$31,$0,$-14
1,2018-06-30,8.16,$4.82,1.69,$6.09,1.34,$1.40,5.83,$0.40,20.39,$0.18B,$0.06B,3.12,$0.03B,$0.00B,0.0,$0.27B,$0.09B,31.99%,$0.27B,$0.03B,10.66%,$0.27B,$0.03B,10.66%,$0.27B,$0.04B,15.44%,$0.27B,$0.03B,10.66%,$0.27B,$0.02B,6.99%,$0.02B,$0.21B,8.98%,$0.02B,$0.07B,29.23%,$0.02B,$0.34B,5.60%,$0.03B,$0.24B,12.10%,$70,$48,$22,$2,$12,$62,$8,$0,$8,$1,$7,$7,$6,$11,$8,$44,45,$0.12,$0.12,$91,$0,$0,$183,$3,$0,$142,$3,$156,$339,$59,$25,$4,$66,$125,$0,$0,$0,$214,$339,$13,$6,$0,$6,$-4,$0,$1,$-0,$-3,$16,$-0,$0,$0,$0,$2,$2,$-5,$-4,$0,$-1,$-1,$0,$0,$-6,$-1,$-8,$2,$0,$-6
2,2018-03-31,8.35,$0.00,0.0,$5.99,1.4,$1.35,6.18,$0.36,23.2,$0.18B,$0.06B,3.04,$0.03B,$0.00B,0.0,$0.27B,$0.09B,32.21%,$0.27B,$0.03B,10.11%,$0.27B,$0.03B,10.11%,$0.27B,$0.04B,15.36%,$0.27B,$0.03B,10.11%,$0.27B,$0.02B,6.37%,$0.02B,$0.21B,8.10%,$0.02B,$0.07B,27.76%,$0.02B,$0.34B,4.99%,$0.03B,$0.24B,11.21%,$70,$47,$23,$2,$14,$62,$8,$0,$8,$2,$6,$6,$5,$11,$8,$44,45,$0.10,$0.10,$88,$0,$0,$180,$3,$0,$147,$3,$161,$340,$59,$27,$5,$69,$128,$0,$0,$0,$213,$340,$6,$3,$0,$3,$-4,$0,$2,$3,$-2,$7,$-0,$0,$0,$0,$-0,$-0,$-4,$-4,$0,$0,$0,$0,$0,$-6,$-1,$-7,$-3,$0,$-6
3,2017-12-31,8.11,$0.00,0.0,$5.79,1.4,$1.42,5.69,$0.36,22.52,$0.18B,$0.06B,3.07,$0.03B,$0.00B,0.0,$0.26B,$0.08B,32.17%,$0.26B,$0.03B,9.69%,$0.26B,$0.03B,9.69%,$0.26B,$0.04B,15.50%,$0.26B,$0.03B,9.69%,$0.26B,$0.02B,6.20%,$0.02B,$0.21B,7.74%,$0.02B,$0.06B,27.71%,$0.02B,$0.34B,4.71%,$0.03B,$0.24B,10.43%,$66,$45,$21,$2,$13,$60,$6,$-1,$6,$1,$4,$4,$4,$9,$6,$44,45,$0.08,$0.08,$91,$0,$0,$182,$3,$0,$149,$3,$161,$343,$59,$28,$5,$70,$129,$0,$0,$0,$214,$343,$18,$14,$0,$14,$-16,$0,$4,$1,$-6,$26,$-1,$0,$0,$1,$-2,$-0,$-11,$-12,$-8,$0,$-8,$1,$1,$-9,$3,$-14,$1,$0,$-9
4,2017-09-30,8.42,$0.00,0.0,$5.54,1.52,$1.49,5.64,$0.27,31.18,$0.17B,$0.05B,3.45,$0.03B,$0.00B,0.0,$0.25B,$0.08B,32.39%,$0.25B,$0.02B,9.72%,$0.25B,$0.02B,9.72%,$0.25B,$0.04B,15.79%,$0.25B,$0.02B,9.31%,$0.25B,$0.01B,4.86%,$0.01B,$0.21B,5.93%,$0.01B,$0.06B,22.22%,$0.01B,$0.34B,3.60%,$0.02B,$0.24B,10.17%,$66,$44,$21,$2,$13,$59,$7,$-0,$7,$2,$5,$5,$4,$11,$7,$44,45,$0.09,$0.09,$89,$0,$0,$174,$4,$0,$147,$3,$160,$335,$50,$33,$5,$79,$129,$0,$0,$0,$205,$335,$14,$10,$0,$10,$-12,$0,$-1,$4,$-7,$17,$-1,$-3,$-6,$1,$1,$2,$0,$-8,$0,$4,$4,$0,$0,$-9,$-3,$-9,$2,$0,$-9
5,2017-06-30,7.57,$0.00,0.0,$5.29,1.43,$1.62,4.68,$0.27,28.02,$0.18B,$0.05B,3.55,$0.04B,$0.00B,0.0,$0.24B,$0.08B,33.19%,$0.24B,$0.02B,9.79%,$0.24B,$0.02B,9.79%,$0.24B,$0.04B,15.74%,$0.24B,$0.02B,9.36%,$0.24B,$0.01B,5.11%,$0.01B,$0.21B,5.96%,$0.01B,$0.06B,22.75%,$0.01B,$0.35B,3.75%,$0.02B,$0.24B,10.12%,$65,$45,$21,$2,$13,$59,$6,$-1,$6,$2,$4,$4,$4,$10,$6,$44,45,$0.08,$0.08,$100,$0,$0,$183,$3,$0,$150,$3,$162,$345,$51,$37,$7,$86,$138,$0,$0,$0,$207,$345,$9,$7,$0,$7,$-9,$0,$0,$6,$-1,$14,$-1,$0,$0,$1,$-0,$1,$-6,$-6,$0,$6,$6,$0,$0,$-4,$-1,$2,$12,$0,$-4
6,2017-03-31,7.42,$0.00,0.0,$4.89,1.52,$1.66,4.48,$0.28,26.51,$0.18B,$0.05B,3.33,$0.04B,$0.00B,0.0,$0.22B,$0.07B,33.64%,$0.22B,$0.02B,10.14%,$0.22B,$0.02B,10.14%,$0.22B,$0.04B,16.13%,$0.22B,$0.02B,9.68%,$0.22B,$0.01B,5.53%,$0.01B,$0.20B,5.98%,$0.01B,$0.05B,18.68%,$0.01B,$0.34B,4.03%,$0.02B,$0.24B,10.08%,$61,$41,$20,$2,$12,$54,$6,$-0,$6,$1,$5,$5,$4,$10,$6,$44,45,$0.10,$0.10,$100,$0,$0,$176,$3,$0,$149,$3,$161,$336,$53,$35,$7,$83,$136,$0,$0,$0,$201,$336,$5,$4,$-0,$4,$-4,$0,$-2,$8,$2,$10,$-0,$0,$0,$1,$2,$3,$-4,$-1,$0,$5,$5,$0,$0,$0,$-1,$5,$14,$0,$0
7,2016-12-31,6.28,$4.43,1.42,$4.53,1.39,$1.69,3.71,$0.26,24.15,$0.16B,$0.05B,3.54,$0.03B,$0.20B,0.15,$0.20B,$0.07B,33.83%,$0.20B,$0.02B,10.45%,$0.20B,$0.02B,10.45%,$0.20B,$0.03B,16.42%,$0.20B,$0.02B,9.95%,$0.20B,$0.01B,5.97%,$0.01B,$0.20B,5.98%,$0.01B,$0.05B,15.79%,$0.01B,$0.32B,4.35%,$0.02B,$0.23B,9.99%,$55,$37,$18,$2,$12,$51,$5,$-1,$4,$1,$3,$3,$0,$8,$5,$44,45,$0.01,$0.01,$88,$0,$0,$158,$3,$0,$147,$3,$158,$316,$45,$30,$7,$75,$120,$1,$20,$-7,$197,$316,$17,$12,$0,$12,$-3,$0,$1,$-1,$-1,$28,$-1,$0,$0,$-1,$-7,$-8,$-27,$-36,$0,$0,$0,$0,$0,$-8,$30,$22,$13,$0,$-8
8,2016-09-30,6.72,$0.00,0.0,$4.37,1.54,$1.50,4.48,$0.34,19.75,$0.13B,$0.04B,3.25,$0.00B,$0.00B,0.0,$0.19B,$0.07B,34.54%,$0.19B,$0.02B,10.82%,$0.19B,$0.02B,10.82%,$0.19B,$0.04B,20.62%,$0.19B,$0.02B,10.82%,$0.19B,$0.02B,8.25%,$0.02B,$0.20B,8.01%,$0.02B,$0.05B,18.23%,$0.02B,$0.28B,6.23%,$0.02B,$0.20B,10.36%,$54,$36,$19,$2,$11,$49,$6,$-0,$6,$1,$5,$5,$4,$9,$6,$44,45,$0.09,$0.09,$61,$0,$0,$128,$3,$0,$146,$2,$156,$284,$39,$3,$5,$45,$84,$0,$0,$0,$200,$284,$13,$8,$0,$9,$-2,$0,$-1,$3,$-0,$22,$-1,$0,$0,$-6,$-1,$-6,$-23,$-30,$0,$0,$0,$0,$0,$-8,$0,$-7,$-16,$0,$-8
9,2016-06-30,6.17,$0.00,0.0,$4.16,1.48,$1.03,6.02,$0.34,18.16,$0.14B,$0.04B,4.09,$0.00B,$0.00B,0.0,$0.19B,$0.06B,34.05%,$0.19B,$0.02B,10.81%,$0.19B,$0.02B,10.81%,$0.19B,$0.04B,19.46%,$0.19B,$0.02B,11.35%,$0.19B,$0.02B,8.65%,$0.02B,$0.21B,8.06%,$0.02B,$0.10B,16.20%,$0.02B,$0.25B,6.50%,$0.02B,$0.21B,9.93%,$47,$31,$16,$1,$10,$42,$5,$0,$5,$1,$4,$4,$4,$8,$5,$44,45,$0.09,$0.09,$82,$0,$0,$144,$3,$0,$101,$1,$110,$254,$35,$3,$4,$14,$49,$0,$0,$0,$205,$254,$9,$5,$0,$5,$0,$0,$-0,$3,$2,$16,$-0,$0,$0,$-6,$-1,$-7,$-1,$-8,$0,$0,$0,$0,$0,$-4,$1,$-3,$4,$0,$-4
10,2016-03-31,6.3,$0.00,0.0,$4.06,1.55,$0.68,9.22,$0.34,18.54,$0.14B,$0.04B,4.01,$0.00B,$0.00B,0.0,$0.18B,$0.06B,34.25%,$0.18B,$0.02B,11.05%,$0.18B,$0.02B,11.05%,$0.18B,$0.03B,18.23%,$0.18B,$0.02B,11.60%,$0.18B,$0.02B,8.84%,$0.02B,$0.20B,8.16%,$0.02B,$0.10B,16.12%,$0.02B,$0.25B,6.62%,$0.02B,$0.20B,10.08%,$45,$29,$15,$1,$9,$39,$5,$0,$5,$1,$4,$4,$4,$8,$5,$44,44,$0.08,$0.08,$81,$0,$0,$141,$2,$0,$102,$1,$109,$250,$35,$3,$5,$14,$49,$0,$0,$0,$201,$250,$4,$3,$0,$3,$2,$0,$-0,$5,$5,$12,$-0,$0,$0,$0,$-3,$-3,$-1,$-4,$0,$0,$0,$0,$0,$-4,$-0,$-4,$4,$0,$-4
11,2015-12-31,5.08,$4.36,1.17,$3.96,1.28,$0.42,12.21,$0.36,14.12,$0.14B,$0.03B,4.77,$0.00B,$0.19B,0.02,$0.18B,$0.06B,35.23%,$0.18B,$0.02B,11.93%,$0.18B,$0.02B,11.93%,$0.18B,$0.03B,17.61%,$0.18B,$0.02B,11.93%,$0.18B,$0.02B,9.09%,$0.02B,$0.19B,8.30%,$0.02B,$0.10B,16.04%,$0.02B,$0.24B,6.77%,$0.02B,$0.20B,10.80%,$48,$31,$17,$1,$11,$43,$5,$-0,$5,$1,$4,$4,$4,$15,$5,$44,44,$0.08,$0.08,$77,$0,$0,$135,$2,$0,$97,$1,$105,$240,$28,$3,$4,$18,$47,$1,$16,$-7,$193,$240,$17,$10,$0,$10,$-9,$0,$2,$-1,$-8,$20,$-1,$0,$0,$0,$-5,$-5,$-10,$-17,$-0,$0,$-0,$0,$0,$-8,$-5,$-12,$-10,$0,$-8
12,2015-09-30,4.99,$0.00,0.0,$3.84,1.3,$0.39,12.9,$0.34,14.68,$0.14B,$0.03B,4.03,$0.00B,$0.00B,0.0,$0.17B,$0.06B,36.26%,$0.17B,$0.02B,11.70%,$0.17B,$0.02B,11.70%,$0.17B,$0.02B,11.70%,$0.17B,$0.02B,11.11%,$0.17B,$0.02B,8.77%,$0.02B,$0.20B,7.83%,$0.02B,$0.10B,14.89%,$0.02B,$0.24B,6.45%,$0.02B,$0.20B,10.39%,$45,$30,$15,$1,$9,$40,$5,$0,$6,$1,$4,$4,$4,$5,$5,$44,44,$0.09,$0.09,$81,$0,$7,$136,$0,$0,$98,$1,$102,$240,$34,$3,$5,$12,$46,$0,$0,$0,$195,$240,$0,$0,$0,$0,$0,$0,$0,$0,$0,$0,$0,$0,$0,$0,$0,$0,$0,$0,$0,$0,$0,$0,$0,$0,$0,$0,$0,$0,$0
13,2015-06-30,6.03,$0.00,0.0,$3.73,1.62,$0.39,15.59,$0.35,17.24,$0.14B,$0.03B,4.14,$0.00B,$0.00B,0.0,$0.17B,$0.06B,37.35%,$0.17B,$0.02B,12.65%,$0.17B,$0.02B,12.65%,$0.17B,$0.02B,12.65%,$0.17B,$0.02B,10.84%,$0.17B,$0.02B,9.04%,$0.02B,$0.20B,7.88%,$0.02B,$0.11B,14.60%,$0.02B,$0.24B,6.59%,$0.02B,$0.20B,11.01%,$43,$28,$15,$1,$9,$37,$5,$-0,$5,$1,$4,$4,$4,$5,$5,$44,44,$0.09,$0.09,$84,$0,$15,$141,$0,$0,$89,$1,$93,$237,$34,$1,$3,$8,$42,$0,$0,$0,$195,$237,$0,$0,$0,$0,$0,$0,$0,$0,$0,$0,$0,$0,$0,$0,$0,$0,$0,$0,$0,$0,$0,$0,$0,$0,$0,$0,$0,$0,$0
14,2015-03-31,5.89,$0.00,0.0,$3.69,1.6,$0.39,15.21,$0.35,16.82,$0.14B,$0.03B,3.99,$0.00B,$0.00B,0.0,$0.16B,$0.06B,38.41%,$0.16B,$0.02B,12.80%,$0.16B,$0.02B,12.80%,$0.16B,$0.02B,12.80%,$0.16B,$0.02B,10.98%,$0.16B,$0.02B,9.15%,$0.02B,$0.19B,7.93%,$0.02B,$0.10B,14.63%,$0.02B,$0.23B,6.67%,$0.02B,$0.19B,11.05%,$40,$25,$15,$1,$8,$35,$6,$-1,$5,$0,$4,$4,$4,$6,$6,$44,44,$0.10,$0.10,$88,$0,$7,$135,$0,$0,$87,$1,$92,$229,$34,$0,$3,$7,$41,$0,$0,$0,$188,$229,$0,$0,$0,$0,$0,$0,$0,$0,$0,$0,$0,$0,$0,$0,$0,$0,$0,$0,$0,$0,$0,$0,$0,$0,$0,$0,$0,$0,$0
15,2014-12-31,5.33,$4.25,1.25,$3.80,1.4,$0.39,13.76,$0.36,14.8,$0.13B,$0.03B,5.1,$0.00B,$0.19B,0.0,$0.17B,$0.07B,39.39%,$0.17B,$0.02B,12.73%,$0.17B,$0.02B,12.73%,$0.17B,$0.02B,12.73%,$0.17B,$0.02B,11.52%,$0.17B,$0.02B,9.09%,$0.02B,$0.19B,7.94%,$0.02B,$0.10B,14.71%,$0.02B,$0.22B,6.70%,$0.02B,$0.19B,11.04%,$43,$25,$17,$1,$12,$38,$4,$-1,$3,$0,$3,$3,$3,$4,$4,$44,44,$0.06,$0.06,$84,$0,$3,$128,$20,$0,$88,$4,$114,$224,$25,$0,$0,$8,$36,$1,$7,$-5,$188,$224,$17,$9,$2,$9,$-9,$0,$-0,$1,$0,$18,$-1,$0,$0,$0,$-11,$-12,$-13,$-26,$-3,$-3,$3,$55,$55,$0,$-8,$46,$37,$2,$-9
16,2014-09-30,6.2,$0.00,0.0,$3.95,1.57,$0.58,10.63,$0.43,14.43,$0.13B,$0.03B,5.24,$0.00B,$0.00B,0.0,$0.16B,$0.07B,39.88%,$0.16B,$0.02B,13.50%,$0.16B,$0.02B,13.50%,$0.16B,$0.02B,13.50%,$0.16B,$0.02B,12.88%,$0.16B,$0.02B,10.43%,$0.02B,$0.19B,9.71%,$0.02B,$0.11B,19.32%,$0.02B,$0.22B,8.10%,$0.02B,$0.19B,12.45%,$40,$25,$15,$1,$9,$35,$6,$-1,$5,$1,$4,$4,$4,$6,$6,$44,44,$0.10,$0.10,$85,$0,$0,$129,$0,$0,$85,$4,$89,$220,$25,$2,$2,$6,$30,$0,$0,$0,$190,$220,$0,$0,$0,$0,$0,$0,$0,$0,$0,$0,$0,$0,$0,$0,$0,$0,$0,$0,$0,$0,$0,$0,$0,$0,$0,$0,$0,$0,$0
17,2014-06-30,6.62,$0.00,0.0,$3.99,1.66,$0.58,11.34,$0.44,15.04,$0.13B,$0.03B,4.47,$0.00B,$0.00B,0.0,$0.16B,$0.07B,40.88%,$0.16B,$0.02B,13.21%,$0.16B,$0.02B,13.21%,$0.16B,$0.02B,13.21%,$0.16B,$0.02B,13.21%,$0.16B,$0.02B,10.69%,$0.02B,$0.19B,10.71%,$0.02B,$0.10B,23.21%,$0.02B,$0.23B,8.72%,$0.02B,$0.19B,13.06%,$41,$25,$16,$1,$9,$36,$5,$-0,$5,$1,$4,$4,$4,$5,$5,$44,44,$0.09,$0.09,$93,$0,$0,$134,$0,$0,$87,$5,$92,$227,$30,$2,$2,$6,$36,$0,$0,$0,$191,$227,$0,$0,$0,$0,$0,$0,$0,$0,$0,$0,$0,$0,$0,$0,$0,$0,$0,$0,$0,$0,$0,$0,$0,$0,$0,$0,$0,$0,$0
18,2014-03-31,7.12,$0.00,0.0,$4.01,1.77,$0.58,12.2,$0.44,16.18,$0.13B,$0.03B,4.09,$0.00B,$0.00B,0.0,$0.15B,$0.06B,41.18%,$0.15B,$0.02B,13.07%,$0.15B,$0.02B,13.07%,$0.15B,$0.02B,13.07%,$0.15B,$0.02B,13.07%,$0.15B,$0.02B,10.46%,$0.02B,$0.19B,11.31%,$0.02B,$0.10B,27.71%,$0.02B,$0.23B,8.96%,$0.02B,$0.19B,13.94%,$41,$24,$17,$1,$10,$35,$6,$-0,$6,$1,$5,$4,$4,$6,$6,$40,40,$0.11,$0.11,$88,$0,$0,$131,$0,$0,$87,$4,$92,$225,$32,$2,$2,$6,$38,$0,$0,$0,$187,$225,$0,$0,$0,$0,$0,$0,$0,$0,$0,$0,$0,$0,$0,$0,$0,$0,$0,$0,$0,$0,$0,$0,$0,$0,$0,$0,$0,$0,$0
19,2013-12-31,6.25,$0.00,0.0,$3.89,1.61,$0.58,10.71,$0.42,14.88,$0.07B,$0.03B,2.61,$0.00B,$0.13B,0.02,$0.15B,$0.06B,41.38%,$0.15B,$0.02B,13.10%,$0.15B,$0.02B,13.10%,$0.15B,$0.02B,13.10%,$0.15B,$0.02B,12.41%,$0.15B,$0.02B,11.03%,$0.02B,$0.13B,12.85%,$0.02B,$0.04B,36.36%,$0.02B,$0.17B,9.97%,$0.02B,$0.13B,15.02%,$41,$24,$17,$1,$11,$36,$5,$-0,$5,$0,$5,$5,$5,$5,$5,$37,37,$0.13,$0.13,$36,$0,$5,$73,$0,$0,$88,$3,$92,$167,$28,$2,$3,$7,$35,$1,$0,$0,$132,$167,$17,$8,$0,$8,$0,$0,$-1,$-1,$-3,$22,$-0,$0,$-17,$0,$0,$0,$-5,$-22,$-0,$-0,$3,$1,$1,$-8,$-0,$-3,$-3,$0,$-8
20,2013-09-30,6.0,$0.00,0.0,$3.75,1.6,$0.61,9.9,$0.41,14.63,$0.08B,$0.03B,2.42,$0.00B,$0.00B,0.0,$0.14B,$0.06B,41.43%,$0.14B,$0.02B,12.86%,$0.14B,$0.02B,12.86%,$0.14B,$0.02B,12.86%,$0.14B,$0.02B,12.14%,$0.14B,$0.02B,10.71%,$0.02B,$0.13B,12.35%,$0.02B,$0.05B,33.71%,$0.02B,$0.16B,9.57%,$0.02B,$0.13B,14.60%,$36,$21,$15,$1,$9,$31,$5,$-0,$5,$0,$5,$4,$4,$5,$5,$37,37,$0.11,$0.11,$39,$0,$0,$76,$0,$0,$80,$4,$83,$161,$31,$2,$3,$5,$36,$0,$0,$0,$125,$161,$0,$0,$0,$0,$0,$0,$0,$0,$0,$0,$0,$0,$0,$0,$0,$0,$0,$0,$0,$0,$0,$0,$0,$0,$0,$0,$0,$0,$0
21,2013-06-30,4.63,$0.00,0.0,$3.68,1.26,$0.61,7.65,$0.41,11.3,$0.08B,$0.03B,2.19,$0.00B,$0.00B,0.0,$0.14B,$0.06B,40.88%,$0.14B,$0.02B,12.41%,$0.14B,$0.02B,12.41%,$0.14B,$0.02B,12.41%,$0.14B,$0.02B,11.68%,$0.14B,$0.02B,10.95%,$0.02B,$0.12B,12.55%,$0.02B,$0.04B,34.68%,$0.02B,$0.16B,9.71%,$0.02B,$0.12B,14.08%,$35,$21,$14,$1,$9,$31,$4,$-0,$4,$0,$4,$3,$3,$4,$4,$37,37,$0.10,$0.09,$39,$0,$6,$75,$0,$0,$80,$4,$84,$161,$34,$2,$3,$4,$39,$0,$0,$0,$122,$161,$0,$0,$0,$0,$0,$0,$0,$0,$0,$0,$0,$0,$0,$0,$0,$0,$0,$0,$0,$0,$0,$0,$0,$0,$0,$0,$0,$0,$0
22,2013-03-31,4.49,$0.00,0.0,$3.50,1.28,$0.61,7.41,$0.42,10.68,$0.07B,$0.03B,2.45,$0.00B,$0.00B,0.0,$0.13B,$0.05B,41.54%,$0.13B,$0.02B,13.08%,$0.13B,$0.02B,13.08%,$0.13B,$0.02B,13.08%,$0.13B,$0.02B,12.31%,$0.13B,$0.02B,12.31%,$0.02B,$0.12B,13.62%,$0.02B,$0.04B,35.75%,$0.02B,$0.15B,10.65%,$0.02B,$0.12B,14.38%,$33,$20,$14,$1,$8,$29,$5,$-0,$4,$0,$4,$4,$4,$5,$5,$37,37,$0.10,$0.09,$38,$0,$6,$73,$0,$0,$75,$3,$78,$153,$30,$2,$3,$5,$34,$0,$0,$0,$119,$153,$0,$0,$0,$0,$0,$0,$0,$0,$0,$0,$0,$0,$0,$0,$0,$0,$0,$0,$0,$0,$0,$0,$0,$0,$0,$0,$0,$0,$0
23,2012-12-31,3.94,$0.00,0.0,$3.41,1.16,$0.61,6.51,$0.44,8.95,$0.07B,$0.03B,2.56,$0.00B,$0.12B,0.01,$0.13B,$0.05B,41.73%,$0.13B,$0.02B,12.60%,$0.13B,$0.02B,12.60%,$0.13B,$0.02B,12.60%,$0.13B,$0.02B,12.60%,$0.13B,$0.02B,12.60%,$0.02B,$0.12B,13.88%,$0.02B,$0.05B,35.75%,$0.02B,$0.15B,10.83%,$0.02B,$0.12B,13.85%,$36,$21,$15,$1,$10,$31,$4,$0,$4,$0,$4,$4,$4,$4,$4,$37,37,$0.12,$0.12,$39,$0,$0,$74,$0,$0,$74,$3,$77,$152,$29,$1,$2,$3,$32,$1,$-8,$0,$120,$152,$16,$7,$0,$7,$0,$0,$0,$0,$-1,$23,$-1,$0,$-7,$0,$0,$-1,$-1,$-10,$0,$0,$0,$0,$0,$-4,$-0,$-3,$9,$0,$0
24,2012-09-30,3.69,$0.00,0.0,$3.26,1.13,$0.40,9.26,$0.44,8.38,$0.07B,$0.03B,2.12,$0.00B,$0.00B,0.0,$0.12B,$0.05B,42.15%,$0.12B,$0.02B,13.22%,$0.12B,$0.02B,13.22%,$0.12B,$0.02B,13.22%,$0.12B,$0.02B,13.22%,$0.12B,$0.02B,13.22%,$0.02B,$0.12B,14.32%,$0.02B,$0.04B,36.78%,$0.02B,$0.15B,11.17%,$0.02B,$0.12B,14.32%,$33,$20,$13,$1,$8,$28,$4,$0,$4,$-0,$4,$4,$4,$4,$4,$37,37,$0.11,$0.11,$39,$0,$6,$72,$0,$0,$75,$3,$79,$152,$34,$0,$1,$2,$36,$0,$0,$0,$117,$152,$0,$0,$0,$0,$0,$0,$0,$0,$0,$0,$0,$0,$0,$0,$0,$0,$0,$0,$0,$0,$0,$0,$0,$0,$0,$0,$0,$0,$0
25,2012-06-30,4.55,$0.00,0.0,$3.20,1.42,$0.40,11.42,$0.44,10.34,$0.07B,$0.03B,2.51,$0.00B,$0.00B,0.0,$0.12B,$0.05B,42.37%,$0.12B,$0.02B,13.56%,$0.12B,$0.02B,13.56%,$0.12B,$0.02B,13.56%,$0.12B,$0.02B,13.56%,$0.12B,$0.02B,13.56%,$0.02B,$0.11B,14.81%,$0.02B,$0.05B,34.59%,$0.02B,$0.14B,11.66%,$0.02B,$0.11B,14.81%,$28,$16,$12,$0,$8,$24,$4,$-0,$4,$0,$4,$4,$4,$4,$4,$37,37,$0.10,$0.10,$44,$0,$6,$73,$0,$0,$66,$4,$70,$144,$29,$0,$1,$2,$31,$0,$0,$0,$114,$144,$0,$0,$0,$0,$0,$0,$0,$0,$0,$0,$0,$0,$0,$0,$0,$0,$0,$0,$0,$0,$0,$0,$0,$0,$0,$0,$0,$0,$0
26,2012-03-31,5.26,$0.00,0.0,$3.18,1.65,$0.40,13.21,$0.44,11.96,$0.07B,$0.03B,2.25,$0.00B,$0.11B,0.0,$0.12B,$0.05B,41.88%,$0.12B,$0.02B,12.82%,$0.12B,$0.02B,12.82%,$0.12B,$0.02B,12.82%,$0.12B,$0.02B,13.68%,$0.12B,$0.02B,13.68%,$0.02B,$0.11B,15.38%,$0.02B,$0.04B,34.41%,$0.02B,$0.14B,12.05%,$0.02B,$0.11B,14.42%,$30,$17,$13,$1,$8,$26,$4,$0,$4,$0,$4,$4,$4,$4,$4,$36,37,$0.12,$0.11,$40,$0,$5,$71,$0,$0,$66,$4,$70,$143,$31,$0,$1,$1,$33,$0,$0,$0,$110,$143,$0,$0,$0,$0,$0,$0,$0,$0,$0,$0,$0,$0,$0,$0,$0,$0,$0,$0,$0,$0,$0,$0,$0,$0,$0,$0,$0,$0,$0
27,2011-12-31,4.24,$0.00,0.0,$3.06,1.38,$0.40,10.64,$0.41,10.33,$0.06B,$0.03B,2.47,$0.00B,$0.11B,0.0,$0.11B,$0.05B,41.07%,$0.11B,$0.01B,12.50%,$0.11B,$0.01B,12.50%,$0.11B,$0.01B,12.50%,$0.11B,$0.02B,13.39%,$0.11B,$0.02B,13.39%,$0.02B,$0.11B,14.96%,$0.02B,$0.04B,30.93%,$0.02B,$0.13B,11.79%,$0.01B,$0.11B,13.97%,$30,$18,$13,$0,$8,$26,$4,$-0,$4,$-0,$4,$4,$4,$4,$4,$36,37,$0.12,$0.12,$32,$0,$6,$63,$0,$0,$64,$4,$69,$134,$26,$0,$3,$3,$28,$1,$-20,$0,$106,$134,$15,$5,$0,$5,$0,$0,$0,$0,$-6,$15,$-0,$0,$24,$0,$0,$-1,$-52,$-30,$0,$0,$0,$0,$1,$0,$-1,$-1,$-15,$0,$0
28,2011-09-30,3.37,$0.00,0.0,$2.98,1.13,$0.43,7.92,$0.38,8.86,$0.07B,$0.02B,3.02,$0.00B,$0.00B,0.01,$0.11B,$0.04B,41.12%,$0.11B,$0.01B,12.15%,$0.11B,$0.01B,12.15%,$0.11B,$0.01B,12.15%,$0.11B,$0.01B,13.08%,$0.11B,$0.01B,13.08%,$0.01B,$0.10B,14.58%,$0.01B,$0.05B,27.59%,$0.01B,$0.13B,11.52%,$0.01B,$0.10B,13.54%,$30,$18,$12,$1,$7,$26,$4,$0,$4,$0,$4,$4,$4,$4,$4,$36,37,$0.11,$0.11,$47,$0,$0,$72,$0,$0,$50,$4,$53,$128,$24,$0,$2,$2,$26,$0,$0,$0,$102,$128,$0,$0,$0,$0,$0,$0,$0,$0,$0,$0,$0,$0,$0,$0,$0,$0,$0,$0,$0,$0,$0,$0,$0,$0,$0,$0,$0,$0,$0
29,2011-06-30,4.08,$0.00,0.0,$2.86,1.43,$0.43,9.6,$0.35,11.66,$0.07B,$0.03B,2.75,$0.00B,$0.00B,0.0,$0.10B,$0.04B,41.41%,$0.10B,$0.01B,12.12%,$0.10B,$0.01B,12.12%,$0.10B,$0.01B,12.12%,$0.10B,$0.01B,13.13%,$0.10B,$0.01B,13.13%,$0.01B,$0.10B,15.03%,$0.01B,$0.05B,29.21%,$0.01B,$0.13B,11.69%,$0.01B,$0.10B,13.87%,$27,$16,$11,$0,$7,$24,$3,$0,$4,$0,$4,$4,$4,$3,$3,$36,37,$0.10,$0.10,$47,$0,$0,$71,$0,$0,$49,$4,$53,$126,$26,$0,$2,$2,$28,$0,$0,$0,$98,$126,$0,$0,$0,$0,$0,$0,$0,$0,$0,$0,$0,$0,$0,$0,$0,$0,$0,$0,$0,$0,$0,$0,$0,$0,$0,$0,$0,$0,$0
30,2011-03-31,6.19,$0.00,0.0,$2.78,2.22,$0.43,14.55,$0.31,19.96,$0.07B,$0.02B,3.05,$0.00B,$0.00B,0.0,$0.09B,$0.04B,41.94%,$0.09B,$0.01B,11.83%,$0.09B,$0.01B,11.83%,$0.09B,$0.01B,11.83%,$0.09B,$0.01B,11.83%,$0.09B,$0.01B,11.83%,$0.01B,$0.10B,14.24%,$0.01B,$0.05B,28.39%,$0.01B,$0.12B,10.97%,$0.01B,$0.10B,14.24%,$25,$15,$10,$0,$7,$22,$3,$0,$3,$0,$3,$3,$3,$3,$3,$36,37,$0.09,$0.08,$50,$0,$3,$74,$0,$0,$43,$3,$46,$121,$24,$0,$2,$2,$26,$0,$0,$0,$95,$121,$0,$0,$0,$0,$0,$0,$0,$0,$0,$0,$0,$0,$0,$0,$0,$0,$0,$0,$0,$0,$0,$0,$0,$0,$0,$0,$0,$0,$0
31,2010-12-31,5.06,$0.00,0.0,$2.70,1.87,$0.43,11.91,$0.29,17.46,$0.07B,$0.02B,3.66,$0.00B,$0.09B,0.0,$0.09B,$0.04B,42.05%,$0.09B,$0.01B,11.36%,$0.09B,$0.01B,11.36%,$0.09B,$0.01B,11.36%,$0.09B,$0.01B,11.36%,$0.09B,$0.01B,11.36%,$0.01B,$0.09B,14.65%,$0.01B,$0.05B,31.50%,$0.01B,$0.11B,11.02%,$0.01B,$0.09B,14.65%,$25,$14,$11,$1,$7,$22,$3,$0,$3,$0,$3,$3,$3,$3,$3,$33,33,$0.10,$0.09,$47,$0,$4,$68,$0,$0,$39,$2,$41,$111,$19,$0,$4,$4,$22,$1,$-35,$0,$89,$111,$9,$5,$0,$5,$0,$0,$0,$0,$0,$14,$-0,$0,$-10,$0,$0,$13,$-4,$-0,$0,$0,$-1,$0,$22,$-16,$0,$5,$19,$0,$0
32,2010-09-30,2.05,$0.00,0.0,$2.40,0.85,$0.28,7.28,$0.31,6.61,$0.05B,$0.02B,2.45,$0.00B,$0.00B,0.0,$0.08B,$0.03B,44.16%,$0.08B,$0.01B,11.69%,$0.08B,$0.01B,11.69%,$0.08B,$0.01B,11.69%,$0.08B,$0.01B,14.29%,$0.08B,$0.01B,12.99%,$0.01B,$0.06B,16.60%,$0.01B,$0.03B,37.38%,$0.01B,$0.09B,11.76%,$0.01B,$0.06B,14.94%,$22,$13,$9,$1,$6,$20,$3,$0,$3,$0,$3,$3,$3,$3,$3,$32,33,$0.08,$0.08,$26,$0,$0,$46,$0,$0,$37,$2,$39,$87,$19,$0,$3,$3,$22,$0,$0,$0,$64,$87,$0,$0,$0,$0,$0,$0,$0,$0,$0,$0,$0,$0,$0,$0,$0,$0,$0,$0,$0,$0,$0,$0,$0,$0,$0,$0,$0,$0,$0
33,2010-06-30,1.72,$0.00,0.0,$2.14,0.81,$0.28,6.12,$0.26,6.62,$0.04B,$0.02B,2.45,$0.00B,$0.00B,0.0,$0.07B,$0.03B,46.38%,$0.07B,$0.01B,10.14%,$0.07B,$0.01B,10.14%,$0.07B,$0.01B,10.14%,$0.07B,$0.01B,13.04%,$0.07B,$0.01B,11.59%,$0.01B,$0.06B,12.96%,$0.01B,$0.03B,26.02%,$0.01B,$0.08B,9.50%,$0.01B,$0.06B,11.34%,$21,$13,$9,$0,$6,$19,$2,$-0,$2,$-0,$2,$2,$2,$2,$2,$32,33,$0.06,$0.06,$26,$0,$3,$44,$0,$0,$34,$2,$36,$82,$18,$0,$4,$4,$22,$0,$0,$0,$61,$82,$0,$0,$0,$0,$0,$0,$0,$0,$0,$0,$0,$0,$0,$0,$0,$0,$0,$0,$0,$0,$0,$0,$0,$0,$0,$0,$0,$0,$0
34,2010-03-31,2.09,$0.00,0.0,$1.90,1.1,$0.28,7.43,$0.23,9.08,$0.05B,$0.02B,2.24,$0.00B,$0.00B,0.0,$0.06B,$0.03B,48.39%,$0.06B,$0.01B,9.68%,$0.06B,$0.01B,9.68%,$0.06B,$0.01B,9.68%,$0.06B,$0.01B,12.90%,$0.06B,$0.01B,11.29%,$0.01B,$0.06B,11.02%,$0.01B,$0.02B,20.29%,$0.01B,$0.08B,8.24%,$0.01B,$0.06B,9.45%,$20,$11,$8,$1,$6,$18,$2,$0,$2,$0,$2,$2,$2,$2,$2,$32,32,$0.06,$0.06,$25,$0,$3,$45,$0,$0,$34,$1,$35,$83,$20,$0,$4,$4,$24,$0,$0,$0,$59,$83,$0,$0,$0,$0,$0,$0,$0,$0,$0,$0,$0,$0,$0,$0,$0,$0,$0,$0,$0,$0,$0,$0,$0,$0,$0,$0,$0,$0,$0
35,2009-12-31,1.52,$0.00,0.0,$1.72,0.88,$0.28,5.39,$0.19,7.98,$0.06B,$0.03B,1.94,$0.00B,$0.06B,0.0,$0.06B,$0.03B,51.79%,$0.06B,$0.01B,8.93%,$0.06B,$0.01B,8.93%,$0.06B,$0.01B,8.93%,$0.06B,$0.01B,12.50%,$0.06B,$0.01B,10.71%,$0.01B,$0.06B,9.20%,$0.01B,$0.03B,15.58%,$0.01B,$0.09B,7.06%,$0.01B,$0.06B,7.66%,$14,$6,$8,$0,$6,$13,$2,$2,$4,$0,$3,$3,$3,$2,$2,$32,32,$0.11,$0.11,$42,$0,$0,$58,$0,$0,$27,$1,$28,$88,$30,$0,$1,$1,$30,$1,$-45,$0,$57,$88,$6,$5,$0,$5,$0,$0,$0,$0,$0,$8,$2,$0,$0,$0,$0,$-12,$0,$-10,$0,$-0,$-0,$0,$0,$0,$0,$-0,$-3,$0,$0
36,2009-09-30,1.13,$0.00,0.0,$1.75,0.65,$0.14,8.31,$0.11,10.29,$0.05B,$0.01B,3.78,$0.00B,$0.00B,0.0,$0.06B,$0.04B,63.16%,$0.06B,$0.02B,31.58%,$0.06B,$0.02B,31.58%,$0.06B,$0.02B,31.58%,$0.06B,$0.02B,31.58%,$0.06B,$0.00B,7.02%,$0.00B,$0.07B,5.90%,$0.00B,$0.04B,9.82%,$0.00B,$0.08B,4.78%,$0.02B,$0.07B,26.57%,$14,$7,$7,$0,$6,$13,$1,$0,$1,$0,$1,$1,$1,$1,$1,$32,32,$0.03,$0.03,$37,$0,$0,$51,$0,$1,$27,$0,$28,$84,$14,$0,$1,$1,$14,$0,$0,$0,$70,$84,$0,$0,$0,$0,$0,$0,$0,$0,$0,$0,$0,$0,$0,$0,$0,$0,$0,$0,$0,$0,$0,$0,$0,$0,$0,$0,$0,$0,$0
37,2009-06-30,0.95,$0.00,0.0,$1.82,0.52,$0.14,6.95,$0.13,7.28,$0.05B,$0.02B,3.19,$0.00B,$0.00B,0.0,$0.06B,$0.04B,64.41%,$0.06B,$0.02B,32.20%,$0.06B,$0.02B,32.20%,$0.06B,$0.02B,32.20%,$0.06B,$0.02B,32.20%,$0.06B,$0.01B,8.47%,$0.01B,$0.07B,7.52%,$0.01B,$0.04B,12.66%,$0.01B,$0.09B,5.99%,$0.02B,$0.07B,28.57%,$14,$6,$7,$0,$6,$13,$1,$0,$1,$0,$1,$1,$1,$1,$1,$32,32,$0.03,$0.03,$37,$0,$3,$53,$0,$0,$27,$1,$28,$85,$16,$0,$1,$1,$17,$0,$0,$0,$68,$85,$0,$0,$0,$0,$0,$0,$0,$0,$0,$0,$0,$0,$0,$0,$0,$0,$0,$0,$0,$0,$0,$0,$0,$0,$0,$0,$0,$0,$0
38,2009-03-31,0.76,$0.00,0.0,$1.89,0.4,$0.14,5.59,$0.15,5.07,$0.05B,$0.02B,3.16,$0.00B,$0.00B,0.0,$0.06B,$0.04B,65.57%,$0.06B,$0.02B,32.79%,$0.06B,$0.02B,32.79%,$0.06B,$0.02B,32.79%,$0.06B,$0.02B,32.79%,$0.06B,$0.01B,9.84%,$0.01B,$0.07B,9.16%,$0.01B,$0.04B,15.69%,$0.01B,$0.08B,7.19%,$0.02B,$0.07B,30.53%,$14,$7,$7,$0,$6,$13,$1,$0,$1,$0,$1,$1,$1,$1,$1,$32,32,$0.02,$0.02,$36,$0,$0,$50,$0,$0,$27,$0,$27,$83,$16,$0,$0,$0,$16,$0,$0,$0,$66,$83,$0,$0,$0,$0,$0,$0,$0,$0,$0,$0,$0,$0,$0,$0,$0,$0,$0,$0,$0,$0,$0,$0,$0,$0,$0,$0,$0,$0,$0
39,2008-12-31,0.85,$0.00,0.0,$1.93,0.44,$0.14,6.23,$0.13,6.53,$0.05B,$0.01B,3.43,$0.00B,$0.07B,0.0,$0.06B,$0.05B,77.42%,$0.06B,$0.03B,54.84%,$0.06B,$0.03B,54.84%,$0.06B,$0.03B,54.84%,$0.06B,$0.03B,54.84%,$0.06B,$0.01B,8.06%,$0.01B,$0.07B,10.20%,$0.01B,$0.04B,17.70%,$0.01B,$0.08B,7.97%,$0.03B,$0.07B,69.39%,$15,$0,$15,$0,$0,$0,$15,$0,$15,$0,$15,$1,$1,$15,$15,$32,32,$0.03,$0.03,$33,$0,$0,$48,$0,$0,$27,$2,$30,$83,$14,$0,$2,$2,$16,$1,$-35,$0,$67,$83,$5,$4,$-0,$4,$0,$0,$0,$0,$-1,$8,$-3,$0,$16,$0,$0,$-1,$0,$11,$0,$-3,$-0,$0,$0,$0,$0,$-3,$15,$0,$0
40,2008-09-30,1.31,$0.00,0.0,$1.95,0.67,$0.12,10.92,$0.41,3.2,$0.05B,$0.02B,3.13,$0.00B,$0.00B,0.0,$0.06B,$0.05B,77.78%,$0.06B,$0.04B,55.56%,$0.06B,$0.04B,55.56%,$0.06B,$0.04B,55.56%,$0.06B,$0.04B,55.56%,$0.06B,$0.01B,22.22%,$0.01B,$0.07B,29.47%,$0.01B,$0.04B,51.38%,$0.01B,$0.08B,22.40%,$0.04B,$0.07B,73.68%,$16,$7,$9,$1,$7,$14,$2,$0,$2,$0,$2,$2,$2,$2,$2,$32,32,$0.05,$0.05,$33,$0,$0,$48,$0,$0,$27,$2,$30,$83,$15,$0,$2,$2,$18,$0,$0,$0,$65,$83,$0,$0,$0,$0,$0,$0,$0,$0,$0,$0,$0,$0,$0,$0,$0,$0,$0,$0,$0,$0,$0,$0,$0,$0,$0,$0,$0,$0,$0
41,2008-06-30,1.06,$0.00,0.0,$2.01,0.52,$0.12,8.8,$0.38,2.78,$0.05B,$0.02B,2.68,$0.00B,$0.00B,0.0,$0.07B,$0.06B,89.23%,$0.07B,$0.05B,78.46%,$0.07B,$0.05B,78.46%,$0.07B,$0.05B,78.46%,$0.07B,$0.05B,78.46%,$0.07B,$0.01B,20.00%,$0.01B,$0.06B,41.60%,$0.01B,$0.04B,73.24%,$0.01B,$0.09B,31.14%,$0.05B,$0.06B,163.20%,$16,$7,$9,$0,$7,$14,$2,$0,$2,$0,$2,$2,$2,$2,$2,$32,32,$0.05,$0.05,$34,$0,$0,$49,$0,$0,$28,$3,$30,$85,$18,$0,$2,$3,$21,$0,$0,$0,$64,$85,$0,$0,$0,$0,$0,$0,$0,$0,$0,$0,$0,$0,$0,$0,$0,$0,$0,$0,$0,$0,$0,$0,$0,$0,$0,$0,$0,$0,$0
42,2008-03-31,1.19,$0.00,0.0,$2.04,0.58,$0.12,9.93,$0.36,3.31,$0.00B,$0.00B,0.0,$0.00B,$0.00B,0.0,$0.07B,$0.06B,87.88%,$0.07B,$0.05B,75.76%,$0.07B,$0.05B,75.76%,$0.07B,$0.05B,75.76%,$0.07B,$0.05B,75.76%,$0.07B,$0.01B,18.18%,$0.01B,$0.00B,43.24%,$0.01B,$0.00B,76.19%,$0.01B,$0.00B,30.57%,$0.05B,$0.00B,180.18%,$15,$0,$15,$0,$0,$0,$15,$0,$15,$0,$15,$0,$0,$15,$15,$32,32,$0.00,$0.00,$0,$0,$0,$0,$0,$0,$0,$0,$0,$0,$0,$0,$0,$0,$0,$0,$0,$0,$0,$0,$0,$0,$0,$0,$0,$0,$0,$0,$0,$0,$0,$0,$0,$0,$0,$0,$0,$0,$0,$0,$0,$0,$0,$0,$0,$0,$0,$0,$0
43,2007-12-31,1.25,$0.00,0.0,$2.08,0.6,$0.12,10.42,$0.39,3.21,$0.05B,$0.02B,2.55,$0.00B,$0.06B,0.0,$0.07B,$0.06B,88.06%,$0.07B,$0.05B,76.12%,$0.07B,$0.05B,76.12%,$0.07B,$0.05B,76.12%,$0.07B,$0.05B,76.12%,$0.07B,$0.01B,19.40%,$0.01B,$0.06B,46.85%,$0.01B,$0.04B,82.54%,$0.01B,$0.08B,33.12%,$0.05B,$0.06B,183.78%,$16,$0,$16,$0,$0,$0,$16,$0,$16,$0,$16,$0,$10,$16,$16,$32,32,$0.32,$0.31,$16,$0,$16,$47,$0,$0,$27,$2,$29,$82,$19,$0,$2,$2,$21,$1,$-39,$0,$61,$82,$13,$4,$-13,$-9,$0,$0,$0,$0,$4,$8,$-4,$0,$1,$0,$0,$1,$0,$-2,$0,$-1,$0,$0,$0,$0,$0,$-1,$5,$0,$0
44,2007-09-30,1.22,$0.00,0.0,$2.10,0.58,$-0.02,0.0,$0.08,15.22,$0.00B,$0.00B,0.0,$0.00B,$0.00B,0.0,$0.07B,$0.06B,88.06%,$0.07B,$0.05B,76.12%,$0.07B,$0.05B,76.12%,$0.07B,$0.05B,76.12%,$0.07B,$0.05B,76.12%,$0.07B,$0.00B,4.48%,$0.00B,$0.00B,12.24%,$0.00B,$0.00B,27.91%,$0.00B,$0.00B,8.28%,$0.05B,$0.00B,208.16%,$18,$0,$18,$0,$0,$0,$18,$0,$18,$0,$18,$1,$1,$18,$18,$31,32,$0.02,$0.02,$0,$0,$0,$0,$0,$0,$0,$0,$0,$0,$0,$0,$0,$0,$0,$0,$0,$0,$0,$0,$0,$0,$0,$0,$0,$0,$0,$0,$0,$0,$0,$0,$0,$0,$0,$0,$0,$0,$0,$0,$0,$0,$0,$0,$0,$0,$0,$0,$0
45,2007-06-30,1.52,$0.00,0.0,$2.03,0.75,$-0.02,0.0,$-0.05,0.0,$0.03B,$0.02B,1.49,$0.00B,$0.05B,0.01,$0.06B,$0.06B,87.50%,$0.06B,$0.05B,75.00%,$0.06B,$0.05B,75.00%,$0.06B,$0.05B,75.00%,$0.06B,$0.05B,75.00%,$0.06B,$-0.00B,-3.13%,$-0.00B,$0.05B,-8.16%,$-0.00B,$0.03B,-18.60%,$-0.00B,$0.08B,-5.52%,$0.05B,$0.05B,195.92%,$17,$8,$9,$1,$7,$16,$1,$-0,$1,$0,$1,$1,$1,$1,$1,$31,32,$0.03,$0.03,$17,$0,$0,$33,$0,$2,$22,$11,$35,$75,$22,$0,$2,$3,$25,$1,$-50,$0,$50,$75,$0,$0,$0,$0,$0,$0,$0,$0,$0,$0,$0,$0,$0,$0,$0,$0,$0,$0,$0,$0,$0,$0,$0,$0,$0,$0,$0,$0,$0
46,2007-03-31,1.53,$0.00,0.0,$1.99,0.77,$-0.02,0.0,$-0.12,0.0,$0.00B,$0.00B,0.0,$0.00B,$0.00B,0.0,$0.06B,$0.06B,88.71%,$0.06B,$0.05B,74.19%,$0.06B,$0.05B,74.19%,$0.06B,$0.05B,74.19%,$0.06B,$0.05B,74.19%,$0.06B,$-0.00B,-6.45%,$-0.00B,$0.00B,-16.16%,$-0.00B,$0.00B,-36.36%,$-0.00B,$0.00B,-11.03%,$0.05B,$0.00B,185.86%,$16,$0,$16,$0,$0,$0,$16,$0,$16,$0,$16,$1,$1,$16,$16,$31,32,$0.03,$0.03,$0,$0,$0,$0,$0,$0,$0,$0,$0,$0,$0,$0,$0,$0,$0,$0,$0,$0,$0,$0,$0,$0,$0,$0,$0,$0,$0,$0,$0,$0,$0,$0,$0,$0,$0,$0,$0,$0,$0,$0,$0,$0,$0,$0,$0,$0,$0,$0,$0
47,2006-12-31,1.49,$0.00,0.0,$1.97,0.76,$-0.02,0.0,$-0.16,0.0,$0.03B,$0.02B,1.45,$0.00B,$0.05B,0.01,$0.06B,$0.05B,77.05%,$0.06B,$0.03B,49.18%,$0.06B,$0.03B,49.18%,$0.06B,$0.03B,49.18%,$0.06B,$0.03B,49.18%,$0.06B,$-0.01B,-8.20%,$-0.01B,$0.05B,-13.25%,$-0.01B,$0.02B,-27.03%,$-0.01B,$0.07B,-9.05%,$0.03B,$0.05B,79.47%,$16,$0,$16,$0,$0,$0,$16,$0,$16,$0,$16,$0,$0,$16,$16,$31,32,$0.00,$0.00,$13,$0,$0,$28,$0,$0,$32,$3,$35,$70,$19,$0,$3,$3,$22,$1,$-51,$0,$48,$70,$-5,$6,$0,$6,$0,$0,$0,$0,$3,$4,$-4,$0,$-1,$0,$0,$-0,$0,$-5,$0,$0,$0,$0,$0,$0,$0,$1,$-1,$0,$0
