,Date,Stock Price,Book Value per Share,Price to Book Ratio,TTM Sales per Share,Price to Sales Ratio,TTM FCF per Share,Price to FCF Ratio,TTM Net EPS,PE Ratio,Current Assets,Current Liabilities,Current Ratio,Long Term Debt,Shareholder's Equity_x,Debt to Equity Ratio,TTM Revenue_x,TTM Gross Profit,Gross Margin,TTM Revenue_y,TTM Operating Income,Operating Margin,TTM Revenue_x,TTM EBIT,EBIT Margin,TTM Revenue_y,TTM EBITDA,EBITDA Margin,TTM Revenue_x,TTM Pre-Tax Income,Pre-Tax Margin,TTM Revenue_y,TTM Net Income_x,Net Margin,TTM Net Income_y,Shareholder's Equity_y,Return on Equity,TTM Net Income_x,Tangible Equity,Return on Tangible Equity,TTM Net Income_y,Total Assets,Return on Assets,TTM Net Income,LT Investments & Debt,Return on Investment,revenue,cost-goods-sold,gross-profit,research-development-expenses,selling-general-administrative-expenses,operating-expenses,operating-income,total-non-operating-income-expense,pre-tax-income,total-provision-income-taxes,income-after-taxes,income-from-continuous-operations,net-income,ebitda,ebit,basic-shares-outstanding,shares-outstanding,eps-basic-net-earnings-per-share,eps-earnings-per-share-diluted,cash-on-hand,inventory,other-current-assets,total-current-assets,net-property-plant-equipment,long-term-investments,goodwill-intangible-assets-total,other-long-term-assets,total-long-term-assets,total-assets,total-current-liabilities,long-term-debt,other-non-current-liabilities,total-long-term-liabilities,total-liabilities,common-stock-net,retained-earnings-accumulated-deficit,comprehensive-income,total-share-holder-equity,total-liabilities-share-holders-equity,net-income-loss,total-depreciation-amortization-cash-flow,other-non-cash-items,total-non-cash-items,change-in-accounts-receivable,change-in-inventories,change-in-accounts-payable,change-in-assets-liabilities,total-change-in-assets-liabilities,cash-flow-from-operating-activities,net-change-in-property-plant-equipment,net-change-in-intangible-assets,net-acquisitions-divestitures,net-change-in-short-term-investments,net-change-in-long-term-investments,net-change-in-investments-total,investing-activities-other,cash-flow-from-investing-activities,net-long-term-debt,net-current-debt,debt-issuance-retirement-net-total,net-common-equity-issued-repurchased,net-total-equity-issued-repurchased,total-common-preferred-stock-dividends-paid,financial-activities-other,cash-flow-from-financial-activities,net-cash-flow,stock-based-compensation,common-stock-dividends-paid
0,2018-09-30,72.05,$54.91,1.31,$285.44,0.25,$5.38,13.39,$4.24,16.99,$1.58B,$0.92B,1.72,$0.73B,$1.33B,0.55,$7.16B,$0.28B,3.84%,$7.16B,$0.15B,2.02%,$7.16B,$0.15B,2.02%,$7.16B,$0.28B,3.85%,$7.16B,$0.12B,1.68%,$7.16B,$0.11B,1.49%,$0.11B,$1.33B,8.18%,$0.11B,$0.07B,251.76%,$0.11B,$3.05B,3.50%,$0.15B,$2.07B,7.09%,$1854,$1775,$79,$0,$0,$1808,$46,$-5,$41,$14,$27,$27,$27,$79,$46,$24,25,$1.11,$1.09,$609,$44,$103,$1577,$155,$4,$1261,$51,$1472,$3049,$919,$734,$16,$798,$1717,$1,$1447,$-0,$1332,$3049,$52,$99,$30,$129,$-161,$-3,$-14,$-43,$-147,$34,$-51,$0,$-0,$0,$-52,$-52,$0,$-104,$-75,$0,$-75,$-18,$-18,$0,$-1,$-95,$-164,$27,$0
1,2018-06-30,95.95,$53.71,1.79,$268.87,0.36,$8.92,10.76,$4.47,21.47,$1.67B,$1.02B,1.63,$0.74B,$1.32B,0.56,$6.73B,$0.28B,4.09%,$6.73B,$0.15B,2.23%,$6.73B,$0.15B,2.23%,$6.73B,$0.28B,4.12%,$6.73B,$0.12B,1.84%,$6.73B,$0.11B,1.66%,$0.11B,$1.32B,8.78%,$0.11B,$0.06B,112.28%,$0.11B,$3.14B,3.78%,$0.15B,$2.05B,7.44%,$1811,$1753,$58,$0,$0,$1787,$24,$-5,$18,$5,$14,$14,$14,$58,$24,$25,25,$0.55,$0.53,$659,$50,$119,$1668,$161,$20,$1258,$31,$1472,$3140,$1023,$735,$17,$798,$1821,$1,$1420,$-1,$1319,$3140,$25,$65,$19,$84,$-179,$-9,$50,$-39,$-88,$21,$-37,$0,$0,$0,$-107,$-107,$0,$-144,$-34,$0,$-34,$7,$7,$0,$-3,$-30,$-153,$18,$0
2,2018-03-31,107.1,$53.00,2.02,$256.63,0.42,$8.59,12.46,$4.17,25.68,$1.62B,$0.99B,1.64,$0.74B,$1.31B,0.56,$6.34B,$0.26B,4.09%,$6.34B,$0.14B,2.21%,$6.34B,$0.14B,2.21%,$6.34B,$0.26B,4.13%,$6.34B,$0.12B,1.85%,$6.34B,$0.10B,1.64%,$0.10B,$1.31B,8.44%,$0.10B,$0.04B,72.85%,$0.10B,$3.09B,3.72%,$0.14B,$2.04B,7.62%,$1805,$1757,$48,$0,$0,$1788,$17,$-6,$11,$-0,$11,$11,$11,$48,$17,$24,26,$0.47,$0.45,$724,$38,$109,$1619,$160,$21,$1270,$21,$1473,$3092,$986,$737,$17,$801,$1787,$1,$1407,$-1,$1305,$3092,$11,$31,$8,$39,$-87,$3,$27,$-20,$30,$81,$-20,$0,$0,$0,$-24,$-24,$0,$-43,$-56,$0,$-56,$17,$17,$0,$-3,$-42,$-4,$8,$0
3,2017-12-31,96.55,$52.74,1.83,$240.47,0.4,$4.44,21.74,$4.46,21.65,$1.48B,$0.89B,1.66,$0.74B,$1.28B,0.58,$5.84B,$0.27B,4.62%,$5.84B,$0.16B,2.66%,$5.84B,$0.16B,2.66%,$5.84B,$0.28B,4.71%,$5.84B,$0.14B,2.31%,$5.84B,$0.11B,1.90%,$0.11B,$1.28B,9.34%,$0.11B,$0.00B,59.44%,$0.11B,$2.96B,4.22%,$0.16B,$2.02B,9.32%,$1694,$1604,$90,$0,$0,$1637,$58,$-7,$50,$-4,$55,$55,$55,$91,$58,$23,24,$2.32,$2.22,$709,$41,$72,$1483,$159,$17,$1275,$23,$1474,$2957,$892,$741,$16,$788,$1681,$1,$1399,$-0,$1276,$2957,$110,$120,$13,$133,$-41,$18,$-84,$1,$-80,$162,$-57,$0,$-232,$0,$-27,$-27,$0,$-316,$238,$0,$238,$23,$23,$0,$-13,$248,$94,$39,$0
4,2017-09-30,86.3,$50.03,1.73,$223.44,0.39,$0.38,224.27,$3.79,22.77,$1.54B,$0.68B,2.28,$0.75B,$1.20B,0.62,$5.41B,$0.27B,5.07%,$5.41B,$0.16B,3.00%,$5.41B,$0.16B,3.00%,$5.41B,$0.28B,5.16%,$5.41B,$0.15B,2.72%,$5.41B,$0.09B,1.68%,$0.09B,$1.20B,7.95%,$0.09B,$0.30B,39.74%,$0.09B,$2.66B,3.64%,$0.16B,$1.95B,10.90%,$1419,$1340,$79,$0,$0,$1369,$51,$-6,$45,$12,$33,$33,$32,$80,$51,$23,25,$1.39,$1.32,$818,$49,$53,$1542,$161,$11,$902,$41,$1120,$2662,$676,$746,$15,$784,$1459,$1,$1345,$-0,$1203,$2662,$56,$86,$33,$119,$-14,$10,$-70,$-14,$-62,$113,$-43,$0,$-3,$0,$-21,$-21,$0,$-67,$151,$0,$151,$13,$13,$0,$-9,$155,$200,$32,$0
5,2017-06-30,72.9,$48.29,1.51,$219.47,0.33,$-4.63,0.0,$3.53,20.65,$1.34B,$1.08B,1.25,$0.20B,$1.14B,0.18,$5.28B,$0.27B,5.08%,$5.28B,$0.16B,2.97%,$5.28B,$0.16B,2.97%,$5.28B,$0.27B,5.17%,$5.28B,$0.15B,2.77%,$5.28B,$0.09B,1.61%,$0.09B,$1.14B,7.70%,$0.09B,$0.23B,43.04%,$0.09B,$2.46B,3.54%,$0.16B,$1.35B,11.51%,$1419,$1377,$42,$0,$0,$1405,$14,$-4,$11,$6,$5,$5,$6,$43,$14,$23,24,$0.24,$0.23,$582,$60,$73,$1343,$165,$8,$911,$27,$1116,$2460,$1076,$201,$17,$240,$1316,$1,$1313,$-0,$1144,$2460,$22,$57,$21,$77,$-22,$-1,$-59,$-19,$-96,$4,$-27,$0,$-3,$0,$-6,$-6,$0,$-36,$9,$0,$9,$1,$1,$0,$-1,$9,$-23,$22,$0
6,2017-03-31,69.05,$47.71,1.45,$207.68,0.33,$-9.75,0.0,$3.46,19.96,$1.33B,$1.06B,1.25,$0.21B,$1.13B,0.18,$5.03B,$0.27B,5.31%,$5.03B,$0.16B,3.14%,$5.03B,$0.16B,3.14%,$5.03B,$0.28B,5.51%,$5.03B,$0.15B,2.97%,$5.03B,$0.08B,1.65%,$0.08B,$1.13B,7.62%,$0.08B,$0.21B,37.26%,$0.08B,$2.44B,3.55%,$0.16B,$1.34B,11.24%,$1306,$1246,$59,$0,$0,$1273,$32,$-3,$29,$12,$17,$17,$18,$61,$32,$23,24,$0.77,$0.74,$580,$62,$53,$1329,$167,$7,$920,$16,$1114,$2443,$1063,$208,$16,$248,$1312,$1,$1307,$-0,$1131,$2443,$17,$28,$9,$37,$-28,$-3,$-53,$3,$-86,$-31,$-11,$0,$-0,$0,$-10,$-10,$0,$-21,$17,$0,$17,$5,$5,$0,$-1,$21,$-31,$10,$0
7,2016-12-31,75.25,$46.76,1.61,$198.94,0.38,$-9.93,0.0,$3.26,23.08,$1.32B,$1.09B,1.21,$0.22B,$1.10B,0.2,$4.84B,$0.26B,5.36%,$4.84B,$0.15B,3.14%,$4.84B,$0.15B,3.14%,$4.84B,$0.27B,5.56%,$4.84B,$0.15B,3.00%,$4.84B,$0.08B,1.61%,$0.08B,$1.10B,7.23%,$0.08B,$0.17B,31.11%,$0.08B,$2.44B,3.48%,$0.15B,$1.31B,10.85%,$1263,$1170,$94,$0,$0,$1198,$65,$-3,$62,$26,$36,$36,$35,$95,$65,$23,24,$1.52,$1.46,$602,$59,$52,$1319,$173,$8,$928,$13,$1124,$2444,$1093,$215,$16,$251,$1344,$1,$1289,$-0,$1100,$2444,$76,$116,$43,$159,$-134,$-8,$52,$-70,$-168,$67,$-61,$0,$-199,$0,$16,$16,$0,$-244,$354,$0,$354,$-82,$-82,$0,$-39,$233,$55,$37,$0
8,2016-09-30,53.73,$44.78,1.2,$195.67,0.27,$-6.86,0.0,$2.88,18.66,$1.16B,$0.77B,1.51,$0.42B,$1.04B,0.4,$4.84B,$0.26B,5.33%,$4.84B,$0.15B,3.16%,$4.84B,$0.15B,3.16%,$4.84B,$0.27B,5.56%,$4.84B,$0.15B,3.06%,$4.84B,$0.07B,1.45%,$0.07B,$1.04B,6.54%,$0.07B,$0.17B,24.50%,$0.07B,$2.27B,3.26%,$0.15B,$1.46B,10.94%,$1292,$1219,$73,$0,$0,$1246,$46,$-2,$44,$19,$25,$25,$26,$74,$46,$23,24,$1.11,$1.06,$528,$61,$70,$1157,$170,$6,$866,$61,$1112,$2269,$765,$419,$23,$463,$1228,$1,$1254,$-0,$1041,$2269,$40,$86,$31,$117,$-32,$-10,$24,$-128,$-165,$-8,$-44,$0,$-127,$0,$8,$8,$0,$-163,$276,$0,$276,$-96,$-96,$0,$-39,$141,$-29,$28,$0
9,2016-06-30,65.77,$44.14,1.49,$189.66,0.35,$0.27,246.42,$1.51,43.56,$1.21B,$0.65B,1.87,$0.43B,$1.09B,0.39,$4.74B,$0.20B,4.18%,$4.74B,$0.09B,1.96%,$4.74B,$0.09B,1.96%,$4.74B,$0.21B,4.43%,$4.74B,$0.09B,1.88%,$4.74B,$0.04B,0.76%,$0.04B,$1.09B,3.34%,$0.04B,$0.33B,11.26%,$0.04B,$2.20B,1.70%,$0.09B,$1.51B,6.82%,$1164,$1124,$41,$0,$0,$1149,$15,$-1,$14,$13,$1,$1,$4,$47,$15,$24,25,$0.17,$0.16,$564,$63,$76,$1210,$174,$3,$751,$39,$992,$2201,$647,$426,$17,$469,$1116,$1,$1229,$-0,$1085,$2201,$15,$59,$20,$79,$-74,$-12,$15,$-106,$-213,$-119,$-31,$0,$-15,$0,$36,$36,$0,$-10,$216,$0,$216,$-16,$-16,$0,$-40,$160,$30,$18,$0
10,2016-03-31,67.93,$43.90,1.55,$185.64,0.37,$9.15,7.43,$1.52,44.69,$1.07B,$0.70B,1.53,$0.23B,$1.09B,0.21,$4.73B,$0.19B,4.08%,$4.73B,$0.09B,1.88%,$4.73B,$0.09B,1.88%,$4.73B,$0.20B,4.25%,$4.73B,$0.09B,1.80%,$4.73B,$0.04B,0.78%,$0.04B,$1.09B,3.38%,$0.04B,$0.32B,11.15%,$0.04B,$2.06B,1.75%,$0.09B,$1.32B,6.66%,$1117,$1066,$51,$0,$0,$1091,$26,$-1,$25,$12,$13,$13,$13,$53,$26,$24,25,$0.56,$0.54,$497,$56,$68,$1067,$175,$8,$762,$21,$993,$2060,$698,$232,$16,$275,$973,$1,$1225,$-0,$1087,$2060,$13,$27,$8,$35,$-14,$-5,$11,$-35,$-81,$-32,$-16,$0,$-16,$0,$-12,$-12,$0,$-43,$-4,$0,$-4,$-0,$-0,$0,$-2,$-6,$-82,$9,$0
11,2015-12-31,61.66,$43.18,1.43,$177.23,0.35,$11.94,5.16,$1.26,48.94,$1.10B,$0.72B,1.52,$0.24B,$1.07B,0.22,$4.60B,$0.18B,3.87%,$4.60B,$0.08B,1.63%,$4.60B,$0.08B,1.63%,$4.60B,$0.19B,4.05%,$4.60B,$0.07B,1.54%,$4.60B,$0.03B,0.67%,$0.03B,$1.07B,2.78%,$0.03B,$0.31B,8.50%,$0.03B,$2.07B,1.46%,$0.08B,$1.30B,5.51%,$1269,$1176,$93,$0,$0,$1203,$66,$-1,$65,$40,$25,$25,$27,$95,$66,$25,26,$1.10,$1.07,$571,$51,$47,$1098,$175,$4,$755,$11,$971,$2069,$724,$238,$13,$279,$1003,$1,$1211,$-0,$1066,$2069,$29,$110,$24,$134,$-52,$-11,$-36,$58,$-5,$157,$-72,$0,$-56,$0,$-66,$-66,$0,$-193,$-17,$0,$-17,$-153,$-153,$0,$-16,$-186,$-222,$50,$0
12,2015-09-30,55.41,$39.92,1.39,$164.12,0.34,$13.28,4.17,$0.96,57.72,$1.18B,$0.76B,1.56,$0.25B,$1.08B,0.23,$4.31B,$0.15B,3.39%,$4.31B,$0.05B,1.04%,$4.31B,$0.05B,1.04%,$4.31B,$0.15B,3.55%,$4.31B,$0.04B,0.95%,$4.31B,$0.03B,0.60%,$0.03B,$1.08B,2.30%,$0.03B,$0.31B,6.58%,$0.03B,$2.14B,1.22%,$0.05B,$1.32B,3.26%,$1190,$1177,$13,$0,$0,$1204,$-14,$-1,$-15,$-7,$-8,$-8,$-8,$15,$-14,$25,25,$-0.31,$-0.31,$593,$45,$100,$1179,$177,$10,$765,$13,$964,$2144,$756,$246,$10,$313,$1068,$1,$1184,$-0,$1075,$2144,$4,$80,$40,$120,$-41,$-5,$-46,$87,$54,$178,$-55,$0,$-56,$0,$-108,$-108,$0,$-219,$-13,$0,$-13,$-101,$-101,$0,$-5,$-118,$-158,$41,$0
13,2015-06-30,70.07,$42.74,1.64,$150.20,0.47,$13.59,5.16,$2.27,30.87,$1.17B,$0.63B,1.86,$0.25B,$1.15B,0.22,$4.04B,$0.18B,4.50%,$4.04B,$0.08B,2.08%,$4.04B,$0.08B,2.08%,$4.04B,$0.19B,4.65%,$4.04B,$0.08B,1.93%,$4.04B,$0.06B,1.51%,$0.06B,$1.15B,5.31%,$0.06B,$0.38B,14.28%,$0.06B,$2.16B,2.89%,$0.08B,$1.40B,5.99%,$1158,$1121,$36,$0,$0,$1146,$11,$-1,$10,$6,$4,$4,$5,$38,$11,$26,27,$0.18,$0.17,$611,$42,$82,$1170,$177,$30,$773,$14,$994,$2164,$630,$249,$75,$379,$1009,$1,$1192,$-0,$1154,$2164,$11,$51,$25,$76,$-32,$-3,$-72,$87,$25,$113,$-38,$0,$-56,$0,$-77,$-77,$0,$-171,$-8,$0,$-8,$-20,$-20,$0,$-1,$-29,$-87,$28,$0
14,2015-03-31,70.82,$42.50,1.67,$138.95,0.51,$14.57,4.86,$2.28,31.06,$1.19B,$0.59B,2.03,$0.25B,$1.16B,0.22,$3.77B,$0.18B,4.80%,$3.77B,$0.09B,2.25%,$3.77B,$0.09B,2.25%,$3.77B,$0.19B,4.93%,$3.77B,$0.08B,2.09%,$3.77B,$0.06B,1.62%,$0.06B,$1.16B,5.29%,$0.06B,$0.46B,13.60%,$0.06B,$2.13B,3.00%,$0.09B,$1.41B,6.30%,$981,$945,$36,$0,$0,$968,$12,$-1,$11,$4,$7,$7,$7,$38,$12,$25,26,$0.29,$0.28,$698,$35,$77,$1192,$177,$41,$707,$13,$938,$2130,$587,$252,$72,$381,$968,$1,$1187,$-0,$1161,$2130,$7,$25,$12,$37,$1,$5,$-26,$-4,$0,$44,$-21,$0,$-14,$0,$-36,$-36,$0,$-71,$-4,$0,$-4,$5,$5,$0,$2,$3,$-24,$14,$0
15,2014-12-31,60.03,$42.09,1.43,$136.24,0.44,$16.27,3.69,$2.92,20.56,$1.14B,$0.59B,1.95,$0.25B,$1.13B,0.22,$3.76B,$0.22B,5.75%,$3.76B,$0.12B,3.30%,$3.76B,$0.12B,3.30%,$3.76B,$0.22B,5.85%,$3.76B,$0.12B,3.14%,$3.76B,$0.08B,2.13%,$0.08B,$1.13B,6.92%,$0.08B,$0.43B,16.33%,$0.08B,$2.07B,4.09%,$0.12B,$1.39B,9.57%,$982,$922,$61,$0,$0,$946,$36,$-1,$35,$15,$20,$20,$22,$62,$36,$27,27,$0.84,$0.80,$695,$39,$52,$1140,$172,$43,$700,$10,$929,$2069,$586,$254,$62,$350,$935,$1,$1180,$-0,$1134,$2069,$74,$96,$40,$136,$-75,$10,$6,$-18,$-21,$190,$-62,$0,$-128,$0,$-65,$-65,$0,$-255,$242,$0,$242,$-145,$-145,$0,$-1,$96,$31,$41,$0
16,2014-09-30,54.73,$41.40,1.32,$136.76,0.4,$15.90,3.44,$2.77,19.76,$1.13B,$0.54B,2.1,$0.26B,$1.14B,0.23,$3.79B,$0.20B,5.39%,$3.79B,$0.12B,3.06%,$3.79B,$0.12B,3.06%,$3.79B,$0.21B,5.52%,$3.79B,$0.11B,2.93%,$3.79B,$0.08B,2.01%,$0.08B,$1.14B,6.54%,$0.08B,$0.44B,14.31%,$0.08B,$2.08B,4.04%,$0.12B,$1.40B,9.33%,$923,$874,$49,$0,$0,$898,$25,$-3,$22,$-3,$26,$26,$27,$50,$25,$27,27,$1.02,$1.00,$684,$41,$67,$1131,$176,$51,$706,$12,$944,$2075,$538,$259,$62,$393,$931,$0,$1158,$-0,$1144,$2075,$54,$70,$31,$101,$-19,$9,$-28,$38,$39,$194,$-51,$0,$-132,$0,$3,$3,$0,$-180,$247,$0,$247,$-98,$-98,$0,$1,$150,$165,$26,$0
17,2014-06-30,62.24,$40.65,1.53,$134.40,0.46,$15.29,4.07,$3.47,17.94,$0.96B,$0.53B,1.82,$0.02B,$1.17B,0.02,$3.74B,$0.21B,5.62%,$3.74B,$0.13B,3.43%,$3.74B,$0.13B,3.43%,$3.74B,$0.22B,5.78%,$3.74B,$0.13B,3.37%,$3.74B,$0.10B,2.57%,$0.10B,$1.17B,8.31%,$0.10B,$0.47B,16.34%,$0.10B,$1.87B,5.42%,$0.13B,$1.19B,10.86%,$888,$853,$35,$0,$0,$876,$12,$-2,$11,$6,$4,$4,$5,$36,$12,$27,28,$0.18,$0.18,$501,$44,$73,$957,$172,$23,$704,$10,$910,$1867,$525,$22,$78,$170,$695,$0,$1131,$0,$1171,$1867,$29,$45,$14,$59,$-16,$5,$-5,$46,$49,$137,$-32,$0,$-125,$0,$34,$34,$0,$-123,$-2,$0,$-2,$-31,$-31,$0,$1,$-32,$-17,$14,$0
18,2014-03-31,59.35,$42.68,1.39,$133.24,0.45,$13.70,4.33,$4.44,13.37,$1.06B,$0.52B,2.04,$0.02B,$1.18B,0.02,$3.69B,$0.25B,6.64%,$3.69B,$0.17B,4.61%,$3.69B,$0.17B,4.61%,$3.69B,$0.25B,6.85%,$3.69B,$0.17B,4.55%,$3.69B,$0.12B,3.31%,$0.12B,$1.18B,10.83%,$0.12B,$0.62B,19.69%,$0.12B,$1.82B,7.21%,$0.17B,$1.20B,14.78%,$966,$896,$71,$0,$0,$916,$51,$-1,$50,$26,$24,$24,$26,$72,$51,$27,28,$0.94,$0.92,$708,$47,$63,$1057,$167,$27,$557,$10,$761,$1818,$517,$23,$34,$124,$642,$0,$1126,$-0,$1176,$1818,$24,$22,$1,$23,$35,$3,$30,$-42,$36,$83,$-11,$0,$0,$0,$-2,$-2,$0,$-13,$-1,$0,$-1,$-10,$-10,$0,$-1,$-12,$58,$4,$0
19,2013-12-31,59.91,$41.88,1.43,$128.51,0.47,$12.39,4.84,$4.53,13.23,$0.99B,$0.48B,2.08,$0.02B,$1.16B,0.02,$3.55B,$0.24B,6.71%,$3.55B,$0.17B,4.68%,$3.55B,$0.17B,4.68%,$3.55B,$0.25B,6.96%,$3.55B,$0.17B,4.65%,$3.55B,$0.12B,3.50%,$0.12B,$1.16B,11.38%,$0.12B,$0.60B,20.40%,$0.12B,$1.76B,7.62%,$0.17B,$1.18B,14.89%,$1008,$959,$49,$0,$0,$980,$28,$0,$28,$10,$18,$18,$18,$51,$28,$27,28,$0.68,$0.67,$616,$50,$48,$989,$172,$32,$558,$7,$770,$1759,$476,$24,$32,$126,$603,$0,$1100,$-0,$1156,$1759,$125,$81,$21,$102,$-41,$-4,$4,$-24,$-47,$183,$-65,$0,$-108,$0,$16,$16,$0,$-156,$-3,$0,$-3,$-13,$-13,$0,$3,$-14,$14,$21,$0
20,2013-09-30,59.96,$41.33,1.45,$121.86,0.49,$12.11,4.95,$5.18,11.58,$0.99B,$0.42B,2.36,$0.02B,$1.12B,0.02,$3.37B,$0.26B,7.81%,$3.37B,$0.20B,5.85%,$3.37B,$0.20B,5.85%,$3.37B,$0.27B,8.07%,$3.37B,$0.20B,5.79%,$3.37B,$0.14B,4.24%,$0.14B,$1.12B,13.55%,$0.14B,$0.66B,23.96%,$0.14B,$1.64B,9.14%,$0.20B,$1.14B,18.35%,$874,$819,$55,$0,$0,$837,$37,$-0,$37,$-11,$47,$47,$47,$57,$37,$27,28,$1.75,$1.70,$703,$47,$48,$986,$164,$16,$455,$15,$649,$1635,$417,$24,$33,$99,$516,$0,$1082,$-0,$1119,$1635,$107,$58,$15,$73,$-19,$-2,$7,$-11,$-9,$171,$-42,$0,$0,$0,$-2,$-2,$-8,$-52,$-2,$0,$-2,$-25,$-25,$0,$0,$-27,$92,$15,$0
21,2013-06-30,56.08,$39.24,1.43,$118.80,0.47,$9.54,5.88,$5.84,9.6,$0.89B,$0.37B,2.4,$0.03B,$1.05B,0.02,$3.29B,$0.27B,8.29%,$3.29B,$0.21B,6.38%,$3.29B,$0.21B,6.38%,$3.29B,$0.28B,8.56%,$3.29B,$0.21B,6.32%,$3.29B,$0.16B,4.92%,$0.16B,$1.05B,15.82%,$0.16B,$0.60B,28.77%,$0.16B,$1.55B,10.62%,$0.21B,$1.08B,20.27%,$843,$772,$70,$0,$0,$789,$54,$-0,$53,$22,$31,$31,$31,$73,$54,$27,27,$1.17,$1.15,$597,$50,$47,$891,$164,$26,$457,$15,$663,$1554,$371,$25,$63,$129,$500,$0,$1035,$-0,$1053,$1554,$60,$38,$12,$50,$-27,$-4,$-30,$32,$-23,$87,$-27,$0,$-8,$0,$-26,$-26,$0,$-61,$-2,$0,$-2,$-33,$-33,$0,$-1,$-36,$-10,$10,$0
22,2013-03-31,47.57,$38.08,1.25,$117.03,0.41,$8.72,5.45,$5.66,8.4,$0.90B,$0.40B,2.26,$0.03B,$1.03B,0.02,$3.26B,$0.26B,8.08%,$3.26B,$0.20B,6.18%,$3.26B,$0.20B,6.18%,$3.26B,$0.27B,8.33%,$3.26B,$0.20B,6.18%,$3.26B,$0.16B,4.85%,$0.16B,$1.03B,16.01%,$0.16B,$0.57B,30.18%,$0.16B,$1.56B,10.61%,$0.20B,$1.06B,20.24%,$822,$758,$64,$0,$0,$774,$47,$-0,$47,$19,$28,$28,$28,$66,$47,$27,28,$1.03,$1.01,$635,$48,$40,$901,$163,$25,$460,$9,$657,$1558,$399,$25,$62,$127,$526,$0,$1003,$-0,$1032,$1558,$28,$19,$5,$24,$-8,$-2,$-15,$4,$-6,$46,$-11,$0,$0,$0,$-19,$-19,$0,$-30,$-0,$0,$-0,$-15,$-15,$0,$-1,$-17,$-1,$6,$0
23,2012-12-31,49.0,$37.19,1.32,$115.18,0.43,$8.02,6.11,$5.40,9.07,$0.87B,$0.39B,2.22,$0.00B,$1.02B,0.0,$3.21B,$0.25B,7.77%,$3.21B,$0.19B,5.93%,$3.21B,$0.19B,5.93%,$3.21B,$0.26B,8.02%,$3.21B,$0.19B,5.90%,$3.21B,$0.15B,4.71%,$0.15B,$1.02B,15.95%,$0.15B,$0.56B,31.36%,$0.15B,$1.51B,10.48%,$0.19B,$1.02B,20.06%,$830,$756,$74,$0,$0,$772,$59,$-0,$58,$21,$37,$37,$37,$76,$59,$27,28,$1.35,$1.34,$617,$46,$39,$871,$137,$33,$462,$10,$641,$1512,$393,$0,$61,$102,$495,$0,$975,$-0,$1017,$1512,$151,$68,$36,$103,$-16,$-6,$-8,$-74,$-73,$181,$-70,$0,$0,$0,$-40,$-40,$-1,$-111,$0,$0,$0,$-1,$-1,$0,$0,$-1,$70,$18,$0
24,2012-09-30,51.61,$35.92,1.44,$108.63,0.48,$5.86,8.8,$5.13,10.06,$0.85B,$0.39B,2.19,$0.00B,$0.99B,0.0,$3.10B,$0.23B,7.56%,$3.10B,$0.18B,5.65%,$3.10B,$0.18B,5.65%,$3.10B,$0.24B,7.85%,$3.10B,$0.17B,5.62%,$3.10B,$0.14B,4.65%,$0.14B,$0.99B,15.93%,$0.14B,$0.53B,33.01%,$0.14B,$1.48B,10.30%,$0.18B,$0.99B,19.36%,$798,$733,$65,$0,$0,$749,$50,$-0,$50,$-17,$66,$66,$66,$67,$50,$28,28,$2.41,$2.36,$611,$42,$43,$850,$133,$23,$464,$9,$629,$1479,$389,$0,$61,$97,$486,$0,$938,$0,$993,$1479,$114,$51,$27,$77,$1,$-2,$-18,$-99,$-80,$112,$-53,$0,$0,$0,$18,$18,$0,$-35,$0,$0,$0,$13,$13,$0,$0,$13,$89,$14,$0
25,2012-06-30,45.33,$33.07,1.37,$102.72,0.44,$5.67,8.0,$3.80,11.93,$0.79B,$0.37B,2.15,$0.00B,$0.91B,0.0,$2.99B,$0.22B,7.37%,$2.99B,$0.16B,5.39%,$2.99B,$0.16B,5.39%,$2.99B,$0.23B,7.70%,$2.99B,$0.16B,5.36%,$2.99B,$0.11B,3.65%,$0.11B,$0.91B,12.45%,$0.11B,$0.44B,26.90%,$0.11B,$1.41B,7.95%,$0.16B,$0.91B,18.38%,$805,$745,$60,$0,$0,$760,$45,$0,$46,$19,$27,$27,$27,$62,$45,$27,28,$0.99,$0.97,$557,$38,$43,$794,$130,$9,$467,$10,$615,$1409,$370,$0,$105,$134,$504,$0,$872,$-0,$905,$1409,$48,$34,$17,$50,$1,$1,$-20,$-26,$-23,$75,$-37,$0,$0,$0,$8,$8,$0,$-29,$0,$0,$0,$3,$3,$0,$-1,$2,$48,$9,$0
26,2012-03-31,48.81,$31.95,1.53,$95.55,0.51,$3.40,14.37,$3.90,12.52,$0.76B,$0.36B,2.11,$0.00B,$0.87B,0.0,$2.88B,$0.23B,8.06%,$2.88B,$0.17B,6.01%,$2.88B,$0.17B,6.01%,$2.88B,$0.24B,8.44%,$2.88B,$0.17B,5.97%,$2.88B,$0.12B,4.03%,$0.12B,$0.87B,13.05%,$0.12B,$0.40B,27.90%,$0.12B,$1.36B,8.42%,$0.17B,$0.87B,19.47%,$773,$723,$50,$0,$0,$738,$36,$-0,$35,$15,$21,$21,$21,$52,$36,$27,28,$0.76,$0.75,$518,$43,$32,$762,$120,$2,$469,$10,$602,$1364,$362,$0,$104,$129,$491,$0,$845,$0,$873,$1364,$21,$17,$8,$25,$-12,$-4,$-27,$8,$-16,$30,$-15,$0,$0,$0,$35,$35,$0,$21,$0,$0,$0,$2,$2,$0,$-1,$1,$52,$5,$0
27,2011-12-31,49.47,$31.11,1.59,$88.27,0.56,$3.42,14.45,$4.17,11.86,$0.73B,$0.37B,1.98,$0.00B,$0.85B,0.0,$2.80B,$0.25B,9.04%,$2.80B,$0.19B,6.93%,$2.80B,$0.19B,6.93%,$2.80B,$0.27B,9.47%,$2.80B,$0.19B,6.93%,$2.80B,$0.13B,4.61%,$0.13B,$0.85B,14.08%,$0.13B,$0.37B,29.27%,$0.13B,$1.34B,9.20%,$0.19B,$0.85B,21.17%,$721,$662,$59,$0,$0,$678,$44,$-1,$43,$14,$30,$30,$30,$62,$44,$30,31,$1.07,$1.05,$499,$40,$38,$733,$118,$8,$472,$11,$608,$1341,$370,$0,$103,$126,$496,$0,$824,$-0,$845,$1341,$130,$71,$27,$98,$-16,$-12,$-7,$-73,$-116,$112,$-54,$0,$-0,$0,$71,$71,$0,$16,$19,$0,$19,$-366,$-366,$0,$1,$-346,$-217,$17,$0
28,2011-09-30,48.3,$30.90,1.56,$86.79,0.56,$9.20,5.25,$4.07,11.87,$0.76B,$0.37B,2.08,$0.00B,$0.88B,0.0,$2.83B,$0.25B,8.91%,$2.83B,$0.20B,6.90%,$2.83B,$0.20B,6.90%,$2.83B,$0.26B,9.34%,$2.83B,$0.20B,6.93%,$2.83B,$0.13B,4.67%,$0.13B,$0.88B,13.68%,$0.13B,$0.41B,27.12%,$0.13B,$1.37B,9.08%,$0.20B,$0.88B,20.21%,$687,$636,$51,$0,$0,$651,$36,$0,$36,$5,$31,$31,$31,$54,$36,$30,30,$1.05,$1.03,$539,$0,$72,$759,$115,$13,$474,$10,$613,$1372,$365,$0,$109,$127,$492,$0,$794,$-0,$880,$1372,$100,$53,$21,$74,$-8,$-4,$-10,$-40,$-78,$96,$-38,$0,$-0,$0,$20,$20,$0,$-19,$0,$0,$0,$-273,$-273,$0,$1,$-272,$-195,$13,$0
29,2011-06-30,54.74,$31.05,1.76,$86.18,0.64,$13.80,3.97,$4.35,12.58,$0.81B,$0.35B,2.33,$0.00B,$0.96B,0.0,$2.89B,$0.29B,9.97%,$2.89B,$0.23B,8.03%,$2.89B,$0.23B,8.03%,$2.89B,$0.30B,10.48%,$2.89B,$0.23B,8.06%,$2.89B,$0.15B,5.05%,$0.15B,$0.96B,14.62%,$0.15B,$0.48B,28.16%,$0.15B,$1.43B,9.84%,$0.23B,$0.96B,23.23%,$698,$627,$72,$0,$0,$641,$57,$0,$58,$24,$34,$34,$34,$75,$57,$31,32,$1.09,$1.07,$510,$0,$92,$809,$116,$17,$477,$11,$621,$1431,$347,$0,$121,$127,$474,$0,$763,$0,$957,$1431,$69,$35,$16,$51,$-77,$-17,$-27,$12,$-121,$-2,$-27,$0,$-0,$0,$-65,$-65,$0,$-92,$0,$0,$0,$-163,$-163,$0,$0,$-162,$-256,$9,$0
30,2011-03-31,49.08,$30.75,1.6,$86.24,0.57,$17.79,2.76,$4.33,11.33,$0.82B,$0.35B,2.31,$0.00B,$0.98B,0.0,$2.93B,$0.29B,9.92%,$2.93B,$0.24B,8.04%,$2.93B,$0.24B,8.04%,$2.93B,$0.30B,10.33%,$2.93B,$0.24B,8.04%,$2.93B,$0.15B,5.01%,$0.15B,$0.98B,14.71%,$0.15B,$0.50B,28.42%,$0.15B,$1.46B,9.92%,$0.24B,$0.98B,23.61%,$693,$622,$71,$0,$0,$636,$57,$0,$57,$23,$34,$34,$34,$74,$57,$33,34,$1.04,$1.02,$596,$0,$80,$818,$111,$48,$479,$5,$644,$1462,$354,$0,$119,$125,$479,$0,$729,$0,$983,$1462,$34,$17,$4,$22,$-6,$-18,$-26,$33,$-27,$29,$-10,$0,$-0,$0,$-107,$-107,$0,$-117,$0,$0,$0,$-94,$-94,$0,$-1,$-95,$-182,$5,$0
31,2010-12-31,47.28,$30.76,1.54,$86.41,0.55,$18.65,2.53,$4.04,11.7,$0.86B,$0.39B,2.2,$0.00B,$1.04B,0.0,$2.97B,$0.28B,9.33%,$2.97B,$0.22B,7.48%,$2.97B,$0.22B,7.48%,$2.97B,$0.29B,9.63%,$2.97B,$0.22B,7.51%,$2.97B,$0.14B,4.68%,$0.14B,$1.04B,14.13%,$0.14B,$0.56B,27.83%,$0.14B,$1.55B,9.50%,$0.22B,$1.04B,22.55%,$749,$691,$58,$0,$0,$704,$45,$0,$45,$12,$33,$33,$33,$61,$45,$34,34,$0.96,$0.94,$643,$28,$52,$858,$112,$95,$481,$2,$691,$1549,$390,$0,$118,$120,$510,$0,$695,$0,$1039,$1549,$139,$65,$58,$123,$3,$-2,$14,$29,$48,$309,$-46,$0,$0,$0,$-64,$-64,$0,$-110,$-1,$0,$-1,$-57,$-57,$0,$0,$-58,$141,$15,$0
32,2010-09-30,47.24,$30.26,1.56,$84.96,0.56,$16.26,2.91,$4.34,10.88,$0.81B,$0.35B,2.29,$0.00B,$1.02B,0.0,$2.94B,$0.29B,9.97%,$2.94B,$0.24B,8.06%,$2.94B,$0.24B,8.06%,$2.94B,$0.30B,10.31%,$2.94B,$0.24B,8.13%,$2.94B,$0.15B,5.10%,$0.15B,$1.02B,15.60%,$0.15B,$0.53B,31.60%,$0.15B,$1.49B,10.44%,$0.24B,$1.02B,24.63%,$750,$664,$87,$0,$0,$678,$73,$0,$73,$28,$45,$45,$45,$93,$73,$33,34,$1.34,$1.31,$596,$0,$67,$806,$108,$90,$484,$2,$685,$1491,$353,$1,$120,$123,$476,$0,$662,$0,$1015,$1491,$106,$48,$45,$93,$10,$0,$1,$58,$55,$254,$-32,$0,$0,$0,$-80,$-80,$0,$-113,$-1,$0,$-1,$-51,$-51,$0,$-2,$-54,$88,$12,$0
33,2010-06-30,36.32,$28.78,1.26,$81.89,0.44,$11.88,3.06,$3.91,9.29,$0.78B,$0.34B,2.32,$0.00B,$0.96B,0.0,$2.86B,$0.27B,9.31%,$2.86B,$0.21B,7.42%,$2.86B,$0.21B,7.42%,$2.86B,$0.27B,9.45%,$2.86B,$0.22B,7.53%,$2.86B,$0.14B,4.76%,$0.14B,$0.96B,14.48%,$0.14B,$0.48B,30.31%,$0.14B,$1.42B,9.60%,$0.21B,$0.96B,22.57%,$742,$667,$75,$0,$0,$681,$61,$0,$61,$25,$35,$35,$35,$75,$61,$33,34,$1.06,$1.05,$549,$0,$57,$780,$109,$42,$486,$2,$642,$1423,$337,$1,$122,$125,$462,$0,$617,$-0,$961,$1423,$61,$28,$27,$54,$-2,$0,$-25,$46,$11,$126,$-22,$0,$0,$0,$-12,$-12,$0,$-33,$-1,$0,$-1,$-57,$-57,$0,$-2,$-59,$34,$8,$0
34,2010-03-31,43.48,$27.64,1.57,$78.12,0.56,$9.58,4.54,$3.39,12.83,$0.74B,$0.35B,2.12,$0.00B,$0.92B,0.0,$2.75B,$0.23B,8.43%,$2.75B,$0.18B,6.58%,$2.75B,$0.18B,6.58%,$2.75B,$0.24B,8.58%,$2.75B,$0.19B,6.72%,$2.75B,$0.12B,4.33%,$0.12B,$0.92B,12.91%,$0.12B,$0.43B,26.47%,$0.12B,$1.39B,8.49%,$0.18B,$0.92B,19.63%,$728,$671,$57,$0,$0,$685,$43,$0,$44,$18,$26,$26,$26,$57,$43,$34,35,$0.74,$0.73,$506,$0,$59,$737,$109,$44,$489,$2,$655,$1392,$348,$0,$120,$123,$471,$0,$581,$0,$921,$1392,$26,$13,$13,$26,$-1,$0,$-22,$44,$9,$60,$-10,$0,$0,$0,$6,$6,$0,$-4,$-0,$0,$-0,$-45,$-45,$0,$-1,$-47,$10,$0,$0
35,2009-12-31,40.73,$28.14,1.45,$74.39,0.55,$9.61,4.24,$3.03,13.44,$0.75B,$0.37B,2.04,$0.00B,$0.95B,0.0,$2.64B,$0.21B,7.87%,$2.64B,$0.16B,6.05%,$2.64B,$0.16B,6.05%,$2.64B,$0.21B,8.02%,$2.64B,$0.17B,6.24%,$2.64B,$0.11B,4.05%,$0.11B,$0.95B,11.78%,$0.11B,$0.46B,23.56%,$0.11B,$1.44B,7.72%,$0.16B,$0.95B,17.61%,$719,$645,$74,$0,$0,$659,$60,$0,$61,$17,$44,$44,$44,$78,$60,$35,35,$1.25,$1.23,$519,$0,$63,$754,$108,$68,$491,$3,$687,$1441,$369,$0,$119,$121,$491,$0,$556,$0,$950,$1441,$107,$51,$51,$102,$-3,$-8,$-3,$31,$10,$219,$-33,$0,$-115,$0,$-1,$-1,$0,$-149,$-0,$0,$-0,$-87,$-87,$0,$3,$-84,$-15,$20,$0
36,2009-09-30,31.06,$26.27,1.18,$70.64,0.44,$10.17,3.05,$2.39,13.0,$0.73B,$0.36B,2.03,$0.00B,$0.92B,0.0,$2.59B,$0.18B,7.08%,$2.59B,$0.13B,5.14%,$2.59B,$0.13B,5.14%,$2.59B,$0.18B,7.08%,$2.59B,$0.14B,5.41%,$2.59B,$0.09B,3.36%,$0.09B,$0.92B,9.69%,$0.09B,$0.43B,18.83%,$0.09B,$1.41B,6.30%,$0.13B,$0.92B,14.28%,$668,$607,$60,$0,$0,$619,$48,$1,$49,$18,$31,$31,$31,$60,$48,$35,35,$0.88,$0.88,$477,$0,$73,$726,$110,$44,$495,$6,$685,$1411,$358,$0,$0,$130,$487,$0,$512,$0,$924,$1411,$63,$34,$46,$80,$-7,$0,$-18,$-12,$-45,$101,$-26,$0,$-115,$0,$34,$34,$0,$-107,$-0,$0,$-0,$-66,$-66,$0,$3,$-63,$-70,$17,$0
37,2009-06-30,32.82,$25.29,1.3,$67.86,0.48,$13.28,2.47,$2.09,15.7,$0.76B,$0.34B,2.27,$0.00B,$0.89B,0.0,$2.57B,$0.17B,6.72%,$2.57B,$0.12B,4.62%,$2.57B,$0.12B,4.62%,$2.57B,$0.17B,6.72%,$2.57B,$0.13B,4.97%,$2.57B,$0.08B,3.07%,$0.08B,$0.89B,8.63%,$0.08B,$0.48B,15.86%,$0.08B,$1.36B,5.62%,$0.12B,$0.89B,12.55%,$636,$595,$41,$0,$0,$606,$30,$1,$31,$13,$18,$18,$18,$41,$30,$35,35,$0.53,$0.53,$532,$0,$71,$763,$83,$31,$414,$9,$598,$1361,$335,$0,$0,$133,$469,$0,$481,$-0,$892,$1361,$32,$22,$26,$48,$-20,$0,$-24,$17,$-41,$40,$-12,$0,$0,$0,$17,$17,$0,$5,$-0,$0,$-0,$-64,$-64,$0,$4,$-60,$-16,$13,$0
38,2009-03-31,36.44,$21.18,1.72,$65.99,0.55,$15.18,2.4,$2.10,17.35,$0.74B,$0.33B,2.25,$0.00B,$0.87B,0.0,$2.60B,$0.18B,6.97%,$2.60B,$0.12B,4.74%,$2.60B,$0.12B,4.74%,$2.60B,$0.18B,6.97%,$2.60B,$0.13B,5.16%,$2.60B,$0.08B,3.20%,$0.08B,$0.87B,8.87%,$0.08B,$0.45B,16.09%,$0.08B,$1.33B,5.78%,$0.12B,$0.87B,12.70%,$620,$587,$33,$0,$0,$598,$22,$2,$24,$10,$14,$14,$14,$33,$22,$36,36,$0.37,$0.37,$549,$0,$44,$736,$85,$19,$416,$4,$594,$1330,$328,$0,$0,$135,$463,$0,$463,$-0,$868,$1330,$14,$11,$11,$22,$-2,$0,$-24,$73,$22,$59,$-5,$0,$0,$0,$-29,$-29,$0,$-34,$-0,$0,$-0,$-59,$-59,$0,$1,$-58,$-34,$6,$0
39,2008-12-31,39.16,$24.54,1.6,$65.08,0.6,$13.82,2.83,$2.16,18.13,$0.82B,$0.37B,2.2,$0.13B,$0.91B,0.15,$2.63B,$0.19B,7.16%,$2.63B,$0.13B,4.80%,$2.63B,$0.13B,4.80%,$2.63B,$0.19B,7.16%,$2.63B,$0.14B,5.33%,$2.63B,$0.09B,3.28%,$0.09B,$0.91B,9.02%,$0.09B,$0.49B,16.17%,$0.09B,$1.42B,5.87%,$0.13B,$1.04B,12.77%,$662,$613,$49,$0,$0,$629,$33,$4,$36,$13,$24,$24,$24,$49,$33,$40,40,$0.62,$0.61,$630,$0,$53,$822,$88,$9,$418,$3,$595,$1418,$374,$133,$0,$136,$509,$0,$449,$0,$908,$1418,$86,$61,$76,$137,$-16,$0,$12,$51,$46,$268,$-36,$0,$-25,$0,$-176,$-176,$0,$-238,$-14,$0,$-14,$-123,$-123,$0,$6,$-131,$-101,$33,$0
40,2008-09-30,41.06,$24.55,1.67,$65.05,0.63,$11.71,3.51,$2.33,17.62,$0.93B,$0.39B,2.4,$0.00B,$0.99B,0.0,$2.62B,$0.20B,7.55%,$2.62B,$0.14B,5.19%,$2.62B,$0.14B,5.19%,$2.62B,$0.20B,7.55%,$2.62B,$0.15B,5.80%,$2.62B,$0.09B,3.55%,$0.09B,$0.99B,9.76%,$0.09B,$0.57B,17.56%,$0.09B,$1.51B,6.33%,$0.14B,$0.99B,14.27%,$656,$607,$50,$0,$0,$623,$34,$4,$37,$14,$23,$23,$23,$50,$34,$40,41,$0.58,$0.58,$718,$0,$49,$933,$90,$2,$420,$5,$578,$1512,$389,$0,$0,$129,$519,$0,$426,$-2,$993,$1512,$63,$45,$60,$105,$-25,$0,$4,$98,$69,$237,$-24,$0,$-0,$0,$-253,$-253,$0,$-277,$-13,$0,$-13,$-1,$-1,$0,$4,$-10,$-50,$26,$0
41,2008-06-30,37.03,$23.92,1.55,$62.94,0.59,$9.51,3.89,$2.38,15.56,$0.87B,$0.36B,2.42,$0.00B,$0.97B,0.0,$2.52B,$0.20B,7.81%,$2.52B,$0.14B,5.43%,$2.52B,$0.14B,5.43%,$2.52B,$0.20B,7.81%,$2.52B,$0.16B,6.14%,$2.52B,$0.10B,3.77%,$0.10B,$0.97B,10.32%,$0.10B,$0.55B,19.24%,$0.10B,$1.49B,6.65%,$0.14B,$0.97B,14.87%,$657,$608,$49,$0,$0,$623,$34,$3,$37,$15,$22,$22,$22,$49,$34,$40,40,$0.55,$0.54,$666,$0,$42,$866,$98,$21,$423,$5,$622,$1488,$359,$0,$0,$158,$516,$0,$402,$-0,$972,$1488,$39,$29,$39,$68,$-16,$0,$0,$38,$18,$125,$-17,$0,$-0,$0,$-150,$-150,$0,$-167,$-13,$0,$-13,$6,$6,$0,$3,$-4,$-46,$19,$0
42,2008-03-31,39.69,$23.22,1.71,$58.01,0.68,$8.78,4.52,$2.26,17.56,$0.83B,$0.35B,2.36,$0.00B,$0.94B,0.0,$2.32B,$0.19B,8.06%,$2.32B,$0.13B,5.52%,$2.32B,$0.13B,5.52%,$2.32B,$0.19B,8.06%,$2.32B,$0.15B,6.34%,$2.32B,$0.09B,3.88%,$0.09B,$0.94B,10.18%,$0.09B,$0.52B,19.86%,$0.09B,$1.44B,6.55%,$0.13B,$0.94B,14.44%,$650,$611,$40,$0,$0,$625,$25,$4,$30,$12,$17,$17,$17,$40,$25,$40,40,$0.43,$0.43,$633,$0,$37,$827,$101,$2,$425,$6,$616,$1443,$350,$0,$0,$153,$503,$0,$380,$0,$940,$1443,$17,$14,$23,$38,$-15,$0,$-16,$-5,$-42,$12,$-8,$0,$-0,$0,$18,$18,$0,$10,$-4,$0,$-4,$4,$4,$0,$-1,$-2,$20,$12,$0
43,2007-12-31,46.63,$22.62,2.06,$54.29,0.86,$9.70,4.81,$2.36,19.76,$0.80B,$0.38B,2.14,$0.00B,$0.91B,0.0,$2.16B,$0.19B,8.95%,$2.16B,$0.14B,6.31%,$2.16B,$0.14B,6.31%,$2.16B,$0.19B,8.95%,$2.16B,$0.15B,7.10%,$2.16B,$0.09B,4.36%,$0.09B,$0.91B,11.08%,$0.09B,$0.48B,22.83%,$0.09B,$1.44B,7.10%,$0.14B,$0.91B,15.97%,$658,$599,$59,$0,$0,$615,$43,$5,$48,$17,$31,$31,$31,$59,$43,$39,40,$0.80,$0.78,$619,$0,$42,$803,$106,$2,$427,$6,$632,$1435,$376,$0,$0,$151,$527,$0,$363,$0,$908,$1435,$94,$58,$71,$129,$3,$0,$15,$-116,$-28,$195,$-48,$0,$-18,$0,$1,$1,$0,$-65,$-28,$0,$-28,$32,$32,$0,$14,$19,$149,$30,$0
44,2007-09-30,40.58,$21.69,1.87,$49.72,0.82,$11.03,3.68,$2.16,18.79,$0.72B,$0.35B,2.04,$0.00B,$0.86B,0.0,$1.96B,$0.18B,9.34%,$1.96B,$0.13B,6.58%,$1.96B,$0.13B,6.58%,$1.96B,$0.18B,9.34%,$1.96B,$0.14B,7.30%,$1.96B,$0.09B,4.34%,$0.09B,$0.86B,10.47%,$0.09B,$0.43B,22.97%,$0.09B,$1.35B,6.71%,$0.13B,$0.87B,15.75%,$558,$509,$49,$0,$0,$523,$35,$5,$40,$15,$25,$25,$25,$49,$35,$39,40,$0.64,$0.63,$531,$0,$47,$720,$102,$2,$434,$7,$628,$1348,$353,$1,$0,$131,$485,$0,$332,$0,$863,$1348,$63,$42,$63,$104,$-4,$0,$-5,$-58,$-15,$153,$-32,$0,$-5,$0,$-7,$-7,$0,$-44,$-20,$0,$-20,$27,$27,$0,$-0,$6,$115,$23,$0
45,2007-06-30,46.47,$20.90,2.22,$46.72,0.99,$11.56,4.02,$2.07,22.45,$0.64B,$0.32B,2.02,$0.01B,$0.83B,0.01,$1.83B,$0.18B,9.84%,$1.83B,$0.13B,6.94%,$1.83B,$0.13B,6.94%,$1.83B,$0.18B,9.84%,$1.83B,$0.14B,7.54%,$1.83B,$0.08B,4.43%,$0.08B,$0.83B,10.41%,$0.08B,$0.39B,27.09%,$0.08B,$1.27B,6.64%,$0.13B,$0.83B,16.09%,$453,$414,$39,$0,$0,$427,$25,$4,$29,$12,$17,$17,$17,$39,$25,$39,40,$0.43,$0.42,$462,$0,$40,$638,$94,$2,$440,$7,$630,$1269,$315,$5,$0,$126,$442,$0,$307,$-0,$827,$1269,$38,$27,$41,$68,$3,$0,$-11,$-25,$-16,$90,$-13,$0,$-5,$0,$5,$5,$0,$-13,$-14,$0,$-14,$24,$24,$0,$-0,$9,$86,$14,$0
46,2007-03-31,42.0,$20.31,2.07,$45.69,0.92,$11.77,3.57,$2.17,19.35,$0.60B,$0.33B,1.85,$0.01B,$0.79B,0.01,$1.78B,$0.19B,10.42%,$1.78B,$0.13B,7.55%,$1.78B,$0.13B,7.55%,$1.78B,$0.19B,10.42%,$1.78B,$0.15B,8.16%,$1.78B,$0.08B,4.73%,$0.08B,$0.79B,11.27%,$0.08B,$0.35B,30.57%,$0.08B,$1.25B,7.13%,$0.13B,$0.80B,17.59%,$487,$441,$46,$0,$0,$454,$33,$3,$36,$15,$21,$21,$21,$46,$33,$38,39,$0.55,$0.53,$416,$0,$39,$599,$96,$3,$445,$6,$646,$1245,$325,$8,$0,$126,$450,$0,$290,$-0,$794,$1245,$21,$14,$21,$35,$-5,$0,$-11,$-16,$-10,$46,$-5,$0,$-5,$0,$2,$2,$0,$-8,$-8,$0,$-8,$16,$16,$0,$-0,$7,$45,$7,$0
47,2006-12-31,43.22,$20.20,2.14,$43.80,0.99,$11.68,3.7,$2.23,19.38,$0.54B,$0.32B,1.67,$0.01B,$0.76B,0.02,$1.69B,$0.18B,10.77%,$1.69B,$0.13B,7.93%,$1.69B,$0.13B,7.93%,$1.69B,$0.18B,10.77%,$1.69B,$0.15B,8.82%,$1.69B,$0.09B,5.03%,$0.09B,$0.76B,11.92%,$0.09B,$0.31B,34.17%,$0.09B,$1.21B,7.46%,$0.13B,$0.78B,18.21%,$461,$412,$49,$0,$0,$426,$36,$2,$38,$16,$22,$22,$22,$49,$36,$37,39,$0.60,$0.58,$357,$0,$39,$536,$100,$3,$450,$6,$672,$1208,$321,$14,$0,$123,$444,$0,$281,$-0,$764,$1208,$86,$49,$87,$136,$0,$0,$-8,$5,$-27,$197,$-3,$0,$-283,$0,$185,$185,$3,$-99,$-25,$0,$-25,$10,$10,$0,$0,$-16,$83,$34,$0
