,Date,Stock Price,Book Value per Share,Price to Book Ratio,TTM Sales per Share,Price to Sales Ratio,TTM FCF per Share,Price to FCF Ratio,TTM Net EPS,PE Ratio,Current Assets,Current Liabilities,Current Ratio,Long Term Debt,Shareholder's Equity_x,Debt to Equity Ratio,TTM Revenue_x,TTM Gross Profit,Gross Margin,TTM Revenue_y,TTM Operating Income,Operating Margin,TTM Revenue_x,TTM EBIT,EBIT Margin,TTM Revenue_y,TTM EBITDA,EBITDA Margin,TTM Revenue_x,TTM Pre-Tax Income,Pre-Tax Margin,TTM Revenue_y,TTM Net Income_x,Net Margin,TTM Net Income_y,Shareholder's Equity_y,Return on Equity,TTM Net Income_x,Tangible Equity,Return on Tangible Equity,TTM Net Income_y,Total Assets,Return on Assets,TTM Net Income,LT Investments & Debt,Return on Investment,revenue,cost-goods-sold,gross-profit,research-development-expenses,selling-general-administrative-expenses,operating-expenses,operating-income,total-non-operating-income-expense,pre-tax-income,total-provision-income-taxes,income-after-taxes,income-from-continuous-operations,net-income,ebitda,ebit,basic-shares-outstanding,shares-outstanding,eps-basic-net-earnings-per-share,eps-earnings-per-share-diluted,cash-on-hand,inventory,other-current-assets,total-current-assets,net-property-plant-equipment,long-term-investments,goodwill-intangible-assets-total,other-long-term-assets,total-long-term-assets,total-assets,total-current-liabilities,long-term-debt,other-non-current-liabilities,total-long-term-liabilities,total-liabilities,common-stock-net,retained-earnings-accumulated-deficit,comprehensive-income,total-share-holder-equity,total-liabilities-share-holders-equity,net-income-loss,total-depreciation-amortization-cash-flow,other-non-cash-items,total-non-cash-items,change-in-accounts-receivable,change-in-inventories,change-in-accounts-payable,change-in-assets-liabilities,total-change-in-assets-liabilities,cash-flow-from-operating-activities,net-change-in-property-plant-equipment,net-change-in-intangible-assets,net-acquisitions-divestitures,net-change-in-short-term-investments,net-change-in-long-term-investments,net-change-in-investments-total,investing-activities-other,cash-flow-from-investing-activities,net-long-term-debt,net-current-debt,debt-issuance-retirement-net-total,net-common-equity-issued-repurchased,net-total-equity-issued-repurchased,total-common-preferred-stock-dividends-paid,financial-activities-other,cash-flow-from-financial-activities,net-cash-flow,stock-based-compensation,common-stock-dividends-paid
0,2018-09-30,78.98,$11.30,6.99,$21.35,3.7,$-1.34,0.0,$2.22,35.58,$0.16B,$0.03B,5.07,$0.05B,$0.19B,0.24,$0.36B,$0.08B,21.73%,$0.36B,$0.04B,12.26%,$0.36B,$0.04B,12.26%,$0.36B,$0.06B,15.32%,$0.36B,$0.04B,11.98%,$0.36B,$0.04B,10.31%,$0.04B,$0.19B,20.67%,$0.04B,$0.19B,20.67%,$0.04B,$0.27B,14.52%,$0.04B,$0.24B,20.54%,$95,$75,$20,$0,$8,$83,$12,$-0,$12,$3,$9,$9,$9,$15,$12,$17,17,$0.52,$0.52,$0,$107,$0,$161,$110,$0,$0,$2,$112,$274,$32,$45,$1,$51,$83,$7,$188,$-0,$190,$274,$25,$9,$3,$12,$-16,$-14,$-3,$-0,$-36,$2,$-19,$0,$0,$0,$0,$0,$0,$-19,$-0,$21,$20,$-2,$-2,$-4,$0,$14,$-3,$2,$-4
1,2018-06-30,88.72,$10.82,8.2,$20.87,4.25,$-0.15,0.0,$2.52,35.2,$0.15B,$0.03B,4.7,$0.04B,$0.18B,0.22,$0.35B,$0.08B,22.00%,$0.35B,$0.04B,12.00%,$0.35B,$0.04B,12.00%,$0.35B,$0.05B,15.14%,$0.35B,$0.05B,15.14%,$0.35B,$0.04B,12.00%,$0.04B,$0.18B,24.53%,$0.04B,$0.18B,24.53%,$0.04B,$0.26B,17.16%,$0.04B,$0.22B,20.61%,$88,$69,$19,$0,$8,$77,$11,$-0,$11,$3,$8,$8,$7,$14,$11,$17,17,$0.44,$0.44,$2,$106,$0,$149,$109,$0,$0,$2,$111,$260,$32,$40,$1,$46,$78,$7,$181,$-0,$182,$260,$16,$6,$3,$9,$-1,$-13,$-5,$-1,$-24,$1,$-13,$0,$0,$0,$0,$0,$0,$-13,$-0,$16,$16,$-2,$-2,$-3,$0,$11,$-1,$2,$-3
2,2018-03-31,89.41,$10.41,8.59,$20.76,4.31,$0.60,148.57,$2.45,36.49,$0.14B,$0.03B,4.31,$0.03B,$0.18B,0.18,$0.35B,$0.08B,22.13%,$0.35B,$0.04B,12.07%,$0.35B,$0.04B,12.07%,$0.35B,$0.05B,14.94%,$0.35B,$0.05B,14.66%,$0.35B,$0.04B,11.78%,$0.04B,$0.18B,24.74%,$0.04B,$0.18B,24.74%,$0.04B,$0.25B,17.07%,$0.04B,$0.21B,21.19%,$88,$69,$19,$0,$9,$78,$10,$-0,$10,$1,$9,$9,$9,$13,$10,$17,17,$0.52,$0.52,$1,$99,$0,$139,$104,$0,$0,$3,$107,$245,$32,$32,$1,$38,$70,$7,$175,$-0,$175,$245,$9,$3,$1,$4,$-0,$-6,$-2,$-1,$-12,$1,$-7,$0,$0,$0,$0,$0,$-0,$-7,$-0,$8,$8,$-2,$-2,$-1,$0,$4,$-2,$1,$-1
3,2017-12-31,76.65,$10.05,7.63,$20.76,3.69,$0.52,147.01,$2.43,31.54,$0.14B,$0.04B,3.24,$0.02B,$0.17B,0.14,$0.35B,$0.08B,22.19%,$0.35B,$0.04B,12.39%,$0.35B,$0.04B,12.39%,$0.35B,$0.05B,15.27%,$0.35B,$0.05B,15.27%,$0.35B,$0.04B,11.53%,$0.04B,$0.17B,24.92%,$0.04B,$0.17B,24.92%,$0.04B,$0.24B,16.82%,$0.04B,$0.19B,22.08%,$88,$69,$20,$0,$9,$78,$11,$-0,$10,$-2,$13,$13,$12,$13,$11,$17,17,$0.75,$0.75,$3,$93,$0,$135,$103,$0,$0,$3,$106,$240,$42,$24,$1,$30,$72,$7,$167,$-0,$169,$240,$42,$11,$-5,$7,$-8,$-14,$6,$-1,$-15,$33,$-21,$0,$23,$0,$0,$0,$0,$2,$20,$-31,$-11,$-5,$-5,$-17,$-0,$-34,$2,$3,$-17
4,2017-09-30,60.42,$9.53,6.34,$20.37,2.97,$-0.04,0.0,$2.17,27.84,$0.14B,$0.03B,4.45,$0.03B,$0.16B,0.21,$0.34B,$0.08B,22.06%,$0.34B,$0.04B,12.65%,$0.34B,$0.04B,12.65%,$0.34B,$0.05B,15.59%,$0.34B,$0.06B,16.18%,$0.34B,$0.04B,10.59%,$0.04B,$0.16B,23.26%,$0.04B,$0.16B,23.26%,$0.04B,$0.23B,15.38%,$0.04B,$0.19B,22.51%,$86,$68,$19,$0,$8,$76,$10,$11,$22,$7,$14,$14,$14,$13,$10,$17,17,$0.82,$0.82,$7,$90,$0,$137,$94,$0,$0,$3,$97,$234,$31,$34,$0,$44,$75,$7,$155,$-0,$159,$234,$29,$8,$-1,$7,$-11,$-11,$1,$-1,$-20,$16,$-14,$0,$0,$0,$0,$0,$23,$9,$20,$-21,$-2,$-1,$-1,$-17,$-0,$-20,$6,$2,$-17
5,2017-06-30,50.25,$9.60,5.23,$20.01,2.51,$-0.78,0.0,$1.90,26.45,$0.13B,$0.03B,4.24,$0.04B,$0.16B,0.25,$0.33B,$0.07B,21.26%,$0.33B,$0.05B,13.47%,$0.33B,$0.05B,13.47%,$0.33B,$0.05B,16.17%,$0.33B,$0.05B,13.47%,$0.33B,$0.03B,9.28%,$0.03B,$0.16B,20.74%,$0.03B,$0.16B,20.74%,$0.03B,$0.24B,13.45%,$0.05B,$0.20B,24.00%,$86,$67,$19,$0,$8,$75,$11,$-1,$9,$3,$6,$6,$6,$13,$11,$17,17,$0.37,$0.37,$8,$86,$0,$134,$94,$11,$0,$3,$108,$242,$32,$39,$0,$50,$81,$7,$156,$-0,$160,$242,$15,$6,$10,$15,$-9,$-7,$-1,$-2,$-20,$11,$-10,$0,$0,$0,$0,$0,$0,$-10,$-0,$8,$8,$-1,$-1,$-1,$0,$5,$6,$2,$-1
6,2017-03-31,53.22,$9.22,5.77,$19.73,2.7,$-1.19,0.0,$1.90,28.01,$0.12B,$0.03B,3.77,$0.04B,$0.15B,0.26,$0.33B,$0.07B,20.73%,$0.33B,$0.04B,13.11%,$0.33B,$0.04B,13.11%,$0.33B,$0.05B,16.16%,$0.33B,$0.05B,14.02%,$0.33B,$0.03B,9.45%,$0.03B,$0.15B,21.83%,$0.03B,$0.15B,21.83%,$0.03B,$0.24B,13.90%,$0.04B,$0.19B,23.99%,$87,$68,$19,$0,$8,$76,$11,$0,$12,$3,$9,$9,$8,$14,$11,$17,17,$0.50,$0.50,$0,$80,$0,$119,$94,$19,$0,$3,$116,$235,$32,$39,$0,$49,$80,$7,$151,$-0,$154,$235,$9,$3,$0,$3,$-10,$-1,$-1,$-1,$-12,$-1,$-6,$0,$0,$0,$0,$0,$0,$-6,$-0,$8,$8,$-1,$-1,$-1,$0,$6,$-2,$1,$-1
7,2016-12-31,49.0,$8.78,5.58,$19.14,2.56,$-1.03,0.0,$1.81,27.07,$0.11B,$0.04B,3.0,$0.03B,$0.15B,0.22,$0.32B,$0.07B,20.75%,$0.32B,$0.04B,13.52%,$0.32B,$0.04B,13.52%,$0.32B,$0.05B,16.67%,$0.32B,$0.05B,14.15%,$0.32B,$0.03B,9.43%,$0.03B,$0.15B,22.35%,$0.03B,$0.15B,22.35%,$0.03B,$0.23B,13.99%,$0.04B,$0.18B,25.37%,$81,$64,$18,$0,$7,$71,$11,$1,$12,$4,$8,$8,$8,$13,$11,$17,17,$0.49,$0.49,$2,$79,$0,$111,$93,$19,$0,$3,$114,$225,$37,$32,$0,$42,$79,$7,$143,$-0,$146,$225,$31,$11,$1,$12,$5,$-20,$-2,$-1,$-24,$20,$-17,$0,$-1,$0,$0,$0,$0,$-18,$-2,$5,$2,$-2,$-2,$-2,$-0,$-1,$1,$2,$-2
8,2016-09-30,39.71,$8.27,4.8,$19.02,2.09,$-1.91,0.0,$1.71,23.22,$0.11B,$0.03B,3.48,$0.04B,$0.14B,0.3,$0.32B,$0.06B,20.06%,$0.32B,$0.04B,13.17%,$0.32B,$0.04B,13.17%,$0.32B,$0.05B,16.61%,$0.32B,$0.04B,13.48%,$0.32B,$0.03B,8.78%,$0.03B,$0.14B,22.09%,$0.03B,$0.14B,22.09%,$0.03B,$0.22B,13.54%,$0.04B,$0.18B,26.01%,$80,$65,$15,$0,$7,$68,$12,$0,$12,$2,$10,$10,$9,$14,$12,$17,17,$0.55,$0.55,$0,$76,$0,$114,$88,$18,$0,$1,$106,$220,$33,$41,$-0,$50,$82,$7,$136,$-1,$138,$220,$23,$9,$0,$9,$-7,$-17,$-3,$0,$-30,$2,$-11,$0,$0,$0,$0,$0,$0,$-11,$-2,$14,$12,$-2,$-2,$-2,$-0,$9,$-1,$2,$-2
9,2016-06-30,37.44,$7.78,4.82,$18.91,1.98,$-1.75,0.0,$1.54,24.31,$0.11B,$0.04B,3.03,$0.04B,$0.13B,0.29,$0.32B,$0.06B,19.12%,$0.32B,$0.04B,11.29%,$0.32B,$0.04B,11.29%,$0.32B,$0.05B,15.05%,$0.32B,$0.04B,12.23%,$0.32B,$0.03B,8.15%,$0.03B,$0.13B,21.76%,$0.03B,$0.13B,21.76%,$0.03B,$0.21B,13.07%,$0.04B,$0.17B,23.88%,$80,$65,$16,$0,$6,$71,$9,$1,$10,$4,$6,$6,$6,$12,$9,$17,17,$0.37,$0.37,$2,$72,$0,$108,$86,$17,$0,$1,$104,$212,$36,$37,$0,$46,$82,$7,$127,$-1,$130,$212,$13,$6,$2,$8,$-3,$-13,$-2,$-0,$-21,$0,$-6,$0,$0,$0,$0,$0,$0,$-6,$-2,$10,$8,$0,$0,$-1,$-0,$6,$1,$1,$-1
10,2016-03-31,23.74,$7.37,3.22,$18.97,1.25,$-1.34,0.0,$1.61,14.75,$0.10B,$0.04B,2.72,$0.03B,$0.12B,0.26,$0.32B,$0.06B,19.44%,$0.32B,$0.04B,11.42%,$0.32B,$0.04B,11.42%,$0.32B,$0.05B,15.12%,$0.32B,$0.04B,12.65%,$0.32B,$0.03B,8.64%,$0.03B,$0.12B,24.09%,$0.03B,$0.12B,24.09%,$0.03B,$0.20B,14.68%,$0.04B,$0.15B,26.43%,$77,$60,$17,$0,$6,$66,$11,$0,$11,$4,$7,$7,$7,$14,$11,$17,17,$0.41,$0.41,$0,$68,$0,$101,$83,$16,$0,$1,$100,$201,$37,$31,$0,$41,$78,$7,$120,$-1,$123,$201,$7,$3,$3,$6,$-1,$-10,$-4,$-0,$-15,$-2,$-3,$0,$0,$0,$0,$0,$0,$-3,$-0,$4,$4,$0,$0,$0,$-0,$4,$-1,$1,$0
11,2015-12-31,25.33,$6.96,3.64,$18.97,1.34,$-0.99,0.0,$1.48,17.12,$0.09B,$0.04B,2.42,$0.03B,$0.12B,0.26,$0.33B,$0.06B,18.04%,$0.33B,$0.03B,10.09%,$0.33B,$0.03B,10.09%,$0.33B,$0.05B,13.76%,$0.33B,$0.04B,11.62%,$0.33B,$0.03B,7.95%,$0.03B,$0.12B,23.11%,$0.03B,$0.12B,23.11%,$0.03B,$0.19B,14.27%,$0.03B,$0.15B,25.29%,$82,$66,$16,$0,$6,$71,$10,$-0,$10,$4,$6,$6,$6,$13,$10,$17,17,$0.38,$0.38,$1,$59,$0,$91,$84,$19,$0,$1,$103,$194,$38,$30,$0,$40,$78,$7,$114,$-1,$116,$194,$26,$12,$-3,$9,$2,$-24,$3,$-0,$-17,$19,$-31,$0,$0,$0,$0,$0,$0,$-31,$1,$23,$24,$-15,$-15,$-1,$-0,$7,$-5,$1,$-1
12,2015-09-30,15.63,$6.55,2.38,$18.62,0.84,$0.21,73.93,$1.53,10.21,$0.09B,$0.04B,2.46,$0.03B,$0.11B,0.24,$0.32B,$0.05B,15.26%,$0.32B,$0.03B,9.66%,$0.32B,$0.03B,9.66%,$0.32B,$0.04B,13.40%,$0.32B,$0.04B,12.15%,$0.32B,$0.03B,8.41%,$0.03B,$0.11B,24.66%,$0.03B,$0.11B,24.66%,$0.03B,$0.19B,15.54%,$0.03B,$0.14B,25.41%,$80,$68,$12,$0,$5,$74,$6,$1,$8,$1,$7,$7,$7,$9,$6,$17,17,$0.38,$0.38,$0,$52,$0,$92,$77,$18,$0,$2,$97,$189,$38,$26,$0,$43,$80,$7,$108,$-0,$109,$189,$20,$9,$-3,$6,$1,$-18,$4,$-1,$-13,$13,$-20,$0,$0,$0,$0,$0,$0,$-20,$-1,$20,$19,$-15,$-15,$-1,$-0,$2,$-6,$1,$-1
13,2015-06-30,16.42,$6.62,2.48,$18.41,0.89,$0.86,19.2,$1.49,11.02,$0.09B,$0.04B,2.59,$0.01B,$0.12B,0.06,$0.32B,$0.04B,13.79%,$0.32B,$0.03B,9.09%,$0.32B,$0.03B,9.09%,$0.32B,$0.04B,12.85%,$0.32B,$0.04B,11.29%,$0.32B,$0.03B,8.15%,$0.03B,$0.12B,24.41%,$0.03B,$0.12B,24.41%,$0.03B,$0.18B,15.88%,$0.03B,$0.12B,25.05%,$85,$68,$18,$0,$8,$76,$10,$3,$12,$5,$8,$8,$8,$13,$10,$17,17,$0.44,$0.44,$4,$45,$0,$94,$66,$17,$0,$2,$85,$179,$36,$7,$0,$26,$62,$7,$101,$-0,$117,$179,$13,$6,$-1,$5,$-4,$-11,$4,$-1,$-9,$9,$-8,$0,$0,$0,$0,$0,$0,$-8,$-1,$0,$-1,$-0,$-0,$-1,$-0,$-2,$-1,$1,$-1
14,2015-03-31,13.14,$6.14,2.14,$18.17,0.72,$0.75,17.41,$1.33,9.88,$0.09B,$0.03B,2.64,$0.01B,$0.11B,0.07,$0.32B,$0.03B,10.79%,$0.32B,$0.02B,6.98%,$0.32B,$0.02B,6.98%,$0.32B,$0.03B,10.79%,$0.32B,$0.03B,9.21%,$0.32B,$0.02B,7.30%,$0.02B,$0.11B,23.00%,$0.02B,$0.11B,23.00%,$0.02B,$0.17B,14.58%,$0.02B,$0.12B,19.51%,$80,$67,$13,$0,$6,$74,$7,$1,$8,$3,$5,$5,$5,$10,$7,$17,17,$0.28,$0.28,$6,$38,$0,$85,$66,$14,$0,$2,$81,$167,$32,$8,$0,$26,$58,$7,$93,$-1,$108,$167,$5,$3,$1,$4,$-0,$-3,$2,$-1,$-3,$6,$-5,$0,$0,$0,$0,$0,$0,$-5,$-0,$0,$-0,$0,$0,$0,$-0,$-0,$1,$0,$0
15,2014-12-31,15.42,$5.90,2.61,$18.13,0.85,$0.53,29.18,$1.31,11.77,$0.08B,$0.03B,2.68,$0.01B,$0.10B,0.07,$0.31B,$0.03B,8.92%,$0.31B,$0.02B,5.41%,$0.31B,$0.02B,5.41%,$0.31B,$0.03B,9.24%,$0.31B,$0.03B,8.28%,$0.31B,$0.02B,7.32%,$0.02B,$0.10B,24.40%,$0.02B,$0.10B,24.40%,$0.02B,$0.16B,14.98%,$0.02B,$0.11B,15.38%,$76,$70,$6,$0,$5,$68,$8,$3,$11,$3,$8,$8,$7,$11,$8,$17,17,$0.44,$0.44,$6,$34,$0,$82,$64,$12,$0,$2,$78,$160,$31,$7,$0,$25,$56,$7,$89,$-1,$104,$160,$24,$12,$-11,$2,$-5,$0,$-4,$-0,$-10,$16,$-7,$0,$0,$0,$0,$0,$8,$2,$-2,$-11,$-13,$-1,$-1,$-1,$-0,$-15,$3,$1,$-1
16,2014-09-30,12.71,$5.50,2.31,$18.24,0.7,$0.67,19.08,$0.86,14.78,$0.07B,$0.03B,2.39,$0.01B,$0.10B,0.15,$0.32B,$0.03B,9.52%,$0.32B,$0.01B,2.54%,$0.32B,$0.01B,2.54%,$0.32B,$0.02B,6.35%,$0.32B,$0.01B,4.44%,$0.32B,$0.02B,5.08%,$0.02B,$0.10B,18.03%,$0.02B,$0.10B,18.03%,$0.02B,$0.15B,10.58%,$0.01B,$0.11B,7.39%,$78,$70,$7,$0,$5,$74,$4,$1,$5,$-1,$6,$6,$6,$7,$4,$17,17,$0.34,$0.34,$0,$31,$0,$67,$65,$14,$0,$2,$82,$149,$28,$14,$1,$24,$52,$7,$82,$0,$97,$149,$16,$9,$-9,$0,$-4,$3,$-6,$-1,$-7,$9,$-5,$0,$0,$0,$0,$0,$1,$-4,$-1,$-5,$-7,$-1,$-1,$-1,$-0,$-8,$-3,$1,$-1
17,2014-06-30,7.74,$5.14,1.51,$18.45,0.42,$0.47,16.47,$0.15,51.6,$0.07B,$0.03B,2.4,$0.02B,$0.09B,0.24,$0.32B,$0.02B,7.57%,$0.32B,$-0.00B,-0.63%,$0.32B,$-0.00B,-0.63%,$0.32B,$0.01B,3.15%,$0.32B,$0.00B,0.95%,$0.32B,$0.00B,1.26%,$0.00B,$0.09B,4.72%,$0.00B,$0.09B,4.72%,$0.00B,$0.16B,2.62%,$-0.00B,$0.11B,-1.85%,$81,$72,$8,$0,$5,$77,$3,$2,$5,$0,$5,$5,$5,$6,$3,$17,17,$0.28,$0.28,$1,$32,$0,$73,$66,$13,$0,$2,$82,$155,$31,$22,$1,$34,$64,$7,$76,$0,$91,$155,$10,$6,$-5,$1,$-7,$3,$-1,$-1,$-8,$3,$-4,$0,$0,$0,$0,$0,$0,$-4,$-1,$1,$0,$-1,$-1,$-1,$-0,$-1,$-2,$0,$-1
18,2014-03-31,6.56,$4.82,1.36,$18.46,0.36,$0.52,12.54,$-0.11,0.0,$0.07B,$0.03B,2.31,$0.02B,$0.09B,0.25,$0.32B,$0.02B,6.67%,$0.32B,$-0.00B,-1.27%,$0.32B,$-0.00B,-1.27%,$0.32B,$0.01B,2.22%,$0.32B,$-0.00B,-0.63%,$0.32B,$-0.00B,-0.32%,$-0.00B,$0.09B,-1.19%,$-0.00B,$0.09B,-1.19%,$-0.00B,$0.15B,-0.65%,$-0.00B,$0.11B,-3.66%,$79,$72,$7,$0,$5,$77,$2,$3,$5,$0,$5,$5,$5,$5,$2,$17,17,$0.26,$0.26,$0,$31,$0,$69,$68,$10,$0,$2,$81,$150,$30,$22,$1,$35,$65,$7,$71,$-0,$85,$150,$5,$3,$-3,$-0,$-4,$4,$1,$-1,$-5,$-1,$-2,$0,$0,$0,$0,$0,$0,$-2,$-0,$0,$0,$-0,$-0,$0,$0,$-0,$-3,$0,$0
19,2013-12-31,5.0,$4.60,1.09,$18.96,0.26,$0.79,6.33,$-0.28,0.0,$0.07B,$0.03B,2.11,$0.02B,$0.08B,0.27,$0.32B,$0.02B,6.52%,$0.32B,$-0.01B,-1.55%,$0.32B,$-0.01B,-1.55%,$0.32B,$0.01B,1.86%,$0.32B,$-0.01B,-2.17%,$0.32B,$-0.01B,-1.55%,$-0.01B,$0.08B,-5.90%,$-0.01B,$0.08B,-5.90%,$-0.01B,$0.15B,-3.19%,$-0.01B,$0.10B,-4.50%,$77,$69,$8,$0,$9,$78,$-1,$0,$-1,$-1,$0,$0,$-0,$2,$-1,$17,17,$-0.02,$-0.02,$3,$35,$0,$72,$70,$7,$0,$2,$79,$151,$34,$22,$1,$36,$70,$7,$67,$-0,$82,$151,$-5,$12,$-0,$12,$8,$2,$-0,$-0,$11,$17,$-6,$0,$3,$0,$0,$0,$0,$-3,$-2,$-8,$-10,$-1,$-1,$-1,$0,$-11,$3,$1,$-1
20,2013-09-30,5.05,$4.57,1.11,$19.53,0.26,$-0.51,0.0,$-0.25,0.0,$0.08B,$0.03B,2.64,$0.03B,$0.08B,0.35,$0.33B,$0.02B,6.04%,$0.33B,$-0.00B,-0.91%,$0.33B,$-0.00B,-0.91%,$0.33B,$0.01B,2.42%,$0.33B,$-0.01B,-1.81%,$0.33B,$-0.01B,-1.51%,$-0.01B,$0.08B,-5.81%,$-0.01B,$0.08B,-5.81%,$-0.01B,$0.16B,-3.13%,$-0.00B,$0.11B,-2.61%,$80,$79,$1,$0,$7,$86,$-6,$-0,$-6,$0,$-6,$-6,$-6,$-3,$-6,$17,17,$-0.37,$-0.37,$0,$37,$0,$76,$70,$6,$0,$2,$79,$155,$29,$29,$1,$45,$74,$7,$67,$-1,$81,$155,$-5,$9,$0,$9,$4,$-0,$-3,$-1,$-1,$4,$-4,$0,$3,$0,$0,$0,$0,$-1,$-1,$-1,$-2,$0,$0,$-1,$0,$-3,$0,$1,$-1
21,2013-06-30,5.75,$4.91,1.17,$19.33,0.3,$-1.24,0.0,$0.14,41.05,$0.08B,$0.03B,2.94,$0.03B,$0.09B,0.33,$0.33B,$0.03B,7.65%,$0.33B,$0.00B,1.22%,$0.33B,$0.00B,1.22%,$0.33B,$0.02B,4.59%,$0.33B,$0.00B,0.31%,$0.33B,$0.00B,0.31%,$0.00B,$0.09B,1.14%,$0.00B,$0.09B,1.14%,$0.00B,$0.16B,0.62%,$0.00B,$0.12B,3.63%,$79,$74,$5,$0,$5,$79,$1,$-0,$0,$0,$0,$0,$0,$3,$1,$17,17,$0.02,$0.02,$0,$41,$0,$79,$71,$6,$0,$2,$79,$159,$27,$29,$1,$44,$71,$7,$73,$-1,$88,$159,$2,$6,$0,$6,$4,$-5,$-5,$-1,$-6,$2,$-2,$0,$3,$0,$0,$0,$0,$1,$-1,$-1,$-2,$0,$0,$-1,$0,$-3,$0,$1,$-1
22,2013-03-31,4.19,$4.89,0.86,$19.72,0.21,$-1.81,0.0,$0.07,59.92,$0.08B,$0.03B,2.5,$0.03B,$0.09B,0.3,$0.33B,$0.03B,7.78%,$0.33B,$0.00B,0.60%,$0.33B,$0.00B,0.60%,$0.33B,$0.01B,4.19%,$0.33B,0,0.00%,$0.33B,0,0.00%,$0.00B,$0.09B,0.00%,$0.00B,$0.09B,0.00%,$0.00B,$0.16B,0.00%,$0.00B,$0.11B,1.93%,$86,$79,$7,$0,$6,$85,$1,$-1,$0,$0,$0,$0,$1,$4,$1,$17,17,$0.08,$0.08,$0,$39,$0,$80,$73,$6,$0,$2,$81,$161,$32,$27,$1,$42,$74,$7,$73,$-0,$88,$161,$1,$3,$-0,$3,$1,$-3,$0,$-1,$-2,$3,$-1,$0,$3,$0,$0,$0,$0,$2,$-0,$-4,$-5,$0,$0,$0,$0,$-5,$0,$0,$0
23,2012-12-31,3.26,$4.84,0.67,$19.74,0.17,$-2.46,0.0,$0.08,40.79,$0.08B,$0.03B,2.62,$0.03B,$0.09B,0.36,$0.33B,$0.03B,7.49%,$0.33B,$-0.00B,-0.30%,$0.33B,$-0.00B,-0.30%,$0.33B,$0.01B,3.29%,$0.33B,$0.00B,0.60%,$0.33B,$0.00B,0.30%,$0.00B,$0.09B,1.16%,$0.00B,$0.09B,1.16%,$0.00B,$0.16B,0.61%,$-0.00B,$0.12B,-1.02%,$86,$79,$7,$0,$6,$85,$1,$-1,$0,$0,$0,$0,$0,$4,$1,$17,17,$0.02,$0.02,$0,$37,$0,$78,$75,$7,$0,$2,$85,$163,$30,$31,$1,$47,$76,$7,$73,$-0,$87,$163,$2,$12,$-4,$8,$-8,$-5,$-6,$5,$-15,$-5,$-6,$0,$0,$0,$9,$9,$1,$3,$-2,$5,$3,$-0,$-0,$-1,$-1,$1,$-0,$1,$-1
24,2012-09-30,3.65,$4.82,0.76,$18.80,0.19,$-2.46,0.0,$0.96,3.8,$0.07B,$0.05B,1.41,$0.01B,$0.09B,0.06,$0.32B,$0.02B,5.66%,$0.32B,$0.00B,1.26%,$0.32B,$0.00B,1.26%,$0.32B,$0.01B,3.46%,$0.32B,$0.01B,3.14%,$0.32B,$0.02B,5.35%,$0.02B,$0.09B,19.88%,$0.02B,$0.09B,19.88%,$0.02B,$0.16B,10.21%,$0.00B,$0.09B,4.37%,$76,$70,$6,$0,$6,$75,$1,$-0,$1,$0,$0,$0,$0,$4,$1,$17,17,$0.02,$0.02,$0,$35,$1,$72,$77,$8,$0,$2,$86,$159,$51,$6,$1,$21,$72,$7,$72,$-0,$87,$159,$1,$9,$-4,$4,$-2,$-3,$-12,$4,$-13,$-7,$-4,$0,$0,$0,$9,$9,$-1,$4,$-1,$5,$4,$0,$0,$-1,$-0,$3,$-0,$1,$-1
25,2012-06-30,3.06,$4.73,0.65,$18.84,0.16,$-2.90,0.0,$0.63,4.86,$0.08B,$0.06B,1.38,$0.01B,$0.09B,0.07,$0.32B,$0.02B,4.72%,$0.32B,0,0.00%,$0.32B,0,0.00%,$0.32B,$0.01B,2.20%,$0.32B,$0.00B,1.26%,$0.32B,$0.01B,3.46%,$0.01B,$0.09B,13.75%,$0.01B,$0.09B,13.75%,$0.01B,$0.17B,6.84%,$0.00B,$0.09B,0.00%,$86,$80,$6,$0,$6,$86,$-1,$-0,$-1,$-0,$-1,$-1,$-1,$2,$-1,$17,17,$-0.05,$-0.05,$3,$37,$0,$82,$76,$8,$0,$2,$86,$168,$59,$6,$2,$23,$82,$7,$72,$-1,$85,$168,$1,$6,$-4,$2,$-8,$-5,$-3,$4,$-10,$-7,$-2,$0,$0,$0,$9,$9,$-1,$7,$-1,$2,$1,$0,$0,$-1,$0,$0,$-0,$0,$-1
26,2012-03-31,5.13,$4.74,1.08,$17.89,0.29,$-2.64,0.0,$0.10,51.33,$0.09B,$0.06B,1.46,$0.01B,$0.09B,0.08,$0.30B,$0.01B,1.99%,$0.30B,$-0.01B,-2.33%,$0.30B,$-0.01B,-2.33%,$0.30B,$-0.00B,-0.33%,$0.30B,$-0.01B,-1.66%,$0.30B,$0.00B,0.66%,$0.00B,$0.09B,2.58%,$0.00B,$0.09B,2.58%,$0.00B,$0.17B,1.31%,$-0.01B,$0.09B,-8.26%,$86,$81,$6,$0,$8,$89,$-2,$4,$2,$0,$2,$2,$2,$1,$-2,$17,17,$0.10,$0.10,$6,$34,$0,$85,$75,$8,$0,$2,$85,$170,$58,$6,$2,$25,$84,$7,$73,$-1,$86,$170,$2,$3,$-4,$-1,$-8,$-3,$-3,$2,$-12,$-11,$2,$0,$0,$0,$9,$9,$-1,$10,$-0,$1,$0,$0,$0,$0,$0,$0,$-0,$0,$0
27,2011-12-31,4.77,$4.66,1.02,$16.62,0.29,$-2.43,0.0,$0.04,119.19,$0.08B,$0.06B,1.32,$0.01B,$0.08B,0.08,$0.28B,$0.01B,2.51%,$0.28B,$-0.00B,-1.43%,$0.28B,$-0.00B,-1.43%,$0.28B,$0.00B,0.36%,$0.28B,$-0.01B,-2.15%,$0.28B,$0.00B,0.36%,$0.00B,$0.08B,1.31%,$0.00B,$0.08B,1.31%,$0.00B,$0.17B,0.70%,$-0.00B,$0.09B,-4.85%,$70,$70,$0,$0,$6,$65,$6,$2,$8,$-8,$16,$16,$16,$4,$6,$17,17,$0.89,$0.89,$8,$31,$4,$78,$77,$12,$0,$2,$91,$169,$59,$7,$2,$26,$85,$7,$79,$-1,$84,$169,$11,$5,$-19,$-14,$4,$-4,$0,$-6,$-6,$-10,$-1,$0,$-11,$0,$0,$0,$0,$-12,$-1,$16,$16,$0,$0,$-1,$0,$15,$-7,$1,$-1
28,2011-09-30,4.8,$3.62,1.33,$15.93,0.3,$-2.06,0.0,$-0.67,0.0,$0.06B,$0.05B,1.31,$0.01B,$0.07B,0.11,$0.27B,$0.02B,5.99%,$0.27B,$0.05B,17.98%,$0.27B,$-0.01B,-3.75%,$0.27B,$0.06B,21.35%,$0.27B,$-0.01B,-4.12%,$0.27B,$-0.01B,-4.49%,$-0.01B,$0.07B,-15.84%,$-0.01B,$0.07B,-15.84%,$-0.01B,$0.14B,-9.13%,$0.05B,$0.07B,59.81%,$76,$73,$3,$0,$5,$79,$-3,$-3,$-5,$0,$-6,$-6,$-6,$-0,$-3,$17,17,$-0.33,$-0.33,$9,$19,$0,$64,$62,$10,$0,$0,$72,$136,$49,$7,$1,$22,$70,$7,$63,$-4,$65,$136,$-15,$7,$6,$13,$-9,$2,$4,$-4,$-8,$-10,$-9,$0,$0,$0,$0,$0,$0,$-9,$7,$13,$19,$0,$0,$0,$0,$20,$1,$1,$0
29,2011-06-30,8.17,$4.20,1.95,$14.82,0.55,$-1.37,0.0,$-0.08,0.0,$0.06B,$0.04B,1.59,$0.01B,$0.08B,0.1,$0.25B,$0.02B,9.27%,$0.25B,$0.06B,22.18%,$0.25B,$-0.00B,-1.21%,$0.25B,$0.06B,24.60%,$0.25B,$-0.00B,-0.40%,$0.25B,$-0.00B,-0.40%,$-0.00B,$0.08B,-1.27%,$-0.00B,$0.08B,-1.27%,$-0.00B,$0.14B,-0.78%,$0.06B,$0.08B,67.28%,$69,$72,$-3,$0,$5,$77,$-8,$-2,$-10,$-0,$-10,$-10,$-10,$-6,$-8,$17,17,$-0.61,$-0.61,$9,$17,$1,$60,$63,$13,$0,$0,$76,$136,$38,$8,$1,$23,$61,$7,$69,$-0,$75,$136,$-10,$5,$3,$8,$-6,$4,$9,$0,$6,$4,$-9,$0,$0,$0,$0,$0,$0,$-9,$7,$5,$12,$1,$1,$0,$0,$12,$7,$1,$0
30,2011-03-31,8.18,$4.58,1.79,$10.72,0.76,$-1.07,0.0,$0.50,16.37,$0.06B,$0.03B,1.81,$0.00B,$0.08B,0.02,$0.18B,$0.03B,14.53%,$0.18B,$0.06B,35.20%,$0.18B,$0.01B,2.79%,$0.18B,$0.07B,37.43%,$0.18B,$0.01B,5.03%,$0.18B,$0.01B,5.03%,$0.01B,$0.08B,11.50%,$0.01B,$0.08B,11.50%,$0.01B,$0.13B,7.24%,$0.06B,$0.08B,79.00%,$64,$58,$7,$0,$6,$63,$1,$0,$1,$0,$1,$1,$1,$3,$1,$17,17,$0.04,$0.04,$2,$23,$1,$57,$61,$15,$0,$1,$76,$133,$31,$2,$2,$20,$52,$7,$79,$-3,$82,$133,$1,$2,$0,$3,$-5,$-3,$5,$-1,$-4,$-1,$-5,$0,$0,$0,$0,$0,$0,$-5,$-0,$6,$6,$0,$0,$0,$0,$6,$0,$0,$0
31,2010-12-31,10.36,$4.52,2.29,$9.83,1.05,$0.83,12.53,$0.32,32.38,$0.05B,$0.02B,2.39,$0.00B,$0.08B,0.02,$0.16B,$0.02B,14.63%,$0.16B,$0.06B,37.20%,$0.16B,$0.00B,1.83%,$0.16B,$0.07B,42.68%,$0.16B,$0.01B,3.66%,$0.16B,$0.01B,3.66%,$0.01B,$0.08B,7.97%,$0.01B,$0.08B,7.97%,$0.01B,$0.12B,4.99%,$0.06B,$0.08B,78.96%,$58,$49,$9,$0,$0,$0,$58,$0,$3,$0,$0,$0,$3,$60,$0,$17,17,$0.18,$0.18,$1,$19,$2,$48,$58,$15,$0,$1,$73,$121,$20,$2,$11,$21,$41,$7,$79,$-3,$81,$121,$8,$4,$-0,$4,$-4,$-4,$-1,$-0,$-13,$-1,$-4,$0,$0,$0,$0,$0,$0,$-4,$-0,$0,$-0,$0,$0,$-1,$0,$-1,$-6,$0,$-1
32,2010-09-30,7.37,$3.95,1.86,$9.25,0.8,$2.32,3.17,$0.42,17.54,$0.05B,$0.02B,2.15,$0.00B,$0.08B,0.03,$0.15B,$0.02B,15.58%,$0.15B,$0.05B,33.12%,$0.15B,$0.00B,1.95%,$0.15B,$0.06B,38.96%,$0.15B,$0.00B,1.95%,$0.15B,$0.01B,5.19%,$0.01B,$0.08B,10.92%,$0.01B,$0.08B,10.92%,$0.01B,$0.12B,6.68%,$0.05B,$0.08B,66.89%,$57,$47,$10,$0,$6,$53,$4,$1,$5,$0,$5,$5,$5,$4,$4,$17,17,$0.28,$0.28,$0,$18,$1,$48,$57,$16,$0,$1,$74,$122,$22,$2,$11,$23,$45,$7,$76,$-3,$77,$122,$5,$2,$-1,$1,$-5,$-3,$-2,$-1,$-13,$-7,$-1,$0,$0,$0,$0,$0,$0,$-1,$-0,$2,$1,$0,$0,$0,$0,$1,$-6,$0,$0
33,2010-06-30,6.18,$0.00,0.0,$8.86,0.7,$3.04,2.03,$0.36,17.17,$0.05B,$0.02B,2.07,$0.00B,$0.07B,0.03,$0.15B,$0.02B,16.33%,$0.15B,$0.05B,35.37%,$0.15B,$0.00B,2.72%,$0.15B,$0.06B,41.50%,$0.15B,$0.00B,1.36%,$0.15B,$0.01B,4.76%,$0.01B,$0.07B,9.89%,$0.01B,$0.07B,9.89%,$0.01B,$0.12B,5.66%,$0.05B,$0.08B,67.31%,$0,$0,$0,$0,$0,$0,$0,$0,$0,$0,$0,$0,$0,$0,$0,$0,0,$0.00,$0.00,$7,$15,$1,$49,$57,$14,$0,$1,$73,$121,$23,$2,$3,$25,$48,$7,$71,$-3,$73,$121,$0,$0,$0,$0,$0,$0,$0,$0,$0,$0,$0,$0,$0,$0,$0,$0,$0,$0,$0,$0,$0,$0,$0,$0,$0,$0,$0,$0,$0
34,2010-03-31,7.16,$3.61,1.98,$8.86,0.81,$3.04,2.35,$0.36,19.89,$0.04B,$0.03B,1.69,$0.00B,$0.07B,0.03,$0.15B,$0.02B,16.33%,$0.15B,$0.05B,35.37%,$0.15B,$0.00B,2.72%,$0.15B,$0.06B,41.50%,$0.15B,$0.00B,1.36%,$0.15B,$0.01B,4.76%,$0.01B,$0.07B,10.22%,$0.01B,$0.07B,10.22%,$0.01B,$0.12B,5.39%,$0.05B,$0.07B,67.53%,$49,$44,$5,$0,$5,$50,$-1,$-2,$-2,$-0,$-2,$-2,$-2,$6,$-1,$17,17,$-0.14,$-0.14,$2,$15,$2,$43,$58,$14,$0,$1,$73,$117,$26,$2,$12,$20,$46,$7,$69,$-2,$70,$117,$6,$7,$4,$10,$-2,$2,$6,$-4,$6,$22,$4,$0,$0,$0,$14,$14,$-1,$17,$-24,$-14,$-38,$0,$0,$0,$-0,$-38,$1,$0,$0
35,2009-12-31,7.13,$4.35,1.64,$9.20,0.78,$1.48,4.83,$0.12,59.43,$0.04B,$0.02B,2.0,$0.01B,$0.07B,0.08,$0.15B,$0.02B,12.42%,$0.15B,$0.05B,30.07%,$0.15B,$-0.00B,-1.31%,$0.15B,$0.06B,37.91%,$0.15B,$-0.00B,-2.61%,$0.15B,$0.00B,1.96%,$0.00B,$0.07B,4.41%,$0.00B,$0.07B,4.41%,$0.00B,$0.12B,2.15%,$0.05B,$0.08B,60.53%,$48,$40,$9,$0,$0,$0,$48,$0,$0,$-5,$0,$0,$5,$50,$0,$17,17,$0.29,$0.29,$0,$15,$1,$44,$59,$15,$0,$1,$75,$119,$22,$5,$3,$24,$46,$7,$71,$-2,$73,$119,$9,$4,$2,$7,$-0,$2,$3,$-2,$1,$16,$4,$0,$0,$0,$14,$14,$0,$18,$-19,$-15,$-34,$0,$0,$0,$-0,$-34,$-0,$0,$0
36,2009-09-30,3.97,$4.06,0.98,$10.73,0.37,$-0.79,0.0,$-2.74,0.0,$0.08B,$0.04B,2.08,$0.02B,$0.07B,0.23,$0.18B,$-0.01B,-7.87%,$0.18B,$0.07B,39.89%,$0.18B,$-0.00B,-1.12%,$0.18B,$0.09B,47.75%,$0.18B,$-0.05B,-29.21%,$0.18B,$-0.05B,-25.28%,$-0.05B,$0.07B,-65.93%,$-0.05B,$0.07B,-65.93%,$-0.05B,$0.14B,-28.99%,$0.07B,$0.08B,94.67%,$50,$40,$10,$0,$5,$46,$5,$-1,$4,$0,$4,$4,$4,$5,$5,$17,17,$0.23,$0.23,$0,$17,$29,$75,$61,$0,$0,$1,$63,$138,$36,$16,$12,$34,$70,$7,$66,$-2,$67,$138,$4,$2,$-0,$2,$-2,$3,$-4,$-1,$-3,$3,$1,$0,$0,$0,$0,$0,$0,$1,$1,$-5,$-4,$0,$0,$0,$-0,$-5,$-0,$0,$0
37,2009-06-30,2.67,$0.00,0.0,$13.68,0.19,$-2.67,0.0,$-4.00,0.0,$0.08B,$0.05B,1.63,$0.01B,$0.06B,0.15,$0.23B,$-0.04B,-18.06%,$0.23B,$0.04B,18.94%,$0.23B,$-0.03B,-13.22%,$0.23B,$0.06B,25.11%,$0.23B,$-0.08B,-35.24%,$0.23B,$-0.07B,-29.07%,$-0.07B,$0.06B,-81.48%,$-0.07B,$0.06B,-81.48%,$-0.07B,$0.15B,-36.97%,$0.04B,$0.07B,51.04%,$0,$0,$0,$0,$0,$0,$0,$0,$0,$0,$0,$0,$0,$0,$0,$0,0,$0.00,$0.00,$0,$20,$33,$81,$63,$0,$0,$1,$64,$145,$50,$10,$15,$32,$81,$7,$63,$-2,$64,$145,$0,$0,$0,$0,$0,$0,$0,$0,$0,$0,$0,$0,$0,$0,$0,$0,$0,$0,$0,$0,$0,$0,$0,$0,$0,$0,$0,$0,$0
38,2009-03-31,0.69,$4.11,0.17,$13.68,0.05,$-2.67,0.0,$-4.00,0.0,$0.09B,$0.07B,1.32,$0.00B,$0.07B,0.02,$0.23B,$-0.04B,-18.06%,$0.23B,$0.04B,18.94%,$0.23B,$-0.03B,-13.22%,$0.23B,$0.06B,25.11%,$0.23B,$-0.08B,-35.24%,$0.23B,$-0.07B,-29.07%,$-0.07B,$0.07B,-66.50%,$-0.07B,$0.07B,-66.50%,$-0.07B,$0.16B,-33.33%,$0.04B,$0.07B,42.89%,$55,$54,$0,$0,$5,$62,$-7,$-1,$-8,$-2,$-6,$-6,$-6,$3,$-7,$17,17,$-0.38,$-0.38,$2,$22,$32,$88,$67,$0,$0,$1,$68,$157,$67,$1,$11,$22,$89,$7,$66,$-1,$68,$157,$-66,$10,$2,$11,$13,$41,$-1,$-2,$56,$1,$-1,$0,$0,$0,$0,$0,$0,$-1,$-1,$1,$1,$-0,$-0,$0,$-0,$0,$1,$0,$0
39,2008-12-31,0.62,$4.47,0.14,$16.84,0.04,$-2.75,0.0,$-4.01,0.0,$0.08B,$0.09B,0.97,$0.00B,$0.07B,0.0,$0.28B,$-0.04B,-13.26%,$0.28B,$0.05B,16.85%,$0.28B,$-0.03B,-9.32%,$0.28B,$0.06B,22.58%,$0.28B,$-0.08B,-29.75%,$0.28B,$-0.07B,-24.01%,$-0.07B,$0.07B,-56.07%,$-0.07B,$0.07B,-56.07%,$-0.07B,$0.18B,-31.24%,$0.05B,$0.07B,38.60%,$73,$97,$-24,$0,$0,$0,$73,$0,$-48,$-5,$0,$0,$-43,$77,$0,$17,17,$-2.58,$-2.58,$1,$39,$6,$83,$97,$0,$0,$0,$98,$181,$86,$0,$11,$21,$107,$7,$72,$-1,$74,$181,$-60,$7,$2,$9,$8,$24,$0,$-3,$36,$-16,$-2,$0,$0,$0,$0,$0,$0,$-2,$-2,$19,$18,$-0,$-0,$0,$-0,$17,$0,$0,$0
40,2008-09-30,2.65,$7.14,0.37,$18.00,0.15,$-1.84,0.0,$-1.12,0.0,$0.12B,$0.09B,1.41,$0.00B,$0.12B,0.01,$0.30B,$-0.01B,-3.33%,$0.30B,$0.07B,22.67%,$0.30B,$-0.03B,-8.67%,$0.30B,$0.08B,28.00%,$0.30B,$-0.03B,-10.00%,$0.30B,$-0.02B,-6.33%,$-0.02B,$0.12B,-13.52%,$-0.02B,$0.12B,-13.52%,$-0.02B,$0.23B,-8.37%,$0.07B,$0.12B,47.06%,$99,$116,$-17,$0,$6,$122,$-23,$-1,$-24,$-6,$-17,$-17,$-17,$-23,$-23,$17,17,$-1.04,$-1.04,$2,$60,$8,$124,$107,$0,$0,$0,$107,$231,$88,$1,$8,$25,$113,$7,$115,$0,$118,$231,$-17,$3,$-1,$3,$0,$3,$0,$-7,$-11,$-26,$-1,$0,$0,$0,$0,$0,$0,$-1,$-1,$28,$27,$0,$0,$0,$0,$27,$0,$0,$0
41,2008-06-30,5.41,$0.00,0.0,$17.23,0.31,$-0.49,0.0,$-0.10,0.0,$0.11B,$0.06B,1.82,$0.00B,$0.14B,0.01,$0.29B,$0.01B,4.50%,$0.29B,$0.09B,31.49%,$0.29B,$-0.00B,-1.04%,$0.29B,$0.11B,37.02%,$0.29B,$-0.01B,-2.42%,$0.29B,$-0.00B,-0.69%,$-0.00B,$0.14B,-1.35%,$-0.00B,$0.14B,-1.35%,$-0.00B,$0.22B,-0.89%,$0.09B,$0.14B,59.38%,$0,$0,$0,$0,$0,$0,$0,$0,$0,$0,$0,$0,$0,$0,$0,$0,0,$0.00,$0.00,$0,$64,$6,$113,$109,$0,$0,$0,$110,$223,$62,$1,$8,$24,$86,$7,$132,$2,$137,$223,$0,$0,$0,$0,$0,$0,$0,$0,$0,$0,$0,$0,$0,$0,$0,$0,$0,$0,$0,$0,$0,$0,$0,$0,$0,$0,$0,$0,$0
42,2008-03-31,6.52,$8.99,0.72,$17.23,0.38,$-0.49,0.0,$-0.10,0.0,$0.11B,$0.04B,2.42,$0.01B,$0.15B,0.04,$0.29B,$0.01B,4.50%,$0.29B,$0.09B,31.49%,$0.29B,$-0.00B,-1.04%,$0.29B,$0.11B,37.02%,$0.29B,$-0.01B,-2.42%,$0.29B,$-0.00B,-0.69%,$-0.00B,$0.15B,-1.33%,$-0.00B,$0.15B,-1.33%,$-0.00B,$0.22B,-0.89%,$0.09B,$0.16B,57.69%,$107,$103,$4,$0,$7,$109,$-3,$-8,$-11,$-4,$-7,$-7,$-7,$9,$-3,$17,17,$-0.40,$-0.40,$0,$68,$2,$106,$116,$0,$0,$0,$117,$223,$44,$6,$8,$30,$74,$7,$142,$4,$149,$223,$-2,$12,$3,$15,$1,$-17,$6,$0,$-10,$3,$-4,$0,$0,$0,$0,$0,$-0,$-5,$-3,$3,$-0,$0,$0,$-3,$0,$-2,$-4,$0,$-3
43,2007-12-31,8.66,$9.54,0.91,$16.30,0.53,$-0.91,0.0,$0.42,20.62,$0.10B,$0.04B,2.84,$0.01B,$0.16B,0.05,$0.28B,$0.02B,6.16%,$0.28B,$0.10B,35.14%,$0.28B,$0.00B,1.09%,$0.28B,$0.11B,40.22%,$0.28B,$0.01B,2.54%,$0.28B,$0.01B,2.54%,$0.01B,$0.16B,4.67%,$0.01B,$0.16B,4.67%,$0.01B,$0.23B,3.11%,$0.10B,$0.17B,61.49%,$94,$91,$3,$0,$0,$0,$94,$0,$5,$-0,$0,$0,$5,$98,$0,$17,17,$0.32,$0.31,$0,$61,$3,$101,$128,$0,$0,$1,$129,$231,$36,$7,$8,$37,$73,$7,$150,$4,$158,$231,$5,$8,$3,$11,$-0,$-13,$0,$-2,$-14,$1,$-3,$0,$0,$0,$0,$0,$-0,$-4,$-2,$3,$1,$0,$0,$-3,$0,$-1,$-4,$0,$-3
44,2007-09-30,9.44,$8.94,1.06,$15.89,0.59,$-0.72,0.0,$0.51,18.51,$0.09B,$0.04B,2.55,$0.01B,$0.15B,0.05,$0.27B,$0.03B,11.11%,$0.27B,$0.09B,33.70%,$0.27B,$0.00B,1.11%,$0.27B,$0.10B,38.52%,$0.27B,$0.01B,4.81%,$0.27B,$0.01B,3.33%,$0.01B,$0.15B,6.12%,$0.01B,$0.15B,6.12%,$0.01B,$0.22B,4.07%,$0.09B,$0.16B,58.43%,$88,$82,$6,$0,$6,$88,$-0,$-0,$-1,$-0,$-0,$-0,$-0,$-0,$-0,$16,17,$-0.02,$-0.02,$2,$53,$1,$93,$130,$0,$0,$1,$131,$224,$36,$8,$8,$40,$76,$7,$145,$0,$148,$224,$-0,$4,$2,$6,$4,$-9,$0,$1,$-8,$-3,$-1,$0,$0,$0,$0,$0,$0,$-1,$-1,$4,$3,$0,$0,$0,$0,$3,$-2,$0,$0
45,2007-06-30,15.35,$0.00,0.0,$15.74,0.98,$-0.48,0.0,$0.94,16.33,$0.09B,$0.04B,2.05,$0.01B,$0.15B,0.06,$0.27B,$0.04B,14.98%,$0.27B,$0.10B,38.20%,$0.27B,$0.01B,5.24%,$0.27B,$0.12B,43.07%,$0.27B,$0.03B,9.36%,$0.27B,$0.02B,5.99%,$0.02B,$0.15B,11.05%,$0.02B,$0.15B,11.05%,$0.02B,$0.22B,7.37%,$0.10B,$0.16B,65.91%,$0,$0,$0,$0,$0,$0,$0,$0,$0,$0,$0,$0,$0,$0,$0,$0,0,$0.00,$0.00,$7,$43,$0,$91,$132,$0,$0,$1,$133,$224,$44,$9,$0,$33,$77,$7,$148,$-1,$147,$224,$0,$0,$0,$0,$0,$0,$0,$0,$0,$0,$0,$0,$0,$0,$0,$0,$0,$0,$0,$0,$0,$0,$0,$0,$0,$0,$0,$0,$0
46,2007-03-31,18.51,$8.83,2.1,$15.74,1.18,$-0.48,0.0,$0.94,19.69,$0.09B,$0.04B,2.15,$0.01B,$0.15B,0.07,$0.27B,$0.04B,14.98%,$0.27B,$0.10B,38.20%,$0.27B,$0.01B,5.24%,$0.27B,$0.12B,43.07%,$0.27B,$0.03B,9.36%,$0.27B,$0.02B,5.99%,$0.02B,$0.15B,11.29%,$0.02B,$0.15B,11.29%,$0.02B,$0.22B,7.54%,$0.10B,$0.16B,66.89%,$94,$86,$8,$0,$5,$91,$3,$0,$3,$1,$2,$2,$2,$13,$3,$16,17,$0.13,$0.13,$6,$35,$0,$90,$130,$0,$0,$0,$130,$220,$42,$10,$0,$33,$75,$7,$146,$-2,$146,$220,$16,$10,$1,$11,$-6,$-6,$0,$-4,$-19,$8,$-17,$0,$0,$0,$0,$0,$0,$-17,$-3,$2,$-1,$1,$1,$-3,$0,$-4,$-12,$0,$-3
47,2006-12-31,20.44,$8.93,2.29,$14.92,1.37,$-0.41,0.0,$0.93,21.98,$0.09B,$0.04B,2.56,$0.01B,$0.15B,0.07,$0.25B,$0.04B,15.87%,$0.25B,$0.10B,40.48%,$0.25B,$0.01B,5.56%,$0.25B,$0.11B,45.24%,$0.25B,$0.03B,9.92%,$0.25B,$0.02B,6.35%,$0.02B,$0.15B,11.68%,$0.02B,$0.15B,11.68%,$0.02B,$0.22B,7.73%,$0.10B,$0.16B,68.57%,$88,$71,$16,$0,$0,$0,$88,$0,$11,$5,$0,$0,$7,$91,$0,$16,17,$0.42,$0.40,$14,$35,$1,$92,$125,$0,$0,$0,$125,$217,$36,$11,$0,$34,$70,$7,$147,$-1,$147,$217,$14,$7,$2,$9,$-4,$-5,$2,$-4,$-13,$10,$-9,$0,$0,$0,$0,$0,$0,$-9,$-2,$0,$-2,$0,$0,$-3,$0,$-5,$-4,$0,$-3
