,Date,Stock Price,Book Value per Share,Price to Book Ratio,TTM Sales per Share,Price to Sales Ratio,TTM FCF per Share,Price to FCF Ratio,TTM Net EPS,PE Ratio,Current Assets,Current Liabilities,Current Ratio,Long Term Debt,Shareholder's Equity_x,Debt to Equity Ratio,TTM Revenue_x,TTM Gross Profit,Gross Margin,TTM Revenue_y,TTM Operating Income,Operating Margin,TTM Revenue_x,TTM EBIT,EBIT Margin,TTM Revenue_y,TTM EBITDA,EBITDA Margin,TTM Revenue_x,TTM Pre-Tax Income,Pre-Tax Margin,TTM Revenue_y,TTM Net Income_x,Net Margin,TTM Net Income_y,Shareholder's Equity_y,Return on Equity,TTM Net Income_x,Tangible Equity,Return on Tangible Equity,TTM Net Income_y,Total Assets,Return on Assets,TTM Net Income,LT Investments & Debt,Return on Investment,revenue,cost-goods-sold,gross-profit,research-development-expenses,selling-general-administrative-expenses,operating-expenses,operating-income,total-non-operating-income-expense,pre-tax-income,total-provision-income-taxes,income-after-taxes,income-from-continuous-operations,net-income,ebitda,ebit,basic-shares-outstanding,shares-outstanding,eps-basic-net-earnings-per-share,eps-earnings-per-share-diluted,cash-on-hand,inventory,other-current-assets,total-current-assets,net-property-plant-equipment,long-term-investments,goodwill-intangible-assets-total,other-long-term-assets,total-long-term-assets,total-assets,total-current-liabilities,long-term-debt,other-non-current-liabilities,total-long-term-liabilities,total-liabilities,common-stock-net,retained-earnings-accumulated-deficit,comprehensive-income,total-share-holder-equity,total-liabilities-share-holders-equity,net-income-loss,total-depreciation-amortization-cash-flow,other-non-cash-items,total-non-cash-items,change-in-accounts-receivable,change-in-inventories,change-in-accounts-payable,change-in-assets-liabilities,total-change-in-assets-liabilities,cash-flow-from-operating-activities,net-change-in-property-plant-equipment,net-change-in-intangible-assets,net-acquisitions-divestitures,net-change-in-short-term-investments,net-change-in-long-term-investments,net-change-in-investments-total,investing-activities-other,cash-flow-from-investing-activities,net-long-term-debt,net-current-debt,debt-issuance-retirement-net-total,net-common-equity-issued-repurchased,net-total-equity-issued-repurchased,total-common-preferred-stock-dividends-paid,financial-activities-other,cash-flow-from-financial-activities,net-cash-flow,stock-based-compensation,common-stock-dividends-paid
0,2018-09-30,54.47,$22.94,2.37,$19.92,2.74,$4.15,13.14,$7.07,7.7,$0.15B,$0.45B,0.34,$0.00B,$0.56B,0.0,$0.49B,$0.22B,45.79%,$0.49B,$0.11B,22.38%,$0.49B,$0.11B,22.38%,$0.49B,$0.19B,39.01%,$0.49B,$0.10B,19.92%,$0.49B,$0.17B,35.52%,$0.17B,$0.56B,32.25%,$0.17B,$0.52B,34.51%,$0.17B,$1.20B,14.79%,$0.11B,$0.56B,20.32%,$143,$79,$64,$0,$28,$107,$36,$-3,$33,$8,$25,$25,$25,$56,$36,$24,25,$1.03,$1.01,$4,$0,$0,$152,$1014,$0,$35,$0,$1050,$1202,$450,$0,$0,$198,$647,$103,$452,$0,$555,$1202,$55,$61,$-8,$53,$-10,$0,$0,$-10,$-11,$97,$-67,$0,$-8,$0,$0,$0,$0,$-75,$-20,$26,$6,$0,$0,$-23,$-3,$-20,$2,$3,$-23
1,2018-06-30,62.92,$22.23,2.83,$19.68,3.2,$3.91,16.09,$6.75,9.32,$0.15B,$0.45B,0.33,$0.00B,$0.54B,0.0,$0.48B,$0.22B,45.51%,$0.48B,$0.10B,21.50%,$0.48B,$0.10B,21.50%,$0.48B,$0.18B,38.41%,$0.48B,$0.09B,19.00%,$0.48B,$0.17B,34.45%,$0.17B,$0.54B,32.93%,$0.17B,$0.50B,35.43%,$0.17B,$1.18B,14.25%,$0.10B,$0.54B,20.56%,$117,$63,$54,$0,$29,$93,$24,$-3,$21,$5,$16,$16,$16,$45,$24,$24,25,$0.66,$0.65,$4,$0,$0,$147,$998,$0,$35,$0,$1033,$1180,$448,$0,$0,$195,$643,$102,$435,$-0,$537,$1180,$30,$40,$-7,$33,$1,$0,$0,$-10,$-10,$54,$-46,$0,$0,$0,$0,$0,$0,$-46,$-20,$31,$11,$0,$0,$-15,$-3,$-6,$2,$2,$-15
2,2018-03-31,53.07,$22.00,2.41,$19.47,2.73,$3.99,13.29,$6.58,8.06,$0.10B,$0.42B,0.24,$0.00B,$0.53B,0.0,$0.47B,$0.21B,45.13%,$0.47B,$0.10B,21.40%,$0.47B,$0.10B,21.40%,$0.47B,$0.18B,38.14%,$0.47B,$0.09B,18.86%,$0.47B,$0.16B,33.90%,$0.16B,$0.53B,34.24%,$0.16B,$0.50B,37.06%,$0.16B,$1.15B,13.90%,$0.10B,$0.53B,21.62%,$105,$55,$50,$0,$28,$83,$22,$-3,$19,$5,$14,$14,$14,$42,$22,$24,24,$0.60,$0.59,$4,$0,$0,$103,$985,$0,$35,$26,$1046,$1149,$424,$0,$0,$195,$619,$103,$428,$-0,$530,$1149,$14,$20,$-3,$17,$8,$0,$0,$-4,$-1,$31,$-19,$0,$0,$0,$0,$0,$0,$-19,$0,$-3,$-3,$0,$0,$-6,$-1,$-10,$2,$1,$-6
3,2017-12-31,46.19,$21.79,2.12,$19.09,2.42,$3.90,11.85,$6.32,7.31,$0.13B,$0.43B,0.31,$0.00B,$0.52B,0.0,$0.46B,$0.21B,44.81%,$0.46B,$0.10B,20.56%,$0.46B,$0.10B,20.56%,$0.46B,$0.17B,37.45%,$0.46B,$0.08B,17.97%,$0.46B,$0.15B,33.33%,$0.15B,$0.52B,35.48%,$0.15B,$0.49B,38.69%,$0.15B,$1.15B,13.44%,$0.10B,$0.52B,21.89%,$122,$68,$55,$0,$28,$95,$27,$-3,$24,$-94,$118,$118,$118,$47,$27,$24,24,$4.90,$4.84,$3,$0,$0,$131,$981,$0,$36,$0,$1017,$1148,$429,$0,$0,$195,$624,$103,$421,$-0,$524,$1148,$154,$78,$-108,$-30,$-10,$0,$0,$5,$-2,$122,$-71,$0,$0,$0,$0,$0,$0,$-71,$-20,$-3,$-23,$0,$0,$-25,$-2,$-50,$2,$3,$-25
4,2017-09-30,42.77,$17.18,2.49,$18.44,2.32,$5.13,8.33,$1.90,22.51,$0.14B,$0.45B,0.3,$0.00B,$0.41B,0.0,$0.45B,$0.20B,45.17%,$0.45B,$0.09B,20.45%,$0.45B,$0.09B,20.45%,$0.45B,$0.17B,37.75%,$0.45B,$0.08B,17.75%,$0.45B,$0.05B,10.34%,$0.05B,$0.41B,11.46%,$0.05B,$0.38B,12.59%,$0.05B,$1.16B,4.03%,$0.09B,$0.41B,22.67%,$135,$77,$59,$0,$28,$105,$30,$-3,$27,$11,$17,$17,$17,$50,$30,$24,24,$0.70,$0.69,$1,$0,$0,$136,$985,$0,$36,$0,$1021,$1156,$447,$0,$0,$297,$744,$103,$310,$-0,$413,$1156,$36,$58,$-5,$53,$-12,$0,$0,$-1,$-8,$81,$-57,$0,$0,$0,$0,$0,$0,$-57,$-20,$17,$-3,$0,$0,$-19,$-1,$-23,$1,$2,$-19
5,2017-06-30,33.6,$16.77,2.0,$17.93,1.87,$6.44,5.22,$1.75,19.2,$0.13B,$0.46B,0.29,$0.00B,$0.40B,0.0,$0.43B,$0.19B,44.44%,$0.43B,$0.09B,19.68%,$0.43B,$0.09B,19.68%,$0.43B,$0.16B,37.50%,$0.43B,$0.07B,16.90%,$0.43B,$0.04B,9.72%,$0.04B,$0.40B,10.61%,$0.04B,$0.37B,11.68%,$0.04B,$1.15B,3.69%,$0.09B,$0.40B,21.46%,$110,$60,$49,$0,$27,$88,$22,$-3,$19,$7,$11,$11,$11,$41,$22,$24,24,$0.48,$0.48,$2,$0,$0,$133,$981,$0,$36,$0,$1017,$1150,$455,$0,$0,$293,$748,$103,$299,$-0,$402,$1150,$19,$39,$-5,$33,$-0,$0,$0,$-4,$-3,$49,$-40,$0,$0,$0,$0,$0,$0,$-40,$-20,$24,$4,$0,$0,$-12,$-0,$-9,$1,$2,$-12
6,2017-03-31,32.32,$16.56,1.95,$17.68,1.83,$7.33,4.41,$1.65,19.59,$0.09B,$0.44B,0.21,$0.00B,$0.40B,0.0,$0.43B,$0.19B,44.00%,$0.43B,$0.08B,19.06%,$0.43B,$0.08B,19.06%,$0.43B,$0.16B,37.65%,$0.43B,$0.07B,16.24%,$0.43B,$0.04B,9.41%,$0.04B,$0.40B,10.22%,$0.04B,$0.36B,11.28%,$0.04B,$1.13B,3.51%,$0.08B,$0.40B,20.70%,$95,$51,$44,$0,$28,$79,$16,$-3,$13,$5,$8,$8,$8,$35,$16,$24,24,$0.33,$0.33,$2,$0,$0,$94,$973,$0,$36,$27,$1037,$1131,$443,$0,$0,$292,$734,$102,$294,$-0,$397,$1131,$8,$19,$-3,$17,$4,$0,$0,$1,$1,$26,$-16,$0,$0,$0,$0,$0,$0,$-16,$0,$-2,$-2,$0,$0,$-6,$-0,$-9,$1,$1,$-6
7,2016-12-31,37.48,$16.46,2.28,$17.69,2.12,$7.86,4.77,$1.59,23.57,$0.12B,$0.44B,0.28,$0.00B,$0.39B,0.0,$0.42B,$0.18B,43.40%,$0.42B,$0.08B,18.63%,$0.42B,$0.08B,18.63%,$0.42B,$0.16B,37.74%,$0.42B,$0.07B,15.80%,$0.42B,$0.04B,9.20%,$0.04B,$0.39B,10.07%,$0.04B,$0.36B,11.13%,$0.04B,$1.13B,3.43%,$0.08B,$0.39B,20.40%,$105,$56,$49,$0,$27,$83,$23,$-3,$20,$10,$10,$10,$10,$42,$23,$24,24,$0.40,$0.41,$1,$0,$0,$123,$969,$0,$36,$0,$1005,$1128,$442,$0,$0,$292,$734,$102,$293,$-0,$394,$1128,$38,$81,$-1,$80,$-4,$0,$0,$4,$22,$141,$-60,$0,$0,$0,$0,$0,$0,$-60,$-20,$-35,$-55,$0,$0,$-24,$-1,$-81,$-0,$3,$-24
8,2016-09-30,30.07,$16.33,1.84,$17.43,1.72,$5.68,5.29,$1.67,18.01,$0.13B,$0.46B,0.29,$0.00B,$0.39B,0.0,$0.42B,$0.18B,42.92%,$0.42B,$0.08B,18.16%,$0.42B,$0.08B,18.16%,$0.42B,$0.16B,37.74%,$0.42B,$0.07B,15.57%,$0.42B,$0.04B,9.67%,$0.04B,$0.39B,10.68%,$0.04B,$0.35B,11.84%,$0.04B,$1.15B,3.58%,$0.08B,$0.39B,20.07%,$122,$72,$50,$0,$26,$98,$24,$-3,$21,$8,$13,$13,$13,$44,$24,$24,24,$0.54,$0.54,$1,$0,$0,$132,$976,$0,$37,$0,$1013,$1145,$459,$0,$0,$295,$754,$102,$289,$-0,$391,$1145,$29,$62,$5,$66,$-10,$0,$0,$7,$11,$105,$-50,$0,$0,$0,$0,$0,$0,$-50,$-20,$-16,$-36,$0,$0,$-18,$-1,$-55,$-0,$2,$-18
9,2016-06-30,28.78,$16.03,1.79,$16.81,1.71,$3.69,7.81,$1.67,17.23,$0.13B,$0.48B,0.27,$0.00B,$0.38B,0.0,$0.42B,$0.18B,43.86%,$0.42B,$0.08B,18.80%,$0.42B,$0.08B,18.80%,$0.42B,$0.16B,39.04%,$0.42B,$0.07B,16.39%,$0.42B,$0.04B,10.12%,$0.04B,$0.38B,10.96%,$0.04B,$0.35B,12.15%,$0.04B,$1.15B,3.67%,$0.08B,$0.38B,20.35%,$103,$59,$44,$0,$26,$85,$18,$-3,$15,$6,$9,$9,$9,$39,$18,$24,24,$0.38,$0.38,$1,$0,$0,$129,$983,$0,$37,$0,$1020,$1148,$475,$0,$0,$289,$765,$101,$282,$-0,$383,$1148,$16,$41,$2,$44,$-2,$0,$0,$-1,$13,$72,$-41,$0,$0,$0,$0,$0,$0,$-41,$-20,$2,$-18,$0,$0,$-12,$-0,$-31,$0,$2,$-12
10,2016-03-31,23.37,$15.93,1.47,$16.16,1.45,$2.39,9.78,$1.61,14.52,$0.12B,$0.47B,0.26,$0.00B,$0.38B,0.0,$0.41B,$0.18B,43.87%,$0.41B,$0.08B,18.63%,$0.41B,$0.08B,18.63%,$0.41B,$0.16B,39.46%,$0.41B,$0.07B,16.42%,$0.41B,$0.04B,10.05%,$0.04B,$0.38B,10.40%,$0.04B,$0.34B,11.50%,$0.04B,$1.13B,3.59%,$0.08B,$0.38B,19.28%,$94,$53,$41,$0,$26,$79,$14,$-3,$11,$4,$7,$7,$7,$35,$14,$24,24,$0.28,$0.27,$1,$0,$0,$120,$976,$0,$37,$0,$1013,$1132,$467,$0,$0,$285,$752,$101,$279,$-0,$381,$1132,$7,$21,$-2,$19,$3,$0,$0,$2,$14,$40,$-18,$0,$0,$0,$0,$0,$0,$-18,$0,$-16,$-16,$0,$0,$-6,$-0,$-22,$-0,$1,$-6
11,2015-12-31,23.22,$15.92,1.46,$15.67,1.48,$1.77,13.14,$1.60,14.51,$0.14B,$0.49B,0.28,$0.00B,$0.38B,0.0,$0.40B,$0.18B,43.81%,$0.40B,$0.08B,18.81%,$0.40B,$0.08B,18.81%,$0.40B,$0.16B,39.85%,$0.40B,$0.07B,16.58%,$0.40B,$0.04B,10.15%,$0.04B,$0.38B,10.11%,$0.04B,$0.34B,11.15%,$0.04B,$1.15B,3.61%,$0.08B,$0.38B,18.74%,$105,$59,$47,$0,$25,$84,$21,$-3,$19,$7,$12,$12,$12,$42,$21,$25,25,$0.47,$0.47,$1,$0,$0,$136,$979,$0,$37,$0,$1017,$1153,$490,$0,$0,$283,$773,$101,$279,$-0,$380,$1153,$40,$84,$9,$93,$4,$0,$0,$20,$11,$144,$-114,$0,$0,$0,$0,$0,$0,$-114,$40,$19,$59,$-62,$-62,$-26,$-2,$-30,$-0,$3,$-26
12,2015-09-30,24.38,$15.99,1.52,$15.81,1.54,$0.32,76.07,$1.65,14.78,$0.14B,$0.49B,0.28,$0.00B,$0.39B,0.0,$0.41B,$0.18B,44.28%,$0.41B,$0.08B,19.95%,$0.41B,$0.08B,19.95%,$0.41B,$0.17B,40.63%,$0.41B,$0.07B,17.52%,$0.41B,$0.04B,10.46%,$0.04B,$0.39B,10.32%,$0.04B,$0.35B,11.35%,$0.04B,$1.15B,3.81%,$0.08B,$0.39B,19.68%,$113,$63,$50,$0,$25,$88,$25,$-3,$23,$9,$14,$14,$14,$46,$25,$25,25,$0.54,$0.54,$1,$0,$0,$137,$975,$0,$37,$0,$1012,$1149,$493,$0,$0,$266,$760,$104,$286,$-0,$389,$1149,$29,$63,$-7,$56,$-7,$0,$0,$24,$15,$101,$-93,$0,$0,$0,$0,$0,$0,$-93,$-20,$80,$60,$-47,$-47,$-20,$-0,$-8,$-0,$3,$-20
13,2015-06-30,27.56,$16.35,1.69,$15.68,1.76,$-0.42,0.0,$1.64,16.8,$0.13B,$0.44B,0.29,$0.00B,$0.43B,0.0,$0.41B,$0.18B,44.04%,$0.41B,$0.08B,19.95%,$0.41B,$0.08B,19.95%,$0.41B,$0.17B,40.39%,$0.41B,$0.07B,17.52%,$0.41B,$0.04B,10.46%,$0.04B,$0.43B,10.16%,$0.04B,$0.39B,11.17%,$0.04B,$1.13B,3.87%,$0.08B,$0.43B,19.37%,$96,$55,$41,$0,$24,$80,$16,$-2,$14,$6,$8,$8,$8,$38,$16,$26,26,$0.33,$0.32,$1,$0,$0,$128,$967,$0,$38,$0,$1005,$1133,$444,$0,$0,$262,$706,$109,$318,$-0,$427,$1133,$15,$42,$-9,$33,$7,$0,$0,$9,$17,$65,$-65,$0,$0,$0,$0,$0,$0,$-65,$-20,$35,$15,$-2,$-2,$-13,$-0,$-0,$-0,$2,$-13
14,2015-03-31,29.59,$16.30,1.82,$15.68,1.89,$-0.52,0.0,$1.71,17.3,$0.13B,$0.42B,0.3,$0.00B,$0.43B,0.0,$0.41B,$0.18B,44.28%,$0.41B,$0.08B,20.44%,$0.41B,$0.08B,20.44%,$0.41B,$0.17B,40.39%,$0.41B,$0.08B,18.25%,$0.41B,$0.05B,10.95%,$0.05B,$0.43B,10.77%,$0.05B,$0.39B,11.85%,$0.05B,$1.11B,4.12%,$0.08B,$0.43B,20.10%,$90,$51,$39,$0,$25,$76,$14,$-3,$11,$4,$7,$7,$7,$35,$14,$26,26,$0.26,$0.26,$1,$0,$0,$125,$949,$0,$38,$0,$987,$1112,$421,$0,$0,$266,$686,$108,$318,$-0,$426,$1112,$7,$21,$-5,$16,$12,$0,$0,$6,$12,$35,$-27,$0,$0,$0,$0,$0,$0,$-27,$0,$-2,$-2,$1,$1,$-7,$-1,$-8,$-0,$1,$-7
15,2014-12-31,32.0,$16.30,1.96,$15.58,2.05,$-0.44,0.0,$1.75,18.29,$0.10B,$0.42B,0.24,$0.00B,$0.43B,0.0,$0.41B,$0.18B,44.50%,$0.41B,$0.09B,20.78%,$0.41B,$0.09B,20.78%,$0.41B,$0.17B,40.59%,$0.41B,$0.08B,18.83%,$0.41B,$0.05B,11.25%,$0.05B,$0.43B,11.17%,$0.05B,$0.39B,12.32%,$0.05B,$1.12B,4.30%,$0.09B,$0.43B,20.63%,$112,$60,$52,$0,$25,$85,$27,$-3,$24,$10,$14,$14,$14,$48,$27,$26,26,$0.54,$0.53,$1,$0,$0,$102,$934,$0,$38,$41,$1014,$1116,$423,$0,$0,$269,$692,$106,$318,$-0,$425,$1116,$46,$81,$9,$91,$-16,$0,$0,$-8,$-13,$123,$-130,$0,$0,$0,$0,$0,$0,$-130,$20,$12,$32,$2,$2,$-26,$-2,$7,$-0,$4,$-26
16,2014-09-30,30.31,$15.97,1.9,$14.97,2.02,$0.69,43.97,$1.67,18.15,$0.10B,$0.43B,0.24,$0.00B,$0.42B,0.0,$0.39B,$0.18B,44.64%,$0.39B,$0.08B,20.41%,$0.39B,$0.08B,20.41%,$0.39B,$0.16B,40.56%,$0.39B,$0.07B,18.37%,$0.39B,$0.04B,11.22%,$0.04B,$0.42B,10.84%,$0.04B,$0.38B,11.96%,$0.04B,$1.09B,4.20%,$0.08B,$0.42B,19.70%,$113,$64,$49,$0,$24,$88,$25,$-2,$23,$9,$14,$14,$14,$45,$25,$26,26,$0.53,$0.53,$1,$0,$0,$104,$925,$0,$38,$22,$985,$1089,$430,$0,$0,$244,$675,$104,$311,$-0,$415,$1089,$32,$60,$-4,$57,$-17,$0,$0,$6,$-4,$85,$-97,$0,$0,$0,$0,$0,$0,$-97,$20,$12,$32,$0,$0,$-19,$-2,$11,$-1,$3,$-19
17,2014-06-30,32.35,$15.66,2.07,$14.82,2.18,$2.05,15.76,$1.62,19.97,$0.11B,$0.40B,0.28,$0.00B,$0.41B,0.0,$0.39B,$0.17B,44.07%,$0.39B,$0.08B,20.10%,$0.39B,$0.08B,20.10%,$0.39B,$0.16B,40.21%,$0.39B,$0.07B,18.04%,$0.39B,$0.04B,11.08%,$0.04B,$0.41B,10.72%,$0.04B,$0.37B,11.85%,$0.04B,$1.05B,4.18%,$0.08B,$0.41B,19.44%,$96,$54,$42,$0,$24,$78,$18,$-1,$17,$7,$10,$10,$10,$38,$18,$26,26,$0.39,$0.39,$1,$0,$0,$112,$901,$0,$38,$0,$940,$1052,$402,$0,$0,$243,$645,$103,$303,$-0,$406,$1052,$18,$40,$-2,$38,$-2,$0,$0,$-0,$-0,$55,$-58,$0,$0,$0,$0,$0,$0,$-58,$20,$-3,$17,$0,$0,$-13,$-2,$2,$-0,$2,$-13
18,2014-03-31,30.55,$15.52,1.97,$14.54,2.1,$2.94,10.39,$1.61,18.97,$0.08B,$0.38B,0.23,$0.00B,$0.40B,0.0,$0.38B,$0.17B,44.59%,$0.38B,$0.08B,20.58%,$0.38B,$0.08B,20.58%,$0.38B,$0.16B,40.90%,$0.38B,$0.07B,18.21%,$0.38B,$0.04B,11.35%,$0.04B,$0.40B,10.84%,$0.04B,$0.36B,12.01%,$0.04B,$1.02B,4.25%,$0.08B,$0.40B,19.66%,$88,$49,$39,$0,$23,$72,$15,$-2,$13,$5,$8,$8,$8,$35,$15,$26,26,$0.31,$0.30,$1,$0,$0,$84,$882,$0,$38,$17,$937,$1022,$375,$0,$0,$245,$620,$102,$300,$-0,$402,$1022,$8,$20,$3,$23,$4,$0,$0,$0,$7,$38,$-28,$0,$0,$0,$0,$0,$0,$-28,$40,$-42,$-2,$0,$0,$-6,$-2,$-10,$-0,$1,$-6
19,2013-12-31,34.56,$15.57,2.22,$14.69,2.35,$3.42,10.11,$1.67,20.69,$0.12B,$0.38B,0.31,$0.00B,$0.40B,0.0,$0.38B,$0.17B,44.47%,$0.38B,$0.08B,21.05%,$0.38B,$0.08B,21.05%,$0.38B,$0.16B,41.05%,$0.38B,$0.07B,18.68%,$0.38B,$0.04B,11.58%,$0.04B,$0.40B,11.30%,$0.04B,$0.36B,12.54%,$0.04B,$1.03B,4.41%,$0.08B,$0.40B,20.54%,$95,$50,$45,$0,$23,$73,$22,$-2,$19,$8,$12,$12,$12,$41,$22,$25,26,$0.46,$0.45,$2,$0,$0,$117,$872,$0,$38,$0,$911,$1028,$377,$0,$0,$249,$627,$103,$298,$-0,$401,$1028,$43,$77,$16,$92,$2,$0,$0,$-11,$-2,$134,$-111,$0,$0,$0,$0,$0,$0,$-111,$0,$-12,$-12,$15,$15,$-24,$-1,$-22,$0,$4,$-24
20,2013-09-30,30.78,$15.41,2.0,$15.09,2.04,$3.00,10.24,$1.69,18.21,$0.11B,$0.38B,0.3,$0.00B,$0.40B,0.0,$0.39B,$0.17B,43.41%,$0.39B,$0.08B,20.41%,$0.39B,$0.08B,20.41%,$0.39B,$0.16B,40.05%,$0.39B,$0.07B,18.35%,$0.39B,$0.04B,11.37%,$0.04B,$0.40B,11.56%,$0.04B,$0.36B,12.88%,$0.04B,$1.01B,4.47%,$0.08B,$0.40B,20.76%,$109,$64,$45,$0,$22,$86,$23,$-2,$21,$8,$13,$13,$13,$42,$23,$26,26,$0.49,$0.48,$1,$0,$0,$114,$857,$0,$39,$0,$895,$1009,$377,$0,$0,$237,$614,$103,$292,$0,$396,$1009,$32,$57,$5,$62,$-2,$0,$0,$-1,$6,$100,$-76,$0,$0,$0,$0,$0,$0,$-76,$0,$-21,$-21,$14,$14,$-18,$0,$-25,$-1,$3,$-18
21,2013-06-30,29.25,$15.13,1.93,$14.88,1.97,$1.86,15.7,$1.71,17.1,$0.11B,$0.37B,0.29,$0.00B,$0.39B,0.0,$0.38B,$0.17B,44.30%,$0.38B,$0.08B,20.95%,$0.38B,$0.08B,20.95%,$0.38B,$0.15B,40.85%,$0.38B,$0.07B,18.57%,$0.38B,$0.04B,11.41%,$0.04B,$0.39B,11.61%,$0.04B,$0.35B,12.98%,$0.04B,$0.99B,4.40%,$0.08B,$0.39B,21.32%,$87,$47,$40,$0,$22,$69,$18,$-2,$16,$6,$10,$10,$10,$37,$18,$25,26,$0.39,$0.38,$1,$0,$0,$108,$839,$0,$39,$0,$878,$985,$367,$0,$0,$230,$597,$102,$286,$0,$388,$985,$19,$38,$1,$38,$4,$0,$0,$-1,$9,$66,$-46,$0,$0,$0,$0,$0,$0,$-46,$0,$-23,$-23,$13,$13,$-12,$1,$-21,$-1,$2,$-12
22,2013-03-31,26.41,$14.80,1.78,$14.83,1.78,$0.89,29.54,$1.75,15.09,$0.10B,$0.36B,0.28,$0.00B,$0.37B,0.0,$0.37B,$0.17B,44.92%,$0.37B,$0.08B,21.66%,$0.37B,$0.08B,21.66%,$0.37B,$0.15B,41.18%,$0.37B,$0.07B,18.98%,$0.37B,$0.04B,11.50%,$0.04B,$0.37B,11.93%,$0.04B,$0.33B,13.40%,$0.04B,$0.97B,4.42%,$0.08B,$0.37B,22.47%,$89,$50,$39,$0,$22,$71,$17,$-2,$15,$6,$9,$9,$9,$36,$17,$25,25,$0.37,$0.36,$0,$0,$0,$101,$827,$0,$39,$0,$866,$967,$364,$0,$0,$230,$594,$90,$282,$0,$373,$967,$9,$19,$2,$21,$5,$0,$0,$-1,$12,$42,$-20,$0,$0,$0,$0,$0,$0,$-20,$0,$-21,$-21,$4,$4,$-6,$-0,$-23,$-1,$1,$-6
23,2012-12-31,24.52,$14.63,1.68,$14.48,1.69,$0.25,96.37,$1.78,13.77,$0.11B,$0.38B,0.3,$0.00B,$0.37B,0.0,$0.36B,$0.17B,46.43%,$0.36B,$0.08B,22.53%,$0.36B,$0.08B,22.53%,$0.36B,$0.15B,42.31%,$0.36B,$0.07B,19.78%,$0.36B,$0.04B,12.09%,$0.04B,$0.37B,12.47%,$0.04B,$0.33B,14.06%,$0.04B,$0.97B,4.56%,$0.08B,$0.37B,23.25%,$102,$58,$44,$0,$23,$81,$21,$-2,$19,$7,$12,$12,$12,$40,$21,$25,25,$0.48,$0.47,$2,$0,$0,$113,$820,$0,$39,$0,$859,$972,$381,$0,$0,$227,$608,$85,$279,$0,$365,$972,$45,$72,$17,$89,$-4,$0,$0,$-0,$-8,$126,$-115,$0,$0,$0,$0,$0,$0,$-115,$0,$6,$6,$6,$6,$-23,$1,$-11,$0,$4,$-23
24,2012-09-30,21.78,$14.34,1.52,$13.87,1.57,$-0.78,0.0,$1.84,11.84,$0.13B,$0.41B,0.31,$0.00B,$0.36B,0.0,$0.35B,$0.17B,48.70%,$0.35B,$0.08B,24.21%,$0.35B,$0.08B,24.21%,$0.35B,$0.16B,44.67%,$0.35B,$0.07B,21.33%,$0.35B,$0.05B,12.97%,$0.05B,$0.36B,13.05%,$0.05B,$0.32B,14.77%,$0.05B,$0.99B,4.73%,$0.08B,$0.36B,24.37%,$99,$56,$44,$0,$21,$77,$23,$-2,$20,$8,$12,$12,$12,$41,$23,$25,25,$0.50,$0.50,$0,$0,$0,$129,$820,$0,$39,$0,$859,$988,$411,$0,$0,$221,$632,$82,$273,$0,$356,$988,$33,$54,$-4,$49,$-10,$0,$0,$-0,$9,$91,$-97,$0,$0,$0,$0,$0,$0,$-97,$0,$18,$18,$4,$4,$-17,$1,$5,$-1,$3,$-17
25,2012-06-30,21.93,$14.03,1.56,$14.15,1.55,$-0.95,0.0,$1.96,11.19,$0.11B,$0.40B,0.28,$0.00B,$0.35B,0.0,$0.35B,$0.17B,48.73%,$0.35B,$0.09B,24.93%,$0.35B,$0.09B,24.93%,$0.35B,$0.16B,44.76%,$0.35B,$0.08B,22.38%,$0.35B,$0.05B,13.60%,$0.05B,$0.35B,14.30%,$0.05B,$0.31B,16.23%,$0.05B,$0.96B,5.17%,$0.09B,$0.35B,26.21%,$84,$43,$41,$0,$21,$64,$20,$-2,$17,$7,$10,$10,$10,$37,$20,$25,25,$0.42,$0.42,$0,$0,$0,$113,$811,$0,$40,$0,$850,$964,$402,$0,$0,$215,$616,$81,$267,$0,$348,$964,$20,$35,$7,$42,$5,$0,$0,$-6,$3,$65,$-70,$0,$0,$0,$0,$0,$0,$-70,$0,$12,$12,$3,$3,$-11,$1,$4,$-1,$2,$-11
26,2012-03-31,26.37,$13.81,1.91,$14.03,1.88,$-0.64,0.0,$2.00,13.19,$0.11B,$0.38B,0.28,$0.00B,$0.34B,0.0,$0.35B,$0.17B,48.71%,$0.35B,$0.09B,25.50%,$0.35B,$0.09B,25.50%,$0.35B,$0.16B,45.27%,$0.35B,$0.08B,23.21%,$0.35B,$0.05B,14.04%,$0.05B,$0.34B,15.03%,$0.05B,$0.30B,17.13%,$0.05B,$0.93B,5.42%,$0.09B,$0.34B,27.30%,$79,$39,$40,$0,$21,$60,$18,$-2,$16,$6,$10,$10,$10,$36,$18,$25,25,$0.40,$0.39,$0,$0,$0,$106,$788,$0,$40,$0,$828,$934,$383,$0,$0,$210,$592,$80,$262,$0,$342,$934,$10,$18,$3,$20,$8,$0,$0,$-2,$5,$35,$-30,$0,$0,$0,$0,$0,$0,$-30,$0,$-4,$-4,$3,$3,$-6,$1,$-6,$-1,$1,$-6
27,2011-12-31,23.63,$13.56,1.74,$13.86,1.7,$-0.63,0.0,$2.00,11.81,$0.11B,$0.38B,0.29,$0.00B,$0.33B,0.0,$0.34B,$0.17B,48.40%,$0.34B,$0.09B,25.66%,$0.34B,$0.09B,25.66%,$0.34B,$0.16B,45.19%,$0.34B,$0.08B,23.62%,$0.34B,$0.05B,14.29%,$0.05B,$0.33B,15.52%,$0.05B,$0.29B,17.77%,$0.05B,$0.92B,5.58%,$0.09B,$0.33B,27.87%,$85,$41,$44,$0,$21,$62,$23,$-2,$21,$8,$13,$13,$13,$41,$23,$24,25,$0.54,$0.53,$1,$0,$0,$111,$768,$0,$40,$0,$808,$919,$380,$0,$0,$205,$586,$75,$258,$0,$333,$919,$50,$67,$20,$88,$-18,$0,$0,$-2,$-8,$129,$-144,$0,$0,$0,$0,$0,$0,$-144,$88,$-57,$31,$5,$5,$-22,$1,$15,$0,$5,$-22
28,2011-09-30,19.21,$13.15,1.46,$13.71,1.4,$-0.28,0.0,$1.99,9.65,$0.10B,$0.38B,0.28,$0.00B,$0.32B,0.0,$0.34B,$0.16B,47.34%,$0.34B,$0.09B,25.74%,$0.34B,$0.09B,25.74%,$0.34B,$0.15B,44.97%,$0.34B,$0.08B,23.67%,$0.34B,$0.05B,14.50%,$0.05B,$0.32B,16.00%,$0.05B,$0.28B,18.42%,$0.05B,$0.90B,5.75%,$0.09B,$0.32B,28.41%,$105,$58,$47,$0,$20,$78,$27,$-2,$25,$10,$15,$15,$15,$44,$27,$24,25,$0.63,$0.62,$1,$0,$0,$104,$751,$0,$40,$0,$791,$895,$376,$0,$0,$199,$575,$70,$251,$0,$320,$895,$36,$50,$15,$65,$-15,$0,$0,$2,$4,$104,$-114,$0,$0,$0,$0,$0,$0,$-114,$88,$-64,$24,$2,$2,$-17,$0,$10,$-0,$4,$-17
29,2011-06-30,22.5,$12.70,1.77,$12.91,1.74,$-0.40,0.0,$1.77,12.71,$0.10B,$0.37B,0.28,$0.00B,$0.31B,0.0,$0.32B,$0.15B,46.52%,$0.32B,$0.08B,24.37%,$0.32B,$0.08B,24.37%,$0.32B,$0.14B,44.62%,$0.32B,$0.07B,22.47%,$0.32B,$0.04B,13.92%,$0.04B,$0.31B,14.84%,$0.04B,$0.27B,17.19%,$0.04B,$0.87B,5.29%,$0.08B,$0.31B,25.97%,$80,$40,$39,$0,$19,$59,$21,$-2,$19,$7,$11,$11,$11,$37,$21,$24,25,$0.47,$0.46,$0,$0,$0,$102,$724,$0,$40,$0,$765,$867,$368,$0,$0,$190,$557,$68,$241,$0,$309,$867,$21,$33,$7,$39,$-3,$0,$0,$-2,$11,$71,$-68,$0,$0,$0,$0,$0,$0,$-68,$88,$-83,$5,$2,$2,$-11,$1,$-4,$-1,$2,$-11
30,2011-03-31,21.65,$12.39,1.75,$12.44,1.74,$-0.89,0.0,$1.62,13.37,$0.09B,$0.35B,0.27,$0.00B,$0.30B,0.0,$0.30B,$0.14B,45.87%,$0.30B,$0.07B,23.10%,$0.30B,$0.07B,23.10%,$0.30B,$0.13B,43.89%,$0.30B,$0.06B,21.12%,$0.30B,$0.04B,13.20%,$0.04B,$0.30B,13.89%,$0.04B,$0.26B,16.18%,$0.04B,$0.83B,4.94%,$0.07B,$0.30B,24.31%,$73,$37,$36,$0,$19,$56,$17,$-1,$16,$6,$10,$10,$10,$33,$17,$24,25,$0.40,$0.39,$2,$0,$0,$94,$698,$0,$40,$0,$738,$832,$347,$0,$0,$184,$531,$66,$235,$0,$301,$832,$10,$16,$3,$19,$1,$0,$0,$2,$6,$35,$-30,$0,$0,$0,$0,$0,$0,$-30,$0,$0,$0,$1,$1,$-5,$0,$-4,$1,$1,$-5
31,2010-12-31,20.64,$12.17,1.7,$12.05,1.71,$-0.80,0.0,$1.51,13.67,$0.10B,$0.34B,0.29,$0.00B,$0.30B,0.0,$0.29B,$0.13B,44.86%,$0.29B,$0.07B,22.26%,$0.29B,$0.07B,22.26%,$0.29B,$0.13B,43.84%,$0.29B,$0.06B,20.21%,$0.29B,$0.04B,12.67%,$0.04B,$0.30B,13.18%,$0.04B,$0.25B,15.43%,$0.04B,$0.81B,4.68%,$0.07B,$0.30B,23.15%,$80,$41,$38,$0,$17,$58,$22,$-2,$20,$8,$13,$13,$13,$38,$22,$24,24,$0.52,$0.51,$1,$0,$0,$98,$675,$0,$41,$0,$716,$814,$339,$0,$0,$180,$519,$64,$231,$0,$295,$814,$36,$63,$6,$69,$-7,$0,$0,$-1,$-5,$101,$-106,$0,$-0,$0,$0,$0,$0,$-106,$-12,$30,$18,$8,$8,$-21,$1,$5,$-0,$4,$-21
32,2010-09-30,18.7,$11.73,1.59,$11.55,1.62,$2.74,6.82,$1.36,13.75,$0.11B,$0.36B,0.29,$0.00B,$0.28B,0.0,$0.28B,$0.12B,44.44%,$0.28B,$0.06B,20.79%,$0.28B,$0.06B,20.79%,$0.28B,$0.12B,43.37%,$0.28B,$0.05B,19.00%,$0.28B,$0.03B,11.83%,$0.03B,$0.28B,12.05%,$0.03B,$0.24B,14.18%,$0.03B,$0.81B,4.25%,$0.06B,$0.28B,21.19%,$83,$49,$34,$0,$17,$66,$17,$-2,$16,$6,$10,$10,$10,$33,$17,$24,24,$0.41,$0.40,$0,$0,$0,$106,$666,$0,$41,$0,$707,$813,$363,$0,$0,$169,$532,$57,$224,$0,$281,$813,$24,$46,$-2,$44,$-20,$0,$0,$6,$-2,$66,$-79,$0,$0,$0,$0,$0,$0,$-79,$-12,$37,$25,$2,$2,$-16,$0,$12,$-1,$3,$-16
33,2010-06-30,17.61,$11.50,1.53,$11.27,1.56,$5.73,3.07,$1.36,12.95,$0.09B,$0.34B,0.26,$0.00B,$0.28B,0.0,$0.27B,$0.12B,44.85%,$0.27B,$0.06B,21.32%,$0.27B,$0.06B,21.32%,$0.27B,$0.12B,44.49%,$0.27B,$0.05B,19.49%,$0.27B,$0.03B,12.13%,$0.03B,$0.28B,12.27%,$0.03B,$0.23B,14.47%,$0.03B,$0.78B,4.33%,$0.06B,$0.28B,21.56%,$67,$36,$31,$0,$17,$53,$14,$-2,$12,$5,$7,$7,$7,$29,$14,$24,24,$0.31,$0.31,$1,$0,$0,$87,$650,$0,$41,$0,$691,$778,$338,$0,$0,$165,$503,$55,$220,$0,$275,$778,$14,$31,$-2,$29,$0,$0,$0,$-5,$0,$43,$-52,$0,$0,$0,$0,$0,$0,$-52,$-12,$28,$16,$2,$2,$-11,$0,$8,$-1,$2,$-11
34,2010-03-31,18.57,$11.37,1.63,$11.31,1.64,$8.05,2.31,$1.35,13.75,$0.08B,$0.31B,0.26,$0.00B,$0.27B,0.0,$0.27B,$0.12B,44.28%,$0.27B,$0.06B,21.03%,$0.27B,$0.06B,21.03%,$0.27B,$0.12B,44.65%,$0.27B,$0.05B,19.56%,$0.27B,$0.03B,12.18%,$0.03B,$0.27B,12.48%,$0.03B,$0.23B,14.78%,$0.03B,$0.76B,4.37%,$0.06B,$0.27B,21.55%,$62,$34,$28,$0,$15,$49,$12,$-2,$11,$4,$7,$7,$7,$28,$12,$24,24,$0.28,$0.28,$0,$0,$0,$82,$632,$0,$41,$0,$673,$755,$313,$0,$0,$170,$483,$54,$218,$0,$272,$755,$7,$15,$-1,$14,$7,$0,$0,$-4,$8,$29,$-21,$0,$0,$0,$0,$0,$0,$-21,$0,$-5,$-5,$2,$2,$-5,$0,$-8,$-1,$1,$-5
35,2009-12-31,16.97,$11.24,1.51,$11.57,1.47,$8.42,2.02,$1.40,12.12,$0.09B,$0.32B,0.29,$0.00B,$0.27B,0.0,$0.28B,$0.12B,44.20%,$0.28B,$0.06B,21.74%,$0.28B,$0.06B,21.74%,$0.28B,$0.12B,44.93%,$0.28B,$0.06B,19.93%,$0.28B,$0.03B,12.32%,$0.03B,$0.27B,13.08%,$0.03B,$0.23B,15.56%,$0.03B,$0.76B,4.48%,$0.06B,$0.27B,23.08%,$67,$36,$31,$0,$15,$51,$15,$-2,$14,$5,$9,$9,$9,$31,$15,$24,24,$0.37,$0.37,$1,$0,$0,$92,$624,$0,$41,$0,$666,$758,$323,$0,$0,$167,$491,$51,$217,$0,$267,$758,$33,$63,$16,$79,$14,$0,$0,$1,$10,$122,$-43,$0,$-2,$0,$0,$0,$0,$-45,$-12,$-46,$-58,$1,$1,$-20,$0,$-77,$-0,$4,$-20
36,2009-09-30,15.98,$11.03,1.45,$12.05,1.33,$5.89,2.71,$1.42,11.25,$0.10B,$0.34B,0.28,$0.00B,$0.26B,0.0,$0.29B,$0.12B,43.21%,$0.29B,$0.06B,21.95%,$0.29B,$0.06B,21.95%,$0.29B,$0.13B,44.25%,$0.29B,$0.06B,19.51%,$0.29B,$0.03B,11.85%,$0.03B,$0.26B,13.29%,$0.03B,$0.22B,15.89%,$0.03B,$0.76B,4.44%,$0.06B,$0.26B,24.63%,$76,$44,$32,$0,$14,$58,$17,$-2,$16,$6,$10,$10,$10,$33,$17,$24,24,$0.40,$0.40,$0,$0,$0,$95,$622,$0,$41,$0,$663,$758,$337,$0,$0,$159,$496,$49,$213,$0,$262,$758,$24,$48,$-4,$43,$7,$0,$0,$3,$22,$90,$-31,$0,$-1,$0,$0,$0,$0,$-32,$-12,$-32,$-44,$1,$1,$-15,$0,$-58,$-1,$3,$-15
37,2009-06-30,14.14,$10.81,1.31,$12.49,1.13,$3.74,3.78,$1.50,9.43,$0.09B,$0.34B,0.25,$0.00B,$0.26B,0.0,$0.30B,$0.13B,43.10%,$0.30B,$0.07B,22.90%,$0.30B,$0.07B,22.90%,$0.30B,$0.13B,44.11%,$0.30B,$0.06B,19.87%,$0.30B,$0.04B,12.12%,$0.04B,$0.26B,14.33%,$0.04B,$0.22B,16.38%,$0.04B,$0.75B,4.81%,$0.07B,$0.26B,27.06%,$66,$38,$29,$0,$15,$53,$13,$-2,$12,$5,$7,$7,$7,$29,$13,$24,24,$0.30,$0.30,$0,$0,$0,$87,$625,$0,$41,$0,$666,$753,$343,$0,$0,$154,$497,$48,$209,$0,$257,$753,$15,$32,$-3,$30,$19,$0,$0,$-7,$21,$66,$-19,$0,$-1,$0,$0,$0,$0,$-20,$-12,$-25,$-37,$1,$1,$-10,$0,$-46,$-1,$2,$-10
38,2009-03-31,11.54,$10.69,1.08,$12.79,0.9,$1.44,7.98,$1.62,7.12,$0.10B,$0.36B,0.27,$0.00B,$0.25B,0.0,$0.31B,$0.13B,43.28%,$0.31B,$0.07B,24.26%,$0.31B,$0.07B,24.26%,$0.31B,$0.14B,44.59%,$0.31B,$0.06B,20.98%,$0.31B,$0.04B,12.79%,$0.04B,$0.25B,15.85%,$0.04B,$0.21B,17.33%,$0.04B,$0.77B,5.36%,$0.07B,$0.25B,30.08%,$67,$37,$30,$0,$16,$52,$15,$-2,$13,$5,$8,$8,$8,$31,$15,$24,24,$0.33,$0.33,$0,$0,$0,$98,$628,$0,$42,$0,$669,$767,$363,$0,$0,$150,$514,$47,$207,$0,$254,$767,$8,$16,$-0,$16,$12,$0,$0,$-4,$8,$32,$-16,$0,$-1,$0,$0,$0,$0,$-17,$0,$-12,$-12,$0,$0,$-5,$0,$-16,$-1,$1,$-5
39,2008-12-31,15.49,$10.54,1.47,$12.69,1.22,$0.87,17.91,$1.72,9.01,$0.11B,$0.39B,0.29,$0.00B,$0.25B,0.0,$0.30B,$0.14B,44.55%,$0.30B,$0.08B,25.74%,$0.30B,$0.08B,25.74%,$0.30B,$0.14B,45.54%,$0.30B,$0.07B,22.44%,$0.30B,$0.04B,13.53%,$0.04B,$0.25B,17.10%,$0.04B,$0.21B,17.88%,$0.04B,$0.78B,5.88%,$0.08B,$0.25B,32.53%,$78,$45,$33,$0,$15,$61,$18,$-3,$15,$6,$9,$9,$9,$34,$18,$24,24,$0.39,$0.39,$1,$0,$0,$114,$629,$0,$42,$0,$671,$784,$389,$0,$0,$146,$535,$46,$204,$0,$250,$784,$41,$60,$-6,$55,$-15,$0,$0,$-3,$3,$99,$-80,$0,$-88,$0,$0,$0,$0,$-168,$-12,$120,$108,$-24,$-24,$-19,$0,$66,$-4,$4,$-19
40,2008-09-30,20.69,$10.31,2.01,$12.22,1.69,$0.32,64.01,$1.81,11.43,$0.10B,$0.31B,0.32,$0.00B,$0.24B,0.0,$0.30B,$0.14B,46.28%,$0.30B,$0.08B,28.04%,$0.30B,$0.08B,28.04%,$0.30B,$0.14B,47.64%,$0.30B,$0.07B,24.66%,$0.30B,$0.04B,14.86%,$0.04B,$0.24B,18.47%,$0.04B,$0.24B,18.51%,$0.04B,$0.69B,6.65%,$0.08B,$0.24B,34.84%,$86,$50,$36,$0,$15,$65,$22,$-3,$19,$7,$12,$12,$12,$37,$22,$24,24,$0.49,$0.48,$0,$0,$0,$98,$589,$0,$0,$0,$589,$687,$310,$0,$0,$133,$443,$45,$200,$0,$244,$687,$32,$44,$-5,$40,$-10,$0,$0,$1,$10,$81,$-74,$0,$0,$0,$0,$0,$0,$-74,$-12,$37,$25,$-24,$-24,$-14,$1,$-12,$-5,$3,$-14
41,2008-06-30,17.52,$9.96,1.76,$11.77,1.49,$-0.35,0.0,$1.79,9.79,$0.09B,$0.31B,0.29,$0.00B,$0.24B,0.0,$0.29B,$0.14B,46.74%,$0.29B,$0.08B,28.52%,$0.29B,$0.08B,28.52%,$0.29B,$0.14B,48.11%,$0.29B,$0.07B,25.43%,$0.29B,$0.04B,15.12%,$0.04B,$0.24B,18.24%,$0.04B,$0.24B,18.28%,$0.04B,$0.68B,6.76%,$0.08B,$0.24B,34.40%,$74,$41,$33,$0,$14,$55,$19,$-2,$17,$7,$10,$10,$10,$34,$19,$24,24,$0.43,$0.42,$1,$0,$0,$90,$585,$0,$0,$0,$585,$675,$313,$0,$0,$126,$439,$43,$193,$0,$236,$675,$20,$29,$-2,$26,$-2,$0,$0,$-7,$-1,$45,$-53,$0,$0,$0,$0,$0,$0,$-53,$-12,$49,$37,$-24,$-24,$-9,$0,$4,$-4,$2,$-9
42,2008-03-31,17.04,$9.69,1.76,$11.32,1.5,$-0.67,0.0,$1.73,9.85,$0.08B,$0.29B,0.26,$0.00B,$0.23B,0.0,$0.28B,$0.13B,46.83%,$0.28B,$0.08B,28.87%,$0.28B,$0.08B,28.87%,$0.28B,$0.14B,48.24%,$0.28B,$0.07B,25.35%,$0.28B,$0.04B,15.14%,$0.04B,$0.23B,17.62%,$0.04B,$0.23B,17.66%,$0.04B,$0.64B,6.77%,$0.08B,$0.23B,33.61%,$65,$33,$33,$0,$14,$46,$19,$-2,$17,$7,$10,$10,$10,$33,$19,$24,24,$0.43,$0.43,$0,$0,$0,$77,$566,$0,$0,$0,$566,$643,$293,$0,$0,$122,$414,$42,$187,$0,$229,$643,$10,$14,$-1,$13,$6,$0,$0,$-3,$2,$26,$-23,$0,$0,$0,$0,$0,$0,$-23,$0,$21,$21,$-24,$-24,$-4,$0,$-7,$-5,$1,$-4
43,2007-12-31,18.06,$9.93,1.82,$11.00,1.64,$-1.03,0.0,$1.67,10.81,$0.09B,$0.28B,0.31,$0.00B,$0.24B,0.0,$0.28B,$0.13B,46.43%,$0.28B,$0.08B,28.93%,$0.28B,$0.08B,28.93%,$0.28B,$0.13B,47.86%,$0.28B,$0.07B,25.00%,$0.28B,$0.04B,15.00%,$0.04B,$0.24B,17.06%,$0.04B,$0.24B,17.09%,$0.04B,$0.64B,6.73%,$0.08B,$0.24B,32.89%,$71,$36,$35,$0,$13,$49,$23,$-3,$20,$8,$12,$12,$12,$37,$23,$25,25,$0.48,$0.48,$5,$0,$0,$88,$552,$0,$2,$0,$554,$642,$282,$0,$0,$116,$398,$42,$202,$0,$244,$642,$42,$54,$-5,$49,$-8,$0,$0,$1,$4,$95,$-89,$0,$0,$0,$0,$0,$-4,$-93,$-12,$44,$32,$-13,$-13,$-18,$1,$2,$5,$3,$-18
44,2007-09-30,23.19,$10.08,2.3,$10.99,2.11,$-0.91,0.0,$1.66,13.97,$0.10B,$0.27B,0.37,$0.00B,$0.26B,0.0,$0.28B,$0.13B,45.71%,$0.28B,$0.08B,28.21%,$0.28B,$0.08B,28.21%,$0.28B,$0.13B,46.79%,$0.28B,$0.07B,24.64%,$0.28B,$0.04B,15.00%,$0.04B,$0.26B,17.28%,$0.04B,$0.26B,17.28%,$0.04B,$0.64B,6.89%,$0.08B,$0.26B,32.51%,$81,$45,$35,$0,$13,$58,$22,$-3,$20,$8,$12,$12,$12,$36,$22,$25,26,$0.47,$0.46,$3,$0,$0,$101,$542,$0,$0,$0,$542,$642,$270,$0,$0,$116,$387,$42,$213,$0,$256,$642,$30,$40,$-4,$36,$-20,$0,$0,$2,$-12,$54,$-63,$0,$0,$0,$0,$0,$0,$-63,$0,$19,$19,$4,$4,$-13,$2,$11,$2,$3,$-13
45,2007-06-30,23.38,$9.73,2.4,$10.94,2.14,$-0.74,0.0,$1.70,13.75,$0.08B,$0.26B,0.32,$0.00B,$0.25B,0.0,$0.28B,$0.13B,46.57%,$0.28B,$0.08B,29.24%,$0.28B,$0.08B,29.24%,$0.28B,$0.13B,47.29%,$0.28B,$0.07B,25.27%,$0.28B,$0.04B,15.52%,$0.04B,$0.25B,18.38%,$0.04B,$0.25B,18.38%,$0.04B,$0.61B,7.22%,$0.08B,$0.25B,34.62%,$67,$37,$30,$0,$13,$50,$18,$-3,$15,$6,$9,$9,$9,$31,$18,$25,25,$0.36,$0.36,$0,$0,$0,$81,$533,$0,$0,$0,$533,$614,$256,$0,$0,$112,$368,$40,$206,$0,$247,$614,$18,$26,$-2,$24,$-5,$0,$0,$-8,$-13,$29,$-45,$0,$0,$0,$0,$0,$0,$-45,$0,$20,$20,$3,$3,$-9,$1,$17,$-0,$2,$-9
46,2007-03-31,21.85,$9.46,2.31,$10.70,2.04,$-0.91,0.0,$1.68,13.01,$0.08B,$0.25B,0.31,$0.00B,$0.24B,0.0,$0.27B,$0.13B,46.13%,$0.27B,$0.08B,28.78%,$0.27B,$0.08B,28.78%,$0.27B,$0.13B,46.86%,$0.27B,$0.07B,25.09%,$0.27B,$0.04B,15.87%,$0.04B,$0.24B,19.11%,$0.04B,$0.24B,19.11%,$0.04B,$0.60B,7.36%,$0.08B,$0.24B,34.67%,$61,$31,$30,$0,$12,$43,$18,$-3,$15,$6,$9,$9,$9,$30,$18,$25,25,$0.37,$0.37,$0,$0,$0,$76,$521,$0,$0,$0,$521,$597,$246,$0,$0,$113,$359,$37,$202,$0,$238,$597,$9,$13,$-1,$11,$-0,$0,$0,$-4,$-4,$16,$-23,$0,$0,$0,$0,$0,$0,$-23,$0,$9,$9,$1,$1,$-4,$0,$7,$0,$1,$-4
47,2006-12-31,21.02,$9.20,2.29,$10.56,1.99,$-1.09,0.0,$1.62,12.98,$0.08B,$0.25B,0.31,$0.00B,$0.23B,0.0,$0.27B,$0.12B,45.52%,$0.27B,$0.08B,27.99%,$0.27B,$0.08B,27.99%,$0.27B,$0.12B,46.27%,$0.27B,$0.07B,24.63%,$0.27B,$0.04B,15.67%,$0.04B,$0.23B,19.38%,$0.04B,$0.23B,19.38%,$0.04B,$0.59B,7.34%,$0.08B,$0.23B,34.60%,$71,$37,$33,$0,$12,$49,$21,$-3,$19,$7,$12,$12,$12,$34,$21,$25,25,$0.47,$0.48,$0,$0,$0,$76,$509,$0,$0,$0,$509,$586,$247,$0,$0,$108,$355,$34,$197,$0,$231,$586,$41,$47,$0,$48,$4,$0,$0,$-2,$10,$99,$-90,$0,$0,$0,$0,$0,$0,$-90,$0,$2,$2,$3,$3,$-15,$1,$-9,$0,$3,$-15
