,Date,Stock Price,Book Value per Share,Price to Book Ratio,TTM Sales per Share,Price to Sales Ratio,TTM FCF per Share,Price to FCF Ratio,TTM Net EPS,PE Ratio,Current Assets,Current Liabilities,Current Ratio,Long Term Debt,Shareholder's Equity_x,Debt to Equity Ratio,TTM Revenue_x,TTM Gross Profit,Gross Margin,TTM Revenue_y,TTM Operating Income,Operating Margin,TTM Revenue_x,TTM EBIT,EBIT Margin,TTM Revenue_y,TTM EBITDA,EBITDA Margin,TTM Revenue_x,TTM Pre-Tax Income,Pre-Tax Margin,TTM Revenue_y,TTM Net Income_x,Net Margin,TTM Net Income_y,Shareholder's Equity_y,Return on Equity,TTM Net Income_x,Tangible Equity,Return on Tangible Equity,TTM Net Income_y,Total Assets,Return on Assets,TTM Net Income,LT Investments & Debt,Return on Investment,revenue,cost-goods-sold,gross-profit,research-development-expenses,selling-general-administrative-expenses,operating-expenses,operating-income,total-non-operating-income-expense,pre-tax-income,total-provision-income-taxes,income-after-taxes,income-from-continuous-operations,net-income,ebitda,ebit,basic-shares-outstanding,shares-outstanding,eps-basic-net-earnings-per-share,eps-earnings-per-share-diluted,cash-on-hand,inventory,other-current-assets,total-current-assets,net-property-plant-equipment,long-term-investments,goodwill-intangible-assets-total,other-long-term-assets,total-long-term-assets,total-assets,total-current-liabilities,long-term-debt,other-non-current-liabilities,total-long-term-liabilities,total-liabilities,common-stock-net,retained-earnings-accumulated-deficit,comprehensive-income,total-share-holder-equity,total-liabilities-share-holders-equity,net-income-loss,total-depreciation-amortization-cash-flow,other-non-cash-items,total-non-cash-items,change-in-accounts-receivable,change-in-inventories,change-in-accounts-payable,change-in-assets-liabilities,total-change-in-assets-liabilities,cash-flow-from-operating-activities,net-change-in-property-plant-equipment,net-change-in-intangible-assets,net-acquisitions-divestitures,net-change-in-short-term-investments,net-change-in-long-term-investments,net-change-in-investments-total,investing-activities-other,cash-flow-from-investing-activities,net-long-term-debt,net-current-debt,debt-issuance-retirement-net-total,net-common-equity-issued-repurchased,net-total-equity-issued-repurchased,total-common-preferred-stock-dividends-paid,financial-activities-other,cash-flow-from-financial-activities,net-cash-flow,stock-based-compensation,common-stock-dividends-paid
0,2018-09-30,175.35,$101.50,1.73,$132.21,1.33,$7.93,22.11,$11.63,15.08,$4.55B,$2.96B,1.54,$1.53B,$7.57B,0.2,$9.90B,$2.95B,29.75%,$9.90B,$1.22B,12.36%,$9.90B,$1.22B,12.36%,$9.90B,$1.73B,17.43%,$9.90B,$1.18B,11.94%,$9.90B,$0.87B,8.81%,$0.87B,$7.57B,11.89%,$0.87B,$4.11B,22.09%,$0.87B,$13.00B,6.91%,$1.22B,$9.10B,13.63%,$2546,$1825,$720,$0,$433,$2259,$287,$-10,$278,$49,$228,$228,$227,$420,$287,$75,75,$3.03,$3.02,$91,$2214,$70,$4548,$4586,$0,$3467,$0,$8452,$13001,$2957,$1529,$511,$2472,$5429,$1,$6636,$-704,$7572,$13001,$635,$383,$144,$527,$-181,$-210,$0,$-66,$-267,$894,$-643,$0,$-425,$40,$0,$40,$0,$-1028,$-190,$351,$162,$0,$0,$0,$-10,$152,$6,$27,$0
1,2018-06-30,214.27,$98.84,2.17,$130.95,1.64,$7.51,28.53,$12.22,17.53,$4.77B,$2.74B,1.75,$1.88B,$7.37B,0.26,$9.81B,$3.01B,30.68%,$9.81B,$1.32B,13.43%,$9.81B,$1.32B,13.43%,$9.81B,$1.80B,18.35%,$9.81B,$1.28B,13.02%,$9.81B,$0.92B,9.34%,$0.92B,$7.37B,12.82%,$0.92B,$4.07B,24.17%,$0.92B,$12.89B,7.42%,$1.32B,$9.26B,14.98%,$2577,$1810,$767,$0,$440,$2251,$326,$-10,$316,$119,$198,$198,$197,$453,$326,$75,75,$2.64,$2.62,$518,$2061,$71,$4774,$4421,$0,$3306,$0,$8120,$12894,$2736,$1884,$505,$2785,$5521,$1,$6410,$-671,$7373,$12894,$407,$250,$105,$355,$-198,$-133,$0,$-39,$-141,$621,$-498,$0,$-24,$37,$0,$37,$0,$-486,$-34,$352,$318,$0,$0,$0,$-10,$308,$433,$22,$0
2,2018-03-31,232.22,$98.56,2.36,$129.36,1.8,$5.72,40.6,$13.08,17.75,$4.30B,$2.80B,1.54,$1.59B,$7.35B,0.22,$9.68B,$3.02B,31.20%,$9.68B,$1.35B,13.91%,$9.68B,$1.35B,13.91%,$9.68B,$1.81B,18.72%,$9.68B,$1.31B,13.48%,$9.68B,$0.98B,10.12%,$0.98B,$7.35B,14.17%,$0.98B,$3.93B,27.51%,$0.98B,$12.56B,8.16%,$1.35B,$8.93B,16.07%,$2412,$1708,$705,$0,$436,$2144,$268,$-12,$257,$48,$209,$209,$209,$391,$268,$74,75,$2.80,$2.78,$115,$2045,$68,$4297,$4461,$0,$3413,$0,$8263,$12560,$2796,$1586,$462,$2418,$5214,$1,$6213,$-487,$7346,$12560,$209,$123,$44,$167,$-104,$-74,$0,$0,$-193,$183,$-251,$0,$-24,$34,$0,$34,$0,$-241,$103,$-7,$96,$0,$0,$0,$-9,$87,$30,$8,$0
3,2017-12-31,275.9,$94.96,2.91,$126.87,2.17,$6.15,44.87,$12.98,21.26,$4.07B,$2.66B,1.53,$1.56B,$7.07B,0.22,$9.49B,$3.00B,31.56%,$9.49B,$1.35B,14.26%,$9.49B,$1.35B,14.26%,$9.49B,$1.80B,18.98%,$9.49B,$1.32B,13.87%,$9.49B,$0.97B,10.24%,$0.97B,$7.07B,14.74%,$0.97B,$3.70B,29.34%,$0.97B,$12.10B,8.41%,$1.35B,$8.63B,17.03%,$2369,$1615,$754,$0,$410,$2026,$343,$-11,$332,$92,$241,$241,$240,$462,$343,$74,75,$3.23,$3.21,$85,$1949,$104,$4073,$4271,$0,$3363,$0,$8022,$12095,$2655,$1560,$455,$2372,$5028,$1,$6005,$-559,$7067,$12095,$975,$447,$2,$449,$-61,$-153,$0,$-41,$-230,$1194,$-906,$0,$-251,$-84,$0,$-84,$0,$-1241,$-348,$354,$7,$0,$0,$0,$-14,$-7,$-37,$36,$0
4,2017-09-30,247.51,$91.44,2.71,$124.49,1.99,$11.33,21.84,$12.90,19.19,$4.00B,$2.70B,1.48,$1.55B,$6.80B,0.23,$9.31B,$2.93B,31.52%,$9.31B,$1.32B,14.14%,$9.31B,$1.32B,14.14%,$9.31B,$1.75B,18.81%,$9.31B,$1.29B,13.81%,$9.31B,$0.97B,10.38%,$0.97B,$6.80B,15.39%,$0.97B,$3.45B,31.62%,$0.97B,$11.82B,8.71%,$1.32B,$8.34B,17.50%,$2449,$1665,$783,$0,$403,$2068,$380,$-9,$372,$101,$271,$271,$270,$494,$380,$74,75,$3.63,$3.61,$85,$1911,$20,$3997,$4090,$0,$3345,$0,$7826,$11823,$2697,$1545,$334,$2328,$5025,$1,$5764,$-571,$6798,$11823,$734,$328,$76,$405,$-167,$-122,$0,$-2,$-264,$874,$-655,$0,$-251,$0,$0,$0,$0,$-905,$-363,$353,$-11,$1,$1,$0,$-14,$-23,$-37,$31,$0
5,2017-06-30,241.69,$86.83,2.78,$122.52,1.97,$15.63,15.46,$12.91,18.72,$4.01B,$3.22B,1.25,$1.17B,$6.45B,0.18,$9.15B,$2.88B,31.44%,$9.15B,$1.31B,14.36%,$9.15B,$1.31B,14.36%,$9.15B,$1.79B,19.52%,$9.15B,$1.28B,13.97%,$9.15B,$0.97B,10.56%,$0.97B,$6.45B,16.12%,$0.97B,$3.16B,34.40%,$0.97B,$11.59B,8.99%,$1.31B,$7.63B,18.39%,$2453,$1674,$779,$0,$423,$2097,$356,$-11,$344,$83,$262,$262,$261,$466,$356,$74,75,$3.51,$3.48,$130,$1866,$30,$4011,$3892,$0,$3295,$0,$7579,$11589,$3221,$1174,$324,$1914,$5135,$1,$5494,$-637,$6454,$11589,$463,$215,$45,$260,$-167,$-93,$0,$-67,$-309,$414,$-425,$0,$-250,$0,$0,$0,$0,$-676,$269,$-1,$269,$1,$1,$0,$-13,$257,$9,$23,$0
6,2017-03-31,229.49,$81.62,2.81,$120.70,1.9,$19.65,11.68,$12.85,17.86,$3.74B,$2.83B,1.32,$1.13B,$6.07B,0.19,$9.01B,$2.85B,31.68%,$9.01B,$1.31B,14.53%,$9.01B,$1.31B,14.53%,$9.01B,$1.77B,19.67%,$9.01B,$1.28B,14.21%,$9.01B,$0.96B,10.66%,$0.96B,$6.07B,16.76%,$0.96B,$2.94B,37.62%,$0.96B,$10.73B,9.21%,$1.31B,$7.20B,19.04%,$2221,$1540,$680,$0,$406,$1946,$275,$-5,$269,$68,$201,$201,$201,$380,$275,$74,75,$2.70,$2.68,$188,$1741,$29,$3735,$3506,$0,$3129,$0,$6993,$10728,$2828,$1132,$292,$1834,$4663,$1,$5233,$-750,$6065,$10728,$201,$105,$33,$138,$-110,$-51,$0,$-0,$-173,$166,$-201,$0,$-1,$0,$0,$0,$0,$-202,$105,$-1,$104,$0,$0,$0,$-13,$91,$67,$9,$0
7,2016-12-31,199.68,$77.98,2.56,$120.16,1.66,$20.27,9.85,$12.47,16.01,$3.47B,$2.72B,1.28,$1.13B,$5.78B,0.2,$8.96B,$2.81B,31.41%,$8.96B,$1.28B,14.29%,$8.96B,$1.28B,14.29%,$8.96B,$1.74B,19.40%,$8.96B,$1.24B,13.85%,$8.96B,$0.93B,10.39%,$0.93B,$5.78B,16.93%,$0.93B,$2.67B,40.76%,$0.93B,$10.23B,9.03%,$1.28B,$6.91B,19.23%,$2183,$1492,$691,$0,$386,$1877,$305,$-5,$300,$65,$235,$235,$234,$410,$305,$74,75,$3.15,$3.14,$122,$1676,$30,$3472,$3370,$0,$3109,$0,$6759,$10231,$2718,$1129,$215,$1729,$4447,$1,$5033,$-833,$5783,$10231,$934,$457,$43,$501,$-159,$-82,$0,$66,$-89,$1345,$-672,$0,$0,$0,$0,$0,$0,$-672,$-630,$-2,$-632,$0,$0,$0,$-10,$-642,$40,$35,$0
8,2016-09-30,200.34,$76.50,2.62,$117.87,1.7,$16.99,11.79,$11.91,16.82,$3.58B,$2.98B,1.2,$1.17B,$5.67B,0.21,$8.77B,$2.75B,31.29%,$8.77B,$1.22B,13.95%,$8.77B,$1.22B,13.95%,$8.77B,$1.67B,19.04%,$8.77B,$1.16B,13.22%,$8.77B,$0.89B,10.13%,$0.89B,$5.67B,16.87%,$0.89B,$2.46B,43.93%,$0.89B,$10.42B,8.68%,$1.22B,$6.84B,19.00%,$2294,$1568,$727,$0,$348,$1916,$378,$-13,$365,$94,$271,$271,$270,$530,$378,$74,75,$3.64,$3.62,$112,$1673,$32,$3576,$3341,$0,$3209,$0,$6844,$10421,$2983,$1166,$214,$1765,$4748,$1,$4799,$-704,$5673,$10421,$699,$353,$18,$371,$-255,$-54,$0,$69,$-70,$1000,$-461,$0,$0,$0,$0,$0,$0,$-461,$-506,$-2,$-508,$0,$0,$0,$-9,$-517,$30,$29,$0
9,2016-06-30,189.76,$72.63,2.61,$116.02,1.64,$13.85,13.7,$11.18,16.97,$3.52B,$3.13B,1.12,$1.16B,$5.39B,0.22,$8.63B,$2.68B,31.04%,$8.63B,$1.14B,13.15%,$8.63B,$1.14B,13.15%,$8.63B,$1.53B,17.67%,$8.63B,$1.06B,12.28%,$8.63B,$0.83B,9.66%,$0.83B,$5.39B,16.55%,$0.83B,$2.13B,46.42%,$0.83B,$10.31B,8.22%,$1.14B,$6.55B,18.20%,$2310,$1555,$756,$0,$405,$1960,$351,$-5,$346,$90,$256,$256,$255,$452,$351,$74,75,$3.44,$3.42,$112,$1660,$39,$3519,$3244,$0,$3253,$0,$6794,$10313,$3130,$1161,$210,$1798,$4927,$1,$4529,$-716,$5386,$10313,$428,$201,$48,$249,$-201,$-41,$0,$50,$-113,$565,$-277,$0,$0,$0,$0,$0,$0,$-277,$-252,$-4,$-256,$0,$0,$0,$-9,$-265,$30,$24,$0
10,2016-03-31,190.9,$69.61,2.74,$112.72,1.69,$10.52,18.15,$10.29,18.55,$3.47B,$3.32B,1.04,$1.17B,$5.16B,0.23,$8.36B,$2.54B,30.35%,$8.36B,$1.04B,12.44%,$8.36B,$1.04B,12.44%,$8.36B,$1.42B,16.94%,$8.36B,$0.95B,11.36%,$8.36B,$0.77B,9.15%,$0.77B,$5.16B,15.78%,$0.77B,$1.87B,47.49%,$0.77B,$10.29B,7.56%,$1.04B,$6.33B,16.78%,$2172,$1532,$640,$0,$394,$1926,$246,$-16,$230,$58,$172,$172,$172,$346,$246,$74,74,$2.32,$2.30,$98,$1652,$59,$3471,$3224,$0,$3290,$0,$6822,$10292,$3324,$1174,$222,$1812,$5136,$1,$4274,$-673,$5157,$10292,$172,$100,$27,$127,$-144,$-24,$0,$26,$-147,$152,$-141,$0,$0,$0,$0,$0,$0,$-141,$12,$-2,$10,$0,$0,$0,$-11,$-0,$17,$9,$0
11,2015-12-31,189.39,$65.75,2.88,$109.14,1.74,$8.26,22.93,$8.29,22.85,$3.25B,$3.26B,1.0,$1.19B,$4.86B,0.25,$8.07B,$2.41B,29.86%,$8.07B,$0.84B,10.38%,$8.07B,$0.84B,10.38%,$8.07B,$1.20B,14.87%,$8.07B,$0.75B,9.27%,$8.07B,$0.62B,7.62%,$0.62B,$4.86B,13.33%,$0.62B,$1.63B,37.35%,$0.62B,$9.93B,6.40%,$0.84B,$6.05B,14.39%,$1998,$1376,$622,$0,$373,$1749,$249,$-30,$219,$27,$192,$192,$192,$343,$249,$74,74,$2.61,$2.59,$82,$1607,$45,$3250,$3147,$0,$3230,$0,$6684,$9934,$3259,$1189,$215,$1815,$5074,$1,$4103,$-794,$4861,$9934,$617,$363,$40,$402,$-14,$6,$0,$-89,$-90,$929,$-504,$0,$-1371,$0,$0,$0,$0,$-1874,$956,$-2,$954,$0,$0,$0,$-7,$947,$-16,$33,$0
12,2015-09-30,181.79,$64.34,2.83,$108.76,1.67,$3.88,46.85,$7.72,23.55,$3.50B,$3.30B,1.06,$1.26B,$4.76B,0.27,$8.03B,$2.33B,29.03%,$8.03B,$0.80B,9.91%,$8.03B,$0.80B,9.91%,$8.03B,$1.16B,14.44%,$8.03B,$0.71B,8.79%,$8.03B,$0.57B,7.10%,$0.57B,$4.76B,12.65%,$0.57B,$1.56B,32.24%,$0.57B,$10.06B,6.20%,$0.80B,$6.02B,13.79%,$2151,$1489,$661,$0,$373,$1862,$289,$-24,$265,$49,$216,$216,$215,$384,$289,$74,74,$2.91,$2.89,$111,$1621,$47,$3499,$3046,$0,$3199,$0,$6565,$10064,$3300,$1263,$238,$2009,$5309,$1,$3911,$-698,$4756,$10064,$425,$269,$8,$277,$-140,$-3,$0,$-47,$-45,$657,$-352,$0,$-1212,$0,$0,$0,$0,$-1564,$926,$2,$928,$10,$10,$0,$-7,$931,$13,$24,$0
13,2015-06-30,190.9,$62.44,3.06,$107.00,1.78,$-1.14,0.0,$6.89,27.71,$3.61B,$3.00B,1.2,$1.78B,$4.62B,0.39,$7.87B,$2.23B,28.29%,$7.87B,$0.72B,9.15%,$7.87B,$0.72B,9.15%,$7.87B,$1.07B,13.66%,$7.87B,$0.62B,7.90%,$7.87B,$0.51B,6.43%,$0.51B,$4.62B,11.35%,$0.51B,$1.39B,26.37%,$0.51B,$10.17B,5.71%,$0.72B,$6.39B,12.29%,$2042,$1427,$615,$0,$359,$1786,$256,$-20,$236,$49,$187,$187,$186,$344,$256,$73,74,$2.54,$2.53,$171,$1592,$40,$3609,$3015,$0,$3226,$0,$6557,$10166,$3002,$1778,$232,$2549,$5551,$1,$3696,$-626,$4615,$10166,$209,$174,$18,$191,$-181,$37,$0,$-71,$-133,$268,$-228,$0,$-1191,$0,$0,$0,$0,$-1420,$1221,$5,$1226,$0,$0,$0,$3,$1229,$73,$16,$0
14,2015-03-31,185.75,$57.79,3.21,$107.26,1.73,$-3.75,0.0,$6.44,28.84,$3.20B,$2.89B,1.11,$0.61B,$4.22B,0.14,$7.87B,$2.19B,27.76%,$7.87B,$0.69B,8.72%,$7.87B,$0.69B,8.72%,$7.87B,$1.04B,13.16%,$7.87B,$0.59B,7.47%,$7.87B,$0.47B,6.01%,$0.47B,$4.22B,10.57%,$0.47B,$2.01B,22.43%,$0.47B,$8.29B,5.54%,$0.69B,$4.83B,11.67%,$1881,$1369,$512,$0,$468,$1837,$44,$-15,$28,$6,$23,$23,$22,$129,$44,$73,74,$0.31,$0.30,$107,$1506,$38,$3204,$2619,$0,$2215,$0,$5081,$8285,$2892,$606,$168,$1169,$4061,$1,$3510,$-655,$4224,$8285,$23,$86,$15,$101,$-108,$8,$0,$-81,$-173,$-50,$-106,$0,$-3,$0,$0,$0,$0,$-109,$160,$10,$170,$8,$8,$0,$-3,$175,$9,$8,$0
15,2014-12-31,155.36,$60.66,2.56,$106.42,1.46,$-4.27,0.0,$7.25,21.43,$2.98B,$1.95B,1.53,$1.40B,$4.42B,0.32,$7.80B,$2.15B,27.60%,$7.80B,$0.77B,9.91%,$7.80B,$0.77B,9.91%,$7.80B,$1.12B,14.34%,$7.80B,$0.66B,8.51%,$7.80B,$0.53B,6.82%,$0.53B,$4.42B,11.71%,$0.53B,$2.12B,25.32%,$0.53B,$8.29B,6.16%,$0.77B,$5.83B,12.37%,$1951,$1410,$542,$0,$335,$1745,$206,$-30,$176,$29,$147,$147,$147,$302,$206,$73,73,$2.01,$2.00,$98,$1543,$32,$2980,$2703,$0,$2306,$0,$5305,$8286,$1947,$1402,$103,$1916,$3863,$1,$3487,$-429,$4423,$8286,$532,$346,$55,$400,$-108,$-67,$0,$-46,$-270,$662,$-562,$0,$0,$0,$0,$0,$-4,$-566,$-16,$-2,$-18,$0,$0,$0,$-7,$-26,$44,$28,$0
16,2014-09-30,134.82,$62.78,2.15,$106.43,1.27,$-3.44,0.0,$6.54,20.61,$3.37B,$1.83B,1.84,$1.81B,$4.58B,0.4,$7.78B,$2.13B,27.33%,$7.78B,$0.72B,9.23%,$7.78B,$0.72B,9.23%,$7.78B,$1.05B,13.55%,$7.78B,$0.61B,7.90%,$7.78B,$0.48B,6.17%,$0.48B,$4.58B,10.54%,$0.48B,$2.16B,23.39%,$0.48B,$8.70B,5.52%,$0.72B,$6.38B,11.14%,$1991,$1434,$556,$0,$343,$1777,$214,$-32,$181,$30,$151,$151,$151,$299,$214,$73,73,$2.08,$2.06,$106,$1640,$42,$3369,$2773,$0,$2415,$0,$5333,$8701,$1831,$1807,$112,$2294,$4125,$1,$3340,$-123,$4577,$8701,$385,$250,$8,$258,$-187,$-109,$0,$-44,$-319,$323,$-392,$0,$0,$0,$0,$0,$0,$-392,$-75,$205,$130,$12,$12,$0,$-15,$127,$52,$21,$0
17,2014-06-30,138.34,$64.16,2.16,$106.14,1.3,$-1.53,0.0,$6.11,22.64,$3.38B,$1.87B,1.81,$1.81B,$4.67B,0.39,$7.75B,$2.09B,26.93%,$7.75B,$0.68B,8.78%,$7.75B,$0.68B,8.78%,$7.75B,$1.01B,13.06%,$7.75B,$0.58B,7.51%,$7.75B,$0.45B,5.78%,$0.45B,$4.67B,9.97%,$0.45B,$2.15B,22.81%,$0.45B,$8.88B,5.18%,$0.68B,$6.48B,10.47%,$2048,$1473,$575,$0,$353,$1826,$222,$-19,$203,$50,$153,$153,$153,$306,$222,$73,73,$2.10,$2.08,$70,$1645,$37,$3379,$2830,$0,$2523,$0,$5503,$8882,$1873,$1808,$119,$2336,$4208,$1,$3188,$135,$4673,$8882,$234,$165,$2,$166,$-201,$-75,$0,$-26,$-302,$98,$-250,$0,$0,$0,$0,$0,$0,$-250,$159,$3,$162,$7,$7,$0,$0,$168,$16,$14,$0
18,2014-03-31,135.98,$61.70,2.2,$105.31,1.29,$0.09,1432.88,$5.19,26.2,$3.26B,$1.84B,1.77,$1.81B,$4.49B,0.4,$7.68B,$2.03B,26.38%,$7.68B,$0.59B,7.70%,$7.68B,$0.59B,7.70%,$7.68B,$0.92B,11.99%,$7.68B,$0.49B,6.36%,$7.68B,$0.38B,4.95%,$0.38B,$4.49B,8.74%,$0.38B,$1.98B,20.77%,$0.38B,$8.68B,4.44%,$0.59B,$6.31B,9.07%,$1813,$1332,$481,$0,$351,$1682,$131,$-27,$104,$23,$81,$81,$81,$212,$131,$73,73,$1.11,$1.11,$73,$1632,$42,$3263,$2745,$0,$2519,$0,$5418,$8681,$1844,$1812,$110,$2345,$4188,$1,$3035,$116,$4493,$8681,$81,$81,$3,$84,$-115,$-66,$0,$-19,$-236,$-71,$-122,$0,$0,$0,$0,$0,$0,$-122,$210,$9,$219,$6,$6,$0,$-12,$213,$19,$8,$0
19,2013-12-31,148.9,$61.50,2.42,$101.84,1.46,$1.27,117.5,$4.80,31.02,$3.09B,$1.32B,2.34,$2.13B,$4.47B,0.48,$7.35B,$1.92B,26.14%,$7.35B,$0.55B,7.44%,$7.35B,$0.55B,7.44%,$7.35B,$0.86B,11.63%,$7.35B,$0.45B,6.06%,$7.35B,$0.35B,4.75%,$0.35B,$4.47B,8.39%,$0.35B,$1.92B,19.65%,$0.35B,$8.49B,4.25%,$0.55B,$6.60B,8.50%,$1924,$1411,$513,$0,$362,$1773,$151,$-25,$126,$15,$111,$111,$95,$237,$151,$72,72,$1.32,$1.31,$54,$1572,$45,$3086,$2702,$0,$2548,$0,$5408,$8494,$1321,$2133,$124,$2703,$4024,$1,$2954,$179,$4470,$8494,$349,$309,$39,$348,$-96,$-20,$0,$-32,$-172,$525,$-367,$0,$-443,$0,$0,$0,$0,$-810,$-138,$-7,$-146,$47,$47,$0,$-8,$-107,$-424,$18,$0
20,2013-09-30,130.25,$59.67,2.18,$95.95,1.36,$4.55,28.65,$4.46,29.2,$3.19B,$1.39B,2.3,$2.26B,$4.33B,0.52,$6.86B,$1.78B,25.90%,$6.86B,$0.49B,7.17%,$6.86B,$0.49B,7.17%,$6.86B,$0.78B,11.34%,$6.86B,$0.40B,5.80%,$6.86B,$0.32B,4.66%,$0.32B,$4.33B,8.06%,$0.32B,$1.81B,18.38%,$0.32B,$8.56B,4.18%,$0.49B,$6.59B,8.14%,$1962,$1445,$517,$0,$341,$1786,$176,$-27,$149,$29,$120,$120,$119,$257,$176,$73,73,$1.64,$1.63,$64,$1613,$42,$3188,$2684,$0,$2525,$0,$5376,$8564,$1385,$2257,$135,$2845,$4231,$1,$2859,$146,$4334,$8564,$255,$223,$18,$240,$-167,$-46,$0,$-2,$-168,$327,$-256,$0,$-449,$0,$0,$0,$0,$-705,$-2436,$2401,$-35,$0,$0,$0,$31,$-4,$-414,$14,$0
21,2013-06-30,112.49,$56.60,1.99,$90.36,1.24,$5.93,18.98,$3.84,29.29,$3.27B,$1.35B,2.43,$2.45B,$4.10B,0.6,$6.37B,$1.63B,25.63%,$6.37B,$0.42B,6.59%,$6.37B,$0.42B,6.59%,$6.37B,$0.70B,10.92%,$6.37B,$0.34B,5.26%,$6.37B,$0.27B,4.25%,$0.27B,$4.10B,7.16%,$0.27B,$1.61B,15.89%,$0.27B,$8.51B,3.82%,$0.42B,$6.56B,7.42%,$1976,$1462,$514,$0,$381,$1843,$133,$-24,$109,$23,$86,$86,$85,$214,$133,$72,73,$1.17,$1.16,$169,$1592,$39,$3270,$2594,$0,$2491,$0,$5239,$8509,$1345,$2451,$156,$3060,$4405,$1,$2740,$50,$4104,$8509,$135,$141,$22,$163,$-172,$-41,$0,$-18,$-184,$114,$-146,$0,$-449,$0,$0,$0,$0,$-596,$195,$-11,$184,$0,$0,$0,$24,$208,$-309,$9,$0
22,2013-03-31,113.12,$53.51,2.11,$84.46,1.34,$6.48,17.45,$3.74,30.25,$3.45B,$0.88B,3.93,$2.25B,$3.73B,0.61,$5.87B,$1.51B,25.69%,$5.87B,$0.40B,6.73%,$5.87B,$0.40B,6.73%,$5.87B,$0.66B,11.29%,$5.87B,$0.31B,5.35%,$5.87B,$0.26B,4.42%,$0.26B,$3.73B,7.14%,$0.26B,$1.76B,15.33%,$0.26B,$7.26B,3.96%,$0.40B,$5.98B,7.48%,$1487,$1110,$377,$0,$290,$1400,$87,$-26,$61,$11,$51,$51,$50,$147,$87,$69,70,$0.73,$0.72,$1120,$1230,$22,$3447,$1730,$0,$1963,$0,$3815,$7262,$878,$2253,$87,$2660,$3537,$1,$2656,$82,$3725,$7262,$51,$60,$8,$68,$-121,$-50,$0,$-2,$-158,$-39,$-63,$0,$-148,$0,$0,$0,$0,$-211,$924,$-8,$916,$28,$28,$0,$-5,$938,$642,$6,$0
23,2012-12-31,90.47,$53.79,1.68,$83.57,1.08,$6.68,13.55,$3.60,25.13,$2.55B,$0.83B,3.08,$1.33B,$3.72B,0.36,$5.79B,$1.49B,25.73%,$5.79B,$0.38B,6.57%,$5.79B,$0.38B,6.57%,$5.79B,$0.66B,11.40%,$5.79B,$0.30B,5.25%,$5.79B,$0.25B,4.30%,$0.25B,$3.72B,6.96%,$0.25B,$1.78B,15.26%,$0.25B,$6.30B,3.94%,$0.38B,$5.05B,7.48%,$1436,$1066,$369,$0,$273,$1340,$96,$-17,$79,$13,$66,$66,$66,$160,$96,$69,69,$0.96,$0.96,$478,$1134,$9,$2550,$1693,$0,$1940,$0,$3754,$6304,$829,$1328,$98,$1755,$2584,$1,$2605,$160,$3720,$6304,$251,$280,$46,$327,$11,$-17,$0,$-23,$10,$588,$-208,$0,$0,$0,$-7,$-7,$0,$-215,$-204,$8,$-196,$16,$16,$0,$-37,$-217,$166,$14,$0
24,2012-09-30,80.02,$52.06,1.54,$82.84,0.97,$1.57,50.88,$3.27,24.47,$2.60B,$0.82B,3.17,$1.47B,$3.60B,0.41,$5.73B,$1.46B,25.39%,$5.73B,$0.35B,6.11%,$5.73B,$0.35B,6.11%,$5.73B,$0.64B,11.19%,$5.73B,$0.27B,4.66%,$5.73B,$0.23B,3.94%,$0.23B,$3.60B,6.45%,$0.23B,$1.67B,14.62%,$0.23B,$6.30B,3.59%,$0.35B,$5.06B,7.04%,$1473,$1101,$373,$0,$269,$1370,$104,$-18,$86,$15,$70,$70,$70,$175,$104,$69,69,$1.02,$1.01,$381,$1139,$18,$2597,$1657,$0,$1926,$0,$3706,$6303,$819,$1467,$92,$1889,$2708,$1,$2539,$113,$3595,$6303,$185,$216,$1,$217,$-97,$-25,$0,$-21,$-103,$299,$-135,$0,$0,$0,$-7,$-7,$0,$-142,$-62,$1,$-61,$9,$9,$0,$-36,$-88,$69,$11,$0
25,2012-06-30,69.83,$50.39,1.39,$82.51,0.85,$-1.43,0.0,$2.94,23.75,$2.53B,$0.79B,3.21,$1.57B,$3.48B,0.45,$5.70B,$1.44B,25.26%,$5.70B,$0.34B,5.91%,$5.70B,$0.34B,5.91%,$5.70B,$0.63B,11.09%,$5.70B,$0.23B,4.11%,$5.70B,$0.20B,3.56%,$0.20B,$3.48B,5.87%,$0.20B,$1.55B,13.74%,$0.20B,$6.27B,3.23%,$0.34B,$5.05B,6.94%,$1470,$1081,$388,$0,$281,$1362,$108,$-19,$88,$15,$73,$73,$73,$180,$108,$69,69,$1.06,$1.06,$319,$1161,$17,$2534,$1652,$0,$1928,$0,$3731,$6265,$791,$1571,$93,$1998,$2788,$1,$2468,$70,$3476,$6265,$114,$145,$-13,$132,$-100,$-52,$0,$-14,$-150,$96,$-88,$0,$0,$0,$-7,$-7,$0,$-95,$41,$2,$43,$7,$7,$0,$-36,$13,$8,$8,$0
26,2012-03-31,66.51,$51.03,1.3,$82.71,0.8,$-2.76,0.0,$2.76,24.1,$2.55B,$0.78B,3.27,$1.64B,$3.52B,0.47,$5.71B,$1.43B,25.12%,$5.71B,$0.33B,5.80%,$5.71B,$0.33B,5.80%,$5.71B,$0.63B,11.00%,$5.71B,$0.22B,3.89%,$5.71B,$0.19B,3.35%,$0.19B,$3.52B,5.51%,$0.19B,$1.53B,13.22%,$0.19B,$6.40B,3.02%,$0.33B,$5.16B,6.95%,$1409,$1050,$359,$0,$287,$1337,$72,$-21,$51,$10,$41,$41,$40,$145,$72,$69,69,$0.59,$0.58,$305,$1165,$23,$2545,$1718,$0,$1990,$0,$3855,$6399,$779,$1642,$96,$2101,$2880,$1,$2395,$191,$3519,$6399,$41,$73,$-31,$42,$-91,$-46,$0,$-4,$-128,$-44,$-43,$0,$0,$0,$0,$0,$0,$-43,$113,$-10,$103,$6,$6,$0,$-36,$72,$-7,$6,$0
27,2011-12-31,59.85,$49.66,1.21,$81.83,0.73,$-3.23,0.0,$2.52,23.75,$2.40B,$1.10B,2.18,$1.20B,$3.42B,0.35,$5.64B,$1.42B,25.11%,$5.64B,$0.32B,5.58%,$5.64B,$0.32B,5.58%,$5.64B,$0.61B,10.86%,$5.64B,$0.20B,3.56%,$5.64B,$0.17B,3.08%,$0.17B,$3.42B,5.06%,$0.17B,$1.44B,12.51%,$0.17B,$6.21B,2.77%,$0.32B,$4.62B,6.68%,$1378,$1043,$335,$0,$269,$1312,$66,$-24,$42,$-2,$44,$44,$43,$141,$66,$69,69,$0.62,$0.62,$312,$1114,$23,$2398,$1712,$0,$1980,$0,$3808,$6206,$1101,$1200,$100,$1689,$2790,$1,$2355,$136,$3416,$6206,$178,$298,$29,$326,$-85,$-100,$0,$-7,$-202,$301,$-276,$0,$-24,$0,$0,$0,$0,$-300,$-366,$316,$-50,$4,$4,$0,$13,$-33,$-42,$10,$0
28,2011-09-30,42.91,$49.72,0.86,$80.19,0.54,$-1.22,0.0,$2.56,16.76,$2.44B,$1.21B,2.01,$1.17B,$3.42B,0.34,$5.53B,$1.42B,25.76%,$5.53B,$0.34B,6.06%,$5.53B,$0.34B,6.06%,$5.53B,$0.63B,11.43%,$5.53B,$0.22B,3.93%,$5.53B,$0.18B,3.20%,$0.18B,$3.42B,5.20%,$0.18B,$1.40B,13.22%,$0.18B,$6.28B,2.83%,$0.34B,$4.59B,7.12%,$1443,$1085,$358,$0,$266,$1351,$91,$-39,$53,$5,$48,$48,$47,$166,$91,$69,69,$0.68,$0.68,$276,$1132,$21,$2441,$1696,$0,$2024,$0,$3837,$6278,$1213,$1173,$96,$1646,$2859,$1,$2312,$185,$3419,$6278,$134,$223,$25,$248,$-161,$-115,$0,$-4,$-243,$138,$-182,$0,$-24,$0,$0,$0,$0,$-206,$-313,$288,$-26,$3,$3,$0,$15,$-8,$-78,$8,$0
29,2011-06-30,59.99,$51.12,1.17,$78.32,0.77,$1.22,49.12,$2.62,22.9,$2.45B,$1.22B,2.0,$1.16B,$3.52B,0.33,$5.39B,$1.41B,26.16%,$5.39B,$0.33B,6.10%,$5.39B,$0.33B,6.10%,$5.39B,$0.62B,11.57%,$5.39B,$0.22B,4.15%,$5.39B,$0.18B,3.36%,$0.18B,$3.52B,5.36%,$0.18B,$1.42B,13.99%,$0.18B,$6.39B,2.90%,$0.33B,$4.67B,6.98%,$1478,$1096,$382,$0,$281,$1376,$102,$-26,$76,$13,$62,$62,$61,$176,$102,$69,69,$0.89,$0.88,$285,$1103,$22,$2447,$1731,$0,$2100,$0,$3942,$6389,$1224,$1155,$93,$1648,$2872,$1,$2265,$332,$3517,$6389,$87,$149,$20,$169,$-172,$-85,$0,$-8,$-227,$29,$-113,$0,$0,$0,$0,$0,$0,$-113,$-45,$17,$-29,$3,$3,$0,$23,$-3,$-69,$6,$0
30,2011-03-31,61.15,$49.67,1.23,$77.24,0.79,$3.05,20.07,$2.73,22.4,$2.34B,$0.79B,2.95,$1.58B,$3.41B,0.46,$5.32B,$1.40B,26.41%,$5.32B,$0.32B,5.96%,$5.32B,$0.32B,5.96%,$5.32B,$0.61B,11.47%,$5.32B,$0.20B,3.72%,$5.32B,$0.19B,3.48%,$0.19B,$3.41B,5.64%,$0.19B,$1.32B,15.29%,$0.19B,$6.27B,3.01%,$0.32B,$4.99B,6.82%,$1344,$1002,$342,$0,$286,$1288,$56,$-27,$30,$5,$25,$25,$23,$130,$56,$69,69,$0.34,$0.34,$256,$1076,$22,$2340,$1716,$0,$2096,$0,$3927,$6266,$792,$1577,$95,$2060,$2853,$1,$2204,$293,$3413,$6266,$25,$74,$9,$83,$-132,$-60,$0,$-2,$-175,$-67,$-53,$0,$0,$0,$0,$0,$0,$-53,$-24,$6,$-17,$1,$1,$0,$25,$8,$-98,$4,$0
31,2010-12-31,56.76,$47.67,1.19,$77.35,0.73,$3.78,15.02,$2.69,21.1,$2.25B,$1.05B,2.14,$1.30B,$3.27B,0.4,$5.32B,$1.40B,26.38%,$5.32B,$0.32B,5.92%,$5.32B,$0.32B,5.92%,$5.32B,$0.61B,11.47%,$5.32B,$0.19B,3.61%,$5.32B,$0.18B,3.44%,$0.18B,$3.27B,5.70%,$0.18B,$1.23B,16.05%,$0.18B,$6.10B,2.97%,$0.32B,$4.58B,6.98%,$1262,$921,$342,$0,$256,$1177,$86,$-27,$58,$11,$47,$47,$46,$160,$86,$69,69,$0.67,$0.66,$382,$1008,$19,$2249,$1687,$0,$2047,$0,$3850,$6099,$1049,$1303,$94,$1778,$2827,$1,$2181,$178,$3272,$6099,$190,$297,$0,$297,$-12,$-119,$0,$-18,$-167,$320,$-156,$0,$0,$0,$-80,$-80,$5,$-231,$-201,$-18,$-219,$2,$2,$0,$-39,$-255,$-177,$7,$0
32,2010-09-30,53.3,$48.33,1.1,$78.68,0.68,$9.63,5.53,$2.32,22.97,$2.29B,$1.13B,2.03,$1.30B,$3.32B,0.39,$5.40B,$1.40B,25.96%,$5.40B,$0.28B,5.11%,$5.40B,$0.28B,5.11%,$5.40B,$0.58B,10.71%,$5.40B,$0.15B,2.70%,$5.40B,$0.16B,2.91%,$0.16B,$3.32B,4.92%,$0.16B,$1.22B,14.47%,$0.16B,$6.19B,2.52%,$0.28B,$4.62B,5.97%,$1310,$965,$345,$0,$260,$1224,$85,$-25,$60,$8,$52,$52,$51,$158,$85,$69,69,$0.74,$0.74,$366,$996,$28,$2294,$1681,$0,$2100,$0,$3898,$6192,$1131,$1303,$90,$1745,$2876,$1,$2138,$236,$3316,$6192,$142,$222,$7,$230,$-96,$-104,$0,$-11,$-162,$210,$-86,$0,$-80,$0,$0,$0,$5,$-162,$-200,$-2,$-202,$1,$1,$0,$-10,$-211,$-166,$5,$0
33,2010-06-30,45.76,$45.33,1.01,$79.77,0.57,$12.80,3.58,$2.08,22.0,$2.29B,$1.16B,1.97,$1.30B,$3.11B,0.42,$5.48B,$1.43B,26.05%,$5.48B,$0.26B,4.73%,$5.48B,$0.26B,4.73%,$5.48B,$0.57B,10.33%,$5.48B,$0.12B,2.25%,$5.48B,$0.14B,2.56%,$0.14B,$3.11B,4.41%,$0.14B,$1.08B,13.56%,$0.14B,$6.00B,2.22%,$0.26B,$4.41B,5.48%,$1400,$1025,$375,$0,$285,$1310,$90,$-40,$50,$-19,$69,$69,$65,$162,$90,$69,69,$0.95,$0.95,$343,$966,$19,$2285,$1654,$0,$2026,$0,$3719,$6004,$1160,$1303,$91,$1735,$2895,$1,$2087,$84,$3109,$6004,$90,$149,$0,$150,$-117,$-83,$0,$-19,$-151,$89,$-47,$0,$0,$0,$0,$0,$0,$-47,$-200,$-3,$-203,$1,$1,$0,$-10,$-212,$-189,$3,$0
34,2010-03-31,54.38,$45.96,1.18,$79.91,0.68,$15.35,3.54,$1.76,30.9,$2.44B,$1.41B,1.73,$1.30B,$3.15B,0.41,$5.48B,$1.42B,25.88%,$5.48B,$0.24B,4.45%,$5.48B,$0.24B,4.45%,$5.48B,$0.56B,10.14%,$5.48B,$0.12B,2.24%,$5.48B,$0.12B,2.21%,$0.12B,$3.15B,3.80%,$0.12B,$1.04B,12.21%,$0.12B,$6.32B,1.89%,$0.24B,$4.46B,5.02%,$1347,$1006,$341,$0,$288,$1294,$54,$-29,$24,$3,$21,$21,$21,$130,$54,$69,69,$0.30,$0.30,$452,$933,$24,$2443,$1719,$0,$2114,$0,$3875,$6319,$1411,$1303,$99,$1756,$3167,$1,$2019,$197,$3151,$6319,$21,$77,$0,$77,$-116,$-44,$0,$-4,$-145,$-46,$-23,$0,$0,$0,$0,$0,$0,$-23,$0,$-1,$-0,$0,$0,$0,$-2,$-2,$-79,$2,$0
35,2009-12-31,47.6,$46.74,1.02,$77.97,0.61,$16.52,2.88,$-0.09,0.0,$2.36B,$0.88B,2.67,$1.80B,$3.20B,0.56,$5.34B,$1.23B,23.05%,$5.34B,$0.04B,0.82%,$5.34B,$0.04B,0.82%,$5.34B,$0.35B,6.51%,$5.34B,$-0.08B,-1.48%,$5.34B,$-0.01B,-0.11%,$-0.01B,$3.20B,-0.19%,$-0.01B,$1.00B,-0.64%,$-0.01B,$6.39B,-0.09%,$0.04B,$5.00B,0.89%,$1347,$1005,$342,$0,$295,$1300,$47,$-35,$12,$-9,$21,$21,$20,$129,$47,$68,68,$0.29,$0.30,$531,$893,$21,$2359,$1791,$0,$2196,$0,$4032,$6391,$884,$1802,$101,$2307,$3191,$1,$1999,$297,$3201,$6391,$-1,$303,$48,$351,$103,$276,$0,$4,$322,$672,$-109,$0,$-6,$0,$0,$0,$0,$-115,$-40,$-58,$-98,$1,$1,$0,$-28,$-126,$438,$10,$0
36,2009-09-30,47.69,$47.41,1.01,$80.00,0.6,$13.53,3.53,$-2.25,0.0,$2.36B,$0.93B,2.54,$1.80B,$3.25B,0.56,$5.48B,$1.25B,22.73%,$5.48B,$-0.10B,-1.75%,$5.48B,$-0.10B,-1.75%,$5.48B,$0.32B,5.82%,$5.48B,$-0.23B,-4.23%,$5.48B,$-0.15B,-2.81%,$-0.15B,$3.25B,-4.91%,$-0.15B,$1.00B,-16.72%,$-0.15B,$6.49B,-2.41%,$-0.10B,$5.05B,-1.93%,$1383,$1013,$369,$0,$301,$1314,$68,$-31,$37,$2,$35,$35,$34,$145,$68,$68,69,$0.50,$0.50,$306,$939,$0,$2359,$1842,$0,$2242,$0,$4129,$6488,$930,$1802,$108,$2313,$3242,$1,$1979,$335,$3246,$6488,$-22,$221,$13,$234,$-18,$233,$0,$7,$201,$413,$-71,$0,$-6,$0,$0,$0,$0,$-77,$-40,$-66,$-106,$0,$0,$0,$-27,$-133,$213,$7,$0
37,2009-06-30,35.68,$45.73,0.78,$85.63,0.42,$11.79,3.03,$-23.12,0.0,$2.26B,$0.93B,2.42,$1.80B,$3.13B,0.58,$5.86B,$1.32B,22.45%,$5.86B,$-1.47B,-24.99%,$5.86B,$-1.47B,-24.99%,$5.86B,$0.37B,6.31%,$5.86B,$-1.60B,-27.35%,$5.86B,$-1.67B,-28.54%,$-1.67B,$3.13B,-52.89%,$-1.67B,$0.92B,-188.93%,$-1.67B,$6.36B,-25.68%,$-1.47B,$4.93B,-29.18%,$1406,$1039,$367,$0,$293,$1331,$75,$-24,$50,$3,$47,$47,$46,$152,$75,$68,69,$0.68,$0.67,$227,$936,$0,$2256,$1864,$0,$2211,$0,$4100,$6356,$931,$1804,$107,$2294,$3225,$1,$1944,$256,$3130,$6356,$-58,$145,$-38,$107,$-37,$228,$0,$-5,$221,$270,$-53,$0,$0,$0,$0,$0,$0,$-53,$-36,$-47,$-84,$0,$0,$0,$-4,$-87,$133,$5,$0
38,2009-03-31,29.87,$43.70,0.68,$91.96,0.32,$9.81,3.04,$-22.50,0.0,$2.23B,$0.97B,2.31,$1.84B,$2.99B,0.62,$6.30B,$1.43B,22.74%,$6.30B,$-1.39B,-22.14%,$6.30B,$-1.39B,-22.14%,$6.30B,$0.44B,6.97%,$6.30B,$-1.54B,-24.46%,$6.30B,$-1.63B,-25.89%,$-1.63B,$2.99B,-44.76%,$-1.63B,$0.82B,-181.16%,$-1.63B,$6.29B,-22.74%,$-1.39B,$4.84B,-25.24%,$1208,$1055,$154,$0,$300,$1354,$-146,$-32,$-178,$-73,$-105,$-105,$-106,$-78,$-146,$68,68,$-1.55,$-1.55,$137,$985,$0,$2227,$1867,$0,$2168,$0,$4061,$6288,$966,$1844,$105,$2330,$3296,$1,$1898,$163,$2991,$6288,$-105,$68,$-48,$20,$-96,$173,$0,$0,$123,$38,$-27,$0,$0,$0,$0,$0,$0,$-27,$41,$-7,$34,$0,$0,$0,$0,$34,$43,$3,$0
39,2008-12-31,42.97,$46.55,0.92,$99.64,0.43,$7.67,5.6,$-20.00,0.0,$2.25B,$0.88B,2.56,$1.86B,$3.19B,0.58,$6.83B,$1.74B,25.46%,$6.83B,$-1.12B,-16.47%,$6.83B,$-1.12B,-16.47%,$6.83B,$0.72B,10.47%,$6.83B,$-1.27B,-18.65%,$6.83B,$-1.46B,-21.37%,$-1.46B,$3.19B,-35.32%,$-1.46B,$0.94B,-160.51%,$-1.46B,$6.45B,-18.59%,$-1.12B,$5.05B,-18.57%,$1485,$1129,$356,$0,$325,$1579,$-93,$-47,$-141,$-14,$-126,$-126,$-128,$100,$-93,$68,68,$-1.88,$-1.86,$94,$1168,$13,$2246,$1926,$0,$2247,$0,$4200,$6446,$877,$1860,$104,$2384,$3261,$1,$2004,$255,$3185,$6446,$-1453,$1838,$113,$1952,$118,$103,$0,$-16,$77,$576,$-218,$0,$-8,$0,$0,$0,$0,$-226,$-155,$-190,$-345,$2,$2,$0,$-6,$-349,$4,$12,$0
40,2008-09-30,67.39,$48.91,1.38,$104.32,0.65,$12.91,5.22,$-12.60,0.0,$2.50B,$1.11B,2.25,$1.93B,$3.35B,0.58,$7.15B,$1.87B,26.18%,$7.15B,$-0.85B,-11.91%,$7.15B,$-0.85B,-11.91%,$7.15B,$0.88B,12.27%,$7.15B,$-0.98B,-13.71%,$7.15B,$-0.95B,-13.32%,$-0.95B,$3.35B,-21.10%,$-0.95B,$0.86B,-110.83%,$-0.95B,$6.97B,-11.32%,$-0.85B,$5.27B,-13.15%,$1763,$1324,$439,$0,$321,$3064,$-1301,$-33,$-1334,$149,$-1483,$-1483,$-1485,$196,$-1301,$68,68,$-21.70,$-21.70,$62,$1235,$0,$2504,$1964,$0,$2484,$0,$4468,$6972,$1113,$1925,$119,$2514,$3626,$1,$2132,$322,$3346,$6972,$-1331,$1645,$136,$1781,$-112,$44,$0,$-53,$-74,$377,$-155,$0,$-8,$0,$0,$0,$0,$-164,$-140,$-97,$-237,$2,$2,$0,$-5,$-241,$-28,$9,$0
41,2008-06-30,64.1,$73.72,0.87,$106.79,0.6,$17.01,3.77,$9.55,6.71,$2.57B,$1.26B,2.04,$1.90B,$5.04B,0.38,$7.32B,$1.98B,27.00%,$7.32B,$0.65B,8.89%,$7.32B,$0.65B,8.89%,$7.32B,$0.96B,13.07%,$7.32B,$0.52B,7.07%,$7.32B,$0.66B,8.94%,$0.66B,$5.04B,13.83%,$0.66B,$0.98B,91.42%,$0.66B,$8.96B,7.45%,$0.65B,$6.94B,9.65%,$1840,$1357,$483,$0,$337,$1694,$146,$-33,$113,$23,$90,$90,$89,$221,$146,$68,69,$1.30,$1.29,$64,$1250,$0,$2566,$2019,$0,$4067,$0,$6393,$8960,$1256,$1897,$125,$2661,$3917,$1,$3617,$537,$5043,$8960,$154,$148,$15,$163,$-149,$34,$0,$-17,$-131,$187,$-106,$0,$0,$0,$0,$0,$0,$-106,$-0,$-108,$-109,$2,$2,$0,$-0,$-107,$-26,$0,$0
42,2008-03-31,71.61,$72.36,0.99,$108.83,0.66,$19.54,3.66,$9.94,7.2,$2.60B,$1.30B,2.0,$2.00B,$4.95B,0.41,$7.46B,$2.05B,27.49%,$7.46B,$0.70B,9.42%,$7.46B,$0.70B,9.42%,$7.46B,$1.01B,13.54%,$7.46B,$0.57B,7.60%,$7.46B,$0.68B,9.13%,$0.68B,$4.95B,15.21%,$0.68B,$0.86B,134.52%,$0.68B,$9.02B,7.89%,$0.70B,$6.95B,10.73%,$1738,$1278,$460,$0,$336,$1614,$124,$-35,$89,$22,$67,$67,$65,$198,$124,$68,69,$0.96,$0.95,$73,$1296,$0,$2596,$2026,$0,$4089,$0,$6422,$9017,$1301,$2003,$126,$2768,$4068,$1,$3528,$537,$4949,$9017,$65,$73,$4,$78,$-122,$-11,$0,$-21,$-223,$-80,$-56,$0,$0,$0,$0,$0,$0,$-56,$80,$38,$118,$1,$1,$0,$0,$119,$-16,$3,$0
43,2007-12-31,74.4,$68.86,1.08,$110.79,0.67,$22.46,3.31,$10.31,7.22,$2.45B,$1.21B,2.02,$2.02B,$4.71B,0.43,$7.59B,$2.11B,27.87%,$7.59B,$0.75B,9.89%,$7.59B,$0.75B,9.89%,$7.59B,$1.06B,13.92%,$7.59B,$0.61B,8.07%,$7.59B,$0.71B,9.31%,$0.71B,$4.71B,16.79%,$0.71B,$0.74B,247.72%,$0.71B,$8.68B,8.35%,$0.75B,$6.73B,11.86%,$1807,$1318,$489,$0,$309,$1627,$180,$-29,$152,$-235,$387,$387,$379,$262,$180,$68,68,$5.56,$5.54,$90,$1277,$0,$2450,$1976,$0,$3969,$0,$6230,$8680,$1212,$2021,$125,$2761,$3973,$1,$3462,$364,$4707,$8680,$714,$306,$-275,$31,$127,$21,$0,$45,$135,$880,$-163,$0,$-147,$0,$0,$0,$0,$-310,$-373,$-204,$-578,$31,$31,$0,$2,$-545,$26,$14,$0
44,2007-09-30,81.3,$62.19,1.31,$112.30,0.72,$21.04,3.86,$6.68,12.17,$2.61B,$1.36B,1.92,$2.13B,$4.25B,0.5,$7.68B,$2.18B,28.38%,$7.68B,$0.80B,10.41%,$7.68B,$0.80B,10.41%,$7.68B,$1.10B,14.27%,$7.68B,$0.65B,8.45%,$7.68B,$0.46B,5.94%,$0.46B,$4.25B,11.53%,$0.46B,$0.29B,766.39%,$0.46B,$8.53B,5.47%,$0.80B,$6.38B,13.05%,$1938,$1392,$545,$0,$345,$1737,$201,$-37,$164,$42,$122,$122,$122,$276,$201,$68,69,$1.79,$1.78,$82,$1298,$0,$2607,$1937,$0,$3956,$27,$5920,$8527,$1359,$2127,$152,$2920,$4279,$1,$3083,$289,$4248,$8527,$328,$225,$33,$257,$-49,$-4,$0,$16,$17,$602,$-98,$0,$-143,$0,$0,$0,$0,$-241,$-220,$-159,$-379,$29,$29,$0,$6,$-344,$18,$11,$0
45,2007-06-30,100.79,$58.74,1.72,$113.81,0.89,$19.90,5.06,$6.78,14.87,$2.55B,$1.40B,1.83,$2.14B,$4.01B,0.53,$7.76B,$2.20B,28.37%,$7.76B,$0.82B,10.57%,$7.76B,$0.82B,10.57%,$7.76B,$1.11B,14.31%,$7.76B,$0.67B,8.66%,$7.76B,$0.46B,5.95%,$0.46B,$4.01B,12.23%,$0.46B,$0.14B,-490.19%,$0.46B,$8.31B,5.59%,$0.82B,$6.15B,13.64%,$1977,$1421,$557,$0,$358,$1779,$198,$-36,$162,$47,$115,$115,$115,$274,$198,$68,69,$1.69,$1.68,$58,$1229,$0,$2550,$1858,$0,$3873,$28,$5760,$8310,$1395,$2137,$149,$2906,$4301,$1,$2961,$179,$4009,$8310,$206,$149,$-9,$140,$-84,$-1,$0,$-8,$-31,$314,$-60,$0,$0,$0,$0,$0,$0,$-60,$-220,$-77,$-297,$25,$25,$0,$6,$-266,$-6,$8,$0
46,2007-03-31,82.05,$56.61,1.45,$115.20,0.71,$20.02,4.1,$6.86,11.96,$2.54B,$1.50B,1.7,$2.19B,$3.85B,0.57,$7.85B,$2.24B,28.53%,$7.85B,$0.85B,10.78%,$7.85B,$0.85B,10.78%,$7.85B,$1.13B,14.40%,$7.85B,$0.69B,8.80%,$7.85B,$0.47B,5.95%,$0.47B,$3.85B,12.87%,$0.47B,$-0.03B,-190.42%,$0.47B,$8.32B,5.64%,$0.85B,$6.04B,14.13%,$1864,$1340,$523,$0,$353,$1693,$171,$-37,$134,$44,$90,$90,$90,$244,$171,$68,68,$1.33,$1.32,$54,$1245,$0,$2544,$1865,$0,$3877,$29,$5772,$8315,$1497,$2190,$151,$2965,$4463,$1,$2846,$155,$3853,$8315,$90,$74,$-4,$70,$-67,$-18,$0,$-3,$-71,$89,$-25,$0,$0,$0,$0,$0,$0,$-25,$-60,$-33,$-93,$14,$14,$0,$4,$-75,$-10,$4,$0
47,2006-12-31,74.86,$54.83,1.37,$116.17,0.64,$19.95,3.75,$6.58,11.38,$2.41B,$1.63B,1.48,$2.21B,$3.72B,0.59,$7.91B,$2.23B,28.22%,$7.91B,$0.84B,10.61%,$7.91B,$0.84B,10.61%,$7.91B,$1.12B,14.10%,$7.91B,$0.68B,8.56%,$7.91B,$0.46B,5.77%,$0.46B,$3.72B,13.20%,$0.46B,$-0.16B,-112.52%,$0.46B,$8.21B,5.55%,$0.84B,$5.92B,13.86%,$1899,$1345,$554,$0,$325,$1669,$229,$-40,$189,$60,$129,$129,$129,$302,$229,$68,68,$1.91,$1.90,$63,$1226,$0,$2413,$1888,$0,$3880,$0,$5799,$8212,$1630,$2208,$32,$2867,$4497,$1,$2756,$130,$3715,$8212,$456,$275,$-55,$220,$-21,$5,$0,$36,$106,$782,$-166,$0,$-71,$0,$0,$0,$0,$-237,$-466,$-166,$-632,$7,$7,$0,$4,$-621,$-71,$12,$0
