,Date,Stock Price,Book Value per Share,Price to Book Ratio,TTM Sales per Share,Price to Sales Ratio,TTM FCF per Share,Price to FCF Ratio,TTM Net EPS,PE Ratio,Current Assets,Current Liabilities,Current Ratio,Long Term Debt,Shareholder's Equity_x,Debt to Equity Ratio,TTM Revenue_x,TTM Gross Profit,Gross Margin,TTM Revenue_y,TTM Operating Income,Operating Margin,TTM Revenue_x,TTM EBIT,EBIT Margin,TTM Revenue_y,TTM EBITDA,EBITDA Margin,TTM Revenue_x,TTM Pre-Tax Income,Pre-Tax Margin,TTM Revenue_y,TTM Net Income_x,Net Margin,TTM Net Income_y,Shareholder's Equity_y,Return on Equity,TTM Net Income_x,Tangible Equity,Return on Tangible Equity,TTM Net Income_y,Total Assets,Return on Assets,TTM Net Income,LT Investments & Debt,Return on Investment,revenue,cost-goods-sold,gross-profit,research-development-expenses,selling-general-administrative-expenses,operating-expenses,operating-income,total-non-operating-income-expense,pre-tax-income,total-provision-income-taxes,income-after-taxes,income-from-continuous-operations,net-income,ebitda,ebit,basic-shares-outstanding,shares-outstanding,eps-basic-net-earnings-per-share,eps-earnings-per-share-diluted,cash-on-hand,inventory,other-current-assets,total-current-assets,net-property-plant-equipment,long-term-investments,goodwill-intangible-assets-total,other-long-term-assets,total-long-term-assets,total-assets,total-current-liabilities,long-term-debt,other-non-current-liabilities,total-long-term-liabilities,total-liabilities,common-stock-net,retained-earnings-accumulated-deficit,comprehensive-income,total-share-holder-equity,total-liabilities-share-holders-equity,net-income-loss,total-depreciation-amortization-cash-flow,other-non-cash-items,total-non-cash-items,change-in-accounts-receivable,change-in-inventories,change-in-accounts-payable,change-in-assets-liabilities,total-change-in-assets-liabilities,cash-flow-from-operating-activities,net-change-in-property-plant-equipment,net-change-in-intangible-assets,net-acquisitions-divestitures,net-change-in-short-term-investments,net-change-in-long-term-investments,net-change-in-investments-total,investing-activities-other,cash-flow-from-investing-activities,net-long-term-debt,net-current-debt,debt-issuance-retirement-net-total,net-common-equity-issued-repurchased,net-total-equity-issued-repurchased,total-common-preferred-stock-dividends-paid,financial-activities-other,cash-flow-from-financial-activities,net-cash-flow,stock-based-compensation,common-stock-dividends-paid
0,2018-09-30,2.85,$9.32,0.31,$34.72,0.08,$7.60,0.38,$-5.22,0.0,$0.43B,$4.17B,0.1,$0.26B,$0.31B,0.83,$2.92B,$-0.25B,-8.54%,$2.92B,$-0.35B,-12.08%,$2.92B,$-0.33B,-11.39%,$2.92B,$-0.33B,-11.15%,$2.92B,$-0.35B,-12.08%,$2.92B,$-0.44B,-14.92%,$-0.44B,$0.77B,-40.75%,$-0.44B,$0.77B,-42.22%,$-0.44B,$6.54B,-6.53%,$-0.35B,$1.03B,-26.62%,$556,$768,$-212,$0,$19,$792,$-237,$0,$-237,$-7,$-229,$-229,$-309,$-233,$-232,$83,83,$-3.72,$-3.72,$265,$0,$0,$426,$0,$3837,$0,$1854,$6110,$6537,$4169,$255,$1340,$1594,$5763,$1,$-295,$-116,$773,$6537,$-275,$5,$-11,$-7,$-93,$0,$5,$533,$444,$163,$0,$0,$0,$0,$-90,$-90,$117,$27,$0,$0,$0,$-1,$-1,$-63,$0,$-64,$125,$0,$-37
1,2018-06-30,7.75,$13.31,0.58,$33.82,0.23,$10.01,0.77,$-2.24,0.0,$0.80B,$5.36B,0.15,$0.26B,$0.64B,0.4,$2.86B,$-0.06B,-2.00%,$2.86B,$-0.16B,-5.53%,$2.86B,$-0.14B,-4.87%,$2.86B,$-0.13B,-4.55%,$2.86B,$-0.16B,-5.53%,$2.86B,$-0.19B,-6.65%,$-0.19B,$1.11B,-15.45%,$-0.19B,$1.03B,-16.19%,$-0.19B,$6.72B,-2.82%,$-0.16B,$1.36B,-10.65%,$713,$690,$23,$0,$20,$710,$3,$0,$3,$0,$3,$3,$-6,$10,$8,$83,83,$-0.07,$-0.07,$227,$0,$0,$804,$0,$5012,$75,$355,$5914,$6718,$5357,$255,$0,$255,$5612,$1,$18,$-97,$1106,$6718,$25,$6,$-2,$3,$-126,$0,$100,$54,$28,$56,$0,$0,$0,$0,$23,$23,$-1,$22,$0,$0,$0,$-0,$-0,$-42,$0,$-42,$35,$0,$-25
2,2018-03-31,6.38,$13.94,0.46,$33.95,0.19,$11.91,0.54,$-2.43,0.0,$0.82B,$5.34B,0.15,$0.26B,$0.69B,0.37,$2.90B,$-0.06B,-2.21%,$2.90B,$-0.17B,-6.00%,$2.90B,$-0.15B,-5.31%,$2.90B,$-0.14B,-4.87%,$2.90B,$-0.18B,-6.11%,$2.90B,$-0.21B,-7.11%,$-0.21B,$1.16B,-15.51%,$-0.21B,$1.08B,-16.20%,$-0.21B,$6.76B,-3.05%,$-0.17B,$1.41B,-10.99%,$732,$682,$50,$0,$20,$710,$23,$0,$23,$0,$22,$22,$14,$31,$28,$83,83,$0.17,$0.16,$161,$0,$0,$824,$0,$5063,$75,$320,$5934,$6757,$5344,$255,$0,$255,$5599,$1,$37,$-63,$1158,$6757,$22,$4,$2,$6,$-202,$0,$113,$29,$-60,$-32,$0,$0,$0,$0,$23,$23,$-1,$22,$0,$0,$0,$-0,$-0,$-21,$0,$-21,$-30,$0,$-12
3,2017-12-31,6.33,$14.86,0.43,$33.81,0.19,$12.82,0.49,$-2.36,0.0,$0.22B,$3.71B,0.06,$0.25B,$0.77B,0.33,$2.92B,$-0.06B,-2.05%,$2.92B,$-0.17B,-5.82%,$2.92B,$-0.15B,-5.07%,$2.92B,$-0.14B,-4.69%,$2.92B,$-0.17B,-5.92%,$2.92B,$-0.20B,-6.84%,$-0.20B,$1.23B,-14.48%,$-0.20B,$1.23B,-15.11%,$-0.20B,$6.64B,-2.98%,$-0.17B,$1.49B,-10.24%,$914,$1023,$-110,$0,$22,$1054,$-141,$0,$-141,$-6,$-135,$-135,$-134,$-133,$-136,$86,86,$-1.56,$-1.55,$149,$0,$0,$222,$0,$3812,$0,$2230,$6422,$6644,$3708,$254,$1449,$1704,$5412,$1,$35,$13,$1233,$6644,$-170,$12,$3,$15,$71,$0,$-44,$586,$614,$459,$0,$0,$0,$-19,$-367,$-386,$7,$-379,$-100,$0,$-100,$-25,$120,$-81,$0,$-60,$22,$0,$-52
4,2017-09-30,7.45,$16.80,0.44,$31.53,0.24,$13.44,0.55,$-1.64,0.0,$0.93B,$5.14B,0.18,$0.25B,$0.96B,0.27,$2.67B,$0.00B,0.04%,$2.67B,$-0.10B,-3.67%,$2.67B,$-0.07B,-2.77%,$2.67B,$-0.06B,-2.36%,$2.67B,$-0.10B,-3.79%,$2.67B,$-0.14B,-5.29%,$-0.14B,$1.42B,-9.98%,$-0.14B,$1.35B,-10.55%,$-0.14B,$6.84B,-2.13%,$-0.10B,$1.68B,-5.71%,$497,$516,$-20,$0,$15,$540,$-43,$0,$-43,$2,$-45,$-45,$-64,$-38,$-39,$86,86,$-0.74,$-0.74,$314,$0,$0,$934,$0,$5010,$76,$349,$5905,$6839,$5142,$254,$22,$276,$5418,$1,$182,$46,$1421,$6839,$-45,$8,$67,$76,$-22,$0,$102,$264,$344,$375,$0,$0,$0,$0,$-166,$-166,$-19,$-185,$-100,$0,$-100,$-14,$131,$-60,$0,$-28,$165,$0,$-39
5,2017-06-30,10.21,$17.33,0.59,$34.32,0.3,$12.86,0.79,$-0.50,0.0,$1.03B,$4.91B,0.21,$0.25B,$1.04B,0.25,$2.91B,$0.09B,2.96%,$2.91B,$-0.01B,-0.48%,$2.91B,$0.01B,0.45%,$2.91B,$0.03B,0.96%,$2.91B,$-0.02B,-0.58%,$2.91B,$-0.05B,-1.55%,$-0.05B,$1.50B,-3.11%,$-0.05B,$1.42B,-3.29%,$-0.05B,$6.79B,-0.69%,$-0.01B,$1.76B,-0.79%,$755,$739,$16,$0,$15,$768,$-13,$-3,$-16,$0,$-16,$-16,$-22,$-1,$-7,$87,87,$-0.26,$-0.26,$437,$0,$0,$1025,$0,$4853,$77,$361,$5766,$6791,$4908,$254,$129,$383,$5290,$1,$258,$36,$1501,$6791,$10,$7,$6,$14,$-85,$0,$156,$128,$200,$224,$0,$0,$0,$0,$55,$55,$-0,$54,$-100,$0,$-100,$0,$146,$-38,$0,$8,$288,$0,$-26
6,2017-03-31,12.71,$15.83,0.8,$33.45,0.38,$12.20,1.04,$0.15,84.75,$0.92B,$4.84B,0.19,$0.35B,$1.06B,0.33,$2.83B,$0.13B,4.67%,$2.83B,$0.04B,1.45%,$2.83B,$0.07B,2.48%,$2.83B,$0.09B,3.04%,$2.83B,$0.04B,1.38%,$2.83B,$0.01B,0.28%,$0.01B,$1.37B,0.55%,$0.01B,$1.29B,0.58%,$0.01B,$6.56B,0.13%,$0.04B,$1.72B,2.27%,$756,$703,$54,$0,$17,$729,$27,$0,$27,$0,$27,$27,$20,$35,$34,$86,87,$0.24,$0.23,$193,$0,$0,$918,$0,$4732,$77,$358,$5639,$6557,$4835,$351,$0,$351,$5187,$1,$293,$16,$1370,$6557,$27,$2,$1,$3,$-204,$0,$194,$27,$16,$45,$0,$0,$0,$0,$17,$17,$-0,$17,$0,$0,$0,$-0,$-0,$-19,$0,$-19,$44,$0,$-13
7,2016-12-31,15.68,$15.78,0.99,$32.49,0.48,$11.79,1.33,$0.27,58.06,$0.66B,$4.54B,0.15,$0.35B,$1.05B,0.34,$2.73B,$0.14B,5.09%,$2.73B,$0.05B,1.90%,$2.73B,$0.08B,2.97%,$2.73B,$0.10B,3.70%,$2.73B,$0.05B,1.83%,$2.73B,$0.02B,0.55%,$0.02B,$1.36B,1.02%,$0.02B,$1.28B,1.07%,$0.02B,$6.25B,0.24%,$0.05B,$1.71B,2.84%,$659,$709,$-49,$0,$17,$728,$-69,$0,$-69,$0,$-69,$-69,$-75,$-59,$-62,$78,79,$-1.01,$-0.95,$150,$0,$0,$660,$0,$4737,$78,$353,$5593,$6252,$4540,$351,$0,$351,$4891,$1,$286,$15,$1361,$6252,$48,$20,$-18,$2,$-33,$0,$142,$311,$420,$470,$0,$0,$0,$139,$-579,$-440,$1,$-439,$-1,$0,$-1,$1,$1,$-77,$0,$-77,$-44,$0,$-43
8,2016-09-30,11.18,$18.07,0.62,$31.36,0.36,$13.22,0.85,$1.46,7.66,$1.07B,$4.48B,0.24,$0.35B,$1.24B,0.28,$2.69B,$0.24B,8.87%,$2.69B,$0.15B,5.64%,$2.69B,$0.18B,6.72%,$2.69B,$0.20B,7.46%,$2.69B,$0.15B,5.57%,$2.69B,$0.12B,4.27%,$0.12B,$1.56B,7.80%,$0.12B,$1.48B,8.26%,$0.12B,$6.47B,1.87%,$0.15B,$1.91B,8.33%,$738,$673,$65,$0,$17,$697,$41,$0,$41,$0,$41,$41,$32,$53,$48,$76,86,$0.42,$0.40,$434,$0,$0,$1066,$0,$4521,$80,$349,$5402,$6468,$4482,$351,$79,$430,$4912,$1,$373,$124,$1556,$6468,$118,$17,$-11,$6,$-154,$0,$214,$143,$203,$326,$0,$0,$0,$-104,$-188,$-291,$0,$-291,$-1,$0,$-1,$0,$0,$-59,$0,$-60,$-22,$0,$-31
9,2016-06-30,10.78,$20.68,0.52,$30.88,0.35,$15.57,0.69,$1.36,7.93,$1.15B,$4.39B,0.26,$0.35B,$1.05B,0.33,$2.65B,$0.23B,8.53%,$2.65B,$0.14B,5.29%,$2.65B,$0.17B,6.38%,$2.65B,$0.19B,7.13%,$2.65B,$0.14B,5.21%,$2.65B,$0.11B,3.96%,$0.11B,$1.53B,7.55%,$0.11B,$1.45B,8.03%,$0.11B,$6.27B,1.76%,$0.14B,$1.88B,8.03%,$675,$613,$62,$0,$17,$632,$42,$-2,$40,$0,$40,$40,$31,$57,$50,$74,86,$0.42,$0.39,$506,$0,$0,$1151,$0,$4226,$81,$358,$5120,$6271,$4389,$351,$0,$351,$4740,$1,$354,$119,$1531,$6271,$77,$12,$-8,$3,$-174,$0,$244,$15,$85,$165,$0,$0,$0,$-135,$46,$-90,$0,$-89,$-1,$0,$-1,$-0,$-0,$-39,$0,$-40,$38,$0,$-21
10,2016-03-31,11.27,$19.74,0.57,$30.59,0.37,$18.07,0.62,$1.24,9.09,$0.91B,$4.31B,0.21,$0.35B,$0.98B,0.36,$2.62B,$0.22B,8.39%,$2.62B,$0.13B,4.77%,$2.62B,$0.15B,5.84%,$2.62B,$0.17B,6.30%,$2.62B,$0.13B,4.77%,$2.62B,$0.10B,3.62%,$0.10B,$1.46B,7.23%,$0.10B,$1.38B,7.73%,$0.10B,$6.12B,1.63%,$0.13B,$1.81B,7.49%,$659,$599,$61,$0,$15,$622,$38,$0,$38,$1,$37,$37,$27,$50,$45,$74,86,$0.37,$0.35,$231,$0,$0,$913,$0,$4326,$81,$354,$5207,$6120,$4309,$350,$0,$350,$4659,$1,$333,$69,$1460,$6120,$37,$5,$-3,$2,$-219,$0,$226,$-37,$-30,$9,$0,$0,$0,$98,$-95,$3,$0,$3,$0,$0,$0,$-0,$-0,$-20,$0,$-20,$-4,$0,$-10
11,2015-12-31,12.84,$18.30,0.7,$30.07,0.43,$19.96,0.64,$1.30,9.88,$0.78B,$4.01B,0.2,$0.35B,$0.87B,0.4,$2.57B,$0.22B,8.36%,$2.57B,$0.13B,4.90%,$2.57B,$0.16B,6.02%,$2.57B,$0.17B,6.45%,$2.57B,$0.13B,4.90%,$2.57B,$0.10B,3.89%,$0.10B,$1.35B,7.88%,$0.10B,$1.27B,8.46%,$0.10B,$5.70B,1.77%,$0.13B,$1.70B,7.75%,$621,$570,$51,$0,$16,$590,$31,$0,$31,$0,$31,$31,$25,$41,$38,$73,86,$0.33,$0.33,$333,$0,$0,$781,$0,$4128,$82,$315,$4923,$5704,$4005,$350,$0,$350,$4354,$1,$316,$-24,$1349,$5704,$124,$10,$-9,$1,$128,$0,$202,$180,$509,$634,$0,$0,$0,$35,$-794,$-759,$8,$-751,$0,$0,$0,$3,$162,$-63,$0,$100,$-18,$0,$-38
12,2015-09-30,11.85,$16.58,0.71,$31.48,0.38,$21.35,0.56,$1.34,8.84,$1.02B,$4.09B,0.25,$0.36B,$0.91B,0.4,$2.59B,$0.22B,8.48%,$2.59B,$0.13B,4.97%,$2.59B,$0.16B,6.09%,$2.59B,$0.17B,6.48%,$2.59B,$0.13B,4.97%,$2.59B,$0.10B,3.97%,$0.10B,$1.22B,8.29%,$0.10B,$1.13B,8.92%,$0.10B,$5.76B,1.86%,$0.13B,$1.58B,8.05%,$694,$642,$52,$0,$16,$665,$29,$0,$29,$0,$29,$29,$22,$41,$36,$74,86,$0.31,$0.30,$433,$0,$0,$1019,$0,$3908,$87,$313,$4738,$5757,$4091,$360,$84,$444,$4535,$1,$302,$23,$1222,$5757,$94,$7,$-5,$2,$14,$0,$265,$151,$431,$526,$0,$0,$0,$41,$-511,$-470,$-0,$-471,$0,$0,$0,$2,$2,$-47,$0,$-44,$9,$0,$-29
13,2015-06-30,13.35,$16.66,0.8,$30.74,0.43,$21.18,0.63,$1.40,9.53,$1.00B,$4.08B,0.25,$0.36B,$0.91B,0.4,$2.52B,$0.23B,8.91%,$2.52B,$0.13B,5.31%,$2.52B,$0.16B,6.50%,$2.52B,$0.17B,6.81%,$2.52B,$0.13B,5.31%,$2.52B,$0.11B,4.32%,$0.11B,$1.23B,8.79%,$0.11B,$1.14B,9.46%,$0.11B,$5.66B,2.04%,$0.13B,$1.59B,8.38%,$647,$591,$56,$0,$16,$620,$27,$0,$27,$0,$27,$27,$21,$33,$34,$73,86,$0.28,$0.27,$309,$0,$0,$1001,$0,$3836,$88,$296,$4663,$5664,$4078,$360,$0,$360,$4438,$1,$289,$41,$1226,$5664,$65,$3,$-4,$-1,$-93,$0,$331,$77,$315,$378,$0,$0,$0,$30,$-428,$-398,$-1,$-399,$0,$0,$0,$2,$2,$-31,$0,$-29,$-51,$0,$-19
14,2015-03-31,12.44,$17.40,0.71,$29.82,0.42,$19.54,0.64,$1.47,8.46,$1.36B,$3.87B,0.35,$0.36B,$0.96B,0.37,$2.44B,$0.22B,9.18%,$2.44B,$0.14B,5.70%,$2.44B,$0.17B,6.97%,$2.44B,$0.18B,7.46%,$2.44B,$0.14B,5.70%,$2.44B,$0.11B,4.67%,$0.11B,$1.28B,9.20%,$0.11B,$1.19B,9.90%,$0.11B,$5.51B,2.20%,$0.14B,$1.64B,8.69%,$611,$556,$56,$0,$16,$572,$39,$0,$39,$1,$39,$39,$32,$51,$47,$73,85,$0.44,$0.41,$641,$0,$0,$1357,$0,$3363,$87,$270,$4151,$5507,$3870,$360,$0,$360,$4230,$1,$278,$107,$1278,$5507,$39,$4,$-9,$-5,$-132,$0,$257,$11,$137,$170,$0,$0,$0,$-192,$99,$-93,$-0,$-93,$0,$0,$0,$1,$1,$-16,$0,$-15,$60,$0,$-9
15,2014-12-31,10.63,$17.02,0.62,$30.25,0.35,$19.52,0.54,$1.00,10.63,$0.98B,$3.56B,0.28,$0.36B,$0.93B,0.39,$2.38B,$0.22B,9.37%,$2.38B,$0.13B,5.50%,$2.38B,$0.16B,6.80%,$2.38B,$0.20B,8.48%,$2.38B,$0.10B,4.33%,$2.38B,$0.08B,3.28%,$0.08B,$1.24B,6.46%,$0.08B,$1.15B,6.97%,$0.08B,$5.16B,1.55%,$0.13B,$1.60B,8.36%,$642,$586,$56,$0,$17,$608,$34,$0,$34,$0,$34,$34,$28,$43,$41,$73,74,$0.39,$0.40,$393,$0,$0,$981,$0,$3469,$87,$253,$4183,$5164,$3563,$360,$0,$360,$3923,$1,$255,$95,$1241,$5164,$102,$40,$-3,$37,$34,$0,$153,$325,$513,$652,$0,$0,$0,$-208,$-264,$-472,$0,$-472,$-153,$0,$-153,$1,$1,$-56,$0,$-208,$-32,$0,$-32
16,2014-09-30,9.12,$16.65,0.55,$28.38,0.32,$15.52,0.59,$0.91,10.02,$0.87B,$3.49B,0.25,$0.36B,$0.90B,0.4,$2.26B,$0.22B,9.74%,$2.26B,$0.12B,5.49%,$2.26B,$0.16B,7.04%,$2.26B,$0.20B,8.90%,$2.26B,$0.10B,4.25%,$2.26B,$0.07B,3.14%,$0.07B,$1.21B,6.03%,$0.07B,$1.13B,6.52%,$0.07B,$5.06B,1.44%,$0.12B,$1.57B,7.90%,$624,$566,$57,$0,$15,$589,$34,$0,$34,$0,$34,$34,$28,$45,$42,$73,85,$0.38,$0.36,$273,$0,$0,$872,$0,$3462,$88,$269,$4188,$5060,$3486,$360,$0,$360,$3846,$1,$237,$87,$1214,$5060,$68,$38,$-1,$37,$36,$0,$188,$179,$402,$507,$0,$0,$0,$-143,$-256,$-399,$-0,$-399,$-153,$0,$-153,$0,$0,$-42,$0,$-194,$-87,$0,$-24
17,2014-06-30,9.86,$16.79,0.59,$28.28,0.35,$14.41,0.68,$0.85,11.59,$1.06B,$3.44B,0.31,$0.36B,$0.91B,0.4,$2.17B,$0.21B,9.77%,$2.17B,$0.12B,5.35%,$2.17B,$0.15B,7.01%,$2.17B,$0.20B,9.04%,$2.17B,$0.09B,4.06%,$2.17B,$0.07B,3.00%,$0.07B,$1.22B,5.81%,$0.07B,$1.13B,6.32%,$0.07B,$5.02B,1.36%,$0.12B,$1.58B,7.72%,$563,$509,$55,$0,$15,$531,$32,$0,$32,$0,$32,$32,$26,$43,$40,$73,85,$0.35,$0.34,$292,$0,$0,$1064,$0,$3237,$89,$271,$3957,$5021,$3437,$360,$0,$360,$3797,$1,$217,$118,$1223,$5021,$34,$35,$-2,$33,$-111,$0,$187,$92,$168,$236,$0,$0,$0,$-144,$19,$-125,$-0,$-125,$-153,$0,$-153,$0,$0,$-28,$0,$-180,$-70,$0,$-16
18,2014-03-31,10.08,$15.80,0.64,$28.91,0.35,$13.67,0.74,$0.78,12.93,$0.98B,$3.36B,0.29,$0.36B,$0.84B,0.43,$2.14B,$0.21B,9.66%,$2.14B,$0.11B,5.04%,$2.14B,$0.15B,6.77%,$2.14B,$0.19B,9.01%,$2.14B,$0.08B,3.73%,$2.14B,$0.06B,2.75%,$0.06B,$1.15B,5.61%,$0.06B,$1.06B,6.14%,$0.06B,$4.87B,1.28%,$0.11B,$1.51B,7.55%,$552,$497,$55,$0,$15,$521,$31,$-28,$3,$1,$2,$2,$-4,$71,$39,$73,73,$-0.06,$-0.06,$223,$0,$0,$982,$0,$3175,$90,$274,$3887,$4869,$3358,$360,$0,$360,$3718,$1,$200,$64,$1151,$4869,$2,$31,$-0,$31,$-115,$0,$177,$48,$110,$144,$0,$0,$0,$-74,$29,$-45,$-0,$-45,$-153,$0,$-153,$0,$0,$-14,$0,$-166,$-68,$0,$-8
19,2013-12-31,8.75,$15.48,0.57,$28.38,0.31,$11.91,0.73,$1.18,7.42,$0.86B,$3.10B,0.28,$0.49B,$0.81B,0.6,$2.11B,$0.20B,9.67%,$2.11B,$0.11B,5.02%,$2.11B,$0.14B,6.82%,$2.11B,$0.17B,7.82%,$2.11B,$0.11B,5.02%,$2.11B,$0.09B,4.17%,$0.09B,$1.12B,8.62%,$0.09B,$1.03B,9.48%,$0.09B,$4.71B,1.96%,$0.11B,$1.61B,7.61%,$519,$466,$53,$0,$14,$492,$27,$0,$27,$1,$26,$26,$21,$42,$38,$73,76,$0.28,$0.27,$217,$0,$0,$861,$0,$3167,$91,$289,$3852,$4713,$3103,$486,$0,$486,$3589,$1,$212,$26,$1124,$4713,$103,$19,$-6,$13,$-31,$0,$82,$199,$251,$366,$0,$0,$0,$55,$-640,$-585,$1,$-584,$147,$0,$147,$2,$161,$-34,$0,$274,$58,$0,$-20
20,2013-09-30,9.36,$13.41,0.7,$28.49,0.33,$11.48,0.82,$0.77,12.16,$1.05B,$3.14B,0.34,$0.33B,$0.82B,0.41,$2.10B,$0.17B,7.97%,$2.10B,$0.07B,3.48%,$2.10B,$0.11B,5.25%,$2.10B,$0.13B,6.35%,$2.10B,$0.07B,3.48%,$2.10B,$0.06B,2.72%,$0.06B,$0.97B,5.74%,$0.06B,$0.88B,6.33%,$0.06B,$4.45B,1.31%,$0.07B,$1.31B,5.50%,$535,$486,$49,$0,$13,$510,$26,$0,$26,$0,$25,$25,$22,$40,$35,$73,74,$0.30,$0.30,$401,$0,$0,$1053,$0,$2679,$92,$315,$3396,$4450,$3142,$334,$0,$334,$3476,$1,$199,$49,$974,$4450,$76,$16,$-6,$9,$-28,$0,$157,$145,$274,$359,$0,$0,$1,$-138,$-153,$-291,$-0,$-290,$0,$0,$0,$2,$2,$-22,$0,$-21,$50,$0,$-13
21,2013-06-30,8.83,$13.19,0.67,$27.75,0.32,$10.29,0.86,$0.77,11.46,$0.97B,$3.12B,0.31,$0.33B,$0.81B,0.41,$2.04B,$0.16B,8.00%,$2.04B,$0.07B,3.39%,$2.04B,$0.11B,5.25%,$2.04B,$0.13B,6.33%,$2.04B,$0.07B,3.39%,$2.04B,$0.06B,2.80%,$0.06B,$0.96B,5.66%,$0.06B,$0.86B,6.24%,$0.06B,$4.41B,1.35%,$0.07B,$1.29B,5.15%,$537,$487,$50,$0,$17,$513,$24,$0,$24,$0,$23,$23,$20,$40,$33,$72,74,$0.28,$0.27,$186,$0,$0,$972,$0,$2719,$93,$307,$3434,$4406,$3115,$334,$0,$334,$3449,$1,$183,$48,$957,$4406,$51,$11,$-6,$5,$-167,$0,$187,$74,$94,$150,$0,$0,$0,$36,$-165,$-129,$1,$-128,$0,$0,$0,$1,$1,$-13,$0,$-12,$8,$0,$-7
22,2013-03-31,8.27,$14.17,0.58,$26.72,0.31,$10.53,0.78,$0.70,11.81,$1.08B,$3.06B,0.35,$0.33B,$0.88B,0.38,$1.96B,$0.15B,7.87%,$1.96B,$0.06B,3.07%,$1.96B,$0.10B,5.01%,$1.96B,$0.12B,5.98%,$1.96B,$0.06B,3.07%,$1.96B,$0.05B,2.66%,$0.05B,$1.03B,5.34%,$0.05B,$0.93B,5.92%,$0.05B,$4.42B,1.28%,$0.06B,$1.36B,4.59%,$519,$467,$52,$0,$14,$490,$29,$0,$29,$1,$28,$28,$25,$43,$38,$72,73,$0.35,$0.34,$231,$0,$0,$1076,$0,$2633,$93,$303,$3342,$4417,$3057,$334,$0,$334,$3391,$1,$170,$133,$1027,$4417,$28,$4,$-5,$-0,$-210,$0,$197,$1,$-11,$16,$0,$0,$0,$5,$6,$11,$-0,$11,$0,$0,$0,$0,$0,$-3,$0,$-3,$22,$0,$0
23,2012-12-31,7.11,$14.04,0.51,$25.99,0.27,$11.28,0.63,$0.64,11.11,$0.85B,$2.79B,0.3,$0.33B,$0.87B,0.39,$1.90B,$0.15B,7.63%,$1.90B,$0.05B,2.74%,$1.90B,$0.09B,4.68%,$1.90B,$0.11B,5.58%,$1.90B,$0.05B,2.74%,$1.90B,$0.05B,2.47%,$0.05B,$1.02B,5.11%,$0.05B,$0.92B,5.71%,$0.05B,$4.14B,1.21%,$0.05B,$1.35B,4.15%,$505,$489,$16,$0,$11,$511,$-6,$0,$-6,$1,$-7,$-7,$-10,$10,$4,$72,73,$-0.14,$-0.14,$214,$0,$0,$847,$0,$2622,$94,$304,$3291,$4138,$2789,$334,$0,$334,$3123,$1,$151,$141,$1016,$4138,$50,$17,$-4,$14,$-99,$0,$145,$209,$255,$319,$0,$0,$0,$-17,$-620,$-638,$-0,$-638,$97,$0,$97,$0,$146,$-33,$0,$209,$-107,$0,$-30
24,2012-09-30,6.74,$14.22,0.47,$25.11,0.27,$9.40,0.72,$1.02,6.61,$0.66B,$2.59B,0.26,$0.33B,$0.88B,0.38,$1.84B,$0.17B,9.37%,$1.84B,$0.08B,4.09%,$1.84B,$0.11B,5.99%,$1.84B,$0.13B,6.81%,$1.84B,$0.08B,4.09%,$1.84B,$0.08B,4.09%,$0.08B,$1.03B,8.74%,$0.08B,$0.93B,9.86%,$0.08B,$3.95B,2.03%,$0.08B,$1.36B,6.43%,$476,$430,$45,$0,$14,$453,$22,$0,$22,$1,$22,$22,$22,$36,$32,$72,73,$0.30,$0.30,$182,$0,$0,$660,$0,$2613,$95,$306,$3289,$3949,$2587,$334,$0,$334,$2921,$1,$168,$137,$1028,$3949,$57,$11,$-1,$10,$-26,$0,$132,$96,$201,$268,$0,$0,$0,$-0,$-615,$-615,$-0,$-615,$97,$0,$97,$0,$145,$-17,$0,$225,$-121,$0,$-17
25,2012-06-30,6.53,$11.41,0.57,$24.65,0.26,$7.16,0.91,$0.94,6.94,$0.69B,$2.59B,0.26,$0.33B,$0.83B,0.41,$1.80B,$0.17B,9.22%,$1.80B,$0.07B,3.83%,$1.80B,$0.10B,5.72%,$1.80B,$0.12B,6.44%,$1.80B,$0.07B,3.83%,$1.80B,$0.07B,3.83%,$0.07B,$0.83B,8.70%,$0.07B,$0.73B,9.93%,$0.07B,$3.75B,1.96%,$0.07B,$1.16B,6.41%,$457,$415,$41,$0,$15,$442,$15,$0,$15,$0,$15,$15,$15,$28,$24,$72,73,$0.20,$0.20,$143,$0,$0,$686,$0,$2396,$97,$305,$3067,$3753,$2594,$334,$0,$334,$2928,$1,$152,$96,$825,$3753,$35,$7,$1,$8,$-73,$0,$138,$60,$124,$166,$0,$0,$0,$30,$-411,$-381,$-0,$-381,$97,$0,$97,$0,$0,$-12,$0,$85,$-129,$0,$-12
26,2012-03-31,6.7,$11.22,0.6,$23.75,0.28,$5.47,1.22,$0.41,16.35,$0.81B,$2.52B,0.32,$0.33B,$0.81B,0.41,$1.73B,$0.16B,9.17%,$1.73B,$0.07B,3.75%,$1.73B,$0.10B,5.77%,$1.73B,$0.13B,7.56%,$1.73B,$0.03B,1.73%,$1.73B,$0.03B,1.73%,$0.03B,$0.81B,3.86%,$0.03B,$0.71B,4.43%,$0.03B,$3.67B,0.88%,$0.07B,$1.15B,6.15%,$463,$420,$43,$0,$14,$442,$21,$0,$21,$1,$20,$20,$20,$32,$29,$72,73,$0.28,$0.28,$274,$0,$0,$808,$0,$2202,$98,$283,$2860,$3668,$2524,$334,$0,$334,$2858,$1,$143,$91,$811,$3668,$20,$3,$-3,$-0,$-129,$0,$154,$25,$51,$71,$-0,$0,$0,$25,$-194,$-169,$0,$-169,$97,$0,$97,$0,$0,$-6,$0,$91,$-4,$0,$-6
27,2011-12-31,6.47,$10.65,0.61,$22.51,0.29,$4.68,1.38,$0.40,16.17,$0.75B,$2.39B,0.31,$0.23B,$0.77B,0.3,$1.64B,$0.16B,9.63%,$1.64B,$0.07B,3.96%,$1.64B,$0.10B,6.16%,$1.64B,$0.13B,7.99%,$1.64B,$0.03B,1.83%,$1.64B,$0.03B,1.77%,$0.03B,$0.77B,3.78%,$0.03B,$0.67B,4.36%,$0.03B,$3.40B,0.89%,$0.07B,$1.00B,6.39%,$439,$396,$43,$0,$16,$422,$17,$0,$17,$-0,$18,$18,$18,$29,$25,$72,73,$0.25,$0.24,$303,$0,$0,$747,$0,$2023,$99,$278,$2648,$3395,$2392,$234,$0,$234,$2626,$1,$129,$64,$769,$3395,$29,$31,$-1,$30,$-168,$0,$178,$113,$123,$181,$0,$0,$1,$-25,$34,$9,$3,$13,$-3,$0,$-3,$0,$0,$-21,$-76,$-100,$92,$0,$-21
28,2011-09-30,5.41,$10.63,0.51,$21.17,0.26,$4.27,1.26,$0.42,12.87,$0.63B,$2.26B,0.28,$0.23B,$0.77B,0.31,$1.54B,$0.16B,10.36%,$1.54B,$0.07B,4.36%,$1.54B,$0.11B,6.84%,$1.54B,$0.13B,8.66%,$1.54B,$0.03B,2.08%,$1.54B,$0.03B,1.95%,$0.03B,$0.77B,3.94%,$0.03B,$0.67B,4.55%,$0.03B,$3.26B,0.95%,$0.07B,$1.00B,6.64%,$441,$401,$39,$0,$12,$424,$16,$0,$16,$0,$16,$16,$16,$27,$25,$72,73,$0.22,$0.22,$243,$0,$0,$628,$0,$1900,$100,$380,$2628,$3256,$2255,$234,$0,$234,$2489,$1,$117,$75,$768,$3256,$11,$27,$18,$45,$-171,$0,$190,$30,$49,$105,$-1,$0,$0,$-7,$44,$37,$4,$40,$-3,$0,$-3,$0,$0,$-15,$-76,$-94,$50,$0,$-15
29,2011-06-30,6.59,$10.53,0.63,$19.76,0.33,$4.44,1.48,$0.46,14.32,$0.66B,$2.21B,0.3,$0.32B,$0.76B,0.43,$1.42B,$0.16B,11.17%,$1.42B,$0.07B,4.92%,$1.42B,$0.11B,7.59%,$1.42B,$0.14B,9.49%,$1.42B,$0.04B,2.46%,$1.42B,$0.03B,2.32%,$0.03B,$0.76B,4.34%,$0.03B,$0.66B,5.02%,$0.03B,$3.29B,1.08%,$0.07B,$1.08B,6.99%,$390,$356,$34,$0,$13,$379,$11,$-35,$-24,$1,$-24,$-24,$-24,$43,$21,$72,73,$-0.34,$-0.34,$266,$0,$0,$661,$0,$1903,$101,$383,$2632,$3293,$2211,$323,$0,$323,$2534,$1,$107,$78,$760,$3293,$-5,$25,$13,$38,$-169,$0,$196,$-17,$10,$44,$-1,$0,$0,$23,$13,$36,$4,$39,$105,$0,$105,$0,$0,$-10,$-76,$18,$102,$0,$-10
30,2011-03-31,5.38,$10.68,0.5,$18.69,0.29,$4.87,1.11,$1.05,5.12,$0.48B,$2.09B,0.23,$0.22B,$0.77B,0.28,$1.34B,$0.16B,12.28%,$1.34B,$0.08B,5.84%,$1.34B,$0.12B,8.61%,$1.34B,$0.12B,8.98%,$1.34B,$0.08B,5.84%,$1.34B,$0.08B,5.69%,$0.08B,$0.77B,10.12%,$0.08B,$0.67B,11.71%,$0.08B,$3.07B,2.59%,$0.08B,$0.99B,8.07%,$370,$328,$42,$0,$12,$350,$21,$0,$21,$1,$19,$19,$19,$32,$30,$72,73,$0.27,$0.27,$150,$0,$0,$477,$0,$1868,$103,$391,$2595,$3072,$2087,$215,$0,$215,$2302,$1,$136,$59,$770,$3072,$19,$2,$-5,$-3,$-89,$0,$103,$-17,$-2,$14,$-1,$0,$0,$37,$32,$69,$0,$68,$0,$0,$0,$0,$0,$-5,$-76,$-81,$1,$0,$-5
31,2010-12-31,5.59,$10.41,0.54,$17.58,0.32,$4.64,1.21,$0.97,5.77,$0.42B,$1.94B,0.22,$0.22B,$0.75B,0.29,$1.25B,$0.16B,12.50%,$1.25B,$0.07B,5.69%,$1.25B,$0.11B,8.65%,$1.25B,$0.11B,8.89%,$1.25B,$0.07B,5.69%,$1.25B,$0.07B,5.69%,$0.07B,$0.75B,9.65%,$0.07B,$0.65B,11.19%,$0.07B,$2.98B,2.49%,$0.07B,$0.97B,7.46%,$334,$291,$44,$0,$13,$315,$19,$0,$19,$0,$19,$19,$19,$31,$29,$71,71,$0.27,$0.27,$186,$0,$0,$419,$0,$1880,$104,$376,$2564,$2983,$1941,$215,$76,$291,$2232,$1,$122,$54,$750,$2983,$70,$4,$-159,$-155,$-29,$0,$73,$193,$237,$152,$-3,$0,$-5,$56,$-173,$-118,$0,$-125,$0,$0,$0,$0,$0,$-18,$-19,$-37,$-11,$0,$-18
32,2010-09-30,5.37,$10.52,0.51,$16.70,0.32,$3.18,1.69,$0.95,5.65,$0.74B,$1.80B,0.41,$0.22B,$0.76B,0.28,$1.18B,$0.15B,12.71%,$1.18B,$0.07B,5.93%,$1.18B,$0.11B,8.98%,$1.18B,$0.11B,9.15%,$1.18B,$0.07B,5.93%,$1.18B,$0.07B,5.85%,$0.07B,$0.76B,9.62%,$0.07B,$0.66B,11.20%,$0.07B,$2.84B,2.50%,$0.07B,$0.97B,7.50%,$329,$290,$39,$0,$11,$310,$19,$0,$19,$0,$19,$19,$19,$29,$28,$70,71,$0.26,$0.26,$488,$0,$0,$739,$0,$1588,$100,$226,$2101,$2840,$1796,$215,$70,$285,$2081,$1,$108,$77,$758,$2840,$51,$1,$-2,$-1,$-47,$0,$39,$73,$65,$114,$-1,$0,$0,$-74,$162,$88,$0,$88,$0,$0,$0,$0,$0,$-14,$-26,$-39,$162,$0,$-14
33,2010-06-30,4.6,$10.31,0.45,$15.65,0.29,$1.43,3.22,$0.90,5.11,$0.63B,$1.83B,0.35,$0.22B,$0.73B,0.3,$1.11B,$0.15B,13.12%,$1.11B,$0.07B,5.97%,$1.11B,$0.10B,9.23%,$1.11B,$0.10B,9.32%,$1.11B,$0.07B,5.97%,$1.11B,$0.07B,5.88%,$0.07B,$0.73B,9.36%,$0.07B,$0.62B,10.98%,$0.07B,$2.84B,2.42%,$0.07B,$0.94B,7.71%,$303,$264,$39,$0,$9,$284,$19,$0,$19,$0,$19,$19,$19,$28,$28,$70,71,$0.27,$0.26,$347,$0,$0,$631,$0,$1640,$101,$268,$2206,$2837,$1826,$215,$71,$286,$2112,$1,$94,$57,$725,$2837,$32,$-0,$1,$1,$-77,$0,$116,$1,$40,$72,$-1,$0,$0,$-23,$58,$35,$0,$34,$0,$0,$0,$0,$0,$-9,$-24,$-34,$72,$0,$-9
34,2010-03-31,5.12,$10.10,0.51,$14.77,0.35,$-0.13,0.0,$0.87,5.89,$0.50B,$1.73B,0.29,$0.22B,$0.71B,0.3,$1.04B,$0.14B,13.24%,$1.04B,$0.06B,6.05%,$1.04B,$0.10B,9.50%,$1.04B,$0.10B,9.60%,$1.04B,$0.06B,6.05%,$1.04B,$0.06B,5.95%,$0.06B,$0.71B,9.33%,$0.06B,$0.61B,11.04%,$0.06B,$2.73B,2.38%,$0.06B,$0.93B,8.16%,$282,$248,$34,$0,$9,$268,$14,$0,$14,$0,$14,$14,$14,$23,$23,$70,71,$0.19,$0.19,$180,$0,$0,$496,$0,$1732,$102,$219,$2232,$2728,$1727,$215,$76,$291,$2018,$1,$80,$57,$710,$2728,$14,$0,$1,$1,$-87,$0,$35,$35,$-18,$-3,$-1,$0,$0,$27,$-44,$-17,$0,$-18,$0,$0,$0,$0,$0,$-5,$-19,$-24,$-45,$0,$-5
35,2009-12-31,5.03,$9.62,0.52,$14.06,0.36,$0.13,39.43,$0.87,5.78,$0.47B,$1.65B,0.29,$0.22B,$0.68B,0.32,$0.98B,$0.13B,13.65%,$0.98B,$0.06B,6.31%,$0.98B,$0.10B,9.78%,$0.98B,$0.10B,9.98%,$0.98B,$0.06B,6.31%,$0.98B,$0.06B,6.21%,$0.06B,$0.68B,9.78%,$0.06B,$0.57B,11.71%,$0.06B,$2.64B,2.44%,$0.06B,$0.89B,9.15%,$266,$228,$38,$0,$0,$248,$18,$0,$18,$0,$17,$17,$17,$28,$27,$70,70,$0.25,$0.24,$252,$0,$0,$472,$0,$1667,$104,$220,$2164,$2636,$1649,$215,$95,$311,$1960,$1,$71,$33,$677,$2636,$61,$2,$-3,$-1,$-142,$0,$124,$4,$-15,$45,$-2,$0,$-14,$264,$-423,$-158,$0,$-173,$0,$0,$0,$0,$0,$-16,$118,$102,$-25,$0,$-16
36,2009-09-30,4.95,$9.45,0.52,$13.32,0.37,$9.44,0.52,$0.97,5.1,$0.55B,$1.58B,0.35,$0.00B,$0.67B,0.0,$0.90B,$0.13B,14.25%,$0.90B,$0.06B,7.13%,$0.90B,$0.09B,9.91%,$0.90B,$0.09B,10.13%,$0.90B,$0.06B,7.13%,$0.90B,$0.06B,7.13%,$0.06B,$0.67B,11.00%,$0.06B,$0.56B,13.37%,$0.06B,$2.57B,2.70%,$0.06B,$0.67B,11.00%,$254,$220,$34,$0,$0,$239,$15,$0,$15,$0,$15,$15,$15,$24,$24,$70,71,$0.21,$0.21,$313,$0,$0,$550,$0,$1547,$103,$195,$2016,$2565,$1580,$0,$106,$321,$1901,$1,$59,$33,$665,$2565,$44,$1,$-2,$-1,$-169,$0,$110,$4,$-54,$-11,$-0,$0,$-14,$191,$-321,$-131,$0,$-144,$0,$0,$0,$0,$0,$-12,$129,$117,$-37,$0,$-12
37,2009-06-30,4.43,$8.73,0.51,$11.08,0.4,$11.90,0.37,$0.30,14.77,$0.69B,$1.55B,0.45,$0.00B,$0.61B,0.0,$0.72B,$0.07B,9.53%,$0.72B,$0.02B,2.90%,$0.72B,$0.04B,5.11%,$0.72B,$0.04B,5.25%,$0.72B,$0.02B,2.90%,$0.72B,$0.02B,2.90%,$0.02B,$0.61B,3.93%,$0.02B,$0.50B,4.59%,$0.02B,$2.48B,1.04%,$0.02B,$0.61B,3.93%,$240,$209,$32,$0,$0,$224,$16,$0,$16,$0,$16,$16,$16,$25,$25,$70,71,$0.23,$0.23,$463,$0,$0,$693,$0,$1300,$101,$211,$1784,$2477,$1548,$0,$109,$324,$1872,$1,$48,$-15,$605,$2477,$29,$1,$-2,$-1,$-158,$0,$117,$-26,$-67,$-39,$-0,$0,$0,$97,$-165,$-68,$0,$-68,$0,$0,$0,$0,$0,$-8,$132,$124,$19,$0,$-8
38,2009-03-31,2.99,$7.79,0.38,$9.11,0.33,$13.77,0.22,$0.30,9.97,$0.64B,$1.54B,0.42,$0.00B,$0.55B,0.0,$0.57B,$0.05B,9.31%,$0.57B,$0.02B,3.34%,$0.57B,$0.03B,4.57%,$0.57B,$0.03B,4.57%,$0.57B,$0.02B,3.34%,$0.57B,$0.02B,3.34%,$0.02B,$0.55B,3.67%,$0.02B,$0.44B,4.08%,$0.02B,$2.31B,1.13%,$0.02B,$0.55B,3.67%,$222,$193,$30,$0,$0,$209,$13,$0,$13,$0,$13,$13,$13,$21,$20,$68,68,$0.19,$0.19,$458,$0,$0,$640,$0,$1225,$103,$185,$1666,$2306,$1543,$0,$0,$215,$1758,$1,$36,$-61,$547,$2306,$13,$1,$2,$3,$-110,$0,$129,$-20,$-1,$15,$-0,$0,$0,$47,$-117,$-71,$0,$-71,$0,$0,$0,$0,$0,$-4,$23,$20,$-37,$0,$-4
