,Date,Stock Price,Book Value per Share,Price to Book Ratio,TTM Sales per Share,Price to Sales Ratio,TTM FCF per Share,Price to FCF Ratio,TTM Net EPS,PE Ratio,Current Assets,Current Liabilities,Current Ratio,Long Term Debt,Shareholder's Equity_x,Debt to Equity Ratio,TTM Revenue_x,TTM Gross Profit,Gross Margin,TTM Revenue_y,TTM Operating Income,Operating Margin,TTM Revenue_x,TTM EBIT,EBIT Margin,TTM Revenue_y,TTM EBITDA,EBITDA Margin,TTM Revenue_x,TTM Pre-Tax Income,Pre-Tax Margin,TTM Revenue_y,TTM Net Income_x,Net Margin,TTM Net Income_y,Shareholder's Equity_y,Return on Equity,TTM Net Income_x,Tangible Equity,Return on Tangible Equity,TTM Net Income_y,Total Assets,Return on Assets,TTM Net Income,LT Investments & Debt,Return on Investment,revenue,cost-goods-sold,gross-profit,research-development-expenses,selling-general-administrative-expenses,operating-expenses,operating-income,total-non-operating-income-expense,pre-tax-income,total-provision-income-taxes,income-after-taxes,income-from-continuous-operations,net-income,ebitda,ebit,basic-shares-outstanding,shares-outstanding,eps-basic-net-earnings-per-share,eps-earnings-per-share-diluted,cash-on-hand,inventory,other-current-assets,total-current-assets,net-property-plant-equipment,long-term-investments,goodwill-intangible-assets-total,other-long-term-assets,total-long-term-assets,total-assets,total-current-liabilities,long-term-debt,other-non-current-liabilities,total-long-term-liabilities,total-liabilities,common-stock-net,retained-earnings-accumulated-deficit,comprehensive-income,total-share-holder-equity,total-liabilities-share-holders-equity,net-income-loss,total-depreciation-amortization-cash-flow,other-non-cash-items,total-non-cash-items,change-in-accounts-receivable,change-in-inventories,change-in-accounts-payable,change-in-assets-liabilities,total-change-in-assets-liabilities,cash-flow-from-operating-activities,net-change-in-property-plant-equipment,net-change-in-intangible-assets,net-acquisitions-divestitures,net-change-in-short-term-investments,net-change-in-long-term-investments,net-change-in-investments-total,investing-activities-other,cash-flow-from-investing-activities,net-long-term-debt,net-current-debt,debt-issuance-retirement-net-total,net-common-equity-issued-repurchased,net-total-equity-issued-repurchased,total-common-preferred-stock-dividends-paid,financial-activities-other,cash-flow-from-financial-activities,net-cash-flow,stock-based-compensation,common-stock-dividends-paid
0,2018-09-30,23.93,$29.69,0.81,$73.42,0.33,$-6.62,0.0,$3.10,7.72,$1.90B,$0.31B,6.23,$0.88B,$0.84B,1.05,$2.19B,$0.44B,19.99%,$2.19B,$0.15B,7.00%,$2.19B,$0.15B,7.00%,$2.19B,$0.17B,7.64%,$2.19B,$0.13B,5.99%,$2.19B,$0.09B,4.16%,$0.09B,$0.84B,11.43%,$0.09B,$0.82B,11.61%,$0.09B,$2.06B,4.67%,$0.15B,$1.72B,9.39%,$568,$452,$116,$0,$72,$524,$44,$-4,$39,$10,$29,$29,$29,$48,$44,$28,29,$1.03,$1.01,$36,$1752,$115,$1903,$29,$25,$16,$69,$155,$2058,$306,$880,$38,$918,$1223,$0,$549,$0,$835,$2058,$75,$11,$-827,$-816,$0,$-221,$21,$878,$667,$-74,$-6,$5,$-101,$0,$-20,$-20,$0,$-122,$155,$-64,$91,$-11,$-11,$0,$-0,$80,$-115,$4,$0
1,2018-06-30,26.48,$28.56,0.93,$69.30,0.38,$-6.21,0.0,$2.73,9.7,$1.85B,$0.30B,6.15,$0.83B,$0.82B,1.02,$2.09B,$0.42B,20.20%,$2.09B,$0.15B,7.07%,$2.09B,$0.15B,7.07%,$2.09B,$0.16B,7.74%,$2.09B,$0.13B,6.06%,$2.09B,$0.08B,3.87%,$0.08B,$0.82B,10.55%,$0.08B,$0.80B,10.66%,$0.08B,$1.97B,4.31%,$0.15B,$1.64B,9.47%,$558,$449,$109,$0,$70,$520,$39,$-5,$34,$6,$28,$28,$28,$42,$39,$29,29,$0.98,$0.96,$68,$1652,$108,$1846,$29,$14,$16,$66,$125,$1971,$300,$828,$27,$855,$1155,$0,$519,$0,$816,$1971,$46,$7,$-520,$-513,$0,$-138,$14,$587,$447,$-20,$-5,$5,$-101,$0,$-4,$-4,$0,$-104,$115,$-75,$40,$0,$0,$0,$-0,$40,$-84,$3,$0
2,2018-03-31,31.85,$27.52,1.16,$65.05,0.49,$-6.72,0.0,$2.32,13.73,$1.75B,$0.26B,6.73,$0.82B,$0.79B,1.04,$1.99B,$0.40B,20.22%,$1.99B,$0.14B,6.92%,$1.99B,$0.14B,6.92%,$1.99B,$0.15B,7.63%,$1.99B,$0.12B,5.92%,$1.99B,$0.07B,3.46%,$0.07B,$0.79B,9.36%,$0.07B,$0.77B,9.41%,$0.07B,$1.89B,3.85%,$0.14B,$1.61B,9.24%,$438,$349,$89,$0,$58,$406,$31,$-8,$24,$6,$18,$18,$18,$35,$31,$28,31,$0.64,$0.60,$54,$1580,$111,$1745,$26,$22,$16,$67,$150,$1894,$259,$818,$31,$849,$1108,$0,$491,$0,$786,$1894,$18,$4,$-236,$-233,$0,$-70,$-9,$285,$183,$-31,$-0,$5,$-101,$0,$-2,$-2,$0,$-98,$96,$-65,$30,$0,$0,$0,$0,$31,$-98,$1,$0
3,2017-12-31,34.4,$26.83,1.28,$64.13,0.54,$-6.49,0.0,$2.27,15.15,$1.74B,$0.28B,6.32,$0.81B,$0.75B,1.08,$1.96B,$0.40B,20.44%,$1.96B,$0.14B,7.08%,$1.96B,$0.14B,7.08%,$1.96B,$0.15B,7.75%,$1.96B,$0.12B,6.12%,$1.96B,$0.07B,3.41%,$0.07B,$0.75B,9.45%,$0.07B,$0.75B,9.45%,$0.07B,$1.87B,3.91%,$0.14B,$1.56B,9.75%,$622,$498,$123,$0,$77,$583,$39,$-5,$34,$18,$16,$16,$16,$42,$39,$26,31,$0.57,$0.52,$152,$1415,$172,$1738,$27,$21,$0,$61,$127,$1865,$275,$808,$35,$842,$1117,$0,$473,$0,$747,$1865,$72,$14,$-1062,$-1047,$0,$-169,$14,$1075,$923,$-53,$-9,$8,$0,$0,$-9,$-9,$0,$-10,$214,$15,$229,$11,$-39,$-4,$-7,$180,$117,$6,$-4
4,2017-09-30,26.73,$26.27,1.02,$61.25,0.44,$-3.79,0.0,$2.41,11.09,$1.68B,$0.26B,6.46,$0.72B,$0.72B,1.0,$1.86B,$0.39B,20.77%,$1.86B,$0.14B,7.41%,$1.86B,$0.14B,7.41%,$1.86B,$0.15B,8.11%,$1.86B,$0.12B,6.44%,$1.86B,$0.07B,3.76%,$0.07B,$0.72B,10.21%,$0.07B,$0.72B,10.21%,$0.07B,$1.79B,4.28%,$0.14B,$1.45B,10.15%,$476,$375,$102,$0,$62,$437,$39,$-5,$35,$12,$22,$22,$19,$43,$39,$26,31,$0.74,$0.64,$104,$1456,$92,$1681,$25,$23,$0,$55,$104,$1785,$260,$724,$28,$802,$1062,$0,$457,$0,$723,$1785,$56,$10,$-736,$-725,$0,$-213,$17,$808,$603,$-66,$-6,$8,$0,$0,$-7,$-7,$0,$-5,$207,$-62,$146,$5,$5,$-4,$-7,$140,$69,$4,$0
5,2017-06-30,28.55,$27.62,1.03,$60.39,0.47,$-0.95,0.0,$2.12,13.47,$1.53B,$0.25B,6.14,$0.67B,$0.65B,1.04,$1.83B,$0.36B,19.90%,$1.83B,$0.12B,6.62%,$1.83B,$0.12B,6.62%,$1.83B,$0.13B,7.33%,$1.83B,$0.10B,5.63%,$1.83B,$0.06B,3.34%,$0.06B,$0.69B,9.20%,$0.06B,$0.69B,9.20%,$0.06B,$1.63B,3.90%,$0.12B,$1.36B,9.23%,$457,$368,$89,$0,$60,$428,$29,$-4,$25,$8,$17,$17,$16,$32,$29,$25,31,$0.63,$0.55,$30,$1380,$92,$1532,$22,$23,$0,$55,$100,$1631,$249,$671,$18,$689,$938,$0,$439,$0,$693,$1631,$34,$7,$-472,$-465,$0,$-146,$10,$542,$392,$-39,$-2,$8,$0,$0,$-5,$-5,$0,$1,$95,$-63,$32,$5,$5,$-2,$-0,$34,$-5,$3,$-2
6,2017-03-31,24.5,$27.09,0.9,$58.81,0.42,$1.39,17.65,$2.09,11.72,$1.47B,$0.22B,6.72,$0.66B,$0.62B,1.06,$1.77B,$0.36B,20.14%,$1.77B,$0.12B,6.82%,$1.77B,$0.12B,6.82%,$1.77B,$0.14B,7.61%,$1.77B,$0.10B,5.81%,$1.77B,$0.06B,3.38%,$0.06B,$0.67B,9.31%,$0.06B,$0.67B,9.31%,$0.06B,$1.57B,3.95%,$0.12B,$1.34B,9.47%,$407,$320,$87,$0,$55,$375,$32,$-5,$26,$9,$17,$17,$16,$35,$32,$25,30,$0.63,$0.55,$39,$1287,$114,$1470,$22,$24,$0,$56,$103,$1572,$219,$664,$18,$682,$901,$0,$423,$0,$672,$1572,$17,$4,$-222,$-218,$0,$-55,$-9,$262,$178,$-23,$-1,$7,$0,$0,$-3,$-3,$0,$3,$71,$-46,$25,$0,$0,$-1,$0,$25,$4,$1,$-1
7,2016-12-31,25.18,$26.51,0.95,$56.20,0.45,$1.88,13.4,$1.84,13.68,$1.40B,$0.25B,5.65,$0.64B,$0.61B,1.05,$1.69B,$0.33B,19.76%,$1.69B,$0.11B,6.45%,$1.69B,$0.11B,6.45%,$1.69B,$0.12B,7.28%,$1.69B,$0.09B,5.44%,$1.69B,$0.05B,3.08%,$0.05B,$0.65B,8.28%,$0.05B,$0.65B,8.28%,$0.05B,$1.55B,3.50%,$0.11B,$1.29B,8.67%,$523,$415,$109,$0,$67,$485,$38,$-4,$34,$13,$21,$21,$19,$41,$38,$25,30,$0.79,$0.67,$34,$1216,$154,$1404,$22,$28,$0,$63,$144,$1549,$249,$638,$8,$646,$894,$0,$407,$0,$654,$1549,$57,$14,$-932,$-918,$0,$-84,$16,$958,$896,$34,$-13,$0,$0,$0,$-19,$-19,$0,$-32,$-6,$29,$24,$0,$0,$-5,$-0,$19,$21,$5,$-5
8,2016-09-30,23.57,$25.60,0.92,$54.43,0.43,$-1.68,0.0,$1.60,14.73,$1.38B,$0.24B,5.85,$0.62B,$0.58B,1.07,$1.64B,$0.32B,19.74%,$1.64B,$0.11B,6.54%,$1.64B,$0.11B,6.54%,$1.64B,$0.12B,7.40%,$1.64B,$0.08B,4.95%,$1.64B,$0.05B,2.75%,$0.05B,$0.63B,7.33%,$0.05B,$0.63B,7.33%,$0.05B,$1.50B,3.10%,$0.11B,$1.25B,8.66%,$442,$364,$79,$0,$57,$420,$22,$-4,$18,$8,$11,$11,$10,$26,$22,$25,30,$0.39,$0.35,$23,$1225,$96,$1384,$22,$27,$0,$65,$113,$1497,$237,$623,$6,$629,$866,$0,$388,$0,$632,$1497,$36,$10,$-636,$-626,$0,$-97,$23,$696,$617,$27,$-12,$0,$0,$0,$-10,$-10,$0,$-22,$41,$-32,$9,$0,$0,$-4,$-0,$5,$10,$3,$0
9,2016-06-30,18.83,$25.15,0.75,$51.84,0.36,$-5.41,0.0,$1.76,10.7,$1.35B,$0.22B,6.17,$0.61B,$0.57B,1.06,$1.56B,$0.32B,20.68%,$1.56B,$0.12B,7.39%,$1.56B,$0.12B,7.39%,$1.56B,$0.13B,8.22%,$1.56B,$0.09B,5.72%,$1.56B,$0.05B,3.15%,$0.05B,$0.62B,8.15%,$0.05B,$0.62B,8.15%,$0.05B,$1.45B,3.43%,$0.12B,$1.23B,9.42%,$401,$320,$82,$0,$52,$372,$29,$-4,$25,$9,$16,$16,$15,$33,$29,$25,30,$0.60,$0.52,$30,$1170,$100,$1348,$22,$28,$0,$55,$105,$1453,$219,$608,$6,$614,$833,$0,$378,$0,$621,$1453,$25,$7,$-394,$-388,$0,$-47,$19,$442,$403,$41,$-11,$0,$0,$0,$-6,$-6,$0,$-17,$26,$-31,$-5,$0,$0,$-2,$-0,$-7,$17,$2,$0
10,2016-03-31,18.65,$24.51,0.76,$49.25,0.38,$-7.99,0.0,$1.67,11.17,$1.28B,$0.18B,7.15,$0.65B,$0.56B,1.16,$1.48B,$0.31B,20.96%,$1.48B,$0.11B,7.57%,$1.48B,$0.11B,7.57%,$1.48B,$0.12B,8.32%,$1.48B,$0.09B,5.81%,$1.48B,$0.05B,3.11%,$0.05B,$0.61B,7.82%,$0.05B,$0.61B,7.82%,$0.05B,$1.44B,3.30%,$0.11B,$1.25B,9.38%,$324,$260,$64,$0,$45,$305,$20,$-5,$15,$6,$9,$9,$8,$23,$20,$25,30,$0.32,$0.30,$34,$1154,$94,$1282,$23,$26,$0,$50,$154,$1437,$179,$647,$6,$653,$832,$0,$363,$0,$605,$1437,$9,$3,$-174,$-171,$0,$-30,$-5,$213,$163,$1,$-11,$0,$0,$0,$-3,$-3,$0,$-14,$71,$-36,$35,$0,$0,$-1,$-0,$33,$21,$1,$0
11,2015-12-31,21.92,$24.20,0.91,$47.23,0.46,$-8.66,0.0,$1.68,13.05,$1.25B,$0.20B,6.26,$0.61B,$0.55B,1.12,$1.42B,$0.30B,21.37%,$1.42B,$0.11B,7.90%,$1.42B,$0.11B,7.90%,$1.42B,$0.12B,8.67%,$1.42B,$0.09B,6.14%,$1.42B,$0.05B,3.24%,$0.05B,$0.60B,8.00%,$0.05B,$0.60B,8.00%,$0.05B,$1.42B,3.41%,$0.11B,$1.21B,9.69%,$469,$370,$98,$0,$59,$433,$36,$-13,$23,$10,$13,$13,$12,$39,$36,$25,30,$0.50,$0.43,$13,$1112,$127,$1252,$13,$37,$0,$46,$163,$1416,$200,$612,$7,$619,$819,$0,$355,$0,$597,$1416,$52,$11,$-773,$-762,$0,$-159,$10,$775,$628,$-82,$-4,$3,$-24,$0,$-17,$-17,$0,$-41,$86,$38,$124,$1,$1,$-5,$-6,$114,$-9,$4,$-5
12,2015-09-30,23.58,$23.67,1.0,$43.92,0.54,$-10.33,0.0,$1.61,14.65,$1.31B,$0.20B,6.59,$0.61B,$0.54B,1.14,$1.32B,$0.28B,21.34%,$1.32B,$0.10B,7.52%,$1.32B,$0.10B,7.52%,$1.32B,$0.11B,8.35%,$1.32B,$0.08B,6.38%,$1.32B,$0.04B,3.34%,$0.04B,$0.58B,7.83%,$0.04B,$0.58B,7.83%,$0.04B,$1.41B,3.40%,$0.10B,$1.20B,8.90%,$363,$285,$78,$0,$48,$333,$30,$-4,$26,$11,$16,$16,$14,$33,$30,$25,30,$0.58,$0.51,$28,$1133,$78,$1310,$12,$33,$0,$51,$96,$1406,$199,$611,$13,$624,$823,$0,$343,$0,$583,$1406,$38,$8,$-516,$-508,$0,$-203,$21,$562,$374,$-95,$-2,$3,$0,$0,$-11,$-11,$4,$-6,$126,$-12,$114,$1,$1,$-4,$-0,$111,$10,$3,$0
13,2015-06-30,24.67,$23.10,1.07,$42.89,0.58,$-10.74,0.0,$1.54,16.02,$1.14B,$0.18B,6.48,$0.56B,$0.52B,1.07,$1.29B,$0.27B,21.17%,$1.29B,$0.09B,7.32%,$1.29B,$0.09B,7.32%,$1.29B,$0.10B,8.09%,$1.29B,$0.08B,6.23%,$1.29B,$0.04B,3.27%,$0.04B,$0.57B,7.64%,$0.04B,$0.57B,7.64%,$0.04B,$1.32B,3.38%,$0.09B,$1.12B,8.83%,$323,$253,$70,$0,$45,$297,$26,$-4,$22,$9,$13,$13,$12,$28,$26,$25,30,$0.49,$0.43,$27,$1041,$75,$1143,$12,$28,$0,$51,$172,$1315,$176,$556,$16,$572,$748,$0,$329,$0,$567,$1315,$23,$5,$-320,$-315,$0,$-108,$15,$350,$246,$-46,$-1,$0,$0,$0,$-4,$-4,$2,$-4,$74,$-16,$59,$0,$0,$-2,$-0,$56,$6,$2,$0
14,2015-03-31,23.84,$22.58,1.06,$41.55,0.57,$-11.44,0.0,$1.55,15.38,$1.07B,$0.15B,7.09,$0.54B,$0.51B,1.07,$1.24B,$0.26B,21.06%,$1.24B,$0.09B,6.91%,$1.24B,$0.09B,6.91%,$1.24B,$0.10B,7.72%,$1.24B,$0.07B,5.87%,$1.24B,$0.04B,3.38%,$0.04B,$0.55B,7.81%,$0.04B,$0.55B,7.81%,$0.04B,$1.25B,3.52%,$0.09B,$1.10B,8.40%,$263,$206,$57,$0,$37,$243,$20,$-4,$16,$6,$10,$10,$8,$23,$20,$25,30,$0.34,$0.31,$36,$959,$79,$1074,$11,$29,$0,$47,$176,$1251,$152,$543,$3,$546,$697,$0,$317,$0,$554,$1251,$10,$3,$-146,$-144,$0,$-42,$-6,$166,$105,$-29,$-0,$0,$0,$0,$-1,$-1,$1,$-1,$59,$-14,$46,$0,$0,$-1,$0,$45,$14,$1,$0
15,2014-12-31,22.96,$22.20,1.03,$40.63,0.57,$-10.54,0.0,$1.65,13.92,$1.03B,$0.17B,6.2,$0.49B,$0.50B,0.99,$1.22B,$0.26B,21.05%,$1.22B,$0.08B,6.83%,$1.22B,$0.08B,6.83%,$1.22B,$0.09B,7.57%,$1.22B,$0.07B,5.67%,$1.22B,$0.05B,3.70%,$0.05B,$0.54B,8.56%,$0.05B,$0.54B,8.56%,$0.05B,$1.21B,3.90%,$0.08B,$1.04B,8.43%,$368,$292,$76,$0,$50,$345,$23,$-4,$20,$9,$11,$11,$10,$26,$23,$24,30,$0.40,$0.36,$22,$919,$93,$1034,$11,$28,$0,$38,$171,$1205,$167,$491,$3,$494,$661,$0,$309,$0,$544,$1205,$51,$9,$-662,$-653,$0,$-209,$5,$672,$469,$-133,$-3,$2,$0,$0,$-19,$-19,$0,$-20,$32,$5,$37,$2,$2,$-5,$-2,$32,$-120,$3,$0
16,2014-09-30,19.82,$21.79,0.91,$40.02,0.5,$-8.67,0.0,$1.77,11.2,$1.00B,$0.19B,5.35,$0.47B,$0.49B,0.97,$1.18B,$0.25B,21.03%,$1.18B,$0.08B,6.67%,$1.18B,$0.08B,6.67%,$1.18B,$0.09B,7.35%,$1.18B,$0.06B,5.41%,$1.18B,$0.05B,4.05%,$0.05B,$0.53B,9.35%,$0.05B,$0.53B,9.35%,$0.05B,$1.19B,4.25%,$0.08B,$1.00B,8.20%,$331,$262,$69,$0,$44,$306,$25,$-3,$22,$9,$14,$14,$12,$27,$25,$24,30,$0.51,$0.44,$26,$894,$77,$997,$11,$41,$0,$41,$196,$1193,$186,$469,$5,$474,$660,$0,$299,$0,$533,$1193,$40,$7,$-464,$-457,$0,$-196,$28,$483,$311,$-107,$-2,$2,$0,$0,$-16,$-16,$5,$-11,$1,$8,$9,$1,$1,$-4,$-0,$7,$-112,$3,$0
17,2014-06-30,24.27,$21.25,1.14,$38.22,0.63,$-6.44,0.0,$5.55,4.37,$0.93B,$0.16B,5.72,$0.44B,$0.47B,0.94,$1.13B,$0.24B,21.01%,$1.13B,$0.07B,6.47%,$1.13B,$0.07B,6.47%,$1.13B,$0.08B,7.18%,$1.13B,$0.06B,4.96%,$1.13B,$0.16B,14.18%,$0.16B,$0.52B,32.00%,$0.16B,$0.52B,32.00%,$0.16B,$1.13B,14.53%,$0.07B,$0.96B,7.75%,$282,$221,$60,$0,$42,$264,$18,$-3,$15,$2,$14,$14,$12,$20,$18,$24,30,$0.50,$0.44,$44,$816,$65,$925,$11,$42,$0,$39,$202,$1127,$162,$442,$3,$445,$607,$0,$286,$0,$520,$1127,$26,$4,$-280,$-276,$0,$-123,$17,$298,$183,$-67,$-2,$2,$0,$0,$-13,$-13,$4,$-9,$-0,$-18,$-18,$1,$1,$-2,$-0,$-19,$-95,$2,$0
18,2014-03-31,22.42,$20.71,1.08,$38.32,0.59,$-5.22,0.0,$5.36,4.18,$0.88B,$0.14B,6.14,$0.43B,$0.46B,0.94,$1.08B,$0.22B,20.72%,$1.08B,$0.07B,6.20%,$1.08B,$0.07B,6.20%,$1.08B,$0.08B,6.94%,$1.08B,$0.05B,4.44%,$1.08B,$0.15B,14.25%,$0.15B,$0.51B,33.57%,$0.15B,$0.51B,33.57%,$0.15B,$1.09B,14.68%,$0.07B,$0.94B,7.46%,$235,$184,$51,$0,$34,$218,$17,$-4,$12,$-0,$13,$13,$11,$19,$17,$24,30,$0.47,$0.41,$101,$724,$56,$880,$11,$45,$0,$38,$205,$1085,$143,$431,$4,$435,$578,$0,$274,$0,$507,$1085,$13,$2,$-127,$-125,$0,$-33,$1,$155,$110,$-2,$-0,$0,$0,$0,$-11,$-11,$2,$-9,$-0,$-28,$-29,$1,$1,$-1,$0,$-28,$-39,$1,$0
19,2013-12-31,25.45,$20.23,1.26,$38.87,0.65,$-4.77,0.0,$5.06,5.03,$0.92B,$0.15B,5.99,$0.46B,$0.45B,1.03,$1.04B,$0.21B,20.44%,$1.04B,$0.06B,5.69%,$1.04B,$0.06B,5.69%,$1.04B,$0.07B,6.46%,$1.04B,$0.04B,3.95%,$1.04B,$0.15B,13.98%,$0.15B,$0.49B,34.67%,$0.15B,$0.49B,34.67%,$0.15B,$1.11B,14.22%,$0.06B,$0.95B,6.87%,$336,$268,$69,$0,$48,$317,$19,$-4,$15,$1,$14,$14,$13,$21,$19,$24,29,$0.66,$0.66,$143,$691,$82,$915,$11,$35,$0,$38,$195,$1110,$153,$460,$5,$465,$617,$0,$263,$0,$493,$1110,$151,$8,$-727,$-718,$0,$-157,$23,$617,$493,$-74,$-2,$0,$0,$0,$-28,$-28,$-5,$-36,$83,$12,$95,$57,$7,$-4,$-6,$93,$-17,$2,$0
20,2013-09-30,20.62,$19.69,1.05,$39.79,0.52,$-4.52,0.0,$4.81,4.29,$0.90B,$0.16B,5.49,$0.44B,$0.43B,1.01,$0.95B,$0.19B,20.17%,$0.95B,$0.05B,5.15%,$0.95B,$0.05B,5.15%,$0.95B,$0.06B,6.09%,$0.95B,$0.03B,3.26%,$0.95B,$0.14B,14.39%,$0.14B,$0.48B,36.17%,$0.14B,$0.48B,36.17%,$0.14B,$1.08B,14.42%,$0.05B,$0.92B,6.16%,$275,$218,$57,$0,$36,$257,$19,$-5,$14,$-112,$125,$125,$124,$21,$19,$24,30,$5.09,$4.22,$158,$676,$60,$895,$10,$34,$0,$31,$188,$1083,$163,$435,$5,$440,$603,$0,$250,$0,$480,$1083,$137,$6,$-533,$-526,$0,$-143,$38,$451,$349,$-40,$-2,$0,$0,$0,$-24,$-24,$-7,$-33,$83,$-12,$71,$57,$7,$-2,$-5,$70,$-3,$2,$0
21,2013-06-30,22.96,$14.56,1.58,$40.84,0.56,$-3.95,0.0,$1.01,22.73,$0.85B,$0.13B,6.68,$0.43B,$0.31B,1.41,$0.89B,$0.18B,20.20%,$0.89B,$0.04B,4.74%,$0.89B,$0.04B,4.74%,$0.89B,$0.05B,5.87%,$0.89B,$0.03B,2.82%,$0.89B,$0.02B,2.37%,$0.02B,$0.36B,6.17%,$0.02B,$0.36B,6.17%,$0.02B,$0.92B,2.38%,$0.04B,$0.79B,5.71%,$235,$187,$47,$0,$34,$223,$12,$-4,$7,$0,$7,$7,$6,$14,$12,$24,25,$0.25,$0.25,$179,$615,$51,$845,$10,$29,$0,$34,$73,$918,$126,$431,$6,$437,$564,$0,$125,$0,$355,$918,$12,$4,$-256,$-252,$0,$-78,$14,$282,$215,$-25,$-1,$0,$0,$0,$-18,$-18,$-4,$-23,$85,$-18,$67,$57,$7,$-1,$-4,$69,$21,$1,$0
22,2013-03-31,24.45,$14.27,1.71,$40.31,0.61,$-4.14,0.0,$0.93,26.29,$0.91B,$0.12B,7.76,$0.44B,$0.30B,1.47,$0.82B,$0.17B,20.19%,$0.82B,$0.04B,4.50%,$0.82B,$0.04B,4.50%,$0.82B,$0.05B,5.72%,$0.82B,$0.02B,2.55%,$0.82B,$0.02B,2.19%,$0.02B,$0.35B,5.62%,$0.02B,$0.35B,5.62%,$0.02B,$0.97B,2.19%,$0.04B,$0.78B,5.45%,$191,$152,$39,$0,$29,$182,$9,$-4,$5,$0,$5,$5,$2,$11,$9,$22,23,$0.11,$0.11,$273,$578,$58,$908,$10,$22,$0,$28,$61,$969,$117,$435,$21,$507,$624,$0,$119,$0,$345,$969,$5,$2,$-121,$-119,$0,$-24,$9,$143,$123,$9,$-0,$0,$0,$0,$-12,$-12,$-1,$-13,$85,$-15,$71,$55,$55,$0,$-4,$122,$118,$1,$0
23,2012-12-31,26.5,$15.47,1.71,$38.89,0.68,$-4.92,0.0,$0.65,40.77,$0.78B,$0.11B,7.25,$0.36B,$0.24B,1.52,$0.76B,$0.15B,19.82%,$0.76B,$0.03B,3.67%,$0.76B,$0.03B,3.67%,$0.76B,$0.04B,4.99%,$0.76B,$0.01B,1.57%,$0.76B,$0.01B,1.71%,$0.01B,$0.34B,4.31%,$0.01B,$0.34B,4.31%,$0.01B,$0.83B,1.75%,$0.03B,$0.70B,4.49%,$251,$202,$49,$0,$38,$242,$9,$-4,$5,$0,$5,$5,$5,$12,$9,$20,20,$0.25,$0.25,$154,$557,$71,$782,$10,$12,$0,$27,$49,$831,$108,$364,$24,$388,$496,$0,$117,$0,$335,$831,$13,$10,$-515,$-505,$0,$-74,$5,$507,$445,$-47,$-1,$0,$-5,$0,$-2,$-2,$33,$25,$51,$15,$66,$47,$47,$0,$-6,$107,$86,$2,$0
24,2012-09-30,19.34,$15.23,1.27,$35.73,0.54,$-4.40,0.0,$0.26,74.38,$0.77B,$0.13B,6.0,$0.35B,$0.23B,1.52,$0.69B,$0.14B,19.62%,$0.69B,$0.02B,2.91%,$0.69B,$0.02B,2.91%,$0.69B,$0.03B,4.22%,$0.69B,$0.00B,0.58%,$0.69B,$0.01B,0.73%,$0.01B,$0.33B,1.75%,$0.01B,$0.33B,1.75%,$0.01B,$0.82B,0.71%,$0.02B,$0.68B,3.38%,$209,$164,$44,$0,$31,$196,$12,$-4,$8,$0,$8,$8,$8,$15,$12,$19,20,$0.43,$0.42,$169,$544,$58,$771,$12,$11,$0,$23,$46,$817,$129,$351,$12,$362,$491,$0,$112,$0,$326,$817,$8,$7,$-353,$-346,$0,$-71,$23,$368,$322,$-16,$-1,$0,$-5,$0,$-1,$-1,$32,$26,$51,$2,$53,$43,$43,$0,$-6,$90,$100,$1,$0
25,2012-06-30,17.32,$14.59,1.19,$32.99,0.53,$-4.94,0.0,$-0.41,0.0,$0.63B,$0.10B,6.31,$0.29B,$0.18B,1.59,$0.62B,$0.12B,18.68%,$0.62B,$0.01B,1.13%,$0.62B,$0.01B,1.13%,$0.62B,$0.01B,2.25%,$0.62B,$-0.01B,-1.45%,$0.62B,$-0.01B,-1.29%,$-0.01B,$0.28B,-2.92%,$-0.01B,$0.28B,-2.92%,$-0.01B,$0.67B,-1.21%,$0.01B,$0.56B,1.25%,$171,$137,$34,$0,$27,$164,$7,$-3,$3,$0,$3,$3,$3,$9,$7,$19,19,$0.17,$0.17,$57,$522,$50,$629,$13,$11,$0,$18,$42,$671,$100,$285,$11,$296,$396,$0,$104,$0,$275,$671,$0,$4,$-216,$-212,$0,$-48,$9,$228,$188,$-24,$-0,$0,$-5,$0,$-1,$-1,$29,$23,$-7,$-6,$-13,$1,$1,$0,$-3,$-15,$-15,$1,$0
26,2012-03-31,12.36,$14.41,0.86,$31.35,0.39,$-4.19,0.0,$-1.07,0.0,$0.62B,$0.09B,6.7,$0.29B,$0.18B,1.64,$0.59B,$0.11B,17.89%,$0.59B,$-0.01B,-1.02%,$0.59B,$-0.01B,-1.02%,$0.59B,$0.00B,0.17%,$0.59B,$-0.02B,-3.58%,$0.59B,$-0.02B,-3.41%,$-0.02B,$0.27B,-7.27%,$-0.02B,$0.27B,-7.27%,$-0.02B,$0.66B,-3.03%,$-0.01B,$0.56B,-1.07%,$131,$107,$24,$0,$23,$131,$0,$-5,$-4,$-1,$-3,$-3,$-3,$2,$0,$19,19,$-0.17,$-0.17,$81,$490,$45,$616,$14,$11,$0,$17,$42,$658,$92,$287,$8,$295,$387,$0,$101,$0,$271,$658,$-3,$2,$-96,$-94,$0,$-25,$-0,$116,$90,$-8,$-0,$0,$0,$0,$-0,$-0,$28,$27,$0,$-11,$-11,$0,$0,$0,$-2,$-12,$7,$0,$0
27,2011-12-31,9.6,$14.59,0.66,$30.30,0.32,$-3.65,0.0,$-1.82,0.0,$0.63B,$0.09B,7.37,$0.30B,$0.18B,1.68,$0.57B,$0.10B,17.46%,$0.57B,$-0.02B,-3.35%,$0.57B,$-0.02B,-3.35%,$0.57B,$-0.01B,-2.12%,$0.57B,$-0.03B,-6.00%,$0.57B,$-0.03B,-6.00%,$-0.03B,$0.27B,-12.16%,$-0.03B,$0.27B,-12.16%,$-0.03B,$0.66B,-5.18%,$-0.02B,$0.57B,-3.39%,$177,$144,$33,$0,$28,$176,$1,$-4,$-3,$-0,$-3,$-3,$-3,$3,$1,$19,19,$-0.15,$-0.15,$101,$467,$57,$625,$14,$10,$0,$15,$39,$664,$85,$297,$9,$306,$391,$0,$104,$0,$273,$664,$-34,$8,$22,$29,$0,$-33,$12,$-8,$-29,$-34,$-1,$0,$-5,$0,$-1,$-1,$-3,$-9,$-0,$20,$20,$2,$2,$0,$0,$22,$-21,$2,$0
28,2011-09-30,6.01,$14.73,0.41,$29.75,0.2,$-3.86,0.0,$-2.26,0.0,$0.62B,$0.10B,6.31,$0.28B,$0.18B,1.54,$0.56B,$0.09B,16.76%,$0.56B,$-0.02B,-3.78%,$0.56B,$-0.02B,-3.78%,$0.56B,$-0.01B,-2.52%,$0.56B,$-0.04B,-7.75%,$0.56B,$-0.04B,-7.57%,$-0.04B,$0.28B,-14.63%,$-0.04B,$0.28B,-14.63%,$-0.04B,$0.66B,-6.40%,$-0.02B,$0.55B,-3.74%,$142,$116,$25,$0,$25,$143,$-1,$-3,$-5,$-0,$-5,$-5,$-5,$0,$-1,$19,19,$-0.25,$-0.25,$93,$491,$37,$621,$15,$10,$0,$16,$41,$662,$98,$276,$11,$287,$386,$0,$107,$0,$276,$662,$-31,$6,$-240,$-234,$0,$-51,$16,$276,$241,$-25,$-2,$0,$-5,$0,$0,$0,$-5,$-11,$0,$-1,$-1,$2,$2,$0,$-0,$1,$-34,$2,$0
29,2011-06-30,12.26,$14.97,0.82,$29.51,0.42,$-4.87,0.0,$-2.12,0.0,$0.61B,$0.09B,6.89,$0.28B,$0.18B,1.51,$0.55B,$0.10B,17.30%,$0.55B,$-0.02B,-3.64%,$0.55B,$-0.02B,-3.64%,$0.55B,$-0.01B,-2.19%,$0.55B,$-0.04B,-7.29%,$0.55B,$-0.04B,-7.10%,$-0.04B,$0.28B,-13.15%,$-0.04B,$0.28B,-13.15%,$-0.04B,$0.65B,-5.96%,$-0.02B,$0.56B,-3.57%,$137,$114,$23,$0,$24,$143,$-6,$-3,$-9,$0,$-9,$-9,$-9,$-4,$-6,$19,19,$-0.49,$-0.49,$114,$463,$36,$612,$15,$10,$0,$15,$41,$653,$89,$277,$8,$284,$373,$0,$111,$0,$280,$653,$-26,$4,$-149,$-145,$0,$-23,$13,$173,$163,$-9,$-1,$0,$-5,$0,$-0,$-0,$-23,$-29,$-0,$-0,$-0,$1,$1,$0,$-0,$1,$-36,$1,$0
30,2011-03-31,14.99,$15.43,0.97,$32.77,0.46,$-5.39,0.0,$-1.89,0.0,$0.61B,$0.08B,7.64,$0.27B,$0.19B,1.41,$0.61B,$0.10B,16.94%,$0.61B,$-0.02B,-2.80%,$0.61B,$-0.02B,-2.80%,$0.61B,$-0.01B,-1.48%,$0.61B,$-0.04B,-5.92%,$0.61B,$-0.04B,-5.76%,$-0.04B,$0.29B,-11.47%,$-0.04B,$0.29B,-11.47%,$-0.04B,$0.65B,-5.32%,$-0.02B,$0.56B,-3.04%,$111,$93,$18,$0,$20,$124,$-13,$-4,$-17,$0,$-17,$-17,$-17,$-11,$-13,$19,19,$-0.92,$-0.92,$127,$443,$33,$605,$16,$11,$0,$14,$41,$646,$79,$271,$7,$278,$357,$0,$121,$0,$289,$646,$-17,$2,$-62,$-60,$0,$-4,$3,$83,$80,$3,$-0,$0,$0,$0,$-0,$-0,$2,$1,$-0,$-6,$-6,$1,$1,$0,$0,$-4,$-1,$0,$0
31,2010-12-31,15.38,$16.38,0.94,$33.28,0.46,$-5.80,0.0,$-1.42,0.0,$0.62B,$0.07B,8.33,$0.28B,$0.21B,1.34,$0.62B,$0.11B,17.05%,$0.62B,$-0.01B,-1.79%,$0.62B,$-0.01B,-1.79%,$0.62B,$-0.00B,-0.49%,$0.62B,$-0.03B,-4.55%,$0.62B,$-0.03B,-4.22%,$-0.03B,$0.30B,-8.31%,$-0.03B,$0.30B,-8.31%,$-0.03B,$0.66B,-3.93%,$-0.01B,$0.58B,-1.98%,$165,$138,$27,$0,$26,$166,$-1,$-12,$-12,$-1,$-11,$-11,$-11,$1,$-1,$19,19,$-0.60,$-0.60,$123,$451,$43,$617,$17,$11,$0,$17,$45,$662,$74,$277,$8,$284,$358,$0,$138,$0,$303,$662,$-26,$8,$-391,$-383,$0,$-45,$-9,$427,$372,$-37,$-2,$0,$0,$0,$-1,$-1,$-20,$-22,$31,$8,$39,$0,$0,$0,$-8,$31,$-29,$3,$0
32,2010-09-30,10.37,$16.95,0.61,$36.62,0.28,$0.63,16.59,$-0.45,0.0,$0.62B,$0.11B,5.79,$0.23B,$0.22B,1.05,$0.66B,$0.11B,16.62%,$0.66B,$-0.03B,-4.88%,$0.66B,$-0.03B,-4.88%,$0.66B,$-0.02B,-3.66%,$0.66B,$-0.04B,-6.10%,$0.66B,$-0.01B,-1.22%,$-0.01B,$0.31B,-2.51%,$-0.01B,$0.31B,-2.51%,$-0.01B,$0.66B,-1.21%,$-0.03B,$0.54B,-5.81%,$136,$109,$27,$0,$25,$135,$0,$-2,$-2,$0,$-2,$-2,$-2,$2,$0,$19,19,$-0.11,$-0.11,$92,$488,$32,$617,$17,$11,$0,$12,$40,$657,$107,$229,$7,$237,$343,$0,$149,$0,$314,$657,$-15,$6,$-289,$-283,$0,$-82,$16,$322,$255,$-43,$-1,$0,$0,$0,$-1,$-1,$-16,$-19,$-0,$-0,$-1,$0,$0,$0,$-4,$-4,$-66,$2,$0
33,2010-06-30,9.64,$17.02,0.57,$37.55,0.26,$4.60,2.09,$-1.48,0.0,$0.62B,$0.10B,6.01,$0.24B,$0.22B,1.09,$0.67B,$0.10B,15.30%,$0.67B,$-0.05B,-7.73%,$0.67B,$-0.05B,-7.73%,$0.67B,$-0.04B,-6.54%,$0.67B,$-0.06B,-8.77%,$0.67B,$-0.03B,-4.01%,$-0.03B,$0.32B,-8.44%,$-0.03B,$0.32B,-8.44%,$-0.03B,$0.67B,-4.05%,$-0.05B,$0.56B,-9.41%,$196,$165,$31,$0,$28,$199,$-3,$-2,$-5,$0,$-5,$-5,$-5,$-1,$-3,$19,19,$-0.26,$-0.26,$129,$433,$52,$618,$18,$11,$0,$18,$47,$665,$103,$239,$8,$247,$350,$0,$151,$0,$315,$665,$-13,$4,$-204,$-200,$0,$-24,$10,$210,$195,$-18,$-1,$0,$0,$0,$-0,$-0,$-15,$-16,$-0,$10,$10,$0,$0,$0,$-4,$6,$-28,$1,$0
34,2010-03-31,14.65,$17.23,0.85,$34.30,0.43,$8.50,1.72,$-2.48,0.0,$0.62B,$0.10B,5.92,$0.23B,$0.22B,1.03,$0.59B,$0.09B,14.67%,$0.59B,$-0.07B,-11.30%,$0.59B,$-0.07B,-11.30%,$0.59B,$-0.06B,-9.95%,$0.59B,$-0.07B,-12.48%,$0.59B,$-0.04B,-7.08%,$-0.04B,$0.32B,-12.88%,$-0.04B,$0.32B,-12.88%,$-0.04B,$0.66B,-6.26%,$-0.07B,$0.55B,-12.07%,$119,$99,$20,$0,$23,$126,$-7,$-2,$-9,$-0,$-8,$-8,$-8,$-5,$-7,$19,19,$-0.45,$-0.45,$134,$443,$35,$616,$19,$10,$0,$16,$45,$661,$104,$230,$8,$238,$342,$0,$156,$0,$319,$661,$-8,$2,$-78,$-76,$0,$-27,$8,$76,$80,$-5,$-1,$0,$0,$0,$-0,$-0,$-2,$-3,$-0,$0,$0,$0,$0,$0,$-0,$0,$-7,$1,$0
35,2009-12-31,10.39,$17.64,0.59,$34.71,0.3,$12.97,0.8,$-4.04,0.0,$0.62B,$0.10B,6.27,$0.23B,$0.23B,1.0,$0.57B,$0.08B,13.16%,$0.57B,$-0.08B,-14.74%,$0.57B,$-0.08B,-14.74%,$0.57B,$-0.08B,-13.33%,$0.57B,$-0.09B,-16.32%,$0.57B,$-0.06B,-10.88%,$-0.06B,$0.33B,-19.21%,$-0.06B,$0.33B,-19.21%,$-0.06B,$0.66B,-9.31%,$-0.08B,$0.56B,-15.25%,$205,$174,$31,$0,$30,$227,$-22,$-2,$-24,$-31,$7,$7,$7,$-20,$-22,$17,17,$0.70,$0.70,$132,$420,$35,$618,$19,$10,$0,$17,$46,$664,$99,$230,$9,$239,$337,$0,$164,$0,$327,$664,$-62,$8,$-354,$-346,$0,$37,$11,$431,$477,$68,$4,$0,$0,$0,$-4,$-4,$-19,$-19,$-11,$-11,$-22,$53,$53,$0,$-2,$28,$77,$3,$0
36,2009-09-30,13.59,$17.22,0.79,$33.18,0.41,$19.66,0.69,$-9.79,0.0,$0.63B,$0.12B,5.42,$0.23B,$0.22B,1.04,$0.52B,$0.06B,11.07%,$0.52B,$-0.14B,-26.41%,$0.52B,$-0.14B,-26.41%,$0.52B,$-0.13B,-24.85%,$0.52B,$-0.15B,-28.35%,$0.52B,$-0.14B,-27.96%,$-0.14B,$0.32B,-44.41%,$-0.14B,$0.32B,-44.41%,$-0.14B,$0.68B,-21.39%,$-0.14B,$0.55B,-24.38%,$153,$131,$21,$0,$26,$172,$-20,$-1,$-21,$0,$-21,$-21,$-21,$-18,$-20,$19,19,$-1.14,$-1.14,$103,$494,$37,$634,$20,$8,$0,$16,$44,$678,$117,$232,$10,$242,$359,$0,$157,$0,$319,$678,$-69,$6,$-236,$-230,$0,$-13,$23,$278,$324,$25,$4,$0,$0,$0,$-1,$-1,$-67,$-64,$-11,$-8,$-19,$53,$53,$0,$-2,$31,$-8,$2,$0
37,2009-06-30,9.79,$18.32,0.53,$36.37,0.27,$27.57,0.36,$-12.83,0.0,$0.63B,$0.11B,5.97,$0.23B,$0.24B,0.93,$0.52B,$0.06B,10.54%,$0.52B,$-0.17B,-32.95%,$0.52B,$-0.17B,-32.95%,$0.52B,$-0.16B,-31.42%,$0.52B,$-0.18B,-35.06%,$0.52B,$-0.18B,-34.87%,$-0.18B,$0.34B,-52.53%,$-0.18B,$0.34B,-52.53%,$-0.18B,$0.68B,-26.04%,$-0.17B,$0.56B,-29.54%,$116,$102,$15,$0,$26,$134,$-18,$-2,$-20,$0,$-20,$-20,$-20,$-16,$-18,$16,16,$-1.26,$-1.26,$104,$496,$31,$634,$20,$7,$0,$19,$47,$681,$106,$225,$10,$235,$342,$0,$178,$0,$339,$681,$-48,$4,$-139,$-135,$0,$0,$17,$174,$224,$41,$5,$0,$0,$0,$-1,$-1,$-76,$-72,$-11,$-16,$-26,$53,$53,$0,$-2,$24,$-8,$2,$0
38,2009-03-31,6.99,$21.78,0.32,$39.07,0.18,$32.98,0.21,$-18.29,0.0,$0.59B,$0.10B,6.01,$0.23B,$0.21B,1.08,$0.55B,$0.06B,10.79%,$0.55B,$-0.21B,-37.48%,$0.55B,$-0.21B,-37.48%,$0.55B,$-0.20B,-36.01%,$0.55B,$-0.22B,-39.49%,$0.55B,$-0.26B,-46.80%,$-0.26B,$0.31B,-67.68%,$-0.26B,$0.31B,-67.68%,$-0.26B,$0.64B,-34.41%,$-0.21B,$0.53B,-32.98%,$96,$88,$8,$0,$21,$120,$-24,$-4,$-28,$0,$-28,$-28,$-28,$-22,$-24,$14,14,$-2.01,$-2.01,$65,$498,$27,$594,$21,$8,$0,$19,$48,$641,$99,$226,$11,$237,$336,$0,$198,$0,$306,$641,$-28,$2,$-59,$-57,$0,$7,$7,$93,$139,$54,$5,$0,$0,$0,$-0,$-0,$-35,$-30,$-11,$-15,$-25,$-0,$-0,$0,$-2,$-28,$-4,$1,$0
39,2008-12-31,10.54,$23.75,0.44,$43.36,0.24,$36.53,0.29,$-17.86,0.0,$0.63B,$0.09B,6.79,$0.25B,$0.24B,1.06,$0.61B,$0.08B,12.52%,$0.61B,$-0.21B,-34.43%,$0.61B,$-0.21B,-34.43%,$0.61B,$-0.20B,-33.11%,$0.61B,$-0.22B,-35.42%,$0.61B,$-0.25B,-41.19%,$-0.25B,$0.33B,-56.59%,$-0.25B,$0.33B,-56.59%,$-0.25B,$0.69B,-30.33%,$-0.21B,$0.58B,-30.16%,$150,$137,$13,$0,$38,$224,$-74,$-3,$-77,$-1,$-75,$-75,$-75,$-72,$-74,$14,14,$-5.38,$-5.38,$39,$516,$38,$632,$28,$13,$0,$20,$61,$693,$93,$251,$17,$267,$360,$0,$226,$0,$333,$693,$-245,$8,$-155,$-148,$14,$161,$-43,$412,$542,$149,$6,$0,$0,$0,$-5,$-5,$0,$1,$-1,$-110,$-112,$0,$0,$-6,$-1,$-119,$31,$3,$-6
40,2008-09-30,22.78,$29.08,0.78,$57.00,0.4,$39.66,0.57,$-17.54,0.0,$0.71B,$0.11B,6.21,$0.24B,$0.31B,0.77,$0.80B,$0.11B,13.43%,$0.80B,$-0.20B,-25.09%,$0.80B,$-0.20B,-25.09%,$0.80B,$-0.19B,-24.09%,$0.80B,$-0.21B,-25.97%,$0.80B,$-0.25B,-30.87%,$-0.25B,$0.41B,-48.83%,$-0.25B,$0.41B,-48.83%,$-0.25B,$0.78B,-26.44%,$-0.20B,$0.65B,-25.56%,$160,$141,$19,$0,$32,$217,$-56,$-2,$-58,$0,$-59,$-59,$-59,$-54,$-56,$14,14,$-4.18,$-4.18,$14,$618,$35,$707,$31,$23,$0,$21,$75,$781,$114,$241,$19,$260,$374,$0,$301,$0,$408,$781,$-170,$5,$-110,$-104,$0,$104,$-22,$311,$401,$126,$7,$0,$0,$0,$-3,$-3,$0,$3,$-1,$-120,$-121,$0,$0,$-6,$-0,$-127,$3,$2,$-6
41,2008-06-30,15.73,$33.26,0.47,$62.22,0.25,$35.17,0.45,$-15.09,0.0,$0.78B,$0.12B,6.64,$0.26B,$0.37B,0.69,$0.87B,$0.13B,15.29%,$0.87B,$-0.17B,-19.20%,$0.87B,$-0.17B,-19.20%,$0.87B,$-0.16B,-18.28%,$0.87B,$-0.18B,-20.23%,$0.87B,$-0.21B,-24.25%,$-0.21B,$0.47B,-37.36%,$-0.21B,$0.47B,-37.36%,$-0.21B,$0.86B,-19.65%,$-0.17B,$0.72B,-18.48%,$141,$122,$19,$0,$30,$192,$-51,$-2,$-53,$38,$-91,$-91,$-94,$-49,$-51,$14,14,$-6.72,$-6.72,$9,$699,$32,$779,$32,$26,$0,$23,$81,$861,$117,$255,$19,$277,$394,$0,$360,$0,$466,$861,$-111,$4,$-53,$-49,$0,$64,$-15,$205,$270,$109,$7,$0,$0,$0,$-3,$-3,$0,$4,$-1,$-106,$-106,$0,$0,$-6,$-1,$-113,$1,$2,$-6
42,2008-03-31,16.95,$39.92,0.42,$68.36,0.25,$31.14,0.54,$-11.42,0.0,$0.87B,$0.12B,7.42,$0.26B,$0.46B,0.56,$0.96B,$0.16B,16.96%,$0.96B,$-0.17B,-17.91%,$0.96B,$-0.17B,-17.91%,$0.96B,$-0.16B,-16.54%,$0.96B,$-0.18B,-18.95%,$0.96B,$-0.16B,-16.75%,$-0.16B,$0.56B,-25.92%,$-0.16B,$0.56B,-25.92%,$-0.16B,$0.96B,-13.35%,$-0.17B,$0.82B,-16.86%,$156,$132,$25,$0,$31,$184,$-28,$1,$-27,$-7,$-20,$-20,$-22,$-26,$-28,$14,14,$-1.58,$-1.58,$13,$748,$30,$869,$31,$34,$0,$25,$93,$962,$117,$259,$20,$285,$402,$0,$455,$0,$560,$962,$-20,$2,$-56,$-55,$0,$43,$-14,$118,$173,$99,$9,$0,$0,$0,$-2,$-2,$0,$8,$-0,$-102,$-103,$0,$0,$-3,$-1,$-106,$0,$1,$-3
43,2007-12-31,10.47,$41.51,0.25,$72.55,0.14,$27.11,0.39,$-9.68,0.0,$0.93B,$0.14B,6.57,$0.36B,$0.49B,0.74,$1.02B,$0.18B,18.01%,$1.02B,$-0.14B,-13.39%,$1.02B,$-0.14B,-13.39%,$1.02B,$-0.12B,-12.11%,$1.02B,$-0.15B,-14.86%,$1.02B,$-0.14B,-13.39%,$-0.14B,$0.58B,-20.71%,$-0.14B,$0.58B,-20.71%,$-0.14B,$1.12B,-10.41%,$-0.14B,$0.94B,-12.24%,$340,$296,$44,$0,$45,$406,$-65,$-4,$-69,$-27,$-42,$-42,$-71,$-63,$-65,$14,14,$-5.07,$-5.07,$23,$797,$54,$928,$36,$40,$0,$31,$190,$1118,$141,$361,$20,$395,$536,$0,$477,$0,$581,$1118,$-128,$13,$-399,$-386,$0,$181,$-11,$613,$716,$202,$-4,$0,$0,$0,$-9,$-9,$0,$-14,$-1,$-285,$-286,$1,$97,$-9,$-1,$-198,$-10,$3,$-9
44,2007-09-30,13.81,$46.36,0.3,$76.22,0.18,$5.28,2.61,$-5.40,0.0,$1.24B,$0.19B,6.52,$0.48B,$0.56B,0.87,$1.07B,$0.22B,20.69%,$1.07B,$-0.10B,-9.32%,$1.07B,$-0.10B,-9.32%,$1.07B,$-0.09B,-8.11%,$1.07B,$-0.12B,-10.72%,$1.07B,$-0.08B,-7.08%,$-0.08B,$0.65B,-11.42%,$-0.08B,$0.65B,-11.42%,$-0.08B,$1.35B,-5.44%,$-0.10B,$1.13B,-8.39%,$233,$188,$45,$0,$43,$256,$-23,$-5,$-27,$-10,$-17,$-17,$-24,$-21,$-23,$14,14,$-1.73,$-1.73,$21,$1111,$33,$1238,$37,$43,$0,$37,$116,$1354,$190,$482,$30,$513,$702,$0,$549,$0,$652,$1354,$-60,$11,$-311,$-300,$0,$-9,$19,$437,$433,$74,$-4,$0,$0,$0,$-5,$-5,$0,$-9,$-1,$-163,$-164,$1,$97,$-6,$-1,$-74,$-9,$2,$-6
45,2007-06-30,26.41,$48.10,0.55,$81.32,0.32,$-13.00,0.0,$-2.59,0.0,$1.18B,$0.17B,7.1,$0.49B,$0.58B,0.84,$1.15B,$0.25B,21.99%,$1.15B,$-0.05B,-4.45%,$1.15B,$-0.05B,-4.45%,$1.15B,$-0.04B,-3.32%,$1.15B,$-0.07B,-5.67%,$1.15B,$-0.04B,-3.23%,$-0.04B,$0.68B,-5.61%,$-0.04B,$0.68B,-5.61%,$-0.04B,$1.36B,-2.54%,$-0.05B,$1.16B,-4.11%,$226,$178,$48,$0,$45,$281,$-55,$-3,$-58,$-22,$-35,$-35,$-43,$-48,$-55,$14,14,$-3.05,$-3.05,$16,$1128,$32,$1177,$37,$50,$0,$96,$183,$1360,$166,$487,$31,$518,$684,$0,$573,$0,$676,$1360,$-38,$9,$-199,$-190,$0,$-2,$5,$304,$291,$62,$-3,$0,$0,$0,$-3,$-3,$0,$-6,$-1,$-159,$-159,$1,$97,$-3,$0,$-65,$-9,$2,$-3
46,2007-03-31,26.33,$51.11,0.52,$87.11,0.3,$-27.08,0.0,$1.75,15.05,$1.23B,$0.16B,7.55,$0.49B,$0.62B,0.79,$1.23B,$0.29B,23.54%,$1.23B,$0.04B,3.08%,$1.23B,$0.04B,3.08%,$1.23B,$0.05B,3.65%,$1.23B,$0.02B,1.79%,$1.23B,$0.02B,1.95%,$0.02B,$0.72B,3.73%,$0.02B,$0.72B,3.73%,$0.02B,$1.40B,1.62%,$0.04B,$1.21B,3.00%,$217,$170,$46,$0,$38,$209,$7,$-4,$3,$1,$2,$2,$2,$9,$7,$14,14,$0.16,$0.16,$21,$1178,$30,$1229,$36,$51,$0,$80,$166,$1396,$163,$491,$24,$515,$678,$0,$616,$0,$718,$1396,$2,$2,$-113,$-111,$0,$6,$1,$173,$162,$53,$-1,$0,$0,$0,$-1,$-1,$0,$-2,$-0,$-155,$-155,$1,$97,$-0,$0,$-58,$-7,$1,$-0
47,2006-12-31,37.84,$44.33,0.85,$89.87,0.42,$-37.70,0.0,$2.73,13.86,$1.22B,$0.18B,6.77,$0.65B,$0.62B,1.05,$1.27B,$0.32B,24.73%,$1.27B,$0.06B,4.79%,$1.27B,$0.06B,4.79%,$1.27B,$0.07B,5.26%,$1.27B,$0.05B,3.53%,$1.27B,$0.04B,2.98%,$0.04B,$0.62B,6.20%,$0.04B,$0.62B,6.20%,$0.04B,$1.48B,2.55%,$0.06B,$1.26B,4.80%,$397,$314,$83,$0,$46,$426,$-29,$-5,$-33,$-13,$-21,$-21,$-11,$-27,$-29,$14,14,$-0.78,$-0.77,$70,$1093,$54,$1218,$36,$50,$0,$38,$259,$1477,$180,$646,$25,$680,$860,$0,$614,$0,$617,$1477,$39,$7,$-613,$-606,$0,$-158,$7,$617,$463,$-104,$-5,$0,$0,$0,$-17,$-17,$0,$-22,$-2,$134,$132,$-17,$-17,$-1,$-1,$112,$-14,$3,$-1
