,Date,Stock Price,Book Value per Share,Price to Book Ratio,TTM Sales per Share,Price to Sales Ratio,TTM FCF per Share,Price to FCF Ratio,TTM Net EPS,PE Ratio,Current Assets,Current Liabilities,Current Ratio,Long Term Debt,Shareholder's Equity_x,Debt to Equity Ratio,TTM Revenue_x,TTM Gross Profit,Gross Margin,TTM Revenue_y,TTM Operating Income,Operating Margin,TTM Revenue_x,TTM EBIT,EBIT Margin,TTM Revenue_y,TTM EBITDA,EBITDA Margin,TTM Revenue_x,TTM Pre-Tax Income,Pre-Tax Margin,TTM Revenue_y,TTM Net Income_x,Net Margin,TTM Net Income_y,Shareholder's Equity_y,Return on Equity,TTM Net Income_x,Tangible Equity,Return on Tangible Equity,TTM Net Income_y,Total Assets,Return on Assets,TTM Net Income,LT Investments & Debt,Return on Investment,revenue,cost-goods-sold,gross-profit,research-development-expenses,selling-general-administrative-expenses,operating-expenses,operating-income,total-non-operating-income-expense,pre-tax-income,total-provision-income-taxes,income-after-taxes,income-from-continuous-operations,net-income,ebitda,ebit,basic-shares-outstanding,shares-outstanding,eps-basic-net-earnings-per-share,eps-earnings-per-share-diluted,cash-on-hand,inventory,other-current-assets,total-current-assets,net-property-plant-equipment,long-term-investments,goodwill-intangible-assets-total,other-long-term-assets,total-long-term-assets,total-assets,total-current-liabilities,long-term-debt,other-non-current-liabilities,total-long-term-liabilities,total-liabilities,common-stock-net,retained-earnings-accumulated-deficit,comprehensive-income,total-share-holder-equity,total-liabilities-share-holders-equity,net-income-loss,total-depreciation-amortization-cash-flow,other-non-cash-items,total-non-cash-items,change-in-accounts-receivable,change-in-inventories,change-in-accounts-payable,change-in-assets-liabilities,total-change-in-assets-liabilities,cash-flow-from-operating-activities,net-change-in-property-plant-equipment,net-change-in-intangible-assets,net-acquisitions-divestitures,net-change-in-short-term-investments,net-change-in-long-term-investments,net-change-in-investments-total,investing-activities-other,cash-flow-from-investing-activities,net-long-term-debt,net-current-debt,debt-issuance-retirement-net-total,net-common-equity-issued-repurchased,net-total-equity-issued-repurchased,total-common-preferred-stock-dividends-paid,financial-activities-other,cash-flow-from-financial-activities,net-cash-flow,stock-based-compensation,common-stock-dividends-paid
0,2018-09-30,129.35,$28.18,4.59,$46.54,2.78,$11.32,11.43,$4.04,32.02,$1.08B,$0.57B,1.88,$1.96B,$1.57B,1.24,$2.60B,$0.96B,37.09%,$2.60B,$0.40B,15.43%,$2.60B,$0.40B,15.43%,$2.60B,$0.49B,18.78%,$2.60B,$0.36B,13.74%,$2.60B,$0.30B,11.43%,$0.30B,$1.57B,20.21%,$0.30B,$-1.53B,-26.60%,$0.30B,$4.58B,7.45%,$0.40B,$3.53B,13.41%,$713,$452,$261,$0,$141,$606,$108,$-10,$98,$25,$73,$73,$73,$136,$108,$56,56,$1.31,$1.31,$77,$513,$0,$1079,$312,$0,$3098,$50,$3500,$4579,$574,$1955,$66,$2431,$3005,$0,$1914,$-276,$1574,$4579,$222,$66,$25,$91,$-39,$-26,$25,$10,$-61,$252,$-33,$-5,$-1148,$0,$0,$0,$0,$-1186,$0,$931,$931,$0,$0,$0,$-8,$924,$-13,$5,$0
1,2018-06-30,104.42,$26.94,3.88,$44.14,2.37,$10.48,9.97,$5.35,19.52,$1.08B,$0.56B,1.94,$2.06B,$1.50B,1.37,$2.48B,$0.93B,37.60%,$2.48B,$0.40B,16.22%,$2.48B,$0.40B,16.22%,$2.48B,$0.48B,19.28%,$2.48B,$0.37B,15.01%,$2.48B,$0.30B,12.06%,$0.30B,$1.50B,21.30%,$0.30B,$-1.62B,-33.45%,$0.30B,$4.60B,8.21%,$0.40B,$3.56B,15.04%,$668,$417,$251,$0,$135,$557,$111,$-1,$111,$27,$84,$84,$84,$130,$111,$56,56,$1.51,$1.51,$92,$494,$0,$1080,$317,$0,$3118,$46,$3522,$4602,$556,$2060,$72,$2545,$3101,$0,$1841,$-272,$1501,$4602,$149,$39,$7,$46,$-28,$0,$14,$-4,$-49,$147,$-24,$-5,$-1145,$0,$0,$0,$0,$-1174,$1464,$-431,$1033,$0,$0,$0,$0,$1033,$3,$2,$0
2,2018-03-31,123.79,$25.86,4.79,$42.23,2.93,$9.47,13.07,$5.19,23.85,$0.96B,$0.46B,2.11,$1.04B,$1.44B,0.73,$2.39B,$0.92B,38.33%,$2.39B,$0.41B,16.95%,$2.39B,$0.41B,16.95%,$2.39B,$0.48B,20.08%,$2.39B,$0.38B,15.77%,$2.39B,$0.29B,12.26%,$0.29B,$1.44B,21.15%,$0.29B,$-0.64B,-48.01%,$0.29B,$3.43B,8.94%,$0.41B,$2.49B,17.32%,$585,$373,$212,$0,$123,$498,$87,$-0,$87,$21,$65,$65,$65,$107,$87,$56,56,$1.18,$1.18,$103,$459,$0,$960,$296,$0,$2081,$43,$2467,$3427,$456,$1044,$56,$1531,$1986,$0,$1758,$-247,$1441,$3427,$65,$20,$3,$23,$1,$-9,$-3,$19,$-43,$45,$-17,$-5,$-29,$0,$0,$0,$0,$-52,$0,$18,$18,$0,$0,$0,$0,$18,$14,$0,$0
3,2017-12-31,134.95,$24.42,5.53,$40.99,3.29,$9.64,13.99,$5.25,25.7,$0.93B,$0.47B,1.97,$1.02B,$1.36B,0.75,$2.34B,$0.91B,39.10%,$2.34B,$0.41B,17.60%,$2.34B,$0.41B,17.60%,$2.34B,$0.48B,20.56%,$2.34B,$0.38B,16.40%,$2.34B,$0.30B,12.81%,$0.30B,$1.36B,22.05%,$0.30B,$-0.68B,-52.76%,$0.30B,$3.34B,9.47%,$0.41B,$2.39B,18.44%,$633,$393,$240,$0,$85,$538,$95,$-33,$61,$-14,$75,$75,$75,$115,$95,$57,57,$1.36,$1.36,$90,$425,$0,$932,$282,$0,$2045,$36,$2408,$3340,$474,$1024,$59,$1505,$1979,$0,$1698,$-266,$1361,$3340,$298,$70,$41,$111,$26,$-10,$-22,$-34,$-104,$304,$-40,$0,$-305,$0,$0,$0,$0,$-345,$0,$296,$296,$-240,$-240,$0,$0,$56,$21,$6,$0
4,2017-09-30,128.17,$23.46,5.46,$40.29,3.18,$9.70,13.21,$5.31,24.14,$0.90B,$0.47B,1.93,$0.95B,$1.31B,0.72,$2.30B,$0.91B,39.67%,$2.30B,$0.44B,19.23%,$2.30B,$0.44B,19.23%,$2.30B,$0.51B,21.97%,$2.30B,$0.44B,19.14%,$2.30B,$0.31B,13.27%,$0.31B,$1.31B,22.89%,$0.31B,$-0.63B,-57.90%,$0.31B,$3.20B,10.00%,$0.44B,$2.26B,20.75%,$593,$365,$229,$0,$115,$484,$109,$3,$113,$38,$75,$75,$75,$126,$109,$57,57,$1.31,$1.31,$82,$426,$0,$902,$275,$0,$1945,$34,$2300,$3201,$467,$946,$44,$1423,$1890,$0,$1622,$-255,$1312,$3201,$223,$49,$19,$68,$14,$-20,$-18,$-3,$-86,$205,$-28,$0,$-159,$0,$0,$0,$0,$-188,$0,$217,$217,$-225,$-225,$0,$-1,$-9,$13,$6,$0
5,2017-06-30,121.51,$24.78,4.9,$39.92,3.04,$9.33,13.02,$5.33,22.8,$0.88B,$0.45B,1.99,$0.80B,$1.43B,0.56,$2.28B,$0.92B,40.13%,$2.28B,$0.45B,19.91%,$2.28B,$0.45B,19.91%,$2.28B,$0.51B,22.54%,$2.28B,$0.44B,19.25%,$2.28B,$0.31B,13.42%,$0.31B,$1.43B,22.82%,$0.31B,$-0.48B,-63.16%,$0.31B,$3.14B,10.27%,$0.45B,$2.23B,21.52%,$579,$345,$235,$0,$122,$466,$114,$3,$116,$39,$78,$78,$78,$132,$114,$57,57,$1.35,$1.35,$65,$422,$0,$884,$265,$0,$1910,$35,$2256,$3141,$445,$798,$44,$1268,$1713,$0,$1548,$-265,$1428,$3141,$148,$32,$15,$47,$17,$-26,$-11,$-17,$-110,$86,$-17,$0,$-119,$0,$0,$0,$0,$-137,$264,$-194,$69,$-25,$-25,$0,$0,$45,$-4,$7,$0
6,2017-03-31,136.45,$23.01,5.93,$39.99,3.41,$9.58,14.24,$5.26,25.94,$0.84B,$0.45B,1.86,$0.72B,$1.32B,0.55,$2.28B,$0.91B,40.07%,$2.28B,$0.45B,19.82%,$2.28B,$0.45B,19.82%,$2.28B,$0.51B,22.36%,$2.28B,$0.43B,18.98%,$2.28B,$0.30B,13.20%,$0.30B,$1.32B,23.07%,$0.30B,$-0.47B,-59.72%,$0.30B,$2.94B,10.28%,$0.45B,$2.05B,21.63%,$530,$321,$209,$0,$115,$438,$93,$1,$93,$23,$71,$71,$71,$107,$93,$57,57,$1.24,$1.24,$77,$396,$0,$837,$225,$0,$1790,$44,$2106,$2943,$450,$724,$37,$1169,$1619,$0,$1470,$-276,$1324,$2943,$71,$14,$19,$33,$19,$-24,$-2,$-7,$-57,$47,$-8,$0,$-3,$0,$0,$0,$0,$-11,$0,$-4,$-4,$-25,$-25,$0,$0,$-29,$8,$4,$0
7,2016-12-31,128.81,$21.99,5.86,$39.76,3.24,$9.03,14.27,$4.98,25.87,$0.81B,$0.49B,1.66,$0.73B,$1.27B,0.57,$2.27B,$0.90B,39.79%,$2.27B,$0.45B,19.63%,$2.27B,$0.45B,19.63%,$2.27B,$0.50B,22.23%,$2.27B,$0.42B,18.61%,$2.27B,$0.29B,12.57%,$0.29B,$1.27B,22.27%,$0.29B,$-0.52B,-55.80%,$0.29B,$2.92B,9.88%,$0.45B,$1.99B,21.60%,$597,$358,$239,$0,$110,$470,$126,$-9,$118,$37,$81,$81,$81,$140,$126,$57,57,$1.41,$1.41,$68,$368,$0,$812,$222,$0,$1789,$43,$2105,$2917,$488,$726,$36,$1163,$1652,$0,$1399,$-284,$1265,$2917,$284,$58,$49,$108,$-34,$-22,$-8,$-12,$-98,$294,$-25,$0,$-211,$0,$0,$0,$0,$-236,$0,$-29,$-29,$-4,$-4,$0,$-8,$-41,$13,$28,$0
8,2016-09-30,123.62,$23.40,5.28,$38.69,3.2,$8.30,14.9,$4.45,27.78,$0.83B,$0.49B,1.71,$0.83B,$1.35B,0.61,$2.21B,$0.86B,39.09%,$2.21B,$0.39B,17.78%,$2.21B,$0.39B,17.78%,$2.21B,$0.46B,20.73%,$2.21B,$0.37B,16.92%,$2.21B,$0.25B,11.52%,$0.25B,$1.35B,20.23%,$0.25B,$-0.47B,-48.73%,$0.25B,$2.92B,8.92%,$0.39B,$2.17B,19.24%,$574,$342,$232,$0,$109,$453,$121,$-10,$112,$36,$76,$76,$76,$135,$121,$57,57,$1.33,$1.33,$62,$385,$0,$830,$227,$0,$1811,$31,$2085,$2915,$486,$827,$32,$1083,$1569,$0,$1319,$-112,$1346,$2915,$203,$44,$37,$81,$-36,$-35,$-13,$-8,$-109,$175,$-19,$0,$-211,$0,$0,$0,$0,$-230,$0,$74,$74,$-4,$-4,$0,$-7,$63,$6,$17,$0
9,2016-06-30,115.25,$22.33,5.16,$36.50,3.16,$8.18,14.09,$3.98,28.96,$0.84B,$0.52B,1.61,$0.86B,$1.29B,0.67,$2.08B,$0.81B,38.80%,$2.08B,$0.35B,16.88%,$2.08B,$0.35B,16.88%,$2.08B,$0.41B,19.90%,$2.08B,$0.34B,16.11%,$2.08B,$0.23B,10.91%,$0.23B,$1.29B,18.88%,$0.23B,$-0.56B,-42.57%,$0.23B,$2.93B,8.12%,$0.35B,$2.15B,17.93%,$580,$347,$234,$0,$115,$469,$112,$-2,$110,$37,$73,$73,$73,$128,$112,$57,57,$1.28,$1.28,$74,$390,$0,$835,$216,$0,$1845,$24,$2097,$2932,$517,$863,$32,$1129,$1647,$0,$1243,$-92,$1285,$2932,$127,$31,$20,$51,$-17,$-23,$0,$-9,$-83,$96,$-13,$0,$-212,$0,$0,$0,$0,$-225,$0,$155,$155,$-4,$-4,$0,$-1,$149,$19,$11,$0
10,2016-03-31,106.77,$21.28,5.02,$33.98,3.14,$8.44,12.65,$3.65,29.25,$0.83B,$0.51B,1.61,$0.71B,$1.22B,0.58,$1.94B,$0.75B,38.53%,$1.94B,$0.32B,16.63%,$1.94B,$0.32B,16.63%,$1.94B,$0.38B,19.63%,$1.94B,$0.31B,15.75%,$1.94B,$0.21B,10.74%,$0.21B,$1.22B,18.01%,$0.21B,$-0.49B,-46.07%,$0.21B,$2.78B,8.00%,$0.32B,$1.93B,17.54%,$516,$320,$197,$0,$110,$430,$86,$-4,$82,$27,$55,$55,$55,$101,$86,$57,57,$0.96,$0.96,$56,$368,$0,$826,$199,$0,$1719,$23,$1952,$2778,$513,$706,$30,$1040,$1554,$0,$1170,$-73,$1224,$2778,$55,$15,$14,$29,$-20,$-13,$-1,$1,$-69,$15,$-8,$0,$0,$0,$0,$0,$0,$-8,$0,$-2,$-2,$-4,$-4,$0,$-1,$-7,$0,$5,$0
11,2015-12-31,107.87,$20.36,5.3,$32.07,3.36,$8.63,12.5,$3.36,32.1,$0.80B,$0.51B,1.56,$0.73B,$1.17B,0.63,$1.83B,$0.71B,38.70%,$1.83B,$0.30B,16.58%,$1.83B,$0.30B,16.58%,$1.83B,$0.36B,19.54%,$1.83B,$0.28B,15.38%,$1.83B,$0.19B,10.45%,$0.19B,$1.17B,17.27%,$0.19B,$-0.57B,-47.84%,$0.19B,$2.76B,7.82%,$0.30B,$1.90B,17.14%,$535,$336,$199,$0,$109,$462,$73,$-3,$69,$19,$50,$50,$50,$93,$73,$57,57,$0.88,$0.88,$56,$354,$0,$795,$200,$0,$1733,$22,$1966,$2761,$510,$734,$30,$1084,$1594,$0,$1115,$-76,$1167,$2761,$192,$54,$18,$72,$17,$8,$-18,$-6,$-14,$250,$-22,$0,$-349,$0,$0,$0,$0,$-371,$0,$139,$139,$-5,$-5,$0,$2,$137,$12,$16,$0
12,2015-09-30,105.19,$19.79,5.32,$30.34,3.47,$8.53,12.34,$3.39,31.03,$0.82B,$0.52B,1.59,$0.72B,$1.13B,0.63,$1.73B,$0.68B,39.20%,$1.73B,$0.31B,18.07%,$1.73B,$0.31B,18.07%,$1.73B,$0.36B,20.61%,$1.73B,$0.29B,16.73%,$1.73B,$0.19B,11.18%,$0.19B,$1.13B,18.11%,$0.19B,$-0.51B,-58.26%,$0.19B,$2.71B,8.51%,$0.31B,$1.85B,18.45%,$449,$272,$177,$0,$91,$369,$80,$-6,$74,$25,$49,$49,$49,$92,$80,$57,57,$0.86,$0.86,$55,$374,$0,$824,$210,$0,$1647,$21,$1887,$2711,$520,$718,$254,$1057,$1576,$0,$1065,$-54,$1134,$2711,$141,$34,$10,$44,$5,$-26,$7,$4,$-18,$168,$-18,$0,$-262,$0,$0,$0,$0,$-280,$0,$128,$128,$-5,$-5,$0,$2,$125,$11,$12,$0
13,2015-06-30,112.23,$19.10,5.88,$29.57,3.8,$8.61,13.03,$3.58,31.35,$0.65B,$0.34B,1.92,$0.56B,$1.10B,0.52,$1.68B,$0.66B,39.36%,$1.68B,$0.32B,18.91%,$1.68B,$0.32B,18.91%,$1.68B,$0.36B,21.46%,$1.68B,$0.30B,17.66%,$1.68B,$0.20B,12.13%,$0.20B,$1.10B,19.94%,$0.20B,$-0.23B,-80.79%,$0.20B,$2.16B,9.86%,$0.32B,$1.66B,19.92%,$436,$263,$173,$0,$88,$353,$83,$-4,$80,$25,$54,$54,$54,$94,$83,$57,57,$0.95,$0.95,$39,$292,$0,$654,$149,$0,$1328,$21,$1502,$2156,$341,$564,$64,$720,$1061,$0,$1016,$-41,$1095,$2156,$92,$22,$6,$28,$-1,$-27,$5,$15,$-12,$109,$-12,$0,$-76,$0,$0,$0,$0,$-88,$0,$-23,$-23,$-5,$-5,$0,$2,$-25,$-5,$7,$0
14,2015-03-31,102.65,$17.94,5.72,$29.38,3.49,$7.87,13.04,$3.48,29.5,$0.66B,$0.33B,1.98,$0.63B,$1.03B,0.61,$1.67B,$0.66B,39.20%,$1.67B,$0.31B,18.61%,$1.67B,$0.31B,18.61%,$1.67B,$0.35B,21.18%,$1.67B,$0.29B,17.24%,$1.67B,$0.20B,11.85%,$0.20B,$1.03B,20.26%,$0.20B,$-0.29B,-77.12%,$0.20B,$2.14B,9.84%,$0.31B,$1.66B,20.00%,$407,$249,$158,$0,$86,$340,$67,$-8,$58,$20,$38,$38,$38,$78,$67,$57,57,$0.67,$0.67,$54,$276,$0,$662,$142,$0,$1314,$21,$1481,$2143,$334,$630,$58,$781,$1114,$0,$962,$-48,$1028,$2143,$38,$11,$5,$16,$-5,$-15,$8,$2,$-31,$24,$-6,$0,$-46,$0,$0,$0,$0,$-53,$0,$42,$42,$-5,$-5,$0,$2,$39,$10,$2,$0
15,2014-12-31,99.1,$17.58,5.64,$28.84,3.44,$7.26,13.64,$3.40,29.12,$0.61B,$0.33B,1.87,$0.59B,$1.01B,0.59,$1.64B,$0.64B,39.12%,$1.64B,$0.30B,18.34%,$1.64B,$0.30B,18.34%,$1.64B,$0.34B,20.90%,$1.64B,$0.28B,17.18%,$1.64B,$0.19B,11.80%,$0.19B,$1.01B,20.66%,$0.19B,$-0.29B,-74.73%,$0.19B,$2.07B,9.87%,$0.30B,$1.60B,19.78%,$435,$266,$169,$0,$80,$353,$82,$-6,$77,$25,$52,$52,$52,$92,$82,$57,57,$0.92,$0.91,$44,$256,$0,$614,$130,$0,$1301,$19,$1452,$2066,$328,$589,$32,$731,$1059,$0,$924,$-31,$1007,$2066,$193,$41,$32,$73,$-21,$-2,$-8,$-0,$-33,$234,$-13,$0,$-220,$0,$0,$0,$0,$-233,$0,$28,$28,$-44,$-44,$0,$25,$9,$7,$17,$0
16,2014-09-30,88.13,$16.82,5.24,$27.90,3.16,$5.84,15.08,$3.37,26.18,$0.60B,$0.33B,1.83,$0.51B,$0.96B,0.53,$1.58B,$0.62B,39.42%,$1.58B,$0.29B,18.50%,$1.58B,$0.29B,18.50%,$1.58B,$0.33B,21.10%,$1.58B,$0.27B,17.36%,$1.58B,$0.19B,12.10%,$0.19B,$0.96B,21.41%,$0.19B,$-0.20B,-73.67%,$0.19B,$1.91B,10.09%,$0.29B,$1.47B,19.87%,$404,$242,$162,$0,$82,$318,$86,$-5,$82,$22,$60,$60,$60,$97,$86,$57,57,$1.05,$1.05,$38,$260,$0,$602,$129,$0,$1161,$19,$1312,$1914,$330,$507,$46,$621,$951,$0,$872,$-18,$963,$1914,$142,$32,$25,$57,$-21,$-10,$-0,$7,$-34,$164,$-10,$0,$-77,$0,$0,$0,$0,$-87,$0,$-56,$-56,$-44,$-44,$0,$25,$-75,$1,$12,$0
17,2014-06-30,82.72,$15.91,5.2,$27.19,3.04,$4.55,18.2,$3.04,27.18,$0.61B,$0.32B,1.93,$0.58B,$0.91B,0.64,$1.53B,$0.60B,39.18%,$1.53B,$0.27B,17.80%,$1.53B,$0.27B,17.80%,$1.53B,$0.31B,20.40%,$1.53B,$0.25B,16.56%,$1.53B,$0.17B,11.21%,$0.17B,$0.91B,20.31%,$0.17B,$-0.25B,-61.81%,$0.17B,$1.93B,9.35%,$0.27B,$1.50B,19.07%,$425,$259,$166,$0,$90,$349,$76,$-4,$71,$23,$48,$48,$48,$87,$76,$57,57,$0.85,$0.85,$32,$260,$0,$611,$131,$0,$1161,$20,$1315,$1926,$316,$584,$42,$699,$1015,$0,$812,$-5,$911,$1926,$82,$21,$20,$42,$-20,$-11,$4,$-8,$-62,$62,$-7,$0,$-61,$0,$0,$0,$0,$-68,$0,$21,$21,$-44,$-44,$0,$25,$2,$-5,$7,$0
18,2014-03-31,88.07,$14.95,5.89,$26.24,3.36,$3.99,22.05,$2.86,30.79,$0.63B,$0.30B,2.09,$0.65B,$0.86B,0.76,$1.47B,$0.57B,38.83%,$1.47B,$0.26B,17.45%,$1.47B,$0.26B,17.45%,$1.47B,$0.30B,20.23%,$1.47B,$0.24B,16.23%,$1.47B,$0.16B,10.93%,$0.16B,$0.86B,20.12%,$0.16B,$-0.29B,-53.44%,$0.16B,$1.92B,9.01%,$0.26B,$1.51B,18.44%,$372,$230,$143,$0,$87,$317,$56,$-5,$51,$18,$33,$33,$33,$66,$56,$56,56,$0.59,$0.59,$39,$260,$0,$629,$127,$0,$1148,$9,$1287,$1916,$301,$649,$38,$759,$1060,$0,$764,$-7,$856,$1916,$33,$11,$15,$25,$-16,$-6,$-2,$-22,$-72,$-14,$-3,$0,$-46,$0,$0,$0,$0,$-49,$0,$84,$84,$-44,$-44,$0,$25,$65,$2,$2,$0
19,2013-12-31,79.91,$14.61,5.47,$25.50,3.13,$4.46,17.9,$2.73,29.27,$0.55B,$0.31B,1.75,$0.57B,$0.84B,0.68,$1.43B,$0.55B,38.52%,$1.43B,$0.24B,17.02%,$1.43B,$0.24B,17.02%,$1.43B,$0.29B,20.17%,$1.43B,$0.23B,15.90%,$1.43B,$0.15B,10.78%,$0.15B,$0.84B,20.40%,$0.15B,$-0.30B,-47.86%,$0.15B,$1.82B,8.89%,$0.24B,$1.41B,18.07%,$377,$227,$151,$0,$67,$303,$74,$-5,$70,$20,$50,$50,$50,$83,$74,$56,56,$0.89,$0.88,$37,$220,$0,$546,$125,$0,$1136,$10,$1273,$1819,$311,$570,$38,$669,$981,$0,$730,$-9,$838,$1819,$154,$43,$9,$52,$-18,$-20,$-9,$-8,$-60,$146,$-8,$0,$-467,$0,$0,$0,$0,$-474,$0,$311,$311,$-1,$-1,$0,$19,$330,$3,$12,$0
20,2013-09-30,69.64,$13.63,5.11,$24.10,2.89,$4.20,16.58,$2.53,27.49,$0.51B,$0.28B,1.82,$0.54B,$0.78B,0.69,$1.34B,$0.51B,38.12%,$1.34B,$0.23B,16.98%,$1.34B,$0.23B,16.98%,$1.34B,$0.27B,20.10%,$1.34B,$0.21B,15.86%,$1.34B,$0.14B,10.57%,$0.14B,$0.78B,20.06%,$0.14B,$-0.27B,-51.73%,$0.14B,$1.70B,8.94%,$0.23B,$1.32B,18.69%,$360,$219,$141,$0,$74,$293,$67,$-6,$62,$21,$41,$41,$41,$77,$67,$56,56,$0.73,$0.73,$29,$210,$0,$514,$118,$0,$1056,$13,$1186,$1700,$283,$537,$55,$636,$919,$0,$680,$-13,$782,$1700,$104,$35,$11,$46,$-13,$-19,$-5,$-14,$-67,$84,$-4,$-5,$-376,$0,$0,$0,$0,$-385,$0,$277,$277,$0,$0,$0,$19,$296,$-5,$9,$0
21,2013-06-30,56.7,$12.64,4.49,$22.32,2.54,$4.36,12.99,$2.34,24.23,$0.52B,$0.27B,1.9,$0.62B,$0.73B,0.85,$1.24B,$0.47B,37.95%,$1.24B,$0.21B,16.76%,$1.24B,$0.21B,16.76%,$1.24B,$0.25B,19.98%,$1.24B,$0.19B,15.55%,$1.24B,$0.13B,10.56%,$0.13B,$0.73B,19.74%,$0.13B,$-0.34B,-54.98%,$0.13B,$1.71B,8.96%,$0.21B,$1.34B,18.77%,$364,$227,$137,$0,$76,$303,$60,$-4,$56,$19,$37,$37,$37,$72,$60,$56,56,$0.67,$0.67,$34,$204,$0,$518,$112,$0,$1067,$14,$1192,$1711,$273,$617,$51,$713,$986,$0,$639,$-19,$725,$1711,$63,$26,$8,$34,$-12,$-11,$-7,$-22,$-73,$24,$-1,$-5,$-387,$0,$0,$0,$0,$-393,$0,$358,$358,$1,$1,$0,$11,$370,$0,$6,$0
22,2013-03-31,50.72,$11.96,4.24,$20.47,2.48,$4.87,10.41,$2.23,22.74,$0.49B,$0.29B,1.69,$0.64B,$0.67B,0.95,$1.14B,$0.44B,38.35%,$1.14B,$0.19B,16.97%,$1.14B,$0.19B,16.97%,$1.14B,$0.23B,20.05%,$1.14B,$0.18B,15.92%,$1.14B,$0.13B,10.99%,$0.13B,$0.67B,20.03%,$0.13B,$-0.37B,-66.23%,$0.13B,$1.70B,9.48%,$0.19B,$1.31B,19.66%,$327,$206,$121,$0,$79,$285,$42,$-4,$39,$13,$26,$26,$26,$56,$42,$55,56,$0.47,$0.46,$44,$187,$0,$490,$139,$0,$1047,$21,$1208,$1698,$290,$637,$53,$734,$1024,$0,$602,$-17,$674,$1698,$26,$14,$4,$18,$-9,$-13,$-1,$-5,$-30,$14,$-4,$-5,$-373,$0,$0,$0,$0,$-382,$0,$378,$378,$-1,$-1,$0,$1,$378,$9,$3,$0
23,2012-12-31,42.74,$11.52,3.71,$18.74,2.28,$4.87,8.78,$2.17,19.72,$0.41B,$0.24B,1.7,$0.26B,$0.65B,0.4,$1.04B,$0.40B,38.69%,$1.04B,$0.19B,18.09%,$1.04B,$0.19B,18.09%,$1.04B,$0.22B,20.79%,$1.04B,$0.18B,16.84%,$1.04B,$0.12B,11.65%,$0.12B,$0.65B,20.49%,$0.12B,$-0.11B,-86.27%,$0.12B,$1.24B,10.23%,$0.19B,$0.91B,23.83%,$292,$178,$113,$0,$55,$233,$59,$-3,$56,$18,$38,$38,$38,$65,$59,$54,55,$0.70,$0.71,$34,$153,$0,$413,$64,$0,$759,$8,$832,$1244,$242,$258,$49,$352,$594,$0,$576,$-12,$650,$1244,$121,$27,$12,$39,$-4,$-19,$3,$-7,$-31,$128,$-8,$0,$-62,$0,$0,$0,$0,$-70,$0,$-57,$-57,$-18,$-18,$0,$10,$-65,$-6,$12,$0
24,2012-09-30,38.55,$10.78,3.57,$17.80,2.16,$4.87,7.92,$2.11,18.24,$0.39B,$0.23B,1.65,$0.27B,$0.61B,0.44,$0.99B,$0.39B,39.25%,$0.99B,$0.17B,17.56%,$0.99B,$0.17B,17.56%,$0.99B,$0.20B,20.28%,$0.99B,$0.16B,16.45%,$0.99B,$0.12B,11.91%,$0.12B,$0.61B,21.23%,$0.12B,$-0.13B,-72.17%,$0.12B,$1.19B,10.19%,$0.17B,$0.87B,25.22%,$258,$157,$100,$0,$53,$210,$47,$-6,$42,$12,$30,$30,$30,$55,$47,$55,56,$0.54,$0.53,$35,$147,$0,$385,$64,$0,$735,$10,$809,$1194,$233,$266,$52,$354,$588,$0,$539,$-16,$606,$1194,$83,$21,$10,$31,$13,$-14,$8,$-9,$-20,$94,$-6,$0,$-39,$0,$0,$0,$0,$-45,$0,$-48,$-48,$-14,$-14,$0,$7,$-55,$-5,$9,$0
25,2012-06-30,33.2,$10.09,3.29,$17.11,1.94,$4.38,7.58,$2.00,16.6,$0.36B,$0.22B,1.66,$0.27B,$0.57B,0.47,$0.95B,$0.38B,39.50%,$0.95B,$0.16B,17.23%,$0.95B,$0.16B,17.23%,$0.95B,$0.19B,19.85%,$0.95B,$0.16B,16.39%,$0.95B,$0.11B,11.66%,$0.11B,$0.57B,21.21%,$0.11B,$-0.14B,-62.98%,$0.11B,$1.14B,9.93%,$0.16B,$0.84B,24.65%,$260,$158,$102,$0,$56,$215,$45,$-2,$44,$13,$31,$31,$31,$52,$45,$55,56,$0.57,$0.56,$35,$132,$0,$363,$62,$0,$711,$5,$778,$1141,$220,$269,$46,$355,$575,$0,$509,$-22,$566,$1141,$53,$14,$8,$22,$10,$-6,$3,$-8,$-21,$54,$-3,$0,$-11,$0,$0,$0,$0,$-14,$0,$-43,$-43,$-13,$-13,$0,$11,$-45,$-5,$6,$0
26,2012-03-31,33.73,$9.61,3.51,$16.22,2.08,$3.94,8.57,$1.80,18.77,$0.37B,$0.52B,0.7,$0.00B,$0.54B,0.0,$0.90B,$0.36B,39.76%,$0.90B,$0.15B,17.05%,$0.90B,$0.15B,17.05%,$0.90B,$0.18B,19.71%,$0.90B,$0.14B,15.95%,$0.90B,$0.10B,11.07%,$0.10B,$0.54B,20.11%,$0.10B,$-0.18B,-53.84%,$0.10B,$1.15B,9.20%,$0.15B,$0.54B,23.77%,$229,$141,$87,$0,$51,$192,$37,$-3,$33,$11,$22,$22,$22,$44,$37,$54,55,$0.41,$0.40,$29,$138,$0,$366,$63,$0,$719,$4,$786,$1152,$523,$2,$46,$89,$612,$0,$478,$-15,$540,$1152,$22,$7,$5,$12,$15,$-9,$-3,$-8,$-23,$11,$-2,$0,$-10,$0,$0,$0,$0,$-11,$0,$-1,$-1,$-11,$-11,$0,$0,$-12,$-12,$3,$0
27,2011-12-31,31.35,$9.18,3.42,$15.39,2.04,$3.57,8.78,$1.72,18.23,$0.37B,$0.55B,0.67,$0.00B,$0.51B,0.0,$0.86B,$0.34B,40.14%,$0.86B,$0.15B,17.27%,$0.86B,$0.15B,17.27%,$0.86B,$0.17B,19.72%,$0.86B,$0.14B,16.34%,$0.86B,$0.10B,11.20%,$0.10B,$0.51B,20.37%,$0.10B,$-0.20B,-55.98%,$0.10B,$1.15B,9.42%,$0.15B,$0.51B,21.77%,$244,$144,$100,$0,$55,$199,$45,$-1,$44,$10,$35,$35,$35,$50,$45,$54,56,$0.64,$0.62,$40,$124,$0,$367,$63,$0,$713,$4,$779,$1147,$550,$2,$47,$86,$636,$0,$456,$-21,$511,$1147,$95,$20,$24,$43,$-19,$-2,$-3,$2,$-8,$130,$-8,$0,$-181,$0,$0,$0,$0,$-189,$0,$103,$103,$-15,$-15,$0,$4,$92,$33,$18,$0
28,2011-09-30,23.49,$8.49,2.77,$14.77,1.59,$3.09,7.61,$1.47,15.94,$0.31B,$0.19B,1.63,$0.30B,$0.48B,0.62,$0.82B,$0.33B,39.88%,$0.82B,$0.14B,16.83%,$0.82B,$0.14B,16.83%,$0.82B,$0.16B,19.39%,$0.82B,$0.13B,15.73%,$0.82B,$0.08B,10.00%,$0.08B,$0.48B,18.23%,$0.08B,$-0.18B,-53.07%,$0.08B,$1.03B,8.62%,$0.14B,$0.77B,19.43%,$219,$131,$87,$0,$50,$182,$37,$-2,$35,$12,$23,$23,$23,$43,$37,$54,56,$0.43,$0.42,$13,$124,$0,$309,$59,$0,$656,$6,$721,$1030,$190,$297,$46,$364,$555,$0,$421,$-14,$476,$1030,$61,$15,$12,$27,$-12,$-9,$-9,$2,$-22,$66,$-5,$0,$-131,$0,$0,$0,$0,$-136,$0,$89,$89,$-13,$-13,$0,$-0,$76,$6,$13,$0
29,2011-06-30,31.35,$8.22,3.82,$14.09,2.22,$3.15,9.96,$1.43,21.92,$0.31B,$0.18B,1.71,$0.30B,$0.46B,0.65,$0.78B,$0.31B,39.92%,$0.78B,$0.13B,17.07%,$0.78B,$0.13B,17.07%,$0.78B,$0.15B,19.51%,$0.78B,$0.12B,15.92%,$0.78B,$0.08B,10.27%,$0.08B,$0.46B,18.57%,$0.08B,$-0.18B,-53.24%,$0.08B,$1.02B,8.79%,$0.13B,$0.77B,19.66%,$211,$126,$85,$0,$50,$176,$35,$-4,$32,$12,$20,$20,$20,$41,$35,$54,56,$0.36,$0.35,$21,$122,$0,$311,$57,$0,$644,$7,$708,$1019,$183,$302,$45,$374,$557,$0,$398,$-2,$462,$1019,$37,$9,$7,$16,$-7,$-8,$-6,$1,$-24,$30,$-3,$0,$-99,$0,$0,$0,$0,$-102,$0,$95,$95,$-9,$-9,$0,$-0,$85,$14,$7,$0
30,2011-03-31,31.04,$7.75,4.0,$13.46,2.31,$3.21,9.66,$1.40,22.22,$0.27B,$0.16B,1.76,$0.23B,$0.44B,0.54,$0.74B,$0.30B,39.81%,$0.74B,$0.13B,17.27%,$0.74B,$0.13B,17.27%,$0.74B,$0.15B,19.57%,$0.74B,$0.12B,16.06%,$0.74B,$0.08B,10.53%,$0.08B,$0.44B,19.05%,$0.08B,$-0.12B,-53.42%,$0.08B,$0.88B,9.05%,$0.13B,$0.67B,19.99%,$183,$111,$72,$0,$40,$151,$31,$-2,$29,$12,$18,$18,$18,$35,$31,$54,55,$0.33,$0.32,$9,$116,$0,$273,$44,$0,$558,$6,$609,$882,$155,$233,$44,$290,$446,$0,$378,$-3,$436,$882,$18,$4,$2,$6,$1,$-10,$-7,$2,$-33,$-10,$-2,$0,$-3,$0,$0,$0,$0,$-5,$0,$25,$25,$-9,$-9,$0,$0,$16,$2,$2,$0
31,2010-12-31,28.14,$7.67,3.67,$13.03,2.16,$3.51,8.01,$1.32,21.32,$0.26B,$0.18B,1.43,$0.21B,$0.43B,0.49,$0.72B,$0.29B,39.78%,$0.72B,$0.12B,17.11%,$0.72B,$0.12B,17.11%,$0.72B,$0.14B,19.47%,$0.72B,$0.11B,15.86%,$0.72B,$0.07B,10.29%,$0.07B,$0.43B,18.96%,$0.07B,$-0.13B,-45.68%,$0.07B,$0.87B,8.77%,$0.12B,$0.63B,19.56%,$207,$124,$83,$0,$48,$173,$35,$-1,$33,$12,$21,$21,$21,$40,$35,$53,55,$0.39,$0.38,$8,$106,$0,$264,$44,$0,$559,$7,$610,$873,$184,$209,$44,$264,$448,$0,$360,$-4,$425,$873,$73,$17,$16,$33,$-28,$-6,$11,$1,$-8,$98,$-3,$0,$-26,$0,$0,$0,$0,$-29,$0,$-61,$-61,$-8,$-8,$0,$-0,$-70,$-1,$15,$0
32,2010-09-30,21.13,$7.22,2.93,$12.00,1.76,$3.49,6.05,$1.26,16.77,$0.25B,$0.17B,1.49,$0.24B,$0.40B,0.6,$0.66B,$0.26B,39.31%,$0.66B,$0.12B,17.47%,$0.66B,$0.12B,17.47%,$0.66B,$0.13B,19.88%,$0.66B,$0.11B,16.11%,$0.66B,$0.07B,10.69%,$0.07B,$0.40B,19.20%,$0.07B,$-0.16B,-39.50%,$0.07B,$0.87B,8.56%,$0.12B,$0.64B,18.62%,$178,$107,$71,$0,$39,$146,$32,$-2,$30,$9,$21,$21,$21,$36,$32,$53,55,$0.39,$0.38,$6,$106,$0,$253,$45,$0,$563,$6,$613,$867,$170,$238,$44,$297,$467,$0,$339,$-5,$400,$867,$52,$12,$9,$21,$-19,$-6,$9,$2,$-7,$66,$-3,$0,$-26,$0,$0,$0,$0,$-29,$0,$-32,$-32,$-8,$-8,$0,$0,$-40,$-2,$11,$0
33,2010-06-30,17.73,$6.78,2.62,$11.49,1.54,$3.63,4.89,$1.16,15.28,$0.23B,$0.15B,1.6,$0.24B,$0.38B,0.65,$0.64B,$0.25B,39.38%,$0.64B,$0.11B,17.50%,$0.64B,$0.11B,17.50%,$0.64B,$0.13B,20.00%,$0.64B,$0.10B,15.94%,$0.64B,$0.07B,10.31%,$0.07B,$0.38B,18.88%,$0.07B,$-0.17B,-33.63%,$0.07B,$0.82B,8.06%,$0.11B,$0.62B,18.20%,$173,$104,$69,$0,$40,$144,$30,$-2,$27,$10,$18,$18,$18,$34,$30,$54,55,$0.33,$0.32,$7,$90,$0,$233,$44,$0,$542,$4,$590,$824,$146,$243,$44,$301,$447,$0,$319,$-7,$377,$824,$31,$8,$6,$13,$-18,$-0,$7,$-1,$-13,$32,$-2,$0,$-3,$0,$0,$0,$0,$-5,$0,$-25,$-25,$-2,$-2,$0,$0,$-28,$-1,$7,$0
34,2010-03-31,19.2,$6.45,2.98,$11.17,1.72,$3.86,4.98,$1.09,17.66,$0.21B,$0.13B,1.66,$0.26B,$0.36B,0.74,$0.63B,$0.24B,38.98%,$0.63B,$0.11B,17.41%,$0.63B,$0.11B,17.41%,$0.63B,$0.12B,19.81%,$0.63B,$0.10B,15.81%,$0.63B,$0.06B,9.90%,$0.06B,$0.36B,18.75%,$0.06B,$-0.19B,-28.60%,$0.06B,$0.81B,7.58%,$0.11B,$0.62B,17.74%,$161,$97,$63,$0,$37,$134,$26,$-3,$24,$10,$14,$14,$14,$30,$26,$53,56,$0.26,$0.25,$8,$89,$0,$214,$47,$0,$545,$5,$597,$811,$129,$264,$44,$322,$451,$0,$301,$-6,$359,$811,$14,$4,$3,$7,$-6,$1,$1,$6,$-14,$7,$-1,$0,$-2,$0,$0,$0,$0,$-3,$0,$-4,$-4,$0,$0,$0,$0,$-4,$-0,$3,$0
35,2009-12-31,16.34,$6.16,2.65,$11.64,1.4,$3.91,4.18,$1.10,14.9,$0.22B,$0.15B,1.48,$0.27B,$0.34B,0.78,$0.65B,$0.25B,38.64%,$0.65B,$0.11B,17.16%,$0.65B,$0.11B,17.16%,$0.65B,$0.13B,19.63%,$0.65B,$0.10B,15.46%,$0.65B,$0.06B,9.58%,$0.06B,$0.34B,19.87%,$0.06B,$-0.21B,-26.75%,$0.06B,$0.82B,7.53%,$0.11B,$0.61B,18.06%,$152,$94,$58,$0,$30,$124,$28,$-2,$26,$8,$18,$18,$18,$32,$28,$53,56,$0.34,$0.32,$8,$91,$0,$217,$47,$0,$548,$4,$599,$816,$146,$268,$45,$327,$474,$0,$287,$-5,$343,$816,$61,$16,$22,$38,$23,$17,$-5,$-9,$2,$101,$-6,$0,$-133,$0,$0,$0,$0,$-139,$0,$39,$39,$0,$0,$0,$-0,$39,$2,$11,$0
36,2009-09-30,18.34,$5.73,3.2,$11.86,1.55,$3.72,4.92,$1.13,16.27,$0.23B,$0.17B,1.3,$0.29B,$0.32B,0.9,$0.65B,$0.25B,38.54%,$0.65B,$0.11B,17.49%,$0.65B,$0.11B,17.49%,$0.65B,$0.13B,19.66%,$0.65B,$0.10B,15.48%,$0.65B,$0.06B,9.44%,$0.06B,$0.32B,21.54%,$0.06B,$-0.23B,-27.54%,$0.06B,$0.82B,7.80%,$0.11B,$0.61B,19.62%,$154,$92,$62,$0,$34,$126,$28,$-3,$25,$10,$16,$16,$16,$32,$28,$53,56,$0.29,$0.28,$11,$94,$0,$225,$46,$0,$548,$3,$598,$823,$173,$288,$30,$331,$504,$0,$270,$-6,$319,$823,$43,$12,$5,$17,$22,$12,$-3,$-1,$17,$77,$-5,$0,$-127,$0,$0,$0,$0,$-132,$0,$60,$60,$0,$0,$0,$0,$60,$5,$8,$0
37,2009-06-30,14.64,$5.44,2.69,$12.38,1.18,$3.56,4.11,$1.17,12.51,$0.22B,$0.16B,1.38,$0.32B,$0.30B,1.04,$0.66B,$0.25B,38.30%,$0.66B,$0.12B,17.63%,$0.66B,$0.12B,17.63%,$0.66B,$0.13B,19.60%,$0.66B,$0.10B,15.50%,$0.66B,$0.06B,9.27%,$0.06B,$0.30B,23.64%,$0.06B,$-0.25B,-29.98%,$0.06B,$0.82B,8.26%,$0.12B,$0.62B,21.43%,$159,$97,$61,$0,$34,$132,$27,$-3,$24,$10,$14,$14,$14,$30,$27,$53,56,$0.26,$0.25,$8,$95,$0,$221,$47,$0,$550,$3,$600,$821,$161,$315,$31,$358,$519,$0,$254,$-7,$302,$821,$28,$8,$5,$13,$19,$10,$-7,$1,$6,$47,$-4,$0,$-127,$0,$0,$0,$0,$-131,$0,$86,$86,$0,$0,$0,$0,$86,$2,$5,$0
38,2009-03-31,10.81,$5.10,2.12,$12.90,0.84,$3.57,3.03,$1.25,8.62,$0.25B,$0.17B,1.47,$0.34B,$0.28B,1.2,$0.67B,$0.26B,38.34%,$0.67B,$0.12B,17.98%,$0.67B,$0.12B,17.98%,$0.67B,$0.14B,20.06%,$0.67B,$0.11B,15.90%,$0.67B,$0.06B,9.51%,$0.06B,$0.28B,27.56%,$0.06B,$-0.25B,-34.45%,$0.06B,$0.83B,9.17%,$0.12B,$0.62B,24.04%,$182,$113,$69,$0,$41,$153,$28,$-3,$25,$11,$14,$14,$14,$33,$28,$53,55,$0.27,$0.26,$9,$97,$0,$251,$49,$0,$530,$3,$581,$832,$171,$340,$22,$378,$548,$0,$240,$-9,$284,$832,$14,$5,$3,$8,$-9,$6,$6,$1,$-12,$10,$-2,$0,$-116,$0,$0,$0,$0,$-118,$0,$112,$112,$0,$0,$0,$0,$112,$3,$3,$0
39,2008-12-31,9.09,$4.47,2.03,$12.69,0.72,$3.62,2.51,$1.25,7.25,$0.21B,$0.14B,1.48,$0.23B,$0.23B,1.0,$0.65B,$0.25B,38.04%,$0.65B,$0.12B,18.25%,$0.65B,$0.12B,18.25%,$0.65B,$0.13B,20.25%,$0.65B,$0.10B,15.95%,$0.65B,$0.06B,9.66%,$0.06B,$0.23B,29.93%,$0.06B,$-0.16B,-39.56%,$0.06B,$0.65B,9.82%,$0.12B,$0.46B,25.65%,$151,$94,$57,$0,$27,$121,$30,$-4,$26,$9,$17,$17,$17,$32,$30,$48,51,$0.36,$0.34,$6,$92,$0,$210,$45,$0,$392,$8,$445,$654,$141,$228,$23,$285,$427,$0,$231,$-8,$228,$654,$64,$12,$10,$22,$5,$-7,$-4,$19,$-1,$85,$-8,$0,$-202,$0,$0,$0,$0,$-210,$0,$134,$134,$-12,$-12,$0,$2,$124,$-1,$11,$0
40,2008-09-30,18.1,$4.27,4.24,$12.60,1.44,$2.34,7.74,$1.20,15.04,$0.23B,$0.14B,1.6,$0.25B,$0.22B,1.15,$0.65B,$0.25B,38.02%,$0.65B,$0.12B,18.08%,$0.65B,$0.12B,18.08%,$0.65B,$0.13B,19.94%,$0.65B,$0.10B,16.07%,$0.65B,$0.06B,9.43%,$0.06B,$0.22B,30.61%,$0.06B,$-0.16B,-51.15%,$0.06B,$0.65B,10.49%,$0.12B,$0.47B,27.92%,$166,$102,$65,$0,$34,$136,$31,$-4,$27,$11,$16,$16,$16,$34,$31,$48,51,$0.34,$0.32,$7,$94,$0,$225,$45,$0,$375,$4,$423,$648,$141,$250,$19,$290,$430,$0,$213,$-1,$218,$648,$47,$10,$11,$21,$0,$-7,$-2,$13,$-4,$64,$-7,$0,$-201,$0,$0,$0,$0,$-208,$0,$157,$157,$-12,$-12,$0,$-1,$144,$-0,$8,$0
41,2008-06-30,14.64,$3.92,3.74,$12.02,1.22,$1.22,11.96,$1.16,12.62,$0.23B,$0.14B,1.61,$0.27B,$0.20B,1.34,$0.62B,$0.23B,37.60%,$0.62B,$0.11B,17.99%,$0.62B,$0.11B,17.99%,$0.62B,$0.12B,19.94%,$0.62B,$0.10B,16.37%,$0.62B,$0.06B,9.56%,$0.06B,$0.20B,32.46%,$0.06B,$-0.18B,-66.48%,$0.06B,$0.66B,11.43%,$0.11B,$0.47B,30.68%,$174,$107,$67,$0,$35,$141,$32,$-4,$29,$12,$17,$17,$17,$36,$32,$48,52,$0.36,$0.33,$7,$92,$0,$232,$46,$0,$375,$3,$425,$657,$144,$266,$23,$313,$458,$0,$197,$2,$199,$657,$30,$7,$8,$15,$-9,$-2,$6,$17,$-2,$43,$-3,$0,$-201,$0,$0,$0,$0,$-204,$0,$173,$173,$-12,$-12,$0,$-0,$160,$-0,$5,$0
42,2008-03-31,20.8,$3.88,5.37,$10.90,1.91,$0.87,24.0,$1.08,19.25,$0.22B,$0.12B,1.73,$0.27B,$0.20B,1.37,$0.56B,$0.21B,37.77%,$0.56B,$0.10B,17.99%,$0.56B,$0.10B,17.99%,$0.56B,$0.11B,19.78%,$0.56B,$0.09B,16.73%,$0.56B,$0.06B,9.89%,$0.06B,$0.20B,33.49%,$0.06B,$-0.14B,-111.68%,$0.06B,$0.61B,12.76%,$0.10B,$0.47B,33.90%,$161,$102,$59,$0,$33,$135,$26,$-4,$22,$9,$13,$13,$13,$30,$26,$48,52,$0.27,$0.26,$6,$82,$0,$215,$46,$0,$337,$3,$392,$607,$124,$270,$15,$285,$410,$0,$180,$1,$197,$607,$13,$4,$5,$9,$1,$-2,$5,$4,$-9,$13,$-2,$0,$-188,$0,$0,$0,$0,$-190,$0,$176,$176,$-0,$-0,$0,$-0,$176,$-2,$2,$0
43,2007-12-31,25.54,$3.61,7.07,$9.88,2.58,$0.56,45.32,$1.04,24.64,$0.19B,$0.13B,1.49,$0.09B,$0.18B,0.51,$0.50B,$0.19B,38.32%,$0.50B,$0.09B,18.56%,$0.50B,$0.09B,18.56%,$0.50B,$0.10B,19.96%,$0.50B,$0.09B,17.76%,$0.50B,$0.05B,10.58%,$0.05B,$0.18B,36.93%,$0.05B,$-0.00B,-268.35%,$0.05B,$0.41B,15.05%,$0.09B,$0.28B,41.43%,$146,$91,$55,$0,$27,$118,$28,$-2,$26,$10,$15,$15,$15,$29,$28,$47,51,$0.32,$0.30,$7,$66,$0,$186,$37,$0,$187,$3,$227,$414,$125,$94,$10,$106,$231,$0,$167,$1,$183,$414,$53,$6,$13,$19,$-9,$-1,$1,$-16,$-12,$59,$-47,$0,$-24,$0,$0,$0,$0,$-72,$0,$13,$13,$5,$5,$0,$-1,$16,$4,$8,$0
44,2007-09-30,21.51,$2.94,7.31,$9.00,2.39,$1.29,16.65,$0.96,22.33,$0.17B,$0.13B,1.24,$0.09B,$0.15B,0.62,$0.45B,$0.18B,38.85%,$0.45B,$0.09B,18.76%,$0.45B,$0.09B,18.76%,$0.45B,$0.09B,20.53%,$0.45B,$0.08B,18.10%,$0.45B,$0.05B,10.82%,$0.05B,$0.15B,39.84%,$0.05B,$-0.04B,-176.58%,$0.05B,$0.39B,15.31%,$0.09B,$0.24B,43.09%,$136,$85,$51,$0,$26,$111,$25,$-1,$24,$10,$14,$14,$14,$28,$25,$47,51,$0.30,$0.28,$8,$68,$0,$166,$36,$0,$183,$2,$221,$387,$134,$91,$9,$106,$240,$0,$152,$1,$148,$387,$37,$5,$7,$12,$-6,$-3,$7,$-5,$-3,$46,$-46,$0,$-24,$0,$0,$0,$0,$-70,$-11,$36,$25,$3,$3,$0,$0,$28,$4,$6,$0
45,2007-06-30,19.94,$2.60,7.67,$8.41,2.37,$1.94,10.3,$0.93,21.37,$0.14B,$0.10B,1.35,$0.07B,$0.13B,0.53,$0.42B,$0.17B,39.52%,$0.42B,$0.08B,19.29%,$0.42B,$0.08B,19.29%,$0.42B,$0.09B,20.71%,$0.42B,$0.08B,18.33%,$0.42B,$0.05B,11.19%,$0.05B,$0.13B,44.03%,$0.05B,$-0.02B,-145.74%,$0.05B,$0.32B,15.99%,$0.08B,$0.20B,45.38%,$113,$68,$45,$0,$24,$92,$21,$-1,$21,$8,$13,$13,$13,$23,$21,$47,51,$0.27,$0.25,$6,$59,$0,$135,$32,$0,$147,$2,$181,$316,$100,$69,$14,$87,$186,$0,$138,$1,$129,$316,$23,$3,$3,$6,$1,$-3,$1,$2,$-7,$22,$-1,$0,$-23,$0,$0,$0,$0,$-24,$-8,$10,$2,$2,$2,$0,$0,$4,$2,$3,$0
46,2007-03-31,21.97,$2.38,9.21,$8.29,2.65,$1.77,12.39,$0.91,24.24,$0.13B,$0.09B,1.39,$0.07B,$0.11B,0.62,$0.41B,$0.16B,39.56%,$0.41B,$0.08B,19.42%,$0.41B,$0.08B,19.42%,$0.41B,$0.09B,20.63%,$0.41B,$0.07B,17.96%,$0.41B,$0.05B,10.92%,$0.05B,$0.11B,48.78%,$0.05B,$-0.02B,-103.45%,$0.05B,$0.29B,15.87%,$0.08B,$0.19B,46.99%,$106,$65,$41,$0,$22,$87,$19,$-1,$18,$7,$11,$11,$11,$20,$19,$47,50,$0.23,$0.21,$4,$52,$0,$125,$28,$0,$136,$2,$167,$292,$90,$71,$14,$88,$177,$0,$125,$0,$114,$292,$11,$1,$1,$3,$-2,$-5,$1,$-1,$-18,$-4,$-1,$0,$0,$0,$0,$0,$0,$-1,$-4,$8,$5,$1,$1,$0,$0,$6,$1,$1,$0
47,2006-12-31,17.45,$1.70,10.28,$8.13,2.14,$1.89,9.25,$0.86,20.4,$0.12B,$0.11B,1.11,$0.07B,$0.10B,0.66,$0.40B,$0.16B,39.21%,$0.40B,$0.08B,18.86%,$0.40B,$0.08B,18.86%,$0.40B,$0.08B,20.10%,$0.40B,$0.07B,17.12%,$0.40B,$0.04B,10.42%,$0.04B,$0.10B,53.85%,$0.04B,$-0.04B,-73.68%,$0.04B,$0.29B,15.16%,$0.08B,$0.17B,46.06%,$98,$59,$39,$0,$19,$78,$20,$-2,$19,$8,$11,$11,$11,$22,$20,$46,50,$0.24,$0.23,$4,$47,$0,$118,$29,$0,$137,$2,$167,$285,$106,$66,$6,$78,$184,$0,$116,$0,$101,$285,$42,$5,$5,$10,$-11,$-4,$1,$4,$-2,$50,$-2,$0,$-6,$0,$0,$0,$0,$-9,$0,$-43,$-43,$1,$1,$0,$0,$-42,$-0,$5,$0
