,Date,Stock Price,Book Value per Share,Price to Book Ratio,TTM Sales per Share,Price to Sales Ratio,TTM FCF per Share,Price to FCF Ratio,TTM Net EPS,PE Ratio,Current Assets,Current Liabilities,Current Ratio,Long Term Debt,Shareholder's Equity_x,Debt to Equity Ratio,TTM Revenue_x,TTM Gross Profit,Gross Margin,TTM Revenue_y,TTM Operating Income,Operating Margin,TTM Revenue_x,TTM EBIT,EBIT Margin,TTM Revenue_y,TTM EBITDA,EBITDA Margin,TTM Revenue_x,TTM Pre-Tax Income,Pre-Tax Margin,TTM Revenue_y,TTM Net Income_x,Net Margin,TTM Net Income_y,Shareholder's Equity_y,Return on Equity,TTM Net Income_x,Tangible Equity,Return on Tangible Equity,TTM Net Income_y,Total Assets,Return on Assets,TTM Net Income,LT Investments & Debt,Return on Investment,revenue,cost-goods-sold,gross-profit,research-development-expenses,selling-general-administrative-expenses,operating-expenses,operating-income,total-non-operating-income-expense,pre-tax-income,total-provision-income-taxes,income-after-taxes,income-from-continuous-operations,net-income,ebitda,ebit,basic-shares-outstanding,shares-outstanding,eps-basic-net-earnings-per-share,eps-earnings-per-share-diluted,cash-on-hand,inventory,other-current-assets,total-current-assets,net-property-plant-equipment,long-term-investments,goodwill-intangible-assets-total,other-long-term-assets,total-long-term-assets,total-assets,total-current-liabilities,long-term-debt,other-non-current-liabilities,total-long-term-liabilities,total-liabilities,common-stock-net,retained-earnings-accumulated-deficit,comprehensive-income,total-share-holder-equity,total-liabilities-share-holders-equity,net-income-loss,total-depreciation-amortization-cash-flow,other-non-cash-items,total-non-cash-items,change-in-accounts-receivable,change-in-inventories,change-in-accounts-payable,change-in-assets-liabilities,total-change-in-assets-liabilities,cash-flow-from-operating-activities,net-change-in-property-plant-equipment,net-change-in-intangible-assets,net-acquisitions-divestitures,net-change-in-short-term-investments,net-change-in-long-term-investments,net-change-in-investments-total,investing-activities-other,cash-flow-from-investing-activities,net-long-term-debt,net-current-debt,debt-issuance-retirement-net-total,net-common-equity-issued-repurchased,net-total-equity-issued-repurchased,total-common-preferred-stock-dividends-paid,financial-activities-other,cash-flow-from-financial-activities,net-cash-flow,stock-based-compensation,common-stock-dividends-paid
0,2018-09-30,43.85,$18.12,2.42,$12.98,3.38,$3.74,11.72,$1.55,28.29,$0.14B,$0.72B,0.19,$0.31B,$0.81B,0.38,$0.58B,$0.56B,96.03%,$0.58B,$0.03B,5.86%,$0.58B,$0.03B,5.86%,$0.58B,$0.10B,17.59%,$0.58B,$-0.01B,-1.03%,$0.58B,$0.07B,12.07%,$0.07B,$0.81B,8.18%,$0.07B,$0.05B,80.23%,$0.07B,$2.00B,3.41%,$0.03B,$1.12B,2.94%,$150,$6,$144,$0,$91,$211,$-61,$-10,$-72,$-20,$-52,$-52,$-52,$-45,$-61,$44,44,$-1.18,$-1.18,$5,$13,$0,$136,$156,$0,$764,$18,$1863,$2000,$723,$308,$0,$467,$1190,$1,$408,$-67,$810,$2000,$-22,$52,$91,$143,$-9,$-1,$3,$2,$-5,$116,$-65,$0,$0,$0,$0,$0,$0,$-65,$-31,$0,$-31,$3,$3,$-33,$0,$-61,$-9,$8,$-33
1,2018-06-30,46.64,$19.54,2.39,$12.69,3.67,$3.65,12.77,$2.98,15.65,$0.13B,$0.72B,0.18,$0.30B,$0.87B,0.35,$0.57B,$0.54B,95.94%,$0.57B,$0.12B,21.52%,$0.57B,$0.12B,21.52%,$0.57B,$0.19B,33.51%,$0.57B,$0.08B,14.81%,$0.57B,$0.13B,23.46%,$0.13B,$0.87B,15.71%,$0.13B,$0.11B,173.86%,$0.13B,$2.07B,6.43%,$0.12B,$1.17B,10.65%,$142,$6,$136,$0,$89,$113,$29,$-10,$18,$3,$15,$15,$15,$46,$29,$44,45,$0.34,$0.33,$4,$16,$0,$133,$157,$0,$766,$15,$1941,$2074,$720,$301,$0,$481,$1201,$1,$471,$-65,$872,$2074,$30,$35,$12,$47,$-3,$-1,$3,$0,$-7,$70,$-39,$0,$0,$0,$0,$0,$0,$-39,$-4,$-17,$-21,$2,$2,$-22,$0,$-41,$-9,$6,$-22
2,2018-03-31,43.02,$19.66,2.19,$12.42,3.46,$3.85,11.17,$2.85,15.1,$0.13B,$0.72B,0.18,$0.30B,$0.88B,0.34,$0.55B,$0.53B,95.83%,$0.55B,$0.12B,20.83%,$0.55B,$0.12B,20.83%,$0.55B,$0.18B,32.97%,$0.55B,$0.08B,14.31%,$0.55B,$0.13B,23.01%,$0.13B,$0.88B,15.50%,$0.13B,$0.11B,267.37%,$0.13B,$2.07B,6.18%,$0.12B,$1.18B,10.30%,$141,$5,$135,$0,$89,$111,$29,$-10,$20,$5,$15,$15,$15,$47,$29,$44,45,$0.34,$0.33,$8,$17,$0,$130,$158,$0,$772,$13,$1942,$2073,$717,$300,$0,$478,$1195,$0,$467,$-52,$877,$2073,$15,$17,$6,$24,$5,$-1,$3,$3,$-4,$35,$-16,$0,$0,$0,$0,$0,$0,$-16,$-2,$-12,$-14,$1,$1,$-11,$0,$-24,$-6,$2,$-11
3,2017-12-31,33.92,$19.42,1.75,$12.07,2.81,$3.97,8.55,$2.75,12.34,$0.14B,$0.74B,0.19,$0.30B,$0.86B,0.35,$0.54B,$0.51B,95.70%,$0.54B,$0.11B,20.56%,$0.54B,$0.11B,20.56%,$0.54B,$0.18B,32.71%,$0.54B,$0.07B,13.83%,$0.54B,$0.12B,22.80%,$0.12B,$0.86B,15.48%,$0.12B,$0.09B,750.77%,$0.12B,$2.07B,5.99%,$0.11B,$1.16B,10.14%,$147,$5,$142,$0,$87,$110,$37,$-9,$28,$-64,$92,$92,$92,$54,$37,$44,44,$2.09,$2.08,$13,$16,$0,$141,$157,$0,$771,$15,$1933,$2073,$739,$299,$0,$472,$1212,$0,$463,$-60,$862,$2073,$122,$66,$-43,$23,$-16,$-0,$-5,$-1,$-9,$136,$-70,$0,$0,$0,$0,$0,$0,$-70,$-14,$0,$-14,$-3,$-3,$-40,$-0,$-57,$9,$7,$-40
4,2017-09-30,33.65,$17.50,1.92,$11.69,2.88,$3.94,8.54,$1.12,30.04,$0.13B,$0.74B,0.18,$0.30B,$0.78B,0.38,$0.52B,$0.50B,95.75%,$0.52B,$0.11B,20.85%,$0.52B,$0.11B,20.85%,$0.52B,$0.17B,33.20%,$0.52B,$0.07B,14.09%,$0.52B,$0.05B,9.46%,$0.05B,$0.78B,6.48%,$0.05B,$0.00B,-316.13%,$0.05B,$2.05B,2.42%,$0.11B,$1.07B,10.26%,$137,$6,$131,$0,$88,$110,$27,$-9,$18,$6,$11,$11,$11,$43,$27,$44,44,$0.25,$0.25,$13,$17,$0,$130,$153,$0,$772,$15,$1923,$2054,$743,$297,$0,$536,$1278,$0,$381,$-62,$776,$2054,$30,$49,$20,$69,$-3,$-1,$-3,$-0,$-3,$96,$-48,$0,$0,$0,$0,$0,$0,$-48,$-6,$0,$-6,$-4,$-4,$-30,$-0,$-40,$8,$6,$-30
5,2017-06-30,28.94,$17.25,1.68,$11.50,2.52,$3.70,7.83,$1.16,24.95,$0.12B,$0.73B,0.16,$0.30B,$0.76B,0.39,$0.51B,$0.49B,96.08%,$0.51B,$0.11B,21.18%,$0.51B,$0.11B,21.18%,$0.51B,$0.17B,33.73%,$0.51B,$0.07B,14.51%,$0.51B,$0.05B,10.00%,$0.05B,$0.76B,6.82%,$0.05B,$-0.01B,-208.16%,$0.05B,$2.02B,2.54%,$0.11B,$1.06B,10.35%,$127,$5,$121,$0,$83,$105,$22,$-9,$13,$5,$9,$9,$9,$38,$22,$44,44,$0.20,$0.20,$9,$16,$0,$118,$151,$0,$772,$17,$1904,$2022,$733,$295,$0,$526,$1260,$0,$380,$-69,$762,$2022,$19,$32,$13,$45,$6,$-1,$-2,$-3,$-0,$63,$-25,$0,$0,$0,$0,$0,$0,$-25,$-4,$-4,$-7,$-6,$-6,$-20,$-0,$-34,$5,$4,$-20
6,2017-03-31,29.33,$17.01,1.72,$11.43,2.57,$3.41,8.6,$1.05,27.94,$0.11B,$0.73B,0.16,$0.30B,$0.75B,0.39,$0.51B,$0.49B,96.46%,$0.51B,$0.11B,22.05%,$0.51B,$0.11B,22.05%,$0.51B,$0.18B,35.24%,$0.51B,$0.07B,13.19%,$0.51B,$0.05B,9.06%,$0.05B,$0.75B,6.20%,$0.05B,$-0.02B,-149.59%,$0.05B,$2.00B,2.29%,$0.11B,$1.05B,10.79%,$124,$5,$118,$0,$78,$100,$24,$-8,$15,$5,$10,$10,$10,$40,$24,$44,44,$0.23,$0.23,$8,$16,$0,$114,$151,$0,$771,$16,$1889,$2003,$728,$296,$0,$523,$1251,$0,$381,$-79,$752,$2003,$10,$16,$6,$22,$8,$-1,$1,$-1,$1,$33,$-9,$0,$0,$0,$0,$0,$0,$-9,$-2,$-2,$-4,$-6,$-6,$-10,$-0,$-20,$3,$1,$-10
7,2016-12-31,28.9,$16.61,1.74,$11.45,2.52,$3.35,8.63,$1.07,27.01,$0.12B,$0.73B,0.16,$0.30B,$0.74B,0.4,$0.51B,$0.49B,96.66%,$0.51B,$0.11B,22.40%,$0.51B,$0.11B,22.40%,$0.51B,$0.18B,35.56%,$0.51B,$0.07B,13.75%,$0.51B,$0.05B,9.23%,$0.05B,$0.74B,6.32%,$0.05B,$-0.04B,-149.21%,$0.05B,$2.01B,2.35%,$0.11B,$1.03B,11.11%,$130,$4,$126,$0,$74,$96,$35,$-8,$27,$7,$19,$19,$19,$51,$35,$44,44,$0.44,$0.43,$4,$15,$0,$119,$149,$0,$772,$15,$1886,$2005,$733,$296,$0,$537,$1269,$0,$363,$-81,$736,$2005,$47,$68,$40,$108,$-27,$1,$0,$0,$-19,$136,$-72,$0,$-17,$0,$0,$0,$0,$-88,$17,$0,$17,$-11,$-11,$-36,$-15,$-45,$3,$7,$-36
8,2016-09-30,28.61,$16.65,1.72,$11.47,2.49,$3.51,8.14,$0.84,34.06,$0.12B,$0.75B,0.16,$0.30B,$0.74B,0.4,$0.51B,$0.50B,96.50%,$0.51B,$0.10B,19.26%,$0.51B,$0.10B,19.26%,$0.51B,$0.17B,32.49%,$0.51B,$0.05B,10.31%,$0.51B,$0.04B,7.39%,$0.04B,$0.74B,5.06%,$0.04B,$-0.03B,-146.15%,$0.04B,$2.02B,1.90%,$0.10B,$1.04B,9.72%,$129,$4,$125,$0,$80,$102,$27,$-8,$19,$6,$13,$13,$13,$43,$27,$44,44,$0.29,$0.29,$10,$18,$0,$121,$153,$0,$773,$18,$1896,$2017,$746,$298,$0,$530,$1276,$0,$353,$-70,$740,$2017,$28,$51,$31,$83,$-19,$-3,$4,$1,$-15,$96,$-59,$0,$-9,$0,$0,$0,$0,$-68,$45,$-16,$29,$-7,$-7,$-27,$-15,$-20,$8,$7,$-27
9,2016-06-30,32.59,$16.66,1.96,$11.53,2.83,$3.97,8.21,$0.86,37.9,$0.11B,$0.74B,0.15,$0.30B,$0.74B,0.4,$0.52B,$0.50B,96.53%,$0.52B,$0.10B,19.69%,$0.52B,$0.10B,19.69%,$0.52B,$0.17B,32.82%,$0.52B,$0.06B,10.81%,$0.52B,$0.04B,7.53%,$0.04B,$0.74B,5.13%,$0.04B,$-0.04B,-190.24%,$0.04B,$2.00B,1.96%,$0.10B,$1.04B,10.08%,$125,$4,$121,$0,$78,$99,$26,$-19,$6,$2,$4,$4,$4,$45,$26,$44,45,$0.09,$0.09,$5,$17,$0,$111,$150,$0,$775,$18,$1892,$2004,$742,$295,$0,$521,$1263,$0,$349,$-63,$740,$2004,$15,$35,$23,$57,$-12,$-2,$6,$0,$-8,$65,$-38,$0,$-9,$0,$0,$0,$0,$-48,$47,$-21,$26,$-7,$-7,$-18,$-14,$-13,$4,$4,$-18
10,2016-03-31,30.86,$17.08,1.81,$11.56,2.67,$4.30,7.17,$0.98,31.49,$0.09B,$0.76B,0.12,$0.24B,$0.76B,0.32,$0.52B,$0.50B,96.37%,$0.52B,$0.10B,18.93%,$0.52B,$0.10B,18.93%,$0.52B,$0.16B,31.36%,$0.52B,$0.06B,12.24%,$0.52B,$0.04B,8.41%,$0.04B,$0.76B,5.69%,$0.04B,$-0.02B,-502.86%,$0.04B,$1.99B,2.22%,$0.10B,$1.00B,9.81%,$125,$5,$120,$0,$76,$98,$26,$-8,$18,$7,$11,$11,$11,$42,$26,$44,44,$0.25,$0.25,$1,$15,$0,$93,$138,$0,$781,$19,$1896,$1989,$764,$240,$0,$466,$1230,$0,$354,$-48,$759,$1989,$11,$16,$9,$25,$2,$0,$-3,$-1,$-1,$35,$-14,$0,$-9,$0,$0,$0,$0,$-24,$-1,$5,$4,$-7,$-7,$-9,$-0,$-13,$-1,$3,$-9
11,2015-12-31,28.9,$17.17,1.68,$11.67,2.48,$4.47,6.46,$0.13,222.32,$0.10B,$0.76B,0.13,$0.24B,$0.77B,0.31,$0.53B,$0.51B,96.23%,$0.53B,$0.04B,6.97%,$0.53B,$0.04B,6.97%,$0.53B,$0.10B,19.21%,$0.53B,$0.00B,0.19%,$0.53B,$0.01B,1.13%,$0.01B,$0.77B,0.77%,$0.01B,$-0.01B,1200.00%,$0.01B,$1.98B,0.30%,$0.04B,$1.00B,3.65%,$135,$5,$130,$0,$78,$115,$20,$-10,$10,$1,$10,$10,$10,$37,$20,$45,45,$0.20,$0.20,$2,$16,$0,$97,$132,$0,$780,$17,$1879,$1977,$756,$236,$0,$455,$1211,$0,$352,$-44,$766,$1977,$6,$65,$86,$151,$-4,$1,$5,$-1,$-3,$153,$-79,$0,$65,$0,$0,$0,$0,$-14,$-42,$0,$-42,$-60,$-60,$-34,$-5,$-141,$-2,$14,$-34
12,2015-09-30,28.44,$17.27,1.65,$11.35,2.51,$5.10,5.58,$0.05,568.72,$0.10B,$0.77B,0.14,$0.24B,$0.77B,0.31,$0.52B,$0.50B,95.95%,$0.52B,$0.05B,8.86%,$0.52B,$0.05B,8.86%,$0.52B,$0.11B,20.42%,$0.52B,$0.01B,2.31%,$0.52B,$0.01B,1.73%,$0.01B,$0.77B,1.12%,$0.01B,$-0.01B,41.38%,$0.01B,$2.01B,0.44%,$0.05B,$1.01B,4.45%,$133,$4,$129,$0,$82,$103,$30,$-9,$22,$8,$14,$14,$14,$46,$30,$45,45,$0.31,$0.31,$2,$18,$0,$103,$133,$0,$784,$13,$1902,$2005,$766,$240,$0,$465,$1232,$0,$351,$-38,$773,$2005,$-4,$48,$71,$118,$-6,$-1,$7,$-5,$-0,$114,$-56,$0,$65,$0,$0,$0,$0,$9,$-3,$-42,$-45,$-54,$-54,$-25,$-0,$-125,$-2,$11,$-25
13,2015-06-30,38.62,$17.51,2.21,$10.82,3.57,$5.55,6.96,$0.06,643.58,$0.10B,$0.72B,0.14,$0.23B,$0.80B,0.29,$0.50B,$0.48B,95.59%,$0.50B,$0.05B,9.22%,$0.50B,$0.05B,9.22%,$0.50B,$0.10B,20.04%,$0.50B,$0.01B,2.61%,$0.50B,$0.01B,2.00%,$0.01B,$0.80B,1.21%,$0.01B,$0.01B,9.35%,$0.01B,$1.97B,0.51%,$0.05B,$1.03B,4.38%,$130,$5,$125,$0,$83,$107,$23,$-9,$14,$5,$9,$9,$9,$39,$23,$45,46,$0.21,$0.21,$4,$17,$0,$99,$121,$0,$783,$12,$1868,$1967,$723,$230,$0,$449,$1172,$0,$346,$-29,$795,$1967,$-18,$32,$59,$91,$0,$-1,$5,$-3,$-2,$71,$-28,$0,$83,$0,$0,$0,$0,$55,$-2,$-75,$-77,$-32,$-32,$-17,$-0,$-126,$-0,$7,$-17
14,2015-03-31,38.98,$17.34,2.25,$10.25,3.8,$5.68,6.86,$0.05,779.68,$0.10B,$0.80B,0.12,$0.23B,$0.80B,0.29,$0.48B,$0.45B,95.17%,$0.48B,$0.05B,9.45%,$0.48B,$0.05B,9.45%,$0.48B,$0.09B,19.54%,$0.48B,$0.01B,2.94%,$0.48B,$0.01B,2.10%,$0.01B,$0.80B,1.18%,$0.01B,$0.02B,5.20%,$0.01B,$2.03B,0.53%,$0.05B,$1.02B,4.22%,$133,$5,$127,$0,$83,$169,$-36,$-9,$-45,$-18,$-27,$-27,$-27,$-20,$-36,$45,45,$-0.60,$-0.60,$3,$17,$0,$99,$117,$0,$780,$8,$1932,$2031,$796,$226,$0,$440,$1236,$0,$345,$-42,$795,$2031,$-27,$16,$49,$66,$-1,$0,$1,$0,$0,$38,$-9,$0,$-1,$0,$0,$0,$0,$-10,$-1,$-4,$-5,$-15,$-15,$-9,$-0,$-29,$-1,$3,$-9
15,2014-12-31,36.87,$18.51,1.99,$9.52,3.87,$5.61,6.58,$0.81,45.52,$0.11B,$0.79B,0.14,$0.23B,$0.86B,0.26,$0.45B,$0.42B,95.06%,$0.45B,$0.10B,22.25%,$0.45B,$0.10B,22.25%,$0.45B,$0.14B,31.69%,$0.45B,$0.07B,15.73%,$0.45B,$0.04B,9.89%,$0.04B,$0.86B,5.09%,$0.04B,$0.07B,15.96%,$0.04B,$2.10B,2.46%,$0.10B,$1.08B,9.15%,$123,$6,$117,$0,$77,$94,$29,$-8,$21,$8,$13,$13,$13,$41,$29,$46,47,$0.28,$0.27,$4,$17,$9,$110,$113,$0,$784,$0,$1993,$2103,$792,$225,$0,$456,$1249,$0,$381,$-30,$855,$2103,$44,$42,$38,$81,$-7,$3,$-1,$-1,$-4,$121,$-16,$0,$-431,$0,$0,$0,$0,$-447,$-2,$386,$384,$-22,$-22,$-31,$-1,$330,$2,$15,$-31
16,2014-09-30,31.71,$18.57,1.71,$9.20,3.45,$5.74,5.53,$0.94,33.73,$0.08B,$0.39B,0.2,$0.22B,$0.86B,0.26,$0.43B,$0.41B,94.87%,$0.43B,$0.10B,22.84%,$0.43B,$0.10B,22.84%,$0.43B,$0.14B,32.17%,$0.43B,$0.07B,16.32%,$0.43B,$0.04B,10.02%,$0.04B,$0.86B,4.97%,$0.04B,$0.33B,12.59%,$0.04B,$1.69B,2.55%,$0.10B,$1.07B,9.09%,$113,$5,$108,$0,$68,$83,$30,$-7,$23,$8,$15,$15,$15,$40,$30,$46,47,$0.32,$0.32,$2,$18,$0,$80,$95,$0,$526,$19,$1614,$1694,$393,$219,$0,$445,$839,$0,$375,$-20,$856,$1694,$32,$30,$27,$57,$-10,$1,$5,$-1,$-1,$88,$-7,$0,$-20,$0,$0,$0,$0,$-27,$-1,$-12,$-13,$-23,$-23,$-24,$0,$-60,$0,$12,$-24
17,2014-06-30,43.24,$18.86,2.29,$9.04,4.78,$5.68,7.61,$0.93,46.49,$0.08B,$0.38B,0.2,$0.22B,$0.88B,0.25,$0.42B,$0.40B,94.54%,$0.42B,$0.10B,22.57%,$0.42B,$0.10B,22.57%,$0.42B,$0.14B,32.07%,$0.42B,$0.07B,15.91%,$0.42B,$0.04B,9.98%,$0.04B,$0.88B,4.88%,$0.04B,$0.35B,12.39%,$0.04B,$1.69B,2.50%,$0.10B,$1.10B,8.88%,$107,$5,$101,$0,$68,$85,$22,$-7,$15,$5,$9,$9,$9,$32,$22,$46,47,$0.20,$0.20,$1,$19,$0,$75,$90,$0,$528,$21,$1619,$1693,$379,$215,$0,$435,$813,$0,$369,$-8,$880,$1693,$17,$20,$16,$36,$-3,$0,$2,$-2,$-3,$49,$1,$0,$-16,$0,$0,$0,$0,$-16,$-1,$-19,$-20,$2,$2,$-16,$0,$-34,$-1,$7,$-16
18,2014-03-31,38.99,$18.62,2.09,$8.92,4.37,$5.60,6.96,$0.41,95.1,$0.08B,$0.38B,0.21,$0.21B,$0.87B,0.24,$0.41B,$0.39B,94.65%,$0.41B,$0.06B,14.11%,$0.41B,$0.06B,14.11%,$0.41B,$0.10B,23.84%,$0.41B,$0.03B,7.30%,$0.41B,$0.02B,4.62%,$0.02B,$0.87B,2.26%,$0.02B,$0.35B,5.87%,$0.02B,$1.68B,1.13%,$0.06B,$1.08B,5.54%,$102,$6,$97,$0,$68,$84,$18,$-7,$11,$4,$7,$7,$7,$28,$18,$46,47,$0.16,$0.16,$1,$19,$7,$78,$86,$0,$521,$13,$1597,$1676,$382,$210,$0,$424,$806,$0,$367,$-14,$870,$1676,$7,$10,$7,$17,$1,$0,$3,$-1,$2,$27,$-0,$0,$-4,$0,$0,$0,$0,$-4,$-0,$-16,$-17,$2,$2,$-8,$0,$-23,$-1,$4,$-8
19,2013-12-31,36.89,$18.35,2.01,$8.86,4.16,$5.60,6.58,$0.51,72.33,$0.07B,$0.40B,0.18,$0.21B,$0.86B,0.24,$0.41B,$0.38B,93.61%,$0.41B,$0.07B,16.46%,$0.41B,$0.07B,16.46%,$0.41B,$0.11B,26.29%,$0.41B,$0.04B,9.34%,$0.41B,$0.02B,5.90%,$0.02B,$0.86B,2.90%,$0.02B,$0.33B,7.70%,$0.02B,$1.68B,1.43%,$0.07B,$1.06B,6.50%,$107,$5,$101,$0,$65,$79,$28,$-7,$21,$8,$13,$13,$12,$38,$28,$45,46,$0.27,$0.27,$1,$19,$0,$73,$85,$0,$522,$7,$1604,$1677,$403,$209,$0,$418,$822,$0,$360,$-15,$856,$1677,$24,$39,$58,$97,$-4,$-0,$0,$1,$-5,$116,$-7,$0,$1,$0,$0,$0,$0,$-6,$-0,$-123,$-124,$13,$13,$0,$0,$-110,$-1,$15,$0
20,2013-09-30,30.51,$18.11,1.68,$8.74,3.49,$4.67,6.53,$0.50,61.02,$0.08B,$0.44B,0.19,$0.20B,$0.84B,0.24,$0.40B,$0.37B,93.73%,$0.40B,$0.07B,16.29%,$0.40B,$0.07B,16.29%,$0.40B,$0.11B,26.32%,$0.40B,$0.04B,8.77%,$0.40B,$0.02B,5.76%,$0.02B,$0.84B,2.82%,$0.02B,$0.32B,7.65%,$0.02B,$1.68B,1.36%,$0.07B,$1.04B,6.39%,$105,$6,$99,$0,$63,$78,$27,$-7,$20,$5,$14,$14,$14,$37,$27,$46,46,$0.31,$0.31,$2,$21,$7,$84,$78,$0,$518,$20,$1599,$1683,$441,$202,$0,$404,$844,$0,$356,$-18,$838,$1683,$12,$29,$48,$76,$-5,$-2,$3,$0,$-3,$85,$-8,$0,$0,$0,$0,$0,$0,$-8,$-0,$-84,$-84,$6,$6,$0,$0,$-78,$0,$11,$0
21,2013-06-30,29.7,$17.42,1.71,$8.66,3.43,$3.86,7.68,$0.44,67.49,$0.07B,$0.47B,0.15,$0.20B,$0.81B,0.25,$0.39B,$0.37B,93.64%,$0.39B,$0.07B,16.54%,$0.39B,$0.07B,16.54%,$0.39B,$0.11B,26.97%,$0.39B,$0.03B,7.38%,$0.39B,$0.02B,4.83%,$0.02B,$0.81B,2.35%,$0.02B,$0.29B,6.53%,$0.02B,$1.67B,1.11%,$0.07B,$1.01B,6.45%,$97,$6,$92,$0,$57,$112,$-15,$-7,$-22,$-8,$-14,$-14,$-14,$-5,$-15,$45,45,$-0.32,$-0.32,$1,$20,$0,$71,$77,$0,$514,$31,$1597,$1668,$465,$200,$0,$396,$861,$0,$341,$-31,$806,$1668,$-2,$19,$39,$59,$-2,$-2,$1,$-0,$-4,$52,$-8,$0,$0,$0,$0,$0,$0,$-8,$-0,$-53,$-54,$6,$6,$0,$0,$-47,$-1,$5,$0
22,2013-03-31,26.36,$17.63,1.5,$8.60,3.07,$3.38,7.8,$0.93,28.35,$0.07B,$0.49B,0.15,$0.20B,$0.81B,0.25,$0.39B,$0.36B,93.32%,$0.39B,$0.10B,26.22%,$0.39B,$0.10B,26.22%,$0.39B,$0.14B,36.76%,$0.39B,$0.06B,16.20%,$0.39B,$0.04B,10.28%,$0.04B,$0.81B,4.99%,$0.04B,$0.30B,14.08%,$0.04B,$1.71B,2.32%,$0.10B,$1.02B,9.81%,$98,$8,$89,$0,$53,$71,$27,$-8,$19,$7,$12,$12,$12,$37,$27,$45,46,$0.27,$0.26,$2,$20,$0,$70,$81,$0,$514,$24,$1636,$1706,$488,$201,$0,$405,$892,$0,$356,$-30,$814,$1706,$12,$10,$6,$16,$1,$-1,$1,$-1,$-1,$27,$-1,$0,$0,$0,$0,$0,$0,$-1,$-0,$-31,$-31,$3,$3,$0,$0,$-28,$-0,$2,$0
23,2012-12-31,18.68,$17.58,1.06,$8.43,2.21,$3.12,5.99,$0.77,24.26,$0.07B,$0.52B,0.14,$0.20B,$0.81B,0.25,$0.38B,$0.36B,93.95%,$0.38B,$0.10B,25.00%,$0.38B,$0.10B,25.00%,$0.38B,$0.14B,36.05%,$0.38B,$0.05B,13.68%,$0.38B,$0.03B,8.68%,$0.03B,$0.81B,4.17%,$0.03B,$0.29B,12.08%,$0.03B,$1.73B,1.91%,$0.10B,$1.01B,8.90%,$99,$5,$94,$0,$54,$73,$26,$-8,$18,$7,$12,$12,$11,$36,$26,$45,45,$0.26,$0.25,$2,$19,$0,$71,$80,$0,$518,$25,$1656,$1728,$519,$201,$0,$399,$918,$0,$344,$-18,$810,$1728,$34,$42,$21,$62,$-5,$1,$-2,$0,$-6,$91,$-26,$0,$-4,$0,$0,$0,$0,$-29,$-151,$97,$-54,$4,$4,$0,$-11,$-61,$-1,$10,$0
24,2012-09-30,14.96,$17.51,0.85,$8.27,1.81,$3.47,4.32,$0.75,19.95,$0.08B,$0.54B,0.16,$0.20B,$0.80B,0.25,$0.37B,$0.35B,93.55%,$0.37B,$0.09B,25.27%,$0.37B,$0.09B,25.27%,$0.37B,$0.14B,36.56%,$0.37B,$0.05B,12.90%,$0.37B,$0.03B,8.33%,$0.03B,$0.80B,3.99%,$0.03B,$0.28B,11.90%,$0.03B,$1.73B,1.80%,$0.09B,$1.00B,8.62%,$99,$6,$93,$0,$56,$72,$27,$-13,$14,$4,$10,$10,$10,$38,$27,$45,45,$0.23,$0.23,$1,$22,$6,$84,$82,$0,$519,$19,$1650,$1734,$537,$201,$0,$397,$934,$0,$340,$-17,$800,$1734,$23,$32,$11,$43,$-8,$-1,$1,$1,$-8,$58,$-19,$0,$-4,$0,$0,$0,$0,$-23,$-1,$124,$123,$2,$2,$0,$-161,$-36,$-2,$6,$0
25,2012-06-30,12.9,$17.06,0.76,$8.21,1.57,$4.02,3.21,$0.72,17.92,$0.07B,$0.40B,0.18,$0.35B,$0.78B,0.45,$0.37B,$0.34B,92.93%,$0.37B,$0.09B,25.00%,$0.37B,$0.09B,25.00%,$0.37B,$0.13B,36.14%,$0.37B,$0.05B,13.04%,$0.37B,$0.03B,8.42%,$0.03B,$0.78B,4.06%,$0.03B,$0.26B,12.46%,$0.03B,$1.72B,1.81%,$0.09B,$1.13B,8.25%,$93,$7,$87,$0,$55,$71,$22,$-10,$12,$4,$7,$7,$7,$32,$22,$45,45,$0.16,$0.16,$3,$22,$0,$71,$83,$0,$516,$29,$1649,$1720,$399,$351,$0,$542,$940,$0,$329,$-24,$780,$1720,$13,$21,$5,$26,$-0,$-1,$2,$-0,$-5,$34,$-11,$0,$-4,$0,$0,$0,$0,$-15,$-1,$-12,$-12,$2,$2,$0,$-8,$-18,$0,$4,$0
26,2012-03-31,18.92,$16.96,1.12,$8.17,2.32,$4.28,4.42,$0.73,25.92,$0.07B,$0.41B,0.17,$0.35B,$0.78B,0.45,$0.37B,$0.34B,92.35%,$0.37B,$0.10B,25.96%,$0.37B,$0.10B,25.96%,$0.37B,$0.14B,37.16%,$0.37B,$0.05B,13.39%,$0.37B,$0.03B,8.74%,$0.03B,$0.78B,4.25%,$0.03B,$0.26B,13.38%,$0.03B,$1.72B,1.87%,$0.10B,$1.13B,8.60%,$89,$6,$83,$0,$54,$69,$20,$-11,$8,$3,$5,$5,$5,$31,$20,$44,45,$0.12,$0.12,$2,$22,$0,$69,$81,$0,$518,$29,$1654,$1722,$410,$351,$0,$538,$947,$0,$321,$-19,$775,$1722,$5,$11,$2,$13,$3,$-1,$-0,$-0,$1,$19,$-5,$0,$-4,$0,$0,$0,$0,$-9,$-0,$-4,$-4,$2,$2,$0,$-7,$-10,$-1,$2,$0
27,2011-12-31,15.63,$16.53,0.95,$8.06,1.94,$4.48,3.49,$0.72,21.71,$0.07B,$0.42B,0.17,$0.35B,$0.75B,0.47,$0.36B,$0.33B,92.22%,$0.36B,$0.10B,26.67%,$0.36B,$0.10B,26.67%,$0.36B,$0.14B,37.78%,$0.36B,$0.05B,13.33%,$0.36B,$0.03B,8.33%,$0.03B,$0.75B,4.25%,$0.03B,$0.24B,15.63%,$0.03B,$1.71B,1.75%,$0.10B,$1.11B,9.08%,$91,$5,$85,$0,$51,$65,$25,$-11,$14,$5,$9,$9,$9,$35,$25,$42,45,$0.22,$0.20,$3,$21,$0,$71,$80,$0,$514,$24,$1637,$1708,$423,$351,$0,$530,$954,$0,$310,$-26,$754,$1708,$31,$40,$13,$53,$-7,$-1,$7,$1,$2,$85,$-5,$0,$-8,$0,$0,$0,$0,$-13,$-24,$-52,$-75,$5,$5,$0,$-1,$-71,$1,$6,$0
28,2011-09-30,14.73,$16.58,0.89,$8.02,1.84,$4.19,3.51,$0.51,28.88,$0.07B,$0.43B,0.16,$0.35B,$0.75B,0.47,$0.36B,$0.33B,91.85%,$0.36B,$0.10B,26.97%,$0.36B,$0.10B,26.97%,$0.36B,$0.14B,38.20%,$0.36B,$0.04B,9.83%,$0.36B,$0.02B,5.90%,$0.02B,$0.75B,3.19%,$0.02B,$0.23B,14.33%,$0.02B,$1.70B,1.23%,$0.10B,$1.10B,9.45%,$95,$8,$87,$0,$54,$70,$25,$-11,$14,$4,$10,$10,$10,$35,$25,$44,44,$0.22,$0.22,$1,$19,$0,$69,$80,$0,$512,$26,$1634,$1703,$428,$351,$0,$529,$957,$0,$306,$-24,$746,$1703,$22,$30,$8,$38,$-8,$0,$6,$1,$4,$64,$-0,$0,$0,$0,$0,$0,$0,$-0,$-23,$-40,$-63,$1,$1,$0,$-1,$-64,$-1,$5,$0
29,2011-06-30,18.98,$16.44,1.15,$7.81,2.43,$3.85,4.94,$0.41,46.3,$0.07B,$0.45B,0.15,$0.35B,$0.74B,0.48,$0.35B,$0.32B,92.20%,$0.35B,$0.10B,27.46%,$0.35B,$0.10B,27.46%,$0.35B,$0.14B,39.02%,$0.35B,$0.03B,8.67%,$0.35B,$0.02B,4.34%,$0.02B,$0.74B,2.44%,$0.02B,$0.23B,14.71%,$0.02B,$1.71B,0.87%,$0.10B,$1.09B,9.80%,$91,$7,$83,$0,$50,$66,$25,$-12,$13,$5,$8,$8,$8,$35,$25,$43,45,$0.18,$0.18,$2,$20,$0,$68,$83,$0,$513,$28,$1646,$1714,$449,$352,$0,$526,$975,$0,$296,$-18,$739,$1714,$12,$20,$5,$25,$-3,$-0,$2,$1,$-4,$33,$0,$0,$0,$0,$0,$0,$0,$0,$-1,$-8,$-9,$0,$-22,$0,$-1,$-32,$0,$3,$0
30,2011-03-31,21.52,$15.82,1.36,$7.65,2.81,$3.81,5.64,$0.34,63.29,$0.07B,$0.47B,0.16,$0.35B,$0.58B,0.6,$0.34B,$0.31B,92.58%,$0.34B,$0.09B,27.30%,$0.34B,$0.09B,27.30%,$0.34B,$0.13B,39.17%,$0.34B,$0.03B,7.42%,$0.34B,$0.01B,3.26%,$0.01B,$0.58B,1.94%,$0.01B,$0.07B,19.64%,$0.01B,$1.72B,0.64%,$0.09B,$0.93B,9.99%,$83,$6,$77,$0,$47,$62,$21,$-14,$7,$3,$4,$4,$3,$31,$21,$36,44,$0.09,$0.09,$2,$21,$9,$73,$82,$0,$514,$22,$1644,$1717,$467,$352,$0,$668,$1135,$0,$288,$-19,$582,$1717,$4,$10,$3,$13,$1,$-1,$2,$-0,$4,$21,$2,$0,$0,$0,$0,$0,$0,$2,$-0,$3,$3,$0,$-22,$0,$-1,$-20,$1,$1,$0
31,2010-12-31,17.64,$15.47,1.14,$7.55,2.34,$3.57,4.93,$0.31,56.9,$0.07B,$0.46B,0.16,$0.37B,$0.57B,0.66,$0.33B,$0.31B,93.05%,$0.33B,$0.09B,27.19%,$0.33B,$0.09B,27.19%,$0.33B,$0.13B,39.27%,$0.33B,$0.02B,6.65%,$0.33B,$0.01B,3.02%,$0.01B,$0.57B,1.79%,$0.01B,$0.06B,20.94%,$0.01B,$1.72B,0.58%,$0.09B,$0.94B,9.90%,$87,$7,$80,$0,$46,$62,$25,$-24,$1,$1,$1,$1,$0,$35,$25,$35,44,$0.01,$0.01,$2,$20,$8,$72,$81,$0,$511,$23,$1644,$1716,$460,$374,$0,$687,$1147,$0,$284,$-26,$569,$1716,$13,$41,$17,$58,$-4,$3,$-1,$1,$-10,$61,$5,$0,$0,$0,$0,$0,$0,$5,$22,$-78,$-56,$2,$2,$0,$-14,$-68,$-0,$6,$0
32,2010-09-30,13.74,$15.60,0.88,$7.58,1.81,$4.14,3.32,$0.43,31.96,$0.07B,$0.50B,0.13,$0.34B,$0.57B,0.6,$0.33B,$0.31B,93.35%,$0.33B,$0.09B,27.19%,$0.33B,$0.09B,27.19%,$0.33B,$0.13B,39.27%,$0.33B,$0.03B,9.67%,$0.33B,$0.02B,4.53%,$0.02B,$0.57B,2.71%,$0.02B,$0.06B,35.93%,$0.02B,$1.72B,0.87%,$0.09B,$0.91B,10.03%,$85,$5,$79,$0,$46,$61,$24,$-15,$9,$4,$5,$5,$4,$34,$24,$35,44,$0.13,$0.12,$2,$21,$0,$66,$79,$0,$513,$28,$1657,$1724,$500,$343,$0,$656,$1155,$0,$283,$-24,$568,$1724,$13,$31,$7,$38,$-5,$2,$-1,$2,$-9,$42,$5,$0,$0,$0,$0,$0,$0,$5,$-7,$-42,$-49,$1,$1,$0,$-0,$-48,$0,$5,$0
33,2010-06-30,14.58,$15.15,0.96,$7.77,1.88,$4.67,3.12,$0.50,29.17,$0.06B,$0.52B,0.12,$0.34B,$0.55B,0.62,$0.34B,$0.32B,93.49%,$0.34B,$0.09B,27.81%,$0.34B,$0.09B,27.81%,$0.34B,$0.13B,39.64%,$0.34B,$0.04B,10.65%,$0.34B,$0.02B,5.33%,$0.02B,$0.55B,3.31%,$0.02B,$0.04B,54.96%,$0.02B,$1.72B,1.03%,$0.09B,$0.90B,10.55%,$82,$6,$76,$0,$44,$60,$22,$-14,$8,$3,$5,$5,$4,$32,$22,$35,44,$0.11,$0.11,$2,$21,$0,$64,$80,$0,$510,$30,$1657,$1720,$518,$343,$0,$651,$1169,$0,$278,$-33,$552,$1720,$7,$21,$4,$24,$-1,$1,$0,$2,$-3,$28,$3,$0,$0,$0,$0,$0,$0,$3,$-7,$-28,$-34,$1,$1,$0,$0,$-34,$1,$3,$0
34,2010-03-31,13.88,$14.98,0.93,$8.11,1.71,$5.07,2.73,$0.51,27.21,$0.06B,$0.54B,0.11,$0.34B,$0.55B,0.63,$0.35B,$0.33B,93.45%,$0.35B,$0.10B,27.07%,$0.35B,$0.10B,27.07%,$0.35B,$0.14B,39.03%,$0.35B,$0.04B,10.26%,$0.35B,$0.02B,5.13%,$0.02B,$0.55B,3.35%,$0.02B,$0.04B,72.73%,$0.02B,$1.73B,1.02%,$0.10B,$0.89B,10.72%,$77,$4,$73,$0,$43,$58,$19,$-15,$4,$1,$2,$2,$2,$29,$19,$35,44,$0.06,$0.06,$3,$21,$0,$60,$81,$0,$510,$33,$1668,$1729,$536,$343,$0,$648,$1184,$0,$273,$-33,$545,$1729,$2,$11,$1,$12,$3,$1,$-1,$1,$-4,$10,$1,$0,$0,$0,$0,$0,$0,$1,$-6,$-7,$-14,$0,$0,$0,$0,$-13,$1,$1,$0
35,2009-12-31,12.62,$14.89,0.85,$8.67,1.46,$5.33,2.37,$0.65,19.42,$0.08B,$0.55B,0.14,$0.35B,$0.55B,0.64,$0.37B,$0.35B,93.05%,$0.37B,$0.11B,28.07%,$0.37B,$0.11B,28.07%,$0.37B,$0.15B,39.84%,$0.37B,$0.05B,12.30%,$0.37B,$0.02B,6.15%,$0.02B,$0.55B,4.36%,$0.02B,$0.03B,122.67%,$0.02B,$1.75B,1.30%,$0.11B,$0.90B,11.96%,$87,$6,$81,$0,$45,$62,$25,$-15,$11,$5,$6,$6,$5,$35,$25,$35,43,$0.14,$0.13,$2,$22,$10,$75,$84,$0,$513,$27,$1679,$1754,$554,$349,$0,$653,$1206,$0,$271,$-26,$548,$1754,$28,$44,$14,$58,$19,$4,$-6,$3,$1,$87,$3,$0,$0,$0,$0,$0,$0,$3,$-3,$-81,$-84,$1,$1,$0,$-0,$-83,$-1,$6,$0
36,2009-09-30,15.55,$15.02,1.04,$9.82,1.58,$4.12,3.77,$0.52,29.91,$0.07B,$0.58B,0.12,$0.35B,$0.53B,0.66,$0.41B,$0.38B,93.17%,$0.41B,$0.11B,26.10%,$0.41B,$0.11B,26.10%,$0.41B,$0.17B,40.49%,$0.41B,$0.04B,10.73%,$0.41B,$0.02B,4.39%,$0.02B,$0.53B,3.50%,$0.02B,$0.02B,163.64%,$0.02B,$1.77B,1.01%,$0.11B,$0.88B,12.36%,$92,$6,$86,$0,$47,$64,$28,$-15,$13,$5,$8,$8,$7,$38,$28,$34,43,$0.19,$0.19,$2,$23,$0,$67,$85,$0,$513,$39,$1698,$1765,$577,$351,$0,$655,$1232,$0,$265,$-27,$533,$1765,$22,$34,$11,$45,$18,$3,$-6,$2,$2,$69,$2,$0,$0,$0,$0,$0,$0,$2,$-1,$-62,$-64,$1,$1,$0,$0,$-63,$-1,$5,$0
37,2009-06-30,13.14,$14.87,0.88,$10.77,1.22,$2.85,4.61,$0.64,20.53,$0.07B,$0.61B,0.12,$0.35B,$0.53B,0.67,$0.45B,$0.42B,93.13%,$0.45B,$0.12B,26.39%,$0.45B,$0.12B,26.39%,$0.45B,$0.18B,39.69%,$0.45B,$0.05B,11.75%,$0.45B,$0.02B,4.88%,$0.02B,$0.53B,4.29%,$0.02B,$0.01B,1760.00%,$0.02B,$1.79B,1.21%,$0.12B,$0.88B,13.78%,$95,$7,$88,$0,$49,$72,$23,$-15,$8,$3,$5,$5,$4,$35,$23,$34,43,$0.12,$0.12,$4,$24,$0,$73,$86,$0,$516,$42,$1713,$1786,$611,$351,$0,$650,$1261,$0,$257,$-25,$525,$1786,$14,$23,$7,$30,$16,$2,$-4,$2,$3,$47,$2,$0,$0,$0,$0,$0,$0,$2,$-1,$-34,$-34,$0,$0,$0,$0,$-34,$1,$3,$0
38,2009-03-31,10.32,$14.26,0.72,$10.88,0.95,$2.05,5.04,$0.66,15.64,$0.08B,$0.62B,0.12,$0.35B,$0.50B,0.7,$0.44B,$0.41B,93.36%,$0.44B,$0.11B,25.40%,$0.44B,$0.11B,25.40%,$0.44B,$0.17B,37.76%,$0.44B,$0.05B,12.13%,$0.44B,$0.02B,5.26%,$0.02B,$0.50B,4.49%,$0.02B,$0.01B,-270.59%,$0.02B,$1.77B,1.23%,$0.11B,$0.86B,12.85%,$100,$7,$93,$0,$52,$71,$29,$-15,$14,$5,$8,$8,$7,$41,$29,$34,43,$0.20,$0.20,$2,$25,$0,$76,$86,$0,$492,$45,$1694,$1770,$622,$351,$0,$645,$1267,$0,$251,$-39,$504,$1770,$8,$12,$5,$17,$11,$0,$-5,$0,$-5,$21,$1,$0,$0,$0,$0,$0,$0,$1,$-0,$-25,$-25,$0,$0,$0,$0,$-25,$-2,$2,$0
39,2008-12-31,12.92,$14.02,0.92,$10.84,1.19,$1.66,7.76,$0.77,16.78,$0.10B,$0.66B,0.16,$0.35B,$0.50B,0.71,$0.42B,$0.39B,93.27%,$0.42B,$0.11B,25.48%,$0.42B,$0.11B,25.48%,$0.42B,$0.15B,37.02%,$0.42B,$0.06B,13.70%,$0.42B,$0.03B,6.49%,$0.03B,$0.50B,5.37%,$0.03B,$0.00B,31.40%,$0.03B,$1.80B,1.60%,$0.11B,$0.85B,13.18%,$123,$8,$115,$0,$57,$96,$27,$-18,$9,$9,$0,$0,$0,$52,$27,$34,39,$0.01,$-0.01,$3,$27,$13,$104,$89,$0,$493,$35,$1694,$1799,$664,$351,$0,$640,$1304,$0,$243,$-37,$495,$1799,$29,$48,$35,$84,$-3,$8,$-16,$0,$-14,$99,$-65,$0,$-33,$0,$0,$0,$0,$-98,$-1,$8,$7,$1,$1,$0,$-15,$-7,$-1,$6,$0
40,2008-09-30,17.32,$15.06,1.15,$9.98,1.74,$-0.24,0.0,$1.12,15.46,$0.11B,$0.71B,0.16,$0.35B,$0.53B,0.67,$0.38B,$0.35B,92.84%,$0.38B,$0.11B,28.12%,$0.38B,$0.11B,28.12%,$0.38B,$0.14B,35.81%,$0.38B,$0.07B,18.04%,$0.38B,$0.04B,10.34%,$0.04B,$0.53B,7.90%,$0.04B,$-0.02B,21.70%,$0.04B,$1.94B,2.61%,$0.11B,$0.88B,14.24%,$133,$9,$124,$0,$68,$93,$40,$-18,$22,$9,$13,$13,$11,$51,$40,$34,43,$0.31,$0.31,$5,$39,$0,$112,$91,$0,$544,$96,$1827,$1940,$714,$352,$0,$701,$1415,$0,$243,$-6,$525,$1940,$29,$23,$21,$44,$-6,$-0,$-12,$1,$-8,$65,$-50,$0,$-24,$0,$0,$0,$0,$-74,$-0,$22,$22,$1,$1,$0,$-15,$8,$1,$4,$0
41,2008-06-30,17.92,$15.03,1.19,$9.18,1.95,$-1.51,0.0,$1.16,15.44,$0.12B,$0.74B,0.16,$0.35B,$0.52B,0.67,$0.33B,$0.30B,92.97%,$0.33B,$0.09B,28.44%,$0.33B,$0.09B,28.44%,$0.33B,$0.12B,35.78%,$0.33B,$0.07B,20.49%,$0.33B,$0.04B,12.54%,$0.04B,$0.52B,8.51%,$0.04B,$-0.03B,14.44%,$0.04B,$1.96B,3.25%,$0.09B,$0.88B,13.64%,$81,$5,$76,$0,$44,$67,$15,$-6,$8,$3,$5,$5,$5,$21,$15,$34,35,$0.14,$0.14,$8,$41,$0,$119,$91,$0,$553,$105,$1845,$1964,$739,$352,$0,$701,$1441,$0,$229,$5,$523,$1964,$16,$12,$10,$22,$-3,$-4,$-4,$1,$4,$42,$-30,$0,$-21,$0,$0,$0,$0,$-52,$-0,$28,$28,$1,$1,$0,$-15,$14,$4,$2,$0
42,2008-03-31,17.02,$13.54,1.26,$8.99,1.89,$-2.74,0.0,$1.19,14.3,$0.07B,$0.30B,0.24,$0.15B,$0.47B,0.32,$0.32B,$0.30B,92.90%,$0.32B,$0.11B,32.72%,$0.32B,$0.11B,32.72%,$0.32B,$0.13B,39.81%,$0.32B,$0.07B,21.30%,$0.32B,$0.04B,12.96%,$0.04B,$0.47B,8.96%,$0.04B,$0.39B,10.80%,$0.04B,$1.05B,4.14%,$0.11B,$0.62B,17.16%,$79,$6,$73,$0,$43,$55,$24,$-6,$18,$7,$11,$11,$11,$30,$24,$34,34,$0.31,$0.31,$7,$30,$0,$72,$55,$0,$80,$24,$975,$1047,$299,$149,$0,$279,$578,$0,$225,$3,$469,$1047,$11,$6,$7,$13,$2,$-1,$-3,$-4,$-3,$21,$-16,$0,$-0,$0,$0,$0,$0,$-16,$-0,$-1,$-1,$1,$1,$0,$0,$-0,$4,$1,$0
43,2007-12-31,16.61,$12.21,1.36,$8.69,1.91,$-3.18,0.0,$1.23,13.5,$0.08B,$0.30B,0.27,$0.15B,$0.46B,0.33,$0.32B,$0.30B,93.40%,$0.32B,$0.11B,34.28%,$0.32B,$0.11B,34.28%,$0.32B,$0.13B,41.19%,$0.32B,$0.07B,22.64%,$0.32B,$0.04B,13.84%,$0.04B,$0.46B,9.46%,$0.04B,$0.38B,11.39%,$0.04B,$1.03B,4.46%,$0.11B,$0.61B,18.12%,$84,$6,$77,$0,$45,$57,$27,$-7,$20,$8,$12,$12,$12,$33,$27,$35,36,$0.35,$0.35,$4,$29,$11,$82,$55,$0,$80,$9,$947,$1029,$298,$149,$0,$273,$571,$0,$214,$4,$458,$1029,$44,$22,$30,$52,$-4,$-1,$3,$-1,$-5,$91,$-129,$0,$-10,$0,$0,$0,$0,$-139,$52,$34,$86,$-34,$-34,$0,$-4,$48,$2,$4,$0
44,2007-09-30,21.64,$13.23,1.64,$8.55,2.53,$-3.73,0.0,$1.25,17.31,$0.07B,$0.26B,0.27,$0.15B,$0.48B,0.31,$0.31B,$0.29B,93.89%,$0.31B,$0.11B,35.37%,$0.31B,$0.11B,35.37%,$0.31B,$0.13B,42.12%,$0.31B,$0.07B,23.79%,$0.31B,$0.05B,14.79%,$0.05B,$0.48B,9.97%,$0.05B,$0.40B,12.00%,$0.05B,$1.01B,4.82%,$0.11B,$0.63B,18.81%,$83,$6,$78,$0,$45,$56,$27,$-6,$21,$8,$13,$13,$13,$33,$27,$36,37,$0.35,$0.35,$2,$31,$0,$72,$55,$0,$79,$21,$935,$1007,$263,$149,$0,$267,$530,$0,$201,$6,$477,$1007,$32,$16,$23,$39,$-6,$-2,$4,$-1,$-4,$67,$-101,$0,$-6,$0,$0,$0,$0,$-107,$52,$-6,$46,$-2,$-2,$0,$-4,$40,$1,$3,$0
45,2007-06-30,26.16,$12.91,2.03,$8.30,3.15,$-4.08,0.0,$1.25,20.93,$0.08B,$0.25B,0.33,$0.15B,$0.47B,0.32,$0.30B,$0.28B,93.71%,$0.30B,$0.11B,36.42%,$0.30B,$0.11B,36.42%,$0.30B,$0.13B,43.05%,$0.30B,$0.08B,24.83%,$0.30B,$0.05B,15.23%,$0.05B,$0.47B,10.26%,$0.05B,$0.39B,12.44%,$0.05B,$0.98B,4.99%,$0.11B,$0.62B,19.70%,$78,$5,$73,$0,$40,$51,$28,$-17,$10,$4,$6,$6,$6,$33,$28,$36,37,$0.18,$0.17,$4,$33,$9,$81,$53,$0,$79,$11,$895,$977,$249,$149,$0,$258,$507,$0,$189,$4,$470,$977,$19,$10,$14,$24,$-1,$-4,$1,$0,$-8,$36,$-69,$0,$-6,$0,$0,$0,$0,$-75,$52,$-12,$40,$5,$5,$0,$-4,$42,$3,$2,$0
46,2007-03-31,23.99,$12.70,1.89,$8.00,3.0,$-3.97,0.0,$1.29,18.6,$0.08B,$0.28B,0.28,$0.10B,$0.46B,0.21,$0.29B,$0.27B,93.79%,$0.29B,$0.11B,36.55%,$0.29B,$0.11B,36.55%,$0.29B,$0.13B,43.45%,$0.29B,$0.08B,26.55%,$0.29B,$0.05B,16.55%,$0.05B,$0.46B,11.09%,$0.05B,$0.38B,13.56%,$0.05B,$0.94B,5.41%,$0.11B,$0.55B,19.99%,$73,$4,$69,$0,$37,$46,$27,$-6,$21,$8,$13,$13,$13,$32,$27,$36,37,$0.36,$0.35,$2,$32,$10,$77,$50,$0,$78,$9,$859,$936,$277,$98,$0,$203,$480,$0,$182,$3,$456,$936,$13,$5,$8,$13,$2,$-4,$-0,$-1,$-5,$21,$-32,$0,$-2,$0,$0,$0,$0,$-35,$-0,$15,$15,$0,$0,$0,$0,$15,$1,$1,$0
47,2006-12-31,24.13,$12.31,1.96,$7.79,3.1,$-4.10,0.0,$1.20,20.11,$0.07B,$0.26B,0.28,$0.10B,$0.44B,0.22,$0.27B,$0.26B,94.14%,$0.27B,$0.10B,36.26%,$0.27B,$0.10B,36.26%,$0.27B,$0.12B,43.22%,$0.27B,$0.07B,25.64%,$0.27B,$0.04B,15.75%,$0.04B,$0.44B,10.28%,$0.04B,$0.37B,12.46%,$0.04B,$0.90B,4.97%,$0.10B,$0.54B,18.71%,$77,$5,$72,$0,$39,$49,$28,$-6,$22,$8,$14,$14,$14,$33,$28,$34,35,$0.40,$0.39,$1,$28,$10,$74,$43,$0,$76,$9,$826,$900,$263,$98,$0,$195,$458,$0,$170,$3,$442,$900,$43,$18,$31,$48,$-11,$1,$-2,$-1,$-14,$77,$-133,$0,$-59,$0,$0,$0,$0,$-193,$-53,$46,$-7,$125,$125,$0,$-2,$117,$1,$3,$0
