,Date,Stock Price,Book Value per Share,Price to Book Ratio,TTM Sales per Share,Price to Sales Ratio,TTM FCF per Share,Price to FCF Ratio,TTM Net EPS,PE Ratio,Current Assets,Current Liabilities,Current Ratio,Long Term Debt,Shareholder's Equity_x,Debt to Equity Ratio,TTM Revenue_x,TTM Gross Profit,Gross Margin,TTM Revenue_y,TTM Operating Income,Operating Margin,TTM Revenue_x,TTM EBIT,EBIT Margin,TTM Revenue_y,TTM EBITDA,EBITDA Margin,TTM Revenue_x,TTM Pre-Tax Income,Pre-Tax Margin,TTM Revenue_y,TTM Net Income_x,Net Margin,TTM Net Income_y,Shareholder's Equity_y,Return on Equity,TTM Net Income_x,Tangible Equity,Return on Tangible Equity,TTM Net Income_y,Total Assets,Return on Assets,TTM Net Income,LT Investments & Debt,Return on Investment,revenue,cost-goods-sold,gross-profit,research-development-expenses,selling-general-administrative-expenses,operating-expenses,operating-income,total-non-operating-income-expense,pre-tax-income,total-provision-income-taxes,income-after-taxes,income-from-continuous-operations,net-income,ebitda,ebit,basic-shares-outstanding,shares-outstanding,eps-basic-net-earnings-per-share,eps-earnings-per-share-diluted,cash-on-hand,inventory,other-current-assets,total-current-assets,net-property-plant-equipment,long-term-investments,goodwill-intangible-assets-total,other-long-term-assets,total-long-term-assets,total-assets,total-current-liabilities,long-term-debt,other-non-current-liabilities,total-long-term-liabilities,total-liabilities,common-stock-net,retained-earnings-accumulated-deficit,comprehensive-income,total-share-holder-equity,total-liabilities-share-holders-equity,net-income-loss,total-depreciation-amortization-cash-flow,other-non-cash-items,total-non-cash-items,change-in-accounts-receivable,change-in-inventories,change-in-accounts-payable,change-in-assets-liabilities,total-change-in-assets-liabilities,cash-flow-from-operating-activities,net-change-in-property-plant-equipment,net-change-in-intangible-assets,net-acquisitions-divestitures,net-change-in-short-term-investments,net-change-in-long-term-investments,net-change-in-investments-total,investing-activities-other,cash-flow-from-investing-activities,net-long-term-debt,net-current-debt,debt-issuance-retirement-net-total,net-common-equity-issued-repurchased,net-total-equity-issued-repurchased,total-common-preferred-stock-dividends-paid,financial-activities-other,cash-flow-from-financial-activities,net-cash-flow,stock-based-compensation,common-stock-dividends-paid
0,2018-06-30,8.9,$2.49,3.57,$1.57,5.66,$0.43,20.84,$0.07,127.14,$0.04B,$0.02B,1.79,$0.00B,$0.09B,0.0,$0.06B,$0.05B,89.09%,$0.06B,$-0.00B,-7.27%,$0.06B,$-0.00B,-7.27%,$0.06B,$-0.00B,-3.64%,$0.06B,$-0.01B,-9.09%,$0.06B,$0.00B,5.45%,$0.00B,$0.09B,3.99%,$0.00B,$0.03B,6.32%,$0.00B,$0.12B,3.18%,$-0.00B,$0.09B,-5.32%,$16,$3,$13,$4,$9,$19,$-3,$-1,$-4,$-1,$-3,$-3,$-3,$-2,$-3,$36,36,$-0.08,$-0.08,$18,$0,$5,$35,$4,$0,$69,$2,$89,$124,$19,$0,$2,$10,$30,$0,$-19,$-0,$94,$124,$-10,$3,$9,$12,$-0,$0,$1,$0,$1,$4,$-3,$0,$-30,$0,$25,$25,$0,$-8,$0,$0,$0,$0,$0,$0,$0,$0,$-4,$6,$0
1,2018-03-31,7.4,$2.10,3.52,$1.46,5.08,$0.59,12.49,$0.17,43.53,$0.06B,$0.01B,3.88,$0.00B,$0.07B,0.0,$0.05B,$0.05B,92.16%,$0.05B,$-0.00B,-1.96%,$0.05B,$-0.00B,-1.96%,$0.05B,$0.00B,1.96%,$0.05B,0,0.00%,$0.05B,$0.01B,13.73%,$0.01B,$0.07B,11.07%,$0.01B,$0.06B,13.59%,$0.01B,$0.09B,9.03%,$-0.00B,$0.07B,-1.58%,$14,$2,$13,$4,$9,$16,$-1,$0,$-1,$0,$-1,$-1,$-1,$-1,$-1,$35,35,$-0.03,$-0.03,$44,$0,$3,$56,$2,$1,$18,$0,$37,$92,$14,$0,$4,$4,$19,$0,$-16,$1,$74,$92,$-7,$2,$8,$10,$1,$0,$-0,$-0,$0,$4,$-2,$0,$-3,$0,$14,$14,$0,$9,$0,$0,$0,$0,$0,$0,$0,$0,$13,$4,$0
2,2017-12-31,8.95,$2.07,4.31,$1.38,6.5,$0.66,13.58,$0.23,38.91,$0.05B,$0.01B,3.98,$0.00B,$0.07B,0.0,$0.05B,$0.05B,93.75%,$0.05B,$0.00B,2.08%,$0.05B,$0.00B,2.08%,$0.05B,$0.00B,8.33%,$0.05B,$0.00B,4.17%,$0.05B,$0.01B,18.75%,$0.01B,$0.07B,16.22%,$0.01B,$0.05B,19.05%,$0.01B,$0.09B,13.33%,$0.00B,$0.07B,1.80%,$12,$2,$11,$3,$8,$14,$-2,$0,$-2,$4,$-6,$-6,$-6,$-1,$-2,$34,34,$-0.17,$-0.17,$38,$0,$3,$47,$1,$7,$18,$0,$42,$89,$12,$0,$5,$5,$17,$0,$-15,$0,$72,$89,$-6,$1,$6,$7,$3,$0,$0,$-1,$1,$3,$-0,$0,$-3,$0,$-5,$-5,$0,$-9,$0,$0,$0,$0,$0,$0,$0,$0,$-6,$2,$0
3,2017-09-30,9.5,$1.82,5.22,$1.31,7.26,$0.55,17.24,$0.38,25.0,$0.05B,$0.01B,5.34,$0.00B,$0.06B,0.0,$0.05B,$0.04B,93.33%,$0.05B,$0.00B,4.44%,$0.05B,$0.00B,4.44%,$0.05B,$0.01B,11.11%,$0.05B,$0.00B,6.67%,$0.05B,$0.01B,31.11%,$0.01B,$0.06B,29.47%,$0.01B,$0.06B,32.94%,$0.01B,$0.07B,24.56%,$0.00B,$0.06B,4.21%,$13,$1,$12,$3,$6,$11,$2,$0,$2,$-11,$13,$13,$13,$2,$2,$33,36,$0.39,$0.37,$43,$0,$1,$51,$1,$4,$5,$0,$21,$72,$10,$0,$1,$1,$10,$0,$-17,$0,$61,$72,$14,$3,$-6,$-3,$-2,$0,$1,$0,$-1,$10,$-0,$0,$0,$0,$-7,$-7,$0,$-8,$0,$0,$0,$1,$1,$0,$0,$1,$3,$5,$0
4,2017-06-30,8.4,$1.38,6.1,$1.23,6.82,$0.50,16.95,$0.06,140.0,$0.05B,$0.01B,4.84,$0.00B,$0.05B,0.0,$0.04B,$0.04B,92.86%,$0.04B,$0.00B,2.38%,$0.04B,$0.00B,2.38%,$0.04B,$0.01B,11.90%,$0.04B,$0.00B,4.76%,$0.04B,$0.00B,4.76%,$0.00B,$0.05B,4.76%,$0.00B,$0.04B,5.41%,$0.00B,$0.06B,3.92%,$0.00B,$0.05B,2.38%,$12,$1,$11,$3,$7,$11,$0,$0,$1,$0,$1,$1,$1,$1,$0,$33,36,$0.02,$0.02,$38,$0,$1,$46,$1,$5,$5,$0,$11,$57,$10,$0,$1,$1,$10,$0,$-30,$-0,$46,$57,$1,$2,$4,$6,$-1,$0,$1,$1,$0,$7,$-0,$0,$0,$0,$-7,$-7,$0,$-7,$0,$0,$0,$0,$0,$0,$0,$0,$0,$4,$0
5,2017-03-31,6.65,$1.28,5.18,$1.16,5.71,$0.45,14.68,$0.06,110.83,$0.04B,$0.01B,5.14,$0.00B,$0.04B,0.0,$0.04B,$0.04B,92.31%,$0.04B,$0.00B,5.13%,$0.04B,$0.00B,5.13%,$0.04B,$0.01B,12.82%,$0.04B,$0.00B,5.13%,$0.04B,$0.00B,5.13%,$0.00B,$0.04B,5.03%,$0.00B,$0.04B,5.80%,$0.00B,$0.05B,4.15%,$0.00B,$0.04B,5.03%,$11,$1,$11,$2,$6,$10,$1,$0,$1,$0,$1,$1,$1,$2,$1,$33,35,$0.04,$0.03,$36,$0,$1,$42,$0,$4,$5,$0,$10,$52,$8,$0,$1,$1,$9,$0,$-31,$-0,$43,$52,$1,$1,$2,$4,$-0,$0,$1,$1,$0,$4,$-0,$0,$0,$0,$-0,$-0,$0,$-0,$0,$0,$0,$0,$0,$0,$0,$0,$4,$2,$0
6,2016-12-31,6.15,$1.20,5.12,$1.09,5.63,$0.49,12.6,$0.05,123.0,$0.04B,$0.01B,6.8,$0.00B,$0.04B,0.0,$0.04B,$0.03B,89.19%,$0.04B,$0.00B,5.41%,$0.04B,$0.00B,5.41%,$0.04B,$0.00B,10.81%,$0.04B,$0.00B,5.41%,$0.04B,$0.00B,5.41%,$0.00B,$0.04B,5.33%,$0.00B,$0.04B,6.25%,$0.00B,$0.05B,4.37%,$0.00B,$0.04B,5.33%,$9,$1,$8,$2,$6,$10,$-1,$0,$-1,$0,$-1,$-1,$-1,$0,$-1,$32,32,$-0.02,$-0.02,$35,$0,$1,$41,$0,$0,$5,$0,$5,$47,$6,$0,$1,$1,$7,$0,$-32,$-0,$40,$47,$-1,$1,$1,$2,$-1,$0,$0,$-0,$-2,$-1,$-0,$0,$0,$0,$-2,$-2,$0,$-2,$0,$0,$0,$0,$0,$0,$0,$0,$-3,$1,$0
7,2016-09-30,8.29,$1.20,6.88,$1.04,7.93,$0.56,14.86,$0.06,138.17,$0.04B,$0.01B,4.84,$0.00B,$0.04B,0.0,$0.04B,$0.03B,88.57%,$0.04B,$0.00B,8.57%,$0.04B,$0.00B,8.57%,$0.04B,$0.00B,11.43%,$0.04B,$0.00B,8.57%,$0.04B,$0.00B,8.57%,$0.00B,$0.04B,8.51%,$0.00B,$0.03B,10.17%,$0.00B,$0.05B,6.82%,$0.00B,$0.04B,8.51%,$10,$1,$9,$2,$5,$9,$1,$0,$1,$-0,$1,$1,$1,$2,$1,$32,34,$0.03,$0.03,$34,$0,$1,$40,$0,$2,$6,$0,$8,$48,$8,$0,$0,$1,$9,$0,$-32,$-0,$39,$48,$2,$3,$4,$7,$-1,$0,$-0,$-1,$-1,$8,$-0,$0,$0,$0,$-3,$-3,$0,$-3,$-0,$0,$-0,$2,$2,$0,$0,$2,$6,$4,$0
8,2016-06-30,7.11,$1.13,6.29,$1.01,7.05,$0.52,13.56,$0.06,118.5,$0.03B,$0.01B,3.87,$0.00B,$0.04B,0.0,$0.03B,$0.03B,87.88%,$0.03B,$0.00B,9.09%,$0.03B,$0.00B,9.09%,$0.03B,$0.00B,12.12%,$0.03B,$0.00B,9.09%,$0.03B,$0.00B,9.09%,$0.00B,$0.04B,9.09%,$0.00B,$0.03B,11.11%,$0.00B,$0.05B,7.19%,$0.00B,$0.04B,9.09%,$9,$1,$8,$2,$5,$8,$1,$0,$1,$0,$1,$1,$1,$1,$1,$32,35,$0.02,$0.02,$25,$0,$1,$31,$1,$8,$6,$0,$15,$46,$8,$0,$1,$1,$9,$0,$-33,$-0,$37,$46,$1,$2,$3,$5,$-1,$0,$-0,$-0,$-1,$5,$-0,$0,$0,$0,$-4,$-4,$0,$-5,$-0,$0,$-0,$2,$2,$0,$0,$2,$2,$3,$0
9,2016-03-31,6.54,$1.04,6.26,$0.95,6.89,$0.51,12.92,$0.07,93.43,$0.03B,$0.01B,4.13,$0.00B,$0.03B,0.0,$0.03B,$0.03B,90.00%,$0.03B,$0.00B,6.67%,$0.03B,$0.00B,6.67%,$0.03B,$0.00B,13.33%,$0.03B,$0.00B,6.67%,$0.03B,$0.00B,10.00%,$0.00B,$0.03B,9.76%,$0.00B,$0.03B,12.12%,$0.00B,$0.04B,7.59%,$0.00B,$0.03B,6.50%,$9,$1,$8,$2,$5,$8,$1,$0,$1,$0,$1,$1,$1,$1,$1,$31,33,$0.02,$0.02,$28,$0,$1,$32,$1,$4,$6,$0,$11,$42,$8,$0,$1,$1,$9,$0,$-33,$-0,$34,$42,$0,$1,$2,$4,$1,$0,$0,$-0,$1,$5,$-0,$0,$0,$0,$5,$5,$0,$5,$-0,$0,$-0,$0,$0,$0,$0,$0,$10,$2,$0
10,2015-12-31,4.11,$0.98,4.17,$0.87,4.71,$0.43,9.5,$0.07,58.71,$0.03B,$0.01B,4.13,$0.00B,$0.03B,0.0,$0.03B,$0.02B,88.89%,$0.03B,$0.00B,3.70%,$0.03B,$0.00B,3.70%,$0.03B,$0.00B,14.81%,$0.03B,$0.00B,7.41%,$0.03B,$0.00B,11.11%,$0.00B,$0.03B,10.43%,$0.00B,$0.03B,12.37%,$0.00B,$0.04B,8.05%,$0.00B,$0.03B,3.48%,$7,$1,$6,$2,$5,$8,$-0,$0,$-0,$0,$-0,$-0,$-0,$0,$-0,$31,31,$-0.01,$-0.01,$25,$0,$1,$31,$1,$2,$6,$0,$9,$40,$7,$0,$1,$1,$8,$0,$-34,$-0,$31,$40,$-0,$1,$1,$2,$-0,$0,$0,$1,$-0,$1,$-0,$0,$0,$0,$1,$1,$0,$1,$-0,$0,$-0,$0,$0,$0,$0,$0,$2,$1,$0
11,2015-09-30,3.19,$0.96,3.32,$0.81,3.95,$0.43,7.39,$0.08,39.88,$0.03B,$0.01B,4.24,$0.00B,$0.03B,0.0,$0.03B,$0.02B,92.00%,$0.03B,$0.00B,4.00%,$0.03B,$0.00B,4.00%,$0.03B,$0.00B,16.00%,$0.03B,$0.00B,8.00%,$0.03B,$0.00B,12.00%,$0.00B,$0.03B,11.01%,$0.00B,$0.02B,12.37%,$0.00B,$0.04B,8.51%,$0.00B,$0.03B,3.67%,$8,$1,$7,$2,$4,$7,$1,$0,$1,$0,$1,$1,$1,$2,$1,$31,31,$0.03,$0.03,$27,$0,$1,$31,$1,$0,$6,$0,$7,$39,$7,$0,$1,$1,$8,$0,$-34,$-0,$30,$39,$3,$1,$3,$4,$-1,$0,$-0,$-0,$-1,$6,$-0,$0,$-5,$0,$-6,$-6,$0,$-11,$-0,$0,$-0,$0,$0,$0,$0,$0,$-5,$3,$0
12,2015-06-30,3.79,$0.91,4.15,$0.74,5.13,$0.15,24.53,$0.05,75.8,$0.03B,$0.01B,3.68,$0.00B,$0.03B,0.0,$0.02B,$0.02B,91.30%,$0.02B,0,0.00%,$0.02B,0,0.00%,$0.02B,$0.00B,8.70%,$0.02B,$0.00B,4.35%,$0.02B,$0.00B,8.70%,$0.00B,$0.03B,7.77%,$0.00B,$0.02B,8.25%,$0.00B,$0.04B,6.02%,$0.00B,$0.03B,0.00%,$6,$1,$6,$1,$3,$6,$0,$0,$0,$-1,$1,$1,$1,$1,$0,$31,32,$0.03,$0.03,$24,$0,$1,$29,$1,$1,$6,$0,$8,$37,$8,$0,$1,$1,$9,$0,$-34,$-0,$28,$37,$2,$1,$3,$3,$-0,$0,$0,$-0,$-1,$4,$-0,$0,$-5,$0,$-4,$-4,$0,$-9,$-0,$0,$-0,$0,$0,$0,$0,$0,$-5,$2,$0
13,2015-03-31,3.16,$0.86,3.69,$0.69,4.59,$-0.06,0.0,$-0.03,0.0,$0.03B,$0.01B,4.71,$0.00B,$0.03B,0.0,$0.02B,$0.02B,86.36%,$0.02B,$-0.00B,-9.09%,$0.02B,$-0.00B,-9.09%,$0.02B,0,0.00%,$0.02B,$-0.00B,-4.55%,$0.02B,$-0.00B,-4.55%,$-0.00B,$0.03B,-4.08%,$-0.00B,$0.03B,-4.08%,$-0.00B,$0.03B,-3.15%,$-0.00B,$0.03B,-8.16%,$6,$1,$5,$1,$3,$5,$0,$0,$1,$0,$1,$1,$1,$1,$0,$31,31,$0.02,$0.02,$26,$0,$1,$30,$1,$3,$0,$0,$4,$33,$6,$0,$1,$1,$7,$0,$-35,$-0,$26,$33,$1,$0,$2,$2,$-0,$0,$-0,$1,$-0,$3,$-0,$0,$0,$0,$-5,$-5,$0,$-5,$-0,$0,$-0,$0,$0,$0,$0,$-0,$-2,$2,$0
14,2014-12-31,3.31,$0.81,4.07,$0.65,5.05,$-0.22,0.0,$-0.12,0.0,$0.03B,$0.01B,4.79,$0.00B,$0.03B,0.0,$0.02B,$0.02B,90.00%,$0.02B,$-0.00B,-20.00%,$0.02B,$-0.00B,-20.00%,$0.02B,$-0.00B,-15.00%,$0.02B,$-0.00B,-20.00%,$0.02B,$-0.00B,-20.00%,$-0.00B,$0.03B,-16.67%,$-0.00B,$0.03B,-16.67%,$-0.00B,$0.03B,-12.70%,$-0.00B,$0.03B,-16.67%,$5,$0,$5,$1,$4,$5,$0,$0,$0,$0,$0,$0,$0,$0,$0,$31,31,$0.00,$0.00,$27,$0,$1,$31,$1,$0,$0,$0,$1,$32,$6,$0,$1,$1,$7,$0,$-36,$-0,$25,$32,$0,$0,$1,$1,$-1,$0,$-0,$1,$-0,$1,$-0,$0,$0,$0,$4,$4,$0,$4,$-0,$0,$-0,$0,$0,$0,$0,$0,$5,$1,$0
15,2014-09-30,2.41,$0.78,3.07,$0.63,3.83,$-0.30,0.0,$-0.17,0.0,$0.03B,$0.01B,4.46,$0.00B,$0.02B,0.0,$0.02B,$0.02B,89.47%,$0.02B,$-0.01B,-26.32%,$0.02B,$-0.01B,-26.32%,$0.02B,$-0.00B,-21.05%,$0.02B,$-0.01B,-26.32%,$0.02B,$-0.01B,-26.32%,$-0.01B,$0.02B,-20.83%,$-0.01B,$0.02B,-20.83%,$-0.01B,$0.03B,-15.87%,$-0.01B,$0.02B,-20.83%,$6,$1,$5,$1,$4,$6,$-0,$0,$0,$0,$0,$0,$0,$0,$-0,$30,30,$0.00,$0.00,$24,$0,$1,$28,$1,$2,$0,$0,$3,$31,$6,$0,$1,$1,$7,$0,$-36,$-0,$24,$31,$-5,$1,$3,$4,$-1,$0,$-0,$0,$-1,$-2,$-0,$0,$0,$0,$-13,$-13,$0,$-13,$-0,$0,$-0,$0,$0,$0,$0,$0,$-16,$3,$0
16,2014-06-30,3.33,$0.76,4.38,$0.61,5.49,$-0.29,0.0,$-0.22,0.0,$0.03B,$0.01B,4.05,$0.00B,$0.02B,0.0,$0.02B,$0.02B,94.12%,$0.02B,$-0.01B,-35.29%,$0.02B,$-0.01B,-35.29%,$0.02B,$-0.01B,-29.41%,$0.02B,$-0.01B,-35.29%,$0.02B,$-0.01B,-35.29%,$-0.01B,$0.02B,-24.49%,$-0.01B,$0.02B,-24.49%,$-0.01B,$0.03B,-18.75%,$-0.01B,$0.02B,-24.49%,$5,$1,$4,$2,$4,$6,$-2,$0,$-2,$0,$-2,$-2,$-2,$-1,$-2,$30,30,$-0.05,$-0.05,$25,$0,$1,$28,$1,$2,$0,$0,$3,$31,$7,$0,$1,$1,$8,$0,$-36,$0,$23,$31,$-5,$1,$3,$3,$-1,$0,$-0,$1,$-0,$-2,$-0,$0,$0,$0,$-12,$-12,$0,$-12,$-0,$0,$-0,$0,$0,$0,$0,$0,$-14,$3,$0
17,2014-03-31,3.87,$0.78,4.94,$0.60,6.48,$-0.20,0.0,$-0.25,0.0,$0.03B,$0.01B,4.6,$0.00B,$0.02B,0.0,$0.02B,$0.02B,93.75%,$0.02B,$-0.01B,-37.50%,$0.02B,$-0.01B,-37.50%,$0.02B,$-0.01B,-37.50%,$0.02B,$-0.01B,-37.50%,$0.02B,$-0.01B,-37.50%,$-0.01B,$0.02B,-24.24%,$-0.01B,$0.02B,-24.24%,$-0.01B,$0.03B,-18.60%,$-0.01B,$0.02B,-24.24%,$4,$0,$4,$2,$5,$7,$-2,$0,$-2,$0,$-2,$-2,$-2,$-2,$-2,$30,30,$-0.07,$-0.07,$26,$0,$1,$30,$2,$0,$0,$0,$2,$32,$7,$0,$1,$1,$8,$0,$-34,$0,$24,$32,$-4,$0,$2,$2,$-2,$0,$-0,$1,$-1,$-3,$-0,$0,$0,$0,$-13,$-13,$0,$-13,$-0,$0,$-0,$0,$0,$0,$0,$0,$-15,$2,$0
18,2013-12-31,5.94,$0.83,7.19,$0.57,10.4,$-0.11,0.0,$-0.27,0.0,$0.03B,$0.01B,4.43,$0.00B,$0.03B,0.0,$0.02B,$0.01B,93.33%,$0.02B,$-0.01B,-40.00%,$0.02B,$-0.01B,-40.00%,$0.02B,$-0.01B,-40.00%,$0.02B,$-0.01B,-40.00%,$0.02B,$-0.01B,-40.00%,$-0.01B,$0.03B,-27.59%,$-0.01B,$0.03B,-27.59%,$-0.01B,$0.03B,-20.87%,$-0.01B,$0.03B,-27.59%,$4,$1,$4,$2,$4,$6,$-1,$0,$-1,$-0,$-1,$-1,$-1,$-1,$-1,$30,30,$-0.05,$-0.05,$23,$0,$1,$27,$2,$4,$0,$0,$6,$32,$6,$0,$1,$1,$7,$0,$-32,$0,$25,$32,$-1,$0,$1,$1,$-1,$0,$-0,$1,$-1,$-2,$-0,$0,$0,$0,$-12,$-12,$0,$-12,$-0,$0,$-0,$0,$0,$0,$0,$0,$-13,$1,$0
19,2013-09-30,5.16,$0.85,6.09,$0.55,9.35,$-0.04,0.0,$-0.27,0.0,$0.03B,$0.01B,5.36,$0.00B,$0.03B,0.0,$0.01B,$0.01B,92.86%,$0.01B,$-0.01B,-42.86%,$0.01B,$-0.01B,-42.86%,$0.01B,$-0.01B,-42.86%,$0.01B,$-0.01B,-42.86%,$0.01B,$-0.01B,-42.86%,$-0.01B,$0.03B,-32.00%,$-0.01B,$0.03B,-32.00%,$-0.01B,$0.03B,-23.76%,$-0.01B,$0.03B,-32.00%,$4,$0,$4,$2,$4,$6,$-1,$0,$-1,$0,$-1,$-1,$-1,$-1,$-1,$27,27,$-0.04,$-0.04,$29,$0,$1,$31,$2,$0,$0,$0,$2,$33,$6,$0,$1,$1,$7,$0,$-31,$0,$26,$33,$-7,$1,$3,$3,$-0,$0,$1,$1,$3,$-1,$-1,$0,$0,$0,$2,$2,$0,$1,$-0,$0,$-0,$17,$17,$0,$0,$17,$17,$3,$0
20,2013-06-30,5.78,$0.82,7.08,$0.44,13.12,$-0.05,0.0,$-0.34,0.0,$0.03B,$0.01B,4.76,$0.00B,$0.02B,0.0,$0.01B,$0.01B,90.91%,$0.01B,$-0.01B,-72.73%,$0.01B,$-0.01B,-72.73%,$0.01B,$-0.01B,-72.73%,$0.01B,$-0.01B,-72.73%,$0.01B,$-0.01B,-72.73%,$-0.01B,$0.02B,-50.79%,$-0.01B,$0.02B,-50.79%,$-0.01B,$0.03B,-37.65%,$-0.01B,$0.02B,-50.79%,$4,$0,$3,$2,$3,$6,$-2,$0,$-2,$0,$-2,$-2,$-2,$-2,$-2,$27,27,$-0.08,$-0.08,$29,$0,$1,$31,$2,$0,$0,$0,$2,$32,$6,$0,$1,$1,$8,$0,$-29,$-0,$24,$32,$-6,$0,$2,$2,$1,$0,$2,$1,$5,$2,$-1,$0,$0,$0,$1,$1,$0,$0,$-0,$0,$-0,$15,$15,$0,$0,$15,$16,$2,$0
21,2013-03-31,4.68,$0.44,10.62,$0.42,11.12,$-0.11,0.0,$-0.34,0.0,$0.02B,$0.01B,3.12,$0.00B,$0.01B,0.0,$0.01B,$0.01B,100.00%,$0.01B,$-0.01B,-80.00%,$0.01B,$-0.01B,-80.00%,$0.01B,$-0.01B,-80.00%,$0.01B,$-0.01B,-80.00%,$0.01B,$-0.01B,-80.00%,$-0.01B,$0.01B,-58.18%,$-0.01B,$0.01B,-58.18%,$-0.01B,$0.02B,-43.84%,$-0.01B,$0.01B,-58.18%,$3,$0,$3,$2,$4,$6,$-2,$0,$-2,$-0,$-2,$-2,$-2,$-2,$-2,$26,26,$-0.09,$-0.09,$15,$0,$1,$16,$1,$0,$0,$0,$2,$18,$5,$0,$1,$1,$6,$0,$-27,$0,$12,$18,$-4,$0,$1,$2,$0,$0,$1,$1,$3,$1,$-1,$0,$0,$0,$3,$3,$0,$2,$-0,$0,$-0,$1,$1,$0,$0,$1,$3,$1,$0
22,2012-12-31,3.21,$0.50,6.48,$0.35,9.26,$-0.08,0.0,$-0.36,0.0,$0.02B,$0.01B,3.61,$0.00B,$0.01B,0.0,$0.01B,$0.01B,100.00%,$0.01B,$-0.01B,-112.50%,$0.01B,$-0.01B,-112.50%,$0.01B,$-0.01B,-112.50%,$0.01B,$-0.01B,-112.50%,$0.01B,$-0.01B,-112.50%,$-0.01B,$0.01B,-60.00%,$-0.01B,$0.01B,-60.00%,$-0.01B,$0.02B,-48.00%,$-0.01B,$0.01B,-60.00%,$3,$0,$3,$1,$3,$5,$-1,$0,$-1,$0,$-1,$-1,$-1,$-1,$-1,$26,26,$-0.05,$-0.05,$14,$0,$0,$16,$1,$1,$0,$0,$2,$18,$5,$0,$1,$1,$5,$0,$-25,$0,$13,$18,$-1,$0,$1,$1,$-1,$0,$0,$1,$1,$1,$-0,$0,$0,$0,$2,$2,$0,$2,$-0,$0,$-0,$0,$0,$0,$0,$0,$3,$1,$0
23,2012-09-30,3.23,$0.52,6.19,$0.35,9.33,$-0.06,0.0,$-0.31,0.0,$0.01B,$0.00B,4.55,$0.00B,$0.01B,0.0,$0.01B,$0.01B,88.89%,$0.01B,$-0.01B,-88.89%,$0.01B,$-0.01B,-88.89%,$0.01B,$-0.01B,-88.89%,$0.01B,$-0.01B,-88.89%,$0.01B,$-0.01B,-88.89%,$-0.01B,$0.01B,-48.48%,$-0.01B,$0.01B,-48.48%,$-0.01B,$0.02B,-41.03%,$-0.01B,$0.01B,-48.48%,$1,$0,$1,$2,$2,$4,$-3,$0,$-3,$-0,$-3,$-3,$-3,$-3,$-3,$25,25,$-0.12,$-0.12,$13,$0,$0,$14,$0,$2,$0,$0,$3,$17,$3,$0,$0,$0,$3,$0,$-23,$-0,$14,$17,$-8,$0,$3,$3,$2,$0,$0,$1,$3,$-2,$-0,$0,$0,$0,$2,$2,$0,$2,$-0,$0,$-0,$1,$1,$0,$0,$1,$1,$3,$0
24,2012-06-30,3.89,$0.61,6.36,$0.44,8.86,$0.03,143.01,$-0.20,0.0,$0.02B,$0.00B,5.07,$0.00B,$0.02B,0.0,$0.01B,$0.01B,90.91%,$0.01B,$-0.01B,-45.45%,$0.01B,$-0.01B,-45.45%,$0.01B,$-0.01B,-45.45%,$0.01B,$-0.01B,-45.45%,$0.01B,$-0.01B,-45.45%,$-0.01B,$0.02B,-28.57%,$-0.01B,$0.02B,-28.57%,$-0.01B,$0.02B,-24.69%,$-0.01B,$0.02B,-28.57%,$3,$0,$3,$2,$3,$5,$-2,$0,$-2,$0,$-2,$-2,$-2,$-2,$-2,$26,26,$-0.08,$-0.08,$15,$0,$1,$19,$0,$0,$0,$0,$1,$20,$4,$0,$0,$0,$4,$0,$-20,$-0,$16,$20,$-5,$0,$2,$2,$-0,$0,$1,$1,$1,$-1,$-0,$0,$0,$0,$1,$1,$0,$1,$-0,$0,$-0,$1,$1,$0,$0,$1,$1,$2,$0
25,2012-03-31,11.6,$0.66,17.47,$0.43,26.7,$0.08,137.28,$-0.11,0.0,$0.02B,$0.00B,6.54,$0.00B,$0.02B,0.0,$0.01B,$0.01B,90.91%,$0.01B,$-0.00B,-27.27%,$0.01B,$-0.00B,-27.27%,$0.01B,$-0.00B,-27.27%,$0.01B,$-0.00B,-27.27%,$0.01B,$-0.00B,-27.27%,$-0.00B,$0.02B,-16.67%,$-0.00B,$0.02B,-16.67%,$-0.00B,$0.02B,-14.81%,$-0.00B,$0.02B,-16.67%,$1,$0,$1,$2,$2,$4,$-3,$0,$-3,$0,$-3,$-3,$-3,$-3,$-3,$25,25,$-0.11,$-0.11,$17,$0,$1,$19,$0,$1,$0,$0,$1,$20,$3,$0,$0,$0,$3,$0,$-18,$0,$17,$20,$-3,$0,$1,$1,$2,$0,$0,$0,$2,$1,$-0,$0,$0,$0,$-1,$-1,$0,$-1,$-0,$0,$-0,$1,$1,$0,$0,$1,$1,$1,$0
26,2011-12-31,7.25,$0.76,9.49,$0.51,14.21,$0.05,132.06,$0.02,362.5,$0.02B,$0.00B,8.51,$0.00B,$0.02B,0.0,$0.01B,$0.01B,92.31%,$0.01B,$0.00B,7.69%,$0.01B,$0.00B,7.69%,$0.01B,$0.00B,7.69%,$0.01B,$0.00B,7.69%,$0.01B,$0.00B,7.69%,$0.00B,$0.02B,6.90%,$0.00B,$0.02B,6.90%,$0.00B,$0.02B,5.97%,$0.00B,$0.02B,6.90%,$4,$0,$3,$1,$2,$3,$0,$0,$0,$-0,$0,$0,$0,$0,$0,$24,28,$0.00,$0.00,$18,$0,$0,$21,$0,$0,$0,$0,$0,$21,$2,$0,$0,$0,$3,$0,$-16,$-0,$19,$21,$0,$0,$1,$1,$-0,$0,$0,$0,$1,$1,$-0,$0,$0,$0,$-0,$-0,$0,$-0,$-0,$0,$-0,$0,$0,$0,$0,$0,$1,$1,$0
27,2011-09-30,9.25,$0.75,12.37,$0.46,20.18,$0.01,633.56,$-0.02,0.0,$0.02B,$0.00B,10.78,$0.00B,$0.02B,0.0,$0.01B,$0.01B,100.00%,$0.01B,$0.00B,10.00%,$0.01B,$0.00B,10.00%,$0.01B,$0.00B,10.00%,$0.01B,0,0.00%,$0.01B,0,0.00%,$0.00B,$0.02B,0.00%,$0.00B,$0.02B,0.00%,$0.00B,$0.02B,0.00%,$0.00B,$0.02B,9.76%,$3,$0,$3,$1,$2,$3,$-0,$0,$-0,$0,$-0,$-0,$-0,$-0,$-0,$22,22,$-0.01,$0.00,$16,$0,$0,$19,$0,$0,$0,$0,$1,$20,$2,$0,$0,$0,$2,$0,$-16,$-0,$18,$20,$-0,$0,$2,$2,$-2,$0,$0,$-0,$-1,$0,$-0,$0,$0,$0,$-11,$-11,$0,$-11,$0,$0,$0,$15,$15,$0,$0,$15,$4,$1,$0
28,2011-06-30,7.2,$0.74,9.67,$0.41,17.45,$-0.04,0.0,$0.00,0.0,$0.02B,$0.00B,9.12,$0.00B,$0.02B,0.0,$0.01B,$0.01B,88.89%,$0.01B,$0.00B,11.11%,$0.01B,$0.00B,11.11%,$0.01B,$0.00B,11.11%,$0.01B,0,0.00%,$0.01B,0,0.00%,$0.00B,$0.02B,0.00%,$0.00B,$0.02B,0.00%,$0.00B,$0.02B,0.00%,$0.00B,$0.02B,16.00%,$3,$0,$3,$1,$1,$3,$0,$0,$0,$0,$0,$0,$0,$0,$0,$23,25,$0.01,$0.01,$16,$0,$0,$20,$0,$0,$0,$0,$0,$20,$2,$0,$0,$0,$2,$0,$-15,$0,$18,$20,$0,$0,$1,$1,$-2,$0,$0,$0,$-1,$0,$-0,$0,$0,$0,$-2,$-2,$0,$-3,$0,$0,$0,$15,$15,$0,$0,$15,$13,$1,$0
29,2011-03-31,4.05,$0.16,25.73,$0.34,11.83,$-0.07,0.0,$-0.05,0.0,$0.01B,$0.00B,2.13,$0.00B,$0.00B,0.0,$0.01B,$0.01B,85.71%,$0.01B,0,0.00%,$0.01B,0,0.00%,$0.01B,0,0.00%,$0.01B,$-0.00B,-14.29%,$0.01B,$-0.00B,-14.29%,$-0.00B,$0.00B,-57.14%,$-0.00B,$0.00B,-66.67%,$-0.00B,$0.01B,-25.00%,$0.00B,$0.00B,0.00%,$3,$0,$3,$1,$1,$2,$1,$0,$1,$-0,$1,$1,$1,$1,$1,$21,23,$0.03,$0.02,$2,$0,$0,$6,$0,$0,$0,$0,$0,$6,$3,$0,$0,$0,$3,$0,$-16,$0,$3,$6,$-0,$0,$1,$1,$-2,$0,$0,$1,$-1,$0,$-0,$0,$0,$0,$0,$0,$0,$-0,$0,$0,$0,$1,$1,$0,$0,$1,$1,$1,$0
30,2010-12-31,6.05,$0.12,52.56,$0.31,19.79,$-0.09,0.0,$-0.07,0.0,$0.00B,$0.00B,2.19,$0.00B,$0.00B,0.0,$0.01B,$0.00B,66.67%,$0.01B,$-0.00B,-16.67%,$0.01B,$-0.00B,-16.67%,$0.01B,$-0.00B,-16.67%,$0.01B,$-0.00B,-33.33%,$0.01B,$-0.00B,-33.33%,$-0.00B,$0.00B,-160.00%,$-0.00B,$0.00B,-266.67%,$-0.00B,$0.00B,-61.54%,$-0.00B,$0.00B,-66.67%,$1,$0,$1,$1,$1,$2,$-0,$-0,$-1,$-0,$-1,$-1,$-1,$-0,$-0,$19,19,$-0.04,$-0.04,$2,$0,$0,$4,$0,$0,$0,$0,$0,$4,$2,$0,$0,$0,$2,$0,$-16,$0,$2,$4,$-1,$0,$1,$1,$-0,$0,$0,$0,$0,$0,$-0,$0,$0,$0,$0,$0,$0,$-0,$0,$0,$0,$1,$1,$0,$0,$1,$1,$0,$0
31,2010-09-30,1.78,$0.06,31.67,$0.30,5.93,$-0.12,0.0,$-0.04,0.0,$0.00B,$0.00B,2.1,$0.00B,$0.00B,0.68,$0.01B,$0.00B,66.67%,$0.01B,$-0.00B,-16.67%,$0.01B,$-0.00B,-16.67%,$0.01B,$-0.00B,-16.67%,$0.01B,$-0.00B,-16.67%,$0.01B,$-0.00B,-16.67%,$-0.00B,$0.00B,-100.00%,$-0.00B,$0.00B,-400.00%,$-0.00B,$0.00B,-36.36%,$-0.00B,$0.00B,-80.00%,$2,$0,$1,$0,$1,$1,$0,$-0,$0,$0,$0,$0,$0,$0,$0,$17,17,$0.01,$0.01,$1,$0,$0,$3,$0,$0,$0,$0,$0,$3,$1,$1,$0,$1,$2,$0,$-15,$0,$1,$3,$-1,$0,$1,$1,$-1,$0,$-0,$-0,$-1,$-1,$-0,$0,$0,$0,$0,$0,$0,$-0,$1,$0,$1,$1,$1,$0,$0,$1,$1,$0,$0
32,2010-06-30,0.85,$0.03,27.24,$0.25,3.36,$-0.10,0.0,$-0.07,0.0,$0.00B,$0.00B,1.57,$0.00B,$0.00B,1.09,$0.01B,$0.00B,80.00%,$0.01B,$-0.00B,-20.00%,$0.01B,$-0.00B,-20.00%,$0.01B,$-0.00B,-20.00%,$0.01B,$-0.00B,-20.00%,$0.01B,$-0.00B,-20.00%,$-0.00B,$0.00B,-133.33%,$-0.00B,$0.00B,inf%,$-0.00B,$0.00B,-40.00%,$-0.00B,$0.00B,-133.33%,$1,$0,$1,$0,$1,$1,$-1,$-0,$-1,$0,$-1,$-1,$-1,$-1,$-1,$17,17,$-0.04,$-0.04,$1,$0,$0,$2,$0,$0,$0,$0,$0,$3,$1,$1,$0,$1,$2,$0,$-16,$0,$1,$3,$-1,$0,$0,$1,$-0,$0,$-0,$-0,$-0,$-0,$-0,$0,$0,$0,$0,$0,$0,$-0,$1,$0,$1,$0,$0,$0,$0,$1,$1,$0,$0
33,2010-03-31,0.6,$0.05,13.16,$0.26,2.32,$-0.12,0.0,$-0.04,0.0,$0.00B,$0.00B,1.52,$0.00B,$0.00B,0.65,$0.01B,$0.00B,80.00%,$0.01B,0,0.00%,$0.01B,0,0.00%,$0.01B,0,0.00%,$0.01B,0,0.00%,$0.01B,0,0.00%,$0.00B,$0.00B,0.00%,$0.00B,$0.00B,nan%,$0.00B,$0.00B,0.00%,$0.00B,$0.00B,0.00%,$2,$0,$1,$1,$1,$1,$0,$-0,$0,$0,$0,$0,$0,$0,$0,$17,17,$0.00,$0.00,$1,$0,$0,$3,$0,$0,$0,$0,$0,$3,$2,$0,$0,$1,$2,$0,$-15,$0,$1,$3,$-0,$0,$0,$0,$-1,$0,$0,$-0,$-0,$-0,$-0,$0,$0,$0,$0,$0,$0,$-0,$1,$0,$1,$0,$0,$0,$0,$1,$1,$0,$0
34,2009-12-31,0.84,$0.03,25.3,$0.22,3.74,$-0.13,0.0,$-0.05,0.0,$0.00B,$0.00B,1.4,$0.00B,$0.00B,0.73,$0.00B,$0.00B,100.00%,$0.00B,0,0.00%,$0.00B,0,0.00%,$0.00B,0,0.00%,$0.00B,0,0.00%,$0.00B,0,0.00%,$0.00B,$0.00B,0.00%,$0.00B,$0.00B,nan%,$0.00B,$0.00B,0.00%,$0.00B,$0.00B,0.00%,$1,$0,$1,$1,$0,$1,$-0,$-0,$-0,$-0,$-0,$-0,$-0,$-0,$-0,$17,17,$-0.01,$-0.01,$1,$0,$0,$2,$0,$0,$0,$0,$0,$2,$1,$0,$0,$0,$2,$0,$-15,$0,$1,$2,$-0,$0,$0,$0,$-0,$0,$0,$-0,$-0,$-1,$0,$0,$0,$0,$0,$0,$0,$0,$1,$0,$1,$0,$0,$0,$0,$1,$0,$0,$0
35,2009-09-30,0.98,$0.01,130.67,$0.22,4.54,$-0.12,0.0,$-0.08,0.0,$0.00B,$0.00B,0.8,$0.00B,$0.00B,0.0,$0.00B,$0.00B,100.00%,$0.00B,$-0.00B,-25.00%,$0.00B,$-0.00B,-25.00%,$0.00B,$-0.00B,-25.00%,$0.00B,$-0.00B,-25.00%,$0.00B,$-0.00B,-25.00%,$-0.00B,$0.00B,-400.00%,$-0.00B,$0.00B,inf%,$-0.00B,$0.00B,-50.00%,$-0.00B,$0.00B,-400.00%,$1,$0,$1,$0,$0,$1,$-0,$-0,$-0,$0,$-0,$-0,$-0,$-0,$-0,$17,17,$-0.02,$-0.02,$1,$0,$0,$1,$0,$0,$0,$0,$0,$2,$1,$0,$0,$0,$1,$0,$-15,$0,$0,$2,$-1,$0,$0,$0,$1,$0,$-0,$0,$1,$-1,$-0,$-0,$0,$0,$0,$0,$0,$-0,$0,$0,$0,$0,$0,$0,$0,$0,$-1,$0,$0
36,2009-06-30,0.3,$0.03,11.67,$0.23,1.31,$-0.12,0.0,$-0.08,0.0,$0.00B,$0.00B,0.99,$0.00B,$0.00B,0.0,$0.00B,$0.00B,100.00%,$0.00B,$-0.00B,-25.00%,$0.00B,$-0.00B,-25.00%,$0.00B,$-0.00B,-25.00%,$0.00B,$-0.00B,-25.00%,$0.00B,$-0.00B,-25.00%,$-0.00B,$0.00B,-200.00%,$-0.00B,$0.00B,-400.00%,$-0.00B,$0.00B,-44.44%,$-0.00B,$0.00B,-200.00%,$1,$0,$1,$0,$0,$1,$-0,$-0,$-0,$0,$-0,$-0,$-0,$-0,$-0,$17,17,$-0.01,$-0.01,$1,$0,$0,$1,$0,$0,$0,$0,$0,$2,$1,$0,$0,$0,$1,$0,$-14,$0,$0,$2,$-1,$0,$0,$0,$0,$0,$-0,$-0,$0,$-1,$-0,$-0,$0,$0,$0,$0,$0,$-0,$0,$0,$0,$0,$0,$0,$0,$0,$-1,$0,$0
37,2009-03-31,0.1,$0.03,3.4,$0.27,0.36,$-0.11,0.0,$-0.07,0.0,$0.00B,$0.00B,1.02,$0.00B,$0.00B,0.0,$0.01B,$0.00B,80.00%,$0.01B,$-0.00B,-20.00%,$0.01B,$-0.00B,-20.00%,$0.01B,$-0.00B,-20.00%,$0.01B,$-0.00B,-20.00%,$0.01B,$-0.00B,-20.00%,$-0.00B,$0.00B,-100.00%,$-0.00B,$0.00B,-200.00%,$-0.00B,$0.00B,-40.00%,$-0.00B,$0.00B,-100.00%,$1,$0,$1,$0,$1,$1,$-0,$-0,$-0,$-0,$-0,$-0,$-0,$-0,$-0,$17,17,$-0.01,$-0.01,$1,$0,$0,$2,$0,$0,$0,$0,$1,$2,$2,$0,$0,$0,$2,$0,$-14,$0,$0,$2,$-1,$0,$0,$0,$0,$0,$0,$0,$0,$-0,$-0,$-0,$0,$0,$0,$0,$0,$-0,$0,$0,$0,$0,$0,$0,$0,$0,$-1,$0,$0
38,2008-12-31,0.07,$0.04,1.69,$0.30,0.24,$-0.12,0.0,$-0.06,0.0,$0.00B,$0.00B,1.16,$0.00B,$0.00B,0.0,$0.01B,$0.00B,80.00%,$0.01B,$-0.00B,-20.00%,$0.01B,$-0.00B,-20.00%,$0.01B,$-0.00B,-20.00%,$0.01B,$-0.00B,-20.00%,$0.01B,$-0.00B,-20.00%,$-0.00B,$0.00B,-80.00%,$-0.00B,$0.00B,-133.33%,$-0.00B,$0.00B,-36.36%,$-0.00B,$0.00B,-80.00%,$1,$0,$1,$1,$1,$2,$-1,$0,$-1,$0,$-1,$-1,$-1,$-1,$-1,$17,17,$-0.04,$-0.04,$1,$0,$0,$2,$0,$0,$0,$0,$1,$2,$1,$0,$0,$0,$1,$0,$-14,$0,$1,$2,$-1,$0,$0,$0,$0,$0,$0,$-0,$0,$-0,$-0,$-0,$0,$0,$0,$0,$0,$-0,$0,$0,$0,$0,$0,$0,$0,$0,$-0,$0,$0
39,2008-09-30,0.28,$0.08,3.52,$0.31,0.9,$-0.13,0.0,$-0.04,0.0,$0.00B,$0.00B,1.66,$0.00B,$0.00B,0.0,$0.01B,$0.00B,80.00%,$0.01B,0,0.00%,$0.01B,0,0.00%,$0.01B,0,0.00%,$0.01B,0,0.00%,$0.01B,0,0.00%,$0.00B,$0.00B,0.00%,$0.00B,$0.00B,0.00%,$0.00B,$0.00B,0.00%,$0.00B,$0.00B,0.00%,$1,$0,$1,$0,$1,$1,$-0,$0,$-0,$0,$-0,$-0,$-0,$-0,$-0,$17,17,$-0.01,$-0.01,$1,$0,$0,$2,$0,$0,$0,$0,$0,$3,$1,$0,$0,$0,$1,$0,$-13,$0,$1,$3,$-1,$0,$0,$0,$-0,$0,$0,$0,$0,$-0,$-0,$-0,$0,$0,$0,$0,$0,$-0,$0,$0,$0,$0,$0,$0,$0,$0,$-1,$0,$0
40,2008-06-30,0.35,$0.09,3.72,$0.33,1.05,$-0.12,0.0,$-0.02,0.0,$0.00B,$0.00B,1.93,$0.00B,$0.00B,0.0,$0.01B,$0.00B,80.00%,$0.01B,0,0.00%,$0.01B,0,0.00%,$0.01B,0,0.00%,$0.01B,0,0.00%,$0.01B,0,0.00%,$0.00B,$0.00B,0.00%,$0.00B,$0.00B,0.00%,$0.00B,$0.00B,0.00%,$0.00B,$0.00B,0.00%,$2,$0,$1,$0,$1,$2,$0,$0,$0,$0,$0,$0,$0,$0,$0,$17,17,$0.00,$0.00,$1,$0,$0,$3,$0,$0,$0,$0,$0,$3,$2,$0,$0,$0,$2,$0,$-13,$0,$2,$3,$-0,$0,$0,$0,$-1,$0,$0,$0,$-0,$-1,$-0,$-0,$0,$0,$0,$0,$0,$-0,$0,$0,$0,$0,$0,$0,$0,$0,$-1,$0,$0
41,2008-03-31,0.25,$0.09,2.84,$0.32,0.78,$-0.11,0.0,$-0.01,0.0,$0.00B,$0.00B,2.04,$0.00B,$0.00B,0.0,$0.00B,$0.00B,100.00%,$0.00B,0,0.00%,$0.00B,0,0.00%,$0.00B,0,0.00%,$0.00B,0,0.00%,$0.00B,0,0.00%,$0.00B,$0.00B,0.00%,$0.00B,$0.00B,0.00%,$0.00B,$0.00B,0.00%,$0.00B,$0.00B,0.00%,$1,$0,$1,$1,$1,$1,$-0,$0,$-0,$-0,$-0,$-0,$-0,$-0,$-0,$17,17,$-0.01,$-0.01,$2,$0,$0,$3,$0,$0,$0,$0,$0,$3,$1,$0,$0,$0,$1,$0,$-13,$0,$1,$3,$-1,$0,$0,$0,$-1,$0,$0,$0,$-0,$-1,$-0,$0,$0,$0,$0,$0,$0,$-0,$0,$0,$0,$0,$0,$0,$0,$0,$-1,$0,$0
42,2007-12-31,0.39,$0.10,3.97,$0.32,1.21,$-0.09,0.0,$-0.02,0.0,$0.00B,$0.00B,2.83,$0.00B,$0.00B,0.0,$0.00B,$0.00B,100.00%,$0.00B,0,0.00%,$0.00B,0,0.00%,$0.00B,0,0.00%,$0.00B,0,0.00%,$0.00B,0,0.00%,$0.00B,$0.00B,0.00%,$0.00B,$0.00B,0.00%,$0.00B,$0.00B,0.00%,$0.00B,$0.00B,0.00%,$1,$0,$1,$1,$1,$2,$-0,$0,$-0,$0,$-0,$-0,$-0,$-0,$-0,$17,17,$-0.02,$-0.02,$1,$0,$0,$2,$0,$0,$0,$0,$0,$3,$1,$0,$0,$0,$1,$0,$-13,$0,$2,$3,$-0,$0,$0,$0,$-0,$0,$0,$-0,$-0,$-1,$-0,$0,$0,$0,$0,$0,$0,$-0,$0,$0,$0,$0,$0,$0,$0,$0,$-1,$0,$0
43,2007-09-30,0.55,$0.11,4.96,$0.33,1.66,$-0.04,0.0,$-0.02,0.0,$0.00B,$0.00B,2.91,$0.00B,$0.00B,0.0,$0.00B,$0.00B,100.00%,$0.00B,0,0.00%,$0.00B,0,0.00%,$0.00B,0,0.00%,$0.00B,0,0.00%,$0.00B,0,0.00%,$0.00B,$0.00B,0.00%,$0.00B,$0.00B,0.00%,$0.00B,$0.00B,0.00%,$0.00B,$0.00B,0.00%,$1,$0,$1,$0,$1,$1,$0,$0,$0,$0,$0,$0,$0,$0,$0,$17,17,$0.00,$0.00,$2,$0,$0,$3,$0,$0,$0,$0,$0,$3,$1,$0,$0,$0,$1,$0,$-13,$0,$2,$3,$-0,$0,$0,$0,$1,$0,$-1,$0,$-0,$-0,$-0,$0,$0,$0,$0,$0,$0,$-0,$0,$0,$0,$0,$0,$0,$0,$0,$-0,$0,$0
44,2007-06-30,0.66,$0.11,6.19,$0.34,1.97,$-0.04,0.0,$-0.03,0.0,$0.00B,$0.00B,2.26,$0.00B,$0.00B,0.0,$0.00B,$0.00B,100.00%,$0.00B,0,0.00%,$0.00B,0,0.00%,$0.00B,0,0.00%,$0.00B,0,0.00%,$0.00B,0,0.00%,$0.00B,$0.00B,0.00%,$0.00B,$0.00B,0.00%,$0.00B,$0.00B,0.00%,$0.00B,$0.00B,0.00%,$1,$0,$1,$0,$1,$1,$0,$0,$0,$0,$0,$0,$0,$0,$0,$17,17,$0.01,$0.01,$2,$0,$0,$3,$0,$0,$0,$0,$0,$3,$1,$0,$0,$0,$1,$0,$-13,$0,$2,$3,$-0,$0,$0,$0,$-0,$0,$-1,$0,$-0,$-0,$-0,$0,$0,$0,$0,$0,$0,$-0,$0,$0,$0,$0,$0,$0,$0,$0,$-0,$0,$0
45,2007-03-31,0.67,$0.10,6.77,$0.35,1.9,$-0.04,0.0,$-0.05,0.0,$0.00B,$0.00B,1.84,$0.00B,$0.00B,0.0,$0.01B,$0.00B,80.00%,$0.01B,0,0.00%,$0.01B,0,0.00%,$0.01B,0,0.00%,$0.01B,0,0.00%,$0.01B,0,0.00%,$0.00B,$0.00B,0.00%,$0.00B,$0.00B,0.00%,$0.00B,$0.00B,0.00%,$0.00B,$0.00B,0.00%,$1,$0,$1,$0,$1,$2,$-0,$0,$-0,$-0,$-0,$-0,$-0,$-0,$-0,$17,17,$-0.01,$-0.01,$2,$0,$0,$3,$0,$0,$0,$0,$0,$4,$2,$0,$0,$0,$2,$0,$-13,$0,$2,$4,$-1,$0,$0,$0,$-0,$0,$-0,$0,$0,$-0,$-0,$0,$0,$0,$0,$0,$0,$-0,$0,$0,$0,$0,$0,$0,$0,$0,$-0,$0,$0
46,2006-12-31,1.01,$0.11,9.56,$0.36,2.82,$-0.06,0.0,$-0.04,0.0,$0.00B,$0.00B,1.96,$0.00B,$0.00B,0.0,$0.01B,$0.00B,80.00%,$0.01B,0,0.00%,$0.01B,0,0.00%,$0.01B,0,0.00%,$0.01B,0,0.00%,$0.01B,0,0.00%,$0.00B,$0.00B,0.00%,$0.00B,$0.00B,0.00%,$0.00B,$0.00B,0.00%,$0.00B,$0.00B,0.00%,$1,$0,$1,$1,$1,$2,$-0,$-0,$-0,$0,$-0,$-0,$-0,$-0,$-0,$17,17,$-0.02,$-0.02,$2,$0,$0,$3,$0,$0,$0,$0,$0,$4,$2,$0,$0,$0,$2,$0,$-13,$0,$2,$4,$-0,$0,$0,$0,$0,$0,$0,$-0,$0,$0,$0,$0,$0,$0,$0,$0,$0,$0,$0,$0,$0,$0,$0,$0,$0,$0,$0,$0,$0
