,Date,Stock Price,Book Value per Share,Price to Book Ratio,TTM Sales per Share,Price to Sales Ratio,TTM FCF per Share,Price to FCF Ratio,TTM Net EPS,PE Ratio,Current Assets,Current Liabilities,Current Ratio,Long Term Debt,Shareholder's Equity_x,Debt to Equity Ratio,TTM Revenue_x,TTM Gross Profit,Gross Margin,TTM Revenue_y,TTM Operating Income,Operating Margin,TTM Revenue_x,TTM EBIT,EBIT Margin,TTM Revenue_y,TTM EBITDA,EBITDA Margin,TTM Revenue_x,TTM Pre-Tax Income,Pre-Tax Margin,TTM Revenue_y,TTM Net Income_x,Net Margin,TTM Net Income_y,Shareholder's Equity_y,Return on Equity,TTM Net Income_x,Tangible Equity,Return on Tangible Equity,TTM Net Income_y,Total Assets,Return on Assets,TTM Net Income,LT Investments & Debt,Return on Investment,revenue,cost-goods-sold,gross-profit,research-development-expenses,selling-general-administrative-expenses,operating-expenses,operating-income,total-non-operating-income-expense,pre-tax-income,total-provision-income-taxes,income-after-taxes,income-from-continuous-operations,net-income,ebitda,ebit,basic-shares-outstanding,shares-outstanding,eps-basic-net-earnings-per-share,eps-earnings-per-share-diluted,cash-on-hand,inventory,other-current-assets,total-current-assets,net-property-plant-equipment,long-term-investments,goodwill-intangible-assets-total,other-long-term-assets,total-long-term-assets,total-assets,total-current-liabilities,long-term-debt,other-non-current-liabilities,total-long-term-liabilities,total-liabilities,common-stock-net,retained-earnings-accumulated-deficit,comprehensive-income,total-share-holder-equity,total-liabilities-share-holders-equity,net-income-loss,total-depreciation-amortization-cash-flow,other-non-cash-items,total-non-cash-items,change-in-accounts-receivable,change-in-inventories,change-in-accounts-payable,change-in-assets-liabilities,total-change-in-assets-liabilities,cash-flow-from-operating-activities,net-change-in-property-plant-equipment,net-change-in-intangible-assets,net-acquisitions-divestitures,net-change-in-short-term-investments,net-change-in-long-term-investments,net-change-in-investments-total,investing-activities-other,cash-flow-from-investing-activities,net-long-term-debt,net-current-debt,debt-issuance-retirement-net-total,net-common-equity-issued-repurchased,net-total-equity-issued-repurchased,total-common-preferred-stock-dividends-paid,financial-activities-other,cash-flow-from-financial-activities,net-cash-flow,stock-based-compensation,common-stock-dividends-paid
0,2018-09-30,11.02,$3.26,3.38,$10.64,1.04,$1.62,6.79,$-0.11,0.0,$0.37B,$0.40B,0.94,$0.48B,$0.40B,1.19,$1.31B,$0.76B,58.16%,$1.31B,$-0.01B,-0.92%,$1.31B,$-0.01B,-0.92%,$1.31B,$0.13B,9.73%,$1.31B,$-0.02B,-1.76%,$1.31B,$-0.02B,-1.15%,$-0.02B,$0.40B,-3.98%,$-0.02B,$-0.47B,2.82%,$-0.02B,$1.46B,-0.97%,$-0.01B,$0.88B,-1.29%,$310,$129,$181,$36,$103,$305,$4,$-9,$-5,$2,$-7,$-7,$-7,$37,$4,$123,123,$-0.05,$-0.05,$45,$66,$80,$372,$47,$0,$870,$53,$1083,$1455,$396,$477,$31,$657,$1053,$1503,$-973,$-149,$402,$1455,$-12,$101,$6,$107,$0,$0,$0,$20,$20,$115,$-11,$0,$0,$0,$0,$0,$42,$31,$-51,$-94,$-145,$3,$3,$0,$0,$-142,$0,$15,$0
1,2018-06-30,10.97,$3.27,3.35,$10.15,1.08,$0.92,11.96,$-0.29,0.0,$0.40B,$0.38B,1.05,$0.53B,$0.40B,1.31,$1.24B,$0.71B,57.32%,$1.24B,$-0.03B,-2.67%,$1.24B,$-0.03B,-2.67%,$1.24B,$0.09B,6.95%,$1.24B,$-0.04B,-3.23%,$1.24B,$-0.04B,-2.83%,$-0.04B,$0.40B,-9.82%,$-0.04B,$-0.49B,6.08%,$-0.04B,$1.49B,-2.20%,$-0.03B,$0.93B,-3.51%,$325,$131,$194,$38,$111,$322,$3,$12,$16,$0,$15,$15,$15,$37,$3,$122,127,$0.13,$0.12,$39,$67,$87,$397,$50,$0,$896,$30,$1095,$1492,$379,$526,$32,$711,$1090,$1497,$-966,$-150,$402,$1492,$-6,$69,$-7,$61,$0,$0,$0,$5,$5,$61,$-9,$0,$0,$0,$0,$0,$42,$33,$-50,$-48,$-98,$3,$3,$0,$0,$-96,$-6,$10,$0
2,2018-03-31,9.28,$2.96,3.14,$9.55,0.97,$0.45,20.64,$-0.41,0.0,$0.44B,$0.41B,1.06,$0.59B,$0.36B,1.63,$1.15B,$0.64B,55.78%,$1.15B,$-0.03B,-2.95%,$1.15B,$-0.03B,-2.95%,$1.15B,$0.06B,5.56%,$1.15B,$-0.06B,-5.04%,$1.15B,$-0.05B,-4.34%,$-0.05B,$0.36B,-14.74%,$-0.05B,$-0.56B,10.48%,$-0.05B,$1.59B,-3.35%,$-0.03B,$0.94B,-3.98%,$314,$134,$180,$37,$116,$322,$-8,$-9,$-17,$4,$-21,$-21,$-21,$27,$-8,$120,120,$-0.17,$-0.17,$43,$74,$114,$435,$52,$0,$923,$55,$1153,$1588,$412,$585,$45,$818,$1230,$1471,$-982,$-170,$359,$1588,$-21,$34,$8,$42,$0,$0,$0,$8,$8,$30,$-3,$0,$0,$0,$0,$0,$0,$-3,$-4,$-23,$-27,$1,$1,$0,$0,$-26,$-2,$4,$0
3,2017-12-31,8.23,$2.88,2.86,$8.77,0.94,$0.28,29.02,$-0.41,0.0,$0.45B,$0.44B,1.03,$0.61B,$0.35B,1.77,$1.06B,$0.58B,54.62%,$1.06B,$-0.03B,-3.02%,$1.06B,$-0.03B,-3.02%,$1.06B,$0.04B,4.15%,$1.06B,$-0.07B,-6.42%,$1.06B,$-0.05B,-4.72%,$-0.05B,$0.35B,-14.71%,$-0.05B,$-0.60B,14.08%,$-0.05B,$1.63B,-3.65%,$-0.03B,$0.96B,-4.18%,$356,$152,$204,$37,$121,$366,$-11,$-7,$-17,$-16,$-2,$-2,$-2,$26,$-11,$121,121,$-0.01,$-0.01,$41,$80,$108,$451,$53,$0,$950,$49,$1179,$1631,$439,$612,$45,$846,$1285,$1466,$-991,$-169,$346,$1631,$-50,$76,$1,$77,$0,$0,$0,$10,$10,$37,$-19,$0,$-411,$0,$0,$0,$337,$-93,$-156,$190,$34,$-25,$-25,$0,$-16,$-7,$-58,$14,$0
4,2017-09-30,8.39,$2.65,3.16,$7.89,1.06,$0.80,10.55,$-2.06,0.0,$0.47B,$0.46B,1.0,$0.62B,$0.32B,1.94,$0.96B,$0.52B,53.42%,$0.96B,$-0.01B,-0.83%,$0.96B,$-0.01B,-0.83%,$0.96B,$0.27B,27.80%,$0.96B,$-0.04B,-4.36%,$0.96B,$-0.26B,-26.66%,$-0.26B,$0.32B,-73.59%,$-0.26B,$-0.64B,116.82%,$-0.26B,$1.65B,-19.03%,$-0.01B,$0.93B,-1.06%,$242,$110,$131,$23,$82,$259,$-17,$-5,$-22,$5,$-27,$-27,$-27,$-4,$-17,$119,119,$-0.23,$-0.23,$55,$107,$82,$465,$55,$0,$960,$31,$1182,$1646,$464,$616,$31,$864,$1328,$1462,$-989,$-194,$318,$1646,$-48,$39,$14,$53,$0,$0,$0,$25,$25,$30,$-13,$0,$-401,$0,$0,$0,$337,$-77,$-152,$190,$38,$-26,$-26,$0,$-16,$-4,$-46,$11,$0
5,2017-06-30,7.35,$2.83,2.6,$7.72,0.95,$1.06,6.97,$-1.63,0.0,$0.41B,$0.30B,1.35,$0.25B,$0.33B,0.74,$0.96B,$0.51B,53.19%,$0.96B,$0.06B,6.06%,$0.96B,$0.06B,6.06%,$0.96B,$0.35B,36.26%,$0.96B,$0.03B,2.72%,$0.96B,$-0.21B,-21.42%,$-0.21B,$0.33B,-50.12%,$-0.21B,$-0.10B,121.66%,$-0.21B,$1.11B,-14.86%,$0.06B,$0.58B,7.20%,$239,$111,$127,$23,$85,$237,$2,$-4,$-2,$-2,$-0,$-0,$-0,$15,$2,$122,122,$-0.00,$-0.00,$51,$89,$65,$410,$36,$0,$432,$23,$695,$1105,$304,$246,$25,$467,$770,$1376,$-963,$-193,$334,$1105,$-21,$26,$1,$27,$0,$0,$0,$-4,$-4,$2,$-9,$0,$0,$0,$0,$0,$337,$328,$-447,$103,$-344,$-34,$-34,$0,$-7,$-384,$-51,$8,$0
6,2017-03-31,6.93,$2.95,2.35,$7.90,0.88,$1.32,5.25,$-1.72,0.0,$0.39B,$0.29B,1.38,$0.23B,$0.36B,0.62,$0.98B,$0.53B,53.68%,$0.98B,$0.05B,5.42%,$0.98B,$0.05B,5.42%,$0.98B,$0.35B,36.20%,$0.98B,$0.02B,2.25%,$0.98B,$-0.22B,-22.09%,$-0.22B,$0.36B,-46.25%,$-0.22B,$-0.08B,84.54%,$-0.22B,$1.09B,-13.96%,$0.05B,$0.59B,5.58%,$223,$106,$117,$23,$80,$229,$-6,$-21,$-27,$-7,$-20,$-20,$-21,$7,$-6,$122,122,$-0.17,$-0.17,$57,$78,$81,$394,$36,$0,$438,$22,$697,$1091,$286,$225,$25,$444,$729,$1429,$-963,$-195,$362,$1091,$-21,$13,$-0,$13,$0,$0,$0,$19,$19,$11,$-4,$0,$0,$0,$0,$0,$320,$316,$-444,$78,$-366,$0,$0,$0,$-7,$-372,$-46,$3,$0
7,2016-12-31,6.8,$3.14,2.17,$8.01,0.85,$1.53,4.44,$-1.74,0.0,$0.54B,$0.39B,1.41,$0.55B,$0.38B,1.43,$0.99B,$0.53B,53.85%,$0.99B,$0.05B,5.16%,$0.99B,$0.05B,5.16%,$0.99B,$0.36B,36.84%,$0.99B,$0.03B,3.44%,$0.99B,$-0.22B,-21.96%,$-0.22B,$0.38B,-41.49%,$-0.22B,$-0.06B,62.45%,$-0.22B,$1.56B,-12.60%,$0.05B,$0.93B,4.63%,$260,$120,$140,$22,$84,$247,$13,$-3,$9,$-5,$14,$14,$-209,$250,$13,$122,126,$-1.72,$-1.65,$97,$75,$179,$543,$39,$0,$447,$340,$1018,$1561,$386,$547,$51,$793,$1179,$1482,$-947,$-192,$383,$1561,$-217,$314,$-0,$313,$0,$0,$0,$4,$4,$100,$-17,$0,$0,$0,$0,$0,$0,$-17,$-71,$0,$-71,$2,$2,$0,$0,$-69,$9,$17,$0
8,2016-09-30,7.36,$4.57,1.61,$7.72,0.95,$1.20,6.13,$-0.13,0.0,$0.52B,$0.36B,1.46,$0.57B,$0.56B,1.02,$0.94B,$0.50B,53.73%,$0.94B,$0.08B,8.42%,$0.94B,$0.08B,8.42%,$0.94B,$0.18B,19.30%,$0.94B,$0.07B,7.57%,$0.94B,$-0.01B,-1.49%,$-0.01B,$0.56B,-2.42%,$-0.01B,$-0.44B,4.66%,$-0.01B,$1.76B,-0.78%,$0.08B,$1.13B,6.71%,$235,$110,$125,$23,$83,$186,$49,$-3,$46,$12,$34,$34,$25,$75,$49,$122,126,$0.21,$0.20,$73,$95,$92,$521,$54,$0,$993,$12,$1239,$1760,$357,$569,$32,$846,$1203,$1425,$-727,$-233,$557,$1760,$-8,$76,$7,$83,$0,$0,$0,$-12,$-12,$63,$-12,$0,$0,$0,$0,$0,$0,$-12,$-70,$0,$-70,$2,$2,$0,$0,$-68,$-18,$13,$0
9,2016-06-30,6.29,$4.66,1.35,$8.27,0.76,$1.01,6.23,$-0.40,0.0,$0.51B,$0.38B,1.35,$0.59B,$0.57B,1.04,$0.99B,$0.53B,53.52%,$0.99B,$0.02B,2.01%,$0.99B,$0.02B,2.01%,$0.99B,$0.13B,12.58%,$0.99B,$0.00B,0.40%,$0.99B,$-0.05B,-4.73%,$-0.05B,$0.57B,-7.98%,$-0.05B,$-0.45B,15.26%,$-0.05B,$1.78B,-2.58%,$0.02B,$1.16B,1.66%,$260,$117,$143,$27,$88,$263,$-3,$-3,$-6,$-5,$-1,$-1,$-11,$22,$-3,$121,121,$-0.09,$-0.09,$61,$92,$87,$507,$53,$0,$1012,$11,$1268,$1775,$377,$591,$34,$832,$1209,$1422,$-753,$-194,$566,$1775,$-33,$50,$-11,$39,$0,$0,$0,$27,$27,$33,$-7,$0,$0,$0,$0,$0,$0,$-7,$-56,$0,$-56,$2,$2,$0,$0,$-55,$-30,$8,$0
10,2016-03-31,8.18,$4.84,1.69,$8.56,0.96,$0.90,9.05,$-0.41,0.0,$0.51B,$0.36B,1.41,$0.60B,$0.59B,1.03,$1.01B,$0.54B,53.31%,$1.01B,$0.01B,1.29%,$1.01B,$0.01B,1.29%,$1.01B,$0.12B,11.77%,$1.01B,$-0.01B,-1.09%,$1.01B,$-0.05B,-4.75%,$-0.05B,$0.59B,-8.04%,$-0.05B,$-0.44B,15.14%,$-0.05B,$1.79B,-2.59%,$0.01B,$1.19B,1.06%,$233,$109,$124,$25,$85,$241,$-8,$-7,$-15,$-3,$-12,$-12,$-22,$17,$-8,$121,121,$-0.19,$-0.19,$83,$90,$83,$512,$55,$0,$1030,$10,$1282,$1794,$364,$603,$36,$844,$1208,$1417,$-742,$-179,$586,$1794,$-22,$25,$-6,$19,$0,$0,$0,$40,$40,$37,$-5,$0,$0,$0,$0,$0,$0,$-5,$-41,$0,$-41,$0,$0,$0,$0,$-41,$-8,$4,$0
11,2015-12-31,7.69,$5.01,1.54,$9.00,0.85,$0.83,9.25,$-0.17,0.0,$0.55B,$0.37B,1.48,$0.63B,$0.61B,1.05,$1.03B,$0.55B,53.12%,$1.03B,$0.02B,1.56%,$1.03B,$0.02B,1.56%,$1.03B,$0.12B,11.31%,$1.03B,$0.01B,0.88%,$1.03B,$-0.02B,-2.05%,$-0.02B,$0.61B,-3.80%,$-0.02B,$0.12B,9.14%,$-0.02B,$1.86B,-1.23%,$0.02B,$1.24B,1.45%,$210,$98,$112,$6,$63,$169,$41,$5,$46,$25,$21,$21,$-6,$67,$41,$114,118,$-0.06,$-0.06,$82,$87,$161,$553,$44,$0,$481,$589,$1304,$1857,$373,$634,$64,$878,$1252,$1414,$-729,$-168,$605,$1857,$-21,$99,$1,$100,$0,$0,$0,$-25,$-25,$55,$-16,$0,$-347,$0,$0,$0,$0,$-363,$308,$0,$308,$4,$4,$0,$-20,$293,$-20,$13,$0
12,2015-09-30,6.45,$4.97,1.3,$10.37,0.62,$1.12,5.74,$-0.02,0.0,$0.59B,$0.37B,1.6,$0.64B,$0.60B,1.06,$1.12B,$0.60B,53.63%,$1.12B,$-0.01B,-0.72%,$1.12B,$-0.01B,-0.72%,$1.12B,$0.09B,7.70%,$1.12B,$-0.02B,-2.15%,$1.12B,$-0.00B,-0.36%,$-0.00B,$0.60B,-0.78%,$-0.00B,$-0.47B,1.44%,$-0.00B,$1.86B,-0.26%,$-0.01B,$1.23B,-0.82%,$291,$138,$153,$35,$95,$301,$-10,$-11,$-21,$-13,$-8,$-8,$-8,$19,$-10,$120,120,$-0.07,$-0.07,$83,$111,$83,$591,$55,$0,$1064,$11,$1270,$1861,$370,$635,$35,$893,$1263,$1411,$-713,$-185,$598,$1861,$-14,$73,$-10,$64,$0,$0,$0,$-13,$-13,$37,$-11,$0,$-344,$0,$0,$0,$0,$-355,$311,$0,$311,$2,$2,$0,$-20,$294,$-28,$9,$0
13,2015-06-30,8.83,$4.98,1.77,$10.69,0.83,$1.55,5.71,0,0.0,$0.61B,$0.40B,1.53,$0.64B,$0.60B,1.07,$1.10B,$0.59B,53.64%,$1.10B,$-0.02B,-1.64%,$1.10B,$-0.02B,-1.64%,$1.10B,$0.07B,6.01%,$1.10B,$-0.03B,-2.37%,$1.10B,$-0.00B,-0.09%,$-0.00B,$0.60B,-0.21%,$-0.00B,$-0.48B,0.57%,$-0.00B,$1.89B,-0.07%,$-0.02B,$1.24B,-2.08%,$277,$127,$150,$34,$92,$287,$-10,$-11,$-21,$-9,$-12,$-12,$-12,$16,$-10,$114,114,$-0.10,$-0.10,$76,$110,$84,$607,$57,$0,$1080,$12,$1287,$1894,$398,$638,$38,$898,$1296,$1409,$-705,$-189,$598,$1894,$-6,$45,$-2,$43,$0,$0,$0,$-17,$-17,$19,$-7,$0,$-344,$0,$0,$0,$0,$-351,$315,$0,$315,$1,$1,$0,$-17,$299,$-35,$5,$0
14,2015-03-31,10.17,$4.06,2.5,$11.04,0.92,$1.88,5.42,$0.11,92.45,$0.49B,$0.27B,1.82,$0.29B,$0.41B,0.7,$1.11B,$0.59B,53.24%,$1.11B,$-0.01B,-0.45%,$1.11B,$-0.01B,-0.45%,$1.11B,$0.07B,6.58%,$1.11B,$-0.01B,-0.54%,$1.11B,$0.01B,1.08%,$0.01B,$0.41B,2.65%,$0.01B,$-0.10B,-17.65%,$0.01B,$1.20B,0.95%,$-0.01B,$0.69B,-0.66%,$248,$118,$130,$27,$82,$253,$-5,$10,$5,$-0,$5,$5,$5,$14,$-5,$100,105,$0.05,$0.05,$101,$94,$46,$487,$47,$0,$502,$15,$711,$1198,$267,$285,$28,$524,$791,$1218,$-693,$-196,$407,$1198,$5,$19,$1,$20,$0,$0,$0,$-4,$-4,$21,$-1,$0,$0,$0,$0,$0,$0,$-1,$-27,$0,$-27,$1,$1,$0,$0,$-26,$-11,$2,$0
15,2014-12-31,10.69,$4.47,2.39,$11.56,0.92,$1.97,5.43,$-0.09,0.0,$0.51B,$0.30B,1.7,$0.30B,$0.45B,0.68,$1.10B,$0.59B,53.44%,$1.10B,$0.00B,0.18%,$1.10B,$0.00B,0.18%,$1.10B,$0.08B,6.97%,$1.10B,$-0.03B,-2.72%,$1.10B,$-0.01B,-0.63%,$-0.01B,$0.45B,-1.48%,$-0.01B,$-0.07B,12.17%,$-0.01B,$1.27B,-0.54%,$0.00B,$0.75B,0.25%,$301,$135,$166,$30,$89,$285,$17,$-3,$13,$3,$11,$11,$11,$37,$17,$96,96,$0.12,$0.12,$111,$88,$53,$508,$51,$0,$516,$12,$763,$1272,$299,$304,$34,$525,$824,$1216,$-699,$-147,$448,$1272,$-7,$76,$-11,$65,$0,$0,$0,$15,$15,$73,$-14,$0,$-8,$0,$0,$0,$0,$-22,$37,$0,$37,$7,$7,$0,$-15,$28,$71,$6,$0
16,2014-09-30,9.15,$4.67,1.96,$8.41,1.09,$1.35,6.77,$-0.24,0.0,$0.53B,$0.30B,1.75,$0.31B,$0.47B,0.67,$0.95B,$0.51B,53.59%,$0.95B,$-0.01B,-1.05%,$0.95B,$-0.01B,-1.05%,$0.95B,$0.04B,4.32%,$0.95B,$-0.05B,-4.75%,$0.95B,$-0.02B,-2.22%,$-0.02B,$0.47B,-5.37%,$-0.02B,$-0.06B,34.71%,$-0.02B,$1.27B,-1.86%,$-0.01B,$0.78B,-1.41%,$272,$130,$143,$30,$87,$293,$-20,$-3,$-23,$-18,$-5,$-5,$-5,$-1,$-20,$100,100,$-0.05,$-0.05,$120,$93,$62,$531,$50,$0,$524,$19,$741,$1271,$304,$311,$28,$501,$805,$1215,$-709,$-115,$467,$1271,$-18,$56,$-5,$51,$0,$0,$0,$41,$41,$73,$-10,$0,$-8,$0,$0,$0,$0,$-18,$38,$0,$38,$6,$6,$0,$-15,$29,$80,$5,$0
17,2014-06-30,10.54,$4.89,2.15,$8.23,1.28,$1.19,8.88,$-0.19,0.0,$0.56B,$0.29B,1.9,$0.34B,$0.49B,0.69,$0.82B,$0.45B,54.69%,$0.82B,$0.02B,2.31%,$0.82B,$0.02B,2.31%,$0.82B,$0.06B,7.55%,$0.82B,$-0.02B,-2.31%,$0.82B,$-0.01B,-1.34%,$-0.01B,$0.49B,-3.65%,$-0.01B,$-0.05B,15.83%,$-0.01B,$1.31B,-1.13%,$0.02B,$0.82B,3.13%,$289,$137,$152,$32,$92,$286,$3,$-5,$-1,$-2,$1,$1,$1,$23,$3,$99,104,$0.01,$0.01,$134,$89,$54,$557,$52,$0,$537,$19,$751,$1308,$294,$336,$31,$528,$822,$1212,$-704,$-97,$486,$1308,$-13,$36,$8,$44,$0,$0,$0,$21,$21,$53,$-8,$0,$-6,$0,$0,$0,$0,$-14,$65,$0,$65,$4,$4,$0,$-15,$54,$94,$3,$0
18,2014-03-31,10.59,$4.99,2.12,$7.95,1.33,$1.50,7.07,$-0.10,0.0,$0.56B,$0.29B,1.95,$0.36B,$0.49B,0.72,$0.67B,$0.38B,56.37%,$0.67B,$0.02B,2.70%,$0.67B,$0.02B,2.70%,$0.67B,$0.05B,7.65%,$0.67B,$-0.02B,-3.30%,$0.67B,$-0.01B,-1.95%,$-0.01B,$0.49B,-7.23%,$-0.01B,$-0.05B,22.91%,$-0.01B,$1.33B,-2.00%,$0.02B,$0.85B,4.47%,$242,$112,$129,$26,$77,$240,$2,$-21,$-19,$-5,$-14,$-14,$-14,$18,$2,$84,84,$-0.16,$-0.16,$136,$93,$55,$558,$53,$0,$546,$20,$768,$1326,$286,$357,$34,$546,$832,$1209,$-705,$-85,$493,$1326,$-14,$16,$11,$27,$0,$0,$0,$14,$14,$27,$-3,$0,$-6,$0,$0,$0,$0,$-9,$91,$0,$91,$2,$2,$0,$-15,$77,$96,$1,$0
19,2013-12-31,10.09,$2.18,4.64,$7.70,1.31,$1.44,7.01,$0.05,201.8,$0.24B,$0.13B,1.88,$0.26B,$0.12B,2.23,$0.57B,$0.33B,57.67%,$0.57B,$0.02B,3.70%,$0.57B,$0.02B,3.70%,$0.57B,$0.05B,8.47%,$0.57B,$-0.01B,-0.88%,$0.57B,$-0.00B,-0.53%,$-0.00B,$0.12B,-3.53%,$-0.00B,$-0.08B,4.48%,$-0.00B,$0.62B,-0.63%,$0.02B,$0.38B,7.28%,$145,$61,$84,$15,$51,$140,$5,$-7,$-2,$1,$-3,$-3,$-3,$1,$5,$0,0,$0.00,$0.00,$40,$37,$27,$239,$29,$0,$198,$15,$381,$621,$128,$264,$22,$375,$502,$815,$-691,$-80,$118,$621,$-6,$26,$-17,$9,$0,$0,$0,$15,$15,$18,$-3,$0,$-23,$0,$0,$0,$0,$-26,$-25,$0,$-25,$3,$3,$0,$0,$-22,$-29,$3,$0
20,2013-10-31,5.96,$2.00,2.97,$10.30,0.58,$1.99,3.0,$0.03,198.67,$0.27B,$0.15B,1.8,$0.27B,$0.11B,2.48,$0.57B,$0.32B,56.94%,$0.57B,$0.02B,4.22%,$0.57B,$0.02B,4.22%,$0.57B,$0.06B,11.25%,$0.57B,$-0.00B,-0.18%,$0.57B,$0.00B,0.53%,$0.00B,$0.11B,5.41%,$0.00B,$-0.09B,-6.38%,$0.00B,$0.65B,0.93%,$0.02B,$0.38B,12.45%,$145,$61,$84,$15,$56,$136,$9,$-6,$3,$-3,$5,$5,$5,$20,$9,$54,57,$0.10,$0.10,$71,$24,$31,$272,$29,$0,$202,$16,$382,$654,$151,$268,$23,$395,$546,$812,$-684,$-94,$108,$654,$2,$19,$-6,$13,$0,$0,$0,$14,$14,$29,$-3,$0,$-23,$0,$0,$0,$0,$-26,$-4,$0,$-4,$1,$1,$0,$0,$-3,$2,$2,$0
21,2013-09-30,5.97,$0.00,0.0,$7.75,0.77,$1.52,3.93,$0.03,199.0,$0.00B,$0.00B,0.0,$0.00B,$0.00B,0.0,$0.42B,$0.24B,56.60%,$0.42B,$0.02B,3.54%,$0.42B,$0.02B,3.54%,$0.42B,$0.04B,10.38%,$0.42B,$-0.00B,-0.94%,$0.42B,$-0.00B,-0.47%,$-0.00B,$0.00B,-4.04%,$-0.00B,$0.00B,4.02%,$-0.00B,$0.00B,-0.62%,$0.02B,$0.00B,7.88%,$135,$56,$79,$14,$49,$133,$2,$-7,$-4,$-3,$-1,$-1,$-1,$12,$2,$54,54,$-0.03,$-0.03,$0,$0,$0,$0,$0,$0,$0,$0,$0,$0,$0,$0,$0,$0,$0,$0,$0,$0,$0,$0,$-0,$30,$5,$35,$0,$0,$0,$11,$11,$45,$-5,$0,$-23,$0,$0,$0,$0,$-28,$-32,$0,$-32,$1,$1,$0,$-9,$-40,$-23,$3,$0
22,2013-07-31,4.85,$2.12,2.28,$7.79,0.62,$0.92,5.28,$0.07,69.29,$0.26B,$0.13B,1.93,$0.28B,$0.11B,2.46,$0.43B,$0.24B,56.02%,$0.43B,$0.02B,5.56%,$0.43B,$0.02B,5.56%,$0.43B,$0.05B,12.50%,$0.43B,$0.00B,0.69%,$0.43B,$-0.00B,-0.69%,$-0.00B,$0.11B,-6.06%,$-0.00B,$-0.09B,6.03%,$-0.00B,$0.64B,-0.92%,$0.02B,$0.40B,12.61%,$142,$61,$80,$14,$56,$137,$5,$-7,$-2,$1,$-4,$-4,$-4,$15,$5,$54,54,$-0.07,$-0.07,$55,$26,$32,$256,$30,$0,$209,$15,$387,$643,$133,$281,$23,$395,$528,$811,$-690,$-81,$114,$643,$-4,$9,$1,$10,$0,$0,$0,$7,$7,$13,$-1,$0,$-23,$0,$0,$0,$0,$-24,$-2,$0,$-2,$0,$0,$0,$0,$-2,$-14,$1,$0
23,2013-06-30,3.84,$0.00,0.0,$7.68,0.5,$0.96,4.02,$0.07,54.86,$0.00B,$0.00B,0.0,$0.00B,$0.00B,0.0,$0.43B,$0.24B,55.79%,$0.43B,$0.02B,5.56%,$0.43B,$0.02B,5.56%,$0.43B,$0.05B,12.50%,$0.43B,$0.01B,1.16%,$0.43B,$0.00B,0.69%,$0.00B,$0.00B,7.36%,$0.00B,$0.00B,-5.45%,$0.00B,$0.00B,0.89%,$0.02B,$0.00B,12.78%,$147,$66,$81,$14,$51,$138,$8,$-7,$2,$-1,$3,$3,$3,$17,$8,$54,56,$0.05,$0.05,$0,$0,$0,$0,$0,$0,$0,$0,$0,$0,$0,$0,$0,$0,$0,$0,$0,$0,$0,$0,$1,$20,$10,$30,$0,$0,$0,$4,$4,$35,$-4,$0,$-23,$0,$0,$0,$0,$-27,$-30,$0,$-30,$0,$0,$0,$-9,$-39,$-33,$2,$0
24,2013-04-30,3.5,$0.00,0.0,$7.78,0.45,$0.63,5.58,$0.14,25.0,$0.29B,$0.14B,2.04,$0.28B,$0.08B,3.35,$0.43B,$0.24B,56.15%,$0.43B,$0.02B,4.64%,$0.43B,$0.02B,4.64%,$0.43B,$0.06B,13.46%,$0.43B,$0.00B,0.70%,$0.43B,$-0.00B,-0.46%,$-0.00B,$0.08B,-3.11%,$-0.00B,$-0.11B,2.46%,$-0.00B,$0.66B,-0.40%,$0.02B,$0.37B,6.97%,$0,$0,$0,$0,$0,$0,$0,$0,$0,$0,$0,$0,$0,$0,$0,$0,0,$0.00,$0.00,$69,$28,$32,$285,$30,$0,$189,$15,$372,$656,$140,$282,$22,$432,$572,$810,$-686,$-114,$84,$656,$0,$0,$0,$0,$0,$0,$0,$0,$0,$0,$0,$0,$0,$0,$0,$0,$0,$0,$0,$0,$0,$0,$0,$0,$0,$0,$0,$0,$0
25,2013-03-31,3.9,$0.00,0.0,$10.37,0.38,$0.63,6.24,$0.14,27.86,$0.00B,$0.00B,0.0,$0.00B,$0.00B,0.0,$0.57B,$0.32B,55.61%,$0.57B,$0.02B,3.51%,$0.57B,$0.02B,3.51%,$0.57B,$0.06B,10.18%,$0.57B,$-0.00B,-0.35%,$0.57B,$-0.00B,-0.70%,$-0.00B,$0.00B,-6.06%,$-0.00B,$0.00B,4.78%,$-0.00B,$0.00B,-0.79%,$0.02B,$0.00B,6.77%,$143,$62,$81,$14,$55,$132,$11,$-8,$3,$2,$1,$1,$-2,$22,$11,$54,56,$-0.03,$-0.03,$0,$0,$0,$0,$0,$0,$0,$0,$0,$0,$0,$0,$0,$0,$0,$0,$0,$0,$0,$0,$-2,$11,$6,$16,$0,$0,$0,$-5,$-5,$10,$-2,$0,$0,$0,$0,$0,$0,$-2,$-29,$0,$-29,$0,$0,$0,$-9,$-37,$-31,$1,$0
26,2013-01-31,3.63,$1.47,2.47,$7.82,0.46,$0.48,7.54,0,0.0,$0.32B,$0.15B,2.08,$0.31B,$0.08B,3.88,$0.43B,$0.24B,55.27%,$0.43B,$0.01B,2.11%,$0.43B,$0.01B,2.11%,$0.43B,$0.04B,8.43%,$0.43B,$-0.01B,-1.17%,$0.43B,$-0.00B,-0.47%,$-0.00B,$0.08B,-2.26%,$-0.00B,$-0.12B,1.75%,$-0.00B,$0.69B,-0.29%,$0.01B,$0.39B,2.28%,$142,$63,$79,$14,$53,$138,$5,$-4,$0,$-5,$5,$5,$2,$15,$5,$54,56,$0.04,$0.04,$101,$33,$35,$318,$31,$0,$194,$8,$372,$689,$152,$306,$24,$458,$610,$810,$-694,$-109,$79,$689,$2,$11,$-9,$2,$0,$0,$0,$13,$13,$17,$-3,$0,$0,$0,$0,$0,$0,$-3,$-1,$0,$-1,$0,$0,$0,$0,$-1,$13,$1,$0
27,2012-10-31,2.55,$1.76,1.45,$7.98,0.32,$0.40,6.41,0,0.0,$0.30B,$0.14B,2.12,$0.30B,$0.09B,3.2,$0.44B,$0.24B,54.82%,$0.44B,$0.01B,2.98%,$0.44B,$0.01B,2.98%,$0.44B,$0.05B,10.78%,$0.44B,$-0.00B,-0.23%,$0.44B,$0.00B,0.23%,$0.00B,$0.09B,1.32%,$0.00B,$-0.11B,-0.76%,$0.00B,$0.68B,0.15%,$0.01B,$0.40B,3.41%,$146,$64,$82,$14,$54,$142,$4,$-4,$-0,$1,$-2,$-2,$-2,$21,$4,$54,54,$-0.04,$-0.04,$87,$30,$34,$299,$30,$0,$200,$10,$377,$676,$141,$303,$25,$440,$582,$810,$-696,$-91,$94,$676,$-4,$18,$-8,$10,$0,$0,$0,$14,$14,$20,$-8,$0,$0,$0,$0,$0,$0,$-8,$-4,$0,$-4,$0,$0,$0,$0,$-3,$9,$2,$0
28,2012-07-31,4.39,$1.69,2.59,$8.15,0.54,$0.36,12.28,0,0.0,$0.29B,$0.13B,2.23,$0.31B,$0.09B,3.39,$0.45B,$0.24B,53.71%,$0.45B,$0.01B,2.70%,$0.45B,$0.01B,2.70%,$0.45B,$0.05B,12.13%,$0.45B,$-0.00B,-0.67%,$0.45B,$0.00B,0.45%,$0.00B,$0.09B,3.14%,$0.00B,$-0.12B,-1.33%,$0.00B,$0.67B,0.30%,$0.01B,$0.40B,3.27%,$139,$63,$75,$15,$58,$138,$0,$-5,$-5,$-3,$-2,$-2,$-2,$0,$0,$54,54,$-0.04,$-0.04,$78,$30,$38,$286,$24,$0,$206,$11,$383,$669,$128,$309,$23,$450,$578,$810,$-694,$-95,$91,$669,$-2,$9,$-6,$3,$0,$0,$0,$3,$3,$3,$-4,$0,$0,$0,$0,$0,$0,$-4,$-1,$0,$-1,$0,$0,$0,$0,$-0,$-1,$1,$0
29,2012-04-30,4.75,$0.00,0.0,$8.36,0.57,$0.54,8.74,0,0.0,$0.30B,$0.14B,2.13,$0.31B,$0.09B,3.42,$0.46B,$0.24B,53.19%,$0.46B,$0.01B,3.08%,$0.46B,$0.01B,3.08%,$0.46B,$0.06B,12.31%,$0.46B,$-0.00B,-0.22%,$0.46B,$0.00B,0.22%,$0.00B,$0.09B,1.92%,$0.00B,$-0.12B,-0.59%,$0.00B,$0.69B,0.15%,$0.01B,$0.40B,3.94%,$0,$0,$0,$0,$0,$0,$0,$0,$0,$0,$0,$0,$0,$0,$0,$0,0,$0.00,$0.00,$79,$28,$37,$303,$22,$0,$211,$11,$384,$687,$142,$307,$25,$455,$597,$809,$-692,$-97,$90,$687,$0,$0,$0,$0,$0,$0,$0,$0,$0,$0,$0,$0,$0,$0,$0,$0,$0,$0,$0,$0,$0,$0,$0,$0,$0,$0,$0,$0,$0
30,2012-01-31,3.16,$0.55,5.76,$8.36,0.38,$0.54,5.82,0,0.0,$0.29B,$0.15B,1.93,$0.30B,$0.03B,10.25,$0.46B,$0.24B,53.19%,$0.46B,$0.01B,3.08%,$0.46B,$0.01B,3.08%,$0.46B,$0.06B,12.31%,$0.46B,$-0.00B,-0.22%,$0.46B,$0.00B,0.22%,$0.00B,$0.03B,2.38%,$0.00B,$-0.19B,-0.54%,$0.00B,$0.65B,0.15%,$0.01B,$0.33B,4.06%,$151,$69,$82,$14,$56,$142,$9,$-5,$4,$-1,$4,$4,$5,$26,$9,$54,56,$0.09,$0.08,$77,$28,$43,$285,$21,$0,$217,$11,$361,$646,$148,$301,$26,$469,$617,$809,$-741,$-107,$29,$646,$5,$8,$-1,$7,$0,$0,$0,$4,$4,$15,$-5,$0,$0,$0,$0,$0,$0,$-5,$-1,$0,$-1,$0,$0,$0,$-1,$-1,$8,$1,$0
31,2011-10-31,2.85,$0.84,3.4,$8.40,0.34,$0.69,4.14,0,0.0,$0.28B,$0.15B,1.88,$0.30B,$0.05B,6.63,$0.45B,$0.24B,52.46%,$0.45B,$0.00B,0.89%,$0.45B,$0.00B,0.89%,$0.45B,$0.05B,12.05%,$0.45B,$-0.01B,-2.46%,$0.45B,$-0.01B,-1.79%,$-0.01B,$0.05B,-18.82%,$-0.01B,$-0.18B,4.22%,$-0.01B,$0.64B,-1.20%,$0.00B,$0.34B,1.12%,$155,$73,$82,$14,$56,$152,$3,$-5,$-2,$-0,$-2,$-2,$-1,$28,$3,$54,54,$-0.02,$-0.02,$69,$31,$36,$278,$17,$0,$224,$9,$361,$639,$148,$298,$26,$447,$594,$809,$-746,$-86,$45,$639,$-4,$17,$1,$17,$0,$0,$0,$3,$3,$16,$-7,$0,$0,$0,$0,$0,$0,$-7,$-14,$0,$-14,$2,$2,$0,$-2,$-14,$-5,$3,$0
32,2011-07-31,4.45,$0.82,5.46,$8.39,0.53,$0.78,5.73,0,0.0,$0.28B,$0.14B,1.95,$0.31B,$0.04B,7.06,$0.45B,$0.23B,50.88%,$0.45B,$0.01B,1.10%,$0.45B,$0.01B,1.10%,$0.45B,$0.05B,10.35%,$0.45B,$-0.01B,-2.42%,$0.45B,$0.07B,16.30%,$0.07B,$0.04B,186.16%,$0.07B,$-0.19B,-37.42%,$0.07B,$0.65B,10.81%,$0.01B,$0.35B,1.37%,$149,$71,$78,$15,$56,$147,$2,$-5,$-3,$0,$-3,$-3,$-3,$2,$2,$53,53,$-0.05,$-0.05,$71,$29,$39,$279,$16,$0,$230,$8,$371,$650,$143,$308,$27,$463,$607,$809,$-745,$-87,$44,$650,$-3,$8,$0,$9,$0,$0,$0,$7,$7,$12,$-3,$0,$0,$0,$0,$0,$0,$-3,$-13,$0,$-13,$2,$2,$0,$-1,$-12,$-3,$1,$0
33,2011-04-30,5.29,$0.00,0.0,$8.43,0.63,$0.75,7.1,0,0.0,$0.29B,$0.16B,1.78,$0.31B,$0.05B,6.2,$0.47B,$0.23B,49.68%,$0.47B,$0.01B,3.01%,$0.47B,$0.01B,3.01%,$0.47B,$0.03B,6.45%,$0.47B,$-0.00B,-0.22%,$0.47B,$0.08B,18.06%,$0.08B,$0.05B,501.49%,$0.08B,$-0.18B,-37.13%,$0.08B,$0.67B,12.38%,$0.01B,$0.36B,3.98%,$0,$0,$0,$0,$0,$0,$0,$0,$0,$0,$0,$0,$0,$0,$0,$0,0,$0.00,$0.00,$74,$26,$41,$292,$16,$0,$234,$10,$381,$672,$163,$307,$27,$459,$623,$806,$-742,$-81,$50,$672,$0,$0,$0,$0,$0,$0,$0,$0,$0,$0,$0,$0,$0,$0,$0,$0,$0,$0,$0,$0,$0,$0,$0,$0,$0,$0,$0,$0,$0
34,2011-01-31,5.89,$0.59,9.95,$11.26,0.52,$1.23,4.8,$0.12,49.08,$0.32B,$0.16B,2.01,$0.34B,$0.03B,11.0,$0.63B,$0.35B,56.16%,$0.63B,$0.08B,12.16%,$0.63B,$0.08B,12.16%,$0.63B,$0.11B,17.44%,$0.63B,$0.01B,2.24%,$0.63B,$0.09B,14.56%,$0.09B,$0.03B,-1915.79%,$0.09B,$-0.21B,-62.22%,$0.09B,$0.70B,14.63%,$0.08B,$0.38B,29.92%,$144,$69,$75,$16,$53,$145,$-1,$-5,$-6,$-1,$-5,$-5,$-4,$24,$-1,$53,53,$-0.08,$-0.08,$91,$32,$42,$318,$16,$0,$241,$10,$383,$701,$158,$344,$28,$512,$670,$803,$-746,$-93,$31,$701,$84,$25,$-81,$-56,$0,$0,$0,$-7,$-7,$22,$-4,$0,$0,$0,$0,$0,$1,$-4,$-3,$0,$-3,$1,$1,$0,$-3,$-5,$14,$3,$0
35,2010-10-31,6.74,$0.64,10.5,$8.54,0.79,$0.91,7.45,$0.12,56.17,$0.33B,$0.16B,2.04,$0.35B,$0.03B,10.17,$0.48B,$0.28B,57.38%,$0.48B,$0.08B,16.01%,$0.48B,$0.08B,16.01%,$0.48B,$0.09B,17.67%,$0.48B,$0.02B,4.16%,$0.48B,$0.10B,19.75%,$0.10B,$0.03B,-361.90%,$0.10B,$-0.21B,-55.15%,$0.10B,$0.72B,15.65%,$0.08B,$0.38B,33.08%,$161,$83,$78,$15,$55,$157,$4,$-5,$-2,$-82,$81,$81,$81,$21,$4,$53,56,$1.53,$1.45,$90,$32,$43,$334,$15,$0,$246,$10,$382,$715,$164,$345,$30,$517,$681,$803,$-742,$-93,$34,$715,$88,$17,$-84,$-67,$0,$0,$0,$-5,$-5,$17,$-2,$0,$0,$0,$0,$0,$1,$-1,$-2,$0,$-2,$0,$0,$0,$-2,$-4,$13,$2,$0
