,Date,Stock Price,Book Value per Share,Price to Book Ratio,TTM Sales per Share,Price to Sales Ratio,TTM FCF per Share,Price to FCF Ratio,TTM Net EPS,PE Ratio,Current Assets,Current Liabilities,Current Ratio,Long Term Debt,Shareholder's Equity_x,Debt to Equity Ratio,TTM Revenue_x,TTM Gross Profit,Gross Margin,TTM Revenue_y,TTM Operating Income,Operating Margin,TTM Revenue_x,TTM EBIT,EBIT Margin,TTM Revenue_y,TTM EBITDA,EBITDA Margin,TTM Revenue_x,TTM Pre-Tax Income,Pre-Tax Margin,TTM Revenue_y,TTM Net Income_x,Net Margin,TTM Net Income_y,Shareholder's Equity_y,Return on Equity,TTM Net Income_x,Tangible Equity,Return on Tangible Equity,TTM Net Income_y,Total Assets,Return on Assets,TTM Net Income,LT Investments & Debt,Return on Investment,revenue,cost-goods-sold,gross-profit,research-development-expenses,selling-general-administrative-expenses,operating-expenses,operating-income,total-non-operating-income-expense,pre-tax-income,total-provision-income-taxes,income-after-taxes,income-from-continuous-operations,net-income,ebitda,ebit,basic-shares-outstanding,shares-outstanding,eps-basic-net-earnings-per-share,eps-earnings-per-share-diluted,cash-on-hand,inventory,other-current-assets,total-current-assets,net-property-plant-equipment,long-term-investments,goodwill-intangible-assets-total,other-long-term-assets,total-long-term-assets,total-assets,total-current-liabilities,long-term-debt,other-non-current-liabilities,total-long-term-liabilities,total-liabilities,common-stock-net,retained-earnings-accumulated-deficit,comprehensive-income,total-share-holder-equity,total-liabilities-share-holders-equity,net-income-loss,total-depreciation-amortization-cash-flow,other-non-cash-items,total-non-cash-items,change-in-accounts-receivable,change-in-inventories,change-in-accounts-payable,change-in-assets-liabilities,total-change-in-assets-liabilities,cash-flow-from-operating-activities,net-change-in-property-plant-equipment,net-change-in-intangible-assets,net-acquisitions-divestitures,net-change-in-short-term-investments,net-change-in-long-term-investments,net-change-in-investments-total,investing-activities-other,cash-flow-from-investing-activities,net-long-term-debt,net-current-debt,debt-issuance-retirement-net-total,net-common-equity-issued-repurchased,net-total-equity-issued-repurchased,total-common-preferred-stock-dividends-paid,financial-activities-other,cash-flow-from-financial-activities,net-cash-flow,stock-based-compensation,common-stock-dividends-paid
0,2018-09-30,1188.49,$704.42,1.69,$534.35,2.22,$125.79,9.45,$74.61,15.93,$9.42B,$19.19B,0.49,$2.99B,$9.78B,0.31,$7.46B,$3.12B,41.82%,$7.46B,$1.15B,15.47%,$7.46B,$1.15B,15.47%,$7.46B,$1.15B,15.47%,$7.46B,$1.07B,14.30%,$7.46B,$1.06B,14.18%,$1.06B,$9.78B,11.11%,$1.06B,$6.76B,16.43%,$1.06B,$33.96B,3.18%,$1.15B,$12.77B,9.19%,$2236,$1179,$1057,$0,$0,$1680,$556,$-37,$519,$110,$409,$409,$409,$556,$556,$14,14,$28.56,$28.50,$2627,$0,$0,$9418,$0,$18421,$3025,$2576,$24540,$33958,$19187,$2993,$1840,$4992,$24178,$3392,$6577,$-185,$9780,$33958,$623,$0,$140,$140,$0,$0,$0,$0,$0,$763,$-79,$0,$-11,$257,$-588,$-331,$-32,$-453,$-100,$0,$-100,$-31,$-31,$0,$-41,$-172,$126,$0,$0
1,2018-06-30,1084.35,$682.52,1.59,$481.64,2.25,$115.93,9.35,$27.29,39.73,$9.02B,$18.78B,0.48,$3.02B,$9.48B,0.32,$6.73B,$2.10B,31.16%,$6.73B,$0.27B,3.98%,$6.73B,$0.27B,3.98%,$6.73B,$0.27B,3.98%,$6.73B,$0.19B,2.79%,$6.73B,$0.39B,5.79%,$0.39B,$9.48B,4.19%,$0.39B,$6.42B,6.12%,$0.39B,$33.25B,1.22%,$0.27B,$12.50B,2.19%,$1987,$1051,$936,$0,$0,$1676,$311,$49,$361,$81,$280,$280,$278,$311,$311,$14,14,$20.01,$19.97,$2244,$0,$0,$9019,$0,$18151,$3054,$2515,$24228,$33247,$18780,$3024,$1809,$4990,$23770,$3387,$6184,$-91,$9477,$33247,$214,$0,$94,$94,$0,$0,$0,$0,$0,$308,$-52,$0,$-8,$220,$-576,$-356,$-30,$-446,$-71,$0,$-71,$-24,$-24,$0,$-16,$-111,$-256,$0,$0
2,2018-03-31,1170.25,$670.83,1.74,$444.88,2.63,$112.07,10.44,$17.63,66.38,$8.95B,$18.69B,0.48,$3.05B,$9.32B,0.33,$6.22B,$1.72B,27.60%,$6.22B,$0.20B,3.17%,$6.22B,$0.20B,3.17%,$6.22B,$0.20B,3.17%,$6.22B,$0.04B,0.59%,$6.22B,$0.26B,4.21%,$0.26B,$9.32B,2.86%,$0.26B,$6.21B,4.03%,$0.26B,$32.87B,0.86%,$0.20B,$12.37B,1.65%,$1575,$1040,$536,$0,$0,$1470,$105,$-62,$43,$108,$-66,$-66,$-64,$105,$105,$14,14,$-4.25,$-4.25,$2442,$0,$0,$8950,$0,$17845,$3107,$2450,$23916,$32866,$18692,$3048,$1649,$4853,$23545,$3384,$5928,$13,$9321,$32866,$-66,$0,$123,$123,$0,$0,$0,$0,$0,$58,$-23,$0,$-8,$129,$-165,$-36,$-1,$-68,$-50,$0,$-50,$-12,$-12,$0,$-13,$-75,$-59,$0,$0
3,2017-12-31,1139.13,$683.37,1.67,$432.53,2.63,$109.34,10.42,$25.78,44.19,$8.81B,$18.29B,0.48,$3.10B,$9.50B,0.33,$6.06B,$1.61B,26.55%,$6.06B,$0.22B,3.61%,$6.06B,$0.22B,3.61%,$6.06B,$0.22B,3.61%,$6.06B,$0.09B,1.45%,$6.06B,$0.40B,6.53%,$0.40B,$9.50B,4.40%,$0.40B,$6.37B,5.96%,$0.40B,$32.81B,1.38%,$0.22B,$12.60B,1.88%,$1662,$1072,$591,$0,$0,$1480,$182,$-38,$144,$-296,$439,$439,$435,$182,$182,$14,14,$30.46,$30.42,$2501,$0,$0,$8814,$0,$18069,$3133,$2323,$23991,$32805,$18289,$3099,$1748,$5014,$23303,$3382,$3777,$2346,$9502,$32805,$401,$204,$-374,$-171,$-38,$0,$198,$484,$607,$859,$-75,$0,$-1432,$235,$522,$756,$6,$-744,$405,$0,$405,$-110,$-110,$0,$-38,$256,$416,$0,$0
4,2017-09-30,1067.98,$641.06,1.67,$415.32,2.57,$86.82,12.3,$4.50,237.33,$6.48B,$15.53B,0.42,$2.47B,$8.91B,0.28,$5.83B,$1.58B,27.02%,$5.83B,$0.25B,4.27%,$5.83B,$0.25B,4.27%,$5.83B,$0.25B,4.27%,$5.83B,$0.12B,2.13%,$5.83B,$0.09B,1.61%,$0.09B,$8.91B,1.07%,$0.09B,$6.49B,1.40%,$0.09B,$28.52B,0.35%,$0.25B,$11.38B,2.21%,$1506,$1472,$34,$0,$0,$1836,$-330,$-30,$-360,$-99,$-261,$-261,$-259,$-330,$-330,$14,14,$-18.82,$-18.82,$2356,$0,$0,$6483,$0,$17625,$2416,$1489,$22036,$28519,$15532,$2471,$1455,$4080,$19613,$3379,$3379,$2151,$8907,$28519,$-39,$0,$637,$637,$0,$0,$0,$0,$0,$599,$-50,$0,$-592,$406,$147,$553,$-5,$-94,$-182,$0,$-182,$-84,$-84,$0,$-33,$-299,$271,$0,$0
5,2017-06-30,975.86,$643.23,1.52,$409.28,2.38,$67.12,14.54,$28.92,33.74,$6.24B,$14.35B,0.44,$2.49B,$8.95B,0.28,$5.75B,$2.02B,35.11%,$5.75B,$0.73B,12.72%,$5.75B,$0.73B,12.72%,$5.75B,$0.73B,12.72%,$5.75B,$0.60B,10.48%,$5.75B,$0.44B,7.60%,$0.44B,$8.95B,5.05%,$0.44B,$6.93B,6.48%,$0.44B,$27.20B,1.65%,$0.73B,$11.44B,6.53%,$1481,$924,$557,$0,$0,$1241,$240,$-31,$210,$58,$151,$151,$150,$240,$240,$14,14,$10.34,$10.31,$2586,$0,$0,$6236,$0,$17099,$2023,$1355,$20967,$27203,$14346,$2486,$1332,$3904,$18251,$3376,$3666,$1912,$8953,$27203,$222,$0,$15,$15,$0,$0,$0,$0,$0,$238,$-36,$0,$-202,$678,$-1,$677,$-3,$437,$-110,$0,$-110,$-59,$-59,$0,$-30,$-199,$501,$0,$0
6,2017-03-31,975.86,$620.16,1.57,$401.27,2.43,$55.21,17.68,$24.02,40.63,$5.55B,$14.00B,0.4,$2.58B,$8.65B,0.3,$5.65B,$1.95B,34.56%,$5.65B,$0.69B,12.15%,$5.65B,$0.69B,12.15%,$5.65B,$0.69B,12.15%,$5.65B,$0.51B,9.01%,$5.65B,$0.37B,6.48%,$0.37B,$8.65B,4.29%,$0.37B,$6.80B,5.51%,$0.37B,$26.40B,1.39%,$0.69B,$11.23B,6.17%,$1412,$985,$427,$0,$0,$1284,$127,$-33,$94,$23,$71,$71,$70,$127,$127,$14,14,$3.91,$3.90,$2115,$0,$0,$5554,$0,$17223,$1855,$1298,$20847,$26401,$13997,$2582,$1083,$3752,$17749,$3376,$3558,$1719,$8651,$26401,$71,$0,$-59,$-59,$0,$0,$0,$0,$0,$12,$-16,$0,$-4,$162,$-102,$61,$-3,$38,$9,$0,$9,$-24,$-24,$0,$-12,$-27,$30,$0,$0
7,2016-12-31,904.5,$606.77,1.49,$398.55,2.27,$47.00,19.24,$31.27,28.93,$5.44B,$13.66B,0.4,$2.58B,$8.47B,0.3,$5.61B,$2.06B,36.76%,$5.61B,$0.80B,14.33%,$5.61B,$0.80B,14.33%,$5.61B,$0.80B,14.33%,$5.61B,$0.63B,11.21%,$5.61B,$0.46B,8.13%,$0.46B,$8.47B,5.41%,$0.46B,$6.60B,7.00%,$0.46B,$25.88B,1.75%,$0.80B,$11.04B,7.35%,$1429,$872,$557,$0,$0,$1216,$212,$-32,$180,$48,$133,$133,$133,$212,$212,$14,14,$9.14,$9.11,$2085,$0,$0,$5440,$0,$16974,$1865,$1205,$20435,$25875,$13660,$2575,$1099,$3747,$17408,$3369,$3526,$1566,$8467,$25875,$460,$194,$-12,$182,$-163,$0,$135,$-62,$-107,$535,$-64,$0,$-8,$-689,$-877,$-1566,$-1,$-1638,$281,$0,$281,$-47,$-47,$0,$-82,$152,$-985,$0,$0
8,2016-09-30,928.77,$609.98,1.52,$398.09,2.33,$54.18,17.14,$36.30,25.59,$5.96B,$14.15B,0.42,$2.59B,$8.53B,0.3,$5.60B,$2.09B,37.25%,$5.60B,$0.87B,15.55%,$5.60B,$0.87B,15.55%,$5.60B,$0.87B,15.55%,$5.60B,$0.70B,12.48%,$5.60B,$0.52B,9.30%,$0.52B,$8.53B,6.30%,$0.52B,$6.64B,8.22%,$0.52B,$26.40B,2.02%,$0.87B,$11.12B,8.14%,$1431,$952,$479,$0,$0,$1279,$153,$-33,$119,$36,$83,$83,$84,$153,$153,$14,14,$5.62,$5.60,$2540,$0,$0,$5957,$0,$16818,$1899,$1320,$20446,$26404,$14145,$2589,$1064,$3724,$17869,$3366,$3434,$1728,$8534,$26404,$328,$0,$-3,$-3,$0,$0,$0,$0,$0,$324,$-50,$0,$-6,$-341,$-655,$-996,$-5,$-1056,$293,$0,$293,$-11,$-11,$0,$-79,$203,$-530,$0,$0
9,2016-06-30,952.78,$603.64,1.58,$391.96,2.43,$69.40,13.73,$38.09,25.01,$5.89B,$14.14B,0.42,$2.60B,$8.45B,0.31,$5.52B,$2.10B,38.08%,$5.52B,$0.90B,16.34%,$5.52B,$0.90B,16.34%,$5.52B,$0.90B,16.34%,$5.52B,$0.73B,13.29%,$5.52B,$0.54B,9.79%,$0.54B,$8.45B,6.70%,$0.54B,$6.53B,8.74%,$0.54B,$26.34B,2.11%,$0.90B,$11.05B,8.66%,$1376,$887,$489,$0,$0,$1182,$194,$-78,$116,$35,$81,$81,$79,$194,$194,$14,14,$5.44,$5.41,$2362,$0,$0,$5886,$0,$16791,$1921,$1323,$20450,$26336,$14143,$2602,$1079,$3747,$17890,$3361,$3355,$1722,$8446,$26336,$244,$0,$-174,$-174,$0,$0,$0,$0,$0,$70,$-35,$0,$-6,$-348,$-620,$-968,$-2,$-1010,$304,$0,$304,$-11,$-11,$0,$-63,$230,$-708,$0,$0
10,2016-03-31,891.57,$590.39,1.51,$387.13,2.3,$81.04,11.0,$39.40,22.63,$6.27B,$14.12B,0.44,$2.30B,$8.25B,0.28,$5.44B,$2.00B,36.74%,$5.44B,$0.84B,15.37%,$5.44B,$0.84B,15.37%,$5.44B,$0.84B,15.37%,$5.44B,$0.72B,13.17%,$5.44B,$0.55B,10.14%,$0.55B,$8.25B,7.00%,$0.55B,$6.30B,9.12%,$0.55B,$25.69B,2.18%,$0.84B,$10.55B,8.25%,$1376,$839,$538,$0,$0,$1131,$245,$-31,$214,$51,$164,$164,$160,$245,$245,$14,14,$11.21,$11.15,$2739,$0,$0,$6269,$0,$15793,$1947,$1276,$19416,$25685,$14124,$2300,$948,$3315,$17439,$3355,$3293,$1591,$8247,$25685,$164,$0,$-268,$-268,$0,$0,$0,$0,$0,$-105,$-15,$0,$-5,$323,$-540,$-217,$-0,$-237,$0,$0,$0,$2,$2,$0,$-11,$-9,$-332,$0,$0
11,2015-12-31,883.35,$561.69,1.57,$381.95,2.31,$89.48,9.87,$41.74,21.16,$6.25B,$13.77B,0.45,$2.24B,$7.84B,0.29,$5.37B,$1.98B,36.80%,$5.37B,$0.86B,16.03%,$5.37B,$0.86B,16.03%,$5.37B,$0.86B,16.03%,$5.37B,$0.74B,13.84%,$5.37B,$0.58B,10.86%,$0.58B,$7.84B,7.48%,$0.58B,$5.88B,9.68%,$0.58B,$24.94B,2.31%,$0.86B,$10.08B,8.58%,$1420,$840,$581,$0,$0,$1141,$279,$-30,$250,$51,$198,$198,$198,$279,$279,$14,14,$14.23,$14.14,$3070,$0,$0,$6251,$0,$15111,$1960,$1264,$18688,$24939,$13766,$2239,$1030,$3332,$17099,$3342,$3137,$1355,$7841,$24939,$589,$201,$-201,$-0,$6,$0,$-5,$-40,$-11,$651,$-80,$0,$-262,$-62,$468,$406,$-1,$63,$-18,$0,$-18,$-27,$-27,$0,$-29,$-74,$588,$0,$0
12,2015-09-30,801.86,$552.22,1.45,$375.95,2.13,$93.99,8.53,$35.65,22.49,$5.94B,$14.24B,0.42,$2.24B,$7.70B,0.29,$5.29B,$1.86B,35.24%,$5.29B,$0.78B,14.70%,$5.29B,$0.78B,14.70%,$5.29B,$0.78B,14.70%,$5.29B,$0.66B,12.49%,$5.29B,$0.50B,9.52%,$0.50B,$7.70B,6.50%,$0.50B,$6.01B,8.37%,$0.50B,$25.18B,1.99%,$0.78B,$9.94B,7.78%,$1343,$850,$492,$0,$0,$1160,$183,$-30,$153,$48,$104,$104,$103,$183,$183,$14,14,$7.43,$7.39,$2633,$0,$0,$5942,$0,$15834,$1696,$1330,$19240,$25182,$14244,$2241,$943,$3234,$17478,$3335,$2943,$1417,$7704,$25182,$391,$0,$160,$160,$0,$0,$0,$0,$0,$550,$-62,$0,$0,$-688,$446,$-242,$135,$-168,$-6,$0,$-6,$-23,$-23,$0,$-27,$-57,$301,$0,$0
13,2015-06-30,800.68,$555.43,1.44,$372.89,2.15,$93.71,8.54,$33.65,23.79,$5.81B,$14.37B,0.4,$2.25B,$7.75B,0.29,$5.24B,$1.75B,33.37%,$5.24B,$0.73B,13.87%,$5.24B,$0.73B,13.87%,$5.24B,$0.73B,13.87%,$5.24B,$0.61B,11.64%,$5.24B,$0.48B,9.08%,$0.48B,$7.75B,6.26%,$0.48B,$6.04B,8.13%,$0.48B,$25.37B,1.89%,$0.73B,$10.00B,7.37%,$1305,$916,$389,$0,$0,$1175,$130,$-29,$100,$8,$92,$92,$91,$130,$130,$14,14,$6.76,$6.72,$2375,$0,$0,$5812,$0,$16084,$1714,$1376,$19554,$25366,$14373,$2247,$944,$3243,$17616,$3327,$2843,$1571,$7750,$25366,$286,$0,$-48,$-48,$0,$0,$0,$0,$0,$238,$-39,$0,$0,$-596,$356,$-240,$-9,$-288,$-2,$0,$-2,$-19,$-19,$0,$-27,$-48,$-107,$0,$0
14,2015-03-31,768.96,$564.85,1.36,$369.62,2.08,$95.13,8.08,$29.59,25.99,$5.77B,$14.07B,0.41,$2.25B,$7.88B,0.29,$5.20B,$1.64B,31.62%,$5.20B,$0.68B,13.11%,$5.20B,$0.68B,13.11%,$5.20B,$0.68B,13.11%,$5.20B,$0.56B,10.85%,$5.20B,$0.43B,8.18%,$0.43B,$7.88B,5.70%,$0.43B,$6.16B,7.44%,$0.43B,$25.25B,1.69%,$0.68B,$10.13B,7.01%,$1302,$788,$514,$0,$0,$1033,$269,$-29,$240,$46,$194,$194,$191,$269,$269,$14,14,$13.57,$13.49,$2509,$0,$0,$5766,$0,$16045,$1720,$1353,$19488,$25253,$14072,$2250,$1000,$3304,$17376,$3320,$2754,$1795,$7877,$25253,$194,$0,$-171,$-171,$0,$0,$0,$0,$0,$23,$-24,$0,$0,$-147,$242,$96,$-41,$31,$-1,$0,$-1,$-17,$-17,$0,$-15,$-33,$-2,$0,$0
15,2014-12-31,682.84,$544.48,1.25,$365.21,1.87,$96.02,7.11,$22.35,30.55,$5.59B,$14.23B,0.39,$2.25B,$7.60B,0.3,$5.13B,$1.47B,28.65%,$5.13B,$0.56B,10.87%,$5.13B,$0.56B,10.87%,$5.13B,$0.56B,10.87%,$5.13B,$0.44B,8.57%,$5.13B,$0.32B,6.27%,$0.32B,$7.60B,4.47%,$0.32B,$5.85B,5.88%,$0.32B,$25.20B,1.29%,$0.56B,$9.86B,5.89%,$1336,$868,$468,$0,$0,$1141,$195,$-28,$167,$48,$118,$118,$118,$195,$195,$14,14,$8.10,$8.06,$2482,$0,$0,$5588,$0,$16155,$1752,$1351,$19612,$25200,$14232,$2254,$1052,$3367,$17598,$3308,$2582,$1705,$7602,$25200,$324,$204,$-24,$179,$21,$0,$148,$85,$207,$717,$-82,$0,$-319,$-129,$-354,$-483,$262,$-622,$6,$0,$6,$-20,$-20,$0,$-53,$-67,$-18,$0,$0
16,2014-09-30,636.15,$514.60,1.24,$371.87,1.71,$106.31,5.98,$21.25,29.94,$5.64B,$14.68B,0.38,$2.27B,$7.18B,0.32,$5.08B,$1.36B,26.82%,$5.08B,$0.50B,9.85%,$5.08B,$0.50B,9.85%,$5.08B,$0.50B,9.85%,$5.08B,$0.38B,7.46%,$5.08B,$0.30B,5.97%,$0.30B,$7.18B,4.34%,$0.30B,$5.39B,5.72%,$0.30B,$25.08B,1.23%,$0.50B,$9.46B,5.41%,$1299,$921,$378,$0,$0,$1166,$133,$-30,$103,$27,$77,$77,$76,$133,$133,$14,14,$5.33,$5.30,$2349,$0,$0,$5638,$0,$15868,$1795,$1399,$19438,$25076,$14684,$2274,$878,$3209,$17893,$3303,$2469,$1404,$7183,$25076,$205,$0,$331,$331,$0,$0,$0,$0,$0,$537,$-52,$0,$-316,$-214,$-301,$-515,$202,$-681,$24,$0,$24,$-21,$-21,$0,$-49,$-47,$-213,$0,$0
17,2014-06-30,655.64,$511.89,1.28,$364.22,1.8,$107.85,6.08,$20.53,31.94,$6.03B,$14.96B,0.4,$2.26B,$7.15B,0.32,$4.97B,$1.29B,25.95%,$4.97B,$0.49B,9.86%,$4.97B,$0.49B,9.86%,$4.97B,$0.49B,9.86%,$4.97B,$0.37B,7.40%,$4.97B,$0.29B,5.89%,$0.29B,$7.15B,4.31%,$0.29B,$5.45B,5.66%,$0.29B,$25.17B,1.20%,$0.49B,$9.41B,5.41%,$1259,$976,$283,$0,$0,$1175,$84,$-30,$54,$13,$41,$41,$40,$84,$84,$14,14,$2.67,$2.66,$2527,$0,$0,$6032,$0,$15709,$1700,$1336,$19134,$25166,$14956,$2259,$745,$3059,$18015,$3297,$2403,$1443,$7152,$25166,$129,$0,$108,$108,$0,$0,$0,$0,$0,$237,$-18,$0,$-169,$-268,$7,$-261,$205,$-244,$6,$0,$6,$-13,$-13,$0,$-32,$-39,$-34,$0,$0
18,2014-03-31,596.1,$494.54,1.21,$357.09,1.67,$109.32,5.45,$20.09,29.67,$6.14B,$14.57B,0.42,$2.26B,$6.91B,0.33,$4.74B,$1.23B,25.99%,$4.74B,$0.48B,10.12%,$4.74B,$0.48B,10.12%,$4.74B,$0.48B,10.12%,$4.74B,$0.36B,7.59%,$4.74B,$0.28B,5.92%,$0.28B,$6.91B,4.26%,$0.28B,$5.20B,5.64%,$0.28B,$24.45B,1.17%,$0.48B,$9.16B,5.43%,$1240,$898,$342,$0,$0,$1094,$146,$-30,$116,$28,$88,$88,$88,$146,$146,$14,14,$6.28,$6.25,$2785,$0,$0,$6137,$0,$14985,$1708,$1289,$18316,$24453,$14572,$2256,$664,$2972,$17545,$3302,$2365,$1232,$6908,$24453,$88,$0,$-65,$-65,$0,$0,$0,$0,$0,$22,$-11,$0,$-154,$131,$61,$192,$153,$180,$2,$0,$2,$-13,$-13,$0,$-20,$-31,$173,$0,$0
19,2013-12-31,580.35,$477.48,1.22,$353.73,1.64,$112.74,5.15,$23.34,24.87,$5.86B,$14.17B,0.41,$2.26B,$6.68B,0.34,$4.32B,$1.19B,27.61%,$4.32B,$0.48B,10.99%,$4.32B,$0.48B,10.99%,$4.32B,$0.48B,10.99%,$4.32B,$0.36B,8.37%,$4.32B,$0.28B,6.52%,$0.28B,$6.68B,4.78%,$0.28B,$5.15B,6.33%,$0.28B,$23.96B,1.34%,$0.48B,$8.93B,5.92%,$1280,$921,$359,$0,$0,$1142,$137,$-31,$106,$7,$99,$99,$99,$137,$137,$13,13,$6.11,$6.07,$2765,$0,$0,$5864,$0,$14847,$1533,$1451,$18092,$23956,$14171,$2256,$778,$3106,$17278,$3289,$2295,$1090,$6678,$23956,$284,$190,$-99,$91,$142,$0,$97,$55,$376,$746,$-48,$0,$-12,$-470,$980,$509,$-262,$187,$225,$0,$225,$-33,$-33,$0,$-17,$175,$1115,$0,$0
20,2013-09-30,517.77,$462.59,1.12,$335.64,1.54,$93.20,5.56,$22.62,22.89,$5.99B,$14.35B,0.42,$2.25B,$6.46B,0.35,$3.85B,$1.07B,27.73%,$3.85B,$0.43B,11.11%,$3.85B,$0.43B,11.11%,$3.85B,$0.43B,11.11%,$3.85B,$0.32B,8.36%,$3.85B,$0.24B,6.23%,$0.24B,$6.46B,4.61%,$0.24B,$4.89B,6.19%,$0.24B,$23.81B,1.32%,$0.43B,$8.71B,5.99%,$1192,$885,$306,$0,$0,$1069,$123,$-31,$92,$25,$67,$67,$66,$123,$123,$14,14,$4.69,$4.67,$2715,$0,$0,$5985,$0,$14461,$1569,$1534,$17824,$23809,$14349,$2250,$676,$2998,$17346,$3277,$2198,$982,$6462,$23809,$185,$0,$358,$358,$0,$0,$0,$0,$0,$542,$-37,$0,$-13,$-177,$814,$637,$-73,$513,$244,$0,$244,$-38,$-38,$0,$-16,$190,$1252,$0,$0
21,2013-06-30,526.95,$451.88,1.17,$330.14,1.6,$78.55,6.71,$23.27,22.65,$5.53B,$14.22B,0.39,$2.25B,$6.33B,0.36,$3.43B,$0.99B,28.96%,$3.43B,$0.38B,11.15%,$3.43B,$0.38B,11.15%,$3.43B,$0.38B,11.15%,$3.43B,$0.28B,8.23%,$3.43B,$0.22B,6.54%,$0.22B,$6.33B,4.93%,$0.22B,$4.71B,6.67%,$0.22B,$23.50B,1.46%,$0.38B,$8.58B,6.07%,$1032,$806,$226,$0,$0,$958,$74,$-29,$46,$17,$29,$29,$28,$74,$74,$12,13,$2.24,$2.24,$2099,$0,$0,$5534,$0,$14485,$1619,$1638,$17966,$23500,$14224,$2250,$625,$2950,$17174,$3269,$2148,$903,$6326,$23500,$118,$0,$122,$122,$0,$0,$0,$0,$0,$240,$-26,$0,$8,$-19,$311,$292,$125,$399,$245,$0,$245,$-25,$-25,$0,$-11,$209,$839,$0,$0
22,2013-03-31,503.5,$431.61,1.17,$319.33,1.58,$69.95,7.2,$29.47,17.09,$2.19B,$6.52B,0.34,$1.73B,$4.16B,0.42,$3.09B,$1.01B,32.82%,$3.09B,$0.45B,14.54%,$3.09B,$0.45B,14.54%,$3.09B,$0.45B,14.54%,$3.09B,$0.36B,11.50%,$3.09B,$0.29B,9.26%,$0.29B,$4.16B,7.38%,$0.29B,$3.08B,10.04%,$0.29B,$13.12B,2.29%,$0.45B,$5.89B,8.33%,$820,$517,$303,$0,$0,$679,$141,$-24,$118,$29,$89,$89,$89,$141,$141,$10,10,$9.53,$9.50,$899,$0,$0,$2185,$0,$8899,$1075,$781,$10933,$13118,$6515,$1732,$640,$2447,$8962,$911,$2160,$1080,$4156,$13118,$89,$0,$-34,$-34,$0,$0,$0,$0,$0,$56,$-14,$0,$-37,$-411,$111,$-300,$10,$-341,$239,$0,$239,$-0,$-0,$0,$-8,$231,$-62,$0,$0
23,2012-12-31,433.42,$403.89,1.07,$310.32,1.4,$57.70,7.51,$25.89,16.74,$2.22B,$6.48B,0.34,$1.49B,$3.89B,0.38,$3.00B,$0.92B,30.53%,$3.00B,$0.41B,13.50%,$3.00B,$0.41B,13.50%,$3.00B,$0.41B,13.50%,$3.00B,$0.31B,10.40%,$3.00B,$0.25B,8.47%,$0.25B,$3.89B,6.76%,$0.25B,$2.84B,9.22%,$0.25B,$12.56B,2.08%,$0.41B,$5.38B,7.85%,$808,$575,$233,$0,$0,$718,$90,$-24,$66,$8,$58,$58,$57,$90,$90,$10,10,$6.25,$6.23,$973,$0,$0,$2217,$0,$8360,$1049,$773,$10340,$12557,$6475,$1493,$614,$2193,$8668,$909,$2068,$911,$3889,$12557,$258,$87,$6,$93,$-37,$0,$71,$28,$53,$393,$-46,$0,$-244,$-428,$380,$-48,$-40,$-377,$179,$0,$179,$-8,$-8,$0,$-29,$142,$161,$0,$0
24,2012-09-30,458.49,$395.46,1.16,$297.17,1.54,$47.63,9.63,$24.85,18.45,$2.07B,$6.46B,0.32,$1.51B,$3.81B,0.4,$2.88B,$0.88B,30.48%,$2.88B,$0.41B,14.32%,$2.88B,$0.41B,14.32%,$2.88B,$0.41B,14.32%,$2.88B,$0.32B,11.16%,$2.88B,$0.25B,8.59%,$0.25B,$3.81B,6.80%,$0.25B,$2.81B,9.23%,$0.25B,$12.38B,2.07%,$0.41B,$5.32B,8.26%,$766,$535,$230,$0,$0,$689,$77,$-25,$52,$1,$52,$52,$50,$77,$77,$10,10,$5.33,$5.32,$835,$0,$0,$2073,$0,$8351,$998,$795,$10311,$12383,$6459,$1511,$520,$2118,$8577,$906,$2009,$891,$3806,$12383,$200,$0,$39,$39,$0,$0,$0,$0,$0,$240,$-33,$0,$-246,$-184,$118,$-65,$-32,$-377,$198,$0,$198,$-7,$-7,$0,$-20,$171,$37,$0,$0
25,2012-06-30,441.7,$379.85,1.16,$287.46,1.54,$48.68,9.07,$25.01,17.66,$2.12B,$6.45B,0.33,$1.31B,$3.66B,0.36,$2.79B,$0.81B,29.21%,$2.79B,$0.43B,15.29%,$2.79B,$0.43B,15.29%,$2.79B,$0.43B,15.29%,$2.79B,$0.34B,12.06%,$2.79B,$0.25B,8.97%,$0.25B,$3.66B,7.14%,$0.25B,$2.66B,9.61%,$0.25B,$11.97B,2.14%,$0.43B,$4.97B,8.88%,$693,$446,$247,$0,$0,$552,$141,$-22,$119,$28,$91,$91,$90,$141,$141,$10,10,$8.44,$8.42,$837,$0,$0,$2122,$0,$7972,$991,$705,$9843,$11965,$6450,$1310,$463,$1860,$8310,$904,$1958,$793,$3655,$11965,$148,$0,$-44,$-44,$0,$0,$0,$0,$0,$105,$-23,$0,$-144,$76,$76,$151,$-42,$-58,$2,$0,$2,$-8,$-8,$0,$-20,$-25,$21,$0,$0
26,2012-03-31,448.94,$380.81,1.18,$282.15,1.59,$47.72,9.41,$19.70,22.79,$1.98B,$6.46B,0.31,$1.31B,$3.68B,0.36,$2.74B,$0.71B,25.94%,$2.74B,$0.34B,12.55%,$2.74B,$0.34B,12.55%,$2.74B,$0.34B,12.55%,$2.74B,$0.25B,9.27%,$2.74B,$0.19B,6.93%,$0.19B,$3.68B,5.55%,$0.19B,$2.71B,7.37%,$0.19B,$11.86B,1.64%,$0.34B,$4.98B,7.31%,$733,$527,$206,$0,$0,$636,$97,$-22,$75,$17,$58,$58,$57,$97,$97,$10,10,$5.94,$5.92,$692,$0,$0,$1984,$0,$8138,$968,$587,$9875,$11859,$6461,$1306,$417,$1722,$8183,$902,$1890,$810,$3676,$11859,$58,$0,$-122,$-122,$0,$0,$0,$0,$0,$-64,$-13,$0,$-81,$79,$-18,$62,$1,$-31,$4,$0,$4,$-2,$-2,$0,$7,$9,$-83,$0,$0
27,2011-12-31,414.67,$352.16,1.18,$270.05,1.54,$53.46,7.76,$14.63,28.34,$1.96B,$6.38B,0.31,$1.29B,$3.39B,0.38,$2.63B,$0.61B,23.19%,$2.63B,$0.28B,10.53%,$2.63B,$0.28B,10.53%,$2.63B,$0.28B,10.53%,$2.63B,$0.19B,7.22%,$2.63B,$0.14B,5.36%,$0.14B,$3.39B,4.25%,$0.14B,$2.52B,5.59%,$0.14B,$11.53B,1.24%,$0.28B,$4.68B,6.11%,$685,$491,$194,$0,$0,$588,$97,$-22,$75,$23,$52,$52,$50,$97,$97,$10,10,$5.19,$5.16,$775,$0,$0,$1955,$0,$7953,$868,$562,$9578,$11532,$6379,$1294,$397,$1765,$8144,$892,$1835,$661,$3388,$11532,$148,$71,$-30,$40,$-11,$0,$60,$47,$124,$311,$-60,$0,$-120,$-217,$-91,$-308,$-2,$-491,$246,$0,$246,$-42,$-42,$0,$-9,$195,$13,$0,$0
28,2011-09-30,357.13,$340.83,1.05,$262.14,1.36,$46.15,7.74,$23.81,15.0,$2.13B,$6.52B,0.33,$1.27B,$3.28B,0.39,$2.56B,$0.61B,23.86%,$2.56B,$0.31B,12.16%,$2.56B,$0.31B,12.16%,$2.56B,$0.31B,12.16%,$2.56B,$0.23B,8.88%,$2.56B,$0.23B,9.03%,$0.23B,$3.28B,7.07%,$0.23B,$2.51B,9.13%,$0.23B,$11.37B,2.07%,$0.31B,$4.55B,7.04%,$676,$509,$167,$0,$0,$585,$91,$-24,$67,$12,$55,$55,$53,$91,$91,$10,10,$5.50,$5.48,$920,$0,$0,$2132,$0,$7678,$770,$585,$9239,$11372,$6516,$1272,$306,$1578,$8094,$890,$1794,$527,$3278,$11372,$96,$0,$165,$165,$0,$0,$0,$0,$0,$261,$-44,$0,$-20,$-168,$-76,$-244,$13,$-294,$245,$0,$245,$-33,$-33,$0,$-1,$211,$175,$0,$0
29,2011-06-30,396.81,$345.38,1.15,$250.09,1.59,$38.52,10.3,$24.81,15.99,$2.05B,$6.55B,0.31,$1.27B,$3.35B,0.38,$2.44B,$0.60B,24.49%,$2.44B,$0.33B,13.51%,$2.44B,$0.33B,13.51%,$2.44B,$0.33B,13.51%,$2.44B,$0.25B,10.28%,$2.44B,$0.24B,9.87%,$0.24B,$3.35B,7.49%,$0.24B,$2.58B,9.46%,$0.24B,$11.47B,2.20%,$0.33B,$4.62B,7.68%,$647,$504,$144,$0,$0,$589,$59,$-22,$37,$5,$32,$32,$30,$59,$59,$10,10,$3.12,$3.11,$768,$0,$0,$2045,$0,$7917,$767,$531,$9419,$11465,$6551,$1268,$297,$1565,$8116,$889,$1761,$633,$3348,$11465,$42,$0,$59,$59,$0,$0,$0,$0,$0,$100,$-27,$0,$-6,$-275,$-13,$-289,$11,$-311,$242,$0,$242,$-13,$-13,$0,$-1,$228,$23,$0,$0
30,2011-03-31,414.45,$335.74,1.23,$236.31,1.75,$37.50,11.05,$23.82,17.4,$1.91B,$6.47B,0.3,$1.03B,$3.26B,0.32,$2.31B,$0.54B,23.33%,$2.31B,$0.32B,13.81%,$2.31B,$0.32B,13.81%,$2.31B,$0.32B,13.81%,$2.31B,$0.24B,10.56%,$2.31B,$0.23B,10.04%,$0.23B,$3.26B,7.49%,$0.23B,$2.49B,9.31%,$0.23B,$11.04B,2.17%,$0.32B,$4.29B,7.76%,$622,$517,$105,$0,$0,$591,$30,$-19,$11,$2,$10,$10,$8,$30,$30,$10,10,$0.85,$0.85,$650,$0,$0,$1911,$0,$7611,$776,$543,$9131,$11042,$6474,$1028,$277,$1305,$7778,$887,$1744,$568,$3263,$11042,$10,$0,$-19,$-19,$0,$0,$0,$0,$0,$-9,$-13,$0,$-4,$-108,$41,$-67,$-8,$-92,$2,$0,$2,$0,$0,$0,$-0,$2,$-95,$0,$0
31,2010-12-31,378.13,$328.02,1.15,$227.25,1.66,$40.20,9.41,$27.30,13.85,$1.93B,$6.29B,0.31,$1.02B,$3.19B,0.32,$2.23B,$0.55B,24.90%,$2.23B,$0.37B,16.63%,$2.23B,$0.37B,16.63%,$2.23B,$0.37B,16.63%,$2.23B,$0.30B,13.30%,$2.23B,$0.27B,12.00%,$0.27B,$3.19B,8.86%,$0.27B,$2.55B,10.78%,$0.27B,$10.83B,2.54%,$0.37B,$4.20B,9.21%,$612,$417,$194,$0,$0,$481,$131,$-19,$112,$-29,$140,$140,$140,$131,$131,$10,10,$14.35,$14.34,$745,$0,$0,$1932,$0,$7479,$642,$584,$8893,$10826,$6289,$1016,$333,$1349,$7638,$884,$1736,$551,$3188,$10826,$268,$54,$-29,$24,$8,$0,$38,$-122,$-77,$223,$-42,$0,$-214,$203,$-238,$-35,$8,$-283,$13,$0,$13,$-45,$-45,$0,$-13,$-46,$-105,$0,$0
32,2010-09-30,344.59,$316.40,1.09,$220.82,1.56,$48.20,7.15,$22.42,15.37,$2.07B,$6.27B,0.33,$1.00B,$3.07B,0.32,$2.16B,$0.50B,23.11%,$2.16B,$0.35B,16.13%,$2.16B,$0.35B,16.13%,$2.16B,$0.35B,16.13%,$2.16B,$0.28B,12.75%,$2.16B,$0.22B,10.17%,$0.22B,$3.07B,7.55%,$0.22B,$2.57B,9.12%,$0.22B,$10.58B,2.12%,$0.35B,$4.07B,8.94%,$561,$406,$155,$0,$0,$451,$110,$-19,$91,$28,$63,$63,$63,$110,$110,$10,10,$6.49,$6.48,$818,$0,$0,$2074,$0,$7422,$501,$404,$8507,$10581,$6265,$997,$245,$1242,$7507,$872,$1599,$587,$3074,$10581,$127,$0,$46,$46,$0,$0,$0,$0,$0,$173,$-29,$0,$-40,$173,$-281,$-108,$5,$-172,$23,$0,$23,$-42,$-42,$0,$-15,$-34,$-33,$0,$0
33,2010-06-30,340.0,$293.39,1.16,$214.21,1.59,$55.68,6.11,$21.96,15.48,$1.96B,$6.18B,0.32,$1.00B,$2.87B,0.35,$2.10B,$0.42B,19.73%,$2.10B,$0.29B,13.93%,$2.10B,$0.29B,13.93%,$2.10B,$0.29B,13.93%,$2.10B,$0.23B,10.79%,$2.10B,$0.22B,10.27%,$0.22B,$2.87B,7.66%,$0.22B,$2.37B,9.17%,$0.22B,$10.32B,2.10%,$0.29B,$3.87B,7.72%,$515,$430,$85,$0,$0,$467,$48,$-18,$30,$9,$21,$21,$21,$48,$48,$10,10,$2.13,$2.12,$687,$0,$0,$1955,$0,$7193,$501,$503,$8370,$10324,$6179,$1004,$275,$1279,$7458,$872,$1554,$425,$2866,$10324,$64,$0,$-1,$-1,$0,$0,$0,$0,$0,$64,$0,$0,$-35,$125,$-287,$-161,$-13,$-209,$29,$0,$29,$-24,$-24,$0,$-14,$-9,$-164,$0,$0
34,2010-03-31,374.66,$298.03,1.26,$214.83,1.74,$60.93,6.15,$23.18,16.16,$1.86B,$6.19B,0.3,$1.00B,$2.92B,0.34,$2.11B,$0.40B,18.96%,$2.11B,$0.30B,14.08%,$2.11B,$0.30B,14.08%,$2.11B,$0.30B,14.08%,$2.11B,$0.24B,11.23%,$2.11B,$0.23B,10.81%,$0.23B,$2.92B,8.48%,$0.23B,$2.42B,10.05%,$0.23B,$10.34B,2.25%,$0.30B,$3.92B,8.24%,$537,$417,$120,$0,$0,$456,$81,$-18,$63,$19,$43,$43,$43,$81,$81,$10,10,$4.34,$4.33,$638,$0,$0,$1861,$0,$7338,$501,$474,$8479,$10340,$6185,$996,$236,$1232,$7417,$873,$1553,$479,$2922,$10340,$43,$0,$-39,$-39,$0,$0,$0,$0,$0,$4,$0,$0,$-23,$148,$-342,$-193,$-14,$-231,$22,$0,$22,$-4,$-4,$0,$0,$18,$-213,$0,$0
35,2009-12-31,340.0,$284.32,1.2,$210.60,1.61,$61.79,5.5,$20.52,16.57,$2.08B,$6.19B,0.34,$0.96B,$2.79B,0.35,$2.07B,$0.34B,16.44%,$2.07B,$0.25B,12.19%,$2.07B,$0.25B,12.19%,$2.07B,$0.25B,12.19%,$2.07B,$0.20B,9.57%,$2.07B,$0.20B,9.72%,$0.20B,$2.79B,8.03%,$0.20B,$2.29B,9.47%,$0.20B,$10.24B,2.03%,$0.25B,$3.76B,7.52%,$551,$411,$140,$0,$0,$441,$110,$-18,$92,$-2,$94,$94,$93,$110,$110,$10,10,$9.51,$9.49,$850,$0,$0,$2083,$0,$6998,$503,$502,$8159,$10242,$6192,$964,$295,$1259,$7450,$873,$1514,$387,$2792,$10242,$202,$31,$87,$118,$21,$0,$-92,$25,$-46,$282,$-22,$0,$-155,$24,$-208,$-185,$28,$-334,$252,$0,$252,$0,$0,$0,$-0,$252,$210,$0,$0
36,2009-09-30,329.82,$274.33,1.2,$198.62,1.66,$73.68,4.48,$7.70,42.83,$2.32B,$6.35B,0.37,$0.95B,$2.69B,0.35,$1.95B,$0.21B,10.70%,$1.95B,$0.07B,3.79%,$1.95B,$0.07B,3.79%,$1.95B,$0.07B,3.79%,$1.95B,$0.03B,1.33%,$1.95B,$0.08B,3.84%,$0.08B,$2.69B,3.19%,$0.08B,$2.35B,3.74%,$0.08B,$10.20B,0.77%,$0.07B,$3.64B,2.36%,$500,$430,$70,$0,$0,$446,$54,$-12,$42,$-17,$59,$59,$59,$54,$54,$10,10,$6.02,$6.02,$1038,$0,$0,$2321,$0,$6933,$340,$438,$7881,$10202,$6345,$951,$213,$1164,$7509,$872,$1421,$399,$2693,$10202,$109,$0,$110,$110,$0,$0,$0,$0,$0,$219,$0,$0,$-8,$-149,$56,$-93,$15,$-86,$252,$0,$252,$0,$0,$0,$0,$252,$399,$0,$0
37,2009-06-30,281.7,$239.68,1.18,$189.95,1.48,$86.68,3.25,$-12.78,0.0,$2.04B,$6.40B,0.32,$0.74B,$2.35B,0.31,$1.87B,$-0.09B,-4.71%,$1.87B,$-0.21B,-11.13%,$1.87B,$-0.21B,-11.13%,$1.87B,$-0.21B,-11.13%,$1.87B,$-0.26B,-13.64%,$1.87B,$-0.13B,-6.74%,$-0.13B,$2.35B,-5.58%,$-0.13B,$2.01B,-6.60%,$-0.13B,$9.71B,-1.31%,$-0.21B,$3.09B,-7.06%,$522,$453,$70,$0,$0,$470,$52,$-12,$40,$7,$33,$33,$33,$52,$52,$10,10,$3.34,$3.34,$686,$0,$0,$2038,$0,$6631,$342,$529,$7673,$9711,$6396,$739,$225,$964,$7359,$872,$1362,$118,$2352,$9711,$49,$0,$66,$66,$0,$0,$0,$0,$0,$115,$0,$0,$-2,$-247,$101,$-146,$20,$-128,$54,$0,$54,$0,$0,$0,$0,$54,$50,$0,$0
38,2009-03-31,283.88,$222.14,1.28,$197.74,1.44,$98.40,2.88,$-7.83,0.0,$2.00B,$6.30B,0.32,$0.74B,$2.18B,0.34,$1.95B,$-0.03B,-1.64%,$1.95B,$-0.14B,-6.92%,$1.95B,$-0.14B,-6.92%,$1.95B,$-0.14B,-6.92%,$1.95B,$-0.18B,-9.32%,$1.95B,$-0.08B,-3.94%,$-0.08B,$2.18B,-3.36%,$-0.08B,$1.84B,-3.96%,$-0.08B,$9.40B,-0.79%,$-0.14B,$2.92B,-4.59%,$495,$435,$60,$0,$0,$459,$36,$-12,$24,$8,$16,$16,$16,$36,$36,$10,10,$1.67,$1.67,$647,$0,$0,$1998,$0,$6240,$343,$638,$7398,$9396,$6298,$739,$179,$918,$7216,$871,$1314,$-5,$2180,$9396,$16,$0,$-4,$-4,$0,$0,$0,$0,$0,$13,$0,$0,$-3,$-136,$61,$-75,$25,$-52,$52,$0,$52,$0,$0,$0,$0,$52,$8,$0,$0
39,2008-12-31,299.0,$222.23,1.35,$199.50,1.5,$102.01,2.93,$-6.09,0.0,$2.02B,$6.36B,0.32,$0.69B,$2.18B,0.32,$1.98B,$-0.03B,-1.62%,$1.98B,$-0.11B,-5.67%,$1.98B,$-0.11B,-5.67%,$1.98B,$-0.11B,-5.67%,$1.98B,$-0.16B,-8.09%,$1.98B,$-0.06B,-2.98%,$-0.06B,$2.18B,-2.46%,$-0.06B,$1.82B,-2.88%,$-0.06B,$9.51B,-0.60%,$-0.11B,$2.88B,-3.69%,$436,$426,$9,$0,$0,$504,$-68,$-12,$-80,$-48,$-32,$-32,$-33,$-68,$-68,$10,10,$-3.21,$-3.19,$640,$0,$0,$2017,$0,$6252,$361,$697,$7495,$9512,$6363,$694,$274,$968,$7331,$870,$1298,$13,$2181,$9512,$-58,$31,$307,$338,$25,$0,$-84,$256,$197,$397,$-18,$0,$-10,$-467,$377,$-90,$-34,$-152,$2,$0,$2,$-61,$-61,$0,$0,$-58,$162,$0,$0
40,2008-09-30,351.5,$235.72,1.49,$220.72,1.59,$111.90,3.14,$6.60,53.26,$2.14B,$6.79B,0.32,$0.59B,$2.31B,0.25,$2.19B,$0.16B,7.25%,$2.19B,$0.09B,4.06%,$2.19B,$0.09B,4.06%,$2.19B,$0.09B,4.06%,$2.19B,$0.04B,1.82%,$2.19B,$0.07B,3.06%,$0.07B,$2.31B,2.66%,$0.07B,$1.97B,3.09%,$0.07B,$9.93B,0.67%,$0.09B,$2.90B,2.83%,$416,$642,$-227,$0,$0,$644,$-228,$-11,$-239,$-97,$-142,$-142,$-142,$-228,$-228,$10,10,$-14.46,$-14.46,$588,$0,$0,$2143,$0,$6637,$345,$599,$7788,$9931,$6786,$588,$244,$832,$7618,$871,$1331,$111,$2313,$9931,$-26,$0,$373,$373,$0,$0,$0,$0,$0,$347,$0,$0,$0,$-276,$281,$5,$-72,$-67,$-93,$0,$-93,$-60,$-60,$0,$0,$-153,$111,$0,$0
41,2008-06-30,367.0,$252.39,1.45,$240.59,1.53,$115.09,3.19,$30.32,12.1,$2.20B,$6.71B,0.33,$0.59B,$2.49B,0.24,$2.40B,$0.54B,22.45%,$2.40B,$0.47B,19.57%,$2.40B,$0.47B,19.57%,$2.40B,$0.47B,19.57%,$2.40B,$0.42B,17.40%,$2.40B,$0.30B,12.56%,$0.30B,$2.49B,11.68%,$0.30B,$2.14B,13.49%,$0.30B,$10.04B,2.97%,$0.47B,$3.08B,14.50%,$605,$479,$126,$0,$0,$480,$125,$-12,$113,$31,$82,$82,$82,$125,$125,$10,10,$8.30,$8.29,$682,$0,$0,$2195,$0,$6814,$346,$476,$7848,$10044,$6709,$588,$257,$846,$7555,$870,$1492,$128,$2489,$10044,$116,$0,$117,$117,$0,$0,$0,$0,$0,$233,$0,$0,$0,$-87,$202,$115,$-10,$105,$-93,$0,$-93,$-42,$-42,$0,$0,$-135,$204,$0,$0
42,2008-03-31,439.97,$263.16,1.67,$245.79,1.79,$115.41,3.81,$34.18,12.87,$2.10B,$6.59B,0.32,$0.68B,$2.62B,0.26,$2.45B,$0.60B,24.48%,$2.45B,$0.53B,21.71%,$2.45B,$0.53B,21.71%,$2.45B,$0.53B,21.71%,$2.45B,$0.48B,19.46%,$2.45B,$0.34B,13.87%,$0.34B,$2.62B,13.25%,$0.34B,$2.27B,15.30%,$0.34B,$10.16B,3.34%,$0.53B,$3.30B,16.29%,$520,$460,$60,$0,$0,$461,$59,$-13,$46,$12,$34,$34,$34,$59,$59,$10,10,$3.42,$3.41,$612,$0,$0,$2098,$0,$7122,$344,$385,$8058,$10156,$6585,$681,$275,$956,$7541,$869,$1442,$304,$2615,$10156,$34,$0,$15,$15,$0,$0,$0,$0,$0,$49,$0,$0,$0,$-30,$125,$96,$-3,$93,$0,$0,$0,$-9,$-9,$0,$0,$-9,$134,$0,$0
43,2007-12-31,491.1,$265.26,1.85,$255.56,1.92,$117.02,4.2,$40.65,12.08,$1.93B,$6.51B,0.3,$0.68B,$2.64B,0.26,$2.55B,$0.70B,27.37%,$2.55B,$0.63B,24.75%,$2.55B,$0.63B,24.75%,$2.55B,$0.63B,24.75%,$2.55B,$0.57B,22.47%,$2.55B,$0.41B,15.88%,$0.41B,$2.64B,16.16%,$0.41B,$2.30B,18.71%,$0.41B,$10.13B,4.00%,$0.63B,$3.32B,19.58%,$652,$453,$200,$0,$0,$519,$133,$-14,$120,$26,$94,$94,$93,$133,$133,$10,10,$9.39,$9.35,$478,$0,$0,$1925,$0,$7311,$345,$351,$8209,$10134,$6506,$681,$307,$988,$7493,$866,$1417,$358,$2641,$10134,$406,$33,$-28,$5,$27,$0,$-64,$98,$62,$497,$-14,$0,$-8,$91,$-441,$-350,$-2,$-374,$-181,$0,$-181,$-24,$-24,$0,$0,$-206,$-78,$0,$0
44,2007-09-30,484.0,$257.31,1.88,$255.07,1.9,$118.67,4.08,$43.46,11.14,$1.94B,$6.73B,0.29,$0.68B,$2.56B,0.27,$2.55B,$0.68B,26.73%,$2.55B,$0.68B,26.73%,$2.55B,$0.68B,26.73%,$2.55B,$0.68B,26.73%,$2.55B,$0.62B,24.29%,$2.55B,$0.43B,16.99%,$0.43B,$2.56B,17.89%,$0.43B,$2.22B,20.82%,$0.43B,$10.23B,4.28%,$0.68B,$3.24B,21.41%,$619,$467,$152,$0,$0,$468,$152,$-14,$138,$46,$92,$92,$92,$152,$152,$10,10,$9.28,$9.26,$384,$0,$0,$1939,$0,$7349,$346,$376,$8291,$10230,$6725,$680,$262,$942,$7668,$866,$1324,$372,$2562,$10230,$312,$0,$71,$71,$0,$0,$0,$0,$0,$383,$0,$0,$-8,$64,$-390,$-326,$-12,$-347,$-184,$0,$-184,$-24,$-24,$0,$0,$-208,$-171,$0,$0
45,2007-06-30,484.56,$246.00,1.97,$256.37,1.89,$116.46,4.16,$44.67,10.85,$2.01B,$6.69B,0.3,$0.75B,$2.45B,0.31,$2.56B,$0.69B,26.92%,$2.56B,$0.69B,26.92%,$2.56B,$0.69B,26.92%,$2.56B,$0.69B,26.92%,$2.56B,$0.63B,24.42%,$2.56B,$0.45B,17.36%,$0.45B,$2.45B,19.58%,$0.45B,$2.10B,23.00%,$0.45B,$10.20B,4.42%,$0.69B,$3.20B,22.23%,$660,$472,$188,$0,$0,$472,$188,$-14,$173,$52,$121,$121,$121,$188,$188,$10,10,$12.17,$12.15,$403,$0,$0,$2010,$0,$7240,$346,$378,$8188,$10197,$6690,$753,$305,$1058,$7748,$865,$1231,$353,$2449,$10197,$220,$0,$17,$17,$0,$0,$0,$0,$0,$237,$0,$0,$-8,$-138,$-99,$-237,$-9,$-254,$-111,$0,$-111,$-24,$-24,$0,$0,$-135,$-152,$0,$0
46,2007-03-31,484.83,$238.33,2.03,$251.65,1.93,$109.43,4.43,$41.63,11.65,$2.03B,$6.63B,0.31,$0.75B,$2.37B,0.32,$2.52B,$0.65B,25.81%,$2.52B,$0.65B,25.81%,$2.52B,$0.65B,25.81%,$2.52B,$0.65B,25.81%,$2.52B,$0.59B,23.23%,$2.52B,$0.41B,16.44%,$0.41B,$2.37B,19.76%,$0.41B,$2.04B,23.54%,$0.41B,$9.97B,4.17%,$0.65B,$3.13B,22.07%,$619,$461,$158,$0,$0,$461,$158,$-15,$142,$43,$99,$99,$99,$158,$158,$10,10,$9.89,$9.88,$403,$0,$0,$2030,$0,$7039,$330,$349,$7939,$9970,$6632,$752,$212,$964,$7597,$859,$1110,$404,$2373,$9970,$99,$0,$-34,$-34,$0,$0,$0,$0,$0,$65,$0,$0,$0,$-33,$-46,$-79,$-3,$-82,$-111,$0,$-111,$-24,$-24,$0,$0,$-135,$-152,$0,$0
47,2006-12-31,480.1,$229.78,2.09,$251.21,1.91,$102.40,4.69,$39.42,12.18,$2.24B,$6.65B,0.34,$0.86B,$2.30B,0.37,$2.52B,$0.62B,24.57%,$2.52B,$0.62B,24.57%,$2.52B,$0.62B,24.57%,$2.52B,$0.62B,24.57%,$2.52B,$0.55B,21.99%,$2.52B,$0.39B,15.56%,$0.39B,$2.30B,20.32%,$0.39B,$1.96B,24.67%,$0.39B,$10.09B,3.97%,$0.62B,$3.16B,22.10%,$650,$467,$183,$0,$0,$467,$183,$-17,$166,$44,$121,$121,$121,$183,$183,$10,10,$12.43,$12.15,$555,$0,$0,$2241,$0,$6980,$340,$309,$7848,$10088,$6651,$858,$283,$1141,$7792,$855,$1016,$426,$2296,$10088,$393,$34,$-33,$1,$12,$0,$27,$107,$146,$510,$-9,$0,$0,$111,$-457,$-346,$2,$-353,$104,$0,$104,$-46,$-46,$0,$-0,$59,$221,$0,$0
