,Date,Stock Price,Book Value per Share,Price to Book Ratio,TTM Sales per Share,Price to Sales Ratio,TTM FCF per Share,Price to FCF Ratio,TTM Net EPS,PE Ratio,Current Assets,Current Liabilities,Current Ratio,Long Term Debt,Shareholder's Equity_x,Debt to Equity Ratio,TTM Revenue_x,TTM Gross Profit,Gross Margin,TTM Revenue_y,TTM Operating Income,Operating Margin,TTM Revenue_x,TTM EBIT,EBIT Margin,TTM Revenue_y,TTM EBITDA,EBITDA Margin,TTM Revenue_x,TTM Pre-Tax Income,Pre-Tax Margin,TTM Revenue_y,TTM Net Income_x,Net Margin,TTM Net Income_y,Shareholder's Equity_y,Return on Equity,TTM Net Income_x,Tangible Equity,Return on Tangible Equity,TTM Net Income_y,Total Assets,Return on Assets,TTM Net Income,LT Investments & Debt,Return on Investment,revenue,cost-goods-sold,gross-profit,research-development-expenses,selling-general-administrative-expenses,operating-expenses,operating-income,total-non-operating-income-expense,pre-tax-income,total-provision-income-taxes,income-after-taxes,income-from-continuous-operations,net-income,ebitda,ebit,basic-shares-outstanding,shares-outstanding,eps-basic-net-earnings-per-share,eps-earnings-per-share-diluted,cash-on-hand,inventory,other-current-assets,total-current-assets,net-property-plant-equipment,long-term-investments,goodwill-intangible-assets-total,other-long-term-assets,total-long-term-assets,total-assets,total-current-liabilities,long-term-debt,other-non-current-liabilities,total-long-term-liabilities,total-liabilities,common-stock-net,retained-earnings-accumulated-deficit,comprehensive-income,total-share-holder-equity,total-liabilities-share-holders-equity,net-income-loss,total-depreciation-amortization-cash-flow,other-non-cash-items,total-non-cash-items,change-in-accounts-receivable,change-in-inventories,change-in-accounts-payable,change-in-assets-liabilities,total-change-in-assets-liabilities,cash-flow-from-operating-activities,net-change-in-property-plant-equipment,net-change-in-intangible-assets,net-acquisitions-divestitures,net-change-in-short-term-investments,net-change-in-long-term-investments,net-change-in-investments-total,investing-activities-other,cash-flow-from-investing-activities,net-long-term-debt,net-current-debt,debt-issuance-retirement-net-total,net-common-equity-issued-repurchased,net-total-equity-issued-repurchased,total-common-preferred-stock-dividends-paid,financial-activities-other,cash-flow-from-financial-activities,net-cash-flow,stock-based-compensation,common-stock-dividends-paid
0,2018-09-30,80.15,$33.53,2.39,$38.55,2.08,$14.33,5.59,$7.23,11.09,$1.41B,$0.26B,5.38,$0.34B,$1.81B,0.19,$2.13B,$1.01B,47.41%,$2.13B,$0.52B,24.46%,$2.13B,$0.52B,24.46%,$2.13B,$0.61B,28.55%,$2.13B,$0.50B,23.61%,$2.13B,$0.40B,18.77%,$0.40B,$1.81B,23.14%,$0.40B,$0.89B,50.81%,$0.40B,$2.57B,15.91%,$0.52B,$2.15B,25.01%,$487,$255,$232,$32,$71,$370,$117,$-3,$115,$21,$93,$93,$93,$137,$117,$54,55,$1.71,$1.70,$620,$399,$75,$1412,$180,$10,$919,$42,$1152,$2565,$262,$343,$87,$492,$754,$0,$1024,$0,$1810,$2565,$321,$64,$35,$99,$-23,$-80,$-0,$-9,$-142,$278,$-37,$0,$0,$0,$-11,$-11,$0,$-47,$-50,$3,$-47,$-89,$-89,$-32,$0,$-167,$66,$22,$-32
1,2018-06-30,95.7,$32.88,2.91,$38.51,2.48,$14.59,6.56,$6.91,13.85,$1.42B,$0.28B,5.03,$0.34B,$1.80B,0.19,$2.13B,$1.00B,47.25%,$2.13B,$0.51B,24.14%,$2.13B,$0.51B,24.14%,$2.13B,$0.60B,28.38%,$2.13B,$0.49B,22.96%,$2.13B,$0.38B,17.98%,$0.38B,$1.80B,23.17%,$0.38B,$0.87B,54.73%,$0.38B,$2.57B,15.53%,$0.51B,$2.14B,25.31%,$573,$298,$275,$37,$77,$422,$151,$-3,$149,$26,$123,$123,$123,$172,$151,$55,55,$2.25,$2.22,$631,$385,$62,$1418,$174,$10,$931,$40,$1156,$2573,$282,$342,$83,$490,$772,$0,$1005,$3,$1801,$2573,$228,$43,$29,$73,$-43,$-60,$6,$6,$-118,$182,$-22,$0,$0,$0,$5,$5,$0,$-17,$-50,$9,$-41,$-13,$-13,$-21,$0,$-75,$94,$17,$-21
2,2018-03-31,115.45,$31.17,3.7,$36.88,3.13,$14.70,7.85,$6.88,16.78,$1.31B,$0.29B,4.5,$0.34B,$1.70B,0.2,$2.03B,$0.95B,46.68%,$2.03B,$0.46B,22.38%,$2.03B,$0.46B,22.38%,$2.03B,$0.55B,26.81%,$2.03B,$0.50B,24.45%,$2.03B,$0.38B,18.64%,$0.38B,$1.70B,24.35%,$0.38B,$0.75B,63.72%,$0.38B,$2.48B,15.71%,$0.46B,$2.04B,22.91%,$554,$291,$263,$35,$83,$423,$132,$-5,$127,$22,$105,$105,$105,$154,$132,$54,55,$1.93,$1.90,$542,$366,$59,$1308,$173,$11,$950,$40,$1173,$2481,$291,$341,$89,$492,$783,$0,$893,$14,$1698,$2481,$105,$23,$15,$38,$-37,$-28,$9,$10,$-70,$73,$-9,$0,$0,$0,$9,$9,$0,$-1,$-38,$-10,$-48,$-9,$-9,$-10,$0,$-67,$7,$10,$-10
3,2017-12-31,94.18,$29.23,3.22,$34.81,2.71,$14.68,6.42,$6.16,15.29,$1.24B,$0.29B,4.27,$0.39B,$1.59B,0.25,$1.92B,$0.89B,46.56%,$1.92B,$0.41B,21.24%,$1.92B,$0.41B,21.24%,$1.92B,$0.50B,26.04%,$1.92B,$0.45B,23.33%,$1.92B,$0.34B,17.69%,$0.34B,$1.59B,23.25%,$0.34B,$0.63B,69.61%,$0.34B,$2.41B,14.44%,$0.41B,$1.98B,20.97%,$512,$273,$238,$33,$73,$392,$120,$-9,$111,$33,$78,$78,$78,$144,$120,$54,55,$1.43,$1.41,$543,$339,$54,$1236,$172,$11,$957,$38,$1178,$2414,$290,$390,$84,$535,$825,$0,$796,$3,$1589,$2414,$339,$93,$-27,$67,$-44,$-72,$11,$9,$-50,$355,$-31,$0,$73,$0,$-19,$-19,$0,$23,$-228,$-1,$-229,$-12,$-12,$-38,$5,$-275,$105,$24,$-38
4,2017-09-30,93.97,$27.77,3.38,$33.02,2.85,$11.78,7.98,$5.58,16.84,$1.20B,$0.28B,4.23,$0.44B,$1.51B,0.29,$1.81B,$0.84B,46.27%,$1.81B,$0.35B,19.35%,$1.81B,$0.35B,19.35%,$1.81B,$0.44B,24.43%,$1.81B,$0.39B,21.34%,$1.81B,$0.31B,16.92%,$0.31B,$1.51B,22.32%,$0.31B,$0.54B,78.36%,$0.31B,$2.37B,13.32%,$0.35B,$1.94B,18.36%,$486,$258,$228,$33,$71,$376,$110,$-9,$101,$25,$76,$76,$76,$133,$110,$54,55,$1.40,$1.38,$535,$319,$61,$1195,$167,$11,$965,$32,$1175,$2370,$283,$436,$73,$580,$863,$0,$728,$-3,$1508,$2370,$261,$69,$-25,$44,$-26,$-51,$7,$13,$-31,$274,$-18,$0,$73,$0,$-39,$-39,$0,$16,$-178,$-0,$-178,$-15,$-15,$-28,$0,$-221,$72,$20,$-28
5,2017-06-30,66.81,$26.34,2.54,$31.20,2.14,$9.24,7.23,$4.80,13.92,$1.20B,$0.26B,4.66,$0.55B,$1.43B,0.39,$1.70B,$0.78B,45.60%,$1.70B,$0.29B,17.19%,$1.70B,$0.29B,17.19%,$1.70B,$0.39B,23.06%,$1.70B,$0.33B,19.19%,$1.70B,$0.26B,15.43%,$0.26B,$1.43B,20.26%,$0.26B,$0.46B,86.16%,$0.26B,$2.39B,11.61%,$0.29B,$1.98B,15.55%,$481,$261,$220,$34,$72,$388,$93,$65,$158,$38,$120,$120,$120,$114,$93,$54,55,$2.22,$2.19,$577,$305,$52,$1202,$167,$10,$973,$32,$1183,$2385,$258,$552,$73,$697,$955,$0,$661,$-11,$1430,$2385,$186,$46,$-33,$13,$-16,$-34,$3,$2,$-23,$175,$-10,$0,$73,$0,$41,$41,$0,$104,$-53,$-1,$-54,$-13,$-13,$-19,$0,$-86,$194,$15,$-19
6,2017-03-31,68.1,$24.22,2.81,$28.51,2.39,$7.06,9.65,$2.78,24.5,$1.02B,$0.23B,4.43,$0.55B,$1.31B,0.42,$1.55B,$0.69B,44.74%,$1.55B,$0.22B,14.14%,$1.55B,$0.22B,14.14%,$1.55B,$0.33B,21.11%,$1.55B,$0.18B,11.68%,$1.55B,$0.15B,9.81%,$0.15B,$1.31B,12.30%,$0.15B,$0.32B,65.66%,$0.15B,$2.22B,6.82%,$0.22B,$1.86B,11.78%,$437,$232,$206,$33,$74,$354,$84,$-6,$77,$12,$65,$65,$65,$108,$84,$54,55,$1.21,$1.18,$416,$286,$52,$1022,$170,$10,$987,$32,$1199,$2221,$230,$552,$68,$685,$915,$0,$550,$-28,$1305,$2221,$65,$25,$12,$37,$-15,$-12,$1,$-1,$-36,$66,$-4,$0,$0,$0,$35,$35,$0,$30,$-51,$-1,$-52,$-3,$-3,$-9,$0,$-65,$27,$9,$-9
7,2016-12-31,58.69,$23.14,2.54,$23.99,2.45,$6.32,9.28,$1.93,30.41,$1.00B,$0.24B,4.21,$0.60B,$1.24B,0.48,$1.30B,$0.57B,43.60%,$1.30B,$0.16B,12.19%,$1.30B,$0.16B,12.19%,$1.30B,$0.25B,19.06%,$1.30B,$0.13B,9.88%,$1.30B,$0.11B,8.10%,$0.11B,$1.24B,8.73%,$0.11B,$0.25B,27.34%,$0.11B,$2.21B,5.26%,$0.16B,$1.84B,9.37%,$405,$222,$183,$33,$68,$343,$63,$-13,$50,$4,$45,$45,$45,$87,$63,$53,54,$0.85,$0.84,$423,$276,$51,$999,$175,$10,$997,$32,$1213,$2212,$237,$601,$65,$733,$970,$0,$495,$-31,$1242,$2212,$105,$90,$7,$98,$-58,$-14,$16,$-8,$-22,$180,$-19,$0,$-940,$0,$231,$231,$0,$-727,$591,$7,$598,$-3,$-3,$-36,$-4,$554,$1,$25,$-36
8,2016-09-30,48.99,$22.69,2.16,$19.71,2.49,$5.70,8.6,$1.58,31.01,$1.00B,$0.23B,4.35,$0.64B,$1.22B,0.53,$1.06B,$0.46B,42.80%,$1.06B,$0.12B,11.01%,$1.06B,$0.12B,11.01%,$1.06B,$0.19B,17.69%,$1.06B,$0.10B,9.50%,$1.06B,$0.09B,8.09%,$0.09B,$1.22B,7.27%,$0.09B,$0.20B,15.58%,$0.09B,$2.24B,4.88%,$0.12B,$1.86B,7.72%,$381,$212,$168,$32,$68,$328,$53,$-11,$42,$10,$33,$33,$33,$84,$53,$54,54,$0.61,$0.60,$426,$279,$54,$1002,$180,$15,$1014,$30,$1239,$2242,$230,$639,$65,$796,$1026,$0,$458,$-13,$1216,$2242,$59,$65,$21,$86,$-45,$-5,$14,$-8,$-18,$127,$-12,$0,$-940,$0,$370,$370,$0,$-581,$632,$7,$639,$-5,$-5,$-27,$-5,$602,$139,$20,$-27
9,2016-06-30,42.27,$22.06,1.92,$16.61,2.54,$5.19,8.15,$1.54,27.45,$1.00B,$0.21B,4.82,$0.70B,$1.18B,0.59,$0.89B,$0.38B,42.76%,$0.89B,$0.11B,11.78%,$0.89B,$0.11B,11.78%,$0.89B,$0.15B,16.95%,$0.89B,$0.10B,11.34%,$0.89B,$0.08B,9.32%,$0.08B,$1.18B,7.12%,$0.08B,$0.16B,11.42%,$0.08B,$2.25B,5.44%,$0.11B,$1.88B,7.84%,$326,$190,$136,$28,$60,$307,$19,$-7,$12,$3,$9,$9,$9,$48,$19,$53,54,$0.17,$0.17,$431,$278,$58,$1002,$184,$15,$1020,$25,$1244,$2245,$208,$697,$57,$856,$1064,$0,$435,$-19,$1182,$2245,$27,$34,$22,$57,$-36,$4,$7,$-14,$-32,$52,$-7,$0,$-940,$0,$351,$351,$0,$-596,$694,$8,$702,$-4,$-4,$-18,$-5,$675,$127,$15,$-18
10,2016-03-31,36.8,$21.97,1.68,$14.62,2.52,$5.35,6.88,$1.99,18.49,$0.96B,$0.10B,9.79,$0.00B,$1.17B,0.0,$0.78B,$0.34B,43.93%,$0.78B,$0.13B,16.86%,$0.78B,$0.13B,16.86%,$0.78B,$0.16B,19.80%,$0.78B,$0.14B,17.37%,$0.78B,$0.11B,13.67%,$0.11B,$1.17B,9.29%,$0.11B,$0.93B,11.80%,$0.11B,$1.29B,8.33%,$0.13B,$1.17B,11.46%,$184,$106,$78,$17,$34,$161,$23,$1,$24,$6,$18,$18,$18,$28,$23,$53,54,$0.33,$0.33,$667,$152,$27,$959,$68,$0,$243,$21,$332,$1291,$98,$0,$22,$22,$120,$0,$435,$-10,$1171,$1291,$18,$5,$7,$13,$-10,$-1,$5,$4,$-7,$23,$-2,$0,$0,$0,$123,$123,$0,$121,$0,$0,$0,$-4,$-4,$-9,$0,$-13,$130,$4,$-9
11,2015-12-31,35.01,$21.82,1.6,$15.19,2.3,$5.28,6.64,$2.29,15.29,$0.94B,$0.09B,10.33,$0.00B,$1.16B,0.0,$0.81B,$0.36B,44.65%,$0.81B,$0.16B,19.19%,$0.81B,$0.16B,19.19%,$0.81B,$0.18B,22.14%,$0.81B,$0.16B,19.68%,$0.81B,$0.12B,15.13%,$0.12B,$1.16B,10.83%,$0.12B,$0.92B,13.84%,$0.12B,$1.27B,9.65%,$0.16B,$1.16B,13.74%,$172,$100,$73,$17,$32,$150,$22,$1,$23,$-2,$26,$26,$26,$28,$22,$53,54,$0.49,$0.47,$658,$153,$18,$940,$69,$0,$244,$21,$334,$1273,$91,$0,$19,$21,$112,$0,$427,$-11,$1161,$1273,$122,$22,$26,$48,$2,$-15,$-11,$-4,$-32,$138,$-12,$0,$-10,$0,$-145,$-145,$0,$-167,$0,$0,$0,$-12,$-12,$-36,$1,$-47,$-78,$13,$-36
12,2015-09-30,32.45,$21.53,1.51,$15.76,2.06,$4.58,7.08,$2.45,13.25,$0.72B,$0.11B,6.69,$0.00B,$1.15B,0.0,$0.84B,$0.38B,44.91%,$0.84B,$0.17B,20.50%,$0.84B,$0.17B,20.50%,$0.84B,$0.20B,23.46%,$0.84B,$0.18B,20.85%,$0.84B,$0.13B,15.52%,$0.13B,$1.15B,11.74%,$0.13B,$0.90B,15.05%,$0.13B,$1.29B,10.38%,$0.17B,$1.15B,15.51%,$209,$115,$94,$17,$33,$168,$41,$1,$42,$12,$30,$30,$30,$47,$41,$53,54,$0.56,$0.56,$392,$168,$29,$719,$69,$241,$245,$19,$574,$1293,$108,$0,$39,$39,$147,$0,$413,$-8,$1147,$1293,$97,$17,$16,$33,$-11,$-25,$-8,$-4,$-34,$96,$-9,$0,$-10,$0,$-152,$-152,$0,$-170,$0,$0,$0,$-10,$-10,$-27,$1,$-36,$-110,$10,$-27
13,2015-06-30,36.54,$21.16,1.73,$15.36,2.38,$4.09,8.94,$2.44,14.97,$0.69B,$0.11B,6.14,$0.00B,$1.13B,0.0,$0.82B,$0.36B,44.28%,$0.82B,$0.16B,19.46%,$0.82B,$0.16B,19.46%,$0.82B,$0.19B,22.51%,$0.82B,$0.16B,19.83%,$0.82B,$0.13B,15.82%,$0.13B,$1.13B,11.89%,$0.13B,$0.88B,15.31%,$0.13B,$1.28B,10.46%,$0.16B,$1.13B,14.63%,$218,$119,$99,$18,$33,$172,$46,$1,$47,$14,$33,$33,$33,$52,$46,$53,54,$0.62,$0.62,$356,$166,$28,$688,$70,$257,$248,$18,$593,$1280,$112,$0,$39,$39,$151,$0,$395,$-6,$1129,$1280,$67,$11,$13,$24,$-19,$-18,$-0,$1,$-33,$58,$-5,$0,$-10,$0,$-147,$-147,$0,$-163,$0,$0,$0,$-5,$-5,$-18,$1,$-22,$-127,$7,$-18
14,2015-03-31,32.41,$20.73,1.56,$14.74,2.2,$3.48,9.3,$2.22,14.6,$0.68B,$0.10B,6.5,$0.00B,$1.11B,0.0,$0.79B,$0.35B,43.73%,$0.79B,$0.15B,18.38%,$0.79B,$0.15B,18.38%,$0.79B,$0.17B,21.29%,$0.79B,$0.15B,18.63%,$0.79B,$0.12B,14.96%,$0.12B,$1.11B,11.00%,$0.12B,$0.86B,14.24%,$0.12B,$1.25B,9.65%,$0.15B,$1.11B,13.52%,$214,$117,$97,$17,$31,$167,$47,$1,$48,$14,$34,$34,$34,$53,$47,$53,54,$0.63,$0.63,$351,$164,$22,$675,$71,$237,$249,$17,$574,$1250,$104,$0,$41,$41,$145,$0,$374,$-6,$1105,$1250,$34,$6,$6,$11,$-19,$-13,$4,$6,$-26,$20,$-3,$0,$-10,$0,$-109,$-109,$0,$-121,$0,$0,$0,$-2,$-2,$-9,$1,$-10,$-113,$3,$-9
15,2014-12-31,34.93,$20.35,1.72,$14.58,2.39,$3.29,10.61,$2.17,16.1,$0.90B,$0.10B,8.64,$0.00B,$1.08B,0.0,$0.78B,$0.34B,43.15%,$0.78B,$0.14B,17.41%,$0.78B,$0.14B,17.41%,$0.78B,$0.16B,20.10%,$0.78B,$0.14B,17.54%,$0.78B,$0.12B,14.72%,$0.12B,$1.08B,10.87%,$0.12B,$0.84B,13.77%,$0.12B,$1.22B,9.46%,$0.14B,$1.08B,12.86%,$203,$114,$89,$16,$33,$164,$39,$0,$39,$5,$34,$34,$34,$46,$39,$53,54,$0.64,$0.63,$592,$155,$28,$895,$73,$0,$239,$17,$329,$1224,$104,$0,$39,$39,$142,$0,$349,$-2,$1082,$1224,$116,$23,$29,$52,$6,$-23,$-5,$3,$-66,$102,$-13,$0,$-87,$0,$74,$74,$2,$-25,$0,$0,$0,$-18,$-18,$-35,$0,$-53,$17,$11,$-35
16,2014-09-30,31.71,$19.95,1.59,$14.61,2.17,$2.82,11.23,$1.91,16.6,$0.74B,$0.11B,7.03,$0.00B,$1.06B,0.0,$0.78B,$0.34B,42.97%,$0.78B,$0.13B,16.37%,$0.78B,$0.13B,16.37%,$0.78B,$0.15B,18.67%,$0.78B,$0.13B,16.50%,$0.78B,$0.10B,12.92%,$0.10B,$1.06B,9.69%,$0.10B,$0.82B,12.04%,$0.10B,$1.22B,8.33%,$0.13B,$1.06B,12.28%,$187,$107,$79,$16,$32,$159,$28,$0,$29,$-1,$29,$29,$29,$34,$28,$53,53,$0.55,$0.55,$435,$154,$29,$737,$74,$135,$242,$30,$480,$1217,$105,$0,$54,$54,$159,$0,$324,$5,$1059,$1217,$82,$15,$18,$33,$9,$-14,$-9,$7,$-47,$68,$-8,$0,$-87,$0,$86,$86,$0,$-9,$0,$0,$0,$-20,$-20,$-26,$0,$-46,$7,$9,$-26
17,2014-06-30,29.53,$19.67,1.5,$14.22,2.08,$2.31,12.78,$1.41,20.95,$0.76B,$0.09B,8.23,$0.00B,$1.04B,0.0,$0.76B,$0.32B,41.92%,$0.76B,$0.11B,14.72%,$0.76B,$0.11B,14.72%,$0.76B,$0.13B,16.95%,$0.76B,$0.11B,14.85%,$0.76B,$0.07B,9.72%,$0.07B,$1.04B,7.19%,$0.07B,$0.80B,8.76%,$0.07B,$1.20B,6.16%,$0.11B,$1.04B,10.88%,$185,$105,$80,$15,$32,$154,$31,$0,$31,$10,$21,$21,$21,$35,$31,$53,54,$0.40,$0.40,$465,$156,$30,$763,$76,$81,$244,$34,$435,$1198,$93,$0,$62,$62,$155,$0,$303,$13,$1043,$1198,$52,$9,$13,$22,$16,$-12,$-14,$1,$-47,$28,$-7,$0,$-87,$0,$78,$78,$0,$-16,$0,$0,$0,$-21,$-21,$-17,$0,$-38,$-26,$6,$-17
18,2014-03-31,28.1,$19.56,1.44,$13.71,2.05,$1.91,14.68,$1.15,24.43,$0.90B,$0.12B,7.71,$0.00B,$1.05B,0.0,$0.73B,$0.30B,41.06%,$0.73B,$0.09B,12.41%,$0.73B,$0.09B,12.41%,$0.73B,$0.11B,14.87%,$0.73B,$0.09B,12.69%,$0.73B,$0.06B,8.19%,$0.06B,$1.05B,5.89%,$0.06B,$0.88B,7.01%,$0.06B,$1.22B,5.07%,$0.09B,$1.05B,8.93%,$206,$117,$89,$16,$35,$169,$38,$0,$38,$7,$31,$31,$31,$42,$38,$53,54,$0.58,$0.58,$594,$148,$19,$896,$76,$54,$164,$34,$327,$1223,$116,$0,$61,$61,$177,$0,$301,$12,$1046,$1223,$31,$4,$2,$6,$-3,$-7,$-5,$0,$-27,$10,$-3,$0,$0,$0,$1,$1,$0,$-2,$0,$0,$0,$-2,$-2,$-9,$0,$-10,$-2,$3,$-9
19,2013-12-31,27.98,$19.14,1.46,$12.53,2.23,$1.77,15.8,$0.68,41.14,$0.88B,$0.13B,6.85,$0.00B,$1.02B,0.0,$0.67B,$0.27B,39.91%,$0.67B,$0.06B,8.67%,$0.67B,$0.06B,8.67%,$0.67B,$0.08B,11.36%,$0.67B,$0.06B,8.97%,$0.67B,$0.04B,5.23%,$0.04B,$1.02B,3.47%,$0.04B,$0.86B,4.14%,$0.04B,$1.21B,3.02%,$0.06B,$1.02B,5.75%,$204,$117,$88,$16,$40,$173,$31,$0,$31,$11,$20,$20,$20,$35,$31,$53,53,$0.37,$0.37,$590,$143,$17,$879,$78,$60,$164,$32,$334,$1213,$128,$0,$63,$63,$191,$0,$279,$12,$1022,$1213,$36,$17,$32,$50,$-36,$-30,$23,$-5,$-9,$76,$-12,$0,$-2,$0,$-22,$-22,$-0,$-37,$0,$-1,$-1,$-3,$-3,$-34,$1,$-37,$1,$14,$-34
20,2013-09-30,24.73,$18.91,1.31,$11.22,2.2,$2.82,8.76,$0.38,65.08,$0.89B,$0.10B,9.29,$0.00B,$1.01B,0.0,$0.60B,$0.23B,38.73%,$0.60B,$0.03B,5.68%,$0.60B,$0.03B,5.68%,$0.60B,$0.05B,8.68%,$0.60B,$0.04B,6.01%,$0.60B,$0.02B,3.17%,$0.02B,$1.01B,1.89%,$0.02B,$0.84B,2.25%,$0.02B,$1.17B,1.66%,$0.03B,$1.01B,3.38%,$166,$104,$62,$15,$33,$154,$12,$0,$13,$10,$2,$2,$2,$17,$12,$53,54,$0.05,$0.05,$621,$136,$29,$894,$78,$5,$164,$31,$278,$1172,$96,$0,$70,$70,$167,$0,$267,$12,$1005,$1172,$16,$13,$32,$45,$-18,$-18,$10,$-4,$-19,$42,$-9,$0,$-2,$0,$-31,$-31,$-0,$-43,$0,$-1,$-1,$-5,$-5,$-25,$1,$-31,$-33,$12,$-25
21,2013-06-30,24.53,$18.89,1.3,$10.76,2.28,$4.14,5.92,$0.38,64.55,$0.86B,$0.08B,10.83,$0.00B,$1.00B,0.0,$0.57B,$0.23B,39.55%,$0.57B,$0.03B,4.88%,$0.57B,$0.03B,4.88%,$0.57B,$0.05B,7.84%,$0.57B,$0.03B,5.23%,$0.57B,$0.02B,3.48%,$0.02B,$1.00B,1.98%,$0.02B,$0.84B,2.36%,$0.02B,$1.13B,1.76%,$0.03B,$1.00B,2.78%,$157,$95,$62,$17,$35,$147,$10,$0,$11,$3,$7,$7,$7,$15,$10,$53,53,$0.14,$0.14,$582,$137,$38,$862,$79,$16,$163,$11,$269,$1130,$80,$0,$47,$47,$126,$0,$273,$7,$1004,$1130,$13,$8,$19,$28,$-16,$-11,$8,$-12,$-35,$6,$-6,$0,$-2,$0,$-23,$-23,$-0,$-31,$0,$-1,$-1,$-5,$-5,$-17,$1,$-22,$-52,$9,$-17
22,2013-03-31,25.0,$19.00,1.32,$11.16,2.24,$5.55,4.51,$0.59,42.37,$0.86B,$0.08B,11.19,$0.00B,$1.00B,0.0,$0.59B,$0.24B,40.74%,$0.59B,$0.05B,7.74%,$0.59B,$0.05B,7.74%,$0.59B,$0.06B,10.27%,$0.59B,$0.05B,7.91%,$0.59B,$0.03B,5.39%,$0.03B,$1.00B,3.17%,$0.03B,$0.84B,3.75%,$0.03B,$1.13B,2.81%,$0.05B,$1.00B,4.55%,$142,$87,$55,$15,$34,$137,$5,$0,$5,$-1,$6,$6,$6,$9,$5,$53,53,$0.11,$0.11,$598,$131,$30,$859,$80,$10,$164,$13,$267,$1125,$77,$0,$46,$46,$122,$0,$275,$8,$1003,$1125,$6,$4,$9,$13,$-10,$-0,$5,$-5,$-16,$2,$-3,$0,$-2,$0,$-2,$-2,$0,$-7,$0,$0,$0,$-3,$-3,$-8,$0,$-11,$-21,$4,$-8
23,2012-12-31,23.55,$19.19,1.23,$12.09,1.95,$5.99,3.93,$0.91,25.88,$0.87B,$0.08B,10.95,$0.00B,$1.01B,0.0,$0.64B,$0.27B,42.15%,$0.64B,$0.07B,11.51%,$0.64B,$0.07B,11.51%,$0.64B,$0.09B,13.84%,$0.64B,$0.08B,11.82%,$0.64B,$0.05B,7.62%,$0.05B,$1.01B,4.84%,$0.05B,$0.85B,5.70%,$0.05B,$1.15B,4.30%,$0.07B,$1.01B,7.31%,$134,$81,$53,$14,$31,$127,$7,$0,$7,$3,$4,$4,$4,$11,$7,$53,53,$0.08,$0.07,$615,$135,$28,$868,$81,$12,$162,$29,$284,$1153,$79,$0,$61,$61,$140,$0,$279,$15,$1012,$1153,$48,$14,$31,$45,$38,$5,$-8,$9,$44,$137,$-18,$0,$-23,$0,$-76,$-76,$-1,$-118,$0,$-6,$-6,$-10,$-10,$-33,$2,$-47,$-25,$13,$-33
24,2012-09-30,23.13,$19.22,1.2,$12.82,1.8,$6.41,3.61,$1.26,18.36,$0.85B,$0.09B,9.56,$0.00B,$1.02B,0.0,$0.68B,$0.29B,43.17%,$0.68B,$0.10B,14.24%,$0.68B,$0.10B,14.24%,$0.68B,$0.11B,16.30%,$0.68B,$0.10B,14.54%,$0.68B,$0.07B,9.99%,$0.07B,$1.02B,6.76%,$0.07B,$0.85B,7.91%,$0.07B,$1.14B,6.01%,$0.10B,$1.02B,9.64%,$141,$85,$57,$14,$30,$135,$6,$0,$7,$4,$3,$3,$3,$10,$6,$53,53,$0.05,$0.05,$584,$146,$25,$853,$77,$40,$162,$10,$289,$1142,$89,$0,$38,$38,$127,$0,$285,$15,$1015,$1142,$44,$10,$24,$34,$34,$-1,$-9,$3,$36,$114,$-11,$0,$-24,$0,$-75,$-75,$-0,$-111,$0,$-2,$-2,$-8,$-8,$-24,$2,$-32,$-28,$10,$-24
25,2012-06-30,26.04,$19.19,1.36,$13.84,1.88,$6.27,4.15,$1.78,14.63,$0.89B,$0.09B,10.54,$0.00B,$1.01B,0.0,$0.74B,$0.33B,44.22%,$0.74B,$0.13B,17.96%,$0.74B,$0.13B,17.96%,$0.74B,$0.15B,19.73%,$0.74B,$0.13B,18.10%,$0.74B,$0.10B,12.93%,$0.10B,$1.01B,9.54%,$0.10B,$0.87B,11.12%,$0.10B,$1.14B,8.50%,$0.13B,$1.01B,13.26%,$177,$101,$77,$16,$33,$150,$28,$0,$28,$9,$19,$19,$19,$31,$28,$53,53,$0.35,$0.35,$606,$146,$25,$892,$74,$18,$141,$11,$243,$1135,$85,$0,$36,$36,$121,$0,$292,$10,$1014,$1135,$41,$7,$16,$23,$15,$-1,$-1,$4,$18,$82,$-8,$0,$0,$0,$46,$46,$-0,$38,$0,$-2,$-2,$-6,$-6,$-16,$2,$-22,$96,$7,$-16
26,2012-03-31,26.49,$19.15,1.38,$14.75,1.8,$5.87,4.51,$2.16,12.26,$0.88B,$0.09B,10.11,$0.00B,$1.01B,0.0,$0.78B,$0.35B,45.14%,$0.78B,$0.16B,20.59%,$0.78B,$0.16B,20.59%,$0.78B,$0.18B,22.38%,$0.78B,$0.16B,20.84%,$0.78B,$0.12B,14.71%,$0.12B,$1.01B,11.74%,$0.12B,$0.87B,13.72%,$0.12B,$1.13B,10.42%,$0.16B,$1.01B,16.44%,$191,$107,$84,$16,$34,$157,$33,$0,$34,$11,$23,$23,$23,$37,$33,$53,53,$0.43,$0.43,$569,$148,$25,$884,$74,$16,$141,$12,$244,$1128,$87,$0,$34,$34,$122,$0,$282,$15,$1006,$1128,$23,$3,$8,$12,$-12,$1,$-2,$4,$-7,$27,$-5,$0,$0,$0,$20,$20,$-0,$15,$0,$-2,$-2,$-4,$-4,$-8,$1,$-12,$33,$3,$-8
27,2011-12-31,24.83,$18.86,1.32,$15.59,1.59,$5.91,4.2,$2.46,10.1,$0.89B,$0.10B,9.18,$0.00B,$0.99B,0.0,$0.82B,$0.38B,45.57%,$0.82B,$0.19B,22.48%,$0.82B,$0.19B,22.48%,$0.82B,$0.20B,24.06%,$0.82B,$0.19B,22.60%,$0.82B,$0.13B,15.80%,$0.13B,$0.99B,13.60%,$0.13B,$0.85B,15.96%,$0.13B,$1.12B,11.99%,$0.19B,$0.99B,19.36%,$172,$96,$76,$14,$31,$142,$30,$0,$30,$8,$23,$23,$23,$33,$30,$52,53,$0.43,$0.42,$566,$154,$34,$885,$72,$8,$141,$12,$234,$1119,$96,$0,$32,$32,$129,$0,$269,$14,$990,$1119,$130,$13,$29,$42,$18,$-12,$-12,$-8,$-16,$156,$-16,$0,$0,$0,$10,$10,$-0,$-6,$0,$2,$2,$27,$27,$-31,$5,$2,$150,$11,$-31
28,2011-09-30,19.26,$18.55,1.04,$16.64,1.16,$6.15,3.13,$2.73,7.06,$0.85B,$0.08B,10.25,$0.00B,$0.97B,0.0,$0.87B,$0.40B,45.52%,$0.87B,$0.20B,23.33%,$0.87B,$0.20B,23.33%,$0.87B,$0.22B,24.94%,$0.87B,$0.21B,23.56%,$0.87B,$0.14B,16.44%,$0.14B,$0.97B,15.54%,$0.14B,$0.83B,18.37%,$0.14B,$1.09B,13.62%,$0.20B,$0.97B,22.07%,$195,$107,$88,$14,$32,$153,$41,$0,$41,$11,$30,$30,$30,$44,$41,$52,53,$0.58,$0.57,$526,$161,$28,$850,$70,$9,$141,$17,$237,$1088,$83,$0,$32,$32,$115,$0,$255,$14,$973,$1088,$107,$10,$18,$27,$14,$-15,$-14,$-10,$-30,$105,$-10,$0,$0,$0,$-48,$-48,$-0,$-59,$0,$1,$1,$26,$26,$-23,$5,$9,$54,$9,$-23
29,2011-06-30,23.29,$18.10,1.29,$17.31,1.35,$5.63,4.14,$2.92,7.98,$0.85B,$0.10B,8.33,$0.00B,$0.95B,0.0,$0.90B,$0.41B,45.42%,$0.90B,$0.22B,24.22%,$0.90B,$0.22B,24.22%,$0.90B,$0.23B,25.89%,$0.90B,$0.22B,24.44%,$0.90B,$0.15B,16.96%,$0.15B,$0.95B,17.33%,$0.15B,$0.81B,20.65%,$0.15B,$1.08B,15.02%,$0.22B,$0.95B,24.74%,$224,$119,$105,$16,$32,$167,$57,$0,$58,$19,$39,$39,$39,$61,$57,$52,53,$0.74,$0.73,$496,$164,$24,$850,$70,$5,$141,$15,$231,$1081,$102,$0,$30,$30,$132,$0,$232,$17,$949,$1081,$77,$6,$10,$16,$-11,$-13,$-3,$-10,$-34,$59,$-6,$0,$0,$0,$-5,$-5,$-0,$-11,$0,$1,$1,$25,$25,$-16,$5,$15,$64,$6,$-16
30,2011-03-31,29.19,$17.45,1.67,$17.40,1.68,$5.28,5.53,$2.95,9.89,$0.82B,$0.11B,7.48,$0.00B,$0.91B,0.0,$0.89B,$0.40B,44.68%,$0.89B,$0.21B,23.52%,$0.89B,$0.21B,23.52%,$0.89B,$0.22B,25.08%,$0.89B,$0.21B,23.63%,$0.89B,$0.15B,17.02%,$0.15B,$0.91B,18.35%,$0.15B,$0.77B,22.11%,$0.15B,$1.05B,15.79%,$0.21B,$0.91B,25.35%,$232,$125,$106,$17,$33,$175,$57,$0,$57,$19,$38,$38,$38,$60,$57,$51,52,$0.74,$0.73,$479,$160,$15,$824,$69,$1,$142,$14,$226,$1049,$110,$0,$28,$28,$138,$0,$202,$15,$911,$1049,$38,$3,$4,$7,$-17,$-6,$-2,$-1,$-18,$27,$-2,$0,$0,$0,$49,$49,$-0,$46,$0,$2,$2,$23,$23,$-8,$5,$21,$97,$3,$-8
31,2010-12-31,21.37,$16.72,1.28,$16.78,1.27,$5.08,4.21,$2.80,7.63,$0.75B,$0.11B,6.86,$0.00B,$0.85B,0.0,$0.85B,$0.38B,44.31%,$0.85B,$0.20B,22.86%,$0.85B,$0.20B,22.86%,$0.85B,$0.21B,24.62%,$0.85B,$0.20B,23.09%,$0.85B,$0.14B,16.76%,$0.14B,$0.85B,18.36%,$0.14B,$0.71B,22.49%,$0.14B,$0.98B,15.81%,$0.20B,$0.85B,25.04%,$219,$122,$97,$16,$33,$171,$48,$0,$49,$15,$34,$34,$36,$52,$48,$50,51,$0.72,$0.70,$432,$156,$13,$753,$69,$0,$142,$19,$230,$982,$110,$0,$26,$26,$135,$0,$171,$12,$847,$982,$143,$14,$27,$41,$-43,$-52,$11,$0,$-20,$163,$-16,$0,$16,$0,$-104,$-104,$-1,$-106,$0,$-14,$-14,$7,$7,$0,$2,$-5,$51,$11,$0
32,2010-09-30,15.68,$15.93,0.98,$15.28,1.03,$2.19,7.16,$2.40,6.53,$0.71B,$0.11B,6.43,$0.00B,$0.80B,0.0,$0.77B,$0.34B,43.91%,$0.77B,$0.17B,21.89%,$0.77B,$0.17B,21.89%,$0.77B,$0.18B,23.83%,$0.77B,$0.17B,22.02%,$0.77B,$0.12B,15.80%,$0.12B,$0.80B,16.53%,$0.12B,$0.66B,20.56%,$0.12B,$0.94B,14.31%,$0.17B,$0.80B,22.89%,$221,$123,$99,$15,$28,$166,$55,$0,$55,$18,$37,$37,$39,$59,$55,$50,51,$0.77,$0.76,$344,$152,$15,$708,$68,$0,$140,$20,$228,$936,$110,$0,$24,$24,$134,$0,$135,$12,$802,$936,$107,$11,$20,$31,$-60,$-44,$12,$-2,$-61,$76,$-11,$0,$16,$0,$-61,$-61,$1,$-56,$0,$-4,$-4,$1,$1,$0,$2,$-1,$19,$7,$0
33,2010-06-30,16.33,$15.03,1.09,$13.00,1.26,$0.77,21.18,$1.56,10.47,$0.67B,$0.11B,6.16,$0.00B,$0.75B,0.0,$0.65B,$0.28B,42.57%,$0.65B,$0.12B,17.92%,$0.65B,$0.12B,17.92%,$0.65B,$0.13B,20.21%,$0.65B,$0.12B,18.07%,$0.65B,$0.08B,12.10%,$0.08B,$0.75B,11.21%,$0.08B,$0.61B,14.18%,$0.08B,$0.88B,9.80%,$0.12B,$0.75B,16.61%,$221,$123,$97,$16,$31,$171,$50,$0,$50,$17,$33,$33,$39,$53,$50,$50,51,$0.77,$0.76,$323,$137,$13,$666,$66,$0,$141,$11,$217,$883,$108,$0,$21,$21,$129,$0,$97,$5,$754,$883,$68,$7,$6,$13,$-58,$-28,$14,$-1,$-42,$39,$-7,$0,$15,$0,$-7,$-7,$1,$2,$0,$-1,$-1,$2,$2,$0,$1,$2,$41,$4,$0
34,2010-03-31,17.09,$14.28,1.2,$10.20,1.68,$-0.04,0.0,$-3.40,0.0,$0.59B,$0.09B,6.69,$0.00B,$0.71B,0.0,$0.51B,$0.21B,40.35%,$0.51B,$-0.09B,-17.52%,$0.51B,$-0.09B,-17.52%,$0.51B,$0.12B,23.82%,$0.51B,$-0.09B,-17.13%,$0.51B,$-0.17B,-32.87%,$-0.17B,$0.71B,-24.49%,$-0.17B,$0.56B,-31.39%,$-0.17B,$0.82B,-21.65%,$-0.09B,$0.71B,-13.05%,$192,$107,$85,$16,$28,$150,$42,$0,$43,$14,$29,$29,$29,$46,$42,$50,51,$0.59,$0.58,$285,$127,$13,$587,$66,$0,$149,$17,$231,$818,$88,$0,$19,$19,$107,$0,$58,$9,$712,$818,$29,$4,$4,$8,$-41,$-11,$11,$-0,$-20,$17,$-3,$0,$0,$0,$8,$8,$2,$7,$0,$-3,$-3,$-3,$-3,$0,$0,$-6,$17,$2,$0
35,2009-12-31,15.18,$13.83,1.1,$7.97,1.9,$-0.53,0.0,$-4.32,0.0,$0.53B,$0.07B,7.47,$0.00B,$0.69B,0.0,$0.39B,$0.13B,33.08%,$0.39B,$-0.17B,-43.77%,$0.39B,$-0.17B,-43.77%,$0.39B,$0.04B,10.18%,$0.39B,$-0.17B,-43.26%,$0.39B,$-0.21B,-53.94%,$-0.21B,$0.69B,-29.44%,$-0.21B,$0.54B,-40.93%,$-0.21B,$0.77B,-26.39%,$-0.17B,$0.69B,-23.89%,$138,$81,$58,$12,$25,$116,$22,$0,$22,$6,$16,$16,$15,$26,$22,$49,49,$0.31,$0.31,$272,$118,$13,$533,$67,$5,$149,$20,$241,$774,$71,$0,$18,$18,$89,$0,$29,$11,$685,$774,$-213,$212,$42,$254,$-10,$-5,$6,$3,$-37,$5,$-4,$0,$0,$0,$-6,$-6,$0,$-10,$0,$-4,$-4,$-0,$-0,$0,$-1,$-6,$-8,$9,$0
36,2009-09-30,16.82,$13.48,1.25,$7.12,2.36,$1.02,16.48,$-4.75,0.0,$0.52B,$0.07B,8.01,$0.00B,$0.67B,0.0,$0.36B,$0.11B,29.58%,$0.36B,$-0.19B,-54.08%,$0.36B,$-0.19B,-54.08%,$0.36B,$0.02B,6.20%,$0.36B,$-0.19B,-53.24%,$0.36B,$-0.23B,-65.63%,$-0.23B,$0.67B,-30.24%,$-0.23B,$0.52B,-45.13%,$-0.23B,$0.75B,-27.22%,$-0.19B,$0.67B,-24.92%,$102,$64,$38,$11,$23,$99,$3,$0,$3,$5,$-2,$-2,$-4,$7,$3,$49,49,$-0.08,$-0.08,$265,$116,$12,$517,$70,$0,$150,$13,$234,$750,$65,$0,$19,$19,$83,$0,$14,$10,$667,$750,$-228,$208,$39,$247,$12,$2,$1,$-2,$-24,$-4,$-3,$0,$0,$0,$34,$34,$1,$32,$0,$-7,$-7,$-0,$-0,$0,$-1,$-9,$21,$6,$0
37,2009-06-30,11.46,$13.43,0.85,$8.22,1.4,$2.23,5.14,$-4.53,0.0,$0.50B,$0.06B,8.31,$0.00B,$0.66B,0.0,$0.41B,$0.13B,31.71%,$0.41B,$-0.19B,-45.61%,$0.41B,$-0.19B,-45.61%,$0.41B,$0.03B,7.07%,$0.41B,$-0.18B,-44.39%,$0.41B,$-0.22B,-54.15%,$-0.22B,$0.66B,-26.88%,$-0.22B,$0.51B,-42.92%,$-0.22B,$0.74B,-24.19%,$-0.19B,$0.66B,-22.64%,$76,$51,$24,$12,$25,$231,$-156,$0,$-155,$-9,$-146,$-146,$-207,$42,$-156,$49,49,$-4.20,$-4.20,$259,$122,$11,$502,$73,$0,$151,$17,$240,$743,$60,$0,$18,$18,$79,$0,$18,$6,$664,$743,$-224,$203,$34,$237,$27,$-1,$-1,$-1,$-20,$-6,$-2,$0,$0,$0,$36,$36,$1,$35,$0,$-8,$-8,$-1,$-1,$0,$-1,$-9,$20,$4,$0
38,2009-03-31,12.79,$17.55,0.73,$10.04,1.27,$3.12,4.1,$-0.15,0.0,$0.50B,$0.07B,7.66,$0.00B,$0.86B,0.0,$0.51B,$0.18B,34.85%,$0.51B,$-0.02B,-3.56%,$0.51B,$-0.02B,-3.56%,$0.51B,$0.00B,0.99%,$0.51B,$-0.01B,-2.57%,$0.51B,$-0.01B,-1.19%,$-0.01B,$0.86B,-0.68%,$-0.01B,$0.51B,-1.15%,$-0.01B,$0.95B,-0.61%,$-0.02B,$0.86B,-2.03%,$77,$66,$10,$15,$28,$117,$-41,$1,$-40,$-23,$-16,$-16,$-16,$-35,$-41,$49,49,$-0.34,$-0.34,$255,$127,$12,$498,$79,$0,$357,$12,$448,$946,$65,$0,$17,$17,$82,$0,$225,$2,$864,$946,$-16,$5,$17,$22,$25,$-7,$-1,$-1,$-16,$-10,$-1,$0,$0,$0,$-0,$-0,$1,$-1,$0,$-8,$-8,$-2,$-2,$0,$-0,$-10,$-22,$2,$0
39,2008-12-31,12.9,$17.99,0.72,$12.16,1.06,$3.72,3.47,$0.58,22.24,$0.53B,$0.08B,6.96,$0.00B,$0.89B,0.0,$0.62B,$0.25B,39.94%,$0.62B,$0.05B,8.21%,$0.62B,$0.05B,8.21%,$0.62B,$0.08B,12.08%,$0.62B,$0.06B,9.02%,$0.62B,$0.03B,4.83%,$0.03B,$0.89B,3.35%,$0.03B,$0.53B,5.67%,$0.03B,$0.99B,2.97%,$0.05B,$0.89B,5.67%,$100,$67,$33,$13,$20,$97,$2,$1,$3,$-0,$4,$4,$-6,$8,$2,$50,51,$-0.11,$-0.12,$279,$132,$10,$529,$82,$0,$359,$15,$456,$985,$76,$0,$22,$22,$98,$0,$241,$7,$887,$985,$30,$24,$28,$51,$24,$7,$-9,$-4,$11,$93,$-13,$0,$0,$0,$-61,$-61,$0,$-74,$-5,$-5,$-10,$-107,$-107,$0,$-1,$-118,$-105,$15,$0
40,2008-09-30,17.36,$18.08,0.96,$13.41,1.29,$3.98,4.37,$0.98,17.72,$0.54B,$0.09B,6.25,$0.00B,$0.89B,0.0,$0.71B,$0.29B,41.28%,$0.71B,$0.07B,9.79%,$0.71B,$0.07B,9.79%,$0.71B,$0.10B,13.48%,$0.71B,$0.08B,10.78%,$0.71B,$0.05B,7.23%,$0.05B,$0.89B,5.59%,$0.05B,$0.52B,9.41%,$0.05B,$1.00B,4.93%,$0.07B,$0.89B,7.52%,$157,$94,$63,$19,$34,$149,$8,$2,$10,$3,$7,$7,$7,$14,$8,$49,50,$0.14,$0.14,$257,$143,$19,$540,$80,$0,$367,$10,$456,$997,$86,$1,$21,$22,$108,$0,$248,$8,$888,$997,$36,$18,$17,$35,$1,$1,$-3,$-6,$-10,$61,$-8,$0,$0,$0,$-13,$-13,$-0,$-22,$-6,$-3,$-9,$-109,$-109,$0,$2,$-115,$-79,$12,$0
41,2008-06-30,19.1,$18.02,1.06,$13.41,1.42,$4.20,4.55,$1.20,15.92,$0.55B,$0.09B,6.15,$0.01B,$0.90B,0.01,$0.73B,$0.31B,41.84%,$0.73B,$0.08B,11.52%,$0.73B,$0.08B,11.52%,$0.73B,$0.11B,15.23%,$0.73B,$0.09B,12.76%,$0.73B,$0.07B,8.92%,$0.07B,$0.90B,6.94%,$0.07B,$0.53B,11.42%,$0.07B,$1.01B,6.12%,$0.08B,$0.90B,8.92%,$171,$101,$70,$21,$35,$158,$13,$1,$14,$5,$9,$9,$9,$18,$13,$50,51,$0.19,$0.18,$260,$152,$13,$553,$80,$0,$369,$12,$461,$1014,$90,$6,$23,$28,$118,$0,$246,$13,$896,$1014,$30,$12,$11,$23,$-1,$-5,$-4,$-2,$-10,$42,$-5,$0,$0,$0,$9,$9,$1,$4,$-1,$-3,$-3,$-95,$-95,$0,$1,$-97,$-53,$8,$0
42,2008-03-31,18.66,$17.93,1.04,$13.57,1.38,$4.13,4.51,$1.41,13.24,$0.58B,$0.11B,5.42,$0.01B,$0.91B,0.01,$0.76B,$0.32B,42.13%,$0.76B,$0.10B,12.99%,$0.76B,$0.10B,12.99%,$0.76B,$0.13B,16.80%,$0.76B,$0.11B,14.44%,$0.76B,$0.08B,10.37%,$0.08B,$0.91B,8.28%,$0.08B,$0.54B,13.40%,$0.08B,$1.05B,7.28%,$0.10B,$0.92B,10.31%,$193,$112,$82,$19,$32,$166,$28,$1,$29,$8,$20,$20,$20,$35,$28,$52,53,$0.39,$0.39,$277,$155,$11,$583,$82,$0,$371,$12,$464,$1047,$107,$6,$22,$27,$135,$0,$254,$12,$912,$1047,$20,$7,$5,$12,$-11,$-4,$1,$-4,$-10,$23,$-3,$0,$0,$0,$-46,$-46,$0,$-49,$-0,$-3,$-4,$-65,$-65,$0,$1,$-68,$-92,$3,$0
43,2007-12-31,16.69,$17.58,0.95,$13.58,1.23,$4.20,3.97,$1.50,11.13,$0.61B,$0.10B,6.37,$0.01B,$0.95B,0.01,$0.78B,$0.33B,42.56%,$0.78B,$0.11B,13.72%,$0.78B,$0.11B,13.72%,$0.78B,$0.14B,17.56%,$0.78B,$0.12B,15.38%,$0.78B,$0.09B,11.03%,$0.09B,$0.95B,8.97%,$0.09B,$0.58B,14.42%,$0.09B,$1.08B,7.86%,$0.11B,$0.96B,11.09%,$184,$108,$76,$21,$30,$164,$20,$2,$23,$7,$15,$15,$15,$28,$20,$56,57,$0.27,$0.27,$324,$151,$10,$610,$81,$0,$374,$11,$466,$1076,$96,$6,$21,$27,$122,$0,$255,$13,$954,$1076,$86,$31,$9,$39,$18,$-5,$-19,$1,$-7,$119,$-15,$0,$-24,$0,$-24,$-24,$2,$-61,$-1,$-4,$-6,$-56,$-56,$0,$3,$-59,$9,$13,$0
44,2007-09-30,16.59,$17.24,0.96,$13.93,1.19,$3.59,4.62,$1.70,9.76,$0.67B,$0.11B,6.29,$0.01B,$0.98B,0.01,$0.80B,$0.34B,43.09%,$0.80B,$0.12B,14.82%,$0.80B,$0.12B,14.82%,$0.80B,$0.15B,18.47%,$0.80B,$0.13B,16.33%,$0.80B,$0.10B,12.19%,$0.10B,$0.98B,10.25%,$0.10B,$0.63B,16.58%,$0.10B,$1.11B,8.93%,$0.12B,$0.99B,12.39%,$181,$104,$77,$17,$32,$158,$23,$4,$27,$6,$21,$21,$21,$30,$23,$57,57,$0.38,$0.37,$360,$159,$15,$668,$82,$4,$355,$3,$446,$1114,$106,$6,$19,$25,$132,$0,$257,$12,$982,$1114,$71,$23,$6,$29,$10,$-8,$-9,$-5,$-15,$85,$-12,$0,$0,$0,$-56,$-56,$1,$-66,$-1,$0,$-1,$-6,$-6,$0,$2,$-5,$15,$9,$0
45,2007-06-30,24.16,$16.78,1.44,$14.44,1.67,$3.18,7.6,$1.84,13.13,$0.66B,$0.11B,5.9,$0.01B,$0.97B,0.01,$0.82B,$0.36B,43.54%,$0.82B,$0.13B,15.98%,$0.82B,$0.13B,15.98%,$0.82B,$0.16B,19.51%,$0.82B,$0.14B,17.20%,$0.82B,$0.10B,12.68%,$0.10B,$0.97B,11.35%,$0.10B,$0.61B,18.86%,$0.10B,$1.11B,9.80%,$0.13B,$0.97B,14.20%,$204,$118,$86,$18,$36,$176,$28,$4,$31,$9,$23,$23,$23,$35,$28,$57,58,$0.40,$0.39,$336,$164,$16,$658,$80,$7,$359,$2,$448,$1106,$112,$6,$17,$26,$138,$0,$243,$10,$968,$1106,$50,$15,$10,$25,$-3,$-14,$-1,$-5,$-30,$45,$-7,$0,$0,$0,$-44,$-44,$1,$-50,$-1,$3,$2,$7,$7,$0,$1,$11,$6,$7,$0
46,2007-03-31,22.26,$16.38,1.36,$14.47,1.54,$2.89,7.71,$1.89,11.78,$0.63B,$0.12B,5.15,$0.01B,$0.93B,0.01,$0.81B,$0.36B,43.98%,$0.81B,$0.14B,16.83%,$0.81B,$0.14B,16.83%,$0.81B,$0.17B,20.52%,$0.81B,$0.15B,17.94%,$0.81B,$0.11B,12.90%,$0.11B,$0.93B,11.90%,$0.11B,$0.57B,20.45%,$0.11B,$1.08B,10.21%,$0.14B,$0.94B,15.43%,$211,$119,$93,$18,$35,$176,$36,$3,$39,$12,$27,$27,$27,$44,$36,$56,57,$0.48,$0.48,$313,$157,$14,$634,$79,$2,$364,$3,$448,$1082,$123,$6,$17,$26,$149,$0,$231,$10,$933,$1082,$27,$8,$5,$13,$-8,$-7,$5,$-4,$-13,$28,$-2,$0,$0,$0,$8,$8,$-1,$5,$-0,$-1,$-2,$-0,$-0,$0,$0,$-2,$31,$3,$0
47,2006-12-31,19.69,$15.88,1.24,$14.02,1.4,$2.60,7.58,$1.69,11.65,$0.59B,$0.13B,4.55,$0.01B,$0.90B,0.01,$0.78B,$0.34B,43.35%,$0.78B,$0.12B,15.73%,$0.78B,$0.12B,15.73%,$0.78B,$0.15B,19.57%,$0.78B,$0.13B,16.62%,$0.78B,$0.09B,11.89%,$0.09B,$0.90B,10.99%,$0.09B,$0.53B,19.59%,$0.09B,$1.04B,9.41%,$0.12B,$0.91B,14.43%,$200,$113,$87,$21,$32,$169,$31,$3,$33,$7,$26,$26,$26,$38,$31,$55,56,$0.48,$0.46,$290,$150,$11,$591,$79,$3,$367,$3,$452,$1044,$130,$6,$5,$13,$143,$0,$211,$10,$901,$1044,$94,$31,$2,$34,$-34,$-46,$6,$2,$-50,$78,$-11,$0,$-99,$0,$-5,$-5,$-0,$-114,$-2,$5,$3,$23,$23,$0,$4,$30,$-5,$13,$0
