,Date,Stock Price,Book Value per Share,Price to Book Ratio,TTM Sales per Share,Price to Sales Ratio,TTM FCF per Share,Price to FCF Ratio,TTM Net EPS,PE Ratio,Current Assets,Current Liabilities,Current Ratio,Long Term Debt,Shareholder's Equity_x,Debt to Equity Ratio,TTM Revenue_x,TTM Gross Profit,Gross Margin,TTM Revenue_y,TTM Operating Income,Operating Margin,TTM Revenue_x,TTM EBIT,EBIT Margin,TTM Revenue_y,TTM EBITDA,EBITDA Margin,TTM Revenue_x,TTM Pre-Tax Income,Pre-Tax Margin,TTM Revenue_y,TTM Net Income_x,Net Margin,TTM Net Income_y,Shareholder's Equity_y,Return on Equity,TTM Net Income_x,Tangible Equity,Return on Tangible Equity,TTM Net Income_y,Total Assets,Return on Assets,TTM Net Income,LT Investments & Debt,Return on Investment,revenue,cost-goods-sold,gross-profit,research-development-expenses,selling-general-administrative-expenses,operating-expenses,operating-income,total-non-operating-income-expense,pre-tax-income,total-provision-income-taxes,income-after-taxes,income-from-continuous-operations,net-income,ebitda,ebit,basic-shares-outstanding,shares-outstanding,eps-basic-net-earnings-per-share,eps-earnings-per-share-diluted,cash-on-hand,inventory,other-current-assets,total-current-assets,net-property-plant-equipment,long-term-investments,goodwill-intangible-assets-total,other-long-term-assets,total-long-term-assets,total-assets,total-current-liabilities,long-term-debt,other-non-current-liabilities,total-long-term-liabilities,total-liabilities,common-stock-net,retained-earnings-accumulated-deficit,comprehensive-income,total-share-holder-equity,total-liabilities-share-holders-equity,net-income-loss,total-depreciation-amortization-cash-flow,other-non-cash-items,total-non-cash-items,change-in-accounts-receivable,change-in-inventories,change-in-accounts-payable,change-in-assets-liabilities,total-change-in-assets-liabilities,cash-flow-from-operating-activities,net-change-in-property-plant-equipment,net-change-in-intangible-assets,net-acquisitions-divestitures,net-change-in-short-term-investments,net-change-in-long-term-investments,net-change-in-investments-total,investing-activities-other,cash-flow-from-investing-activities,net-long-term-debt,net-current-debt,debt-issuance-retirement-net-total,net-common-equity-issued-repurchased,net-total-equity-issued-repurchased,total-common-preferred-stock-dividends-paid,financial-activities-other,cash-flow-from-financial-activities,net-cash-flow,stock-based-compensation,common-stock-dividends-paid
0,2018-09-30,185.62,$27.75,6.69,$25.81,7.19,$14.20,13.07,$-0.54,0.0,$0.03B,$0.02B,1.72,$0.03B,$0.11B,0.29,$0.10B,$0.06B,58.42%,$0.10B,$0.00B,2.97%,$0.10B,$0.00B,2.97%,$0.10B,$0.01B,11.88%,$0.10B,$0.00B,0.00%,$0.10B,$-0.00B,-1.98%,$-0.00B,$0.11B,-1.98%,$-0.00B,$0.00B,40.00%,$-0.00B,$0.16B,-1.23%,$0.00B,$0.14B,2.09%,$25,$10,$15,$1,$9,$24,$1,$0,$1,$0,$1,$1,$1,$4,$1,$4,4,$0.26,$0.25,$6,$8,$0,$34,$23,$0,$103,$0,$127,$160,$20,$31,$0,$34,$53,$35,$72,$-1,$107,$160,$5,$5,$1,$6,$1,$1,$-0,$-1,$-1,$10,$1,$0,$0,$0,$0,$0,$0,$1,$-13,$0,$-13,$3,$3,$-1,$0,$-11,$0,$2,$-1
1,2018-06-30,211.08,$27.40,7.7,$25.50,8.28,$12.99,16.25,$-0.19,0.0,$0.03B,$0.02B,2.1,$0.04B,$0.11B,0.36,$0.10B,$0.06B,57.58%,$0.10B,$0.01B,6.06%,$0.10B,$0.01B,6.06%,$0.10B,$0.01B,14.14%,$0.10B,$0.00B,2.02%,$0.10B,$-0.00B,-1.01%,$-0.00B,$0.11B,-0.99%,$-0.00B,$0.00B,14.29%,$-0.00B,$0.16B,-0.60%,$0.01B,$0.14B,4.05%,$25,$10,$15,$1,$9,$20,$5,$-0,$4,$0,$4,$4,$4,$7,$5,$4,4,$1.11,$1.06,$7,$9,$2,$33,$23,$0,$105,$0,$129,$161,$16,$38,$0,$40,$56,$34,$72,$-1,$105,$161,$4,$2,$-0,$2,$2,$1,$0,$-1,$-0,$7,$-0,$0,$0,$0,$0,$0,$0,$-0,$-7,$0,$-7,$3,$3,$-1,$0,$-4,$2,$1,$-1
2,2018-03-31,148.29,$26.14,5.67,$25.00,5.93,$11.73,12.64,$-0.86,0.0,$0.03B,$0.02B,1.85,$0.05B,$0.10B,0.45,$0.10B,$0.06B,56.70%,$0.10B,$0.00B,3.09%,$0.10B,$0.00B,3.09%,$0.10B,$0.01B,11.34%,$0.10B,$-0.00B,-1.03%,$0.10B,$-0.00B,-3.09%,$-0.00B,$0.10B,-3.01%,$-0.00B,$-0.01B,33.33%,$-0.00B,$0.16B,-1.78%,$0.00B,$0.14B,2.00%,$27,$11,$16,$1,$9,$20,$7,$-0,$6,$2,$4,$4,$4,$9,$7,$4,4,$1.10,$1.15,$5,$9,$2,$32,$24,$0,$108,$0,$132,$164,$17,$45,$0,$47,$65,$31,$68,$1,$99,$164,$-3,$10,$12,$21,$1,$5,$0,$1,$7,$25,$-2,$0,$-16,$0,$0,$0,$0,$-17,$-9,$0,$-9,$3,$3,$-2,$0,$-8,$-0,$2,$-2
3,2017-12-31,124.03,$24.97,4.97,$24.19,5.13,$4.59,27.04,$-1.00,0.0,$0.03B,$0.01B,2.37,$0.06B,$0.09B,0.58,$0.09B,$0.05B,56.38%,$0.09B,$0.00B,1.06%,$0.09B,$0.00B,1.06%,$0.09B,$0.01B,9.57%,$0.09B,$-0.00B,-2.13%,$0.09B,$-0.00B,-3.19%,$-0.00B,$0.09B,-3.02%,$-0.00B,$-0.02B,30.77%,$-0.00B,$0.17B,-1.76%,$0.00B,$0.15B,0.66%,$24,$11,$13,$1,$8,$34,$-10,$-0,$-11,$1,$-11,$-11,$-11,$-8,$-10,$4,4,$-2.93,$-2.93,$6,$10,$2,$34,$24,$0,$110,$0,$134,$168,$14,$55,$0,$59,$73,$30,$65,$0,$94,$168,$-7,$7,$15,$22,$3,$1,$-0,$-2,$0,$15,$-1,$0,$-15,$0,$0,$0,$0,$-17,$1,$0,$1,$2,$2,$-2,$0,$2,$0,$1,$-2
4,2017-09-30,148.82,$27.84,5.35,$24.10,6.18,$0.27,541.55,$2.77,53.72,$0.04B,$0.01B,2.86,$0.05B,$0.11B,0.48,$0.09B,$0.05B,57.45%,$0.09B,$0.02B,15.96%,$0.09B,$0.02B,15.96%,$0.09B,$0.02B,25.53%,$0.09B,$0.01B,13.83%,$0.09B,$0.01B,11.70%,$0.01B,$0.11B,11.06%,$0.01B,$-0.00B,-107.32%,$0.01B,$0.17B,6.42%,$0.02B,$0.16B,9.98%,$23,$10,$13,$1,$9,$19,$4,$-1,$3,$1,$2,$2,$2,$6,$4,$4,4,$0.63,$0.60,$10,$13,$2,$41,$24,$0,$109,$0,$133,$174,$14,$50,$0,$54,$69,$29,$76,$-0,$105,$174,$4,$5,$0,$5,$2,$1,$-0,$-3,$-1,$7,$-1,$0,$-0,$0,$0,$0,$0,$-1,$-3,$0,$-3,$2,$2,$-1,$0,$-2,$4,$1,$-1
5,2017-06-30,142.66,$26.87,5.31,$24.64,5.79,$-2.77,0.0,$2.79,51.13,$0.03B,$0.02B,2.26,$0.05B,$0.10B,0.49,$0.10B,$0.06B,57.89%,$0.10B,$0.02B,15.79%,$0.10B,$0.02B,15.79%,$0.10B,$0.02B,25.26%,$0.10B,$0.01B,13.68%,$0.10B,$0.01B,11.58%,$0.01B,$0.10B,11.49%,$0.01B,$-0.01B,-77.19%,$0.01B,$0.17B,6.50%,$0.02B,$0.15B,10.26%,$23,$10,$13,$1,$10,$21,$2,$-1,$1,$-0,$2,$2,$2,$4,$2,$4,4,$0.41,$0.39,$3,$13,$1,$34,$26,$0,$109,$0,$135,$169,$15,$49,$0,$53,$68,$27,$75,$-1,$101,$169,$2,$2,$0,$3,$1,$0,$0,$-2,$-1,$3,$-2,$0,$-0,$0,$0,$0,$0,$-2,$-4,$0,$-4,$1,$1,$-1,$0,$-4,$-3,$1,$-1
6,2017-03-31,122.01,$26.20,4.66,$24.41,5.0,$-3.02,0.0,$2.91,41.93,$0.04B,$0.02B,2.16,$0.05B,$0.10B,0.55,$0.09B,$0.05B,58.06%,$0.09B,$0.02B,17.20%,$0.09B,$0.02B,17.20%,$0.09B,$0.03B,26.88%,$0.09B,$0.01B,15.05%,$0.09B,$0.01B,11.83%,$0.01B,$0.10B,11.89%,$0.01B,$-0.01B,-61.97%,$0.01B,$0.17B,6.57%,$0.02B,$0.15B,11.31%,$24,$10,$14,$1,$7,$19,$5,$-0,$5,$1,$4,$4,$4,$7,$5,$4,4,$0.99,$0.94,$6,$14,$0,$36,$26,$0,$110,$0,$136,$172,$17,$54,$0,$57,$74,$26,$74,$-2,$98,$172,$11,$9,$-9,$0,$1,$0,$-1,$-1,$-3,$8,$-12,$0,$-7,$0,$0,$0,$0,$-18,$10,$0,$10,$4,$4,$-2,$0,$11,$0,$1,$-2
7,2016-12-31,121.91,$25.34,4.81,$24.69,4.94,$0.42,288.13,$3.03,40.23,$0.04B,$0.02B,1.59,$0.05B,$0.09B,0.53,$0.09B,$0.06B,58.51%,$0.09B,$0.02B,18.09%,$0.09B,$0.02B,18.09%,$0.09B,$0.03B,27.66%,$0.09B,$0.02B,15.96%,$0.09B,$0.01B,11.70%,$0.01B,$0.09B,12.32%,$0.01B,$-0.02B,-54.32%,$0.01B,$0.17B,6.68%,$0.02B,$0.14B,12.55%,$24,$10,$14,$1,$8,$19,$4,$-1,$4,$1,$3,$3,$3,$7,$4,$4,4,$0.88,$0.84,$5,$15,$0,$35,$24,$0,$111,$0,$135,$170,$22,$50,$0,$55,$77,$25,$71,$-2,$94,$170,$8,$7,$-4,$3,$2,$0,$0,$-2,$-3,$7,$-9,$0,$-7,$0,$0,$0,$0,$-16,$8,$0,$8,$3,$3,$-2,$0,$9,$-0,$1,$-2
8,2016-09-30,113.43,$24.54,4.62,$23.79,4.77,$2.06,55.03,$2.82,40.23,$0.03B,$0.02B,1.58,$0.05B,$0.09B,0.55,$0.09B,$0.05B,58.89%,$0.09B,$0.02B,18.89%,$0.09B,$0.02B,18.89%,$0.09B,$0.03B,27.78%,$0.09B,$0.01B,15.56%,$0.09B,$0.01B,12.22%,$0.01B,$0.09B,12.79%,$0.01B,$-0.02B,-49.44%,$0.01B,$0.17B,6.83%,$0.02B,$0.14B,13.00%,$24,$11,$14,$1,$9,$20,$4,$-1,$3,$1,$2,$2,$2,$6,$4,$4,4,$0.64,$0.62,$5,$14,$0,$34,$22,$0,$110,$0,$132,$166,$22,$50,$0,$54,$76,$24,$68,$-1,$90,$166,$4,$4,$-4,$1,$2,$-0,$1,$-1,$-4,$1,$-7,$0,$-3,$0,$0,$0,$0,$-10,$8,$0,$8,$2,$2,$-1,$0,$8,$-1,$1,$-1
9,2016-06-30,121.83,$23.92,5.09,$23.19,5.25,$4.50,27.1,$2.67,45.63,$0.03B,$0.02B,1.44,$0.04B,$0.09B,0.49,$0.09B,$0.05B,59.09%,$0.09B,$0.02B,18.18%,$0.09B,$0.02B,18.18%,$0.09B,$0.02B,27.27%,$0.09B,$0.01B,15.91%,$0.09B,$0.01B,12.50%,$0.01B,$0.09B,13.21%,$0.01B,$-0.02B,-45.83%,$0.01B,$0.16B,6.94%,$0.02B,$0.13B,12.65%,$21,$9,$12,$1,$8,$19,$3,$-0,$2,$0,$2,$2,$2,$5,$3,$4,4,$0.53,$0.51,$5,$14,$0,$33,$20,$0,$110,$0,$130,$162,$23,$43,$5,$52,$74,$23,$66,$-1,$88,$162,$2,$2,$1,$3,$3,$-0,$-0,$-0,$-1,$4,$-3,$0,$-3,$0,$0,$0,$0,$-6,$1,$0,$1,$1,$1,$-1,$0,$1,$-1,$0,$-1
10,2016-03-31,95.28,$23.28,4.09,$22.53,4.23,$4.77,19.98,$2.79,34.15,$0.04B,$0.02B,1.55,$0.04B,$0.09B,0.5,$0.09B,$0.05B,60.00%,$0.09B,$0.02B,20.00%,$0.09B,$0.02B,20.00%,$0.09B,$0.02B,28.24%,$0.09B,$0.02B,18.82%,$0.09B,$0.01B,14.12%,$0.01B,$0.09B,14.95%,$0.01B,$-0.02B,-64.86%,$0.01B,$0.16B,8.15%,$0.02B,$0.13B,14.38%,$25,$10,$15,$1,$8,$19,$6,$-0,$6,$2,$4,$4,$4,$8,$6,$4,4,$1.10,$1.06,$6,$14,$0,$37,$17,$0,$107,$0,$124,$161,$24,$42,$4,$52,$76,$21,$65,$-1,$85,$161,$11,$7,$-1,$6,$-2,$-1,$-0,$0,$0,$17,$-8,$0,$-24,$0,$0,$0,$0,$-32,$19,$0,$19,$2,$2,$-2,$0,$19,$4,$1,$-2
11,2015-12-31,98.22,$22.25,4.42,$21.01,4.67,$4.52,21.75,$2.34,41.97,$0.03B,$0.02B,1.64,$0.04B,$0.08B,0.55,$0.08B,$0.05B,60.76%,$0.08B,$0.02B,18.99%,$0.08B,$0.02B,18.99%,$0.08B,$0.02B,27.85%,$0.08B,$0.01B,17.72%,$0.08B,$0.01B,12.66%,$0.01B,$0.08B,12.94%,$0.01B,$-0.03B,-70.18%,$0.01B,$0.16B,7.34%,$0.02B,$0.13B,13.54%,$20,$8,$12,$1,$7,$16,$4,$-0,$3,$1,$3,$3,$3,$6,$4,$4,4,$0.72,$0.69,$3,$15,$0,$34,$16,$0,$105,$0,$121,$155,$21,$44,$4,$54,$74,$21,$61,$-1,$81,$155,$7,$5,$-1,$5,$0,$-2,$0,$-0,$-2,$10,$-6,$0,$-23,$0,$0,$0,$0,$-29,$21,$0,$21,$2,$2,$-2,$0,$21,$1,$1,$-2
12,2015-09-30,109.81,$21.92,5.01,$20.63,5.32,$4.63,23.7,$2.37,46.33,$0.04B,$0.02B,1.47,$0.04B,$0.08B,0.55,$0.08B,$0.05B,61.04%,$0.08B,$0.02B,19.48%,$0.08B,$0.02B,19.48%,$0.08B,$0.02B,27.27%,$0.08B,$0.02B,19.48%,$0.08B,$0.01B,11.69%,$0.01B,$0.08B,12.00%,$0.01B,$-0.03B,-94.74%,$0.01B,$0.16B,7.11%,$0.02B,$0.12B,14.46%,$22,$9,$13,$1,$9,$19,$3,$-0,$3,$1,$2,$2,$2,$5,$3,$4,4,$0.51,$0.48,$5,$13,$0,$35,$15,$0,$106,$0,$121,$156,$24,$44,$4,$53,$77,$20,$59,$0,$79,$156,$5,$3,$-1,$2,$1,$-1,$0,$-0,$2,$9,$-5,$0,$-21,$0,$0,$0,$0,$-26,$21,$0,$21,$1,$1,$-1,$0,$20,$3,$1,$-1
13,2015-06-30,87.5,$21.27,4.11,$19.95,4.39,$4.37,20.01,$2.74,31.94,$0.03B,$0.01B,2.25,$0.02B,$0.08B,0.29,$0.07B,$0.05B,60.81%,$0.07B,$0.02B,22.97%,$0.07B,$0.02B,22.97%,$0.07B,$0.02B,29.73%,$0.07B,$0.02B,22.97%,$0.07B,$0.01B,13.51%,$0.01B,$0.08B,13.75%,$0.01B,$0.00B,-266.67%,$0.01B,$0.12B,8.66%,$0.02B,$0.10B,17.71%,$18,$7,$11,$1,$7,$15,$4,$-0,$4,$1,$3,$3,$3,$5,$4,$4,4,$0.77,$0.74,$2,$13,$0,$29,$11,$0,$77,$0,$88,$117,$13,$22,$1,$28,$41,$19,$58,$-0,$76,$117,$3,$2,$-1,$1,$1,$-0,$-0,$-0,$-1,$3,$-2,$0,$0,$0,$0,$0,$0,$-2,$-1,$0,$-1,$1,$1,$-1,$0,$-1,$-0,$0,$-1
14,2015-03-31,70.94,$20.63,3.44,$19.54,3.63,$4.06,17.47,$2.62,27.08,$0.03B,$0.02B,2.02,$0.02B,$0.07B,0.32,$0.07B,$0.04B,61.11%,$0.07B,$0.02B,22.22%,$0.07B,$0.02B,22.22%,$0.07B,$0.02B,29.17%,$0.07B,$0.02B,22.22%,$0.07B,$0.01B,12.50%,$0.01B,$0.07B,12.81%,$0.01B,$-0.01B,-156.52%,$0.01B,$0.12B,7.91%,$0.02B,$0.10B,16.98%,$19,$7,$12,$1,$6,$14,$4,$-0,$4,$2,$2,$2,$2,$6,$4,$4,4,$0.63,$0.62,$2,$12,$0,$30,$10,$0,$78,$0,$88,$117,$15,$23,$1,$29,$44,$18,$56,$-0,$73,$117,$10,$6,$1,$7,$-2,$-3,$0,$0,$-6,$11,$-3,$0,$-21,$0,$0,$0,$0,$-23,$10,$0,$10,$2,$2,$-2,$0,$9,$-4,$1,$-2
15,2014-12-31,75.8,$20.29,3.74,$18.81,4.03,$5.19,14.59,$2.96,25.61,$0.03B,$0.01B,2.31,$0.03B,$0.07B,0.35,$0.07B,$0.04B,60.87%,$0.07B,$0.02B,21.74%,$0.07B,$0.02B,21.74%,$0.07B,$0.02B,28.99%,$0.07B,$0.02B,23.19%,$0.07B,$0.01B,14.49%,$0.01B,$0.07B,14.71%,$0.01B,$-0.01B,-235.29%,$0.01B,$0.12B,9.17%,$0.02B,$0.10B,16.62%,$18,$7,$11,$1,$7,$14,$4,$0,$4,$1,$2,$2,$2,$5,$4,$4,4,$0.68,$0.66,$1,$13,$0,$29,$9,$0,$78,$0,$87,$116,$13,$25,$2,$32,$44,$18,$54,$-0,$72,$116,$7,$4,$1,$5,$-2,$-3,$1,$0,$-6,$6,$-2,$0,$-19,$0,$0,$0,$0,$-21,$12,$0,$12,$1,$1,$-2,$0,$11,$-4,$1,$-2
16,2014-09-30,56.52,$19.75,2.86,$17.54,3.22,$6.67,8.47,$2.78,20.33,$0.03B,$0.01B,2.32,$0.02B,$0.07B,0.33,$0.06B,$0.04B,60.94%,$0.06B,$0.01B,21.88%,$0.06B,$0.01B,21.88%,$0.06B,$0.02B,29.69%,$0.06B,$0.02B,23.44%,$0.06B,$0.01B,15.63%,$0.01B,$0.07B,15.44%,$0.01B,$-0.00B,-235.29%,$0.01B,$0.11B,9.69%,$0.01B,$0.09B,16.52%,$19,$7,$11,$1,$5,$14,$5,$-0,$5,$2,$3,$3,$3,$6,$5,$4,4,$0.87,$0.84,$4,$11,$0,$31,$8,$0,$73,$0,$81,$112,$13,$23,$2,$29,$43,$17,$52,$0,$70,$112,$5,$3,$1,$3,$-2,$-2,$1,$-1,$-4,$4,$-1,$0,$-14,$0,$0,$0,$0,$-15,$9,$0,$9,$1,$1,$-1,$0,$9,$-2,$1,$-1
17,2014-06-30,81.96,$18.94,4.33,$15.97,5.13,$7.42,11.05,$2.48,33.05,$0.03B,$0.01B,2.26,$0.03B,$0.07B,0.38,$0.06B,$0.04B,62.07%,$0.06B,$0.01B,20.69%,$0.06B,$0.01B,20.69%,$0.06B,$0.02B,27.59%,$0.06B,$0.01B,22.41%,$0.06B,$0.01B,15.52%,$0.01B,$0.07B,14.63%,$0.01B,$-0.01B,900.00%,$0.01B,$0.11B,9.81%,$0.01B,$0.09B,15.79%,$16,$7,$10,$1,$6,$13,$3,$-0,$3,$1,$2,$2,$2,$4,$3,$4,4,$0.54,$0.51,$3,$10,$0,$28,$8,$0,$74,$0,$82,$110,$12,$25,$2,$31,$44,$16,$50,$0,$66,$110,$2,$1,$0,$2,$-1,$-1,$-0,$-1,$-3,$0,$-0,$0,$-14,$0,$0,$0,$0,$-14,$12,$0,$12,$0,$0,$-1,$0,$11,$-2,$0,$-1
18,2014-03-31,87.94,$18.43,4.77,$14.64,6.0,$8.08,10.88,$2.49,35.32,$0.03B,$0.01B,2.6,$0.02B,$0.06B,0.26,$0.05B,$0.03B,62.26%,$0.05B,$0.01B,22.64%,$0.05B,$0.01B,22.64%,$0.05B,$0.02B,30.19%,$0.05B,$0.01B,24.53%,$0.05B,$0.01B,16.98%,$0.01B,$0.06B,15.38%,$0.01B,$0.00B,128.57%,$0.01B,$0.10B,11.21%,$0.01B,$0.08B,17.84%,$16,$6,$10,$1,$5,$12,$3,$1,$4,$1,$3,$3,$3,$5,$3,$3,4,$0.98,$0.95,$6,$8,$0,$27,$8,$0,$63,$0,$71,$98,$10,$17,$2,$23,$33,$16,$49,$0,$64,$98,$9,$4,$-1,$3,$1,$-1,$1,$-1,$0,$12,$-0,$0,$-23,$0,$0,$0,$0,$-23,$13,$0,$13,$2,$2,$-2,$0,$12,$2,$1,$-2
19,2013-12-31,76.44,$16.98,4.5,$13.86,5.52,$7.68,9.95,$2.25,33.97,$0.02B,$0.01B,1.91,$0.02B,$0.06B,0.27,$0.05B,$0.03B,62.00%,$0.05B,$0.01B,26.00%,$0.05B,$0.01B,26.00%,$0.05B,$0.02B,32.00%,$0.05B,$0.01B,26.00%,$0.05B,$0.01B,18.00%,$0.01B,$0.06B,16.14%,$0.01B,$-0.01B,87.80%,$0.01B,$0.09B,12.46%,$0.01B,$0.08B,21.22%,$13,$5,$8,$1,$4,$10,$3,$-0,$3,$1,$2,$2,$2,$4,$3,$3,4,$0.51,$0.48,$2,$7,$0,$21,$8,$0,$64,$0,$72,$93,$11,$16,$3,$23,$34,$12,$46,$0,$59,$93,$6,$3,$0,$3,$1,$-1,$0,$-0,$1,$9,$-0,$0,$-23,$0,$0,$0,$0,$-23,$12,$0,$12,$1,$1,$-1,$0,$12,$-2,$1,$-1
20,2013-09-30,65.64,$16.52,3.97,$13.46,4.88,$7.32,8.97,$2.21,29.7,$0.02B,$0.01B,3.97,$0.00B,$0.06B,0.0,$0.05B,$0.03B,62.50%,$0.05B,$0.01B,25.00%,$0.05B,$0.01B,25.00%,$0.05B,$0.02B,31.25%,$0.05B,$0.01B,25.00%,$0.05B,$0.01B,18.75%,$0.01B,$0.06B,16.82%,$0.01B,$0.02B,63.16%,$0.01B,$0.07B,13.85%,$0.01B,$0.06B,21.33%,$13,$5,$8,$1,$5,$10,$3,$0,$3,$1,$2,$2,$2,$3,$3,$3,4,$0.57,$0.54,$3,$6,$0,$19,$8,$0,$39,$0,$47,$66,$5,$0,$2,$5,$9,$12,$45,$0,$57,$66,$4,$2,$-0,$2,$1,$-0,$0,$-1,$0,$6,$-0,$0,$-2,$0,$0,$0,$0,$-2,$-4,$0,$-4,$1,$1,$-1,$0,$-4,$-1,$0,$-1
21,2013-06-30,52.44,$16.03,3.27,$13.24,3.96,$7.08,7.4,$2.31,22.7,$0.02B,$0.00B,5.27,$0.00B,$0.05B,0.03,$0.05B,$0.03B,61.70%,$0.05B,$0.01B,25.53%,$0.05B,$0.01B,25.53%,$0.05B,$0.02B,34.04%,$0.05B,$0.01B,25.53%,$0.05B,$0.01B,19.15%,$0.01B,$0.05B,17.56%,$0.01B,$0.02B,75.00%,$0.01B,$0.06B,13.95%,$0.01B,$0.06B,21.43%,$11,$4,$7,$1,$3,$8,$3,$-0,$3,$1,$2,$2,$2,$4,$3,$3,4,$0.55,$0.52,$4,$6,$0,$18,$8,$0,$38,$0,$46,$64,$3,$2,$2,$6,$9,$11,$44,$0,$54,$64,$2,$1,$0,$1,$2,$-1,$1,$-0,$-0,$3,$-0,$0,$0,$0,$0,$0,$0,$-0,$-3,$0,$-3,$0,$0,$-0,$0,$-3,$-0,$0,$-0
22,2013-03-31,50.99,$15.57,3.28,$13.06,3.9,$7.32,6.97,$2.38,21.42,$0.02B,$0.01B,4.17,$0.00B,$0.05B,0.08,$0.05B,$0.03B,59.57%,$0.05B,$0.01B,25.53%,$0.05B,$0.01B,25.53%,$0.05B,$0.02B,34.04%,$0.05B,$0.01B,25.53%,$0.05B,$0.01B,19.15%,$0.01B,$0.05B,18.27%,$0.01B,$0.01B,97.30%,$0.01B,$0.07B,13.79%,$0.01B,$0.06B,21.33%,$13,$5,$8,$1,$4,$9,$4,$-0,$4,$1,$3,$3,$3,$5,$4,$3,4,$0.76,$0.68,$4,$6,$0,$19,$7,$0,$39,$0,$46,$66,$5,$4,$2,$9,$13,$11,$42,$0,$53,$66,$8,$3,$1,$4,$-2,$-0,$0,$-0,$-1,$11,$-1,$0,$-17,$0,$0,$0,$0,$-18,$4,$0,$4,$1,$1,$-2,$0,$3,$-3,$1,$-2
23,2012-12-31,48.29,$14.86,3.25,$12.67,3.81,$7.81,6.18,$2.29,21.09,$0.02B,$0.00B,4.29,$0.01B,$0.05B,0.1,$0.05B,$0.03B,57.78%,$0.05B,$0.01B,24.44%,$0.05B,$0.01B,24.44%,$0.05B,$0.02B,33.33%,$0.05B,$0.01B,24.44%,$0.05B,$0.01B,17.78%,$0.01B,$0.05B,17.02%,$0.01B,$0.01B,74.42%,$0.01B,$0.06B,13.01%,$0.01B,$0.06B,20.75%,$11,$4,$7,$1,$4,$9,$2,$-0,$2,$1,$2,$2,$2,$3,$2,$3,4,$0.46,$0.44,$3,$5,$0,$17,$7,$0,$40,$0,$47,$64,$4,$5,$2,$10,$14,$8,$43,$0,$50,$64,$6,$3,$1,$3,$-1,$0,$0,$0,$-1,$8,$-1,$0,$-17,$0,$0,$0,$0,$-17,$5,$0,$5,$1,$1,$-1,$0,$4,$-4,$1,$-1
24,2012-09-30,46.49,$14.42,3.22,$12.22,3.8,$8.00,5.81,$2.42,19.21,$0.02B,$0.00B,4.95,$0.01B,$0.05B,0.17,$0.04B,$0.03B,56.82%,$0.04B,$0.01B,27.27%,$0.04B,$0.01B,27.27%,$0.04B,$0.02B,36.36%,$0.04B,$0.01B,27.27%,$0.04B,$0.01B,18.18%,$0.01B,$0.05B,17.78%,$0.01B,$0.01B,65.31%,$0.01B,$0.06B,13.79%,$0.01B,$0.06B,24.12%,$12,$4,$7,$1,$3,$8,$3,$-0,$3,$1,$2,$2,$2,$4,$3,$3,4,$0.67,$0.64,$3,$6,$0,$17,$7,$0,$40,$0,$48,$64,$3,$8,$2,$13,$16,$7,$41,$0,$48,$64,$4,$2,$0,$2,$-0,$-0,$0,$0,$-2,$5,$-0,$0,$-17,$0,$0,$0,$0,$-17,$8,$0,$8,$1,$1,$-1,$0,$8,$-4,$0,$-1
25,2012-06-30,44.55,$13.76,3.24,$11.72,3.8,$7.95,5.61,$2.37,18.8,$0.02B,$0.01B,3.69,$0.01B,$0.05B,0.24,$0.04B,$0.02B,57.14%,$0.04B,$0.01B,28.57%,$0.04B,$0.01B,28.57%,$0.04B,$0.02B,38.10%,$0.04B,$0.01B,28.57%,$0.04B,$0.01B,19.05%,$0.01B,$0.05B,18.60%,$0.01B,$0.01B,58.18%,$0.01B,$0.07B,14.61%,$0.01B,$0.06B,26.23%,$11,$4,$6,$0,$3,$7,$3,$-0,$3,$1,$2,$2,$2,$4,$3,$3,4,$0.63,$0.59,$5,$6,$0,$18,$7,$0,$41,$0,$48,$67,$5,$11,$2,$16,$21,$7,$39,$0,$46,$67,$2,$1,$0,$1,$-0,$-0,$0,$0,$0,$3,$-0,$0,$-17,$0,$0,$0,$0,$-17,$11,$0,$11,$0,$0,$-0,$0,$11,$-3,$0,$-0
26,2012-03-31,47.13,$13.22,3.57,$11.46,4.11,$7.83,6.02,$2.27,20.76,$0.02B,$0.00B,4.5,$0.00B,$0.04B,0.0,$0.04B,$0.02B,57.50%,$0.04B,$0.01B,30.00%,$0.04B,$0.01B,30.00%,$0.04B,$0.02B,37.50%,$0.04B,$0.01B,30.00%,$0.04B,$0.01B,20.00%,$0.01B,$0.04B,19.51%,$0.01B,$0.02B,51.61%,$0.01B,$0.05B,15.69%,$0.01B,$0.04B,29.27%,$11,$5,$6,$0,$2,$8,$3,$-0,$3,$1,$2,$2,$2,$4,$3,$3,3,$0.67,$0.64,$7,$4,$0,$19,$7,$0,$24,$0,$32,$51,$4,$0,$0,$3,$7,$9,$36,$0,$44,$51,$8,$2,$1,$3,$0,$1,$-0,$0,$2,$12,$-1,$0,$-1,$0,$0,$0,$0,$-1,$-7,$0,$-7,$1,$1,$-2,$0,$-7,$4,$0,$-2
27,2011-12-31,39.5,$12.69,3.11,$11.70,3.37,$6.29,6.28,$2.29,17.25,$0.02B,$0.01B,3.77,$0.00B,$0.04B,0.02,$0.04B,$0.02B,57.50%,$0.04B,$0.01B,30.00%,$0.04B,$0.01B,30.00%,$0.04B,$0.02B,37.50%,$0.04B,$0.01B,30.00%,$0.04B,$0.01B,20.00%,$0.01B,$0.04B,20.51%,$0.01B,$0.02B,61.54%,$0.01B,$0.05B,15.69%,$0.01B,$0.04B,30.38%,$10,$4,$6,$0,$2,$6,$3,$-0,$3,$1,$2,$2,$2,$4,$3,$3,3,$0.60,$0.57,$6,$5,$0,$17,$7,$0,$25,$0,$33,$50,$5,$1,$0,$4,$9,$6,$36,$0,$42,$50,$6,$2,$0,$2,$1,$1,$-0,$0,$1,$9,$-1,$0,$-1,$0,$0,$0,$0,$-1,$-5,$0,$-5,$0,$0,$-1,$0,$-6,$2,$0,$-1
28,2011-09-30,33.58,$12.18,2.76,$11.23,2.99,$5.22,6.43,$2.10,15.99,$0.02B,$0.01B,2.72,$0.00B,$0.04B,0.0,$0.04B,$0.02B,55.26%,$0.04B,$0.01B,28.95%,$0.04B,$0.01B,28.95%,$0.04B,$0.01B,34.21%,$0.04B,$0.01B,28.95%,$0.04B,$0.01B,18.42%,$0.01B,$0.04B,18.92%,$0.01B,$0.01B,63.64%,$0.01B,$0.05B,13.86%,$0.01B,$0.04B,29.33%,$10,$4,$6,$0,$2,$6,$3,$-0,$3,$1,$2,$2,$2,$4,$3,$3,3,$0.63,$0.59,$5,$5,$0,$17,$7,$0,$26,$0,$33,$51,$6,$0,$1,$4,$11,$6,$34,$0,$40,$51,$4,$1,$0,$1,$0,$1,$-0,$0,$-0,$5,$-0,$0,$0,$0,$0,$0,$0,$-0,$-3,$0,$-3,$0,$0,$-1,$0,$-3,$1,$0,$-1
29,2011-06-30,29.91,$11.65,2.57,$10.76,2.78,$4.47,6.68,$1.94,15.42,$0.02B,$0.01B,1.97,$0.00B,$0.04B,0.0,$0.04B,$0.02B,55.56%,$0.04B,$0.01B,27.78%,$0.04B,$0.01B,27.78%,$0.04B,$0.01B,33.33%,$0.04B,$0.01B,27.78%,$0.04B,$0.01B,16.67%,$0.01B,$0.04B,17.02%,$0.01B,$0.01B,55.81%,$0.01B,$0.05B,12.37%,$0.01B,$0.04B,27.97%,$9,$4,$5,$0,$2,$7,$3,$-0,$3,$1,$2,$2,$2,$3,$3,$3,3,$0.51,$0.49,$6,$5,$0,$19,$7,$0,$26,$0,$33,$52,$10,$0,$1,$4,$14,$6,$32,$0,$38,$52,$2,$1,$0,$1,$0,$0,$0,$0,$1,$3,$-0,$0,$0,$0,$0,$0,$0,$-0,$-0,$0,$-0,$0,$0,$-0,$0,$-0,$3,$0,$-0
30,2011-03-31,27.16,$11.20,2.42,$10.29,2.64,$3.76,7.23,$1.85,14.68,$0.02B,$0.01B,1.74,$0.00B,$0.04B,0.04,$0.03B,$0.02B,55.88%,$0.03B,$0.01B,26.47%,$0.03B,$0.01B,26.47%,$0.03B,$0.01B,35.29%,$0.03B,$0.01B,26.47%,$0.03B,$0.01B,14.71%,$0.01B,$0.04B,14.81%,$0.01B,$0.01B,47.62%,$0.01B,$0.05B,10.81%,$0.01B,$0.04B,26.28%,$11,$5,$6,$0,$2,$8,$3,$-0,$3,$1,$2,$2,$2,$4,$3,$3,3,$0.67,$0.66,$4,$6,$0,$17,$7,$0,$26,$0,$33,$51,$10,$2,$0,$4,$14,$6,$31,$0,$36,$51,$6,$2,$-0,$2,$-1,$-0,$-0,$0,$1,$9,$-3,$0,$-18,$0,$0,$0,$0,$-21,$6,$0,$6,$0,$0,$-1,$0,$5,$-7,$0,$-1
31,2010-12-31,28.18,$10.61,2.66,$8.76,3.21,$3.52,7.99,$1.61,17.5,$0.01B,$0.01B,1.67,$0.00B,$0.03B,0.0,$0.03B,$0.02B,58.62%,$0.03B,$0.01B,27.59%,$0.03B,$0.01B,27.59%,$0.03B,$0.01B,34.48%,$0.03B,$0.01B,27.59%,$0.03B,$0.00B,13.79%,$0.00B,$0.03B,12.31%,$0.00B,$0.01B,29.63%,$0.00B,$0.05B,9.52%,$0.01B,$0.03B,24.62%,$8,$3,$4,$0,$2,$6,$2,$-0,$2,$1,$1,$1,$1,$2,$2,$3,3,$0.39,$0.37,$2,$6,$0,$14,$7,$0,$26,$0,$33,$48,$9,$0,$2,$5,$13,$5,$29,$0,$34,$48,$4,$1,$0,$2,$1,$-0,$-0,$0,$1,$7,$-3,$0,$-18,$0,$0,$0,$0,$-21,$6,$0,$6,$0,$0,$-1,$0,$5,$-8,$0,$-1
32,2010-09-30,21.5,$10.34,2.08,$8.09,2.66,$3.52,6.11,$1.58,13.61,$0.02B,$0.01B,3.0,$0.00B,$0.03B,0.0,$0.03B,$0.02B,61.54%,$0.03B,$0.01B,30.77%,$0.03B,$0.01B,30.77%,$0.03B,$0.01B,38.46%,$0.03B,$0.01B,30.77%,$0.03B,$0.00B,15.38%,$0.00B,$0.03B,12.70%,$0.00B,$0.01B,23.88%,$0.00B,$0.04B,10.53%,$0.01B,$0.03B,25.40%,$8,$3,$5,$0,$2,$5,$2,$-0,$2,$1,$1,$1,$1,$3,$2,$3,3,$0.44,$0.43,$4,$6,$0,$15,$7,$0,$20,$0,$28,$43,$5,$0,$2,$5,$10,$5,$28,$0,$33,$43,$3,$1,$0,$1,$1,$-1,$-0,$0,$0,$4,$-2,$0,$-12,$0,$0,$0,$-0,$-14,$4,$0,$4,$-0,$-0,$-1,$0,$3,$-7,$0,$-1
33,2010-06-30,22.37,$9.97,2.24,$7.39,3.03,$3.88,5.76,$1.53,14.62,$0.01B,$0.01B,2.65,$0.00B,$0.03B,0.0,$0.02B,$0.01B,60.87%,$0.02B,$0.01B,34.78%,$0.02B,$0.01B,34.78%,$0.02B,$0.01B,39.13%,$0.02B,$0.01B,34.78%,$0.02B,$0.00B,17.39%,$0.00B,$0.03B,13.11%,$0.00B,$0.01B,21.05%,$0.00B,$0.04B,11.43%,$0.01B,$0.03B,26.23%,$7,$3,$4,$0,$2,$5,$2,$-0,$2,$1,$1,$1,$1,$3,$2,$3,3,$0.41,$0.40,$3,$6,$0,$14,$7,$0,$21,$0,$29,$43,$5,$0,$2,$5,$10,$5,$27,$0,$32,$43,$1,$0,$0,$0,$1,$-0,$-0,$0,$1,$3,$-2,$0,$-12,$0,$0,$0,$-0,$-14,$4,$0,$4,$0,$0,$-0,$0,$4,$-8,$0,$-0
34,2010-03-31,24.04,$9.74,2.47,$6.66,3.61,$4.43,5.43,$1.44,16.69,$0.02B,$0.00B,10.53,$0.00B,$0.03B,0.0,$0.02B,$0.01B,61.90%,$0.02B,$0.01B,38.10%,$0.02B,$0.01B,38.10%,$0.02B,$0.01B,38.10%,$0.02B,$0.01B,38.10%,$0.02B,$0.00B,19.05%,$0.00B,$0.03B,13.56%,$0.00B,$0.02B,18.60%,$0.00B,$0.03B,12.60%,$0.01B,$0.03B,27.12%,$6,$3,$4,$0,$1,$4,$2,$0,$2,$1,$1,$1,$1,$2,$2,$3,3,$0.42,$0.41,$10,$5,$0,$20,$4,$0,$9,$0,$13,$34,$2,$0,$0,$0,$2,$5,$26,$0,$31,$34,$5,$1,$0,$1,$-0,$-0,$0,$-0,$0,$6,$-1,$0,$-3,$0,$0,$0,$0,$-3,$0,$0,$0,$-0,$-0,$-1,$0,$-1,$1,$0,$-1
35,2009-12-31,23.82,$9.41,2.53,$6.46,3.69,$4.15,5.75,$1.41,16.89,$0.02B,$0.00B,11.39,$0.00B,$0.03B,0.0,$0.02B,$0.01B,65.00%,$0.02B,$0.01B,40.00%,$0.02B,$0.01B,40.00%,$0.02B,$0.01B,40.00%,$0.02B,$0.01B,40.00%,$0.02B,$0.00B,20.00%,$0.00B,$0.03B,13.91%,$0.00B,$0.02B,18.82%,$0.00B,$0.03B,13.01%,$0.01B,$0.03B,27.83%,$5,$2,$3,$0,$1,$4,$2,$0,$2,$1,$1,$1,$1,$2,$2,$3,3,$0.36,$0.35,$10,$5,$0,$19,$4,$0,$9,$0,$13,$32,$2,$0,$0,$1,$2,$5,$25,$0,$30,$32,$3,$1,$0,$1,$1,$-0,$0,$0,$1,$5,$-0,$0,$-2,$0,$0,$0,$0,$-3,$0,$0,$0,$-0,$-0,$-1,$0,$-1,$1,$0,$-1
36,2009-09-30,21.01,$9.19,2.29,$6.51,3.23,$3.73,5.63,$1.44,14.59,$0.02B,$0.00B,18.74,$0.00B,$0.03B,0.0,$0.02B,$0.01B,65.00%,$0.02B,$0.01B,40.00%,$0.02B,$0.01B,40.00%,$0.02B,$0.01B,40.00%,$0.02B,$0.01B,40.00%,$0.02B,$0.00B,20.00%,$0.00B,$0.03B,14.29%,$0.00B,$0.02B,19.05%,$0.00B,$0.03B,13.45%,$0.01B,$0.03B,28.57%,$5,$2,$3,$0,$1,$3,$2,$0,$2,$1,$1,$1,$1,$2,$2,$3,3,$0.39,$0.38,$11,$5,$0,$20,$4,$0,$7,$0,$11,$31,$1,$0,$0,$1,$2,$5,$24,$0,$29,$31,$2,$0,$0,$0,$1,$-0,$-0,$0,$0,$3,$-0,$0,$0,$0,$0,$0,$0,$-0,$0,$0,$0,$-0,$-0,$-1,$0,$-1,$2,$0,$-1
37,2009-06-30,17.92,$8.88,2.02,$6.61,2.71,$3.43,5.23,$1.48,12.11,$0.02B,$0.00B,13.22,$0.00B,$0.03B,0.0,$0.02B,$0.01B,66.67%,$0.02B,$0.01B,38.10%,$0.02B,$0.01B,38.10%,$0.02B,$0.01B,38.10%,$0.02B,$0.01B,38.10%,$0.02B,$0.00B,19.05%,$0.00B,$0.03B,14.68%,$0.00B,$0.02B,20.00%,$0.00B,$0.03B,13.91%,$0.01B,$0.03B,29.36%,$5,$2,$3,$0,$1,$3,$2,$0,$2,$1,$1,$1,$1,$2,$2,$3,3,$0.32,$0.31,$11,$5,$0,$19,$4,$0,$7,$0,$11,$30,$1,$0,$0,$1,$2,$5,$24,$0,$28,$30,$1,$0,$0,$0,$1,$-0,$-0,$0,$1,$2,$-0,$0,$0,$0,$0,$0,$0,$-0,$0,$0,$0,$-0,$-0,$-0,$0,$-0,$2,$0,$-0
38,2009-03-31,14.55,$8.67,1.68,$6.63,2.19,$3.15,4.62,$1.48,9.83,$0.02B,$0.00B,12.53,$0.00B,$0.03B,0.0,$0.02B,$0.01B,66.67%,$0.02B,$0.01B,38.10%,$0.02B,$0.01B,38.10%,$0.02B,$0.01B,38.10%,$0.02B,$0.01B,38.10%,$0.02B,$0.00B,19.05%,$0.00B,$0.03B,15.09%,$0.00B,$0.02B,21.05%,$0.00B,$0.03B,14.41%,$0.01B,$0.03B,30.19%,$5,$2,$4,$0,$1,$3,$2,$0,$2,$1,$1,$1,$1,$2,$2,$3,3,$0.38,$0.37,$9,$4,$0,$19,$4,$0,$7,$0,$11,$30,$1,$0,$0,$1,$2,$5,$23,$0,$28,$30,$5,$1,$0,$1,$-0,$-0,$0,$0,$-1,$5,$-1,$0,$0,$0,$0,$0,$0,$-1,$0,$0,$0,$0,$0,$-1,$0,$-1,$3,$0,$-1
39,2008-12-31,15.82,$8.37,1.89,$6.71,2.36,$3.13,5.05,$1.47,10.76,$0.02B,$0.00B,12.6,$0.00B,$0.03B,0.0,$0.02B,$0.01B,63.64%,$0.02B,$0.01B,36.36%,$0.02B,$0.01B,36.36%,$0.02B,$0.01B,36.36%,$0.02B,$0.01B,36.36%,$0.02B,$0.00B,18.18%,$0.00B,$0.03B,15.69%,$0.00B,$0.02B,22.54%,$0.00B,$0.03B,14.95%,$0.01B,$0.03B,31.37%,$5,$2,$3,$0,$1,$3,$2,$0,$2,$1,$1,$1,$1,$2,$2,$3,3,$0.38,$0.38,$8,$4,$0,$17,$4,$0,$7,$0,$11,$28,$1,$0,$0,$0,$2,$5,$22,$0,$27,$28,$4,$1,$0,$1,$-0,$-0,$0,$0,$-1,$3,$-1,$0,$0,$0,$0,$0,$0,$-0,$0,$0,$0,$0,$0,$-1,$0,$-1,$2,$0,$-1
40,2008-09-30,19.1,$8.06,2.37,$6.46,2.96,$3.23,5.9,$1.43,13.35,$0.02B,$0.00B,12.37,$0.00B,$0.03B,0.0,$0.02B,$0.01B,63.64%,$0.02B,$0.01B,36.36%,$0.02B,$0.01B,36.36%,$0.02B,$0.01B,36.36%,$0.02B,$0.01B,36.36%,$0.02B,$0.00B,18.18%,$0.00B,$0.03B,16.33%,$0.00B,$0.02B,24.24%,$0.00B,$0.03B,15.53%,$0.01B,$0.03B,32.65%,$6,$2,$4,$0,$1,$4,$2,$0,$2,$1,$1,$1,$1,$2,$2,$3,3,$0.43,$0.42,$7,$5,$0,$16,$3,$0,$8,$0,$11,$27,$1,$0,$0,$0,$2,$5,$21,$0,$26,$27,$2,$0,$0,$1,$-0,$-1,$0,$0,$-1,$2,$-0,$0,$0,$0,$0,$0,$-0,$-0,$0,$0,$0,$0,$0,$-1,$0,$-1,$1,$0,$-1
41,2008-06-30,21.47,$7.73,2.78,$6.20,3.46,$3.40,6.31,$1.40,15.33,$0.02B,$0.00B,11.19,$0.00B,$0.03B,0.0,$0.02B,$0.01B,61.90%,$0.02B,$0.01B,38.10%,$0.02B,$0.01B,38.10%,$0.02B,$0.01B,38.10%,$0.02B,$0.01B,38.10%,$0.02B,$0.00B,19.05%,$0.00B,$0.03B,17.02%,$0.00B,$0.02B,25.81%,$0.00B,$0.03B,16.16%,$0.01B,$0.03B,34.04%,$5,$2,$3,$0,$1,$4,$2,$0,$2,$1,$1,$1,$1,$2,$2,$3,3,$0.32,$0.31,$6,$4,$0,$15,$3,$0,$8,$0,$11,$26,$1,$0,$0,$0,$2,$5,$20,$0,$25,$26,$1,$0,$0,$0,$0,$-0,$0,$0,$-0,$1,$-0,$0,$0,$0,$0,$0,$-0,$-0,$0,$0,$0,$0,$0,$-0,$0,$-0,$1,$0,$-0
42,2008-03-31,19.52,$7.50,2.6,$5.95,3.28,$3.40,5.74,$1.40,13.94,$0.01B,$0.00B,9.08,$0.00B,$0.02B,0.0,$0.02B,$0.01B,65.00%,$0.02B,$0.01B,40.00%,$0.02B,$0.01B,40.00%,$0.02B,$0.01B,40.00%,$0.02B,$0.01B,40.00%,$0.02B,$0.00B,20.00%,$0.00B,$0.02B,17.78%,$0.00B,$0.02B,27.59%,$0.00B,$0.03B,16.67%,$0.01B,$0.02B,35.56%,$6,$2,$4,$0,$1,$4,$2,$0,$2,$1,$1,$1,$1,$2,$2,$3,3,$0.39,$0.37,$6,$4,$0,$14,$3,$0,$7,$0,$11,$26,$2,$0,$0,$0,$2,$5,$19,$0,$24,$26,$5,$1,$0,$1,$-0,$-1,$-0,$-0,$-1,$5,$-0,$0,$0,$0,$0,$0,$-0,$-0,$0,$0,$0,$-1,$-1,$-1,$0,$-2,$2,$0,$-1
43,2007-12-31,22.16,$7.21,3.07,$5.79,3.83,$2.75,8.07,$1.48,14.97,$0.01B,$0.00B,11.78,$0.00B,$0.02B,0.0,$0.02B,$0.01B,63.16%,$0.02B,$0.01B,42.11%,$0.02B,$0.01B,42.11%,$0.02B,$0.01B,42.11%,$0.02B,$0.01B,42.11%,$0.02B,$0.00B,21.05%,$0.00B,$0.02B,18.39%,$0.00B,$0.02B,29.09%,$0.00B,$0.02B,17.39%,$0.01B,$0.02B,36.78%,$5,$2,$3,$0,$1,$3,$2,$0,$2,$1,$1,$1,$1,$2,$2,$3,3,$0.35,$0.34,$5,$4,$0,$13,$4,$0,$8,$0,$11,$24,$1,$0,$0,$0,$1,$5,$18,$0,$23,$24,$3,$1,$0,$1,$1,$-1,$-0,$-0,$-1,$4,$-0,$0,$0,$0,$0,$0,$0,$-0,$0,$0,$0,$-1,$-1,$-1,$0,$-2,$2,$0,$-1
44,2007-09-30,18.32,$7.00,2.62,$5.64,3.25,$2.08,8.82,$1.39,13.18,$0.01B,$0.00B,12.52,$0.00B,$0.02B,0.0,$0.02B,$0.01B,61.11%,$0.02B,$0.01B,38.89%,$0.02B,$0.01B,38.89%,$0.02B,$0.01B,38.89%,$0.02B,$0.01B,38.89%,$0.02B,$0.00B,22.22%,$0.00B,$0.02B,19.05%,$0.00B,$0.01B,30.77%,$0.00B,$0.02B,17.98%,$0.01B,$0.02B,33.33%,$5,$2,$3,$0,$1,$3,$2,$0,$2,$1,$1,$1,$1,$2,$2,$3,3,$0.40,$0.39,$5,$4,$0,$12,$3,$0,$8,$0,$11,$23,$1,$0,$0,$0,$1,$5,$18,$0,$22,$23,$2,$0,$0,$1,$1,$-1,$-0,$0,$-0,$2,$-0,$0,$0,$0,$0,$0,$0,$-0,$0,$0,$0,$-0,$-0,$-1,$0,$-1,$1,$0,$-1
45,2007-06-30,20.49,$6.71,3.05,$5.45,3.76,$1.51,13.59,$1.28,16.01,$0.01B,$0.00B,8.89,$0.00B,$0.02B,0.0,$0.02B,$0.01B,64.71%,$0.02B,$0.01B,35.29%,$0.02B,$0.01B,35.29%,$0.02B,$0.01B,41.18%,$0.02B,$0.01B,35.29%,$0.02B,$0.00B,23.53%,$0.00B,$0.02B,19.75%,$0.00B,$0.01B,32.65%,$0.00B,$0.02B,18.39%,$0.01B,$0.02B,29.63%,$4,$1,$3,$0,$1,$3,$2,$0,$2,$1,$1,$1,$1,$2,$2,$3,3,$0.32,$0.31,$4,$4,$0,$11,$3,$0,$8,$0,$11,$23,$1,$0,$0,$0,$1,$5,$17,$0,$21,$23,$1,$0,$0,$0,$0,$-0,$-0,$0,$-0,$1,$-0,$0,$0,$0,$0,$0,$0,$-0,$0,$0,$0,$-0,$-0,$-0,$0,$-1,$1,$0,$-0
46,2007-03-31,16.64,$6.52,2.55,$5.31,3.13,$1.47,11.3,$1.22,13.64,$0.01B,$0.00B,7.38,$0.00B,$0.02B,0.0,$0.02B,$0.01B,58.82%,$0.02B,$0.01B,29.41%,$0.02B,$0.01B,29.41%,$0.02B,$0.01B,35.29%,$0.02B,$0.01B,29.41%,$0.02B,$0.00B,23.53%,$0.00B,$0.02B,20.25%,$0.00B,$0.01B,34.04%,$0.00B,$0.02B,19.05%,$0.01B,$0.02B,25.32%,$5,$2,$3,$0,$1,$4,$2,$0,$2,$0,$1,$1,$1,$2,$2,$3,3,$0.45,$0.44,$3,$3,$0,$11,$4,$0,$8,$0,$12,$22,$1,$0,$0,$0,$2,$5,$16,$0,$21,$22,$4,$1,$0,$1,$-1,$-0,$-0,$0,$-1,$4,$-2,$0,$-3,$1,$0,$1,$0,$-4,$0,$0,$0,$-0,$-0,$-1,$0,$-2,$-1,$0,$-1
47,2006-12-31,16.52,$0.00,0.0,$4.83,3.42,$1.51,10.94,$1.05,15.73,$0.01B,$0.00B,9.47,$0.00B,$0.02B,0.0,$0.02B,$0.01B,60.00%,$0.02B,$0.00B,26.67%,$0.02B,$0.00B,26.67%,$0.02B,$0.01B,33.33%,$0.02B,$0.00B,26.67%,$0.02B,$0.00B,26.67%,$0.00B,$0.02B,21.92%,$0.00B,$0.01B,35.56%,$0.00B,$0.02B,20.51%,$0.00B,$0.02B,21.92%,$4,$2,$2,$0,$1,$3,$1,$0,$1,$0,$1,$1,$1,$1,$1,$3,3,$0.26,$0.25,$3,$3,$0,$9,$0,$0,$8,$0,$8,$21,$1,$0,$0,$0,$1,$5,$15,$0,$20,$21,$3,$0,$0,$1,$0,$-0,$-0,$0,$-0,$3,$-2,$0,$-3,$1,$0,$1,$0,$-3,$0,$0,$0,$-0,$-0,$-1,$0,$-1,$-2,$0,$-1
