,Date,Stock Price,Book Value per Share,Price to Book Ratio,TTM Sales per Share,Price to Sales Ratio,TTM FCF per Share,Price to FCF Ratio,TTM Net EPS,PE Ratio,Current Assets,Current Liabilities,Current Ratio,Long Term Debt,Shareholder's Equity_x,Debt to Equity Ratio,TTM Revenue_x,TTM Gross Profit,Gross Margin,TTM Revenue_y,TTM Operating Income,Operating Margin,TTM Revenue_x,TTM EBIT,EBIT Margin,TTM Revenue_y,TTM EBITDA,EBITDA Margin,TTM Revenue_x,TTM Pre-Tax Income,Pre-Tax Margin,TTM Revenue_y,TTM Net Income_x,Net Margin,TTM Net Income_y,Shareholder's Equity_y,Return on Equity,TTM Net Income_x,Tangible Equity,Return on Tangible Equity,TTM Net Income_y,Total Assets,Return on Assets,TTM Net Income,LT Investments & Debt,Return on Investment,revenue,cost-goods-sold,gross-profit,research-development-expenses,selling-general-administrative-expenses,operating-expenses,operating-income,total-non-operating-income-expense,pre-tax-income,total-provision-income-taxes,income-after-taxes,income-from-continuous-operations,net-income,ebitda,ebit,basic-shares-outstanding,shares-outstanding,eps-basic-net-earnings-per-share,eps-earnings-per-share-diluted,cash-on-hand,inventory,other-current-assets,total-current-assets,net-property-plant-equipment,long-term-investments,goodwill-intangible-assets-total,other-long-term-assets,total-long-term-assets,total-assets,total-current-liabilities,long-term-debt,other-non-current-liabilities,total-long-term-liabilities,total-liabilities,common-stock-net,retained-earnings-accumulated-deficit,comprehensive-income,total-share-holder-equity,total-liabilities-share-holders-equity,net-income-loss,total-depreciation-amortization-cash-flow,other-non-cash-items,total-non-cash-items,change-in-accounts-receivable,change-in-inventories,change-in-accounts-payable,change-in-assets-liabilities,total-change-in-assets-liabilities,cash-flow-from-operating-activities,net-change-in-property-plant-equipment,net-change-in-intangible-assets,net-acquisitions-divestitures,net-change-in-short-term-investments,net-change-in-long-term-investments,net-change-in-investments-total,investing-activities-other,cash-flow-from-investing-activities,net-long-term-debt,net-current-debt,debt-issuance-retirement-net-total,net-common-equity-issued-repurchased,net-total-equity-issued-repurchased,total-common-preferred-stock-dividends-paid,financial-activities-other,cash-flow-from-financial-activities,net-cash-flow,stock-based-compensation,common-stock-dividends-paid
0,2018-09-30,21.15,$0.00,0.0,$10.33,2.05,$2.04,10.36,$0.60,35.25,$1.76B,$1.80B,0.97,$3.97B,$2.91B,1.36,$5.10B,$1.75B,34.35%,$5.10B,$0.55B,10.83%,$5.10B,$0.55B,10.83%,$5.10B,$0.55B,10.83%,$5.10B,$0.30B,5.89%,$5.10B,$0.31B,5.99%,$0.31B,$2.91B,9.33%,$0.31B,$1.84B,14.05%,$0.31B,$8.77B,3.45%,$0.55B,$6.88B,7.88%,$1220,$815,$405,$0,$147,$1137,$84,$-75,$9,$1,$7,$7,$10,$84,$84,$486,489,$0.02,$0.02,$1426,$40,$0,$1755,$5740,$0,$1070,$201,$7011,$8766,$1803,$3967,$29,$4050,$5853,$15,$-764,$-31,$2913,$8766,$0,$0,$0,$0,$0,$0,$0,$0,$0,$0,$0,$0,$0,$0,$0,$0,$0,$0,$0,$0,$0,$0,$0,$0,$0,$0,$0,$0,$0
1,2018-06-30,27.83,$0.00,0.0,$10.63,2.62,$2.04,13.64,$0.83,33.53,$1.86B,$1.79B,1.04,$3.59B,$3.41B,1.05,$5.25B,$1.82B,34.58%,$5.25B,$0.66B,12.59%,$5.25B,$0.66B,12.59%,$5.25B,$0.66B,12.59%,$5.25B,$0.41B,7.71%,$5.25B,$0.41B,7.83%,$0.41B,$3.41B,12.20%,$0.41B,$2.32B,18.28%,$0.41B,$8.87B,4.63%,$0.66B,$7.00B,9.37%,$1229,$787,$441,$0,$127,$1111,$118,$-62,$56,$2,$53,$53,$57,$118,$118,$491,495,$0.12,$0.12,$1552,$36,$0,$1856,$5737,$0,$1090,$188,$7014,$8871,$1788,$3587,$28,$3669,$5457,$15,$-703,$-30,$3413,$8871,$0,$0,$0,$0,$0,$0,$0,$0,$0,$0,$0,$0,$0,$0,$0,$0,$0,$0,$0,$0,$0,$0,$0,$0,$0,$0,$0,$0,$0
2,2018-03-31,28.68,$0.00,0.0,$10.78,2.66,$2.04,14.05,$0.78,36.77,$1.82B,$1.71B,1.07,$3.60B,$3.42B,1.05,$5.32B,$1.79B,33.55%,$5.32B,$0.67B,12.59%,$5.32B,$0.67B,12.59%,$5.32B,$0.67B,12.59%,$5.32B,$0.38B,7.12%,$5.32B,$0.39B,7.33%,$0.39B,$3.42B,11.74%,$0.39B,$2.31B,16.37%,$0.39B,$8.82B,4.40%,$0.67B,$7.02B,9.45%,$1313,$830,$483,$0,$108,$1092,$221,$-56,$165,$2,$163,$163,$157,$221,$221,$490,495,$0.32,$0.32,$1512,$35,$0,$1821,$5692,$0,$1110,$199,$7001,$8822,$1705,$3602,$41,$3697,$5402,$15,$-694,$-28,$3420,$8822,$0,$0,$0,$0,$0,$0,$0,$0,$0,$0,$0,$0,$0,$0,$0,$0,$0,$0,$0,$0,$0,$0,$0,$0,$0,$0,$0,$0,$0
3,2017-12-31,28.6,$0.00,0.0,$10.72,2.67,$2.04,14.02,$0.69,41.45,$1.85B,$1.68B,1.1,$3.77B,$3.34B,1.13,$5.29B,$1.73B,32.75%,$5.29B,$0.61B,11.49%,$5.29B,$0.61B,11.49%,$5.29B,$0.61B,11.49%,$5.29B,$0.32B,5.96%,$5.29B,$0.35B,6.55%,$0.35B,$3.34B,10.56%,$0.35B,$2.21B,14.93%,$0.35B,$8.90B,3.91%,$0.61B,$7.11B,8.52%,$1333,$911,$421,$0,$123,$1204,$129,$-59,$70,$-1,$71,$71,$81,$129,$129,$489,493,$0.16,$0.17,$1553,$35,$0,$1845,$5731,$0,$1130,$190,$7050,$8895,$1684,$3772,$49,$3875,$5559,$15,$-772,$-27,$3336,$8895,$315,$567,$106,$672,$55,$-2,$182,$-60,$175,$1163,$-156,$0,$0,$201,$-91,$110,$-364,$-410,$-194,$-0,$-194,$4,$4,$-821,$-35,$-1046,$-294,$17,$-821
4,2017-09-30,23.67,$0.00,0.0,$10.37,2.28,$2.08,11.4,$0.62,38.18,$1.93B,$1.78B,1.08,$3.77B,$3.30B,1.14,$5.15B,$1.70B,33.00%,$5.15B,$0.59B,11.55%,$5.15B,$0.59B,11.55%,$5.15B,$0.59B,11.55%,$5.15B,$0.27B,5.17%,$5.15B,$0.31B,5.99%,$0.31B,$3.30B,9.06%,$0.31B,$2.15B,12.73%,$0.31B,$8.95B,3.44%,$0.59B,$7.07B,8.15%,$1377,$906,$471,$0,$111,$1184,$193,$-79,$114,$2,$113,$113,$116,$193,$193,$489,493,$0.24,$0.24,$1694,$34,$0,$1929,$5685,$0,$1150,$189,$7024,$8953,$1779,$3771,$45,$3872,$5651,$15,$-809,$-27,$3302,$8953,$0,$0,$0,$0,$0,$0,$0,$0,$0,$0,$0,$0,$0,$0,$0,$0,$0,$0,$0,$0,$0,$0,$0,$0,$0,$0,$0,$0,$0
5,2017-06-30,21.94,$0.00,0.0,$9.92,2.21,$2.08,10.57,$0.52,42.18,$1.74B,$1.46B,1.19,$3.94B,$3.23B,1.22,$4.92B,$1.60B,32.43%,$4.92B,$0.51B,10.36%,$4.92B,$0.51B,10.36%,$4.92B,$0.51B,10.36%,$4.92B,$0.20B,4.00%,$4.92B,$0.25B,5.16%,$0.25B,$3.23B,7.20%,$0.25B,$2.86B,10.04%,$0.25B,$8.75B,2.81%,$0.51B,$7.17B,6.85%,$1298,$888,$410,$0,$123,$1171,$127,$-98,$30,$1,$28,$28,$36,$127,$127,$489,493,$0.08,$0.07,$1465,$33,$0,$1736,$5630,$0,$371,$210,$7009,$8746,$1463,$3940,$56,$4052,$5515,$15,$-925,$-26,$3231,$8746,$0,$0,$0,$0,$0,$0,$0,$0,$0,$0,$0,$0,$0,$0,$0,$0,$0,$0,$0,$0,$0,$0,$0,$0,$0,$0,$0,$0,$0
6,2017-03-31,18.04,$0.00,0.0,$9.39,1.92,$2.08,8.69,$0.51,35.38,$1.75B,$1.49B,1.17,$3.92B,$3.24B,1.21,$4.69B,$1.51B,32.18%,$4.69B,$0.46B,9.70%,$4.69B,$0.46B,9.70%,$4.69B,$0.46B,9.70%,$4.69B,$0.17B,3.62%,$4.69B,$0.25B,5.31%,$0.25B,$3.24B,6.79%,$0.25B,$2.05B,10.17%,$0.25B,$8.76B,2.73%,$0.46B,$7.16B,6.01%,$1277,$848,$429,$0,$111,$1119,$158,$-57,$101,$-2,$103,$103,$113,$158,$158,$488,492,$0.23,$0.23,$1455,$32,$0,$1749,$5627,$0,$1190,$194,$7010,$8759,$1491,$3921,$50,$4028,$5519,$15,$-5,$-25,$3240,$8759,$0,$0,$0,$0,$0,$0,$0,$0,$0,$0,$0,$0,$0,$0,$0,$0,$0,$0,$0,$0,$0,$0,$0,$0,$0,$0,$0,$0,$0
7,2016-12-31,14.25,$7.83,1.82,$8.83,1.61,$2.08,6.87,$0.35,40.72,$2.28B,$1.48B,1.54,$3.93B,$3.82B,1.03,$4.52B,$1.41B,31.08%,$4.52B,$0.36B,8.03%,$4.52B,$0.36B,8.03%,$4.52B,$0.36B,8.03%,$4.52B,$0.08B,1.66%,$4.52B,$0.18B,3.89%,$0.18B,$3.82B,4.39%,$0.18B,$2.61B,6.36%,$0.18B,$9.34B,1.87%,$0.36B,$7.76B,4.56%,$1193,$805,$388,$0,$121,$1077,$116,$-95,$21,$4,$17,$17,$43,$116,$116,$506,508,$0.09,$0.09,$1952,$33,$0,$2280,$5656,$0,$1210,$195,$7061,$9340,$1479,$3932,$49,$4038,$5517,$15,$571,$-25,$3823,$9340,$67,$601,$121,$722,$-18,$-6,$448,$-55,$369,$1158,$-103,$0,$0,$514,$0,$514,$-131,$281,$-124,$-0,$-124,$-803,$-803,$-386,$-27,$-1340,$91,$18,$-386
8,2016-09-30,14.41,$0.00,0.0,$8.44,1.71,$0.51,28.33,$0.24,60.04,$2.22B,$1.56B,1.43,$3.85B,$3.82B,1.01,$4.39B,$1.33B,30.31%,$4.39B,$0.23B,5.22%,$4.39B,$0.23B,5.22%,$4.39B,$0.74B,16.83%,$4.39B,$-0.02B,-0.55%,$4.39B,$0.12B,2.76%,$0.12B,$3.82B,2.82%,$0.12B,$2.59B,4.00%,$0.12B,$9.34B,1.25%,$0.23B,$7.67B,2.78%,$1153,$783,$369,$0,$112,$1044,$109,$-64,$45,$2,$44,$44,$62,$109,$109,$488,491,$0.13,$0.13,$1927,$34,$0,$2221,$5714,$0,$1230,$170,$7114,$9335,$1559,$3852,$47,$3954,$5513,$15,$546,$-23,$3822,$9335,$0,$0,$0,$0,$0,$0,$0,$0,$0,$0,$0,$0,$0,$0,$0,$0,$0,$0,$0,$0,$0,$0,$0,$0,$0,$0,$0,$0,$0
9,2016-06-30,11.24,$0.00,0.0,$7.84,1.43,$0.51,22.09,$0.17,66.1,$1.89B,$1.19B,1.58,$3.91B,$3.79B,1.03,$4.18B,$1.25B,29.97%,$4.18B,$0.15B,3.69%,$4.18B,$0.15B,3.69%,$4.18B,$0.66B,15.87%,$4.18B,$-0.07B,-1.65%,$4.18B,$0.09B,2.20%,$0.09B,$3.79B,2.01%,$0.09B,$2.54B,2.71%,$0.09B,$9.04B,0.92%,$0.15B,$7.69B,1.78%,$1070,$746,$324,$0,$104,$998,$72,$-69,$3,$1,$2,$2,$31,$72,$72,$508,510,$0.06,$0.06,$1553,$33,$0,$1887,$5734,$0,$1250,$173,$7157,$9044,$1194,$3908,$101,$4064,$5258,$15,$493,$-22,$3786,$9044,$0,$0,$0,$0,$0,$0,$0,$0,$0,$0,$0,$0,$0,$0,$0,$0,$0,$0,$0,$0,$0,$0,$0,$0,$0,$0,$0,$0,$0
10,2016-03-31,14.73,$0.00,0.0,$7.43,1.98,$0.51,28.95,$0.15,98.17,$2.62B,$1.14B,2.29,$4.09B,$4.60B,0.89,$4.03B,$1.19B,29.57%,$4.03B,$0.10B,2.58%,$4.03B,$0.10B,2.58%,$4.03B,$0.61B,15.23%,$4.03B,$-0.08B,-1.94%,$4.03B,$0.09B,2.11%,$0.09B,$4.60B,1.74%,$0.09B,$3.33B,2.13%,$0.09B,$9.98B,0.82%,$0.10B,$8.69B,1.15%,$1104,$779,$324,$0,$110,$1038,$66,$-60,$6,$1,$5,$5,$40,$66,$66,$539,542,$0.07,$0.07,$2273,$34,$0,$2619,$5764,$0,$1270,$155,$7357,$9976,$1144,$4090,$91,$4236,$5379,$16,$1071,$-20,$4597,$9976,$0,$0,$0,$0,$0,$0,$0,$0,$0,$0,$0,$0,$0,$0,$0,$0,$0,$0,$0,$0,$0,$0,$0,$0,$0,$0,$0,$0,$0
11,2015-12-31,14.4,$3.05,4.73,$7.34,1.96,$0.51,28.32,$0.19,75.8,$3.02B,$1.21B,2.49,$3.98B,$4.93B,0.81,$3.98B,$1.18B,29.56%,$3.98B,$0.10B,2.47%,$3.98B,$0.10B,2.47%,$3.98B,$0.61B,15.27%,$3.98B,$-0.06B,-1.51%,$3.98B,$0.11B,2.67%,$0.11B,$4.93B,2.12%,$0.11B,$3.64B,2.53%,$0.11B,$10.26B,1.02%,$0.10B,$8.92B,1.08%,$1058,$746,$312,$-0,$200,$1076,$-18,$-60,$-78,$0,$-78,$-12,$-12,$491,$-18,$539,539,$-0.02,$-0.02,$2653,$33,$0,$3020,$5760,$0,$1290,$192,$7242,$10262,$1211,$3983,$81,$4119,$5330,$16,$1270,$-22,$4932,$10262,$-61,$509,$110,$509,$-56,$-12,$9,$22,$-34,$522,$-248,$0,$0,$-614,$0,$-614,$392,$-470,$78,$-0,$78,$5,$5,$-63,$-50,$-30,$13,$21,$-63
12,2015-09-30,11.78,$0.00,0.0,$7.42,1.59,$1.20,9.85,$0.38,31.01,$2.86B,$1.17B,2.44,$4.22B,$5.02B,0.84,$4.04B,$1.19B,29.49%,$4.04B,$0.23B,5.67%,$4.04B,$0.23B,5.67%,$4.04B,$0.23B,5.67%,$4.04B,$0.08B,2.08%,$4.04B,$0.21B,5.23%,$0.21B,$5.02B,4.19%,$0.21B,$4.09B,4.91%,$0.21B,$10.55B,2.02%,$0.23B,$9.23B,2.52%,$946,$653,$292,$0,$91,$912,$34,$-35,$-0,$0,$-1,$-1,$33,$34,$34,$539,542,$0.06,$0.06,$2461,$26,$90,$2857,$0,$0,$925,$906,$2019,$10548,$1170,$4218,$88,$4363,$5533,$16,$1292,$0,$5015,$10548,$0,$0,$0,$0,$0,$0,$0,$0,$0,$0,$0,$0,$0,$0,$0,$0,$0,$0,$0,$0,$0,$0,$0,$0,$0,$0,$0,$0,$0
13,2015-06-30,16.8,$0.00,0.0,$7.70,2.18,$1.20,14.05,$0.56,30.0,$3.02B,$1.11B,2.73,$4.21B,$5.02B,0.84,$4.22B,$1.26B,29.77%,$4.22B,$0.35B,8.21%,$4.22B,$0.35B,8.21%,$4.22B,$0.35B,8.21%,$4.22B,$0.19B,4.58%,$4.22B,$0.31B,7.35%,$0.31B,$5.02B,6.10%,$0.31B,$4.94B,7.16%,$0.31B,$10.50B,2.96%,$0.35B,$9.24B,3.82%,$917,$654,$262,$0,$89,$895,$22,$-28,$-6,$-0,$-6,$-6,$24,$22,$22,$539,542,$0.05,$0.05,$2647,$22,$69,$3016,$0,$0,$86,$1412,$1698,$10495,$1106,$4213,$95,$4365,$5471,$16,$1266,$0,$5024,$10495,$0,$0,$0,$0,$0,$0,$0,$0,$0,$0,$0,$0,$0,$0,$0,$0,$0,$0,$0,$0,$0,$0,$0,$0,$0,$0,$0,$0,$0
14,2015-03-31,18.34,$0.00,0.0,$8.17,2.24,$1.20,15.33,$0.78,23.51,$3.15B,$1.33B,2.37,$3.81B,$5.04B,0.76,$4.50B,$1.35B,29.92%,$4.50B,$0.49B,10.82%,$4.50B,$0.49B,10.82%,$4.50B,$0.49B,10.82%,$4.50B,$0.33B,7.25%,$4.50B,$0.43B,9.56%,$0.43B,$5.04B,8.41%,$0.43B,$4.09B,10.71%,$0.43B,$10.35B,4.23%,$0.49B,$8.86B,5.58%,$1054,$745,$309,$0,$93,$994,$60,$-36,$24,$1,$24,$24,$61,$60,$60,$539,542,$0.11,$0.11,$2824,$22,$65,$3148,$0,$0,$957,$599,$1720,$10352,$1327,$3813,$112,$3983,$5310,$16,$1260,$0,$5042,$10352,$0,$0,$0,$0,$0,$0,$0,$0,$0,$0,$0,$0,$0,$0,$0,$0,$0,$0,$0,$0,$0,$0,$0,$0,$0,$0,$0,$0,$0
15,2014-12-31,21.66,$9.36,2.31,$8.67,2.5,$1.20,18.11,$1.10,19.69,$3.50B,$1.32B,2.66,$3.92B,$5.04B,0.78,$4.80B,$1.46B,30.36%,$4.80B,$0.68B,14.06%,$4.80B,$0.68B,14.06%,$4.80B,$0.68B,14.06%,$4.80B,$0.53B,11.04%,$4.80B,$0.61B,12.68%,$0.61B,$5.04B,11.96%,$0.61B,$4.07B,15.77%,$0.61B,$10.43B,6.16%,$0.68B,$8.96B,7.99%,$1121,$793,$328,$2,$120,$1009,$113,$-57,$66,$-0,$67,$93,$93,$113,$113,$546,549,$0.17,$0.17,$3155,$23,$71,$3503,$6107,$0,$973,$657,$7912,$10433,$1317,$3918,$97,$4074,$5391,$16,$1227,$-17,$5042,$10433,$527,$368,$55,$368,$-8,$-10,$-44,$-23,$0,$895,$-238,$0,$0,$516,$0,$0,$-1368,$-1605,$1370,$0,$-263,$-179,$0,$0,$1190,$927,$216,$20,$-343
16,2014-09-30,22.35,$0.00,0.0,$9.17,2.44,$1.95,11.44,$1.33,16.8,$3.95B,$1.31B,3.03,$3.97B,$5.21B,0.76,$5.08B,$1.56B,30.77%,$5.08B,$0.78B,15.43%,$5.08B,$0.78B,15.43%,$5.08B,$0.78B,15.43%,$5.08B,$0.68B,13.34%,$5.08B,$0.74B,14.56%,$0.74B,$5.21B,14.60%,$0.74B,$4.22B,19.36%,$0.74B,$10.61B,7.79%,$0.78B,$9.17B,9.70%,$1124,$768,$356,$2,$113,$973,$151,$-42,$109,$0,$109,$132,$132,$151,$151,$551,555,$0.24,$0.24,$3596,$20,$90,$3953,$0,$0,$989,$886,$2061,$10610,$1305,$3966,$71,$4097,$5402,$17,$1173,$0,$5209,$10610,$0,$0,$0,$0,$0,$0,$0,$0,$0,$0,$0,$0,$0,$0,$0,$0,$0,$0,$0,$0,$0,$0,$0,$0,$0,$0,$0,$0,$0
17,2014-06-30,30.28,$0.00,0.0,$9.40,3.22,$1.95,15.5,$1.41,21.47,$3.11B,$1.25B,2.49,$2.75B,$5.16B,0.53,$5.21B,$1.59B,30.47%,$5.21B,$0.85B,16.25%,$5.21B,$0.85B,16.25%,$5.21B,$0.85B,16.25%,$5.21B,$0.73B,14.04%,$5.21B,$0.79B,15.10%,$0.79B,$5.16B,16.04%,$0.79B,$3.69B,22.37%,$0.79B,$9.26B,8.77%,$0.85B,$7.90B,11.18%,$1200,$846,$353,$5,$94,$1037,$163,$-36,$127,$0,$127,$144,$144,$163,$163,$551,555,$0.26,$0.26,$2771,$17,$70,$3108,$0,$0,$1462,$815,$2390,$9263,$1250,$2747,$50,$2858,$4108,$17,$1084,$0,$5155,$9263,$0,$0,$0,$0,$0,$0,$0,$0,$0,$0,$0,$0,$0,$0,$0,$0,$0,$0,$0,$0,$0,$0,$0,$0,$0,$0,$0,$0,$0
18,2014-03-31,32.36,$0.00,0.0,$9.57,3.38,$1.95,16.57,$1.48,21.87,$3.43B,$1.40B,2.44,$2.79B,$4.96B,0.56,$5.30B,$1.62B,30.60%,$5.30B,$0.90B,17.04%,$5.30B,$0.90B,17.04%,$5.30B,$0.90B,17.04%,$5.30B,$0.77B,14.49%,$5.30B,$0.82B,15.53%,$0.82B,$4.96B,17.54%,$0.82B,$3.47B,25.12%,$0.82B,$9.26B,9.43%,$0.90B,$7.76B,12.31%,$1357,$937,$421,$2,$77,$1110,$248,$-19,$228,$3,$226,$240,$240,$248,$248,$550,555,$0.44,$0.43,$3083,$18,$70,$3429,$0,$0,$1492,$729,$2339,$9263,$1404,$2794,$39,$2895,$4299,$17,$1012,$0,$4964,$9263,$0,$0,$0,$0,$0,$0,$0,$0,$0,$0,$0,$0,$0,$0,$0,$0,$0,$0,$0,$0,$0,$0,$0,$0,$0,$0,$0,$0,$0
19,2013-12-31,32.84,$0.00,0.0,$9.27,3.54,$1.95,16.81,$1.15,28.56,$3.15B,$1.24B,2.54,$2.52B,$4.93B,0.51,$5.13B,$1.57B,30.58%,$5.13B,$0.85B,16.64%,$5.13B,$0.85B,16.64%,$5.13B,$0.85B,16.64%,$5.13B,$0.58B,11.31%,$5.13B,$0.64B,12.42%,$0.64B,$4.93B,14.48%,$0.64B,$3.89B,21.58%,$0.64B,$8.81B,7.63%,$0.85B,$7.45B,12.14%,$1395,$962,$432,$5,$110,$1173,$221,$-35,$213,$4,$208,$223,$223,$221,$221,$550,550,$0.41,$0.40,$2779,$18,$63,$3148,$0,$0,$1038,$1204,$2356,$8814,$1238,$2524,$64,$2651,$3889,$17,$772,$0,$4925,$8814,$578,$402,$137,$402,$-15,$-2,$-4,$50,$31,$1152,$-78,$0,$0,$-627,$0,$-627,$-504,$-1209,$-668,$0,$-668,$334,$4,$0,$399,$-265,$-327,$15,$0
20,2013-09-30,26.65,$0.00,0.0,$8.72,3.06,$1.32,20.2,$0.95,28.05,$3.28B,$1.25B,2.62,$2.59B,$4.56B,0.57,$4.83B,$1.44B,29.87%,$4.83B,$0.77B,15.87%,$4.83B,$0.77B,15.87%,$4.83B,$0.77B,15.87%,$4.83B,$0.47B,9.66%,$4.83B,$0.52B,10.80%,$0.52B,$4.56B,12.72%,$0.52B,$3.00B,19.73%,$0.52B,$8.52B,6.42%,$0.77B,$7.15B,11.48%,$1253,$873,$380,$1,$70,$1039,$214,$-50,$163,$-1,$164,$179,$179,$214,$214,$550,555,$0.33,$0.32,$2956,$18,$48,$3284,$0,$0,$1553,$440,$2113,$8516,$1253,$2592,$52,$2708,$3961,$17,$549,$0,$4555,$8516,$0,$0,$0,$0,$0,$0,$0,$0,$0,$0,$0,$0,$0,$0,$0,$0,$0,$0,$0,$0,$0,$0,$0,$0,$0,$0,$0,$0,$0
21,2013-06-30,18.72,$0.00,0.0,$8.29,2.26,$1.32,14.19,$0.82,22.83,$3.01B,$1.19B,2.54,$2.66B,$4.33B,0.61,$4.59B,$1.34B,29.25%,$4.59B,$0.68B,14.76%,$4.59B,$0.68B,14.76%,$4.59B,$0.68B,14.76%,$4.59B,$0.40B,8.80%,$4.59B,$0.45B,9.76%,$0.45B,$4.33B,11.63%,$0.45B,$2.74B,17.84%,$0.45B,$8.31B,5.81%,$0.68B,$6.98B,10.97%,$1295,$906,$389,$3,$69,$1075,$220,$-56,$164,$-0,$164,$181,$181,$220,$220,$550,554,$0.33,$0.33,$2660,$18,$35,$3009,$0,$0,$1584,$579,$2283,$8309,$1186,$2655,$76,$2795,$3981,$17,$370,$0,$4328,$8309,$0,$0,$0,$0,$0,$0,$0,$0,$0,$0,$0,$0,$0,$0,$0,$0,$0,$0,$0,$0,$0,$0,$0,$0,$0,$0,$0,$0,$0
22,2013-03-31,19.55,$0.00,0.0,$7.65,2.55,$1.32,14.82,$0.64,30.55,$2.02B,$1.08B,1.87,$2.73B,$3.79B,0.72,$4.24B,$1.21B,28.52%,$4.24B,$0.56B,13.29%,$4.24B,$0.56B,13.29%,$4.24B,$0.56B,13.29%,$4.24B,$0.32B,7.51%,$4.24B,$0.35B,8.24%,$0.35B,$3.79B,9.61%,$0.35B,$2.17B,14.48%,$0.35B,$7.74B,4.78%,$0.56B,$6.52B,9.86%,$1184,$817,$367,$17,$57,$986,$198,$-119,$40,$-1,$41,$54,$54,$198,$198,$549,554,$0.10,$0.10,$1661,$18,$30,$2020,$0,$0,$1614,$989,$2728,$7738,$1079,$2732,$74,$2871,$3951,$17,$188,$0,$3787,$7738,$0,$0,$0,$0,$0,$0,$0,$0,$0,$0,$0,$0,$0,$0,$0,$0,$0,$0,$0,$0,$0,$0,$0,$0,$0,$0,$0,$0,$0
23,2012-12-31,14.1,$0.00,0.0,$7.44,1.9,$1.32,10.69,$0.76,18.55,$2.75B,$1.72B,1.6,$2.34B,$3.74B,0.63,$4.11B,$1.17B,28.46%,$4.11B,$0.54B,13.14%,$4.11B,$0.54B,13.14%,$4.11B,$0.54B,13.14%,$4.11B,$0.40B,9.63%,$4.11B,$0.42B,10.14%,$0.42B,$3.74B,11.82%,$0.42B,$2.67B,18.06%,$0.42B,$7.95B,5.97%,$0.54B,$6.08B,9.81%,$1102,$794,$308,$6,$71,$967,$135,$-35,$100,$-1,$101,$108,$108,$135,$135,$549,553,$0.20,$0.20,$2382,$17,$29,$2749,$0,$0,$1076,$1372,$2514,$7947,$1722,$2340,$79,$2485,$4207,$17,$135,$0,$3741,$7947,$399,$379,$0,$379,$0,$0,$0,$0,$113,$950,$-220,$0,$0,$0,$0,$0,$-1116,$-1336,$0,$0,$865,$0,$4,$0,$66,$935,$551,$0,$0
24,2012-09-30,11.29,$0.00,0.0,$7.32,1.54,$1.22,9.27,$0.76,14.85,$2.42B,$1.57B,1.55,$1.58B,$3.55B,0.45,$4.02B,$1.15B,28.63%,$4.02B,$0.54B,13.44%,$4.02B,$0.54B,13.44%,$4.02B,$0.64B,15.88%,$4.02B,$0.40B,9.93%,$4.02B,$0.42B,10.38%,$0.42B,$3.55B,12.30%,$0.42B,$2.46B,20.51%,$0.42B,$6.85B,6.35%,$0.54B,$5.14B,10.07%,$1011,$731,$279,$5,$56,$886,$125,$-25,$100,$-1,$100,$105,$105,$125,$125,$549,553,$0.19,$0.19,$2102,$15,$33,$2424,$0,$0,$1092,$627,$1753,$6848,$1569,$1580,$78,$1725,$3294,$17,$27,$0,$3554,$6848,$0,$0,$0,$0,$0,$0,$0,$0,$0,$0,$0,$0,$0,$0,$0,$0,$0,$0,$0,$0,$0,$0,$0,$0,$0,$0,$0,$0,$0
25,2012-06-30,9.65,$0.00,0.0,$7.47,1.29,$2.31,4.17,$0.78,12.37,$2.19B,$1.38B,1.6,$1.65B,$3.45B,0.48,$4.06B,$1.17B,28.71%,$4.06B,$0.56B,13.86%,$4.06B,$0.56B,13.86%,$4.06B,$0.66B,16.27%,$4.06B,$0.41B,10.07%,$4.06B,$0.43B,10.46%,$0.43B,$3.45B,13.10%,$0.43B,$2.34B,24.35%,$0.43B,$6.66B,6.64%,$0.56B,$5.10B,10.37%,$939,$685,$254,$1,$54,$834,$105,$-27,$78,$-0,$78,$82,$82,$105,$105,$549,552,$0.15,$0.15,$1834,$16,$33,$2194,$0,$0,$1108,$699,$1843,$6664,$1375,$1646,$123,$1837,$3212,$17,$-78,$0,$3451,$6664,$0,$0,$0,$0,$0,$0,$0,$0,$0,$0,$0,$0,$0,$0,$0,$0,$0,$0,$0,$0,$0,$0,$0,$0,$0,$0,$0,$0,$0
26,2012-03-31,11.42,$0.00,0.0,$7.57,1.51,$2.31,4.94,$0.76,15.03,$1.76B,$0.64B,2.77,$2.33B,$3.37B,0.69,$4.08B,$1.18B,28.92%,$4.08B,$0.59B,14.35%,$4.08B,$0.59B,14.35%,$4.08B,$0.68B,16.75%,$4.08B,$0.40B,9.75%,$4.08B,$0.41B,10.04%,$0.41B,$3.37B,13.51%,$0.41B,$1.77B,24.30%,$0.41B,$6.48B,6.69%,$0.59B,$5.70B,10.88%,$1059,$730,$329,$0,$60,$884,$175,$-25,$118,$-1,$118,$122,$122,$175,$175,$547,552,$0.22,$0.22,$1451,$15,$35,$1756,$0,$0,$1603,$437,$2080,$6475,$635,$2326,$75,$2470,$3105,$17,$-160,$0,$3370,$6475,$0,$0,$0,$0,$0,$0,$0,$0,$0,$0,$0,$0,$0,$0,$0,$0,$0,$0,$0,$0,$0,$0,$0,$0,$0,$0,$0,$0,$0
27,2011-12-31,8.05,$0.00,0.0,$7.16,1.13,$2.57,3.13,$0.55,14.64,$1.51B,$0.60B,2.5,$2.33B,$3.19B,0.73,$3.85B,$1.04B,27.05%,$3.85B,$0.47B,12.18%,$3.85B,$0.47B,12.18%,$3.85B,$0.65B,16.98%,$3.85B,$0.29B,7.45%,$3.85B,$0.30B,7.66%,$0.30B,$3.19B,10.44%,$0.30B,$1.56B,18.53%,$0.30B,$6.27B,5.15%,$0.47B,$5.51B,9.40%,$1008,$720,$288,$0,$59,$873,$135,$-32,$103,$-1,$104,$108,$108,$233,$135,$538,538,$0.20,$0.20,$1158,$15,$26,$1506,$0,$0,$1629,$438,$2109,$6270,$603,$2326,$83,$2479,$3082,$17,$-283,$0,$3188,$6270,$289,$367,$0,$367,$0,$0,$0,$0,$16,$745,$-90,$0,$-305,$0,$0,$0,$-190,$-585,$0,$0,$589,$0,$5,$0,$-36,$558,$716,$0,$0
28,2011-09-30,6.96,$0.00,0.0,$6.75,1.03,$1.73,4.01,$0.38,18.31,$1.40B,$0.64B,2.19,$2.44B,$2.97B,0.82,$3.62B,$0.94B,26.06%,$3.62B,$0.38B,10.61%,$3.62B,$0.38B,10.61%,$3.62B,$0.47B,13.02%,$3.62B,$0.20B,5.56%,$3.62B,$0.20B,5.61%,$0.20B,$2.97B,7.63%,$0.20B,$1.31B,13.18%,$0.20B,$6.20B,3.77%,$0.38B,$5.40B,8.26%,$1056,$761,$295,$0,$57,$908,$148,$-37,$110,$-1,$111,$113,$113,$148,$148,$534,534,$0.21,$0.21,$1090,$15,$24,$1404,$0,$0,$1654,$434,$2134,$6199,$642,$2437,$83,$2591,$3233,$16,$-390,$0,$2966,$6199,$185,$269,$0,$269,$0,$0,$0,$0,$109,$623,$-37,$0,$-290,$0,$0,$0,$-205,$-532,$0,$0,$589,$0,$5,$0,$-35,$559,$648,$0,$0
29,2011-06-30,10.69,$0.00,0.0,$6.14,1.74,$0.64,16.76,$0.20,53.46,$1.32B,$0.47B,2.81,$2.32B,$2.62B,0.89,$3.29B,$0.83B,25.36%,$3.29B,$0.29B,8.88%,$3.29B,$0.29B,8.88%,$3.29B,$0.38B,11.52%,$3.29B,$0.11B,3.25%,$3.29B,$0.11B,3.22%,$0.11B,$2.62B,4.17%,$0.11B,$2.11B,6.99%,$0.11B,$5.56B,2.09%,$0.29B,$4.93B,6.69%,$960,$691,$269,$0,$58,$832,$128,$-61,$67,$-0,$67,$67,$67,$128,$128,$533,533,$0.13,$0.13,$1039,$14,$23,$1318,$0,$0,$505,$1123,$1674,$5555,$470,$2317,$137,$2471,$2940,$16,$-503,$0,$2615,$5555,$0,$0,$0,$0,$0,$0,$0,$0,$0,$0,$0,$0,$0,$0,$0,$0,$0,$0,$0,$0,$0,$0,$0,$0,$0,$0,$0,$0,$0
30,2011-03-31,6.36,$0.00,0.0,$5.42,1.17,$0.64,9.97,$0.01,636.34,$0.99B,$0.75B,1.32,$1.57B,$2.54B,0.62,$2.90B,$0.68B,23.56%,$2.90B,$0.16B,5.51%,$2.90B,$0.16B,5.51%,$2.90B,$0.25B,8.51%,$2.90B,$0.01B,0.34%,$2.90B,$0.01B,0.31%,$0.01B,$2.54B,0.36%,$0.01B,$1.39B,0.61%,$0.01B,$4.90B,0.18%,$0.16B,$4.10B,3.81%,$828,$638,$190,$0,$49,$770,$58,$-30,$7,$0,$7,$7,$7,$145,$58,$550,550,$0.01,$0.01,$704,$15,$23,$993,$0,$0,$1152,$92,$1285,$4896,$754,$1566,$21,$1604,$2358,$16,$-570,$0,$2538,$4896,$7,$87,$0,$87,$0,$0,$0,$0,$54,$157,$-15,$0,$0,$0,$0,$0,$14,$-1,$0,$0,$-36,$0,$0,$0,$2,$-34,$122,$0,$0
31,2010-12-31,5.33,$0.00,0.0,$5.00,1.06,$0.38,14.02,$-0.02,0.0,$0.90B,$0.68B,1.33,$1.64B,$2.52B,0.65,$2.66B,$0.64B,24.15%,$2.66B,$0.13B,4.92%,$2.66B,$0.13B,4.92%,$2.66B,$0.13B,4.92%,$2.66B,$-0.01B,-0.38%,$2.66B,$-0.01B,-0.38%,$-0.01B,$2.52B,-0.40%,$-0.01B,$1.35B,-0.69%,$-0.01B,$4.88B,-0.20%,$0.13B,$4.16B,3.10%,$774,$584,$189,$0,$57,$724,$50,$-32,$17,$1,$16,$16,$16,$50,$50,$525,525,$0.03,$0.03,$609,$10,$22,$900,$0,$0,$1171,$96,$1312,$4884,$676,$1637,$31,$1686,$2361,$16,$-577,$0,$2523,$4884,$-11,$313,$0,$313,$0,$0,$0,$0,$43,$402,$-203,$0,$0,$0,$0,$0,$12,$-190,$0,$41,$0,$0,$0,$0,$-23,$18,$229,$0,$0
32,2010-09-30,4.25,$0.00,0.0,$4.28,0.99,$-1.97,0.0,$-0.22,0.0,$0.97B,$0.69B,1.4,$1.76B,$2.50B,0.7,$2.29B,$0.48B,21.15%,$2.29B,$0.01B,0.31%,$2.29B,$0.01B,0.31%,$2.29B,$0.01B,0.31%,$2.29B,$-0.12B,-5.11%,$2.29B,$-0.12B,-5.07%,$-0.12B,$2.50B,-4.64%,$-0.12B,$1.22B,-7.23%,$-0.12B,$5.00B,-2.37%,$0.01B,$4.26B,0.16%,$727,$541,$186,$0,$52,$671,$56,$-40,$16,$-0,$16,$16,$16,$56,$56,$532,535,$0.03,$0.03,$660,$8,$21,$965,$0,$0,$1283,$0,$1332,$4995,$688,$1757,$32,$1805,$2493,$16,$-593,$0,$2502,$4995,$0,$0,$0,$0,$0,$0,$0,$0,$0,$0,$0,$0,$0,$0,$0,$0,$0,$0,$0,$0,$0,$0,$0,$0,$0,$0,$0,$0,$0
33,2010-06-30,3.13,$0.00,0.0,$3.91,0.8,$-1.97,0.0,$-0.33,0.0,$0.84B,$0.55B,1.54,$1.82B,$2.48B,0.73,$2.06B,$0.39B,18.97%,$2.06B,$-0.06B,-2.96%,$2.06B,$-0.06B,-2.96%,$2.06B,$-0.06B,-2.96%,$2.06B,$-0.17B,-8.35%,$2.06B,$-0.17B,-8.30%,$-0.17B,$2.48B,-6.78%,$-0.17B,$1.96B,-9.39%,$-0.17B,$4.91B,-3.48%,$-0.06B,$4.30B,-1.43%,$574,$454,$119,$0,$47,$578,$-4,$-26,$-30,$0,$-30,$-30,$-30,$-4,$-4,$528,528,$-0.06,$-0.06,$490,$8,$20,$844,$0,$0,$524,$753,$1329,$4910,$547,$1816,$51,$1884,$2431,$16,$-609,$0,$2479,$4910,$0,$0,$0,$0,$0,$0,$0,$0,$0,$0,$0,$0,$0,$0,$0,$0,$0,$0,$0,$0,$0,$0,$0,$0,$0,$0,$0,$0,$0
34,2010-03-31,4.02,$0.00,0.0,$3.28,1.23,$-1.97,0.0,$-0.57,0.0,$0.72B,$0.53B,1.36,$1.71B,$2.50B,0.68,$1.70B,$0.28B,16.68%,$1.70B,$-0.14B,-7.99%,$1.70B,$-0.14B,-7.99%,$1.70B,$-0.14B,-7.99%,$1.70B,$-0.29B,-16.79%,$1.70B,$-0.29B,-16.74%,$-0.29B,$2.50B,-11.37%,$-0.29B,$1.27B,-15.74%,$-0.29B,$4.81B,-5.79%,$-0.14B,$4.21B,-3.23%,$587,$438,$149,$0,$44,$558,$29,$-22,$-13,$-0,$-12,$-12,$-12,$29,$29,$542,542,$-0.02,$-0.02,$380,$7,$18,$718,$0,$0,$1229,$60,$1325,$4809,$527,$1710,$53,$1780,$2308,$16,$-579,$0,$2501,$4809,$0,$0,$0,$0,$0,$0,$0,$0,$0,$0,$0,$0,$0,$0,$0,$0,$0,$0,$0,$0,$0,$0,$0,$0,$0,$0,$0,$0,$0
35,2009-12-31,2.81,$0.00,0.0,$2.69,1.05,$-1.97,0.0,$-0.63,0.0,$0.78B,$0.56B,1.39,$1.75B,$2.51B,0.7,$1.33B,$0.18B,13.21%,$1.33B,$-0.18B,-13.51%,$1.33B,$-0.18B,-13.51%,$1.33B,$-0.18B,-13.51%,$1.33B,$-0.31B,-23.12%,$1.33B,$-0.31B,-23.12%,$-0.31B,$2.51B,-12.44%,$-0.31B,$1.98B,-15.72%,$-0.31B,$4.90B,-6.29%,$-0.18B,$4.26B,-4.31%,$400,$371,$30,$0,$32,$474,$-74,$-16,$-90,$-1,$-90,$-90,$-90,$-74,$-74,$531,531,$-0.17,$-0.17,$449,$7,$20,$775,$0,$0,$534,$766,$1339,$4900,$559,$1754,$60,$1832,$2391,$16,$-567,$0,$2509,$4900,$-308,$223,$0,$223,$0,$0,$0,$0,$-59,$-112,$-933,$0,$0,$0,$0,$0,$-210,$-1144,$0,$0,$271,$0,$384,$0,$-1,$653,$-603,$0,$0
36,2009-09-30,5.83,$0.00,0.0,$2.51,2.32,$-2.50,0.0,$-0.50,0.0,$0.93B,$0.57B,1.62,$1.68B,$2.59B,0.65,$1.19B,$0.20B,16.46%,$1.19B,$-0.11B,-9.62%,$1.19B,$-0.11B,-9.62%,$1.19B,$-0.11B,-9.62%,$1.19B,$-0.24B,-20.00%,$1.19B,$-0.24B,-20.00%,$-0.24B,$2.59B,-9.67%,$-0.24B,$2.09B,-12.23%,$-0.24B,$5.05B,-4.94%,$-0.11B,$4.28B,-2.78%,$500,$407,$93,$0,$40,$512,$-12,$-27,$-39,$0,$-39,$-39,$-39,$-12,$-12,$506,506,$-0.08,$-0.08,$686,$5,$38,$931,$0,$0,$506,$772,$1320,$5048,$574,$1683,$180,$1882,$2455,$16,$-477,$0,$2593,$5048,$0,$0,$0,$0,$0,$0,$0,$0,$0,$0,$0,$0,$0,$0,$0,$0,$0,$0,$0,$0,$0,$0,$0,$0,$0,$0,$0,$0,$0
37,2009-06-30,3.77,$0.00,0.0,$2.19,1.72,$-2.50,0.0,$-0.47,0.0,$0.87B,$0.61B,1.42,$1.68B,$2.42B,0.7,$0.98B,$0.14B,14.49%,$0.98B,$-0.12B,-11.73%,$0.98B,$-0.12B,-11.73%,$0.98B,$-0.12B,-11.73%,$0.98B,$-0.22B,-22.45%,$0.98B,$-0.22B,-22.35%,$-0.22B,$2.42B,-9.07%,$-0.22B,$1.91B,-11.54%,$-0.22B,$4.93B,-4.79%,$-0.12B,$4.10B,-2.94%,$216,$204,$12,$0,$43,$295,$-79,$-65,$-144,$-0,$-144,$-144,$-144,$-79,$-79,$474,474,$-0.30,$-0.30,$656,$4,$42,$869,$0,$0,$511,$37,$592,$4931,$611,$1683,$198,$1900,$2511,$15,$-437,$0,$2420,$4931,$0,$0,$0,$0,$0,$0,$0,$0,$0,$0,$0,$0,$0,$0,$0,$0,$0,$0,$0,$0,$0,$0,$0,$0,$0,$0,$0,$0,$0
38,2009-03-31,2.75,$0.00,0.0,$2.62,1.05,$-2.50,0.0,$-0.18,0.0,$0.90B,$0.41B,2.19,$1.68B,$2.38B,0.71,$1.15B,$0.19B,16.62%,$1.15B,$-0.04B,-3.13%,$1.15B,$-0.04B,-3.13%,$1.15B,$-0.04B,-3.13%,$1.15B,$-0.08B,-7.14%,$1.15B,$-0.08B,-7.05%,$-0.08B,$2.38B,-3.34%,$-0.08B,$1.87B,-4.75%,$-0.08B,$4.70B,-1.90%,$-0.04B,$4.07B,-0.98%,$216,$176,$41,$0,$22,$232,$-15,$-20,$-35,$0,$-35,$-35,$-35,$-15,$-15,$442,442,$-0.08,$-0.08,$799,$2,$24,$899,$0,$0,$515,$92,$654,$4697,$410,$1683,$201,$1903,$2314,$13,$-294,$0,$2383,$4697,$0,$0,$0,$0,$0,$0,$0,$0,$0,$0,$0,$0,$0,$0,$0,$0,$0,$0,$0,$0,$0,$0,$0,$0,$0,$0,$0,$0,$0
39,2008-12-31,2.65,$0.00,0.0,$3.24,0.82,$-2.50,0.0,$0.00,0.0,$0.98B,$0.45B,2.17,$1.53B,$2.41B,0.63,$1.42B,$0.25B,17.87%,$1.42B,$0.02B,1.62%,$1.42B,$0.02B,1.62%,$1.42B,$0.02B,1.62%,$1.42B,$-0.00B,-0.28%,$1.42B,$-0.00B,-0.21%,$-0.00B,$2.41B,-0.12%,$-0.00B,$1.89B,-0.17%,$-0.00B,$4.50B,-0.08%,$0.02B,$3.94B,0.67%,$253,$204,$49,$0,$29,$262,$-8,$-11,$-19,$-0,$-19,$-19,$-19,$-8,$-8,$439,439,$-0.04,$-0.04,$883,$2,$18,$976,$0,$0,$520,$845,$1414,$4498,$450,$1528,$92,$1640,$2090,$13,$-258,$0,$2409,$4498,$-2,$128,$0,$128,$0,$0,$0,$0,$-148,$-11,$-1086,$0,$0,$0,$0,$0,$173,$-914,$0,$-0,$912,$0,$0,$0,$-8,$904,$-20,$0,$0
40,2008-09-30,3.34,$0.00,0.0,$3.09,1.08,$-1.22,0.0,$-0.05,0.0,$0.97B,$0.52B,1.86,$1.10B,$2.45B,0.45,$1.34B,$0.25B,18.47%,$1.34B,$-0.00B,-0.07%,$1.34B,$-0.00B,-0.07%,$1.34B,$-0.00B,-0.07%,$1.34B,$-0.02B,-1.56%,$1.34B,$-0.02B,-1.56%,$-0.02B,$2.45B,-0.86%,$-0.02B,$1.92B,-1.22%,$-0.02B,$4.16B,-0.56%,$-0.00B,$3.55B,-0.03%,$295,$255,$40,$0,$22,$308,$-13,$-8,$-22,$-0,$-21,$-21,$-21,$-13,$-13,$440,440,$-0.05,$-0.05,$886,$3,$22,$967,$0,$0,$524,$821,$1395,$4158,$519,$1101,$70,$1191,$1710,$13,$-239,$0,$2447,$4158,$0,$0,$0,$0,$0,$0,$0,$0,$0,$0,$0,$0,$0,$0,$0,$0,$0,$0,$0,$0,$0,$0,$0,$0,$0,$0,$0,$0,$0
41,2008-06-30,7.8,$0.00,0.0,$2.70,2.89,$-1.22,0.0,$-0.11,0.0,$0.83B,$0.50B,1.66,$0.62B,$2.47B,0.25,$1.16B,$0.22B,19.12%,$1.16B,$-0.04B,-3.10%,$1.16B,$-0.04B,-3.10%,$1.16B,$-0.04B,-3.10%,$1.16B,$-0.05B,-3.88%,$1.16B,$-0.05B,-3.88%,$-0.05B,$2.47B,-1.94%,$-0.05B,$1.15B,-3.24%,$-0.05B,$3.68B,-1.31%,$-0.04B,$3.09B,-1.23%,$385,$323,$61,$0,$27,$385,$-0,$-5,$-6,$-0,$-6,$-6,$-6,$-0,$-0,$437,437,$-0.01,$-0.01,$763,$2,$28,$833,$0,$0,$1324,$32,$1401,$3678,$501,$616,$71,$707,$1208,$13,$-218,$0,$2471,$3678,$0,$0,$0,$0,$0,$0,$0,$0,$0,$0,$0,$0,$0,$0,$0,$0,$0,$0,$0,$0,$0,$0,$0,$0,$0,$0,$0,$0,$0
42,2008-03-31,9.53,$0.00,0.0,$1.86,5.13,$-1.22,0.0,$-0.16,0.0,$1.01B,$0.41B,2.47,$0.62B,$2.46B,0.25,$0.82B,$0.16B,19.98%,$0.82B,$-0.09B,-11.21%,$0.82B,$-0.09B,-11.21%,$0.82B,$-0.09B,-11.21%,$0.82B,$-0.11B,-13.40%,$0.82B,$-0.11B,-13.15%,$-0.11B,$2.46B,-4.94%,$-0.11B,$1.93B,-8.64%,$-0.11B,$3.59B,-3.47%,$-0.09B,$3.08B,-3.47%,$483,$380,$103,$0,$27,$439,$44,$-1,$43,$-0,$43,$43,$43,$44,$44,$433,433,$0.10,$0.10,$949,$2,$16,$1013,$0,$0,$529,$847,$1423,$3591,$409,$616,$82,$718,$1128,$13,$-212,$0,$2463,$3591,$0,$0,$0,$0,$0,$0,$0,$0,$0,$0,$0,$0,$0,$0,$0,$0,$0,$0,$0,$0,$0,$0,$0,$0,$0,$0,$0,$0,$0
43,2007-12-31,9.68,$0.00,0.0,$0.76,12.77,$-1.22,0.0,$-0.28,0.0,$1.20B,$0.48B,2.48,$0.62B,$2.43B,0.25,$0.36B,$0.07B,18.72%,$0.36B,$-0.16B,-44.13%,$0.36B,$-0.16B,-44.13%,$0.36B,$-0.16B,-44.13%,$0.36B,$-0.18B,-50.28%,$0.36B,$-0.18B,-49.72%,$-0.18B,$2.43B,-8.56%,$-0.18B,$1.90B,-15.53%,$-0.18B,$3.62B,-6.35%,$-0.16B,$3.04B,-6.54%,$180,$136,$44,$0,$39,$212,$-32,$1,$-36,$1,$-37,$-37,$-37,$-32,$-32,$425,425,$-0.09,$-0.09,$1134,$1,$16,$1201,$0,$0,$534,$857,$1439,$3620,$484,$615,$72,$708,$1192,$13,$-256,$0,$2429,$3620,$-178,$115,$0,$115,$0,$0,$0,$0,$201,$151,$-668,$0,$0,$0,$0,$0,$-304,$-973,$0,$-4,$500,$0,$723,$0,$-146,$1073,$251,$0,$0
44,2007-09-30,13.82,$0.00,0.0,$0.34,41.23,0,0.0,$-0.19,0.0,$0.67B,$0.30B,2.21,$0.61B,$1.91B,0.32,$0.18B,$0.02B,12.92%,$0.18B,$-0.13B,-70.79%,$0.18B,$-0.13B,-70.79%,$0.18B,$-0.13B,-70.79%,$0.18B,$-0.14B,-80.90%,$0.18B,$-0.14B,-79.21%,$-0.14B,$1.91B,-7.25%,$-0.14B,$0.57B,-17.71%,$-0.14B,$2.88B,-5.71%,$-0.13B,$2.52B,-5.85%,$113,$100,$14,$0,$30,$161,$-48,$-3,$-46,$-0,$-45,$-45,$-45,$-48,$-48,$404,404,$-0.11,$-0.11,$599,$0,$13,$668,$0,$0,$1336,$21,$1403,$2883,$302,$614,$39,$675,$976,$12,$-219,$0,$1907,$2883,$0,$0,$0,$0,$0,$0,$0,$0,$0,$0,$0,$0,$0,$0,$0,$0,$0,$0,$0,$0,$0,$0,$0,$0,$0,$0,$0,$0,$0
