,Date,Stock Price,Book Value per Share,Price to Book Ratio,TTM Sales per Share,Price to Sales Ratio,TTM FCF per Share,Price to FCF Ratio,TTM Net EPS,PE Ratio,Current Assets,Current Liabilities,Current Ratio,Long Term Debt,Shareholder's Equity_x,Debt to Equity Ratio,TTM Revenue_x,TTM Gross Profit,Gross Margin,TTM Revenue_y,TTM Operating Income,Operating Margin,TTM Revenue_x,TTM EBIT,EBIT Margin,TTM Revenue_y,TTM EBITDA,EBITDA Margin,TTM Revenue_x,TTM Pre-Tax Income,Pre-Tax Margin,TTM Revenue_y,TTM Net Income_x,Net Margin,TTM Net Income_y,Shareholder's Equity_y,Return on Equity,TTM Net Income_x,Tangible Equity,Return on Tangible Equity,TTM Net Income_y,Total Assets,Return on Assets,TTM Net Income,LT Investments & Debt,Return on Investment,revenue,cost-goods-sold,gross-profit,research-development-expenses,selling-general-administrative-expenses,operating-expenses,operating-income,total-non-operating-income-expense,pre-tax-income,total-provision-income-taxes,income-after-taxes,income-from-continuous-operations,net-income,ebitda,ebit,basic-shares-outstanding,shares-outstanding,eps-basic-net-earnings-per-share,eps-earnings-per-share-diluted,cash-on-hand,inventory,other-current-assets,total-current-assets,net-property-plant-equipment,long-term-investments,goodwill-intangible-assets-total,other-long-term-assets,total-long-term-assets,total-assets,total-current-liabilities,long-term-debt,other-non-current-liabilities,total-long-term-liabilities,total-liabilities,common-stock-net,retained-earnings-accumulated-deficit,comprehensive-income,total-share-holder-equity,total-liabilities-share-holders-equity,net-income-loss,total-depreciation-amortization-cash-flow,other-non-cash-items,total-non-cash-items,change-in-accounts-receivable,change-in-inventories,change-in-accounts-payable,change-in-assets-liabilities,total-change-in-assets-liabilities,cash-flow-from-operating-activities,net-change-in-property-plant-equipment,net-change-in-intangible-assets,net-acquisitions-divestitures,net-change-in-short-term-investments,net-change-in-long-term-investments,net-change-in-investments-total,investing-activities-other,cash-flow-from-investing-activities,net-long-term-debt,net-current-debt,debt-issuance-retirement-net-total,net-common-equity-issued-repurchased,net-total-equity-issued-repurchased,total-common-preferred-stock-dividends-paid,financial-activities-other,cash-flow-from-financial-activities,net-cash-flow,stock-based-compensation,common-stock-dividends-paid
0,2018-08-31,38.3,$11.35,3.37,$40.29,0.95,$3.55,10.78,$2.17,17.65,$0.56B,$0.39B,1.42,$0.28B,$0.67B,0.42,$2.43B,$0.88B,36.31%,$2.43B,$0.17B,7.17%,$2.43B,$0.17B,7.17%,$2.43B,$0.24B,10.06%,$2.43B,$0.17B,6.80%,$2.43B,$0.13B,5.44%,$0.13B,$0.67B,20.11%,$0.13B,$0.25B,57.02%,$0.13B,$1.46B,9.20%,$0.17B,$0.96B,19.03%,$625,$400,$225,$19,$160,$579,$46,$-2,$44,$9,$35,$36,$36,$65,$46,$59,60,$0.60,$0.60,$110,$164,$0,$556,$330,$0,$427,$151,$908,$1464,$391,$282,$82,$399,$791,$12,$625,$-69,$673,$1464,$36,$19,$3,$22,$0,$0,$0,$-25,$-25,$33,$-22,$-5,$0,$0,$-72,$-72,$-1,$-100,$0,$0,$0,$-12,$-12,$-11,$-10,$-33,$-102,$3,$-11
1,2018-05-31,32.75,$11.12,2.94,$39.48,0.83,$3.31,9.91,$2.12,15.45,$0.65B,$0.41B,1.56,$0.28B,$0.67B,0.41,$2.38B,$0.87B,36.67%,$2.38B,$0.18B,7.43%,$2.38B,$0.18B,7.43%,$2.38B,$0.24B,10.25%,$2.38B,$0.17B,7.06%,$2.38B,$0.13B,5.42%,$0.13B,$0.67B,20.14%,$0.13B,$0.24B,59.79%,$0.13B,$1.48B,9.23%,$0.18B,$0.94B,20.14%,$618,$390,$228,$18,$168,$578,$40,$-1,$38,$7,$31,$32,$32,$57,$40,$60,60,$0.54,$0.53,$213,$162,$0,$645,$331,$0,$424,$79,$834,$1480,$414,$275,$80,$401,$815,$12,$598,$-61,$665,$1480,$129,$67,$-3,$64,$-33,$-12,$16,$3,$-27,$167,$-69,$0,$0,$0,$0,$0,$6,$-63,$75,$0,$75,$-30,$-30,$-42,$-1,$3,$108,$8,$-42
2,2018-02-28,35.53,$11.01,3.23,$38.76,0.92,$3.58,9.93,$2.14,16.6,$0.61B,$0.38B,1.59,$0.28B,$0.66B,0.42,$2.34B,$0.87B,37.01%,$2.34B,$0.19B,7.99%,$2.34B,$0.19B,7.99%,$2.34B,$0.25B,10.81%,$2.34B,$0.18B,7.56%,$2.34B,$0.13B,5.56%,$0.13B,$0.66B,20.93%,$0.13B,$0.23B,66.50%,$0.13B,$1.44B,9.60%,$0.19B,$0.93B,22.24%,$578,$373,$206,$18,$149,$540,$38,$-2,$36,$7,$29,$30,$30,$56,$38,$60,60,$0.50,$0.49,$201,$169,$0,$609,$330,$0,$424,$79,$833,$1442,$383,$275,$76,$401,$784,$12,$583,$-66,$657,$1442,$97,$49,$-17,$32,$0,$0,$0,$-18,$-18,$111,$-49,$0,$0,$0,$0,$0,$6,$-43,$75,$0,$75,$-14,$-14,$-32,$-1,$28,$97,$5,$-32
3,2017-11-30,35.38,$10.57,3.35,$37.87,0.93,$3.41,10.38,$2.02,17.51,$0.53B,$0.40B,1.33,$0.20B,$0.63B,0.32,$2.29B,$0.86B,37.43%,$2.29B,$0.18B,8.05%,$2.29B,$0.18B,8.05%,$2.29B,$0.25B,10.80%,$2.29B,$0.17B,7.56%,$2.29B,$0.12B,5.38%,$0.12B,$0.63B,20.42%,$0.12B,$0.21B,70.89%,$0.12B,$1.35B,9.37%,$0.18B,$0.83B,22.66%,$605,$383,$222,$18,$152,$555,$50,$-3,$47,$14,$33,$34,$34,$66,$50,$60,60,$0.56,$0.55,$123,$172,$0,$526,$331,$0,$425,$69,$825,$1351,$397,$200,$74,$324,$720,$12,$564,$-75,$631,$1351,$67,$32,$-7,$25,$0,$0,$0,$-10,$-10,$82,$-38,$0,$0,$0,$0,$0,$7,$-31,$0,$0,$0,$-12,$-12,$-21,$-1,$-33,$18,$3,$-21
4,2017-08-31,33.13,$10.18,3.25,$37.41,0.89,$3.47,9.54,$2.00,16.57,$0.50B,$0.38B,1.3,$0.20B,$0.61B,0.34,$2.26B,$0.85B,37.70%,$2.26B,$0.18B,8.14%,$2.26B,$0.18B,8.14%,$2.26B,$0.25B,10.84%,$2.26B,$0.17B,7.57%,$2.26B,$0.12B,5.35%,$0.12B,$0.61B,20.62%,$0.12B,$0.18B,78.19%,$0.12B,$1.32B,9.35%,$0.18B,$0.81B,22.96%,$580,$363,$217,$19,$147,$531,$50,$-3,$47,$14,$32,$33,$33,$65,$50,$60,60,$0.55,$0.55,$89,$167,$0,$499,$328,$0,$426,$65,$820,$1318,$384,$204,$72,$326,$710,$12,$542,$-79,$609,$1318,$33,$16,$-10,$5,$0,$0,$0,$-20,$-20,$19,$-23,$0,$0,$-1,$0,$-1,$-0,$-24,$4,$0,$4,$-7,$-7,$-10,$-0,$-13,$-16,$1,$-10
5,2017-05-31,30.9,$9.84,3.14,$37.68,0.82,$3.67,8.41,$2.05,15.07,$0.49B,$0.39B,1.28,$0.20B,$0.59B,0.34,$2.28B,$0.87B,37.96%,$2.28B,$0.19B,8.38%,$2.28B,$0.19B,8.38%,$2.28B,$0.25B,10.97%,$2.28B,$0.18B,7.77%,$2.28B,$0.12B,5.44%,$0.12B,$0.59B,21.69%,$0.12B,$0.16B,90.84%,$0.12B,$1.31B,9.73%,$0.19B,$0.79B,24.06%,$577,$357,$221,$18,$144,$527,$50,$-3,$47,$14,$33,$34,$33,$66,$50,$60,61,$0.55,$0.55,$105,$152,$30,$492,$315,$0,$428,$72,$814,$1306,$386,$200,$70,$333,$719,$12,$520,$-82,$588,$1306,$124,$59,$36,$95,$17,$-30,$-11,$6,$-17,$202,$-87,$0,$0,$-1,$-13,$-14,$-15,$-116,$-22,$0,$-22,$-12,$-12,$-39,$-1,$-75,$11,$9,$-39
6,2017-02-28,28.87,$9.72,2.97,$37.77,0.76,$4.03,7.17,$2.17,13.3,$0.47B,$0.36B,1.3,$0.24B,$0.58B,0.4,$2.29B,$0.87B,38.03%,$2.29B,$0.20B,8.67%,$2.29B,$0.20B,8.67%,$2.29B,$0.25B,11.12%,$2.29B,$0.18B,8.05%,$2.29B,$0.13B,5.78%,$0.13B,$0.58B,23.74%,$0.13B,$0.15B,112.58%,$0.13B,$1.28B,10.51%,$0.20B,$0.82B,25.27%,$525,$329,$196,$17,$140,$490,$35,$-3,$32,$10,$23,$23,$23,$50,$35,$60,60,$0.38,$0.37,$86,$156,$0,$466,$303,$0,$436,$74,$812,$1278,$358,$235,$59,$339,$697,$12,$496,$-68,$581,$1278,$91,$43,$16,$59,$0,$0,$0,$-27,$-27,$122,$-71,$0,$0,$-0,$-13,$-14,$-15,$-99,$13,$0,$13,$-10,$-10,$-29,$-3,$-30,$-7,$9,$-29
7,2016-11-30,31.49,$9.49,3.32,$37.96,0.83,$4.39,7.17,$2.26,13.93,$0.47B,$0.38B,1.23,$0.22B,$0.57B,0.39,$2.30B,$0.88B,38.35%,$2.30B,$0.21B,9.01%,$2.30B,$0.21B,9.01%,$2.30B,$0.26B,11.36%,$2.30B,$0.19B,8.36%,$2.30B,$0.14B,5.96%,$0.14B,$0.57B,25.66%,$0.14B,$0.13B,146.52%,$0.14B,$1.27B,11.10%,$0.21B,$0.79B,27.14%,$578,$360,$218,$18,$149,$528,$50,$-4,$45,$15,$31,$32,$32,$64,$50,$60,60,$0.53,$0.53,$80,$150,$0,$470,$295,$0,$438,$70,$803,$1273,$383,$220,$54,$321,$704,$12,$483,$-69,$569,$1273,$68,$28,$9,$37,$0,$0,$0,$-11,$-11,$94,$-47,$0,$0,$0,$-15,$-15,$-16,$-77,$-2,$0,$-2,$-6,$-6,$-19,$-3,$-30,$-13,$7,$-19
8,2016-08-31,34.76,$9.15,3.8,$38.00,0.91,$4.28,8.12,$2.30,15.11,$0.45B,$0.36B,1.27,$0.23B,$0.55B,0.43,$2.30B,$0.89B,38.58%,$2.30B,$0.21B,9.26%,$2.30B,$0.21B,9.26%,$2.30B,$0.27B,11.57%,$2.30B,$0.20B,8.66%,$2.30B,$0.14B,6.09%,$0.14B,$0.55B,27.41%,$0.14B,$0.11B,203.64%,$0.14B,$1.24B,11.51%,$0.21B,$0.78B,28.44%,$599,$369,$230,$19,$154,$542,$56,$-3,$53,$17,$36,$37,$36,$70,$56,$60,61,$0.61,$0.60,$73,$146,$0,$451,$288,$0,$439,$61,$788,$1239,$356,$234,$51,$334,$690,$12,$461,$-68,$549,$1239,$37,$14,$7,$21,$0,$0,$0,$-27,$-27,$30,$-22,$0,$0,$0,$-14,$-14,$-15,$-51,$12,$0,$12,$-1,$-1,$-9,$-1,$1,$-20,$3,$-9
9,2016-05-31,30.37,$8.76,3.47,$37.49,0.81,$4.48,6.78,$2.26,13.44,$0.48B,$0.39B,1.23,$0.22B,$0.53B,0.42,$2.27B,$0.87B,38.59%,$2.27B,$0.21B,9.36%,$2.27B,$0.21B,9.36%,$2.27B,$0.27B,11.70%,$2.27B,$0.20B,8.70%,$2.27B,$0.14B,6.09%,$0.14B,$0.53B,28.37%,$0.14B,$0.08B,310.11%,$0.14B,$1.24B,11.44%,$0.21B,$0.75B,28.91%,$583,$357,$225,$19,$149,$526,$57,$-3,$54,$13,$41,$41,$41,$70,$57,$60,61,$0.68,$0.67,$92,$128,$29,$481,$280,$0,$441,$33,$755,$1235,$390,$222,$46,$321,$711,$12,$435,$-65,$525,$1235,$138,$53,$18,$71,$-31,$-6,$9,$-4,$2,$210,$-74,$0,$-4,$-2,$0,$-2,$-1,$-81,$-68,$0,$-68,$-5,$-5,$-35,$1,$-107,$21,$12,$-35
10,2016-02-29,24.91,$8.23,3.03,$37.03,0.67,$3.97,6.27,$1.98,12.58,$0.44B,$0.36B,1.21,$0.24B,$0.49B,0.49,$2.23B,$0.86B,38.47%,$2.23B,$0.19B,8.60%,$2.23B,$0.19B,8.60%,$2.23B,$0.24B,10.88%,$2.23B,$0.18B,7.93%,$2.23B,$0.12B,5.42%,$0.12B,$0.49B,26.29%,$0.12B,$0.05B,645.33%,$0.12B,$1.19B,10.12%,$0.19B,$0.73B,26.52%,$537,$329,$208,$20,$144,$492,$44,$-4,$40,$12,$28,$28,$28,$57,$44,$60,60,$0.46,$0.46,$63,$135,$0,$435,$265,$0,$443,$45,$753,$1189,$360,$240,$45,$336,$696,$12,$403,$-65,$493,$1189,$97,$40,$9,$49,$0,$0,$0,$-20,$-20,$126,$-52,$0,$-4,$-2,$0,$-2,$-1,$-58,$-50,$0,$-50,$-2,$-2,$-26,$1,$-77,$-8,$9,$-26
11,2015-11-30,30.1,$7.93,3.79,$36.75,0.82,$3.86,7.79,$1.87,16.1,$0.46B,$0.37B,1.23,$0.26B,$0.48B,0.54,$2.21B,$0.84B,38.07%,$2.21B,$0.19B,8.36%,$2.21B,$0.19B,8.36%,$2.21B,$0.24B,10.71%,$2.21B,$0.17B,7.64%,$2.21B,$0.11B,5.15%,$0.11B,$0.48B,25.33%,$0.11B,$0.03B,1982.61%,$0.11B,$1.20B,9.53%,$0.19B,$0.73B,25.16%,$580,$356,$224,$19,$150,$525,$56,$-4,$52,$17,$35,$35,$35,$69,$56,$60,60,$0.58,$0.57,$60,$132,$0,$455,$256,$0,$444,$49,$749,$1204,$370,$257,$44,$358,$728,$12,$380,$-59,$476,$1204,$69,$28,$4,$31,$0,$0,$0,$-27,$-27,$73,$-32,$0,$-4,$0,$0,$0,$1,$-35,$-33,$0,$-33,$2,$2,$-17,$1,$-47,$-9,$7,$-17
12,2015-08-31,25.61,$7.55,3.39,$36.56,0.7,$4.09,6.27,$1.76,14.55,$0.47B,$0.36B,1.32,$0.27B,$0.45B,0.59,$2.20B,$0.82B,37.51%,$2.20B,$0.18B,8.01%,$2.20B,$0.18B,8.01%,$2.20B,$0.23B,10.38%,$2.20B,$0.16B,7.24%,$2.20B,$0.11B,4.87%,$0.11B,$0.45B,24.67%,$0.11B,$0.01B,-807.55%,$0.11B,$1.20B,8.96%,$0.18B,$0.72B,24.31%,$565,$349,$217,$19,$143,$510,$55,$-4,$51,$17,$34,$34,$34,$69,$55,$60,60,$0.56,$0.56,$58,$137,$0,$472,$253,$0,$439,$34,$726,$1197,$356,$268,$62,$389,$745,$12,$362,$-59,$452,$1197,$34,$14,$0,$14,$0,$0,$0,$-14,$-14,$33,$-14,$0,$0,$0,$0,$0,$1,$-13,$-22,$0,$-22,$-2,$-2,$-8,$1,$-31,$-12,$4,$-8
13,2015-05-31,26.03,$7.04,3.7,$35.68,0.73,$4.32,6.02,$1.62,16.07,$0.46B,$0.36B,1.28,$0.29B,$0.42B,0.69,$2.14B,$0.79B,37.02%,$2.14B,$0.16B,7.61%,$2.14B,$0.16B,7.61%,$2.14B,$0.21B,9.94%,$2.14B,$0.15B,6.82%,$2.14B,$0.10B,4.58%,$0.10B,$0.42B,23.40%,$0.10B,$-0.02B,-301.54%,$0.10B,$1.19B,8.21%,$0.16B,$0.71B,22.73%,$551,$341,$210,$19,$143,$514,$37,$-3,$34,$10,$24,$24,$24,$48,$37,$59,60,$0.39,$0.39,$69,$130,$33,$464,$250,$0,$441,$39,$729,$1193,$363,$290,$61,$409,$772,$12,$330,$-56,$420,$1193,$98,$50,$18,$67,$8,$-9,$1,$-4,$2,$168,$-63,$0,$-154,$6,$0,$6,$-3,$-214,$40,$0,$40,$4,$4,$-33,$-4,$7,$-38,$10,$-33
14,2015-02-28,28.95,$7.58,3.82,$34.79,0.83,$3.44,8.42,$1.51,19.17,$0.46B,$0.33B,1.41,$0.33B,$0.45B,0.72,$2.08B,$0.76B,36.65%,$2.08B,$0.15B,7.31%,$2.08B,$0.15B,7.31%,$2.08B,$0.20B,9.67%,$2.08B,$0.13B,6.45%,$2.08B,$0.09B,4.38%,$0.09B,$0.45B,22.37%,$0.09B,$-0.00B,-713.73%,$0.09B,$1.19B,7.96%,$0.15B,$0.78B,22.27%,$516,$326,$191,$18,$133,$479,$37,$-5,$32,$11,$21,$21,$21,$51,$37,$60,60,$0.35,$0.35,$68,$129,$0,$460,$235,$0,$454,$44,$733,$1193,$326,$326,$73,$415,$741,$12,$326,$-46,$452,$1193,$74,$39,$8,$46,$0,$0,$0,$-11,$-11,$110,$-43,$0,$-154,$5,$0,$5,$-8,$-201,$76,$0,$76,$4,$4,$-25,$-4,$51,$-40,$8,$-25
15,2014-11-30,28.28,$6.90,4.1,$33.84,0.84,$2.64,10.72,$1.49,18.98,$0.46B,$0.39B,1.18,$0.28B,$0.41B,0.67,$2.02B,$0.73B,36.35%,$2.02B,$0.15B,7.38%,$2.02B,$0.15B,7.38%,$2.02B,$0.20B,9.66%,$2.02B,$0.13B,6.49%,$2.02B,$0.09B,4.41%,$0.09B,$0.41B,23.15%,$0.09B,$-0.04B,-1618.18%,$0.09B,$1.19B,8.18%,$0.15B,$0.69B,23.70%,$565,$360,$206,$18,$141,$519,$47,$-5,$42,$14,$28,$28,$28,$60,$47,$59,60,$0.47,$0.46,$71,$126,$0,$461,$234,$0,$456,$43,$733,$1194,$392,$277,$70,$390,$783,$12,$314,$-43,$411,$1194,$53,$25,$-0,$25,$0,$0,$0,$3,$3,$81,$-26,$0,$-154,$5,$0,$5,$-1,$-177,$77,$0,$77,$3,$3,$-17,$-4,$59,$-37,$6,$-17
16,2014-08-31,27.54,$6.59,4.18,$32.40,0.85,$1.86,14.79,$-0.34,0.0,$0.47B,$0.39B,1.19,$0.30B,$0.39B,0.77,$1.93B,$0.65B,33.61%,$1.93B,$-0.02B,-1.19%,$1.93B,$-0.02B,-1.19%,$1.93B,$0.02B,1.04%,$1.93B,$-0.04B,-2.08%,$1.93B,$-0.02B,-1.04%,$-0.02B,$0.39B,-5.43%,$-0.02B,$-0.06B,-242.42%,$-0.02B,$1.20B,-1.94%,$-0.02B,$0.69B,-3.80%,$510,$324,$186,$17,$127,$468,$42,$-5,$38,$12,$25,$25,$25,$54,$42,$59,60,$0.43,$0.42,$78,$134,$0,$465,$228,$0,$456,$48,$732,$1197,$392,$300,$70,$413,$805,$12,$294,$-38,$392,$1197,$25,$12,$-0,$12,$0,$0,$0,$5,$5,$42,$-8,$0,$-154,$0,$0,$0,$-1,$-163,$100,$0,$100,$-0,$-0,$-8,$-5,$86,$-35,$3,$-8
17,2014-05-31,28.84,$6.27,4.6,$31.79,0.91,$1.83,15.74,$-0.38,0.0,$0.45B,$0.36B,1.27,$0.20B,$0.37B,0.54,$1.88B,$0.63B,33.51%,$1.88B,$-0.03B,-1.38%,$1.88B,$-0.03B,-1.38%,$1.88B,$0.02B,0.85%,$1.88B,$-0.04B,-2.28%,$1.88B,$-0.02B,-1.17%,$-0.02B,$0.37B,-6.18%,$-0.02B,$0.06B,-86.27%,$-0.02B,$0.99B,-2.26%,$-0.03B,$0.57B,-4.48%,$488,$308,$179,$17,$115,$461,$26,$-4,$22,$6,$17,$17,$17,$36,$26,$59,59,$0.29,$0.29,$113,$78,$20,$452,$195,$0,$313,$31,$539,$991,$356,$200,$45,$263,$619,$12,$277,$-38,$372,$991,$-22,$42,$100,$142,$-27,$-2,$3,$-12,$-30,$90,$-40,$0,$-7,$-0,$0,$-0,$-2,$-48,$0,$0,$0,$8,$8,$-30,$-0,$-22,$19,$11,$-30
18,2014-02-28,25.87,$6.12,4.23,$31.33,0.83,$2.46,10.52,$-0.26,0.0,$0.41B,$0.35B,1.19,$0.20B,$0.36B,0.55,$1.86B,$0.62B,33.15%,$1.86B,$-0.02B,-0.86%,$1.86B,$-0.02B,-0.86%,$1.86B,$0.03B,1.35%,$1.86B,$-0.03B,-1.83%,$1.86B,$-0.02B,-0.86%,$-0.02B,$0.36B,-4.67%,$-0.02B,$0.03B,-256.00%,$-0.02B,$0.97B,-1.66%,$-0.02B,$0.56B,-2.76%,$456,$293,$163,$16,$112,$422,$34,$-5,$29,$10,$20,$19,$19,$45,$34,$59,60,$0.33,$0.33,$88,$84,$0,$414,$194,$0,$336,$28,$557,$971,$348,$200,$46,$260,$608,$12,$269,$-34,$363,$971,$-39,$32,$-33,$-1,$0,$0,$0,$90,$90,$50,$-32,$0,$-7,$-0,$0,$-0,$-0,$-39,$0,$0,$0,$6,$6,$-22,$-0,$-17,$-6,$8,$-22
19,2013-11-30,29.15,$5.88,4.96,$30.88,0.94,$2.81,10.37,$-0.31,0.0,$0.40B,$0.30B,1.36,$0.25B,$0.35B,0.72,$1.82B,$0.60B,32.69%,$1.82B,$-0.02B,-1.26%,$1.82B,$-0.02B,-1.26%,$1.82B,$0.02B,0.93%,$1.82B,$-0.04B,-2.19%,$1.82B,$-0.02B,-0.99%,$-0.02B,$0.35B,-5.54%,$-0.02B,$0.01B,-96.00%,$-0.02B,$0.96B,-1.92%,$-0.02B,$0.60B,-4.00%,$471,$352,$119,$17,$224,$596,$-125,$-4,$-129,$-49,$-81,$-81,$-81,$-115,$-125,$59,59,$-1.37,$-1.37,$85,$81,$0,$404,$189,$0,$336,$28,$553,$957,$296,$250,$48,$314,$609,$12,$258,$-35,$347,$957,$-58,$22,$-40,$-19,$0,$0,$0,$104,$104,$28,$-20,$0,$-6,$-1,$0,$-1,$0,$-26,$0,$0,$0,$5,$5,$-15,$-0,$-10,$-9,$6,$-15
20,2013-08-31,23.18,$5.78,4.01,$30.42,0.76,$3.01,7.7,$1.20,19.31,$0.43B,$0.30B,1.44,$0.25B,$0.34B,0.73,$1.79B,$0.63B,34.89%,$1.79B,$0.12B,6.69%,$1.79B,$0.12B,6.69%,$1.79B,$0.16B,8.86%,$1.79B,$0.10B,5.69%,$1.79B,$0.07B,3.96%,$0.07B,$0.34B,22.92%,$0.07B,$0.01B,213.53%,$0.07B,$0.97B,7.72%,$0.12B,$0.59B,21.44%,$468,$298,$170,$17,$114,$429,$39,$-5,$35,$12,$23,$23,$23,$50,$39,$59,59,$0.38,$0.38,$121,$77,$0,$427,$183,$0,$336,$28,$547,$973,$297,$250,$46,$335,$632,$12,$346,$-124,$341,$973,$23,$11,$-1,$10,$0,$0,$0,$6,$6,$38,$-7,$0,$0,$-0,$0,$-0,$1,$-6,$0,$0,$0,$2,$2,$-7,$1,$-4,$27,$3,$-7
21,2013-05-31,25.46,$5.44,4.68,$30.20,0.84,$2.70,9.44,$1.16,21.95,$0.40B,$0.29B,1.38,$0.25B,$0.32B,0.78,$1.78B,$0.61B,34.12%,$1.78B,$0.12B,6.48%,$1.78B,$0.12B,6.48%,$1.78B,$0.15B,8.61%,$1.78B,$0.10B,5.46%,$1.78B,$0.07B,3.83%,$0.07B,$0.32B,23.31%,$0.07B,$-0.02B,149.45%,$0.07B,$0.95B,7.63%,$0.12B,$0.57B,21.23%,$460,$297,$163,$16,$111,$424,$36,$-5,$31,$8,$23,$23,$23,$45,$36,$58,59,$0.41,$0.40,$94,$76,$21,$399,$184,$0,$337,$26,$547,$947,$290,$250,$47,$337,$627,$12,$331,$-124,$320,$947,$68,$38,$23,$60,$-8,$-5,$6,$0,$8,$137,$-49,$0,$-158,$-1,$0,$-1,$-2,$-210,$0,$0,$0,$4,$4,$-19,$-1,$-16,$-90,$8,$-19
22,2013-02-28,21.64,$4.99,4.34,$29.58,0.73,$2.56,8.45,$0.96,22.54,$0.48B,$0.25B,1.91,$0.25B,$0.29B,0.86,$1.74B,$0.59B,34.14%,$1.74B,$0.11B,6.28%,$1.74B,$0.11B,6.28%,$1.74B,$0.15B,8.46%,$1.74B,$0.09B,5.30%,$1.74B,$0.06B,3.28%,$0.06B,$0.29B,20.82%,$0.06B,$0.08B,98.28%,$0.06B,$0.88B,6.60%,$0.11B,$0.54B,20.81%,$424,$279,$144,$15,$102,$396,$27,$-4,$23,$7,$17,$17,$17,$37,$27,$58,59,$0.28,$0.28,$208,$66,$0,$478,$168,$0,$215,$15,$398,$876,$250,$250,$39,$334,$584,$12,$315,$-131,$292,$876,$45,$28,$-12,$16,$0,$0,$0,$17,$17,$77,$-38,$0,$-2,$-1,$0,$-1,$-0,$-41,$0,$0,$0,$2,$2,$-12,$0,$-10,$26,$6,$-12
23,2012-11-30,18.94,$4.88,3.88,$29.23,0.65,$3.22,5.89,$0.94,20.15,$0.49B,$0.26B,1.88,$0.25B,$0.29B,0.88,$1.71B,$0.58B,34.03%,$1.71B,$0.11B,6.25%,$1.71B,$0.11B,6.25%,$1.71B,$0.14B,8.41%,$1.71B,$0.09B,5.25%,$1.71B,$0.06B,3.21%,$0.06B,$0.29B,20.52%,$0.06B,$0.07B,82.09%,$0.06B,$0.88B,6.48%,$0.11B,$0.54B,20.66%,$442,$293,$149,$15,$115,$424,$18,$-5,$13,$5,$8,$8,$8,$27,$18,$58,59,$0.14,$0.14,$195,$69,$0,$487,$167,$0,$216,$12,$395,$882,$260,$250,$49,$337,$597,$12,$306,$-125,$286,$882,$28,$19,$-2,$17,$0,$0,$0,$2,$2,$47,$-28,$0,$-2,$0,$0,$0,$0,$-30,$2,$0,$2,$0,$0,$-7,$0,$-4,$14,$4,$-7
24,2012-08-31,17.47,$4.61,3.79,$29.33,0.6,$3.56,4.9,$1.21,14.44,$0.47B,$0.26B,1.83,$0.25B,$0.27B,0.93,$1.72B,$0.59B,34.13%,$1.72B,$0.13B,7.57%,$1.72B,$0.13B,7.57%,$1.72B,$0.17B,9.73%,$1.72B,$0.11B,6.58%,$1.72B,$0.07B,4.14%,$0.07B,$0.27B,27.39%,$0.07B,$0.05B,96.60%,$0.07B,$0.86B,8.52%,$0.13B,$0.52B,25.53%,$450,$300,$150,$14,$101,$415,$34,$-4,$30,$10,$20,$20,$20,$44,$34,$58,59,$0.34,$0.34,$194,$63,$0,$471,$163,$0,$215,$12,$390,$860,$257,$250,$48,$334,$591,$12,$303,$-136,$269,$860,$20,$10,$2,$11,$0,$0,$0,$-3,$-3,$29,$-16,$0,$0,$0,$0,$0,$0,$-15,$0,$0,$0,$0,$0,$-1,$0,$-1,$12,$2,$-1
25,2012-05-31,16.43,$4.25,3.86,$29.51,0.56,$3.88,4.23,$1.29,12.74,$0.46B,$0.25B,1.8,$0.25B,$0.25B,1.01,$1.73B,$0.59B,34.20%,$1.73B,$0.14B,8.00%,$1.73B,$0.14B,8.00%,$1.73B,$0.17B,10.09%,$1.73B,$0.12B,6.96%,$1.73B,$0.08B,4.41%,$0.08B,$0.25B,30.46%,$0.08B,$0.03B,97.12%,$0.08B,$0.84B,9.28%,$0.14B,$0.50B,27.63%,$421,$271,$150,$0,$62,$391,$30,$-4,$26,$14,$12,$12,$12,$39,$30,$58,58,$0.20,$0.20,$182,$59,$17,$455,$156,$0,$217,$11,$384,$839,$254,$250,$49,$337,$591,$12,$288,$-141,$248,$839,$75,$37,$35,$73,$18,$0,$5,$-64,$-58,$90,$-11,$0,$-47,$1,$0,$1,$-2,$-58,$0,$0,$0,$4,$4,$-5,$-0,$-2,$30,$6,$-5
26,2012-02-29,18.65,$4.61,4.04,$29.97,0.62,$3.56,5.23,$1.39,13.42,$0.49B,$0.22B,2.21,$0.25B,$0.27B,0.93,$1.75B,$0.59B,33.58%,$1.75B,$0.14B,7.97%,$1.75B,$0.14B,7.97%,$1.75B,$0.18B,10.09%,$1.75B,$0.12B,6.93%,$1.75B,$0.08B,4.64%,$0.08B,$0.27B,33.93%,$0.08B,$0.11B,98.78%,$0.08B,$0.82B,9.98%,$0.14B,$0.52B,28.44%,$400,$266,$134,$0,$109,$375,$25,$-4,$21,$7,$15,$15,$15,$34,$25,$58,58,$0.26,$0.26,$229,$56,$0,$490,$159,$0,$156,$10,$325,$816,$222,$250,$31,$324,$547,$12,$278,$-107,$269,$816,$63,$28,$15,$43,$0,$0,$0,$-24,$-24,$82,$-5,$0,$0,$0,$0,$0,$-1,$-6,$0,$0,$0,$3,$3,$-4,$0,$-1,$76,$5,$-4
27,2011-11-30,19.15,$4.30,4.45,$30.36,0.63,$2.78,6.89,$1.42,13.49,$0.49B,$0.24B,2.09,$0.25B,$0.25B,1.0,$1.76B,$0.59B,33.24%,$1.76B,$0.15B,8.24%,$1.76B,$0.15B,8.24%,$1.76B,$0.18B,10.40%,$1.76B,$0.13B,7.16%,$1.76B,$0.09B,4.89%,$0.09B,$0.25B,41.55%,$0.09B,$0.10B,172.86%,$0.09B,$0.82B,10.48%,$0.15B,$0.50B,32.62%,$446,$294,$152,$0,$111,$405,$41,$-5,$36,$12,$24,$24,$24,$50,$41,$58,58,$0.41,$0.41,$191,$68,$0,$493,$162,$0,$156,$10,$327,$820,$236,$250,$33,$334,$569,$12,$264,$-110,$251,$820,$48,$19,$10,$29,$0,$0,$0,$-39,$-39,$39,$1,$0,$0,$1,$0,$1,$-1,$1,$0,$0,$0,$2,$2,$-3,$0,$-0,$39,$3,$-3
28,2011-08-31,17.61,$3.96,4.45,$29.88,0.59,$2.42,7.26,$1.27,13.87,$0.47B,$0.23B,2.0,$0.25B,$0.23B,1.09,$1.73B,$0.57B,32.97%,$1.73B,$0.14B,7.88%,$1.73B,$0.14B,7.88%,$1.73B,$0.17B,10.08%,$1.73B,$0.12B,6.72%,$1.73B,$0.08B,4.63%,$0.08B,$0.23B,46.04%,$0.08B,$0.07B,500.00%,$0.08B,$0.80B,9.67%,$0.14B,$0.48B,34.09%,$458,$304,$154,$0,$113,$416,$42,$-5,$37,$12,$25,$25,$25,$51,$42,$58,58,$0.42,$0.42,$193,$70,$0,$468,$167,$0,$157,$9,$333,$801,$234,$250,$34,$337,$571,$12,$242,$-106,$230,$801,$25,$9,$1,$11,$0,$0,$0,$4,$4,$39,$-8,$0,$0,$1,$0,$1,$7,$0,$0,$0,$0,$2,$2,$-1,$0,$1,$40,$1,$-1
29,2011-05-31,22.22,$3.72,5.97,$28.61,0.78,$1.92,11.57,$1.07,20.77,$0.47B,$0.27B,1.78,$0.25B,$0.21B,1.22,$1.65B,$0.54B,32.69%,$1.65B,$0.12B,7.46%,$1.65B,$0.12B,7.46%,$1.65B,$0.16B,9.82%,$1.65B,$0.10B,6.19%,$1.65B,$0.07B,4.31%,$0.07B,$0.21B,50.44%,$0.07B,$0.05B,-411.59%,$0.07B,$0.81B,8.58%,$0.12B,$0.46B,34.77%,$442,$296,$146,$0,$68,$410,$32,$-5,$27,$10,$17,$17,$17,$42,$32,$57,58,$0.30,$0.29,$153,$66,$13,$472,$169,$0,$158,$9,$336,$808,$266,$250,$25,$337,$603,$12,$218,$-104,$205,$808,$71,$39,$31,$70,$-49,$-8,$14,$-51,$-52,$89,$-30,$0,$0,$1,$0,$1,$-3,$-31,$-50,$0,$-50,$8,$8,$-5,$-3,$-50,$12,$5,$-5
30,2011-02-28,23.83,$2.48,9.59,$26.54,0.9,$2.23,10.69,$0.77,30.94,$0.48B,$0.35B,1.36,$0.20B,$0.14B,1.41,$1.53B,$0.50B,32.55%,$1.53B,$0.10B,6.27%,$1.53B,$0.10B,6.27%,$1.53B,$0.14B,8.82%,$1.53B,$0.08B,4.90%,$1.53B,$0.06B,3.66%,$0.06B,$0.14B,51.14%,$0.06B,$-0.02B,-115.46%,$0.06B,$0.85B,6.85%,$0.10B,$0.34B,30.97%,$415,$282,$133,$0,$102,$384,$31,$-5,$26,$6,$20,$20,$20,$41,$31,$57,57,$0.35,$0.29,$176,$74,$0,$481,$169,$0,$158,$43,$371,$852,$353,$200,$36,$356,$710,$11,$202,$-130,$142,$852,$54,$29,$-9,$20,$0,$0,$0,$-22,$-22,$53,$-22,$0,$0,$1,$0,$1,$-2,$-23,$0,$0,$0,$3,$3,$-4,$-3,$-4,$29,$3,$-4
31,2010-11-30,19.03,$2.07,9.22,$25.04,0.76,$2.52,7.55,$0.60,31.72,$0.48B,$0.37B,1.28,$0.20B,$0.12B,1.7,$1.45B,$0.47B,32.53%,$1.45B,$0.08B,5.67%,$1.45B,$0.08B,5.67%,$1.45B,$0.12B,8.37%,$1.45B,$0.06B,4.22%,$1.45B,$0.04B,3.04%,$0.04B,$0.12B,46.81%,$0.04B,$-0.04B,-70.97%,$0.04B,$0.85B,5.53%,$0.08B,$0.32B,25.63%,$412,$276,$136,$0,$102,$381,$32,$-5,$26,$8,$18,$18,$18,$41,$32,$57,58,$0.31,$0.26,$165,$77,$0,$478,$169,$0,$158,$43,$370,$847,$374,$201,$34,$355,$729,$11,$184,$-132,$118,$847,$34,$20,$3,$23,$0,$0,$0,$-26,$-26,$31,$-12,$0,$0,$1,$0,$1,$-1,$-13,$0,$0,$0,$0,$0,$-3,$-0,$-2,$17,$2,$-3
32,2010-08-31,14.47,$1.72,8.41,$23.87,0.61,$2.95,4.9,$0.51,28.37,$0.43B,$0.34B,1.26,$0.20B,$0.10B,2.05,$1.38B,$0.45B,32.32%,$1.38B,$0.07B,5.01%,$1.38B,$0.07B,5.01%,$1.38B,$0.11B,7.99%,$1.38B,$0.05B,3.63%,$1.38B,$0.04B,2.61%,$0.04B,$0.10B,45.86%,$0.04B,$-0.06B,-47.68%,$0.04B,$0.80B,4.63%,$0.07B,$0.30B,20.91%,$381,$257,$124,$0,$94,$352,$29,$-6,$23,$7,$16,$16,$16,$39,$29,$57,58,$0.28,$0.22,$150,$67,$0,$428,$172,$0,$158,$43,$374,$802,$341,$201,$34,$363,$703,$11,$167,$-134,$98,$802,$16,$10,$1,$11,$0,$0,$0,$-19,$-19,$8,$-6,$0,$0,$1,$0,$1,$-1,$-6,$0,$0,$0,$-0,$-0,$-1,$-0,$-2,$2,$1,$-1
33,2010-05-31,16.95,$1.41,12.06,$22.99,0.74,$3.29,5.15,$0.43,39.43,$0.40B,$0.31B,1.26,$0.20B,$0.08B,2.5,$1.32B,$0.43B,32.50%,$1.32B,$0.05B,4.09%,$1.32B,$0.05B,4.09%,$1.32B,$0.10B,7.27%,$1.32B,$0.04B,2.65%,$1.32B,$0.03B,2.12%,$0.03B,$0.08B,42.91%,$0.03B,$-0.08B,-32.28%,$0.03B,$0.77B,3.69%,$0.05B,$0.28B,15.79%,$322,$216,$105,$0,$51,$318,$4,$-4,$-0,$-2,$2,$2,$2,$14,$4,$56,58,$0.04,$0.00,$147,$58,$0,$396,$175,$0,$158,$42,$375,$771,$314,$200,$176,$376,$691,$11,$152,$-136,$80,$771,$28,$43,$32,$75,$9,$-7,$14,$10,$-9,$99,$-22,$0,$-46,$-6,$0,$-6,$-4,$-78,$-75,$0,$-75,$2,$2,$-5,$-1,$-79,$-59,$4,$-5
34,2010-02-28,16.03,$1.40,11.42,$23.27,0.69,$3.17,5.05,$0.57,28.12,$0.38B,$0.20B,1.94,$0.30B,$0.08B,3.78,$1.32B,$0.43B,32.47%,$1.32B,$0.06B,4.86%,$1.32B,$0.06B,4.86%,$1.32B,$0.11B,8.04%,$1.32B,$0.04B,3.19%,$1.32B,$0.03B,2.50%,$0.03B,$0.08B,69.84%,$0.03B,$-0.07B,-38.26%,$0.03B,$0.76B,4.35%,$0.06B,$0.38B,18.31%,$330,$225,$105,$0,$86,$313,$17,$-5,$12,$4,$8,$8,$8,$27,$17,$56,58,$0.15,$0.12,$137,$44,$0,$381,$179,$0,$150,$50,$379,$760,$196,$302,$59,$484,$680,$11,$152,$-134,$80,$760,$26,$32,$20,$52,$0,$0,$0,$-16,$-16,$63,$-15,$0,$-30,$-2,$0,$-2,$-7,$-55,$-75,$0,$-75,$1,$1,$-4,$-1,$-78,$-70,$3,$-4
35,2009-11-30,13.36,$1.05,12.75,$24.16,0.55,$3.17,4.21,$0.35,38.17,$0.39B,$0.22B,1.8,$0.30B,$0.06B,5.36,$1.34B,$0.43B,31.97%,$1.34B,$0.04B,3.28%,$1.34B,$0.04B,3.28%,$1.34B,$0.09B,6.48%,$1.34B,$0.02B,1.56%,$1.34B,$0.02B,1.49%,$0.02B,$0.06B,49.69%,$0.02B,$-0.09B,-25.89%,$0.02B,$0.77B,2.65%,$0.04B,$0.36B,12.18%,$344,$233,$111,$0,$90,$325,$19,$-4,$15,$5,$10,$10,$10,$30,$19,$56,57,$0.17,$0.17,$134,$54,$0,$387,$186,$0,$150,$51,$388,$774,$215,$302,$63,$503,$718,$11,$145,$-132,$56,$774,$18,$22,$7,$29,$0,$0,$0,$8,$8,$54,$-11,$0,$-30,$-0,$0,$-0,$-8,$-50,$-75,$0,$-75,$-0,$-0,$-2,$-0,$-78,$-71,$2,$-2
36,2009-08-31,14.25,$0.81,17.57,$26.99,0.53,$2.98,4.79,$0.78,18.26,$0.34B,$0.19B,1.81,$0.30B,$0.05B,6.67,$1.48B,$0.47B,32.07%,$1.48B,$0.08B,5.42%,$1.48B,$0.08B,5.42%,$1.48B,$0.12B,8.27%,$1.48B,$0.06B,3.73%,$1.48B,$0.04B,2.92%,$0.04B,$0.05B,100.58%,$0.04B,$-0.11B,-83.09%,$0.04B,$0.73B,5.72%,$0.08B,$0.35B,20.92%,$324,$217,$108,$0,$91,$310,$14,$-6,$8,$-0,$8,$8,$8,$25,$14,$55,57,$0.15,$0.14,$112,$49,$0,$338,$191,$0,$151,$51,$392,$730,$186,$302,$60,$498,$684,$11,$136,$-133,$45,$730,$8,$11,$4,$15,$0,$0,$0,$4,$4,$27,$-6,$0,$-30,$0,$0,$0,$-7,$-43,$-75,$0,$-75,$-0,$-0,$-1,$-0,$-77,$-93,$1,$-1
37,2009-05-31,12.48,$0.15,83.99,$29.84,0.42,$2.52,4.95,$1.24,10.07,$0.45B,$0.28B,1.6,$0.30B,$0.01B,37.8,$1.63B,$0.53B,32.33%,$1.63B,$0.12B,7.55%,$1.63B,$0.12B,7.55%,$1.63B,$0.17B,10.12%,$1.63B,$0.10B,6.01%,$1.63B,$0.07B,4.17%,$0.07B,$0.01B,153.67%,$0.07B,$-0.08B,-247.27%,$0.07B,$0.77B,8.91%,$0.12B,$0.31B,30.58%,$320,$216,$104,$0,$39,$306,$14,$-7,$7,$0,$7,$7,$7,$24,$14,$54,55,$0.15,$0.15,$204,$37,$0,$451,$179,$0,$84,$53,$316,$767,$282,$302,$175,$477,$759,$11,$129,$-134,$8,$767,$68,$42,$37,$79,$54,$15,$-38,$3,$-55,$92,$-25,$0,$-30,$4,$0,$4,$21,$-30,$0,$0,$0,$3,$3,$-19,$-0,$-17,$38,$3,$-19
38,2009-02-28,8.83,$0.96,9.22,$32.68,0.27,$4.21,2.1,$1.81,4.88,$0.44B,$0.24B,1.83,$0.38B,$0.05B,7.33,$1.83B,$0.60B,33.02%,$1.83B,$0.18B,9.57%,$1.83B,$0.18B,9.57%,$1.83B,$0.22B,11.86%,$1.83B,$0.15B,8.31%,$1.83B,$0.10B,5.52%,$0.10B,$0.05B,210.42%,$0.10B,$-0.03B,-792.16%,$0.10B,$0.74B,13.16%,$0.18B,$0.43B,41.22%,$354,$249,$106,$0,$85,$357,$-3,$-6,$-9,$-4,$-5,$-5,$-5,$8,$-3,$54,54,$-0.10,$-0.10,$186,$44,$0,$440,$181,$0,$85,$37,$304,$744,$241,$377,$40,$452,$693,$11,$123,$-84,$52,$744,$61,$32,$28,$60,$0,$0,$0,$-56,$-56,$64,$-20,$0,$-3,$1,$0,$1,$1,$-21,$0,$0,$0,$3,$3,$-15,$-1,$-12,$17,$3,$-15
39,2008-11-30,12.77,$1.24,10.32,$34.53,0.37,$5.01,2.55,$2.56,4.99,$0.48B,$0.25B,1.95,$0.38B,$0.07B,5.68,$1.97B,$0.67B,33.91%,$1.97B,$0.24B,12.18%,$1.97B,$0.24B,12.18%,$1.97B,$0.28B,14.26%,$1.97B,$0.22B,11.07%,$1.97B,$0.14B,7.31%,$0.14B,$0.07B,414.39%,$0.14B,$0.01B,-748.05%,$0.14B,$0.77B,18.86%,$0.24B,$0.44B,58.32%,$477,$321,$155,$0,$100,$422,$55,$-6,$49,$16,$33,$33,$33,$65,$55,$54,54,$0.61,$0.60,$181,$61,$0,$484,$188,$0,$59,$37,$283,$767,$249,$377,$41,$452,$701,$11,$133,$-79,$66,$767,$66,$22,$9,$31,$0,$0,$0,$-51,$-51,$46,$-16,$0,$-3,$0,$0,$0,$2,$-17,$0,$0,$0,$2,$2,$-10,$0,$-8,$11,$4,$-10
40,2008-08-31,24.27,$0.91,26.8,$33.98,0.71,$5.58,4.35,$2.63,9.23,$0.49B,$0.28B,1.78,$0.38B,$0.05B,7.44,$2.00B,$0.69B,34.67%,$2.00B,$0.25B,12.51%,$2.00B,$0.25B,12.51%,$2.00B,$0.29B,14.61%,$2.00B,$0.23B,11.56%,$2.00B,$0.15B,7.60%,$0.15B,$0.05B,256.54%,$0.15B,$-0.01B,1961.29%,$0.15B,$0.78B,20.38%,$0.25B,$0.43B,64.89%,$479,$317,$162,$0,$106,$423,$57,$-5,$51,$18,$33,$33,$33,$68,$57,$56,56,$0.60,$0.60,$164,$60,$0,$489,$192,$0,$58,$36,$286,$775,$275,$376,$40,$450,$725,$11,$105,$-65,$51,$775,$33,$11,$5,$16,$0,$0,$0,$-45,$-45,$4,$-8,$0,$0,$0,$0,$0,$3,$-6,$0,$0,$0,$1,$1,$-5,$0,$-4,$-8,$2,$-5
41,2008-05-31,21.32,$0.42,50.75,$33.31,0.64,$6.03,3.54,$2.57,8.3,$0.49B,$0.31B,1.59,$0.38B,$0.02B,16.05,$2.01B,$0.70B,34.74%,$2.01B,$0.25B,12.28%,$2.01B,$0.25B,12.28%,$2.01B,$0.29B,14.36%,$2.01B,$0.23B,11.43%,$2.01B,$0.15B,7.60%,$0.15B,$0.02B,196.15%,$0.15B,$-0.02B,523.08%,$0.15B,$0.78B,21.30%,$0.25B,$0.40B,69.82%,$519,$338,$181,$0,$64,$453,$66,$-5,$61,$22,$39,$39,$40,$76,$66,$59,60,$0.71,$0.70,$171,$55,$0,$493,$196,$0,$40,$54,$290,$783,$311,$376,$74,$449,$760,$11,$77,$-60,$23,$783,$152,$43,$4,$47,$-21,$3,$6,$5,$14,$214,$-40,$0,$-12,$1,$0,$1,$0,$-51,$196,$-1,$195,$-260,$-260,$-21,$0,$-87,$79,$6,$-21
42,2008-02-29,25.55,$-0.01,-2388.18,$32.06,0.8,$4.72,5.42,$2.36,10.83,$0.44B,$0.29B,1.51,$0.38B,$-0.00B,-629.17,$1.98B,$0.68B,34.43%,$1.98B,$0.23B,11.43%,$1.98B,$0.23B,11.43%,$1.98B,$0.27B,13.55%,$1.98B,$0.21B,10.67%,$1.98B,$0.15B,7.33%,$0.15B,$-0.00B,130.63%,$0.15B,$-0.06B,232.00%,$0.15B,$0.73B,21.04%,$0.23B,$0.38B,67.21%,$495,$325,$170,$0,$108,$434,$62,$-5,$57,$19,$38,$38,$38,$72,$62,$58,59,$0.66,$0.65,$100,$65,$0,$438,$194,$0,$59,$37,$291,$729,$291,$378,$38,$439,$729,$11,$40,$-48,$-1,$729,$113,$33,$9,$42,$0,$0,$0,$-32,$-32,$123,$-28,$0,$-12,$-2,$0,$-2,$-0,$-42,$199,$-1,$198,$-261,$-261,$-16,$0,$-79,$5,$5,$-16
43,2007-11-30,23.45,$2.68,8.74,$31.03,0.76,$4.06,5.78,$2.21,10.61,$0.42B,$0.29B,1.42,$0.18B,$0.16B,1.08,$1.97B,$0.67B,34.10%,$1.97B,$0.21B,10.82%,$1.97B,$0.21B,10.82%,$1.97B,$0.26B,12.96%,$1.97B,$0.20B,10.16%,$1.97B,$0.14B,7.06%,$0.14B,$0.16B,89.68%,$0.14B,$0.12B,126.36%,$0.14B,$0.70B,20.43%,$0.21B,$0.34B,64.59%,$506,$326,$180,$0,$110,$441,$65,$-3,$62,$21,$41,$41,$41,$76,$65,$61,61,$0.67,$0.67,$92,$74,$0,$417,$195,$0,$48,$36,$281,$697,$294,$176,$41,$240,$534,$12,$202,$-47,$164,$697,$74,$22,$14,$36,$0,$0,$0,$-23,$-23,$88,$-19,$0,$0,$-2,$0,$-2,$1,$-20,$0,$0,$0,$-63,$-63,$-11,$0,$-74,$-2,$3,$-11
44,2007-08-31,24.71,$2.07,11.96,$30.39,0.81,$3.02,8.18,$2.10,11.77,$0.38B,$0.30B,1.28,$0.17B,$0.13B,1.38,$1.96B,$0.66B,33.71%,$1.96B,$0.21B,10.56%,$1.96B,$0.21B,10.56%,$1.96B,$0.25B,12.65%,$1.96B,$0.19B,9.89%,$1.96B,$0.14B,6.88%,$0.14B,$0.13B,89.70%,$0.14B,$0.08B,127.06%,$0.14B,$0.66B,20.06%,$0.21B,$0.30B,63.50%,$492,$324,$168,$0,$114,$438,$54,$-3,$50,$17,$34,$34,$34,$65,$54,$62,62,$0.54,$0.54,$81,$60,$0,$383,$195,$0,$48,$36,$281,$664,$298,$174,$41,$239,$537,$12,$169,$-51,$126,$664,$34,$11,$6,$17,$0,$0,$0,$-18,$-18,$32,$-9,$0,$0,$-0,$0,$-0,$0,$-9,$0,$30,$30,$-59,$-59,$-6,$0,$-35,$-11,$2,$-6
45,2007-05-31,30.56,$2.47,12.38,$29.36,1.04,$2.43,12.58,$1.99,15.36,$0.39B,$0.29B,1.35,$0.17B,$0.16B,1.12,$1.92B,$0.65B,33.61%,$1.92B,$0.20B,10.37%,$1.92B,$0.20B,10.37%,$1.92B,$0.24B,12.45%,$1.92B,$0.19B,9.74%,$1.92B,$0.13B,6.77%,$0.13B,$0.16B,87.39%,$0.13B,$0.12B,123.81%,$0.13B,$0.67B,19.61%,$0.20B,$0.33B,61.28%,$485,$322,$163,$0,$67,$441,$45,$-3,$42,$10,$32,$32,$32,$55,$45,$64,65,$0.50,$0.49,$92,$56,$0,$385,$197,$0,$39,$46,$282,$666,$285,$173,$53,$226,$511,$13,$198,$-52,$155,$666,$129,$41,$0,$41,$-15,$-9,$-2,$-2,$-33,$138,$-33,$0,$-4,$0,$0,$0,$-1,$-37,$-3,$0,$-3,$-115,$-115,$-21,$7,$-132,$-30,$5,$-21
46,2007-02-28,32.58,$2.71,12.04,$28.38,1.15,$2.30,14.15,$1.87,17.42,$0.42B,$0.29B,1.45,$0.18B,$0.18B,1.01,$1.88B,$0.63B,33.71%,$1.88B,$0.19B,10.22%,$1.88B,$0.19B,10.22%,$1.88B,$0.23B,12.30%,$1.88B,$0.18B,9.58%,$1.88B,$0.12B,6.55%,$0.12B,$0.18B,85.12%,$0.12B,$0.13B,122.08%,$0.12B,$0.69B,18.54%,$0.19B,$0.35B,59.81%,$485,$325,$160,$0,$111,$436,$49,$-3,$46,$14,$32,$32,$32,$59,$49,$64,65,$0.50,$0.50,$119,$59,$0,$417,$201,$0,$45,$28,$277,$694,$287,$177,$38,$233,$520,$13,$228,$-63,$175,$694,$97,$31,$-3,$28,$0,$0,$0,$-38,$-38,$91,$-28,$0,$0,$0,$0,$0,$-1,$-29,$0,$0,$0,$-55,$-55,$-16,$5,$-66,$-3,$4,$-16
47,2006-11-30,29.72,$2.27,13.08,$27.20,1.09,$2.36,12.6,$1.70,17.48,$0.39B,$0.29B,1.36,$0.18B,$0.15B,1.21,$1.82B,$0.61B,33.63%,$1.82B,$0.18B,9.91%,$1.82B,$0.18B,9.91%,$1.82B,$0.22B,12.11%,$1.82B,$0.17B,9.25%,$1.82B,$0.11B,6.22%,$0.11B,$0.15B,84.96%,$0.11B,$0.10B,126.61%,$0.11B,$0.67B,17.34%,$0.18B,$0.32B,58.02%,$499,$329,$170,$0,$112,$440,$59,$-3,$56,$19,$37,$37,$37,$69,$59,$65,66,$0.57,$0.56,$67,$72,$0,$391,$202,$0,$45,$28,$277,$668,$287,$177,$41,$234,$522,$13,$199,$-62,$146,$668,$65,$21,$1,$21,$0,$0,$0,$-65,$-65,$24,$-19,$0,$0,$2,$0,$2,$0,$-17,$0,$0,$0,$-54,$-54,$-10,$3,$-62,$-54,$3,$-10
