,Date,Stock Price,Book Value per Share,Price to Book Ratio,TTM Sales per Share,Price to Sales Ratio,TTM FCF per Share,Price to FCF Ratio,TTM Net EPS,PE Ratio,Current Assets,Current Liabilities,Current Ratio,Long Term Debt,Shareholder's Equity_x,Debt to Equity Ratio,TTM Revenue_x,TTM Gross Profit,Gross Margin,TTM Revenue_y,TTM Operating Income,Operating Margin,TTM Revenue_x,TTM EBIT,EBIT Margin,TTM Revenue_y,TTM EBITDA,EBITDA Margin,TTM Revenue_x,TTM Pre-Tax Income,Pre-Tax Margin,TTM Revenue_y,TTM Net Income_x,Net Margin,TTM Net Income_y,Shareholder's Equity_y,Return on Equity,TTM Net Income_x,Tangible Equity,Return on Tangible Equity,TTM Net Income_y,Total Assets,Return on Assets,TTM Net Income,LT Investments & Debt,Return on Investment,revenue,cost-goods-sold,gross-profit,research-development-expenses,selling-general-administrative-expenses,operating-expenses,operating-income,total-non-operating-income-expense,pre-tax-income,total-provision-income-taxes,income-after-taxes,income-from-continuous-operations,net-income,ebitda,ebit,basic-shares-outstanding,shares-outstanding,eps-basic-net-earnings-per-share,eps-earnings-per-share-diluted,cash-on-hand,inventory,other-current-assets,total-current-assets,net-property-plant-equipment,long-term-investments,goodwill-intangible-assets-total,other-long-term-assets,total-long-term-assets,total-assets,total-current-liabilities,long-term-debt,other-non-current-liabilities,total-long-term-liabilities,total-liabilities,common-stock-net,retained-earnings-accumulated-deficit,comprehensive-income,total-share-holder-equity,total-liabilities-share-holders-equity,net-income-loss,total-depreciation-amortization-cash-flow,other-non-cash-items,total-non-cash-items,change-in-accounts-receivable,change-in-inventories,change-in-accounts-payable,change-in-assets-liabilities,total-change-in-assets-liabilities,cash-flow-from-operating-activities,net-change-in-property-plant-equipment,net-change-in-intangible-assets,net-acquisitions-divestitures,net-change-in-short-term-investments,net-change-in-long-term-investments,net-change-in-investments-total,investing-activities-other,cash-flow-from-investing-activities,net-long-term-debt,net-current-debt,debt-issuance-retirement-net-total,net-common-equity-issued-repurchased,net-total-equity-issued-repurchased,total-common-preferred-stock-dividends-paid,financial-activities-other,cash-flow-from-financial-activities,net-cash-flow,stock-based-compensation,common-stock-dividends-paid
0,2018-09-30,28.98,$10.09,2.87,$43.07,0.67,$2.78,10.44,$1.45,19.99,$0.76B,$0.24B,3.12,$0.51B,$0.58B,0.87,$2.47B,$0.34B,13.71%,$2.47B,$0.16B,6.27%,$2.47B,$0.16B,6.27%,$2.47B,$0.19B,7.80%,$2.47B,$0.13B,5.10%,$2.47B,$0.08B,3.36%,$0.08B,$0.58B,14.80%,$0.08B,$0.37B,22.12%,$0.08B,$1.42B,5.96%,$0.16B,$1.09B,14.62%,$646,$567,$79,$0,$39,$612,$34,$-6,$27,$3,$24,$21,$20,$44,$34,$57,57,$0.36,$0.35,$105,$313,$35,$761,$361,$58,$215,$27,$661,$1422,$244,$510,$40,$594,$838,$1,$804,$-63,$583,$1422,$79,$29,$16,$46,$-42,$49,$0,$-9,$-2,$123,$2,$0,$-168,$0,$-1,$-1,$0,$-166,$52,$0,$52,$-7,$-7,$-18,$-1,$27,$-18,$6,$-18
1,2018-06-30,29.51,$9.93,2.97,$41.40,0.71,$1.44,20.46,$1.49,19.81,$0.94B,$0.27B,3.43,$0.56B,$0.57B,0.98,$2.38B,$0.34B,14.26%,$2.38B,$0.16B,6.65%,$2.38B,$0.16B,6.65%,$2.38B,$0.20B,8.20%,$2.38B,$0.13B,5.51%,$2.38B,$0.09B,3.58%,$0.09B,$0.57B,15.52%,$0.09B,$0.39B,22.86%,$0.09B,$1.50B,6.29%,$0.16B,$1.13B,15.54%,$663,$564,$99,$0,$38,$611,$52,$-5,$46,$12,$34,$34,$33,$61,$52,$57,57,$0.58,$0.58,$281,$295,$28,$938,$285,$70,$178,$26,$559,$1496,$273,$559,$46,$651,$924,$1,$789,$-58,$572,$1496,$58,$19,$16,$34,$-90,$33,$0,$1,$-56,$36,$0,$0,$-12,$0,$-1,$-1,$0,$-13,$153,$0,$153,$-7,$-7,$-12,$0,$135,$158,$4,$-12
2,2018-03-31,26.07,$9.61,2.71,$40.53,0.64,$0.84,31.17,$1.39,18.76,$0.76B,$0.21B,3.58,$0.48B,$0.55B,0.87,$2.33B,$0.33B,14.18%,$2.33B,$0.15B,6.57%,$2.33B,$0.15B,6.57%,$2.33B,$0.19B,8.12%,$2.33B,$0.13B,5.41%,$2.33B,$0.08B,3.44%,$0.08B,$0.55B,15.06%,$0.08B,$0.38B,22.44%,$0.08B,$1.34B,6.15%,$0.15B,$1.03B,15.57%,$640,$546,$94,$0,$34,$593,$47,$-5,$42,$7,$35,$24,$24,$57,$47,$57,57,$0.42,$0.42,$92,$329,$20,$763,$300,$70,$178,$26,$574,$1337,$213,$479,$45,$570,$784,$1,$761,$-48,$553,$1337,$24,$10,$14,$24,$-73,$4,$0,$-5,$-74,$-27,$-5,$0,$-12,$0,$-1,$-1,$0,$-18,$23,$0,$23,$-7,$-7,$-6,$0,$10,$-33,$2,$-6
3,2017-12-31,35.19,$9.27,3.79,$39.45,0.89,$1.06,33.24,$1.49,23.62,$0.74B,$0.24B,3.05,$0.45B,$0.54B,0.84,$2.27B,$0.33B,14.34%,$2.27B,$0.15B,6.71%,$2.27B,$0.15B,6.71%,$2.27B,$0.19B,8.21%,$2.27B,$0.13B,5.65%,$2.27B,$0.09B,3.80%,$0.09B,$0.54B,16.55%,$0.09B,$0.36B,24.61%,$0.09B,$1.32B,6.65%,$0.15B,$0.99B,15.61%,$524,$457,$67,$0,$34,$501,$22,$-11,$11,$5,$6,$6,$6,$31,$22,$57,57,$0.09,$0.10,$120,$328,$46,$739,$304,$80,$172,$24,$581,$1320,$242,$449,$45,$542,$784,$1,$744,$-51,$536,$1320,$87,$34,$6,$40,$-2,$-86,$0,$5,$-83,$44,$-15,$0,$-18,$0,$-3,$-3,$3,$-33,$-43,$0,$-43,$0,$0,$-200,$-2,$-245,$-231,$7,$-200
4,2017-09-30,34.62,$9.17,3.78,$38.60,0.9,$2.83,12.23,$1.69,20.48,$0.69B,$0.25B,2.83,$0.39B,$0.53B,0.73,$2.21B,$0.33B,15.09%,$2.21B,$0.16B,7.18%,$2.21B,$0.16B,7.18%,$2.21B,$0.19B,8.72%,$2.21B,$0.14B,6.50%,$2.21B,$0.10B,4.38%,$0.10B,$0.53B,15.65%,$0.10B,$0.35B,21.44%,$0.10B,$1.25B,7.32%,$0.16B,$0.92B,15.66%,$550,$471,$79,$0,$33,$513,$37,$-6,$32,$9,$23,$23,$22,$46,$37,$57,57,$0.39,$0.39,$106,$284,$26,$693,$284,$74,$176,$22,$556,$1249,$245,$389,$33,$474,$719,$1,$744,$-54,$530,$1249,$81,$25,$6,$32,$-33,$-41,$0,$15,$-59,$54,$-6,$0,$-1,$0,$-2,$-2,$0,$-8,$-104,$0,$-104,$0,$0,$-194,$-2,$-300,$-250,$6,$-194
5,2017-06-30,30.06,$8.78,3.42,$37.87,0.79,$3.05,9.86,$1.75,17.18,$0.74B,$0.22B,3.39,$0.49B,$0.51B,0.97,$2.17B,$0.34B,15.52%,$2.17B,$0.16B,7.32%,$2.17B,$0.16B,7.32%,$2.17B,$0.19B,8.94%,$2.17B,$0.15B,6.82%,$2.17B,$0.10B,4.65%,$0.10B,$0.51B,14.00%,$0.10B,$0.33B,18.14%,$0.10B,$1.30B,7.38%,$0.16B,$1.00B,14.82%,$614,$524,$90,$0,$36,$568,$47,$-6,$41,$13,$28,$28,$28,$55,$47,$57,57,$0.49,$0.48,$168,$253,$36,$744,$285,$75,$173,$20,$554,$1297,$219,$489,$32,$572,$791,$1,$727,$-60,$506,$1297,$58,$17,$3,$20,$-47,$-11,$0,$-8,$-66,$13,$-11,$0,$-1,$0,$0,$0,$0,$-11,$-4,$0,$-4,$0,$0,$-188,$-1,$-193,$-188,$4,$-188
6,2017-03-31,33.67,$8.80,3.83,$36.73,0.92,$3.60,9.37,$1.27,26.51,$0.76B,$0.23B,3.26,$0.49B,$0.51B,0.97,$2.10B,$0.34B,15.94%,$2.10B,$0.16B,7.43%,$2.10B,$0.16B,7.43%,$2.10B,$0.19B,9.19%,$2.10B,$0.15B,7.14%,$2.10B,$0.10B,4.81%,$0.10B,$0.51B,12.25%,$0.10B,$0.35B,15.27%,$0.10B,$1.31B,7.22%,$0.16B,$1.00B,14.09%,$578,$488,$89,$0,$36,$532,$46,$-2,$44,$12,$32,$30,$30,$54,$46,$57,57,$0.53,$0.52,$147,$252,$45,$756,$296,$73,$160,$19,$549,$1305,$232,$490,$27,$566,$798,$1,$705,$-62,$507,$1305,$30,$8,$3,$11,$-54,$-7,$0,$8,$-53,$-11,$-7,$0,$0,$0,$1,$1,$0,$-6,$-8,$0,$-8,$0,$0,$-180,$-1,$-188,$-203,$2,$-180
7,2016-12-31,39.21,$16.32,2.4,$36.02,1.09,$4.00,9.81,$1.25,31.37,$0.89B,$0.22B,4.08,$0.21B,$0.94B,0.23,$2.06B,$0.33B,16.15%,$2.06B,$0.15B,7.34%,$2.06B,$0.15B,7.34%,$2.06B,$0.19B,9.19%,$2.06B,$0.15B,7.10%,$2.06B,$0.10B,4.86%,$0.10B,$0.94B,10.88%,$0.10B,$0.78B,13.23%,$0.10B,$1.45B,7.07%,$0.15B,$1.15B,13.35%,$472,$396,$76,$0,$35,$443,$29,$-2,$27,$9,$18,$17,$17,$38,$29,$57,57,$0.30,$0.30,$351,$242,$45,$894,$295,$77,$160,$21,$553,$1447,$219,$214,$27,$292,$511,$1,$1142,$-67,$936,$1447,$100,$36,$18,$53,$-17,$7,$0,$15,$5,$158,$-27,$0,$-21,$0,$0,$0,$-5,$-53,$5,$0,$5,$0,$0,$-25,$-2,$-23,$76,$6,$-25
8,2016-09-30,31.73,$16.32,1.94,$36.05,0.88,$4.11,7.73,$1.20,26.44,$0.87B,$0.20B,4.32,$0.21B,$0.94B,0.23,$2.06B,$0.32B,15.42%,$2.06B,$0.14B,6.86%,$2.06B,$0.14B,6.86%,$2.06B,$0.18B,8.75%,$2.06B,$0.14B,6.71%,$2.06B,$0.10B,4.72%,$0.10B,$0.94B,10.77%,$0.10B,$0.77B,13.17%,$0.10B,$1.43B,7.00%,$0.14B,$1.15B,12.71%,$507,$425,$82,$0,$32,$469,$37,$-2,$36,$11,$25,$26,$26,$47,$37,$57,57,$0.46,$0.45,$298,$251,$29,$874,$289,$79,$165,$19,$553,$1426,$202,$214,$23,$287,$490,$1,$1130,$-58,$937,$1426,$83,$27,$10,$38,$-46,$-1,$0,$-3,$-50,$71,$-10,$0,$-21,$0,$0,$0,$1,$-30,$6,$0,$6,$0,$0,$-19,$-1,$-14,$23,$5,$-19
9,2016-06-30,31.11,$16.07,1.94,$36.59,0.85,$4.43,7.02,$1.06,29.35,$0.87B,$0.22B,3.97,$0.21B,$0.92B,0.23,$2.08B,$0.30B,14.54%,$2.08B,$0.13B,6.29%,$2.08B,$0.13B,6.29%,$2.08B,$0.17B,8.11%,$2.08B,$0.13B,6.14%,$2.08B,$0.09B,4.27%,$0.09B,$0.92B,10.13%,$0.09B,$0.75B,12.45%,$0.09B,$1.42B,6.48%,$0.13B,$1.13B,12.07%,$544,$456,$88,$0,$35,$500,$44,$-1,$43,$14,$29,$28,$28,$54,$44,$57,57,$0.49,$0.49,$283,$250,$27,$866,$298,$70,$167,$19,$555,$1420,$218,$214,$24,$284,$502,$1,$1110,$-59,$919,$1420,$57,$18,$4,$22,$-52,$1,$0,$14,$-37,$42,$-9,$0,$-21,$0,$0,$0,$2,$-28,$6,$0,$6,$0,$0,$-10,$1,$-3,$8,$3,$-10
10,2016-03-31,28.62,$15.52,1.84,$36.78,0.78,$3.97,7.22,$1.65,17.34,$0.82B,$0.20B,4.05,$0.21B,$0.89B,0.23,$2.10B,$0.30B,14.31%,$2.10B,$0.14B,6.82%,$2.10B,$0.14B,6.82%,$2.10B,$0.18B,8.54%,$2.10B,$0.14B,6.63%,$2.10B,$0.10B,4.53%,$0.10B,$0.89B,11.05%,$0.10B,$0.73B,13.32%,$0.10B,$1.36B,7.01%,$0.14B,$1.09B,13.43%,$533,$447,$86,$0,$36,$491,$41,$-2,$40,$14,$26,$29,$29,$50,$41,$56,57,$0.51,$0.50,$270,$241,$34,$821,$278,$69,$162,$31,$540,$1361,$203,$206,$24,$272,$475,$1,$1088,$-54,$886,$1361,$29,$9,$0,$9,$-25,$-2,$0,$-1,$-27,$10,$-6,$0,$0,$0,$0,$0,$0,$-6,$-5,$0,$-5,$0,$0,$-4,$0,$-9,$-5,$1,$-4
11,2015-12-31,26.29,$15.04,1.75,$36.87,0.71,$3.84,6.86,$1.54,17.07,$0.80B,$0.21B,3.82,$0.20B,$0.86B,0.24,$2.10B,$0.29B,13.81%,$2.10B,$0.14B,6.57%,$2.10B,$0.14B,6.57%,$2.10B,$0.17B,8.24%,$2.10B,$0.13B,6.33%,$2.10B,$0.09B,4.19%,$0.09B,$0.86B,10.47%,$0.09B,$0.70B,12.43%,$0.09B,$1.34B,6.54%,$0.14B,$1.06B,13.21%,$472,$411,$61,$0,$32,$453,$19,$-0,$19,$7,$12,$14,$14,$29,$19,$56,57,$0.25,$0.25,$275,$239,$35,$800,$280,$66,$161,$31,$538,$1339,$209,$204,$23,$270,$479,$1,$1064,$-55,$860,$1339,$88,$35,$-25,$10,$52,$41,$0,$-31,$62,$160,$-23,$0,$-106,$0,$-66,$-66,$4,$-191,$-25,$0,$-25,$0,$0,$-17,$0,$-41,$-77,$6,$-17
12,2015-09-30,28.63,$14.84,1.93,$38.05,0.75,$2.94,9.73,$1.61,17.78,$0.83B,$0.23B,3.6,$0.21B,$0.85B,0.24,$2.17B,$0.30B,13.72%,$2.17B,$0.15B,6.88%,$2.17B,$0.15B,6.88%,$2.17B,$0.18B,8.41%,$2.17B,$0.14B,6.51%,$2.17B,$0.09B,4.25%,$0.09B,$0.85B,11.17%,$0.09B,$0.69B,13.11%,$0.09B,$1.37B,6.85%,$0.15B,$1.05B,14.48%,$535,$467,$68,$0,$32,$508,$27,$-2,$26,$5,$20,$18,$18,$36,$27,$56,57,$0.32,$0.31,$221,$251,$55,$825,$271,$64,$163,$51,$548,$1374,$230,$205,$25,$296,$525,$1,$1053,$-55,$848,$1374,$74,$25,$-17,$8,$5,$30,$0,$-22,$13,$95,$-17,$0,$-107,$0,$-66,$-66,$2,$-188,$-22,$0,$-22,$0,$0,$-13,$0,$-35,$-131,$5,$-13
13,2015-06-30,33.52,$14.82,2.26,$39.28,0.85,$1.23,27.34,$1.72,19.49,$0.93B,$0.21B,4.44,$0.21B,$0.85B,0.24,$2.23B,$0.31B,13.93%,$2.23B,$0.16B,7.17%,$2.23B,$0.16B,7.17%,$2.23B,$0.19B,8.64%,$2.23B,$0.15B,6.81%,$2.23B,$0.10B,4.39%,$0.10B,$0.85B,12.04%,$0.10B,$0.74B,13.87%,$0.10B,$1.35B,7.36%,$0.16B,$1.05B,15.70%,$556,$470,$85,$0,$33,$500,$56,$-2,$54,$20,$34,$34,$34,$64,$56,$56,57,$0.60,$0.59,$299,$279,$46,$931,$261,$0,$101,$52,$414,$1345,$210,$205,$24,$291,$500,$1,$1040,$-44,$845,$1345,$56,$16,$-13,$3,$-24,$-5,$0,$-12,$-42,$17,$-10,$0,$-36,$0,$0,$0,$3,$-43,$-18,$0,$-18,$0,$0,$-8,$0,$-26,$-53,$3,$-8
14,2015-03-31,34.81,$14.19,2.45,$40.98,0.85,$-0.03,0.0,$1.75,19.89,$0.94B,$0.22B,4.2,$0.21B,$0.81B,0.25,$2.33B,$0.32B,13.67%,$2.33B,$0.15B,6.53%,$2.33B,$0.15B,6.53%,$2.33B,$0.19B,7.99%,$2.33B,$0.15B,6.23%,$2.33B,$0.10B,4.25%,$0.10B,$0.81B,12.36%,$0.10B,$0.71B,14.31%,$0.10B,$1.33B,7.43%,$0.15B,$1.01B,15.10%,$537,$461,$76,$0,$33,$502,$36,$-2,$34,$11,$22,$22,$22,$44,$36,$56,57,$0.39,$0.39,$327,$246,$60,$941,$245,$0,$103,$36,$384,$1325,$224,$205,$25,$293,$517,$1,$1011,$-49,$808,$1325,$22,$8,$1,$9,$-37,$8,$0,$2,$-27,$4,$-7,$0,$0,$0,$0,$0,$-13,$-19,$-4,$0,$-4,$0,$0,$-4,$0,$-8,$-25,$1,$-4
15,2014-12-31,32.82,$13.98,2.35,$41.66,0.79,$-0.85,0.0,$1.80,18.23,$0.94B,$0.24B,3.95,$0.21B,$0.80B,0.26,$2.36B,$0.32B,13.58%,$2.36B,$0.15B,6.51%,$2.36B,$0.15B,6.51%,$2.36B,$0.19B,7.95%,$2.36B,$0.15B,6.26%,$2.36B,$0.10B,4.31%,$0.10B,$0.80B,12.94%,$0.10B,$0.67B,15.11%,$0.10B,$1.33B,7.71%,$0.15B,$1.00B,15.49%,$537,$469,$68,$0,$32,$508,$30,$-3,$27,$9,$18,$18,$18,$38,$30,$56,57,$0.32,$0.31,$352,$257,$57,$941,$246,$0,$121,$20,$387,$1328,$238,$205,$23,$295,$533,$1,$993,$-43,$795,$1328,$103,$34,$-7,$27,$-21,$1,$0,$-19,$-39,$91,$-5,$0,$-30,$0,$0,$0,$-3,$-38,$6,$0,$6,$0,$0,$-17,$0,$-11,$40,$6,$-17
16,2014-09-30,27.38,$14.20,1.93,$40.83,0.67,$0.35,78.28,$1.75,15.64,$0.92B,$0.23B,3.96,$0.21B,$0.81B,0.25,$2.32B,$0.32B,13.78%,$2.32B,$0.15B,6.31%,$2.32B,$0.15B,6.31%,$2.32B,$0.18B,7.78%,$2.32B,$0.14B,6.13%,$2.32B,$0.10B,4.28%,$0.10B,$0.81B,12.79%,$0.10B,$0.70B,14.84%,$0.10B,$1.33B,7.60%,$0.15B,$1.01B,14.91%,$603,$521,$82,$0,$34,$565,$38,$-1,$37,$12,$24,$24,$24,$47,$38,$56,57,$0.42,$0.42,$260,$282,$40,$924,$246,$0,$103,$54,$404,$1328,$233,$206,$22,$287,$520,$1,$979,$-15,$808,$1328,$84,$26,$-4,$22,$-63,$-15,$0,$-25,$-102,$4,$-23,$0,$-30,$0,$0,$0,$3,$-51,$8,$0,$8,$-0,$-0,$-13,$-0,$-5,$-52,$5,$-13
17,2014-06-30,28.14,$13.98,2.01,$39.56,0.71,$2.49,11.32,$2.04,13.83,$0.95B,$0.27B,3.53,$0.21B,$0.79B,0.26,$2.24B,$0.31B,13.83%,$2.24B,$0.18B,7.81%,$2.24B,$0.18B,7.81%,$2.24B,$0.21B,9.28%,$2.24B,$0.17B,7.68%,$2.24B,$0.12B,5.13%,$0.12B,$0.79B,15.43%,$0.12B,$0.69B,17.93%,$0.12B,$1.35B,8.95%,$0.18B,$1.00B,18.39%,$650,$558,$92,$0,$33,$601,$48,$-1,$47,$12,$35,$35,$35,$57,$48,$56,57,$0.63,$0.62,$242,$291,$36,$946,$245,$0,$108,$50,$404,$1350,$268,$206,$23,$289,$557,$1,$960,$-9,$793,$1350,$60,$17,$-5,$12,$-100,$-21,$0,$-2,$-123,$-51,$-14,$0,$-30,$0,$0,$0,$2,$-42,$8,$0,$8,$-0,$-0,$-8,$23,$23,$-70,$4,$-8
18,2014-03-31,28.62,$13.38,2.14,$38.43,0.74,$4.17,6.86,$3.03,9.45,$0.89B,$0.24B,3.76,$0.21B,$0.76B,0.27,$2.17B,$0.30B,13.76%,$2.17B,$0.27B,12.47%,$2.17B,$0.27B,12.47%,$2.17B,$0.30B,13.99%,$2.17B,$0.27B,12.38%,$2.17B,$0.17B,7.87%,$0.17B,$0.76B,24.10%,$0.17B,$0.64B,28.21%,$0.17B,$1.28B,13.67%,$0.27B,$0.96B,29.59%,$574,$496,$79,$0,$32,$536,$38,$-1,$37,$12,$25,$25,$25,$46,$38,$56,57,$0.44,$0.44,$233,$279,$44,$885,$244,$0,$120,$34,$398,$1283,$235,$206,$23,$289,$525,$1,$929,$-11,$758,$1283,$25,$8,$-2,$6,$-49,$-10,$0,$-16,$-76,$-45,$-4,$0,$-30,$0,$0,$0,$2,$-33,$3,$0,$3,$0,$0,$-4,$0,$-1,$-78,$1,$-4
19,2013-12-31,29.99,$13.00,2.31,$38.24,0.78,$4.65,6.45,$3.06,9.82,$0.88B,$0.22B,3.99,$0.21B,$0.74B,0.28,$2.16B,$0.30B,13.76%,$2.16B,$0.27B,12.51%,$2.16B,$0.27B,12.51%,$2.16B,$0.30B,14.08%,$2.16B,$0.27B,12.60%,$2.16B,$0.17B,7.97%,$0.17B,$0.74B,26.10%,$0.17B,$0.64B,30.73%,$0.17B,$1.25B,14.15%,$0.27B,$0.94B,31.19%,$488,$422,$66,$0,$36,$466,$22,$-1,$21,$6,$15,$15,$15,$30,$22,$56,56,$0.28,$0.27,$312,$252,$39,$875,$244,$0,$94,$34,$373,$1248,$219,$206,$23,$293,$512,$0,$908,$-11,$736,$1248,$173,$33,$-88,$-55,$19,$6,$0,$-15,$11,$129,$24,$0,$-55,$0,$0,$0,$28,$-3,$-0,$0,$-0,$0,$0,$-14,$0,$-14,$113,$6,$-14
20,2013-09-30,26.39,$12.28,2.15,$36.65,0.72,$2.68,9.85,$3.08,8.58,$0.92B,$0.24B,3.79,$0.21B,$0.69B,0.3,$2.18B,$0.30B,13.61%,$2.18B,$0.27B,12.60%,$2.18B,$0.27B,12.60%,$2.18B,$0.31B,14.16%,$2.18B,$0.28B,12.64%,$2.18B,$0.17B,7.95%,$0.17B,$0.69B,28.38%,$0.17B,$0.60B,34.09%,$0.17B,$1.26B,14.67%,$0.27B,$0.90B,33.56%,$529,$456,$73,$0,$33,$462,$67,$-0,$67,$27,$40,$40,$40,$75,$67,$56,57,$0.71,$0.71,$322,$234,$26,$924,$223,$0,$94,$19,$336,$1261,$244,$207,$24,$322,$566,$0,$896,$-39,$694,$1261,$158,$25,$-95,$-70,$-38,$-5,$0,$25,$-18,$70,$32,$0,$0,$0,$0,$0,$27,$59,$4,$0,$4,$0,$0,$-10,$0,$-6,$123,$5,$-10
21,2013-06-30,23.79,$11.55,2.06,$34.07,0.7,$1.27,18.74,$2.58,9.24,$0.85B,$0.24B,3.53,$0.21B,$0.65B,0.32,$2.16B,$0.29B,13.29%,$2.16B,$0.23B,10.69%,$2.16B,$0.23B,10.69%,$2.16B,$0.27B,12.27%,$2.16B,$0.23B,10.74%,$2.16B,$0.15B,6.90%,$0.15B,$0.65B,26.27%,$0.15B,$0.55B,32.22%,$0.15B,$1.21B,13.26%,$0.23B,$0.86B,29.83%,$582,$501,$81,$0,$35,$438,$144,$-1,$144,$52,$92,$92,$91,$153,$144,$56,56,$1.64,$1.62,$262,$223,$30,$848,$238,$0,$105,$19,$362,$1210,$240,$207,$24,$320,$560,$0,$860,$-46,$650,$1210,$118,$17,$45,$62,$-35,$5,$0,$6,$-25,$49,$-19,$0,$0,$0,$0,$0,$25,$7,$15,$0,$15,$0,$0,$-7,$0,$8,$63,$3,$-7
22,2013-03-31,25.03,$9.90,2.53,$31.47,0.8,$0.65,38.42,$1.20,20.94,$0.79B,$0.28B,2.79,$0.21B,$0.56B,0.37,$2.17B,$0.28B,12.75%,$2.17B,$0.12B,5.39%,$2.17B,$0.12B,5.39%,$2.17B,$0.15B,6.91%,$2.17B,$0.12B,5.34%,$2.17B,$0.08B,3.50%,$0.08B,$0.56B,11.91%,$0.08B,$0.45B,14.23%,$0.08B,$1.14B,6.67%,$0.12B,$0.76B,14.70%,$560,$483,$77,$0,$31,$522,$37,$3,$40,$13,$26,$26,$26,$46,$37,$56,56,$0.47,$0.46,$184,$228,$33,$785,$234,$0,$105,$19,$358,$1143,$282,$207,$23,$305,$586,$0,$772,$-48,$556,$1143,$26,$8,$-3,$5,$-43,$0,$0,$-4,$-46,$-15,$-7,$0,$0,$0,$0,$0,$-15,$-22,$26,$0,$26,$0,$0,$-3,$0,$22,$-15,$1,$-3
23,2012-12-31,23.38,$9.57,2.44,$29.06,0.8,$0.78,30.11,$1.16,20.25,$0.75B,$0.26B,2.89,$0.21B,$0.54B,0.39,$2.19B,$0.28B,12.97%,$2.19B,$0.13B,5.80%,$2.19B,$0.13B,5.80%,$2.19B,$0.16B,7.21%,$2.19B,$0.12B,5.48%,$2.19B,$0.08B,3.79%,$0.08B,$0.54B,11.37%,$0.08B,$0.43B,13.25%,$0.08B,$1.10B,6.83%,$0.13B,$0.75B,14.52%,$504,$439,$65,$0,$32,$478,$26,$-2,$24,$7,$17,$17,$16,$34,$26,$71,71,$0.30,$0.29,$199,$229,$21,$747,$233,$0,$105,$19,$357,$1104,$259,$207,$24,$307,$566,$0,$750,$-43,$538,$1104,$84,$32,$17,$49,$-24,$-5,$0,$4,$-25,$108,$-56,$0,$-12,$0,$0,$0,$51,$-16,$36,$0,$36,$-427,$-427,$-15,$-3,$-409,$-315,$6,$-15
24,2012-09-30,21.14,$9.39,2.25,$28.44,0.74,$1.84,11.47,$1.04,20.42,$0.69B,$0.21B,3.27,$0.21B,$0.53B,0.4,$2.18B,$0.28B,12.95%,$2.18B,$0.12B,5.60%,$2.18B,$0.12B,5.60%,$2.18B,$0.16B,7.12%,$2.18B,$0.12B,5.28%,$2.18B,$0.08B,3.67%,$0.08B,$0.53B,9.79%,$0.08B,$0.42B,11.21%,$0.08B,$1.04B,6.27%,$0.12B,$0.73B,12.86%,$514,$450,$64,$0,$32,$490,$24,$-0,$24,$9,$16,$16,$16,$32,$24,$75,76,$0.21,$0.21,$166,$224,$17,$690,$229,$0,$105,$16,$350,$1039,$211,$208,$24,$303,$514,$0,$737,$-40,$525,$1039,$67,$24,$19,$43,$-16,$1,$0,$-20,$-36,$73,$-43,$0,$-12,$0,$0,$0,$49,$-6,$22,$0,$22,$-427,$-427,$-11,$-0,$-417,$-348,$3,$-11
25,2012-06-30,19.71,$12.21,1.61,$29.30,0.67,$2.20,8.94,$0.97,20.42,$0.94B,$0.24B,3.93,$0.01B,$0.93B,0.01,$2.25B,$0.28B,12.45%,$2.25B,$0.12B,5.20%,$2.25B,$0.12B,5.20%,$2.25B,$0.15B,6.71%,$2.25B,$0.11B,4.76%,$2.25B,$0.07B,3.29%,$0.07B,$0.93B,8.16%,$0.07B,$0.83B,9.20%,$0.07B,$1.27B,5.46%,$0.12B,$0.94B,11.40%,$594,$523,$71,$0,$33,$564,$30,$-2,$28,$9,$19,$19,$18,$38,$30,$76,77,$0.24,$0.24,$374,$229,$20,$944,$212,$0,$102,$14,$328,$1272,$240,$8,$24,$98,$338,$0,$725,$-46,$934,$1272,$51,$16,$8,$24,$-56,$-9,$0,$8,$-57,$17,$-23,$0,$0,$0,$0,$0,$37,$14,$-165,$0,$-165,$0,$0,$-8,$0,$-172,$-140,$2,$-8
26,2012-03-31,20.93,$12.06,1.74,$30.15,0.69,$1.66,12.62,$1.03,20.42,$1.12B,$0.28B,4.07,$0.16B,$0.92B,0.17,$2.31B,$0.29B,12.48%,$2.31B,$0.12B,5.37%,$2.31B,$0.12B,5.37%,$2.31B,$0.16B,6.89%,$2.31B,$0.11B,4.90%,$2.31B,$0.08B,3.38%,$0.08B,$0.92B,8.73%,$0.08B,$0.82B,9.85%,$0.08B,$1.45B,5.66%,$0.12B,$1.08B,11.81%,$578,$493,$84,$0,$32,$531,$47,$-2,$44,$12,$33,$33,$33,$54,$47,$76,77,$0.43,$0.43,$527,$236,$23,$1122,$207,$0,$102,$15,$324,$1446,$276,$156,$24,$247,$523,$0,$711,$-42,$923,$1446,$33,$8,$7,$15,$-67,$-14,$0,$24,$-57,$-11,$-9,$0,$0,$0,$0,$0,$35,$25,$1,$0,$1,$0,$0,$-4,$0,$-3,$13,$1,$-4
27,2011-12-31,17.62,$11.57,1.52,$31.69,0.56,$2.19,8.03,$1.14,15.52,$1.03B,$0.21B,4.82,$0.16B,$0.89B,0.18,$2.42B,$0.30B,12.49%,$2.42B,$0.14B,5.79%,$2.42B,$0.14B,5.79%,$2.42B,$0.18B,7.36%,$2.42B,$0.13B,5.38%,$2.42B,$0.09B,3.56%,$0.09B,$0.89B,9.79%,$0.09B,$0.78B,11.09%,$0.09B,$1.35B,6.31%,$0.14B,$1.04B,13.53%,$491,$428,$63,$0,$33,$470,$21,$-2,$19,$6,$13,$13,$13,$31,$21,$76,76,$0.17,$0.17,$514,$219,$22,$1027,$204,$0,$102,$15,$321,$1348,$213,$156,$24,$250,$463,$0,$682,$-49,$885,$1348,$87,$37,$8,$45,$29,$-16,$0,$8,$21,$154,$-17,$0,$-7,$0,$0,$0,$-3,$-27,$5,$0,$5,$0,$0,$-15,$3,$-7,$120,$3,$-15
28,2011-09-30,17.6,$11.58,1.52,$32.23,0.55,$0.90,19.53,$1.20,14.67,$1.03B,$0.23B,4.44,$0.16B,$0.89B,0.18,$2.45B,$0.31B,12.55%,$2.45B,$0.15B,6.03%,$2.45B,$0.15B,6.03%,$2.45B,$0.19B,7.58%,$2.45B,$0.14B,5.58%,$2.45B,$0.09B,3.71%,$0.09B,$0.89B,10.57%,$0.09B,$0.78B,12.00%,$0.09B,$1.36B,6.79%,$0.15B,$1.04B,14.54%,$586,$524,$62,$0,$34,$567,$19,$-3,$16,$5,$11,$11,$10,$28,$19,$76,77,$0.14,$0.14,$449,$215,$34,$1033,$208,$0,$102,$16,$326,$1359,$232,$157,$25,$241,$474,$0,$673,$-39,$885,$1359,$74,$28,$9,$37,$-38,$-10,$0,$7,$-42,$69,$-11,$0,$-7,$0,$0,$0,$-5,$-23,$17,$0,$17,$4,$4,$-11,$-1,$9,$55,$3,$-11
29,2011-06-30,17.22,$11.64,1.48,$31.31,0.55,$0.77,22.45,$1.32,13.09,$1.02B,$0.23B,4.39,$0.16B,$0.88B,0.18,$2.38B,$0.32B,13.31%,$2.38B,$0.16B,6.74%,$2.38B,$0.16B,6.74%,$2.38B,$0.20B,8.38%,$2.38B,$0.15B,6.27%,$2.38B,$0.10B,4.21%,$0.10B,$0.88B,11.90%,$0.10B,$0.78B,13.55%,$0.10B,$1.36B,7.60%,$0.16B,$1.04B,16.03%,$653,$574,$79,$0,$33,$616,$37,$-3,$34,$11,$23,$23,$22,$46,$37,$75,76,$0.30,$0.30,$345,$297,$28,$1017,$223,$0,$102,$16,$342,$1359,$232,$157,$25,$244,$476,$0,$667,$-29,$882,$1359,$63,$19,$-1,$18,$-55,$-79,$0,$14,$-120,$-39,$-9,$0,$-7,$0,$0,$0,$-4,$-19,$16,$0,$16,$1,$1,$-8,$-2,$7,$-49,$2,$-8
30,2011-03-31,16.54,$11.35,1.46,$29.90,0.55,$1.70,9.75,$1.23,13.5,$1.04B,$0.28B,3.72,$0.16B,$0.86B,0.18,$2.26B,$0.31B,13.75%,$2.26B,$0.15B,6.72%,$2.26B,$0.15B,6.72%,$2.26B,$0.19B,8.49%,$2.26B,$0.14B,6.10%,$2.26B,$0.09B,4.16%,$0.09B,$0.86B,11.53%,$0.09B,$0.76B,13.18%,$0.09B,$1.38B,7.28%,$0.15B,$1.02B,15.61%,$688,$590,$98,$0,$35,$624,$63,$-2,$61,$20,$41,$41,$41,$73,$63,$75,76,$0.54,$0.54,$414,$231,$17,$1035,$228,$0,$102,$17,$347,$1382,$278,$157,$24,$244,$522,$0,$648,$-31,$860,$1382,$41,$10,$-1,$8,$-81,$-13,$0,$71,$-23,$26,$-5,$0,$-7,$0,$0,$0,$0,$-12,$10,$0,$10,$0,$0,$-4,$-2,$4,$20,$1,$-4
31,2010-12-31,14.68,$10.78,1.36,$27.29,0.54,$1.85,7.94,$1.14,12.88,$0.91B,$0.20B,4.68,$0.16B,$0.82B,0.19,$2.06B,$0.29B,13.84%,$2.06B,$0.14B,6.61%,$2.06B,$0.14B,6.61%,$2.06B,$0.18B,8.55%,$2.06B,$0.12B,5.93%,$2.06B,$0.09B,4.23%,$0.09B,$0.82B,10.98%,$0.09B,$0.71B,12.60%,$0.09B,$1.26B,6.93%,$0.14B,$0.97B,14.30%,$527,$458,$69,$0,$32,$498,$29,$-3,$26,$8,$18,$18,$18,$39,$29,$75,76,$0.24,$0.24,$394,$210,$20,$912,$229,$0,$102,$15,$347,$1259,$195,$158,$25,$248,$443,$0,$611,$-37,$816,$1259,$88,$41,$-16,$25,$-46,$-17,$0,$7,$-56,$56,$-19,$0,$-2,$0,$0,$0,$19,$-2,$7,$0,$7,$0,$0,$-16,$3,$-6,$48,$3,$-16
32,2010-09-30,11.82,$10.63,1.11,$26.10,0.45,$2.20,5.36,$0.67,17.64,$0.90B,$0.21B,4.41,$0.16B,$0.80B,0.2,$1.97B,$0.28B,14.10%,$1.97B,$0.10B,5.09%,$1.97B,$0.10B,5.09%,$1.97B,$0.14B,7.12%,$1.97B,$0.09B,4.43%,$1.97B,$0.05B,2.60%,$0.05B,$0.80B,6.60%,$0.05B,$0.70B,7.60%,$0.05B,$1.26B,4.13%,$0.10B,$0.96B,10.74%,$507,$438,$70,$0,$29,$476,$31,$-3,$28,$9,$19,$19,$19,$41,$31,$75,76,$0.25,$0.25,$400,$190,$35,$904,$235,$0,$102,$22,$359,$1263,$205,$158,$27,$254,$459,$0,$597,$-34,$804,$1263,$70,$31,$-22,$9,$-51,$3,$0,$30,$-18,$61,$-14,$0,$-2,$0,$0,$0,$19,$3,$-1,$0,$-1,$2,$2,$-11,$0,$-10,$54,$2,$-11
33,2010-06-30,10.88,$10.36,1.05,$24.98,0.44,$2.57,4.23,$0.67,16.24,$0.90B,$0.23B,4.01,$0.16B,$0.78B,0.2,$1.88B,$0.27B,14.54%,$1.88B,$0.10B,5.17%,$1.88B,$0.10B,5.17%,$1.88B,$0.14B,7.29%,$1.88B,$0.08B,4.47%,$1.88B,$0.05B,2.72%,$0.05B,$0.78B,6.69%,$0.05B,$0.68B,7.80%,$0.05B,$1.26B,4.18%,$0.10B,$0.94B,10.53%,$540,$467,$74,$0,$33,$511,$29,$-5,$23,$7,$16,$16,$16,$39,$29,$75,75,$0.21,$0.21,$397,$185,$35,$904,$238,$0,$102,$20,$360,$1264,$226,$158,$26,$256,$482,$0,$582,$-40,$782,$1264,$51,$21,$3,$23,$-61,$5,$0,$36,$-20,$32,$-9,$0,$0,$0,$0,$0,$18,$8,$16,$0,$16,$2,$2,$-8,$0,$11,$51,$1,$-8
34,2010-03-31,11.76,$10.18,1.16,$22.75,0.52,$3.05,3.86,$0.55,21.58,$0.87B,$0.22B,4.04,$0.16B,$0.77B,0.21,$1.71B,$0.25B,14.83%,$1.71B,$0.08B,4.81%,$1.71B,$0.08B,4.81%,$1.71B,$0.12B,7.15%,$1.71B,$0.07B,4.28%,$1.71B,$0.04B,2.40%,$0.04B,$0.77B,5.44%,$0.04B,$0.67B,6.12%,$0.04B,$1.24B,3.43%,$0.08B,$0.93B,8.99%,$485,$413,$72,$0,$37,$438,$47,$-2,$45,$10,$35,$35,$34,$57,$47,$75,75,$0.45,$0.45,$397,$186,$33,$873,$243,$0,$102,$20,$365,$1238,$216,$158,$25,$255,$471,$0,$570,$-40,$767,$1238,$35,$10,$3,$13,$-31,$4,$0,$38,$11,$37,$-4,$0,$0,$0,$0,$0,$20,$16,$3,$0,$3,$1,$1,$-4,$0,$0,$51,$1,$-4
35,2009-12-31,10.81,$9.81,1.1,$20.71,0.52,$3.04,3.56,$0.06,180.21,$0.81B,$0.18B,4.41,$0.16B,$0.74B,0.21,$1.55B,$0.22B,14.21%,$1.55B,$0.03B,2.13%,$1.55B,$0.03B,2.13%,$1.55B,$0.07B,4.72%,$1.55B,$0.02B,1.55%,$1.55B,$0.01B,0.32%,$0.01B,$0.74B,0.67%,$0.01B,$0.64B,0.73%,$0.01B,$1.18B,0.43%,$0.03B,$0.90B,3.67%,$433,$372,$61,$0,$28,$440,$-7,$-2,$-9,$8,$-17,$-17,$-18,$3,$-7,$75,75,$-0.23,$-0.24,$346,$191,$24,$809,$250,$0,$102,$19,$371,$1180,$183,$158,$24,$258,$441,$0,$540,$-36,$739,$1180,$5,$42,$38,$80,$-7,$23,$0,$-23,$-8,$77,$-13,$0,$0,$0,$0,$0,$7,$-6,$-0,$0,$-0,$8,$8,$-16,$0,$-8,$67,$3,$-16
36,2009-09-30,10.3,$10.14,1.02,$20.76,0.5,$4.37,2.36,$0.40,25.75,$0.79B,$0.18B,4.4,$0.16B,$0.76B,0.21,$1.55B,$0.22B,14.39%,$1.55B,$0.05B,3.03%,$1.55B,$0.05B,3.03%,$1.55B,$0.09B,5.61%,$1.55B,$0.04B,2.65%,$1.55B,$0.03B,2.00%,$0.03B,$0.76B,4.20%,$0.03B,$0.63B,4.60%,$0.03B,$1.20B,2.66%,$0.05B,$0.92B,5.24%,$420,$354,$66,$0,$28,$392,$28,$-3,$25,$6,$19,$19,$19,$38,$28,$75,75,$0.25,$0.25,$354,$178,$30,$788,$258,$0,$131,$21,$410,$1198,$179,$158,$24,$255,$434,$0,$562,$-32,$763,$1198,$22,$31,$1,$32,$-3,$35,$0,$-2,$30,$84,$-10,$0,$0,$0,$0,$0,$13,$2,$-12,$0,$-12,$8,$8,$-13,$0,$-16,$75,$2,$-13
37,2009-06-30,8.9,$10.02,0.89,$24.08,0.37,$4.01,2.22,$0.40,22.26,$0.74B,$0.16B,4.61,$0.16B,$0.75B,0.21,$1.80B,$0.23B,13.04%,$1.80B,$0.05B,2.73%,$1.80B,$0.05B,2.73%,$1.80B,$0.09B,5.01%,$1.80B,$0.04B,2.40%,$1.80B,$0.03B,1.73%,$0.03B,$0.75B,4.20%,$0.03B,$0.75B,4.64%,$0.03B,$1.16B,2.52%,$0.05B,$0.90B,5.46%,$368,$313,$54,$0,$30,$354,$14,$-2,$12,$6,$6,$6,$6,$24,$14,$74,75,$0.08,$0.08,$334,$169,$32,$742,$268,$0,$0,$152,$420,$1162,$161,$158,$25,$256,$417,$0,$547,$-27,$745,$1162,$4,$21,$1,$22,$17,$45,$0,$-21,$41,$67,$-8,$0,$0,$0,$0,$0,$13,$5,$-15,$0,$-15,$0,$0,$-9,$0,$-24,$55,$1,$-9
38,2009-03-31,9.2,$9.69,0.95,$29.21,0.32,$3.08,2.99,$0.68,13.53,$0.70B,$0.15B,4.83,$0.16B,$0.72B,0.22,$2.18B,$0.27B,12.48%,$2.18B,$0.08B,3.76%,$2.18B,$0.08B,3.76%,$2.18B,$0.12B,5.69%,$2.18B,$0.07B,3.39%,$2.18B,$0.05B,2.39%,$0.05B,$0.72B,6.99%,$0.05B,$0.72B,8.19%,$0.05B,$1.12B,3.98%,$0.08B,$0.88B,8.79%,$327,$287,$39,$0,$31,$329,$-2,$-2,$-4,$-2,$-3,$-3,$-2,$8,$-2,$74,74,$-0.04,$-0.04,$300,$171,$38,$699,$271,$0,$0,$148,$419,$1118,$145,$159,$25,$254,$398,$0,$544,$-49,$720,$1118,$-2,$11,$0,$11,$28,$39,$0,$-40,$27,$35,$-4,$0,$0,$0,$0,$0,$6,$1,$-10,$0,$-10,$0,$0,$-4,$0,$-14,$21,$1,$-4
39,2008-12-31,10.52,$9.76,1.08,$34.25,0.31,$2.27,4.64,$1.08,9.74,$0.76B,$0.20B,3.74,$0.16B,$0.73B,0.22,$2.56B,$0.33B,12.71%,$2.56B,$0.13B,4.97%,$2.56B,$0.13B,4.97%,$2.56B,$0.17B,6.65%,$2.56B,$0.12B,4.69%,$2.56B,$0.08B,3.17%,$0.08B,$0.73B,10.83%,$0.08B,$0.60B,13.47%,$0.08B,$1.18B,5.78%,$0.13B,$0.88B,13.11%,$435,$372,$64,$0,$28,$429,$7,$1,$8,$0,$8,$8,$8,$17,$7,$74,75,$0.11,$0.11,$279,$211,$29,$755,$277,$0,$129,$22,$428,$1183,$202,$159,$25,$256,$458,$0,$551,$-48,$725,$1183,$83,$45,$3,$48,$89,$45,$0,$-78,$55,$186,$-22,$0,$0,$0,$0,$0,$-11,$-33,$-152,$0,$-152,$1,$1,$-15,$0,$-166,$-30,$3,$-15
40,2008-09-30,9.57,$10.30,0.93,$36.77,0.26,$2.24,4.27,$1.37,7.01,$0.96B,$0.41B,2.36,$0.16B,$0.77B,0.21,$2.74B,$0.36B,13.08%,$2.74B,$0.17B,6.27%,$2.74B,$0.17B,6.27%,$2.74B,$0.22B,7.87%,$2.74B,$0.16B,5.90%,$2.74B,$0.10B,3.72%,$0.10B,$0.77B,13.70%,$0.10B,$0.61B,17.24%,$0.10B,$1.46B,6.95%,$0.17B,$0.92B,17.27%,$665,$588,$77,$0,$36,$636,$30,$-2,$27,$8,$19,$19,$19,$41,$30,$74,75,$0.25,$0.25,$308,$261,$39,$958,$295,$0,$152,$52,$498,$1456,$406,$159,$12,$285,$691,$0,$546,$21,$765,$1456,$73,$34,$1,$35,$-29,$7,$0,$-21,$-44,$64,$-18,$0,$0,$0,$0,$0,$1,$-17,$-36,$0,$-36,$1,$1,$-11,$0,$-46,$-0,$2,$-11
41,2008-06-30,13.29,$10.30,1.29,$37.15,0.36,$3.33,4.0,$1.54,8.66,$0.97B,$0.31B,3.16,$0.28B,$0.77B,0.37,$2.77B,$0.37B,13.42%,$2.77B,$0.19B,7.00%,$2.77B,$0.19B,7.00%,$2.77B,$0.24B,8.58%,$2.77B,$0.19B,6.67%,$2.77B,$0.11B,4.11%,$0.11B,$0.77B,15.78%,$0.11B,$0.61B,20.08%,$0.11B,$1.47B,7.84%,$0.19B,$1.05B,19.19%,$753,$661,$92,$0,$35,$707,$47,$-3,$43,$15,$28,$28,$27,$58,$47,$74,75,$0.37,$0.36,$274,$264,$37,$967,$303,$0,$154,$47,$505,$1472,$306,$282,$11,$401,$707,$0,$531,$37,$765,$1472,$54,$22,$1,$23,$-67,$7,$0,$-15,$-74,$4,$-15,$0,$0,$0,$0,$0,$-1,$-15,$-18,$0,$-18,$1,$1,$-7,$0,$-25,$-35,$1,$-7
42,2008-03-31,11.84,$9.94,1.19,$37.46,0.32,$4.61,2.57,$1.67,7.11,$0.98B,$0.35B,2.83,$0.28B,$0.74B,0.38,$2.79B,$0.39B,14.00%,$2.79B,$0.21B,7.45%,$2.79B,$0.21B,7.45%,$2.79B,$0.25B,9.02%,$2.79B,$0.20B,7.12%,$2.79B,$0.12B,4.40%,$0.12B,$0.74B,17.77%,$0.12B,$0.58B,22.91%,$0.12B,$1.49B,8.49%,$0.21B,$1.02B,21.07%,$704,$612,$92,$0,$38,$661,$43,$-1,$42,$14,$28,$27,$27,$54,$43,$74,75,$0.37,$0.37,$274,$274,$47,$982,$307,$0,$154,$48,$508,$1490,$347,$282,$11,$405,$752,$0,$508,$34,$738,$1490,$27,$11,$-1,$10,$-62,$-4,$0,$7,$-59,$-21,$-9,$0,$0,$0,$0,$0,$0,$-8,$-2,$0,$-2,$0,$0,$-4,$0,$-5,$-34,$1,$-4
43,2007-12-31,11.82,$9.58,1.23,$36.22,0.33,$5.56,2.12,$1.56,7.6,$0.94B,$0.34B,2.81,$0.28B,$0.71B,0.4,$2.70B,$0.37B,13.78%,$2.70B,$0.19B,7.11%,$2.70B,$0.19B,7.11%,$2.70B,$0.24B,8.74%,$2.70B,$0.18B,6.82%,$2.70B,$0.12B,4.26%,$0.12B,$0.71B,17.46%,$0.12B,$0.56B,22.85%,$0.12B,$1.45B,8.16%,$0.19B,$0.99B,20.00%,$622,$523,$98,$0,$33,$570,$52,$-2,$50,$21,$29,$29,$29,$63,$52,$74,74,$0.40,$0.39,$309,$269,$20,$940,$308,$0,$153,$47,$509,$1449,$335,$282,$11,$404,$739,$0,$485,$32,$710,$1449,$115,$44,$6,$51,$-8,$20,$0,$8,$21,$187,$-26,$0,$-32,$0,$0,$0,$-4,$-62,$-19,$0,$-19,$17,$17,$-16,$1,$-17,$108,$3,$-16
44,2007-09-30,14.65,$9.11,1.61,$35.18,0.42,$4.03,3.63,$1.24,11.86,$0.89B,$0.30B,3.0,$0.31B,$0.68B,0.46,$2.62B,$0.33B,12.67%,$2.62B,$0.16B,5.95%,$2.62B,$0.16B,5.95%,$2.62B,$0.20B,7.59%,$2.62B,$0.15B,5.57%,$2.62B,$0.09B,3.47%,$0.09B,$0.68B,14.48%,$0.09B,$0.52B,19.27%,$0.09B,$1.40B,6.67%,$0.16B,$0.98B,16.66%,$694,$603,$90,$0,$36,$642,$52,$-1,$50,$19,$31,$31,$31,$63,$52,$74,75,$0.42,$0.42,$273,$231,$36,$892,$320,$0,$157,$33,$510,$1402,$298,$308,$11,$429,$726,$0,$459,$23,$676,$1402,$87,$34,$-5,$29,$-36,$58,$0,$10,$32,$147,$-20,$0,$-32,$0,$0,$0,$0,$-52,$-14,$0,$-14,$1,$1,$-11,$0,$-24,$73,$2,$-11
45,2007-06-30,13.88,$8.68,1.6,$34.39,0.4,$2.52,5.5,$1.51,9.22,$0.93B,$0.38B,2.48,$0.31B,$0.64B,0.48,$2.56B,$0.35B,13.62%,$2.56B,$0.17B,6.48%,$2.56B,$0.17B,6.48%,$2.56B,$0.21B,8.12%,$2.56B,$0.15B,6.01%,$2.56B,$0.11B,4.37%,$0.11B,$0.64B,18.56%,$0.11B,$0.49B,24.97%,$0.11B,$1.45B,8.35%,$0.17B,$0.95B,18.21%,$773,$662,$111,$0,$39,$712,$61,$-4,$57,$20,$36,$36,$36,$72,$61,$74,75,$0.49,$0.49,$248,$252,$41,$933,$326,$0,$156,$38,$520,$1453,$376,$308,$11,$433,$809,$0,$432,$20,$644,$1453,$55,$22,$-8,$14,$-79,$35,$0,$70,$27,$97,$-13,$0,$0,$0,$0,$0,$-32,$-45,$1,$0,$1,$1,$1,$-7,$0,$-5,$47,$1,$-7
46,2007-03-31,12.06,$8.16,1.48,$34.47,0.35,$1.22,9.86,$1.80,6.7,$0.82B,$0.30B,2.76,$0.31B,$0.60B,0.51,$2.57B,$0.38B,14.82%,$2.57B,$0.20B,7.70%,$2.57B,$0.20B,7.70%,$2.57B,$0.24B,9.30%,$2.57B,$0.18B,7.16%,$2.57B,$0.14B,5.25%,$0.14B,$0.60B,23.52%,$0.14B,$0.45B,32.14%,$0.14B,$1.33B,10.33%,$0.20B,$0.91B,22.44%,$610,$537,$73,$0,$35,$582,$27,$-1,$27,$8,$19,$19,$19,$38,$27,$74,74,$0.26,$0.26,$194,$219,$33,$817,$329,$0,$155,$32,$516,$1334,$296,$308,$11,$433,$729,$0,$399,$14,$604,$1334,$19,$11,$-3,$8,$-60,$67,$0,$14,$21,$47,$-6,$0,$-32,$0,$0,$0,$0,$-38,$-12,$0,$-12,$0,$0,$-4,$0,$-15,$-6,$1,$-4
47,2006-12-31,12.61,$7.95,1.59,$33.70,0.37,$-0.16,0.0,$2.00,6.32,$0.78B,$0.26B,3.04,$0.31B,$0.59B,0.52,$2.51B,$0.40B,16.01%,$2.51B,$0.22B,8.76%,$2.51B,$0.22B,8.76%,$2.51B,$0.26B,10.35%,$2.51B,$0.20B,8.08%,$2.51B,$0.15B,5.93%,$0.15B,$0.59B,27.72%,$0.15B,$0.43B,38.78%,$0.15B,$1.27B,11.83%,$0.22B,$0.90B,26.00%,$544,$486,$58,$0,$32,$529,$16,$-4,$12,$7,$5,$5,$5,$26,$16,$74,74,$0.08,$0.08,$200,$259,$14,$776,$315,$0,$156,$22,$493,$1269,$256,$308,$11,$425,$680,$0,$386,$13,$589,$1269,$149,$42,$-14,$28,$-15,$-57,$0,$-40,$-112,$65,$-18,$0,$4,$0,$0,$0,$0,$-14,$-2,$0,$-2,$7,$7,$-15,$30,$20,$71,$3,$-15
