,Date,Stock Price,Book Value per Share,Price to Book Ratio,TTM Sales per Share,Price to Sales Ratio,TTM FCF per Share,Price to FCF Ratio,TTM Net EPS,PE Ratio,Current Assets,Current Liabilities,Current Ratio,Long Term Debt,Shareholder's Equity_x,Debt to Equity Ratio,TTM Revenue_x,TTM Gross Profit,Gross Margin,TTM Revenue_y,TTM Operating Income,Operating Margin,TTM Revenue_x,TTM EBIT,EBIT Margin,TTM Revenue_y,TTM EBITDA,EBITDA Margin,TTM Revenue_x,TTM Pre-Tax Income,Pre-Tax Margin,TTM Revenue_y,TTM Net Income_x,Net Margin,TTM Net Income_y,Shareholder's Equity_y,Return on Equity,TTM Net Income_x,Tangible Equity,Return on Tangible Equity,TTM Net Income_y,Total Assets,Return on Assets,TTM Net Income,LT Investments & Debt,Return on Investment,revenue,cost-goods-sold,gross-profit,research-development-expenses,selling-general-administrative-expenses,operating-expenses,operating-income,total-non-operating-income-expense,pre-tax-income,total-provision-income-taxes,income-after-taxes,income-from-continuous-operations,net-income,ebitda,ebit,basic-shares-outstanding,shares-outstanding,eps-basic-net-earnings-per-share,eps-earnings-per-share-diluted,cash-on-hand,inventory,other-current-assets,total-current-assets,net-property-plant-equipment,long-term-investments,goodwill-intangible-assets-total,other-long-term-assets,total-long-term-assets,total-assets,total-current-liabilities,long-term-debt,other-non-current-liabilities,total-long-term-liabilities,total-liabilities,common-stock-net,retained-earnings-accumulated-deficit,comprehensive-income,total-share-holder-equity,total-liabilities-share-holders-equity,net-income-loss,total-depreciation-amortization-cash-flow,other-non-cash-items,total-non-cash-items,change-in-accounts-receivable,change-in-inventories,change-in-accounts-payable,change-in-assets-liabilities,total-change-in-assets-liabilities,cash-flow-from-operating-activities,net-change-in-property-plant-equipment,net-change-in-intangible-assets,net-acquisitions-divestitures,net-change-in-short-term-investments,net-change-in-long-term-investments,net-change-in-investments-total,investing-activities-other,cash-flow-from-investing-activities,net-long-term-debt,net-current-debt,debt-issuance-retirement-net-total,net-common-equity-issued-repurchased,net-total-equity-issued-repurchased,total-common-preferred-stock-dividends-paid,financial-activities-other,cash-flow-from-financial-activities,net-cash-flow,stock-based-compensation,common-stock-dividends-paid
0,2018-06-30,223.33,$77.06,2.9,$64.26,3.48,$6.58,33.96,$11.42,19.56,$1.46B,$0.71B,2.06,$2.90B,$4.86B,0.6,$4.06B,$0.98B,24.05%,$4.06B,$0.71B,17.55%,$4.06B,$0.71B,17.55%,$4.06B,$1.03B,25.31%,$4.06B,$0.62B,15.21%,$4.06B,$0.72B,17.82%,$0.72B,$4.86B,15.61%,$0.72B,$1.94B,37.88%,$0.72B,$9.60B,8.25%,$0.71B,$7.75B,9.99%,$1220,$907,$313,$0,$68,$979,$241,$-31,$209,$29,$180,$180,$180,$351,$241,$63,63,$2.86,$2.85,$34,$651,$97,$1457,$5113,$0,$2916,$110,$8140,$9597,$709,$2899,$239,$4032,$4741,$1,$1580,$-126,$4855,$9597,$196,$164,$-6,$157,$-158,$-7,$44,$6,$-115,$238,$-188,$0,$-1587,$0,$0,$0,$0,$-1775,$188,$0,$188,$-3,$-3,$-56,$-5,$125,$-1413,$17,$-56
1,2018-03-31,206.89,$74.34,2.78,$62.10,3.33,$6.00,34.48,$10.75,19.25,$2.60B,$0.65B,4.0,$2.73B,$4.68B,0.58,$3.92B,$0.94B,23.83%,$3.92B,$0.66B,16.87%,$3.92B,$0.66B,16.87%,$3.92B,$0.97B,24.62%,$3.92B,$0.57B,14.63%,$3.92B,$0.68B,17.35%,$0.68B,$4.68B,15.22%,$0.68B,$2.02B,37.61%,$0.68B,$8.95B,8.25%,$0.66B,$7.41B,9.94%,$1202,$886,$316,$0,$71,$938,$264,$-26,$238,$53,$186,$186,$185,$116,$264,$63,63,$2.94,$2.92,$1422,$607,$106,$2602,$3582,$0,$2659,$105,$6346,$8948,$651,$2728,$227,$3617,$4268,$1,$1422,$-127,$4680,$8948,$10,$77,$9,$85,$21,$-9,$8,$-10,$10,$105,$-96,$0,$3,$0,$0,$0,$0,$-94,$-1,$0,$-1,$-4,$-4,$-28,$-3,$-35,$-24,$10,$-28
2,2017-12-31,220.13,$74.48,2.96,$62.74,3.51,$5.42,40.65,$11.26,19.55,$2.63B,$0.69B,3.79,$2.73B,$4.68B,0.58,$3.97B,$0.97B,24.51%,$3.97B,$0.70B,17.65%,$3.97B,$0.70B,17.65%,$3.97B,$1.00B,25.16%,$3.97B,$0.62B,15.61%,$3.97B,$0.71B,17.98%,$0.71B,$4.68B,16.49%,$0.71B,$2.02B,43.01%,$0.71B,$8.99B,9.06%,$0.70B,$7.41B,11.26%,$802,$692,$110,$0,$70,$763,$39,$-27,$12,$2,$10,$10,$10,$259,$39,$63,63,$0.16,$0.16,$1446,$601,$97,$2631,$3593,$0,$2667,$102,$6361,$8993,$694,$2727,$234,$3616,$4310,$1,$1440,$-129,$4682,$8993,$713,$297,$-241,$56,$-29,$-79,$-18,$15,$-112,$658,$-410,$0,$24,$0,$0,$0,$0,$-386,$1340,$0,$1340,$-102,$-102,$-109,$-5,$1125,$1396,$30,$-109
3,2017-09-30,204.95,$68.95,2.97,$62.25,3.29,$6.23,32.9,$6.86,29.88,$1.28B,$0.47B,2.73,$1.64B,$4.33B,0.38,$3.95B,$0.94B,23.80%,$3.95B,$0.68B,17.11%,$3.95B,$0.68B,17.11%,$3.95B,$0.97B,24.59%,$3.95B,$0.59B,14.98%,$3.95B,$0.44B,11.03%,$0.44B,$4.33B,10.39%,$0.44B,$1.67B,28.59%,$0.44B,$7.57B,5.84%,$0.68B,$5.98B,11.69%,$970,$711,$259,$0,$67,$787,$183,$-20,$164,$-214,$377,$377,$377,$302,$183,$63,63,$5.97,$5.94,$35,$576,$84,$1278,$3522,$0,$2665,$103,$6289,$7567,$469,$1643,$229,$2764,$3233,$1,$1091,$-123,$4334,$7567,$336,$221,$3,$224,$-125,$-55,$3,$34,$-142,$418,$-309,$0,$26,$0,$0,$0,$-2,$-285,$34,$1,$35,$-100,$-100,$-81,$-2,$-148,$-15,$24,$-81
4,2017-06-30,220.74,$66.84,3.3,$62.35,3.54,$6.63,33.29,$6.96,31.72,$1.24B,$0.53B,2.33,$1.64B,$4.20B,0.39,$3.96B,$0.94B,23.73%,$3.96B,$0.69B,17.45%,$3.96B,$0.69B,17.45%,$3.96B,$0.98B,24.82%,$3.96B,$0.62B,15.58%,$3.96B,$0.44B,11.16%,$0.44B,$4.20B,10.66%,$0.44B,$1.54B,29.96%,$0.44B,$7.52B,5.98%,$0.69B,$5.84B,12.11%,$1088,$796,$292,$0,$57,$861,$227,$-23,$204,$53,$152,$152,$152,$289,$227,$63,63,$2.40,$2.39,$37,$550,$87,$1244,$3505,$0,$2663,$103,$6272,$7516,$534,$1642,$222,$2781,$3315,$1,$967,$-126,$4201,$7516,$185,$146,$-2,$144,$-113,$-28,$12,$30,$-99,$229,$-216,$0,$30,$0,$0,$0,$0,$-186,$94,$4,$98,$-101,$-101,$-53,$-1,$-57,$-13,$18,$-53
5,2017-03-31,216.04,$64.93,3.33,$60.83,3.55,$6.41,33.71,$6.61,32.68,$1.12B,$0.63B,1.78,$1.56B,$4.08B,0.38,$3.87B,$0.91B,23.57%,$3.87B,$0.67B,17.27%,$3.87B,$0.67B,17.27%,$3.87B,$0.96B,24.68%,$3.87B,$0.60B,15.46%,$3.87B,$0.42B,10.89%,$0.42B,$4.08B,10.30%,$0.42B,$1.41B,29.42%,$0.42B,$7.39B,5.76%,$0.67B,$5.63B,11.88%,$1064,$789,$274,$0,$68,$851,$213,$-19,$194,$52,$142,$142,$142,$148,$213,$63,63,$2.26,$2.25,$55,$537,$52,$1123,$3468,$0,$2667,$136,$6271,$7394,$632,$1556,$210,$2686,$3318,$1,$851,$-128,$4076,$7394,$42,$70,$13,$83,$-21,$-15,$9,$-24,$-52,$74,$-102,$0,$1,$0,$0,$0,$0,$-101,$159,$0,$159,$-100,$-100,$-27,$0,$33,$5,$10,$-27
6,2016-12-31,218.87,$65.57,3.34,$59.76,3.66,$6.45,33.92,$6.63,33.01,$1.09B,$0.55B,1.99,$1.51B,$4.14B,0.36,$3.82B,$0.91B,23.85%,$3.82B,$0.68B,17.75%,$3.82B,$0.68B,17.75%,$3.82B,$0.96B,25.19%,$3.82B,$0.61B,15.89%,$3.82B,$0.43B,11.13%,$0.43B,$4.14B,10.45%,$0.43B,$1.47B,30.25%,$0.43B,$7.30B,5.87%,$0.68B,$5.65B,12.09%,$844,$697,$147,$0,$70,$767,$77,$-20,$57,$15,$42,$42,$42,$231,$77,$63,63,$0.67,$0.67,$50,$522,$57,$1086,$3423,$0,$2671,$120,$6215,$7301,$547,$1506,$194,$2612,$3158,$1,$936,$-131,$4143,$7301,$425,$285,$70,$355,$-25,$-47,$-8,$-11,$-92,$689,$-387,$0,$-168,$0,$0,$0,$0,$-555,$107,$-10,$97,$-242,$-242,$-105,$-3,$-252,$-118,$20,$-105
7,2016-09-30,176.62,$65.52,2.7,$57.50,3.07,$5.64,31.32,$6.34,27.86,$1.19B,$0.61B,1.97,$1.54B,$4.16B,0.37,$3.72B,$0.88B,23.55%,$3.72B,$0.67B,18.09%,$3.72B,$0.67B,18.09%,$3.72B,$0.95B,25.49%,$3.72B,$0.59B,15.96%,$3.72B,$0.41B,11.01%,$0.41B,$4.16B,10.11%,$0.41B,$1.48B,29.07%,$0.41B,$7.37B,5.72%,$0.67B,$5.70B,12.01%,$949,$723,$226,$0,$69,$791,$158,$-21,$136,$38,$99,$99,$99,$315,$158,$64,64,$1.55,$1.55,$61,$508,$56,$1192,$3380,$0,$2676,$126,$6182,$7373,$605,$1537,$197,$2610,$3215,$1,$933,$-105,$4158,$7373,$327,$212,$59,$271,$-134,$-34,$12,$-21,$-176,$422,$-285,$0,$-169,$0,$0,$0,$0,$-455,$189,$-10,$179,$-175,$-175,$-78,$-0,$-75,$-108,$17,$-78
8,2016-06-30,188.91,$63.31,2.98,$56.30,3.36,$5.10,37.06,$5.59,33.79,$1.12B,$0.60B,1.87,$1.54B,$4.02B,0.38,$3.69B,$0.85B,22.88%,$3.69B,$0.61B,16.46%,$3.69B,$0.61B,16.46%,$3.69B,$0.88B,23.72%,$3.69B,$0.53B,14.30%,$3.69B,$0.37B,9.96%,$0.37B,$4.02B,9.04%,$0.37B,$1.37B,25.29%,$0.37B,$7.23B,5.15%,$0.61B,$5.56B,10.81%,$1104,$811,$293,$0,$55,$861,$243,$-12,$230,$71,$159,$159,$159,$262,$243,$63,64,$2.50,$2.49,$29,$505,$54,$1122,$3322,$0,$2643,$146,$6111,$7233,$602,$1541,$198,$2615,$3217,$1,$800,$-106,$4017,$7233,$167,$140,$41,$181,$-118,$-33,$33,$-20,$-138,$210,$-211,$0,$-115,$0,$0,$0,$0,$-326,$208,$-3,$205,$-177,$-177,$-51,$0,$-24,$-140,$13,$-51
9,2016-03-31,156.62,$62.13,2.52,$54.61,2.87,$5.09,30.74,$4.91,31.9,$1.00B,$0.49B,2.03,$1.58B,$3.95B,0.4,$3.64B,$0.80B,21.94%,$3.64B,$0.55B,15.23%,$3.64B,$0.55B,15.23%,$3.64B,$0.82B,22.52%,$3.64B,$0.47B,13.01%,$3.64B,$0.33B,9.02%,$0.33B,$3.95B,7.92%,$0.33B,$1.29B,21.24%,$0.33B,$7.06B,4.59%,$0.55B,$5.52B,9.68%,$977,$730,$247,$0,$60,$786,$191,$-15,$176,$53,$122,$122,$122,$154,$191,$64,64,$1.91,$1.90,$27,$485,$38,$998,$3263,$0,$2655,$142,$6060,$7058,$492,$1575,$198,$2621,$3113,$1,$744,$-104,$3946,$7058,$45,$68,$23,$91,$-30,$-13,$9,$-34,$-68,$68,$-94,$0,$-116,$0,$0,$0,$0,$-210,$183,$-10,$173,$-146,$-146,$-26,$0,$1,$-141,$7,$-26
10,2015-12-31,133.73,$62.97,2.12,$52.57,2.54,$5.19,25.78,$4.29,31.17,$1.08B,$0.37B,2.95,$1.55B,$4.06B,0.38,$3.54B,$0.73B,20.54%,$3.54B,$0.49B,13.96%,$3.54B,$0.49B,13.96%,$3.54B,$0.76B,21.42%,$3.54B,$0.41B,11.67%,$3.54B,$0.29B,8.17%,$0.29B,$4.06B,6.81%,$0.29B,$1.48B,17.61%,$0.29B,$6.96B,4.03%,$0.49B,$5.61B,8.49%,$789,$643,$145,$0,$58,$703,$86,$-21,$65,$20,$45,$45,$45,$216,$86,$64,64,$0.70,$0.69,$168,$469,$33,$1082,$3156,$0,$2579,$141,$5876,$6958,$367,$1550,$173,$2531,$2897,$1,$874,$-106,$4060,$6958,$289,$264,$107,$371,$12,$-22,$-40,$-30,$-79,$581,$-318,$0,$405,$2,$0,$2,$0,$89,$-21,$10,$-11,$-490,$-490,$-107,$-0,$-609,$60,$14,$-107
11,2015-09-30,148.41,$64.30,2.31,$54.97,2.7,$3.89,38.14,$3.98,37.29,$1.52B,$0.58B,2.64,$1.55B,$4.25B,0.37,$3.55B,$0.70B,19.77%,$3.55B,$0.46B,12.99%,$3.55B,$0.46B,12.99%,$3.55B,$0.73B,20.54%,$3.55B,$0.39B,10.99%,$3.55B,$0.27B,7.61%,$0.27B,$4.25B,6.26%,$0.27B,$1.68B,15.94%,$0.27B,$7.31B,3.73%,$0.46B,$5.81B,7.82%,$845,$655,$190,$0,$50,$692,$152,$-30,$122,$39,$83,$83,$83,$244,$152,$67,67,$1.26,$1.26,$436,$465,$37,$1516,$3074,$0,$2577,$142,$5793,$7308,$575,$1554,$158,$2481,$3056,$1,$1080,$-113,$4253,$7308,$206,$200,$75,$275,$-155,$-18,$22,$-11,$-161,$320,$-212,$0,$411,$2,$0,$2,$-0,$201,$113,$-0,$113,$-224,$-224,$-81,$0,$-192,$328,$11,$-81
12,2015-06-30,137.88,$92.91,1.48,$53.71,2.57,$3.23,42.7,$3.03,45.5,$1.53B,$0.36B,4.21,$1.64B,$4.31B,0.38,$3.47B,$0.64B,18.29%,$3.47B,$0.40B,11.46%,$3.47B,$0.40B,11.46%,$3.47B,$0.67B,19.27%,$3.47B,$0.32B,9.30%,$3.47B,$0.21B,5.93%,$0.21B,$4.31B,4.74%,$0.21B,$1.73B,12.06%,$0.21B,$7.26B,2.84%,$0.40B,$5.95B,6.70%,$1082,$820,$263,$0,$55,$903,$179,$-14,$165,$47,$118,$118,$118,$205,$179,$67,67,$1.75,$1.74,$44,$480,$509,$1530,$3050,$0,$2581,$100,$5730,$7260,$363,$1638,$154,$2587,$2950,$1,$1147,$-113,$4310,$7260,$88,$135,$40,$175,$-76,$-28,$-3,$-29,$-136,$127,$-128,$0,$-9,$2,$0,$2,$0,$-135,$70,$-0,$70,$-72,$-72,$-54,$0,$-57,$-64,$8,$-54
13,2015-03-31,135.85,$64.35,2.11,$54.47,2.49,$2.93,46.3,$3.08,44.11,$1.05B,$0.34B,3.05,$1.56B,$4.34B,0.36,$3.22B,$0.57B,17.73%,$3.22B,$0.36B,11.09%,$3.22B,$0.36B,11.09%,$3.22B,$0.60B,18.76%,$3.22B,$0.29B,8.88%,$3.22B,$0.18B,5.71%,$0.18B,$4.34B,5.03%,$0.18B,$1.68B,12.26%,$0.18B,$7.18B,2.93%,$0.36B,$5.90B,6.98%,$921,$721,$200,$0,$57,$784,$137,$-16,$121,$39,$82,$82,$82,$93,$137,$67,68,$1.23,$1.22,$56,$505,$103,$1046,$3365,$0,$2663,$103,$6131,$7177,$343,$1562,$159,$2492,$2835,$1,$1191,$-107,$4342,$7177,$6,$67,$30,$97,$40,$-19,$-20,$-69,$-68,$35,$-56,$0,$-9,$2,$0,$2,$0,$-63,$-6,$-0,$-6,$10,$10,$-28,$0,$-24,$-52,$3,$-28
14,2014-12-31,106.9,$64.68,1.65,$53.51,2.0,$2.59,41.28,$2.54,42.09,$1.04B,$0.40B,2.63,$1.57B,$4.35B,0.36,$2.96B,$0.52B,17.68%,$2.96B,$0.32B,10.65%,$2.96B,$0.32B,10.65%,$2.96B,$0.54B,18.19%,$2.96B,$0.25B,8.42%,$2.96B,$0.16B,5.27%,$0.16B,$4.35B,5.27%,$0.16B,$1.69B,11.99%,$0.16B,$7.22B,2.95%,$0.32B,$5.92B,7.35%,$691,$617,$74,$0,$49,$666,$26,$-20,$5,$-1,$6,$6,$6,$187,$26,$67,68,$0.07,$0.07,$109,$485,$30,$1044,$3403,$0,$2664,$109,$6176,$7220,$397,$1571,$160,$2470,$2867,$1,$1213,$-106,$4353,$7220,$154,$223,$9,$232,$-17,$-12,$5,$19,$-5,$382,$-232,$0,$182,$1,$0,$1,$0,$-49,$-192,$-2,$-194,$40,$40,$-91,$-21,$-266,$66,$9,$-91
15,2014-09-30,124.55,$65.06,1.91,$50.28,2.48,$3.29,37.83,$2.36,52.77,$1.21B,$0.44B,2.78,$1.60B,$4.38B,0.37,$2.65B,$0.46B,17.34%,$2.65B,$0.26B,9.78%,$2.65B,$0.26B,9.78%,$2.65B,$0.46B,17.26%,$2.65B,$0.20B,7.56%,$2.65B,$0.13B,4.84%,$0.13B,$4.38B,5.65%,$0.13B,$1.73B,11.57%,$0.13B,$7.34B,2.98%,$0.26B,$5.98B,7.50%,$856,$691,$165,$0,$50,$738,$119,$-19,$99,$35,$64,$64,$64,$184,$119,$57,57,$1.12,$1.12,$74,$475,$50,$1213,$3378,$0,$2643,$106,$6126,$7339,$437,$1604,$144,$2526,$2963,$1,$1176,$-43,$4376,$7339,$90,$154,$3,$157,$-120,$1,$27,$47,$-46,$202,$-139,$0,$173,$1,$0,$1,$0,$35,$-157,$-3,$-160,$38,$38,$-64,$-20,$-206,$31,$6,$-64
16,2014-06-30,127.16,$33.78,3.76,$49.77,2.56,$3.72,34.15,$3.11,40.89,$0.88B,$0.25B,3.58,$1.07B,$1.57B,0.68,$2.31B,$0.41B,17.59%,$2.31B,$0.25B,10.92%,$2.31B,$0.25B,10.92%,$2.31B,$0.43B,18.46%,$2.31B,$0.20B,8.54%,$2.31B,$0.15B,6.33%,$0.15B,$1.57B,9.44%,$0.15B,$0.90B,16.56%,$0.15B,$3.36B,4.42%,$0.25B,$2.64B,9.66%,$1004,$808,$196,$0,$48,$888,$116,$-18,$98,$44,$54,$54,$54,$140,$116,$67,67,$0.80,$0.79,$34,$348,$78,$877,$1775,$0,$664,$40,$2479,$3356,$245,$1072,$114,$1544,$1789,$0,$1149,$-42,$1567,$3356,$36,$86,$-3,$84,$-99,$-4,$36,$18,$-50,$70,$-85,$0,$2,$1,$0,$1,$0,$-82,$53,$-3,$50,$10,$10,$-37,$-19,$4,$-8,$4,$-37
17,2014-03-31,123.2,$33.31,3.7,$47.52,2.59,$4.00,30.8,$2.73,45.13,$0.76B,$0.19B,3.91,$1.06B,$1.54B,0.68,$2.20B,$0.38B,17.14%,$2.20B,$0.23B,10.27%,$2.20B,$0.23B,10.27%,$2.20B,$0.40B,18.14%,$2.20B,$0.17B,7.73%,$2.20B,$0.13B,5.77%,$0.13B,$1.54B,8.38%,$0.13B,$0.88B,14.95%,$0.13B,$3.26B,3.88%,$0.23B,$2.60B,8.75%,$669,$534,$136,$0,$37,$573,$96,$-13,$84,$24,$60,$60,$60,$27,$96,$46,47,$1.28,$1.27,$36,$355,$52,$758,$1794,$0,$664,$39,$2497,$3255,$194,$1056,$109,$1517,$1711,$0,$1109,$-43,$1544,$3255,$-23,$42,$-4,$38,$3,$-7,$-5,$1,$-9,$7,$-37,$0,$1,$0,$0,$0,$0,$-36,$36,$-3,$34,$6,$6,$-19,$1,$22,$-7,$1,$-19
18,2013-12-31,95.62,$34.04,2.81,$46.60,2.05,$4.58,20.87,$2.59,36.92,$0.76B,$0.21B,3.59,$1.02B,$1.58B,0.65,$2.16B,$0.36B,16.89%,$2.16B,$0.22B,10.16%,$2.16B,$0.22B,10.16%,$2.16B,$0.39B,18.19%,$2.16B,$0.17B,7.66%,$2.16B,$0.12B,5.61%,$0.12B,$1.58B,8.17%,$0.12B,$0.91B,14.83%,$0.12B,$3.26B,3.73%,$0.22B,$2.59B,8.58%,$429,$403,$26,$0,$34,$445,$-16,$-16,$-32,$-8,$-23,$-23,$-22,$106,$-16,$46,46,$-0.47,$-0.47,$42,$347,$45,$755,$1799,$0,$665,$40,$2504,$3260,$211,$1019,$97,$1474,$1685,$0,$1149,$-44,$1575,$3260,$119,$174,$26,$200,$-23,$-12,$20,$4,$-10,$309,$-155,$0,$-56,$0,$0,$0,$-3,$-215,$-17,$3,$-14,$12,$12,$-74,$-1,$-77,$17,$7,$-74
19,2013-09-30,93.54,$32.41,2.89,$45.71,2.05,$2.82,33.17,$2.28,41.03,$0.85B,$0.23B,3.74,$1.11B,$1.50B,0.74,$2.11B,$0.34B,16.11%,$2.11B,$0.20B,9.34%,$2.11B,$0.20B,9.34%,$2.11B,$0.37B,17.58%,$2.11B,$0.14B,6.73%,$2.11B,$0.11B,5.07%,$0.11B,$1.50B,7.38%,$0.11B,$0.83B,13.64%,$0.11B,$3.34B,3.32%,$0.20B,$2.61B,7.80%,$545,$444,$101,$0,$37,$482,$63,$-13,$50,$14,$35,$35,$36,$153,$63,$46,46,$0.79,$0.79,$57,$350,$30,$846,$1783,$0,$666,$43,$2491,$3337,$226,$1107,$89,$1612,$1838,$0,$1131,$-103,$1499,$3337,$84,$130,$21,$151,$-108,$-15,$28,$26,$-70,$166,$-102,$0,$-61,$-3,$0,$-3,$0,$-167,$65,$10,$76,$12,$12,$-56,$1,$33,$32,$5,$-56
20,2013-06-30,93.39,$31.16,3.0,$44.23,2.11,$1.80,51.76,$2.10,44.47,$0.81B,$0.19B,4.19,$1.09B,$1.44B,0.76,$2.04B,$0.32B,15.76%,$2.04B,$0.18B,8.84%,$2.04B,$0.18B,8.84%,$2.04B,$0.35B,17.38%,$2.04B,$0.13B,6.14%,$2.04B,$0.10B,4.81%,$0.10B,$1.44B,6.79%,$0.10B,$0.78B,12.62%,$0.10B,$3.23B,3.06%,$0.18B,$2.53B,7.15%,$665,$522,$143,$0,$37,$556,$109,$-14,$95,$23,$72,$72,$72,$113,$109,$46,46,$1.55,$1.54,$44,$349,$47,$806,$1717,$0,$665,$42,$2425,$3231,$193,$1087,$90,$1598,$1790,$0,$1078,$-106,$1441,$3231,$12,$86,$10,$96,$-65,$-16,$16,$5,$-60,$48,$-50,$0,$-1,$0,$0,$0,$0,$-51,$45,$0,$45,$11,$11,$-37,$2,$21,$18,$4,$-37
21,2013-03-31,96.45,$30.61,3.15,$43.98,2.19,$1.00,96.76,$2.01,47.99,$0.72B,$0.17B,4.24,$1.07B,$1.41B,0.76,$2.02B,$0.32B,15.63%,$2.02B,$0.17B,8.36%,$2.02B,$0.17B,8.36%,$2.02B,$0.35B,17.06%,$2.02B,$0.11B,5.64%,$2.02B,$0.09B,4.65%,$0.09B,$1.41B,6.54%,$0.09B,$0.74B,12.22%,$0.09B,$3.16B,2.94%,$0.17B,$2.48B,6.70%,$561,$454,$107,$0,$38,$492,$70,$-13,$57,$15,$41,$41,$41,$20,$70,$46,46,$0.89,$0.89,$37,$348,$49,$716,$1732,$0,$666,$41,$2439,$3155,$169,$1073,$89,$1576,$1745,$0,$1055,$-105,$1410,$3155,$-29,$43,$4,$47,$20,$-15,$-6,$2,$1,$19,$-22,$0,$-1,$0,$0,$0,$0,$-23,$31,$0,$31,$3,$3,$-19,$1,$16,$12,$1,$-19
22,2012-12-31,88.77,$31.53,2.82,$44.26,2.01,$0.15,577.16,$1.81,49.04,$0.70B,$0.17B,4.04,$1.04B,$1.45B,0.72,$2.03B,$0.33B,16.09%,$2.03B,$0.16B,7.73%,$2.03B,$0.16B,7.73%,$2.03B,$0.33B,16.44%,$2.03B,$0.10B,5.12%,$2.03B,$0.09B,4.18%,$0.09B,$1.45B,5.93%,$0.09B,$0.78B,11.11%,$0.09B,$3.16B,2.65%,$0.16B,$2.49B,6.20%,$384,$371,$13,$0,$38,$407,$-23,$-14,$-37,$-8,$-29,$-29,$-28,$85,$-23,$46,46,$-0.61,$-0.61,$25,$332,$41,$700,$1753,$0,$667,$41,$2461,$3161,$173,$1042,$86,$1537,$1711,$0,$1102,$-106,$1450,$3161,$86,$177,$22,$199,$-20,$-10,$-9,$-23,$-62,$223,$-151,$0,$10,$0,$0,$0,$-2,$-143,$-13,$0,$-13,$7,$7,$-74,$-1,$-80,$-1,$8,$-74
23,2012-09-30,77.67,$32.02,2.43,$42.57,1.82,$0.86,90.31,$1.67,46.51,$0.79B,$0.22B,3.62,$1.09B,$1.47B,0.74,$1.95B,$0.32B,16.39%,$1.95B,$0.14B,7.01%,$1.95B,$0.14B,7.01%,$1.95B,$0.31B,16.03%,$1.95B,$0.09B,4.35%,$1.95B,$0.08B,3.99%,$0.08B,$1.47B,5.44%,$0.08B,$0.80B,10.21%,$0.08B,$3.24B,2.44%,$0.14B,$2.56B,5.40%,$500,$423,$77,$0,$38,$459,$41,$-13,$27,$5,$22,$22,$22,$136,$41,$46,46,$0.48,$0.48,$35,$335,$38,$785,$1751,$0,$667,$40,$2458,$3243,$217,$1092,$84,$1556,$1773,$0,$1099,$-77,$1470,$3243,$64,$133,$19,$152,$-93,$-12,$7,$5,$-94,$122,$-106,$0,$8,$0,$0,$0,$0,$-98,$38,$0,$38,$4,$4,$-55,$-1,$-14,$9,$6,$-55
24,2012-06-30,73.48,$30.91,2.38,$40.66,1.81,$2.40,30.67,$1.38,53.25,$0.76B,$0.20B,3.82,$1.14B,$1.42B,0.8,$1.86B,$0.31B,16.53%,$1.86B,$0.13B,6.71%,$1.86B,$0.13B,6.71%,$1.86B,$0.30B,16.10%,$1.86B,$0.07B,3.81%,$1.86B,$0.06B,3.44%,$0.06B,$1.42B,4.45%,$0.06B,$0.75B,8.31%,$0.06B,$3.23B,2.01%,$0.13B,$2.55B,4.95%,$592,$468,$124,$0,$32,$501,$92,$-14,$78,$14,$64,$64,$63,$104,$92,$46,46,$1.36,$1.36,$41,$332,$37,$760,$1754,$0,$671,$41,$2466,$3227,$199,$1137,$90,$1611,$1810,$0,$1054,$-81,$1417,$3227,$0,$89,$12,$101,$-72,$-9,$21,$-13,$-73,$28,$-66,$0,$4,$0,$0,$0,$0,$-62,$84,$3,$87,$1,$1,$-37,$-1,$50,$15,$5,$-37
25,2012-03-31,79.36,$30.57,2.6,$38.87,2.04,$3.19,24.87,$1.36,58.35,$0.70B,$0.19B,3.79,$1.13B,$1.40B,0.81,$1.78B,$0.30B,17.09%,$1.78B,$0.13B,7.36%,$1.78B,$0.13B,7.36%,$1.78B,$0.30B,17.09%,$1.78B,$0.08B,4.27%,$1.78B,$0.06B,3.54%,$0.06B,$1.40B,4.36%,$0.06B,$0.73B,8.06%,$0.06B,$3.18B,1.99%,$0.13B,$2.53B,5.25%,$546,$444,$102,$9,$35,$486,$59,$-13,$46,$9,$37,$37,$37,$9,$59,$46,46,$0.80,$0.80,$45,$333,$32,$702,$1769,$0,$670,$41,$2480,$3182,$185,$1127,$90,$1598,$1784,$0,$1036,$-82,$1398,$3182,$-38,$44,$2,$46,$-8,$-11,$8,$-2,$-13,$-4,$-38,$0,$2,$0,$0,$0,$0,$-35,$75,$2,$76,$1,$1,$-18,$-0,$59,$19,$2,$-18
26,2011-12-31,69.57,$31.69,2.2,$37.45,1.86,$3.90,17.83,$1.78,39.08,$0.66B,$0.17B,3.79,$1.05B,$1.45B,0.73,$1.71B,$0.30B,17.69%,$1.71B,$0.16B,9.46%,$1.71B,$0.16B,9.46%,$1.71B,$0.33B,19.50%,$1.71B,$0.10B,5.90%,$1.71B,$0.08B,4.85%,$0.08B,$1.45B,5.70%,$0.08B,$0.78B,10.41%,$0.08B,$3.15B,2.62%,$0.16B,$2.50B,6.45%,$394,$370,$24,$26,$33,$429,$-35,$-12,$-47,$-10,$-37,$-37,$-37,$64,$-35,$46,46,$-0.81,$-0.81,$26,$323,$25,$658,$1774,$0,$671,$45,$2490,$3148,$174,$1053,$92,$1525,$1699,$0,$1091,$-84,$1449,$3148,$84,$173,$9,$182,$-19,$-5,$30,$-13,$-7,$259,$-155,$0,$-84,$0,$0,$0,$0,$-239,$25,$-2,$22,$1,$1,$-74,$-15,$-64,$-44,$12,$-74
27,2011-09-30,58.0,$32.51,1.78,$34.78,1.67,$4.57,12.7,$1.78,32.59,$0.77B,$0.20B,3.88,$1.04B,$1.49B,0.7,$1.59B,$0.30B,19.12%,$1.59B,$0.18B,11.19%,$1.59B,$0.18B,11.19%,$1.59B,$0.35B,22.14%,$1.59B,$0.11B,7.11%,$1.59B,$0.08B,5.22%,$0.08B,$1.49B,5.68%,$0.08B,$0.83B,10.26%,$0.08B,$3.16B,2.64%,$0.18B,$2.52B,7.27%,$421,$351,$70,$15,$32,$400,$21,$-13,$8,$-1,$9,$9,$15,$123,$21,$46,46,$0.33,$0.32,$57,$338,$20,$767,$1687,$0,$657,$47,$2391,$3159,$198,$1038,$85,$1475,$1673,$0,$1094,$-50,$1486,$3159,$68,$130,$13,$143,$-78,$-4,$26,$25,$-31,$180,$-94,$0,$-44,$0,$0,$0,$0,$-137,$15,$-2,$12,$1,$1,$-55,$-15,$-56,$-13,$9,$-55
28,2011-06-30,72.96,$31.76,2.3,$34.97,2.09,$4.71,15.49,$1.84,39.65,$0.75B,$0.26B,2.84,$0.98B,$1.45B,0.68,$1.60B,$0.31B,19.16%,$1.60B,$0.18B,11.40%,$1.60B,$0.18B,11.40%,$1.60B,$0.36B,22.42%,$1.60B,$0.12B,7.26%,$1.60B,$0.09B,5.39%,$0.09B,$1.45B,5.92%,$0.09B,$0.79B,10.67%,$0.09B,$3.15B,2.74%,$0.18B,$2.43B,7.65%,$502,$390,$112,$1,$33,$422,$80,$-16,$64,$14,$50,$50,$49,$108,$80,$46,46,$1.07,$1.07,$26,$336,$23,$746,$1698,$0,$657,$48,$2403,$3149,$263,$979,$87,$1435,$1698,$0,$1064,$-49,$1451,$3149,$18,$86,$13,$100,$-88,$-3,$25,$4,$-61,$57,$-59,$0,$-45,$0,$0,$0,$0,$-103,$55,$-2,$53,$1,$1,$-37,$-15,$3,$-44,$6,$-37
29,2011-03-31,81.42,$31.47,2.59,$35.92,2.27,$5.14,15.83,$2.24,36.35,$0.84B,$0.16B,5.29,$1.16B,$1.44B,0.81,$1.64B,$0.33B,19.88%,$1.64B,$0.21B,12.68%,$1.64B,$0.21B,12.68%,$1.64B,$0.39B,23.54%,$1.64B,$0.14B,8.35%,$1.64B,$0.10B,6.34%,$0.10B,$1.44B,7.20%,$0.10B,$0.79B,12.98%,$0.10B,$3.21B,3.33%,$0.21B,$2.60B,8.93%,$462,$365,$98,$2,$31,$398,$65,$-14,$51,$14,$37,$37,$36,$39,$65,$46,46,$0.78,$0.78,$177,$332,$40,$840,$1676,$0,$644,$48,$2368,$3209,$159,$1162,$83,$1615,$1774,$0,$1046,$-55,$1435,$3209,$-18,$43,$3,$47,$-19,$0,$15,$-3,$-8,$21,$-31,$0,$2,$0,$0,$0,$0,$-29,$138,$-2,$136,$0,$0,$-18,$-4,$114,$107,$3,$-18
30,2010-12-31,83.38,$32.21,2.59,$36.24,2.3,$5.39,15.46,$2.09,39.89,$0.70B,$0.39B,1.81,$0.78B,$1.47B,0.53,$1.65B,$0.32B,19.54%,$1.65B,$0.20B,12.04%,$1.65B,$0.20B,12.04%,$1.65B,$0.38B,22.93%,$1.65B,$0.13B,7.80%,$1.65B,$0.10B,5.87%,$0.10B,$1.47B,6.79%,$0.10B,$0.82B,12.34%,$0.10B,$3.08B,3.10%,$0.20B,$2.25B,8.72%,$328,$305,$23,$1,$29,$332,$-4,$-18,$-22,$-6,$-16,$-16,$-17,$82,$-4,$46,46,$-0.39,$-0.39,$70,$332,$27,$696,$1688,$0,$644,$47,$2379,$3075,$385,$782,$83,$1221,$1606,$0,$1082,$-54,$1468,$3075,$99,$182,$14,$196,$-21,$1,$8,$-14,$-25,$270,$-136,$0,$-38,$0,$0,$0,$0,$-174,$-220,$0,$-220,$3,$3,$-74,$1,$-289,$-193,$15,$-74
31,2010-09-30,69.25,$32.01,2.16,$35.27,1.96,$6.52,10.63,$1.70,40.73,$0.73B,$0.43B,1.72,$0.79B,$1.46B,0.54,$1.60B,$0.31B,19.13%,$1.60B,$0.17B,10.75%,$1.60B,$0.17B,10.75%,$1.60B,$0.35B,22.06%,$1.60B,$0.10B,6.25%,$1.60B,$0.08B,4.94%,$0.08B,$1.46B,5.59%,$0.08B,$0.82B,10.23%,$0.08B,$3.12B,2.49%,$0.17B,$2.24B,7.39%,$298,$227,$71,$1,$32,$261,$37,$-17,$20,$4,$15,$15,$15,$129,$37,$45,46,$0.34,$0.33,$60,$324,$27,$732,$1693,$0,$642,$49,$2384,$3116,$427,$786,$85,$1232,$1659,$0,$1086,$-67,$1457,$3116,$83,$136,$24,$160,$-87,$9,$25,$13,$-40,$203,$-110,$0,$-24,$0,$0,$0,$0,$-134,$-220,$-2,$-221,$3,$3,$-55,$2,$-272,$-203,$12,$-55
32,2010-06-30,75.89,$31.12,2.44,$35.00,2.17,$7.48,10.14,$1.80,42.16,$0.71B,$0.42B,1.71,$0.81B,$1.42B,0.57,$1.58B,$0.31B,19.63%,$1.58B,$0.18B,11.21%,$1.58B,$0.18B,11.21%,$1.58B,$0.36B,22.74%,$1.58B,$0.11B,6.65%,$1.58B,$0.08B,5.26%,$0.08B,$1.42B,5.98%,$0.08B,$0.77B,11.11%,$0.08B,$3.10B,2.59%,$0.18B,$2.23B,7.49%,$509,$396,$114,$0,$31,$426,$84,$-17,$67,$14,$53,$53,$52,$136,$84,$46,46,$1.13,$1.13,$32,$320,$26,$708,$1694,$0,$643,$51,$2388,$3096,$415,$812,$97,$1265,$1680,$0,$1052,$-69,$1417,$3096,$30,$91,$9,$99,$-95,$13,$26,$13,$-43,$86,$-69,$0,$-24,$0,$0,$0,$0,$-93,$-319,$127,$-192,$3,$3,$-37,$1,$-225,$-231,$8,$-37
33,2010-03-31,74.42,$30.24,2.46,$34.35,2.17,$8.03,9.27,$1.48,50.29,$0.86B,$0.40B,2.16,$1.03B,$1.37B,0.75,$1.54B,$0.30B,19.75%,$1.54B,$0.16B,10.33%,$1.54B,$0.16B,10.33%,$1.54B,$0.34B,22.16%,$1.54B,$0.09B,5.78%,$1.54B,$0.07B,4.42%,$0.07B,$1.37B,5.01%,$0.07B,$0.73B,9.46%,$0.07B,$3.25B,2.10%,$0.16B,$2.40B,6.64%,$505,$387,$118,$0,$34,$414,$91,$-18,$72,$18,$55,$55,$54,$32,$91,$45,46,$1.18,$1.18,$221,$322,$37,$855,$1695,$0,$643,$52,$2390,$3245,$395,$1030,$96,$1477,$1872,$0,$1016,$-71,$1373,$3245,$-25,$45,$4,$49,$-39,$11,$15,$16,$3,$27,$-25,$0,$-26,$0,$0,$0,$0,$-51,$-1,$0,$-0,$0,$0,$-18,$0,$-18,$-43,$4,$-18
34,2009-12-31,79.25,$30.98,2.56,$35.79,2.21,$8.57,9.25,$1.88,42.16,$0.86B,$0.37B,2.29,$1.02B,$1.41B,0.73,$1.57B,$0.33B,21.17%,$1.57B,$0.18B,11.63%,$1.57B,$0.18B,11.63%,$1.57B,$0.36B,23.08%,$1.57B,$0.11B,6.99%,$1.57B,$0.09B,5.47%,$0.09B,$1.41B,6.44%,$0.09B,$0.77B,12.33%,$0.09B,$3.24B,2.66%,$0.18B,$2.43B,7.62%,$341,$321,$20,$0,$34,$354,$-13,$-17,$-30,$-5,$-25,$-25,$-24,$56,$-13,$45,45,$-0.54,$-0.54,$264,$333,$38,$857,$1693,$0,$637,$53,$2382,$3239,$374,$1023,$80,$1459,$1833,$0,$1059,$-75,$1406,$3239,$88,$179,$30,$209,$49,$-13,$-10,$-5,$21,$318,$-139,$0,$-42,$0,$0,$0,$-4,$-185,$94,$-203,$-109,$294,$294,$-71,$-21,$92,$226,$21,$-71
35,2009-09-30,81.22,$30.29,2.68,$41.49,1.96,$6.61,12.28,$2.55,31.85,$0.85B,$0.40B,2.14,$1.04B,$1.35B,0.77,$1.80B,$0.38B,21.33%,$1.80B,$0.23B,13.03%,$1.80B,$0.23B,13.03%,$1.80B,$0.41B,23.00%,$1.80B,$0.16B,8.80%,$1.80B,$0.11B,6.35%,$0.11B,$1.35B,9.11%,$0.11B,$0.72B,18.60%,$0.11B,$3.23B,3.58%,$0.23B,$2.39B,9.96%,$245,$192,$54,$2,$29,$236,$10,$-18,$-9,$-3,$-6,$-6,$-3,$135,$10,$44,44,$-0.03,$-0.04,$194,$330,$22,$845,$1698,$0,$637,$52,$2388,$3233,$395,$1039,$79,$1486,$1881,$0,$1080,$-89,$1352,$3233,$91,$133,$13,$146,$-30,$-10,$-1,$38,$-3,$235,$-100,$0,$-42,$0,$0,$0,$-4,$-147,$112,$-205,$-92,$233,$233,$-53,$-20,$68,$156,$17,$-53
36,2009-06-30,69.28,$29.17,2.37,$44.98,1.54,$4.84,14.32,$2.90,23.89,$0.80B,$0.39B,2.06,$1.05B,$1.30B,0.81,$1.91B,$0.42B,21.87%,$1.91B,$0.26B,13.63%,$1.91B,$0.26B,13.63%,$1.91B,$0.44B,22.92%,$1.91B,$0.18B,9.49%,$1.91B,$0.12B,6.50%,$0.12B,$1.30B,10.39%,$0.12B,$0.66B,22.25%,$0.12B,$3.21B,3.95%,$0.26B,$2.35B,11.21%,$488,$370,$118,$0,$33,$399,$89,$-17,$72,$15,$57,$57,$56,$118,$89,$45,45,$1.23,$1.23,$133,$334,$28,$802,$1713,$0,$642,$50,$2405,$3207,$389,$1049,$83,$1517,$1906,$0,$1043,$-96,$1302,$3207,$34,$87,$18,$106,$-39,$-14,$12,$18,$-23,$117,$-75,$0,$-44,$0,$0,$0,$-4,$-122,$127,$-203,$-76,$233,$233,$-35,$-20,$101,$96,$13,$-35
37,2009-03-31,69.31,$28.85,2.4,$48.95,1.42,$3.11,22.28,$3.56,19.47,$0.89B,$0.35B,2.57,$1.15B,$1.28B,0.9,$2.04B,$0.44B,21.76%,$2.04B,$0.29B,14.31%,$2.04B,$0.29B,14.31%,$2.04B,$0.47B,22.89%,$2.04B,$0.21B,10.34%,$2.04B,$0.15B,7.30%,$0.15B,$1.28B,13.15%,$0.15B,$0.65B,29.76%,$0.15B,$3.25B,4.80%,$0.29B,$2.44B,12.77%,$465,$354,$112,$0,$37,$392,$73,$-17,$56,$16,$40,$40,$39,$54,$73,$45,45,$0.86,$0.86,$222,$325,$44,$892,$1684,$0,$637,$40,$2361,$3253,$348,$1152,$80,$1621,$1969,$0,$1022,$-100,$1284,$3253,$-6,$43,$7,$50,$5,$-7,$14,$9,$21,$65,$-40,$0,$4,$0,$0,$0,$0,$-37,$-1,$-20,$-21,$195,$195,$-17,$-1,$156,$184,$5,$-17
38,2008-12-31,84.4,$25.74,3.28,$50.78,1.66,$2.32,36.39,$4.20,20.1,$0.67B,$0.35B,1.91,$1.15B,$1.07B,1.08,$2.12B,$0.47B,22.20%,$2.12B,$0.32B,15.30%,$2.12B,$0.32B,15.30%,$2.12B,$0.50B,23.38%,$2.12B,$0.25B,11.67%,$2.12B,$0.18B,8.31%,$0.18B,$1.07B,16.57%,$0.18B,$0.43B,39.91%,$0.18B,$3.03B,5.90%,$0.32B,$2.22B,15.13%,$375,$326,$49,$0,$37,$364,$11,$-20,$-9,$-2,$-6,$-6,$-6,$106,$11,$42,42,$-0.14,$-0.14,$38,$318,$40,$665,$1691,$0,$636,$41,$2367,$3033,$349,$1152,$82,$1617,$1965,$0,$1044,$-102,$1067,$3033,$180,$171,$14,$185,$34,$-25,$-24,$-4,$-19,$346,$-258,$0,$-193,$0,$0,$0,$0,$-451,$93,$126,$219,$-21,$-21,$-63,$-13,$123,$18,$22,$-63
39,2008-09-30,96.9,$27.04,3.58,$51.70,1.87,$3.30,29.35,$4.93,19.65,$0.67B,$0.43B,1.59,$1.15B,$1.12B,1.03,$2.17B,$0.50B,22.78%,$2.17B,$0.36B,16.66%,$2.17B,$0.36B,16.66%,$2.17B,$0.53B,24.25%,$2.17B,$0.29B,13.48%,$2.17B,$0.21B,9.57%,$0.21B,$1.12B,20.16%,$0.21B,$0.49B,49.09%,$0.21B,$3.06B,7.18%,$0.36B,$2.27B,17.80%,$468,$364,$104,$0,$34,$408,$61,$-21,$39,$13,$27,$27,$25,$159,$61,$41,42,$0.60,$0.60,$14,$306,$23,$674,$1718,$0,$628,$36,$2390,$3064,$425,$1153,$76,$1519,$1943,$0,$1037,$-37,$1120,$3064,$153,$126,$8,$134,$-53,$-13,$10,$43,$-13,$274,$-224,$0,$-199,$0,$0,$0,$0,$-423,$294,$-73,$221,$-21,$-21,$-46,$-12,$142,$-6,$18,$-46
40,2008-06-30,89.32,$25.61,3.49,$51.81,1.72,$3.87,23.08,$5.47,16.33,$0.69B,$0.49B,1.4,$1.15B,$1.06B,1.09,$2.19B,$0.51B,23.30%,$2.19B,$0.38B,17.54%,$2.19B,$0.38B,17.54%,$2.19B,$0.54B,24.81%,$2.19B,$0.32B,14.57%,$2.19B,$0.23B,10.60%,$0.23B,$1.06B,23.23%,$0.23B,$0.43B,57.78%,$0.23B,$3.07B,8.26%,$0.38B,$2.22B,19.44%,$599,$447,$152,$0,$38,$484,$115,$-20,$95,$26,$68,$68,$66,$148,$115,$41,42,$1.58,$1.57,$13,$297,$24,$691,$1705,$0,$629,$39,$2381,$3072,$493,$1153,$91,$1517,$2010,$0,$987,$-39,$1062,$3072,$85,$82,$2,$84,$-76,$-4,$14,$24,$-42,$127,$-159,$0,$-213,$0,$0,$0,$0,$-372,$295,$9,$304,$-23,$-23,$-29,$-13,$239,$-7,$13,$-29
41,2008-03-31,91.28,$24.17,3.78,$51.12,1.79,$5.24,17.42,$5.87,15.55,$0.62B,$0.55B,1.14,$0.86B,$1.00B,0.86,$2.18B,$0.55B,25.17%,$2.18B,$0.42B,19.03%,$2.18B,$0.42B,19.03%,$2.18B,$0.57B,26.09%,$2.18B,$0.35B,16.23%,$2.18B,$0.25B,11.51%,$0.25B,$1.00B,26.17%,$0.25B,$0.41B,67.29%,$0.25B,$2.76B,9.27%,$0.42B,$1.86B,21.72%,$598,$458,$139,$0,$42,$493,$105,$-19,$86,$26,$60,$60,$64,$82,$105,$41,42,$1.52,$1.51,$14,$296,$26,$621,$1505,$0,$591,$36,$2139,$2760,$545,$856,$91,$1217,$1761,$0,$938,$-41,$999,$2760,$20,$39,$2,$41,$7,$-10,$6,$12,$15,$77,$-85,$0,$-18,$0,$0,$0,$0,$-103,$-0,$59,$59,$-24,$-24,$-14,$-1,$20,$-6,$4,$-14
42,2007-12-31,113.65,$22.90,4.96,$50.49,2.25,$5.43,20.93,$6.10,18.63,$0.63B,$0.51B,1.24,$0.85B,$0.95B,0.9,$2.19B,$0.57B,25.95%,$2.19B,$0.43B,19.64%,$2.19B,$0.43B,19.64%,$2.19B,$0.58B,26.54%,$2.19B,$0.38B,17.22%,$2.19B,$0.26B,12.01%,$0.26B,$0.95B,27.41%,$0.26B,$0.36B,70.18%,$0.26B,$2.68B,9.89%,$0.43B,$1.79B,23.34%,$452,$376,$75,$0,$38,$409,$43,$-16,$27,$7,$20,$20,$21,$138,$43,$41,42,$0.50,$0.50,$20,$287,$27,$626,$1434,$0,$584,$32,$2058,$2684,$507,$848,$119,$1231,$1738,$0,$932,$-37,$946,$2684,$263,$150,$-14,$137,$-3,$-32,$1,$31,$-2,$398,$-265,$0,$9,$0,$0,$0,$0,$-256,$346,$69,$416,$-537,$-537,$-54,$20,$-154,$-12,$20,$-54
43,2007-09-30,114.16,$23.59,4.84,$49.23,2.32,$3.91,29.23,$6.13,18.62,$0.69B,$0.32B,2.18,$1.05B,$0.99B,1.06,$2.17B,$0.58B,26.49%,$2.17B,$0.43B,19.90%,$2.17B,$0.43B,19.90%,$2.17B,$0.58B,26.81%,$2.17B,$0.38B,17.64%,$2.17B,$0.27B,12.34%,$0.27B,$0.99B,25.86%,$0.27B,$0.40B,59.26%,$0.27B,$2.72B,10.25%,$0.43B,$2.04B,23.33%,$524,$395,$129,$0,$36,$425,$99,$-14,$85,$29,$56,$56,$57,$175,$99,$43,43,$1.24,$1.25,$26,$285,$23,$691,$1406,$0,$585,$32,$2031,$2722,$317,$1051,$117,$1418,$1735,$0,$964,$-30,$987,$2722,$206,$111,$-14,$97,$-70,$-30,$7,$63,$-31,$273,$-197,$0,$5,$0,$0,$0,$0,$-192,$347,$67,$414,$-481,$-481,$-39,$19,$-87,$-6,$16,$-39
44,2007-06-30,138.14,$21.64,6.38,$47.79,2.89,$2.06,67.14,$5.66,24.41,$0.69B,$0.35B,1.96,$1.05B,$0.90B,1.16,$2.16B,$0.56B,25.81%,$2.16B,$0.41B,19.05%,$2.16B,$0.41B,19.05%,$2.16B,$0.56B,25.90%,$2.16B,$0.37B,17.05%,$2.16B,$0.25B,11.77%,$0.25B,$0.90B,22.98%,$0.25B,$0.32B,48.73%,$0.25B,$2.67B,9.89%,$0.41B,$1.96B,22.80%,$615,$448,$167,$0,$36,$479,$137,$-16,$121,$31,$90,$90,$90,$174,$137,$42,42,$2.16,$2.13,$31,$298,$25,$691,$1347,$0,$585,$35,$1976,$2668,$353,$1052,$91,$1410,$1763,$0,$861,$-30,$904,$2668,$116,$73,$-7,$67,$-55,$-42,$7,$47,$-43,$140,$-115,$0,$-5,$0,$0,$0,$0,$-120,$472,$-5,$467,$-481,$-481,$-24,$17,$-21,$-1,$13,$-24
45,2007-03-31,115.07,$23.34,4.93,$46.70,2.46,$0.54,214.04,$5.37,21.43,$0.62B,$0.63B,0.99,$0.58B,$1.00B,0.58,$2.16B,$0.53B,24.69%,$2.16B,$0.39B,18.28%,$2.16B,$0.39B,18.28%,$2.16B,$0.54B,24.97%,$2.16B,$0.36B,16.57%,$2.16B,$0.25B,11.46%,$0.25B,$1.00B,20.86%,$0.25B,$0.42B,41.20%,$0.25B,$2.56B,9.78%,$0.39B,$1.58B,21.95%,$590,$412,$178,$0,$44,$454,$136,$-16,$121,$38,$82,$82,$83,$94,$136,$42,43,$1.95,$1.92,$18,$281,$30,$621,$1315,$0,$587,$29,$1939,$2561,$628,$579,$91,$932,$1559,$0,$974,$-35,$1001,$2561,$33,$36,$-9,$27,$-8,$-25,$6,$17,$-11,$49,$-50,$0,$-9,$0,$0,$0,$0,$-59,$252,$1,$253,$-257,$-257,$-12,$12,$-4,$-14,$4,$-12
46,2006-12-31,88.24,$27.96,3.16,$46.87,1.88,$-0.34,0.0,$5.30,16.65,$0.59B,$0.32B,1.88,$0.58B,$1.25B,0.46,$2.18B,$0.52B,23.97%,$2.18B,$0.39B,17.81%,$2.18B,$0.39B,17.81%,$2.18B,$0.53B,24.24%,$2.18B,$0.35B,16.12%,$2.18B,$0.25B,11.25%,$0.25B,$1.25B,19.91%,$0.25B,$0.67B,37.96%,$0.25B,$2.51B,9.82%,$0.39B,$1.83B,20.71%,$460,$365,$94,$0,$38,$401,$58,$-9,$50,$17,$33,$33,$33,$139,$58,$45,45,$0.74,$0.73,$32,$256,$34,$592,$1295,$0,$581,$27,$1914,$2506,$315,$579,$93,$937,$1252,$0,$1142,$-36,$1254,$2506,$245,$141,$0,$142,$-17,$-34,$-8,$10,$-49,$338,$-266,$0,$28,$25,$0,$25,$0,$-213,$-1,$2,$1,$-141,$-141,$-46,$17,$-169,$-44,$13,$-46
