,Date,Stock Price,Book Value per Share,Price to Book Ratio,TTM Sales per Share,Price to Sales Ratio,TTM FCF per Share,Price to FCF Ratio,TTM Net EPS,PE Ratio,Current Assets,Current Liabilities,Current Ratio,Long Term Debt,Shareholder's Equity_x,Debt to Equity Ratio,TTM Revenue_x,TTM Gross Profit,Gross Margin,TTM Revenue_y,TTM Operating Income,Operating Margin,TTM Revenue_x,TTM EBIT,EBIT Margin,TTM Revenue_y,TTM EBITDA,EBITDA Margin,TTM Revenue_x,TTM Pre-Tax Income,Pre-Tax Margin,TTM Revenue_y,TTM Net Income_x,Net Margin,TTM Net Income_y,Shareholder's Equity_y,Return on Equity,TTM Net Income_x,Tangible Equity,Return on Tangible Equity,TTM Net Income_y,Total Assets,Return on Assets,TTM Net Income,LT Investments & Debt,Return on Investment,revenue,cost-goods-sold,gross-profit,research-development-expenses,selling-general-administrative-expenses,operating-expenses,operating-income,total-non-operating-income-expense,pre-tax-income,total-provision-income-taxes,income-after-taxes,income-from-continuous-operations,net-income,ebitda,ebit,basic-shares-outstanding,shares-outstanding,eps-basic-net-earnings-per-share,eps-earnings-per-share-diluted,cash-on-hand,inventory,other-current-assets,total-current-assets,net-property-plant-equipment,long-term-investments,goodwill-intangible-assets-total,other-long-term-assets,total-long-term-assets,total-assets,total-current-liabilities,long-term-debt,other-non-current-liabilities,total-long-term-liabilities,total-liabilities,common-stock-net,retained-earnings-accumulated-deficit,comprehensive-income,total-share-holder-equity,total-liabilities-share-holders-equity,net-income-loss,total-depreciation-amortization-cash-flow,other-non-cash-items,total-non-cash-items,change-in-accounts-receivable,change-in-inventories,change-in-accounts-payable,change-in-assets-liabilities,total-change-in-assets-liabilities,cash-flow-from-operating-activities,net-change-in-property-plant-equipment,net-change-in-intangible-assets,net-acquisitions-divestitures,net-change-in-short-term-investments,net-change-in-long-term-investments,net-change-in-investments-total,investing-activities-other,cash-flow-from-investing-activities,net-long-term-debt,net-current-debt,debt-issuance-retirement-net-total,net-common-equity-issued-repurchased,net-total-equity-issued-repurchased,total-common-preferred-stock-dividends-paid,financial-activities-other,cash-flow-from-financial-activities,net-cash-flow,stock-based-compensation,common-stock-dividends-paid
0,2018-09-30,73.45,$23.06,3.19,$19.44,3.78,$7.46,9.84,$1.64,44.79,$0.61B,$0.19B,3.16,$0.00B,$1.23B,0.0,$1.04B,$0.66B,64.00%,$1.04B,$0.06B,5.98%,$1.04B,$0.06B,5.98%,$1.04B,$0.17B,16.02%,$1.04B,$0.06B,5.79%,$1.04B,$0.09B,8.59%,$0.09B,$1.23B,7.77%,$0.09B,$0.57B,19.38%,$0.09B,$1.50B,6.15%,$0.06B,$1.23B,5.33%,$279,$96,$184,$93,$50,$240,$40,$1,$41,$4,$37,$37,$37,$64,$40,$53,55,$0.70,$0.68,$350,$105,$15,$613,$105,$0,$668,$18,$891,$1504,$194,$0,$58,$76,$270,$0,$278,$-0,$1234,$1504,$91,$77,$21,$98,$11,$-42,$14,$-0,$-21,$168,$-26,$-7,$-7,$-71,$-8,$-79,$-1,$-120,$-81,$0,$-81,$33,$33,$0,$0,$-47,$2,$49,$0
1,2018-06-30,84.3,$21.95,3.84,$18.71,4.51,$5.99,14.06,$1.03,81.84,$0.55B,$0.22B,2.52,$0.00B,$1.16B,0.0,$0.98B,$0.63B,63.78%,$0.98B,$0.03B,2.95%,$0.98B,$0.03B,2.95%,$0.98B,$0.13B,13.63%,$0.98B,$0.03B,2.54%,$0.98B,$0.06B,5.60%,$0.06B,$1.16B,5.02%,$0.06B,$0.48B,13.85%,$0.06B,$1.45B,3.83%,$0.03B,$1.16B,2.51%,$268,$104,$165,$87,$59,$252,$17,$-0,$16,$-0,$17,$17,$17,$43,$17,$53,54,$0.31,$0.30,$283,$94,$12,$545,$107,$0,$682,$17,$905,$1450,$217,$0,$54,$71,$288,$0,$241,$-2,$1162,$1450,$54,$53,$2,$54,$-1,$-31,$13,$1,$-6,$102,$-17,$-6,$-7,$-6,$-6,$-12,$-1,$-43,$-77,$0,$-77,$19,$19,$0,$0,$-58,$1,$30,$0
2,2018-03-31,72.85,$21.61,3.37,$18.01,4.04,$4.71,15.46,$0.57,127.81,$0.52B,$0.23B,2.27,$0.00B,$1.13B,0.0,$0.93B,$0.60B,64.83%,$0.93B,$0.01B,0.86%,$0.93B,$0.01B,0.86%,$0.93B,$0.11B,12.08%,$0.93B,$0.00B,0.32%,$0.93B,$0.03B,3.24%,$0.03B,$1.13B,2.84%,$0.03B,$0.44B,8.63%,$0.03B,$1.43B,2.08%,$0.01B,$1.13B,0.69%,$251,$89,$162,$86,$56,$239,$12,$-1,$11,$-26,$38,$38,$38,$38,$12,$52,54,$0.73,$0.71,$286,$70,$16,$515,$110,$0,$691,$18,$914,$1428,$227,$0,$56,$74,$301,$0,$224,$-0,$1127,$1428,$38,$26,$-13,$14,$11,$-6,$4,$-1,$4,$55,$-7,$-6,$0,$16,$-3,$14,$-0,$-0,$-41,$0,$-41,$14,$14,$0,$0,$-27,$28,$15,$0
3,2017-12-31,64.7,$20.54,3.15,$17.16,3.77,$4.20,15.4,$-0.39,0.0,$0.51B,$0.20B,2.58,$0.07B,$1.06B,0.07,$0.87B,$0.56B,65.09%,$0.87B,$-0.02B,-1.97%,$0.87B,$-0.02B,-1.97%,$0.87B,$0.09B,10.06%,$0.87B,$-0.02B,-2.54%,$0.87B,$-0.02B,-2.31%,$-0.02B,$1.06B,-1.95%,$-0.02B,$0.36B,-6.61%,$-0.02B,$1.40B,-1.37%,$-0.02B,$1.13B,-1.43%,$238,$85,$152,$94,$53,$244,$-7,$-1,$-8,$-5,$-3,$-3,$-3,$21,$-7,$50,50,$-0.05,$-0.05,$274,$65,$14,$507,$110,$0,$701,$18,$895,$1402,$197,$73,$57,$148,$344,$0,$182,$2,$1057,$1402,$-19,$104,$75,$179,$-12,$-1,$0,$-1,$2,$161,$-41,$-3,$-1,$63,$-15,$48,$-1,$2,$-179,$0,$-179,$30,$30,$0,$0,$-150,$14,$69,$0
4,2017-09-30,47.15,$20.36,2.32,$16.91,2.79,$4.91,9.6,$-0.16,0.0,$0.56B,$0.18B,3.12,$0.17B,$1.04B,0.17,$0.85B,$0.56B,65.84%,$0.85B,$0.00B,0.35%,$0.85B,$0.00B,0.35%,$0.85B,$0.10B,12.25%,$0.85B,$-0.00B,-0.24%,$0.85B,$-0.01B,-0.94%,$-0.01B,$1.04B,-0.80%,$-0.01B,$0.32B,-2.97%,$-0.01B,$1.47B,-0.54%,$0.00B,$1.21B,0.25%,$226,$77,$148,$91,$51,$219,$7,$-1,$6,$2,$3,$3,$3,$32,$7,$51,52,$0.07,$0.07,$346,$62,$20,$562,$117,$0,$720,$18,$909,$1471,$180,$174,$62,$254,$434,$0,$184,$1,$1037,$1471,$-17,$77,$48,$124,$8,$2,$-15,$-6,$-13,$94,$-35,$-2,$-1,$-13,$-14,$-27,$-1,$-66,$-52,$0,$-52,$25,$25,$0,$0,$-27,$2,$51,$0
5,2017-06-30,43.3,$19.99,2.17,$17.06,2.54,$5.87,7.37,$0.01,0.0,$0.55B,$0.20B,2.79,$0.19B,$1.01B,0.19,$0.85B,$0.56B,65.76%,$0.85B,$0.01B,1.30%,$0.85B,$0.01B,1.30%,$0.85B,$0.11B,13.46%,$0.85B,$0.01B,0.59%,$0.85B,$0.00B,0.12%,$0.00B,$1.01B,0.10%,$0.00B,$0.28B,0.42%,$0.00B,$1.47B,0.07%,$0.01B,$1.20B,0.92%,$212,$73,$139,$92,$51,$216,$-4,$-1,$-6,$2,$-8,$-8,$-8,$21,$-4,$50,50,$-0.16,$-0.16,$310,$72,$21,$553,$121,$0,$725,$18,$914,$1467,$198,$192,$57,$264,$462,$0,$181,$4,$1005,$1467,$-20,$51,$30,$81,$-8,$-8,$0,$-3,$-19,$41,$-27,$-2,$0,$19,$-11,$8,$-1,$-22,$-33,$0,$-33,$12,$12,$0,$0,$-21,$-1,$32,$0
6,2017-03-31,50.95,$20.01,2.55,$17.20,2.96,$7.07,7.21,$0.26,195.96,$0.55B,$0.21B,2.64,$0.21B,$0.99B,0.21,$0.85B,$0.55B,65.06%,$0.85B,$0.02B,2.59%,$0.85B,$0.02B,2.59%,$0.85B,$0.13B,14.71%,$0.85B,$0.02B,1.88%,$0.85B,$0.01B,1.65%,$0.01B,$0.99B,1.46%,$0.01B,$0.26B,6.84%,$0.01B,$1.48B,0.97%,$0.02B,$1.20B,1.86%,$189,$64,$124,$88,$48,$201,$-13,$-1,$-14,$-2,$-12,$-12,$-12,$13,$-13,$49,49,$-0.25,$-0.25,$325,$75,$23,$550,$124,$0,$739,$17,$929,$1479,$208,$209,$52,$277,$485,$0,$189,$3,$994,$1479,$-12,$25,$13,$38,$16,$-10,$5,$-4,$9,$35,$-16,$-1,$0,$6,$-11,$-5,$-0,$-23,$-23,$0,$-23,$12,$12,$0,$0,$-11,$2,$15,$0
7,2016-12-31,40.9,$19.88,2.06,$17.53,2.33,$7.54,5.43,$0.36,113.61,$0.55B,$0.21B,2.6,$0.22B,$0.98B,0.22,$0.86B,$0.56B,64.69%,$0.86B,$0.03B,3.61%,$0.86B,$0.03B,3.61%,$0.86B,$0.13B,15.03%,$0.86B,$0.03B,2.91%,$0.86B,$0.02B,2.21%,$0.02B,$0.98B,2.03%,$0.02B,$0.23B,11.34%,$0.02B,$1.47B,1.33%,$0.03B,$1.20B,2.65%,$222,$74,$148,$86,$49,$208,$13,$-2,$12,$3,$9,$9,$9,$38,$13,$48,50,$0.18,$0.19,$328,$66,$17,$553,$119,$0,$749,$16,$920,$1474,$213,$219,$50,$285,$498,$0,$202,$-1,$976,$1474,$19,$98,$65,$163,$-41,$8,$13,$7,$14,$196,$-43,$-8,$-694,$87,$-5,$82,$-1,$-664,$245,$0,$245,$23,$23,$0,$-6,$262,$-206,$66,$0
8,2016-09-30,43.25,$19.63,2.2,$16.76,2.58,$6.58,6.58,$1.08,40.05,$0.51B,$0.18B,2.75,$0.23B,$0.96B,0.24,$0.81B,$0.53B,65.44%,$0.81B,$0.04B,4.67%,$0.81B,$0.04B,4.67%,$0.81B,$0.12B,15.01%,$0.81B,$0.03B,4.18%,$0.81B,$0.05B,6.52%,$0.05B,$0.96B,5.84%,$0.05B,$0.19B,19.67%,$0.05B,$1.44B,4.00%,$0.04B,$1.19B,3.50%,$224,$78,$146,$84,$48,$210,$15,$-2,$13,$1,$12,$12,$12,$42,$15,$48,49,$0.25,$0.24,$292,$62,$0,$507,$114,$0,$765,$16,$928,$1435,$184,$229,$50,$294,$479,$0,$193,$2,$956,$1435,$10,$73,$49,$122,$-33,$13,$5,$5,$5,$137,$-33,$-6,$-694,$121,$-1,$120,$-1,$-614,$253,$0,$253,$22,$22,$0,$-6,$269,$-208,$49,$0
9,2016-06-30,47.96,$19.00,2.52,$15.82,3.03,$6.12,7.84,$1.26,38.06,$0.48B,$0.19B,2.47,$0.24B,$0.91B,0.26,$0.76B,$0.51B,66.84%,$0.76B,$0.04B,5.79%,$0.76B,$0.04B,5.79%,$0.76B,$0.11B,14.61%,$0.76B,$0.04B,5.53%,$0.76B,$0.06B,8.03%,$0.06B,$0.91B,7.01%,$0.06B,$0.15B,16.72%,$0.06B,$1.41B,5.04%,$0.04B,$1.15B,4.43%,$215,$80,$135,$82,$46,$208,$7,$-2,$5,$0,$5,$5,$5,$32,$7,$48,49,$0.10,$0.09,$276,$65,$0,$479,$112,$0,$769,$16,$929,$1408,$194,$239,$46,$300,$494,$0,$181,$0,$914,$1408,$-3,$46,$32,$79,$-17,$11,$10,$4,$13,$89,$-16,$0,$-694,$144,$-0,$144,$-1,$-566,$273,$0,$273,$10,$10,$0,$-6,$277,$-200,$32,$0
10,2016-03-31,54.33,$18.72,2.9,$14.88,3.65,$6.04,9.0,$1.57,34.61,$0.46B,$0.20B,2.32,$0.25B,$0.89B,0.28,$0.71B,$0.49B,69.07%,$0.71B,$0.06B,7.91%,$0.71B,$0.06B,7.91%,$0.71B,$0.11B,15.40%,$0.71B,$0.06B,8.05%,$0.71B,$0.08B,10.59%,$0.08B,$0.89B,8.98%,$0.08B,$0.11B,16.23%,$0.08B,$1.40B,6.82%,$0.06B,$1.14B,6.24%,$197,$70,$126,$71,$59,$201,$-4,$-1,$-5,$2,$-7,$-7,$-7,$17,$-4,$47,47,$-0.15,$-0.15,$262,$72,$0,$462,$103,$0,$785,$16,$936,$1398,$199,$249,$46,$307,$507,$0,$176,$2,$892,$1398,$-7,$21,$20,$40,$-5,$4,$3,$2,$16,$49,$-8,$0,$-681,$213,$-0,$213,$-0,$-477,$280,$0,$280,$9,$9,$0,$-6,$283,$-145,$18,$0
11,2015-12-31,42.14,$18.39,2.29,$13.84,3.04,$5.96,7.07,$2.01,20.97,$0.68B,$0.14B,4.94,$0.00B,$0.87B,0.0,$0.66B,$0.47B,71.28%,$0.66B,$0.08B,11.40%,$0.66B,$0.08B,11.40%,$0.66B,$0.12B,17.78%,$0.66B,$0.08B,11.40%,$0.66B,$0.09B,13.98%,$0.09B,$0.87B,11.57%,$0.09B,$0.63B,16.48%,$0.09B,$1.05B,9.43%,$0.08B,$0.87B,9.43%,$177,$52,$125,$66,$40,$157,$20,$1,$21,$-23,$43,$43,$43,$31,$20,$46,48,$0.92,$0.90,$511,$62,$20,$677,$100,$0,$233,$10,$376,$1053,$137,$0,$37,$50,$187,$0,$183,$-2,$867,$1053,$93,$41,$28,$70,$-19,$-25,$4,$-3,$-12,$151,$-49,$-0,$0,$90,$0,$90,$-1,$40,$-1,$0,$-1,$19,$19,$0,$0,$18,$208,$51,$0
12,2015-09-30,37.79,$17.27,2.19,$13.29,2.84,$4.94,7.64,$1.01,37.42,$0.64B,$0.13B,4.98,$0.00B,$0.81B,0.0,$0.62B,$0.44B,71.38%,$0.62B,$0.07B,11.09%,$0.62B,$0.07B,11.09%,$0.62B,$0.11B,17.52%,$0.62B,$0.07B,10.93%,$0.62B,$0.04B,7.07%,$0.04B,$0.81B,5.84%,$0.04B,$0.57B,8.55%,$0.04B,$0.99B,4.74%,$0.07B,$0.81B,9.15%,$171,$49,$122,$66,$36,$151,$21,$0,$21,$1,$20,$20,$20,$31,$21,$47,48,$0.43,$0.42,$486,$63,$0,$635,$97,$0,$235,$10,$352,$987,$127,$0,$39,$51,$178,$0,$140,$-2,$809,$987,$50,$30,$39,$69,$0,$-24,$2,$-1,$-3,$116,$-37,$-0,$0,$-9,$0,$-9,$3,$-43,$-1,$0,$-1,$17,$17,$0,$0,$16,$89,$38,$0
13,2015-06-30,48.59,$16.65,2.92,$12.31,3.95,$3.59,13.52,$0.60,80.98,$0.61B,$0.14B,4.35,$0.00B,$0.77B,0.0,$0.57B,$0.40B,70.45%,$0.57B,$0.05B,8.22%,$0.57B,$0.05B,8.22%,$0.57B,$0.09B,15.21%,$0.57B,$0.05B,8.04%,$0.57B,$0.03B,4.37%,$0.03B,$0.77B,3.45%,$0.03B,$0.53B,5.17%,$0.03B,$0.96B,2.80%,$0.05B,$0.77B,6.48%,$163,$47,$116,$63,$34,$144,$19,$1,$20,$1,$19,$19,$19,$30,$19,$46,48,$0.42,$0.40,$467,$63,$0,$613,$92,$0,$238,$10,$350,$963,$141,$0,$39,$50,$191,$0,$120,$2,$772,$963,$30,$20,$26,$46,$4,$-23,$9,$0,$12,$87,$-20,$0,$0,$-59,$0,$-59,$-0,$-79,$-1,$0,$-1,$10,$10,$0,$0,$9,$17,$25,$0
14,2015-03-31,45.34,$15.94,2.84,$11.18,4.06,$2.36,19.18,$-0.00,0.0,$0.56B,$0.12B,4.6,$0.00B,$0.73B,0.0,$0.51B,$0.36B,69.34%,$0.51B,$0.02B,3.71%,$0.51B,$0.02B,3.71%,$0.51B,$0.06B,11.13%,$0.51B,$0.02B,3.32%,$0.51B,$-0.00B,-0.59%,$-0.00B,$0.73B,-0.43%,$-0.00B,$0.49B,-0.66%,$-0.00B,$0.90B,-0.35%,$0.02B,$0.73B,2.71%,$147,$41,$106,$58,$32,$131,$15,$-2,$13,$2,$10,$10,$10,$25,$15,$46,47,$0.23,$0.22,$433,$51,$0,$555,$83,$0,$240,$9,$344,$899,$121,$0,$37,$47,$167,$0,$101,$-3,$732,$899,$10,$10,$15,$24,$9,$-9,$-2,$4,$11,$46,$-10,$0,$0,$-33,$0,$-33,$-0,$-42,$-0,$0,$-0,$7,$7,$0,$0,$7,$10,$12,$0
15,2014-12-31,42.73,$15.43,2.77,$10.30,4.15,$1.70,25.12,$-0.55,0.0,$0.51B,$0.12B,4.37,$0.00B,$0.70B,0.0,$0.46B,$0.31B,67.67%,$0.46B,$-0.01B,-1.51%,$0.46B,$-0.01B,-1.51%,$0.46B,$0.03B,6.68%,$0.46B,$-0.01B,-1.29%,$0.46B,$-0.02B,-5.17%,$-0.02B,$0.70B,-3.50%,$-0.02B,$0.46B,-5.46%,$-0.02B,$0.86B,-2.88%,$-0.01B,$0.70B,-1.02%,$141,$41,$100,$57,$30,$128,$14,$0,$14,$19,$-5,$-5,$-5,$23,$14,$45,45,$-0.10,$-0.10,$389,$44,$0,$514,$79,$0,$243,$9,$349,$863,$118,$0,$34,$44,$161,$0,$90,$-4,$702,$863,$-24,$39,$61,$100,$5,$-10,$10,$-8,$4,$80,$-30,$0,$-2,$-71,$-3,$-75,$-1,$-108,$-1,$0,$-1,$17,$17,$0,$0,$16,$-12,$47,$0
16,2014-09-30,44.87,$15.36,2.92,$9.57,4.69,$1.06,42.19,$-0.62,0.0,$0.49B,$0.11B,4.43,$0.00B,$0.70B,0.0,$0.43B,$0.28B,66.12%,$0.43B,$-0.03B,-6.78%,$0.43B,$-0.03B,-6.78%,$0.43B,$0.01B,2.34%,$0.43B,$-0.03B,-6.54%,$0.43B,$-0.03B,-6.07%,$-0.03B,$0.70B,-3.84%,$-0.03B,$0.45B,-6.07%,$-0.03B,$0.84B,-3.17%,$-0.03B,$0.70B,-4.27%,$121,$39,$81,$54,$28,$122,$-1,$0,$-1,$-1,$1,$1,$1,$9,$-1,$45,46,$0.01,$0.01,$354,$39,$0,$491,$74,$0,$246,$10,$351,$842,$111,$1,$27,$37,$148,$0,$95,$-2,$695,$842,$-19,$29,$35,$64,$-2,$-4,$8,$-10,$-9,$35,$-21,$0,$0,$-32,$-4,$-36,$-1,$-58,$-1,$0,$-1,$15,$15,$0,$0,$15,$-8,$35,$0
17,2014-06-30,34.86,$15.03,2.32,$9.35,3.73,$0.70,49.88,$-0.75,0.0,$0.47B,$0.10B,4.63,$0.00B,$0.68B,0.0,$0.41B,$0.27B,65.45%,$0.41B,$-0.03B,-8.03%,$0.41B,$-0.03B,-8.03%,$0.41B,$0.01B,1.46%,$0.41B,$-0.03B,-7.79%,$0.41B,$-0.03B,-8.03%,$-0.03B,$0.68B,-4.93%,$-0.03B,$0.43B,-7.92%,$-0.03B,$0.82B,-4.10%,$-0.03B,$0.68B,-4.92%,$103,$34,$68,$50,$28,$112,$-9,$0,$-9,$-0,$-9,$-9,$-9,$0,$-9,$45,45,$-0.20,$-0.20,$340,$37,$0,$468,$68,$0,$247,$10,$348,$816,$101,$1,$30,$39,$140,$0,$93,$1,$676,$816,$-20,$19,$23,$43,$1,$-1,$1,$-5,$-5,$18,$-10,$0,$0,$-31,$-1,$-33,$-1,$-44,$-1,$0,$-1,$7,$7,$0,$0,$6,$-19,$24,$0
18,2014-03-31,39.13,$15.09,2.59,$9.31,4.2,$0.20,194.48,$-0.59,0.0,$0.46B,$0.10B,4.64,$0.00B,$0.67B,0.0,$0.41B,$0.27B,65.76%,$0.41B,$-0.02B,-5.91%,$0.41B,$-0.02B,-5.91%,$0.41B,$0.01B,3.45%,$0.41B,$-0.02B,-5.42%,$0.41B,$-0.03B,-6.40%,$-0.03B,$0.67B,-3.93%,$-0.03B,$0.42B,-5.99%,$-0.03B,$0.81B,-3.28%,$-0.02B,$0.67B,-3.62%,$99,$34,$65,$48,$27,$110,$-11,$0,$-10,$1,$-11,$-11,$-11,$-1,$-11,$44,44,$-0.25,$-0.25,$336,$39,$0,$459,$70,$0,$250,$10,$353,$812,$99,$1,$31,$41,$140,$0,$102,$1,$672,$812,$-11,$10,$11,$21,$5,$-3,$-1,$-2,$0,$11,$-6,$0,$0,$-25,$-1,$-26,$-0,$-32,$-0,$0,$-0,$7,$7,$0,$0,$6,$-15,$12,$0
19,2013-12-31,39.97,$15.16,2.64,$9.01,4.43,$-0.39,0.0,$-0.53,0.0,$0.45B,$0.10B,4.59,$0.00B,$0.67B,0.0,$0.39B,$0.26B,65.64%,$0.39B,$-0.02B,-5.38%,$0.39B,$-0.02B,-5.38%,$0.39B,$0.01B,3.59%,$0.39B,$-0.02B,-5.13%,$0.39B,$-0.02B,-5.90%,$-0.02B,$0.67B,-3.52%,$-0.02B,$0.41B,-5.12%,$-0.02B,$0.81B,-2.94%,$-0.02B,$0.67B,-3.21%,$105,$36,$69,$48,$29,$113,$-8,$0,$-8,$-0,$-7,$-7,$-7,$2,$-8,$43,43,$-0.16,$-0.16,$327,$36,$0,$450,$72,$0,$253,$11,$357,$807,$98,$2,$31,$42,$140,$0,$114,$1,$667,$807,$-23,$36,$40,$76,$-10,$9,$-4,$1,$-0,$52,$-31,$-7,$-124,$40,$-3,$37,$3,$-122,$-1,$0,$-1,$15,$15,$0,$3,$16,$-54,$45,$0
20,2013-09-30,37.98,$15.10,2.52,$9.36,4.06,$2.59,14.65,$0.05,759.5,$0.42B,$0.08B,5.02,$0.00B,$0.66B,0.0,$0.41B,$0.27B,66.34%,$0.41B,$0.01B,2.70%,$0.41B,$0.01B,2.70%,$0.41B,$0.04B,10.57%,$0.41B,$0.01B,3.19%,$0.41B,$0.00B,0.74%,$0.00B,$0.66B,0.47%,$0.00B,$0.40B,0.64%,$0.00B,$0.79B,0.39%,$0.01B,$0.66B,1.70%,$104,$37,$67,$45,$28,$109,$-5,$0,$-5,$1,$-6,$-6,$-6,$5,$-5,$44,44,$-0.14,$-0.14,$299,$32,$0,$422,$69,$0,$257,$10,$365,$787,$84,$2,$31,$42,$126,$0,$121,$2,$661,$787,$-16,$25,$28,$53,$-12,$13,$-9,$1,$-16,$21,$-24,$-6,$-124,$46,$-3,$43,$-5,$-116,$-1,$0,$-1,$14,$14,$0,$3,$15,$-79,$33,$0
21,2013-06-30,49.5,$14.92,3.32,$10.50,4.72,$5.72,8.65,$1.26,39.29,$0.53B,$0.08B,6.3,$0.00B,$0.65B,0.0,$0.46B,$0.31B,67.76%,$0.46B,$0.07B,14.16%,$0.46B,$0.07B,14.16%,$0.46B,$0.09B,20.26%,$0.46B,$0.07B,14.81%,$0.46B,$0.06B,12.42%,$0.06B,$0.65B,9.10%,$0.06B,$0.50B,11.99%,$0.06B,$0.77B,7.53%,$0.07B,$0.65B,10.33%,$98,$32,$66,$39,$27,$98,$0,$0,$1,$2,$-2,$-2,$-2,$8,$0,$43,43,$-0.04,$-0.04,$408,$36,$0,$525,$68,$0,$150,$10,$244,$769,$83,$2,$27,$38,$121,$0,$126,$2,$648,$769,$-10,$15,$17,$32,$-9,$6,$-8,$3,$-17,$5,$-19,$-6,$0,$72,$-3,$69,$-47,$-4,$-1,$0,$-1,$7,$7,$0,$2,$8,$9,$22,$0
22,2013-03-31,55.51,$14.75,3.76,$11.30,4.91,$7.71,7.2,$2.04,27.21,$0.52B,$0.09B,5.64,$0.00B,$0.64B,0.0,$0.49B,$0.34B,68.22%,$0.49B,$0.10B,19.64%,$0.49B,$0.10B,19.64%,$0.49B,$0.12B,24.90%,$0.49B,$0.10B,20.04%,$0.49B,$0.09B,18.42%,$0.09B,$0.64B,15.32%,$0.09B,$0.48B,20.58%,$0.09B,$0.77B,12.59%,$0.10B,$0.64B,16.27%,$83,$29,$54,$38,$24,$91,$-8,$0,$-8,$1,$-8,$-8,$-8,$-1,$-8,$43,43,$-0.20,$-0.20,$400,$46,$0,$521,$67,$0,$153,$9,$244,$765,$92,$3,$25,$36,$128,$0,$128,$3,$637,$765,$-8,$7,$8,$16,$-1,$-3,$-7,$-0,$-14,$-7,$-14,$-6,$0,$33,$-3,$30,$-0,$9,$-0,$0,$-0,$6,$6,$0,$1,$6,$9,$10,$0
23,2012-12-31,59.38,$14.77,4.02,$11.45,5.18,$8.64,6.87,$2.53,23.47,$0.54B,$0.11B,5.12,$0.00B,$0.63B,0.01,$0.50B,$0.34B,68.60%,$0.50B,$0.12B,23.60%,$0.50B,$0.12B,23.60%,$0.50B,$0.14B,28.60%,$0.50B,$0.12B,24.00%,$0.50B,$0.11B,22.20%,$0.11B,$0.63B,20.10%,$0.11B,$0.48B,27.77%,$0.11B,$0.77B,16.51%,$0.12B,$0.63B,21.29%,$122,$39,$83,$35,$23,$97,$24,$0,$25,$6,$19,$19,$19,$31,$24,$41,44,$0.45,$0.43,$423,$43,$0,$539,$62,$0,$149,$9,$231,$769,$105,$3,$24,$35,$140,$0,$138,$3,$629,$769,$112,$24,$26,$49,$-9,$-19,$3,$-3,$21,$182,$-31,$0,$0,$-249,$-1,$-251,$1,$-281,$-1,$0,$-1,$30,$30,$0,$5,$34,$-64,$35,$0
24,2012-09-30,101.53,$13.98,7.26,$10.57,9.61,$6.18,16.44,$2.23,45.53,$0.50B,$0.10B,4.86,$0.00B,$0.59B,0.01,$0.45B,$0.31B,68.07%,$0.45B,$0.10B,22.17%,$0.45B,$0.10B,22.17%,$0.45B,$0.12B,27.49%,$0.45B,$0.10B,22.39%,$0.45B,$0.10B,21.51%,$0.10B,$0.59B,19.19%,$0.10B,$0.44B,27.66%,$0.10B,$0.73B,15.83%,$0.10B,$0.60B,19.72%,$156,$48,$108,$36,$23,$107,$49,$1,$50,$1,$48,$48,$48,$55,$49,$42,44,$1.16,$1.09,$402,$34,$0,$503,$53,$0,$151,$8,$224,$726,$103,$3,$20,$31,$135,$0,$118,$-0,$592,$726,$93,$17,$17,$34,$-4,$-10,$10,$-3,$30,$157,$-21,$0,$0,$-207,$-1,$-209,$-0,$-230,$-1,$0,$-1,$27,$27,$0,$3,$30,$-43,$25,$0
25,2012-06-30,70.82,$12.47,5.68,$8.84,8.01,$3.77,18.77,$1.27,55.76,$0.42B,$0.09B,4.66,$0.00B,$0.52B,0.0,$0.36B,$0.24B,66.94%,$0.36B,$0.06B,15.70%,$0.36B,$0.06B,15.70%,$0.36B,$0.08B,22.04%,$0.36B,$0.06B,15.70%,$0.36B,$0.05B,14.88%,$0.05B,$0.52B,11.63%,$0.05B,$0.37B,17.58%,$0.05B,$0.63B,9.72%,$0.06B,$0.52B,12.26%,$133,$42,$92,$38,$22,$102,$32,$0,$32,$0,$32,$32,$32,$38,$32,$41,43,$0.79,$0.74,$325,$31,$0,$419,$42,$0,$154,$8,$214,$632,$90,$0,$18,$24,$114,$0,$70,$-1,$518,$632,$45,$11,$12,$22,$-6,$-7,$4,$1,$16,$83,$-10,$0,$0,$-144,$-1,$-145,$-0,$-156,$-0,$0,$-0,$14,$14,$0,$2,$16,$-57,$16,$0
26,2012-03-31,41.83,$11.60,3.61,$7.47,5.6,$2.69,15.55,$0.59,70.9,$0.35B,$0.07B,4.94,$0.00B,$0.47B,0.0,$0.29B,$0.19B,65.53%,$0.29B,$0.03B,9.56%,$0.29B,$0.03B,9.56%,$0.29B,$0.05B,17.06%,$0.29B,$0.03B,9.56%,$0.29B,$0.02B,8.19%,$0.02B,$0.47B,5.83%,$0.02B,$0.31B,9.52%,$0.02B,$0.56B,4.88%,$0.03B,$0.47B,6.79%,$89,$29,$60,$29,$18,$76,$13,$0,$13,$1,$12,$12,$12,$19,$13,$40,42,$0.31,$0.29,$264,$32,$0,$351,$39,$0,$156,$8,$212,$563,$71,$0,$18,$22,$93,$0,$38,$0,$470,$563,$12,$5,$6,$11,$1,$-8,$2,$0,$0,$24,$-4,$0,$0,$-96,$0,$-96,$-0,$-101,$-0,$0,$-0,$6,$6,$0,$1,$7,$-70,$7,$0
27,2011-12-31,32.49,$11.13,2.92,$6.97,4.66,$2.57,12.64,$0.25,129.96,$0.32B,$0.07B,4.75,$0.00B,$0.44B,0.0,$0.26B,$0.17B,64.86%,$0.26B,$0.01B,5.02%,$0.26B,$0.01B,5.02%,$0.26B,$0.03B,12.74%,$0.26B,$0.01B,5.02%,$0.26B,$0.01B,3.86%,$0.01B,$0.44B,2.72%,$0.01B,$0.28B,4.87%,$0.01B,$0.53B,2.27%,$0.01B,$0.44B,3.53%,$73,$26,$47,$25,$15,$66,$6,$0,$6,$1,$5,$5,$5,$12,$6,$36,39,$0.15,$0.13,$238,$25,$0,$319,$37,$0,$159,$8,$211,$530,$67,$0,$17,$21,$88,$0,$25,$-1,$442,$530,$10,$20,$19,$39,$-16,$-9,$21,$-1,$14,$63,$-25,$0,$-204,$116,$0,$116,$-3,$-114,$-0,$0,$-0,$123,$123,$0,$2,$125,$73,$21,$0
28,2011-09-30,31.22,$10.86,2.88,$6.24,5.01,$2.41,12.93,$0.12,260.17,$0.29B,$0.05B,5.57,$0.00B,$0.43B,0.0,$0.23B,$0.15B,66.08%,$0.23B,$0.01B,4.85%,$0.23B,$0.01B,4.85%,$0.23B,$0.03B,11.45%,$0.23B,$0.01B,4.41%,$0.23B,$0.00B,1.76%,$0.00B,$0.43B,1.22%,$0.00B,$0.27B,1.95%,$0.00B,$0.50B,1.03%,$0.01B,$0.43B,3.35%,$68,$24,$44,$23,$15,$63,$6,$0,$6,$1,$5,$5,$5,$11,$6,$36,38,$0.13,$0.13,$221,$18,$0,$291,$30,$0,$162,$8,$208,$498,$52,$0,$16,$19,$71,$0,$20,$-1,$427,$498,$5,$14,$15,$29,$-14,$-1,$16,$0,$7,$41,$-16,$0,$-204,$149,$0,$149,$-2,$-73,$-0,$0,$-0,$119,$119,$0,$1,$120,$88,$15,$0
29,2011-06-30,29.81,$8.69,3.43,$5.51,5.41,$2.37,12.58,$0.09,331.22,$0.17B,$0.05B,3.52,$0.00B,$0.31B,0.0,$0.20B,$0.13B,68.02%,$0.20B,$0.01B,5.08%,$0.20B,$0.01B,5.08%,$0.20B,$0.02B,10.66%,$0.20B,$0.01B,4.57%,$0.20B,$0.00B,1.52%,$0.00B,$0.31B,1.03%,$0.00B,$0.14B,1.45%,$0.00B,$0.38B,0.88%,$0.01B,$0.31B,3.45%,$63,$22,$41,$24,$15,$61,$3,$0,$3,$1,$2,$2,$2,$8,$3,$35,37,$0.06,$0.06,$107,$15,$0,$174,$22,$0,$164,$10,$204,$378,$49,$0,$17,$20,$69,$0,$16,$1,$308,$378,$1,$9,$10,$19,$-13,$1,$8,$0,$7,$26,$-4,$0,$-204,$140,$0,$140,$-3,$-71,$-0,$0,$-0,$9,$9,$0,$0,$10,$-35,$10,$0
30,2011-03-31,25.23,$8.48,2.97,$4.94,5.11,$2.22,11.37,$0.18,140.17,$0.15B,$0.05B,3.42,$0.00B,$0.30B,0.0,$0.17B,$0.12B,70.69%,$0.17B,$0.02B,8.62%,$0.17B,$0.02B,8.62%,$0.17B,$0.02B,12.64%,$0.17B,$0.01B,8.05%,$0.17B,$0.01B,3.45%,$0.01B,$0.30B,2.14%,$0.01B,$0.13B,2.53%,$0.01B,$0.36B,1.87%,$0.02B,$0.30B,5.36%,$55,$19,$36,$20,$17,$57,$-2,$0,$-2,$0,$-2,$-2,$-2,$2,$-2,$34,34,$-0.05,$-0.05,$93,$15,$0,$153,$22,$0,$167,$9,$204,$357,$45,$0,$15,$17,$62,$0,$13,$1,$295,$357,$-2,$4,$5,$9,$-3,$1,$7,$-2,$7,$14,$-2,$0,$-204,$135,$0,$135,$-0,$-71,$-0,$0,$-0,$4,$4,$0,$0,$4,$-53,$4,$0
31,2010-12-31,26.17,$8.23,3.18,$4.38,5.97,$2.02,12.98,$0.38,68.87,$0.29B,$0.02B,12.17,$0.00B,$0.28B,0.0,$0.16B,$0.11B,73.55%,$0.16B,$0.02B,15.48%,$0.16B,$0.02B,15.48%,$0.16B,$0.03B,18.06%,$0.16B,$0.02B,14.84%,$0.16B,$0.01B,8.39%,$0.01B,$0.28B,4.82%,$0.01B,$0.28B,4.83%,$0.01B,$0.32B,4.28%,$0.02B,$0.28B,8.90%,$41,$11,$29,$16,$10,$37,$4,$-0,$3,$4,$-1,$-1,$-1,$5,$4,$34,35,$-0.02,$-0.02,$253,$12,$0,$289,$15,$0,$0,$6,$26,$316,$24,$0,$10,$10,$34,$0,$15,$1,$282,$316,$14,$6,$20,$26,$1,$-3,$-2,$1,$2,$41,$-11,$0,$0,$25,$-0,$25,$-1,$13,$-1,$0,$-1,$9,$9,$0,$1,$10,$64,$14,$0
32,2010-09-30,19.64,$8.13,2.42,$4.30,4.57,$2.05,9.6,$0.52,37.77,$0.29B,$0.03B,11.31,$0.00B,$0.28B,0.0,$0.15B,$0.11B,74.67%,$0.15B,$0.03B,18.00%,$0.15B,$0.03B,18.00%,$0.15B,$0.03B,20.67%,$0.15B,$0.03B,17.33%,$0.15B,$0.02B,12.00%,$0.02B,$0.28B,6.92%,$0.02B,$0.28B,6.94%,$0.02B,$0.31B,6.14%,$0.03B,$0.28B,10.38%,$38,$10,$28,$15,$8,$33,$5,$0,$5,$1,$4,$4,$4,$6,$5,$34,35,$0.10,$0.10,$243,$12,$0,$285,$15,$0,$0,$10,$26,$311,$25,$0,$10,$10,$35,$0,$16,$1,$276,$311,$14,$4,$13,$17,$-2,$-3,$2,$1,$-0,$31,$-9,$0,$0,$-21,$-0,$-21,$-1,$-31,$-0,$0,$-0,$7,$7,$0,$1,$8,$9,$10,$0
33,2010-06-30,21.9,$7.87,2.78,$4.20,5.21,$2.12,10.33,$0.56,39.11,$0.28B,$0.03B,11.2,$0.00B,$0.27B,0.0,$0.15B,$0.11B,75.17%,$0.15B,$0.03B,20.00%,$0.15B,$0.03B,20.00%,$0.15B,$0.03B,22.76%,$0.15B,$0.03B,19.31%,$0.15B,$0.02B,13.10%,$0.02B,$0.27B,7.63%,$0.02B,$0.27B,7.65%,$0.02B,$0.30B,6.77%,$0.03B,$0.27B,11.63%,$40,$10,$30,$14,$8,$32,$8,$0,$8,$2,$5,$5,$5,$9,$8,$34,36,$0.16,$0.15,$234,$12,$0,$275,$14,$0,$0,$9,$24,$299,$25,$0,$9,$9,$34,$0,$12,$-0,$266,$299,$11,$2,$10,$12,$-1,$-3,$1,$1,$-1,$22,$-7,$0,$0,$15,$-0,$15,$-0,$8,$-0,$0,$-0,$5,$5,$0,$1,$6,$35,$7,$0
34,2010-03-31,23.57,$7.59,3.1,$3.84,6.14,$1.99,11.82,$0.46,51.24,$0.27B,$0.02B,10.93,$0.00B,$0.26B,0.0,$0.13B,$0.10B,75.38%,$0.13B,$0.02B,18.46%,$0.13B,$0.02B,18.46%,$0.13B,$0.03B,21.54%,$0.13B,$0.02B,17.69%,$0.13B,$0.02B,12.31%,$0.02B,$0.26B,6.71%,$0.02B,$0.25B,6.73%,$0.02B,$0.29B,5.96%,$0.02B,$0.26B,10.05%,$36,$9,$27,$12,$8,$29,$7,$0,$7,$2,$5,$5,$5,$8,$7,$33,35,$0.16,$0.15,$221,$12,$0,$265,$12,$0,$0,$9,$23,$288,$24,$0,$8,$9,$33,$0,$7,$0,$255,$288,$5,$1,$5,$6,$-2,$-3,$1,$1,$-3,$8,$-4,$0,$0,$1,$0,$1,$-0,$-3,$-0,$0,$-0,$3,$3,$0,$0,$3,$8,$3,$0
35,2009-12-31,18.89,$7.43,2.54,$3.49,5.42,$1.97,9.57,$0.37,51.05,$0.26B,$0.02B,10.59,$0.00B,$0.24B,0.0,$0.12B,$0.09B,75.21%,$0.12B,$0.02B,17.09%,$0.12B,$0.02B,17.09%,$0.12B,$0.02B,20.51%,$0.12B,$0.02B,16.24%,$0.12B,$0.01B,11.11%,$0.01B,$0.24B,5.67%,$0.01B,$0.24B,5.68%,$0.01B,$0.28B,5.08%,$0.02B,$0.24B,8.71%,$36,$9,$27,$13,$8,$29,$7,$-0,$6,$2,$4,$4,$4,$8,$7,$32,33,$0.13,$0.14,$213,$9,$0,$255,$10,$0,$0,$9,$20,$275,$24,$0,$8,$8,$33,$0,$2,$0,$243,$275,$13,$4,$14,$18,$3,$-3,$1,$-1,$2,$33,$-4,$0,$0,$-95,$-4,$-98,$-2,$-104,$-0,$0,$-0,$4,$4,$0,$1,$4,$-67,$11,$0
36,2009-09-30,16.39,$7.20,2.28,$3.19,5.14,$1.91,8.58,$0.49,33.45,$0.24B,$0.02B,11.4,$0.00B,$0.23B,0.0,$0.11B,$0.08B,76.42%,$0.11B,$0.02B,15.09%,$0.11B,$0.02B,15.09%,$0.11B,$0.02B,18.87%,$0.11B,$0.02B,15.09%,$0.11B,$0.02B,16.04%,$0.02B,$0.23B,7.66%,$0.02B,$0.23B,7.67%,$0.02B,$0.26B,6.84%,$0.02B,$0.23B,7.18%,$33,$8,$25,$11,$7,$26,$7,$0,$7,$2,$5,$5,$5,$8,$7,$32,34,$0.15,$0.14,$208,$7,$0,$239,$9,$0,$0,$6,$22,$261,$21,$1,$7,$8,$29,$0,$-3,$1,$232,$261,$9,$3,$9,$13,$4,$0,$1,$0,$4,$25,$-2,$0,$0,$-70,$0,$-70,$-2,$-73,$-0,$0,$-0,$2,$2,$0,$0,$2,$-46,$7,$0
37,2009-06-30,12.03,$6.99,1.72,$3.10,3.88,$1.74,6.9,$0.51,23.59,$0.23B,$0.02B,13.33,$0.00B,$0.22B,0.0,$0.10B,$0.08B,77.45%,$0.10B,$0.02B,15.69%,$0.10B,$0.02B,15.69%,$0.10B,$0.02B,19.61%,$0.10B,$0.02B,16.67%,$0.10B,$0.02B,16.67%,$0.02B,$0.22B,7.94%,$0.02B,$0.22B,7.95%,$0.02B,$0.25B,7.10%,$0.02B,$0.22B,7.45%,$25,$7,$19,$10,$6,$23,$3,$0,$3,$1,$2,$2,$2,$4,$3,$32,33,$0.05,$0.05,$194,$6,$0,$226,$9,$0,$0,$5,$22,$249,$17,$1,$7,$8,$25,$0,$-7,$0,$224,$249,$4,$2,$6,$8,$4,$0,$-1,$0,$-0,$11,$-1,$0,$0,$-36,$0,$-36,$-1,$-39,$-0,$0,$-0,$1,$1,$0,$0,$1,$-27,$5,$0
38,2009-03-31,8.33,$6.85,1.22,$3.20,2.61,$1.80,4.62,$0.60,13.88,$0.22B,$0.01B,16.48,$0.00B,$0.22B,0.0,$0.11B,$0.08B,78.10%,$0.11B,$0.02B,18.10%,$0.11B,$0.02B,18.10%,$0.11B,$0.02B,21.90%,$0.11B,$0.02B,20.00%,$0.11B,$0.02B,19.05%,$0.02B,$0.22B,9.71%,$0.02B,$0.22B,9.71%,$0.02B,$0.24B,8.64%,$0.02B,$0.22B,9.18%,$23,$5,$17,$9,$6,$20,$3,$1,$3,$1,$2,$2,$2,$4,$3,$32,33,$0.07,$0.06,$187,$6,$0,$217,$10,$0,$0,$5,$22,$239,$13,$1,$7,$7,$21,$0,$-9,$-1,$218,$239,$2,$1,$3,$4,$7,$1,$-5,$1,$-2,$4,$-1,$0,$0,$-39,$0,$-39,$-2,$-42,$-0,$0,$-0,$1,$1,$0,$0,$1,$-37,$2,$0
39,2008-12-31,7.86,$6.74,1.17,$3.28,2.4,$1.78,4.42,$0.68,11.56,$0.22B,$0.02B,9.62,$0.00B,$0.21B,0.0,$0.11B,$0.08B,78.50%,$0.11B,$0.02B,20.56%,$0.11B,$0.02B,20.56%,$0.11B,$0.03B,24.30%,$0.11B,$0.03B,23.36%,$0.11B,$0.02B,21.50%,$0.02B,$0.21B,11.63%,$0.02B,$0.21B,11.65%,$0.02B,$0.25B,10.30%,$0.02B,$0.22B,11.07%,$25,$6,$20,$11,$6,$23,$3,$1,$3,$-5,$8,$8,$8,$4,$3,$31,33,$0.25,$0.24,$183,$7,$0,$222,$10,$0,$0,$5,$23,$245,$23,$1,$7,$8,$31,$0,$-11,$0,$214,$245,$22,$4,$7,$11,$-6,$-1,$2,$-1,$-2,$31,$-4,$0,$0,$-16,$-2,$-18,$-2,$-24,$-2,$0,$-2,$4,$4,$0,$1,$3,$10,$8,$0
40,2008-09-30,10.33,$6.32,1.63,$3.33,3.1,$1.70,6.08,$1.04,9.93,$0.21B,$0.02B,12.24,$0.00B,$0.20B,0.01,$0.11B,$0.08B,76.64%,$0.11B,$0.03B,23.36%,$0.11B,$0.03B,23.36%,$0.11B,$0.03B,27.10%,$0.11B,$0.03B,28.04%,$0.11B,$0.04B,32.71%,$0.04B,$0.20B,18.57%,$0.04B,$0.20B,18.59%,$0.04B,$0.23B,16.47%,$0.03B,$0.20B,13.18%,$29,$6,$23,$10,$6,$23,$7,$1,$8,$3,$5,$5,$5,$8,$7,$32,33,$0.16,$0.16,$171,$6,$0,$209,$9,$0,$0,$6,$15,$225,$17,$1,$6,$7,$24,$0,$-19,$-0,$200,$225,$14,$3,$11,$14,$-7,$-0,$-1,$-1,$-8,$20,$-3,$0,$0,$-28,$-2,$-29,$-1,$-33,$-2,$0,$-2,$3,$3,$0,$0,$1,$-11,$6,$0
41,2008-06-30,13.54,$6.09,2.22,$3.14,4.31,$1.76,7.71,$1.09,12.42,$0.20B,$0.02B,11.36,$0.00B,$0.19B,0.01,$0.10B,$0.08B,75.25%,$0.10B,$0.02B,23.76%,$0.10B,$0.02B,23.76%,$0.10B,$0.03B,27.72%,$0.10B,$0.03B,28.71%,$0.10B,$0.04B,36.63%,$0.04B,$0.19B,20.90%,$0.04B,$0.19B,20.96%,$0.04B,$0.22B,18.41%,$0.02B,$0.19B,13.46%,$28,$6,$22,$10,$6,$22,$6,$1,$7,$3,$5,$5,$5,$7,$6,$31,33,$0.15,$0.14,$165,$6,$0,$202,$9,$0,$0,$6,$15,$217,$18,$1,$6,$7,$25,$0,$-24,$-0,$192,$217,$9,$2,$8,$9,$-4,$-1,$-1,$-1,$-5,$13,$-2,$0,$0,$-37,$-2,$-38,$-1,$-41,$-1,$0,$-1,$2,$2,$0,$0,$1,$-27,$4,$0
42,2008-03-31,13.93,$5.93,2.35,$2.89,4.81,$1.72,8.1,$1.12,12.44,$0.19B,$0.02B,13.03,$0.00B,$0.19B,0.01,$0.09B,$0.07B,74.19%,$0.09B,$0.02B,24.73%,$0.09B,$0.02B,24.73%,$0.09B,$0.03B,27.96%,$0.09B,$0.03B,31.18%,$0.09B,$0.04B,40.86%,$0.04B,$0.19B,23.03%,$0.04B,$0.18B,23.14%,$0.04B,$0.21B,20.27%,$0.02B,$0.19B,13.83%,$25,$6,$19,$8,$5,$19,$6,$1,$7,$2,$5,$5,$5,$7,$6,$31,33,$0.15,$0.14,$155,$5,$0,$192,$8,$0,$0,$5,$14,$206,$15,$1,$5,$6,$21,$0,$-29,$0,$185,$206,$5,$1,$3,$4,$-2,$-0,$-2,$-0,$-5,$3,$-1,$0,$0,$-40,$-2,$-42,$-0,$-43,$-1,$0,$-1,$1,$1,$0,$0,$0,$-39,$2,$0
43,2007-12-31,18.22,$5.71,3.19,$2.87,6.35,$1.91,9.54,$1.13,16.12,$0.19B,$0.02B,9.73,$0.00B,$0.18B,0.01,$0.09B,$0.06B,74.12%,$0.09B,$0.02B,22.35%,$0.09B,$0.02B,22.35%,$0.09B,$0.02B,25.88%,$0.09B,$0.03B,29.41%,$0.09B,$0.04B,42.35%,$0.04B,$0.18B,23.53%,$0.04B,$0.18B,23.61%,$0.04B,$0.20B,20.66%,$0.02B,$0.18B,12.32%,$25,$6,$18,$7,$5,$19,$6,$2,$8,$-12,$20,$20,$20,$7,$6,$28,30,$0.70,$0.65,$154,$5,$0,$190,$8,$0,$0,$3,$12,$202,$20,$2,$4,$6,$25,$0,$-34,$0,$177,$202,$36,$2,$-11,$-9,$-7,$-1,$2,$1,$-1,$26,$-4,$0,$0,$-50,$0,$-50,$-1,$-55,$-2,$0,$-2,$109,$109,$0,$1,$109,$80,$4,$0
