,Date,Stock Price,Book Value per Share,Price to Book Ratio,TTM Sales per Share,Price to Sales Ratio,TTM FCF per Share,Price to FCF Ratio,TTM Net EPS,PE Ratio,Current Assets,Current Liabilities,Current Ratio,Long Term Debt,Shareholder's Equity_x,Debt to Equity Ratio,TTM Revenue_x,TTM Gross Profit,Gross Margin,TTM Revenue_y,TTM Operating Income,Operating Margin,TTM Revenue_x,TTM EBIT,EBIT Margin,TTM Revenue_y,TTM EBITDA,EBITDA Margin,TTM Revenue_x,TTM Pre-Tax Income,Pre-Tax Margin,TTM Revenue_y,TTM Net Income_x,Net Margin,TTM Net Income_y,Shareholder's Equity_y,Return on Equity,TTM Net Income_x,Tangible Equity,Return on Tangible Equity,TTM Net Income_y,Total Assets,Return on Assets,TTM Net Income,LT Investments & Debt,Return on Investment,revenue,cost-goods-sold,gross-profit,research-development-expenses,selling-general-administrative-expenses,operating-expenses,operating-income,total-non-operating-income-expense,pre-tax-income,total-provision-income-taxes,income-after-taxes,income-from-continuous-operations,net-income,ebitda,ebit,basic-shares-outstanding,shares-outstanding,eps-basic-net-earnings-per-share,eps-earnings-per-share-diluted,cash-on-hand,inventory,other-current-assets,total-current-assets,net-property-plant-equipment,long-term-investments,goodwill-intangible-assets-total,other-long-term-assets,total-long-term-assets,total-assets,total-current-liabilities,long-term-debt,other-non-current-liabilities,total-long-term-liabilities,total-liabilities,common-stock-net,retained-earnings-accumulated-deficit,comprehensive-income,total-share-holder-equity,total-liabilities-share-holders-equity,net-income-loss,total-depreciation-amortization-cash-flow,other-non-cash-items,total-non-cash-items,change-in-accounts-receivable,change-in-inventories,change-in-accounts-payable,change-in-assets-liabilities,total-change-in-assets-liabilities,cash-flow-from-operating-activities,net-change-in-property-plant-equipment,net-change-in-intangible-assets,net-acquisitions-divestitures,net-change-in-short-term-investments,net-change-in-long-term-investments,net-change-in-investments-total,investing-activities-other,cash-flow-from-investing-activities,net-long-term-debt,net-current-debt,debt-issuance-retirement-net-total,net-common-equity-issued-repurchased,net-total-equity-issued-repurchased,total-common-preferred-stock-dividends-paid,financial-activities-other,cash-flow-from-financial-activities,net-cash-flow,stock-based-compensation,common-stock-dividends-paid
0,2018-09-30,26.9,$19.25,1.4,$60.70,0.44,$-1.36,0.0,$2.83,9.51,$0.26B,$0.13B,2.05,$0.01B,$0.22B,0.05,$0.69B,$0.08B,11.27%,$0.69B,$0.04B,5.92%,$0.69B,$0.04B,6.07%,$0.69B,$0.05B,7.23%,$0.69B,$0.04B,5.64%,$0.69B,$0.03B,4.77%,$0.03B,$0.22B,15.64%,$0.03B,$0.21B,16.56%,$0.03B,$0.36B,9.76%,$0.04B,$0.23B,18.43%,$196,$174,$21,$0,$9,$184,$11,$0,$11,$3,$9,$9,$9,$14,$12,$11,11,$0.76,$0.76,$19,$84,$0,$262,$84,$0,$12,$1,$97,$359,$128,$10,$0,$12,$139,$0,$73,$-4,$219,$359,$23,$6,$1,$6,$-26,$-14,$22,$1,$-14,$15,$-13,$0,$0,$0,$0,$0,$0,$-13,$0,$0,$0,$0,$0,$-6,$0,$-6,$-3,$0,$-6
1,2018-06-30,25.55,$18.70,1.37,$57.01,0.45,$-2.43,0.0,$2.46,10.39,$0.25B,$0.12B,2.13,$0.02B,$0.21B,0.07,$0.65B,$0.07B,11.25%,$0.65B,$0.04B,5.70%,$0.65B,$0.04B,5.70%,$0.65B,$0.05B,6.93%,$0.65B,$0.04B,5.39%,$0.65B,$0.03B,4.31%,$0.03B,$0.21B,13.64%,$0.03B,$0.20B,14.49%,$0.03B,$0.35B,8.50%,$0.04B,$0.23B,16.89%,$177,$156,$21,$0,$10,$166,$10,$0,$10,$3,$8,$8,$8,$13,$11,$11,11,$0.67,$0.67,$20,$81,$0,$254,$83,$0,$12,$1,$95,$349,$119,$16,$0,$17,$136,$0,$66,$-4,$213,$349,$14,$4,$1,$4,$-16,$-13,$13,$-0,$-12,$6,$-9,$0,$0,$0,$0,$0,$0,$-9,$0,$5,$5,$0,$0,$-4,$0,$1,$-2,$0,$-4
2,2018-03-31,24.83,$18.33,1.35,$54.93,0.45,$-3.17,0.0,$2.27,10.94,$0.24B,$0.11B,2.22,$0.01B,$0.21B,0.05,$0.63B,$0.07B,11.20%,$0.63B,$0.04B,5.76%,$0.63B,$0.04B,5.60%,$0.63B,$0.04B,6.72%,$0.63B,$0.03B,5.44%,$0.63B,$0.03B,4.00%,$0.03B,$0.21B,12.50%,$0.03B,$0.20B,13.30%,$0.03B,$0.33B,7.76%,$0.04B,$0.22B,16.74%,$159,$141,$18,$0,$10,$149,$10,$-0,$9,$3,$7,$7,$7,$11,$10,$11,11,$0.59,$0.59,$15,$78,$0,$236,$80,$0,$12,$1,$92,$328,$106,$11,$1,$13,$119,$0,$60,$-2,$209,$328,$7,$2,$0,$2,$-4,$-8,$3,$-2,$-11,$-2,$-4,$0,$0,$0,$0,$0,$0,$-4,$0,$0,$0,$0,$0,$-2,$0,$-2,$-7,$0,$-2
3,2017-12-31,25.44,$17.85,1.43,$54.05,0.47,$-3.50,0.0,$2.02,12.6,$0.23B,$0.10B,2.24,$0.01B,$0.20B,0.05,$0.62B,$0.07B,10.89%,$0.62B,$0.03B,5.20%,$0.62B,$0.03B,5.04%,$0.62B,$0.04B,6.34%,$0.62B,$0.03B,5.04%,$0.62B,$0.02B,3.58%,$0.02B,$0.20B,11.33%,$0.02B,$0.19B,12.05%,$0.02B,$0.32B,6.93%,$0.03B,$0.21B,15.29%,$160,$141,$18,$0,$9,$150,$10,$-1,$9,$-0,$9,$9,$9,$12,$9,$11,11,$0.81,$0.81,$22,$69,$0,$227,$78,$0,$12,$1,$90,$317,$102,$10,$1,$12,$114,$0,$56,$-3,$203,$317,$23,$6,$-1,$5,$-7,$-3,$-6,$1,$-14,$14,$-23,$0,$0,$0,$0,$0,$0,$-23,$1,$5,$6,$0,$0,$-8,$0,$-2,$-9,$0,$-8
4,2017-09-30,27.38,$17.24,1.59,$53.09,0.52,$-3.03,0.0,$1.59,17.22,$0.24B,$0.11B,2.26,$0.02B,$0.20B,0.1,$0.60B,$0.06B,10.60%,$0.60B,$0.03B,4.97%,$0.60B,$0.03B,4.80%,$0.60B,$0.04B,5.96%,$0.60B,$0.03B,4.80%,$0.60B,$0.02B,2.81%,$0.02B,$0.20B,8.96%,$0.02B,$0.18B,9.55%,$0.02B,$0.32B,5.44%,$0.03B,$0.22B,14.74%,$153,$138,$16,$0,$9,$147,$7,$0,$7,$2,$4,$4,$4,$9,$7,$11,11,$0.39,$0.39,$33,$65,$0,$237,$74,$0,$12,$1,$86,$323,$105,$20,$0,$22,$127,$0,$48,$-3,$196,$323,$14,$4,$-0,$4,$-9,$1,$-7,$2,$-9,$9,$-18,$0,$0,$0,$0,$0,$0,$-18,$0,$15,$15,$0,$0,$-6,$0,$9,$2,$0,$-6
5,2017-06-30,24.17,$16.85,1.43,$52.58,0.46,$-4.00,0.0,$1.69,14.3,$0.24B,$0.11B,2.22,$0.02B,$0.19B,0.1,$0.60B,$0.07B,10.85%,$0.60B,$0.03B,5.34%,$0.60B,$0.03B,5.18%,$0.60B,$0.04B,6.18%,$0.60B,$0.03B,5.18%,$0.60B,$0.02B,3.17%,$0.02B,$0.19B,10.17%,$0.02B,$0.18B,10.86%,$0.02B,$0.32B,6.21%,$0.03B,$0.21B,15.96%,$153,$135,$18,$0,$9,$144,$9,$0,$9,$3,$5,$5,$5,$10,$9,$11,11,$0.48,$0.48,$32,$68,$0,$239,$71,$0,$12,$1,$83,$321,$108,$20,$0,$22,$130,$0,$46,$-5,$192,$321,$9,$3,$-0,$2,$-8,$-3,$-3,$1,$-10,$1,$-13,$0,$0,$0,$0,$0,$0,$-13,$0,$15,$15,$0,$0,$-4,$0,$11,$1,$0,$-4
6,2017-03-31,25.45,$16.42,1.55,$52.85,0.48,$-5.25,0.0,$1.79,14.22,$0.23B,$0.11B,2.11,$0.01B,$0.19B,0.05,$0.60B,$0.07B,10.96%,$0.60B,$0.03B,5.48%,$0.60B,$0.03B,5.48%,$0.60B,$0.04B,6.48%,$0.60B,$0.03B,5.32%,$0.60B,$0.02B,3.49%,$0.02B,$0.19B,11.41%,$0.02B,$0.18B,12.19%,$0.02B,$0.31B,6.95%,$0.03B,$0.20B,16.69%,$149,$134,$15,$0,$9,$143,$6,$-0,$6,$2,$4,$4,$4,$8,$6,$11,11,$0.34,$0.34,$24,$68,$0,$231,$65,$0,$12,$1,$77,$308,$109,$10,$0,$12,$121,$0,$43,$-7,$186,$308,$4,$1,$0,$2,$-7,$-3,$2,$-1,$-8,$-3,$-6,$0,$0,$0,$0,$0,$0,$-6,$0,$5,$5,$0,$0,$-2,$0,$3,$-7,$0,$-2
7,2016-12-31,25.36,$16.27,1.56,$52.85,0.48,$-5.60,0.0,$1.75,14.49,$0.23B,$0.11B,2.13,$0.01B,$0.19B,0.03,$0.60B,$0.06B,10.63%,$0.60B,$0.03B,5.32%,$0.60B,$0.03B,5.32%,$0.60B,$0.04B,6.15%,$0.60B,$0.03B,5.15%,$0.60B,$0.02B,3.32%,$0.02B,$0.19B,11.03%,$0.02B,$0.17B,11.80%,$0.02B,$0.30B,6.68%,$0.03B,$0.19B,16.41%,$149,$133,$15,$0,$7,$141,$8,$0,$7,$3,$4,$4,$4,$9,$7,$11,11,$0.39,$0.38,$31,$64,$0,$226,$60,$0,$12,$1,$72,$297,$106,$5,$0,$7,$113,$0,$41,$-7,$185,$297,$20,$5,$3,$8,$-17,$1,$13,$-3,$-7,$21,$-25,$0,$0,$0,$0,$0,$0,$-25,$0,$5,$5,$0,$0,$-8,$0,$-3,$-7,$0,$-8
8,2016-09-30,21.71,$16.20,1.34,$51.80,0.42,$-4.51,0.0,$1.71,12.69,$0.23B,$0.09B,2.52,$0.02B,$0.18B,0.11,$0.59B,$0.06B,10.87%,$0.59B,$0.03B,5.26%,$0.59B,$0.03B,5.43%,$0.59B,$0.04B,6.28%,$0.59B,$0.03B,5.09%,$0.59B,$0.02B,3.40%,$0.02B,$0.18B,11.20%,$0.02B,$0.17B,11.99%,$0.02B,$0.30B,6.85%,$0.03B,$0.20B,16.23%,$148,$130,$17,$0,$8,$139,$9,$0,$9,$3,$6,$6,$6,$10,$9,$11,11,$0.49,$0.49,$33,$65,$0,$230,$55,$0,$12,$1,$67,$297,$91,$20,$0,$22,$114,$0,$38,$-5,$184,$297,$15,$3,$0,$4,$-18,$1,$-4,$-1,$-20,$-1,$-19,$0,$0,$0,$0,$0,$0,$-19,$0,$20,$20,$0,$0,$-6,$0,$14,$-6,$0,$-6
9,2016-06-30,19.46,$15.95,1.22,$49.92,0.39,$-2.02,0.0,$1.50,12.97,$0.25B,$0.10B,2.36,$0.02B,$0.18B,0.11,$0.57B,$0.06B,10.58%,$0.57B,$0.03B,4.76%,$0.57B,$0.03B,4.94%,$0.57B,$0.03B,5.82%,$0.57B,$0.03B,4.59%,$0.57B,$0.02B,3.00%,$0.02B,$0.18B,9.67%,$0.02B,$0.17B,10.35%,$0.02B,$0.31B,5.94%,$0.03B,$0.20B,14.73%,$156,$137,$19,$0,$8,$146,$10,$0,$10,$4,$7,$7,$7,$12,$11,$11,11,$0.58,$0.58,$30,$69,$0,$245,$50,$0,$12,$1,$63,$307,$104,$20,$0,$22,$126,$0,$35,$-4,$181,$307,$10,$2,$0,$2,$-29,$-3,$6,$-2,$-25,$-13,$-13,$0,$0,$0,$0,$0,$0,$-13,$0,$20,$20,$0,$0,$-4,$0,$16,$-9,$0,$-4
10,2016-03-31,19.02,$15.46,1.23,$49.53,0.38,$0.36,52.64,$1.44,13.21,$0.24B,$0.11B,2.21,$0.01B,$0.18B,0.06,$0.56B,$0.06B,10.48%,$0.56B,$0.03B,4.62%,$0.56B,$0.03B,4.80%,$0.56B,$0.03B,5.68%,$0.56B,$0.03B,4.44%,$0.56B,$0.02B,2.84%,$0.02B,$0.18B,9.24%,$0.02B,$0.16B,9.88%,$0.02B,$0.30B,5.74%,$0.03B,$0.19B,14.79%,$149,$136,$13,$0,$8,$144,$5,$0,$5,$2,$3,$3,$3,$6,$5,$11,11,$0.30,$0.30,$33,$71,$0,$240,$44,$0,$12,$1,$56,$296,$109,$10,$0,$12,$121,$0,$30,$-5,$175,$296,$3,$1,$0,$1,$-20,$-5,$14,$-2,$-12,$-8,$-6,$0,$0,$0,$0,$0,$0,$-6,$0,$10,$10,$0,$0,$-2,$0,$8,$-5,$0,$-2
11,2015-12-31,20.25,$15.33,1.32,$47.60,0.43,$1.69,12.0,$1.41,14.36,$0.22B,$0.09B,2.28,$0.00B,$0.17B,0.0,$0.54B,$0.06B,10.72%,$0.54B,$0.03B,4.62%,$0.54B,$0.03B,4.81%,$0.54B,$0.03B,5.73%,$0.54B,$0.02B,4.44%,$0.54B,$0.02B,2.96%,$0.02B,$0.17B,9.33%,$0.02B,$0.16B,10.00%,$0.02B,$0.27B,5.88%,$0.03B,$0.17B,14.58%,$136,$121,$15,$0,$9,$129,$7,$0,$6,$2,$4,$4,$4,$9,$7,$11,11,$0.34,$0.34,$38,$66,$0,$216,$39,$0,$12,$0,$53,$268,$94,$0,$0,$0,$94,$0,$29,$-5,$174,$268,$16,$4,$1,$5,$6,$-11,$4,$-0,$-1,$20,$-12,$0,$0,$0,$0,$0,$0,$-12,$0,$0,$0,$0,$0,$-7,$0,$-7,$-1,$0,$-7
12,2015-09-30,18.04,$15.27,1.18,$48.60,0.37,$1.37,13.21,$1.57,11.49,$0.23B,$0.10B,2.3,$0.00B,$0.17B,0.0,$0.55B,$0.06B,10.85%,$0.55B,$0.03B,4.88%,$0.55B,$0.03B,5.06%,$0.55B,$0.03B,5.79%,$0.55B,$0.03B,4.88%,$0.55B,$0.02B,3.25%,$0.02B,$0.17B,10.59%,$0.02B,$0.16B,11.34%,$0.02B,$0.27B,6.65%,$0.03B,$0.17B,15.88%,$126,$113,$13,$0,$8,$121,$5,$0,$5,$2,$3,$3,$3,$6,$5,$11,11,$0.28,$0.28,$41,$64,$0,$227,$35,$0,$12,$0,$47,$274,$99,$0,$0,$2,$101,$0,$26,$-4,$173,$274,$12,$3,$0,$3,$-0,$-9,$7,$-1,$-2,$14,$-6,$0,$0,$0,$0,$0,$0,$-6,$0,$0,$0,$0,$0,$-5,$0,$-5,$1,$0,$-5
13,2015-06-30,18.27,$15.12,1.21,$47.93,0.38,$0.56,32.69,$1.60,11.42,$0.23B,$0.10B,2.24,$0.00B,$0.17B,0.0,$0.55B,$0.06B,11.01%,$0.55B,$0.03B,5.14%,$0.55B,$0.03B,5.32%,$0.55B,$0.03B,6.06%,$0.55B,$0.03B,5.14%,$0.55B,$0.02B,3.30%,$0.02B,$0.17B,10.70%,$0.02B,$0.16B,11.46%,$0.02B,$0.28B,6.80%,$0.03B,$0.17B,16.64%,$152,$134,$18,$0,$8,$142,$9,$0,$9,$4,$6,$6,$6,$11,$10,$11,11,$0.52,$0.52,$36,$58,$0,$232,$33,$0,$12,$1,$45,$277,$104,$0,$0,$2,$106,$0,$25,$-4,$171,$277,$9,$2,$0,$2,$-16,$-2,$12,$-2,$-7,$4,$-3,$0,$0,$0,$0,$0,$0,$-3,$0,$0,$0,$0,$0,$-4,$0,$-3,$-4,$0,$-4
14,2015-03-31,22.26,$14.83,1.5,$45.38,0.49,$0.37,59.4,$1.38,16.13,$0.23B,$0.10B,2.27,$0.00B,$0.17B,0.0,$0.52B,$0.06B,10.68%,$0.52B,$0.02B,4.66%,$0.52B,$0.02B,4.66%,$0.52B,$0.03B,5.44%,$0.52B,$0.02B,4.66%,$0.52B,$0.02B,2.91%,$0.02B,$0.17B,9.00%,$0.02B,$0.16B,9.65%,$0.02B,$0.27B,5.87%,$0.02B,$0.17B,14.39%,$127,$115,$12,$0,$7,$122,$4,$0,$4,$1,$3,$3,$3,$5,$4,$11,11,$0.27,$0.27,$38,$62,$0,$225,$32,$0,$12,$1,$45,$269,$99,$0,$0,$2,$101,$0,$21,$-3,$168,$269,$3,$1,$0,$1,$-0,$-6,$10,$-3,$-1,$3,$-1,$0,$0,$0,$0,$0,$0,$-1,$0,$0,$0,$0,$0,$-2,$0,$-2,$-1,$0,$-2
15,2014-12-31,18.76,$14.90,1.26,$43.40,0.43,$0.15,127.69,$1.32,14.21,$0.22B,$0.09B,2.38,$0.00B,$0.17B,0.0,$0.49B,$0.05B,10.98%,$0.49B,$0.02B,4.88%,$0.49B,$0.02B,4.88%,$0.49B,$0.03B,5.69%,$0.49B,$0.02B,4.88%,$0.49B,$0.01B,2.85%,$0.01B,$0.17B,8.45%,$0.01B,$0.16B,9.06%,$0.01B,$0.26B,5.70%,$0.02B,$0.17B,14.48%,$148,$131,$17,$0,$7,$139,$9,$0,$9,$3,$6,$6,$6,$10,$9,$11,11,$0.50,$0.49,$40,$56,$0,$218,$32,$0,$12,$0,$44,$262,$92,$0,$0,$2,$94,$0,$20,$-1,$168,$262,$15,$4,$1,$5,$-36,$-3,$25,$0,$-9,$10,$-5,$0,$0,$0,$0,$0,$0,$-5,$0,$0,$0,$0,$0,$-7,$0,$-7,$-3,$0,$-7
16,2014-09-30,15.12,$14.71,1.03,$39.95,0.38,$-0.37,0.0,$1.03,14.68,$0.21B,$0.08B,2.5,$0.00B,$0.17B,0.0,$0.45B,$0.05B,10.62%,$0.45B,$0.02B,4.20%,$0.45B,$0.02B,4.20%,$0.45B,$0.02B,5.09%,$0.45B,$0.02B,4.20%,$0.45B,$0.01B,2.21%,$0.01B,$0.17B,6.09%,$0.01B,$0.16B,6.55%,$0.01B,$0.25B,4.22%,$0.02B,$0.17B,11.57%,$118,$105,$13,$0,$7,$113,$6,$0,$6,$2,$3,$3,$3,$7,$6,$11,11,$0.31,$0.31,$36,$66,$0,$208,$32,$0,$12,$0,$44,$251,$83,$0,$0,$2,$85,$0,$16,$0,$166,$251,$9,$3,$0,$3,$-18,$-12,$19,$-1,$-10,$2,$-4,$0,$0,$0,$0,$0,$0,$-4,$0,$0,$0,$0,$0,$-5,$0,$-5,$-7,$0,$-5
17,2014-06-30,18.27,$14.63,1.25,$38.80,0.47,$-0.58,0.0,$0.95,19.23,$0.20B,$0.07B,2.68,$0.00B,$0.17B,0.0,$0.44B,$0.05B,10.48%,$0.44B,$0.02B,3.87%,$0.44B,$0.02B,3.87%,$0.44B,$0.02B,4.78%,$0.44B,$0.02B,3.87%,$0.44B,$0.01B,2.28%,$0.01B,$0.17B,6.14%,$0.01B,$0.15B,6.62%,$0.01B,$0.24B,4.33%,$0.02B,$0.17B,10.45%,$122,$110,$13,$0,$7,$117,$5,$0,$5,$2,$3,$3,$3,$6,$5,$11,11,$0.30,$0.30,$39,$55,$0,$198,$31,$0,$12,$0,$43,$241,$74,$0,$0,$2,$76,$0,$14,$1,$165,$241,$6,$2,$0,$2,$-15,$-1,$10,$-2,$-6,$1,$-2,$0,$0,$0,$0,$0,$0,$-2,$0,$0,$0,$0,$0,$-3,$0,$-3,$-4,$0,$-3
18,2014-03-31,17.21,$14.47,1.19,$37.37,0.46,$-0.74,0.0,$0.91,18.91,$0.19B,$0.06B,2.94,$0.00B,$0.16B,0.0,$0.42B,$0.05B,10.64%,$0.42B,$0.02B,3.78%,$0.42B,$0.02B,3.78%,$0.42B,$0.02B,4.73%,$0.42B,$0.02B,3.78%,$0.42B,$0.01B,2.36%,$0.01B,$0.16B,6.20%,$0.01B,$0.15B,6.70%,$0.01B,$0.23B,4.41%,$0.02B,$0.16B,9.92%,$104,$93,$11,$0,$7,$101,$4,$0,$4,$1,$2,$2,$2,$5,$4,$11,11,$0.21,$0.21,$41,$57,$0,$187,$30,$0,$12,$0,$42,$229,$64,$0,$0,$2,$65,$0,$12,$1,$164,$229,$2,$1,$0,$1,$-1,$-4,$3,$-2,$-4,$-1,$-0,$0,$0,$0,$0,$0,$0,$-0,$0,$0,$0,$0,$0,$-2,$0,$-1,$-2,$0,$-2
19,2013-12-31,16.29,$14.35,1.13,$35.70,0.46,$-0.67,0.0,$0.82,19.86,$0.18B,$0.06B,2.91,$0.00B,$0.16B,0.0,$0.40B,$0.04B,10.64%,$0.40B,$0.01B,3.47%,$0.40B,$0.01B,3.47%,$0.40B,$0.02B,4.46%,$0.40B,$0.01B,3.47%,$0.40B,$0.01B,2.23%,$0.01B,$0.16B,5.63%,$0.01B,$0.15B,6.09%,$0.01B,$0.23B,4.04%,$0.01B,$0.16B,8.76%,$108,$97,$11,$0,$8,$105,$4,$0,$4,$1,$2,$2,$2,$5,$4,$11,11,$0.21,$0.21,$43,$54,$0,$184,$31,$0,$12,$0,$43,$227,$63,$0,$0,$2,$65,$0,$12,$1,$162,$227,$9,$4,$-0,$4,$-22,$-9,$16,$-0,$-11,$1,$-2,$0,$0,$0,$0,$0,$0,$-2,$0,$0,$0,$1,$1,$-6,$0,$-5,$-6,$0,$-6
20,2013-09-30,14.73,$14.22,1.04,$33.46,0.44,$-0.27,0.0,$0.76,19.38,$0.18B,$0.07B,2.8,$0.00B,$0.16B,0.0,$0.38B,$0.04B,10.85%,$0.38B,$0.01B,3.44%,$0.38B,$0.01B,3.17%,$0.38B,$0.02B,4.50%,$0.38B,$0.01B,3.44%,$0.38B,$0.01B,2.38%,$0.01B,$0.16B,5.68%,$0.01B,$0.15B,6.13%,$0.01B,$0.23B,4.16%,$0.01B,$0.16B,8.20%,$105,$94,$11,$0,$7,$101,$4,$0,$4,$1,$3,$3,$3,$5,$4,$11,11,$0.23,$0.23,$41,$54,$0,$184,$31,$0,$12,$0,$43,$227,$66,$0,$0,$2,$67,$0,$11,$-0,$160,$227,$7,$3,$0,$3,$-24,$-9,$21,$-1,$-11,$-2,$-2,$0,$0,$0,$0,$0,$0,$-2,$0,$0,$0,$1,$1,$-5,$0,$-4,$-7,$0,$-5
21,2013-06-30,13.23,$14.13,0.94,$31.10,0.43,$-0.11,0.0,$0.79,16.74,$0.18B,$0.06B,2.81,$0.00B,$0.16B,0.0,$0.35B,$0.04B,11.11%,$0.35B,$0.01B,3.13%,$0.35B,$0.01B,3.13%,$0.35B,$0.02B,4.56%,$0.35B,$0.01B,3.13%,$0.35B,$0.01B,2.56%,$0.01B,$0.16B,5.71%,$0.01B,$0.15B,6.17%,$0.01B,$0.23B,4.28%,$0.01B,$0.16B,6.98%,$106,$94,$12,$0,$7,$101,$4,$0,$4,$2,$3,$3,$3,$5,$4,$11,11,$0.26,$0.26,$43,$51,$0,$181,$32,$0,$12,$0,$44,$225,$64,$0,$0,$2,$66,$0,$10,$-0,$159,$225,$4,$2,$0,$2,$-21,$-7,$18,$-1,$-7,$-1,$-2,$0,$0,$0,$0,$0,$0,$-2,$0,$0,$0,$0,$0,$-3,$0,$-3,$-5,$0,$-3
22,2013-03-31,13.69,$14.05,0.97,$29.51,0.46,$-0.42,0.0,$0.76,18.01,$0.17B,$0.05B,3.19,$0.00B,$0.16B,0.0,$0.33B,$0.04B,11.45%,$0.33B,$0.01B,3.31%,$0.33B,$0.01B,3.31%,$0.33B,$0.02B,4.82%,$0.33B,$0.01B,3.31%,$0.33B,$0.01B,2.71%,$0.01B,$0.16B,5.76%,$0.01B,$0.15B,6.23%,$0.01B,$0.21B,4.37%,$0.01B,$0.16B,7.04%,$85,$76,$9,$0,$7,$83,$2,$0,$2,$1,$1,$1,$1,$3,$2,$11,11,$0.12,$0.12,$47,$50,$0,$168,$32,$0,$12,$0,$44,$212,$53,$0,$0,$2,$55,$0,$9,$0,$158,$212,$1,$1,$0,$1,$-5,$-5,$9,$-1,$-1,$1,$-1,$0,$0,$0,$0,$0,$0,$-1,$0,$0,$0,$0,$0,$-2,$0,$-1,$-1,$0,$-2
23,2012-12-31,12.9,$14.11,0.91,$30.45,0.42,$-1.48,0.0,$0.82,15.73,$0.16B,$0.04B,3.67,$0.00B,$0.16B,0.0,$0.34B,$0.04B,11.70%,$0.34B,$0.01B,3.80%,$0.34B,$0.01B,3.80%,$0.34B,$0.02B,5.26%,$0.34B,$0.01B,3.51%,$0.34B,$0.01B,2.92%,$0.01B,$0.16B,6.44%,$0.01B,$0.15B,6.97%,$0.01B,$0.20B,4.82%,$0.01B,$0.16B,8.37%,$82,$73,$9,$0,$7,$80,$3,$-0,$3,$1,$2,$2,$2,$4,$2,$11,11,$0.15,$0.15,$49,$45,$0,$158,$32,$0,$12,$0,$44,$202,$43,$0,$0,$2,$45,$0,$9,$-0,$157,$202,$9,$4,$1,$5,$2,$3,$-9,$0,$-8,$6,$-3,$0,$0,$0,$0,$0,$0,$-3,$-0,$0,$-0,$1,$1,$-6,$0,$-5,$-2,$0,$-6
24,2012-09-30,13.45,$14.06,0.96,$32.26,0.42,$0.35,37.92,$1.10,12.23,$0.16B,$0.04B,3.58,$0.00B,$0.16B,0.0,$0.37B,$0.05B,12.74%,$0.37B,$0.02B,4.88%,$0.37B,$0.02B,5.15%,$0.37B,$0.02B,6.23%,$0.37B,$0.02B,4.61%,$0.37B,$0.01B,3.52%,$0.01B,$0.16B,8.43%,$0.01B,$0.14B,9.14%,$0.01B,$0.20B,6.19%,$0.02B,$0.16B,11.67%,$78,$69,$9,$0,$7,$76,$2,$0,$2,$-0,$3,$3,$3,$4,$3,$11,11,$0.26,$0.26,$43,$45,$0,$158,$32,$0,$12,$0,$44,$202,$44,$0,$0,$2,$46,$0,$9,$-1,$156,$202,$7,$3,$2,$4,$-2,$3,$-8,$0,$-12,$0,$-2,$0,$0,$0,$0,$0,$0,$-2,$-0,$0,$-0,$0,$0,$-4,$0,$-4,$-7,$0,$-4
25,2012-06-30,13.24,$13.90,0.95,$33.42,0.4,$0.80,16.51,$1.25,10.6,$0.16B,$0.05B,3.15,$0.00B,$0.15B,0.0,$0.39B,$0.05B,13.92%,$0.39B,$0.02B,6.19%,$0.39B,$0.02B,6.19%,$0.39B,$0.03B,7.22%,$0.39B,$0.02B,5.93%,$0.39B,$0.02B,3.87%,$0.02B,$0.15B,9.72%,$0.02B,$0.14B,10.54%,$0.02B,$0.21B,7.04%,$0.02B,$0.15B,15.56%,$87,$77,$11,$0,$7,$83,$4,$0,$4,$2,$3,$3,$3,$5,$4,$11,11,$0.23,$0.23,$41,$48,$0,$163,$33,$0,$12,$0,$44,$208,$52,$0,$0,$2,$54,$0,$7,$-1,$154,$208,$5,$2,$0,$2,$-7,$-0,$-3,$-0,$-12,$-5,$-1,$0,$0,$0,$0,$0,$0,$-1,$-0,$0,$-0,$0,$0,$-3,$0,$-2,$-9,$0,$-3
26,2012-03-31,13.95,$13.94,1.0,$33.59,0.42,$2.08,6.72,$1.49,9.36,$0.17B,$0.06B,2.81,$0.00B,$0.15B,0.0,$0.40B,$0.06B,15.04%,$0.40B,$0.03B,7.52%,$0.40B,$0.03B,7.52%,$0.40B,$0.03B,8.52%,$0.40B,$0.03B,7.27%,$0.40B,$0.02B,4.51%,$0.02B,$0.15B,11.48%,$0.02B,$0.14B,12.44%,$0.02B,$0.22B,8.30%,$0.03B,$0.15B,19.14%,$95,$84,$11,$0,$7,$91,$4,$-1,$3,$1,$2,$2,$2,$5,$4,$11,11,$0.18,$0.18,$38,$52,$0,$173,$33,$0,$12,$0,$45,$218,$61,$0,$0,$2,$64,$0,$6,$0,$154,$218,$2,$1,$0,$1,$-14,$-4,$6,$-1,$-14,$-11,$-1,$0,$0,$0,$0,$0,$0,$-1,$-0,$0,$-0,$0,$0,$-1,$0,$-1,$-13,$0,$-1
27,2011-12-31,12.87,$13.88,0.93,$34.04,0.38,$2.56,5.03,$1.92,6.7,$0.17B,$0.06B,2.92,$0.00B,$0.15B,0.0,$0.41B,$0.07B,16.95%,$0.41B,$0.04B,9.44%,$0.41B,$0.04B,9.44%,$0.41B,$0.04B,10.17%,$0.41B,$0.04B,9.20%,$0.41B,$0.02B,5.57%,$0.02B,$0.15B,14.58%,$0.02B,$0.14B,15.75%,$0.02B,$0.21B,10.48%,$0.04B,$0.15B,24.72%,$109,$93,$16,$0,$8,$101,$8,$-0,$8,$3,$5,$5,$5,$9,$8,$12,12,$0.44,$0.43,$50,$48,$0,$167,$33,$0,$12,$0,$45,$212,$57,$0,$0,$2,$59,$0,$5,$0,$153,$212,$23,$4,$-0,$3,$-1,$-9,$6,$1,$2,$28,$-3,$0,$0,$0,$0,$0,$0,$-3,$-0,$0,$-0,$-17,$-17,$-6,$1,$-22,$4,$0,$-6
28,2011-09-30,14.08,$13.82,1.02,$31.46,0.45,$1.45,9.73,$1.79,7.87,$0.17B,$0.06B,3.03,$0.00B,$0.16B,0.0,$0.38B,$0.07B,17.45%,$0.38B,$0.04B,9.64%,$0.38B,$0.04B,9.64%,$0.38B,$0.04B,10.42%,$0.38B,$0.04B,9.38%,$0.38B,$0.02B,5.73%,$0.02B,$0.16B,13.99%,$0.02B,$0.14B,15.12%,$0.02B,$0.21B,10.16%,$0.04B,$0.16B,23.53%,$97,$81,$16,$0,$7,$89,$8,$-0,$8,$3,$5,$5,$5,$9,$8,$12,12,$0.42,$0.41,$36,$55,$0,$170,$32,$0,$12,$0,$44,$214,$56,$0,$0,$2,$58,$0,$2,$2,$156,$214,$18,$3,$0,$3,$-12,$-15,$5,$2,$-17,$4,$-0,$0,$0,$0,$0,$0,$0,$-0,$-0,$0,$-0,$-12,$-12,$-4,$1,$-15,$-11,$0,$-4
29,2011-06-30,15.07,$13.73,1.1,$29.43,0.51,$1.93,7.82,$1.62,9.3,$0.18B,$0.06B,3.13,$0.00B,$0.16B,0.0,$0.36B,$0.06B,17.17%,$0.36B,$0.03B,9.42%,$0.36B,$0.03B,9.42%,$0.36B,$0.04B,10.25%,$0.36B,$0.03B,9.14%,$0.36B,$0.02B,5.54%,$0.02B,$0.16B,12.92%,$0.02B,$0.15B,13.96%,$0.02B,$0.22B,9.52%,$0.03B,$0.16B,21.97%,$98,$80,$17,$0,$8,$88,$10,$-0,$10,$4,$6,$6,$6,$11,$10,$12,12,$0.49,$0.47,$55,$50,$0,$179,$32,$0,$12,$0,$44,$223,$57,$0,$0,$2,$59,$0,$-2,$2,$164,$223,$13,$2,$0,$2,$-7,$-10,$4,$1,$-6,$9,$0,$0,$0,$0,$0,$0,$0,$0,$-0,$0,$-0,$1,$1,$-3,$0,$-2,$9,$0,$-3
30,2011-03-31,13.0,$13.39,0.97,$28.16,0.46,$1.66,7.83,$1.41,9.22,$0.18B,$0.07B,2.69,$0.00B,$0.16B,0.0,$0.34B,$0.06B,16.57%,$0.34B,$0.03B,8.43%,$0.34B,$0.03B,8.43%,$0.34B,$0.03B,9.30%,$0.34B,$0.03B,8.14%,$0.34B,$0.02B,4.94%,$0.02B,$0.16B,11.39%,$0.02B,$0.15B,12.32%,$0.02B,$0.23B,8.49%,$0.03B,$0.16B,19.43%,$109,$88,$21,$0,$8,$96,$13,$-0,$12,$5,$7,$7,$7,$13,$13,$12,12,$0.63,$0.61,$39,$53,$0,$184,$33,$0,$12,$0,$45,$229,$69,$0,$0,$2,$71,$0,$-6,$1,$158,$229,$7,$1,$1,$2,$-24,$-14,$16,$1,$-17,$-8,$0,$0,$0,$0,$0,$0,$0,$1,$-0,$0,$-0,$1,$1,$-1,$0,$-1,$-7,$0,$-1
31,2010-12-31,11.3,$12.86,0.88,$25.25,0.45,$2.62,4.32,$0.97,11.65,$0.15B,$0.05B,3.26,$0.00B,$0.15B,0.0,$0.31B,$0.05B,14.98%,$0.31B,$0.02B,6.19%,$0.31B,$0.02B,6.19%,$0.31B,$0.02B,7.49%,$0.31B,$0.02B,6.19%,$0.31B,$0.01B,3.91%,$0.01B,$0.15B,8.29%,$0.01B,$0.14B,8.99%,$0.01B,$0.20B,6.40%,$0.02B,$0.15B,13.13%,$80,$67,$13,$0,$7,$74,$6,$-0,$6,$2,$4,$4,$4,$7,$6,$12,12,$0.31,$0.29,$46,$39,$0,$154,$34,$0,$12,$0,$46,$200,$47,$0,$0,$2,$49,$0,$-12,$0,$151,$200,$12,$4,$7,$10,$-16,$-4,$15,$-2,$-4,$18,$-5,$0,$0,$0,$0,$0,$0,$-5,$-0,$0,$-0,$0,$0,$-1,$-0,$-1,$10,$0,$-1
32,2010-09-30,10.75,$12.50,0.86,$24.33,0.44,$3.20,3.35,$0.84,12.79,$0.14B,$0.04B,3.42,$0.00B,$0.15B,0.0,$0.29B,$0.04B,14.63%,$0.29B,$0.02B,5.44%,$0.29B,$0.02B,5.44%,$0.29B,$0.02B,6.80%,$0.29B,$0.02B,5.44%,$0.29B,$0.01B,3.40%,$0.01B,$0.15B,7.03%,$0.01B,$0.14B,7.62%,$0.01B,$0.19B,5.54%,$0.02B,$0.15B,11.25%,$74,$62,$11,$0,$6,$69,$5,$-0,$5,$2,$3,$3,$3,$6,$5,$12,12,$0.25,$0.24,$43,$30,$0,$142,$34,$0,$12,$0,$46,$188,$42,$0,$0,$0,$42,$0,$-16,$-0,$146,$188,$8,$3,$5,$8,$-18,$5,$10,$-1,$-2,$14,$-4,$0,$0,$0,$0,$0,$0,$-4,$-0,$0,$-0,$0,$0,$-1,$-0,$-1,$7,$0,$-1
33,2010-06-30,10.7,$12.17,0.88,$23.09,0.46,$4.24,2.53,$0.74,14.46,$0.14B,$0.04B,3.29,$0.00B,$0.14B,0.0,$0.28B,$0.04B,14.75%,$0.28B,$0.01B,5.04%,$0.28B,$0.01B,5.04%,$0.28B,$0.02B,6.47%,$0.28B,$0.01B,5.04%,$0.28B,$0.01B,3.24%,$0.01B,$0.14B,6.42%,$0.01B,$0.13B,6.96%,$0.01B,$0.18B,5.11%,$0.01B,$0.14B,9.98%,$81,$69,$12,$0,$7,$76,$5,$-0,$5,$2,$3,$3,$3,$6,$5,$12,12,$0.27,$0.26,$39,$33,$0,$138,$34,$0,$12,$0,$46,$184,$42,$0,$0,$0,$42,$0,$-19,$-1,$142,$184,$5,$2,$3,$5,$-14,$1,$11,$-0,$-1,$9,$-4,$0,$0,$0,$0,$0,$0,$-3,$-0,$0,$-0,$0,$0,$-1,$-0,$-1,$3,$0,$-1
34,2010-03-31,9.87,$12.07,0.82,$20.99,0.47,$4.69,2.11,$0.60,16.45,$0.13B,$0.04B,3.52,$0.00B,$0.14B,0.0,$0.25B,$0.04B,14.74%,$0.25B,$0.01B,4.38%,$0.25B,$0.01B,4.38%,$0.25B,$0.02B,5.98%,$0.25B,$0.01B,4.38%,$0.25B,$0.01B,2.79%,$0.01B,$0.14B,5.05%,$0.01B,$0.13B,5.48%,$0.01B,$0.18B,4.10%,$0.01B,$0.14B,7.93%,$72,$62,$10,$0,$6,$69,$3,$-0,$3,$1,$2,$2,$2,$4,$3,$12,12,$0.17,$0.17,$38,$34,$0,$133,$32,$0,$12,$0,$46,$178,$38,$0,$0,$0,$38,$0,$-22,$0,$140,$178,$2,$1,$1,$2,$-8,$1,$8,$0,$1,$5,$-0,$0,$0,$0,$0,$0,$0,$-0,$-0,$0,$-0,$0,$0,$-1,$0,$-1,$2,$0,$-1
35,2009-12-31,8.94,$12.16,0.73,$20.06,0.45,$4.66,1.92,$0.51,17.53,$0.13B,$0.03B,4.06,$0.00B,$0.14B,0.0,$0.24B,$0.04B,14.71%,$0.24B,$0.01B,4.20%,$0.24B,$0.01B,4.20%,$0.24B,$0.01B,5.88%,$0.24B,$0.01B,4.20%,$0.24B,$0.01B,2.52%,$0.01B,$0.14B,4.38%,$0.01B,$0.13B,4.77%,$0.01B,$0.17B,3.58%,$0.01B,$0.14B,7.30%,$67,$57,$10,$0,$7,$64,$3,$-0,$3,$1,$2,$2,$2,$4,$3,$12,12,$0.17,$0.17,$36,$36,$0,$125,$32,$0,$12,$0,$47,$172,$31,$0,$0,$0,$31,$0,$-23,$2,$141,$172,$6,$4,$3,$7,$8,$9,$-9,$-0,$7,$20,$-1,$0,$0,$0,$0,$0,$0,$-1,$-4,$0,$-4,$0,$0,$0,$0,$-4,$17,$0,$0
36,2009-09-30,8.67,$11.92,0.73,$19.74,0.44,$3.05,2.85,$0.40,21.66,$0.12B,$0.03B,3.63,$0.00B,$0.14B,0.0,$0.23B,$0.03B,14.59%,$0.23B,$0.01B,3.86%,$0.23B,$0.01B,3.86%,$0.23B,$0.01B,5.58%,$0.23B,$0.01B,3.43%,$0.23B,$0.01B,2.15%,$0.01B,$0.14B,3.71%,$0.01B,$0.13B,4.06%,$0.01B,$0.17B,2.97%,$0.01B,$0.14B,6.65%,$58,$49,$9,$0,$6,$55,$3,$-0,$3,$1,$2,$2,$2,$4,$3,$12,12,$0.15,$0.14,$38,$36,$0,$119,$33,$0,$12,$0,$52,$171,$33,$0,$0,$0,$33,$0,$-25,$2,$138,$171,$4,$3,$2,$4,$12,$9,$-7,$-0,$14,$22,$-1,$0,$0,$0,$0,$0,$0,$-0,$-4,$0,$-4,$0,$0,$0,$0,$-4,$19,$0,$0
37,2009-06-30,6.93,$11.75,0.59,$20.69,0.34,$1.12,6.21,$0.34,20.39,$0.11B,$0.03B,4.23,$0.00B,$0.14B,0.0,$0.24B,$0.03B,13.64%,$0.24B,$0.01B,3.31%,$0.24B,$0.01B,3.31%,$0.24B,$0.01B,4.96%,$0.24B,$0.01B,2.48%,$0.24B,$0.00B,1.65%,$0.00B,$0.14B,2.99%,$0.00B,$0.13B,3.27%,$0.00B,$0.16B,2.34%,$0.01B,$0.14B,5.93%,$54,$46,$8,$0,$6,$52,$2,$0,$2,$1,$1,$1,$1,$3,$2,$12,12,$0.12,$0.12,$27,$38,$0,$109,$34,$0,$12,$0,$53,$162,$26,$0,$0,$0,$26,$0,$-26,$1,$136,$162,$2,$2,$1,$3,$15,$6,$-14,$-1,$6,$11,$-0,$0,$0,$0,$0,$0,$0,$-0,$-4,$0,$-4,$0,$0,$0,$0,$-4,$8,$0,$0
38,2009-03-31,5.04,$11.43,0.44,$22.54,0.22,$0.13,38.19,$0.31,16.26,$0.11B,$0.03B,3.4,$0.00B,$0.13B,0.0,$0.26B,$0.03B,12.55%,$0.26B,$0.01B,3.04%,$0.26B,$0.01B,3.04%,$0.26B,$0.01B,4.56%,$0.26B,$0.01B,2.28%,$0.26B,$0.00B,1.52%,$0.00B,$0.13B,2.99%,$0.00B,$0.12B,3.29%,$0.00B,$0.17B,2.26%,$0.01B,$0.13B,5.90%,$59,$50,$8,$0,$6,$57,$2,$-0,$2,$1,$1,$1,$1,$3,$2,$12,12,$0.08,$0.08,$21,$44,$0,$112,$34,$0,$12,$0,$54,$166,$33,$0,$0,$0,$33,$0,$-28,$-1,$133,$166,$1,$1,$1,$2,$11,$-2,$-8,$-2,$2,$4,$-0,$0,$0,$0,$0,$0,$0,$-0,$-2,$0,$-2,$0,$0,$0,$0,$-2,$2,$0,$0
39,2008-12-31,4.18,$11.38,0.37,$23.31,0.18,$-0.11,0.0,$0.31,13.47,$0.12B,$0.04B,2.99,$0.00B,$0.13B,0.02,$0.27B,$0.03B,12.13%,$0.27B,$0.01B,2.94%,$0.27B,$0.01B,2.94%,$0.27B,$0.01B,4.41%,$0.27B,$0.01B,1.84%,$0.27B,$0.00B,1.47%,$0.00B,$0.13B,2.99%,$0.00B,$0.12B,3.28%,$0.00B,$0.17B,2.21%,$0.01B,$0.13B,5.86%,$62,$53,$9,$0,$7,$60,$2,$-1,$1,$0,$1,$1,$1,$3,$2,$12,12,$0.06,$0.06,$19,$43,$0,$119,$35,$0,$12,$0,$55,$174,$40,$2,$0,$2,$42,$0,$-29,$-0,$132,$174,$4,$4,$2,$5,$12,$-7,$-11,$-0,$-4,$5,$-5,$0,$0,$0,$0,$0,$0,$-5,$-2,$0,$-2,$0,$0,$0,$-0,$-2,$-4,$0,$0
40,2008-09-30,5.84,$11.61,0.5,$25.25,0.23,$1.63,3.59,$0.46,12.69,$0.13B,$0.05B,2.79,$0.00B,$0.14B,0.02,$0.30B,$0.04B,11.86%,$0.30B,$0.01B,3.39%,$0.30B,$0.01B,3.39%,$0.30B,$0.01B,4.75%,$0.30B,$0.01B,2.71%,$0.30B,$0.01B,1.69%,$0.01B,$0.14B,3.73%,$0.01B,$0.12B,4.09%,$0.01B,$0.18B,2.71%,$0.01B,$0.14B,7.29%,$67,$59,$8,$0,$6,$65,$2,$-0,$1,$1,$1,$1,$1,$3,$2,$12,12,$0.08,$0.08,$20,$45,$0,$128,$35,$0,$12,$0,$55,$183,$46,$3,$0,$3,$49,$0,$-29,$3,$135,$183,$3,$3,$1,$3,$9,$-6,$-6,$-1,$-3,$3,$-4,$0,$0,$0,$0,$0,$0,$-4,$-1,$0,$-1,$0,$0,$0,$-0,$-1,$-3,$0,$0
41,2008-06-30,7.85,$11.65,0.67,$27.44,0.29,$2.46,3.19,$0.69,11.37,$0.13B,$0.05B,2.78,$0.00B,$0.14B,0.02,$0.32B,$0.04B,12.46%,$0.32B,$0.02B,4.67%,$0.32B,$0.02B,4.67%,$0.32B,$0.02B,5.61%,$0.32B,$0.01B,4.05%,$0.32B,$0.01B,2.49%,$0.01B,$0.14B,6.04%,$0.01B,$0.12B,6.63%,$0.01B,$0.19B,4.32%,$0.02B,$0.14B,11.01%,$75,$66,$8,$0,$6,$73,$2,$-0,$2,$1,$1,$1,$1,$3,$2,$12,12,$0.09,$0.09,$22,$45,$0,$128,$36,$0,$12,$0,$56,$185,$46,$3,$0,$3,$50,$0,$-30,$4,$135,$185,$2,$2,$0,$2,$11,$-5,$-6,$-1,$-1,$3,$-4,$0,$0,$0,$0,$0,$0,$-4,$-1,$0,$-1,$0,$0,$0,$-0,$-1,$-1,$0,$0
42,2008-03-31,7.59,$11.52,0.66,$30.34,0.25,$3.00,2.53,$1.02,7.44,$0.13B,$0.05B,2.81,$0.00B,$0.13B,0.03,$0.36B,$0.05B,13.52%,$0.36B,$0.02B,6.20%,$0.36B,$0.02B,6.20%,$0.36B,$0.02B,6.76%,$0.36B,$0.02B,5.35%,$0.36B,$0.01B,3.38%,$0.01B,$0.13B,9.23%,$0.01B,$0.12B,10.15%,$0.01B,$0.18B,6.39%,$0.02B,$0.14B,16.42%,$68,$59,$8,$0,$6,$66,$2,$-0,$1,$1,$1,$1,$1,$3,$2,$12,12,$0.08,$0.08,$24,$42,$0,$127,$35,$0,$12,$0,$56,$182,$45,$4,$0,$4,$49,$0,$-31,$4,$134,$182,$1,$1,$0,$1,$13,$-3,$-7,$-1,$2,$3,$-2,$0,$0,$0,$0,$0,$0,$-2,$-0,$0,$-0,$0,$0,$0,$-0,$-0,$1,$0,$0
43,2007-12-31,10.78,$11.43,0.94,$34.31,0.31,$3.30,3.27,$1.40,7.7,$0.13B,$0.05B,2.57,$0.00B,$0.13B,0.03,$0.40B,$0.06B,13.97%,$0.40B,$0.03B,7.23%,$0.40B,$0.03B,7.23%,$0.40B,$0.03B,7.73%,$0.40B,$0.03B,6.48%,$0.40B,$0.02B,3.99%,$0.02B,$0.13B,12.67%,$0.02B,$0.12B,13.97%,$0.02B,$0.19B,8.25%,$0.03B,$0.14B,21.97%,$85,$73,$11,$0,$7,$80,$4,$-0,$4,$1,$2,$2,$2,$5,$4,$12,12,$0.21,$0.21,$23,$39,$0,$134,$34,$0,$12,$1,$55,$189,$52,$4,$0,$4,$57,$0,$-32,$4,$132,$189,$16,$3,$8,$12,$17,$5,$-20,$0,$1,$29,$-9,$0,$0,$0,$0,$0,$0,$-8,$-2,$-5,$-7,$1,$1,$0,$-0,$-6,$15,$0,$0
44,2007-09-30,13.49,$11.11,1.21,$37.12,0.36,$2.07,6.51,$3.53,3.82,$0.14B,$0.05B,2.62,$0.00B,$0.13B,0.03,$0.43B,$0.06B,14.32%,$0.43B,$0.03B,7.85%,$0.43B,$0.03B,7.85%,$0.43B,$0.04B,8.31%,$0.43B,$0.03B,7.16%,$0.43B,$0.04B,9.47%,$0.04B,$0.13B,33.74%,$0.04B,$0.12B,37.36%,$0.04B,$0.19B,20.92%,$0.03B,$0.13B,26.41%,$93,$80,$13,$0,$6,$86,$7,$-1,$6,$2,$4,$4,$4,$7,$7,$12,12,$0.31,$0.31,$11,$36,$0,$137,$33,$0,$12,$1,$49,$185,$52,$4,$0,$4,$56,$0,$-35,$3,$129,$185,$14,$2,$7,$9,$8,$7,$-21,$-0,$-7,$15,$-7,$0,$0,$0,$0,$0,$0,$-7,$-1,$-5,$-6,$1,$1,$0,$-0,$-6,$3,$0,$0
45,2007-06-30,19.77,$10.78,1.83,$38.45,0.51,$1.39,14.19,$3.80,5.2,$0.15B,$0.07B,2.22,$0.01B,$0.13B,0.04,$0.45B,$0.06B,14.32%,$0.45B,$0.04B,8.05%,$0.45B,$0.04B,8.05%,$0.45B,$0.04B,8.50%,$0.45B,$0.03B,7.38%,$0.45B,$0.04B,9.84%,$0.04B,$0.13B,39.82%,$0.04B,$0.11B,44.56%,$0.04B,$0.20B,22.95%,$0.04B,$0.13B,29.94%,$109,$93,$16,$0,$7,$100,$9,$-1,$8,$3,$5,$5,$5,$9,$9,$12,12,$0.42,$0.42,$9,$43,$0,$146,$32,$0,$12,$1,$49,$195,$66,$5,$0,$5,$70,$0,$-38,$2,$125,$195,$10,$1,$5,$6,$3,$1,$-9,$-1,$-6,$11,$-6,$0,$0,$0,$0,$0,$0,$-5,$-1,$-5,$-6,$0,$0,$0,$0,$-6,$0,$0,$0
46,2007-03-31,17.18,$10.33,1.66,$37.05,0.46,$0.64,27.04,$3.86,4.45,$0.16B,$0.08B,2.02,$0.01B,$0.12B,0.09,$0.43B,$0.06B,14.42%,$0.43B,$0.03B,7.91%,$0.43B,$0.03B,7.91%,$0.43B,$0.04B,8.60%,$0.43B,$0.03B,7.21%,$0.43B,$0.05B,10.47%,$0.05B,$0.12B,45.57%,$0.05B,$0.11B,51.72%,$0.05B,$0.21B,24.59%,$0.03B,$0.13B,30.49%,$114,$98,$16,$0,$7,$105,$9,$-1,$8,$3,$5,$5,$5,$10,$9,$12,12,$0.47,$0.46,$13,$45,$0,$158,$30,$0,$12,$1,$50,$207,$78,$10,$0,$10,$88,$0,$-43,$2,$119,$207,$5,$1,$2,$3,$-1,$-2,$1,$-2,$-1,$7,$-3,$0,$0,$0,$0,$0,$0,$-3,$-0,$0,$-0,$0,$0,$0,$0,$-0,$5,$0,$0
47,2006-12-31,18.91,$9.85,1.92,$35.32,0.54,$0.20,95.92,$3.91,4.84,$0.15B,$0.07B,2.04,$0.01B,$0.11B,0.09,$0.41B,$0.06B,14.67%,$0.41B,$0.03B,8.07%,$0.41B,$0.03B,8.07%,$0.41B,$0.04B,8.56%,$0.41B,$0.03B,7.33%,$0.41B,$0.05B,11.25%,$0.05B,$0.11B,53.03%,$0.05B,$0.10B,61.33%,$0.05B,$0.20B,26.98%,$0.03B,$0.12B,32.67%,$117,$100,$17,$0,$8,$108,$9,$-0,$9,$-0,$9,$9,$27,$10,$9,$11,12,$2.39,$2.34,$8,$43,$0,$150,$28,$0,$12,$1,$48,$197,$74,$11,$0,$11,$84,$0,$-49,$2,$113,$197,$45,$3,$-18,$-15,$-19,$-3,$12,$-1,$-12,$18,$-12,$0,$0,$1,$0,$1,$0,$-12,$-1,$-5,$-6,$1,$1,$0,$-0,$-5,$2,$0,$0
