,Date,Stock Price,Book Value per Share,Price to Book Ratio,TTM Sales per Share,Price to Sales Ratio,TTM FCF per Share,Price to FCF Ratio,TTM Net EPS,PE Ratio,Current Assets,Current Liabilities,Current Ratio,Long Term Debt,Shareholder's Equity_x,Debt to Equity Ratio,TTM Revenue_x,TTM Gross Profit,Gross Margin,TTM Revenue_y,TTM Operating Income,Operating Margin,TTM Revenue_x,TTM EBIT,EBIT Margin,TTM Revenue_y,TTM EBITDA,EBITDA Margin,TTM Revenue_x,TTM Pre-Tax Income,Pre-Tax Margin,TTM Revenue_y,TTM Net Income_x,Net Margin,TTM Net Income_y,Shareholder's Equity_y,Return on Equity,TTM Net Income_x,Tangible Equity,Return on Tangible Equity,TTM Net Income_y,Total Assets,Return on Assets,TTM Net Income,LT Investments & Debt,Return on Investment,revenue,cost-goods-sold,gross-profit,research-development-expenses,selling-general-administrative-expenses,operating-expenses,operating-income,total-non-operating-income-expense,pre-tax-income,total-provision-income-taxes,income-after-taxes,income-from-continuous-operations,net-income,ebitda,ebit,basic-shares-outstanding,shares-outstanding,eps-basic-net-earnings-per-share,eps-earnings-per-share-diluted,cash-on-hand,inventory,other-current-assets,total-current-assets,net-property-plant-equipment,long-term-investments,goodwill-intangible-assets-total,other-long-term-assets,total-long-term-assets,total-assets,total-current-liabilities,long-term-debt,other-non-current-liabilities,total-long-term-liabilities,total-liabilities,common-stock-net,retained-earnings-accumulated-deficit,comprehensive-income,total-share-holder-equity,total-liabilities-share-holders-equity,net-income-loss,total-depreciation-amortization-cash-flow,other-non-cash-items,total-non-cash-items,change-in-accounts-receivable,change-in-inventories,change-in-accounts-payable,change-in-assets-liabilities,total-change-in-assets-liabilities,cash-flow-from-operating-activities,net-change-in-property-plant-equipment,net-change-in-intangible-assets,net-acquisitions-divestitures,net-change-in-short-term-investments,net-change-in-long-term-investments,net-change-in-investments-total,investing-activities-other,cash-flow-from-investing-activities,net-long-term-debt,net-current-debt,debt-issuance-retirement-net-total,net-common-equity-issued-repurchased,net-total-equity-issued-repurchased,total-common-preferred-stock-dividends-paid,financial-activities-other,cash-flow-from-financial-activities,net-cash-flow,stock-based-compensation,common-stock-dividends-paid
0,2018-06-30,24.35,$16.42,1.48,$6.57,3.71,$3.99,6.11,$1.02,23.87,$0.95B,$0.79B,1.2,$0.15B,$0.11B,1.37,$0.04B,$0.03B,71.43%,$0.04B,$0.01B,28.57%,$0.04B,0,0.00%,$0.04B,0,0.00%,$0.04B,$0.01B,28.57%,$0.04B,$0.01B,14.29%,$0.01B,$0.11B,5.73%,$0.01B,$0.11B,5.73%,$0.01B,$1.05B,0.57%,$0.01B,$0.26B,4.83%,$11,$3,$8,$0,$5,$9,$2,$0,$2,$0,$2,$2,$2,$0,$0,$6,6,$0.35,$0.35,$56,$0,$0,$953,$7,$65,$0,$24,$100,$1054,$792,$147,$7,$154,$946,$0,$48,$1,$108,$1054,$5,$1,$2,$3,$0,$0,$0,$-1,$-1,$7,$1,$0,$0,$10,$-26,$-16,$-63,$-78,$-3,$5,$3,$0,$0,$0,$-1,$2,$-70,$0,$0
1,2018-03-31,26.0,$16.03,1.62,$6.40,4.07,$3.86,6.73,$0.99,26.26,$0.97B,$0.83B,1.17,$0.14B,$0.11B,1.35,$0.04B,$0.03B,70.73%,$0.04B,$0.01B,31.71%,$0.04B,0,0.00%,$0.04B,0,0.00%,$0.04B,$0.01B,31.71%,$0.04B,$0.01B,14.63%,$0.01B,$0.11B,5.84%,$0.01B,$0.11B,5.84%,$0.01B,$1.08B,0.57%,$0.01B,$0.25B,5.30%,$10,$3,$7,$0,$4,$7,$3,$0,$3,$1,$2,$2,$2,$0,$0,$6,6,$0.31,$0.31,$130,$0,$0,$971,$7,$77,$0,$24,$112,$1083,$829,$142,$7,$149,$978,$0,$46,$0,$105,$1083,$2,$1,$2,$2,$0,$0,$0,$-0,$-0,$4,$1,$0,$0,$0,$-28,$-28,$-6,$-33,$-3,$0,$-3,$0,$0,$0,$36,$34,$5,$0,$0
2,2017-12-31,26.2,$15.70,1.67,$6.18,4.24,$3.35,7.82,$0.90,29.11,$0.95B,$0.80B,1.18,$0.14B,$0.10B,1.38,$0.04B,$0.03B,72.50%,$0.04B,$0.01B,30.00%,$0.04B,0,0.00%,$0.04B,0,0.00%,$0.04B,$0.01B,30.00%,$0.04B,$0.01B,12.50%,$0.01B,$0.10B,4.94%,$0.01B,$0.10B,4.94%,$0.01B,$1.06B,0.49%,$0.01B,$0.25B,4.92%,$11,$3,$8,$0,$4,$8,$4,$0,$4,$3,$0,$0,$0,$0,$0,$6,6,$0.06,$0.06,$135,$0,$0,$945,$7,$78,$0,$23,$112,$1057,$803,$142,$8,$151,$954,$0,$44,$0,$103,$1057,$0,$1,$2,$2,$0,$0,$0,$1,$2,$4,$-0,$0,$0,$0,$-29,$-29,$29,$-1,$0,$0,$0,$0,$0,$0,$8,$8,$12,$0,$0
3,2017-09-30,26.75,$15.60,1.72,$5.62,4.76,$2.84,9.43,$1.02,26.23,$0.96B,$0.80B,1.21,$0.14B,$0.10B,1.39,$0.04B,$0.03B,72.97%,$0.04B,$0.01B,24.32%,$0.04B,0,0.00%,$0.04B,0,0.00%,$0.04B,$0.01B,24.32%,$0.04B,$0.01B,16.22%,$0.01B,$0.10B,6.02%,$0.01B,$0.10B,6.02%,$0.01B,$1.05B,0.62%,$0.01B,$0.25B,3.81%,$10,$3,$7,$0,$4,$7,$3,$0,$3,$1,$2,$2,$2,$0,$0,$6,6,$0.30,$0.30,$123,$0,$0,$960,$8,$50,$0,$22,$86,$1046,$796,$142,$5,$147,$943,$0,$43,$0,$103,$1046,$6,$1,$4,$5,$0,$0,$0,$-1,$-1,$10,$-2,$0,$0,$1,$56,$57,$-262,$-207,$29,$0,$29,$0,$0,$0,$188,$218,$20,$0,$0
4,2017-06-30,23.95,$15.28,1.57,$5.21,4.6,$2.89,8.27,$1.93,12.41,$0.92B,$0.76B,1.21,$0.14B,$0.10B,1.42,$0.03B,$0.03B,76.47%,$0.03B,$0.01B,23.53%,$0.03B,0,0.00%,$0.03B,0,0.00%,$0.03B,$0.01B,23.53%,$0.03B,$0.01B,35.29%,$0.01B,$0.10B,12.24%,$0.01B,$0.10B,12.24%,$0.01B,$1.01B,1.31%,$0.01B,$0.24B,3.50%,$10,$3,$7,$0,$5,$7,$3,$0,$3,$1,$2,$2,$2,$0,$0,$6,6,$0.27,$0.27,$119,$0,$0,$922,$7,$53,$0,$21,$89,$1011,$761,$142,$7,$150,$910,$0,$41,$0,$100,$1011,$4,$0,$3,$3,$0,$0,$0,$1,$1,$8,$-1,$0,$0,$1,$53,$54,$-228,$-175,$24,$0,$24,$0,$0,$0,$160,$184,$17,$0,$0
5,2017-03-31,21.06,$15.00,1.4,$4.81,4.37,$2.76,7.64,$1.86,11.32,$0.83B,$0.72B,1.16,$0.14B,$0.10B,1.45,$0.03B,$0.02B,77.42%,$0.03B,$0.01B,22.58%,$0.03B,0,0.00%,$0.03B,0,0.00%,$0.03B,$0.01B,22.58%,$0.03B,$0.01B,38.71%,$0.01B,$0.10B,12.66%,$0.01B,$0.10B,12.66%,$0.01B,$0.96B,1.39%,$0.01B,$0.24B,3.18%,$9,$2,$7,$0,$5,$7,$2,$0,$2,$1,$1,$1,$1,$0,$0,$6,6,$0.18,$0.18,$71,$0,$0,$827,$7,$99,$0,$21,$135,$962,$715,$143,$5,$148,$863,$0,$39,$0,$99,$962,$2,$-0,$2,$2,$0,$0,$0,$-2,$-2,$3,$-1,$0,$0,$0,$7,$7,$-179,$-172,$25,$10,$35,$0,$0,$0,$104,$139,$-31,$0,$0
6,2016-12-31,21.15,$14.80,1.43,$4.51,4.69,$3.12,6.78,$1.84,11.49,$0.74B,$0.66B,1.12,$0.12B,$0.10B,1.22,$0.03B,$0.02B,75.86%,$0.03B,$0.01B,20.69%,$0.03B,0,0.00%,$0.03B,0,0.00%,$0.03B,$0.01B,20.69%,$0.03B,$0.01B,41.38%,$0.01B,$0.10B,13.15%,$0.01B,$0.10B,13.15%,$0.01B,$0.88B,1.47%,$0.01B,$0.22B,2.83%,$8,$2,$6,$0,$4,$6,$1,$0,$1,$0,$1,$1,$1,$0,$0,$6,6,$0.15,$0.15,$69,$0,$0,$740,$7,$103,$0,$20,$139,$879,$659,$118,$5,$123,$782,$0,$38,$-0,$97,$879,$1,$0,$1,$1,$0,$0,$0,$-1,$-1,$1,$-0,$0,$0,$0,$2,$3,$-94,$-92,$0,$0,$0,$0,$0,$0,$57,$57,$-33,$0,$0
7,2016-09-30,16.4,$14.66,1.12,$3.33,4.93,$2.98,5.51,$1.87,8.77,$0.68B,$0.60B,1.13,$0.12B,$0.10B,1.23,$0.03B,$0.02B,77.78%,$0.03B,$0.01B,22.22%,$0.03B,0,0.00%,$0.03B,0,0.00%,$0.03B,$0.01B,22.22%,$0.03B,$0.01B,44.44%,$0.01B,$0.10B,13.68%,$0.01B,$0.10B,13.68%,$0.01B,$0.82B,1.54%,$0.01B,$0.21B,2.93%,$7,$2,$6,$0,$4,$6,$2,$0,$2,$0,$8,$8,$8,$0,$0,$6,6,$1.24,$1.45,$102,$0,$0,$679,$7,$107,$0,$20,$142,$821,$602,$118,$5,$123,$725,$0,$37,$-0,$96,$821,$12,$3,$-6,$-3,$0,$0,$0,$1,$1,$9,$-1,$0,$0,$2,$77,$80,$-183,$-104,$15,$0,$15,$0,$0,$0,$136,$151,$56,$0,$0
8,2016-06-30,15.6,$13.21,1.18,$2.17,7.19,$1.64,9.51,$0.84,18.57,$0.64B,$0.58B,1.11,$0.12B,$0.09B,1.42,$0.03B,$0.02B,76.92%,$0.03B,$0.01B,19.23%,$0.03B,0,0.00%,$0.03B,0,0.00%,$0.03B,$0.01B,19.23%,$0.03B,$0.01B,23.08%,$0.01B,$0.09B,7.10%,$0.01B,$0.09B,7.10%,$0.01B,$0.80B,0.82%,$0.01B,$0.21B,2.53%,$7,$2,$5,$0,$4,$6,$2,$0,$2,$0,$2,$2,$2,$0,$0,$6,6,$0.25,$0.25,$84,$0,$0,$641,$7,$126,$0,$21,$155,$796,$579,$123,$7,$130,$710,$0,$28,$-0,$87,$796,$4,$2,$1,$4,$0,$0,$0,$-1,$-1,$7,$-1,$0,$0,$0,$60,$60,$-164,$-104,$20,$0,$20,$0,$0,$0,$116,$136,$38,$0,$0
9,2016-03-31,16.02,$12.91,1.24,$1.05,15.3,$0.69,23.37,$0.78,20.54,$0.58B,$0.55B,1.06,$0.12B,$0.09B,1.45,$0.03B,$0.02B,76.00%,$0.03B,$0.00B,16.00%,$0.03B,0,0.00%,$0.03B,0,0.00%,$0.03B,$0.00B,16.00%,$0.03B,$0.01B,20.00%,$0.01B,$0.09B,6.04%,$0.01B,$0.09B,6.04%,$0.01B,$0.76B,0.72%,$0.00B,$0.21B,2.12%,$7,$2,$5,$0,$4,$5,$1,$0,$1,$0,$1,$1,$1,$0,$0,$6,6,$0.20,$0.20,$64,$0,$0,$581,$6,$153,$0,$21,$183,$764,$549,$123,$7,$130,$679,$0,$26,$-1,$85,$764,$3,$2,$1,$2,$0,$0,$0,$-0,$-0,$5,$-0,$0,$0,$0,$33,$33,$-124,$-92,$20,$0,$20,$0,$0,$0,$85,$105,$18,$0,$0
10,2015-12-31,17.56,$12.60,1.39,0,0.0,0,0.0,$0.74,23.73,$0.53B,$0.54B,0.98,$0.10B,$0.08B,1.25,$0.02B,$0.02B,79.17%,$0.02B,$0.00B,16.67%,$0.02B,0,0.00%,$0.02B,0,0.00%,$0.02B,$0.00B,16.67%,$0.02B,$0.01B,20.83%,$0.01B,$0.08B,6.13%,$0.01B,$0.08B,6.13%,$0.01B,$0.73B,0.76%,$0.00B,$0.19B,2.21%,$6,$1,$5,$0,$3,$5,$1,$0,$1,$0,$1,$1,$1,$0,$0,$6,0,$0.21,$0.00,$61,$0,$0,$525,$6,$172,$0,$21,$202,$727,$535,$103,$6,$109,$644,$0,$25,$-1,$83,$727,$1,$1,$-0,$1,$0,$0,$0,$-1,$-1,$1,$-0,$0,$0,$0,$14,$14,$-70,$-55,$0,$0,$0,$0,$0,$0,$70,$70,$16,$0,$0
11,2015-09-30,15.65,$12.62,1.24,$0.83,18.78,$-0.27,0.0,$0.58,26.98,$0.44B,$0.47B,0.94,$0.10B,$0.08B,1.25,$0.02B,$0.02B,78.26%,$0.02B,$0.00B,13.04%,$0.02B,0,0.00%,$0.02B,0,0.00%,$0.02B,$0.00B,13.04%,$0.02B,$0.00B,17.39%,$0.00B,$0.08B,4.98%,$0.00B,$0.08B,4.98%,$0.00B,$0.66B,0.64%,$0.00B,$0.19B,1.73%,$6,$1,$5,$0,$3,$5,$1,$0,$1,$0,$2,$2,$2,$0,$0,$6,0,$0.33,$0.00,$45,$0,$0,$439,$7,$186,$0,$22,$217,$656,$466,$103,$4,$107,$573,$0,$25,$-1,$83,$656,$5,$2,$-2,$-0,$0,$0,$0,$-2,$-1,$3,$-0,$-0,$0,$6,$-89,$-83,$-6,$-90,$55,$0,$55,$0,$0,$0,$53,$108,$21,$0,$0
12,2015-06-30,14.84,$12.17,1.22,$0.83,17.81,$-0.27,0.0,$0.45,32.98,$0.40B,$0.44B,0.91,$0.09B,$0.08B,1.17,$0.02B,$0.02B,77.27%,$0.02B,$0.00B,9.09%,$0.02B,0,0.00%,$0.02B,0,0.00%,$0.02B,$0.00B,9.09%,$0.02B,$0.00B,13.64%,$0.00B,$0.08B,3.81%,$0.00B,$0.08B,3.81%,$0.00B,$0.62B,0.50%,$0.00B,$0.17B,1.27%,$6,$1,$4,$0,$3,$5,$1,$0,$1,$0,$1,$1,$1,$0,$0,$6,0,$0.19,$0.00,$29,$0,$0,$404,$7,$190,$0,$22,$221,$624,$444,$93,$8,$101,$544,$0,$23,$-1,$80,$624,$3,$1,$-1,$0,$0,$0,$0,$0,$0,$3,$-0,$-0,$0,$6,$-94,$-88,$13,$-76,$45,$0,$45,$0,$0,$0,$33,$78,$5,$0,$0
13,2015-03-31,13.5,$12.20,1.11,$1.72,7.83,$-0.34,0.0,$0.32,42.18,$0.44B,$0.44B,0.98,$0.10B,$0.08B,1.23,$0.02B,$0.02B,81.82%,$0.02B,$0.00B,4.55%,$0.02B,0,0.00%,$0.02B,0,0.00%,$0.02B,$0.00B,4.55%,$0.02B,$0.00B,9.09%,$0.00B,$0.08B,2.56%,$0.00B,$0.08B,2.56%,$0.00B,$0.63B,0.34%,$0.00B,$0.18B,0.68%,$6,$1,$5,$0,$4,$5,$1,$0,$1,$0,$1,$1,$1,$0,$0,$6,0,$0.16,$0.00,$56,$0,$0,$436,$7,$164,$0,$22,$195,$631,$444,$98,$9,$107,$551,$0,$21,$0,$80,$631,$1,$1,$-2,$-1,$0,$0,$0,$1,$1,$1,$-0,$-0,$0,$5,$-65,$-60,$8,$-53,$50,$0,$50,$0,$0,$0,$34,$84,$32,$0,$0
14,2014-12-31,12.09,$11.88,1.02,$2.57,4.71,$-0.53,0.0,$0.09,134.33,$0.44B,$0.44B,0.99,$0.08B,$0.08B,1.0,$0.02B,$0.02B,77.27%,$0.02B,0,0.00%,$0.02B,0,0.00%,$0.02B,0,0.00%,$0.02B,0,0.00%,$0.02B,$0.00B,4.55%,$0.00B,$0.08B,1.30%,$0.00B,$0.08B,1.30%,$0.00B,$0.60B,0.17%,$0.00B,$0.16B,0.00%,$5,$1,$4,$0,$4,$5,$0,$0,$0,$0,$0,$0,$0,$0,$0,$6,6,$0.05,$0.05,$52,$0,$0,$437,$7,$136,$0,$21,$166,$603,$441,$78,$6,$84,$525,$0,$20,$-1,$78,$603,$0,$-2,$-0,$-3,$0,$0,$0,$1,$1,$-2,$-0,$-0,$0,$5,$-36,$-31,$3,$-28,$30,$0,$30,$0,$0,$0,$29,$59,$29,$0,$0
15,2014-09-30,11.39,$11.71,0.97,$2.60,4.38,$-0.35,0.0,$0.05,227.8,$0.41B,$0.41B,0.99,$0.05B,$0.08B,0.63,$0.02B,$0.02B,73.91%,$0.02B,0,0.00%,$0.02B,0,0.00%,$0.02B,0,0.00%,$0.02B,0,0.00%,$0.02B,$0.00B,4.35%,$0.00B,$0.08B,1.32%,$0.00B,$0.08B,1.32%,$0.00B,$0.54B,0.17%,$0.00B,$0.13B,0.00%,$5,$1,$4,$0,$4,$5,$0,$0,$0,$-0,$1,$1,$1,$0,$0,$6,0,$0.11,$0.00,$23,$0,$0,$410,$7,$101,$0,$22,$132,$542,$413,$48,$4,$52,$465,$0,$20,$-2,$77,$542,$1,$-0,$-0,$-0,$-0,$0,$0,$-0,$-0,$-0,$-0,$-0,$0,$14,$11,$26,$31,$57,$10,$0,$10,$0,$0,$0,$-71,$-61,$-5,$0,$0
16,2014-06-30,10.53,$11.69,0.9,$3.52,2.99,$-0.68,0.0,$-2.95,0.0,$0.44B,$0.45B,0.99,$0.05B,$0.08B,0.63,$0.02B,$0.02B,70.83%,$0.02B,$-0.01B,-50.00%,$0.02B,0,0.00%,$0.02B,0,0.00%,$0.02B,$-0.01B,-50.00%,$0.02B,$-0.02B,-79.17%,$-0.02B,$0.08B,-25.17%,$-0.02B,$0.08B,-25.17%,$-0.02B,$0.58B,-3.22%,$-0.01B,$0.13B,-10.08%,$6,$1,$5,$0,$4,$5,$0,$0,$0,$0,$0,$0,$0,$0,$0,$6,7,$0.06,$0.06,$46,$0,$0,$440,$7,$105,$0,$24,$138,$578,$446,$48,$7,$55,$501,$0,$20,$-2,$77,$578,$0,$-0,$-1,$-1,$-0,$0,$0,$1,$1,$-0,$-0,$-0,$0,$9,$12,$22,$23,$44,$6,$5,$10,$0,$0,$0,$-35,$-25,$19,$0,$0
17,2014-03-31,10.24,$11.48,0.89,$3.54,2.89,$2.93,3.5,$-2.99,0.0,$0.43B,$0.46B,0.93,$0.05B,$0.08B,0.6,$0.02B,$0.02B,66.67%,$0.02B,$-0.01B,-50.00%,$0.02B,0,0.00%,$0.02B,0,0.00%,$0.02B,$-0.01B,-50.00%,$0.02B,$-0.02B,-79.17%,$-0.02B,$0.08B,-23.75%,$-0.02B,$0.08B,-23.75%,$-0.02B,$0.59B,-3.11%,$-0.01B,$0.12B,-9.72%,$6,$1,$4,$0,$5,$6,$-0,$0,$-0,$0,$-0,$-0,$-0,$0,$0,$6,7,$-0.07,$-0.07,$18,$0,$0,$428,$7,$122,$0,$25,$156,$585,$459,$45,$5,$50,$509,$0,$19,$-3,$75,$585,$-0,$-1,$-0,$-1,$0,$0,$0,$0,$0,$-1,$-0,$-0,$0,$7,$-3,$3,$5,$9,$5,$2,$7,$0,$0,$0,$-24,$-17,$-9,$0,$0
18,2013-12-31,11.0,$11.38,0.97,$3.62,3.04,$3.09,3.56,$-3.05,0.0,$0.44B,$0.47B,0.92,$0.04B,$0.08B,0.58,$0.02B,$0.02B,66.67%,$0.02B,$-0.01B,-54.17%,$0.02B,0,0.00%,$0.02B,0,0.00%,$0.02B,$-0.01B,-54.17%,$0.02B,$-0.02B,-83.33%,$-0.02B,$0.08B,-23.39%,$-0.02B,$0.08B,-23.39%,$-0.02B,$0.59B,-3.14%,$-0.01B,$0.12B,-10.02%,$6,$1,$4,$0,$4,$6,$0,$0,$0,$0,$0,$0,$0,$0,$0,$6,7,$0.01,$0.01,$26,$0,$0,$435,$7,$124,$0,$26,$159,$594,$471,$43,$5,$48,$519,$0,$20,$-4,$75,$594,$0,$-1,$0,$-0,$0,$0,$0,$-0,$-0,$-1,$-0,$-0,$0,$0,$0,$0,$6,$6,$5,$0,$5,$0,$0,$0,$-12,$-7,$-1,$0,$0
19,2013-09-30,12.74,$11.50,1.11,$3.87,3.29,$3.14,4.06,$-2.95,0.0,$0.44B,$0.49B,0.91,$0.04B,$0.08B,0.5,$0.03B,$0.02B,68.00%,$0.03B,$-0.01B,-48.00%,$0.03B,0,0.00%,$0.03B,0,0.00%,$0.03B,$-0.01B,-48.00%,$0.03B,$-0.02B,-76.00%,$-0.02B,$0.08B,-20.82%,$-0.02B,$0.08B,-20.82%,$-0.02B,$0.60B,-2.88%,$-0.01B,$0.11B,-8.78%,$6,$2,$4,$0,$16,$18,$-12,$0,$-12,$7,$-19,$-19,$-19,$0,$0,$6,6,$-2.96,$-2.87,$27,$0,$0,$440,$7,$125,$0,$27,$161,$602,$485,$38,$3,$41,$526,$0,$20,$-3,$75,$602,$-19,$-0,$17,$17,$0,$0,$0,$-0,$0,$-2,$-0,$-0,$0,$28,$-76,$-48,$29,$-19,$-10,$0,$-10,$0,$0,$0,$-77,$-87,$-108,$0,$0
20,2013-06-30,11.97,$14.42,0.83,$3.99,3.0,$4.05,2.95,$0.04,299.25,$0.50B,$0.52B,0.96,$0.05B,$0.10B,0.51,$0.03B,$0.02B,69.23%,$0.03B,0,0.00%,$0.03B,0,0.00%,$0.03B,0,0.00%,$0.03B,0,0.00%,$0.03B,0,0.00%,$0.00B,$0.10B,0.00%,$0.00B,$0.10B,0.00%,$0.00B,$0.67B,0.00%,$0.00B,$0.14B,0.00%,$6,$2,$4,$0,$4,$6,$0,$0,$0,$-0,$0,$0,$0,$0,$0,$6,7,$0.02,$0.02,$71,$0,$0,$497,$7,$125,$0,$28,$169,$666,$517,$48,$6,$54,$571,$0,$39,$-2,$95,$666,$-0,$-0,$0,$-0,$23,$0,$0,$0,$24,$23,$-0,$-0,$0,$22,$-61,$-38,$-7,$-46,$-0,$0,$-0,$0,$0,$0,$-42,$-42,$-65,$0,$0
21,2013-03-31,12.19,$14.78,0.82,$4.15,2.94,$0.94,12.95,$0.07,183.31,$0.54B,$0.53B,1.01,$0.05B,$0.10B,0.5,$0.03B,$0.02B,70.37%,$0.03B,0,0.00%,$0.03B,0,0.00%,$0.03B,0,0.00%,$0.03B,0,0.00%,$0.03B,0,0.00%,$0.00B,$0.10B,0.00%,$0.00B,$0.10B,0.00%,$0.00B,$0.68B,0.00%,$0.00B,$0.15B,0.00%,$6,$2,$4,$0,$6,$7,$-1,$0,$-1,$-1,$-1,$-1,$-1,$0,$0,$6,7,$-0.13,$-0.13,$91,$0,$0,$539,$7,$104,$0,$27,$145,$684,$534,$48,$5,$53,$587,$0,$38,$0,$97,$684,$-0,$-0,$1,$0,$-0,$0,$0,$0,$-0,$-0,$-0,$-0,$0,$16,$-39,$-23,$5,$-18,$-0,$0,$-0,$0,$0,$0,$-26,$-26,$-44,$0,$0
22,2012-12-31,11.15,$14.95,0.75,$4.34,2.57,$1.23,9.1,$0.23,47.71,$0.57B,$0.54B,1.06,$0.05B,$0.10B,0.49,$0.03B,$0.02B,71.43%,$0.03B,$0.00B,3.57%,$0.03B,0,0.00%,$0.03B,0,0.00%,$0.03B,$0.00B,3.57%,$0.03B,$0.00B,3.57%,$0.00B,$0.10B,1.40%,$0.00B,$0.10B,1.40%,$0.00B,$0.69B,0.15%,$0.00B,$0.15B,0.84%,$7,$2,$5,$0,$5,$7,$1,$0,$1,$-0,$1,$1,$1,$0,$0,$6,7,$0.11,$0.11,$120,$0,$0,$567,$8,$85,$0,$21,$121,$688,$535,$48,$7,$55,$590,$0,$39,$1,$98,$688,$1,$-0,$0,$-0,$-0,$0,$0,$-0,$-0,$-0,$-0,$-0,$0,$0,$-5,$-5,$12,$7,$-0,$0,$-0,$0,$0,$0,$-23,$-23,$-16,$0,$0
23,2012-09-30,10.49,$10.26,1.02,$4.44,2.36,$1.38,7.58,$0.32,32.87,$0.60B,$0.54B,1.1,$0.05B,$0.06B,0.77,$0.03B,$0.02B,68.97%,$0.03B,$0.00B,6.90%,$0.03B,0,0.00%,$0.03B,0,0.00%,$0.03B,$0.00B,6.90%,$0.03B,$0.00B,3.45%,$0.00B,$0.06B,1.61%,$0.00B,$0.06B,1.61%,$0.00B,$0.71B,0.15%,$0.00B,$0.11B,1.81%,$7,$2,$5,$0,$4,$6,$0,$0,$0,$0,$0,$0,$0,$0,$0,$6,6,$0.04,$0.04,$136,$0,$0,$595,$8,$81,$0,$22,$117,$712,$541,$48,$60,$108,$649,$0,$39,$1,$63,$712,$2,$-0,$1,$1,$0,$0,$0,$1,$1,$4,$-0,$-0,$0,$0,$10,$10,$43,$52,$-1,$0,$-1,$57,$57,$0,$-13,$43,$98,$0,$0
24,2012-06-30,8.5,$9.48,0.9,$4.60,1.85,$2.00,4.24,$0.12,70.31,$0.53B,$0.54B,0.99,$0.05B,$0.06B,0.78,$0.03B,$0.02B,66.67%,$0.03B,0,0.00%,$0.03B,0,0.00%,$0.03B,0,0.00%,$0.03B,0,0.00%,$0.03B,0,0.00%,$0.00B,$0.06B,0.00%,$0.00B,$0.06B,0.00%,$0.00B,$0.65B,0.00%,$0.00B,$0.11B,0.00%,$7,$2,$5,$0,$4,$6,$0,$0,$0,$0,$0,$0,$0,$0,$0,$6,6,$0.04,$0.04,$65,$0,$0,$532,$8,$85,$0,$22,$122,$654,$538,$48,$5,$53,$592,$0,$38,$0,$62,$654,$2,$-0,$1,$0,$0,$0,$0,$1,$1,$3,$-0,$-0,$0,$0,$4,$4,$34,$38,$-1,$0,$-1,$0,$0,$0,$-14,$-15,$27,$0,$0
25,2012-03-31,7.8,$9.44,0.83,$4.73,1.65,$2.54,3.07,$0.13,58.04,$0.53B,$0.54B,0.99,$0.05B,$0.06B,0.79,$0.03B,$0.02B,64.52%,$0.03B,0,0.00%,$0.03B,0,0.00%,$0.03B,0,0.00%,$0.03B,0,0.00%,$0.03B,0,0.00%,$0.00B,$0.06B,0.00%,$0.00B,$0.06B,0.00%,$0.00B,$0.65B,0.00%,$0.00B,$0.11B,0.00%,$7,$2,$5,$0,$5,$7,$0,$0,$0,$0,$0,$0,$0,$0,$0,$6,6,$0.03,$0.03,$63,$0,$0,$532,$8,$82,$0,$22,$119,$652,$537,$49,$4,$52,$590,$0,$38,$0,$62,$652,$1,$-0,$0,$-0,$0,$0,$0,$0,$0,$2,$-0,$-0,$0,$0,$7,$7,$33,$40,$-1,$0,$-1,$0,$0,$0,$-16,$-16,$25,$0,$0
26,2011-12-31,5.9,$9.40,0.63,$4.81,1.23,$2.90,2.04,$-0.64,0.0,$0.54B,$0.55B,0.98,$0.05B,$0.06B,0.79,$0.03B,$0.02B,62.50%,$0.03B,$-0.01B,-21.88%,$0.03B,0,0.00%,$0.03B,0,0.00%,$0.03B,$-0.01B,-21.88%,$0.03B,$-0.01B,-15.63%,$-0.01B,$0.06B,-8.23%,$-0.01B,$0.06B,-8.23%,$-0.01B,$0.67B,-0.75%,$-0.01B,$0.11B,-6.38%,$8,$2,$5,$0,$4,$6,$2,$0,$2,$1,$1,$1,$1,$0,$0,$6,6,$0.20,$0.20,$63,$0,$0,$542,$8,$85,$0,$24,$124,$666,$552,$49,$4,$53,$605,$0,$38,$0,$62,$666,$1,$-0,$-0,$-1,$0,$0,$0,$0,$0,$1,$-0,$0,$0,$0,$5,$5,$21,$25,$-0,$0,$-0,$0,$0,$0,$-2,$-2,$24,$0,$0
27,2011-09-30,6.6,$9.88,0.67,$4.83,1.37,$2.96,2.23,$-0.96,0.0,$0.55B,$0.56B,0.99,$0.05B,$0.06B,0.81,$0.03B,$0.02B,62.50%,$0.03B,$-0.01B,-31.25%,$0.03B,0,0.00%,$0.03B,0,0.00%,$0.03B,$-0.01B,-31.25%,$0.03B,$-0.01B,-21.88%,$-0.01B,$0.06B,-11.38%,$-0.01B,$0.06B,-11.38%,$-0.01B,$0.67B,-1.04%,$-0.01B,$0.11B,-9.05%,$8,$2,$5,$0,$7,$9,$-2,$0,$-2,$-1,$-1,$-1,$-1,$0,$0,$6,6,$-0.15,$-0.15,$39,$0,$0,$547,$8,$78,$0,$26,$120,$667,$555,$49,$2,$52,$606,$0,$37,$0,$60,$667,$-6,$-0,$11,$11,$0,$0,$0,$3,$3,$8,$-0,$0,$0,$0,$-32,$-32,$26,$-7,$-6,$0,$-6,$0,$0,$0,$-42,$-49,$-48,$0,$0
28,2011-06-30,7.75,$9.28,0.83,$5.08,1.53,$1.50,5.15,$-1.11,0.0,$0.55B,$0.56B,0.99,$0.05B,$0.06B,0.81,$0.03B,$0.02B,62.50%,$0.03B,$-0.01B,-34.38%,$0.03B,0,0.00%,$0.03B,0,0.00%,$0.03B,$-0.01B,-34.38%,$0.03B,$-0.01B,-25.00%,$-0.01B,$0.06B,-12.70%,$-0.01B,$0.06B,-12.70%,$-0.01B,$0.67B,-1.16%,$-0.01B,$0.11B,-9.67%,$8,$2,$5,$0,$5,$8,$0,$0,$0,$-0,$0,$0,$0,$0,$0,$6,7,$0.06,$0.06,$34,$0,$0,$554,$8,$81,$0,$24,$120,$674,$559,$49,$5,$54,$613,$0,$38,$-0,$61,$674,$-5,$-0,$9,$9,$0,$0,$0,$3,$3,$7,$-0,$0,$0,$0,$-35,$-35,$18,$-17,$-6,$0,$-6,$0,$0,$0,$-36,$-42,$-53,$0,$0
29,2011-03-31,8.72,$9.13,0.95,$5.18,1.68,$0.36,24.38,$-1.12,0.0,$0.56B,$0.56B,1.0,$0.05B,$0.06B,0.83,$0.03B,$0.02B,60.61%,$0.03B,$-0.01B,-33.33%,$0.03B,0,0.00%,$0.03B,0,0.00%,$0.03B,$-0.01B,-33.33%,$0.03B,$-0.01B,-24.24%,$-0.01B,$0.06B,-12.36%,$-0.01B,$0.06B,-12.36%,$-0.01B,$0.67B,-1.15%,$-0.01B,$0.11B,-9.09%,$8,$3,$5,$0,$13,$15,$-7,$0,$-7,$-3,$-5,$-5,$-5,$0,$0,$6,7,$-0.74,$-0.74,$36,$0,$0,$557,$9,$76,$0,$23,$116,$673,$560,$50,$3,$53,$613,$0,$37,$-1,$60,$673,$-5,$-0,$8,$7,$0,$0,$0,$2,$2,$4,$-0,$0,$0,$0,$-32,$-32,$18,$-14,$-6,$0,$-6,$0,$0,$0,$-36,$-42,$-51,$0,$0
30,2010-12-31,7.5,$9.85,0.76,$5.31,1.41,$-0.74,0.0,$-0.58,0.0,$0.58B,$0.57B,1.0,$0.05B,$0.07B,0.77,$0.03B,$0.02B,58.82%,$0.03B,$-0.01B,-17.65%,$0.03B,0,0.00%,$0.03B,0,0.00%,$0.03B,$-0.01B,-17.65%,$0.03B,$-0.00B,-11.76%,$-0.00B,$0.07B,-5.99%,$-0.00B,$0.07B,-5.99%,$-0.00B,$0.69B,-0.57%,$-0.01B,$0.11B,-4.57%,$8,$3,$5,$0,$6,$9,$-1,$0,$-1,$-0,$-1,$-1,$-1,$0,$0,$6,7,$-0.12,$-0.12,$42,$0,$0,$575,$9,$80,$0,$22,$116,$691,$574,$50,$3,$53,$627,$0,$42,$-1,$65,$691,$-1,$-0,$2,$2,$0,$0,$0,$0,$0,$1,$-0,$0,$0,$0,$-36,$-36,$16,$-20,$-5,$0,$-5,$0,$0,$0,$-22,$-28,$-46,$0,$0
31,2010-09-30,6.71,$10.09,0.66,$5.48,1.22,$-1.70,0.0,$-0.46,0.0,$0.64B,$0.60B,1.07,$0.06B,$0.07B,0.84,$0.04B,$0.02B,57.14%,$0.04B,$-0.01B,-14.29%,$0.04B,0,0.00%,$0.04B,0,0.00%,$0.04B,$-0.01B,-14.29%,$0.04B,$-0.00B,-8.57%,$-0.00B,$0.07B,-4.43%,$-0.00B,$0.07B,-4.43%,$-0.00B,$0.72B,-0.43%,$-0.01B,$0.12B,-3.51%,$8,$3,$5,$0,$9,$12,$-3,$0,$-3,$-1,$-2,$-2,$-2,$0,$0,$6,6,$-0.38,$-0.38,$88,$0,$0,$637,$9,$45,$0,$24,$83,$721,$597,$55,$2,$57,$654,$0,$43,$0,$66,$721,$-3,$-0,$9,$9,$0,$0,$0,$-6,$-6,$-0,$-1,$0,$0,$0,$-13,$-13,$36,$22,$-44,$0,$-44,$-0,$-0,$0,$79,$35,$56,$0,$0
32,2010-06-30,8.39,$10.43,0.8,$5.42,1.55,$-0.71,0.0,$-0.16,0.0,$0.63B,$0.55B,1.13,$0.07B,$0.07B,1.04,$0.04B,$0.02B,55.56%,$0.04B,$-0.00B,-5.56%,$0.04B,0,0.00%,$0.04B,0,0.00%,$0.04B,$-0.00B,-5.56%,$0.04B,$-0.00B,-2.78%,$-0.00B,$0.07B,-1.45%,$-0.00B,$0.07B,-1.45%,$-0.00B,$0.70B,-0.14%,$-0.00B,$0.14B,-1.30%,$9,$3,$5,$0,$5,$8,$0,$0,$0,$0,$0,$0,$0,$0,$0,$6,7,$0.05,$0.05,$54,$0,$0,$625,$8,$34,$0,$24,$70,$695,$551,$71,$5,$76,$627,$0,$45,$0,$68,$695,$-1,$0,$4,$4,$0,$0,$0,$-4,$-4,$-1,$-0,$0,$0,$0,$-2,$-2,$18,$16,$-29,$0,$-29,$-0,$-0,$0,$36,$7,$22,$0,$0
33,2010-03-31,9.53,$10.38,0.92,$5.50,1.73,$-0.32,0.0,$-0.18,0.0,$0.63B,$0.54B,1.15,$0.08B,$0.07B,1.2,$0.04B,$0.02B,52.78%,$0.04B,$-0.00B,-5.56%,$0.04B,0,0.00%,$0.04B,0,0.00%,$0.04B,$-0.00B,-5.56%,$0.04B,$-0.00B,-2.78%,$-0.00B,$0.07B,-1.44%,$-0.00B,$0.07B,-1.44%,$-0.00B,$0.70B,-0.14%,$-0.00B,$0.15B,-1.23%,$9,$3,$5,$0,$7,$11,$-2,$0,$-2,$-1,$-1,$-1,$-1,$0,$0,$6,7,$-0.20,$-0.20,$46,$0,$0,$626,$8,$36,$0,$22,$70,$696,$543,$82,$3,$85,$628,$0,$45,$0,$68,$696,$-1,$-0,$4,$4,$0,$0,$0,$-5,$-5,$-3,$-0,$0,$0,$0,$-3,$-3,$12,$9,$-18,$0,$-18,$-0,$-0,$0,$27,$8,$14,$0,$0
34,2009-12-31,9.44,$10.57,0.89,$5.54,1.7,$0.46,20.48,$0.07,126.94,$0.62B,$0.52B,1.19,$0.09B,$0.07B,1.3,$0.04B,$0.02B,50.00%,$0.04B,0,0.00%,$0.04B,0,0.00%,$0.04B,0,0.00%,$0.04B,0,0.00%,$0.04B,0,0.00%,$0.00B,$0.07B,0.00%,$0.00B,$0.07B,0.00%,$0.00B,$0.68B,0.00%,$0.00B,$0.16B,0.00%,$9,$4,$5,$0,$5,$9,$-0,$0,$-0,$-0,$0,$0,$0,$0,$0,$6,7,$0.00,$0.00,$25,$0,$0,$618,$8,$31,$0,$23,$65,$682,$519,$90,$4,$94,$613,$0,$46,$0,$69,$682,$0,$-0,$1,$1,$0,$0,$0,$-5,$-6,$-5,$-0,$0,$0,$0,$2,$2,$4,$-5,$-13,$3,$-10,$-0,$-0,$0,$3,$-7,$-7,$0,$0
35,2009-09-30,9.23,$10.56,0.87,$5.55,1.66,$1.51,6.1,$0.16,58.37,$0.63B,$0.52B,1.21,$0.10B,$0.07B,1.43,$0.04B,$0.02B,50.00%,$0.04B,$0.00B,2.78%,$0.04B,0,0.00%,$0.04B,0,0.00%,$0.04B,$0.00B,2.78%,$0.04B,$0.00B,2.78%,$0.00B,$0.07B,1.43%,$0.00B,$0.07B,1.43%,$0.00B,$0.69B,0.15%,$0.00B,$0.17B,0.57%,$9,$4,$5,$0,$5,$9,$-0,$0,$-0,$-0,$-0,$-0,$-0,$0,$0,$6,7,$-0.01,$-0.01,$32,$0,$0,$628,$8,$32,$0,$21,$64,$692,$517,$100,$5,$105,$622,$0,$46,$0,$70,$692,$1,$-0,$2,$2,$0,$0,$0,$2,$2,$5,$-0,$0,$0,$0,$-20,$-20,$-34,$-41,$-6,$-9,$-14,$-0,$-0,$0,$62,$48,$12,$0,$0
36,2009-06-30,9.54,$10.55,0.9,$4.47,2.14,$0.81,11.77,$0.26,36.64,$0.65B,$0.53B,1.22,$0.11B,$0.07B,1.5,$0.04B,$0.02B,50.00%,$0.04B,$0.00B,5.56%,$0.04B,0,0.00%,$0.04B,0,0.00%,$0.04B,$0.00B,5.56%,$0.04B,$0.00B,5.56%,$0.00B,$0.07B,2.88%,$0.00B,$0.07B,2.88%,$0.00B,$0.71B,0.30%,$0.00B,$0.18B,1.12%,$9,$5,$4,$0,$4,$9,$0,$0,$0,$-0,$0,$0,$0,$0,$0,$6,7,$0.03,$0.03,$43,$0,$0,$646,$9,$30,$0,$21,$62,$707,$528,$105,$5,$110,$638,$0,$46,$-0,$70,$707,$1,$1,$1,$1,$0,$0,$0,$-0,$-1,$2,$-0,$0,$0,$0,$-5,$-5,$-39,$-44,$-0,$-9,$-9,$0,$0,$0,$75,$66,$23,$0,$0
37,2009-03-31,8.73,$10.52,0.83,$4.42,1.98,$0.73,11.9,$0.23,37.56,$0.63B,$0.50B,1.24,$0.11B,$0.07B,1.51,$0.04B,$0.02B,50.00%,$0.04B,$0.00B,5.56%,$0.04B,0,0.00%,$0.04B,0,0.00%,$0.04B,$0.00B,5.56%,$0.04B,$0.00B,5.56%,$0.00B,$0.07B,2.88%,$0.00B,$0.07B,2.88%,$0.00B,$0.68B,0.31%,$0.00B,$0.18B,1.14%,$9,$5,$4,$0,$4,$9,$0,$0,$0,$0,$0,$0,$0,$0,$0,$6,7,$0.06,$0.06,$28,$0,$0,$625,$9,$26,$0,$19,$56,$681,$503,$105,$4,$109,$612,$0,$46,$-0,$70,$681,$1,$0,$0,$1,$0,$0,$0,$0,$0,$2,$-0,$0,$0,$0,$-1,$-1,$-33,$-34,$-0,$-9,$-9,$0,$0,$0,$49,$41,$9,$0,$0
