,Date,Stock Price,Book Value per Share,Price to Book Ratio,TTM Sales per Share,Price to Sales Ratio,TTM FCF per Share,Price to FCF Ratio,TTM Net EPS,PE Ratio,Current Assets,Current Liabilities,Current Ratio,Long Term Debt,Shareholder's Equity_x,Debt to Equity Ratio,TTM Revenue_x,TTM Gross Profit,Gross Margin,TTM Revenue_y,TTM Operating Income,Operating Margin,TTM Revenue_x,TTM EBIT,EBIT Margin,TTM Revenue_y,TTM EBITDA,EBITDA Margin,TTM Revenue_x,TTM Pre-Tax Income,Pre-Tax Margin,TTM Revenue_y,TTM Net Income_x,Net Margin,TTM Net Income_y,Shareholder's Equity_y,Return on Equity,TTM Net Income_x,Tangible Equity,Return on Tangible Equity,TTM Net Income_y,Total Assets,Return on Assets,TTM Net Income,LT Investments & Debt,Return on Investment,revenue,cost-goods-sold,gross-profit,research-development-expenses,selling-general-administrative-expenses,operating-expenses,operating-income,total-non-operating-income-expense,pre-tax-income,total-provision-income-taxes,income-after-taxes,income-from-continuous-operations,net-income,ebitda,ebit,basic-shares-outstanding,shares-outstanding,eps-basic-net-earnings-per-share,eps-earnings-per-share-diluted,cash-on-hand,inventory,other-current-assets,total-current-assets,net-property-plant-equipment,long-term-investments,goodwill-intangible-assets-total,other-long-term-assets,total-long-term-assets,total-assets,total-current-liabilities,long-term-debt,other-non-current-liabilities,total-long-term-liabilities,total-liabilities,common-stock-net,retained-earnings-accumulated-deficit,comprehensive-income,total-share-holder-equity,total-liabilities-share-holders-equity,net-income-loss,total-depreciation-amortization-cash-flow,other-non-cash-items,total-non-cash-items,change-in-accounts-receivable,change-in-inventories,change-in-accounts-payable,change-in-assets-liabilities,total-change-in-assets-liabilities,cash-flow-from-operating-activities,net-change-in-property-plant-equipment,net-change-in-intangible-assets,net-acquisitions-divestitures,net-change-in-short-term-investments,net-change-in-long-term-investments,net-change-in-investments-total,investing-activities-other,cash-flow-from-investing-activities,net-long-term-debt,net-current-debt,debt-issuance-retirement-net-total,net-common-equity-issued-repurchased,net-total-equity-issued-repurchased,total-common-preferred-stock-dividends-paid,financial-activities-other,cash-flow-from-financial-activities,net-cash-flow,stock-based-compensation,common-stock-dividends-paid
0,2018-09-30,26.18,$33.78,0.77,$9.95,2.63,$-16.70,0.0,$5.92,4.42,$0.04B,$0.00B,11.21,$0.19B,$0.19B,0.97,$0.06B,$0.06B,94.92%,$0.06B,$0.02B,38.98%,$0.06B,0,0.00%,$0.06B,0,0.00%,$0.06B,$0.01B,22.03%,$0.06B,$0.04B,61.02%,$0.04B,$0.19B,18.32%,$0.04B,$0.19B,18.32%,$0.04B,$0.40B,8.15%,$0.02B,$0.38B,5.76%,$14,$1,$13,$0,$5,$5,$9,$0,$9,$0,$9,$9,$9,$0,$0,$6,6,$1.49,$1.41,$27,$0,$0,$36,$0,$352,$0,$16,$368,$404,$3,$187,$20,$207,$210,$143,$0,$51,$194,$404,$30,$-1,$-33,$-34,$0,$0,$0,$0,$0,$-4,$-48,$0,$0,$0,$28,$28,$-46,$-66,$-6,$0,$-6,$4,$4,$0,$-2,$-3,$-74,$1,$0
1,2018-06-30,26.6,$32.91,0.81,$9.89,2.69,$-10.95,0.0,$6.20,4.29,$0.11B,$0.00B,32.09,$0.20B,$0.19B,1.09,$0.06B,$0.06B,96.55%,$0.06B,$0.02B,29.31%,$0.06B,0,0.00%,$0.06B,0,0.00%,$0.06B,$-0.00B,-6.90%,$0.06B,$0.04B,63.79%,$0.04B,$0.19B,17.85%,$0.04B,$0.19B,17.85%,$0.04B,$0.42B,7.80%,$0.02B,$0.39B,4.05%,$8,$1,$7,$0,$4,$5,$3,$0,$3,$1,$2,$2,$3,$0,$0,$6,6,$0.48,$0.42,$43,$0,$0,$109,$0,$290,$0,$18,$308,$417,$3,$203,$24,$227,$231,$132,$0,$54,$187,$417,$21,$-0,$-30,$-30,$0,$0,$0,$0,$0,$-9,$-26,$0,$0,$0,$25,$25,$-46,$-48,$-5,$0,$-5,$5,$5,$-0,$0,$-0,$-57,$1,$0
2,2018-03-31,27.2,$31.57,0.86,$9.41,2.89,$-5.62,0.0,$6.94,3.92,$0.12B,$0.00B,27.95,$0.21B,$0.18B,1.15,$0.06B,$0.05B,98.18%,$0.06B,$0.01B,23.64%,$0.06B,0,0.00%,$0.06B,0,0.00%,$0.06B,$-0.02B,-27.27%,$0.06B,$0.04B,74.55%,$0.04B,$0.18B,18.55%,$0.04B,$0.18B,18.55%,$0.04B,$0.41B,8.13%,$0.01B,$0.38B,2.96%,$7,$1,$6,$0,$9,$10,$-3,$-0,$-3,$-1,$-2,$-2,$18,$0,$0,$6,6,$3.25,$3.25,$49,$0,$0,$116,$0,$280,$0,$17,$298,$413,$4,$205,$26,$231,$235,$128,$0,$50,$178,$413,$18,$-0,$-28,$-29,$0,$0,$0,$0,$0,$-10,$-4,$0,$0,$0,$-13,$-13,$-23,$-40,$-5,$0,$-5,$4,$4,$0,$0,$-0,$-51,$1,$0
3,2017-12-31,24.3,$41.10,0.59,$7.95,3.06,$-3.88,0.0,$3.11,7.81,$0.08B,$0.01B,13.19,$0.22B,$0.23B,0.95,$0.05B,$0.05B,97.87%,$0.05B,$0.01B,10.64%,$0.05B,0,0.00%,$0.05B,0,0.00%,$0.05B,$-0.03B,-57.45%,$0.05B,$0.02B,42.55%,$0.02B,$0.23B,8.40%,$0.02B,$0.23B,8.40%,$0.02B,$0.53B,3.70%,$0.01B,$0.44B,1.08%,$30,$1,$30,$0,$16,$16,$14,$-4,$4,$-1,$5,$5,$6,$0,$0,$6,6,$0.94,$1.04,$80,$0,$0,$80,$0,$372,$0,$18,$451,$532,$6,$216,$65,$299,$305,$96,$0,$41,$227,$532,$-26,$2,$30,$32,$4,$0,$0,$3,$7,$13,$-13,$0,$0,$0,$20,$20,$-3,$4,$-12,$0,$-12,$-10,$-10,$-1,$-0,$-23,$-6,$2,$0
4,2017-09-30,25.05,$41.20,0.61,$6.43,3.89,$1.30,19.32,$4.89,5.12,$0.09B,$0.01B,12.03,$0.23B,$0.24B,0.95,$0.04B,$0.04B,97.56%,$0.04B,$0.03B,60.98%,$0.04B,0,0.00%,$0.04B,0,0.00%,$0.04B,$-0.02B,-56.10%,$0.04B,$0.03B,73.17%,$0.03B,$0.24B,12.18%,$0.03B,$0.24B,12.18%,$0.03B,$0.54B,5.45%,$0.03B,$0.46B,5.21%,$13,$0,$13,$0,$10,$11,$3,$-11,$-8,$0,$-8,$-8,$10,$0,$0,$6,6,$1.69,$1.69,$91,$0,$0,$91,$0,$375,$0,$69,$444,$535,$8,$225,$66,$291,$299,$97,$0,$39,$237,$535,$-20,$2,$22,$24,$5,$0,$0,$-5,$-0,$4,$-20,$0,$0,$0,$21,$21,$0,$1,$-11,$0,$-11,$-4,$-4,$0,$-1,$-17,$-12,$3,$0
5,2017-06-30,22.85,$41.73,0.55,$5.27,4.34,$9.03,2.53,$3.84,5.95,$0.08B,$0.00B,20.23,$0.23B,$0.24B,0.93,$0.04B,$0.03B,94.29%,$0.04B,$0.01B,31.43%,$0.04B,0,0.00%,$0.04B,0,0.00%,$0.04B,$-0.03B,-71.43%,$0.04B,$0.02B,68.57%,$0.02B,$0.24B,9.38%,$0.02B,$0.24B,9.38%,$0.02B,$0.54B,4.25%,$0.01B,$0.47B,2.22%,$5,$0,$5,$0,$6,$6,$-1,$-7,$-8,$2,$-10,$-10,$7,$0,$0,$6,6,$1.26,$1.16,$84,$0,$0,$84,$0,$379,$0,$73,$452,$536,$4,$225,$65,$290,$294,$89,$0,$39,$242,$536,$-17,$1,$12,$13,$0,$0,$0,$0,$0,$-4,$1,$0,$0,$0,$-1,$-1,$0,$0,$-13,$0,$-13,$-3,$-3,$0,$-0,$-16,$-19,$2,$0
6,2017-03-31,23.25,$42.17,0.55,$6.02,3.86,$12.71,1.83,$3.49,6.66,$0.08B,$0.00B,19.33,$0.24B,$0.25B,0.98,$0.04B,$0.04B,92.50%,$0.04B,$0.01B,12.50%,$0.04B,0,0.00%,$0.04B,0,0.00%,$0.04B,$-0.02B,-60.00%,$0.04B,$0.02B,55.00%,$0.02B,$0.25B,8.30%,$0.02B,$0.25B,8.30%,$0.02B,$0.56B,3.84%,$0.01B,$0.49B,0.99%,$-1,$0,$-2,$0,$9,$9,$-11,$-5,$-15,$-1,$-14,$-14,$-3,$0,$0,$6,6,$-0.58,$-0.58,$83,$0,$0,$83,$0,$392,$0,$83,$475,$558,$4,$241,$67,$307,$312,$82,$0,$38,$246,$558,$-13,$1,$3,$4,$5,$0,$0,$0,$5,$-3,$-1,$0,$0,$0,$-13,$-13,$0,$-14,$-1,$0,$-1,$-2,$-2,$0,$-0,$-3,$-20,$2,$0
7,2016-12-31,19.0,$43.93,0.43,$9.23,2.06,$16.29,1.17,$6.59,2.88,$0.10B,$0.01B,13.17,$0.24B,$0.26B,0.93,$0.06B,$0.06B,96.72%,$0.06B,$0.02B,32.79%,$0.06B,0,0.00%,$0.06B,0,0.00%,$0.06B,$-0.01B,-8.20%,$0.06B,$0.04B,68.85%,$0.04B,$0.26B,15.23%,$0.04B,$0.26B,15.23%,$0.04B,$0.57B,7.27%,$0.02B,$0.50B,3.91%,$24,$0,$24,$0,$-10,$-10,$34,$0,$8,$1,$8,$8,$16,$0,$0,$6,7,$2.73,$2.70,$103,$0,$0,$103,$0,$400,$0,$71,$471,$574,$8,$243,$63,$306,$314,$88,$0,$38,$260,$574,$-4,$2,$20,$22,$-10,$0,$0,$4,$-6,$11,$24,$0,$0,$0,$5,$5,$-13,$16,$8,$0,$8,$-10,$-10,$0,$-1,$-3,$24,$2,$0
8,2016-09-30,18.22,$45.52,0.4,$7.73,2.36,$5.74,3.17,$5.13,3.55,$0.08B,$0.01B,15.19,$0.25B,$0.28B,0.9,$0.05B,$0.05B,94.23%,$0.05B,$0.01B,25.00%,$0.05B,0,0.00%,$0.05B,0,0.00%,$0.05B,$-0.02B,-34.62%,$0.05B,$0.03B,65.38%,$0.03B,$0.28B,11.94%,$0.03B,$0.28B,11.94%,$0.03B,$0.59B,5.82%,$0.01B,$0.52B,2.50%,$7,$1,$6,$0,$18,$18,$-11,$0,$-10,$0,$-10,$-10,$4,$0,$0,$6,7,$0.68,$0.64,$81,$0,$0,$81,$0,$406,$0,$102,$508,$589,$5,$247,$61,$308,$313,$73,$0,$59,$276,$589,$-12,$1,$20,$20,$-2,$0,$0,$2,$-0,$8,$25,$0,$0,$0,$-13,$-13,$-20,$-8,$9,$0,$9,$-8,$-8,$0,$-1,$-0,$-0,$2,$0
9,2016-06-30,18.15,$45.42,0.4,$8.15,2.23,$0.61,29.86,$4.98,3.64,$0.06B,$0.00B,15.45,$0.23B,$0.28B,0.81,$0.06B,$0.05B,94.64%,$0.06B,$0.01B,25.00%,$0.06B,0,0.00%,$0.06B,0,0.00%,$0.06B,$-0.02B,-32.14%,$0.06B,$0.03B,60.71%,$0.03B,$0.28B,11.76%,$0.03B,$0.28B,11.76%,$0.03B,$0.57B,5.74%,$0.01B,$0.50B,2.63%,$10,$1,$9,$0,$16,$17,$-7,$0,$-7,$0,$-7,$-7,$5,$0,$0,$6,6,$0.81,$0.81,$60,$0,$0,$60,$0,$420,$0,$87,$508,$568,$4,$226,$60,$286,$290,$70,$0,$52,$278,$568,$-3,$1,$7,$8,$-2,$0,$0,$1,$-1,$4,$16,$0,$0,$0,$-3,$-3,$-2,$11,$-10,$0,$-10,$-7,$-7,$0,$-1,$-18,$-4,$2,$0
10,2016-03-31,16.27,$45.14,0.36,$8.27,1.97,$-0.36,0.0,$5.19,3.13,$0.08B,$0.00B,22.91,$0.23B,$0.29B,0.79,$0.06B,$0.06B,94.83%,$0.06B,$0.01B,24.14%,$0.06B,0,0.00%,$0.06B,0,0.00%,$0.06B,$-0.02B,-31.03%,$0.06B,$0.04B,62.07%,$0.04B,$0.29B,12.26%,$0.04B,$0.29B,12.26%,$0.04B,$0.58B,5.94%,$0.01B,$0.52B,2.55%,$20,$1,$20,$0,$16,$16,$4,$0,$4,$0,$4,$4,$17,$0,$0,$7,7,$2.55,$2.52,$81,$0,$0,$81,$0,$443,$0,$55,$498,$579,$4,$228,$58,$286,$290,$70,$0,$52,$289,$579,$4,$0,$-0,$-0,$-2,$0,$0,$1,$-1,$3,$17,$0,$0,$0,$11,$11,$-4,$24,$-9,$0,$-9,$-2,$-2,$0,$0,$-11,$15,$1,$0
11,2015-12-31,14.45,$45.46,0.32,$5.90,2.45,$-3.50,0.0,$2.63,5.49,$0.06B,$0.01B,12.37,$0.24B,$0.30B,0.82,$0.04B,$0.04B,92.86%,$0.04B,$-0.00B,-9.52%,$0.04B,0,0.00%,$0.04B,0,0.00%,$0.04B,$-0.04B,-85.71%,$0.04B,$0.02B,45.24%,$0.02B,$0.30B,6.37%,$0.02B,$0.30B,6.37%,$0.02B,$0.60B,3.04%,$-0.00B,$0.54B,-0.70%,$15,$1,$14,$0,$-13,$-12,$27,$0,$-5,$-0,$-5,$-5,$8,$0,$0,$7,7,$1.12,$1.14,$62,$0,$0,$62,$0,$479,$0,$58,$537,$599,$5,$242,$56,$298,$303,$55,$0,$61,$296,$599,$-36,$3,$32,$35,$-7,$0,$0,$-4,$-11,$-12,$-24,$0,$0,$0,$19,$19,$23,$18,$-6,$0,$-6,$-8,$-8,$0,$0,$-14,$-8,$2,$0
12,2015-09-30,13.07,$44.38,0.29,$1.83,7.13,$-3.40,0.0,$1.47,8.89,$0.09B,$0.01B,16.56,$0.28B,$0.29B,0.94,$0.01B,$0.01B,83.33%,$0.01B,$-0.10B,-866.67%,$0.01B,0,0.00%,$0.01B,0,0.00%,$0.01B,$-0.10B,-866.67%,$0.01B,$0.01B,50.00%,$0.01B,$0.29B,1.97%,$0.01B,$0.29B,1.97%,$0.01B,$0.63B,0.93%,$-0.10B,$0.57B,-17.69%,$11,$1,$10,$0,$20,$21,$-10,$0,$-10,$0,$-10,$-10,$4,$0,$0,$7,7,$0.53,$0.51,$87,$0,$0,$87,$0,$489,$0,$48,$537,$625,$5,$276,$51,$326,$331,$39,$0,$66,$293,$625,$-31,$3,$26,$29,$-5,$0,$0,$-4,$-9,$-12,$11,$0,$0,$0,$19,$19,$20,$50,$-4,$0,$-4,$-7,$-7,$0,$0,$-11,$27,$2,$0
13,2015-06-30,12.38,$44.15,0.28,$4.44,2.79,$1.36,9.11,$0.98,12.63,$0.11B,$0.00B,27.99,$0.27B,$0.30B,0.91,$0.03B,$0.03B,93.94%,$0.03B,$-0.09B,-275.76%,$0.03B,0,0.00%,$0.03B,0,0.00%,$0.03B,$-0.09B,-275.76%,$0.03B,$0.02B,45.45%,$0.02B,$0.30B,4.17%,$0.02B,$0.30B,4.17%,$0.02B,$0.62B,2.11%,$-0.09B,$0.57B,-13.76%,$12,$1,$11,$0,$18,$19,$-7,$0,$-7,$0,$-7,$-7,$7,$0,$0,$7,7,$1.05,$1.05,$109,$0,$0,$109,$0,$468,$0,$45,$513,$622,$4,$271,$50,$321,$325,$37,$0,$58,$297,$622,$-21,$3,$15,$18,$-4,$0,$0,$-5,$-10,$-13,$29,$0,$0,$0,$22,$22,$-1,$50,$-4,$0,$-4,$-5,$-5,$-0,$0,$-9,$29,$1,$0
14,2015-03-31,10.0,$43.26,0.23,$3.33,3.01,$0.98,10.17,$-0.04,0.0,$0.11B,$0.00B,32.77,$0.29B,$0.31B,0.95,$0.03B,$0.02B,92.00%,$0.03B,$-0.10B,-412.00%,$0.03B,0,0.00%,$0.03B,0,0.00%,$0.03B,$-0.10B,-412.00%,$0.03B,$0.01B,24.00%,$0.01B,$0.31B,1.44%,$0.01B,$0.31B,1.44%,$0.01B,$0.66B,0.76%,$-0.10B,$0.60B,-13.75%,$4,$0,$4,$0,$18,$18,$-14,$0,$-14,$0,$-14,$-14,$0,$0,$0,$7,7,$0.02,$0.02,$83,$0,$0,$112,$0,$471,$0,$75,$545,$657,$3,$293,$53,$346,$349,$34,$0,$58,$308,$657,$-14,$2,$10,$12,$0,$0,$0,$1,$1,$-2,$-0,$0,$0,$0,$1,$1,$-3,$-2,$5,$0,$5,$-1,$-1,$0,$-0,$4,$1,$0,$0
15,2014-12-31,9.36,$44.85,0.21,$4.16,2.25,$4.97,1.88,0,0.0,$0.08B,$0.01B,14.41,$0.29B,$0.32B,0.91,$0.03B,$0.03B,90.63%,$0.03B,$-0.10B,-312.50%,$0.03B,0,0.00%,$0.03B,0,0.00%,$0.03B,$-0.10B,-312.50%,$0.03B,$0.02B,62.50%,$0.02B,$0.32B,4.21%,$0.02B,$0.32B,4.21%,$0.02B,$0.67B,2.27%,$-0.10B,$0.61B,-11.85%,$-15,$0,$-15,$0,$58,$58,$-73,$0,$-73,$0,$-73,$-73,$-5,$0,$0,$8,8,$-0.61,$-0.54,$80,$0,$0,$80,$0,$514,$0,$75,$589,$669,$6,$291,$51,$342,$348,$35,$0,$56,$321,$669,$-82,$5,$81,$85,$-5,$0,$0,$1,$-5,$-1,$-38,$0,$0,$0,$58,$58,$23,$43,$-69,$0,$-69,$-8,$-8,$0,$-2,$-79,$-37,$2,$0
16,2014-09-30,9.3,$70.64,0.13,$6.87,1.35,$16.94,0.55,0,0.0,$0.22B,$0.01B,45.08,$0.35B,$0.51B,0.68,$0.05B,$0.05B,90.74%,$0.05B,$-0.05B,-87.04%,$0.05B,0,0.00%,$0.05B,0,0.00%,$0.05B,$-0.05B,-85.19%,$0.05B,$0.04B,75.93%,$0.04B,$0.51B,7.74%,$0.04B,$0.51B,7.74%,$0.04B,$0.89B,4.24%,$-0.05B,$0.86B,-5.02%,$32,$1,$31,$0,$28,$28,$3,$0,$3,$2,$2,$2,$13,$0,$0,$7,8,$1.69,$1.62,$112,$0,$0,$221,$0,$617,$0,$54,$671,$892,$5,$348,$24,$373,$378,$43,$0,$39,$514,$892,$-9,$13,$3,$16,$-8,$0,$0,$0,$-8,$-1,$37,$0,$0,$0,$7,$7,$21,$65,$-75,$0,$-75,$-7,$-7,$0,$-2,$-84,$-20,$2,$0
17,2014-06-30,9.3,$69.38,0.13,$12.98,0.72,$15.41,0.6,0,0.0,$0.26B,$0.01B,57.32,$0.40B,$0.52B,0.76,$0.11B,$0.11B,94.64%,$0.11B,$0.01B,11.61%,$0.11B,0,0.00%,$0.11B,0,0.00%,$0.11B,$0.01B,11.61%,$0.11B,$0.10B,90.18%,$0.10B,$0.52B,18.85%,$0.10B,$0.52B,18.85%,$0.10B,$0.95B,10.06%,$0.01B,$0.92B,1.34%,$4,$1,$3,$0,$22,$23,$-19,$0,$-19,$-1,$-17,$-17,$-2,$0,$0,$8,8,$-0.31,$-0.31,$131,$0,$0,$260,$0,$637,$0,$51,$688,$948,$5,$398,$24,$422,$427,$32,$0,$41,$522,$948,$-14,$8,$4,$12,$-1,$0,$0,$-0,$-1,$-3,$18,$0,$0,$0,$12,$12,$1,$30,$-44,$0,$-44,$-5,$-5,$0,$-2,$-51,$-23,$2,$0
18,2014-03-31,7.7,$68.80,0.11,$16.43,0.47,$17.24,0.45,$-0.01,0.0,$0.32B,$0.01B,45.42,$0.44B,$0.54B,0.8,$0.14B,$0.12B,86.62%,$0.14B,$0.03B,18.31%,$0.14B,0,0.00%,$0.14B,0,0.00%,$0.14B,$0.03B,17.61%,$0.14B,$0.10B,72.54%,$0.10B,$0.54B,17.91%,$0.10B,$0.54B,17.91%,$0.10B,$1.01B,8.56%,$0.03B,$0.98B,2.23%,$11,$1,$10,$0,$22,$23,$-11,$0,$-11,$-1,$-11,$-11,$14,$0,$0,$8,8,$1.69,$1.69,$185,$0,$0,$315,$0,$653,$0,$46,$699,$1014,$7,$437,$27,$464,$471,$41,$0,$39,$543,$1014,$4,$4,$-11,$-7,$0,$0,$0,$0,$0,$-3,$33,$0,$0,$0,$5,$5,$1,$38,$-4,$0,$-4,$-1,$-1,$0,$-0,$-5,$31,$1,$0
19,2013-12-31,5.6,$68.60,0.08,$22.62,0.25,$16.15,0.35,$0.89,6.29,$0.30B,$0.01B,34.32,$0.44B,$0.54B,0.82,$0.20B,$0.17B,87.37%,$0.20B,$0.07B,36.36%,$0.20B,0,0.00%,$0.20B,0,0.00%,$0.20B,$0.07B,35.86%,$0.20B,$0.13B,64.65%,$0.13B,$0.54B,20.62%,$0.13B,$0.54B,20.62%,$0.13B,$1.02B,9.14%,$0.07B,$0.98B,5.30%,$7,$2,$5,$0,$25,$27,$-20,$0,$-19,$0,$-19,$-19,$16,$0,$0,$8,9,$1.91,$1.89,$155,$0,$0,$299,$0,$671,$0,$45,$716,$1015,$9,$442,$26,$468,$476,$29,$0,$37,$539,$1015,$100,$26,$-123,$-97,$0,$0,$0,$0,$0,$3,$56,$0,$0,$0,$33,$33,$-4,$86,$-41,$0,$-41,$-3,$-3,$-41,$12,$-73,$16,$2,$0
20,2013-09-30,6.5,$65.95,0.1,$23.00,0.28,$6.00,1.08,$0.89,7.3,$0.31B,$0.01B,39.61,$0.46B,$0.54B,0.86,$0.20B,$0.18B,87.56%,$0.20B,$0.08B,37.31%,$0.20B,0,0.00%,$0.20B,0,0.00%,$0.20B,$0.07B,36.32%,$0.20B,$0.13B,62.69%,$0.13B,$0.54B,18.98%,$0.13B,$0.54B,18.98%,$0.13B,$1.04B,7.89%,$0.08B,$1.00B,4.83%,$90,$2,$88,$0,$25,$27,$63,$-1,$62,$0,$62,$62,$73,$0,$0,$8,9,$8.67,$8.35,$137,$0,$0,$310,$0,$685,$0,$44,$730,$1040,$8,$461,$31,$493,$500,$16,$0,$36,$539,$1040,$98,$22,$-112,$-90,$0,$0,$0,$0,$0,$8,$19,$0,$0,$0,$28,$28,$-6,$42,$-20,$0,$-20,$-1,$-1,$-41,$7,$-55,$-5,$2,$0
21,2013-06-30,6.25,$82.66,0.08,$14.36,0.44,$-0.17,0.0,$0.91,6.87,$0.30B,$0.01B,22.47,$1.02B,$0.56B,1.81,$0.12B,$0.10B,76.61%,$0.12B,$0.00B,0.00%,$0.12B,0,0.00%,$0.12B,0,0.00%,$0.12B,$-0.00B,-2.42%,$0.12B,$0.05B,43.55%,$0.05B,$0.68B,7.61%,$0.05B,$0.68B,7.61%,$0.05B,$1.75B,3.00%,$0.00B,$1.70B,0.00%,$34,$14,$20,$0,$26,$40,$-6,$-0,$-7,$0,$-7,$-7,$-0,$0,$0,$8,8,$-0.05,$-0.05,$129,$0,$0,$300,$0,$1397,$0,$48,$1445,$1746,$13,$1019,$34,$1053,$1066,$-54,$0,$119,$680,$1746,$36,$17,$-38,$-21,$-2,$0,$0,$0,$-2,$13,$18,$0,$0,$0,$17,$17,$-21,$15,$12,$0,$12,$0,$0,$-41,$2,$-27,$1,$2,$0
22,2013-03-31,4.9,$0.00,0.0,$13.38,0.37,$-5.09,0.0,$0.98,5.0,$0.13B,$0.01B,9.82,$1.03B,$0.60B,1.72,$0.12B,$0.09B,81.03%,$0.12B,$0.01B,5.17%,$0.12B,0,0.00%,$0.12B,0,0.00%,$0.12B,$0.00B,2.59%,$0.12B,$0.06B,48.28%,$0.06B,$0.73B,7.78%,$0.06B,$0.73B,7.78%,$0.06B,$1.80B,3.07%,$0.01B,$1.75B,0.34%,$67,$6,$60,$0,$25,$31,$35,$-0,$35,$-2,$36,$36,$39,$0,$0,$8,9,$4.65,$4.60,$128,$0,$0,$128,$0,$1487,$0,$55,$1542,$1799,$13,$1026,$35,$1061,$1074,$-55,$0,$0,$725,$1799,$42,$5,$-38,$-33,$-1,$0,$0,$0,$-1,$7,$15,$0,$0,$0,$8,$8,$-15,$8,$22,$0,$22,$-0,$-0,$-29,$-1,$-8,$7,$1,$0
23,2012-12-31,2.0,$87.57,0.02,$5.97,0.33,$-7.85,0.0,$0.17,11.76,$0.25B,$0.01B,20.1,$1.04B,$0.56B,1.87,$0.06B,$0.03B,53.45%,$0.06B,$-0.04B,-65.52%,$0.06B,0,0.00%,$0.06B,0,0.00%,$0.06B,$-0.04B,-70.69%,$0.06B,$0.01B,13.79%,$0.01B,$0.71B,1.11%,$0.01B,$0.71B,1.11%,$0.01B,$1.80B,0.44%,$-0.04B,$1.76B,-2.14%,$10,$2,$8,$0,$26,$27,$-17,$0,$-17,$0,$-18,$-18,$14,$0,$0,$8,8,$-0.14,$-0.14,$106,$0,$0,$251,$0,$1496,$0,$55,$1551,$1802,$12,$1043,$35,$1078,$1090,$-94,$0,$139,$712,$1802,$-39,$20,$25,$20,$-2,$0,$0,$0,$-2,$5,$-34,$0,$0,$0,$56,$56,$1,$24,$-26,$0,$-26,$0,$0,$-9,$15,$-20,$9,$0,$0
24,2012-09-30,1.45,$0.00,0.0,$12.18,0.12,$-2.73,0.0,$0.17,8.53,$0.11B,$0.02B,6.37,$1.06B,$0.57B,1.87,$0.11B,$0.09B,83.49%,$0.11B,$-0.01B,-10.09%,$0.11B,0,0.00%,$0.11B,0,0.00%,$0.11B,$-0.01B,-12.84%,$0.11B,$0.08B,72.48%,$0.08B,$0.72B,11.04%,$0.08B,$0.72B,11.04%,$0.08B,$1.85B,4.28%,$-0.01B,$1.79B,-0.62%,$13,$7,$7,$0,$19,$25,$-12,$-2,$-14,$0,$-14,$-14,$1,$0,$0,$8,8,$0.10,$0.10,$105,$0,$0,$105,$0,$1670,$0,$76,$1746,$1851,$17,$1063,$49,$1111,$1128,$-90,$0,$0,$723,$1851,$-24,$16,$24,$40,$-0,$0,$0,$0,$-0,$16,$-42,$0,$0,$0,$20,$20,$-6,$-28,$1,$0,$1,$0,$0,$-7,$20,$13,$1,$0,$0
25,2012-06-30,1.4,$0.00,0.0,$10.62,0.13,$0.68,2.05,$0.04,35.0,$0.11B,$0.03B,3.55,$1.06B,$0.57B,1.87,$0.10B,$0.07B,73.20%,$0.10B,$-0.02B,-18.56%,$0.10B,0,0.00%,$0.10B,0,0.00%,$0.10B,$-0.02B,-19.59%,$0.10B,$0.07B,75.26%,$0.07B,$0.72B,10.26%,$0.07B,$0.72B,10.26%,$0.07B,$1.84B,3.92%,$-0.02B,$1.78B,-1.00%,$26,$7,$19,$0,$19,$26,$-0,$-1,$-1,$0,$-1,$-1,$2,$0,$0,$8,8,$0.30,$0.30,$110,$0,$0,$110,$0,$1530,$0,$76,$1607,$1842,$31,$1058,$31,$1090,$1121,$-93,$0,$0,$721,$1842,$-10,$11,$7,$18,$-0,$0,$0,$0,$-0,$7,$-18,$0,$0,$0,$17,$17,$-23,$-23,$-2,$0,$-2,$0,$0,$0,$15,$13,$-3,$0,$0
26,2012-03-31,2.2,$0.00,0.0,$7.79,0.28,$1.98,1.11,$-0.09,0.0,$0.10B,$0.02B,6.79,$1.06B,$0.56B,1.9,$0.08B,$0.05B,58.23%,$0.08B,$-0.03B,-39.24%,$0.08B,0,0.00%,$0.08B,0,0.00%,$0.08B,$-0.03B,-39.24%,$0.08B,$0.07B,86.08%,$0.07B,$0.71B,9.61%,$0.07B,$0.71B,9.61%,$0.07B,$1.84B,3.60%,$-0.03B,$1.78B,-1.70%,$9,$12,$-3,$0,$6,$18,$-9,$0,$-9,$0,$-9,$-9,$-9,$0,$0,$42,43,$0.09,$0.09,$97,$0,$0,$102,$0,$1672,$0,$66,$1738,$1840,$15,$1060,$50,$1111,$1126,$-95,$0,$0,$714,$1840,$-9,$5,$0,$5,$0,$0,$0,$0,$0,$4,$-11,$0,$0,$0,$0,$7,$-10,$-14,$0,$1,$0,$0,$7,$-2,$-0,$5,$-5,$0,$0
27,2011-12-31,0.85,$86.82,0.01,$7.84,0.11,$2.11,0.4,$-0.29,0.0,$0.21B,$0.02B,13.67,$1.07B,$0.55B,1.94,$0.08B,$0.04B,55.00%,$0.08B,$-0.04B,-47.50%,$0.08B,0,0.00%,$0.08B,0,0.00%,$0.08B,$-0.04B,-47.50%,$0.08B,$0.07B,90.00%,$0.07B,$0.71B,10.29%,$0.07B,$0.71B,10.29%,$0.07B,$1.84B,3.74%,$-0.04B,$1.77B,-2.05%,$61,$-8,$68,$0,$58,$51,$10,$0,$10,$0,$10,$10,$85,$0,$0,$8,8,$3.69,$3.69,$93,$0,$0,$214,$0,$2182,$0,$65,$2247,$1844,$16,$1068,$54,$1121,$1139,$-99,$0,$104,$705,$1844,$-19,$18,$28,$18,$-13,$0,$0,$0,$3,$14,$0,$0,$1,$0,$96,$65,$13,$79,$-115,$-126,$-1,$0,$0,$-13,$56,$-84,$10,$0,$0
28,2011-09-30,0.85,$0.00,0.0,$1.29,0.66,$-0.25,0.0,$-0.24,0.0,$0.06B,$0.02B,3.86,$1.15B,$0.55B,2.08,$0.05B,$0.00B,8.51%,$0.05B,$-0.02B,-42.55%,$0.05B,0,0.00%,$0.05B,0,0.00%,$0.05B,$-0.02B,-42.55%,$0.05B,$-0.01B,-23.40%,$-0.01B,$0.71B,-1.58%,$-0.01B,$0.71B,-1.58%,$-0.01B,$1.93B,-0.56%,$-0.02B,$1.86B,-1.05%,$1,$14,$-13,$0,$6,$20,$-19,$0,$-19,$-0,$-19,$-5,$-5,$0,$0,$41,41,$-0.11,$-0.11,$51,$0,$0,$62,$0,$1626,$0,$244,$1870,$1932,$16,$1150,$59,$1208,$1224,$-139,$0,$0,$707,$1932,$-48,$12,$0,$12,$0,$0,$0,$0,$0,$8,$4,$0,$0,$0,$0,$32,$-1,$34,$0,$-66,$0,$0,$-11,$-7,$45,$-38,$4,$0,$0
29,2011-06-30,0.7,$0.00,0.0,$1.95,0.36,$-0.54,0.0,$-0.23,0.0,$0.06B,$0.02B,3.72,$1.17B,$0.54B,2.15,$0.07B,$0.04B,59.72%,$0.07B,$0.03B,34.72%,$0.07B,0,0.00%,$0.07B,0,0.00%,$0.07B,$0.03B,34.72%,$0.07B,$-0.01B,-13.89%,$-0.01B,$0.70B,-1.92%,$-0.01B,$0.70B,-1.92%,$-0.01B,$1.95B,-0.67%,$0.03B,$1.87B,1.74%,$8,$14,$-6,$0,$7,$21,$-13,$0,$-13,$0,$-13,$-3,$-3,$0,$0,$41,41,$-0.07,$-0.07,$47,$0,$0,$62,$0,$1653,$0,$231,$1883,$1945,$17,$1168,$58,$1226,$1243,$-136,$0,$0,$703,$1945,$-29,$0,$22,$22,$0,$0,$0,$0,$0,$3,$1,$0,$0,$0,$0,$71,$1,$73,$0,$-94,$0,$0,$-8,$-5,$24,$-83,$-8,$0,$0
30,2011-03-31,0.6,$0.00,0.0,$2.41,0.25,$-0.63,0.0,$-0.57,0.0,$0.08B,$0.02B,4.53,$1.21B,$0.52B,2.34,$0.09B,$0.08B,83.52%,$0.09B,$0.07B,71.43%,$0.09B,0,0.00%,$0.09B,0,0.00%,$0.09B,$0.07B,71.43%,$0.09B,$-0.02B,-26.37%,$-0.02B,$0.68B,-6.94%,$-0.02B,$0.68B,-6.94%,$-0.02B,$1.97B,-2.38%,$0.07B,$1.90B,6.70%,$10,$15,$-5,$0,$12,$27,$-16,$0,$-16,$0,$-16,$-5,$-5,$0,$0,$41,41,$-0.11,$-0.11,$60,$0,$0,$81,$0,$1673,$0,$218,$1890,$1972,$18,$1214,$57,$1270,$1288,$-134,$0,$0,$683,$1972,$-17,$0,$0,$0,$0,$0,$0,$0,$0,$5,$-5,$0,$0,$0,$0,$70,$-2,$63,$0,$-69,$0,$0,$0,$-2,$6,$-66,$1,$0,$0
31,2010-12-31,0.6,$0.00,0.0,$2.84,0.21,$-0.61,0.0,$-0.71,0.0,$0.11B,$0.02B,5.9,$1.28B,$0.53B,2.41,$0.11B,$0.11B,100.00%,$0.11B,$0.11B,100.00%,$0.11B,0,0.00%,$0.11B,0,0.00%,$0.11B,$0.11B,100.00%,$0.11B,$-0.03B,-26.85%,$-0.03B,$0.70B,-16.57%,$-0.03B,$0.70B,-16.57%,$-0.03B,$2.06B,-5.63%,$0.11B,$1.98B,21.80%,$28,$0,$28,$0,$0,$0,$28,$0,$28,$0,$28,$1,$2,$0,$0,$34,34,$0.05,$0.05,$58,$0,$0,$111,$0,$1730,$0,$218,$1948,$2060,$19,$1281,$59,$1340,$1359,$-130,$0,$0,$700,$2060,$-72,$0,$0,$0,$0,$0,$0,$0,$0,$20,$-41,$0,$0,$0,$0,$84,$16,$60,$0,$-86,$0,$0,$0,$-10,$30,$-66,$14,$0,$0
32,2010-09-30,0.65,$0.00,0.0,$2.84,0.23,0,0.0,$-1.20,0.0,$0.00B,$0.00B,0.0,$0.00B,$0.00B,0.0,$0.11B,$0.11B,100.00%,$0.11B,$0.11B,100.00%,$0.11B,0,0.00%,$0.11B,0,0.00%,$0.11B,$0.11B,100.00%,$0.11B,$-0.05B,-42.86%,$-0.05B,$0.00B,inf%,$-0.05B,$0.00B,inf%,$-0.05B,$0.00B,inf%,$0.11B,$0.00B,inf%,$26,$0,$26,$0,$0,$0,$26,$0,$26,$0,$26,$-4,$-4,$0,$0,$38,38,$-0.10,$-0.10,$0,$0,$0,$0,$0,$0,$0,$0,$0,$0,$0,$0,$0,$0,$0,$0,$0,$0,$0,$0,$0,$0,$0,$0,$0,$0,$0,$0,$0,$0,$0,$0,$0,$0,$0,$0,$0,$0,$0,$0,$0,$0,$0,$0,$0,$0,$0,$0,$0
33,2010-06-30,0.55,$0.00,0.0,$2.94,0.19,0,0.0,$-1.27,0.0,$0.00B,$0.00B,0.0,$0.00B,$0.00B,0.0,$0.12B,$0.12B,100.00%,$0.12B,$0.12B,100.00%,$0.12B,0,0.00%,$0.12B,0,0.00%,$0.12B,$0.12B,100.00%,$0.12B,$-0.05B,-43.22%,$-0.05B,$0.00B,inf%,$-0.05B,$0.00B,inf%,$-0.05B,$0.00B,inf%,$0.12B,$0.00B,inf%,$27,$0,$27,$0,$0,$0,$27,$0,$27,$0,$27,$-11,$-17,$0,$0,$40,40,$-0.41,$-0.41,$0,$0,$0,$0,$0,$0,$0,$0,$0,$0,$0,$0,$0,$0,$0,$0,$0,$0,$0,$0,$0,$0,$0,$0,$0,$0,$0,$0,$0,$0,$0,$0,$0,$0,$0,$0,$0,$0,$0,$0,$0,$0,$0,$0,$0,$0,$0,$0,$0
34,2010-03-31,1.0,$0.00,0.0,$3.17,0.32,0,0.0,$-2.94,0.0,$0.00B,$0.00B,0.0,$0.00B,$0.00B,0.0,$0.13B,$0.13B,100.00%,$0.13B,$0.13B,100.00%,$0.13B,0,0.00%,$0.13B,0,0.00%,$0.13B,$0.13B,100.00%,$0.13B,$-0.12B,-92.13%,$-0.12B,$0.00B,inf%,$-0.12B,$0.00B,inf%,$-0.12B,$0.00B,inf%,$0.13B,$0.00B,inf%,$27,$0,$27,$0,$0,$0,$27,$0,$27,$0,$27,$-10,$-10,$0,$0,$40,40,$-0.25,$-0.25,$0,$0,$0,$0,$0,$0,$0,$0,$0,$0,$0,$0,$0,$0,$0,$0,$0,$0,$0,$0,$0,$0,$0,$0,$0,$0,$0,$0,$0,$0,$0,$0,$0,$0,$0,$0,$0,$0,$0,$0,$0,$0,$0,$0,$0,$0,$0,$0,$0
35,2009-12-31,1.1,$0.00,0.0,$3.35,0.33,0,0.0,$-3.60,0.0,$0.00B,$0.00B,0.0,$0.00B,$0.00B,0.0,$0.14B,$0.14B,100.00%,$0.14B,$0.14B,100.00%,$0.14B,0,0.00%,$0.14B,0,0.00%,$0.14B,$0.14B,100.00%,$0.14B,$-0.14B,-106.67%,$-0.14B,$0.00B,inf%,$-0.14B,$0.00B,inf%,$-0.14B,$0.00B,inf%,$0.14B,$0.00B,inf%,$32,$0,$32,$0,$0,$0,$32,$0,$32,$0,$32,$-17,$-17,$0,$0,$40,40,$-0.44,$-0.44,$0,$0,$0,$0,$0,$0,$0,$0,$0,$0,$0,$0,$0,$0,$0,$0,$0,$0,$0,$0,$0,$0,$0,$0,$0,$0,$0,$0,$0,$0,$0,$0,$0,$0,$0,$0,$0,$0,$0,$0,$0,$0,$0,$0,$0,$0,$0,$0,$0
36,2009-09-30,3.25,$0.00,0.0,$2.54,1.28,0,0.0,$-3.16,0.0,$0.00B,$0.00B,0.0,$0.00B,$0.00B,0.0,$0.10B,$0.10B,100.00%,$0.10B,$0.10B,100.00%,$0.10B,0,0.00%,$0.10B,0,0.00%,$0.10B,$0.10B,100.00%,$0.10B,$-0.13B,-123.30%,$-0.13B,$0.00B,-76.05%,$-0.13B,$0.00B,-106.72%,$-0.13B,$0.00B,-5.99%,$0.10B,$0.00B,17.47%,$32,$0,$32,$0,$0,$0,$32,$0,$32,$0,$32,$-20,$-7,$0,$0,$41,41,$-0.17,$-0.17,$0,$0,$0,$0,$0,$0,$0,$0,$0,$0,$0,$0,$0,$0,$0,$0,$0,$0,$0,$0,$0,$0,$0,$0,$0,$0,$0,$0,$0,$0,$0,$0,$0,$0,$0,$0,$0,$0,$0,$0,$0,$0,$0,$0,$0,$0,$0,$0,$0
37,2009-06-30,1.6,$0.00,0.0,$1.76,0.91,0,0.0,$-2.99,0.0,$0.00B,$0.00B,0.0,$0.00B,$0.00B,0.0,$0.11B,$0.08B,74.77%,$0.11B,$0.04B,35.51%,$0.11B,0,0.00%,$0.11B,0,0.00%,$0.11B,$0.08B,72.90%,$0.11B,$-0.12B,-112.15%,$-0.12B,$0.00B,-33.29%,$-0.12B,$0.00B,-54.48%,$-0.12B,$0.00B,-3.92%,$0.04B,$0.00B,3.92%,$36,$0,$36,$0,$0,$0,$36,$0,$36,$0,$36,$-11,$-83,$0,$0,$40,40,$-2.08,$-2.08,$0,$0,$0,$0,$0,$0,$0,$0,$0,$0,$0,$0,$0,$0,$0,$0,$0,$0,$0,$0,$0,$0,$0,$0,$0,$0,$0,$0,$0,$0,$0,$0,$0,$0,$0,$0,$0,$0,$0,$0,$0,$0,$0,$0,$0,$0,$0,$0,$0
