,Date,Stock Price,Book Value per Share,Price to Book Ratio,TTM Sales per Share,Price to Sales Ratio,TTM FCF per Share,Price to FCF Ratio,TTM Net EPS,PE Ratio,Current Assets,Current Liabilities,Current Ratio,Long Term Debt,Shareholder's Equity_x,Debt to Equity Ratio,TTM Revenue_x,TTM Gross Profit,Gross Margin,TTM Revenue_y,TTM Operating Income,Operating Margin,TTM Revenue_x,TTM EBIT,EBIT Margin,TTM Revenue_y,TTM EBITDA,EBITDA Margin,TTM Revenue_x,TTM Pre-Tax Income,Pre-Tax Margin,TTM Revenue_y,TTM Net Income_x,Net Margin,TTM Net Income_y,Shareholder's Equity_y,Return on Equity,TTM Net Income_x,Tangible Equity,Return on Tangible Equity,TTM Net Income_y,Total Assets,Return on Assets,TTM Net Income,LT Investments & Debt,Return on Investment,revenue,cost-goods-sold,gross-profit,research-development-expenses,selling-general-administrative-expenses,operating-expenses,operating-income,total-non-operating-income-expense,pre-tax-income,total-provision-income-taxes,income-after-taxes,income-from-continuous-operations,net-income,ebitda,ebit,basic-shares-outstanding,shares-outstanding,eps-basic-net-earnings-per-share,eps-earnings-per-share-diluted,cash-on-hand,inventory,other-current-assets,total-current-assets,net-property-plant-equipment,long-term-investments,goodwill-intangible-assets-total,other-long-term-assets,total-long-term-assets,total-assets,total-current-liabilities,long-term-debt,other-non-current-liabilities,total-long-term-liabilities,total-liabilities,common-stock-net,retained-earnings-accumulated-deficit,comprehensive-income,total-share-holder-equity,total-liabilities-share-holders-equity,net-income-loss,total-depreciation-amortization-cash-flow,other-non-cash-items,total-non-cash-items,change-in-accounts-receivable,change-in-inventories,change-in-accounts-payable,change-in-assets-liabilities,total-change-in-assets-liabilities,cash-flow-from-operating-activities,net-change-in-property-plant-equipment,net-change-in-intangible-assets,net-acquisitions-divestitures,net-change-in-short-term-investments,net-change-in-long-term-investments,net-change-in-investments-total,investing-activities-other,cash-flow-from-investing-activities,net-long-term-debt,net-current-debt,debt-issuance-retirement-net-total,net-common-equity-issued-repurchased,net-total-equity-issued-repurchased,total-common-preferred-stock-dividends-paid,financial-activities-other,cash-flow-from-financial-activities,net-cash-flow,stock-based-compensation,common-stock-dividends-paid
0,2018-09-30,210.71,$17.71,11.9,$54.06,3.9,$15.81,13.33,$7.48,28.17,$14.42B,$7.34B,1.97,$13.54B,$10.31B,1.31,$32.81B,$16.15B,49.22%,$32.81B,$7.34B,22.37%,$32.81B,$7.34B,22.37%,$32.81B,$8.81B,26.84%,$32.81B,$6.95B,21.19%,$32.81B,$4.53B,13.79%,$4.53B,$10.31B,41.71%,$4.53B,$-2.54B,-195.74%,$4.53B,$37.28B,12.02%,$7.34B,$23.85B,31.73%,$8152,$4159,$3993,$430,$1547,$6136,$2016,$-51,$1965,$419,$1546,$1546,$1543,$2371,$2016,$586,598,$2.64,$2.58,$3523,$4437,$385,$14419,$8630,$0,$12849,$1377,$22856,$37275,$7336,$13539,$2906,$19628,$26964,$9,$40120,$-6968,$10311,$37275,$4014,$1117,$-342,$775,$-596,$-562,$148,$280,$-608,$4181,$-903,$0,$819,$0,$714,$714,$8,$638,$1791,$-698,$1093,$-3200,$-3200,$-2406,$-36,$-4549,$132,$258,$-2406
1,2018-06-30,196.72,$17.78,11.07,$53.78,3.66,$16.01,12.28,$7.23,27.21,$13.89B,$8.90B,1.56,$11.29B,$10.43B,1.08,$32.83B,$16.27B,49.55%,$32.83B,$7.33B,22.34%,$32.83B,$7.33B,22.34%,$32.83B,$8.82B,26.87%,$32.83B,$6.98B,21.27%,$32.83B,$4.41B,13.44%,$4.41B,$10.43B,38.96%,$4.41B,$-2.47B,-298.90%,$4.41B,$36.78B,11.88%,$7.33B,$21.72B,31.98%,$8390,$4227,$4163,$468,$1800,$5989,$2401,$-51,$2350,$488,$1862,$1862,$1857,$2781,$2401,$591,604,$3.14,$3.07,$3186,$4238,$370,$13890,$8645,$0,$12894,$1349,$22888,$36778,$8902,$11294,$2900,$17448,$26350,$9,$39442,$-7019,$10428,$36778,$2468,$762,$-380,$382,$-606,$-337,$-12,$-87,$-808,$2042,$-573,$0,$819,$0,$672,$672,$-11,$907,$0,$774,$774,$-2232,$-2232,$-1612,$-26,$-3096,$-252,$208,$-1612
2,2018-03-31,218.04,$18.59,11.73,$52.63,4.14,$16.93,12.88,$6.74,32.35,$14.82B,$8.96B,1.65,$12.21B,$11.04B,1.11,$32.25B,$15.90B,49.29%,$32.25B,$7.09B,21.97%,$32.25B,$7.09B,21.97%,$32.25B,$8.57B,26.58%,$32.25B,$6.78B,21.01%,$32.25B,$4.14B,12.83%,$4.14B,$11.04B,35.58%,$4.14B,$-2.42B,-533.98%,$4.14B,$38.58B,11.35%,$7.09B,$23.25B,30.56%,$8278,$4236,$4042,$486,$2573,$7271,$1007,$-42,$965,$359,$606,$606,$602,$1389,$1007,$596,613,$1.01,$0.98,$4095,$4295,$344,$14818,$8864,$0,$13455,$1438,$23757,$38575,$8959,$12211,$2985,$18577,$27536,$9,$38453,$-6803,$11039,$38575,$606,$382,$-98,$284,$-260,$-209,$-88,$-402,$-747,$143,$-221,$0,$40,$0,$473,$473,$-11,$281,$0,$1581,$1581,$-718,$-718,$-810,$-7,$46,$438,$159,$-810
3,2017-12-31,232.44,$19.54,11.9,$51.68,4.5,$18.21,12.77,$7.92,29.35,$14.28B,$7.69B,1.86,$12.10B,$11.62B,1.04,$31.66B,$15.66B,49.46%,$31.66B,$7.82B,24.70%,$31.66B,$7.82B,24.70%,$31.66B,$9.36B,29.58%,$31.66B,$7.55B,23.84%,$31.66B,$4.86B,15.35%,$4.86B,$11.62B,41.78%,$4.86B,$-1.83B,-1660.85%,$4.86B,$37.99B,13.83%,$7.82B,$23.72B,34.25%,$7990,$4040,$3950,$428,$1701,$6073,$1917,$-245,$1672,$1147,$525,$525,$523,$2266,$1917,$598,613,$0.88,$0.86,$4129,$4034,$266,$14277,$8866,$0,$13449,$1395,$23710,$37987,$7687,$12096,$2962,$18678,$26365,$9,$39115,$-7026,$11622,$37987,$4869,$1544,$-789,$755,$-245,$-387,$24,$257,$616,$6240,$-1324,$0,$-958,$0,$-798,$-798,$-6,$-3086,$1025,$578,$1603,$-1334,$-1334,$-2803,$-121,$-2655,$655,$324,$-2803
4,2017-09-30,206.24,$20.49,10.07,$50.49,4.09,$18.75,11.0,$8.95,23.04,$13.66B,$6.60B,2.07,$10.83B,$12.20B,0.89,$31.00B,$15.32B,49.42%,$31.00B,$7.57B,24.42%,$31.00B,$7.57B,24.42%,$31.00B,$9.15B,29.51%,$31.00B,$7.49B,24.15%,$31.00B,$5.49B,17.71%,$5.49B,$12.20B,48.55%,$5.49B,$0.81B,-4518.52%,$5.49B,$35.24B,16.22%,$7.57B,$23.03B,34.16%,$8172,$4059,$4113,$468,$1637,$6164,$2008,$-11,$1997,$564,$1433,$1433,$1429,$2385,$2008,$598,613,$2.39,$2.33,$3417,$3975,$1108,$13656,$8658,$156,$11396,$1266,$21581,$35237,$6598,$10828,$1861,$16437,$23035,$9,$39454,$-6913,$12202,$35237,$4344,$1195,$-400,$795,$-595,$-436,$-25,$48,$-759,$4380,$-896,$0,$850,$0,$-310,$-310,$2,$-354,$-650,$60,$-590,$-982,$-982,$-2104,$-23,$-3699,$433,$266,$-2104
5,2017-06-30,203.38,$19.51,10.42,$49.61,4.1,$18.70,10.88,$8.77,23.19,$12.64B,$5.70B,2.22,$11.09B,$11.64B,0.95,$30.53B,$15.07B,49.35%,$30.53B,$7.46B,24.45%,$30.53B,$7.46B,24.45%,$30.53B,$9.03B,29.59%,$30.53B,$7.35B,24.08%,$30.53B,$5.39B,17.65%,$5.39B,$11.64B,47.83%,$5.39B,$0.34B,-1967.15%,$5.39B,$33.96B,16.06%,$7.46B,$22.73B,33.65%,$7810,$4020,$3790,$478,$1620,$5657,$2153,$-11,$2142,$557,$1585,$1585,$1583,$2533,$2153,$598,613,$2.65,$2.58,$2794,$3838,$1090,$12641,$8566,$154,$11306,$1207,$21316,$33957,$5697,$11088,$1767,$16616,$22313,$9,$38793,$-6989,$11644,$33957,$2911,$818,$-520,$298,$-412,$-347,$-60,$-17,$-579,$2630,$-576,$0,$862,$0,$136,$136,$5,$427,$-650,$-113,$-763,$-688,$-688,$-1403,$-2,$-2856,$256,$206,$-1403
6,2017-03-31,185.79,$18.49,10.05,$49.20,3.78,$18.45,10.07,$8.27,22.47,$11.90B,$6.00B,1.99,$10.80B,$11.04B,0.98,$30.39B,$15.14B,49.83%,$30.39B,$7.18B,23.62%,$30.39B,$7.18B,23.62%,$30.39B,$8.73B,28.74%,$30.39B,$7.04B,23.18%,$30.39B,$5.10B,16.78%,$5.10B,$11.04B,44.95%,$5.10B,$-0.49B,-1533.23%,$5.10B,$33.29B,15.28%,$7.18B,$21.84B,32.91%,$7685,$3882,$3803,$476,$1614,$5943,$1742,$-5,$1737,$411,$1326,$1326,$1323,$2180,$1742,$598,612,$2.21,$2.16,$2314,$3612,$1253,$11901,$8551,$150,$11527,$1102,$21391,$33292,$5995,$10802,$1691,$16257,$22252,$9,$38094,$-6949,$11040,$33292,$1326,$438,$-133,$305,$-237,$-149,$-124,$-358,$-643,$988,$-286,$0,$53,$0,$138,$138,$5,$-90,$0,$-68,$-68,$-375,$-375,$-702,$-6,$-1151,$-225,$147,$-702
7,2016-12-31,172.28,$17.33,9.94,$48.57,3.55,$18.85,9.14,$8.16,21.11,$11.73B,$6.22B,1.89,$10.68B,$10.34B,1.03,$30.11B,$15.07B,50.05%,$30.11B,$7.22B,23.99%,$30.11B,$7.22B,23.99%,$30.11B,$8.70B,28.89%,$30.11B,$7.05B,23.42%,$30.11B,$5.05B,16.77%,$5.05B,$10.34B,43.82%,$5.05B,$-1.14B,-2030.15%,$5.05B,$32.91B,15.17%,$7.22B,$21.02B,33.56%,$7329,$3716,$3613,$421,$1638,$5664,$1665,$-55,$1610,$454,$1156,$1156,$1155,$2049,$1665,$605,619,$1.92,$1.88,$2678,$3385,$450,$11726,$8516,$0,$11486,$1178,$21180,$32906,$6219,$10678,$1648,$16344,$22563,$9,$37907,$-7245,$10343,$32906,$5058,$1474,$62,$1536,$-313,$57,$148,$75,$68,$6662,$-1362,$0,$126,$0,$-163,$-163,$-4,$-1403,$1840,$-797,$1043,$-2949,$-2949,$-2678,$-42,$-4626,$600,$298,$-2678
8,2016-09-30,168.94,$20.03,8.43,$48.18,3.51,$18.12,9.32,$7.94,21.28,$12.18B,$6.40B,1.9,$11.08B,$12.05B,0.92,$30.08B,$14.93B,49.63%,$30.08B,$7.06B,23.47%,$30.08B,$7.06B,23.47%,$30.08B,$8.55B,28.41%,$30.08B,$6.91B,22.96%,$30.08B,$4.93B,16.40%,$4.93B,$12.05B,41.78%,$4.93B,$0.20B,-8432.48%,$4.93B,$34.05B,14.82%,$7.06B,$23.13B,33.10%,$7709,$3847,$3862,$427,$1531,$5805,$1904,$-42,$1862,$531,$1331,$1331,$1329,$2272,$1904,$604,619,$2.20,$2.15,$2666,$3611,$1159,$12179,$8671,$141,$11852,$952,$21872,$34051,$6400,$11079,$1345,$15603,$22003,$9,$37745,$-6146,$12048,$34051,$3902,$1090,$-39,$1051,$-469,$-15,$-107,$-64,$-500,$4453,$-966,$0,$39,$0,$-242,$-242,$-4,$-1173,$1840,$-498,$1342,$-2088,$-2088,$-2014,$-20,$-2780,$510,$244,$-2014
9,2016-06-30,166.84,$19.75,8.45,$47.94,3.48,$17.37,9.6,$7.84,21.28,$11.44B,$7.25B,1.58,$9.30B,$11.94B,0.78,$30.08B,$14.90B,49.53%,$30.08B,$7.03B,23.37%,$30.08B,$7.03B,23.37%,$30.08B,$8.50B,28.27%,$30.08B,$6.89B,22.90%,$30.08B,$4.90B,16.29%,$4.90B,$11.94B,41.35%,$4.90B,$0.10B,-10208.33%,$4.90B,$33.24B,14.81%,$7.03B,$21.24B,33.73%,$7662,$3799,$3863,$437,$1560,$5796,$1866,$-31,$1835,$542,$1293,$1293,$1291,$2232,$1866,$607,621,$2.13,$2.08,$1865,$3613,$1291,$11436,$8604,$135,$11833,$985,$21799,$33235,$7254,$9299,$1327,$14044,$21298,$9,$37194,$-6184,$11937,$33235,$2571,$722,$40,$762,$-419,$-42,$-57,$-168,$-788,$2545,$-619,$0,$52,$0,$-61,$-61,$-2,$-630,$0,$775,$775,$-1443,$-1443,$-1344,$-16,$-2028,$-110,$193,$-1344
10,2016-03-31,157.7,$19.41,8.12,$47.55,3.32,$17.03,9.26,$7.78,20.27,$10.87B,$7.18B,1.52,$8.93B,$11.77B,0.76,$30.11B,$14.87B,49.38%,$30.11B,$7.00B,23.27%,$30.11B,$7.00B,23.27%,$30.11B,$8.46B,28.09%,$30.11B,$6.87B,22.81%,$30.11B,$4.91B,16.31%,$4.91B,$11.77B,40.41%,$4.91B,$-0.15B,436.94%,$4.91B,$32.98B,15.05%,$7.00B,$20.70B,33.48%,$7409,$3678,$3731,$450,$1493,$5621,$1788,$-42,$1746,$468,$1278,$1278,$1275,$2144,$1788,$607,621,$2.10,$2.05,$1513,$3627,$1249,$10874,$8614,$130,$11926,$1212,$22108,$32982,$7178,$8927,$1649,$14030,$21208,$9,$36785,$-6261,$11774,$32982,$1278,$356,$109,$465,$-245,$-37,$-116,$-419,$-483,$1260,$-296,$0,$52,$0,$-61,$-61,$25,$-280,$0,$138,$138,$-870,$-870,$-672,$-22,$-1426,$-461,$144,$-672
11,2015-12-31,141.54,$18.82,7.52,$47.30,2.99,$16.70,8.48,$7.58,18.67,$10.99B,$7.12B,1.54,$8.75B,$11.47B,0.76,$30.27B,$14.89B,49.19%,$30.27B,$6.95B,22.94%,$30.27B,$6.95B,22.94%,$30.27B,$8.38B,27.68%,$30.27B,$6.82B,22.54%,$30.27B,$4.83B,15.96%,$4.83B,$11.47B,38.07%,$4.83B,$-0.38B,188.27%,$4.83B,$32.88B,15.08%,$6.95B,$20.22B,33.32%,$7298,$3827,$3471,$433,$1585,$5798,$1500,$-37,$1463,$424,$1039,$1039,$1038,$1897,$1500,$626,637,$1.69,$1.66,$1916,$3518,$1398,$10986,$8515,$126,$11850,$1218,$21897,$32883,$7118,$8753,$2024,$14297,$21415,$9,$36296,$-6359,$11468,$32883,$4841,$1435,$759,$2194,$-58,$3,$9,$175,$-615,$6420,$-1428,$0,$-2791,$0,$1300,$1300,$102,$-2817,$2622,$860,$3482,$-4603,$-4603,$-2561,$34,$-3648,$-99,$276,$-2561
12,2015-09-30,132.34,$19.85,6.67,$47.50,2.79,$16.82,7.87,$7.73,17.12,$11.61B,$7.03B,1.65,$8.97B,$12.22B,0.73,$30.70B,$15.11B,49.23%,$30.70B,$7.11B,23.16%,$30.70B,$7.11B,23.16%,$30.70B,$8.50B,27.68%,$30.70B,$7.00B,22.80%,$30.70B,$4.97B,16.20%,$4.97B,$12.22B,37.93%,$4.97B,$0.24B,129.98%,$4.97B,$33.26B,15.73%,$7.11B,$21.20B,34.25%,$7712,$3877,$3835,$429,$1530,$5836,$1876,$-31,$1845,$547,$1298,$1298,$1296,$2231,$1876,$621,631,$2.09,$2.05,$1758,$3709,$1531,$11608,$8470,$125,$11986,$1009,$21650,$33258,$7032,$8974,$1566,$14002,$21034,$9,$36235,$-6467,$12224,$33258,$3802,$1038,$691,$1729,$-478,$-139,$-112,$-132,$-1449,$4082,$-998,$0,$-2891,$0,$1256,$1256,$22,$-2611,$2627,$1160,$3787,$-3586,$-3586,$-1933,$38,$-1694,$-292,$233,$-1933
13,2015-06-30,143.04,$21.02,6.81,$47.65,3.0,$17.34,8.25,$7.66,18.67,$13.43B,$5.10B,2.64,$8.43B,$13.13B,0.64,$31.12B,$15.21B,48.87%,$31.12B,$7.13B,22.92%,$31.12B,$7.13B,22.92%,$31.12B,$8.52B,27.37%,$31.12B,$7.03B,22.60%,$31.12B,$4.98B,16.01%,$4.98B,$13.13B,35.31%,$4.98B,$4.79B,88.37%,$4.98B,$31.39B,15.81%,$7.13B,$21.56B,34.27%,$7686,$3858,$3828,$438,$1550,$5846,$1840,$-28,$1812,$509,$1303,$1303,$1300,$2184,$1840,$631,643,$2.06,$2.02,$3485,$3847,$1521,$13431,$8389,$119,$8340,$1055,$17957,$31388,$5095,$8431,$1049,$13163,$18258,$9,$35615,$-6233,$13130,$31388,$2504,$683,$451,$1134,$-446,$-269,$-34,$-50,$-1220,$2418,$-647,$0,$-134,$0,$928,$928,$19,$166,$1915,$-39,$1876,$-2131,$-2131,$-1298,$79,$-1474,$1086,$187,$-1298
14,2015-03-31,151.95,$21.99,6.91,$47.94,3.17,$17.80,8.54,$7.55,20.13,$12.52B,$5.08B,2.46,$6.46B,$13.95B,0.46,$31.57B,$15.33B,48.57%,$31.57B,$7.15B,22.65%,$31.57B,$7.15B,22.65%,$31.57B,$8.55B,27.07%,$31.57B,$7.04B,22.30%,$31.57B,$4.95B,15.67%,$4.95B,$13.95B,32.37%,$4.95B,$5.62B,74.47%,$4.95B,$30.64B,15.39%,$7.15B,$20.41B,33.70%,$7578,$3821,$3757,$463,$1564,$5848,$1730,$-27,$1703,$502,$1201,$1201,$1199,$2069,$1730,$636,649,$1.88,$1.85,$2809,$3704,$1597,$12518,$8286,$115,$8330,$1338,$18125,$30643,$5082,$6459,$1386,$11609,$16691,$9,$35080,$-6321,$13952,$30643,$1201,$339,$124,$463,$-296,$-131,$56,$-313,$-584,$1080,$-287,$0,$-131,$0,$414,$414,$4,$0,$0,$-4,$-4,$-577,$-577,$-652,$79,$-1154,$-106,$138,$-652
15,2014-12-31,150.43,$20.69,7.27,$47.88,3.14,$17.77,8.47,$7.49,20.08,$12.30B,$5.96B,2.06,$6.71B,$13.14B,0.51,$31.82B,$15.37B,48.31%,$31.82B,$7.14B,22.42%,$31.82B,$7.14B,22.42%,$31.82B,$8.54B,26.85%,$31.82B,$7.03B,22.08%,$31.82B,$4.96B,15.57%,$4.96B,$13.14B,30.44%,$4.96B,$4.66B,66.32%,$4.96B,$31.21B,15.08%,$7.14B,$19.85B,32.89%,$7719,$4027,$3692,$436,$1594,$6057,$1662,$-24,$1638,$459,$1179,$1179,$1179,$2012,$1662,$649,662,$1.84,$1.81,$3336,$3706,$1023,$12303,$8489,$117,$8485,$1769,$18906,$31209,$5964,$6705,$1555,$12103,$18067,$9,$34317,$-6289,$13142,$31209,$4998,$1408,$143,$1551,$-268,$-113,$75,$177,$77,$6626,$-1358,$0,$-94,$0,$754,$754,$102,$-596,$983,$27,$1010,$-4684,$-4684,$-2216,$-713,$-6603,$-684,$280,$-2216
16,2014-09-30,129.01,$25.29,5.1,$47.13,2.74,$15.98,8.07,$7.30,17.67,$12.68B,$7.71B,1.65,$5.23B,$16.21B,0.32,$31.67B,$15.28B,48.23%,$31.67B,$7.05B,22.27%,$31.67B,$7.05B,22.27%,$31.67B,$8.47B,26.73%,$31.67B,$6.95B,21.93%,$31.67B,$4.88B,15.41%,$4.88B,$16.21B,27.92%,$4.88B,$7.48B,57.16%,$4.88B,$32.78B,14.58%,$7.05B,$21.43B,31.62%,$8137,$4205,$3932,$434,$1597,$6236,$1901,$-21,$1880,$569,$1311,$1311,$1303,$2251,$1901,$645,658,$2.02,$1.98,$2696,$3945,$1329,$12681,$8499,$1213,$8729,$934,$20095,$32776,$7705,$5225,$1791,$8865,$16570,$9,$34484,$-4108,$16206,$32776,$3819,$1058,$220,$1278,$-587,$-232,$55,$74,$-654,$4443,$-887,$0,$-94,$0,$383,$383,$20,$-578,$-487,$1935,$1448,$-3634,$-3634,$-1672,$-615,$-4473,$-652,$221,$-1672
17,2014-06-30,129.66,$27.54,4.71,$46.20,2.81,$14.60,8.88,$7.10,18.26,$13.19B,$7.04B,1.87,$5.32B,$17.85B,0.3,$31.45B,$15.11B,48.05%,$31.45B,$6.89B,21.91%,$31.45B,$6.89B,21.91%,$31.45B,$8.30B,26.38%,$31.45B,$6.78B,21.56%,$31.45B,$4.81B,15.28%,$4.81B,$17.85B,26.72%,$4.81B,$8.82B,53.65%,$4.81B,$33.97B,14.28%,$6.89B,$23.17B,30.78%,$8134,$4184,$3950,$448,$1646,$6278,$1856,$-36,$1820,$537,$1283,$1283,$1267,$2214,$1856,$652,665,$1.94,$1.91,$3009,$4093,$1332,$13193,$8685,$1317,$9025,$1078,$20777,$33970,$7040,$5323,$1932,$9084,$16124,$9,$33836,$-3666,$17846,$33970,$2508,$708,$160,$868,$-484,$-242,$57,$9,$-644,$2732,$-596,$0,$-94,$0,$133,$133,$-22,$-579,$959,$62,$1021,$-2549,$-2549,$-1122,$66,$-2584,$-456,$174,$-1122
18,2014-03-31,122.06,$27.40,4.46,$45.05,2.71,$14.21,8.59,$6.90,17.69,$12.76B,$7.45B,1.71,$4.40B,$17.92B,0.25,$31.07B,$14.90B,47.96%,$31.07B,$6.74B,21.68%,$31.07B,$6.74B,21.68%,$31.07B,$8.12B,26.14%,$31.07B,$6.63B,21.35%,$31.07B,$4.74B,15.25%,$4.74B,$17.92B,26.16%,$4.74B,$8.94B,52.17%,$4.74B,$33.55B,14.05%,$6.74B,$22.33B,30.08%,$7831,$4031,$3800,$452,$1632,$6115,$1716,$-28,$1688,$463,$1225,$1225,$1207,$2066,$1716,$662,675,$1.83,$1.79,$2814,$3972,$1378,$12762,$8630,$1480,$8988,$1063,$20785,$33547,$7450,$4401,$1963,$8173,$15623,$9,$33312,$-3841,$17924,$33547,$1225,$350,$44,$394,$-347,$-131,$84,$-268,$-527,$1092,$-290,$0,$0,$0,$-2,$-2,$5,$-287,$108,$466,$574,$-1441,$-1441,$-566,$34,$-1399,$-627,$122,$-566
19,2013-12-31,125.37,$27.06,4.63,$44.32,2.83,$13.99,8.96,$6.72,18.66,$12.73B,$7.50B,1.7,$4.33B,$17.95B,0.24,$30.87B,$14.77B,47.83%,$30.87B,$6.67B,21.59%,$30.87B,$6.67B,21.59%,$30.87B,$8.04B,26.03%,$30.87B,$6.56B,21.26%,$30.87B,$4.66B,15.09%,$4.66B,$17.95B,25.51%,$4.66B,$8.92B,50.61%,$4.66B,$33.55B,13.77%,$6.67B,$22.27B,29.41%,$7569,$3976,$3593,$438,$1576,$5990,$1579,$-21,$1558,$442,$1116,$1116,$1103,$1936,$1579,$682,694,$1.65,$1.62,$3337,$3864,$1279,$12733,$8652,$1575,$9033,$980,$20817,$33550,$7498,$4326,$1984,$8104,$15602,$9,$32416,$-3913,$17948,$33550,$4721,$1371,$52,$1423,$-337,$-86,$16,$-126,$-327,$5817,$-1537,$0,$8,$0,$627,$627,$46,$-856,$-35,$-2,$-37,$-3603,$-3603,$-1730,$124,$-5246,$-302,$240,$-1730
20,2013-09-30,106.22,$27.11,3.92,$43.91,2.42,$13.30,7.98,$6.51,16.32,$13.28B,$7.44B,1.79,$3.53B,$18.25B,0.19,$30.69B,$14.57B,47.47%,$30.69B,$6.53B,21.28%,$30.69B,$6.53B,21.28%,$30.69B,$7.88B,25.66%,$30.69B,$6.41B,20.90%,$30.69B,$4.55B,14.82%,$4.55B,$18.25B,24.87%,$4.55B,$9.17B,49.64%,$4.55B,$33.60B,13.41%,$6.53B,$21.79B,28.60%,$7916,$4148,$3768,$420,$1609,$6177,$1739,$-23,$1716,$471,$1245,$1245,$1230,$2082,$1739,$680,692,$1.81,$1.78,$3311,$3948,$1429,$13282,$8448,$1697,$9087,$1066,$20322,$33604,$7439,$3533,$1686,$7913,$15352,$9,$32412,$-4810,$18252,$33604,$3605,$1014,$104,$1118,$-643,$-155,$-26,$-100,$-899,$3824,$-1036,$0,$8,$0,$313,$313,$13,$-702,$-841,$607,$-234,$-2166,$-2166,$-1307,$64,$-3643,$-543,$197,$-1307
21,2013-06-30,96.73,$26.80,3.61,$43.13,2.24,$12.97,7.46,$6.38,15.16,$13.98B,$6.34B,2.21,$4.88B,$18.32B,0.27,$30.27B,$14.36B,47.45%,$30.27B,$6.47B,21.37%,$30.27B,$6.47B,21.37%,$30.27B,$7.79B,25.75%,$30.27B,$6.34B,20.95%,$30.27B,$4.48B,14.79%,$4.48B,$18.32B,24.53%,$4.48B,$9.30B,49.01%,$4.48B,$34.13B,13.12%,$6.47B,$23.20B,27.96%,$7752,$4013,$3739,$427,$1610,$6050,$1702,$-31,$1671,$458,$1213,$1213,$1197,$2037,$1702,$688,699,$1.74,$1.71,$4252,$3919,$1270,$13983,$8329,$1696,$9017,$1083,$20147,$34130,$6335,$4884,$1683,$9476,$15811,$9,$31716,$-5166,$18319,$34130,$2360,$671,$240,$911,$-628,$-167,$199,$-168,$-598,$2673,$-700,$0,$8,$0,$-52,$-52,$4,$-740,$-1,$-12,$-13,$-892,$-892,$-876,$54,$-1727,$59,$150,$-876
22,2013-03-31,93.5,$26.84,3.48,$42.76,2.19,$12.44,7.52,$6.33,14.77,$13.86B,$5.94B,2.33,$4.86B,$18.53B,0.26,$30.05B,$14.29B,47.54%,$30.05B,$6.50B,21.61%,$30.05B,$6.50B,21.61%,$30.05B,$7.81B,25.97%,$30.05B,$6.37B,21.18%,$30.05B,$4.45B,14.80%,$4.45B,$18.53B,24.86%,$4.45B,$9.44B,50.53%,$4.45B,$34.03B,13.11%,$6.50B,$23.39B,28.28%,$7634,$3969,$3665,$430,$1589,$5988,$1646,$-29,$1617,$470,$1147,$1147,$1129,$1982,$1646,$691,702,$1.63,$1.61,$4376,$3819,$1242,$13855,$8318,$1613,$9087,$1137,$20174,$34029,$5937,$4864,$1686,$9564,$15501,$9,$31073,$-5001,$18528,$34029,$1147,$336,$200,$536,$-447,$-28,$97,$-410,$-689,$994,$-314,$0,$0,$0,$-96,$-96,$5,$-405,$4,$-13,$-9,$-67,$-67,$-440,$30,$-486,$45,$103,$-440
23,2012-12-31,81.16,$26.26,3.09,$42.49,1.91,$12.28,6.61,$6.31,12.86,$13.63B,$6.20B,2.2,$4.92B,$18.04B,0.27,$29.90B,$14.22B,47.55%,$29.90B,$6.48B,21.68%,$29.90B,$6.48B,21.68%,$29.90B,$7.77B,25.99%,$29.90B,$6.35B,21.24%,$29.90B,$4.44B,14.86%,$4.44B,$18.04B,25.51%,$4.44B,$8.73B,53.17%,$4.44B,$33.88B,13.29%,$6.48B,$22.96B,28.94%,$7387,$3991,$3396,$418,$1535,$5944,$1443,$-34,$1409,$405,$1004,$1004,$991,$1775,$1443,$694,703,$1.43,$1.42,$4531,$3837,$1201,$13630,$8378,$1325,$9310,$1217,$20246,$33876,$6200,$4916,$1634,$9636,$15836,$9,$30679,$-4750,$18040,$33876,$4511,$1288,$-302,$986,$-133,$-251,$72,$25,$-197,$5300,$-1443,$0,$-1046,$0,$-211,$-211,$14,$-2686,$758,$-36,$722,$-1192,$-1192,$-1635,$47,$-2058,$664,$223,$-1635
24,2012-09-30,80.25,$26.22,3.06,$41.85,1.92,$12.30,6.52,$6.25,12.84,$14.49B,$6.60B,2.2,$4.85B,$18.14B,0.27,$29.61B,$14.09B,47.58%,$29.61B,$6.40B,21.63%,$29.61B,$6.40B,21.63%,$29.61B,$7.68B,25.93%,$29.61B,$6.27B,21.18%,$29.61B,$4.41B,14.89%,$4.41B,$18.14B,26.12%,$4.41B,$9.08B,55.78%,$4.41B,$34.48B,13.41%,$6.40B,$22.99B,29.44%,$7497,$3935,$3562,$397,$1487,$5819,$1678,$-34,$1644,$464,$1180,$1180,$1161,$2000,$1678,$693,703,$1.68,$1.65,$5018,$3842,$1225,$14494,$7939,$1542,$9063,$1394,$19985,$34479,$6595,$4852,$1777,$9743,$16338,$9,$30150,$-4548,$18141,$34479,$3507,$956,$-211,$745,$-493,$-368,$141,$78,$-690,$3562,$-962,$0,$-248,$0,$-938,$-938,$14,$-2134,$1233,$-36,$1197,$-718,$-718,$-1228,$35,$-714,$810,$181,$-1228
25,2012-06-30,77.31,$24.41,3.17,$41.71,1.85,$12.37,6.25,$6.12,12.63,$14.09B,$5.71B,2.47,$5.66B,$16.87B,0.34,$29.64B,$14.03B,47.33%,$29.64B,$6.31B,21.28%,$29.64B,$6.31B,21.28%,$29.64B,$7.57B,25.54%,$29.64B,$6.17B,20.82%,$29.64B,$4.33B,14.62%,$4.33B,$16.87B,25.97%,$4.33B,$7.96B,56.20%,$4.33B,$33.34B,13.43%,$6.31B,$22.53B,29.21%,$7534,$3870,$3664,$408,$1528,$5806,$1728,$-33,$1695,$509,$1186,$1186,$1167,$2049,$1728,$694,703,$1.68,$1.66,$4903,$3656,$1165,$14088,$7706,$1183,$8911,$1406,$19251,$33339,$5707,$5657,$1747,$10759,$16466,$9,$29465,$-5012,$16873,$33339,$2327,$634,$-147,$487,$-553,$-268,$150,$-152,$-597,$2217,$-611,$0,$-144,$0,$-103,$-103,$4,$-854,$1226,$-34,$1192,$-684,$-684,$-820,$41,$-271,$1089,$145,$-820
26,2012-03-31,76.45,$23.95,3.19,$41.56,1.84,$12.37,6.18,$6.06,12.62,$12.85B,$5.41B,2.38,$4.51B,$16.62B,0.27,$29.79B,$14.01B,47.02%,$29.79B,$6.23B,20.93%,$29.79B,$6.23B,20.93%,$29.79B,$7.49B,25.16%,$29.79B,$6.09B,20.44%,$29.79B,$4.33B,14.53%,$4.33B,$16.62B,25.59%,$4.33B,$7.66B,55.18%,$4.33B,$32.02B,13.52%,$6.23B,$21.13B,28.97%,$7486,$3889,$3597,$411,$1552,$5852,$1634,$-31,$1603,$462,$1141,$1141,$1125,$1947,$1634,$697,706,$1.61,$1.59,$3731,$3561,$1238,$12853,$7755,$923,$8955,$1486,$19162,$32015,$5408,$4510,$1792,$9988,$15396,$9,$28858,$-4785,$16619,$32015,$1141,$313,$-38,$275,$-431,$-96,$118,$-400,$-588,$828,$-257,$0,$0,$0,$213,$213,$1,$-43,$-9,$-18,$-27,$-311,$-311,$-410,$26,$-722,$113,$103,$-410
27,2011-12-31,69.57,$22.82,3.05,$41.02,1.7,$12.26,5.67,$5.96,11.67,$12.24B,$5.44B,2.25,$4.48B,$15.86B,0.28,$29.61B,$13.92B,47.00%,$29.61B,$6.18B,20.86%,$29.61B,$6.18B,20.86%,$29.61B,$7.41B,25.04%,$29.61B,$6.03B,20.37%,$29.61B,$4.28B,14.46%,$4.28B,$15.86B,25.23%,$4.28B,$6.90B,54.45%,$4.28B,$31.62B,13.47%,$6.18B,$20.35B,28.63%,$7089,$3824,$3265,$379,$1522,$5725,$1364,$-35,$1329,$355,$974,$974,$954,$1681,$1364,$709,719,$1.36,$1.35,$3680,$3416,$1277,$12240,$7666,$1051,$8963,$1656,$19376,$31616,$5441,$4484,$1857,$10313,$15754,$9,$28348,$-5025,$15862,$31616,$4357,$1236,$350,$1586,$-205,$-196,$-83,$-130,$-659,$5284,$-1324,$0,$-649,$0,$-745,$-745,$0,$-2718,$-318,$11,$-307,$-1799,$-1799,$-1555,$-14,$-3675,$-1158,$253,$-1555
28,2011-09-30,60.68,$24.84,2.44,$40.41,1.5,$12.41,4.89,$5.88,10.32,$13.67B,$6.17B,2.22,$4.96B,$17.41B,0.29,$29.23B,$13.79B,47.17%,$29.23B,$6.12B,20.92%,$29.23B,$6.12B,20.92%,$29.23B,$7.32B,25.03%,$29.23B,$5.96B,20.40%,$29.23B,$4.26B,14.56%,$4.26B,$17.41B,25.02%,$4.26B,$8.32B,53.31%,$4.26B,$32.12B,13.55%,$6.12B,$22.37B,28.39%,$7531,$4027,$3504,$389,$1534,$5950,$1581,$-38,$1543,$440,$1103,$1103,$1088,$1892,$1581,$708,716,$1.54,$1.52,$4862,$3604,$944,$13669,$7509,$605,$9092,$1153,$18446,$32115,$6165,$4955,$1879,$8538,$14703,$9,$27784,$-3339,$17412,$32115,$3383,$919,$148,$1067,$-557,$-364,$-30,$-165,$-904,$3546,$-850,$0,$-531,$0,$-197,$-197,$-6,$-1584,$634,$-13,$621,$-1342,$-1342,$-1171,$-6,$-1898,$-1,$210,$-1171
29,2011-06-30,79.63,$25.01,3.18,$39.36,2.02,$12.76,6.24,$5.89,13.52,$13.54B,$6.20B,2.18,$4.48B,$17.74B,0.25,$28.57B,$13.57B,47.50%,$28.57B,$6.11B,21.38%,$28.57B,$6.11B,21.38%,$28.57B,$7.28B,25.47%,$28.57B,$5.96B,20.85%,$28.57B,$4.28B,14.96%,$4.28B,$17.74B,25.72%,$4.28B,$8.48B,52.98%,$4.28B,$32.28B,13.83%,$6.11B,$22.23B,28.84%,$7680,$4040,$3640,$404,$1581,$6025,$1655,$-41,$1614,$437,$1177,$1177,$1160,$1974,$1655,$713,727,$1.63,$1.60,$4524,$3717,$911,$13537,$7624,$573,$9258,$1208,$18745,$32282,$6203,$4484,$1921,$8337,$14540,$9,$27110,$-2961,$17742,$32282,$2280,$608,$271,$879,$-586,$-376,$100,$-241,$-975,$2184,$-521,$0,$-487,$0,$205,$205,$-6,$-809,$-34,$-13,$-47,$-605,$-605,$-783,$-2,$-1437,$-1,$172,$-783
30,2011-03-31,78.04,$23.77,3.28,$38.07,2.05,$13.07,5.97,$5.83,13.39,$12.65B,$5.90B,2.14,$4.49B,$16.89B,0.27,$27.63B,$13.23B,47.89%,$27.63B,$6.05B,21.90%,$27.63B,$6.05B,21.90%,$27.63B,$7.17B,25.97%,$27.63B,$5.90B,21.35%,$27.63B,$4.24B,15.33%,$4.24B,$16.89B,26.90%,$4.24B,$7.76B,54.36%,$4.24B,$31.13B,14.14%,$6.05B,$21.37B,29.62%,$7311,$3802,$3509,$398,$1533,$5733,$1578,$-33,$1545,$442,$1103,$1103,$1081,$1867,$1578,$712,726,$1.52,$1.49,$4032,$3489,$915,$12645,$7503,$520,$9125,$1258,$18484,$31129,$5900,$4486,$1892,$8342,$14242,$9,$26521,$-3237,$16887,$31129,$1103,$289,$178,$467,$-469,$-180,$80,$-405,$-837,$733,$-229,$0,$-471,$0,$-18,$-18,$-6,$-724,$3,$12,$15,$-302,$-302,$-392,$-18,$-697,$-630,$116,$-392
31,2010-12-31,71.6,$22.50,3.18,$36.78,1.95,$13.66,5.24,$5.63,12.72,$12.22B,$6.09B,2.01,$4.18B,$16.02B,0.26,$26.66B,$12.83B,48.12%,$26.66B,$5.92B,22.20%,$26.66B,$5.92B,22.20%,$26.66B,$7.04B,26.40%,$26.66B,$5.76B,21.59%,$26.66B,$4.09B,15.32%,$4.09B,$16.02B,27.25%,$4.09B,$7.38B,54.04%,$4.09B,$30.16B,14.00%,$5.92B,$20.20B,29.86%,$6709,$3575,$3134,$388,$1445,$5408,$1301,$-39,$1262,$319,$943,$943,$928,$1584,$1301,$714,726,$1.29,$1.27,$4478,$3155,$967,$12215,$7279,$686,$8640,$1262,$17941,$30156,$6089,$4183,$1854,$8050,$14139,$9,$25995,$-3543,$16017,$30156,$4163,$1120,$-245,$875,$-189,$-404,$146,$328,$136,$5174,$-1066,$0,$-1830,$0,$273,$273,$-3,$-2626,$-448,$-24,$-472,$-188,$-188,$-1500,$-24,$-2184,$337,$274,$-1500
32,2010-09-30,71.49,$22.15,3.23,$36.19,1.98,$13.82,5.17,$5.66,12.63,$14.05B,$5.40B,2.6,$5.11B,$15.83B,0.32,$26.08B,$12.63B,48.44%,$26.08B,$5.96B,22.85%,$26.08B,$5.96B,22.85%,$26.08B,$7.09B,27.21%,$26.08B,$5.79B,22.21%,$26.08B,$4.09B,15.69%,$4.09B,$15.83B,28.59%,$4.09B,$8.66B,56.46%,$4.09B,$30.07B,14.38%,$5.96B,$20.94B,30.76%,$6874,$3583,$3291,$354,$1361,$5298,$1576,$-40,$1536,$411,$1125,$1125,$1106,$1854,$1576,$714,725,$1.55,$1.53,$5853,$3215,$1111,$14048,$6915,$579,$7178,$1241,$16017,$30065,$5395,$5105,$1879,$8837,$14232,$9,$25493,$-3366,$15833,$30065,$3220,$837,$17,$854,$-529,$-521,$173,$186,$-531,$3543,$-558,$0,$-48,$0,$-268,$-268,$-3,$-877,$-126,$-31,$-157,$90,$90,$-1124,$-34,$-1225,$1426,$228,$-1124
33,2010-06-30,64.72,$20.07,3.22,$35.42,1.83,$14.39,4.5,$5.48,11.81,$12.89B,$5.44B,2.37,$4.95B,$14.26B,0.35,$25.39B,$12.36B,48.68%,$25.39B,$5.86B,23.08%,$25.39B,$5.86B,23.08%,$25.39B,$7.01B,27.60%,$25.39B,$5.69B,22.40%,$25.39B,$3.94B,15.53%,$3.94B,$14.26B,29.03%,$3.94B,$7.38B,60.66%,$3.94B,$28.50B,14.16%,$5.86B,$19.21B,31.40%,$6731,$3435,$3296,$350,$1350,$5135,$1596,$-42,$1554,$414,$1140,$1140,$1121,$1868,$1596,$715,726,$1.57,$1.54,$4931,$2980,$1235,$12891,$6715,$717,$6888,$1186,$15605,$28496,$5437,$4949,$1710,$8796,$14233,$9,$24788,$-4016,$14263,$28496,$2095,$559,$180,$739,$-586,$-428,$243,$49,$-614,$2220,$-333,$0,$-30,$0,$-1012,$-1012,$0,$-1375,$-36,$-32,$-68,$-7,$-7,$-749,$63,$-761,$-18,$171,$-749
34,2010-03-31,68.04,$19.42,3.5,$34.32,1.98,$14.31,4.76,$5.06,13.45,$12.11B,$5.15B,2.35,$5.08B,$13.85B,0.37,$24.38B,$11.81B,48.43%,$24.38B,$5.46B,22.38%,$24.38B,$5.46B,22.38%,$24.38B,$6.63B,27.19%,$24.38B,$5.28B,21.64%,$24.38B,$3.61B,14.79%,$3.61B,$13.85B,28.11%,$3.61B,$6.83B,63.45%,$3.61B,$28.02B,13.23%,$5.46B,$18.93B,30.38%,$6348,$3238,$3110,$342,$1323,$4903,$1445,$-42,$1403,$448,$955,$955,$930,$1732,$1445,$712,724,$1.31,$1.29,$4607,$2798,$1132,$12106,$6859,$698,$7021,$1255,$15916,$28022,$5148,$5080,$1779,$9023,$14171,$9,$24231,$-3747,$13851,$28022,$955,$287,$132,$419,$-356,$-190,$145,$-208,$-292,$1082,$-154,$0,$-17,$0,$-753,$-753,$-63,$-987,$-11,$-27,$-38,$131,$131,$-374,$6,$-275,$-192,$112,$-374
35,2009-12-31,66.87,$18.72,3.57,$32.85,2.04,$13.69,4.88,$4.51,14.83,$10.80B,$4.90B,2.2,$5.10B,$13.30B,0.38,$23.12B,$11.01B,47.63%,$23.12B,$4.81B,20.82%,$23.12B,$4.81B,20.82%,$23.12B,$5.97B,25.82%,$23.12B,$4.63B,20.03%,$23.12B,$3.19B,13.81%,$3.19B,$13.30B,26.84%,$3.19B,$6.13B,66.87%,$3.19B,$27.25B,12.13%,$4.81B,$18.40B,28.26%,$6122,$3189,$2933,$326,$1265,$4780,$1342,$-43,$1299,$348,$951,$951,$935,$1640,$1342,$701,707,$1.33,$1.31,$3784,$2639,$1122,$10795,$7000,$928,$7174,$1275,$16455,$27250,$4897,$5097,$1727,$9051,$13948,$9,$23753,$-3754,$13302,$27250,$3244,$1157,$335,$1492,$55,$453,$109,$-265,$205,$4941,$-829,$0,$-69,$0,$-839,$-839,$5,$-1732,$-478,$-536,$-1014,$414,$414,$-1431,$17,$-2014,$1191,$217,$-1431
36,2009-09-30,59.31,$18.25,3.25,$31.98,1.85,$12.33,4.81,$3.98,14.9,$11.20B,$5.77B,1.94,$5.20B,$12.92B,0.4,$22.51B,$10.49B,46.60%,$22.51B,$4.23B,18.78%,$22.51B,$4.23B,18.78%,$22.51B,$5.39B,23.96%,$22.51B,$4.06B,18.04%,$22.51B,$2.79B,12.41%,$2.79B,$12.92B,25.07%,$2.79B,$5.67B,69.30%,$2.79B,$27.63B,10.76%,$4.23B,$18.12B,25.93%,$6193,$3171,$3022,$335,$1209,$4715,$1478,$-47,$1431,$460,$971,$971,$957,$1768,$1478,$703,711,$1.36,$1.35,$3936,$2635,$987,$11196,$6923,$625,$7253,$1595,$16437,$27633,$5766,$5204,$1686,$8948,$14714,$9,$23252,$-3368,$12919,$27633,$2293,$859,$243,$1102,$-311,$469,$60,$79,$502,$3897,$-567,$0,$-60,$0,$-443,$-443,$-6,$-1076,$-89,$-545,$-634,$281,$281,$-1070,$6,$-1417,$1390,$176,$-1070
37,2009-06-30,47.95,$16.07,2.98,$32.60,1.47,$11.17,4.29,$4.04,11.87,$9.90B,$5.32B,1.86,$5.17B,$11.22B,0.46,$22.88B,$10.59B,46.31%,$22.88B,$4.26B,18.63%,$22.88B,$4.26B,18.63%,$22.88B,$5.43B,23.74%,$22.88B,$4.12B,18.00%,$22.88B,$2.83B,12.36%,$2.83B,$11.22B,25.79%,$2.83B,$4.10B,71.48%,$2.83B,$26.10B,10.89%,$4.26B,$16.39B,26.61%,$5719,$2977,$2742,$309,$1242,$4528,$1191,$-48,$1143,$351,$792,$792,$783,$1489,$1191,$697,700,$1.12,$1.12,$2974,$2601,$867,$9898,$6899,$413,$7120,$1726,$16197,$26095,$5318,$5172,$1621,$9556,$14874,$9,$22707,$-3683,$11221,$26095,$1322,$569,$21,$590,$-222,$447,$-76,$-99,$249,$2161,$-397,$0,$-12,$0,$40,$40,$-6,$-375,$-88,$-552,$-640,$219,$219,$-709,$3,$-1127,$747,$132,$-709
38,2009-03-31,39.33,$14.60,2.69,$33.89,1.16,$10.92,3.6,$4.25,9.25,$8.65B,$4.73B,1.83,$5.09B,$10.14B,0.5,$23.90B,$11.08B,46.37%,$23.90B,$4.52B,18.92%,$23.90B,$4.52B,18.92%,$23.90B,$5.68B,23.75%,$23.90B,$4.39B,18.38%,$23.90B,$2.99B,12.51%,$2.99B,$10.14B,26.47%,$2.99B,$3.21B,68.38%,$2.99B,$24.34B,11.38%,$4.52B,$15.23B,28.11%,$5089,$2772,$2317,$323,$1191,$4286,$803,$-44,$759,$229,$530,$530,$518,$1074,$803,$694,696,$0.75,$0.74,$1879,$2660,$1009,$8647,$6744,$358,$6935,$1616,$15691,$24338,$4728,$5088,$1570,$9469,$14197,$9,$22369,$-4091,$10141,$24338,$530,$271,$48,$319,$8,$288,$-165,$-374,$-154,$695,$-229,$0,$-9,$0,$220,$220,$0,$-18,$-86,$-512,$-598,$34,$34,$-354,$11,$-907,$-217,$83,$-354
39,2008-12-31,45.02,$14.86,3.03,$35.59,1.26,$11.23,4.01,$4.89,9.21,$9.60B,$5.84B,1.64,$5.17B,$10.30B,0.5,$25.27B,$11.89B,47.05%,$25.27B,$5.22B,20.65%,$25.27B,$5.22B,20.65%,$25.27B,$6.37B,25.21%,$25.27B,$5.11B,20.21%,$25.27B,$3.46B,13.69%,$3.46B,$10.30B,29.15%,$3.46B,$3.15B,65.38%,$3.46B,$25.79B,12.87%,$5.22B,$15.47B,31.79%,$5509,$3101,$2408,$346,$1307,$4754,$755,$-28,$727,$186,$541,$541,$536,$1062,$755,$699,707,$0.77,$0.77,$2222,$3013,$1168,$9598,$6886,$463,$7151,$1659,$16195,$25793,$5839,$5166,$1637,$9650,$15489,$9,$22227,$-3646,$10304,$25793,$3520,$1153,$-66,$1087,$197,$-127,$-224,$223,$-74,$4533,$-1384,$0,$-1306,$0,$291,$291,$0,$-2399,$676,$361,$1037,$-1342,$-1342,$-1398,$-63,$-1766,$-47,$202,$-1398
40,2008-09-30,53.0,$17.61,3.01,$36.28,1.46,$10.77,4.92,$5.29,10.02,$10.79B,$7.01B,1.54,$4.78B,$12.20B,0.39,$25.97B,$12.39B,47.72%,$25.97B,$5.73B,22.08%,$25.97B,$5.73B,22.08%,$25.97B,$6.86B,26.40%,$25.97B,$5.62B,21.64%,$25.97B,$3.78B,14.54%,$3.78B,$12.20B,30.87%,$3.78B,$5.37B,61.96%,$3.78B,$27.61B,14.19%,$5.73B,$16.98B,34.77%,$6558,$3432,$3126,$344,$1269,$5045,$1513,$-24,$1489,$479,$1010,$1010,$991,$1806,$1513,$696,703,$1.43,$1.41,$2967,$3078,$980,$10788,$6809,$937,$6836,$555,$16821,$27609,$7008,$4779,$3621,$8400,$15408,$9,$22070,$-1065,$12201,$27609,$2979,$846,$-41,$805,$-369,$-179,$-36,$306,$-376,$3408,$-928,$0,$-746,$0,$-335,$-335,$0,$-2009,$-68,$1562,$1494,$-1340,$-1340,$-1052,$-5,$-903,$344,$164,$-1052
41,2008-06-30,53.61,$17.93,2.99,$35.42,1.51,$9.68,5.54,$5.20,10.31,$10.54B,$6.99B,1.51,$4.10B,$12.54B,0.33,$25.59B,$12.20B,47.69%,$25.59B,$5.65B,22.06%,$25.59B,$5.65B,22.06%,$25.59B,$6.74B,26.33%,$25.59B,$5.54B,21.65%,$25.59B,$3.74B,14.63%,$3.74B,$12.54B,31.40%,$3.74B,$5.77B,60.29%,$3.74B,$27.36B,14.52%,$5.65B,$16.63B,35.98%,$6739,$3510,$3229,$363,$1394,$5290,$1449,$-33,$1416,$453,$963,$963,$945,$1734,$1449,$702,712,$1.35,$1.33,$2002,$3175,$1419,$10539,$6919,$1069,$6768,$610,$16819,$27358,$6987,$4095,$3741,$7836,$14823,$9,$21437,$-451,$12535,$27358,$1969,$553,$128,$681,$-405,$-171,$30,$178,$-410,$2240,$-626,$0,$-464,$0,$-320,$-320,$-57,$-1467,$-807,$1120,$313,$-865,$-865,$-704,$139,$-1117,$-349,$122,$-704
42,2008-03-31,60.58,$17.66,3.43,$34.35,1.76,$8.86,6.84,$5.12,11.83,$11.33B,$6.70B,1.69,$4.14B,$12.44B,0.33,$24.99B,$11.94B,47.78%,$24.99B,$5.59B,22.38%,$24.99B,$5.59B,22.38%,$24.99B,$6.68B,26.73%,$24.99B,$5.50B,22.01%,$24.99B,$3.72B,14.87%,$3.72B,$12.44B,32.72%,$3.72B,$6.88B,61.02%,$3.72B,$26.77B,15.07%,$5.59B,$16.58B,38.46%,$6463,$3336,$3127,$351,$1275,$4962,$1501,$-25,$1476,$470,$1006,$1006,$988,$1769,$1501,$707,717,$1.40,$1.38,$3294,$3021,$1234,$11325,$6775,$962,$5552,$739,$15444,$26769,$6700,$4140,$3494,$7634,$14334,$9,$20929,$-355,$12435,$26769,$1006,$268,$20,$288,$-264,$-86,$20,$-37,$-297,$997,$-294,$0,$-16,$0,$-154,$-154,$0,$-464,$-89,$1211,$1122,$-431,$-431,$-353,$-23,$315,$831,$43,$-353
43,2007-12-31,64.14,$16.56,3.87,$33.34,1.92,$8.26,7.77,$5.59,11.47,$9.84B,$5.36B,1.84,$4.02B,$11.75B,0.34,$24.46B,$11.73B,47.94%,$24.46B,$6.19B,25.32%,$24.46B,$6.19B,25.32%,$24.46B,$7.27B,29.70%,$24.46B,$6.12B,25.00%,$24.46B,$4.10B,16.74%,$4.10B,$11.75B,38.06%,$4.10B,$6.36B,72.24%,$4.10B,$24.69B,17.32%,$6.19B,$15.77B,46.37%,$6206,$3298,$2908,$359,$1274,$4936,$1270,$-33,$1237,$378,$859,$906,$851,$1546,$1270,$718,732,$1.20,$1.18,$2475,$2852,$1149,$9838,$6582,$778,$5390,$728,$14856,$24694,$5362,$4019,$2218,$7585,$12947,$9,$20316,$-747,$11747,$24694,$4151,$1072,$-1036,$36,$-35,$-54,$-4,$-31,$59,$4246,$-1319,$0,$358,$0,$-406,$-406,$0,$-1367,$2473,$-1222,$1251,$-2443,$-2443,$-1380,$54,$-2518,$449,$228,$-1380
44,2007-09-30,70.77,$15.38,4.6,$32.46,2.18,$7.84,9.03,$5.99,11.81,$10.40B,$7.14B,1.46,$2.82B,$10.97B,0.26,$24.04B,$11.44B,47.59%,$24.04B,$6.73B,28.01%,$24.04B,$6.73B,28.01%,$24.04B,$7.88B,32.78%,$24.04B,$6.67B,27.73%,$24.04B,$4.42B,18.39%,$4.42B,$10.97B,42.87%,$4.42B,$5.84B,82.28%,$4.42B,$24.36B,19.39%,$6.73B,$13.79B,55.34%,$6177,$3240,$2937,$338,$1174,$4752,$1425,$-16,$1409,$433,$976,$960,$960,$1688,$1425,$715,730,$1.34,$1.32,$2699,$2794,$1204,$10400,$6340,$851,$5135,$947,$13955,$24355,$7141,$2824,$3420,$6244,$13385,$9,$19852,$-1353,$10970,$24355,$3245,$796,$-1101,$-305,$-458,$-89,$60,$181,$-221,$2719,$-941,$0,$642,$0,$-879,$-879,$0,$-1178,$1772,$-144,$1628,$-2067,$-2067,$-1039,$41,$-1437,$228,$182,$-1039
45,2007-06-30,65.28,$14.35,4.55,$31.75,2.06,$7.79,8.38,$5.85,11.16,$9.45B,$7.38B,1.28,$1.77B,$10.27B,0.17,$23.72B,$11.37B,47.94%,$23.72B,$6.65B,28.04%,$23.72B,$6.65B,28.04%,$23.72B,$7.78B,32.81%,$23.72B,$6.58B,27.72%,$23.72B,$4.36B,18.36%,$4.36B,$10.27B,42.21%,$4.36B,$5.29B,78.65%,$4.36B,$22.82B,19.46%,$6.65B,$12.04B,56.50%,$6142,$3175,$2967,$352,$1286,$4745,$1397,$-19,$1378,$445,$933,$917,$917,$1676,$1397,$718,732,$1.28,$1.25,$1879,$2779,$1176,$9454,$6119,$852,$4987,$947,$13362,$22816,$7375,$1766,$3403,$5169,$12544,$9,$19319,$-1658,$10272,$22816,$2285,$533,$-990,$-457,$-470,$-139,$55,$151,$-144,$1684,$-625,$0,$703,$0,$-429,$-429,$0,$-351,$941,$-53,$888,$-1716,$-1716,$-696,$35,$-1489,$-99,$129,$-696
46,2007-03-31,57.17,$13.96,4.1,$30.74,1.86,$7.63,7.49,$5.75,9.94,$9.73B,$7.50B,1.3,$1.77B,$10.05B,0.18,$23.27B,$11.25B,48.36%,$23.27B,$6.43B,27.63%,$23.27B,$6.43B,27.63%,$23.27B,$7.52B,32.30%,$23.27B,$6.36B,27.34%,$23.27B,$4.32B,18.57%,$4.32B,$10.05B,40.64%,$4.32B,$5.20B,71.08%,$4.32B,$22.74B,19.47%,$6.43B,$11.83B,53.77%,$5937,$3022,$2915,$319,$1281,$3836,$2101,$-10,$2091,$708,$1383,$1368,$1368,$2355,$2101,$729,741,$1.88,$1.85,$2286,$2714,$1282,$9726,$5991,$808,$4851,$936,$13013,$22739,$7504,$1771,$3410,$5181,$12685,$9,$18905,$-1749,$10054,$22739,$1368,$254,$-986,$-732,$-319,$-107,$49,$-32,$-56,$580,$-300,$0,$762,$0,$-449,$-449,$0,$13,$1509,$-448,$1061,$-1066,$-1066,$-350,$-9,$-364,$250,$33,$-350
47,2006-12-31,57.93,$13.56,4.27,$30.01,1.93,$7.83,7.4,$5.07,11.43,$8.95B,$7.32B,1.22,$1.05B,$9.96B,0.11,$22.92B,$11.21B,48.90%,$22.92B,$5.70B,24.85%,$22.92B,$5.70B,24.85%,$22.92B,$6.78B,29.56%,$22.92B,$5.63B,24.54%,$22.92B,$3.85B,16.80%,$3.85B,$9.96B,35.45%,$3.85B,$5.17B,58.96%,$3.85B,$21.29B,17.58%,$5.70B,$11.01B,47.20%,$5782,$3162,$2620,$509,$1375,$3972,$1810,$-22,$1788,$596,$1192,$1176,$1176,$2161,$1810,$748,761,$1.59,$1.56,$1918,$2601,$1325,$8946,$5907,$480,$4790,$776,$12348,$21294,$7323,$1047,$2965,$4012,$11335,$9,$17933,$-1873,$9959,$21294,$3851,$1079,$-1195,$-116,$-103,$-309,$68,$310,$104,$3839,$-1119,$0,$321,$0,$-662,$-662,$0,$-1460,$253,$882,$1135,$-1828,$-1828,$-1376,$8,$-2061,$375,$200,$-1376
