,Date,Stock Price,Book Value per Share,Price to Book Ratio,TTM Sales per Share,Price to Sales Ratio,TTM FCF per Share,Price to FCF Ratio,TTM Net EPS,PE Ratio,Current Assets,Current Liabilities,Current Ratio,Long Term Debt,Shareholder's Equity_x,Debt to Equity Ratio,TTM Revenue_x,TTM Gross Profit,Gross Margin,TTM Revenue_y,TTM Operating Income,Operating Margin,TTM Revenue_x,TTM EBIT,EBIT Margin,TTM Revenue_y,TTM EBITDA,EBITDA Margin,TTM Revenue_x,TTM Pre-Tax Income,Pre-Tax Margin,TTM Revenue_y,TTM Net Income_x,Net Margin,TTM Net Income_y,Shareholder's Equity_y,Return on Equity,TTM Net Income_x,Tangible Equity,Return on Tangible Equity,TTM Net Income_y,Total Assets,Return on Assets,TTM Net Income,LT Investments & Debt,Return on Investment,revenue,cost-goods-sold,gross-profit,research-development-expenses,selling-general-administrative-expenses,operating-expenses,operating-income,total-non-operating-income-expense,pre-tax-income,total-provision-income-taxes,income-after-taxes,income-from-continuous-operations,net-income,ebitda,ebit,basic-shares-outstanding,shares-outstanding,eps-basic-net-earnings-per-share,eps-earnings-per-share-diluted,cash-on-hand,inventory,other-current-assets,total-current-assets,net-property-plant-equipment,long-term-investments,goodwill-intangible-assets-total,other-long-term-assets,total-long-term-assets,total-assets,total-current-liabilities,long-term-debt,other-non-current-liabilities,total-long-term-liabilities,total-liabilities,common-stock-net,retained-earnings-accumulated-deficit,comprehensive-income,total-share-holder-equity,total-liabilities-share-holders-equity,net-income-loss,total-depreciation-amortization-cash-flow,other-non-cash-items,total-non-cash-items,change-in-accounts-receivable,change-in-inventories,change-in-accounts-payable,change-in-assets-liabilities,total-change-in-assets-liabilities,cash-flow-from-operating-activities,net-change-in-property-plant-equipment,net-change-in-intangible-assets,net-acquisitions-divestitures,net-change-in-short-term-investments,net-change-in-long-term-investments,net-change-in-investments-total,investing-activities-other,cash-flow-from-investing-activities,net-long-term-debt,net-current-debt,debt-issuance-retirement-net-total,net-common-equity-issued-repurchased,net-total-equity-issued-repurchased,total-common-preferred-stock-dividends-paid,financial-activities-other,cash-flow-from-financial-activities,net-cash-flow,stock-based-compensation,common-stock-dividends-paid
0,2018-09-30,61.45,$18.17,3.38,$16.05,3.83,$0.68,90.89,$0.74,83.04,$0.39B,$0.14B,2.77,$0.19B,$0.92B,0.2,$0.84B,$0.38B,44.71%,$0.84B,$0.06B,6.90%,$0.84B,$0.06B,6.90%,$0.84B,$0.12B,14.74%,$0.84B,$0.05B,5.71%,$0.84B,$0.04B,4.76%,$0.04B,$0.92B,5.36%,$0.04B,$0.39B,18.10%,$0.04B,$1.31B,3.23%,$0.06B,$1.11B,5.54%,$222,$120,$102,$15,$66,$201,$21,$-2,$19,$3,$17,$17,$17,$39,$21,$53,55,$0.31,$0.30,$52,$181,$0,$388,$320,$0,$538,$62,$922,$1310,$140,$187,$22,$247,$387,$568,$354,$1,$923,$1310,$33,$51,$6,$57,$-25,$-19,$16,$-4,$-27,$63,$-47,$-2,$-123,$0,$0,$0,$-11,$-183,$-70,$0,$-70,$213,$213,$0,$-3,$140,$20,$4,$0
1,2018-06-30,51.2,$13.81,3.71,$15.51,3.3,$0.66,77.86,$0.37,138.38,$0.37B,$0.14B,2.66,$0.39B,$0.70B,0.56,$0.80B,$0.36B,44.49%,$0.80B,$0.04B,4.76%,$0.80B,$0.04B,4.76%,$0.80B,$0.10B,12.53%,$0.80B,$0.03B,3.38%,$0.80B,$0.02B,2.38%,$0.02B,$0.70B,2.78%,$0.02B,$0.15B,10.81%,$0.02B,$1.29B,1.61%,$0.04B,$1.09B,3.79%,$225,$125,$100,$15,$69,$210,$15,$-4,$12,$1,$11,$11,$11,$33,$15,$50,52,$0.22,$0.21,$44,$169,$0,$371,$312,$0,$548,$58,$920,$1291,$140,$392,$24,$452,$592,$360,$338,$2,$699,$1291,$16,$33,$4,$37,$-27,$-7,$16,$-4,$-18,$35,$-32,$-2,$-119,$0,$0,$0,$-11,$-162,$135,$0,$135,$3,$3,$0,$-0,$138,$11,$3,$0
2,2018-03-31,45.35,$13.68,3.32,$14.84,3.06,$0.92,49.37,$0.35,129.57,$0.34B,$0.12B,2.76,$0.37B,$0.69B,0.53,$0.76B,$0.34B,44.61%,$0.76B,$0.04B,4.74%,$0.76B,$0.04B,4.74%,$0.76B,$0.09B,12.24%,$0.76B,$0.03B,3.42%,$0.76B,$0.02B,2.24%,$0.02B,$0.69B,2.52%,$0.02B,$0.14B,8.72%,$0.02B,$1.24B,1.51%,$0.04B,$1.05B,3.78%,$203,$115,$88,$14,$65,$194,$9,$-2,$6,$1,$5,$5,$5,$24,$9,$50,52,$0.10,$0.10,$34,$167,$0,$344,$304,$0,$552,$37,$895,$1239,$124,$366,$24,$426,$551,$356,$327,$6,$689,$1239,$5,$15,$2,$17,$-12,$-5,$8,$-2,$-14,$8,$-16,$-1,$-100,$0,$0,$0,$0,$-117,$108,$0,$108,$2,$2,$0,$-0,$109,$2,$1,$0
3,2017-12-31,43.2,$13.46,3.21,$14.66,2.95,$1.19,36.38,$0.57,75.79,$0.32B,$0.12B,2.73,$0.26B,$0.68B,0.38,$0.73B,$0.33B,44.92%,$0.73B,$0.03B,4.53%,$0.73B,$0.03B,4.53%,$0.73B,$0.09B,11.95%,$0.73B,$0.04B,4.81%,$0.73B,$0.03B,3.71%,$0.03B,$0.68B,4.06%,$0.03B,$0.21B,12.46%,$0.03B,$1.11B,2.53%,$0.03B,$0.94B,3.64%,$191,$105,$86,$13,$59,$178,$13,$-2,$11,$4,$7,$7,$7,$28,$13,$49,50,$0.11,$0.11,$32,$155,$0,$316,$293,$0,$465,$35,$796,$1112,$116,$259,$24,$320,$435,$353,$321,$2,$676,$1112,$28,$54,$5,$59,$-16,$-18,$0,$-1,$-24,$63,$-39,$-3,$-106,$0,$0,$0,$0,$-147,$-46,$0,$-46,$144,$144,$0,$-1,$97,$13,$4,$0
4,2017-09-30,42.35,$13.28,3.19,$14.37,2.95,$1.17,36.22,$0.61,69.43,$0.30B,$0.11B,2.78,$0.26B,$0.67B,0.39,$0.70B,$0.31B,44.75%,$0.70B,$0.03B,4.75%,$0.70B,$0.03B,4.75%,$0.70B,$0.08B,12.09%,$0.70B,$0.03B,4.89%,$0.70B,$0.03B,4.03%,$0.03B,$0.67B,4.51%,$0.03B,$0.20B,14.74%,$0.03B,$1.09B,2.73%,$0.03B,$0.93B,3.77%,$179,$99,$81,$13,$55,$178,$1,$-3,$-2,$1,$-4,$-4,$-4,$15,$1,$50,52,$-0.07,$-0.07,$23,$146,$0,$300,$290,$0,$463,$32,$787,$1087,$108,$261,$15,$313,$420,$351,$315,$1,$667,$1087,$21,$40,$4,$44,$-11,$-10,$-1,$-4,$-21,$43,$-30,$-2,$-104,$0,$0,$0,$0,$-135,$-47,$0,$-47,$143,$143,$0,$-1,$96,$4,$3,$0
5,2017-06-30,38.15,$13.31,2.87,$14.38,2.65,$1.12,34.09,$0.70,54.5,$0.30B,$0.12B,2.57,$0.23B,$0.67B,0.34,$0.67B,$0.30B,44.28%,$0.67B,$0.04B,5.20%,$0.67B,$0.04B,5.20%,$0.67B,$0.08B,12.48%,$0.67B,$0.04B,5.35%,$0.67B,$0.03B,4.90%,$0.03B,$0.67B,5.73%,$0.03B,$0.23B,20.53%,$0.03B,$1.05B,3.35%,$0.04B,$0.89B,4.14%,$187,$102,$84,$13,$57,$173,$13,$-2,$11,$2,$9,$9,$9,$26,$13,$50,51,$0.19,$0.19,$38,$137,$0,$296,$285,$0,$438,$31,$756,$1052,$115,$225,$10,$270,$385,$348,$318,$0,$666,$1052,$24,$26,$-10,$16,$-13,$-2,$4,$-1,$-6,$35,$-18,$-1,$-55,$0,$0,$0,$0,$-74,$-83,$0,$-83,$141,$141,$0,$-1,$58,$19,$2,$0
6,2017-03-31,28.9,$13.08,2.21,$14.12,2.05,$0.89,32.63,$0.67,43.13,$0.27B,$0.11B,2.59,$0.22B,$0.65B,0.34,$0.64B,$0.28B,44.11%,$0.64B,$0.03B,5.34%,$0.64B,$0.03B,5.34%,$0.64B,$0.08B,12.56%,$0.64B,$0.04B,5.49%,$0.64B,$0.03B,4.87%,$0.03B,$0.65B,5.86%,$0.03B,$0.22B,20.98%,$0.03B,$1.02B,3.35%,$0.03B,$0.87B,4.26%,$171,$95,$76,$13,$58,$165,$6,$10,$15,$1,$15,$15,$15,$18,$6,$45,46,$0.33,$0.32,$26,$134,$0,$272,$283,$0,$429,$29,$743,$1015,$105,$220,$5,$258,$363,$344,$309,$-1,$652,$1015,$15,$13,$-12,$1,$-5,$1,$1,$-0,$-1,$15,$-10,$-1,$-47,$0,$0,$0,$0,$-58,$-87,$0,$-87,$139,$139,$0,$-1,$51,$7,$1,$0
7,2016-12-31,26.5,$11.16,2.37,$13.48,1.97,$0.79,33.55,$0.45,58.89,$0.24B,$0.09B,2.76,$0.31B,$0.50B,0.63,$0.60B,$0.27B,43.87%,$0.60B,$0.04B,5.96%,$0.60B,$0.04B,5.96%,$0.60B,$0.08B,13.25%,$0.60B,$0.03B,4.30%,$0.60B,$0.02B,3.31%,$0.02B,$0.50B,4.13%,$0.02B,$0.10B,15.04%,$0.02B,$0.94B,2.29%,$0.04B,$0.81B,4.78%,$158,$87,$70,$12,$46,$145,$13,$-3,$10,$2,$8,$8,$8,$25,$13,$44,45,$0.17,$0.17,$19,$121,$0,$243,$277,$0,$395,$28,$699,$943,$88,$314,$4,$356,$445,$206,$294,$-2,$498,$943,$20,$45,$3,$47,$-6,$-4,$-7,$-3,$-14,$54,$-33,$-2,$-125,$0,$1,$1,$0,$-159,$117,$0,$117,$5,$5,$0,$-2,$121,$15,$3,$0
8,2016-09-30,24.29,$10.90,2.23,$13.07,1.86,$0.77,31.54,$0.42,57.83,$0.23B,$0.09B,2.71,$0.32B,$0.49B,0.65,$0.58B,$0.26B,43.66%,$0.58B,$0.03B,5.31%,$0.58B,$0.03B,5.31%,$0.58B,$0.07B,12.50%,$0.58B,$0.02B,3.94%,$0.58B,$0.02B,3.08%,$0.02B,$0.49B,3.78%,$0.02B,$0.09B,12.00%,$0.02B,$0.93B,2.16%,$0.03B,$0.80B,4.33%,$157,$89,$68,$11,$53,$154,$3,$-3,$-0,$-1,$1,$1,$1,$15,$3,$44,45,$0.02,$0.02,$17,$117,$0,$234,$279,$0,$399,$16,$694,$929,$86,$318,$5,$356,$443,$205,$286,$-5,$486,$929,$13,$32,$2,$35,$-2,$0,$-9,$-2,$-11,$36,$-26,$-2,$-120,$0,$1,$1,$0,$-147,$121,$0,$121,$4,$4,$0,$-2,$124,$13,$2,$0
9,2016-06-30,19.83,$10.83,1.83,$12.63,1.57,$0.94,21.02,$0.51,38.88,$0.22B,$0.09B,2.59,$0.22B,$0.48B,0.46,$0.56B,$0.25B,43.69%,$0.56B,$0.04B,6.57%,$0.56B,$0.04B,6.57%,$0.56B,$0.08B,13.50%,$0.56B,$0.03B,5.33%,$0.56B,$0.02B,3.91%,$0.02B,$0.48B,4.69%,$0.02B,$0.18B,13.04%,$0.02B,$0.82B,2.78%,$0.04B,$0.70B,5.45%,$151,$84,$67,$11,$44,$139,$12,$-2,$10,$3,$7,$7,$7,$22,$12,$44,45,$0.16,$0.16,$10,$110,$0,$220,$276,$0,$304,$15,$595,$815,$85,$222,$5,$250,$335,$200,$285,$-5,$480,$815,$12,$20,$2,$22,$-4,$-1,$-5,$-3,$-8,$25,$-21,$-1,$-23,$0,$1,$1,$0,$-44,$24,$0,$24,$1,$1,$0,$-0,$25,$6,$1,$0
10,2016-03-31,18.49,$10.66,1.73,$12.35,1.5,$1.19,15.58,$0.52,35.56,$0.21B,$0.09B,2.46,$0.22B,$0.47B,0.46,$0.55B,$0.24B,43.64%,$0.55B,$0.04B,6.73%,$0.55B,$0.04B,6.73%,$0.55B,$0.08B,13.82%,$0.55B,$0.03B,5.64%,$0.55B,$0.02B,4.00%,$0.02B,$0.47B,4.76%,$0.02B,$0.17B,13.31%,$0.02B,$0.80B,2.83%,$0.04B,$0.69B,5.55%,$138,$78,$60,$11,$42,$130,$8,$-2,$6,$2,$4,$4,$4,$18,$8,$44,45,$0.10,$0.10,$5,$111,$0,$210,$273,$0,$307,$14,$593,$803,$85,$218,$5,$246,$331,$199,$278,$-5,$472,$803,$4,$10,$1,$11,$0,$-2,$2,$-1,$-4,$12,$-11,$-0,$-22,$0,$1,$1,$0,$-32,$21,$0,$21,$1,$1,$0,$-0,$21,$1,$1,$0
11,2015-12-31,18.59,$10.53,1.77,$12.19,1.53,$1.39,13.33,$0.54,34.43,$0.20B,$0.09B,2.32,$0.20B,$0.47B,0.42,$0.54B,$0.24B,43.36%,$0.54B,$0.04B,7.01%,$0.54B,$0.04B,7.01%,$0.54B,$0.08B,14.02%,$0.54B,$0.03B,5.90%,$0.54B,$0.02B,4.24%,$0.02B,$0.47B,5.05%,$0.02B,$0.17B,14.22%,$0.02B,$0.78B,3.02%,$0.04B,$0.66B,5.80%,$138,$78,$60,$11,$41,$130,$8,$-1,$7,$0,$6,$6,$6,$18,$8,$44,45,$0.14,$0.13,$4,$106,$0,$204,$268,$0,$294,$13,$575,$779,$88,$198,$5,$225,$313,$198,$274,$-5,$466,$779,$24,$38,$5,$43,$-6,$-13,$15,$-1,$2,$69,$-50,$-2,$-12,$0,$0,$0,$2,$-62,$-17,$0,$-17,$7,$7,$0,$-0,$-10,$-3,$2,$0
12,2015-09-30,23.91,$10.37,2.3,$12.14,1.97,$1.39,17.15,$0.60,39.85,$0.19B,$0.09B,2.26,$0.20B,$0.46B,0.44,$0.54B,$0.24B,43.76%,$0.54B,$0.04B,8.19%,$0.54B,$0.04B,8.19%,$0.54B,$0.08B,15.27%,$0.54B,$0.04B,6.89%,$0.54B,$0.03B,4.84%,$0.03B,$0.46B,5.81%,$0.03B,$0.16B,16.91%,$0.03B,$0.77B,3.46%,$0.04B,$0.66B,6.75%,$136,$77,$59,$11,$39,$128,$9,$-2,$7,$2,$5,$5,$5,$18,$9,$44,45,$0.11,$0.11,$6,$100,$0,$194,$263,$0,$296,$15,$574,$768,$86,$200,$5,$224,$309,$196,$267,$-5,$459,$768,$17,$28,$1,$30,$-3,$-7,$10,$-0,$10,$57,$-39,$-1,$-12,$0,$0,$0,$2,$-51,$-14,$0,$-14,$6,$6,$0,$1,$-7,$-1,$2,$0
13,2015-06-30,21.54,$10.26,2.1,$12.06,1.79,$1.17,18.37,$0.67,32.15,$0.19B,$0.08B,2.42,$0.20B,$0.45B,0.44,$0.53B,$0.23B,43.96%,$0.53B,$0.05B,8.87%,$0.53B,$0.05B,8.87%,$0.53B,$0.09B,16.04%,$0.53B,$0.04B,7.55%,$0.53B,$0.03B,5.47%,$0.03B,$0.45B,6.61%,$0.03B,$0.16B,19.93%,$0.03B,$0.76B,3.88%,$0.05B,$0.65B,7.22%,$138,$77,$61,$9,$39,$126,$12,$-2,$11,$3,$7,$7,$7,$22,$12,$44,45,$0.17,$0.17,$12,$93,$0,$192,$254,$0,$291,$18,$563,$755,$79,$200,$5,$223,$302,$195,$263,$-4,$453,$755,$13,$19,$0,$19,$-2,$0,$5,$-2,$9,$40,$-25,$-1,$-2,$0,$0,$0,$2,$-26,$-15,$0,$-15,$5,$5,$0,$1,$-9,$5,$1,$0
14,2015-03-31,19.25,$10.06,1.91,$11.94,1.61,$0.87,22.17,$0.59,32.63,$0.19B,$0.07B,2.62,$0.20B,$0.44B,0.46,$0.52B,$0.23B,43.76%,$0.52B,$0.04B,8.06%,$0.52B,$0.04B,8.06%,$0.52B,$0.08B,15.16%,$0.52B,$0.03B,6.53%,$0.52B,$0.03B,4.99%,$0.03B,$0.44B,6.05%,$0.03B,$0.15B,19.33%,$0.03B,$0.74B,3.49%,$0.04B,$0.65B,6.45%,$130,$74,$55,$10,$37,$121,$9,$-1,$7,$2,$5,$5,$5,$18,$9,$44,44,$0.12,$0.12,$10,$88,$0,$188,$245,$0,$291,$16,$552,$740,$72,$203,$5,$226,$297,$193,$255,$-5,$443,$740,$5,$9,$0,$9,$-3,$4,$0,$1,$5,$19,$-9,$-0,$-1,$0,$0,$0,$2,$-9,$-12,$0,$-12,$4,$4,$0,$0,$-7,$3,$1,$0
15,2014-12-31,17.33,$9.98,1.74,$11.76,1.47,$0.63,27.51,$0.54,32.09,$0.19B,$0.08B,2.55,$0.21B,$0.44B,0.49,$0.51B,$0.23B,44.12%,$0.51B,$0.04B,7.65%,$0.51B,$0.04B,7.65%,$0.51B,$0.08B,14.90%,$0.51B,$0.03B,6.08%,$0.51B,$0.02B,4.71%,$0.02B,$0.44B,5.70%,$0.02B,$0.14B,19.39%,$0.02B,$0.75B,3.22%,$0.04B,$0.65B,5.97%,$133,$73,$60,$10,$36,$119,$14,$-2,$12,$4,$9,$9,$9,$24,$14,$43,43,$0.19,$0.19,$7,$92,$0,$192,$244,$0,$295,$16,$555,$747,$75,$214,$4,$236,$312,$188,$250,$-2,$435,$747,$23,$37,$7,$44,$-17,$-9,$5,$0,$-13,$53,$-34,$-2,$-6,$0,$0,$0,$6,$-36,$-25,$0,$-25,$8,$8,$0,$0,$-17,$-0,$1,$0
16,2014-09-30,11.88,$9.81,1.21,$11.50,1.03,$-0.00,0.0,$0.49,24.24,$0.19B,$0.07B,2.51,$0.23B,$0.42B,0.54,$0.50B,$0.22B,43.86%,$0.50B,$0.04B,7.24%,$0.50B,$0.04B,7.24%,$0.50B,$0.07B,14.49%,$0.50B,$0.03B,5.43%,$0.50B,$0.02B,4.43%,$0.02B,$0.42B,5.31%,$0.02B,$0.13B,19.30%,$0.02B,$0.75B,2.97%,$0.04B,$0.66B,5.52%,$129,$71,$57,$9,$36,$117,$12,$-2,$10,$2,$8,$8,$8,$21,$12,$43,43,$0.18,$0.18,$6,$93,$0,$186,$248,$0,$296,$16,$561,$747,$74,$230,$4,$248,$322,$183,$241,$0,$424,$747,$14,$27,$2,$30,$-10,$-11,$1,$-1,$-13,$32,$-24,$-1,$-4,$0,$0,$0,$3,$-27,$-9,$0,$-9,$4,$4,$0,$-0,$-5,$-1,$1,$0
17,2014-06-30,15.1,$9.62,1.57,$11.22,1.35,$-0.51,0.0,$0.44,34.32,$0.18B,$0.07B,2.53,$0.24B,$0.42B,0.57,$0.48B,$0.21B,43.89%,$0.48B,$0.03B,6.63%,$0.48B,$0.03B,6.63%,$0.48B,$0.07B,14.08%,$0.48B,$0.02B,4.76%,$0.48B,$0.02B,4.14%,$0.02B,$0.42B,4.91%,$0.02B,$0.12B,17.98%,$0.02B,$0.74B,2.73%,$0.03B,$0.65B,4.94%,$129,$73,$56,$10,$39,$121,$7,$-2,$5,$1,$4,$4,$4,$16,$7,$43,43,$0.09,$0.09,$9,$86,$0,$180,$251,$0,$298,$15,$564,$744,$71,$238,$5,$257,$328,$182,$234,$0,$416,$744,$7,$18,$1,$19,$-8,$-4,$2,$0,$-5,$20,$-19,$-1,$-1,$0,$0,$0,$0,$-21,$-0,$0,$-0,$4,$4,$0,$-0,$3,$2,$1,$0
18,2014-03-31,14.3,$9.54,1.5,$10.82,1.32,$-0.91,0.0,$0.44,32.5,$0.18B,$0.07B,2.56,$0.24B,$0.41B,0.6,$0.46B,$0.20B,43.75%,$0.46B,$0.03B,6.90%,$0.46B,$0.03B,6.90%,$0.46B,$0.07B,14.44%,$0.46B,$0.02B,4.96%,$0.46B,$0.02B,4.31%,$0.02B,$0.41B,4.99%,$0.02B,$0.11B,18.65%,$0.02B,$0.74B,2.74%,$0.03B,$0.65B,4.98%,$119,$67,$52,$9,$37,$113,$6,$-3,$4,$1,$3,$3,$3,$15,$6,$43,43,$0.07,$0.07,$13,$85,$0,$177,$248,$0,$301,$14,$564,$742,$69,$244,$5,$263,$332,$179,$230,$1,$410,$742,$3,$9,$0,$9,$-4,$-2,$-0,$-1,$-4,$8,$-9,$-0,$0,$0,$0,$0,$0,$-9,$6,$0,$6,$1,$1,$0,$-0,$6,$5,$0,$0
19,2013-12-31,15.74,$9.47,1.66,$10.49,1.5,$-1.29,0.0,$0.39,40.36,$0.17B,$0.07B,2.53,$0.24B,$0.41B,0.59,$0.45B,$0.19B,43.21%,$0.45B,$0.03B,6.24%,$0.45B,$0.03B,6.24%,$0.45B,$0.06B,13.81%,$0.45B,$0.02B,4.23%,$0.45B,$0.02B,4.01%,$0.02B,$0.41B,4.57%,$0.02B,$0.10B,17.43%,$0.02B,$0.73B,2.49%,$0.03B,$0.65B,4.40%,$120,$67,$53,$9,$34,$109,$11,$-3,$8,$2,$7,$7,$7,$20,$11,$43,43,$0.15,$0.15,$7,$82,$0,$166,$243,$0,$304,$14,$562,$728,$66,$239,$5,$257,$323,$178,$227,$1,$406,$728,$17,$33,$11,$44,$-7,$2,$-0,$-6,$-9,$51,$-59,$-2,$-32,$0,$0,$0,$24,$-69,$11,$0,$11,$4,$4,$0,$-0,$15,$-2,$1,$0
20,2013-09-30,12.13,$9.28,1.31,$10.09,1.2,$-1.52,0.0,$0.25,48.52,$0.16B,$0.06B,2.56,$0.24B,$0.40B,0.61,$0.43B,$0.19B,43.16%,$0.43B,$0.02B,4.87%,$0.43B,$0.02B,4.87%,$0.43B,$0.05B,12.06%,$0.43B,$0.01B,3.02%,$0.43B,$0.01B,2.78%,$0.01B,$0.40B,3.09%,$0.01B,$0.12B,12.00%,$0.01B,$0.72B,1.68%,$0.02B,$0.64B,3.35%,$115,$64,$51,$7,$31,$107,$8,$-2,$6,$1,$6,$6,$6,$17,$8,$43,43,$0.13,$0.13,$9,$81,$0,$162,$262,$0,$277,$12,$556,$718,$64,$241,$5,$259,$323,$175,$220,$1,$396,$718,$10,$24,$8,$33,$-4,$3,$-4,$-4,$-9,$34,$-48,$-1,$-1,$0,$0,$0,$0,$-50,$14,$0,$14,$1,$1,$0,$1,$16,$-1,$1,$0
21,2013-06-30,11.15,$9.15,1.22,$9.65,1.16,$-1.59,0.0,$0.29,38.45,$0.17B,$0.07B,2.4,$0.25B,$0.39B,0.63,$0.41B,$0.18B,43.69%,$0.41B,$0.02B,5.34%,$0.41B,$0.02B,5.34%,$0.41B,$0.05B,12.14%,$0.41B,$0.02B,3.88%,$0.41B,$0.01B,3.16%,$0.01B,$0.39B,3.39%,$0.01B,$0.10B,9.92%,$0.01B,$0.73B,1.95%,$0.02B,$0.64B,3.79%,$110,$63,$47,$9,$32,$103,$7,$-2,$5,$1,$4,$4,$4,$15,$7,$43,43,$0.09,$0.09,$13,$82,$0,$167,$256,$0,$288,$13,$561,$728,$70,$247,$10,$269,$339,$174,$215,$1,$390,$728,$4,$16,$1,$17,$-6,$3,$1,$-1,$-7,$14,$-30,$-1,$-1,$0,$0,$0,$0,$-32,$19,$0,$19,$1,$1,$0,$1,$21,$3,$1,$0
22,2013-03-31,12.26,$9.01,1.36,$9.44,1.3,$-1.52,0.0,$0.34,36.06,$0.16B,$0.06B,2.65,$0.24B,$0.38B,0.64,$0.40B,$0.18B,44.67%,$0.40B,$0.02B,5.71%,$0.40B,$0.02B,5.71%,$0.40B,$0.05B,12.16%,$0.40B,$0.02B,4.96%,$0.40B,$0.02B,3.72%,$0.02B,$0.38B,3.96%,$0.02B,$0.09B,9.17%,$0.02B,$0.71B,2.46%,$0.02B,$0.63B,4.36%,$104,$61,$43,$9,$32,$102,$2,$-2,$0,$-0,$1,$1,$1,$10,$2,$43,43,$0.02,$0.02,$9,$82,$0,$162,$244,$0,$291,$11,$550,$712,$61,$244,$12,$268,$329,$173,$211,$-1,$383,$712,$1,$8,$0,$8,$-2,$2,$-2,$-1,$-6,$3,$-20,$-0,$-1,$0,$0,$0,$0,$-21,$17,$0,$17,$1,$1,$0,$1,$18,$-1,$0,$0
23,2012-12-31,13.9,$8.98,1.55,$9.27,1.5,$-1.37,0.0,$0.46,30.22,$0.16B,$0.07B,2.22,$0.23B,$0.38B,0.6,$0.40B,$0.18B,45.82%,$0.40B,$0.03B,7.34%,$0.40B,$0.03B,7.34%,$0.40B,$0.05B,13.16%,$0.40B,$0.03B,7.09%,$0.40B,$0.02B,5.06%,$0.02B,$0.38B,5.34%,$0.02B,$0.09B,10.19%,$0.02B,$0.71B,3.62%,$0.03B,$0.61B,6.11%,$102,$57,$45,$8,$33,$98,$4,$-2,$2,$1,$1,$1,$1,$10,$4,$42,43,$0.02,$0.01,$10,$85,$0,$162,$235,$0,$293,$11,$543,$705,$73,$228,$12,$251,$324,$172,$210,$-1,$382,$705,$20,$22,$6,$28,$-7,$-9,$8,$1,$-1,$47,$-65,$-1,$-193,$3,$0,$3,$0,$-256,$207,$0,$207,$4,$4,$0,$-2,$208,$-0,$2,$0
24,2012-09-30,14.93,$8.98,1.66,$9.16,1.63,$-1.59,0.0,$0.57,26.19,$0.15B,$0.05B,2.83,$0.07B,$0.38B,0.17,$0.38B,$0.18B,46.35%,$0.38B,$0.03B,8.07%,$0.38B,$0.03B,8.07%,$0.38B,$0.05B,13.80%,$0.38B,$0.03B,8.33%,$0.38B,$0.02B,6.25%,$0.02B,$0.38B,6.52%,$0.02B,$0.24B,10.26%,$0.02B,$0.52B,4.91%,$0.03B,$0.45B,7.39%,$96,$51,$45,$7,$29,$87,$9,$-0,$9,$2,$7,$7,$7,$15,$9,$42,43,$0.17,$0.17,$9,$79,$0,$149,$216,$0,$139,$10,$370,$519,$53,$65,$11,$86,$138,$171,$210,$-0,$381,$519,$19,$17,$1,$18,$-8,$-9,$6,$0,$-5,$32,$-49,$-1,$-24,$3,$0,$3,$0,$-71,$-94,$128,$34,$3,$3,$0,$1,$38,$-1,$1,$0
25,2012-06-30,13.81,$8.81,1.57,$9.04,1.53,$-1.38,0.0,$0.51,27.08,$0.14B,$0.05B,2.68,$0.06B,$0.37B,0.15,$0.38B,$0.17B,46.03%,$0.38B,$0.03B,7.67%,$0.38B,$0.03B,7.67%,$0.38B,$0.05B,12.96%,$0.38B,$0.03B,7.94%,$0.38B,$0.02B,5.82%,$0.02B,$0.37B,6.10%,$0.02B,$0.23B,9.51%,$0.02B,$0.50B,4.74%,$0.03B,$0.43B,7.31%,$101,$54,$47,$7,$30,$92,$8,$1,$9,$3,$6,$6,$6,$14,$8,$42,42,$0.14,$0.14,$10,$71,$0,$141,$205,$1,$139,$9,$359,$500,$53,$57,$11,$77,$130,$168,$203,$0,$371,$500,$12,$10,$3,$13,$-8,$-1,$4,$-0,$-3,$22,$-35,$-1,$-15,$2,$0,$2,$0,$-48,$26,$0,$26,$1,$1,$0,$0,$26,$-0,$1,$0
26,2012-03-31,12.42,$8.66,1.43,$9.10,1.37,$-1.29,0.0,$0.55,22.58,$0.14B,$0.05B,2.64,$0.05B,$0.36B,0.14,$0.37B,$0.17B,45.92%,$0.37B,$0.03B,8.70%,$0.37B,$0.03B,8.70%,$0.37B,$0.05B,13.59%,$0.37B,$0.03B,8.70%,$0.37B,$0.02B,6.25%,$0.02B,$0.36B,6.49%,$0.02B,$0.22B,10.01%,$0.02B,$0.49B,5.07%,$0.03B,$0.42B,8.20%,$96,$51,$44,$6,$30,$88,$8,$-0,$8,$2,$6,$6,$6,$13,$8,$42,42,$0.14,$0.14,$10,$70,$0,$139,$193,$3,$141,$9,$350,$489,$53,$53,$11,$73,$126,$167,$196,$0,$364,$489,$6,$5,$1,$5,$-6,$-1,$1,$-1,$-4,$7,$-18,$-0,$-12,$0,$0,$0,$0,$-30,$-45,$67,$22,$0,$0,$0,$0,$22,$-0,$1,$0
27,2011-12-31,13.38,$8.50,1.57,$9.23,1.45,$-1.15,0.0,$0.59,22.53,$0.13B,$0.04B,3.05,$0.03B,$0.36B,0.09,$0.36B,$0.17B,45.96%,$0.36B,$0.03B,9.47%,$0.36B,$0.03B,9.47%,$0.36B,$0.05B,14.48%,$0.36B,$0.03B,9.47%,$0.36B,$0.02B,6.69%,$0.02B,$0.36B,7.38%,$0.02B,$0.24B,11.61%,$0.02B,$0.45B,5.63%,$0.03B,$0.39B,9.23%,$91,$49,$42,$6,$28,$85,$6,$0,$6,$1,$5,$5,$5,$11,$6,$39,40,$0.10,$0.11,$10,$70,$0,$134,$179,$3,$118,$8,$313,$447,$44,$31,$7,$46,$90,$166,$191,$0,$357,$447,$23,$19,$6,$25,$-4,$-9,$-2,$-2,$-14,$34,$-59,$-2,$-10,$-3,$0,$-3,$0,$-74,$-51,$0,$-51,$95,$95,$0,$2,$47,$6,$2,$0
28,2011-09-30,13.14,$8.37,1.57,$9.20,1.43,$-0.21,0.0,$0.59,22.12,$0.12B,$0.05B,2.57,$0.01B,$0.35B,0.02,$0.35B,$0.16B,45.56%,$0.35B,$0.03B,9.74%,$0.35B,$0.03B,9.74%,$0.35B,$0.05B,14.61%,$0.35B,$0.03B,9.46%,$0.35B,$0.02B,6.59%,$0.02B,$0.35B,7.80%,$0.02B,$0.23B,12.99%,$0.02B,$0.42B,5.66%,$0.03B,$0.36B,9.69%,$90,$49,$41,$5,$26,$84,$7,$0,$7,$2,$5,$5,$5,$11,$7,$42,43,$0.11,$0.11,$6,$67,$0,$124,$163,$0,$120,$8,$295,$419,$48,$6,$7,$20,$68,$165,$186,$-0,$351,$419,$18,$14,$2,$16,$-3,$-6,$-2,$-1,$-4,$30,$-39,$-2,$-8,$0,$0,$0,$0,$-49,$-76,$0,$-76,$95,$95,$0,$2,$21,$2,$1,$0
29,2011-06-30,17.97,$8.26,2.17,$9.14,1.97,$0.13,137.91,$0.43,41.99,$0.18B,$0.04B,4.47,$0.06B,$0.35B,0.16,$0.33B,$0.15B,44.88%,$0.33B,$0.02B,7.23%,$0.33B,$0.02B,7.23%,$0.33B,$0.04B,12.05%,$0.33B,$0.02B,6.63%,$0.33B,$0.02B,4.82%,$0.02B,$0.35B,6.04%,$0.02B,$0.23B,10.81%,$0.02B,$0.46B,4.07%,$0.02B,$0.40B,7.03%,$91,$49,$42,$5,$26,$80,$11,$-0,$11,$4,$7,$7,$7,$15,$11,$37,38,$0.19,$0.18,$63,$63,$0,$179,$147,$0,$120,$9,$280,$458,$40,$55,$9,$72,$112,$164,$181,$1,$346,$458,$14,$9,$-2,$7,$-4,$-2,$-3,$-2,$-5,$16,$-24,$-1,$-2,$0,$0,$0,$0,$-26,$-45,$19,$-27,$95,$95,$0,$2,$70,$59,$1,$0
30,2011-03-31,15.7,$6.88,2.28,$8.81,1.78,$0.51,30.55,$0.41,38.47,$0.12B,$0.04B,3.0,$0.08B,$0.25B,0.34,$0.32B,$0.14B,43.99%,$0.32B,$0.02B,6.96%,$0.32B,$0.02B,6.96%,$0.32B,$0.04B,11.71%,$0.32B,$0.02B,6.33%,$0.32B,$0.02B,4.75%,$0.02B,$0.25B,6.36%,$0.02B,$0.13B,11.19%,$0.02B,$0.38B,4.31%,$0.02B,$0.33B,7.37%,$87,$47,$40,$5,$25,$76,$10,$-0,$10,$3,$7,$7,$7,$15,$10,$36,36,$0.19,$0.18,$3,$60,$0,$115,$136,$0,$115,$10,$265,$380,$38,$83,$5,$95,$134,$71,$174,$1,$247,$380,$7,$5,$-1,$4,$-3,$0,$-2,$-1,$-4,$7,$-11,$-1,$0,$0,$0,$0,$0,$-12,$-22,$23,$1,$3,$3,$0,$1,$5,$-0,$0,$0
31,2010-12-31,12.66,$6.64,1.91,$8.29,1.53,$0.64,19.69,$0.35,35.98,$0.11B,$0.04B,2.8,$0.08B,$0.24B,0.35,$0.30B,$0.13B,42.91%,$0.30B,$0.02B,6.08%,$0.30B,$0.02B,6.08%,$0.30B,$0.03B,10.81%,$0.30B,$0.02B,5.41%,$0.30B,$0.01B,4.39%,$0.01B,$0.24B,5.65%,$0.01B,$0.12B,9.14%,$0.01B,$0.37B,4.03%,$0.02B,$0.32B,6.61%,$81,$45,$36,$5,$26,$76,$6,$-0,$5,$1,$4,$4,$4,$10,$6,$35,36,$0.12,$0.12,$4,$61,$0,$112,$128,$0,$116,$9,$257,$369,$40,$82,$5,$94,$134,$67,$168,$1,$236,$369,$12,$15,$9,$24,$-2,$-8,$6,$-0,$-1,$35,$-24,$-1,$-98,$10,$0,$10,$0,$-113,$82,$-7,$75,$2,$2,$0,$-0,$76,$-2,$1,$0
32,2010-09-30,12.71,$6.49,1.96,$7.92,1.6,$0.66,19.29,$0.38,33.81,$0.11B,$0.04B,3.17,$0.09B,$0.23B,0.38,$0.28B,$0.12B,41.84%,$0.28B,$0.02B,7.09%,$0.28B,$0.02B,7.09%,$0.28B,$0.03B,11.70%,$0.28B,$0.02B,6.74%,$0.28B,$0.01B,4.96%,$0.01B,$0.23B,6.20%,$0.01B,$0.12B,9.21%,$0.01B,$0.36B,4.69%,$0.02B,$0.32B,8.07%,$73,$42,$31,$4,$22,$77,$-3,$-0,$-4,$-2,$-2,$-2,$-2,$0,$-3,$35,35,$-0.06,$-0.06,$5,$58,$0,$112,$122,$0,$115,$7,$252,$364,$35,$88,$4,$99,$134,$66,$163,$0,$230,$364,$8,$10,$6,$16,$-3,$-5,$0,$-1,$-4,$21,$-16,$-1,$-96,$10,$0,$10,$0,$-103,$88,$-7,$81,$1,$1,$0,$-0,$82,$-1,$1,$0
33,2010-06-30,12.86,$6.53,1.97,$7.71,1.67,$0.75,17.09,$0.60,21.43,$0.10B,$0.03B,3.12,$0.00B,$0.23B,0.0,$0.28B,$0.12B,42.03%,$0.28B,$0.03B,11.23%,$0.28B,$0.03B,11.23%,$0.28B,$0.05B,16.30%,$0.28B,$0.03B,11.23%,$0.28B,$0.02B,7.97%,$0.02B,$0.23B,9.94%,$0.02B,$0.17B,13.62%,$0.02B,$0.28B,8.04%,$0.03B,$0.23B,14.01%,$75,$42,$32,$4,$20,$66,$9,$0,$9,$3,$6,$6,$6,$12,$9,$35,36,$0.16,$0.16,$4,$47,$0,$96,$118,$0,$60,$7,$185,$280,$31,$0,$3,$20,$50,$65,$165,$-0,$230,$280,$10,$7,$1,$7,$-6,$-0,$0,$-1,$-3,$15,$-9,$-1,$-1,$0,$0,$0,$0,$-10,$0,$-7,$-7,$0,$0,$0,$0,$-7,$-2,$1,$0
34,2010-03-31,12.2,$6.35,1.92,$7.45,1.64,$0.83,14.69,$0.61,20.07,$0.09B,$0.03B,2.79,$0.00B,$0.22B,0.0,$0.27B,$0.11B,42.11%,$0.27B,$0.03B,11.65%,$0.27B,$0.03B,11.65%,$0.27B,$0.05B,16.92%,$0.27B,$0.03B,11.65%,$0.27B,$0.02B,8.27%,$0.02B,$0.22B,10.24%,$0.02B,$0.16B,14.17%,$0.02B,$0.28B,8.22%,$0.03B,$0.22B,14.44%,$67,$39,$28,$3,$19,$61,$6,$-0,$6,$2,$5,$5,$5,$10,$6,$35,36,$0.13,$0.13,$6,$47,$0,$94,$116,$0,$60,$6,$183,$277,$34,$0,$3,$20,$53,$64,$160,$-0,$224,$277,$5,$3,$0,$4,$-4,$0,$-1,$0,$-3,$5,$-4,$-0,$-0,$0,$0,$0,$0,$-5,$0,$-1,$-1,$0,$0,$0,$0,$-0,$-0,$0,$0
35,2009-12-31,15.39,$6.21,2.48,$7.21,2.13,$0.98,15.73,$0.63,24.35,$0.09B,$0.03B,2.75,$0.00B,$0.22B,0.0,$0.26B,$0.11B,42.41%,$0.26B,$0.03B,12.84%,$0.26B,$0.03B,12.84%,$0.26B,$0.05B,17.90%,$0.26B,$0.03B,12.84%,$0.26B,$0.02B,8.95%,$0.02B,$0.22B,11.04%,$0.02B,$0.16B,14.94%,$0.02B,$0.27B,8.89%,$0.03B,$0.22B,15.85%,$67,$40,$27,$3,$17,$60,$8,$0,$8,$3,$5,$5,$5,$11,$8,$35,36,$0.14,$0.14,$6,$47,$0,$91,$115,$0,$60,$6,$181,$272,$33,$0,$3,$20,$53,$64,$155,$-0,$219,$272,$23,$12,$1,$14,$-2,$-7,$0,$-0,$-6,$30,$-18,$-1,$-46,$0,$0,$0,$0,$-66,$0,$7,$7,$0,$0,$0,$1,$8,$-28,$1,$0
36,2009-09-30,13.86,$6.05,2.29,$6.95,2.0,$1.03,13.42,$0.64,21.66,$0.09B,$0.04B,2.57,$0.00B,$0.21B,0.0,$0.25B,$0.11B,42.34%,$0.25B,$0.03B,13.31%,$0.25B,$0.03B,13.31%,$0.25B,$0.05B,18.55%,$0.25B,$0.03B,13.71%,$0.25B,$0.02B,9.27%,$0.02B,$0.21B,11.39%,$0.02B,$0.15B,14.58%,$0.02B,$0.27B,9.25%,$0.03B,$0.21B,16.34%,$67,$38,$29,$3,$17,$58,$8,$-0,$8,$2,$6,$6,$6,$12,$8,$35,36,$0.18,$0.17,$6,$48,$0,$92,$111,$0,$59,$3,$173,$265,$36,$0,$3,$17,$53,$62,$150,$-0,$212,$265,$17,$9,$-0,$9,$-3,$-8,$3,$0,$-3,$24,$-15,$-1,$-35,$0,$0,$0,$0,$-51,$0,$0,$0,$-1,$-1,$0,$1,$-1,$-28,$1,$0
37,2009-06-30,13.04,$5.85,2.23,$6.70,1.95,$1.04,12.49,$0.62,21.17,$0.09B,$0.04B,2.43,$0.00B,$0.20B,0.0,$0.24B,$0.10B,41.84%,$0.24B,$0.03B,13.39%,$0.24B,$0.03B,13.39%,$0.24B,$0.04B,18.41%,$0.24B,$0.03B,13.81%,$0.24B,$0.02B,9.21%,$0.02B,$0.20B,11.22%,$0.02B,$0.15B,13.58%,$0.02B,$0.26B,9.19%,$0.03B,$0.20B,16.33%,$65,$37,$28,$3,$16,$56,$9,$0,$9,$3,$6,$6,$6,$12,$9,$35,36,$0.17,$0.17,$5,$46,$0,$88,$108,$0,$59,$3,$169,$257,$36,$0,$3,$17,$53,$60,$144,$-0,$204,$257,$11,$6,$0,$6,$-1,$-6,$4,$-0,$0,$17,$-8,$-1,$-35,$0,$0,$0,$0,$-44,$0,$0,$0,$-2,$-2,$0,$0,$-2,$-29,$1,$0
38,2009-03-31,9.77,$5.67,1.72,$6.50,1.5,$1.02,9.56,$0.61,16.07,$0.10B,$0.03B,3.48,$0.00B,$0.20B,0.0,$0.23B,$0.10B,41.99%,$0.23B,$0.03B,13.85%,$0.23B,$0.03B,13.85%,$0.23B,$0.04B,19.05%,$0.23B,$0.03B,14.29%,$0.23B,$0.02B,9.52%,$0.02B,$0.20B,11.62%,$0.02B,$0.16B,13.29%,$0.02B,$0.24B,9.59%,$0.03B,$0.20B,16.91%,$58,$34,$25,$2,$15,$50,$8,$0,$8,$3,$6,$6,$6,$11,$8,$35,36,$0.16,$0.15,$16,$43,$0,$95,$106,$0,$38,$2,$147,$241,$27,$0,$3,$16,$43,$60,$138,$-0,$198,$241,$6,$3,$0,$3,$-1,$-2,$2,$-0,$1,$9,$-3,$-1,$-21,$0,$0,$0,$0,$-25,$0,$0,$0,$-2,$-2,$0,$0,$-2,$-18,$0,$0
39,2008-12-31,14.34,$5.53,2.59,$6.38,2.25,$1.01,14.19,$0.58,24.9,$0.11B,$0.02B,4.98,$0.00B,$0.19B,0.0,$0.23B,$0.09B,41.41%,$0.23B,$0.03B,13.66%,$0.23B,$0.03B,13.66%,$0.23B,$0.04B,18.50%,$0.23B,$0.03B,14.10%,$0.23B,$0.02B,8.81%,$0.02B,$0.19B,10.96%,$0.02B,$0.17B,12.20%,$0.02B,$0.23B,9.01%,$0.03B,$0.19B,16.99%,$58,$35,$23,$2,$13,$50,$8,$0,$9,$3,$5,$5,$5,$11,$8,$35,36,$0.15,$0.15,$34,$38,$0,$105,$104,$0,$20,$2,$126,$232,$21,$0,$3,$16,$37,$62,$133,$-0,$194,$232,$21,$10,$0,$10,$-1,$-4,$1,$-1,$-3,$28,$-14,$-0,$-5,$0,$0,$0,$0,$-20,$0,$0,$0,$6,$6,$0,$2,$8,$16,$1,$0
40,2008-09-30,15.02,$5.37,2.8,$6.29,2.39,$1.08,13.94,$0.56,26.81,$0.10B,$0.03B,4.01,$0.00B,$0.19B,0.0,$0.22B,$0.09B,41.70%,$0.22B,$0.03B,13.45%,$0.22B,$0.03B,13.45%,$0.22B,$0.04B,17.94%,$0.22B,$0.03B,13.45%,$0.22B,$0.02B,8.97%,$0.02B,$0.19B,11.43%,$0.02B,$0.17B,12.68%,$0.02B,$0.23B,9.35%,$0.03B,$0.19B,17.14%,$58,$34,$24,$2,$14,$51,$7,$0,$7,$2,$5,$5,$5,$10,$7,$35,36,$0.15,$0.14,$32,$38,$0,$102,$104,$0,$19,$0,$126,$228,$25,$0,$3,$14,$40,$61,$127,$-0,$188,$228,$15,$8,$-2,$5,$1,$-4,$0,$-1,$-2,$19,$-10,$-0,$-2,$-1,$0,$-1,$0,$-14,$0,$0,$0,$6,$6,$0,$2,$8,$14,$1,$0
41,2008-06-30,11.76,$5.14,2.29,$6.12,1.92,$1.13,10.41,$0.54,21.94,$0.09B,$0.03B,3.69,$0.00B,$0.18B,0.0,$0.22B,$0.09B,41.20%,$0.22B,$0.03B,13.43%,$0.22B,$0.03B,13.43%,$0.22B,$0.04B,17.59%,$0.22B,$0.03B,13.43%,$0.22B,$0.02B,8.80%,$0.02B,$0.18B,11.34%,$0.02B,$0.16B,12.58%,$0.02B,$0.22B,9.26%,$0.03B,$0.18B,17.31%,$57,$33,$25,$3,$13,$48,$9,$0,$9,$3,$6,$6,$6,$12,$9,$35,35,$0.17,$0.17,$27,$36,$0,$93,$103,$0,$18,$0,$124,$217,$25,$0,$3,$15,$40,$55,$122,$0,$177,$217,$10,$5,$-1,$4,$2,$-2,$1,$-1,$2,$16,$-8,$-0,$-2,$0,$0,$0,$0,$-10,$0,$0,$0,$2,$2,$0,$0,$2,$9,$0,$0
42,2008-03-31,12.66,$4.96,2.55,$5.95,2.13,$1.07,11.81,$0.48,26.38,$0.09B,$0.03B,3.52,$0.00B,$0.17B,0.0,$0.21B,$0.08B,39.81%,$0.21B,$0.03B,11.85%,$0.21B,$0.03B,11.85%,$0.21B,$0.03B,16.11%,$0.21B,$0.03B,12.32%,$0.21B,$0.02B,8.06%,$0.02B,$0.17B,10.49%,$0.02B,$0.15B,11.62%,$0.02B,$0.21B,8.55%,$0.03B,$0.17B,15.43%,$54,$32,$22,$2,$13,$47,$7,$0,$7,$2,$4,$4,$4,$9,$7,$34,35,$0.13,$0.12,$24,$35,$0,$88,$101,$0,$18,$3,$122,$211,$25,$0,$3,$15,$40,$55,$116,$0,$171,$211,$4,$3,$-1,$1,$2,$-0,$1,$-1,$4,$10,$-4,$-0,$-2,$0,$0,$0,$0,$-6,$0,$0,$0,$2,$2,$0,$0,$2,$6,$0,$0
43,2007-12-31,11.12,$4.80,2.32,$5.87,1.9,$0.98,11.34,$0.44,25.27,$0.08B,$0.02B,3.76,$0.00B,$0.16B,0.0,$0.21B,$0.08B,38.94%,$0.21B,$0.02B,10.58%,$0.21B,$0.02B,10.58%,$0.21B,$0.03B,15.38%,$0.21B,$0.02B,11.54%,$0.21B,$0.02B,7.69%,$0.02B,$0.16B,10.13%,$0.02B,$0.15B,11.19%,$0.02B,$0.20B,8.28%,$0.02B,$0.16B,13.92%,$54,$33,$22,$2,$13,$47,$7,$0,$7,$2,$5,$5,$5,$9,$7,$34,35,$0.14,$0.14,$18,$34,$0,$82,$100,$0,$16,$3,$118,$200,$22,$0,$3,$14,$36,$52,$112,$-0,$164,$200,$16,$9,$2,$11,$-1,$5,$-1,$-0,$5,$32,$-16,$-0,$-5,$0,$0,$0,$0,$-21,$0,$0,$0,$-4,$-4,$0,$1,$-3,$8,$1,$0
44,2007-09-30,10.38,$4.64,2.24,$5.76,1.8,$0.67,15.59,$0.39,26.49,$0.08B,$0.02B,3.73,$0.00B,$0.16B,0.0,$0.21B,$0.08B,38.05%,$0.21B,$0.02B,9.76%,$0.21B,$0.02B,9.76%,$0.21B,$0.03B,14.63%,$0.21B,$0.02B,10.73%,$0.21B,$0.01B,6.83%,$0.01B,$0.16B,9.05%,$0.01B,$0.14B,9.96%,$0.01B,$0.19B,7.41%,$0.02B,$0.16B,12.92%,$51,$31,$20,$2,$12,$44,$6,$0,$6,$2,$4,$4,$4,$8,$6,$34,35,$0.13,$0.12,$12,$37,$0,$76,$98,$0,$16,$3,$117,$193,$20,$0,$4,$14,$35,$51,$107,$-0,$158,$193,$11,$7,$2,$9,$1,$2,$-2,$-0,$2,$22,$-11,$-0,$-4,$0,$0,$0,$0,$-16,$0,$0,$0,$-4,$-4,$0,$0,$-4,$2,$1,$0
45,2007-06-30,9.57,$4.52,2.12,$5.64,1.7,$0.45,21.18,$0.37,26.0,$0.08B,$0.02B,3.49,$0.00B,$0.16B,0.0,$0.20B,$0.08B,37.81%,$0.20B,$0.02B,9.45%,$0.20B,$0.02B,9.45%,$0.20B,$0.03B,14.43%,$0.20B,$0.02B,10.45%,$0.20B,$0.01B,6.47%,$0.01B,$0.16B,8.58%,$0.01B,$0.14B,9.42%,$0.01B,$0.19B,7.03%,$0.02B,$0.16B,12.54%,$52,$32,$20,$2,$12,$46,$5,$0,$6,$2,$4,$4,$4,$8,$5,$35,36,$0.10,$0.10,$9,$38,$0,$75,$98,$0,$14,$3,$115,$191,$22,$0,$4,$14,$36,$52,$103,$-0,$155,$191,$7,$4,$1,$6,$0,$1,$-2,$-1,$1,$13,$-7,$-0,$-3,$0,$0,$0,$-0,$-11,$0,$0,$0,$-3,$-3,$0,$0,$-3,$-1,$0,$0
46,2007-03-31,10.04,$4.46,2.25,$5.56,1.8,$0.38,26.23,$0.37,27.28,$0.08B,$0.02B,3.56,$0.00B,$0.16B,0.0,$0.20B,$0.08B,38.07%,$0.20B,$0.02B,9.64%,$0.20B,$0.02B,9.64%,$0.20B,$0.03B,14.21%,$0.20B,$0.02B,10.15%,$0.20B,$0.01B,6.60%,$0.01B,$0.16B,8.78%,$0.01B,$0.14B,9.61%,$0.01B,$0.19B,7.20%,$0.02B,$0.16B,12.84%,$51,$32,$19,$2,$12,$47,$4,$0,$5,$2,$3,$3,$3,$7,$4,$35,36,$0.09,$0.08,$10,$39,$0,$77,$95,$0,$14,$3,$113,$189,$22,$0,$4,$13,$35,$55,$99,$-0,$155,$189,$3,$2,$0,$2,$-0,$0,$-1,$-0,$0,$6,$-3,$-0,$-3,$0,$0,$0,$-0,$-7,$0,$0,$0,$1,$1,$0,$0,$1,$-0,$0,$0
47,2006-12-31,12.67,$4.38,2.9,$5.42,2.34,$0.43,29.75,$0.36,35.2,$0.08B,$0.02B,3.66,$0.00B,$0.15B,0.0,$0.19B,$0.07B,38.22%,$0.19B,$0.02B,9.95%,$0.19B,$0.02B,9.95%,$0.19B,$0.03B,14.14%,$0.19B,$0.02B,9.95%,$0.19B,$0.01B,6.28%,$0.01B,$0.15B,8.38%,$0.01B,$0.14B,9.11%,$0.01B,$0.18B,6.87%,$0.02B,$0.15B,13.26%,$51,$32,$19,$2,$12,$46,$5,$0,$5,$2,$3,$3,$3,$7,$5,$34,35,$0.09,$0.08,$10,$39,$0,$76,$92,$0,$12,$3,$107,$183,$21,$0,$0,$11,$31,$54,$97,$-0,$151,$183,$12,$8,$2,$10,$0,$-6,$0,$-0,$-3,$19,$-15,$-0,$-4,$0,$0,$0,$0,$-19,$0,$-0,$-0,$4,$4,$0,$1,$5,$5,$2,$0
