,Date,Stock Price,Book Value per Share,Price to Book Ratio,TTM Sales per Share,Price to Sales Ratio,TTM FCF per Share,Price to FCF Ratio,TTM Net EPS,PE Ratio,Current Assets,Current Liabilities,Current Ratio,Long Term Debt,Shareholder's Equity_x,Debt to Equity Ratio,TTM Revenue_x,TTM Gross Profit,Gross Margin,TTM Revenue_y,TTM Operating Income,Operating Margin,TTM Revenue_x,TTM EBIT,EBIT Margin,TTM Revenue_y,TTM EBITDA,EBITDA Margin,TTM Revenue_x,TTM Pre-Tax Income,Pre-Tax Margin,TTM Revenue_y,TTM Net Income_x,Net Margin,TTM Net Income_y,Shareholder's Equity_y,Return on Equity,TTM Net Income_x,Tangible Equity,Return on Tangible Equity,TTM Net Income_y,Total Assets,Return on Assets,TTM Net Income,LT Investments & Debt,Return on Investment,revenue,cost-goods-sold,gross-profit,research-development-expenses,selling-general-administrative-expenses,operating-expenses,operating-income,total-non-operating-income-expense,pre-tax-income,total-provision-income-taxes,income-after-taxes,income-from-continuous-operations,net-income,ebitda,ebit,basic-shares-outstanding,shares-outstanding,eps-basic-net-earnings-per-share,eps-earnings-per-share-diluted,cash-on-hand,inventory,other-current-assets,total-current-assets,net-property-plant-equipment,long-term-investments,goodwill-intangible-assets-total,other-long-term-assets,total-long-term-assets,total-assets,total-current-liabilities,long-term-debt,other-non-current-liabilities,total-long-term-liabilities,total-liabilities,common-stock-net,retained-earnings-accumulated-deficit,comprehensive-income,total-share-holder-equity,total-liabilities-share-holders-equity,net-income-loss,total-depreciation-amortization-cash-flow,other-non-cash-items,total-non-cash-items,change-in-accounts-receivable,change-in-inventories,change-in-accounts-payable,change-in-assets-liabilities,total-change-in-assets-liabilities,cash-flow-from-operating-activities,net-change-in-property-plant-equipment,net-change-in-intangible-assets,net-acquisitions-divestitures,net-change-in-short-term-investments,net-change-in-long-term-investments,net-change-in-investments-total,investing-activities-other,cash-flow-from-investing-activities,net-long-term-debt,net-current-debt,debt-issuance-retirement-net-total,net-common-equity-issued-repurchased,net-total-equity-issued-repurchased,total-common-preferred-stock-dividends-paid,financial-activities-other,cash-flow-from-financial-activities,net-cash-flow,stock-based-compensation,common-stock-dividends-paid
0,2018-09-30,27.45,$0.00,0.0,$5.60,4.9,$-3.24,0.0,$-1.37,0.0,$0.47B,$0.21B,2.3,$0.00B,$1.37B,0.0,$0.57B,$0.40B,69.35%,$0.57B,$-0.18B,-30.82%,$0.57B,$-0.18B,-30.82%,$0.57B,$-0.18B,-30.82%,$0.57B,$-0.19B,-32.75%,$0.57B,$-0.19B,-32.57%,$-0.19B,$1.37B,-12.41%,$-0.19B,$0.33B,-47.85%,$-0.19B,$1.58B,-10.93%,$-0.18B,$1.37B,-11.74%,$104,$32,$71,$0,$74,$143,$-40,$-7,$-47,$-0,$-47,$-47,$-47,$-40,$-40,$105,105,$-0.45,$-0.45,$332,$0,$80,$474,$12,$21,$1033,$38,$1105,$1579,$206,$0,$5,$7,$213,$0,$-612,$0,$1366,$1579,$-98,$0,$46,$46,$0,$0,$0,$-12,$-12,$-64,$0,$0,$0,$0,$0,$0,$0,$94,$0,$0,$0,$0,$0,$0,$0,$-0,$30,$0,$0
1,2018-06-30,36.15,$0.00,0.0,$6.13,5.9,$-3.41,0.0,$-1.98,0.0,$0.50B,$0.19B,2.6,$0.00B,$1.46B,0.0,$0.62B,$0.44B,71.61%,$0.62B,$-0.20B,-31.94%,$0.62B,$-0.20B,-31.94%,$0.62B,$-0.20B,-31.94%,$0.62B,$-0.20B,-32.58%,$0.62B,$-0.20B,-32.42%,$-0.20B,$1.46B,-12.87%,$-0.20B,$0.38B,-47.69%,$-0.20B,$1.66B,-11.45%,$-0.20B,$1.46B,-12.67%,$137,$60,$77,$0,$83,$183,$-46,$-6,$-51,$0,$-51,$-51,$-51,$-46,$-46,$103,103,$-0.50,$-0.50,$356,$0,$78,$500,$12,$22,$1085,$38,$1160,$1660,$192,$0,$6,$6,$198,$0,$-565,$0,$1461,$1660,$-51,$0,$22,$22,$0,$0,$0,$-5,$-5,$-34,$0,$0,$0,$0,$0,$0,$0,$5,$0,$0,$0,$0,$0,$0,$0,$0,$-29,$0,$0
2,2018-03-31,34.7,$0.00,0.0,$6.76,5.14,$-3.34,0.0,$-2.18,0.0,$0.54B,$0.20B,2.7,$0.00B,$1.56B,0.0,$0.68B,$0.50B,73.93%,$0.68B,$-0.22B,-32.59%,$0.68B,$-0.22B,-32.59%,$0.68B,$-0.22B,-32.59%,$0.68B,$-0.22B,-32.44%,$0.68B,$-0.22B,-32.30%,$-0.22B,$1.56B,-13.49%,$-0.22B,$0.41B,-47.96%,$-0.22B,$1.77B,-12.11%,$-0.22B,$1.56B,-13.61%,$158,$37,$121,$0,$122,$199,$-42,$-2,$-44,$0,$-44,$-44,$-43,$-42,$-42,$100,100,$-0.42,$-0.42,$390,$1,$93,$541,$14,$23,$1148,$39,$1225,$1765,$200,$0,$6,$7,$207,$0,$-516,$0,$1559,$1765,$-220,$30,$49,$79,$-23,$-0,$62,$-18,$21,$-125,$-4,$-8,$0,$0,$-107,$-107,$3,$-115,$0,$-0,$-0,$330,$330,$0,$-2,$328,$86,$45,$0
3,2017-12-31,29.85,$0.00,0.0,$7.47,4.0,$-4.27,0.0,$-2.69,0.0,$0.55B,$0.18B,3.0,$0.00B,$1.61B,0.0,$0.64B,$0.46B,72.68%,$0.64B,$-0.25B,-39.72%,$0.64B,$-0.25B,-39.72%,$0.64B,$-0.25B,-39.72%,$0.64B,$-0.25B,-38.93%,$0.64B,$-0.25B,-38.93%,$-0.25B,$1.61B,-15.72%,$-0.25B,$0.44B,-60.41%,$-0.25B,$1.80B,-14.21%,$-0.25B,$1.61B,-16.03%,$172,$45,$127,$0,$136,$221,$-48,$3,$-45,$-0,$-45,$-45,$-45,$-48,$-48,$101,101,$-0.45,$-0.45,$415,$1,$79,$551,$14,$23,$1177,$36,$1251,$1802,$184,$1,$6,$7,$191,$0,$-473,$0,$1611,$1802,$-176,$0,$54,$54,$0,$0,$0,$20,$20,$-102,$0,$0,$0,$0,$0,$0,$0,$-100,$0,$0,$0,$0,$0,$0,$0,$328,$125,$0,$0
4,2017-09-30,28.75,$0.00,0.0,$8.10,3.55,$-4.14,0.0,$-1.93,0.0,$0.55B,$0.17B,3.25,$0.00B,$1.62B,0.0,$0.59B,$0.41B,70.24%,$0.59B,$-0.21B,-35.37%,$0.59B,$-0.21B,-35.37%,$0.59B,$-0.21B,-35.37%,$0.59B,$-0.19B,-31.63%,$0.59B,$-0.19B,-31.63%,$-0.19B,$1.62B,-15.17%,$-0.19B,$0.46B,-54.03%,$-0.19B,$1.79B,-13.54%,$-0.21B,$1.62B,-16.96%,$153,$34,$119,$0,$145,$215,$-62,$-1,$-62,$0,$-62,$-62,$-62,$-62,$-62,$101,101,$-0.61,$-0.61,$441,$1,$61,$551,$15,$23,$1154,$49,$1243,$1794,$169,$1,$6,$7,$176,$0,$-428,$0,$1618,$1794,$-131,$0,$39,$39,$0,$0,$0,$13,$13,$-78,$0,$0,$0,$0,$0,$0,$0,$-115,$0,$0,$0,$0,$0,$0,$0,$329,$135,$0,$0
5,2017-06-30,33.55,$0.00,0.0,$8.58,3.91,$-4.24,0.0,$-2.27,0.0,$0.58B,$0.16B,3.67,$0.00B,$1.68B,0.0,$0.52B,$0.35B,66.99%,$0.52B,$-0.18B,-33.78%,$0.52B,$-0.18B,-33.78%,$0.52B,$-0.18B,-33.78%,$0.52B,$-0.16B,-31.47%,$0.52B,$-0.16B,-31.47%,$-0.16B,$1.68B,-19.67%,$-0.16B,$0.51B,-71.96%,$-0.16B,$1.84B,-16.15%,$-0.18B,$1.68B,-21.11%,$192,$60,$132,$0,$163,$260,$-68,$-0,$-68,$0,$-68,$-68,$-68,$-68,$-68,$97,97,$-0.70,$-0.70,$492,$0,$47,$579,$17,$24,$1168,$49,$1260,$1840,$158,$1,$4,$5,$163,$0,$-367,$0,$1677,$1840,$-68,$0,$20,$20,$0,$0,$0,$22,$22,$-26,$0,$0,$0,$0,$0,$0,$0,$-34,$0,$0,$0,$0,$0,$0,$0,$326,$265,$0,$0
6,2017-03-31,34.6,$15.33,2.26,$9.52,3.63,$-4.31,0.0,$-1.91,0.0,$0.26B,$0.13B,1.96,$0.00B,$1.41B,0.0,$0.45B,$0.27B,61.30%,$0.45B,$-0.14B,-30.20%,$0.45B,$-0.14B,-30.20%,$0.45B,$-0.14B,-30.20%,$0.45B,$-0.11B,-24.38%,$0.45B,$-0.11B,-24.38%,$-0.11B,$1.41B,-25.63%,$-0.11B,$0.24B,-102.11%,$-0.11B,$1.55B,-17.03%,$-0.14B,$1.41B,-28.72%,$120,$35,$85,$0,$112,$195,$-75,$2,$-73,$0,$-73,$-73,$-73,$-75,$-75,$53,53,$-1.13,$-1.11,$177,$0,$50,$263,$15,$44,$1171,$49,$1282,$1545,$134,$1,$4,$5,$139,$0,$-299,$0,$1405,$1545,$-110,$15,$17,$31,$3,$0,$-34,$4,$-27,$-108,$-9,$-6,$103,$-1,$74,$73,$3,$163,$0,$0,$0,$7,$7,$0,$-5,$2,$55,$27,$0
7,2016-12-31,22.2,$0.00,0.0,$9.35,2.37,$-3.80,0.0,$-2.18,0.0,$0.20B,$0.11B,1.89,$0.00B,$0.20B,0.0,$0.42B,$0.24B,57.83%,$0.42B,$-0.10B,-22.89%,$0.42B,$-0.10B,-22.89%,$0.42B,$-0.10B,-22.89%,$0.42B,$-0.09B,-20.72%,$0.42B,$-0.09B,-20.72%,$-0.09B,$0.20B,-91.98%,$-0.09B,$0.17B,-146.38%,$-0.09B,$0.31B,-24.29%,$-0.10B,$0.21B,-50.87%,$123,$47,$77,$0,$58,$126,$-3,$20,$17,$0,$17,$17,$17,$-3,$-3,$50,53,$0.33,$0.31,$134,$0,$37,$200,$11,$42,$34,$26,$114,$314,$106,$0,$3,$4,$109,$0,$-226,$0,$204,$314,$-37,$0,$-6,$-6,$0,$0,$0,$-3,$-3,$-46,$0,$0,$0,$0,$0,$0,$0,$72,$0,$0,$0,$0,$0,$0,$0,$-7,$19,$0,$0
8,2016-09-30,23.6,$0.00,0.0,$9.16,2.58,$-3.41,0.0,$-2.96,0.0,$0.22B,$0.31B,0.73,$0.00B,$0.03B,0.02,$0.38B,$0.21B,54.07%,$0.38B,$-0.11B,-28.61%,$0.38B,$-0.11B,-28.61%,$0.38B,$-0.11B,-28.61%,$0.38B,$-0.12B,-32.02%,$0.38B,$-0.12B,-32.02%,$-0.12B,$0.03B,-168.28%,$-0.12B,$-0.01B,-327.52%,$-0.12B,$0.34B,-36.15%,$-0.11B,$0.03B,-65.76%,$83,$30,$53,$0,$63,$112,$-29,$-10,$-39,$0,$-39,$-39,$-39,$-29,$-29,$42,42,$-0.95,$-0.95,$147,$0,$51,$223,$12,$43,$34,$25,$115,$338,$306,$0,$2,$4,$310,$0,$-242,$0,$28,$338,$-54,$0,$8,$8,$0,$0,$0,$9,$9,$-36,$0,$0,$0,$0,$0,$0,$0,$51,$0,$0,$0,$0,$0,$0,$0,$-7,$8,$0,$0
9,2016-06-30,14.86,$0.00,0.0,$8.73,1.7,$-2.57,0.0,$-2.30,0.0,$0.24B,$0.12B,2.07,$0.18B,$0.06B,2.77,$0.36B,$0.19B,52.07%,$0.36B,$-0.09B,-24.52%,$0.36B,$-0.09B,-24.52%,$0.36B,$-0.09B,-24.52%,$0.36B,$-0.10B,-26.17%,$0.36B,$-0.10B,-26.17%,$-0.10B,$0.06B,-95.48%,$-0.10B,$0.03B,-149.02%,$-0.10B,$0.36B,-29.76%,$-0.09B,$0.24B,-46.11%,$121,$62,$59,$0,$66,$149,$-28,$14,$-14,$0,$-14,$-14,$-14,$-28,$-28,$42,42,$-0.34,$-0.34,$175,$1,$37,$244,$10,$44,$35,$29,$119,$363,$118,$177,$3,$181,$299,$0,$-202,$0,$64,$363,$-14,$0,$-8,$-8,$0,$0,$0,$8,$8,$-14,$0,$0,$0,$0,$0,$0,$0,$14,$0,$0,$0,$0,$0,$0,$0,$-3,$-3,$0,$0
10,2016-03-31,18.09,$1.86,9.72,$8.06,2.25,$-2.24,0.0,$-2.12,0.0,$0.28B,$0.12B,2.27,$0.20B,$0.08B,2.52,$0.34B,$0.17B,50.00%,$0.34B,$-0.07B,-19.94%,$0.34B,$-0.07B,-19.94%,$0.34B,$-0.07B,-19.94%,$0.34B,$-0.09B,-26.19%,$0.34B,$-0.09B,-26.19%,$-0.09B,$0.08B,-72.28%,$-0.09B,$0.04B,-102.92%,$-0.09B,$0.40B,-29.73%,$-0.07B,$0.27B,-39.18%,$88,$37,$51,$0,$82,$123,$-35,$-15,$-50,$0,$-50,$-50,$-50,$-35,$-35,$42,42,$-1.20,$-1.20,$202,$1,$51,$282,$10,$44,$35,$29,$119,$401,$124,$195,$2,$199,$323,$0,$-188,$0,$78,$401,$-89,$9,$37,$9,$-4,$1,$7,$-24,$-20,$-66,$-5,$-5,$-1,$-18,$-77,$-94,$-2,$-104,$180,$0,$180,$-11,$-11,$0,$-4,$165,$-4,$14,$0
11,2015-12-31,17.16,$0.00,0.0,$7.58,2.26,$0.15,116.66,$-1.06,0.0,$0.16B,$0.12B,1.33,$0.00B,$0.12B,0.0,$0.32B,$0.15B,48.26%,$0.32B,$-0.04B,-11.36%,$0.32B,$-0.04B,-11.36%,$0.32B,$-0.04B,-11.36%,$0.32B,$-0.04B,-13.88%,$0.32B,$-0.04B,-13.25%,$-0.04B,$0.12B,-29.63%,$-0.04B,$0.08B,-39.90%,$-0.04B,$0.25B,-15.80%,$-0.04B,$0.12B,-25.31%,$89,$46,$43,$0,$41,$106,$-17,$-2,$-19,$0,$-19,$-19,$-19,$-17,$-17,$42,42,$-0.47,$-0.47,$47,$0,$87,$163,$0,$24,$37,$15,$75,$248,$123,$0,$2,$5,$128,$0,$-138,$0,$120,$248,$-39,$0,$23,$23,$0,$0,$0,$-5,$-5,$-20,$0,$0,$0,$0,$0,$0,$0,$28,$0,$0,$0,$0,$0,$0,$0,$-10,$-3,$0,$0
12,2015-09-30,13.75,$0.00,0.0,$7.25,1.9,$0.41,33.81,$-0.68,0.0,$0.18B,$0.12B,1.45,$0.00B,$0.14B,0.0,$0.30B,$0.15B,47.70%,$0.30B,$-0.02B,-7.24%,$0.30B,$-0.02B,-7.24%,$0.30B,$-0.02B,-7.24%,$0.30B,$-0.03B,-9.54%,$0.30B,$-0.03B,-8.88%,$-0.03B,$0.14B,-17.85%,$-0.03B,$0.10B,-23.53%,$-0.03B,$0.27B,-10.01%,$-0.02B,$0.14B,-14.50%,$65,$29,$36,$0,$27,$75,$-9,$-3,$-12,$0,$-12,$-12,$-12,$-9,$-9,$42,42,$-0.29,$-0.29,$107,$1,$41,$179,$0,$24,$37,$14,$76,$265,$123,$0,$2,$5,$128,$0,$-119,$0,$136,$265,$-19,$0,$0,$0,$0,$0,$0,$0,$3,$-1,$0,$0,$0,$0,$0,$0,$0,$7,$0,$0,$0,$0,$0,$0,$0,$-10,$-4,$0,$0
13,2015-06-30,19.68,$0.00,0.0,$7.13,2.76,$0.48,41.31,$-0.50,0.0,$0.19B,$0.11B,1.74,$0.00B,$0.15B,0.0,$0.30B,$0.14B,47.00%,$0.30B,$-0.02B,-5.67%,$0.30B,$-0.02B,-5.67%,$0.30B,$-0.02B,-5.67%,$0.30B,$-0.02B,-7.33%,$0.30B,$-0.02B,-6.67%,$-0.02B,$0.15B,-12.74%,$-0.02B,$0.12B,-16.63%,$-0.02B,$0.27B,-7.38%,$-0.02B,$0.15B,-10.81%,$94,$56,$38,$0,$25,$100,$-6,$-1,$-7,$0,$-7,$-7,$-7,$-6,$-6,$42,42,$-0.16,$-0.16,$129,$0,$37,$194,$0,$10,$37,$20,$67,$270,$112,$0,$2,$6,$118,$0,$-106,$0,$153,$270,$-7,$0,$7,$7,$0,$0,$0,$-0,$-0,$-0,$0,$0,$0,$0,$0,$0,$0,$4,$0,$0,$0,$0,$0,$0,$0,$-3,$1,$0,$0
14,2015-03-31,21.96,$3.76,5.84,$7.17,3.06,$0.58,37.69,$-0.43,0.0,$0.21B,$0.12B,1.85,$0.00B,$0.16B,0.0,$0.30B,$0.14B,45.85%,$0.30B,$-0.02B,-4.98%,$0.30B,$-0.02B,-4.98%,$0.30B,$-0.02B,-4.98%,$0.30B,$-0.02B,-6.31%,$0.30B,$-0.02B,-5.65%,$-0.02B,$0.16B,-10.68%,$-0.02B,$0.12B,-13.93%,$-0.02B,$0.28B,-6.29%,$-0.02B,$0.16B,-9.40%,$69,$32,$36,$0,$39,$73,$-4,$-2,$-6,$0,$-6,$-4,$-4,$-4,$-4,$42,42,$-0.14,$-0.14,$142,$2,$40,$214,$16,$8,$36,$14,$74,$280,$116,$0,$3,$6,$122,$0,$-100,$0,$158,$280,$-18,$0,$16,$24,$1,$-2,$17,$-8,$5,$11,$17,$-4,$0,$-1,$11,$-1,$-11,$5,$0,$0,$0,$-0,$-0,$0,$-3,$-3,$12,$12,$0
15,2014-12-31,25.99,$0.00,0.0,$7.12,3.65,$-0.24,0.0,$-0.36,0.0,$0.13B,$0.10B,1.4,$0.00B,$0.16B,0.0,$0.29B,$0.13B,44.71%,$0.29B,$-0.01B,-4.78%,$0.29B,$-0.01B,-4.78%,$0.29B,$-0.01B,-4.78%,$0.29B,$-0.02B,-5.46%,$0.29B,$-0.02B,-5.46%,$-0.02B,$0.16B,-9.98%,$-0.02B,$0.12B,-13.09%,$-0.02B,$0.26B,-5.98%,$-0.01B,$0.16B,-8.71%,$76,$41,$35,$0,$36,$79,$-3,$-1,$-4,$0,$-4,$-4,$-4,$-3,$-3,$42,42,$-0.09,$-0.09,$70,$0,$38,$132,$0,$76,$37,$10,$123,$264,$95,$0,$7,$11,$105,$0,$-94,$0,$158,$264,$-18,$0,$0,$0,$0,$0,$0,$0,$-10,$-9,$0,$0,$0,$0,$0,$0,$0,$9,$0,$0,$0,$0,$0,$0,$0,$-1,$-3,$0,$0
16,2014-09-30,27.83,$0.00,0.0,$7.17,3.88,$-0.26,0.0,$-0.31,0.0,$0.14B,$0.10B,1.37,$0.00B,$0.16B,0.0,$0.29B,$0.13B,43.55%,$0.29B,$-0.01B,-4.18%,$0.29B,$-0.01B,-4.18%,$0.29B,$-0.01B,-4.18%,$0.29B,$-0.01B,-4.88%,$0.29B,$-0.01B,-4.88%,$-0.01B,$0.16B,-9.79%,$-0.01B,$0.12B,-13.24%,$-0.01B,$0.27B,-5.66%,$-0.01B,$0.16B,-8.38%,$61,$28,$32,$0,$34,$64,$-4,$-1,$-5,$-0,$-5,$-5,$-5,$-4,$-4,$42,42,$-0.11,$-0.11,$68,$2,$43,$138,$0,$77,$38,$9,$124,$270,$100,$0,$8,$11,$111,$0,$-91,$0,$159,$270,$-9,$0,$0,$0,$0,$0,$0,$0,$-1,$2,$0,$0,$0,$0,$0,$0,$0,$-1,$0,$0,$0,$0,$0,$0,$0,$-1,$-2,$0,$0
17,2014-06-30,35.13,$0.00,0.0,$6.98,5.04,$-0.68,0.0,$-0.40,0.0,$0.13B,$0.10B,1.4,$0.00B,$0.16B,0.0,$0.27B,$0.12B,42.49%,$0.27B,$-0.01B,-5.13%,$0.27B,$-0.01B,-5.13%,$0.27B,$-0.01B,-5.13%,$0.27B,$-0.02B,-6.23%,$0.27B,$-0.02B,-5.86%,$-0.02B,$0.16B,-12.77%,$-0.02B,$0.12B,-17.93%,$-0.02B,$0.27B,-7.13%,$-0.01B,$0.16B,-11.13%,$95,$59,$35,$0,$37,$98,$-4,$-0,$-4,$0,$-4,$-4,$-4,$-4,$-4,$42,42,$-0.09,$-0.09,$72,$0,$36,$133,$0,$78,$39,$9,$125,$267,$95,$0,$8,$11,$105,$0,$-86,$0,$162,$267,$-4,$0,$0,$0,$0,$0,$0,$0,$3,$4,$0,$0,$0,$0,$0,$0,$0,$-2,$0,$0,$0,$0,$0,$0,$0,$-1,$1,$0,$0
18,2014-03-31,27.08,$0.00,0.0,$6.74,4.02,$-0.97,0.0,$-0.55,0.0,$0.13B,$0.10B,1.39,$0.00B,$0.16B,0.0,$0.26B,$0.11B,41.96%,$0.26B,$-0.02B,-6.27%,$0.26B,$-0.02B,-6.27%,$0.26B,$-0.02B,-6.27%,$0.26B,$-0.02B,-8.63%,$0.26B,$-0.02B,-8.24%,$-0.02B,$0.16B,-19.44%,$-0.02B,$0.12B,-28.67%,$-0.02B,$0.27B,-10.32%,$-0.02B,$0.16B,-14.71%,$61,$32,$29,$0,$30,$64,$-3,$0,$-3,$0,$-3,$-3,$-3,$-3,$-3,$38,38,$-0.07,$-0.07,$68,$1,$37,$133,$0,$81,$39,$8,$128,$270,$96,$0,$9,$11,$108,$0,$-82,$0,$162,$270,$-21,$6,$15,$6,$-6,$1,$8,$-4,$-2,$-4,$-2,$-3,$-2,$0,$-59,$-59,$-1,$-64,$0,$-0,$-0,$77,$0,$0,$72,$72,$2,$11,$0
19,2013-12-31,19.26,$0.00,0.0,$6.62,2.91,$-0.45,0.0,$-1.02,0.0,$0.13B,$0.08B,1.54,$0.00B,$0.09B,0.0,$0.25B,$0.10B,40.16%,$0.25B,$-0.02B,-8.84%,$0.25B,$-0.02B,-8.84%,$0.25B,$-0.02B,-8.84%,$0.25B,$-0.03B,-11.65%,$0.25B,$-0.04B,-15.26%,$-0.04B,$0.09B,-40.86%,$-0.04B,$0.06B,-64.14%,$-0.04B,$0.18B,-20.57%,$-0.02B,$0.09B,-23.53%,$70,$41,$29,$0,$28,$71,$-1,$-0,$-2,$0,$-2,$-2,$-2,$-1,$-1,$38,38,$-0.04,$-0.04,$67,$1,$40,$130,$0,$6,$33,$6,$45,$183,$84,$0,$8,$10,$94,$0,$-79,$0,$89,$183,$-18,$0,$0,$0,$0,$0,$0,$0,$-10,$-9,$0,$0,$0,$0,$0,$0,$0,$9,$0,$0,$0,$0,$0,$0,$0,$-1,$-3,$0,$0
20,2013-09-30,14.84,$0.00,0.0,$6.47,2.29,$-0.12,0.0,$-1.12,0.0,$0.13B,$0.08B,1.61,$0.00B,$0.09B,0.0,$0.24B,$0.09B,38.27%,$0.24B,$-0.03B,-11.11%,$0.24B,$-0.03B,-11.11%,$0.24B,$-0.03B,-11.11%,$0.24B,$-0.03B,-13.99%,$0.24B,$-0.04B,-16.87%,$-0.04B,$0.09B,-40.80%,$-0.04B,$0.06B,-61.89%,$-0.04B,$0.18B,-21.66%,$-0.03B,$0.09B,-26.73%,$47,$24,$23,$0,$28,$53,$-6,$-2,$-8,$-0,$-8,$-7,$-7,$-6,$-6,$38,38,$-0.20,$-0.20,$63,$2,$40,$127,$0,$6,$33,$3,$43,$177,$79,$0,$7,$10,$89,$0,$-77,$0,$88,$177,$-17,$0,$0,$0,$0,$0,$0,$0,$-13,$-14,$0,$0,$0,$0,$0,$0,$0,$11,$0,$0,$0,$0,$0,$0,$0,$-1,$-6,$0,$0
21,2013-06-30,14.27,$0.00,0.0,$6.44,2.21,$0.50,28.36,$-0.95,0.0,$0.13B,$0.08B,1.68,$0.00B,$0.09B,0.0,$0.24B,$0.09B,37.19%,$0.24B,$-0.02B,-9.92%,$0.24B,$-0.02B,-9.92%,$0.24B,$-0.02B,-9.92%,$0.24B,$-0.03B,-11.57%,$0.24B,$-0.04B,-14.46%,$-0.04B,$0.09B,-32.11%,$-0.04B,$0.06B,-43.48%,$-0.04B,$0.18B,-18.30%,$-0.02B,$0.09B,-21.97%,$77,$51,$26,$0,$30,$83,$-6,$-3,$-9,$0,$-9,$-9,$-9,$-6,$-6,$38,38,$-0.24,$-0.24,$72,$3,$38,$134,$0,$7,$34,$1,$42,$184,$80,$0,$8,$11,$91,$0,$-70,$0,$93,$184,$-9,$0,$0,$0,$0,$0,$0,$0,$-6,$-7,$0,$0,$0,$0,$0,$0,$0,$7,$0,$0,$0,$0,$0,$0,$0,$-1,$-3,$0,$0
22,2013-03-31,13.9,$0.00,0.0,$6.13,2.27,$1.08,12.88,$-0.73,0.0,$0.14B,$0.08B,1.69,$0.00B,$0.10B,0.0,$0.23B,$0.09B,38.43%,$0.23B,$-0.02B,-7.86%,$0.23B,$-0.02B,-7.86%,$0.23B,$-0.02B,-7.86%,$0.23B,$-0.02B,-8.73%,$0.23B,$-0.03B,-11.79%,$-0.03B,$0.10B,-23.48%,$-0.03B,$0.07B,-29.11%,$-0.03B,$0.20B,-14.27%,$-0.02B,$0.10B,-15.65%,$55,$33,$22,$0,$29,$64,$-9,$-1,$-10,$11,$-20,$-20,$-20,$-9,$-9,$37,37,$-0.54,$-0.54,$84,$2,$31,$142,$0,$6,$35,$2,$44,$195,$84,$0,$8,$8,$93,$0,$-61,$0,$102,$195,$-28,$0,$0,$0,$0,$0,$0,$0,$16,$14,$0,$0,$0,$0,$0,$0,$-18,$-18,$0,$0,$0,$0,$0,$0,$-1,$-1,$-8,$0,$0
23,2012-12-31,12.44,$0.00,0.0,$5.88,2.12,$0.86,14.53,$-0.03,0.0,$0.14B,$0.07B,1.9,$0.00B,$0.12B,0.0,$0.22B,$0.09B,39.82%,$0.22B,$-0.01B,-4.07%,$0.22B,$-0.01B,-4.07%,$0.22B,$-0.01B,-2.71%,$0.22B,$-0.01B,-4.52%,$0.22B,$-0.00B,-0.45%,$-0.00B,$0.12B,-0.84%,$-0.00B,$0.08B,-0.97%,$-0.00B,$0.20B,-0.55%,$-0.01B,$0.12B,-7.55%,$64,$41,$22,$0,$27,$70,$-6,$-0,$-7,$-1,$-5,$-5,$-5,$-6,$-6,$37,37,$-0.14,$-0.14,$74,$1,$31,$139,$0,$7,$35,$1,$53,$201,$73,$0,$8,$9,$82,$0,$-41,$0,$119,$201,$-7,$0,$0,$0,$0,$0,$0,$0,$1,$3,$0,$0,$0,$0,$0,$0,$0,$-21,$0,$0,$0,$0,$0,$0,$0,$-1,$-22,$0,$0
24,2012-09-30,17.03,$0.00,0.0,$5.58,3.05,$0.77,22.05,$0.11,154.82,$0.15B,$0.06B,2.45,$0.00B,$0.12B,0.0,$0.21B,$0.09B,42.65%,$0.21B,$-0.00B,-0.95%,$0.21B,$-0.00B,-0.95%,$0.21B,$0.00B,0.47%,$0.21B,$-0.00B,-1.42%,$0.21B,$0.00B,1.90%,$0.00B,$0.12B,3.43%,$0.00B,$0.11B,3.71%,$0.00B,$0.19B,2.34%,$-0.00B,$0.12B,-1.72%,$46,$26,$20,$0,$22,$49,$-3,$1,$-2,$-0,$-1,$-1,$-1,$-3,$-3,$37,37,$-0.03,$-0.03,$93,$1,$29,$151,$0,$7,$10,$1,$28,$185,$61,$0,$2,$2,$63,$0,$-34,$0,$122,$185,$-2,$0,$0,$0,$0,$0,$0,$0,$5,$9,$0,$0,$0,$0,$0,$0,$-10,$-10,$0,$0,$0,$0,$0,$0,$-1,$-1,$-2,$0,$0
25,2012-06-30,16.43,$0.00,0.0,$5.50,2.99,$0.00,0.0,$0.14,117.36,$0.14B,$0.06B,2.52,$0.00B,$0.12B,0.0,$0.21B,$0.09B,43.54%,$0.21B,$0.00B,0.96%,$0.21B,$0.00B,0.96%,$0.21B,$0.01B,2.39%,$0.21B,$-0.00B,-0.48%,$0.21B,$0.01B,2.39%,$0.01B,$0.12B,4.42%,$0.01B,$0.11B,4.75%,$0.01B,$0.18B,3.04%,$0.00B,$0.12B,1.76%,$64,$40,$24,$0,$23,$64,$-0,$-1,$-1,$-0,$-1,$-1,$-1,$-0,$-0,$37,37,$-0.02,$-0.02,$98,$0,$26,$144,$0,$5,$9,$2,$25,$176,$57,$0,$2,$2,$59,$0,$-33,$0,$117,$176,$-1,$0,$0,$0,$0,$0,$0,$0,$11,$15,$0,$0,$0,$0,$0,$0,$0,$-10,$0,$0,$0,$0,$0,$0,$0,$-0,$3,$0,$0
26,2012-03-31,22.97,$0.00,0.0,$5.18,4.43,$-0.31,0.0,$0.18,127.61,$0.14B,$0.05B,2.82,$0.00B,$0.12B,0.0,$0.20B,$0.09B,44.67%,$0.20B,$0.00B,2.03%,$0.20B,$0.00B,2.03%,$0.20B,$0.01B,3.55%,$0.20B,$0.00B,0.51%,$0.20B,$0.01B,3.55%,$0.01B,$0.12B,6.24%,$0.01B,$0.11B,6.70%,$0.01B,$0.17B,4.37%,$0.00B,$0.12B,3.56%,$47,$25,$22,$0,$21,$47,$-0,$0,$0,$-6,$6,$6,$6,$3,$-0,$37,38,$0.17,$0.16,$87,$2,$28,$139,$0,$5,$8,$2,$25,$170,$49,$0,$2,$2,$51,$0,$-32,$0,$119,$170,$7,$3,$0,$3,$0,$0,$0,$0,$0,$11,$-6,$0,$-3,$0,$0,$-35,$-3,$-46,$0,$0,$0,$0,$38,$0,$-3,$35,$-4,$0,$0
27,2011-12-31,24.04,$0.00,0.0,$4.82,4.99,$-0.66,0.0,$0.12,200.33,$0.13B,$0.04B,2.99,$0.00B,$0.11B,0.0,$0.18B,$0.10B,53.59%,$0.18B,$0.04B,19.34%,$0.18B,$0.04B,19.34%,$0.18B,$0.04B,20.44%,$0.18B,$0.03B,17.68%,$0.18B,$0.01B,2.76%,$0.01B,$0.11B,4.93%,$0.01B,$0.10B,5.25%,$0.01B,$0.15B,3.42%,$0.04B,$0.11B,34.40%,$54,$30,$24,$0,$22,$53,$1,$-1,$0,$-0,$0,$0,$0,$1,$1,$37,38,$0.00,$0.00,$75,$2,$27,$125,$0,$10,$7,$2,$21,$152,$42,$0,$2,$2,$44,$0,$-38,$0,$108,$152,$1,$0,$0,$0,$0,$0,$0,$0,$-10,$-0,$0,$0,$0,$0,$0,$0,$0,$-39,$0,$0,$0,$0,$0,$0,$0,$35,$-8,$0,$0
28,2011-09-30,22.08,$0.00,0.0,$4.40,5.02,$-0.93,0.0,$0.16,138.0,$0.14B,$0.05B,2.9,$0.00B,$0.11B,0.0,$0.16B,$0.09B,55.21%,$0.16B,$0.04B,21.47%,$0.16B,$0.04B,21.47%,$0.16B,$0.04B,22.70%,$0.16B,$0.03B,20.86%,$0.16B,$0.01B,4.29%,$0.01B,$0.11B,7.57%,$0.01B,$0.10B,7.98%,$0.01B,$0.16B,5.19%,$0.04B,$0.11B,37.63%,$44,$22,$21,$0,$20,$43,$1,$-1,$0,$-0,$0,$0,$0,$1,$1,$37,38,$0.00,$0.00,$75,$4,$41,$137,$0,$5,$7,$1,$17,$159,$47,$0,$2,$2,$50,$0,$-38,$0,$109,$159,$1,$0,$0,$0,$0,$0,$0,$0,$-25,$-20,$0,$0,$0,$0,$0,$0,$0,$-32,$0,$0,$0,$0,$0,$0,$0,$35,$-18,$0,$0
29,2011-06-30,24.5,$0.00,0.0,$4.18,5.86,$-0.48,0.0,$0.09,272.22,$0.14B,$0.05B,3.19,$0.00B,$0.11B,0.0,$0.14B,$0.08B,57.34%,$0.14B,$0.03B,23.78%,$0.14B,$0.03B,23.78%,$0.14B,$0.04B,25.17%,$0.14B,$0.03B,22.38%,$0.14B,$0.01B,3.50%,$0.01B,$0.11B,6.02%,$0.01B,$0.11B,6.27%,$0.01B,$0.16B,4.04%,$0.03B,$0.11B,40.84%,$52,$31,$21,$0,$19,$50,$2,$-1,$1,$-0,$1,$1,$1,$2,$2,$36,37,$0.02,$0.02,$102,$2,$23,$143,$0,$1,$7,$1,$12,$160,$45,$0,$2,$3,$47,$0,$-38,$0,$113,$160,$1,$0,$0,$0,$0,$0,$0,$0,$1,$3,$0,$0,$0,$0,$0,$0,$-27,$-27,$0,$0,$0,$0,$0,$0,$36,$36,$12,$0,$0
