,Date,Stock Price,Book Value per Share,Price to Book Ratio,TTM Sales per Share,Price to Sales Ratio,TTM FCF per Share,Price to FCF Ratio,TTM Net EPS,PE Ratio,Current Assets,Current Liabilities,Current Ratio,Long Term Debt,Shareholder's Equity_x,Debt to Equity Ratio,TTM Revenue_x,TTM Gross Profit,Gross Margin,TTM Revenue_y,TTM Operating Income,Operating Margin,TTM Revenue_x,TTM EBIT,EBIT Margin,TTM Revenue_y,TTM EBITDA,EBITDA Margin,TTM Revenue_x,TTM Pre-Tax Income,Pre-Tax Margin,TTM Revenue_y,TTM Net Income_x,Net Margin,TTM Net Income_y,Shareholder's Equity_y,Return on Equity,TTM Net Income_x,Tangible Equity,Return on Tangible Equity,TTM Net Income_y,Total Assets,Return on Assets,TTM Net Income,LT Investments & Debt,Return on Investment,revenue,cost-goods-sold,gross-profit,research-development-expenses,selling-general-administrative-expenses,operating-expenses,operating-income,total-non-operating-income-expense,pre-tax-income,total-provision-income-taxes,income-after-taxes,income-from-continuous-operations,net-income,ebitda,ebit,basic-shares-outstanding,shares-outstanding,eps-basic-net-earnings-per-share,eps-earnings-per-share-diluted,cash-on-hand,inventory,other-current-assets,total-current-assets,net-property-plant-equipment,long-term-investments,goodwill-intangible-assets-total,other-long-term-assets,total-long-term-assets,total-assets,total-current-liabilities,long-term-debt,other-non-current-liabilities,total-long-term-liabilities,total-liabilities,common-stock-net,retained-earnings-accumulated-deficit,comprehensive-income,total-share-holder-equity,total-liabilities-share-holders-equity,net-income-loss,total-depreciation-amortization-cash-flow,other-non-cash-items,total-non-cash-items,change-in-accounts-receivable,change-in-inventories,change-in-accounts-payable,change-in-assets-liabilities,total-change-in-assets-liabilities,cash-flow-from-operating-activities,net-change-in-property-plant-equipment,net-change-in-intangible-assets,net-acquisitions-divestitures,net-change-in-short-term-investments,net-change-in-long-term-investments,net-change-in-investments-total,investing-activities-other,cash-flow-from-investing-activities,net-long-term-debt,net-current-debt,debt-issuance-retirement-net-total,net-common-equity-issued-repurchased,net-total-equity-issued-repurchased,total-common-preferred-stock-dividends-paid,financial-activities-other,cash-flow-from-financial-activities,net-cash-flow,stock-based-compensation,common-stock-dividends-paid
0,2018-06-30,16.37,$9.84,1.66,$1.74,9.42,$-5.19,0.0,$0.48,34.09,$0.02B,$0.00B,5.6,$0.82B,$0.51B,1.59,$0.13B,$0.12B,87.22%,$0.13B,$0.07B,51.13%,$0.13B,$0.07B,51.13%,$0.13B,$0.11B,78.95%,$0.13B,$0.05B,34.59%,$0.13B,$0.04B,27.82%,$0.04B,$0.79B,4.92%,$0.04B,$0.78B,5.00%,$0.04B,$1.62B,2.42%,$0.07B,$1.60B,4.50%,$36,$6,$30,$0,$2,$19,$17,$-5,$12,$0,$12,$12,$10,$27,$17,$79,80,$0.13,$0.13,$7,$0,$0,$17,$1409,$0,$13,$186,$1608,$1624,$3,$815,$18,$833,$836,$1,$0,$-8,$789,$1624,$44,$29,$-9,$21,$0,$0,$0,$-2,$-1,$63,$-157,$0,$-1,$0,$-59,$-59,$0,$-216,$104,$0,$104,$59,$90,$-43,$-1,$150,$-3,$0,$-30
1,2018-03-31,14.73,$9.52,1.55,$1.67,8.8,$-6.09,0.0,$0.42,35.06,$0.02B,$0.00B,9.2,$0.79B,$0.47B,1.66,$0.13B,$0.11B,88.10%,$0.13B,$0.07B,51.59%,$0.13B,$0.07B,51.59%,$0.13B,$0.10B,80.16%,$0.13B,$0.05B,36.51%,$0.13B,$0.03B,25.40%,$0.03B,$0.75B,4.45%,$0.03B,$0.74B,4.52%,$0.03B,$1.56B,2.19%,$0.07B,$1.54B,4.50%,$34,$4,$30,$0,$2,$17,$17,$-5,$12,$0,$12,$12,$7,$26,$17,$78,78,$0.10,$0.10,$12,$0,$0,$23,$1352,$0,$12,$173,$1537,$1560,$2,$786,$21,$807,$810,$1,$0,$-31,$750,$1560,$29,$19,$-6,$13,$0,$0,$0,$-3,$1,$43,$-101,$0,$-1,$0,$-58,$-58,$0,$-161,$75,$0,$75,$44,$75,$-29,$-1,$120,$2,$0,$-20
2,2017-12-31,17.22,$9.77,1.76,$1.63,10.59,$-5.64,0.0,$0.40,43.05,$0.03B,$0.00B,6.84,$0.72B,$0.48B,1.5,$0.12B,$0.11B,88.24%,$0.12B,$0.06B,52.10%,$0.12B,$0.06B,52.10%,$0.12B,$0.10B,80.67%,$0.12B,$0.04B,35.29%,$0.12B,$0.03B,25.21%,$0.03B,$0.75B,4.25%,$0.03B,$0.74B,4.30%,$0.03B,$1.50B,2.18%,$0.06B,$1.48B,4.56%,$33,$4,$29,$0,$2,$16,$17,$-4,$12,$0,$12,$12,$13,$26,$17,$76,77,$0.17,$0.17,$11,$0,$0,$25,$1305,$0,$11,$159,$1475,$1499,$4,$723,$19,$741,$745,$1,$0,$-4,$754,$1499,$18,$9,$-6,$4,$-4,$0,$0,$-4,$-4,$17,$-43,$0,$-1,$0,$-17,$-17,$0,$-62,$11,$0,$11,$23,$49,$-14,$-0,$45,$1,$0,$-10
3,2017-09-30,15.51,$9.43,1.65,$1.58,9.79,$-5.84,0.0,$0.32,48.47,$0.02B,$0.00B,4.5,$0.71B,$0.47B,1.52,$0.11B,$0.10B,88.50%,$0.11B,$0.06B,52.21%,$0.11B,$0.06B,52.21%,$0.11B,$0.09B,81.42%,$0.11B,$0.04B,35.40%,$0.11B,$0.02B,20.35%,$0.02B,$0.71B,3.43%,$0.02B,$0.70B,3.47%,$0.02B,$1.44B,1.76%,$0.06B,$1.42B,4.58%,$30,$3,$27,$0,$3,$14,$17,$-6,$10,$0,$10,$10,$7,$26,$17,$72,72,$0.09,$0.09,$10,$0,$0,$20,$1261,$0,$10,$152,$1423,$1443,$4,$711,$14,$726,$730,$1,$0,$7,$713,$1443,$40,$33,$-2,$31,$-0,$0,$0,$-1,$2,$74,$-284,$0,$-0,$0,$-54,$-54,$0,$-339,$155,$0,$155,$82,$78,$-51,$-2,$180,$-86,$1,$-36
4,2017-06-30,14.26,$8.92,1.6,$1.55,9.18,$-5.59,0.0,$0.30,47.55,$0.02B,$0.00B,7.23,$0.68B,$0.45B,1.51,$0.11B,$0.10B,88.07%,$0.11B,$0.06B,51.38%,$0.11B,$0.06B,51.38%,$0.11B,$0.09B,79.82%,$0.11B,$0.04B,36.70%,$0.11B,$0.02B,19.27%,$0.02B,$0.66B,3.27%,$0.02B,$0.65B,3.31%,$0.02B,$1.35B,1.68%,$0.06B,$1.34B,4.58%,$29,$4,$25,$0,$2,$14,$14,$-3,$12,$0,$12,$12,$5,$23,$14,$73,73,$0.07,$0.07,$12,$0,$0,$21,$1204,$0,$9,$118,$1331,$1352,$3,$677,$14,$691,$693,$1,$0,$9,$658,$1352,$30,$24,$-3,$21,$0,$0,$0,$-2,$-1,$50,$-203,$0,$-1,$0,$-29,$-29,$0,$-233,$119,$0,$119,$59,$19,$-38,$-2,$99,$-84,$0,$-27
5,2017-03-31,13.37,$9.70,1.38,$1.52,8.77,$-5.24,0.0,$0.32,41.79,$0.03B,$0.00B,11.23,$0.50B,$0.43B,1.17,$0.10B,$0.09B,88.46%,$0.10B,$0.05B,51.92%,$0.10B,$0.05B,51.92%,$0.10B,$0.08B,79.81%,$0.10B,$0.04B,34.62%,$0.10B,$0.02B,21.15%,$0.02B,$0.70B,3.65%,$0.02B,$0.69B,3.69%,$0.02B,$1.22B,1.86%,$0.05B,$1.20B,4.68%,$27,$3,$24,$0,$2,$14,$14,$-5,$8,$0,$8,$8,$5,$21,$14,$71,71,$0.07,$0.07,$23,$0,$0,$31,$1062,$0,$6,$121,$1189,$1220,$3,$504,$15,$518,$521,$1,$0,$12,$699,$1220,$18,$16,$-1,$15,$0,$0,$0,$-3,$-2,$31,$-52,$0,$-2,$0,$-26,$-26,$0,$-79,$-54,$0,$-54,$38,$55,$-25,$-1,$-25,$-73,$0,$-18
6,2016-12-31,14.13,$8.66,1.63,$1.50,9.44,$-5.74,0.0,$0.33,42.81,$0.04B,$0.00B,14.47,$0.58B,$0.42B,1.39,$0.10B,$0.09B,88.00%,$0.10B,$0.05B,50.00%,$0.10B,$0.05B,50.00%,$0.10B,$0.08B,79.00%,$0.10B,$0.04B,35.00%,$0.10B,$0.02B,22.00%,$0.02B,$0.61B,4.02%,$0.02B,$0.61B,4.07%,$0.02B,$1.21B,1.95%,$0.05B,$1.19B,4.55%,$27,$3,$24,$0,$1,$13,$14,$-4,$10,$0,$10,$10,$6,$22,$14,$70,70,$0.09,$0.09,$31,$0,$0,$40,$1069,$0,$6,$94,$1169,$1210,$3,$582,$14,$596,$599,$1,$0,$10,$611,$1210,$10,$8,$-1,$7,$-0,$0,$0,$-3,$-2,$14,$-52,$0,$-1,$0,$-3,$-3,$0,$-55,$24,$0,$24,$19,$-35,$-13,$-1,$-24,$-65,$0,$-9
7,2016-09-30,13.07,$8.67,1.51,$1.46,8.94,$-5.81,0.0,$0.32,40.84,$0.10B,$0.00B,26.04,$0.56B,$0.41B,1.38,$0.10B,$0.08B,88.42%,$0.10B,$0.05B,49.47%,$0.10B,$0.05B,49.47%,$0.10B,$0.07B,77.89%,$0.10B,$0.03B,33.68%,$0.10B,$0.02B,22.11%,$0.02B,$0.60B,4.13%,$0.02B,$0.59B,4.18%,$0.02B,$1.22B,1.96%,$0.05B,$1.16B,4.51%,$26,$3,$23,$0,$3,$12,$14,$-3,$10,$0,$10,$10,$5,$21,$14,$65,66,$0.06,$0.06,$96,$0,$0,$104,$1013,$0,$6,$100,$1119,$1223,$4,$558,$10,$622,$626,$1,$0,$13,$598,$1223,$32,$27,$-3,$24,$-1,$0,$0,$-4,$-2,$55,$-229,$0,$-2,$0,$4,$4,$0,$-228,$106,$0,$106,$66,$196,$-42,$-3,$257,$84,$1,$-34
8,2016-06-30,12.01,$7.46,1.61,$1.42,8.46,$-5.73,0.0,$0.38,31.59,$0.01B,$0.01B,2.52,$0.57B,$0.39B,1.45,$0.09B,$0.08B,88.89%,$0.09B,$0.05B,50.00%,$0.09B,$0.05B,50.00%,$0.09B,$0.07B,78.89%,$0.09B,$0.03B,30.00%,$0.09B,$0.02B,26.67%,$0.02B,$0.50B,5.10%,$0.02B,$0.50B,5.16%,$0.02B,$1.08B,2.42%,$0.05B,$1.07B,4.60%,$24,$3,$21,$0,$2,$12,$12,$-4,$8,$0,$8,$8,$6,$19,$12,$66,66,$0.09,$0.09,$7,$0,$0,$14,$955,$0,$6,$107,$1069,$1083,$6,$566,$10,$576,$582,$1,$0,$12,$501,$1083,$22,$20,$-1,$19,$0,$0,$0,$-5,$2,$43,$-159,$0,$-1,$0,$-10,$-10,$0,$-170,$107,$0,$107,$47,$47,$-31,$-1,$121,$-5,$0,$-25
9,2016-03-31,10.62,$7.27,1.46,$1.40,7.57,$-6.15,0.0,$0.34,31.24,$0.02B,$0.01B,3.13,$0.51B,$0.37B,1.38,$0.09B,$0.08B,88.51%,$0.09B,$0.04B,48.28%,$0.09B,$0.04B,48.28%,$0.09B,$0.07B,77.01%,$0.09B,$0.02B,27.59%,$0.09B,$0.02B,24.14%,$0.02B,$0.48B,4.63%,$0.02B,$0.47B,4.68%,$0.02B,$1.00B,2.23%,$0.04B,$0.98B,4.53%,$23,$3,$20,$0,$2,$13,$10,$-3,$7,$0,$7,$7,$5,$17,$10,$65,65,$0.08,$0.08,$10,$0,$0,$17,$883,$0,$6,$94,$983,$1000,$5,$506,$11,$517,$523,$1,$0,$2,$477,$1000,$14,$13,$-1,$12,$0,$0,$0,$-6,$2,$28,$-80,$0,$-1,$0,$-6,$-6,$0,$-86,$47,$0,$47,$30,$30,$-21,$-1,$56,$-2,$0,$-16
10,2015-12-31,9.21,$7.19,1.28,$1.37,6.72,$-7.03,0.0,$0.30,30.68,$0.02B,$0.00B,8.3,$0.50B,$0.35B,1.44,$0.08B,$0.07B,89.16%,$0.08B,$0.04B,49.40%,$0.08B,$0.04B,49.40%,$0.08B,$0.06B,77.11%,$0.08B,$0.02B,26.51%,$0.08B,$0.02B,22.89%,$0.02B,$0.46B,4.29%,$0.02B,$0.45B,4.35%,$0.02B,$0.97B,2.10%,$0.04B,$0.96B,4.59%,$22,$2,$20,$0,$1,$11,$11,$-4,$7,$0,$7,$7,$5,$17,$11,$63,63,$0.08,$0.08,$13,$0,$0,$20,$863,$0,$6,$84,$953,$972,$2,$501,$11,$512,$514,$1,$0,$-4,$458,$972,$7,$6,$0,$6,$0,$0,$0,$-4,$-2,$12,$-50,$0,$-1,$0,$-5,$-5,$0,$-56,$42,$0,$42,$14,$14,$-10,$-0,$45,$1,$0,$-8
11,2015-09-30,8.44,$7.18,1.18,$1.33,6.36,$-7.48,0.0,$0.28,30.16,$0.02B,$0.00B,5.8,$0.46B,$0.34B,1.37,$0.08B,$0.07B,88.61%,$0.08B,$0.04B,48.10%,$0.08B,$0.04B,48.10%,$0.08B,$0.06B,75.95%,$0.08B,$0.02B,25.32%,$0.08B,$0.02B,21.52%,$0.02B,$0.45B,3.92%,$0.02B,$0.44B,3.98%,$0.02B,$0.92B,1.97%,$0.04B,$0.91B,4.47%,$21,$2,$19,$0,$2,$9,$12,$-7,$5,$0,$5,$5,$8,$18,$12,$59,59,$0.14,$0.14,$12,$0,$0,$18,$816,$0,$6,$76,$898,$916,$3,$459,$8,$467,$470,$1,$0,$-5,$446,$916,$26,$23,$-5,$18,$1,$0,$0,$-5,$-5,$38,$-191,$0,$-4,$0,$0,$0,$0,$-194,$146,$0,$146,$41,$41,$-36,$-3,$148,$-8,$0,$-27
12,2015-06-30,8.29,$7.20,1.15,$1.32,6.28,$-6.50,0.0,$0.21,39.48,$0.02B,$0.00B,5.2,$0.43B,$0.32B,1.33,$0.08B,$0.07B,88.00%,$0.08B,$0.03B,45.33%,$0.08B,$0.03B,45.33%,$0.08B,$0.05B,72.00%,$0.08B,$0.02B,26.67%,$0.08B,$0.01B,16.00%,$0.01B,$0.44B,2.81%,$0.01B,$0.43B,2.85%,$0.01B,$0.88B,1.47%,$0.03B,$0.87B,4.21%,$21,$3,$18,$0,$2,$11,$9,$-4,$5,$0,$5,$5,$3,$15,$9,$60,60,$0.05,$0.05,$14,$0,$0,$20,$782,$0,$6,$68,$857,$877,$4,$430,$7,$438,$441,$1,$0,$-3,$435,$877,$15,$16,$-0,$16,$0,$0,$0,$-4,$-4,$28,$-157,$0,$-3,$0,$8,$8,$0,$-152,$117,$0,$117,$28,$28,$-27,$-2,$117,$-6,$0,$-20
13,2015-03-31,9.33,$7.31,1.28,$1.31,7.14,$-5.49,0.0,$0.23,40.57,$0.03B,$0.00B,8.56,$0.41B,$0.32B,1.29,$0.07B,$0.06B,88.73%,$0.07B,$0.03B,46.48%,$0.07B,$0.03B,46.48%,$0.07B,$0.05B,73.24%,$0.07B,$0.02B,29.58%,$0.07B,$0.01B,16.90%,$0.01B,$0.43B,2.82%,$0.01B,$0.42B,2.87%,$0.01B,$0.86B,1.53%,$0.03B,$0.84B,4.26%,$19,$2,$17,$0,$2,$10,$9,$-4,$5,$0,$5,$5,$3,$14,$9,$58,58,$0.04,$0.04,$26,$0,$0,$31,$745,$0,$7,$72,$824,$855,$4,$412,$9,$421,$425,$1,$0,$1,$431,$855,$10,$11,$-0,$10,$0,$0,$0,$-4,$-3,$18,$-116,$0,$-2,$0,$8,$8,$0,$-110,$99,$0,$99,$16,$16,$-18,$-1,$97,$5,$0,$-13
14,2014-12-31,9.18,$7.34,1.25,$1.33,6.89,$-5.14,0.0,$0.25,36.73,$0.02B,$0.00B,5.53,$0.37B,$0.31B,1.17,$0.07B,$0.06B,89.71%,$0.07B,$0.03B,47.06%,$0.07B,$0.03B,47.06%,$0.07B,$0.05B,73.53%,$0.07B,$0.02B,30.88%,$0.07B,$0.01B,17.65%,$0.01B,$0.42B,2.96%,$0.01B,$0.42B,3.01%,$0.01B,$0.80B,1.61%,$0.03B,$0.79B,4.36%,$18,$2,$16,$0,$1,$10,$8,$-3,$5,$0,$5,$5,$3,$13,$8,$57,57,$0.06,$0.06,$15,$0,$0,$22,$703,$0,$7,$69,$779,$800,$4,$365,$8,$372,$376,$1,$0,$0,$424,$800,$5,$5,$-0,$5,$0,$0,$0,$-3,$-2,$8,$-69,$0,$-1,$0,$8,$8,$0,$-62,$52,$0,$52,$6,$6,$-9,$-1,$49,$-5,$0,$-7
15,2014-09-30,8.28,$7.38,1.12,$1.37,6.06,$-5.62,0.0,$0.24,34.51,$0.03B,$0.01B,5.18,$0.31B,$0.31B,1.01,$0.07B,$0.06B,89.39%,$0.07B,$0.03B,46.97%,$0.07B,$0.03B,46.97%,$0.07B,$0.05B,74.24%,$0.07B,$0.02B,30.30%,$0.07B,$0.01B,16.67%,$0.01B,$0.42B,2.85%,$0.01B,$0.41B,2.91%,$0.01B,$0.74B,1.53%,$0.03B,$0.73B,4.37%,$17,$2,$15,$0,$2,$9,$8,$-2,$5,$0,$5,$5,$3,$12,$8,$50,50,$0.06,$0.06,$20,$0,$0,$26,$637,$0,$6,$75,$718,$744,$5,$313,$5,$318,$323,$1,$0,$0,$421,$744,$20,$18,$-2,$17,$0,$0,$0,$-3,$-2,$35,$-115,$0,$-3,$0,$-14,$-14,$0,$-132,$41,$0,$41,$97,$97,$-31,$-2,$105,$8,$0,$-22
16,2014-06-30,8.1,$7.52,1.08,$1.37,5.92,$-5.22,0.0,$0.21,38.58,$0.05B,$0.01B,8.98,$0.31B,$0.31B,0.98,$0.06B,$0.06B,90.48%,$0.06B,$0.03B,46.03%,$0.06B,$0.03B,46.03%,$0.06B,$0.05B,74.60%,$0.06B,$0.02B,30.16%,$0.06B,$0.01B,15.87%,$0.01B,$0.42B,2.75%,$0.01B,$0.42B,2.80%,$0.01B,$0.74B,1.45%,$0.03B,$0.73B,4.28%,$17,$2,$15,$0,$2,$9,$8,$-3,$6,$0,$6,$6,$3,$13,$8,$51,51,$0.07,$0.07,$43,$0,$0,$47,$611,$0,$7,$75,$693,$739,$5,$305,$6,$311,$316,$1,$0,$4,$424,$739,$15,$14,$-1,$12,$0,$0,$0,$-1,$2,$29,$-87,$0,$-3,$0,$-12,$-12,$0,$-101,$33,$0,$33,$28,$93,$-22,$-1,$103,$30,$0,$-15
17,2014-03-31,7.58,$7.45,1.02,$1.36,5.56,$-5.07,0.0,$0.19,39.87,$0.02B,$0.00B,4.28,$0.33B,$0.24B,1.38,$0.06B,$0.05B,90.00%,$0.06B,$0.03B,45.00%,$0.06B,$0.03B,45.00%,$0.06B,$0.04B,73.33%,$0.06B,$0.02B,28.33%,$0.06B,$0.01B,15.00%,$0.01B,$0.35B,2.64%,$0.01B,$0.35B,2.70%,$0.01B,$0.70B,1.37%,$0.03B,$0.69B,4.19%,$16,$2,$15,$0,$1,$9,$8,$-3,$5,$0,$5,$5,$3,$12,$8,$47,47,$0.05,$0.05,$11,$0,$0,$15,$609,$0,$7,$67,$683,$698,$3,$334,$7,$341,$345,$0,$0,$3,$353,$698,$9,$9,$-0,$9,$0,$0,$0,$-3,$0,$18,$-80,$0,$-1,$0,$-6,$-6,$0,$-87,$62,$0,$62,$21,$21,$-14,$-0,$68,$-2,$0,$-10
18,2013-12-31,7.11,$7.45,0.95,$1.33,5.34,$-4.54,0.0,$0.26,27.34,$0.02B,$0.00B,4.65,$0.34B,$0.23B,1.48,$0.06B,$0.05B,89.47%,$0.06B,$0.03B,45.61%,$0.06B,$0.03B,45.61%,$0.06B,$0.04B,73.68%,$0.06B,$0.02B,33.33%,$0.06B,$0.01B,19.30%,$0.01B,$0.34B,3.28%,$0.01B,$0.34B,3.36%,$0.01B,$0.70B,1.74%,$0.03B,$0.69B,4.18%,$16,$2,$14,$0,$1,$8,$7,$-3,$4,$0,$4,$4,$2,$12,$7,$45,45,$0.05,$0.05,$8,$0,$0,$15,$609,$0,$8,$66,$682,$698,$3,$344,$7,$351,$354,$0,$0,$0,$344,$698,$4,$4,$-0,$4,$0,$0,$0,$-5,$-1,$7,$-77,$0,$-0,$0,$-10,$-10,$0,$-87,$71,$0,$71,$12,$12,$-7,$-0,$76,$-4,$0,$-5
19,2013-09-30,6.86,$7.55,0.91,$1.31,5.22,$-3.93,0.0,$0.30,22.88,$0.02B,$0.01B,3.04,$0.27B,$0.23B,1.21,$0.06B,$0.05B,89.09%,$0.06B,$0.03B,47.27%,$0.06B,$0.03B,47.27%,$0.06B,$0.04B,72.73%,$0.06B,$0.02B,38.18%,$0.06B,$0.01B,23.64%,$0.01B,$0.34B,3.96%,$0.01B,$0.33B,4.05%,$0.01B,$0.62B,2.13%,$0.03B,$0.61B,4.33%,$14,$2,$13,$0,$1,$8,$6,$-3,$4,$0,$4,$4,$2,$10,$6,$42,42,$0.03,$0.03,$12,$0,$0,$16,$537,$0,$7,$57,$601,$617,$5,$272,$4,$276,$281,$0,$0,$2,$336,$617,$21,$16,$-7,$8,$0,$0,$0,$-2,$-2,$27,$-78,$0,$-2,$0,$20,$20,$0,$-60,$24,$0,$24,$26,$26,$-27,$-2,$21,$-12,$0,$-19
20,2013-06-30,7.24,$7.68,0.94,$1.30,5.56,$-3.82,0.0,$0.29,24.96,$0.02B,$0.01B,3.56,$0.27B,$0.22B,1.2,$0.05B,$0.05B,88.89%,$0.05B,$0.03B,48.15%,$0.05B,$0.03B,48.15%,$0.05B,$0.04B,74.07%,$0.05B,$0.02B,37.04%,$0.05B,$0.01B,22.22%,$0.01B,$0.33B,3.71%,$0.01B,$0.33B,3.80%,$0.01B,$0.61B,2.00%,$0.03B,$0.60B,4.40%,$14,$2,$12,$0,$1,$8,$6,$-2,$4,$0,$4,$4,$2,$10,$6,$43,43,$0.05,$0.05,$13,$0,$0,$18,$522,$0,$7,$59,$588,$606,$5,$265,$4,$269,$274,$0,$0,$4,$332,$606,$18,$12,$-7,$4,$0,$0,$0,$-6,$-5,$17,$-60,$0,$-2,$0,$21,$21,$0,$-41,$17,$0,$17,$16,$16,$-20,$-0,$12,$-12,$0,$-14
21,2013-03-31,7.96,$7.77,1.02,$1.28,6.2,$-3.80,0.0,$0.26,30.6,$0.03B,$0.00B,7.3,$0.27B,$0.22B,1.24,$0.05B,$0.05B,88.68%,$0.05B,$0.03B,47.17%,$0.05B,$0.03B,47.17%,$0.05B,$0.04B,71.70%,$0.05B,$0.02B,33.96%,$0.05B,$0.01B,20.75%,$0.01B,$0.33B,3.44%,$0.01B,$0.32B,3.53%,$0.01B,$0.61B,1.86%,$0.03B,$0.60B,4.29%,$13,$1,$12,$0,$1,$7,$7,$1,$7,$0,$7,$7,$5,$10,$7,$42,42,$0.13,$0.13,$20,$0,$0,$26,$507,$0,$7,$64,$579,$605,$4,$269,$5,$273,$277,$0,$0,$6,$328,$605,$13,$8,$-6,$2,$0,$0,$0,$-6,$-4,$11,$-44,$0,$-1,$0,$16,$16,$0,$-30,$20,$0,$20,$8,$8,$-13,$-1,$14,$-5,$0,$-9
22,2012-12-31,7.19,$7.68,0.94,$1.36,5.28,$-3.85,0.0,$0.31,23.2,$0.02B,$0.00B,4.37,$0.28B,$0.21B,1.37,$0.06B,$0.05B,87.50%,$0.06B,$0.03B,48.21%,$0.06B,$0.03B,48.21%,$0.06B,$0.04B,71.43%,$0.06B,$0.02B,33.93%,$0.06B,$0.01B,23.21%,$0.01B,$0.32B,4.27%,$0.01B,$0.31B,4.39%,$0.01B,$0.61B,2.27%,$0.03B,$0.60B,4.78%,$14,$1,$12,$0,$1,$7,$7,$-1,$6,$0,$6,$6,$4,$10,$7,$41,41,$0.09,$0.09,$10,$0,$0,$15,$508,$0,$8,$79,$595,$610,$4,$284,$4,$288,$292,$0,$0,$4,$318,$610,$6,$4,$-2,$2,$0,$0,$0,$-3,$-2,$5,$-43,$0,$-2,$0,$-5,$-5,$0,$-50,$36,$0,$36,$2,$2,$-7,$-1,$30,$-14,$0,$-5
23,2012-09-30,7.55,$7.76,0.97,$1.36,5.55,$-3.64,0.0,$0.34,22.19,$0.03B,$0.00B,7.23,$0.25B,$0.21B,1.23,$0.05B,$0.05B,88.89%,$0.05B,$0.03B,46.30%,$0.05B,$0.03B,46.30%,$0.05B,$0.04B,72.22%,$0.05B,$0.02B,33.33%,$0.05B,$0.01B,24.07%,$0.01B,$0.32B,4.50%,$0.01B,$0.31B,4.63%,$0.01B,$0.58B,2.38%,$0.03B,$0.57B,4.63%,$13,$1,$12,$0,$2,$7,$6,$-3,$3,$0,$3,$3,$1,$10,$6,$40,40,$0.01,$0.01,$25,$0,$0,$28,$468,$0,$8,$71,$546,$575,$4,$252,$3,$255,$259,$0,$0,$5,$316,$575,$19,$14,$-5,$8,$0,$0,$0,$-2,$-0,$27,$-70,$0,$-2,$0,$-8,$-8,$0,$-81,$15,$0,$15,$29,$84,$-26,$-0,$72,$18,$1,$-21
24,2012-06-30,7.69,$7.89,0.98,$1.37,5.61,$-2.50,0.0,$0.37,20.79,$0.05B,$0.00B,18.98,$0.25B,$0.21B,1.21,$0.05B,$0.05B,86.79%,$0.05B,$0.03B,47.17%,$0.05B,$0.03B,47.17%,$0.05B,$0.04B,71.70%,$0.05B,$0.02B,33.96%,$0.05B,$0.01B,26.42%,$0.01B,$0.32B,5.21%,$0.01B,$0.31B,5.36%,$0.01B,$0.57B,2.68%,$0.03B,$0.57B,4.84%,$13,$1,$11,$0,$1,$8,$5,$-3,$2,$0,$2,$2,$1,$8,$5,$40,40,$0.02,$0.02,$47,$0,$0,$49,$462,$0,$8,$54,$524,$573,$3,$250,$3,$253,$255,$0,$0,$5,$318,$573,$16,$10,$-5,$5,$0,$0,$0,$-0,$1,$21,$-61,$0,$-1,$0,$6,$6,$0,$-56,$13,$0,$13,$27,$83,$-19,$-1,$75,$41,$0,$-16
25,2012-03-31,6.21,$6.61,0.94,$1.40,4.44,$-1.39,0.0,$0.44,14.12,$0.02B,$0.00B,7.01,$0.26B,$0.21B,1.21,$0.05B,$0.05B,86.54%,$0.05B,$0.03B,50.00%,$0.05B,$0.03B,50.00%,$0.05B,$0.04B,75.00%,$0.05B,$0.02B,38.46%,$0.05B,$0.02B,30.77%,$0.02B,$0.27B,6.42%,$0.02B,$0.26B,6.60%,$0.02B,$0.53B,3.21%,$0.03B,$0.52B,5.28%,$16,$2,$14,$0,$1,$7,$9,$-1,$8,$0,$8,$8,$7,$12,$9,$40,40,$0.18,$0.18,$12,$0,$0,$15,$454,$0,$8,$51,$514,$529,$2,$256,$5,$261,$263,$0,$0,$5,$266,$529,$14,$7,$-5,$2,$0,$0,$0,$-1,$0,$16,$-50,$0,$-1,$0,$7,$7,$0,$-43,$19,$0,$19,$27,$27,$-12,$-1,$33,$5,$0,$-10
26,2011-12-31,5.66,$6.45,0.88,$1.35,4.18,$-0.57,0.0,$0.34,16.65,$0.01B,$0.00B,5.1,$0.25B,$0.20B,1.24,$0.05B,$0.04B,85.42%,$0.05B,$0.02B,47.92%,$0.05B,$0.02B,47.92%,$0.05B,$0.04B,75.00%,$0.05B,$0.02B,33.33%,$0.05B,$0.01B,25.00%,$0.01B,$0.26B,4.97%,$0.01B,$0.25B,5.10%,$0.01B,$0.51B,2.47%,$0.02B,$0.51B,4.80%,$12,$1,$11,$0,$1,$7,$5,$-0,$5,$0,$5,$5,$4,$9,$5,$37,37,$0.12,$0.12,$9,$0,$0,$12,$441,$0,$7,$52,$500,$512,$2,$251,$3,$254,$256,$0,$0,$1,$256,$512,$5,$3,$-3,$1,$0,$0,$0,$-1,$-0,$6,$-33,$0,$-1,$0,$1,$1,$0,$-32,$13,$0,$13,$22,$22,$-5,$-1,$29,$2,$0,$-4
27,2011-09-30,4.73,$6.38,0.74,$1.38,3.43,$-0.01,0.0,$0.33,14.34,$0.01B,$0.00B,4.34,$0.24B,$0.18B,1.31,$0.05B,$0.04B,83.33%,$0.05B,$0.02B,47.92%,$0.05B,$0.02B,47.92%,$0.05B,$0.04B,72.92%,$0.05B,$0.02B,33.33%,$0.05B,$0.01B,25.00%,$0.01B,$0.24B,5.09%,$0.01B,$0.23B,5.22%,$0.01B,$0.48B,2.52%,$0.02B,$0.47B,4.89%,$12,$2,$10,$0,$1,$6,$6,$-3,$3,$0,$3,$3,$2,$9,$6,$35,35,$0.04,$0.04,$6,$0,$0,$9,$409,$0,$6,$53,$468,$477,$2,$237,$3,$240,$242,$0,$0,$2,$235,$477,$15,$12,$-5,$7,$0,$0,$0,$-1,$-0,$22,$-20,$0,$-2,$0,$-4,$-4,$-4,$-30,$-7,$0,$-7,$16,$35,$-20,$-1,$8,$-0,$0,$-16
28,2011-06-30,4.86,$6.67,0.73,$1.42,3.42,$-1.05,0.0,$0.35,13.88,$0.01B,$0.00B,5.67,$0.23B,$0.19B,1.24,$0.05B,$0.04B,85.11%,$0.05B,$0.02B,46.81%,$0.05B,$0.02B,46.81%,$0.05B,$0.03B,72.34%,$0.05B,$0.02B,34.04%,$0.05B,$0.01B,25.53%,$0.01B,$0.24B,5.19%,$0.01B,$0.23B,5.33%,$0.01B,$0.48B,2.55%,$0.02B,$0.47B,4.73%,$12,$2,$10,$0,$1,$6,$6,$-2,$4,$0,$4,$4,$3,$9,$6,$35,36,$0.09,$0.09,$8,$0,$0,$10,$406,$0,$5,$55,$466,$477,$2,$232,$3,$235,$237,$0,$0,$10,$240,$477,$13,$9,$-5,$4,$0,$0,$0,$-1,$-1,$16,$-12,$0,$-1,$0,$-1,$-1,$-4,$-18,$-13,$0,$-13,$12,$31,$-15,$-0,$3,$1,$0,$-12
29,2011-03-31,4.56,$6.69,0.68,$1.44,3.16,$-2.25,0.0,$0.31,14.7,$0.01B,$0.00B,5.1,$0.23B,$0.18B,1.29,$0.05B,$0.04B,85.11%,$0.05B,$0.02B,44.68%,$0.05B,$0.02B,44.68%,$0.05B,$0.03B,70.21%,$0.05B,$0.01B,29.79%,$0.05B,$0.01B,23.40%,$0.01B,$0.24B,4.91%,$0.01B,$0.23B,5.05%,$0.01B,$0.47B,2.37%,$0.02B,$0.47B,4.57%,$12,$2,$10,$0,$1,$6,$6,$-2,$4,$0,$4,$4,$3,$9,$6,$35,35,$0.08,$0.08,$7,$0,$0,$10,$409,$0,$6,$50,$464,$474,$2,$233,$4,$237,$239,$0,$0,$9,$235,$474,$9,$6,$-4,$2,$0,$0,$0,$-1,$-0,$11,$-11,$0,$0,$0,$1,$1,$-4,$-14,$-11,$0,$-11,$6,$25,$-10,$-0,$4,$1,$0,$-8
30,2010-12-31,4.56,$6.77,0.67,$1.49,3.05,$-3.32,0.0,$0.32,14.24,$0.01B,$0.00B,4.7,$0.24B,$0.18B,1.34,$0.05B,$0.04B,86.96%,$0.05B,$0.02B,45.65%,$0.05B,$0.02B,45.65%,$0.05B,$0.03B,69.57%,$0.05B,$0.01B,28.26%,$0.05B,$0.01B,23.91%,$0.01B,$0.23B,5.21%,$0.01B,$0.23B,5.37%,$0.01B,$0.48B,2.42%,$0.02B,$0.47B,4.67%,$12,$2,$10,$0,$1,$7,$5,$-0,$5,$0,$5,$5,$4,$8,$5,$34,34,$0.11,$0.11,$8,$0,$0,$11,$410,$0,$6,$50,$466,$477,$2,$239,$3,$242,$244,$0,$0,$11,$233,$477,$5,$3,$-3,$0,$0,$0,$0,$-1,$-1,$4,$-10,$0,$0,$0,$0,$0,$-4,$-14,$-5,$0,$-5,$2,$21,$-5,$-0,$11,$1,$0,$-4
31,2010-09-30,4.05,$6.35,0.64,$1.53,2.64,$-3.83,0.0,$0.28,14.45,$0.01B,$0.00B,4.46,$0.23B,$0.18B,1.28,$0.05B,$0.04B,86.67%,$0.05B,$0.02B,46.67%,$0.05B,$0.02B,46.67%,$0.05B,$0.03B,71.11%,$0.05B,$0.01B,24.44%,$0.05B,$0.01B,20.00%,$0.01B,$0.22B,4.56%,$0.01B,$0.21B,4.71%,$0.01B,$0.45B,2.04%,$0.02B,$0.45B,4.83%,$11,$2,$10,$0,$1,$6,$5,$-2,$3,$0,$3,$3,$2,$8,$5,$30,30,$0.07,$0.07,$7,$0,$0,$9,$390,$0,$6,$49,$445,$454,$2,$234,$3,$237,$239,$0,$0,$10,$216,$454,$11,$11,$-3,$9,$0,$0,$0,$-1,$-1,$19,$-49,$0,$0,$0,$-6,$-6,$-1,$-56,$4,$0,$4,$51,$51,$-16,$-1,$37,$1,$0,$-14
32,2010-06-30,3.67,$6.33,0.58,$1.57,2.34,$-2.38,0.0,$0.27,13.6,$0.01B,$0.00B,6.6,$0.24B,$0.18B,1.33,$0.04B,$0.04B,86.36%,$0.04B,$0.02B,47.73%,$0.04B,$0.02B,47.73%,$0.04B,$0.03B,70.45%,$0.04B,$0.01B,22.73%,$0.04B,$0.01B,20.45%,$0.01B,$0.21B,4.88%,$0.01B,$0.21B,5.05%,$0.01B,$0.45B,2.12%,$0.02B,$0.45B,5.00%,$12,$2,$10,$0,$1,$7,$5,$-2,$2,$0,$2,$2,$2,$8,$5,$32,32,$0.05,$0.05,$11,$0,$0,$14,$391,$0,$6,$44,$440,$454,$2,$237,$4,$240,$242,$0,$0,$7,$212,$454,$8,$8,$-2,$6,$0,$0,$0,$-1,$0,$15,$-49,$0,$0,$0,$-3,$-3,$-1,$-53,$7,$0,$7,$49,$49,$-12,$-1,$43,$5,$0,$-10
33,2010-03-31,4.02,$6.36,0.63,$1.61,2.5,$-0.86,0.0,$0.27,14.9,$0.01B,$0.00B,5.02,$0.25B,$0.15B,1.65,$0.04B,$0.04B,88.10%,$0.04B,$0.02B,50.00%,$0.04B,$0.02B,50.00%,$0.04B,$0.03B,71.43%,$0.04B,$0.01B,23.81%,$0.04B,$0.01B,19.05%,$0.01B,$0.18B,4.71%,$0.01B,$0.18B,4.88%,$0.01B,$0.44B,1.96%,$0.02B,$0.43B,5.21%,$11,$2,$10,$0,$1,$6,$6,$-2,$3,$0,$3,$3,$3,$8,$6,$28,28,$0.09,$0.09,$7,$0,$0,$9,$382,$0,$6,$38,$426,$435,$2,$247,$3,$250,$252,$0,$0,$8,$183,$435,$6,$5,$-1,$4,$0,$0,$0,$-0,$-0,$10,$-41,$0,$0,$0,$2,$2,$-1,$-39,$22,$0,$22,$17,$17,$-7,$-1,$31,$1,$0,$-6
34,2009-12-31,3.41,$6.31,0.54,$1.63,2.09,$0.57,5.96,$0.10,34.15,$0.01B,$0.00B,3.79,$0.24B,$0.15B,1.63,$0.04B,$0.04B,87.80%,$0.04B,$0.02B,48.78%,$0.04B,$0.02B,48.78%,$0.04B,$0.03B,73.17%,$0.04B,$0.01B,14.63%,$0.04B,$0.00B,7.32%,$0.00B,$0.18B,1.86%,$0.00B,$0.17B,1.93%,$0.00B,$0.42B,0.76%,$0.02B,$0.41B,5.14%,$11,$2,$9,$0,$1,$6,$5,$-3,$3,$0,$3,$3,$2,$8,$5,$27,27,$0.07,$0.07,$9,$0,$0,$11,$367,$0,$6,$35,$407,$418,$3,$235,$3,$238,$241,$0,$0,$4,$178,$418,$3,$3,$-0,$2,$0,$0,$0,$-1,$-1,$4,$-23,$0,$0,$0,$2,$2,$0,$-21,$10,$0,$10,$14,$14,$-4,$-0,$19,$3,$0,$-3
35,2009-09-30,3.06,$6.40,0.48,$1.66,1.85,$1.39,2.21,$-0.04,0.0,$0.01B,$0.00B,3.97,$0.23B,$0.13B,1.71,$0.04B,$0.04B,90.00%,$0.04B,$0.02B,50.00%,$0.04B,$0.02B,50.00%,$0.04B,$0.03B,75.00%,$0.04B,$0.00B,5.00%,$0.04B,$-0.00B,-2.50%,$-0.00B,$0.17B,-0.64%,$-0.00B,$0.16B,-0.67%,$-0.00B,$0.40B,-0.26%,$0.02B,$0.39B,5.27%,$10,$2,$9,$0,$1,$5,$5,$-3,$2,$0,$2,$2,$2,$7,$5,$25,25,$0.07,$0.07,$6,$0,$0,$8,$346,$0,$6,$35,$387,$395,$2,$225,$3,$228,$230,$0,$0,$4,$165,$395,$2,$11,$7,$17,$0,$0,$0,$-0,$1,$20,$-8,$0,$0,$0,$-3,$-3,$0,$-12,$4,$0,$4,$3,$3,$-13,$-1,$-7,$1,$0,$-11
36,2009-06-30,2.46,$6.08,0.41,$1.68,1.47,$0.70,3.5,$0.12,20.54,$0.01B,$0.00B,6.13,$0.23B,$0.12B,1.87,$0.04B,$0.04B,85.37%,$0.04B,$0.02B,48.78%,$0.04B,$0.02B,48.78%,$0.04B,$0.03B,73.17%,$0.04B,$0.00B,4.88%,$0.04B,$0.00B,4.88%,$0.00B,$0.15B,1.30%,$0.00B,$0.15B,1.36%,$0.00B,$0.39B,0.52%,$0.02B,$0.38B,5.31%,$10,$2,$9,$0,$1,$5,$5,$-3,$2,$0,$2,$2,$1,$7,$5,$25,25,$0.05,$0.05,$8,$0,$0,$10,$342,$0,$6,$29,$377,$387,$2,$225,$3,$232,$233,$0,$0,$-3,$154,$387,$-0,$8,$7,$15,$0,$0,$0,$0,$1,$15,$-3,$0,$0,$0,$-3,$-3,$0,$-7,$4,$0,$4,$1,$1,$-10,$-1,$-5,$3,$0,$-8
37,2009-03-31,2.65,$5.98,0.44,$1.67,1.58,$0.18,14.69,$0.25,10.58,$0.01B,$0.00B,5.96,$0.22B,$0.12B,1.93,$0.04B,$0.03B,82.93%,$0.04B,$0.02B,48.78%,$0.04B,$0.02B,48.78%,$0.04B,$0.03B,73.17%,$0.04B,$0.00B,4.88%,$0.04B,$0.01B,12.20%,$0.01B,$0.15B,3.21%,$0.01B,$0.14B,3.36%,$0.01B,$0.38B,1.30%,$0.02B,$0.37B,5.32%,$10,$2,$9,$0,$1,$5,$5,$-6,$-1,$0,$-1,$-1,$-2,$8,$5,$25,25,$-0.08,$-0.08,$9,$0,$0,$11,$344,$0,$6,$20,$371,$381,$2,$224,$3,$230,$232,$0,$0,$-8,$149,$381,$-2,$5,$7,$12,$0,$0,$0,$-0,$1,$10,$-2,$0,$0,$0,$-1,$-1,$0,$-3,$2,$0,$2,$0,$0,$-7,$-0,$-4,$3,$0,$-5
38,2008-12-31,2.73,$6.17,0.44,$1.64,1.66,$-0.43,0.0,$0.32,8.54,$0.01B,$0.00B,4.22,$0.22B,$0.12B,1.86,$0.04B,$0.03B,80.49%,$0.04B,$0.02B,48.78%,$0.04B,$0.02B,48.78%,$0.04B,$0.03B,70.73%,$0.04B,$0.00B,7.32%,$0.04B,$0.01B,17.07%,$0.01B,$0.15B,4.42%,$0.01B,$0.15B,4.63%,$0.01B,$0.38B,1.83%,$0.02B,$0.38B,5.34%,$10,$2,$9,$0,$1,$5,$5,$-6,$-1,$0,$-1,$-1,$-2,$8,$5,$25,25,$-0.07,$-0.07,$5,$0,$0,$7,$349,$0,$7,$21,$376,$383,$2,$222,$3,$229,$230,$0,$0,$-9,$153,$383,$-1,$3,$3,$6,$0,$0,$0,$-0,$0,$5,$-2,$0,$0,$0,$-1,$-1,$0,$-3,$1,$0,$1,$0,$0,$-3,$-0,$-2,$-0,$0,$-3
39,2008-09-30,2.92,$6.51,0.45,$1.62,1.8,$-0.93,0.0,$0.35,8.34,$0.01B,$0.00B,4.13,$0.22B,$0.13B,1.75,$0.04B,$0.03B,78.05%,$0.04B,$0.02B,48.78%,$0.04B,$0.02B,48.78%,$0.04B,$0.03B,68.29%,$0.04B,$0.00B,9.76%,$0.04B,$0.01B,19.51%,$0.01B,$0.16B,4.98%,$0.01B,$0.15B,5.28%,$0.01B,$0.39B,2.10%,$0.02B,$0.38B,5.38%,$11,$2,$8,$0,$1,$6,$5,$-3,$2,$0,$2,$2,$5,$7,$5,$24,24,$0.22,$0.22,$5,$0,$0,$8,$347,$0,$7,$27,$381,$389,$2,$221,$2,$227,$229,$0,$0,$-6,$160,$389,$11,$10,$-3,$7,$0,$0,$0,$-0,$-1,$17,$-23,$0,$0,$0,$-17,$-17,$0,$-40,$30,$0,$30,$1,$1,$-14,$-1,$16,$-6,$0,$-12
40,2008-06-30,2.3,$6.64,0.35,$1.57,1.46,$-1.24,0.0,$0.36,6.4,$0.01B,$0.00B,8.26,$0.22B,$0.13B,1.67,$0.04B,$0.03B,81.58%,$0.04B,$0.02B,47.37%,$0.04B,$0.02B,47.37%,$0.04B,$0.03B,71.05%,$0.04B,$0.00B,7.89%,$0.04B,$0.01B,21.05%,$0.01B,$0.16B,4.92%,$0.01B,$0.15B,5.28%,$0.01B,$0.38B,2.13%,$0.02B,$0.38B,4.91%,$10,$1,$8,$0,$1,$5,$5,$-3,$2,$0,$2,$2,$4,$7,$5,$24,24,$0.18,$0.18,$12,$0,$0,$14,$330,$0,$8,$32,$370,$384,$2,$215,$2,$220,$222,$0,$0,$-2,$162,$384,$5,$7,$1,$8,$0,$0,$0,$-0,$-1,$13,$-14,$0,$0,$0,$-11,$-11,$-6,$-32,$23,$0,$23,$1,$1,$-11,$-0,$13,$-6,$0,$-9
41,2008-03-31,2.77,$6.61,0.42,$1.50,1.85,$-1.21,0.0,$0.26,10.67,$0.01B,$0.00B,3.05,$0.21B,$0.13B,1.64,$0.03B,$0.03B,85.29%,$0.03B,$0.02B,47.06%,$0.03B,$0.02B,47.06%,$0.03B,$0.03B,73.53%,$0.03B,$0.00B,8.82%,$0.03B,$0.01B,17.65%,$0.01B,$0.16B,3.86%,$0.01B,$0.15B,4.12%,$0.01B,$0.38B,1.75%,$0.02B,$0.37B,4.76%,$10,$1,$8,$0,$1,$5,$5,$-4,$0,$0,$0,$0,$-0,$7,$5,$24,24,$-0.01,$-0.01,$7,$0,$0,$9,$333,$0,$7,$26,$367,$375,$3,$207,$3,$213,$216,$0,$0,$-1,$159,$375,$0,$5,$4,$9,$0,$0,$0,$1,$1,$10,$-16,$0,$0,$0,$-6,$-6,$0,$-22,$15,$0,$15,$0,$0,$-8,$-0,$8,$-5,$0,$-6
42,2007-12-31,2.7,$6.77,0.4,$1.44,1.88,$-1.02,0.0,$0.30,9.01,$0.01B,$0.00B,3.65,$0.20B,$0.13B,1.57,$0.03B,$0.03B,87.10%,$0.03B,$0.01B,45.16%,$0.03B,$0.01B,45.16%,$0.03B,$0.02B,74.19%,$0.03B,$0.01B,16.13%,$0.03B,$0.01B,22.58%,$0.01B,$0.16B,4.67%,$0.01B,$0.15B,4.98%,$0.01B,$0.37B,2.22%,$0.01B,$0.36B,4.54%,$10,$1,$8,$0,$1,$5,$5,$-5,$-0,$0,$-0,$-0,$-1,$7,$5,$24,24,$-0.04,$-0.04,$6,$0,$0,$9,$331,$0,$15,$18,$364,$373,$3,$202,$2,$208,$211,$0,$0,$-1,$162,$373,$-0,$3,$2,$5,$0,$0,$0,$-1,$-1,$4,$-13,$0,$0,$0,$-3,$-3,$0,$-16,$10,$0,$10,$0,$0,$-4,$0,$6,$-5,$0,$-4
43,2007-09-30,2.71,$6.98,0.39,$1.38,1.97,$-0.87,0.0,$0.41,6.6,$0.01B,$0.00B,6.06,$0.19B,$0.13B,1.43,$0.03B,$0.03B,89.29%,$0.03B,$0.01B,42.86%,$0.03B,$0.01B,42.86%,$0.03B,$0.02B,75.00%,$0.03B,$0.01B,21.43%,$0.03B,$0.01B,35.71%,$0.01B,$0.17B,6.96%,$0.01B,$0.15B,7.30%,$0.01B,$0.37B,3.48%,$0.01B,$0.36B,4.26%,$8,$1,$7,$0,$1,$5,$3,$-3,$1,$0,$1,$1,$5,$6,$3,$21,21,$0.22,$0.22,$11,$0,$0,$14,$321,$0,$14,$17,$353,$367,$2,$192,$2,$197,$200,$0,$0,$-0,$167,$367,$11,$8,$-5,$3,$0,$0,$0,$-0,$-0,$13,$-25,$0,$0,$0,$-1,$-1,$0,$-26,$4,$0,$4,$0,$32,$-15,$0,$22,$9,$0,$-13
44,2007-06-30,2.7,$6.64,0.41,$1.26,2.15,$-1.56,0.0,$0.18,14.97,$0.01B,$0.00B,5.47,$0.12B,$0.10B,1.2,$0.03B,$0.02B,88.00%,$0.03B,$0.01B,48.00%,$0.03B,$0.01B,48.00%,$0.03B,$0.02B,76.00%,$0.03B,$0.01B,20.00%,$0.03B,$0.01B,24.00%,$0.01B,$0.13B,4.65%,$0.01B,$0.13B,4.82%,$0.01B,$0.26B,2.34%,$0.01B,$0.26B,4.77%,$6,$1,$6,$0,$1,$3,$3,$-1,$2,$0,$2,$2,$2,$5,$3,$20,20,$0.08,$0.08,$12,$0,$0,$14,$219,$0,$5,$22,$246,$260,$2,$121,$2,$123,$125,$0,$0,$0,$134,$260,$5,$5,$-0,$4,$0,$0,$0,$-1,$-1,$8,$-9,$0,$0,$0,$-1,$-1,$0,$-11,$-9,$0,$-9,$0,$32,$-10,$-0,$12,$10,$0,$-9
45,2007-03-31,2.58,$6.74,0.38,$1.26,2.04,$-2.16,0.0,$0.18,14.36,$0.01B,$0.00B,7.1,$0.12B,$0.10B,1.15,$0.03B,$0.02B,88.00%,$0.03B,$0.01B,48.00%,$0.03B,$0.01B,48.00%,$0.03B,$0.02B,76.00%,$0.03B,$0.01B,20.00%,$0.03B,$0.01B,24.00%,$0.01B,$0.14B,4.90%,$0.01B,$0.13B,5.08%,$0.01B,$0.26B,2.42%,$0.01B,$0.26B,4.91%,$7,$1,$6,$0,$1,$4,$3,$-2,$2,$0,$2,$2,$1,$5,$3,$20,20,$0.04,$0.04,$10,$0,$0,$12,$224,$0,$5,$18,$247,$259,$2,$118,$2,$121,$123,$0,$0,$1,$136,$259,$3,$3,$0,$3,$0,$0,$0,$0,$0,$7,$-8,$0,$0,$0,$-3,$-3,$0,$-12,$-12,$0,$-12,$0,$32,$-7,$-0,$13,$8,$0,$-6
46,2006-12-31,2.45,$6.84,0.36,$1.27,1.93,$-2.84,0.0,$0.24,10.2,$0.02B,$0.00B,7.13,$0.12B,$0.11B,1.14,$0.03B,$0.02B,88.00%,$0.03B,$0.01B,48.00%,$0.03B,$0.01B,48.00%,$0.03B,$0.02B,76.00%,$0.03B,$0.01B,20.00%,$0.03B,$0.01B,28.00%,$0.01B,$0.14B,6.09%,$0.01B,$0.13B,6.32%,$0.01B,$0.26B,2.90%,$0.01B,$0.26B,5.06%,$7,$1,$6,$0,$1,$3,$3,$-2,$1,$0,$1,$1,$2,$5,$3,$20,20,$0.07,$0.07,$14,$0,$0,$16,$225,$0,$5,$17,$247,$263,$2,$120,$2,$123,$125,$0,$0,$1,$138,$263,$2,$2,$-0,$2,$0,$0,$0,$-1,$-0,$3,$-7,$0,$0,$0,$-2,$-2,$0,$-10,$-10,$0,$-10,$0,$32,$-3,$0,$19,$12,$0,$-3
