,Date,Stock Price,Book Value per Share,Price to Book Ratio,TTM Sales per Share,Price to Sales Ratio,TTM FCF per Share,Price to FCF Ratio,TTM Net EPS,PE Ratio,Current Assets,Current Liabilities,Current Ratio,Long Term Debt,Shareholder's Equity_x,Debt to Equity Ratio,TTM Revenue_x,TTM Gross Profit,Gross Margin,TTM Revenue_y,TTM Operating Income,Operating Margin,TTM Revenue_x,TTM EBIT,EBIT Margin,TTM Revenue_y,TTM EBITDA,EBITDA Margin,TTM Revenue_x,TTM Pre-Tax Income,Pre-Tax Margin,TTM Revenue_y,TTM Net Income_x,Net Margin,TTM Net Income_y,Shareholder's Equity_y,Return on Equity,TTM Net Income_x,Tangible Equity,Return on Tangible Equity,TTM Net Income_y,Total Assets,Return on Assets,TTM Net Income,LT Investments & Debt,Return on Investment,revenue,cost-goods-sold,gross-profit,research-development-expenses,selling-general-administrative-expenses,operating-expenses,operating-income,total-non-operating-income-expense,pre-tax-income,total-provision-income-taxes,income-after-taxes,income-from-continuous-operations,net-income,ebitda,ebit,basic-shares-outstanding,shares-outstanding,eps-basic-net-earnings-per-share,eps-earnings-per-share-diluted,cash-on-hand,inventory,other-current-assets,total-current-assets,net-property-plant-equipment,long-term-investments,goodwill-intangible-assets-total,other-long-term-assets,total-long-term-assets,total-assets,total-current-liabilities,long-term-debt,other-non-current-liabilities,total-long-term-liabilities,total-liabilities,common-stock-net,retained-earnings-accumulated-deficit,comprehensive-income,total-share-holder-equity,total-liabilities-share-holders-equity,net-income-loss,total-depreciation-amortization-cash-flow,other-non-cash-items,total-non-cash-items,change-in-accounts-receivable,change-in-inventories,change-in-accounts-payable,change-in-assets-liabilities,total-change-in-assets-liabilities,cash-flow-from-operating-activities,net-change-in-property-plant-equipment,net-change-in-intangible-assets,net-acquisitions-divestitures,net-change-in-short-term-investments,net-change-in-long-term-investments,net-change-in-investments-total,investing-activities-other,cash-flow-from-investing-activities,net-long-term-debt,net-current-debt,debt-issuance-retirement-net-total,net-common-equity-issued-repurchased,net-total-equity-issued-repurchased,total-common-preferred-stock-dividends-paid,financial-activities-other,cash-flow-from-financial-activities,net-cash-flow,stock-based-compensation,common-stock-dividends-paid
0,2018-09-30,58.28,$7.04,8.28,$6.49,8.97,$4.03,14.47,$1.69,34.49,$2.15B,$0.66B,3.28,$0.00B,$3.89B,0.0,$3.69B,$2.25B,60.84%,$3.69B,$1.25B,33.71%,$3.69B,$1.25B,33.71%,$3.69B,$1.30B,35.23%,$3.69B,$1.25B,33.87%,$3.69B,$0.96B,25.86%,$0.96B,$3.89B,25.02%,$0.96B,$1.52B,65.99%,$0.96B,$4.87B,20.16%,$1.25B,$3.89B,32.62%,$1016,$409,$608,$0,$268,$677,$340,$3,$343,$75,$268,$268,$268,$354,$340,$553,560,$0.48,$0.48,$1172,$262,$0,$2153,$243,$2,$2374,$15,$2719,$4871,$656,$0,$3,$322,$978,$3,$3676,$-30,$3893,$4871,$754,$42,$42,$84,$-174,$-10,$40,$-29,$-17,$821,$-46,$-6,$0,$0,$216,$216,$-10,$154,$-1,$0,$-1,$-781,$-781,$0,$0,$-782,$185,$42,$0
1,2018-06-30,57.3,$6.53,8.78,$6.25,9.16,$3.89,14.72,$1.59,36.04,$1.83B,$0.61B,2.98,$0.00B,$3.61B,0.0,$3.59B,$2.21B,61.60%,$3.59B,$1.22B,34.08%,$3.59B,$1.22B,34.08%,$3.59B,$1.28B,35.61%,$3.59B,$1.23B,34.27%,$3.59B,$0.91B,25.26%,$0.91B,$3.61B,23.93%,$0.91B,$1.23B,63.88%,$0.91B,$4.54B,19.30%,$1.22B,$3.61B,32.28%,$1016,$396,$620,$0,$263,$658,$358,$0,$358,$88,$270,$270,$270,$372,$358,$560,566,$0.48,$0.48,$871,$276,$0,$1829,$241,$0,$2371,$16,$2713,$4542,$614,$0,$2,$323,$937,$3,$3408,$-25,$3605,$4542,$486,$28,$28,$56,$-149,$-23,$25,$-27,$-41,$501,$-31,$-0,$0,$0,$465,$465,$-8,$426,$-1,$0,$-1,$-792,$-792,$0,$0,$-793,$131,$28,$0
2,2018-03-31,57.21,$6.89,8.3,$6.03,9.49,$3.92,14.61,$1.50,38.14,$2.04B,$0.53B,3.82,$0.00B,$3.88B,0.0,$3.48B,$2.17B,62.47%,$3.48B,$1.21B,34.92%,$3.48B,$1.21B,34.92%,$3.48B,$1.27B,36.44%,$3.48B,$1.22B,35.03%,$3.48B,$0.86B,24.71%,$0.86B,$3.88B,22.44%,$0.86B,$1.51B,58.73%,$0.86B,$4.74B,18.16%,$1.21B,$3.88B,31.71%,$851,$336,$515,$0,$235,$571,$280,$2,$282,$66,$216,$216,$216,$294,$280,$566,574,$0.38,$0.38,$1097,$269,$0,$2039,$231,$3,$2368,$13,$2702,$4740,$534,$0,$2,$331,$865,$3,$3138,$-14,$3876,$4740,$216,$14,$13,$27,$-69,$-11,$-23,$-25,$-94,$149,$-10,$0,$0,$0,$87,$87,$-2,$76,$-1,$0,$-1,$-245,$-245,$0,$0,$-246,$-17,$13,$0
3,2017-12-31,63.29,$6.88,9.2,$5.82,10.87,$3.97,15.93,$1.43,44.26,$2.09B,$0.56B,3.72,$0.00B,$3.90B,0.0,$3.37B,$2.14B,63.48%,$3.37B,$1.20B,35.57%,$3.37B,$1.20B,35.57%,$3.37B,$1.25B,37.05%,$3.37B,$1.20B,35.66%,$3.37B,$0.82B,24.38%,$0.82B,$3.90B,21.94%,$0.82B,$1.53B,59.60%,$0.82B,$4.79B,17.72%,$1.20B,$3.90B,32.01%,$810,$307,$504,$0,$236,$543,$267,$1,$268,$67,$201,$201,$201,$281,$267,$567,577,$0.36,$0.34,$1202,$256,$0,$2086,$230,$2,$2366,$14,$2705,$4791,$560,$0,$1,$335,$896,$3,$2928,$-17,$3895,$4791,$821,$49,$119,$168,$17,$-89,$30,$104,$-1,$988,$-82,$-10,$0,$0,$-439,$-439,$-1,$-532,$-3,$0,$-3,$-309,$-309,$0,$0,$-311,$151,$52,$0
4,2017-09-30,55.25,$6.68,8.27,$5.67,9.74,$2.26,24.45,$1.38,40.04,$1.93B,$0.60B,3.24,$0.00B,$3.77B,0.0,$3.31B,$2.13B,64.37%,$3.31B,$1.18B,35.72%,$3.31B,$1.18B,35.72%,$3.31B,$1.23B,37.14%,$3.31B,$1.18B,35.63%,$3.31B,$0.79B,23.94%,$0.79B,$3.77B,22.02%,$0.79B,$1.40B,64.13%,$0.79B,$4.71B,17.72%,$1.18B,$3.77B,32.85%,$909,$340,$570,$0,$252,$592,$317,$4,$321,$103,$219,$219,$219,$330,$317,$568,578,$0.39,$0.38,$1096,$213,$0,$1934,$225,$7,$2365,$18,$2775,$4709,$598,$0,$1,$343,$941,$3,$2727,$-16,$3768,$4709,$619,$35,$41,$76,$-69,$-47,$25,$104,$95,$790,$-67,$-5,$0,$0,$-410,$-410,$-1,$-483,$-2,$0,$-2,$-222,$-222,$0,$0,$-224,$88,$39,$0
5,2017-06-30,49.68,$6.65,7.47,$5.45,9.11,$0.44,113.94,$1.33,37.35,$1.88B,$0.56B,3.35,$0.00B,$3.78B,0.0,$3.19B,$2.07B,64.71%,$3.19B,$1.16B,36.23%,$3.19B,$1.16B,36.23%,$3.19B,$1.20B,37.64%,$3.19B,$1.15B,35.98%,$3.19B,$0.77B,24.01%,$0.77B,$3.78B,21.83%,$0.77B,$1.41B,66.94%,$0.77B,$4.68B,17.59%,$1.16B,$3.78B,32.95%,$907,$324,$583,$0,$233,$557,$350,$-3,$347,$125,$223,$223,$223,$362,$350,$568,578,$0.39,$0.39,$1102,$191,$0,$1880,$212,$49,$2365,$21,$2804,$4684,$561,$0,$0,$347,$908,$3,$2508,$-17,$3776,$4684,$401,$23,$27,$50,$-77,$-25,$9,$110,$82,$533,$-40,$0,$0,$0,$-114,$-114,$-1,$-155,$-1,$0,$-1,$19,$19,$0,$0,$17,$400,$26,$0
6,2017-03-31,46.17,$6.22,7.43,$5.23,8.83,$-1.16,0.0,$1.24,37.23,$1.62B,$0.47B,3.44,$0.00B,$3.53B,0.0,$3.11B,$2.00B,64.29%,$3.11B,$1.10B,35.20%,$3.11B,$1.10B,35.20%,$3.11B,$1.14B,36.58%,$3.11B,$1.09B,35.00%,$3.11B,$0.73B,23.37%,$0.73B,$3.53B,21.62%,$0.73B,$1.17B,72.85%,$0.73B,$4.35B,17.33%,$1.10B,$3.53B,32.57%,$742,$261,$481,$0,$217,$478,$264,$1,$265,$87,$178,$178,$178,$275,$264,$572,582,$0.31,$0.31,$786,$171,$0,$1617,$190,$0,$2365,$20,$2733,$4350,$470,$0,$0,$350,$820,$3,$2286,$-22,$3530,$4350,$178,$11,$15,$26,$6,$-8,$-19,$-16,$-11,$193,$-19,$-1,$0,$0,$13,$13,$-0,$-6,$-1,$0,$-1,$14,$14,$0,$0,$13,$199,$13,$0
7,2016-12-31,44.34,$5.88,7.54,$5.05,8.78,$-1.30,0.0,$1.19,37.16,$1.43B,$0.47B,3.04,$0.00B,$3.33B,0.0,$3.05B,$1.94B,63.69%,$3.05B,$1.09B,35.62%,$3.05B,$1.09B,35.62%,$3.05B,$1.13B,36.96%,$3.05B,$1.08B,35.39%,$3.05B,$0.71B,23.38%,$0.71B,$3.33B,19.13%,$0.71B,$0.97B,46.68%,$0.71B,$4.15B,15.58%,$1.09B,$3.33B,29.13%,$754,$256,$498,$0,$246,$502,$252,$-5,$247,$74,$173,$173,$173,$263,$252,$588,600,$0.29,$0.30,$598,$162,$0,$1432,$173,$2,$2364,$22,$2721,$4153,$471,$0,$0,$353,$824,$3,$2108,$-23,$3330,$4153,$713,$41,$27,$67,$-106,$21,$45,$7,$-79,$701,$-787,$-6,$0,$-152,$689,$537,$0,$-256,$-2,$0,$-2,$-2236,$-2236,$0,$0,$-2238,$-1798,$46,$0
8,2016-09-30,48.94,$5.95,8.23,$4.91,9.97,$-0.31,0.0,$1.12,43.83,$1.55B,$0.47B,3.28,$0.00B,$3.40B,0.0,$2.94B,$1.85B,62.82%,$2.94B,$1.06B,36.12%,$2.94B,$1.06B,36.12%,$2.94B,$1.10B,37.48%,$2.94B,$1.06B,36.09%,$2.94B,$0.68B,23.10%,$0.68B,$3.40B,16.57%,$0.68B,$1.03B,32.93%,$0.68B,$4.24B,13.77%,$1.06B,$3.40B,25.92%,$788,$285,$503,$0,$213,$498,$290,$-1,$289,$98,$192,$192,$192,$301,$290,$571,583,$0.34,$0.33,$599,$168,$0,$1550,$145,$10,$2364,$26,$2686,$4236,$473,$0,$0,$365,$838,$1,$1935,$-15,$3398,$4236,$540,$30,$32,$62,$-121,$18,$22,$8,$-181,$421,$-755,$-4,$0,$-378,$871,$493,$0,$-267,$-2,$0,$-2,$-1992,$-1992,$0,$0,$-1994,$-1834,$34,$0
9,2016-06-30,53.57,$5.59,9.58,$4.77,11.23,$0.79,68.11,$1.07,50.23,$1.29B,$0.50B,2.6,$0.00B,$3.19B,0.0,$2.91B,$1.81B,62.19%,$2.91B,$1.06B,36.54%,$2.91B,$1.06B,36.54%,$2.91B,$1.10B,37.85%,$2.91B,$1.06B,36.44%,$2.91B,$0.66B,22.76%,$0.66B,$3.19B,15.00%,$0.66B,$0.83B,26.08%,$0.66B,$4.04B,12.55%,$1.06B,$3.19B,24.09%,$827,$310,$518,$0,$229,$539,$289,$-0,$288,$104,$184,$184,$184,$299,$289,$603,615,$0.31,$0.30,$479,$174,$0,$1293,$103,$0,$2366,$16,$2745,$4038,$497,$0,$0,$348,$846,$1,$1743,$-14,$3192,$4038,$348,$19,$21,$41,$-105,$12,$35,$-5,$-141,$248,$-706,$-5,$0,$-153,$868,$716,$-2,$3,$-1,$0,$-1,$-1994,$-1994,$0,$0,$-1995,$-1741,$22,$0
10,2016-03-31,44.46,$8.20,5.43,$4.70,9.46,$1.80,24.72,$1.19,37.47,$3.79B,$0.54B,7.02,$0.00B,$4.99B,0.0,$2.78B,$1.69B,60.73%,$2.78B,$1.14B,41.07%,$2.78B,$1.14B,41.07%,$2.78B,$1.18B,42.33%,$2.78B,$1.14B,40.96%,$2.78B,$0.71B,25.47%,$0.71B,$4.99B,14.64%,$0.71B,$3.28B,22.69%,$0.71B,$5.88B,12.38%,$1.14B,$4.99B,23.61%,$680,$257,$423,$0,$168,$425,$255,$1,$255,$91,$164,$164,$164,$264,$255,$609,621,$0.27,$0.26,$3036,$166,$0,$3793,$99,$7,$1708,$14,$2091,$5883,$541,$0,$0,$351,$892,$1,$1559,$-15,$4992,$5883,$164,$9,$10,$19,$-60,$-8,$36,$-10,$-73,$110,$-8,$-2,$0,$-152,$396,$244,$0,$234,$-1,$0,$-1,$2,$2,$0,$0,$2,$353,$10,$0
11,2015-12-31,49.65,$7.90,6.28,$4.81,10.33,$1.82,27.24,$0.93,53.2,$3.60B,$0.41B,8.77,$0.00B,$4.81B,0.0,$2.72B,$1.63B,59.93%,$2.72B,$0.89B,32.79%,$2.72B,$0.89B,32.79%,$2.72B,$0.93B,33.97%,$2.72B,$0.89B,32.72%,$2.72B,$0.55B,20.09%,$0.55B,$4.81B,13.86%,$0.55B,$3.10B,20.65%,$0.55B,$5.57B,11.48%,$0.89B,$4.81B,22.63%,$645,$242,$403,$0,$175,$417,$228,$1,$229,$91,$139,$139,$139,$238,$228,$566,578,$0.25,$0.24,$2920,$156,$0,$3600,$97,$15,$1708,$11,$1972,$5571,$410,$0,$0,$352,$762,$3,$1395,$-22,$4809,$5571,$547,$31,$-310,$-279,$-77,$-7,$21,$-48,$255,$523,$-35,$173,$198,$-2034,$2098,$64,$-0,$400,$-1,$0,$-1,$889,$889,$0,$0,$888,$1805,$33,$0
12,2015-09-30,45.05,$7.65,5.89,$4.85,9.29,$2.07,21.77,$0.95,47.42,$3.75B,$0.51B,7.43,$0.00B,$4.66B,0.0,$2.68B,$1.56B,58.16%,$2.68B,$0.86B,31.97%,$2.68B,$0.86B,31.97%,$2.68B,$0.89B,33.01%,$2.68B,$0.85B,31.82%,$2.68B,$0.53B,19.86%,$0.53B,$4.66B,17.07%,$0.53B,$2.94B,23.80%,$0.53B,$5.60B,13.83%,$0.86B,$4.66B,27.47%,$757,$291,$465,$0,$174,$465,$291,$-3,$288,$114,$175,$175,$175,$300,$291,$615,624,$0.28,$0.28,$2785,$160,$0,$3751,$95,$34,$1716,$8,$1853,$5604,$505,$0,$0,$445,$949,$1,$1256,$-21,$4655,$5604,$408,$22,$-253,$-231,$-132,$-9,$75,$-43,$175,$352,$-25,$174,$198,$-1760,$1005,$-755,$-1,$-409,$-1,$0,$-1,$932,$932,$0,$0,$931,$870,$24,$0
13,2015-06-30,44.67,$7.88,5.67,$4.85,9.21,$2.29,19.51,$0.90,49.46,$3.92B,$0.49B,7.97,$0.00B,$4.86B,0.0,$2.56B,$1.44B,56.11%,$2.56B,$0.76B,29.54%,$2.56B,$0.76B,29.54%,$2.56B,$0.78B,30.51%,$2.56B,$0.76B,29.46%,$2.56B,$0.48B,18.73%,$0.48B,$4.86B,20.82%,$0.48B,$3.14B,26.10%,$0.48B,$5.79B,16.44%,$0.76B,$4.86B,32.83%,$694,$299,$395,$0,$190,$328,$366,$-1,$365,$136,$229,$229,$229,$373,$366,$531,544,$0.43,$0.42,$2931,$181,$0,$3922,$93,$52,$1716,$8,$1869,$5792,$492,$0,$0,$445,$937,$1,$1082,$-19,$4855,$5792,$233,$13,$10,$23,$-95,$-29,$72,$-44,$-96,$161,$-16,$176,$198,$-944,$481,$-463,$-1,$-106,$-1,$0,$-1,$1277,$1277,$0,$0,$1276,$1326,$15,$0
14,2015-03-31,46.13,$2.88,16.04,$4.89,9.43,$2.49,18.52,$0.75,61.24,$1.84B,$0.55B,3.35,$0.00B,$1.47B,0.0,$2.56B,$1.42B,55.63%,$2.56B,$0.61B,23.75%,$2.56B,$0.61B,23.75%,$2.56B,$0.63B,24.69%,$2.56B,$0.61B,23.71%,$2.56B,$0.39B,15.34%,$0.39B,$1.47B,27.88%,$0.39B,$1.42B,29.00%,$0.39B,$2.09B,20.48%,$0.61B,$1.47B,43.16%,$627,$258,$369,$0,$361,$619,$8,$1,$9,$4,$4,$4,$4,$14,$8,$510,521,$0.01,$0.01,$1010,$198,$18,$1842,$88,$41,$52,$7,$243,$2085,$549,$0,$0,$67,$617,$1,$2335,$-21,$1468,$2085,$4,$6,$6,$13,$-68,$-27,$43,$-46,$86,$103,$-5,$-2,$0,$-118,$254,$136,$0,$130,$-0,$0,$-0,$-232,$-232,$0,$0,$-232,$-8,$6,$0
15,2014-12-31,36.12,$3.01,11.99,$4.72,7.65,$2.55,14.19,$0.93,38.98,$1.65B,$0.36B,4.65,$0.00B,$1.52B,0.0,$2.47B,$1.34B,54.36%,$2.47B,$0.75B,30.34%,$2.47B,$0.75B,30.34%,$2.47B,$0.77B,31.32%,$2.47B,$0.75B,30.26%,$2.47B,$0.48B,19.59%,$0.48B,$1.52B,36.73%,$0.48B,$1.46B,38.43%,$0.48B,$1.94B,26.96%,$0.75B,$1.52B,56.88%,$606,$274,$332,$0,$139,$413,$193,$-1,$192,$67,$125,$125,$125,$199,$193,$502,523,$0.25,$0.23,$1151,$175,$18,$1653,$90,$43,$51,$7,$286,$1939,$356,$0,$0,$68,$424,$1,$2331,$-11,$1515,$1939,$483,$26,$18,$44,$-10,$43,$11,$-7,$70,$597,$-27,$-3,$0,$-1131,$719,$-411,$1,$-440,$-2,$0,$-2,$9,$9,$0,$0,$7,$159,$29,$0
16,2014-09-30,30.56,$2.76,11.08,$4.60,6.64,$2.05,14.9,$0.83,36.67,$1.62B,$0.37B,4.36,$0.00B,$1.39B,0.0,$2.40B,$1.29B,53.54%,$2.40B,$0.69B,28.75%,$2.40B,$0.69B,28.75%,$2.40B,$0.71B,29.75%,$2.40B,$0.69B,28.58%,$2.40B,$0.43B,18.08%,$0.43B,$1.39B,36.65%,$0.43B,$1.34B,38.66%,$0.43B,$1.86B,26.12%,$0.69B,$1.39B,58.26%,$636,$294,$342,$0,$152,$446,$190,$-1,$189,$67,$122,$122,$122,$196,$190,$502,523,$0.24,$0.23,$996,$205,$18,$1617,$88,$28,$49,$8,$245,$1863,$371,$0,$0,$106,$476,$1,$2205,$-6,$1386,$1863,$358,$19,$3,$22,$-44,$13,$30,$-10,$27,$407,$-19,$-2,$0,$-762,$558,$-204,$1,$-223,$-1,$0,$-1,$7,$7,$0,$12,$17,$197,$23,$0
17,2014-06-30,23.68,$2.50,9.46,$4.52,5.24,$1.79,13.22,$0.78,30.48,$1.49B,$0.41B,3.67,$0.00B,$1.26B,0.0,$2.35B,$1.25B,53.10%,$2.35B,$0.65B,27.66%,$2.35B,$0.65B,27.66%,$2.35B,$0.68B,28.72%,$2.35B,$0.65B,27.53%,$2.35B,$0.40B,17.16%,$0.40B,$1.26B,37.49%,$0.40B,$1.19B,39.90%,$0.40B,$1.77B,25.67%,$0.65B,$1.26B,60.40%,$687,$308,$379,$0,$163,$471,$216,$0,$216,$75,$141,$141,$141,$222,$216,$501,522,$0.28,$0.27,$827,$208,$0,$1487,$91,$52,$66,$9,$282,$1769,$405,$0,$0,$109,$513,$1,$2084,$-1,$1256,$1769,$236,$13,$12,$25,$-98,$14,$36,$-7,$-2,$259,$-15,$-1,$0,$-422,$328,$-94,$1,$-108,$-1,$0,$-1,$8,$8,$0,$3,$10,$162,$15,$0
18,2014-03-31,23.15,$2.20,10.52,$4.41,5.25,$1.49,15.56,$0.71,32.45,$1.36B,$0.38B,3.56,$0.00B,$1.10B,0.0,$2.30B,$1.21B,52.52%,$2.30B,$0.61B,26.72%,$2.30B,$0.61B,26.72%,$2.30B,$0.64B,27.81%,$2.30B,$0.61B,26.46%,$2.30B,$0.37B,16.10%,$0.37B,$1.10B,37.84%,$0.37B,$1.04B,40.47%,$0.37B,$1.59B,25.32%,$0.61B,$1.10B,62.80%,$536,$249,$287,$0,$138,$387,$149,$0,$149,$54,$95,$95,$95,$155,$149,$501,521,$0.19,$0.18,$751,$204,$0,$1355,$92,$8,$66,$10,$238,$1594,$380,$0,$0,$110,$491,$1,$1943,$-1,$1103,$1594,$95,$6,$4,$11,$-42,$17,$6,$-9,$30,$136,$-10,$0,$0,$-188,$153,$-35,$1,$-44,$-1,$0,$-1,$6,$6,$0,$3,$8,$101,$7,$0
19,2013-12-31,22.59,$1.98,11.39,$4.32,5.23,$1.32,17.16,$0.65,34.57,$1.18B,$0.32B,3.74,$0.00B,$0.99B,0.0,$2.25B,$1.17B,52.18%,$2.25B,$0.57B,25.47%,$2.25B,$0.57B,25.47%,$2.25B,$0.60B,26.54%,$2.25B,$0.56B,25.11%,$2.25B,$0.34B,15.05%,$0.34B,$0.99B,38.53%,$0.34B,$0.93B,41.43%,$0.34B,$1.42B,25.05%,$0.57B,$0.99B,65.20%,$541,$264,$277,$0,$142,$406,$135,$-3,$132,$56,$76,$76,$76,$141,$135,$500,520,$0.15,$0.14,$614,$221,$0,$1183,$88,$10,$66,$10,$237,$1421,$316,$0,$0,$112,$428,$1,$1847,$-1,$992,$1421,$339,$23,$-11,$12,$-50,$-22,$-8,$-2,$-9,$342,$-32,$-11,$0,$-557,$265,$-293,$-4,$-340,$-2,$0,$-2,$-46,$-46,$0,$30,$-18,$-11,$29,$0
20,2013-09-30,17.42,$1.91,9.12,$4.14,4.21,$1.17,14.94,$0.64,27.35,$1.28B,$0.44B,2.92,$0.00B,$0.96B,0.0,$2.18B,$1.14B,52.32%,$2.18B,$0.55B,25.31%,$2.18B,$0.55B,25.31%,$2.18B,$0.57B,26.37%,$2.18B,$0.54B,24.99%,$2.18B,$0.33B,15.16%,$0.33B,$0.96B,41.76%,$0.33B,$0.90B,45.11%,$0.33B,$1.51B,26.29%,$0.55B,$0.96B,69.72%,$590,$283,$307,$0,$156,$439,$151,$-1,$151,$59,$92,$92,$92,$158,$151,$502,522,$0.18,$0.18,$603,$247,$0,$1278,$88,$10,$64,$10,$233,$1512,$438,$0,$0,$113,$551,$1,$1771,$-1,$960,$1512,$263,$16,$-12,$4,$-108,$-47,$34,$-8,$9,$276,$-24,$-9,$0,$-393,$187,$-206,$-8,$-247,$-1,$0,$-1,$5,$5,$0,$30,$34,$65,$22,$0
21,2013-06-30,20.28,$1.70,11.89,$3.99,5.08,$1.03,19.65,$0.62,32.88,$1.09B,$0.35B,3.16,$0.00B,$0.86B,0.0,$2.13B,$1.11B,51.95%,$2.13B,$0.54B,25.41%,$2.13B,$0.54B,25.41%,$2.13B,$0.56B,26.40%,$2.13B,$0.53B,25.08%,$2.13B,$0.32B,15.22%,$0.32B,$0.86B,41.93%,$0.32B,$0.80B,45.22%,$0.32B,$1.32B,26.85%,$0.54B,$0.86B,70.01%,$631,$295,$336,$0,$157,$452,$179,$-3,$176,$69,$107,$107,$107,$185,$179,$499,520,$0.21,$0.21,$432,$234,$0,$1094,$84,$12,$60,$7,$224,$1318,$346,$0,$0,$116,$462,$1,$1679,$-3,$856,$1318,$170,$10,$-18,$-8,$-110,$-34,$17,$-2,$-63,$100,$-14,$-5,$0,$-155,$107,$-47,$-5,$-71,$-1,$0,$-1,$3,$3,$0,$29,$31,$61,$14,$0
22,2013-03-31,15.91,$1.41,11.28,$3.84,4.15,$1.03,15.47,$0.61,26.23,$0.94B,$0.33B,2.84,$0.00B,$0.70B,0.0,$2.09B,$1.08B,51.51%,$2.09B,$0.53B,25.44%,$2.09B,$0.53B,25.44%,$2.09B,$0.55B,26.40%,$2.09B,$0.53B,25.25%,$2.09B,$0.33B,15.64%,$0.33B,$0.70B,38.21%,$0.33B,$0.64B,40.79%,$0.33B,$1.15B,25.59%,$0.53B,$0.70B,62.17%,$484,$232,$252,$0,$145,$377,$107,$-2,$105,$42,$63,$63,$63,$112,$107,$497,518,$0.13,$0.12,$345,$215,$0,$937,$75,$14,$58,$4,$211,$1147,$330,$0,$0,$116,$446,$1,$1572,$-1,$701,$1147,$63,$5,$4,$9,$-78,$-14,$7,$-4,$-26,$46,$-9,$-3,$0,$-69,$66,$-3,$-0,$-15,$-0,$0,$-0,$-11,$-11,$0,$0,$-11,$20,$7,$0
23,2012-12-31,17.61,$1.30,13.59,$3.72,4.74,$1.00,17.66,$0.62,28.4,$0.84B,$0.29B,2.89,$0.00B,$0.64B,0.0,$2.06B,$1.07B,51.70%,$2.06B,$0.55B,26.72%,$2.06B,$0.55B,26.72%,$2.06B,$0.57B,27.69%,$2.06B,$0.55B,26.67%,$2.06B,$0.34B,16.49%,$0.34B,$0.64B,35.89%,$0.34B,$0.59B,37.97%,$0.34B,$1.04B,25.02%,$0.55B,$0.64B,58.17%,$472,$228,$244,$0,$130,$358,$114,$-2,$112,$44,$68,$68,$68,$119,$114,$521,549,$0.14,$0.13,$320,$203,$0,$835,$69,$21,$55,$4,$208,$1043,$289,$0,$0,$110,$399,$1,$1509,$2,$644,$1043,$340,$21,$6,$26,$-18,$-48,$4,$-10,$-78,$288,$-43,$-6,$0,$-597,$918,$320,$0,$272,$-2,$0,$-2,$-717,$-717,$0,$20,$-699,$-137,$28,$0
24,2012-09-30,18.02,$1.73,10.41,$3.59,5.02,$1.10,16.35,$0.61,29.7,$1.13B,$0.32B,3.56,$0.00B,$0.89B,0.0,$2.00B,$1.04B,51.80%,$2.00B,$0.54B,27.00%,$2.00B,$0.54B,27.00%,$2.00B,$0.56B,28.00%,$2.00B,$0.54B,27.15%,$2.00B,$0.34B,16.85%,$0.34B,$0.89B,32.69%,$0.34B,$0.84B,34.36%,$0.34B,$1.32B,23.43%,$0.54B,$0.89B,52.38%,$542,$268,$274,$0,$133,$401,$141,$1,$141,$55,$86,$86,$86,$146,$141,$525,552,$0.16,$0.16,$591,$194,$0,$1129,$58,$20,$53,$4,$190,$1319,$317,$0,$0,$112,$429,$1,$1441,$1,$890,$1319,$272,$15,$19,$34,$-71,$-39,$28,$-4,$-88,$218,$-26,$-4,$0,$-557,$666,$109,$0,$79,$-2,$0,$-2,$-378,$-378,$0,$4,$-376,$-76,$22,$0
25,2012-06-30,23.73,$2.24,10.57,$3.46,6.86,$1.13,20.92,$0.60,39.77,$1.41B,$0.30B,4.72,$0.00B,$1.19B,0.0,$1.93B,$1.01B,52.35%,$1.93B,$0.53B,27.47%,$1.93B,$0.53B,27.47%,$1.93B,$0.55B,28.50%,$1.93B,$0.53B,27.57%,$1.93B,$0.33B,17.23%,$0.33B,$1.19B,31.97%,$0.33B,$1.14B,33.54%,$0.33B,$1.60B,23.56%,$0.53B,$1.19B,50.97%,$593,$286,$307,$0,$137,$423,$170,$-0,$170,$60,$110,$110,$110,$175,$170,$529,559,$0.21,$0.20,$870,$199,$0,$1414,$56,$21,$51,$4,$187,$1602,$300,$0,$0,$114,$414,$1,$1355,$-2,$1188,$1602,$186,$10,$13,$23,$-88,$-44,$45,$-2,$-99,$110,$-20,$-3,$0,$-397,$361,$-36,$0,$-58,$-1,$0,$-1,$6,$6,$0,$3,$8,$60,$14,$0
26,2012-03-31,20.7,$2.02,10.25,$3.22,6.43,$1.17,17.66,$0.55,37.62,$1.28B,$0.29B,4.46,$0.00B,$1.07B,0.0,$1.80B,$0.95B,52.66%,$1.80B,$0.49B,27.36%,$1.80B,$0.49B,27.36%,$1.80B,$0.51B,28.47%,$1.80B,$0.50B,27.52%,$1.80B,$0.31B,17.04%,$0.31B,$1.07B,31.25%,$0.31B,$1.02B,32.85%,$0.31B,$1.47B,23.24%,$0.49B,$1.07B,50.19%,$455,$213,$241,$0,$115,$328,$126,$0,$127,$51,$76,$76,$76,$131,$126,$524,556,$0.15,$0.14,$811,$179,$0,$1284,$56,$22,$49,$4,$186,$1471,$288,$0,$0,$115,$403,$1,$1245,$1,$1067,$1471,$76,$5,$8,$13,$-34,$-34,$16,$-1,$-53,$37,$-14,$-1,$0,$-191,$185,$-5,$0,$-20,$-1,$0,$-1,$3,$3,$0,$0,$3,$32,$7,$0
27,2011-12-31,15.36,$1.87,8.2,$3.04,5.06,$1.16,13.21,$0.51,30.01,$1.18B,$0.27B,4.45,$0.00B,$0.98B,0.0,$1.70B,$0.89B,52.50%,$1.70B,$0.46B,26.72%,$1.70B,$0.46B,26.72%,$1.70B,$0.47B,27.83%,$1.70B,$0.46B,26.89%,$1.70B,$0.29B,16.79%,$0.29B,$0.98B,30.79%,$0.29B,$0.93B,32.43%,$0.29B,$1.36B,23.13%,$0.46B,$0.98B,48.98%,$410,$196,$214,$0,$111,$307,$103,$1,$105,$40,$65,$65,$65,$108,$103,$529,560,$0.12,$0.12,$771,$156,$0,$1183,$45,$23,$48,$4,$180,$1362,$266,$0,$0,$117,$383,$1,$1169,$-2,$979,$1362,$286,$17,$16,$33,$-57,$-4,$26,$-12,$15,$334,$-25,$-5,$0,$-583,$440,$-143,$0,$-173,$-2,$0,$-2,$-156,$-156,$0,$4,$-154,$4,$19,$0
28,2011-09-30,14.55,$1.78,8.18,$2.88,5.06,$1.00,14.56,$0.48,30.1,$1.04B,$0.17B,6.26,$0.00B,$0.93B,0.0,$1.61B,$0.84B,52.36%,$1.61B,$0.43B,26.80%,$1.61B,$0.43B,26.80%,$1.61B,$0.45B,27.85%,$1.61B,$0.43B,26.86%,$1.61B,$0.27B,16.75%,$0.27B,$0.93B,30.29%,$0.27B,$0.89B,31.93%,$0.27B,$1.22B,22.83%,$0.43B,$0.93B,48.47%,$475,$224,$250,$0,$118,$343,$132,$-1,$131,$49,$82,$82,$82,$137,$132,$528,560,$0.16,$0.15,$699,$164,$0,$1039,$44,$27,$47,$4,$180,$1218,$166,$0,$0,$120,$286,$0,$1104,$-2,$933,$1218,$222,$12,$6,$18,$-70,$-12,$55,$-3,$-7,$233,$-20,$-4,$0,$-449,$301,$-148,$1,$-171,$-1,$0,$-1,$-131,$-131,$0,$3,$-129,$-68,$13,$0
29,2011-06-30,13.49,$1.79,7.55,$2.71,4.97,$0.91,14.82,$0.46,29.55,$1.05B,$0.16B,6.51,$0.00B,$0.95B,0.0,$1.52B,$0.79B,52.17%,$1.52B,$0.41B,26.88%,$1.52B,$0.41B,26.88%,$1.52B,$0.42B,27.87%,$1.52B,$0.41B,26.94%,$1.52B,$0.25B,16.73%,$0.25B,$0.95B,29.94%,$0.25B,$0.90B,31.58%,$0.25B,$1.23B,22.38%,$0.41B,$0.95B,48.08%,$462,$218,$244,$0,$112,$330,$132,$0,$133,$49,$84,$84,$84,$137,$132,$531,562,$0.16,$0.15,$699,$157,$0,$1054,$41,$30,$47,$4,$179,$1234,$162,$0,$0,$121,$283,$0,$1022,$2,$950,$1234,$139,$8,$7,$14,$-87,$-2,$43,$-5,$-30,$124,$-12,$-3,$0,$-228,$208,$-21,$1,$-35,$-1,$0,$-1,$-28,$-28,$0,$1,$-27,$63,$8,$0
30,2011-03-31,10.04,$1.61,6.24,$2.55,3.94,$0.93,10.79,$0.42,23.81,$0.96B,$0.16B,6.16,$0.00B,$0.85B,0.0,$1.42B,$0.74B,52.11%,$1.42B,$0.39B,27.14%,$1.42B,$0.39B,27.14%,$1.42B,$0.40B,27.99%,$1.42B,$0.39B,27.14%,$1.42B,$0.23B,16.46%,$0.23B,$0.85B,29.98%,$0.23B,$0.81B,31.71%,$0.23B,$1.13B,21.92%,$0.39B,$0.85B,49.46%,$356,$171,$186,$0,$97,$268,$88,$0,$89,$34,$55,$55,$55,$92,$88,$534,562,$0.10,$0.10,$594,$174,$0,$956,$39,$30,$45,$3,$176,$1132,$155,$0,$0,$123,$278,$0,$937,$1,$854,$1132,$55,$4,$3,$7,$-51,$-20,$21,$-5,$-38,$24,$-6,$-2,$0,$-81,$41,$-40,$-0,$-49,$-0,$0,$-0,$-35,$-35,$0,$0,$-35,$-59,$4,$0
31,2010-12-31,8.71,$1.55,5.62,$2.34,3.73,$1.02,8.55,$0.38,22.83,$0.96B,$0.19B,4.97,$0.00B,$0.83B,0.0,$1.30B,$0.68B,52.15%,$1.30B,$0.35B,26.76%,$1.30B,$0.35B,26.76%,$1.30B,$0.36B,27.53%,$1.30B,$0.35B,26.76%,$1.30B,$0.21B,16.26%,$0.21B,$0.83B,29.20%,$0.21B,$0.79B,30.92%,$0.21B,$1.15B,20.99%,$0.35B,$0.83B,48.07%,$319,$154,$164,$0,$85,$239,$80,$0,$80,$31,$49,$49,$49,$83,$80,$531,558,$0.09,$0.09,$599,$153,$0,$963,$35,$44,$43,$3,$184,$1147,$194,$0,$0,$125,$319,$1,$882,$0,$828,$1147,$212,$12,$6,$18,$-8,$-45,$33,$-8,$-0,$229,$-12,$-10,$0,$-257,$69,$-189,$-1,$-213,$-0,$0,$-0,$-3,$-3,$0,$12,$9,$26,$17,$0
32,2010-09-30,7.77,$1.43,5.42,$2.28,3.41,$0.87,8.97,$0.39,20.01,$0.84B,$0.14B,6.03,$0.00B,$0.76B,0.0,$1.28B,$0.67B,52.59%,$1.28B,$0.36B,27.82%,$1.28B,$0.36B,27.82%,$1.28B,$0.36B,28.53%,$1.28B,$0.36B,27.90%,$1.28B,$0.22B,16.93%,$0.22B,$0.76B,32.47%,$0.22B,$0.72B,34.44%,$0.22B,$1.03B,23.40%,$0.36B,$0.76B,53.36%,$381,$184,$198,$0,$90,$274,$108,$-0,$107,$41,$66,$66,$66,$111,$108,$530,557,$0.13,$0.12,$534,$149,$0,$843,$33,$46,$42,$2,$184,$1027,$140,$0,$0,$125,$265,$0,$833,$-1,$762,$1027,$163,$8,$8,$16,$-24,$-41,$43,$-6,$-8,$171,$-8,$-9,$0,$-90,$120,$30,$0,$13,$-0,$0,$-0,$-13,$-13,$0,$10,$-3,$181,$13,$0
33,2010-06-30,6.52,$1.28,5.08,$2.14,3.05,$0.76,8.56,$0.37,17.7,$0.77B,$0.16B,4.84,$0.00B,$0.68B,0.0,$1.20B,$0.64B,53.03%,$1.20B,$0.34B,28.26%,$1.20B,$0.34B,28.26%,$1.20B,$0.35B,28.93%,$1.20B,$0.34B,28.43%,$1.20B,$0.21B,17.21%,$0.21B,$0.68B,33.66%,$0.21B,$0.64B,35.72%,$0.21B,$0.97B,23.88%,$0.34B,$0.68B,55.28%,$366,$172,$193,$0,$84,$256,$110,$0,$110,$46,$64,$64,$64,$112,$110,$532,558,$0.12,$0.12,$472,$139,$0,$769,$32,$59,$40,$3,$196,$965,$159,$0,$0,$128,$286,$0,$767,$-4,$678,$965,$96,$5,$6,$11,$-25,$-33,$40,$-8,$19,$127,$-4,$-6,$0,$-90,$69,$-21,$0,$-31,$-0,$0,$-0,$-19,$-19,$0,$7,$-12,$82,$9,$0
34,2010-03-31,7.23,$1.19,6.05,$2.01,3.6,$0.58,12.5,$0.35,20.46,$0.70B,$0.14B,5.15,$0.00B,$0.64B,0.0,$1.14B,$0.61B,53.39%,$1.14B,$0.32B,28.41%,$1.14B,$0.32B,28.41%,$1.14B,$0.33B,29.02%,$1.14B,$0.33B,28.58%,$1.14B,$0.20B,17.59%,$0.20B,$0.64B,34.31%,$0.20B,$0.60B,36.38%,$0.20B,$0.90B,24.33%,$0.32B,$0.64B,55.40%,$238,$114,$125,$0,$74,$187,$51,$1,$52,$19,$33,$33,$33,$53,$51,$530,558,$0.06,$0.06,$437,$119,$0,$699,$32,$64,$37,$4,$202,$901,$136,$0,$0,$129,$265,$0,$703,$-2,$636,$901,$33,$3,$-2,$1,$-9,$-11,$35,$-4,$35,$68,$-1,$-3,$0,$-45,$19,$-26,$0,$-31,$-0,$0,$-0,$5,$5,$0,$6,$11,$48,$5,$0
35,2009-12-31,6.4,$1.11,5.79,$2.01,3.19,$0.45,14.33,$0.37,17.38,$0.59B,$0.08B,6.99,$0.00B,$0.59B,0.0,$1.14B,$0.61B,53.54%,$1.14B,$0.34B,29.57%,$1.14B,$0.34B,29.57%,$1.14B,$0.34B,30.10%,$1.14B,$0.34B,29.40%,$1.14B,$0.21B,18.29%,$0.21B,$0.59B,38.33%,$0.21B,$0.55B,40.66%,$0.21B,$0.80B,26.79%,$0.34B,$0.59B,61.99%,$291,$136,$155,$0,$69,$205,$86,$1,$87,$33,$53,$53,$53,$88,$86,$540,568,$0.10,$0.09,$347,$108,$0,$586,$33,$81,$34,$1,$215,$800,$84,$0,$0,$131,$215,$0,$670,$-5,$585,$800,$209,$6,$12,$18,$8,$9,$-2,$-10,$-71,$156,$-23,$-5,$0,$-75,$97,$22,$1,$-4,$-2,$0,$-2,$-84,$-84,$0,$3,$-82,$72,$14,$0
36,2009-09-30,6.12,$1.05,5.84,$1.93,3.17,$0.54,11.31,$0.23,26.62,$0.59B,$0.11B,5.46,$0.00B,$0.56B,0.0,$1.11B,$0.60B,53.80%,$1.11B,$0.21B,19.26%,$1.11B,$0.21B,19.26%,$1.11B,$0.22B,19.71%,$1.11B,$0.21B,19.08%,$1.11B,$0.13B,12.03%,$0.13B,$0.56B,26.18%,$0.13B,$0.53B,27.81%,$0.13B,$0.80B,17.26%,$0.21B,$0.56B,41.93%,$308,$143,$165,$0,$72,$215,$93,$-0,$93,$36,$57,$57,$57,$95,$93,$541,568,$0.11,$0.10,$348,$124,$0,$589,$28,$88,$32,$2,$213,$801,$108,$0,$0,$133,$240,$0,$617,$-5,$561,$801,$155,$4,$12,$16,$39,$-7,$3,$-7,$-48,$123,$-16,$-3,$0,$-60,$63,$3,$1,$-16,$-1,$0,$-1,$-49,$-49,$0,$2,$-48,$61,$10,$0
37,2009-06-30,5.14,$1.01,5.08,$1.88,2.74,$0.58,8.86,$0.22,23.38,$0.58B,$0.10B,5.68,$0.00B,$0.55B,0.0,$1.08B,$0.58B,53.46%,$1.08B,$0.20B,18.65%,$1.08B,$0.20B,18.65%,$1.08B,$0.21B,19.02%,$1.08B,$0.20B,18.65%,$1.08B,$0.13B,11.82%,$0.13B,$0.55B,25.79%,$0.13B,$0.52B,27.34%,$0.13B,$0.79B,17.53%,$0.20B,$0.55B,40.71%,$300,$138,$162,$0,$69,$207,$93,$0,$93,$36,$57,$57,$57,$94,$93,$544,572,$0.11,$0.10,$314,$117,$0,$580,$24,$88,$30,$2,$207,$786,$102,$0,$0,$134,$236,$0,$561,$-6,$550,$786,$99,$2,$8,$10,$10,$-1,$-7,$-9,$-78,$31,$-10,$-1,$0,$-30,$33,$3,$1,$-8,$-1,$0,$-1,$1,$1,$0,$2,$3,$26,$6,$0
38,2009-03-31,6.0,$0.89,6.72,$1.83,3.28,$0.67,9.02,$0.21,29.27,$0.53B,$0.11B,4.89,$0.00B,$0.49B,0.0,$1.07B,$0.56B,52.86%,$1.07B,$0.19B,17.56%,$1.07B,$0.19B,17.56%,$1.07B,$0.19B,17.93%,$1.07B,$0.19B,17.84%,$1.07B,$0.12B,11.36%,$0.12B,$0.49B,25.58%,$0.12B,$0.46B,27.11%,$0.12B,$0.73B,17.70%,$0.19B,$0.49B,39.53%,$244,$114,$130,$0,$64,$178,$66,$-3,$63,$22,$42,$42,$42,$67,$66,$543,572,$0.08,$0.07,$284,$110,$0,$533,$18,$87,$29,$2,$200,$733,$109,$0,$0,$138,$247,$0,$503,$-8,$485,$733,$42,$1,$5,$6,$16,$6,$-8,$-0,$-52,$-4,$-3,$-1,$0,$0,$27,$27,$1,$23,$-0,$0,$-0,$1,$1,$0,$1,$2,$22,$3,$0
39,2008-12-31,5.59,$0.81,6.94,$1.76,3.17,$0.72,7.76,$0.18,31.05,$0.56B,$0.19B,3.0,$0.00B,$0.44B,0.0,$1.03B,$0.54B,52.08%,$1.03B,$0.16B,15.88%,$1.03B,$0.16B,15.88%,$1.03B,$0.17B,16.26%,$1.03B,$0.17B,16.75%,$1.03B,$0.11B,10.45%,$0.11B,$0.44B,23.24%,$0.11B,$0.41B,24.60%,$0.11B,$0.76B,16.71%,$0.16B,$0.44B,35.29%,$254,$116,$138,$0,$178,$294,$-39,$1,$-38,$-14,$-23,$-23,$-23,$-38,$-39,$555,585,$-0.04,$-0.04,$286,$116,$0,$561,$14,$90,$28,$2,$201,$762,$187,$0,$0,$138,$326,$0,$462,$-11,$436,$762,$108,$3,$-34,$-31,$-55,$-20,$8,$94,$122,$199,$-7,$-4,$0,$-25,$182,$157,$-2,$144,$-1,$0,$-1,$-101,$-101,$0,$4,$-98,$244,$14,$0
40,2008-09-30,5.04,$0.93,5.44,$1.74,2.89,$0.61,8.24,$0.30,16.9,$0.48B,$0.09B,5.4,$0.00B,$0.51B,0.0,$1.03B,$0.53B,51.27%,$1.03B,$0.27B,26.02%,$1.03B,$0.27B,26.02%,$1.03B,$0.27B,26.41%,$1.03B,$0.28B,27.19%,$1.03B,$0.18B,17.15%,$0.18B,$0.51B,38.16%,$0.18B,$0.49B,40.32%,$0.18B,$0.64B,29.72%,$0.27B,$0.51B,57.89%,$285,$136,$149,$0,$68,$203,$82,$2,$84,$31,$52,$52,$52,$83,$82,$554,581,$0.10,$0.09,$271,$110,$0,$477,$11,$110,$26,$1,$163,$640,$88,$0,$0,$38,$126,$0,$485,$-3,$514,$640,$131,$3,$6,$8,$9,$-12,$4,$-7,$-3,$136,$-4,$-1,$0,$0,$160,$160,$0,$155,$-1,$0,$-1,$-48,$-48,$0,$2,$-47,$244,$10,$0
41,2008-06-30,4.8,$0.83,5.81,$1.67,2.88,$0.53,9.02,$0.29,16.85,$0.43B,$0.11B,4.13,$0.00B,$0.46B,0.0,$0.99B,$0.51B,51.11%,$0.99B,$0.26B,26.11%,$0.99B,$0.26B,26.11%,$0.99B,$0.26B,26.52%,$0.99B,$0.27B,27.43%,$0.99B,$0.17B,17.21%,$0.17B,$0.46B,39.98%,$0.17B,$0.43B,42.42%,$0.17B,$0.60B,30.40%,$0.26B,$0.46B,60.67%,$282,$136,$146,$0,$68,$204,$78,$3,$81,$31,$50,$50,$50,$79,$78,$557,588,$0.09,$0.09,$205,$123,$0,$434,$9,$115,$25,$1,$166,$600,$105,$0,$0,$38,$143,$0,$433,$-3,$457,$600,$79,$2,$3,$4,$-2,$-25,$15,$-8,$-10,$73,$-2,$-1,$0,$0,$147,$147,$-0,$145,$-1,$0,$-1,$-49,$-49,$0,$2,$-47,$171,$6,$0
42,2008-03-31,5.88,$0.81,7.3,$1.60,3.67,$0.50,11.84,$0.27,22.2,$0.37B,$0.09B,3.97,$0.00B,$0.45B,0.0,$0.95B,$0.49B,51.21%,$0.95B,$0.24B,25.34%,$0.95B,$0.24B,25.34%,$0.95B,$0.25B,25.76%,$0.95B,$0.25B,26.60%,$0.95B,$0.16B,16.61%,$0.16B,$0.45B,40.91%,$0.16B,$0.43B,43.65%,$0.16B,$0.58B,30.22%,$0.24B,$0.45B,62.39%,$212,$107,$105,$0,$62,$169,$43,$4,$46,$18,$29,$29,$29,$44,$43,$560,594,$0.05,$0.05,$159,$110,$0,$369,$9,$164,$24,$1,$214,$584,$93,$0,$0,$39,$132,$0,$382,$-3,$452,$584,$29,$1,$1,$2,$-0,$-12,$4,$-4,$-5,$26,$-1,$-0,$0,$0,$12,$12,$-0,$11,$-0,$0,$-0,$1,$1,$0,$1,$2,$39,$2,$0
43,2007-12-31,7.38,$0.78,9.48,$1.53,4.83,$0.54,13.77,$0.25,29.33,$0.27B,$0.08B,3.26,$0.00B,$0.42B,0.0,$0.91B,$0.47B,51.71%,$0.91B,$0.23B,25.41%,$0.91B,$0.23B,25.41%,$0.91B,$0.23B,25.75%,$0.91B,$0.24B,26.52%,$0.91B,$0.15B,16.46%,$0.15B,$0.42B,44.48%,$0.15B,$0.40B,47.83%,$0.15B,$0.55B,31.79%,$0.23B,$0.42B,68.66%,$247,$121,$126,$0,$61,$182,$64,$3,$68,$23,$45,$45,$45,$65,$64,$547,593,$0.08,$0.08,$76,$98,$0,$270,$9,$227,$24,$1,$274,$545,$83,$0,$0,$40,$122,$0,$354,$-0,$422,$545,$149,$2,$-33,$-31,$-26,$-21,$22,$15,$17,$135,$-4,$-3,$0,$0,$-189,$-189,$1,$-195,$-1,$0,$-1,$8,$8,$0,$29,$37,$-23,$10,$0
44,2007-09-30,9.45,$0.67,14.18,$1.37,6.91,$0.44,21.5,$0.22,43.94,$0.46B,$0.10B,4.72,$0.00B,$0.37B,0.0,$0.81B,$0.42B,52.16%,$0.81B,$0.20B,24.97%,$0.81B,$0.20B,24.97%,$0.81B,$0.20B,25.22%,$0.81B,$0.21B,25.83%,$0.81B,$0.13B,15.57%,$0.13B,$0.37B,44.09%,$0.13B,$0.35B,47.91%,$0.13B,$0.51B,30.77%,$0.20B,$0.37B,70.69%,$247,$119,$128,$0,$55,$174,$73,$2,$76,$30,$46,$46,$46,$74,$73,$549,593,$0.08,$0.08,$255,$94,$0,$461,$8,$0,$24,$1,$47,$508,$98,$0,$0,$40,$138,$0,$309,$0,$370,$508,$104,$2,$-30,$-29,$-36,$-17,$46,$15,$15,$90,$-3,$-3,$0,$0,$-95,$-95,$0,$-100,$-1,$0,$-1,$7,$7,$0,$27,$34,$24,$6,$0
45,2007-06-30,7.16,$0.55,12.99,$1.25,5.72,$0.40,18.04,$0.18,39.08,$0.41B,$0.11B,3.58,$0.00B,$0.30B,0.0,$0.74B,$0.39B,52.09%,$0.74B,$0.17B,23.08%,$0.74B,$0.17B,23.08%,$0.74B,$0.17B,23.35%,$0.74B,$0.18B,23.75%,$0.74B,$0.11B,14.30%,$0.11B,$0.30B,43.53%,$0.11B,$0.28B,47.80%,$0.11B,$0.45B,29.42%,$0.17B,$0.30B,70.23%,$245,$117,$128,$0,$67,$183,$61,$2,$63,$25,$38,$38,$38,$62,$61,$541,591,$0.07,$0.07,$198,$87,$0,$409,$7,$0,$24,$1,$45,$454,$114,$0,$0,$39,$154,$0,$263,$0,$301,$454,$59,$1,$-13,$-12,$-57,$-10,$57,$13,$6,$52,$-1,$-2,$0,$0,$-41,$-41,$0,$-45,$-0,$0,$-0,$4,$4,$0,$9,$13,$20,$4,$0
46,2007-03-31,6.31,$0.44,14.19,$1.10,5.74,$0.35,18.06,$0.17,38.26,$0.33B,$0.09B,3.75,$0.00B,$0.25B,0.0,$0.65B,$0.34B,51.99%,$0.65B,$0.16B,23.93%,$0.65B,$0.16B,23.93%,$0.65B,$0.16B,24.08%,$0.65B,$0.16B,24.54%,$0.65B,$0.10B,14.72%,$0.10B,$0.25B,44.09%,$0.10B,$0.23B,48.67%,$0.10B,$0.37B,30.65%,$0.16B,$0.25B,71.64%,$166,$80,$86,$0,$54,$134,$32,$2,$33,$13,$20,$20,$20,$32,$32,$543,590,$0.04,$0.04,$183,$62,$0,$328,$6,$0,$22,$1,$40,$368,$87,$0,$0,$33,$121,$0,$224,$0,$247,$368,$20,$0,$-1,$-0,$-21,$15,$17,$10,$28,$48,$-0,$-1,$0,$0,$-10,$-10,$0,$-11,$-0,$0,$-0,$0,$0,$0,$0,$-0,$37,$2,$0
47,2006-12-31,5.61,$0.42,13.48,$1.02,5.52,$0.31,18.28,$0.17,34.02,$0.28B,$0.06B,4.38,$0.00B,$0.23B,0.0,$0.61B,$0.32B,52.15%,$0.61B,$0.16B,26.24%,$0.61B,$0.16B,26.24%,$0.61B,$0.16B,26.40%,$0.61B,$0.16B,26.90%,$0.61B,$0.10B,16.01%,$0.10B,$0.23B,50.13%,$0.10B,$0.20B,55.83%,$0.10B,$0.31B,35.63%,$0.16B,$0.23B,82.17%,$151,$71,$80,$0,$45,$116,$36,$1,$37,$14,$22,$22,$22,$36,$36,$540,592,$0.04,$0.04,$137,$77,$0,$275,$6,$0,$21,$1,$33,$308,$63,$0,$0,$20,$83,$0,$204,$0,$225,$308,$98,$2,$-20,$-18,$-21,$-46,$8,$16,$-4,$76,$-2,$-2,$0,$-25,$-65,$-90,$-1,$-95,$-1,$0,$-1,$-24,$-24,$0,$17,$-8,$-27,$8,$0
