,Date,Stock Price,Book Value per Share,Price to Book Ratio,TTM Sales per Share,Price to Sales Ratio,TTM FCF per Share,Price to FCF Ratio,TTM Net EPS,PE Ratio,Current Assets,Current Liabilities,Current Ratio,Long Term Debt,Shareholder's Equity_x,Debt to Equity Ratio,TTM Revenue_x,TTM Gross Profit,Gross Margin,TTM Revenue_y,TTM Operating Income,Operating Margin,TTM Revenue_x,TTM EBIT,EBIT Margin,TTM Revenue_y,TTM EBITDA,EBITDA Margin,TTM Revenue_x,TTM Pre-Tax Income,Pre-Tax Margin,TTM Revenue_y,TTM Net Income_x,Net Margin,TTM Net Income_y,Shareholder's Equity_y,Return on Equity,TTM Net Income_x,Tangible Equity,Return on Tangible Equity,TTM Net Income_y,Total Assets,Return on Assets,TTM Net Income,LT Investments & Debt,Return on Investment,revenue,cost-goods-sold,gross-profit,research-development-expenses,selling-general-administrative-expenses,operating-expenses,operating-income,total-non-operating-income-expense,pre-tax-income,total-provision-income-taxes,income-after-taxes,income-from-continuous-operations,net-income,ebitda,ebit,basic-shares-outstanding,shares-outstanding,eps-basic-net-earnings-per-share,eps-earnings-per-share-diluted,cash-on-hand,inventory,other-current-assets,total-current-assets,net-property-plant-equipment,long-term-investments,goodwill-intangible-assets-total,other-long-term-assets,total-long-term-assets,total-assets,total-current-liabilities,long-term-debt,other-non-current-liabilities,total-long-term-liabilities,total-liabilities,common-stock-net,retained-earnings-accumulated-deficit,comprehensive-income,total-share-holder-equity,total-liabilities-share-holders-equity,net-income-loss,total-depreciation-amortization-cash-flow,other-non-cash-items,total-non-cash-items,change-in-accounts-receivable,change-in-inventories,change-in-accounts-payable,change-in-assets-liabilities,total-change-in-assets-liabilities,cash-flow-from-operating-activities,net-change-in-property-plant-equipment,net-change-in-intangible-assets,net-acquisitions-divestitures,net-change-in-short-term-investments,net-change-in-long-term-investments,net-change-in-investments-total,investing-activities-other,cash-flow-from-investing-activities,net-long-term-debt,net-current-debt,debt-issuance-retirement-net-total,net-common-equity-issued-repurchased,net-total-equity-issued-repurchased,total-common-preferred-stock-dividends-paid,financial-activities-other,cash-flow-from-financial-activities,net-cash-flow,stock-based-compensation,common-stock-dividends-paid
0,2018-09-30,10.53,$5.06,2.08,$13.99,0.75,$-0.35,0.0,$-0.18,0.0,$0.14B,$0.07B,1.92,$0.05B,$0.10B,0.54,$0.25B,$0.05B,18.29%,$0.25B,$0.01B,2.85%,$0.25B,$0.01B,2.85%,$0.25B,$0.01B,4.88%,$0.25B,$-0.00B,-0.81%,$0.25B,$-0.00B,-1.22%,$-0.00B,$0.10B,-3.54%,$-0.00B,$0.03B,-25.00%,$-0.00B,$0.23B,-1.28%,$0.01B,$0.15B,4.83%,$61,$49,$12,$1,$8,$58,$3,$-3,$0,$0,$0,$0,$0,$4,$3,$20,20,$0.01,$0.01,$26,$67,$0,$140,$20,$0,$71,$1,$94,$234,$73,$53,$5,$62,$135,$130,$-31,$-3,$99,$234,$-2,$4,$4,$9,$3,$-14,$4,$-2,$-9,$-3,$-1,$-0,$0,$0,$7,$7,$0,$6,$101,$-121,$-20,$-0,$-0,$0,$32,$12,$15,$1,$0
1,2018-06-30,12.48,$5.07,2.46,$14.31,0.87,$-0.26,0.0,$-0.28,0.0,$0.15B,$0.08B,1.79,$0.05B,$0.10B,0.54,$0.24B,$0.04B,17.84%,$0.24B,$0.01B,2.07%,$0.24B,$0.01B,2.07%,$0.24B,$0.01B,4.56%,$0.24B,$-0.00B,-1.66%,$0.24B,$-0.01B,-2.07%,$-0.01B,$0.10B,-6.43%,$-0.01B,$0.03B,-125.00%,$-0.01B,$0.25B,-2.14%,$0.01B,$0.15B,3.53%,$64,$51,$12,$1,$9,$61,$3,$-3,$-0,$1,$-1,$-1,$-1,$4,$3,$18,18,$-0.05,$-0.05,$27,$69,$0,$149,$21,$0,$72,$1,$96,$245,$84,$54,$5,$62,$146,$130,$-31,$-2,$99,$245,$-2,$3,$3,$6,$-3,$-16,$11,$-1,$-9,$-6,$-0,$-0,$0,$0,$7,$7,$0,$7,$-1,$16,$15,$-0,$-0,$0,$-0,$15,$16,$0,$0
2,2018-03-31,11.43,$4.20,2.72,$13.85,0.83,$-0.12,0.0,$-0.37,0.0,$0.13B,$0.09B,1.53,$0.07B,$0.07B,0.96,$0.23B,$0.04B,17.47%,$0.23B,$0.00B,0.87%,$0.23B,$0.00B,0.87%,$0.23B,$0.01B,3.93%,$0.23B,$-0.01B,-2.62%,$0.23B,$-0.01B,-2.62%,$-0.01B,$0.07B,-8.42%,$-0.01B,$-0.01B,200.00%,$-0.01B,$0.23B,-2.61%,$0.00B,$0.14B,1.45%,$57,$46,$11,$1,$10,$56,$0,$-2,$-1,$-0,$-1,$-1,$-1,$2,$0,$17,17,$-0.09,$-0.09,$10,$64,$0,$130,$22,$0,$75,$1,$100,$231,$85,$67,$5,$76,$161,$98,$-30,$-0,$70,$231,$-1,$1,$0,$2,$-4,$-9,$9,$-2,$-6,$-5,$-0,$-0,$0,$0,$7,$7,$0,$7,$-1,$-4,$-4,$-0,$-0,$0,$-0,$-4,$-3,$0,$0
3,2017-12-31,9.6,$4.26,2.25,$12.87,0.75,$-0.12,0.0,$-0.49,0.0,$0.11B,$0.08B,1.39,$0.07B,$0.07B,0.94,$0.21B,$0.04B,16.98%,$0.21B,0,0.00%,$0.21B,0,0.00%,$0.21B,$0.01B,3.30%,$0.21B,$-0.01B,-3.77%,$0.21B,$-0.01B,-3.77%,$-0.01B,$0.07B,-10.19%,$-0.01B,$-0.00B,94.12%,$-0.01B,$0.23B,-3.20%,$0.00B,$0.14B,0.00%,$64,$54,$10,$1,$9,$64,$1,$-2,$-1,$-1,$-1,$-1,$-1,$2,$1,$17,17,$-0.05,$-0.05,$5,$54,$0,$110,$22,$15,$75,$1,$115,$225,$79,$66,$5,$75,$154,$98,$-29,$-1,$71,$225,$-8,$6,$4,$11,$-11,$17,$-3,$3,$6,$9,$-1,$-0,$0,$0,$0,$0,$13,$12,$-15,$-4,$-19,$2,$2,$0,$-4,$-21,$0,$1,$0
4,2017-09-30,8.98,$4.29,2.1,$8.97,1.0,$-1.82,0.0,$-1.32,0.0,$0.12B,$0.08B,1.42,$0.07B,$0.07B,0.97,$0.15B,$0.03B,17.57%,$0.15B,$-0.01B,-5.41%,$0.15B,$-0.01B,-5.41%,$0.15B,$-0.00B,-0.68%,$0.15B,$-0.02B,-10.14%,$0.15B,$-0.02B,-13.51%,$-0.02B,$0.07B,-23.46%,$-0.02B,$-0.00B,2666.67%,$-0.02B,$0.23B,-7.25%,$-0.01B,$0.14B,-4.81%,$56,$47,$10,$1,$8,$55,$1,$-2,$-2,$0,$-2,$-2,$-2,$3,$1,$17,17,$-0.09,$-0.09,$3,$63,$0,$118,$22,$15,$74,$2,$113,$232,$83,$69,$5,$77,$161,$97,$-28,$-1,$71,$232,$-7,$5,$4,$9,$-10,$9,$-1,$0,$-2,$-1,$-1,$-0,$0,$0,$0,$0,$13,$12,$-8,$-3,$-12,$2,$2,$0,$-4,$-14,$-2,$1,$0
5,2017-06-30,6.98,$4.43,1.57,$7.99,0.87,$-3.41,0.0,$-2.50,0.0,$0.12B,$0.09B,1.38,$0.06B,$0.07B,0.86,$0.13B,$0.02B,17.56%,$0.13B,$-0.01B,-9.16%,$0.13B,$-0.01B,-9.16%,$0.13B,$-0.01B,-3.82%,$0.13B,$-0.02B,-12.98%,$0.13B,$-0.04B,-31.30%,$-0.04B,$0.07B,-42.49%,$-0.04B,$0.00B,656.00%,$-0.04B,$0.23B,-13.16%,$-0.01B,$0.14B,-6.27%,$52,$43,$9,$1,$9,$52,$0,$-2,$-2,$-0,$-1,$-1,$-2,$2,$0,$17,17,$-0.15,$-0.15,$4,$63,$0,$118,$22,$15,$73,$2,$112,$230,$85,$63,$4,$71,$156,$97,$-24,$-2,$73,$230,$-5,$3,$4,$8,$-10,$1,$4,$-0,$-5,$-3,$-0,$-0,$0,$0,$0,$0,$13,$12,$-5,$-4,$-8,$2,$2,$0,$-5,$-11,$-1,$0,$0
6,2017-03-31,6.7,$5.99,1.12,$7.87,0.85,$-3.69,0.0,$-2.47,0.0,$0.15B,$0.10B,1.58,$0.11B,$0.10B,1.13,$0.13B,$0.02B,17.97%,$0.13B,$-0.01B,-10.94%,$0.13B,$-0.01B,-10.94%,$0.13B,$-0.01B,-4.69%,$0.13B,$-0.02B,-15.63%,$0.13B,$-0.04B,-32.03%,$-0.04B,$0.10B,-36.69%,$-0.04B,$-0.03B,431.58%,$-0.04B,$0.31B,-11.52%,$-0.01B,$0.21B,-6.24%,$40,$33,$7,$1,$9,$42,$-2,$-1,$-3,$0,$-3,$-3,$-3,$-0,$-2,$17,17,$-0.20,$-0.20,$4,$88,$0,$149,$37,$0,$126,$2,$165,$314,$95,$112,$6,$121,$215,$97,$-22,$-4,$99,$314,$-3,$2,$1,$2,$-2,$1,$-3,$0,$-5,$-5,$-0,$-0,$0,$0,$0,$0,$-0,$-0,$0,$4,$4,$2,$2,$0,$-2,$4,$-1,$0,$0
7,2016-12-31,6.86,$6.03,1.14,$10.75,0.64,$-4.65,0.0,$-2.17,0.0,$0.16B,$0.10B,1.63,$0.08B,$0.10B,0.82,$0.17B,$0.03B,17.92%,$0.17B,$-0.01B,-5.78%,$0.17B,$-0.01B,-5.78%,$0.17B,0,0.00%,$0.17B,$-0.02B,-10.40%,$0.17B,$-0.04B,-21.39%,$-0.04B,$0.10B,-30.52%,$-0.04B,$0.03B,569.23%,$-0.04B,$0.33B,-9.65%,$-0.01B,$0.18B,-4.16%,$-0,$0,$-0,$0,$7,$7,$-7,$-1,$-8,$2,$-10,$-10,$-13,$-6,$-7,$16,16,$-0.83,$-0.83,$5,$69,$0,$160,$22,$0,$71,$2,$167,$327,$99,$80,$5,$131,$229,$94,$-21,$-4,$98,$327,$-38,$9,$17,$27,$2,$-4,$-4,$0,$-8,$-19,$-1,$-0,$0,$0,$0,$0,$19,$18,$4,$-5,$-1,$-0,$-0,$0,$-2,$-3,$-1,$1,$0
8,2016-09-30,5.51,$7.19,0.77,$5.53,1.0,$-3.13,0.0,$-1.63,0.0,$0.19B,$0.12B,1.56,$0.12B,$0.12B,1.07,$0.09B,$0.02B,22.22%,$0.09B,$-0.01B,-13.33%,$0.09B,$-0.01B,-13.33%,$0.09B,$-0.01B,-5.56%,$0.09B,$-0.02B,-18.89%,$0.09B,$-0.03B,-33.33%,$-0.03B,$0.12B,-23.21%,$-0.03B,$-0.03B,206.90%,$-0.03B,$0.38B,-7.46%,$-0.01B,$0.24B,-4.59%,$39,$33,$7,$1,$9,$42,$-3,$-1,$-4,$-1,$-4,$-9,$-23,$-1,$-3,$16,16,$-1.45,$-1.45,$6,$107,$0,$193,$40,$0,$141,$2,$183,$375,$123,$124,$8,$136,$259,$94,$-4,$-3,$116,$375,$-23,$8,$6,$14,$-1,$-7,$-6,$1,$-16,$-26,$-1,$-0,$0,$0,$0,$0,$16,$15,$7,$-7,$1,$-0,$-0,$0,$7,$8,$-2,$1,$0
9,2016-06-30,6.93,$8.34,0.83,$8.38,0.83,$-1.91,0.0,$-0.35,0.0,$0.21B,$0.13B,1.67,$0.13B,$0.13B,1.0,$0.14B,$0.03B,21.48%,$0.14B,$-0.01B,-5.19%,$0.14B,$-0.01B,-5.19%,$0.14B,$0.00B,0.74%,$0.14B,$-0.01B,-10.37%,$0.14B,$-0.01B,-5.19%,$-0.01B,$0.13B,-5.20%,$-0.01B,$-0.01B,54.90%,$-0.01B,$0.41B,-1.68%,$-0.01B,$0.27B,-2.55%,$49,$40,$9,$1,$10,$50,$-2,$-3,$-5,$-2,$-2,$-3,$-2,$1,$-2,$16,16,$-0.11,$-0.11,$10,$115,$0,$212,$41,$6,$148,$1,$196,$408,$127,$134,$8,$147,$273,$94,$16,$-4,$134,$408,$-0,$6,$-7,$-2,$-8,$4,$-2,$1,$-6,$-7,$-0,$-0,$0,$0,$0,$0,$4,$4,$-4,$5,$1,$-0,$-0,$0,$4,$5,$1,$1,$0
10,2016-03-31,5.23,$8.47,0.62,$11.63,0.45,$-2.03,0.0,$-0.23,0.0,$0.22B,$0.13B,1.66,$0.14B,$0.14B,1.02,$0.19B,$0.04B,20.86%,$0.19B,$0.00B,0.00%,$0.19B,$0.00B,0.00%,$0.19B,$0.01B,4.28%,$0.19B,$-0.01B,-4.81%,$0.19B,$-0.01B,-2.67%,$-0.01B,$0.14B,-3.70%,$-0.01B,$-0.02B,34.48%,$-0.01B,$0.42B,-1.17%,$0.00B,$0.28B,0.00%,$85,$71,$15,$1,$11,$83,$2,$-3,$-1,$-0,$-1,$-1,$1,$6,$2,$16,16,$0.09,$0.09,$4,$120,$0,$223,$42,$6,$152,$2,$201,$424,$134,$140,$9,$153,$288,$94,$18,$-3,$137,$424,$1,$3,$-5,$-2,$-19,$0,$0,$1,$-20,$-21,$-0,$-0,$0,$0,$0,$0,$5,$4,$-7,$12,$5,$-0,$-0,$0,$6,$11,$-5,$0,$0
11,2015-12-31,5.95,$8.11,0.73,$12.71,0.47,$-1.74,0.0,$-0.33,0.0,$0.20B,$0.12B,1.66,$0.13B,$0.13B,0.99,$0.20B,$0.04B,20.69%,$0.20B,$0.00B,0.00%,$0.20B,$0.00B,0.00%,$0.20B,$0.01B,3.45%,$0.20B,$-0.01B,-3.94%,$0.20B,$-0.01B,-2.96%,$-0.01B,$0.13B,-4.45%,$-0.01B,$-0.01B,40.00%,$-0.01B,$0.40B,-1.39%,$0.00B,$0.26B,0.00%,$-83,$-73,$-11,$-1,$-1,$-74,$-9,$2,$-7,$-2,$-5,$-5,$-6,$-11,$-9,$16,16,$-0.35,$-0.35,$6,$100,$0,$200,$41,$6,$135,$3,$202,$401,$120,$130,$8,$151,$271,$93,$17,$-5,$130,$401,$-5,$8,$-6,$2,$15,$-6,$6,$-4,$10,$6,$-1,$-0,$-14,$0,$0,$0,$6,$-9,$12,$-12,$0,$-0,$-0,$0,$6,$6,$2,$1,$0
12,2015-09-30,5.62,$8.58,0.65,$16.47,0.34,$-2.21,0.0,$0.04,140.5,$0.21B,$0.12B,1.82,$0.16B,$0.14B,1.14,$0.27B,$0.05B,20.30%,$0.27B,$0.01B,3.76%,$0.27B,$0.01B,3.76%,$0.27B,$0.02B,7.14%,$0.27B,0,0.00%,$0.27B,0,0.00%,$0.00B,$0.14B,0.00%,$0.00B,$-0.02B,0.00%,$0.00B,$0.44B,0.00%,$0.01B,$0.30B,3.60%,$84,$69,$16,$1,$13,$83,$2,$-3,$-1,$-0,$-1,$-1,$0,$5,$2,$16,16,$0.01,$0.01,$4,$124,$0,$212,$47,$6,$156,$6,$226,$438,$116,$157,$9,$184,$300,$92,$22,$-4,$137,$438,$1,$10,$1,$11,$14,$-7,$-3,$-0,$-17,$-5,$-2,$-0,$-14,$0,$0,$0,$-0,$-16,$21,$2,$23,$-0,$-0,$0,$-1,$22,$0,$1,$0
13,2015-06-30,7.64,$8.57,0.89,$15.97,0.48,$-1.94,0.0,$0.16,47.75,$0.22B,$0.12B,1.79,$0.16B,$0.14B,1.17,$0.25B,$0.05B,19.76%,$0.25B,$0.01B,4.44%,$0.25B,$0.01B,4.44%,$0.25B,$0.02B,7.66%,$0.25B,$0.00B,1.61%,$0.25B,$0.00B,0.81%,$0.00B,$0.14B,1.63%,$0.00B,$-0.02B,22.86%,$0.00B,$0.45B,0.57%,$0.01B,$0.30B,4.63%,$101,$82,$19,$2,$13,$96,$5,$-4,$0,$0,$0,$0,$0,$8,$5,$16,16,$0.01,$0.01,$6,$125,$0,$221,$44,$6,$158,$6,$225,$445,$123,$160,$7,$185,$308,$92,$22,$-4,$137,$445,$0,$7,$-0,$7,$11,$-7,$1,$-1,$-15,$-8,$-1,$-0,$-14,$0,$0,$0,$-0,$-15,$24,$4,$27,$-0,$-0,$0,$-1,$26,$2,$1,$0
14,2015-03-31,9.73,$8.44,1.15,$14.63,0.66,$-1.96,0.0,$0.37,26.3,$0.22B,$0.13B,1.79,$0.16B,$0.14B,1.19,$0.22B,$0.04B,20.00%,$0.22B,$0.01B,5.12%,$0.22B,$0.01B,5.12%,$0.22B,$0.02B,7.91%,$0.22B,$0.01B,3.72%,$0.22B,$0.01B,2.33%,$0.01B,$0.14B,4.49%,$0.01B,$-0.02B,20.00%,$0.01B,$0.44B,1.74%,$0.01B,$0.30B,5.58%,$101,$83,$18,$1,$15,$99,$2,$-2,$0,$0,$0,$0,$-0,$5,$2,$16,16,$-0.01,$-0.01,$6,$120,$0,$224,$44,$6,$153,$6,$220,$444,$125,$161,$6,$184,$308,$92,$22,$-5,$135,$444,$0,$3,$1,$4,$1,$-3,$3,$-4,$-20,$-15,$-1,$0,$-19,$0,$0,$0,$0,$-20,$30,$8,$38,$0,$0,$0,$-1,$37,$1,$1,$0
15,2014-12-31,12.71,$8.54,1.49,$12.77,1.0,$-1.23,0.0,$0.52,24.44,$0.17B,$0.09B,1.98,$0.09B,$0.13B,0.74,$0.18B,$0.04B,20.90%,$0.18B,$0.01B,7.34%,$0.18B,$0.01B,7.34%,$0.18B,$0.02B,9.60%,$0.18B,$0.01B,6.21%,$0.18B,$0.01B,3.95%,$0.01B,$0.13B,7.05%,$0.01B,$0.02B,17.72%,$0.01B,$0.32B,3.14%,$0.01B,$0.22B,8.37%,$-20,$-21,$1,$-1,$1,$-21,$1,$-0,$1,$0,$0,$0,$0,$1,$1,$14,14,$0.02,$0.02,$4,$91,$0,$174,$26,$6,$104,$4,$143,$317,$88,$94,$3,$101,$189,$82,$22,$-1,$128,$317,$7,$4,$0,$4,$-5,$-8,$0,$0,$-13,$-2,$-1,$0,$-25,$0,$0,$0,$-0,$-26,$23,$0,$24,$-0,$-0,$0,$3,$27,$-2,$1,$0
16,2014-09-30,11.29,$6.63,1.7,$18.17,0.62,$-0.88,0.0,$0.71,15.9,$0.14B,$0.05B,2.66,$0.04B,$0.09B,0.47,$0.25B,$0.05B,19.43%,$0.25B,$0.02B,7.69%,$0.25B,$0.02B,7.69%,$0.25B,$0.02B,9.72%,$0.25B,$0.02B,6.48%,$0.25B,$0.01B,4.05%,$0.01B,$0.09B,11.30%,$0.01B,$0.05B,23.26%,$0.01B,$0.19B,5.28%,$0.02B,$0.14B,14.42%,$66,$55,$11,$1,$7,$63,$3,$-1,$3,$1,$2,$2,$2,$5,$3,$14,14,$0.13,$0.13,$5,$81,$0,$135,$10,$0,$44,$1,$57,$192,$51,$43,$2,$49,$100,$69,$21,$-0,$92,$192,$7,$3,$1,$4,$-6,$-10,$4,$-0,$-13,$-2,$-1,$0,$0,$0,$0,$0,$0,$-1,$-0,$2,$2,$-0,$-0,$0,$0,$2,$-1,$1,$0
17,2014-06-30,16.24,$6.55,2.48,$18.03,0.9,$-1.92,0.0,$0.79,20.56,$0.14B,$0.06B,2.52,$0.05B,$0.09B,0.51,$0.24B,$0.05B,20.08%,$0.24B,$0.02B,8.79%,$0.24B,$0.02B,8.79%,$0.24B,$0.03B,10.46%,$0.24B,$0.02B,7.11%,$0.24B,$0.01B,4.60%,$0.01B,$0.09B,12.79%,$0.01B,$0.05B,26.99%,$0.01B,$0.20B,5.95%,$0.02B,$0.14B,16.34%,$68,$55,$13,$1,$7,$63,$5,$-1,$4,$1,$3,$3,$3,$6,$5,$14,14,$0.22,$0.22,$3,$80,$0,$140,$10,$0,$45,$1,$59,$199,$56,$46,$3,$53,$108,$69,$20,$0,$90,$199,$5,$2,$1,$3,$-13,$-7,$4,$0,$-16,$-8,$-0,$0,$0,$0,$0,$0,$0,$-0,$3,$2,$6,$-0,$-0,$0,$0,$6,$-3,$1,$0
18,2014-03-31,16.3,$6.30,2.59,$18.17,0.9,$-1.53,0.0,$0.79,20.63,$0.13B,$0.05B,2.52,$0.04B,$0.09B,0.47,$0.23B,$0.05B,20.09%,$0.23B,$0.02B,8.97%,$0.23B,$0.02B,8.97%,$0.23B,$0.03B,10.68%,$0.23B,$0.02B,7.26%,$0.23B,$0.01B,4.70%,$0.01B,$0.09B,13.84%,$0.01B,$0.04B,29.33%,$0.01B,$0.18B,6.28%,$0.02B,$0.13B,17.28%,$63,$51,$12,$1,$7,$59,$4,$-1,$3,$1,$2,$2,$2,$5,$4,$14,14,$0.14,$0.14,$1,$75,$0,$125,$11,$0,$46,$1,$60,$184,$50,$41,$3,$48,$97,$69,$17,$0,$87,$184,$2,$1,$0,$2,$-6,$-3,$3,$0,$-7,$-4,$-0,$0,$0,$0,$0,$0,$0,$-0,$-0,$-1,$-1,$0,$0,$0,$0,$-1,$-5,$1,$0
19,2013-12-31,15.88,$6.16,2.58,$18.49,0.86,$-1.49,0.0,$0.81,19.6,$0.12B,$0.05B,2.54,$0.04B,$0.09B,0.5,$0.23B,$0.05B,19.48%,$0.23B,$0.02B,8.66%,$0.23B,$0.02B,8.66%,$0.23B,$0.02B,10.39%,$0.23B,$0.02B,7.36%,$0.23B,$0.01B,4.76%,$0.01B,$0.09B,15.07%,$0.01B,$0.04B,32.12%,$0.01B,$0.18B,6.54%,$0.02B,$0.13B,17.35%,$50,$38,$12,$0,$5,$44,$7,$-0,$6,$2,$4,$4,$3,$8,$7,$13,13,$0.21,$0.21,$6,$73,$0,$122,$11,$0,$47,$1,$61,$183,$48,$43,$3,$50,$98,$69,$15,$0,$85,$183,$10,$4,$0,$4,$1,$-8,$-4,$-1,$-11,$3,$-1,$0,$-13,$0,$0,$0,$-0,$-14,$-1,$3,$2,$14,$14,$0,$-1,$15,$4,$1,$0
20,2013-09-30,10.93,$5.97,1.83,$19.16,0.57,$-2.28,0.0,$0.75,14.57,$0.12B,$0.05B,2.59,$0.04B,$0.08B,0.49,$0.24B,$0.04B,18.07%,$0.24B,$0.02B,6.72%,$0.24B,$0.02B,6.72%,$0.24B,$0.02B,8.40%,$0.24B,$0.01B,5.88%,$0.24B,$0.01B,4.20%,$0.01B,$0.08B,14.98%,$0.01B,$0.04B,32.00%,$0.01B,$0.17B,6.23%,$0.02B,$0.12B,14.75%,$58,$46,$11,$1,$6,$53,$5,$-1,$4,$1,$3,$3,$3,$6,$5,$12,12,$0.21,$0.21,$3,$75,$0,$116,$11,$0,$43,$1,$58,$174,$45,$40,$3,$47,$92,$68,$12,$1,$82,$174,$7,$3,$1,$3,$6,$-13,$-3,$-1,$-12,$-1,$-14,$0,$0,$0,$0,$0,$0,$-14,$12,$-9,$2,$14,$14,$0,$0,$16,$1,$1,$0
21,2013-06-30,10.95,$5.21,2.1,$18.91,0.58,$-1.44,0.0,$0.75,14.6,$0.12B,$0.05B,2.56,$0.04B,$0.06B,0.69,$0.23B,$0.04B,18.45%,$0.23B,$0.02B,6.44%,$0.23B,$0.02B,6.44%,$0.23B,$0.02B,8.15%,$0.23B,$0.01B,6.01%,$0.23B,$0.01B,4.29%,$0.01B,$0.06B,16.53%,$0.01B,$0.03B,36.70%,$0.01B,$0.16B,6.48%,$0.02B,$0.11B,14.67%,$63,$50,$12,$1,$7,$58,$5,$-1,$4,$1,$3,$3,$3,$6,$5,$12,12,$0.22,$0.22,$3,$67,$0,$115,$10,$0,$33,$0,$45,$160,$45,$44,$3,$51,$96,$53,$9,$0,$64,$160,$5,$2,$1,$2,$-3,$-7,$2,$-0,$-9,$-2,$-1,$0,$0,$0,$0,$0,$0,$-1,$1,$4,$4,$0,$0,$0,$0,$4,$1,$0,$0
22,2013-03-31,12.41,$0.00,0.0,$18.32,0.68,$-1.69,0.0,$0.73,17.0,$0.11B,$0.05B,2.43,$0.04B,$0.06B,0.68,$0.22B,$0.04B,18.92%,$0.22B,$0.01B,6.31%,$0.22B,$0.01B,6.31%,$0.22B,$0.02B,8.11%,$0.22B,$0.01B,6.31%,$0.22B,$0.01B,4.05%,$0.01B,$0.06B,15.79%,$0.01B,$0.03B,38.71%,$0.01B,$0.16B,6.00%,$0.01B,$0.10B,14.29%,$60,$49,$10,$1,$6,$56,$3,$-1,$3,$1,$2,$2,$2,$4,$3,$12,12,$0.16,$0.16,$2,$63,$3,$110,$0,$0,$33,$0,$36,$156,$45,$42,$1,$49,$95,$53,$7,$0,$61,$156,$2,$1,$0,$1,$-3,$-2,$1,$-1,$-6,$-3,$-0,$0,$0,$0,$0,$0,$0,$-0,$0,$3,$3,$0,$0,$0,$0,$3,$0,$0,$0
23,2012-12-31,7.14,$4.85,1.47,$17.14,0.42,$-1.67,0.0,$0.68,10.5,$0.11B,$0.04B,2.42,$0.04B,$0.06B,0.69,$0.21B,$0.04B,20.00%,$0.21B,$0.01B,6.83%,$0.21B,$0.01B,6.83%,$0.21B,$0.02B,8.29%,$0.21B,$0.01B,6.34%,$0.21B,$0.01B,3.90%,$0.01B,$0.06B,14.81%,$0.01B,$0.03B,40.51%,$0.01B,$0.15B,5.54%,$0.01B,$0.10B,14.97%,$57,$46,$10,$1,$7,$53,$3,$-1,$3,$1,$2,$2,$2,$4,$3,$12,12,$0.16,$0.16,$2,$61,$0,$105,$10,$0,$34,$0,$47,$152,$43,$41,$3,$49,$92,$53,$5,$1,$60,$152,$8,$3,$0,$3,$-12,$-17,$7,$1,$-19,$-6,$-1,$0,$-0,$0,$0,$0,$0,$-1,$-8,$13,$-8,$4,$4,$0,$0,$9,$2,$0,$0
24,2012-09-30,7.23,$0.00,0.0,$15.70,0.46,$-1.56,0.0,$0.55,13.15,$0.10B,$0.05B,2.32,$0.04B,$0.06B,0.69,$0.19B,$0.04B,20.54%,$0.19B,$0.01B,6.49%,$0.19B,$0.01B,6.49%,$0.19B,$0.02B,8.11%,$0.19B,$0.01B,5.41%,$0.19B,$0.01B,3.24%,$0.01B,$0.06B,11.82%,$0.01B,$0.02B,37.50%,$0.01B,$0.15B,4.38%,$0.01B,$0.10B,13.33%,$53,$43,$11,$1,$6,$49,$4,$-1,$4,$1,$3,$3,$3,$5,$4,$12,12,$0.21,$0.21,$3,$61,$3,$103,$0,$0,$34,$0,$36,$149,$45,$40,$1,$48,$92,$53,$3,$0,$57,$149,$6,$3,$2,$5,$-9,$-18,$11,$0,$-15,$-4,$-1,$0,$0,$0,$0,$0,$0,$-1,$-6,$10,$4,$4,$4,$0,$0,$8,$3,$0,$0
25,2012-06-30,8.4,$0.00,0.0,$14.53,0.58,$-1.59,0.0,$0.43,19.53,$0.10B,$0.04B,2.18,$0.04B,$0.05B,0.8,$0.17B,$0.04B,20.71%,$0.17B,$0.01B,5.92%,$0.17B,$0.01B,5.92%,$0.17B,$0.01B,7.69%,$0.17B,$0.01B,4.73%,$0.17B,$0.00B,2.37%,$0.00B,$0.05B,8.38%,$0.00B,$0.02B,32.00%,$0.00B,$0.14B,3.09%,$0.01B,$0.09B,11.56%,$52,$42,$11,$1,$6,$48,$4,$-1,$4,$1,$2,$2,$2,$5,$4,$12,12,$0.20,$0.20,$2,$53,$3,$96,$0,$0,$34,$1,$36,$143,$44,$40,$1,$48,$93,$49,$0,$0,$50,$143,$4,$2,$2,$4,$-12,$-11,$9,$-0,$-13,$-5,$-0,$0,$0,$0,$0,$0,$0,$-0,$-3,$10,$7,$0,$0,$0,$0,$7,$2,$0,$0
26,2012-03-31,7.33,$0.00,0.0,$13.25,0.55,$-1.55,0.0,$0.32,22.91,$0.09B,$0.04B,2.11,$0.04B,$0.05B,0.76,$0.15B,$0.03B,20.13%,$0.15B,$0.01B,5.19%,$0.15B,$0.01B,5.19%,$0.15B,$0.01B,7.14%,$0.15B,$0.01B,3.90%,$0.15B,$0.00B,1.95%,$0.00B,$0.05B,6.45%,$0.00B,$0.01B,26.67%,$0.00B,$0.13B,2.45%,$0.01B,$0.09B,9.55%,$43,$34,$9,$1,$5,$40,$3,$-1,$2,$1,$1,$1,$1,$3,$3,$12,12,$0.11,$0.11,$1,$48,$3,$85,$0,$0,$35,$1,$38,$134,$40,$37,$1,$45,$85,$49,$-2,$0,$49,$134,$1,$1,$0,$1,$0,$0,$0,$0,$-5,$-2,$-0,$0,$0,$0,$0,$0,$0,$-0,$0,$3,$0,$0,$0,$0,$0,$3,$0,$0,$0
27,2011-12-31,4.24,$4.01,1.06,$12.32,0.34,$-1.38,0.0,$0.25,16.96,$0.07B,$0.03B,2.36,$0.04B,$0.05B,0.86,$0.14B,$0.03B,19.58%,$0.14B,$0.01B,4.20%,$0.14B,$0.01B,4.20%,$0.14B,$0.01B,6.99%,$0.14B,$0.01B,3.50%,$0.14B,$0.00B,1.40%,$0.00B,$0.05B,4.42%,$0.00B,$0.01B,19.51%,$0.00B,$0.12B,1.72%,$0.01B,$0.09B,7.38%,$37,$29,$7,$0,$6,$36,$1,$-0,$0,$0,$0,$0,$0,$2,$1,$12,12,$0.03,$0.03,$0,$42,$2,$71,$17,$0,$35,$1,$56,$122,$30,$40,$1,$49,$75,$49,$-3,$0,$47,$122,$3,$3,$3,$3,$-7,$-12,$4,$0,$-14,$-5,$-0,$-0,$-2,$0,$0,$-0,$0,$-2,$-2,$5,$0,$1,$0,$0,$1,$7,$-1,$0,$0
28,2011-09-30,3.56,$0.00,0.0,$11.75,0.3,$-0.90,0.0,$0.30,11.87,$0.07B,$0.03B,2.45,$0.04B,$0.05B,0.83,$0.14B,$0.03B,21.32%,$0.14B,$0.01B,5.15%,$0.14B,$0.01B,5.15%,$0.14B,$0.01B,8.09%,$0.14B,$0.01B,4.41%,$0.14B,$0.00B,2.21%,$0.00B,$0.05B,6.78%,$0.00B,$0.01B,31.58%,$0.00B,$0.12B,2.68%,$0.01B,$0.08B,8.97%,$37,$29,$8,$0,$5,$35,$2,$-1,$2,$1,$1,$1,$1,$3,$2,$11,11,$0.09,$0.09,$1,$39,$2,$66,$0,$0,$36,$0,$40,$118,$27,$38,$0,$46,$73,$47,$-4,$0,$45,$118,$2,$3,$0,$3,$0,$0,$0,$0,$-11,$-4,$-0,$0,$0,$0,$0,$0,$-2,$-2,$0,$7,$0,$0,$0,$0,$-0,$7,$0,$0,$0
29,2011-06-30,5.52,$0.00,0.0,$10.71,0.52,$-0.53,0.0,$0.27,20.44,$0.07B,$0.03B,2.44,$0.04B,$0.05B,0.77,$0.12B,$0.03B,21.77%,$0.12B,$0.01B,5.65%,$0.12B,$0.01B,5.65%,$0.12B,$0.01B,8.06%,$0.12B,$0.01B,4.03%,$0.12B,$0.00B,2.42%,$0.00B,$0.05B,6.90%,$0.00B,$0.01B,33.33%,$0.00B,$0.12B,2.79%,$0.01B,$0.08B,9.27%,$37,$30,$7,$0,$5,$35,$2,$-1,$2,$1,$1,$1,$1,$3,$2,$11,12,$0.09,$0.09,$1,$38,$3,$66,$0,$0,$34,$0,$39,$115,$27,$35,$0,$43,$70,$47,$-5,$0,$45,$115,$1,$2,$0,$2,$0,$0,$0,$0,$-9,$-5,$-0,$0,$0,$0,$0,$0,$-0,$-0,$0,$5,$0,$0,$0,$0,$-0,$5,$0,$0,$0
30,2011-03-31,5.5,$0.00,0.0,$9.22,0.6,$-0.12,0.0,$0.20,27.5,$0.06B,$0.03B,2.33,$0.03B,$0.04B,0.71,$0.11B,$0.03B,23.36%,$0.11B,$0.01B,5.61%,$0.11B,$0.01B,5.61%,$0.11B,$0.01B,8.41%,$0.11B,$0.00B,2.80%,$0.11B,$0.00B,1.87%,$0.00B,$0.04B,4.71%,$0.00B,$0.01B,26.67%,$0.00B,$0.11B,1.94%,$0.01B,$0.08B,8.14%,$32,$25,$6,$0,$5,$30,$1,$-1,$1,$0,$0,$0,$0,$2,$1,$11,12,$0.04,$0.04,$1,$36,$2,$59,$0,$0,$34,$0,$40,$109,$25,$31,$0,$40,$65,$47,$-6,$0,$44,$109,$0,$1,$0,$1,$0,$0,$0,$0,$-2,$-0,$-0,$0,$0,$0,$0,$0,$0,$-0,$0,$0,$0,$0,$0,$0,$1,$1,$1,$0,$0
31,2010-12-31,3.85,$0.00,0.0,$8.42,0.46,$-0.18,0.0,$0.19,20.26,$0.06B,$0.02B,2.38,$0.03B,$0.04B,0.71,$0.10B,$0.02B,24.74%,$0.10B,$0.01B,6.19%,$0.10B,$0.01B,6.19%,$0.10B,$0.01B,9.28%,$0.10B,$0.00B,2.06%,$0.10B,$0.00B,2.06%,$0.00B,$0.04B,4.79%,$0.00B,$0.01B,32.00%,$0.00B,$0.11B,2.00%,$0.01B,$0.07B,8.22%,$30,$22,$8,$0,$5,$28,$2,$-1,$1,$0,$1,$1,$1,$3,$2,$11,11,$0.08,$0.08,$1,$31,$2,$55,$0,$0,$35,$0,$40,$106,$23,$31,$0,$39,$62,$47,$-6,$0,$43,$106,$2,$3,$0,$3,$-10,$-3,$6,$-0,$-5,$0,$-0,$0,$0,$0,$0,$0,$0,$-0,$-3,$1,$0,$-0,$0,$0,$-0,$1,$0,$0,$0
32,2010-09-30,2.39,$0.00,0.0,$7.17,0.33,$0.03,85.97,$0.45,5.31,$0.05B,$0.02B,2.66,$0.03B,$0.04B,0.73,$0.08B,$0.02B,23.17%,$0.08B,$0.00B,4.88%,$0.08B,$0.00B,4.88%,$0.08B,$0.01B,7.32%,$0.08B,$0.00B,3.66%,$0.08B,$0.01B,6.10%,$0.01B,$0.04B,12.20%,$0.01B,$0.01B,95.24%,$0.01B,$0.10B,5.14%,$0.00B,$0.07B,5.54%,$25,$19,$6,$0,$4,$23,$2,$-1,$1,$0,$1,$1,$1,$2,$2,$11,11,$0.06,$0.06,$0,$28,$1,$47,$0,$0,$35,$0,$41,$100,$18,$31,$0,$40,$58,$47,$-7,$0,$42,$100,$1,$2,$0,$2,$0,$0,$0,$0,$-4,$-0,$-0,$0,$0,$0,$0,$0,$0,$-0,$0,$1,$0,$0,$0,$0,$-0,$0,$-0,$0,$0
33,2010-06-30,1.8,$0.00,0.0,$6.34,0.28,$0.27,6.67,$0.38,4.74,$0.05B,$0.02B,2.88,$0.03B,$0.04B,0.78,$0.07B,$0.02B,20.83%,$0.07B,$0.00B,1.39%,$0.07B,$0.00B,1.39%,$0.07B,$0.00B,5.56%,$0.07B,$0.00B,2.78%,$0.07B,$0.00B,5.56%,$0.00B,$0.04B,10.13%,$0.00B,$0.01B,114.29%,$0.00B,$0.10B,4.27%,$0.00B,$0.07B,1.43%,$20,$15,$5,$0,$3,$18,$1,$-1,$0,$0,$0,$0,$0,$2,$1,$11,11,$0.02,$0.02,$1,$27,$2,$45,$0,$0,$36,$0,$42,$98,$16,$32,$0,$41,$57,$47,$-8,$0,$41,$98,$1,$2,$0,$2,$0,$0,$0,$0,$-3,$-0,$0,$0,$0,$0,$0,$0,$0,$0,$0,$2,$0,$0,$0,$0,$-0,$2,$1,$0,$0
34,2010-03-31,2.4,$0.00,0.0,$5.72,0.42,$0.56,4.32,$0.35,6.86,$0.04B,$0.02B,2.87,$0.03B,$0.04B,0.75,$0.06B,$0.01B,18.75%,$0.06B,0,0.00%,$0.06B,0,0.00%,$0.06B,$0.00B,4.69%,$0.06B,$0.00B,3.13%,$0.06B,$0.00B,6.25%,$0.00B,$0.04B,10.53%,$0.00B,$0.01B,177.78%,$0.00B,$0.10B,4.52%,$0.00B,$0.07B,0.00%,$22,$17,$5,$0,$4,$21,$1,$-1,$0,$0,$0,$0,$0,$2,$1,$11,11,$0.03,$0.03,$0,$26,$2,$43,$0,$0,$36,$0,$42,$96,$15,$31,$0,$40,$55,$47,$-8,$0,$41,$96,$0,$1,$0,$1,$0,$0,$0,$0,$-2,$-1,$0,$0,$0,$0,$0,$0,$0,$0,$0,$1,$0,$0,$0,$0,$0,$1,$0,$0,$0
35,2009-12-31,1.92,$0.00,0.0,$5.09,0.38,$0.88,2.19,$0.33,5.82,$0.04B,$0.02B,2.76,$0.03B,$0.04B,0.75,$0.06B,$0.01B,17.86%,$0.06B,0,0.00%,$0.06B,0,0.00%,$0.06B,$0.00B,3.57%,$0.06B,$0.00B,3.57%,$0.06B,$0.00B,7.14%,$0.00B,$0.04B,10.96%,$0.00B,$0.00B,400.00%,$0.00B,$0.10B,4.76%,$0.00B,$0.07B,0.00%,$15,$12,$3,$0,$3,$15,$-0,$2,$2,$-2,$4,$4,$4,$0,$-0,$11,11,$0.34,$0.34,$0,$27,$2,$40,$0,$0,$37,$0,$43,$95,$15,$30,$0,$40,$54,$46,$-8,$0,$40,$95,$4,$2,$0,$2,$0,$0,$0,$0,$2,$2,$-0,$0,$-0,$0,$0,$0,$0,$-0,$0,$-2,$0,$0,$0,$0,$-0,$-2,$-0,$0,$0
36,2009-09-30,2.35,$0.00,0.0,$5.61,0.42,$0.54,4.32,$0.01,0.0,$0.04B,$0.01B,2.78,$0.03B,$0.04B,0.76,$0.07B,$0.01B,17.39%,$0.07B,$0.00B,1.45%,$0.07B,$0.00B,1.45%,$0.07B,$0.00B,4.35%,$0.07B,0,0.00%,$0.07B,0,0.00%,$0.00B,$0.04B,0.00%,$0.00B,$0.00B,0.00%,$0.00B,$0.09B,0.00%,$0.00B,$0.06B,1.66%,$15,$13,$2,$0,$3,$16,$-1,$0,$-0,$-0,$-0,$-0,$-0,$-0,$-1,$11,11,$-0.01,$-0.01,$0,$26,$1,$37,$0,$0,$36,$0,$41,$86,$13,$28,$0,$36,$49,$46,$-12,$0,$36,$86,$-0,$2,$0,$2,$0,$0,$0,$0,$2,$2,$-0,$0,$-0,$0,$0,$0,$0,$-0,$0,$-2,$0,$0,$0,$0,$0,$-2,$-0,$0,$0
37,2009-06-30,0.86,$0.00,0.0,$7.02,0.12,$0.06,14.88,$0.05,17.2,$0.03B,$0.01B,2.88,$0.02B,$0.04B,0.65,$0.08B,$0.01B,16.87%,$0.08B,$0.00B,3.61%,$0.08B,$0.00B,3.61%,$0.08B,$0.01B,6.02%,$0.08B,0,0.00%,$0.08B,0,0.00%,$0.00B,$0.04B,0.00%,$0.00B,$0.00B,0.00%,$0.00B,$0.08B,0.00%,$0.00B,$0.06B,5.08%,$12,$9,$2,$0,$2,$12,$0,$-0,$-0,$-0,$-0,$-0,$-0,$1,$0,$11,11,$-0.01,$-0.01,$0,$23,$1,$33,$0,$0,$35,$0,$39,$77,$11,$23,$0,$31,$42,$45,$-12,$0,$35,$77,$-0,$1,$0,$1,$0,$0,$0,$0,$2,$3,$-0,$0,$0,$0,$0,$0,$0,$-0,$0,$-3,$0,$0,$0,$0,$0,$-3,$-0,$0,$0
38,2009-03-31,0.94,$0.00,0.0,$8.48,0.11,$-0.31,0.0,$0.15,6.27,$0.03B,$0.01B,2.71,$0.02B,$0.04B,0.65,$0.10B,$0.02B,16.49%,$0.10B,$0.00B,4.12%,$0.10B,$0.00B,4.12%,$0.10B,$0.01B,6.19%,$0.10B,$0.00B,1.03%,$0.10B,$0.00B,1.03%,$0.00B,$0.04B,2.92%,$0.00B,$0.00B,-200.00%,$0.00B,$0.08B,1.19%,$0.00B,$0.06B,6.81%,$14,$11,$3,$0,$2,$13,$1,$-1,$0,$0,$0,$0,$0,$1,$1,$11,11,$0.01,$0.01,$0,$22,$1,$33,$0,$0,$35,$0,$39,$78,$12,$23,$0,$31,$43,$45,$-12,$0,$35,$78,$0,$1,$0,$1,$0,$0,$0,$0,$2,$2,$-0,$0,$0,$0,$0,$0,$0,$-0,$0,$-3,$0,$0,$0,$0,$0,$-3,$-0,$0,$0
39,2008-12-31,1.02,$0.00,0.0,$9.47,0.11,$-0.70,0.0,$0.21,4.86,$0.04B,$0.02B,2.39,$0.03B,$0.04B,0.75,$0.11B,$0.02B,15.89%,$0.11B,$0.00B,3.74%,$0.11B,$0.00B,3.74%,$0.11B,$0.01B,5.61%,$0.11B,$0.00B,0.93%,$0.11B,$0.00B,1.87%,$0.00B,$0.04B,6.02%,$0.00B,$-0.00B,-133.33%,$0.00B,$0.09B,2.36%,$0.00B,$0.06B,6.87%,$28,$23,$5,$0,$4,$27,$1,$-1,$0,$-0,$0,$0,$0,$1,$1,$15,15,$0.02,$0.02,$0,$22,$1,$41,$0,$0,$36,$0,$40,$86,$17,$26,$0,$34,$51,$45,$-12,$0,$35,$86,$2,$2,$-0,$2,$0,$0,$0,$0,$-6,$-2,$-1,$0,$-1,$0,$0,$0,$0,$-1,$0,$3,$0,$0,$0,$0,$-0,$3,$-0,$0,$0
40,2008-09-30,3.4,$0.00,0.0,$10.25,0.33,$-0.48,0.0,$0.26,13.08,$0.04B,$0.02B,2.24,$0.03B,$0.03B,0.71,$0.11B,$0.02B,16.04%,$0.11B,$0.00B,3.77%,$0.11B,$0.00B,3.77%,$0.11B,$0.01B,6.60%,$0.11B,$0.00B,1.89%,$0.11B,$0.00B,2.83%,$0.00B,$0.03B,9.30%,$0.00B,$0.00B,-120.00%,$0.00B,$0.09B,3.60%,$0.00B,$0.06B,7.05%,$29,$24,$4,$0,$3,$27,$1,$-1,$0,$0,$0,$0,$0,$2,$1,$10,10,$0.03,$0.03,$0,$21,$1,$42,$0,$0,$34,$0,$39,$86,$19,$25,$0,$33,$52,$44,$-12,$0,$34,$86,$2,$1,$-0,$1,$0,$0,$0,$0,$-6,$-3,$-0,$0,$0,$0,$0,$0,$0,$-0,$0,$2,$0,$0,$0,$0,$0,$2,$-0,$0,$0
41,2008-06-30,5.12,$0.00,0.0,$10.36,0.49,$-0.16,0.0,$0.33,15.52,$0.04B,$0.02B,2.2,$0.02B,$0.03B,0.71,$0.10B,$0.02B,17.31%,$0.10B,$0.01B,4.81%,$0.10B,$0.01B,4.81%,$0.10B,$0.01B,6.73%,$0.10B,$0.00B,2.88%,$0.10B,$0.00B,3.85%,$0.00B,$0.03B,12.80%,$0.00B,$-0.00B,-100.00%,$0.00B,$0.09B,4.86%,$0.01B,$0.06B,8.97%,$26,$22,$4,$0,$3,$25,$1,$-0,$1,$0,$1,$1,$1,$2,$1,$10,10,$0.09,$0.09,$1,$20,$2,$40,$0,$0,$35,$0,$39,$85,$18,$24,$0,$33,$51,$43,$-12,$0,$33,$85,$2,$1,$0,$1,$0,$0,$0,$0,$-3,$-1,$-0,$0,$0,$0,$0,$0,$0,$-0,$0,$2,$0,$0,$0,$0,$-1,$2,$0,$0,$0
42,2008-03-31,4.65,$0.00,0.0,$11.27,0.41,$-0.32,0.0,$0.28,16.61,$0.04B,$0.02B,2.3,$0.03B,$0.03B,0.8,$0.11B,$0.02B,18.52%,$0.11B,$0.01B,5.56%,$0.11B,$0.01B,5.56%,$0.11B,$0.01B,7.41%,$0.11B,$0.00B,2.78%,$0.11B,$0.00B,2.78%,$0.00B,$0.03B,10.81%,$0.00B,$-0.00B,-41.38%,$0.00B,$0.08B,3.66%,$0.01B,$0.06B,10.81%,$24,$19,$4,$0,$3,$23,$1,$-1,$0,$-0,$1,$1,$1,$1,$1,$10,10,$0.07,$0.07,$0,$18,$2,$37,$0,$0,$35,$0,$39,$82,$16,$25,$0,$35,$51,$42,$-13,$0,$31,$82,$1,$0,$0,$0,$0,$0,$0,$0,$-2,$-2,$-0,$0,$0,$0,$0,$0,$0,$-0,$0,$1,$0,$0,$0,$0,$0,$1,$-0,$0,$0
43,2007-12-31,6.07,$0.00,0.0,$11.34,0.54,$-0.48,0.0,$0.22,27.59,$0.04B,$0.02B,2.21,$0.02B,$0.03B,0.78,$0.11B,$0.02B,18.69%,$0.11B,$0.01B,5.61%,$0.11B,$0.01B,5.61%,$0.11B,$0.01B,7.48%,$0.11B,$0.00B,2.80%,$0.11B,$0.00B,1.87%,$0.00B,$0.03B,8.25%,$0.00B,$-0.01B,-19.51%,$0.00B,$0.08B,2.42%,$0.01B,$0.06B,10.81%,$27,$22,$5,$0,$3,$26,$1,$-1,$1,$0,$1,$1,$1,$2,$1,$10,10,$0.07,$0.07,$1,$16,$2,$35,$0,$0,$35,$0,$39,$80,$16,$24,$0,$34,$49,$42,$-14,$0,$31,$80,$1,$2,$0,$2,$0,$0,$0,$0,$-2,$1,$-0,$0,$0,$0,$0,$0,$1,$1,$0,$-0,$0,$0,$10,$0,$-12,$-2,$-0,$0,$0
44,2007-09-30,7.16,$0.00,0.0,$8.71,0.82,$-0.56,0.0,$0.15,47.73,$0.04B,$0.02B,2.18,$0.03B,$0.03B,0.85,$0.10B,$0.02B,16.83%,$0.10B,$0.00B,3.96%,$0.10B,$0.00B,3.96%,$0.10B,$0.01B,5.94%,$0.10B,$-0.01B,-5.94%,$0.10B,$-0.01B,-6.93%,$-0.01B,$0.03B,-33.33%,$-0.01B,$-0.01B,53.85%,$-0.01B,$0.08B,-8.38%,$0.00B,$0.06B,7.21%,$27,$22,$5,$0,$3,$25,$2,$-1,$1,$-0,$1,$1,$1,$2,$2,$9,9,$0.11,$0.10,$1,$17,$2,$36,$0,$0,$36,$0,$40,$82,$17,$25,$0,$35,$52,$42,$-15,$0,$30,$82,$0,$2,$0,$2,$0,$0,$0,$0,$-2,$0,$-0,$0,$1,$0,$0,$0,$0,$1,$0,$-11,$0,$0,$10,$0,$0,$-1,$1,$0,$0
45,2007-06-30,7.94,$0.00,0.0,$9.88,0.8,$-0.33,0.0,$-0.06,0.0,$0.04B,$0.02B,2.13,$0.04B,$0.02B,1.94,$0.10B,$0.01B,14.74%,$0.10B,$0.00B,2.11%,$0.10B,$0.00B,2.11%,$0.10B,$0.00B,4.21%,$0.10B,$-0.01B,-8.42%,$0.10B,$-0.01B,-9.47%,$-0.01B,$0.02B,-51.43%,$-0.01B,$-0.01B,58.06%,$-0.01B,$0.08B,-11.04%,$0.00B,$0.06B,4.23%,$30,$24,$6,$0,$4,$28,$2,$-1,$1,$0,$1,$0,$0,$3,$2,$8,9,$0.04,$0.04,$0,$16,$4,$38,$0,$0,$33,$3,$40,$84,$18,$37,$0,$47,$65,$32,$-16,$0,$19,$84,$-1,$1,$0,$1,$0,$0,$0,$0,$-3,$-2,$-0,$0,$-0,$0,$0,$0,$0,$-0,$0,$1,$0,$0,$1,$0,$0,$2,$-0,$0,$0
46,2007-03-31,6.63,$0.00,0.0,$6.74,0.98,$-0.34,0.0,$-0.18,0.0,$0.04B,$0.02B,2.09,$0.04B,$0.02B,2.23,$0.07B,$0.01B,11.94%,$0.07B,$-0.00B,-1.49%,$0.07B,$-0.00B,-1.49%,$0.07B,$0.00B,1.49%,$0.07B,$-0.01B,-14.93%,$0.07B,$-0.01B,-13.43%,$-0.01B,$0.02B,-54.55%,$-0.01B,$-0.02B,97.30%,$-0.01B,$0.08B,-13.95%,$-0.00B,$0.06B,-2.70%,$23,$19,$4,$0,$3,$22,$1,$-1,$0,$0,$0,$0,$0,$1,$1,$10,10,$0.01,$0.01,$0,$18,$4,$38,$0,$0,$34,$3,$41,$84,$18,$39,$0,$49,$67,$31,$-16,$0,$17,$84,$0,$1,$0,$1,$0,$0,$0,$0,$-4,$-3,$0,$0,$0,$0,$0,$0,$0,$0,$0,$3,$0,$0,$0,$0,$0,$3,$-0,$0,$0
47,2006-12-31,5.42,$0.00,0.0,$4.83,1.12,$-0.25,0.0,$-0.27,0.0,$0.04B,$0.02B,1.87,$0.04B,$0.02B,1.96,$0.05B,$0.00B,8.70%,$0.05B,$-0.00B,-6.52%,$0.05B,$-0.00B,-6.52%,$0.05B,0,0.00%,$0.05B,$-0.01B,-23.91%,$0.05B,$-0.01B,-19.57%,$-0.01B,$0.02B,-55.38%,$-0.01B,$-0.02B,400.00%,$-0.01B,$0.08B,-18.85%,$-0.00B,$0.06B,-11.11%,$21,$19,$2,$0,$3,$23,$-1,$-7,$-8,$-1,$-8,$-8,$-8,$-0,$-1,$0,0,$0.00,$0.00,$1,$17,$2,$36,$0,$0,$35,$3,$41,$84,$19,$36,$0,$46,$65,$31,$-15,$0,$18,$84,$-9,$2,$0,$2,$0,$0,$0,$0,$3,$0,$-0,$0,$-3,$0,$0,$-0,$0,$-4,$0,$-8,$-0,$0,$8,$0,$2,$2,$-1,$0,$0
