,Date,Stock Price,Book Value per Share,Price to Book Ratio,TTM Sales per Share,Price to Sales Ratio,TTM FCF per Share,Price to FCF Ratio,TTM Net EPS,PE Ratio,Current Assets,Current Liabilities,Current Ratio,Long Term Debt,Shareholder's Equity_x,Debt to Equity Ratio,TTM Revenue_x,TTM Gross Profit,Gross Margin,TTM Revenue_y,TTM Operating Income,Operating Margin,TTM Revenue_x,TTM EBIT,EBIT Margin,TTM Revenue_y,TTM EBITDA,EBITDA Margin,TTM Revenue_x,TTM Pre-Tax Income,Pre-Tax Margin,TTM Revenue_y,TTM Net Income_x,Net Margin,TTM Net Income_y,Shareholder's Equity_y,Return on Equity,TTM Net Income_x,Tangible Equity,Return on Tangible Equity,TTM Net Income_y,Total Assets,Return on Assets,TTM Net Income,LT Investments & Debt,Return on Investment,revenue,cost-goods-sold,gross-profit,research-development-expenses,selling-general-administrative-expenses,operating-expenses,operating-income,total-non-operating-income-expense,pre-tax-income,total-provision-income-taxes,income-after-taxes,income-from-continuous-operations,net-income,ebitda,ebit,basic-shares-outstanding,shares-outstanding,eps-basic-net-earnings-per-share,eps-earnings-per-share-diluted,cash-on-hand,inventory,other-current-assets,total-current-assets,net-property-plant-equipment,long-term-investments,goodwill-intangible-assets-total,other-long-term-assets,total-long-term-assets,total-assets,total-current-liabilities,long-term-debt,other-non-current-liabilities,total-long-term-liabilities,total-liabilities,common-stock-net,retained-earnings-accumulated-deficit,comprehensive-income,total-share-holder-equity,total-liabilities-share-holders-equity,net-income-loss,total-depreciation-amortization-cash-flow,other-non-cash-items,total-non-cash-items,change-in-accounts-receivable,change-in-inventories,change-in-accounts-payable,change-in-assets-liabilities,total-change-in-assets-liabilities,cash-flow-from-operating-activities,net-change-in-property-plant-equipment,net-change-in-intangible-assets,net-acquisitions-divestitures,net-change-in-short-term-investments,net-change-in-long-term-investments,net-change-in-investments-total,investing-activities-other,cash-flow-from-investing-activities,net-long-term-debt,net-current-debt,debt-issuance-retirement-net-total,net-common-equity-issued-repurchased,net-total-equity-issued-repurchased,total-common-preferred-stock-dividends-paid,financial-activities-other,cash-flow-from-financial-activities,net-cash-flow,stock-based-compensation,common-stock-dividends-paid
0,2018-09-30,14.9,$10.32,1.44,$43.12,0.35,$1.51,9.85,$0.95,15.68,$0.65B,$0.52B,1.25,$0.36B,$0.52B,0.7,$2.20B,$0.36B,16.58%,$2.20B,$0.10B,4.51%,$2.20B,$0.10B,4.51%,$2.20B,$0.18B,8.02%,$2.20B,$0.07B,3.23%,$2.20B,$0.05B,2.32%,$0.05B,$0.52B,10.30%,$0.05B,$0.23B,25.99%,$0.05B,$1.56B,3.29%,$0.10B,$0.89B,11.33%,$549,$461,$88,$0,$63,$526,$23,$-7,$16,$-23,$39,$39,$39,$42,$23,$51,51,$0.76,$0.75,$36,$211,$68,$654,$486,$0,$292,$25,$902,$1556,$522,$364,$36,$510,$1033,$33,$448,$-168,$523,$1556,$61,$39,$2,$41,$-13,$-30,$26,$-47,$-65,$37,$-38,$0,$0,$0,$0,$0,$1,$-37,$5,$0,$5,$0,$0,$-2,$-4,$-1,$-4,$5,$-2
1,2018-06-30,18.25,$9.59,1.9,$42.47,0.43,$2.25,8.13,$0.51,35.78,$0.66B,$0.54B,1.23,$0.37B,$0.49B,0.77,$2.15B,$0.36B,16.81%,$2.15B,$0.10B,4.64%,$2.15B,$0.10B,4.64%,$2.15B,$0.18B,8.22%,$2.15B,$0.07B,3.30%,$2.15B,$0.03B,1.30%,$0.03B,$0.49B,5.75%,$0.03B,$0.19B,15.20%,$0.03B,$1.56B,1.81%,$0.10B,$0.86B,11.43%,$566,$472,$94,$0,$59,$531,$35,$-7,$28,$5,$23,$23,$22,$54,$35,$50,51,$0.43,$0.43,$41,$204,$69,$661,$487,$0,$295,$25,$901,$1563,$538,$372,$53,$539,$1077,$33,$409,$-164,$486,$1563,$23,$19,$4,$23,$-19,$-22,$15,$-25,$-50,$-4,$-23,$0,$0,$0,$0,$0,$3,$-20,$33,$0,$33,$0,$0,$-2,$-4,$28,$2,$2,$-2
2,2018-03-31,21.15,$9.87,2.14,$41.70,0.51,$2.75,7.7,$0.42,50.36,$0.64B,$0.52B,1.25,$0.39B,$0.50B,0.78,$2.10B,$0.36B,16.97%,$2.10B,$0.09B,4.42%,$2.10B,$0.09B,4.42%,$2.10B,$0.17B,8.03%,$2.10B,$0.06B,2.99%,$2.10B,$0.02B,1.09%,$0.02B,$0.50B,4.80%,$0.02B,$0.20B,13.18%,$0.02B,$1.57B,1.50%,$0.09B,$0.89B,10.61%,$567,$470,$97,$0,$64,$539,$27,$-7,$20,$2,$18,$18,$18,$47,$27,$50,51,$0.35,$0.35,$39,$191,$70,$643,$504,$0,$304,$25,$930,$1573,$516,$386,$54,$559,$1075,$33,$395,$-140,$499,$1573,$24,$77,$33,$110,$-26,$-13,$25,$-13,$-10,$124,$-71,$0,$0,$-1,$0,$-1,$-0,$-72,$-52,$0,$-52,$0,$0,$-1,$3,$-50,$5,$10,$-1
3,2017-12-31,20.2,$9.34,2.16,$40.68,0.5,$1.35,14.96,$0.24,84.17,$0.58B,$0.47B,1.24,$0.40B,$0.47B,0.84,$2.03B,$0.35B,17.04%,$2.03B,$0.09B,4.30%,$2.03B,$0.09B,4.30%,$2.03B,$0.16B,7.95%,$2.03B,$0.06B,2.77%,$2.03B,$0.01B,0.64%,$0.01B,$0.47B,2.83%,$0.01B,$0.17B,8.32%,$0.01B,$1.50B,0.87%,$0.09B,$0.87B,10.09%,$513,$427,$85,$0,$61,$499,$14,$-7,$7,$35,$-28,$-28,$-28,$33,$14,$50,50,$-0.57,$-0.57,$48,$187,$60,$584,$491,$0,$305,$27,$919,$1502,$469,$395,$52,$562,$1031,$33,$377,$-146,$472,$1502,$6,$57,$26,$82,$22,$-11,$2,$3,$17,$106,$-55,$0,$0,$0,$0,$0,$-1,$-56,$-41,$0,$-41,$0,$0,$-1,$3,$-39,$14,$8,$-1
4,2017-09-30,19.25,$9.73,1.98,$37.64,0.51,$0.20,97.22,$0.85,22.65,$0.60B,$0.48B,1.25,$0.40B,$0.49B,0.82,$1.86B,$0.32B,17.13%,$1.86B,$0.08B,4.30%,$1.86B,$0.08B,4.30%,$1.86B,$0.15B,8.00%,$1.86B,$0.05B,2.69%,$1.86B,$0.04B,2.31%,$0.04B,$0.49B,9.71%,$0.04B,$0.18B,29.76%,$0.04B,$1.54B,2.91%,$0.08B,$0.89B,9.41%,$508,$422,$86,$0,$62,$485,$24,$-8,$16,$-1,$16,$16,$16,$43,$24,$50,51,$0.32,$0.31,$51,$184,$61,$603,$490,$0,$306,$25,$935,$1538,$481,$402,$39,$567,$1048,$33,$406,$-152,$490,$1538,$34,$38,$4,$41,$1,$-9,$20,$-14,$-2,$73,$-37,$0,$0,$0,$0,$0,$-1,$-38,$-19,$0,$-19,$0,$0,$-1,$0,$-19,$18,$5,$-1
5,2017-06-30,16.55,$9.11,1.82,$34.36,0.48,$-0.81,0.0,$0.45,36.78,$0.60B,$0.49B,1.23,$0.41B,$0.46B,0.89,$1.67B,$0.28B,16.81%,$1.67B,$0.06B,3.29%,$1.67B,$0.06B,3.29%,$1.67B,$0.12B,7.06%,$1.67B,$0.03B,1.73%,$1.67B,$0.02B,1.38%,$0.02B,$0.46B,5.51%,$0.02B,$0.15B,12.09%,$0.02B,$1.52B,1.74%,$0.06B,$0.86B,7.30%,$516,$427,$89,$0,$59,$488,$28,$-8,$20,$3,$17,$17,$17,$46,$28,$50,50,$0.34,$0.34,$42,$180,$61,$601,$473,$0,$304,$30,$919,$1520,$489,$406,$40,$575,$1064,$32,$390,$-165,$457,$1520,$17,$19,$0,$19,$-14,$-7,$15,$-10,$-16,$21,$-22,$0,$0,$0,$0,$0,$-1,$-22,$11,$0,$11,$0,$0,$-1,$-1,$10,$9,$2,$-1
6,2017-03-31,12.2,$8.41,1.45,$31.42,0.39,$-1.06,0.0,$0.29,42.07,$0.55B,$0.46B,1.22,$0.41B,$0.42B,0.96,$1.50B,$0.25B,16.90%,$1.50B,$0.04B,2.86%,$1.50B,$0.04B,2.86%,$1.50B,$0.10B,6.65%,$1.50B,$0.02B,1.40%,$1.50B,$0.02B,1.00%,$0.02B,$0.42B,3.75%,$0.02B,$0.12B,6.16%,$0.02B,$1.45B,1.28%,$0.04B,$0.83B,6.47%,$488,$403,$85,$0,$60,$467,$21,$-8,$13,$5,$8,$8,$8,$39,$21,$48,48,$0.16,$0.16,$34,$169,$55,$553,$459,$0,$299,$30,$896,$1450,$455,$406,$38,$573,$1028,$32,$372,$-182,$421,$1450,$15,$58,$5,$63,$-26,$-3,$20,$-21,$-36,$42,$-59,$0,$-364,$-1,$0,$-1,$2,$-422,$357,$0,$357,$0,$0,$0,$-9,$348,$-35,$7,$0
7,2016-12-31,14.9,$8.07,1.85,$28.58,0.52,$-0.50,0.0,$0.29,51.38,$0.49B,$0.39B,1.26,$0.41B,$0.40B,1.02,$1.36B,$0.24B,17.73%,$1.36B,$0.07B,4.86%,$1.36B,$0.07B,4.86%,$1.36B,$0.12B,8.68%,$1.36B,$0.01B,1.03%,$1.36B,$0.02B,1.10%,$0.02B,$0.40B,3.84%,$0.02B,$0.12B,4.95%,$0.02B,$1.39B,1.45%,$0.07B,$0.82B,11.28%,$350,$291,$59,$0,$51,$343,$7,$-6,$1,$-1,$2,$2,$2,$21,$7,$48,49,$0.04,$0.04,$50,$157,$52,$494,$446,$0,$284,$23,$899,$1393,$393,$413,$28,$595,$989,$32,$364,$-189,$404,$1393,$7,$40,$-3,$37,$33,$0,$-21,$-21,$-9,$35,$-42,$0,$-364,$0,$0,$0,$0,$-405,$362,$0,$362,$0,$0,$0,$-9,$353,$-19,$6,$0
8,2016-09-30,11.86,$8.14,1.46,$28.24,0.42,$0.13,94.05,$0.42,28.24,$0.40B,$0.27B,1.48,$0.12B,$0.39B,0.3,$1.34B,$0.24B,18.01%,$1.34B,$0.07B,5.46%,$1.34B,$0.07B,5.46%,$1.34B,$0.12B,9.19%,$1.34B,$0.02B,1.79%,$1.34B,$0.02B,1.57%,$0.02B,$0.39B,5.49%,$0.02B,$0.37B,5.85%,$0.02B,$0.91B,2.28%,$0.07B,$0.51B,14.46%,$318,$270,$48,$0,$48,$319,$-1,$-4,$-5,$-1,$-4,$-4,$-4,$12,$-1,$47,47,$-0.09,$-0.09,$63,$113,$43,$402,$341,$0,$22,$20,$510,$912,$272,$117,$17,$251,$523,$31,$363,$-176,$389,$912,$5,$25,$-2,$23,$4,$-2,$-8,$-8,$-15,$14,$-28,$0,$0,$0,$0,$0,$1,$-27,$9,$0,$9,$0,$0,$0,$-1,$8,$-6,$4,$0
9,2016-06-30,8.8,$8.13,1.08,$28.55,0.31,$0.42,20.99,$0.04,220.0,$0.42B,$0.28B,1.49,$0.12B,$0.39B,0.31,$1.35B,$0.24B,17.65%,$1.35B,$0.04B,3.10%,$1.35B,$0.04B,3.10%,$1.35B,$0.09B,6.72%,$1.35B,$-0.01B,-0.44%,$1.35B,$0.00B,0.15%,$0.00B,$0.39B,0.53%,$0.00B,$0.37B,0.57%,$0.00B,$0.93B,0.22%,$0.04B,$0.51B,8.36%,$347,$285,$62,$0,$44,$331,$16,$-4,$12,$3,$9,$9,$9,$28,$16,$47,47,$0.18,$0.18,$64,$116,$41,$417,$339,$0,$22,$23,$508,$925,$280,$121,$16,$257,$538,$31,$367,$-178,$388,$925,$9,$13,$1,$13,$-9,$-6,$-2,$-4,$-21,$2,$-15,$0,$0,$0,$0,$0,$1,$-13,$9,$0,$9,$0,$0,$0,$-1,$8,$-5,$0,$0
10,2016-03-31,11.01,$8.07,1.36,$28.43,0.39,$0.36,30.95,$-0.03,0.0,$0.41B,$0.27B,1.51,$0.13B,$0.38B,0.33,$1.35B,$0.23B,17.29%,$1.35B,$0.04B,2.81%,$1.35B,$0.04B,2.81%,$1.35B,$0.09B,6.43%,$1.35B,$-0.01B,-0.67%,$1.35B,$-0.00B,-0.15%,$-0.00B,$0.38B,-0.54%,$-0.00B,$0.36B,-0.57%,$-0.00B,$0.92B,-0.21%,$0.04B,$0.51B,7.58%,$344,$271,$72,$0,$7,$300,$44,$-38,$6,$-2,$8,$8,$8,$57,$44,$47,47,$0.16,$0.16,$69,$111,$44,$413,$339,$0,$24,$23,$508,$921,$274,$126,$16,$265,$538,$31,$358,$-174,$383,$921,$-1,$50,$47,$97,$8,$-3,$-10,$-20,$-24,$72,$-62,$0,$-1,$-1,$0,$-1,$-13,$-78,$11,$0,$11,$-7,$-7,$-1,$-0,$3,$-2,$5,$-1
11,2015-12-31,9.05,$7.70,1.18,$28.76,0.31,$0.41,21.96,$-0.26,0.0,$0.44B,$0.29B,1.5,$0.13B,$0.37B,0.35,$1.37B,$0.23B,16.40%,$1.37B,$-0.00B,-0.07%,$1.37B,$-0.00B,-0.07%,$1.37B,$0.05B,3.50%,$1.37B,$-0.01B,-0.87%,$1.37B,$-0.01B,-0.95%,$-0.01B,$0.37B,-3.53%,$-0.01B,$0.35B,-3.80%,$-0.01B,$0.92B,-1.39%,$-0.00B,$0.50B,-0.20%,$329,$270,$59,$0,$43,$315,$14,$-3,$11,$2,$8,$8,$8,$26,$14,$47,48,$0.17,$0.17,$82,$115,$85,$442,$328,$0,$25,$22,$480,$922,$294,$128,$17,$258,$552,$31,$351,$-181,$370,$922,$-9,$37,$38,$75,$42,$-9,$-20,$-14,$-1,$65,$-42,$0,$0,$0,$0,$0,$-12,$-55,$4,$0,$4,$-2,$-2,$-1,$-1,$1,$11,$0,$-1
12,2015-09-30,7.87,$7.59,1.04,$29.50,0.27,$0.13,61.44,$-0.23,0.0,$0.46B,$0.31B,1.48,$0.13B,$0.37B,0.36,$1.41B,$0.23B,15.99%,$1.41B,$0.00B,0.07%,$1.41B,$0.00B,0.07%,$1.41B,$0.05B,3.55%,$1.41B,$-0.01B,-0.78%,$1.41B,$-0.01B,-0.78%,$-0.01B,$0.37B,-2.88%,$-0.01B,$0.34B,-3.12%,$-0.01B,$0.94B,-1.16%,$0.00B,$0.50B,0.20%,$334,$288,$46,$0,$77,$366,$-32,$-3,$-35,$-12,$-23,$-23,$-23,$-20,$-32,$47,47,$-0.47,$-0.47,$65,$113,$84,$459,$330,$0,$26,$21,$483,$942,$310,$130,$17,$267,$577,$31,$342,$-178,$366,$942,$-17,$25,$31,$56,$9,$-7,$-4,$-7,$-9,$30,$-30,$0,$0,$0,$0,$0,$-7,$-37,$2,$0,$2,$0,$0,$-1,$-1,$1,$-6,$0,$-1
13,2015-06-30,10.73,$7.81,1.37,$30.37,0.35,$0.02,631.18,$0.28,38.32,$0.47B,$0.31B,1.5,$0.13B,$0.38B,0.35,$1.45B,$0.24B,16.28%,$1.45B,$0.04B,2.83%,$1.45B,$0.04B,2.83%,$1.45B,$0.09B,6.28%,$1.45B,$0.03B,2.00%,$1.45B,$0.01B,0.97%,$0.01B,$0.38B,3.53%,$0.01B,$0.35B,3.84%,$0.01B,$0.95B,1.45%,$0.04B,$0.51B,7.79%,$346,$289,$57,$0,$43,$335,$12,$-3,$9,$3,$6,$6,$5,$24,$12,$47,48,$0.11,$0.11,$61,$115,$82,$469,$328,$0,$27,$22,$479,$948,$313,$130,$17,$259,$573,$31,$365,$-189,$376,$948,$6,$12,$4,$17,$-3,$-6,$-6,$-7,$-22,$-0,$-16,$0,$0,$0,$0,$0,$4,$-13,$3,$0,$3,$0,$0,$0,$-2,$1,$-10,$0,$0
14,2015-03-31,13.47,$7.53,1.79,$31.36,0.43,$0.15,92.07,$0.45,29.93,$0.45B,$0.31B,1.45,$0.13B,$0.36B,0.36,$1.50B,$0.25B,16.50%,$1.50B,$0.05B,3.54%,$1.50B,$0.05B,3.54%,$1.50B,$0.10B,6.95%,$1.50B,$0.04B,2.74%,$1.50B,$0.02B,1.54%,$0.02B,$0.36B,5.55%,$0.02B,$0.34B,6.08%,$0.02B,$0.93B,2.33%,$0.05B,$0.49B,9.73%,$363,$300,$63,$0,$49,$358,$5,$-2,$3,$6,$-3,$-3,$-3,$18,$5,$47,48,$-0.07,$-0.07,$71,$108,$80,$451,$322,$0,$26,$17,$480,$931,$311,$130,$16,$260,$570,$30,$360,$-199,$361,$931,$23,$52,$30,$82,$-0,$-4,$-2,$-29,$-41,$64,$-51,$0,$0,$-3,$0,$-3,$-4,$-57,$-15,$0,$-15,$0,$0,$0,$-0,$-15,$-17,$4,$0
15,2014-12-31,13.6,$8.83,1.54,$31.97,0.43,$1.02,13.34,$3.01,4.52,$0.48B,$0.32B,1.49,$0.13B,$0.42B,0.31,$1.53B,$0.25B,16.13%,$1.53B,$0.06B,3.61%,$1.53B,$0.06B,3.61%,$1.53B,$0.11B,6.95%,$1.53B,$0.04B,2.75%,$1.53B,$0.15B,9.51%,$0.15B,$0.42B,33.60%,$0.15B,$0.39B,37.01%,$0.15B,$0.97B,14.30%,$0.06B,$0.55B,9.79%,$364,$304,$59,$0,$45,$348,$16,$-3,$12,$3,$9,$9,$10,$28,$16,$47,48,$0.20,$0.20,$80,$124,$81,$475,$337,$0,$37,$24,$490,$965,$318,$130,$18,$224,$542,$30,$363,$-139,$423,$965,$26,$39,$17,$57,$31,$-15,$-25,$-30,$-38,$44,$-34,$0,$0,$0,$0,$0,$-1,$-36,$-10,$0,$-10,$0,$0,$0,$0,$-10,$-7,$0,$0
16,2014-09-30,11.87,$8.91,1.33,$31.74,0.37,$1.95,6.07,$2.73,4.35,$0.50B,$0.35B,1.42,$0.13B,$0.43B,0.31,$1.51B,$0.24B,16.18%,$1.51B,$0.04B,2.65%,$1.51B,$0.04B,2.65%,$1.51B,$0.09B,6.10%,$1.51B,$0.03B,1.79%,$1.51B,$0.13B,8.69%,$0.13B,$0.43B,32.79%,$0.13B,$0.39B,36.41%,$0.13B,$1.01B,13.16%,$0.04B,$0.56B,7.54%,$377,$321,$57,$0,$48,$369,$8,$-3,$5,$3,$2,$2,$2,$21,$8,$47,48,$0.04,$0.04,$71,$127,$83,$502,$349,$0,$39,$28,$510,$1012,$353,$131,$22,$232,$586,$30,$353,$-125,$427,$1012,$16,$27,$15,$42,$3,$-15,$-7,$-16,$-34,$24,$-29,$0,$0,$0,$0,$0,$-3,$-32,$-5,$0,$-5,$0,$0,$0,$0,$-4,$-16,$0,$0
17,2014-06-30,15.74,$9.32,1.69,$31.48,0.5,$2.65,5.94,$2.79,5.64,$0.52B,$0.36B,1.44,$0.13B,$0.45B,0.29,$1.50B,$0.24B,16.32%,$1.50B,$0.04B,2.88%,$1.50B,$0.04B,2.88%,$1.50B,$0.10B,6.49%,$1.50B,$0.03B,1.94%,$1.50B,$0.13B,8.96%,$0.13B,$0.45B,36.59%,$0.13B,$0.41B,40.98%,$0.13B,$1.05B,13.86%,$0.04B,$0.58B,8.65%,$393,$325,$68,$0,$43,$368,$24,$-3,$21,$7,$14,$14,$14,$37,$24,$47,48,$0.29,$0.28,$74,$127,$86,$520,$361,$0,$42,$29,$528,$1047,$361,$131,$23,$240,$601,$30,$352,$-102,$447,$1047,$14,$13,$4,$18,$2,$-10,$-9,$-13,$-29,$3,$-12,$0,$0,$0,$0,$0,$-2,$-14,$-2,$0,$-2,$0,$0,$0,$0,$-2,$-13,$0,$0
18,2014-03-31,14.65,$9.00,1.63,$31.20,0.47,$2.98,4.92,$2.72,5.39,$0.50B,$0.36B,1.4,$0.13B,$0.43B,0.31,$1.48B,$0.24B,16.10%,$1.48B,$0.04B,2.57%,$1.48B,$0.04B,2.57%,$1.48B,$0.10B,6.43%,$1.48B,$0.02B,1.62%,$1.48B,$0.13B,8.80%,$0.13B,$0.43B,40.19%,$0.13B,$0.39B,45.49%,$0.13B,$1.03B,14.28%,$0.04B,$0.56B,8.36%,$391,$328,$62,$0,$49,$384,$7,$-3,$4,$-116,$120,$120,$119,$20,$7,$47,48,$2.52,$2.49,$87,$117,$61,$499,$360,$0,$41,$34,$534,$1032,$357,$131,$27,$247,$604,$30,$338,$-104,$429,$1032,$132,$58,$-87,$-29,$-18,$-0,$15,$-13,$2,$105,$-50,$0,$-8,$0,$0,$0,$17,$-42,$0,$0,$0,$0,$0,$-1,$-1,$-2,$63,$4,$-1
19,2013-12-31,12.82,$6.20,2.07,$30.71,0.42,$1.83,7.02,$0.19,67.47,$0.47B,$0.33B,1.42,$0.13B,$0.30B,0.45,$1.45B,$0.23B,16.03%,$1.45B,$0.04B,2.56%,$1.45B,$0.04B,2.56%,$1.45B,$0.10B,6.57%,$1.45B,$0.02B,1.59%,$1.45B,$0.01B,0.62%,$0.01B,$0.30B,3.18%,$0.01B,$0.26B,3.65%,$0.01B,$0.89B,1.05%,$0.04B,$0.43B,8.92%,$347,$290,$57,$0,$45,$346,$1,$-4,$-3,$1,$-3,$-3,$-4,$14,$1,$47,47,$-0.08,$-0.08,$86,$119,$82,$465,$353,$4,$36,$33,$425,$890,$327,$131,$22,$268,$595,$30,$219,$-118,$295,$890,$12,$45,$23,$68,$0,$0,$0,$6,$6,$87,$-33,$0,$0,$0,$0,$0,$6,$-28,$3,$0,$3,$0,$0,$-1,$-2,$1,$63,$0,$-1
20,2013-09-30,14.63,$6.19,2.36,$30.30,0.48,$0.85,17.12,$0.08,182.88,$0.47B,$0.33B,1.45,$0.13B,$0.29B,0.45,$1.43B,$0.22B,15.64%,$1.43B,$0.03B,2.24%,$1.43B,$0.03B,2.24%,$1.43B,$0.09B,6.38%,$1.43B,$0.02B,1.33%,$1.43B,$0.00B,0.28%,$0.00B,$0.29B,1.40%,$0.00B,$0.26B,1.61%,$0.00B,$0.90B,0.48%,$0.03B,$0.43B,7.65%,$364,$307,$57,$0,$46,$354,$11,$-3,$7,$2,$5,$5,$5,$26,$11,$47,48,$0.10,$0.10,$60,$115,$92,$474,$349,$4,$37,$34,$423,$897,$328,$131,$24,$276,$604,$30,$222,$-120,$294,$897,$16,$32,$10,$42,$0,$0,$0,$-9,$-9,$49,$-21,$0,$0,$0,$0,$0,$4,$-17,$5,$0,$5,$0,$0,$-1,$-2,$3,$36,$0,$-1
21,2013-06-30,10.88,$5.82,1.87,$29.94,0.36,$0.41,26.83,$-0.28,0.0,$0.41B,$0.28B,1.47,$0.13B,$0.28B,0.48,$1.40B,$0.22B,15.62%,$1.40B,$0.01B,1.00%,$1.40B,$0.01B,1.00%,$1.40B,$0.07B,5.14%,$1.40B,$0.00B,0.14%,$1.40B,$-0.01B,-0.93%,$-0.01B,$0.28B,-4.52%,$-0.01B,$0.24B,-5.19%,$-0.01B,$0.82B,-1.59%,$0.01B,$0.41B,3.30%,$376,$314,$62,$0,$42,$357,$19,$-4,$16,$5,$11,$11,$10,$35,$19,$47,47,$0.21,$0.21,$31,$117,$58,$412,$349,$3,$36,$23,$411,$823,$280,$132,$14,$267,$547,$30,$218,$-131,$276,$823,$11,$16,$2,$18,$0,$0,$0,$-12,$-12,$16,$-10,$0,$0,$0,$0,$0,$0,$-10,$3,$0,$3,$0,$0,$-1,$-1,$1,$7,$0,$-1
22,2013-03-31,9.1,$5.68,1.6,$29.53,0.31,$0.14,66.62,$-0.52,0.0,$0.40B,$0.28B,1.42,$0.13B,$0.27B,0.49,$1.38B,$0.21B,15.19%,$1.38B,$-0.00B,-0.07%,$1.38B,$-0.00B,-0.07%,$1.38B,$0.06B,4.00%,$1.38B,$-0.01B,-0.94%,$1.38B,$-0.02B,-1.74%,$-0.02B,$0.27B,-8.11%,$-0.02B,$0.23B,-9.26%,$-0.02B,$0.82B,-2.89%,$-0.00B,$0.40B,-0.23%,$360,$303,$56,$0,$40,$354,$6,$-3,$3,$4,$-2,$-2,$-2,$20,$6,$47,47,$-0.04,$-0.04,$24,$119,$55,$399,$356,$0,$37,$27,$420,$819,$280,$133,$15,$270,$551,$30,$208,$-128,$268,$819,$-23,$56,$38,$94,$15,$-1,$-3,$-35,$-22,$49,$-49,$0,$-5,$0,$0,$0,$-2,$-56,$-0,$0,$-0,$0,$0,$0,$1,$0,$-8,$3,$0
23,2012-12-31,8.13,$6.42,1.27,$30.10,0.27,$-0.22,0.0,$-0.14,0.0,$0.38B,$0.24B,1.55,$0.14B,$0.30B,0.45,$1.41B,$0.22B,15.44%,$1.41B,$0.01B,0.78%,$1.41B,$0.01B,0.78%,$1.41B,$0.07B,4.77%,$1.41B,$-0.00B,-0.07%,$1.41B,$-0.01B,-0.50%,$-0.01B,$0.30B,-2.25%,$-0.01B,$0.27B,-2.55%,$-0.01B,$0.80B,-0.82%,$0.01B,$0.44B,2.41%,$326,$278,$48,$0,$42,$330,$-4,$-3,$-7,$2,$-8,$-8,$-9,$10,$-4,$47,47,$-0.19,$-0.19,$33,$121,$59,$375,$359,$4,$38,$23,$424,$800,$242,$138,$14,$255,$497,$30,$210,$-96,$303,$800,$-21,$42,$34,$76,$0,$0,$0,$-14,$-14,$41,$-34,$0,$-5,$0,$0,$0,$-1,$-40,$0,$0,$0,$0,$0,$0,$-0,$0,$2,$0,$0
24,2012-09-30,7.38,$6.46,1.14,$31.09,0.24,$-0.96,0.0,$0.23,32.09,$0.40B,$0.27B,1.51,$0.14B,$0.30B,0.47,$1.45B,$0.23B,15.77%,$1.45B,$0.03B,2.20%,$1.45B,$0.03B,2.20%,$1.45B,$0.09B,6.06%,$1.45B,$0.02B,1.31%,$1.45B,$0.01B,0.76%,$0.01B,$0.30B,3.40%,$0.01B,$0.27B,3.82%,$0.01B,$0.83B,1.28%,$0.03B,$0.45B,6.77%,$340,$287,$53,$0,$41,$347,$-7,$-3,$-10,$2,$-12,$-12,$-12,$7,$-7,$47,47,$-0.26,$-0.26,$30,$122,$71,$400,$372,$4,$38,$17,$432,$832,$265,$143,$14,$263,$528,$30,$218,$-101,$304,$832,$-13,$28,$23,$51,$0,$0,$0,$-12,$-12,$27,$-21,$0,$-5,$0,$0,$0,$-2,$-27,$-1,$0,$-1,$0,$0,$0,$0,$-1,$-2,$0,$0
25,2012-06-30,6.93,$6.56,1.06,$32.28,0.21,$-1.72,0.0,$0.52,13.33,$0.42B,$0.28B,1.53,$0.16B,$0.31B,0.52,$1.51B,$0.24B,15.77%,$1.51B,$0.05B,3.38%,$1.51B,$0.05B,3.38%,$1.51B,$0.11B,7.09%,$1.51B,$0.03B,2.12%,$1.51B,$0.02B,1.59%,$0.02B,$0.31B,7.14%,$0.02B,$0.28B,7.97%,$0.02B,$0.87B,2.74%,$0.05B,$0.47B,10.42%,$350,$299,$52,$0,$43,$347,$4,$-3,$1,$2,$-1,$-1,$-1,$18,$4,$47,47,$-0.03,$-0.03,$43,$126,$0,$422,$395,$4,$34,$14,$446,$868,$275,$162,$14,$284,$560,$30,$231,$-108,$309,$868,$-1,$14,$4,$18,$0,$0,$0,$-13,$-13,$5,$-12,$0,$0,$0,$0,$0,$-1,$-12,$20,$0,$20,$0,$0,$0,$-0,$20,$12,$0,$0
26,2012-03-31,8.83,$6.97,1.27,$33.64,0.26,$-2.12,0.0,$0.83,10.64,$0.43B,$0.30B,1.44,$0.14B,$0.33B,0.44,$1.58B,$0.26B,16.23%,$1.58B,$0.07B,4.25%,$1.58B,$0.07B,4.25%,$1.58B,$0.12B,7.86%,$1.58B,$0.05B,3.11%,$1.58B,$0.04B,2.41%,$0.04B,$0.33B,10.70%,$0.04B,$0.29B,11.91%,$0.04B,$0.89B,4.22%,$0.07B,$0.47B,13.07%,$389,$324,$64,$0,$46,$371,$18,$-3,$15,$-1,$16,$16,$15,$32,$18,$47,47,$0.34,$0.33,$31,$121,$59,$428,$412,$4,$36,$15,$466,$894,$298,$142,$15,$270,$567,$30,$232,$-90,$326,$894,$39,$58,$14,$72,$-8,$-3,$-15,$-30,$-65,$46,$-63,$0,$0,$0,$0,$0,$-2,$-65,$18,$0,$18,$0,$0,$0,$1,$19,$-2,$2,$0
27,2011-12-31,9.46,$7.60,1.24,$33.84,0.28,$-2.49,0.0,$0.75,12.61,$0.40B,$0.26B,1.53,$0.15B,$0.36B,0.42,$1.59B,$0.25B,15.96%,$1.59B,$0.06B,3.60%,$1.59B,$0.06B,3.60%,$1.59B,$0.11B,7.19%,$1.59B,$0.04B,2.52%,$1.59B,$0.03B,2.15%,$0.03B,$0.36B,9.41%,$0.03B,$0.32B,10.46%,$0.03B,$0.85B,3.75%,$0.06B,$0.51B,10.99%,$373,$313,$60,$0,$41,$356,$17,$-5,$13,$4,$9,$9,$9,$31,$17,$47,47,$0.19,$0.19,$26,$130,$0,$398,$397,$4,$35,$14,$450,$848,$260,$150,$15,$232,$493,$30,$226,$-57,$355,$848,$23,$43,$17,$61,$0,$0,$0,$-65,$-65,$18,$-45,$0,$0,$0,$0,$0,$0,$-45,$20,$0,$20,$0,$0,$0,$1,$21,$-7,$0,$0
28,2011-09-30,9.06,$7.58,1.19,$33.55,0.27,$-2.34,0.0,$0.69,13.13,$0.43B,$0.30B,1.44,$0.16B,$0.35B,0.45,$1.57B,$0.25B,15.90%,$1.57B,$0.05B,3.12%,$1.57B,$0.05B,3.12%,$1.57B,$0.11B,6.74%,$1.57B,$0.03B,2.16%,$1.57B,$0.03B,1.97%,$0.03B,$0.35B,8.72%,$0.03B,$0.32B,9.74%,$0.03B,$0.90B,3.42%,$0.05B,$0.51B,9.58%,$397,$335,$62,$0,$50,$385,$12,$-10,$3,$2,$1,$1,$1,$26,$12,$46,47,$0.03,$0.03,$30,$135,$0,$434,$412,$4,$36,$15,$467,$900,$300,$159,$16,$246,$546,$30,$218,$-49,$354,$900,$14,$29,$6,$36,$0,$0,$0,$-46,$-46,$3,$-33,$0,$0,$0,$0,$0,$2,$-31,$23,$2,$25,$0,$0,$0,$1,$26,$-3,$0,$0
29,2011-06-30,15.37,$8.28,1.86,$32.58,0.47,$-2.40,0.0,$0.34,45.21,$0.47B,$0.30B,1.54,$0.18B,$0.39B,0.46,$1.52B,$0.24B,16.04%,$1.52B,$0.05B,3.02%,$1.52B,$0.05B,3.02%,$1.52B,$0.10B,6.77%,$1.52B,$0.02B,1.45%,$1.52B,$0.01B,0.85%,$0.01B,$0.39B,3.73%,$0.01B,$0.35B,4.19%,$0.01B,$0.96B,1.44%,$0.05B,$0.56B,9.13%,$418,$348,$70,$0,$50,$398,$20,$-3,$18,$5,$13,$13,$13,$35,$20,$46,47,$0.27,$0.27,$48,$132,$0,$467,$435,$3,$39,$17,$494,$961,$302,$178,$21,$273,$575,$29,$217,$-15,$385,$961,$13,$15,$2,$17,$0,$0,$0,$-44,$-44,$-14,$-12,$0,$0,$0,$0,$0,$0,$-11,$39,$0,$39,$0,$0,$0,$1,$40,$15,$0,$0
30,2011-03-31,16.14,$7.57,2.13,$31.11,0.52,$-2.42,0.0,$0.13,124.15,$0.43B,$0.33B,1.31,$0.14B,$0.35B,0.39,$1.45B,$0.23B,16.08%,$1.45B,$0.04B,2.97%,$1.45B,$0.04B,2.97%,$1.45B,$0.10B,6.83%,$1.45B,$0.01B,0.90%,$1.45B,$0.01B,0.35%,$0.01B,$0.35B,1.52%,$0.01B,$0.31B,1.72%,$0.01B,$0.92B,0.58%,$0.04B,$0.49B,9.00%,$397,$336,$61,$0,$50,$389,$8,$-2,$6,$-6,$11,$11,$11,$22,$8,$46,47,$0.24,$0.24,$33,$123,$0,$428,$430,$4,$38,$17,$489,$918,$328,$139,$20,$237,$565,$29,$193,$-23,$352,$918,$5,$57,$6,$62,$-43,$-19,$30,$-26,$-47,$21,$-55,$0,$13,$0,$0,$0,$1,$-41,$8,$0,$8,$0,$0,$0,$1,$9,$-11,$4,$0
31,2010-12-31,15.5,$7.11,2.18,$30.87,0.5,$-1.15,0.0,$-0.39,0.0,$0.39B,$0.28B,1.41,$0.15B,$0.33B,0.44,$1.38B,$0.22B,15.84%,$1.38B,$0.03B,2.47%,$1.38B,$0.03B,2.47%,$1.38B,$0.08B,5.67%,$1.38B,0,0.00%,$1.38B,$-0.02B,-1.53%,$-0.02B,$0.33B,-6.54%,$-0.02B,$0.29B,-7.40%,$-0.02B,$0.85B,-2.48%,$0.03B,$0.48B,7.24%,$360,$303,$57,$0,$47,$351,$9,$-2,$7,$1,$6,$6,$6,$23,$9,$46,47,$0.12,$0.12,$43,$118,$0,$387,$404,$4,$38,$15,$461,$848,$275,$145,$19,$242,$517,$29,$195,$-45,$331,$848,$-6,$42,$7,$50,$0,$0,$0,$-45,$-45,$-1,$-19,$0,$0,$0,$0,$0,$4,$-15,$10,$3,$12,$0,$0,$0,$1,$13,$-3,$0,$0
32,2010-09-30,12.97,$6.99,1.85,$29.73,0.44,$-0.37,0.0,$-0.43,0.0,$0.41B,$0.30B,1.38,$0.16B,$0.33B,0.49,$1.32B,$0.21B,15.86%,$1.32B,$0.03B,2.35%,$1.32B,$0.03B,2.35%,$1.32B,$0.08B,5.92%,$1.32B,$-0.01B,-0.38%,$1.32B,$-0.02B,-1.75%,$-0.02B,$0.33B,-6.99%,$-0.02B,$0.29B,-7.88%,$-0.02B,$0.88B,-2.74%,$0.03B,$0.49B,6.54%,$346,$290,$56,$0,$47,$337,$9,$-18,$-9,$5,$-14,$-14,$-17,$23,$9,$46,46,$-0.36,$-0.36,$46,$116,$0,$408,$412,$4,$38,$22,$474,$883,$297,$161,$19,$261,$558,$29,$189,$-43,$325,$883,$-12,$28,$7,$35,$0,$0,$0,$-39,$-39,$-16,$-16,$0,$0,$0,$0,$0,$4,$-12,$25,$3,$28,$0,$0,$0,$0,$28,$-0,$0,$0
33,2010-06-30,7.68,$6.60,1.16,$30.73,0.25,$0.01,711.11,$-0.31,0.0,$0.37B,$0.27B,1.39,$0.15B,$0.31B,0.5,$1.25B,$0.20B,15.55%,$1.25B,$0.03B,2.15%,$1.25B,$0.03B,2.15%,$1.25B,$0.08B,6.38%,$1.25B,$-0.00B,0.00%,$1.25B,$-0.01B,-0.96%,$-0.01B,$0.31B,-3.54%,$-0.01B,$0.27B,-3.98%,$-0.01B,$0.82B,-1.41%,$0.03B,$0.46B,5.53%,$346,$287,$59,$0,$42,$329,$17,$-8,$9,$4,$5,$5,$5,$31,$17,$46,46,$0.11,$0.11,$35,$102,$0,$370,$388,$3,$36,$23,$450,$820,$265,$153,$15,$249,$514,$29,$202,$-71,$306,$820,$5,$14,$5,$20,$0,$0,$0,$-46,$-46,$-21,$-5,$0,$0,$0,$0,$0,$1,$-4,$19,$1,$19,$0,$0,$0,$-0,$19,$-9,$0,$0
34,2010-03-31,11.24,$6.96,1.62,$31.21,0.36,$0.08,148.28,$-0.83,0.0,$0.36B,$0.26B,1.35,$0.14B,$0.32B,0.42,$1.16B,$0.17B,14.80%,$1.16B,$0.01B,0.43%,$1.16B,$0.01B,0.43%,$1.16B,$0.07B,5.94%,$1.16B,$-0.01B,-1.20%,$1.16B,$-0.03B,-2.75%,$-0.03B,$0.32B,-9.78%,$-0.03B,$0.29B,-11.04%,$-0.03B,$0.84B,-3.68%,$0.01B,$0.46B,1.00%,$324,$278,$46,$0,$52,$326,$-1,$-6,$-7,$8,$-14,$-14,$-15,$1,$-1,$39,39,$-0.25,$-0.25,$45,$100,$0,$355,$419,$3,$36,$27,$485,$841,$263,$136,$16,$256,$519,$29,$198,$-50,$322,$841,$-32,$65,$24,$89,$-52,$-7,$62,$2,$5,$62,$-41,$0,$0,$0,$0,$0,$-1,$-42,$-109,$-5,$-114,$93,$93,$0,$-1,$-22,$0,$3,$0
35,2009-12-31,11.84,$7.87,1.5,$30.84,0.38,$-0.22,0.0,$-2.04,0.0,$0.31B,$0.22B,1.44,$0.13B,$0.36B,0.36,$1.09B,$0.15B,13.66%,$1.09B,$-0.02B,-1.74%,$1.09B,$-0.02B,-1.74%,$1.09B,$0.03B,2.66%,$1.09B,$-0.05B,-4.12%,$1.09B,$-0.07B,-5.96%,$-0.07B,$0.36B,-21.12%,$-0.07B,$0.33B,-23.96%,$-0.07B,$0.82B,-7.46%,$-0.02B,$0.50B,-3.73%,$302,$255,$48,$0,$41,$297,$6,$-3,$2,$0,$2,$2,$4,$23,$6,$46,46,$0.08,$0.08,$45,$92,$0,$313,$443,$3,$38,$20,$504,$817,$217,$131,$16,$236,$453,$29,$211,$-21,$364,$817,$-17,$62,$-1,$62,$0,$0,$0,$5,$5,$50,$-33,$0,$11,$0,$0,$0,$-3,$-25,$-115,$-6,$-121,$93,$93,$0,$-1,$-28,$1,$0,$0
36,2009-09-30,9.27,$7.86,1.18,$34.45,0.27,$-0.40,0.0,$-3.87,0.0,$0.39B,$0.27B,1.41,$0.18B,$0.36B,0.49,$1.12B,$0.14B,12.47%,$1.12B,$-0.08B,-7.44%,$1.12B,$-0.08B,-7.44%,$1.12B,$-0.01B,-0.72%,$1.12B,$-0.11B,-9.96%,$1.12B,$-0.13B,-11.21%,$-0.13B,$0.36B,-41.15%,$-0.13B,$0.33B,-46.60%,$-0.13B,$0.94B,-13.67%,$-0.08B,$0.54B,-15.49%,$282,$240,$42,$0,$37,$278,$5,$-9,$-4,$1,$-5,$-5,$-6,$25,$5,$33,33,$-0.19,$-0.19,$56,$90,$47,$385,$458,$8,$38,$50,$553,$938,$273,$179,$33,$302,$575,$29,$207,$-18,$363,$938,$-21,$46,$-1,$45,$0,$0,$0,$-5,$-5,$19,$-29,$0,$0,$0,$0,$0,$-2,$-31,$-67,$-7,$-73,$94,$94,$0,$-0,$20,$11,$0,$0
37,2009-06-30,4.8,$8.02,0.6,$38.12,0.13,$0.05,90.4,$-4.08,0.0,$0.33B,$0.25B,1.33,$0.25B,$0.26B,0.97,$1.22B,$0.15B,12.26%,$1.22B,$-0.10B,-8.09%,$1.22B,$-0.10B,-8.09%,$1.22B,$-0.02B,-1.80%,$1.22B,$-0.12B,-9.98%,$1.22B,$-0.13B,-10.79%,$-0.13B,$0.26B,-41.19%,$-0.13B,$0.22B,-46.77%,$-0.13B,$0.88B,-13.91%,$-0.10B,$0.51B,-17.32%,$254,$218,$36,$0,$39,$259,$-5,$0,$-5,$1,$-6,$-6,$-15,$20,$-5,$32,32,$-0.45,$-0.45,$25,$91,$38,$329,$456,$8,$37,$49,$550,$879,$247,$252,$29,$372,$619,$21,$213,$-33,$260,$879,$-15,$25,$-2,$23,$0,$0,$0,$-1,$-1,$8,$-24,$0,$0,$0,$0,$0,$-2,$-26,$7,$-9,$-2,$0,$0,$0,$-0,$-2,$-20,$0,$0
38,2009-03-31,2.5,$7.56,0.33,$43.76,0.06,$0.61,4.07,$-3.39,0.0,$0.33B,$0.25B,1.3,$0.24B,$0.24B,1.0,$1.41B,$0.19B,13.29%,$1.41B,$-0.08B,-5.69%,$1.41B,$-0.08B,-5.69%,$1.41B,$-0.01B,-0.57%,$1.41B,$-0.10B,-7.39%,$1.41B,$-0.11B,-7.75%,$-0.11B,$0.24B,-28.82%,$-0.11B,$0.21B,-32.51%,$-0.11B,$0.85B,-10.66%,$-0.08B,$0.49B,-12.83%,$253,$230,$23,$0,$40,$278,$-25,$-13,$-38,$3,$-41,$-41,$-48,$-39,$-25,$32,32,$-1.48,$-1.48,$45,$88,$29,$326,$427,$11,$33,$56,$526,$852,$251,$244,$26,$357,$608,$20,$228,$-63,$244,$852,$-109,$72,$50,$122,$117,$12,$-52,$9,$80,$94,$-86,$0,$0,$-0,$0,$-0,$-7,$-94,$20,$5,$26,$-1,$-1,$-10,$-4,$12,$5,$3,$-10
39,2008-12-31,4.87,$10.77,0.45,$43.62,0.11,$0.45,10.85,$-3.20,0.0,$0.44B,$0.30B,1.44,$0.25B,$0.35B,0.73,$1.40B,$0.21B,14.62%,$1.40B,$-0.07B,-4.78%,$1.40B,$-0.07B,-4.78%,$1.40B,$0.01B,0.71%,$1.40B,$-0.08B,-5.63%,$1.40B,$-0.10B,-6.85%,$-0.10B,$0.35B,-21.92%,$-0.10B,$0.31B,-24.65%,$-0.10B,$0.99B,-8.72%,$-0.07B,$0.60B,-9.87%,$326,$288,$38,$0,$43,$384,$-58,$-6,$-64,$-7,$-57,$-57,$-56,$-14,$-58,$32,32,$-1.75,$-1.75,$75,$119,$0,$438,$484,$20,$33,$13,$551,$989,$303,$254,$32,$338,$642,$21,$275,$-6,$348,$989,$-61,$86,$-15,$71,$0,$0,$0,$71,$71,$80,$-75,$0,$10,$0,$0,$0,$3,$-61,$28,$2,$30,$0,$0,$-10,$-1,$20,$34,$0,$-10
40,2008-09-30,13.8,$13.33,1.03,$48.53,0.28,$0.59,23.3,$-2.93,0.0,$0.49B,$0.30B,1.65,$0.26B,$0.43B,0.59,$1.56B,$0.24B,15.22%,$1.56B,$-0.03B,-2.06%,$1.56B,$-0.03B,-2.06%,$1.56B,$0.05B,3.40%,$1.56B,$-0.04B,-2.50%,$1.56B,$-0.10B,-6.10%,$-0.10B,$0.43B,-19.87%,$-0.10B,$0.38B,-22.39%,$-0.10B,$1.08B,-8.19%,$-0.03B,$0.69B,-4.48%,$390,$338,$53,$0,$58,$401,$-11,$-4,$-15,$-2,$-13,$-13,$-13,$11,$-11,$32,32,$-0.41,$-0.41,$65,$130,$0,$494,$500,$21,$49,$12,$581,$1075,$300,$255,$31,$345,$645,$21,$334,$18,$430,$1075,$-5,$42,$-6,$36,$0,$0,$0,$10,$10,$40,$-36,$0,$0,$0,$0,$0,$4,$-32,$29,$-0,$28,$0,$0,$-6,$-0,$21,$24,$0,$-6
41,2008-06-30,11.65,$15.23,0.77,$49.62,0.23,$0.28,41.22,$-2.21,0.0,$0.55B,$0.34B,1.62,$0.23B,$0.49B,0.47,$1.60B,$0.25B,15.41%,$1.60B,$-0.01B,-0.88%,$1.60B,$-0.01B,-0.88%,$1.60B,$0.07B,4.32%,$1.60B,$-0.02B,-1.13%,$1.60B,$-0.07B,-4.51%,$-0.07B,$0.49B,-14.33%,$-0.07B,$0.44B,-16.30%,$-0.07B,$1.17B,-6.08%,$-0.01B,$0.72B,-1.93%,$438,$365,$73,$0,$58,$424,$14,$-1,$13,$7,$7,$7,$8,$34,$14,$32,32,$0.24,$0.24,$47,$137,$0,$545,$541,$22,$56,$11,$630,$1174,$337,$229,$34,$347,$683,$20,$351,$64,$491,$1174,$8,$20,$-1,$19,$0,$0,$0,$-11,$-11,$15,$-13,$0,$0,$0,$0,$0,$4,$-10,$2,$3,$5,$-0,$-0,$-3,$0,$1,$6,$0,$-3
42,2008-03-31,13.49,$14.96,0.9,$49.88,0.27,$-0.33,0.0,$-2.06,0.0,$0.53B,$0.34B,1.57,$0.23B,$0.48B,0.47,$1.60B,$0.24B,15.17%,$1.60B,$-0.01B,-0.87%,$1.60B,$-0.01B,-0.87%,$1.60B,$0.07B,4.31%,$1.60B,$-0.02B,-1.00%,$1.60B,$-0.07B,-4.31%,$-0.07B,$0.48B,-13.63%,$-0.07B,$0.43B,-15.66%,$-0.07B,$1.17B,-5.86%,$-0.01B,$0.71B,-1.94%,$248,$207,$41,$0,$45,$260,$-12,$-1,$-13,$7,$-20,$-20,$-35,$-21,$-12,$32,32,$-1.10,$-1.10,$42,$113,$70,$533,$481,$24,$55,$75,$635,$1168,$339,$225,$37,$346,$685,$20,$346,$61,$483,$1168,$-69,$82,$71,$153,$-22,$-5,$1,$-8,$-3,$82,$-79,$0,$-2,$0,$0,$0,$0,$-81,$48,$-10,$38,$-7,$-7,$-23,$-0,$8,$12,$8,$-23
43,2007-12-31,14.98,$15.79,0.95,$48.89,0.31,$0.13,112.78,$-0.87,0.0,$0.57B,$0.37B,1.57,$0.23B,$0.51B,0.46,$1.57B,$0.24B,15.52%,$1.57B,$-0.00B,-0.25%,$1.57B,$-0.00B,-0.25%,$1.57B,$0.11B,6.81%,$1.57B,$-0.01B,-0.38%,$1.57B,$-0.04B,-2.29%,$-0.04B,$0.51B,-7.08%,$-0.04B,$0.45B,-8.22%,$-0.04B,$1.22B,-3.10%,$-0.00B,$0.74B,-0.56%,$481,$411,$70,$0,$61,$504,$-23,$-1,$-24,$31,$-55,$-55,$-55,$29,$-23,$32,32,$-1.71,$-1.71,$59,$130,$9,$573,$536,$22,$55,$37,$650,$1224,$365,$233,$34,$351,$715,$20,$389,$46,$508,$1224,$-33,$90,$10,$101,$0,$0,$0,$-7,$-7,$61,$-50,$0,$0,$0,$0,$0,$-1,$-51,$57,$-10,$47,$-7,$-7,$-17,$0,$23,$35,$0,$-17
44,2007-09-30,23.75,$16.38,1.45,$48.09,0.49,$0.03,713.18,$1.12,21.2,$0.50B,$0.33B,1.54,$0.20B,$0.53B,0.38,$1.55B,$0.25B,16.27%,$1.55B,$0.04B,2.39%,$1.55B,$0.04B,2.39%,$1.55B,$0.11B,7.30%,$1.55B,$0.04B,2.39%,$1.55B,$0.04B,2.26%,$0.04B,$0.53B,6.75%,$0.04B,$0.45B,7.93%,$0.04B,$1.17B,3.05%,$0.04B,$0.73B,5.22%,$429,$367,$62,$0,$55,$421,$7,$-2,$6,$-5,$10,$10,$10,$27,$7,$32,32,$0.32,$0.32,$39,$121,$9,$503,$519,$20,$77,$51,$666,$1169,$326,$203,$33,$315,$641,$20,$443,$13,$528,$1169,$21,$39,$-19,$20,$0,$0,$0,$-19,$-19,$23,$-28,$0,$0,$0,$0,$0,$0,$-28,$25,$6,$31,$-5,$-5,$-11,$0,$15,$12,$0,$-11
45,2007-06-30,19.91,$15.63,1.27,$48.08,0.41,$0.04,549.86,$1.16,17.16,$0.50B,$0.31B,1.62,$0.20B,$0.51B,0.39,$1.55B,$0.26B,16.67%,$1.55B,$0.04B,2.39%,$1.55B,$0.04B,2.39%,$1.55B,$0.11B,7.17%,$1.55B,$0.04B,2.39%,$1.55B,$0.04B,2.39%,$0.04B,$0.51B,7.15%,$0.04B,$0.43B,8.42%,$0.04B,$1.15B,3.26%,$0.04B,$0.70B,5.28%,$444,$374,$70,$0,$56,$430,$14,$0,$15,$4,$11,$11,$11,$34,$14,$32,32,$0.34,$0.34,$26,$117,$9,$501,$514,$19,$77,$36,$646,$1147,$310,$196,$39,$331,$641,$21,$445,$-8,$506,$1147,$11,$19,$-4,$15,$0,$0,$0,$-33,$-33,$-7,$-11,$0,$0,$0,$0,$0,$2,$-10,$20,$-7,$13,$-0,$-0,$-6,$0,$7,$-9,$0,$-6
46,2007-03-31,19.87,$15.22,1.31,$47.31,0.42,$0.22,89.06,$1.28,15.52,$0.46B,$0.31B,1.48,$0.18B,$0.49B,0.36,$1.53B,$0.27B,17.43%,$1.53B,$0.05B,3.15%,$1.53B,$0.05B,3.15%,$1.53B,$0.12B,7.80%,$1.53B,$0.05B,3.01%,$1.53B,$0.04B,2.75%,$0.04B,$0.49B,8.07%,$0.04B,$0.42B,9.46%,$0.04B,$1.10B,3.72%,$0.05B,$0.67B,6.85%,$218,$176,$42,$0,$42,$220,$-2,$-2,$-3,$0,$-4,$-4,$-2,$17,$-2,$32,32,$-0.07,$-0.08,$24,$108,$9,$457,$515,$19,$75,$36,$645,$1102,$308,$176,$30,$300,$608,$21,$439,$-15,$493,$1102,$43,$71,$-1,$71,$28,$-3,$-6,$-13,$-14,$100,$-83,$0,$-11,$-1,$0,$-1,$3,$-92,$22,$3,$25,$-12,$-12,$-23,$0,$-9,$-0,$7,$-23
47,2006-12-31,21.43,$16.93,1.27,$51.79,0.41,$1.17,18.39,$1.76,12.17,$0.47B,$0.31B,1.5,$0.18B,$0.55B,0.34,$1.69B,$0.30B,17.49%,$1.69B,$0.08B,4.43%,$1.69B,$0.08B,4.43%,$1.69B,$0.14B,8.39%,$1.69B,$0.08B,4.49%,$1.69B,$0.06B,3.37%,$0.06B,$0.55B,10.88%,$0.06B,$0.47B,12.69%,$0.06B,$1.17B,5.10%,$0.08B,$0.73B,10.75%,$458,$380,$78,$0,$59,$440,$18,$1,$19,$3,$16,$16,$16,$35,$18,$32,32,$0.51,$0.51,$22,$117,$0,$466,$520,$17,$80,$25,$700,$1166,$312,$184,$27,$307,$619,$20,$448,$35,$548,$1166,$45,$52,$-10,$43,$0,$0,$0,$-20,$-20,$68,$-60,$0,$-11,$0,$0,$0,$0,$-71,$28,$-6,$22,$-12,$-12,$-17,$0,$-7,$-12,$0,$-17
