,Date,Stock Price,Book Value per Share,Price to Book Ratio,TTM Sales per Share,Price to Sales Ratio,TTM FCF per Share,Price to FCF Ratio,TTM Net EPS,PE Ratio,Current Assets,Current Liabilities,Current Ratio,Long Term Debt,Shareholder's Equity_x,Debt to Equity Ratio,TTM Revenue_x,TTM Gross Profit,Gross Margin,TTM Revenue_y,TTM Operating Income,Operating Margin,TTM Revenue_x,TTM EBIT,EBIT Margin,TTM Revenue_y,TTM EBITDA,EBITDA Margin,TTM Revenue_x,TTM Pre-Tax Income,Pre-Tax Margin,TTM Revenue_y,TTM Net Income_x,Net Margin,TTM Net Income_y,Shareholder's Equity_y,Return on Equity,TTM Net Income_x,Tangible Equity,Return on Tangible Equity,TTM Net Income_y,Total Assets,Return on Assets,TTM Net Income,LT Investments & Debt,Return on Investment,revenue,cost-goods-sold,gross-profit,research-development-expenses,selling-general-administrative-expenses,operating-expenses,operating-income,total-non-operating-income-expense,pre-tax-income,total-provision-income-taxes,income-after-taxes,income-from-continuous-operations,net-income,ebitda,ebit,basic-shares-outstanding,shares-outstanding,eps-basic-net-earnings-per-share,eps-earnings-per-share-diluted,cash-on-hand,inventory,other-current-assets,total-current-assets,net-property-plant-equipment,long-term-investments,goodwill-intangible-assets-total,other-long-term-assets,total-long-term-assets,total-assets,total-current-liabilities,long-term-debt,other-non-current-liabilities,total-long-term-liabilities,total-liabilities,common-stock-net,retained-earnings-accumulated-deficit,comprehensive-income,total-share-holder-equity,total-liabilities-share-holders-equity,net-income-loss,total-depreciation-amortization-cash-flow,other-non-cash-items,total-non-cash-items,change-in-accounts-receivable,change-in-inventories,change-in-accounts-payable,change-in-assets-liabilities,total-change-in-assets-liabilities,cash-flow-from-operating-activities,net-change-in-property-plant-equipment,net-change-in-intangible-assets,net-acquisitions-divestitures,net-change-in-short-term-investments,net-change-in-long-term-investments,net-change-in-investments-total,investing-activities-other,cash-flow-from-investing-activities,net-long-term-debt,net-current-debt,debt-issuance-retirement-net-total,net-common-equity-issued-repurchased,net-total-equity-issued-repurchased,total-common-preferred-stock-dividends-paid,financial-activities-other,cash-flow-from-financial-activities,net-cash-flow,stock-based-compensation,common-stock-dividends-paid
0,2018-09-30,33.31,$28.57,1.17,$12.19,2.73,$7.29,4.57,$1.18,28.23,$2.42B,$2.72B,0.89,$0.18B,$0.35B,0.5,$0.15B,$0.13B,86.49%,$0.15B,$0.03B,20.27%,$0.15B,0,0.00%,$0.15B,0,0.00%,$0.15B,$0.03B,20.27%,$0.15B,$0.02B,14.19%,$0.02B,$0.35B,6.10%,$0.02B,$0.27B,7.82%,$0.02B,$3.27B,0.65%,$0.03B,$0.53B,5.89%,$38,$6,$32,$0,$23,$30,$9,$0,$9,$2,$7,$7,$7,$0,$0,$12,12,$0.55,$0.55,$53,$0,$0,$2416,$76,$602,$75,$88,$852,$3268,$2722,$176,$16,$196,$2919,$12,$164,$-9,$349,$3268,$23,$6,$4,$10,$-0,$0,$0,$-6,$-1,$31,$-4,$-0,$0,$0,$32,$32,$-90,$-62,$42,$-27,$15,$-1,$-1,$-7,$27,$34,$2,$1,$-7
1,2018-06-30,33.78,$28.33,1.19,$12.01,2.81,$7.64,4.42,$1.70,19.87,$2.39B,$2.73B,0.88,$0.18B,$0.35B,0.51,$0.15B,$0.13B,87.67%,$0.15B,$0.03B,19.86%,$0.15B,0,0.00%,$0.15B,0,0.00%,$0.15B,$0.03B,19.86%,$0.15B,$0.02B,13.70%,$0.02B,$0.35B,5.82%,$0.02B,$0.27B,7.48%,$0.02B,$3.28B,0.62%,$0.03B,$0.52B,5.68%,$37,$5,$32,$0,$21,$27,$10,$0,$10,$2,$8,$8,$8,$0,$0,$12,12,$0.67,$0.67,$43,$0,$0,$2392,$78,$634,$76,$88,$885,$3276,$2733,$177,$15,$197,$2930,$12,$159,$-7,$346,$3276,$16,$4,$3,$7,$0,$0,$0,$-5,$-1,$21,$-4,$-0,$0,$0,$2,$2,$-76,$-78,$77,$-21,$56,$-1,$-1,$-5,$-1,$49,$-8,$0,$-5
2,2018-03-31,33.1,$27.95,1.18,$11.83,2.8,$8.00,4.14,$1.62,20.43,$2.35B,$2.73B,0.86,$0.16B,$0.34B,0.46,$0.14B,$0.13B,88.89%,$0.14B,$0.03B,20.14%,$0.14B,0,0.00%,$0.14B,0,0.00%,$0.14B,$0.03B,20.14%,$0.14B,$0.02B,13.19%,$0.02B,$0.34B,5.54%,$0.02B,$0.27B,7.15%,$0.02B,$3.24B,0.60%,$0.03B,$0.50B,5.82%,$37,$5,$32,$0,$22,$27,$10,$0,$10,$2,$8,$8,$8,$0,$0,$12,12,$0.64,$0.64,$42,$0,$0,$2353,$78,$644,$76,$84,$889,$3242,$2727,$158,$10,$174,$2900,$12,$154,$-6,$341,$3242,$8,$2,$2,$4,$1,$0,$0,$-0,$-0,$11,$-3,$0,$0,$0,$-5,$-5,$-38,$-46,$31,$-28,$3,$-1,$-1,$-2,$27,$26,$-9,$0,$-2
3,2017-12-31,33.13,$27.85,1.19,$11.79,2.81,$8.77,3.78,$1.56,21.24,$2.33B,$2.70B,0.86,$0.15B,$0.34B,0.45,$0.14B,$0.13B,90.07%,$0.14B,$0.03B,19.86%,$0.14B,0,0.00%,$0.14B,0,0.00%,$0.14B,$0.03B,19.86%,$0.14B,$0.02B,12.77%,$0.02B,$0.34B,5.30%,$0.02B,$0.26B,6.88%,$0.02B,$3.21B,0.57%,$0.03B,$0.49B,5.73%,$36,$4,$32,$0,$30,$35,$1,$0,$1,$3,$-2,$-2,$-2,$0,$0,$12,12,$-0.14,$-0.14,$51,$0,$0,$2325,$76,$643,$77,$85,$887,$3212,$2704,$151,$11,$168,$2872,$12,$148,$-3,$340,$3212,$19,$8,$19,$27,$3,$0,$0,$-6,$-5,$41,$-5,$0,$0,$0,$0,$0,$-144,$-149,$-40,$14,$-26,$26,$26,$-8,$123,$116,$8,$1,$-8
4,2017-09-30,33.2,$28.36,1.17,$11.74,2.83,$8.83,3.76,$2.03,16.36,$2.29B,$2.60B,0.88,$0.18B,$0.35B,0.53,$0.14B,$0.13B,89.93%,$0.14B,$0.03B,22.30%,$0.14B,0,0.00%,$0.14B,0,0.00%,$0.14B,$0.03B,22.30%,$0.14B,$0.02B,17.27%,$0.02B,$0.35B,7.26%,$0.02B,$0.27B,9.51%,$0.02B,$3.14B,0.77%,$0.03B,$0.53B,6.44%,$36,$4,$32,$0,$23,$28,$8,$0,$8,$2,$6,$6,$6,$0,$0,$12,12,$0.52,$0.52,$42,$0,$0,$2294,$75,$611,$77,$81,$850,$3144,$2597,$183,$13,$201,$2798,$12,$151,$1,$347,$3144,$20,$6,$6,$13,$4,$0,$0,$-3,$1,$34,$-3,$0,$0,$0,$38,$38,$-111,$-76,$7,$6,$13,$26,$26,$-6,$9,$41,$-1,$1,$-6
5,2017-06-30,33.16,$28.06,1.18,$11.70,2.83,$8.86,3.74,$2.05,16.18,$2.24B,$2.60B,0.86,$0.13B,$0.34B,0.38,$0.14B,$0.12B,89.78%,$0.14B,$0.03B,23.36%,$0.14B,0,0.00%,$0.14B,0,0.00%,$0.14B,$0.03B,23.36%,$0.14B,$0.02B,17.52%,$0.02B,$0.34B,7.47%,$0.02B,$0.27B,9.91%,$0.02B,$3.09B,0.78%,$0.03B,$0.47B,6.93%,$35,$4,$32,$0,$20,$25,$10,$0,$10,$3,$7,$7,$7,$0,$0,$12,12,$0.59,$0.59,$49,$0,$0,$2239,$75,$625,$78,$69,$852,$3091,$2601,$129,$13,$147,$2748,$12,$147,$1,$343,$3091,$14,$4,$2,$6,$4,$0,$0,$-2,$3,$23,$-2,$0,$0,$0,$24,$24,$-33,$-11,$-18,$-22,$-40,$26,$26,$-4,$12,$-6,$6,$0,$-4
6,2017-03-31,33.39,$27.38,1.22,$11.76,2.84,$8.63,3.87,$1.88,17.76,$2.21B,$2.60B,0.85,$0.14B,$0.33B,0.41,$0.14B,$0.12B,89.71%,$0.14B,$0.03B,21.32%,$0.14B,0,0.00%,$0.14B,0,0.00%,$0.14B,$0.03B,21.32%,$0.14B,$0.02B,16.18%,$0.02B,$0.33B,7.05%,$0.02B,$0.25B,9.49%,$0.02B,$3.08B,0.72%,$0.03B,$0.46B,6.33%,$34,$3,$31,$0,$21,$25,$9,$0,$9,$3,$7,$7,$7,$0,$0,$12,12,$0.58,$0.58,$54,$0,$0,$2210,$75,$646,$79,$67,$873,$3084,$2600,$135,$16,$156,$2756,$12,$142,$-0,$328,$3084,$7,$2,$1,$3,$5,$0,$0,$0,$8,$18,$-1,$0,$0,$0,$1,$1,$-0,$-0,$-57,$-15,$-72,$17,$17,$-2,$49,$-7,$11,$0,$-2
7,2016-12-31,36.45,$26.71,1.36,$11.85,3.08,$8.14,4.48,$1.78,20.48,$2.21B,$2.60B,0.85,$0.16B,$0.31B,0.51,$0.14B,$0.12B,89.78%,$0.14B,$0.03B,19.71%,$0.14B,0,0.00%,$0.14B,0,0.00%,$0.14B,$0.03B,19.71%,$0.14B,$0.02B,15.33%,$0.02B,$0.31B,6.87%,$0.02B,$0.23B,9.36%,$0.02B,$3.08B,0.70%,$0.03B,$0.46B,5.90%,$34,$3,$30,$0,$25,$29,$4,$0,$4,$1,$4,$4,$4,$0,$0,$11,11,$0.33,$0.34,$43,$0,$0,$2205,$75,$646,$80,$68,$875,$3080,$2600,$156,$13,$174,$2774,$12,$137,$-1,$305,$3080,$20,$10,$5,$15,$-1,$0,$0,$2,$2,$38,$-3,$0,$0,$0,$-109,$-109,$-11,$-124,$57,$15,$72,$0,$0,$-7,$17,$82,$-4,$1,$-7
8,2016-09-30,29.3,$27.07,1.08,$12.35,2.37,$6.92,4.23,$2.16,13.57,$2.19B,$2.53B,0.87,$0.14B,$0.31B,0.46,$0.14B,$0.13B,90.65%,$0.14B,$0.03B,23.74%,$0.14B,0,0.00%,$0.14B,0,0.00%,$0.14B,$0.03B,23.74%,$0.14B,$0.03B,17.99%,$0.03B,$0.31B,8.24%,$0.03B,$0.23B,11.33%,$0.03B,$3.00B,0.84%,$0.03B,$0.45B,7.35%,$34,$3,$30,$0,$20,$25,$9,$0,$9,$3,$6,$6,$6,$0,$0,$11,11,$0.54,$0.54,$52,$0,$0,$2188,$75,$587,$81,$69,$814,$3002,$2530,$142,$15,$162,$2692,$12,$135,$5,$310,$3002,$17,$8,$2,$10,$1,$0,$0,$2,$6,$32,$-3,$0,$0,$0,$-39,$-39,$15,$-27,$27,$-4,$23,$0,$0,$-5,$-18,$0,$5,$1,$-5
9,2016-06-30,27.41,$26.69,1.03,$12.52,2.19,$5.28,5.19,$2.29,11.97,$2.28B,$2.53B,0.9,$0.15B,$0.31B,0.49,$0.14B,$0.13B,91.43%,$0.14B,$0.03B,24.29%,$0.14B,0,0.00%,$0.14B,0,0.00%,$0.14B,$0.03B,24.29%,$0.14B,$0.03B,19.29%,$0.03B,$0.31B,9.05%,$0.03B,$0.22B,12.54%,$0.03B,$3.00B,0.91%,$0.03B,$0.46B,7.69%,$34,$3,$31,$0,$23,$27,$7,$0,$7,$2,$5,$5,$5,$0,$0,$11,11,$0.42,$0.42,$111,$0,$0,$2275,$76,$497,$82,$72,$727,$3002,$2526,$151,$15,$171,$2697,$12,$131,$5,$305,$3002,$10,$5,$1,$7,$-0,$0,$0,$-0,$3,$20,$-3,$0,$0,$0,$52,$52,$-11,$38,$16,$-7,$9,$0,$0,$-4,$0,$5,$64,$0,$-4
10,2016-03-31,26.2,$26.41,0.99,$12.54,2.09,$3.35,7.81,$2.29,11.44,$2.23B,$2.49B,0.89,$0.16B,$0.30B,0.52,$0.14B,$0.13B,91.91%,$0.14B,$0.03B,25.00%,$0.14B,0,0.00%,$0.14B,0,0.00%,$0.14B,$0.03B,25.00%,$0.14B,$0.03B,19.12%,$0.03B,$0.30B,8.91%,$0.03B,$0.22B,12.43%,$0.03B,$2.96B,0.88%,$0.03B,$0.46B,7.92%,$35,$3,$32,$0,$23,$27,$7,$0,$7,$2,$6,$6,$6,$0,$0,$11,11,$0.49,$0.48,$61,$0,$0,$2226,$75,$506,$83,$74,$738,$2964,$2489,$157,$11,$173,$2662,$12,$128,$5,$302,$2964,$6,$3,$0,$3,$4,$0,$0,$-0,$3,$12,$-1,$0,$0,$0,$42,$42,$-17,$25,$22,$-10,$13,$0,$0,$-2,$-34,$-23,$14,$0,$-2
11,2015-12-31,28.85,$25.96,1.11,$11.93,2.42,$3.11,9.27,$2.38,12.12,$2.20B,$2.53B,0.87,$0.13B,$0.30B,0.45,$0.12B,$0.11B,91.74%,$0.12B,$0.03B,27.27%,$0.12B,0,0.00%,$0.12B,0,0.00%,$0.12B,$0.03B,27.27%,$0.12B,$0.03B,20.66%,$0.03B,$0.30B,9.42%,$0.03B,$0.21B,12.39%,$0.03B,$2.98B,0.94%,$0.03B,$0.43B,8.52%,$36,$3,$33,$0,$22,$26,$10,$0,$10,$1,$8,$8,$8,$0,$0,$10,10,$0.75,$0.76,$47,$0,$0,$2197,$76,$546,$84,$77,$783,$2980,$2534,$133,$12,$150,$2684,$12,$124,$3,$296,$2980,$25,$8,$6,$14,$-3,$0,$0,$2,$-7,$33,$-14,$0,$-36,$0,$138,$138,$-83,$5,$-12,$-9,$-22,$8,$8,$-6,$6,$-14,$24,$1,$-6
12,2015-09-30,27.63,$25.48,1.08,$10.85,2.55,$2.59,10.67,$2.12,13.03,$2.23B,$2.54B,0.88,$0.13B,$0.29B,0.46,$0.11B,$0.10B,90.48%,$0.11B,$0.03B,27.62%,$0.11B,0,0.00%,$0.11B,0,0.00%,$0.11B,$0.03B,27.62%,$0.11B,$0.02B,20.00%,$0.02B,$0.29B,8.76%,$0.02B,$0.21B,10.78%,$0.02B,$2.98B,0.89%,$0.03B,$0.43B,8.16%,$35,$3,$32,$0,$22,$26,$10,$0,$10,$2,$8,$8,$8,$0,$0,$11,11,$0.67,$0.67,$92,$0,$0,$2228,$75,$518,$83,$75,$754,$2982,$2539,$134,$13,$152,$2691,$12,$117,$5,$291,$2982,$17,$6,$3,$9,$-3,$0,$0,$4,$-4,$22,$-12,$0,$-36,$0,$168,$168,$-67,$53,$-12,$-8,$-20,$8,$8,$-5,$10,$-6,$69,$0,$-5
13,2015-06-30,30.92,$24.37,1.27,$10.13,3.05,$2.76,11.22,$2.04,15.16,$2.16B,$2.50B,0.86,$0.13B,$0.28B,0.46,$0.09B,$0.08B,90.00%,$0.09B,$0.03B,28.89%,$0.09B,0,0.00%,$0.09B,0,0.00%,$0.09B,$0.03B,28.89%,$0.09B,$0.02B,20.00%,$0.02B,$0.28B,8.40%,$0.02B,$0.20B,9.56%,$0.02B,$2.92B,0.87%,$0.03B,$0.40B,7.99%,$30,$2,$28,$0,$20,$23,$7,$0,$7,$3,$4,$4,$4,$0,$0,$10,10,$0.43,$0.42,$47,$0,$0,$2159,$71,$529,$79,$82,$764,$2922,$2498,$127,$15,$146,$2644,$12,$111,$3,$278,$2922,$9,$4,$0,$4,$-7,$0,$0,$-1,$-10,$3,$-7,$0,$-36,$0,$156,$156,$-39,$74,$5,$-10,$-5,$8,$8,$-3,$-53,$-53,$23,$0,$-3
14,2015-03-31,26.94,$23.58,1.14,$9.51,2.83,$4.23,6.37,$2.18,12.36,$1.19B,$1.47B,0.81,$0.09B,$0.20B,0.47,$0.08B,$0.07B,87.50%,$0.08B,$0.03B,31.25%,$0.08B,0,0.00%,$0.08B,0,0.00%,$0.08B,$0.03B,31.25%,$0.08B,$0.02B,23.75%,$0.02B,$0.20B,9.92%,$0.02B,$0.19B,10.38%,$0.02B,$1.78B,1.07%,$0.03B,$0.29B,8.31%,$20,$2,$18,$0,$12,$14,$6,$0,$6,$2,$5,$5,$5,$0,$0,$8,8,$0.57,$0.57,$21,$0,$0,$1193,$39,$463,$8,$72,$585,$1778,$1473,$93,$10,$107,$1581,$9,$109,$6,$197,$1778,$5,$1,$0,$1,$0,$0,$0,$0,$3,$9,$-2,$0,$0,$0,$65,$65,$-43,$20,$-24,$-5,$-29,$0,$0,$-1,$-0,$-31,$-2,$0,$-1
15,2014-12-31,26.79,$23.07,1.16,$9.44,2.84,$3.82,7.02,$2.19,12.23,$1.15B,$1.49B,0.77,$0.11B,$0.19B,0.56,$0.08B,$0.07B,87.50%,$0.08B,$0.03B,32.50%,$0.08B,0,0.00%,$0.08B,0,0.00%,$0.08B,$0.03B,32.50%,$0.08B,$0.02B,23.75%,$0.02B,$0.19B,10.11%,$0.02B,$0.18B,10.60%,$0.02B,$1.80B,1.07%,$0.03B,$0.30B,8.52%,$20,$2,$17,$0,$12,$14,$6,$0,$6,$2,$4,$4,$4,$0,$0,$8,8,$0.46,$0.46,$23,$0,$0,$1151,$38,$526,$8,$73,$649,$1800,$1488,$108,$8,$120,$1608,$9,$105,$5,$193,$1800,$19,$4,$3,$7,$-1,$0,$0,$-1,$-2,$23,$-12,$0,$0,$0,$11,$11,$-47,$-47,$-2,$-0,$-2,$-4,$-4,$-5,$34,$23,$-1,$0,$-5
16,2014-09-30,21.28,$22.63,0.94,$9.34,2.28,$5.30,4.02,$2.25,9.46,$1.16B,$1.50B,0.78,$0.12B,$0.19B,0.62,$0.08B,$0.07B,88.61%,$0.08B,$0.03B,32.91%,$0.08B,0,0.00%,$0.08B,0,0.00%,$0.08B,$0.03B,32.91%,$0.08B,$0.02B,24.05%,$0.02B,$0.19B,10.31%,$0.02B,$0.18B,10.83%,$0.02B,$1.81B,1.08%,$0.03B,$0.31B,8.53%,$20,$2,$18,$0,$11,$13,$7,$0,$7,$2,$5,$5,$5,$0,$0,$8,8,$0.59,$0.59,$67,$0,$0,$1164,$34,$535,$8,$67,$648,$1813,$1496,$116,$8,$128,$1624,$9,$102,$4,$189,$1813,$15,$3,$2,$6,$-1,$0,$0,$-1,$-3,$17,$-8,$0,$0,$0,$2,$2,$-8,$-15,$-10,$0,$-10,$-4,$-4,$-4,$57,$40,$43,$0,$-4
17,2014-06-30,22.06,$22.21,0.99,$9.30,2.37,$6.40,3.45,$2.23,9.89,$1.10B,$1.41B,0.78,$0.12B,$0.19B,0.64,$0.08B,$0.07B,87.34%,$0.08B,$0.03B,32.91%,$0.08B,0,0.00%,$0.08B,0,0.00%,$0.08B,$0.03B,32.91%,$0.08B,$0.02B,24.05%,$0.02B,$0.19B,10.50%,$0.02B,$0.18B,11.05%,$0.02B,$1.73B,1.09%,$0.03B,$0.31B,8.32%,$20,$2,$17,$0,$11,$13,$6,$0,$6,$2,$5,$5,$5,$0,$0,$8,8,$0.56,$0.56,$22,$0,$0,$1103,$32,$515,$9,$68,$627,$1730,$1410,$119,$10,$133,$1543,$9,$99,$5,$187,$1730,$10,$2,$3,$5,$-0,$0,$0,$-0,$0,$15,$-6,$0,$0,$0,$22,$22,$6,$22,$-4,$-4,$-8,$-3,$-3,$-2,$-27,$-40,$-3,$0,$-2
18,2014-03-31,23.06,$21.62,1.07,$9.37,2.46,$6.93,3.33,$2.20,10.48,$1.10B,$1.43B,0.77,$0.12B,$0.18B,0.68,$0.08B,$0.07B,87.34%,$0.08B,$0.03B,32.91%,$0.08B,0,0.00%,$0.08B,0,0.00%,$0.08B,$0.03B,32.91%,$0.08B,$0.02B,24.05%,$0.02B,$0.18B,10.72%,$0.02B,$0.17B,11.29%,$0.02B,$1.75B,1.09%,$0.03B,$0.31B,8.16%,$20,$2,$18,$0,$11,$13,$7,$0,$7,$2,$5,$5,$5,$0,$0,$8,9,$0.59,$0.58,$35,$0,$0,$1101,$30,$531,$9,$71,$645,$1746,$1429,$124,$6,$134,$1563,$9,$95,$3,$183,$1746,$5,$1,$3,$4,$1,$0,$0,$-2,$-3,$6,$-3,$0,$0,$0,$4,$4,$17,$18,$-3,$-9,$-12,$-1,$-1,$-1,$1,$-14,$10,$0,$-1
19,2013-12-31,24.72,$20.99,1.18,$9.48,2.61,$6.87,3.6,$2.18,11.34,$1.11B,$1.44B,0.77,$0.12B,$0.18B,0.69,$0.08B,$0.07B,86.25%,$0.08B,$0.03B,32.50%,$0.08B,0,0.00%,$0.08B,0,0.00%,$0.08B,$0.03B,32.50%,$0.08B,$0.02B,23.75%,$0.02B,$0.18B,10.81%,$0.02B,$0.17B,11.39%,$0.02B,$1.76B,1.08%,$0.03B,$0.30B,7.93%,$19,$3,$17,$0,$10,$13,$6,$0,$6,$2,$4,$4,$4,$0,$0,$8,9,$0.52,$0.52,$25,$0,$0,$1108,$28,$531,$9,$71,$647,$1755,$1442,$122,$9,$135,$1577,$9,$91,$1,$178,$1755,$19,$5,$0,$6,$1,$0,$0,$5,$4,$28,$-5,$0,$0,$0,$41,$41,$-42,$-5,$-8,$-8,$-15,$-1,$-1,$-4,$-25,$-45,$-22,$0,$-4
20,2013-09-30,23.26,$20.72,1.12,$9.69,2.4,$6.92,3.36,$2.17,10.72,$1.10B,$1.39B,0.79,$0.16B,$0.18B,0.92,$0.08B,$0.07B,84.15%,$0.08B,$0.03B,31.71%,$0.08B,0,0.00%,$0.08B,0,0.00%,$0.08B,$0.03B,31.71%,$0.08B,$0.02B,23.17%,$0.02B,$0.18B,10.87%,$0.02B,$0.17B,11.48%,$0.02B,$1.74B,1.08%,$0.03B,$0.34B,7.87%,$20,$3,$17,$0,$10,$13,$7,$0,$7,$2,$5,$5,$5,$0,$0,$8,9,$0.57,$0.57,$26,$0,$0,$1097,$27,$523,$9,$76,$641,$1739,$1390,$161,$9,$173,$1563,$9,$88,$2,$176,$1739,$14,$4,$0,$4,$1,$0,$0,$3,$3,$21,$-3,$0,$0,$0,$52,$52,$-33,$16,$33,$-10,$23,$-1,$-1,$-3,$-78,$-59,$-21,$0,$-3
21,2013-06-30,21.65,$20.35,1.06,$9.79,2.21,$6.49,3.34,$2.12,10.21,$1.08B,$1.40B,0.77,$0.16B,$0.17B,0.92,$0.08B,$0.07B,83.13%,$0.08B,$0.03B,30.12%,$0.08B,0,0.00%,$0.08B,0,0.00%,$0.08B,$0.03B,30.12%,$0.08B,$0.02B,21.69%,$0.02B,$0.17B,10.36%,$0.02B,$0.16B,10.96%,$0.02B,$1.74B,1.02%,$0.03B,$0.33B,7.68%,$20,$3,$17,$0,$11,$14,$6,$0,$6,$2,$5,$5,$5,$0,$0,$8,9,$0.54,$0.53,$24,$0,$0,$1079,$26,$543,$9,$79,$663,$1742,$1398,$159,$9,$172,$1570,$9,$84,$3,$172,$1742,$9,$3,$1,$4,$1,$0,$0,$3,$3,$16,$-2,$0,$0,$0,$33,$33,$-19,$12,$25,$-11,$14,$-1,$-1,$-2,$-63,$-52,$-24,$0,$-2
22,2013-03-31,21.31,$20.81,1.02,$10.38,2.05,$7.26,2.93,$2.00,10.66,$1.06B,$1.43B,0.74,$0.17B,$0.18B,0.95,$0.09B,$0.07B,82.95%,$0.09B,$0.02B,26.14%,$0.09B,0,0.00%,$0.09B,0,0.00%,$0.09B,$0.02B,26.14%,$0.09B,$0.02B,19.32%,$0.02B,$0.18B,9.86%,$0.02B,$0.17B,10.45%,$0.02B,$1.79B,0.97%,$0.02B,$0.34B,7.17%,$21,$3,$18,$0,$11,$15,$7,$0,$7,$2,$5,$5,$5,$0,$0,$8,9,$0.56,$0.56,$22,$0,$0,$1058,$25,$605,$9,$87,$728,$1786,$1431,$168,$7,$178,$1609,$9,$84,$7,$177,$1786,$5,$1,$0,$2,$1,$0,$0,$-2,$-4,$3,$-0,$0,$0,$0,$-17,$-17,$-3,$-20,$34,$-15,$19,$0,$0,$-1,$-26,$-8,$-25,$0,$-1
23,2012-12-31,18.26,$20.51,0.89,$10.44,1.75,$7.90,2.31,$1.96,9.32,$1.08B,$1.47B,0.73,$0.14B,$0.17B,0.78,$0.09B,$0.07B,80.90%,$0.09B,$0.02B,24.72%,$0.09B,0,0.00%,$0.09B,0,0.00%,$0.09B,$0.02B,24.72%,$0.09B,$0.02B,17.98%,$0.02B,$0.17B,9.52%,$0.02B,$0.16B,10.13%,$0.02B,$1.79B,0.92%,$0.02B,$0.31B,7.04%,$21,$4,$17,$0,$11,$15,$6,$0,$6,$1,$4,$4,$4,$0,$0,$8,9,$0.51,$0.51,$47,$0,$0,$1078,$26,$590,$9,$89,$715,$1793,$1470,$136,$10,$149,$1619,$9,$77,$11,$174,$1793,$17,$5,$-2,$3,$1,$0,$0,$0,$3,$23,$2,$0,$0,$0,$-54,$-54,$-36,$-88,$-29,$21,$-8,$-1,$-1,$-3,$93,$80,$15,$0,$-3
24,2012-09-30,19.08,$20.21,0.94,$10.38,1.84,$7.52,2.54,$1.84,10.37,$1.06B,$1.39B,0.76,$0.15B,$0.17B,0.85,$0.09B,$0.07B,79.78%,$0.09B,$0.02B,22.47%,$0.09B,0,0.00%,$0.09B,0,0.00%,$0.09B,$0.02B,22.47%,$0.09B,$0.02B,16.85%,$0.02B,$0.17B,9.17%,$0.02B,$0.16B,9.77%,$0.02B,$1.72B,0.88%,$0.02B,$0.32B,6.39%,$21,$4,$17,$0,$11,$15,$6,$0,$6,$1,$4,$4,$4,$0,$0,$8,9,$0.50,$0.50,$50,$0,$0,$1059,$26,$536,$10,$92,$663,$1722,$1393,$146,$8,$157,$1550,$9,$76,$9,$172,$1722,$12,$4,$-2,$2,$-0,$0,$0,$-1,$-2,$13,$2,$0,$0,$0,$3,$3,$-14,$-9,$-19,$14,$-5,$-1,$-1,$-2,$22,$14,$18,$0,$-2
25,2012-06-30,18.97,$19.67,0.96,$10.39,1.83,$7.40,2.56,$1.74,10.9,$1.02B,$1.38B,0.74,$0.15B,$0.17B,0.87,$0.09B,$0.07B,78.65%,$0.09B,$0.02B,21.35%,$0.09B,0,0.00%,$0.09B,0,0.00%,$0.09B,$0.02B,21.35%,$0.09B,$0.02B,16.85%,$0.02B,$0.17B,9.39%,$0.02B,$0.16B,10.03%,$0.02B,$1.71B,0.89%,$0.02B,$0.31B,6.10%,$25,$4,$21,$0,$17,$21,$4,$0,$4,$1,$4,$4,$4,$0,$0,$8,9,$0.42,$0.41,$30,$0,$0,$1021,$25,$554,$10,$97,$686,$1707,$1375,$146,$17,$166,$1541,$9,$73,$8,$167,$1707,$8,$3,$-4,$-1,$2,$0,$0,$-1,$9,$16,$4,$0,$0,$0,$-16,$-16,$-3,$-16,$-19,$4,$-15,$-1,$-1,$-1,$15,$-3,$-2,$0,$-1
26,2012-03-31,17.0,$18.82,0.9,$9.78,1.74,$6.38,2.66,$1.68,10.12,$1.03B,$1.40B,0.74,$0.15B,$0.16B,0.95,$0.09B,$0.07B,76.47%,$0.09B,$0.02B,22.35%,$0.09B,0,0.00%,$0.09B,0,0.00%,$0.09B,$0.02B,22.35%,$0.09B,$0.01B,16.47%,$0.01B,$0.16B,8.74%,$0.01B,$0.15B,9.35%,$0.01B,$1.73B,0.84%,$0.02B,$0.31B,6.02%,$22,$4,$17,$0,$11,$16,$6,$0,$6,$2,$4,$4,$4,$0,$0,$8,9,$0.52,$0.52,$52,$0,$0,$1028,$26,$559,$10,$100,$698,$1726,$1397,$152,$15,$170,$1567,$9,$70,$4,$159,$1726,$4,$1,$0,$2,$2,$0,$0,$-0,$2,$8,$-1,$0,$0,$0,$-22,$-22,$9,$-14,$-13,$2,$-11,$-1,$-1,$-1,$38,$25,$19,$0,$-1
27,2011-12-31,12.78,$18.35,0.7,$9.62,1.33,$6.69,1.91,$1.47,8.69,$1.02B,$1.37B,0.74,$0.16B,$0.16B,0.99,$0.08B,$0.06B,75.00%,$0.08B,$0.02B,20.24%,$0.08B,0,0.00%,$0.08B,0,0.00%,$0.08B,$0.02B,20.24%,$0.08B,$0.01B,15.48%,$0.01B,$0.16B,8.09%,$0.01B,$0.15B,8.67%,$0.01B,$1.70B,0.79%,$0.02B,$0.31B,5.46%,$21,$5,$16,$0,$12,$16,$4,$0,$4,$1,$3,$3,$3,$0,$0,$9,9,$0.39,$0.39,$33,$0,$0,$1015,$26,$536,$10,$103,$680,$1695,$1365,$155,$14,$173,$1539,$9,$66,$3,$156,$1695,$13,$5,$3,$8,$-1,$0,$0,$-3,$2,$24,$-2,$0,$0,$0,$-60,$-60,$-35,$-98,$22,$-2,$20,$-2,$-18,$-2,$87,$87,$12,$0,$-2
28,2011-09-30,12.48,$18.26,0.68,$9.72,1.28,$6.49,1.92,$1.37,9.11,$0.99B,$1.31B,0.76,$0.15B,$0.16B,0.99,$0.09B,$0.06B,74.12%,$0.09B,$0.02B,21.18%,$0.09B,0,0.00%,$0.09B,0,0.00%,$0.09B,$0.02B,20.00%,$0.09B,$0.01B,15.29%,$0.01B,$0.16B,8.06%,$0.01B,$0.15B,8.65%,$0.01B,$1.63B,0.80%,$0.02B,$0.31B,5.83%,$21,$5,$16,$0,$11,$16,$5,$0,$5,$1,$4,$4,$4,$0,$0,$9,9,$0.42,$0.42,$42,$0,$0,$994,$26,$494,$10,$106,$638,$1633,$1310,$154,$7,$166,$1476,$9,$63,$6,$157,$1633,$10,$4,$2,$6,$-1,$0,$0,$-2,$-1,$15,$-1,$0,$0,$0,$-17,$-17,$-7,$-25,$12,$-8,$4,$-2,$-18,$-2,$47,$32,$21,$0,$-2
29,2011-06-30,12.53,$19.55,0.64,$9.76,1.28,$6.12,2.05,$1.25,10.02,$0.99B,$1.31B,0.76,$0.16B,$0.15B,1.05,$0.09B,$0.06B,74.12%,$0.09B,$0.02B,20.00%,$0.09B,0,0.00%,$0.09B,0,0.00%,$0.09B,$0.02B,18.82%,$0.09B,$0.01B,14.12%,$0.01B,$0.17B,7.40%,$0.01B,$0.16B,7.93%,$0.01B,$1.65B,0.75%,$0.02B,$0.33B,5.50%,$21,$5,$16,$0,$11,$16,$4,$0,$4,$1,$3,$3,$3,$0,$0,$9,9,$0.35,$0.35,$42,$0,$0,$994,$25,$504,$11,$108,$652,$1645,$1306,$160,$6,$170,$1477,$9,$60,$3,$169,$1645,$6,$3,$2,$4,$2,$0,$0,$-1,$2,$12,$-0,$0,$0,$0,$-31,$-31,$-12,$-43,$18,$-2,$16,$0,$0,$-1,$37,$52,$21,$0,$-1
30,2011-03-31,12.82,$18.71,0.69,$9.88,1.3,$6.28,2.04,$1.17,10.95,$0.96B,$1.31B,0.73,$0.13B,$0.15B,0.91,$0.09B,$0.06B,73.26%,$0.09B,$0.02B,19.77%,$0.09B,0,0.00%,$0.09B,0,0.00%,$0.09B,$0.02B,18.60%,$0.09B,$0.01B,12.79%,$0.01B,$0.16B,6.91%,$0.01B,$0.15B,7.42%,$0.01B,$1.62B,0.70%,$0.02B,$0.29B,5.61%,$21,$5,$15,$0,$11,$17,$4,$0,$4,$1,$3,$3,$3,$0,$0,$9,9,$0.31,$0.31,$24,$0,$0,$957,$26,$506,$11,$113,$662,$1618,$1311,$133,$9,$145,$1457,$9,$58,$-1,$161,$1618,$3,$1,$1,$2,$1,$0,$0,$-0,$5,$11,$-0,$0,$0,$0,$-39,$-39,$3,$-37,$-10,$-4,$-14,$0,$0,$-1,$44,$29,$3,$0,$-1
31,2010-12-31,13.01,$18.39,0.71,$9.95,1.31,$5.71,2.28,$1.07,12.15,$0.96B,$1.27B,0.75,$0.14B,$0.14B,1.0,$0.09B,$0.06B,73.26%,$0.09B,$0.02B,18.60%,$0.09B,0,0.00%,$0.09B,0,0.00%,$0.09B,$0.02B,17.44%,$0.09B,$0.01B,11.63%,$0.01B,$0.16B,6.35%,$0.01B,$0.15B,6.84%,$0.01B,$1.58B,0.64%,$0.02B,$0.30B,5.26%,$22,$5,$16,$0,$11,$17,$5,$0,$4,$1,$3,$3,$3,$0,$0,$9,9,$0.30,$0.29,$21,$0,$0,$955,$27,$466,$11,$116,$627,$1581,$1271,$143,$5,$151,$1423,$9,$56,$-2,$158,$1581,$10,$6,$4,$10,$1,$0,$0,$-1,$1,$20,$-1,$0,$0,$0,$-99,$-99,$33,$-67,$-5,$7,$2,$0,$0,$-3,$39,$39,$-7,$0,$-3
32,2010-09-30,12.58,$18.70,0.67,$9.93,1.27,$4.47,2.81,$0.94,13.38,$0.98B,$1.23B,0.8,$0.15B,$0.15B,1.04,$0.09B,$0.06B,72.94%,$0.09B,$0.01B,16.47%,$0.09B,0,0.00%,$0.09B,0,0.00%,$0.09B,$0.01B,15.29%,$0.09B,$0.01B,9.41%,$0.01B,$0.16B,5.13%,$0.01B,$0.15B,5.54%,$0.01B,$1.55B,0.52%,$0.01B,$0.31B,4.62%,$21,$6,$16,$0,$12,$18,$4,$0,$4,$1,$3,$3,$3,$0,$0,$9,9,$0.30,$0.30,$26,$0,$0,$984,$27,$412,$11,$115,$570,$1554,$1230,$152,$7,$163,$1392,$9,$54,$3,$161,$1554,$7,$4,$4,$8,$-4,$0,$0,$-1,$-4,$12,$-1,$0,$0,$0,$-37,$-37,$18,$-20,$6,$-0,$5,$0,$0,$-2,$3,$7,$-2,$0,$-2
33,2010-06-30,13.23,$18.27,0.72,$9.83,1.35,$4.84,2.73,$0.71,18.63,$0.98B,$1.25B,0.79,$0.15B,$0.14B,1.04,$0.09B,$0.06B,69.41%,$0.09B,$0.01B,11.76%,$0.09B,0,0.00%,$0.09B,0,0.00%,$0.09B,$0.01B,10.59%,$0.09B,$0.01B,7.06%,$0.01B,$0.16B,3.90%,$0.01B,$0.15B,4.23%,$0.01B,$1.56B,0.39%,$0.01B,$0.31B,3.32%,$22,$6,$16,$0,$12,$18,$4,$0,$4,$1,$3,$3,$2,$0,$0,$9,9,$0.27,$0.27,$26,$0,$0,$979,$28,$423,$12,$118,$585,$1564,$1246,$148,$9,$160,$1406,$9,$51,$1,$157,$1564,$5,$3,$3,$6,$2,$0,$0,$-1,$4,$14,$-1,$0,$0,$0,$-50,$-50,$15,$-35,$10,$-5,$5,$0,$0,$-1,$16,$20,$-1,$0,$-1
34,2010-03-31,10.04,$17.90,0.56,$9.83,1.02,$4.28,2.35,$0.51,19.7,$0.99B,$1.24B,0.8,$0.14B,$0.14B,1.04,$0.09B,$0.06B,67.06%,$0.09B,$0.01B,8.24%,$0.09B,0,0.00%,$0.09B,0,0.00%,$0.09B,$0.01B,7.06%,$0.09B,$0.01B,5.88%,$0.01B,$0.15B,3.30%,$0.01B,$0.14B,3.60%,$0.01B,$1.54B,0.32%,$0.01B,$0.30B,2.31%,$21,$6,$15,$0,$13,$19,$3,$0,$3,$1,$2,$2,$2,$0,$0,$9,9,$0.21,$0.21,$42,$0,$0,$993,$29,$381,$12,$122,$549,$1542,$1235,$143,$6,$153,$1388,$9,$49,$0,$154,$1542,$2,$2,$2,$3,$1,$0,$0,$-0,$1,$6,$-0,$0,$0,$0,$-10,$-10,$14,$3,$-4,$-4,$-8,$0,$0,$-1,$13,$5,$14,$0,$-1
35,2009-12-31,7.41,$17.69,0.42,$9.97,0.74,$4.23,1.75,$0.42,17.65,$0.99B,$1.23B,0.81,$0.15B,$0.14B,1.07,$0.09B,$0.06B,66.28%,$0.09B,$0.01B,5.81%,$0.09B,0,0.00%,$0.09B,0,0.00%,$0.09B,$0.00B,4.65%,$0.09B,$0.00B,4.65%,$0.00B,$0.15B,2.67%,$0.00B,$0.14B,2.92%,$0.00B,$1.54B,0.26%,$0.01B,$0.30B,1.61%,$21,$6,$15,$0,$12,$18,$3,$0,$2,$0,$2,$2,$1,$0,$0,$9,9,$0.16,$0.16,$28,$0,$0,$993,$29,$371,$12,$124,$541,$1535,$1227,$146,$6,$155,$1383,$9,$48,$-0,$152,$1535,$4,$6,$8,$13,$4,$0,$0,$-2,$-6,$12,$-3,$0,$0,$0,$-88,$-88,$50,$-41,$-40,$-1,$-41,$0,$16,$-3,$52,$23,$-5,$0,$-3
36,2009-09-30,7.53,$17.65,0.43,$9.49,0.79,$3.01,2.51,$-3.40,0.0,$1.00B,$1.21B,0.83,$0.15B,$0.14B,1.12,$0.08B,$0.05B,61.73%,$0.08B,$-0.03B,-39.51%,$0.08B,0,0.00%,$0.08B,0,0.00%,$0.08B,$-0.03B,-39.51%,$0.08B,$-0.03B,-35.80%,$-0.03B,$0.15B,-20.10%,$-0.03B,$0.14B,-22.10%,$-0.03B,$1.53B,-1.89%,$-0.03B,$0.31B,-10.27%,$21,$7,$13,$0,$13,$20,$0,$0,$0,$-1,$1,$1,$1,$0,$0,$9,9,$0.07,$0.07,$27,$0,$0,$1001,$30,$362,$12,$122,$529,$1530,$1206,$153,$15,$172,$1378,$9,$47,$0,$152,$1530,$3,$3,$10,$13,$4,$0,$0,$5,$1,$17,$-3,$0,$0,$0,$-69,$-69,$40,$-32,$-34,$6,$-28,$0,$16,$-3,$25,$10,$-6,$0,$-3
37,2009-06-30,6.55,$17.15,0.38,$9.70,0.67,$1.97,3.32,$-3.27,0.0,$1.04B,$1.24B,0.84,$0.17B,$0.13B,1.26,$0.08B,$0.05B,62.20%,$0.08B,$-0.03B,-36.59%,$0.08B,0,0.00%,$0.08B,0,0.00%,$0.08B,$-0.03B,-36.59%,$0.08B,$-0.03B,-34.15%,$-0.03B,$0.15B,-19.08%,$-0.03B,$0.14B,-22.05%,$-0.03B,$1.57B,-1.82%,$-0.03B,$0.31B,-9.39%,$22,$8,$14,$0,$13,$21,$1,$0,$1,$0,$1,$1,$1,$0,$0,$9,9,$0.07,$0.07,$44,$0,$0,$1035,$30,$370,$13,$120,$538,$1573,$1236,$166,$20,$190,$1426,$9,$47,$-4,$148,$1573,$2,$1,$5,$6,$3,$0,$0,$5,$2,$11,$-2,$0,$0,$0,$-78,$-78,$26,$-54,$-21,$-8,$-28,$0,$16,$-2,$68,$54,$11,$0,$-2
38,2009-03-31,7.79,$17.08,0.46,$9.89,0.79,$1.43,5.46,$-3.00,0.0,$1.07B,$1.21B,0.89,$0.18B,$0.13B,1.33,$0.08B,$0.05B,62.65%,$0.08B,$-0.03B,-32.53%,$0.08B,0,0.00%,$0.08B,0,0.00%,$0.08B,$-0.03B,-32.53%,$0.08B,$-0.03B,-31.33%,$-0.03B,$0.15B,-17.36%,$-0.03B,$0.13B,-20.88%,$-0.03B,$1.54B,-1.70%,$-0.03B,$0.32B,-8.31%,$22,$7,$15,$0,$14,$21,$1,$0,$1,$0,$1,$1,$1,$0,$0,$9,9,$0.12,$0.12,$67,$0,$0,$1072,$30,$296,$13,$126,$469,$1541,$1208,$175,$10,$187,$1394,$9,$44,$-1,$147,$1541,$1,$0,$2,$2,$4,$0,$0,$4,$3,$7,$-2,$0,$0,$0,$-14,$-14,$8,$-8,$-12,$10,$-2,$0,$16,$-1,$22,$35,$34,$0,$-1
39,2008-12-31,8.06,$15.15,0.53,$9.70,0.83,$1.49,5.41,$-2.73,0.0,$1.05B,$1.19B,0.89,$0.17B,$0.13B,1.34,$0.08B,$0.05B,61.33%,$0.08B,$-0.03B,-33.33%,$0.08B,0,0.00%,$0.08B,0,0.00%,$0.08B,$-0.03B,-33.33%,$0.08B,$-0.03B,-33.33%,$-0.03B,$0.13B,-16.26%,$-0.03B,$0.12B,-20.75%,$-0.03B,$1.51B,-1.64%,$-0.03B,$0.31B,-7.61%,$16,$8,$8,$0,$15,$50,$-34,$0,$-34,$-3,$-32,$-32,$-32,$0,$0,$8,8,$-4.02,$-4.02,$33,$0,$0,$1054,$29,$281,$13,$127,$455,$1509,$1188,$174,$14,$190,$1379,$9,$44,$-2,$130,$1509,$-25,$30,$9,$39,$-10,$0,$0,$1,$-13,$2,$-3,$0,$20,$0,$48,$48,$-80,$-15,$21,$-2,$20,$-1,$-1,$-4,$15,$29,$17,$0,$-4
