,Date,Stock Price,Book Value per Share,Price to Book Ratio,TTM Sales per Share,Price to Sales Ratio,TTM FCF per Share,Price to FCF Ratio,TTM Net EPS,PE Ratio,Current Assets,Current Liabilities,Current Ratio,Long Term Debt,Shareholder's Equity_x,Debt to Equity Ratio,TTM Revenue_x,TTM Gross Profit,Gross Margin,TTM Revenue_y,TTM Operating Income,Operating Margin,TTM Revenue_x,TTM EBIT,EBIT Margin,TTM Revenue_y,TTM EBITDA,EBITDA Margin,TTM Revenue_x,TTM Pre-Tax Income,Pre-Tax Margin,TTM Revenue_y,TTM Net Income_x,Net Margin,TTM Net Income_y,Shareholder's Equity_y,Return on Equity,TTM Net Income_x,Tangible Equity,Return on Tangible Equity,TTM Net Income_y,Total Assets,Return on Assets,TTM Net Income,LT Investments & Debt,Return on Investment,revenue,cost-goods-sold,gross-profit,research-development-expenses,selling-general-administrative-expenses,operating-expenses,operating-income,total-non-operating-income-expense,pre-tax-income,total-provision-income-taxes,income-after-taxes,income-from-continuous-operations,net-income,ebitda,ebit,basic-shares-outstanding,shares-outstanding,eps-basic-net-earnings-per-share,eps-earnings-per-share-diluted,cash-on-hand,inventory,other-current-assets,total-current-assets,net-property-plant-equipment,long-term-investments,goodwill-intangible-assets-total,other-long-term-assets,total-long-term-assets,total-assets,total-current-liabilities,long-term-debt,other-non-current-liabilities,total-long-term-liabilities,total-liabilities,common-stock-net,retained-earnings-accumulated-deficit,comprehensive-income,total-share-holder-equity,total-liabilities-share-holders-equity,net-income-loss,total-depreciation-amortization-cash-flow,other-non-cash-items,total-non-cash-items,change-in-accounts-receivable,change-in-inventories,change-in-accounts-payable,change-in-assets-liabilities,total-change-in-assets-liabilities,cash-flow-from-operating-activities,net-change-in-property-plant-equipment,net-change-in-intangible-assets,net-acquisitions-divestitures,net-change-in-short-term-investments,net-change-in-long-term-investments,net-change-in-investments-total,investing-activities-other,cash-flow-from-investing-activities,net-long-term-debt,net-current-debt,debt-issuance-retirement-net-total,net-common-equity-issued-repurchased,net-total-equity-issued-repurchased,total-common-preferred-stock-dividends-paid,financial-activities-other,cash-flow-from-financial-activities,net-cash-flow,stock-based-compensation,common-stock-dividends-paid
0,2018-09-30,148.7,$25.18,5.91,$301.91,0.49,$20.13,7.39,$2.97,50.07,$7.30B,$5.21B,1.4,$1.22B,$1.56B,0.78,$19.18B,$3.09B,16.11%,$19.18B,$0.59B,3.08%,$19.18B,$0.59B,3.08%,$19.18B,$0.76B,3.96%,$19.18B,$0.43B,2.23%,$19.18B,$0.24B,1.27%,$0.24B,$1.56B,15.98%,$0.24B,$1.37B,18.74%,$0.24B,$8.05B,2.84%,$0.59B,$2.78B,20.39%,$4697,$3901,$796,$0,$311,$4402,$295,$-36,$259,$62,$197,$197,$197,$331,$295,$61,68,$3.22,$2.90,$4626,$0,$843,$7301,$264,$118,$195,$30,$750,$8051,$5213,$1217,$60,$1277,$6490,$0,$811,$-10,$1561,$8051,$506,$122,$-1,$121,$-507,$0,$-144,$-683,$-818,$-191,$-24,$0,$0,$0,$868,$868,$-23,$821,$-600,$0,$-600,$0,$0,$0,$-412,$-1012,$-382,$20,$0
1,2018-06-30,97.94,$26.74,3.66,$321.78,0.3,$38.73,2.53,$-1.63,0.0,$8.03B,$5.82B,1.38,$1.22B,$1.66B,0.73,$19.51B,$2.98B,15.29%,$19.51B,$0.21B,1.10%,$19.51B,$0.21B,1.10%,$19.51B,$0.40B,2.04%,$19.51B,$0.06B,0.28%,$19.51B,$-0.05B,-0.26%,$-0.05B,$1.66B,-3.35%,$-0.05B,$1.46B,-4.22%,$-0.05B,$8.76B,-0.57%,$0.21B,$2.88B,7.29%,$4883,$3968,$915,$0,$335,$4541,$342,$-37,$305,$103,$202,$202,$202,$391,$342,$61,67,$3.29,$3.02,$5648,$0,$887,$8027,$276,$117,$201,$28,$736,$8763,$5820,$1217,$68,$1285,$7105,$0,$614,$-11,$1658,$8763,$309,$86,$43,$129,$-315,$0,$-267,$-18,$-124,$314,$-14,$0,$0,$0,$421,$421,$-9,$398,$-389,$0,$-389,$0,$0,$0,$-114,$-503,$209,$13,$0
2,2018-03-31,81.18,$25.05,3.24,$338.16,0.24,$45.18,1.8,$-8.75,0.0,$8.20B,$6.01B,1.37,$1.52B,$1.55B,0.98,$19.63B,$2.45B,12.49%,$19.63B,$-0.42B,-2.11%,$19.63B,$-0.42B,-2.11%,$19.63B,$-0.22B,-1.11%,$19.63B,$-0.56B,-2.87%,$19.63B,$-0.48B,-2.46%,$-0.48B,$1.55B,-33.01%,$-0.48B,$1.30B,-46.65%,$-0.48B,$9.13B,-5.49%,$-0.42B,$3.07B,-14.31%,$4646,$3842,$804,$0,$352,$4424,$222,$-43,$179,$72,$107,$107,$107,$259,$222,$60,65,$1.79,$1.64,$6250,$0,$585,$8196,$318,$120,$250,$135,$937,$9133,$6005,$1516,$59,$1575,$7580,$0,$412,$-12,$1553,$9133,$107,$37,$36,$73,$-83,$0,$-163,$63,$214,$394,$-4,$0,$0,$0,$154,$154,$-5,$145,$0,$0,$0,$0,$0,$0,$-5,$-5,$534,$6,$0
3,2017-12-31,76.68,$22.28,3.44,$354.26,0.22,$51.56,1.49,$-9.02,0.0,$7.51B,$5.56B,1.35,$1.52B,$1.34B,1.13,$19.88B,$2.32B,11.66%,$19.88B,$-0.56B,-2.79%,$19.88B,$-0.56B,-2.79%,$19.88B,$-0.35B,-1.74%,$19.88B,$-0.61B,-3.08%,$19.88B,$-0.51B,-2.58%,$-0.51B,$1.34B,-34.05%,$-0.51B,$1.08B,-53.81%,$-0.51B,$8.47B,-6.02%,$-0.56B,$2.85B,-18.64%,$4949,$4374,$575,$0,$367,$5218,$-269,$-47,$-316,$-54,$-262,$-262,$-262,$-222,$-269,$56,56,$-4.65,$-4.64,$5879,$0,$522,$7511,$342,$119,$255,$141,$960,$8471,$5557,$1516,$61,$1577,$7134,$0,$298,$-5,$1337,$8471,$-512,$210,$517,$727,$103,$0,$263,$251,$589,$804,$-86,$0,$0,$0,$-947,$-947,$-40,$-1073,$625,$0,$625,$19,$19,$0,$-8,$636,$367,$46,$0
4,2017-09-30,68.76,$25.07,2.74,$346.85,0.2,$47.61,1.44,$-6.07,0.0,$7.71B,$5.96B,1.29,$1.52B,$1.43B,1.06,$19.47B,$2.31B,11.87%,$19.47B,$-0.29B,-1.50%,$19.47B,$-0.29B,-1.50%,$19.47B,$-0.07B,-0.38%,$19.47B,$-0.33B,-1.68%,$19.47B,$-0.30B,-1.53%,$-0.30B,$1.43B,-18.78%,$-0.30B,$0.90B,-32.88%,$-0.30B,$8.95B,-3.60%,$-0.29B,$2.94B,-9.83%,$5031,$4343,$688,$0,$383,$5112,$-81,$-32,$-113,$-16,$-97,$-97,$-97,$-30,$-81,$57,57,$-1.70,$-1.70,$6047,$0,$425,$7708,$397,$117,$531,$42,$1246,$8954,$5962,$1515,$48,$1563,$7525,$0,$560,$-1,$1429,$8954,$-250,$163,$233,$396,$-28,$0,$549,$222,$811,$957,$-85,$0,$0,$0,$-358,$-358,$-33,$-476,$625,$0,$625,$0,$0,$0,$7,$632,$1113,$38,$0
5,2017-06-30,69.18,$26.68,2.59,$338.98,0.2,$40.93,1.69,$-3.61,0.0,$7.17B,$5.79B,1.24,$1.22B,$1.52B,0.8,$18.98B,$2.30B,12.12%,$18.98B,$-0.09B,-0.49%,$18.98B,$-0.09B,-0.49%,$18.98B,$0.14B,0.75%,$18.98B,$-0.12B,-0.64%,$18.98B,$-0.16B,-0.83%,$-0.16B,$1.52B,-9.59%,$-0.16B,$0.85B,-17.37%,$-0.16B,$8.58B,-2.00%,$-0.09B,$2.74B,-3.15%,$4999,$4615,$384,$0,$405,$5286,$-287,$-27,$-314,$-84,$-230,$-230,$-230,$-224,$-287,$56,56,$-4.10,$-4.10,$5496,$0,$440,$7169,$449,$118,$671,$47,$1414,$8583,$5793,$1215,$54,$1269,$7062,$0,$657,$-1,$1521,$8583,$-153,$112,$73,$185,$-32,$0,$148,$572,$640,$672,$-60,$0,$0,$0,$-762,$-762,$-24,$-846,$325,$0,$325,$0,$0,$0,$8,$333,$159,$35,$0
6,2017-03-31,45.6,$30.30,1.51,$328.97,0.14,$33.20,1.37,$1.07,42.62,$6.40B,$4.42B,1.45,$1.65B,$1.73B,0.96,$18.34B,$2.57B,13.99%,$18.34B,$0.30B,1.63%,$18.34B,$0.30B,1.63%,$18.34B,$0.52B,2.82%,$18.34B,$0.27B,1.48%,$18.34B,$0.11B,0.57%,$0.11B,$1.73B,6.26%,$0.11B,$0.98B,11.44%,$0.11B,$8.04B,1.39%,$0.30B,$3.38B,9.70%,$4904,$4233,$671,$0,$439,$4822,$82,$49,$131,$54,$77,$77,$77,$131,$82,$56,56,$1.38,$1.37,$5254,$0,$0,$6402,$447,$115,$751,$224,$1636,$8038,$4422,$1653,$225,$1889,$6311,$0,$887,$-1,$1727,$8038,$77,$49,$12,$61,$-32,$0,$-3,$507,$581,$719,$-26,$0,$0,$0,$-300,$-300,$-11,$-337,$0,$0,$0,$1,$1,$0,$-2,$-1,$381,$6,$0
7,2016-12-31,54.26,$28.93,1.88,$317.59,0.17,$22.46,2.42,$0.13,417.38,$5.99B,$4.57B,1.31,$1.17B,$1.65B,0.71,$17.78B,$2.52B,14.19%,$17.78B,$0.31B,1.72%,$17.78B,$0.31B,1.72%,$17.78B,$0.52B,2.92%,$17.78B,$0.21B,1.15%,$17.78B,$0.05B,0.29%,$0.05B,$1.65B,3.17%,$0.05B,$0.89B,5.91%,$0.05B,$7.45B,0.71%,$0.31B,$2.82B,10.46%,$4534,$3967,$567,$0,$359,$4540,$-6,$-25,$-31,$16,$-47,$-47,$-47,$49,$-6,$55,56,$-0.86,$-0.85,$4577,$0,$267,$5988,$454,$110,$760,$41,$1461,$7449,$4570,$1173,$42,$1230,$5800,$0,$810,$-2,$1649,$7449,$52,$213,$64,$277,$-348,$0,$226,$496,$344,$673,$-176,$0,$-48,$0,$37,$37,$-15,$-202,$0,$0,$0,$18,$18,$0,$1,$19,$490,$26,$0
8,2016-09-30,58.32,$29.67,1.97,$305.75,0.19,$31.31,1.86,$2.28,25.58,$6.11B,$4.67B,1.31,$1.17B,$1.69B,0.69,$17.12B,$2.52B,14.74%,$17.12B,$0.39B,2.27%,$17.12B,$0.39B,2.27%,$17.12B,$0.59B,3.43%,$17.12B,$0.29B,1.71%,$17.12B,$0.13B,0.75%,$0.13B,$1.69B,7.96%,$0.13B,$0.92B,14.56%,$0.13B,$7.57B,1.81%,$0.39B,$2.86B,13.38%,$4546,$3867,$679,$0,$343,$4428,$118,$-26,$92,$50,$42,$42,$42,$187,$118,$56,56,$0.77,$0.76,$4577,$0,$314,$6113,$450,$116,$768,$40,$1457,$7570,$4665,$1169,$39,$1214,$5879,$0,$857,$3,$1691,$7570,$99,$158,$58,$216,$-427,$0,$168,$544,$318,$633,$-143,$0,$-48,$0,$68,$68,$-8,$-131,$0,$0,$0,$10,$10,$0,$1,$11,$513,$24,$0
9,2016-06-30,49.9,$28.79,1.73,$284.76,0.18,$35.98,1.39,$2.29,21.79,$5.55B,$3.65B,1.52,$1.63B,$1.64B,0.99,$16.18B,$2.41B,14.87%,$16.18B,$0.38B,2.37%,$16.18B,$0.38B,2.37%,$16.18B,$0.55B,3.40%,$16.18B,$0.30B,1.84%,$16.18B,$0.13B,0.82%,$0.13B,$1.64B,8.44%,$0.13B,$0.88B,14.29%,$0.13B,$7.20B,1.98%,$0.38B,$3.27B,14.28%,$4359,$3710,$649,$0,$351,$4254,$105,$-25,$80,$47,$33,$33,$33,$150,$105,$55,55,$0.58,$0.58,$4313,$0,$0,$5545,$448,$107,$757,$265,$1657,$7202,$3646,$1626,$264,$1915,$5561,$0,$815,$4,$1641,$7202,$57,$89,$81,$170,$-415,$0,$82,$247,$51,$278,$-102,$0,$-8,$0,$-162,$-162,$-1,$-273,$0,$0,$0,$10,$10,$0,$1,$11,$16,$16,$0
10,2016-03-31,64.49,$27.89,2.31,$270.78,0.24,$43.56,1.48,$2.43,26.54,$5.76B,$4.38B,1.32,$1.16B,$1.59B,0.73,$15.35B,$2.32B,15.11%,$15.35B,$0.39B,2.57%,$15.35B,$0.39B,2.57%,$15.35B,$0.55B,3.61%,$15.35B,$0.32B,2.08%,$15.35B,$0.14B,0.91%,$0.14B,$1.59B,9.07%,$0.14B,$0.82B,14.08%,$0.14B,$7.18B,2.19%,$0.39B,$2.75B,16.76%,$4343,$3715,$628,$0,$340,$4254,$89,$-25,$64,$40,$24,$24,$24,$133,$89,$55,57,$0.44,$0.43,$4226,$0,$377,$5764,$419,$116,$768,$37,$1419,$7183,$4377,$1163,$38,$1216,$5593,$0,$782,$2,$1590,$7183,$24,$44,$51,$95,$-266,$0,$255,$-150,$20,$139,$-46,$0,$-2,$0,$-263,$-263,$-3,$-314,$0,$0,$0,$0,$0,$0,$2,$2,$-173,$7,$0
11,2015-12-31,60.13,$27.80,2.16,$258.01,0.23,$52.51,1.15,$2.56,23.49,$5.31B,$3.82B,1.39,$1.16B,$1.56B,0.75,$14.18B,$2.19B,15.45%,$14.18B,$0.39B,2.73%,$14.18B,$0.39B,2.73%,$14.18B,$0.54B,3.83%,$14.18B,$0.32B,2.27%,$14.18B,$0.14B,1.01%,$0.14B,$1.56B,10.25%,$0.14B,$0.92B,15.01%,$0.14B,$6.58B,2.44%,$0.39B,$2.72B,18.97%,$3871,$3303,$568,$0,$316,$3795,$76,$-20,$56,$26,$30,$30,$30,$117,$76,$52,56,$0.55,$0.53,$4130,$0,$374,$5306,$393,$109,$641,$28,$1270,$6576,$3822,$1160,$37,$1197,$5019,$0,$758,$-4,$1557,$6576,$143,$156,$35,$191,$56,$0,$482,$191,$791,$1125,$-132,$0,$-450,$0,$-797,$-797,$-41,$-1420,$689,$0,$689,$391,$391,$0,$5,$1085,$790,$23,$0
12,2015-09-30,68.85,$27.07,2.54,$247.24,0.28,$54.46,1.26,$2.74,25.13,$4.91B,$3.86B,1.27,$0.48B,$1.52B,0.31,$13.11B,$2.06B,15.74%,$13.11B,$0.41B,3.11%,$13.11B,$0.41B,3.11%,$13.11B,$0.56B,4.30%,$13.11B,$0.35B,2.65%,$13.11B,$0.15B,1.12%,$0.15B,$1.52B,11.68%,$0.15B,$1.10B,16.59%,$0.15B,$5.92B,2.77%,$0.41B,$1.99B,22.23%,$3611,$3050,$561,$0,$287,$3498,$113,$-15,$98,$52,$46,$46,$46,$151,$113,$55,60,$0.84,$0.77,$3626,$0,$490,$4910,$375,$102,$418,$37,$1005,$5915,$3861,$476,$32,$536,$4397,$0,$729,$-1,$1518,$5915,$113,$115,$17,$132,$-23,$0,$359,$261,$661,$906,$-101,$0,$-77,$0,$-448,$-448,$-39,$-665,$0,$0,$0,$381,$381,$0,$3,$384,$625,$16,$0
13,2015-06-30,70.3,$26.10,2.69,$238.13,0.3,$56.86,1.24,$2.30,30.57,$4.81B,$3.74B,1.29,$0.47B,$1.46B,0.32,$11.98B,$1.85B,15.42%,$11.98B,$0.34B,2.80%,$11.98B,$0.34B,2.80%,$11.98B,$0.51B,4.23%,$11.98B,$0.27B,2.29%,$11.98B,$0.12B,0.98%,$0.12B,$1.46B,10.45%,$0.12B,$1.11B,15.16%,$0.12B,$5.74B,2.41%,$0.34B,$1.94B,18.59%,$3525,$2962,$563,$0,$287,$3409,$116,$-15,$101,$62,$39,$39,$39,$153,$116,$50,54,$0.78,$0.72,$3481,$0,$509,$4806,$363,$111,$353,$38,$930,$5736,$3739,$474,$31,$535,$4273,$0,$682,$-2,$1463,$5736,$67,$77,$25,$102,$-35,$0,$292,$63,$479,$648,$-66,$0,$-8,$0,$-452,$-452,$-31,$-557,$0,$0,$0,$381,$381,$0,$3,$384,$475,$9,$0
14,2015-03-31,67.29,$20.88,3.22,$221.02,0.3,$50.21,1.34,$1.74,38.67,$4.28B,$3.59B,1.19,$0.47B,$1.04B,0.45,$10.77B,$1.63B,15.10%,$10.77B,$0.25B,2.33%,$10.77B,$0.25B,2.33%,$10.77B,$0.41B,3.83%,$10.77B,$0.19B,1.77%,$10.77B,$0.09B,0.80%,$0.09B,$1.04B,8.75%,$0.09B,$0.69B,13.36%,$0.09B,$5.17B,2.01%,$0.25B,$1.51B,14.73%,$3171,$2672,$499,$0,$256,$3089,$82,$-15,$67,$39,$28,$28,$28,$122,$82,$49,50,$0.58,$0.56,$3074,$0,$474,$4276,$345,$101,$357,$34,$894,$5170,$3593,$472,$33,$535,$4128,$0,$644,$0,$1042,$5170,$28,$40,$10,$50,$105,$0,$248,$-68,$476,$554,$-25,$0,$-8,$0,$-183,$-183,$-12,$-228,$0,$0,$0,$1,$1,$0,$4,$5,$331,$6,$0
15,2014-12-31,53.53,$20.20,2.65,$201.14,0.27,$43.69,1.23,$1.27,42.15,$3.20B,$2.18B,1.47,$0.89B,$1.01B,0.88,$9.67B,$1.43B,14.84%,$9.67B,$0.19B,2.00%,$9.67B,$0.19B,2.00%,$9.67B,$0.35B,3.66%,$9.67B,$0.13B,1.39%,$9.67B,$0.06B,0.64%,$0.06B,$1.01B,6.55%,$0.06B,$0.65B,10.07%,$0.06B,$4.44B,1.63%,$0.19B,$1.90B,11.33%,$2801,$2361,$440,$0,$205,$2705,$97,$-15,$82,$48,$33,$33,$34,$138,$97,$47,48,$0.72,$0.71,$2558,$0,$0,$3203,$341,$102,$361,$359,$1232,$4435,$2175,$887,$363,$1250,$3425,$0,$615,$-1,$1010,$4435,$62,$161,$27,$188,$-298,$0,$531,$524,$810,$1060,$-115,$0,$-44,$0,$-320,$-320,$-57,$-536,$123,$0,$123,$14,$14,$0,$-58,$79,$603,$22,$0
16,2014-09-30,42.3,$19.97,2.12,$179.07,0.24,$25.96,1.63,$0.38,111.32,$2.99B,$1.94B,1.54,$0.90B,$0.96B,0.93,$8.57B,$1.24B,14.51%,$8.57B,$0.09B,1.10%,$8.57B,$0.09B,1.10%,$8.57B,$0.22B,2.61%,$8.57B,$0.04B,0.41%,$8.57B,$0.02B,0.22%,$0.02B,$0.96B,2.07%,$0.02B,$0.64B,3.20%,$0.02B,$4.06B,0.55%,$0.09B,$1.86B,5.86%,$2484,$2138,$346,$0,$179,$2445,$40,$-15,$24,$8,$16,$16,$16,$94,$40,$47,49,$0.34,$0.33,$2441,$0,$0,$2988,$329,$93,$322,$274,$1069,$4056,$1936,$897,$251,$1156,$3092,$0,$582,$-1,$964,$4056,$28,$120,$9,$129,$-127,$0,$454,$358,$684,$841,$-72,$0,$-8,$0,$-142,$-142,$-40,$-261,$123,$0,$123,$8,$8,$0,$-48,$83,$663,$16,$0
17,2014-06-30,44.63,$19.72,2.26,$163.85,0.27,$11.15,4.0,$0.21,212.52,$2.37B,$1.63B,1.45,$0.63B,$0.92B,0.68,$7.77B,$1.16B,14.95%,$7.77B,$0.08B,1.02%,$7.77B,$0.08B,1.02%,$7.77B,$0.19B,2.43%,$7.77B,$0.02B,0.28%,$7.77B,$0.01B,0.14%,$0.01B,$0.92B,1.22%,$0.01B,$0.60B,1.92%,$0.01B,$3.45B,0.35%,$0.08B,$1.54B,5.09%,$2312,$1971,$341,$0,$193,$2280,$32,$-14,$18,$11,$8,$8,$8,$58,$32,$46,48,$0.17,$0.16,$1768,$0,$0,$2372,$318,$95,$319,$296,$1080,$3452,$1631,$625,$279,$904,$2535,$0,$565,$0,$917,$3452,$12,$66,$27,$93,$-175,$0,$254,$-23,$130,$235,$-38,$0,$0,$0,$-42,$-42,$-23,$-102,$0,$0,$0,$8,$8,$0,$-49,$-42,$91,$10,$0
18,2014-03-31,37.56,$19.40,1.94,$150.21,0.25,$3.87,9.71,$0.58,64.76,$2.28B,$1.56B,1.47,$0.62B,$0.90B,0.69,$7.07B,$1.09B,15.46%,$7.07B,$0.09B,1.32%,$7.07B,$0.09B,1.32%,$7.07B,$0.20B,2.83%,$7.07B,$0.04B,0.50%,$7.07B,$0.03B,0.40%,$0.03B,$0.90B,3.15%,$0.03B,$0.57B,4.77%,$0.03B,$3.29B,0.95%,$0.09B,$1.51B,5.90%,$2069,$1762,$307,$0,$188,$2045,$24,$-14,$10,$6,$5,$5,$4,$64,$24,$46,48,$0.10,$0.09,$1780,$0,$0,$2281,$310,$93,$324,$236,$1012,$3293,$1556,$616,$224,$840,$2396,$0,$558,$-0,$898,$3293,$4,$40,$3,$43,$-39,$0,$150,$-11,$163,$211,$-18,$0,$0,$0,$5,$5,$-15,$-27,$0,$0,$0,$1,$1,$0,$-37,$-36,$147,$6,$0
19,2013-12-31,34.75,$19.47,1.79,$140.91,0.25,$-0.01,0.0,$1.13,30.75,$2.04B,$1.29B,1.58,$0.60B,$0.89B,0.68,$6.59B,$1.05B,15.92%,$6.59B,$0.14B,2.08%,$6.59B,$0.14B,2.08%,$6.59B,$0.23B,3.52%,$6.59B,$0.08B,1.21%,$6.59B,$0.05B,0.82%,$0.05B,$0.89B,6.30%,$0.05B,$0.56B,9.33%,$0.05B,$3.00B,1.96%,$0.14B,$1.50B,8.83%,$1706,$1456,$250,$0,$187,$1708,$-2,$-14,$-17,$-8,$-9,$-9,$-9,$8,$-2,$46,47,$-0.20,$-0.20,$1639,$0,$0,$2040,$292,$63,$330,$233,$963,$3003,$1294,$603,$213,$816,$2110,$0,$553,$-1,$893,$3003,$53,$94,$38,$132,$-149,$0,$175,$-15,$5,$190,$-98,$0,$-62,$0,$-370,$-370,$-13,$-543,$460,$0,$460,$31,$31,$0,$2,$493,$140,$29,$0
20,2013-09-30,35.6,$19.51,1.82,$136.99,0.26,$3.77,9.43,$1.87,19.04,$1.97B,$1.05B,1.88,$0.77B,$0.89B,0.86,$6.40B,$1.06B,16.47%,$6.40B,$0.19B,3.03%,$6.40B,$0.19B,3.03%,$6.40B,$0.30B,4.61%,$6.40B,$0.15B,2.31%,$6.40B,$0.09B,1.39%,$0.09B,$0.89B,10.74%,$0.09B,$0.56B,15.44%,$0.09B,$2.93B,3.59%,$0.19B,$1.66B,13.49%,$1687,$1423,$264,$0,$176,$1662,$25,$-14,$11,$4,$8,$8,$8,$59,$25,$46,47,$0.17,$0.16,$1592,$0,$0,$1966,$267,$77,$335,$227,$959,$2925,$1045,$770,$217,$987,$2032,$0,$562,$-1,$893,$2925,$62,$84,$-3,$81,$-144,$0,$138,$-45,$-31,$112,$-64,$0,$-58,$0,$-400,$-400,$-19,$-541,$460,$0,$460,$30,$30,$0,$0,$490,$61,$21,$0
21,2013-06-30,37.18,$19.18,1.94,$133.99,0.28,$7.28,5.11,$1.78,20.89,$1.75B,$0.71B,2.47,$0.76B,$0.88B,0.87,$6.26B,$0.97B,15.57%,$6.26B,$0.17B,2.73%,$6.26B,$0.17B,2.73%,$6.26B,$0.26B,4.19%,$6.26B,$0.14B,2.16%,$6.26B,$0.08B,1.34%,$0.08B,$0.88B,10.58%,$0.08B,$0.65B,14.82%,$0.08B,$2.58B,3.77%,$0.17B,$1.64B,13.40%,$1606,$1334,$272,$0,$161,$1559,$46,$-15,$31,$15,$16,$16,$25,$69,$46,$45,47,$0.54,$0.53,$1461,$0,$0,$1745,$249,$69,$222,$243,$835,$2580,$707,$761,$231,$996,$1704,$0,$555,$-3,$876,$2580,$54,$51,$3,$54,$-64,$0,$-29,$-119,$-220,$-112,$-35,$0,$0,$0,$-383,$-383,$-14,$-432,$460,$0,$460,$30,$30,$0,$1,$490,$-53,$12,$0
22,2013-03-31,30.87,$16.83,1.83,$131.38,0.23,$14.81,2.08,$0.45,68.6,$1.73B,$0.80B,2.15,$0.64B,$0.76B,0.84,$6.13B,$0.83B,13.59%,$6.13B,$0.08B,1.24%,$6.13B,$0.08B,1.24%,$6.13B,$0.17B,2.74%,$6.13B,$0.05B,0.82%,$6.13B,$0.02B,0.36%,$0.02B,$0.76B,2.89%,$0.02B,$0.54B,4.15%,$0.02B,$2.49B,1.07%,$0.08B,$1.41B,6.78%,$1590,$1328,$263,$0,$141,$1523,$68,$-13,$55,$24,$31,$31,$30,$96,$68,$46,46,$0.65,$0.64,$1511,$0,$0,$1727,$238,$69,$224,$177,$761,$2488,$803,$642,$247,$921,$1724,$0,$530,$-0,$764,$2488,$30,$28,$4,$33,$-1,$0,$-3,$-15,$-42,$20,$-11,$0,$0,$0,$-0,$-0,$-10,$-21,$348,$0,$348,$25,$25,$0,$1,$375,$374,$4,$0
23,2012-12-31,27.06,$16.73,1.62,$126.43,0.21,$15.41,1.76,$0.20,135.3,$1.35B,$0.83B,1.63,$0.26B,$0.78B,0.34,$5.91B,$0.78B,13.22%,$5.91B,$0.04B,0.69%,$5.91B,$0.04B,0.69%,$5.91B,$0.13B,2.13%,$5.91B,$0.02B,0.41%,$5.91B,$0.01B,0.17%,$0.01B,$0.78B,1.31%,$0.01B,$0.55B,1.90%,$0.01B,$1.94B,0.53%,$0.04B,$1.04B,4.02%,$1521,$1266,$256,$0,$144,$1467,$55,$-4,$51,$23,$28,$28,$26,$71,$55,$46,47,$0.55,$0.55,$1139,$0,$0,$1349,$221,$58,$229,$20,$586,$1935,$828,$262,$25,$324,$1153,$0,$500,$-0,$782,$1935,$10,$85,$20,$104,$18,$0,$92,$97,$234,$348,$-78,$0,$9,$0,$-8,$-8,$-16,$-94,$39,$0,$39,$5,$5,$0,$4,$48,$302,$20,$0
24,2012-09-30,25.15,$16.21,1.55,$117.25,0.21,$13.22,1.9,$-1.06,0.0,$1.31B,$0.83B,1.58,$0.26B,$0.76B,0.35,$5.47B,$0.72B,13.20%,$5.47B,$0.03B,0.48%,$5.47B,$0.03B,0.48%,$5.47B,$0.18B,3.35%,$5.47B,$0.01B,0.16%,$5.47B,$-0.05B,-0.90%,$-0.05B,$0.76B,-6.47%,$-0.05B,$0.52B,-9.56%,$-0.05B,$1.91B,-2.72%,$0.03B,$1.02B,2.60%,$1540,$1357,$183,$0,$127,$1538,$2,$-4,$-2,$-2,$-0,$-0,$3,$26,$2,$47,47,$0.07,$0.07,$1072,$0,$0,$1314,$211,$58,$236,$20,$593,$1907,$832,$261,$22,$320,$1152,$0,$475,$-0,$755,$1907,$-16,$69,$15,$84,$11,$0,$134,$82,$196,$264,$-53,$0,$0,$0,$-21,$-21,$-17,$-91,$39,$0,$39,$6,$6,$0,$4,$48,$222,$15,$0
25,2012-06-30,23.46,$16.03,1.46,$109.82,0.21,$11.07,2.12,$-0.72,0.0,$1.32B,$0.84B,1.57,$0.27B,$0.75B,0.36,$5.11B,$0.72B,14.14%,$5.11B,$0.06B,1.14%,$5.11B,$0.06B,1.14%,$5.11B,$0.21B,4.15%,$5.11B,$0.04B,0.78%,$5.11B,$-0.03B,-0.65%,$-0.03B,$0.75B,-4.32%,$-0.03B,$0.51B,-6.54%,$-0.03B,$1.92B,-1.91%,$0.06B,$1.02B,5.89%,$1479,$1348,$131,$0,$126,$1529,$-49,$-5,$-54,$-21,$-33,$-33,$-37,$-25,$-49,$46,46,$-0.80,$-0.80,$1072,$0,$0,$1321,$206,$57,$241,$20,$596,$1917,$839,$269,$22,$332,$1171,$0,$471,$-1,$746,$1917,$-19,$45,$8,$53,$7,$0,$123,$115,$202,$236,$-33,$0,$0,$0,$-8,$-8,$-20,$-61,$49,$0,$49,$5,$5,$0,$4,$59,$233,$10,$0
26,2012-03-31,33.63,$16.73,2.01,$103.02,0.33,$8.51,3.95,$0.46,73.11,$1.15B,$0.68B,1.7,$0.23B,$0.78B,0.29,$4.80B,$0.77B,16.06%,$4.80B,$0.14B,2.88%,$4.80B,$0.14B,2.88%,$4.80B,$0.29B,5.99%,$4.80B,$0.12B,2.54%,$4.80B,$0.02B,0.44%,$0.02B,$0.78B,2.73%,$0.02B,$0.53B,4.26%,$0.02B,$1.74B,1.27%,$0.14B,$1.00B,14.31%,$1374,$1161,$212,$0,$121,$1340,$33,$-4,$29,$11,$18,$18,$18,$54,$33,$46,47,$0.39,$0.39,$876,$0,$0,$1152,$199,$58,$247,$20,$588,$1740,$677,$228,$22,$288,$965,$0,$508,$-1,$775,$1740,$18,$20,$13,$33,$-54,$0,$53,$39,$-1,$51,$-14,$0,$0,$0,$-22,$-22,$-7,$-43,$10,$0,$10,$3,$3,$0,$4,$16,$24,$5,$0
27,2011-12-31,22.33,$16.48,1.35,$97.93,0.23,$9.21,2.42,$0.44,50.37,$1.05B,$0.60B,1.74,$0.22B,$0.76B,0.29,$4.54B,$0.73B,16.14%,$4.54B,$0.14B,2.99%,$4.54B,$0.14B,2.99%,$4.54B,$0.29B,6.28%,$4.54B,$0.12B,2.66%,$4.54B,$0.02B,0.44%,$0.02B,$0.76B,2.63%,$0.02B,$0.50B,4.26%,$0.02B,$1.65B,1.24%,$0.14B,$0.97B,14.46%,$1077,$881,$196,$0,$102,$1037,$40,$-4,$36,$12,$24,$24,$-33,$128,$40,$46,46,$-0.72,$-0.72,$831,$0,$0,$1048,$191,$62,$256,$17,$604,$1652,$602,$217,$45,$295,$897,$0,$490,$-1,$755,$1652,$21,$149,$34,$183,$0,$0,$48,$-5,$22,$225,$-61,$0,$-84,$0,$-43,$-43,$-49,$-237,$49,$0,$49,$0,$0,$0,$1,$49,$38,$17,$0
28,2011-09-30,15.44,$17.11,0.9,$100.70,0.15,$8.37,1.84,$1.55,9.96,$1.04B,$0.60B,1.71,$0.17B,$0.78B,0.22,$4.55B,$0.72B,15.80%,$4.55B,$0.13B,2.84%,$4.55B,$0.13B,2.84%,$4.55B,$0.21B,4.66%,$4.55B,$0.12B,2.53%,$4.55B,$0.07B,1.56%,$0.07B,$0.78B,9.44%,$0.07B,$0.49B,15.97%,$0.07B,$1.62B,4.50%,$0.13B,$0.95B,14.05%,$1177,$994,$183,$0,$100,$1143,$34,$-4,$29,$10,$19,$19,$19,$55,$34,$46,46,$0.41,$0.41,$812,$0,$0,$1035,$128,$69,$297,$14,$584,$1618,$604,$168,$41,$232,$836,$0,$523,$-2,$782,$1618,$54,$60,$24,$84,$5,$0,$7,$24,$17,$155,$-46,$0,$-3,$0,$-32,$-32,$-42,$-123,$0,$0,$0,$-1,$-1,$0,$0,$-1,$32,$13,$0
29,2011-06-30,27.12,$16.63,1.63,$99.71,0.27,$5.49,4.94,$1.52,17.84,$1.03B,$0.61B,1.69,$0.17B,$0.77B,0.22,$4.41B,$0.70B,15.91%,$4.41B,$0.13B,2.84%,$4.41B,$0.13B,2.84%,$4.41B,$0.21B,4.65%,$4.41B,$0.11B,2.52%,$4.41B,$0.07B,1.54%,$0.07B,$0.77B,9.30%,$0.07B,$0.46B,16.37%,$0.07B,$1.60B,4.44%,$0.13B,$0.93B,13.96%,$1167,$989,$179,$0,$97,$1136,$31,$-4,$28,$10,$17,$17,$17,$50,$31,$46,46,$0.38,$0.38,$816,$0,$0,$1028,$118,$69,$304,$15,$572,$1600,$609,$167,$45,$226,$835,$0,$504,$-2,$766,$1600,$35,$39,$8,$47,$27,$0,$-13,$35,$33,$115,$-31,$0,$-3,$0,$-62,$-62,$-22,$-119,$0,$0,$0,$6,$6,$0,$2,$7,$3,$8,$0
30,2011-03-31,26.67,$16.16,1.65,$100.26,0.27,$3.89,6.85,$1.41,18.87,$1.02B,$0.62B,1.65,$0.17B,$0.74B,0.22,$4.24B,$0.67B,15.73%,$4.24B,$0.12B,2.71%,$4.24B,$0.12B,2.71%,$4.24B,$0.19B,4.51%,$4.24B,$0.10B,2.36%,$4.24B,$0.06B,1.46%,$0.06B,$0.74B,9.10%,$0.06B,$0.43B,17.20%,$0.06B,$1.58B,4.21%,$0.12B,$0.91B,13.21%,$1120,$945,$175,$0,$94,$1088,$31,$-4,$28,$10,$17,$17,$17,$52,$31,$46,46,$0.38,$0.38,$801,$0,$0,$1016,$108,$69,$311,$18,$567,$1583,$616,$165,$44,$227,$843,$0,$487,$-2,$741,$1583,$17,$20,$7,$27,$19,$0,$-3,$55,$40,$84,$-15,$0,$-3,$0,$-44,$-44,$-18,$-80,$0,$0,$0,$2,$2,$0,$1,$4,$8,$4,$0
31,2010-12-31,18.57,$15.82,1.17,$101.00,0.18,$1.57,11.85,$1.31,14.14,$0.96B,$0.57B,1.7,$0.16B,$0.72B,0.23,$4.09B,$0.64B,15.57%,$4.09B,$0.10B,2.55%,$4.09B,$0.10B,2.55%,$4.09B,$0.17B,4.16%,$4.09B,$0.09B,2.18%,$4.09B,$0.06B,1.37%,$0.06B,$0.72B,8.82%,$0.06B,$0.40B,16.53%,$0.06B,$1.51B,4.08%,$0.10B,$0.88B,12.64%,$1081,$899,$181,$0,$100,$1047,$33,$-3,$30,$12,$18,$18,$18,$55,$33,$41,42,$0.42,$0.40,$751,$0,$0,$960,$101,$63,$318,$15,$549,$1509,$566,$164,$44,$225,$790,$0,$470,$-2,$719,$1509,$55,$65,$9,$74,$-8,$0,$34,$-54,$33,$161,$-49,$0,$-131,$0,$-80,$-80,$-30,$-289,$0,$0,$0,$115,$115,$0,$-1,$114,$-14,$10,$0
32,2010-09-30,17.99,$15.40,1.17,$99.78,0.18,$1.92,9.36,$0.81,22.31,$0.88B,$0.51B,1.73,$0.16B,$0.70B,0.23,$3.97B,$0.58B,14.54%,$3.97B,$0.07B,1.64%,$3.97B,$0.07B,1.64%,$3.97B,$0.12B,3.02%,$3.97B,$0.05B,1.23%,$3.97B,$0.03B,0.86%,$0.03B,$0.70B,5.76%,$0.03B,$0.37B,10.61%,$0.03B,$1.43B,2.60%,$0.07B,$0.86B,8.36%,$1039,$874,$166,$0,$89,$1009,$30,$-5,$25,$9,$16,$16,$16,$48,$30,$42,43,$0.38,$0.38,$622,$0,$0,$883,$92,$65,$329,$17,$549,$1431,$510,$163,$44,$224,$734,$0,$452,$-2,$698,$1431,$37,$43,$14,$57,$-65,$0,$33,$-72,$-85,$9,$-32,$0,$-127,$0,$22,$22,$-27,$-164,$0,$0,$0,$2,$2,$0,$110,$112,$-43,$7,$0
33,2010-06-30,19.2,$14.67,1.31,$99.20,0.19,$5.10,3.76,$0.65,29.69,$0.82B,$0.48B,1.73,$0.27B,$0.57B,0.47,$3.85B,$0.54B,13.91%,$3.85B,$0.05B,1.30%,$3.85B,$0.05B,1.30%,$3.85B,$0.10B,2.52%,$3.85B,$0.04B,0.94%,$3.85B,$0.03B,0.70%,$0.03B,$0.57B,4.89%,$0.03B,$0.24B,8.68%,$0.03B,$1.36B,2.15%,$0.05B,$0.83B,6.78%,$999,$854,$145,$0,$78,$978,$21,$-4,$17,$7,$11,$11,$11,$36,$21,$39,39,$0.27,$0.27,$636,$0,$0,$821,$84,$78,$326,$19,$540,$1361,$476,$266,$42,$318,$794,$0,$436,$-2,$568,$1361,$21,$25,$7,$32,$-2,$0,$30,$-89,$-27,$26,$-18,$0,$-134,$0,$25,$25,$-12,$-139,$105,$0,$105,$2,$2,$0,$-1,$105,$-9,$5,$0
34,2010-03-31,16.78,$14.35,1.17,$97.43,0.17,$6.82,2.46,$0.75,22.48,$0.77B,$0.42B,1.8,$0.16B,$0.55B,0.29,$3.78B,$0.51B,13.61%,$3.78B,$0.05B,1.27%,$3.78B,$0.05B,1.27%,$3.78B,$0.09B,2.38%,$3.78B,$0.04B,0.93%,$3.78B,$0.03B,0.82%,$0.03B,$0.55B,5.70%,$0.03B,$0.34B,9.31%,$0.03B,$1.19B,2.55%,$0.05B,$0.71B,6.84%,$967,$823,$144,$0,$79,$946,$20,$-3,$17,$6,$11,$11,$11,$31,$20,$38,39,$0.27,$0.27,$614,$0,$0,$765,$78,$93,$211,$19,$426,$1191,$424,$160,$41,$213,$637,$0,$425,$-2,$554,$1191,$11,$11,$6,$17,$8,$0,$12,$-91,$-54,$-26,$-6,$0,$-2,$0,$4,$4,$-0,$-5,$0,$0,$0,$0,$0,$0,$0,$0,$-31,$2,$0
35,2009-12-31,15.25,$14.13,1.08,$94.09,0.16,$9.07,1.68,$0.78,19.55,$0.81B,$0.49B,1.66,$0.16B,$0.54B,0.29,$3.67B,$0.49B,13.43%,$3.67B,$0.05B,1.39%,$3.67B,$0.05B,1.39%,$3.67B,$0.09B,2.51%,$3.67B,$0.04B,1.04%,$3.67B,$0.03B,0.87%,$0.03B,$0.54B,5.95%,$0.03B,$0.33B,9.73%,$0.03B,$1.24B,2.62%,$0.05B,$0.70B,7.34%,$964,$842,$122,$0,$50,$970,$-6,$-4,$-10,$-5,$-4,$-4,$-4,$5,$-6,$39,39,$-0.11,$-0.11,$644,$0,$0,$810,$78,$96,$214,$20,$434,$1244,$489,$159,$41,$212,$701,$0,$415,$-2,$543,$1244,$31,$40,$10,$50,$-8,$0,$23,$89,$75,$155,$-36,$0,$-11,$0,$18,$18,$-8,$-38,$-10,$0,$-10,$-26,$-26,$0,$0,$-35,$82,$7,$0
36,2009-09-30,13.79,$14.22,0.97,$88.86,0.16,$6.14,2.25,$1.29,10.72,$0.79B,$0.47B,1.68,$0.16B,$0.55B,0.29,$3.52B,$0.50B,14.18%,$3.52B,$0.08B,2.24%,$3.52B,$0.08B,2.24%,$3.52B,$0.12B,3.35%,$3.52B,$0.07B,1.90%,$3.52B,$0.05B,1.45%,$0.05B,$0.55B,9.53%,$0.05B,$0.33B,15.37%,$0.05B,$1.22B,4.27%,$0.08B,$0.70B,11.39%,$917,$793,$124,$0,$69,$901,$15,$-3,$12,$3,$9,$9,$9,$25,$15,$38,38,$0.23,$0.22,$620,$0,$0,$785,$76,$102,$214,$20,$439,$1224,$468,$158,$40,$211,$679,$0,$419,$-2,$545,$1224,$35,$30,$9,$39,$-16,$0,$11,$62,$56,$130,$-28,$0,$-11,$0,$22,$22,$-15,$-32,$-10,$0,$-10,$-27,$-27,$0,$0,$-36,$62,$6,$0
37,2009-06-30,15.95,$13.95,1.14,$84.27,0.19,$2.31,6.89,$1.48,10.77,$0.77B,$0.46B,1.68,$0.16B,$0.53B,0.29,$3.40B,$0.50B,14.77%,$3.40B,$0.09B,2.77%,$3.40B,$0.09B,2.77%,$3.40B,$0.13B,3.88%,$3.40B,$0.08B,2.41%,$3.40B,$0.06B,1.71%,$0.06B,$0.53B,11.03%,$0.06B,$0.33B,17.81%,$0.06B,$1.20B,4.92%,$0.09B,$0.69B,13.53%,$928,$803,$124,$0,$65,$908,$19,$-3,$16,$2,$15,$15,$15,$29,$19,$39,39,$0.37,$0.37,$598,$0,$0,$771,$74,$107,$204,$22,$433,$1203,$458,$156,$40,$211,$669,$0,$411,$-2,$534,$1203,$27,$19,$7,$26,$-23,$0,$16,$55,$42,$95,$-20,$0,$0,$0,$10,$10,$-18,$-28,$-10,$0,$-10,$-27,$-27,$0,$0,$-36,$31,$3,$0
38,2009-03-31,12.68,$13.56,0.94,$78.58,0.16,$0.91,13.93,$1.50,8.45,$0.79B,$0.46B,1.71,$0.16B,$0.53B,0.29,$3.24B,$0.50B,15.57%,$3.24B,$0.11B,3.24%,$3.24B,$0.11B,3.24%,$3.24B,$0.14B,4.39%,$3.24B,$0.09B,2.87%,$3.24B,$0.06B,1.82%,$0.06B,$0.53B,11.45%,$0.06B,$0.33B,18.72%,$0.06B,$1.21B,5.04%,$0.11B,$0.68B,15.10%,$861,$738,$123,$0,$92,$838,$23,$-3,$20,$8,$12,$12,$12,$33,$23,$40,40,$0.31,$0.31,$607,$0,$0,$787,$70,$100,$202,$21,$420,$1207,$461,$155,$50,$217,$678,$0,$396,$-2,$529,$1207,$12,$9,$5,$15,$-30,$0,$19,$50,$40,$67,$-10,$0,$0,$0,$-13,$-13,$-1,$-24,$-10,$0,$-10,$-15,$-15,$0,$0,$-25,$18,$1,$0
39,2008-12-31,11.74,$13.27,0.89,$74.17,0.16,$-1.25,0.0,$1.50,7.83,$0.73B,$0.39B,1.89,$0.17B,$0.53B,0.31,$3.11B,$0.49B,15.81%,$3.11B,$0.11B,3.41%,$3.11B,$0.11B,3.41%,$3.11B,$0.14B,4.56%,$3.11B,$0.09B,3.02%,$3.11B,$0.06B,1.90%,$0.06B,$0.53B,11.60%,$0.06B,$0.34B,19.16%,$0.06B,$1.15B,5.10%,$0.11B,$0.70B,15.14%,$813,$685,$128,$0,$-4,$790,$22,$-3,$19,$4,$15,$15,$15,$31,$22,$42,42,$0.36,$0.37,$577,$0,$0,$733,$65,$96,$193,$33,$415,$1148,$388,$165,$50,$228,$616,$0,$384,$-2,$532,$1148,$60,$35,$10,$45,$-17,$0,$-19,$-29,$-64,$40,$-35,$0,$-1,$0,$-17,$-17,$-12,$-65,$0,$0,$0,$-48,$-48,$0,$0,$-48,$-72,$8,$0
40,2008-09-30,20.67,$12.37,1.67,$70.61,0.29,$1.81,11.4,$1.53,13.48,$0.74B,$0.40B,1.88,$0.20B,$0.51B,0.39,$2.98B,$0.48B,16.21%,$2.98B,$0.12B,3.86%,$2.98B,$0.12B,3.86%,$2.98B,$0.15B,5.04%,$2.98B,$0.10B,3.42%,$2.98B,$0.06B,2.05%,$0.06B,$0.51B,12.24%,$0.06B,$0.31B,20.75%,$0.06B,$1.16B,5.25%,$0.12B,$0.71B,16.47%,$796,$669,$127,$0,$88,$766,$30,$-3,$27,$11,$16,$16,$16,$39,$30,$41,41,$0.40,$0.40,$546,$0,$0,$744,$65,$100,$201,$20,$413,$1158,$397,$200,$47,$253,$650,$0,$372,$-5,$508,$1158,$45,$26,$2,$28,$-58,$0,$-13,$-23,$-93,$-20,$-28,$0,$-1,$0,$8,$8,$-4,$-26,$0,$0,$0,$-31,$-31,$0,$0,$-31,$-77,$6,$0
41,2008-06-30,16.23,$11.96,1.36,$66.27,0.24,$5.25,3.09,$1.53,10.58,$0.76B,$0.43B,1.78,$0.20B,$0.49B,0.41,$2.82B,$0.47B,16.53%,$2.82B,$0.11B,4.04%,$2.82B,$0.11B,4.04%,$2.82B,$0.15B,5.21%,$2.82B,$0.10B,3.65%,$2.82B,$0.06B,2.23%,$0.06B,$0.49B,12.90%,$0.06B,$0.29B,20.93%,$0.06B,$1.17B,5.68%,$0.11B,$0.69B,17.72%,$766,$641,$126,$0,$87,$736,$30,$-3,$27,$11,$16,$16,$16,$39,$30,$42,42,$0.38,$0.37,$622,$0,$0,$761,$59,$97,$204,$22,$410,$1172,$429,$200,$45,$251,$679,$0,$354,$-3,$492,$1172,$28,$17,$-1,$16,$-2,$0,$-6,$8,$-5,$39,$-17,$0,$-1,$0,$-26,$-26,$-0,$-44,$0,$0,$0,$-29,$-29,$0,$0,$-29,$-34,$4,$0
42,2008-03-31,16.28,$11.77,1.38,$62.49,0.26,$6.54,2.49,$1.45,11.2,$0.74B,$0.39B,1.87,$0.20B,$0.50B,0.4,$2.67B,$0.44B,16.39%,$2.67B,$0.11B,3.97%,$2.67B,$0.11B,3.97%,$2.67B,$0.14B,5.14%,$2.67B,$0.10B,3.67%,$2.67B,$0.06B,2.25%,$0.06B,$0.50B,12.57%,$0.06B,$0.30B,19.56%,$0.06B,$1.15B,5.73%,$0.11B,$0.70B,17.97%,$737,$626,$111,$0,$78,$713,$24,$-3,$21,$9,$12,$12,$12,$33,$24,$43,43,$0.29,$0.29,$596,$0,$0,$736,$54,$99,$205,$22,$409,$1145,$394,$200,$43,$249,$643,$0,$338,$-2,$503,$1145,$12,$9,$-2,$6,$-6,$0,$0,$-39,$-42,$-23,$-8,$0,$0,$0,$-13,$-13,$-2,$-24,$0,$0,$0,$0,$0,$0,$0,$0,$-47,$2,$0
43,2007-12-31,25.8,$11.50,2.24,$58.56,0.44,$8.04,3.21,$1.37,18.79,$0.84B,$0.43B,1.96,$0.20B,$0.49B,0.41,$2.49B,$0.41B,16.53%,$2.49B,$0.10B,3.97%,$2.49B,$0.10B,3.97%,$2.49B,$0.13B,5.09%,$2.49B,$0.09B,3.69%,$2.49B,$0.06B,2.33%,$0.06B,$0.49B,12.62%,$0.06B,$0.28B,19.00%,$0.06B,$1.17B,5.92%,$0.10B,$0.69B,18.69%,$680,$561,$119,$0,$80,$649,$31,$-3,$27,$10,$17,$17,$17,$39,$31,$42,43,$0.41,$0.40,$702,$0,$0,$835,$50,$29,$207,$22,$337,$1171,$427,$200,$44,$254,$681,$0,$325,$0,$490,$1171,$58,$29,$-1,$28,$15,$0,$7,$19,$73,$159,$-22,$0,$-70,$0,$-160,$-160,$-3,$-256,$155,$0,$155,$4,$4,$0,$-6,$153,$55,$7,$0
44,2007-09-30,24.18,$11.02,2.19,$55.63,0.43,$6.78,3.57,$1.23,19.71,$0.69B,$0.41B,1.67,$0.02B,$0.47B,0.04,$2.36B,$0.38B,16.08%,$2.36B,$0.09B,3.68%,$2.36B,$0.09B,3.68%,$2.36B,$0.11B,4.82%,$2.36B,$0.08B,3.55%,$2.36B,$0.05B,2.24%,$0.05B,$0.47B,11.98%,$0.05B,$0.34B,17.45%,$0.05B,$0.95B,5.87%,$0.09B,$0.49B,18.37%,$636,$526,$110,$0,$74,$607,$29,$-1,$28,$11,$18,$18,$18,$36,$29,$42,43,$0.41,$0.41,$556,$0,$0,$692,$47,$28,$134,$45,$254,$946,$414,$20,$43,$64,$478,$0,$307,$0,$468,$946,$40,$21,$1,$22,$-13,$0,$19,$22,$50,$113,$-17,$0,$0,$0,$-26,$-26,$-4,$-46,$-25,$0,$-25,$3,$3,$0,$0,$-22,$44,$5,$0
45,2007-06-30,20.35,$10.57,1.92,$52.89,0.38,$5.79,3.51,$1.11,18.39,$0.67B,$0.40B,1.68,$0.03B,$0.45B,0.07,$2.24B,$0.36B,15.91%,$2.24B,$0.08B,3.48%,$2.24B,$0.08B,3.48%,$2.24B,$0.10B,4.63%,$2.24B,$0.08B,3.39%,$2.24B,$0.05B,2.09%,$0.05B,$0.45B,11.01%,$0.05B,$0.31B,16.49%,$0.05B,$0.92B,5.46%,$0.08B,$0.48B,17.07%,$614,$517,$97,$0,$67,$592,$22,$-1,$22,$8,$13,$13,$13,$29,$22,$42,43,$0.31,$0.31,$550,$0,$0,$672,$46,$23,$137,$13,$251,$923,$399,$30,$41,$75,$474,$0,$289,$-0,$449,$923,$23,$14,$-1,$13,$5,$0,$13,$25,$52,$88,$-10,$0,$0,$0,$3,$3,$0,$-7,$-15,$0,$-15,$2,$2,$0,$0,$-13,$68,$4,$0
46,2007-03-31,20.39,$10.22,2.0,$49.88,0.41,$4.71,4.33,$1.11,18.43,$0.63B,$0.37B,1.69,$0.03B,$0.43B,0.07,$2.12B,$0.34B,16.22%,$2.12B,$0.08B,3.69%,$2.12B,$0.08B,3.69%,$2.12B,$0.10B,4.82%,$2.12B,$0.08B,3.55%,$2.12B,$0.05B,2.22%,$0.05B,$0.43B,11.39%,$0.05B,$0.29B,17.57%,$0.05B,$0.88B,5.76%,$0.08B,$0.46B,17.77%,$563,$476,$86,$0,$63,$546,$17,$-1,$15,$6,$10,$10,$10,$23,$17,$42,42,$0.23,$0.23,$503,$0,$0,$627,$42,$23,$140,$13,$250,$877,$371,$30,$41,$74,$445,$0,$276,$-0,$432,$877,$10,$7,$-1,$6,$3,$0,$-10,$15,$21,$36,$-4,$0,$0,$0,$-1,$-1,$-0,$-5,$-15,$0,$-15,$0,$0,$0,$0,$-14,$16,$2,$0
47,2006-12-31,21.67,$9.96,2.18,$47.35,0.46,$4.83,4.49,$1.09,19.95,$0.61B,$0.36B,1.73,$0.05B,$0.42B,0.11,$2.01B,$0.33B,16.31%,$2.01B,$0.08B,3.74%,$2.01B,$0.08B,3.74%,$2.01B,$0.10B,4.89%,$2.01B,$0.07B,3.69%,$2.01B,$0.05B,2.29%,$0.05B,$0.42B,11.54%,$0.05B,$0.28B,17.85%,$0.05B,$0.86B,6.04%,$0.08B,$0.47B,17.96%,$550,$463,$87,$0,$61,$530,$19,$-1,$19,$7,$12,$12,$12,$26,$19,$42,42,$0.28,$0.27,$485,$0,$0,$614,$42,$20,$143,$13,$251,$864,$355,$45,$38,$89,$444,$0,$267,$-0,$420,$864,$46,$22,$5,$27,$-39,$0,$52,$12,$29,$102,$-20,$0,$6,$0,$22,$22,$-4,$4,$45,$0,$45,$2,$2,$0,$1,$48,$154,$6,$0
