,Date,Stock Price,Book Value per Share,Price to Book Ratio,TTM Sales per Share,Price to Sales Ratio,TTM FCF per Share,Price to FCF Ratio,TTM Net EPS,PE Ratio,Current Assets,Current Liabilities,Current Ratio,Long Term Debt,Shareholder's Equity_x,Debt to Equity Ratio,TTM Revenue_x,TTM Gross Profit,Gross Margin,TTM Revenue_y,TTM Operating Income,Operating Margin,TTM Revenue_x,TTM EBIT,EBIT Margin,TTM Revenue_y,TTM EBITDA,EBITDA Margin,TTM Revenue_x,TTM Pre-Tax Income,Pre-Tax Margin,TTM Revenue_y,TTM Net Income_x,Net Margin,TTM Net Income_y,Shareholder's Equity_y,Return on Equity,TTM Net Income_x,Tangible Equity,Return on Tangible Equity,TTM Net Income_y,Total Assets,Return on Assets,TTM Net Income,LT Investments & Debt,Return on Investment,revenue,cost-goods-sold,gross-profit,research-development-expenses,selling-general-administrative-expenses,operating-expenses,operating-income,total-non-operating-income-expense,pre-tax-income,total-provision-income-taxes,income-after-taxes,income-from-continuous-operations,net-income,ebitda,ebit,basic-shares-outstanding,shares-outstanding,eps-basic-net-earnings-per-share,eps-earnings-per-share-diluted,cash-on-hand,inventory,other-current-assets,total-current-assets,net-property-plant-equipment,long-term-investments,goodwill-intangible-assets-total,other-long-term-assets,total-long-term-assets,total-assets,total-current-liabilities,long-term-debt,other-non-current-liabilities,total-long-term-liabilities,total-liabilities,common-stock-net,retained-earnings-accumulated-deficit,comprehensive-income,total-share-holder-equity,total-liabilities-share-holders-equity,net-income-loss,total-depreciation-amortization-cash-flow,other-non-cash-items,total-non-cash-items,change-in-accounts-receivable,change-in-inventories,change-in-accounts-payable,change-in-assets-liabilities,total-change-in-assets-liabilities,cash-flow-from-operating-activities,net-change-in-property-plant-equipment,net-change-in-intangible-assets,net-acquisitions-divestitures,net-change-in-short-term-investments,net-change-in-long-term-investments,net-change-in-investments-total,investing-activities-other,cash-flow-from-investing-activities,net-long-term-debt,net-current-debt,debt-issuance-retirement-net-total,net-common-equity-issued-repurchased,net-total-equity-issued-repurchased,total-common-preferred-stock-dividends-paid,financial-activities-other,cash-flow-from-financial-activities,net-cash-flow,stock-based-compensation,common-stock-dividends-paid
0,2018-09-30,125.9,$21.74,5.79,$23.26,5.41,$11.02,11.42,$4.18,30.12,$0.58B,$0.32B,1.82,$0.09B,$0.93B,0.1,$1.00B,$0.60B,59.50%,$1.00B,$0.21B,21.00%,$1.00B,$0.21B,21.00%,$1.00B,$0.31B,30.60%,$1.00B,$0.23B,22.70%,$1.00B,$0.18B,18.00%,$0.18B,$0.93B,20.80%,$0.18B,$0.29B,83.62%,$0.18B,$1.44B,12.61%,$0.21B,$1.02B,20.96%,$261,$100,$161,$0,$71,$196,$65,$7,$73,$16,$57,$57,$57,$90,$65,$43,43,$1.33,$1.32,$367,$0,$23,$584,$145,$58,$639,$4,$856,$1440,$321,$90,$31,$191,$512,$0,$1095,$-67,$928,$1440,$141,$71,$15,$86,$-29,$0,$0,$51,$-18,$210,$-55,$0,$11,$7,$-1,$6,$-0,$-39,$-90,$0,$-90,$-11,$-11,$-32,$-13,$-145,$15,$24,$-32
1,2018-06-30,128.0,$20.44,6.26,$22.57,5.67,$10.21,12.54,$3.65,35.07,$0.57B,$0.33B,1.71,$0.13B,$0.87B,0.14,$0.97B,$0.57B,59.13%,$0.97B,$0.20B,20.43%,$0.97B,$0.20B,20.43%,$0.97B,$0.29B,30.03%,$0.97B,$0.21B,21.16%,$0.97B,$0.16B,16.20%,$0.16B,$0.87B,18.96%,$0.16B,$0.23B,91.68%,$0.16B,$1.43B,11.11%,$0.20B,$1.00B,19.93%,$252,$100,$153,$0,$75,$199,$54,$1,$55,$13,$42,$42,$42,$77,$54,$43,43,$0.98,$0.97,$352,$0,$28,$566,$146,$57,$645,$5,$861,$1427,$331,$125,$32,$225,$556,$0,$1038,$-61,$871,$1427,$84,$47,$14,$60,$-18,$0,$0,$62,$-14,$130,$-36,$0,$11,$-0,$-1,$-1,$0,$-26,$-55,$0,$-55,$-11,$-11,$-21,$-10,$-97,$-1,$17,$-21
2,2018-03-31,95.09,$20.18,4.71,$22.02,4.32,$9.62,9.89,$3.75,25.36,$0.55B,$0.33B,1.68,$0.15B,$0.86B,0.18,$0.95B,$0.55B,58.56%,$0.95B,$0.19B,20.08%,$0.95B,$0.19B,20.08%,$0.95B,$0.28B,29.81%,$0.95B,$0.21B,22.30%,$0.95B,$0.16B,17.02%,$0.16B,$0.86B,20.25%,$0.16B,$0.20B,121.28%,$0.16B,$1.44B,11.49%,$0.19B,$1.01B,19.26%,$244,$102,$141,$0,$71,$196,$48,$9,$57,$13,$43,$42,$42,$70,$48,$43,43,$0.99,$0.98,$355,$0,$19,$550,$147,$61,$658,$11,$887,$1437,$327,$150,$33,$251,$578,$0,$1007,$-40,$858,$1437,$42,$23,$5,$28,$-10,$0,$0,$57,$-10,$60,$-18,$0,$11,$-0,$-0,$-0,$0,$-7,$-30,$0,$-30,$-9,$-9,$-11,$-5,$-54,$3,$7,$-11
3,2017-12-31,96.29,$18.92,5.09,$21.19,4.54,$9.38,10.27,$3.19,30.18,$0.53B,$0.32B,1.64,$0.18B,$0.81B,0.22,$0.91B,$0.53B,57.68%,$0.91B,$0.17B,18.64%,$0.91B,$0.17B,18.64%,$0.91B,$0.26B,28.73%,$0.91B,$0.18B,19.85%,$0.91B,$0.14B,15.02%,$0.14B,$0.81B,18.01%,$0.14B,$0.15B,145.74%,$0.14B,$1.41B,9.92%,$0.17B,$0.99B,17.47%,$243,$103,$140,$0,$71,$201,$43,$-1,$42,$3,$39,$39,$39,$69,$43,$43,43,$0.92,$0.90,$353,$0,$28,$530,$147,$62,$660,$6,$876,$1406,$323,$180,$33,$278,$601,$0,$959,$-47,$805,$1406,$137,$91,$-1,$90,$-1,$0,$0,$-6,$23,$250,$-67,$0,$23,$-25,$7,$-18,$1,$-61,$-70,$0,$-70,$-42,$-42,$-39,$-6,$-158,$49,$24,$-39
4,2017-09-30,84.16,$18.32,4.59,$20.44,4.12,$8.59,9.79,$3.91,21.53,$0.50B,$0.30B,1.69,$0.21B,$0.78B,0.26,$0.88B,$0.51B,57.89%,$0.88B,$0.18B,20.09%,$0.88B,$0.18B,20.09%,$0.88B,$0.26B,29.74%,$0.88B,$0.23B,25.77%,$0.88B,$0.17B,19.07%,$0.17B,$0.78B,22.90%,$0.17B,$0.11B,268.80%,$0.17B,$1.38B,12.29%,$0.18B,$0.98B,18.37%,$230,$91,$139,$0,$64,$177,$53,$-2,$51,$17,$34,$34,$34,$75,$53,$43,43,$0.80,$0.79,$324,$0,$26,$498,$151,$62,$666,$7,$886,$1384,$295,$205,$41,$310,$605,$0,$940,$-49,$779,$1384,$98,$65,$5,$70,$-0,$0,$0,$-1,$-3,$165,$-46,$0,$23,$-24,$-2,$-26,$1,$-50,$-45,$0,$-45,$-41,$-41,$-30,$-4,$-120,$11,$17,$-30
5,2017-06-30,77.35,$17.33,4.46,$19.60,3.95,$8.04,9.62,$3.82,20.25,$0.51B,$0.30B,1.68,$0.23B,$0.74B,0.31,$0.85B,$0.48B,56.91%,$0.85B,$0.17B,19.83%,$0.85B,$0.17B,19.83%,$0.85B,$0.25B,29.40%,$0.85B,$0.22B,26.21%,$0.85B,$0.16B,19.36%,$0.16B,$0.74B,23.29%,$0.16B,$0.07B,180.72%,$0.16B,$1.38B,12.76%,$0.17B,$0.97B,19.03%,$229,$95,$134,$0,$66,$183,$46,$15,$61,$15,$46,$46,$46,$68,$46,$43,43,$1.07,$1.07,$340,$0,$24,$507,$154,$37,$667,$10,$869,$1376,$302,$230,$43,$335,$637,$0,$906,$-60,$739,$1376,$64,$43,$-3,$40,$3,$0,$0,$10,$-2,$102,$-33,$0,$23,$-0,$-4,$-4,$0,$-15,$-20,$0,$-20,$-28,$-28,$-20,$-4,$-72,$27,$11,$-20
6,2017-03-31,77.37,$16.74,4.62,$18.86,4.1,$7.67,10.08,$3.48,22.23,$0.49B,$0.30B,1.62,$0.24B,$0.72B,0.33,$0.82B,$0.46B,56.37%,$0.82B,$0.17B,20.34%,$0.82B,$0.17B,20.34%,$0.82B,$0.24B,29.78%,$0.82B,$0.21B,25.49%,$0.82B,$0.15B,18.38%,$0.15B,$0.72B,22.08%,$0.15B,$0.05B,122.70%,$0.15B,$1.36B,12.45%,$0.17B,$0.95B,20.74%,$210,$97,$113,$0,$63,$181,$28,$-1,$27,$8,$19,$18,$18,$50,$28,$43,43,$0.42,$0.42,$318,$0,$26,$486,$150,$39,$673,$8,$870,$1356,$300,$235,$42,$337,$637,$0,$870,$-73,$719,$1356,$18,$22,$5,$26,$4,$0,$0,$15,$2,$47,$-14,$0,$0,$-0,$-4,$-4,$1,$-18,$-15,$0,$-15,$-1,$-1,$-10,$-0,$-26,$7,$5,$-10
7,2016-12-31,72.19,$16.23,4.45,$18.46,3.91,$6.88,10.49,$3.73,19.35,$0.47B,$0.30B,1.6,$0.25B,$0.70B,0.36,$0.80B,$0.45B,56.89%,$0.80B,$0.18B,22.56%,$0.80B,$0.18B,22.56%,$0.80B,$0.25B,31.58%,$0.80B,$0.22B,28.07%,$0.80B,$0.16B,20.18%,$0.16B,$0.70B,24.50%,$0.16B,$0.02B,101.42%,$0.16B,$1.35B,14.32%,$0.18B,$0.95B,25.01%,$212,$88,$124,$0,$56,$162,$50,$39,$88,$17,$71,$70,$70,$69,$50,$43,43,$1.63,$1.62,$304,$0,$22,$472,$152,$40,$678,$9,$879,$1351,$295,$250,$46,$359,$654,$0,$862,$-82,$697,$1351,$161,$71,$-23,$48,$-0,$0,$0,$10,$5,$214,$-63,$0,$-192,$-17,$-3,$-20,$0,$-274,$190,$25,$215,$-48,$-48,$-38,$-5,$124,$52,$15,$-38
8,2016-09-30,77.57,$15.37,5.05,$18.11,4.28,$7.55,10.27,$2.95,26.3,$0.41B,$0.31B,1.32,$0.00B,$0.66B,0.0,$0.79B,$0.45B,56.73%,$0.79B,$0.18B,22.84%,$0.79B,$0.18B,22.84%,$0.79B,$0.25B,31.73%,$0.79B,$0.19B,23.86%,$0.79B,$0.13B,16.24%,$0.13B,$0.66B,19.90%,$0.13B,$0.23B,62.59%,$0.13B,$1.06B,12.27%,$0.18B,$0.66B,27.98%,$196,$85,$111,$0,$49,$152,$44,$2,$46,$17,$30,$30,$30,$62,$44,$43,43,$0.70,$0.70,$265,$0,$24,$413,$150,$51,$436,$9,$646,$1060,$314,$0,$43,$83,$398,$0,$802,$-63,$662,$1060,$91,$52,$3,$55,$13,$0,$0,$3,$-2,$143,$-48,$0,$-16,$-16,$-3,$-19,$0,$-83,$0,$25,$25,$-38,$-38,$-29,$-4,$-46,$12,$11,$-29
9,2016-06-30,79.81,$14.85,5.37,$17.99,4.44,$8.70,9.17,$3.01,26.52,$0.41B,$0.33B,1.25,$0.00B,$0.64B,0.0,$0.79B,$0.45B,56.93%,$0.79B,$0.18B,23.13%,$0.79B,$0.18B,23.13%,$0.79B,$0.25B,31.89%,$0.79B,$0.19B,24.14%,$0.79B,$0.13B,16.77%,$0.13B,$0.64B,20.38%,$0.13B,$0.20B,63.23%,$0.13B,$1.05B,12.76%,$0.18B,$0.64B,28.10%,$198,$86,$112,$0,$50,$154,$44,$3,$47,$15,$32,$32,$32,$62,$44,$43,43,$0.74,$0.73,$246,$0,$26,$409,$141,$51,$442,$10,$643,$1052,$329,$0,$40,$84,$413,$0,$781,$-62,$639,$1052,$61,$34,$4,$38,$1,$0,$0,$10,$-16,$83,$-29,$0,$-16,$-16,$-2,$-19,$0,$-64,$0,$40,$40,$-38,$-38,$-19,$-4,$-22,$-5,$8,$-19
10,2016-03-31,85.93,$14.69,5.85,$17.97,4.78,$9.39,9.15,$3.00,28.64,$0.40B,$0.32B,1.24,$0.00B,$0.63B,0.0,$0.79B,$0.46B,57.52%,$0.79B,$0.19B,23.77%,$0.79B,$0.19B,23.77%,$0.79B,$0.26B,32.24%,$0.79B,$0.19B,24.40%,$0.79B,$0.13B,16.69%,$0.13B,$0.63B,20.14%,$0.13B,$0.19B,61.47%,$0.13B,$1.03B,12.77%,$0.19B,$0.63B,28.68%,$192,$85,$107,$0,$48,$150,$42,$1,$43,$15,$28,$29,$29,$59,$42,$43,43,$0.67,$0.67,$227,$0,$26,$400,$134,$49,$438,$11,$632,$1033,$324,$0,$36,$78,$402,$0,$758,$-50,$631,$1033,$29,$17,$1,$17,$-8,$0,$0,$14,$-35,$11,$-14,$0,$-3,$-13,$1,$-12,$0,$-28,$0,$40,$40,$-38,$-38,$-10,$0,$-8,$-22,$4,$-10
11,2015-12-31,78.06,$14.76,5.29,$17.78,4.39,$9.90,7.88,$3.00,26.02,$0.41B,$0.30B,1.35,$0.00B,$0.64B,0.0,$0.79B,$0.46B,58.17%,$0.79B,$0.19B,24.21%,$0.79B,$0.19B,24.21%,$0.79B,$0.26B,32.45%,$0.79B,$0.19B,24.59%,$0.79B,$0.13B,16.86%,$0.13B,$0.64B,20.06%,$0.13B,$0.20B,60.45%,$0.13B,$1.03B,12.89%,$0.19B,$0.64B,28.81%,$202,$85,$117,$0,$50,$151,$50,$2,$52,$15,$37,$37,$37,$67,$50,$44,44,$0.84,$0.85,$249,$0,$22,$410,$135,$36,$438,$11,$619,$1029,$304,$0,$39,$84,$388,$0,$739,$-55,$641,$1029,$133,$64,$18,$82,$-7,$0,$0,$12,$26,$242,$-57,$0,$-11,$-6,$-5,$-11,$-0,$-80,$0,$5,$5,$-93,$-93,$-34,$-6,$-128,$22,$17,$-34
12,2015-09-30,77.73,$15.38,5.05,$17.60,4.42,$7.49,10.38,$2.86,27.18,$0.42B,$0.27B,1.54,$0.00B,$0.68B,0.0,$0.78B,$0.46B,58.37%,$0.78B,$0.19B,24.01%,$0.78B,$0.19B,24.01%,$0.78B,$0.25B,31.93%,$0.78B,$0.19B,24.39%,$0.78B,$0.13B,16.35%,$0.13B,$0.68B,19.21%,$0.13B,$0.24B,59.12%,$0.13B,$1.02B,12.46%,$0.19B,$0.68B,28.22%,$195,$83,$112,$0,$49,$149,$46,$1,$48,$15,$33,$34,$34,$63,$46,$44,44,$0.76,$0.76,$263,$0,$23,$420,$124,$35,$437,$7,$604,$1024,$273,$0,$20,$71,$344,$0,$711,$-50,$680,$1024,$96,$48,$9,$57,$9,$0,$0,$12,$36,$189,$-40,$0,$-3,$0,$-4,$-4,$-7,$-53,$0,$-30,$-30,$-26,$-26,$-25,$-5,$-87,$39,$14,$-25
13,2015-06-30,76.86,$15.14,5.08,$17.49,4.39,$4.85,15.83,$2.77,27.75,$0.44B,$0.31B,1.43,$0.00B,$0.67B,0.0,$0.78B,$0.46B,58.64%,$0.78B,$0.19B,23.94%,$0.78B,$0.19B,23.94%,$0.78B,$0.25B,31.63%,$0.78B,$0.19B,24.07%,$0.78B,$0.12B,15.88%,$0.12B,$0.67B,18.67%,$0.12B,$0.22B,61.16%,$0.12B,$1.05B,12.09%,$0.19B,$0.67B,28.16%,$202,$83,$119,$0,$53,$152,$50,$1,$50,$19,$32,$32,$32,$66,$50,$44,44,$0.73,$0.72,$259,$0,$22,$435,$123,$35,$448,$7,$612,$1048,$305,$0,$18,$73,$378,$0,$686,$-36,$670,$1048,$62,$31,$10,$41,$-9,$0,$0,$19,$10,$113,$-28,$0,$0,$0,$7,$7,$-5,$-26,$0,$5,$5,$-25,$-25,$-17,$-5,$-41,$40,$9,$-17
14,2015-03-31,72.19,$14.89,4.85,$17.17,4.21,$3.73,19.35,$1.83,39.45,$0.42B,$0.29B,1.43,$0.00B,$0.66B,0.0,$0.77B,$0.45B,58.20%,$0.77B,$0.11B,14.58%,$0.77B,$0.11B,14.58%,$0.77B,$0.17B,22.14%,$0.77B,$0.12B,15.49%,$0.77B,$0.08B,10.68%,$0.08B,$0.66B,12.35%,$0.08B,$0.21B,43.33%,$0.08B,$1.03B,7.99%,$0.11B,$0.66B,16.87%,$190,$79,$111,$0,$52,$145,$45,$-0,$44,$15,$29,$30,$30,$60,$45,$44,45,$0.67,$0.67,$243,$0,$22,$419,$121,$29,$448,$9,$607,$1026,$293,$0,$19,$72,$365,$0,$663,$-45,$661,$1026,$30,$15,$2,$17,$-9,$0,$0,$17,$-12,$35,$-14,$0,$0,$0,$0,$0,$-0,$-14,$0,$15,$15,$-1,$-1,$-8,$1,$7,$19,$4,$-8
15,2014-12-31,62.18,$14.76,4.21,$16.92,3.67,$3.07,20.24,$1.74,35.73,$0.39B,$0.29B,1.33,$0.00B,$0.65B,0.0,$0.76B,$0.44B,58.10%,$0.76B,$0.11B,13.97%,$0.76B,$0.11B,13.97%,$0.76B,$0.16B,21.21%,$0.76B,$0.11B,15.02%,$0.76B,$0.08B,10.28%,$0.08B,$0.65B,11.59%,$0.08B,$0.19B,38.33%,$0.08B,$1.01B,7.63%,$0.11B,$0.65B,15.76%,$196,$81,$115,$0,$54,$150,$47,$2,$49,$16,$33,$32,$32,$61,$47,$45,45,$0.71,$0.71,$225,$0,$30,$391,$118,$29,$466,$7,$620,$1010,$294,$0,$19,$62,$356,$0,$642,$-25,$654,$1010,$78,$55,$15,$70,$-26,$0,$0,$-5,$-11,$137,$-58,$0,$-64,$0,$91,$91,$0,$-31,$0,$30,$30,$-70,$-70,$-31,$-6,$-76,$17,$18,$-31
16,2014-09-30,65.07,$15.01,4.33,$16.43,3.96,$4.62,14.08,$1.71,38.05,$0.39B,$0.29B,1.34,$0.00B,$0.67B,0.0,$0.74B,$0.43B,58.33%,$0.74B,$0.10B,13.58%,$0.74B,$0.10B,13.58%,$0.74B,$0.15B,20.70%,$0.74B,$0.11B,14.65%,$0.74B,$0.08B,10.35%,$0.08B,$0.67B,11.29%,$0.08B,$0.19B,34.72%,$0.08B,$1.02B,7.50%,$0.10B,$0.67B,14.81%,$193,$80,$113,$0,$53,$148,$45,$-0,$45,$15,$30,$30,$30,$60,$45,$45,45,$0.67,$0.67,$228,$0,$24,$388,$113,$30,$482,$6,$632,$1020,$291,$0,$18,$59,$350,$0,$618,$-8,$671,$1020,$47,$40,$-1,$39,$-13,$0,$0,$-4,$-11,$75,$-43,$0,$-64,$0,$93,$93,$0,$-15,$0,$30,$30,$-38,$-38,$-23,$-2,$-33,$21,$13,$-23
17,2014-06-30,68.65,$14.95,4.59,$15.86,4.33,$6.14,11.19,$1.72,39.91,$0.40B,$0.32B,1.25,$0.00B,$0.67B,0.0,$0.72B,$0.42B,58.29%,$0.72B,$0.10B,13.95%,$0.72B,$0.10B,13.95%,$0.72B,$0.15B,20.72%,$0.72B,$0.11B,15.06%,$0.72B,$0.08B,10.77%,$0.08B,$0.67B,11.08%,$0.08B,$0.17B,30.56%,$0.08B,$1.05B,7.49%,$0.10B,$0.67B,14.35%,$189,$82,$108,$0,$58,$214,$-25,$6,$-19,$-9,$-10,$-10,$-10,$-11,$-25,$45,45,$-0.22,$-0.22,$221,$0,$22,$403,$110,$30,$501,$8,$649,$1051,$322,$0,$18,$60,$383,$0,$596,$11,$669,$1051,$17,$26,$-4,$22,$-19,$0,$0,$7,$28,$67,$-31,$0,$-64,$0,$88,$88,$0,$-7,$0,$0,$0,$-35,$-35,$-15,$-3,$-53,$8,$8,$-15
18,2014-03-31,75.38,$15.58,4.84,$15.37,4.9,$6.75,11.17,$2.60,28.99,$0.43B,$0.25B,1.71,$0.00B,$0.70B,0.0,$0.71B,$0.43B,59.86%,$0.71B,$0.17B,23.94%,$0.71B,$0.17B,23.94%,$0.71B,$0.22B,30.42%,$0.71B,$0.18B,24.65%,$0.71B,$0.12B,16.76%,$0.12B,$0.70B,16.63%,$0.12B,$0.27B,41.86%,$0.12B,$1.01B,11.47%,$0.17B,$0.70B,23.75%,$181,$76,$105,$0,$55,$143,$39,$1,$39,$14,$26,$26,$26,$51,$39,$45,45,$0.59,$0.58,$264,$0,$25,$425,$107,$39,$427,$9,$582,$1007,$248,$0,$18,$63,$311,$0,$613,$8,$697,$1007,$26,$12,$-0,$12,$-17,$0,$0,$6,$-27,$12,$-21,$0,$0,$0,$72,$72,$0,$51,$0,$0,$0,$-20,$-20,$-8,$1,$-28,$36,$4,$-8
19,2013-12-31,74.33,$15.37,4.83,$14.96,4.97,$7.32,10.15,$2.65,28.05,$0.45B,$0.27B,1.66,$0.00B,$0.69B,0.0,$0.70B,$0.43B,61.17%,$0.70B,$0.17B,24.64%,$0.70B,$0.17B,24.64%,$0.70B,$0.22B,31.09%,$0.70B,$0.18B,25.50%,$0.70B,$0.12B,17.62%,$0.12B,$0.69B,16.94%,$0.12B,$0.26B,41.66%,$0.12B,$1.03B,11.74%,$0.17B,$0.69B,23.68%,$181,$73,$108,$0,$54,$139,$42,$2,$44,$13,$31,$31,$31,$54,$42,$46,47,$0.69,$0.69,$299,$0,$26,$447,$105,$39,$430,$10,$584,$1031,$270,$0,$22,$70,$339,$0,$595,$5,$691,$1031,$123,$46,$2,$48,$-2,$0,$0,$-2,$16,$187,$-34,$0,$-10,$-3,$31,$28,$1,$-15,$0,$0,$0,$-149,$-149,$-17,$0,$-166,$4,$15,$-17
20,2013-09-30,75.32,$16.46,4.57,$14.55,5.18,$6.39,11.79,$2.66,28.32,$0.49B,$0.26B,1.92,$0.00B,$0.76B,0.0,$0.69B,$0.40B,58.58%,$0.69B,$0.17B,24.56%,$0.69B,$0.17B,24.56%,$0.69B,$0.21B,31.10%,$0.69B,$0.17B,25.15%,$0.69B,$0.13B,18.17%,$0.13B,$0.76B,17.00%,$0.13B,$0.32B,41.36%,$0.13B,$1.07B,11.90%,$0.17B,$0.76B,22.99%,$173,$72,$101,$0,$45,$129,$45,$1,$45,$14,$31,$31,$31,$56,$45,$46,47,$0.68,$0.68,$343,$0,$26,$489,$99,$38,$436,$11,$585,$1074,$255,$0,$24,$60,$316,$0,$577,$6,$758,$1074,$92,$34,$1,$35,$-1,$0,$0,$1,$6,$132,$-28,$0,$-10,$-3,$-5,$-8,$0,$-46,$0,$0,$0,$-60,$-60,$-12,$-1,$-73,$13,$11,$-12
21,2013-06-30,73.6,$15.55,4.73,$14.14,5.2,$5.58,13.19,$2.54,28.98,$0.46B,$0.25B,1.83,$0.00B,$0.72B,0.0,$0.68B,$0.40B,59.47%,$0.68B,$0.16B,24.26%,$0.68B,$0.16B,24.26%,$0.68B,$0.21B,30.92%,$0.68B,$0.17B,25.15%,$0.68B,$0.12B,17.90%,$0.12B,$0.72B,16.46%,$0.12B,$0.28B,40.33%,$0.12B,$1.04B,11.56%,$0.16B,$0.72B,22.31%,$175,$64,$111,$0,$56,$132,$44,$3,$47,$16,$31,$31,$31,$55,$44,$46,47,$0.67,$0.66,$315,$0,$27,$462,$96,$36,$433,$12,$577,$1039,$253,$0,$30,$68,$322,$0,$545,$-6,$717,$1039,$61,$23,$0,$23,$1,$0,$0,$6,$1,$85,$-19,$0,$-10,$-1,$14,$13,$0,$-16,$0,$0,$0,$-51,$-51,$-6,$-1,$-58,$6,$8,$-6
22,2013-03-31,66.21,$15.90,4.16,$13.73,4.82,$4.91,13.5,$2.44,27.14,$0.48B,$0.24B,1.97,$0.00B,$0.74B,0.0,$0.67B,$0.41B,61.17%,$0.67B,$0.16B,24.14%,$0.67B,$0.16B,24.14%,$0.67B,$0.21B,30.88%,$0.67B,$0.17B,24.74%,$0.67B,$0.12B,17.69%,$0.12B,$0.74B,15.63%,$0.12B,$0.31B,37.19%,$0.12B,$1.05B,11.09%,$0.16B,$0.74B,21.32%,$169,$62,$107,$0,$55,$128,$41,$1,$42,$12,$29,$30,$30,$52,$41,$46,47,$0.64,$0.63,$328,$0,$28,$480,$92,$36,$426,$12,$565,$1046,$243,$0,$30,$63,$306,$0,$520,$1,$739,$1046,$30,$11,$-2,$10,$-6,$0,$0,$10,$-13,$27,$-9,$0,$0,$0,$57,$57,$1,$49,$0,$0,$0,$-13,$-13,$0,$2,$-12,$61,$4,$0
23,2012-12-31,59.5,$15.62,3.81,$13.29,4.48,$4.46,13.33,$2.21,26.92,$0.48B,$0.26B,1.84,$0.00B,$0.73B,0.0,$0.66B,$0.41B,62.37%,$0.66B,$0.15B,22.76%,$0.66B,$0.15B,22.76%,$0.66B,$0.20B,29.59%,$0.66B,$0.15B,23.37%,$0.66B,$0.11B,16.39%,$0.11B,$0.73B,13.74%,$0.11B,$0.29B,31.72%,$0.11B,$1.04B,9.87%,$0.15B,$0.73B,19.08%,$171,$86,$84,$0,$59,$131,$39,$-1,$39,$11,$27,$28,$33,$51,$39,$48,49,$0.70,$0.68,$321,$0,$21,$475,$84,$35,$438,$10,$567,$1042,$257,$0,$21,$58,$315,$0,$496,$10,$727,$1042,$108,$43,$14,$57,$-17,$0,$0,$7,$-19,$146,$-30,$0,$6,$-10,$115,$105,$-0,$80,$0,$0,$0,$-243,$-243,$-25,$3,$-265,$-37,$19,$-25
24,2012-09-30,59.11,$15.94,3.71,$12.93,4.57,$4.88,12.1,$2.07,28.56,$0.49B,$0.26B,1.9,$0.00B,$0.76B,0.0,$0.65B,$0.38B,59.35%,$0.65B,$0.15B,22.41%,$0.65B,$0.15B,22.41%,$0.65B,$0.19B,29.21%,$0.65B,$0.15B,23.34%,$0.65B,$0.10B,15.92%,$0.10B,$0.76B,12.58%,$0.10B,$0.31B,27.99%,$0.10B,$1.06B,9.15%,$0.15B,$0.76B,17.71%,$161,$61,$100,$0,$50,$121,$40,$2,$42,$15,$27,$27,$27,$51,$40,$48,48,$0.56,$0.56,$343,$0,$23,$493,$78,$38,$444,$8,$568,$1061,$260,$0,$15,$44,$305,$0,$469,$9,$757,$1061,$75,$32,$7,$38,$-7,$0,$0,$3,$-21,$92,$-23,$0,$0,$-10,$81,$71,$-0,$48,$0,$0,$0,$-177,$-177,$-15,$1,$-191,$-48,$12,$-15
25,2012-06-30,54.49,$16.36,3.33,$12.74,4.28,$5.24,10.39,$1.93,28.23,$0.54B,$0.26B,2.07,$0.00B,$0.80B,0.0,$0.65B,$0.40B,61.30%,$0.65B,$0.14B,21.52%,$0.65B,$0.14B,21.52%,$0.65B,$0.18B,28.33%,$0.65B,$0.14B,21.98%,$0.65B,$0.10B,15.02%,$0.10B,$0.80B,11.57%,$0.10B,$0.35B,25.39%,$0.10B,$1.11B,8.48%,$0.14B,$0.80B,16.58%,$166,$49,$117,$12,$52,$125,$41,$1,$42,$15,$27,$28,$28,$52,$41,$49,50,$0.57,$0.56,$390,$0,$22,$542,$77,$34,$444,$8,$564,$1106,$262,$0,$15,$46,$309,$0,$447,$0,$797,$1106,$48,$21,$4,$25,$-4,$0,$0,$8,$-18,$55,$-18,$0,$0,$-7,$28,$21,$0,$3,$0,$0,$0,$-101,$-101,$-10,$1,$-110,$-53,$8,$-10
26,2012-03-31,59.3,$17.32,3.42,$12.56,4.72,$5.54,10.71,$1.89,31.38,$0.59B,$0.26B,2.31,$0.00B,$0.86B,0.0,$0.64B,$0.40B,61.62%,$0.64B,$0.14B,21.37%,$0.64B,$0.14B,21.37%,$0.64B,$0.18B,28.08%,$0.64B,$0.14B,21.68%,$0.64B,$0.10B,14.82%,$0.10B,$0.86B,11.13%,$0.10B,$0.41B,24.55%,$0.10B,$1.17B,8.22%,$0.14B,$0.86B,16.06%,$161,$50,$110,$13,$57,$130,$30,$1,$31,$12,$20,$20,$20,$41,$30,$50,51,$0.40,$0.40,$444,$0,$21,$594,$74,$35,$457,$7,$572,$1166,$257,$0,$15,$45,$302,$0,$424,$10,$864,$1166,$20,$10,$-1,$10,$-7,$0,$0,$11,$-24,$6,$-9,$0,$0,$-7,$-6,$-13,$0,$-22,$0,$0,$0,$-19,$-19,$-5,$3,$-21,$-35,$4,$-5
27,2011-12-31,55.82,$17.11,3.26,$12.37,4.51,$5.78,9.65,$1.93,28.92,$0.61B,$0.27B,2.26,$0.00B,$0.86B,0.0,$0.63B,$0.40B,62.66%,$0.63B,$0.14B,21.99%,$0.63B,$0.14B,21.99%,$0.63B,$0.18B,28.64%,$0.63B,$0.14B,22.31%,$0.63B,$0.10B,15.51%,$0.10B,$0.86B,11.62%,$0.10B,$0.40B,26.54%,$0.10B,$1.17B,8.58%,$0.14B,$0.86B,16.48%,$159,$101,$57,$0,$51,$124,$34,$2,$36,$8,$28,$28,$28,$45,$34,$50,51,$0.56,$0.54,$470,$0,$16,$612,$68,$28,$458,$6,$560,$1172,$271,$0,$14,$44,$315,$0,$409,$2,$857,$1172,$98,$43,$1,$44,$-4,$0,$0,$10,$22,$165,$-23,$0,$0,$-2,$-85,$-88,$0,$-111,$0,$0,$0,$-28,$-28,$-10,$5,$-33,$20,$15,$-10
28,2011-09-30,52.95,$16.69,3.17,$12.25,4.32,$5.16,10.27,$1.92,27.58,$0.57B,$0.25B,2.3,$0.00B,$0.84B,0.0,$0.62B,$0.45B,71.79%,$0.62B,$0.14B,21.96%,$0.62B,$0.14B,21.96%,$0.62B,$0.18B,28.85%,$0.62B,$0.14B,22.12%,$0.62B,$0.09B,15.06%,$0.09B,$0.84B,11.40%,$0.09B,$0.37B,27.39%,$0.09B,$1.13B,8.39%,$0.14B,$0.84B,16.62%,$160,$48,$112,$13,$54,$126,$34,$-1,$33,$12,$21,$21,$21,$45,$34,$50,51,$0.42,$0.42,$433,$0,$16,$573,$64,$25,$467,$6,$561,$1134,$249,$0,$31,$49,$298,$0,$386,$3,$836,$1134,$70,$32,$4,$35,$-0,$0,$0,$0,$1,$106,$-15,$0,$0,$0,$-76,$-76,$1,$-90,$0,$0,$0,$-22,$-22,$-8,$7,$-22,$-6,$11,$-8
29,2011-06-30,56.98,$16.94,3.36,$11.88,4.79,$4.80,11.87,$1.91,29.83,$0.58B,$0.25B,2.34,$0.00B,$0.86B,0.0,$0.60B,$0.44B,72.02%,$0.60B,$0.13B,22.02%,$0.60B,$0.13B,22.02%,$0.60B,$0.18B,28.97%,$0.60B,$0.14B,23.34%,$0.60B,$0.10B,16.23%,$0.10B,$0.86B,12.19%,$0.10B,$0.37B,30.60%,$0.10B,$1.15B,8.96%,$0.13B,$0.86B,16.54%,$161,$45,$116,$14,$53,$122,$39,$0,$39,$13,$26,$26,$26,$49,$39,$50,51,$0.53,$0.52,$430,$0,$16,$575,$62,$24,$483,$8,$578,$1153,$246,$0,$31,$51,$297,$0,$367,$18,$856,$1153,$49,$21,$1,$22,$1,$0,$0,$7,$-9,$61,$-8,$0,$1,$0,$-48,$-48,$1,$-55,$0,$0,$0,$5,$5,$-5,$6,$5,$15,$7,$-5
30,2011-03-31,54.68,$16.40,3.33,$11.43,4.78,$4.58,11.93,$1.75,31.25,$0.53B,$0.24B,2.23,$0.00B,$0.82B,0.0,$0.58B,$0.42B,71.68%,$0.58B,$0.12B,21.07%,$0.58B,$0.12B,21.07%,$0.58B,$0.16B,28.15%,$0.58B,$0.13B,22.45%,$0.58B,$0.09B,15.54%,$0.09B,$0.82B,11.70%,$0.09B,$0.34B,30.38%,$0.09B,$1.11B,8.60%,$0.12B,$0.82B,15.86%,$152,$41,$111,$12,$57,$120,$32,$1,$33,$11,$22,$22,$23,$42,$32,$50,51,$0.45,$0.44,$385,$0,$15,$528,$62,$25,$488,$7,$582,$1110,$236,$0,$32,$50,$286,$0,$343,$15,$824,$1110,$22,$10,$-2,$8,$-3,$0,$0,$11,$-17,$14,$-5,$0,$0,$0,$-5,$-5,$-0,$-10,$0,$0,$0,$5,$5,$-2,$4,$6,$13,$4,$-2
31,2010-12-31,49.72,$15.67,3.17,$11.00,4.52,$4.66,10.68,$1.71,29.07,$0.51B,$0.25B,2.01,$0.00B,$0.78B,0.0,$0.56B,$0.40B,71.71%,$0.56B,$0.12B,21.80%,$0.56B,$0.12B,21.80%,$0.56B,$0.16B,29.01%,$0.56B,$0.13B,23.06%,$0.56B,$0.09B,15.68%,$0.09B,$0.78B,11.78%,$0.09B,$0.30B,29.64%,$0.09B,$1.09B,8.69%,$0.12B,$0.78B,16.38%,$151,$42,$109,$14,$51,$119,$32,$1,$33,$10,$23,$24,$24,$44,$32,$49,51,$0.47,$0.45,$365,$0,$18,$507,$62,$24,$487,$6,$579,$1086,$253,$0,$32,$52,$305,$0,$323,$5,$781,$1086,$86,$40,$1,$40,$-24,$0,$0,$4,$-4,$123,$-15,$0,$-102,$0,$29,$29,$1,$-88,$0,$0,$0,$5,$5,$0,$7,$13,$50,$14,$0
32,2010-09-30,41.7,$15.21,2.74,$10.47,3.98,$4.29,9.72,$1.46,28.56,$0.46B,$0.22B,2.07,$0.00B,$0.76B,0.0,$0.53B,$0.38B,71.35%,$0.53B,$0.11B,21.44%,$0.53B,$0.11B,21.44%,$0.53B,$0.15B,28.27%,$0.53B,$0.12B,22.39%,$0.53B,$0.08B,14.61%,$0.08B,$0.76B,10.85%,$0.08B,$0.28B,26.55%,$0.08B,$1.03B,8.03%,$0.11B,$0.76B,15.92%,$140,$41,$99,$13,$46,$110,$30,$6,$36,$12,$24,$25,$25,$40,$30,$49,51,$0.50,$0.49,$339,$0,$14,$459,$58,$24,$479,$7,$567,$1026,$222,$0,$31,$49,$271,$0,$303,$6,$755,$1026,$63,$28,$2,$30,$-7,$0,$0,$-5,$-13,$80,$-8,$0,$-89,$0,$49,$49,$1,$-46,$0,$0,$0,$5,$5,$0,$4,$10,$45,$10,$0
33,2010-06-30,39.79,$14.45,2.75,$10.10,3.94,$3.99,9.96,$1.50,26.53,$0.44B,$0.21B,2.05,$0.00B,$0.72B,0.0,$0.51B,$0.37B,71.99%,$0.51B,$0.12B,23.08%,$0.51B,$0.12B,23.08%,$0.51B,$0.15B,29.39%,$0.51B,$0.12B,22.88%,$0.51B,$0.08B,14.79%,$0.08B,$0.72B,10.96%,$0.08B,$0.28B,24.90%,$0.08B,$0.96B,8.13%,$0.12B,$0.72B,17.10%,$136,$40,$96,$12,$48,$108,$28,$0,$28,$10,$17,$18,$18,$37,$28,$49,51,$0.37,$0.36,$320,$0,$13,$438,$56,$24,$439,$6,$525,$963,$213,$0,$30,$33,$246,$0,$285,$-13,$716,$963,$38,$18,$2,$20,$-7,$0,$0,$6,$-14,$45,$-4,$0,$-67,$0,$45,$45,$1,$-26,$0,$0,$0,$4,$4,$0,$4,$8,$24,$7,$0
34,2010-03-31,45.0,$14.30,3.15,$9.82,4.58,$3.67,12.25,$1.55,29.03,$0.47B,$0.19B,2.39,$0.00B,$0.70B,0.0,$0.49B,$0.36B,72.91%,$0.49B,$0.12B,24.85%,$0.49B,$0.12B,24.85%,$0.49B,$0.15B,31.36%,$0.49B,$0.12B,25.05%,$0.49B,$0.08B,15.89%,$0.08B,$0.70B,11.82%,$0.08B,$0.33B,25.66%,$0.08B,$0.93B,8.74%,$0.12B,$0.70B,18.49%,$128,$34,$94,$11,$43,$97,$31,$-0,$31,$11,$20,$20,$20,$40,$31,$49,50,$0.41,$0.40,$361,$0,$13,$465,$58,$24,$377,$6,$465,$930,$194,$0,$31,$34,$228,$0,$267,$-4,$702,$930,$20,$9,$-1,$8,$-5,$0,$0,$9,$-14,$14,$-2,$0,$-1,$0,$37,$37,$0,$35,$0,$0,$0,$3,$3,$0,$3,$7,$55,$3,$0
35,2009-12-31,45.23,$13.65,3.31,$9.65,4.69,$3.16,14.33,$1.66,27.25,$0.44B,$0.21B,2.14,$0.00B,$0.67B,0.0,$0.48B,$0.35B,72.92%,$0.48B,$0.13B,26.25%,$0.48B,$0.13B,26.25%,$0.48B,$0.16B,32.50%,$0.48B,$0.13B,26.46%,$0.48B,$0.08B,17.29%,$0.08B,$0.67B,13.27%,$0.08B,$0.28B,28.74%,$0.08B,$0.92B,9.72%,$0.13B,$0.67B,20.15%,$123,$36,$87,$10,$44,$99,$24,$-0,$23,$10,$14,$14,$14,$32,$24,$48,50,$0.29,$0.28,$343,$0,$13,$444,$60,$24,$385,$6,$475,$919,$208,$0,$31,$46,$253,$0,$240,$0,$666,$919,$82,$32,$1,$33,$12,$0,$0,$-2,$-14,$101,$-12,$0,$-74,$0,$-84,$-84,$-4,$-175,$0,$0,$0,$16,$16,$0,$9,$25,$-43,$12,$0
36,2009-09-30,45.44,$13.43,3.38,$9.61,4.73,$3.42,13.29,$1.76,25.82,$0.46B,$0.19B,2.44,$0.00B,$0.65B,0.0,$0.48B,$0.35B,73.74%,$0.48B,$0.13B,27.31%,$0.48B,$0.13B,27.31%,$0.48B,$0.16B,33.61%,$0.48B,$0.13B,27.73%,$0.48B,$0.09B,17.86%,$0.09B,$0.65B,14.34%,$0.09B,$0.32B,30.83%,$0.09B,$0.88B,10.30%,$0.13B,$0.65B,21.93%,$120,$32,$88,$9,$38,$86,$34,$1,$34,$12,$22,$22,$23,$40,$34,$48,50,$0.46,$0.45,$362,$0,$13,$462,$61,$20,$331,$5,$416,$879,$190,$0,$29,$37,$226,$0,$232,$2,$653,$879,$68,$23,$1,$24,$14,$0,$0,$-7,$-25,$67,$-10,$0,$-19,$0,$-47,$-47,$1,$-76,$0,$0,$0,$14,$14,$0,$5,$20,$16,$9,$0
37,2009-06-30,38.58,$12.79,3.02,$9.75,3.96,$3.68,10.49,$1.76,21.92,$0.43B,$0.19B,2.26,$0.00B,$0.62B,0.0,$0.48B,$0.36B,73.86%,$0.48B,$0.13B,26.97%,$0.48B,$0.13B,26.97%,$0.48B,$0.16B,33.20%,$0.48B,$0.13B,27.80%,$0.48B,$0.08B,17.43%,$0.08B,$0.62B,14.98%,$0.08B,$0.29B,32.40%,$0.08B,$0.84B,10.51%,$0.13B,$0.62B,23.18%,$120,$31,$89,$9,$38,$87,$33,$2,$35,$14,$21,$21,$21,$42,$33,$48,50,$0.43,$0.41,$323,$0,$13,$428,$60,$20,$331,$4,$415,$843,$189,$0,$28,$35,$224,$0,$210,$-1,$618,$843,$45,$17,$-1,$16,$9,$0,$0,$1,$-30,$31,$-7,$0,$-19,$0,$-12,$-12,$1,$-37,$0,$0,$0,$12,$12,$0,$4,$16,$13,$6,$0
38,2009-03-31,31.96,$11.86,2.69,$10.02,3.19,$3.83,8.35,$1.92,16.64,$0.39B,$0.18B,2.2,$0.00B,$0.56B,0.0,$0.49B,$0.37B,74.09%,$0.49B,$0.14B,28.14%,$0.49B,$0.14B,28.14%,$0.49B,$0.17B,33.60%,$0.49B,$0.14B,28.74%,$0.49B,$0.09B,18.42%,$0.09B,$0.56B,17.15%,$0.09B,$0.26B,37.37%,$0.09B,$0.78B,11.78%,$0.14B,$0.56B,26.19%,$117,$30,$86,$9,$35,$82,$35,$1,$35,$11,$24,$25,$25,$42,$35,$47,49,$0.53,$0.51,$286,$0,$13,$391,$60,$21,$300,$4,$385,$776,$178,$0,$27,$33,$211,$0,$189,$-18,$564,$776,$25,$8,$1,$9,$0,$0,$0,$5,$-42,$-8,$-5,$0,$-0,$0,$-6,$-6,$0,$-10,$0,$0,$0,$3,$3,$0,$0,$3,$-17,$3,$0
39,2008-12-31,33.22,$11.33,2.93,$10.21,3.26,$3.98,8.34,$1.88,17.67,$0.41B,$0.23B,1.77,$0.00B,$0.54B,0.0,$0.50B,$0.37B,74.30%,$0.50B,$0.14B,27.69%,$0.50B,$0.14B,27.69%,$0.50B,$0.17B,32.87%,$0.50B,$0.14B,28.49%,$0.50B,$0.09B,17.73%,$0.09B,$0.54B,17.74%,$0.09B,$0.23B,40.32%,$0.09B,$0.80B,11.93%,$0.14B,$0.54B,27.70%,$119,$31,$88,$10,$42,$91,$28,$-0,$28,$12,$16,$16,$16,$36,$28,$46,49,$0.34,$0.33,$298,$0,$14,$414,$59,$20,$307,$4,$390,$804,$233,$0,$27,$35,$268,$0,$164,$-16,$536,$804,$90,$26,$-4,$22,$-1,$0,$0,$17,$37,$149,$-49,$0,$-105,$0,$-25,$-25,$-0,$-179,$0,$0,$0,$23,$23,$0,$27,$51,$14,$11,$0
40,2008-09-30,51.91,$11.25,4.61,$10.23,5.07,$4.03,12.88,$1.90,27.32,$0.42B,$0.22B,1.92,$0.00B,$0.53B,0.0,$0.50B,$0.37B,74.45%,$0.50B,$0.14B,28.74%,$0.50B,$0.14B,28.74%,$0.50B,$0.17B,33.53%,$0.50B,$0.15B,29.74%,$0.50B,$0.09B,18.56%,$0.09B,$0.53B,19.80%,$0.09B,$0.26B,44.39%,$0.09B,$0.78B,13.15%,$0.14B,$0.53B,30.65%,$126,$33,$93,$10,$42,$91,$34,$1,$36,$14,$22,$22,$22,$40,$34,$46,49,$0.48,$0.45,$310,$0,$16,$419,$52,$20,$269,$4,$355,$775,$219,$0,$31,$31,$249,$0,$145,$4,$525,$775,$74,$19,$-14,$5,$-0,$0,$0,$6,$20,$98,$-29,$0,$-56,$0,$24,$24,$0,$-61,$0,$0,$0,$17,$17,$0,$22,$39,$74,$9,$0
41,2008-06-30,67.4,$10.74,6.27,$10.01,6.73,$3.95,17.06,$1.86,36.24,$0.39B,$0.21B,1.83,$0.00B,$0.50B,0.0,$0.49B,$0.36B,74.54%,$0.49B,$0.14B,28.95%,$0.49B,$0.14B,28.95%,$0.49B,$0.17B,33.88%,$0.49B,$0.15B,30.18%,$0.49B,$0.09B,18.69%,$0.09B,$0.50B,21.29%,$0.09B,$0.23B,50.91%,$0.09B,$0.74B,13.90%,$0.14B,$0.50B,32.98%,$132,$33,$99,$10,$41,$91,$42,$1,$43,$15,$28,$28,$28,$48,$42,$46,49,$0.61,$0.57,$271,$0,$15,$392,$36,$20,$273,$3,$344,$736,$214,$0,$24,$24,$238,$0,$123,$11,$498,$736,$51,$12,$-11,$2,$-3,$0,$0,$14,$-4,$49,$-17,$0,$-51,$0,$35,$35,$0,$-33,$0,$0,$0,$13,$13,$0,$17,$30,$47,$6,$0
42,2008-03-31,57.41,$9.84,5.84,$9.62,5.97,$4.11,13.96,$1.67,34.38,$0.33B,$0.21B,1.62,$0.00B,$0.45B,0.0,$0.47B,$0.35B,74.19%,$0.47B,$0.13B,27.31%,$0.47B,$0.13B,27.31%,$0.47B,$0.15B,32.47%,$0.47B,$0.13B,28.82%,$0.47B,$0.08B,17.42%,$0.08B,$0.45B,21.15%,$0.08B,$0.17B,55.48%,$0.08B,$0.67B,13.42%,$0.13B,$0.45B,33.16%,$125,$33,$93,$10,$42,$91,$35,$2,$36,$14,$23,$23,$23,$41,$35,$45,49,$0.51,$0.47,$216,$0,$15,$332,$25,$20,$275,$3,$337,$669,$206,$0,$15,$15,$220,$0,$95,$10,$448,$669,$23,$6,$-1,$5,$-6,$0,$0,$10,$-27,$1,$-7,$0,$-51,$0,$20,$20,$0,$-38,$0,$0,$0,$6,$6,$0,$6,$12,$-24,$3,$0
43,2007-12-31,72.75,$9.11,7.99,$9.08,8.01,$4.36,16.7,$1.53,47.55,$0.37B,$0.22B,1.69,$0.00B,$0.41B,0.0,$0.44B,$0.32B,74.02%,$0.44B,$0.12B,26.67%,$0.44B,$0.12B,26.67%,$0.44B,$0.14B,31.95%,$0.44B,$0.12B,28.51%,$0.44B,$0.07B,17.01%,$0.07B,$0.41B,21.56%,$0.07B,$0.18B,62.71%,$0.07B,$0.65B,13.23%,$0.12B,$0.41B,33.79%,$118,$30,$88,$9,$40,$85,$33,$1,$34,$15,$20,$20,$20,$39,$33,$43,48,$0.45,$0.41,$259,$0,$13,$368,$19,$20,$224,$3,$282,$649,$218,$0,$23,$23,$241,$0,$72,$8,$408,$649,$74,$21,$-23,$-1,$-12,$0,$0,$3,$40,$112,$-11,$0,$-61,$0,$-31,$-31,$-0,$-103,$0,$0,$0,$22,$22,$0,$30,$52,$63,$11,$0
44,2007-09-30,57.45,$8.20,7.0,$8.49,6.77,$4.27,13.46,$1.41,40.75,$0.29B,$0.20B,1.46,$0.00B,$0.36B,0.0,$0.40B,$0.30B,73.51%,$0.40B,$0.10B,25.50%,$0.40B,$0.10B,25.50%,$0.40B,$0.13B,30.94%,$0.40B,$0.11B,27.72%,$0.40B,$0.07B,16.83%,$0.07B,$0.36B,22.04%,$0.07B,$0.13B,68.34%,$0.07B,$0.57B,13.35%,$0.10B,$0.36B,33.39%,$112,$29,$83,$9,$37,$80,$31,$2,$34,$14,$19,$20,$20,$37,$31,$43,48,$0.46,$0.41,$193,$0,$12,$286,$19,$19,$223,$2,$279,$565,$195,$0,$14,$14,$209,$0,$52,$6,$356,$565,$54,$16,$-6,$10,$-7,$0,$0,$1,$9,$73,$-9,$0,$-60,$0,$-39,$-39,$-0,$-109,$0,$0,$0,$12,$12,$0,$13,$25,$-10,$8,$0
45,2007-06-30,44.0,$7.43,5.92,$7.93,5.55,$4.37,10.06,$1.29,34.11,$0.25B,$0.20B,1.24,$0.00B,$0.32B,0.0,$0.37B,$0.27B,72.99%,$0.37B,$0.09B,24.87%,$0.37B,$0.09B,24.87%,$0.37B,$0.11B,30.21%,$0.37B,$0.10B,26.74%,$0.37B,$0.06B,16.58%,$0.06B,$0.32B,22.18%,$0.06B,$0.09B,72.30%,$0.06B,$0.53B,13.27%,$0.09B,$0.32B,33.27%,$110,$29,$81,$9,$38,$81,$28,$1,$30,$12,$18,$18,$18,$34,$28,$43,48,$0.43,$0.38,$161,$0,$9,$249,$18,$19,$227,$2,$283,$532,$201,$0,$11,$11,$212,$0,$32,$5,$320,$532,$34,$10,$-4,$6,$-5,$0,$0,$12,$4,$44,$-6,$0,$-55,$0,$2,$2,$-0,$-59,$0,$0,$0,$6,$6,$0,$7,$13,$-1,$6,$0
46,2007-03-31,48.32,$6.82,7.08,$7.27,6.65,$4.37,11.06,$1.15,42.02,$0.21B,$0.20B,1.09,$0.00B,$0.29B,0.0,$0.34B,$0.25B,72.35%,$0.34B,$0.08B,24.12%,$0.34B,$0.08B,24.12%,$0.34B,$0.10B,29.41%,$0.34B,$0.09B,25.88%,$0.34B,$0.06B,16.18%,$0.06B,$0.29B,21.61%,$0.06B,$0.06B,63.95%,$0.06B,$0.49B,12.96%,$0.08B,$0.29B,32.22%,$95,$26,$70,$8,$33,$71,$24,$2,$26,$10,$15,$16,$16,$29,$24,$42,47,$0.37,$0.33,$122,$0,$10,$213,$16,$19,$227,$1,$278,$492,$195,$0,$8,$8,$203,$0,$14,$4,$289,$492,$16,$5,$-1,$4,$-8,$0,$0,$12,$-11,$8,$-2,$0,$-52,$0,$6,$6,$-0,$-48,$0,$0,$0,$2,$2,$0,$2,$4,$-36,$2,$0
47,2006-12-31,42.16,$6.38,6.61,$6.76,6.23,$4.43,9.52,$1.11,37.98,$0.24B,$0.17B,1.42,$0.00B,$0.27B,0.0,$0.32B,$0.23B,72.06%,$0.32B,$0.08B,24.44%,$0.32B,$0.08B,24.44%,$0.32B,$0.09B,29.52%,$0.32B,$0.08B,26.03%,$0.32B,$0.05B,16.51%,$0.05B,$0.27B,22.49%,$0.05B,$0.11B,59.43%,$0.05B,$0.45B,13.60%,$0.08B,$0.27B,33.30%,$87,$24,$63,$8,$30,$67,$20,$1,$22,$9,$13,$14,$14,$25,$20,$41,47,$0.33,$0.29,$164,$0,$9,$237,$16,$19,$160,$3,$210,$448,$167,$0,$11,$11,$178,$0,$1,$3,$269,$448,$52,$15,$-11,$4,$-9,$0,$0,$10,$43,$99,$-5,$0,$-117,$0,$-7,$-7,$-0,$-129,$0,$0,$0,$20,$20,$0,$14,$34,$4,$9,$0
