,Date,Stock Price,Book Value per Share,Price to Book Ratio,TTM Sales per Share,Price to Sales Ratio,TTM FCF per Share,Price to FCF Ratio,TTM Net EPS,PE Ratio,Current Assets,Current Liabilities,Current Ratio,Long Term Debt,Shareholder's Equity_x,Debt to Equity Ratio,TTM Revenue_x,TTM Gross Profit,Gross Margin,TTM Revenue_y,TTM Operating Income,Operating Margin,TTM Revenue_x,TTM EBIT,EBIT Margin,TTM Revenue_y,TTM EBITDA,EBITDA Margin,TTM Revenue_x,TTM Pre-Tax Income,Pre-Tax Margin,TTM Revenue_y,TTM Net Income_x,Net Margin,TTM Net Income_y,Shareholder's Equity_y,Return on Equity,TTM Net Income_x,Tangible Equity,Return on Tangible Equity,TTM Net Income_y,Total Assets,Return on Assets,TTM Net Income,LT Investments & Debt,Return on Investment,revenue,cost-goods-sold,gross-profit,research-development-expenses,selling-general-administrative-expenses,operating-expenses,operating-income,total-non-operating-income-expense,pre-tax-income,total-provision-income-taxes,income-after-taxes,income-from-continuous-operations,net-income,ebitda,ebit,basic-shares-outstanding,shares-outstanding,eps-basic-net-earnings-per-share,eps-earnings-per-share-diluted,cash-on-hand,inventory,other-current-assets,total-current-assets,net-property-plant-equipment,long-term-investments,goodwill-intangible-assets-total,other-long-term-assets,total-long-term-assets,total-assets,total-current-liabilities,long-term-debt,other-non-current-liabilities,total-long-term-liabilities,total-liabilities,common-stock-net,retained-earnings-accumulated-deficit,comprehensive-income,total-share-holder-equity,total-liabilities-share-holders-equity,net-income-loss,total-depreciation-amortization-cash-flow,other-non-cash-items,total-non-cash-items,change-in-accounts-receivable,change-in-inventories,change-in-accounts-payable,change-in-assets-liabilities,total-change-in-assets-liabilities,cash-flow-from-operating-activities,net-change-in-property-plant-equipment,net-change-in-intangible-assets,net-acquisitions-divestitures,net-change-in-short-term-investments,net-change-in-long-term-investments,net-change-in-investments-total,investing-activities-other,cash-flow-from-investing-activities,net-long-term-debt,net-current-debt,debt-issuance-retirement-net-total,net-common-equity-issued-repurchased,net-total-equity-issued-repurchased,total-common-preferred-stock-dividends-paid,financial-activities-other,cash-flow-from-financial-activities,net-cash-flow,stock-based-compensation,common-stock-dividends-paid
0,2018-09-30,0.69,$0.70,0.98,$2.09,0.33,$-1.09,0.0,$-0.33,0.0,$0.01B,$0.00B,2.39,$0.01B,$0.01B,1.73,$0.02B,$0.01B,58.82%,$0.02B,$-0.00B,-11.76%,$0.02B,$-0.00B,-11.76%,$0.02B,$0.00B,17.65%,$0.02B,$-0.00B,-23.53%,$0.02B,$-0.00B,-23.53%,$-0.00B,$0.01B,-55.17%,$-0.00B,$-0.00B,80.00%,$-0.00B,$0.02B,-18.60%,$-0.00B,$0.02B,-11.59%,$4,$2,$2,$1,$1,$7,$-3,$-0,$-3,$0,$-3,$-3,$-3,$1,$-3,$8,8,$-0.34,$-0.34,$4,$1,$0,$8,$0,$0,$10,$0,$11,$19,$4,$10,$0,$10,$14,$0,$-227,$0,$6,$19,$-2,$4,$1,$5,$-1,$0,$-0,$-2,$-2,$0,$-0,$0,$0,$0,$0,$0,$0,$-0,$0,$0,$0,$-0,$-0,$0,$-0,$-0,$0,$0,$0
1,2018-06-30,1.75,$1.03,1.69,$1.88,0.93,$-2.27,0.0,$-0.21,0.0,$0.01B,$0.00B,2.06,$0.01B,$0.01B,1.14,$0.02B,$0.01B,60.00%,$0.02B,$-0.00B,-6.67%,$0.02B,$-0.00B,-6.67%,$0.02B,$0.00B,6.67%,$0.02B,$-0.00B,-20.00%,$0.02B,$-0.00B,-20.00%,$-0.00B,$0.01B,-38.71%,$-0.00B,$-0.01B,54.55%,$-0.00B,$0.02B,-13.48%,$-0.00B,$0.02B,-6.56%,$5,$2,$3,$1,$1,$4,$1,$-0,$0,$0,$0,$0,$0,$1,$1,$8,8,$0.04,$0.04,$4,$2,$0,$8,$1,$0,$13,$0,$14,$22,$4,$10,$0,$10,$13,$0,$-224,$0,$8,$22,$1,$0,$1,$1,$0,$-1,$0,$-2,$-2,$-0,$-0,$0,$0,$0,$0,$0,$0,$-0,$0,$0,$0,$-0,$-0,$0,$-0,$-0,$-0,$0,$0
2,2018-03-31,1.19,$0.98,1.22,$1.54,0.77,$-3.29,0.0,$-0.85,0.0,$0.01B,$0.01B,1.69,$0.01B,$0.01B,1.21,$0.01B,$0.01B,63.64%,$0.01B,$-0.01B,-54.55%,$0.01B,$-0.01B,-54.55%,$0.01B,$-0.00B,-36.36%,$0.01B,$-0.01B,-63.64%,$0.01B,$-0.01B,-63.64%,$-0.01B,$0.01B,-93.33%,$-0.01B,$-0.01B,121.74%,$-0.01B,$0.02B,-32.18%,$-0.01B,$0.02B,-40.68%,$4,$2,$3,$1,$1,$4,$1,$-0,$0,$0,$0,$0,$0,$1,$1,$8,8,$0.04,$0.04,$4,$2,$0,$8,$1,$0,$13,$0,$14,$22,$5,$10,$0,$10,$14,$0,$-224,$0,$8,$22,$0,$0,$0,$1,$0,$-0,$0,$-2,$-1,$-0,$0,$0,$0,$0,$0,$0,$0,$0,$0,$0,$0,$-0,$-0,$0,$-0,$-0,$-0,$0,$0
3,2017-12-31,1.11,$0.91,1.22,$1.22,0.91,$-3.88,0.0,$-1.55,0.0,$0.01B,$0.01B,1.31,$0.01B,$0.01B,1.25,$0.01B,$0.01B,62.50%,$0.01B,$-0.01B,-137.50%,$0.01B,$-0.01B,-137.50%,$0.01B,$-0.01B,-112.50%,$0.01B,$-0.01B,-137.50%,$0.01B,$-0.01B,-137.50%,$-0.01B,$0.01B,-133.33%,$-0.01B,$-0.01B,220.00%,$-0.01B,$0.02B,-50.57%,$-0.01B,$0.02B,-72.13%,$4,$2,$2,$1,$1,$4,$-1,$-0,$-1,$-0,$-1,$-1,$-1,$-0,$-1,$7,7,$0.03,$0.03,$4,$2,$0,$9,$1,$0,$13,$0,$14,$23,$7,$9,$0,$9,$16,$0,$-225,$0,$7,$23,$-11,$1,$2,$3,$-1,$-0,$-0,$2,$1,$-8,$-0,$0,$0,$1,$0,$1,$0,$1,$0,$0,$0,$2,$2,$0,$0,$2,$-5,$1,$0
4,2017-09-30,0.96,$0.96,1.0,$0.91,1.06,$-5.62,0.0,$-3.66,0.0,$0.01B,$0.01B,0.55,$0.00B,$0.01B,0.0,$0.01B,$0.00B,80.00%,$0.01B,$-0.02B,-480.00%,$0.01B,$-0.02B,-480.00%,$0.01B,$-0.02B,-460.00%,$0.01B,$-0.02B,-480.00%,$0.01B,$-0.02B,-480.00%,$-0.02B,$0.01B,-234.15%,$-0.02B,$-0.01B,800.00%,$-0.02B,$0.02B,-105.49%,$-0.02B,$0.01B,-141.18%,$2,$1,$1,$1,$1,$4,$-2,$-0,$-2,$0,$-2,$-2,$-2,$-1,$-2,$8,8,$-0.22,$-0.22,$3,$1,$0,$8,$1,$0,$13,$0,$14,$22,$14,$0,$0,$0,$14,$0,$-224,$0,$8,$22,$-10,$1,$1,$2,$-1,$0,$-0,$1,$-1,$-9,$-0,$0,$0,$1,$0,$1,$0,$1,$0,$0,$0,$2,$2,$0,$0,$2,$-6,$1,$0
5,2017-06-30,1.71,$1.09,1.57,$0.83,2.05,$-6.86,0.0,$-4.14,0.0,$0.01B,$0.00B,1.54,$0.01B,$0.01B,1.2,$0.01B,$0.00B,80.00%,$0.01B,$-0.03B,-520.00%,$0.01B,$-0.03B,-520.00%,$0.01B,$-0.03B,-520.00%,$0.01B,$-0.03B,-540.00%,$0.01B,$-0.03B,-540.00%,$-0.03B,$0.01B,-174.19%,$-0.03B,$-0.01B,inf%,$-0.03B,$0.02B,-99.08%,$-0.03B,$0.02B,-106.12%,$1,$1,$1,$2,$1,$5,$-4,$-0,$-4,$0,$-4,$-4,$-4,$-4,$-4,$7,7,$-0.60,$-0.60,$3,$1,$0,$5,$1,$0,$13,$0,$14,$20,$4,$9,$0,$9,$13,$0,$-222,$0,$7,$20,$-8,$0,$1,$1,$0,$0,$-0,$0,$0,$-7,$0,$0,$0,$1,$0,$1,$0,$1,$0,$0,$0,$-0,$-0,$0,$0,$-0,$-6,$0,$0
6,2017-03-31,2.09,$1.66,1.26,$0.87,2.39,$-7.58,0.0,$-4.44,0.0,$0.01B,$0.00B,3.31,$0.01B,$0.01B,0.79,$0.01B,$0.00B,66.67%,$0.01B,$-0.03B,-466.67%,$0.01B,$-0.03B,-466.67%,$0.01B,$-0.03B,-466.67%,$0.01B,$-0.03B,-483.33%,$0.01B,$-0.03B,-483.33%,$-0.03B,$0.01B,-131.82%,$-0.03B,$-0.00B,-725.00%,$-0.03B,$0.02B,-86.57%,$-0.03B,$0.02B,-91.06%,$1,$1,$1,$3,$1,$5,$-4,$-0,$-4,$0,$-4,$-4,$-4,$-4,$-4,$7,7,$-0.66,$-0.66,$6,$1,$0,$8,$1,$0,$13,$0,$15,$22,$2,$9,$0,$9,$11,$0,$-218,$0,$11,$22,$-4,$0,$0,$1,$-0,$0,$-0,$-0,$-0,$-4,$0,$0,$0,$1,$0,$1,$0,$1,$0,$0,$0,$-0,$-0,$0,$0,$-0,$-3,$0,$0
7,2016-12-31,2.3,$2.31,1.0,$0.91,2.52,$-8.08,0.0,$-4.78,0.0,$0.01B,$0.00B,3.68,$0.01B,$0.02B,0.54,$0.01B,$0.00B,66.67%,$0.01B,$-0.03B,-516.67%,$0.01B,$-0.03B,-516.67%,$0.01B,$-0.03B,-516.67%,$0.01B,$-0.03B,-533.33%,$0.01B,$-0.03B,-533.33%,$-0.03B,$0.02B,-110.34%,$-0.03B,$0.00B,-376.47%,$-0.03B,$0.03B,-79.01%,$-0.03B,$0.02B,-82.67%,$1,$1,$1,$4,$1,$16,$-14,$-0,$-14,$-0,$-14,$-14,$-14,$-14,$-14,$7,7,$-2.19,$-2.19,$10,$1,$0,$12,$1,$0,$13,$0,$15,$27,$3,$8,$0,$8,$12,$0,$-214,$0,$15,$27,$-32,$1,$13,$14,$0,$0,$-0,$0,$0,$-18,$-1,$0,$0,$14,$0,$14,$0,$13,$-0,$8,$8,$0,$0,$0,$0,$8,$3,$2,$0
8,2016-09-30,7.5,$4.44,1.69,$0.96,7.79,$-9.86,0.0,$-3.60,0.0,$0.02B,$0.00B,6.27,$0.01B,$0.03B,0.28,$0.01B,$0.00B,57.14%,$0.01B,$-0.02B,-342.86%,$0.01B,$-0.02B,-342.86%,$0.01B,$-0.02B,-328.57%,$0.01B,$-0.02B,-342.86%,$0.01B,$-0.03B,-357.14%,$-0.03B,$0.03B,-68.49%,$-0.03B,$0.01B,-188.68%,$-0.03B,$0.04B,-54.35%,$-0.02B,$0.04B,-56.14%,$2,$1,$1,$4,$1,$6,$-4,$-0,$-5,$0,$-5,$-5,$-5,$-4,$-4,$7,7,$-0.71,$-0.71,$13,$1,$0,$15,$1,$0,$23,$0,$25,$40,$2,$8,$0,$8,$11,$1,$-200,$-0,$29,$40,$-18,$1,$2,$3,$0,$0,$-1,$0,$-1,$-15,$-1,$0,$0,$12,$0,$12,$0,$11,$-0,$8,$8,$0,$0,$0,$0,$8,$4,$2,$0
9,2016-06-30,4.05,$5.05,0.8,$0.88,4.6,$-11.09,0.0,$-4.40,0.0,$0.02B,$0.00B,5.69,$0.01B,$0.03B,0.24,$0.01B,$0.00B,50.00%,$0.01B,$-0.03B,-500.00%,$0.01B,$-0.03B,-500.00%,$0.01B,$-0.03B,-483.33%,$0.01B,$-0.03B,-483.33%,$0.01B,$-0.03B,-500.00%,$-0.03B,$0.03B,-71.43%,$-0.03B,$0.01B,-162.16%,$-0.03B,$0.05B,-60.91%,$-0.03B,$0.04B,-65.22%,$2,$1,$1,$5,$2,$7,$-6,$-0,$-6,$0,$-6,$-6,$-6,$-6,$-6,$7,7,$-0.91,$-0.91,$17,$1,$0,$20,$2,$0,$23,$0,$25,$45,$3,$8,$0,$8,$12,$1,$-195,$0,$33,$45,$-13,$1,$1,$2,$-0,$0,$-0,$0,$-0,$-11,$-1,$0,$0,$9,$0,$9,$0,$8,$-0,$8,$8,$0,$0,$0,$0,$8,$5,$1,$0
10,2016-03-31,6.5,$5.88,1.11,$0.79,8.26,$-11.35,0.0,$-4.60,0.0,$0.02B,$0.00B,9.31,$0.01B,$0.04B,0.2,$0.01B,$0.00B,40.00%,$0.01B,$-0.03B,-620.00%,$0.01B,$-0.03B,-620.00%,$0.01B,$-0.03B,-600.00%,$0.01B,$-0.03B,-600.00%,$0.01B,$-0.03B,-620.00%,$-0.03B,$0.04B,-63.92%,$-0.03B,$0.02B,-124.00%,$-0.03B,$0.05B,-57.94%,$-0.03B,$0.05B,-61.39%,$1,$1,$1,$5,$2,$8,$-7,$-0,$-7,$0,$-7,$-7,$-7,$-7,$-7,$7,7,$-1.05,$-1.05,$21,$1,$0,$24,$2,$0,$23,$1,$25,$50,$3,$8,$0,$8,$11,$1,$-189,$0,$39,$50,$-7,$0,$1,$1,$-0,$0,$-1,$-0,$-1,$-7,$-0,$0,$0,$4,$0,$4,$0,$4,$-0,$8,$8,$0,$0,$0,$0,$8,$5,$1,$0
11,2015-12-31,10.9,$6.85,1.59,$0.71,15.38,$-11.54,0.0,$-5.10,0.0,$0.02B,$0.00B,6.46,$0.00B,$0.05B,0.0,$0.01B,$0.00B,40.00%,$0.01B,$-0.03B,-640.00%,$0.01B,$-0.03B,-640.00%,$0.01B,$-0.03B,-620.00%,$0.01B,$-0.03B,-620.00%,$0.01B,$-0.03B,-640.00%,$-0.03B,$0.05B,-58.18%,$-0.03B,$0.02B,-101.59%,$-0.03B,$0.05B,-55.17%,$-0.03B,$0.05B,-58.18%,$2,$1,$1,$6,$2,$8,$-7,$0,$-6,$0,$-7,$-7,$-7,$-6,$-7,$6,6,$-0.94,$-0.94,$20,$2,$0,$23,$2,$0,$23,$0,$25,$49,$4,$0,$0,$0,$4,$0,$-182,$-0,$45,$49,$-31,$1,$4,$5,$-1,$-1,$0,$0,$-1,$-27,$-1,$0,$0,$8,$0,$8,$0,$7,$-0,$0,$-0,$23,$23,$0,$0,$23,$3,$4,$0
12,2015-09-30,14.9,$7.72,1.93,$0.68,21.77,$-12.38,0.0,$-5.90,0.0,$0.03B,$0.00B,10.78,$0.00B,$0.05B,0.0,$0.00B,$0.00B,50.00%,$0.00B,$-0.03B,-850.00%,$0.00B,$-0.03B,-850.00%,$0.00B,$-0.03B,-850.00%,$0.00B,$-0.03B,-850.00%,$0.00B,$-0.03B,-850.00%,$-0.03B,$0.05B,-60.44%,$-0.03B,$0.03B,-103.82%,$-0.03B,$0.05B,-57.63%,$-0.03B,$0.05B,-60.44%,$1,$1,$0,$9,$2,$11,$-10,$0,$-10,$0,$-10,$-10,$-10,$-10,$-10,$7,7,$-1.50,$-1.50,$23,$1,$0,$26,$1,$2,$23,$1,$27,$53,$2,$0,$0,$0,$3,$1,$-175,$-0,$51,$53,$-25,$1,$3,$4,$-0,$-0,$-0,$-1,$-2,$-23,$-0,$0,$0,$-1,$0,$-1,$0,$-2,$0,$0,$0,$23,$23,$0,$0,$23,$-2,$3,$0
13,2015-06-30,19.0,$9.12,2.08,$0.76,24.99,$-12.61,0.0,$-6.10,0.0,$0.04B,$0.00B,12.99,$0.00B,$0.06B,0.0,$0.00B,$0.00B,75.00%,$0.00B,$-0.03B,-800.00%,$0.00B,$-0.03B,-800.00%,$0.00B,$-0.03B,-800.00%,$0.00B,$-0.03B,-800.00%,$0.00B,$-0.03B,-800.00%,$-0.03B,$0.06B,-55.41%,$-0.03B,$0.04B,-93.43%,$-0.03B,$0.06B,-52.46%,$-0.03B,$0.06B,-55.41%,$1,$1,$0,$6,$2,$8,$-7,$0,$-7,$0,$-7,$-7,$-7,$-7,$-7,$6,6,$-1.10,$-1.10,$32,$1,$0,$35,$1,$3,$23,$1,$28,$62,$3,$0,$0,$0,$3,$1,$-165,$-0,$59,$62,$-15,$1,$2,$3,$-0,$-0,$-0,$0,$-1,$-13,$-0,$0,$0,$-7,$0,$-7,$0,$-7,$0,$0,$0,$23,$23,$0,$0,$23,$2,$2,$0
14,2015-03-31,21.0,$10.01,2.1,$0.96,21.88,$-13.00,0.0,$-6.40,0.0,$0.04B,$0.00B,13.61,$0.00B,$0.07B,0.0,$0.01B,$0.00B,80.00%,$0.01B,$-0.03B,-640.00%,$0.01B,$-0.03B,-640.00%,$0.01B,$-0.03B,-640.00%,$0.01B,$-0.03B,-640.00%,$0.01B,$-0.03B,-640.00%,$-0.03B,$0.07B,-54.24%,$-0.03B,$0.04B,-90.78%,$-0.03B,$0.07B,-51.20%,$-0.03B,$0.07B,-54.24%,$1,$0,$1,$7,$2,$9,$-8,$0,$-8,$0,$-8,$-8,$-8,$-8,$-8,$5,5,$-1.50,$-1.50,$33,$1,$0,$35,$1,$8,$23,$1,$32,$68,$3,$0,$0,$0,$3,$1,$-158,$-0,$65,$68,$-8,$0,$1,$2,$0,$-0,$-0,$-0,$-1,$-7,$-0,$0,$0,$-11,$0,$-11,$0,$-11,$0,$0,$0,$22,$22,$0,$0,$22,$4,$1,$0
15,2014-12-31,18.7,$9.95,1.88,$1.09,17.19,$-13.00,0.0,$-6.50,0.0,$0.03B,$0.00B,8.96,$0.00B,$0.05B,0.0,$0.01B,$0.00B,80.00%,$0.01B,$-0.03B,-640.00%,$0.01B,$-0.03B,-640.00%,$0.01B,$-0.03B,-640.00%,$0.01B,$-0.03B,-640.00%,$0.01B,$-0.03B,-640.00%,$-0.03B,$0.05B,-53.11%,$-0.03B,$0.03B,-88.28%,$-0.03B,$0.05B,-50.20%,$-0.03B,$0.05B,-53.11%,$1,$0,$1,$8,$2,$10,$-9,$0,$-9,$0,$-9,$-9,$-9,$-9,$-9,$5,5,$-1.90,$-1.90,$24,$1,$0,$25,$1,$2,$24,$0,$27,$53,$3,$0,$0,$0,$3,$0,$-150,$-0,$50,$53,$-33,$1,$5,$6,$-0,$-0,$-0,$0,$0,$-26,$-1,$0,$0,$23,$0,$23,$0,$23,$0,$0,$0,$2,$2,$0,$0,$2,$-1,$5,$0
16,2014-09-30,24.2,$11.61,2.08,$1.07,22.53,$-12.46,0.0,$-6.00,0.0,$0.03B,$0.00B,8.97,$0.00B,$0.06B,0.0,$0.01B,$0.00B,80.00%,$0.01B,$-0.03B,-580.00%,$0.01B,$-0.03B,-580.00%,$0.01B,$-0.03B,-580.00%,$0.01B,$-0.03B,-580.00%,$0.01B,$-0.03B,-580.00%,$-0.03B,$0.06B,-43.61%,$-0.03B,$0.03B,-68.24%,$-0.03B,$0.06B,-41.43%,$-0.03B,$0.06B,-43.61%,$1,$0,$1,$8,$2,$10,$-8,$0,$-8,$0,$-8,$-8,$-8,$-8,$-8,$5,5,$-1.70,$-1.70,$27,$1,$0,$29,$1,$7,$24,$0,$32,$61,$3,$0,$0,$0,$3,$0,$-142,$-0,$57,$61,$-24,$1,$4,$5,$-0,$-0,$-0,$0,$0,$-19,$-0,$0,$0,$17,$0,$17,$0,$17,$0,$0,$0,$2,$2,$0,$0,$2,$0,$4,$0
17,2014-06-30,31.4,$12.99,2.42,$1.04,30.17,$-12.21,0.0,$-5.70,0.0,$0.03B,$0.00B,11.5,$0.00B,$0.06B,0.0,$0.01B,$0.00B,80.00%,$0.01B,$-0.03B,-560.00%,$0.01B,$-0.03B,-560.00%,$0.01B,$-0.03B,-560.00%,$0.01B,$-0.03B,-560.00%,$0.01B,$-0.03B,-560.00%,$-0.03B,$0.06B,-38.89%,$-0.03B,$0.04B,-58.64%,$-0.03B,$0.07B,-37.33%,$-0.03B,$0.06B,-38.89%,$2,$1,$1,$6,$1,$9,$-7,$0,$-7,$0,$-7,$-7,$-7,$-7,$-7,$5,5,$-1.40,$-1.40,$31,$1,$0,$33,$1,$9,$24,$0,$34,$68,$3,$0,$0,$0,$3,$0,$-133,$0,$64,$68,$-15,$1,$3,$3,$-0,$0,$0,$-0,$0,$-12,$-0,$0,$0,$9,$0,$9,$0,$9,$0,$0,$0,$2,$2,$0,$0,$2,$-1,$3,$0
18,2014-03-31,45.4,$14.23,3.19,$0.94,48.16,$-12.26,0.0,$-5.80,0.0,$0.04B,$0.00B,13.16,$0.00B,$0.07B,0.0,$0.00B,$0.00B,100.00%,$0.00B,$-0.03B,-675.00%,$0.00B,$-0.03B,-675.00%,$0.00B,$-0.03B,-675.00%,$0.00B,$-0.03B,-675.00%,$0.00B,$-0.03B,-675.00%,$-0.03B,$0.07B,-35.06%,$-0.03B,$0.05B,-51.43%,$-0.03B,$0.07B,-33.86%,$-0.03B,$0.07B,-35.06%,$1,$1,$1,$7,$2,$9,$-8,$0,$-8,$0,$-8,$-8,$-8,$-8,$-8,$5,5,$-1.60,$-1.60,$35,$1,$0,$37,$1,$11,$25,$0,$36,$73,$3,$0,$0,$0,$3,$0,$-126,$0,$70,$73,$-8,$0,$1,$2,$-0,$0,$0,$-0,$-0,$-6,$-0,$0,$0,$3,$0,$3,$0,$2,$0,$0,$0,$2,$2,$0,$0,$2,$-2,$1,$0
19,2013-12-31,55.2,$15.42,3.58,$1.00,55.02,$-12.06,0.0,$-5.40,0.0,$0.04B,$0.00B,16.3,$0.00B,$0.08B,0.0,$0.00B,$0.00B,100.00%,$0.00B,$-0.02B,-600.00%,$0.00B,$-0.02B,-600.00%,$0.00B,$-0.02B,-600.00%,$0.00B,$-0.02B,-600.00%,$0.00B,$-0.02B,-600.00%,$-0.02B,$0.08B,-32.11%,$-0.02B,$0.05B,-48.00%,$-0.02B,$0.08B,-30.77%,$-0.02B,$0.08B,-32.11%,$1,$0,$1,$6,$1,$7,$-6,$0,$-6,$0,$-6,$-6,$-6,$-6,$-6,$5,5,$-1.40,$-1.40,$37,$1,$0,$38,$1,$14,$25,$0,$40,$78,$2,$0,$0,$0,$3,$0,$-118,$0,$75,$78,$-25,$2,$3,$5,$0,$-0,$-0,$0,$-3,$-23,$0,$0,$0,$-8,$0,$-8,$0,$-7,$0,$0,$0,$32,$32,$0,$0,$32,$2,$4,$0
20,2013-09-30,37.2,$16.30,2.28,$1.19,31.19,$-12.09,0.0,$-6.00,0.0,$0.04B,$0.00B,18.32,$0.00B,$0.08B,0.0,$0.01B,$0.01B,100.00%,$0.01B,$-0.03B,-520.00%,$0.01B,$-0.03B,-520.00%,$0.01B,$-0.03B,-500.00%,$0.01B,$-0.03B,-520.00%,$0.01B,$-0.03B,-520.00%,$-0.03B,$0.08B,-35.99%,$-0.03B,$0.05B,-55.32%,$-0.03B,$0.08B,-34.21%,$-0.03B,$0.08B,-35.99%,$1,$0,$1,$6,$2,$8,$-7,$0,$-7,$0,$-7,$-7,$-7,$-7,$-7,$5,5,$-1.40,$-1.40,$36,$0,$0,$37,$1,$18,$25,$0,$44,$81,$2,$0,$0,$0,$2,$0,$-111,$-0,$79,$81,$-18,$1,$2,$3,$0,$-0,$-0,$-0,$-3,$-18,$1,$0,$0,$-13,$0,$-13,$0,$-12,$0,$0,$0,$30,$30,$0,$0,$30,$-0,$3,$0
21,2013-06-30,40.2,$17.48,2.3,$1.33,30.19,$-12.15,0.0,$-6.10,0.0,$0.04B,$0.00B,14.94,$0.00B,$0.08B,0.0,$0.01B,$0.01B,100.00%,$0.01B,$-0.03B,-500.00%,$0.01B,$-0.03B,-500.00%,$0.01B,$-0.02B,-480.00%,$0.01B,$-0.03B,-500.00%,$0.01B,$-0.03B,-500.00%,$-0.03B,$0.08B,-35.59%,$-0.03B,$0.06B,-55.87%,$-0.03B,$0.09B,-33.56%,$-0.03B,$0.08B,-35.59%,$1,$0,$1,$6,$1,$8,$-6,$0,$-6,$0,$-6,$-6,$-6,$-6,$-6,$4,4,$-1.50,$-1.50,$40,$0,$0,$42,$1,$19,$25,$0,$45,$87,$3,$0,$0,$0,$3,$0,$-104,$-0,$84,$87,$-11,$1,$1,$2,$0,$-0,$0,$-0,$-2,$-11,$1,$0,$0,$-13,$0,$-13,$0,$-12,$0,$0,$0,$29,$29,$0,$0,$29,$6,$2,$0
22,2013-03-31,47.1,$15.19,3.1,$1.52,30.93,$-12.00,0.0,$-6.30,0.0,$0.03B,$0.00B,7.97,$0.00B,$0.06B,0.0,$0.01B,$0.01B,100.00%,$0.01B,$-0.03B,-433.33%,$0.01B,$-0.03B,-433.33%,$0.01B,$-0.02B,-400.00%,$0.01B,$-0.03B,-433.33%,$0.01B,$-0.03B,-433.33%,$-0.03B,$0.06B,-38.24%,$-0.03B,$0.04B,-61.90%,$-0.03B,$0.07B,-35.99%,$-0.03B,$0.06B,-38.24%,$1,$0,$1,$5,$2,$6,$-5,$0,$-5,$0,$-5,$-5,$-5,$-5,$-5,$4,4,$-1.20,$-1.20,$30,$0,$0,$32,$1,$7,$26,$0,$34,$66,$4,$0,$0,$0,$4,$0,$-98,$0,$61,$66,$-5,$0,$0,$1,$0,$-0,$1,$-0,$-1,$-5,$1,$0,$0,$6,$0,$6,$0,$7,$0,$0,$0,$1,$1,$0,$0,$1,$3,$1,$0
23,2012-12-31,34.8,$16.11,2.16,$1.56,22.3,$-11.96,0.0,$-7.00,0.0,$0.04B,$0.01B,7.26,$0.00B,$0.07B,0.0,$0.01B,$0.01B,100.00%,$0.01B,$-0.03B,-466.67%,$0.01B,$-0.03B,-466.67%,$0.01B,$-0.03B,-416.67%,$0.01B,$-0.03B,-466.67%,$0.01B,$-0.03B,-466.67%,$-0.03B,$0.07B,-38.62%,$-0.03B,$0.04B,-60.54%,$-0.03B,$0.07B,-36.36%,$-0.03B,$0.07B,-38.62%,$2,$0,$2,$7,$2,$9,$-8,$0,$-8,$-0,$-8,$-8,$-8,$-7,$-8,$4,4,$-1.90,$-1.90,$33,$0,$0,$35,$1,$7,$26,$0,$35,$70,$5,$0,$0,$0,$5,$0,$-93,$0,$65,$70,$-28,$3,$1,$3,$1,$-0,$-0,$1,$2,$-22,$3,$0,$0,$-20,$0,$-20,$0,$-18,$-0,$0,$-0,$2,$2,$0,$0,$2,$-37,$4,$0
24,2012-09-30,40.4,$17.84,2.26,$2.43,16.6,$-2.37,0.0,$2.40,16.83,$0.04B,$0.00B,11.15,$0.00B,$0.07B,0.0,$0.01B,$0.01B,77.78%,$0.01B,$0.01B,111.11%,$0.01B,$0.01B,111.11%,$0.01B,$0.01B,144.44%,$0.01B,$0.01B,111.11%,$0.01B,$0.01B,111.11%,$0.01B,$0.07B,12.90%,$0.01B,$0.05B,19.61%,$0.01B,$0.08B,12.20%,$0.01B,$0.07B,12.90%,$1,$0,$1,$7,$2,$7,$-6,$0,$-6,$0,$-6,$-6,$-6,$-6,$-6,$4,4,$-1.50,$-1.50,$36,$0,$0,$38,$1,$9,$26,$0,$36,$75,$3,$0,$0,$0,$4,$0,$-85,$0,$71,$75,$-20,$2,$-0,$2,$1,$0,$-0,$-0,$0,$-17,$3,$0,$0,$-21,$0,$-21,$0,$-18,$-0,$0,$-0,$2,$2,$0,$0,$2,$-34,$3,$0
25,2012-06-30,32.4,$19.13,1.69,$2.65,12.23,$-2.21,0.0,$2.10,15.43,$0.03B,$0.00B,8.64,$0.00B,$0.08B,0.0,$0.01B,$0.01B,80.00%,$0.01B,$0.01B,90.00%,$0.01B,$0.01B,90.00%,$0.01B,$0.01B,130.00%,$0.01B,$0.01B,90.00%,$0.01B,$0.01B,90.00%,$0.01B,$0.08B,12.29%,$0.01B,$0.05B,19.35%,$0.01B,$0.08B,11.54%,$0.01B,$0.08B,12.29%,$2,$0,$2,$7,$1,$8,$-7,$0,$-7,$0,$-7,$-7,$-7,$-6,$-7,$4,4,$-1.70,$-1.70,$30,$0,$0,$32,$1,$19,$26,$0,$46,$78,$4,$0,$0,$0,$4,$0,$-79,$-0,$75,$78,$-14,$2,$0,$2,$1,$0,$-0,$0,$1,$-11,$2,$0,$0,$-27,$0,$-27,$0,$-25,$-0,$0,$-0,$0,$0,$0,$0,$0,$-36,$2,$0
26,2012-03-31,39.7,$20.48,1.94,$3.07,12.91,$-1.89,0.0,$2.30,17.26,$0.04B,$0.01B,6.16,$0.00B,$0.08B,0.0,$0.01B,$0.01B,81.82%,$0.01B,$0.01B,90.91%,$0.01B,$0.01B,90.91%,$0.01B,$0.01B,127.27%,$0.01B,$0.01B,90.91%,$0.01B,$0.01B,90.91%,$0.01B,$0.08B,14.39%,$0.01B,$0.05B,23.67%,$0.01B,$0.09B,13.38%,$0.01B,$0.08B,14.39%,$1,$0,$1,$8,$3,$9,$-7,$0,$-7,$0,$-7,$-7,$-7,$-6,$-7,$4,4,$-1.90,$-1.90,$33,$0,$0,$35,$1,$22,$27,$0,$50,$85,$6,$0,$0,$0,$6,$0,$-73,$-0,$79,$85,$-7,$1,$-1,$0,$1,$0,$-0,$0,$1,$-6,$2,$0,$0,$-27,$0,$-27,$0,$-25,$-0,$0,$-0,$1,$1,$0,$0,$1,$-31,$1,$0
27,2011-12-31,42.0,$22.25,1.89,$3.66,11.49,$-1.95,0.0,$2.60,16.15,$0.05B,$0.00B,12.89,$0.00B,$0.09B,0.0,$0.01B,$0.01B,78.57%,$0.01B,$0.01B,78.57%,$0.01B,$0.01B,78.57%,$0.01B,$0.02B,107.14%,$0.01B,$0.01B,78.57%,$0.01B,$0.01B,78.57%,$0.01B,$0.09B,16.79%,$0.01B,$0.06B,29.33%,$0.01B,$0.09B,15.49%,$0.01B,$0.09B,16.79%,$5,$2,$3,$7,$2,$-25,$30,$0,$30,$0,$30,$30,$30,$31,$30,$4,4,$7.90,$7.70,$49,$0,$0,$52,$1,$9,$28,$0,$38,$90,$4,$0,$0,$0,$4,$0,$-65,$0,$85,$90,$11,$4,$-32,$-28,$0,$0,$-1,$1,$1,$-16,$34,$0,$-2,$5,$0,$5,$0,$38,$-0,$0,$-0,$3,$3,$0,$0,$3,$26,$4,$0
28,2011-09-30,36.6,$14.18,2.58,$3.62,10.11,$-11.93,0.0,$-6.60,0.0,$0.02B,$0.01B,4.35,$0.00B,$0.05B,0.0,$0.01B,$0.01B,84.62%,$0.01B,$-0.03B,-192.31%,$0.01B,$-0.03B,-192.31%,$0.01B,$-0.02B,-161.54%,$0.01B,$-0.03B,-192.31%,$0.01B,$-0.03B,-192.31%,$-0.03B,$0.05B,-40.98%,$-0.03B,$0.03B,-76.92%,$-0.03B,$0.06B,-37.31%,$-0.03B,$0.05B,-40.98%,$2,$0,$2,$7,$2,$9,$-7,$0,$-7,$0,$-7,$-7,$-7,$-6,$-7,$4,4,$-1.80,$-1.80,$18,$0,$0,$22,$2,$8,$27,$0,$37,$59,$5,$0,$0,$0,$5,$0,$-95,$-0,$54,$59,$-19,$3,$3,$5,$0,$0,$-0,$1,$0,$-13,$-0,$0,$-1,$3,$0,$3,$0,$1,$-0,$0,$-0,$3,$3,$0,$0,$3,$-9,$2,$0
29,2011-06-30,57.5,$15.65,3.67,$4.25,13.53,$-12.17,0.0,$-6.70,0.0,$0.03B,$0.01B,5.09,$0.00B,$0.06B,0.0,$0.02B,$0.01B,80.00%,$0.02B,$-0.02B,-160.00%,$0.02B,$-0.02B,-160.00%,$0.02B,$-0.02B,-133.33%,$0.02B,$-0.02B,-160.00%,$0.02B,$-0.02B,-160.00%,$-0.02B,$0.06B,-39.83%,$-0.02B,$0.03B,-77.42%,$-0.02B,$0.07B,-35.82%,$-0.02B,$0.06B,-39.83%,$3,$0,$3,$7,$2,$9,$-6,$0,$-6,$0,$-6,$-6,$-6,$-5,$-6,$4,4,$-1.50,$-1.50,$25,$0,$0,$29,$2,$7,$28,$0,$37,$65,$6,$0,$0,$0,$6,$0,$-88,$0,$60,$65,$-12,$2,$2,$4,$0,$0,$-1,$1,$1,$-7,$-0,$0,$-1,$-4,$0,$-4,$0,$-5,$-0,$0,$-0,$2,$2,$0,$0,$2,$-10,$2,$0
30,2011-03-31,60.1,$16.79,3.58,$4.73,12.72,$-12.43,0.0,$-6.90,0.0,$0.03B,$0.01B,4.8,$0.00B,$0.06B,0.0,$0.02B,$0.01B,81.25%,$0.02B,$-0.02B,-143.75%,$0.02B,$-0.02B,-143.75%,$0.02B,$-0.02B,-118.75%,$0.02B,$-0.02B,-143.75%,$0.02B,$-0.02B,-143.75%,$-0.02B,$0.06B,-38.82%,$-0.02B,$0.03B,-77.31%,$-0.02B,$0.07B,-33.82%,$-0.02B,$0.06B,-38.82%,$4,$1,$3,$6,$3,$10,$-6,$0,$-6,$0,$-6,$-6,$-6,$-5,$-6,$4,4,$-1.60,$-1.60,$28,$0,$0,$32,$2,$7,$29,$0,$38,$70,$7,$0,$0,$0,$7,$0,$-83,$-0,$63,$70,$-6,$1,$1,$2,$-0,$0,$-1,$1,$0,$-4,$-0,$0,$0,$-6,$0,$-6,$0,$-6,$-0,$0,$-0,$1,$1,$0,$0,$1,$-8,$1,$0
31,2010-12-31,56.9,$18.01,3.16,$4.91,11.58,$-12.72,0.0,$-7.10,0.0,$0.03B,$0.01B,5.03,$0.00B,$0.07B,0.0,$0.02B,$0.01B,81.25%,$0.02B,$-0.02B,-143.75%,$0.02B,$-0.02B,-143.75%,$0.02B,$-0.02B,-118.75%,$0.02B,$-0.02B,-143.75%,$0.02B,$-0.02B,-143.75%,$-0.02B,$0.07B,-39.32%,$-0.02B,$0.04B,-81.42%,$-0.02B,$0.07B,-33.45%,$-0.02B,$0.07B,-39.32%,$4,$1,$3,$6,$3,$10,$-6,$-0,$-6,$-0,$-6,$-6,$-6,$-5,$-6,$3,3,$-1.80,$-1.80,$29,$0,$0,$34,$2,$8,$29,$0,$40,$74,$7,$0,$0,$0,$7,$0,$-77,$0,$67,$74,$-23,$4,$3,$7,$-0,$0,$-0,$1,$0,$-16,$-1,$0,$-8,$10,$0,$10,$0,$1,$-0,$0,$-0,$22,$22,$0,$0,$22,$7,$3,$0
32,2010-09-30,48.8,$16.04,3.04,$4.80,10.16,$-11.50,0.0,$-7.00,0.0,$0.02B,$0.01B,2.67,$0.00B,$0.05B,0.0,$0.02B,$0.01B,81.25%,$0.02B,$-0.02B,-137.50%,$0.02B,$-0.02B,-137.50%,$0.02B,$-0.02B,-112.50%,$0.02B,$-0.02B,-137.50%,$0.02B,$-0.02B,-137.50%,$-0.02B,$0.05B,-37.93%,$-0.02B,$0.02B,-78.57%,$-0.02B,$0.06B,-31.77%,$-0.02B,$0.05B,-37.93%,$4,$1,$3,$7,$2,$10,$-6,$0,$-6,$0,$-6,$-6,$-6,$-5,$-6,$3,3,$-1.90,$-1.90,$17,$0,$0,$20,$2,$6,$30,$1,$39,$59,$8,$0,$0,$0,$8,$0,$-71,$0,$51,$59,$-17,$3,$2,$5,$-0,$0,$1,$1,$2,$-11,$-1,$0,$-8,$17,$0,$17,$0,$8,$-0,$0,$-0,$2,$2,$0,$0,$2,$-1,$2,$0
33,2010-06-30,44.2,$17.72,2.49,$4.70,9.41,$-11.20,0.0,$-6.70,0.0,$0.03B,$0.01B,2.14,$0.00B,$0.06B,0.0,$0.02B,$0.01B,86.67%,$0.02B,$-0.02B,-140.00%,$0.02B,$-0.02B,-140.00%,$0.02B,$-0.02B,-113.33%,$0.02B,$-0.02B,-140.00%,$0.02B,$-0.02B,-140.00%,$-0.02B,$0.06B,-33.60%,$-0.02B,$0.03B,-64.12%,$-0.02B,$0.07B,-28.38%,$-0.02B,$0.06B,-33.60%,$4,$1,$4,$7,$3,$10,$-5,$0,$-5,$0,$-5,$-5,$-5,$-4,$-5,$3,3,$-1.70,$-1.70,$22,$0,$0,$26,$1,$10,$31,$1,$43,$69,$12,$0,$1,$1,$13,$0,$-65,$0,$56,$69,$-11,$2,$1,$3,$-1,$0,$-0,$1,$1,$-7,$-0,$0,$-3,$9,$0,$9,$0,$5,$-0,$0,$-0,$1,$1,$0,$0,$1,$0,$1,$0
34,2010-03-31,40.1,$19.11,2.1,$3.98,10.07,$-11.45,0.0,$-6.70,0.0,$0.03B,$0.01B,2.07,$0.00B,$0.06B,0.0,$0.01B,$0.01B,84.62%,$0.01B,$-0.02B,-161.54%,$0.01B,$-0.02B,-161.54%,$0.01B,$-0.02B,-130.77%,$0.01B,$-0.02B,-161.54%,$0.01B,$-0.02B,-161.54%,$-0.02B,$0.06B,-31.46%,$-0.02B,$0.03B,-56.38%,$-0.02B,$0.07B,-27.18%,$-0.02B,$0.06B,-31.46%,$4,$1,$3,$6,$3,$9,$-6,$0,$-6,$0,$-6,$-6,$-6,$-5,$-6,$3,3,$-1.80,$-1.80,$22,$0,$0,$27,$1,$12,$32,$1,$46,$73,$13,$0,$1,$1,$14,$0,$-59,$0,$60,$73,$-6,$1,$1,$2,$-1,$0,$-0,$0,$-0,$-4,$-0,$0,$-2,$2,$0,$2,$0,$-0,$-0,$0,$-0,$0,$0,$0,$0,$0,$-4,$1,$0
35,2009-12-31,39.4,$20.72,1.9,$3.67,10.74,$-11.59,0.0,$-6.20,0.0,$0.04B,$0.01B,3.39,$0.00B,$0.07B,0.0,$0.01B,$0.01B,83.33%,$0.01B,$-0.02B,-158.33%,$0.01B,$-0.02B,-158.33%,$0.01B,$-0.02B,-133.33%,$0.01B,$-0.02B,-158.33%,$0.01B,$-0.02B,-158.33%,$-0.02B,$0.07B,-26.76%,$-0.02B,$0.04B,-40.86%,$-0.02B,$0.08B,-24.05%,$-0.02B,$0.07B,-26.76%,$4,$1,$3,$6,$3,$9,$-5,$0,$-5,$-0,$-5,$-5,$-5,$-4,$-5,$3,3,$-1.60,$-1.60,$31,$0,$0,$36,$2,$9,$27,$1,$39,$76,$11,$0,$0,$0,$11,$0,$-54,$0,$65,$76,$-19,$2,$3,$6,$1,$0,$0,$2,$2,$-12,$-1,$0,$-14,$17,$0,$17,$0,$2,$0,$0,$0,$-1,$-1,$0,$0,$-1,$-10,$3,$0
36,2009-09-30,25.0,$22.01,1.14,$3.78,6.61,$-10.33,0.0,$-6.60,0.0,$0.04B,$0.01B,4.04,$0.00B,$0.07B,0.0,$0.01B,$0.01B,83.33%,$0.01B,$-0.02B,-158.33%,$0.01B,$-0.02B,-158.33%,$0.01B,$-0.02B,-141.67%,$0.01B,$-0.02B,-166.67%,$0.01B,$-0.02B,-166.67%,$-0.02B,$0.07B,-26.58%,$-0.02B,$0.04B,-36.53%,$-0.02B,$0.08B,-24.54%,$-0.02B,$0.07B,-25.25%,$3,$1,$3,$6,$2,$8,$-5,$0,$-5,$0,$-5,$-5,$-5,$-4,$-5,$3,3,$-1.60,$-1.60,$32,$0,$0,$38,$1,$11,$28,$0,$41,$78,$9,$0,$0,$0,$9,$0,$-47,$0,$69,$78,$-14,$1,$2,$4,$0,$0,$0,$1,$1,$-10,$-1,$0,$-14,$15,$0,$15,$0,$1,$0,$0,$0,$-1,$-1,$0,$0,$-1,$-10,$2,$0
37,2009-06-30,16.5,$23.37,0.71,$3.98,4.15,$-8.73,0.0,$-6.00,0.0,$0.03B,$0.01B,6.53,$0.00B,$0.07B,0.0,$0.01B,$0.01B,76.92%,$0.01B,$-0.02B,-138.46%,$0.01B,$-0.02B,-138.46%,$0.01B,$-0.02B,-123.08%,$0.01B,$-0.02B,-138.46%,$0.01B,$-0.02B,-138.46%,$-0.02B,$0.07B,-22.57%,$-0.02B,$0.04B,-28.57%,$-0.02B,$0.08B,-21.30%,$-0.02B,$0.07B,-22.57%,$2,$0,$2,$4,$2,$7,$-5,$-0,$-5,$0,$-5,$-5,$-5,$-4,$-5,$3,3,$-1.60,$-1.60,$25,$0,$0,$31,$1,$20,$28,$2,$51,$82,$5,$0,$5,$5,$9,$0,$-42,$0,$73,$82,$-9,$1,$1,$2,$0,$0,$0,$-0,$-0,$-8,$-0,$0,$-14,$9,$0,$9,$0,$-5,$0,$0,$0,$-1,$-1,$0,$0,$-1,$-13,$1,$0
38,2009-03-31,18.2,$24.74,0.74,$4.35,4.18,$-7.31,0.0,$-5.70,0.0,$0.04B,$0.00B,15.21,$0.00B,$0.08B,0.0,$0.01B,$0.01B,71.43%,$0.01B,$-0.02B,-128.57%,$0.01B,$-0.02B,-128.57%,$0.01B,$-0.02B,-121.43%,$0.01B,$-0.02B,-128.57%,$0.01B,$-0.02B,-128.57%,$-0.02B,$0.08B,-21.43%,$-0.02B,$0.07B,-25.44%,$-0.02B,$0.08B,-20.63%,$-0.02B,$0.08B,-21.43%,$3,$0,$2,$4,$2,$7,$-4,$-0,$-4,$0,$-4,$-4,$-4,$-4,$-4,$3,3,$-1.30,$-1.30,$37,$0,$0,$40,$1,$25,$12,$2,$40,$80,$3,$0,$0,$0,$3,$0,$-37,$0,$77,$80,$-4,$0,$1,$1,$0,$0,$0,$-0,$-1,$-5,$-0,$0,$0,$-2,$0,$-2,$0,$-2,$0,$0,$0,$-1,$-1,$0,$0,$-1,$-8,$1,$0
39,2008-12-31,21.0,$25.89,0.81,$4.42,4.75,$-6.10,0.0,$-5.80,0.0,$0.05B,$0.00B,11.71,$0.00B,$0.08B,0.0,$0.01B,$0.01B,71.43%,$0.01B,$-0.02B,-135.71%,$0.01B,$-0.02B,-135.71%,$0.01B,$-0.02B,-128.57%,$0.01B,$-0.02B,-128.57%,$0.01B,$-0.02B,-128.57%,$-0.02B,$0.08B,-20.45%,$-0.02B,$0.07B,-24.24%,$-0.02B,$0.09B,-19.67%,$-0.02B,$0.08B,-21.59%,$4,$1,$3,$4,$3,$9,$-5,$-1,$-6,$0,$-6,$-6,$-6,$-5,$-5,$3,3,$-2.10,$-2.10,$44,$0,$0,$47,$1,$23,$12,$2,$39,$86,$4,$0,$0,$0,$4,$0,$-34,$0,$82,$86,$-19,$1,$6,$8,$0,$0,$0,$2,$2,$-9,$-0,$0,$0,$-10,$0,$-10,$0,$-11,$0,$0,$0,$-1,$-1,$0,$0,$-1,$-20,$5,$0
40,2008-09-30,42.5,$27.23,1.56,$4.08,10.42,$-3.90,0.0,$-5.20,0.0,$0.06B,$0.00B,17.76,$0.00B,$0.09B,0.0,$0.01B,$0.01B,69.23%,$0.01B,$-0.02B,-153.85%,$0.01B,$-0.02B,-153.85%,$0.01B,$-0.02B,-146.15%,$0.01B,$-0.02B,-130.77%,$0.01B,$-0.02B,-130.77%,$-0.02B,$0.09B,-18.58%,$-0.02B,$0.07B,-22.01%,$-0.02B,$0.09B,-17.94%,$-0.02B,$0.09B,-21.86%,$4,$1,$3,$4,$3,$8,$-4,$0,$-3,$0,$-3,$-3,$-3,$-3,$-4,$3,3,$-1.00,$-1.00,$56,$0,$0,$59,$1,$16,$14,$0,$31,$90,$3,$0,$0,$0,$3,$0,$-27,$-1,$87,$90,$-12,$1,$4,$5,$0,$0,$0,$1,$2,$-5,$-0,$0,$0,$10,$0,$10,$0,$10,$0,$0,$0,$0,$0,$0,$0,$0,$5,$4,$0
41,2008-06-30,49.1,$28.03,1.75,$4.03,12.17,$-1.94,0.0,$-5.10,0.0,$0.06B,$0.00B,17.29,$0.00B,$0.09B,0.0,$0.01B,$0.01B,69.23%,$0.01B,$-0.02B,-153.85%,$0.01B,$-0.02B,-153.85%,$0.01B,$-0.02B,-153.85%,$0.01B,$-0.02B,-130.77%,$0.01B,$-0.02B,-130.77%,$-0.02B,$0.09B,-17.75%,$-0.02B,$0.08B,-20.92%,$-0.02B,$0.09B,-17.17%,$-0.02B,$0.09B,-20.89%,$3,$1,$2,$5,$3,$8,$-5,$1,$-5,$0,$-5,$-5,$-5,$-5,$-5,$3,3,$-1.40,$-1.40,$58,$0,$0,$61,$1,$17,$14,$0,$32,$93,$4,$0,$0,$0,$4,$0,$-24,$-1,$90,$93,$-9,$1,$3,$3,$0,$0,$0,$2,$2,$-3,$-0,$0,$0,$7,$0,$7,$0,$7,$0,$0,$0,$0,$0,$0,$0,$0,$3,$3,$0
42,2008-03-31,43.6,$29.14,1.5,$4.38,9.95,$-0.43,0.0,$-3.70,0.0,$0.06B,$0.00B,16.64,$0.00B,$0.09B,0.0,$0.01B,$0.01B,78.57%,$0.01B,$-0.02B,-114.29%,$0.01B,$-0.02B,-114.29%,$0.01B,$-0.02B,-114.29%,$0.01B,$-0.01B,-85.71%,$0.01B,$-0.01B,-85.71%,$-0.01B,$0.09B,-12.12%,$-0.01B,$0.08B,-14.08%,$-0.01B,$0.10B,-11.74%,$-0.02B,$0.09B,-16.16%,$3,$0,$2,$4,$3,$8,$-5,$1,$-4,$0,$-4,$-4,$-4,$-5,$-5,$3,3,$-1.40,$-1.40,$60,$0,$0,$63,$1,$18,$14,$0,$33,$97,$4,$0,$0,$0,$4,$0,$-19,$-0,$93,$97,$-4,$0,$1,$2,$-0,$0,$0,$1,$2,$-1,$-0,$0,$0,$5,$0,$5,$0,$5,$0,$0,$0,$0,$0,$0,$0,$0,$4,$1,$0
43,2007-12-31,48.5,$30.20,1.61,$4.48,10.82,$0.41,117.72,$-2.60,0.0,$0.07B,$0.00B,27.45,$0.00B,$0.10B,0.0,$0.01B,$0.01B,85.71%,$0.01B,$-0.01B,-92.86%,$0.01B,$-0.01B,-92.86%,$0.01B,$-0.01B,-92.86%,$0.01B,$-0.01B,-64.29%,$0.01B,$-0.01B,-64.29%,$-0.01B,$0.10B,-8.91%,$-0.01B,$0.08B,-10.26%,$-0.01B,$0.10B,-8.65%,$-0.01B,$0.10B,-12.87%,$3,$1,$2,$5,$4,$9,$-6,$1,$-5,$-0,$-5,$-5,$-5,$-6,$-6,$3,3,$-1.60,$-1.60,$65,$0,$0,$69,$1,$14,$14,$0,$30,$99,$3,$0,$0,$0,$3,$0,$-15,$0,$96,$99,$-9,$1,$6,$7,$1,$0,$-0,$0,$1,$-1,$-1,$-2,$0,$32,$0,$32,$0,$30,$0,$0,$0,$-2,$-2,$0,$0,$-2,$27,$4,$0
44,2007-09-30,70.6,$31.83,2.22,$5.18,13.64,$-0.80,0.0,$-1.00,0.0,$0.08B,$0.00B,29.01,$0.00B,$0.10B,0.0,$0.02B,$0.01B,87.50%,$0.02B,$-0.01B,-43.75%,$0.02B,$-0.01B,-43.75%,$0.02B,$-0.01B,-43.75%,$0.02B,$-0.00B,-18.75%,$0.02B,$-0.00B,-18.75%,$-0.00B,$0.10B,-2.93%,$-0.00B,$0.09B,-3.35%,$-0.00B,$0.11B,-2.85%,$-0.01B,$0.10B,-6.85%,$4,$1,$3,$3,$3,$8,$-4,$1,$-3,$-0,$-3,$-3,$-3,$-4,$-4,$3,3,$-0.90,$-0.90,$71,$0,$0,$76,$2,$14,$15,$0,$31,$107,$3,$0,$0,$0,$3,$0,$-10,$-0,$104,$107,$-4,$1,$4,$4,$2,$0,$0,$-0,$1,$2,$-1,$-1,$0,$23,$0,$23,$0,$20,$0,$0,$0,$2,$2,$0,$0,$2,$24,$3,$0
45,2007-06-30,87.5,$32.26,2.71,$5.23,16.72,$-1.51,0.0,$-1.00,0.0,$0.08B,$0.00B,31.56,$0.00B,$0.10B,0.0,$0.02B,$0.02B,93.75%,$0.02B,$-0.01B,-31.25%,$0.02B,$-0.01B,-31.25%,$0.02B,$-0.00B,-25.00%,$0.02B,$-0.00B,-18.75%,$0.02B,$-0.00B,-18.75%,$-0.00B,$0.10B,-2.98%,$-0.00B,$0.09B,-3.38%,$-0.00B,$0.11B,-2.87%,$-0.01B,$0.10B,-4.96%,$4,$1,$4,$2,$3,$6,$-1,$1,$-0,$0,$-0,$-0,$-0,$-1,$-1,$3,3,$0.00,$0.00,$72,$0,$0,$76,$1,$16,$12,$0,$30,$106,$2,$0,$0,$0,$2,$0,$-7,$-0,$103,$106,$-1,$0,$2,$2,$2,$0,$-0,$-1,$1,$2,$-1,$0,$0,$-7,$0,$-7,$0,$-7,$0,$0,$0,$2,$2,$0,$0,$2,$-3,$2,$0
46,2007-03-31,84.0,$31.82,2.64,$4.62,18.16,$-3.18,0.0,$-1.70,0.0,$0.08B,$0.00B,29.48,$0.00B,$0.10B,0.0,$0.01B,$0.01B,92.86%,$0.01B,$-0.01B,-50.00%,$0.01B,$-0.01B,-50.00%,$0.01B,$-0.01B,-42.86%,$0.01B,$-0.01B,-35.71%,$0.01B,$-0.01B,-35.71%,$-0.01B,$0.10B,-5.00%,$-0.01B,$0.09B,-5.68%,$-0.01B,$0.10B,-4.81%,$-0.01B,$0.10B,-7.00%,$3,$1,$3,$2,$3,$5,$-2,$1,$-1,$-0,$-1,$-1,$-1,$-2,$-2,$3,3,$-0.30,$-0.30,$78,$0,$0,$82,$1,$8,$12,$0,$22,$104,$3,$0,$0,$0,$3,$0,$-7,$-0,$101,$104,$-1,$0,$1,$1,$1,$0,$-0,$1,$2,$2,$-0,$0,$0,$0,$0,$0,$0,$0,$0,$0,$0,$0,$0,$0,$0,$0,$2,$1,$0
47,2006-12-31,92.5,$31.90,2.9,$4.77,19.39,$-4.35,0.0,$-1.70,0.0,$0.09B,$0.00B,31.35,$0.00B,$0.10B,0.0,$0.02B,$0.01B,86.67%,$0.02B,$-0.01B,-40.00%,$0.02B,$-0.01B,-40.00%,$0.02B,$-0.01B,-33.33%,$0.02B,$-0.01B,-33.33%,$0.02B,$-0.01B,-33.33%,$-0.01B,$0.10B,-5.01%,$-0.01B,$0.09B,-5.70%,$-0.01B,$0.10B,-4.81%,$-0.01B,$0.10B,-6.02%,$5,$1,$4,$2,$3,$5,$-0,$1,$1,$0,$1,$1,$1,$-0,$-0,$3,3,$0.20,$0.20,$82,$0,$0,$87,$1,$2,$12,$1,$16,$104,$3,$0,$0,$0,$3,$0,$-6,$-0,$101,$104,$-5,$0,$3,$3,$-2,$0,$0,$-1,$-4,$-6,$-0,$0,$0,$4,$0,$4,$0,$4,$0,$0,$0,$4,$4,$0,$0,$4,$2,$3,$0
