,Date,Stock Price,Book Value per Share,Price to Book Ratio,TTM Sales per Share,Price to Sales Ratio,TTM FCF per Share,Price to FCF Ratio,TTM Net EPS,PE Ratio,Current Assets,Current Liabilities,Current Ratio,Long Term Debt,Shareholder's Equity_x,Debt to Equity Ratio,TTM Revenue_x,TTM Gross Profit,Gross Margin,TTM Revenue_y,TTM Operating Income,Operating Margin,TTM Revenue_x,TTM EBIT,EBIT Margin,TTM Revenue_y,TTM EBITDA,EBITDA Margin,TTM Revenue_x,TTM Pre-Tax Income,Pre-Tax Margin,TTM Revenue_y,TTM Net Income_x,Net Margin,TTM Net Income_y,Shareholder's Equity_y,Return on Equity,TTM Net Income_x,Tangible Equity,Return on Tangible Equity,TTM Net Income_y,Total Assets,Return on Assets,TTM Net Income,LT Investments & Debt,Return on Investment,revenue,cost-goods-sold,gross-profit,research-development-expenses,selling-general-administrative-expenses,operating-expenses,operating-income,total-non-operating-income-expense,pre-tax-income,total-provision-income-taxes,income-after-taxes,income-from-continuous-operations,net-income,ebitda,ebit,basic-shares-outstanding,shares-outstanding,eps-basic-net-earnings-per-share,eps-earnings-per-share-diluted,cash-on-hand,inventory,other-current-assets,total-current-assets,net-property-plant-equipment,long-term-investments,goodwill-intangible-assets-total,other-long-term-assets,total-long-term-assets,total-assets,total-current-liabilities,long-term-debt,other-non-current-liabilities,total-long-term-liabilities,total-liabilities,common-stock-net,retained-earnings-accumulated-deficit,comprehensive-income,total-share-holder-equity,total-liabilities-share-holders-equity,net-income-loss,total-depreciation-amortization-cash-flow,other-non-cash-items,total-non-cash-items,change-in-accounts-receivable,change-in-inventories,change-in-accounts-payable,change-in-assets-liabilities,total-change-in-assets-liabilities,cash-flow-from-operating-activities,net-change-in-property-plant-equipment,net-change-in-intangible-assets,net-acquisitions-divestitures,net-change-in-short-term-investments,net-change-in-long-term-investments,net-change-in-investments-total,investing-activities-other,cash-flow-from-investing-activities,net-long-term-debt,net-current-debt,debt-issuance-retirement-net-total,net-common-equity-issued-repurchased,net-total-equity-issued-repurchased,total-common-preferred-stock-dividends-paid,financial-activities-other,cash-flow-from-financial-activities,net-cash-flow,stock-based-compensation,common-stock-dividends-paid
0,2018-06-30,18.71,$14.31,1.31,$22.11,0.85,$-2.67,0.0,$0.17,110.06,$0.29B,$0.20B,1.46,$0.03B,$0.27B,0.1,$0.43B,$0.10B,22.54%,$0.43B,$0.03B,7.75%,$0.43B,$0.03B,7.75%,$0.43B,$0.04B,9.15%,$0.43B,$0.02B,3.52%,$0.43B,$0.00B,0.70%,$0.00B,$0.27B,1.10%,$0.00B,$0.27B,1.13%,$0.00B,$0.55B,0.59%,$0.03B,$0.30B,11.38%,$93,$75,$17,$2,$17,$94,$-1,$-5,$-6,$-1,$-5,$-5,$-5,$1,$-1,$19,19,$-0.27,$-0.27,$15,$196,$17,$291,$28,$0,$6,$6,$259,$549,$199,$27,$53,$80,$279,$0,$63,$-7,$271,$549,$-5,$2,$3,$5,$23,$-29,$0,$-3,$-1,$-1,$-2,$0,$0,$-0,$0,$-0,$0,$-2,$4,$0,$4,$0,$0,$0,$-2,$2,$-1,$1,$0
1,2018-03-31,21.43,$14.59,1.47,$22.13,0.97,$-2.60,0.0,$0.83,25.82,$0.28B,$0.20B,1.44,$0.01B,$0.28B,0.05,$0.43B,$0.11B,24.71%,$0.43B,$0.05B,11.66%,$0.43B,$0.05B,11.66%,$0.43B,$0.06B,12.82%,$0.43B,$0.03B,7.93%,$0.43B,$0.02B,3.73%,$0.02B,$0.28B,5.96%,$0.02B,$0.27B,6.11%,$0.02B,$0.54B,3.36%,$0.05B,$0.29B,17.65%,$121,$91,$29,$2,$13,$106,$15,$-5,$10,$1,$9,$9,$9,$16,$15,$19,20,$0.45,$0.45,$16,$169,$16,$283,$28,$0,$6,$7,$258,$541,$197,$14,$54,$68,$265,$0,$67,$-5,$276,$541,$16,$6,$14,$20,$11,$-53,$0,$9,$-51,$-14,$-10,$0,$-5,$-0,$0,$-0,$0,$-15,$39,$0,$39,$-9,$-9,$0,$3,$33,$4,$4,$0
2,2017-12-31,24.99,$14.08,1.77,$21.84,1.14,$-1.90,0.0,$0.86,29.06,$0.12B,$0.16B,0.74,$0.02B,$0.27B,0.06,$0.42B,$0.11B,25.83%,$0.42B,$0.05B,12.32%,$0.42B,$0.05B,12.32%,$0.42B,$0.06B,13.74%,$0.42B,$0.04B,9.00%,$0.42B,$0.02B,4.03%,$0.02B,$0.27B,6.49%,$0.02B,$0.26B,6.67%,$0.02B,$0.47B,3.78%,$0.05B,$0.28B,18.76%,$100,$78,$23,$2,$16,$95,$5,$-4,$1,$8,$-7,$-7,$-7,$7,$5,$19,19,$-0.36,$-0.36,$13,$88,$0,$117,$21,$0,$7,$7,$351,$468,$158,$15,$26,$41,$199,$0,$57,$-6,$269,$468,$7,$5,$6,$10,$23,$-48,$0,$15,$-27,$-10,$-5,$0,$-5,$-0,$0,$-0,$0,$-10,$22,$0,$22,$-4,$-4,$0,$3,$21,$1,$3,$0
3,2017-09-30,29.46,$14.38,2.05,$22.38,1.32,$-2.42,0.0,$1.79,16.46,$0.14B,$0.16B,0.89,$0.02B,$0.27B,0.06,$0.44B,$0.12B,27.13%,$0.44B,$0.07B,15.40%,$0.44B,$0.07B,15.40%,$0.44B,$0.07B,16.55%,$0.44B,$0.05B,12.41%,$0.44B,$0.04B,8.05%,$0.04B,$0.27B,13.75%,$0.04B,$0.27B,14.13%,$0.04B,$0.46B,7.89%,$0.07B,$0.29B,24.72%,$112,$85,$27,$1,$12,$98,$14,$-4,$10,$4,$6,$6,$6,$15,$14,$19,19,$0.34,$0.33,$18,$97,$0,$144,$20,$0,$7,$6,$318,$461,$161,$15,$10,$26,$187,$0,$64,$-6,$274,$461,$14,$3,$3,$6,$15,$-24,$0,$-11,$-28,$-8,$-2,$0,$-5,$-0,$0,$-0,$0,$-8,$23,$0,$23,$-4,$-4,$0,$3,$22,$6,$2,$0
4,2017-06-30,28.24,$13.70,2.06,$22.20,1.27,$-3.15,0.0,$1.93,14.63,$0.12B,$0.14B,0.86,$0.02B,$0.26B,0.06,$0.43B,$0.12B,28.24%,$0.43B,$0.07B,16.20%,$0.43B,$0.07B,16.20%,$0.43B,$0.08B,17.36%,$0.43B,$0.06B,13.43%,$0.43B,$0.04B,8.80%,$0.04B,$0.26B,15.62%,$0.04B,$0.25B,16.07%,$0.04B,$0.44B,8.68%,$0.07B,$0.27B,26.87%,$96,$69,$27,$1,$10,$79,$16,$-3,$13,$5,$8,$8,$8,$17,$16,$19,19,$0.44,$0.42,$11,$90,$0,$120,$18,$0,$6,$6,$315,$435,$140,$16,$23,$40,$180,$0,$58,$-7,$255,$435,$8,$1,$1,$3,$9,$-19,$0,$5,$-12,$-1,$-1,$0,$0,$-0,$0,$-0,$0,$-1,$3,$0,$3,$-2,$-2,$0,$-1,$0,$-1,$1,$0
5,2017-03-31,30.73,$13.33,2.3,$21.67,1.42,$-3.88,0.0,$1.93,15.92,$0.12B,$0.14B,0.86,$0.02B,$0.25B,0.07,$0.42B,$0.12B,27.32%,$0.42B,$0.07B,15.91%,$0.42B,$0.07B,15.91%,$0.42B,$0.07B,17.10%,$0.42B,$0.06B,13.06%,$0.42B,$0.04B,9.03%,$0.04B,$0.25B,16.20%,$0.04B,$0.24B,16.68%,$0.04B,$0.44B,8.65%,$0.07B,$0.27B,26.53%,$114,$83,$32,$1,$13,$97,$17,$-4,$14,$4,$10,$10,$10,$19,$17,$19,19,$0.54,$0.50,$11,$75,$0,$122,$18,$0,$7,$7,$314,$436,$143,$17,$28,$45,$187,$0,$50,$-7,$249,$436,$38,$5,$11,$16,$-18,$-32,$0,$-11,$-59,$-5,$-5,$0,$-1,$-0,$0,$-0,$0,$-6,$0,$0,$0,$-0,$-0,$0,$-2,$-2,$-13,$3,$0
6,2016-12-31,26.92,$12.83,2.1,$20.89,1.29,$-2.75,0.0,$1.55,17.37,$0.15B,$0.14B,1.03,$0.02B,$0.24B,0.07,$0.40B,$0.11B,26.49%,$0.40B,$0.06B,14.85%,$0.40B,$0.06B,14.85%,$0.40B,$0.06B,15.84%,$0.40B,$0.05B,11.88%,$0.40B,$0.03B,7.43%,$0.03B,$0.24B,13.33%,$0.03B,$0.23B,13.75%,$0.03B,$0.44B,6.97%,$0.06B,$0.26B,24.62%,$113,$80,$32,$1,$11,$92,$20,$-3,$17,$6,$11,$11,$11,$21,$20,$19,19,$0.59,$0.57,$6,$76,$0,$147,$18,$0,$7,$8,$296,$443,$143,$18,$29,$60,$203,$0,$40,$-7,$240,$443,$28,$4,$-2,$2,$-15,$-26,$0,$0,$-51,$-21,$-4,$0,$-1,$0,$0,$0,$0,$-5,$8,$0,$8,$1,$1,$0,$-2,$8,$-18,$3,$0
7,2016-09-30,28.78,$12.26,2.35,$20.02,1.44,$-1.11,0.0,$1.39,20.71,$0.15B,$0.15B,1.03,$0.02B,$0.23B,0.08,$0.39B,$0.10B,27.01%,$0.39B,$0.06B,14.81%,$0.39B,$0.06B,14.81%,$0.39B,$0.06B,15.84%,$0.39B,$0.05B,11.69%,$0.39B,$0.03B,7.01%,$0.03B,$0.23B,12.51%,$0.03B,$0.22B,12.90%,$0.03B,$0.44B,6.50%,$0.06B,$0.25B,24.23%,$109,$78,$31,$1,$13,$92,$17,$-3,$14,$5,$9,$9,$9,$18,$17,$19,19,$0.49,$0.47,$8,$82,$0,$148,$17,$0,$7,$8,$289,$438,$145,$18,$32,$64,$209,$0,$29,$-6,$229,$438,$17,$2,$-3,$-1,$-7,$-25,$0,$0,$-38,$-22,$-3,$0,$-1,$-0,$0,$-0,$0,$-3,$10,$0,$10,$1,$1,$0,$-2,$9,$-16,$2,$0
8,2016-06-30,27.18,$11.81,2.3,$19.45,1.4,$1.08,25.27,$0.84,32.36,$0.16B,$0.16B,1.02,$0.02B,$0.22B,0.09,$0.37B,$0.10B,25.82%,$0.37B,$0.04B,10.87%,$0.37B,$0.04B,10.87%,$0.37B,$0.04B,11.96%,$0.37B,$0.03B,7.88%,$0.37B,$0.02B,4.62%,$0.02B,$0.22B,8.20%,$0.02B,$0.21B,8.47%,$0.02B,$0.44B,4.20%,$0.04B,$0.24B,17.58%,$85,$65,$20,$1,$6,$72,$13,$-3,$10,$3,$8,$8,$8,$14,$13,$19,19,$0.40,$0.39,$22,$84,$0,$159,$17,$0,$6,$9,$282,$441,$156,$19,$32,$65,$221,$0,$20,$-5,$220,$441,$8,$1,$-5,$-4,$-3,$-18,$0,$-1,$-17,$-14,$-2,$0,$0,$-0,$0,$-0,$0,$-2,$13,$0,$13,$1,$1,$0,$-1,$13,$-2,$1,$0
9,2016-03-31,37.98,$11.38,3.34,$19.61,1.94,$2.01,18.89,$0.55,69.05,$0.11B,$0.13B,0.81,$0.02B,$0.21B,0.1,$0.37B,$0.10B,27.37%,$0.37B,$0.04B,10.57%,$0.37B,$0.04B,10.57%,$0.37B,$0.04B,11.65%,$0.37B,$0.02B,5.96%,$0.37B,$0.01B,2.98%,$0.01B,$0.21B,5.47%,$0.01B,$0.20B,5.66%,$0.01B,$0.40B,2.81%,$0.04B,$0.23B,17.55%,$97,$73,$24,$1,$14,$88,$10,$-3,$7,$5,$2,$2,$2,$11,$10,$18,19,$0.13,$0.12,$24,$69,$0,$107,$16,$0,$7,$4,$292,$399,$131,$20,$37,$57,$188,$0,$12,$-5,$211,$399,$11,$4,$17,$21,$5,$-27,$0,$-11,$-16,$15,$-4,$0,$-3,$-1,$0,$-1,$0,$-8,$-54,$0,$-54,$5,$5,$0,$2,$-47,$-39,$3,$0
10,2015-12-31,33.81,$11.09,3.05,$19.27,1.75,$0.65,51.76,$0.59,57.31,$0.12B,$0.12B,0.99,$0.02B,$0.20B,0.1,$0.36B,$0.10B,27.53%,$0.36B,$0.04B,10.39%,$0.36B,$0.04B,10.39%,$0.36B,$0.04B,11.52%,$0.36B,$0.02B,5.62%,$0.36B,$0.01B,3.37%,$0.01B,$0.20B,6.12%,$0.01B,$0.20B,6.31%,$0.01B,$0.38B,3.03%,$0.04B,$0.22B,16.09%,$94,$65,$29,$1,$11,$77,$17,$-3,$14,$6,$8,$8,$8,$18,$17,$18,19,$0.42,$0.41,$15,$69,$0,$116,$15,$0,$7,$4,$267,$383,$117,$21,$42,$63,$180,$0,$10,$-5,$203,$383,$8,$3,$14,$18,$11,$-22,$0,$-6,$-16,$10,$-3,$0,$-3,$-1,$0,$-1,$0,$-7,$-54,$0,$-54,$3,$3,$0,$-0,$-51,$-48,$2,$0
11,2015-09-30,31.34,$10.64,2.94,$18.80,1.67,$0.32,98.77,$0.34,92.18,$0.13B,$0.14B,0.97,$0.02B,$0.20B,0.11,$0.35B,$0.09B,26.88%,$0.35B,$0.03B,8.38%,$0.35B,$0.03B,8.38%,$0.35B,$0.03B,9.54%,$0.35B,$0.01B,3.47%,$0.35B,$0.01B,2.02%,$0.01B,$0.20B,3.65%,$0.01B,$0.19B,3.74%,$0.01B,$0.40B,1.78%,$0.03B,$0.22B,12.12%,$92,$70,$22,$1,$21,$91,$0,$-3,$-2,$-1,$-1,$-1,$-1,$1,$0,$18,18,$-0.08,$-0.08,$33,$65,$0,$133,$15,$0,$7,$3,$263,$396,$137,$22,$43,$65,$201,$0,$2,$-4,$195,$396,$1,$2,$7,$10,$17,$-11,$0,$-8,$9,$19,$-3,$0,$-3,$-1,$0,$-1,$0,$-7,$-45,$0,$-45,$3,$3,$0,$-0,$-42,$-30,$1,$0
12,2015-06-30,30.09,$10.78,2.79,$17.98,1.67,$0.09,332.49,$0.51,59.0,$0.13B,$0.13B,1.02,$0.02B,$0.20B,0.11,$0.33B,$0.09B,27.38%,$0.33B,$0.04B,10.77%,$0.33B,$0.04B,10.77%,$0.33B,$0.04B,12.00%,$0.33B,$0.02B,5.23%,$0.33B,$0.01B,2.77%,$0.01B,$0.20B,4.76%,$0.01B,$0.19B,4.86%,$0.01B,$0.39B,2.31%,$0.04B,$0.22B,14.00%,$86,$60,$26,$1,$14,$74,$12,$-8,$3,$1,$2,$2,$2,$13,$12,$18,19,$0.11,$0.10,$18,$67,$0,$127,$14,$0,$8,$3,$260,$386,$125,$22,$44,$66,$191,$0,$3,$-3,$196,$386,$2,$1,$6,$7,$7,$-9,$0,$-4,$-5,$3,$-1,$0,$-3,$-0,$0,$-0,$0,$-4,$-45,$0,$-45,$2,$2,$0,$-0,$-43,$-44,$1,$0
13,2015-03-31,27.79,$10.58,2.63,$17.39,1.6,$0.07,375.03,$0.66,42.11,$0.18B,$0.12B,1.58,$0.07B,$0.19B,0.38,$0.30B,$0.08B,26.82%,$0.30B,$0.03B,10.93%,$0.30B,$0.03B,10.93%,$0.30B,$0.04B,12.25%,$0.30B,$0.02B,6.95%,$0.30B,$0.01B,3.64%,$0.01B,$0.19B,6.53%,$0.01B,$0.19B,6.63%,$0.01B,$0.42B,2.97%,$0.03B,$0.26B,13.55%,$84,$63,$21,$1,$12,$76,$8,$-3,$5,$2,$3,$3,$3,$9,$8,$17,18,$0.17,$0.15,$62,$65,$0,$182,$13,$0,$3,$3,$239,$421,$115,$71,$36,$116,$231,$0,$1,$-3,$190,$421,$11,$4,$10,$15,$-3,$-59,$0,$19,$-36,$-9,$-4,$0,$0,$-0,$0,$-0,$0,$-4,$-18,$0,$-18,$73,$73,$0,$-4,$50,$37,$2,$0
14,2014-12-31,31.09,$10.43,2.98,$17.63,1.76,$1.51,20.57,$0.69,45.06,$0.17B,$0.10B,1.69,$0.07B,$0.19B,0.4,$0.30B,$0.08B,28.47%,$0.30B,$0.04B,11.86%,$0.30B,$0.04B,11.86%,$0.30B,$0.04B,13.22%,$0.30B,$0.02B,7.46%,$0.30B,$0.01B,3.73%,$0.01B,$0.19B,7.41%,$0.01B,$0.19B,7.56%,$0.01B,$0.37B,3.19%,$0.04B,$0.26B,15.54%,$84,$60,$24,$1,$15,$75,$9,$-3,$6,$3,$3,$3,$3,$10,$9,$18,19,$0.16,$0.16,$77,$67,$0,$167,$12,$0,$3,$4,$207,$374,$98,$74,$14,$88,$186,$0,$-2,$-2,$187,$374,$8,$3,$4,$7,$22,$-25,$0,$-12,$-12,$3,$-3,$0,$0,$-0,$0,$-0,$0,$-3,$-16,$0,$-16,$73,$73,$0,$-5,$52,$52,$2,$0
15,2014-09-30,27.21,$10.22,2.66,$17.42,1.56,$2.69,10.1,$0.61,44.61,$0.17B,$0.09B,1.88,$0.08B,$0.18B,0.41,$0.28B,$0.08B,29.60%,$0.28B,$0.04B,13.00%,$0.28B,$0.04B,13.00%,$0.28B,$0.04B,15.52%,$0.28B,$0.02B,6.86%,$0.28B,$0.01B,3.25%,$0.01B,$0.18B,7.03%,$0.01B,$0.18B,7.21%,$0.01B,$0.38B,2.76%,$0.04B,$0.26B,17.41%,$71,$52,$18,$1,$12,$65,$6,$-3,$3,$1,$1,$1,$1,$7,$6,$16,17,$0.09,$0.09,$90,$57,$0,$170,$11,$0,$3,$4,$206,$377,$91,$76,$12,$103,$194,$0,$-5,$-1,$183,$377,$5,$2,$1,$3,$21,$-15,$0,$3,$4,$13,$-1,$0,$0,$-0,$0,$-0,$0,$-1,$-14,$0,$-14,$72,$72,$0,$-5,$53,$64,$1,$0
16,2014-06-30,24.35,$7.58,3.21,$17.71,1.37,$2.49,9.76,$0.67,36.34,$0.11B,$0.09B,1.19,$0.08B,$0.11B,0.68,$0.27B,$0.08B,30.88%,$0.27B,$0.04B,13.97%,$0.27B,$0.04B,13.97%,$0.27B,$0.05B,16.91%,$0.27B,$0.02B,7.35%,$0.27B,$0.01B,3.68%,$0.01B,$0.11B,9.32%,$0.01B,$0.11B,9.64%,$0.01B,$0.31B,3.29%,$0.04B,$0.19B,19.95%,$63,$45,$18,$1,$7,$53,$10,$-3,$7,$3,$4,$4,$4,$11,$10,$15,16,$0.26,$0.25,$25,$55,$0,$110,$11,$0,$3,$4,$200,$310,$93,$78,$10,$103,$196,$0,$-6,$-1,$114,$310,$4,$1,$-0,$1,$14,$-7,$0,$2,$-2,$3,$-1,$0,$0,$-0,$0,$-0,$0,$-1,$-2,$0,$-2,$0,$0,$0,$0,$-2,$0,$0,$0
17,2014-03-31,26.57,$7.28,3.65,$17.19,1.55,$2.20,12.09,$7.36,3.61,$0.13B,$0.10B,1.21,$0.08B,$0.11B,0.73,$0.26B,$0.08B,31.66%,$0.26B,$0.03B,12.36%,$0.26B,$0.03B,12.36%,$0.26B,$0.04B,15.44%,$0.26B,$0.01B,5.02%,$0.26B,$0.11B,41.31%,$0.11B,$0.11B,103.63%,$0.11B,$0.11B,107.54%,$0.11B,$0.32B,36.18%,$0.03B,$0.19B,16.71%,$77,$53,$24,$1,$14,$67,$10,$-3,$6,$3,$3,$3,$3,$11,$10,$15,15,$0.13,$-0.12,$25,$55,$0,$125,$11,$0,$3,$4,$194,$319,$103,$79,$12,$106,$209,$0,$-10,$-1,$110,$319,$6,$7,$34,$41,$-18,$-43,$0,$7,$-34,$14,$-3,$0,$0,$-0,$0,$-0,$-0,$-3,$18,$0,$18,$3,$3,$0,$-26,$-5,$5,$1,$0
18,2013-12-31,19.3,$7.11,2.72,$18.37,1.05,$-0.80,0.0,$2.08,9.28,$0.10B,$0.09B,1.15,$0.08B,$0.11B,0.77,$0.27B,$0.06B,22.51%,$0.27B,$-0.07B,-26.57%,$0.27B,$-0.07B,-26.57%,$0.27B,$-0.06B,-23.62%,$0.27B,$-0.10B,-35.06%,$0.27B,$0.03B,11.07%,$0.03B,$0.11B,40.13%,$0.03B,$0.10B,42.11%,$0.03B,$0.30B,9.76%,$-0.07B,$0.19B,-44.17%,$66,$44,$22,$0,$11,$56,$10,$-7,$3,$2,$1,$1,$1,$14,$10,$15,15,$0.08,$0.07,$34,$50,$0,$103,$10,$0,$3,$4,$194,$297,$90,$81,$8,$102,$192,$0,$-13,$-1,$105,$297,$104,$6,$-77,$-71,$2,$-29,$0,$7,$-13,$21,$-2,$0,$0,$-0,$0,$-0,$-0,$-2,$20,$0,$20,$1,$1,$0,$-25,$-4,$14,$1,$0
19,2013-09-30,12.67,$6.91,1.83,$17.60,0.72,$-4.02,0.0,$2.06,6.15,$0.10B,$0.08B,1.33,$0.09B,$0.10B,0.95,$0.26B,$0.06B,21.48%,$0.26B,$-0.08B,-30.08%,$0.26B,$-0.08B,-30.08%,$0.26B,$-0.07B,-28.13%,$0.26B,$-0.10B,-37.11%,$0.26B,$0.03B,11.72%,$0.03B,$0.10B,45.45%,$0.03B,$0.10B,73.17%,$0.03B,$0.29B,8.73%,$-0.08B,$0.19B,-45.63%,$66,$46,$20,$0,$11,$58,$8,$-5,$4,$2,$2,$2,$2,$10,$8,$14,15,$0.15,$0.15,$24,$42,$0,$100,$10,$0,$4,$8,$190,$290,$75,$94,$7,$114,$190,$0,$-14,$-1,$100,$290,$103,$2,$-95,$-93,$3,$-13,$0,$10,$-2,$8,$-1,$0,$0,$-0,$0,$-0,$-0,$-2,$19,$0,$19,$0,$0,$0,$-21,$-3,$4,$0,$0
20,2013-06-30,9.17,$6.75,1.36,$17.08,0.54,$-5.60,0.0,$1.29,7.11,$0.09B,$0.06B,1.48,$0.10B,$0.10B,1.01,$0.25B,$0.06B,22.18%,$0.25B,$-0.07B,-28.63%,$0.25B,$-0.07B,-28.63%,$0.25B,$-0.07B,-27.02%,$0.25B,$-0.09B,-35.89%,$0.25B,$0.02B,7.66%,$0.02B,$0.10B,32.76%,$0.02B,$0.09B,161.70%,$0.02B,$0.28B,4.83%,$-0.07B,$0.20B,-41.52%,$50,$34,$16,$1,$11,$46,$4,$-4,$0,$0,$0,$0,$101,$5,$4,$14,15,$6.98,$6.91,$16,$39,$0,$94,$10,$0,$4,$7,$183,$277,$64,$99,$5,$116,$180,$0,$-17,$-1,$98,$277,$101,$1,$-98,$-96,$4,$-4,$0,$-1,$-7,$-2,$-0,$0,$0,$-0,$0,$-0,$-0,$-1,$-1,$0,$-1,$0,$0,$0,$-1,$-1,$-4,$0,$0
21,2013-03-31,6.13,$-0.24,-25.23,$16.98,0.36,$-6.65,0.0,$-6.36,0.0,$0.15B,$0.22B,0.7,$0.08B,$-0.00B,-22.23,$0.25B,$0.05B,22.04%,$0.25B,$-0.07B,-27.76%,$0.25B,$-0.07B,-27.76%,$0.25B,$-0.06B,-26.12%,$0.25B,$-0.09B,-34.69%,$0.25B,$-0.09B,-37.55%,$-0.09B,$-0.00B,-174.41%,$-0.09B,$-0.01B,613.33%,$-0.09B,$0.37B,-20.52%,$-0.07B,$0.08B,-38.58%,$89,$86,$3,$1,$12,$184,$-94,$-7,$-102,$-28,$-74,$-74,$-74,$-93,$-94,$14,14,$-5.09,$-5.09,$20,$39,$0,$153,$10,$0,$4,$6,$212,$365,$220,$78,$3,$149,$368,$0,$-118,$-1,$-4,$365,$-92,$5,$85,$90,$6,$-26,$0,$-2,$-29,$-31,$-2,$0,$0,$-0,$0,$-0,$-2,$-4,$9,$0,$9,$14,$14,$0,$-2,$22,$-13,$1,$0
22,2012-12-31,6.57,$4.85,1.35,$18.91,0.35,$-7.50,0.0,$-2.30,0.0,$0.14B,$0.17B,0.84,$0.14B,$0.07B,1.98,$0.26B,$0.06B,22.57%,$0.26B,$0.02B,7.78%,$0.26B,$0.02B,7.78%,$0.26B,$0.02B,6.23%,$0.26B,$0.01B,1.95%,$0.26B,$-0.03B,-12.06%,$-0.03B,$0.07B,-42.91%,$-0.03B,$-0.02B,177.14%,$-0.03B,$0.44B,-6.42%,$0.02B,$0.21B,9.56%,$51,$34,$16,$0,$11,$46,$5,$-2,$3,$1,$2,$2,$1,$6,$5,$14,15,$0.06,$0.06,$25,$100,$0,$141,$13,$0,$89,$8,$301,$443,$169,$139,$53,$203,$372,$0,$-44,$-1,$70,$443,$-18,$3,$8,$12,$12,$-26,$0,$-1,$-21,$-28,$-2,$0,$0,$-0,$0,$-0,$-1,$-3,$10,$0,$10,$15,$15,$0,$-1,$23,$-8,$1,$0
23,2012-09-30,4.85,$4.74,1.02,$22.14,0.22,$-9.19,0.0,$-4.20,0.0,$0.16B,$0.17B,0.92,$0.14B,$0.07B,1.97,$0.29B,$0.04B,13.79%,$0.29B,$-0.00B,-0.69%,$0.29B,$-0.00B,-0.69%,$0.29B,$-0.00B,-1.72%,$0.29B,$-0.02B,-6.21%,$0.29B,$-0.05B,-18.62%,$-0.05B,$0.07B,-70.59%,$-0.05B,$-0.02B,450.00%,$-0.05B,$0.49B,-10.92%,$-0.00B,$0.20B,-1.03%,$58,$38,$20,$0,$6,$44,$14,$-3,$10,$4,$7,$7,$-9,$15,$14,$14,15,$-0.62,$-0.62,$33,$92,$0,$156,$13,$0,$90,$8,$333,$489,$170,$135,$105,$250,$420,$0,$-45,$-1,$68,$489,$-19,$2,$14,$16,$8,$-16,$0,$4,$-12,$-15,$-1,$0,$0,$-0,$0,$-0,$-0,$-2,$10,$0,$10,$15,$15,$0,$-9,$16,$-0,$0,$0
24,2012-06-30,4.49,$5.34,0.84,$26.81,0.17,$-11.77,0.0,$-4.03,0.0,$0.16B,$0.15B,1.05,$0.14B,$0.08B,1.82,$0.34B,$0.04B,10.29%,$0.34B,$-0.02B,-4.71%,$0.34B,$-0.02B,-4.71%,$0.34B,$-0.02B,-5.00%,$0.34B,$-0.03B,-9.41%,$0.34B,$-0.05B,-14.71%,$-0.05B,$0.08B,-57.47%,$-0.05B,$-0.01B,-20000.00%,$-0.05B,$0.50B,-10.09%,$-0.02B,$0.22B,-8.58%,$47,$32,$15,$0,$8,$40,$7,$-3,$4,$1,$2,$2,$-10,$8,$7,$14,14,$-0.71,$-0.70,$36,$99,$0,$161,$12,$0,$90,$7,$335,$496,$153,$140,$115,$265,$419,$0,$-36,$-1,$77,$496,$-10,$1,$7,$8,$6,$-6,$0,$1,$-15,$-17,$-0,$0,$0,$-0,$0,$-0,$-0,$-1,$10,$0,$10,$15,$15,$0,$-4,$21,$3,$0,$0
25,2012-03-31,9.62,$5.88,1.64,$29.21,0.33,$-12.76,0.0,$-3.51,0.0,$0.17B,$0.17B,0.99,$0.13B,$0.07B,1.81,$0.36B,$0.03B,7.42%,$0.36B,$-0.03B,-7.69%,$0.36B,$-0.03B,-7.69%,$0.36B,$-0.02B,-6.32%,$0.36B,$-0.04B,-11.54%,$0.36B,$-0.05B,-13.19%,$-0.05B,$0.07B,-49.23%,$-0.05B,$-0.02B,-231.33%,$-0.05B,$0.50B,-9.92%,$-0.03B,$0.21B,-15.75%,$101,$94,$7,$0,$13,$108,$-6,$-6,$-12,$1,$-13,$-13,$-13,$-13,$-6,$13,13,$-1.03,$-1.03,$33,$105,$0,$168,$13,$0,$91,$7,$334,$502,$170,$133,$115,$258,$428,$0,$-26,$-1,$74,$502,$-49,$4,$14,$18,$-4,$-22,$0,$3,$-8,$-38,$-1,$0,$0,$-0,$0,$-0,$-1,$-2,$67,$0,$67,$0,$0,$0,$3,$70,$30,$0,$0
26,2011-12-31,7.5,$6.94,1.08,$24.57,0.31,$-8.87,0.0,$-2.29,0.0,$0.18B,$0.23B,0.77,$0.06B,$0.09B,0.71,$0.31B,$0.03B,11.11%,$0.31B,$-0.02B,-5.23%,$0.31B,$-0.02B,-5.23%,$0.31B,$-0.00B,-0.98%,$0.31B,$-0.03B,-8.17%,$0.31B,$-0.03B,-10.78%,$-0.03B,$0.09B,-30.48%,$-0.03B,$0.00B,-62.26%,$-0.03B,$0.49B,-8.12%,$-0.02B,$0.15B,-10.21%,$84,$86,$-2,$0,$14,$101,$-17,$-3,$-20,$2,$-22,$-22,$-22,$-15,$-17,$13,13,$-1.74,$-1.74,$3,$137,$0,$175,$14,$0,$84,$2,$316,$491,$229,$62,$104,$176,$404,$0,$-12,$-1,$87,$491,$-36,$11,$2,$13,$4,$-46,$0,$4,$-23,$-45,$-1,$0,$0,$-0,$0,$-0,$0,$-1,$47,$0,$47,$0,$0,$0,$0,$47,$1,$0,$0
27,2011-09-30,8.23,$8.82,0.93,$21.18,0.39,$-4.63,0.0,$-0.15,0.0,$0.18B,$0.20B,0.88,$0.06B,$0.11B,0.57,$0.26B,$0.05B,18.63%,$0.26B,$0.01B,3.04%,$0.26B,$0.01B,3.04%,$0.26B,$0.02B,7.60%,$0.26B,$0.00B,0.38%,$0.26B,$-0.01B,-2.66%,$-0.01B,$0.11B,-6.09%,$-0.01B,$0.03B,-8.81%,$-0.01B,$0.49B,-2.14%,$0.01B,$0.17B,5.34%,$108,$93,$15,$0,$15,$108,$-0,$-3,$-4,$2,$-5,$-5,$-5,$3,$-0,$12,12,$-0.44,$-0.44,$1,$130,$0,$177,$15,$0,$82,$2,$316,$493,$202,$63,$109,$180,$383,$0,$11,$-1,$110,$493,$-14,$10,$0,$10,$-6,$-39,$0,$4,$-41,$-45,$-1,$0,$0,$-0,$0,$-0,$0,$-1,$44,$0,$44,$0,$0,$0,$0,$45,$-1,$0,$0
28,2011-06-30,15.01,$9.56,1.57,$15.90,0.94,$-0.25,0.0,$0.59,25.44,$0.17B,$0.26B,0.66,$0.06B,$0.12B,0.53,$0.20B,$0.05B,23.98%,$0.20B,$0.02B,8.16%,$0.20B,$0.02B,8.16%,$0.20B,$0.03B,12.76%,$0.20B,$0.01B,5.61%,$0.20B,$0.00B,1.02%,$0.00B,$0.12B,1.74%,$0.00B,$0.07B,2.03%,$0.00B,$0.45B,0.81%,$0.02B,$0.18B,11.79%,$71,$63,$7,$0,$11,$75,$-5,$-2,$-6,$2,$-8,$-8,$-8,$2,$-5,$12,12,$-0.68,$-0.68,$2,$121,$0,$168,$17,$0,$50,$2,$281,$449,$257,$63,$2,$74,$330,$0,$20,$-1,$119,$449,$-8,$7,$0,$7,$0,$-16,$0,$2,$-25,$-27,$-0,$0,$0,$-0,$0,$-0,$0,$-0,$26,$0,$26,$0,$0,$0,$0,$26,$-1,$0,$0
29,2011-03-31,13.98,$9.71,1.44,$13.13,1.07,$1.96,7.14,$0.99,14.12,$0.06B,$0.06B,1.02,$0.01B,$0.12B,0.05,$0.16B,$0.05B,32.30%,$0.16B,$0.03B,16.15%,$0.16B,$0.03B,16.15%,$0.16B,$0.03B,18.01%,$0.16B,$0.02B,13.04%,$0.16B,$0.01B,8.07%,$0.01B,$0.12B,11.63%,$0.01B,$0.11B,12.24%,$0.01B,$0.19B,7.33%,$0.03B,$0.12B,21.89%,$43,$29,$14,$0,$7,$37,$6,$-1,$5,$2,$2,$2,$2,$7,$6,$12,12,$0.20,$0.19,$3,$35,$0,$60,$12,$0,$6,$2,$132,$192,$59,$6,$1,$16,$75,$0,$22,$-0,$117,$192,$12,$4,$5,$9,$-6,$-14,$0,$-1,$-10,$11,$-2,$0,$-0,$0,$0,$0,$-5,$-7,$-3,$0,$-3,$0,$0,$0,$0,$-3,$1,$0,$0
30,2010-12-31,13.04,$9.47,1.38,$12.84,1.02,$2.64,4.93,$1.04,12.54,$0.05B,$0.05B,1.0,$0.01B,$0.11B,0.06,$0.16B,$0.05B,31.85%,$0.16B,$0.03B,15.92%,$0.16B,$0.03B,15.92%,$0.16B,$0.03B,17.83%,$0.16B,$0.02B,12.74%,$0.16B,$0.01B,8.92%,$0.01B,$0.11B,12.90%,$0.01B,$0.11B,13.66%,$0.01B,$0.18B,8.16%,$0.03B,$0.12B,21.55%,$41,$28,$13,$0,$6,$35,$7,$-1,$6,$2,$4,$4,$4,$8,$7,$12,12,$0.31,$0.30,$1,$33,$0,$48,$11,$0,$6,$2,$129,$177,$48,$6,$1,$15,$63,$0,$20,$-1,$114,$177,$10,$3,$2,$5,$2,$-10,$0,$1,$-7,$8,$-1,$0,$-0,$0,$0,$0,$-5,$-6,$-2,$0,$-2,$0,$0,$0,$0,$-2,$-1,$0,$0
31,2010-09-30,8.68,$9.14,0.95,$12.52,0.69,$3.36,2.59,$0.92,9.43,$0.05B,$0.05B,1.03,$0.01B,$0.11B,0.06,$0.15B,$0.05B,31.58%,$0.15B,$0.02B,15.13%,$0.15B,$0.02B,15.13%,$0.15B,$0.03B,17.11%,$0.15B,$0.02B,11.18%,$0.15B,$0.01B,7.89%,$0.01B,$0.11B,11.43%,$0.01B,$0.10B,12.15%,$0.01B,$0.17B,7.16%,$0.02B,$0.12B,20.35%,$41,$28,$13,$0,$5,$33,$8,$-2,$6,$2,$4,$4,$4,$8,$8,$12,12,$0.29,$0.29,$6,$32,$0,$49,$12,$0,$6,$2,$124,$173,$47,$7,$1,$15,$63,$0,$16,$-1,$110,$173,$6,$2,$1,$3,$5,$-6,$0,$2,$0,$9,$-1,$0,$-0,$0,$0,$0,$-2,$-3,$-2,$0,$-2,$-0,$-0,$0,$0,$-2,$5,$0,$0
32,2010-06-30,6.38,$8.82,0.72,$12.42,0.51,$2.84,2.24,$0.91,7.01,$0.05B,$0.05B,1.08,$0.01B,$0.11B,0.07,$0.15B,$0.05B,30.67%,$0.15B,$0.02B,13.33%,$0.15B,$0.02B,13.33%,$0.15B,$0.02B,16.00%,$0.15B,$0.02B,11.33%,$0.15B,$0.01B,7.33%,$0.01B,$0.11B,10.78%,$0.01B,$0.10B,11.52%,$0.01B,$0.17B,6.63%,$0.02B,$0.11B,18.48%,$36,$25,$12,$0,$6,$31,$5,$-2,$4,$1,$3,$3,$3,$6,$5,$12,12,$0.21,$0.21,$2,$35,$0,$50,$12,$0,$6,$2,$117,$167,$46,$7,$1,$14,$61,$0,$13,$-1,$106,$167,$3,$1,$1,$2,$2,$-2,$0,$1,$-4,$0,$-0,$0,$-0,$0,$0,$0,$0,$-0,$1,$0,$1,$0,$0,$0,$0,$1,$1,$0,$0
33,2010-03-31,6.5,$8.62,0.75,$12.16,0.53,$3.09,2.11,$0.80,8.13,$0.05B,$0.05B,1.07,$0.01B,$0.10B,0.08,$0.15B,$0.04B,27.89%,$0.15B,$0.02B,12.24%,$0.15B,$0.02B,12.24%,$0.15B,$0.02B,14.97%,$0.15B,$0.02B,10.20%,$0.15B,$0.01B,6.12%,$0.01B,$0.10B,9.09%,$0.01B,$0.10B,9.63%,$0.01B,$0.17B,5.50%,$0.02B,$0.11B,17.39%,$39,$26,$12,$0,$7,$34,$5,$-1,$4,$1,$3,$3,$3,$6,$5,$12,12,$0.23,$0.24,$2,$35,$0,$54,$13,$0,$6,$2,$115,$169,$50,$8,$1,$15,$65,$0,$10,$-1,$104,$169,$10,$3,$1,$4,$12,$-10,$0,$-3,$5,$18,$-1,$0,$-3,$0,$0,$0,$0,$-4,$-14,$0,$-14,$0,$0,$0,$-0,$-14,$1,$0,$0
34,2009-12-31,5.08,$8.34,0.61,$11.45,0.44,$0.55,9.23,$0.46,11.04,$0.05B,$0.05B,1.06,$0.01B,$0.10B,0.09,$0.14B,$0.04B,25.36%,$0.14B,$0.01B,8.70%,$0.14B,$0.01B,8.70%,$0.14B,$0.02B,11.59%,$0.14B,$0.01B,6.52%,$0.14B,$0.01B,3.62%,$0.01B,$0.10B,5.19%,$0.01B,$0.09B,5.43%,$0.01B,$0.16B,3.10%,$0.01B,$0.11B,12.12%,$36,$26,$11,$0,$5,$31,$5,$-2,$3,$1,$2,$2,$2,$6,$5,$12,12,$0.18,$0.18,$1,$36,$0,$47,$13,$0,$6,$1,$113,$161,$45,$9,$1,$16,$61,$0,$7,$-2,$100,$161,$7,$2,$1,$3,$14,$-9,$0,$-3,$6,$16,$-1,$0,$-3,$0,$0,$0,$0,$-3,$-12,$0,$-12,$0,$0,$0,$-0,$-12,$0,$0,$0
35,2009-09-30,5.12,$8.14,0.63,$11.44,0.45,$-1.23,0.0,$0.25,20.48,$0.06B,$0.06B,0.91,$0.00B,$0.10B,0.01,$0.14B,$0.03B,24.64%,$0.14B,$0.01B,5.80%,$0.14B,$0.01B,5.80%,$0.14B,$0.01B,9.42%,$0.14B,$0.01B,3.62%,$0.14B,$0.00B,2.17%,$0.00B,$0.10B,3.16%,$0.00B,$0.09B,3.28%,$0.00B,$0.17B,1.87%,$0.01B,$0.10B,8.33%,$39,$29,$11,$0,$5,$34,$5,$0,$6,$2,$3,$3,$3,$6,$5,$12,12,$0.29,$0.28,$2,$32,$0,$56,$13,$0,$7,$1,$111,$167,$62,$1,$1,$7,$69,$0,$5,$-2,$98,$167,$5,$2,$0,$2,$-1,$-3,$0,$-2,$-4,$3,$-0,$0,$-2,$0,$0,$0,$0,$-3,$1,$0,$1,$0,$0,$0,$-0,$1,$1,$0,$0
36,2009-06-30,3.9,$7.89,0.49,$11.18,0.35,$-2.39,0.0,$0.16,24.38,$0.05B,$0.06B,0.97,$0.00B,$0.09B,0.01,$0.14B,$0.04B,25.93%,$0.14B,$0.01B,5.93%,$0.14B,$0.01B,5.93%,$0.14B,$0.01B,9.63%,$0.14B,$0.00B,2.22%,$0.14B,$0.00B,1.48%,$0.00B,$0.09B,2.11%,$0.00B,$0.09B,2.18%,$0.00B,$0.16B,1.26%,$0.01B,$0.10B,8.31%,$33,$26,$7,$0,$4,$30,$3,$-1,$2,$1,$1,$1,$1,$4,$3,$12,12,$0.10,$0.10,$1,$33,$0,$53,$14,$0,$2,$1,$104,$157,$55,$1,$1,$8,$63,$0,$2,$-2,$94,$157,$1,$1,$1,$1,$2,$-0,$0,$-1,$0,$3,$-0,$0,$-0,$0,$0,$0,$0,$-0,$-2,$0,$-2,$0,$0,$0,$0,$-2,$1,$0,$0
37,2009-03-31,4.0,$7.78,0.51,$11.15,0.36,$-3.27,0.0,$0.31,12.9,$0.05B,$0.06B,0.94,$0.00B,$0.09B,0.02,$0.14B,$0.04B,28.89%,$0.14B,$0.01B,8.15%,$0.14B,$0.01B,8.15%,$0.14B,$0.02B,11.11%,$0.14B,$0.01B,4.44%,$0.14B,$0.00B,2.96%,$0.00B,$0.09B,4.21%,$0.00B,$0.09B,4.35%,$0.00B,$0.16B,2.53%,$0.01B,$0.09B,11.37%,$30,$24,$6,$0,$6,$31,$-1,$-1,$-2,$-1,$-1,$-1,$-1,$0,$-1,$12,12,$-0.09,$-0.09,$1,$33,$0,$54,$14,$0,$3,$1,$105,$160,$58,$1,$1,$9,$67,$0,$1,$-2,$93,$160,$4,$5,$-1,$5,$-11,$-6,$0,$4,$-20,$-11,$-2,$0,$-7,$-0,$0,$-0,$0,$-10,$20,$0,$20,$0,$0,$0,$0,$20,$-1,$1,$0
38,2008-12-31,3.9,$7.95,0.49,$11.72,0.33,$-3.18,0.0,$0.63,6.19,$0.05B,$0.06B,0.91,$0.00B,$0.10B,0.02,$0.14B,$0.04B,31.21%,$0.14B,$0.02B,12.06%,$0.14B,$0.02B,12.06%,$0.14B,$0.02B,14.89%,$0.14B,$0.01B,8.51%,$0.14B,$0.01B,5.67%,$0.01B,$0.10B,8.47%,$0.01B,$0.09B,8.70%,$0.01B,$0.16B,5.21%,$0.02B,$0.10B,17.57%,$36,$26,$10,$1,$7,$35,$1,$-1,$-1,$-0,$-0,$-0,$-0,$3,$1,$12,12,$-0.03,$-0.03,$1,$31,$0,$50,$14,$0,$3,$1,$108,$158,$55,$2,$0,$7,$63,$0,$2,$-1,$95,$158,$5,$4,$0,$4,$-8,$-4,$0,$3,$-14,$-5,$-2,$0,$-7,$-0,$0,$-0,$0,$-9,$13,$0,$13,$0,$0,$0,$0,$13,$-1,$0,$0
39,2008-09-30,6.04,$8.10,0.75,$11.06,0.55,$-3.73,0.0,$0.64,9.44,$0.05B,$0.06B,0.96,$0.00B,$0.10B,0.02,$0.13B,$0.04B,30.83%,$0.13B,$0.02B,12.78%,$0.13B,$0.02B,12.78%,$0.13B,$0.02B,14.29%,$0.13B,$0.01B,9.77%,$0.13B,$0.01B,6.02%,$0.01B,$0.10B,8.63%,$0.01B,$0.09B,8.79%,$0.01B,$0.16B,5.42%,$0.02B,$0.10B,17.85%,$36,$25,$12,$1,$6,$31,$5,$-1,$4,$2,$2,$2,$2,$6,$5,$12,12,$0.19,$0.19,$0,$33,$0,$54,$16,$0,$5,$0,$107,$161,$56,$2,$1,$8,$64,$0,$2,$0,$97,$161,$5,$1,$0,$2,$-10,$-3,$0,$2,$-18,$-11,$-1,$0,$-7,$-0,$0,$-0,$0,$-8,$17,$0,$17,$0,$0,$0,$0,$17,$-2,$0,$0
40,2008-06-30,7.55,$7.84,0.96,$10.79,0.7,$-4.10,0.0,$0.49,15.41,$0.06B,$0.05B,1.1,$0.00B,$0.10B,0.03,$0.13B,$0.04B,28.24%,$0.13B,$0.01B,10.69%,$0.13B,$0.01B,10.69%,$0.13B,$0.02B,12.21%,$0.13B,$0.01B,7.63%,$0.13B,$0.01B,4.58%,$0.01B,$0.10B,6.63%,$0.01B,$0.09B,6.67%,$0.01B,$0.15B,4.27%,$0.01B,$0.10B,15.01%,$33,$21,$11,$0,$5,$27,$6,$-1,$5,$2,$3,$3,$3,$6,$6,$12,12,$0.25,$0.25,$1,$39,$0,$56,$16,$0,$2,$0,$97,$154,$51,$2,$1,$8,$59,$0,$-0,$1,$95,$154,$3,$1,$0,$1,$-6,$-3,$0,$1,$-11,$-7,$-1,$0,$-4,$-0,$0,$-0,$0,$-5,$10,$0,$10,$0,$0,$0,$0,$10,$-2,$0,$0
41,2008-03-31,6.02,$7.55,0.8,$11.58,0.52,$-4.67,0.0,$0.40,15.05,$0.05B,$0.04B,1.14,$0.00B,$0.09B,0.03,$0.13B,$0.04B,27.07%,$0.13B,$0.01B,9.02%,$0.13B,$0.01B,9.02%,$0.13B,$0.02B,11.28%,$0.13B,$0.01B,6.02%,$0.13B,$0.01B,3.76%,$0.01B,$0.09B,5.65%,$0.01B,$0.09B,5.65%,$0.01B,$0.14B,3.71%,$0.01B,$0.09B,13.11%,$36,$25,$11,$0,$6,$31,$5,$-1,$4,$2,$3,$3,$3,$6,$5,$12,12,$0.22,$0.21,$2,$37,$0,$49,$16,$0,$0,$1,$92,$141,$43,$3,$0,$7,$50,$0,$-3,$0,$91,$141,$5,$2,$3,$6,$-1,$-11,$0,$1,$-20,$-10,$-2,$0,$0,$0,$0,$0,$0,$-1,$-24,$0,$-24,$40,$40,$0,$-3,$13,$2,$1,$0
42,2007-12-31,10.96,$7.30,1.5,$12.30,0.89,$-5.48,0.0,$-0.14,0.0,$0.05B,$0.04B,1.25,$0.00B,$0.09B,0.03,$0.13B,$0.03B,21.88%,$0.13B,$0.00B,2.34%,$0.13B,$0.00B,2.34%,$0.13B,$0.01B,3.91%,$0.13B,$-0.00B,-1.56%,$0.13B,$-0.00B,-0.78%,$-0.00B,$0.09B,-1.29%,$-0.00B,$0.09B,-1.29%,$-0.00B,$0.13B,-0.75%,$0.00B,$0.09B,3.72%,$28,$21,$7,$0,$6,$27,$1,$-1,$-0,$-0,$-0,$-0,$-0,$1,$1,$12,12,$-0.02,$-0.02,$2,$36,$0,$48,$16,$0,$0,$0,$86,$134,$39,$3,$0,$7,$46,$0,$-6,$0,$88,$134,$2,$2,$1,$3,$-0,$-4,$0,$2,$-17,$-12,$-1,$0,$0,$-0,$0,$-0,$0,$-1,$-24,$0,$-24,$40,$40,$0,$-3,$13,$0,$1,$0
43,2007-09-30,12.0,$7.29,1.65,$13.95,0.86,$-5.69,0.0,$-0.37,0.0,$0.05B,$0.04B,1.3,$0.00B,$0.09B,0.04,$0.13B,$0.03B,20.30%,$0.13B,$0.00B,1.50%,$0.13B,$0.00B,1.50%,$0.13B,$0.00B,3.01%,$0.13B,$-0.00B,-3.01%,$0.13B,$-0.00B,-2.26%,$-0.00B,$0.09B,-4.38%,$-0.00B,$0.09B,-4.38%,$-0.00B,$0.13B,-2.30%,$0.00B,$0.09B,2.79%,$34,$26,$8,$0,$6,$31,$2,$-2,$1,$0,$0,$0,$0,$3,$2,$12,12,$0.04,$0.04,$2,$29,$0,$49,$16,$0,$0,$1,$84,$133,$38,$3,$0,$8,$45,$0,$-6,$0,$88,$133,$2,$1,$1,$2,$-6,$4,$0,$1,$-20,$-16,$-1,$0,$0,$-0,$0,$-0,$0,$-1,$-20,$0,$-20,$40,$40,$0,$-3,$18,$1,$1,$0
44,2007-06-30,13.25,$7.24,1.83,$16.53,0.8,$-6.35,0.0,$-0.62,0.0,$0.05B,$0.04B,1.3,$0.00B,$0.09B,0.04,$0.14B,$0.02B,16.78%,$0.14B,$-0.00B,-1.40%,$0.14B,$-0.00B,-1.40%,$0.14B,0,0.00%,$0.14B,$-0.01B,-5.59%,$0.14B,$-0.01B,-3.50%,$-0.01B,$0.09B,-8.40%,$-0.01B,$0.09B,-8.40%,$-0.01B,$0.13B,-3.88%,$-0.00B,$0.09B,-3.16%,$35,$25,$10,$0,$6,$31,$4,$-2,$3,$1,$2,$2,$2,$5,$4,$10,10,$0.16,$0.16,$3,$30,$0,$48,$16,$0,$0,$1,$83,$131,$37,$3,$0,$7,$44,$0,$-6,$0,$87,$131,$2,$0,$1,$1,$-5,$5,$0,$1,$-15,$-12,$-1,$0,$0,$-0,$0,$-0,$0,$-1,$-23,$0,$-23,$40,$40,$0,$-3,$14,$2,$0,$0
45,2007-03-31,14.35,$5.71,2.51,$16.24,0.88,$-6.12,0.0,$-0.65,0.0,$0.05B,$0.08B,0.65,$0.00B,$0.05B,0.08,$0.14B,$0.02B,15.56%,$0.14B,$-0.00B,-2.22%,$0.14B,$-0.00B,-2.22%,$0.14B,$-0.00B,-0.74%,$0.14B,$-0.01B,-5.93%,$0.14B,$-0.01B,-3.70%,$-0.01B,$0.05B,-9.80%,$-0.01B,$0.05B,-9.80%,$-0.01B,$0.13B,-4.03%,$-0.00B,$0.05B,-5.45%,$31,$28,$3,$0,$7,$36,$-4,$-2,$-6,$-3,$-3,$-3,$-3,$-4,$-4,$8,8,$-0.32,$-0.31,$1,$36,$0,$50,$16,$0,$0,$1,$82,$132,$77,$4,$0,$7,$84,$0,$-8,$0,$48,$132,$-5,$2,$-2,$-0,$12,$-33,$0,$-2,$-4,$-9,$-6,$0,$0,$-0,$0,$-0,$0,$-6,$15,$0,$15,$0,$0,$0,$0,$15,$-0,$2,$0
46,2006-12-31,14.7,$6.06,2.43,$15.68,0.94,$-5.68,0.0,$-0.11,0.0,$0.09B,$0.07B,1.32,$0.00B,$0.05B,0.08,$0.13B,$0.03B,19.08%,$0.13B,$0.00B,2.29%,$0.13B,$0.00B,2.29%,$0.13B,$0.01B,3.82%,$0.13B,$-0.00B,-0.76%,$0.13B,$-0.00B,-0.76%,$-0.00B,$0.05B,-1.92%,$-0.00B,$0.05B,-1.92%,$-0.00B,$0.13B,-0.86%,$0.00B,$0.06B,5.33%,$33,$27,$6,$0,$6,$33,$-0,$-2,$-2,$0,$-2,$-2,$-2,$0,$-0,$8,8,$-0.25,$-0.25,$2,$74,$0,$91,$14,$0,$0,$0,$35,$126,$69,$4,$0,$6,$75,$0,$-6,$0,$51,$126,$-2,$1,$0,$2,$9,$-28,$0,$-4,$-7,$-8,$-3,$0,$0,$-0,$0,$-0,$0,$-3,$11,$0,$11,$0,$0,$0,$0,$11,$0,$1,$0
