,Date,Stock Price,Book Value per Share,Price to Book Ratio,TTM Sales per Share,Price to Sales Ratio,TTM FCF per Share,Price to FCF Ratio,TTM Net EPS,PE Ratio,Current Assets,Current Liabilities,Current Ratio,Long Term Debt,Shareholder's Equity_x,Debt to Equity Ratio,TTM Revenue_x,TTM Gross Profit,Gross Margin,TTM Revenue_y,TTM Operating Income,Operating Margin,TTM Revenue_x,TTM EBIT,EBIT Margin,TTM Revenue_y,TTM EBITDA,EBITDA Margin,TTM Revenue_x,TTM Pre-Tax Income,Pre-Tax Margin,TTM Revenue_y,TTM Net Income_x,Net Margin,TTM Net Income_y,Shareholder's Equity_y,Return on Equity,TTM Net Income_x,Tangible Equity,Return on Tangible Equity,TTM Net Income_y,Total Assets,Return on Assets,TTM Net Income,LT Investments & Debt,Return on Investment,revenue,cost-goods-sold,gross-profit,research-development-expenses,selling-general-administrative-expenses,operating-expenses,operating-income,total-non-operating-income-expense,pre-tax-income,total-provision-income-taxes,income-after-taxes,income-from-continuous-operations,net-income,ebitda,ebit,basic-shares-outstanding,shares-outstanding,eps-basic-net-earnings-per-share,eps-earnings-per-share-diluted,cash-on-hand,inventory,other-current-assets,total-current-assets,net-property-plant-equipment,long-term-investments,goodwill-intangible-assets-total,other-long-term-assets,total-long-term-assets,total-assets,total-current-liabilities,long-term-debt,other-non-current-liabilities,total-long-term-liabilities,total-liabilities,common-stock-net,retained-earnings-accumulated-deficit,comprehensive-income,total-share-holder-equity,total-liabilities-share-holders-equity,net-income-loss,total-depreciation-amortization-cash-flow,other-non-cash-items,total-non-cash-items,change-in-accounts-receivable,change-in-inventories,change-in-accounts-payable,change-in-assets-liabilities,total-change-in-assets-liabilities,cash-flow-from-operating-activities,net-change-in-property-plant-equipment,net-change-in-intangible-assets,net-acquisitions-divestitures,net-change-in-short-term-investments,net-change-in-long-term-investments,net-change-in-investments-total,investing-activities-other,cash-flow-from-investing-activities,net-long-term-debt,net-current-debt,debt-issuance-retirement-net-total,net-common-equity-issued-repurchased,net-total-equity-issued-repurchased,total-common-preferred-stock-dividends-paid,financial-activities-other,cash-flow-from-financial-activities,net-cash-flow,stock-based-compensation,common-stock-dividends-paid
0,2018-09-30,29.15,$26.23,1.11,$10.75,2.71,$1.17,24.94,$0.74,39.39,$1.63B,$1.77B,0.92,$0.05B,$0.22B,0.21,$0.07B,$0.06B,84.62%,$0.07B,$0.02B,23.08%,$0.07B,0,0.00%,$0.07B,0,0.00%,$0.07B,$0.01B,15.38%,$0.07B,$0.01B,10.77%,$0.01B,$0.22B,4.84%,$0.01B,$0.15B,6.26%,$0.01B,$2.04B,0.47%,$0.02B,$0.27B,8.43%,$22,$4,$18,$0,$12,$16,$6,$-3,$3,$1,$2,$2,$2,$0,$0,$8,8,$0.28,$0.28,$62,$0,$0,$1632,$25,$285,$70,$27,$412,$2044,$1766,$45,$11,$56,$1822,$8,$36,$-4,$222,$2044,$6,$3,$4,$7,$-2,$0,$1,$-5,$-6,$6,$-8,$0,$73,$0,$89,$89,$-75,$79,$-67,$0,$-67,$0,$0,$-3,$24,$-46,$39,$0,$-3
1,2018-06-30,34.73,$23.15,1.5,$10.93,3.18,$3.13,11.1,$1.27,27.35,$1.07B,$1.24B,0.87,$0.03B,$0.14B,0.21,$0.06B,$0.05B,85.71%,$0.06B,$0.01B,21.43%,$0.06B,0,0.00%,$0.06B,0,0.00%,$0.06B,$0.01B,17.86%,$0.06B,$0.01B,12.50%,$0.01B,$0.14B,6.45%,$0.01B,$0.11B,7.59%,$0.01B,$1.42B,0.55%,$0.01B,$0.17B,8.84%,$15,$2,$13,$0,$9,$12,$3,$-0,$3,$0,$3,$3,$3,$0,$0,$6,6,$0.45,$0.45,$39,$0,$0,$1074,$24,$268,$28,$19,$341,$1416,$1238,$30,$7,$36,$1274,$6,$35,$-3,$142,$1416,$4,$2,$2,$4,$0,$0,$1,$-3,$-3,$5,$-7,$0,$65,$0,$42,$42,$-56,$45,$-0,$-35,$-35,$0,$0,$-2,$3,$-34,$16,$0,$-2
2,2018-03-31,31.67,$22.72,1.39,$11.32,2.8,$4.83,6.55,$1.37,23.11,$1.07B,$1.21B,0.88,$0.03B,$0.14B,0.21,$0.05B,$0.05B,86.79%,$0.05B,$0.01B,22.64%,$0.05B,0,0.00%,$0.05B,0,0.00%,$0.05B,$0.01B,18.87%,$0.05B,$0.01B,11.32%,$0.01B,$0.14B,6.52%,$0.01B,$0.11B,7.36%,$0.01B,$1.39B,0.50%,$0.01B,$0.17B,10.23%,$15,$2,$13,$0,$9,$12,$3,$-2,$1,$0,$1,$1,$1,$0,$0,$6,6,$0.17,$0.17,$59,$0,$0,$1065,$20,$256,$28,$18,$326,$1391,$1213,$30,$9,$39,$1252,$6,$34,$-4,$139,$1391,$1,$1,$-1,$0,$0,$0,$0,$1,$2,$3,$-3,$0,$65,$0,$54,$54,$-27,$90,$-0,$-35,$-35,$0,$0,$-1,$-21,$-57,$36,$0,$-1
3,2017-12-31,32.8,$17.83,1.84,$11.71,2.8,$5.89,5.57,$1.67,19.64,$0.93B,$1.06B,0.88,$0.03B,$0.08B,0.39,$0.05B,$0.04B,88.00%,$0.05B,$0.01B,24.00%,$0.05B,0,0.00%,$0.05B,0,0.00%,$0.05B,$0.01B,24.00%,$0.05B,$0.01B,14.00%,$0.01B,$0.08B,9.30%,$0.01B,$0.07B,9.89%,$0.01B,$1.17B,0.62%,$0.01B,$0.11B,12.21%,$13,$2,$11,$0,$8,$10,$3,$-0,$3,$2,$1,$1,$1,$0,$0,$4,4,$0.12,$0.12,$24,$0,$0,$932,$16,$199,$4,$17,$238,$1170,$1059,$30,$6,$36,$1095,$4,$33,$-2,$76,$1170,$7,$3,$2,$5,$0,$0,$0,$-1,$-0,$12,$-5,$0,$0,$0,$-63,$-63,$-97,$-164,$9,$35,$43,$0,$0,$-2,$88,$129,$-22,$0,$-2
4,2017-09-30,28.79,$18.25,1.58,$11.66,2.47,$9.37,3.07,$2.04,14.11,$0.93B,$1.05B,0.89,$0.02B,$0.08B,0.27,$0.05B,$0.04B,89.80%,$0.05B,$0.01B,24.49%,$0.05B,0,0.00%,$0.05B,0,0.00%,$0.05B,$0.01B,24.49%,$0.05B,$0.01B,16.33%,$0.01B,$0.08B,10.85%,$0.01B,$0.07B,11.51%,$0.01B,$1.15B,0.73%,$0.01B,$0.10B,12.66%,$13,$2,$11,$0,$8,$9,$3,$-0,$3,$1,$2,$2,$2,$0,$0,$4,4,$0.53,$0.53,$56,$0,$0,$932,$14,$183,$4,$18,$221,$1153,$1048,$21,$8,$28,$1076,$4,$33,$-1,$77,$1153,$7,$0,$1,$2,$-0,$0,$0,$1,$1,$9,$-2,$0,$0,$0,$-43,$-43,$-63,$-109,$20,$0,$20,$0,$0,$-2,$91,$110,$10,$0,$-2
5,2017-06-30,26.31,$17.86,1.47,$11.39,2.31,$12.37,2.13,$1.96,13.42,$0.89B,$1.01B,0.88,$0.02B,$0.08B,0.28,$0.05B,$0.04B,89.58%,$0.05B,$0.01B,22.92%,$0.05B,0,0.00%,$0.05B,0,0.00%,$0.05B,$0.01B,22.92%,$0.05B,$0.01B,16.67%,$0.01B,$0.08B,10.92%,$0.01B,$0.07B,11.59%,$0.01B,$1.11B,0.75%,$0.01B,$0.10B,11.67%,$12,$1,$11,$0,$8,$9,$3,$-0,$3,$1,$2,$2,$2,$0,$0,$4,4,$0.55,$0.55,$29,$0,$0,$890,$11,$186,$4,$16,$222,$1112,$1010,$21,$6,$27,$1036,$4,$32,$-1,$76,$1112,$4,$0,$0,$0,$-0,$0,$0,$0,$-0,$5,$1,$0,$0,$0,$-47,$-47,$-48,$-94,$-0,$21,$21,$0,$0,$-1,$52,$72,$-17,$0,$-1
6,2017-03-31,26.43,$17.08,1.55,$11.16,2.37,$15.54,1.7,$1.89,13.98,$0.87B,$0.97B,0.89,$0.02B,$0.07B,0.29,$0.05B,$0.04B,89.36%,$0.05B,$0.01B,23.40%,$0.05B,0,0.00%,$0.05B,0,0.00%,$0.05B,$0.01B,23.40%,$0.05B,$0.01B,17.02%,$0.01B,$0.07B,11.00%,$0.01B,$0.07B,11.64%,$0.01B,$1.07B,0.77%,$0.01B,$0.09B,11.22%,$12,$1,$11,$0,$8,$9,$3,$-0,$3,$1,$2,$2,$2,$0,$0,$4,4,$0.47,$0.47,$36,$0,$0,$868,$11,$169,$4,$16,$205,$1073,$973,$21,$7,$28,$1001,$4,$30,$-2,$72,$1073,$2,$-1,$0,$-1,$-0,$0,$0,$2,$2,$3,$1,$0,$0,$0,$-33,$-33,$-20,$-52,$-0,$0,$-0,$0,$0,$-1,$37,$36,$-13,$0,$-1
7,2016-12-31,22.99,$16.65,1.38,$10.91,2.11,$16.18,1.42,$1.85,12.43,$0.86B,$0.94B,0.92,$0.02B,$0.07B,0.3,$0.05B,$0.04B,89.13%,$0.05B,$0.01B,21.74%,$0.05B,0,0.00%,$0.05B,0,0.00%,$0.05B,$0.01B,21.74%,$0.05B,$0.01B,17.39%,$0.01B,$0.07B,11.03%,$0.01B,$0.07B,11.68%,$0.01B,$1.03B,0.79%,$0.01B,$0.09B,9.57%,$12,$1,$11,$0,$8,$10,$3,$-0,$3,$1,$2,$2,$2,$0,$0,$4,4,$0.49,$0.49,$46,$0,$0,$859,$13,$136,$4,$16,$174,$1033,$936,$21,$5,$26,$962,$4,$28,$-3,$70,$1033,$8,$13,$1,$14,$-0,$0,$0,$-0,$-0,$22,$0,$0,$0,$0,$-14,$-14,$-73,$-87,$-27,$-32,$-58,$0,$0,$-2,$158,$98,$33,$0,$-2
8,2016-09-30,18.61,$17.74,1.05,$10.49,1.77,$13.91,1.34,$1.71,10.88,$0.83B,$0.94B,0.89,$0.02B,$0.08B,0.28,$0.04B,$0.04B,88.64%,$0.04B,$0.01B,20.45%,$0.04B,0,0.00%,$0.04B,0,0.00%,$0.04B,$0.01B,20.45%,$0.04B,$0.01B,15.91%,$0.01B,$0.08B,9.66%,$0.01B,$0.07B,10.26%,$0.01B,$1.04B,0.71%,$0.01B,$0.10B,8.09%,$12,$1,$10,$0,$8,$9,$2,$-0,$2,$1,$2,$2,$2,$0,$0,$4,4,$0.45,$0.45,$44,$0,$0,$832,$13,$176,$4,$16,$211,$1043,$939,$21,$8,$29,$968,$4,$27,$3,$75,$1043,$6,$10,$1,$11,$-0,$0,$0,$3,$3,$20,$0,$0,$0,$0,$-42,$-42,$-48,$-90,$-58,$0,$-58,$0,$0,$-2,$161,$101,$30,$0,$-2
9,2016-06-30,15.08,$17.61,0.86,$10.23,1.47,$11.48,1.31,$1.69,8.93,$0.81B,$0.89B,0.9,$0.04B,$0.07B,0.51,$0.04B,$0.04B,90.48%,$0.04B,$0.01B,21.43%,$0.04B,0,0.00%,$0.04B,0,0.00%,$0.04B,$0.01B,21.43%,$0.04B,$0.01B,16.67%,$0.01B,$0.07B,9.62%,$0.01B,$0.07B,10.26%,$0.01B,$1.01B,0.73%,$0.01B,$0.11B,7.56%,$11,$1,$10,$0,$7,$9,$3,$-0,$3,$1,$2,$2,$2,$0,$0,$4,4,$0.48,$0.48,$42,$0,$0,$808,$13,$170,$5,$16,$205,$1013,$894,$38,$7,$44,$938,$4,$26,$4,$74,$1013,$4,$12,$1,$13,$-0,$0,$0,$2,$2,$19,$0,$0,$0,$0,$-38,$-38,$-27,$-64,$-10,$-32,$-42,$0,$0,$-1,$116,$73,$28,$0,$-1
10,2016-03-31,13.97,$16.85,0.83,$10.11,1.38,$7.86,1.78,$1.67,8.36,$0.76B,$0.83B,0.91,$0.05B,$0.07B,0.67,$0.04B,$0.04B,90.48%,$0.04B,$0.01B,21.43%,$0.04B,0,0.00%,$0.04B,0,0.00%,$0.04B,$0.01B,21.43%,$0.04B,$0.01B,16.67%,$0.01B,$0.07B,9.66%,$0.01B,$0.07B,10.29%,$0.01B,$0.96B,0.76%,$0.01B,$0.12B,7.36%,$11,$1,$10,$0,$7,$9,$2,$-0,$2,$1,$2,$2,$2,$0,$0,$4,4,$0.43,$0.43,$16,$0,$0,$760,$14,$165,$5,$17,$201,$961,$833,$48,$9,$57,$890,$4,$24,$2,$71,$961,$2,$1,$0,$2,$-0,$0,$0,$4,$4,$7,$0,$0,$0,$0,$-25,$-25,$-5,$-30,$-32,$0,$-32,$0,$0,$-1,$56,$23,$0,$0,$-1
11,2015-12-31,14.93,$16.58,0.9,$9.96,1.5,$6.50,2.3,$1.47,10.16,$0.75B,$0.81B,0.93,$0.05B,$0.07B,0.68,$0.04B,$0.04B,90.00%,$0.04B,$0.01B,22.50%,$0.04B,0,0.00%,$0.04B,0,0.00%,$0.04B,$0.01B,20.00%,$0.04B,$0.01B,15.00%,$0.01B,$0.07B,8.22%,$0.01B,$0.07B,8.76%,$0.01B,$0.93B,0.66%,$0.01B,$0.12B,7.20%,$10,$1,$9,$0,$7,$8,$2,$-0,$2,$0,$2,$2,$1,$0,$0,$4,4,$0.35,$0.35,$18,$0,$0,$754,$14,$140,$5,$17,$177,$932,$809,$48,$5,$53,$862,$4,$23,$2,$70,$932,$7,$6,$2,$7,$-0,$0,$0,$-0,$-1,$13,$-1,$0,$8,$0,$13,$13,$-59,$-39,$-9,$31,$22,$0,$-7,$-2,$16,$29,$3,$0,$-2
12,2015-09-30,14.96,$17.87,0.84,$9.91,1.51,$6.05,2.47,$1.35,11.08,$0.74B,$0.78B,0.95,$0.05B,$0.07B,0.75,$0.04B,$0.04B,89.74%,$0.04B,$0.01B,23.08%,$0.04B,0,0.00%,$0.04B,0,0.00%,$0.04B,$0.01B,17.95%,$0.04B,$0.01B,15.38%,$0.01B,$0.08B,8.54%,$0.01B,$0.07B,8.99%,$0.01B,$0.92B,0.69%,$0.01B,$0.13B,7.29%,$10,$1,$9,$0,$7,$8,$2,$-0,$2,$1,$2,$2,$2,$0,$0,$4,4,$0.43,$0.43,$25,$0,$0,$740,$14,$138,$5,$16,$175,$915,$781,$51,$7,$58,$840,$4,$23,$1,$76,$915,$5,$3,$0,$3,$0,$0,$0,$2,$2,$11,$-1,$0,$8,$0,$17,$17,$-38,$-14,$-5,$5,$-0,$0,$0,$-2,$14,$12,$9,$0,$-1
13,2015-06-30,14.15,$17.37,0.81,$9.83,1.44,$5.79,2.44,$1.35,10.48,$0.72B,$0.77B,0.93,$0.05B,$0.07B,0.77,$0.04B,$0.03B,89.19%,$0.04B,$0.01B,24.32%,$0.04B,0,0.00%,$0.04B,0,0.00%,$0.04B,$0.01B,18.92%,$0.04B,$0.01B,16.22%,$0.01B,$0.07B,9.09%,$0.01B,$0.07B,9.45%,$0.01B,$0.90B,0.72%,$0.01B,$0.13B,7.84%,$11,$1,$10,$0,$7,$8,$3,$0,$3,$1,$2,$2,$2,$0,$0,$4,4,$0.46,$0.46,$17,$0,$0,$719,$14,$141,$5,$18,$181,$899,$769,$51,$5,$57,$826,$4,$21,$1,$73,$899,$3,$3,$0,$3,$-0,$0,$0,$-2,$-2,$5,$-1,$0,$8,$0,$13,$13,$-24,$-4,$-5,$14,$9,$0,$0,$-1,$-7,$1,$1,$0,$-1
14,2015-03-31,14.19,$17.31,0.82,$9.76,1.45,$6.22,2.28,$1.35,10.51,$0.71B,$0.76B,0.94,$0.06B,$0.07B,0.85,$0.04B,$0.03B,88.57%,$0.04B,$0.01B,22.86%,$0.04B,0,0.00%,$0.04B,0,0.00%,$0.04B,$0.01B,17.14%,$0.04B,$0.01B,17.14%,$0.01B,$0.07B,9.64%,$0.01B,$0.07B,9.96%,$0.01B,$0.90B,0.76%,$0.01B,$0.13B,7.53%,$9,$1,$8,$0,$6,$7,$2,$-1,$1,$0,$1,$1,$1,$0,$0,$4,4,$0.23,$0.23,$20,$0,$0,$712,$14,$146,$4,$16,$183,$895,$760,$56,$5,$62,$822,$4,$20,$2,$73,$895,$1,$1,$0,$1,$0,$0,$0,$-0,$0,$2,$-0,$0,$8,$0,$11,$11,$-13,$5,$-0,$0,$-0,$0,$0,$-0,$-2,$-3,$4,$0,$-0
15,2014-12-31,14.03,$16.90,0.83,$9.70,1.45,$6.21,2.26,$1.53,9.17,$0.58B,$0.64B,0.91,$0.05B,$0.05B,0.98,$0.03B,$0.03B,88.24%,$0.03B,$0.01B,23.53%,$0.03B,0,0.00%,$0.03B,0,0.00%,$0.03B,$0.01B,20.59%,$0.03B,$0.01B,17.65%,$0.01B,$0.06B,10.39%,$0.01B,$0.06B,10.62%,$0.01B,$0.76B,0.81%,$0.01B,$0.11B,8.58%,$9,$1,$8,$0,$6,$7,$2,$-1,$1,$0,$1,$1,$1,$0,$0,$3,3,$0.23,$0.23,$16,$0,$0,$584,$12,$145,$1,$12,$172,$756,$639,$53,$5,$58,$697,$3,$19,$2,$59,$756,$6,$3,$1,$4,$-0,$0,$-0,$-1,$-1,$9,$0,$0,$0,$0,$-17,$-17,$-25,$-42,$30,$-23,$7,$0,$-0,$-2,$30,$34,$1,$0,$-2
16,2014-09-30,13.72,$16.82,0.82,$9.55,1.44,$7.45,1.84,$1.67,8.22,$0.59B,$0.67B,0.88,$0.03B,$0.05B,0.61,$0.03B,$0.03B,87.88%,$0.03B,$0.01B,24.24%,$0.03B,0,0.00%,$0.03B,0,0.00%,$0.03B,$0.01B,24.24%,$0.03B,$0.01B,18.18%,$0.01B,$0.06B,10.67%,$0.01B,$0.06B,10.91%,$0.01B,$0.76B,0.82%,$0.01B,$0.09B,9.50%,$8,$1,$7,$0,$5,$6,$2,$-0,$2,$0,$2,$2,$2,$0,$0,$3,3,$0.43,$0.43,$21,$0,$0,$586,$12,$152,$1,$12,$179,$764,$668,$33,$4,$37,$706,$3,$19,$1,$59,$764,$5,$2,$1,$3,$-0,$0,$0,$-1,$-1,$7,$0,$0,$0,$0,$-23,$-23,$-22,$-45,$10,$-2,$8,$0,$0,$-1,$38,$45,$7,$0,$-1
17,2014-06-30,14.0,$16.46,0.85,$9.57,1.46,$8.64,1.62,$1.64,8.54,$0.56B,$0.64B,0.88,$0.03B,$0.05B,0.63,$0.03B,$0.03B,87.88%,$0.03B,$0.01B,24.24%,$0.03B,0,0.00%,$0.03B,0,0.00%,$0.03B,$0.01B,24.24%,$0.03B,$0.01B,15.15%,$0.01B,$0.06B,9.13%,$0.01B,$0.06B,9.39%,$0.01B,$0.74B,0.70%,$0.01B,$0.09B,10.46%,$9,$1,$8,$0,$5,$6,$2,$0,$2,$0,$2,$2,$2,$0,$0,$3,3,$0.46,$0.46,$18,$0,$0,$563,$13,$146,$1,$12,$173,$736,$640,$33,$6,$39,$679,$3,$18,$1,$58,$736,$3,$0,$1,$1,$-0,$0,$0,$1,$1,$5,$-0,$0,$0,$0,$-16,$-16,$-2,$-18,$10,$-16,$-6,$0,$0,$-1,$24,$17,$3,$0,$-1
18,2014-03-31,13.04,$15.81,0.82,$9.39,1.39,$9.08,1.44,$1.55,8.41,$0.57B,$0.64B,0.89,$0.02B,$0.05B,0.46,$0.03B,$0.03B,87.50%,$0.03B,$0.01B,21.88%,$0.03B,0,0.00%,$0.03B,0,0.00%,$0.03B,$0.01B,25.00%,$0.03B,$0.00B,12.50%,$0.00B,$0.06B,7.55%,$0.00B,$0.05B,7.73%,$0.00B,$0.72B,0.56%,$0.01B,$0.08B,10.07%,$8,$1,$7,$0,$5,$6,$2,$-0,$2,$0,$2,$2,$1,$0,$0,$3,3,$0.41,$0.41,$19,$0,$0,$566,$13,$125,$1,$12,$153,$718,$636,$23,$4,$28,$663,$3,$17,$0,$55,$718,$2,$0,$0,$1,$-0,$0,$0,$-0,$-1,$2,$-0,$0,$0,$0,$3,$3,$-2,$1,$-0,$5,$5,$0,$0,$-0,$-1,$3,$5,$0,$-0
19,2013-12-31,12.57,$15.14,0.83,$9.24,1.36,$11.34,1.11,$1.32,9.52,$0.56B,$0.63B,0.88,$0.02B,$0.05B,0.48,$0.03B,$0.03B,84.38%,$0.03B,$0.01B,18.75%,$0.03B,0,0.00%,$0.03B,0,0.00%,$0.03B,$0.01B,21.88%,$0.03B,$0.00B,12.50%,$0.00B,$0.05B,7.62%,$0.00B,$0.05B,7.84%,$0.00B,$0.71B,0.56%,$0.01B,$0.08B,8.76%,$8,$1,$7,$0,$5,$6,$2,$-0,$2,$0,$1,$1,$1,$0,$0,$3,3,$0.37,$0.37,$16,$0,$0,$559,$12,$126,$1,$11,$154,$713,$632,$23,$5,$28,$660,$3,$15,$-1,$53,$713,$5,$4,$1,$5,$0,$0,$-0,$1,$1,$11,$2,$0,$0,$0,$24,$24,$-50,$-24,$1,$24,$24,$-0,$0,$-1,$-17,$6,$-7,$0,$-1
20,2013-09-30,9.92,$15.04,0.66,$9.27,1.07,$10.72,0.93,$1.25,7.94,$0.55B,$0.63B,0.87,$0.01B,$0.05B,0.17,$0.03B,$0.03B,84.38%,$0.03B,$0.01B,15.63%,$0.03B,0,0.00%,$0.03B,0,0.00%,$0.03B,$0.01B,18.75%,$0.03B,$0.00B,12.50%,$0.00B,$0.05B,7.66%,$0.00B,$0.05B,7.88%,$0.00B,$0.70B,0.56%,$0.01B,$0.06B,7.33%,$8,$1,$7,$0,$5,$7,$2,$0,$2,$0,$1,$1,$1,$0,$0,$3,3,$0.40,$0.40,$21,$0,$0,$547,$13,$122,$1,$13,$151,$698,$631,$8,$6,$15,$645,$3,$15,$-0,$53,$698,$4,$3,$-1,$3,$0,$0,$0,$3,$4,$10,$1,$0,$0,$0,$29,$29,$-32,$-2,$-14,$9,$-5,$-0,$0,$-1,$-5,$-10,$-2,$0,$-0
21,2013-06-30,9.62,$14.63,0.66,$9.29,1.03,$12.55,0.77,$1.18,8.15,$0.54B,$0.64B,0.85,$0.01B,$0.05B,0.26,$0.03B,$0.03B,81.82%,$0.03B,$0.01B,15.15%,$0.03B,0,0.00%,$0.03B,0,0.00%,$0.03B,$0.01B,18.18%,$0.03B,$0.00B,12.12%,$0.00B,$0.05B,7.51%,$0.00B,$0.05B,7.69%,$0.00B,$0.71B,0.56%,$0.01B,$0.06B,6.85%,$8,$1,$7,$0,$5,$7,$1,$0,$2,$0,$1,$1,$1,$0,$0,$3,3,$0.37,$0.37,$24,$0,$0,$539,$13,$137,$1,$11,$167,$706,$638,$12,$5,$16,$655,$3,$13,$-1,$51,$706,$2,$2,$-1,$2,$0,$0,$0,$1,$1,$5,$1,$0,$0,$0,$14,$14,$-26,$-11,$-11,$28,$17,$-0,$0,$-0,$-15,$1,$-5,$0,$-0
22,2013-03-31,9.65,$0.00,0.0,$9.53,1.01,$12.17,0.79,$1.16,8.32,$0.55B,$0.64B,0.86,$0.02B,$0.05B,0.46,$0.03B,$0.03B,79.41%,$0.03B,$0.01B,17.65%,$0.03B,0,0.00%,$0.03B,0,0.00%,$0.03B,$0.01B,17.65%,$0.03B,$0.00B,11.76%,$0.00B,$0.05B,7.34%,$0.00B,$0.05B,7.51%,$0.00B,$0.73B,0.56%,$0.01B,$0.07B,7.82%,$8,$1,$6,$0,$6,$7,$1,$0,$1,$0,$1,$1,$1,$0,$0,$3,3,$0.18,$0.18,$58,$0,$0,$550,$0,$148,$1,$14,$163,$726,$641,$22,$11,$33,$674,$3,$12,$0,$53,$726,$1,$1,$-0,$1,$0,$0,$0,$7,$7,$9,$0,$0,$0,$0,$7,$7,$-5,$3,$-1,$0,$-1,$-0,$0,$-0,$15,$14,$26,$0,$0
23,2012-12-31,9.61,$14.96,0.64,$9.74,0.99,$8.95,1.07,$1.27,7.57,$0.52B,$0.63B,0.83,$0.02B,$0.05B,0.48,$0.03B,$0.03B,79.41%,$0.03B,$0.01B,17.65%,$0.03B,0,0.00%,$0.03B,0,0.00%,$0.03B,$0.01B,17.65%,$0.03B,$0.00B,11.76%,$0.00B,$0.05B,7.31%,$0.00B,$0.05B,7.44%,$0.00B,$0.71B,0.56%,$0.01B,$0.08B,7.74%,$8,$2,$7,$0,$5,$7,$1,$0,$1,$0,$1,$1,$1,$0,$0,$4,4,$0.30,$0.30,$39,$0,$0,$521,$13,$157,$1,$12,$185,$705,$626,$23,$4,$27,$653,$3,$12,$2,$52,$705,$5,$3,$1,$3,$0,$0,$-0,$1,$0,$9,$2,$0,$0,$0,$4,$4,$-9,$4,$-0,$0,$-0,$0,$-5,$-1,$-17,$-15,$-2,$0,$-1
24,2012-09-30,8.91,$0.00,0.0,$9.92,0.9,$7.85,1.14,$1.32,6.75,$0.53B,$0.63B,0.84,$0.02B,$0.05B,0.48,$0.04B,$0.03B,77.14%,$0.04B,$0.01B,20.00%,$0.04B,0,0.00%,$0.04B,0,0.00%,$0.04B,$0.01B,20.00%,$0.04B,$0.00B,11.43%,$0.00B,$0.06B,7.27%,$0.00B,$0.06B,7.41%,$0.00B,$0.72B,0.56%,$0.01B,$0.08B,9.00%,$9,$2,$7,$0,$5,$7,$2,$-0,$2,$0,$1,$1,$1,$0,$0,$3,3,$0.33,$0.33,$47,$0,$0,$527,$0,$170,$1,$12,$183,$724,$631,$23,$13,$35,$667,$3,$11,$0,$57,$724,$4,$2,$1,$3,$0,$0,$0,$9,$10,$16,$1,$0,$0,$0,$-7,$-7,$0,$-6,$-0,$0,$-0,$0,$0,$-1,$-4,$-5,$5,$0,$-1
25,2012-06-30,9.27,$0.00,0.0,$10.01,0.93,$6.37,1.45,$1.28,7.24,$0.52B,$0.62B,0.84,$0.02B,$0.05B,0.5,$0.04B,$0.03B,74.29%,$0.04B,$0.01B,17.14%,$0.04B,0,0.00%,$0.04B,0,0.00%,$0.04B,$0.01B,17.14%,$0.04B,$0.00B,11.43%,$0.00B,$0.06B,7.41%,$0.00B,$0.06B,7.55%,$0.00B,$0.70B,0.56%,$0.01B,$0.08B,7.84%,$9,$2,$7,$0,$5,$7,$2,$-0,$2,$0,$1,$1,$1,$0,$0,$3,3,$0.35,$0.35,$35,$0,$0,$517,$0,$151,$1,$14,$166,$697,$615,$23,$4,$26,$641,$3,$10,$0,$56,$697,$2,$1,$1,$1,$0,$0,$0,$0,$0,$4,$1,$0,$0,$0,$12,$12,$-3,$9,$-0,$3,$3,$0,$0,$-1,$-24,$-21,$-8,$0,$-0
26,2012-03-31,8.51,$0.00,0.0,$10.03,0.85,$7.00,1.22,$1.20,7.09,$0.53B,$0.64B,0.83,$0.02B,$0.04B,0.51,$0.04B,$0.03B,71.43%,$0.04B,$0.01B,14.29%,$0.04B,0,0.00%,$0.04B,0,0.00%,$0.04B,$0.01B,14.29%,$0.04B,$0.00B,11.43%,$0.00B,$0.05B,7.58%,$0.00B,$0.05B,7.73%,$0.00B,$0.72B,0.56%,$0.01B,$0.08B,6.62%,$8,$2,$6,$0,$5,$7,$1,$0,$1,$0,$1,$1,$1,$0,$0,$3,3,$0.29,$0.29,$46,$0,$0,$531,$0,$159,$1,$13,$173,$718,$638,$23,$3,$26,$663,$3,$9,$0,$54,$718,$1,$0,$0,$0,$0,$0,$0,$0,$-1,$-2,$-0,$0,$0,$0,$0,$0,$2,$1,$0,$0,$-0,$0,$0,$-0,$3,$2,$2,$0,$0
27,2011-12-31,6.31,$15.34,0.41,$9.95,0.63,$9.49,0.67,$1.16,5.44,$1.04B,$1.27B,0.82,$0.02B,$0.04B,0.52,$0.04B,$0.03B,71.43%,$0.04B,$0.01B,14.29%,$0.04B,0,0.00%,$0.04B,0,0.00%,$0.04B,$0.01B,14.29%,$0.04B,$0.00B,11.43%,$0.00B,$0.05B,7.77%,$0.00B,$0.05B,7.92%,$0.00B,$0.72B,0.57%,$0.01B,$0.08B,6.73%,$9,$2,$7,$0,$5,$7,$2,$0,$2,$0,$1,$1,$1,$0,$0,$3,3,$0.35,$0.35,$82,$0,$0,$1037,$22,$162,$1,$14,$201,$715,$1270,$23,$4,$27,$662,$3,$8,$2,$53,$715,$5,$1,$0,$1,$-0,$0,$-0,$3,$3,$8,$-1,$0,$0,$0,$-84,$-102,$11,$-75,$-5,$-2,$-5,$0,$0,$-1,$158,$71,$5,$0,$-1
28,2011-09-30,6.66,$0.00,0.0,$9.70,0.69,$9.06,0.73,$0.98,6.79,$0.54B,$0.64B,0.84,$0.02B,$0.04B,0.54,$0.03B,$0.02B,70.59%,$0.03B,$0.00B,11.76%,$0.03B,0,0.00%,$0.03B,0,0.00%,$0.03B,$0.00B,11.76%,$0.03B,$0.00B,11.76%,$0.00B,$0.05B,7.96%,$0.00B,$0.05B,8.12%,$0.00B,$0.72B,0.59%,$0.00B,$0.08B,5.39%,$9,$2,$6,$0,$5,$7,$1,$0,$1,$0,$1,$1,$1,$0,$0,$3,3,$0.29,$0.29,$57,$0,$0,$537,$0,$156,$1,$14,$170,$721,$638,$23,$7,$30,$668,$3,$7,$0,$53,$721,$3,$3,$0,$3,$0,$0,$0,$0,$6,$13,$-1,$0,$0,$0,$0,$-98,$17,$-83,$0,$-1,$-5,$0,$0,$-1,$81,$74,$4,$0,$0
29,2011-06-30,6.78,$0.00,0.0,$9.79,0.69,$6.84,0.99,$0.80,8.48,$0.54B,$0.61B,0.89,$0.02B,$0.04B,0.56,$0.03B,$0.02B,72.73%,$0.03B,$0.00B,9.09%,$0.03B,0,0.00%,$0.03B,0,0.00%,$0.03B,$0.00B,9.09%,$0.03B,$0.00B,9.09%,$0.00B,$0.05B,6.09%,$0.00B,$0.05B,6.22%,$0.00B,$0.69B,0.46%,$0.00B,$0.07B,4.01%,$9,$2,$6,$0,$5,$7,$1,$0,$1,$0,$1,$1,$1,$0,$0,$3,3,$0.27,$0.27,$67,$0,$0,$542,$0,$116,$1,$15,$132,$687,$610,$23,$4,$27,$636,$3,$6,$0,$51,$687,$2,$2,$0,$2,$0,$0,$0,$0,$3,$7,$-0,$0,$0,$0,$0,$-53,$-1,$-55,$0,$0,$-5,$0,$0,$-1,$51,$46,$-2,$0,$0
30,2011-03-31,7.31,$0.00,0.0,$9.70,0.75,$5.70,1.28,$0.72,10.15,$0.55B,$0.60B,0.92,$0.02B,$0.04B,0.58,$0.03B,$0.02B,72.73%,$0.03B,$0.00B,9.09%,$0.03B,0,0.00%,$0.03B,0,0.00%,$0.03B,$0.00B,9.09%,$0.03B,$0.00B,9.09%,$0.00B,$0.05B,6.19%,$0.00B,$0.05B,6.32%,$0.00B,$0.68B,0.47%,$0.00B,$0.07B,3.99%,$8,$2,$6,$0,$5,$7,$1,$0,$1,$0,$1,$1,$1,$0,$0,$3,3,$0.25,$0.25,$82,$0,$0,$551,$0,$100,$1,$15,$116,$680,$602,$23,$6,$29,$631,$3,$6,$0,$49,$680,$1,$1,$0,$1,$0,$0,$0,$0,$4,$7,$-0,$0,$0,$0,$0,$-31,$-6,$-37,$0,$-1,$-5,$0,$0,$-0,$45,$39,$8,$0,$0
31,2010-12-31,6.13,$0.00,0.0,$9.63,0.64,$4.07,1.51,$0.64,9.58,$0.53B,$0.56B,0.95,$0.03B,$0.04B,0.73,$0.03B,$0.02B,69.70%,$0.03B,$0.00B,9.09%,$0.03B,0,0.00%,$0.03B,0,0.00%,$0.03B,$0.00B,9.09%,$0.03B,$0.00B,9.09%,$0.00B,$0.05B,6.25%,$0.00B,$0.05B,6.38%,$0.00B,$0.64B,0.48%,$0.00B,$0.08B,3.95%,$8,$3,$6,$0,$5,$7,$1,$0,$1,$0,$1,$1,$1,$0,$0,$4,4,$0.17,$0.17,$68,$0,$0,$531,$0,$75,$1,$17,$92,$637,$558,$28,$4,$32,$589,$3,$5,$0,$48,$637,$3,$1,$2,$1,$0,$0,$-1,$1,$1,$7,$-2,$0,$0,$0,$-24,$-16,$-7,$-33,$-10,$-14,$-10,$0,$0,$-1,$110,$30,$4,$0,$0
32,2010-09-30,5.64,$0.00,0.0,$9.91,0.57,$2.68,2.11,$-0.59,0.0,$0.53B,$0.55B,0.96,$0.03B,$0.04B,0.72,$0.03B,$0.02B,67.65%,$0.03B,$-0.00B,-11.76%,$0.03B,0,0.00%,$0.03B,0,0.00%,$0.03B,$-0.00B,-11.76%,$0.03B,$-0.00B,-5.88%,$-0.00B,$0.05B,-4.19%,$-0.00B,$0.05B,-4.28%,$-0.00B,$0.63B,-0.32%,$-0.00B,$0.08B,-5.11%,$8,$3,$6,$0,$5,$8,$0,$0,$0,$0,$0,$0,$0,$0,$0,$3,3,$0.11,$0.11,$64,$0,$0,$528,$0,$73,$1,$17,$91,$633,$552,$28,$3,$31,$584,$3,$4,$0,$49,$633,$2,$1,$0,$1,$0,$0,$0,$0,$1,$6,$-2,$0,$0,$0,$0,$-16,$-10,$-27,$0,$-14,$-10,$0,$0,$-0,$48,$24,$2,$0,$0
33,2010-06-30,7.47,$0.00,0.0,$9.86,0.76,$2.15,3.48,$-0.64,0.0,$0.52B,$0.54B,0.97,$0.03B,$0.04B,0.74,$0.04B,$0.02B,65.71%,$0.04B,$-0.00B,-11.43%,$0.04B,0,0.00%,$0.04B,0,0.00%,$0.04B,$-0.00B,-11.43%,$0.04B,$-0.00B,-5.71%,$-0.00B,$0.05B,-4.15%,$-0.00B,$0.05B,-4.26%,$-0.00B,$0.62B,-0.33%,$-0.00B,$0.08B,-4.82%,$9,$3,$6,$0,$5,$8,$1,$0,$1,$0,$1,$1,$1,$0,$0,$3,3,$0.19,$0.19,$55,$0,$0,$523,$0,$62,$1,$16,$79,$615,$536,$28,$3,$31,$568,$3,$4,$0,$48,$615,$2,$1,$0,$1,$0,$0,$0,$0,$1,$4,$-1,$0,$0,$0,$0,$-3,$-2,$-7,$0,$-14,$-10,$0,$0,$-0,$32,$8,$6,$0,$0
34,2010-03-31,8.18,$0.00,0.0,$9.90,0.83,$1.80,4.54,$-0.64,0.0,$0.53B,$0.54B,0.99,$0.03B,$0.04B,0.75,$0.04B,$0.02B,65.71%,$0.04B,$-0.00B,-11.43%,$0.04B,0,0.00%,$0.04B,0,0.00%,$0.04B,$-0.00B,-11.43%,$0.04B,$-0.00B,-5.71%,$-0.00B,$0.05B,-4.10%,$-0.00B,$0.05B,-4.21%,$-0.00B,$0.62B,-0.33%,$-0.00B,$0.08B,-4.56%,$8,$3,$5,$0,$4,$7,$1,$0,$1,$0,$1,$1,$1,$0,$0,$4,4,$0.17,$0.17,$65,$0,$0,$534,$0,$55,$1,$17,$73,$620,$542,$28,$3,$31,$573,$3,$3,$0,$47,$620,$1,$0,$0,$0,$0,$0,$0,$0,$0,$2,$-1,$0,$0,$0,$0,$3,$1,$3,$0,$-13,$-10,$0,$0,$-0,$37,$14,$18,$0,$0
35,2009-12-31,8.41,$0.00,0.0,$8.42,1.0,$1.57,5.36,$-0.75,0.0,$0.52B,$0.52B,1.01,$0.04B,$0.04B,1.04,$0.04B,$0.02B,63.89%,$0.04B,$-0.01B,-13.89%,$0.04B,0,0.00%,$0.04B,0,0.00%,$0.04B,$-0.01B,-13.89%,$0.04B,$-0.00B,-8.33%,$-0.00B,$0.05B,-6.06%,$-0.00B,$0.05B,-6.22%,$-0.00B,$0.61B,-0.51%,$-0.01B,$0.09B,-5.31%,$9,$3,$6,$0,$11,$14,$-6,$0,$-6,$-2,$-4,$-4,$-4,$0,$0,$3,3,$-1.06,$-1.06,$48,$0,$0,$523,$0,$52,$1,$17,$70,$606,$518,$38,$3,$41,$559,$3,$3,$0,$47,$606,$-2,$1,$0,$1,$0,$0,$0,$0,$-6,$2,$-1,$0,$0,$0,$0,$-48,$12,$-37,$0,$-8,$-17,$0,$0,$-2,$63,$36,$1,$0,$0
36,2009-09-30,12.67,$0.00,0.0,$8.54,1.48,$2.66,4.76,$0.38,33.35,$0.53B,$0.50B,1.05,$0.05B,$0.04B,1.11,$0.04B,$0.02B,61.11%,$0.04B,$0.00B,2.78%,$0.04B,0,0.00%,$0.04B,0,0.00%,$0.04B,$0.00B,2.78%,$0.04B,$0.00B,2.78%,$0.00B,$0.05B,1.98%,$0.00B,$0.05B,2.03%,$0.00B,$0.60B,0.17%,$0.00B,$0.10B,1.01%,$9,$3,$6,$0,$5,$9,$0,$0,$0,$-0,$0,$0,$0,$0,$0,$3,3,$0.06,$0.06,$46,$0,$0,$525,$0,$48,$1,$12,$61,$598,$499,$45,$3,$48,$548,$3,$6,$0,$51,$598,$1,$1,$0,$1,$0,$0,$0,$0,$0,$4,$-2,$0,$0,$0,$0,$-41,$12,$-30,$0,$1,$-10,$0,$0,$-2,$35,$23,$-3,$0,$0
37,2009-06-30,12.78,$0.00,0.0,$8.55,1.5,$3.33,3.84,$0.64,19.97,$0.51B,$0.48B,1.06,$0.05B,$0.04B,1.13,$0.04B,$0.02B,58.33%,$0.04B,$0.00B,5.56%,$0.04B,0,0.00%,$0.04B,0,0.00%,$0.04B,$0.00B,5.56%,$0.04B,$0.00B,5.56%,$0.00B,$0.05B,4.17%,$0.00B,$0.05B,4.26%,$0.00B,$0.58B,0.35%,$0.00B,$0.10B,2.01%,$9,$3,$6,$0,$5,$8,$1,$0,$1,$0,$1,$1,$1,$0,$0,$4,4,$0.19,$0.19,$47,$0,$0,$510,$0,$44,$1,$12,$57,$579,$481,$45,$3,$48,$529,$3,$7,$0,$50,$579,$1,$1,$0,$1,$0,$0,$0,$0,$1,$3,$-1,$0,$0,$0,$0,$-21,$12,$-10,$0,$12,$-10,$0,$0,$-1,$6,$6,$-1,$0,$0
38,2009-03-31,15.24,$0.00,0.0,$8.49,1.79,$3.92,3.89,$0.75,20.32,$0.49B,$0.46B,1.07,$0.05B,$0.04B,1.24,$0.04B,$0.02B,55.56%,$0.04B,$0.00B,5.56%,$0.04B,0,0.00%,$0.04B,0,0.00%,$0.04B,$0.00B,5.56%,$0.04B,$0.00B,5.56%,$0.00B,$0.05B,4.37%,$0.00B,$0.05B,4.49%,$0.00B,$0.57B,0.36%,$0.00B,$0.10B,2.01%,$9,$4,$5,$0,$5,$8,$0,$0,$0,$-0,$0,$0,$0,$0,$0,$4,11,$0.06,$0.02,$48,$0,$0,$494,$0,$47,$1,$12,$59,$565,$461,$50,$3,$53,$515,$3,$7,$0,$50,$565,$0,$0,$0,$0,$0,$0,$0,$0,$1,$1,$-1,$0,$0,$0,$0,$-4,$11,$7,$0,$-17,$-5,$0,$0,$-1,$15,$-8,$0,$0,$0
39,2008-12-31,16.63,$0.00,0.0,$10.29,1.62,$4.74,3.51,$1.03,16.15,$0.49B,$0.46B,1.06,$0.06B,$0.04B,1.35,$0.04B,$0.02B,55.56%,$0.04B,$0.00B,11.11%,$0.04B,0,0.00%,$0.04B,0,0.00%,$0.04B,$0.00B,11.11%,$0.04B,$0.00B,8.33%,$0.00B,$0.05B,6.90%,$0.00B,$0.05B,7.14%,$0.00B,$0.57B,0.55%,$0.00B,$0.11B,4.17%,$9,$4,$5,$0,$5,$9,$0,$0,$0,$0,$0,$0,$0,$0,$0,$3,3,$0.07,$0.07,$59,$0,$0,$490,$0,$58,$1,$12,$70,$572,$463,$55,$3,$58,$521,$3,$7,$0,$51,$572,$4,$1,$0,$1,$0,$0,$0,$0,$-0,$6,$-2,$0,$0,$0,$0,$-62,$-4,$-67,$0,$-13,$1,$0,$10,$-3,$64,$58,$-3,$0,$0
40,2008-09-30,18.36,$0.00,0.0,$10.20,1.8,$4.49,4.09,$1.25,14.69,$0.48B,$0.45B,1.06,$0.06B,$0.04B,1.36,$0.04B,$0.02B,55.56%,$0.04B,$0.01B,13.89%,$0.04B,0,0.00%,$0.04B,0,0.00%,$0.04B,$0.01B,13.89%,$0.04B,$0.00B,11.11%,$0.00B,$0.04B,9.82%,$0.00B,$0.04B,10.19%,$0.00B,$0.55B,0.75%,$0.01B,$0.10B,5.36%,$9,$4,$5,$0,$4,$7,$1,$0,$1,$0,$1,$1,$1,$0,$0,$4,4,$0.32,$0.32,$58,$0,$0,$480,$0,$49,$1,$11,$61,$552,$453,$55,$3,$59,$512,$4,$8,$0,$41,$552,$3,$1,$0,$1,$0,$0,$0,$0,$2,$6,$-1,$0,$0,$0,$0,$-43,$-4,$-47,$0,$-5,$1,$0,$-0,$-2,$45,$38,$-3,$0,$0
41,2008-06-30,19.64,$0.00,0.0,$10.15,1.93,$3.98,4.93,$1.28,15.35,$0.47B,$0.44B,1.06,$0.06B,$0.04B,1.37,$0.04B,$0.02B,55.56%,$0.04B,$0.01B,16.67%,$0.04B,0,0.00%,$0.04B,0,0.00%,$0.04B,$0.01B,16.67%,$0.04B,$0.00B,11.11%,$0.00B,$0.04B,9.88%,$0.00B,$0.04B,10.32%,$0.00B,$0.54B,0.77%,$0.01B,$0.10B,6.47%,$9,$4,$5,$0,$4,$7,$1,$0,$1,$0,$1,$1,$1,$0,$0,$4,4,$0.30,$0.30,$68,$0,$0,$467,$0,$50,$1,$12,$63,$541,$441,$55,$4,$59,$500,$4,$7,$0,$41,$541,$2,$0,$0,$0,$0,$0,$0,$0,$2,$4,$-1,$0,$0,$0,$0,$-31,$0,$-32,$0,$-2,$1,$0,$-0,$-1,$30,$27,$0,$0,$0
42,2008-03-31,19.55,$0.00,0.0,$10.18,1.92,$3.31,5.9,$1.32,14.81,$0.46B,$0.45B,1.02,$0.05B,$0.04B,1.11,$0.04B,$0.02B,55.56%,$0.04B,$0.01B,19.44%,$0.04B,0,0.00%,$0.04B,0,0.00%,$0.04B,$0.01B,19.44%,$0.04B,$0.00B,11.11%,$0.00B,$0.04B,10.00%,$0.00B,$0.04B,10.39%,$0.00B,$0.54B,0.78%,$0.01B,$0.09B,7.59%,$9,$4,$5,$0,$4,$7,$2,$0,$2,$0,$1,$1,$1,$0,$0,$3,3,$0.34,$0.34,$71,$0,$0,$458,$0,$56,$1,$10,$68,$536,$447,$45,$3,$48,$495,$4,$7,$0,$41,$536,$1,$0,$0,$0,$0,$0,$0,$0,$2,$3,$-0,$0,$0,$0,$0,$-14,$-14,$-28,$0,$1,$-10,$0,$-0,$-1,$33,$24,$-1,$0,$0
43,2007-12-31,20.62,$0.00,0.0,$9.98,2.07,$2.76,7.47,$1.28,16.05,$0.43B,$0.41B,1.05,$0.06B,$0.04B,1.35,$0.04B,$0.02B,55.56%,$0.04B,$0.01B,16.67%,$0.04B,0,0.00%,$0.04B,0,0.00%,$0.04B,$0.01B,16.67%,$0.04B,$0.00B,11.11%,$0.00B,$0.04B,10.13%,$0.00B,$0.04B,10.46%,$0.00B,$0.51B,0.80%,$0.01B,$0.10B,6.28%,$9,$4,$5,$0,$4,$8,$1,$0,$1,$0,$1,$1,$1,$0,$0,$4,4,$0.29,$0.29,$57,$0,$0,$433,$0,$55,$1,$11,$67,$510,$412,$55,$3,$57,$469,$4,$7,$0,$40,$510,$5,$1,$0,$1,$0,$0,$0,$0,$-1,$5,$-2,$0,$0,$0,$0,$-16,$0,$-18,$0,$13,$-5,$0,$-1,$-3,$9,$13,$1,$0,$0
44,2007-09-30,19.77,$0.00,0.0,$9.76,2.02,$3.06,6.46,$1.39,14.27,$0.43B,$0.41B,1.05,$0.06B,$0.04B,1.37,$0.04B,$0.02B,57.14%,$0.04B,$0.01B,20.00%,$0.04B,0,0.00%,$0.04B,0,0.00%,$0.04B,$0.01B,20.00%,$0.04B,$0.00B,11.43%,$0.00B,$0.04B,10.19%,$0.00B,$0.04B,10.53%,$0.00B,$0.50B,0.81%,$0.01B,$0.09B,7.25%,$9,$4,$5,$0,$3,$7,$2,$0,$2,$0,$1,$1,$1,$0,$0,$3,3,$0.35,$0.35,$56,$0,$0,$426,$0,$54,$1,$11,$66,$504,$406,$55,$3,$57,$464,$4,$6,$0,$40,$504,$3,$1,$0,$1,$0,$0,$0,$0,$1,$5,$-2,$0,$0,$0,$0,$-12,$-2,$-15,$0,$17,$-5,$0,$-0,$-2,$-2,$7,$-3,$0,$0
45,2007-06-30,19.99,$0.00,0.0,$9.47,2.11,$3.37,5.94,$1.39,14.41,$0.42B,$0.40B,1.05,$0.06B,$0.04B,1.4,$0.03B,$0.02B,58.82%,$0.03B,$0.01B,20.59%,$0.03B,0,0.00%,$0.03B,0,0.00%,$0.03B,$0.01B,20.59%,$0.03B,$0.00B,11.76%,$0.00B,$0.04B,10.32%,$0.00B,$0.04B,10.53%,$0.00B,$0.49B,0.83%,$0.01B,$0.09B,7.09%,$9,$4,$5,$0,$3,$7,$2,$0,$2,$0,$1,$1,$1,$0,$0,$3,3,$0.34,$0.34,$53,$0,$0,$416,$0,$53,$1,$11,$65,$492,$396,$55,$3,$57,$453,$4,$6,$0,$39,$492,$2,$0,$0,$0,$0,$0,$0,$0,$0,$3,$-2,$0,$0,$0,$0,$-3,$1,$-3,$0,$-5,$-5,$0,$-0,$-1,$9,$-2,$-3,$0,$0
46,2007-03-31,18.07,$0.00,0.0,$9.15,1.97,$3.71,4.87,$1.36,13.27,$0.42B,$0.39B,1.06,$0.06B,$0.04B,1.53,$0.03B,$0.02B,60.61%,$0.03B,$0.01B,21.21%,$0.03B,0,0.00%,$0.03B,0,0.00%,$0.03B,$0.01B,21.21%,$0.03B,$0.00B,12.12%,$0.00B,$0.04B,10.46%,$0.00B,$0.04B,10.60%,$0.00B,$0.49B,0.84%,$0.01B,$0.10B,6.95%,$9,$4,$5,$0,$3,$7,$1,$0,$1,$0,$1,$1,$1,$0,$0,$4,4,$0.31,$0.31,$58,$0,$0,$415,$0,$55,$1,$10,$67,$493,$391,$60,$3,$63,$454,$3,$9,$0,$39,$493,$1,$0,$0,$0,$0,$0,$0,$0,$0,$2,$-1,$0,$0,$0,$0,$-3,$0,$-3,$0,$-16,$-0,$0,$-0,$-1,$16,$-1,$-3,$0,$0
47,2006-12-31,19.11,$0.00,0.0,$8.82,2.17,$3.66,5.22,$1.38,13.84,$0.41B,$0.39B,1.06,$0.06B,$0.04B,1.53,$0.03B,$0.02B,64.52%,$0.03B,$0.01B,25.81%,$0.03B,0,0.00%,$0.03B,0,0.00%,$0.03B,$0.01B,25.81%,$0.03B,$0.00B,12.90%,$0.00B,$0.04B,10.60%,$0.00B,$0.04B,10.67%,$0.00B,$0.49B,0.87%,$0.01B,$0.10B,7.88%,$8,$4,$5,$0,$3,$7,$2,$0,$2,$0,$1,$1,$1,$0,$0,$4,4,$0.39,$0.39,$56,$0,$0,$414,$0,$57,$1,$10,$68,$492,$390,$60,$2,$62,$453,$3,$9,$0,$39,$492,$5,$1,$0,$1,$0,$0,$0,$0,$-0,$6,$-1,$0,$7,$0,$0,$-37,$8,$-23,$0,$12,$-0,$0,$-0,$-3,$12,$21,$3,$0,$0
