,Date,Stock Price,Book Value per Share,Price to Book Ratio,TTM Sales per Share,Price to Sales Ratio,TTM FCF per Share,Price to FCF Ratio,TTM Net EPS,PE Ratio,Current Assets,Current Liabilities,Current Ratio,Long Term Debt,Shareholder's Equity_x,Debt to Equity Ratio,TTM Revenue_x,TTM Gross Profit,Gross Margin,TTM Revenue_y,TTM Operating Income,Operating Margin,TTM Revenue_x,TTM EBIT,EBIT Margin,TTM Revenue_y,TTM EBITDA,EBITDA Margin,TTM Revenue_x,TTM Pre-Tax Income,Pre-Tax Margin,TTM Revenue_y,TTM Net Income_x,Net Margin,TTM Net Income_y,Shareholder's Equity_y,Return on Equity,TTM Net Income_x,Tangible Equity,Return on Tangible Equity,TTM Net Income_y,Total Assets,Return on Assets,TTM Net Income,LT Investments & Debt,Return on Investment,revenue,cost-goods-sold,gross-profit,research-development-expenses,selling-general-administrative-expenses,operating-expenses,operating-income,total-non-operating-income-expense,pre-tax-income,total-provision-income-taxes,income-after-taxes,income-from-continuous-operations,net-income,ebitda,ebit,basic-shares-outstanding,shares-outstanding,eps-basic-net-earnings-per-share,eps-earnings-per-share-diluted,cash-on-hand,inventory,other-current-assets,total-current-assets,net-property-plant-equipment,long-term-investments,goodwill-intangible-assets-total,other-long-term-assets,total-long-term-assets,total-assets,total-current-liabilities,long-term-debt,other-non-current-liabilities,total-long-term-liabilities,total-liabilities,common-stock-net,retained-earnings-accumulated-deficit,comprehensive-income,total-share-holder-equity,total-liabilities-share-holders-equity,net-income-loss,total-depreciation-amortization-cash-flow,other-non-cash-items,total-non-cash-items,change-in-accounts-receivable,change-in-inventories,change-in-accounts-payable,change-in-assets-liabilities,total-change-in-assets-liabilities,cash-flow-from-operating-activities,net-change-in-property-plant-equipment,net-change-in-intangible-assets,net-acquisitions-divestitures,net-change-in-short-term-investments,net-change-in-long-term-investments,net-change-in-investments-total,investing-activities-other,cash-flow-from-investing-activities,net-long-term-debt,net-current-debt,debt-issuance-retirement-net-total,net-common-equity-issued-repurchased,net-total-equity-issued-repurchased,total-common-preferred-stock-dividends-paid,financial-activities-other,cash-flow-from-financial-activities,net-cash-flow,stock-based-compensation,common-stock-dividends-paid
0,2018-09-30,79.97,$42.20,1.9,$178.94,0.45,$10.09,7.93,$8.06,9.92,$15.87B,$9.63B,1.65,$18.42B,$19.03B,0.97,$85.23B,$16.79B,19.70%,$85.23B,$4.67B,5.48%,$85.23B,$4.67B,5.48%,$85.23B,$6.90B,8.09%,$85.23B,$3.90B,4.57%,$85.23B,$3.85B,4.51%,$3.85B,$19.03B,19.83%,$3.85B,$15.32B,24.39%,$3.85B,$53.03B,7.53%,$4.67B,$37.45B,13.09%,$22988,$20457,$2531,$0,$568,$21585,$1403,$-240,$1163,$222,$941,$941,$737,$1974,$1403,$451,456,$1.63,$1.62,$4992,$5339,$134,$15873,$27717,$4910,$3713,$818,$37158,$53031,$9634,$18423,$1734,$24366,$34000,$7,$14119,$-168,$19031,$53031,$2411,$1667,$170,$1837,$-709,$215,$0,$0,$-810,$3431,$-2296,$0,$-453,$-222,$16,$-206,$60,$-2895,$5334,$0,$5334,$-2588,$-2588,$-637,$-665,$1444,$1980,$0,$-637
1,2018-06-30,69.74,$41.27,1.69,$166.34,0.42,$11.54,6.04,$8.21,8.5,$15.55B,$9.72B,1.6,$17.24B,$18.82B,0.92,$81.45B,$16.85B,20.69%,$81.45B,$4.85B,5.95%,$81.45B,$4.85B,5.95%,$81.45B,$7.03B,8.64%,$81.45B,$4.15B,5.10%,$81.45B,$4.01B,4.92%,$4.01B,$18.82B,20.49%,$4.01B,$15.23B,25.08%,$4.01B,$51.74B,8.10%,$4.85B,$36.06B,14.06%,$22317,$19517,$2800,$0,$546,$20606,$1711,$-195,$1516,$281,$1235,$1235,$1055,$2261,$1711,$459,464,$2.30,$2.27,$4999,$5485,$145,$15548,$26931,$4838,$3586,$833,$36188,$51736,$9715,$17241,$1815,$23203,$32918,$7,$13589,$-233,$18818,$51736,$1470,$1096,$114,$1210,$-225,$66,$0,$0,$-390,$2249,$-1452,$0,$0,$-118,$15,$-103,$37,$-1518,$4340,$0,$4340,$-2191,$-2191,$-430,$-461,$1258,$1989,$0,$-430
2,2018-03-31,72.25,$40.39,1.79,$153.41,0.47,$11.24,6.43,$6.94,10.41,$14.53B,$8.37B,1.74,$17.23B,$18.86B,0.91,$77.31B,$16.13B,20.86%,$77.31B,$4.12B,5.33%,$77.31B,$4.12B,5.33%,$77.31B,$6.29B,8.14%,$77.31B,$3.46B,4.47%,$77.31B,$3.44B,4.45%,$3.44B,$18.86B,17.40%,$3.44B,$15.28B,21.26%,$3.44B,$50.36B,7.18%,$4.12B,$36.10B,12.30%,$18866,$17370,$1496,$0,$505,$18426,$440,$-183,$257,$22,$235,$235,$37,$986,$440,$476,480,$0.08,$0.08,$4653,$5111,$148,$14525,$26618,$4817,$3586,$818,$35839,$50364,$8372,$17232,$1777,$23129,$31501,$7,$12745,$-233,$18863,$50364,$235,$546,$0,$546,$96,$440,$0,$0,$-919,$-137,$-748,$0,$0,$-41,$0,$-41,$11,$-778,$4346,$0,$4346,$-1315,$-1315,$-219,$-255,$2557,$1642,$0,$-219
3,2017-12-31,64.75,$42.86,1.51,$144.83,0.45,$14.03,4.61,$6.92,9.36,$13.40B,$10.48B,1.28,$12.32B,$20.83B,0.59,$74.73B,$15.97B,21.37%,$74.73B,$3.97B,5.31%,$74.73B,$3.97B,5.31%,$74.73B,$6.15B,8.23%,$74.73B,$3.34B,4.47%,$74.73B,$3.43B,4.59%,$3.43B,$20.83B,17.16%,$3.43B,$17.24B,20.91%,$3.43B,$49.05B,7.34%,$3.97B,$33.15B,12.19%,$21055,$11096,$9959,$0,$8331,$19936,$1119,$-160,$959,$-1166,$2125,$2125,$2016,$1677,$1119,$507,512,$3.97,$3.94,$3011,$5550,$145,$13401,$26443,$4787,$3586,$830,$35646,$49047,$10478,$12322,$1765,$17741,$28219,$7,$12864,$-231,$20828,$49047,$3804,$2178,$-998,$1180,$-1093,$106,$0,$0,$1827,$6609,$-2653,$0,$-249,$-740,$0,$-740,$248,$-3394,$2269,$0,$2269,$-1853,$-1853,$-773,$-734,$-1091,$2124,$0,$-773
4,2017-09-30,54.68,$39.76,1.38,$136.08,0.4,$8.58,6.38,$3.26,16.77,$11.63B,$7.65B,1.52,$12.75B,$19.80B,0.64,$70.83B,$9.47B,13.38%,$70.83B,$3.40B,4.80%,$70.83B,$3.40B,4.80%,$70.83B,$5.54B,7.82%,$70.83B,$2.80B,3.96%,$70.83B,$1.64B,2.32%,$1.64B,$19.80B,8.28%,$1.64B,$16.22B,10.11%,$1.64B,$46.81B,3.60%,$3.40B,$32.56B,10.65%,$19210,$16617,$2593,$0,$527,$17633,$1577,$-158,$1419,$415,$1004,$1004,$903,$2110,$1577,$504,508,$1.79,$1.77,$2088,$5493,$150,$11631,$26036,$4769,$3586,$784,$35175,$46806,$7647,$12753,$1669,$19357,$27004,$7,$11044,$-239,$19802,$46806,$1679,$1620,$146,$1766,$-296,$163,$0,$0,$521,$3867,$-1864,$0,$-249,$-730,$60,$-670,$166,$-2617,$2191,$0,$2191,$-1122,$-1122,$-578,$-538,$-47,$1203,$0,$-578
5,2017-06-30,50.64,$38.66,1.31,$129.62,0.39,$6.41,7.9,$1.76,28.77,$10.44B,$6.76B,1.55,$12.58B,$19.56B,0.64,$68.24B,$10.56B,15.47%,$68.24B,$2.26B,3.31%,$68.24B,$2.26B,3.31%,$68.24B,$4.39B,6.43%,$68.24B,$1.68B,2.46%,$68.24B,$0.89B,1.30%,$0.89B,$19.56B,4.45%,$0.89B,$15.98B,5.44%,$0.89B,$45.45B,1.98%,$2.26B,$32.14B,7.19%,$18180,$16101,$2079,$0,$600,$17198,$982,$-158,$824,$250,$574,$574,$483,$1518,$982,$513,517,$0.94,$0.93,$1450,$5548,$186,$10443,$25786,$4823,$3586,$809,$35004,$45447,$6758,$12577,$1625,$19125,$25883,$7,$10344,$-236,$19564,$45447,$675,$1087,$7,$1094,$344,$107,$0,$0,$243,$1961,$-1228,$0,$-220,$-677,$24,$-653,$89,$-2012,$2028,$0,$2028,$-716,$-716,$-376,$-323,$613,$562,$0,$-376
6,2017-03-31,48.57,$38.14,1.27,$126.11,0.39,$7.34,6.62,$2.27,21.4,$11.04B,$6.87B,1.61,$12.57B,$19.80B,0.64,$66.87B,$12.46B,18.63%,$66.87B,$2.59B,3.88%,$66.87B,$2.59B,3.88%,$66.87B,$4.70B,7.03%,$66.87B,$2.03B,3.04%,$66.87B,$1.20B,1.80%,$1.20B,$19.80B,6.02%,$1.20B,$16.21B,7.36%,$1.20B,$45.82B,2.71%,$2.59B,$32.37B,8.33%,$16288,$14946,$1342,$0,$498,$15997,$291,$-149,$142,$41,$101,$101,$30,$842,$291,$525,530,$0.06,$0.06,$2167,$5392,$199,$11042,$25669,$4704,$3586,$820,$34779,$45821,$6866,$12570,$1700,$19158,$26024,$7,$10046,$-237,$19797,$45821,$101,$551,$44,$595,$333,$264,$0,$0,$382,$1108,$-608,$0,$-220,$-566,$20,$-546,$21,$-1353,$2034,$0,$2034,$-262,$-262,$-190,$-59,$1523,$1278,$0,$-190
7,2016-12-31,48.05,$38.26,1.26,$119.40,0.4,$5.76,8.34,$2.21,21.74,$10.40B,$7.15B,1.46,$10.54B,$20.20B,0.52,$63.34B,$14.17B,22.37%,$63.34B,$2.38B,3.75%,$63.34B,$2.38B,3.75%,$63.34B,$4.44B,7.01%,$63.34B,$1.82B,2.88%,$63.34B,$1.17B,1.85%,$1.17B,$20.20B,5.90%,$1.17B,$16.62B,7.22%,$1.17B,$44.41B,2.71%,$2.38B,$30.75B,7.73%,$17155,$13695,$3460,$0,$2382,$16602,$553,$-136,$417,$128,$289,$289,$227,$1071,$553,$528,530,$0.43,$0.43,$887,$5656,$241,$10401,$25765,$3827,$3587,$833,$34012,$44413,$7146,$10544,$1659,$17064,$24210,$7,$10206,$-234,$20203,$44413,$1213,$2062,$566,$2628,$-674,$-70,$0,$0,$241,$3995,$-2791,$0,$0,$-262,$0,$-262,$112,$-2941,$-1405,$0,$-1405,$590,$1574,$-719,$-744,$-1294,$-240,$0,$-719
8,2016-09-30,38.42,$37.80,1.02,$115.83,0.33,$7.35,5.22,$2.13,18.04,$9.55B,$6.34B,1.51,$10.54B,$19.96B,0.53,$61.79B,$14.31B,23.16%,$61.79B,$2.16B,3.50%,$61.79B,$2.16B,3.50%,$61.79B,$4.13B,6.68%,$61.79B,$1.64B,2.65%,$61.79B,$1.13B,1.84%,$1.13B,$19.96B,5.74%,$1.13B,$16.31B,7.08%,$1.13B,$43.29B,2.63%,$2.16B,$30.50B,6.98%,$16618,$12944,$3674,$0,$2446,$16183,$435,$-141,$294,$75,$219,$219,$145,$960,$435,$527,530,$0.28,$0.27,$709,$5524,$176,$9545,$25697,$3554,$3648,$849,$33748,$43293,$6340,$10538,$1776,$16996,$23336,$7,$10169,$-327,$19957,$43293,$924,$1544,$489,$2033,$-209,$71,$0,$0,$99,$3002,$-2059,$0,$0,$-240,$20,$-220,$62,$-2217,$-1398,$0,$-1398,$330,$1314,$-529,$-590,$-1203,$-418,$0,$-529
9,2016-06-30,35.62,$37.76,0.94,$119.26,0.3,$9.27,3.84,$3.62,9.84,$10.30B,$6.78B,1.52,$11.03B,$19.94B,0.55,$63.89B,$15.19B,23.77%,$63.89B,$3.28B,5.13%,$63.89B,$3.28B,5.13%,$63.89B,$5.08B,7.95%,$63.89B,$2.83B,4.42%,$63.89B,$1.94B,3.03%,$1.94B,$19.94B,10.76%,$1.94B,$16.29B,13.10%,$1.94B,$44.13B,4.87%,$3.28B,$30.97B,11.68%,$16811,$12830,$3981,$0,$2405,$15496,$1315,$-137,$1178,$395,$783,$783,$801,$1829,$1315,$528,531,$1.51,$1.51,$1754,$5209,$142,$10304,$25512,$3793,$3648,$876,$33829,$44133,$6782,$11032,$1871,$17416,$24198,$7,$10215,$-321,$19935,$44133,$705,$1019,$144,$1163,$-276,$386,$0,$0,$742,$2597,$-1352,$0,$0,$-171,$1,$-170,$26,$-1496,$-892,$0,$-892,$191,$1175,$-339,$-418,$-474,$627,$0,$-339
10,2016-03-31,34.58,$36.78,0.94,$125.36,0.28,$9.56,3.62,$3.62,9.55,$8.10B,$5.60B,1.45,$11.35B,$19.49B,0.58,$67.62B,$15.38B,22.74%,$67.62B,$3.30B,4.88%,$67.62B,$3.30B,4.88%,$67.62B,$4.96B,7.33%,$67.62B,$2.92B,4.32%,$67.62B,$1.96B,2.90%,$1.96B,$19.49B,12.19%,$1.96B,$15.85B,14.65%,$1.96B,$41.76B,5.39%,$3.30B,$30.85B,13.26%,$12755,$9701,$3054,$0,$2313,$12680,$75,$-142,$-67,$11,$-78,$-78,$1,$580,$75,$529,531,$0.00,$0.00,$308,$4983,$204,$8097,$25319,$3807,$3649,$886,$33661,$41758,$5595,$11351,$1962,$16669,$22264,$7,$9584,$-318,$19494,$41758,$-78,$505,$157,$662,$325,$226,$0,$0,$-259,$330,$-668,$0,$0,$-66,$0,$-66,$7,$-727,$-559,$188,$-371,$241,$241,$-169,$-123,$-422,$-819,$0,$-169
11,2015-12-31,47.73,$37.40,1.28,$132.65,0.36,$11.68,4.09,$5.24,9.11,$9.47B,$6.35B,1.49,$11.90B,$19.68B,0.61,$72.05B,$16.47B,22.86%,$72.05B,$4.69B,6.51%,$72.05B,$4.69B,6.51%,$72.05B,$6.21B,8.62%,$72.05B,$4.37B,6.07%,$72.05B,$2.85B,3.96%,$2.85B,$19.68B,20.06%,$2.85B,$15.66B,23.69%,$2.85B,$43.12B,8.51%,$4.69B,$31.57B,21.68%,$15607,$12008,$3599,$0,$2461,$15269,$338,$-103,$235,$67,$168,$168,$187,$758,$338,$538,542,$0.37,$0.37,$1127,$5225,$192,$9471,$25164,$3622,$4019,$839,$33644,$43115,$6345,$11896,$1914,$17095,$23440,$7,$9752,$-318,$19675,$43115,$2868,$1518,$750,$2268,$1292,$80,$0,$0,$-1028,$4073,$-1977,$0,$-1218,$-327,$0,$-327,$81,$-3441,$767,$0,$767,$-932,$-932,$-613,$-221,$-999,$-367,$0,$-613
12,2015-09-30,42.4,$24.20,1.75,$142.62,0.3,$10.70,3.96,$6.32,6.71,$10.86B,$7.69B,1.41,$5.91B,$12.93B,0.46,$78.69B,$16.92B,21.50%,$78.69B,$5.61B,7.13%,$78.69B,$5.61B,7.13%,$78.69B,$7.10B,9.02%,$78.69B,$5.33B,6.77%,$78.69B,$3.46B,4.40%,$3.46B,$12.93B,28.52%,$3.46B,$11.36B,32.74%,$3.46B,$30.16B,11.41%,$5.61B,$18.84B,30.77%,$18716,$14165,$4551,$0,$2475,$17167,$1549,$-70,$1479,$521,$958,$958,$948,$1915,$1549,$535,538,$1.77,$1.76,$2044,$5556,$137,$10861,$16294,$1073,$1565,$368,$19300,$30161,$7686,$5912,$1696,$9550,$17236,$7,$9736,$-312,$12925,$30161,$2700,$1098,$200,$1298,$931,$86,$0,$0,$-690,$3253,$-1263,$0,$0,$-221,$4,$-217,$52,$-1428,$95,$0,$95,$-744,$-744,$-443,$-183,$-1275,$550,$0,$-443
13,2015-06-30,47.61,$22.89,2.08,$152.53,0.31,$10.14,4.69,$5.74,8.29,$11.43B,$8.73B,1.31,$5.92B,$12.29B,0.48,$85.42B,$15.87B,18.58%,$85.42B,$5.13B,6.00%,$85.42B,$5.13B,6.00%,$85.42B,$6.57B,7.69%,$85.42B,$4.86B,5.69%,$85.42B,$3.19B,3.73%,$3.19B,$12.29B,27.17%,$3.19B,$10.72B,31.34%,$3.19B,$30.65B,10.37%,$5.13B,$18.21B,28.63%,$20537,$16366,$4171,$0,$2436,$19202,$1335,$-64,$1271,$432,$839,$839,$826,$1704,$1335,$541,544,$1.52,$1.51,$1881,$5540,$134,$11431,$16283,$994,$1566,$379,$19222,$30653,$8725,$5918,$1709,$9638,$18363,$7,$8959,$-309,$12290,$30653,$1742,$732,$73,$805,$179,$102,$0,$0,$-310,$2184,$-752,$0,$0,$-149,$4,$-145,$41,$-856,$101,$0,$101,$-591,$-591,$-272,$-179,$-941,$387,$0,$-272
14,2015-03-31,46.37,$22.02,2.11,$161.23,0.29,$9.40,4.93,$5.71,8.13,$11.05B,$8.35B,1.32,$5.97B,$11.98B,0.5,$91.72B,$15.45B,16.84%,$91.72B,$5.16B,5.63%,$91.72B,$5.16B,5.63%,$91.72B,$6.56B,7.15%,$91.72B,$4.91B,5.35%,$91.72B,$3.22B,3.51%,$3.22B,$11.98B,28.17%,$3.22B,$10.41B,32.11%,$3.22B,$30.18B,10.57%,$5.16B,$17.95B,30.32%,$17191,$13044,$4147,$0,$2287,$15721,$1470,$-81,$1389,$486,$903,$903,$891,$1833,$1470,$545,549,$1.63,$1.62,$2078,$5437,$174,$11053,$16241,$902,$1566,$420,$19129,$30182,$8346,$5967,$1870,$9856,$18202,$4,$8269,$-313,$11980,$30182,$903,$363,$9,$372,$691,$205,$0,$0,$-43,$1190,$-378,$0,$0,$-42,$1,$-41,$31,$-388,$107,$0,$107,$-188,$-188,$-136,$-1,$-218,$584,$0,$-136
15,2014-12-31,40.68,$20.82,1.95,$169.38,0.24,$8.77,4.64,$4.42,9.2,$11.34B,$8.58B,1.32,$6.58B,$11.39B,0.58,$97.82B,$14.05B,14.36%,$97.82B,$4.05B,4.14%,$97.82B,$4.05B,4.14%,$97.82B,$5.40B,5.52%,$97.82B,$3.84B,3.92%,$97.82B,$2.52B,2.58%,$2.52B,$11.39B,22.71%,$2.52B,$9.82B,25.58%,$2.52B,$30.43B,8.37%,$4.05B,$17.97B,25.12%,$22250,$18199,$4051,$0,$2422,$20991,$1259,$-72,$1187,$382,$805,$805,$799,$1645,$1259,$570,574,$1.40,$1.40,$1494,$5642,$145,$11339,$16261,$865,$1566,$394,$19086,$30425,$8579,$6575,$1867,$10456,$19035,$7,$7515,$-313,$11390,$30425,$2555,$1353,$-98,$1255,$1642,$-786,$0,$0,$-691,$3110,$-1453,$0,$-2821,$-404,$0,$-404,$135,$-4543,$3245,$0,$3245,$-1884,$-1884,$-524,$-202,$635,$-798,$0,$-524
16,2014-09-30,37.95,$20.05,1.89,$169.89,0.22,$9.38,4.05,$4.03,9.43,$12.89B,$10.37B,1.24,$6.24B,$11.27B,0.55,$100.46B,$13.40B,13.34%,$100.46B,$3.80B,3.78%,$100.46B,$3.80B,3.78%,$100.46B,$5.10B,5.08%,$100.46B,$3.62B,3.60%,$100.46B,$2.35B,2.34%,$2.35B,$11.27B,21.15%,$2.35B,$9.73B,23.44%,$2.35B,$31.71B,7.91%,$3.80B,$17.50B,24.82%,$25438,$21935,$3503,$0,$2050,$24376,$1062,$-50,$1012,$333,$679,$679,$672,$1384,$1062,$565,569,$1.19,$1.18,$1854,$5608,$154,$12887,$15999,$862,$1537,$420,$18818,$31705,$10372,$6238,$1664,$10067,$20439,$4,$6856,$-228,$11266,$31705,$1750,$967,$-91,$876,$424,$-731,$0,$0,$11,$2722,$-933,$0,$-2831,$-341,$3,$-338,$78,$-4024,$2871,$0,$2871,$-1428,$-1428,$-386,$-193,$864,$-438,$0,$-386
17,2014-06-30,34.8,$19.36,1.8,$167.39,0.21,$8.37,4.16,$3.12,11.17,$13.60B,$11.06B,1.23,$3.61B,$11.04B,0.33,$101.28B,$12.60B,12.44%,$101.28B,$3.04B,3.00%,$101.28B,$3.04B,3.00%,$101.28B,$4.32B,4.26%,$101.28B,$2.86B,2.82%,$101.28B,$1.84B,1.82%,$1.84B,$11.04B,16.61%,$1.84B,$10.10B,18.14%,$1.84B,$29.38B,6.36%,$3.04B,$14.65B,20.82%,$26844,$23096,$3748,$0,$2013,$25475,$1369,$-48,$1321,$457,$864,$864,$854,$1694,$1369,$574,578,$1.49,$1.48,$2125,$5621,$125,$13596,$13850,$690,$937,$303,$15780,$29376,$11055,$3612,$1502,$7284,$18339,$4,$6325,$-218,$11037,$29376,$1071,$645,$-40,$605,$-161,$-923,$0,$0,$-90,$1644,$-552,$0,$-42,$-164,$3,$-161,$74,$-681,$244,$0,$244,$-1131,$-1131,$-245,$2,$-1130,$-167,$0,$-245
18,2014-03-31,38.62,$18.55,2.08,$160.57,0.24,$8.37,4.61,$2.56,15.11,$13.45B,$10.85B,1.24,$3.64B,$10.76B,0.34,$100.12B,$12.21B,12.19%,$100.12B,$2.63B,2.63%,$100.12B,$2.63B,2.63%,$100.12B,$3.88B,3.88%,$100.12B,$2.45B,2.45%,$100.12B,$1.58B,1.58%,$1.58B,$10.76B,13.89%,$1.58B,$9.82B,15.14%,$1.58B,$29.16B,5.44%,$2.63B,$14.39B,17.73%,$23285,$20540,$2745,$0,$1965,$22924,$361,$-46,$315,$108,$207,$207,$199,$681,$361,$586,590,$0.34,$0.34,$2166,$5689,$173,$13448,$13854,$602,$938,$317,$15711,$29159,$10846,$3635,$1630,$7555,$18401,$4,$5591,$-205,$10758,$29159,$207,$320,$48,$368,$139,$-1000,$0,$0,$150,$766,$-265,$0,$0,$-123,$0,$-123,$28,$-360,$264,$0,$264,$-676,$-676,$-123,$3,$-532,$-126,$0,$-123
19,2013-12-31,40.51,$19.08,2.12,$156.14,0.26,$10.36,3.91,$3.31,12.26,$12.74B,$9.82B,1.3,$3.37B,$11.33B,0.3,$100.16B,$12.76B,12.74%,$100.16B,$3.43B,3.42%,$100.16B,$3.43B,3.42%,$100.16B,$4.65B,4.64%,$100.16B,$3.25B,3.24%,$100.16B,$2.11B,2.10%,$2.11B,$11.33B,17.86%,$2.11B,$10.39B,19.40%,$2.11B,$28.39B,7.15%,$3.43B,$14.71B,22.56%,$24897,$21494,$3403,$0,$1995,$23889,$1008,$-39,$969,$338,$631,$631,$622,$1340,$1008,$630,634,$1.06,$1.05,$2292,$4689,$197,$12737,$13921,$463,$938,$326,$15648,$28385,$9824,$3373,$1552,$7229,$17053,$4,$5507,$-204,$11332,$28385,$2133,$1220,$-146,$1074,$-940,$-305,$0,$0,$219,$3405,$-1190,$0,$-1515,$-74,$0,$-74,$23,$-2756,$-21,$0,$-21,$-2745,$-2745,$-484,$33,$-3217,$-2568,$0,$-484
20,2013-09-30,28.25,$18.59,1.52,$147.11,0.19,$11.51,2.45,$3.39,8.33,$13.53B,$10.40B,1.3,$3.38B,$11.26B,0.3,$95.95B,$12.70B,13.23%,$95.95B,$3.61B,3.76%,$95.95B,$3.61B,3.76%,$95.95B,$4.78B,4.98%,$95.95B,$3.42B,3.57%,$95.95B,$2.24B,2.33%,$2.24B,$11.26B,18.63%,$2.24B,$10.33B,20.21%,$2.24B,$29.00B,7.66%,$3.61B,$14.64B,23.46%,$26256,$23553,$2703,$0,$2018,$25955,$301,$-47,$254,$81,$173,$173,$168,$600,$301,$618,622,$0.27,$0.27,$2018,$5714,$206,$13531,$13795,$417,$938,$322,$15472,$29003,$10401,$3380,$1730,$7338,$17739,$4,$5007,$-205,$11264,$29003,$1502,$888,$-36,$852,$-974,$-1330,$0,$0,$-276,$2050,$-721,$0,$-1515,$-37,$0,$-37,$22,$-2251,$-16,$0,$-16,$-2304,$-2304,$-358,$37,$-2641,$-2842,$0,$-358
21,2013-06-30,30.84,$19.24,1.6,$135.85,0.23,$11.63,2.65,$4.92,6.27,$14.25B,$10.24B,1.39,$3.39B,$12.20B,0.28,$90.74B,$13.84B,15.25%,$90.74B,$5.20B,5.73%,$90.74B,$5.20B,5.73%,$90.74B,$6.32B,6.96%,$90.74B,$5.04B,5.55%,$90.74B,$3.29B,3.63%,$3.29B,$12.20B,27.32%,$3.29B,$11.26B,29.61%,$3.29B,$29.70B,11.52%,$5.20B,$15.58B,33.75%,$25677,$22320,$3357,$0,$2042,$24717,$960,$-45,$915,$316,$599,$599,$593,$1262,$960,$644,648,$0.92,$0.92,$3069,$4830,$190,$14252,$13799,$328,$938,$378,$15443,$29695,$10241,$3387,$1683,$7257,$17498,$4,$4969,$-254,$12197,$29695,$1329,$589,$-64,$525,$-1539,$-455,$0,$0,$-205,$1643,$-415,$0,$-1515,$-38,$28,$-10,$22,$-1918,$-10,$0,$-10,$-1279,$-1279,$-229,$2,$-1516,$-1791,$0,$-229
22,2013-03-31,38.71,$18.98,2.04,$125.91,0.31,$9.71,3.98,$5.19,7.46,$15.30B,$10.73B,1.43,$3.39B,$12.41B,0.27,$85.31B,$13.93B,16.33%,$85.31B,$5.55B,6.50%,$85.31B,$5.55B,6.50%,$85.31B,$6.60B,7.74%,$85.31B,$5.41B,6.34%,$85.31B,$3.51B,4.12%,$3.51B,$12.41B,30.33%,$3.51B,$11.48B,32.98%,$3.51B,$30.77B,12.86%,$5.55B,$15.81B,37.17%,$23330,$20034,$3296,$0,$1796,$22174,$1156,$-48,$1108,$378,$730,$730,$725,$1443,$1156,$662,666,$1.10,$1.09,$4737,$4879,$172,$15297,$13850,$327,$930,$369,$15476,$30773,$10728,$3394,$2145,$7633,$18361,$4,$4489,$-382,$12412,$30773,$730,$287,$-20,$267,$-884,$-517,$0,$0,$1090,$2079,$-192,$0,$-1493,$-21,$11,$-10,$13,$-1682,$-5,$0,$-5,$-403,$-403,$-116,$4,$-520,$-123,$0,$-116
23,2012-12-31,27.1,$18.18,1.49,$119.83,0.23,$6.94,3.91,$4.96,5.47,$13.03B,$8.20B,1.59,$3.34B,$12.11B,0.28,$82.24B,$13.58B,16.51%,$82.24B,$5.35B,6.50%,$82.24B,$5.35B,6.50%,$82.24B,$6.34B,7.71%,$82.24B,$5.24B,6.37%,$82.24B,$3.38B,4.11%,$3.38B,$12.11B,31.39%,$3.38B,$11.18B,34.27%,$3.38B,$27.22B,13.04%,$5.35B,$15.45B,37.92%,$20686,$17345,$3341,$0,$1818,$19497,$1189,$-45,$1144,$385,$759,$759,$749,$1472,$1189,$680,684,$1.12,$1.11,$4860,$3449,$110,$13029,$12643,$321,$930,$300,$14194,$27223,$8203,$3342,$1523,$6915,$15118,$4,$3880,$-464,$12105,$27223,$3393,$995,$538,$1533,$851,$-115,$0,$0,$-487,$4492,$-1316,$0,$-190,$51,$0,$51,$3,$-1452,$-17,$0,$-17,$-835,$-835,$-407,$0,$-1259,$1781,$0,$-407
24,2012-09-30,23.34,$16.91,1.38,$116.79,0.2,$5.47,4.27,$3.73,6.26,$12.52B,$8.31B,1.51,$3.33B,$11.47B,0.29,$80.98B,$11.97B,14.78%,$80.98B,$4.00B,4.94%,$80.98B,$4.00B,4.94%,$80.98B,$4.94B,6.10%,$80.98B,$3.91B,4.83%,$80.98B,$2.56B,3.16%,$2.56B,$11.47B,25.25%,$2.56B,$10.54B,27.66%,$2.56B,$26.58B,10.00%,$4.00B,$14.80B,29.76%,$21049,$17202,$3847,$0,$1822,$19154,$1895,$-25,$1870,$646,$1224,$1224,$1224,$2141,$1895,$676,680,$1.81,$1.80,$3387,$3889,$139,$12516,$12532,$300,$930,$305,$14067,$26583,$8308,$3329,$1525,$6808,$15116,$4,$3241,$-489,$11467,$26583,$2634,$712,$387,$1099,$360,$-555,$0,$0,$-1355,$2449,$-914,$0,$-190,$-26,$94,$68,$3,$-1033,$-12,$0,$-12,$-796,$-796,$-291,$-9,$-1108,$308,$0,$-291
25,2012-06-30,19.07,$15.19,1.26,$114.70,0.17,$5.97,3.19,$3.52,5.42,$10.71B,$7.57B,1.42,$3.32B,$10.33B,0.32,$80.54B,$11.84B,14.70%,$80.54B,$3.86B,4.80%,$80.54B,$3.86B,4.80%,$80.54B,$4.79B,5.94%,$80.54B,$3.79B,4.70%,$80.54B,$2.46B,3.06%,$2.46B,$10.33B,25.21%,$2.46B,$9.40B,27.65%,$2.46B,$24.68B,9.76%,$3.86B,$13.64B,29.56%,$20243,$16800,$3443,$0,$1857,$18936,$1307,$-17,$1290,$476,$814,$814,$814,$1543,$1307,$680,682,$1.20,$1.19,$1895,$4030,$73,$10706,$12414,$302,$925,$334,$13975,$24681,$7568,$3316,$1648,$6787,$14355,$4,$2136,$-497,$10326,$24681,$1410,$466,$622,$1088,$753,$-697,$0,$0,$-1966,$616,$-629,$0,$-163,$-8,$0,$-8,$2,$-798,$-6,$0,$-6,$-818,$-818,$-172,$-6,$-1002,$-1184,$0,$-172
26,2012-03-31,18.28,$13.55,1.35,$114.02,0.16,$6.78,2.69,$3.45,5.31,$11.58B,$9.20B,1.26,$3.30B,$9.22B,0.36,$81.06B,$12.50B,15.42%,$81.06B,$3.88B,4.79%,$81.06B,$3.88B,4.79%,$81.06B,$4.79B,5.91%,$81.06B,$3.83B,4.73%,$81.06B,$2.45B,3.02%,$2.45B,$9.22B,25.98%,$2.45B,$8.37B,28.53%,$2.45B,$25.31B,9.78%,$3.88B,$12.52B,30.51%,$20265,$17321,$2944,$0,$1705,$19309,$956,$-22,$934,$338,$596,$596,$596,$1186,$956,$696,700,$0.86,$0.85,$2205,$3352,$156,$11580,$12246,$302,$842,$336,$13726,$25306,$9201,$3304,$2076,$6889,$16090,$4,$1407,$-862,$9216,$25306,$596,$230,$257,$487,$-406,$-32,$0,$0,$-770,$347,$-307,$0,$0,$-7,$0,$-7,$3,$-311,$-3,$0,$-3,$-823,$-823,$-87,$3,$-910,$-874,$0,$-87
