,Date,Stock Price,Book Value per Share,Price to Book Ratio,TTM Sales per Share,Price to Sales Ratio,TTM FCF per Share,Price to FCF Ratio,TTM Net EPS,PE Ratio,Current Assets,Current Liabilities,Current Ratio,Long Term Debt,Shareholder's Equity_x,Debt to Equity Ratio,TTM Revenue_x,TTM Gross Profit,Gross Margin,TTM Revenue_y,TTM Operating Income,Operating Margin,TTM Revenue_x,TTM EBIT,EBIT Margin,TTM Revenue_y,TTM EBITDA,EBITDA Margin,TTM Revenue_x,TTM Pre-Tax Income,Pre-Tax Margin,TTM Revenue_y,TTM Net Income_x,Net Margin,TTM Net Income_y,Shareholder's Equity_y,Return on Equity,TTM Net Income_x,Tangible Equity,Return on Tangible Equity,TTM Net Income_y,Total Assets,Return on Assets,TTM Net Income,LT Investments & Debt,Return on Investment,revenue,cost-goods-sold,gross-profit,research-development-expenses,selling-general-administrative-expenses,operating-expenses,operating-income,total-non-operating-income-expense,pre-tax-income,total-provision-income-taxes,income-after-taxes,income-from-continuous-operations,net-income,ebitda,ebit,basic-shares-outstanding,shares-outstanding,eps-basic-net-earnings-per-share,eps-earnings-per-share-diluted,cash-on-hand,inventory,other-current-assets,total-current-assets,net-property-plant-equipment,long-term-investments,goodwill-intangible-assets-total,other-long-term-assets,total-long-term-assets,total-assets,total-current-liabilities,long-term-debt,other-non-current-liabilities,total-long-term-liabilities,total-liabilities,common-stock-net,retained-earnings-accumulated-deficit,comprehensive-income,total-share-holder-equity,total-liabilities-share-holders-equity,net-income-loss,total-depreciation-amortization-cash-flow,other-non-cash-items,total-non-cash-items,change-in-accounts-receivable,change-in-inventories,change-in-accounts-payable,change-in-assets-liabilities,total-change-in-assets-liabilities,cash-flow-from-operating-activities,net-change-in-property-plant-equipment,net-change-in-intangible-assets,net-acquisitions-divestitures,net-change-in-short-term-investments,net-change-in-long-term-investments,net-change-in-investments-total,investing-activities-other,cash-flow-from-investing-activities,net-long-term-debt,net-current-debt,debt-issuance-retirement-net-total,net-common-equity-issued-repurchased,net-total-equity-issued-repurchased,total-common-preferred-stock-dividends-paid,financial-activities-other,cash-flow-from-financial-activities,net-cash-flow,stock-based-compensation,common-stock-dividends-paid
0,2018-09-30,2.1,$1.80,1.17,$1.34,1.56,$-0.18,0.0,$-0.10,0.0,$0.11B,$0.04B,2.74,$0.30B,$0.38B,0.79,$0.25B,$0.13B,52.85%,$0.25B,$0.05B,19.51%,$0.25B,$0.05B,19.51%,$0.25B,$0.11B,45.12%,$0.25B,$-0.00B,-1.63%,$0.25B,$-0.01B,-2.03%,$-0.01B,$0.38B,-1.57%,$-0.01B,$0.38B,-1.57%,$-0.01B,$0.74B,-0.72%,$0.05B,$0.68B,7.59%,$57,$24,$33,$2,$2,$42,$15,$-1,$14,$1,$13,$13,$13,$29,$15,$210,210,$0.06,$0.06,$21,$87,$0,$111,$627,$4,$0,$0,$631,$742,$41,$300,$23,$323,$364,$482,$-110,$1,$378,$742,$9,$46,$31,$77,$1,$-21,$0,$2,$-14,$72,$-47,$0,$0,$0,$0,$0,$-3,$-50,$-15,$0,$-15,$0,$0,$-6,$-13,$-34,$-12,$1,$-6
1,2018-06-30,2.45,$1.79,1.37,$1.39,1.76,$-0.51,0.0,$0.04,61.25,$0.11B,$0.03B,3.27,$0.32B,$0.38B,0.86,$0.24B,$0.13B,53.53%,$0.24B,$0.05B,20.33%,$0.24B,$0.05B,20.33%,$0.24B,$0.11B,46.47%,$0.24B,$0.00B,1.66%,$0.24B,$0.00B,1.66%,$0.00B,$0.38B,1.36%,$0.00B,$0.38B,1.36%,$0.00B,$0.76B,0.59%,$0.05B,$0.70B,8.25%,$77,$40,$37,$3,$3,$68,$9,$-13,$-5,$0,$-5,$-5,$-5,$31,$9,$203,203,$-0.02,$-0.02,$26,$76,$0,$112,$642,$1,$0,$0,$643,$755,$34,$323,$23,$346,$380,$488,$-118,$1,$375,$755,$-5,$33,$29,$62,$-0,$-10,$0,$-4,$-10,$47,$-39,$0,$0,$0,$0,$0,$-3,$-42,$0,$0,$0,$0,$0,$0,$-12,$-12,$-7,$1,$0
2,2018-03-31,2.45,$1.66,1.47,$1.14,2.14,$-0.89,0.0,$0.10,24.5,$0.13B,$0.04B,3.26,$0.32B,$0.27B,1.21,$0.19B,$0.11B,56.76%,$0.19B,$0.05B,24.86%,$0.19B,$0.05B,24.86%,$0.19B,$0.09B,48.65%,$0.19B,$0.02B,8.11%,$0.19B,$0.02B,8.11%,$0.02B,$0.27B,5.75%,$0.02B,$0.27B,5.75%,$0.02B,$0.65B,2.30%,$0.05B,$0.59B,8.44%,$53,$23,$30,$1,$3,$37,$16,$-15,$0,$0,$0,$0,$0,$26,$16,$160,161,$0.00,$0.00,$23,$99,$0,$130,$514,$8,$0,$0,$522,$652,$40,$323,$23,$346,$386,$376,$-116,$1,$266,$652,$0,$10,$16,$27,$-0,$-26,$0,$-2,$-25,$1,$-7,$0,$0,$-6,$0,$-6,$0,$-13,$0,$0,$0,$0,$0,$0,$-0,$-0,$-11,$0,$0
3,2017-12-31,2.75,$1.61,1.71,$0.82,3.37,$-1.11,0.0,$0.09,30.56,$0.10B,$0.03B,3.8,$0.31B,$0.26B,1.19,$0.13B,$0.08B,56.82%,$0.13B,$0.03B,20.45%,$0.13B,$0.03B,20.45%,$0.13B,$0.06B,46.21%,$0.13B,$0.01B,9.85%,$0.13B,$0.01B,9.85%,$0.01B,$0.26B,5.12%,$0.01B,$0.26B,5.12%,$0.01B,$0.61B,1.99%,$0.03B,$0.56B,5.07%,$59,$29,$30,$0,$6,$50,$8,$-21,$-13,$0,$-13,$-13,$-13,$25,$8,$160,161,$-0.08,$-0.08,$33,$63,$0,$101,$511,$1,$0,$0,$512,$613,$27,$306,$23,$328,$355,$367,$-113,$0,$258,$613,$13,$34,$16,$50,$-0,$-41,$0,$-2,$-31,$33,$-82,$0,$0,$0,$0,$0,$113,$32,$-2,$0,$-2,$0,$0,$0,$-36,$-38,$28,$1,$0
4,2017-09-30,3.2,$1.74,1.83,$0.45,7.06,$-1.81,0.0,$0.13,24.62,$0.08B,$0.16B,0.52,$0.25B,$0.28B,0.88,$0.07B,$0.05B,61.64%,$0.07B,$0.02B,23.29%,$0.07B,$0.02B,23.29%,$0.07B,$0.03B,46.58%,$0.07B,$0.02B,27.40%,$0.07B,$0.02B,27.40%,$0.02B,$0.28B,8.05%,$0.02B,$0.28B,8.05%,$0.02B,$0.71B,3.08%,$0.02B,$0.53B,3.24%,$52,$20,$32,$0,$3,$36,$16,$6,$22,$0,$22,$22,$22,$30,$16,$160,160,$0.14,$0.14,$12,$70,$0,$84,$534,$0,$0,$89,$622,$706,$162,$245,$20,$265,$426,$379,$-104,$0,$280,$706,$26,$17,$-5,$12,$0,$-46,$0,$1,$-33,$5,$-39,$0,$0,$0,$0,$0,$28,$-10,$26,$0,$26,$1,$1,$0,$-16,$11,$6,$1,$0
5,2017-06-30,3.0,$1.50,2.01,$0.13,23.37,$-2.39,0.0,$-0.03,0.0,$0.07B,$0.08B,0.9,$0.26B,$0.24B,1.1,$0.02B,$0.01B,61.90%,$0.02B,0,0.00%,$0.02B,0,0.00%,$0.02B,$0.00B,14.29%,$0.02B,$-0.01B,-28.57%,$0.02B,$-0.01B,-28.57%,$-0.01B,$0.24B,-2.50%,$-0.01B,$0.24B,-2.50%,$-0.01B,$0.64B,-0.97%,$0.00B,$0.50B,0.00%,$21,$8,$13,$0,$2,$15,$6,$-0,$6,$0,$6,$6,$6,$9,$6,$160,160,$0.04,$0.04,$9,$62,$0,$73,$498,$0,$0,$67,$565,$638,$80,$264,$54,$318,$398,$353,$-118,$0,$240,$638,$4,$4,$-0,$4,$1,$-41,$0,$0,$-40,$-32,$-23,$0,$0,$0,$0,$0,$42,$19,$24,$0,$24,$0,$0,$0,$-8,$16,$4,$1,$0
6,2017-03-31,3.55,$1.48,2.39,0,0.0,$-2.63,0.0,$-0.07,0.0,$0.06B,$0.07B,0.89,$0.30B,$0.24B,1.26,$0.00B,0,nan%,$0.00B,$-0.01B,inf%,$0.00B,$-0.01B,inf%,$0.00B,$-0.01B,inf%,$0.00B,$-0.01B,inf%,$0.00B,$-0.01B,inf%,$-0.01B,$0.24B,-4.92%,$-0.01B,$0.24B,-4.92%,$-0.01B,$0.66B,-2.00%,$-0.01B,$0.54B,-1.32%,$0,$0,$0,$0,$2,$3,$-3,$1,$-2,$0,$-2,$-2,$-2,$-3,$-3,$160,160,$-0.01,$-0.01,$14,$39,$0,$62,$540,$0,$0,$59,$599,$660,$69,$300,$54,$354,$423,$359,$-125,$0,$237,$660,$-2,$0,$-1,$-1,$0,$-30,$0,$0,$-18,$-21,$-19,$0,$0,$0,$0,$0,$25,$6,$24,$0,$24,$0,$0,$0,$-1,$23,$9,$0,$0
7,2016-12-31,5.05,$1.49,3.4,0,0.0,$-2.66,0.0,$0.03,168.33,$0.02B,$0.04B,0.42,$0.30B,$0.24B,1.25,$0.00B,0,nan%,$0.00B,$-0.01B,inf%,$0.00B,$-0.01B,inf%,$0.00B,$-0.01B,inf%,$0.00B,$0.00B,inf%,$0.00B,$0.00B,inf%,$0.00B,$0.24B,1.64%,$0.00B,$0.24B,1.64%,$0.00B,$0.59B,0.71%,$-0.01B,$0.53B,-0.98%,$0,$0,$0,$-0,$0,$2,$-2,$-4,$-6,$0,$-6,$-6,$-6,$-2,$-2,$160,160,$-0.04,$-0.04,$5,$9,$0,$17,$511,$0,$0,$63,$575,$592,$40,$297,$18,$315,$354,$357,$-124,$0,$237,$592,$4,$0,$-8,$-8,$-0,$-9,$0,$-0,$-9,$-14,$-147,$0,$0,$0,$0,$0,$-8,$-155,$169,$0,$169,$0,$0,$0,$-2,$167,$-2,$0,$0
8,2016-09-30,5.24,$1.55,3.39,0,0.0,$-2.84,0.0,$0.02,262.0,$0.04B,$0.02B,2.16,$0.29B,$0.25B,1.18,$0.00B,0,nan%,$0.00B,$-0.01B,inf%,$0.00B,$-0.01B,inf%,$0.00B,$-0.01B,inf%,$0.00B,$0.00B,inf%,$0.00B,$0.00B,inf%,$0.00B,$0.25B,0.81%,$0.00B,$0.25B,0.81%,$0.00B,$0.58B,0.38%,$-0.01B,$0.54B,-1.05%,$0,$0,$0,$0,$0,$1,$-1,$-3,$-4,$0,$-4,$-4,$-4,$-1,$-1,$160,160,$-0.02,$-0.02,$24,$12,$0,$37,$479,$0,$0,$59,$541,$577,$17,$291,$22,$313,$330,$363,$-119,$0,$247,$577,$10,$0,$-13,$-13,$-0,$-12,$0,$-0,$-13,$-15,$-110,$0,$0,$0,$0,$0,$1,$-109,$143,$0,$143,$0,$0,$0,$-2,$142,$17,$0,$0
9,2016-06-30,4.6,$1.59,2.89,0,0.0,$-2.92,0.0,$-0.09,0.0,$0.03B,$0.03B,0.99,$0.26B,$0.25B,1.04,$0.00B,0,nan%,$0.00B,$-0.01B,inf%,$0.00B,$-0.01B,inf%,$0.00B,$-0.01B,inf%,$0.00B,$-0.01B,inf%,$0.00B,$-0.01B,inf%,$-0.01B,$0.25B,-5.73%,$-0.01B,$0.25B,-5.73%,$-0.01B,$0.57B,-2.86%,$-0.01B,$0.52B,-1.16%,$0,$0,$0,$0,$0,$1,$-1,$1,$-0,$0,$-0,$-0,$-0,$-1,$-1,$160,160,$0.00,$0.00,$15,$10,$0,$26,$456,$0,$0,$81,$542,$569,$27,$264,$24,$288,$315,$367,$-116,$0,$254,$569,$14,$0,$-16,$-16,$0,$-10,$0,$-0,$-10,$-12,$-82,$0,$0,$0,$0,$0,$-16,$-98,$119,$0,$119,$0,$0,$0,$-1,$118,$8,$0,$0
10,2016-03-31,3.75,$1.50,2.51,0,0.0,$-3.06,0.0,$-0.12,0.0,$0.01B,$0.04B,0.23,$0.21B,$0.24B,0.86,$0.00B,0,nan%,$0.00B,$-0.01B,inf%,$0.00B,$-0.01B,inf%,$0.00B,$-0.01B,inf%,$0.00B,$-0.02B,inf%,$0.00B,$-0.02B,inf%,$-0.02B,$0.24B,-7.57%,$-0.02B,$0.24B,-7.57%,$-0.02B,$0.51B,-4.22%,$-0.01B,$0.45B,-1.51%,$0,$0,$0,$0,$0,$1,$-1,$15,$14,$0,$14,$14,$14,$-1,$-1,$160,160,$0.09,$0.09,$8,$0,$0,$10,$402,$0,$0,$88,$496,$506,$41,$206,$20,$226,$267,$344,$-109,$0,$239,$506,$14,$0,$-15,$-15,$0,$0,$0,$-0,$-0,$-1,$-43,$0,$0,$0,$0,$0,$-22,$-65,$69,$0,$69,$0,$0,$0,$-1,$68,$1,$0,$0
11,2015-12-31,2.85,$0.00,0.0,0,0.0,$-3.14,0.0,$-0.21,0.0,$0.01B,$0.03B,0.25,$0.16B,$0.24B,0.67,$0.00B,0,nan%,$0.00B,$-0.01B,inf%,$0.00B,$-0.01B,inf%,$0.00B,$-0.01B,inf%,$0.00B,$-0.03B,inf%,$0.00B,$-0.03B,inf%,$-0.03B,$0.24B,-12.63%,$-0.03B,$0.24B,-12.63%,$-0.03B,$0.46B,-8.12%,$-0.01B,$0.40B,-1.69%,$0,$0,$0,$0,$2,$2,$-2,$-7,$-8,$0,$-8,$-8,$-8,$-2,$-2,$161,161,$-0.05,$-0.05,$7,$0,$1,$9,$367,$0,$0,$74,$452,$457,$34,$161,$19,$180,$215,$370,$-132,$0,$242,$457,$-34,$0,$0,$0,$0,$0,$0,$0,$-0,$-3,$-188,$0,$0,$0,$0,$61,$-73,$-200,$0,$0,$155,$0,$74,$0,$-22,$208,$4,$0,$0
12,2015-09-30,2.6,$0.00,0.0,0,0.0,$-2.91,0.0,$-0.16,0.0,$0.03B,$0.04B,0.6,$0.12B,$0.24B,0.5,$0.00B,0,nan%,$0.00B,$-0.01B,inf%,$0.00B,$-0.01B,inf%,$0.00B,$-0.01B,inf%,$0.00B,$-0.03B,inf%,$0.00B,$-0.03B,inf%,$-0.03B,$0.24B,-9.67%,$-0.03B,$0.24B,-9.67%,$-0.03B,$0.42B,-6.93%,$-0.01B,$0.37B,-1.60%,$0,$0,$0,$-0,$1,$1,$-1,$-20,$-20,$0,$-20,$-20,$-20,$-1,$-1,$160,160,$-0.13,$-0.13,$24,$0,$0,$26,$0,$0,$0,$87,$87,$423,$44,$122,$14,$136,$180,$361,$-121,$0,$243,$423,$-25,$0,$0,$0,$0,$0,$0,$0,$0,$-2,$-136,$0,$0,$0,$0,$59,$-74,$-152,$0,$0,$122,$0,$0,$0,$54,$175,$21,$0,$0
13,2015-06-30,4.15,$0.00,0.0,0,0.0,$-2.61,0.0,$-0.04,0.0,$0.02B,$0.03B,0.74,$0.09B,$0.28B,0.34,$0.00B,0,nan%,$0.00B,$-0.01B,inf%,$0.00B,$-0.01B,inf%,$0.00B,$-0.01B,inf%,$0.00B,$-0.01B,inf%,$0.00B,$-0.01B,inf%,$-0.01B,$0.28B,-2.56%,$-0.01B,$0.28B,-2.56%,$-0.01B,$0.42B,-1.99%,$-0.01B,$0.37B,-1.94%,$0,$0,$0,$0,$2,$2,$-2,$-3,$-5,$0,$-5,$-5,$-5,$-2,$-2,$159,159,$-0.03,$-0.03,$19,$0,$1,$22,$0,$0,$0,$105,$105,$415,$30,$94,$11,$105,$135,$384,$-107,$0,$280,$415,$-5,$0,$0,$0,$0,$0,$0,$0,$3,$-2,$-114,$0,$0,$0,$0,$63,$-91,$-142,$0,$0,$101,$0,$0,$0,$59,$160,$16,$0,$0
14,2015-03-31,3.78,$0.00,0.0,0,0.0,$-2.29,0.0,$-0.02,0.0,$0.10B,$0.05B,2.13,$0.00B,$0.28B,0.0,$0.00B,0,nan%,$0.00B,$-0.01B,inf%,$0.00B,$-0.01B,inf%,$0.00B,$-0.01B,inf%,$0.00B,$-0.00B,inf%,$0.00B,$-0.00B,inf%,$-0.00B,$0.28B,-1.49%,$-0.00B,$0.28B,-1.49%,$-0.00B,$0.33B,-1.25%,$-0.01B,$0.28B,-2.48%,$0,$0,$0,$0,$1,$1,$-1,$0,$-0,$0,$-0,$-0,$-0,$-1,$-1,$135,135,$0.00,$0.00,$90,$0,$3,$95,$0,$0,$0,$5,$5,$331,$45,$0,$6,$6,$51,$379,$-102,$0,$280,$331,$-0,$0,$0,$0,$0,$0,$0,$0,$0,$-1,$-48,$0,$0,$0,$0,$59,$-1,$10,$0,$0,$0,$0,$0,$0,$74,$74,$84,$0,$0
15,2014-12-31,4.18,$0.00,0.0,0,0.0,$-2.08,0.0,$-0.03,0.0,$0.08B,$0.04B,2.23,$0.00B,$0.23B,0.0,$0.00B,0,nan%,$0.00B,$-0.01B,inf%,$0.00B,$-0.01B,inf%,$0.00B,$-0.01B,inf%,$0.00B,$-0.00B,inf%,$0.00B,$-0.00B,inf%,$-0.00B,$0.23B,-2.54%,$-0.00B,$0.23B,-2.54%,$-0.00B,$0.27B,-2.09%,$-0.01B,$0.23B,-3.17%,$0,$0,$0,$-0,$1,$1,$-1,$0,$-0,$0,$-0,$-0,$-0,$-1,$-1,$115,115,$0.00,$0.00,$73,$0,$2,$77,$0,$0,$0,$2,$2,$273,$35,$0,$7,$7,$42,$342,$-113,$0,$231,$273,$-4,$0,$0,$0,$0,$0,$0,$0,$0,$-8,$-102,$0,$0,$0,$0,$-48,$0,$-149,$0,$0,$0,$0,$0,$0,$150,$150,$-7,$0,$0
16,2014-09-30,4.99,$0.00,0.0,0,0.0,$-1.54,0.0,$-0.10,0.0,$0.04B,$0.04B,1.05,$0.00B,$0.15B,0.0,$0.00B,0,nan%,$0.00B,$-0.01B,inf%,$0.00B,$-0.01B,inf%,$0.00B,$-0.01B,inf%,$0.00B,$-0.01B,inf%,$0.00B,$-0.01B,inf%,$-0.01B,$0.15B,-9.00%,$-0.01B,$0.15B,-9.00%,$-0.01B,$0.19B,-7.32%,$-0.01B,$0.15B,-9.00%,$0,$0,$0,$0,$1,$1,$-1,$0,$-1,$0,$-1,$-1,$-1,$-1,$-1,$115,115,$-0.01,$-0.01,$34,$0,$2,$36,$0,$0,$0,$0,$1,$185,$35,$0,$4,$4,$38,$259,$-115,$0,$147,$185,$-4,$0,$0,$0,$0,$0,$0,$0,$-1,$-4,$-61,$0,$0,$0,$0,$0,$2,$-59,$0,$0,$0,$0,$66,$0,$-1,$66,$2,$0,$0
17,2014-06-30,4.77,$0.00,0.0,0,0.0,$-1.18,0.0,$-0.18,0.0,$0.06B,$0.02B,2.89,$0.00B,$0.15B,0.0,$0.00B,0,nan%,$0.00B,$-0.02B,inf%,$0.00B,$-0.02B,inf%,$0.00B,$-0.02B,inf%,$0.00B,$-0.02B,inf%,$0.00B,$-0.02B,inf%,$-0.02B,$0.15B,-17.65%,$-0.02B,$0.15B,-17.65%,$-0.02B,$0.17B,-14.57%,$-0.02B,$0.15B,-17.65%,$0,$0,$0,$1,$1,$2,$-2,$-0,$-2,$0,$-2,$-2,$-2,$-2,$-2,$108,108,$-0.01,$-0.01,$54,$0,$1,$56,$0,$0,$0,$0,$0,$170,$20,$0,$3,$3,$23,$258,$-114,$0,$147,$170,$-3,$0,$0,$0,$0,$0,$0,$0,$-1,$-3,$-41,$0,$0,$0,$0,$-5,$0,$-46,$0,$0,$0,$0,$65,$0,$0,$65,$16,$0,$0
18,2014-03-31,4.73,$0.00,0.0,0,0.0,$-0.92,0.0,$-0.24,0.0,$0.05B,$0.03B,1.91,$0.00B,$0.11B,0.0,$0.00B,0,nan%,$0.00B,$-0.02B,inf%,$0.00B,$-0.02B,inf%,$0.00B,$-0.02B,inf%,$0.00B,$-0.02B,inf%,$0.00B,$-0.02B,inf%,$-0.02B,$0.11B,-26.19%,$-0.02B,$0.11B,-26.19%,$-0.02B,$0.14B,-21.57%,$-0.02B,$0.11B,-26.19%,$0,$0,$0,$0,$1,$1,$-1,$0,$-1,$0,$-1,$-1,$-1,$-1,$-1,$101,101,$-0.01,$-0.01,$36,$0,$17,$54,$0,$0,$0,$0,$0,$139,$28,$0,$5,$5,$33,$215,$-111,$0,$106,$139,$-1,$0,$0,$0,$0,$0,$0,$0,$-7,$-8,$-8,$0,$0,$0,$0,$11,$0,$4,$0,$0,$0,$0,$25,$0,$-5,$19,$15,$0,$0
19,2013-12-31,4.96,$0.00,0.0,0,0.0,$-0.81,0.0,$-0.28,0.0,$0.05B,$0.01B,3.52,$0.00B,$0.09B,0.0,$0.00B,0,nan%,$0.00B,$-0.03B,inf%,$0.00B,$-0.03B,inf%,$0.00B,$-0.03B,inf%,$0.00B,$-0.03B,inf%,$0.00B,$-0.03B,inf%,$-0.03B,$0.09B,-33.33%,$-0.03B,$0.09B,-33.33%,$-0.03B,$0.11B,-28.49%,$-0.03B,$0.09B,-33.33%,$0,$0,$0,$5,$1,$7,$-7,$0,$-7,$0,$-7,$-7,$-7,$-6,$-7,$98,98,$-0.07,$-0.07,$35,$0,$12,$48,$0,$0,$0,$0,$0,$107,$14,$0,$5,$5,$19,$204,$-117,$0,$89,$107,$-26,$0,$0,$0,$0,$0,$0,$0,$-7,$-32,$-9,$0,$0,$0,$0,$22,$0,$14,$0,$0,$0,$0,$1,$0,$28,$29,$11,$0,$0
20,2013-09-30,5.26,$0.00,0.0,0,0.0,$-0.57,0.0,$-0.25,0.0,$0.03B,$0.01B,4.76,$0.00B,$0.07B,0.0,$0.00B,0,nan%,$0.00B,$-0.02B,inf%,$0.00B,$-0.02B,inf%,$0.00B,$-0.02B,inf%,$0.00B,$-0.02B,inf%,$0.00B,$-0.02B,inf%,$-0.02B,$0.07B,-28.39%,$-0.02B,$0.07B,-28.39%,$-0.02B,$0.08B,-24.86%,$-0.02B,$0.07B,-28.39%,$0,$0,$0,$7,$1,$8,$-8,$0,$-8,$0,$-8,$-8,$-8,$-8,$-8,$94,94,$-0.09,$-0.09,$27,$0,$0,$28,$0,$0,$0,$0,$0,$78,$6,$0,$6,$6,$12,$173,$-110,$0,$66,$78,$-19,$0,$0,$0,$0,$0,$0,$0,$4,$-14,$-5,$0,$0,$0,$0,$24,$0,$20,$0,$0,$0,$0,$0,$0,$0,$0,$5,$0,$0
21,2013-06-30,5.0,$0.00,0.0,0,0.0,$-0.51,0.0,$-0.06,0.0,$0.03B,$0.00B,10.02,$0.00B,$0.08B,0.0,$0.00B,0,nan%,$0.00B,$-0.02B,inf%,$0.00B,$-0.02B,inf%,$0.00B,$-0.02B,inf%,$0.00B,$-0.01B,inf%,$0.00B,$-0.01B,inf%,$-0.01B,$0.08B,-8.33%,$-0.01B,$0.08B,-8.33%,$-0.01B,$0.08B,-7.29%,$-0.02B,$0.08B,-23.61%,$0,$0,$0,$5,$1,$6,$-6,$0,$-6,$0,$-6,$-6,$-6,$-6,$-6,$94,94,$-0.07,$-0.07,$33,$0,$1,$34,$0,$46,$0,$0,$46,$84,$3,$0,$6,$6,$10,$176,$-103,$0,$75,$84,$-11,$0,$0,$0,$0,$0,$0,$0,$1,$-9,$-4,$0,$0,$0,$0,$19,$0,$15,$0,$0,$0,$0,$0,$0,$0,$0,$5,$0,$0
22,2013-03-31,4.39,$0.00,0.0,0,0.0,$-0.42,0.0,$-0.04,0.0,$0.05B,$0.01B,5.67,$0.00B,$0.08B,0.0,$0.00B,0,nan%,$0.00B,$-0.02B,inf%,$0.00B,$-0.02B,inf%,$0.00B,$-0.02B,inf%,$0.00B,$-0.00B,inf%,$0.00B,$-0.00B,inf%,$-0.00B,$0.08B,-6.11%,$-0.00B,$0.08B,-6.11%,$-0.00B,$0.10B,-5.21%,$-0.02B,$0.08B,-22.90%,$0,$0,$0,$4,$1,$5,$-5,$0,$-5,$0,$-5,$-5,$-5,$-5,$-5,$94,94,$-0.05,$-0.05,$43,$0,$1,$45,$0,$46,$0,$0,$46,$96,$8,$0,$6,$6,$14,$179,$-98,$0,$82,$96,$-5,$0,$0,$0,$0,$0,$0,$0,$3,$-2,$-2,$0,$0,$0,$0,$5,$0,$3,$0,$0,$0,$0,$0,$0,$0,$0,$1,$0,$0
23,2012-12-31,3.98,$0.00,0.0,0,0.0,$-0.37,0.0,$-0.05,0.0,$0.05B,$0.00B,23.12,$0.00B,$0.09B,0.0,$0.00B,0,nan%,$0.00B,$-0.01B,inf%,$0.00B,$-0.01B,inf%,$0.00B,$-0.01B,inf%,$0.00B,$-0.00B,inf%,$0.00B,$-0.00B,inf%,$-0.00B,$0.09B,-5.13%,$-0.00B,$0.09B,-5.13%,$-0.00B,$0.10B,-4.32%,$-0.01B,$0.09B,-23.93%,$0,$0,$0,$3,$1,$3,$-3,$0,$-3,$0,$-3,$-3,$-3,$-3,$-3,$77,77,$-0.04,$-0.04,$48,$0,$1,$49,$0,$47,$0,$0,$47,$96,$2,$0,$6,$6,$8,$180,$-94,$0,$87,$96,$-3,$0,$0,$0,$0,$0,$0,$0,$-0,$-14,$-0,$0,$0,$0,$0,$-30,$0,$-30,$0,$0,$0,$0,$46,$0,$-2,$44,$0,$0,$0
24,2012-09-30,4.25,$0.00,0.0,0,0.0,$-0.37,0.0,$-0.08,0.0,$0.01B,$0.00B,2.25,$0.00B,$0.04B,0.0,$0.00B,0,nan%,$0.00B,$-0.01B,inf%,$0.00B,$-0.01B,inf%,$0.00B,$-0.01B,inf%,$0.00B,0,nan%,$0.00B,$-0.01B,inf%,$-0.01B,$0.04B,-9.76%,$-0.01B,$0.04B,-9.76%,$-0.01B,$0.05B,-8.03%,$-0.01B,$0.04B,-21.46%,$0,$0,$0,$2,$1,$3,$-3,$11,$8,$0,$8,$8,$8,$-3,$-3,$81,81,$0.10,$0.10,$6,$0,$0,$6,$0,$47,$0,$0,$47,$53,$3,$0,$6,$6,$9,$135,$-92,$0,$44,$53,$-0,$0,$0,$0,$0,$0,$0,$0,$-0,$-11,$-0,$0,$0,$0,$0,$19,$-3,$16,$0,$0,$0,$0,$1,$0,$0,$1,$6,$0,$0
25,2012-06-30,4.09,$0.00,0.0,0,0.0,$-0.36,0.0,$-0.21,0.0,$0.01B,$0.01B,2.07,$0.00B,$0.05B,0.0,$0.00B,0,nan%,$0.00B,$-0.01B,inf%,$0.00B,$-0.01B,inf%,$0.00B,$-0.01B,inf%,$0.00B,$-0.01B,inf%,$0.00B,$-0.02B,inf%,$-0.02B,$0.05B,-26.67%,$-0.02B,$0.05B,-26.67%,$-0.02B,$0.06B,-22.39%,$-0.01B,$0.05B,-17.78%,$0,$0,$0,$3,$1,$4,$-4,$0,$-4,$0,$-4,$-4,$-4,$-4,$-4,$81,81,$-0.05,$-0.05,$13,$0,$0,$13,$0,$48,$0,$0,$48,$62,$7,$0,$6,$6,$13,$146,$-98,$0,$49,$62,$-8,$0,$0,$0,$0,$0,$0,$0,$3,$-5,$-0,$0,$0,$0,$0,$6,$0,$6,$0,$0,$0,$0,$1,$0,$0,$1,$2,$0,$0
26,2012-03-31,5.26,$0.00,0.0,0,0.0,$-0.40,0.0,$-0.19,0.0,$0.02B,$0.01B,2.57,$0.00B,$0.05B,0.0,$0.00B,0,nan%,$0.00B,$-0.01B,inf%,$0.00B,$-0.01B,inf%,$0.00B,$-0.01B,inf%,$0.00B,$-0.01B,inf%,$0.00B,$-0.01B,inf%,$-0.01B,$0.05B,-21.40%,$-0.01B,$0.05B,-21.40%,$-0.01B,$0.07B,-18.57%,$-0.01B,$0.05B,-14.81%,$0,$0,$0,$3,$1,$4,$-4,$0,$-4,$0,$-4,$-4,$-4,$-4,$-4,$80,80,$-0.06,$-0.06,$18,$0,$0,$18,$0,$49,$0,$0,$49,$67,$7,$0,$6,$6,$13,$147,$-95,$0,$54,$67,$-4,$0,$0,$0,$0,$0,$0,$0,$4,$0,$-0,$0,$0,$0,$0,$-0,$0,$-0,$0,$0,$0,$0,$1,$0,$0,$1,$0,$0,$0
27,2011-12-31,3.85,$0.00,0.0,0,0.0,$-0.40,0.0,$-0.13,0.0,$0.02B,$0.00B,5.65,$0.00B,$0.06B,0.0,$0.00B,0,nan%,$0.00B,$-0.01B,inf%,$0.00B,$-0.01B,inf%,$0.00B,$-0.01B,inf%,$0.00B,$-0.00B,inf%,$0.00B,$-0.01B,inf%,$-0.01B,$0.06B,-19.05%,$-0.01B,$0.06B,-19.05%,$-0.01B,$0.07B,-16.90%,$-0.01B,$0.06B,-10.58%,$0,$0,$0,$0,$0,$0,$0,$0,$0,$0,$0,$-5,$-5,$0,$0,$74,74,$-0.07,$-0.07,$18,$0,$0,$19,$0,$49,$0,$0,$49,$67,$3,$0,$6,$6,$10,$149,$-92,$0,$58,$67,$-12,$0,$0,$0,$0,$0,$0,$0,$-1,$-13,$0,$0,$0,$0,$0,$-19,$0,$-19,$0,$0,$0,$0,$0,$0,$8,$8,$-24,$0,$0
28,2011-09-30,4.04,$0.00,0.0,0,0.0,$-0.24,0.0,$-0.07,0.0,$0.02B,$0.00B,13.1,$0.00B,$0.06B,0.0,$0.00B,0,nan%,$0.00B,$-0.01B,inf%,$0.00B,$-0.01B,inf%,$0.00B,$-0.01B,inf%,$0.00B,$-0.00B,inf%,$0.00B,$-0.00B,inf%,$-0.00B,$0.06B,-7.58%,$-0.00B,$0.06B,-7.58%,$-0.00B,$0.07B,-6.69%,$-0.01B,$0.06B,-9.48%,$0,$0,$0,$2,$0,$2,$-2,$0,$-2,$0,$-2,$-2,$-2,$-2,$-2,$80,80,$-0.03,$-0.03,$23,$0,$1,$23,$0,$48,$0,$0,$48,$72,$2,$0,$6,$6,$8,$146,$-83,$0,$64,$72,$-7,$0,$0,$0,$0,$0,$0,$0,$-3,$-10,$-0,$0,$0,$0,$0,$-22,$0,$-22,$0,$0,$0,$0,$8,$0,$0,$8,$-24,$0,$0
29,2011-06-30,5.45,$0.00,0.0,0,0.0,$-0.13,0.0,$-0.05,0.0,$0.03B,$0.00B,15.94,$0.00B,$0.07B,0.0,$0.00B,0,nan%,$0.00B,$-0.00B,inf%,$0.00B,$-0.00B,inf%,$0.00B,$-0.00B,inf%,$0.00B,$-0.00B,inf%,$0.00B,$-0.00B,inf%,$-0.00B,$0.07B,-3.52%,$-0.00B,$0.07B,-3.52%,$-0.00B,$0.07B,-3.08%,$-0.00B,$0.07B,-7.05%,$0,$0,$0,$2,$1,$3,$-3,$0,$-2,$0,$-2,$-2,$-2,$-3,$-3,$79,79,$-0.03,$-0.03,$25,$0,$0,$26,$0,$48,$0,$0,$48,$74,$2,$0,$6,$6,$8,$147,$-81,$0,$67,$74,$-5,$0,$0,$0,$0,$0,$0,$0,$-3,$-8,$-0,$0,$0,$0,$0,$-25,$0,$-24,$0,$0,$0,$0,$8,$0,$0,$8,$-24,$0,$0
30,2010-12-31,6.55,$0.00,0.0,0,0.0,$-0.04,0.0,$-0.02,0.0,$0.00B,$0.00B,0.0,$0.00B,$0.00B,0.0,$0.00B,0,nan%,$0.00B,$-0.00B,inf%,$0.00B,$-0.00B,inf%,$0.00B,$-0.00B,inf%,$0.00B,$-0.00B,inf%,$0.00B,$-0.00B,inf%,$-0.00B,$0.00B,-1.83%,$-0.00B,$0.00B,-1.83%,$-0.00B,$0.00B,-1.57%,$-0.00B,$0.00B,-3.67%,$0,$0,$0,$0,$0,$0,$0,$0,$0,$0,$0,$-0,$-0,$0,$0,$0,0,$0.00,$0.00,$0,$0,$0,$0,$0,$0,$0,$0,$0,$0,$0,$0,$0,$0,$0,$0,$0,$0,$0,$0,$0,$0,$0,$0,$0,$0,$0,$0,$0,$0,$0,$0,$0,$0,$0,$0,$0,$0,$0,$0,$0,$0,$0,$0,$0,$0,$0,$0,$0
31,2010-09-30,4.5,$0.00,0.0,0,0.0,$-0.04,0.0,$-0.02,0.0,$0.01B,$0.00B,3.29,$0.00B,$0.08B,0.0,$0.00B,0,nan%,$0.00B,$-0.00B,inf%,$0.00B,$-0.00B,inf%,$0.00B,$-0.00B,inf%,$0.00B,$-0.00B,inf%,$0.00B,$-0.00B,inf%,$-0.00B,$0.08B,-1.49%,$-0.00B,$0.08B,-1.49%,$-0.00B,$0.09B,-1.29%,$-0.00B,$0.08B,-2.97%,$0,$0,$0,$0,$0,$0,$-0,$-0,$-0,$-0,$-0,$-0,$-0,$-0,$-0,$72,72,$-0.01,$-0.01,$13,$0,$0,$14,$0,$80,$0,$0,$80,$93,$4,$0,$9,$9,$14,$106,$-29,$0,$80,$93,$-1,$0,$0,$0,$0,$0,$0,$0,$-0,$-2,$0,$0,$0,$0,$0,$-2,$-6,$-8,$0,$0,$0,$0,$12,$0,$0,$12,$2,$0,$0
32,2010-06-30,2.55,$0.00,0.0,0,0.0,$-0.02,0.0,$-0.01,0.0,$0.02B,$0.00B,4.38,$0.00B,$0.08B,0.0,$0.00B,0,nan%,$0.00B,$-0.00B,inf%,$0.00B,$-0.00B,inf%,$0.00B,$-0.00B,inf%,$0.00B,$-0.00B,inf%,$0.00B,$-0.00B,inf%,$-0.00B,$0.08B,-1.65%,$-0.00B,$0.08B,-1.65%,$-0.00B,$0.09B,-1.44%,$-0.00B,$0.08B,-3.29%,$0,$0,$0,$0,$1,$1,$-1,$-0,$-1,$-0,$-0,$-0,$-0,$-1,$-1,$69,69,$-0.01,$-0.01,$15,$0,$0,$16,$0,$78,$0,$0,$78,$93,$4,$0,$10,$10,$14,$106,$-29,$0,$80,$93,$-1,$0,$0,$0,$0,$0,$0,$0,$-0,$-1,$0,$0,$0,$0,$0,$-3,$-4,$-7,$0,$0,$0,$0,$11,$0,$0,$11,$3,$0,$0
33,2009-09-30,2.52,$0.00,0.0,0,0.0,0,0.0,0,0.0,$0.00B,$0.00B,3.85,$0.00B,$0.06B,0.0,$0.00B,0,nan%,$0.00B,$-0.00B,inf%,$0.00B,$-0.00B,inf%,$0.00B,$-0.00B,inf%,$0.00B,$-0.00B,inf%,$0.00B,$-0.00B,inf%,$-0.00B,$0.06B,-3.77%,$-0.00B,$0.06B,-3.77%,$-0.00B,$0.07B,-3.35%,$-0.00B,$0.06B,-3.77%,$0,$0,$0,$0,$1,$1,$-1,$-0,$-1,$-0,$-1,$-1,$-1,$-1,$-1,$0,0,$0.00,$0.00,$4,$0,$0,$4,$0,$64,$0,$0,$64,$69,$1,$0,$10,$10,$11,$82,$-26,$0,$58,$69,$-1,$0,$0,$0,$0,$0,$0,$0,$1,$-0,$0,$0,$0,$0,$0,$-3,$-1,$-4,$0,$0,$0,$0,$4,$0,$0,$4,$1,$0,$0
34,2009-06-30,1.49,$0.00,0.0,0,0.0,0,0.0,0,0.0,$0.00B,$0.00B,1.23,$0.00B,$0.05B,0.0,$0.00B,0,nan%,$0.00B,$-0.00B,inf%,$0.00B,$-0.00B,inf%,$0.00B,$-0.00B,inf%,$0.00B,$-0.00B,inf%,$0.00B,$-0.00B,inf%,$-0.00B,$0.05B,-1.89%,$-0.00B,$0.05B,-1.89%,$-0.00B,$0.06B,-1.72%,$-0.00B,$0.05B,-1.89%,$0,$0,$0,$0,$0,$0,$-0,$0,$-0,$0,$-0,$-0,$-0,$-0,$-0,$0,0,$0.00,$0.00,$0,$0,$0,$0,$0,$56,$0,$0,$56,$56,$0,$0,$5,$5,$5,$73,$-24,$0,$51,$56,$-0,$0,$0,$0,$0,$0,$0,$0,$0,$-0,$0,$0,$0,$0,$0,$0,$-0,$0,$0,$0,$0,$0,$0,$0,$0,$0,$0,$0,$0
35,2009-03-31,0.7,$0.00,0.0,0,0.0,$-0.00,0.0,$-0.01,0.0,$0.00B,$0.00B,2.06,$0.00B,$0.05B,0.0,$0.00B,0,nan%,$0.00B,$-0.00B,inf%,$0.00B,$-0.00B,inf%,$0.00B,$-0.00B,inf%,$0.00B,$-0.00B,inf%,$0.00B,$-0.00B,inf%,$-0.00B,$0.05B,-1.81%,$-0.00B,$0.05B,-1.81%,$-0.00B,$0.06B,-1.65%,$-0.00B,$0.05B,-1.81%,$0,$0,$0,$0,$0,$0,$-0,$0,$-0,$-0,$0,$0,$0,$-0,$-0,$0,0,$0.00,$0.00,$0,$0,$0,$0,$0,$58,$0,$0,$58,$59,$0,$0,$5,$5,$5,$77,$-25,$0,$54,$59,$-1,$0,$0,$0,$0,$0,$0,$0,$0,$-1,$0,$0,$0,$0,$0,$1,$-0,$1,$0,$0,$0,$0,$0,$0,$0,$0,$-0,$0,$0
36,2008-12-31,0.85,$0.00,0.0,0,0.0,$-0.00,0.0,$-0.01,0.0,$0.00B,$0.00B,2.88,$0.00B,$0.05B,0.0,$0.00B,0,nan%,$0.00B,$-0.00B,inf%,$0.00B,$-0.00B,inf%,$0.00B,$-0.00B,inf%,$0.00B,$-0.00B,inf%,$0.00B,$-0.00B,inf%,$-0.00B,$0.05B,-1.77%,$-0.00B,$0.05B,-1.77%,$-0.00B,$0.06B,-1.61%,$-0.00B,$0.05B,-1.77%,$0,$0,$0,$0,$1,$1,$-1,$0,$-1,$0,$-1,$-1,$-1,$-1,$-1,$0,0,$0.00,$0.00,$0,$0,$0,$0,$0,$54,$0,$0,$54,$55,$0,$0,$5,$5,$5,$71,$-23,$0,$49,$55,$-1,$0,$0,$0,$0,$0,$0,$0,$0,$-1,$0,$0,$0,$0,$0,$-0,$1,$1,$0,$0,$0,$0,$0,$0,$0,$0,$-0,$0,$0
37,2008-09-30,3.1,$0.00,0.0,0,0.0,$-0.00,0.0,$-0.01,0.0,$0.00B,$0.00B,5.81,$0.00B,$0.06B,0.0,$0.00B,0,nan%,$0.00B,0,nan%,$0.00B,0,nan%,$0.00B,0,nan%,$0.00B,0,nan%,$0.00B,0,nan%,$0.00B,$0.06B,0.00%,$0.00B,$0.06B,0.00%,$0.00B,$0.06B,0.00%,$0.00B,$0.06B,0.00%,$0,$0,$0,$0,$0,$0,$-0,$0,$-0,$0,$-0,$-0,$-0,$-0,$-0,$0,0,$0.00,$0.00,$1,$0,$0,$1,$0,$63,$0,$0,$63,$63,$0,$0,$6,$6,$6,$83,$-26,$0,$58,$63,$-1,$0,$0,$0,$0,$0,$0,$0,$-0,$-1,$0,$0,$0,$0,$0,$1,$-0,$1,$0,$0,$0,$0,$0,$0,$0,$0,$-0,$0,$0
38,2008-06-30,4.35,$0.00,0.0,0,0.0,$-0.00,0.0,$-0.01,0.0,$0.00B,$0.00B,3.79,$0.00B,$0.06B,0.0,$0.00B,0,nan%,$0.00B,0,nan%,$0.00B,0,nan%,$0.00B,0,nan%,$0.00B,$0.00B,inf%,$0.00B,$0.00B,inf%,$0.00B,$0.06B,1.67%,$0.00B,$0.06B,1.67%,$0.00B,$0.07B,1.43%,$0.00B,$0.06B,0.00%,$0,$0,$0,$0,$0,$0,$-0,$0,$-0,$0,$-0,$-0,$-0,$-0,$-0,$60,60,$-0.01,$-0.01,$1,$0,$0,$2,$0,$64,$0,$0,$64,$66,$0,$0,$6,$6,$6,$85,$-26,$0,$60,$66,$-0,$0,$0,$0,$0,$0,$0,$0,$0,$-0,$0,$0,$0,$0,$0,$0,$-0,$0,$0,$0,$0,$0,$0,$0,$0,$0,$-0,$0,$0
39,2008-03-31,4.84,$0.00,0.0,0,0.0,0,0.0,0,0.0,$0.00B,$0.00B,8.6,$0.00B,$0.06B,0.0,$0.00B,0,nan%,$0.00B,0,nan%,$0.00B,0,nan%,$0.00B,0,nan%,$0.00B,$0.00B,inf%,$0.00B,$0.00B,inf%,$0.00B,$0.06B,1.70%,$0.00B,$0.06B,1.70%,$0.00B,$0.07B,1.41%,$0.00B,$0.06B,0.00%,$0,$0,$0,$0,$0,$0,$-0,$0,$-0,$-0,$0,$0,$0,$-0,$-0,$0,0,$0.00,$0.00,$2,$0,$0,$2,$0,$63,$0,$0,$63,$65,$0,$0,$6,$6,$6,$83,$-25,$0,$59,$65,$0,$0,$0,$0,$0,$0,$0,$0,$-0,$-1,$0,$0,$-0,$0,$0,$1,$-0,$1,$0,$0,$0,$0,$0,$0,$0,$0,$-0,$0,$0
40,2007-12-31,4.62,$0.00,0.0,0,0.0,0,0.0,0,0.0,$0.00B,$0.00B,9.19,$0.00B,$0.06B,0.0,$0.00B,0,nan%,$0.00B,0,nan%,$0.00B,0,nan%,$0.00B,0,nan%,$0.00B,0,nan%,$0.00B,0,nan%,$0.00B,$0.06B,0.00%,$0.00B,$0.06B,0.00%,$0.00B,$0.08B,0.00%,$0.00B,$0.06B,0.00%,$0,$0,$0,$0,$0,$0,$-0,$0,$-0,$0,$-0,$-0,$-0,$-0,$-0,$0,0,$0.00,$0.00,$2,$0,$0,$2,$0,$0,$0,$0,$32,$77,$0,$0,$15,$15,$15,$87,$-26,$0,$62,$77,$0,$0,$0,$0,$0,$0,$0,$0,$-0,$-1,$0,$0,$0,$0,$0,$2,$0,$3,$0,$0,$0,$0,$0,$0,$0,$0,$2,$0,$0
41,2007-09-30,4.49,$0.00,0.0,0,0.0,0,0.0,0,0.0,$0.00B,$0.00B,9.64,$0.00B,$0.06B,0.0,$0.00B,0,nan%,$0.00B,0,nan%,$0.00B,0,nan%,$0.00B,0,nan%,$0.00B,0,nan%,$0.00B,0,nan%,$0.00B,$0.06B,0.00%,$0.00B,$0.06B,0.00%,$0.00B,$0.07B,0.00%,$0.00B,$0.06B,0.00%,$0,$0,$0,$0,$0,$0,$-0,$1,$1,$0,$1,$1,$1,$-0,$-0,$0,0,$0.00,$0.00,$2,$0,$0,$2,$0,$0,$0,$0,$30,$72,$0,$0,$14,$14,$14,$81,$-24,$0,$58,$72,$0,$0,$0,$0,$0,$0,$0,$0,$-0,$-1,$0,$0,$0,$0,$0,$2,$0,$3,$0,$0,$0,$0,$0,$0,$0,$0,$2,$0,$0
