,Date,Stock Price,Book Value per Share,Price to Book Ratio,TTM Sales per Share,Price to Sales Ratio,TTM FCF per Share,Price to FCF Ratio,TTM Net EPS,PE Ratio,Current Assets,Current Liabilities,Current Ratio,Long Term Debt,Shareholder's Equity_x,Debt to Equity Ratio,TTM Revenue_x,TTM Gross Profit,Gross Margin,TTM Revenue_y,TTM Operating Income,Operating Margin,TTM Revenue_x,TTM EBIT,EBIT Margin,TTM Revenue_y,TTM EBITDA,EBITDA Margin,TTM Revenue_x,TTM Pre-Tax Income,Pre-Tax Margin,TTM Revenue_y,TTM Net Income_x,Net Margin,TTM Net Income_y,Shareholder's Equity_y,Return on Equity,TTM Net Income_x,Tangible Equity,Return on Tangible Equity,TTM Net Income_y,Total Assets,Return on Assets,TTM Net Income,LT Investments & Debt,Return on Investment,revenue,cost-goods-sold,gross-profit,research-development-expenses,selling-general-administrative-expenses,operating-expenses,operating-income,total-non-operating-income-expense,pre-tax-income,total-provision-income-taxes,income-after-taxes,income-from-continuous-operations,net-income,ebitda,ebit,basic-shares-outstanding,shares-outstanding,eps-basic-net-earnings-per-share,eps-earnings-per-share-diluted,cash-on-hand,inventory,other-current-assets,total-current-assets,net-property-plant-equipment,long-term-investments,goodwill-intangible-assets-total,other-long-term-assets,total-long-term-assets,total-assets,total-current-liabilities,long-term-debt,other-non-current-liabilities,total-long-term-liabilities,total-liabilities,common-stock-net,retained-earnings-accumulated-deficit,comprehensive-income,total-share-holder-equity,total-liabilities-share-holders-equity,net-income-loss,total-depreciation-amortization-cash-flow,other-non-cash-items,total-non-cash-items,change-in-accounts-receivable,change-in-inventories,change-in-accounts-payable,change-in-assets-liabilities,total-change-in-assets-liabilities,cash-flow-from-operating-activities,net-change-in-property-plant-equipment,net-change-in-intangible-assets,net-acquisitions-divestitures,net-change-in-short-term-investments,net-change-in-long-term-investments,net-change-in-investments-total,investing-activities-other,cash-flow-from-investing-activities,net-long-term-debt,net-current-debt,debt-issuance-retirement-net-total,net-common-equity-issued-repurchased,net-total-equity-issued-repurchased,total-common-preferred-stock-dividends-paid,financial-activities-other,cash-flow-from-financial-activities,net-cash-flow,stock-based-compensation,common-stock-dividends-paid
0,2018-09-30,125.53,$14.39,8.72,$12.62,9.95,$4.11,30.57,$2.02,62.14,$0.56B,$0.09B,6.52,$0.00B,$0.61B,0.0,$0.56B,$0.31B,55.38%,$0.56B,$0.11B,18.82%,$0.56B,$0.11B,18.82%,$0.56B,$0.12B,21.51%,$0.56B,$0.11B,20.07%,$0.56B,$0.09B,16.13%,$0.09B,$0.61B,15.87%,$0.09B,$0.60B,16.07%,$0.09B,$0.76B,12.70%,$0.11B,$0.61B,18.51%,$160,$71,$89,$26,$30,$126,$33,$3,$36,$5,$32,$32,$32,$37,$33,$42,45,$0.75,$0.71,$348,$137,$13,$557,$147,$5,$7,$33,$206,$763,$86,$0,$67,$67,$153,$435,$181,$-6,$610,$763,$78,$10,$48,$58,$-23,$-37,$6,$-1,$-42,$94,$-18,$0,$0,$-2,$0,$-2,$-1,$-22,$0,$0,$0,$13,$13,$-34,$0,$-22,$48,$46,$-34
1,2018-06-30,133.67,$13.69,9.76,$12.00,11.14,$3.68,36.31,$1.85,72.25,$0.51B,$0.08B,6.77,$0.00B,$0.58B,0.0,$0.53B,$0.29B,55.22%,$0.53B,$0.10B,18.22%,$0.53B,$0.10B,18.22%,$0.53B,$0.11B,21.06%,$0.53B,$0.10B,19.17%,$0.53B,$0.08B,15.56%,$0.08B,$0.58B,15.15%,$0.08B,$0.57B,15.37%,$0.08B,$0.72B,12.26%,$0.10B,$0.58B,17.74%,$140,$62,$78,$23,$29,$115,$25,$2,$27,$3,$24,$24,$24,$28,$25,$42,44,$0.57,$0.55,$314,$129,$14,$510,$151,$5,$7,$31,$210,$720,$75,$0,$66,$66,$141,$418,$163,$-2,$579,$720,$46,$7,$31,$37,$-16,$-30,$3,$-1,$-42,$42,$-13,$0,$0,$-17,$0,$-17,$0,$-30,$0,$0,$0,$10,$10,$-21,$0,$-11,$0,$31,$-21
2,2018-03-31,115.51,$13.25,8.72,$11.44,10.1,$3.64,31.74,$1.65,70.01,$0.48B,$0.07B,6.6,$0.00B,$0.56B,0.0,$0.50B,$0.27B,54.91%,$0.50B,$0.09B,17.23%,$0.50B,$0.09B,17.23%,$0.50B,$0.10B,20.44%,$0.50B,$0.09B,18.04%,$0.50B,$0.07B,14.63%,$0.07B,$0.56B,14.17%,$0.07B,$0.55B,14.41%,$0.07B,$0.70B,11.57%,$0.09B,$0.56B,16.70%,$129,$58,$71,$22,$27,$107,$22,$0,$22,$1,$22,$22,$22,$25,$22,$42,44,$0.52,$0.49,$307,$112,$17,$484,$154,$5,$7,$32,$214,$698,$73,$0,$66,$66,$139,$401,$152,$5,$558,$698,$22,$3,$15,$18,$-11,$-13,$4,$-4,$-24,$16,$-7,$0,$0,$-18,$0,$-18,$0,$-25,$0,$0,$0,$9,$9,$-8,$0,$1,$-7,$15,$-8
3,2017-12-31,111.81,$12.54,8.91,$10.84,10.31,$3.87,28.92,$1.49,75.04,$0.45B,$0.07B,6.81,$0.00B,$0.52B,0.0,$0.47B,$0.26B,54.89%,$0.47B,$0.08B,16.60%,$0.47B,$0.08B,16.60%,$0.47B,$0.10B,20.21%,$0.47B,$0.08B,17.66%,$0.47B,$0.07B,13.83%,$0.07B,$0.52B,13.31%,$0.07B,$0.51B,13.56%,$0.07B,$0.65B,11.00%,$0.08B,$0.52B,15.98%,$129,$58,$71,$22,$24,$104,$25,$2,$27,$15,$12,$12,$12,$30,$25,$41,44,$0.30,$0.28,$299,$99,$13,$449,$145,$5,$8,$30,$203,$653,$66,$0,$65,$65,$131,$377,$144,$2,$522,$653,$65,$18,$35,$53,$-4,$-28,$3,$2,$16,$134,$-66,$0,$0,$-63,$0,$-63,$-5,$-134,$0,$0,$0,$3,$3,$-34,$-0,$-31,$-30,$53,$-34
4,2017-09-30,105.85,$12.18,8.69,$10.34,10.23,$3.99,26.53,$1.61,65.74,$0.46B,$0.07B,7.01,$0.00B,$0.51B,0.0,$0.45B,$0.24B,54.83%,$0.45B,$0.07B,15.96%,$0.45B,$0.07B,15.96%,$0.45B,$0.09B,19.55%,$0.45B,$0.07B,16.63%,$0.45B,$0.07B,15.73%,$0.07B,$0.51B,15.04%,$0.07B,$0.50B,15.33%,$0.07B,$0.61B,12.61%,$0.07B,$0.51B,15.25%,$129,$58,$71,$21,$25,$105,$24,$1,$25,$1,$24,$24,$24,$28,$24,$41,43,$0.57,$0.54,$300,$100,$0,$464,$101,$5,$8,$27,$141,$605,$66,$0,$33,$33,$99,$365,$140,$0,$506,$605,$53,$14,$39,$52,$-17,$-28,$5,$2,$-25,$80,$-25,$0,$0,$-41,$0,$-41,$-2,$-68,$0,$0,$0,$3,$3,$-25,$-0,$-23,$-8,$41,$-25
5,2017-06-30,95.58,$11.45,8.35,$9.92,9.64,$3.86,24.78,$1.41,67.79,$0.43B,$0.06B,6.8,$0.00B,$0.47B,0.0,$0.42B,$0.23B,54.74%,$0.42B,$0.06B,14.69%,$0.42B,$0.06B,14.69%,$0.42B,$0.08B,18.48%,$0.42B,$0.07B,15.40%,$0.42B,$0.06B,14.22%,$0.06B,$0.47B,13.54%,$0.06B,$0.47B,13.83%,$0.06B,$0.57B,11.37%,$0.06B,$0.47B,14.00%,$112,$51,$61,$20,$26,$97,$15,$1,$16,$1,$15,$15,$15,$19,$15,$41,43,$0.36,$0.35,$278,$93,$0,$427,$101,$5,$9,$26,$141,$568,$63,$0,$31,$31,$94,$349,$126,$-1,$474,$568,$29,$9,$26,$35,$-8,$-21,$8,$-1,$-17,$47,$-21,$0,$0,$-53,$0,$-53,$0,$-74,$0,$0,$0,$2,$2,$-17,$-0,$-16,$-42,$27,$-17
6,2017-03-31,91.14,$10.94,8.33,$9.59,9.51,$3.86,23.63,$1.33,68.52,$0.41B,$0.06B,7.26,$0.00B,$0.45B,0.0,$0.40B,$0.22B,54.70%,$0.40B,$0.06B,14.60%,$0.40B,$0.06B,14.60%,$0.40B,$0.07B,18.32%,$0.40B,$0.06B,15.10%,$0.40B,$0.06B,13.86%,$0.06B,$0.45B,13.23%,$0.06B,$0.44B,13.53%,$0.06B,$0.54B,11.13%,$0.06B,$0.45B,13.94%,$100,$46,$55,$19,$22,$87,$14,$1,$15,$0,$14,$14,$14,$18,$14,$41,43,$0.35,$0.33,$279,$79,$0,$406,$86,$5,$9,$30,$130,$537,$56,$0,$30,$30,$86,$334,$120,$-3,$451,$537,$14,$5,$11,$15,$-4,$-7,$5,$-1,$-8,$22,$-3,$0,$0,$-48,$0,$-48,$0,$-51,$0,$0,$0,$1,$1,$-8,$-0,$-7,$-36,$12,$-8
7,2016-12-31,80.9,$10.57,7.65,$9.30,8.7,$3.99,20.25,$1.25,64.72,$0.38B,$0.05B,7.24,$0.00B,$0.43B,0.0,$0.39B,$0.21B,54.50%,$0.39B,$0.06B,14.14%,$0.39B,$0.06B,14.14%,$0.39B,$0.07B,17.99%,$0.39B,$0.06B,14.65%,$0.39B,$0.05B,13.62%,$0.05B,$0.43B,13.05%,$0.05B,$0.42B,13.38%,$0.05B,$0.51B,11.03%,$0.06B,$0.43B,13.55%,$104,$47,$57,$18,$21,$86,$18,$1,$18,$2,$17,$17,$17,$22,$18,$40,42,$0.41,$0.40,$268,$71,$0,$383,$85,$5,$10,$27,$128,$511,$53,$0,$27,$27,$80,$316,$119,$-4,$431,$511,$53,$16,$42,$58,$-3,$-8,$5,$-11,$-3,$108,$-37,$0,$0,$-14,$0,$-14,$-5,$-56,$0,$0,$0,$4,$4,$-33,$1,$-28,$22,$45,$-33
8,2016-09-30,79.29,$10.24,7.74,$8.95,8.86,$3.63,21.84,$1.10,72.08,$0.37B,$0.06B,6.61,$0.00B,$0.42B,0.0,$0.37B,$0.20B,54.30%,$0.37B,$0.05B,13.17%,$0.37B,$0.05B,13.17%,$0.37B,$0.06B,17.20%,$0.37B,$0.05B,13.71%,$0.37B,$0.05B,12.37%,$0.05B,$0.42B,11.78%,$0.05B,$0.41B,12.11%,$0.05B,$0.50B,9.99%,$0.05B,$0.42B,12.55%,$106,$49,$58,$20,$22,$91,$15,$1,$16,$1,$14,$14,$14,$19,$15,$41,42,$0.35,$0.34,$259,$71,$0,$367,$82,$5,$10,$30,$128,$495,$56,$0,$23,$23,$79,$305,$112,$0,$416,$495,$36,$11,$32,$43,$-3,$-8,$6,$-11,$-3,$77,$-29,$0,$0,$-9,$0,$-9,$0,$-38,$0,$0,$0,$4,$4,$-25,$1,$-20,$19,$34,$-25
9,2016-06-30,67.13,$9.76,6.88,$8.65,7.76,$3.40,19.74,$1.04,64.54,$0.35B,$0.05B,6.7,$0.00B,$0.40B,0.0,$0.36B,$0.19B,54.06%,$0.36B,$0.05B,13.17%,$0.36B,$0.05B,13.17%,$0.36B,$0.06B,17.37%,$0.36B,$0.05B,13.45%,$0.36B,$0.04B,12.04%,$0.04B,$0.40B,11.47%,$0.04B,$0.39B,11.82%,$0.04B,$0.47B,9.73%,$0.05B,$0.40B,12.53%,$94,$43,$51,$18,$22,$83,$12,$1,$12,$1,$11,$11,$11,$15,$12,$40,42,$0.28,$0.27,$244,$70,$0,$349,$74,$5,$11,$29,$120,$469,$52,$0,$21,$21,$74,$289,$106,$0,$395,$469,$22,$7,$20,$27,$-1,$-7,$7,$-10,$-5,$44,$-19,$0,$0,$-18,$0,$-18,$-2,$-38,$0,$0,$0,$2,$2,$-16,$0,$-14,$-9,$21,$-16
10,2016-03-31,62.34,$9.49,6.57,$8.40,7.43,$3.21,19.44,$0.96,64.94,$0.35B,$0.05B,7.62,$0.00B,$0.38B,0.0,$0.34B,$0.19B,54.07%,$0.34B,$0.05B,13.08%,$0.34B,$0.05B,13.08%,$0.34B,$0.06B,17.73%,$0.34B,$0.05B,13.37%,$0.34B,$0.04B,11.63%,$0.04B,$0.38B,10.96%,$0.04B,$0.37B,11.33%,$0.04B,$0.45B,9.32%,$0.05B,$0.38B,12.33%,$85,$39,$46,$17,$18,$74,$10,$1,$11,$0,$11,$11,$11,$14,$10,$40,42,$0.26,$0.25,$252,$62,$0,$346,$67,$5,$11,$18,$102,$447,$45,$0,$20,$20,$65,$276,$103,$2,$382,$447,$11,$3,$9,$12,$2,$1,$3,$-0,$6,$29,$-5,$0,$0,$-29,$0,$-29,$-1,$-36,$0,$0,$0,$2,$2,$-8,$0,$-6,$-13,$9,$-8
11,2015-12-31,62.21,$9.29,6.7,$8.18,7.61,$2.91,21.36,$0.86,72.33,$0.33B,$0.04B,7.67,$0.00B,$0.37B,0.0,$0.33B,$0.18B,54.05%,$0.33B,$0.04B,12.31%,$0.33B,$0.04B,12.31%,$0.33B,$0.06B,16.82%,$0.33B,$0.04B,12.31%,$0.33B,$0.04B,10.51%,$0.04B,$0.37B,9.84%,$0.04B,$0.36B,10.20%,$0.04B,$0.43B,8.34%,$0.04B,$0.37B,11.52%,$87,$40,$47,$17,$18,$75,$12,$1,$12,$2,$10,$10,$10,$16,$12,$39,41,$0.26,$0.24,$235,$63,$0,$332,$65,$5,$12,$16,$99,$431,$43,$0,$19,$19,$63,$266,$101,$1,$369,$431,$35,$14,$33,$47,$-5,$-22,$0,$-0,$-13,$70,$-16,$0,$0,$-33,$0,$-33,$-8,$-57,$0,$0,$0,$-22,$-22,$-30,$6,$-47,$-35,$42,$-30
12,2015-09-30,49.84,$8.96,5.56,$7.95,6.27,$3.21,15.51,$0.84,59.33,$0.33B,$0.05B,6.79,$0.00B,$0.35B,0.0,$0.32B,$0.17B,54.04%,$0.32B,$0.04B,11.80%,$0.32B,$0.04B,11.80%,$0.32B,$0.05B,16.46%,$0.32B,$0.04B,12.11%,$0.32B,$0.03B,10.56%,$0.03B,$0.35B,9.71%,$0.03B,$0.34B,10.08%,$0.03B,$0.42B,8.26%,$0.04B,$0.35B,10.86%,$91,$42,$49,$17,$19,$78,$13,$-0,$13,$2,$11,$11,$11,$17,$13,$40,41,$0.28,$0.28,$230,$67,$0,$330,$60,$5,$12,$11,$90,$420,$49,$0,$14,$17,$66,$251,$100,$3,$354,$420,$25,$10,$26,$36,$-5,$-26,$4,$0,$-16,$45,$-8,$0,$0,$-45,$0,$-45,$0,$-53,$0,$0,$0,$-23,$-23,$-22,$4,$-40,$-50,$29,$-22
13,2015-06-30,49.16,$8.95,5.49,$7.68,6.4,$3.46,14.21,$0.84,58.53,$0.33B,$0.05B,7.04,$0.00B,$0.36B,0.0,$0.31B,$0.17B,54.05%,$0.31B,$0.04B,11.33%,$0.31B,$0.04B,11.33%,$0.31B,$0.05B,16.18%,$0.31B,$0.04B,11.97%,$0.31B,$0.03B,11.00%,$0.03B,$0.36B,9.80%,$0.03B,$0.34B,10.19%,$0.03B,$0.42B,8.40%,$0.04B,$0.36B,10.09%,$81,$37,$44,$16,$18,$71,$10,$0,$10,$2,$8,$8,$8,$14,$10,$40,41,$0.20,$0.19,$231,$65,$0,$325,$62,$5,$13,$11,$92,$418,$46,$0,$14,$17,$63,$252,$97,$6,$355,$418,$14,$7,$16,$23,$-1,$-24,$5,$0,$-14,$23,$-7,$0,$0,$-38,$0,$-38,$-3,$-47,$0,$0,$0,$-10,$-10,$-14,$2,$-22,$-45,$19,$-14
14,2015-03-31,50.85,$8.80,5.78,$7.41,6.86,$3.85,13.22,$0.81,62.78,$0.32B,$0.05B,6.87,$0.00B,$0.35B,0.0,$0.30B,$0.16B,54.05%,$0.30B,$0.03B,10.81%,$0.30B,$0.03B,10.81%,$0.30B,$0.05B,15.54%,$0.30B,$0.03B,11.49%,$0.30B,$0.03B,10.81%,$0.03B,$0.35B,9.36%,$0.03B,$0.33B,9.64%,$0.03B,$0.41B,8.06%,$0.03B,$0.35B,9.36%,$74,$34,$40,$16,$18,$68,$6,$1,$6,$1,$6,$6,$6,$9,$6,$39,41,$0.15,$0.15,$234,$53,$0,$315,$64,$5,$13,$11,$94,$410,$46,$0,$12,$18,$64,$242,$98,$6,$345,$410,$6,$4,$9,$13,$0,$-12,$7,$0,$-3,$16,$-5,$0,$0,$-25,$0,$-25,$-2,$-32,$0,$0,$0,$-8,$-8,$-6,$0,$-14,$-30,$9,$-6
15,2014-12-31,47.86,$8.92,5.36,$7.12,6.72,$3.77,12.71,$0.89,53.77,$0.31B,$0.04B,8.35,$0.00B,$0.35B,0.0,$0.28B,$0.15B,53.90%,$0.28B,$0.04B,12.41%,$0.28B,$0.04B,12.41%,$0.28B,$0.05B,17.38%,$0.28B,$0.04B,13.12%,$0.28B,$0.04B,12.41%,$0.04B,$0.35B,10.31%,$0.04B,$0.33B,10.52%,$0.04B,$0.40B,9.01%,$0.04B,$0.35B,10.31%,$76,$35,$41,$15,$17,$67,$9,$0,$10,$1,$9,$9,$9,$13,$9,$39,40,$0.23,$0.22,$239,$41,$0,$308,$63,$5,$13,$8,$91,$399,$37,$0,$10,$16,$53,$241,$100,$6,$346,$399,$35,$13,$33,$47,$-2,$-1,$2,$-2,$-8,$74,$-10,$0,$-12,$12,$5,$17,$-5,$-9,$0,$0,$0,$-27,$-27,$-12,$-0,$-39,$25,$33,$-12
16,2014-09-30,42.26,$8.80,4.8,$6.87,6.16,$3.31,12.78,$0.86,49.14,$0.30B,$0.04B,8.05,$0.00B,$0.34B,0.0,$0.27B,$0.15B,53.70%,$0.27B,$0.03B,12.59%,$0.27B,$0.03B,12.59%,$0.27B,$0.05B,17.41%,$0.27B,$0.04B,12.96%,$0.27B,$0.03B,12.59%,$0.03B,$0.34B,10.19%,$0.03B,$0.33B,10.30%,$0.03B,$0.39B,8.92%,$0.03B,$0.34B,10.19%,$78,$36,$42,$15,$17,$68,$10,$0,$11,$-1,$11,$11,$11,$14,$10,$39,40,$0.29,$0.28,$229,$42,$0,$297,$63,$10,$14,$8,$95,$393,$37,$0,$14,$14,$51,$239,$97,$6,$342,$393,$27,$10,$25,$35,$-1,$-2,$4,$-2,$-8,$54,$-8,$0,$-12,$-7,$0,$-7,$0,$-26,$0,$0,$0,$-20,$-20,$-6,$-0,$-27,$1,$25,$-6
17,2014-06-30,40.49,$8.63,4.69,$6.57,6.16,$2.53,15.99,$0.77,52.58,$0.31B,$0.04B,7.3,$0.00B,$0.34B,0.0,$0.26B,$0.14B,53.70%,$0.26B,$0.03B,12.84%,$0.26B,$0.03B,12.84%,$0.26B,$0.05B,17.51%,$0.26B,$0.03B,12.84%,$0.26B,$0.03B,11.67%,$0.03B,$0.34B,9.16%,$0.03B,$0.34B,9.16%,$0.03B,$0.39B,8.10%,$0.03B,$0.34B,10.08%,$68,$31,$37,$13,$17,$62,$7,$0,$7,$1,$6,$6,$6,$10,$7,$39,40,$0.17,$0.16,$241,$41,$0,$306,$64,$10,$0,$6,$80,$387,$42,$0,$10,$10,$52,$237,$92,$6,$335,$387,$15,$6,$16,$22,$2,$-1,$3,$-1,$-0,$38,$-6,$0,$0,$-8,$0,$-8,$-2,$-16,$0,$0,$0,$-14,$-14,$0,$-0,$-14,$7,$16,$0
18,2014-03-31,36.93,$8.65,4.27,$6.35,5.82,$2.03,18.17,$0.75,49.25,$0.29B,$0.03B,9.57,$0.00B,$0.34B,0.0,$0.25B,$0.13B,53.44%,$0.25B,$0.03B,12.55%,$0.25B,$0.03B,12.55%,$0.25B,$0.04B,17.41%,$0.25B,$0.03B,12.55%,$0.25B,$0.03B,11.74%,$0.03B,$0.34B,9.14%,$0.03B,$0.34B,9.14%,$0.03B,$0.38B,8.13%,$0.03B,$0.34B,9.77%,$60,$28,$32,$16,$16,$51,$9,$0,$9,$0,$9,$9,$9,$12,$9,$38,40,$0.23,$0.23,$229,$40,$0,$293,$66,$10,$0,$5,$81,$375,$31,$0,$9,$9,$40,$237,$92,$6,$335,$375,$9,$3,$8,$11,$2,$-0,$1,$-2,$-8,$12,$-5,$0,$0,$-15,$0,$-15,$0,$-19,$0,$0,$0,$-5,$-5,$0,$0,$-5,$-12,$8,$0
19,2013-12-31,33.02,$8.45,3.91,$6.20,5.33,$1.93,17.1,$0.59,55.96,$0.29B,$0.04B,7.59,$0.00B,$0.32B,0.0,$0.24B,$0.13B,53.36%,$0.24B,$0.02B,10.08%,$0.24B,$0.02B,10.08%,$0.24B,$0.04B,15.13%,$0.24B,$0.02B,10.08%,$0.24B,$0.02B,9.24%,$0.02B,$0.32B,7.27%,$0.02B,$0.32B,7.27%,$0.02B,$0.37B,6.46%,$0.02B,$0.32B,7.93%,$64,$29,$34,$12,$14,$56,$8,$-0,$8,$0,$8,$8,$8,$11,$8,$37,39,$0.19,$0.19,$226,$40,$0,$292,$65,$10,$0,$2,$77,$369,$38,$0,$1,$7,$46,$234,$83,$6,$323,$369,$23,$13,$21,$33,$-4,$-8,$1,$0,$5,$61,$-16,$0,$0,$-40,$2,$-38,$-1,$-54,$0,$0,$0,$19,$19,$0,$-1,$19,$26,$21,$0
20,2013-09-30,28.85,$8.30,3.47,$5.88,4.91,$0.87,33.09,$0.41,70.36,$0.27B,$0.03B,10.28,$0.00B,$0.32B,0.0,$0.22B,$0.12B,53.60%,$0.22B,$0.02B,7.66%,$0.22B,$0.02B,7.66%,$0.22B,$0.03B,13.06%,$0.22B,$0.02B,7.66%,$0.22B,$0.01B,6.31%,$0.01B,$0.32B,4.89%,$0.01B,$0.32B,4.89%,$0.01B,$0.35B,4.37%,$0.02B,$0.32B,5.94%,$65,$30,$35,$13,$14,$57,$9,$-0,$9,$1,$7,$7,$7,$12,$9,$38,39,$0.20,$0.19,$204,$43,$0,$271,$67,$10,$0,$1,$79,$350,$26,$0,$6,$6,$33,$236,$75,$6,$317,$350,$15,$9,$15,$24,$-3,$-11,$1,$0,$-10,$30,$-15,$0,$0,$-7,$0,$-7,$0,$-22,$0,$0,$0,$27,$27,$0,$0,$27,$35,$15,$0
21,2013-06-30,22.97,$7.87,2.92,$5.76,3.99,$0.35,66.15,$0.38,60.44,$0.25B,$0.03B,7.73,$0.00B,$0.29B,0.0,$0.21B,$0.11B,53.27%,$0.21B,$0.01B,6.54%,$0.21B,$0.01B,6.54%,$0.21B,$0.03B,12.15%,$0.21B,$0.01B,6.54%,$0.21B,$0.01B,6.07%,$0.01B,$0.29B,4.67%,$0.01B,$0.29B,4.67%,$0.01B,$0.33B,4.17%,$0.01B,$0.29B,5.03%,$58,$27,$31,$12,$14,$53,$5,$0,$5,$-0,$5,$5,$5,$8,$5,$37,38,$0.15,$0.14,$190,$40,$0,$252,$67,$12,$0,$1,$81,$333,$33,$0,$6,$6,$39,$221,$68,$5,$294,$333,$8,$6,$10,$16,$-1,$-8,$4,$0,$-2,$22,$-11,$0,$0,$-3,$0,$-3,$0,$-13,$0,$0,$0,$17,$17,$0,$0,$17,$27,$10,$0
22,2013-03-31,23.22,$7.52,3.09,$5.87,3.95,$0.02,955.39,$0.42,55.28,$0.23B,$0.03B,8.43,$0.00B,$0.28B,0.0,$0.22B,$0.11B,53.02%,$0.22B,$0.02B,7.44%,$0.22B,$0.02B,7.44%,$0.22B,$0.03B,12.56%,$0.22B,$0.02B,7.44%,$0.22B,$0.02B,6.98%,$0.02B,$0.28B,5.51%,$0.02B,$0.28B,5.51%,$0.02B,$0.31B,4.91%,$0.02B,$0.28B,5.88%,$51,$24,$27,$12,$13,$49,$2,$-0,$2,$-0,$2,$2,$2,$5,$2,$36,38,$0.07,$0.07,$175,$35,$0,$234,$63,$12,$0,$1,$76,$311,$28,$0,$7,$7,$34,$209,$63,$4,$276,$311,$2,$3,$5,$7,$-3,$-3,$2,$0,$-3,$7,$-3,$0,$0,$4,$0,$4,$0,$0,$0,$0,$0,$11,$11,$0,$0,$11,$18,$5,$0
23,2012-12-31,21.23,$7.24,2.93,$5.93,3.58,$-0.02,0.0,$0.43,49.36,$0.21B,$0.02B,9.14,$0.00B,$0.26B,0.0,$0.21B,$0.11B,52.80%,$0.21B,$0.02B,7.94%,$0.21B,$0.02B,7.94%,$0.21B,$0.03B,12.62%,$0.21B,$0.02B,7.94%,$0.21B,$0.02B,7.48%,$0.02B,$0.26B,6.00%,$0.02B,$0.26B,6.00%,$0.02B,$0.29B,5.32%,$0.02B,$0.26B,6.37%,$48,$23,$26,$13,$14,$47,$1,$-0,$1,$1,$0,$0,$0,$4,$1,$35,36,$0.00,$0.01,$161,$32,$0,$214,$59,$12,$0,$1,$73,$287,$23,$0,$0,$5,$29,$194,$60,$4,$258,$287,$16,$10,$19,$29,$-4,$-12,$1,$-0,$-20,$25,$-21,$0,$0,$-8,$2,$-6,$0,$-27,$0,$0,$0,$15,$15,$-36,$1,$-20,$-21,$19,$-36
24,2012-09-30,17.98,$8.05,2.23,$5.95,3.02,$0.51,35.03,$0.49,36.69,$0.24B,$0.03B,9.76,$0.00B,$0.29B,0.0,$0.21B,$0.11B,52.58%,$0.21B,$0.02B,8.45%,$0.21B,$0.02B,8.45%,$0.21B,$0.03B,13.15%,$0.21B,$0.02B,8.92%,$0.21B,$0.02B,8.45%,$0.02B,$0.29B,6.84%,$0.02B,$0.29B,6.84%,$0.02B,$0.32B,6.05%,$0.02B,$0.29B,6.84%,$57,$26,$30,$12,$12,$50,$6,$0,$6,$1,$6,$6,$6,$9,$6,$35,36,$0.17,$0.16,$186,$33,$0,$243,$60,$12,$0,$1,$73,$315,$25,$0,$5,$5,$30,$186,$95,$4,$285,$315,$16,$7,$11,$18,$-6,$-13,$2,$-0,$-20,$13,$-19,$-0,$0,$-30,$2,$-27,$0,$-47,$0,$0,$0,$14,$14,$0,$1,$15,$-18,$11,$0
25,2012-06-30,18.07,$7.73,2.34,$5.95,3.04,$1.00,18.11,$0.49,36.88,$0.24B,$0.04B,6.69,$0.00B,$0.27B,0.0,$0.21B,$0.11B,52.63%,$0.21B,$0.02B,8.13%,$0.21B,$0.02B,8.13%,$0.21B,$0.03B,12.44%,$0.21B,$0.02B,8.61%,$0.21B,$0.02B,8.13%,$0.02B,$0.27B,6.77%,$0.02B,$0.27B,6.77%,$0.02B,$0.31B,5.95%,$0.02B,$0.27B,6.77%,$59,$27,$31,$12,$12,$52,$7,$0,$7,$1,$7,$7,$7,$9,$7,$35,36,$0.19,$0.18,$185,$29,$0,$238,$60,$12,$0,$1,$72,$310,$36,$0,$5,$5,$41,$176,$90,$4,$269,$310,$10,$5,$8,$13,$-6,$-9,$6,$-0,$-10,$12,$-13,$0,$0,$-25,$2,$-23,$0,$-36,$0,$0,$0,$8,$8,$0,$1,$9,$-15,$7,$0
26,2012-03-31,17.91,$7.40,2.42,$5.80,3.09,$1.49,12.04,$0.41,43.67,$0.23B,$0.03B,7.16,$0.00B,$0.26B,0.0,$0.20B,$0.11B,52.48%,$0.20B,$0.01B,6.93%,$0.20B,$0.01B,6.93%,$0.20B,$0.02B,11.39%,$0.20B,$0.02B,7.43%,$0.20B,$0.01B,6.44%,$0.01B,$0.26B,5.41%,$0.01B,$0.26B,5.41%,$0.01B,$0.29B,4.75%,$0.01B,$0.26B,5.82%,$50,$24,$26,$11,$12,$47,$3,$0,$3,$0,$3,$3,$3,$5,$3,$34,36,$0.09,$0.08,$181,$22,$0,$225,$51,$14,$0,$1,$66,$291,$31,$0,$5,$5,$36,$168,$83,$4,$255,$291,$3,$2,$4,$6,$-5,$-1,$4,$0,$-3,$6,$-5,$0,$0,$-24,$0,$-24,$0,$-29,$0,$0,$0,$5,$5,$0,$0,$5,$-18,$3,$0
27,2011-12-31,13.72,$7.18,1.91,$5.61,2.45,$1.59,8.61,$0.38,36.1,$0.21B,$0.03B,8.11,$0.00B,$0.24B,0.0,$0.20B,$0.10B,52.04%,$0.20B,$0.01B,6.63%,$0.20B,$0.01B,6.63%,$0.20B,$0.02B,11.22%,$0.20B,$0.01B,7.14%,$0.20B,$0.01B,6.12%,$0.01B,$0.24B,5.05%,$0.01B,$0.24B,5.05%,$0.01B,$0.27B,4.45%,$0.01B,$0.24B,5.47%,$47,$23,$25,$11,$10,$45,$2,$0,$3,$0,$2,$2,$2,$5,$2,$34,35,$0.08,$0.07,$174,$20,$0,$212,$48,$14,$0,$1,$62,$274,$26,$0,$5,$5,$31,$159,$80,$4,$243,$274,$13,$9,$13,$22,$3,$6,$-1,$1,$9,$44,$-21,$0,$0,$51,$6,$57,$0,$36,$0,$0,$0,$-32,$-32,$0,$0,$-32,$48,$13,$0
28,2011-09-30,9.27,$7.04,1.32,$5.50,1.68,$1.63,5.69,$0.41,22.6,$0.20B,$0.03B,8.1,$0.00B,$0.24B,0.0,$0.20B,$0.10B,51.53%,$0.20B,$0.02B,7.65%,$0.20B,$0.02B,7.65%,$0.20B,$0.02B,12.24%,$0.20B,$0.02B,7.65%,$0.20B,$0.01B,7.14%,$0.01B,$0.24B,5.87%,$0.01B,$0.24B,5.87%,$0.01B,$0.27B,5.15%,$0.02B,$0.24B,6.29%,$53,$25,$28,$12,$10,$48,$5,$0,$5,$-0,$5,$5,$5,$7,$5,$34,34,$0.16,$0.16,$161,$24,$0,$203,$48,$16,$0,$1,$64,$267,$25,$0,$5,$5,$30,$156,$77,$3,$237,$267,$11,$7,$12,$19,$2,$2,$1,$0,$1,$30,$-19,$0,$0,$61,$4,$65,$0,$46,$0,$0,$0,$-32,$-32,$0,$0,$-32,$45,$10,$0
29,2011-06-30,14.04,$6.79,2.07,$5.70,2.46,$1.81,7.75,$0.60,23.39,$0.21B,$0.03B,6.7,$0.00B,$0.23B,0.0,$0.21B,$0.11B,52.15%,$0.21B,$0.02B,11.00%,$0.21B,$0.02B,11.00%,$0.21B,$0.03B,15.79%,$0.21B,$0.02B,11.48%,$0.21B,$0.02B,10.53%,$0.02B,$0.23B,9.07%,$0.02B,$0.23B,9.07%,$0.02B,$0.26B,7.91%,$0.02B,$0.23B,9.48%,$52,$25,$27,$11,$10,$48,$4,$0,$4,$1,$3,$3,$3,$6,$4,$34,35,$0.10,$0.10,$163,$25,$0,$208,$37,$17,$0,$1,$55,$263,$31,$0,$5,$5,$36,$152,$72,$3,$227,$263,$5,$5,$8,$13,$1,$1,$2,$1,$3,$22,$-5,$0,$0,$64,$2,$66,$0,$61,$0,$0,$0,$-33,$-33,$0,$0,$-33,$50,$7,$0
30,2011-03-31,12.92,$6.97,1.85,$5.67,2.28,$1.61,8.05,$0.67,19.28,$0.22B,$0.03B,8.22,$0.00B,$0.24B,0.0,$0.21B,$0.11B,53.52%,$0.21B,$0.03B,12.21%,$0.21B,$0.03B,12.21%,$0.21B,$0.04B,16.90%,$0.21B,$0.03B,12.68%,$0.21B,$0.03B,11.74%,$0.03B,$0.24B,10.07%,$0.03B,$0.24B,10.07%,$0.03B,$0.28B,8.82%,$0.03B,$0.24B,10.47%,$44,$22,$22,$10,$9,$43,$2,$0,$2,$0,$2,$2,$2,$4,$2,$35,36,$0.05,$0.05,$176,$23,$0,$220,$37,$17,$0,$1,$55,$275,$27,$0,$5,$5,$32,$172,$69,$2,$243,$275,$2,$2,$4,$6,$1,$3,$1,$-0,$-0,$8,$-3,$0,$0,$28,$2,$30,$0,$27,$0,$0,$0,$-9,$-9,$0,$0,$-9,$26,$3,$0
31,2010-12-31,15.04,$7.04,2.14,$5.77,2.61,$1.59,9.48,$0.79,19.04,$0.22B,$0.03B,7.75,$0.00B,$0.25B,0.0,$0.22B,$0.12B,55.25%,$0.22B,$0.03B,13.70%,$0.22B,$0.03B,13.70%,$0.22B,$0.04B,18.26%,$0.22B,$0.03B,14.61%,$0.22B,$0.03B,13.24%,$0.03B,$0.25B,11.85%,$0.03B,$0.25B,11.85%,$0.03B,$0.28B,10.38%,$0.03B,$0.25B,12.26%,$47,$23,$24,$10,$9,$43,$4,$0,$4,$1,$4,$4,$4,$7,$4,$36,38,$0.10,$0.09,$178,$26,$0,$224,$37,$19,$0,$1,$57,$282,$29,$0,$6,$6,$35,$178,$67,$2,$247,$282,$30,$9,$19,$28,$-3,$-6,$1,$0,$-9,$48,$-23,$0,$0,$-11,$0,$-11,$-0,$-34,$0,$0,$0,$-15,$-15,$0,$1,$-14,$1,$17,$0
32,2010-09-30,14.87,$7.07,2.1,$5.80,2.56,$1.50,9.9,$0.81,18.35,$0.24B,$0.03B,7.17,$0.00B,$0.25B,0.0,$0.22B,$0.12B,56.62%,$0.22B,$0.03B,13.70%,$0.22B,$0.03B,13.70%,$0.22B,$0.04B,17.81%,$0.22B,$0.03B,15.07%,$0.22B,$0.03B,13.70%,$0.03B,$0.25B,12.70%,$0.03B,$0.25B,12.70%,$0.03B,$0.29B,11.13%,$0.03B,$0.25B,12.70%,$66,$30,$36,$11,$10,$52,$13,$0,$14,$0,$13,$13,$13,$16,$13,$36,38,$0.37,$0.35,$185,$19,$0,$240,$32,$19,$0,$1,$53,$292,$33,$0,$6,$6,$39,$189,$63,$1,$253,$292,$26,$6,$15,$22,$-17,$0,$9,$-0,$-9,$38,$-19,$0,$0,$-22,$0,$-22,$-0,$-40,$0,$0,$0,$-2,$-2,$0,$1,$-0,$-2,$14,$0
33,2010-06-30,16.26,$6.84,2.38,$5.34,3.04,$1.20,13.52,$0.80,20.32,$0.24B,$0.03B,8.05,$0.00B,$0.25B,0.0,$0.20B,$0.12B,58.21%,$0.20B,$0.03B,14.93%,$0.20B,$0.03B,14.93%,$0.20B,$0.04B,18.91%,$0.20B,$0.03B,15.92%,$0.20B,$0.03B,14.93%,$0.03B,$0.25B,13.44%,$0.03B,$0.25B,13.44%,$0.03B,$0.29B,11.82%,$0.03B,$0.25B,13.44%,$56,$23,$32,$12,$12,$49,$7,$0,$7,$1,$6,$6,$6,$9,$7,$36,38,$0.18,$0.17,$190,$14,$0,$237,$27,$19,$0,$1,$48,$285,$30,$0,$6,$6,$35,$199,$50,$1,$250,$285,$13,$4,$11,$15,$-15,$5,$3,$-0,$-5,$23,$-13,$0,$0,$-22,$0,$-22,$-0,$-35,$0,$0,$0,$13,$13,$0,$1,$14,$2,$10,$0
34,2010-03-31,20.3,$6.40,3.17,$5.02,4.04,$1.17,17.34,$0.72,28.19,$0.22B,$0.03B,8.53,$0.00B,$0.23B,0.0,$0.19B,$0.11B,58.60%,$0.19B,$0.03B,13.98%,$0.19B,$0.03B,13.98%,$0.19B,$0.03B,18.28%,$0.19B,$0.03B,15.05%,$0.19B,$0.03B,14.52%,$0.03B,$0.23B,13.12%,$0.03B,$0.23B,13.12%,$0.03B,$0.26B,11.42%,$0.03B,$0.23B,12.64%,$50,$21,$29,$11,$10,$44,$6,$0,$7,$0,$6,$6,$6,$8,$6,$35,38,$0.18,$0.17,$176,$15,$0,$217,$22,$20,$0,$1,$42,$259,$25,$0,$5,$5,$30,$185,$43,$1,$229,$259,$6,$2,$4,$6,$-9,$5,$2,$0,$-4,$8,$-4,$0,$0,$-8,$0,$-8,$0,$-11,$0,$0,$0,$5,$5,$0,$0,$5,$2,$4,$0
35,2009-12-31,21.82,$6.06,3.6,$4.56,4.79,$1.03,21.09,$0.53,41.17,$0.20B,$0.02B,8.51,$0.00B,$0.21B,0.0,$0.17B,$0.10B,58.79%,$0.17B,$0.02B,11.52%,$0.17B,$0.02B,11.52%,$0.17B,$0.03B,15.76%,$0.17B,$0.02B,12.12%,$0.17B,$0.02B,12.12%,$0.02B,$0.21B,10.48%,$0.02B,$0.21B,10.48%,$0.02B,$0.24B,9.02%,$0.02B,$0.21B,9.96%,$47,$19,$27,$10,$10,$42,$4,$0,$5,$-0,$5,$5,$5,$6,$4,$34,37,$0.14,$0.13,$166,$20,$0,$203,$18,$19,$0,$1,$38,$242,$24,$0,$5,$5,$29,$176,$37,$0,$213,$242,$20,$7,$16,$23,$-6,$-1,$3,$-0,$-11,$32,$-10,$-0,$0,$-79,$0,$-79,$7,$-82,$0,$0,$0,$13,$13,$0,$1,$14,$-37,$15,$0
36,2009-09-30,21.35,$5.78,3.69,$4.25,5.02,$1.39,15.35,$0.50,42.69,$0.19B,$0.02B,8.28,$0.00B,$0.20B,0.0,$0.15B,$0.09B,58.82%,$0.15B,$0.02B,11.11%,$0.15B,$0.02B,11.11%,$0.15B,$0.02B,15.69%,$0.15B,$0.02B,11.76%,$0.15B,$0.02B,11.76%,$0.02B,$0.20B,10.07%,$0.02B,$0.20B,10.07%,$0.02B,$0.23B,8.57%,$0.02B,$0.20B,9.51%,$48,$19,$29,$10,$9,$35,$13,$0,$13,$1,$13,$13,$13,$15,$13,$35,37,$0.36,$0.34,$150,$20,$0,$192,$17,$19,$0,$0,$37,$229,$23,$0,$5,$5,$28,$168,$32,$0,$201,$229,$15,$5,$12,$17,$-10,$-1,$4,$-0,$-16,$16,$-7,$0,$0,$-59,$1,$-58,$7,$-58,$0,$0,$0,$10,$10,$0,$1,$11,$-31,$10,$0
37,2009-06-30,20.4,$5.25,3.88,$4.30,4.75,$1.58,12.88,$0.45,45.33,$0.16B,$0.03B,5.12,$0.00B,$0.18B,0.0,$0.15B,$0.09B,59.74%,$0.15B,$0.02B,9.74%,$0.15B,$0.02B,9.74%,$0.15B,$0.02B,13.64%,$0.15B,$0.02B,10.39%,$0.15B,$0.02B,9.74%,$0.02B,$0.18B,8.88%,$0.02B,$0.18B,8.88%,$0.02B,$0.22B,7.43%,$0.02B,$0.18B,8.88%,$41,$17,$24,$10,$9,$38,$3,$0,$3,$-0,$3,$3,$3,$5,$3,$34,36,$0.09,$0.09,$119,$20,$7,$162,$16,$38,$0,$0,$54,$216,$32,$0,$5,$5,$36,$160,$20,$0,$180,$216,$2,$3,$8,$11,$-3,$-1,$3,$-1,$-2,$11,$-3,$0,$0,$-40,$0,$-40,$0,$-43,$0,$0,$0,$5,$5,$0,$1,$5,$-26,$7,$0
38,2009-03-31,14.11,$4.98,2.83,$4.31,3.27,$1.71,8.24,$0.49,28.8,$0.15B,$0.03B,5.59,$0.00B,$0.17B,0.0,$0.16B,$0.09B,60.65%,$0.16B,$0.02B,10.32%,$0.16B,$0.02B,10.32%,$0.16B,$0.02B,14.19%,$0.16B,$0.02B,11.61%,$0.16B,$0.02B,10.97%,$0.02B,$0.17B,10.51%,$0.02B,$0.17B,10.51%,$0.02B,$0.20B,8.67%,$0.02B,$0.17B,9.89%,$29,$12,$17,$8,$8,$30,$-1,$0,$-1,$-0,$-1,$-1,$-1,$0,$-1,$34,34,$-0.02,$-0.02,$113,$19,$0,$148,$14,$37,$0,$0,$52,$200,$27,$0,$5,$5,$31,$152,$17,$-0,$169,$200,$-1,$2,$4,$5,$-4,$0,$3,$-0,$-4,$0,$-1,$0,$0,$-16,$0,$-16,$0,$-17,$0,$0,$0,$2,$2,$0,$0,$2,$-15,$3,$0
39,2008-12-31,11.48,$4.89,2.35,$4.43,2.59,$1.86,6.17,$0.68,16.88,$0.14B,$0.03B,5.54,$0.00B,$0.17B,0.0,$0.16B,$0.10B,61.49%,$0.16B,$0.02B,13.66%,$0.16B,$0.02B,13.66%,$0.16B,$0.03B,18.01%,$0.16B,$0.03B,16.15%,$0.16B,$0.02B,14.91%,$0.02B,$0.17B,15.56%,$0.02B,$0.17B,15.56%,$0.02B,$0.20B,12.70%,$0.02B,$0.17B,14.26%,$35,$15,$20,$9,$8,$32,$2,$1,$3,$-0,$3,$3,$3,$4,$2,$34,36,$0.09,$0.08,$113,$19,$0,$143,$14,$37,$0,$0,$52,$195,$26,$0,$5,$5,$31,$147,$17,$-0,$165,$195,$24,$6,$15,$21,$-1,$-1,$-1,$2,$-6,$40,$-5,$0,$0,$-6,$-27,$-33,$9,$-30,$0,$0,$0,$-11,$-11,$0,$1,$-10,$0,$13,$0
40,2008-09-30,15.81,$4.77,3.32,$4.56,3.46,$1.47,10.78,$0.79,20.02,$0.14B,$0.03B,4.99,$0.00B,$0.16B,0.0,$0.16B,$0.10B,63.41%,$0.16B,$0.03B,17.07%,$0.16B,$0.03B,17.07%,$0.16B,$0.05B,27.44%,$0.16B,$0.03B,19.51%,$0.16B,$0.03B,18.29%,$0.03B,$0.16B,20.34%,$0.03B,$0.16B,20.34%,$0.03B,$0.20B,16.35%,$0.03B,$0.16B,18.98%,$49,$18,$31,$9,$10,$38,$11,$0,$11,$0,$10,$10,$10,$12,$11,$34,37,$0.31,$0.29,$85,$22,$14,$143,$14,$37,$0,$1,$53,$196,$29,$0,$5,$5,$34,$148,$14,$-1,$162,$196,$21,$4,$11,$15,$-11,$-5,$2,$1,$-17,$19,$-4,$0,$0,$8,$-27,$-20,$2,$-21,$0,$0,$0,$-6,$-6,$0,$1,$-5,$-7,$9,$0
41,2008-06-30,19.68,$4.47,4.4,$4.35,4.53,$1.28,15.41,$0.73,26.96,$0.13B,$0.04B,3.47,$0.00B,$0.15B,0.0,$0.16B,$0.10B,63.87%,$0.16B,$0.03B,16.77%,$0.16B,$0.03B,16.77%,$0.16B,$0.04B,27.74%,$0.16B,$0.03B,20.00%,$0.16B,$0.03B,18.71%,$0.03B,$0.15B,21.17%,$0.03B,$0.15B,21.17%,$0.03B,$0.19B,16.67%,$0.03B,$0.15B,18.98%,$42,$15,$26,$9,$9,$37,$4,$1,$5,$0,$5,$5,$5,$6,$4,$33,36,$0.14,$0.13,$80,$24,$7,$130,$15,$39,$0,$9,$64,$193,$37,$0,$5,$5,$43,$146,$4,$1,$151,$193,$11,$3,$7,$9,$-5,$-7,$6,$-0,$-5,$15,$-2,$0,$0,$12,$-28,$-17,$0,$-19,$0,$0,$0,$-5,$-5,$0,$1,$-4,$-8,$6,$0
42,2008-03-31,16.05,$4.20,3.82,$4.18,3.84,$1.11,14.43,$0.40,40.12,$0.11B,$0.03B,3.91,$0.00B,$0.14B,0.0,$0.14B,$0.09B,64.58%,$0.14B,$0.02B,10.42%,$0.14B,$0.02B,10.42%,$0.14B,$0.03B,21.53%,$0.14B,$0.02B,13.89%,$0.14B,$0.02B,12.50%,$0.02B,$0.14B,14.46%,$0.02B,$0.14B,14.46%,$0.02B,$0.17B,11.23%,$0.02B,$0.14B,12.05%,$35,$13,$22,$8,$9,$30,$5,$1,$7,$1,$6,$6,$6,$7,$5,$33,36,$0.18,$0.17,$69,$16,$7,$109,$15,$39,$0,$9,$64,$172,$28,$0,$5,$5,$33,$139,$-1,$1,$139,$172,$6,$1,$3,$4,$-3,$1,$1,$0,$-4,$6,$-1,$0,$0,$12,$-28,$-17,$0,$-17,$0,$0,$0,$-7,$-7,$0,$0,$-7,$-19,$3,$0
43,2007-12-31,19.54,$4.11,4.75,$4.00,4.89,$1.13,17.3,$0.23,84.98,$0.15B,$0.03B,5.06,$0.00B,$0.14B,0.0,$0.13B,$0.09B,65.41%,$0.13B,$0.01B,8.27%,$0.13B,$0.01B,8.27%,$0.13B,$0.03B,18.80%,$0.13B,$0.02B,11.28%,$0.13B,$0.01B,9.02%,$0.01B,$0.14B,10.43%,$0.01B,$0.14B,10.43%,$0.01B,$0.17B,8.03%,$0.01B,$0.14B,9.57%,$38,$14,$25,$7,$8,$31,$8,$1,$9,$-0,$9,$9,$9,$20,$8,$32,35,$0.30,$0.29,$118,$17,$0,$149,$14,$0,$0,$9,$24,$173,$29,$0,$6,$6,$35,$144,$-7,$0,$138,$173,$12,$15,$3,$18,$1,$-11,$0,$-4,$-4,$26,$-7,$0,$0,$-0,$0,$-0,$-7,$-14,$0,$0,$0,$17,$17,$0,$3,$20,$32,$0,$0
44,2007-09-30,23.12,$3.66,6.31,$3.80,6.09,$0.79,29.32,$-0.02,0.0,$0.13B,$0.03B,4.1,$0.00B,$0.12B,0.0,$0.12B,$0.08B,65.29%,$0.12B,$0.00B,3.31%,$0.12B,$0.00B,3.31%,$0.12B,$0.02B,15.70%,$0.12B,$0.01B,6.61%,$0.12B,$0.00B,1.65%,$0.00B,$0.12B,1.92%,$0.00B,$0.12B,1.92%,$0.00B,$0.16B,1.48%,$0.00B,$0.12B,3.84%,$40,$15,$26,$7,$8,$32,$9,$1,$10,$1,$9,$9,$9,$10,$9,$32,36,$0.28,$0.25,$102,$16,$0,$134,$14,$0,$0,$9,$24,$158,$33,$0,$5,$5,$38,$136,$-17,$0,$120,$158,$2,$3,$11,$14,$-4,$-9,$4,$-3,$-3,$13,$-5,$0,$0,$3,$0,$3,$0,$-1,$0,$0,$0,$13,$13,$0,$2,$15,$27,$8,$0
45,2007-06-30,15.88,$3.17,5.01,$3.60,4.42,$0.61,26.13,$-0.31,0.0,$0.12B,$0.03B,3.58,$0.00B,$0.10B,0.0,$0.11B,$0.07B,65.74%,$0.11B,$-0.01B,-5.56%,$0.11B,$-0.01B,-5.56%,$0.11B,$0.01B,8.33%,$0.11B,$-0.00B,-1.85%,$0.11B,$-0.01B,-8.33%,$-0.01B,$0.10B,-9.25%,$-0.01B,$0.10B,-9.25%,$-0.01B,$0.14B,-7.23%,$-0.01B,$0.10B,-6.17%,$31,$11,$20,$6,$7,$38,$-7,$1,$-6,$0,$-6,$-6,$-6,$-6,$-7,$31,31,$-0.20,$-0.20,$92,$12,$0,$116,$13,$0,$0,$9,$23,$138,$32,$0,$5,$5,$37,$126,$-25,$-0,$101,$138,$-7,$2,$7,$9,$1,$-5,$2,$-2,$7,$9,$-3,$0,$0,$4,$0,$4,$0,$1,$0,$0,$0,$6,$6,$0,$1,$8,$17,$5,$0
46,2007-03-31,11.74,$3.23,3.64,$3.41,3.45,$0.16,74.28,$-0.08,0.0,$0.11B,$0.02B,5.04,$0.00B,$0.10B,0.0,$0.10B,$0.07B,65.38%,$0.10B,$0.00B,2.88%,$0.10B,$0.00B,2.88%,$0.10B,$0.02B,14.42%,$0.10B,$0.01B,5.77%,$0.10B,$-0.00B,-1.92%,$-0.00B,$0.10B,-2.12%,$-0.00B,$0.10B,-2.12%,$-0.00B,$0.13B,-1.71%,$0.00B,$0.10B,3.18%,$24,$9,$16,$6,$6,$24,$1,$1,$2,$2,$-0,$-0,$-0,$1,$1,$30,30,$-0.01,$-0.01,$88,$9,$0,$108,$12,$0,$0,$9,$21,$129,$21,$0,$6,$7,$28,$120,$-18,$-0,$101,$129,$-0,$1,$5,$6,$1,$-3,$1,$-2,$1,$6,$-1,$0,$0,$3,$0,$3,$-0,$2,$0,$0,$0,$4,$4,$0,$1,$4,$12,$2,$0
47,2006-12-31,10.11,$3.13,3.23,$3.46,2.92,$0.00,0.0,$-0.09,0.0,$0.10B,$0.02B,4.83,$0.00B,$0.10B,0.0,$0.11B,$0.07B,63.81%,$0.11B,$0.00B,0.95%,$0.11B,$0.00B,0.95%,$0.11B,$0.02B,15.24%,$0.11B,$0.00B,2.86%,$0.11B,$-0.00B,-1.90%,$-0.00B,$0.10B,-2.23%,$-0.00B,$0.10B,-2.23%,$-0.00B,$0.12B,-1.80%,$0.00B,$0.10B,1.12%,$26,$10,$17,$6,$7,$25,$1,$1,$2,$3,$-1,$-1,$-1,$14,$1,$30,30,$-0.05,$-0.04,$78,$7,$0,$97,$11,$0,$0,$9,$20,$117,$20,$0,$2,$2,$22,$114,$-18,$-0,$95,$117,$-2,$14,$2,$17,$0,$-1,$-1,$0,$-0,$14,$-7,$0,$0,$11,$0,$11,$1,$5,$0,$0,$0,$5,$5,$0,$2,$7,$26,$0,$0
