,Date,Stock Price,Book Value per Share,Price to Book Ratio,TTM Sales per Share,Price to Sales Ratio,TTM FCF per Share,Price to FCF Ratio,TTM Net EPS,PE Ratio,Current Assets,Current Liabilities,Current Ratio,Long Term Debt,Shareholder's Equity_x,Debt to Equity Ratio,TTM Revenue_x,TTM Gross Profit,Gross Margin,TTM Revenue_y,TTM Operating Income,Operating Margin,TTM Revenue_x,TTM EBIT,EBIT Margin,TTM Revenue_y,TTM EBITDA,EBITDA Margin,TTM Revenue_x,TTM Pre-Tax Income,Pre-Tax Margin,TTM Revenue_y,TTM Net Income_x,Net Margin,TTM Net Income_y,Shareholder's Equity_y,Return on Equity,TTM Net Income_x,Tangible Equity,Return on Tangible Equity,TTM Net Income_y,Total Assets,Return on Assets,TTM Net Income,LT Investments & Debt,Return on Investment,revenue,cost-goods-sold,gross-profit,research-development-expenses,selling-general-administrative-expenses,operating-expenses,operating-income,total-non-operating-income-expense,pre-tax-income,total-provision-income-taxes,income-after-taxes,income-from-continuous-operations,net-income,ebitda,ebit,basic-shares-outstanding,shares-outstanding,eps-basic-net-earnings-per-share,eps-earnings-per-share-diluted,cash-on-hand,inventory,other-current-assets,total-current-assets,net-property-plant-equipment,long-term-investments,goodwill-intangible-assets-total,other-long-term-assets,total-long-term-assets,total-assets,total-current-liabilities,long-term-debt,other-non-current-liabilities,total-long-term-liabilities,total-liabilities,common-stock-net,retained-earnings-accumulated-deficit,comprehensive-income,total-share-holder-equity,total-liabilities-share-holders-equity,net-income-loss,total-depreciation-amortization-cash-flow,other-non-cash-items,total-non-cash-items,change-in-accounts-receivable,change-in-inventories,change-in-accounts-payable,change-in-assets-liabilities,total-change-in-assets-liabilities,cash-flow-from-operating-activities,net-change-in-property-plant-equipment,net-change-in-intangible-assets,net-acquisitions-divestitures,net-change-in-short-term-investments,net-change-in-long-term-investments,net-change-in-investments-total,investing-activities-other,cash-flow-from-investing-activities,net-long-term-debt,net-current-debt,debt-issuance-retirement-net-total,net-common-equity-issued-repurchased,net-total-equity-issued-repurchased,total-common-preferred-stock-dividends-paid,financial-activities-other,cash-flow-from-financial-activities,net-cash-flow,stock-based-compensation,common-stock-dividends-paid
0,2018-09-30,70.94,$12.28,5.78,$15.41,4.6,$5.33,13.32,$1.31,54.15,$26.84B,$18.59B,1.44,$19.94B,$32.66B,0.61,$41.73B,$28.21B,67.59%,$41.73B,$8.63B,20.67%,$41.73B,$8.63B,20.67%,$41.73B,$13.18B,31.58%,$41.73B,$7.98B,19.11%,$41.73B,$3.35B,8.02%,$3.35B,$32.66B,10.00%,$3.35B,$2.22B,166.97%,$3.35B,$85.13B,3.89%,$8.63B,$52.59B,15.93%,$10794,$3619,$7175,$2068,$2443,$8130,$2664,$1,$2665,$707,$1958,$1958,$1950,$3725,$2664,$2662,2678,$0.73,$0.73,$10285,$5416,$3761,$26836,$12755,$7606,$30433,$7500,$58294,$85130,$18586,$19936,$11887,$33888,$52474,$1788,$42189,$-5151,$32656,$85130,$4415,$3424,$940,$4364,$0,$0,$0,$-2034,$-2034,$7330,$-1686,$0,$-372,$4344,$0,$4344,$-150,$2136,$-3007,$2294,$-713,$-2697,$-2697,$-3895,$-289,$-7594,$1732,$261,$-3895
1,2018-06-30,60.7,$12.27,4.95,$15.17,4.0,$3.68,16.49,$0.56,108.39,$24.06B,$18.13B,1.33,$19.96B,$32.77B,0.61,$41.26B,$28.05B,67.98%,$41.26B,$6.11B,14.81%,$41.26B,$6.11B,14.81%,$41.26B,$10.75B,26.06%,$41.26B,$5.51B,13.35%,$41.26B,$1.34B,3.25%,$1.34B,$32.77B,3.84%,$1.34B,$1.59B,49.57%,$1.34B,$85.04B,1.53%,$6.11B,$52.73B,10.89%,$10465,$3417,$7048,$2274,$2508,$8199,$2266,$-180,$2086,$370,$1716,$1716,$1707,$3492,$2266,$2683,2696,$0.64,$0.63,$7594,$5178,$4005,$24064,$12626,$10033,$31172,$7145,$60976,$85040,$18128,$19959,$12028,$34146,$52274,$1788,$41523,$-5122,$32766,$85040,$2457,$2363,$562,$2925,$0,$0,$0,$-1274,$-1274,$4537,$-1033,$0,$-372,$2155,$0,$2155,$-274,$476,$-3008,$2069,$-939,$-1863,$-1863,$-2610,$-277,$-5689,$-784,$170,$-2610
2,2018-03-31,54.05,$12.59,4.29,$14.89,3.63,$3.42,15.79,$0.64,84.45,$24.09B,$16.96B,1.42,$21.50B,$33.90B,0.63,$40.73B,$27.82B,68.30%,$40.73B,$6.38B,15.65%,$40.73B,$6.38B,15.65%,$40.73B,$10.96B,26.90%,$40.73B,$5.86B,14.40%,$40.73B,$1.58B,3.88%,$1.58B,$33.90B,4.31%,$1.58B,$2.10B,43.69%,$1.58B,$86.04B,1.76%,$6.38B,$55.40B,10.94%,$10037,$3184,$6853,$3196,$2508,$8888,$1149,$196,$1345,$604,$741,$741,$736,$2286,$1149,$2695,2710,$0.27,$0.27,$7346,$5382,$0,$24085,$12561,$11033,$31804,$6558,$61956,$86041,$16960,$21501,$11473,$35180,$52140,$1788,$41107,$-5060,$33901,$86041,$741,$1137,$700,$1837,$0,$0,$0,$-1473,$-1473,$1155,$-450,$0,$0,$522,$0,$522,$-269,$-197,$-1003,$-1,$-1004,$-336,$-336,$-1299,$-83,$-2722,$-1610,$80,$-1299
3,2017-12-31,55.35,$12.82,4.32,$14.60,3.79,$3.14,17.6,$0.93,59.52,$24.77B,$18.61B,1.33,$21.35B,$34.57B,0.62,$40.12B,$27.35B,68.16%,$40.12B,$7.31B,18.22%,$40.12B,$7.31B,18.22%,$40.12B,$11.95B,29.77%,$40.12B,$6.52B,16.25%,$40.12B,$2.39B,5.97%,$2.39B,$34.57B,6.26%,$2.39B,$2.10B,55.59%,$2.39B,$87.87B,2.60%,$7.31B,$55.92B,12.12%,$10433,$3303,$7130,$2183,$2399,$7885,$2548,$-669,$1879,$2917,$-1038,$-1038,$-1047,$3676,$2548,$2730,2748,$-0.37,$-0.38,$8498,$5096,$4299,$24766,$12439,$12125,$32467,$6075,$63106,$87872,$18614,$21353,$11117,$34689,$53303,$1788,$41350,$-4910,$34569,$87872,$2418,$4637,$4144,$8781,$297,$-145,$254,$-1214,$-5021,$6447,$-1888,$0,$-396,$4925,$0,$4925,$38,$2679,$-1103,$-26,$-1129,$-3515,$-3515,$-5167,$-195,$-10006,$-423,$312,$-5167
4,2017-09-30,62.45,$14.12,4.42,$14.43,4.33,$4.63,13.49,$1.67,37.39,$27.92B,$19.47B,1.43,$21.84B,$38.50B,0.57,$39.80B,$27.00B,67.83%,$39.80B,$4.30B,10.81%,$39.80B,$4.30B,10.81%,$39.80B,$8.97B,22.52%,$39.80B,$3.29B,8.26%,$39.80B,$2.85B,7.15%,$2.85B,$38.50B,7.18%,$2.85B,$5.02B,57.04%,$2.85B,$91.68B,3.03%,$4.30B,$60.34B,6.89%,$10325,$3307,$7018,$4413,$2459,$10179,$146,$54,$200,$251,$-51,$-51,$-56,$1300,$146,$2727,2727,$-0.02,$-0.02,$11195,$5263,$0,$27919,$12189,$12206,$33478,$5884,$63757,$91676,$19467,$21838,$7713,$33710,$53177,$1788,$43701,$-4945,$38499,$91676,$3456,$3509,$757,$4266,$0,$0,$0,$-5259,$-5259,$2432,$-1173,$0,$-347,$4136,$0,$4136,$121,$2737,$-301,$1962,$1661,$-1831,$-1831,$-3884,$-167,$-4221,$1386,$232,$-3884
5,2017-06-30,62.07,$14.56,4.26,$14.43,4.3,$6.21,10.0,$2.47,25.13,$28.17B,$18.76B,1.5,$21.71B,$39.71B,0.55,$40.02B,$27.11B,67.75%,$40.02B,$7.23B,18.06%,$40.02B,$7.23B,18.06%,$40.02B,$11.91B,29.76%,$40.02B,$5.97B,14.93%,$40.02B,$5.09B,12.71%,$5.09B,$39.71B,12.40%,$5.09B,$5.24B,101.06%,$5.09B,$92.80B,5.31%,$7.23B,$61.42B,11.24%,$9930,$3116,$6814,$1782,$2500,$7398,$2532,$-93,$2439,$488,$1951,$1951,$1946,$3694,$2532,$2734,2752,$0.71,$0.71,$11967,$5407,$0,$28167,$12094,$12138,$34477,$5928,$64637,$92804,$18758,$21706,$8068,$34334,$53092,$1788,$45046,$-5094,$39712,$92804,$3507,$2355,$15,$2370,$0,$0,$0,$-2337,$-2337,$3603,$-732,$0,$-347,$3083,$0,$3083,$62,$2066,$-301,$-24,$-325,$-1745,$-1745,$-2601,$-86,$-4757,$1271,$156,$-2601
6,2017-03-31,61.08,$14.63,4.18,$14.35,4.26,$6.28,9.72,$2.19,27.89,$31.53B,$19.82B,1.59,$23.44B,$40.09B,0.59,$39.93B,$26.56B,66.52%,$39.93B,$6.35B,15.90%,$39.93B,$6.35B,15.90%,$39.93B,$11.42B,28.61%,$39.93B,$5.04B,12.62%,$39.93B,$4.35B,10.88%,$4.35B,$40.09B,10.36%,$4.35B,$4.87B,85.97%,$4.35B,$96.56B,4.49%,$6.35B,$63.53B,9.66%,$9434,$3049,$6385,$1830,$2472,$7351,$2083,$-80,$2003,$447,$1556,$1556,$1551,$3276,$2083,$2745,2766,$0.56,$0.56,$15249,$5146,$0,$31530,$12042,$11896,$35221,$5872,$65031,$96561,$19823,$23437,$8324,$36650,$56473,$1788,$44387,$-5080,$40088,$96561,$1556,$1193,$100,$1293,$0,$0,$0,$-2535,$-2535,$286,$-339,$0,$-306,$3890,$0,$3890,$-52,$3193,$-300,$3784,$3484,$-706,$-706,$-1294,$-23,$1461,$5193,$74,$-1294
7,2016-12-31,56.18,$14.66,3.83,$14.27,3.94,$6.98,8.05,$2.03,27.67,$30.61B,$17.20B,1.78,$24.27B,$40.31B,0.6,$39.81B,$25.92B,65.10%,$39.81B,$6.03B,15.15%,$39.81B,$6.03B,15.15%,$39.81B,$11.47B,28.82%,$39.81B,$4.66B,11.70%,$39.81B,$3.92B,9.85%,$3.92B,$40.31B,9.14%,$3.92B,$4.84B,77.98%,$3.92B,$95.38B,4.03%,$6.03B,$64.58B,9.04%,$10115,$3332,$6783,$4650,$2593,$10575,$-460,$-896,$-1356,$-770,$-586,$-586,$-594,$695,$-460,$2766,2787,$-0.22,$-0.20,$14341,$4866,$0,$30614,$12026,$11416,$35467,$5854,$64763,$95377,$17204,$24274,$8514,$37865,$55069,$1788,$44133,$-5226,$40308,$95377,$3941,$5441,$3282,$8723,$-619,$206,$278,$-572,$-2601,$10376,$-1614,$0,$-780,$-1298,$0,$-1298,$482,$-3210,$-1307,$0,$-1307,$-2495,$-2495,$-5124,$-118,$-9044,$-2009,$300,$-5124
8,2016-09-30,59.11,$15.92,3.71,$14.24,4.15,$7.80,7.58,$1.96,30.16,$29.44B,$15.56B,1.89,$23.66B,$43.96B,0.54,$39.91B,$25.50B,63.89%,$39.91B,$8.44B,21.15%,$39.91B,$8.44B,21.15%,$39.91B,$14.29B,35.80%,$39.91B,$6.83B,17.12%,$39.91B,$5.49B,13.76%,$5.49B,$43.96B,12.47%,$5.49B,$5.19B,111.43%,$5.49B,$98.34B,5.56%,$8.44B,$67.61B,12.47%,$10536,$3409,$7127,$1664,$2393,$7466,$3070,$-183,$2887,$699,$2188,$2188,$2184,$4245,$3070,$2765,2786,$0.79,$0.78,$13067,$5244,$0,$29440,$12029,$11657,$38766,$6443,$68895,$98335,$15555,$23656,$8793,$38823,$54378,$1788,$46028,$-4252,$43957,$98335,$4528,$4286,$732,$5018,$0,$0,$0,$-3002,$-3002,$6744,$-1063,$0,$-778,$1216,$0,$1216,$-22,$-647,$-2386,$909,$-1477,$-1628,$-1628,$-3853,$-109,$-7067,$-617,$225,$-3853
9,2016-06-30,54.16,$15.71,3.45,$14.01,3.87,$8.40,6.45,$1.82,29.76,$27.93B,$14.92B,1.87,$23.64B,$43.45B,0.54,$39.44B,$24.68B,62.58%,$39.44B,$7.71B,19.55%,$39.44B,$7.71B,19.55%,$39.44B,$13.95B,35.37%,$39.44B,$6.34B,16.08%,$39.44B,$5.13B,13.01%,$5.13B,$43.45B,11.55%,$5.13B,$5.32B,109.71%,$5.13B,$96.48B,5.16%,$7.71B,$67.09B,11.30%,$9844,$3578,$6266,$2151,$2458,$8187,$1657,$-153,$1504,$295,$1209,$1209,$1205,$3207,$1657,$2768,2789,$0.44,$0.43,$11834,$5248,$0,$27926,$11987,$11879,$38124,$6559,$68549,$96475,$14918,$23642,$8378,$38111,$53029,$1788,$45121,$-4086,$43446,$96475,$2339,$3111,$595,$3706,$0,$0,$0,$-2438,$-2438,$3773,$-654,$0,$-157,$1033,$0,$1033,$21,$243,$-2351,$-9,$-2360,$-1192,$-1192,$-2579,$-101,$-6232,$-1916,$148,$-2579
10,2016-03-31,49.33,$15.85,3.11,$13.91,3.55,$8.87,5.56,$1.63,30.27,$28.77B,$17.57B,1.64,$23.66B,$43.90B,0.54,$39.39B,$24.45B,62.07%,$39.39B,$7.79B,19.78%,$39.39B,$7.79B,19.78%,$39.39B,$14.09B,35.78%,$39.39B,$5.64B,14.33%,$39.39B,$4.61B,11.72%,$4.61B,$43.90B,10.20%,$4.61B,$4.75B,105.04%,$4.61B,$98.76B,4.57%,$7.79B,$67.56B,11.27%,$9312,$3572,$5740,$1659,$2318,$7549,$1763,$-139,$1624,$494,$1130,$1130,$1125,$3324,$1763,$2774,2795,$0.41,$0.40,$12943,$5102,$0,$28772,$12360,$12554,$39148,$5921,$69983,$98755,$17568,$23656,$7374,$37286,$54854,$1788,$45192,$-4194,$43901,$98755,$1130,$1561,$275,$1836,$0,$0,$0,$-875,$-875,$2173,$-279,$0,$-147,$2253,$0,$2253,$-86,$1741,$-851,$0,$-851,$-711,$-711,$-1279,$-25,$-2866,$1192,$68,$-1279
11,2015-12-31,48.83,$16.10,3.03,$13.87,3.52,$8.91,5.48,$1.56,31.3,$29.75B,$19.20B,1.55,$23.83B,$44.77B,0.53,$39.50B,$24.56B,62.19%,$39.50B,$7.55B,19.11%,$39.50B,$7.55B,19.11%,$39.50B,$13.92B,35.25%,$39.50B,$5.40B,13.67%,$39.50B,$4.44B,11.25%,$4.44B,$44.77B,9.60%,$4.44B,$4.44B,105.05%,$4.44B,$101.68B,4.29%,$7.55B,$68.60B,10.68%,$10215,$3850,$6365,$1797,$2616,$8263,$1952,$-1136,$816,$-166,$982,$982,$976,$3512,$1952,$2816,2841,$0.35,$0.35,$13427,$4700,$0,$29751,$12507,$13039,$40325,$6055,$71926,$101677,$19201,$23829,$7345,$37709,$56910,$1788,$45348,$-4148,$44767,$101677,$4459,$6375,$1098,$7473,$-480,$805,$-37,$-282,$-268,$12538,$-1283,$0,$-7428,$3732,$0,$3732,$221,$-4758,$5032,$-1540,$3492,$-3701,$-3701,$-5117,$-61,$-5387,$1083,$299,$-5117
12,2015-09-30,45.26,$16.30,2.78,$13.85,3.27,$7.23,6.26,$3.75,12.07,$28.57B,$17.58B,1.63,$24.12B,$45.68B,0.53,$39.77B,$24.93B,62.70%,$39.77B,$7.12B,17.91%,$39.77B,$7.12B,17.91%,$39.77B,$13.51B,33.97%,$39.77B,$16.40B,41.23%,$39.77B,$10.78B,27.11%,$10.78B,$45.68B,22.82%,$10.78B,$4.19B,154.66%,$10.78B,$101.23B,10.51%,$7.12B,$69.80B,10.12%,$10073,$3761,$6312,$1500,$2472,$7733,$2340,$57,$2397,$566,$1831,$1831,$1826,$3910,$2340,$2814,2836,$0.65,$0.64,$12089,$5123,$0,$28567,$12482,$13080,$41485,$5618,$72665,$101232,$17583,$24124,$7887,$37970,$55553,$1788,$45660,$-4573,$45679,$101232,$3477,$4815,$-28,$4787,$0,$0,$0,$-787,$-787,$8292,$-790,$0,$-7557,$4106,$0,$4106,$100,$-4141,$5033,$-1526,$3507,$-2571,$-2571,$-3854,$-63,$-2981,$107,$221,$-3854
13,2015-06-30,51.72,$16.52,3.13,$13.93,3.71,$7.40,6.99,$3.42,15.12,$28.32B,$17.51B,1.62,$24.07B,$46.64B,0.52,$40.25B,$24.95B,62.00%,$40.25B,$6.48B,16.10%,$40.25B,$6.48B,16.10%,$40.25B,$12.91B,32.08%,$40.25B,$15.49B,38.48%,$40.25B,$9.85B,24.48%,$9.85B,$46.64B,20.88%,$9.85B,$4.18B,111.04%,$9.85B,$102.58B,9.59%,$6.48B,$70.71B,9.41%,$9785,$3754,$6031,$1670,$2624,$8048,$1737,$-930,$807,$119,$688,$688,$687,$3345,$1737,$2826,2850,$0.24,$0.24,$11370,$5306,$0,$28319,$12630,$13333,$42457,$5843,$74263,$102582,$17508,$24069,$7913,$38436,$55944,$1788,$45103,$-4332,$46638,$102582,$1646,$3245,$411,$3656,$0,$0,$0,$-1010,$-1010,$4981,$-474,$0,$-7573,$4007,$0,$4007,$-40,$-4080,$5035,$-1529,$3506,$-1347,$-1347,$-2582,$-19,$-442,$-519,$146,$-2582
14,2015-03-31,51.82,$16.94,3.06,$14.20,3.65,$7.23,7.16,$3.86,13.43,$32.93B,$20.44B,1.61,$25.51B,$47.92B,0.53,$41.40B,$24.96B,60.30%,$41.40B,$6.15B,14.85%,$41.40B,$6.15B,14.85%,$41.40B,$12.72B,30.73%,$41.40B,$16.57B,40.03%,$41.40B,$11.17B,26.98%,$11.17B,$47.92B,23.44%,$11.17B,$4.10B,90.79%,$11.17B,$108.35B,11.00%,$6.15B,$73.42B,9.04%,$9425,$3569,$5856,$1737,$2601,$7907,$1518,$-137,$1381,$423,$958,$958,$953,$3155,$1518,$2835,2865,$0.34,$0.33,$15601,$5539,$0,$32927,$12910,$13092,$43820,$5596,$75418,$108345,$20442,$25506,$7677,$39986,$60428,$1788,$45692,$-4167,$47917,$108345,$958,$1637,$-244,$1393,$0,$0,$0,$-618,$-618,$2284,$-203,$0,$-7598,$1248,$0,$1248,$-52,$-6605,$5039,$2177,$7216,$-773,$-773,$-1280,$-8,$5155,$539,$63,$-1280
15,2014-12-31,50.8,$17.19,2.95,$14.37,3.54,$7.23,7.02,$4.10,12.39,$32.61B,$18.40B,1.77,$18.70B,$48.79B,0.38,$42.24B,$25.47B,60.30%,$42.24B,$6.68B,15.82%,$42.24B,$6.68B,15.82%,$42.24B,$13.37B,31.66%,$42.24B,$17.28B,40.92%,$42.24B,$11.92B,28.22%,$11.92B,$48.79B,24.42%,$11.92B,$15.41B,73.32%,$11.92B,$98.17B,11.74%,$6.68B,$67.49B,9.88%,$10482,$3749,$6733,$2283,$2924,$8956,$1526,$10285,$11811,$4483,$7328,$7328,$7316,$3099,$1526,$2894,2928,$2.54,$2.51,$15719,$5571,$0,$32605,$13136,$13515,$33378,$5533,$65562,$98167,$18397,$18699,$7813,$30979,$49376,$1788,$46021,$-4323,$48791,$98167,$11934,$6691,$-12494,$-5803,$-554,$79,$593,$92,$1824,$7989,$-1317,$-1000,$11239,$-9830,$0,$-9830,$534,$-374,$-3471,$-460,$-3931,$-6143,$-6143,$-5247,$79,$-15242,$-8180,$278,$-5247
16,2014-09-30,52.62,$15.86,3.32,$14.57,3.61,$8.33,6.32,$1.82,28.91,$34.72B,$25.93B,1.34,$18.57B,$45.36B,0.41,$43.08B,$25.45B,59.08%,$43.08B,$7.05B,16.38%,$43.08B,$7.05B,16.38%,$43.08B,$14.13B,32.79%,$43.08B,$6.70B,15.55%,$43.08B,$5.39B,12.50%,$5.39B,$45.36B,10.84%,$5.39B,$11.79B,32.71%,$5.39B,$101.81B,5.21%,$7.05B,$63.93B,10.22%,$10557,$4223,$6334,$1659,$2975,$8857,$1700,$-210,$1490,$648,$842,$842,$895,$3311,$1700,$2879,2911,$0.31,$0.31,$14347,$5819,$3302,$34723,$13438,$13492,$33566,$6589,$67085,$101808,$25927,$18566,$6968,$30521,$56448,$1788,$39989,$-2998,$45360,$101808,$4607,$5118,$-1205,$3913,$0,$0,$0,$950,$950,$9024,$-827,$0,$-2652,$-4424,$0,$-4424,$325,$-7578,$-6,$3077,$3071,$-4702,$-4702,$-3911,$72,$-5470,$-4251,$209,$-3911
17,2014-06-30,50.98,$16.73,3.05,$14.67,3.48,$8.05,6.33,$1.89,26.97,$33.59B,$17.93B,1.87,$18.59B,$48.52B,0.38,$43.55B,$26.04B,59.80%,$43.55B,$7.82B,17.95%,$43.55B,$7.82B,17.95%,$43.55B,$14.99B,34.41%,$43.55B,$6.73B,15.46%,$43.55B,$5.61B,12.89%,$5.61B,$48.52B,11.04%,$5.61B,$17.90B,33.55%,$5.61B,$97.86B,5.37%,$7.82B,$67.11B,10.98%,$10934,$4893,$6041,$1664,$2973,$9530,$1404,$487,$1891,$-142,$2033,$2033,$2004,$3157,$1404,$2917,2949,$0.69,$0.68,$13395,$6136,$3375,$33587,$13893,$12618,$30619,$7143,$64273,$97860,$17928,$18590,$8175,$31416,$49344,$1788,$40366,$-2444,$48516,$97860,$3764,$3507,$-1285,$2222,$0,$0,$0,$-1118,$-1118,$4676,$-507,$0,$558,$-4278,$0,$-4278,$371,$-3856,$-4,$-1886,$-1890,$-2279,$-2279,$-2629,$49,$-6749,$-5878,$134,$-2629
18,2014-03-31,49.65,$17.94,2.77,$14.62,3.4,$7.94,6.26,$1.51,32.88,$41.24B,$22.47B,1.84,$19.59B,$52.56B,0.37,$43.63B,$26.73B,61.27%,$43.63B,$7.90B,18.11%,$43.63B,$7.90B,18.11%,$43.63B,$14.97B,34.31%,$43.63B,$6.09B,13.95%,$43.63B,$4.52B,10.35%,$4.52B,$52.56B,8.81%,$4.52B,$19.93B,29.80%,$4.52B,$108.46B,4.23%,$7.90B,$72.15B,10.89%,$10264,$3903,$6361,$1574,$2734,$8211,$2053,$38,$2091,$360,$1731,$1731,$1705,$3807,$2053,$2934,2971,$0.58,$0.57,$20513,$6376,$3224,$41240,$14296,$11456,$32637,$8831,$67220,$108460,$22470,$19589,$7956,$33426,$55896,$1788,$39661,$-2179,$52564,$108460,$1731,$1754,$-306,$1448,$0,$0,$0,$-703,$-703,$2361,$-205,$0,$533,$-4193,$0,$-4193,$58,$-3807,$-3,$3149,$3146,$-236,$-236,$-1290,$0,$1620,$207,$56,$-1290
19,2013-12-31,43.43,$17.87,2.43,$14.66,2.96,$7.86,5.52,$1.46,29.75,$35.69B,$17.87B,2.0,$20.54B,$52.33B,0.39,$44.03B,$27.08B,61.50%,$44.03B,$7.67B,17.41%,$44.03B,$7.67B,17.41%,$44.03B,$14.65B,33.28%,$44.03B,$5.55B,12.59%,$44.03B,$4.40B,10.00%,$4.40B,$52.33B,8.47%,$4.40B,$16.22B,31.47%,$4.40B,$105.65B,4.14%,$7.67B,$72.87B,10.58%,$11320,$4607,$6713,$1835,$2981,$9423,$1897,$-672,$1225,$409,$816,$816,$781,$3851,$1897,$2963,2996,$0.28,$0.27,$17486,$6226,$0,$35685,$14973,$9770,$36102,$9115,$69960,$105645,$17868,$20539,$8136,$35451,$53319,$1788,$39257,$-2197,$52326,$105645,$4517,$6988,$684,$7672,$436,$-365,$522,$431,$-794,$11654,$-1548,$0,$-200,$-1693,$0,$-1693,$293,$-3148,$4692,$-159,$4533,$-5306,$-5306,$-5277,$60,$-5990,$2170,$276,$-5277
20,2013-09-30,40.94,$17.09,2.4,$14.70,2.79,$7.11,5.76,$1.66,24.66,$37.77B,$18.22B,2.07,$22.65B,$50.01B,0.45,$44.45B,$27.94B,62.86%,$44.45B,$7.73B,17.39%,$44.45B,$7.73B,17.39%,$44.45B,$14.43B,32.46%,$44.45B,$5.65B,12.72%,$44.45B,$4.53B,10.19%,$4.53B,$50.01B,8.58%,$4.53B,$12.88B,33.57%,$4.53B,$106.42B,4.26%,$7.73B,$72.65B,10.71%,$11032,$4104,$6928,$1660,$2803,$8567,$2465,$-940,$1525,$375,$1150,$1150,$1124,$4170,$2465,$2927,2960,$0.38,$0.38,$18169,$6741,$0,$37765,$15323,$9198,$37123,$7010,$68654,$106419,$18215,$22647,$0,$38198,$56413,$1788,$39773,$-4698,$50006,$106419,$3702,$5034,$99,$5133,$0,$0,$0,$-494,$-494,$8628,$-1119,$0,$0,$-3254,$0,$-3254,$48,$-4325,$5952,$151,$6103,$-5511,$-5511,$-3897,$-61,$-3366,$639,$210,$-3897
21,2013-06-30,39.59,$17.12,2.31,$14.70,2.69,$6.86,5.77,$1.84,21.52,$37.00B,$18.40B,2.01,$22.53B,$50.11B,0.45,$44.91B,$28.37B,63.17%,$44.91B,$7.64B,17.01%,$44.91B,$7.64B,17.01%,$44.91B,$14.35B,31.96%,$44.91B,$6.35B,14.13%,$44.91B,$5.14B,11.44%,$5.14B,$50.11B,9.36%,$5.14B,$11.57B,36.15%,$5.14B,$106.88B,4.83%,$7.64B,$72.63B,10.47%,$11010,$4284,$6726,$2101,$3140,$9525,$1485,$-240,$1245,$310,$935,$935,$906,$3140,$1485,$2977,3010,$0.30,$0.30,$18098,$6766,$0,$36995,$15683,$8555,$38531,$7112,$69881,$106876,$18402,$22526,$0,$38369,$56771,$1788,$39915,$-4760,$50105,$106876,$2551,$3329,$236,$3565,$0,$0,$0,$-1809,$-1809,$4679,$-764,$0,$0,$-1623,$0,$-1623,$99,$-2288,$5952,$1702,$7654,$-5464,$-5464,$-2638,$-3,$-451,$1639,$142,$-2638
22,2013-03-31,37.34,$18.43,2.03,$15.05,2.48,$6.96,5.36,$2.12,17.61,$35.24B,$18.80B,1.87,$16.09B,$55.61B,0.29,$46.21B,$29.84B,64.58%,$46.21B,$8.94B,19.34%,$46.21B,$8.94B,19.34%,$46.21B,$15.80B,34.19%,$46.21B,$7.78B,16.84%,$46.21B,$6.02B,13.03%,$6.02B,$55.61B,10.61%,$6.02B,$15.29B,40.72%,$6.02B,$106.20B,5.68%,$8.94B,$71.70B,12.25%,$10671,$3959,$6712,$1907,$2987,$8853,$1818,$-268,$1550,$-66,$1616,$1616,$1593,$3492,$1818,$3022,3053,$0.53,$0.52,$16022,$6773,$0,$35244,$15802,$7948,$40315,$6891,$70956,$106200,$18802,$16089,$0,$31792,$50594,$1788,$40272,$-4629,$55606,$106200,$1616,$1674,$-102,$1572,$0,$0,$0,$-1173,$-1173,$2341,$-351,$0,$0,$-849,$0,$-849,$47,$-1153,$-506,$880,$374,$-488,$-488,$-1306,$-1,$-1421,$-427,$67,$-1306
23,2012-12-31,34.25,$18.33,1.87,$15.37,2.23,$6.91,4.96,$2.16,15.86,$34.86B,$18.35B,1.9,$16.25B,$55.46B,0.29,$47.27B,$30.82B,65.21%,$47.27B,$9.88B,20.90%,$47.27B,$9.88B,20.90%,$47.27B,$16.86B,35.66%,$47.27B,$8.74B,18.49%,$47.27B,$6.17B,13.04%,$6.17B,$55.46B,10.78%,$6.17B,$14.25B,44.02%,$6.17B,$106.13B,5.82%,$9.88B,$71.72B,13.49%,$11737,$4160,$7577,$2223,$3390,$9773,$1964,$-630,$1334,$385,$949,$949,$908,$3625,$1964,$3041,3076,$0.30,$0.30,$16141,$6535,$0,$34857,$16030,$7305,$41217,$6723,$71275,$106132,$18348,$16254,$10327,$32321,$50669,$1788,$39985,$-4682,$55463,$106132,$6299,$6978,$853,$7831,$349,$-482,$-302,$-2950,$-4136,$10022,$-1954,$0,$0,$-5058,$0,$-5058,$207,$-6805,$2540,$624,$3164,$-1281,$-1281,$-5236,$86,$-3267,$-80,$335,$-5236
24,2012-09-30,37.36,$19.12,1.95,$15.53,2.41,$7.73,4.84,$2.19,17.06,$36.23B,$15.58B,2.33,$17.57B,$58.21B,0.3,$47.82B,$31.36B,65.58%,$47.82B,$9.91B,20.72%,$47.82B,$9.91B,20.72%,$47.82B,$17.09B,35.73%,$47.82B,$8.99B,18.79%,$47.82B,$6.76B,14.14%,$6.76B,$58.21B,11.75%,$6.76B,$15.72B,51.76%,$6.76B,$106.30B,6.40%,$9.91B,$75.78B,13.50%,$11488,$4137,$7351,$1918,$3063,$9118,$2370,$-152,$2218,$455,$1763,$1763,$1729,$4093,$2370,$3045,3079,$0.57,$0.56,$18117,$6731,$0,$36229,$15884,$5560,$42493,$6135,$70072,$106301,$15583,$17571,$0,$32506,$48089,$1788,$40390,$-3040,$58212,$106301,$5350,$5317,$-79,$5238,$0,$0,$0,$-2341,$-2341,$8213,$-1176,$0,$0,$-1284,$0,$-1284,$53,$-2407,$2500,$-280,$2220,$-379,$-379,$-3836,$-54,$-2049,$3829,$257,$-3836
25,2012-06-30,34.27,$18.98,1.81,$15.69,2.18,$8.04,4.26,$2.18,15.72,$35.64B,$16.91B,2.11,$15.06B,$57.67B,0.26,$48.36B,$31.68B,65.51%,$48.36B,$9.91B,20.50%,$48.36B,$9.91B,20.50%,$48.36B,$17.27B,35.72%,$48.36B,$9.12B,18.86%,$48.36B,$6.72B,13.90%,$6.72B,$57.67B,11.71%,$6.72B,$13.90B,58.34%,$6.72B,$105.53B,6.36%,$9.91B,$72.73B,13.63%,$12311,$4112,$8199,$2165,$3249,$9526,$2785,$-105,$2680,$860,$1820,$1820,$1792,$4589,$2785,$3041,3072,$0.59,$0.58,$17450,$6249,$0,$35639,$15867,$4085,$43778,$6156,$69886,$105525,$16912,$15057,$0,$30940,$47852,$1788,$39950,$-3126,$57673,$105525,$3587,$3594,$-191,$3403,$0,$0,$0,$-2059,$-2059,$5074,$-762,$0,$0,$173,$0,$173,$21,$-568,$-2,$1637,$1635,$-384,$-384,$-2559,$-3,$-1311,$3221,$169,$-2559
26,2012-03-31,31.18,$18.84,1.65,$15.59,2.0,$7.89,3.95,$2.25,13.86,$34.34B,$16.58B,2.07,$15.23B,$57.31B,0.27,$48.20B,$31.35B,65.04%,$48.20B,$9.54B,19.78%,$48.20B,$9.54B,19.78%,$48.20B,$16.92B,35.11%,$48.20B,$8.11B,16.83%,$48.20B,$6.95B,14.42%,$6.95B,$57.31B,12.10%,$6.95B,$12.16B,68.36%,$6.95B,$105.51B,6.57%,$9.54B,$72.54B,13.06%,$11731,$4037,$7694,$1862,$3074,$8973,$2758,$-251,$2507,$740,$1767,$1767,$1736,$4548,$2758,$3043,3074,$0.57,$0.56,$15566,$6339,$0,$34344,$16124,$3972,$45156,$5913,$71165,$105509,$16582,$15228,$0,$31613,$48195,$1788,$39441,$-3217,$57314,$105509,$1767,$1790,$0,$1790,$0,$0,$0,$-1474,$-1474,$2154,$-331,$0,$0,$72,$0,$72,$-11,$-270,$-2,$634,$632,$-77,$-77,$-1279,$-1,$-725,$1125,$76,$-1279
27,2011-12-31,30.28,$18.73,1.62,$15.50,1.95,$7.74,3.91,$2.03,14.92,$33.18B,$16.25B,2.04,$15.53B,$56.94B,0.27,$48.05B,$31.18B,64.89%,$48.05B,$8.98B,18.68%,$48.05B,$8.98B,18.68%,$48.05B,$16.40B,34.14%,$48.05B,$7.33B,15.26%,$48.05B,$6.26B,13.02%,$6.26B,$56.94B,10.91%,$6.26B,$10.49B,71.04%,$6.26B,$105.13B,5.91%,$8.98B,$72.47B,12.30%,$12294,$4176,$8118,$2419,$3704,$10299,$1995,$-414,$1581,$38,$1543,$1543,$1505,$3856,$1995,$3071,3094,$0.50,$0.48,$14972,$6254,$0,$33181,$16297,$3458,$46457,$5735,$71947,$105128,$16245,$15525,$0,$31940,$48185,$1788,$38990,$-3132,$56943,$105128,$6392,$7427,$-993,$6434,$-1168,$-678,$182,$-269,$-766,$12383,$-1723,$0,$-50,$-1176,$0,$-1176,$59,$-2890,$-1547,$1076,$-471,$-1600,$-1600,$-4811,$-22,$-6904,$2631,$369,$-4811
28,2011-09-30,25.95,$18.87,1.38,$15.40,1.68,$7.23,3.59,$1.37,18.94,$34.11B,$16.59B,2.06,$15.69B,$57.60B,0.27,$47.85B,$30.71B,64.19%,$47.85B,$6.54B,13.67%,$47.85B,$6.54B,13.67%,$47.85B,$13.97B,29.20%,$47.85B,$5.05B,10.56%,$47.85B,$4.22B,8.82%,$4.22B,$57.60B,7.36%,$4.22B,$9.55B,56.77%,$4.22B,$106.53B,3.98%,$6.54B,$73.29B,8.97%,$12022,$4352,$7670,$1954,$3340,$9646,$2376,$-24,$2352,$628,$1724,$1724,$1689,$4279,$2376,$3070,3091,$0.55,$0.55,$15576,$6239,$0,$34109,$16383,$2423,$48050,$5569,$72425,$106534,$16593,$15692,$0,$32345,$48938,$1788,$38763,$-2713,$57596,$106534,$4849,$5566,$-394,$5172,$0,$0,$0,$-664,$-664,$9150,$-1120,$0,$-50,$54,$0,$54,$-90,$-1206,$-1277,$1356,$79,$-1165,$-1165,$-3526,$-61,$-4673,$3353,$287,$-3526
29,2011-06-30,27.68,$18.79,1.47,$15.10,1.83,$6.65,4.16,$0.93,29.76,$32.37B,$15.76B,2.05,$15.78B,$57.92B,0.27,$46.95B,$29.98B,63.85%,$46.95B,$5.58B,11.89%,$46.95B,$5.58B,11.89%,$46.95B,$12.99B,27.67%,$46.95B,$3.20B,6.81%,$46.95B,$2.87B,6.12%,$2.87B,$57.92B,5.00%,$2.87B,$8.48B,50.40%,$2.87B,$106.20B,2.70%,$5.58B,$73.71B,7.69%,$12151,$4284,$7867,$1936,$3525,$9745,$2406,$-734,$1672,$-382,$2054,$2054,$2020,$4238,$2406,$3086,3110,$0.65,$0.65,$13981,$6225,$0,$32368,$16671,$2175,$49447,$5534,$73827,$106195,$15763,$15783,$0,$32510,$48273,$1788,$38243,$-2776,$57922,$106195,$3125,$3663,$-274,$3389,$0,$0,$0,$-1485,$-1485,$4573,$-689,$0,$-50,$-176,$0,$-176,$-28,$-943,$-1265,$1396,$131,$-152,$-152,$-2351,$-57,$-2429,$1442,$200,$-2351
30,2011-03-31,25.61,$18.42,1.39,$14.82,1.73,$6.68,3.83,$0.52,49.25,$31.02B,$15.66B,1.98,$15.64B,$56.84B,0.28,$46.15B,$28.91B,62.64%,$46.15B,$4.62B,10.01%,$46.15B,$4.62B,10.01%,$46.15B,$12.15B,26.32%,$46.15B,$2.77B,5.99%,$46.15B,$1.60B,3.47%,$1.60B,$56.84B,2.80%,$1.60B,$6.73B,38.93%,$1.60B,$105.87B,1.51%,$4.62B,$72.48B,6.41%,$11580,$4059,$7521,$2158,$3164,$9381,$2199,$-470,$1729,$658,$1071,$1071,$1043,$4030,$2199,$3084,3104,$0.34,$0.34,$13029,$6057,$0,$31024,$16833,$2084,$50113,$5811,$74841,$105865,$15662,$15644,$0,$33364,$49026,$1788,$37400,$-3170,$56839,$105865,$1071,$1831,$108,$1939,$0,$0,$0,$-1067,$-1067,$1721,$-324,$0,$306,$142,$0,$142,$-19,$105,$0,$-197,$-197,$37,$37,$-1175,$163,$-1172,$795,$93,$-1175
31,2010-12-31,27.64,$18.43,1.5,$14.73,1.88,$6.56,4.21,$0.28,98.72,$29.06B,$15.64B,1.86,$15.48B,$56.81B,0.27,$45.99B,$27.59B,60.00%,$45.99B,$3.36B,7.30%,$45.99B,$3.36B,7.30%,$45.99B,$10.74B,23.35%,$45.99B,$1.65B,3.59%,$45.99B,$0.86B,1.87%,$0.86B,$56.81B,1.48%,$0.86B,$4.97B,28.06%,$0.86B,$105.78B,0.80%,$3.36B,$72.29B,4.60%,$12094,$4440,$7654,$4559,$3536,$12535,$-441,$-261,$-702,$-202,$-500,$-500,$-534,$1425,$-441,$3095,3120,$-0.17,$-0.16,$12201,$5868,$0,$29064,$17082,$2175,$51834,$5626,$76717,$105781,$15641,$15482,$0,$33335,$48976,$1788,$37536,$-3216,$56805,$105781,$982,$7381,$1152,$8533,$-1089,$1990,$124,$-258,$930,$10822,$-1678,$0,$-256,$-2636,$0,$-2636,$1073,$-3497,$658,$90,$748,$-1230,$-1230,$-4853,$-106,$-5441,$1589,$509,$-4853
32,2010-09-30,27.94,$18.85,1.48,$15.29,1.83,$4.48,6.24,$2.81,9.94,$27.76B,$17.32B,1.6,$14.03B,$58.05B,0.24,$43.99B,$25.13B,57.13%,$43.99B,$3.56B,8.10%,$43.99B,$3.56B,8.10%,$43.99B,$10.33B,23.48%,$43.99B,$8.82B,20.05%,$43.99B,$7.84B,17.82%,$7.84B,$58.05B,13.20%,$7.84B,$2.61B,349.84%,$7.84B,$107.84B,7.16%,$3.56B,$72.08B,4.80%,$11125,$4191,$6934,$2322,$3192,$9705,$1420,$-922,$498,$126,$372,$372,$342,$3300,$1420,$3078,3102,$0.11,$0.11,$10625,$6264,$0,$27756,$17116,$2138,$55435,$5396,$80084,$107840,$17323,$14032,$0,$32469,$49792,$1789,$39245,$-3490,$58048,$107840,$1482,$5515,$-723,$4792,$0,$0,$0,$782,$782,$7283,$-1018,$0,$-152,$-2100,$0,$-2100,$780,$-2490,$-689,$1573,$884,$-1280,$-1280,$-3559,$-191,$-4146,$563,$400,$-3559
33,2010-06-30,26.27,$18.71,1.4,$14.57,1.8,$2.58,10.2,$4.31,6.09,$26.25B,$15.42B,1.7,$13.84B,$57.67B,0.24,$38.91B,$22.81B,58.63%,$38.91B,$3.78B,9.72%,$38.91B,$3.78B,9.72%,$38.91B,$9.06B,23.28%,$38.91B,$13.40B,34.43%,$38.91B,$10.92B,28.07%,$10.92B,$57.67B,21.33%,$10.92B,$2.16B,147.07%,$10.92B,$106.17B,11.53%,$3.78B,$71.50B,5.86%,$11346,$4549,$6797,$2179,$3175,$9903,$1443,$-202,$1241,$461,$780,$780,$752,$3391,$1443,$3105,3125,$0.24,$0.24,$9943,$6244,$0,$26254,$17334,$2046,$55507,$5030,$79917,$106171,$15421,$13835,$0,$33084,$48505,$1787,$40082,$-4659,$57666,$106171,$1110,$3635,$-459,$3176,$0,$0,$0,$-5,$-5,$4691,$-680,$0,$-141,$-2535,$0,$-2535,$672,$-2684,$-626,$1658,$1032,$-1060,$-1060,$-2378,$-115,$-2521,$-645,$274,$-2378
34,2010-03-31,27.75,$19.36,1.43,$13.74,2.02,$1.70,16.33,$4.81,5.77,$28.25B,$16.46B,1.72,$15.28B,$60.34B,0.25,$33.47B,$20.56B,61.45%,$33.47B,$3.76B,11.24%,$33.47B,$3.76B,11.24%,$33.47B,$7.58B,22.65%,$33.47B,$14.12B,42.20%,$33.47B,$11.73B,35.04%,$11.73B,$60.34B,27.60%,$11.73B,$2.50B,97.18%,$11.73B,$111.59B,14.56%,$3.76B,$75.62B,6.91%,$11422,$5216,$6206,$2051,$3222,$10489,$933,$-317,$616,$286,$330,$330,$299,$2620,$933,$3114,3141,$0.10,$0.09,$9777,$6825,$0,$28245,$17985,$1995,$57841,$5528,$83349,$111594,$16455,$15281,$0,$34795,$51251,$1786,$40511,$-3572,$60343,$111594,$330,$1687,$250,$1937,$0,$0,$0,$-1062,$-1062,$1366,$-343,$0,$-131,$-2660,$0,$-2660,$-14,$-3148,$-622,$2620,$1998,$195,$195,$-1189,$-62,$942,$-1075,$132,$-1189
35,2009-12-31,26.87,$19.78,1.36,$12.65,2.12,$1.60,16.79,$5.38,5.0,$28.43B,$15.64B,1.82,$16.10B,$61.49B,0.26,$27.43B,$18.41B,67.11%,$27.43B,$4.02B,14.66%,$27.43B,$4.02B,14.66%,$27.43B,$6.60B,24.06%,$27.43B,$15.29B,55.75%,$27.43B,$12.85B,46.86%,$12.85B,$61.49B,39.07%,$12.85B,$1.69B,78.24%,$12.85B,$112.31B,20.00%,$4.02B,$77.58B,9.57%,$10093,$4901,$5192,$1972,$3455,$10328,$-234,$6697,$6463,$-60,$6523,$6523,$6447,$1015,$-234,$2268,2273,$2.64,$2.63,$9604,$8048,$0,$28432,$18279,$432,$59795,$5376,$83882,$112314,$15641,$16095,$0,$35188,$50829,$1781,$41405,$-2767,$61485,$112314,$13022,$2576,$-8968,$-6392,$165,$1211,$-45,$334,$-2703,$3392,$-1461,$0,$-12973,$7871,$0,$7871,$9719,$3156,$4203,$-2422,$1781,$186,$186,$-3479,$-126,$-1638,$4943,$415,$-3479
36,2009-09-30,23.03,$12.02,1.92,$11.03,2.09,$3.21,7.17,$3.80,6.06,$29.67B,$8.03B,3.7,$8.21B,$25.35B,0.32,$23.37B,$17.78B,76.08%,$23.37B,$5.57B,23.83%,$23.37B,$5.57B,23.83%,$23.37B,$7.37B,31.54%,$23.37B,$10.78B,46.15%,$23.37B,$8.03B,34.36%,$8.03B,$25.35B,35.19%,$8.03B,$23.35B,38.59%,$8.03B,$48.74B,16.74%,$5.57B,$33.55B,19.28%,$6050,$1430,$4619,$1254,$1726,$4410,$1640,$3437,$5077,$1622,$3455,$3455,$3424,$2034,$1640,$2109,2114,$1.62,$1.61,$22256,$2096,$0,$29669,$11614,$465,$1995,$4997,$19071,$48739,$8026,$8205,$0,$15364,$23390,$30,$47693,$-2675,$25349,$48739,$6499,$1326,$-954,$372,$0,$0,$0,$-5191,$-5191,$1150,$-904,$0,$-130,$7594,$0,$7594,$9460,$16021,$4203,$-1404,$2800,$8,$8,$-2411,$-185,$211,$17449,$282,$-2411
37,2009-06-30,20.11,$10.78,1.86,$10.95,1.84,$5.27,3.81,$2.70,7.45,$29.23B,$11.51B,2.54,$8.18B,$22.74B,0.36,$23.26B,$17.63B,75.77%,$23.26B,$5.49B,23.61%,$23.26B,$5.49B,23.61%,$23.26B,$7.29B,31.35%,$23.26B,$7.15B,30.73%,$23.26B,$5.70B,24.50%,$5.70B,$22.74B,26.66%,$5.70B,$20.72B,29.43%,$5.70B,$49.41B,11.89%,$5.49B,$30.92B,20.83%,$5900,$1354,$4546,$1395,$1730,$4479,$1421,$546,$1967,$379,$1588,$1588,$1556,$1911,$1421,$2109,2110,$0.74,$0.74,$16932,$2155,$0,$29234,$11711,$110,$2020,$6332,$20173,$49407,$11507,$8181,$0,$15163,$26670,$30,$45073,$-2550,$22737,$49407,$3044,$933,$634,$1566,$0,$0,$0,$-2918,$-2918,$1462,$-600,$0,$-130,$3185,$0,$3185,$1555,$4009,$4221,$214,$4435,$3,$3,$-1607,$-247,$2584,$8089,$197,$-1607
38,2009-03-31,18.97,$10.43,1.82,$10.97,1.73,$6.39,2.97,$2.78,6.82,$26.19B,$13.42B,1.95,$3.94B,$22.00B,0.18,$23.41B,$17.73B,75.74%,$23.41B,$5.63B,24.04%,$23.41B,$5.63B,24.04%,$23.41B,$7.31B,31.23%,$23.41B,$7.27B,31.06%,$23.41B,$5.91B,25.24%,$5.91B,$22.00B,28.48%,$5.91B,$19.95B,31.54%,$5.91B,$46.54B,12.46%,$5.63B,$25.94B,22.80%,$5385,$1334,$4051,$1224,$1633,$4191,$1194,$589,$1783,$327,$1456,$1456,$1425,$1638,$1194,$2108,2109,$0.67,$0.67,$12582,$2128,$0,$26185,$11826,$79,$2053,$6401,$20359,$46543,$13416,$3939,$0,$11126,$24542,$30,$44320,$-2473,$22002,$46543,$1456,$443,$138,$581,$0,$0,$0,$-1415,$-1415,$713,$-235,$0,$-130,$1074,$0,$1074,$681,$1390,$-8,$512,$504,$0,$0,$-804,$-93,$-392,$1649,$113,$-804
39,2008-12-31,21.21,$10.04,2.11,$11.09,1.91,$7.17,2.96,$3.63,5.84,$19.11B,$14.32B,1.34,$3.94B,$21.17B,0.19,$23.85B,$18.27B,76.59%,$23.85B,$6.09B,25.51%,$23.85B,$6.09B,25.51%,$23.85B,$7.72B,32.35%,$23.85B,$9.93B,41.64%,$23.85B,$7.79B,32.65%,$7.79B,$21.17B,38.69%,$7.79B,$19.20B,43.02%,$7.79B,$47.20B,16.38%,$6.09B,$25.11B,25.28%,$6032,$1471,$4562,$1386,$1862,$4719,$1313,$643,$1957,$282,$1674,$1674,$1624,$1787,$1313,$2136,2143,$0.80,$0.78,$5486,$2091,$0,$19113,$12000,$6491,$1964,$7628,$28083,$47196,$14319,$3943,$0,$11710,$26029,$30,$43699,$-2554,$21167,$47196,$7932,$1631,$384,$2015,$-889,$-452,$0,$-466,$-3983,$6572,$-1298,$0,$0,$-901,$0,$-901,$365,$-1834,$-1392,$1860,$468,$-2623,$-2623,$-3401,$33,$-5523,$-968,$348,$-3401
40,2008-09-30,21.7,$9.26,2.34,$11.13,1.95,$7.44,2.92,$2.10,10.33,$19.42B,$14.43B,1.35,$3.94B,$19.57B,0.2,$24.06B,$18.40B,76.48%,$24.06B,$6.37B,26.47%,$24.06B,$6.37B,26.47%,$24.06B,$8.03B,33.35%,$24.06B,$4.92B,20.43%,$24.06B,$4.53B,18.81%,$4.53B,$19.57B,23.34%,$4.53B,$17.57B,26.15%,$4.53B,$48.55B,9.46%,$6.37B,$23.51B,27.31%,$5944,$1478,$4466,$1171,$1730,$4379,$1565,$-123,$1442,$318,$1124,$1124,$1093,$1956,$1565,$2129,2133,$0.51,$0.51,$6841,$2228,$0,$19419,$12103,$6212,$1997,$8816,$29127,$48546,$14428,$3939,$0,$14546,$28975,$30,$42857,$-1034,$19571,$48546,$6258,$1157,$-191,$966,$0,$0,$0,$-2030,$-2030,$5561,$-914,$0,$0,$-698,$0,$-698,$228,$-1384,$-1392,$2553,$1162,$-2415,$-2415,$-2470,$-44,$-3767,$384,$286,$-2470
41,2008-06-30,25.64,$9.45,2.71,$11.11,2.31,$7.05,3.63,$2.29,11.2,$17.59B,$9.72B,1.81,$3.93B,$20.26B,0.19,$24.19B,$18.49B,76.45%,$24.19B,$5.97B,24.67%,$24.19B,$5.97B,24.67%,$24.19B,$7.72B,31.92%,$24.19B,$5.54B,22.89%,$24.19B,$4.96B,20.50%,$4.96B,$20.26B,25.20%,$4.96B,$18.23B,28.26%,$4.96B,$47.46B,10.52%,$5.97B,$24.19B,25.30%,$6052,$1397,$4655,$1169,$1930,$4496,$1556,$534,$2089,$290,$1799,$1799,$1768,$1931,$1556,$2145,2152,$0.82,$0.82,$9988,$2191,$0,$17593,$12240,$6785,$2031,$8809,$29865,$47458,$9719,$3932,$0,$17483,$27202,$30,$42573,$-936,$20256,$47458,$5134,$766,$-48,$718,$0,$0,$0,$-1842,$-1842,$3909,$-633,$0,$0,$323,$0,$323,$2203,$1894,$-1383,$737,$-645,$-1459,$-1459,$-1653,$-115,$-3872,$2009,$199,$-1653
42,2008-03-31,25.56,$9.09,2.81,$11.09,2.3,$6.06,4.22,$2.24,11.41,$17.05B,$9.80B,1.74,$3.97B,$19.52B,0.2,$24.25B,$18.40B,75.86%,$24.25B,$5.86B,24.16%,$24.25B,$5.86B,24.16%,$24.25B,$7.74B,31.90%,$24.25B,$5.68B,23.43%,$24.25B,$4.87B,20.07%,$4.87B,$19.52B,24.99%,$4.87B,$17.41B,28.14%,$4.87B,$47.04B,10.51%,$5.86B,$23.49B,24.98%,$5822,$1238,$4584,$1078,$1854,$4171,$1651,$2792,$4443,$1108,$3335,$3335,$3303,$2042,$1651,$2160,2172,$1.52,$1.52,$9164,$2077,$0,$17047,$12291,$6909,$2109,$8686,$29994,$47041,$9797,$3965,$0,$17723,$27520,$30,$41622,$-764,$19522,$47041,$3335,$391,$-341,$50,$0,$0,$0,$-742,$-742,$2528,$-341,$0,$0,$181,$0,$181,$2063,$1903,$-1383,$-23,$-1405,$-1298,$-1298,$-831,$-50,$-3584,$953,$91,$-831
43,2007-12-31,38.8,$8.37,4.63,$11.06,3.51,$4.35,8.92,$1.50,25.86,$15.05B,$12.26B,1.23,$3.92B,$18.19B,0.22,$24.20B,$18.06B,74.62%,$24.20B,$5.62B,23.22%,$24.20B,$5.62B,23.22%,$24.20B,$7.61B,31.43%,$24.20B,$3.49B,14.43%,$24.20B,$3.27B,13.50%,$3.27B,$18.19B,17.00%,$3.27B,$16.02B,19.24%,$3.27B,$48.35B,7.21%,$5.62B,$22.10B,23.83%,$6243,$1545,$4698,$1382,$1720,$4646,$1597,$-4656,$-3059,$-1550,$-1509,$-1509,$-1639,$2096,$1597,$2171,2190,$-0.75,$-0.76,$8231,$1881,$0,$15045,$12346,$7159,$2168,$11632,$33305,$48351,$12258,$3916,$0,$17908,$30166,$30,$39141,$-826,$18185,$48351,$3397,$1988,$444,$2433,$-291,$-41,$118,$131,$1356,$6999,$-1011,$0,$-1136,$728,$0,$728,$-1391,$-2810,$-1195,$11,$-1184,$-531,$-531,$-3428,$277,$-4866,$-579,$330,$-3428
44,2007-09-30,34.29,$9.53,3.6,$10.97,3.13,$4.26,8.05,$2.47,13.88,$14.16B,$10.51B,1.35,$3.87B,$20.72B,0.19,$24.00B,$17.73B,73.90%,$24.00B,$4.33B,18.03%,$24.00B,$4.33B,18.03%,$24.00B,$6.36B,26.50%,$24.00B,$7.46B,31.10%,$24.00B,$5.38B,22.42%,$5.38B,$20.72B,28.23%,$5.38B,$18.52B,32.08%,$5.38B,$45.70B,12.13%,$4.33B,$24.60B,18.16%,$6074,$1518,$4556,$1441,$1951,$4910,$1165,$900,$2065,$539,$1526,$1526,$1526,$1653,$1165,$2171,2193,$0.70,$0.70,$7392,$1850,$0,$14164,$12491,$7501,$2203,$9342,$31537,$45701,$10506,$3874,$0,$14473,$24979,$30,$41602,$-1054,$20722,$45701,$4906,$1489,$-370,$1119,$0,$0,$0,$1394,$-1394,$4651,$-726,$0,$-1136,$1124,$0,$1124,$-1224,$-1962,$-1159,$161,$-998,$-101,$-101,$-2478,$106,$-3471,$-706,$251,$-2478
45,2007-06-30,32.78,$8.98,3.65,$10.68,3.07,$4.44,7.39,$2.20,14.9,$12.44B,$10.28B,1.21,$4.13B,$19.47B,0.21,$23.33B,$17.04B,73.04%,$23.33B,$3.71B,15.91%,$23.33B,$3.71B,15.91%,$23.33B,$5.82B,24.94%,$23.33B,$6.63B,28.41%,$23.33B,$4.80B,20.55%,$4.80B,$19.47B,25.64%,$4.80B,$17.21B,29.01%,$4.80B,$44.18B,10.93%,$3.71B,$23.61B,15.66%,$6111,$1552,$4559,$1031,$2084,$4667,$1445,$787,$2232,$556,$1676,$1676,$1676,$1945,$1445,$2167,2189,$0.77,$0.77,$5504,$1760,$0,$12436,$12767,$7643,$2260,$9077,$31747,$44183,$10281,$4134,$0,$14430,$24711,$30,$40905,$-1113,$19472,$44183,$3381,$1001,$-429,$572,$0,$0,$0,$470,$-2319,$1626,$-473,$0,$-1136,$908,$0,$908,$-1191,$-1892,$-857,$358,$-499,$-143,$-143,$-1652,$87,$-2207,$-2445,$178,$-1652
46,2007-03-31,28.86,$8.54,3.38,$10.52,2.74,$5.30,5.44,$2.12,13.61,$11.74B,$7.86B,1.49,$5.55B,$18.48B,0.3,$23.00B,$16.81B,73.11%,$23.00B,$3.69B,16.04%,$23.00B,$3.69B,16.04%,$23.00B,$5.83B,25.37%,$23.00B,$6.51B,28.29%,$23.00B,$4.62B,20.08%,$4.62B,$18.48B,24.75%,$4.62B,$16.16B,27.80%,$4.62B,$42.99B,10.57%,$3.69B,$24.03B,15.48%,$5769,$1526,$4244,$1030,$1802,$4358,$1412,$843,$2254,$550,$1704,$1704,$1704,$1912,$1412,$2166,2180,$0.79,$0.78,$4056,$1727,$0,$11742,$12940,$7839,$2319,$8153,$31251,$42993,$7861,$5545,$0,$16652,$24513,$30,$40055,$-1093,$18479,$42993,$1704,$500,$-74,$426,$0,$0,$0,$-643,$-3431,$-1329,$-201,$0,$-1134,$876,$0,$876,$-823,$-1281,$-855,$497,$-358,$-200,$-200,$-827,$167,$-1216,$-3813,$97,$-827
47,2006-12-31,28.25,$8.10,3.49,$10.35,2.73,$6.51,4.34,$2.03,13.91,$15.23B,$12.72B,1.2,$5.55B,$17.56B,0.32,$22.64B,$16.64B,73.49%,$22.64B,$3.69B,16.28%,$22.64B,$3.69B,16.28%,$22.64B,$5.96B,26.31%,$22.64B,$6.22B,27.48%,$22.64B,$4.43B,19.59%,$4.43B,$17.56B,23.65%,$4.43B,$15.18B,26.25%,$4.43B,$44.57B,10.12%,$3.69B,$23.11B,15.54%,$6044,$1669,$4375,$1723,$2346,$5738,$306,$606,$912,$438,$474,$474,$474,$849,$306,$2178,2188,$0.22,$0.22,$8713,$1769,$0,$15230,$13194,$7788,$2376,$5982,$29340,$44570,$12723,$5551,$0,$14287,$27010,$30,$39095,$-1164,$17560,$44570,$4434,$2268,$182,$2451,$-709,$227,$16,$-108,$-251,$6765,$-980,$0,$-405,$-3448,$0,$-3448,$-51,$-4884,$249,$-1523,$-1274,$-632,$-632,$-3323,$-375,$-5604,$-3671,$313,$-3323
