,Date,Stock Price,Book Value per Share,Price to Book Ratio,TTM Sales per Share,Price to Sales Ratio,TTM FCF per Share,Price to FCF Ratio,TTM Net EPS,PE Ratio,Current Assets,Current Liabilities,Current Ratio,Long Term Debt,Shareholder's Equity_x,Debt to Equity Ratio,TTM Revenue_x,TTM Gross Profit,Gross Margin,TTM Revenue_y,TTM Operating Income,Operating Margin,TTM Revenue_x,TTM EBIT,EBIT Margin,TTM Revenue_y,TTM EBITDA,EBITDA Margin,TTM Revenue_x,TTM Pre-Tax Income,Pre-Tax Margin,TTM Revenue_y,TTM Net Income_x,Net Margin,TTM Net Income_y,Shareholder's Equity_y,Return on Equity,TTM Net Income_x,Tangible Equity,Return on Tangible Equity,TTM Net Income_y,Total Assets,Return on Assets,TTM Net Income,LT Investments & Debt,Return on Investment,revenue,cost-goods-sold,gross-profit,research-development-expenses,selling-general-administrative-expenses,operating-expenses,operating-income,total-non-operating-income-expense,pre-tax-income,total-provision-income-taxes,income-after-taxes,income-from-continuous-operations,net-income,ebitda,ebit,basic-shares-outstanding,shares-outstanding,eps-basic-net-earnings-per-share,eps-earnings-per-share-diluted,cash-on-hand,inventory,other-current-assets,total-current-assets,net-property-plant-equipment,long-term-investments,goodwill-intangible-assets-total,other-long-term-assets,total-long-term-assets,total-assets,total-current-liabilities,long-term-debt,other-non-current-liabilities,total-long-term-liabilities,total-liabilities,common-stock-net,retained-earnings-accumulated-deficit,comprehensive-income,total-share-holder-equity,total-liabilities-share-holders-equity,net-income-loss,total-depreciation-amortization-cash-flow,other-non-cash-items,total-non-cash-items,change-in-accounts-receivable,change-in-inventories,change-in-accounts-payable,change-in-assets-liabilities,total-change-in-assets-liabilities,cash-flow-from-operating-activities,net-change-in-property-plant-equipment,net-change-in-intangible-assets,net-acquisitions-divestitures,net-change-in-short-term-investments,net-change-in-long-term-investments,net-change-in-investments-total,investing-activities-other,cash-flow-from-investing-activities,net-long-term-debt,net-current-debt,debt-issuance-retirement-net-total,net-common-equity-issued-repurchased,net-total-equity-issued-repurchased,total-common-preferred-stock-dividends-paid,financial-activities-other,cash-flow-from-financial-activities,net-cash-flow,stock-based-compensation,common-stock-dividends-paid
0,2018-09-30,21.05,$10.32,2.04,$13.92,1.51,$0.98,21.49,$1.90,11.08,$0.15B,$0.07B,1.98,$0.00B,$0.56B,0.0,$0.77B,$0.51B,66.10%,$0.77B,$0.07B,8.47%,$0.77B,$0.07B,8.47%,$0.77B,$0.15B,19.82%,$0.77B,$0.07B,8.47%,$0.77B,$0.10B,13.56%,$0.10B,$0.56B,19.14%,$0.10B,$0.56B,19.14%,$0.10B,$0.75B,14.49%,$0.07B,$0.56B,11.96%,$200,$68,$132,$0,$75,$181,$19,$0,$19,$4,$15,$15,$15,$41,$19,$55,55,$0.28,$0.28,$36,$0,$0,$146,$597,$0,$0,$2,$600,$745,$74,$0,$0,$108,$181,$1,$484,$0,$564,$745,$39,$66,$4,$70,$-8,$0,$0,$0,$2,$112,$-89,$0,$0,$0,$0,$0,$-0,$-89,$0,$0,$0,$1,$1,$-4,$-0,$-3,$20,$2,$-4
1,2018-06-30,23.45,$10.05,2.33,$13.41,1.75,$0.75,31.13,$1.76,13.32,$0.14B,$0.07B,1.89,$0.00B,$0.55B,0.0,$0.74B,$0.49B,66.53%,$0.74B,$0.06B,7.99%,$0.74B,$0.06B,7.99%,$0.74B,$0.15B,19.65%,$0.74B,$0.06B,7.99%,$0.74B,$0.10B,13.14%,$0.10B,$0.55B,18.73%,$0.10B,$0.55B,18.73%,$0.10B,$0.72B,13.85%,$0.06B,$0.55B,11.40%,$197,$67,$130,$0,$75,$179,$18,$0,$18,$5,$14,$14,$14,$40,$18,$55,55,$0.25,$0.25,$22,$0,$0,$135,$588,$0,$0,$2,$590,$724,$71,$0,$0,$104,$175,$1,$470,$0,$549,$724,$24,$44,$1,$45,$-9,$0,$0,$-1,$-2,$67,$-59,$0,$0,$0,$0,$0,$-0,$-59,$0,$0,$0,$1,$1,$-3,$-0,$-2,$6,$1,$-3
2,2018-03-31,22.78,$9.81,2.32,$12.96,1.76,$0.94,24.29,$1.68,13.56,$0.12B,$0.08B,1.59,$0.00B,$0.54B,0.0,$0.71B,$0.48B,67.32%,$0.71B,$0.06B,7.99%,$0.71B,$0.06B,7.99%,$0.71B,$0.14B,19.92%,$0.71B,$0.06B,7.85%,$0.71B,$0.09B,12.90%,$0.09B,$0.54B,18.61%,$0.09B,$0.54B,18.61%,$0.09B,$0.71B,13.39%,$0.06B,$0.54B,11.53%,$187,$64,$123,$0,$71,$173,$14,$0,$14,$3,$10,$10,$10,$35,$14,$55,55,$0.19,$0.19,$10,$0,$0,$119,$591,$0,$0,$2,$593,$712,$75,$0,$0,$102,$177,$1,$458,$0,$535,$712,$10,$22,$0,$22,$-8,$0,$0,$-0,$-9,$23,$-27,$0,$0,$0,$0,$0,$-0,$-27,$0,$0,$0,$0,$0,$-1,$-0,$-1,$-5,$0,$-1
3,2017-12-31,20.26,$9.64,2.1,$12.73,1.59,$1.32,15.35,$1.64,12.35,$0.12B,$0.06B,1.81,$0.00B,$0.53B,0.0,$0.70B,$0.48B,67.95%,$0.70B,$0.06B,8.15%,$0.70B,$0.06B,8.15%,$0.70B,$0.14B,20.31%,$0.70B,$0.06B,8.01%,$0.70B,$0.09B,12.88%,$0.09B,$0.53B,19.08%,$0.09B,$0.53B,19.08%,$0.09B,$0.69B,13.34%,$0.06B,$0.53B,12.08%,$183,$61,$122,$0,$71,$168,$14,$-0,$14,$-51,$65,$65,$65,$36,$14,$54,55,$1.20,$1.19,$16,$0,$0,$117,$572,$0,$0,$2,$574,$690,$64,$0,$0,$101,$165,$1,$449,$0,$526,$690,$90,$85,$-51,$34,$-6,$0,$0,$6,$-3,$122,$-95,$0,$0,$0,$0,$0,$-0,$-95,$-8,$0,$-8,$1,$1,$-4,$-0,$-11,$15,$1,$-4
4,2017-09-30,20.48,$8.46,2.42,$12.57,1.63,$1.51,13.6,$0.61,33.58,$0.10B,$0.07B,1.46,$0.00B,$0.46B,0.0,$0.69B,$0.47B,68.36%,$0.69B,$0.06B,8.42%,$0.69B,$0.06B,8.42%,$0.69B,$0.14B,20.61%,$0.69B,$0.06B,8.13%,$0.69B,$0.03B,4.79%,$0.03B,$0.46B,7.34%,$0.03B,$0.46B,7.34%,$0.03B,$0.68B,4.96%,$0.06B,$0.46B,12.85%,$171,$55,$116,$0,$67,$158,$13,$-0,$13,$5,$8,$8,$8,$34,$13,$55,55,$0.14,$0.14,$1,$0,$0,$95,$580,$0,$0,$2,$581,$676,$65,$0,$0,$150,$215,$1,$385,$0,$461,$676,$25,$64,$-1,$63,$-3,$0,$0,$9,$7,$95,$-84,$0,$0,$0,$0,$0,$-0,$-84,$-8,$0,$-8,$1,$1,$-3,$-0,$-10,$1,$1,$-3
5,2017-06-30,16.36,$8.34,1.96,$12.59,1.3,$1.96,8.34,$0.63,26.14,$0.10B,$0.07B,1.48,$0.00B,$0.46B,0.0,$0.69B,$0.47B,68.75%,$0.69B,$0.06B,8.72%,$0.69B,$0.06B,8.72%,$0.69B,$0.14B,20.93%,$0.69B,$0.06B,8.43%,$0.69B,$0.03B,4.80%,$0.03B,$0.46B,7.47%,$0.03B,$0.46B,7.47%,$0.03B,$0.67B,5.02%,$0.06B,$0.46B,13.47%,$172,$53,$119,$0,$68,$156,$16,$-0,$15,$6,$9,$9,$9,$37,$16,$54,55,$0.17,$0.17,$10,$0,$0,$101,$568,$0,$0,$2,$570,$671,$68,$0,$0,$148,$216,$1,$378,$0,$455,$671,$17,$43,$-1,$41,$3,$0,$0,$4,$7,$65,$-47,$0,$0,$0,$0,$0,$-0,$-47,$-8,$0,$-8,$1,$1,$-2,$-0,$-9,$10,$1,$-2
6,2017-03-31,13.99,$8.18,1.71,$12.51,1.12,$2.37,5.9,$0.61,22.86,$0.10B,$0.07B,1.54,$0.00B,$0.45B,0.0,$0.68B,$0.47B,68.91%,$0.68B,$0.06B,8.65%,$0.68B,$0.06B,8.65%,$0.68B,$0.14B,20.82%,$0.68B,$0.06B,8.50%,$0.68B,$0.03B,4.84%,$0.03B,$0.45B,7.63%,$0.03B,$0.45B,7.63%,$0.03B,$0.66B,5.10%,$0.06B,$0.45B,13.48%,$173,$55,$118,$0,$68,$159,$14,$-0,$14,$6,$8,$8,$8,$35,$14,$54,55,$0.15,$0.15,$9,$0,$0,$100,$560,$0,$0,$2,$562,$661,$65,$0,$0,$151,$216,$0,$370,$0,$445,$661,$8,$21,$3,$24,$1,$0,$0,$3,$5,$38,$-21,$0,$0,$0,$0,$0,$-0,$-21,$-8,$0,$-8,$1,$1,$-1,$-0,$-8,$9,$0,$-1
7,2016-12-31,13.89,$8.04,1.73,$12.33,1.13,$2.90,4.78,$0.61,22.69,$0.09B,$0.06B,1.54,$0.01B,$0.44B,0.02,$0.67B,$0.47B,69.45%,$0.67B,$0.06B,8.79%,$0.67B,$0.06B,8.79%,$0.67B,$0.14B,21.01%,$0.67B,$0.06B,8.64%,$0.67B,$0.03B,4.92%,$0.03B,$0.44B,7.78%,$0.03B,$0.44B,7.78%,$0.03B,$0.65B,5.20%,$0.06B,$0.45B,13.74%,$173,$54,$118,$0,$68,$158,$15,$-0,$14,$6,$8,$8,$8,$36,$15,$54,54,$0.15,$0.15,$0,$0,$0,$93,$558,$0,$0,$2,$560,$654,$61,$8,$0,$156,$216,$1,$363,$0,$437,$654,$33,$82,$5,$87,$9,$0,$1,$2,$13,$134,$-97,$0,$0,$0,$0,$0,$-0,$-97,$-30,$0,$-30,$-3,$-3,$-3,$-0,$-36,$0,$1,$-3
8,2016-09-30,12.5,$7.90,1.58,$12.16,1.03,$2.30,5.44,$0.62,20.23,$0.09B,$0.06B,1.42,$0.01B,$0.43B,0.02,$0.67B,$0.46B,69.57%,$0.67B,$0.06B,8.85%,$0.67B,$0.06B,8.85%,$0.67B,$0.14B,20.99%,$0.67B,$0.06B,8.85%,$0.67B,$0.03B,5.10%,$0.03B,$0.43B,8.15%,$0.03B,$0.43B,8.15%,$0.03B,$0.65B,5.41%,$0.06B,$0.44B,13.73%,$170,$53,$118,$0,$68,$156,$15,$-0,$15,$6,$8,$8,$8,$36,$15,$54,55,$0.16,$0.15,$0,$0,$0,$91,$552,$0,$0,$3,$555,$646,$64,$9,$0,$153,$217,$0,$355,$0,$429,$646,$25,$61,$4,$65,$8,$0,$0,$3,$14,$104,$-69,$0,$0,$0,$0,$0,$-0,$-69,$-29,$0,$-29,$-4,$-4,$-2,$-0,$-36,$-0,$1,$-2
9,2016-06-30,11.78,$7.75,1.52,$12.07,0.98,$1.61,7.32,$0.61,19.24,$0.09B,$0.06B,1.38,$0.00B,$0.42B,0.01,$0.67B,$0.46B,68.86%,$0.67B,$0.06B,8.68%,$0.67B,$0.06B,8.68%,$0.67B,$0.14B,20.66%,$0.67B,$0.06B,8.68%,$0.67B,$0.03B,5.09%,$0.03B,$0.42B,8.22%,$0.03B,$0.42B,8.22%,$0.03B,$0.63B,5.44%,$0.06B,$0.42B,13.45%,$166,$50,$116,$0,$66,$151,$15,$-0,$15,$6,$9,$9,$9,$35,$15,$54,54,$0.16,$0.16,$0,$0,$0,$86,$538,$0,$0,$3,$541,$628,$63,$4,$0,$146,$208,$0,$348,$0,$419,$628,$17,$40,$4,$44,$12,$0,$0,$2,$19,$80,$-40,$0,$0,$0,$0,$0,$-0,$-40,$-33,$0,$-33,$-5,$-5,$-2,$-0,$-41,$-0,$1,$-2
10,2016-03-31,11.12,$7.60,1.46,$11.92,0.93,$1.37,8.12,$0.61,18.35,$0.09B,$0.06B,1.43,$0.00B,$0.41B,0.0,$0.67B,$0.45B,67.72%,$0.67B,$0.06B,8.56%,$0.67B,$0.06B,8.56%,$0.67B,$0.14B,20.27%,$0.67B,$0.06B,8.56%,$0.67B,$0.03B,4.95%,$0.03B,$0.41B,8.03%,$0.03B,$0.41B,8.03%,$0.03B,$0.61B,5.31%,$0.06B,$0.41B,13.34%,$162,$48,$114,$0,$64,$148,$14,$-0,$14,$6,$8,$8,$8,$34,$14,$54,54,$0.15,$0.15,$1,$0,$0,$88,$519,$0,$0,$3,$522,$610,$62,$0,$0,$138,$200,$0,$340,$0,$411,$610,$8,$20,$2,$23,$13,$0,$0,$2,$24,$55,$-10,$0,$0,$0,$0,$0,$-0,$-10,$-38,$0,$-38,$-6,$-6,$-1,$-0,$-45,$1,$0,$-1
11,2015-12-31,10.5,$7.50,1.4,$11.81,0.89,$1.36,7.74,$0.64,16.51,$0.10B,$0.05B,2.01,$0.04B,$0.41B,0.09,$0.67B,$0.44B,66.47%,$0.67B,$0.06B,9.02%,$0.67B,$0.06B,9.02%,$0.67B,$0.14B,20.45%,$0.67B,$0.06B,9.02%,$0.67B,$0.04B,5.26%,$0.04B,$0.41B,8.58%,$0.04B,$0.41B,8.58%,$0.04B,$0.63B,5.70%,$0.06B,$0.45B,14.14%,$169,$53,$116,$0,$65,$154,$15,$-0,$15,$6,$9,$9,$9,$35,$15,$56,56,$0.16,$0.16,$0,$0,$0,$100,$528,$0,$0,$3,$531,$632,$50,$38,$0,$172,$222,$0,$333,$0,$409,$632,$36,$75,$7,$82,$8,$0,$-5,$1,$10,$129,$-125,$0,$0,$0,$0,$0,$-0,$-125,$13,$-1,$13,$-13,$-13,$-3,$0,$-3,$0,$1,$-3
12,2015-09-30,9.58,$7.43,1.29,$11.89,0.81,$0.64,14.95,$0.64,14.92,$0.09B,$0.07B,1.44,$0.03B,$0.42B,0.06,$0.67B,$0.43B,64.78%,$0.67B,$0.06B,9.10%,$0.67B,$0.06B,9.10%,$0.67B,$0.14B,20.15%,$0.67B,$0.06B,9.10%,$0.67B,$0.04B,5.22%,$0.04B,$0.42B,8.69%,$0.04B,$0.42B,8.69%,$0.04B,$0.63B,5.83%,$0.06B,$0.44B,14.68%,$171,$57,$114,$0,$65,$157,$14,$-0,$14,$6,$8,$8,$8,$34,$14,$56,56,$0.15,$0.15,$0,$0,$0,$94,$533,$0,$0,$4,$536,$630,$65,$26,$0,$149,$214,$0,$325,$0,$416,$630,$27,$55,$-8,$48,$15,$0,$0,$2,$27,$101,$-103,$0,$0,$0,$0,$0,$-0,$-104,$2,$-0,$2,$2,$2,$-3,$0,$2,$0,$1,$-3
13,2015-06-30,12.83,$7.29,1.76,$11.91,1.08,$0.02,580.74,$0.63,20.37,$0.10B,$0.08B,1.28,$0.00B,$0.41B,0.0,$0.67B,$0.42B,62.44%,$0.67B,$0.06B,8.94%,$0.67B,$0.06B,8.94%,$0.67B,$0.13B,19.52%,$0.67B,$0.06B,8.94%,$0.67B,$0.04B,5.22%,$0.04B,$0.41B,8.89%,$0.04B,$0.41B,8.89%,$0.04B,$0.62B,5.99%,$0.06B,$0.41B,14.79%,$164,$56,$107,$0,$60,$149,$14,$-0,$14,$6,$8,$8,$8,$32,$14,$56,56,$0.15,$0.15,$4,$0,$0,$101,$510,$0,$0,$4,$513,$615,$79,$0,$0,$127,$206,$0,$317,$0,$408,$615,$19,$36,$-1,$35,$12,$0,$0,$1,$18,$72,$-43,$0,$0,$0,$0,$0,$-0,$-43,$-24,$-1,$-25,$2,$2,$-2,$0,$-24,$4,$1,$-2
14,2015-03-31,13.71,$7.14,1.92,$12.01,1.14,$-1.00,0.0,$0.62,21.97,$0.11B,$0.06B,1.97,$0.00B,$0.40B,0.0,$0.68B,$0.41B,60.59%,$0.68B,$0.06B,8.74%,$0.68B,$0.06B,8.74%,$0.68B,$0.13B,19.11%,$0.68B,$0.06B,8.89%,$0.68B,$0.04B,5.19%,$0.04B,$0.40B,9.10%,$0.04B,$0.40B,9.10%,$0.04B,$0.58B,6.12%,$0.06B,$0.40B,14.71%,$161,$56,$105,$0,$59,$144,$17,$-0,$17,$7,$10,$10,$10,$35,$17,$56,56,$0.18,$0.18,$22,$0,$0,$112,$465,$0,$0,$4,$468,$581,$57,$0,$0,$125,$182,$0,$310,$0,$399,$581,$10,$18,$-2,$16,$19,$0,$0,$3,$27,$53,$-7,$0,$0,$0,$0,$0,$-0,$-7,$-24,$-1,$-25,$1,$1,$-1,$0,$-25,$22,$0,$-1
15,2014-12-31,12.9,$6.96,1.85,$11.99,1.08,$-1.71,0.0,$0.54,23.89,$0.11B,$0.05B,2.4,$0.02B,$0.39B,0.06,$0.67B,$0.40B,58.69%,$0.67B,$0.05B,7.58%,$0.67B,$0.05B,7.58%,$0.67B,$0.12B,17.68%,$0.67B,$0.05B,7.73%,$0.67B,$0.03B,4.46%,$0.03B,$0.39B,7.98%,$0.03B,$0.39B,7.98%,$0.03B,$0.58B,5.35%,$0.05B,$0.41B,13.00%,$174,$65,$108,$0,$59,$157,$16,$-0,$16,$7,$9,$9,$9,$34,$16,$56,56,$0.16,$0.16,$0,$0,$0,$107,$466,$0,$0,$4,$469,$576,$45,$24,$0,$144,$189,$0,$300,$0,$388,$576,$30,$68,$6,$74,$-15,$0,$-1,$-2,$-22,$82,$-119,$0,$0,$0,$0,$0,$-0,$-119,$24,$1,$25,$1,$1,$-3,$0,$23,$-14,$1,$-3
16,2014-09-30,10.5,$6.81,1.54,$11.88,0.88,$-0.76,0.0,$0.51,20.58,$0.10B,$0.05B,1.82,$0.03B,$0.38B,0.07,$0.67B,$0.38B,57.44%,$0.67B,$0.05B,7.22%,$0.67B,$0.05B,7.22%,$0.67B,$0.11B,17.14%,$0.67B,$0.05B,7.37%,$0.67B,$0.03B,4.21%,$0.03B,$0.38B,7.60%,$0.03B,$0.38B,7.60%,$0.03B,$0.57B,5.11%,$0.05B,$0.40B,12.66%,$172,$72,$99,$0,$54,$159,$13,$0,$13,$6,$8,$8,$8,$30,$13,$56,56,$0.14,$0.14,$0,$0,$0,$95,$467,$0,$0,$4,$471,$567,$52,$25,$0,$135,$187,$0,$292,$0,$379,$567,$21,$50,$-7,$44,$-4,$0,$0,$1,$-6,$58,$-95,$0,$0,$0,$0,$0,$-0,$-95,$25,$0,$25,$1,$1,$-3,$0,$23,$-13,$1,$-3
17,2014-06-30,13.16,$6.69,1.97,$11.82,1.11,$-0.05,0.0,$0.52,25.5,$0.10B,$0.06B,1.75,$0.02B,$0.37B,0.05,$0.66B,$0.38B,57.12%,$0.66B,$0.05B,7.42%,$0.66B,$0.05B,7.42%,$0.66B,$0.11B,17.27%,$0.66B,$0.05B,7.58%,$0.66B,$0.03B,4.24%,$0.03B,$0.37B,7.74%,$0.03B,$0.37B,7.74%,$0.03B,$0.56B,5.23%,$0.05B,$0.39B,13.39%,$168,$71,$97,$0,$53,$155,$13,$1,$14,$6,$8,$8,$8,$30,$13,$56,56,$0.14,$0.14,$1,$0,$0,$100,$458,$0,$0,$4,$462,$562,$57,$17,$0,$133,$190,$0,$285,$0,$372,$562,$13,$33,$0,$34,$-7,$0,$0,$2,$-6,$41,$-70,$0,$0,$0,$0,$0,$-0,$-70,$17,$0,$17,$1,$1,$-2,$0,$16,$-13,$1,$-2
18,2014-03-31,12.66,$6.55,1.93,$11.72,1.08,$0.38,33.71,$0.51,24.81,$0.11B,$0.06B,1.9,$0.00B,$0.36B,0.0,$0.65B,$0.37B,57.12%,$0.65B,$0.05B,7.50%,$0.65B,$0.05B,7.50%,$0.65B,$0.11B,17.30%,$0.65B,$0.05B,7.50%,$0.65B,$0.03B,4.29%,$0.03B,$0.36B,7.89%,$0.03B,$0.36B,7.89%,$0.03B,$0.54B,5.33%,$0.05B,$0.36B,13.74%,$159,$68,$91,$0,$52,$151,$9,$0,$9,$3,$5,$5,$5,$25,$9,$56,56,$0.10,$0.10,$19,$0,$0,$109,$424,$0,$0,$3,$428,$536,$57,$0,$0,$115,$172,$0,$278,$0,$364,$536,$5,$16,$1,$17,$2,$0,$0,$2,$5,$28,$-21,$0,$0,$0,$0,$0,$-0,$-21,$0,$0,$0,$0,$0,$-1,$0,$-0,$6,$0,$-1
19,2013-12-31,11.86,$6.47,1.83,$11.84,1.0,$0.46,25.81,$0.54,21.88,$0.11B,$0.05B,2.02,$0.00B,$0.36B,0.0,$0.66B,$0.37B,56.53%,$0.66B,$0.05B,8.05%,$0.66B,$0.05B,8.05%,$0.66B,$0.12B,17.63%,$0.66B,$0.05B,8.05%,$0.66B,$0.03B,4.56%,$0.03B,$0.36B,8.63%,$0.03B,$0.36B,8.63%,$0.03B,$0.53B,5.79%,$0.05B,$0.36B,15.16%,$166,$71,$95,$0,$52,$154,$13,$0,$13,$5,$7,$7,$7,$29,$13,$55,56,$0.13,$0.13,$14,$0,$0,$107,$415,$0,$0,$3,$418,$526,$53,$0,$0,$114,$167,$0,$274,$0,$359,$526,$30,$64,$-1,$64,$-6,$0,$2,$1,$-5,$89,$-73,$0,$0,$0,$0,$0,$-2,$-75,$-3,$0,$-3,$1,$1,$-3,$0,$-4,$10,$1,$-3
20,2013-09-30,10.07,$6.35,1.59,$11.86,0.85,$0.12,84.75,$0.55,18.31,$0.10B,$0.05B,1.82,$0.00B,$0.35B,0.0,$0.66B,$0.37B,56.08%,$0.66B,$0.05B,8.05%,$0.66B,$0.05B,8.05%,$0.66B,$0.12B,17.63%,$0.66B,$0.05B,8.05%,$0.66B,$0.03B,4.71%,$0.03B,$0.35B,9.09%,$0.03B,$0.35B,9.09%,$0.03B,$0.52B,6.08%,$0.05B,$0.35B,15.43%,$167,$73,$94,$0,$51,$153,$14,$0,$14,$6,$8,$8,$8,$30,$14,$55,56,$0.14,$0.14,$1,$0,$0,$95,$420,$0,$0,$4,$424,$518,$52,$1,$0,$115,$167,$0,$267,$0,$352,$518,$23,$48,$0,$48,$-8,$0,$0,$2,$-5,$66,$-63,$0,$0,$0,$0,$0,$-2,$-65,$-2,$0,$-2,$0,$0,$-2,$0,$-4,$-2,$1,$-2
21,2013-06-30,9.18,$6.21,1.48,$11.82,0.78,$-0.20,0.0,$0.52,17.58,$0.09B,$0.06B,1.58,$0.01B,$0.34B,0.02,$0.66B,$0.36B,55.42%,$0.66B,$0.05B,7.48%,$0.66B,$0.05B,7.48%,$0.66B,$0.11B,16.95%,$0.66B,$0.05B,7.48%,$0.66B,$0.03B,4.58%,$0.03B,$0.34B,8.87%,$0.03B,$0.34B,8.87%,$0.03B,$0.52B,5.93%,$0.05B,$0.35B,14.38%,$161,$69,$93,$0,$50,$148,$13,$0,$13,$6,$8,$8,$8,$29,$13,$55,56,$0.14,$0.14,$1,$0,$0,$89,$428,$0,$0,$3,$431,$521,$57,$7,$0,$120,$176,$0,$260,$0,$344,$521,$15,$32,$0,$32,$-3,$0,$0,$2,$1,$48,$-52,$0,$0,$0,$0,$0,$-2,$-54,$5,$0,$5,$0,$0,$-1,$0,$4,$-3,$1,$-1
22,2013-03-31,7.85,$6.08,1.29,$11.75,0.67,$-0.40,0.0,$0.52,15.1,$0.10B,$0.06B,1.59,$0.00B,$0.34B,0.0,$0.65B,$0.36B,54.99%,$0.65B,$0.05B,7.53%,$0.65B,$0.05B,7.53%,$0.65B,$0.11B,16.90%,$0.65B,$0.05B,7.53%,$0.65B,$0.03B,4.61%,$0.03B,$0.34B,8.94%,$0.03B,$0.34B,8.94%,$0.03B,$0.51B,6.02%,$0.05B,$0.34B,14.56%,$164,$75,$90,$0,$50,$152,$13,$0,$13,$5,$7,$7,$7,$28,$13,$55,56,$0.13,$0.13,$9,$0,$0,$97,$408,$0,$0,$3,$411,$508,$61,$0,$0,$111,$172,$0,$253,$0,$336,$508,$7,$16,$-1,$15,$-0,$0,$0,$2,$-0,$22,$-11,$0,$0,$0,$0,$0,$-2,$-13,$-3,$0,$-3,$0,$0,$-1,$-0,$-3,$6,$0,$-1
23,2012-12-31,7.17,$6.00,1.19,$11.53,0.62,$-0.51,0.0,$0.49,14.56,$0.10B,$0.05B,2.04,$0.00B,$0.33B,0.01,$0.64B,$0.35B,54.86%,$0.64B,$0.05B,7.21%,$0.64B,$0.05B,7.21%,$0.64B,$0.11B,16.61%,$0.64B,$0.05B,7.21%,$0.64B,$0.03B,4.39%,$0.03B,$0.33B,8.40%,$0.03B,$0.33B,8.40%,$0.03B,$0.49B,5.66%,$0.05B,$0.34B,13.77%,$166,$74,$92,$0,$50,$153,$13,$0,$13,$5,$8,$8,$8,$29,$13,$55,55,$0.13,$0.13,$3,$0,$0,$96,$394,$0,$0,$1,$395,$491,$47,$3,$0,$112,$159,$0,$246,$0,$332,$491,$27,$61,$1,$62,$-8,$0,$1,$1,$-4,$86,$-88,$0,$0,$0,$0,$0,$-0,$-88,$3,$0,$3,$1,$1,$-19,$0,$-15,$-17,$1,$-19
24,2012-09-30,6.56,$6.17,1.06,$11.39,0.58,$0.23,29.02,$0.49,13.34,$0.09B,$0.05B,1.74,$0.00B,$0.34B,0.0,$0.63B,$0.35B,54.92%,$0.63B,$0.05B,7.30%,$0.63B,$0.05B,7.30%,$0.63B,$0.11B,16.67%,$0.63B,$0.05B,7.30%,$0.63B,$0.03B,4.44%,$0.03B,$0.34B,8.48%,$0.03B,$0.34B,8.48%,$0.03B,$0.50B,5.72%,$0.05B,$0.34B,13.93%,$164,$75,$88,$0,$49,$154,$10,$0,$10,$3,$7,$7,$7,$25,$10,$55,55,$0.12,$0.12,$5,$0,$0,$94,$407,$0,$0,$1,$408,$502,$54,$0,$0,$107,$161,$0,$256,$0,$341,$502,$20,$45,$1,$46,$-11,$0,$0,$3,$-3,$63,$-78,$0,$0,$0,$0,$0,$-0,$-78,$0,$0,$0,$1,$1,$-2,$0,$-1,$-16,$1,$-2
25,2012-06-30,7.93,$6.06,1.31,$11.27,0.7,$1.16,6.86,$0.49,16.12,$0.09B,$0.05B,1.7,$0.00B,$0.33B,0.0,$0.62B,$0.34B,54.98%,$0.62B,$0.05B,7.56%,$0.62B,$0.05B,7.56%,$0.62B,$0.11B,17.04%,$0.62B,$0.05B,7.56%,$0.62B,$0.03B,4.34%,$0.03B,$0.33B,8.35%,$0.03B,$0.33B,8.35%,$0.03B,$0.49B,5.61%,$0.05B,$0.33B,14.54%,$157,$69,$88,$0,$46,$144,$13,$0,$13,$5,$8,$8,$8,$28,$13,$55,55,$0.14,$0.14,$5,$0,$0,$91,$403,$0,$0,$1,$403,$494,$54,$0,$0,$106,$160,$0,$250,$0,$334,$494,$13,$30,$1,$31,$-7,$0,$0,$1,$-4,$40,$-55,$0,$0,$0,$0,$0,$-0,$-55,$0,$0,$0,$1,$1,$-1,$0,$-0,$-16,$1,$-1
26,2012-03-31,8.22,$5.92,1.39,$11.17,0.74,$1.98,4.15,$0.47,17.57,$0.11B,$0.06B,1.8,$0.00B,$0.33B,0.0,$0.62B,$0.34B,54.38%,$0.62B,$0.05B,7.31%,$0.62B,$0.05B,7.31%,$0.62B,$0.10B,16.72%,$0.62B,$0.05B,7.31%,$0.62B,$0.03B,4.06%,$0.03B,$0.33B,7.90%,$0.03B,$0.33B,7.90%,$0.03B,$0.49B,5.29%,$0.05B,$0.33B,14.22%,$151,$69,$82,$0,$46,$142,$10,$0,$10,$4,$6,$5,$5,$24,$10,$55,55,$0.10,$0.10,$26,$0,$0,$106,$384,$0,$0,$1,$385,$491,$59,$0,$0,$106,$164,$0,$243,$0,$326,$491,$5,$15,$1,$15,$-1,$0,$0,$2,$-1,$20,$-15,$0,$0,$0,$0,$0,$-0,$-15,$0,$0,$0,$1,$1,$-0,$0,$0,$5,$0,$-0
27,2011-12-31,6.7,$5.83,1.15,$10.94,0.61,$2.32,2.89,$0.44,15.08,$0.10B,$0.05B,2.2,$0.00B,$0.32B,0.0,$0.60B,$0.33B,54.23%,$0.60B,$0.04B,7.13%,$0.60B,$0.04B,7.13%,$0.60B,$0.10B,16.58%,$0.60B,$0.04B,7.13%,$0.60B,$0.02B,3.98%,$0.02B,$0.32B,7.74%,$0.02B,$0.32B,7.74%,$0.02B,$0.47B,5.19%,$0.04B,$0.32B,13.87%,$158,$71,$88,$0,$46,$145,$13,$0,$13,$5,$8,$8,$8,$28,$13,$55,55,$0.14,$0.13,$21,$0,$0,$102,$368,$0,$0,$1,$369,$471,$46,$0,$0,$104,$150,$0,$238,$0,$320,$471,$24,$58,$8,$66,$1,$0,$-2,$-7,$-4,$86,$-48,$0,$0,$0,$0,$0,$0,$-48,$-19,$-1,$-20,$0,$0,$-2,$-0,$-22,$16,$1,$-2
28,2011-09-30,6.41,$5.70,1.13,$10.55,0.61,$1.33,4.82,$0.40,16.02,$0.11B,$0.05B,2.06,$0.00B,$0.31B,0.0,$0.58B,$0.32B,54.12%,$0.58B,$0.04B,6.70%,$0.58B,$0.04B,6.70%,$0.58B,$0.09B,16.15%,$0.58B,$0.04B,6.70%,$0.58B,$0.02B,3.61%,$0.02B,$0.31B,6.91%,$0.02B,$0.31B,6.91%,$0.02B,$0.47B,4.57%,$0.04B,$0.31B,12.83%,$156,$72,$84,$0,$44,$145,$11,$0,$11,$4,$7,$6,$6,$26,$11,$55,55,$0.12,$0.12,$21,$0,$0,$105,$362,$0,$0,$1,$363,$468,$51,$0,$0,$104,$155,$0,$231,$0,$313,$468,$17,$42,$7,$49,$-3,$0,$0,$-2,$-5,$61,$-24,$0,$0,$0,$0,$0,$0,$-24,$-19,$-1,$-20,$0,$0,$-1,$0,$-21,$15,$1,$-1
29,2011-06-30,8.02,$5.58,1.44,$10.05,0.8,$0.21,38.98,$0.38,20.89,$0.10B,$0.05B,1.96,$0.00B,$0.31B,0.0,$0.56B,$0.31B,54.95%,$0.56B,$0.04B,6.85%,$0.56B,$0.04B,6.85%,$0.56B,$0.09B,16.40%,$0.56B,$0.04B,6.85%,$0.56B,$0.02B,3.60%,$0.02B,$0.31B,6.70%,$0.02B,$0.31B,6.70%,$0.02B,$0.46B,4.37%,$0.04B,$0.31B,12.73%,$151,$70,$81,$0,$42,$140,$11,$0,$11,$5,$6,$6,$6,$25,$11,$55,55,$0.11,$0.11,$15,$0,$0,$101,$359,$0,$0,$1,$360,$461,$52,$0,$0,$103,$155,$0,$225,$0,$307,$461,$10,$28,$7,$34,$-5,$0,$0,$-2,$-2,$42,$-12,$0,$0,$0,$0,$0,$0,$-12,$-19,$-1,$-20,$0,$0,$-1,$0,$-21,$10,$1,$-1
30,2011-03-31,8.27,$5.47,1.51,$9.60,0.86,$-0.59,0.0,$0.36,22.73,$0.09B,$0.05B,1.7,$0.00B,$0.30B,0.0,$0.53B,$0.30B,55.66%,$0.53B,$0.04B,6.79%,$0.53B,$0.04B,6.79%,$0.53B,$0.09B,16.60%,$0.53B,$0.04B,6.79%,$0.53B,$0.02B,3.58%,$0.02B,$0.30B,6.48%,$0.02B,$0.30B,6.48%,$0.02B,$0.45B,4.20%,$0.04B,$0.30B,12.14%,$138,$63,$74,$0,$40,$130,$8,$-0,$8,$3,$4,$4,$4,$21,$8,$55,55,$0.08,$0.08,$8,$0,$0,$86,$364,$0,$0,$1,$364,$450,$50,$0,$0,$99,$150,$0,$219,$0,$300,$450,$4,$14,$2,$16,$4,$0,$0,$1,$8,$28,$-5,$0,$0,$0,$0,$0,$0,$-5,$-19,$-1,$-20,$0,$0,$-0,$0,$-20,$3,$0,$-0
31,2010-12-31,7.93,$5.39,1.47,$9.39,0.84,$-1.16,0.0,$0.36,22.01,$0.09B,$0.07B,1.28,$0.00B,$0.30B,0.0,$0.52B,$0.29B,56.18%,$0.52B,$0.04B,6.76%,$0.52B,$0.04B,6.76%,$0.52B,$0.09B,16.80%,$0.52B,$0.04B,6.76%,$0.52B,$0.02B,3.67%,$0.02B,$0.30B,6.60%,$0.02B,$0.30B,6.60%,$0.02B,$0.46B,4.24%,$0.04B,$0.30B,11.94%,$137,$61,$76,$0,$40,$127,$9,$-0,$9,$4,$5,$5,$5,$22,$9,$55,55,$0.09,$0.10,$5,$0,$0,$88,$372,$0,$0,$1,$373,$460,$69,$0,$0,$96,$164,$0,$215,$0,$296,$460,$20,$52,$11,$63,$-14,$0,$0,$-3,$-19,$65,$-81,$0,$0,$0,$0,$0,$-0,$-81,$18,$-1,$17,$0,$0,$-1,$-0,$17,$-0,$1,$-1
32,2010-09-30,8.58,$5.30,1.62,$9.25,0.93,$-0.83,0.0,$0.34,25.25,$0.08B,$0.08B,1.04,$0.00B,$0.29B,0.0,$0.51B,$0.29B,56.47%,$0.51B,$0.03B,6.67%,$0.51B,$0.03B,6.67%,$0.51B,$0.09B,16.86%,$0.51B,$0.03B,6.67%,$0.51B,$0.02B,3.53%,$0.02B,$0.29B,6.37%,$0.02B,$0.29B,6.37%,$0.02B,$0.46B,4.12%,$0.03B,$0.29B,11.81%,$129,$55,$74,$0,$39,$119,$10,$-0,$10,$4,$6,$5,$5,$23,$10,$55,55,$0.10,$0.10,$5,$0,$0,$83,$377,$0,$0,$1,$377,$460,$79,$0,$0,$90,$169,$0,$211,$0,$291,$460,$15,$39,$4,$43,$-12,$0,$0,$0,$-11,$46,$-71,$0,$0,$0,$0,$0,$-0,$-71,$26,$-1,$24,$0,$0,$-0,$0,$24,$-1,$1,$-0
33,2010-06-30,7.69,$5.20,1.48,$9.27,0.83,$-0.20,0.0,$0.30,25.29,$0.08B,$0.06B,1.44,$0.01B,$0.29B,0.05,$0.51B,$0.29B,56.47%,$0.51B,$0.03B,6.08%,$0.51B,$0.03B,6.08%,$0.51B,$0.08B,16.27%,$0.51B,$0.03B,6.08%,$0.51B,$0.02B,3.14%,$0.02B,$0.29B,5.77%,$0.02B,$0.29B,5.77%,$0.02B,$0.44B,3.75%,$0.03B,$0.30B,10.95%,$126,$55,$71,$0,$38,$117,$9,$-0,$9,$4,$5,$5,$5,$22,$9,$55,55,$0.10,$0.09,$4,$0,$0,$79,$358,$0,$0,$1,$358,$438,$55,$14,$0,$98,$153,$0,$206,$0,$285,$438,$9,$26,$-2,$24,$-10,$0,$0,$0,$-9,$24,$-37,$0,$0,$0,$0,$0,$-0,$-37,$12,$-1,$11,$0,$0,$0,$0,$12,$-2,$0,$0
34,2010-03-31,7.29,$5.10,1.43,$9.27,0.79,$0.29,25.57,$0.29,24.97,$0.07B,$0.06B,1.19,$0.01B,$0.28B,0.03,$0.51B,$0.29B,57.45%,$0.51B,$0.03B,5.88%,$0.51B,$0.03B,5.88%,$0.51B,$0.08B,16.08%,$0.51B,$0.03B,5.69%,$0.51B,$0.02B,2.94%,$0.02B,$0.28B,5.49%,$0.02B,$0.28B,5.49%,$0.02B,$0.43B,3.58%,$0.03B,$0.29B,10.91%,$126,$55,$70,$0,$38,$119,$7,$0,$7,$3,$4,$4,$4,$20,$7,$55,55,$0.07,$0.07,$4,$0,$0,$73,$360,$0,$0,$1,$361,$433,$61,$8,$0,$93,$154,$0,$200,$0,$279,$433,$4,$13,$-1,$12,$-2,$0,$0,$1,$3,$19,$-27,$0,$0,$0,$0,$0,$0,$-27,$8,$-1,$7,$0,$0,$0,$0,$7,$-1,$0,$0
35,2009-12-31,6.64,$5.02,1.32,$9.20,0.72,$0.67,9.84,$0.29,22.74,$0.07B,$0.05B,1.34,$0.00B,$0.28B,0.0,$0.51B,$0.30B,59.29%,$0.51B,$0.03B,5.93%,$0.51B,$0.03B,5.93%,$0.51B,$0.08B,16.40%,$0.51B,$0.03B,5.73%,$0.51B,$0.02B,2.96%,$0.02B,$0.28B,5.58%,$0.02B,$0.28B,5.58%,$0.02B,$0.42B,3.64%,$0.03B,$0.28B,11.15%,$129,$56,$73,$0,$39,$121,$8,$-0,$8,$4,$4,$4,$4,$21,$8,$55,55,$0.08,$0.08,$6,$0,$0,$73,$341,$0,$0,$1,$342,$415,$54,$0,$0,$86,$140,$0,$196,$0,$275,$415,$16,$53,$5,$58,$8,$0,$4,$-1,$7,$82,$-80,$0,$0,$2,$0,$2,$0,$-77,$-1,$-0,$-1,$0,$0,$0,$-0,$-2,$3,$1,$0
36,2009-09-30,6.31,$4.95,1.28,$9.42,0.67,$1.38,4.58,$0.32,19.48,$0.09B,$0.06B,1.4,$0.00B,$0.27B,0.0,$0.52B,$0.31B,60.35%,$0.52B,$0.04B,7.74%,$0.52B,$0.04B,7.74%,$0.52B,$0.09B,17.99%,$0.52B,$0.03B,6.00%,$0.52B,$0.02B,3.29%,$0.02B,$0.27B,6.43%,$0.02B,$0.27B,6.43%,$0.02B,$0.42B,4.17%,$0.04B,$0.27B,15.09%,$129,$56,$74,$0,$41,$123,$7,$0,$7,$3,$4,$3,$3,$20,$7,$55,55,$0.06,$0.06,$13,$0,$0,$86,$332,$0,$0,$1,$333,$419,$62,$0,$0,$87,$149,$0,$192,$0,$271,$419,$12,$40,$5,$45,$1,$0,$0,$2,$6,$63,$-54,$0,$0,$-2,$0,$-2,$0,$-56,$-1,$-1,$-2,$0,$0,$0,$0,$-2,$5,$0,$0
37,2009-06-30,7.68,$4.88,1.57,$10.04,0.76,$1.83,4.2,$0.37,20.65,$0.09B,$0.06B,1.61,$0.00B,$0.27B,0.0,$0.55B,$0.32B,58.26%,$0.55B,$0.04B,7.99%,$0.55B,$0.04B,7.99%,$0.55B,$0.10B,17.42%,$0.55B,$0.03B,6.17%,$0.55B,$0.02B,3.63%,$0.02B,$0.27B,7.72%,$0.02B,$0.27B,7.72%,$0.02B,$0.41B,4.97%,$0.04B,$0.27B,16.91%,$126,$50,$76,$0,$42,$118,$8,$-0,$7,$3,$5,$4,$4,$21,$8,$55,55,$0.08,$0.08,$17,$0,$0,$92,$318,$0,$0,$1,$318,$410,$57,$0,$0,$86,$143,$0,$189,$0,$267,$410,$9,$27,$3,$30,$1,$0,$0,$3,$4,$43,$-29,$0,$0,$-6,$0,$-6,$0,$-35,$-1,$-1,$-2,$0,$0,$0,$0,$-2,$6,$0,$0
38,2009-03-31,6.91,$4.80,1.44,$10.67,0.65,$2.02,3.42,$0.36,19.41,$0.09B,$0.06B,1.54,$0.00B,$0.26B,0.01,$0.59B,$0.32B,55.04%,$0.59B,$0.04B,7.18%,$0.59B,$0.04B,7.18%,$0.59B,$0.09B,16.07%,$0.59B,$0.03B,5.64%,$0.59B,$0.02B,3.25%,$0.02B,$0.26B,7.51%,$0.02B,$0.26B,7.51%,$0.02B,$0.40B,4.76%,$0.04B,$0.26B,16.31%,$122,$45,$77,$0,$43,$115,$7,$-0,$7,$3,$4,$4,$4,$21,$7,$55,55,$0.08,$0.07,$17,$0,$0,$88,$316,$0,$0,$1,$317,$404,$57,$1,$0,$85,$142,$0,$184,$0,$262,$404,$4,$13,$1,$15,$6,$0,$0,$2,$8,$27,$-14,$0,$0,$-12,$0,$-12,$0,$-26,$0,$-1,$-1,$0,$0,$0,$0,$-1,$-0,$0,$0
39,2008-12-31,7.01,$4.72,1.49,$11.07,0.63,$2.03,3.46,$0.33,21.13,$0.08B,$0.06B,1.43,$0.00B,$0.26B,0.01,$0.61B,$0.32B,52.48%,$0.61B,$0.04B,6.60%,$0.61B,$0.04B,6.60%,$0.61B,$0.09B,14.85%,$0.61B,$0.03B,5.12%,$0.61B,$0.02B,2.97%,$0.02B,$0.26B,7.28%,$0.02B,$0.26B,7.28%,$0.02B,$0.40B,4.53%,$0.04B,$0.26B,15.52%,$140,$56,$85,$0,$47,$122,$18,$-0,$10,$4,$6,$6,$6,$31,$18,$55,55,$0.11,$0.11,$5,$0,$0,$82,$314,$0,$0,$1,$315,$397,$58,$1,$0,$82,$140,$0,$180,$0,$257,$397,$18,$50,$4,$54,$0,$0,$-2,$4,$5,$77,$-37,$0,$0,$-2,$0,$-2,$1,$-38,$-42,$2,$-40,$-0,$-0,$0,$-0,$-41,$-1,$1,$0
40,2008-09-30,7.22,$4.58,1.58,$11.15,0.65,$1.53,4.73,$0.28,25.78,$0.09B,$0.07B,1.34,$0.00B,$0.25B,0.01,$0.61B,$0.31B,50.57%,$0.61B,$0.03B,4.58%,$0.61B,$0.03B,4.58%,$0.61B,$0.08B,12.44%,$0.61B,$0.03B,4.42%,$0.61B,$0.02B,2.45%,$0.02B,$0.25B,6.19%,$0.02B,$0.25B,6.19%,$0.02B,$0.40B,3.75%,$0.03B,$0.25B,10.68%,$163,$80,$83,$0,$47,$153,$11,$-0,$10,$4,$6,$6,$6,$23,$11,$55,55,$0.11,$0.11,$2,$0,$0,$91,$308,$0,$0,$1,$309,$400,$68,$2,$0,$82,$150,$0,$174,$0,$250,$400,$12,$37,$1,$37,$-12,$0,$0,$6,$1,$50,$-16,$0,$0,$0,$0,$0,$1,$-15,$-37,$1,$-36,$-0,$-0,$0,$-0,$-37,$-1,$1,$0
41,2008-06-30,5.91,$4.46,1.32,$10.81,0.55,$0.92,6.43,$0.22,26.38,$0.10B,$0.06B,1.59,$0.01B,$0.24B,0.06,$0.59B,$0.30B,51.10%,$0.59B,$0.02B,3.88%,$0.59B,$0.02B,3.88%,$0.59B,$0.07B,11.97%,$0.59B,$0.02B,3.71%,$0.59B,$0.01B,2.02%,$0.01B,$0.24B,5.04%,$0.01B,$0.24B,5.04%,$0.01B,$0.40B,2.96%,$0.02B,$0.26B,8.49%,$160,$83,$77,$0,$46,$154,$6,$-0,$6,$2,$4,$3,$3,$19,$6,$54,55,$0.06,$0.06,$1,$0,$0,$95,$299,$0,$0,$1,$301,$395,$60,$13,$0,$93,$152,$0,$168,$0,$243,$395,$6,$24,$1,$25,$-17,$0,$0,$3,$-10,$22,$2,$0,$0,$0,$0,$0,$1,$3,$-26,$0,$-26,$-1,$-1,$0,$0,$-27,$-3,$0,$0
42,2008-03-31,5.74,$4.39,1.31,$10.42,0.55,$0.41,13.84,$0.24,23.92,$0.08B,$0.06B,1.48,$0.03B,$0.24B,0.11,$0.57B,$0.30B,52.97%,$0.57B,$0.03B,4.37%,$0.57B,$0.03B,4.37%,$0.57B,$0.07B,12.59%,$0.57B,$0.02B,4.02%,$0.57B,$0.01B,2.27%,$0.01B,$0.24B,5.53%,$0.01B,$0.24B,5.53%,$0.01B,$0.40B,3.17%,$0.03B,$0.26B,8.96%,$143,$70,$73,$0,$44,$138,$5,$-0,$5,$2,$3,$3,$3,$17,$5,$54,55,$0.05,$0.05,$3,$0,$0,$81,$313,$0,$0,$2,$315,$396,$55,$25,$0,$102,$157,$0,$165,$0,$239,$396,$3,$12,$-1,$11,$-4,$0,$3,$2,$1,$15,$-1,$0,$0,$0,$0,$0,$1,$-1,$-14,$0,$-14,$-1,$-1,$0,$0,$-15,$-1,$0,$0
43,2007-12-31,5.16,$4.34,1.19,$10.20,0.51,$-0.04,0.0,$0.28,18.7,$0.08B,$0.06B,1.46,$0.04B,$0.24B,0.17,$0.56B,$0.31B,54.82%,$0.56B,$0.03B,5.00%,$0.56B,$0.03B,5.00%,$0.56B,$0.08B,13.39%,$0.56B,$0.03B,4.46%,$0.56B,$0.02B,2.68%,$0.02B,$0.24B,6.47%,$0.02B,$0.24B,6.47%,$0.02B,$0.41B,3.61%,$0.03B,$0.28B,9.80%,$145,$69,$76,$0,$45,$139,$6,$-0,$6,$2,$4,$3,$3,$17,$6,$54,55,$0.06,$0.05,$4,$0,$0,$80,$325,$0,$0,$2,$327,$407,$55,$40,$0,$116,$170,$0,$162,$0,$237,$407,$15,$47,$-3,$44,$-3,$0,$2,$2,$4,$62,$-49,$0,$0,$-0,$0,$-0,$2,$-47,$-14,$-1,$-15,$0,$0,$0,$-0,$-15,$1,$0,$0
44,2007-09-30,5.7,$4.29,1.33,$9.96,0.57,$-0.50,0.0,$0.32,18.04,$0.09B,$0.06B,1.46,$0.05B,$0.23B,0.22,$0.55B,$0.31B,56.49%,$0.55B,$0.03B,5.67%,$0.55B,$0.03B,5.67%,$0.55B,$0.08B,14.26%,$0.55B,$0.03B,4.94%,$0.55B,$0.02B,3.11%,$0.02B,$0.23B,7.46%,$0.02B,$0.23B,7.46%,$0.02B,$0.42B,4.08%,$0.03B,$0.29B,10.87%,$145,$67,$77,$0,$46,$139,$6,$-1,$5,$2,$3,$3,$3,$18,$6,$55,55,$0.06,$0.06,$4,$0,$0,$87,$333,$0,$0,$3,$336,$422,$59,$52,$0,$129,$189,$0,$159,$0,$234,$422,$12,$35,$-3,$32,$0,$0,$0,$0,$0,$44,$-44,$0,$0,$0,$0,$0,$2,$-42,$-2,$-0,$-2,$0,$0,$0,$0,$-1,$1,$0,$0
45,2007-06-30,6.66,$4.23,1.58,$9.79,0.68,$-0.73,0.0,$0.38,17.35,$0.08B,$0.05B,1.72,$0.06B,$0.23B,0.25,$0.54B,$0.31B,57.25%,$0.54B,$0.04B,6.88%,$0.54B,$0.04B,6.88%,$0.54B,$0.08B,15.43%,$0.54B,$0.03B,6.13%,$0.54B,$0.02B,3.90%,$0.02B,$0.23B,9.40%,$0.02B,$0.23B,9.40%,$0.02B,$0.42B,5.14%,$0.04B,$0.29B,13.16%,$139,$62,$77,$0,$46,$131,$8,$-1,$7,$3,$4,$4,$4,$20,$8,$54,55,$0.08,$0.08,$4,$0,$0,$83,$329,$0,$0,$3,$332,$415,$48,$58,$0,$136,$185,$0,$156,$0,$231,$415,$9,$23,$-1,$22,$0,$0,$0,$-2,$-2,$29,$-34,$0,$0,$0,$0,$0,$1,$-32,$4,$-1,$3,$0,$0,$0,$0,$4,$1,$0,$0
46,2007-03-31,5.88,$4.15,1.42,$9.67,0.61,$-0.80,0.0,$0.44,13.35,$0.08B,$0.05B,1.6,$0.07B,$0.23B,0.29,$0.53B,$0.31B,57.63%,$0.53B,$0.04B,7.72%,$0.53B,$0.04B,7.72%,$0.53B,$0.09B,16.20%,$0.53B,$0.04B,6.97%,$0.53B,$0.03B,4.71%,$0.03B,$0.23B,11.47%,$0.03B,$0.23B,11.47%,$0.03B,$0.42B,6.27%,$0.04B,$0.29B,14.96%,$131,$55,$77,$0,$46,$123,$8,$-1,$7,$3,$5,$5,$5,$20,$8,$54,55,$0.08,$0.08,$3,$0,$0,$78,$336,$0,$0,$4,$340,$418,$49,$65,$0,$144,$192,$0,$152,$0,$226,$418,$5,$12,$0,$12,$0,$0,$0,$0,$0,$17,$-28,$0,$0,$0,$0,$0,$1,$-28,$11,$-0,$11,$0,$0,$0,$0,$11,$-0,$0,$0
47,2006-12-31,6.89,$4.06,1.7,$9.45,0.73,$-0.83,0.0,$0.45,15.38,$0.08B,$0.06B,1.29,$0.05B,$0.22B,0.24,$0.52B,$0.30B,57.69%,$0.52B,$0.04B,8.08%,$0.52B,$0.04B,8.08%,$0.52B,$0.09B,16.54%,$0.52B,$0.04B,7.31%,$0.52B,$0.03B,4.81%,$0.03B,$0.22B,11.81%,$0.03B,$0.22B,11.81%,$0.03B,$0.41B,6.45%,$0.04B,$0.28B,15.82%,$132,$54,$78,$0,$46,$123,$9,$-1,$8,$3,$5,$5,$5,$20,$9,$54,55,$0.10,$0.10,$3,$0,$0,$77,$330,$0,$0,$4,$334,$411,$59,$54,$0,$130,$190,$0,$147,$0,$221,$411,$25,$44,$3,$47,$-0,$0,$5,$0,$5,$77,$-89,$0,$0,$0,$0,$0,$2,$-87,$10,$-1,$10,$1,$1,$0,$1,$12,$2,$0,$0
