,Date,Stock Price,Book Value per Share,Price to Book Ratio,TTM Sales per Share,Price to Sales Ratio,TTM FCF per Share,Price to FCF Ratio,TTM Net EPS,PE Ratio,Current Assets,Current Liabilities,Current Ratio,Long Term Debt,Shareholder's Equity_x,Debt to Equity Ratio,TTM Revenue_x,TTM Gross Profit,Gross Margin,TTM Revenue_y,TTM Operating Income,Operating Margin,TTM Revenue_x,TTM EBIT,EBIT Margin,TTM Revenue_y,TTM EBITDA,EBITDA Margin,TTM Revenue_x,TTM Pre-Tax Income,Pre-Tax Margin,TTM Revenue_y,TTM Net Income_x,Net Margin,TTM Net Income_y,Shareholder's Equity_y,Return on Equity,TTM Net Income_x,Tangible Equity,Return on Tangible Equity,TTM Net Income_y,Total Assets,Return on Assets,TTM Net Income,LT Investments & Debt,Return on Investment,revenue,cost-goods-sold,gross-profit,research-development-expenses,selling-general-administrative-expenses,operating-expenses,operating-income,total-non-operating-income-expense,pre-tax-income,total-provision-income-taxes,income-after-taxes,income-from-continuous-operations,net-income,ebitda,ebit,basic-shares-outstanding,shares-outstanding,eps-basic-net-earnings-per-share,eps-earnings-per-share-diluted,cash-on-hand,inventory,other-current-assets,total-current-assets,net-property-plant-equipment,long-term-investments,goodwill-intangible-assets-total,other-long-term-assets,total-long-term-assets,total-assets,total-current-liabilities,long-term-debt,other-non-current-liabilities,total-long-term-liabilities,total-liabilities,common-stock-net,retained-earnings-accumulated-deficit,comprehensive-income,total-share-holder-equity,total-liabilities-share-holders-equity,net-income-loss,total-depreciation-amortization-cash-flow,other-non-cash-items,total-non-cash-items,change-in-accounts-receivable,change-in-inventories,change-in-accounts-payable,change-in-assets-liabilities,total-change-in-assets-liabilities,cash-flow-from-operating-activities,net-change-in-property-plant-equipment,net-change-in-intangible-assets,net-acquisitions-divestitures,net-change-in-short-term-investments,net-change-in-long-term-investments,net-change-in-investments-total,investing-activities-other,cash-flow-from-investing-activities,net-long-term-debt,net-current-debt,debt-issuance-retirement-net-total,net-common-equity-issued-repurchased,net-total-equity-issued-repurchased,total-common-preferred-stock-dividends-paid,financial-activities-other,cash-flow-from-financial-activities,net-cash-flow,stock-based-compensation,common-stock-dividends-paid
0,2018-09-30,46.57,$46.40,1.0,$23.26,2.0,$10.57,4.4,$4.21,11.06,$474.88B,$594.55B,0.8,$190.89B,$71.55B,2.67,$41.06B,$38.73B,94.32%,$41.06B,$11.85B,28.86%,$41.06B,$11.85B,28.86%,$41.06B,$13.64B,33.22%,$41.06B,$11.85B,28.86%,$41.06B,$7.33B,17.86%,$7.33B,$80.07B,9.21%,$7.33B,$71.15B,10.39%,$7.33B,$865.52B,0.85%,$11.85B,$270.96B,4.35%,$9872,$559,$9313,$0,$5896,$7021,$2851,$0,$2851,$696,$2155,$2155,$2019,$3319,$2851,$1697,1727,$1.19,$1.17,$304056,$0,$0,$474878,$0,$365756,$8920,$15963,$390639,$865517,$594554,$190889,$0,$190889,$785443,$20,$63330,$-3999,$80074,$865517,$7325,$1375,$689,$2064,$-4092,$-1162,$310,$10039,$5095,$14484,$-1361,$0,$0,$0,$-4763,$-4763,$-7942,$-14066,$5998,$0,$5998,$-4380,$-4380,$-1788,$13532,$13362,$12086,$743,$-1788
1,2018-06-30,47.12,$46.01,1.02,$22.60,2.09,$-2.37,0.0,$3.97,11.87,$502.59B,$603.13B,0.83,$192.24B,$71.99B,2.67,$40.38B,$38.09B,94.32%,$40.38B,$11.48B,28.43%,$40.38B,$11.48B,28.43%,$40.38B,$13.25B,32.82%,$40.38B,$11.48B,28.43%,$40.38B,$7.00B,17.34%,$7.00B,$80.51B,8.79%,$7.00B,$71.48B,9.92%,$7.00B,$875.88B,0.81%,$11.48B,$272.75B,4.21%,$10610,$609,$10001,$0,$6222,$7501,$3109,$0,$3109,$640,$2469,$2469,$2267,$3626,$3109,$1720,1748,$1.32,$1.30,$328765,$0,$0,$502592,$0,$348386,$9024,$15873,$373283,$875875,$603125,$192244,$0,$192244,$795369,$20,$61835,$-3070,$80506,$875875,$5171,$907,$515,$1422,$-9279,$-6448,$9053,$0,$-6674,$-81,$-908,$0,$0,$0,$-3688,$-3688,$-4707,$-9303,$5253,$0,$5253,$-3173,$-3173,$-1115,$10861,$11826,$1194,$526,$-1115
2,2018-03-31,53.39,$44.81,1.19,$21.72,2.46,$-9.94,0.0,$3.54,15.08,$479.40B,$584.04B,0.82,$194.96B,$70.97B,2.75,$39.28B,$37.07B,94.37%,$39.28B,$11.02B,28.04%,$39.28B,$11.02B,28.04%,$39.28B,$12.72B,32.40%,$39.28B,$11.02B,28.04%,$39.28B,$6.32B,16.10%,$6.32B,$79.49B,7.95%,$6.32B,$70.36B,8.98%,$6.32B,$858.50B,0.74%,$11.02B,$274.45B,4.07%,$11077,$627,$10450,$0,$6378,$7657,$3420,$0,$3420,$714,$2706,$2706,$2575,$3810,$3420,$1740,1771,$1.48,$1.45,$303425,$0,$0,$479395,$0,$353685,$9133,$16282,$379100,$858495,$584042,$194964,$0,$194964,$779006,$20,$60009,$-3406,$79489,$858495,$2704,$390,$305,$695,$-13019,$21134,$1129,$0,$9244,$12648,$-410,$0,$0,$0,$-2547,$-2547,$-3965,$-6922,$3993,$0,$3993,$-1868,$-1868,$-599,$-1163,$363,$6949,$321,$-599
3,2017-12-31,51.68,$43.88,1.18,$20.76,2.49,$-16.99,0.0,$3.09,16.73,$448.98B,$580.69B,0.77,$192.58B,$69.95B,2.75,$37.95B,$35.85B,94.48%,$37.95B,$10.40B,27.42%,$37.95B,$10.40B,27.42%,$37.95B,$12.16B,32.04%,$37.95B,$10.40B,27.42%,$37.95B,$5.59B,14.73%,$5.59B,$78.47B,7.04%,$5.59B,$69.42B,7.95%,$5.59B,$851.73B,0.66%,$10.40B,$271.05B,3.93%,$9500,$537,$8963,$0,$5826,$7029,$2471,$0,$2471,$1810,$661,$661,$473,$2884,$2471,$1780,1821,$0.28,$0.27,$288663,$0,$0,$448976,$0,$377084,$9045,$16628,$402757,$851733,$580685,$192582,$0,$192582,$773267,$20,$57577,$-3060,$78466,$851733,$6216,$1753,$3955,$5708,$-9315,$-9121,$2007,$0,$-16429,$-4505,$-1629,$0,$0,$0,$1614,$1614,$-12376,$-12391,$19591,$0,$19591,$-4292,$-3298,$-2085,$2053,$16261,$3035,$1026,$-2085
4,2017-09-30,47.21,$44.20,1.07,$20.32,2.32,$-11.45,0.0,$3.61,13.08,$430.01B,$581.90B,0.74,$191.68B,$71.59B,2.68,$37.47B,$35.43B,94.57%,$37.47B,$10.18B,27.17%,$37.47B,$10.18B,27.17%,$37.47B,$11.90B,31.75%,$37.47B,$10.18B,27.17%,$37.47B,$6.63B,17.68%,$6.63B,$80.11B,8.38%,$6.63B,$71.03B,9.48%,$6.63B,$853.69B,0.79%,$10.18B,$271.79B,3.95%,$9197,$522,$8675,$0,$5620,$6715,$2482,$0,$2482,$697,$1785,$1785,$1688,$2933,$2482,$1776,1818,$0.95,$0.93,$271189,$0,$0,$430008,$0,$364174,$9081,$50430,$423685,$853693,$581902,$191677,$0,$191677,$773579,$20,$57554,$-2544,$80114,$853693,$5553,$1340,$745,$2085,$-7930,$3334,$8055,$-19646,$-16187,$-8549,$-1177,$0,$0,$0,$1776,$1776,$-9427,$-8828,$21024,$0,$21024,$-3008,$-2014,$-1562,$85,$17533,$3562,$775,$-1562
5,2017-06-30,43.45,$43.47,1.0,$20.01,2.17,$-2.41,0.0,$3.49,12.45,$421.35B,$576.94B,0.73,$184.11B,$71.45B,2.58,$37.18B,$35.17B,94.61%,$37.18B,$10.08B,27.10%,$37.18B,$10.08B,27.10%,$37.18B,$11.82B,31.80%,$37.18B,$10.08B,27.10%,$37.18B,$6.46B,17.36%,$6.46B,$79.97B,8.20%,$6.46B,$70.81B,9.30%,$6.46B,$841.02B,0.78%,$10.08B,$264.08B,4.03%,$9503,$525,$8978,$0,$5734,$6861,$2642,$0,$2642,$846,$1796,$1796,$1587,$3097,$2642,$1791,1830,$0.89,$0.87,$268789,$0,$0,$421345,$0,$362378,$9158,$48135,$419671,$841016,$576937,$184112,$0,$184112,$761049,$20,$56325,$-2488,$79967,$841016,$3762,$889,$385,$1274,$-6144,$-18649,$5598,$0,$-19195,$-14159,$-723,$0,$0,$0,$8783,$8783,$-5365,$2695,$15701,$0,$15701,$-1709,$-715,$-954,$-6667,$7365,$-2530,$518,$-954
6,2017-03-31,41.58,$42.70,0.97,$19.50,2.13,$13.97,2.98,$3.37,12.34,$403.78B,$580.62B,0.7,$172.69B,$70.56B,2.45,$36.58B,$34.62B,94.63%,$36.58B,$9.92B,27.11%,$36.58B,$9.92B,27.11%,$36.58B,$11.67B,31.91%,$36.58B,$9.92B,27.11%,$36.58B,$6.29B,17.20%,$6.29B,$79.08B,8.04%,$6.29B,$69.85B,9.13%,$6.29B,$832.39B,0.77%,$9.92B,$251.77B,4.05%,$9745,$509,$9236,$0,$5884,$6937,$2808,$0,$2808,$815,$1993,$1993,$1840,$3242,$2808,$1801,1842,$1.02,$1.00,$259480,$0,$0,$403777,$0,$365480,$9232,$53902,$428614,$832391,$580619,$172688,$0,$172688,$753307,$20,$55109,$-2450,$79084,$832391,$1971,$434,$288,$722,$-1687,$2714,$-3556,$0,$-2529,$90,$-350,$0,$0,$0,$-774,$-774,$-1044,$-2168,$6895,$0,$6895,$-1161,$-167,$-511,$-3495,$2722,$1521,$269,$-511
7,2016-12-31,40.82,$41.66,0.98,$18.28,2.23,$16.13,2.53,$2.92,13.98,$445.26B,$572.06B,0.78,$165.72B,$69.66B,2.38,$34.63B,$32.71B,94.46%,$34.63B,$8.85B,25.55%,$34.63B,$8.85B,25.55%,$34.63B,$10.58B,30.56%,$34.63B,$8.85B,25.55%,$34.63B,$5.51B,15.90%,$5.51B,$77.18B,7.08%,$5.51B,$67.88B,8.05%,$5.51B,$814.95B,0.67%,$8.85B,$242.89B,3.66%,$9021,$480,$8541,$0,$5601,$6775,$2246,$0,$2246,$566,$1680,$1680,$1510,$2625,$2246,$1849,1887,$0.83,$0.81,$304551,$0,$0,$445259,$0,$342246,$9298,$18146,$369690,$814949,$572056,$165716,$0,$165716,$737772,$20,$53679,$-2643,$77177,$814949,$6123,$1736,$2757,$4493,$-371,$-6775,$1913,$0,$-5233,$5383,$-1276,$0,$0,$0,$-8828,$-8828,$-9404,$-19508,$12030,$0,$12030,$-3933,$-3933,$-1746,$1012,$7363,$-8192,$1136,$-1746
8,2016-09-30,30.79,$41.81,0.74,$17.46,1.76,$10.96,2.81,$2.50,12.32,$403.33B,$571.50B,0.71,$163.93B,$70.94B,2.31,$33.35B,$31.45B,94.31%,$33.35B,$8.04B,24.11%,$33.35B,$8.04B,24.11%,$33.35B,$9.81B,29.41%,$33.35B,$8.04B,24.11%,$33.35B,$4.75B,14.25%,$4.75B,$78.46B,6.13%,$4.75B,$69.13B,6.98%,$4.75B,$813.89B,0.59%,$8.04B,$242.39B,3.37%,$8909,$491,$8418,$0,$5511,$6528,$2381,$0,$2381,$749,$1632,$1632,$1518,$2859,$2381,$1838,1879,$0.83,$0.81,$259411,$0,$0,$403330,$0,$352107,$9331,$49123,$410561,$813891,$571502,$163927,$0,$163927,$735429,$20,$52545,$-1070,$78462,$813891,$4443,$1357,$910,$2267,$-2800,$106,$3849,$0,$1155,$7865,$-941,$0,$0,$0,$-6314,$-6314,$-7733,$-14988,$4626,$-1233,$3393,$-2908,$-2908,$-1311,$-4636,$-5462,$-11531,$794,$-1311
9,2016-06-30,24.78,$40.87,0.61,$16.71,1.48,$2.70,9.19,$2.17,11.42,$431.00B,$587.01B,0.73,$163.49B,$70.86B,2.31,$32.21B,$30.32B,94.13%,$32.21B,$7.13B,22.15%,$32.21B,$7.13B,22.15%,$32.21B,$8.79B,27.30%,$32.21B,$7.13B,22.15%,$32.21B,$4.17B,12.95%,$4.17B,$78.38B,5.42%,$4.17B,$68.96B,6.18%,$4.17B,$828.87B,0.51%,$7.13B,$241.87B,3.01%,$8909,$484,$8425,$0,$5474,$6426,$2483,$0,$2483,$833,$1650,$1650,$1425,$2947,$2483,$1866,1899,$0.76,$0.75,$285003,$0,$0,$430995,$0,$336938,$9414,$51526,$397878,$828873,$587006,$163492,$0,$163492,$750498,$20,$51410,$-905,$78375,$828873,$2803,$879,$825,$1704,$-10537,$12389,$9949,$0,$11801,$16308,$-645,$0,$0,$0,$-6919,$-6919,$-4850,$-12414,$4728,$-1293,$3435,$-1629,$-1629,$-791,$-3573,$-2558,$2050,$492,$-791
10,2016-03-31,23.73,$39.82,0.6,$16.99,1.4,$-10.18,0.0,$2.27,10.45,$435.20B,$567.52B,0.77,$162.80B,$69.66B,2.34,$33.04B,$31.15B,94.27%,$33.04B,$7.38B,22.33%,$33.04B,$7.38B,22.33%,$33.04B,$8.91B,26.95%,$33.04B,$7.38B,22.33%,$33.04B,$4.41B,13.35%,$4.41B,$77.18B,5.77%,$4.41B,$67.68B,6.60%,$4.41B,$807.50B,0.54%,$7.38B,$239.98B,3.14%,$7792,$465,$7327,$0,$5102,$6054,$1738,$0,$1738,$578,$1160,$1160,$1055,$2153,$1738,$1883,1915,$0.56,$0.55,$301638,$0,$0,$435202,$0,$311742,$9495,$51058,$372295,$807497,$567518,$162804,$0,$162804,$730322,$20,$50272,$-1238,$77175,$807497,$1157,$415,$419,$834,$899,$-905,$2192,$0,$2186,$4177,$-315,$0,$0,$0,$-5160,$-5160,$-3641,$-9116,$5222,$-1064,$4158,$-976,$-976,$-436,$1103,$3849,$-445,$217,$-436
11,2015-12-31,30.0,$39.68,0.76,$17.97,1.67,$-19.01,0.0,$2.90,10.34,$415.32B,$557.51B,0.75,$153.77B,$68.66B,2.24,$35.16B,$33.26B,94.62%,$35.16B,$8.50B,24.16%,$35.16B,$8.50B,24.16%,$35.16B,$9.93B,28.24%,$35.16B,$8.50B,24.16%,$35.16B,$5.67B,16.13%,$5.67B,$76.18B,7.46%,$5.67B,$66.62B,8.54%,$5.67B,$787.47B,0.69%,$8.50B,$229.95B,3.65%,$7738,$457,$7281,$0,$5297,$6299,$1439,$0,$1439,$496,$943,$943,$753,$1849,$1439,$1909,1953,$0.41,$0.39,$284156,$0,$0,$415322,$0,$311488,$9568,$51087,$372143,$787465,$557513,$153768,$0,$153768,$711281,$20,$49204,$-1656,$76184,$787465,$6279,$1433,$2609,$4042,$-434,$-18983,$4633,$0,$-14784,$-4463,$-1373,$0,$998,$0,$-3702,$-3702,$-15918,$-19995,$6805,$0,$6805,$-2773,$-1280,$-1455,$20084,$24154,$-2039,$1104,$-1455
12,2015-09-30,29.58,$39.43,0.75,$17.94,1.65,$-15.98,0.0,$2.98,9.92,$502.26B,$597.35B,0.84,$160.34B,$68.90B,2.33,$35.18B,$33.28B,94.59%,$35.18B,$4.13B,11.73%,$35.18B,$4.13B,11.73%,$35.18B,$5.56B,15.81%,$35.18B,$4.13B,11.73%,$35.18B,$3.17B,9.02%,$3.17B,$76.42B,4.23%,$3.17B,$66.76B,4.86%,$3.17B,$834.11B,0.39%,$4.13B,$236.76B,1.78%,$7767,$485,$7282,$0,$4959,$6293,$1474,$0,$1474,$423,$1051,$1051,$939,$1843,$1474,$1904,1949,$0.49,$0.48,$373977,$0,$0,$502256,$6259,$306782,$9656,$9160,$331857,$834113,$597350,$160343,$0,$160343,$757693,$20,$48746,$-1419,$76420,$834113,$5343,$1023,$1046,$2069,$5842,$-31568,$10351,$0,$-15375,$-7963,$-964,$0,$0,$0,$4940,$4940,$-11374,$-7398,$12544,$-279,$12265,$-2135,$-642,$-1096,$12135,$22662,$6534,$836,$-1096
13,2015-06-30,36.28,$38.90,0.93,$18.48,1.96,$-7.76,0.0,$3.34,10.86,$479.24B,$591.60B,0.81,$158.09B,$68.55B,2.31,$36.32B,$34.47B,94.89%,$36.32B,$4.87B,13.41%,$36.32B,$4.87B,13.41%,$36.32B,$6.07B,16.72%,$36.32B,$4.87B,13.41%,$36.32B,$3.86B,10.63%,$3.86B,$76.07B,5.19%,$3.86B,$66.32B,5.97%,$3.86B,$825.76B,0.47%,$4.87B,$234.16B,2.13%,$9743,$487,$9256,$0,$5971,$7016,$2727,$0,$2727,$894,$1833,$1833,$1665,$3060,$2727,$1919,1960,$0.87,$0.85,$346232,$0,$0,$479240,$6182,$320583,$9745,$10005,$346515,$825755,$591599,$158089,$0,$158089,$749688,$20,$48106,$-1447,$76067,$825755,$4294,$654,$631,$1285,$-601,$-11949,$-1482,$0,$-14032,$-8453,$-620,$0,$0,$0,$2465,$2465,$-9179,$-7334,$9946,$861,$10807,$-1473,$20,$-673,$5550,$15704,$-625,$611,$-673
14,2015-03-31,33.25,$38.28,0.87,$17.88,1.86,$-0.39,0.0,$3.43,9.69,$469.99B,$598.09B,0.79,$155.55B,$67.95B,2.29,$35.19B,$33.36B,94.81%,$35.19B,$4.08B,11.58%,$35.19B,$4.08B,11.58%,$35.19B,$5.23B,14.87%,$35.19B,$4.08B,11.58%,$35.19B,$4.02B,11.42%,$4.02B,$75.47B,5.47%,$4.02B,$65.81B,6.30%,$4.02B,$829.10B,0.49%,$4.08B,$231.01B,1.80%,$9907,$463,$9444,$0,$5917,$7052,$2855,$0,$2855,$387,$2468,$2468,$2314,$3176,$2855,$1924,1963,$1.20,$1.18,$344558,$0,$0,$469994,$6141,$332943,$9661,$10360,$359105,$829099,$598088,$155545,$0,$155545,$753633,$20,$46740,$-1266,$75466,$829099,$2463,$321,$372,$693,$-5990,$-18273,$8052,$0,$-16211,$-13055,$-320,$0,$0,$0,$33,$33,$-2618,$-2905,$6005,$618,$6623,$-839,$654,$-310,$2984,$9951,$-6691,$295,$-310
15,2014-12-31,36.04,$36.96,0.98,$17.40,2.07,$8.86,4.07,$2.99,12.05,$444.44B,$576.63B,0.77,$152.77B,$66.08B,2.31,$34.28B,$32.47B,94.73%,$34.28B,$3.59B,10.48%,$34.28B,$3.59B,10.48%,$34.28B,$4.75B,13.86%,$34.28B,$3.59B,10.48%,$34.28B,$3.15B,9.20%,$3.15B,$72.10B,4.37%,$3.15B,$62.36B,5.05%,$3.15B,$801.51B,0.39%,$3.59B,$224.88B,1.60%,$7764,$468,$7296,$0,$6669,$10695,$-2931,$0,$-2931,$-1353,$-1578,$-1578,$-1746,$-2518,$-2931,$1924,1971,$-0.90,$-0.89,$328903,$0,$0,$444441,$6108,$330472,$9747,$10742,$357069,$801510,$576634,$152772,$0,$152772,$729406,$20,$44625,$-1248,$72104,$801510,$3667,$1161,$895,$2056,$2204,$-34812,$27971,$0,$-4637,$1086,$-992,$0,$989,$0,$-14992,$-14992,$-20329,$-35324,$3637,$119,$3756,$-1458,$1324,$-904,$18967,$23143,$-12899,$1260,$-904
16,2014-09-30,32.02,$37.79,0.85,$17.48,1.83,$26.03,1.23,$2.59,12.36,$469.97B,$588.14B,0.8,$152.36B,$67.99B,2.24,$34.38B,$32.63B,94.91%,$34.38B,$6.34B,18.43%,$34.38B,$6.34B,18.43%,$34.38B,$7.51B,21.85%,$34.38B,$6.34B,18.43%,$34.38B,$4.93B,14.35%,$4.93B,$74.01B,6.91%,$4.93B,$64.37B,8.01%,$4.93B,$814.51B,0.60%,$6.34B,$226.37B,2.83%,$8907,$437,$8470,$0,$5642,$6687,$2220,$0,$2220,$463,$1757,$1757,$1629,$2356,$2220,$1923,1971,$0.85,$0.83,$356923,$0,$0,$469971,$5642,$320544,$9643,$8711,$344540,$814511,$588143,$152357,$0,$152357,$740500,$20,$46573,$-1115,$74011,$814511,$5253,$748,$708,$1456,$2931,$-25284,$23335,$0,$982,$7691,$-533,$0,$962,$0,$-9954,$-9954,$-14238,$-23763,$1798,$-382,$1416,$-1172,$1610,$-652,$10580,$12954,$-4057,$933,$-652
17,2014-06-30,29.85,$36.75,0.81,$17.01,1.75,$30.48,0.98,$2.20,13.57,$471.34B,$604.88B,0.78,$149.48B,$67.18B,2.23,$33.43B,$31.70B,94.83%,$33.43B,$5.48B,16.39%,$33.43B,$5.48B,16.39%,$33.43B,$6.89B,20.60%,$33.43B,$5.48B,16.39%,$33.43B,$4.19B,12.52%,$4.19B,$72.20B,5.98%,$4.19B,$62.46B,6.97%,$4.19B,$826.57B,0.50%,$5.48B,$221.68B,2.45%,$8608,$458,$8150,$0,$5665,$6676,$1932,$0,$1932,$15,$1917,$1917,$1820,$2218,$1932,$1928,1970,$0.94,$0.92,$361518,$0,$0,$471335,$5911,$329934,$9737,$9651,$355233,$826568,$604884,$149483,$0,$149483,$754367,$20,$45145,$-733,$72201,$826568,$3501,$612,$498,$1110,$2904,$-23660,$21972,$0,$1216,$5827,$-413,$0,$167,$0,$-11677,$-11677,$-12186,$-24109,$-6517,$-359,$-6876,$-964,$824,$-387,$5596,$-843,$-18998,$629,$-387
18,2014-03-31,28.68,$35.64,0.8,$17.00,1.69,$36.86,0.78,$1.67,17.18,$482.67B,$607.74B,0.79,$153.37B,$67.05B,2.29,$33.34B,$31.61B,94.82%,$33.34B,$5.35B,16.03%,$33.34B,$5.35B,16.03%,$33.34B,$6.82B,20.46%,$33.34B,$5.35B,16.03%,$33.34B,$3.17B,9.50%,$3.17B,$70.27B,4.63%,$3.17B,$60.46B,5.42%,$3.17B,$831.38B,0.38%,$5.35B,$223.64B,2.38%,$8996,$443,$8553,$0,$5691,$6626,$2370,$0,$2370,$785,$1585,$1585,$1449,$2696,$2370,$1924,1970,$0.75,$0.74,$375859,$0,$0,$482670,$5778,$323574,$9811,$9548,$348711,$831381,$607739,$153374,$0,$153374,$761113,$20,$43522,$-968,$70268,$831381,$1584,$326,$272,$598,$-1241,$-12913,$16866,$0,$2712,$4781,$2,$0,$135,$0,$-5354,$-5354,$-4601,$-9818,$-1085,$-356,$-1441,$-672,$-672,$-143,$2775,$519,$-4459,$311,$-143
19,2013-12-31,28.81,$35.49,0.81,$16.64,1.73,$36.61,0.79,$1.42,20.29,$467.41B,$610.10B,0.77,$153.58B,$65.81B,2.33,$32.49B,$30.78B,94.73%,$32.49B,$4.56B,14.03%,$32.49B,$4.56B,14.03%,$32.49B,$6.07B,18.68%,$32.49B,$4.56B,14.03%,$32.49B,$2.66B,8.17%,$2.66B,$69.03B,3.94%,$2.66B,$59.15B,4.64%,$2.66B,$832.70B,0.32%,$4.56B,$222.61B,2.01%,$7872,$411,$7461,$0,$5552,$8058,$-186,$0,$-186,$-368,$182,$182,$36,$241,$-186,$1906,1957,$0.02,$0.02,$367431,$0,$0,$467409,$6019,$339260,$9881,$10133,$365293,$832702,$610097,$153575,$0,$153575,$763672,$20,$42172,$-1093,$69030,$832702,$3613,$1511,$1017,$2528,$6774,$-4603,$26697,$0,$28868,$35009,$-1316,$0,$1147,$0,$-14375,$-14375,$-9917,$-24461,$-10803,$4,$-10799,$-691,$1005,$-475,$12902,$2633,$12979,$1180,$-475
20,2013-09-30,24.72,$34.94,0.71,$16.28,1.52,$31.61,0.78,$1.60,15.45,$479.82B,$606.18B,0.79,$157.81B,$65.87B,2.4,$31.65B,$29.99B,94.73%,$31.65B,$5.68B,17.96%,$31.65B,$5.68B,17.96%,$31.65B,$7.13B,22.53%,$31.65B,$5.68B,17.96%,$31.65B,$3.19B,10.08%,$3.19B,$68.24B,4.80%,$3.19B,$58.14B,5.68%,$3.19B,$832.22B,0.40%,$5.68B,$226.05B,2.47%,$7956,$416,$7540,$0,$5343,$6591,$1365,$0,$1365,$363,$1002,$1002,$880,$1733,$1365,$1909,1965,$0.46,$0.45,$384372,$0,$0,$479816,$6008,$325607,$10105,$10687,$352407,$832223,$606177,$157805,$0,$157805,$763982,$20,$42237,$-1014,$68241,$832223,$3440,$1084,$763,$1847,$6761,$-16728,$21500,$0,$11533,$16820,$-944,$0,$569,$0,$-7685,$-7685,$-5929,$-13989,$-6318,$195,$-6123,$-451,$403,$-358,$14887,$8809,$10877,$850,$-358
21,2013-06-30,22.36,$33.74,0.66,$15.02,1.49,$35.12,0.64,$0.60,37.27,$467.96B,$575.48B,0.81,$161.10B,$64.61B,2.49,$28.98B,$27.37B,94.44%,$28.98B,$2.84B,9.79%,$28.98B,$2.84B,9.79%,$28.98B,$4.34B,14.98%,$28.98B,$2.84B,9.79%,$28.98B,$1.26B,4.36%,$1.26B,$66.11B,1.92%,$1.26B,$55.91B,2.28%,$1.26B,$802.69B,0.16%,$2.84B,$227.21B,1.22%,$8515,$456,$8059,$0,$5568,$6719,$1796,$0,$1796,$574,$1222,$1222,$803,$2152,$1796,$1908,1951,$0.42,$0.41,$368919,$0,$0,$467963,$5966,$307765,$10202,$10795,$334728,$802691,$575479,$161098,$0,$161098,$736577,$20,$41455,$-1169,$66114,$802691,$2422,$716,$451,$1167,$-883,$2381,$13315,$0,$14813,$18402,$-583,$0,$530,$0,$-3295,$-3295,$-3255,$-6603,$-1260,$228,$-1032,$-314,$-314,$-239,$-8804,$-10389,$295,$559,$-239
22,2013-03-31,20.07,$33.70,0.6,$14.29,1.4,$34.90,0.58,$0.48,41.82,$461.21B,$565.74B,0.82,$165.14B,$64.56B,2.56,$27.40B,$25.84B,94.31%,$27.40B,$1.98B,7.21%,$27.40B,$1.98B,7.21%,$27.40B,$3.54B,12.93%,$27.40B,$1.98B,7.21%,$27.40B,$1.03B,3.74%,$1.03B,$66.07B,1.53%,$1.03B,$55.75B,1.81%,$1.03B,$801.38B,0.13%,$1.98B,$231.21B,0.84%,$8150,$428,$7722,$0,$5613,$6567,$1583,$0,$1583,$333,$1250,$1250,$936,$1943,$1583,$1901,1940,$0.49,$0.48,$368328,$0,$0,$461214,$5928,$313630,$10327,$10284,$340169,$801383,$565744,$165142,$0,$169567,$735311,$20,$40750,$-694,$66072,$801383,$1231,$360,$188,$548,$2730,$-6990,$6976,$0,$2716,$4495,$-263,$0,$481,$0,$-1294,$-1294,$-2063,$-3139,$-1972,$337,$-1635,$-306,$-306,$-119,$-2102,$-4162,$-4002,$265,$-119
23,2012-12-31,17.43,$33.14,0.53,$13.78,1.26,$36.87,0.47,$-0.07,0.0,$441.60B,$541.65B,0.82,$169.57B,$63.92B,2.65,$26.18B,$24.64B,94.14%,$26.18B,$0.60B,2.28%,$26.18B,$0.60B,2.28%,$26.18B,$2.18B,8.32%,$26.18B,$0.60B,2.28%,$26.18B,$-0.03B,-0.11%,$-0.03B,$65.43B,-0.04%,$-0.03B,$55.00B,-0.05%,$-0.03B,$780.96B,0.00%,$0.60B,$235.00B,0.25%,$7032,$368,$6664,$0,$5209,$6092,$940,$0,$940,$86,$854,$854,$572,$1303,$940,$1886,1919,$0.29,$0.30,$348265,$0,$0,$441599,$5946,$312471,$10433,$10511,$339361,$780960,$541652,$169571,$0,$173880,$715532,$20,$39912,$-516,$65428,$780960,$716,$1581,$548,$2129,$-10030,$33296,$-1283,$0,$21983,$24759,$-1312,$0,$1725,$0,$-9341,$-9341,$-3697,$-12625,$-19446,$-705,$-20151,$-227,$-227,$-469,$8950,$-11897,$-408,$891,$-469
24,2012-09-30,15.21,$33.00,0.46,$13.48,1.13,$33.05,0.46,$-0.47,0.0,$440.99B,$527.07B,0.84,$168.44B,$63.66B,2.65,$24.78B,$23.24B,93.76%,$24.78B,$-0.79B,-3.19%,$24.78B,$-0.79B,-3.19%,$24.78B,$0.65B,2.60%,$24.78B,$-0.79B,-3.19%,$24.78B,$-0.87B,-3.49%,$-0.87B,$65.17B,-1.25%,$-0.87B,$54.64B,-1.48%,$-0.87B,$764.99B,-0.11%,$-0.79B,$233.61B,-0.32%,$5280,$359,$4921,$0,$5421,$6763,$-1483,$0,$-1483,$-525,$-958,$-958,$-1047,$-1058,$-1483,$1889,1889,$-0.55,$-0.55,$353071,$0,$0,$440993,$6083,$296555,$10527,$10827,$323992,$764985,$527069,$168444,$0,$172746,$699815,$20,$39441,$-146,$65170,$764985,$-72,$1218,$1113,$2331,$-23746,$34488,$9765,$0,$20507,$22766,$-865,$0,$1536,$0,$-9292,$-9292,$-1733,$-10354,$-20190,$-720,$-20910,$-222,$-222,$-349,$-1128,$-22609,$-10726,$898,$-349
25,2012-06-30,13.21,$36.23,0.36,$15.93,0.83,$26.71,0.49,$1.23,10.74,$444.20B,$509.05B,0.87,$167.83B,$70.13B,2.39,$29.31B,$27.68B,94.44%,$29.31B,$4.38B,14.94%,$29.31B,$4.38B,14.94%,$29.31B,$5.82B,19.84%,$29.31B,$4.38B,14.94%,$29.31B,$2.33B,7.96%,$2.33B,$71.64B,3.31%,$2.33B,$61.04B,3.91%,$2.33B,$748.52B,0.30%,$4.38B,$239.47B,1.75%,$6942,$405,$6537,$0,$5128,$6005,$937,$0,$937,$224,$713,$713,$564,$1355,$937,$1885,1912,$0.30,$0.29,$365825,$0,$0,$444200,$6343,$276754,$10597,$10623,$304317,$748517,$509052,$167828,$0,$167828,$676880,$20,$40586,$-220,$71637,$748517,$884,$793,$596,$1389,$-10972,$20855,$5310,$0,$15193,$17466,$-436,$0,$1536,$0,$-979,$-979,$-1600,$-1479,$-17023,$-855,$-17878,$-191,$-191,$-230,$-2240,$-20539,$-5306,$618,$-230
26,2012-03-31,17.73,$35.68,0.5,$18.59,0.95,$13.77,1.29,$0.56,31.66,$436.34B,$533.72B,0.82,$176.72B,$69.08B,2.56,$31.58B,$29.94B,94.82%,$31.58B,$5.41B,17.14%,$31.58B,$5.41B,17.14%,$31.58B,$6.81B,21.57%,$31.58B,$5.41B,17.14%,$31.58B,$1.21B,3.84%,$1.21B,$70.59B,1.74%,$1.21B,$59.72B,2.07%,$1.21B,$781.03B,0.15%,$5.41B,$247.32B,2.11%,$6924,$403,$6521,$0,$5835,$6722,$202,$0,$202,$54,$148,$148,$-119,$577,$202,$1877,1877,$-0.06,$-0.06,$364666,$0,$0,$436338,$6410,$315640,$10870,$11772,$344692,$781030,$533715,$176723,$0,$176723,$710438,$20,$40118,$-60,$70592,$781030,$134,$375,$399,$774,$-5179,$1704,$10567,$0,$7092,$8000,$-212,$0,$0,$0,$-2484,$-2484,$-569,$-3265,$-10723,$-826,$-11549,$-183,$-183,$-112,$-1037,$-12881,$-8587,$372,$-112
27,2011-12-31,13.62,$36.37,0.37,$20.05,0.68,$8.44,1.61,$1.12,12.16,$409.68B,$495.59B,0.83,$184.23B,$68.57B,2.69,$32.23B,$30.59B,94.93%,$32.23B,$6.11B,18.96%,$32.23B,$6.11B,18.96%,$32.23B,$7.51B,23.32%,$32.23B,$6.11B,18.96%,$32.23B,$2.07B,6.41%,$2.07B,$70.08B,3.01%,$2.07B,$59.11B,3.59%,$2.07B,$749.90B,0.26%,$6.11B,$254.31B,2.35%,$5636,$379,$5257,$0,$5259,$6082,$-446,$0,$-446,$-295,$-151,$-151,$-264,$-229,$-446,$1655,1675,$-0.04,$-0.04,$345646,$0,$0,$409684,$6457,$310680,$10971,$12106,$340214,$749898,$495586,$184234,$0,$184234,$679820,$20,$40341,$-157,$70078,$749898,$4645,$1404,$2456,$3860,$5899,$7963,$-6985,$0,$6877,$15382,$-1304,$0,$0,$0,$-603,$-603,$-8827,$-10734,$-6507,$-413,$-6920,$-317,$-317,$-834,$2923,$-5148,$-303,$1300,$-834
28,2011-09-30,12.13,$36.36,0.33,$21.94,0.55,$27.97,0.43,$1.68,7.22,$457.48B,$535.75B,0.85,$189.09B,$68.59B,2.76,$34.01B,$32.39B,95.24%,$34.01B,$7.74B,22.75%,$34.01B,$7.74B,22.75%,$34.01B,$8.50B,25.01%,$34.01B,$7.74B,22.75%,$34.01B,$3.03B,8.90%,$3.03B,$70.09B,4.48%,$3.03B,$59.02B,5.38%,$3.03B,$794.94B,0.37%,$7.74B,$259.19B,2.96%,$9810,$443,$9367,$0,$5059,$6125,$3685,$0,$3685,$1415,$2270,$2270,$2153,$4113,$3685,$1848,1869,$1.16,$1.15,$389398,$0,$0,$457481,$6511,$306759,$11079,$13109,$337458,$794939,$535752,$189093,$0,$189093,$724845,$20,$40710,$-413,$70094,$794939,$4829,$1187,$1651,$2838,$3263,$-22541,$22501,$0,$3223,$10890,$-1088,$0,$0,$0,$2841,$2841,$-7252,$-5499,$-1873,$-375,$-2248,$-311,$-311,$-714,$3672,$399,$6292,$1006,$-714
29,2011-06-30,20.62,$35.33,0.58,$21.38,0.96,$35.51,0.58,$0.46,44.82,$476.16B,$566.50B,0.84,$196.11B,$66.64B,2.94,$30.98B,$29.47B,95.13%,$30.98B,$4.85B,15.66%,$30.98B,$4.85B,15.66%,$30.98B,$5.84B,18.85%,$30.98B,$4.85B,15.66%,$30.98B,$0.78B,2.53%,$0.78B,$68.14B,1.18%,$0.78B,$56.93B,1.42%,$0.78B,$830.75B,0.09%,$4.85B,$264.25B,1.85%,$9207,$410,$8797,$0,$6079,$7237,$1970,$0,$1970,$538,$1432,$1432,$-558,$2350,$1970,$1464,1464,$-0.38,$-0.38,$405195,$0,$0,$476163,$6399,$323935,$11218,$13032,$354584,$830747,$566498,$196106,$0,$196106,$762604,$20,$38637,$-320,$68143,$830747,$2536,$759,$1393,$2152,$-6271,$-17049,$13458,$0,$-9862,$-5174,$-725,$0,$0,$0,$5613,$5613,$0,$4888,$-1596,$310,$-1286,$-283,$-283,$-594,$4911,$2748,$3132,$728,$-594
30,2011-03-31,24.43,$43.05,0.57,$19.65,1.24,$56.10,0.44,$1.93,12.66,$464.37B,$573.54B,0.81,$196.14B,$56.91B,3.45,$29.73B,$28.26B,95.06%,$29.73B,$4.58B,15.42%,$29.73B,$4.58B,15.42%,$29.73B,$6.23B,20.95%,$29.73B,$4.58B,15.42%,$29.73B,$2.92B,9.82%,$2.92B,$66.51B,4.55%,$2.92B,$55.18B,5.54%,$2.92B,$836.19B,0.35%,$4.58B,$262.64B,1.79%,$7574,$401,$7173,$0,$5667,$6673,$901,$0,$901,$-244,$1145,$1145,$736,$1280,$901,$1456,1472,$0.51,$0.50,$393561,$0,$0,$464373,$6366,$340564,$11324,$13558,$371812,$836185,$573541,$196136,$0,$196136,$769677,$16,$39269,$-426,$66508,$836185,$1130,$379,$1014,$1393,$-7417,$2222,$1350,$0,$-3845,$-1322,$-409,$0,$0,$0,$2954,$2954,$0,$2545,$1239,$46,$1285,$-273,$-273,$-302,$2106,$2816,$4993,$340,$-302
31,2010-12-31,24.29,$43.26,0.56,$20.09,1.21,$70.17,0.35,$2.42,10.04,$435.04B,$549.83B,0.79,$192.46B,$55.81B,3.45,$31.23B,$29.81B,95.47%,$31.23B,$6.20B,19.85%,$31.23B,$6.20B,19.85%,$31.23B,$7.62B,24.39%,$31.23B,$6.20B,19.85%,$31.23B,$3.59B,11.51%,$3.59B,$65.41B,5.86%,$3.59B,$54.00B,7.24%,$3.59B,$807.70B,0.44%,$6.20B,$257.86B,2.46%,$7415,$365,$7050,$0,$5262,$6236,$1179,$0,$1179,$90,$1089,$1089,$696,$761,$1179,$1362,1411,$0.44,$0.62,$370315,$0,$0,$435041,$6154,$341807,$11406,$13290,$372657,$807698,$549834,$192457,$0,$192457,$742291,$16,$38603,$-467,$65407,$807698,$5702,$1419,$1116,$2535,$-6492,$38172,$697,$0,$32377,$40614,$-1201,$0,$-202,$0,$-28001,$-28001,$-60,$-29464,$-1257,$878,$-379,$5264,$5264,$-1156,$434,$4163,$15624,$1260,$-1156
32,2010-09-30,21.99,$43.35,0.51,$20.50,1.07,$1.05,20.94,$2.30,9.56,$449.37B,$579.30B,0.78,$196.49B,$55.99B,3.51,$30.53B,$29.09B,95.28%,$30.53B,$5.87B,19.23%,$30.53B,$5.87B,19.23%,$30.53B,$8.10B,26.54%,$30.53B,$5.87B,19.23%,$30.53B,$3.33B,10.90%,$3.33B,$65.58B,5.72%,$3.33B,$54.01B,7.19%,$3.33B,$841.37B,0.41%,$5.87B,$262.07B,2.36%,$6780,$332,$6448,$0,$5090,$5979,$801,$0,$801,$-23,$824,$824,$-91,$1447,$801,$1377,1443,$-0.07,$-0.07,$386836,$0,$0,$449369,$6032,$361685,$11574,$12712,$392003,$841372,$579299,$196491,$0,$196491,$775790,$16,$38056,$-116,$65582,$841372,$4636,$1837,$1595,$3432,$-6081,$14770,$2495,$0,$11184,$19252,$-800,$0,$-228,$0,$-23343,$-23343,$247,$-24124,$407,$2271,$2678,$5283,$5283,$-867,$-1514,$5580,$1124,$977,$-867
33,2010-06-30,20.64,$42.35,0.49,$22.31,0.93,$-52.11,0.0,$2.75,7.51,$451.03B,$567.49B,0.8,$182.81B,$49.56B,3.69,$32.22B,$30.83B,95.67%,$32.22B,$6.56B,20.37%,$32.22B,$6.56B,20.37%,$32.22B,$8.61B,26.73%,$32.22B,$6.56B,20.37%,$32.22B,$3.92B,12.15%,$3.92B,$59.16B,7.14%,$3.92B,$47.49B,9.18%,$3.92B,$809.46B,0.49%,$6.56B,$241.97B,2.68%,$7963,$371,$7592,$0,$5352,$6260,$1703,$0,$1703,$240,$1463,$1463,$1578,$2740,$1703,$1318,1748,$1.20,$1.09,$396779,$0,$0,$451026,$6100,$327598,$11673,$13059,$358430,$809456,$567487,$182810,$0,$182810,$750297,$15,$38210,$-354,$59159,$809456,$3995,$1191,$969,$2160,$343,$22023,$872,$0,$23238,$29393,$-436,$0,$-228,$0,$-19233,$-19233,$283,$-19614,$-3813,$1457,$-2356,$-273,$-273,$-582,$-1289,$-4500,$4356,$671,$-582
34,2010-03-31,26.01,$39.46,0.66,$22.32,1.16,$-106.76,0.0,$0.56,46.44,$444.20B,$575.34B,0.77,$189.20B,$45.58B,4.15,$29.46B,$28.17B,95.62%,$29.46B,$4.28B,14.51%,$29.46B,$4.28B,14.51%,$29.46B,$5.50B,18.67%,$29.46B,$4.28B,14.51%,$29.46B,$1.08B,3.67%,$1.08B,$55.18B,2.04%,$1.08B,$43.01B,2.67%,$1.08B,$819.72B,0.14%,$4.28B,$244.38B,1.75%,$9072,$348,$8724,$0,$5730,$6557,$2515,$0,$2515,$436,$2079,$2079,$1411,$2669,$2515,$1315,1626,$1.07,$0.99,$394424,$0,$0,$444200,$6047,$343222,$12167,$14083,$375519,$819719,$575337,$189203,$0,$189203,$764540,$15,$36539,$-559,$55179,$819719,$2011,$154,$1215,$1369,$4618,$7609,$5494,$0,$17721,$21101,$-138,$0,$0,$0,$-18674,$-18674,$0,$-18812,$-1938,$945,$-993,$-261,$-261,$-293,$3125,$1578,$3487,$370,$-293
35,2009-12-31,26.23,$38.79,0.68,$19.61,1.34,$-152.90,0.0,$-1.00,0.0,$431.80B,$525.31B,0.82,$193.37B,$43.18B,4.48,$23.28B,$22.09B,94.89%,$23.28B,$1.13B,4.85%,$23.28B,$1.13B,4.85%,$23.28B,$2.35B,10.11%,$23.28B,$1.13B,4.85%,$23.28B,$-0.91B,-3.90%,$-0.91B,$52.78B,-1.76%,$-0.91B,$40.56B,-2.19%,$-0.91B,$771.46B,-0.13%,$1.13B,$246.15B,0.47%,$6718,$390,$6328,$0,$5138,$5867,$851,$0,$851,$96,$755,$755,$429,$1246,$851,$1185,1185,$0.51,$0.52,$380068,$0,$0,$431804,$7067,$303530,$12216,$16845,$339658,$771462,$525308,$193374,$0,$193374,$718682,$15,$35056,$-560,$52780,$771462,$1406,$1224,$108,$1332,$-2445,$-47013,$769,$0,$-48689,$-45951,$-2877,$0,$-1595,$0,$0,$0,$0,$-4472,$10785,$-7724,$3061,$6205,$6205,$-12682,$6440,$3024,$-46679,$1265,$-1732
36,2009-09-30,27.33,$38.43,0.71,$13.25,2.06,$-44.63,0.0,$-3.63,0.0,$391.36B,$520.84B,0.75,$196.44B,$42.63B,4.61,$15.82B,$14.80B,93.53%,$15.82B,$-4.14B,-26.19%,$15.82B,$-12.07B,-76.30%,$15.82B,$-2.83B,-17.88%,$15.82B,$-12.63B,-79.84%,$15.82B,$-10.07B,-63.66%,$-10.07B,$52.22B,-19.91%,$-10.07B,$39.57B,-23.55%,$-10.07B,$769.50B,-1.47%,$-4.14B,$248.66B,-1.75%,$8468,$285,$8183,$0,$6170,$6975,$1493,$0,$1493,$521,$972,$972,$498,$1959,$1493,$1294,1300,$0.39,$0.38,$342684,$0,$0,$391362,$6765,$342395,$12656,$16325,$378141,$769503,$520842,$196437,$0,$196437,$717279,$15,$34726,$-299,$52224,$769503,$636,$829,$770,$1599,$-1029,$-48687,$-2707,$0,$-52423,$-50188,$-2307,$0,$-1595,$0,$0,$0,$0,$-3902,$7796,$-7189,$607,$6216,$-4734,$-1445,$8733,$3161,$-50060,$1021,$-1445
37,2009-06-30,25.18,$37.86,0.67,$6.74,3.74,$-4.25,0.0,$-4.01,0.0,$346.84B,$438.70B,0.79,$186.79B,$41.87B,4.46,$7.35B,$6.61B,89.95%,$7.35B,$-5.64B,-76.65%,$7.35B,$-13.57B,-184.48%,$7.35B,$-4.79B,-65.12%,$7.35B,$-14.13B,-192.10%,$7.35B,$-10.57B,-143.74%,$-10.57B,$51.46B,-20.96%,$-10.57B,$39.07B,-23.51%,$-10.57B,$676.96B,-1.60%,$-5.64B,$238.26B,-2.47%,$5197,$267,$4930,$0,$4993,$5781,$-584,$0,$-584,$-319,$-265,$-265,$-1256,$-376,$-584,$1138,1138,$-1.10,$-1.10,$296173,$0,$0,$346843,$6548,$295205,$12389,$15972,$330114,$676957,$438702,$186792,$0,$186792,$625494,$15,$34245,$-342,$51463,$676957,$-157,$363,$68,$431,$-2462,$-29695,$-9586,$0,$-41743,$-41469,$-1879,$0,$-1295,$0,$0,$0,$0,$-3174,$4130,$-7072,$-2942,$6222,$-3778,$-1078,$8576,$778,$-43664,$627,$-1078
38,2009-03-31,20.05,$45.49,0.44,$19.46,1.03,$92.99,0.22,$-1.59,0.0,$337.62B,$394.71B,0.86,$182.11B,$30.00B,6.07,$20.17B,$19.30B,95.71%,$20.17B,$5.63B,27.91%,$20.17B,$-2.30B,-11.40%,$20.17B,$6.34B,31.44%,$20.17B,$-2.86B,-14.18%,$20.17B,$-1.63B,-8.08%,$-1.63B,$49.21B,-4.34%,$-1.63B,$46.13B,-4.63%,$-1.63B,$626.02B,-0.33%,$5.63B,$231.32B,3.33%,$2897,$248,$2649,$0,$3010,$3527,$-630,$0,$-630,$-595,$-35,$-35,$-578,$-475,$-630,$1012,1012,$-0.57,$-0.57,$291852,$0,$0,$337624,$6018,$262774,$3075,$16532,$288399,$626023,$394708,$182108,$0,$182108,$576816,$12,$35577,$-471,$49207,$626023,$-190,$155,$268,$423,$2771,$-17758,$-17767,$0,$-32754,$-32521,$-1127,$0,$-8,$0,$0,$0,$0,$-1135,$5019,$-6691,$-1672,$5,$5,$-645,$6500,$4188,$-30129,$204,$-645
39,2008-12-31,13.96,$46.03,0.3,$24.11,0.58,$130.09,0.11,$-1.02,0.0,$368.02B,$447.47B,0.82,$179.84B,$30.29B,5.94,$25.32B,$24.32B,96.07%,$25.32B,$8.21B,32.41%,$25.32B,$0.28B,1.10%,$25.32B,$8.83B,34.89%,$25.32B,$-0.28B,-1.11%,$25.32B,$0.36B,1.43%,$0.36B,$49.46B,1.06%,$0.36B,$46.29B,1.15%,$0.36B,$676.76B,0.06%,$8.21B,$229.29B,4.81%,$63,$213,$-150,$0,$1255,$2452,$-2389,$0,$-4354,$-4003,$-2618,$-9046,$-8512,$-14060,$-4178,$1028,1073,$-2.20,$-8.20,$318701,$0,$0,$368021,$5095,$284349,$3162,$16137,$308743,$676764,$447473,$179835,$0,$179835,$627308,$12,$36154,$-420,$49456,$676764,$1778,$794,$-2632,$-1838,$54531,$133477,$-114531,$0,$73477,$73417,$-1400,$0,$569,$0,$0,$0,$0,$-831,$-8210,$-24012,$-32222,$-1431,$17566,$-1227,$-1101,$-16984,$53056,$1838,$-1227
40,2008-11-30,12.84,$0.00,0.0,$30.65,0.42,$95.79,0.13,$2.27,5.65,$353.64B,$444.06B,0.8,$163.44B,$32.38B,5.05,$32.17B,$30.98B,96.29%,$32.17B,$13.52B,42.01%,$32.17B,$13.52B,42.01%,$32.17B,$13.81B,42.94%,$32.17B,$13.52B,42.01%,$32.17B,$10.16B,31.58%,$10.16B,$51.54B,46.55%,$10.16B,$48.35B,50.73%,$10.16B,$659.04B,2.47%,$13.52B,$214.97B,11.93%,$0,$0,$0,$0,$0,$0,$0,$0,$0,$0,$0,$0,$0,$0,$0,$0,0,$0.00,$0.00,$301521,$0,$0,$353636,$5057,$281857,$3190,$15295,$305399,$659035,$444062,$163437,$0,$163437,$607499,$12,$38096,$-125,$51536,$659035,$0,$0,$0,$0,$0,$0,$0,$0,$0,$0,$0,$0,$0,$0,$0,$0,$0,$0,$0,$0,$0,$0,$0,$0,$0,$0,$0,$0,$0
41,2008-09-30,19.72,$0.00,0.0,$36.75,0.54,$85.03,0.23,$2.27,8.69,$0.00B,$0.00B,0.0,$0.00B,$0.00B,0.0,$38.68B,$37.04B,95.76%,$38.68B,$14.96B,38.68%,$38.68B,$14.96B,38.68%,$38.68B,$15.42B,39.86%,$38.68B,$14.96B,38.68%,$38.68B,$11.17B,28.88%,$11.17B,$0.00B,63.61%,$11.17B,$0.00B,71.65%,$11.17B,$0.00B,2.21%,$14.96B,$0.00B,12.38%,$18011,$394,$17617,$0,$6240,$7330,$10681,$0,$10681,$2974,$7707,$7707,$7684,$10752,$10681,$1041,1042,$7.38,$7.38,$0,$0,$0,$0,$0,$0,$0,$0,$0,$0,$0,$0,$0,$0,$0,$0,$0,$0,$0,$0,$10762,$532,$-595,$-63,$16488,$86747,$-50944,$0,$52291,$62990,$-1368,$0,$569,$0,$0,$0,$0,$-799,$-8347,$-16870,$-25217,$-1295,$-1295,$-935,$-5256,$-32703,$28907,$1637,$-935
42,2008-08-31,35.01,$32.25,1.09,$27.08,1.29,$25.30,1.38,$2.40,14.59,$588.22B,$749.31B,0.79,$202.33B,$34.67B,5.84,$28.59B,$26.87B,93.99%,$28.59B,$6.32B,22.10%,$28.59B,$6.32B,22.10%,$28.59B,$6.78B,23.73%,$28.59B,$6.32B,22.10%,$28.59B,$4.80B,16.79%,$4.80B,$35.77B,27.32%,$4.80B,$31.77B,30.78%,$4.80B,$987.40B,0.95%,$6.32B,$238.09B,5.23%,$8049,$378,$7671,$0,$4931,$6101,$1948,$0,$1948,$531,$1417,$1425,$1414,$2019,$1948,$1043,1072,$1.36,$1.32,$522326,$0,$0,$588215,$5004,$375419,$3996,$14769,$399188,$987403,$749311,$202327,$0,$202327,$951638,$12,$40698,$-380,$35765,$987403,$4002,$309,$-589,$-280,$41018,$-143320,$103832,$0,$1530,$5252,$-1123,$0,$2129,$0,$0,$0,$0,$1006,$11875,$-20336,$-8461,$297,$297,$-935,$1026,$-8073,$-1896,$1672,$-935
43,2008-06-30,30.69,$0.00,0.0,$27.44,1.12,$3.08,9.95,$2.40,12.79,$0.00B,$0.00B,0.0,$0.00B,$0.00B,0.0,$28.86B,$27.08B,93.82%,$28.86B,$6.58B,22.81%,$28.86B,$6.58B,22.81%,$28.86B,$7.06B,24.46%,$28.86B,$6.58B,22.81%,$28.86B,$4.92B,17.04%,$4.92B,$0.00B,29.03%,$4.92B,$0.00B,32.89%,$4.92B,$0.00B,0.93%,$6.58B,$0.00B,5.50%,$6111,$421,$5690,$0,$4416,$5225,$886,$0,$886,$192,$694,$694,$1062,$1043,$886,$1041,1045,$1.02,$1.02,$0,$0,$0,$0,$0,$0,$0,$0,$0,$0,$0,$0,$0,$0,$0,$0,$0,$0,$0,$0,$2591,$238,$-221,$17,$13496,$-63682,$82799,$0,$32613,$35221,$-973,$0,$1349,$0,$0,$0,$0,$376,$5902,$-10206,$-4304,$200,$200,$-626,$6132,$1402,$38104,$1279,$-626
44,2008-05-31,37.63,$31.11,1.21,$19.64,1.92,$-52.84,0.0,$-2.16,0.0,$612.03B,$786.01B,0.78,$210.72B,$33.39B,6.31,$20.75B,$19.08B,91.96%,$20.75B,$-0.77B,-3.72%,$20.75B,$-0.77B,-3.72%,$20.75B,$-0.46B,-2.19%,$20.75B,$-0.77B,-3.72%,$20.75B,$0.09B,0.42%,$0.09B,$34.49B,0.51%,$0.09B,$30.60B,0.58%,$0.09B,$1031.23B,0.02%,$-0.77B,$245.22B,-0.64%,$6510,$448,$6062,$0,$4280,$5064,$1446,$0,$1446,$439,$1007,$1026,$1012,$1603,$1446,$1038,1067,$0.97,$0.95,$526427,$0,$0,$612031,$4856,$396279,$3890,$14172,$419197,$1031228,$786011,$210724,$0,$210724,$996735,$12,$39581,$-218,$34493,$1031228,$2577,$209,$-254,$-45,$20184,$-118152,$84768,$0,$-13200,$-10668,$-810,$0,$1349,$0,$0,$0,$0,$539,$13708,$-10679,$3029,$284,$284,$-626,$5358,$8045,$-1816,$1267,$-626
45,2008-03-31,38.65,$0.00,0.0,$13.54,2.86,$-42.09,0.0,$-2.16,0.0,$0.00B,$0.00B,0.0,$0.00B,$0.00B,0.0,$14.24B,$13.02B,91.43%,$14.24B,$-2.22B,-15.57%,$14.24B,$-2.22B,-15.57%,$14.24B,$-2.06B,-14.45%,$14.24B,$-2.22B,-15.57%,$14.24B,$-0.93B,-6.50%,$-0.93B,$0.00B,-5.73%,$-0.93B,$0.00B,-6.56%,$-0.93B,$0.00B,-0.17%,$-2.22B,$0.00B,-1.95%,$7917,$470,$7447,$0,$5012,$5879,$2038,$0,$2038,$606,$1432,$1432,$1311,$2119,$2038,$1034,1039,$1.27,$1.26,$0,$0,$0,$0,$0,$0,$0,$0,$0,$0,$0,$0,$0,$0,$0,$0,$0,$0,$0,$0,$1432,$81,$-41,$40,$6902,$-63714,$55257,$0,$-1555,$-83,$-520,$0,$744,$0,$0,$0,$0,$224,$-4401,$-4353,$-8754,$152,$152,$-314,$17707,$8791,$9617,$657,$-314
46,2008-02-29,35.63,$30.11,1.18,$13.44,2.65,$-45.31,0.0,$-3.61,0.0,$620.65B,$857.30B,0.72,$200.32B,$32.18B,6.23,$14.28B,$13.07B,91.53%,$14.28B,$-1.99B,-13.93%,$14.28B,$-1.99B,-13.93%,$14.28B,$-1.69B,-11.82%,$14.28B,$-1.99B,-13.93%,$14.28B,$-0.71B,-4.97%,$-0.71B,$33.28B,-2.85%,$-0.71B,$29.22B,-3.22%,$-0.71B,$1090.90B,-0.09%,$-1.99B,$233.60B,-1.20%,$8322,$444,$7878,$0,$5224,$6108,$2214,$0,$2214,$665,$1549,$1551,$1534,$2295,$2214,$1021,1058,$1.50,$1.45,$517840,$0,$0,$620650,$4548,$451094,$4061,$10543,$470246,$1090896,$857300,$200316,$0,$200316,$1057616,$12,$38852,$-138,$33280,$1090896,$1551,$126,$606,$732,$7108,$-75848,$47366,$0,$-21374,$-19091,$-335,$0,$-174,$0,$0,$0,$0,$-509,$4974,$-8543,$-3569,$241,$241,$-314,$18264,$14622,$-4633,$608,$-314
47,2007-12-31,44.67,$0.00,0.0,$15.64,2.86,$-41.59,0.0,$-3.61,0.0,$0.00B,$0.00B,0.0,$0.00B,$0.00B,0.0,$16.48B,$15.35B,93.13%,$16.48B,$-0.68B,-4.13%,$16.48B,$-0.68B,-4.13%,$16.48B,$-0.41B,-2.48%,$16.48B,$-0.68B,-4.13%,$16.48B,$0.32B,1.95%,$0.32B,$0.00B,1.21%,$0.32B,$0.00B,1.36%,$0.32B,$0.00B,0.04%,$-0.68B,$0.00B,-0.42%,$-1998,$307,$-2305,$0,$4154,$4471,$-6469,$0,$-6469,$-2453,$-4016,$-3951,$-3770,$-6472,$-6469,$1002,1025,$-3.75,$-3.50,$0,$0,$0,$0,$0,$0,$0,$0,$0,$0,$0,$0,$0,$0,$0,$0,$0,$0,$0,$0,$3249,$475,$967,$1442,$-3973,$-94059,$71092,$0,$-26940,$-22249,$-1469,$0,$-693,$0,$-9801,$-9801,$525,$-11438,$41354,$8274,$49628,$-3264,$-3264,$-1219,$-7060,$38085,$4992,$1927,$-1219
48,2007-11-30,44.34,$0.00,0.0,$27.04,1.64,$-47.20,0.0,0,0.0,$648.63B,$823.52B,0.79,$190.62B,$30.17B,6.32,$28.48B,$27.29B,95.84%,$28.48B,$9.25B,32.47%,$28.48B,$9.25B,32.47%,$28.48B,$9.72B,34.14%,$28.48B,$9.25B,32.47%,$28.48B,$6.75B,23.69%,$6.75B,$31.27B,18.74%,$6.75B,$27.20B,21.07%,$6.75B,$1045.41B,0.59%,$9.25B,$221.89B,4.39%,$0,$0,$0,$0,$0,$0,$0,$0,$0,$0,$0,$0,$0,$-5854,$0,$0,0,$0.00,$0.00,$536316,$0,$0,$648628,$4372,$379487,$4071,$8851,$396781,$1045409,$823516,$190624,$0,$190624,$1014140,$12,$38045,$-199,$31269,$1045409,$0,$0,$0,$0,$0,$0,$0,$0,$0,$0,$0,$0,$0,$0,$0,$0,$0,$0,$0,$0,$0,$0,$0,$0,$0,$0,$0,$0,$0
49,2007-08-31,52.25,$33.18,1.57,$27.04,1.93,$-47.20,0.0,0,0.0,$741.40B,$974.67B,0.76,$175.21B,$34.15B,5.13,$28.48B,$27.29B,95.84%,$28.48B,$9.25B,32.47%,$28.48B,$9.25B,32.47%,$28.48B,$9.72B,34.14%,$28.48B,$9.25B,32.47%,$28.48B,$6.75B,23.69%,$6.75B,$35.25B,18.22%,$6.75B,$31.80B,20.32%,$6.75B,$1185.13B,0.58%,$9.25B,$210.46B,4.62%,$7958,$459,$7499,$0,$4874,$5693,$2265,$0,$2265,$772,$1493,$1474,$1526,$2489,$2265,$1002,1057,$1.52,$1.44,$605971,$0,$0,$741396,$4193,$428807,$3451,$7284,$443735,$1185131,$974667,$175214,$0,$175214,$1149881,$12,$42043,$-95,$35250,$1185131,$6797,$478,$2501,$2979,$-24532,$-33189,$45146,$0,$-12575,$-2799,$-1228,$0,$-693,$0,$-8978,$-8978,$525,$-10374,$32390,$4624,$37014,$-2735,$-2735,$-913,$-4550,$28816,$15982,$2132,$-913
50,2007-05-31,59.15,$37.57,1.57,$26.20,2.26,$-84.34,0.0,0,0.0,$766.52B,$988.55B,0.78,$171.93B,$38.41B,4.48,$27.58B,$26.52B,96.14%,$27.58B,$9.22B,33.44%,$27.58B,$9.22B,33.44%,$27.58B,$9.65B,34.99%,$27.58B,$9.22B,33.44%,$27.58B,$7.07B,25.64%,$7.07B,$39.51B,19.24%,$7.07B,$35.38B,21.39%,$7.07B,$1199.99B,0.62%,$9.22B,$211.44B,4.87%,$10524,$366,$10158,$0,$6268,$7000,$3524,$0,$3524,$1141,$2383,$2363,$2565,$3574,$3524,$997,1046,$2.57,$2.45,$587400,$0,$0,$766517,$4501,$414419,$4132,$10424,$433476,$1199993,$988550,$171932,$0,$171932,$1160482,$12,$46256,$-119,$39511,$1199993,$5254,$254,$1543,$1797,$-45980,$7625,$16599,$0,$-21756,$-14705,$-607,$0,$-691,$0,$-7975,$-7975,$604,$-8669,$26169,$4441,$30610,$-2223,$-2223,$-608,$6759,$34538,$11180,$1266,$-608
51,2007-02-28,51.93,$35.75,1.45,$24.39,2.13,$-107.54,0.0,0,0.0,$742.45B,$984.27B,0.75,$159.83B,$36.85B,4.34,$25.76B,$24.72B,95.96%,$25.76B,$8.56B,33.24%,$25.76B,$8.56B,33.24%,$25.76B,$9.13B,35.42%,$25.76B,$8.56B,33.24%,$25.76B,$6.35B,24.64%,$6.35B,$37.95B,18.17%,$6.35B,$33.69B,20.12%,$6.35B,$1182.06B,0.58%,$8.56B,$197.79B,4.85%,$9994,$361,$9633,$0,$5884,$6538,$3456,$0,$3456,$1116,$2340,$2314,$2655,$3660,$3456,$1009,1058,$2.63,$2.51,$604190,$0,$0,$742452,$4313,$407754,$4262,$23280,$439609,$1182061,$984274,$159833,$0,$159833,$1144107,$12,$43975,$-127,$37954,$1182061,$2672,$204,$660,$864,$-16665,$-15005,$-1987,$0,$-33657,$-30121,$-295,$0,$-1167,$0,$0,$0,$955,$-507,$15289,$4523,$19812,$-878,$-878,$-305,$8073,$26702,$-3970,$607,$-305
52,2006-11-30,52.62,$0.00,0.0,$23.00,2.29,$-98.68,0.0,0,0.0,$724.49B,$940.78B,0.77,$144.98B,$34.26B,4.23,$24.32B,$23.35B,96.01%,$24.32B,$7.57B,31.11%,$24.32B,$7.57B,31.11%,$24.32B,$8.11B,33.33%,$24.32B,$7.57B,31.11%,$24.32B,$5.27B,21.65%,$5.27B,$35.36B,15.97%,$5.27B,$31.92B,17.59%,$5.27B,$1121.19B,0.51%,$7.57B,$180.34B,4.59%,$0,$0,$0,$0,$0,$0,$0,$0,$0,$0,$0,$0,$0,$0,$0,$0,0,$0.00,$0.00,$590177,$0,$0,$724493,$4086,$378010,$3443,$11160,$396699,$1121192,$940784,$144978,$66,$145044,$1085828,$12,$41422,$-35,$35364,$1121192,$0,$0,$0,$0,$0,$0,$0,$0,$0,$0,$0,$0,$0,$0,$0,$0,$0,$0,$0,$0,$0,$0,$0,$0,$0,$0,$0,$0,$0
