,Date,Stock Price,Book Value per Share,Price to Book Ratio,TTM Sales per Share,Price to Sales Ratio,TTM FCF per Share,Price to FCF Ratio,TTM Net EPS,PE Ratio,Current Assets,Current Liabilities,Current Ratio,Long Term Debt,Shareholder's Equity_x,Debt to Equity Ratio,TTM Revenue_x,TTM Gross Profit,Gross Margin,TTM Revenue_y,TTM Operating Income,Operating Margin,TTM Revenue_x,TTM EBIT,EBIT Margin,TTM Revenue_y,TTM EBITDA,EBITDA Margin,TTM Revenue_x,TTM Pre-Tax Income,Pre-Tax Margin,TTM Revenue_y,TTM Net Income_x,Net Margin,TTM Net Income_y,Shareholder's Equity_y,Return on Equity,TTM Net Income_x,Tangible Equity,Return on Tangible Equity,TTM Net Income_y,Total Assets,Return on Assets,TTM Net Income,LT Investments & Debt,Return on Investment,revenue,cost-goods-sold,gross-profit,research-development-expenses,selling-general-administrative-expenses,operating-expenses,operating-income,total-non-operating-income-expense,pre-tax-income,total-provision-income-taxes,income-after-taxes,income-from-continuous-operations,net-income,ebitda,ebit,basic-shares-outstanding,shares-outstanding,eps-basic-net-earnings-per-share,eps-earnings-per-share-diluted,cash-on-hand,inventory,other-current-assets,total-current-assets,net-property-plant-equipment,long-term-investments,goodwill-intangible-assets-total,other-long-term-assets,total-long-term-assets,total-assets,total-current-liabilities,long-term-debt,other-non-current-liabilities,total-long-term-liabilities,total-liabilities,common-stock-net,retained-earnings-accumulated-deficit,comprehensive-income,total-share-holder-equity,total-liabilities-share-holders-equity,net-income-loss,total-depreciation-amortization-cash-flow,other-non-cash-items,total-non-cash-items,change-in-accounts-receivable,change-in-inventories,change-in-accounts-payable,change-in-assets-liabilities,total-change-in-assets-liabilities,cash-flow-from-operating-activities,net-change-in-property-plant-equipment,net-change-in-intangible-assets,net-acquisitions-divestitures,net-change-in-short-term-investments,net-change-in-long-term-investments,net-change-in-investments-total,investing-activities-other,cash-flow-from-investing-activities,net-long-term-debt,net-current-debt,debt-issuance-retirement-net-total,net-common-equity-issued-repurchased,net-total-equity-issued-repurchased,total-common-preferred-stock-dividends-paid,financial-activities-other,cash-flow-from-financial-activities,net-cash-flow,stock-based-compensation,common-stock-dividends-paid
0,2018-07-31,28.25,$2.06,13.73,$3.16,8.95,$5.42,5.21,$0.48,58.85,$0.03B,$0.00B,9.91,$0.00B,$0.03B,0.0,$0.04B,$0.04B,100.00%,$0.04B,$0.04B,100.00%,$0.04B,$0.04B,100.00%,$0.04B,$0.04B,100.00%,$0.04B,$0.04B,97.56%,$0.04B,$0.04B,97.56%,$0.04B,$0.03B,228.57%,$0.04B,$0.03B,228.57%,$0.04B,$0.03B,156.86%,$0.04B,$0.03B,234.29%,$19,$0,$19,$0,$0,$0,$19,$-0,$19,$0,$19,$19,$19,$19,$19,$13,13,$1.44,$1.44,$18,$0,$3,$30,$0,$0,$0,$0,$0,$30,$3,$0,$0,$0,$3,$0,$27,$0,$27,$30,$0,$0,$15,$15,$0,$0,$0,$0,$0,$15,$0,$0,$0,$0,$6,$6,$0,$6,$0,$0,$0,$0,$0,$-21,$0,$-21,$-0,$0,$-21
1,2018-04-30,22.27,$0.84,26.52,$2.78,8.01,$4.86,4.58,$1.48,15.05,$0.02B,$0.01B,2.8,$0.00B,$0.01B,0.0,$0.04B,$0.04B,100.00%,$0.04B,$0.04B,100.00%,$0.04B,$0.04B,100.00%,$0.04B,$0.04B,100.00%,$0.04B,$0.04B,97.22%,$0.04B,$0.04B,97.22%,$0.04B,$0.01B,233.33%,$0.04B,$0.01B,233.33%,$0.04B,$0.02B,152.17%,$0.04B,$0.01B,240.00%,$7,$0,$7,$0,$0,$0,$7,$-0,$6,$0,$6,$6,$6,$7,$7,$13,13,$0.48,$0.48,$11,$0,$1,$17,$0,$0,$0,$0,$0,$17,$6,$0,$0,$0,$6,$0,$11,$0,$11,$17,$0,$0,$3,$3,$0,$0,$0,$0,$0,$3,$0,$0,$0,$0,$15,$15,$0,$15,$0,$0,$0,$0,$0,$-15,$0,$-15,$3,$0,$-15
2,2018-01-31,24.13,$0.81,29.85,$2.63,9.16,$4.66,5.18,$1.26,19.15,$0.03B,$0.02B,1.68,$0.00B,$0.01B,0.0,$0.03B,$0.03B,100.00%,$0.03B,$0.03B,100.00%,$0.03B,$0.03B,100.00%,$0.03B,$0.03B,100.00%,$0.03B,$0.03B,97.06%,$0.03B,$0.03B,97.06%,$0.03B,$0.01B,240.00%,$0.03B,$0.01B,240.00%,$0.03B,$0.03B,148.31%,$0.03B,$0.01B,247.27%,$3,$0,$3,$0,$0,$0,$3,$1,$3,$0,$3,$3,$3,$3,$3,$13,13,$0.23,$0.23,$24,$0,$0,$26,$0,$0,$0,$0,$0,$26,$16,$0,$0,$0,$16,$0,$11,$0,$11,$26,$33,$0,$0,$0,$0,$0,$0,$-2,$-4,$30,$0,$0,$0,$0,$-23,$-23,$0,$-23,$0,$0,$0,$0,$0,$-20,$0,$-20,$-13,$0,$-20
3,2017-10-31,20.99,$1.60,13.16,$2.73,7.68,$3.37,6.23,$1.60,13.12,$0.03B,$0.01B,3.47,$0.00B,$0.02B,0.0,$0.04B,$0.04B,100.00%,$0.04B,$0.04B,100.00%,$0.04B,$0.04B,97.22%,$0.04B,$0.04B,100.00%,$0.04B,$0.03B,94.44%,$0.04B,$0.03B,94.44%,$0.03B,$0.02B,251.85%,$0.03B,$0.02B,251.85%,$0.03B,$0.03B,176.62%,$0.04B,$0.02B,266.67%,$12,$0,$12,$0,$0,$0,$12,$-0,$12,$0,$12,$12,$12,$12,$12,$13,13,$0.91,$0.91,$26,$0,$0,$29,$0,$0,$0,$0,$0,$29,$8,$0,$0,$0,$8,$0,$21,$0,$21,$29,$28,$0,$0,$0,$0,$0,$0,$-2,$-5,$23,$0,$0,$0,$0,$-26,$-26,$0,$-26,$0,$0,$0,$0,$0,$-11,$0,$-11,$-14,$0,$-11
4,2017-07-31,12.26,$1.32,9.26,$2.07,5.93,$1.80,6.79,$1.84,6.66,$0.02B,$0.00B,9.05,$0.00B,$0.02B,0.0,$0.03B,$0.03B,100.00%,$0.03B,$0.03B,100.00%,$0.03B,$0.03B,96.30%,$0.03B,$0.03B,100.00%,$0.03B,$0.03B,92.59%,$0.03B,$0.03B,92.59%,$0.03B,$0.02B,243.90%,$0.03B,$0.02B,243.90%,$0.03B,$0.02B,175.44%,$0.03B,$0.02B,263.41%,$14,$0,$14,$0,$0,$0,$14,$-0,$14,$0,$14,$14,$14,$14,$14,$13,13,$1.07,$1.07,$13,$0,$0,$20,$0,$0,$0,$0,$0,$20,$2,$0,$0,$0,$2,$0,$17,$0,$17,$20,$0,$0,$8,$8,$0,$0,$0,$0,$0,$8,$0,$0,$0,$0,$-2,$-2,$0,$-2,$0,$0,$0,$0,$0,$-9,$0,$-9,$-3,$0,$-9
5,2017-04-30,13.73,$0.48,28.36,$1.18,11.62,$1.29,10.64,$1.02,13.46,$0.01B,$0.01B,1.87,$0.00B,$0.01B,0.0,$0.02B,$0.02B,100.00%,$0.02B,$0.02B,100.00%,$0.02B,$0.02B,93.75%,$0.02B,$0.02B,100.00%,$0.02B,$0.01B,81.25%,$0.02B,$0.01B,81.25%,$0.01B,$0.01B,173.33%,$0.01B,$0.01B,173.33%,$0.01B,$0.01B,115.56%,$0.02B,$0.01B,213.33%,$5,$0,$5,$0,$0,$0,$5,$-0,$4,$0,$4,$4,$4,$5,$5,$13,13,$0.34,$0.34,$12,$0,$0,$14,$0,$0,$0,$0,$0,$14,$7,$0,$0,$0,$7,$0,$6,$0,$6,$14,$0,$0,$0,$0,$0,$0,$0,$0,$0,$0,$0,$0,$0,$0,$0,$0,$0,$0,$0,$0,$0,$0,$0,$-2,$0,$-2,$-2,$0,$-2
6,2017-01-31,11.88,$0.78,15.27,$0.82,14.51,$1.34,8.87,$0.73,16.27,$0.01B,$0.00B,3.52,$0.00B,$0.01B,0.0,$0.01B,$0.01B,100.00%,$0.01B,$0.01B,100.00%,$0.01B,$0.01B,90.91%,$0.01B,$0.01B,100.00%,$0.01B,$0.01B,81.82%,$0.01B,$0.01B,81.82%,$0.01B,$0.01B,120.00%,$0.01B,$0.01B,120.00%,$0.01B,$0.01B,90.00%,$0.01B,$0.01B,146.67%,$5,$0,$5,$0,$0,$0,$5,$1,$4,$0,$4,$4,$4,$5,$4,$13,13,$0.34,$0.34,$14,$0,$0,$14,$0,$0,$0,$0,$0,$14,$4,$0,$0,$0,$4,$0,$10,$0,$10,$14,$10,$0,$0,$0,$0,$0,$0,$2,$3,$13,$0,$0,$0,$0,$6,$6,$0,$6,$0,$0,$0,$0,$0,$-7,$0,$-7,$11,$0,$-7
7,2016-10-31,7.73,$0.58,13.29,$0.69,11.14,$1.01,7.68,$0.60,12.88,$0.01B,$0.00B,6.33,$0.00B,$0.01B,0.0,$0.01B,$0.01B,100.00%,$0.01B,$0.01B,100.00%,$0.01B,$0.01B,88.89%,$0.01B,$0.01B,100.00%,$0.01B,$0.01B,88.89%,$0.01B,$0.01B,88.89%,$0.01B,$0.01B,110.34%,$0.01B,$0.01B,110.34%,$0.01B,$0.01B,88.89%,$0.01B,$0.01B,124.14%,$3,$0,$3,$0,$0,$0,$3,$-0,$3,$0,$3,$3,$3,$3,$3,$13,13,$0.25,$0.25,$5,$0,$0,$9,$0,$0,$0,$0,$0,$9,$1,$0,$0,$0,$1,$0,$8,$0,$8,$9,$5,$0,$0,$0,$0,$0,$0,$-0,$-2,$3,$0,$0,$0,$0,$6,$6,$0,$6,$0,$0,$0,$0,$0,$-6,$0,$-6,$3,$0,$-6
8,2016-07-31,8.81,$0.44,20.17,$0.63,13.96,$1.24,7.12,$0.54,16.31,$0.01B,$0.00B,2.97,$0.00B,$0.01B,0.0,$0.01B,$0.01B,100.00%,$0.01B,$0.01B,100.00%,$0.01B,$0.01B,88.89%,$0.01B,$0.01B,100.00%,$0.01B,$0.01B,77.78%,$0.01B,$0.01B,77.78%,$0.01B,$0.01B,100.00%,$0.01B,$0.01B,100.00%,$0.01B,$0.01B,82.35%,$0.01B,$0.01B,128.57%,$3,$0,$3,$0,$0,$0,$3,$-0,$2,$0,$2,$2,$2,$3,$3,$13,13,$0.19,$0.19,$6,$0,$0,$8,$0,$0,$0,$0,$0,$8,$3,$0,$0,$0,$3,$0,$6,$0,$6,$8,$2,$0,$-1,$-1,$0,$0,$0,$0,$0,$1,$0,$0,$0,$0,$6,$6,$0,$6,$0,$0,$0,$0,$0,$-3,$0,$-3,$4,$0,$-3
9,2016-04-30,8.07,$0.45,17.84,$0.64,12.6,$1.38,5.87,$0.55,14.67,$0.01B,$0.00B,2.88,$0.00B,$0.01B,0.0,$0.01B,$0.01B,100.00%,$0.01B,$0.01B,100.00%,$0.01B,$0.01B,88.89%,$0.01B,$0.01B,100.00%,$0.01B,$0.01B,77.78%,$0.01B,$0.01B,77.78%,$0.01B,$0.01B,103.70%,$0.01B,$0.01B,103.70%,$0.01B,$0.01B,90.32%,$0.01B,$0.01B,133.33%,$0,$0,$0,$0,$0,$0,$0,$-0,$-0,$0,$-0,$-0,$-0,$0,$0,$13,13,$-0.03,$-0.03,$8,$0,$0,$9,$0,$0,$0,$0,$0,$9,$3,$0,$0,$0,$3,$0,$6,$0,$6,$9,$-0,$0,$0,$0,$0,$0,$0,$0,$1,$1,$0,$0,$0,$0,$6,$6,$0,$6,$0,$0,$0,$0,$0,$-1,$0,$-1,$6,$0,$-1
10,2016-01-31,3.59,$0.69,5.24,$0.74,4.84,$1.36,2.64,$0.65,5.52,$0.01B,$0.00B,11.31,$0.00B,$0.01B,0.0,$0.01B,$0.01B,100.00%,$0.01B,$0.01B,100.00%,$0.01B,$0.01B,90.00%,$0.01B,$0.01B,100.00%,$0.01B,$0.01B,80.00%,$0.01B,$0.01B,80.00%,$0.01B,$0.01B,133.33%,$0.01B,$0.01B,133.33%,$0.01B,$0.01B,128.00%,$0.01B,$0.01B,166.67%,$3,$0,$3,$0,$0,$0,$3,$1,$3,$0,$3,$3,$3,$3,$2,$13,13,$0.21,$0.21,$8,$0,$0,$9,$0,$0,$0,$0,$0,$10,$1,$0,$0,$0,$1,$0,$9,$0,$9,$10,$9,$0,$0,$0,$0,$0,$0,$0,$-0,$8,$0,$0,$0,$0,$-5,$-5,$0,$-5,$0,$0,$0,$0,$0,$-9,$0,$-9,$-6,$0,$-9
11,2015-10-31,7.05,$0.53,13.39,$0.96,7.34,$2.58,2.73,$0.87,8.11,$0.01B,$0.00B,78.48,$0.00B,$0.01B,0.0,$0.01B,$0.01B,100.00%,$0.01B,$0.01B,100.00%,$0.01B,$0.01B,92.31%,$0.01B,$0.01B,100.00%,$0.01B,$0.01B,84.62%,$0.01B,$0.01B,84.62%,$0.01B,$0.01B,258.82%,$0.01B,$0.01B,258.82%,$0.01B,$0.01B,176.00%,$0.01B,$0.01B,305.88%,$3,$0,$3,$0,$0,$0,$3,$-0,$2,$0,$2,$2,$2,$3,$3,$13,13,$0.18,$0.18,$6,$0,$0,$7,$0,$0,$0,$0,$0,$7,$0,$0,$0,$0,$0,$0,$7,$0,$7,$7,$0,$0,$6,$6,$0,$0,$0,$0,$0,$6,$0,$0,$0,$0,$0,$0,$0,$0,$0,$0,$0,$0,$0,$-9,$0,$-9,$-3,$0,$-9
12,2015-07-31,8.7,$0.34,25.29,$1.66,5.24,$3.33,2.61,$1.57,5.54,$0.01B,$0.00B,8.13,$0.00B,$0.01B,0.0,$0.02B,$0.02B,100.00%,$0.02B,$0.02B,100.00%,$0.02B,$0.02B,95.45%,$0.02B,$0.02B,100.00%,$0.02B,$0.02B,95.45%,$0.02B,$0.02B,95.45%,$0.02B,$0.01B,600.00%,$0.02B,$0.01B,600.00%,$0.02B,$0.01B,247.06%,$0.02B,$0.01B,628.57%,$3,$0,$3,$0,$0,$0,$3,$-0,$2,$0,$2,$2,$2,$3,$3,$13,13,$0.19,$0.19,$4,$0,$0,$5,$0,$0,$0,$0,$0,$5,$1,$0,$0,$0,$1,$0,$5,$0,$5,$5,$0,$0,$3,$3,$0,$0,$0,$0,$0,$3,$0,$0,$0,$0,$0,$0,$0,$0,$0,$0,$0,$0,$0,$-8,$0,$-8,$-5,$0,$-8
13,2015-04-30,12.2,$0.19,62.75,$2.05,5.95,$3.41,3.58,$1.95,6.26,$0.00B,$0.00B,24.83,$0.00B,$0.00B,0.0,$0.03B,$0.03B,100.00%,$0.03B,$0.03B,100.00%,$0.03B,$0.03B,96.30%,$0.03B,$0.03B,100.00%,$0.03B,$0.03B,96.30%,$0.03B,$0.03B,96.30%,$0.03B,$0.00B,800.00%,$0.03B,$0.00B,800.00%,$0.03B,$0.00B,273.68%,$0.03B,$0.00B,830.77%,$1,$0,$1,$0,$0,$0,$1,$-0,$1,$0,$1,$1,$1,$1,$1,$13,13,$0.07,$0.07,$1,$0,$0,$2,$0,$0,$0,$0,$0,$3,$0,$0,$0,$0,$0,$0,$3,$0,$3,$3,$0,$0,$0,$0,$0,$0,$0,$0,$0,$0,$0,$0,$0,$0,$0,$0,$0,$0,$0,$0,$0,$0,$0,$-8,$0,$-8,$-8,$0,$-8
14,2015-01-31,13.7,$0.12,111.6,$1.99,6.89,$3.38,4.05,$1.89,7.25,$0.01B,$0.01B,1.16,$0.00B,$0.00B,0.0,$0.03B,$0.03B,100.00%,$0.03B,$0.03B,100.00%,$0.03B,$0.03B,96.30%,$0.03B,$0.03B,100.00%,$0.03B,$0.03B,92.59%,$0.03B,$0.03B,92.59%,$0.03B,$0.00B,909.09%,$0.03B,$0.00B,909.09%,$0.03B,$0.01B,277.78%,$0.03B,$0.00B,981.82%,$6,$0,$6,$0,$0,$0,$6,$1,$6,$0,$6,$6,$6,$6,$5,$13,13,$0.43,$0.43,$9,$0,$0,$10,$0,$0,$0,$0,$0,$10,$8,$0,$0,$0,$8,$0,$2,$0,$2,$10,$25,$0,$0,$0,$0,$0,$0,$0,$-0,$24,$0,$0,$0,$0,$-0,$-0,$0,$-0,$0,$0,$0,$0,$0,$-23,$0,$-23,$1,$0,$-23
15,2014-10-31,14.39,$0.33,43.56,$1.94,7.41,$3.15,4.56,$1.85,7.78,$0.02B,$0.01B,1.32,$0.00B,$0.00B,0.0,$0.03B,$0.03B,100.00%,$0.03B,$0.03B,100.00%,$0.03B,$0.03B,100.00%,$0.03B,$0.03B,100.00%,$0.03B,$0.02B,92.31%,$0.03B,$0.02B,92.31%,$0.02B,$0.00B,960.00%,$0.02B,$0.00B,960.00%,$0.02B,$0.02B,274.29%,$0.03B,$0.00B,1040.00%,$12,$0,$12,$0,$0,$0,$12,$-0,$12,$0,$12,$12,$12,$12,$12,$13,13,$0.88,$0.88,$12,$0,$0,$15,$0,$1,$0,$0,$1,$16,$12,$0,$0,$0,$12,$0,$4,$0,$4,$16,$0,$0,$16,$16,$0,$0,$0,$0,$0,$16,$0,$0,$0,$0,$0,$0,$0,$0,$0,$0,$0,$0,$0,$-12,$0,$-12,$4,$0,$-12
16,2014-07-31,13.74,$0.33,41.55,$1.53,9.0,$3.00,4.59,$1.44,9.54,$0.01B,$0.00B,1.87,$0.00B,$0.00B,0.0,$0.02B,$0.02B,100.00%,$0.02B,$0.02B,100.00%,$0.02B,$0.02B,100.00%,$0.02B,$0.02B,100.00%,$0.02B,$0.02B,90.00%,$0.02B,$0.02B,90.00%,$0.02B,$0.00B,800.00%,$0.02B,$0.00B,800.00%,$0.02B,$0.01B,248.28%,$0.02B,$0.00B,888.89%,$8,$0,$8,$0,$0,$0,$8,$-0,$7,$0,$7,$7,$7,$8,$8,$13,13,$0.57,$0.57,$4,$0,$0,$8,$0,$1,$0,$0,$1,$9,$4,$0,$0,$0,$4,$0,$4,$0,$4,$9,$0,$0,$4,$4,$0,$0,$0,$0,$0,$4,$0,$0,$0,$0,$0,$0,$0,$0,$0,$0,$0,$0,$0,$-7,$0,$-7,$-3,$0,$-7
17,2014-04-30,14.69,$0.09,171.8,$1.53,9.63,$3.21,4.58,$1.45,10.13,$0.00B,$0.00B,6.5,$0.00B,$0.00B,0.0,$0.02B,$0.02B,100.00%,$0.02B,$0.02B,100.00%,$0.02B,$0.02B,100.00%,$0.02B,$0.02B,100.00%,$0.02B,$0.02B,95.00%,$0.02B,$0.02B,95.00%,$0.02B,$0.00B,844.44%,$0.02B,$0.00B,844.44%,$0.02B,$0.00B,253.33%,$0.02B,$0.00B,888.89%,$1,$0,$1,$0,$0,$0,$1,$-0,$0,$0,$0,$0,$0,$1,$1,$13,13,$0.01,$0.01,$1,$0,$0,$1,$0,$1,$0,$0,$1,$1,$0,$0,$0,$0,$0,$0,$1,$0,$1,$1,$0,$0,$0,$0,$0,$0,$0,$0,$0,$0,$0,$0,$0,$0,$0,$0,$0,$0,$0,$0,$0,$0,$0,$-7,$0,$-7,$-7,$0,$-7
18,2014-01-31,14.62,$0.08,194.88,$1.68,8.7,$3.26,4.48,$1.61,9.08,$0.01B,$0.01B,1.06,$0.00B,$0.00B,0.0,$0.02B,$0.02B,100.00%,$0.02B,$0.02B,100.00%,$0.02B,$0.02B,100.00%,$0.02B,$0.02B,100.00%,$0.02B,$0.02B,95.45%,$0.02B,$0.02B,95.45%,$0.02B,$0.00B,840.00%,$0.02B,$0.00B,840.00%,$0.02B,$0.01B,254.55%,$0.02B,$0.00B,880.00%,$5,$0,$5,$0,$0,$0,$5,$1,$5,$0,$5,$5,$5,$5,$5,$13,13,$0.39,$0.39,$8,$0,$0,$8,$0,$1,$0,$0,$1,$9,$8,$0,$0,$0,$8,$0,$1,$0,$1,$9,$0,$0,$21,$21,$0,$0,$0,$0,$0,$21,$0,$0,$0,$0,$-0,$-0,$0,$-0,$0,$0,$0,$0,$0,$-20,$0,$-20,$1,$0,$-20
19,2013-10-31,16.28,$0.26,63.38,$1.65,9.84,$3.98,4.09,$1.58,10.31,$0.01B,$0.01B,1.49,$0.00B,$0.00B,0.0,$0.02B,$0.02B,100.00%,$0.02B,$0.02B,100.00%,$0.02B,$0.02B,95.45%,$0.02B,$0.02B,100.00%,$0.02B,$0.02B,95.45%,$0.02B,$0.02B,95.45%,$0.02B,$0.00B,840.00%,$0.02B,$0.00B,840.00%,$0.02B,$0.01B,262.50%,$0.02B,$0.00B,880.00%,$6,$0,$6,$0,$0,$0,$6,$-0,$6,$0,$6,$6,$6,$6,$6,$13,13,$0.47,$0.47,$8,$0,$0,$10,$0,$0,$0,$0,$0,$10,$7,$0,$0,$0,$7,$0,$3,$0,$3,$10,$0,$0,$14,$14,$0,$0,$0,$0,$0,$14,$0,$0,$0,$0,$0,$0,$0,$0,$0,$0,$0,$0,$0,$-14,$0,$-14,$0,$0,$-14
20,2013-07-31,12.5,$0.30,41.79,$2.07,6.04,$4.77,2.62,$2.00,6.25,$0.01B,$0.01B,1.63,$0.00B,$0.00B,0.0,$0.03B,$0.03B,100.00%,$0.03B,$0.03B,100.00%,$0.03B,$0.03B,96.43%,$0.03B,$0.03B,100.00%,$0.03B,$0.03B,96.43%,$0.03B,$0.03B,96.43%,$0.03B,$0.00B,1080.00%,$0.03B,$0.00B,1080.00%,$0.03B,$0.01B,270.00%,$0.03B,$0.00B,1120.00%,$8,$0,$8,$0,$0,$0,$8,$-0,$8,$0,$8,$8,$8,$8,$8,$13,13,$0.58,$0.58,$7,$0,$0,$10,$0,$0,$0,$0,$0,$10,$6,$0,$0,$0,$6,$0,$4,$0,$4,$10,$0,$0,$7,$7,$0,$0,$0,$0,$0,$7,$0,$0,$0,$0,$0,$0,$0,$0,$0,$0,$0,$0,$0,$-7,$0,$-7,$-1,$0,$-7
21,2013-04-30,14.42,$0.18,81.02,$2.32,6.22,$4.97,2.9,$2.25,6.41,$0.00B,$0.00B,2.81,$0.00B,$0.00B,0.0,$0.03B,$0.03B,100.00%,$0.03B,$0.03B,100.00%,$0.03B,$0.03B,96.77%,$0.03B,$0.03B,100.00%,$0.03B,$0.03B,96.77%,$0.03B,$0.03B,96.77%,$0.03B,$0.00B,1000.00%,$0.03B,$0.00B,1000.00%,$0.03B,$0.00B,266.67%,$0.03B,$0.00B,1033.33%,$3,$0,$3,$0,$0,$0,$3,$-0,$2,$0,$2,$2,$2,$3,$3,$13,13,$0.17,$0.17,$2,$0,$0,$3,$0,$0,$0,$0,$0,$4,$1,$0,$0,$0,$1,$0,$2,$0,$2,$4,$0,$0,$1,$1,$0,$0,$0,$0,$0,$1,$0,$0,$0,$0,$0,$0,$0,$0,$0,$0,$0,$0,$0,$-6,$0,$-6,$-6,$0,$-6
22,2013-01-31,16.56,$0.00,0.0,$2.41,6.88,$4.96,3.34,$3.08,5.38,$0.01B,$0.01B,1.15,$0.00B,$0.00B,0.0,$0.03B,$0.03B,100.00%,$0.03B,$0.03B,100.00%,$0.03B,$0.03B,96.88%,$0.03B,$0.03B,100.00%,$0.03B,$0.03B,96.88%,$0.03B,$0.03B,96.88%,$0.03B,$0.00B,885.71%,$0.03B,$0.00B,885.71%,$0.03B,$0.01B,269.57%,$0.03B,$0.00B,914.29%,$5,$0,$5,$0,$0,$0,$5,$0,$5,$0,$5,$5,$5,$5,$4,$13,13,$0.36,$0.36,$7,$0,$0,$7,$0,$0,$0,$0,$0,$8,$6,$0,$0,$0,$6,$0,$1,$0,$1,$8,$0,$0,$31,$31,$0,$0,$0,$0,$0,$31,$0,$0,$0,$0,$-0,$-0,$0,$-0,$0,$0,$0,$0,$0,$-34,$0,$-34,$-4,$0,$-34
23,2012-10-31,17.3,$0.22,80.38,$2.53,6.85,$5.15,3.36,$3.20,5.41,$0.02B,$0.02B,1.16,$0.00B,$0.00B,0.0,$0.03B,$0.03B,100.00%,$0.03B,$0.03B,100.00%,$0.03B,$0.03B,97.06%,$0.03B,$0.03B,100.00%,$0.03B,$0.03B,94.12%,$0.03B,$0.03B,94.12%,$0.03B,$0.00B,914.29%,$0.03B,$0.00B,914.29%,$0.03B,$0.02B,261.22%,$0.03B,$0.00B,971.43%,$12,$0,$12,$0,$0,$0,$12,$-0,$12,$0,$12,$12,$12,$12,$12,$13,13,$0.89,$0.89,$15,$0,$0,$17,$0,$0,$0,$0,$0,$18,$15,$0,$0,$0,$15,$0,$3,$0,$3,$18,$0,$0,$24,$24,$0,$0,$0,$0,$0,$24,$0,$0,$0,$0,$-0,$-0,$0,$-0,$0,$0,$0,$0,$0,$-19,$0,$-19,$5,$0,$-19
24,2012-07-31,16.4,$0.46,35.71,$2.69,6.09,$3.94,4.16,$3.36,4.88,$0.01B,$0.01B,1.65,$0.00B,$0.01B,0.0,$0.04B,$0.04B,100.00%,$0.04B,$0.04B,100.00%,$0.04B,$0.04B,97.22%,$0.04B,$0.04B,100.00%,$0.04B,$0.03B,94.44%,$0.04B,$0.03B,94.44%,$0.03B,$0.01B,850.00%,$0.03B,$0.01B,850.00%,$0.03B,$0.02B,266.67%,$0.04B,$0.01B,900.00%,$11,$0,$11,$0,$0,$0,$11,$-0,$11,$0,$11,$11,$11,$11,$11,$13,13,$0.83,$0.83,$9,$0,$0,$14,$0,$0,$0,$0,$0,$15,$9,$0,$0,$0,$9,$0,$6,$0,$6,$15,$0,$0,$10,$10,$0,$0,$0,$0,$0,$10,$0,$0,$0,$0,$-0,$-0,$0,$-0,$0,$0,$0,$0,$0,$-11,$0,$-11,$-1,$0,$-11
25,2012-04-30,18.79,$0.27,69.45,$2.64,7.13,$3.85,4.88,$3.30,5.69,$0.00B,$0.00B,4.29,$0.00B,$0.00B,0.0,$0.04B,$0.04B,100.00%,$0.04B,$0.04B,100.00%,$0.04B,$0.03B,97.14%,$0.04B,$0.04B,100.00%,$0.04B,$0.03B,94.29%,$0.04B,$0.03B,94.29%,$0.03B,$0.00B,825.00%,$0.03B,$0.00B,825.00%,$0.03B,$0.01B,258.82%,$0.04B,$0.00B,875.00%,$4,$0,$4,$0,$0,$0,$4,$-0,$3,$0,$3,$3,$3,$4,$4,$13,13,$0.26,$0.26,$1,$0,$0,$4,$0,$0,$0,$0,$0,$5,$1,$0,$0,$0,$1,$0,$4,$0,$4,$5,$0,$0,$1,$1,$0,$0,$0,$0,$0,$1,$0,$0,$0,$0,$0,$0,$0,$0,$0,$0,$0,$0,$0,$-10,$0,$-10,$-9,$0,$-10
26,2012-01-31,19.71,$0.00,0.0,$2.60,7.57,$3.83,5.15,$2.53,7.79,$0.01B,$0.01B,1.06,$0.00B,$0.00B,0.0,$0.03B,$0.03B,100.00%,$0.03B,$0.03B,100.00%,$0.03B,$0.03B,97.06%,$0.03B,$0.03B,100.00%,$0.03B,$0.03B,97.06%,$0.03B,$0.03B,97.06%,$0.03B,$0.00B,880.00%,$0.03B,$0.00B,880.00%,$0.03B,$0.01B,264.00%,$0.03B,$0.00B,906.67%,$7,$0,$7,$0,$0,$0,$7,$0,$6,$0,$6,$6,$6,$7,$6,$13,13,$0.48,$0.48,$10,$0,$0,$11,$0,$0,$0,$0,$0,$11,$10,$0,$0,$0,$10,$0,$1,$0,$1,$11,$0,$0,$33,$33,$0,$0,$0,$0,$0,$33,$0,$0,$0,$0,$0,$0,$0,$0,$0,$0,$0,$0,$0,$-32,$0,$-32,$2,$0,$-32
27,2011-10-31,16.51,$0.36,45.93,$2.52,6.54,$3.62,4.56,$2.45,6.74,$0.02B,$0.02B,1.29,$0.00B,$0.01B,0.0,$0.03B,$0.03B,100.00%,$0.03B,$0.03B,100.00%,$0.03B,$0.03B,96.97%,$0.03B,$0.03B,100.00%,$0.03B,$0.03B,96.97%,$0.03B,$0.03B,96.97%,$0.03B,$0.01B,853.33%,$0.03B,$0.01B,853.33%,$0.03B,$0.02B,261.22%,$0.03B,$0.01B,880.00%,$14,$0,$14,$0,$0,$0,$14,$-0,$14,$0,$14,$14,$14,$14,$14,$13,13,$1.05,$1.05,$0,$0,$0,$20,$0,$0,$0,$0,$0,$20,$15,$0,$0,$0,$15,$0,$5,$0,$5,$20,$0,$0,$8,$8,$0,$0,$0,$0,$0,$8,$0,$0,$0,$0,$0,$0,$0,$0,$0,$0,$0,$0,$0,$-17,$0,$-17,$-9,$0,$-17
28,2011-07-31,17.4,$0.43,40.37,$2.34,7.43,$4.66,3.74,$2.27,7.66,$0.01B,$0.01B,1.61,$0.00B,$0.01B,0.0,$0.03B,$0.03B,100.00%,$0.03B,$0.03B,100.00%,$0.03B,$0.03B,96.77%,$0.03B,$0.03B,100.00%,$0.03B,$0.03B,93.55%,$0.03B,$0.03B,93.55%,$0.03B,$0.01B,828.57%,$0.03B,$0.01B,828.57%,$0.03B,$0.02B,257.78%,$0.03B,$0.01B,885.71%,$10,$0,$10,$0,$0,$0,$10,$-0,$10,$0,$10,$10,$10,$10,$10,$13,13,$0.77,$0.77,$8,$0,$0,$14,$0,$0,$0,$0,$0,$15,$9,$0,$0,$0,$9,$0,$6,$0,$6,$15,$0,$0,$8,$8,$0,$0,$0,$0,$0,$8,$0,$0,$0,$0,$0,$0,$0,$0,$0,$0,$0,$0,$0,$-9,$0,$-9,$-1,$0,$-9
29,2011-04-30,20.03,$0.26,77.41,$2.41,8.31,$4.79,4.18,$2.34,8.56,$0.00B,$0.00B,5.35,$0.00B,$0.00B,0.0,$0.03B,$0.03B,100.00%,$0.03B,$0.03B,100.00%,$0.03B,$0.03B,96.88%,$0.03B,$0.03B,100.00%,$0.03B,$0.03B,93.75%,$0.03B,$0.03B,93.75%,$0.03B,$0.00B,923.08%,$0.03B,$0.00B,923.08%,$0.03B,$0.00B,266.67%,$0.03B,$0.00B,984.62%,$3,$0,$3,$0,$0,$0,$3,$-0,$3,$0,$3,$3,$3,$3,$3,$13,13,$0.23,$0.23,$1,$0,$0,$4,$0,$0,$0,$0,$0,$4,$1,$0,$0,$0,$1,$0,$3,$0,$3,$4,$0,$0,$1,$1,$0,$0,$0,$0,$0,$1,$0,$0,$0,$0,$0,$0,$0,$0,$0,$0,$0,$0,$0,$-9,$0,$-9,$-8,$0,$-9
30,2011-01-31,18.81,$0.00,0.0,$2.54,7.4,$4.75,3.96,$2.47,7.62,$0.01B,$0.01B,1.11,$0.00B,$0.00B,0.0,$0.03B,$0.03B,100.00%,$0.03B,$0.03B,100.00%,$0.03B,$0.03B,97.06%,$0.03B,$0.03B,100.00%,$0.03B,$0.03B,94.12%,$0.03B,$0.03B,94.12%,$0.03B,$0.00B,914.29%,$0.03B,$0.00B,914.29%,$0.03B,$0.01B,266.67%,$0.03B,$0.00B,971.43%,$6,$0,$6,$0,$0,$0,$6,$0,$5,$0,$5,$5,$5,$6,$5,$13,13,$0.40,$0.40,$9,$0,$0,$10,$0,$0,$0,$0,$0,$10,$9,$0,$0,$0,$9,$0,$1,$0,$1,$10,$0,$0,$30,$30,$0,$0,$0,$0,$0,$30,$0,$0,$0,$0,$1,$1,$0,$1,$0,$0,$0,$0,$0,$-31,$0,$-31,$0,$0,$-31
31,2010-10-31,22.97,$0.32,71.02,$2.63,8.72,$3.74,6.15,$2.57,8.94,$0.02B,$0.01B,1.35,$0.00B,$0.00B,0.0,$0.04B,$0.04B,100.00%,$0.04B,$0.04B,100.00%,$0.04B,$0.03B,97.14%,$0.04B,$0.04B,100.00%,$0.04B,$0.03B,97.14%,$0.04B,$0.03B,97.14%,$0.03B,$0.00B,971.43%,$0.03B,$0.00B,971.43%,$0.03B,$0.02B,277.55%,$0.04B,$0.00B,1000.00%,$12,$0,$12,$0,$0,$0,$12,$-0,$11,$0,$11,$11,$11,$12,$12,$13,13,$0.87,$0.87,$13,$0,$0,$16,$0,$0,$0,$0,$0,$16,$12,$0,$0,$0,$12,$0,$4,$0,$4,$16,$0,$0,$22,$22,$0,$0,$0,$0,$0,$22,$0,$0,$0,$0,$1,$1,$0,$1,$0,$0,$0,$0,$0,$-19,$0,$-19,$4,$0,$-19
32,2010-07-31,13.19,$0.36,36.17,$2.14,6.18,$2.74,4.82,$2.07,6.37,$0.02B,$0.01B,1.45,$0.00B,$0.01B,0.0,$0.03B,$0.03B,100.00%,$0.03B,$0.03B,100.00%,$0.03B,$0.03B,96.43%,$0.03B,$0.03B,100.00%,$0.03B,$0.03B,100.00%,$0.03B,$0.03B,100.00%,$0.03B,$0.01B,933.33%,$0.03B,$0.01B,933.33%,$0.03B,$0.02B,280.00%,$0.03B,$0.01B,933.33%,$11,$0,$11,$0,$0,$0,$11,$-0,$11,$0,$11,$11,$11,$11,$11,$13,13,$0.84,$0.84,$11,$0,$0,$15,$0,$0,$0,$0,$0,$15,$11,$0,$0,$0,$11,$0,$5,$0,$5,$15,$0,$0,$10,$10,$0,$0,$0,$0,$0,$10,$0,$0,$0,$0,$1,$1,$0,$1,$0,$0,$0,$0,$0,$-9,$0,$-9,$2,$0,$-9
33,2010-04-30,10.38,$0.33,31.87,$1.31,7.91,$2.42,4.3,$1.25,8.3,$0.01B,$0.00B,2.58,$0.00B,$0.00B,0.0,$0.02B,$0.02B,100.00%,$0.02B,$0.02B,100.00%,$0.02B,$0.02B,94.12%,$0.02B,$0.02B,100.00%,$0.02B,$0.02B,100.00%,$0.02B,$0.02B,100.00%,$0.02B,$0.00B,971.43%,$0.02B,$0.00B,971.43%,$0.02B,$0.01B,251.85%,$0.02B,$0.00B,971.43%,$5,$0,$5,$0,$0,$0,$5,$-0,$5,$0,$5,$5,$5,$5,$5,$13,13,$0.37,$0.37,$3,$0,$0,$7,$0,$0,$0,$0,$0,$7,$3,$0,$0,$0,$3,$0,$4,$0,$4,$7,$0,$0,$0,$0,$0,$0,$0,$0,$0,$0,$0,$0,$0,$0,$-1,$-1,$0,$-1,$0,$0,$0,$0,$0,$-7,$0,$-7,$-8,$0,$-7
34,2010-01-31,7.2,$0.09,83.75,$1.01,7.14,$2.80,2.57,$0.95,7.58,$0.01B,$0.01B,0.98,$0.00B,$0.00B,0.0,$0.01B,$0.01B,100.00%,$0.01B,$0.01B,100.00%,$0.01B,$0.01B,92.31%,$0.01B,$0.01B,100.00%,$0.01B,$0.01B,100.00%,$0.01B,$0.01B,100.00%,$0.01B,$0.00B,1733.33%,$0.01B,$0.00B,1733.33%,$0.01B,$0.01B,192.59%,$0.01B,$0.00B,1733.33%,$7,$0,$7,$0,$0,$0,$7,$0,$7,$0,$7,$7,$7,$7,$6,$13,13,$0.50,$0.50,$9,$0,$0,$10,$0,$1,$0,$0,$1,$11,$10,$0,$0,$0,$10,$0,$1,$0,$1,$11,$0,$0,$17,$17,$0,$0,$0,$0,$0,$17,$0,$0,$0,$0,$-2,$-2,$0,$-2,$0,$0,$0,$0,$0,$-9,$0,$-9,$6,$0,$-9
35,2009-10-31,5.02,$0.14,35.74,$0.73,6.91,$4.01,1.25,$0.66,7.61,$0.01B,$0.01B,1.35,$0.00B,$0.00B,0.0,$0.01B,$0.01B,100.00%,$0.01B,$0.01B,100.00%,$0.01B,$0.01B,88.89%,$0.01B,$0.01B,100.00%,$0.01B,$0.01B,100.00%,$0.01B,$0.01B,100.00%,$0.01B,$0.00B,600.00%,$0.01B,$0.00B,600.00%,$0.01B,$0.01B,171.43%,$0.01B,$0.00B,600.00%,$5,$0,$5,$0,$0,$0,$5,$-0,$5,$0,$5,$5,$5,$5,$5,$13,13,$0.37,$0.37,$5,$0,$0,$7,$0,$0,$0,$0,$0,$7,$5,$0,$0,$0,$5,$0,$2,$0,$2,$7,$0,$0,$9,$9,$0,$0,$0,$0,$0,$9,$0,$0,$0,$0,$-1,$-1,$0,$-1,$0,$0,$0,$0,$0,$-6,$0,$-6,$2,$0,$-6
36,2009-07-31,5.34,$-0.01,-407.39,$1.24,4.3,$5.72,0.93,$1.18,4.52,$0.00B,$0.00B,0.94,$0.00B,$0.00B,0.0,$0.02B,$0.02B,100.00%,$0.02B,$0.02B,100.00%,$0.02B,$0.02B,93.75%,$0.02B,$0.02B,100.00%,$0.02B,$0.02B,100.00%,$0.02B,$0.02B,100.00%,$0.02B,$0.00B,1066.67%,$0.02B,$0.00B,1066.67%,$0.02B,$0.00B,193.94%,$0.02B,$0.00B,1066.67%,$0,$0,$0,$0,$0,$0,$0,$-0,$0,$0,$0,$0,$0,$0,$0,$13,13,$0.02,$0.02,$2,$0,$0,$2,$0,$0,$0,$0,$0,$2,$3,$0,$0,$0,$3,$0,$-0,$0,$-0,$2,$0,$0,$6,$6,$0,$0,$0,$0,$0,$6,$0,$0,$0,$0,$-1,$-1,$0,$-1,$0,$0,$0,$0,$0,$-6,$0,$-6,$-1,$0,$-6
37,2009-04-30,4.76,$-0.03,-159.11,$2.49,1.91,$6.41,0.74,$2.42,1.97,$0.01B,$0.01B,0.95,$0.00B,$0.00B,0.0,$0.03B,$0.03B,100.00%,$0.03B,$0.03B,100.00%,$0.03B,$0.03B,96.97%,$0.03B,$0.03B,100.00%,$0.03B,$0.03B,100.00%,$0.03B,$0.03B,100.00%,$0.03B,$0.00B,1015.38%,$0.03B,$0.00B,1015.38%,$0.03B,$0.01B,258.82%,$0.03B,$0.00B,1015.38%,$1,$0,$1,$0,$0,$0,$1,$-0,$1,$0,$1,$1,$1,$1,$1,$13,13,$0.06,$0.06,$6,$0,$0,$7,$0,$0,$0,$0,$0,$7,$8,$0,$0,$0,$8,$0,$-0,$0,$-0,$7,$0,$0,$5,$5,$0,$0,$0,$0,$0,$5,$0,$0,$0,$0,$-1,$-1,$0,$-1,$0,$0,$0,$0,$0,$-1,$0,$-1,$3,$0,$-1
38,2009-01-31,4.01,$0.29,13.89,$2.70,1.48,$6.13,0.65,$2.64,1.52,$0.01B,$0.00B,3.44,$0.00B,$0.00B,0.0,$0.04B,$0.04B,100.00%,$0.04B,$0.04B,100.00%,$0.04B,$0.04B,97.22%,$0.04B,$0.04B,100.00%,$0.04B,$0.04B,100.00%,$0.04B,$0.04B,100.00%,$0.04B,$0.00B,847.06%,$0.04B,$0.00B,847.06%,$0.04B,$0.01B,293.88%,$0.04B,$0.00B,847.06%,$3,$0,$3,$0,$0,$0,$3,$0,$3,$0,$3,$3,$3,$3,$2,$13,13,$0.21,$0.21,$3,$0,$0,$5,$0,$0,$0,$0,$0,$5,$2,$0,$0,$0,$2,$0,$4,$0,$4,$5,$0,$0,$33,$33,$0,$0,$0,$0,$0,$33,$0,$0,$0,$0,$0,$0,$0,$0,$0,$0,$0,$0,$0,$-38,$0,$-38,$-5,$0,$-38
39,2008-10-31,6.26,$0.19,33.78,$2.92,2.14,$4.96,1.26,$2.87,2.18,$0.02B,$0.02B,1.15,$0.00B,$0.00B,0.0,$0.04B,$0.04B,100.00%,$0.04B,$0.04B,100.00%,$0.04B,$0.04B,97.44%,$0.04B,$0.04B,100.00%,$0.04B,$0.04B,100.00%,$0.04B,$0.04B,100.00%,$0.04B,$0.00B,1040.00%,$0.04B,$0.00B,1040.00%,$0.04B,$0.02B,300.00%,$0.04B,$0.00B,1040.00%,$12,$0,$12,$0,$0,$0,$12,$-0,$12,$0,$12,$12,$12,$12,$12,$13,13,$0.89,$0.89,$17,$0,$0,$19,$0,$0,$0,$0,$0,$19,$16,$0,$0,$0,$16,$0,$2,$0,$2,$19,$0,$0,$31,$31,$0,$0,$0,$0,$0,$31,$0,$0,$0,$0,$-0,$-0,$0,$-0,$0,$0,$0,$0,$0,$-21,$0,$-21,$10,$0,$-21
40,2008-07-31,11.85,$0.55,21.66,$2.54,4.67,$3.41,3.48,$2.48,4.78,$0.02B,$0.01B,1.54,$0.00B,$0.01B,0.0,$0.03B,$0.03B,100.00%,$0.03B,$0.03B,100.00%,$0.03B,$0.03B,97.06%,$0.03B,$0.03B,100.00%,$0.03B,$0.03B,100.00%,$0.03B,$0.03B,100.00%,$0.03B,$0.01B,850.00%,$0.03B,$0.01B,850.00%,$0.03B,$0.02B,323.81%,$0.03B,$0.01B,850.00%,$17,$0,$17,$0,$0,$0,$17,$-0,$17,$0,$17,$17,$17,$17,$17,$13,13,$1.26,$1.26,$14,$0,$0,$20,$0,$0,$0,$0,$0,$20,$13,$0,$0,$0,$13,$0,$7,$0,$7,$20,$0,$0,$15,$15,$0,$0,$0,$0,$0,$15,$0,$0,$0,$0,$0,$0,$0,$0,$0,$0,$0,$0,$0,$-8,$0,$-8,$7,$0,$-8
41,2008-04-30,10.0,$0.28,35.24,$1.60,6.27,$2.62,3.82,$1.54,6.5,$0.01B,$0.00B,3.17,$0.00B,$0.00B,0.0,$0.02B,$0.02B,100.00%,$0.02B,$0.02B,100.00%,$0.02B,$0.02B,95.24%,$0.02B,$0.02B,100.00%,$0.02B,$0.02B,100.00%,$0.02B,$0.02B,100.00%,$0.02B,$0.00B,763.64%,$0.02B,$0.00B,763.64%,$0.02B,$0.01B,289.66%,$0.02B,$0.00B,763.64%,$4,$0,$4,$0,$0,$0,$4,$-0,$4,$0,$4,$4,$4,$4,$4,$13,13,$0.28,$0.28,$2,$0,$0,$5,$0,$0,$0,$0,$0,$5,$2,$0,$0,$0,$2,$0,$4,$0,$4,$5,$0,$0,$2,$2,$0,$0,$0,$0,$0,$2,$0,$0,$0,$0,$0,$0,$0,$0,$0,$0,$0,$0,$0,$-7,$0,$-7,$-5,$0,$-7
42,2008-01-31,8.67,$0.13,68.57,$1.44,6.03,$2.54,3.41,$1.39,6.24,$0.01B,$0.01B,1.24,$0.00B,$0.00B,0.0,$0.02B,$0.02B,100.00%,$0.02B,$0.02B,100.00%,$0.02B,$0.02B,94.74%,$0.02B,$0.02B,100.00%,$0.02B,$0.02B,100.00%,$0.02B,$0.02B,100.00%,$0.02B,$0.00B,844.44%,$0.02B,$0.00B,844.44%,$0.02B,$0.01B,281.48%,$0.02B,$0.00B,844.44%,$6,$0,$6,$0,$0,$0,$6,$0,$6,$0,$6,$6,$6,$6,$5,$13,13,$0.44,$0.44,$8,$0,$0,$8,$0,$0,$0,$0,$0,$8,$7,$0,$0,$0,$7,$0,$2,$0,$2,$8,$0,$0,$18,$18,$0,$0,$0,$0,$0,$18,$0,$0,$0,$0,$0,$0,$0,$0,$0,$0,$0,$0,$0,$-15,$0,$-15,$3,$0,$-15
43,2007-10-31,8.58,$0.20,42.48,$1.19,7.19,$2.80,3.07,$1.14,7.53,$0.01B,$0.01B,1.42,$0.00B,$0.00B,0.0,$0.02B,$0.02B,100.00%,$0.02B,$0.02B,100.00%,$0.02B,$0.02B,93.75%,$0.02B,$0.02B,100.00%,$0.02B,$0.02B,93.75%,$0.02B,$0.02B,93.75%,$0.02B,$0.00B,750.00%,$0.02B,$0.00B,750.00%,$0.02B,$0.01B,250.00%,$0.02B,$0.00B,800.00%,$7,$0,$7,$0,$0,$0,$7,$-0,$7,$0,$7,$7,$7,$7,$7,$13,13,$0.50,$0.50,$7,$0,$0,$9,$0,$0,$0,$0,$0,$9,$6,$0,$0,$0,$6,$0,$3,$0,$3,$9,$0,$0,$11,$11,$0,$0,$0,$0,$0,$11,$0,$0,$0,$0,$0,$0,$0,$0,$0,$0,$0,$0,$0,$-9,$0,$-9,$2,$0,$-9
44,2007-07-31,7.44,$0.18,41.41,$1.23,6.04,$3.27,2.28,$1.18,6.3,$0.01B,$0.00B,1.56,$0.00B,$0.00B,0.0,$0.02B,$0.02B,100.00%,$0.02B,$0.02B,100.00%,$0.02B,$0.02B,93.75%,$0.02B,$0.02B,100.00%,$0.02B,$0.02B,93.75%,$0.02B,$0.02B,93.75%,$0.02B,$0.00B,750.00%,$0.02B,$0.00B,750.00%,$0.02B,$0.01B,230.77%,$0.02B,$0.00B,800.00%,$4,$0,$4,$0,$0,$0,$4,$-0,$4,$0,$4,$4,$4,$4,$4,$13,13,$0.32,$0.32,$5,$0,$0,$7,$0,$0,$0,$0,$0,$7,$4,$0,$0,$0,$4,$0,$2,$0,$2,$7,$0,$0,$4,$4,$0,$0,$0,$0,$0,$4,$0,$0,$0,$0,$0,$0,$0,$0,$0,$0,$0,$0,$0,$0,$0,$-5,$0,$0,$0
45,2007-04-30,7.87,$0.17,45.93,$1.38,5.72,$3.62,2.17,$1.33,5.92,$0.00B,$0.00B,4.37,$0.00B,$0.00B,0.0,$0.02B,$0.02B,100.00%,$0.02B,$0.02B,100.00%,$0.02B,$0.02B,94.44%,$0.02B,$0.02B,100.00%,$0.02B,$0.02B,94.44%,$0.02B,$0.02B,94.44%,$0.02B,$0.00B,755.56%,$0.02B,$0.00B,755.56%,$0.02B,$0.00B,242.86%,$0.02B,$0.00B,800.00%,$2,$0,$2,$0,$0,$0,$2,$-0,$2,$0,$2,$2,$2,$2,$2,$13,13,$0.13,$0.13,$1,$0,$0,$3,$0,$0,$0,$0,$0,$3,$1,$0,$0,$0,$1,$0,$2,$0,$2,$3,$0,$0,$0,$0,$0,$0,$0,$0,$0,$0,$0,$0,$0,$0,$0,$0,$0,$0,$0,$0,$0,$0,$0,$0,$0,$-4,$-4,$0,$0
46,2007-01-31,9.58,$0.09,110.28,$1.36,7.02,$3.89,2.46,$1.31,7.32,$0.01B,$0.00B,1.27,$0.00B,$0.00B,0.0,$0.02B,$0.02B,100.00%,$0.02B,$0.02B,100.00%,$0.02B,$0.02B,94.44%,$0.02B,$0.02B,100.00%,$0.02B,$0.02B,88.89%,$0.02B,$0.02B,88.89%,$0.02B,$0.00B,640.00%,$0.02B,$0.00B,640.00%,$0.02B,$0.01B,200.00%,$0.02B,$0.00B,720.00%,$3,$0,$3,$0,$0,$0,$3,$0,$2,$0,$2,$2,$2,$3,$2,$13,13,$0.19,$0.19,$5,$0,$0,$5,$0,$0,$0,$0,$0,$5,$4,$0,$0,$0,$4,$0,$1,$0,$1,$5,$0,$0,$21,$21,$0,$0,$0,$0,$0,$21,$0,$0,$0,$0,$-0,$-0,$0,$-0,$0,$0,$0,$0,$0,$-23,$0,$-23,$-2,$0,$-23
47,2006-10-31,8.83,$0.22,40.86,$1.77,4.98,$3.82,2.31,$1.71,5.16,$0.01B,$0.01B,1.37,$0.00B,$0.00B,0.0,$0.02B,$0.02B,100.00%,$0.02B,$0.02B,100.00%,$0.02B,$0.02B,95.65%,$0.02B,$0.02B,100.00%,$0.02B,$0.02B,95.65%,$0.02B,$0.02B,95.65%,$0.02B,$0.00B,628.57%,$0.02B,$0.00B,628.57%,$0.02B,$0.01B,231.58%,$0.02B,$0.00B,657.14%,$7,$0,$7,$0,$0,$0,$7,$-0,$7,$0,$7,$7,$7,$7,$7,$13,13,$0.54,$0.54,$9,$0,$0,$11,$0,$0,$0,$0,$0,$11,$8,$0,$0,$0,$8,$0,$3,$0,$3,$11,$0,$0,$17,$17,$0,$0,$0,$0,$0,$17,$0,$0,$0,$0,$-0,$-0,$0,$-0,$0,$0,$0,$0,$0,$-15,$0,$-15,$1,$0,$-15
