,Date,Stock Price,Book Value per Share,Price to Book Ratio,TTM Sales per Share,Price to Sales Ratio,TTM FCF per Share,Price to FCF Ratio,TTM Net EPS,PE Ratio,Current Assets,Current Liabilities,Current Ratio,Long Term Debt,Shareholder's Equity_x,Debt to Equity Ratio,TTM Revenue_x,TTM Gross Profit,Gross Margin,TTM Revenue_y,TTM Operating Income,Operating Margin,TTM Revenue_x,TTM EBIT,EBIT Margin,TTM Revenue_y,TTM EBITDA,EBITDA Margin,TTM Revenue_x,TTM Pre-Tax Income,Pre-Tax Margin,TTM Revenue_y,TTM Net Income_x,Net Margin,TTM Net Income_y,Shareholder's Equity_y,Return on Equity,TTM Net Income_x,Tangible Equity,Return on Tangible Equity,TTM Net Income_y,Total Assets,Return on Assets,TTM Net Income,LT Investments & Debt,Return on Investment,revenue,cost-goods-sold,gross-profit,research-development-expenses,selling-general-administrative-expenses,operating-expenses,operating-income,total-non-operating-income-expense,pre-tax-income,total-provision-income-taxes,income-after-taxes,income-from-continuous-operations,net-income,ebitda,ebit,basic-shares-outstanding,shares-outstanding,eps-basic-net-earnings-per-share,eps-earnings-per-share-diluted,cash-on-hand,inventory,other-current-assets,total-current-assets,net-property-plant-equipment,long-term-investments,goodwill-intangible-assets-total,other-long-term-assets,total-long-term-assets,total-assets,total-current-liabilities,long-term-debt,other-non-current-liabilities,total-long-term-liabilities,total-liabilities,common-stock-net,retained-earnings-accumulated-deficit,comprehensive-income,total-share-holder-equity,total-liabilities-share-holders-equity,net-income-loss,total-depreciation-amortization-cash-flow,other-non-cash-items,total-non-cash-items,change-in-accounts-receivable,change-in-inventories,change-in-accounts-payable,change-in-assets-liabilities,total-change-in-assets-liabilities,cash-flow-from-operating-activities,net-change-in-property-plant-equipment,net-change-in-intangible-assets,net-acquisitions-divestitures,net-change-in-short-term-investments,net-change-in-long-term-investments,net-change-in-investments-total,investing-activities-other,cash-flow-from-investing-activities,net-long-term-debt,net-current-debt,debt-issuance-retirement-net-total,net-common-equity-issued-repurchased,net-total-equity-issued-repurchased,total-common-preferred-stock-dividends-paid,financial-activities-other,cash-flow-from-financial-activities,net-cash-flow,stock-based-compensation,common-stock-dividends-paid
0,2018-09-30,20.4,$12.70,1.61,$4.30,4.74,$1.93,10.56,$0.71,28.73,$0.52B,$0.44B,1.19,$0.08B,$0.07B,1.14,$0.02B,$0.02B,83.33%,$0.02B,$0.01B,29.17%,$0.02B,0,0.00%,$0.02B,0,0.00%,$0.02B,$0.01B,29.17%,$0.02B,$0.00B,12.50%,$0.00B,$0.07B,4.26%,$0.00B,$0.07B,4.26%,$0.00B,$0.59B,0.52%,$0.01B,$0.15B,5.19%,$6,$1,$5,$0,$3,$5,$2,$0,$2,$1,$1,$1,$1,$0,$0,$5,5,$0.25,$0.24,$22,$0,$0,$519,$8,$47,$0,$16,$72,$590,$438,$80,$3,$83,$520,$0,$25,$0,$70,$590,$4,$0,$0,$1,$-0,$0,$0,$-0,$-0,$4,$-0,$0,$0,$0,$-7,$-7,$-22,$-28,$42,$0,$42,$-5,$-5,$-2,$-11,$24,$-0,$0,$-2
1,2018-06-30,21.5,$12.43,1.73,$4.07,5.29,$1.78,12.11,$0.68,31.62,$0.53B,$0.45B,1.18,$0.08B,$0.07B,1.2,$0.02B,$0.02B,82.61%,$0.02B,$0.01B,26.09%,$0.02B,0,0.00%,$0.02B,0,0.00%,$0.02B,$0.01B,26.09%,$0.02B,$0.00B,13.04%,$0.00B,$0.07B,4.21%,$0.00B,$0.07B,4.21%,$0.00B,$0.60B,0.53%,$0.01B,$0.15B,4.52%,$6,$1,$5,$0,$3,$4,$2,$0,$2,$0,$1,$1,$1,$0,$0,$5,5,$0.23,$0.23,$16,$0,$0,$528,$8,$49,$0,$16,$73,$601,$449,$82,$2,$84,$533,$0,$23,$0,$69,$601,$2,$0,$0,$1,$-0,$0,$0,$-1,$-1,$2,$-0,$0,$0,$0,$-8,$-8,$-36,$-45,$45,$0,$45,$-5,$-5,$-2,$-0,$37,$-6,$0,$-2
2,2018-03-31,17.54,$12.63,1.39,$3.83,4.58,$1.74,10.09,$0.58,30.24,$0.50B,$0.43B,1.15,$0.06B,$0.07B,0.83,$0.02B,$0.02B,81.82%,$0.02B,$0.01B,22.73%,$0.02B,0,0.00%,$0.02B,0,0.00%,$0.02B,$0.01B,22.73%,$0.02B,$0.00B,13.64%,$0.00B,$0.07B,4.12%,$0.00B,$0.07B,4.12%,$0.00B,$0.56B,0.55%,$0.01B,$0.13B,4.05%,$6,$1,$5,$0,$3,$4,$1,$0,$1,$0,$1,$1,$1,$0,$0,$5,6,$0.19,$0.19,$17,$0,$0,$500,$9,$39,$0,$16,$64,$564,$434,$58,$2,$60,$494,$0,$25,$0,$70,$564,$1,$0,$0,$0,$-0,$0,$0,$-1,$-1,$0,$-0,$0,$0,$0,$1,$1,$-8,$-6,$20,$0,$20,$-4,$-4,$0,$-15,$1,$-5,$0,$0
3,2017-12-31,17.39,$12.66,1.37,$3.61,4.82,$1.82,9.53,$0.49,35.49,$0.50B,$0.45B,1.11,$0.04B,$0.07B,0.52,$0.02B,$0.02B,85.00%,$0.02B,$0.01B,25.00%,$0.02B,0,0.00%,$0.02B,0,0.00%,$0.02B,$0.01B,25.00%,$0.02B,$0.00B,15.00%,$0.00B,$0.07B,4.07%,$0.00B,$0.07B,4.07%,$0.00B,$0.56B,0.57%,$0.01B,$0.11B,4.09%,$6,$1,$5,$0,$3,$4,$2,$0,$2,$1,$0,$0,$0,$0,$0,$6,6,$0.05,$0.04,$22,$0,$0,$497,$9,$41,$0,$16,$66,$563,$449,$38,$3,$41,$490,$0,$24,$0,$73,$563,$3,$0,$2,$2,$-0,$0,$0,$0,$-0,$5,$-0,$0,$0,$0,$5,$5,$-106,$-102,$15,$0,$15,$-1,$-1,$-2,$87,$98,$1,$1,$-2
4,2017-09-30,17.44,$12.58,1.39,$3.34,5.22,$1.22,14.3,$0.53,32.91,$0.47B,$0.40B,1.19,$0.07B,$0.07B,0.94,$0.02B,$0.02B,88.89%,$0.02B,$0.00B,22.22%,$0.02B,0,0.00%,$0.02B,0,0.00%,$0.02B,$0.00B,22.22%,$0.02B,$0.00B,16.67%,$0.00B,$0.07B,4.07%,$0.00B,$0.07B,4.07%,$0.00B,$0.54B,0.60%,$0.00B,$0.14B,3.38%,$5,$1,$4,$0,$3,$4,$1,$0,$1,$-0,$1,$1,$1,$0,$0,$6,6,$0.21,$0.21,$9,$0,$0,$472,$9,$44,$0,$17,$70,$542,$398,$68,$3,$72,$469,$0,$23,$-0,$73,$542,$2,$0,$1,$1,$-0,$0,$0,$-0,$-1,$3,$-0,$0,$0,$0,$1,$1,$-94,$-93,$46,$0,$46,$-1,$-1,$-2,$35,$77,$-13,$0,$-2
5,2017-06-30,16.65,$13.07,1.27,$3.05,5.47,$0.75,22.31,$0.37,45.0,$0.44B,$0.39B,1.12,$0.04B,$0.08B,0.52,$0.02B,$0.02B,88.24%,$0.02B,$0.00B,17.65%,$0.02B,0,0.00%,$0.02B,0,0.00%,$0.02B,$0.00B,17.65%,$0.02B,$0.00B,11.76%,$0.00B,$0.08B,2.71%,$0.00B,$0.08B,2.71%,$0.00B,$0.51B,0.42%,$0.00B,$0.11B,2.80%,$5,$1,$4,$0,$3,$4,$1,$0,$1,$0,$1,$1,$1,$0,$0,$6,6,$0.13,$0.13,$9,$0,$0,$437,$9,$45,$0,$17,$70,$507,$390,$39,$3,$42,$432,$0,$25,$-0,$75,$507,$1,$0,$1,$1,$-0,$0,$0,$-0,$-0,$2,$-0,$0,$0,$0,$1,$1,$-59,$-58,$16,$0,$16,$0,$0,$0,$28,$44,$-12,$0,$0
6,2017-03-31,15.74,$12.93,1.22,$2.86,5.51,$0.69,22.89,$0.28,56.23,$0.41B,$0.36B,1.16,$0.05B,$0.07B,0.66,$0.02B,$0.01B,87.50%,$0.02B,$0.00B,12.50%,$0.02B,0,0.00%,$0.02B,0,0.00%,$0.02B,$0.00B,12.50%,$0.02B,$0.00B,6.25%,$0.00B,$0.07B,1.36%,$0.00B,$0.07B,1.36%,$0.00B,$0.48B,0.23%,$0.00B,$0.12B,1.94%,$4,$1,$4,$0,$3,$4,$1,$0,$1,$0,$1,$1,$1,$0,$0,$6,6,$0.10,$0.10,$11,$0,$0,$411,$9,$45,$0,$17,$71,$482,$355,$49,$4,$53,$408,$0,$24,$-0,$74,$482,$1,$0,$0,$0,$0,$0,$0,$0,$0,$1,$-0,$0,$0,$0,$0,$0,$-31,$-31,$27,$0,$27,$0,$0,$0,$-7,$19,$-10,$0,$0
7,2016-12-31,14.03,$12.81,1.1,$2.65,5.29,$0.62,22.8,$0.21,66.79,$0.39B,$0.36B,1.08,$0.02B,$0.07B,0.31,$0.02B,$0.01B,86.67%,$0.02B,$0.00B,6.67%,$0.02B,0,0.00%,$0.02B,0,0.00%,$0.02B,$0.00B,6.67%,$0.02B,0,0.00%,$0.00B,$0.07B,0.00%,$0.00B,$0.07B,0.00%,$0.00B,$0.46B,0.00%,$0.00B,$0.10B,1.03%,$4,$1,$4,$0,$3,$3,$1,$0,$1,$0,$0,$0,$0,$0,$0,$6,6,$0.09,$0.08,$21,$0,$0,$391,$9,$46,$0,$16,$71,$462,$362,$23,$3,$26,$388,$0,$23,$-0,$73,$462,$1,$0,$1,$1,$-0,$0,$0,$-0,$-0,$2,$-1,$0,$0,$0,$35,$35,$-112,$-79,$-10,$0,$-10,$-5,$-5,$0,$100,$85,$9,$0,$0
8,2016-09-30,12.89,$12.71,1.01,$2.51,5.14,$0.58,22.3,$0.12,107.43,$0.36B,$0.34B,1.08,$0.02B,$0.07B,0.31,$0.01B,$0.01B,85.71%,$0.01B,0,0.00%,$0.01B,0,0.00%,$0.01B,0,0.00%,$0.01B,0,0.00%,$0.01B,0,0.00%,$0.00B,$0.07B,0.00%,$0.00B,$0.07B,0.00%,$0.00B,$0.43B,0.00%,$0.00B,$0.10B,0.00%,$4,$1,$3,$0,$3,$3,$0,$0,$0,$0,$0,$0,$0,$0,$0,$6,6,$0.05,$0.05,$32,$0,$0,$362,$9,$46,$0,$16,$71,$434,$335,$23,$4,$26,$361,$0,$23,$-0,$73,$434,$1,$0,$1,$1,$0,$0,$0,$0,$0,$2,$-1,$0,$0,$0,$35,$35,$-73,$-40,$-10,$0,$-10,$-5,$-5,$0,$72,$57,$19,$0,$0
9,2016-06-30,13.16,$12.66,1.04,$2.43,5.42,$0.68,19.38,$0.07,187.98,$0.32B,$0.29B,1.1,$0.02B,$0.08B,0.3,$0.01B,$0.01B,92.31%,$0.01B,0,0.00%,$0.01B,0,0.00%,$0.01B,0,0.00%,$0.01B,0,0.00%,$0.01B,0,0.00%,$0.00B,$0.08B,0.00%,$0.00B,$0.08B,0.00%,$0.00B,$0.40B,0.00%,$0.00B,$0.10B,0.00%,$4,$1,$3,$0,$3,$4,$0,$0,$0,$0,$0,$0,$0,$0,$0,$6,6,$0.04,$0.04,$29,$0,$0,$322,$8,$55,$0,$10,$73,$396,$294,$23,$4,$27,$321,$0,$23,$-0,$75,$396,$0,$0,$0,$0,$0,$0,$0,$1,$1,$2,$-0,$0,$0,$0,$26,$26,$-30,$-5,$-10,$0,$-10,$-1,$-1,$0,$31,$20,$16,$0,$0
10,2016-03-31,12.27,$12.86,0.95,$2.31,5.31,$0.37,32.99,$0.03,408.87,$0.29B,$0.28B,1.04,$0.02B,$0.08B,0.3,$0.01B,$0.01B,100.00%,$0.01B,0,0.00%,$0.01B,0,0.00%,$0.01B,0,0.00%,$0.01B,0,0.00%,$0.01B,0,0.00%,$0.00B,$0.08B,0.00%,$0.00B,$0.08B,0.00%,$0.00B,$0.38B,0.00%,$0.00B,$0.10B,0.00%,$3,$1,$3,$0,$3,$3,$0,$0,$0,$0,$0,$0,$0,$0,$0,$6,6,$0.03,$0.03,$15,$0,$0,$287,$8,$75,$0,$11,$94,$380,$277,$23,$4,$27,$304,$0,$22,$-0,$77,$380,$0,$0,$0,$0,$0,$0,$0,$0,$0,$1,$-0,$0,$0,$0,$6,$6,$-9,$-3,$-10,$0,$-10,$0,$0,$0,$14,$4,$2,$0,$0
11,2015-12-31,11.93,$12.83,0.93,$2.27,5.26,$0.29,41.13,$0.04,339.82,$0.28B,$0.26B,1.05,$0.03B,$0.08B,0.43,$0.01B,$0.01B,100.00%,$0.01B,0,0.00%,$0.01B,0,0.00%,$0.01B,0,0.00%,$0.01B,0,0.00%,$0.01B,0,0.00%,$0.00B,$0.08B,0.00%,$0.00B,$0.08B,0.00%,$0.00B,$0.38B,0.00%,$0.00B,$0.11B,0.00%,$3,$1,$3,$0,$3,$3,$-0,$0,$-0,$-0,$0,$0,$0,$0,$0,$6,6,$0.00,$0.01,$12,$0,$0,$276,$8,$81,$0,$11,$100,$376,$263,$33,$4,$37,$299,$0,$22,$-0,$76,$376,$0,$0,$0,$0,$-0,$0,$0,$0,$0,$1,$-0,$0,$0,$0,$-1,$-1,$-30,$-31,$3,$0,$3,$-0,$-0,$0,$32,$34,$5,$0,$0
12,2015-09-30,11.07,$12.82,0.86,$2.25,4.93,$0.64,17.25,$0.04,315.35,$0.27B,$0.26B,1.05,$0.03B,$0.08B,0.43,$0.01B,$0.01B,100.00%,$0.01B,0,0.00%,$0.01B,0,0.00%,$0.01B,0,0.00%,$0.01B,0,0.00%,$0.01B,0,0.00%,$0.00B,$0.08B,0.00%,$0.00B,$0.08B,0.00%,$0.00B,$0.37B,0.00%,$0.00B,$0.11B,0.00%,$3,$1,$3,$0,$2,$3,$0,$0,$0,$0,$0,$0,$0,$0,$0,$6,6,$0.05,$0.04,$16,$0,$0,$270,$8,$82,$0,$11,$101,$371,$258,$33,$4,$36,$294,$0,$22,$-0,$76,$371,$0,$0,$0,$0,$0,$0,$0,$0,$0,$1,$-0,$0,$0,$0,$-2,$-2,$-20,$-22,$3,$0,$3,$0,$0,$0,$27,$30,$9,$0,$0
13,2015-06-30,12.64,$8.23,1.54,$2.24,5.65,$0.99,12.8,$0.08,160.04,$0.31B,$0.27B,1.18,$0.03B,$0.04B,0.73,$0.01B,$0.01B,100.00%,$0.01B,0,0.00%,$0.01B,0,0.00%,$0.01B,0,0.00%,$0.01B,0,0.00%,$0.01B,0,0.00%,$0.00B,$0.04B,0.00%,$0.00B,$0.04B,0.00%,$0.00B,$0.42B,0.00%,$0.00B,$0.07B,0.00%,$3,$1,$3,$0,$3,$3,$-0,$0,$-0,$-0,$-0,$-0,$-0,$0,$0,$6,6,$-0.01,$-0.01,$67,$0,$0,$314,$8,$83,$0,$11,$103,$417,$265,$30,$3,$33,$376,$1,$22,$-0,$41,$417,$0,$0,$0,$0,$-0,$0,$0,$-0,$-1,$-0,$-0,$0,$0,$0,$-3,$-3,$-13,$-16,$0,$0,$0,$0,$0,$0,$76,$76,$60,$0,$0
14,2015-03-31,10.89,$7.23,1.51,$2.31,4.72,$1.53,7.11,$0.12,88.59,$0.25B,$0.27B,0.93,$0.04B,$0.04B,0.9,$0.01B,$0.01B,100.00%,$0.01B,0,0.00%,$0.01B,0,0.00%,$0.01B,0,0.00%,$0.01B,0,0.00%,$0.01B,0,0.00%,$0.00B,$0.04B,0.00%,$0.00B,$0.04B,0.00%,$0.00B,$0.35B,0.00%,$0.00B,$0.08B,0.00%,$3,$1,$3,$0,$2,$3,$0,$0,$0,$0,$0,$0,$0,$0,$0,$6,6,$0.04,$0.04,$7,$0,$0,$248,$8,$80,$0,$11,$100,$347,$266,$37,$3,$40,$306,$1,$22,$-0,$41,$347,$0,$0,$0,$0,$-0,$0,$0,$-0,$-0,$0,$-0,$0,$0,$0,$-0,$-0,$-8,$-8,$7,$0,$7,$0,$0,$0,$-0,$7,$-1,$0,$0
15,2014-12-31,9.78,$8.19,1.19,$2.33,4.19,$1.63,5.99,$0.13,74.26,$0.24B,$0.27B,0.9,$0.03B,$0.04B,0.73,$0.01B,$0.01B,100.00%,$0.01B,0,0.00%,$0.01B,0,0.00%,$0.01B,0,0.00%,$0.01B,0,0.00%,$0.01B,0,0.00%,$0.00B,$0.04B,0.00%,$0.00B,$0.04B,0.00%,$0.00B,$0.34B,0.00%,$0.00B,$0.07B,0.00%,$3,$1,$3,$0,$3,$3,$-0,$0,$-0,$-0,$-0,$-0,$-0,$0,$0,$6,6,$-0.00,$-0.00,$8,$0,$0,$240,$8,$80,$0,$12,$100,$340,$266,$30,$3,$33,$299,$1,$22,$-0,$41,$340,$1,$0,$0,$1,$0,$0,$0,$1,$1,$3,$-0,$0,$0,$0,$8,$8,$-1,$7,$-4,$0,$-4,$0,$0,$0,$-4,$-8,$2,$0,$0
16,2014-09-30,8.0,$7.20,1.11,$2.34,3.41,$1.24,6.46,$0.18,45.54,$0.24B,$0.27B,0.9,$0.03B,$0.04B,0.78,$0.01B,$0.01B,100.00%,$0.01B,0,0.00%,$0.01B,0,0.00%,$0.01B,0,0.00%,$0.01B,0,0.00%,$0.01B,0,0.00%,$0.00B,$0.04B,0.00%,$0.00B,$0.04B,0.00%,$0.00B,$0.35B,0.00%,$0.00B,$0.07B,0.00%,$3,$1,$3,$0,$2,$3,$0,$0,$0,$0,$0,$0,$0,$0,$0,$6,6,$0.04,$0.04,$9,$0,$0,$243,$8,$83,$0,$11,$103,$345,$269,$32,$3,$35,$304,$1,$22,$-0,$41,$345,$1,$0,$0,$1,$0,$0,$0,$1,$2,$3,$-0,$0,$0,$0,$5,$5,$-2,$3,$-2,$0,$-2,$0,$0,$0,$-1,$-3,$3,$0,$0
17,2014-06-30,7.71,$7.15,1.08,$2.34,3.29,$0.75,10.27,$0.18,43.91,$0.24B,$0.26B,0.91,$0.04B,$0.04B,0.93,$0.01B,$0.01B,100.00%,$0.01B,0,0.00%,$0.01B,0,0.00%,$0.01B,0,0.00%,$0.01B,0,0.00%,$0.01B,0,0.00%,$0.00B,$0.04B,0.00%,$0.00B,$0.04B,0.00%,$0.00B,$0.35B,0.00%,$0.00B,$0.08B,0.00%,$3,$1,$3,$0,$2,$3,$0,$0,$0,$0,$0,$0,$0,$0,$0,$5,5,$0.05,$0.05,$7,$0,$0,$239,$8,$87,$0,$11,$106,$345,$263,$38,$3,$41,$304,$1,$22,$-0,$41,$345,$0,$0,$0,$1,$-0,$0,$0,$1,$1,$2,$-0,$0,$0,$0,$1,$1,$1,$2,$5,$0,$5,$0,$0,$0,$-7,$-2,$2,$0,$0
18,2014-03-31,7.63,$7.09,1.08,$2.25,3.39,$0.65,11.83,$0.17,45.77,$0.24B,$0.27B,0.87,$0.03B,$0.04B,0.74,$0.01B,$0.01B,91.67%,$0.01B,0,0.00%,$0.01B,0,0.00%,$0.01B,0,0.00%,$0.01B,0,0.00%,$0.01B,0,0.00%,$0.00B,$0.04B,0.00%,$0.00B,$0.04B,0.00%,$0.00B,$0.35B,0.00%,$0.00B,$0.07B,0.00%,$3,$1,$3,$0,$2,$3,$0,$0,$0,$0,$0,$0,$0,$0,$0,$6,6,$0.04,$0.04,$5,$0,$0,$237,$9,$87,$0,$13,$108,$345,$272,$30,$3,$33,$305,$1,$21,$-0,$40,$345,$0,$0,$0,$0,$0,$0,$0,$0,$0,$1,$-0,$0,$0,$0,$1,$1,$-0,$0,$-3,$0,$-3,$0,$0,$0,$1,$-2,$-1,$0,$0
19,2013-12-31,7.61,$7.03,1.08,$2.24,3.4,$0.89,8.59,$0.14,54.24,$0.24B,$0.27B,0.88,$0.03B,$0.04B,0.83,$0.01B,$0.01B,83.33%,$0.01B,0,0.00%,$0.01B,0,0.00%,$0.01B,0,0.00%,$0.01B,0,0.00%,$0.01B,0,0.00%,$0.00B,$0.04B,0.00%,$0.00B,$0.04B,0.00%,$0.00B,$0.35B,0.00%,$0.00B,$0.07B,0.00%,$3,$1,$3,$0,$2,$3,$0,$0,$0,$0,$0,$0,$0,$0,$0,$6,6,$0.04,$0.04,$6,$0,$0,$238,$9,$88,$0,$13,$109,$347,$270,$34,$3,$36,$307,$1,$21,$-0,$40,$347,$0,$0,$0,$0,$-0,$0,$0,$-0,$-0,$1,$-0,$0,$0,$0,$-5,$-5,$-8,$-14,$4,$0,$4,$0,$0,$0,$-10,$-6,$-19,$0,$0
20,2013-09-30,6.87,$6.98,0.98,$2.23,3.08,$1.01,6.8,$-0.18,0.0,$0.24B,$0.27B,0.86,$0.03B,$0.04B,0.75,$0.01B,$0.01B,75.00%,$0.01B,$-0.00B,-25.00%,$0.01B,0,0.00%,$0.01B,0,0.00%,$0.01B,$-0.00B,-25.00%,$0.01B,$-0.00B,-16.67%,$-0.00B,$0.04B,-5.06%,$-0.00B,$0.04B,-5.06%,$-0.00B,$0.35B,-0.57%,$-0.00B,$0.07B,-4.48%,$3,$1,$3,$0,$2,$3,$0,$0,$0,$0,$0,$0,$0,$0,$0,$6,6,$0.04,$0.04,$9,$0,$0,$235,$9,$91,$0,$12,$111,$347,$274,$30,$3,$33,$307,$1,$21,$-0,$40,$347,$0,$0,$0,$0,$0,$0,$0,$-0,$-0,$0,$-0,$0,$0,$0,$-8,$-8,$-2,$-10,$0,$0,$0,$0,$0,$0,$-6,$-6,$-16,$0,$0
21,2013-06-30,7.0,$6.92,1.01,$2.25,3.11,$1.13,6.19,$-0.25,0.0,$0.25B,$0.28B,0.89,$0.03B,$0.04B,0.76,$0.01B,$0.01B,75.00%,$0.01B,$-0.00B,-25.00%,$0.01B,0,0.00%,$0.01B,0,0.00%,$0.01B,$-0.00B,-25.00%,$0.01B,$-0.00B,-16.67%,$-0.00B,$0.04B,-5.03%,$-0.00B,$0.04B,-5.03%,$-0.00B,$0.35B,-0.57%,$-0.00B,$0.07B,-4.63%,$3,$1,$2,$0,$2,$3,$0,$0,$0,$0,$0,$0,$0,$0,$0,$6,6,$0.04,$0.04,$25,$0,$0,$249,$9,$83,$0,$12,$103,$353,$280,$30,$3,$33,$313,$1,$21,$-0,$40,$353,$-2,$0,$4,$4,$0,$0,$0,$-1,$-1,$2,$-0,$0,$0,$0,$-30,$-30,$5,$-25,$10,$0,$10,$-0,$-0,$0,$-2,$8,$-15,$0,$0
22,2013-03-31,6.7,$0.00,0.0,$2.65,2.52,$2.21,3.02,$-0.29,0.0,$0.25B,$0.28B,0.89,$0.03B,$0.04B,0.77,$0.01B,$0.01B,83.33%,$0.01B,$-0.00B,-25.00%,$0.01B,0,0.00%,$0.01B,0,0.00%,$0.01B,$-0.00B,-25.00%,$0.01B,$-0.00B,-16.67%,$-0.00B,$0.04B,-5.00%,$-0.00B,$0.04B,-5.00%,$-0.00B,$0.35B,-0.58%,$-0.00B,$0.07B,-4.80%,$3,$1,$2,$0,$2,$3,$0,$0,$0,$0,$0,$0,$0,$0,$0,$6,6,$0.02,$0.02,$18,$0,$0,$250,$0,$82,$0,$13,$95,$354,$282,$30,$3,$33,$315,$1,$20,$0,$39,$354,$-2,$0,$0,$0,$0,$0,$0,$0,$-1,$2,$-0,$0,$0,$0,$0,$-25,$0,$-25,$0,$0,$10,$0,$-0,$0,$-2,$8,$-15,$0,$0
23,2012-12-31,6.39,$0.00,0.0,$2.72,2.35,$2.35,2.72,$-0.27,0.0,$0.25B,$0.28B,0.89,$0.02B,$0.04B,0.51,$0.01B,$0.01B,84.62%,$0.01B,$-0.00B,-23.08%,$0.01B,0,0.00%,$0.01B,0,0.00%,$0.01B,$-0.00B,-23.08%,$0.01B,$-0.00B,-15.38%,$-0.00B,$0.04B,-4.94%,$-0.00B,$0.04B,-4.94%,$-0.00B,$0.34B,-0.58%,$-0.00B,$0.06B,-4.96%,$3,$1,$2,$0,$5,$6,$-3,$0,$-3,$-1,$-2,$-2,$-2,$0,$0,$6,6,$-0.28,$-0.28,$16,$0,$0,$251,$0,$71,$0,$12,$83,$344,$282,$20,$3,$23,$305,$1,$20,$0,$39,$344,$-2,$0,$4,$4,$0,$0,$0,$-1,$-1,$1,$-0,$0,$0,$0,$-19,$-19,$2,$-17,$0,$0,$0,$-0,$-0,$0,$-2,$-2,$-18,$0,$0
24,2012-09-30,5.28,$0.00,0.0,$2.81,1.88,$2.48,2.12,$0.04,120.2,$0.26B,$0.28B,0.91,$0.02B,$0.04B,0.49,$0.01B,$0.01B,85.71%,$0.01B,0,0.00%,$0.01B,0,0.00%,$0.01B,0,0.00%,$0.01B,0,0.00%,$0.01B,0,0.00%,$0.00B,$0.04B,0.00%,$0.00B,$0.04B,0.00%,$0.00B,$0.35B,0.00%,$0.00B,$0.06B,0.00%,$3,$1,$3,$0,$3,$3,$-0,$0,$-0,$-0,$-0,$-0,$-0,$0,$0,$6,6,$-0.02,$-0.02,$19,$0,$0,$259,$0,$67,$0,$11,$78,$346,$283,$20,$2,$22,$306,$1,$22,$0,$41,$346,$-0,$0,$1,$1,$0,$0,$0,$0,$0,$1,$-0,$0,$0,$0,$-15,$-15,$-0,$-15,$0,$0,$0,$-0,$-0,$0,$-1,$-1,$-15,$0,$0
25,2012-06-30,5.25,$7.05,0.74,$2.88,1.83,$2.50,2.1,$0.08,66.52,$0.28B,$0.28B,0.97,$0.02B,$0.04B,0.49,$0.02B,$0.01B,80.00%,$0.02B,0,0.00%,$0.02B,0,0.00%,$0.02B,0,0.00%,$0.02B,0,0.00%,$0.02B,0,0.00%,$0.00B,$0.04B,0.00%,$0.00B,$0.04B,0.00%,$0.00B,$0.35B,0.00%,$0.00B,$0.06B,0.00%,$3,$1,$3,$0,$3,$4,$-0,$0,$-0,$-0,$-0,$-0,$-0,$0,$0,$4,4,$-0.01,$-0.01,$34,$0,$0,$276,$14,$52,$0,$10,$76,$347,$284,$20,$3,$23,$306,$1,$22,$0,$41,$347,$0,$1,$0,$1,$0,$0,$0,$0,$0,$3,$2,$0,$0,$0,$0,$1,$0,$2,$0,$0,$0,$0,$-0,$-0,$-2,$-3,$3,$0,$0
26,2012-03-31,5.4,$0.00,0.0,$2.53,2.13,$1.65,3.28,$0.11,47.36,$0.27B,$0.28B,0.93,$0.02B,$0.04B,0.49,$0.02B,$0.01B,75.00%,$0.02B,0,0.00%,$0.02B,0,0.00%,$0.02B,0,0.00%,$0.02B,0,0.00%,$0.02B,0,0.00%,$0.00B,$0.04B,0.00%,$0.00B,$0.04B,0.00%,$0.00B,$0.35B,0.00%,$0.00B,$0.06B,0.00%,$4,$1,$3,$0,$2,$3,$0,$0,$0,$0,$0,$0,$0,$0,$0,$6,6,$0.04,$0.04,$21,$0,$0,$266,$0,$63,$0,$10,$73,$348,$284,$20,$2,$22,$307,$1,$22,$0,$41,$348,$1,$0,$0,$0,$0,$0,$0,$0,$0,$3,$-0,$0,$0,$0,$0,$-12,$1,$-11,$0,$0,$0,$0,$-0,$0,$-2,$-2,$-10,$0,$0
27,2011-12-31,4.14,$0.00,0.0,$2.60,1.6,$1.80,2.31,$0.11,36.36,$0.27B,$0.29B,0.92,$0.02B,$0.04B,0.49,$0.02B,$0.01B,75.00%,$0.02B,0,0.00%,$0.02B,0,0.00%,$0.02B,0,0.00%,$0.02B,0,0.00%,$0.02B,0,0.00%,$0.00B,$0.04B,0.00%,$0.00B,$0.04B,0.00%,$0.00B,$0.35B,0.00%,$0.00B,$0.06B,0.00%,$4,$1,$3,$0,$2,$3,$0,$0,$0,$0,$0,$0,$0,$0,$0,$6,6,$0.04,$0.04,$19,$0,$0,$265,$0,$66,$0,$10,$76,$350,$287,$20,$2,$22,$310,$1,$22,$0,$41,$350,$0,$0,$0,$0,$0,$0,$0,$0,$-0,$1,$1,$0,$0,$0,$0,$-23,$8,$-14,$0,$0,$0,$0,$-0,$-0,$1,$0,$-12,$0,$0
28,2011-09-30,4.75,$0.00,0.0,$2.65,1.79,$1.89,2.51,$0.10,49.25,$0.27B,$0.29B,0.93,$0.02B,$0.04B,0.49,$0.02B,$0.01B,75.00%,$0.02B,0,0.00%,$0.02B,0,0.00%,$0.02B,0,0.00%,$0.02B,0,0.00%,$0.02B,0,0.00%,$0.00B,$0.04B,0.00%,$0.00B,$0.04B,0.00%,$0.00B,$0.35B,0.00%,$0.00B,$0.06B,0.00%,$4,$1,$3,$0,$3,$4,$0,$0,$0,$0,$0,$0,$0,$0,$0,$6,6,$0.02,$0.02,$20,$0,$0,$268,$0,$67,$0,$10,$77,$354,$288,$20,$5,$25,$313,$1,$22,$0,$41,$354,$0,$0,$0,$0,$0,$0,$0,$0,$0,$1,$-0,$0,$0,$0,$0,$-14,$0,$-14,$0,$0,$0,$0,$-0,$0,$1,$1,$-11,$0,$0
29,2011-06-30,5.09,$0.00,0.0,$2.72,1.88,$1.98,2.57,$0.11,44.68,$0.29B,$0.29B,1.0,$0.02B,$0.04B,0.49,$0.02B,$0.01B,75.00%,$0.02B,0,0.00%,$0.02B,0,0.00%,$0.02B,0,0.00%,$0.02B,0,0.00%,$0.02B,0,0.00%,$0.00B,$0.04B,0.00%,$0.00B,$0.04B,0.00%,$0.00B,$0.35B,0.00%,$0.00B,$0.06B,0.00%,$4,$1,$3,$0,$3,$4,$0,$0,$0,$0,$0,$0,$0,$0,$0,$6,6,$0.03,$0.03,$31,$0,$0,$286,$0,$44,$0,$10,$54,$349,$286,$20,$2,$22,$309,$1,$22,$0,$41,$349,$1,$1,$0,$1,$0,$0,$0,$0,$0,$4,$-0,$0,$0,$0,$0,$15,$2,$17,$0,$0,$0,$0,$-0,$-0,$-10,$-11,$10,$0,$0
30,2011-03-31,5.08,$0.00,0.0,$2.84,1.79,$1.68,3.02,$0.12,41.34,$0.28B,$0.29B,0.98,$0.02B,$0.04B,0.49,$0.02B,$0.01B,75.00%,$0.02B,0,0.00%,$0.02B,0,0.00%,$0.02B,0,0.00%,$0.02B,0,0.00%,$0.02B,0,0.00%,$0.00B,$0.04B,0.00%,$0.00B,$0.04B,0.00%,$0.00B,$0.35B,0.00%,$0.00B,$0.06B,0.00%,$4,$1,$3,$0,$3,$4,$0,$0,$0,$0,$0,$0,$0,$0,$0,$6,6,$0.04,$0.04,$22,$0,$0,$280,$0,$48,$0,$10,$59,$349,$287,$20,$2,$22,$309,$1,$22,$0,$41,$349,$1,$0,$0,$0,$0,$0,$0,$0,$0,$2,$1,$0,$0,$0,$0,$8,$0,$9,$0,$0,$0,$0,$-0,$-0,$-10,$-10,$1,$0,$0
31,2010-12-31,5.45,$0.00,0.0,$2.90,1.88,$1.05,5.21,$0.12,44.35,$0.28B,$0.29B,0.97,$0.02B,$0.04B,0.5,$0.02B,$0.01B,75.00%,$0.02B,0,0.00%,$0.02B,0,0.00%,$0.02B,0,0.00%,$0.02B,0,0.00%,$0.02B,0,0.00%,$0.00B,$0.04B,0.00%,$0.00B,$0.04B,0.00%,$0.00B,$0.35B,0.00%,$0.00B,$0.06B,0.00%,$4,$1,$3,$0,$3,$4,$0,$0,$0,$0,$0,$0,$0,$0,$0,$6,6,$0.02,$0.02,$15,$0,$0,$279,$0,$50,$0,$10,$60,$351,$288,$20,$2,$22,$310,$1,$22,$0,$40,$351,$0,$0,$0,$0,$0,$0,$0,$0,$1,$2,$1,$0,$0,$0,$0,$-0,$0,$0,$0,$0,$0,$0,$-0,$-0,$-9,$-9,$-6,$0,$0
32,2010-09-30,6.87,$0.00,0.0,$2.97,2.32,$0.39,17.74,$0.15,46.05,$0.29B,$0.29B,0.98,$0.02B,$0.04B,0.5,$0.02B,$0.01B,75.00%,$0.02B,0,0.00%,$0.02B,0,0.00%,$0.02B,0,0.00%,$0.02B,0,0.00%,$0.02B,0,0.00%,$0.00B,$0.04B,0.00%,$0.00B,$0.04B,0.00%,$0.00B,$0.36B,0.00%,$0.00B,$0.06B,0.00%,$4,$1,$3,$0,$3,$4,$0,$0,$0,$0,$0,$0,$0,$0,$0,$6,6,$0.04,$0.04,$22,$0,$0,$287,$0,$47,$0,$10,$57,$356,$293,$20,$2,$22,$316,$1,$22,$0,$40,$356,$0,$0,$0,$0,$0,$0,$0,$0,$0,$1,$0,$0,$0,$0,$0,$3,$0,$3,$0,$0,$0,$0,$-0,$0,$-3,$-3,$1,$0,$0
33,2010-06-30,7.21,$0.00,0.0,$3.00,2.4,$0.08,86.86,$0.15,48.32,$0.29B,$0.30B,0.97,$0.02B,$0.04B,0.5,$0.02B,$0.01B,75.00%,$0.02B,0,0.00%,$0.02B,0,0.00%,$0.02B,0,0.00%,$0.02B,0,0.00%,$0.02B,0,0.00%,$0.00B,$0.04B,0.00%,$0.00B,$0.04B,0.00%,$0.00B,$0.36B,0.00%,$0.00B,$0.06B,0.00%,$4,$1,$3,$0,$3,$4,$0,$0,$0,$0,$0,$0,$0,$0,$0,$6,6,$0.04,$0.04,$21,$0,$0,$288,$0,$49,$0,$10,$59,$359,$297,$20,$2,$22,$319,$1,$21,$0,$40,$359,$1,$1,$0,$1,$0,$0,$0,$0,$-2,$1,$0,$0,$0,$0,$0,$5,$-1,$5,$0,$0,$-16,$0,$-2,$0,$24,$6,$12,$0,$0
34,2010-03-31,7.18,$0.00,0.0,$2.98,2.41,$-0.07,0.0,$0.08,90.87,$0.29B,$0.30B,0.99,$0.03B,$0.04B,0.62,$0.02B,$0.01B,68.75%,$0.02B,0,0.00%,$0.02B,0,0.00%,$0.02B,0,0.00%,$0.02B,0,0.00%,$0.02B,0,0.00%,$0.00B,$0.04B,0.00%,$0.00B,$0.04B,0.00%,$0.00B,$0.36B,0.00%,$0.00B,$0.07B,0.00%,$4,$1,$3,$0,$3,$4,$0,$0,$0,$0,$0,$0,$0,$0,$0,$6,6,$0.04,$0.04,$16,$0,$0,$292,$0,$50,$0,$10,$60,$362,$295,$25,$2,$27,$322,$1,$21,$0,$40,$362,$1,$1,$0,$1,$0,$0,$0,$0,$-2,$0,$-0,$0,$0,$0,$0,$-2,$-1,$-3,$0,$0,$-11,$0,$-2,$0,$22,$9,$6,$0,$0
35,2009-12-31,7.21,$0.00,0.0,$3.00,2.4,$-0.01,0.0,$0.06,117.36,$0.29B,$0.30B,0.97,$0.03B,$0.04B,0.62,$0.02B,$0.01B,62.50%,$0.02B,0,0.00%,$0.02B,0,0.00%,$0.02B,0,0.00%,$0.02B,0,0.00%,$0.02B,0,0.00%,$0.00B,$0.04B,0.00%,$0.00B,$0.04B,0.00%,$0.00B,$0.36B,0.00%,$0.00B,$0.07B,0.00%,$4,$2,$3,$0,$2,$4,$0,$0,$0,$0,$0,$0,$0,$0,$0,$6,6,$0.04,$0.04,$13,$0,$0,$289,$0,$54,$0,$10,$64,$364,$297,$25,$2,$27,$324,$1,$21,$0,$40,$364,$0,$0,$0,$0,$0,$0,$0,$0,$-2,$-1,$-0,$0,$0,$0,$0,$-6,$-1,$-7,$0,$0,$-11,$0,$-1,$0,$24,$11,$3,$0,$0
36,2009-09-30,7.88,$0.00,0.0,$2.97,2.66,$0.17,45.73,$0.04,180.01,$0.29B,$0.29B,1.01,$0.03B,$0.04B,0.74,$0.02B,$0.01B,56.25%,$0.02B,0,0.00%,$0.02B,0,0.00%,$0.02B,0,0.00%,$0.02B,0,0.00%,$0.02B,0,0.00%,$0.00B,$0.04B,0.00%,$0.00B,$0.04B,0.00%,$0.00B,$0.36B,0.00%,$0.00B,$0.07B,0.00%,$4,$2,$3,$0,$2,$4,$0,$0,$0,$0,$0,$0,$0,$0,$0,$6,6,$0.04,$0.04,$8,$0,$0,$289,$0,$52,$0,$8,$60,$360,$287,$30,$2,$32,$319,$1,$21,$0,$41,$360,$0,$0,$0,$0,$0,$0,$0,$0,$-1,$-0,$-0,$0,$0,$0,$0,$-9,$0,$-9,$0,$0,$-6,$0,$-0,$-0,$14,$8,$-2,$0,$0
37,2009-06-30,8.11,$0.00,0.0,$2.93,2.77,$0.13,62.34,$0.04,231.71,$0.29B,$0.27B,1.05,$0.04B,$0.04B,0.88,$0.02B,$0.01B,50.00%,$0.02B,0,0.00%,$0.02B,0,0.00%,$0.02B,0,0.00%,$0.02B,0,0.00%,$0.02B,0,0.00%,$0.00B,$0.04B,0.00%,$0.00B,$0.04B,0.00%,$0.00B,$0.35B,0.00%,$0.00B,$0.08B,0.00%,$4,$2,$2,$0,$3,$5,$-0,$0,$-0,$-0,$-0,$-0,$-0,$0,$0,$6,6,$-0.04,$-0.04,$10,$0,$0,$287,$0,$47,$0,$7,$54,$352,$273,$36,$2,$39,$311,$1,$21,$0,$41,$352,$0,$1,$0,$1,$0,$0,$0,$0,$1,$2,$-1,$0,$0,$0,$0,$-38,$-1,$-40,$0,$0,$-1,$0,$-3,$-0,$47,$43,$5,$0,$0
38,2009-03-31,7.1,$0.00,0.0,$2.67,2.66,$-0.17,0.0,$0.08,90.05,$0.30B,$0.27B,1.1,$0.04B,$0.04B,0.87,$0.02B,$0.01B,50.00%,$0.02B,0,0.00%,$0.02B,0,0.00%,$0.02B,0,0.00%,$0.02B,0,0.00%,$0.02B,0,0.00%,$0.00B,$0.04B,0.00%,$0.00B,$0.04B,0.00%,$0.00B,$0.35B,0.00%,$0.00B,$0.08B,0.00%,$4,$2,$2,$0,$2,$4,$0,$0,$0,$0,$0,$0,$0,$0,$0,$6,6,$0.02,$0.02,$28,$0,$0,$298,$0,$35,$0,$6,$41,$350,$270,$36,$2,$38,$308,$1,$21,$0,$42,$350,$0,$1,$0,$1,$0,$0,$0,$0,$0,$1,$-1,$0,$0,$0,$0,$-18,$0,$-19,$0,$0,$-1,$0,$-2,$0,$44,$41,$23,$0,$0
39,2008-12-31,9.08,$0.00,0.0,$2.60,3.49,$-0.27,0.0,$0.09,103.57,$0.27B,$0.24B,1.14,$0.04B,$0.04B,0.88,$0.02B,$0.01B,50.00%,$0.02B,0,0.00%,$0.02B,0,0.00%,$0.02B,0,0.00%,$0.02B,0,0.00%,$0.02B,0,0.00%,$0.00B,$0.04B,0.00%,$0.00B,$0.04B,0.00%,$0.00B,$0.32B,0.00%,$0.00B,$0.08B,0.00%,$4,$2,$2,$0,$2,$4,$0,$0,$0,$0,$0,$0,$0,$0,$0,$6,6,$0.03,$0.03,$4,$0,$0,$272,$0,$30,$0,$6,$36,$319,$238,$37,$2,$39,$277,$1,$21,$0,$42,$319,$0,$0,$0,$0,$0,$0,$0,$0,$-0,$1,$-1,$0,$0,$0,$0,$-10,$0,$-11,$0,$2,$-0,$0,$-2,$0,$10,$10,$-0,$0,$0
40,2008-09-30,8.7,$0.00,0.0,$2.57,3.38,$-0.27,0.0,$0.10,90.15,$0.27B,$0.23B,1.19,$0.05B,$0.04B,1.12,$0.02B,$0.01B,50.00%,$0.02B,0,0.00%,$0.02B,0,0.00%,$0.02B,0,0.00%,$0.02B,0,0.00%,$0.02B,0,0.00%,$0.00B,$0.04B,0.00%,$0.00B,$0.04B,0.00%,$0.00B,$0.32B,0.00%,$0.00B,$0.09B,0.00%,$4,$2,$2,$0,$2,$4,$0,$0,$0,$0,$0,$0,$0,$0,$0,$6,6,$0.03,$0.03,$8,$0,$0,$272,$0,$30,$0,$6,$36,$319,$229,$48,$0,$48,$277,$1,$21,$0,$42,$319,$0,$0,$0,$0,$0,$0,$0,$0,$0,$0,$-1,$0,$0,$0,$0,$-7,$0,$-8,$0,$11,$-0,$0,$-1,$-0,$1,$11,$3,$0,$0
41,2008-06-30,9.67,$0.00,0.0,$2.54,3.81,$-0.16,0.0,$0.09,110.26,$0.26B,$0.23B,1.15,$0.04B,$0.04B,0.85,$0.02B,$0.01B,50.00%,$0.02B,0,0.00%,$0.02B,0,0.00%,$0.02B,0,0.00%,$0.02B,0,0.00%,$0.02B,0,0.00%,$0.00B,$0.04B,0.00%,$0.00B,$0.04B,0.00%,$0.00B,$0.31B,0.00%,$0.00B,$0.08B,0.00%,$4,$2,$2,$0,$2,$4,$0,$0,$0,$0,$0,$0,$0,$0,$0,$9,9,$0.01,$0.01,$5,$0,$0,$261,$0,$31,$0,$6,$37,$308,$226,$37,$2,$39,$265,$1,$21,$0,$43,$308,$1,$1,$0,$1,$0,$0,$0,$0,$-0,$1,$-2,$0,$0,$0,$0,$-21,$0,$-23,$0,$-16,$25,$0,$-1,$0,$14,$23,$0,$0,$0
42,2008-03-31,9.68,$0.00,0.0,$2.32,4.17,$0.02,479.14,$0.09,110.36,$0.26B,$0.22B,1.17,$0.04B,$0.04B,0.85,$0.02B,$0.01B,50.00%,$0.02B,0,0.00%,$0.02B,0,0.00%,$0.02B,0,0.00%,$0.02B,0,0.00%,$0.02B,0,0.00%,$0.00B,$0.04B,0.00%,$0.00B,$0.04B,0.00%,$0.00B,$0.30B,0.00%,$0.00B,$0.08B,0.00%,$4,$2,$2,$0,$2,$4,$0,$0,$0,$0,$0,$0,$0,$0,$0,$6,6,$0.03,$0.03,$10,$0,$0,$261,$0,$28,$0,$5,$33,$304,$223,$37,$0,$37,$260,$1,$21,$0,$44,$304,$1,$0,$0,$0,$0,$0,$0,$0,$0,$1,$-1,$0,$0,$0,$0,$-13,$0,$-14,$0,$-16,$25,$0,$-0,$0,$9,$19,$6,$0,$0
