,Date,Stock Price,Book Value per Share,Price to Book Ratio,TTM Sales per Share,Price to Sales Ratio,TTM FCF per Share,Price to FCF Ratio,TTM Net EPS,PE Ratio,Current Assets,Current Liabilities,Current Ratio,Long Term Debt,Shareholder's Equity_x,Debt to Equity Ratio,TTM Revenue_x,TTM Gross Profit,Gross Margin,TTM Revenue_y,TTM Operating Income,Operating Margin,TTM Revenue_x,TTM EBIT,EBIT Margin,TTM Revenue_y,TTM EBITDA,EBITDA Margin,TTM Revenue_x,TTM Pre-Tax Income,Pre-Tax Margin,TTM Revenue_y,TTM Net Income_x,Net Margin,TTM Net Income_y,Shareholder's Equity_y,Return on Equity,TTM Net Income_x,Tangible Equity,Return on Tangible Equity,TTM Net Income_y,Total Assets,Return on Assets,TTM Net Income,LT Investments & Debt,Return on Investment,revenue,cost-goods-sold,gross-profit,research-development-expenses,selling-general-administrative-expenses,operating-expenses,operating-income,total-non-operating-income-expense,pre-tax-income,total-provision-income-taxes,income-after-taxes,income-from-continuous-operations,net-income,ebitda,ebit,basic-shares-outstanding,shares-outstanding,eps-basic-net-earnings-per-share,eps-earnings-per-share-diluted,cash-on-hand,inventory,other-current-assets,total-current-assets,net-property-plant-equipment,long-term-investments,goodwill-intangible-assets-total,other-long-term-assets,total-long-term-assets,total-assets,total-current-liabilities,long-term-debt,other-non-current-liabilities,total-long-term-liabilities,total-liabilities,common-stock-net,retained-earnings-accumulated-deficit,comprehensive-income,total-share-holder-equity,total-liabilities-share-holders-equity,net-income-loss,total-depreciation-amortization-cash-flow,other-non-cash-items,total-non-cash-items,change-in-accounts-receivable,change-in-inventories,change-in-accounts-payable,change-in-assets-liabilities,total-change-in-assets-liabilities,cash-flow-from-operating-activities,net-change-in-property-plant-equipment,net-change-in-intangible-assets,net-acquisitions-divestitures,net-change-in-short-term-investments,net-change-in-long-term-investments,net-change-in-investments-total,investing-activities-other,cash-flow-from-investing-activities,net-long-term-debt,net-current-debt,debt-issuance-retirement-net-total,net-common-equity-issued-repurchased,net-total-equity-issued-repurchased,total-common-preferred-stock-dividends-paid,financial-activities-other,cash-flow-from-financial-activities,net-cash-flow,stock-based-compensation,common-stock-dividends-paid
0,2018-09-30,177.41,$4.27,41.53,$15.32,11.58,$12.37,14.34,$4.58,38.74,$1.86B,$0.68B,2.75,$2.58B,$0.38B,6.8,$1.41B,$1.12B,79.89%,$1.41B,$0.67B,47.69%,$1.41B,$0.67B,47.69%,$1.41B,$0.76B,54.02%,$1.41B,$0.57B,40.44%,$1.41B,$0.42B,29.92%,$0.42B,$0.38B,108.93%,$0.42B,$-1.46B,-28.52%,$0.42B,$3.81B,11.85%,$0.67B,$2.95B,24.73%,$358,$71,$287,$21,$71,$182,$176,$-30,$147,$23,$124,$124,$124,$197,$176,$89,91,$1.39,$1.36,$1398,$0,$19,$1857,$83,$0,$1834,$20,$1949,$3806,$675,$2575,$108,$2753,$3428,$1,$1756,$-58,$378,$3806,$356,$68,$7,$75,$-60,$0,$1,$75,$8,$440,$-26,$0,$21,$0,$0,$0,$0,$-5,$500,$0,$500,$-293,$-293,$-121,$-6,$81,$509,$28,$-121
1,2018-06-30,164.88,$3.90,42.28,$14.91,11.06,$10.38,15.88,$4.15,39.73,$1.82B,$0.69B,2.65,$2.57B,$0.35B,7.43,$1.37B,$1.09B,79.58%,$1.37B,$0.64B,46.97%,$1.37B,$0.64B,46.97%,$1.37B,$0.73B,53.46%,$1.37B,$0.54B,39.61%,$1.37B,$0.38B,27.86%,$0.38B,$0.35B,100.00%,$0.38B,$-1.51B,-25.57%,$0.38B,$3.79B,11.27%,$0.64B,$2.92B,24.92%,$363,$71,$292,$20,$71,$190,$174,$-17,$156,$39,$117,$117,$117,$201,$174,$89,92,$1.31,$1.28,$1368,$0,$0,$1819,$81,$0,$1855,$18,$1966,$3786,$686,$2574,$106,$2754,$3439,$1,$1684,$-55,$346,$3786,$232,$48,$2,$50,$-72,$0,$-0,$117,$14,$296,$-13,$0,$21,$0,$0,$0,$0,$8,$500,$0,$500,$-247,$-247,$-69,$-6,$178,$478,$18,$-69
2,2018-03-31,148.61,$4.69,31.69,$14.39,10.33,$8.85,16.8,$3.76,39.52,$1.35B,$0.66B,2.06,$2.08B,$0.42B,4.93,$1.32B,$1.05B,79.08%,$1.32B,$0.62B,46.53%,$1.32B,$0.62B,46.53%,$1.32B,$0.70B,52.79%,$1.32B,$0.51B,38.14%,$1.32B,$0.35B,26.13%,$0.35B,$0.42B,92.95%,$0.35B,$-1.46B,-22.87%,$0.35B,$3.34B,10.76%,$0.62B,$2.50B,25.14%,$351,$71,$280,$21,$73,$184,$167,$-28,$139,$24,$115,$115,$115,$188,$167,$90,93,$1.28,$1.24,$850,$0,$0,$1348,$86,$0,$1879,$19,$1996,$3344,$656,$2079,$112,$2267,$2923,$1,$1602,$-44,$421,$3344,$115,$20,$8,$29,$-135,$0,$-0,$163,$-55,$89,$-6,$0,$0,$0,$0,$0,$0,$-6,$0,$0,$0,$-91,$-91,$-35,$0,$-126,$-40,$9,$-35
3,2017-12-31,125.49,$4.45,28.2,$13.88,9.04,$8.25,15.2,$3.32,37.8,$1.27B,$0.61B,2.09,$2.08B,$0.40B,5.18,$1.27B,$1.00B,78.57%,$1.27B,$0.58B,45.53%,$1.27B,$0.58B,45.53%,$1.27B,$0.66B,52.04%,$1.27B,$0.47B,36.73%,$1.27B,$0.30B,23.86%,$0.30B,$0.40B,90.27%,$0.30B,$-1.48B,-19.58%,$0.30B,$3.28B,9.71%,$0.58B,$2.48B,24.03%,$335,$69,$265,$21,$71,$181,$154,$-27,$127,$62,$65,$65,$65,$174,$154,$90,92,$0.72,$0.69,$890,$0,$0,$1267,$94,$0,$1882,$20,$2009,$3276,$608,$2078,$111,$2267,$2875,$1,$1505,$-48,$401,$3276,$304,$83,$18,$102,$-106,$0,$1,$78,$-2,$404,$-49,$0,$0,$0,$1,$1,$0,$-48,$0,$0,$0,$-148,$-148,$-120,$0,$-268,$98,$37,$-120
4,2017-09-30,115.58,$4.00,28.89,$13.27,8.71,$8.53,13.55,$3.35,34.5,$1.15B,$0.56B,2.05,$2.08B,$0.36B,5.77,$1.23B,$0.97B,78.33%,$1.23B,$0.55B,44.81%,$1.23B,$0.55B,44.81%,$1.23B,$0.64B,51.70%,$1.23B,$0.44B,35.55%,$1.23B,$0.31B,24.92%,$0.31B,$0.36B,97.15%,$0.31B,$-1.53B,-19.45%,$0.31B,$3.15B,9.96%,$0.55B,$2.44B,23.07%,$322,$68,$254,$18,$67,$173,$149,$-28,$121,$36,$85,$85,$85,$170,$149,$90,92,$0.94,$0.93,$799,$0,$0,$1153,$86,$0,$1888,$16,$2001,$3154,$564,$2077,$69,$2231,$2794,$1,$1475,$-50,$360,$3154,$239,$63,$17,$79,$-87,$0,$2,$46,$-58,$261,$-28,$0,$0,$0,$1,$1,$0,$-27,$0,$0,$0,$-149,$-149,$-85,$0,$-234,$7,$28,$-85
5,2017-06-30,101.49,$3.41,29.78,$12.79,7.94,$8.84,11.48,$3.10,32.74,$1.08B,$0.55B,1.96,$2.08B,$0.31B,6.76,$1.20B,$0.94B,78.13%,$1.20B,$0.53B,43.91%,$1.20B,$0.53B,43.91%,$1.20B,$0.61B,51.00%,$1.20B,$0.42B,34.64%,$1.20B,$0.29B,23.96%,$0.29B,$0.31B,78.85%,$0.29B,$-1.58B,-18.66%,$0.29B,$3.09B,9.20%,$0.53B,$2.38B,21.56%,$316,$69,$248,$18,$63,$170,$146,$-29,$118,$36,$81,$81,$81,$167,$146,$90,92,$0.90,$0.89,$751,$0,$0,$1083,$89,$0,$1891,$17,$2007,$3090,$552,$2077,$66,$2231,$2783,$1,$1425,$-53,$307,$3090,$154,$42,$11,$53,$-67,$0,$-0,$69,$-48,$159,$-17,$0,$0,$0,$1,$1,$0,$-16,$0,$0,$0,$-140,$-140,$-51,$0,$-191,$-41,$19,$-51
6,2017-03-31,95.49,$3.08,30.98,$12.34,7.74,$8.70,10.98,$2.90,32.93,$0.99B,$0.50B,1.99,$2.08B,$0.28B,7.45,$1.17B,$0.92B,78.09%,$1.17B,$0.51B,43.14%,$1.17B,$0.51B,43.14%,$1.17B,$0.59B,50.38%,$1.17B,$0.40B,33.93%,$1.17B,$0.27B,23.27%,$0.27B,$0.28B,64.85%,$0.27B,$-1.62B,-18.32%,$0.27B,$3.01B,8.96%,$0.51B,$2.36B,21.33%,$301,$67,$234,$19,$64,$170,$131,$-29,$102,$29,$73,$73,$73,$152,$131,$91,92,$0.80,$0.80,$697,$0,$0,$989,$93,$0,$1896,$18,$2016,$3005,$496,$2076,$62,$2230,$2726,$1,$1369,$-58,$279,$3005,$73,$21,$7,$28,$-41,$0,$1,$59,$-64,$37,$-10,$0,$0,$0,$0,$0,$0,$-10,$0,$0,$0,$-100,$-100,$-25,$0,$-125,$-95,$9,$-25
7,2016-12-31,77.18,$3.48,22.18,$11.84,6.52,$8.71,8.86,$2.70,28.58,$1.06B,$0.54B,1.97,$2.08B,$0.32B,6.53,$1.15B,$0.90B,78.02%,$1.15B,$0.49B,42.40%,$1.15B,$0.49B,42.40%,$1.15B,$0.57B,49.78%,$1.15B,$0.39B,33.62%,$1.15B,$0.26B,22.59%,$0.26B,$0.32B,51.46%,$0.26B,$-1.59B,-18.33%,$0.26B,$3.08B,8.66%,$0.49B,$2.39B,20.92%,$293,$64,$229,$19,$63,$167,$126,$-29,$97,$29,$68,$68,$68,$148,$126,$96,97,$0.73,$0.73,$792,$0,$0,$1056,$96,$0,$1903,$18,$2027,$3083,$537,$2075,$59,$2228,$2765,$1,$1322,$-61,$318,$3083,$261,$84,$16,$100,$-18,$0,$-2,$69,$81,$442,$-43,$0,$1,$0,$0,$0,$0,$-42,$500,$0,$500,$-770,$-770,$-96,$-7,$-373,$14,$32,$-96
8,2016-09-30,81.95,$5.83,14.07,$11.29,7.26,$7.05,11.62,$2.54,32.26,$1.26B,$0.52B,2.44,$2.07B,$0.55B,3.76,$1.13B,$0.88B,77.54%,$1.13B,$0.47B,41.56%,$1.13B,$0.47B,41.56%,$1.13B,$0.55B,48.89%,$1.13B,$0.38B,33.16%,$1.13B,$0.25B,22.19%,$0.25B,$0.55B,38.56%,$0.25B,$-1.37B,-19.52%,$0.25B,$3.31B,8.31%,$0.47B,$2.63B,19.96%,$288,$63,$225,$19,$63,$165,$123,$-26,$98,$32,$65,$65,$65,$144,$123,$95,95,$0.69,$0.68,$974,$0,$0,$1262,$99,$0,$1917,$19,$2045,$3307,$517,$2074,$62,$2239,$2756,$1,$1280,$-51,$552,$3307,$193,$63,$17,$79,$-31,$0,$-1,$63,$32,$304,$-31,$0,$-0,$0,$0,$0,$0,$-31,$500,$0,$500,$-495,$-495,$-70,$-7,$-72,$196,$24,$-70
9,2016-06-30,75.05,$5.63,13.32,$10.73,7.0,$5.97,12.56,$2.45,30.63,$0.74B,$0.51B,1.45,$1.58B,$0.54B,2.95,$1.11B,$0.86B,76.89%,$1.11B,$0.46B,41.01%,$1.11B,$0.46B,41.01%,$1.11B,$0.54B,48.38%,$1.11B,$0.38B,33.81%,$1.11B,$0.25B,22.48%,$0.25B,$0.54B,31.54%,$0.25B,$-1.39B,-21.63%,$0.25B,$2.79B,8.24%,$0.46B,$2.12B,19.22%,$291,$62,$228,$19,$64,$165,$126,$-25,$101,$34,$67,$67,$67,$147,$126,$96,97,$0.69,$0.69,$405,$0,$0,$737,$98,$0,$1929,$18,$2054,$2791,$510,$1581,$61,$1746,$2256,$1,$1242,$-48,$535,$2791,$127,$42,$11,$53,$-40,$0,$-1,$48,$-25,$155,$-18,$0,$-0,$0,$0,$0,$0,$-18,$0,$0,$0,$-463,$-463,$-43,$0,$-507,$-373,$15,$-43
10,2016-03-31,71.88,$6.38,11.27,$10.12,7.1,$5.21,13.81,$2.26,31.81,$0.76B,$0.47B,1.63,$1.58B,$0.62B,2.57,$1.09B,$0.83B,76.01%,$1.09B,$0.43B,39.29%,$1.09B,$0.43B,39.29%,$1.09B,$0.51B,46.70%,$1.09B,$0.36B,33.15%,$1.09B,$0.24B,21.89%,$0.24B,$0.62B,23.49%,$0.24B,$-1.33B,-25.35%,$0.24B,$2.83B,7.82%,$0.43B,$2.20B,17.86%,$279,$63,$216,$19,$64,$166,$113,$-22,$91,$30,$60,$60,$60,$134,$113,$99,100,$0.61,$0.60,$445,$0,$0,$764,$96,$0,$1945,$18,$2068,$2832,$468,$1580,$62,$1748,$2216,$1,$1197,$-36,$616,$2832,$60,$21,$4,$24,$-52,$0,$-1,$68,$-48,$37,$-5,$0,$-0,$0,$0,$0,$0,$-6,$0,$0,$0,$-344,$-344,$-22,$0,$-366,$-333,$7,$-22
11,2015-12-31,69.77,$8.92,7.82,$9.65,7.23,$5.42,12.87,$2.05,34.04,$1.06B,$0.50B,2.14,$1.58B,$0.90B,1.75,$1.08B,$0.81B,75.00%,$1.08B,$0.41B,37.64%,$1.08B,$0.41B,37.64%,$1.08B,$0.48B,44.98%,$1.08B,$0.35B,32.43%,$1.08B,$0.22B,20.72%,$0.22B,$0.90B,18.17%,$0.22B,$-1.06B,-30.07%,$0.22B,$3.15B,7.26%,$0.41B,$2.48B,16.75%,$273,$65,$208,$18,$63,$165,$108,$-22,$85,$25,$60,$60,$59,$128,$108,$109,110,$0.57,$0.55,$778,$0,$0,$1063,$99,$0,$1957,$18,$2084,$3147,$498,$1579,$57,$1747,$2246,$1,$1158,$-36,$901,$3147,$224,$80,$16,$96,$-31,$0,$-0,$10,$1,$321,$-49,$0,$-7,$0,$7,$7,$0,$-49,$800,$0,$800,$-697,$-697,$-88,$-10,$5,$269,$29,$-88
12,2015-09-30,57.33,$10.66,5.38,$9.32,6.15,$5.13,11.17,$1.87,30.66,$1.29B,$0.49B,2.62,$1.58B,$1.12B,1.41,$1.05B,$0.80B,75.43%,$1.05B,$0.38B,36.24%,$1.05B,$0.38B,36.24%,$1.05B,$0.47B,44.50%,$1.05B,$0.34B,31.78%,$1.05B,$0.21B,19.73%,$0.21B,$1.12B,15.29%,$0.21B,$-0.84B,-33.60%,$0.21B,$3.37B,6.92%,$0.38B,$2.70B,16.24%,$269,$66,$203,$16,$59,$160,$109,$-10,$99,$35,$64,$64,$64,$129,$109,$109,109,$0.59,$0.59,$993,$0,$0,$1286,$95,$0,$1963,$22,$2080,$3367,$491,$1579,$55,$1757,$2248,$1,$1122,$-31,$1119,$3367,$164,$60,$-2,$58,$-30,$0,$-1,$20,$2,$225,$-31,$0,$0,$0,$0,$0,$0,$-31,$800,$0,$800,$-442,$-442,$-65,$3,$296,$485,$21,$-65
13,2015-06-30,59.14,$12.97,4.56,$9.01,6.56,$4.72,12.54,$1.72,34.38,$0.78B,$0.46B,1.69,$0.80B,$1.43B,0.56,$1.04B,$0.77B,74.64%,$1.04B,$0.36B,34.43%,$1.04B,$0.36B,34.43%,$1.04B,$0.44B,42.72%,$1.04B,$0.32B,30.47%,$1.04B,$0.20B,18.90%,$0.20B,$1.43B,13.71%,$0.20B,$-0.54B,-34.88%,$0.20B,$2.88B,6.80%,$0.36B,$2.23B,16.08%,$271,$67,$203,$21,$64,$172,$99,$-11,$87,$31,$56,$56,$56,$119,$99,$112,113,$0.50,$0.50,$455,$0,$0,$777,$93,$0,$1976,$30,$2099,$2876,$459,$800,$55,$983,$1442,$1,$1082,$-25,$1434,$2876,$100,$40,$2,$41,$-36,$0,$-1,$23,$-50,$91,$-18,$0,$0,$0,$0,$0,$0,$-18,$0,$0,$0,$-96,$-96,$-41,$13,$-123,$-54,$15,$-41
14,2015-03-31,58.74,$12.95,4.54,$8.77,6.69,$4.69,12.53,$2.13,27.58,$0.79B,$0.45B,1.75,$0.80B,$1.46B,0.55,$1.02B,$0.75B,73.33%,$1.02B,$0.35B,34.02%,$1.02B,$0.35B,34.02%,$1.02B,$0.43B,42.16%,$1.02B,$0.31B,30.69%,$1.02B,$0.25B,24.31%,$0.25B,$1.46B,16.66%,$0.25B,$-0.52B,-48.27%,$0.25B,$2.90B,8.41%,$0.35B,$2.26B,15.27%,$263,$70,$193,$23,$62,$174,$89,$-11,$78,$28,$50,$50,$44,$108,$89,$113,114,$0.39,$0.39,$538,$0,$0,$789,$97,$0,$1979,$31,$2108,$2897,$452,$800,$52,$989,$1441,$1,$1046,$-32,$1456,$2897,$44,$19,$11,$31,$-7,$0,$-2,$53,$-8,$67,$-6,$0,$0,$0,$0,$0,$0,$-6,$0,$0,$0,$-10,$-10,$-20,$3,$-27,$29,$7,$-20
15,2014-12-31,45.31,$12.78,3.54,$8.48,5.34,$4.28,10.57,$2.42,18.72,$0.77B,$0.47B,1.63,$0.79B,$1.43B,0.55,$1.00B,$0.72B,72.12%,$1.00B,$0.34B,33.90%,$1.00B,$0.34B,33.90%,$1.00B,$0.42B,42.33%,$1.00B,$0.31B,30.99%,$1.00B,$0.28B,28.49%,$0.28B,$1.43B,18.74%,$0.28B,$-0.57B,-57.46%,$0.28B,$2.88B,9.47%,$0.34B,$2.22B,14.72%,$251,$55,$196,$52,$40,$166,$85,$-14,$71,$27,$43,$43,$44,$113,$85,$116,117,$0.41,$0.40,$509,$0,$0,$769,$94,$0,$1999,$17,$2113,$2883,$473,$788,$51,$977,$1450,$1,$1023,$-25,$1433,$2883,$284,$85,$-64,$21,$-27,$0,$2,$17,$1,$306,$-51,$0,$348,$0,$0,$0,$0,$297,$-10,$0,$-10,$-400,$-400,$-20,$-12,$-442,$150,$27,$-20
16,2014-09-30,44.72,$12.47,3.59,$8.29,5.4,$4.39,10.18,$2.42,18.48,$0.76B,$0.50B,1.52,$0.77B,$1.40B,0.55,$0.98B,$0.72B,73.45%,$0.98B,$0.34B,34.28%,$0.98B,$0.34B,34.28%,$0.98B,$0.42B,42.22%,$0.98B,$0.32B,32.04%,$0.98B,$0.29B,29.20%,$0.29B,$1.40B,18.54%,$0.29B,$-0.62B,-50.89%,$0.29B,$2.88B,9.38%,$0.34B,$2.17B,14.47%,$252,$70,$182,$19,$61,$168,$84,$-4,$80,$28,$52,$52,$52,$103,$84,$116,117,$0.44,$0.44,$448,$0,$0,$759,$94,$0,$2012,$15,$2122,$2880,$499,$773,$40,$985,$1484,$1,$978,$-12,$1397,$2880,$240,$57,$-65,$-8,$-39,$0,$1,$20,$-30,$202,$-42,$0,$348,$0,$0,$0,$0,$306,$-15,$0,$-15,$-400,$-400,$0,$3,$-412,$90,$20,$0
17,2014-06-30,43.61,$14.32,3.04,$8.03,5.43,$4.72,9.24,$2.44,17.87,$1.01B,$0.48B,2.12,$0.78B,$1.67B,0.47,$0.96B,$0.70B,72.92%,$0.96B,$0.34B,35.10%,$0.96B,$0.34B,35.10%,$0.96B,$0.42B,43.44%,$0.96B,$0.31B,32.60%,$0.96B,$0.29B,30.21%,$0.29B,$1.67B,18.36%,$0.29B,$-0.35B,-45.98%,$0.29B,$3.13B,9.32%,$0.34B,$2.45B,14.31%,$254,$77,$177,$0,$72,$166,$89,$-4,$84,$27,$57,$57,$108,$106,$89,$117,118,$0.92,$0.91,$683,$0,$0,$1007,$95,$0,$2016,$16,$2126,$3133,$475,$778,$41,$991,$1467,$1,$947,$-2,$1667,$3133,$188,$39,$-71,$-32,$-59,$0,$1,$27,$-62,$94,$-22,$0,$363,$0,$0,$0,$0,$341,$-10,$0,$-10,$-103,$-103,$0,$3,$-111,$325,$12,$0
18,2014-03-31,40.92,$13.40,3.05,$7.74,5.28,$5.32,7.69,$2.03,20.16,$0.99B,$0.55B,1.81,$0.78B,$1.56B,0.5,$0.93B,$0.68B,73.02%,$0.93B,$0.34B,36.19%,$0.93B,$0.34B,36.19%,$0.93B,$0.42B,45.18%,$0.93B,$0.31B,33.51%,$0.93B,$0.24B,26.02%,$0.24B,$1.56B,15.66%,$0.24B,$-0.45B,-32.11%,$0.24B,$3.09B,7.83%,$0.34B,$2.35B,14.53%,$240,$75,$164,$0,$68,$160,$80,$-6,$74,$26,$47,$47,$80,$100,$80,$118,119,$0.68,$0.68,$260,$0,$416,$989,$80,$0,$2010,$16,$2105,$3094,$547,$783,$41,$983,$1530,$1,$851,$-0,$1564,$3094,$80,$21,$-22,$-2,$-39,$0,$0,$50,$-53,$25,$-10,$0,$0,$0,$0,$0,$0,$-10,$-5,$0,$-5,$-105,$-105,$0,$1,$-109,$-98,$5,$0
19,2013-12-31,41.58,$13.25,3.14,$7.53,5.52,$5.74,7.25,$1.83,22.72,$0.62B,$0.50B,1.24,$0.79B,$1.56B,0.5,$0.91B,$0.67B,73.60%,$0.91B,$0.34B,37.35%,$0.91B,$0.34B,37.35%,$0.91B,$0.43B,46.55%,$0.91B,$0.31B,34.28%,$0.91B,$0.22B,24.32%,$0.22B,$1.56B,14.48%,$0.22B,$-0.85B,-25.21%,$0.22B,$3.14B,7.19%,$0.34B,$2.35B,14.77%,$237,$38,$199,$0,$38,$153,$84,$-7,$77,$36,$41,$41,$47,$106,$84,$120,121,$0.40,$0.39,$358,$0,$0,$624,$86,$0,$2409,$17,$2512,$3136,$503,$788,$46,$1069,$1572,$1,$759,$-1,$1564,$3136,$223,$85,$8,$93,$-16,$0,$-2,$18,$6,$321,$-44,$0,$-23,$71,$0,$71,$0,$4,$-48,$0,$-48,$-100,$-100,$0,$2,$-147,$175,$25,$0
20,2013-09-30,38.29,$12.86,2.98,$6.58,5.82,$5.90,6.49,$1.88,20.37,$0.59B,$0.53B,1.11,$0.75B,$1.52B,0.5,$0.80B,$0.58B,72.63%,$0.80B,$0.32B,40.50%,$0.80B,$0.32B,40.50%,$0.80B,$0.41B,50.88%,$0.80B,$0.30B,37.00%,$0.80B,$0.23B,28.63%,$0.23B,$1.52B,15.29%,$0.23B,$-0.88B,-24.91%,$0.23B,$3.08B,7.48%,$0.32B,$2.28B,14.21%,$229,$68,$160,$0,$60,$145,$84,$-6,$78,$28,$50,$50,$55,$105,$84,$120,121,$0.46,$0.46,$284,$0,$0,$590,$74,$0,$2405,$13,$2491,$3082,$532,$753,$44,$1027,$1559,$1,$723,$-3,$1522,$3082,$175,$63,$15,$77,$-27,$0,$-2,$15,$-26,$226,$-23,$0,$-23,$71,$0,$71,$0,$25,$-48,$0,$-48,$-101,$-101,$0,$2,$-147,$100,$19,$0
21,2013-06-30,31.64,$12.87,2.46,$6.59,4.8,$6.24,5.07,$1.81,17.48,$0.62B,$0.50B,1.24,$0.78B,$1.56B,0.5,$0.81B,$0.59B,72.95%,$0.81B,$0.32B,40.20%,$0.81B,$0.32B,40.20%,$0.81B,$0.41B,50.50%,$0.81B,$0.29B,36.48%,$0.81B,$0.22B,27.54%,$0.22B,$1.56B,14.95%,$0.22B,$-0.85B,-24.45%,$0.22B,$3.11B,7.27%,$0.32B,$2.33B,14.19%,$228,$70,$159,$0,$53,$139,$90,$-6,$84,$28,$56,$56,$61,$111,$90,$121,122,$0.50,$0.50,$335,$0,$0,$618,$66,$0,$2409,$12,$2488,$3105,$496,$775,$43,$1053,$1549,$1,$668,$-7,$1556,$3105,$120,$41,$14,$55,$-8,$0,$-2,$38,$-19,$157,$-8,$0,$-23,$71,$0,$71,$0,$39,$-37,$0,$-37,$-3,$-3,$0,$1,$-38,$151,$13,$0
22,2013-03-31,32.27,$12.33,2.62,$6.65,4.85,$6.40,5.04,$1.61,20.04,$0.52B,$0.48B,1.08,$0.79B,$1.49B,0.53,$0.82B,$0.59B,72.71%,$0.82B,$0.32B,39.29%,$0.82B,$0.32B,39.29%,$0.82B,$0.42B,51.90%,$0.82B,$0.27B,32.68%,$0.82B,$0.20B,24.36%,$0.20B,$1.49B,13.74%,$0.20B,$-0.94B,-21.57%,$0.20B,$3.03B,6.58%,$0.32B,$2.28B,14.20%,$219,$65,$154,$0,$56,$137,$83,$-9,$74,$21,$53,$53,$59,$103,$83,$121,122,$0.49,$0.48,$263,$0,$0,$523,$65,$0,$2431,$13,$2509,$3032,$483,$786,$40,$1060,$1543,$1,$607,$-6,$1489,$3032,$59,$21,$-1,$20,$-14,$0,$-2,$67,$-8,$71,$-5,$0,$-23,$71,$0,$71,$0,$43,$-26,$0,$-26,$-6,$-6,$0,$1,$-30,$80,$7,$0
23,2012-12-31,29.48,$11.87,2.48,$6.71,4.39,$6.39,4.62,$1.48,19.92,$0.52B,$0.51B,1.01,$0.81B,$1.43B,0.57,$0.83B,$0.60B,72.19%,$0.83B,$0.32B,38.57%,$0.83B,$0.32B,38.57%,$0.83B,$0.42B,51.27%,$0.83B,$0.26B,31.56%,$0.83B,$0.18B,22.25%,$0.18B,$1.43B,12.99%,$0.18B,$-1.00B,-19.77%,$0.18B,$3.02B,6.04%,$0.32B,$2.24B,13.87%,$124,$16,$108,$0,$36,$57,$67,$-7,$60,$25,$35,$35,$54,$88,$67,$122,123,$0.44,$0.44,$254,$0,$0,$515,$67,$0,$2424,$13,$2505,$3020,$510,$812,$39,$1084,$1594,$1,$548,$-3,$1425,$3020,$184,$105,$-6,$99,$35,$0,$2,$35,$63,$347,$-45,$0,$-120,$70,$0,$70,$0,$-94,$-227,$0,$-227,$-93,$-93,$0,$-3,$-323,$-69,$25,$0
24,2012-09-30,34.04,$12.03,2.83,$7.55,4.51,$5.83,5.84,$1.40,24.31,$0.67B,$0.49B,1.36,$0.82B,$1.47B,0.56,$0.93B,$0.65B,69.54%,$0.93B,$0.33B,35.95%,$0.93B,$0.33B,35.95%,$0.93B,$0.44B,47.36%,$0.93B,$0.27B,29.17%,$0.93B,$0.18B,18.95%,$0.18B,$1.47B,12.69%,$0.18B,$-0.84B,-18.67%,$0.18B,$3.05B,5.75%,$0.33B,$2.29B,14.31%,$235,$68,$167,$0,$63,$152,$84,$-8,$76,$27,$48,$48,$48,$105,$84,$122,123,$0.39,$0.39,$434,$0,$0,$671,$64,$0,$2306,$13,$2382,$3053,$494,$822,$42,$1092,$1585,$1,$493,$-2,$1468,$3053,$130,$84,$-6,$78,$57,$0,$1,$49,$80,$288,$-38,$0,$0,$47,$0,$47,$0,$9,$-216,$0,$-216,$8,$8,$0,$-2,$-211,$88,$19,$0
25,2012-06-30,32.36,$11.58,2.8,$7.48,4.32,$5.10,6.35,$1.41,22.95,$0.61B,$0.48B,1.25,$0.83B,$1.41B,0.59,$0.92B,$0.64B,69.10%,$0.92B,$0.33B,36.13%,$0.92B,$0.33B,36.13%,$0.92B,$0.44B,47.88%,$0.92B,$0.27B,28.84%,$0.92B,$0.18B,19.26%,$0.18B,$1.41B,13.25%,$0.18B,$-0.91B,-17.52%,$0.18B,$3.00B,5.77%,$0.33B,$2.24B,14.11%,$239,$73,$165,$0,$58,$151,$87,$-30,$57,$20,$38,$38,$38,$128,$87,$122,123,$0.31,$0.30,$360,$0,$0,$605,$55,$0,$2322,$13,$2390,$2995,$484,$833,$38,$1101,$1585,$1,$445,$-4,$1410,$2995,$82,$62,$-8,$55,$45,$0,$0,$57,$54,$190,$-20,$0,$0,$54,$0,$54,$0,$34,$-205,$0,$-205,$5,$5,$0,$-2,$-203,$21,$12,$0
26,2012-03-31,35.01,$11.23,3.12,$7.40,4.73,$4.32,8.1,$1.48,23.66,$0.71B,$0.42B,1.69,$1.06B,$1.37B,0.78,$0.91B,$0.63B,69.32%,$0.91B,$0.33B,36.20%,$0.91B,$0.33B,36.20%,$0.91B,$0.42B,46.14%,$0.91B,$0.28B,30.68%,$0.91B,$0.18B,20.31%,$0.18B,$1.37B,14.32%,$0.18B,$-0.97B,-17.09%,$0.18B,$3.11B,5.99%,$0.33B,$2.43B,13.84%,$229,$72,$157,$0,$55,$148,$81,$-13,$68,$24,$44,$44,$44,$103,$81,$122,123,$0.36,$0.35,$460,$0,$0,$713,$40,$0,$2338,$23,$2400,$3113,$421,$1064,$28,$1327,$1748,$1,$407,$-3,$1365,$3113,$44,$22,$-1,$21,$9,$0,$-0,$66,$5,$70,$-4,$0,$0,$-54,$0,$-54,$0,$-58,$-3,$0,$-3,$1,$1,$0,$1,$-1,$14,$6,$0
27,2011-12-31,31.32,$10.77,2.91,$7.37,4.25,$3.55,8.83,$1.40,22.37,$0.68B,$0.45B,1.5,$1.07B,$1.31B,0.82,$0.90B,$0.62B,69.33%,$0.90B,$0.32B,35.78%,$0.90B,$0.32B,35.78%,$0.90B,$0.41B,46.00%,$0.90B,$0.26B,29.22%,$0.90B,$0.17B,19.22%,$0.17B,$1.31B,14.05%,$0.17B,$-1.05B,-15.10%,$0.17B,$3.09B,5.73%,$0.32B,$2.37B,13.83%,$226,$69,$157,$0,$55,$145,$82,$-12,$70,$26,$44,$44,$46,$104,$82,$121,122,$0.36,$0.37,$393,$0,$0,$678,$38,$0,$2353,$24,$2415,$3093,$453,$1067,$28,$1335,$1788,$1,$363,$-5,$1305,$3093,$173,$92,$32,$124,$-42,$0,$0,$-3,$-42,$255,$-23,$0,$0,$-68,$0,$-68,$0,$-91,$-187,$0,$-187,$2,$2,$0,$7,$-178,$-17,$32,$0
28,2011-09-30,28.85,$10.47,2.76,$6.12,4.71,$1.99,14.49,$1.29,22.36,$0.63B,$0.43B,1.46,$1.10B,$1.26B,0.88,$0.75B,$0.52B,69.48%,$0.75B,$0.27B,35.74%,$0.75B,$0.27B,35.74%,$0.75B,$0.30B,40.16%,$0.75B,$0.21B,28.65%,$0.75B,$0.14B,18.88%,$0.14B,$1.26B,11.94%,$0.14B,$-1.11B,-11.63%,$0.14B,$3.06B,4.68%,$0.27B,$2.37B,11.54%,$225,$69,$156,$0,$54,$143,$82,$-12,$70,$21,$50,$50,$49,$105,$82,$121,122,$0.41,$0.40,$364,$0,$0,$632,$37,$0,$2370,$25,$2432,$3064,$434,$1104,$28,$1368,$1802,$1,$319,$-4,$1262,$3064,$129,$70,$9,$78,$-29,$0,$0,$14,$-32,$175,$-17,$0,$0,$-70,$0,$-70,$0,$-87,$-149,$0,$-149,$11,$11,$0,$4,$-134,$-48,$24,$0
29,2011-06-30,35.84,$10.04,3.57,$4.28,8.38,$0.70,51.35,$0.89,40.27,$0.56B,$0.42B,1.33,$1.11B,$1.21B,0.92,$0.52B,$0.36B,69.54%,$0.52B,$0.19B,35.44%,$0.52B,$0.19B,35.44%,$0.52B,$0.20B,37.36%,$0.52B,$0.14B,27.59%,$0.52B,$0.09B,17.62%,$0.09B,$1.21B,8.10%,$0.09B,$-1.18B,-7.24%,$0.09B,$3.01B,3.07%,$0.19B,$2.32B,8.07%,$226,$69,$158,$0,$53,$144,$83,$-13,$70,$24,$46,$46,$45,$106,$83,$121,122,$0.38,$0.37,$287,$0,$0,$561,$36,$0,$2386,$26,$2448,$3010,$424,$1107,$29,$1377,$1801,$1,$269,$0,$1209,$3010,$79,$47,$18,$65,$-38,$0,$0,$11,$-64,$80,$-7,$0,$0,$-38,$0,$-38,$0,$-45,$-146,$0,$-146,$10,$10,$0,$4,$-133,$-94,$16,$0
30,2011-03-31,35.02,$9.58,3.66,$4.11,8.52,$1.05,33.51,$0.52,67.35,$0.45B,$0.38B,1.19,$1.11B,$1.15B,0.97,$0.50B,$0.34B,67.74%,$0.50B,$0.14B,28.66%,$0.50B,$0.14B,28.66%,$0.50B,$0.16B,31.06%,$0.50B,$0.10B,19.04%,$0.50B,$0.06B,11.42%,$0.06B,$1.15B,5.22%,$0.06B,$-1.25B,-4.29%,$0.06B,$2.91B,1.91%,$0.14B,$2.26B,6.25%,$223,$70,$153,$0,$51,$148,$75,$-22,$53,$20,$34,$34,$33,$99,$75,$120,122,$0.28,$0.27,$178,$0,$0,$449,$33,$0,$2401,$28,$2462,$2910,$378,$1109,$26,$1382,$1760,$1,$224,$0,$1150,$2910,$34,$24,$19,$43,$-47,$0,$0,$5,$-102,$-26,$-4,$0,$0,$23,$0,$23,$0,$19,$-144,$0,$-144,$4,$4,$0,$3,$-137,$-142,$8,$0
31,2010-12-31,37.06,$9.22,4.02,$3.46,10.71,$1.76,21.0,$0.25,148.22,$0.58B,$0.47B,1.23,$1.21B,$1.10B,1.1,$0.40B,$0.28B,69.83%,$0.40B,$0.12B,28.68%,$0.40B,$0.12B,28.68%,$0.40B,$0.11B,28.43%,$0.40B,$0.08B,19.95%,$0.40B,$0.05B,11.97%,$0.05B,$1.10B,5.06%,$0.05B,$-1.32B,-4.76%,$0.05B,$3.06B,1.92%,$0.12B,$2.31B,6.11%,$73,$21,$52,$0,$17,$46,$27,$-6,$21,$7,$14,$14,$14,$-10,$27,$120,122,$0.11,$0.11,$342,$0,$0,$575,$36,$0,$2417,$29,$2483,$3057,$466,$1208,$27,$1489,$1955,$1,$190,$-1,$1102,$3057,$14,$8,$5,$13,$10,$0,$-2,$-1,$16,$43,$-2,$0,$0,$1,$0,$1,$0,$-1,$0,$0,$0,$-2,$-2,$0,$0,$-1,$43,$3,$0
32,2010-11-30,32.39,$0.00,0.0,$4.02,8.07,$1.25,25.84,0,0.0,$0.54B,$0.47B,1.15,$1.21B,$1.08B,1.12,$0.45B,$0.32B,71.11%,$0.45B,$0.14B,30.00%,$0.45B,$0.14B,30.00%,$0.45B,$0.18B,39.78%,$0.45B,$0.10B,22.89%,$0.45B,$0.06B,13.56%,$0.06B,$1.08B,7.54%,$0.06B,$-1.34B,-8.92%,$0.06B,$3.02B,3.01%,$0.14B,$2.29B,8.87%,$0,$0,$0,$0,$0,$0,$0,$0,$0,$0,$0,$0,$0,$0,$0,$0,0,$0.00,$0.00,$300,$0,$0,$536,$34,$0,$2423,$30,$2487,$3023,$467,$1208,$27,$1476,$1943,$1,$176,$-2,$1080,$3023,$0,$0,$0,$0,$0,$0,$0,$0,$0,$0,$0,$0,$0,$0,$0,$0,$0,$0,$0,$0,$0,$0,$0,$0,$0,$0,$0,$0,$0
33,2010-08-31,28.44,$8.72,3.26,$4.02,7.08,$1.25,22.68,0,0.0,$0.45B,$0.41B,1.09,$1.25B,$1.03B,1.21,$0.45B,$0.32B,71.11%,$0.45B,$0.14B,30.00%,$0.45B,$0.14B,30.00%,$0.45B,$0.18B,39.78%,$0.45B,$0.10B,22.89%,$0.45B,$0.06B,13.56%,$0.06B,$1.03B,9.16%,$0.06B,$-1.40B,-16.87%,$0.06B,$2.95B,3.88%,$0.14B,$2.29B,11.63%,$203,$70,$133,$0,$63,$161,$41,$-21,$21,$10,$10,$10,$10,$66,$41,$118,120,$0.09,$0.08,$240,$0,$0,$446,$36,$0,$2436,$31,$2503,$2948,$409,$1254,$27,$1505,$1914,$1,$146,$-4,$1034,$2948,$62,$44,$26,$70,$-2,$0,$-3,$12,$-11,$121,$-7,$0,$-1101,$253,$0,$253,$0,$-855,$777,$0,$777,$10,$10,$0,$-32,$756,$22,$23,$0
34,2010-05-31,28.2,$5.49,5.14,$3.41,8.27,$1.39,20.25,0,0.0,$0.36B,$0.25B,1.45,$0.06B,$0.58B,0.11,$0.36B,$0.27B,75.28%,$0.36B,$0.13B,37.08%,$0.36B,$0.13B,37.08%,$0.36B,$0.16B,45.22%,$0.36B,$0.12B,32.58%,$0.36B,$0.07B,19.94%,$0.07B,$0.58B,14.21%,$0.07B,$0.02B,-116.87%,$0.07B,$0.95B,6.42%,$0.13B,$0.64B,17.18%,$125,$30,$95,$0,$40,$78,$47,$-9,$38,$14,$24,$24,$24,$58,$47,$105,106,$0.23,$0.22,$214,$0,$0,$362,$25,$0,$553,$7,$586,$948,$249,$62,$23,$122,$371,$1,$136,$-4,$576,$948,$52,$19,$5,$24,$-17,$0,$-1,$27,$-21,$55,$-5,$0,$0,$347,$-113,$235,$0,$230,$-310,$0,$-310,$-0,$-0,$0,$1,$-308,$-24,$10,$0
35,2010-02-28,28.51,$5.20,5.49,$3.32,8.59,$1.51,18.87,0,0.0,$0.60B,$0.26B,2.29,$0.33B,$0.55B,0.6,$0.34B,$0.25B,74.41%,$0.34B,$0.12B,35.88%,$0.34B,$0.12B,35.88%,$0.34B,$0.15B,43.82%,$0.34B,$0.11B,32.35%,$0.34B,$0.07B,19.41%,$0.07B,$0.55B,14.98%,$0.07B,$-0.01B,-52.80%,$0.07B,$1.20B,5.81%,$0.12B,$0.87B,15.57%,$122,$29,$92,$0,$37,$74,$47,$-3,$44,$16,$28,$28,$27,$55,$47,$105,106,$0.26,$0.26,$442,$0,$0,$602,$27,$0,$558,$9,$594,$1196,$262,$327,$22,$388,$650,$1,$112,$-6,$546,$1196,$28,$8,$2,$10,$-38,$0,$-1,$25,$-52,$-15,$-3,$0,$0,$50,$-113,$-62,$0,$-66,$-11,$0,$-11,$-0,$-0,$0,$1,$-10,$-92,$5,$0
36,2009-11-30,28.98,$0.00,0.0,$3.23,8.98,$1.85,15.7,0,0.0,$0.60B,$0.29B,2.06,$0.34B,$0.51B,0.67,$0.32B,$0.24B,73.46%,$0.32B,$0.11B,33.33%,$0.32B,$0.11B,33.33%,$0.32B,$0.14B,42.28%,$0.32B,$0.09B,28.40%,$0.32B,$0.06B,16.98%,$0.06B,$0.51B,14.39%,$0.06B,$-0.06B,-29.10%,$0.06B,$1.20B,5.03%,$0.11B,$0.85B,14.68%,$0,$0,$0,$0,$0,$0,$0,$0,$0,$0,$0,$0,$0,$0,$0,$0,0,$0.00,$0.00,$471,$0,$0,$602,$29,$0,$562,$7,$598,$1200,$293,$338,$23,$401,$693,$1,$84,$-8,$507,$1200,$0,$0,$0,$0,$0,$0,$0,$0,$0,$0,$0,$0,$0,$0,$0,$0,$0,$0,$0,$0,$0,$0,$0,$0,$0,$0,$0,$0,$0
37,2009-08-31,27.98,$3.69,7.59,$3.23,8.68,$1.85,15.16,0,0.0,$0.48B,$0.31B,1.54,$0.35B,$0.37B,0.94,$0.32B,$0.24B,73.46%,$0.32B,$0.11B,33.33%,$0.32B,$0.11B,33.33%,$0.32B,$0.14B,42.28%,$0.32B,$0.09B,28.40%,$0.32B,$0.06B,16.98%,$0.06B,$0.37B,16.82%,$0.06B,$-0.20B,-21.96%,$0.06B,$1.08B,5.25%,$0.11B,$0.72B,15.63%,$109,$28,$81,$0,$34,$71,$38,$-4,$34,$13,$21,$21,$20,$48,$38,$100,101,$0.20,$0.20,$362,$0,$0,$480,$28,$0,$568,$7,$603,$1083,$312,$348,$10,$402,$713,$1,$59,$-8,$369,$1083,$57,$29,$11,$40,$9,$0,$33,$-10,$23,$121,$-11,$0,$0,$-250,$0,$-250,$0,$-261,$-17,$0,$-17,$-1,$-1,$0,$0,$-17,$-156,$25,$0
38,2009-05-31,20.23,$3.40,5.95,$3.23,6.26,$1.67,12.13,0,0.0,$0.45B,$0.31B,1.47,$0.36B,$0.34B,1.05,$0.33B,$0.24B,73.85%,$0.33B,$0.11B,33.23%,$0.33B,$0.11B,33.23%,$0.33B,$0.14B,41.85%,$0.33B,$0.09B,27.08%,$0.33B,$0.05B,16.62%,$0.05B,$0.34B,17.82%,$0.05B,$-0.23B,-19.22%,$0.05B,$1.06B,5.27%,$0.11B,$0.70B,15.97%,$109,$29,$80,$0,$34,$73,$37,$-5,$32,$12,$20,$20,$19,$46,$37,$100,100,$0.19,$0.19,$318,$0,$0,$453,$30,$0,$575,$7,$611,$1064,$309,$359,$10,$415,$723,$1,$39,$-9,$340,$1064,$36,$20,$7,$27,$-9,$0,$37,$3,$6,$69,$-10,$0,$0,$-245,$0,$-245,$0,$-254,$-11,$0,$-11,$-1,$-1,$0,$0,$-12,$-195,$17,$0
39,2009-02-28,14.99,$3.13,4.79,$3.21,4.67,$1.81,8.27,0,0.0,$0.41B,$0.29B,1.42,$0.37B,$0.31B,1.18,$0.32B,$0.24B,73.77%,$0.32B,$0.10B,32.10%,$0.32B,$0.10B,32.10%,$0.32B,$0.13B,40.43%,$0.32B,$0.09B,26.54%,$0.32B,$0.05B,16.67%,$0.05B,$0.31B,19.23%,$0.05B,$-0.27B,-17.41%,$0.05B,$1.03B,5.35%,$0.10B,$0.68B,15.71%,$106,$29,$77,$0,$35,$73,$33,$-6,$26,$10,$17,$17,$16,$43,$33,$100,100,$0.16,$0.16,$277,$0,$0,$413,$30,$0,$581,$6,$617,$1030,$292,$369,$9,$425,$717,$1,$19,$-8,$313,$1030,$17,$10,$5,$15,$-14,$0,$-0,$40,$-9,$22,$-6,$0,$0,$0,$0,$0,$0,$-6,$-6,$0,$-6,$-0,$-0,$0,$0,$-6,$9,$8,$0
40,2008-11-30,14.68,$0.00,0.0,$3.20,4.59,$1.85,7.95,0,0.0,$0.39B,$0.29B,1.35,$0.38B,$0.29B,1.33,$0.32B,$0.24B,73.07%,$0.32B,$0.11B,32.82%,$0.32B,$0.11B,32.82%,$0.32B,$0.13B,40.56%,$0.32B,$0.09B,27.55%,$0.32B,$0.06B,17.34%,$0.06B,$0.29B,21.71%,$0.06B,$-0.30B,-16.47%,$0.06B,$1.02B,5.64%,$0.11B,$0.67B,16.40%,$0,$0,$0,$0,$0,$0,$0,$0,$0,$0,$0,$0,$0,$0,$0,$0,0,$0.00,$0.00,$268,$0,$0,$392,$28,$0,$588,$7,$623,$1015,$291,$380,$8,$438,$729,$1,$2,$-7,$286,$1015,$0,$0,$0,$0,$0,$0,$0,$0,$0,$0,$0,$0,$0,$0,$0,$0,$0,$0,$0,$0,$0,$0,$0,$0,$0,$0,$0,$0,$0
41,2008-08-31,28.39,$2.73,10.39,$4.37,6.5,$3.11,9.12,$0.28,101.4,$0.37B,$0.28B,1.3,$0.39B,$0.27B,1.41,$0.43B,$0.34B,79.53%,$0.43B,$0.21B,48.94%,$0.43B,$0.21B,48.94%,$0.43B,$0.24B,56.47%,$0.43B,$0.19B,44.94%,$0.43B,$0.08B,18.82%,$0.08B,$0.27B,33.83%,$0.08B,$-0.32B,-21.69%,$0.08B,$0.99B,8.28%,$0.21B,$0.66B,32.99%,$110,$28,$83,$0,$37,$73,$38,$-7,$30,$11,$19,$19,$19,$47,$38,$100,102,$0.19,$0.19,$246,$0,$0,$367,$22,$3,$595,$7,$627,$993,$283,$385,$0,$437,$720,$1,$-11,$1,$273,$993,$55,$25,$9,$34,$-6,$0,$2,$22,$22,$112,$-19,$0,$0,$0,$0,$0,$138,$119,$-17,$0,$-17,$-1,$-1,$0,$-0,$-17,$213,$17,$0
42,2008-05-31,33.81,$2.51,13.49,$3.29,10.29,$2.20,15.34,$0.28,120.76,$0.38B,$0.31B,1.25,$0.39B,$0.25B,1.56,$0.32B,$0.26B,80.95%,$0.32B,$0.17B,53.97%,$0.32B,$0.17B,53.97%,$0.32B,$0.19B,61.27%,$0.32B,$0.16B,51.11%,$0.32B,$0.06B,19.37%,$0.06B,$0.25B,27.95%,$0.06B,$-0.35B,-15.54%,$0.06B,$1.00B,6.46%,$0.17B,$0.64B,27.56%,$108,$30,$79,$0,$38,$75,$33,$-3,$30,$12,$19,$19,$19,$41,$33,$100,101,$0.19,$0.18,$32,$0,$203,$383,$15,$3,$602,$0,$620,$1003,$305,$392,$0,$447,$752,$1,$-29,$3,$251,$1003,$37,$15,$4,$19,$-27,$0,$0,$55,$25,$81,$-6,$0,$0,$0,$0,$0,$-66,$-72,$-11,$0,$-11,$-1,$-1,$0,$0,$-12,$-2,$12,$0
