,Date,Stock Price,Book Value per Share,Price to Book Ratio,TTM Sales per Share,Price to Sales Ratio,TTM FCF per Share,Price to FCF Ratio,TTM Net EPS,PE Ratio,Current Assets,Current Liabilities,Current Ratio,Long Term Debt,Shareholder's Equity_x,Debt to Equity Ratio,TTM Revenue_x,TTM Gross Profit,Gross Margin,TTM Revenue_y,TTM Operating Income,Operating Margin,TTM Revenue_x,TTM EBIT,EBIT Margin,TTM Revenue_y,TTM EBITDA,EBITDA Margin,TTM Revenue_x,TTM Pre-Tax Income,Pre-Tax Margin,TTM Revenue_y,TTM Net Income_x,Net Margin,TTM Net Income_y,Shareholder's Equity_y,Return on Equity,TTM Net Income_x,Tangible Equity,Return on Tangible Equity,TTM Net Income_y,Total Assets,Return on Assets,TTM Net Income,LT Investments & Debt,Return on Investment,revenue,cost-goods-sold,gross-profit,research-development-expenses,selling-general-administrative-expenses,operating-expenses,operating-income,total-non-operating-income-expense,pre-tax-income,total-provision-income-taxes,income-after-taxes,income-from-continuous-operations,net-income,ebitda,ebit,basic-shares-outstanding,shares-outstanding,eps-basic-net-earnings-per-share,eps-earnings-per-share-diluted,cash-on-hand,inventory,other-current-assets,total-current-assets,net-property-plant-equipment,long-term-investments,goodwill-intangible-assets-total,other-long-term-assets,total-long-term-assets,total-assets,total-current-liabilities,long-term-debt,other-non-current-liabilities,total-long-term-liabilities,total-liabilities,common-stock-net,retained-earnings-accumulated-deficit,comprehensive-income,total-share-holder-equity,total-liabilities-share-holders-equity,net-income-loss,total-depreciation-amortization-cash-flow,other-non-cash-items,total-non-cash-items,change-in-accounts-receivable,change-in-inventories,change-in-accounts-payable,change-in-assets-liabilities,total-change-in-assets-liabilities,cash-flow-from-operating-activities,net-change-in-property-plant-equipment,net-change-in-intangible-assets,net-acquisitions-divestitures,net-change-in-short-term-investments,net-change-in-long-term-investments,net-change-in-investments-total,investing-activities-other,cash-flow-from-investing-activities,net-long-term-debt,net-current-debt,debt-issuance-retirement-net-total,net-common-equity-issued-repurchased,net-total-equity-issued-repurchased,total-common-preferred-stock-dividends-paid,financial-activities-other,cash-flow-from-financial-activities,net-cash-flow,stock-based-compensation,common-stock-dividends-paid
0,2018-09-30,114.37,$11.19,10.22,$14.80,7.73,$10.64,10.75,$2.41,47.46,$164.20B,$56.28B,2.92,$75.39B,$85.97B,0.88,$114.91B,$74.93B,65.21%,$114.91B,$37.31B,32.47%,$114.91B,$37.31B,32.47%,$114.91B,$47.90B,41.69%,$114.91B,$38.71B,33.69%,$114.91B,$18.82B,16.38%,$18.82B,$85.97B,23.07%,$18.82B,$35.80B,60.92%,$18.82B,$257.62B,7.39%,$37.31B,$161.35B,23.40%,$29084,$9905,$19179,$3977,$5247,$19129,$9955,$266,$10221,$1397,$8824,$8824,$8824,$12792,$9955,$7673,7766,$1.15,$1.14,$135880,$3614,$7311,$164195,$31430,$2034,$50168,$9792,$93424,$257619,$56277,$75385,$34475,$115375,$171652,$71303,$17279,$-2615,$85967,$257619,$8824,$2837,$-1821,$1016,$9194,$-956,$-395,$-2935,$3817,$13657,$-3602,$0,$-245,$0,$894,$894,$0,$-2953,$0,$0,$0,$-3384,$-3384,$-3220,$-780,$-7384,$3191,$1107,$-3220
1,2018-06-30,98.23,$10.77,9.12,$14.20,6.92,$10.67,9.21,$2.11,46.55,$169.66B,$58.49B,2.9,$77.81B,$82.72B,0.94,$110.36B,$72.01B,65.25%,$110.36B,$35.06B,31.77%,$110.36B,$35.06B,31.77%,$110.36B,$45.32B,41.06%,$110.36B,$36.47B,33.05%,$110.36B,$16.57B,15.02%,$16.57B,$82.72B,20.09%,$16.57B,$32.30B,52.78%,$16.57B,$258.85B,6.57%,$35.06B,$160.53B,21.64%,$30085,$9742,$20343,$3933,$6031,$19706,$10379,$301,$10680,$1807,$8873,$8873,$8873,$12895,$10379,$7700,7794,$1.16,$1.16,$133768,$2662,$6751,$169662,$29460,$1862,$50422,$7442,$89186,$258848,$58488,$77810,$35476,$117642,$176130,$71223,$13682,$-2187,$82718,$258848,$16571,$10261,$2507,$12768,$-3862,$-465,$1148,$-459,$14545,$43884,$-11632,$0,$-888,$0,$6557,$6557,$-98,$-6061,$-2877,$-7324,$-10201,$-9719,$-9719,$-12699,$-971,$-33590,$4283,$3940,$-12699
2,2018-03-31,90.52,$10.30,8.79,$13.61,6.65,$10.53,8.59,$1.80,50.29,$156.66B,$46.13B,3.4,$79.23B,$79.24B,1.0,$105.88B,$68.81B,64.99%,$105.88B,$32.36B,30.56%,$105.88B,$32.36B,30.56%,$105.88B,$42.45B,40.09%,$105.88B,$33.75B,31.88%,$105.88B,$15.77B,14.89%,$15.77B,$79.24B,18.83%,$15.77B,$28.25B,48.81%,$15.77B,$245.50B,6.30%,$32.36B,$158.47B,19.71%,$26819,$9269,$17550,$3715,$5543,$18527,$8292,$349,$8641,$1217,$7424,$7424,$7424,$11002,$8292,$7698,7794,$0.96,$0.95,$132270,$2084,$5097,$156659,$27929,$2818,$50985,$7106,$88838,$245497,$46133,$79231,$35892,$120125,$166258,$70418,$9974,$-1153,$79239,$245497,$7698,$7745,$-4251,$3494,$5326,$107,$138,$-1577,$21274,$32466,$-7652,$0,$-454,$0,$4805,$4805,$-90,$-3391,$-2196,$-7324,$-9520,$-7612,$-7612,$-9473,$-946,$-27551,$1558,$2928,$-9473
3,2017-12-31,84.45,$10.17,8.3,$13.14,6.43,$10.25,8.24,$1.46,57.84,$167.63B,$58.10B,2.89,$78.99B,$78.36B,1.01,$102.27B,$66.42B,64.94%,$102.27B,$30.79B,30.11%,$102.27B,$30.79B,30.11%,$102.27B,$40.62B,39.72%,$102.27B,$32.21B,31.49%,$102.27B,$13.83B,13.52%,$13.83B,$78.36B,17.00%,$13.83B,$27.22B,44.08%,$13.83B,$256.00B,5.64%,$30.79B,$157.35B,19.12%,$28918,$11064,$17854,$3504,$5671,$20239,$8679,$490,$9169,$15471,$-6302,$-6302,$-6302,$11215,$8679,$7710,7710,$-0.82,$-0.82,$142780,$2003,$4422,$167633,$26304,$3961,$51138,$6967,$88370,$256003,$58099,$78988,$34870,$119544,$177643,$70192,$8567,$-399,$78360,$256003,$274,$5035,$-4477,$558,$4041,$182,$531,$-1906,$19483,$20315,$-4718,$0,$-206,$0,$-2240,$-2240,$-71,$-7235,$2687,$49,$2736,$-4082,$-4082,$-6241,$-306,$-7893,$5196,$1959,$-6241
4,2017-09-30,73.17,$11.61,6.3,$12.68,5.77,$9.98,7.33,$2.94,24.89,$161.03B,$51.62B,3.12,$82.02B,$89.65B,0.92,$99.18B,$64.49B,65.02%,$99.18B,$30.02B,30.27%,$99.18B,$30.02B,30.27%,$99.18B,$39.48B,39.81%,$99.18B,$31.06B,31.31%,$99.18B,$26.40B,26.62%,$26.40B,$89.65B,33.43%,$26.40B,$37.82B,86.88%,$26.40B,$249.10B,11.13%,$30.02B,$171.67B,19.53%,$24538,$8278,$16260,$3574,$4978,$16830,$7708,$276,$7984,$1408,$6576,$6576,$6576,$10207,$7708,$7708,7799,$0.85,$0.84,$138471,$3211,$4788,$161031,$24809,$5343,$51831,$6083,$88066,$249097,$51615,$82023,$18173,$107835,$159450,$69419,$19702,$526,$89647,$249097,$6576,$2499,$-1409,$1090,$7949,$-1023,$-407,$-2406,$4774,$12440,$-2132,$0,$-179,$0,$-4699,$-4699,$106,$-6904,$2785,$-3710,$-925,$-2263,$-2263,$-3003,$-150,$-6341,$-779,$973,$-3003
5,2017-06-30,67.35,$11.38,5.92,$12.32,5.47,$9.85,6.84,$2.70,24.94,$162.70B,$55.75B,2.92,$81.45B,$87.71B,0.93,$96.57B,$62.31B,64.52%,$96.57B,$29.03B,30.06%,$96.57B,$29.03B,30.06%,$96.57B,$37.80B,39.15%,$96.57B,$29.90B,30.96%,$96.57B,$25.49B,26.39%,$25.49B,$87.71B,34.37%,$25.49B,$35.93B,76.85%,$25.49B,$250.31B,11.17%,$29.03B,$169.16B,20.24%,$25605,$8456,$17149,$3514,$5647,$17923,$7682,$276,$7958,$-111,$8069,$8069,$8069,$10025,$7682,$7746,7832,$1.04,$1.03,$132981,$2181,$5103,$162696,$23734,$6023,$51783,$6076,$87616,$250312,$55745,$81445,$17034,$106856,$162601,$69315,$17769,$627,$87711,$250312,$25489,$8778,$4184,$12962,$-1216,$50,$81,$349,$1056,$39507,$-8129,$0,$-25944,$0,$-12511,$-12511,$-197,$-46781,$36422,$-4963,$31459,$-11016,$-11016,$-11845,$-190,$8408,$1153,$3266,$-11845
6,2017-03-31,63.99,$9.03,7.09,$12.35,5.18,$8.96,7.14,$2.26,28.31,$146.31B,$52.01B,2.81,$76.22B,$69.73B,1.09,$97.41B,$63.63B,65.32%,$97.41B,$30.32B,31.12%,$97.41B,$30.32B,31.12%,$97.41B,$39.29B,40.34%,$97.41B,$31.18B,32.01%,$97.41B,$24.28B,24.93%,$24.28B,$69.73B,34.58%,$24.28B,$24.51B,66.02%,$24.28B,$225.02B,11.35%,$30.32B,$145.95B,23.45%,$23212,$8060,$15152,$3355,$5074,$16489,$6723,$371,$7094,$1608,$5486,$5486,$5486,$9176,$6723,$7725,7813,$0.71,$0.70,$126018,$1979,$5434,$146313,$21962,$7381,$45215,$4146,$78704,$225017,$52005,$76222,$17381,$103283,$155288,$68554,$531,$644,$69729,$225017,$17420,$6435,$-1868,$4567,$5813,$249,$-769,$-1432,$6515,$28502,$-5846,$0,$-25586,$0,$-7886,$-7886,$-94,$-39412,$38039,$-8447,$29592,$-9472,$-9472,$-8836,$-175,$11109,$203,$2353,$-8836
7,2016-12-31,60.01,$8.90,6.74,$11.95,5.02,$8.46,7.09,$2.12,28.31,$144.95B,$70.79B,2.05,$59.31B,$68.81B,0.86,$94.73B,$61.29B,64.69%,$94.73B,$28.88B,30.48%,$94.73B,$28.88B,30.48%,$94.73B,$37.11B,39.17%,$94.73B,$29.12B,30.74%,$94.73B,$22.55B,23.81%,$22.55B,$68.81B,31.54%,$22.55B,$23.28B,51.54%,$22.55B,$224.61B,11.10%,$28.88B,$128.12B,23.72%,$25826,$9901,$15925,$3062,$4958,$17921,$7905,$117,$8022,$1755,$6267,$6267,$6267,$10071,$7905,$7755,7830,$0.81,$0.80,$122781,$1961,$5864,$144949,$21379,$8912,$45525,$3845,$79661,$224610,$70787,$59306,$15980,$85014,$155801,$68177,$120,$512,$68809,$224610,$11934,$3982,$-1832,$2150,$4398,$265,$-344,$-1968,$3758,$17842,$-4151,$0,$-24784,$0,$-5272,$-5272,$986,$-33221,$37703,$-7145,$30558,$-7589,$-7589,$-5824,$200,$17345,$1958,$1470,$-5824
8,2016-09-30,55.26,$9.04,6.11,$11.61,4.76,$8.09,6.83,$2.08,26.57,$157.91B,$58.81B,2.69,$60.15B,$70.37B,0.86,$92.70B,$59.29B,63.95%,$92.70B,$27.00B,29.13%,$92.70B,$27.00B,29.13%,$92.70B,$34.61B,37.33%,$92.70B,$26.95B,29.07%,$92.70B,$21.30B,22.98%,$21.30B,$70.37B,28.99%,$21.30B,$48.94B,41.28%,$21.30B,$212.52B,11.10%,$27.00B,$130.53B,22.68%,$21928,$7844,$14084,$3106,$4263,$15213,$6715,$112,$6827,$1160,$5667,$5667,$5667,$8531,$6715,$7789,7876,$0.73,$0.72,$136932,$3122,$6726,$157909,$19224,$10486,$21429,$3476,$54615,$212524,$58810,$60154,$14340,$83342,$142152,$67747,$944,$1681,$70372,$212524,$5667,$1816,$-875,$941,$7187,$-867,$-443,$-936,$4941,$11549,$-2163,$0,$-24,$0,$-16199,$-16199,$-84,$-18470,$24752,$-3390,$21362,$-4121,$-4121,$-2800,$-112,$14329,$7418,$703,$-2800
9,2016-06-30,48.79,$9.22,5.29,$11.35,4.3,$7.83,6.23,$2.05,23.8,$139.66B,$59.36B,2.35,$40.56B,$72.00B,0.56,$91.15B,$58.37B,64.04%,$91.15B,$26.08B,28.61%,$91.15B,$26.08B,28.61%,$91.15B,$33.33B,36.56%,$91.15B,$25.64B,28.13%,$91.15B,$20.54B,22.53%,$20.54B,$72.00B,27.29%,$20.54B,$50.39B,38.56%,$20.54B,$193.47B,11.28%,$26.08B,$112.55B,23.13%,$26448,$7979,$18469,$3146,$5237,$17472,$8976,$259,$9235,$2372,$6863,$6863,$6863,$11516,$8976,$7925,8013,$0.87,$0.86,$113240,$2251,$5892,$139660,$18356,$10431,$21605,$3416,$53808,$193468,$59357,$40557,$13640,$62114,$121471,$68178,$2282,$1537,$71997,$193468,$20539,$7252,$7489,$14741,$562,$600,$88,$-2907,$-1955,$33325,$-8343,$0,$-1393,$0,$-14417,$-14417,$203,$-23950,$11088,$7195,$18283,$-15301,$-15301,$-11006,$-369,$-8393,$915,$2668,$-11006
10,2016-03-31,52.29,$9.51,5.5,$10.73,4.87,$7.59,6.89,$1.26,41.5,$128.42B,$44.35B,2.9,$40.90B,$74.81B,0.55,$86.89B,$54.62B,62.86%,$86.89B,$15.05B,17.32%,$86.89B,$15.05B,17.32%,$86.89B,$28.75B,33.09%,$86.89B,$14.65B,16.86%,$86.89B,$10.48B,12.06%,$10.48B,$74.81B,13.56%,$10.48B,$52.40B,18.97%,$10.48B,$181.87B,5.91%,$15.05B,$115.70B,13.49%,$20531,$7722,$12809,$2980,$4546,$15248,$5283,$-247,$5036,$1280,$3756,$3756,$3756,$6990,$5283,$7895,7985,$0.48,$0.47,$105552,$2450,$6598,$128421,$16831,$11315,$22407,$2895,$53448,$181869,$44354,$40896,$14122,$62709,$107063,$68012,$4954,$1840,$74806,$181869,$13676,$4712,$2969,$7681,$5546,$408,$105,$-2555,$3504,$24861,$-5688,$0,$-1330,$0,$-7140,$-7140,$281,$-13877,$10503,$481,$10984,$-11797,$-11797,$-8185,$-366,$-9364,$1575,$2004,$-8185
11,2015-12-31,52.16,$9.69,5.38,$10.80,4.83,$7.45,7.0,$1.40,37.25,$127.81B,$42.64B,3.0,$40.68B,$76.78B,0.53,$88.08B,$56.38B,64.00%,$88.08B,$16.36B,18.57%,$88.08B,$16.36B,18.57%,$88.08B,$29.87B,33.91%,$88.08B,$16.13B,18.31%,$88.08B,$11.71B,13.29%,$11.71B,$76.78B,14.44%,$11.71B,$54.73B,20.36%,$11.71B,$180.10B,6.65%,$16.36B,$117.46B,14.59%,$23796,$9872,$13924,$2900,$4998,$17770,$6026,$-171,$5855,$837,$5018,$5018,$5018,$7570,$6026,$7964,8051,$0.63,$0.62,$102640,$2702,$6345,$127812,$15789,$11514,$22055,$2928,$52286,$180098,$42643,$40679,$13700,$60675,$103318,$68279,$6728,$1773,$76780,$180098,$9920,$3005,$1018,$4023,$3258,$167,$234,$-3108,$551,$14494,$-3380,$0,$-771,$0,$-4590,$-4590,$347,$-8394,$11378,$-2141,$9237,$-8099,$-8099,$-5343,$-243,$-4448,$1590,$1332,$-5343
12,2015-09-30,41.27,$9.70,4.26,$11.04,3.74,$7.27,5.68,$1.49,27.7,$121.66B,$49.40B,2.46,$27.82B,$77.45B,0.36,$90.76B,$58.79B,64.77%,$90.76B,$18.11B,19.95%,$90.76B,$18.11B,19.95%,$90.76B,$31.60B,34.82%,$90.76B,$18.12B,19.97%,$90.76B,$12.56B,13.83%,$12.56B,$77.45B,14.79%,$12.56B,$55.56B,21.10%,$12.56B,$172.90B,7.19%,$18.11B,$105.26B,16.42%,$20379,$7207,$13172,$2962,$4417,$14586,$5793,$-280,$5513,$611,$4902,$4902,$4902,$7254,$5793,$7996,8084,$0.61,$0.61,$99355,$3816,$5594,$121656,$15046,$11438,$21887,$2869,$51240,$172896,$49399,$27819,$13280,$46052,$95451,$68093,$7614,$1738,$77445,$172896,$4902,$1461,$-84,$1377,$6376,$-937,$-135,$-2707,$2597,$8876,$-1356,$0,$-390,$0,$-3382,$-3382,$62,$-5066,$-1629,$4890,$3261,$-4538,$-4538,$-2475,$-178,$-3930,$-164,$674,$-2475
13,2015-06-30,40.96,$9.98,4.11,$11.29,3.63,$7.18,5.7,$1.46,28.05,$122.80B,$49.65B,2.47,$27.81B,$80.08B,0.35,$93.58B,$60.54B,64.70%,$93.58B,$18.16B,19.41%,$93.58B,$18.16B,19.41%,$93.58B,$31.62B,33.78%,$93.58B,$18.51B,19.78%,$93.58B,$12.19B,13.03%,$12.19B,$80.08B,13.85%,$12.19B,$58.31B,19.84%,$12.19B,$174.47B,7.01%,$18.16B,$107.89B,16.34%,$22180,$7468,$14712,$3094,$5233,$24233,$-2053,$297,$-1756,$1439,$-3195,$-3195,$-3195,$6938,$-2053,$8177,8254,$-0.38,$-0.38,$96526,$2902,$5461,$122797,$14731,$12053,$21774,$3117,$51675,$174472,$49647,$27808,$13544,$44742,$94389,$68465,$9096,$2522,$80083,$174472,$12193,$13455,$2507,$15962,$1456,$-272,$-1054,$1383,$1513,$29668,$-5944,$0,$-3723,$0,$-12868,$-12868,$-466,$-23001,$9180,$4481,$13661,$-13809,$-13809,$-9882,$362,$-9668,$-3074,$2574,$-9882
14,2015-03-31,37.47,$11.11,3.37,$11.39,3.29,$7.52,4.98,$2.41,15.55,$118.40B,$40.75B,2.91,$27.64B,$90.13B,0.31,$94.78B,$61.58B,64.97%,$94.78B,$26.70B,28.17%,$94.78B,$26.70B,28.17%,$94.78B,$32.90B,34.71%,$94.78B,$26.84B,28.32%,$94.78B,$20.00B,21.10%,$20.00B,$90.13B,22.10%,$20.00B,$61.44B,31.97%,$20.00B,$176.68B,11.53%,$26.70B,$117.78B,23.89%,$21729,$7161,$14568,$2984,$4800,$15135,$6594,$-77,$6517,$1532,$4985,$4985,$4985,$8109,$6594,$8167,8237,$0.61,$0.61,$95438,$2469,$6376,$118398,$14375,$12019,$28691,$3200,$58285,$176683,$40748,$27644,$13274,$45803,$86551,$68475,$18186,$3471,$90132,$176683,$15388,$4464,$-2353,$2111,$6904,$157,$-912,$-829,$5320,$22819,$-4163,$0,$-3097,$0,$-10211,$-10211,$-463,$-17934,$9180,$1222,$10402,$-9681,$-9681,$-7386,$601,$-6064,$-1255,$1920,$-7386
15,2014-12-31,42.51,$11.18,3.8,$11.19,3.8,$7.48,5.68,$2.48,17.14,$116.36B,$47.42B,2.45,$18.26B,$91.88B,0.2,$93.46B,$61.44B,65.74%,$93.46B,$27.08B,28.97%,$93.46B,$27.08B,28.97%,$93.46B,$33.02B,35.33%,$93.46B,$27.28B,29.19%,$93.46B,$20.68B,22.12%,$20.68B,$91.88B,23.02%,$20.68B,$62.73B,31.98%,$20.68B,$174.85B,12.29%,$27.08B,$110.14B,24.77%,$26470,$10136,$16334,$2903,$5412,$18694,$7776,$74,$7850,$1987,$5863,$5863,$5863,$9297,$7776,$8228,8297,$0.71,$0.71,$90249,$2053,$6173,$116362,$13607,$12665,$29154,$3060,$58486,$174848,$47415,$18260,$12423,$35554,$82969,$68765,$19731,$3383,$91879,$174848,$10403,$2949,$-2670,$279,$3249,$587,$-522,$-1302,$2012,$12694,$-2772,$0,$-2935,$0,$-6617,$-6617,$-129,$-12453,$-1500,$7797,$6297,$-4696,$-4696,$-4854,$809,$-2444,$-2243,$1279,$-4854
16,2014-09-30,42.16,$10.92,3.86,$10.92,3.86,$7.43,5.67,$2.55,16.53,$112.44B,$44.69B,2.52,$18.47B,$90.17B,0.21,$91.51B,$61.30B,66.99%,$91.51B,$27.27B,29.80%,$91.51B,$27.27B,29.80%,$91.51B,$32.96B,36.01%,$91.51B,$27.31B,29.84%,$91.51B,$21.37B,23.35%,$21.37B,$90.17B,24.25%,$21.37B,$63.40B,32.46%,$21.37B,$169.66B,13.12%,$27.27B,$108.64B,25.19%,$23201,$8273,$14928,$3065,$4879,$17357,$5844,$52,$5896,$1356,$4540,$4540,$4540,$7272,$5844,$8249,8351,$0.55,$0.54,$89193,$3141,$5434,$112439,$13229,$13943,$26774,$3271,$57217,$169656,$44694,$18472,$11781,$34792,$79486,$68362,$18051,$3757,$90170,$169656,$4540,$1428,$-2121,$-693,$6627,$-483,$-659,$-978,$4507,$8354,$-1282,$0,$-141,$0,$-5947,$-5947,$-367,$-7737,$-1500,$2999,$1499,$-2672,$-2672,$-2307,$502,$-2978,$-2367,$646,$-2307
17,2014-06-30,37.69,$10.90,3.46,$10.34,3.64,$7.41,5.08,$2.63,14.33,$114.25B,$45.63B,2.5,$20.65B,$89.78B,0.23,$86.83B,$59.76B,68.82%,$86.83B,$27.76B,31.97%,$86.83B,$27.76B,31.97%,$86.83B,$32.97B,37.97%,$86.83B,$27.82B,32.04%,$86.83B,$22.07B,25.42%,$22.07B,$89.78B,25.67%,$22.07B,$62.68B,33.46%,$22.07B,$172.38B,14.14%,$27.76B,$110.43B,26.53%,$23382,$7633,$15749,$3123,$6017,$16900,$6482,$95,$6577,$1965,$4612,$4612,$4612,$8224,$6482,$8299,8399,$0.56,$0.55,$85709,$2660,$4392,$114246,$13011,$14597,$27108,$3422,$58138,$172384,$45625,$20645,$11594,$36975,$82600,$68366,$17710,$3708,$89784,$172384,$22074,$5212,$4592,$9804,$-1120,$-161,$473,$1432,$624,$32502,$-5485,$0,$-5937,$0,$-7324,$-7324,$-87,$-18833,$6462,$500,$6962,$-6709,$-6709,$-8879,$-39,$-8665,$4865,$2446,$-8879
18,2014-03-31,36.79,$10.58,3.48,$9.91,3.71,$7.10,5.18,$2.67,13.78,$109.01B,$33.90B,3.22,$20.68B,$87.42B,0.24,$83.35B,$58.16B,69.79%,$83.35B,$27.35B,32.81%,$83.35B,$27.35B,32.81%,$83.35B,$31.80B,38.16%,$83.35B,$27.39B,32.86%,$83.35B,$22.43B,26.91%,$22.43B,$87.42B,26.93%,$22.43B,$69.77B,34.18%,$22.43B,$156.12B,15.09%,$27.35B,$108.10B,27.37%,$20403,$5978,$14425,$2743,$4708,$13429,$6974,$-17,$6957,$1297,$5660,$5660,$5660,$8229,$6974,$8284,8367,$0.68,$0.68,$88425,$1920,$3740,$109006,$11771,$14792,$17652,$2898,$47113,$156119,$33903,$20679,$9953,$34792,$68695,$67803,$16289,$3332,$87424,$156119,$17462,$3470,$-1219,$2251,$4243,$38,$-390,$-887,$3004,$22717,$-4155,$0,$-311,$0,$-5606,$-5606,$149,$-9923,$6962,$0,$6962,$-5685,$-5685,$-6570,$208,$-5085,$7768,$1828,$-6570
19,2013-12-31,33.33,$10.25,3.25,$9.90,3.37,$7.31,4.56,$2.71,12.3,$106.87B,$33.74B,3.17,$20.68B,$85.10B,0.24,$83.43B,$59.44B,71.24%,$83.43B,$27.99B,33.55%,$83.43B,$27.99B,33.55%,$83.43B,$32.24B,38.64%,$83.43B,$28.03B,33.60%,$83.43B,$22.82B,27.35%,$22.82B,$85.10B,28.32%,$22.82B,$67.48B,36.31%,$22.82B,$153.54B,15.95%,$27.99B,$105.78B,29.44%,$24519,$8322,$16197,$2748,$5480,$16550,$7969,$-91,$7878,$1320,$6558,$6558,$6558,$9230,$7969,$8326,8395,$0.79,$0.78,$83944,$1594,$4018,$106870,$11567,$14607,$17625,$2874,$46673,$153543,$33742,$20676,$9790,$34701,$68443,$67476,$14347,$3277,$85100,$153543,$11802,$2215,$-1605,$610,$1742,$362,$326,$-2224,$206,$12618,$-2963,$0,$-154,$0,$-2625,$-2625,$103,$-5639,$7262,$0,$7262,$-3981,$-3981,$-4248,$186,$-781,$6255,$1226,$-4248
20,2013-09-30,29.42,$9.78,3.01,$9.52,3.09,$7.55,3.9,$2.69,10.94,$99.45B,$34.62B,2.87,$12.63B,$81.64B,0.16,$80.37B,$59.01B,73.42%,$80.37B,$27.79B,34.58%,$80.37B,$27.79B,34.58%,$80.37B,$31.79B,39.55%,$80.37B,$27.93B,34.75%,$80.37B,$22.64B,28.17%,$22.64B,$81.64B,29.23%,$22.64B,$63.99B,37.98%,$22.64B,$142.35B,16.54%,$27.79B,$94.27B,30.97%,$18529,$5145,$13384,$2767,$4283,$12195,$6334,$74,$6408,$1164,$5244,$5244,$5244,$7288,$6334,$8339,8434,$0.63,$0.62,$80672,$2613,$3900,$99450,$10774,$11995,$17649,$2480,$42898,$142348,$34623,$12632,$9587,$26084,$60707,$67230,$11680,$2731,$81641,$142348,$5244,$954,$-1314,$-360,$6617,$-667,$-276,$-2353,$3321,$8205,$-1231,$0,$-15,$0,$-3304,$-3304,$-64,$-4614,$-412,$712,$300,$-1985,$-1985,$-1916,$205,$-3396,$219,$635,$-1916
21,2013-06-30,30.33,$9.48,3.2,$9.21,3.29,$7.65,3.97,$2.60,11.66,$101.47B,$37.42B,2.71,$12.60B,$78.94B,0.16,$77.85B,$57.46B,73.81%,$77.85B,$26.76B,34.38%,$77.85B,$26.76B,34.38%,$77.85B,$30.52B,39.20%,$77.85B,$27.05B,34.75%,$77.85B,$21.86B,28.08%,$21.86B,$78.94B,29.44%,$21.86B,$61.21B,38.79%,$21.86B,$142.43B,16.59%,$26.76B,$91.55B,31.19%,$19896,$5738,$14158,$2783,$5302,$13823,$6073,$72,$6145,$1180,$4965,$4965,$4965,$7056,$6073,$8375,8470,$0.60,$0.57,$77022,$1938,$3388,$101466,$9991,$10844,$17738,$2392,$40965,$142431,$37417,$12601,$10000,$26070,$63487,$67306,$9895,$1743,$78944,$142431,$21863,$3755,$4590,$8345,$-1807,$-802,$537,$697,$-1375,$28833,$-4257,$0,$-1584,$0,$-17802,$-17802,$-168,$-23811,$3537,$0,$3537,$-4429,$-4429,$-7455,$199,$-8148,$-3134,$2406,$-7455
22,2013-03-31,24.94,$9.19,2.72,$8.98,2.78,$8.19,3.04,$1.95,12.79,$93.52B,$31.93B,2.93,$11.95B,$76.69B,0.16,$76.01B,$57.20B,75.25%,$76.01B,$20.88B,27.47%,$76.01B,$20.88B,27.47%,$76.01B,$30.65B,40.32%,$76.01B,$21.27B,27.98%,$76.01B,$16.41B,21.58%,$16.41B,$76.69B,23.07%,$16.41B,$58.77B,30.67%,$16.41B,$134.11B,12.97%,$20.88B,$88.64B,25.41%,$20489,$4787,$15702,$2640,$5450,$12877,$7612,$-9,$7603,$1548,$6055,$6055,$6055,$8665,$7612,$8364,8429,$0.72,$0.72,$74483,$2133,$3241,$93524,$9204,$11193,$17922,$2262,$40581,$134105,$31929,$11949,$9721,$25488,$57417,$66826,$7657,$2205,$76688,$134105,$16898,$2772,$-222,$2550,$3859,$-989,$51,$561,$3482,$22930,$-2463,$0,$-1564,$0,$-13696,$-13696,$-249,$-17972,$2232,$0,$2232,$-3553,$-3553,$-5534,$176,$-6679,$-1698,$1805,$-5534
23,2012-12-31,23.1,$8.67,2.67,$8.60,2.69,$8.38,2.76,$1.83,12.62,$89.57B,$31.91B,2.81,$11.95B,$72.58B,0.17,$72.93B,$54.96B,75.35%,$72.93B,$19.65B,26.94%,$72.93B,$19.65B,26.94%,$72.93B,$29.12B,39.93%,$72.93B,$20.03B,27.46%,$72.93B,$15.46B,21.20%,$15.46B,$72.58B,22.37%,$15.46B,$54.51B,30.70%,$15.46B,$128.68B,12.62%,$19.65B,$84.52B,24.50%,$21456,$5692,$15764,$2528,$5465,$13685,$7771,$-1,$7770,$1393,$6377,$6377,$6377,$8780,$7771,$8393,8444,$0.76,$0.76,$68312,$1661,$3301,$89574,$8698,$10707,$18068,$1636,$39109,$128683,$31910,$11947,$8397,$24197,$56107,$66334,$4236,$2006,$72576,$128683,$10843,$1719,$924,$2643,$1668,$-506,$118,$-1502,$-222,$13264,$-1533,$0,$-1456,$0,$-6531,$-6531,$-792,$-10312,$2232,$0,$2232,$-2728,$-2728,$-3609,$170,$-3935,$-921,$1206,$-3609
24,2012-09-30,25.52,$8.17,3.12,$8.52,2.99,$8.58,2.97,$1.85,13.79,$84.05B,$31.40B,2.68,$9.71B,$68.84B,0.14,$72.36B,$54.44B,75.23%,$72.36B,$19.87B,27.46%,$72.36B,$19.87B,27.46%,$72.36B,$29.01B,40.09%,$72.36B,$20.50B,28.32%,$72.36B,$15.71B,21.71%,$15.71B,$68.84B,23.44%,$15.71B,$50.95B,33.28%,$15.71B,$121.88B,13.27%,$19.87B,$78.55B,25.45%,$16008,$4168,$11840,$2460,$4072,$10700,$5308,$226,$5534,$1068,$4466,$4466,$4466,$6018,$5308,$8396,8494,$0.53,$0.53,$66644,$1624,$3860,$84051,$8329,$10038,$17889,$1569,$37825,$121876,$31402,$9714,$8423,$21638,$53040,$66084,$932,$1820,$68836,$121876,$4466,$710,$-86,$624,$6156,$-473,$-567,$-1722,$3394,$8484,$-603,$0,$-1145,$0,$-5572,$-5572,$-399,$-7719,$0,$0,$0,$-1215,$-1215,$-1676,$177,$-2714,$-1902,$603,$-1676
25,2012-06-30,26.06,$7.92,3.29,$8.68,3.0,$8.60,3.03,$2.00,13.03,$85.08B,$32.69B,2.6,$10.71B,$66.36B,0.16,$73.72B,$56.19B,76.22%,$73.72B,$21.76B,29.52%,$73.72B,$21.76B,29.52%,$73.72B,$30.92B,41.94%,$73.72B,$22.27B,30.20%,$73.72B,$16.98B,23.03%,$16.98B,$66.36B,26.27%,$16.98B,$49.74B,36.98%,$16.98B,$121.27B,14.80%,$21.76B,$77.08B,28.54%,$18059,$4163,$13896,$2594,$4917,$17867,$192,$167,$359,$851,$-492,$-492,$-492,$7182,$192,$8396,8506,$-0.06,$-0.06,$63040,$1137,$3092,$85084,$8269,$9776,$16622,$1520,$36187,$121271,$32688,$10713,$8208,$22220,$54908,$65797,$-856,$1422,$66363,$121271,$16978,$9160,$5662,$14822,$-1156,$184,$-31,$829,$-174,$31626,$-2305,$0,$-10112,$0,$-11975,$-11975,$-394,$-24786,$0,$0,$0,$-3116,$-3116,$-6385,$93,$-9408,$-2672,$2244,$-6385
26,2012-03-31,27.3,$8.17,3.34,$8.58,3.18,$8.02,3.4,$2.75,9.93,$76.86B,$26.17B,2.94,$11.94B,$68.66B,0.17,$73.03B,$55.96B,76.62%,$73.03B,$27.74B,37.99%,$73.03B,$27.74B,37.99%,$73.03B,$30.60B,41.90%,$73.03B,$28.23B,38.65%,$73.03B,$23.34B,31.96%,$23.34B,$68.66B,37.46%,$23.34B,$46.21B,52.56%,$23.34B,$118.01B,20.92%,$27.74B,$80.60B,37.37%,$17407,$3952,$13455,$2517,$4564,$11033,$6374,$-11,$6363,$1255,$5108,$5108,$5108,$7140,$6374,$8401,8498,$0.61,$0.60,$59529,$1412,$2608,$76860,$8225,$9068,$22454,$1403,$41150,$118010,$26170,$11938,$8525,$23181,$49351,$65273,$3386,$0,$68659,$118010,$17470,$2170,$-320,$1850,$3851,$-79,$-380,$1237,$4629,$23949,$-1683,$0,$-9586,$0,$-8858,$-8858,$3,$-20124,$0,$0,$0,$-2364,$-2364,$-4707,$84,$-6987,$-3222,$1724,$-4707
27,2011-12-31,21.83,$7.65,2.85,$8.46,2.58,$7.67,2.84,$2.76,7.91,$72.51B,$25.37B,2.86,$11.93B,$64.12B,0.19,$72.05B,$55.03B,76.38%,$72.05B,$27.08B,37.58%,$72.05B,$27.08B,37.58%,$72.05B,$29.89B,41.48%,$72.05B,$27.89B,38.71%,$72.05B,$23.47B,32.57%,$23.47B,$64.12B,40.11%,$23.47B,$41.87B,54.73%,$23.47B,$112.24B,21.93%,$27.08B,$76.05B,38.44%,$20885,$5638,$15247,$2371,$4882,$12891,$7994,$245,$8239,$1615,$6624,$6624,$6624,$8672,$7994,$8402,8465,$0.79,$0.78,$51736,$1351,$3614,$72513,$8010,$7550,$22251,$1919,$39730,$112243,$25373,$11932,$8386,$22749,$48122,$63902,$219,$0,$64121,$112243,$12362,$1404,$-694,$710,$1081,$-29,$-266,$497,$1283,$14355,$-934,$0,$-9502,$0,$2911,$2911,$-358,$-7883,$0,$0,$0,$-2432,$-2432,$-3024,$74,$-5382,$1000,$1133,$-3024
28,2011-09-30,20.77,$7.06,2.94,$8.33,2.49,$7.41,2.8,$2.75,7.55,$75.27B,$25.54B,2.95,$11.93B,$59.39B,0.2,$71.12B,$54.91B,77.20%,$71.12B,$27.25B,38.31%,$71.12B,$27.25B,38.31%,$71.12B,$30.05B,42.25%,$71.12B,$28.15B,39.58%,$71.12B,$23.48B,33.01%,$23.48B,$59.39B,43.00%,$23.48B,$45.83B,57.04%,$23.48B,$107.42B,23.01%,$27.25B,$71.32B,41.31%,$17372,$3777,$13595,$2329,$4063,$10169,$7203,$103,$7306,$1568,$5738,$5738,$5738,$7929,$7203,$8392,8490,$0.68,$0.68,$57403,$2270,$3255,$75271,$8033,$8576,$13563,$1972,$32144,$107415,$25543,$11927,$8201,$22481,$48024,$63492,$-4101,$0,$59391,$107415,$5738,$726,$-654,$72,$4733,$-920,$-442,$-688,$2683,$8493,$-436,$0,$-875,$0,$-938,$-938,$-66,$-2315,$0,$0,$0,$-1598,$-1598,$-1341,$70,$-2869,$3271,$558,$-1341
29,2011-06-30,21.56,$6.82,3.16,$8.14,2.65,$7.34,2.94,$2.69,8.02,$74.92B,$28.77B,2.6,$11.92B,$57.08B,0.21,$69.94B,$54.37B,77.73%,$69.94B,$27.16B,38.83%,$69.94B,$27.16B,38.83%,$69.94B,$29.93B,42.79%,$69.94B,$28.07B,40.13%,$69.94B,$23.15B,33.10%,$23.15B,$57.08B,44.96%,$23.15B,$43.76B,60.84%,$23.15B,$108.70B,23.61%,$27.16B,$69.00B,43.61%,$17367,$3708,$13659,$2393,$5095,$11196,$6171,$148,$6319,$445,$5874,$5874,$5874,$6860,$6171,$8490,8593,$0.70,$0.69,$52772,$1372,$3320,$74918,$8162,$10865,$13325,$1434,$33786,$108704,$28774,$11921,$8072,$22847,$51621,$63415,$-6332,$0,$57083,$108704,$23150,$2766,$4081,$6847,$-1451,$-561,$58,$-1049,$-3003,$26994,$-2355,$0,$-71,$0,$-13216,$-13216,$1026,$-14616,$6146,$-186,$5960,$-9133,$-9133,$-5180,$-23,$-8376,$4105,$2166,$-5180
30,2011-03-31,20.92,$6.34,3.3,$7.92,2.64,$6.95,3.01,$2.51,8.33,$66.26B,$24.04B,2.76,$11.92B,$53.45B,0.22,$68.62B,$53.58B,78.08%,$68.62B,$26.92B,39.23%,$68.62B,$26.92B,39.23%,$68.62B,$29.72B,43.31%,$68.62B,$27.78B,40.48%,$68.62B,$21.79B,31.76%,$21.79B,$53.45B,44.69%,$21.79B,$40.06B,61.80%,$21.79B,$99.73B,23.58%,$26.92B,$65.37B,46.57%,$16428,$3897,$12531,$2269,$4553,$10719,$5709,$316,$6025,$793,$5232,$5232,$5232,$6429,$5709,$8420,8510,$0.62,$0.61,$50150,$1056,$2438,$66263,$7969,$10748,$13394,$1353,$33464,$99727,$24042,$11915,$8001,$22233,$46275,$63234,$-9782,$0,$53452,$99727,$17276,$2077,$-951,$1126,$3435,$-258,$-235,$-292,$2650,$21052,$-1713,$0,$-69,$0,$-12947,$-12947,$1063,$-13666,$6146,$-186,$5960,$-8057,$-8057,$-3830,$-26,$-5953,$1516,$1622,$-3830
31,2010-12-31,22.86,$5.77,3.96,$7.62,3.0,$6.62,3.45,$2.35,9.73,$59.68B,$24.31B,2.46,$9.67B,$48.48B,0.2,$66.69B,$52.79B,79.16%,$66.69B,$26.38B,39.56%,$66.69B,$26.38B,39.56%,$66.69B,$29.15B,43.71%,$66.69B,$27.09B,40.62%,$66.69B,$20.57B,30.84%,$20.57B,$48.48B,43.92%,$20.57B,$34.99B,61.87%,$20.57B,$92.31B,23.18%,$26.38B,$58.15B,49.01%,$19953,$4833,$15120,$2185,$4770,$11788,$8165,$332,$8497,$1863,$6634,$6634,$6634,$8828,$8165,$8497,8570,$0.78,$0.77,$41252,$861,$2149,$59684,$7799,$10022,$13494,$1307,$32622,$92306,$24312,$9671,$7662,$19513,$43825,$61646,$-13165,$0,$48481,$92306,$12044,$1357,$-896,$461,$404,$-88,$-184,$-257,$-125,$12380,$-1055,$0,$-69,$0,$-6577,$-6577,$1174,$-6527,$3907,$-186,$3721,$-8614,$-8614,$-2481,$-16,$-7390,$-1482,$1081,$-2481
32,2010-09-30,19.93,$5.48,3.64,$7.42,2.69,$6.44,3.09,$2.32,8.59,$59.58B,$25.86B,2.3,$9.67B,$46.94B,0.21,$65.76B,$53.07B,80.70%,$65.76B,$26.73B,40.65%,$65.76B,$26.73B,40.65%,$65.76B,$29.45B,44.79%,$65.76B,$27.48B,41.79%,$65.76B,$20.60B,31.32%,$20.60B,$46.94B,44.99%,$20.60B,$33.39B,64.09%,$20.60B,$91.54B,23.90%,$26.73B,$56.61B,52.11%,$16195,$3139,$13056,$2196,$3744,$9079,$7116,$114,$7230,$1820,$5410,$5410,$5410,$7810,$7116,$8614,8695,$0.63,$0.62,$44173,$1242,$2176,$59581,$7771,$9211,$13548,$1429,$31959,$91540,$25857,$9665,$7384,$18741,$44598,$61935,$-14993,$0,$46942,$91540,$5410,$694,$-635,$59,$3674,$-468,$-400,$-81,$2725,$8194,$-564,$0,$0,$0,$-5120,$-5120,$727,$-4957,$3907,$814,$4721,$-4222,$-4222,$-1118,$-20,$-639,$2656,$528,$-1118
33,2010-06-30,18.63,$5.33,3.5,$6.99,2.66,$6.20,3.01,$2.10,8.87,$55.68B,$26.15B,2.13,$4.94B,$46.18B,0.11,$62.48B,$50.09B,80.16%,$62.48B,$24.10B,38.57%,$62.48B,$24.10B,38.57%,$62.48B,$26.77B,42.84%,$62.48B,$25.01B,40.03%,$62.48B,$18.76B,30.02%,$18.76B,$46.18B,42.30%,$18.76B,$32.62B,61.44%,$18.76B,$86.11B,22.42%,$24.10B,$51.11B,49.80%,$16039,$3170,$12869,$2350,$4589,$10109,$5930,$94,$6024,$1506,$4518,$4518,$4518,$6648,$5930,$8813,8927,$0.52,$0.51,$36788,$740,$2950,$55676,$7630,$7754,$13552,$1501,$30437,$86113,$26147,$4939,$7445,$13791,$39938,$62856,$-16681,$0,$46175,$86113,$18760,$2673,$1979,$4652,$-2238,$-44,$844,$2099,$661,$24073,$-1977,$0,$-245,$0,$-7590,$-7590,$-1502,$-11314,$1181,$-991,$190,$-8958,$-8958,$-4578,$55,$-13291,$-571,$1891,$-4578
34,2010-03-31,23.61,$5.22,4.53,$6.65,3.55,$5.49,4.3,$1.93,12.23,$54.52B,$26.42B,2.06,$3.75B,$45.71B,0.08,$59.54B,$47.73B,80.16%,$59.54B,$22.16B,37.21%,$59.54B,$22.16B,37.21%,$59.54B,$24.79B,41.63%,$59.54B,$23.13B,38.85%,$59.54B,$17.29B,29.03%,$17.29B,$45.71B,40.49%,$17.29B,$31.97B,60.23%,$17.29B,$84.91B,21.18%,$22.16B,$49.46B,47.71%,$14503,$2755,$11748,$2220,$4355,$9330,$5173,$168,$5341,$1335,$4006,$4006,$4006,$5867,$5173,$8767,8876,$0.46,$0.45,$39666,$501,$2992,$54518,$7372,$7797,$13745,$1478,$30392,$84910,$26424,$3746,$7113,$12776,$39200,$62517,$-16807,$0,$45710,$84910,$14242,$1955,$-754,$1201,$1906,$216,$89,$815,$3026,$18469,$-1219,$0,$-245,$0,$-6841,$-6841,$1110,$-7195,$694,$-446,$248,$-6031,$-6031,$-3448,$38,$-9193,$2079,$1409,$-3448
35,2009-12-31,24.46,$5.03,4.87,$6.55,3.73,$5.00,4.89,$1.81,13.51,$52.49B,$25.72B,2.04,$3.75B,$44.28B,0.09,$58.69B,$46.82B,79.77%,$58.69B,$21.42B,36.50%,$58.69B,$21.42B,36.50%,$58.69B,$24.03B,40.94%,$58.69B,$21.84B,37.21%,$58.69B,$16.26B,27.70%,$16.26B,$44.28B,40.14%,$16.26B,$30.57B,61.66%,$16.26B,$82.10B,20.95%,$21.42B,$48.03B,49.46%,$19022,$3628,$15394,$2079,$4802,$10509,$8513,$370,$8883,$2221,$6662,$6662,$6662,$9128,$8513,$8856,8951,$0.75,$0.74,$36099,$589,$2547,$52487,$7402,$6976,$13714,$1517,$29609,$82096,$25715,$3746,$6808,$12098,$37813,$62566,$-18283,$0,$44283,$82096,$10236,$1261,$-604,$657,$-41,$139,$-33,$118,$183,$11076,$-811,$0,$-102,$0,$-1605,$-1605,$1227,$-1291,$345,$-97,$248,$-4430,$-4430,$-2309,$24,$-6467,$3346,$928,$-2309
36,2009-09-30,20.55,$4.63,4.44,$6.29,3.27,$4.70,4.37,$1.54,13.34,$52.23B,$28.76B,1.82,$3.75B,$41.21B,0.09,$56.30B,$44.15B,78.42%,$56.30B,$18.85B,33.48%,$56.30B,$18.85B,33.48%,$56.30B,$21.47B,38.14%,$56.30B,$18.60B,33.03%,$56.30B,$13.77B,24.46%,$13.77B,$41.21B,36.19%,$13.77B,$26.98B,57.93%,$13.77B,$81.61B,18.73%,$18.85B,$44.96B,47.21%,$12920,$2842,$10078,$2065,$3531,$8438,$4482,$283,$4765,$1191,$3574,$3574,$3574,$5128,$4482,$8914,8983,$0.40,$0.40,$36728,$1150,$3325,$52231,$7512,$6006,$14235,$1628,$29381,$81612,$28761,$3746,$6537,$11639,$40400,$62293,$-21081,$0,$41212,$81612,$3574,$646,$764,$1410,$2748,$-419,$-36,$-1170,$1123,$6107,$-435,$0,$-39,$0,$-2575,$-2575,$1850,$-1199,$-128,$378,$250,$-1292,$-1292,$-1157,$9,$-2190,$2747,$443,$-1157
37,2009-06-30,18.89,$4.44,4.25,$6.49,2.91,$4.35,4.34,$1.62,11.66,$49.28B,$27.03B,1.82,$3.75B,$39.56B,0.1,$58.44B,$46.28B,79.20%,$58.44B,$20.36B,34.85%,$58.44B,$20.36B,34.85%,$58.44B,$22.93B,39.23%,$58.44B,$19.82B,33.92%,$58.44B,$14.57B,24.93%,$14.57B,$39.56B,40.31%,$14.57B,$25.30B,66.60%,$14.57B,$77.89B,20.99%,$20.36B,$43.30B,54.92%,$13099,$2586,$10513,$2225,$4301,$9112,$3987,$155,$4142,$1097,$3045,$3045,$3045,$4668,$3987,$8945,8996,$0.35,$0.34,$31447,$717,$3711,$49280,$7535,$4933,$14262,$1599,$28608,$77888,$27034,$3746,$6269,$11296,$38330,$62382,$-22824,$0,$39558,$77888,$14569,$2562,$2084,$4646,$2215,$255,$-671,$-1977,$-178,$19037,$-3119,$0,$-868,$0,$-10853,$-10853,$-930,$-15770,$4568,$1178,$5746,$-8774,$-8774,$-4468,$33,$-7463,$-4263,$1708,$-4468
38,2009-03-31,14.5,$4.15,3.49,$6.71,2.16,$4.53,3.2,$1.74,8.33,$40.72B,$23.82B,1.71,$0.00B,$36.94B,0.0,$61.18B,$48.74B,79.67%,$61.18B,$22.06B,36.05%,$61.18B,$22.06B,36.05%,$61.18B,$24.54B,40.12%,$61.18B,$21.65B,35.39%,$61.18B,$15.82B,25.86%,$15.82B,$36.94B,44.79%,$15.82B,$22.63B,74.97%,$15.82B,$68.85B,23.22%,$22.06B,$36.94B,62.43%,$13648,$2814,$10834,$2212,$4184,$9210,$4438,$-388,$4050,$1073,$2977,$2977,$2977,$5102,$4438,$8891,8904,$0.33,$0.33,$25340,$657,$3619,$40724,$7112,$4112,$14310,$1639,$28129,$68853,$23823,$0,$6699,$8087,$31910,$61896,$-24953,$0,$36943,$68853,$11524,$1881,$-636,$1245,$4035,$0,$0,$-1608,$2427,$15196,$-2252,$0,$-827,$0,$-3754,$-3754,$-1080,$-7913,$328,$1667,$1995,$-8895,$-8895,$-3310,$48,$-10162,$-3054,$1292,$-3310
39,2008-12-31,15.24,$3.88,3.93,$6.71,2.27,$4.72,3.23,$1.88,8.11,$37.73B,$23.71B,1.59,$0.00B,$34.48B,0.0,$61.98B,$49.85B,80.42%,$61.98B,$21.91B,35.34%,$61.98B,$21.91B,35.34%,$61.98B,$24.26B,39.15%,$61.98B,$22.41B,36.15%,$61.98B,$17.23B,27.80%,$17.23B,$34.48B,48.57%,$17.23B,$20.17B,78.91%,$17.23B,$65.79B,25.12%,$21.91B,$34.48B,61.75%,$16629,$3907,$12722,$2290,$4493,$10690,$5939,$-301,$5638,$1464,$4174,$4174,$4174,$6571,$5939,$8903,8914,$0.47,$0.47,$20715,$968,$3590,$37730,$6996,$3922,$14305,$1724,$28056,$65786,$23710,$0,$6064,$7598,$31308,$61392,$-26914,$0,$34478,$65786,$8547,$1217,$-434,$783,$2338,$0,$0,$-2516,$-178,$9152,$-1620,$0,$-827,$0,$2687,$2687,$-2144,$-1904,$0,$1996,$1996,$-8989,$-8989,$-2155,$46,$-9102,$-1993,$860,$-2155
40,2008-09-30,20.78,$3.74,5.55,$6.57,3.16,$4.85,4.28,$1.91,10.88,$37.20B,$24.38B,1.53,$0.00B,$33.59B,0.0,$61.72B,$49.95B,80.93%,$61.72B,$22.42B,36.33%,$61.72B,$22.42B,36.33%,$61.72B,$24.63B,39.90%,$61.72B,$23.59B,38.22%,$61.72B,$17.77B,28.78%,$17.77B,$33.59B,50.09%,$17.77B,$19.40B,79.32%,$17.77B,$65.12B,25.75%,$22.42B,$33.59B,63.22%,$15061,$2848,$12213,$2283,$3931,$9062,$5999,$-8,$5991,$1618,$4373,$4373,$4373,$6584,$5999,$9084,9183,$0.48,$0.48,$20722,$1640,$3331,$37202,$6552,$4381,$14190,$1751,$27915,$65117,$24383,$0,$5478,$7140,$31523,$61655,$-28061,$0,$33594,$65117,$4373,$585,$-1047,$-462,$3985,$0,$0,$-4526,$-541,$3370,$-778,$0,$-377,$0,$3293,$3293,$-1543,$595,$0,$1975,$1975,$-6265,$-6265,$-998,$44,$-5244,$-1335,$443,$-998
41,2008-06-30,21.34,$3.97,5.38,$6.37,3.35,$5.13,4.16,$1.88,11.35,$43.24B,$29.89B,1.45,$0.00B,$36.29B,0.0,$60.42B,$48.82B,80.80%,$60.42B,$22.27B,36.86%,$60.42B,$22.27B,36.86%,$60.42B,$24.33B,40.26%,$60.42B,$23.81B,39.41%,$60.42B,$17.68B,29.26%,$17.68B,$36.29B,50.37%,$17.68B,$22.21B,78.20%,$17.68B,$72.79B,25.58%,$22.27B,$36.29B,63.45%,$15837,$2866,$12971,$2407,$4885,$10158,$5679,$289,$5968,$1671,$4297,$4297,$4297,$6287,$5679,$9328,9470,$0.47,$0.45,$23662,$985,$2989,$43242,$6242,$6588,$14081,$1691,$29551,$72793,$29886,$0,$4721,$6621,$36507,$62849,$-26563,$0,$36286,$72793,$17681,$2056,$4310,$6366,$-1569,$0,$0,$-866,$-2435,$21612,$-3182,$0,$-8053,$0,$6775,$6775,$-127,$-4587,$0,$0,$0,$-9039,$-9039,$-4015,$120,$-12934,$4228,$1479,$-4015
42,2008-03-31,21.93,$4.03,5.44,$6.05,3.62,$4.76,4.61,$1.73,12.68,$41.49B,$27.03B,1.54,$0.00B,$37.55B,0.0,$57.95B,$45.99B,79.35%,$57.95B,$20.50B,35.36%,$57.95B,$20.50B,35.36%,$57.95B,$22.32B,38.52%,$57.95B,$22.13B,38.19%,$57.95B,$16.42B,28.33%,$16.42B,$37.55B,48.57%,$16.42B,$25.57B,70.09%,$16.42B,$70.75B,24.61%,$20.50B,$37.55B,60.63%,$14454,$2514,$11940,$2035,$5615,$10164,$4290,$520,$4810,$422,$4388,$4388,$4388,$4822,$4290,$9307,9428,$0.47,$0.47,$26341,$774,$2782,$41489,$5516,$8659,$11985,$1731,$29258,$70747,$27028,$0,$4411,$6165,$33193,$63375,$-25821,$0,$37554,$70747,$13384,$1448,$581,$2029,$2077,$0,$0,$37,$2114,$17527,$-1964,$0,$-5967,$0,$4112,$4112,$-265,$-4084,$0,$0,$0,$-4978,$-4978,$-2995,$111,$-7862,$5709,$1066,$-2995
43,2007-12-31,27.4,$3.69,7.42,$5.98,4.58,$4.32,6.34,$1.76,15.57,$37.78B,$22.06B,1.71,$0.00B,$34.43B,0.0,$57.90B,$46.30B,79.97%,$57.90B,$22.79B,39.37%,$57.90B,$22.79B,39.37%,$57.90B,$24.54B,42.38%,$57.90B,$24.29B,41.95%,$57.90B,$16.96B,29.29%,$16.96B,$34.43B,51.14%,$16.96B,$22.41B,69.08%,$16.96B,$67.34B,26.08%,$22.79B,$34.43B,68.74%,$16367,$3543,$12824,$1885,$4486,$9914,$6453,$367,$6820,$2113,$4707,$4707,$4707,$6934,$6453,$9361,9503,$0.50,$0.50,$21076,$755,$2840,$37775,$4965,$9413,$12026,$1960,$29564,$67339,$22058,$0,$8893,$10850,$32908,$62528,$-28097,$0,$34431,$67339,$8996,$916,$433,$1349,$220,$0,$0,$-120,$100,$10445,$-1205,$0,$-5829,$0,$4302,$4302,$-574,$-3306,$0,$0,$0,$-4006,$-4006,$-1972,$102,$-5876,$1349,$693,$-1972
44,2007-09-30,22.6,$3.44,6.58,$5.52,4.09,$3.86,5.85,$1.52,14.87,$35.85B,$22.74B,1.58,$0.00B,$32.14B,0.0,$54.07B,$42.40B,78.41%,$54.07B,$19.81B,36.64%,$54.07B,$19.81B,36.64%,$54.07B,$21.44B,39.65%,$54.07B,$21.28B,39.35%,$54.07B,$14.88B,27.51%,$14.88B,$32.14B,44.13%,$14.88B,$20.27B,55.36%,$14.88B,$65.65B,22.97%,$19.81B,$32.14B,58.78%,$13762,$2675,$11087,$1837,$3401,$7913,$5849,$367,$6216,$1927,$4289,$4289,$4289,$6284,$5849,$9380,9513,$0.46,$0.45,$21574,$1178,$2548,$35853,$4615,$9707,$11869,$2014,$29792,$65645,$22744,$0,$8981,$10766,$33510,$60699,$-28564,$0,$32135,$65645,$4289,$435,$-710,$-275,$2806,$0,$0,$-942,$1864,$5878,$-510,$0,$-5396,$0,$3453,$3453,$196,$-2257,$0,$0,$0,$-2284,$-2284,$-938,$69,$-3153,$526,$333,$-938
45,2007-06-30,22.53,$3.32,6.8,$5.15,4.37,$3.66,6.15,$1.42,15.87,$40.17B,$23.75B,1.69,$0.00B,$31.10B,0.0,$51.12B,$40.43B,79.08%,$51.12B,$18.44B,36.07%,$51.12B,$18.44B,36.07%,$51.12B,$19.88B,38.88%,$51.12B,$20.10B,39.32%,$51.12B,$14.07B,27.51%,$14.07B,$31.10B,40.53%,$14.07B,$25.46B,47.50%,$14.07B,$63.17B,21.74%,$18.44B,$31.10B,53.13%,$13371,$3237,$10134,$1948,$4283,$9468,$3903,$381,$4284,$1249,$3035,$3035,$3035,$4284,$3903,$9742,9886,$0.31,$0.31,$23411,$1127,$2393,$40168,$4350,$10117,$5638,$1509,$23003,$63171,$23754,$0,$6453,$8320,$32074,$60557,$-29460,$0,$31097,$63171,$14065,$1440,$3252,$4692,$-1764,$0,$0,$803,$-961,$17796,$-2264,$0,$-1150,$0,$9879,$9879,$-376,$6089,$0,$0,$0,$-20793,$-20793,$-3805,$54,$-24544,$-603,$1550,$-3805
46,2007-03-31,21.24,$3.65,5.81,$4.92,4.31,$3.31,6.42,$1.39,15.28,$42.78B,$21.63B,1.98,$0.00B,$34.97B,0.0,$49.56B,$39.97B,80.66%,$49.56B,$18.42B,37.16%,$49.56B,$18.42B,37.16%,$49.56B,$19.74B,39.83%,$49.56B,$20.08B,40.51%,$49.56B,$13.86B,27.96%,$13.86B,$34.97B,37.50%,$13.86B,$30.06B,43.08%,$13.86B,$63.89B,20.90%,$18.42B,$34.97B,49.84%,$14398,$2140,$12258,$1750,$3919,$7809,$6589,$382,$6971,$2045,$4926,$4926,$4926,$7034,$6589,$9725,9862,$0.51,$0.50,$28236,$1750,$2374,$42783,$3923,$9624,$4916,$1228,$21108,$63891,$21627,$0,$5559,$7291,$28918,$60827,$-25854,$0,$34973,$63891,$11030,$1059,$854,$1913,$1011,$0,$0,$-560,$451,$13394,$-1444,$0,$-502,$0,$7046,$7046,$-86,$5014,$0,$0,$0,$-14740,$-14740,$-2853,$32,$-17561,$897,$1214,$-2853
47,2006-12-31,22.68,$3.75,6.05,$4.51,5.03,$3.09,7.35,$1.18,19.22,$45.18B,$22.22B,2.03,$0.00B,$36.63B,0.0,$46.06B,$36.58B,79.43%,$46.06B,$15.72B,34.12%,$46.06B,$15.72B,34.12%,$46.06B,$16.77B,36.40%,$46.06B,$17.42B,37.82%,$46.06B,$11.91B,25.86%,$11.91B,$36.63B,30.76%,$11.91B,$31.70B,34.87%,$11.91B,$66.37B,17.76%,$15.72B,$36.63B,40.59%,$12542,$3620,$8922,$1637,$3813,$9070,$3472,$333,$3805,$1179,$2626,$2626,$2626,$3837,$3472,$9806,9942,$0.27,$0.26,$28873,$1725,$2080,$45180,$3686,$9631,$4934,$1284,$21191,$66371,$22215,$0,$5684,$7522,$29737,$61152,$-24518,$0,$36634,$66371,$6104,$614,$297,$911,$-444,$0,$0,$-1361,$-1805,$6103,$-983,$0,$-461,$0,$6351,$6351,$-404,$4503,$0,$0,$0,$-8646,$-8646,$-1877,$25,$-10498,$145,$893,$-1877
