,Date,Stock Price,Book Value per Share,Price to Book Ratio,TTM Sales per Share,Price to Sales Ratio,TTM FCF per Share,Price to FCF Ratio,TTM Net EPS,PE Ratio,Current Assets,Current Liabilities,Current Ratio,Long Term Debt,Shareholder's Equity_x,Debt to Equity Ratio,TTM Revenue_x,TTM Gross Profit,Gross Margin,TTM Revenue_y,TTM Operating Income,Operating Margin,TTM Revenue_x,TTM EBIT,EBIT Margin,TTM Revenue_y,TTM EBITDA,EBITDA Margin,TTM Revenue_x,TTM Pre-Tax Income,Pre-Tax Margin,TTM Revenue_y,TTM Net Income_x,Net Margin,TTM Net Income_y,Shareholder's Equity_y,Return on Equity,TTM Net Income_x,Tangible Equity,Return on Tangible Equity,TTM Net Income_y,Total Assets,Return on Assets,TTM Net Income,LT Investments & Debt,Return on Investment,revenue,cost-goods-sold,gross-profit,research-development-expenses,selling-general-administrative-expenses,operating-expenses,operating-income,total-non-operating-income-expense,pre-tax-income,total-provision-income-taxes,income-after-taxes,income-from-continuous-operations,net-income,ebitda,ebit,basic-shares-outstanding,shares-outstanding,eps-basic-net-earnings-per-share,eps-earnings-per-share-diluted,cash-on-hand,inventory,other-current-assets,total-current-assets,net-property-plant-equipment,long-term-investments,goodwill-intangible-assets-total,other-long-term-assets,total-long-term-assets,total-assets,total-current-liabilities,long-term-debt,other-non-current-liabilities,total-long-term-liabilities,total-liabilities,common-stock-net,retained-earnings-accumulated-deficit,comprehensive-income,total-share-holder-equity,total-liabilities-share-holders-equity,net-income-loss,total-depreciation-amortization-cash-flow,other-non-cash-items,total-non-cash-items,change-in-accounts-receivable,change-in-inventories,change-in-accounts-payable,change-in-assets-liabilities,total-change-in-assets-liabilities,cash-flow-from-operating-activities,net-change-in-property-plant-equipment,net-change-in-intangible-assets,net-acquisitions-divestitures,net-change-in-short-term-investments,net-change-in-long-term-investments,net-change-in-investments-total,investing-activities-other,cash-flow-from-investing-activities,net-long-term-debt,net-current-debt,debt-issuance-retirement-net-total,net-common-equity-issued-repurchased,net-total-equity-issued-repurchased,total-common-preferred-stock-dividends-paid,financial-activities-other,cash-flow-from-financial-activities,net-cash-flow,stock-based-compensation,common-stock-dividends-paid
0,2018-09-30,315.32,$107.35,2.94,$64.36,4.9,$-4.65,0.0,$5.04,62.56,$1.34B,$0.78B,1.72,$0.10B,$2.55B,0.04,$1.53B,$0.59B,38.25%,$1.53B,$-0.02B,-1.17%,$1.53B,$-0.02B,-1.17%,$1.53B,$0.11B,6.85%,$1.53B,$-0.01B,-0.39%,$1.53B,$0.12B,7.90%,$0.12B,$2.55B,4.69%,$0.12B,$1.74B,6.86%,$0.12B,$3.73B,3.24%,$-0.02B,$2.65B,-0.67%,$218,$124,$94,$0,$115,$269,$-51,$17,$-33,$1,$-34,$-34,$-32,$-21,$-51,$24,24,$-1.36,$-1.36,$1101,$0,$50,$1335,$1270,$266,$806,$51,$2393,$3728,$776,$101,$107,$402,$1179,$0,$-15,$-42,$2550,$3728,$-34,$30,$-2,$27,$-23,$0,$3,$55,$-38,$-45,$-42,$0,$0,$0,$0,$0,$-52,$-95,$-3,$0,$-3,$0,$0,$0,$-13,$-17,$-155,$10,$0
1,2018-06-30,310.19,$107.92,2.87,$65.56,4.73,$-3.18,0.0,$5.93,52.31,$1.42B,$0.77B,1.85,$0.10B,$2.55B,0.04,$1.56B,$0.61B,39.38%,$1.56B,$0.02B,1.22%,$1.56B,$0.02B,1.22%,$1.56B,$0.14B,9.11%,$1.56B,$0.02B,1.09%,$1.56B,$0.14B,9.11%,$0.14B,$2.55B,5.58%,$0.14B,$1.74B,8.22%,$0.14B,$3.74B,3.81%,$0.02B,$2.66B,0.72%,$318,$210,$108,$0,$123,$364,$-46,$-6,$-52,$-1,$-50,$-50,$-46,$-15,$-46,$24,24,$-1.96,$-1.93,$1257,$0,$29,$1416,$1254,$210,$812,$45,$2321,$3736,$766,$101,$110,$417,$1182,$0,$-11,$-47,$2554,$3736,$134,$122,$-57,$65,$2,$0,$5,$40,$21,$221,$-192,$0,$-14,$0,$0,$0,$24,$-182,$-1,$0,$-1,$-12,$-12,$0,$-39,$-51,$-12,$48,$0
2,2018-03-31,245.8,$110.16,2.23,$65.04,3.78,$2.84,86.61,$4.29,57.3,$1.42B,$0.76B,1.85,$0.10B,$2.61B,0.04,$1.55B,$0.58B,37.56%,$1.55B,$-0.03B,-1.75%,$1.55B,$-0.03B,-1.75%,$1.55B,$0.10B,6.59%,$1.55B,$-0.02B,-1.55%,$1.55B,$0.10B,6.72%,$0.10B,$2.61B,4.14%,$0.10B,$1.79B,6.14%,$0.10B,$3.78B,2.80%,$-0.03B,$2.71B,-1.03%,$460,$300,$160,$0,$122,$452,$7,$1,$8,$1,$8,$8,$9,$38,$7,$24,24,$0.39,$0.38,$1204,$0,$27,$1415,$1245,$253,$818,$51,$2367,$3781,$764,$104,$102,$410,$1175,$0,$37,$-35,$2607,$3781,$185,$92,$-75,$16,$-40,$0,$3,$65,$-30,$171,$-159,$0,$-14,$0,$0,$0,$-10,$-183,$0,$0,$0,$-12,$-12,$0,$-38,$-50,$-62,$37,$0
3,2017-12-31,210.85,$110.45,1.91,$61.94,3.4,$5.51,38.25,$3.17,66.51,$1.36B,$0.70B,1.93,$0.11B,$2.60B,0.04,$1.47B,$0.55B,37.61%,$1.47B,$-0.03B,-1.83%,$1.47B,$-0.03B,-1.83%,$1.47B,$0.10B,6.59%,$1.47B,$-0.05B,-3.33%,$1.47B,$0.08B,5.23%,$0.08B,$2.60B,3.10%,$0.08B,$1.78B,4.61%,$0.08B,$3.71B,2.08%,$-0.03B,$2.71B,-1.04%,$536,$312,$224,$0,$121,$464,$72,$-1,$71,$-117,$188,$188,$190,$103,$72,$24,24,$8.03,$7.96,$1149,$0,$41,$1355,$1235,$248,$824,$52,$2359,$3714,$704,$105,$100,$409,$1113,$0,$28,$-39,$2602,$3714,$177,$61,$-88,$-27,$-17,$0,$15,$1,$-87,$63,$-128,$0,$-14,$0,$0,$0,$-2,$-144,$0,$0,$0,$-12,$-12,$0,$-20,$-32,$-112,$27,$0
4,2017-09-30,214.1,$102.32,2.09,$57.86,3.7,$11.87,18.04,$-2.40,0.0,$1.38B,$0.72B,1.93,$0.11B,$2.41B,0.04,$1.38B,$0.51B,36.76%,$1.38B,$-0.04B,-2.97%,$1.38B,$-0.04B,-2.97%,$1.38B,$0.08B,5.64%,$1.38B,$-0.06B,-4.27%,$1.38B,$-0.06B,-3.98%,$-0.06B,$2.41B,-2.22%,$-0.06B,$1.60B,-3.14%,$-0.06B,$3.66B,-1.50%,$-0.04B,$2.52B,-1.60%,$245,$123,$122,$0,$106,$260,$-14,$4,$-10,$1,$-11,$-11,$-11,$16,$-14,$24,24,$-0.47,$-0.47,$1198,$0,$27,$1380,$1153,$249,$815,$63,$2281,$3661,$717,$105,$102,$530,$1247,$0,$-162,$-35,$2414,$3661,$-11,$31,$11,$41,$7,$0,$-4,$54,$-62,$-32,$-20,$0,$-3,$0,$0,$0,$-4,$-27,$0,$0,$0,$-4,$-4,$0,$-12,$-15,$-74,$13,$0
5,2017-06-30,196.9,$102.78,1.92,$55.01,3.58,$12.81,15.37,$-3.12,0.0,$1.45B,$0.76B,1.9,$0.11B,$2.42B,0.04,$1.32B,$0.46B,34.57%,$1.32B,$-0.06B,-4.55%,$1.32B,$-0.06B,-4.55%,$1.32B,$0.06B,4.17%,$1.32B,$-0.08B,-6.14%,$1.32B,$-0.07B,-5.53%,$-0.07B,$2.42B,-2.92%,$-0.07B,$1.62B,-3.94%,$-0.07B,$3.71B,-2.02%,$-0.06B,$2.53B,-2.35%,$306,$231,$75,$0,$139,$398,$-92,$-0,$-93,$-5,$-87,$-87,$-84,$-55,$-92,$24,24,$-3.53,$-3.51,$1272,$0,$49,$1450,$1159,$242,$804,$58,$2263,$3713,$762,$105,$95,$531,$1293,$0,$-148,$-34,$2420,$3713,$-77,$116,$103,$219,$-20,$0,$2,$60,$75,$217,$-44,$0,$-193,$0,$0,$0,$-27,$-264,$0,$0,$0,$-148,$-148,$0,$-11,$-159,$-206,$41,$0
6,2017-03-31,199.71,$106.23,1.88,$50.99,3.92,$7.77,25.7,$-1.93,0.0,$1.41B,$0.69B,2.04,$0.11B,$2.50B,0.04,$1.23B,$0.46B,37.12%,$1.23B,$-0.01B,-1.14%,$1.23B,$-0.01B,-1.14%,$1.23B,$0.09B,7.23%,$1.23B,$-0.05B,-3.74%,$1.23B,$-0.05B,-3.82%,$-0.05B,$2.50B,-1.85%,$-0.05B,$1.69B,-2.37%,$-0.05B,$3.74B,-1.32%,$-0.01B,$2.61B,-0.55%,$386,$253,$133,$0,$100,$379,$7,$-24,$-17,$0,$-18,$-18,$-18,$33,$7,$24,24,$-0.74,$-0.74,$1174,$0,$63,$1414,$1167,$240,$816,$99,$2322,$3736,$693,$105,$100,$542,$1235,$0,$-64,$-26,$2501,$3736,$11,$79,$61,$139,$-50,$0,$6,$7,$-42,$108,$-32,$0,$-193,$0,$0,$0,$-28,$-253,$0,$0,$0,$-148,$-148,$0,$-10,$-158,$-303,$30,$0
7,2016-12-31,171.51,$107.58,1.59,$48.44,3.54,$5.48,31.29,$-3.66,0.0,$1.59B,$0.65B,2.45,$0.00B,$2.58B,0.0,$1.18B,$0.39B,32.60%,$1.18B,$-0.08B,-6.60%,$1.18B,$-0.08B,-6.60%,$1.18B,$0.03B,2.12%,$1.18B,$-0.09B,-7.62%,$1.18B,$-0.09B,-7.62%,$-0.09B,$2.58B,-3.48%,$-0.09B,$2.10B,-4.26%,$-0.09B,$3.55B,-2.54%,$-0.08B,$2.58B,-3.02%,$445,$267,$178,$0,$94,$387,$58,$2,$61,$3,$57,$57,$58,$84,$58,$24,24,$2.41,$2.39,$1430,$0,$24,$1589,$1131,$264,$481,$87,$1964,$3553,$650,$0,$74,$325,$975,$0,$-47,$-32,$2578,$3553,$29,$52,$23,$75,$-15,$0,$13,$41,$7,$110,$-22,$0,$-14,$0,$0,$0,$-26,$-63,$0,$0,$0,$-72,$-72,$0,$-9,$-81,$-34,$20,$0
8,2016-09-30,169.41,$104.42,1.62,$46.40,3.65,$4.01,42.25,$-4.31,0.0,$1.48B,$0.63B,2.34,$0.00B,$2.50B,0.0,$1.15B,$0.37B,32.08%,$1.15B,$-0.09B,-7.59%,$1.15B,$-0.09B,-7.59%,$1.15B,$0.02B,1.39%,$1.15B,$-0.11B,-9.42%,$1.15B,$-0.11B,-9.15%,$-0.11B,$2.50B,-3.98%,$-0.11B,$2.02B,-4.84%,$-0.11B,$3.46B,-2.92%,$-0.09B,$2.50B,-3.30%,$182,$111,$70,$0,$77,$215,$-33,$1,$-32,$-3,$-29,$-29,$-29,$-7,$-33,$24,24,$-1.19,$-1.19,$1309,$0,$29,$1481,$1143,$265,$482,$88,$1978,$3460,$633,$0,$73,$324,$958,$0,$-104,$-39,$2502,$3460,$-29,$26,$6,$32,$-12,$0,$4,$74,$-25,$-22,$-8,$0,$-14,$0,$0,$0,$-26,$-49,$0,$0,$0,$-72,$-72,$0,$-8,$-80,$-150,$8,$0
