,Date,Stock Price,Book Value per Share,Price to Book Ratio,TTM Sales per Share,Price to Sales Ratio,TTM FCF per Share,Price to FCF Ratio,TTM Net EPS,PE Ratio,Current Assets,Current Liabilities,Current Ratio,Long Term Debt,Shareholder's Equity_x,Debt to Equity Ratio,TTM Revenue_x,TTM Gross Profit,Gross Margin,TTM Revenue_y,TTM Operating Income,Operating Margin,TTM Revenue_x,TTM EBIT,EBIT Margin,TTM Revenue_y,TTM EBITDA,EBITDA Margin,TTM Revenue_x,TTM Pre-Tax Income,Pre-Tax Margin,TTM Revenue_y,TTM Net Income_x,Net Margin,TTM Net Income_y,Shareholder's Equity_y,Return on Equity,TTM Net Income_x,Tangible Equity,Return on Tangible Equity,TTM Net Income_y,Total Assets,Return on Assets,TTM Net Income,LT Investments & Debt,Return on Investment,revenue,cost-goods-sold,gross-profit,research-development-expenses,selling-general-administrative-expenses,operating-expenses,operating-income,total-non-operating-income-expense,pre-tax-income,total-provision-income-taxes,income-after-taxes,income-from-continuous-operations,net-income,ebitda,ebit,basic-shares-outstanding,shares-outstanding,eps-basic-net-earnings-per-share,eps-earnings-per-share-diluted,cash-on-hand,inventory,other-current-assets,total-current-assets,net-property-plant-equipment,long-term-investments,goodwill-intangible-assets-total,other-long-term-assets,total-long-term-assets,total-assets,total-current-liabilities,long-term-debt,other-non-current-liabilities,total-long-term-liabilities,total-liabilities,common-stock-net,retained-earnings-accumulated-deficit,comprehensive-income,total-share-holder-equity,total-liabilities-share-holders-equity,net-income-loss,total-depreciation-amortization-cash-flow,other-non-cash-items,total-non-cash-items,change-in-accounts-receivable,change-in-inventories,change-in-accounts-payable,change-in-assets-liabilities,total-change-in-assets-liabilities,cash-flow-from-operating-activities,net-change-in-property-plant-equipment,net-change-in-intangible-assets,net-acquisitions-divestitures,net-change-in-short-term-investments,net-change-in-long-term-investments,net-change-in-investments-total,investing-activities-other,cash-flow-from-investing-activities,net-long-term-debt,net-current-debt,debt-issuance-retirement-net-total,net-common-equity-issued-repurchased,net-total-equity-issued-repurchased,total-common-preferred-stock-dividends-paid,financial-activities-other,cash-flow-from-financial-activities,net-cash-flow,stock-based-compensation,common-stock-dividends-paid
0,2018-09-30,25.8,$-8.16,-3.16,$9.28,2.78,$7.03,3.67,$3.89,6.63,$0.30B,$0.11B,2.67,$1.03B,$-0.61B,-1.68,$0.70B,$0.41B,58.18%,$0.70B,$0.32B,45.09%,$0.70B,$0.32B,45.09%,$0.70B,$0.33B,46.80%,$0.70B,$0.27B,38.98%,$0.70B,$0.30B,41.96%,$0.30B,$-0.61B,-43.64%,$0.30B,$-1.07B,-25.92%,$0.30B,$0.81B,35.08%,$0.32B,$0.42B,71.28%,$164,$67,$98,$0,$17,$86,$79,$-11,$68,$21,$47,$47,$47,$82,$79,$75,76,$0.63,$0.62,$170,$0,$6,$297,$10,$0,$461,$39,$509,$806,$111,$1025,$9,$1305,$1417,$1,$-422,$-7,$-610,$806,$47,$3,$4,$6,$11,$0,$-1,$6,$10,$63,$-1,$0,$0,$0,$0,$0,$0,$-1,$-94,$0,$-94,$0,$0,$0,$-4,$-97,$-35,$4,$0
1,2018-06-30,23.95,$-8.82,-2.72,$9.18,2.61,$6.90,3.47,$3.81,6.29,$0.34B,$0.11B,3.04,$1.12B,$-0.66B,-1.7,$0.70B,$0.41B,58.19%,$0.70B,$0.31B,45.11%,$0.70B,$0.31B,45.11%,$0.70B,$0.33B,46.98%,$0.70B,$0.27B,39.08%,$0.70B,$0.29B,41.52%,$0.29B,$-0.66B,-38.57%,$0.29B,$-1.12B,-23.84%,$0.29B,$0.85B,34.22%,$0.31B,$0.46B,74.58%,$171,$69,$103,$0,$20,$91,$81,$-11,$70,$25,$45,$45,$45,$84,$81,$75,76,$0.60,$0.60,$205,$0,$5,$338,$10,$0,$462,$39,$511,$850,$111,$1118,$9,$1396,$1507,$1,$-460,$-7,$-658,$850,$289,$12,$14,$26,$-1,$0,$0,$-112,$-105,$211,$-4,$0,$0,$0,$0,$0,$0,$-4,$-125,$0,$-125,$-14,$-14,$0,$-4,$-143,$64,$14,$0
2,2018-03-31,22.6,$-9.21,-2.45,$9.08,2.49,$6.71,3.37,$3.73,6.06,$0.34B,$0.13B,2.61,$1.14B,$-0.69B,-1.64,$0.69B,$0.40B,58.14%,$0.69B,$0.31B,44.91%,$0.69B,$0.31B,44.91%,$0.69B,$0.32B,46.95%,$0.69B,$0.27B,38.95%,$0.69B,$0.28B,41.28%,$0.28B,$-0.69B,-34.60%,$0.28B,$-1.16B,-22.11%,$0.28B,$0.86B,34.08%,$0.31B,$0.44B,81.32%,$187,$80,$106,$0,$23,$106,$81,$-10,$70,$24,$47,$47,$47,$84,$81,$76,76,$0.62,$0.62,$195,$0,$4,$344,$9,$0,$463,$40,$511,$856,$132,$1136,$8,$1417,$1549,$1,$-505,$-8,$-693,$856,$244,$9,$11,$20,$-13,$0,$-1,$-109,$-99,$165,$-1,$0,$0,$0,$0,$0,$0,$-1,$-106,$0,$-106,$0,$0,$0,$-4,$-110,$53,$11,$0
3,2017-12-31,20.25,$-9.87,-2.05,$9.05,2.24,$6.67,3.04,$3.69,5.49,$0.34B,$0.11B,3.11,$1.20B,$-0.74B,-1.62,$0.68B,$0.40B,58.77%,$0.68B,$0.31B,45.47%,$0.68B,$0.31B,45.47%,$0.68B,$0.33B,47.66%,$0.68B,$0.27B,39.77%,$0.68B,$0.28B,41.08%,$0.28B,$-0.74B,-31.42%,$0.28B,$-1.21B,-20.68%,$0.28B,$0.85B,33.64%,$0.31B,$0.46B,88.98%,$181,$79,$102,$0,$24,$106,$76,$-10,$66,$-90,$156,$156,$156,$79,$76,$75,76,$2.06,$2.05,$202,$0,$3,$338,$9,$0,$463,$41,$514,$852,$109,$1204,$10,$1486,$1595,$1,$-554,$-6,$-743,$852,$197,$6,$8,$14,$-3,$0,$0,$-112,$-109,$102,$-1,$0,$0,$0,$0,$0,$0,$-1,$-38,$0,$-38,$0,$0,$0,$-3,$-40,$61,$8,$0
4,2017-09-30,21.2,$-12.00,-1.77,$8.98,2.36,$6.64,3.19,$2.21,9.59,$0.30B,$0.11B,2.75,$1.22B,$-0.90B,-1.35,$0.68B,$0.41B,59.79%,$0.68B,$0.32B,46.39%,$0.68B,$0.32B,46.39%,$0.68B,$0.33B,48.60%,$0.68B,$0.28B,40.80%,$0.68B,$0.17B,24.74%,$0.17B,$-0.90B,-17.37%,$0.17B,$-1.37B,-11.73%,$0.17B,$0.82B,20.10%,$0.32B,$0.32B,98.44%,$157,$63,$94,$0,$16,$81,$76,$-10,$66,$25,$41,$41,$41,$80,$76,$75,76,$0.55,$0.54,$173,$0,$2,$303,$10,$0,$464,$41,$516,$820,$110,$1222,$10,$1612,$1722,$1,$-709,$-6,$-903,$820,$41,$3,$3,$6,$9,$0,$-1,$1,$5,$52,$-0,$0,$0,$0,$0,$0,$0,$-0,$-19,$0,$-19,$0,$0,$0,$-1,$-20,$32,$3,$0
5,2017-06-30,22.45,$-12.58,-1.79,$8.94,2.51,$6.61,3.4,$2.20,10.2,$0.29B,$0.12B,2.44,$1.24B,$-0.94B,-1.31,$0.68B,$0.41B,59.91%,$0.68B,$0.31B,46.45%,$0.68B,$0.31B,46.45%,$0.68B,$0.33B,48.52%,$0.68B,$0.28B,40.98%,$0.68B,$0.17B,24.70%,$0.17B,$-0.94B,-16.51%,$0.17B,$-1.41B,-11.30%,$0.17B,$0.81B,19.97%,$0.31B,$0.30B,98.59%,$163,$65,$98,$0,$19,$87,$76,$-10,$66,$26,$40,$40,$40,$80,$76,$75,76,$0.51,$0.53,$141,$0,$2,$286,$12,$0,$465,$42,$519,$805,$117,$1240,$10,$1632,$1749,$1,$-747,$-7,$-944,$805,$167,$13,$10,$23,$-5,$0,$-1,$-2,$7,$197,$-5,$0,$0,$0,$0,$0,$0,$-5,$-168,$0,$-168,$0,$0,$0,$-2,$-170,$22,$10,$0
6,2017-03-31,23.35,$-13.15,-1.78,$8.91,2.62,$6.43,3.63,$2.33,10.02,$0.35B,$0.15B,2.31,$1.31B,$-0.99B,-1.33,$0.67B,$0.40B,59.94%,$0.67B,$0.31B,46.29%,$0.67B,$0.31B,46.29%,$0.67B,$0.33B,48.52%,$0.67B,$0.28B,40.95%,$0.67B,$0.18B,26.11%,$0.18B,$-0.99B,-16.68%,$0.18B,$-1.45B,-11.56%,$0.18B,$0.86B,21.03%,$0.31B,$0.32B,98.04%,$183,$76,$108,$0,$22,$100,$83,$-10,$74,$29,$44,$44,$44,$87,$83,$75,76,$0.59,$0.58,$177,$0,$2,$345,$11,$0,$466,$42,$519,$864,$150,$1309,$9,$1702,$1851,$1,$-786,$-7,$-987,$864,$128,$10,$7,$17,$-20,$0,$-1,$0,$17,$162,$-3,$0,$0,$0,$0,$0,$0,$-3,$-99,$0,$-99,$0,$0,$0,$-2,$-101,$57,$7,$0
7,2016-12-31,21.5,$-13.77,-1.56,$8.87,2.42,$6.43,3.34,$2.34,9.19,$0.33B,$0.12B,2.89,$1.38B,$-1.03B,-1.33,$0.67B,$0.40B,59.91%,$0.67B,$0.31B,46.65%,$0.67B,$0.31B,46.65%,$0.67B,$0.33B,48.73%,$0.67B,$0.28B,41.13%,$0.67B,$0.18B,26.38%,$0.18B,$-1.03B,-16.09%,$0.18B,$-1.50B,-11.28%,$0.18B,$0.85B,21.57%,$0.31B,$0.34B,102.79%,$176,$70,$106,$0,$23,$96,$80,$-9,$71,$27,$43,$43,$43,$83,$80,$75,75,$0.58,$0.57,$185,$0,$3,$332,$13,$0,$467,$42,$522,$854,$115,$1377,$10,$1773,$1888,$1,$-832,$-7,$-1034,$854,$83,$7,$5,$12,$1,$0,$-1,$-6,$6,$101,$-2,$0,$0,$0,$0,$0,$0,$-2,$-30,$0,$-30,$0,$0,$0,$-2,$-32,$66,$5,$0
8,2016-09-30,18.61,$-14.39,-1.29,$8.80,2.11,$6.68,2.79,$2.22,8.38,$0.30B,$0.11B,2.71,$1.40B,$-1.08B,-1.29,$0.67B,$0.39B,59.25%,$0.67B,$0.31B,46.02%,$0.67B,$0.31B,46.02%,$0.67B,$0.32B,48.27%,$0.67B,$0.27B,40.45%,$0.67B,$0.17B,25.26%,$0.17B,$-1.08B,-14.67%,$0.17B,$-1.55B,-10.41%,$0.17B,$0.82B,20.12%,$0.31B,$0.31B,110.07%,$154,$61,$93,$0,$15,$79,$75,$-9,$66,$25,$40,$40,$40,$78,$75,$75,75,$0.54,$0.53,$155,$0,$3,$298,$14,$0,$468,$42,$524,$822,$110,$1395,$11,$1792,$1902,$1,$-876,$-7,$-1080,$822,$40,$3,$2,$5,$13,$0,$-1,$-2,$5,$51,$-2,$0,$0,$0,$0,$0,$0,$-2,$-11,$0,$-11,$0,$0,$0,$-1,$-12,$36,$2,$0
9,2016-06-30,15.34,$-14.94,-1.03,$8.72,1.76,$7.04,2.18,$0.11,139.45,$0.28B,$0.11B,2.5,$1.42B,$-1.12B,-1.26,$0.66B,$0.39B,59.03%,$0.66B,$0.27B,41.43%,$0.66B,$0.27B,41.43%,$0.66B,$0.29B,44.16%,$0.66B,$0.24B,37.03%,$0.66B,$0.01B,1.21%,$0.01B,$-1.12B,-0.67%,$0.01B,$-1.59B,-0.48%,$0.01B,$0.81B,0.95%,$0.27B,$0.30B,107.06%,$161,$63,$97,$0,$19,$86,$74,$-9,$65,$22,$43,$43,$49,$79,$74,$75,75,$0.65,$0.65,$120,$0,$3,$281,$14,$0,$469,$43,$525,$807,$112,$1415,$11,$1814,$1927,$1,$-905,$-8,$-1120,$807,$8,$18,$161,$179,$-5,$0,$-9,$-5,$-4,$182,$-3,$0,$0,$0,$0,$0,$0,$-3,$1489,$0,$1489,$-99,$-99,$0,$-1483,$-94,$-99,$9,$0
10,2016-03-31,17.29,$-15.59,-1.11,$8.56,2.02,$4.88,3.54,$0.06,288.17,$0.27B,$0.14B,1.98,$1.43B,$-1.17B,-1.23,$0.65B,$0.39B,60.37%,$0.65B,$0.25B,39.02%,$0.65B,$0.25B,39.02%,$0.65B,$0.27B,41.78%,$0.65B,$0.23B,35.94%,$0.65B,$0.01B,0.77%,$0.01B,$-1.17B,-1.05%,$0.01B,$-1.64B,-0.53%,$0.01B,$0.80B,0.36%,$0.25B,$0.27B,41.49%,$180,$73,$106,$0,$20,$96,$84,$-10,$74,$30,$45,$45,$45,$87,$84,$75,75,$0.60,$0.59,$111,$0,$2,$273,$15,$0,$469,$43,$527,$800,$138,$1433,$9,$1829,$1967,$1,$-951,$-6,$-1167,$800,$-41,$13,$165,$178,$-17,$0,$-10,$19,$24,$161,$-2,$0,$0,$0,$0,$0,$0,$-2,$1500,$0,$1500,$-99,$-99,$0,$-1483,$-82,$-108,$8,$0
11,2015-12-31,20.8,$-16.22,-1.28,$8.36,2.49,$3.51,5.92,$-0.02,0.0,$0.38B,$0.28B,1.37,$1.45B,$-1.21B,-1.2,$0.64B,$0.40B,61.72%,$0.64B,$0.24B,37.81%,$0.64B,$0.24B,37.81%,$0.64B,$0.26B,40.94%,$0.64B,$0.23B,36.25%,$0.64B,0,0.00%,$0.00B,$-1.21B,0.00%,$0.00B,$-1.68B,0.00%,$0.00B,$0.91B,0.00%,$0.24B,$0.24B,24.90%,$170,$72,$98,$0,$22,$97,$73,$-9,$64,$30,$34,$34,$34,$77,$73,$75,75,$0.45,$0.45,$238,$0,$2,$382,$16,$0,$470,$43,$529,$911,$278,$1451,$9,$1847,$2125,$1,$-991,$-6,$-1214,$911,$-86,$10,$164,$174,$-16,$0,$-9,$29,$31,$119,$-2,$0,$0,$0,$0,$0,$0,$-2,$1550,$0,$1550,$-100,$-100,$0,$-1484,$-34,$19,$7,$0
12,2015-09-30,20.28,$-16.68,-1.22,$8.23,2.47,$2.30,8.8,$0.31,65.41,$0.33B,$0.25B,1.31,$1.47B,$-1.25B,-1.18,$0.64B,$0.40B,63.52%,$0.64B,$0.25B,39.47%,$0.64B,$0.25B,39.47%,$0.64B,$0.27B,42.77%,$0.64B,$0.25B,39.31%,$0.64B,$0.03B,4.25%,$0.03B,$-1.25B,2.73%,$0.03B,$-1.72B,9.52%,$0.03B,$0.86B,1.07%,$0.25B,$0.22B,18.49%,$148,$60,$88,$0,$41,$106,$42,$-1,$41,$-0,$41,$41,$-120,$48,$42,$76,76,$-1.58,$-1.58,$213,$0,$2,$331,$18,$0,$471,$43,$532,$863,$252,$1469,$9,$1857,$2109,$1,$-1017,$-6,$-1246,$863,$-120,$6,$157,$163,$10,$0,$-5,$31,$36,$79,$-1,$0,$0,$0,$0,$0,$0,$-1,$1550,$0,$1550,$-100,$-100,$0,$-1479,$-29,$-5,$4,$0
13,2015-06-30,23.47,$22.74,1.03,$8.10,2.9,$1.45,16.21,$3.27,7.18,$0.50B,$0.58B,0.87,$0.00B,$1.72B,0.0,$0.63B,$0.41B,65.45%,$0.63B,$0.43B,67.51%,$0.63B,$0.43B,67.51%,$0.63B,$0.45B,70.68%,$0.63B,$0.43B,67.51%,$0.63B,$0.26B,40.41%,$0.26B,$1.72B,14.75%,$0.26B,$1.25B,28.18%,$0.26B,$3.02B,8.28%,$0.43B,$1.72B,24.63%,$153,$52,$101,$0,$42,$98,$55,$-0,$55,$11,$43,$43,$46,$60,$55,$77,78,$0.61,$0.61,$213,$0,$4,$498,$20,$0,$472,$46,$2521,$3020,$575,$0,$11,$722,$1296,$1,$808,$-26,$1724,$3020,$255,$19,$-185,$-166,$-3,$0,$-1,$-26,$-66,$23,$-7,$0,$228,$0,$0,$0,$0,$221,$0,$0,$0,$-140,$-140,$0,$-8,$-148,$126,$10,$0
14,2015-03-31,23.79,$22.41,1.06,$10.87,2.19,$3.29,7.24,$2.82,8.44,$0.55B,$0.68B,0.81,$0.00B,$1.71B,0.0,$0.85B,$0.47B,54.82%,$0.85B,$0.39B,46.00%,$0.85B,$0.39B,46.00%,$0.85B,$0.35B,41.29%,$0.85B,$0.39B,45.53%,$0.85B,$0.22B,26.00%,$0.22B,$1.71B,13.01%,$0.22B,$0.76B,29.20%,$0.22B,$3.08B,7.23%,$0.39B,$1.71B,23.01%,$169,$61,$108,$0,$31,$97,$72,$-0,$72,$36,$36,$36,$40,$77,$72,$77,78,$0.51,$0.51,$271,$0,$29,$547,$1220,$244,$941,$131,$2537,$3083,$675,$0,$113,$702,$1378,$1,$762,$-22,$1705,$3083,$209,$14,$-185,$-170,$-18,$0,$4,$16,$23,$61,$-4,$0,$228,$0,$0,$0,$0,$224,$0,$0,$0,$-114,$-114,$0,$-7,$-122,$149,$9,$0
15,2014-12-31,21.15,$22.93,0.92,$14.56,1.45,$2.22,9.52,$2.55,8.3,$0.63B,$0.66B,0.97,$0.00B,$1.78B,0.0,$1.14B,$0.52B,45.26%,$1.14B,$0.35B,30.35%,$1.14B,$0.35B,30.35%,$1.14B,$0.33B,29.12%,$1.14B,$0.34B,30.00%,$1.14B,$0.20B,17.54%,$0.20B,$1.78B,11.96%,$0.20B,$0.84B,27.88%,$0.20B,$3.15B,6.62%,$0.35B,$1.78B,20.70%,$166,$59,$107,$0,$44,$84,$82,$-1,$82,$33,$49,$49,$61,$87,$82,$78,78,$0.79,$0.78,$393,$0,$24,$634,$1239,$225,$941,$112,$2516,$3150,$655,$0,$112,$716,$1372,$1,$722,$-22,$1778,$3150,$169,$10,$-159,$-150,$-6,$0,$6,$10,$10,$30,$-3,$0,$228,$0,$0,$0,$0,$225,$0,$0,$0,$-1,$-1,$0,$-6,$-7,$287,$8,$0
16,2014-09-30,18.59,$22.06,0.84,$18.96,0.98,$2.25,8.25,$2.54,7.32,$0.55B,$0.66B,0.84,$0.00B,$1.71B,0.0,$1.48B,$0.62B,41.60%,$1.48B,$0.36B,24.34%,$1.48B,$0.36B,24.34%,$1.48B,$0.37B,24.68%,$1.48B,$0.36B,23.94%,$1.48B,$0.20B,13.49%,$0.20B,$1.71B,12.35%,$0.20B,$0.77B,30.58%,$0.20B,$3.07B,6.73%,$0.36B,$1.71B,22.28%,$143,$46,$97,$0,$38,$-75,$217,$-1,$217,$96,$120,$120,$108,$222,$217,$77,78,$1.39,$1.38,$331,$0,$28,$552,$1238,$225,$943,$112,$2517,$3069,$656,$0,$114,$703,$1359,$1,$661,$-22,$1710,$3069,$108,$5,$-87,$-82,$12,$0,$-2,$7,$-12,$14,$-1,$0,$229,$0,$0,$0,$0,$228,$0,$0,$0,$0,$0,$0,$-6,$-6,$229,$2,$0
17,2014-06-30,17.55,$20.78,0.84,$19.90,0.88,$1.93,9.12,$1.47,11.94,$0.40B,$0.60B,0.66,$0.00B,$1.60B,0.0,$1.56B,$0.66B,42.16%,$1.56B,$0.18B,11.83%,$1.56B,$0.18B,11.83%,$1.56B,$0.21B,13.30%,$1.56B,$0.18B,11.38%,$1.56B,$0.12B,7.46%,$0.12B,$1.60B,7.39%,$0.12B,$0.66B,19.60%,$0.12B,$2.93B,3.98%,$0.18B,$1.60B,11.73%,$372,$217,$154,$0,$104,$351,$20,$-4,$16,$5,$12,$12,$12,$-35,$20,$77,78,$0.15,$0.15,$102,$0,$100,$400,$1252,$226,$946,$102,$2526,$2926,$604,$0,$121,$717,$1322,$1,$553,$-23,$1604,$2926,$115,$23,$37,$60,$-10,$0,$-4,$-5,$-15,$161,$-1,$0,$0,$0,$0,$0,$0,$-1,$-0,$0,$-0,$1,$1,$0,$-12,$-12,$-186,$16,$0
18,2014-03-31,15.96,$20.67,0.77,$19.46,0.82,$0.31,51.25,$1.79,8.92,$0.39B,$0.62B,0.62,$0.00B,$1.60B,0.0,$1.52B,$0.67B,44.34%,$1.52B,$0.23B,15.13%,$1.52B,$0.23B,15.13%,$1.52B,$0.33B,21.91%,$1.52B,$0.23B,14.80%,$1.52B,$0.14B,9.21%,$0.14B,$1.60B,9.10%,$0.14B,$0.61B,25.51%,$0.14B,$2.94B,4.89%,$0.23B,$1.60B,14.95%,$459,$301,$158,$0,$101,$432,$27,$-0,$27,$8,$19,$19,$19,$58,$27,$77,78,$0.25,$0.24,$93,$0,$28,$387,$1274,$187,$989,$102,$2552,$2939,$624,$0,$109,$720,$1344,$1,$541,$-16,$1595,$2939,$103,$79,$11,$89,$-62,$0,$0,$19,$24,$217,$-243,$0,$0,$0,$-187,$-187,$17,$-413,$-0,$0,$-0,$1,$1,$0,$-6,$-5,$-201,$17,$0
19,2013-12-31,16.18,$20.43,0.79,$18.88,0.86,$0.44,37.13,$2.04,7.93,$0.42B,$0.67B,0.63,$0.00B,$1.57B,0.0,$1.47B,$0.68B,46.30%,$1.47B,$0.27B,18.13%,$1.47B,$0.27B,18.13%,$1.47B,$0.36B,24.58%,$1.47B,$0.26B,17.92%,$1.47B,$0.16B,10.79%,$0.16B,$1.57B,10.61%,$0.16B,$0.58B,31.31%,$0.16B,$2.95B,5.69%,$0.27B,$1.57B,17.82%,$509,$301,$208,$0,$87,$413,$97,$-2,$95,$34,$61,$61,$61,$121,$97,$77,78,$0.79,$0.77,$167,$0,$25,$422,$1293,$150,$987,$95,$2525,$2947,$666,$0,$98,$710,$1376,$1,$522,$-16,$1571,$2947,$84,$48,$8,$56,$-12,$0,$6,$79,$83,$224,$-195,$0,$0,$0,$-151,$-151,$0,$-346,$-0,$0,$-0,$0,$0,$0,$-1,$-1,$-123,$8,$0
20,2013-09-30,16.32,$19.61,0.83,$17.34,0.94,$0.64,25.59,$1.87,8.73,$0.37B,$0.62B,0.6,$0.00B,$1.51B,0.0,$1.35B,$0.66B,48.45%,$1.35B,$0.25B,18.57%,$1.35B,$0.25B,18.57%,$1.35B,$0.34B,25.44%,$1.35B,$0.25B,18.42%,$1.35B,$0.15B,10.72%,$0.15B,$1.51B,9.97%,$0.15B,$0.52B,31.40%,$0.15B,$2.84B,5.30%,$0.25B,$1.51B,17.25%,$216,$80,$136,$0,$73,$176,$40,$-1,$39,$15,$24,$24,$24,$63,$40,$77,78,$0.31,$0.31,$128,$0,$25,$370,$1231,$148,$989,$97,$2465,$2835,$619,$0,$97,$709,$1328,$1,$462,$-16,$1507,$2835,$24,$23,$2,$25,$5,$0,$-8,$120,$31,$80,$-93,$0,$0,$0,$-147,$-147,$0,$-240,$-0,$0,$-0,$0,$0,$0,$1,$1,$-159,$3,$0
21,2013-06-30,16.65,$19.24,0.87,$17.21,0.97,$0.78,21.29,$1.82,9.15,$0.51B,$0.55B,0.94,$0.00B,$1.48B,0.0,$1.34B,$0.65B,48.51%,$1.34B,$0.25B,18.73%,$1.34B,$0.25B,18.73%,$1.34B,$0.34B,25.45%,$1.34B,$0.25B,18.58%,$1.34B,$0.14B,10.60%,$0.14B,$1.48B,10.04%,$0.14B,$0.49B,33.97%,$0.14B,$2.73B,5.30%,$0.25B,$1.48B,17.75%,$336,$165,$172,$0,$81,$270,$66,$-2,$64,$28,$36,$36,$36,$91,$66,$76,78,$0.48,$0.48,$286,$0,$20,$512,$1135,$0,$992,$93,$2220,$2732,$546,$0,$104,$707,$1253,$1,$438,$-16,$1479,$2732,$142,$91,$9,$100,$-10,$0,$-15,$16,$21,$263,$-229,$0,$0,$0,$44,$44,$0,$-185,$-0,$0,$-0,$7,$7,$0,$-13,$-6,$71,$15,$0
22,2013-03-31,16.19,$18.70,0.87,$17.19,0.94,$-0.53,0.0,$1.72,9.41,$0.49B,$0.53B,0.93,$0.00B,$1.44B,0.0,$1.34B,$0.64B,47.64%,$1.34B,$0.24B,17.58%,$1.34B,$0.24B,17.58%,$1.34B,$0.33B,24.31%,$1.34B,$0.23B,17.50%,$1.34B,$0.14B,10.10%,$0.14B,$1.44B,9.82%,$0.14B,$0.44B,35.95%,$0.14B,$2.67B,5.13%,$0.24B,$1.44B,17.10%,$412,$246,$166,$0,$79,$349,$64,$2,$66,$28,$38,$38,$38,$87,$64,$77,78,$0.50,$0.49,$233,$0,$17,$489,$1093,$0,$994,$95,$2182,$2671,$528,$0,$102,$706,$1234,$1,$401,$-20,$1437,$2671,$106,$66,$7,$73,$-48,$0,$-24,$30,$1,$181,$-197,$0,$0,$0,$44,$44,$0,$-153,$-0,$0,$-0,$7,$7,$0,$-13,$-6,$22,$14,$0
23,2012-12-31,12.47,$18.27,0.68,$17.06,0.73,$-1.82,0.0,$1.63,7.65,$0.49B,$0.60B,0.82,$0.00B,$1.40B,0.0,$1.33B,$0.63B,47.32%,$1.33B,$0.22B,16.91%,$1.33B,$0.22B,16.91%,$1.33B,$0.31B,23.70%,$1.33B,$0.23B,17.13%,$1.33B,$0.13B,9.66%,$0.13B,$1.40B,9.56%,$0.13B,$0.40B,38.04%,$0.13B,$2.70B,4.95%,$0.22B,$1.40B,16.74%,$388,$207,$181,$0,$78,$307,$81,$-1,$80,$33,$47,$47,$47,$103,$81,$76,78,$0.62,$0.60,$249,$0,$19,$488,$1075,$0,$997,$136,$2208,$2696,$599,$0,$98,$700,$1299,$1,$363,$-23,$1397,$2696,$68,$43,$14,$56,$-3,$0,$-13,$62,$80,$204,$-159,$0,$0,$0,$0,$0,$0,$-159,$-0,$0,$-0,$3,$3,$0,$-6,$-3,$42,$9,$0
24,2012-09-30,11.32,$17.75,0.64,$16.90,0.67,$-3.50,0.0,$1.36,8.32,$0.45B,$0.58B,0.77,$0.00B,$1.34B,0.0,$1.31B,$0.59B,45.34%,$1.31B,$0.19B,14.58%,$1.31B,$0.19B,14.58%,$1.31B,$0.28B,21.68%,$1.31B,$0.19B,14.81%,$1.31B,$0.11B,8.17%,$0.11B,$1.34B,8.21%,$0.11B,$0.34B,35.85%,$0.11B,$2.63B,4.22%,$0.19B,$1.34B,14.65%,$204,$73,$131,$0,$72,$164,$40,$-1,$39,$18,$21,$21,$21,$60,$40,$76,78,$0.27,$0.26,$211,$0,$24,$450,$1034,$0,$1000,$144,$2177,$2627,$582,$0,$101,$702,$1285,$1,$316,$-25,$1343,$2627,$21,$20,$3,$24,$-6,$0,$-18,$83,$25,$69,$-70,$0,$0,$0,$0,$0,$0,$-70,$-0,$0,$-0,$0,$0,$0,$-0,$0,$-1,$3,$0
25,2012-06-30,10.52,$17.46,0.6,$16.58,0.63,$-4.45,0.0,$1.38,7.63,$0.42B,$0.52B,0.81,$0.00B,$1.32B,0.0,$1.28B,$0.57B,44.31%,$1.28B,$0.18B,13.79%,$1.28B,$0.18B,13.79%,$1.28B,$0.27B,20.79%,$1.28B,$0.18B,14.02%,$1.28B,$0.11B,8.33%,$0.11B,$1.32B,8.40%,$0.11B,$0.32B,40.53%,$0.11B,$2.53B,4.32%,$0.18B,$1.32B,13.90%,$333,$174,$159,$0,$85,$283,$50,$-1,$49,$21,$29,$29,$29,$75,$50,$75,77,$0.38,$0.37,$212,$0,$20,$416,$970,$0,$1003,$136,$2109,$2525,$516,$0,$97,$688,$1205,$1,$295,$-24,$1320,$2525,$107,$90,$12,$102,$-14,$0,$17,$77,$125,$333,$-401,$0,$0,$0,$0,$0,$-28,$-429,$-1,$0,$-1,$-9,$-9,$0,$7,$-3,$-98,$18,$0
26,2012-03-31,9.61,$17.10,0.56,$12.28,0.78,$-3.57,0.0,$1.01,9.52,$0.43B,$0.51B,0.85,$0.00B,$1.29B,0.0,$0.95B,$0.41B,43.11%,$0.95B,$0.13B,13.35%,$0.95B,$0.13B,13.35%,$0.95B,$0.19B,20.19%,$0.95B,$0.13B,13.77%,$0.95B,$0.08B,8.20%,$0.08B,$1.29B,6.27%,$0.08B,$0.29B,33.80%,$0.08B,$2.49B,3.23%,$0.13B,$1.29B,10.20%,$400,$244,$156,$0,$81,$347,$53,$6,$59,$28,$31,$31,$31,$76,$53,$75,78,$0.41,$0.40,$186,$0,$23,$433,$909,$0,$1007,$146,$2061,$2494,$507,$0,$108,$694,$1202,$1,$267,$-19,$1293,$2494,$78,$65,$8,$73,$-50,$0,$3,$70,$85,$236,$-352,$0,$0,$0,$0,$0,$-4,$-356,$-1,$0,$-1,$-9,$-9,$0,$7,$-3,$-124,$15,$0
27,2011-12-31,8.05,$16.60,0.48,$11.40,0.71,$-2.12,0.0,$0.86,9.36,$0.46B,$0.58B,0.81,$0.00B,$1.26B,0.0,$0.88B,$0.38B,42.79%,$0.88B,$0.10B,11.80%,$0.88B,$0.10B,11.80%,$0.88B,$0.17B,19.07%,$0.88B,$0.11B,12.15%,$0.88B,$0.07B,7.49%,$0.07B,$1.26B,5.41%,$0.07B,$0.25B,33.00%,$0.07B,$2.50B,2.82%,$0.10B,$1.26B,8.53%,$373,$225,$148,$0,$76,$325,$48,$-1,$47,$21,$26,$26,$26,$73,$48,$75,77,$0.34,$0.33,$232,$0,$27,$463,$884,$0,$1011,$145,$2039,$2502,$575,$0,$104,$669,$1244,$1,$236,$-22,$1258,$2502,$47,$42,$11,$52,$-22,$0,$14,$50,$82,$181,$-266,$0,$0,$0,$0,$0,$-3,$-268,$4,$0,$4,$0,$0,$0,$0,$4,$-83,$11,$0
28,2011-09-30,6.41,$16.17,0.4,$6.58,0.97,$-1.03,0.0,$0.53,12.09,$0.47B,$0.49B,0.95,$0.00B,$1.22B,0.0,$0.51B,$0.23B,45.08%,$0.51B,$0.06B,11.02%,$0.51B,$0.06B,11.02%,$0.51B,$0.10B,18.70%,$0.51B,$0.06B,11.81%,$0.51B,$0.04B,7.87%,$0.04B,$1.22B,4.42%,$0.04B,$0.21B,28.99%,$0.04B,$2.39B,2.33%,$0.06B,$1.22B,6.19%,$178,$71,$106,$0,$63,$151,$26,$-1,$25,$4,$21,$21,$21,$43,$26,$75,77,$0.29,$0.28,$237,$0,$31,$466,$763,$0,$1018,$138,$1919,$2385,$493,$0,$101,$669,$1162,$1,$210,$-23,$1223,$2385,$21,$17,$4,$21,$-1,$0,$2,$60,$29,$71,$-145,$0,$0,$0,$0,$0,$-1,$-147,$-0,$0,$-0,$0,$0,$0,$0,$-0,$-76,$4,$0
29,2011-06-30,7.74,$0.00,0.0,$6.76,1.14,$0.02,326.5,$0.50,15.48,$0.51B,$0.41B,1.24,$0.00B,$1.21B,0.0,$0.52B,$0.23B,44.72%,$0.52B,$0.06B,10.75%,$0.52B,$0.06B,10.75%,$0.52B,$0.09B,17.66%,$0.52B,$0.06B,11.71%,$0.52B,$0.04B,7.29%,$0.04B,$1.21B,4.30%,$0.04B,$0.18B,33.70%,$0.04B,$2.28B,2.29%,$0.06B,$1.21B,6.34%,$0,$0,$0,$0,$0,$0,$0,$0,$0,$0,$0,$0,$0,$0,$0,$0,0,$0.00,$0.00,$313,$0,$21,$509,$608,$0,$1022,$141,$1771,$2280,$411,$0,$94,$664,$1074,$1,$189,$-15,$1206,$2280,$0,$0,$0,$0,$0,$0,$0,$0,$0,$0,$0,$0,$0,$0,$0,$0,$0,$0,$0,$0,$0,$0,$0,$0,$0,$0,$0,$0,$0
30,2011-03-31,7.59,$15.71,0.48,$9.72,0.78,$0.38,20.19,$0.68,11.16,$0.54B,$0.34B,1.57,$0.00B,$1.19B,0.0,$0.75B,$0.34B,44.92%,$0.75B,$0.08B,10.96%,$0.75B,$0.08B,10.96%,$0.75B,$0.13B,17.65%,$0.75B,$0.09B,11.50%,$0.75B,$0.05B,6.95%,$0.05B,$1.19B,6.04%,$0.05B,$0.16B,61.00%,$0.05B,$2.20B,3.24%,$0.08B,$1.19B,9.53%,$330,$208,$123,$0,$71,$300,$30,$5,$35,$16,$19,$19,$19,$52,$30,$74,77,$0.26,$0.25,$318,$0,$25,$535,$515,$0,$1027,$126,$1668,$2203,$341,$0,$99,$673,$1014,$1,$180,$-20,$1189,$2203,$71,$50,$9,$59,$-27,$0,$13,$13,$2,$132,$-136,$0,$0,$0,$0,$0,$-1,$-137,$-1,$0,$-1,$-5,$-5,$0,$3,$-4,$-9,$9,$0
31,2010-12-31,7.25,$0.00,0.0,$9.47,0.77,$0.14,51.94,$0.66,10.98,$0.00B,$0.00B,0.0,$0.00B,$0.00B,0.0,$0.73B,$0.32B,44.55%,$0.73B,$0.08B,11.31%,$0.73B,$0.08B,11.31%,$0.73B,$0.07B,9.10%,$0.73B,$0.08B,11.45%,$0.73B,$0.05B,6.90%,$0.05B,$0.00B,5.97%,$0.05B,$0.00B,86.96%,$0.05B,$0.00B,3.20%,$0.08B,$0.00B,9.79%,$0,$0,$0,$0,$0,$0,$0,$0,$0,$0,$0,$0,$0,$0,$0,$0,0,$0.00,$0.00,$0,$0,$0,$0,$0,$0,$0,$0,$0,$0,$0,$0,$0,$0,$0,$0,$0,$0,$0,$0,$0,$0,$0,$0,$0,$0,$0,$0,$0,$0,$0,$0,$0,$0,$0,$0,$0,$0,$0,$0,$0,$0,$0,$0,$0,$0,$0,$0,$0
