,Date,Stock Price,Book Value per Share,Price to Book Ratio,TTM Sales per Share,Price to Sales Ratio,TTM FCF per Share,Price to FCF Ratio,TTM Net EPS,PE Ratio,Current Assets,Current Liabilities,Current Ratio,Long Term Debt,Shareholder's Equity_x,Debt to Equity Ratio,TTM Revenue_x,TTM Gross Profit,Gross Margin,TTM Revenue_y,TTM Operating Income,Operating Margin,TTM Revenue_x,TTM EBIT,EBIT Margin,TTM Revenue_y,TTM EBITDA,EBITDA Margin,TTM Revenue_x,TTM Pre-Tax Income,Pre-Tax Margin,TTM Revenue_y,TTM Net Income_x,Net Margin,TTM Net Income_y,Shareholder's Equity_y,Return on Equity,TTM Net Income_x,Tangible Equity,Return on Tangible Equity,TTM Net Income_y,Total Assets,Return on Assets,TTM Net Income,LT Investments & Debt,Return on Investment,revenue,cost-goods-sold,gross-profit,research-development-expenses,selling-general-administrative-expenses,operating-expenses,operating-income,total-non-operating-income-expense,pre-tax-income,total-provision-income-taxes,income-after-taxes,income-from-continuous-operations,net-income,ebitda,ebit,basic-shares-outstanding,shares-outstanding,eps-basic-net-earnings-per-share,eps-earnings-per-share-diluted,cash-on-hand,inventory,other-current-assets,total-current-assets,net-property-plant-equipment,long-term-investments,goodwill-intangible-assets-total,other-long-term-assets,total-long-term-assets,total-assets,total-current-liabilities,long-term-debt,other-non-current-liabilities,total-long-term-liabilities,total-liabilities,common-stock-net,retained-earnings-accumulated-deficit,comprehensive-income,total-share-holder-equity,total-liabilities-share-holders-equity,net-income-loss,total-depreciation-amortization-cash-flow,other-non-cash-items,total-non-cash-items,change-in-accounts-receivable,change-in-inventories,change-in-accounts-payable,change-in-assets-liabilities,total-change-in-assets-liabilities,cash-flow-from-operating-activities,net-change-in-property-plant-equipment,net-change-in-intangible-assets,net-acquisitions-divestitures,net-change-in-short-term-investments,net-change-in-long-term-investments,net-change-in-investments-total,investing-activities-other,cash-flow-from-investing-activities,net-long-term-debt,net-current-debt,debt-issuance-retirement-net-total,net-common-equity-issued-repurchased,net-total-equity-issued-repurchased,total-common-preferred-stock-dividends-paid,financial-activities-other,cash-flow-from-financial-activities,net-cash-flow,stock-based-compensation,common-stock-dividends-paid
0,2018-09-30,15.4,$14.51,1.06,$6.21,2.48,$5.85,2.63,$-0.81,0.0,$1.25B,$1.57B,0.79,$0.00B,$0.20B,0.0,$0.10B,$0.09B,92.93%,$0.10B,$-0.02B,-19.19%,$0.10B,0,0.00%,$0.10B,0,0.00%,$0.10B,$-0.02B,-18.18%,$0.10B,$-0.02B,-18.18%,$-0.02B,$0.24B,-7.24%,$-0.02B,$0.20B,-8.85%,$-0.02B,$1.83B,-0.97%,$-0.02B,$0.24B,-7.49%,$24,$2,$22,$0,$28,$30,$-6,$0,$-6,$-1,$-5,$-5,$-6,$0,$0,$17,17,$-0.34,$-0.34,$303,$0,$0,$1248,$56,$434,$45,$44,$578,$1826,$1572,$0,$12,$12,$1585,$2,$38,$-7,$241,$1826,$-5,$6,$4,$11,$17,$0,$-0,$3,$20,$26,$-0,$0,$0,$0,$-40,$-40,$213,$173,$-76,$0,$-76,$1,$1,$-3,$29,$-49,$150,$0,$-0
1,2018-06-30,13.25,$14.96,0.89,$6.36,2.08,$5.47,2.42,$-0.76,0.0,$1.32B,$1.59B,0.83,$0.01B,$0.21B,0.05,$0.10B,$0.09B,93.07%,$0.10B,$-0.01B,-10.89%,$0.10B,0,0.00%,$0.10B,0,0.00%,$0.10B,$-0.01B,-9.90%,$0.10B,$-0.01B,-10.89%,$-0.01B,$0.25B,-4.31%,$-0.01B,$0.20B,-5.24%,$-0.01B,$1.86B,-0.58%,$-0.01B,$0.26B,-4.12%,$24,$2,$22,$0,$23,$25,$-1,$0,$-1,$-0,$-1,$-1,$-1,$0,$0,$17,17,$-0.09,$-0.09,$279,$0,$0,$1320,$57,$392,$45,$45,$539,$1859,$1588,$10,$13,$23,$1610,$2,$43,$-5,$249,$1859,$-0,$4,$2,$6,$17,$0,$-0,$1,$17,$23,$-0,$0,$0,$0,$5,$5,$121,$126,$-65,$0,$-65,$1,$1,$-2,$43,$-23,$126,$-0,$-0
2,2018-03-31,12.64,$15.09,0.84,$6.98,1.81,$5.09,2.49,$-1.18,0.0,$1.33B,$1.59B,0.84,$0.01B,$0.21B,0.05,$0.10B,$0.10B,93.14%,$0.10B,$-0.02B,-18.63%,$0.10B,0,0.00%,$0.10B,0,0.00%,$0.10B,$-0.02B,-17.65%,$0.10B,$-0.02B,-15.69%,$-0.02B,$0.25B,-6.18%,$-0.02B,$0.21B,-7.53%,$-0.02B,$1.86B,-0.84%,$-0.02B,$0.26B,-6.94%,$24,$2,$22,$0,$22,$24,$0,$0,$0,$-0,$0,$0,$-0,$0,$0,$16,17,$-0.03,$-0.03,$211,$0,$0,$1332,$58,$380,$45,$42,$525,$1858,$1587,$10,$10,$20,$1607,$2,$45,$-5,$251,$1858,$0,$2,$2,$4,$16,$0,$-0,$-0,$16,$20,$-0,$0,$0,$0,$18,$18,$44,$62,$-47,$0,$-47,$0,$0,$-1,$24,$-23,$59,$-0,$-0
3,2017-12-31,13.23,$15.35,0.86,$7.71,1.72,$4.56,2.9,$-1.00,0.0,$1.33B,$1.62B,0.82,$0.00B,$0.21B,0.0,$0.10B,$0.10B,93.20%,$0.10B,$-0.02B,-15.53%,$0.10B,0,0.00%,$0.10B,0,0.00%,$0.10B,$-0.02B,-14.56%,$0.10B,$-0.01B,-13.59%,$-0.01B,$0.25B,-5.60%,$-0.01B,$0.21B,-6.87%,$-0.01B,$1.88B,-0.73%,$-0.02B,$0.25B,-5.95%,$27,$1,$26,$0,$38,$39,$-12,$0,$-11,$-1,$-11,$-11,$-11,$0,$0,$14,14,$-0.75,$-0.75,$153,$0,$0,$1334,$59,$402,$46,$40,$548,$1881,$1619,$0,$8,$8,$1627,$2,$46,$-2,$254,$1881,$-12,$8,$38,$46,$-1,$0,$-0,$-8,$-8,$26,$-2,$0,$0,$0,$47,$47,$51,$96,$-2,$0,$-2,$58,$58,$-7,$-100,$-52,$71,$0,$-4
4,2017-09-30,12.02,$16.17,0.74,$8.00,1.5,$4.73,2.54,$-0.19,0.0,$1.38B,$1.65B,0.84,$0.03B,$0.23B,0.11,$0.10B,$0.09B,92.08%,$0.10B,$-0.00B,-1.98%,$0.10B,0,0.00%,$0.10B,0,0.00%,$0.10B,$-0.00B,-0.99%,$0.10B,$-0.00B,-1.98%,$-0.00B,$0.27B,-0.83%,$-0.00B,$0.22B,-1.03%,$-0.00B,$1.95B,-0.10%,$-0.00B,$0.29B,-0.75%,$26,$2,$24,$0,$22,$24,$2,$0,$2,$1,$2,$2,$1,$0,$0,$16,16,$0.05,$0.05,$163,$0,$0,$1382,$65,$422,$46,$32,$565,$1947,$1645,$25,$9,$34,$1679,$2,$57,$1,$268,$1947,$-1,$6,$20,$27,$-0,$0,$-0,$-3,$-3,$22,$-3,$0,$0,$0,$32,$32,$29,$58,$-27,$0,$-27,$58,$58,$-6,$-24,$1,$81,$0,$-4
5,2017-06-30,11.71,$16.32,0.72,$8.62,1.36,$5.01,2.34,$-0.10,0.0,$1.35B,$1.65B,0.82,$0.03B,$0.22B,0.11,$0.10B,$0.09B,92.00%,$0.10B,$-0.00B,-1.00%,$0.10B,0,0.00%,$0.10B,0,0.00%,$0.10B,$0.00B,0.00%,$0.10B,$-0.00B,-1.00%,$-0.00B,$0.26B,-0.44%,$-0.00B,$0.22B,-0.55%,$-0.00B,$1.95B,-0.05%,$-0.00B,$0.29B,-0.40%,$25,$2,$23,$0,$32,$34,$-9,$0,$-9,$-3,$-5,$-5,$-6,$0,$0,$12,12,$-0.51,$-0.51,$131,$0,$0,$1354,$66,$448,$46,$32,$591,$1946,$1649,$25,$10,$35,$1684,$2,$56,$1,$262,$1946,$-3,$4,$15,$19,$0,$0,$0,$-3,$-3,$13,$-1,$0,$0,$0,$8,$8,$29,$35,$-4,$0,$-4,$52,$52,$-4,$-44,$1,$49,$0,$-2
6,2017-03-31,15.14,$18.98,0.8,$8.74,1.73,$5.50,2.75,$0.56,27.03,$1.33B,$1.69B,0.79,$0.03B,$0.18B,0.15,$0.10B,$0.09B,92.93%,$0.10B,$0.01B,12.12%,$0.10B,0,0.00%,$0.10B,0,0.00%,$0.10B,$0.01B,13.13%,$0.10B,$0.01B,7.07%,$0.01B,$0.22B,3.23%,$0.01B,$0.17B,4.12%,$0.01B,$1.94B,0.36%,$0.01B,$0.24B,4.95%,$25,$1,$23,$0,$20,$21,$3,$0,$3,$1,$2,$2,$2,$0,$0,$11,11,$0.15,$0.15,$78,$0,$0,$1333,$68,$460,$47,$26,$602,$1935,$1685,$25,$9,$34,$1719,$1,$64,$-0,$216,$1935,$2,$2,$3,$5,$0,$0,$-0,$1,$1,$8,$-1,$0,$0,$0,$-8,$-8,$10,$1,$-5,$0,$-5,$0,$0,$-2,$-6,$-13,$-4,$0,$-1
7,2016-12-31,13.37,$18.87,0.71,$8.71,1.53,$5.40,2.48,$0.58,23.05,$1.35B,$1.70B,0.8,$0.03B,$0.17B,0.15,$0.10B,$0.09B,93.88%,$0.10B,$0.01B,12.24%,$0.10B,0,0.00%,$0.10B,0,0.00%,$0.10B,$0.01B,13.27%,$0.10B,$0.01B,7.14%,$0.01B,$0.21B,3.23%,$0.01B,$0.17B,4.13%,$0.01B,$1.94B,0.36%,$0.01B,$0.24B,4.95%,$25,$1,$23,$0,$21,$23,$2,$0,$3,$1,$2,$2,$1,$0,$0,$11,11,$0.12,$0.12,$82,$0,$0,$1350,$69,$451,$47,$27,$594,$1943,$1696,$25,$7,$33,$1729,$1,$63,$-1,$214,$1943,$9,$8,$10,$18,$-1,$0,$-0,$1,$0,$27,$-6,$0,$0,$0,$-8,$-8,$-26,$-40,$-17,$0,$-17,$0,$0,$-6,$29,$6,$-7,$0,$-4
8,2016-09-30,10.16,$19.20,0.53,$8.59,1.18,$5.57,1.82,$0.61,16.65,$1.38B,$1.70B,0.81,$0.03B,$0.18B,0.14,$0.10B,$0.09B,94.85%,$0.10B,$0.01B,12.37%,$0.10B,0,0.00%,$0.10B,0,0.00%,$0.10B,$0.01B,13.40%,$0.10B,$0.01B,8.25%,$0.01B,$0.22B,3.70%,$0.01B,$0.17B,4.74%,$0.01B,$1.95B,0.41%,$0.01B,$0.24B,5.09%,$25,$1,$23,$0,$20,$21,$3,$0,$3,$1,$2,$2,$2,$0,$0,$11,11,$0.14,$0.14,$127,$0,$0,$1383,$70,$431,$47,$23,$571,$1954,$1703,$26,$8,$33,$1736,$1,$63,$3,$218,$1954,$7,$6,$8,$14,$-1,$0,$-0,$1,$1,$22,$-5,$0,$0,$0,$20,$20,$-13,$2,$-16,$0,$-16,$0,$0,$-4,$34,$14,$37,$0,$-3
9,2016-06-30,9.71,$19.18,0.51,$8.52,1.14,$5.82,1.67,$0.68,14.29,$1.35B,$1.67B,0.81,$0.03B,$0.18B,0.15,$0.10B,$0.09B,95.88%,$0.10B,$0.01B,13.40%,$0.10B,0,0.00%,$0.10B,0,0.00%,$0.10B,$0.01B,14.43%,$0.10B,$0.01B,8.25%,$0.01B,$0.22B,3.72%,$0.01B,$0.17B,4.78%,$0.01B,$1.92B,0.41%,$0.01B,$0.24B,5.54%,$24,$1,$23,$0,$19,$21,$4,$0,$4,$1,$2,$2,$2,$0,$0,$11,11,$0.15,$0.15,$99,$0,$0,$1346,$68,$439,$47,$22,$576,$1923,$1668,$26,$11,$37,$1705,$1,$62,$4,$218,$1923,$5,$4,$5,$9,$0,$0,$-0,$5,$5,$19,$-2,$0,$0,$0,$12,$12,$-1,$9,$-25,$0,$-25,$0,$0,$-3,$9,$-19,$9,$0,$-2
10,2016-03-31,7.32,$19.00,0.39,$8.64,0.85,$5.22,1.4,$0.95,7.7,$1.35B,$1.67B,0.81,$0.03B,$0.18B,0.15,$0.10B,$0.10B,96.00%,$0.10B,$0.02B,16.00%,$0.10B,0,0.00%,$0.10B,0,0.00%,$0.10B,$0.02B,17.00%,$0.10B,$0.01B,11.00%,$0.01B,$0.22B,5.15%,$0.01B,$0.17B,6.64%,$0.01B,$1.92B,0.57%,$0.02B,$0.24B,6.86%,$24,$1,$23,$0,$20,$21,$3,$0,$3,$1,$2,$2,$2,$0,$0,$11,11,$0.17,$0.17,$112,$0,$0,$1349,$68,$427,$48,$25,$568,$1917,$1668,$26,$7,$32,$1701,$1,$62,$2,$216,$1917,$2,$2,$3,$5,$-0,$0,$-0,$0,$0,$7,$-1,$0,$0,$0,$22,$22,$12,$33,$-23,$0,$-23,$0,$0,$-1,$7,$-17,$23,$0,$-1
11,2015-12-31,8.62,$18.76,0.46,$8.73,0.99,$5.34,1.61,$0.90,9.57,$1.34B,$1.71B,0.78,$0.00B,$0.17B,0.0,$0.10B,$0.10B,95.10%,$0.10B,$0.02B,14.71%,$0.10B,0,0.00%,$0.10B,0,0.00%,$0.10B,$0.02B,15.69%,$0.10B,$0.01B,9.80%,$0.01B,$0.21B,4.71%,$0.01B,$0.17B,6.09%,$0.01B,$1.93B,0.51%,$0.02B,$0.21B,6.47%,$24,$1,$23,$0,$22,$23,$2,$0,$3,$1,$2,$2,$2,$0,$0,$11,12,$0.15,$0.15,$89,$0,$0,$1340,$69,$446,$48,$24,$587,$1928,$1710,$0,$5,$5,$1715,$1,$61,$1,$213,$1928,$11,$8,$12,$20,$0,$0,$-0,$-1,$-1,$30,$-5,$0,$0,$0,$-22,$-22,$15,$-12,$24,$0,$24,$0,$0,$-5,$-34,$-15,$2,$1,$-4
12,2015-09-30,11.0,$18.83,0.58,$8.77,1.26,$5.45,2.02,$1.05,10.48,$1.42B,$1.73B,0.82,$0.03B,$0.17B,0.15,$0.10B,$0.10B,95.15%,$0.10B,$0.02B,16.50%,$0.10B,0,0.00%,$0.10B,0,0.00%,$0.10B,$0.02B,17.48%,$0.10B,$0.01B,10.68%,$0.01B,$0.21B,5.20%,$0.01B,$0.17B,6.75%,$0.01B,$1.97B,0.56%,$0.02B,$0.24B,7.16%,$25,$1,$24,$0,$20,$22,$4,$0,$4,$1,$3,$3,$2,$0,$0,$11,12,$0.21,$0.21,$125,$0,$0,$1415,$69,$419,$48,$24,$560,$1974,$1728,$26,$7,$33,$1760,$1,$60,$2,$214,$1974,$9,$6,$8,$14,$-0,$0,$-0,$1,$1,$24,$-3,$0,$0,$0,$8,$8,$-20,$-15,$75,$0,$75,$0,$0,$-4,$-41,$30,$39,$0,$-3
13,2015-06-30,14.25,$18.67,0.76,$8.90,1.6,$5.34,2.67,$1.21,11.78,$1.37B,$1.71B,0.8,$0.03B,$0.17B,0.15,$0.11B,$0.10B,95.24%,$0.11B,$0.02B,19.05%,$0.11B,0,0.00%,$0.11B,0,0.00%,$0.11B,$0.02B,20.00%,$0.11B,$0.01B,12.38%,$0.01B,$0.21B,6.21%,$0.01B,$0.16B,8.09%,$0.01B,$1.95B,0.67%,$0.02B,$0.24B,8.41%,$27,$1,$26,$0,$18,$19,$7,$0,$7,$2,$5,$5,$5,$0,$0,$11,12,$0.43,$0.42,$83,$0,$0,$1368,$69,$437,$48,$26,$581,$1949,$1705,$26,$6,$32,$1737,$1,$59,$1,$212,$1949,$7,$4,$5,$9,$-0,$0,$-0,$-3,$-3,$13,$-2,$0,$0,$0,$-11,$-11,$-12,$-26,$37,$0,$37,$0,$0,$-2,$-26,$9,$-4,$0,$-2
14,2015-03-31,13.69,$18.56,0.74,$8.80,1.56,$5.57,2.46,$1.13,12.11,$1.41B,$1.75B,0.8,$0.03B,$0.17B,0.16,$0.10B,$0.10B,94.23%,$0.10B,$0.02B,18.27%,$0.10B,0,0.00%,$0.10B,0,0.00%,$0.10B,$0.02B,19.23%,$0.10B,$0.01B,11.54%,$0.01B,$0.21B,5.80%,$0.01B,$0.16B,7.59%,$0.01B,$2.00B,0.62%,$0.02B,$0.24B,8.00%,$26,$1,$24,$0,$22,$24,$2,$0,$2,$0,$1,$1,$1,$0,$0,$11,11,$0.12,$0.12,$104,$0,$0,$1406,$70,$447,$49,$24,$589,$1995,$1751,$26,$8,$34,$1785,$1,$55,$4,$211,$1995,$1,$2,$4,$6,$-0,$0,$-0,$2,$2,$9,$-1,$0,$0,$0,$-17,$-17,$-28,$-47,$25,$0,$25,$0,$0,$-1,$31,$55,$18,$0,$-1
15,2014-12-31,15.99,$18.43,0.87,$8.94,1.79,$5.67,2.82,$1.58,10.12,$1.37B,$1.69B,0.81,$0.03B,$0.17B,0.16,$0.11B,$0.10B,95.28%,$0.11B,$0.03B,24.53%,$0.11B,0,0.00%,$0.11B,0,0.00%,$0.11B,$0.03B,25.47%,$0.11B,$0.02B,16.98%,$0.02B,$0.21B,8.82%,$0.02B,$0.16B,11.63%,$0.02B,$1.94B,0.95%,$0.03B,$0.24B,11.10%,$25,$1,$24,$0,$19,$21,$4,$0,$5,$2,$4,$4,$3,$0,$0,$11,12,$0.31,$0.30,$87,$0,$0,$1367,$70,$428,$49,$23,$570,$1937,$1694,$26,$7,$33,$1728,$1,$54,$3,$209,$1937,$19,$7,$4,$10,$0,$0,$-0,$1,$1,$30,$-4,$0,$0,$0,$86,$86,$-147,$-65,$8,$-1,$7,$1,$1,$-5,$59,$63,$27,$0,$-4
16,2014-09-30,17.16,$18.17,0.94,$8.97,1.91,$4.48,3.83,$1.57,10.93,$1.30B,$1.64B,0.79,$0.04B,$0.17B,0.21,$0.11B,$0.10B,95.28%,$0.11B,$0.03B,24.53%,$0.11B,0,0.00%,$0.11B,0,0.00%,$0.11B,$0.03B,25.47%,$0.11B,$0.02B,16.98%,$0.02B,$0.21B,9.02%,$0.02B,$0.16B,12.00%,$0.02B,$1.89B,0.96%,$0.03B,$0.24B,11.33%,$27,$2,$26,$0,$19,$21,$7,$0,$7,$2,$4,$4,$4,$0,$0,$11,12,$0.38,$0.37,$54,$0,$0,$1300,$71,$446,$49,$26,$592,$1892,$1640,$35,$10,$45,$1686,$1,$52,$2,$206,$1892,$15,$5,$4,$9,$0,$0,$-0,$-2,$-2,$23,$-4,$0,$0,$0,$68,$68,$-111,$-46,$27,$-1,$26,$1,$1,$-3,$-5,$18,$-6,$0,$-3
17,2014-06-30,18.16,$17.92,1.01,$8.86,2.05,$3.51,5.18,$1.47,12.36,$1.29B,$1.65B,0.78,$0.04B,$0.16B,0.22,$0.11B,$0.10B,94.29%,$0.11B,$0.02B,22.86%,$0.11B,0,0.00%,$0.11B,0,0.00%,$0.11B,$0.03B,23.81%,$0.11B,$0.02B,16.19%,$0.02B,$0.20B,8.70%,$0.02B,$0.15B,11.68%,$0.02B,$1.90B,0.91%,$0.02B,$0.24B,11.07%,$26,$1,$24,$0,$18,$20,$6,$0,$6,$2,$4,$4,$4,$0,$0,$11,12,$0.35,$0.34,$64,$0,$0,$1285,$72,$462,$50,$27,$611,$1896,$1649,$35,$9,$44,$1694,$1,$49,$3,$202,$1896,$11,$3,$3,$6,$0,$0,$-0,$-2,$-2,$16,$-2,$0,$0,$0,$50,$50,$-87,$-39,$24,$-1,$23,$-0,$-0,$-2,$7,$28,$4,$0,$-2
18,2014-03-31,15.3,$17.61,0.87,$8.92,1.72,$2.80,5.46,$1.42,10.77,$1.25B,$1.66B,0.75,$0.03B,$0.16B,0.16,$0.11B,$0.10B,95.24%,$0.11B,$0.02B,21.90%,$0.11B,0,0.00%,$0.11B,0,0.00%,$0.11B,$0.02B,22.86%,$0.11B,$0.02B,15.24%,$0.02B,$0.20B,8.34%,$0.02B,$0.15B,11.33%,$0.02B,$1.89B,0.86%,$0.02B,$0.22B,10.59%,$28,$2,$27,$0,$18,$20,$9,$0,$9,$2,$7,$7,$7,$0,$0,$11,12,$0.59,$0.57,$65,$0,$0,$1246,$73,$495,$50,$25,$643,$1889,$1657,$25,$9,$34,$1690,$1,$46,$2,$199,$1889,$7,$1,$1,$2,$0,$0,$-0,$2,$2,$11,$-2,$0,$0,$0,$16,$16,$-46,$-32,$-2,$-0,$-2,$0,$0,$-1,$29,$26,$5,$0,$-1
19,2013-12-31,16.16,$16.94,0.95,$8.60,1.88,$2.14,7.55,$1.11,14.56,$1.20B,$1.63B,0.73,$0.03B,$0.15B,0.17,$0.10B,$0.10B,94.12%,$0.10B,$0.02B,18.63%,$0.10B,0,0.00%,$0.10B,0,0.00%,$0.10B,$0.02B,19.61%,$0.10B,$0.01B,11.76%,$0.01B,$0.19B,6.32%,$0.01B,$0.14B,8.65%,$0.01B,$1.85B,0.64%,$0.02B,$0.22B,9.09%,$25,$2,$24,$0,$20,$21,$4,$0,$5,$2,$4,$4,$3,$0,$0,$11,12,$0.30,$0.29,$60,$0,$0,$1195,$72,$509,$50,$25,$656,$1851,$1630,$25,$6,$31,$1660,$1,$40,$-0,$191,$1851,$14,$4,$6,$10,$-0,$0,$-0,$1,$1,$26,$-14,$0,$0,$1,$57,$58,$-82,$-39,$37,$-1,$36,$0,$0,$-5,$-32,$-1,$-14,$0,$-3
20,2013-09-30,13.96,$16.85,0.83,$8.24,1.69,$1.89,7.4,$0.94,14.85,$1.19B,$1.67B,0.71,$0.00B,$0.15B,0.0,$0.10B,$0.09B,92.71%,$0.10B,$0.02B,17.71%,$0.10B,0,0.00%,$0.10B,0,0.00%,$0.10B,$0.02B,17.71%,$0.10B,$0.01B,10.42%,$0.01B,$0.19B,5.28%,$0.01B,$0.14B,7.26%,$0.01B,$1.86B,0.54%,$0.02B,$0.19B,8.41%,$26,$2,$24,$0,$19,$21,$5,$0,$5,$2,$4,$4,$3,$0,$0,$11,12,$0.27,$0.27,$43,$0,$0,$1187,$70,$529,$51,$27,$676,$1863,$1666,$0,$7,$7,$1673,$1,$38,$1,$190,$1863,$11,$3,$5,$8,$-0,$0,$-0,$1,$0,$18,$-11,$0,$0,$1,$40,$41,$-90,$-60,$61,$-1,$61,$0,$0,$-3,$-45,$12,$-30,$0,$-2
21,2013-06-30,13.91,$16.66,0.84,$7.89,1.76,$1.98,7.03,$0.88,15.81,$1.18B,$1.62B,0.73,$0.05B,$0.15B,0.36,$0.09B,$0.08B,93.26%,$0.09B,$0.02B,17.98%,$0.09B,0,0.00%,$0.09B,0,0.00%,$0.09B,$0.02B,17.98%,$0.09B,$0.01B,10.11%,$0.01B,$0.19B,4.90%,$0.01B,$0.14B,6.56%,$0.01B,$1.86B,0.51%,$0.02B,$0.24B,8.13%,$26,$2,$25,$0,$20,$21,$5,$0,$5,$2,$4,$4,$3,$0,$0,$11,12,$0.29,$0.29,$60,$0,$0,$1176,$68,$542,$51,$27,$687,$1864,$1618,$52,$6,$58,$1676,$1,$35,$1,$187,$1864,$7,$1,$3,$4,$-0,$0,$-0,$1,$1,$12,$-7,$0,$0,$1,$27,$28,$-64,$-43,$35,$-1,$35,$0,$0,$-2,$-16,$17,$-14,$0,$-2
22,2013-03-31,14.49,$16.98,0.85,$7.50,1.93,$2.20,6.59,$0.79,18.35,$1.16B,$1.67B,0.69,$0.00B,$0.15B,0.0,$0.08B,$0.08B,92.68%,$0.08B,$0.01B,17.07%,$0.08B,0,0.00%,$0.08B,0,0.00%,$0.08B,$0.01B,17.07%,$0.08B,$0.01B,9.76%,$0.01B,$0.19B,4.48%,$0.01B,$0.14B,5.85%,$0.01B,$1.87B,0.49%,$0.01B,$0.19B,7.84%,$25,$2,$23,$0,$18,$20,$5,$0,$5,$1,$3,$3,$3,$0,$0,$11,12,$0.28,$0.27,$118,$0,$0,$1155,$67,$565,$51,$28,$712,$1867,$1667,$0,$9,$9,$1676,$1,$33,$7,$191,$1867,$3,$1,$1,$2,$-0,$0,$-0,$1,$1,$6,$-5,$0,$0,$1,$14,$15,$15,$25,$7,$-0,$7,$0,$0,$-2,$8,$13,$44,$0,$-2
23,2012-12-31,14.51,$16.84,0.86,$7.23,2.01,$2.46,5.9,$0.77,18.84,$1.12B,$1.65B,0.68,$0.00B,$0.15B,0.0,$0.08B,$0.07B,92.11%,$0.08B,$0.01B,17.11%,$0.08B,0,0.00%,$0.08B,0,0.00%,$0.08B,$0.01B,17.11%,$0.08B,$0.01B,9.21%,$0.01B,$0.19B,4.08%,$0.01B,$0.14B,5.19%,$0.01B,$1.85B,0.46%,$0.01B,$0.19B,7.58%,$19,$1,$17,$0,$16,$17,$2,$0,$2,$1,$2,$2,$1,$0,$0,$10,11,$0.12,$0.12,$74,$0,$0,$1121,$63,$586,$52,$29,$731,$1852,$1652,$0,$11,$11,$1662,$1,$31,$8,$189,$1852,$10,$4,$4,$8,$1,$0,$-0,$-0,$0,$18,$-10,$0,$7,$0,$39,$39,$-41,$-5,$-6,$0,$-6,$0,$0,$-5,$-12,$-22,$-10,$0,$-3
24,2012-09-30,14.3,$16.06,0.89,$7.29,1.96,$2.70,5.29,$0.74,19.32,$0.87B,$1.25B,0.69,$0.00B,$0.14B,0.0,$0.08B,$0.07B,92.00%,$0.08B,$0.01B,16.00%,$0.08B,0,0.00%,$0.08B,0,0.00%,$0.08B,$0.01B,17.33%,$0.08B,$0.01B,9.33%,$0.01B,$0.17B,4.25%,$0.01B,$0.14B,5.25%,$0.01B,$1.43B,0.50%,$0.01B,$0.17B,7.28%,$19,$1,$18,$0,$14,$15,$4,$0,$4,$1,$3,$3,$2,$0,$0,$10,11,$0.21,$0.21,$60,$0,$0,$867,$48,$465,$31,$17,$562,$1429,$1250,$0,$11,$11,$1261,$1,$30,$9,$168,$1429,$8,$2,$3,$6,$0,$0,$-0,$0,$0,$14,$-6,$0,$0,$0,$11,$11,$-63,$-58,$9,$0,$9,$0,$0,$-3,$15,$21,$-24,$0,$-2
25,2012-06-30,12.38,$15.83,0.78,$7.17,1.73,$2.83,4.38,$0.56,22.1,$0.80B,$1.22B,0.66,$0.00B,$0.13B,0.0,$0.07B,$0.07B,90.41%,$0.07B,$0.01B,12.33%,$0.07B,0,0.00%,$0.07B,0,0.00%,$0.07B,$0.01B,13.70%,$0.07B,$0.01B,6.85%,$0.01B,$0.17B,3.11%,$0.01B,$0.13B,3.77%,$0.01B,$1.40B,0.37%,$0.01B,$0.17B,5.59%,$19,$1,$18,$0,$14,$16,$3,$0,$3,$1,$2,$2,$2,$0,$0,$10,10,$0.20,$0.20,$51,$0,$0,$801,$46,$499,$32,$18,$594,$1395,$1220,$0,$9,$9,$1229,$1,$29,$9,$166,$1395,$5,$1,$3,$4,$0,$0,$-0,$-0,$0,$9,$-3,$0,$0,$0,$-25,$-25,$-6,$-34,$4,$0,$4,$0,$0,$-2,$-10,$-8,$-33,$0,$-1
26,2012-03-31,11.89,$15.61,0.76,$6.89,1.73,$2.85,4.18,$0.46,25.85,$0.85B,$1.24B,0.69,$0.00B,$0.13B,0.0,$0.07B,$0.06B,89.86%,$0.07B,$0.01B,11.59%,$0.07B,0,0.00%,$0.07B,0,0.00%,$0.07B,$0.01B,13.04%,$0.07B,$0.00B,5.80%,$0.00B,$0.16B,2.59%,$0.00B,$0.13B,3.04%,$0.00B,$1.41B,0.31%,$0.01B,$0.16B,5.19%,$19,$2,$17,$0,$13,$15,$4,$0,$4,$1,$3,$3,$2,$0,$0,$10,10,$0.24,$0.24,$105,$0,$0,$851,$44,$468,$32,$18,$562,$1414,$1242,$0,$9,$9,$1250,$1,$27,$7,$163,$1414,$3,$1,$1,$2,$-0,$0,$-0,$0,$-0,$4,$-0,$0,$0,$0,$4,$4,$-2,$2,$3,$0,$3,$0,$0,$-1,$13,$15,$21,$0,$-1
27,2011-12-31,11.32,$15.46,0.73,$6.57,1.72,$2.83,4.0,$0.27,41.92,$0.83B,$1.23B,0.68,$0.00B,$0.13B,0.0,$0.06B,$0.06B,90.63%,$0.06B,$0.01B,7.81%,$0.06B,0,0.00%,$0.06B,0,0.00%,$0.06B,$0.01B,9.38%,$0.06B,$0.00B,3.13%,$0.00B,$0.16B,1.35%,$0.00B,$0.13B,1.54%,$0.00B,$1.40B,0.17%,$0.01B,$0.16B,3.38%,$18,$1,$16,$0,$15,$17,$1,$0,$2,$0,$1,$1,$1,$0,$0,$10,10,$0.09,$0.09,$84,$0,$0,$829,$45,$473,$32,$18,$568,$1397,$1226,$0,$9,$9,$1235,$1,$25,$8,$162,$1397,$4,$3,$4,$7,$-0,$0,$-0,$2,$2,$13,$-4,$0,$166,$5,$-165,$-160,$-50,$-48,$2,$0,$2,$0,$12,$-4,$15,$26,$-9,$0,$-3
28,2011-09-30,9.3,$15.52,0.6,$6.34,1.47,$3.50,2.66,$0.34,27.35,$0.77B,$1.06B,0.73,$0.00B,$0.12B,0.0,$0.06B,$0.06B,90.32%,$0.06B,$0.01B,8.06%,$0.06B,0,0.00%,$0.06B,0,0.00%,$0.06B,$0.01B,9.68%,$0.06B,$0.00B,4.84%,$0.00B,$0.15B,2.12%,$0.00B,$0.13B,2.32%,$0.00B,$1.22B,0.28%,$0.01B,$0.15B,3.53%,$17,$1,$15,$0,$14,$15,$1,$0,$1,$0,$1,$1,$0,$0,$0,$10,10,$0.03,$0.03,$98,$0,$0,$769,$41,$375,$20,$18,$453,$1222,$1060,$0,$9,$9,$1069,$1,$25,$8,$153,$1222,$3,$3,$3,$6,$-0,$0,$-0,$2,$2,$11,$-3,$0,$94,$5,$-98,$-92,$-47,$-48,$11,$0,$11,$0,$12,$-3,$22,$43,$6,$0,$-2
29,2011-06-30,11.73,$14.30,0.82,$6.27,1.87,$3.93,2.98,$0.40,29.32,$0.66B,$0.89B,0.74,$0.00B,$0.12B,0.0,$0.06B,$0.06B,90.16%,$0.06B,$0.01B,8.20%,$0.06B,0,0.00%,$0.06B,0,0.00%,$0.06B,$0.01B,9.84%,$0.06B,$0.00B,6.56%,$0.00B,$0.14B,2.90%,$0.00B,$0.13B,3.13%,$0.00B,$1.05B,0.39%,$0.01B,$0.14B,3.63%,$15,$1,$14,$0,$12,$14,$2,$0,$2,$0,$1,$1,$1,$0,$0,$10,10,$0.10,$0.10,$74,$0,$0,$659,$37,$328,$9,$16,$390,$1049,$887,$0,$23,$23,$910,$1,$26,$6,$139,$1049,$2,$2,$2,$4,$0,$0,$-0,$2,$2,$8,$-2,$0,$0,$5,$-39,$-34,$-16,$-51,$2,$0,$2,$0,$0,$-2,$25,$25,$-18,$0,$-1
30,2011-03-31,12.38,$14.04,0.88,$6.36,1.95,$4.19,2.96,$0.40,30.94,$0.67B,$0.89B,0.76,$0.00B,$0.12B,0.0,$0.06B,$0.06B,88.71%,$0.06B,$0.00B,6.45%,$0.06B,0,0.00%,$0.06B,0,0.00%,$0.06B,$0.01B,8.06%,$0.06B,$0.00B,6.45%,$0.00B,$0.14B,2.92%,$0.00B,$0.13B,3.15%,$0.00B,$1.03B,0.40%,$0.00B,$0.14B,2.92%,$14,$1,$13,$0,$12,$14,$1,$0,$1,$-0,$1,$1,$0,$0,$0,$10,10,$0.05,$0.05,$101,$0,$0,$674,$36,$296,$9,$11,$353,$1027,$885,$0,$5,$5,$890,$1,$25,$4,$137,$1027,$1,$1,$2,$3,$-0,$0,$-0,$1,$1,$4,$-1,$0,$0,$5,$-25,$-20,$3,$-18,$2,$0,$2,$0,$0,$-1,$23,$24,$10,$0,$-1
31,2010-12-31,13.08,$14.04,0.93,$6.48,2.02,$4.23,3.09,$0.47,27.84,$0.67B,$0.86B,0.78,$0.00B,$0.12B,0.0,$0.06B,$0.06B,87.50%,$0.06B,$0.01B,7.81%,$0.06B,0,0.00%,$0.06B,0,0.00%,$0.06B,$0.01B,9.38%,$0.06B,$0.01B,7.81%,$0.01B,$0.14B,3.66%,$0.01B,$0.13B,3.95%,$0.01B,$1.00B,0.51%,$0.01B,$0.14B,3.66%,$16,$2,$14,$0,$13,$14,$1,$0,$2,$0,$2,$2,$2,$0,$0,$10,10,$0.16,$0.16,$97,$0,$0,$674,$37,$270,$9,$12,$329,$1002,$860,$0,$6,$6,$866,$1,$26,$4,$137,$1002,$6,$5,$5,$9,$0,$0,$-0,$2,$2,$17,$-1,$0,$0,$21,$9,$30,$-1,$27,$-5,$0,$-5,$5,$5,$-4,$27,$24,$69,$0,$-3
32,2010-09-30,12.0,$14.16,0.85,$7.26,1.65,$4.01,2.99,$0.44,27.27,$0.65B,$0.85B,0.77,$0.00B,$0.12B,0.0,$0.06B,$0.06B,87.50%,$0.06B,$0.00B,6.25%,$0.06B,0,0.00%,$0.06B,0,0.00%,$0.06B,$0.01B,7.81%,$0.06B,$0.00B,6.25%,$0.00B,$0.14B,2.97%,$0.00B,$0.13B,3.21%,$0.00B,$0.99B,0.41%,$0.00B,$0.14B,2.97%,$16,$2,$14,$0,$13,$14,$1,$0,$1,$0,$1,$1,$1,$0,$0,$10,10,$0.09,$0.09,$58,$0,$0,$653,$37,$281,$9,$12,$340,$993,$848,$0,$7,$7,$855,$1,$25,$6,$138,$993,$4,$4,$4,$7,$-0,$0,$-0,$3,$2,$13,$-1,$0,$0,$21,$2,$23,$-18,$4,$4,$0,$4,$0,$5,$-3,$6,$13,$30,$0,$-2
33,2010-06-30,10.77,$13.96,0.77,$8.12,1.33,$4.48,2.41,$0.52,20.71,$0.63B,$0.83B,0.76,$0.00B,$0.12B,0.0,$0.06B,$0.06B,87.50%,$0.06B,$0.01B,7.81%,$0.06B,0,0.00%,$0.06B,0,0.00%,$0.06B,$0.01B,9.38%,$0.06B,$0.00B,6.25%,$0.00B,$0.14B,3.22%,$0.00B,$0.13B,3.49%,$0.00B,$0.97B,0.41%,$0.01B,$0.14B,4.02%,$16,$2,$14,$0,$13,$15,$1,$0,$1,$0,$1,$1,$1,$0,$0,$10,10,$0.10,$0.10,$46,$0,$0,$628,$37,$284,$9,$12,$343,$972,$830,$0,$6,$6,$836,$1,$24,$5,$136,$972,$3,$2,$4,$6,$0,$0,$-0,$0,$0,$9,$-0,$0,$0,$16,$-4,$12,$-3,$8,$-4,$0,$-4,$5,$5,$-2,$-3,$-4,$13,$0,$-1
34,2010-03-31,13.85,$13.86,1.0,$8.95,1.55,$4.95,2.8,$0.49,28.26,$0.65B,$0.84B,0.77,$0.00B,$0.12B,0.0,$0.06B,$0.06B,87.50%,$0.06B,$0.01B,7.81%,$0.06B,0,0.00%,$0.06B,0,0.00%,$0.06B,$0.01B,9.38%,$0.06B,$0.00B,4.69%,$0.00B,$0.14B,2.64%,$0.00B,$0.13B,2.88%,$0.00B,$0.97B,0.31%,$0.01B,$0.14B,4.40%,$16,$2,$14,$0,$12,$14,$2,$0,$2,$0,$1,$1,$1,$0,$0,$10,10,$0.12,$0.12,$72,$0,$0,$645,$38,$269,$9,$12,$329,$974,$835,$0,$5,$5,$840,$1,$24,$4,$135,$974,$1,$1,$2,$3,$-0,$0,$-0,$0,$-1,$4,$-0,$0,$0,$11,$10,$21,$8,$29,$-1,$0,$-1,$5,$5,$-1,$-3,$1,$34,$0,$-0
35,2009-12-31,11.61,$13.87,0.84,$9.81,1.18,$4.95,2.35,$0.51,22.77,$0.63B,$0.84B,0.75,$0.00B,$0.11B,0.0,$0.06B,$0.06B,87.50%,$0.06B,$0.00B,6.25%,$0.06B,0,0.00%,$0.06B,0,0.00%,$0.06B,$0.01B,7.81%,$0.06B,$0.00B,4.69%,$0.00B,$0.13B,2.90%,$0.00B,$0.12B,3.19%,$0.00B,$0.97B,0.32%,$0.00B,$0.13B,3.86%,$16,$2,$14,$0,$14,$16,$-0,$0,$1,$0,$1,$1,$1,$0,$0,$7,7,$0.13,$0.13,$49,$0,$0,$631,$39,$280,$9,$13,$341,$972,$838,$0,$5,$5,$843,$1,$24,$4,$129,$972,$5,$5,$5,$10,$1,$0,$-0,$-3,$-3,$11,$-2,$0,$0,$-17,$-41,$-58,$18,$-42,$-27,$0,$-27,$32,$52,$-3,$7,$29,$-1,$0,$-2
36,2009-09-30,10.97,$14.72,0.75,$10.06,1.09,$4.77,2.3,$0.54,20.32,$0.66B,$0.84B,0.79,$0.00B,$0.08B,0.0,$0.07B,$0.06B,86.15%,$0.07B,$0.00B,6.15%,$0.07B,0,0.00%,$0.07B,0,0.00%,$0.07B,$0.01B,7.69%,$0.07B,$0.00B,4.62%,$0.00B,$0.10B,3.35%,$0.00B,$0.09B,3.76%,$0.00B,$0.95B,0.32%,$0.00B,$0.10B,4.47%,$16,$3,$14,$0,$12,$15,$2,$0,$2,$0,$1,$1,$1,$0,$0,$7,7,$0.17,$0.17,$79,$0,$0,$664,$39,$226,$10,$8,$283,$948,$844,$0,$7,$7,$850,$1,$23,$5,$97,$948,$3,$3,$6,$10,$0,$0,$-1,$0,$-1,$13,$-1,$0,$0,$-7,$15,$8,$16,$23,$-21,$0,$-21,$0,$20,$-2,$5,$3,$38,$0,$-2
37,2009-06-30,13.9,$14.17,0.98,$10.23,1.36,$3.94,3.52,$0.65,21.39,$0.65B,$0.83B,0.79,$0.00B,$0.08B,0.0,$0.07B,$0.06B,83.58%,$0.07B,$0.00B,5.97%,$0.07B,0,0.00%,$0.07B,0,0.00%,$0.07B,$0.01B,7.46%,$0.07B,$0.00B,5.97%,$0.00B,$0.09B,4.82%,$0.00B,$0.08B,5.48%,$0.00B,$0.92B,0.43%,$0.00B,$0.09B,4.82%,$16,$3,$14,$0,$13,$16,$1,$0,$1,$-0,$1,$1,$0,$0,$0,$7,7,$0.07,$0.07,$61,$0,$0,$654,$40,$213,$10,$8,$270,$924,$825,$0,$6,$6,$830,$1,$23,$2,$94,$924,$2,$2,$6,$8,$0,$0,$-0,$0,$-0,$10,$-1,$0,$0,$-12,$24,$12,$9,$21,$-30,$0,$-30,$0,$20,$-2,$-4,$-16,$15,$0,$-1
38,2009-03-31,8.44,$14.16,0.6,$10.40,0.81,$3.16,2.67,$0.79,10.68,$0.64B,$0.82B,0.78,$0.00B,$0.08B,0.0,$0.07B,$0.06B,81.16%,$0.07B,$0.01B,7.25%,$0.07B,0,0.00%,$0.07B,0,0.00%,$0.07B,$0.01B,8.70%,$0.07B,$0.01B,7.25%,$0.01B,$0.09B,6.49%,$0.01B,$0.08B,7.46%,$0.01B,$0.92B,0.54%,$0.01B,$0.09B,6.49%,$16,$3,$14,$0,$12,$15,$1,$0,$1,$0,$1,$1,$1,$0,$0,$7,7,$0.14,$0.14,$46,$0,$0,$641,$40,$222,$10,$11,$282,$923,$823,$0,$6,$6,$829,$1,$23,$2,$94,$923,$1,$1,$2,$3,$-0,$0,$-0,$0,$-1,$3,$-1,$0,$0,$0,$16,$16,$10,$25,$-38,$0,$-38,$0,$20,$-1,$3,$-16,$12,$0,$-1
39,2008-12-31,10.42,$11.04,0.94,$10.64,0.98,$3.23,3.23,$0.83,12.56,$0.64B,$0.86B,0.75,$0.00B,$0.07B,0.0,$0.07B,$0.06B,77.46%,$0.07B,$0.01B,7.04%,$0.07B,0,0.00%,$0.07B,0,0.00%,$0.07B,$0.01B,8.45%,$0.07B,$0.01B,7.04%,$0.01B,$0.07B,7.04%,$0.01B,$0.06B,8.16%,$0.01B,$0.94B,0.54%,$0.01B,$0.07B,7.04%,$17,$3,$14,$0,$14,$17,$0,$0,$1,$-0,$1,$1,$1,$0,$0,$7,7,$0.16,$0.16,$34,$0,$0,$641,$41,$237,$10,$9,$296,$937,$859,$0,$4,$4,$864,$1,$22,$2,$73,$937,$6,$4,$5,$9,$0,$0,$-0,$-1,$-1,$13,$-5,$0,$0,$-9,$-39,$-48,$-42,$-96,$45,$0,$45,$-0,$-0,$-2,$33,$76,$-6,$0,$-2
40,2008-09-30,13.3,$10.65,1.25,$10.79,1.23,$2.48,5.36,$0.95,14.0,$0.62B,$0.84B,0.74,$0.00B,$0.07B,0.0,$0.07B,$0.05B,75.00%,$0.07B,$0.01B,9.72%,$0.07B,0,0.00%,$0.07B,0,0.00%,$0.07B,$0.01B,9.72%,$0.07B,$0.01B,8.33%,$0.01B,$0.07B,8.60%,$0.01B,$0.06B,9.96%,$0.01B,$0.92B,0.66%,$0.01B,$0.07B,10.04%,$18,$4,$14,$0,$12,$15,$2,$0,$2,$0,$2,$2,$2,$0,$0,$7,7,$0.28,$0.28,$44,$0,$0,$623,$40,$234,$10,$9,$294,$917,$842,$0,$4,$4,$846,$1,$22,$-0,$71,$917,$4,$3,$3,$6,$0,$0,$-0,$0,$-0,$10,$-4,$0,$0,$-15,$-40,$-55,$-12,$-71,$23,$0,$23,$-0,$-0,$-2,$38,$59,$-2,$0,$-2
41,2008-06-30,13.37,$10.54,1.27,$10.88,1.23,$2.07,6.45,$1.04,12.85,$0.66B,$0.86B,0.76,$0.00B,$0.07B,0.0,$0.07B,$0.05B,73.61%,$0.07B,$0.01B,11.11%,$0.07B,0,0.00%,$0.07B,0,0.00%,$0.07B,$0.01B,11.11%,$0.07B,$0.01B,8.33%,$0.01B,$0.07B,8.76%,$0.01B,$0.06B,10.17%,$0.01B,$0.94B,0.67%,$0.01B,$0.07B,11.15%,$18,$4,$14,$0,$12,$16,$2,$0,$2,$0,$1,$1,$1,$0,$0,$7,7,$0.22,$0.21,$90,$0,$0,$656,$40,$223,$10,$9,$282,$938,$864,$0,$4,$4,$868,$1,$20,$0,$70,$938,$3,$2,$2,$4,$1,$0,$-0,$0,$0,$7,$-3,$0,$0,$-15,$-28,$-43,$1,$-45,$6,$0,$6,$0,$0,$-1,$77,$82,$44,$0,$-1
42,2008-03-31,15.05,$10.65,1.41,$10.94,1.38,$1.83,8.23,$1.19,12.62,$0.69B,$0.86B,0.8,$0.00B,$0.07B,0.0,$0.07B,$0.05B,72.22%,$0.07B,$0.01B,12.50%,$0.07B,0,0.00%,$0.07B,0,0.00%,$0.07B,$0.01B,12.50%,$0.07B,$0.01B,9.72%,$0.01B,$0.07B,10.49%,$0.01B,$0.06B,12.23%,$0.01B,$0.94B,0.81%,$0.01B,$0.07B,12.63%,$18,$5,$13,$0,$11,$17,$1,$0,$1,$0,$1,$1,$1,$0,$0,$7,7,$0.18,$0.18,$116,$0,$0,$685,$40,$195,$10,$8,$253,$937,$861,$0,$6,$6,$867,$1,$19,$2,$70,$937,$1,$1,$1,$2,$1,$0,$-0,$1,$2,$5,$-1,$0,$0,$0,$3,$3,$-1,$0,$-4,$0,$-4,$0,$0,$-1,$85,$80,$85,$0,$-1
43,2007-12-31,18.68,$10.41,1.79,$10.75,1.74,$1.53,12.19,$1.31,14.29,$0.60B,$0.78B,0.77,$0.00B,$0.07B,0.0,$0.07B,$0.05B,71.83%,$0.07B,$0.01B,15.49%,$0.07B,0,0.00%,$0.07B,0,0.00%,$0.07B,$0.01B,15.49%,$0.07B,$0.01B,11.27%,$0.01B,$0.07B,12.36%,$0.01B,$0.06B,14.55%,$0.01B,$0.85B,0.96%,$0.01B,$0.07B,15.88%,$18,$5,$13,$0,$11,$16,$2,$0,$2,$0,$2,$2,$2,$0,$0,$7,7,$0.29,$0.28,$31,$0,$0,$601,$39,$196,$10,$8,$254,$854,$781,$0,$5,$5,$786,$1,$19,$1,$68,$854,$9,$3,$3,$6,$-0,$0,$0,$-0,$-0,$15,$-11,$0,$0,$0,$5,$5,$-71,$-77,$21,$0,$21,$-0,$-0,$-2,$17,$36,$-27,$0,$-2
44,2007-09-30,18.28,$10.07,1.81,$10.44,1.75,$1.43,12.76,$1.29,14.13,$0.59B,$0.76B,0.77,$0.01B,$0.07B,0.19,$0.07B,$0.05B,71.01%,$0.07B,$0.01B,15.94%,$0.07B,0,0.00%,$0.07B,0,0.00%,$0.07B,$0.01B,15.94%,$0.07B,$0.01B,11.59%,$0.01B,$0.07B,12.75%,$0.01B,$0.06B,15.17%,$0.01B,$0.84B,0.98%,$0.01B,$0.08B,16.06%,$18,$5,$13,$0,$10,$15,$3,$0,$3,$1,$2,$2,$2,$0,$0,$7,7,$0.37,$0.37,$31,$0,$0,$585,$36,$198,$10,$8,$252,$837,$755,$12,$3,$16,$771,$1,$18,$-0,$66,$837,$7,$3,$2,$5,$-0,$0,$-0,$0,$-0,$11,$-8,$0,$0,$0,$2,$2,$-54,$-61,$26,$0,$26,$-0,$-0,$-1,$-2,$23,$-26,$0,$-1
45,2007-06-30,18.98,$9.07,2.09,$10.18,1.86,$1.24,15.32,$1.29,14.76,$0.57B,$0.75B,0.76,$0.01B,$0.06B,0.08,$0.07B,$0.05B,70.59%,$0.07B,$0.01B,16.18%,$0.07B,0,0.00%,$0.07B,0,0.00%,$0.07B,$0.01B,16.18%,$0.07B,$0.01B,11.76%,$0.01B,$0.06B,13.11%,$0.01B,$0.05B,15.69%,$0.01B,$0.82B,0.99%,$0.01B,$0.07B,17.32%,$18,$5,$13,$0,$10,$15,$3,$0,$3,$1,$2,$2,$2,$0,$0,$7,7,$0.38,$0.38,$25,$0,$0,$571,$33,$201,$10,$9,$253,$824,$754,$5,$2,$7,$761,$1,$16,$-2,$63,$824,$4,$2,$1,$2,$-0,$0,$-0,$0,$-0,$6,$-4,$0,$0,$0,$-3,$-3,$-47,$-54,$16,$0,$16,$0,$0,$-1,$1,$15,$-32,$0,$-1
46,2007-03-31,21.45,$9.37,2.29,$9.73,2.2,$0.80,26.66,$1.26,17.04,$0.57B,$0.75B,0.75,$0.00B,$0.06B,0.0,$0.07B,$0.05B,69.70%,$0.07B,$0.01B,16.67%,$0.07B,0,0.00%,$0.07B,0,0.00%,$0.07B,$0.01B,16.67%,$0.07B,$0.01B,12.12%,$0.01B,$0.06B,13.56%,$0.01B,$0.05B,16.33%,$0.01B,$0.82B,1.01%,$0.01B,$0.06B,18.26%,$17,$5,$12,$0,$9,$14,$3,$0,$3,$1,$2,$2,$2,$0,$0,$7,7,$0.30,$0.29,$55,$0,$0,$566,$31,$198,$10,$9,$249,$815,$750,$0,$3,$3,$753,$1,$21,$-1,$62,$815,$2,$1,$-0,$1,$0,$0,$-0,$0,$0,$3,$-2,$0,$0,$0,$1,$1,$-12,$-12,$-5,$0,$-5,$0,$0,$-1,$13,$7,$-2,$0,$-1
47,2006-12-31,24.68,$9.58,2.58,$9.30,2.65,$0.51,48.08,$1.24,19.94,$0.56B,$0.74B,0.76,$0.01B,$0.06B,0.1,$0.06B,$0.04B,69.84%,$0.06B,$0.01B,15.87%,$0.06B,0,0.00%,$0.06B,0,0.00%,$0.06B,$0.01B,15.87%,$0.06B,$0.01B,12.70%,$0.01B,$0.06B,14.04%,$0.01B,$0.05B,17.11%,$0.01B,$0.81B,1.03%,$0.01B,$0.07B,17.17%,$16,$5,$11,$0,$9,$14,$2,$0,$2,$0,$2,$2,$2,$0,$0,$7,7,$0.28,$0.28,$57,$0,$0,$557,$31,$199,$10,$8,$248,$805,$737,$6,$2,$8,$745,$1,$20,$-1,$60,$805,$8,$3,$1,$4,$-1,$0,$0,$-0,$-0,$12,$-10,$0,$0,$0,$-38,$-38,$-57,$-105,$8,$0,$8,$-1,$-1,$-1,$92,$98,$5,$0,$-1
