,Date,Stock Price,Book Value per Share,Price to Book Ratio,TTM Sales per Share,Price to Sales Ratio,TTM FCF per Share,Price to FCF Ratio,TTM Net EPS,PE Ratio,Current Assets,Current Liabilities,Current Ratio,Long Term Debt,Shareholder's Equity_x,Debt to Equity Ratio,TTM Revenue_x,TTM Gross Profit,Gross Margin,TTM Revenue_y,TTM Operating Income,Operating Margin,TTM Revenue_x,TTM EBIT,EBIT Margin,TTM Revenue_y,TTM EBITDA,EBITDA Margin,TTM Revenue_x,TTM Pre-Tax Income,Pre-Tax Margin,TTM Revenue_y,TTM Net Income_x,Net Margin,TTM Net Income_y,Shareholder's Equity_y,Return on Equity,TTM Net Income_x,Tangible Equity,Return on Tangible Equity,TTM Net Income_y,Total Assets,Return on Assets,TTM Net Income,LT Investments & Debt,Return on Investment,revenue,cost-goods-sold,gross-profit,research-development-expenses,selling-general-administrative-expenses,operating-expenses,operating-income,total-non-operating-income-expense,pre-tax-income,total-provision-income-taxes,income-after-taxes,income-from-continuous-operations,net-income,ebitda,ebit,basic-shares-outstanding,shares-outstanding,eps-basic-net-earnings-per-share,eps-earnings-per-share-diluted,cash-on-hand,inventory,other-current-assets,total-current-assets,net-property-plant-equipment,long-term-investments,goodwill-intangible-assets-total,other-long-term-assets,total-long-term-assets,total-assets,total-current-liabilities,long-term-debt,other-non-current-liabilities,total-long-term-liabilities,total-liabilities,common-stock-net,retained-earnings-accumulated-deficit,comprehensive-income,total-share-holder-equity,total-liabilities-share-holders-equity,net-income-loss,total-depreciation-amortization-cash-flow,other-non-cash-items,total-non-cash-items,change-in-accounts-receivable,change-in-inventories,change-in-accounts-payable,change-in-assets-liabilities,total-change-in-assets-liabilities,cash-flow-from-operating-activities,net-change-in-property-plant-equipment,net-change-in-intangible-assets,net-acquisitions-divestitures,net-change-in-short-term-investments,net-change-in-long-term-investments,net-change-in-investments-total,investing-activities-other,cash-flow-from-investing-activities,net-long-term-debt,net-current-debt,debt-issuance-retirement-net-total,net-common-equity-issued-repurchased,net-total-equity-issued-repurchased,total-common-preferred-stock-dividends-paid,financial-activities-other,cash-flow-from-financial-activities,net-cash-flow,stock-based-compensation,common-stock-dividends-paid
0,2018-05-31,91.21,$24.74,3.69,$54.93,1.66,$10.09,9.04,$5.57,16.37,$1.12B,$0.53B,2.11,$0.25B,$1.40B,0.18,$3.12B,$1.37B,43.78%,$3.12B,$0.41B,13.21%,$3.12B,$0.41B,13.21%,$3.12B,$0.48B,15.26%,$3.12B,$0.40B,12.85%,$3.12B,$0.32B,10.19%,$0.32B,$1.40B,24.32%,$0.32B,$0.60B,57.63%,$0.32B,$2.26B,14.74%,$0.41B,$1.65B,26.87%,$838,$478,$360,$0,$252,$730,$108,$-4,$104,$31,$73,$73,$73,$131,$108,$56,57,$1.30,$1.29,$40,$512,$0,$1116,$311,$0,$799,$30,$1140,$2256,$528,$251,$0,$328,$857,$0,$1332,$-19,$1399,$2256,$256,$47,$-25,$22,$-34,$-27,$0,$4,$-48,$230,$-31,$0,$-86,$0,$0,$0,$0,$-117,$-170,$172,$2,$1,$1,$-93,$-0,$-90,$24,$11,$-93
1,2018-02-28,86.33,$23.83,3.62,$53.34,1.62,$8.70,9.93,$5.27,16.38,$1.09B,$0.49B,2.2,$0.25B,$1.35B,0.19,$3.04B,$1.34B,43.97%,$3.04B,$0.40B,13.14%,$3.04B,$0.40B,13.14%,$3.04B,$0.46B,15.25%,$3.04B,$0.39B,12.78%,$3.04B,$0.30B,9.95%,$0.30B,$1.35B,23.90%,$0.30B,$0.61B,57.31%,$0.30B,$2.17B,14.34%,$0.40B,$1.60B,27.01%,$828,$467,$361,$0,$246,$713,$115,$-4,$112,$33,$79,$79,$79,$114,$115,$56,57,$1.40,$1.39,$32,$499,$0,$1088,$308,$0,$739,$30,$1077,$2165,$494,$251,$0,$325,$819,$0,$1286,$-18,$1346,$2165,$177,$31,$-30,$1,$-32,$-34,$0,$-1,$-60,$118,$-17,$0,$-1,$0,$0,$0,$0,$-18,$-96,$74,$-22,$-3,$-3,$-60,$0,$-85,$16,$8,$-60
2,2017-11-30,88.34,$22.32,3.96,$52.12,1.69,$8.17,10.82,$4.14,21.34,$1.02B,$0.53B,1.92,$0.20B,$1.26B,0.16,$2.97B,$1.31B,44.19%,$2.97B,$0.39B,13.06%,$2.97B,$0.39B,13.06%,$2.97B,$0.45B,15.18%,$2.97B,$0.38B,12.69%,$2.97B,$0.24B,8.01%,$0.24B,$1.26B,19.47%,$0.24B,$0.52B,48.62%,$0.24B,$2.11B,11.46%,$0.39B,$1.46B,26.93%,$769,$432,$337,$0,$239,$671,$98,$-3,$95,$-23,$118,$118,$118,$115,$98,$56,57,$2.08,$2.06,$20,$469,$0,$1024,$312,$0,$741,$32,$1085,$2108,$532,$201,$0,$316,$848,$0,$1201,$-18,$1260,$2108,$60,$16,$6,$21,$-9,$-4,$0,$-0,$1,$82,$-9,$0,$-1,$0,$0,$0,$0,$-10,$-64,$24,$-40,$-1,$-1,$-27,$0,$-68,$4,$4,$-27
3,2017-08-31,67.15,$21.73,3.09,$50.65,1.33,$8.00,8.4,$4.04,16.62,$1.01B,$0.56B,1.8,$0.20B,$1.23B,0.16,$2.89B,$1.29B,44.56%,$2.89B,$0.38B,13.16%,$2.89B,$0.38B,13.16%,$2.89B,$0.44B,15.30%,$2.89B,$0.37B,12.78%,$2.89B,$0.23B,8.03%,$0.23B,$1.23B,19.48%,$0.23B,$0.48B,50.27%,$0.23B,$2.10B,11.32%,$0.38B,$1.43B,26.48%,$769,$433,$335,$0,$236,$669,$99,$-3,$96,$36,$60,$60,$60,$116,$99,$56,57,$1.06,$1.05,$16,$465,$0,$1006,$316,$0,$744,$33,$1093,$2099,$558,$201,$0,$316,$874,$0,$1169,$-17,$1225,$2099,$231,$63,$35,$98,$-72,$-16,$0,$-7,$-83,$247,$-47,$0,$-42,$0,$0,$0,$0,$-89,$0,$-73,$-73,$-18,$-18,$-102,$-2,$-195,$-37,$14,$-102
4,2017-05-31,81.34,$21.47,3.79,$49.61,1.64,$9.61,8.46,$3.99,20.39,$0.98B,$0.53B,1.87,$0.20B,$1.22B,0.16,$2.88B,$1.29B,44.74%,$2.88B,$0.38B,13.16%,$2.88B,$0.38B,13.16%,$2.88B,$0.44B,15.42%,$2.88B,$0.37B,12.82%,$2.88B,$0.23B,8.09%,$0.23B,$1.22B,20.10%,$0.23B,$0.50B,53.75%,$0.23B,$2.05B,11.41%,$0.38B,$1.42B,26.35%,$754,$420,$333,$0,$233,$654,$100,$-2,$98,$37,$61,$61,$61,$118,$100,$57,57,$1.08,$1.07,$28,$466,$0,$980,$317,$0,$722,$31,$1071,$2051,$526,$201,$0,$303,$828,$0,$1134,$-21,$1223,$2051,$171,$47,$15,$62,$-51,$-23,$0,$-2,$-74,$159,$-38,$0,$0,$0,$0,$0,$0,$-38,$-530,$439,$-91,$22,$22,$-77,$-2,$-146,$-25,$10,$-77
5,2017-02-28,96.98,$20.74,4.68,$48.48,2.0,$11.58,8.37,$3.95,24.55,$0.98B,$0.50B,1.96,$0.27B,$1.18B,0.23,$2.86B,$1.29B,44.90%,$2.86B,$0.38B,13.38%,$2.86B,$0.38B,13.38%,$2.86B,$0.45B,15.72%,$2.86B,$0.38B,13.10%,$2.86B,$0.24B,8.21%,$0.24B,$1.18B,19.45%,$0.24B,$0.46B,48.91%,$0.24B,$2.05B,11.55%,$0.38B,$1.45B,25.85%,$744,$414,$330,$0,$228,$642,$102,$-3,$99,$36,$63,$63,$63,$102,$102,$57,57,$1.10,$1.09,$36,$465,$0,$976,$319,$0,$724,$32,$1076,$2052,$498,$271,$0,$373,$871,$0,$1097,$-21,$1181,$2052,$108,$31,$11,$41,$-42,$-21,$0,$1,$-53,$97,$-26,$0,$0,$0,$0,$0,$0,$-26,$-136,$78,$-58,$21,$21,$-51,$-0,$-88,$-17,$7,$-51
6,2016-11-30,85.72,$20.00,4.29,$47.33,1.81,$12.89,6.65,$3.82,22.44,$0.92B,$0.46B,2.01,$0.31B,$1.13B,0.27,$2.84B,$1.28B,45.00%,$2.84B,$0.38B,13.27%,$2.84B,$0.38B,13.27%,$2.84B,$0.45B,15.69%,$2.84B,$0.37B,13.05%,$2.84B,$0.23B,8.13%,$0.23B,$1.13B,18.39%,$0.23B,$0.41B,43.96%,$0.23B,$2.00B,11.39%,$0.38B,$1.44B,24.98%,$704,$389,$315,$0,$228,$617,$87,$-3,$84,$30,$54,$54,$54,$106,$87,$57,57,$0.94,$0.93,$32,$454,$0,$919,$320,$0,$727,$34,$1080,$1999,$458,$305,$0,$407,$865,$0,$1069,$-21,$1134,$1999,$54,$15,$5,$20,$-1,$-10,$0,$3,$1,$76,$-12,$0,$0,$0,$0,$0,$0,$-12,$-78,$15,$-63,$5,$5,$-25,$-0,$-84,$-21,$4,$-25
7,2016-08-31,69.7,$19.41,3.59,$46.72,1.49,$13.50,5.16,$3.76,18.54,$0.98B,$0.48B,2.05,$0.34B,$1.10B,0.31,$2.86B,$1.29B,45.02%,$2.86B,$0.38B,13.13%,$2.86B,$0.38B,13.13%,$2.86B,$0.45B,15.65%,$2.86B,$0.37B,12.99%,$2.86B,$0.23B,8.10%,$0.23B,$1.10B,17.68%,$0.23B,$0.37B,40.09%,$0.23B,$2.07B,11.34%,$0.38B,$1.44B,24.42%,$686,$378,$309,$0,$218,$596,$91,$-3,$88,$33,$54,$54,$54,$118,$91,$56,57,$0.96,$0.96,$53,$444,$0,$981,$321,$0,$729,$34,$1083,$2065,$479,$340,$0,$488,$967,$0,$1040,$-19,$1098,$2065,$231,$72,$35,$107,$3,$61,$0,$-6,$63,$401,$-88,$0,$0,$0,$0,$0,$0,$-88,$175,$4,$179,$-372,$-372,$-106,$1,$-298,$15,$14,$-106
8,2016-05-31,71.1,$23.11,3.08,$46.35,1.53,$11.60,6.13,$3.70,19.22,$0.97B,$0.29B,3.32,$0.18B,$1.42B,0.13,$2.85B,$1.28B,45.06%,$2.85B,$0.37B,13.08%,$2.85B,$0.37B,13.08%,$2.85B,$0.44B,15.57%,$2.85B,$0.37B,12.93%,$2.85B,$0.23B,8.08%,$0.23B,$1.42B,16.78%,$0.23B,$0.69B,36.29%,$0.23B,$2.02B,11.19%,$0.37B,$1.60B,23.74%,$745,$411,$334,$0,$235,$646,$99,$-2,$98,$36,$62,$62,$62,$124,$99,$61,61,$1.02,$1.03,$32,$462,$0,$974,$286,$0,$731,$32,$1049,$2023,$294,$178,$0,$309,$603,$0,$1322,$-18,$1421,$2023,$169,$53,$16,$69,$2,$44,$0,$3,$47,$286,$-35,$0,$0,$0,$0,$0,$0,$-35,$-0,$-167,$-167,$-11,$-11,$-79,$1,$-257,$-6,$10,$-79
9,2016-02-29,65.64,$22.34,2.94,$46.63,1.41,$9.54,6.88,$3.68,17.84,$0.97B,$0.33B,2.92,$0.19B,$1.37B,0.14,$2.86B,$1.29B,45.16%,$2.86B,$0.37B,12.92%,$2.86B,$0.37B,12.92%,$2.86B,$0.44B,15.40%,$2.86B,$0.37B,12.78%,$2.86B,$0.23B,7.96%,$0.23B,$1.37B,17.00%,$0.23B,$0.64B,38.02%,$0.23B,$2.03B,11.00%,$0.37B,$1.56B,23.89%,$727,$400,$327,$0,$221,$622,$106,$-1,$105,$40,$65,$65,$65,$98,$106,$61,61,$1.06,$1.05,$24,$464,$0,$972,$288,$0,$734,$32,$1054,$2025,$333,$191,$0,$322,$654,$0,$1284,$-21,$1371,$2025,$105,$35,$12,$48,$8,$41,$0,$-10,$31,$183,$-27,$0,$0,$0,$0,$0,$0,$-27,$0,$-102,$-101,$-16,$-16,$-53,$0,$-170,$-14,$7,$-53
10,2015-11-30,57.78,$22.07,2.62,$46.95,1.23,$7.36,7.85,$3.71,15.57,$1.01B,$0.38B,2.67,$0.20B,$1.36B,0.15,$2.89B,$1.31B,45.23%,$2.89B,$0.38B,13.00%,$2.89B,$0.38B,13.00%,$2.89B,$0.45B,15.46%,$2.89B,$0.37B,12.82%,$2.89B,$0.23B,7.97%,$0.23B,$1.36B,17.51%,$0.23B,$0.62B,40.56%,$0.23B,$2.07B,10.99%,$0.38B,$1.56B,24.51%,$684,$375,$309,$0,$228,$604,$81,$-0,$80,$31,$50,$50,$50,$108,$81,$61,61,$0.81,$0.80,$38,$492,$0,$1005,$293,$0,$739,$33,$1065,$2070,$376,$203,$0,$334,$711,$0,$1261,$-18,$1359,$2070,$55,$18,$7,$25,$13,$14,$0,$-3,$43,$122,$-16,$0,$0,$0,$0,$0,$0,$-16,$0,$-76,$-76,$-5,$-5,$-26,$0,$-107,$-0,$4,$-26
11,2015-08-31,62.97,$21.62,2.91,$47.32,1.33,$6.34,9.92,$3.73,16.88,$1.03B,$0.42B,2.45,$0.21B,$1.33B,0.16,$2.91B,$1.32B,45.24%,$2.91B,$0.38B,13.03%,$2.91B,$0.38B,13.03%,$2.91B,$0.45B,15.43%,$2.91B,$0.37B,12.86%,$2.91B,$0.23B,7.94%,$0.23B,$1.33B,17.95%,$0.23B,$0.59B,43.20%,$0.23B,$2.10B,10.98%,$0.38B,$1.55B,25.08%,$707,$388,$319,$0,$229,$616,$90,$-1,$89,$34,$55,$55,$55,$113,$90,$61,61,$0.89,$0.89,$38,$507,$0,$1032,$291,$0,$743,$34,$1068,$2100,$422,$214,$0,$345,$767,$0,$1232,$-17,$1333,$2100,$231,$70,$33,$103,$-29,$-59,$0,$-0,$-85,$250,$-51,$0,$0,$0,$0,$0,$0,$-51,$-2,$93,$91,$-18,$-18,$-284,$4,$-207,$-9,$14,$-284
12,2015-05-31,64.16,$21.11,3.04,$47.15,1.36,$6.35,10.1,$3.78,16.97,$1.02B,$0.46B,2.24,$0.22B,$1.30B,0.17,$2.91B,$1.32B,45.38%,$2.91B,$0.38B,13.20%,$2.91B,$0.38B,13.20%,$2.91B,$0.45B,15.54%,$2.91B,$0.38B,13.03%,$2.91B,$0.23B,8.01%,$0.23B,$1.30B,17.88%,$0.23B,$0.55B,42.73%,$0.23B,$2.09B,11.13%,$0.38B,$1.52B,25.03%,$727,$400,$327,$0,$232,$632,$95,$-2,$94,$35,$59,$59,$60,$122,$95,$61,61,$0.96,$0.97,$25,$511,$0,$1022,$289,$0,$750,$32,$1071,$2093,$457,$221,$0,$334,$791,$0,$1198,$-14,$1303,$2093,$172,$52,$12,$65,$-30,$-63,$0,$4,$-74,$163,$-38,$0,$0,$0,$0,$0,$0,$-38,$-183,$306,$123,$-14,$-14,$-260,$4,$-147,$-22,$11,$-260
13,2015-02-28,67.13,$20.41,3.29,$46.59,1.44,$7.07,9.5,$3.78,17.76,$1.03B,$0.51B,2.02,$0.23B,$1.26B,0.18,$2.88B,$1.32B,45.60%,$2.88B,$0.39B,13.35%,$2.88B,$0.39B,13.35%,$2.88B,$0.45B,15.64%,$2.88B,$0.38B,13.18%,$2.88B,$0.23B,8.11%,$0.23B,$1.26B,17.55%,$0.23B,$0.51B,41.05%,$0.23B,$2.11B,11.28%,$0.39B,$1.49B,24.51%,$745,$407,$338,$0,$234,$641,$104,$-2,$103,$39,$63,$63,$63,$103,$104,$61,61,$1.03,$1.03,$27,$506,$0,$1033,$292,$0,$754,$34,$1079,$2112,$512,$227,$0,$340,$853,$0,$1159,$-14,$1259,$2112,$109,$34,$8,$42,$-28,$-58,$0,$-9,$-103,$48,$-25,$0,$0,$0,$0,$0,$0,$-25,$-93,$298,$205,$-16,$-16,$-235,$4,$-42,$-20,$8,$-235
14,2014-11-30,71.05,$20.26,3.51,$45.78,1.55,$8.60,8.26,$3.74,19.0,$1.02B,$0.51B,2.0,$0.23B,$1.25B,0.19,$2.84B,$1.30B,45.81%,$2.84B,$0.38B,13.42%,$2.84B,$0.38B,13.42%,$2.84B,$0.45B,15.70%,$2.84B,$0.38B,13.24%,$2.84B,$0.23B,8.13%,$0.23B,$1.25B,16.98%,$0.23B,$0.49B,39.04%,$0.23B,$2.11B,11.33%,$0.38B,$1.49B,23.76%,$706,$386,$321,$0,$235,$621,$86,$-2,$84,$32,$52,$52,$52,$111,$86,$61,62,$0.84,$0.83,$47,$494,$0,$1018,$293,$0,$761,$35,$1090,$2108,$509,$234,$0,$347,$856,$0,$1133,$-9,$1252,$2108,$57,$17,$4,$21,$-10,$-45,$0,$-5,$-21,$58,$-13,$0,$0,$0,$0,$0,$0,$-13,$-76,$235,$159,$4,$4,$-209,$2,$-45,$-0,$5,$-209
15,2014-08-31,79.13,$22.70,3.49,$44.65,1.77,$9.33,8.48,$3.76,21.04,$0.96B,$0.31B,3.11,$0.24B,$1.40B,0.17,$2.79B,$1.29B,46.13%,$2.79B,$0.38B,13.77%,$2.79B,$0.38B,13.77%,$2.79B,$0.45B,16.07%,$2.79B,$0.38B,13.59%,$2.79B,$0.23B,8.39%,$0.23B,$1.40B,16.97%,$0.23B,$0.63B,38.68%,$0.23B,$2.06B,11.68%,$0.38B,$1.64B,23.60%,$731,$401,$330,$0,$236,$637,$94,$-1,$93,$36,$57,$57,$56,$116,$94,$61,62,$0.92,$0.91,$47,$450,$0,$961,$294,$0,$768,$37,$1099,$2061,$309,$240,$0,$353,$662,$0,$1286,$-5,$1399,$2061,$236,$65,$30,$95,$-41,$-30,$0,$-4,$-59,$272,$-71,$0,$1,$0,$-25,$-25,$0,$-94,$-0,$58,$57,$-167,$-167,$-83,$5,$-187,$-9,$17,$-83
16,2014-05-31,80.45,$22.81,3.53,$43.69,1.84,$9.84,8.17,$3.64,22.1,$0.92B,$0.25B,3.67,$0.25B,$1.42B,0.17,$2.74B,$1.26B,46.18%,$2.74B,$0.38B,13.75%,$2.74B,$0.38B,13.75%,$2.74B,$0.44B,16.09%,$2.74B,$0.37B,13.56%,$2.74B,$0.23B,8.34%,$0.23B,$1.42B,16.56%,$0.23B,$0.65B,38.10%,$0.23B,$2.02B,11.55%,$0.38B,$1.67B,23.13%,$727,$395,$331,$0,$231,$627,$100,$-1,$99,$36,$63,$63,$62,$121,$100,$62,62,$1.01,$1.01,$45,$429,$0,$921,$291,$0,$772,$34,$1097,$2018,$251,$246,$0,$344,$594,$0,$1244,$-5,$1424,$2018,$173,$48,$13,$61,$-27,$-10,$0,$-3,$-8,$227,$-56,$0,$1,$0,$-25,$-25,$0,$-79,$-55,$50,$-5,$-95,$-95,$-62,$5,$-158,$-11,$13,$-62
17,2014-02-28,75.24,$21.95,3.43,$42.20,1.78,$10.00,7.52,$3.59,20.96,$0.88B,$0.25B,3.48,$0.25B,$1.37B,0.18,$2.65B,$1.22B,46.00%,$2.65B,$0.37B,13.99%,$2.65B,$0.37B,13.99%,$2.65B,$0.43B,16.29%,$2.65B,$0.37B,13.80%,$2.65B,$0.23B,8.52%,$0.23B,$1.37B,16.65%,$0.23B,$0.59B,39.36%,$0.23B,$1.97B,11.59%,$0.37B,$1.62B,23.11%,$720,$387,$333,$0,$229,$616,$105,$-1,$104,$39,$65,$65,$64,$98,$105,$62,62,$1.04,$1.03,$45,$394,$0,$880,$280,$0,$775,$35,$1090,$1970,$253,$252,$0,$349,$602,$0,$1200,$-6,$1368,$1970,$109,$32,$9,$41,$-22,$26,$0,$-4,$2,$151,$-34,$0,$1,$0,$-24,$-24,$0,$-57,$-1,$34,$33,$-101,$-101,$-41,$4,$-106,$-11,$9,$-41
18,2013-11-30,66.72,$21.33,3.13,$40.58,1.64,$9.61,6.94,$3.68,18.13,$0.88B,$0.29B,3.04,$0.26B,$1.33B,0.19,$2.56B,$1.17B,45.68%,$2.56B,$0.38B,14.85%,$2.56B,$0.38B,14.85%,$2.56B,$0.44B,17.04%,$2.56B,$0.38B,14.73%,$2.56B,$0.23B,9.11%,$0.23B,$1.33B,17.40%,$0.23B,$0.54B,34.98%,$0.23B,$1.97B,12.67%,$0.38B,$1.58B,24.93%,$662,$355,$307,$0,$225,$580,$82,$-1,$80,$31,$50,$50,$49,$113,$82,$62,62,$0.80,$0.79,$48,$416,$0,$882,$273,$0,$781,$32,$1086,$1968,$290,$255,$0,$352,$642,$0,$1171,$-4,$1325,$1968,$59,$16,$1,$17,$-4,$3,$0,$3,$28,$104,$-13,$0,$1,$0,$-20,$-20,$0,$-31,$-3,$50,$47,$-110,$-110,$-21,$4,$-80,$-7,$4,$-21
19,2013-08-31,65.42,$21.92,2.98,$39.03,1.68,$9.31,7.03,$3.75,17.45,$0.89B,$0.21B,4.18,$0.24B,$1.39B,0.17,$2.46B,$1.12B,45.54%,$2.46B,$0.39B,15.67%,$2.46B,$0.39B,15.67%,$2.46B,$0.44B,17.70%,$2.46B,$0.38B,15.59%,$2.46B,$0.24B,9.65%,$0.24B,$1.39B,17.95%,$0.24B,$0.61B,31.29%,$0.24B,$1.94B,13.75%,$0.39B,$1.63B,26.70%,$679,$364,$315,$0,$218,$582,$97,$-1,$96,$37,$59,$59,$59,$108,$97,$63,63,$0.93,$0.93,$56,$419,$0,$893,$252,$0,$786,$12,$1050,$1943,$214,$242,$0,$339,$553,$0,$1133,$-4,$1390,$1943,$238,$49,$21,$71,$-16,$23,$0,$-3,$17,$325,$-89,$0,$-549,$0,$0,$0,$0,$-638,$0,$250,$250,$22,$22,$-76,$4,$200,$-113,$16,$-76
20,2013-05-31,70.62,$21.25,3.32,$38.45,1.84,$8.53,8.28,$3.95,17.88,$0.89B,$0.25B,3.62,$0.24B,$1.35B,0.18,$2.42B,$1.10B,45.41%,$2.42B,$0.40B,16.58%,$2.42B,$0.40B,16.58%,$2.42B,$0.44B,18.36%,$2.42B,$0.40B,16.54%,$2.42B,$0.25B,10.30%,$0.25B,$1.35B,19.62%,$0.25B,$0.56B,30.44%,$0.25B,$1.92B,15.56%,$0.40B,$1.59B,30.12%,$674,$366,$308,$0,$215,$581,$92,$-1,$91,$35,$56,$56,$56,$113,$92,$63,63,$0.88,$0.89,$58,$414,$0,$885,$235,$0,$793,$7,$1034,$1919,$245,$242,$0,$328,$572,$0,$1096,$-4,$1347,$1919,$182,$34,$10,$44,$-7,$28,$0,$-9,$20,$245,$-62,$0,$-549,$0,$0,$0,$0,$-611,$-1,$290,$289,$19,$19,$-57,$4,$255,$-110,$12,$-57
21,2013-02-28,72.33,$20.45,3.54,$38.07,1.9,$7.48,9.67,$4.07,17.77,$0.98B,$0.15B,6.78,$0.00B,$1.30B,0.0,$2.39B,$1.09B,45.47%,$2.39B,$0.41B,17.22%,$2.39B,$0.41B,17.22%,$2.39B,$0.45B,18.85%,$2.39B,$0.41B,17.22%,$2.39B,$0.26B,10.74%,$0.26B,$1.30B,21.17%,$0.26B,$0.96B,29.37%,$0.26B,$1.53B,17.55%,$0.41B,$1.30B,33.88%,$637,$347,$290,$0,$189,$537,$100,$-1,$99,$37,$62,$62,$62,$102,$100,$63,63,$0.99,$0.98,$244,$365,$0,$984,$202,$0,$335,$6,$543,$1527,$145,$2,$0,$87,$232,$0,$1052,$-3,$1295,$1527,$119,$21,$6,$27,$-10,$28,$0,$-7,$-11,$135,$-40,$0,$0,$0,$0,$0,$0,$-40,$-0,$0,$-0,$14,$14,$-38,$5,$-19,$75,$8,$-38
22,2012-11-30,61.08,$19.76,3.09,$37.97,1.61,$6.87,8.89,$4.14,14.75,$0.98B,$0.17B,5.63,$0.00B,$1.25B,0.0,$2.39B,$1.09B,45.71%,$2.39B,$0.42B,17.51%,$2.39B,$0.42B,17.51%,$2.39B,$0.45B,19.02%,$2.39B,$0.42B,17.51%,$2.39B,$0.26B,10.93%,$0.26B,$1.25B,22.36%,$0.26B,$0.91B,31.61%,$0.26B,$1.51B,18.38%,$0.42B,$1.25B,35.74%,$569,$313,$256,$0,$166,$479,$91,$0,$91,$35,$56,$56,$56,$112,$91,$63,63,$0.89,$0.88,$234,$388,$0,$975,$188,$0,$338,$8,$533,$1508,$173,$2,$0,$87,$260,$0,$1015,$-2,$1248,$1508,$63,$10,$2,$12,$8,$6,$0,$-3,$14,$89,$-17,$0,$0,$0,$0,$0,$0,$-17,$-0,$0,$-0,$8,$8,$-19,$3,$-7,$65,$4,$-19
23,2012-08-31,57.77,$18.90,3.06,$37.47,1.54,$6.32,9.14,$4.09,14.13,$0.92B,$0.17B,5.4,$0.00B,$1.19B,0.0,$2.36B,$1.08B,45.76%,$2.36B,$0.41B,17.53%,$2.36B,$0.41B,17.53%,$2.36B,$0.45B,18.97%,$2.36B,$0.41B,17.53%,$2.36B,$0.26B,10.91%,$0.26B,$1.19B,22.99%,$0.26B,$0.85B,32.95%,$0.26B,$1.45B,18.78%,$0.41B,$1.19B,36.86%,$577,$312,$265,$0,$163,$475,$102,$-0,$102,$39,$63,$63,$63,$117,$102,$62,63,$1.01,$1.00,$168,$393,$0,$920,$175,$0,$340,$10,$525,$1445,$171,$2,$0,$87,$258,$0,$971,$-2,$1187,$1445,$259,$35,$18,$53,$-30,$-45,$0,$-5,$-77,$234,$-48,$0,$-33,$0,$0,$0,$0,$-81,$-0,$0,$-0,$-22,$-22,$-63,$5,$-81,$72,$15,$-63
24,2012-05-31,59.31,$17.95,3.31,$35.77,1.66,$6.27,9.47,$3.93,15.09,$0.87B,$0.17B,5.2,$0.00B,$1.13B,0.0,$2.25B,$1.04B,45.96%,$2.25B,$0.40B,17.70%,$2.25B,$0.40B,17.70%,$2.25B,$0.43B,19.17%,$2.25B,$0.40B,17.70%,$2.25B,$0.25B,11.00%,$0.25B,$1.13B,23.19%,$0.25B,$0.78B,33.74%,$0.25B,$1.38B,18.82%,$0.40B,$1.13B,37.24%,$635,$348,$287,$0,$179,$527,$108,$-0,$108,$39,$69,$69,$68,$120,$108,$62,63,$1.11,$1.09,$111,$393,$0,$867,$163,$0,$343,$7,$512,$1379,$167,$2,$0,$87,$253,$0,$918,$-3,$1126,$1379,$190,$25,$13,$38,$-30,$-44,$0,$-7,$-83,$145,$-29,$0,$-33,$0,$0,$0,$0,$-62,$0,$0,$0,$-26,$-26,$-47,$5,$-68,$15,$11,$-47
25,2012-02-29,65.28,$17.51,3.73,$34.44,1.9,$6.40,10.21,$3.80,17.18,$0.84B,$0.16B,5.17,$0.00B,$1.11B,0.0,$2.17B,$1.01B,46.37%,$2.17B,$0.39B,17.76%,$2.17B,$0.39B,17.76%,$2.17B,$0.42B,19.18%,$2.17B,$0.39B,17.76%,$2.17B,$0.24B,11.04%,$0.24B,$1.11B,23.07%,$0.24B,$0.76B,33.68%,$0.24B,$1.35B,18.73%,$0.39B,$1.11B,37.04%,$612,$332,$280,$0,$169,$501,$111,$-0,$111,$41,$70,$70,$70,$105,$111,$63,63,$1.11,$1.10,$109,$378,$0,$839,$158,$0,$345,$8,$511,$1349,$162,$3,$0,$79,$241,$0,$863,$-2,$1108,$1349,$120,$16,$4,$20,$-24,$-30,$0,$-6,$-66,$74,$-17,$0,$-32,$0,$0,$0,$0,$-50,$1,$0,$1,$15,$15,$-32,$4,$-11,$13,$8,$-32
26,2011-11-30,56.77,$16.65,3.41,$33.13,1.71,$6.54,8.68,$3.63,15.64,$0.81B,$0.16B,4.94,$0.00B,$1.05B,0.0,$2.09B,$0.98B,46.56%,$2.09B,$0.37B,17.67%,$2.09B,$0.37B,17.67%,$2.09B,$0.40B,19.10%,$2.09B,$0.37B,17.67%,$2.09B,$0.23B,10.94%,$0.23B,$1.05B,22.92%,$0.23B,$0.73B,33.79%,$0.23B,$1.30B,18.60%,$0.37B,$1.05B,37.00%,$563,$304,$259,$0,$163,$466,$97,$-0,$97,$36,$60,$60,$60,$105,$97,$63,63,$0.95,$0.95,$128,$361,$0,$812,$155,$0,$324,$9,$488,$1300,$164,$3,$0,$85,$249,$0,$819,$-3,$1051,$1300,$60,$8,$7,$15,$-5,$-16,$0,$-2,$-28,$46,$-8,$0,$-1,$0,$0,$0,$0,$-10,$1,$0,$1,$8,$8,$-16,$3,$-4,$32,$4,$-16
27,2011-08-31,49.98,$15.81,3.16,$31.95,1.56,$6.53,7.65,$3.43,14.57,$0.76B,$0.17B,4.4,$0.00B,$0.99B,0.0,$2.02B,$0.94B,46.56%,$2.02B,$0.35B,17.32%,$2.02B,$0.35B,17.32%,$2.02B,$0.38B,18.75%,$2.02B,$0.35B,17.32%,$2.02B,$0.22B,10.74%,$0.22B,$0.99B,22.61%,$0.22B,$0.67B,33.93%,$0.22B,$1.24B,18.28%,$0.35B,$0.99B,36.47%,$546,$294,$252,$0,$155,$449,$97,$0,$97,$37,$60,$60,$59,$102,$97,$62,63,$0.95,$0.95,$96,$345,$0,$758,$149,$0,$326,$11,$486,$1244,$172,$0,$0,$79,$251,$0,$775,$-2,$993,$1244,$219,$29,$26,$55,$-38,$-47,$0,$0,$-64,$210,$-25,$0,$-29,$0,$0,$0,$0,$-54,$-39,$0,$-39,$-29,$-29,$-119,$6,$-181,$-25,$15,$-119
28,2011-05-31,55.98,$15.79,3.55,$30.86,1.81,$5.52,10.14,$3.20,17.49,$0.76B,$0.15B,5.2,$0.00B,$1.01B,0.0,$1.95B,$0.90B,46.33%,$1.95B,$0.33B,16.78%,$1.95B,$0.33B,16.78%,$1.95B,$0.35B,18.16%,$1.95B,$0.33B,16.73%,$1.95B,$0.20B,10.36%,$0.20B,$1.01B,21.57%,$0.20B,$0.69B,32.71%,$0.20B,$1.23B,17.35%,$0.33B,$1.01B,34.92%,$533,$288,$245,$0,$151,$439,$94,$-0,$94,$34,$59,$59,$59,$105,$94,$63,63,$0.95,$0.93,$137,$322,$0,$762,$148,$0,$317,$6,$470,$1232,$147,$0,$0,$76,$222,$0,$730,$-2,$1010,$1232,$159,$22,$20,$41,$-35,$-28,$0,$8,$-55,$145,$-19,$0,$-10,$0,$0,$0,$0,$-30,$-39,$0,$-39,$37,$37,$-105,$7,$-100,$16,$11,$-105
29,2011-02-28,50.58,$14.81,3.41,$29.61,1.71,$4.93,10.26,$2.92,17.32,$0.68B,$0.14B,5.0,$0.00B,$0.94B,0.0,$1.87B,$0.86B,45.85%,$1.87B,$0.30B,16.01%,$1.87B,$0.30B,16.01%,$1.87B,$0.33B,17.46%,$1.87B,$0.30B,15.96%,$1.87B,$0.18B,9.86%,$0.18B,$0.94B,20.19%,$0.18B,$0.62B,31.13%,$0.18B,$1.15B,16.05%,$0.30B,$0.94B,32.81%,$532,$281,$252,$0,$153,$434,$98,$-0,$98,$36,$62,$62,$62,$88,$98,$63,64,$0.97,$0.97,$76,$305,$0,$675,$147,$0,$319,$8,$474,$1149,$135,$0,$0,$72,$207,$0,$682,$-2,$943,$1149,$97,$14,$14,$29,$-24,$-12,$0,$4,$-46,$80,$-14,$0,$-11,$0,$0,$0,$0,$-25,$-39,$0,$-39,$24,$24,$-91,$5,$-101,$-46,$7,$-91
30,2010-11-30,47.79,$14.08,3.39,$28.25,1.69,$4.86,9.84,$2.62,18.24,$0.65B,$0.17B,3.94,$0.00B,$0.89B,0.0,$1.78B,$0.81B,45.47%,$1.78B,$0.27B,15.06%,$1.78B,$0.27B,15.06%,$1.78B,$0.29B,16.53%,$1.78B,$0.27B,15.01%,$1.78B,$0.17B,9.27%,$0.17B,$0.89B,18.53%,$0.17B,$0.57B,29.01%,$0.17B,$1.12B,14.24%,$0.27B,$0.89B,30.10%,$483,$257,$226,$0,$146,$403,$81,$-0,$81,$31,$50,$50,$49,$84,$81,$63,63,$0.78,$0.78,$81,$299,$0,$652,$143,$0,$319,$9,$471,$1123,$166,$0,$0,$65,$230,$0,$646,$-3,$893,$1123,$48,$7,$4,$11,$-5,$-13,$0,$2,$-17,$42,$-4,$0,$0,$0,$0,$0,$0,$-4,$-21,$0,$-21,$16,$16,$-77,$4,$-78,$-41,$4,$-77
31,2010-08-31,33.96,$14.33,2.37,$26.85,1.26,$4.93,6.89,$2.37,14.33,$0.68B,$0.19B,3.56,$0.00B,$0.90B,0.0,$1.69B,$0.77B,45.36%,$1.69B,$0.24B,14.31%,$1.69B,$0.24B,14.31%,$1.69B,$0.27B,15.85%,$1.69B,$0.24B,14.25%,$1.69B,$0.15B,8.81%,$0.15B,$0.90B,17.00%,$0.15B,$0.58B,26.93%,$0.15B,$1.15B,12.69%,$0.24B,$0.90B,27.47%,$473,$255,$218,$0,$141,$396,$77,$-0,$77,$29,$48,$48,$47,$77,$77,$62,63,$0.75,$0.75,$121,$286,$0,$677,$144,$0,$321,$13,$477,$1153,$190,$0,$0,$63,$253,$0,$676,$-3,$900,$1153,$150,$26,$17,$43,$-58,$-40,$0,$-1,$-44,$150,$-30,$0,$0,$0,$0,$0,$0,$-30,$-154,$0,$-154,$-23,$-23,$-52,$5,$-224,$-104,$14,$-52
32,2010-05-31,39.08,$14.28,2.74,$25.20,1.55,$7.25,5.39,$2.08,18.79,$0.69B,$0.19B,3.61,$0.00B,$0.91B,0.0,$1.58B,$0.72B,45.39%,$1.58B,$0.21B,13.45%,$1.58B,$0.21B,13.45%,$1.58B,$0.24B,15.15%,$1.58B,$0.21B,13.38%,$1.58B,$0.13B,8.27%,$0.13B,$0.91B,15.36%,$0.13B,$0.59B,24.81%,$0.13B,$1.16B,11.15%,$0.21B,$0.91B,24.56%,$461,$254,$207,$0,$137,$391,$71,$-0,$70,$26,$44,$44,$44,$77,$71,$62,63,$0.70,$0.70,$168,$266,$0,$692,$140,$0,$322,$7,$469,$1161,$192,$0,$0,$60,$252,$0,$646,$-3,$909,$1161,$106,$19,$12,$31,$-49,$-20,$0,$6,$-28,$109,$-22,$0,$0,$0,$0,$0,$0,$-22,$-39,$-95,$-134,$22,$22,$-38,$5,$-145,$-58,$10,$-38
33,2010-02-28,34.17,$13.59,2.51,$23.71,1.44,$9.41,3.63,$1.83,18.67,$0.73B,$0.28B,2.61,$0.00B,$0.86B,0.0,$1.48B,$0.68B,45.49%,$1.48B,$0.19B,12.67%,$1.48B,$0.19B,12.67%,$1.48B,$0.22B,14.49%,$1.48B,$0.19B,12.60%,$1.48B,$0.12B,7.75%,$0.12B,$0.86B,13.98%,$0.12B,$0.54B,23.19%,$0.12B,$1.20B,9.83%,$0.19B,$0.86B,22.07%,$450,$245,$205,$0,$134,$380,$70,$-0,$70,$26,$44,$44,$44,$56,$70,$63,63,$0.70,$0.69,$246,$243,$0,$728,$135,$0,$324,$10,$469,$1197,$279,$0,$0,$59,$338,$0,$614,$-3,$859,$1197,$62,$13,$9,$21,$-31,$3,$0,$5,$-9,$74,$-13,$0,$0,$0,$0,$0,$0,$-13,$-26,$0,$-26,$7,$7,$-25,$2,$-41,$20,$7,$-25
34,2009-11-30,34.13,$13.26,2.57,$23.09,1.48,$10.61,3.22,$1.77,19.28,$0.71B,$0.27B,2.65,$0.02B,$0.84B,0.02,$1.44B,$0.66B,45.80%,$1.44B,$0.18B,12.56%,$1.44B,$0.18B,12.56%,$1.44B,$0.21B,14.50%,$1.44B,$0.18B,12.49%,$1.44B,$0.11B,7.70%,$0.11B,$0.84B,13.91%,$0.11B,$0.51B,23.62%,$0.11B,$1.18B,9.66%,$0.18B,$0.86B,21.40%,$395,$216,$179,$0,$129,$346,$50,$-0,$50,$19,$31,$31,$30,$58,$50,$63,63,$0.49,$0.48,$251,$243,$0,$713,$132,$0,$326,$13,$471,$1184,$270,$19,$0,$77,$347,$0,$596,$-2,$837,$1184,$31,$7,$4,$11,$-13,$3,$0,$5,$4,$47,$-5,$0,$0,$0,$0,$0,$0,$-5,$-13,$0,$-13,$7,$7,$-13,$2,$-17,$25,$3,$-13
35,2009-08-31,29.11,$12.86,2.26,$23.90,1.22,$11.01,2.64,$1.99,14.63,$0.68B,$0.26B,2.67,$0.04B,$0.81B,0.05,$1.49B,$0.69B,46.21%,$1.49B,$0.20B,13.70%,$1.49B,$0.20B,13.70%,$1.49B,$0.23B,15.58%,$1.49B,$0.20B,13.57%,$1.49B,$0.13B,8.39%,$0.13B,$0.81B,16.12%,$0.13B,$0.48B,28.07%,$0.13B,$1.16B,11.00%,$0.20B,$0.85B,24.29%,$385,$209,$176,$0,$125,$334,$51,$-0,$51,$19,$31,$31,$31,$49,$51,$62,63,$0.50,$0.50,$226,$247,$0,$683,$132,$0,$328,$15,$475,$1158,$256,$39,$0,$96,$352,$0,$577,$-2,$806,$1158,$125,$27,$18,$45,$46,$73,$0,$2,$116,$285,$-22,$0,$0,$0,$0,$0,$0,$-22,$-44,$4,$-40,$8,$8,$-50,$2,$-80,$183,$11,$-50
36,2009-05-31,26.5,$12.59,2.11,$25.18,1.05,$9.88,2.68,$2.38,11.14,$0.67B,$0.24B,2.75,$0.06B,$0.79B,0.08,$1.58B,$0.74B,46.40%,$1.58B,$0.24B,15.15%,$1.58B,$0.24B,15.15%,$1.58B,$0.27B,16.92%,$1.58B,$0.24B,15.09%,$1.58B,$0.15B,9.34%,$0.15B,$0.79B,19.68%,$0.15B,$0.46B,35.24%,$0.15B,$1.14B,13.18%,$0.24B,$0.85B,28.88%,$354,$195,$159,$0,$117,$312,$42,$-0,$41,$15,$26,$26,$26,$52,$42,$62,62,$0.41,$0.41,$208,$261,$0,$670,$132,$0,$329,$8,$469,$1140,$244,$60,$0,$108,$352,$0,$820,$-2,$788,$1140,$99,$20,$14,$35,$52,$58,$0,$11,$105,$239,$-18,$0,$0,$0,$0,$0,$0,$-18,$-31,$4,$-27,$7,$7,$-37,$2,$-56,$165,$8,$-37
37,2009-02-28,22.04,$12.22,1.8,$26.73,0.82,$8.42,2.62,$2.75,8.02,$0.64B,$0.23B,2.75,$0.07B,$0.76B,0.1,$1.69B,$0.78B,46.36%,$1.69B,$0.28B,16.56%,$1.69B,$0.28B,16.56%,$1.69B,$0.31B,18.21%,$1.69B,$0.28B,16.38%,$1.69B,$0.17B,10.11%,$0.17B,$0.76B,23.15%,$0.17B,$0.43B,42.25%,$0.17B,$1.11B,15.44%,$0.28B,$0.83B,33.71%,$350,$189,$161,$0,$116,$305,$45,$-0,$45,$17,$28,$28,$28,$50,$45,$62,62,$0.45,$0.44,$138,$289,$0,$641,$131,$0,$331,$11,$473,$1114,$233,$73,$0,$119,$353,$0,$805,$-4,$762,$1114,$71,$13,$12,$25,$36,$29,$0,$10,$52,$148,$-12,$0,$0,$0,$0,$0,$0,$-12,$-21,$4,$-17,$1,$1,$-25,$0,$-40,$95,$5,$-25
38,2008-11-30,24.66,$11.98,2.06,$27.78,0.89,$7.18,3.43,$3.06,8.06,$0.66B,$0.26B,2.54,$0.09B,$0.75B,0.12,$1.78B,$0.82B,46.37%,$1.78B,$0.32B,17.80%,$1.78B,$0.32B,17.80%,$1.78B,$0.34B,19.32%,$1.78B,$0.31B,17.46%,$1.78B,$0.19B,10.82%,$0.19B,$0.75B,26.67%,$0.19B,$0.41B,50.00%,$0.19B,$1.14B,17.44%,$0.32B,$0.83B,38.34%,$352,$188,$164,$0,$121,$309,$43,$-1,$43,$16,$26,$26,$26,$81,$43,$62,62,$0.42,$0.42,$91,$325,$0,$659,$130,$0,$333,$13,$477,$1135,$260,$86,$0,$130,$389,$0,$791,$-3,$746,$1135,$45,$7,$5,$12,$12,$-6,$0,$5,$16,$72,$-6,$0,$0,$0,$0,$0,$0,$-6,$-10,$4,$-6,$1,$1,$-12,$0,$-17,$48,$3,$-12
39,2008-08-31,35.87,$11.47,3.13,$27.38,1.31,$6.56,5.47,$3.04,11.8,$0.62B,$0.24B,2.55,$0.10B,$0.71B,0.14,$1.78B,$0.82B,46.18%,$1.78B,$0.32B,17.98%,$1.78B,$0.32B,17.98%,$1.78B,$0.35B,19.49%,$1.78B,$0.31B,17.58%,$1.78B,$0.19B,10.90%,$0.19B,$0.71B,26.97%,$0.19B,$0.38B,50.89%,$0.19B,$1.10B,17.78%,$0.32B,$0.81B,38.32%,$433,$229,$204,$0,$130,$359,$74,$-2,$73,$28,$45,$45,$45,$85,$74,$62,62,$0.73,$0.72,$43,$320,$0,$623,$129,$0,$335,$16,$480,$1103,$244,$98,$0,$147,$391,$0,$758,$-1,$712,$1103,$196,$27,$19,$47,$-16,$17,$0,$-0,$-24,$219,$-19,$0,$0,$0,$0,$0,$0,$-19,$-33,$91,$58,$-177,$-177,$-48,$3,$-164,$35,$10,$-48
40,2008-05-31,38.05,$11.59,3.28,$27.15,1.4,$5.54,6.87,$2.95,12.9,$0.61B,$0.19B,3.15,$0.11B,$0.74B,0.15,$1.78B,$0.82B,46.27%,$1.78B,$0.32B,17.91%,$1.78B,$0.32B,17.91%,$1.78B,$0.35B,19.37%,$1.78B,$0.31B,17.35%,$1.78B,$0.19B,10.78%,$0.19B,$0.74B,26.55%,$0.19B,$0.40B,50.13%,$0.19B,$1.08B,17.71%,$0.32B,$0.85B,37.53%,$449,$242,$206,$0,$128,$370,$78,$0,$78,$28,$51,$51,$49,$92,$78,$64,65,$0.79,$0.78,$6,$346,$0,$609,$124,$0,$337,$8,$470,$1078,$193,$111,$0,$150,$344,$0,$720,$0,$735,$1078,$146,$20,$11,$31,$-13,$-8,$0,$8,$-32,$144,$-11,$0,$0,$0,$0,$0,$0,$-11,$-23,$35,$12,$-114,$-114,$-35,$2,$-135,$-2,$8,$-35
41,2008-02-29,28.11,$10.87,2.59,$26.43,1.06,$5.00,5.62,$2.83,9.93,$0.61B,$0.25B,2.51,$0.12B,$0.69B,0.18,$1.76B,$0.81B,46.32%,$1.76B,$0.31B,17.61%,$1.76B,$0.31B,17.61%,$1.76B,$0.34B,19.09%,$1.76B,$0.30B,17.04%,$1.76B,$0.19B,10.66%,$0.19B,$0.69B,26.26%,$0.19B,$0.35B,50.57%,$0.19B,$1.09B,17.38%,$0.31B,$0.81B,36.39%,$457,$247,$210,$0,$126,$372,$85,$-2,$83,$32,$51,$51,$51,$85,$85,$63,64,$0.82,$0.81,$7,$343,$0,$614,$124,$0,$340,$10,$474,$1088,$245,$122,$0,$156,$401,$0,$680,$1,$687,$1088,$94,$13,$6,$20,$-21,$-5,$0,$6,$-47,$67,$-6,$0,$0,$0,$0,$0,$0,$-6,$-15,$94,$79,$-117,$-117,$-24,$1,$-61,$-0,$5,$-24
42,2007-11-30,29.64,$11.32,2.62,$25.80,1.15,$4.95,5.99,$2.71,10.94,$0.62B,$0.19B,3.26,$0.13B,$0.74B,0.18,$1.72B,$0.80B,46.29%,$1.72B,$0.30B,17.40%,$1.72B,$0.30B,17.40%,$1.72B,$0.33B,18.91%,$1.72B,$0.29B,16.76%,$1.72B,$0.18B,10.50%,$0.18B,$0.74B,25.77%,$0.18B,$0.40B,50.52%,$0.18B,$1.10B,17.03%,$0.30B,$0.88B,35.14%,$436,$233,$203,$0,$124,$358,$79,$-2,$76,$29,$47,$47,$47,$85,$79,$64,65,$0.74,$0.73,$5,$358,$0,$616,$125,$0,$342,$12,$480,$1096,$189,$132,$0,$164,$353,$0,$645,$1,$743,$1096,$47,$7,$1,$8,$-7,$-19,$0,$0,$-23,$32,$-3,$0,$0,$0,$0,$0,$0,$-3,$-8,$10,$2,$-23,$-23,$-12,$0,$-32,$-3,$3,$-12
43,2007-08-31,35.26,$11.02,3.2,$25.17,1.4,$5.25,6.71,$2.61,13.51,$0.59B,$0.17B,3.4,$0.14B,$0.73B,0.2,$1.69B,$0.78B,46.27%,$1.69B,$0.29B,17.24%,$1.69B,$0.29B,17.24%,$1.69B,$0.32B,18.72%,$1.69B,$0.28B,16.53%,$1.69B,$0.17B,10.31%,$0.17B,$0.73B,25.69%,$0.17B,$0.38B,52.57%,$0.17B,$1.08B,16.65%,$0.29B,$0.87B,34.57%,$438,$235,$203,$0,$125,$360,$78,$-2,$76,$29,$47,$47,$47,$83,$78,$66,67,$0.71,$0.70,$8,$338,$0,$590,$128,$0,$344,$14,$486,$1075,$173,$142,$0,$174,$347,$0,$610,$1,$728,$1075,$174,$26,$4,$30,$-23,$-39,$0,$3,$-38,$165,$-26,$0,$-13,$0,$0,$0,$0,$-39,$-25,$0,$-25,$-66,$-66,$-42,$8,$-126,$0,$8,$-42
44,2007-05-31,36.22,$10.47,3.46,$24.10,1.5,$4.80,7.54,$2.40,15.09,$0.56B,$0.17B,3.31,$0.15B,$0.69B,0.22,$1.62B,$0.75B,45.94%,$1.62B,$0.27B,16.63%,$1.62B,$0.27B,16.63%,$1.62B,$0.30B,18.17%,$1.62B,$0.26B,15.95%,$1.62B,$0.16B,9.91%,$0.16B,$0.69B,24.58%,$0.16B,$0.35B,52.32%,$0.16B,$1.05B,15.64%,$0.27B,$0.84B,32.44%,$450,$243,$208,$0,$131,$374,$77,$-3,$74,$27,$47,$47,$47,$82,$77,$66,67,$0.71,$0.69,$10,$317,$0,$563,$127,$0,$346,$9,$482,$1045,$170,$152,$0,$185,$354,$0,$574,$1,$690,$1045,$127,$19,$4,$23,$-14,$-19,$0,$10,$-24,$125,$-21,$0,$-13,$0,$0,$0,$0,$-34,$-0,$0,$-0,$-62,$-62,$-30,$3,$-89,$2,$6,$-30
45,2007-02-28,28.99,$9.87,2.94,$22.44,1.29,$4.34,6.69,$2.25,12.89,$0.55B,$0.18B,3.09,$0.18B,$0.65B,0.27,$1.52B,$0.70B,46.16%,$1.52B,$0.25B,16.68%,$1.52B,$0.25B,16.68%,$1.52B,$0.28B,18.06%,$1.52B,$0.25B,16.15%,$1.52B,$0.15B,9.98%,$0.15B,$0.65B,23.69%,$0.15B,$0.30B,41.64%,$0.15B,$1.04B,15.83%,$0.25B,$0.83B,32.52%,$431,$232,$199,$0,$124,$356,$75,$-3,$73,$27,$46,$46,$46,$76,$75,$65,67,$0.70,$0.69,$5,$310,$0,$550,$127,$0,$347,$11,$486,$1036,$178,$178,$0,$209,$387,$0,$540,$0,$649,$1036,$81,$13,$4,$16,$-14,$-11,$0,$7,$-24,$74,$-15,$0,$-13,$0,$0,$0,$0,$-28,$-0,$30,$30,$-62,$-62,$-19,$2,$-49,$-3,$4,$-19
46,2006-11-30,25.94,$9.69,2.68,$20.86,1.24,$4.04,6.43,$2.13,12.18,$0.54B,$0.17B,3.25,$0.19B,$0.64B,0.29,$1.42B,$0.66B,46.35%,$1.42B,$0.24B,16.71%,$1.42B,$0.24B,16.71%,$1.42B,$0.26B,17.98%,$1.42B,$0.24B,16.50%,$1.42B,$0.14B,10.11%,$0.14B,$0.64B,22.90%,$0.14B,$0.29B,34.04%,$0.14B,$1.02B,16.36%,$0.24B,$0.83B,32.88%,$405,$217,$188,$0,$118,$335,$70,$-3,$66,$26,$41,$41,$41,$75,$70,$66,67,$0.62,$0.61,$10,$307,$0,$536,$123,$0,$349,$14,$487,$1023,$165,$185,$0,$216,$381,$0,$508,$0,$642,$1023,$40,$6,$-0,$6,$0,$-8,$0,$6,$8,$57,$-6,$0,$-9,$0,$0,$0,$0,$-15,$-0,$0,$-0,$-30,$-30,$-9,$0,$-39,$3,$2,$-9
