,Date,Stock Price,Book Value per Share,Price to Book Ratio,TTM Sales per Share,Price to Sales Ratio,TTM FCF per Share,Price to FCF Ratio,TTM Net EPS,PE Ratio,Current Assets,Current Liabilities,Current Ratio,Long Term Debt,Shareholder's Equity_x,Debt to Equity Ratio,TTM Revenue_x,TTM Gross Profit,Gross Margin,TTM Revenue_y,TTM Operating Income,Operating Margin,TTM Revenue_x,TTM EBIT,EBIT Margin,TTM Revenue_y,TTM EBITDA,EBITDA Margin,TTM Revenue_x,TTM Pre-Tax Income,Pre-Tax Margin,TTM Revenue_y,TTM Net Income_x,Net Margin,TTM Net Income_y,Shareholder's Equity_y,Return on Equity,TTM Net Income_x,Tangible Equity,Return on Tangible Equity,TTM Net Income_y,Total Assets,Return on Assets,TTM Net Income,LT Investments & Debt,Return on Investment,revenue,cost-goods-sold,gross-profit,research-development-expenses,selling-general-administrative-expenses,operating-expenses,operating-income,total-non-operating-income-expense,pre-tax-income,total-provision-income-taxes,income-after-taxes,income-from-continuous-operations,net-income,ebitda,ebit,basic-shares-outstanding,shares-outstanding,eps-basic-net-earnings-per-share,eps-earnings-per-share-diluted,cash-on-hand,inventory,other-current-assets,total-current-assets,net-property-plant-equipment,long-term-investments,goodwill-intangible-assets-total,other-long-term-assets,total-long-term-assets,total-assets,total-current-liabilities,long-term-debt,other-non-current-liabilities,total-long-term-liabilities,total-liabilities,common-stock-net,retained-earnings-accumulated-deficit,comprehensive-income,total-share-holder-equity,total-liabilities-share-holders-equity,net-income-loss,total-depreciation-amortization-cash-flow,other-non-cash-items,total-non-cash-items,change-in-accounts-receivable,change-in-inventories,change-in-accounts-payable,change-in-assets-liabilities,total-change-in-assets-liabilities,cash-flow-from-operating-activities,net-change-in-property-plant-equipment,net-change-in-intangible-assets,net-acquisitions-divestitures,net-change-in-short-term-investments,net-change-in-long-term-investments,net-change-in-investments-total,investing-activities-other,cash-flow-from-investing-activities,net-long-term-debt,net-current-debt,debt-issuance-retirement-net-total,net-common-equity-issued-repurchased,net-total-equity-issued-repurchased,total-common-preferred-stock-dividends-paid,financial-activities-other,cash-flow-from-financial-activities,net-cash-flow,stock-based-compensation,common-stock-dividends-paid
0,2018-09-30,18.5,$2.55,7.26,$4.22,4.39,$-0.22,0.0,$-0.53,0.0,$0.02B,$0.00B,4.6,$0.00B,$0.02B,0.0,$0.04B,$0.03B,76.32%,$0.04B,$-0.00B,-10.53%,$0.04B,$-0.00B,-10.53%,$0.04B,$-0.00B,-2.63%,$0.04B,$-0.00B,-10.53%,$0.04B,$-0.01B,-26.32%,$-0.01B,$0.02B,-41.24%,$-0.01B,$0.02B,-47.06%,$-0.01B,$0.03B,-34.48%,$-0.00B,$0.02B,-16.49%,$9,$3,$7,$1,$8,$12,$-3,$0,$-3,$0,$-3,$-3,$-3,$-2,$-3,$9,9,$-0.29,$-0.29,$9,$5,$0,$20,$4,$0,$3,$1,$8,$29,$4,$0,$0,$0,$4,$0,$-17,$0,$24,$29,$-3,$0,$1,$1,$-0,$-0,$0,$0,$-0,$-2,$-0,$-0,$0,$0,$0,$0,$0,$-0,$0,$0,$0,$0,$0,$0,$0,$0,$-2,$1,$0
1,2018-06-30,12.4,$2.59,4.79,$4.00,3.1,$-0.11,0.0,$-0.67,0.0,$0.02B,$0.01B,4.75,$0.00B,$0.02B,0.0,$0.04B,$0.03B,75.00%,$0.04B,$-0.00B,-8.33%,$0.04B,$-0.00B,-8.33%,$0.04B,$-0.00B,-2.78%,$0.04B,$-0.00B,-5.56%,$0.04B,$-0.01B,-22.22%,$-0.01B,$0.02B,-31.37%,$-0.01B,$0.02B,-35.56%,$-0.01B,$0.03B,-26.89%,$-0.00B,$0.02B,-11.76%,$9,$3,$6,$1,$7,$10,$-2,$0,$-2,$0,$-2,$-2,$-2,$-1,$-2,$9,9,$-0.19,$-0.18,$11,$5,$0,$22,$4,$0,$3,$0,$7,$29,$5,$0,$0,$0,$5,$0,$-15,$0,$24,$29,$-8,$1,$8,$9,$-0,$-1,$0,$0,$-2,$-1,$-0,$-0,$0,$0,$0,$0,$0,$-0,$0,$0,$0,$0,$0,$0,$0,$0,$-1,$3,$0
2,2018-03-31,10.15,$2.72,3.74,$3.98,2.55,$-0.22,0.0,$-0.67,0.0,$0.02B,$0.00B,5.48,$0.00B,$0.03B,0.0,$0.04B,$0.03B,77.14%,$0.04B,$-0.00B,-8.57%,$0.04B,$-0.00B,-8.57%,$0.04B,$-0.00B,-5.71%,$0.04B,$-0.00B,-2.86%,$0.04B,$-0.01B,-17.14%,$-0.01B,$0.03B,-22.64%,$-0.01B,$0.02B,-25.53%,$-0.01B,$0.03B,-19.51%,$-0.00B,$0.03B,-11.32%,$12,$3,$10,$1,$6,$10,$2,$0,$2,$0,$2,$2,$2,$3,$2,$9,10,$0.24,$0.23,$12,$5,$0,$23,$4,$0,$3,$0,$7,$30,$4,$0,$0,$0,$4,$0,$-14,$0,$26,$30,$-6,$1,$7,$9,$1,$-1,$0,$-0,$-2,$1,$-0,$-0,$0,$0,$0,$0,$0,$-0,$0,$0,$0,$0,$0,$0,$0,$0,$1,$2,$0
3,2017-12-31,9.45,$2.41,3.92,$3.51,2.69,$-0.46,0.0,$-0.92,0.0,$0.02B,$0.00B,6.18,$0.00B,$0.02B,0.0,$0.03B,$0.02B,73.33%,$0.03B,$-0.01B,-20.00%,$0.03B,$-0.01B,-20.00%,$0.03B,$-0.01B,-20.00%,$0.03B,$-0.00B,-13.33%,$0.03B,$-0.01B,-26.67%,$-0.01B,$0.02B,-29.63%,$-0.01B,$0.02B,-33.33%,$-0.01B,$0.03B,-25.81%,$-0.01B,$0.02B,-22.22%,$8,$2,$6,$1,$6,$10,$-1,$0,$-1,$6,$-7,$-7,$-7,$-1,$-1,$9,9,$-0.76,$-0.76,$12,$5,$0,$22,$4,$0,$3,$0,$7,$28,$4,$0,$0,$2,$6,$0,$-16,$0,$23,$28,$-8,$1,$9,$10,$1,$-1,$0,$1,$-1,$0,$-0,$-0,$0,$0,$0,$0,$0,$-0,$0,$0,$0,$0,$0,$0,$0,$0,$1,$1,$0
4,2017-09-30,10.15,$3.04,3.33,$3.31,3.07,$-0.53,0.0,$-0.23,0.0,$0.02B,$0.00B,5.2,$0.00B,$0.03B,0.0,$0.03B,$0.02B,71.43%,$0.03B,$-0.01B,-25.00%,$0.03B,$-0.01B,-25.00%,$0.03B,$-0.01B,-21.43%,$0.03B,$-0.00B,-14.29%,$0.03B,$-0.00B,-7.14%,$-0.00B,$0.03B,-7.14%,$-0.00B,$0.03B,-7.92%,$-0.00B,$0.03B,-6.30%,$-0.01B,$0.03B,-25.00%,$7,$2,$5,$1,$6,$9,$-2,$0,$-1,$-0,$-1,$-1,$-1,$-2,$-2,$9,9,$-0.14,$-0.14,$11,$5,$0,$20,$4,$0,$3,$0,$12,$32,$4,$0,$0,$0,$4,$0,$-9,$0,$29,$32,$-1,$0,$0,$1,$1,$-1,$0,$0,$-1,$-1,$-0,$-0,$0,$0,$0,$0,$0,$-0,$0,$0,$0,$0,$0,$0,$0,$0,$-1,$1,$0
5,2017-06-30,9.55,$3.01,3.18,$3.28,2.91,$-0.46,0.0,$-0.16,0.0,$0.02B,$0.01B,4.34,$0.00B,$0.03B,0.0,$0.03B,$0.02B,70.37%,$0.03B,$-0.01B,-22.22%,$0.03B,$-0.01B,-22.22%,$0.03B,$-0.01B,-18.52%,$0.03B,$-0.00B,-14.81%,$0.03B,$-0.00B,-7.41%,$-0.00B,$0.03B,-7.48%,$-0.00B,$0.03B,-8.33%,$-0.00B,$0.03B,-6.56%,$-0.01B,$0.03B,-22.43%,$8,$2,$6,$0,$7,$10,$-2,$1,$-1,$-1,$-0,$-0,$-0,$-2,$-2,$8,8,$-0.04,$-0.04,$12,$5,$0,$23,$4,$0,$3,$0,$11,$33,$5,$0,$0,$0,$5,$0,$-9,$0,$28,$33,$-2,$1,$-0,$1,$-1,$-1,$0,$-0,$-1,$-1,$-0,$-0,$0,$0,$0,$0,$0,$-1,$0,$0,$0,$4,$4,$0,$0,$4,$3,$1,$0
6,2017-03-31,11.8,$3.11,3.8,$3.17,3.73,$-0.35,0.0,$-0.22,0.0,$0.02B,$0.00B,6.36,$0.00B,$0.03B,0.0,$0.03B,$0.02B,68.00%,$0.03B,$-0.01B,-24.00%,$0.03B,$-0.01B,-24.00%,$0.03B,$-0.00B,-16.00%,$0.03B,$-0.00B,-16.00%,$0.03B,$-0.00B,-8.00%,$-0.00B,$0.03B,-7.77%,$-0.00B,$0.03B,-8.60%,$-0.00B,$0.03B,-6.84%,$-0.01B,$0.03B,-23.30%,$7,$2,$5,$0,$6,$9,$-1,$1,$-1,$-0,$-0,$-0,$-0,$-1,$-1,$9,9,$-0.02,$-0.02,$12,$5,$0,$22,$3,$0,$3,$0,$10,$31,$3,$0,$0,$0,$3,$0,$-8,$0,$28,$31,$-1,$1,$0,$1,$-0,$-0,$0,$-0,$-1,$-1,$-0,$-0,$0,$0,$0,$0,$0,$-0,$0,$0,$0,$4,$4,$0,$0,$4,$3,$1,$0
7,2016-12-31,10.45,$3.06,3.42,$3.03,3.45,$-0.37,0.0,$-0.29,0.0,$0.02B,$0.00B,5.94,$0.00B,$0.03B,0.0,$0.02B,$0.02B,69.57%,$0.02B,$-0.01B,-30.43%,$0.02B,$-0.01B,-30.43%,$0.02B,$-0.00B,-17.39%,$0.02B,$-0.00B,-17.39%,$0.02B,$-0.00B,-13.04%,$-0.00B,$0.03B,-12.12%,$-0.00B,$0.03B,-13.33%,$-0.00B,$0.03B,-10.62%,$-0.01B,$0.03B,-28.28%,$6,$2,$4,$0,$5,$8,$-2,$1,$-1,$-0,$-1,$-1,$-1,$-1,$-2,$8,8,$-0.07,$-0.07,$13,$5,$0,$22,$3,$0,$3,$0,$9,$31,$4,$0,$0,$0,$4,$0,$-8,$0,$27,$31,$-1,$0,$0,$0,$0,$-0,$0,$0,$1,$-0,$-0,$-0,$0,$0,$0,$0,$0,$-0,$0,$0,$0,$4,$4,$0,$0,$4,$4,$0,$0
8,2016-09-30,5.35,$3.03,1.77,$3.06,1.75,$-0.36,0.0,$-0.20,0.0,$0.02B,$0.00B,5.39,$0.00B,$0.02B,0.0,$0.02B,$0.02B,69.57%,$0.02B,$-0.01B,-26.09%,$0.02B,$-0.01B,-26.09%,$0.02B,$-0.00B,-17.39%,$0.02B,$-0.00B,-13.04%,$0.02B,$-0.00B,-8.70%,$-0.00B,$0.02B,-8.25%,$-0.00B,$0.02B,-9.20%,$-0.00B,$0.03B,-7.34%,$-0.01B,$0.02B,-24.74%,$6,$2,$4,$0,$5,$8,$-1,$1,$-1,$-0,$-1,$-1,$-1,$-1,$-1,$8,8,$-0.07,$-0.07,$9,$5,$0,$18,$3,$0,$3,$0,$9,$27,$3,$0,$0,$0,$3,$0,$-8,$0,$24,$27,$-1,$0,$-0,$-0,$0,$0,$0,$0,$0,$-0,$-0,$-0,$0,$0,$0,$0,$0,$-0,$0,$0,$0,$0,$0,$0,$0,$0,$-0,$-0,$0
9,2016-06-30,5.17,$3.12,1.65,$2.94,1.76,$-0.32,0.0,$-0.16,0.0,$0.02B,$0.00B,5.86,$0.00B,$0.02B,0.0,$0.02B,$0.02B,68.18%,$0.02B,$-0.01B,-27.27%,$0.02B,$-0.01B,-27.27%,$0.02B,$-0.00B,-18.18%,$0.02B,$-0.00B,-9.09%,$0.02B,$-0.00B,-4.55%,$-0.00B,$0.02B,-4.12%,$-0.00B,$0.02B,-4.60%,$-0.00B,$0.03B,-3.70%,$-0.01B,$0.02B,-24.74%,$6,$2,$4,$0,$6,$8,$-2,$1,$-1,$-0,$-0,$-0,$-0,$-1,$-2,$8,8,$-0.05,$-0.05,$9,$6,$0,$19,$2,$0,$3,$0,$8,$28,$3,$0,$0,$0,$3,$0,$-7,$0,$24,$28,$-1,$2,$1,$3,$1,$-3,$0,$-0,$-2,$-0,$-0,$-0,$0,$0,$0,$0,$0,$-0,$0,$0,$0,$0,$0,$0,$0,$0,$-1,$2,$0
10,2016-03-31,6.08,$3.13,1.94,$2.96,2.06,$0.04,166.58,$0.36,16.89,$0.02B,$0.00B,6.76,$0.00B,$0.02B,0.0,$0.02B,$0.02B,65.22%,$0.02B,$-0.00B,-17.39%,$0.02B,$-0.00B,-17.39%,$0.02B,$-0.00B,-13.04%,$0.02B,0,0.00%,$0.02B,$0.00B,13.04%,$0.00B,$0.02B,12.37%,$0.00B,$0.02B,13.95%,$0.00B,$0.03B,11.32%,$-0.00B,$0.02B,-16.49%,$5,$2,$4,$1,$5,$7,$-2,$1,$-1,$-0,$-1,$-1,$-1,$-1,$-2,$8,8,$-0.09,$-0.09,$8,$6,$0,$19,$3,$0,$3,$0,$8,$27,$3,$0,$0,$0,$3,$0,$-7,$0,$24,$27,$-1,$1,$1,$2,$0,$-3,$0,$-0,$-2,$-1,$-0,$-0,$0,$0,$0,$0,$0,$-0,$0,$0,$0,$0,$0,$0,$0,$0,$-1,$1,$0
11,2015-12-31,9.4,$3.16,2.98,$2.90,3.24,$0.41,23.07,$0.50,18.8,$0.02B,$0.00B,6.84,$0.00B,$0.03B,0.0,$0.02B,$0.02B,65.22%,$0.02B,$-0.00B,-13.04%,$0.02B,$-0.00B,-13.04%,$0.02B,$-0.00B,-8.70%,$0.02B,$0.00B,4.35%,$0.02B,$0.00B,17.39%,$0.00B,$0.03B,17.39%,$0.00B,$0.02B,19.75%,$0.00B,$0.03B,15.84%,$-0.00B,$0.03B,-13.04%,$6,$2,$4,$0,$5,$7,$-1,$1,$0,$-0,$0,$0,$0,$-1,$-1,$8,8,$0.02,$0.02,$10,$5,$0,$19,$2,$0,$2,$0,$8,$27,$3,$0,$0,$0,$3,$0,$-6,$0,$25,$27,$-0,$1,$1,$1,$0,$-2,$0,$0,$-1,$0,$-0,$-0,$0,$0,$0,$0,$0,$-0,$0,$0,$0,$0,$0,$0,$0,$0,$-0,$1,$0
12,2015-09-30,10.73,$3.09,3.48,$2.84,3.78,$0.57,18.66,$0.59,18.19,$0.02B,$0.00B,8.84,$0.00B,$0.02B,0.0,$0.02B,$0.02B,65.22%,$0.02B,$-0.00B,-8.70%,$0.02B,$-0.00B,-8.70%,$0.02B,$-0.00B,-4.35%,$0.02B,$0.00B,8.70%,$0.02B,$0.01B,21.74%,$0.01B,$0.02B,23.53%,$0.01B,$0.02B,26.67%,$0.01B,$0.03B,21.05%,$-0.00B,$0.02B,-9.41%,$5,$2,$3,$0,$4,$7,$-1,$1,$-0,$-0,$-0,$-0,$-0,$-1,$-1,$8,8,$-0.03,$-0.03,$10,$5,$0,$21,$2,$0,$3,$0,$5,$26,$2,$0,$0,$0,$2,$0,$-6,$0,$24,$26,$-0,$0,$0,$1,$1,$-1,$0,$0,$-0,$0,$-0,$-0,$0,$0,$0,$0,$0,$-0,$0,$0,$0,$0,$0,$0,$0,$0,$0,$0,$0
13,2015-06-30,9.5,$3.07,3.1,$2.75,3.45,$0.64,14.82,$0.67,14.18,$0.02B,$0.00B,7.83,$0.00B,$0.02B,0.0,$0.02B,$0.02B,65.22%,$0.02B,$-0.00B,-8.70%,$0.02B,$-0.00B,-8.70%,$0.02B,0,0.00%,$0.02B,$0.00B,8.70%,$0.02B,$0.01B,21.74%,$0.01B,$0.02B,25.64%,$0.01B,$0.02B,29.41%,$0.01B,$0.03B,22.47%,$-0.00B,$0.02B,-10.26%,$7,$2,$4,$0,$4,$7,$-0,$1,$1,$-3,$4,$4,$4,$0,$-0,$8,8,$0.51,$0.48,$10,$4,$0,$21,$2,$0,$3,$0,$5,$26,$3,$0,$0,$0,$3,$0,$-6,$0,$24,$26,$5,$1,$-2,$-0,$-1,$-1,$0,$-0,$-3,$2,$-0,$-0,$-0,$0,$0,$0,$0,$-1,$0,$0,$0,$1,$1,$0,$0,$1,$3,$1,$0
14,2015-03-31,13.05,$2.52,5.18,$2.67,4.9,$0.47,27.62,$0.39,33.46,$0.02B,$0.00B,7.19,$0.00B,$0.02B,0.0,$0.02B,$0.02B,68.18%,$0.02B,$-0.00B,-9.09%,$0.02B,$-0.00B,-9.09%,$0.02B,$0.00B,4.55%,$0.02B,$0.00B,9.09%,$0.02B,$0.00B,9.09%,$0.00B,$0.02B,11.43%,$0.00B,$0.02B,13.11%,$0.00B,$0.02B,9.64%,$-0.00B,$0.02B,-11.43%,$5,$2,$4,$0,$4,$6,$-1,$1,$0,$0,$0,$0,$0,$-0,$-1,$8,8,$0.06,$0.05,$9,$4,$0,$17,$2,$0,$3,$0,$5,$22,$2,$0,$0,$0,$2,$0,$-10,$0,$19,$22,$1,$1,$1,$2,$0,$-1,$0,$-0,$-1,$2,$-0,$-0,$-0,$0,$0,$0,$0,$-1,$0,$0,$0,$1,$1,$0,$0,$1,$2,$1,$0
15,2014-12-31,12.37,$2.39,5.18,$2.57,4.82,$0.21,59.73,$0.39,31.72,$0.02B,$0.00B,7.2,$0.00B,$0.02B,0.0,$0.02B,$0.01B,66.67%,$0.02B,$-0.00B,-9.52%,$0.02B,$-0.00B,-9.52%,$0.02B,$0.00B,4.76%,$0.02B,$0.00B,9.52%,$0.02B,$0.00B,9.52%,$0.00B,$0.02B,12.12%,$0.00B,$0.02B,14.29%,$0.00B,$0.02B,10.26%,$-0.00B,$0.02B,-12.12%,$6,$2,$4,$0,$4,$6,$-0,$1,$1,$0,$1,$1,$1,$0,$-0,$8,8,$0.12,$0.11,$8,$4,$0,$16,$2,$0,$3,$0,$4,$21,$2,$0,$0,$0,$2,$0,$-10,$0,$18,$21,$1,$1,$0,$1,$0,$-0,$0,$0,$-1,$1,$-0,$-0,$0,$0,$0,$0,$0,$-0,$0,$0,$0,$0,$0,$0,$0,$0,$1,$0,$0
16,2014-09-30,12.02,$2.27,5.29,$2.42,4.98,$-0.05,0.0,$0.34,35.35,$0.02B,$0.00B,5.75,$0.00B,$0.02B,0.0,$0.02B,$0.01B,68.42%,$0.02B,$-0.00B,-10.53%,$0.02B,$-0.00B,-10.53%,$0.02B,$0.00B,5.26%,$0.02B,$0.00B,5.26%,$0.02B,$0.00B,5.26%,$0.00B,$0.02B,6.45%,$0.00B,$0.01B,7.84%,$0.00B,$0.02B,5.48%,$-0.00B,$0.02B,-12.90%,$5,$2,$3,$0,$3,$5,$-1,$1,$0,$0,$0,$0,$0,$-0,$-1,$7,8,$0.05,$0.05,$8,$5,$0,$16,$2,$0,$3,$0,$4,$20,$3,$0,$0,$0,$3,$0,$-11,$0,$17,$20,$0,$0,$0,$1,$0,$-1,$0,$0,$-0,$1,$-0,$-0,$0,$0,$0,$0,$0,$-0,$0,$0,$0,$0,$0,$0,$0,$0,$1,$0,$0
17,2014-06-30,6.76,$2.23,3.03,$2.25,3.0,$-0.29,0.0,$0.17,39.76,$0.02B,$0.00B,4.95,$0.00B,$0.02B,0.0,$0.02B,$0.01B,70.59%,$0.02B,$-0.00B,-17.65%,$0.02B,$-0.00B,-17.65%,$0.02B,$-0.00B,-5.88%,$0.02B,0,0.00%,$0.02B,0,0.00%,$0.00B,$0.02B,0.00%,$0.00B,$0.01B,0.00%,$0.00B,$0.02B,0.00%,$-0.00B,$0.02B,-20.69%,$6,$2,$4,$0,$3,$5,$0,$1,$1,$0,$1,$1,$1,$1,$0,$7,7,$0.19,$0.20,$7,$4,$0,$15,$2,$0,$3,$0,$4,$20,$3,$0,$0,$0,$3,$0,$-11,$0,$16,$20,$1,$1,$1,$2,$-1,$-1,$0,$0,$-2,$1,$-0,$-0,$0,$0,$0,$0,$0,$-0,$0,$0,$0,$0,$0,$0,$0,$0,$1,$1,$0
18,2014-03-31,6.38,$2.01,3.17,$2.04,3.13,$-0.50,0.0,$-0.23,0.0,$0.01B,$0.00B,5.19,$0.00B,$0.02B,0.0,$0.02B,$0.01B,60.00%,$0.02B,$-0.01B,-33.33%,$0.02B,$-0.01B,-33.33%,$0.02B,$-0.00B,-26.67%,$0.02B,$-0.00B,-20.00%,$0.02B,$-0.00B,-20.00%,$-0.00B,$0.02B,-21.43%,$-0.00B,$0.01B,-27.27%,$-0.00B,$0.02B,-18.18%,$-0.01B,$0.02B,-35.71%,$4,$1,$3,$0,$3,$5,$-1,$1,$0,$0,$0,$0,$0,$-0,$-1,$7,8,$0.06,$0.05,$6,$4,$0,$13,$2,$0,$3,$0,$4,$17,$3,$0,$0,$0,$3,$0,$-13,$0,$15,$17,$-0,$1,$0,$1,$0,$-1,$0,$0,$-2,$-1,$-0,$-0,$0,$0,$0,$0,$0,$-0,$0,$0,$0,$0,$0,$0,$0,$0,$-0,$1,$0
19,2013-12-31,5.63,$1.92,2.93,$1.92,2.93,$-0.49,0.0,$-0.36,0.0,$0.01B,$0.00B,5.45,$0.00B,$0.01B,0.0,$0.01B,$0.01B,57.14%,$0.01B,$-0.01B,-42.86%,$0.01B,$-0.01B,-42.86%,$0.01B,$-0.01B,-42.86%,$0.01B,$-0.00B,-28.57%,$0.01B,$-0.00B,-28.57%,$-0.00B,$0.01B,-28.57%,$-0.00B,$0.01B,-36.36%,$-0.00B,$0.02B,-23.88%,$-0.01B,$0.01B,-42.86%,$4,$1,$3,$0,$3,$4,$-0,$1,$0,$0,$0,$0,$0,$-0,$-0,$7,8,$0.06,$0.06,$5,$4,$0,$12,$1,$0,$3,$0,$4,$16,$2,$0,$0,$0,$2,$0,$-13,$0,$14,$16,$-0,$0,$0,$1,$0,$0,$0,$0,$-1,$-1,$-0,$-0,$0,$0,$0,$0,$0,$-0,$0,$0,$0,$0,$0,$0,$0,$0,$-1,$0,$0
20,2013-09-30,4.41,$1.83,2.41,$1.88,2.34,$-0.30,0.0,$-0.51,0.0,$0.01B,$0.00B,4.53,$0.00B,$0.01B,0.0,$0.01B,$0.01B,53.85%,$0.01B,$-0.01B,-53.85%,$0.01B,$-0.01B,-53.85%,$0.01B,$-0.01B,-53.85%,$0.01B,$-0.01B,-38.46%,$0.01B,$-0.01B,-38.46%,$-0.01B,$0.01B,-35.09%,$-0.01B,$0.01B,-44.44%,$-0.01B,$0.02B,-28.99%,$-0.01B,$0.01B,-49.12%,$3,$1,$2,$0,$3,$5,$-2,$1,$-1,$0,$-1,$-1,$-1,$-2,$-2,$7,7,$-0.12,$-0.12,$5,$4,$0,$12,$1,$0,$3,$0,$4,$16,$3,$0,$0,$0,$3,$0,$-14,$0,$13,$16,$-1,$0,$0,$0,$0,$-0,$0,$0,$-1,$-1,$-0,$-0,$0,$0,$0,$0,$0,$-0,$0,$0,$0,$0,$0,$0,$0,$0,$-1,$0,$0
21,2013-06-30,5.1,$1.93,2.65,$2.08,2.45,$-0.07,0.0,$-0.38,0.0,$0.01B,$0.00B,3.79,$0.00B,$0.01B,0.0,$0.02B,$0.01B,53.33%,$0.02B,$-0.01B,-33.33%,$0.02B,$-0.01B,-33.33%,$0.02B,$-0.01B,-33.33%,$0.02B,$-0.00B,-26.67%,$0.02B,$-0.00B,-26.67%,$-0.00B,$0.01B,-26.67%,$-0.00B,$0.01B,-33.33%,$-0.00B,$0.02B,-22.54%,$-0.01B,$0.01B,-33.33%,$4,$2,$1,$0,$3,$6,$-2,$1,$-2,$-0,$-2,$-2,$-2,$-2,$-2,$7,7,$-0.22,$-0.22,$6,$4,$0,$13,$1,$0,$3,$0,$4,$17,$3,$0,$0,$0,$4,$0,$-13,$0,$14,$17,$-3,$1,$1,$1,$0,$0,$0,$0,$1,$-0,$-1,$-0,$0,$0,$0,$0,$0,$-1,$0,$0,$0,$0,$0,$0,$0,$0,$-0,$0,$0
22,2013-03-31,5.86,$2.12,2.76,$2.30,2.55,$-0.22,0.0,$-0.10,0.0,$0.01B,$0.00B,5.31,$0.00B,$0.02B,0.0,$0.02B,$0.01B,62.50%,$0.02B,$-0.00B,-18.75%,$0.02B,$-0.00B,-18.75%,$0.02B,$-0.00B,-18.75%,$0.02B,$-0.00B,-12.50%,$0.02B,$-0.00B,-12.50%,$-0.00B,$0.02B,-12.90%,$-0.00B,$0.01B,-16.33%,$-0.00B,$0.02B,-11.11%,$-0.00B,$0.02B,-19.35%,$3,$1,$2,$0,$3,$5,$-2,$1,$-1,$-0,$-1,$-1,$-1,$-2,$-2,$7,7,$-0.08,$-0.08,$6,$4,$0,$14,$1,$0,$3,$0,$4,$18,$3,$0,$0,$0,$3,$0,$-11,$0,$15,$18,$-1,$1,$0,$1,$0,$0,$0,$0,$0,$0,$-1,$-0,$0,$0,$0,$0,$0,$-1,$0,$0,$0,$0,$0,$0,$0,$0,$-0,$0,$0
23,2012-12-31,8.06,$2.17,3.72,$2.39,3.37,$-0.43,0.0,$-0.05,0.0,$0.01B,$0.00B,6.42,$0.00B,$0.02B,0.0,$0.02B,$0.01B,58.82%,$0.02B,$-0.00B,-5.88%,$0.02B,$-0.00B,-5.88%,$0.02B,$-0.00B,-5.88%,$0.02B,$-0.00B,-5.88%,$0.02B,$-0.00B,-5.88%,$-0.00B,$0.02B,-6.45%,$-0.00B,$0.01B,-8.00%,$-0.00B,$0.02B,-5.63%,$-0.00B,$0.02B,-6.45%,$3,$2,$2,$0,$3,$5,$-1,$1,$-1,$0,$-1,$-1,$-1,$-1,$-1,$7,7,$-0.09,$-0.09,$7,$4,$0,$14,$1,$0,$3,$0,$4,$18,$2,$0,$0,$0,$2,$0,$-11,$0,$15,$18,$-1,$0,$0,$1,$1,$0,$0,$0,$1,$1,$-0,$-0,$0,$0,$0,$0,$0,$-0,$0,$0,$0,$0,$0,$0,$0,$0,$1,$0,$0
24,2012-09-30,4.3,$2.25,1.91,$2.40,1.79,$-0.65,0.0,$0.19,22.61,$0.01B,$0.00B,7.77,$0.00B,$0.02B,0.0,$0.02B,$0.01B,55.56%,$0.02B,0,0.00%,$0.02B,0,0.00%,$0.02B,0,0.00%,$0.02B,0,0.00%,$0.02B,$0.00B,5.56%,$0.00B,$0.02B,6.45%,$0.00B,$0.01B,7.84%,$0.00B,$0.02B,5.63%,$0.00B,$0.02B,0.00%,$5,$2,$3,$0,$3,$5,$-0,$0,$0,$0,$0,$0,$0,$0,$-0,$7,7,$0.01,$0.01,$7,$4,$0,$14,$1,$0,$3,$0,$4,$18,$2,$0,$0,$0,$2,$0,$-10,$0,$16,$18,$0,$0,$0,$0,$1,$0,$0,$0,$0,$0,$-0,$-0,$0,$0,$0,$0,$0,$-0,$0,$0,$0,$0,$0,$0,$0,$0,$0,$0,$0
25,2012-06-30,2.34,$2.23,1.05,$2.23,1.05,$-0.75,0.0,$0.05,46.8,$0.01B,$0.00B,5.54,$0.00B,$0.02B,0.0,$0.02B,$0.01B,56.25%,$0.02B,$-0.00B,-6.25%,$0.02B,$-0.00B,-6.25%,$0.02B,$-0.00B,-6.25%,$0.02B,$-0.00B,-6.25%,$0.02B,0,0.00%,$0.00B,$0.02B,0.00%,$0.00B,$0.01B,0.00%,$0.00B,$0.02B,0.00%,$-0.00B,$0.02B,-6.67%,$5,$2,$3,$0,$3,$5,$0,$0,$0,$0,$0,$0,$0,$0,$0,$7,7,$0.06,$0.06,$6,$4,$0,$14,$1,$0,$3,$0,$4,$18,$3,$0,$0,$0,$3,$0,$-10,$0,$16,$18,$-1,$1,$0,$1,$-1,$-1,$0,$0,$-2,$-1,$-0,$-0,$-0,$0,$0,$0,$0,$-1,$-0,$0,$-0,$0,$0,$0,$0,$-0,$-1,$0,$0
26,2012-03-31,2.02,$0.00,0.0,$2.08,0.97,$-0.90,0.0,$-0.22,0.0,$0.01B,$0.00B,5.75,$0.00B,$0.02B,0.0,$0.02B,$0.01B,66.67%,$0.02B,0,0.00%,$0.02B,0,0.00%,$0.02B,$0.00B,6.67%,$0.02B,$-0.00B,-6.67%,$0.02B,$-0.00B,-6.67%,$-0.00B,$0.02B,-6.78%,$-0.00B,$0.01B,-7.84%,$-0.00B,$0.02B,-5.71%,$0.00B,$0.02B,0.00%,$4,$1,$2,$0,$2,$4,$-0,$0,$-0,$-0,$-0,$-0,$-0,$-0,$-0,$7,7,$-0.03,$-0.03,$6,$5,$0,$13,$0,$0,$2,$2,$3,$17,$2,$0,$0,$0,$2,$0,$-11,$0,$15,$17,$-1,$1,$0,$1,$0,$-1,$0,$0,$-2,$-2,$-0,$0,$-0,$0,$0,$0,$0,$-1,$-0,$0,$-0,$0,$0,$0,$0,$-0,$-1,$0,$0
27,2011-12-31,2.04,$0.00,0.0,$2.07,0.98,$-0.78,0.0,$-0.27,0.0,$0.01B,$0.00B,5.62,$0.00B,$0.02B,0.0,$0.02B,$0.01B,66.67%,$0.02B,$-0.00B,-6.67%,$0.02B,$-0.00B,-6.67%,$0.02B,$0.00B,6.67%,$0.02B,$-0.00B,-6.67%,$0.02B,$-0.00B,-13.33%,$-0.00B,$0.02B,-13.33%,$-0.00B,$0.01B,-15.09%,$-0.00B,$0.02B,-11.11%,$-0.00B,$0.02B,-6.67%,$4,$1,$2,$0,$2,$4,$-0,$0,$0,$-0,$0,$0,$1,$-0,$-0,$7,7,$0.15,$0.15,$7,$4,$1,$13,$0,$0,$2,$2,$3,$18,$2,$0,$0,$0,$3,$0,$-10,$0,$15,$18,$-1,$0,$0,$0,$0,$-0,$0,$0,$-1,$-1,$-0,$-0,$-0,$0,$0,$0,$0,$-1,$-0,$0,$-0,$0,$0,$0,$0,$-0,$-0,$0,$0
28,2011-09-30,1.93,$0.00,0.0,$2.06,0.94,$-0.90,0.0,$-0.50,0.0,$0.01B,$0.00B,4.02,$0.00B,$0.01B,0.0,$0.01B,$0.01B,71.43%,$0.01B,$-0.00B,-14.29%,$0.01B,$-0.00B,-14.29%,$0.01B,0,0.00%,$0.01B,$-0.00B,-14.29%,$0.01B,$-0.00B,-28.57%,$-0.00B,$0.01B,-25.81%,$-0.00B,$0.01B,-29.09%,$-0.00B,$0.02B,-21.92%,$-0.00B,$0.01B,-12.90%,$3,$1,$2,$0,$2,$4,$-1,$0,$-1,$0,$-1,$-1,$-1,$-1,$-1,$7,7,$-0.13,$-0.13,$6,$4,$0,$13,$0,$0,$2,$2,$4,$17,$3,$0,$0,$0,$3,$0,$-11,$0,$14,$17,$-1,$0,$0,$0,$0,$0,$0,$0,$0,$-0,$-0,$-0,$-0,$0,$0,$0,$0,$-0,$-0,$0,$-0,$0,$0,$0,$0,$-0,$-1,$0,$0
29,2011-06-30,2.51,$2.12,1.18,$2.06,1.22,$-0.96,0.0,$-0.52,0.0,$0.01B,$0.00B,4.1,$0.00B,$0.02B,0.0,$0.01B,$0.01B,71.43%,$0.01B,$-0.00B,-14.29%,$0.01B,$-0.00B,-14.29%,$0.01B,0,0.00%,$0.01B,$-0.00B,-14.29%,$0.01B,$-0.00B,-28.57%,$-0.00B,$0.02B,-24.62%,$-0.00B,$0.01B,-27.59%,$-0.00B,$0.02B,-21.33%,$-0.00B,$0.02B,-12.31%,$4,$0,$4,$0,$2,$3,$1,$0,$-0,$0,$-0,$-1,$-1,$2,$1,$7,7,$-0.21,$-0.21,$7,$3,$0,$14,$4,$0,$2,$2,$8,$18,$3,$0,$0,$0,$3,$0,$-11,$0,$15,$18,$-2,$1,$-1,$-1,$-0,$-1,$0,$0,$0,$-2,$-1,$0,$-1,$0,$0,$1,$0,$-0,$-0,$-0,$0,$0,$0,$0,$0,$-0,$-3,$0,$0
30,2011-03-31,2.39,$0.00,0.0,$2.08,1.15,$-0.90,0.0,$-0.51,0.0,$0.01B,$0.00B,5.81,$0.00B,$0.02B,0.0,$0.01B,$0.01B,57.14%,$0.01B,$-0.00B,-21.43%,$0.01B,$-0.00B,-21.43%,$0.01B,$-0.00B,-14.29%,$0.01B,$-0.00B,-14.29%,$0.01B,$-0.00B,-28.57%,$-0.00B,$0.02B,-23.53%,$-0.00B,$0.02B,-26.23%,$-0.00B,$0.02B,-20.78%,$-0.00B,$0.02B,-17.65%,$4,$2,$2,$0,$2,$4,$-1,$0,$-0,$0,$-0,$-0,$-1,$-0,$-1,$7,7,$-0.08,$-0.08,$8,$4,$1,$14,$0,$0,$2,$2,$4,$19,$2,$0,$0,$0,$3,$0,$-9,$0,$16,$19,$-2,$0,$1,$1,$0,$0,$0,$0,$-0,$-1,$-1,$0,$-1,$0,$0,$0,$0,$-2,$0,$-0,$0,$0,$0,$0,$0,$-0,$-2,$0,$0
31,2010-12-31,2.29,$0.00,0.0,$2.07,1.11,$-1.22,0.0,$-0.47,0.0,$0.02B,$0.00B,5.82,$0.00B,$0.02B,0.0,$0.01B,$0.01B,57.14%,$0.01B,$-0.00B,-21.43%,$0.01B,$-0.00B,-21.43%,$0.01B,$-0.00B,-21.43%,$0.01B,$-0.00B,-14.29%,$0.01B,$-0.00B,-21.43%,$-0.00B,$0.02B,-16.67%,$-0.00B,$0.02B,-18.75%,$-0.00B,$0.02B,-15.00%,$-0.00B,$0.02B,-16.67%,$3,$2,$2,$0,$2,$4,$-1,$0,$-1,$0,$-1,$-1,$-1,$-1,$-1,$7,7,$-0.08,$-0.08,$8,$4,$0,$15,$0,$0,$2,$2,$4,$19,$3,$0,$0,$0,$3,$0,$-9,$0,$17,$19,$-1,$0,$-0,$0,$0,$0,$0,$0,$-0,$-2,$-0,$0,$1,$0,$0,$0,$-1,$0,$0,$-0,$0,$0,$0,$0,$0,$-0,$-2,$0,$0
32,2010-09-30,2.28,$0.00,0.0,$2.06,1.11,$-1.24,0.0,$-0.44,0.0,$0.02B,$0.00B,8.49,$0.00B,$0.02B,0.0,$0.01B,$0.01B,57.14%,$0.01B,$-0.00B,-21.43%,$0.01B,$-0.00B,-21.43%,$0.01B,$-0.00B,-21.43%,$0.01B,$-0.00B,-14.29%,$0.01B,$-0.00B,-14.29%,$-0.00B,$0.02B,-10.67%,$-0.00B,$0.02B,-11.94%,$-0.00B,$0.02B,-9.64%,$-0.00B,$0.02B,-16.00%,$3,$2,$2,$0,$2,$4,$-1,$0,$-1,$0,$-1,$-1,$-1,$-1,$-1,$7,7,$-0.15,$-0.15,$9,$3,$0,$16,$0,$0,$2,$1,$3,$19,$2,$0,$0,$0,$2,$0,$-8,$0,$17,$19,$-1,$0,$-1,$-1,$0,$0,$0,$0,$1,$-1,$-0,$0,$0,$0,$0,$0,$0,$0,$0,$-0,$0,$0,$0,$0,$0,$-0,$-0,$0,$0
33,2010-06-30,2.22,$0.00,0.0,$1.99,1.12,$-1.15,0.0,$-0.40,0.0,$0.02B,$0.00B,8.02,$0.00B,$0.02B,0.0,$0.01B,$0.01B,50.00%,$0.01B,$-0.00B,-28.57%,$0.01B,$-0.00B,-28.57%,$0.01B,$-0.00B,-28.57%,$0.01B,$-0.00B,-14.29%,$0.01B,$-0.00B,-14.29%,$-0.00B,$0.02B,-10.26%,$-0.00B,$0.02B,-11.43%,$-0.00B,$0.02B,-8.99%,$-0.00B,$0.02B,-20.51%,$4,$2,$2,$0,$2,$4,$0,$0,$-0,$0,$-1,$-1,$-1,$0,$0,$7,7,$-0.20,$-0.20,$10,$3,$1,$17,$0,$0,$2,$2,$3,$20,$2,$0,$0,$0,$2,$0,$-7,$0,$18,$20,$-2,$0,$1,$1,$0,$0,$0,$0,$1,$-1,$-1,$0,$13,$0,$0,$1,$0,$13,$0,$-3,$0,$0,$0,$0,$-2,$-5,$6,$0,$0
34,2010-03-31,2.22,$0.00,0.0,$2.87,0.77,$-1.24,0.0,$0.11,20.14,$0.02B,$0.00B,9.25,$0.00B,$0.02B,0.0,$0.02B,$0.01B,55.00%,$0.02B,$-0.00B,-15.00%,$0.02B,$-0.00B,-15.00%,$0.02B,$-0.00B,-15.00%,$0.02B,$-0.00B,-15.00%,$0.02B,$0.00B,5.00%,$0.00B,$0.02B,4.94%,$0.00B,$0.02B,5.80%,$0.00B,$0.02B,3.85%,$-0.00B,$0.02B,-14.81%,$4,$2,$2,$0,$2,$4,$-1,$1,$0,$0,$0,$-0,$-0,$-1,$-1,$7,7,$-0.04,$-0.04,$9,$3,$2,$17,$0,$0,$2,$2,$4,$22,$2,$0,$0,$1,$2,$0,$-5,$0,$20,$22,$-2,$0,$1,$1,$0,$0,$0,$0,$-0,$-3,$-1,$0,$13,$0,$0,$-0,$1,$12,$0,$-3,$0,$0,$0,$0,$-1,$-4,$6,$0,$0
35,2009-12-31,1.9,$0.00,0.0,$3.52,0.54,$-0.90,0.0,$0.17,11.18,$0.02B,$0.00B,8.67,$0.00B,$0.02B,0.0,$0.02B,$0.01B,50.00%,$0.02B,$-0.00B,-12.50%,$0.02B,$-0.00B,-12.50%,$0.02B,$-0.00B,-8.33%,$0.02B,$-0.00B,-12.50%,$0.02B,$0.00B,4.17%,$0.00B,$0.02B,5.00%,$0.00B,$0.02B,6.25%,$0.00B,$0.02B,3.54%,$-0.00B,$0.02B,-15.00%,$3,$2,$2,$1,$3,$5,$-1,$0,$-1,$-1,$-0,$-0,$-0,$-1,$-1,$7,7,$-0.05,$-0.05,$10,$3,$2,$17,$0,$0,$2,$2,$4,$22,$2,$0,$0,$1,$3,$0,$-5,$0,$20,$22,$-2,$0,$0,$1,$0,$0,$0,$0,$1,$-1,$-1,$0,$13,$0,$0,$-0,$0,$12,$0,$-3,$0,$0,$0,$0,$-1,$-4,$6,$0,$0
36,2009-09-30,2.44,$0.00,0.0,$4.78,0.51,$-0.79,0.0,$0.25,9.76,$0.02B,$0.00B,4.21,$0.00B,$0.02B,0.0,$0.03B,$0.02B,45.45%,$0.03B,$-0.00B,-6.06%,$0.03B,$-0.00B,-6.06%,$0.03B,0,0.00%,$0.03B,$-0.00B,-6.06%,$0.03B,$0.00B,3.03%,$0.00B,$0.02B,5.13%,$0.00B,$0.02B,6.78%,$0.00B,$0.03B,3.28%,$-0.00B,$0.02B,-10.26%,$3,$2,$1,$0,$2,$4,$-2,$0,$-1,$-0,$-1,$-1,$-1,$-2,$-2,$7,7,$-0.11,$-0.11,$6,$4,$5,$17,$0,$0,$2,$5,$8,$25,$4,$0,$0,$1,$5,$0,$-5,$0,$20,$25,$-1,$0,$1,$1,$0,$0,$0,$0,$0,$-0,$-0,$0,$4,$0,$0,$-0,$0,$3,$0,$-1,$0,$0,$0,$0,$0,$-1,$2,$0,$0
37,2009-06-30,1.99,$0.00,0.0,$5.99,0.33,$-0.87,0.0,$0.41,4.85,$0.02B,$0.01B,1.62,$0.00B,$0.02B,0.0,$0.04B,$0.02B,43.90%,$0.04B,$-0.00B,-2.44%,$0.04B,$-0.00B,-2.44%,$0.04B,$0.00B,2.44%,$0.04B,0,0.00%,$0.04B,$0.00B,4.88%,$0.00B,$0.02B,10.39%,$0.00B,$0.02B,14.81%,$0.00B,$0.04B,6.06%,$-0.00B,$0.02B,-5.19%,$10,$5,$6,$0,$4,$10,$1,$0,$-1,$-0,$-1,$-1,$2,$1,$1,$7,7,$0.31,$0.31,$4,$7,$2,$21,$0,$0,$6,$1,$8,$35,$13,$0,$0,$1,$14,$0,$-4,$0,$21,$35,$-1,$1,$1,$2,$0,$0,$0,$0,$-2,$-3,$-1,$0,$4,$0,$0,$1,$0,$4,$0,$0,$0,$0,$0,$0,$0,$0,$2,$0,$0
38,2009-03-31,0.94,$0.00,0.0,$6.17,0.15,$-0.43,0.0,$-0.24,0.0,$0.02B,$0.01B,1.97,$0.00B,$0.02B,0.0,$0.04B,$0.02B,39.53%,$0.04B,$-0.00B,-6.98%,$0.04B,$-0.00B,-6.98%,$0.04B,$-0.00B,-2.33%,$0.04B,0,0.00%,$0.04B,$-0.00B,-4.65%,$-0.00B,$0.02B,-10.81%,$-0.00B,$0.01B,-15.38%,$-0.00B,$0.03B,-5.97%,$-0.00B,$0.02B,-16.00%,$8,$5,$3,$1,$3,$9,$-1,$0,$-0,$-0,$-0,$-0,$0,$-0,$-1,$7,7,$0.02,$0.02,$1,$10,$3,$20,$0,$0,$6,$2,$8,$31,$10,$0,$0,$2,$13,$0,$-6,$0,$19,$31,$0,$1,$0,$1,$0,$0,$0,$0,$-2,$-1,$-0,$0,$0,$0,$0,$1,$0,$1,$0,$-1,$0,$0,$0,$0,$0,$-1,$-1,$0,$0
39,2008-12-31,0.78,$0.00,0.0,$6.70,0.12,$-0.36,0.0,$-0.29,0.0,$0.02B,$0.01B,1.89,$0.00B,$0.02B,0.0,$0.05B,$0.02B,40.43%,$0.05B,$-0.00B,-4.26%,$0.05B,$-0.00B,-4.26%,$0.05B,$-0.00B,-2.13%,$0.05B,0,0.00%,$0.05B,$-0.00B,-4.26%,$-0.00B,$0.02B,-10.53%,$-0.00B,$0.01B,-14.81%,$-0.00B,$0.03B,-5.63%,$-0.00B,$0.02B,-10.39%,$12,$7,$5,$1,$4,$12,$0,$-0,$0,$0,$0,$0,$0,$1,$0,$7,7,$0.03,$0.03,$2,$10,$2,$21,$0,$0,$6,$1,$7,$31,$11,$0,$0,$2,$13,$0,$-6,$0,$18,$31,$1,$1,$0,$1,$0,$0,$0,$0,$-2,$-1,$-0,$0,$0,$0,$0,$1,$0,$1,$0,$-1,$0,$0,$0,$0,$0,$-1,$-0,$0,$0
40,2008-09-30,2.14,$0.00,0.0,$6.62,0.32,$-0.15,0.0,$-0.34,0.0,$0.02B,$0.01B,1.71,$0.00B,$0.02B,0.01,$0.05B,$0.02B,40.43%,$0.05B,$-0.00B,-4.26%,$0.05B,$-0.00B,-4.26%,$0.05B,$-0.00B,-4.26%,$0.05B,0,0.00%,$0.05B,$-0.00B,-4.26%,$-0.00B,$0.02B,-10.13%,$-0.00B,$0.01B,-14.29%,$-0.00B,$0.04B,-5.44%,$-0.00B,$0.02B,-10.00%,$11,$7,$4,$1,$4,$12,$-1,$1,$1,$0,$0,$0,$0,$-1,$-1,$7,7,$0.05,$0.05,$2,$12,$2,$23,$0,$0,$6,$1,$8,$35,$14,$0,$0,$2,$16,$0,$-6,$0,$19,$35,$0,$0,$0,$0,$0,$0,$0,$0,$-1,$-1,$-0,$0,$0,$0,$0,$2,$0,$1,$0,$-1,$0,$0,$0,$0,$0,$-1,$-0,$0,$0
41,2008-06-30,3.15,$0.00,0.0,$6.52,0.48,$-0.09,0.0,$-0.42,0.0,$0.03B,$0.02B,1.55,$0.00B,$0.02B,0.01,$0.05B,$0.02B,42.55%,$0.05B,$-0.00B,-2.13%,$0.05B,$-0.00B,-2.13%,$0.05B,$-0.00B,-2.13%,$0.05B,$-0.00B,-2.13%,$0.05B,$-0.00B,-4.26%,$-0.00B,$0.02B,-9.88%,$-0.00B,$0.01B,-13.56%,$-0.00B,$0.04B,-5.41%,$-0.00B,$0.02B,-4.88%,$12,$7,$5,$1,$5,$13,$-1,$-0,$-1,$1,$-2,$-2,$-2,$-1,$-1,$7,7,$-0.34,$-0.34,$2,$13,$2,$25,$0,$0,$6,$1,$8,$37,$16,$0,$0,$3,$19,$0,$-7,$0,$18,$37,$-3,$2,$0,$2,$0,$0,$0,$0,$1,$1,$-1,$0,$0,$0,$0,$-0,$-1,$-2,$0,$-0,$0,$0,$0,$0,$0,$-0,$-1,$0,$0
42,2008-03-31,3.86,$0.00,0.0,$6.50,0.59,$0.10,39.15,$-0.12,0.0,$0.03B,$0.02B,1.67,$0.00B,$0.02B,0.01,$0.05B,$0.02B,42.55%,$0.05B,0,0.00%,$0.05B,0,0.00%,$0.05B,0,0.00%,$0.05B,0,0.00%,$0.05B,0,0.00%,$0.00B,$0.02B,0.00%,$0.00B,$0.02B,0.00%,$0.00B,$0.04B,0.00%,$0.00B,$0.02B,0.00%,$12,$7,$5,$1,$4,$12,$-0,$0,$-0,$-0,$-0,$-0,$-0,$0,$-0,$7,7,$-0.03,$-0.03,$2,$12,$2,$25,$0,$0,$6,$1,$10,$39,$15,$0,$0,$3,$18,$0,$-4,$0,$21,$39,$-1,$1,$0,$1,$0,$0,$0,$0,$-1,$-0,$-0,$0,$0,$0,$0,$-0,$-1,$-1,$0,$0,$0,$0,$0,$0,$0,$0,$-1,$0,$0
43,2007-12-31,4.52,$0.00,0.0,$6.33,0.71,$-0.25,0.0,$-0.17,0.0,$0.02B,$0.01B,1.83,$0.00B,$0.02B,0.02,$0.05B,$0.02B,41.30%,$0.05B,$-0.00B,-2.17%,$0.05B,$-0.00B,-2.17%,$0.05B,0,0.00%,$0.05B,$-0.00B,-2.17%,$0.05B,$-0.00B,-2.17%,$-0.00B,$0.02B,-4.71%,$-0.00B,$0.02B,-6.25%,$-0.00B,$0.04B,-2.68%,$-0.00B,$0.02B,-4.60%,$12,$6,$5,$1,$5,$12,$-0,$0,$-0,$-0,$-0,$-0,$-0,$0,$-0,$7,7,$-0.02,$-0.02,$1,$12,$2,$23,$0,$0,$6,$1,$9,$36,$12,$0,$0,$3,$15,$0,$-4,$0,$21,$36,$-0,$1,$0,$1,$0,$0,$0,$0,$0,$1,$-0,$0,$0,$0,$0,$-0,$-1,$-1,$0,$-2,$0,$0,$0,$0,$0,$-2,$-2,$0,$0
44,2007-09-30,5.4,$0.00,0.0,$6.20,0.87,$-0.60,0.0,$-0.15,0.0,$0.02B,$0.01B,1.89,$0.00B,$0.02B,0.01,$0.05B,$0.02B,42.22%,$0.05B,$-0.00B,-2.22%,$0.05B,$-0.00B,-2.22%,$0.05B,0,0.00%,$0.05B,$-0.00B,-2.22%,$0.05B,$-0.00B,-2.22%,$-0.00B,$0.02B,-4.65%,$-0.00B,$0.02B,-6.06%,$-0.00B,$0.04B,-2.67%,$-0.00B,$0.02B,-4.49%,$11,$6,$5,$1,$4,$11,$-0,$-0,$-0,$-0,$-0,$-0,$-0,$0,$-0,$7,7,$-0.03,$-0.03,$1,$12,$2,$22,$0,$0,$5,$1,$9,$36,$12,$0,$0,$3,$15,$0,$-4,$0,$21,$36,$-0,$0,$0,$0,$0,$0,$0,$0,$-0,$-0,$-0,$0,$0,$0,$0,$-0,$-0,$-0,$0,$-1,$0,$0,$0,$0,$0,$-1,$-2,$0,$0
45,2007-06-30,5.98,$0.00,0.0,$6.10,0.98,$-0.63,0.0,$-0.20,0.0,$0.03B,$0.01B,1.78,$0.00B,$0.02B,0.01,$0.04B,$0.02B,40.91%,$0.04B,$-0.00B,-4.55%,$0.04B,$-0.00B,-4.55%,$0.04B,0,0.00%,$0.04B,$-0.00B,-4.55%,$0.04B,$-0.00B,-4.55%,$-0.00B,$0.02B,-9.20%,$-0.00B,$0.02B,-11.94%,$-0.00B,$0.04B,-5.33%,$-0.00B,$0.02B,-8.79%,$12,$7,$5,$1,$4,$12,$-0,$0,$-0,$-0,$-0,$-0,$-0,$-0,$-0,$7,7,$-0.04,$-0.04,$3,$12,$3,$25,$0,$0,$5,$1,$9,$39,$14,$0,$0,$3,$17,$0,$-4,$0,$21,$39,$-1,$2,$0,$2,$0,$0,$0,$0,$-0,$-1,$2,$0,$0,$0,$0,$-0,$-0,$2,$0,$2,$-1,$0,$0,$0,$0,$1,$2,$0,$0
46,2007-03-31,6.02,$0.00,0.0,$5.82,1.03,$-0.98,0.0,$-0.32,0.0,$0.02B,$0.01B,1.75,$0.00B,$0.02B,0.05,$0.04B,$0.02B,38.10%,$0.04B,$-0.01B,-11.90%,$0.04B,$-0.01B,-11.90%,$0.04B,$-0.00B,-4.76%,$0.04B,$-0.00B,-9.52%,$0.04B,$-0.00B,-7.14%,$-0.00B,$0.02B,-13.64%,$-0.00B,$0.02B,-17.39%,$-0.00B,$0.04B,-8.22%,$-0.01B,$0.02B,-21.74%,$11,$6,$4,$1,$5,$11,$-1,$0,$-1,$-0,$-1,$-1,$-1,$-0,$-1,$7,7,$-0.08,$-0.08,$1,$12,$3,$24,$0,$0,$5,$1,$8,$38,$14,$1,$0,$2,$16,$0,$-3,$0,$22,$38,$-1,$1,$0,$1,$0,$0,$0,$0,$-2,$-2,$-1,$0,$0,$0,$0,$0,$0,$-1,$0,$3,$-0,$0,$0,$0,$0,$3,$0,$0,$0
47,2006-12-31,4.04,$0.00,0.0,$5.78,0.7,$-0.77,0.0,$-0.36,0.0,$0.02B,$0.01B,1.92,$0.00B,$0.02B,0.05,$0.04B,$0.02B,39.02%,$0.04B,$-0.01B,-12.20%,$0.04B,$-0.01B,-12.20%,$0.04B,$-0.00B,-7.32%,$0.04B,$-0.00B,-9.76%,$0.04B,$-0.00B,-7.32%,$-0.00B,$0.02B,-13.48%,$-0.00B,$0.02B,-16.90%,$-0.00B,$0.04B,-8.45%,$-0.01B,$0.02B,-21.51%,$11,$6,$5,$1,$4,$11,$-0,$0,$-0,$-0,$0,$0,$0,$0,$-0,$7,7,$0.00,$0.00,$1,$11,$3,$24,$0,$0,$5,$1,$7,$37,$12,$1,$0,$2,$15,$0,$-3,$0,$22,$37,$-1,$1,$0,$1,$0,$0,$0,$0,$-2,$-2,$-0,$0,$0,$0,$0,$0,$0,$-0,$0,$3,$-0,$0,$0,$0,$0,$3,$1,$0,$0
