,Date,Stock Price,Book Value per Share,Price to Book Ratio,TTM Sales per Share,Price to Sales Ratio,TTM FCF per Share,Price to FCF Ratio,TTM Net EPS,PE Ratio,Current Assets,Current Liabilities,Current Ratio,Long Term Debt,Shareholder's Equity_x,Debt to Equity Ratio,TTM Revenue_x,TTM Gross Profit,Gross Margin,TTM Revenue_y,TTM Operating Income,Operating Margin,TTM Revenue_x,TTM EBIT,EBIT Margin,TTM Revenue_y,TTM EBITDA,EBITDA Margin,TTM Revenue_x,TTM Pre-Tax Income,Pre-Tax Margin,TTM Revenue_y,TTM Net Income_x,Net Margin,TTM Net Income_y,Shareholder's Equity_y,Return on Equity,TTM Net Income_x,Tangible Equity,Return on Tangible Equity,TTM Net Income_y,Total Assets,Return on Assets,TTM Net Income,LT Investments & Debt,Return on Investment,revenue,cost-goods-sold,gross-profit,research-development-expenses,selling-general-administrative-expenses,operating-expenses,operating-income,total-non-operating-income-expense,pre-tax-income,total-provision-income-taxes,income-after-taxes,income-from-continuous-operations,net-income,ebitda,ebit,basic-shares-outstanding,shares-outstanding,eps-basic-net-earnings-per-share,eps-earnings-per-share-diluted,cash-on-hand,inventory,other-current-assets,total-current-assets,net-property-plant-equipment,long-term-investments,goodwill-intangible-assets-total,other-long-term-assets,total-long-term-assets,total-assets,total-current-liabilities,long-term-debt,other-non-current-liabilities,total-long-term-liabilities,total-liabilities,common-stock-net,retained-earnings-accumulated-deficit,comprehensive-income,total-share-holder-equity,total-liabilities-share-holders-equity,net-income-loss,total-depreciation-amortization-cash-flow,other-non-cash-items,total-non-cash-items,change-in-accounts-receivable,change-in-inventories,change-in-accounts-payable,change-in-assets-liabilities,total-change-in-assets-liabilities,cash-flow-from-operating-activities,net-change-in-property-plant-equipment,net-change-in-intangible-assets,net-acquisitions-divestitures,net-change-in-short-term-investments,net-change-in-long-term-investments,net-change-in-investments-total,investing-activities-other,cash-flow-from-investing-activities,net-long-term-debt,net-current-debt,debt-issuance-retirement-net-total,net-common-equity-issued-repurchased,net-total-equity-issued-repurchased,total-common-preferred-stock-dividends-paid,financial-activities-other,cash-flow-from-financial-activities,net-cash-flow,stock-based-compensation,common-stock-dividends-paid
0,2018-06-30,28.78,$0.00,0.0,$72.94,0.39,$1.09,26.44,$5.19,5.55,$31.43B,$22.71B,1.38,$8.96B,$0.00B,0.0,$74.53B,$9.05B,12.14%,$74.53B,$6.40B,8.58%,$74.53B,$6.40B,8.58%,$74.53B,$9.30B,12.48%,$74.53B,$5.47B,7.34%,$74.53B,$5.30B,7.11%,$5.30B,$42.34B,12.90%,$5.30B,$36.88B,14.97%,$5.30B,$86.96B,6.15%,$6.40B,$51.30B,12.67%,$19998,$16925,$3073,$0,$0,$17637,$2361,$-519,$1842,$-19,$1861,$1861,$1865,$3073,$2361,$1013,1018,$1.84,$1.83,$3100,$17745,$2943,$31429,$34290,$4711,$5451,$3587,$55535,$86964,$22713,$8963,$10447,$21916,$44629,$0,$0,$0,$42335,$86964,$3057,$1509,$-392,$1117,$0,$0,$0,$-3101,$-3101,$1392,$-1368,$0,$0,$0,$0,$0,$136,$-1232,$0,$737,$737,$0,$0,$-151,$-267,$319,$369,$0,$-151
1,2018-03-31,31.72,$0.00,0.0,$70.15,0.45,$0.84,37.81,$4.65,6.82,$29.10B,$23.01B,1.27,$9.31B,$0.00B,0.0,$71.78B,$8.08B,11.26%,$71.78B,$5.43B,7.56%,$71.78B,$5.43B,7.56%,$71.78B,$8.34B,11.61%,$71.78B,$5.14B,7.17%,$71.78B,$4.76B,6.63%,$4.76B,$42.69B,12.02%,$4.76B,$36.93B,14.08%,$4.76B,$87.96B,5.61%,$5.43B,$52.00B,11.01%,$19186,$16674,$2512,$0,$0,$17617,$1569,$-126,$1443,$203,$1240,$1240,$1192,$2366,$1569,$1019,1023,$1.17,$1.17,$2260,$18952,$224,$29101,$37031,$5231,$5759,$3671,$58862,$87963,$23009,$9309,$10349,$22263,$45272,$0,$0,$0,$42691,$87963,$1192,$797,$-99,$698,$0,$0,$0,$-1869,$-1869,$160,$-752,$0,$0,$0,$0,$0,$76,$-676,$263,$0,$263,$-226,$-226,$-50,$-20,$-33,$-532,$0,$-50
2,2017-12-31,32.22,$0.00,0.0,$67.13,0.48,$0.56,57.78,$4.47,7.21,$26.75B,$21.41B,1.25,$10.14B,$0.00B,0.0,$68.68B,$7.80B,11.36%,$68.68B,$5.43B,7.91%,$68.68B,$5.43B,7.91%,$68.68B,$8.20B,11.94%,$68.68B,$5.01B,7.29%,$68.68B,$4.57B,6.65%,$4.57B,$40.86B,12.22%,$4.57B,$35.12B,14.44%,$4.57B,$85.30B,5.54%,$5.43B,$51.00B,11.43%,$17710,$16174,$1536,$0,$0,$16476,$1234,$-324,$910,$-119,$1029,$1029,$1039,$1935,$1234,$1020,1024,$1.02,$1.01,$2786,$17986,$179,$26745,$36971,$5084,$5737,$3705,$58552,$85297,$21410,$10143,$10205,$23032,$44442,$0,$0,$0,$40855,$85297,$4575,$2768,$-167,$2601,$-620,$-2347,$1094,$-666,$-2613,$4563,$-2775,$0,$22,$0,$0,$0,$-77,$-2830,$-1284,$-243,$-1527,$0,$0,$-141,$-63,$-1731,$73,$0,$-141
3,2017-09-30,25.69,$0.00,0.0,$64.63,0.4,$-0.74,0.0,$3.85,6.67,$28.05B,$23.11B,1.21,$9.19B,$0.00B,0.0,$65.10B,$8.04B,12.35%,$65.10B,$5.01B,7.69%,$65.10B,$5.01B,7.69%,$65.10B,$7.72B,11.86%,$65.10B,$4.42B,6.79%,$65.10B,$3.93B,6.04%,$3.93B,$38.54B,11.15%,$3.93B,$32.69B,13.32%,$3.93B,$84.51B,4.92%,$5.01B,$47.73B,10.93%,$17639,$15715,$1924,$0,$0,$16405,$1234,$44,$1278,$71,$1207,$1207,$1205,$1924,$1234,$1020,1023,$1.18,$1.18,$2978,$17780,$127,$28047,$36471,$4943,$5856,$2498,$56465,$84512,$23107,$9185,$10966,$22864,$45971,$0,$0,$0,$38541,$84512,$3529,$2067,$-204,$1863,$0,$0,$0,$-3530,$-3530,$1678,$-1783,$0,$0,$0,$0,$0,$-116,$-1899,$604,$0,$604,$0,$0,$-120,$-48,$436,$270,$0,$-120
4,2017-06-30,22.67,$35.54,0.64,$61.61,0.37,$-1.21,0.0,$3.33,6.81,$26.41B,$21.46B,1.23,$10.22B,$36.25B,0.28,$61.98B,$8.01B,12.92%,$61.98B,$4.98B,8.03%,$61.98B,$4.98B,8.03%,$61.98B,$7.70B,12.42%,$61.98B,$3.98B,6.42%,$61.98B,$3.41B,5.50%,$3.41B,$36.25B,10.09%,$3.41B,$30.48B,12.15%,$3.41B,$81.46B,4.39%,$4.98B,$46.47B,11.02%,$17244,$15132,$2112,$0,$0,$15854,$1390,$123,$1513,$197,$1316,$1316,$1322,$2112,$1390,$1020,1023,$1.30,$1.29,$2272,$17458,$127,$26406,$35765,$5847,$5769,$1203,$55054,$81460,$21460,$10220,$2202,$23748,$45208,$401,$13687,$0,$36252,$81460,$2324,$1377,$-44,$1333,$0,$0,$0,$-2729,$-2729,$915,$-1146,$0,$0,$0,$0,$0,$-190,$-1336,$0,$17,$17,$0,$0,$-40,$-55,$-78,$-453,$0,$-40
5,2017-03-31,24.98,$0.00,0.0,$59.68,0.42,$-0.90,0.0,$3.18,7.85,$25.14B,$20.39B,1.23,$11.05B,$0.00B,0.0,$59.48B,$7.67B,12.89%,$59.48B,$5.46B,9.18%,$59.48B,$5.46B,9.18%,$59.48B,$8.19B,13.76%,$59.48B,$3.75B,6.30%,$59.48B,$3.20B,5.38%,$3.20B,$33.93B,9.77%,$3.20B,$28.21B,11.85%,$3.20B,$78.49B,4.21%,$5.46B,$44.98B,12.12%,$16086,$13855,$2231,$0,$0,$14510,$1576,$-270,$1306,$283,$1023,$1023,$1002,$2231,$1576,$1020,1022,$0.98,$0.98,$2402,$16393,$126,$25143,$35049,$4470,$5716,$2182,$53348,$78491,$20386,$11047,$10503,$24176,$44562,$0,$0,$0,$33929,$78491,$1002,$655,$11,$666,$0,$0,$0,$-2181,$-2181,$-299,$-580,$0,$0,$0,$0,$0,$-18,$-598,$743,$0,$743,$0,$0,$-40,$-37,$666,$-215,$0,$-40
6,2016-12-31,21.84,$31.71,0.69,$66.38,0.33,$-2.17,0.0,$1.50,14.56,$22.25B,$18.12B,1.23,$11.79B,$32.33B,0.37,$56.79B,$6.36B,11.20%,$56.79B,$4.16B,7.33%,$56.79B,$4.16B,7.33%,$56.79B,$6.88B,12.12%,$56.79B,$2.72B,4.79%,$56.79B,$1.78B,3.13%,$1.78B,$32.33B,5.71%,$1.78B,$26.67B,6.99%,$1.78B,$75.14B,2.36%,$4.16B,$44.11B,9.27%,$14126,$12357,$1769,$0,$0,$13317,$809,$-485,$324,$-13,$337,$357,$403,$1456,$809,$953,955,$0.76,$0.75,$2615,$14734,$259,$22247,$34831,$5223,$5651,$1353,$52895,$75142,$18115,$11789,$2087,$24702,$42817,$401,$-4721,$0,$32325,$75142,$1734,$2721,$-919,$1802,$-373,$-2055,$1405,$-495,$-828,$2708,$-2279,$0,$1209,$0,$0,$0,$-73,$-1143,$-4802,$-1205,$-6007,$0,$0,$-61,$3142,$-2926,$-1501,$0,$-61
7,2016-09-30,18.07,$0.00,0.0,$69.70,0.26,$-3.12,0.0,$-10.05,0.0,$20.97B,$16.52B,1.27,$12.63B,$0.00B,0.0,$56.65B,$-1.15B,-2.03%,$56.65B,$-1.98B,-3.49%,$56.65B,$-1.98B,-3.49%,$56.65B,$0.86B,1.51%,$56.65B,$-4.24B,-7.49%,$56.65B,$-5.31B,-9.37%,$-5.31B,$32.59B,-17.70%,$-5.31B,$26.83B,-21.88%,$-5.31B,$75.04B,-7.00%,$-1.98B,$45.22B,-4.39%,$14523,$12626,$1897,$0,$0,$13319,$1204,$-369,$835,$146,$689,$689,$680,$1897,$1204,$1020,1021,$0.67,$0.67,$2256,$13598,$166,$20969,$35807,$4419,$5756,$2083,$54066,$75035,$16519,$12632,$10844,$25929,$42448,$0,$0,$0,$32587,$75035,$1376,$2074,$-587,$1487,$0,$0,$0,$-1518,$-1518,$1055,$-1642,$0,$0,$0,$0,$0,$1308,$-334,$-5557,$0,$-5557,$3115,$3115,$-54,$38,$-2458,$-1849,$0,$-54
8,2016-06-30,13.94,$31.43,0.44,$75.67,0.18,$-4.35,0.0,$-11.91,0.0,$20.77B,$15.75B,1.32,$14.02B,$32.01B,0.44,$57.71B,$-1.70B,-2.94%,$57.71B,$-3.16B,-5.48%,$57.71B,$-3.16B,-5.48%,$57.71B,$-0.22B,-0.38%,$57.71B,$-5.76B,-9.97%,$57.71B,$-6.70B,-11.61%,$-6.70B,$32.01B,-30.67%,$-6.70B,$26.17B,-38.15%,$-6.70B,$75.02B,-11.73%,$-3.16B,$46.02B,-9.36%,$14743,$12973,$1770,$0,$0,$12870,$1873,$-588,$1285,$153,$1132,$1112,$1112,$2602,$1873,$987,988,$1.13,$1.13,$2395,$12914,$292,$20768,$35978,$5327,$5837,$1153,$54251,$75019,$15754,$14019,$2104,$27260,$43014,$401,$-5100,$0,$32005,$75019,$708,$1381,$-1445,$-64,$0,$0,$0,$-1288,$-465,$179,$-90,$0,$94,$0,$0,$0,$-38,$-34,$-4840,$0,$-4840,$3115,$3115,$-47,$55,$-1717,$-1713,$0,$-47
9,2016-03-31,13.7,$0.00,0.0,$88.97,0.15,$-6.43,0.0,$-12.75,0.0,$22.15B,$18.53B,1.2,$16.31B,$0.00B,0.0,$59.86B,$-2.07B,-3.46%,$59.86B,$-4.46B,-7.45%,$59.86B,$-4.46B,-7.45%,$59.86B,$-1.42B,-2.37%,$59.86B,$-6.74B,-11.25%,$59.86B,$-7.63B,-12.75%,$-7.63B,$27.81B,-32.07%,$-7.63B,$22.12B,-39.84%,$-7.63B,$76.56B,-12.45%,$-4.46B,$44.12B,-12.13%,$13399,$12472,$927,$0,$0,$13124,$275,$1,$276,$700,$-424,$-424,$-416,$927,$275,$597,597,$-0.69,$-0.69,$2863,$12866,$301,$22148,$36213,$4457,$5689,$1889,$54411,$76559,$18532,$16309,$11587,$30218,$48750,$0,$0,$0,$27809,$76559,$-416,$652,$344,$996,$0,$0,$0,$-1188,$-1188,$-690,$-586,$0,$0,$0,$0,$0,$14,$-572,$83,$0,$83,$0,$0,$-6,$63,$140,$-1240,$0,$-6
10,2015-12-31,12.63,$49.97,0.25,$95.20,0.13,$-7.07,0.0,$-13.29,0.0,$22.33B,$18.04B,1.24,$17.48B,$27.57B,0.63,$63.58B,$-1.62B,-2.54%,$63.58B,$-4.16B,-6.54%,$63.58B,$-4.16B,-6.54%,$63.58B,$-0.97B,-1.52%,$63.58B,$-7.52B,-11.83%,$63.58B,$-7.95B,-12.50%,$-7.95B,$27.57B,-30.07%,$-7.95B,$21.98B,-37.08%,$-7.95B,$76.85B,-12.35%,$-4.16B,$45.05B,-10.52%,$13981,$19727,$-5746,$0,$0,$19312,$-5331,$-1309,$-6640,$441,$-7081,$-7081,$-6686,$-4570,$-5331,$772,772,$-8.43,$-8.43,$4102,$13424,$262,$22326,$35780,$5603,$5592,$920,$54520,$76846,$18041,$17478,$2045,$31235,$49276,$10011,$-6456,$0,$27570,$76846,$-8423,$3192,$7422,$10614,$335,$288,$-1012,$-155,$-40,$2151,$-2535,$0,$23,$0,$0,$0,$342,$-2170,$2755,$-1947,$808,$0,$0,$-416,$3,$395,$109,$0,$-416
11,2015-09-30,15.41,$0.00,0.0,$101.41,0.15,$-6.29,0.0,$-3.72,0.0,$0.00B,$0.00B,0.0,$0.00B,$0.00B,0.0,$68.32B,$4.70B,6.88%,$68.32B,$1.74B,2.55%,$68.32B,$1.74B,2.55%,$68.32B,$5.15B,7.54%,$68.32B,$-1.56B,-2.29%,$68.32B,$-2.22B,-3.24%,$-2.22B,$0.00B,-7.19%,$-2.22B,$0.00B,-8.79%,$-2.22B,$0.00B,-3.17%,$1.74B,$0.00B,3.96%,$15589,$14238,$1351,$0,$0,$15569,$20,$-697,$-677,$127,$-804,$-804,$-711,$824,$20,$772,772,$-0.93,$-0.93,$0,$0,$0,$0,$0,$0,$0,$0,$0,$0,$0,$0,$0,$0,$0,$0,$0,$0,$0,$0,$-1260,$2431,$461,$2892,$0,$0,$0,$-1732,$-1732,$577,$-1971,$0,$0,$0,$0,$0,$447,$-1524,$1171,$0,$1171,$0,$0,$-405,$-4,$762,$-363,$0,$-405
12,2015-06-30,29.08,$0.00,0.0,$114.79,0.25,$-6.19,0.0,$-2.49,0.0,$26.89B,$19.55B,1.38,$18.03B,$39.83B,0.45,$72.80B,$5.25B,7.22%,$72.80B,$2.68B,3.68%,$72.80B,$2.68B,3.68%,$72.80B,$6.23B,8.56%,$72.80B,$-0.87B,-1.19%,$72.80B,$-1.48B,-2.04%,$-1.48B,$39.83B,-3.44%,$-1.48B,$32.55B,-4.18%,$-1.48B,$91.93B,-1.54%,$2.68B,$57.86B,4.42%,$16890,$15491,$1399,$0,$0,$16311,$579,$-273,$306,$124,$182,$182,$179,$1399,$579,$597,598,$0.30,$0.30,$4712,$15466,$24,$26887,$42648,$5532,$7279,$2372,$65045,$91932,$19553,$18031,$11808,$32546,$52099,$0,$0,$0,$39833,$91932,$-538,$1627,$299,$1926,$0,$0,$0,$-1340,$-1252,$104,$-1292,$0,$0,$0,$108,$108,$309,$-875,$1975,$0,$1975,$0,$0,$-384,$6,$1597,$718,$0,$-384
13,2015-03-31,27.64,$0.00,0.0,$121.24,0.23,$-5.17,0.0,$-2.70,0.0,$25.06B,$18.93B,1.32,$16.99B,$38.30B,0.44,$76.61B,$5.62B,7.33%,$76.61B,$2.93B,3.83%,$76.61B,$2.93B,3.83%,$76.61B,$6.60B,8.61%,$76.61B,$-0.93B,-1.22%,$76.61B,$-1.61B,-2.10%,$-1.61B,$38.30B,-3.48%,$-1.61B,$31.20B,-4.22%,$-1.61B,$88.52B,-1.60%,$2.93B,$55.29B,4.60%,$17118,$15740,$1378,$0,$0,$16547,$571,$-1081,$-510,$210,$-720,$-720,$-728,$1378,$571,$597,597,$-1.23,$-1.23,$2779,$15537,$0,$25061,$41694,$5394,$7104,$2282,$63456,$88517,$18928,$16986,$11634,$31290,$50218,$0,$0,$0,$38299,$88517,$-728,$807,$95,$902,$0,$0,$0,$-1691,$-1691,$-915,$-745,$0,$0,$0,$0,$0,$289,$-456,$386,$0,$386,$0,$0,$-53,$-20,$313,$-1237,$0,$-53
14,2014-12-31,32.37,$81.97,0.39,$125.73,0.26,$-4.64,0.0,$-1.80,0.0,$28.06B,$21.12B,1.33,$17.28B,$45.16B,0.38,$79.28B,$5.99B,7.56%,$79.28B,$3.03B,3.83%,$79.28B,$3.03B,3.83%,$79.28B,$6.97B,8.80%,$79.28B,$-0.52B,-0.66%,$79.28B,$-1.09B,-1.37%,$-1.09B,$45.16B,-2.19%,$-1.09B,$37.06B,-2.64%,$-1.09B,$99.18B,-1.02%,$3.03B,$62.44B,4.50%,$18723,$18151,$572,$0,$0,$18154,$569,$-1251,$-682,$258,$-940,$-940,$-955,$1551,$569,$770,770,$-1.20,$-1.20,$4016,$17304,$414,$28057,$46465,$7035,$8104,$1428,$71122,$99179,$21123,$17275,$2543,$32896,$54019,$10011,$10378,$0,$45160,$99179,$-974,$3939,$1817,$5756,$537,$-398,$-305,$-863,$-912,$3870,$-3655,$0,$264,$0,$232,$232,$82,$-3077,$480,$-2690,$-2210,$0,$0,$-458,$-82,$-2750,$-2179,$0,$-458
15,2014-09-30,40.17,$0.00,0.0,$134.89,0.3,$-2.63,0.0,$-2.28,0.0,$30.10B,$22.76B,1.32,$17.49B,$0.00B,0.0,$80.41B,$4.64B,5.77%,$80.41B,$2.43B,3.02%,$80.41B,$2.43B,3.02%,$80.41B,$6.51B,8.10%,$80.41B,$-1.13B,-1.41%,$80.41B,$-1.42B,-1.76%,$-1.42B,$49.19B,-2.74%,$-1.42B,$40.85B,-3.29%,$-1.42B,$104.07B,-1.29%,$2.43B,$66.68B,3.49%,$20067,$18162,$1905,$0,$0,$19108,$959,$-941,$18,$-21,$39,$39,$22,$1905,$959,$597,598,$0.03,$0.03,$4175,$17548,$478,$30103,$48162,$6536,$8340,$2652,$73970,$104073,$22764,$17487,$11524,$32119,$54883,$0,$0,$0,$49190,$104073,$-131,$2957,$-96,$2861,$0,$0,$0,$-626,$-626,$1578,$-2598,$0,$0,$0,$0,$0,$13,$-2585,$-342,$0,$-342,$0,$0,$-443,$-39,$-824,$-2021,$0,$-443
16,2014-06-30,43.81,$0.00,0.0,$134.29,0.33,$-2.33,0.0,$-2.67,0.0,$31.54B,$23.59B,1.34,$18.13B,$0.00B,0.0,$79.98B,$4.45B,5.56%,$79.98B,$1.95B,2.43%,$79.98B,$1.95B,2.43%,$79.98B,$6.32B,7.90%,$79.98B,$-1.30B,-1.62%,$79.98B,$-1.63B,-2.04%,$-1.63B,$52.22B,-3.11%,$-1.63B,$43.47B,-3.73%,$-1.63B,$109.60B,-1.47%,$1.95B,$70.36B,2.75%,$20704,$18941,$1763,$0,$0,$19872,$832,$-592,$240,$156,$84,$84,$52,$1763,$832,$596,597,$0.09,$0.09,$4404,$18627,$125,$31538,$50835,$6948,$8753,$2557,$78065,$109603,$23589,$18132,$12423,$33790,$57379,$0,$0,$0,$52224,$109603,$-153,$2011,$46,$2057,$0,$0,$0,$-50,$-50,$1077,$-1649,$0,$0,$0,$0,$0,$-48,$-1697,$-1030,$0,$-1030,$0,$0,$-62,$-26,$-1118,$-1858,$0,$-62
17,2014-03-31,46.8,$0.00,0.0,$133.52,0.35,$-0.66,0.0,$-4.08,0.0,$33.52B,$25.39B,1.32,$18.23B,$0.00B,0.0,$79.48B,$4.38B,5.51%,$79.48B,$1.47B,1.85%,$79.48B,$1.47B,1.85%,$79.48B,$6.08B,7.65%,$79.48B,$-2.21B,-2.78%,$79.48B,$-2.46B,-3.10%,$-2.46B,$52.06B,-4.71%,$-2.46B,$43.35B,-5.67%,$-2.46B,$111.35B,-2.20%,$1.47B,$70.29B,2.07%,$19788,$18034,$1754,$0,$0,$19114,$674,$-770,$-96,$61,$-157,$-157,$-205,$1754,$674,$596,597,$-0.36,$-0.36,$5061,$18888,$621,$33523,$50876,$6907,$8716,$2251,$77825,$111348,$25390,$18226,$12478,$33894,$59284,$0,$0,$0,$52064,$111348,$-205,$1080,$-47,$1033,$0,$0,$0,$-906,$-906,$-471,$-875,$0,$0,$0,$0,$0,$-215,$-1090,$629,$0,$629,$0,$0,$-57,$-15,$557,$-1171,$0,$-57
18,2013-12-31,51.7,$96.56,0.54,$134.24,0.39,$-0.51,0.0,$-4.38,0.0,$34.03B,$25.24B,1.35,$18.22B,$53.17B,0.34,$79.44B,$4.19B,5.28%,$79.44B,$1.20B,1.51%,$79.44B,$1.20B,1.51%,$79.44B,$5.89B,7.42%,$79.44B,$-2.36B,-2.97%,$79.44B,$-2.60B,-3.28%,$-2.60B,$53.17B,-4.95%,$-2.60B,$44.44B,-5.98%,$-2.60B,$112.31B,-2.30%,$1.20B,$71.39B,1.67%,$19848,$20633,$-785,$0,$0,$19884,$-36,$-1256,$-1292,$24,$-1316,$-1316,$-1284,$1087,$-36,$593,593,$-2.07,$-2.07,$6232,$19240,$292,$34025,$51232,$7933,$8734,$1314,$78283,$112308,$25235,$18219,$3072,$33900,$59135,$10011,$17460,$0,$53173,$112308,$-2575,$4695,$1906,$6601,$115,$-609,$1258,$-607,$270,$4296,$-2941,$0,$34,$0,$-173,$-173,$203,$-2877,$-770,$-1302,$-2072,$1756,$1756,$-415,$972,$241,$1670,$0,$-415
19,2013-09-30,39.62,$0.00,0.0,$138.18,0.29,$-0.69,0.0,$-10.05,0.0,$32.50B,$23.22B,1.4,$18.47B,$0.00B,0.0,$78.90B,$6.54B,8.28%,$78.90B,$-3.48B,-4.41%,$78.90B,$-3.48B,-4.41%,$78.90B,$1.14B,1.44%,$78.90B,$-6.53B,-8.27%,$78.90B,$-5.13B,-6.50%,$-5.13B,$52.40B,-9.88%,$-5.13B,$43.40B,-12.03%,$-5.13B,$111.17B,-4.52%,$-3.48B,$70.87B,-4.82%,$19643,$17930,$1713,$0,$0,$19166,$477,$-625,$-148,$-5,$-143,$-143,$-193,$1713,$477,$595,596,$-0.36,$-0.36,$4428,$18495,$398,$32503,$51792,$6957,$9001,$2505,$78663,$111166,$23224,$18469,$14373,$35545,$58769,$0,$0,$0,$52397,$111166,$-1318,$3572,$202,$3774,$0,$0,$0,$-83,$-83,$1609,$-2442,$0,$0,$0,$0,$0,$301,$-2141,$-4113,$0,$-4113,$3978,$3978,$-401,$993,$457,$-154,$0,$-401
20,2013-06-30,32.46,$0.00,0.0,$143.45,0.23,$-1.50,0.0,$-11.07,0.0,$34.71B,$24.88B,1.4,$18.94B,$0.00B,0.0,$78.98B,$6.27B,7.93%,$78.98B,$-3.90B,-4.94%,$78.98B,$-3.90B,-4.94%,$78.98B,$0.77B,0.97%,$78.98B,$-7.01B,-8.87%,$78.98B,$-5.59B,-7.07%,$-5.59B,$51.66B,-10.44%,$-5.59B,$42.54B,-12.99%,$-5.59B,$112.63B,-4.85%,$-3.90B,$70.61B,-5.23%,$20197,$18497,$1700,$0,$0,$19845,$352,$-1025,$-673,$99,$-772,$-772,$-780,$1527,$352,$595,596,$-1.32,$-1.32,$6918,$18067,$0,$34713,$51580,$6913,$9123,$2170,$77920,$112633,$24882,$18943,$14455,$36088,$60970,$0,$0,$0,$51663,$112633,$-1125,$2336,$168,$2504,$0,$0,$0,$723,$723,$2057,$-1636,$0,$0,$0,$0,$0,$116,$-1520,$-3068,$0,$-3068,$3978,$3978,$-37,$1024,$1897,$2349,$0,$-37
21,2013-03-31,37.2,$0.00,0.0,$150.76,0.25,$-1.46,0.0,$-8.07,0.0,$35.82B,$23.21B,1.54,$21.75B,$0.00B,0.0,$81.26B,$7.13B,8.77%,$81.26B,$-3.05B,-3.75%,$81.26B,$-3.05B,-3.75%,$81.26B,$1.61B,1.98%,$81.26B,$-5.54B,-6.82%,$81.26B,$-3.79B,-4.66%,$-3.79B,$52.96B,-6.87%,$-3.79B,$43.59B,-8.71%,$-3.79B,$115.77B,-3.24%,$-3.05B,$74.70B,-3.96%,$19752,$18187,$1565,$0,$0,$19348,$404,$-651,$-247,$97,$-344,$-344,$-345,$1565,$404,$583,583,$-0.63,$-0.63,$7977,$18389,$0,$35815,$52507,$6923,$9365,$3163,$79952,$115767,$23208,$21745,$14963,$39604,$62812,$0,$0,$0,$52955,$115767,$-345,$1161,$37,$1198,$0,$0,$0,$-549,$-549,$-302,$-927,$0,$0,$0,$0,$0,$124,$-803,$-21,$0,$-21,$3978,$3978,$-34,$770,$4693,$3442,$0,$-34
22,2012-12-31,49.87,$97.83,0.51,$160.89,0.31,$-0.79,0.0,$-7.41,0.0,$31.78B,$23.84B,1.33,$21.97B,$50.47B,0.44,$84.21B,$7.68B,9.12%,$84.21B,$-2.65B,-3.14%,$84.21B,$-2.65B,-3.14%,$84.21B,$2.06B,2.44%,$84.21B,$-5.38B,-6.38%,$84.21B,$-3.35B,-3.98%,$-3.35B,$50.47B,-5.96%,$-3.35B,$40.89B,-7.72%,$-3.35B,$114.00B,-2.82%,$-2.65B,$72.43B,-3.35%,$19309,$17752,$1557,$0,$0,$24020,$-4711,$-749,$-5460,$-1556,$-3904,$-3904,$-3808,$-3670,$-4711,$516,516,$-7.42,$-7.42,$4540,$19003,$0,$31782,$53815,$8201,$9581,$2224,$82216,$113998,$23837,$21965,$3144,$39695,$63532,$9403,$18295,$0,$50466,$113998,$-3469,$4702,$6499,$11201,$1153,$2794,$-1123,$-2755,$-2392,$5340,$-4254,$0,$544,$0,$-43,$-43,$23,$-3730,$2301,$-1970,$331,$0,$0,$-1191,$-159,$-1019,$578,$0,$-1191
23,2012-09-30,40.71,$0.00,0.0,$166.98,0.24,$-0.18,0.0,$-1.62,0.0,$33.89B,$24.73B,1.37,$21.83B,$58.84B,0.37,$87.35B,$7.84B,8.97%,$87.35B,$2.34B,2.68%,$87.35B,$2.34B,2.68%,$87.35B,$3.90B,4.46%,$87.35B,$-0.11B,-0.12%,$87.35B,$-0.54B,-0.62%,$-0.54B,$58.84B,-0.94%,$-0.54B,$44.99B,-1.24%,$-0.54B,$118.63B,-0.45%,$2.34B,$80.67B,2.89%,$19723,$18278,$1445,$0,$0,$19668,$55,$-683,$-628,$44,$-672,$-672,$-652,$1347,$55,$516,516,$-1.26,$-1.26,$2990,$19980,$870,$33894,$53734,$7023,$13854,$3819,$84737,$118631,$24731,$21827,$10107,$35057,$59788,$0,$0,$0,$58843,$118631,$456,$3661,$-384,$3277,$0,$0,$0,$785,$785,$2449,$-3588,$0,$0,$0,$0,$0,$720,$-2868,$879,$0,$879,$0,$0,$-885,$-90,$-96,$-1002,$0,$-885
24,2012-06-30,42.54,$0.00,0.0,$173.88,0.24,$-6.29,0.0,$0.33,128.87,$35.22B,$25.58B,1.38,$21.69B,$58.28B,0.37,$91.84B,$8.80B,9.58%,$91.84B,$3.45B,3.76%,$91.84B,$3.45B,3.76%,$91.84B,$4.96B,5.40%,$91.84B,$1.30B,1.42%,$91.84B,$0.77B,0.84%,$0.77B,$58.28B,1.78%,$0.77B,$44.53B,2.36%,$0.77B,$118.92B,0.84%,$3.45B,$79.97B,5.69%,$22478,$19919,$2559,$0,$0,$21271,$1207,$-415,$792,$-218,$1010,$1010,$1016,$2369,$1207,$516,545,$1.98,$1.80,$4470,$19462,$398,$35220,$53170,$7028,$13749,$3451,$83701,$118921,$25578,$21689,$10105,$35060,$60638,$0,$0,$0,$58283,$118921,$1108,$2369,$-405,$1964,$0,$0,$0,$1092,$1092,$2780,$-2371,$0,$0,$0,$0,$0,$576,$-1795,$317,$0,$317,$0,$0,$-588,$-68,$-339,$567,$0,$-588
25,2012-03-31,52.61,$0.00,0.0,$178.74,0.29,$-14.31,0.0,$1.44,36.53,$38.03B,$24.15B,1.57,$25.52B,$0.00B,0.0,$94.49B,$9.65B,10.22%,$94.49B,$4.50B,4.76%,$94.49B,$4.50B,4.76%,$94.49B,$6.00B,6.35%,$94.49B,$2.15B,2.27%,$94.49B,$1.29B,1.36%,$1.29B,$57.39B,2.85%,$1.29B,$43.18B,3.75%,$1.29B,$124.64B,1.35%,$4.50B,$82.91B,7.08%,$22703,$20585,$2118,$0,$0,$21899,$804,$-883,$-79,$-176,$97,$97,$92,$2011,$804,$516,516,$0.18,$0.18,$4937,$21178,$437,$38026,$55138,$7152,$14205,$3397,$86614,$124640,$24154,$25523,$14105,$43098,$67252,$0,$0,$0,$57388,$124640,$92,$1207,$-200,$1007,$0,$0,$0,$-289,$-289,$512,$-1254,$0,$0,$0,$0,$0,$275,$-979,$1733,$0,$1733,$0,$0,$-294,$-34,$1405,$1028,$0,$-294
26,2011-12-31,49.59,$109.55,0.45,$177.70,0.28,$-17.39,0.0,$3.48,14.25,$35.60B,$23.83B,1.49,$23.63B,$56.50B,0.42,$93.97B,$10.12B,10.77%,$93.97B,$5.14B,5.47%,$93.97B,$5.14B,5.47%,$93.97B,$6.59B,7.01%,$93.97B,$2.68B,2.85%,$93.97B,$2.26B,2.41%,$2.26B,$56.50B,4.81%,$2.26B,$42.45B,6.30%,$2.26B,$121.68B,2.35%,$5.14B,$80.14B,7.95%,$22449,$20735,$1714,$0,$0,$22174,$275,$-239,$-192,$833,$-1025,$-1000,$-1000,$-1829,$275,$516,516,$-1.95,$-1.95,$3908,$21669,$0,$35595,$54189,$9172,$14053,$2313,$86084,$121679,$23834,$23634,$3107,$41341,$65175,$9403,$24702,$0,$56504,$121679,$-1000,$1448,$-90,$2290,$-694,$-3053,$-40,$1843,$1843,$2878,$-1475,$0,$-860,$0,$-95,$-95,$941,$-534,$-816,$-5181,$-816,$0,$0,$-289,$-47,$-1152,$1107,$0,$-289
27,2011-09-30,42.92,$0.00,0.0,$175.18,0.24,$-15.77,0.0,$3.90,11.0,$0.00B,$0.00B,0.0,$0.00B,$0.00B,0.0,$92.22B,$29.10B,31.56%,$92.22B,$24.87B,26.97%,$92.22B,$24.87B,26.97%,$92.22B,$26.19B,28.40%,$92.22B,$2.14B,2.32%,$92.22B,$2.48B,2.69%,$2.48B,$0.00B,5.03%,$2.48B,$0.00B,6.49%,$2.48B,$0.00B,2.52%,$24.87B,$0.00B,37.66%,$24214,$21806,$2408,$0,$0,$23046,$1168,$-386,$782,$154,$628,$628,$659,$2408,$1168,$516,536,$1.29,$0.57,$0,$0,$0,$0,$0,$0,$0,$0,$0,$0,$0,$0,$0,$0,$0,$0,$0,$0,$0,$0,$2802,$3552,$-954,$2598,$0,$0,$0,$-5668,$-5668,$-1101,$-3363,$0,$0,$0,$0,$0,$219,$-3144,$1603,$0,$1603,$0,$0,$-905,$-86,$612,$-3616,$0,$-905
28,2011-06-30,92.87,$0.00,0.0,$171.15,0.54,$-10.46,0.0,$5.97,15.55,$40.13B,$27.10B,1.48,$24.53B,$0.00B,0.0,$89.05B,$47.73B,53.60%,$89.05B,$43.59B,48.95%,$89.05B,$43.59B,48.95%,$89.05B,$45.03B,50.56%,$89.05B,$2.16B,2.43%,$89.05B,$3.17B,3.56%,$3.17B,$66.50B,4.81%,$3.17B,$51.37B,6.26%,$3.17B,$133.52B,2.42%,$43.59B,$91.03B,49.73%,$25126,$21713,$3413,$0,$0,$22874,$2252,$-615,$1637,$61,$1576,$1576,$1535,$3413,$2252,$516,545,$2.97,$2.79,$3205,$23920,$0,$40126,$56124,$22135,$15134,$0,$93393,$133519,$27097,$24530,$11381,$39921,$67018,$0,$0,$0,$66501,$133519,$2143,$2312,$-868,$1444,$0,$0,$0,$-4655,$-4655,$-1871,$-2096,$0,$0,$0,$0,$0,$250,$-1846,$946,$0,$946,$0,$0,$-596,$-32,$318,$-3204,$0,$-596
29,2011-03-31,96.03,$0.00,0.0,$162.94,0.59,$-5.96,0.0,$5.43,17.68,$38.07B,$26.96B,1.41,$22.76B,$3.84B,5.93,$84.08B,$64.47B,76.69%,$84.08B,$60.29B,71.70%,$84.08B,$60.29B,71.70%,$84.08B,$61.77B,73.47%,$84.08B,$2.09B,2.49%,$84.08B,$3.35B,3.98%,$3.35B,$65.00B,5.18%,$3.35B,$49.95B,6.81%,$3.35B,$130.08B,2.61%,$60.29B,$87.76B,71.42%,$22184,$19602,$2582,$0,$0,$20735,$1449,$-978,$453,$-166,$619,$608,$1069,$2600,$1449,$516,516,$2.07,$2.07,$3872,$21595,$0,$38066,$55477,$10778,$15051,$3233,$92018,$130084,$26957,$22758,$11372,$38127,$65084,$0,$0,$0,$65000,$130084,$608,$1151,$-659,$492,$0,$0,$0,$-1844,$-1844,$-1298,$-1031,$0,$0,$0,$0,$0,$436,$-595,$-487,$0,$-487,$0,$0,$-294,$-7,$-788,$-2540,$0,$-294
30,2010-12-31,100.79,$128.18,0.79,$153.23,0.66,$-3.81,0.0,$4.41,22.85,$42.68B,$30.72B,1.39,$19.29B,$66.10B,0.29,$79.32B,$79.32B,100.00%,$79.32B,$75.14B,94.73%,$79.32B,$75.14B,94.73%,$79.32B,$76.60B,96.57%,$79.32B,$1.90B,2.40%,$79.32B,$2.92B,3.68%,$2.92B,$66.10B,4.55%,$2.92B,$51.73B,6.03%,$2.92B,$130.90B,2.30%,$75.14B,$85.39B,90.42%,$20699,$0,$20699,$0,$0,$694,$20005,$-1126,$-729,$-450,$0,$-279,$-780,$17772,$20005,$504,505,$-1.53,$-1.53,$6289,$19583,$6918,$42675,$54344,$10419,$14373,$2490,$88229,$130904,$30723,$19292,$3603,$34081,$64804,$9950,$32709,$0,$66100,$130904,$-233,$1456,$-320,$1060,$-433,$-5540,$3442,$2139,$2139,$3568,$-1379,$0,$-75,$0,$-327,$-327,$201,$-1178,$991,$-817,$991,$1363,$1363,$-335,$-1407,$612,$2821,$0,$-335
31,2010-09-30,86.7,$0.00,0.0,$148.65,0.58,$-4.21,0.0,$8.04,10.78,$37.44B,$27.46B,1.36,$20.18B,$66.22B,0.31,$77.26B,$77.26B,100.00%,$77.26B,$71.95B,93.12%,$77.26B,$71.95B,93.12%,$77.26B,$73.84B,95.56%,$77.26B,$2.49B,3.22%,$77.26B,$4.77B,6.17%,$4.77B,$66.22B,7.46%,$4.77B,$49.77B,10.03%,$4.77B,$130.63B,3.79%,$71.95B,$86.39B,86.39%,$21039,$0,$21039,$0,$0,$1156,$19883,$-257,$800,$-566,$1366,$1366,$1350,$21242,$19883,$503,512,$2.67,$2.67,$3477,$21625,$0,$37436,$57568,$19179,$16443,$0,$93190,$130626,$27463,$20177,$11643,$36946,$64409,$0,$0,$0,$66217,$130626,$3733,$3689,$-1535,$2154,$0,$0,$0,$-5140,$-5140,$446,$-1987,$0,$0,$0,$0,$0,$-273,$-2260,$971,$0,$971,$0,$0,$-925,$-666,$-620,$-2535,$0,$-925
32,2010-06-30,69.91,$0.00,0.0,$137.95,0.51,$3.45,20.28,$7.20,9.71,$33.60B,$26.53B,1.27,$17.23B,$60.87B,0.28,$72.39B,$72.39B,100.00%,$72.39B,$67.08B,92.66%,$72.39B,$67.08B,92.66%,$72.39B,$68.89B,95.16%,$72.39B,$1.73B,2.39%,$72.39B,$4.33B,5.98%,$4.33B,$60.87B,6.83%,$4.33B,$45.15B,9.25%,$4.33B,$120.74B,3.45%,$67.08B,$78.11B,80.71%,$20154,$0,$20154,$0,$0,$1206,$18948,$-37,$1566,$-92,$1658,$1579,$1706,$20154,$18948,$503,532,$3.39,$2.25,$2578,$19458,$0,$33595,$54715,$16713,$15720,$0,$87148,$120743,$26531,$17234,$11258,$33338,$59869,$0,$0,$0,$60874,$120743,$2167,$2330,$-862,$1468,$0,$0,$0,$-3625,$-3625,$-334,$-1142,$0,$0,$0,$0,$0,$-283,$-1425,$-372,$0,$-372,$0,$0,$-591,$-446,$-1409,$-3511,$0,$-591
33,2010-03-31,114.02,$0.00,0.0,$132.75,0.86,$7.63,14.94,$3.24,35.19,$32.45B,$24.03B,1.35,$19.42B,$3.89B,5.0,$67.42B,$67.42B,100.00%,$67.42B,$62.08B,92.08%,$67.42B,$62.08B,92.08%,$67.42B,$63.91B,94.80%,$67.42B,$-1.93B,-2.86%,$67.42B,$1.83B,2.71%,$1.83B,$63.09B,2.88%,$1.83B,$46.70B,3.92%,$1.83B,$123.94B,1.44%,$62.08B,$82.51B,73.49%,$17428,$0,$17428,$0,$0,$1124,$16304,$-310,$267,$-361,$0,$628,$640,$17428,$16304,$503,524,$1.26,$0.99,$3756,$17873,$0,$32450,$57866,$17234,$16385,$0,$91485,$123935,$24031,$19420,$12397,$36817,$60848,$0,$0,$0,$63087,$123935,$588,$1124,$-550,$574,$0,$0,$0,$-1592,$-1592,$-719,$-519,$0,$0,$0,$0,$0,$-146,$-665,$-30,$0,$-30,$0,$0,$-282,$-407,$-719,$-2251,$0,$-282
34,2009-12-31,118.23,$130.18,0.91,$132.69,0.89,$8.85,13.36,$-0.15,0.0,$32.81B,$23.49B,1.4,$20.68B,$65.44B,0.32,$65.11B,$65.11B,100.00%,$65.11B,$59.78B,91.81%,$65.11B,$59.78B,91.81%,$65.11B,$61.60B,94.62%,$65.11B,$-4.42B,-6.78%,$65.11B,$0.13B,0.19%,$0.13B,$65.44B,0.20%,$0.13B,$48.40B,0.28%,$0.13B,$127.70B,0.10%,$59.78B,$86.11B,71.59%,$18642,$0,$18642,$0,$0,$1827,$16815,$-826,$-142,$-1286,$1144,$1144,$1070,$15012,$16815,$502,512,$2.13,$2.04,$6009,$16835,$1,$32807,$60385,$10052,$17034,$2581,$94890,$127697,$23491,$20677,$5365,$38769,$62260,$9950,$33149,$0,$65437,$127697,$1070,$1827,$-619,$339,$1355,$5230,$-110,$1378,$1378,$2815,$-799,$0,$-120,$0,$-33,$-33,$-52,$-851,$-1444,$-8642,$-1444,$12,$12,$-335,$-38,$-1817,$87,$0,$-335
35,2009-09-30,95.51,$0.00,0.0,$144.87,0.66,$14.66,6.51,$-8.04,0.0,$34.33B,$24.80B,1.38,$21.79B,$63.91B,0.34,$68.56B,$68.56B,100.00%,$68.56B,$63.22B,92.22%,$68.56B,$63.22B,92.22%,$68.56B,$64.41B,93.95%,$68.56B,$-8.00B,-11.67%,$68.56B,$-3.58B,-5.22%,$-3.58B,$63.91B,-5.96%,$-3.58B,$46.90B,-8.25%,$-3.58B,$129.34B,-2.80%,$63.22B,$85.70B,75.97%,$16170,$0,$16170,$0,$0,$1160,$15010,$-286,$40,$-888,$928,$928,$910,$16294,$15010,$502,532,$1.80,$1.80,$5884,$16900,$0,$34330,$61414,$16588,$17005,$0,$95007,$129337,$24796,$21787,$12928,$40633,$65429,$0,$0,$0,$63908,$129337,$-945,$3630,$-3407,$223,$0,$0,$0,$7289,$7289,$4463,$-1993,$0,$0,$0,$0,$0,$60,$-1933,$-6401,$0,$-6401,$0,$0,$-1003,$-234,$-4530,$-1744,$0,$-1003
36,2009-06-30,84.63,$0.00,0.0,$191.33,0.44,$20.26,4.18,$-1.50,0.0,$34.93B,$25.61B,1.36,$22.16B,$61.41B,0.36,$87.59B,$87.59B,100.00%,$87.59B,$81.99B,93.62%,$87.59B,$81.99B,93.62%,$87.59B,$83.32B,95.13%,$87.59B,$-3.11B,-3.55%,$87.59B,$-0.67B,-0.76%,$-0.67B,$61.41B,-1.51%,$-0.67B,$44.60B,-2.10%,$-0.67B,$127.23B,-0.70%,$81.99B,$83.57B,132.69%,$15176,$0,$15176,$0,$0,$1228,$13948,$-909,$-2093,$-1239,$-854,$-854,$-792,$15176,$13948,$465,465,$-1.71,$-1.71,$7263,$16818,$0,$34932,$60400,$15092,$16804,$0,$92296,$127228,$25613,$22164,$12374,$40209,$65822,$0,$0,$0,$61406,$127228,$-1855,$2346,$127,$2473,$0,$0,$0,$3864,$3864,$2075,$-1418,$0,$0,$0,$0,$0,$143,$-1275,$-3381,$0,$-3381,$0,$0,$-697,$3135,$-1177,$-331,$0,$-697
37,2009-03-31,50.72,$0.00,0.0,$240.20,0.21,$27.22,1.86,$12.78,3.97,$34.25B,$25.72B,1.33,$23.08B,$3.73B,6.2,$110.25B,$110.25B,100.00%,$110.25B,$104.46B,94.75%,$110.25B,$104.46B,94.75%,$110.25B,$105.98B,96.13%,$110.25B,$6.11B,5.54%,$110.25B,$5.97B,5.41%,$5.97B,$55.55B,13.11%,$5.97B,$39.28B,18.18%,$5.97B,$120.57B,5.82%,$104.46B,$78.62B,161.53%,$15122,$0,$15122,$0,$0,$1118,$14004,$-738,$-2221,$-1088,$-1133,$-1133,$-1063,$15122,$14004,$455,455,$-2.34,$-2.34,$3979,$19930,$0,$34249,$57966,$12079,$16271,$0,$86316,$120565,$25716,$23076,$10700,$39302,$65018,$0,$0,$0,$55547,$120565,$-1063,$1118,$-1008,$110,$0,$0,$0,$2748,$2748,$329,$-850,$0,$0,$0,$0,$0,$57,$-793,$-2535,$0,$-2535,$0,$0,$-345,$-7,$-2887,$-3614,$0,$-345
38,2008-12-31,61.72,$130.40,0.47,$270.47,0.23,$30.51,2.02,$20.16,3.06,$44.42B,$30.58B,1.45,$25.67B,$59.32B,0.43,$124.94B,$124.94B,100.00%,$124.94B,$118.84B,95.12%,$124.94B,$118.84B,95.12%,$124.94B,$120.67B,96.58%,$124.94B,$11.54B,9.23%,$124.94B,$9.40B,7.52%,$9.40B,$59.32B,29.73%,$9.40B,$42.68B,40.88%,$9.40B,$133.16B,12.99%,$118.84B,$84.98B,264.00%,$22089,$0,$22089,$0,$0,$1831,$20258,$-258,$-3724,$-1126,$-2598,$-2632,$-2632,$17820,$20258,$455,455,$-5.80,$-5.80,$7587,$24754,$910,$44418,$60251,$8949,$16636,$2096,$88737,$133155,$30583,$25667,$4083,$43255,$73838,$9269,$31214,$0,$59317,$133155,$-2632,$1831,$4922,$5396,$1969,$-7818,$-2005,$1642,$1642,$5877,$-1445,$0,$-6174,$0,$-3114,$-3114,$1222,$-223,$-3315,$-4560,$-3315,$-4372,$-4372,$-594,$-160,$-3909,$1561,$0,$-594
39,2008-09-30,121.82,$0.00,0.0,$281.03,0.43,$25.98,4.69,$31.86,3.82,$0.00B,$0.00B,0.0,$0.00B,$0.00B,0.0,$130.07B,$130.07B,100.00%,$130.07B,$124.71B,95.88%,$130.07B,$124.71B,95.88%,$130.07B,$129.18B,99.31%,$130.07B,$19.57B,15.04%,$130.07B,$14.75B,11.34%,$14.75B,$0.00B,51.01%,$14.75B,$0.00B,71.20%,$14.75B,$0.00B,20.99%,$124.71B,$0.00B,300.49%,$35198,$0,$35198,$0,$0,$1414,$33784,$-537,$4930,$695,$0,$4235,$3821,$35198,$33784,$457,458,$8.38,$8.35,$0,$0,$0,$0,$0,$0,$0,$0,$0,$0,$0,$0,$0,$0,$0,$0,$0,$0,$0,$0,$12031,$4269,$2221,$6490,$0,$0,$0,$-9712,$-9712,$8775,$-4086,$0,$0,$0,$0,$0,$-8119,$-12205,$8188,$0,$8188,$0,$0,$-1982,$-4429,$1777,$-1845,$0,$-1982
40,2008-06-30,243.14,$0.00,0.0,$257.11,0.95,$19.33,12.58,$28.38,8.57,$56.68B,$42.20B,1.34,$27.92B,$67.15B,0.42,$119.35B,$119.35B,100.00%,$119.35B,$114.51B,95.94%,$119.35B,$114.51B,95.94%,$119.35B,$118.46B,99.25%,$119.35B,$18.26B,15.30%,$119.35B,$13.18B,11.05%,$13.18B,$67.15B,32.89%,$13.18B,$49.30B,45.14%,$13.18B,$156.26B,13.25%,$114.51B,$95.07B,197.56%,$37840,$0,$37840,$0,$0,$1425,$36415,$503,$7124,$933,$6191,$6191,$5839,$37840,$36415,$463,464,$12.61,$12.58,$7531,$27591,$0,$56679,$66350,$15381,$17854,$0,$99585,$156264,$42203,$27920,$10683,$46912,$89115,$0,$0,$0,$67149,$156264,$8210,$2855,$530,$3385,$0,$0,$0,$-4702,$-4702,$6214,$-2328,$0,$0,$0,$0,$0,$-5655,$-7983,$5434,$0,$5434,$0,$0,$-1290,$-2631,$1513,$-393,$0,$-1290
41,2008-03-31,199.99,$0.00,0.0,$225.79,0.89,$20.02,9.99,$19.95,10.02,$0.00B,$0.00B,0.0,$0.00B,$0.00B,0.0,$104.71B,$70.39B,67.22%,$104.71B,$66.03B,63.06%,$104.71B,$66.03B,63.06%,$104.71B,$69.94B,66.80%,$104.71B,$12.61B,12.04%,$104.71B,$9.26B,8.84%,$9.26B,$0.00B,25.83%,$9.26B,$0.00B,34.72%,$9.26B,$0.00B,10.46%,$66.03B,$0.00B,126.59%,$29809,$0,$29809,$0,$0,$1430,$28379,$-407,$3207,$596,$2611,$2371,$2371,$29809,$28379,$469,470,$5.08,$5.05,$0,$0,$0,$0,$0,$0,$0,$0,$0,$0,$0,$0,$0,$0,$0,$0,$0,$0,$0,$0,$2371,$1430,$228,$1658,$0,$0,$0,$-1231,$-1231,$1982,$-975,$0,$0,$0,$0,$0,$-1408,$-2383,$2312,$0,$2312,$-2107,$-2107,$-661,$17,$-439,$-672,$0,$-661
42,2007-06-30,150.43,$0.00,0.0,$189.41,0.79,$19.35,7.77,$16.53,9.1,$43.57B,$30.21B,1.44,$22.39B,$0.00B,0.0,$87.38B,$53.06B,60.72%,$87.38B,$49.22B,56.33%,$87.38B,$49.22B,56.33%,$87.38B,$52.27B,59.82%,$87.38B,$12.67B,14.50%,$87.38B,$7.64B,8.74%,$7.64B,$48.55B,16.06%,$7.64B,$33.60B,21.36%,$7.64B,$124.85B,6.60%,$49.22B,$70.94B,70.01%,$27223,$0,$27223,$0,$0,$1094,$26129,$75,$4307,$1087,$3220,$2723,$2723,$26332,$26129,$460,460,$5.92,$5.92,$6782,$19448,$0,$43567,$57836,$4707,$14954,$2282,$81282,$124849,$30211,$22389,$9677,$46089,$76300,$0,$0,$0,$48549,$124849,$2723,$1094,$497,$1591,$0,$0,$0,$-582,$-582,$3732,$-1330,$0,$-5435,$0,$0,$0,$0,$-6765,$2693,$0,$2693,$0,$0,$-644,$-580,$1469,$-1474,$0,$-644
43,2007-03-31,126.81,$0.00,0.0,$169.51,0.75,$19.96,6.35,$14.22,8.92,$43.75B,$26.80B,1.63,$21.20B,$0.00B,0.0,$69.39B,$35.07B,50.54%,$69.39B,$31.98B,46.09%,$69.39B,$31.98B,46.09%,$69.39B,$34.88B,50.27%,$69.39B,$9.71B,14.00%,$69.39B,$5.82B,8.38%,$5.82B,$44.64B,15.17%,$5.82B,$33.92B,19.53%,$5.82B,$116.78B,6.26%,$31.98B,$65.84B,55.33%,$24476,$0,$24476,$0,$0,$891,$23585,$165,$3620,$934,$2686,$2250,$2250,$24476,$23585,$462,462,$4.87,$4.87,$8277,$19319,$0,$43752,$54351,$4058,$10720,$2340,$73032,$116784,$26799,$21200,$8182,$45343,$72142,$0,$0,$0,$44642,$116784,$2250,$891,$436,$1327,$0,$0,$0,$-927,$-927,$2650,$-988,$0,$862,$0,$0,$0,$0,$-126,$15,$0,$15,$0,$0,$-514,$46,$-453,$2138,$0,$-514
44,2006-12-31,100.49,$108.88,0.92,$152.38,0.66,$16.90,5.95,$12.51,8.03,$39.41B,$24.56B,1.61,$21.65B,$50.23B,0.43,$53.34B,$12.17B,22.81%,$53.34B,$9.39B,17.61%,$53.34B,$9.39B,17.61%,$53.34B,$11.69B,21.91%,$53.34B,$7.04B,13.19%,$53.34B,$4.31B,8.08%,$4.31B,$50.23B,14.41%,$4.31B,$39.19B,18.25%,$4.31B,$112.68B,6.02%,$9.39B,$71.87B,20.25%,$23203,$34320,$-11117,$0,$2402,$35264,$-12061,$-116,$1474,$-46,$1520,$1917,$1917,$-10675,$-12061,$462,462,$4.14,$4.14,$6146,$19240,$1316,$39413,$54573,$4607,$11040,$1259,$73268,$112681,$24560,$21645,$3465,$37893,$62453,$17,$16649,$0,$50228,$112681,$6086,$2296,$330,$2296,$-128,$-584,$854,$-1635,$-626,$7122,$-2935,$0,$0,$0,$0,$0,$-5641,$-8576,$11090,$-4947,$11090,$8,$8,$-660,$-46,$5445,$3985,$0,$-660
