,Date,Stock Price,Book Value per Share,Price to Book Ratio,TTM Sales per Share,Price to Sales Ratio,TTM FCF per Share,Price to FCF Ratio,TTM Net EPS,PE Ratio,Current Assets,Current Liabilities,Current Ratio,Long Term Debt,Shareholder's Equity_x,Debt to Equity Ratio,TTM Revenue_x,TTM Gross Profit,Gross Margin,TTM Revenue_y,TTM Operating Income,Operating Margin,TTM Revenue_x,TTM EBIT,EBIT Margin,TTM Revenue_y,TTM EBITDA,EBITDA Margin,TTM Revenue_x,TTM Pre-Tax Income,Pre-Tax Margin,TTM Revenue_y,TTM Net Income_x,Net Margin,TTM Net Income_y,Shareholder's Equity_y,Return on Equity,TTM Net Income_x,Tangible Equity,Return on Tangible Equity,TTM Net Income_y,Total Assets,Return on Assets,TTM Net Income,LT Investments & Debt,Return on Investment,revenue,cost-goods-sold,gross-profit,research-development-expenses,selling-general-administrative-expenses,operating-expenses,operating-income,total-non-operating-income-expense,pre-tax-income,total-provision-income-taxes,income-after-taxes,income-from-continuous-operations,net-income,ebitda,ebit,basic-shares-outstanding,shares-outstanding,eps-basic-net-earnings-per-share,eps-earnings-per-share-diluted,cash-on-hand,inventory,other-current-assets,total-current-assets,net-property-plant-equipment,long-term-investments,goodwill-intangible-assets-total,other-long-term-assets,total-long-term-assets,total-assets,total-current-liabilities,long-term-debt,other-non-current-liabilities,total-long-term-liabilities,total-liabilities,common-stock-net,retained-earnings-accumulated-deficit,comprehensive-income,total-share-holder-equity,total-liabilities-share-holders-equity,net-income-loss,total-depreciation-amortization-cash-flow,other-non-cash-items,total-non-cash-items,change-in-accounts-receivable,change-in-inventories,change-in-accounts-payable,change-in-assets-liabilities,total-change-in-assets-liabilities,cash-flow-from-operating-activities,net-change-in-property-plant-equipment,net-change-in-intangible-assets,net-acquisitions-divestitures,net-change-in-short-term-investments,net-change-in-long-term-investments,net-change-in-investments-total,investing-activities-other,cash-flow-from-investing-activities,net-long-term-debt,net-current-debt,debt-issuance-retirement-net-total,net-common-equity-issued-repurchased,net-total-equity-issued-repurchased,total-common-preferred-stock-dividends-paid,financial-activities-other,cash-flow-from-financial-activities,net-cash-flow,stock-based-compensation,common-stock-dividends-paid
0,2018-09-30,164.54,$109.12,1.51,$42.88,3.84,$34.60,4.76,$11.03,14.92,$98.47B,$92.25B,1.07,$9.14B,$14.21B,0.64,$6.31B,$5.84B,92.59%,$6.31B,$2.44B,38.62%,$6.31B,0,0.00%,$6.31B,0,0.00%,$6.31B,$2.44B,38.62%,$6.31B,$1.61B,25.55%,$1.61B,$15.44B,10.25%,$1.61B,$10.79B,14.55%,$1.61B,$116.83B,1.37%,$2.44B,$24.58B,10.03%,$1627,$138,$1488,$0,$786,$930,$696,$0,$696,$170,$526,$526,$505,$0,$0,$143,143,$3.54,$3.53,$7960,$0,$0,$98474,$634,$13074,$4646,$0,$18354,$116828,$92251,$9140,$0,$9140,$101392,$80,$11128,$-542,$15436,$116828,$1372,$136,$10,$146,$-283,$179,$0,$125,$22,$1540,$-59,$0,$0,$-1445,$1341,$-104,$1700,$1537,$1066,$1135,$2201,$-1695,$-1695,$-425,$-3267,$-3186,$-109,$0,$-371
1,2018-06-30,170.15,$108.00,1.58,$41.50,4.1,$37.45,4.54,$9.71,17.52,$99.85B,$94.47B,1.06,$8.38B,$14.35B,0.58,$6.20B,$5.77B,93.08%,$6.20B,$2.32B,37.46%,$6.20B,0,0.00%,$6.20B,0,0.00%,$6.20B,$2.32B,37.46%,$6.20B,$1.44B,23.28%,$1.44B,$15.58B,9.05%,$1.44B,$10.93B,12.78%,$1.44B,$118.43B,1.21%,$2.32B,$23.96B,9.53%,$1586,$120,$1466,$0,$805,$932,$655,$0,$655,$161,$493,$493,$473,$0,$0,$145,145,$3.26,$3.26,$8187,$0,$0,$99854,$638,$13283,$4652,$0,$18572,$118426,$94466,$8382,$0,$8382,$102848,$80,$10764,$-518,$15578,$118426,$846,$91,$-49,$42,$-750,$129,$0,$255,$-366,$521,$-37,$0,$0,$-1591,$1178,$-413,$1113,$663,$293,$3064,$3358,$-1196,$-1196,$-264,$-3134,$-1236,$-52,$0,$-228
2,2018-03-31,183.51,$107.03,1.71,$40.29,4.55,$44.38,4.14,$8.80,20.85,$99.27B,$94.32B,1.05,$8.59B,$14.48B,0.59,$6.11B,$5.71B,93.43%,$6.11B,$2.26B,37.07%,$6.11B,0,0.00%,$6.11B,0,0.00%,$6.11B,$2.26B,37.07%,$6.11B,$1.33B,21.81%,$1.33B,$15.71B,8.25%,$1.33B,$11.05B,11.61%,$1.33B,$118.62B,1.11%,$2.26B,$24.30B,9.29%,$1541,$107,$1434,$0,$970,$1083,$458,$0,$458,$105,$353,$353,$333,$0,$0,$149,149,$2.24,$2.23,$7569,$0,$0,$99269,$629,$14067,$4658,$0,$19353,$118623,$94322,$8591,$0,$8591,$102913,$80,$10404,$-483,$15710,$118623,$353,$46,$-83,$-38,$-87,$91,$0,$165,$169,$484,$-10,$0,$0,$-1057,$440,$-617,$378,$-249,$495,$1451,$1946,$-721,$-721,$-130,$-1460,$-364,$-128,$0,$-112
3,2017-12-31,169.53,$108.28,1.57,$39.32,4.31,$49.35,3.44,$8.69,19.51,$98.62B,$94.20B,1.05,$8.14B,$15.02B,0.54,$6.02B,$5.63B,93.59%,$6.02B,$2.32B,38.61%,$6.02B,0,0.00%,$6.02B,0,0.00%,$6.02B,$2.32B,38.61%,$6.02B,$1.33B,22.06%,$1.33B,$16.25B,8.16%,$1.33B,$11.59B,11.46%,$1.33B,$118.59B,1.10%,$2.32B,$24.39B,9.53%,$1558,$103,$1456,$0,$820,$930,$629,$0,$629,$306,$322,$322,$302,$0,$0,$152,153,$2.01,$2.02,$6633,$0,$0,$98618,$646,$14665,$4665,$0,$19976,$118594,$94201,$8141,$0,$8141,$102343,$80,$10165,$-364,$16251,$118594,$1408,$197,$531,$728,$694,$154,$0,$-202,$646,$2782,$-79,$0,$0,$-78,$1563,$1485,$1989,$3395,$-1287,$12,$-1276,$-1206,$-1206,$-530,$-3065,$-6077,$100,$0,$-457
4,2017-09-30,158.96,$107.88,1.47,$38.31,4.15,$38.47,4.13,$8.66,18.36,$100.00B,$95.51B,1.05,$8.58B,$15.09B,0.57,$5.91B,$5.52B,93.38%,$5.91B,$2.21B,37.32%,$5.91B,0,0.00%,$5.91B,0,0.00%,$5.91B,$2.21B,37.32%,$5.91B,$1.33B,22.58%,$1.33B,$16.32B,8.17%,$1.33B,$11.65B,11.46%,$1.33B,$120.40B,1.09%,$2.21B,$24.90B,8.90%,$1517,$100,$1417,$0,$828,$936,$581,$0,$581,$225,$356,$356,$336,$0,$0,$151,152,$2.22,$2.21,$7845,$0,$0,$99999,$657,$15074,$4672,$0,$20402,$120402,$95506,$8578,$0,$8578,$104084,$80,$9909,$-248,$16318,$120402,$1086,$150,$130,$280,$501,$89,$0,$110,$700,$2066,$-63,$0,$0,$-1306,$1175,$-131,$2373,$2179,$-883,$37,$-846,$-982,$-982,$-399,$-1971,$-4198,$48,$0,$-345
5,2017-06-30,159.06,$106.77,1.49,$37.68,4.22,$31.72,5.02,$8.55,18.6,$99.73B,$96.96B,1.03,$7.65B,$15.05B,0.51,$5.85B,$5.45B,93.13%,$5.85B,$2.17B,37.14%,$5.85B,0,0.00%,$5.85B,0,0.00%,$5.85B,$2.17B,37.14%,$5.85B,$1.33B,22.64%,$1.33B,$16.28B,8.11%,$1.33B,$11.60B,11.38%,$1.33B,$120.90B,1.07%,$2.17B,$23.93B,8.63%,$1491,$92,$1399,$0,$795,$895,$596,$0,$596,$215,$381,$381,$361,$0,$0,$153,153,$2.36,$2.35,$6544,$0,$0,$99727,$674,$15816,$4680,$0,$21169,$120897,$96963,$7650,$0,$7650,$104613,$80,$9685,$-270,$16284,$120897,$730,$99,$112,$211,$540,$92,$0,$51,$682,$1623,$-50,$0,$0,$-23,$451,$428,$1287,$1665,$-1830,$1532,$-298,$-757,$-757,$-267,$-1941,$-3263,$25,$0,$-231
6,2017-03-31,151.25,$105.45,1.43,$36.91,4.1,$25.32,5.97,$8.18,18.49,$101.89B,$98.92B,1.03,$8.09B,$14.98B,0.54,$5.78B,$5.36B,92.79%,$5.78B,$2.11B,36.46%,$5.78B,0,0.00%,$5.78B,0,0.00%,$5.78B,$2.11B,36.46%,$5.78B,$1.28B,22.09%,$1.28B,$16.21B,7.80%,$1.28B,$11.53B,10.93%,$1.28B,$123.22B,1.03%,$2.11B,$24.30B,8.14%,$1453,$92,$1361,$0,$834,$935,$518,$0,$518,$169,$349,$349,$329,$0,$0,$154,155,$2.13,$2.12,$8407,$0,$0,$101894,$673,$15968,$4688,$0,$21329,$123223,$98923,$8088,$0,$8088,$107010,$80,$9437,$-292,$16213,$123223,$349,$49,$85,$135,$689,$113,$0,$-0,$802,$1286,$-22,$0,$0,$-1945,$274,$-1670,$866,$-826,$-1401,$22,$-1380,$-532,$-532,$-134,$1552,$-493,$-34,$0,$-117
7,2016-12-31,152.23,$105.56,1.44,$36.29,4.2,$19.88,7.66,$7.79,19.54,$101.83B,$97.47B,1.05,$9.49B,$15.26B,0.62,$5.72B,$5.30B,92.56%,$5.72B,$2.06B,35.97%,$5.72B,0,0.00%,$5.72B,0,0.00%,$5.72B,$2.06B,35.97%,$5.72B,$1.22B,21.39%,$1.22B,$16.49B,7.46%,$1.22B,$11.80B,10.45%,$1.22B,$123.45B,0.98%,$2.06B,$25.98B,7.76%,$1448,$107,$1341,$0,$822,$938,$510,$0,$510,$180,$331,$331,$308,$0,$0,$157,157,$1.98,$1.97,$6645,$0,$0,$101833,$675,$16250,$4691,$0,$21617,$123449,$97469,$9494,$0,$9494,$106963,$80,$9222,$-295,$16487,$123449,$1315,$201,$322,$522,$-678,$-36,$0,$60,$-654,$1183,$-108,$0,$0,$2594,$-703,$1891,$-2504,$-721,$-1120,$-1937,$-3057,$-641,$-646,$-523,$3716,$-510,$-47,$0,$-442
8,2016-09-30,112.44,$105.46,1.07,$36.90,3.05,$25.11,4.48,$7.46,15.07,$106.75B,$100.29B,1.06,$10.21B,$15.11B,0.68,$5.62B,$5.21B,92.64%,$5.62B,$1.96B,34.83%,$5.62B,0,0.00%,$5.62B,0,0.00%,$5.62B,$1.96B,34.83%,$5.62B,$1.16B,20.70%,$1.16B,$16.34B,7.13%,$1.16B,$11.64B,10.02%,$1.16B,$126.84B,0.93%,$1.96B,$26.55B,7.33%,$1461,$111,$1350,$0,$790,$911,$550,$0,$550,$200,$350,$350,$327,$0,$0,$155,156,$2.10,$2.10,$12598,$0,$0,$106747,$660,$14734,$4700,$0,$20094,$126841,$100289,$10211,$0,$10211,$110500,$80,$9022,$-115,$16341,$126841,$985,$151,$205,$356,$-300,$-83,$0,$114,$-269,$1072,$-65,$0,$0,$-3183,$1139,$-2045,$-1888,$-3998,$-427,$-1887,$-2314,$-604,$-604,$-391,$6199,$2890,$-36,$0,$-333
9,2016-06-30,113.82,$104.33,1.09,$36.61,3.11,$27.70,4.11,$7.29,15.61,$103.49B,$97.02B,1.07,$10.33B,$15.24B,0.68,$5.37B,$4.99B,92.93%,$5.37B,$1.84B,34.32%,$5.37B,0,0.00%,$5.37B,0,0.00%,$5.37B,$1.84B,34.32%,$5.37B,$1.09B,20.36%,$1.09B,$16.47B,7.07%,$1.09B,$11.76B,9.89%,$1.09B,$123.82B,0.93%,$1.84B,$26.80B,7.13%,$1419,$107,$1312,$0,$770,$889,$530,$0,$530,$194,$336,$336,$313,$0,$0,$158,158,$1.98,$1.98,$10265,$0,$0,$103490,$658,$14963,$4710,$0,$20331,$123821,$97020,$10329,$0,$10329,$107349,$80,$8801,$-101,$16472,$123821,$635,$102,$173,$275,$-186,$-41,$0,$-32,$-259,$650,$-37,$0,$0,$-880,$920,$39,$-910,$-907,$-323,$-1694,$-2016,$-254,$-254,$-264,$2707,$173,$-84,$0,$-223
10,2016-03-31,106.24,$102.24,1.04,$37.09,2.86,$27.84,3.82,$7.29,14.57,$103.77B,$97.93B,1.06,$10.34B,$15.12B,0.68,$5.21B,$4.86B,93.28%,$5.21B,$1.77B,33.93%,$5.21B,0,0.00%,$5.21B,0,0.00%,$5.21B,$1.77B,33.93%,$5.21B,$1.04B,20.03%,$1.04B,$16.36B,7.19%,$1.04B,$11.63B,10.04%,$1.04B,$124.63B,0.94%,$1.77B,$26.70B,7.11%,$1394,$101,$1293,$0,$813,$926,$468,$0,$468,$169,$299,$299,$276,$0,$0,$159,159,$1.74,$1.73,$11191,$0,$0,$103774,$663,$15467,$4721,$0,$20851,$124626,$97930,$10341,$0,$10341,$108271,$80,$8597,$-150,$16355,$124626,$299,$52,$103,$154,$-16,$-59,$0,$71,$-5,$448,$-16,$0,$0,$-1951,$346,$-1605,$-394,$-2015,$-317,$-344,$-661,$-100,$-100,$-129,$2268,$1377,$-190,$0,$-112
11,2015-12-31,115.22,$101.36,1.14,$37.21,3.1,$28.51,4.04,$7.21,15.98,$101.73B,$95.96B,1.06,$10.65B,$14.94B,0.71,$5.00B,$4.67B,93.45%,$5.00B,$1.68B,33.53%,$5.00B,0,0.00%,$5.00B,0,0.00%,$5.00B,$1.68B,33.53%,$5.00B,$0.99B,19.76%,$0.99B,$16.17B,7.27%,$0.99B,$11.44B,10.14%,$0.99B,$122.79B,0.95%,$1.68B,$26.83B,6.99%,$1350,$95,$1255,$0,$835,$939,$411,$0,$411,$140,$271,$271,$248,$0,$0,$137,138,$1.63,$1.62,$9236,$0,$0,$101731,$667,$15656,$4733,$0,$21057,$122788,$95961,$10654,$0,$10654,$106615,$80,$8431,$-252,$16173,$122788,$1080,$175,$508,$683,$277,$-8,$0,$-289,$-20,$1742,$-82,$0,$-1933,$6445,$5151,$11596,$-1868,$7714,$-7412,$-2167,$-9580,$0,$0,$-456,$574,$-9462,$-5,$0,$-375
12,2015-09-30,115.31,$96.96,1.19,$36.55,3.15,$24.21,4.76,$7.48,15.42,$79.19B,$74.70B,1.06,$10.17B,$11.69B,0.87,$4.85B,$4.55B,93.67%,$4.85B,$1.70B,34.99%,$4.85B,0,0.00%,$4.85B,0,0.00%,$4.85B,$1.70B,34.99%,$4.85B,$0.99B,20.46%,$0.99B,$12.92B,7.87%,$0.99B,$9.39B,10.95%,$0.99B,$97.80B,1.02%,$1.70B,$23.10B,7.52%,$1210,$77,$1133,$0,$694,$775,$435,$0,$435,$154,$280,$280,$257,$0,$0,$133,133,$1.94,$1.93,$6304,$0,$0,$79189,$582,$14495,$3532,$0,$18608,$97797,$74701,$10174,$0,$10174,$84875,$67,$8274,$-163,$12922,$97797,$809,$127,$76,$203,$227,$-3,$0,$11,$236,$1248,$-43,$0,$0,$1758,$-1486,$272,$-1822,$-1593,$1176,$-19,$1157,$0,$0,$-339,$-596,$222,$-124,$0,$-281
13,2015-06-30,117.44,$95.20,1.23,$36.52,3.22,$20.66,5.68,$7.46,15.74,$78.20B,$74.24B,1.05,$10.18B,$11.44B,0.89,$4.84B,$4.53B,93.72%,$4.84B,$1.69B,34.92%,$4.84B,0,0.00%,$4.84B,0,0.00%,$4.84B,$1.69B,34.92%,$4.84B,$0.99B,20.43%,$0.99B,$12.67B,7.93%,$0.99B,$9.13B,11.09%,$0.99B,$97.08B,1.01%,$1.69B,$22.84B,7.62%,$1257,$77,$1180,$0,$721,$804,$454,$0,$454,$167,$287,$287,$263,$0,$0,$132,133,$1.99,$1.98,$5674,$0,$0,$78202,$591,$14752,$3536,$0,$18878,$97080,$74236,$10176,$0,$10176,$84412,$67,$8108,$-218,$12668,$97080,$528,$86,$53,$139,$-70,$0,$0,$-40,$-109,$558,$-23,$0,$0,$2425,$-1825,$600,$-1132,$-555,$1177,$-39,$1138,$0,$0,$-228,$-936,$-26,$-22,$0,$-187
14,2015-03-31,118.7,$94.26,1.26,$36.11,3.29,$19.92,5.96,$7.46,15.91,$79.83B,$75.34B,1.06,$10.51B,$11.30B,0.93,$4.77B,$4.48B,93.88%,$4.77B,$1.66B,34.86%,$4.77B,0,0.00%,$4.77B,0,0.00%,$4.77B,$1.66B,34.86%,$4.77B,$0.99B,20.67%,$0.99B,$12.53B,7.99%,$0.99B,$8.98B,11.23%,$0.99B,$98.38B,1.03%,$1.66B,$23.04B,7.80%,$1178,$78,$1100,$0,$718,$803,$375,$0,$375,$134,$242,$242,$219,$0,$0,$132,133,$1.66,$1.65,$8021,$0,$0,$79830,$602,$14393,$3553,$0,$18548,$98378,$75340,$10509,$0,$10509,$85849,$66,$7935,$-152,$12528,$98378,$242,$43,$76,$120,$196,$-18,$0,$-80,$97,$458,$-10,$0,$0,$179,$-1360,$-1181,$-612,$-1802,$1498,$1,$1499,$0,$0,$-111,$-51,$1337,$-7,$0,$-94
15,2014-12-31,116.74,$93.23,1.25,$35.95,3.25,$20.69,5.64,$7.42,15.73,$79.52B,$75.34B,1.06,$9.01B,$11.10B,0.81,$4.74B,$4.46B,94.09%,$4.74B,$1.64B,34.67%,$4.74B,0,0.00%,$4.74B,0,0.00%,$4.74B,$1.64B,34.67%,$4.74B,$0.98B,20.67%,$0.98B,$12.34B,8.04%,$0.98B,$8.78B,11.37%,$0.98B,$96.69B,1.05%,$1.64B,$21.34B,8.17%,$1208,$75,$1133,$0,$692,$774,$434,$0,$434,$157,$278,$278,$254,$0,$0,$131,132,$1.93,$1.92,$8152,$0,$0,$79519,$613,$12994,$3560,$0,$17166,$96686,$75343,$9007,$0,$9007,$84350,$66,$7807,$-181,$12336,$96686,$1066,$199,$217,$415,$-335,$22,$0,$-69,$-383,$1099,$-73,$0,$0,$-4820,$-3931,$-8751,$-2886,$-11710,$3919,$-68,$3851,$0,$347,$-441,$6555,$10312,$-300,$0,$-371
16,2014-09-30,113.95,$93.36,1.22,$35.90,3.17,$19.10,5.97,$7.06,16.14,$79.70B,$75.83B,1.05,$9.06B,$11.10B,0.82,$4.71B,$4.44B,94.20%,$4.71B,$1.58B,33.64%,$4.71B,0,0.00%,$4.71B,0,0.00%,$4.71B,$1.58B,33.64%,$4.71B,$0.93B,19.71%,$0.93B,$12.33B,7.78%,$0.93B,$8.77B,11.12%,$0.93B,$97.23B,1.03%,$1.58B,$21.40B,8.39%,$1194,$74,$1120,$0,$687,$768,$426,$0,$426,$150,$275,$275,$252,$0,$0,$131,132,$1.92,$1.91,$9497,$0,$0,$79701,$612,$13348,$3567,$0,$17527,$97228,$75834,$9061,$0,$9061,$84895,$66,$7643,$12,$12333,$97228,$789,$153,$126,$279,$-215,$11,$0,$-89,$-293,$775,$-50,$0,$0,$-6025,$-4332,$-10356,$-1723,$-12129,$3972,$-96,$3876,$0,$347,$-325,$7308,$11206,$-149,$0,$-278
17,2014-06-30,114.0,$92.25,1.24,$36.23,3.15,$16.83,6.77,$7.26,15.7,$74.52B,$71.27B,1.05,$7.39B,$10.94B,0.68,$4.74B,$4.47B,94.32%,$4.74B,$1.60B,33.83%,$4.74B,0,0.00%,$4.74B,0,0.00%,$4.74B,$1.60B,33.83%,$4.74B,$0.95B,20.08%,$0.95B,$12.17B,8.20%,$0.95B,$8.60B,11.88%,$0.95B,$90.84B,1.09%,$1.60B,$19.56B,9.12%,$1191,$65,$1126,$0,$688,$763,$428,$0,$428,$144,$284,$284,$261,$0,$0,$131,132,$1.99,$1.98,$5263,$0,$0,$74516,$625,$12120,$3574,$0,$16319,$90835,$71274,$7392,$0,$7392,$78666,$66,$7481,$40,$12169,$90835,$513,$103,$103,$206,$-182,$15,$0,$-83,$-250,$470,$-38,$0,$0,$-1381,$-3069,$-4451,$-825,$-5313,$2287,$-99,$2189,$0,$347,$-214,$2767,$5088,$245,$0,$-185
18,2014-03-31,110.83,$90.47,1.22,$36.95,3.0,$17.99,6.16,$7.83,14.15,$73.96B,$70.39B,1.05,$6.25B,$10.66B,0.59,$4.80B,$4.53B,94.23%,$4.80B,$1.71B,35.50%,$4.80B,0,0.00%,$4.80B,0,0.00%,$4.80B,$1.71B,35.50%,$4.80B,$1.02B,21.22%,$1.02B,$11.89B,9.07%,$1.02B,$8.30B,13.35%,$1.02B,$88.53B,1.19%,$1.71B,$18.14B,10.25%,$1143,$67,$1077,$0,$712,$789,$354,$0,$354,$125,$229,$229,$212,$0,$0,$130,131,$1.63,$1.61,$5377,$0,$0,$73955,$628,$10364,$3583,$0,$14576,$88530,$70392,$6251,$0,$6251,$76644,$66,$7310,$-25,$11887,$88530,$229,$53,$75,$127,$119,$28,$0,$58,$205,$561,$-17,$0,$0,$-1648,$-1455,$-3103,$-322,$-3441,$1146,$-30,$1116,$0,$347,$-98,$1606,$2970,$90,$0,$-92
19,2013-12-31,105.73,$86.62,1.22,$37.27,2.84,$19.14,5.52,$8.20,12.89,$72.14B,$68.75B,1.05,$5.11B,$10.42B,0.49,$4.82B,$4.54B,94.09%,$4.82B,$1.77B,36.62%,$4.82B,0,0.00%,$4.82B,0,0.00%,$4.82B,$1.77B,36.62%,$4.82B,$1.06B,22.02%,$1.06B,$11.31B,9.77%,$1.06B,$7.71B,14.64%,$1.06B,$85.16B,1.27%,$1.77B,$16.41B,11.00%,$1181,$68,$1113,$0,$727,$805,$376,$0,$376,$154,$221,$221,$203,$0,$0,$129,130,$1.57,$1.56,$3700,$0,$0,$72139,$634,$8796,$3593,$0,$13023,$85162,$68748,$5109,$0,$5109,$73857,$65,$7188,$-64,$11306,$85162,$1138,$204,$215,$419,$-685,$-12,$0,$72,$-625,$932,$-130,$0,$0,$-1521,$233,$-1288,$-786,$-2204,$539,$-814,$-275,$0,$0,$-419,$1652,$958,$-314,$0,$-365
20,2013-09-30,101.03,$84.61,1.19,$37.65,2.68,$16.18,6.25,$8.80,11.48,$71.90B,$68.29B,1.05,$5.12B,$10.14B,0.51,$4.84B,$4.55B,93.91%,$4.84B,$1.84B,37.91%,$4.84B,0,0.00%,$4.84B,0,0.00%,$4.84B,$1.84B,37.91%,$4.84B,$1.14B,23.47%,$1.14B,$11.02B,10.73%,$1.14B,$7.41B,16.30%,$1.14B,$84.43B,1.36%,$1.84B,$16.14B,11.72%,$1220,$70,$1150,$0,$696,$776,$444,$0,$444,$149,$294,$294,$275,$0,$0,$129,130,$2.13,$2.11,$4357,$0,$0,$71899,$615,$8310,$3604,$0,$12528,$84427,$68290,$5121,$0,$5121,$73411,$65,$7074,$-198,$11016,$84427,$917,$150,$128,$278,$-812,$5,$0,$115,$-691,$504,$-86,$0,$0,$-1796,$562,$-1234,$758,$-562,$541,$-828,$-288,$0,$0,$-305,$724,$132,$73,$0,$-274
21,2013-06-30,100.26,$82.80,1.21,$37.71,2.66,$16.20,6.19,$8.86,11.32,$73.81B,$67.39B,1.1,$5.12B,$9.84B,0.52,$4.81B,$4.50B,93.60%,$4.81B,$1.84B,38.18%,$4.81B,0,0.00%,$4.81B,0,0.00%,$4.81B,$1.84B,38.18%,$4.81B,$1.14B,23.59%,$1.14B,$10.72B,11.00%,$1.14B,$7.10B,16.97%,$1.14B,$83.23B,1.38%,$1.84B,$15.84B,11.97%,$1259,$73,$1186,$0,$643,$728,$531,$0,$531,$182,$348,$348,$329,$0,$0,$128,129,$2.56,$2.55,$4408,$0,$0,$73808,$596,$5211,$3615,$0,$9421,$83229,$67390,$5122,$0,$5122,$72513,$65,$6887,$-228,$10716,$83229,$623,$100,$81,$181,$-222,$14,$0,$20,$-187,$616,$-44,$0,$0,$-2425,$1821,$-604,$-143,$-792,$543,$-767,$-224,$0,$0,$-209,$96,$-337,$-512,$0,$-182
22,2013-03-31,91.95,$80.83,1.14,$36.92,2.49,$16.51,5.57,$8.02,11.46,$72.94B,$66.99B,1.09,$5.40B,$9.55B,0.57,$4.68B,$4.36B,93.08%,$4.68B,$1.66B,35.41%,$4.68B,0,0.00%,$4.68B,0,0.00%,$4.68B,$1.66B,35.41%,$4.68B,$1.02B,21.81%,$1.02B,$10.42B,10.16%,$1.02B,$6.80B,15.95%,$1.02B,$82.81B,1.25%,$1.66B,$15.82B,10.90%,$1163,$74,$1089,$0,$660,$748,$415,$0,$415,$141,$274,$274,$255,$0,$0,$128,129,$2.00,$1.98,$3551,$0,$0,$72935,$590,$5661,$3627,$0,$9877,$82812,$66994,$5395,$0,$5395,$72389,$64,$6645,$-226,$10423,$82812,$274,$51,$68,$119,$203,$22,$0,$81,$306,$698,$-17,$0,$0,$-1175,$414,$-761,$406,$-372,$796,$-700,$96,$0,$0,$-96,$-488,$-487,$-161,$0,$-91
23,2012-12-31,87.17,$79.60,1.1,$36.56,2.38,$15.35,5.68,$7.54,11.56,$72.70B,$68.20B,1.07,$4.61B,$9.33B,0.49,$4.61B,$4.27B,92.54%,$4.61B,$1.55B,33.64%,$4.61B,0,0.00%,$4.61B,0,0.00%,$4.61B,$1.55B,33.64%,$4.61B,$0.95B,20.69%,$0.95B,$10.20B,9.73%,$0.95B,$6.56B,15.54%,$0.95B,$83.01B,1.18%,$1.55B,$14.81B,10.18%,$1199,$78,$1121,$0,$661,$753,$445,$0,$445,$149,$296,$296,$277,$0,$0,$126,126,$2.18,$2.16,$2606,$0,$0,$72699,$595,$6074,$3640,$0,$10309,$83009,$68198,$4608,$0,$4608,$72806,$64,$6477,$-240,$10203,$83009,$1029,$205,$393,$597,$-939,$13,$0,$-201,$-1127,$500,$-92,$0,$0,$25,$1715,$1740,$-5709,$-4061,$-2080,$292,$-1788,$0,$0,$-411,$6294,$4095,$534,$0,$-358
24,2012-09-30,83.64,$78.03,1.07,$36.13,2.31,$25.94,3.22,$6.42,13.03,$70.22B,$66.17B,1.06,$4.97B,$9.08B,0.55,$4.53B,$4.16B,91.96%,$4.53B,$1.31B,28.93%,$4.53B,0,0.00%,$4.53B,0,0.00%,$4.53B,$1.31B,28.93%,$4.53B,$0.81B,17.83%,$0.81B,$9.95B,8.43%,$0.81B,$6.29B,13.70%,$0.81B,$81.09B,1.01%,$1.31B,$14.92B,8.43%,$1191,$82,$1108,$0,$648,$744,$446,$0,$446,$153,$293,$293,$274,$0,$0,$126,126,$2.18,$2.17,$2562,$0,$0,$70218,$589,$6624,$3654,$0,$10867,$81085,$66170,$4970,$0,$4970,$71140,$64,$6287,$-230,$9946,$81085,$733,$155,$305,$460,$-539,$25,$0,$-205,$-719,$474,$-66,$0,$0,$-257,$1175,$918,$-3578,$-2726,$-1727,$-190,$-1917,$0,$0,$-299,$4639,$2423,$171,$0,$-267
25,2012-06-30,71.99,$76.04,0.95,$35.43,2.03,$32.71,2.2,$5.57,12.93,$69.49B,$65.49B,1.06,$5.69B,$8.76B,0.65,$4.42B,$4.04B,91.30%,$4.42B,$1.13B,25.50%,$4.42B,0,0.00%,$4.42B,0,0.00%,$4.42B,$1.13B,25.50%,$4.42B,$0.70B,15.78%,$0.70B,$9.63B,7.40%,$0.70B,$5.96B,12.21%,$0.70B,$80.81B,0.88%,$1.13B,$15.32B,7.13%,$1129,$89,$1040,$0,$671,$777,$352,$0,$352,$119,$233,$233,$215,$0,$0,$125,126,$1.71,$1.71,$3037,$0,$0,$69489,$592,$7057,$3668,$0,$11318,$80808,$65490,$5688,$0,$5688,$71178,$63,$6098,$-278,$9630,$80808,$440,$103,$157,$260,$-32,$12,$0,$-36,$-55,$645,$-47,$0,$0,$-915,$685,$-229,$-2780,$-3056,$-1007,$194,$-813,$0,$0,$-206,$3401,$2382,$-30,$0,$-179
26,2012-03-31,75.1,$74.55,1.01,$36.15,2.08,$34.87,2.15,$6.28,11.96,$67.73B,$63.28B,1.07,$6.48B,$8.56B,0.76,$4.48B,$4.09B,91.12%,$4.48B,$1.22B,27.30%,$4.48B,0,0.00%,$4.48B,0,0.00%,$4.48B,$1.22B,27.30%,$4.48B,$0.78B,17.40%,$0.78B,$9.43B,8.36%,$0.78B,$5.74B,13.96%,$0.78B,$79.19B,1.00%,$1.22B,$15.91B,7.61%,$1091,$94,$997,$0,$672,$782,$308,$0,$308,$102,$206,$206,$188,$0,$0,$125,126,$1.50,$1.50,$3144,$0,$0,$67727,$580,$7195,$3684,$0,$11460,$79187,$63282,$6477,$0,$6477,$69758,$63,$5969,$-331,$9429,$79187,$206,$52,$78,$130,$162,$8,$0,$32,$202,$539,$-19,$0,$0,$-1127,$497,$-630,$-1034,$-1684,$-202,$-270,$-472,$0,$0,$-94,$1603,$1037,$-108,$0,$-89
27,2011-12-31,65.43,$73.77,0.89,$35.66,1.83,$37.09,1.76,$6.37,10.27,$65.97B,$61.97B,1.07,$6.69B,$8.41B,0.8,$4.38B,$3.97B,90.79%,$4.38B,$1.23B,28.00%,$4.38B,0,0.00%,$4.38B,0,0.00%,$4.38B,$1.23B,28.00%,$4.38B,$0.78B,17.87%,$0.78B,$9.27B,8.59%,$0.78B,$5.57B,14.56%,$0.78B,$77.92B,1.04%,$1.23B,$15.96B,7.62%,$1114,$98,$1016,$0,$796,$912,$203,$0,$203,$55,$148,$148,$130,$0,$0,$123,123,$1.03,$1.02,$2169,$0,$0,$65969,$581,$7673,$3701,$0,$11956,$77924,$61967,$6686,$0,$6686,$68653,$63,$5867,$-356,$9271,$77924,$859,$198,$287,$485,$211,$69,$0,$147,$428,$1772,$-70,$0,$-151,$2568,$56,$2623,$-2033,$369,$-1810,$-313,$-2123,$0,$125,$-398,$774,$-1623,$519,$0,$-350
28,2011-09-30,59.3,$74.64,0.79,$34.76,1.71,$36.77,1.61,$6.92,8.57,$66.34B,$61.74B,1.07,$6.75B,$8.51B,0.79,$4.23B,$3.82B,90.22%,$4.23B,$1.33B,31.41%,$4.23B,0,0.00%,$4.23B,0,0.00%,$4.23B,$1.33B,31.41%,$4.23B,$0.84B,19.88%,$0.84B,$9.38B,9.48%,$0.84B,$5.59B,16.32%,$0.84B,$77.86B,1.15%,$1.33B,$16.12B,8.24%,$1089,$104,$985,$0,$703,$824,$265,$0,$265,$82,$183,$183,$165,$0,$0,$125,125,$1.32,$1.32,$4186,$0,$0,$66338,$569,$7174,$3782,$0,$11526,$77864,$61740,$6749,$0,$6749,$68489,$63,$5824,$-193,$9375,$77864,$712,$145,$91,$235,$310,$49,$0,$-21,$338,$1285,$-38,$0,$-151,$496,$576,$1071,$-268,$615,$-1750,$-401,$-2151,$0,$125,$-286,$832,$-1480,$420,$0,$-262
29,2011-06-30,73.93,$73.63,1.0,$34.23,2.16,$36.93,2.0,$7.08,10.44,$66.87B,$61.35B,1.09,$7.13B,$8.38B,0.85,$4.12B,$3.69B,89.66%,$4.12B,$1.35B,32.81%,$4.12B,0,0.00%,$4.12B,0,0.00%,$4.12B,$1.35B,32.81%,$4.12B,$0.85B,20.71%,$0.85B,$9.24B,9.94%,$0.85B,$5.45B,17.42%,$0.85B,$77.73B,1.21%,$1.35B,$16.37B,8.24%,$1190,$102,$1088,$0,$625,$742,$448,$0,$448,$126,$322,$322,$297,$0,$0,$122,123,$2.43,$2.42,$4491,$0,$0,$66868,$567,$6492,$3800,$0,$10859,$77727,$61354,$7129,$0,$7129,$68483,$63,$5745,$-229,$9244,$77727,$529,$92,$-13,$79,$172,$60,$0,$24,$256,$863,$-14,$0,$-151,$67,$1213,$1280,$-275,$840,$-1331,$-528,$-1859,$0,$125,$-193,$623,$-1304,$399,$0,$-173
30,2011-03-31,73.77,$70.69,1.04,$32.60,2.26,$38.48,1.92,$6.12,12.05,$57.31B,$52.07B,1.1,$7.31B,$7.76B,0.94,$3.89B,$3.45B,88.65%,$3.89B,$1.18B,30.44%,$3.89B,0,0.00%,$3.89B,0,0.00%,$3.89B,$1.18B,30.44%,$3.89B,$0.73B,18.79%,$0.73B,$8.51B,8.80%,$0.73B,$4.87B,15.73%,$0.73B,$67.88B,1.07%,$1.18B,$15.81B,7.11%,$982,$99,$883,$0,$562,$673,$309,$0,$309,$102,$206,$206,$190,$0,$0,$119,120,$1.59,$1.59,$1496,$0,$0,$57305,$431,$6507,$3638,$0,$10577,$67881,$52068,$7305,$0,$7305,$59374,$60,$5535,$-198,$8508,$67881,$206,$44,$60,$103,$378,$81,$0,$2,$461,$771,$-9,$0,$0,$1,$141,$142,$-546,$-413,$-529,$-443,$-971,$0,$0,$-95,$757,$-310,$49,$0,$-85
31,2010-12-31,72.02,$69.82,1.03,$32.31,2.23,$37.56,1.92,$5.69,12.66,$56.78B,$51.82B,1.1,$7.84B,$7.62B,1.03,$3.84B,$3.38B,87.96%,$3.84B,$1.09B,28.50%,$3.84B,0,0.00%,$3.84B,0,0.00%,$3.84B,$1.09B,28.50%,$3.84B,$0.68B,17.61%,$0.68B,$8.36B,8.29%,$0.68B,$4.71B,15.09%,$0.68B,$68.02B,0.99%,$1.09B,$16.20B,6.36%,$970,$109,$861,$0,$541,$663,$307,$0,$307,$102,$204,$204,$189,$0,$0,$118,119,$1.60,$1.60,$1559,$0,$0,$56784,$436,$7151,$3651,$0,$11237,$68021,$51823,$7840,$0,$7840,$59664,$60,$5427,$-205,$8358,$68021,$736,$182,$510,$692,$192,$-89,$0,$145,$247,$1676,$-70,$0,$213,$32,$414,$446,$-114,$475,$-2514,$-1523,$-4037,$0,$0,$-376,$1949,$-2464,$-313,$0,$-335
32,2010-09-30,67.07,$68.96,0.97,$32.50,2.06,$33.90,1.98,$5.14,13.05,$56.50B,$51.02B,1.11,$8.99B,$7.49B,1.2,$3.83B,$3.34B,87.27%,$3.83B,$0.99B,25.82%,$3.83B,0,0.00%,$3.83B,0,0.00%,$3.83B,$0.99B,25.82%,$3.83B,$0.61B,15.94%,$0.61B,$8.23B,7.62%,$0.61B,$4.57B,14.13%,$0.61B,$68.25B,0.89%,$0.99B,$17.22B,5.60%,$976,$116,$860,$0,$560,$689,$287,$0,$287,$95,$192,$192,$177,$0,$0,$118,119,$1.49,$1.48,$2453,$0,$0,$56499,$421,$7663,$3664,$0,$11748,$68247,$51024,$8992,$0,$8992,$60015,$60,$5319,$-193,$8232,$68247,$532,$139,$398,$537,$72,$-10,$0,$120,$181,$1249,$-39,$0,$63,$-693,$-136,$-829,$1060,$254,$-1399,$-1231,$-2630,$0,$0,$-281,$1251,$-1660,$-157,$0,$-251
33,2010-06-30,69.08,$68.03,1.02,$32.64,2.12,$32.66,2.12,$4.63,14.92,$55.96B,$50.80B,1.1,$9.26B,$7.37B,1.26,$3.83B,$3.31B,86.32%,$3.83B,$0.87B,22.79%,$3.83B,0,0.00%,$3.83B,0,0.00%,$3.83B,$0.87B,22.79%,$3.83B,$0.55B,14.28%,$0.55B,$8.10B,6.97%,$0.55B,$4.43B,13.19%,$0.55B,$68.15B,0.80%,$0.87B,$17.36B,4.90%,$958,$118,$841,$0,$546,$679,$280,$0,$280,$91,$189,$189,$174,$0,$0,$118,119,$1.47,$1.46,$1661,$0,$0,$55956,$423,$8098,$3677,$0,$12197,$68154,$50796,$9256,$0,$9256,$60052,$60,$5224,$-197,$8102,$68154,$340,$94,$220,$314,$225,$-6,$0,$155,$375,$1029,$-23,$-0,$0,$16,$-546,$-530,$798,$244,$-1106,$-284,$-1390,$0,$0,$-187,$114,$-1463,$-190,$0,$-167
34,2010-03-31,64.0,$66.66,0.96,$32.94,1.94,$27.70,2.31,$3.53,18.13,$56.22B,$50.46B,1.11,$10.07B,$7.18B,1.4,$3.82B,$3.24B,84.74%,$3.82B,$0.66B,17.17%,$3.82B,0,0.00%,$3.82B,0,0.00%,$3.82B,$0.66B,17.17%,$3.82B,$0.41B,10.83%,$0.41B,$7.92B,5.40%,$0.41B,$4.22B,10.47%,$0.41B,$68.44B,0.60%,$0.66B,$17.98B,3.60%,$934,$120,$814,$0,$578,$714,$220,$0,$220,$69,$151,$151,$136,$0,$0,$118,118,$1.16,$1.15,$1568,$0,$0,$56215,$428,$8105,$3692,$0,$12225,$68439,$50458,$10066,$0,$10066,$60524,$60,$5132,$-255,$7916,$68439,$151,$48,$124,$172,$252,$-3,$0,$81,$330,$654,$-11,$-0,$0,$12,$-585,$-573,$536,$-48,$-253,$-572,$-825,$0,$0,$-93,$109,$-809,$-203,$0,$-83
35,2009-12-31,53.45,$65.58,0.82,$33.07,1.62,$22.84,2.34,$2.86,18.69,$56.96B,$50.89B,1.12,$10.24B,$7.02B,1.46,$3.77B,$3.10B,82.25%,$3.77B,$0.52B,13.78%,$3.77B,0,0.00%,$3.77B,0,0.00%,$3.77B,$0.52B,13.78%,$3.77B,$0.33B,8.82%,$0.33B,$7.75B,4.49%,$0.33B,$4.05B,8.80%,$0.33B,$68.88B,0.49%,$0.52B,$17.99B,2.84%,$959,$134,$825,$0,$607,$757,$201,$0,$201,$64,$137,$137,$123,$0,$0,$115,115,$1.08,$1.07,$1767,$0,$0,$56957,$436,$7781,$3707,$0,$11924,$68880,$50887,$10240,$0,$10240,$61127,$60,$5077,$-336,$7753,$68880,$380,$191,$858,$1049,$-96,$12,$0,$-155,$-239,$1189,$-59,$0,$203,$-33,$1714,$1681,$677,$2502,$-2390,$-745,$-3135,$0,$0,$-358,$-520,$-4013,$-322,$0,$-326
36,2009-09-30,49.26,$64.47,0.76,$33.88,1.45,$27.02,1.82,$2.74,17.98,$57.20B,$51.03B,1.12,$10.35B,$6.89B,1.5,$3.83B,$3.01B,78.47%,$3.83B,$0.45B,11.72%,$3.83B,0,0.00%,$3.83B,0,0.00%,$3.83B,$0.45B,11.72%,$3.83B,$0.31B,8.12%,$0.31B,$7.61B,4.33%,$0.31B,$3.89B,8.58%,$0.31B,$69.00B,0.46%,$0.45B,$17.97B,2.42%,$979,$153,$826,$0,$637,$807,$172,$0,$172,$44,$128,$128,$114,$0,$0,$117,118,$0.97,$0.97,$1925,$0,$0,$57203,$437,$7634,$3724,$0,$11795,$68997,$51031,$10354,$0,$10354,$61385,$60,$5036,$-419,$7612,$68997,$243,$138,$673,$811,$3,$-16,$0,$34,$21,$1076,$-28,$0,$0,$68,$1882,$1950,$757,$2680,$-2302,$-260,$-2562,$0,$0,$-264,$-1123,$-3950,$-194,$0,$-243
37,2009-06-30,39.8,$62.75,0.63,$33.81,1.18,$29.39,1.35,$2.59,15.37,$57.58B,$50.95B,1.13,$11.57B,$6.68B,1.73,$3.77B,$2.78B,73.85%,$3.77B,$0.34B,9.11%,$3.77B,0,0.00%,$3.77B,0,0.00%,$3.77B,$0.34B,9.11%,$3.77B,$0.29B,7.65%,$0.29B,$7.40B,4.19%,$0.29B,$3.66B,8.45%,$0.29B,$69.91B,0.43%,$0.34B,$18.97B,1.83%,$949,$176,$773,$0,$695,$887,$63,$0,$63,$11,$51,$51,$41,$0,$0,$113,114,$0.36,$0.36,$1706,$0,$0,$57575,$442,$8155,$3741,$0,$12338,$69913,$50945,$11568,$0,$11568,$62513,$60,$5004,$-581,$7400,$69913,$115,$89,$448,$537,$-231,$-45,$0,$38,$-238,$415,$-18,$-0,$144,$90,$1105,$1195,$127,$1448,$-1001,$-235,$-1236,$0,$0,$-172,$-872,$-2280,$-417,$0,$-160
38,2009-03-31,34.85,$62.15,0.56,$35.24,0.99,$33.27,1.05,$3.67,9.5,$53.45B,$46.45B,1.15,$11.54B,$6.33B,1.82,$3.91B,$2.77B,70.82%,$3.91B,$0.52B,13.26%,$3.91B,0,0.00%,$3.91B,0,0.00%,$3.91B,$0.52B,13.26%,$3.91B,$0.41B,10.42%,$0.41B,$6.90B,6.12%,$0.41B,$3.54B,12.44%,$0.41B,$64.88B,0.62%,$0.52B,$18.44B,2.74%,$887,$207,$680,$0,$581,$803,$84,$0,$84,$20,$64,$64,$55,$0,$0,$110,110,$0.49,$0.49,$1863,$0,$0,$53450,$386,$7687,$3360,$0,$11433,$64883,$46446,$11536,$0,$11536,$57981,$60,$5044,$-622,$6902,$64883,$64,$44,$180,$224,$-251,$0,$0,$37,$-214,$75,$-10,$-0,$0,$0,$517,$517,$71,$578,$-521,$-368,$-888,$0,$0,$-82,$-97,$-1067,$-415,$0,$-78
39,2008-12-31,43.44,$61.48,0.71,$37.99,1.14,$35.61,1.22,$5.00,8.69,$54.13B,$46.96B,1.15,$12.08B,$6.22B,1.94,$4.22B,$2.88B,68.27%,$4.22B,$0.74B,17.55%,$4.22B,0,0.00%,$4.22B,0,0.00%,$4.22B,$0.74B,17.55%,$4.22B,$0.55B,13.14%,$0.55B,$6.79B,8.46%,$0.55B,$3.41B,17.57%,$0.55B,$65.82B,0.84%,$0.74B,$18.86B,3.99%,$1016,$288,$727,$0,$582,$886,$130,$0,$130,$27,$102,$102,$101,$0,$0,$110,111,$0.92,$0.93,$2286,$0,$0,$54132,$389,$7919,$3376,$0,$11684,$65816,$46956,$12075,$0,$12075,$59031,$60,$5063,$-737,$6785,$65816,$556,$186,$560,$746,$487,$41,$0,$-201,$327,$1628,$-72,$-24,$0,$-82,$912,$830,$-2997,$-2264,$1633,$-2812,$-1179,$0,$600,$-309,$1323,$436,$-199,$0,$-309
40,2008-09-30,66.81,$58.21,1.15,$38.59,1.73,$33.20,2.01,$4.68,14.28,$53.05B,$46.35B,1.15,$12.48B,$6.42B,1.95,$4.27B,$2.78B,65.11%,$4.27B,$0.70B,16.33%,$4.27B,0,0.00%,$4.27B,0,0.00%,$4.27B,$0.69B,16.24%,$4.27B,$0.52B,12.12%,$0.52B,$6.42B,8.00%,$0.52B,$3.03B,16.92%,$0.52B,$65.25B,0.79%,$0.70B,$18.90B,3.87%,$915,$313,$602,$0,$520,$849,$66,$0,$66,$-25,$91,$91,$91,$0,$0,$110,111,$0.83,$0.82,$1862,$0,$0,$53049,$374,$8433,$3391,$0,$12198,$65247,$46349,$12482,$0,$12482,$58831,$60,$5038,$-462,$6417,$65247,$454,$140,$340,$481,$435,$-75,$0,$-1,$360,$1294,$-44,$-22,$0,$-90,$689,$599,$-2492,$-1960,$2173,$-2892,$-719,$0,$0,$-231,$1236,$286,$-380,$0,$-231
41,2008-06-30,52.29,$59.16,0.88,$40.85,1.28,$29.83,1.75,$5.69,9.19,$53.46B,$46.60B,1.15,$12.77B,$6.52B,1.96,$4.51B,$2.90B,64.42%,$4.51B,$0.93B,20.60%,$4.51B,0,0.00%,$4.51B,0,0.00%,$4.51B,$0.92B,20.51%,$4.51B,$0.63B,13.90%,$0.63B,$6.52B,9.73%,$0.63B,$3.11B,20.28%,$0.63B,$65.89B,0.97%,$0.93B,$19.29B,5.38%,$1089,$331,$758,$0,$503,$851,$238,$0,$238,$78,$160,$160,$160,$0,$0,$110,111,$1.45,$1.44,$1977,$0,$0,$53460,$369,$8659,$3406,$0,$12433,$65893,$46604,$12770,$0,$12770,$59374,$60,$5024,$-333,$6519,$65893,$362,$94,$123,$217,$269,$43,$0,$-46,$265,$844,$-24,$-16,$0,$-240,$537,$297,$-2160,$-1903,$2474,$-2060,$414,$0,$0,$-154,$669,$929,$-129,$0,$-154
42,2008-03-31,59.18,$58.96,1.0,$41.62,1.42,$27.63,2.14,$6.20,9.55,$53.62B,$48.93B,1.1,$10.67B,$6.49B,1.65,$4.58B,$2.89B,63.12%,$4.58B,$1.01B,22.11%,$4.58B,0,0.00%,$4.58B,0,0.00%,$4.58B,$1.01B,22.02%,$4.58B,$0.68B,14.86%,$0.68B,$6.49B,10.71%,$0.68B,$3.07B,22.14%,$0.68B,$66.09B,1.09%,$1.01B,$17.16B,6.29%,$1197,$405,$792,$0,$467,$891,$306,$0,$306,$104,$202,$202,$202,$0,$0,$110,111,$1.84,$1.82,$2155,$0,$0,$53621,$366,$8676,$3422,$0,$12465,$66086,$48925,$10672,$0,$10672,$59598,$60,$4941,$-259,$6488,$66086,$202,$48,$21,$69,$-42,$56,$0,$47,$62,$333,$-9,$-10,$0,$0,$110,$110,$-1309,$-1218,$330,$374,$703,$0,$0,$-77,$267,$893,$9,$0,$-77
43,2007-12-31,59.51,$59.04,1.01,$40.62,1.46,$28.30,2.1,$5.95,10.0,$52.10B,$48.07B,1.08,$10.32B,$6.49B,1.59,$4.48B,$2.78B,62.17%,$4.48B,$0.97B,21.59%,$4.48B,0,0.00%,$4.48B,0,0.00%,$4.48B,$0.96B,21.51%,$4.48B,$0.65B,14.60%,$0.65B,$6.49B,10.40%,$0.65B,$3.04B,21.21%,$0.65B,$64.88B,1.09%,$0.97B,$16.80B,6.33%,$1073,$442,$631,$0,$526,$985,$88,$0,$84,$19,$65,$65,$65,$0,$0,$108,110,$0.61,$0.60,$2067,$0,$0,$52098,$371,$8962,$3445,$0,$12778,$64876,$48072,$10318,$0,$10318,$58390,$60,$4816,$-115,$6485,$64876,$654,$178,$282,$460,$306,$-67,$0,$-18,$221,$1335,$-57,$-53,$-252,$100,$-409,$-309,$-4112,$-4783,$3022,$2325,$5347,$-508,$-508,$-282,$-966,$3590,$143,$0,$-282
44,2007-09-30,74.85,$58.45,1.28,$40.76,1.84,$21.05,3.56,$7.23,10.35,$48.56B,$44.25B,1.1,$9.52B,$6.24B,1.53,$4.53B,$2.88B,63.46%,$4.53B,$1.19B,26.26%,$4.53B,0,0.00%,$4.53B,0,0.00%,$4.53B,$1.19B,26.26%,$4.53B,$0.80B,17.70%,$0.80B,$6.24B,12.86%,$0.80B,$3.13B,25.84%,$0.80B,$60.01B,1.38%,$1.19B,$15.75B,8.28%,$1146,$425,$721,$0,$409,$850,$296,$0,$296,$97,$199,$199,$199,$0,$0,$107,109,$1.86,$1.83,$1884,$0,$0,$48564,$332,$8003,$3109,$0,$11444,$60008,$44254,$9516,$0,$9516,$53770,$60,$4828,$-87,$6238,$60008,$589,$134,$82,$217,$142,$-27,$0,$-23,$92,$898,$-35,$-45,$0,$-268,$-1107,$-1375,$-2105,$-3560,$2622,$1827,$4448,$-496,$-496,$-205,$-1382,$2365,$-297,$0,$-205
45,2007-06-30,76.83,$57.63,1.33,$40.14,1.91,$21.07,3.65,$7.25,10.6,$47.43B,$43.25B,1.1,$8.45B,$6.18B,1.37,$4.51B,$2.89B,63.95%,$4.51B,$1.20B,26.57%,$4.51B,0,0.00%,$4.51B,0,0.00%,$4.51B,$1.20B,26.57%,$4.51B,$0.81B,18.01%,$0.81B,$6.18B,13.08%,$0.81B,$3.05B,26.53%,$0.81B,$57.87B,1.42%,$1.20B,$14.62B,8.95%,$1161,$416,$745,$0,$406,$839,$322,$0,$322,$108,$214,$214,$214,$0,$0,$108,110,$1.98,$1.95,$1796,$0,$0,$47432,$330,$6982,$3125,$0,$10437,$57869,$43249,$8445,$0,$8445,$51694,$60,$4703,$-67,$6175,$57869,$390,$91,$31,$122,$78,$-10,$0,$8,$76,$588,$-20,$-28,$0,$-200,$-63,$-263,$-975,$-1285,$1572,$-161,$1411,$-425,$-425,$-130,$-446,$409,$-288,$0,$-130
46,2007-03-31,82.8,$57.37,1.44,$39.01,2.12,$17.76,4.66,$7.17,11.55,$47.34B,$43.93B,1.08,$7.66B,$6.25B,1.23,$4.43B,$2.85B,64.36%,$4.43B,$1.19B,26.92%,$4.43B,0,0.00%,$4.43B,0,0.00%,$4.43B,$1.19B,26.92%,$4.43B,$0.81B,18.34%,$0.81B,$6.25B,13.16%,$0.81B,$3.11B,27.05%,$0.81B,$57.84B,1.43%,$1.19B,$13.92B,9.40%,$1098,$411,$687,$0,$408,$837,$261,$0,$261,$85,$176,$176,$176,$0,$0,$110,112,$1.60,$1.57,$2029,$0,$0,$47343,$331,$7028,$3141,$0,$10500,$57842,$43925,$7664,$0,$7664,$51589,$60,$4554,$-36,$6253,$57842,$176,$47,$16,$62,$152,$-21,$0,$43,$174,$412,$-9,$-14,$0,$-300,$-51,$-351,$-710,$-1083,$772,$955,$1727,$-208,$-208,$-66,$-939,$514,$-157,$0,$-66
47,2006-12-31,86.9,$56.99,1.52,$38.24,2.27,$15.06,5.77,$7.37,11.79,$46.32B,$43.89B,1.06,$6.89B,$6.28B,1.1,$4.36B,$2.86B,65.67%,$4.36B,$1.23B,28.23%,$4.36B,0,0.00%,$4.36B,0,0.00%,$4.36B,$1.23B,28.23%,$4.36B,$0.84B,19.24%,$0.84B,$6.28B,13.78%,$0.84B,$3.12B,28.46%,$0.84B,$57.07B,1.49%,$1.23B,$13.17B,10.09%,$1127,$404,$723,$0,$393,$816,$311,$0,$311,$98,$213,$213,$213,$0,$0,$111,114,$1.93,$1.88,$1868,$0,$0,$46319,$335,$7252,$3159,$0,$10746,$57065,$43893,$6891,$0,$6891,$50784,$60,$4443,$-54,$6281,$57065,$839,$176,$7,$182,$-584,$43,$0,$59,$-482,$540,$-42,$-50,$484,$-100,$1162,$1062,$-1820,$-367,$705,$-2059,$-1354,$-374,$-374,$-250,$1939,$-39,$135,$0,$-250
