,Date,Stock Price,Book Value per Share,Price to Book Ratio,TTM Sales per Share,Price to Sales Ratio,TTM FCF per Share,Price to FCF Ratio,TTM Net EPS,PE Ratio,Current Assets,Current Liabilities,Current Ratio,Long Term Debt,Shareholder's Equity_x,Debt to Equity Ratio,TTM Revenue_x,TTM Gross Profit,Gross Margin,TTM Revenue_y,TTM Operating Income,Operating Margin,TTM Revenue_x,TTM EBIT,EBIT Margin,TTM Revenue_y,TTM EBITDA,EBITDA Margin,TTM Revenue_x,TTM Pre-Tax Income,Pre-Tax Margin,TTM Revenue_y,TTM Net Income_x,Net Margin,TTM Net Income_y,Shareholder's Equity_y,Return on Equity,TTM Net Income_x,Tangible Equity,Return on Tangible Equity,TTM Net Income_y,Total Assets,Return on Assets,TTM Net Income,LT Investments & Debt,Return on Investment,revenue,cost-goods-sold,gross-profit,research-development-expenses,selling-general-administrative-expenses,operating-expenses,operating-income,total-non-operating-income-expense,pre-tax-income,total-provision-income-taxes,income-after-taxes,income-from-continuous-operations,net-income,ebitda,ebit,basic-shares-outstanding,shares-outstanding,eps-basic-net-earnings-per-share,eps-earnings-per-share-diluted,cash-on-hand,inventory,other-current-assets,total-current-assets,net-property-plant-equipment,long-term-investments,goodwill-intangible-assets-total,other-long-term-assets,total-long-term-assets,total-assets,total-current-liabilities,long-term-debt,other-non-current-liabilities,total-long-term-liabilities,total-liabilities,common-stock-net,retained-earnings-accumulated-deficit,comprehensive-income,total-share-holder-equity,total-liabilities-share-holders-equity,net-income-loss,total-depreciation-amortization-cash-flow,other-non-cash-items,total-non-cash-items,change-in-accounts-receivable,change-in-inventories,change-in-accounts-payable,change-in-assets-liabilities,total-change-in-assets-liabilities,cash-flow-from-operating-activities,net-change-in-property-plant-equipment,net-change-in-intangible-assets,net-acquisitions-divestitures,net-change-in-short-term-investments,net-change-in-long-term-investments,net-change-in-investments-total,investing-activities-other,cash-flow-from-investing-activities,net-long-term-debt,net-current-debt,debt-issuance-retirement-net-total,net-common-equity-issued-repurchased,net-total-equity-issued-repurchased,total-common-preferred-stock-dividends-paid,financial-activities-other,cash-flow-from-financial-activities,net-cash-flow,stock-based-compensation,common-stock-dividends-paid
0,2018-09-30,608.98,$21.23,28.69,$111.32,5.47,$34.14,17.84,$15.75,38.67,$0.97B,$0.70B,1.39,$0.99B,$0.53B,1.86,$2.90B,$1.66B,57.32%,$2.90B,$0.66B,22.93%,$2.90B,$0.66B,22.93%,$2.90B,$0.75B,25.86%,$2.90B,$0.62B,21.24%,$2.90B,$0.41B,14.09%,$0.41B,$0.53B,75.14%,$0.41B,$-0.23B,-185.67%,$0.41B,$2.56B,16.03%,$0.66B,$1.52B,43.40%,$735,$316,$419,$35,$202,$565,$170,$-10,$160,$34,$127,$0,$127,$191,$170,$25,26,$5.04,$4.93,$137,$277,$62,$971,$698,$0,$759,$93,$1586,$2558,$697,$989,$289,$1329,$2026,$0,$3764,$-284,$532,$2558,$331,$63,$-2,$61,$26,$-26,$-8,$1,$-26,$366,$-89,$0,$-5,$0,$0,$0,$-1,$-95,$69,$0,$69,$-341,$-341,$0,$-2,$-275,$-11,$13,$0
1,2018-06-30,578.63,$21.12,27.4,$109.28,5.3,$33.81,17.11,$14.81,39.07,$1.00B,$0.69B,1.46,$1.02B,$0.53B,1.92,$2.86B,$1.64B,57.41%,$2.86B,$0.65B,22.55%,$2.86B,$0.65B,22.55%,$2.86B,$0.73B,25.45%,$2.86B,$0.60B,20.80%,$2.86B,$0.39B,13.50%,$0.39B,$0.53B,71.71%,$0.39B,$-0.22B,-170.23%,$0.39B,$2.56B,15.26%,$0.65B,$1.55B,41.86%,$722,$309,$413,$35,$208,$565,$157,$-14,$144,$32,$111,$111,$111,$179,$157,$25,26,$4.41,$4.31,$183,$270,$64,$1003,$679,$0,$756,$83,$1555,$2558,$689,$1020,$270,$1337,$2026,$0,$3638,$-266,$532,$2558,$205,$42,$-3,$39,$35,$-20,$5,$1,$-27,$217,$-57,$0,$-1,$0,$0,$0,$7,$-51,$101,$0,$101,$-228,$-228,$0,$-2,$-129,$35,$8,$0
2,2018-03-31,575.03,$22.08,26.04,$106.09,5.42,$33.96,16.93,$14.34,40.1,$0.93B,$0.64B,1.46,$0.98B,$0.56B,1.75,$2.79B,$1.61B,57.49%,$2.79B,$0.63B,22.39%,$2.79B,$0.63B,22.39%,$2.79B,$0.70B,25.21%,$2.79B,$0.58B,20.70%,$2.79B,$0.38B,13.50%,$0.38B,$0.56B,72.40%,$0.38B,$-0.21B,-173.53%,$0.38B,$2.51B,15.38%,$0.63B,$1.54B,41.53%,$661,$286,$375,$35,$201,$533,$128,$-10,$117,$24,$93,$93,$93,$149,$128,$25,26,$3.66,$3.58,$99,$278,$66,$927,$697,$0,$770,$76,$1585,$2512,$637,$979,$289,$1314,$1951,$0,$3526,$-237,$561,$2512,$93,$21,$-3,$18,$54,$-16,$-3,$2,$-34,$77,$-25,$0,$-1,$0,$0,$0,$3,$-22,$5,$0,$5,$-113,$-113,$0,$0,$-108,$-50,$4,$0
3,2017-12-31,619.52,$21.43,28.91,$103.13,6.01,$34.12,18.16,$14.24,43.51,$1.01B,$0.69B,1.46,$0.96B,$0.55B,1.75,$2.73B,$1.57B,57.70%,$2.73B,$0.61B,22.49%,$2.73B,$0.61B,22.49%,$2.73B,$0.69B,25.28%,$2.73B,$0.58B,21.09%,$2.73B,$0.38B,13.79%,$0.38B,$0.55B,76.66%,$0.38B,$-0.22B,-174.07%,$0.38B,$2.55B,15.83%,$0.61B,$1.51B,41.81%,$778,$325,$453,$33,$199,$569,$209,$-15,$194,$117,$77,$182,$77,$230,$209,$26,26,$3.01,$2.93,$149,$255,$74,$1007,$668,$0,$767,$67,$1543,$2550,$690,$960,$301,$1313,$2003,$0,$3433,$-265,$547,$2550,$376,$76,$83,$159,$-39,$-14,$12,$-6,$-18,$516,$-115,$0,$-108,$0,$0,$0,$7,$-217,$59,$0,$59,$-371,$-371,$0,$-7,$-320,$-10,$17,$0
4,2017-09-30,626.16,$20.05,31.22,$99.91,6.27,$31.41,19.93,$16.48,38.0,$0.99B,$0.65B,1.51,$1.05B,$0.51B,2.05,$2.66B,$1.54B,57.90%,$2.66B,$0.59B,22.35%,$2.66B,$0.59B,22.35%,$2.66B,$0.67B,25.09%,$2.66B,$0.56B,21.14%,$2.66B,$0.44B,16.44%,$0.44B,$0.51B,94.49%,$0.44B,$-0.26B,-204.92%,$0.44B,$2.50B,19.18%,$0.59B,$1.56B,41.92%,$699,$298,$401,$32,$207,$548,$151,$-11,$140,$35,$105,$0,$105,$170,$151,$26,26,$4.10,$3.99,$169,$264,$71,$987,$642,$0,$768,$57,$1511,$2497,$652,$1051,$250,$1332,$1984,$0,$3360,$-278,$513,$2497,$299,$55,$1,$56,$2,$-24,$-6,$-3,$-4,$351,$-75,$0,$-108,$0,$0,$0,$4,$-180,$152,$0,$152,$-312,$-312,$0,$-7,$-167,$10,$12,$0
5,2017-06-30,588.54,$18.00,32.7,$97.54,6.03,$30.46,19.32,$16.26,36.2,$0.91B,$0.59B,1.55,$0.95B,$0.46B,2.05,$2.61B,$1.51B,57.74%,$2.61B,$0.59B,22.45%,$2.61B,$0.59B,22.45%,$2.61B,$0.66B,25.17%,$2.61B,$0.56B,21.26%,$2.61B,$0.43B,16.59%,$0.43B,$0.46B,94.23%,$0.43B,$-0.19B,-231.24%,$0.43B,$2.25B,19.59%,$0.59B,$1.41B,43.16%,$654,$278,$376,$33,$196,$516,$137,$-10,$127,$25,$102,$102,$102,$155,$137,$26,26,$3.94,$3.84,$146,$254,$66,$914,$601,$0,$648,$46,$1334,$2248,$589,$948,$212,$1197,$1786,$0,$3257,$-298,$462,$2248,$194,$36,$1,$37,$24,$-21,$-7,$-0,$-26,$205,$-38,$0,$-1,$0,$0,$0,$-1,$-40,$58,$0,$58,$-233,$-233,$0,$-7,$-182,$-12,$8,$0
6,2017-03-31,478.91,$17.03,28.11,$95.23,5.03,$29.07,16.47,$15.35,31.2,$0.91B,$0.56B,1.63,$0.94B,$0.44B,2.15,$2.56B,$1.48B,57.68%,$2.56B,$0.57B,22.19%,$2.56B,$0.57B,22.19%,$2.56B,$0.64B,24.92%,$2.56B,$0.53B,20.71%,$2.56B,$0.41B,16.03%,$0.41B,$0.44B,88.01%,$0.41B,$-0.20B,-261.37%,$0.41B,$2.20B,19.00%,$0.57B,$1.38B,43.72%,$595,$251,$343,$31,$186,$478,$116,$-3,$114,$21,$92,$92,$92,$134,$116,$26,27,$3.57,$3.48,$165,$242,$66,$913,$572,$0,$644,$37,$1291,$2204,$561,$944,$202,$1203,$1764,$0,$3157,$-331,$440,$2204,$92,$18,$-1,$17,$23,$-16,$-11,$-2,$-42,$68,$-11,$0,$0,$0,$0,$0,$0,$-11,$63,$0,$63,$-117,$-117,$0,$0,$-54,$6,$4,$0
7,2016-12-31,418.56,$16.72,25.04,$92.55,4.52,$27.94,14.98,$14.27,29.33,$0.90B,$0.59B,1.53,$0.88B,$0.44B,2.01,$2.51B,$1.44B,57.23%,$2.51B,$0.55B,21.80%,$2.51B,$0.55B,21.80%,$2.51B,$0.62B,24.51%,$2.51B,$0.50B,20.05%,$2.51B,$0.39B,15.34%,$0.39B,$0.44B,78.13%,$0.39B,$-0.21B,-345.29%,$0.39B,$2.17B,18.15%,$0.55B,$1.31B,43.35%,$710,$291,$419,$30,$188,$519,$190,$-9,$181,$44,$138,$138,$138,$208,$190,$27,27,$5.22,$5.12,$159,$222,$61,$897,$564,$0,$643,$29,$1270,$2167,$588,$875,$205,$1144,$1732,$0,$3066,$-355,$435,$2167,$384,$69,$26,$94,$-52,$-12,$10,$0,$-18,$461,$-124,$0,$-111,$0,$0,$0,$3,$-231,$312,$0,$312,$-475,$-475,$0,$-1,$-164,$60,$15,$0
8,2016-09-30,419.83,$19.08,22.01,$90.11,4.66,$28.13,14.92,$13.54,31.01,$0.95B,$0.62B,1.52,$0.83B,$0.50B,1.65,$2.47B,$1.41B,56.93%,$2.47B,$0.53B,21.47%,$2.47B,$0.53B,21.47%,$2.47B,$0.60B,24.14%,$2.47B,$0.48B,19.53%,$2.47B,$0.37B,14.96%,$0.37B,$0.50B,69.94%,$0.37B,$-0.15B,-675.80%,$0.37B,$2.22B,17.88%,$0.53B,$1.33B,43.41%,$651,$281,$369,$30,$188,$508,$143,$-9,$133,$32,$101,$101,$101,$160,$143,$26,27,$3.84,$3.77,$146,$240,$74,$946,$527,$0,$651,$73,$1275,$2221,$621,$826,$208,$1100,$1720,$0,$2934,$-266,$501,$2221,$247,$51,$8,$59,$5,$-20,$-12,$-4,$2,$307,$-51,$0,$-110,$0,$0,$0,$2,$-159,$254,$0,$254,$-355,$-355,$0,$-1,$-101,$47,$11,$0
9,2016-06-30,364.92,$18.57,19.65,$87.41,4.17,$26.90,13.57,$12.93,28.22,$0.90B,$0.59B,1.52,$0.69B,$0.49B,1.41,$2.43B,$1.38B,56.84%,$2.43B,$0.52B,21.23%,$2.43B,$0.52B,21.23%,$2.43B,$0.58B,23.91%,$2.43B,$0.47B,19.25%,$2.43B,$0.36B,14.76%,$0.36B,$0.49B,65.06%,$0.36B,$-0.07B,-3254.55%,$0.36B,$2.06B,17.66%,$0.52B,$1.19B,43.33%,$608,$261,$348,$31,$188,$488,$120,$-17,$103,$24,$80,$80,$80,$137,$120,$27,27,$2.99,$2.93,$115,$234,$73,$900,$514,$0,$558,$66,$1161,$2062,$591,$693,$207,$979,$1570,$0,$2835,$-283,$492,$2062,$145,$33,$6,$40,$5,$-20,$-9,$-4,$-23,$162,$-29,$0,$-4,$0,$0,$0,$1,$-32,$123,$0,$123,$-236,$-236,$0,$-1,$-114,$16,$7,$0
10,2016-03-31,344.76,$20.30,16.98,$85.45,4.03,$26.47,13.03,$12.73,27.08,$0.87B,$0.55B,1.59,$0.68B,$0.54B,1.26,$2.40B,$1.35B,56.42%,$2.40B,$0.51B,21.08%,$2.40B,$0.51B,21.08%,$2.40B,$0.57B,23.75%,$2.40B,$0.47B,19.42%,$2.40B,$0.36B,14.83%,$0.36B,$0.54B,60.26%,$0.36B,$-0.02B,1148.39%,$0.36B,$2.04B,17.48%,$0.51B,$1.23B,41.92%,$540,$240,$300,$29,$169,$446,$94,$-7,$86,$21,$66,$66,$66,$110,$94,$27,27,$2.44,$2.40,$111,$227,$71,$867,$521,$0,$564,$60,$1169,$2035,$545,$682,$201,$947,$1492,$0,$2756,$-260,$543,$2035,$66,$17,$0,$17,$29,$-10,$-22,$-1,$-41,$42,$-14,$0,$-4,$0,$0,$0,$2,$-16,$105,$0,$105,$-119,$-119,$0,$-0,$-14,$12,$4,$0
11,2015-12-31,339.13,$21.43,15.83,$84.39,4.02,$26.86,12.62,$12.52,27.09,$0.80B,$0.56B,1.43,$0.58B,$0.58B,0.99,$2.40B,$1.35B,56.47%,$2.40B,$0.50B,20.95%,$2.40B,$0.50B,20.95%,$2.40B,$0.57B,23.62%,$2.40B,$0.46B,19.32%,$2.40B,$0.35B,14.73%,$0.35B,$0.58B,56.80%,$0.35B,$0.02B,536.88%,$0.35B,$1.96B,17.46%,$0.50B,$1.16B,42.92%,$674,$283,$391,$31,$177,$499,$174,$-13,$161,$38,$123,$123,$123,$190,$174,$28,28,$4.49,$4.40,$99,$214,$71,$795,$517,$0,$562,$52,$1164,$1959,$558,$575,$195,$821,$1379,$0,$2692,$-267,$580,$1959,$353,$64,$22,$86,$2,$-19,$2,$-5,$1,$440,$-82,$0,$-14,$0,$0,$0,$-5,$-101,$147,$0,$147,$-465,$-465,$0,$-2,$-320,$14,$14,$0
12,2015-09-30,284.74,$21.43,13.28,$84.15,3.38,$25.36,11.23,$12.25,23.24,$0.87B,$0.59B,1.46,$0.60B,$0.59B,1.03,$2.42B,$1.36B,56.06%,$2.42B,$0.50B,20.55%,$2.42B,$0.50B,20.55%,$2.42B,$0.56B,23.15%,$2.42B,$0.46B,19.06%,$2.42B,$0.35B,14.51%,$0.35B,$0.59B,53.47%,$0.35B,$0.02B,344.96%,$0.35B,$2.05B,17.26%,$0.50B,$1.19B,43.43%,$604,$265,$340,$30,$176,$478,$127,$-10,$117,$28,$89,$89,$89,$143,$127,$28,28,$3.23,$3.16,$123,$226,$66,$868,$514,$0,$563,$82,$1185,$2054,$593,$602,$208,$874,$1467,$0,$2576,$-238,$586,$2054,$229,$48,$6,$54,$26,$-27,$-5,$0,$7,$290,$-56,$0,$-11,$0,$0,$0,$-6,$-73,$175,$0,$175,$-349,$-349,$0,$0,$-174,$38,$10,$0
13,2015-06-30,341.46,$23.62,14.46,$84.05,4.06,$24.45,13.97,$11.98,28.5,$0.91B,$0.58B,1.58,$0.61B,$0.65B,0.93,$2.44B,$1.36B,55.65%,$2.44B,$0.49B,20.05%,$2.44B,$0.49B,20.05%,$2.44B,$0.55B,22.59%,$2.44B,$0.46B,18.66%,$2.44B,$0.35B,14.20%,$0.35B,$0.65B,48.04%,$0.35B,$0.10B,206.86%,$0.35B,$2.10B,16.95%,$0.49B,$1.26B,42.58%,$582,$259,$323,$30,$175,$471,$111,$-9,$102,$24,$78,$78,$78,$127,$111,$28,28,$2.79,$2.73,$149,$223,$75,$913,$522,$0,$552,$83,$1184,$2097,$580,$605,$203,$863,$1443,$0,$2489,$-197,$654,$2097,$141,$32,$3,$35,$22,$-19,$-8,$-1,$-12,$164,$-36,$0,$-0,$0,$0,$0,$-13,$-49,$180,$0,$180,$-230,$-230,$0,$0,$-50,$64,$7,$0
14,2015-03-31,328.65,$23.82,13.8,$84.07,3.91,$23.79,13.82,$11.74,27.99,$0.82B,$0.64B,1.28,$0.41B,$0.67B,0.61,$2.47B,$1.37B,55.24%,$2.47B,$0.49B,19.63%,$2.47B,$0.49B,19.63%,$2.47B,$0.55B,22.10%,$2.47B,$0.45B,18.25%,$2.47B,$0.34B,13.88%,$0.34B,$0.67B,43.65%,$0.34B,$0.12B,151.60%,$0.34B,$1.98B,16.66%,$0.49B,$1.08B,42.20%,$536,$237,$299,$28,$173,$446,$90,$-7,$83,$20,$63,$63,$63,$106,$90,$28,29,$2.24,$2.19,$75,$219,$76,$815,$511,$0,$548,$75,$1161,$1976,$638,$409,$202,$672,$1310,$0,$2416,$-219,$666,$1976,$63,$16,$1,$17,$38,$-18,$-14,$0,$-22,$59,$-18,$0,$-0,$0,$0,$0,$-8,$-27,$74,$0,$74,$-114,$-114,$0,$0,$-40,$-10,$3,$0
15,2014-12-31,302.46,$25.48,11.87,$83.74,3.61,$23.27,13.0,$11.48,26.35,$0.85B,$0.68B,1.25,$0.34B,$0.72B,0.47,$2.49B,$1.36B,54.67%,$2.49B,$0.48B,19.27%,$2.49B,$0.48B,19.27%,$2.49B,$0.54B,21.68%,$2.49B,$0.44B,17.86%,$2.49B,$0.34B,13.60%,$0.34B,$0.72B,39.75%,$0.34B,$0.16B,118.49%,$0.34B,$2.01B,16.11%,$0.48B,$1.06B,39.14%,$697,$303,$394,$31,$187,$529,$169,$-9,$159,$38,$121,$121,$121,$184,$169,$29,30,$4.22,$4.13,$85,$205,$62,$849,$511,$0,$557,$61,$1160,$2009,$679,$336,$218,$611,$1290,$0,$2357,$-213,$720,$2009,$338,$63,$26,$88,$7,$-9,$6,$4,$-8,$419,$-89,$0,$-6,$0,$0,$0,$0,$-94,$43,$0,$43,$-393,$-393,$0,$2,$-348,$-27,$14,$0
16,2014-09-30,256.13,$29.74,8.61,$82.42,3.11,$20.68,12.38,$10.94,23.41,$0.87B,$0.65B,1.34,$0.37B,$0.85B,0.43,$2.47B,$1.34B,54.19%,$2.47B,$0.47B,18.92%,$2.47B,$0.47B,18.92%,$2.47B,$0.53B,21.39%,$2.47B,$0.43B,17.39%,$2.47B,$0.33B,13.22%,$0.33B,$0.85B,36.17%,$0.33B,$0.29B,97.39%,$0.33B,$2.11B,15.32%,$0.47B,$1.21B,36.20%,$629,$286,$344,$30,$186,$510,$120,$-8,$112,$27,$85,$85,$85,$135,$120,$29,29,$2.96,$2.89,$126,$220,$57,$873,$512,$0,$561,$140,$1235,$2107,$651,$365,$178,$608,$1259,$0,$2243,$-76,$849,$2107,$217,$47,$-7,$40,$43,$-18,$-13,$10,$21,$278,$-61,$0,$-3,$0,$0,$0,$0,$-64,$74,$0,$74,$-282,$-282,$0,$10,$-198,$14,$10,$0
17,2014-06-30,253.18,$31.42,8.06,$80.38,3.15,$19.20,13.18,$10.48,24.16,$0.89B,$0.64B,1.38,$0.35B,$0.91B,0.38,$2.44B,$1.32B,53.98%,$2.44B,$0.46B,18.76%,$2.44B,$0.46B,18.76%,$2.44B,$0.52B,21.31%,$2.44B,$0.42B,17.08%,$2.44B,$0.32B,12.97%,$0.32B,$0.91B,34.97%,$0.32B,$0.34B,94.54%,$0.32B,$2.14B,14.74%,$0.46B,$1.25B,35.22%,$609,$281,$328,$32,$183,$503,$106,$-8,$97,$23,$74,$74,$74,$121,$106,$29,30,$2.55,$2.49,$111,$224,$64,$886,$522,$0,$572,$141,$1257,$2143,$640,$345,$188,$595,$1236,$0,$2162,$-36,$908,$2143,$132,$31,$-6,$25,$40,$-14,$-5,$2,$-6,$151,$-37,$0,$-3,$0,$0,$0,$-0,$-40,$53,$0,$53,$-175,$-175,$0,$10,$-112,$-1,$7,$0
18,2014-03-31,235.68,$31.61,7.46,$78.67,3.0,$17.89,13.17,$10.23,23.04,$0.89B,$0.51B,1.75,$0.45B,$0.92B,0.49,$2.41B,$1.30B,53.87%,$2.41B,$0.45B,18.79%,$2.41B,$0.45B,18.79%,$2.41B,$0.51B,21.32%,$2.41B,$0.41B,17.04%,$2.41B,$0.31B,12.93%,$0.31B,$0.92B,35.36%,$0.31B,$0.35B,99.52%,$0.31B,$2.14B,14.52%,$0.45B,$1.37B,34.82%,$551,$258,$293,$29,$172,$467,$84,$-7,$76,$18,$58,$58,$58,$99,$84,$29,30,$1.98,$1.93,$116,$224,$66,$890,$518,$0,$570,$135,$1245,$2135,$509,$450,$190,$702,$1212,$0,$2092,$-33,$924,$2135,$58,$16,$-2,$14,$42,$-14,$-27,$1,$-29,$43,$-17,$0,$-0,$0,$0,$0,$-0,$-17,$53,$0,$53,$-79,$-79,$0,$4,$-22,$4,$3,$0
19,2013-12-31,242.59,$31.71,7.65,$77.23,3.14,$17.17,14.13,$9.99,24.28,$0.91B,$0.56B,1.62,$0.40B,$0.94B,0.42,$2.38B,$1.28B,53.89%,$2.38B,$0.45B,18.83%,$2.38B,$0.45B,18.83%,$2.38B,$0.51B,21.35%,$2.38B,$0.40B,16.94%,$2.38B,$0.31B,12.86%,$0.31B,$0.94B,36.06%,$0.31B,$0.37B,107.84%,$0.31B,$2.15B,14.40%,$0.45B,$1.33B,35.55%,$684,$309,$375,$31,$180,$526,$158,$-13,$145,$35,$110,$110,$110,$174,$158,$30,31,$3.71,$3.60,$112,$210,$67,$914,$514,$0,$570,$130,$1239,$2153,$564,$396,$193,$654,$1218,$0,$2037,$-35,$935,$2153,$306,$59,$20,$79,$-29,$-8,$0,$2,$-40,$346,$-82,$0,$-3,$0,$0,$0,$-1,$-86,$25,$0,$25,$-275,$-275,$0,$0,$-250,$10,$13,$0
20,2013-09-30,240.09,$28.55,8.41,$75.62,3.17,$15.89,15.11,$9.71,24.73,$0.85B,$0.54B,1.58,$0.39B,$0.85B,0.45,$2.35B,$1.26B,53.74%,$2.35B,$0.44B,18.62%,$2.35B,$0.44B,18.62%,$2.35B,$0.50B,21.13%,$2.35B,$0.39B,16.75%,$2.35B,$0.30B,12.80%,$0.30B,$0.85B,36.64%,$0.30B,$0.28B,117.23%,$0.30B,$2.14B,14.38%,$0.44B,$1.23B,35.87%,$592,$273,$319,$29,$173,$482,$109,$-12,$98,$23,$74,$74,$74,$125,$109,$30,31,$2.49,$2.43,$92,$219,$74,$849,$497,$0,$566,$106,$1295,$2144,$539,$385,$233,$757,$1296,$0,$1935,$-81,$848,$2144,$196,$44,$1,$45,$34,$-19,$-24,$-3,$-3,$237,$-57,$0,$-0,$0,$0,$0,$0,$-57,$13,$0,$13,$-201,$-201,$0,$-1,$-190,$-9,$9,$0
21,2013-06-30,201.2,$27.09,7.43,$74.58,2.7,$14.80,13.6,$9.56,21.05,$0.88B,$0.51B,1.72,$0.44B,$0.81B,0.55,$2.34B,$1.25B,53.57%,$2.34B,$0.43B,18.51%,$2.34B,$0.43B,18.51%,$2.34B,$0.49B,20.91%,$2.34B,$0.39B,16.76%,$2.34B,$0.30B,12.78%,$0.30B,$0.81B,36.96%,$0.30B,$0.25B,122.79%,$0.30B,$2.13B,14.43%,$0.43B,$1.26B,35.87%,$579,$270,$309,$29,$173,$478,$101,$-10,$91,$22,$69,$69,$69,$115,$101,$30,31,$2.29,$2.24,$120,$203,$75,$875,$474,$0,$562,$97,$1258,$2133,$509,$444,$231,$813,$1322,$0,$1864,$-109,$811,$2133,$122,$28,$0,$28,$13,$-8,$-20,$-6,$-35,$115,$-37,$0,$-0,$0,$0,$0,$0,$-37,$75,$0,$75,$-132,$-132,$0,$-1,$-58,$19,$6,$0
22,2013-03-31,213.22,$26.51,8.04,$73.62,2.9,$14.42,14.78,$9.25,23.05,$0.83B,$0.48B,1.73,$0.42B,$0.80B,0.53,$2.33B,$1.24B,53.35%,$2.33B,$0.43B,18.37%,$2.33B,$0.43B,18.37%,$2.33B,$0.48B,20.73%,$2.33B,$0.38B,16.44%,$2.33B,$0.29B,12.53%,$0.29B,$0.80B,36.50%,$0.29B,$0.24B,124.92%,$0.29B,$2.07B,14.23%,$0.43B,$1.22B,35.82%,$524,$245,$279,$28,$166,$444,$80,$-11,$69,$17,$53,$53,$53,$94,$80,$30,31,$1.73,$1.69,$93,$200,$67,$829,$466,$0,$561,$89,$1242,$2071,$478,$422,$232,$792,$1270,$0,$1798,$-115,$800,$2071,$53,$14,$-1,$13,$21,$-5,$-25,$1,$-42,$24,$-19,$0,$0,$0,$0,$0,$0,$-19,$53,$0,$53,$-65,$-65,$0,$-0,$-13,$-8,$3,$0
23,2012-12-31,193.3,$27.20,7.11,$73.29,2.64,$14.34,13.48,$9.18,21.06,$0.86B,$0.56B,1.54,$0.35B,$0.83B,0.42,$2.34B,$1.24B,53.01%,$2.34B,$0.42B,18.11%,$2.34B,$0.42B,18.11%,$2.34B,$0.48B,20.42%,$2.34B,$0.38B,16.36%,$2.34B,$0.29B,12.43%,$0.29B,$0.83B,36.30%,$0.29B,$0.26B,125.03%,$0.29B,$2.02B,14.11%,$0.42B,$1.17B,35.26%,$657,$301,$357,$28,$175,$509,$148,$-12,$136,$31,$105,$105,$105,$163,$148,$31,32,$3.40,$3.31,$102,$199,$69,$864,$469,$0,$570,$86,$1158,$2022,$562,$347,$241,$633,$1195,$0,$1749,$-97,$827,$2022,$291,$55,$11,$65,$-9,$47,$-28,$4,$-29,$328,$-95,$0,$-2,$0,$0,$0,$0,$-97,$-118,$0,$-118,$-257,$-257,$0,$8,$-366,$-134,$13,$0
24,2012-09-30,170.74,$26.05,6.55,$72.38,2.36,$12.67,13.48,$8.74,19.54,$0.84B,$0.56B,1.51,$0.38B,$0.80B,0.48,$2.33B,$1.23B,52.74%,$2.33B,$0.40B,17.28%,$2.33B,$0.40B,17.28%,$2.33B,$0.46B,19.51%,$2.33B,$0.37B,15.65%,$2.33B,$0.28B,12.01%,$0.28B,$0.80B,35.43%,$0.28B,$0.23B,126.41%,$0.28B,$2.06B,13.28%,$0.40B,$1.18B,32.94%,$579,$270,$308,$28,$171,$475,$104,$-8,$96,$23,$72,$72,$72,$117,$104,$31,32,$2.34,$2.28,$105,$215,$59,$838,$445,$0,$569,$94,$1223,$2061,$555,$379,$207,$708,$1263,$0,$1654,$-74,$798,$2061,$186,$40,$3,$43,$20,$28,$-39,$7,$-14,$216,$-64,$0,$-2,$0,$0,$0,$0,$-66,$-90,$0,$-90,$-192,$-192,$0,$-0,$-282,$-130,$9,$0
25,2012-06-30,155.85,$24.98,6.24,$72.48,2.15,$11.39,13.68,$8.55,18.23,$0.86B,$0.52B,1.65,$0.43B,$0.78B,0.56,$2.35B,$1.24B,52.51%,$2.35B,$0.39B,16.69%,$2.35B,$0.39B,16.69%,$2.35B,$0.45B,18.90%,$2.35B,$0.36B,15.12%,$2.35B,$0.28B,11.72%,$0.28B,$0.78B,34.70%,$0.28B,$0.21B,122.67%,$0.28B,$2.06B,12.74%,$0.39B,$1.21B,30.90%,$570,$271,$299,$28,$170,$475,$96,$-14,$82,$20,$62,$62,$62,$109,$96,$31,32,$1.97,$1.93,$135,$217,$60,$861,$428,$0,$565,$88,$1195,$2056,$523,$432,$205,$758,$1281,$0,$1584,$-91,$775,$2056,$114,$27,$2,$29,$24,$22,$-38,$2,$-31,$112,$-43,$0,$-2,$0,$0,$0,$0,$-45,$-46,$0,$-46,$-123,$-123,$0,$-0,$-169,$-101,$6,$0
26,2012-03-31,184.75,$25.66,7.2,$71.67,2.58,$10.92,16.92,$8.44,21.89,$0.91B,$0.53B,1.72,$0.45B,$0.81B,0.55,$2.35B,$1.23B,52.58%,$2.35B,$0.39B,16.50%,$2.35B,$0.39B,16.50%,$2.35B,$0.44B,18.68%,$2.35B,$0.36B,15.14%,$2.35B,$0.27B,11.68%,$0.27B,$0.81B,33.78%,$0.27B,$0.24B,113.34%,$0.27B,$2.11B,12.24%,$0.39B,$1.25B,28.99%,$535,$258,$277,$29,$168,$460,$76,$-6,$69,$17,$52,$52,$52,$89,$76,$32,32,$1.66,$1.62,$156,$238,$70,$906,$426,$0,$572,$94,$1208,$2113,$525,$445,$213,$781,$1306,$0,$1523,$-66,$807,$2113,$52,$13,$2,$15,$41,$8,$-38,$-2,$-46,$21,$-18,$0,$0,$0,$0,$0,$0,$-18,$-33,$0,$-33,$-51,$-51,$0,$0,$-84,$-79,$3,$0
27,2011-12-31,147.71,$24.73,5.97,$70.12,2.11,$10.51,14.05,$8.23,17.95,$1.02B,$0.61B,1.67,$0.48B,$0.78B,0.61,$2.31B,$1.22B,52.75%,$2.31B,$0.38B,16.50%,$2.31B,$0.38B,16.50%,$2.31B,$0.43B,18.62%,$2.31B,$0.35B,15.11%,$2.31B,$0.27B,11.65%,$0.27B,$0.78B,33.34%,$0.27B,$0.21B,111.62%,$0.27B,$2.20B,11.78%,$0.38B,$1.26B,27.43%,$648,$302,$346,$30,$184,$522,$127,$-9,$118,$23,$94,$94,$94,$140,$127,$32,33,$2.97,$2.89,$236,$241,$66,$1019,$410,$0,$569,$87,$1185,$2203,$610,$477,$210,$812,$1422,$0,$1477,$-87,$781,$2203,$269,$49,$2,$51,$-54,$-20,$28,$-0,$-40,$281,$-96,$0,$-35,$0,$0,$0,$-1,$-132,$-178,$0,$-178,$-184,$-184,$0,$1,$-360,$-212,$12,$0
28,2011-09-30,139.96,$25.94,5.39,$67.74,2.07,$10.59,13.22,$7.73,18.11,$1.05B,$0.62B,1.71,$0.55B,$0.82B,0.67,$2.25B,$1.19B,52.75%,$2.25B,$0.38B,16.64%,$2.25B,$0.38B,16.64%,$2.25B,$0.42B,18.77%,$2.25B,$0.34B,15.13%,$2.25B,$0.26B,11.36%,$0.26B,$0.82B,31.82%,$0.26B,$0.24B,103.96%,$0.26B,$2.30B,11.11%,$0.38B,$1.37B,26.14%,$601,$287,$314,$30,$186,$507,$94,$-7,$87,$19,$68,$68,$68,$107,$94,$32,33,$2.15,$2.09,$262,$265,$75,$1053,$408,$0,$576,$159,$1242,$2295,$617,$551,$178,$859,$1476,$0,$1392,$25,$819,$2295,$175,$36,$-8,$28,$-18,$-38,$24,$-8,$-26,$178,$-62,$0,$-35,$0,$0,$0,$-1,$-98,$-105,$0,$-105,$-160,$-160,$0,$-2,$-266,$-185,$9,$0
29,2011-06-30,168.67,$26.30,6.41,$63.75,2.65,$11.95,14.11,$7.46,22.61,$1.10B,$0.57B,1.94,$0.62B,$0.84B,0.74,$2.14B,$1.13B,52.78%,$2.14B,$0.36B,16.94%,$2.14B,$0.36B,16.94%,$2.14B,$0.41B,19.13%,$2.14B,$0.33B,15.45%,$2.14B,$0.25B,11.67%,$0.25B,$0.84B,31.70%,$0.25B,$0.28B,106.04%,$0.25B,$2.34B,11.32%,$0.36B,$1.46B,27.04%,$561,$265,$296,$30,$172,$471,$90,$-9,$81,$21,$60,$60,$60,$102,$90,$32,33,$1.88,$1.82,$329,$268,$67,$1098,$417,$0,$561,$165,$1243,$2341,$566,$621,$186,$937,$1503,$0,$1325,$64,$838,$2341,$107,$23,$-8,$15,$4,$-34,$7,$1,$-28,$94,$-38,$0,$-15,$0,$0,$0,$-1,$-55,$-58,$0,$-58,$-108,$-108,$0,$5,$-160,$-119,$6,$0
30,2011-03-31,172.0,$24.55,7.01,$60.37,2.85,$13.17,13.06,$7.13,24.12,$1.12B,$0.52B,2.13,$0.68B,$0.79B,0.86,$2.05B,$1.08B,52.75%,$2.05B,$0.35B,17.02%,$2.05B,$0.35B,17.02%,$2.05B,$0.40B,19.26%,$2.05B,$0.32B,15.55%,$2.05B,$0.24B,11.75%,$0.24B,$0.79B,31.77%,$0.24B,$0.23B,115.17%,$0.24B,$2.30B,11.70%,$0.35B,$1.47B,28.90%,$499,$237,$262,$26,$161,$429,$70,$-7,$63,$16,$47,$47,$47,$81,$70,$32,33,$1.45,$1.41,$388,$247,$65,$1117,$381,$0,$557,$147,$1182,$2299,$524,$678,$181,$985,$1510,$0,$1267,$27,$789,$2299,$47,$11,$-6,$5,$15,$-22,$-6,$0,$-46,$7,$-18,$0,$-15,$0,$0,$0,$-1,$-33,$17,$0,$17,$-54,$-54,$0,$2,$-35,$-59,$3,$0
31,2010-12-31,151.21,$23.80,6.35,$57.46,2.63,$14.49,10.44,$6.82,22.17,$1.15B,$0.54B,2.11,$0.67B,$0.77B,0.87,$1.97B,$1.04B,52.72%,$1.97B,$0.34B,17.06%,$1.97B,$0.34B,17.06%,$1.97B,$0.38B,19.40%,$1.97B,$0.31B,15.59%,$1.97B,$0.23B,11.78%,$0.23B,$0.77B,31.38%,$0.23B,$0.23B,121.15%,$0.23B,$2.28B,12.13%,$0.34B,$1.44B,31.40%,$593,$276,$317,$26,$165,$472,$121,$-11,$110,$29,$81,$81,$81,$133,$121,$33,34,$2.46,$2.39,$448,$217,$67,$1145,$364,$0,$539,$139,$1138,$2283,$542,$670,$174,$969,$1511,$0,$1223,$8,$772,$2283,$232,$45,$11,$55,$-55,$-40,$32,$-20,$-19,$268,$-74,$0,$-3,$0,$0,$0,$-0,$-77,$385,$0,$385,$-220,$-220,$0,$2,$168,$363,$12,$0
32,2010-09-30,124.44,$23.02,5.41,$55.02,2.26,$13.88,8.97,$6.42,19.38,$0.79B,$0.61B,1.3,$0.25B,$0.76B,0.33,$1.89B,$0.99B,52.49%,$1.89B,$0.32B,16.90%,$1.89B,$0.32B,16.90%,$1.89B,$0.36B,19.28%,$1.89B,$0.29B,15.47%,$1.89B,$0.22B,11.65%,$0.22B,$0.76B,30.39%,$0.22B,$0.20B,126.07%,$0.22B,$1.91B,12.42%,$0.32B,$1.00B,34.00%,$490,$234,$256,$25,$145,$408,$82,$-5,$77,$15,$62,$62,$62,$94,$82,$33,34,$1.87,$1.82,$143,$215,$57,$787,$335,$0,$555,$130,$1121,$1908,$606,$246,$180,$546,$1152,$0,$1153,$-0,$756,$1908,$151,$33,$-2,$31,$-17,$-42,$15,$-9,$23,$205,$-38,$0,$-13,$0,$0,$0,$0,$-51,$42,$0,$42,$-137,$-137,$0,$-4,$-98,$58,$9,$0
33,2010-06-30,111.63,$21.47,5.2,$53.27,2.1,$13.44,8.3,$5.81,19.21,$0.69B,$0.53B,1.31,$0.20B,$0.72B,0.29,$1.83B,$0.96B,52.34%,$1.83B,$0.31B,16.74%,$1.83B,$0.31B,16.74%,$1.83B,$0.35B,19.14%,$1.83B,$0.27B,14.83%,$1.83B,$0.20B,10.91%,$0.20B,$0.72B,28.66%,$0.20B,$0.17B,128.62%,$0.20B,$1.75B,11.66%,$0.31B,$0.92B,32.99%,$469,$222,$247,$23,$144,$392,$76,$-7,$69,$18,$51,$51,$51,$87,$76,$34,34,$1.53,$1.49,$112,$185,$48,$691,$303,$0,$546,$114,$1055,$1746,$529,$204,$180,$500,$1029,$0,$1093,$-46,$717,$1746,$89,$21,$-1,$20,$-11,$-24,$9,$-2,$10,$119,$-20,$0,$-13,$0,$0,$0,$0,$-32,$5,$0,$5,$-63,$-63,$0,$-1,$-59,$27,$6,$0
34,2010-03-31,109.2,$21.16,5.16,$51.56,2.12,$13.09,8.34,$5.13,21.29,$0.65B,$0.50B,1.3,$0.20B,$0.71B,0.29,$1.77B,$0.92B,51.86%,$1.77B,$0.29B,16.37%,$1.77B,$0.29B,16.37%,$1.77B,$0.33B,18.79%,$1.77B,$0.24B,13.60%,$1.77B,$0.18B,9.99%,$0.18B,$0.71B,26.57%,$0.18B,$0.16B,136.94%,$0.18B,$1.72B,10.45%,$0.29B,$0.92B,30.60%,$417,$199,$218,$22,$135,$360,$57,$-6,$51,$13,$38,$38,$38,$68,$57,$34,35,$1.12,$1.10,$86,$177,$48,$650,$311,$0,$551,$111,$1066,$1715,$499,$204,$184,$505,$1004,$0,$1045,$-32,$712,$1715,$38,$11,$0,$11,$4,$-11,$-2,$-2,$-5,$44,$-10,$0,$-13,$0,$0,$0,$0,$-23,$5,$0,$5,$-26,$-26,$0,$1,$-20,$1,$3,$0
35,2009-12-31,104.99,$21.01,5.0,$50.50,2.08,$12.82,8.19,$5.03,20.87,$0.65B,$0.50B,1.31,$0.20B,$0.71B,0.29,$1.73B,$0.89B,51.42%,$1.73B,$0.28B,16.37%,$1.73B,$0.28B,16.37%,$1.73B,$0.32B,18.74%,$1.73B,$0.23B,13.01%,$1.73B,$0.17B,10.01%,$0.17B,$0.71B,27.97%,$0.17B,$0.17B,191.69%,$0.17B,$1.72B,10.36%,$0.28B,$0.92B,29.30%,$512,$242,$270,$24,$139,$408,$104,$-9,$95,$25,$69,$69,$69,$115,$104,$34,34,$2.06,$2.01,$85,$168,$46,$646,$316,$0,$546,$114,$1073,$1719,$495,$204,$190,$513,$1008,$0,$1010,$-16,$711,$1719,$173,$41,$13,$55,$37,$8,$-9,$-6,$5,$233,$-58,$0,$-15,$0,$0,$0,$0,$-73,$-161,$0,$-161,$5,$5,$0,$-1,$-157,$7,$11,$0
36,2009-09-30,90.59,$19.30,4.69,$50.12,1.81,$12.73,7.12,$4.86,18.64,$0.65B,$0.42B,1.53,$0.32B,$0.65B,0.49,$1.73B,$0.88B,51.13%,$1.73B,$0.28B,16.04%,$1.73B,$0.28B,16.04%,$1.73B,$0.32B,18.36%,$1.73B,$0.22B,12.45%,$1.73B,$0.17B,9.67%,$0.17B,$0.65B,29.48%,$0.17B,$0.13B,373.18%,$0.17B,$1.68B,10.08%,$0.28B,$0.97B,28.46%,$436,$210,$225,$22,$130,$366,$70,$-13,$57,$15,$42,$42,$42,$81,$70,$34,34,$1.23,$1.21,$114,$165,$46,$649,$303,$0,$526,$110,$1032,$1681,$424,$319,$175,$605,$1029,$0,$947,$-3,$651,$1681,$103,$31,$-8,$23,$66,$10,$-20,$-7,$63,$188,$-35,$0,$-0,$0,$0,$0,$0,$-35,$-126,$0,$-126,$6,$6,$0,$-2,$-122,$36,$8,$0
37,2009-06-30,77.15,$17.54,4.4,$52.12,1.48,$12.18,6.33,$5.17,14.92,$0.64B,$0.39B,1.67,$0.40B,$0.59B,0.67,$1.80B,$0.91B,50.39%,$1.80B,$0.28B,15.61%,$1.80B,$0.28B,15.61%,$1.80B,$0.32B,17.78%,$1.80B,$0.22B,12.44%,$1.80B,$0.18B,9.89%,$0.18B,$0.59B,33.49%,$0.18B,$0.07B,2373.33%,$0.18B,$1.66B,10.65%,$0.28B,$0.99B,28.61%,$407,$201,$206,$22,$122,$349,$59,$-21,$38,$10,$28,$28,$28,$69,$59,$34,34,$0.82,$0.81,$120,$158,$42,$644,$291,$0,$525,$107,$1014,$1658,$385,$398,$173,$681,$1066,$0,$907,$-17,$591,$1658,$62,$20,$-5,$15,$58,$13,$-26,$-4,$33,$109,$-22,$0,$-0,$0,$0,$0,$0,$-22,$-49,$0,$-49,$5,$5,$0,$-3,$-48,$42,$6,$0
38,2009-03-31,51.33,$15.46,3.32,$54.80,0.94,$11.81,4.35,$5.74,8.94,$0.65B,$0.36B,1.81,$0.47B,$0.52B,0.9,$1.91B,$0.96B,50.29%,$1.91B,$0.30B,15.45%,$1.91B,$0.30B,15.45%,$1.91B,$0.33B,17.50%,$1.91B,$0.25B,13.20%,$1.91B,$0.20B,10.42%,$0.20B,$0.52B,38.20%,$0.20B,$0.01B,-2487.50%,$0.20B,$1.62B,11.74%,$0.30B,$0.99B,29.83%,$374,$186,$188,$22,$114,$324,$50,$-15,$35,$1,$34,$34,$34,$59,$50,$34,34,$1.01,$1.00,$131,$158,$38,$652,$275,$0,$515,$93,$970,$1622,$361,$468,$168,$741,$1101,$0,$880,$-55,$521,$1622,$34,$10,$-1,$9,$45,$6,$-30,$-2,$-8,$35,$-11,$0,$-0,$0,$0,$0,$0,$-11,$26,$0,$26,$3,$3,$0,$-0,$29,$53,$3,$0
39,2008-12-31,67.4,$14.98,4.5,$55.99,1.2,$11.47,5.88,$5.80,11.62,$0.67B,$0.43B,1.58,$0.44B,$0.50B,0.88,$1.97B,$0.99B,50.30%,$1.97B,$0.30B,15.25%,$1.97B,$0.30B,15.25%,$1.97B,$0.34B,17.27%,$1.97B,$0.27B,13.42%,$1.97B,$0.20B,10.28%,$0.20B,$0.50B,38.27%,$0.20B,$-0.02B,-3123.08%,$0.20B,$1.66B,11.78%,$0.30B,$0.95B,30.11%,$510,$245,$264,$25,$138,$411,$98,$-13,$85,$22,$63,$63,$63,$108,$98,$34,35,$1.85,$1.83,$78,$171,$38,$671,$285,$0,$521,$95,$993,$1664,$425,$442,$183,$736,$1161,$0,$848,$-32,$503,$1664,$203,$40,$8,$47,$0,$-0,$-16,$-4,$-27,$223,$-48,$0,$-1,$0,$0,$0,$0,$-49,$47,$0,$47,$-224,$-224,$0,$-1,$-179,$-3,$9,$0
40,2008-09-30,98.0,$15.23,6.43,$55.49,1.77,$11.37,8.62,$5.68,17.25,$0.73B,$0.47B,1.55,$0.50B,$0.51B,0.97,$2.00B,$1.00B,50.08%,$2.00B,$0.30B,14.77%,$2.00B,$0.30B,14.77%,$2.00B,$0.34B,16.83%,$2.00B,$0.27B,13.37%,$2.00B,$0.20B,10.17%,$0.20B,$0.51B,36.91%,$0.20B,$-0.02B,2619.35%,$0.20B,$1.74B,11.75%,$0.30B,$1.01B,29.35%,$509,$260,$249,$27,$146,$435,$74,$-7,$66,$14,$53,$53,$53,$84,$74,$34,35,$1.56,$1.52,$111,$194,$43,$732,$268,$0,$535,$141,$1012,$1744,$472,$496,$163,$761,$1233,$0,$790,$41,$511,$1744,$140,$30,$-5,$25,$14,$-20,$-22,$-8,$-4,$161,$-24,$0,$-1,$0,$0,$0,$0,$-25,$115,$0,$115,$-222,$-222,$0,$-2,$-109,$30,$7,$0
41,2008-06-30,94.86,$16.05,5.91,$52.60,1.8,$11.37,8.34,$5.32,17.83,$0.73B,$0.45B,1.6,$0.47B,$0.55B,0.85,$1.93B,$0.97B,50.23%,$1.93B,$0.29B,14.76%,$1.93B,$0.29B,14.76%,$1.93B,$0.33B,16.83%,$1.93B,$0.26B,13.41%,$1.93B,$0.19B,10.05%,$0.19B,$0.55B,34.91%,$0.19B,$0.00B,1583.67%,$0.19B,$1.75B,11.54%,$0.29B,$1.02B,29.18%,$516,$257,$259,$27,$157,$443,$73,$-7,$66,$17,$49,$49,$49,$83,$73,$34,35,$1.42,$1.38,$86,$204,$45,$726,$271,$0,$544,$140,$1023,$1749,$453,$469,$172,$746,$1200,$0,$738,$67,$549,$1749,$87,$20,$-5,$15,$20,$-21,$-25,$-7,$-18,$84,$-8,$0,$-0,$0,$0,$0,$0,$-8,$75,$0,$75,$-154,$-154,$0,$1,$-77,$4,$5,$0
42,2008-03-31,97.12,$16.09,6.03,$49.22,1.97,$11.23,8.65,$5.01,19.39,$0.71B,$0.43B,1.66,$0.47B,$0.56B,0.84,$1.85B,$0.93B,50.16%,$1.85B,$0.27B,14.79%,$1.85B,$0.27B,14.79%,$1.85B,$0.31B,16.90%,$1.85B,$0.25B,13.49%,$1.85B,$0.19B,10.08%,$0.19B,$0.56B,32.92%,$0.19B,$0.01B,791.49%,$0.19B,$1.74B,11.40%,$0.27B,$1.03B,28.63%,$439,$218,$221,$24,$139,$383,$56,$-8,$48,$10,$38,$38,$38,$66,$56,$35,36,$1.09,$1.06,$81,$200,$49,$710,$256,$0,$548,$157,$1028,$1738,$428,$472,$173,$752,$1179,$0,$690,$72,$559,$1738,$38,$10,$-1,$8,$28,$-14,$-26,$-10,$-39,$8,$5,$0,$0,$0,$0,$0,$0,$5,$79,$0,$79,$-97,$-97,$0,$0,$-18,$-1,$3,$0
43,2007-12-31,113.8,$16.31,6.98,$46.98,2.42,$11.50,9.9,$4.73,24.06,$0.68B,$0.45B,1.53,$0.39B,$0.58B,0.66,$1.80B,$0.90B,49.92%,$1.80B,$0.26B,14.65%,$1.80B,$0.26B,14.65%,$1.80B,$0.30B,16.77%,$1.80B,$0.24B,13.54%,$1.80B,$0.18B,9.92%,$0.18B,$0.58B,30.94%,$0.18B,$0.04B,484.35%,$0.18B,$1.68B,11.26%,$0.26B,$0.97B,28.33%,$533,$262,$271,$26,$149,$440,$92,$-6,$87,$23,$63,$63,$63,$103,$92,$37,38,$1.73,$1.69,$81,$174,$36,$683,$266,$0,$541,$123,$995,$1678,$448,$385,$163,$649,$1097,$0,$652,$43,$581,$1678,$179,$38,$20,$58,$-28,$-14,$26,$-9,$-9,$228,$-41,$0,$-0,$0,$0,$0,$0,$-41,$30,$0,$30,$-304,$-304,$0,$10,$-263,$-70,$8,$0
44,2007-09-30,102.0,$14.81,6.89,$44.28,2.3,$10.54,9.68,$4.32,23.61,$0.62B,$0.41B,1.52,$0.36B,$0.53B,0.67,$1.72B,$0.86B,49.83%,$1.72B,$0.25B,14.27%,$1.72B,$0.25B,14.27%,$1.72B,$0.28B,16.36%,$1.72B,$0.23B,13.17%,$1.72B,$0.17B,9.69%,$0.17B,$0.53B,28.41%,$0.17B,$-0.01B,330.69%,$0.17B,$1.56B,10.72%,$0.25B,$0.89B,26.42%,$443,$224,$219,$23,$130,$379,$64,$-6,$58,$15,$44,$44,$44,$73,$64,$37,38,$1.19,$1.16,$75,$171,$35,$619,$237,$0,$540,$90,$939,$1558,$406,$359,$174,$618,$1024,$0,$596,$-0,$534,$1558,$115,$28,$-6,$22,$19,$-16,$2,$-9,$32,$169,$-21,$0,$-0,$0,$0,$0,$0,$-22,$9,$0,$9,$-243,$-243,$0,$5,$-228,$-76,$6,$0
45,2007-06-30,95.51,$15.76,6.06,$42.32,2.26,$9.66,9.89,$4.32,22.11,$0.63B,$0.38B,1.67,$0.34B,$0.59B,0.58,$1.68B,$0.83B,49.70%,$1.68B,$0.24B,14.00%,$1.68B,$0.24B,14.00%,$1.68B,$0.27B,16.15%,$1.68B,$0.22B,13.05%,$1.68B,$0.17B,10.13%,$0.17B,$0.59B,27.83%,$0.17B,$0.05B,226.67%,$0.17B,$1.55B,10.90%,$0.24B,$0.92B,24.61%,$431,$215,$215,$22,$129,$370,$61,$-5,$56,$15,$41,$41,$41,$70,$61,$37,38,$1.10,$1.07,$100,$163,$33,$632,$230,$0,$537,$84,$920,$1553,$379,$338,$168,$588,$967,$0,$553,$-9,$586,$1553,$71,$19,$-5,$14,$10,$-13,$2,$-9,$7,$93,$-15,$0,$0,$0,$0,$0,$0,$-15,$-2,$0,$-2,$-135,$-135,$0,$5,$-132,$-52,$4,$0
46,2007-03-31,89.57,$15.89,5.64,$40.55,2.21,$9.19,9.75,$4.09,21.9,$0.61B,$0.35B,1.74,$0.33B,$0.60B,0.55,$1.64B,$0.81B,49.57%,$1.64B,$0.23B,13.75%,$1.64B,$0.23B,13.75%,$1.64B,$0.26B,16.01%,$1.64B,$0.21B,13.02%,$1.64B,$0.16B,10.02%,$0.16B,$0.60B,26.36%,$0.16B,$0.06B,187.43%,$0.16B,$1.53B,10.41%,$0.23B,$0.93B,22.84%,$388,$196,$191,$21,$121,$342,$46,$-4,$42,$11,$30,$30,$30,$55,$46,$38,39,$0.80,$0.78,$96,$161,$32,$613,$231,$0,$537,$84,$921,$1534,$353,$331,$167,$581,$934,$0,$516,$-14,$600,$1534,$30,$9,$-3,$7,$18,$-11,$-6,$-7,$-5,$32,$-8,$0,$0,$0,$0,$0,$0,$-8,$-14,$0,$-14,$-71,$-71,$0,$2,$-82,$-56,$2,$0
47,2006-12-31,78.85,$16.42,4.8,$38.88,2.03,$8.91,8.85,$3.88,20.32,$0.67B,$0.38B,1.74,$0.35B,$0.63B,0.55,$1.59B,$0.79B,49.56%,$1.59B,$0.21B,13.43%,$1.59B,$0.21B,13.43%,$1.59B,$0.25B,15.81%,$1.59B,$0.21B,12.86%,$1.59B,$0.16B,9.91%,$0.16B,$0.63B,25.04%,$0.16B,$0.10B,161.22%,$0.16B,$1.59B,9.93%,$0.21B,$0.98B,21.03%,$462,$229,$234,$22,$134,$388,$75,$-3,$71,$19,$52,$52,$52,$84,$75,$40,41,$1.31,$1.29,$151,$148,$30,$670,$229,$0,$536,$83,$917,$1587,$384,$346,$144,$572,$956,$0,$494,$-17,$631,$1587,$158,$38,$3,$41,$-20,$11,$2,$3,$-7,$192,$-30,$0,$-1,$0,$0,$0,$0,$-31,$-115,$0,$-115,$-234,$-234,$0,$11,$-337,$-173,$8,$0
