,Date,Stock Price,Book Value per Share,Price to Book Ratio,TTM Sales per Share,Price to Sales Ratio,TTM FCF per Share,Price to FCF Ratio,TTM Net EPS,PE Ratio,Current Assets,Current Liabilities,Current Ratio,Long Term Debt,Shareholder's Equity_x,Debt to Equity Ratio,TTM Revenue_x,TTM Gross Profit,Gross Margin,TTM Revenue_y,TTM Operating Income,Operating Margin,TTM Revenue_x,TTM EBIT,EBIT Margin,TTM Revenue_y,TTM EBITDA,EBITDA Margin,TTM Revenue_x,TTM Pre-Tax Income,Pre-Tax Margin,TTM Revenue_y,TTM Net Income_x,Net Margin,TTM Net Income_y,Shareholder's Equity_y,Return on Equity,TTM Net Income_x,Tangible Equity,Return on Tangible Equity,TTM Net Income_y,Total Assets,Return on Assets,TTM Net Income,LT Investments & Debt,Return on Investment,revenue,cost-goods-sold,gross-profit,research-development-expenses,selling-general-administrative-expenses,operating-expenses,operating-income,total-non-operating-income-expense,pre-tax-income,total-provision-income-taxes,income-after-taxes,income-from-continuous-operations,net-income,ebitda,ebit,basic-shares-outstanding,shares-outstanding,eps-basic-net-earnings-per-share,eps-earnings-per-share-diluted,cash-on-hand,inventory,other-current-assets,total-current-assets,net-property-plant-equipment,long-term-investments,goodwill-intangible-assets-total,other-long-term-assets,total-long-term-assets,total-assets,total-current-liabilities,long-term-debt,other-non-current-liabilities,total-long-term-liabilities,total-liabilities,common-stock-net,retained-earnings-accumulated-deficit,comprehensive-income,total-share-holder-equity,total-liabilities-share-holders-equity,net-income-loss,total-depreciation-amortization-cash-flow,other-non-cash-items,total-non-cash-items,change-in-accounts-receivable,change-in-inventories,change-in-accounts-payable,change-in-assets-liabilities,total-change-in-assets-liabilities,cash-flow-from-operating-activities,net-change-in-property-plant-equipment,net-change-in-intangible-assets,net-acquisitions-divestitures,net-change-in-short-term-investments,net-change-in-long-term-investments,net-change-in-investments-total,investing-activities-other,cash-flow-from-investing-activities,net-long-term-debt,net-current-debt,debt-issuance-retirement-net-total,net-common-equity-issued-repurchased,net-total-equity-issued-repurchased,total-common-preferred-stock-dividends-paid,financial-activities-other,cash-flow-from-financial-activities,net-cash-flow,stock-based-compensation,common-stock-dividends-paid
0,2018-09-30,5.39,$2.91,1.85,$0.34,15.72,$-2.72,0.0,$-0.22,0.0,$0.12B,$0.04B,2.8,$0.00B,$0.11B,0.03,$0.01B,$0.01B,100.00%,$0.01B,$-0.03B,-344.44%,$0.01B,$-0.03B,-344.44%,$0.01B,$-0.03B,-344.44%,$0.01B,$-0.03B,-344.44%,$0.01B,$-0.03B,-344.44%,$-0.03B,$0.11B,-39.24%,$-0.03B,$0.11B,-39.24%,$-0.03B,$0.15B,-30.39%,$-0.03B,$0.11B,-38.04%,$7,$0,$7,$8,$4,$12,$-5,$-0,$-5,$0,$-5,$-5,$-5,$-5,$-5,$28,28,$-0.19,$-0.19,$79,$0,$4,$117,$7,$0,$0,$28,$35,$152,$42,$3,$1,$4,$46,$0,$-88,$0,$106,$152,$-24,$1,$2,$3,$-31,$0,$-1,$25,$-3,$-24,$-5,$0,$0,$0,$0,$0,$0,$-5,$1,$0,$1,$48,$48,$0,$0,$49,$20,$3,$0
1,2018-06-30,5.23,$2.30,2.28,$0.14,38.74,$-2.03,0.0,$-0.84,0.0,$0.04B,$0.01B,3.33,$0.00B,$0.06B,0.05,$0.00B,$0.00B,100.00%,$0.00B,$-0.03B,-1066.67%,$0.00B,$-0.03B,-1066.67%,$0.00B,$-0.03B,-1066.67%,$0.00B,$-0.04B,-1233.33%,$0.00B,$-0.04B,-1233.33%,$-0.04B,$0.06B,-49.66%,$-0.04B,$0.06B,-50.51%,$-0.04B,$0.08B,-41.23%,$-0.03B,$0.07B,-41.69%,$1,$0,$1,$8,$4,$11,$-10,$0,$-10,$0,$-10,$-10,$-10,$-10,$-10,$27,27,$-0.36,$-0.36,$42,$0,$0,$44,$7,$0,$0,$28,$35,$79,$13,$3,$1,$4,$17,$0,$-83,$0,$62,$79,$-18,$0,$1,$1,$-1,$0,$-2,$3,$3,$-14,$-4,$0,$0,$0,$0,$0,$0,$-4,$1,$0,$1,$0,$0,$0,$0,$1,$-17,$2,$0
2,2018-03-31,8.0,$2.62,3.05,$0.28,28.59,$-12.10,0.0,$-0.98,0.0,$0.06B,$0.01B,4.53,$0.00B,$0.07B,0.04,$0.00B,$0.00B,100.00%,$0.00B,$-0.03B,-1300.00%,$0.00B,$-0.03B,-1300.00%,$0.00B,$-0.03B,-1250.00%,$0.00B,$-0.03B,-1550.00%,$0.00B,$-0.03B,-1550.00%,$-0.03B,$0.07B,-49.01%,$-0.03B,$0.07B,-50.00%,$-0.03B,$0.09B,-41.20%,$-0.03B,$0.07B,-40.15%,$0,$0,$0,$7,$3,$10,$-9,$0,$-9,$0,$-9,$-9,$-9,$-9,$-9,$27,27,$-0.32,$-0.32,$49,$0,$0,$55,$4,$0,$0,$28,$32,$87,$12,$3,$1,$4,$16,$0,$-73,$0,$71,$87,$-9,$0,$0,$0,$-4,$0,$-0,$4,$-1,$-9,$-2,$0,$0,$0,$0,$0,$0,$-2,$1,$0,$1,$0,$0,$0,$0,$1,$-10,$1,$0
3,2017-12-31,10.02,$2.87,3.49,$9.03,1.11,$-24.09,0.0,$-1.43,0.0,$0.06B,$0.01B,5.79,$0.00B,$0.08B,0.01,$0.00B,$0.00B,100.00%,$0.00B,$-0.02B,-450.00%,$0.00B,$-0.02B,-450.00%,$0.00B,$-0.02B,-425.00%,$0.00B,$-0.02B,-575.00%,$0.00B,$-0.02B,-600.00%,$-0.02B,$0.08B,-48.73%,$-0.02B,$0.08B,-50.00%,$-0.02B,$0.09B,-41.03%,$-0.02B,$0.08B,-36.00%,$1,$0,$1,$5,$4,$8,$-7,$0,$-7,$0,$-7,$-7,$-7,$-7,$-7,$27,27,$-0.26,$-0.26,$59,$0,$0,$60,$2,$0,$0,$28,$30,$90,$10,$1,$2,$3,$13,$0,$-64,$0,$77,$90,$-23,$0,$6,$7,$0,$0,$1,$1,$2,$-14,$-2,$0,$11,$0,$0,$0,$0,$10,$-2,$7,$4,$58,$58,$0,$0,$62,$57,$2,$0
4,2017-09-30,6.97,$3.27,2.13,$10.65,0.65,$-68.91,0.0,$-1.72,0.0,$0.07B,$0.01B,6.15,$0.00B,$0.09B,0.02,$0.00B,$0.00B,100.00%,$0.00B,$-0.01B,-433.33%,$0.00B,$-0.01B,-433.33%,$0.00B,$-0.01B,-400.00%,$0.00B,$-0.02B,-633.33%,$0.00B,$-0.02B,-666.67%,$-0.02B,$0.09B,-100.00%,$-0.02B,$0.08B,-106.67%,$-0.02B,$0.10B,-54.42%,$-0.01B,$0.09B,-61.18%,$1,$0,$1,$3,$4,$7,$-6,$-5,$-11,$0,$-11,$-11,$-11,$-6,$-6,$18,18,$-0.62,$-0.62,$68,$0,$0,$70,$1,$0,$5,$27,$33,$103,$11,$2,$2,$3,$15,$0,$-58,$0,$88,$103,$-16,$0,$6,$7,$-0,$0,$3,$2,$3,$-6,$-0,$0,$11,$0,$0,$0,$-0,$10,$-2,$7,$5,$58,$58,$0,$0,$62,$66,$1,$0
5,2017-06-30,4.32,$2.59,1.67,$10.61,0.41,$-95.85,0.0,$-1.98,0.0,$0.02B,$0.00B,8.41,$0.00B,$0.02B,0.0,$0.00B,$0.00B,100.00%,$0.00B,$-0.01B,-500.00%,$0.00B,$-0.01B,-500.00%,$0.00B,$-0.01B,-450.00%,$0.00B,$-0.01B,-550.00%,$0.00B,$-0.01B,-650.00%,$-0.01B,$0.02B,-346.67%,$-0.01B,$0.02B,-346.67%,$-0.01B,$0.02B,-70.27%,$-0.01B,$0.02B,-222.22%,$0,$0,$0,$1,$2,$4,$-4,$-0,$-4,$0,$-4,$-4,$-4,$-3,$-4,$0,0,$-20.76,$-20.76,$17,$0,$0,$21,$0,$0,$0,$0,$0,$21,$2,$0,$1,$1,$4,$0,$-357,$0,$17,$21,$-5,$0,$0,$0,$-2,$0,$0,$2,$3,$-2,$-0,$0,$0,$0,$0,$0,$-0,$-0,$-1,$7,$5,$0,$0,$0,$0,$5,$3,$0,$0
6,2017-03-31,6.27,$2.35,2.67,$10.42,0.6,$-87.40,0.0,$-3.30,0.0,$0.02B,$0.00B,9.03,$0.00B,$0.02B,0.0,$0.00B,$0.00B,100.00%,$0.00B,$-0.01B,-600.00%,$0.00B,$-0.01B,-600.00%,$0.00B,$-0.01B,-600.00%,$0.00B,$-0.01B,-700.00%,$0.00B,$-0.02B,-800.00%,$-0.02B,$0.02B,-246.15%,$-0.02B,$0.02B,-246.15%,$-0.02B,$0.02B,-71.91%,$-0.01B,$0.02B,-165.52%,$2,$0,$2,$1,$2,$3,$-1,$-0,$-1,$0,$-1,$-1,$-2,$-1,$-1,$0,0,$-7.56,$-7.56,$18,$0,$0,$20,$0,$0,$0,$0,$0,$20,$2,$0,$2,$2,$5,$0,$-359,$-0,$15,$20,$-1,$0,$0,$0,$-1,$0,$-0,$-1,$-2,$-3,$-0,$0,$0,$0,$0,$0,$-0,$-0,$-1,$5,$4,$0,$0,$0,$0,$4,$1,$0,$0
7,2016-12-31,4.85,$-185.14,-0.03,$1.65,2.94,$-76.65,0.0,$-3.74,0.0,$0.00B,$0.01B,0.13,$0.00B,$-0.04B,-0.08,$0.00B,0,nan%,$0.00B,$-0.02B,inf%,$0.00B,$-0.02B,inf%,$0.00B,$-0.02B,inf%,$0.00B,$-0.02B,inf%,$0.00B,$-0.02B,inf%,$-0.02B,$-0.04B,-195.56%,$-0.02B,$-0.04B,-195.56%,$-0.02B,$0.00B,-80.00%,$-0.02B,$-0.04B,-158.33%,$0,$0,$0,$2,$1,$3,$-2,$-0,$-3,$0,$-3,$-3,$-3,$-2,$-2,$0,0,$-13.82,$-13.82,$2,$0,$0,$2,$0,$0,$0,$1,$1,$3,$14,$3,$0,$29,$43,$0,$-40,$0,$-40,$3,$-11,$0,$0,$0,$0,$0,$1,$0,$2,$-9,$-1,$0,$0,$0,$0,$0,$0,$-1,$3,$5,$7,$0,$0,$0,$0,$7,$-3,$0,$0
8,2016-09-30,7.45,$3.52,2.12,$9.85,0.76,$-36.94,0.0,$6.27,1.19,$0.03B,$0.00B,7.94,$0.00B,$0.02B,0.0,$0.07B,$0.07B,100.00%,$0.07B,$0.04B,53.03%,$0.07B,$0.04B,53.03%,$0.07B,$0.04B,54.55%,$0.07B,$0.05B,78.79%,$0.07B,$0.05B,77.27%,$0.05B,$0.02B,161.90%,$0.05B,$0.02B,161.90%,$0.05B,$0.03B,126.71%,$0.04B,$0.02B,111.11%,$0,$0,$0,$2,$1,$3,$-3,$-0,$-3,$0,$-3,$-3,$-4,$-3,$-3,$0,0,$-11.89,$-11.89,$28,$0,$0,$30,$0,$0,$0,$0,$0,$30,$4,$0,$3,$3,$7,$0,$-350,$0,$23,$30,$-8,$0,$0,$0,$-0,$0,$-0,$-0,$0,$-8,$-0,$-0,$0,$0,$0,$0,$0,$-0,$3,$3,$6,$0,$0,$0,$0,$6,$-3,$0,$0
9,2016-06-30,6.99,$4.27,1.64,$10.42,0.67,$-14.33,0.0,$6.16,1.13,$0.04B,$0.01B,6.19,$0.00B,$0.03B,0.0,$0.07B,$0.07B,100.00%,$0.07B,$0.03B,44.29%,$0.07B,$0.03B,44.29%,$0.07B,$0.03B,45.71%,$0.07B,$0.05B,70.00%,$0.07B,$0.05B,70.00%,$0.05B,$0.03B,272.22%,$0.05B,$0.03B,272.22%,$0.05B,$0.04B,100.51%,$0.03B,$0.03B,172.22%,$0,$0,$0,$4,$2,$6,$-6,$-1,$-7,$0,$-7,$-7,$-7,$-6,$-6,$7,7,$-1.10,$-1.10,$34,$0,$0,$36,$0,$0,$0,$0,$0,$36,$6,$0,$3,$3,$8,$0,$-344,$0,$28,$36,$-15,$0,$2,$3,$1,$0,$2,$1,$-3,$-15,$0,$0,$0,$18,$0,$18,$0,$18,$0,$0,$0,$0,$0,$0,$0,$0,$3,$2,$0
10,2016-03-31,5.06,$5.21,0.97,$10.97,0.46,$-15.02,0.0,$5.94,0.85,$0.04B,$0.01B,7.29,$0.00B,$0.03B,0.0,$0.07B,$0.07B,100.00%,$0.07B,$0.03B,37.84%,$0.07B,$0.03B,37.84%,$0.07B,$0.03B,39.19%,$0.07B,$0.05B,64.86%,$0.07B,$0.05B,64.86%,$0.05B,$0.03B,1066.67%,$0.05B,$0.03B,1066.67%,$0.05B,$0.04B,82.40%,$0.03B,$0.03B,622.22%,$0,$0,$0,$6,$2,$8,$-8,$0,$-8,$0,$-8,$-8,$-8,$-8,$-8,$7,7,$-1.21,$-1.21,$38,$0,$0,$41,$0,$0,$0,$0,$0,$41,$6,$0,$2,$2,$7,$0,$-337,$0,$34,$41,$-8,$0,$0,$1,$1,$0,$1,$1,$-3,$-11,$0,$0,$0,$12,$0,$12,$0,$12,$0,$0,$0,$0,$0,$0,$0,$0,$2,$1,$0
11,2015-12-31,5.28,$6.28,0.84,$11.58,0.46,$-14.02,0.0,$5.28,1.0,$0.05B,$0.01B,4.91,$0.00B,$0.04B,0.0,$0.08B,$0.08B,100.00%,$0.08B,$0.03B,33.33%,$0.08B,$0.03B,33.33%,$0.08B,$0.03B,35.90%,$0.08B,$0.05B,57.69%,$0.08B,$0.05B,57.69%,$0.05B,$0.04B,-500.00%,$0.05B,$0.04B,-500.00%,$0.05B,$0.05B,64.29%,$0.03B,$0.04B,-288.89%,$66,$0,$66,$11,$2,$14,$52,$17,$70,$0,$70,$70,$70,$53,$52,$6,7,$10.99,$10.11,$49,$0,$0,$53,$0,$0,$0,$0,$0,$54,$11,$0,$2,$2,$13,$0,$-329,$-0,$41,$54,$44,$1,$-10,$-9,$5,$0,$-1,$-78,$-73,$-38,$-0,$0,$0,$10,$0,$10,$0,$10,$0,$0,$0,$29,$29,$0,$0,$29,$1,$7,$0
12,2015-09-30,44.77,$-4.75,-9.42,$2.37,18.92,$-13.17,0.0,$-5.50,0.0,$0.06B,$0.02B,2.57,$0.00B,$-0.03B,0.0,$0.02B,$0.02B,100.00%,$0.02B,$-0.03B,-212.50%,$0.02B,$-0.03B,-212.50%,$0.02B,$-0.03B,-200.00%,$0.02B,$-0.03B,-193.75%,$0.02B,$-0.03B,-193.75%,$-0.03B,$-0.03B,122.77%,$-0.03B,$-0.03B,122.77%,$-0.03B,$0.06B,-42.18%,$-0.03B,$-0.03B,134.65%,$4,$0,$4,$8,$2,$10,$-7,$0,$-6,$0,$-6,$-6,$-6,$-7,$-7,$6,6,$-0.99,$-0.99,$56,$0,$0,$62,$0,$0,$0,$1,$2,$64,$24,$0,$19,$71,$95,$0,$-399,$-0,$-31,$64,$-26,$1,$5,$6,$3,$0,$-2,$-12,$-11,$-30,$-0,$0,$0,$7,$0,$7,$0,$7,$0,$0,$0,$29,$29,$0,$0,$29,$5,$5,$0
13,2015-06-30,44.44,$-4.05,-10.97,$2.46,18.08,$-11.65,0.0,$-6.16,0.0,$0.07B,$0.03B,2.83,$0.00B,$-0.03B,0.0,$0.02B,$0.02B,100.00%,$0.02B,$-0.04B,-218.75%,$0.02B,$-0.04B,-218.75%,$0.02B,$-0.03B,-200.00%,$0.02B,$-0.03B,-206.25%,$0.02B,$-0.03B,-206.25%,$-0.03B,$-0.03B,145.05%,$-0.03B,$-0.03B,145.05%,$-0.03B,$0.07B,-43.00%,$-0.04B,$-0.03B,153.85%,$4,$0,$4,$10,$2,$13,$-9,$1,$-8,$0,$-8,$-8,$-8,$-9,$-9,$6,7,$-1.32,$-1.32,$67,$0,$0,$72,$0,$0,$0,$1,$2,$74,$26,$0,$20,$75,$100,$0,$-393,$-0,$-26,$74,$-19,$1,$4,$5,$4,$0,$-1,$-8,$-5,$-20,$-0,$0,$0,$-7,$0,$-7,$0,$-7,$0,$0,$0,$29,$29,$0,$0,$29,$2,$3,$0
14,2015-03-31,44.66,$-3.06,-14.58,$2.54,17.56,$-9.83,0.0,$-6.16,0.0,$0.08B,$0.03B,2.83,$0.00B,$-0.02B,0.0,$0.02B,$0.02B,100.00%,$0.02B,$-0.03B,-206.25%,$0.02B,$-0.03B,-206.25%,$0.02B,$-0.03B,-187.50%,$0.02B,$-0.03B,-162.50%,$0.02B,$-0.03B,-162.50%,$-0.03B,$-0.02B,111.83%,$-0.03B,$-0.02B,111.83%,$-0.03B,$0.09B,-32.81%,$-0.03B,$-0.02B,141.94%,$4,$0,$4,$11,$3,$13,$-10,$-2,$-11,$0,$-11,$-11,$-11,$-9,$-10,$6,6,$-1.87,$-1.87,$79,$0,$0,$82,$1,$4,$0,$1,$6,$88,$29,$0,$20,$79,$108,$0,$-384,$-0,$-20,$88,$-11,$0,$3,$3,$5,$0,$-0,$-4,$4,$-4,$-0,$0,$0,$-12,$0,$-12,$0,$-12,$0,$0,$0,$29,$29,$0,$0,$29,$13,$1,$0
15,2014-12-31,34.98,$-4.19,-8.35,$2.60,13.47,$-8.41,0.0,$-5.83,0.0,$0.07B,$0.03B,2.57,$0.00B,$-0.02B,0.0,$0.02B,$0.02B,100.00%,$0.02B,$-0.03B,-200.00%,$0.02B,$-0.03B,-200.00%,$0.02B,$-0.03B,-181.25%,$0.02B,$-0.02B,-137.50%,$0.02B,$-0.02B,-137.50%,$-0.02B,$-0.02B,86.27%,$-0.02B,$-0.02B,86.27%,$-0.02B,$0.07B,-27.16%,$-0.03B,$-0.02B,125.49%,$4,$0,$4,$9,$3,$11,$-8,$2,$-6,$0,$-6,$-6,$-6,$-7,$-8,$5,6,$-1.10,$-0.88,$59,$0,$0,$67,$1,$0,$0,$1,$2,$68,$26,$0,$4,$66,$92,$0,$-373,$-0,$-24,$68,$-22,$1,$-4,$-3,$11,$0,$0,$-13,$-4,$-28,$-0,$0,$0,$24,$0,$24,$0,$23,$0,$0,$0,$6,$6,$0,$0,$6,$1,$5,$0
16,2014-09-30,39.71,$-3.70,-10.74,$2.57,15.45,$-1.66,0.0,$-5.94,0.0,$0.07B,$0.03B,2.97,$0.00B,$-0.02B,0.0,$0.02B,$0.02B,100.00%,$0.02B,$-0.03B,-213.33%,$0.02B,$-0.03B,-213.33%,$0.02B,$-0.03B,-193.33%,$0.02B,$-0.02B,-160.00%,$0.02B,$-0.02B,-160.00%,$-0.02B,$-0.02B,95.05%,$-0.02B,$-0.02B,95.05%,$-0.02B,$0.08B,-26.67%,$-0.03B,$-0.02B,126.73%,$4,$0,$4,$9,$2,$11,$-8,$-0,$-8,$-0,$-8,$-8,$-8,$-7,$-8,$5,6,$-1.43,$-1.65,$68,$0,$0,$74,$1,$1,$0,$1,$3,$77,$25,$0,$7,$73,$98,$0,$-367,$0,$-21,$77,$-16,$1,$-4,$-3,$14,$0,$2,$-11,$1,$-18,$-0,$0,$0,$17,$0,$17,$0,$16,$0,$0,$0,$5,$5,$0,$0,$5,$4,$4,$0
17,2014-06-30,43.56,$-5.23,-8.33,$2.46,17.69,$4.92,8.86,$-5.17,0.0,$0.07B,$0.03B,2.57,$0.00B,$-0.03B,0.0,$0.01B,$0.01B,100.00%,$0.01B,$-0.03B,-207.14%,$0.01B,$-0.03B,-207.14%,$0.01B,$-0.03B,-192.86%,$0.01B,$-0.02B,-107.14%,$0.01B,$-0.02B,-107.14%,$-0.02B,$-0.03B,61.22%,$-0.02B,$-0.03B,61.22%,$-0.02B,$0.08B,-15.63%,$-0.03B,$-0.03B,118.37%,$4,$0,$4,$9,$2,$11,$-7,$7,$-1,$0,$-1,$-1,$-1,$-7,$-7,$5,6,$-0.11,$-1.32,$63,$0,$0,$70,$1,$12,$0,$1,$14,$84,$27,$0,$16,$85,$112,$0,$-360,$0,$-28,$84,$-8,$1,$-5,$-5,$14,$0,$1,$-8,$6,$-6,$-0,$0,$0,$5,$0,$5,$0,$5,$0,$0,$0,$0,$0,$0,$0,$0,$-1,$3,$0
18,2014-03-31,52.36,$-5.37,-9.75,$2.43,21.52,$11.29,4.64,$-6.27,0.0,$0.08B,$0.03B,2.79,$0.00B,$-0.03B,0.0,$0.01B,$0.01B,100.00%,$0.01B,$-0.03B,-223.08%,$0.01B,$-0.03B,-223.08%,$0.01B,$-0.03B,-207.69%,$0.01B,$-0.03B,-207.69%,$0.01B,$-0.03B,-207.69%,$-0.03B,$-0.03B,113.68%,$-0.03B,$-0.03B,113.68%,$-0.03B,$0.10B,-26.67%,$-0.03B,$-0.03B,122.11%,$4,$0,$4,$10,$3,$12,$-9,$1,$-7,$0,$-7,$-7,$-7,$-8,$-9,$5,6,$-1.32,$-1.54,$72,$0,$0,$78,$1,$14,$0,$1,$16,$95,$28,$0,$22,$95,$124,$0,$-359,$0,$-29,$95,$-7,$0,$-0,$0,$13,$0,$2,$-3,$11,$4,$-0,$0,$0,$-5,$0,$-5,$0,$-5,$0,$0,$0,$0,$0,$0,$0,$0,$-1,$1,$0
19,2013-12-31,51.37,$-4.36,-11.8,$2.34,21.94,$17.03,3.02,$-6.49,0.0,$0.09B,$0.03B,3.18,$0.00B,$-0.02B,0.0,$0.01B,$0.01B,100.00%,$0.01B,$-0.03B,-216.67%,$0.01B,$-0.03B,-216.67%,$0.01B,$-0.03B,-208.33%,$0.01B,$-0.03B,-241.67%,$0.01B,$-0.03B,-241.67%,$-0.03B,$-0.02B,131.82%,$-0.03B,$-0.02B,131.82%,$-0.03B,$0.10B,-27.36%,$-0.03B,$-0.02B,118.18%,$3,$0,$3,$9,$2,$11,$-8,$0,$-8,$0,$-8,$-8,$-8,$-7,$-8,$5,5,$-1.43,$-0.33,$66,$0,$0,$86,$1,$16,$0,$1,$18,$104,$27,$0,$24,$101,$128,$0,$-352,$0,$-23,$104,$-28,$2,$7,$9,$-2,$0,$1,$29,$30,$10,$-0,$0,$0,$-16,$0,$-16,$0,$-16,$0,$0,$0,$2,$2,$0,$0,$2,$-4,$5,$0
20,2013-09-30,51.15,$-3.25,-15.74,$2.14,23.89,$21.09,2.43,$-6.16,0.0,$0.10B,$0.03B,3.99,$0.00B,$-0.02B,0.0,$0.01B,$0.01B,100.00%,$0.01B,$-0.02B,-218.18%,$0.01B,$-0.02B,-218.18%,$0.01B,$-0.02B,-218.18%,$0.01B,$0.01B,63.64%,$0.01B,$0.01B,63.64%,$0.01B,$-0.02B,-35.44%,$0.01B,$-0.02B,-35.44%,$0.01B,$0.10B,6.83%,$-0.02B,$-0.02B,121.52%,$3,$0,$3,$6,$2,$8,$-5,$6,$1,$0,$1,$1,$1,$-5,$-5,$5,6,$0.22,$-0.88,$92,$0,$0,$99,$1,$0,$0,$1,$2,$101,$25,$0,$24,$94,$119,$0,$-344,$0,$-18,$101,$-21,$1,$6,$7,$10,$0,$0,$20,$33,$20,$-0,$0,$0,$-29,$0,$-29,$0,$-29,$0,$0,$0,$2,$2,$0,$0,$2,$-7,$4,$0
21,2013-06-30,57.86,$-4.78,-12.11,$1.90,30.5,$21.89,2.64,$-5.94,0.0,$0.10B,$0.02B,4.53,$0.00B,$-0.03B,0.0,$0.01B,$0.01B,100.00%,$0.01B,$-0.02B,-230.00%,$0.01B,$-0.02B,-230.00%,$0.01B,$-0.02B,-230.00%,$0.01B,$0.01B,50.00%,$0.01B,$0.01B,50.00%,$0.01B,$-0.03B,-19.05%,$0.01B,$-0.03B,-19.05%,$0.01B,$0.11B,5.06%,$-0.02B,$-0.03B,87.62%,$3,$0,$3,$8,$2,$10,$-7,$-6,$-13,$0,$-13,$-13,$-13,$-7,$-7,$5,5,$-2.42,$-2.42,$98,$0,$0,$103,$1,$0,$0,$1,$2,$105,$23,$0,$34,$107,$130,$0,$-345,$-0,$-25,$105,$-22,$1,$11,$12,$13,$0,$-0,$23,$37,$27,$-0,$0,$0,$-35,$0,$-35,$0,$-35,$0,$0,$0,$1,$1,$0,$0,$1,$-7,$2,$0
22,2013-03-31,50.71,$-4.24,-11.96,$1.60,31.78,$21.34,2.38,$-3.96,0.0,$0.11B,$0.02B,4.71,$0.00B,$-0.02B,0.0,$0.01B,$0.01B,100.00%,$0.01B,$-0.02B,-211.11%,$0.01B,$-0.02B,-211.11%,$0.01B,$-0.02B,-211.11%,$0.01B,$0.04B,388.89%,$0.01B,$0.04B,388.89%,$0.04B,$-0.02B,-106.87%,$0.04B,$-0.02B,-106.87%,$0.04B,$0.11B,37.23%,$-0.02B,$-0.02B,58.02%,$3,$0,$3,$6,$3,$9,$-6,$-3,$-9,$0,$-9,$-9,$-9,$-6,$-6,$5,5,$-1.76,$-1.76,$104,$0,$0,$112,$1,$0,$0,$1,$2,$114,$24,$0,$36,$112,$136,$0,$-332,$0,$-22,$114,$-9,$0,$4,$4,$9,$0,$1,$27,$38,$33,$-0,$0,$0,$-24,$0,$-24,$0,$-24,$0,$0,$0,$0,$0,$0,$0,$0,$9,$1,$0
23,2012-12-31,46.31,$-2.70,-17.17,$1.08,42.79,$17.51,2.65,$-27.50,0.0,$0.09B,$0.02B,5.02,$0.00B,$-0.01B,0.0,$0.01B,$0.01B,100.00%,$0.01B,$-0.02B,-333.33%,$0.01B,$-0.02B,-333.33%,$0.01B,$-0.02B,-333.33%,$0.01B,$-0.07B,-1200.00%,$0.01B,$-0.07B,-1200.00%,$-0.07B,$-0.01B,154.84%,$-0.07B,$-0.01B,154.84%,$-0.07B,$0.09B,-81.82%,$-0.02B,$-0.01B,43.01%,$2,$0,$2,$6,$2,$8,$-6,$34,$28,$0,$28,$28,$28,$-6,$-6,$5,5,$7.69,$11.98,$71,$0,$0,$88,$1,$0,$0,$1,$2,$90,$17,$0,$33,$86,$103,$0,$-323,$0,$-14,$90,$-71,$1,$54,$55,$-16,$0,$-1,$61,$46,$30,$-0,$0,$0,$-46,$0,$-46,$0,$-47,$0,$0,$0,$22,$22,$0,$0,$22,$5,$3,$0
24,2012-09-30,79.64,$-8.62,-9.24,$0.67,118.4,$5.70,13.96,$-27.61,0.0,$0.08B,$0.02B,5.22,$0.00B,$-0.04B,0.0,$0.00B,$0.00B,100.00%,$0.00B,$-0.02B,-550.00%,$0.00B,$-0.02B,-550.00%,$0.00B,$-0.02B,-550.00%,$0.00B,$-0.11B,-2625.00%,$0.00B,$-0.11B,-2625.00%,$-0.11B,$-0.04B,250.00%,$-0.11B,$-0.04B,250.00%,$-0.11B,$0.09B,-147.89%,$-0.02B,$-0.04B,52.38%,$2,$0,$2,$4,$2,$6,$-4,$3,$-1,$0,$-1,$-1,$-1,$-4,$-4,$5,6,$-0.22,$-0.66,$66,$0,$0,$84,$1,$0,$0,$1,$2,$86,$16,$0,$68,$114,$130,$0,$-352,$0,$-44,$86,$-100,$1,$88,$88,$-17,$0,$-2,$53,$36,$25,$-0,$0,$0,$-43,$0,$-43,$0,$-44,$0,$0,$0,$21,$21,$0,$0,$21,$3,$2,$0
25,2012-06-30,81.4,$-10.24,-7.95,$0.37,222.38,$-2.84,0.0,$-27.83,0.0,$0.09B,$0.01B,6.3,$0.00B,$-0.05B,0.0,$0.00B,$0.00B,100.00%,$0.00B,$-0.03B,-1300.00%,$0.00B,$-0.03B,-1300.00%,$0.00B,$-0.03B,-1300.00%,$0.00B,$-0.11B,-5400.00%,$0.00B,$-0.11B,-5400.00%,$-0.11B,$-0.05B,375.65%,$-0.11B,$-0.05B,375.65%,$-0.11B,$0.09B,-192.00%,$-0.03B,$-0.05B,90.43%,$2,$0,$2,$3,$2,$5,$-3,$20,$17,$0,$17,$17,$17,$-3,$-3,$5,6,$3.41,$-0.44,$67,$0,$0,$85,$1,$0,$0,$1,$2,$86,$13,$0,$76,$124,$138,$0,$-351,$-0,$-51,$86,$-99,$0,$90,$90,$-16,$0,$-1,$54,$36,$27,$-0,$0,$0,$-44,$0,$-44,$0,$-44,$0,$0,$0,$20,$20,$0,$0,$20,$2,$1,$0
26,2012-03-31,96.8,$-15.73,-6.15,$0.06,1759.19,$-10.38,0.0,$-29.15,0.0,$0.09B,$0.02B,5.79,$0.00B,$-0.08B,0.0,$0.00B,0,nan%,$0.00B,$-0.03B,inf%,$0.00B,$-0.03B,inf%,$0.00B,$-0.03B,inf%,$0.00B,$-0.13B,inf%,$0.00B,$-0.13B,inf%,$-0.13B,$-0.08B,1043.14%,$-0.13B,$-0.08B,1043.14%,$-0.13B,$0.09B,-309.30%,$-0.03B,$-0.08B,235.29%,$0,$0,$0,$6,$2,$7,$-7,$-108,$-116,$0,$-116,$-116,$-116,$-7,$-7,$5,5,$-25.28,$-25.28,$50,$0,$0,$88,$1,$0,$0,$1,$2,$90,$15,$0,$102,$152,$167,$0,$-368,$0,$-77,$90,$-116,$0,$109,$109,$-38,$0,$-1,$57,$19,$12,$-0,$0,$0,$-9,$0,$-9,$0,$-9,$0,$0,$0,$17,$17,$0,$0,$17,$20,$0,$0
27,2011-12-31,13.42,$1.00,13.38,0,0.0,$-14.87,0.0,$-6.38,0.0,$0.02B,$0.01B,2.39,$0.00B,$0.00B,0.0,$0.00B,0,nan%,$0.00B,$-0.03B,inf%,$0.00B,$-0.03B,inf%,$0.00B,$-0.03B,inf%,$0.00B,$-0.03B,inf%,$0.00B,$-0.03B,inf%,$-0.03B,$0.00B,-217.39%,$-0.03B,$0.00B,-217.39%,$-0.03B,$0.02B,-81.97%,$-0.03B,$0.00B,-260.87%,$0,$0,$0,$7,$1,$8,$-8,$3,$-5,$0,$-5,$-5,$-5,$-8,$-8,$4,4,$-0.99,$-0.99,$20,$0,$0,$21,$1,$0,$0,$1,$2,$22,$9,$0,$9,$9,$18,$0,$-252,$-0,$4,$22,$-26,$1,$-3,$-3,$0,$0,$2,$-0,$5,$-24,$-1,$0,$0,$-9,$0,$-9,$0,$-9,$0,$0,$0,$30,$30,$0,$0,$30,$-3,$1,$0
28,2011-09-30,15.84,$2.11,7.49,0,0.0,$-16.38,0.0,$-7.26,0.0,$0.03B,$0.01B,4.85,$0.00B,$0.01B,0.0,$0.00B,0,nan%,$0.00B,$-0.03B,inf%,$0.00B,$-0.03B,inf%,$0.00B,$-0.03B,inf%,$0.00B,$-0.03B,inf%,$0.00B,$-0.03B,inf%,$-0.03B,$0.01B,-229.79%,$-0.03B,$0.01B,-229.79%,$-0.03B,$0.03B,-93.10%,$-0.03B,$0.01B,-238.30%,$0,$0,$0,$6,$1,$8,$-8,$4,$-4,$0,$-4,$-4,$-4,$-8,$-8,$4,4,$-0.88,$-0.88,$25,$0,$0,$26,$0,$0,$0,$0,$1,$27,$5,$0,$12,$12,$17,$0,$-247,$-0,$9,$27,$-20,$0,$-1,$-0,$0,$0,$0,$-0,$2,$-19,$-0,$0,$0,$-13,$0,$-13,$0,$-14,$0,$0,$0,$30,$30,$0,$0,$30,$-3,$1,$0
29,2011-06-30,18.37,$2.87,6.41,0,0.0,$-17.68,0.0,$-8.36,0.0,$0.03B,$0.00B,7.29,$0.00B,$0.01B,0.0,$0.00B,0,nan%,$0.00B,$-0.03B,inf%,$0.00B,$-0.03B,inf%,$0.00B,$-0.03B,inf%,$0.00B,$-0.03B,inf%,$0.00B,$-0.03B,inf%,$-0.03B,$0.01B,-236.73%,$-0.03B,$0.01B,-236.73%,$-0.03B,$0.03B,-104.50%,$-0.03B,$0.01B,-212.24%,$0,$0,$0,$5,$2,$7,$-7,$-1,$-8,$0,$-8,$-8,$-8,$-7,$-7,$4,4,$-1.76,$-1.76,$31,$0,$0,$33,$0,$0,$0,$0,$0,$33,$4,$0,$16,$16,$20,$0,$-243,$-0,$13,$33,$-16,$0,$3,$3,$0,$0,$0,$-0,$1,$-13,$0,$0,$0,$-15,$0,$-15,$0,$-15,$0,$0,$0,$30,$30,$0,$0,$30,$2,$0,$0
30,2011-03-31,16.94,$4.61,3.67,0,0.0,$-18.48,0.0,$-6.71,0.0,$0.04B,$0.01B,8.49,$0.00B,$0.02B,0.0,$0.00B,0,nan%,$0.00B,$-0.03B,inf%,$0.00B,$-0.03B,inf%,$0.00B,$-0.03B,inf%,$0.00B,$-0.02B,inf%,$0.00B,$-0.02B,inf%,$-0.02B,$0.02B,-158.49%,$-0.02B,$0.02B,-158.49%,$-0.02B,$0.04B,-79.25%,$-0.03B,$0.02B,-188.68%,$0,$0,$0,$6,$1,$7,$-7,$-1,$-8,$0,$-8,$-8,$-8,$-7,$-7,$3,3,$-2.53,$-2.53,$38,$0,$0,$39,$0,$0,$0,$0,$0,$40,$5,$0,$15,$15,$19,$0,$-235,$-0,$20,$40,$-8,$0,$1,$1,$0,$0,$0,$-0,$1,$-6,$0,$0,$0,$-2,$0,$-2,$0,$-2,$0,$0,$0,$30,$30,$0,$0,$30,$21,$0,$0
31,2010-12-31,14.85,$1.61,9.21,0,0.0,$-18.46,0.0,$-6.16,0.0,$0.02B,$0.00B,4.45,$0.00B,$0.01B,0.0,$0.00B,0,nan%,$0.00B,$-0.02B,inf%,$0.00B,$-0.02B,inf%,$0.00B,$-0.02B,inf%,$0.00B,$-0.02B,inf%,$0.00B,$-0.02B,inf%,$-0.02B,$0.01B,-152.00%,$-0.02B,$0.01B,-152.00%,$-0.02B,$0.02B,-69.72%,$-0.02B,$0.01B,-192.00%,$0,$0,$0,$5,$1,$6,$-6,$-0,$-7,$0,$-7,$-7,$-7,$-6,$-6,$3,3,$-2.09,$-2.09,$15,$0,$0,$16,$0,$0,$0,$0,$1,$16,$4,$0,$8,$8,$11,$0,$-226,$0,$5,$16,$-19,$1,$-4,$-4,$0,$0,$-0,$-0,$0,$-22,$-0,$0,$0,$22,$0,$22,$0,$22,$0,$0,$0,$0,$0,$0,$-0,$0,$-0,$1,$0
32,2010-09-30,13.97,$3.65,3.82,0,0.0,$-21.10,0.0,$-5.72,0.0,$0.02B,$0.00B,6.24,$0.00B,$0.01B,0.0,$0.00B,0,nan%,$0.00B,$-0.02B,inf%,$0.00B,$-0.02B,inf%,$0.00B,$-0.02B,inf%,$0.00B,$-0.02B,inf%,$0.00B,$-0.02B,inf%,$-0.02B,$0.01B,-100.00%,$-0.02B,$0.01B,-100.00%,$-0.02B,$0.02B,-47.89%,$-0.02B,$0.01B,-135.29%,$0,$0,$0,$5,$1,$6,$-6,$0,$-6,$0,$-6,$-6,$-6,$-6,$-6,$3,3,$-1.98,$-1.98,$20,$0,$0,$21,$0,$0,$0,$1,$1,$22,$3,$0,$7,$7,$11,$0,$-220,$0,$11,$22,$-12,$0,$-5,$-5,$0,$0,$0,$9,$-0,$-17,$-0,$0,$0,$12,$0,$12,$0,$12,$0,$0,$0,$0,$0,$0,$0,$0,$-5,$1,$0
33,2010-06-30,13.75,$5.49,2.51,0,0.0,$-25.22,0.0,$-8.14,0.0,$0.03B,$0.00B,7.12,$0.00B,$0.02B,0.0,$0.00B,0,nan%,$0.00B,$-0.02B,inf%,$0.00B,$-0.02B,inf%,$0.00B,$-0.02B,inf%,$0.00B,$-0.02B,inf%,$0.00B,$-0.02B,inf%,$-0.02B,$0.02B,-111.48%,$-0.02B,$0.02B,-111.48%,$-0.02B,$0.03B,-48.23%,$-0.02B,$0.02B,-144.26%,$0,$0,$0,$5,$1,$6,$-6,$6,$-0,$0,$-0,$-0,$-0,$-6,$-6,$3,3,$-0.11,$-0.11,$26,$0,$0,$27,$0,$0,$0,$1,$1,$28,$4,$0,$8,$8,$11,$0,$-214,$0,$17,$28,$-6,$0,$-5,$-5,$0,$0,$0,$9,$0,$-11,$-0,$0,$0,$6,$0,$6,$0,$6,$0,$0,$0,$0,$0,$0,$0,$0,$-5,$0,$0
34,2010-03-31,20.46,$5.50,3.72,0,0.0,$-28.22,0.0,$-12.54,0.0,$0.04B,$0.01B,3.21,$0.00B,$0.02B,0.0,$0.00B,0,nan%,$0.00B,$-0.02B,inf%,$0.00B,$-0.02B,inf%,$0.00B,$-0.02B,inf%,$0.00B,$-0.02B,inf%,$0.00B,$-0.02B,inf%,$-0.02B,$0.02B,-173.58%,$-0.02B,$0.02B,-173.58%,$-0.02B,$0.04B,-72.44%,$-0.02B,$0.02B,-158.49%,$0,$0,$0,$4,$1,$6,$-6,$-0,$-6,$0,$-6,$-6,$-6,$-6,$-6,$3,3,$-1.98,$-1.98,$32,$0,$0,$42,$0,$0,$0,$1,$1,$43,$13,$0,$13,$13,$27,$0,$-214,$-0,$17,$43,$-6,$0,$0,$0,$0,$0,$0,$-0,$0,$-5,$-0,$0,$0,$3,$0,$3,$0,$3,$0,$0,$0,$0,$0,$0,$0,$0,$-2,$0,$0
35,2009-12-31,19.8,$7.42,2.67,0,0.0,$-29.94,0.0,$-15.29,0.0,$0.05B,$0.01B,3.7,$0.00B,$0.02B,0.0,$0.00B,0,nan%,$0.00B,$-0.02B,inf%,$0.00B,$-0.02B,inf%,$0.00B,$-0.02B,inf%,$0.00B,$-0.02B,inf%,$0.00B,$-0.02B,inf%,$-0.02B,$0.02B,-188.24%,$-0.02B,$0.02B,-188.24%,$-0.02B,$0.05B,-93.20%,$-0.02B,$0.02B,-156.86%,$0,$0,$0,$4,$1,$5,$-5,$1,$-5,$0,$-5,$-5,$-5,$-5,$-5,$2,2,$0.33,$0.33,$37,$0,$0,$48,$1,$0,$0,$1,$1,$49,$13,$0,$13,$13,$26,$0,$-208,$-0,$23,$49,$-24,$1,$5,$5,$0,$0,$-1,$0,$1,$-18,$-0,$0,$0,$-21,$0,$-21,$0,$-21,$-0,$0,$-0,$33,$33,$0,$0,$33,$-7,$2,$0
36,2009-09-30,19.91,$2.58,7.73,$0.43,46.68,$-39.31,0.0,$-17.16,0.0,$0.02B,$0.01B,1.48,$0.00B,$0.00B,0.0,$0.00B,0,nan%,$0.00B,$-0.02B,inf%,$0.00B,$-0.02B,inf%,$0.00B,$-0.02B,inf%,$0.00B,$-0.02B,inf%,$0.00B,$-0.02B,inf%,$-0.02B,$0.00B,-195.92%,$-0.02B,$0.00B,-195.92%,$-0.02B,$0.02B,-121.52%,$-0.02B,$0.00B,-163.27%,$0,$0,$0,$4,$1,$5,$-5,$-1,$-6,$0,$-6,$-6,$-6,$-5,$-5,$1,1,$-4.40,$-4.40,$8,$0,$0,$20,$1,$0,$0,$1,$1,$21,$13,$0,$4,$4,$17,$0,$-203,$0,$4,$21,$-19,$1,$5,$5,$0,$0,$-0,$-11,$0,$-14,$-0,$0,$0,$3,$0,$3,$0,$3,$-0,$0,$-0,$0,$0,$0,$0,$-0,$-11,$2,$0
37,2009-06-30,16.5,$6.66,2.48,$0.85,19.41,$-43.94,0.0,$-18.04,0.0,$0.01B,$0.00B,6.26,$0.00B,$0.01B,0.0,$0.00B,0,nan%,$0.00B,$-0.02B,inf%,$0.00B,$-0.02B,inf%,$0.00B,$-0.02B,inf%,$0.00B,$-0.02B,inf%,$0.00B,$-0.02B,inf%,$-0.02B,$0.01B,-131.43%,$-0.02B,$0.01B,-131.43%,$-0.02B,$0.01B,-105.75%,$-0.02B,$0.01B,-114.29%,$0,$0,$0,$4,$1,$5,$-5,$-1,$-6,$0,$-6,$-6,$-6,$-5,$-5,$1,1,$-4.51,$-4.51,$13,$0,$0,$13,$1,$0,$0,$1,$1,$14,$2,$0,$3,$3,$5,$0,$-197,$0,$9,$14,$-13,$0,$3,$4,$0,$0,$-0,$0,$-0,$-9,$-0,$0,$0,$-1,$0,$-1,$0,$-1,$-0,$0,$-0,$0,$0,$0,$0,$-0,$-10,$1,$0
38,2009-03-31,13.53,$10.80,1.25,$1.48,9.12,$-52.34,0.0,$-20.79,0.0,$0.02B,$0.00B,10.42,$0.00B,$0.02B,0.0,$0.00B,0,nan%,$0.00B,$-0.02B,inf%,$0.00B,$-0.02B,inf%,$0.00B,$-0.02B,inf%,$0.00B,$-0.02B,inf%,$0.00B,$-0.02B,inf%,$-0.02B,$0.02B,-113.51%,$-0.02B,$0.02B,-113.51%,$-0.02B,$0.02B,-93.33%,$-0.02B,$0.02B,-102.70%,$0,$0,$0,$3,$2,$5,$-5,$-1,$-7,$0,$-7,$-7,$-7,$-5,$-5,$1,1,$-4.73,$-4.73,$17,$0,$0,$18,$1,$0,$0,$1,$1,$19,$2,$0,$2,$2,$4,$0,$-191,$0,$15,$19,$-7,$0,$2,$2,$0,$0,$-1,$0,$-1,$-5,$-0,$0,$0,$2,$0,$2,$0,$2,$-0,$0,$-0,$0,$0,$0,$0,$-0,$-3,$1,$0
39,2008-12-31,6.27,$15.47,0.41,$2.12,2.96,$-56.95,0.0,$-24.64,0.0,$0.02B,$0.00B,8.92,$0.00B,$0.02B,0.0,$0.00B,0,nan%,$0.00B,$-0.02B,inf%,$0.00B,$-0.02B,inf%,$0.00B,$-0.02B,inf%,$0.00B,$-0.02B,inf%,$0.00B,$-0.02B,inf%,$-0.02B,$0.02B,-101.33%,$-0.02B,$0.02B,-101.33%,$-0.02B,$0.03B,-82.61%,$-0.02B,$0.02B,-101.33%,$0,$0,$0,$4,$2,$5,$-5,$0,$-5,$0,$-5,$-5,$-5,$-5,$-5,$1,1,$-0.44,$-0.44,$22,$0,$0,$23,$1,$0,$0,$1,$2,$25,$3,$0,$1,$1,$3,$0,$-184,$0,$21,$25,$-18,$1,$3,$4,$0,$0,$-0,$-1,$-2,$-16,$-0,$0,$0,$4,$0,$4,$0,$4,$-1,$0,$-1,$17,$17,$0,$0,$16,$4,$3,$0
40,2008-09-30,14.3,$18.41,0.78,$2.33,6.14,$-89.70,0.0,$-34.32,0.0,$0.03B,$0.00B,9.22,$0.00B,$0.03B,0.0,$0.00B,0,nan%,$0.00B,$-0.02B,inf%,$0.00B,$-0.02B,inf%,$0.00B,$-0.02B,inf%,$0.00B,$-0.02B,inf%,$0.00B,$-0.02B,inf%,$-0.02B,$0.03B,-113.51%,$-0.02B,$0.03B,-113.51%,$-0.02B,$0.03B,-90.32%,$-0.02B,$0.03B,-118.92%,$0,$0,$0,$4,$1,$5,$-5,$0,$-5,$0,$-5,$-5,$-5,$-4,$-5,$1,1,$-5.39,$-5.39,$27,$0,$0,$27,$1,$0,$0,$1,$2,$29,$3,$0,$1,$1,$3,$0,$-179,$-0,$25,$29,$-13,$1,$3,$3,$0,$0,$-1,$-1,$-2,$-12,$-0,$0,$0,$8,$0,$8,$0,$8,$-1,$0,$-1,$17,$17,$0,$0,$16,$12,$3,$0
41,2008-06-30,24.42,$22.13,1.1,$2.54,9.6,$-115.74,0.0,$-40.92,0.0,$0.02B,$0.00B,4.12,$0.00B,$0.01B,0.0,$0.00B,0,nan%,$0.00B,$-0.02B,inf%,$0.00B,$-0.02B,inf%,$0.00B,$-0.02B,inf%,$0.00B,$-0.02B,inf%,$0.00B,$-0.02B,inf%,$-0.02B,$0.01B,-122.67%,$-0.02B,$0.01B,-122.67%,$-0.02B,$0.02B,-94.85%,$-0.02B,$0.01B,-128.00%,$0,$0,$0,$3,$1,$4,$-4,$0,$-4,$0,$-4,$-4,$-4,$-4,$-4,$1,1,$-7.03,$-7.03,$14,$0,$0,$15,$2,$0,$0,$1,$2,$17,$4,$0,$1,$1,$4,$0,$-174,$-0,$13,$17,$-9,$0,$2,$2,$0,$0,$-0,$-1,$-2,$-9,$-0,$0,$0,$9,$0,$9,$0,$9,$-0,$0,$-0,$0,$0,$0,$0,$-0,$-0,$2,$0
42,2008-03-31,25.74,$27.72,0.93,$2.55,10.09,$-131.90,0.0,$-47.52,0.0,$0.02B,$0.00B,4.13,$0.00B,$0.02B,0.01,$0.00B,0,nan%,$0.00B,$-0.03B,inf%,$0.00B,$-0.03B,inf%,$0.00B,$-0.03B,inf%,$0.00B,$-0.03B,inf%,$0.00B,$-0.03B,inf%,$-0.03B,$0.02B,-116.13%,$-0.03B,$0.02B,-116.13%,$-0.03B,$0.02B,-90.76%,$-0.03B,$0.02B,-120.43%,$0,$0,$0,$3,$2,$6,$-5,$0,$-5,$0,$-5,$-5,$-5,$-5,$-5,$1,1,$-8.79,$-8.79,$18,$0,$0,$19,$2,$0,$0,$1,$2,$21,$4,$0,$1,$1,$5,$0,$-170,$0,$16,$21,$-5,$0,$1,$1,$0,$0,$-0,$-0,$-1,$-5,$-0,$0,$0,$6,$0,$6,$0,$6,$-0,$0,$-0,$0,$0,$0,$0,$-0,$2,$1,$0
43,2007-12-31,34.98,$34.56,1.01,$2.56,13.67,$-142.40,0.0,$-55.44,0.0,$0.02B,$0.01B,4.36,$0.00B,$0.02B,0.02,$0.00B,0,nan%,$0.00B,$-0.03B,inf%,$0.00B,$-0.03B,inf%,$0.00B,$-0.03B,inf%,$0.00B,$-0.03B,inf%,$0.00B,$-0.03B,inf%,$-0.03B,$0.02B,-108.77%,$-0.03B,$0.02B,-108.77%,$-0.03B,$0.03B,-85.52%,$-0.03B,$0.02B,-114.78%,$0,$0,$0,$5,$3,$8,$-8,$0,$-7,$0,$-7,$-7,$-7,$-7,$-8,$1,1,$-12.64,$-12.64,$23,$0,$0,$23,$2,$0,$0,$1,$3,$26,$5,$0,$1,$1,$6,$0,$-165,$0,$20,$26,$-31,$1,$6,$7,$0,$0,$0,$-1,$-6,$-29,$-0,$0,$0,$13,$0,$13,$0,$13,$-1,$0,$-1,$0,$0,$0,$0,$-1,$-17,$6,$0
44,2007-09-30,58.74,$45.08,1.3,$2.62,22.44,$-178.90,0.0,$-59.39,0.0,$0.03B,$0.01B,5.04,$0.00B,$0.03B,0.02,$0.00B,0,nan%,$0.00B,$-0.04B,inf%,$0.00B,$-0.04B,inf%,$0.00B,$-0.03B,inf%,$0.00B,$-0.03B,inf%,$0.00B,$-0.03B,inf%,$-0.03B,$0.03B,-98.55%,$-0.03B,$0.03B,-98.55%,$-0.03B,$0.03B,-77.27%,$-0.04B,$0.03B,-100.00%,$0,$0,$0,$5,$2,$7,$-7,$0,$-7,$0,$-7,$-7,$-7,$-7,$-7,$1,1,$-11.65,$-11.65,$29,$0,$0,$30,$2,$0,$0,$1,$3,$33,$6,$1,$1,$1,$7,$0,$-158,$0,$26,$33,$-23,$1,$4,$5,$0,$0,$0,$-1,$-5,$-23,$-0,$0,$0,$11,$0,$11,$0,$11,$-1,$0,$-1,$0,$0,$0,$0,$-1,$-13,$4,$0
45,2007-06-30,81.18,$54.01,1.5,$2.63,30.9,$-207.94,0.0,$-77.87,0.0,$0.04B,$0.01B,5.67,$0.00B,$0.03B,0.03,$0.00B,0,nan%,$0.00B,$-0.05B,inf%,$0.00B,$-0.05B,inf%,$0.00B,$-0.04B,inf%,$0.00B,$-0.04B,inf%,$0.00B,$-0.04B,inf%,$-0.04B,$0.03B,-107.32%,$-0.04B,$0.03B,-107.32%,$-0.04B,$0.04B,-83.41%,$-0.05B,$0.03B,-109.52%,$0,$0,$0,$6,$2,$8,$-8,$0,$-8,$0,$-8,$-8,$-8,$-8,$-8,$1,1,$-13.84,$-13.84,$35,$0,$0,$36,$3,$0,$0,$1,$3,$39,$6,$1,$1,$2,$8,$0,$-151,$-0,$31,$39,$-17,$1,$3,$4,$0,$0,$0,$-1,$-4,$-17,$-0,$0,$0,$6,$0,$6,$0,$6,$-1,$0,$-1,$0,$0,$0,$0,$-0,$-12,$3,$0
46,2007-03-31,97.02,$64.70,1.5,$2.64,36.73,$-223.93,0.0,$-92.39,0.0,$0.04B,$0.01B,5.82,$0.00B,$0.04B,0.03,$0.00B,0,nan%,$0.00B,$-0.05B,inf%,$0.00B,$-0.05B,inf%,$0.00B,$-0.05B,inf%,$0.00B,$-0.05B,inf%,$0.00B,$-0.05B,inf%,$-0.05B,$0.04B,-104.52%,$-0.05B,$0.04B,-104.52%,$-0.05B,$0.05B,-82.21%,$-0.05B,$0.04B,-105.37%,$0,$0,$0,$7,$3,$10,$-10,$1,$-9,$0,$-9,$-9,$-9,$-9,$-10,$1,1,$-16.48,$-16.48,$42,$0,$0,$43,$3,$0,$0,$1,$3,$47,$7,$1,$0,$3,$10,$0,$-144,$-0,$37,$47,$-9,$0,$1,$2,$0,$0,$-0,$-1,$-3,$-10,$-0,$0,$0,$4,$0,$4,$0,$4,$-0,$0,$-0,$0,$0,$0,$0,$-0,$-7,$1,$0
47,2006-12-31,244.2,$78.09,3.13,$2.66,91.89,$-227.60,0.0,$-100.97,0.0,$0.05B,$0.01B,5.52,$0.00B,$0.04B,0.03,$0.00B,0,nan%,$0.00B,$-0.06B,inf%,$0.00B,$-0.06B,inf%,$0.00B,$-0.06B,inf%,$0.00B,$-0.06B,inf%,$0.00B,$-0.06B,inf%,$-0.06B,$0.04B,-94.61%,$-0.06B,$0.04B,-94.61%,$-0.06B,$0.06B,-76.77%,$-0.06B,$0.05B,-95.93%,$0,$0,$0,$8,$3,$11,$-10,$1,$-10,$0,$-10,$-10,$-10,$-10,$-10,$1,1,$-17.38,$-17.38,$53,$0,$0,$53,$3,$0,$0,$1,$4,$57,$10,$1,$0,$3,$13,$0,$-135,$-0,$44,$57,$-56,$1,$10,$11,$0,$0,$-1,$-1,$-2,$-46,$-2,$0,$0,$0,$0,$0,$-0,$-2,$2,$0,$2,$0,$0,$0,$0,$2,$-46,$10,$0
