,Date,Stock Price,Book Value per Share,Price to Book Ratio,TTM Sales per Share,Price to Sales Ratio,TTM FCF per Share,Price to FCF Ratio,TTM Net EPS,PE Ratio,Current Assets,Current Liabilities,Current Ratio,Long Term Debt,Shareholder's Equity_x,Debt to Equity Ratio,TTM Revenue_x,TTM Gross Profit,Gross Margin,TTM Revenue_y,TTM Operating Income,Operating Margin,TTM Revenue_x,TTM EBIT,EBIT Margin,TTM Revenue_y,TTM EBITDA,EBITDA Margin,TTM Revenue_x,TTM Pre-Tax Income,Pre-Tax Margin,TTM Revenue_y,TTM Net Income_x,Net Margin,TTM Net Income_y,Shareholder's Equity_y,Return on Equity,TTM Net Income_x,Tangible Equity,Return on Tangible Equity,TTM Net Income_y,Total Assets,Return on Assets,TTM Net Income,LT Investments & Debt,Return on Investment,revenue,cost-goods-sold,gross-profit,research-development-expenses,selling-general-administrative-expenses,operating-expenses,operating-income,total-non-operating-income-expense,pre-tax-income,total-provision-income-taxes,income-after-taxes,income-from-continuous-operations,net-income,ebitda,ebit,basic-shares-outstanding,shares-outstanding,eps-basic-net-earnings-per-share,eps-earnings-per-share-diluted,cash-on-hand,inventory,other-current-assets,total-current-assets,net-property-plant-equipment,long-term-investments,goodwill-intangible-assets-total,other-long-term-assets,total-long-term-assets,total-assets,total-current-liabilities,long-term-debt,other-non-current-liabilities,total-long-term-liabilities,total-liabilities,common-stock-net,retained-earnings-accumulated-deficit,comprehensive-income,total-share-holder-equity,total-liabilities-share-holders-equity,net-income-loss,total-depreciation-amortization-cash-flow,other-non-cash-items,total-non-cash-items,change-in-accounts-receivable,change-in-inventories,change-in-accounts-payable,change-in-assets-liabilities,total-change-in-assets-liabilities,cash-flow-from-operating-activities,net-change-in-property-plant-equipment,net-change-in-intangible-assets,net-acquisitions-divestitures,net-change-in-short-term-investments,net-change-in-long-term-investments,net-change-in-investments-total,investing-activities-other,cash-flow-from-investing-activities,net-long-term-debt,net-current-debt,debt-issuance-retirement-net-total,net-common-equity-issued-repurchased,net-total-equity-issued-repurchased,total-common-preferred-stock-dividends-paid,financial-activities-other,cash-flow-from-financial-activities,net-cash-flow,stock-based-compensation,common-stock-dividends-paid
0,2018-09-30,13.31,$9.64,1.38,$2.85,4.67,$2.95,4.52,$1.43,9.31,$0.36B,$1.13B,0.32,$0.83B,$3.49B,0.24,$1.11B,$0.96B,86.49%,$1.11B,$0.95B,85.41%,$1.11B,$0.95B,85.41%,$1.11B,$1.01B,90.81%,$1.11B,$0.90B,80.63%,$1.11B,$0.54B,48.65%,$0.54B,$3.49B,16.38%,$0.54B,$3.49B,16.38%,$0.54B,$5.66B,9.61%,$0.95B,$4.32B,22.96%,$290,$42,$248,$0,$3,$45,$245,$-13,$232,$50,$182,$182,$182,$259,$245,$362,383,$0.50,$0.49,$267,$0,$0,$355,$50,$5026,$0,$96,$5302,$5657,$1129,$831,$208,$1039,$2168,$371,$1490,$-129,$3490,$5657,$512,$45,$147,$192,$-9,$0,$15,$-264,$-334,$384,$-11,$0,$0,$0,$-141,$-141,$44,$-108,$0,$0,$0,$-100,$-100,$0,$-8,$-108,$167,$0,$0
1,2018-06-30,10.72,$9.15,1.17,$2.78,3.85,$2.60,4.13,$1.26,8.51,$0.29B,$1.22B,0.24,$0.83B,$3.31B,0.25,$1.09B,$0.91B,83.76%,$1.09B,$0.90B,82.66%,$1.09B,$0.90B,82.66%,$1.09B,$0.96B,88.26%,$1.09B,$0.85B,77.71%,$1.09B,$0.48B,43.85%,$0.48B,$3.31B,14.90%,$0.48B,$3.31B,14.90%,$0.48B,$5.59B,8.50%,$0.90B,$4.15B,22.31%,$282,$28,$254,$0,$3,$31,$251,$-13,$238,$51,$187,$187,$187,$266,$251,$369,389,$0.51,$0.49,$192,$0,$0,$288,$49,$4981,$0,$93,$5304,$5592,$1219,$831,$228,$1059,$2278,$371,$1308,$-117,$3314,$5592,$330,$31,$95,$126,$-14,$0,$13,$-174,$-185,$263,$-8,$0,$0,$0,$-68,$-68,$13,$-62,$0,$0,$0,$-100,$-100,$0,$-8,$-108,$92,$0,$0
2,2018-03-31,13.0,$8.70,1.49,$2.73,4.77,$2.24,5.81,$1.08,12.04,$0.28B,$1.32B,0.21,$0.83B,$3.23B,0.26,$1.07B,$0.86B,79.93%,$1.07B,$0.85B,78.90%,$1.07B,$0.85B,78.90%,$1.07B,$0.91B,84.69%,$1.07B,$0.79B,73.76%,$1.07B,$0.41B,38.28%,$0.41B,$3.23B,13.11%,$0.41B,$3.23B,13.11%,$0.41B,$5.62B,7.29%,$0.85B,$4.06B,21.35%,$266,$70,$196,$0,$3,$73,$193,$-13,$180,$36,$144,$144,$144,$209,$193,$371,392,$0.39,$0.38,$177,$0,$0,$279,$48,$4982,$0,$75,$5337,$5616,$1322,$831,$232,$1063,$2385,$371,$1121,$-108,$3231,$5616,$144,$16,$40,$56,$-1,$0,$5,$-61,$-60,$134,$-5,$0,$0,$0,$-43,$-43,$0,$-48,$0,$0,$0,$0,$0,$0,$-8,$-8,$78,$0,$0
3,2017-12-31,14.11,$8.51,1.66,$2.70,5.24,$2.09,6.75,$0.94,15.01,$0.21B,$1.38B,0.15,$0.83B,$3.16B,0.26,$1.07B,$0.85B,79.92%,$1.07B,$0.84B,78.99%,$1.07B,$0.84B,78.99%,$1.07B,$0.91B,84.90%,$1.07B,$0.78B,73.55%,$1.07B,$0.36B,33.40%,$0.36B,$3.16B,11.94%,$0.36B,$3.16B,11.94%,$0.36B,$5.62B,6.25%,$0.84B,$3.99B,21.39%,$272,$9,$262,$0,$3,$13,$259,$-13,$245,$218,$27,$27,$27,$274,$259,$362,395,$0.08,$0.08,$100,$0,$0,$206,$45,$5037,$0,$78,$5413,$5619,$1379,$830,$256,$1086,$2465,$371,$977,$-44,$3155,$5619,$356,$64,$355,$419,$-27,$0,$63,$-455,$-370,$407,$-16,$0,$0,$0,$-288,$-288,$0,$-304,$-150,$0,$-150,$0,$0,$0,$-8,$-159,$-56,$0,$0
4,2017-09-30,12.53,$8.45,1.48,$2.62,4.77,$1.60,7.85,$1.15,10.9,$0.36B,$1.48B,0.24,$0.83B,$3.13B,0.27,$1.06B,$0.77B,72.67%,$1.06B,$0.76B,71.72%,$1.06B,$0.76B,71.72%,$1.06B,$0.83B,77.85%,$1.06B,$0.70B,66.07%,$1.06B,$0.44B,41.09%,$0.44B,$3.13B,15.40%,$0.44B,$3.13B,15.40%,$0.44B,$5.68B,7.61%,$0.76B,$3.96B,19.65%,$270,$70,$201,$0,$3,$73,$198,$-13,$184,$64,$120,$120,$120,$213,$198,$371,391,$0.32,$0.32,$251,$0,$0,$355,$43,$4760,$0,$82,$5321,$5676,$1476,$830,$240,$1070,$2546,$371,$939,$-26,$3130,$5676,$328,$49,$166,$214,$-19,$0,$41,$-333,$-275,$256,$-12,$0,$0,$0,$6,$6,$4,$-3,$-150,$0,$-150,$0,$0,$0,$-8,$-159,$95,$0,$0
5,2017-06-30,11.2,$8.08,1.39,$2.61,4.3,$1.33,8.44,$0.97,11.55,$0.23B,$1.54B,0.15,$0.83B,$3.00B,0.28,$1.07B,$0.75B,69.95%,$1.07B,$0.74B,69.11%,$1.07B,$0.74B,69.11%,$1.07B,$0.80B,75.21%,$1.07B,$0.60B,56.43%,$1.07B,$0.37B,35.02%,$0.37B,$3.00B,13.85%,$0.37B,$3.00B,13.85%,$0.37B,$5.60B,6.46%,$0.74B,$3.83B,19.25%,$263,$66,$197,$0,$3,$68,$195,$-14,$181,$62,$119,$119,$119,$211,$195,$367,394,$0.32,$0.31,$128,$0,$0,$230,$42,$4752,$0,$75,$5370,$5600,$1539,$830,$236,$1066,$2605,$371,$819,$-37,$2995,$5600,$208,$33,$106,$140,$-11,$0,$22,$-252,$-207,$126,$-10,$0,$0,$0,$12,$12,$3,$5,$-150,$0,$-150,$0,$0,$0,$-8,$-158,$-28,$0,$0
6,2017-03-31,10.13,$7.75,1.31,$2.53,4.0,$1.15,8.81,$0.92,11.01,$0.53B,$1.67B,0.32,$1.33B,$2.65B,0.5,$1.07B,$0.73B,68.48%,$1.07B,$0.72B,67.54%,$1.07B,$0.72B,67.54%,$1.07B,$0.78B,73.55%,$1.07B,$0.59B,54.88%,$1.07B,$0.36B,34.05%,$0.36B,$2.65B,14.11%,$0.36B,$2.65B,14.11%,$0.36B,$5.90B,6.24%,$0.72B,$3.98B,19.17%,$261,$68,$192,$0,$2,$71,$190,$-16,$174,$84,$90,$90,$90,$207,$190,$341,402,$0.26,$0.24,$427,$0,$0,$531,$38,$4693,$0,$71,$5373,$5904,$1672,$1329,$255,$1584,$3256,$360,$723,$-63,$2648,$5904,$90,$17,$49,$66,$-4,$0,$8,$-103,$-65,$77,$-4,$0,$0,$0,$46,$46,$10,$52,$150,$0,$150,$0,$0,$0,$-8,$142,$272,$0,$0
7,2016-12-31,10.19,$7.48,1.36,$2.48,4.11,$0.97,10.49,$0.85,11.99,$0.26B,$1.77B,0.15,$1.18B,$2.55B,0.46,$1.06B,$0.67B,63.16%,$1.06B,$0.66B,62.22%,$1.06B,$0.66B,62.22%,$1.06B,$0.72B,67.95%,$1.06B,$0.52B,48.40%,$1.06B,$0.34B,32.14%,$0.34B,$2.55B,13.70%,$0.34B,$2.55B,13.70%,$0.34B,$5.74B,5.92%,$0.66B,$3.73B,18.27%,$267,$85,$181,$0,$3,$88,$178,$-16,$162,$55,$107,$107,$107,$195,$178,$343,432,$0.32,$0.29,$155,$0,$0,$263,$36,$4736,$0,$73,$5471,$5735,$1769,$1179,$238,$1417,$3186,$359,$633,$-75,$2549,$5735,$343,$61,$244,$305,$-31,$0,$50,$-458,$-439,$225,$-11,$0,$0,$0,$-83,$-83,$0,$-93,$56,$0,$56,$-147,$-147,$0,$-66,$-157,$-26,$0,$0
8,2016-09-30,8.0,$7.48,1.07,$2.42,3.31,$0.81,9.87,$0.81,9.88,$0.37B,$1.86B,0.2,$1.18B,$2.58B,0.46,$1.06B,$0.62B,58.77%,$1.06B,$0.61B,57.82%,$1.06B,$0.61B,57.82%,$1.06B,$0.67B,63.41%,$1.06B,$0.46B,43.79%,$1.06B,$0.34B,31.94%,$0.34B,$2.58B,13.93%,$0.34B,$2.58B,13.93%,$0.34B,$5.87B,5.80%,$0.61B,$3.76B,17.17%,$274,$99,$175,$0,$3,$101,$173,$-89,$84,$27,$57,$57,$57,$188,$173,$349,406,$0.16,$0.14,$275,$0,$0,$374,$32,$4768,$0,$80,$5499,$5873,$1857,$1178,$255,$1433,$3290,$359,$525,$30,$2583,$5873,$235,$44,$193,$237,$-17,$0,$41,$-360,$-335,$149,$-5,$0,$0,$0,$48,$48,$3,$46,$56,$0,$56,$-92,$-92,$0,$-65,$-101,$94,$0,$0
9,2016-06-30,5.95,$7.37,0.81,$2.32,2.57,$0.74,8.06,$2.45,2.43,$0.40B,$1.94B,0.21,$1.05B,$2.51B,0.42,$1.05B,$0.59B,56.33%,$1.05B,$0.58B,55.38%,$1.05B,$0.58B,55.38%,$1.05B,$0.64B,60.89%,$1.05B,$0.51B,48.05%,$1.05B,$1.10B,104.95%,$1.10B,$2.51B,47.75%,$1.10B,$2.51B,47.75%,$1.10B,$5.75B,18.86%,$0.58B,$3.56B,16.76%,$264,$82,$182,$0,$2,$84,$179,$-14,$165,$56,$109,$109,$109,$194,$179,$341,446,$0.32,$0.26,$301,$0,$0,$398,$31,$4606,$0,$77,$5347,$5745,$1941,$1048,$244,$1292,$3233,$341,$468,$45,$2512,$5745,$178,$28,$100,$128,$-10,$0,$28,$-261,$-242,$55,$-3,$0,$0,$0,$239,$239,$25,$261,$-176,$0,$-176,$0,$0,$0,$-20,$-196,$120,$0,$0
10,2016-03-31,7.67,$6.88,1.11,$2.28,3.36,$0.48,15.95,$2.47,3.11,$0.34B,$2.04B,0.17,$1.10B,$2.34B,0.47,$1.03B,$0.54B,52.82%,$1.03B,$0.54B,51.94%,$1.03B,$0.54B,51.94%,$1.03B,$0.59B,57.38%,$1.03B,$0.46B,44.17%,$1.03B,$1.11B,107.57%,$1.11B,$2.34B,55.64%,$1.11B,$2.34B,55.64%,$1.11B,$5.77B,19.36%,$0.54B,$3.44B,16.63%,$259,$125,$134,$0,$2,$127,$132,$-28,$104,$34,$69,$69,$69,$146,$132,$340,431,$0.20,$0.17,$250,$0,$0,$342,$31,$4603,$0,$79,$5431,$5773,$2043,$1097,$289,$1387,$3430,$341,$359,$-11,$2343,$5773,$69,$14,$44,$58,$0,$0,$10,$-139,$-129,$4,$-2,$0,$0,$0,$167,$167,$44,$209,$-126,$0,$-126,$0,$0,$0,$-18,$-144,$69,$0,$0
11,2015-12-31,8.83,$6.58,1.34,$2.26,3.91,$0.41,21.75,$2.62,3.37,$0.28B,$2.17B,0.13,$1.21B,$2.24B,0.54,$1.04B,$0.57B,54.37%,$1.04B,$0.56B,53.51%,$1.04B,$0.56B,53.51%,$1.04B,$0.61B,58.60%,$1.04B,$0.49B,46.78%,$1.04B,$1.17B,112.58%,$1.17B,$2.24B,68.85%,$1.17B,$2.24B,68.85%,$1.17B,$5.87B,20.92%,$0.56B,$3.45B,18.71%,$258,$129,$129,$0,$3,$132,$126,$-17,$109,$7,$102,$102,$102,$141,$126,$340,468,$0.31,$0.22,$181,$0,$0,$277,$30,$4703,$0,$80,$5591,$5868,$2173,$1212,$247,$1459,$3632,$340,$290,$-61,$2236,$5868,$1172,$53,$-721,$-668,$128,$0,$77,$-537,$-330,$161,$-5,$0,$0,$0,$-110,$-110,$17,$-97,$-73,$0,$-73,$0,$0,$0,$-8,$-81,$-17,$0,$0
12,2015-09-30,9.26,$6.33,1.46,$2.29,4.04,$-0.92,0.0,$2.57,3.6,$0.48B,$2.25B,0.21,$1.30B,$2.15B,0.6,$1.02B,$0.53B,52.05%,$1.02B,$0.52B,51.17%,$1.02B,$0.52B,51.17%,$1.02B,$0.57B,55.96%,$1.02B,$0.45B,44.24%,$1.02B,$1.14B,111.72%,$1.14B,$2.15B,81.57%,$1.14B,$2.15B,81.57%,$1.14B,$6.01B,20.99%,$0.52B,$3.45B,19.42%,$270,$123,$147,$0,$2,$125,$145,$-17,$127,$-696,$823,$823,$823,$159,$145,$340,468,$2.42,$1.78,$385,$0,$0,$479,$29,$4631,$0,$95,$5529,$6008,$2245,$1296,$318,$1615,$3860,$340,$188,$-43,$2149,$6008,$1070,$38,$-727,$-689,$112,$0,$62,$-400,$-225,$135,$-3,$0,$0,$0,$-13,$-13,$65,$50,$0,$0,$0,$0,$0,$0,$2,$2,$187,$0,$0
13,2015-06-30,11.38,$3.65,3.12,$2.28,4.99,$-2.03,0.0,$0.97,11.73,$0.47B,$2.36B,0.2,$1.30B,$1.24B,1.05,$0.99B,$0.48B,48.33%,$0.99B,$0.47B,47.42%,$0.99B,$0.47B,47.42%,$0.99B,$0.52B,52.07%,$0.99B,$0.40B,40.24%,$0.99B,$0.39B,39.74%,$0.39B,$1.24B,35.36%,$0.39B,$1.24B,35.36%,$0.39B,$5.25B,7.44%,$0.47B,$2.54B,19.48%,$243,$109,$134,$0,$2,$111,$132,$-17,$115,$1,$114,$114,$114,$145,$132,$340,439,$0.33,$0.28,$216,$0,$0,$470,$29,$4587,$0,$147,$4777,$5247,$2355,$1296,$357,$1653,$4008,$340,$-635,$-128,$1238,$5247,$247,$24,$-29,$-5,$-55,$0,$41,$-314,$-327,$-60,$-2,$0,$0,$0,$18,$18,$59,$75,$0,$0,$0,$0,$0,$0,$3,$3,$18,$0,$0
14,2015-03-31,9.63,$3.49,2.76,$2.29,4.21,$-2.57,0.0,$0.81,11.89,$0.47B,$2.49B,0.19,$1.30B,$1.19B,1.09,$0.98B,$0.41B,41.97%,$0.98B,$0.40B,41.04%,$0.98B,$0.40B,41.04%,$0.98B,$0.45B,45.65%,$0.98B,$0.33B,33.78%,$0.98B,$0.33B,33.27%,$0.33B,$1.19B,31.40%,$0.33B,$1.19B,31.40%,$0.33B,$5.28B,6.11%,$0.40B,$2.48B,17.20%,$270,$115,$156,$0,$2,$116,$154,$-17,$136,$3,$133,$133,$133,$165,$154,$339,468,$0.39,$0.32,$233,$0,$0,$468,$29,$4630,$0,$143,$4815,$5283,$2485,$1296,$316,$1612,$4097,$340,$-749,$-64,$1186,$5283,$133,$11,$-29,$-18,$-22,$0,$20,$-160,$-162,$-33,$-1,$0,$0,$0,$48,$48,$18,$65,$0,$0,$0,$0,$0,$0,$3,$3,$35,$0,$0
15,2014-12-31,9.32,$3.06,3.04,$2.28,4.09,$-2.89,0.0,$0.64,14.56,$0.43B,$2.62B,0.16,$1.30B,$1.04B,1.25,$0.94B,$0.33B,35.46%,$0.94B,$0.33B,34.50%,$0.94B,$0.33B,34.50%,$0.94B,$0.37B,39.70%,$0.94B,$0.26B,27.07%,$0.94B,$0.25B,26.75%,$0.25B,$1.04B,26.56%,$0.25B,$1.04B,26.56%,$0.25B,$5.27B,4.70%,$0.33B,$2.33B,14.48%,$241,$145,$96,$0,$2,$148,$93,$-18,$75,$1,$74,$74,$74,$104,$93,$339,414,$0.22,$0.19,$215,$0,$0,$428,$29,$4643,$0,$154,$4838,$5266,$2624,$1296,$309,$1606,$4230,$340,$-852,$-81,$1037,$5266,$252,$49,$-0,$49,$-63,$0,$49,$-688,$-703,$-405,$-5,$0,$0,$0,$297,$297,$0,$292,$-21,$0,$-21,$0,$0,$0,$-1,$-22,$-135,$0,$0
16,2014-09-30,7.81,$2.91,2.69,$2.50,3.12,$-5.01,0.0,$0.45,17.36,$0.46B,$2.74B,0.17,$1.30B,$0.99B,1.32,$0.95B,$0.26B,27.28%,$0.95B,$0.25B,26.13%,$0.95B,$0.25B,26.13%,$0.95B,$0.30B,31.79%,$0.95B,$0.18B,18.89%,$0.95B,$0.18B,18.57%,$0.18B,$0.99B,20.21%,$0.18B,$0.99B,20.21%,$0.18B,$5.34B,3.25%,$0.25B,$2.28B,11.44%,$235,$143,$92,$0,$2,$145,$90,$-17,$72,$0,$72,$72,$72,$101,$90,$339,414,$0.21,$0.18,$261,$0,$0,$455,$29,$4660,$0,$184,$4885,$5339,$2742,$1296,$316,$1613,$4355,$340,$-927,$-57,$985,$5339,$178,$38,$20,$58,$-44,$0,$32,$-557,$-572,$-338,$-4,$0,$0,$0,$267,$267,$7,$271,$-22,$0,$-22,$0,$0,$0,$0,$-22,$-89,$0,$0
17,2014-06-30,9.24,$2.75,3.36,$2.69,3.44,$-6.23,0.0,$0.31,29.81,$0.48B,$2.88B,0.17,$1.30B,$0.93B,1.39,$0.97B,$0.20B,20.58%,$0.97B,$0.19B,19.44%,$0.97B,$0.19B,19.44%,$0.97B,$0.25B,25.51%,$0.97B,$0.12B,12.35%,$0.97B,$0.12B,12.04%,$0.12B,$0.93B,14.53%,$0.12B,$0.93B,14.53%,$0.12B,$5.38B,2.10%,$0.19B,$2.23B,8.95%,$231,$166,$66,$0,$2,$167,$64,$-17,$47,$1,$46,$46,$46,$76,$64,$339,413,$0.13,$0.12,$360,$0,$0,$478,$28,$4644,$0,$219,$4901,$5379,$2879,$1296,$272,$1568,$4448,$340,$-999,$-35,$932,$5379,$106,$27,$-8,$19,$-22,$0,$14,$-394,$-403,$-279,$-3,$0,$0,$0,$314,$314,$0,$311,$-22,$0,$-22,$0,$0,$0,$0,$-22,$10,$0,$0
18,2014-03-31,8.52,$2.48,3.43,$2.90,2.93,$-7.05,0.0,$0.23,37.04,$0.44B,$3.04B,0.14,$1.30B,$0.84B,1.54,$1.01B,$0.17B,16.62%,$1.01B,$0.16B,15.52%,$1.01B,$0.16B,15.52%,$1.01B,$0.22B,21.69%,$1.01B,$0.09B,8.56%,$1.01B,$0.08B,8.26%,$0.08B,$0.84B,11.18%,$0.08B,$0.84B,11.18%,$0.08B,$5.47B,1.45%,$0.16B,$2.14B,7.59%,$235,$155,$80,$0,$1,$157,$78,$-18,$61,$1,$60,$60,$60,$93,$78,$338,413,$0.18,$0.15,$314,$0,$0,$435,$29,$4793,$0,$198,$5030,$5465,$3038,$1296,$290,$1586,$4624,$340,$-1044,$-78,$841,$5465,$60,$15,$0,$15,$-9,$0,$6,$-230,$-232,$-158,$-3,$0,$0,$0,$132,$132,$13,$142,$-22,$0,$-22,$0,$0,$0,$0,$-22,$-36,$0,$0
19,2013-12-31,8.44,$2.20,3.83,$3.49,2.42,$-7.74,0.0,$-0.23,0.0,$0.49B,$3.26B,0.15,$1.32B,$0.75B,1.77,$1.04B,$0.04B,4.14%,$1.04B,$0.03B,3.18%,$1.04B,$0.03B,3.18%,$1.04B,$0.10B,9.82%,$1.04B,$-0.05B,-4.52%,$1.04B,$-0.05B,-4.81%,$-0.05B,$0.75B,-6.88%,$-0.05B,$0.75B,-6.88%,$-0.05B,$5.60B,-0.83%,$0.03B,$2.06B,1.61%,$252,$230,$22,$0,$5,$234,$17,$-18,$-0,$1,$-1,$-1,$-1,$33,$17,$312,312,$0.07,$0.07,$350,$0,$0,$489,$26,$4898,$0,$178,$5112,$5601,$3264,$1317,$275,$1593,$4857,$340,$-1075,$-118,$745,$5601,$-50,$69,$-5,$64,$2,$0,$16,$-1025,$-1007,$-971,$-1,$0,$0,$0,$-837,$-837,$-17,$-855,$467,$0,$467,$663,$663,$0,$0,$1131,$-695,$0,$0
20,2013-09-30,7.28,$2.08,3.5,$4.53,1.61,$-12.39,0.0,$-2.14,0.0,$0.67B,$3.56B,0.19,$1.32B,$0.70B,1.87,$1.16B,$-0.34B,-29.02%,$1.16B,$-0.34B,-29.53%,$1.16B,$-0.34B,-29.53%,$1.16B,$-0.27B,-23.06%,$1.16B,$-0.43B,-37.22%,$1.16B,$-0.44B,-37.65%,$-0.44B,$0.70B,-73.93%,$-0.44B,$0.70B,-73.93%,$-0.44B,$5.86B,-7.27%,$-0.34B,$2.02B,-19.13%,$254,$222,$32,$0,$2,$224,$30,$-18,$12,$0,$12,$12,$12,$46,$30,$338,339,$0.04,$0.04,$518,$0,$0,$669,$26,$5054,$0,$96,$5189,$5858,$3559,$1317,$278,$1595,$5154,$340,$-1073,$-159,$703,$5858,$-48,$54,$-7,$47,$27,$0,$11,$-728,$-690,$-693,$0,$0,$0,$0,$-948,$-948,$-60,$-1008,$467,$0,$467,$663,$663,$0,$0,$1131,$-570,$0,$0
21,2013-06-30,6.07,$2.02,3.01,$5.29,1.15,$-16.16,0.0,$-3.40,0.0,$0.79B,$3.80B,0.21,$1.32B,$0.68B,1.94,$1.21B,$-0.59B,-48.84%,$1.21B,$-0.60B,-49.34%,$1.21B,$-0.60B,-49.34%,$1.21B,$-0.51B,-42.23%,$1.21B,$-0.69B,-57.27%,$1.21B,$-0.70B,-57.44%,$-0.70B,$0.68B,-119.62%,$-0.70B,$0.68B,-119.62%,$-0.70B,$6.04B,-11.52%,$-0.60B,$2.00B,-36.11%,$264,$231,$33,$0,$2,$233,$31,$-18,$13,$1,$12,$12,$12,$46,$31,$338,339,$0.04,$0.04,$632,$0,$0,$792,$27,$5032,$0,$180,$5251,$6044,$3803,$1317,$243,$1560,$5363,$340,$-1085,$-168,$681,$6044,$-61,$38,$-36,$2,$24,$0,$4,$-476,$-449,$-509,$0,$0,$0,$0,$-920,$-920,$-158,$-1078,$467,$0,$467,$663,$663,$0,$0,$1131,$-456,$0,$0
22,2013-03-31,4.95,$2.30,2.15,$6.10,0.81,$-18.89,0.0,$-4.80,0.0,$1.82B,$4.06B,0.45,$1.33B,$0.78B,1.72,$1.27B,$-0.87B,-68.98%,$1.27B,$-0.88B,-69.46%,$1.27B,$-0.88B,-69.46%,$1.27B,$-0.78B,-61.88%,$1.27B,$-0.98B,-77.58%,$1.27B,$-0.98B,-77.43%,$-0.98B,$0.78B,-156.33%,$-0.98B,$0.78B,-156.33%,$-0.98B,$6.51B,-16.08%,$-0.88B,$2.11B,-55.97%,$269,$313,$-44,$0,$2,$315,$-45,$-26,$-72,$1,$-73,$-73,$-73,$-23,$-45,$232,232,$-0.31,$-0.31,$1636,$0,$0,$1818,$27,$4572,$0,$80,$4691,$6508,$4061,$1334,$336,$1670,$5731,$340,$-1098,$-58,$778,$6508,$-73,$23,$5,$28,$6,$0,$1,$-214,$-206,$-252,$0,$0,$0,$0,$-332,$-332,$43,$-288,$485,$0,$485,$664,$664,$0,$0,$1148,$608,$0,$0
23,2012-12-31,2.66,$0.97,2.73,$6.83,0.39,$-19.90,0.0,$-4.59,0.0,$1.22B,$4.27B,0.29,$0.83B,$0.20B,4.19,$1.38B,$-0.82B,-59.65%,$1.38B,$-0.83B,-60.16%,$1.38B,$-0.83B,-60.16%,$1.38B,$-0.73B,-52.98%,$1.38B,$-0.93B,-67.42%,$1.38B,$-0.93B,-67.34%,$-0.93B,$0.20B,-129.61%,$-0.93B,$0.20B,-129.61%,$-0.93B,$5.57B,-15.02%,$-0.83B,$1.02B,-53.68%,$371,$728,$-357,$0,$2,$730,$-358,$-25,$-384,$3,$-387,$-387,$-387,$-336,$-358,$202,202,$-1.91,$-1.91,$1028,$0,$0,$1216,$27,$4258,$0,$62,$4358,$5574,$4269,$825,$283,$1108,$5377,$205,$-990,$-48,$197,$5574,$-927,$100,$-235,$-135,$30,$0,$0,$-535,$-503,$-1569,$0,$0,$0,$0,$1654,$1654,$-0,$1654,$-53,$0,$-53,$0,$0,$0,$0,$-53,$32,$0,$0
24,2012-09-30,1.53,$3.31,0.46,$7.21,0.21,$-21.51,0.0,$-3.35,0.0,$0.93B,$4.23B,0.22,$0.82B,$0.67B,1.22,$1.45B,$-0.54B,-36.93%,$1.45B,$-0.55B,-37.48%,$1.45B,$-0.55B,-37.48%,$1.45B,$-0.44B,-30.47%,$1.45B,$-0.64B,-44.29%,$1.45B,$-0.68B,-46.49%,$-0.68B,$0.67B,-69.98%,$-0.68B,$0.67B,-69.98%,$-0.68B,$6.01B,-10.26%,$-0.55B,$1.48B,-30.22%,$306,$530,$-223,$0,$2,$532,$-225,$-24,$-250,$-3,$-247,$-247,$-247,$-198,$-225,$202,202,$-1.22,$-1.22,$730,$0,$0,$934,$27,$4969,$0,$69,$5075,$6009,$4228,$815,$298,$1113,$5341,$205,$-604,$38,$668,$6009,$-540,$77,$-145,$-68,$-8,$0,$-15,$-540,$-562,$-1173,$0,$0,$0,$0,$973,$973,$-13,$960,$-53,$0,$-53,$0,$0,$0,$0,$-53,$-265,$0,$0
25,2012-06-30,2.88,$4.29,0.67,$7.37,0.39,$-22.74,0.0,$-2.95,0.0,$0.78B,$4.35B,0.18,$0.81B,$0.87B,0.93,$1.49B,$-0.48B,-32.19%,$1.49B,$-0.49B,-32.73%,$1.49B,$-0.49B,-32.73%,$1.49B,$-0.39B,-26.26%,$1.49B,$-0.59B,-39.39%,$1.49B,$-0.59B,-40.00%,$-0.59B,$0.87B,-51.82%,$-0.59B,$0.87B,-51.82%,$-0.59B,$6.32B,-8.46%,$-0.49B,$1.67B,-24.16%,$321,$571,$-250,$0,$2,$573,$-252,$-25,$-277,$-3,$-274,$-274,$-274,$-227,$-252,$202,202,$-1.36,$-1.36,$563,$0,$0,$777,$27,$5449,$0,$56,$5542,$6319,$4345,$806,$300,$1106,$5451,$205,$-357,$-7,$867,$6319,$-293,$49,$-144,$-94,$32,$0,$-12,$-482,$-466,$-854,$0,$0,$0,$0,$456,$456,$19,$475,$-53,$0,$-53,$0,$0,$0,$0,$-53,$-433,$0,$0
26,2012-03-31,4.96,$5.60,0.89,$7.61,0.65,$-23.38,0.0,$-2.34,0.0,$1.13B,$4.48B,0.25,$0.87B,$1.13B,0.77,$1.53B,$-0.36B,-23.64%,$1.53B,$-0.37B,-24.17%,$1.53B,$-0.37B,-24.17%,$1.53B,$-0.28B,-18.22%,$1.53B,$-0.47B,-30.70%,$1.53B,$-0.47B,-30.83%,$-0.47B,$1.13B,-36.09%,$-0.47B,$1.13B,-36.09%,$-0.47B,$6.81B,-6.28%,$-0.37B,$2.00B,-16.66%,$380,$372,$8,$0,$2,$373,$6,$-25,$-18,$1,$-20,$-20,$-20,$31,$6,$202,202,$-0.10,$-0.10,$903,$0,$0,$1130,$28,$5588,$0,$57,$5682,$6812,$4477,$868,$335,$1203,$5681,$205,$-83,$-15,$1132,$6812,$-20,$25,$-80,$-55,$18,$0,$-7,$-359,$-347,$-424,$0,$0,$0,$0,$304,$304,$27,$330,$0,$0,$0,$0,$0,$0,$0,$0,$-93,$0,$0
27,2011-12-31,3.73,$5.95,0.63,$7.48,0.5,$-23.37,0.0,$-2.41,0.0,$1.24B,$4.85B,0.26,$0.86B,$1.20B,0.72,$1.50B,$-0.37B,-24.87%,$1.50B,$-0.38B,-25.40%,$1.50B,$-0.38B,-25.40%,$1.50B,$-0.30B,-19.68%,$1.50B,$-0.48B,-32.18%,$1.50B,$-0.49B,-32.31%,$-0.49B,$1.20B,-34.06%,$-0.49B,$1.20B,-34.06%,$-0.49B,$7.22B,-6.06%,$-0.38B,$2.06B,-16.03%,$447,$519,$-72,$0,$2,$521,$-74,$-25,$-99,$36,$-135,$-135,$-135,$-49,$-74,$201,201,$-0.68,$-0.68,$996,$0,$0,$1241,$28,$5879,$0,$60,$5975,$7216,$4847,$860,$312,$1172,$6019,$205,$0,$30,$1197,$7216,$-486,$85,$-186,$-102,$116,$0,$-60,$-1352,$-1297,$-1884,$0,$0,$0,$0,$1756,$1756,$-2,$1754,$-179,$0,$-179,$0,$0,$0,$0,$-179,$-308,$0,$0
28,2011-09-30,1.87,$6.90,0.27,$7.31,0.26,$-18.96,0.0,$-2.67,0.0,$1.12B,$5.11B,0.22,$0.93B,$1.39B,0.67,$1.42B,$-0.42B,-29.83%,$1.42B,$-0.43B,-30.39%,$1.42B,$-0.43B,-30.39%,$1.42B,$-0.35B,-24.82%,$1.42B,$-0.53B,-37.59%,$1.42B,$-0.54B,-37.94%,$-0.54B,$1.39B,-34.83%,$-0.54B,$1.39B,-34.83%,$-0.54B,$7.75B,-6.29%,$-0.43B,$2.32B,-16.93%,$337,$501,$-164,$0,$2,$503,$-166,$-26,$-191,$-26,$-165,$-165,$-165,$-145,$-166,$201,201,$-0.82,$-0.82,$867,$0,$0,$1123,$29,$6525,$0,$63,$6625,$7747,$5105,$926,$328,$1254,$6358,$205,$124,$89,$1389,$7747,$-351,$60,$-87,$-27,$133,$0,$-48,$-1122,$-1039,$-1416,$0,$0,$0,$0,$1104,$1104,$4,$1108,$-129,$0,$-129,$0,$0,$0,$0,$-129,$-438,$0,$0
29,2011-06-30,5.95,$7.52,0.79,$7.54,0.79,$-14.19,0.0,$-2.11,0.0,$1.35B,$5.43B,0.25,$1.00B,$1.51B,0.66,$1.46B,$-0.31B,-21.05%,$1.46B,$-0.32B,-21.60%,$1.46B,$-0.32B,-21.60%,$1.46B,$-0.24B,-16.61%,$1.46B,$-0.42B,-28.71%,$1.46B,$-0.43B,-29.05%,$-0.43B,$1.51B,-25.10%,$-0.43B,$1.51B,-25.10%,$-0.43B,$8.27B,-4.67%,$-0.32B,$2.51B,-11.62%,$367,$501,$-134,$0,$2,$503,$-136,$-26,$-162,$-10,$-152,$-152,$-152,$-116,$-136,$201,201,$-0.75,$-0.75,$1039,$0,$0,$1352,$29,$6814,$0,$67,$6918,$8270,$5429,$996,$332,$1328,$6757,$205,$289,$51,$1513,$8270,$-185,$40,$-61,$-22,$76,$0,$-28,$-819,$-770,$-977,$0,$0,$0,$0,$760,$760,$4,$764,$-52,$0,$-52,$0,$0,$0,$0,$-52,$-266,$0,$0
30,2011-03-31,8.89,$8.00,1.11,$7.95,1.12,$-10.33,0.0,$-1.23,0.0,$1.47B,$5.84B,0.25,$1.04B,$1.61B,0.65,$1.50B,$-0.13B,-8.59%,$1.50B,$-0.14B,-9.12%,$1.50B,$-0.14B,-9.12%,$1.50B,$-0.07B,-4.53%,$1.50B,$-0.24B,-15.98%,$1.50B,$-0.25B,-16.51%,$-0.25B,$1.61B,-13.71%,$-0.25B,$1.61B,-13.71%,$-0.25B,$8.85B,-2.59%,$-0.14B,$2.65B,-4.82%,$353,$357,$-4,$0,$2,$359,$-6,$-26,$-32,$2,$-34,$-34,$-34,$14,$-6,$201,201,$-0.17,$-0.17,$1112,$0,$0,$1465,$29,$7277,$0,$69,$7383,$8848,$5842,$1044,$354,$1398,$7240,$205,$441,$-3,$1608,$8848,$-34,$20,$-5,$14,$37,$0,$-14,$-425,$-402,$-421,$0,$0,$0,$0,$224,$224,$5,$229,$0,$0,$0,$0,$0,$0,$0,$0,$-192,$0,$0
31,2010-12-31,10.19,$8.33,1.22,$9.16,1.11,$-9.82,0.0,$-2.26,0.0,$1.69B,$6.28B,0.27,$1.04B,$1.67B,0.62,$1.52B,$-0.25B,-16.64%,$1.52B,$-0.26B,-17.17%,$1.52B,$-0.26B,-17.17%,$1.52B,$-0.20B,-13.09%,$1.52B,$-0.36B,-23.62%,$1.52B,$-0.36B,-23.95%,$-0.36B,$1.67B,-21.47%,$-0.36B,$1.67B,-21.47%,$-0.36B,$9.33B,-3.76%,$-0.26B,$2.71B,-10.26%,$361,$482,$-121,$0,$2,$484,$-123,$-26,$-148,$38,$-187,$-187,$-187,$-105,$-123,$176,176,$-0.74,$-0.73,$1304,$0,$0,$1693,$29,$7529,$0,$75,$7640,$9334,$6278,$1037,$349,$1386,$7665,$205,$526,$22,$1669,$9334,$-364,$61,$-107,$-46,$133,$0,$-66,$-828,$-467,$-875,$0,$0,$0,$84,$-198,$-114,$2,$-112,$333,$0,$333,$772,$772,$0,$0,$1106,$118,$0,$0
32,2010-09-30,9.23,$9.90,0.93,$10.38,0.89,$-2.20,0.0,$-3.58,0.0,$2.55B,$6.57B,0.39,$1.03B,$1.98B,0.52,$1.57B,$-0.62B,-39.49%,$1.57B,$-0.66B,-41.85%,$1.57B,$-0.66B,-41.85%,$1.57B,$-0.60B,-38.59%,$1.57B,$-0.75B,-47.86%,$1.57B,$-0.46B,-29.20%,$-0.46B,$1.98B,-28.49%,$-0.46B,$1.98B,-28.49%,$-0.46B,$9.99B,-4.71%,$-0.66B,$3.02B,-27.76%,$382,$432,$-49,$0,$2,$433,$-51,$-27,$-78,$-26,$-52,$-52,$-52,$-36,$-51,$200,200,$-0.26,$-0.26,$2166,$0,$0,$2553,$28,$7191,$0,$206,$7434,$9987,$6573,$1031,$398,$1430,$8003,$205,$712,$153,$1983,$9987,$-177,$44,$-23,$21,$-31,$0,$-47,$-525,$-310,$-453,$0,$0,$0,$0,$312,$312,$15,$327,$334,$0,$334,$772,$772,$0,$0,$1107,$980,$0,$0
33,2010-06-30,6.89,$9.84,0.7,$11.79,0.58,$3.43,2.01,$-7.49,0.0,$2.83B,$6.81B,0.42,$1.03B,$1.97B,0.52,$1.60B,$-1.16B,-72.93%,$1.60B,$-1.20B,-75.25%,$1.60B,$-1.20B,-75.25%,$1.60B,$-1.15B,-71.93%,$1.60B,$-1.29B,-80.76%,$1.60B,$-0.92B,-57.83%,$-0.92B,$1.97B,-60.69%,$-0.92B,$1.97B,-60.69%,$-0.92B,$10.19B,-9.63%,$-1.20B,$3.00B,-57.46%,$406,$362,$45,$0,$2,$364,$43,$-25,$18,$-7,$25,$25,$25,$59,$43,$181,182,$0.14,$0.13,$2396,$0,$0,$2827,$28,$7157,$0,$165,$7358,$10185,$6807,$1025,$380,$1405,$8212,$205,$764,$94,$1973,$10185,$-126,$29,$-3,$26,$-40,$0,$-31,$-307,$-84,$-184,$0,$0,$0,$0,$242,$242,$45,$287,$334,$0,$334,$772,$772,$0,$0,$1107,$1210,$0,$0
34,2010-03-31,10.97,$9.22,1.19,$13.22,0.83,$7.90,1.39,$-10.36,0.0,$1.51B,$7.47B,0.2,$0.30B,$1.16B,0.26,$1.64B,$-1.52B,-92.58%,$1.64B,$-1.56B,-94.77%,$1.64B,$-1.56B,-94.77%,$1.64B,$-1.51B,-91.55%,$1.64B,$-1.65B,-100.06%,$1.64B,$-1.29B,-78.35%,$-1.29B,$1.16B,-84.09%,$-1.29B,$1.16B,-84.09%,$-1.29B,$9.25B,-13.79%,$-1.56B,$1.46B,-81.36%,$371,$499,$-128,$0,$2,$501,$-130,$-21,$-151,$-1,$-150,$-150,$-150,$-117,$-130,$125,125,$-1.20,$-1.20,$818,$0,$0,$1511,$29,$7549,$0,$153,$7739,$9250,$7470,$297,$325,$623,$8092,$130,$739,$80,$1158,$9250,$-150,$13,$25,$37,$-22,$0,$-16,$-55,$-85,$-197,$0,$0,$0,$0,$-186,$-186,$16,$-171,$0,$0,$0,$0,$0,$0,$0,$0,$-368,$0,$0
35,2009-12-31,5.78,$10.41,0.56,$13.76,0.42,$12.94,0.45,$-10.65,0.0,$1.89B,$7.18B,0.26,$0.67B,$1.30B,0.51,$1.71B,$-1.64B,-96.08%,$1.71B,$-1.68B,-98.07%,$1.71B,$-1.68B,-98.07%,$1.71B,$-1.62B,-94.56%,$1.71B,$-1.77B,-103.34%,$1.71B,$-1.32B,-77.46%,$-1.32B,$1.30B,-72.55%,$-1.32B,$1.30B,-72.55%,$-1.32B,$9.40B,-14.13%,$-1.68B,$1.97B,-76.08%,$406,$892,$-486,$0,$4,$922,$-517,$-21,$-538,$-258,$-280,$-280,$-280,$-510,$-517,$124,124,$-2.25,$-2.25,$1186,$0,$0,$1893,$30,$7334,$0,$139,$7512,$9404,$7179,$669,$254,$923,$8102,$130,$925,$74,$1303,$9404,$-1322,$60,$153,$213,$-37,$0,$-55,$1708,$1437,$330,$0,$0,$0,$0,$71,$71,$-18,$53,$-94,$-200,$-294,$0,$0,$0,$0,$-294,$88,$0,$0
36,2009-09-30,7.41,$13.18,0.56,$14.10,0.53,$22.26,0.33,$-10.61,0.0,$1.35B,$7.21B,0.19,$0.29B,$1.65B,0.17,$1.71B,$-1.57B,-91.65%,$1.71B,$-1.59B,-92.53%,$1.71B,$-1.59B,-92.53%,$1.71B,$-1.52B,-88.67%,$1.71B,$-1.68B,-97.96%,$1.71B,$-1.32B,-77.00%,$-1.32B,$1.65B,-62.62%,$-1.32B,$1.65B,-62.62%,$-1.32B,$9.48B,-14.19%,$-1.59B,$1.94B,-66.44%,$413,$1009,$-595,$0,$2,$1011,$-597,$-21,$-618,$-100,$-518,$-518,$-518,$-580,$-597,$124,124,$-4.17,$-4.17,$870,$0,$0,$1349,$29,$7945,$0,$148,$8132,$9481,$7207,$287,$325,$625,$7832,$130,$1205,$145,$1649,$9481,$-1042,$53,$164,$217,$-396,$0,$-37,$1569,$1246,$417,$0,$0,$0,$0,$-425,$-425,$68,$-357,$-88,$-200,$-288,$0,$0,$0,$0,$-288,$-228,$0,$0
37,2009-06-30,4.4,$16.12,0.27,$14.51,0.3,$26.11,0.17,$-7.35,0.0,$1.47B,$6.67B,0.22,$0.28B,$2.02B,0.14,$1.76B,$-1.16B,-65.83%,$1.76B,$-1.17B,-66.57%,$1.76B,$-1.17B,-66.57%,$1.76B,$-1.11B,-63.17%,$1.76B,$-1.27B,-72.02%,$1.76B,$-0.92B,-51.99%,$-0.92B,$2.02B,-38.96%,$-0.92B,$2.02B,-38.96%,$-0.92B,$9.22B,-10.00%,$-1.17B,$2.30B,-44.22%,$454,$767,$-313,$0,$2,$769,$-314,$-24,$-338,$1,$-340,$-340,$-340,$-298,$-314,$124,124,$-2.74,$-2.74,$1008,$0,$0,$1468,$30,$7568,$0,$147,$7754,$9222,$6666,$281,$230,$539,$7205,$130,$1723,$-1,$2017,$9222,$-524,$36,$222,$258,$-356,$0,$-23,$949,$697,$430,$0,$0,$0,$0,$-300,$-300,$33,$-267,$-52,$-200,$-252,$0,$0,$0,$0,$-252,$-89,$0,$0
38,2009-03-31,1.42,$18.58,0.08,$14.28,0.1,$29.57,0.05,$-5.40,0.0,$1.61B,$6.53B,0.25,$0.28B,$2.33B,0.12,$1.73B,$-1.02B,-58.86%,$1.73B,$-1.03B,-59.55%,$1.73B,$-1.03B,-59.55%,$1.73B,$-0.98B,-56.32%,$1.73B,$-1.13B,-65.03%,$1.73B,$-0.68B,-39.01%,$-0.68B,$2.33B,-26.37%,$-0.68B,$2.33B,-26.37%,$-0.68B,$9.33B,-7.47%,$-1.03B,$2.60B,-35.73%,$435,$682,$-247,$0,$0,$682,$-247,$-24,$-271,$-86,$-185,$-185,$-185,$-227,$-247,$124,124,$-1.49,$-1.49,$1213,$0,$0,$1613,$31,$7520,$0,$158,$7720,$9333,$6532,$277,$178,$476,$7008,$130,$2062,$-30,$2325,$9333,$-185,$19,$78,$98,$-235,$0,$-9,$486,$521,$430,$0,$0,$0,$0,$-290,$-290,$-5,$-295,$-19,$0,$-19,$0,$0,$0,$0,$-19,$115,$0,$0
39,2008-12-31,3.48,$19.46,0.18,$15.81,0.22,$29.21,0.12,$-4.32,0.0,$1.80B,$6.26B,0.29,$0.27B,$2.43B,0.11,$1.72B,$-0.85B,-49.59%,$1.72B,$-0.87B,-50.29%,$1.72B,$-0.87B,-50.29%,$1.72B,$-0.82B,-47.79%,$1.72B,$-0.95B,-55.05%,$1.72B,$-0.53B,-30.49%,$-0.53B,$2.43B,-19.24%,$-0.53B,$2.43B,-19.24%,$-0.53B,$9.15B,-5.91%,$-0.87B,$2.71B,-28.18%,$411,$827,$-415,$0,$0,$838,$-427,$-24,$-451,$-175,$-276,$-276,$-276,$-414,$-427,$114,114,$-2.46,$-2.46,$1097,$0,$0,$1798,$32,$7136,$0,$168,$7348,$9147,$6264,$272,$176,$448,$6713,$130,$2247,$-107,$2434,$9147,$-525,$44,$377,$421,$-184,$0,$64,$1471,$1491,$1365,$0,$0,$150,$0,$-1455,$-1455,$20,$-1285,$377,$-100,$277,$460,$460,$-8,$0,$729,$808,$0,$-8
40,2008-09-30,7.03,$21.02,0.33,$17.10,0.41,$25.01,0.28,$-20.28,0.0,$1.93B,$5.63B,0.34,$0.38B,$2.63B,0.14,$1.71B,$-2.67B,-156.14%,$1.71B,$-2.67B,-156.14%,$1.71B,$-2.67B,-156.14%,$1.71B,$-2.63B,-153.92%,$1.71B,$-2.74B,-160.18%,$1.71B,$-1.72B,-100.35%,$-1.72B,$2.63B,-61.97%,$-1.72B,$2.63B,-61.97%,$-1.72B,$8.95B,-20.12%,$-2.67B,$3.00B,-87.69%,$462,$647,$-185,$0,$0,$647,$-185,$-23,$-209,$-90,$-119,$-119,$-115,$-174,$-185,$124,124,$-0.93,$-0.93,$1088,$0,$0,$1927,$32,$6743,$0,$237,$7026,$8953,$5632,$375,$318,$693,$6324,$130,$2527,$-115,$2629,$8953,$-250,$31,$228,$259,$-909,$0,$64,$1468,$891,$893,$0,$0,$150,$0,$-1093,$-1093,$120,$-823,$377,$-100,$277,$460,$460,$-8,$0,$729,$799,$0,$-8
41,2008-06-30,6.07,$22.92,0.26,$20.25,0.3,$20.94,0.29,$-23.97,0.0,$1.60B,$5.31B,0.3,$0.37B,$2.87B,0.13,$1.80B,$-2.62B,-145.20%,$1.80B,$-2.62B,-145.20%,$1.80B,$-2.62B,-145.20%,$1.80B,$-2.58B,-142.93%,$1.80B,$-2.67B,-148.31%,$1.80B,$-1.97B,-109.43%,$-1.97B,$2.87B,-63.24%,$-1.97B,$2.87B,-63.24%,$-1.97B,$8.77B,-24.67%,$-2.62B,$3.24B,-79.29%,$425,$598,$-173,$0,$0,$598,$-173,$-23,$-196,$-85,$-111,$-111,$-100,$-161,$-173,$124,124,$-0.81,$-0.81,$1061,$0,$0,$1597,$33,$6952,$0,$178,$7174,$8771,$5308,$374,$222,$596,$5904,$130,$2643,$11,$2866,$8771,$-134,$19,$21,$40,$-559,$0,$48,$840,$976,$857,$0,$0,$27,$0,$-947,$-947,$2,$-917,$377,$0,$377,$460,$460,$-5,$0,$832,$772,$0,$-5
42,2008-03-31,10.41,$23.90,0.44,$21.31,0.49,$16.85,0.62,$-22.25,0.0,$1.97B,$5.06B,0.39,$0.36B,$2.99B,0.12,$1.75B,$-2.39B,-136.63%,$1.75B,$-2.39B,-136.63%,$1.75B,$-2.39B,-136.63%,$1.75B,$-2.35B,-134.52%,$1.75B,$-2.43B,-138.98%,$1.75B,$-1.80B,-102.80%,$-1.80B,$2.99B,-51.27%,$-1.80B,$2.99B,-51.27%,$-1.80B,$8.67B,-23.93%,$-2.39B,$3.34B,-66.45%,$424,$505,$-81,$0,$0,$505,$-81,$-11,$-92,$-48,$-44,$-44,$-34,$-74,$-81,$84,84,$-0.41,$-0.41,$1087,$0,$0,$1973,$34,$6426,$0,$225,$6695,$8668,$5059,$356,$267,$623,$5682,$130,$2746,$39,$2987,$8668,$-34,$7,$-21,$-14,$-313,$0,$24,$409,$331,$261,$0,$0,$-0,$0,$-333,$-333,$58,$-275,$354,$0,$354,$461,$461,$-2,$0,$813,$798,$0,$-2
43,2007-12-31,22.1,$31.72,0.7,$20.76,1.06,$15.92,1.39,$-20.72,0.0,$1.30B,$4.92B,0.26,$0.00B,$2.59B,0.0,$1.69B,$-2.19B,-129.53%,$1.69B,$-2.19B,-129.53%,$1.69B,$-2.19B,-129.53%,$1.69B,$-2.16B,-127.35%,$1.69B,$-2.23B,-131.96%,$1.69B,$-1.67B,-98.64%,$-1.67B,$2.59B,-43.15%,$-1.67B,$2.59B,-43.15%,$-1.67B,$7.72B,-23.86%,$-2.19B,$2.59B,-56.66%,$399,$2630,$-2231,$0,$0,$2630,$-2231,$-12,$-2242,$-800,$-1442,$-1442,$-1467,$-2223,$-2231,$81,81,$-18.00,$-17.98,$289,$0,$0,$1297,$35,$6113,$0,$261,$6419,$7716,$4924,$0,$198,$198,$5122,$123,$4350,$71,$2594,$7716,$-1670,$38,$-634,$-596,$-40,$0,$83,$2693,$2434,$632,$0,$0,$237,$-50,$-699,$-749,$-1,$-514,$-200,$213,$13,$-72,$-72,$-64,$0,$-123,$-5,$0,$-64
44,2007-09-30,31.74,$49.30,0.64,$20.17,1.57,$13.98,2.27,$-1.08,0.0,$0.95B,$2.59B,0.37,$0.00B,$4.03B,0.0,$1.66B,$0.14B,8.67%,$1.66B,$0.14B,8.67%,$1.66B,$0.14B,8.67%,$1.66B,$0.18B,10.90%,$1.66B,$0.10B,6.14%,$1.66B,$-0.08B,-4.94%,$-0.08B,$4.03B,-1.91%,$-0.08B,$4.03B,-1.91%,$-0.08B,$6.84B,-1.22%,$0.14B,$4.03B,3.35%,$555,$689,$-133,$0,$0,$689,$-133,$-11,$-144,$-62,$-82,$-82,$-372,$-119,$-133,$81,81,$-4.61,$-4.61,$418,$0,$0,$948,$34,$5623,$0,$221,$5890,$6838,$2592,$0,$214,$214,$2806,$123,$5819,$44,$4032,$6838,$-203,$29,$266,$295,$-18,$0,$38,$411,$122,$254,$0,$0,$237,$-50,$-221,$-271,$21,$-14,$-200,$218,$18,$-72,$-72,$-62,$0,$-116,$124,$0,$-62
45,2007-06-30,55.2,$53.68,1.03,$17.70,3.12,$15.54,3.55,$5.07,10.89,$0.37B,$2.04B,0.18,$0.00B,$4.40B,0.0,$1.48B,$0.41B,27.86%,$1.48B,$0.41B,27.86%,$1.48B,$0.41B,27.86%,$1.48B,$0.44B,29.97%,$1.48B,$0.37B,25.08%,$1.48B,$0.42B,28.47%,$0.42B,$4.40B,9.67%,$0.42B,$4.40B,9.67%,$0.42B,$6.80B,6.32%,$0.41B,$4.40B,9.46%,$369,$311,$58,$0,$0,$311,$58,$-9,$50,$5,$45,$45,$77,$66,$58,$82,82,$0.94,$0.93,$183,$0,$0,$373,$33,$6136,$0,$245,$6426,$6799,$2043,$0,$356,$356,$2399,$123,$6212,$11,$4400,$6799,$169,$15,$-43,$-28,$-4,$0,$19,$64,$45,$233,$0,$0,$-4,$0,$-81,$-81,$-188,$-273,$-200,$63,$-137,$-64,$-64,$-42,$173,$-71,$-110,$0,$-42
46,2007-03-31,56.77,$53.64,1.06,$17.44,3.26,$15.85,3.58,$5.88,9.65,$0.38B,$1.94B,0.19,$0.00B,$4.46B,0.0,$1.47B,$0.50B,33.95%,$1.47B,$0.50B,33.95%,$1.47B,$0.50B,33.95%,$1.47B,$0.53B,36.12%,$1.47B,$0.46B,31.09%,$1.47B,$0.49B,33.54%,$0.49B,$4.46B,11.49%,$0.49B,$4.46B,11.49%,$0.49B,$6.65B,7.56%,$0.50B,$4.46B,11.63%,$370,$257,$113,$0,$0,$257,$113,$-11,$102,$24,$78,$78,$92,$120,$113,$82,82,$1.13,$1.12,$255,$0,$0,$376,$32,$6016,$0,$213,$6272,$6648,$1944,$0,$249,$249,$2192,$123,$6156,$61,$4455,$6648,$92,$7,$-3,$4,$-0,$0,$5,$16,$53,$179,$0,$0,$-0,$0,$-29,$-29,$-54,$-84,$-200,$25,$-175,$3,$3,$-21,$58,$-134,$-39,$0,$-21
47,2006-12-31,59.81,$51.88,1.15,$17.18,3.48,$15.88,3.77,$6.63,9.02,$0.40B,$2.10B,0.19,$0.00B,$4.30B,0.0,$1.47B,$0.57B,38.53%,$1.47B,$0.57B,38.53%,$1.47B,$0.57B,38.53%,$1.47B,$0.60B,40.91%,$1.47B,$0.53B,35.81%,$1.47B,$0.56B,38.39%,$0.56B,$4.30B,13.35%,$0.56B,$4.30B,13.35%,$0.56B,$6.62B,8.76%,$0.57B,$4.30B,13.39%,$367,$262,$106,$0,$0,$262,$106,$-11,$94,$20,$74,$74,$121,$114,$106,$84,85,$1.50,$1.49,$294,$0,$0,$395,$33,$5973,$0,$208,$6226,$6622,$2097,$0,$195,$229,$2326,$123,$5999,$66,$4296,$6622,$565,$37,$41,$78,$5,$0,$30,$-42,$-39,$496,$0,$0,$-76,$0,$34,$34,$2,$-40,$200,$-111,$89,$-366,$-366,$-85,$5,$-357,$98,$0,$-85
