,Date,Stock Price,Book Value per Share,Price to Book Ratio,TTM Sales per Share,Price to Sales Ratio,TTM FCF per Share,Price to FCF Ratio,TTM Net EPS,PE Ratio,Current Assets,Current Liabilities,Current Ratio,Long Term Debt,Shareholder's Equity_x,Debt to Equity Ratio,TTM Revenue_x,TTM Gross Profit,Gross Margin,TTM Revenue_y,TTM Operating Income,Operating Margin,TTM Revenue_x,TTM EBIT,EBIT Margin,TTM Revenue_y,TTM EBITDA,EBITDA Margin,TTM Revenue_x,TTM Pre-Tax Income,Pre-Tax Margin,TTM Revenue_y,TTM Net Income_x,Net Margin,TTM Net Income_y,Shareholder's Equity_y,Return on Equity,TTM Net Income_x,Tangible Equity,Return on Tangible Equity,TTM Net Income_y,Total Assets,Return on Assets,TTM Net Income,LT Investments & Debt,Return on Investment,revenue,cost-goods-sold,gross-profit,research-development-expenses,selling-general-administrative-expenses,operating-expenses,operating-income,total-non-operating-income-expense,pre-tax-income,total-provision-income-taxes,income-after-taxes,income-from-continuous-operations,net-income,ebitda,ebit,basic-shares-outstanding,shares-outstanding,eps-basic-net-earnings-per-share,eps-earnings-per-share-diluted,cash-on-hand,inventory,other-current-assets,total-current-assets,net-property-plant-equipment,long-term-investments,goodwill-intangible-assets-total,other-long-term-assets,total-long-term-assets,total-assets,total-current-liabilities,long-term-debt,other-non-current-liabilities,total-long-term-liabilities,total-liabilities,common-stock-net,retained-earnings-accumulated-deficit,comprehensive-income,total-share-holder-equity,total-liabilities-share-holders-equity,net-income-loss,total-depreciation-amortization-cash-flow,other-non-cash-items,total-non-cash-items,change-in-accounts-receivable,change-in-inventories,change-in-accounts-payable,change-in-assets-liabilities,total-change-in-assets-liabilities,cash-flow-from-operating-activities,net-change-in-property-plant-equipment,net-change-in-intangible-assets,net-acquisitions-divestitures,net-change-in-short-term-investments,net-change-in-long-term-investments,net-change-in-investments-total,investing-activities-other,cash-flow-from-investing-activities,net-long-term-debt,net-current-debt,debt-issuance-retirement-net-total,net-common-equity-issued-repurchased,net-total-equity-issued-repurchased,total-common-preferred-stock-dividends-paid,financial-activities-other,cash-flow-from-financial-activities,net-cash-flow,stock-based-compensation,common-stock-dividends-paid
0,2018-09-30,39.9,$42.85,0.93,$83.79,0.48,$-2.47,0.0,$4.58,8.71,$0.34B,$0.39B,0.86,$1.31B,$1.71B,0.77,$3.47B,$0.63B,18.07%,$3.47B,$0.26B,7.62%,$3.47B,$0.26B,7.62%,$3.47B,$0.29B,8.34%,$3.47B,$0.28B,7.94%,$3.47B,$0.19B,5.43%,$0.19B,$1.71B,11.40%,$0.19B,$1.71B,11.40%,$0.19B,$3.45B,5.60%,$0.26B,$3.02B,8.94%,$888,$726,$162,$0,$96,$820,$69,$3,$71,$17,$54,$54,$54,$76,$69,$40,41,$1.34,$1.33,$206,$0,$50,$335,$53,$16,$0,$83,$3113,$3448,$391,$1312,$33,$1344,$1736,$0,$1143,$0,$1712,$3448,$152,$19,$17,$36,$2,$0,$0,$-152,$-114,$74,$-24,$0,$0,$0,$-1,$-1,$1,$-24,$18,$0,$18,$-29,$-29,$0,$-3,$-15,$35,$14,$0
1,2018-06-30,43.95,$41.40,1.06,$81.30,0.54,$-8.13,0.0,$4.27,10.29,$0.30B,$0.37B,0.81,$1.31B,$1.68B,0.78,$3.39B,$0.61B,18.07%,$3.39B,$0.26B,7.62%,$3.39B,$0.26B,7.62%,$3.39B,$0.28B,8.27%,$3.39B,$0.27B,7.89%,$3.39B,$0.18B,5.23%,$0.18B,$1.68B,11.02%,$0.18B,$1.68B,11.02%,$0.18B,$3.40B,5.35%,$0.26B,$2.99B,8.87%,$881,$719,$163,$0,$95,$812,$69,$2,$71,$17,$54,$54,$54,$76,$69,$41,41,$1.32,$1.31,$169,$0,$49,$297,$52,$17,$0,$84,$3098,$3395,$366,$1311,$35,$1346,$1712,$0,$1089,$0,$1683,$3395,$98,$13,$12,$25,$2,$0,$0,$-142,$-133,$-10,$-16,$0,$0,$0,$-0,$-0,$0,$-16,$29,$0,$29,$0,$0,$0,$-3,$25,$-1,$9,$0
2,2018-03-31,45.25,$40.00,1.13,$78.72,0.57,$-10.74,0.0,$3.94,11.48,$0.30B,$0.36B,0.84,$1.31B,$1.63B,0.81,$3.31B,$0.59B,17.94%,$3.31B,$0.25B,7.58%,$3.31B,$0.25B,7.58%,$3.31B,$0.27B,8.15%,$3.31B,$0.26B,7.82%,$3.31B,$0.17B,4.98%,$0.17B,$1.63B,10.59%,$0.17B,$1.63B,10.59%,$0.17B,$3.33B,5.06%,$0.25B,$2.94B,8.74%,$746,$619,$126,$0,$84,$702,$44,$5,$49,$5,$44,$44,$44,$50,$44,$40,41,$1.08,$1.07,$173,$0,$53,$299,$50,$16,$0,$85,$3028,$3327,$356,$1311,$35,$1346,$1702,$0,$1035,$0,$1625,$3327,$44,$6,$8,$14,$5,$0,$0,$-81,$-75,$-17,$-6,$0,$0,$0,$0,$0,$0,$-6,$29,$0,$29,$0,$0,$0,$-3,$25,$2,$5,$0
3,2017-12-31,51.2,$39.10,1.31,$76.38,0.67,$-12.22,0.0,$3.43,14.93,$0.31B,$0.36B,0.87,$1.28B,$1.58B,0.81,$3.24B,$0.58B,17.93%,$3.24B,$0.24B,7.50%,$3.24B,$0.24B,7.50%,$3.24B,$0.26B,8.02%,$3.24B,$0.25B,7.62%,$3.24B,$0.15B,4.47%,$0.15B,$1.58B,9.58%,$0.15B,$1.58B,9.58%,$0.15B,$3.25B,4.58%,$0.24B,$2.86B,8.70%,$950,$775,$175,$0,$96,$869,$82,$2,$84,$49,$36,$36,$36,$87,$82,$40,42,$0.88,$0.85,$171,$0,$60,$310,$34,$17,$0,$85,$2941,$3251,$356,$1284,$35,$1319,$1674,$0,$992,$0,$1577,$3251,$143,$17,$37,$54,$-18,$0,$0,$-274,$-284,$-87,$-18,$0,$0,$0,$-1,$-1,$1,$-17,$147,$0,$147,$0,$0,$0,$-4,$143,$39,$12,$0
4,2017-09-30,44.4,$38.17,1.16,$74.64,0.59,$-12.55,0.0,$3.78,11.75,$0.26B,$0.37B,0.7,$1.30B,$1.54B,0.85,$3.18B,$0.57B,17.86%,$3.18B,$0.23B,7.31%,$3.18B,$0.23B,7.31%,$3.18B,$0.25B,7.84%,$3.18B,$0.24B,7.53%,$3.18B,$0.16B,5.07%,$0.16B,$1.54B,10.92%,$0.16B,$1.54B,10.92%,$0.16B,$3.25B,5.24%,$0.23B,$2.84B,8.54%,$809,$661,$148,$0,$87,$747,$63,$1,$63,$21,$43,$43,$43,$67,$63,$40,42,$1.06,$1.02,$115,$0,$68,$262,$32,$16,$0,$83,$2991,$3252,$373,$1304,$36,$1340,$1713,$0,$956,$0,$1539,$3252,$108,$12,$11,$23,$-15,$0,$0,$-311,$-305,$-174,$-12,$0,$0,$0,$-0,$-0,$1,$-11,$173,$0,$173,$0,$0,$0,$-4,$169,$-17,$10,$0
5,2017-06-30,42.2,$37.01,1.14,$73.12,0.58,$-11.88,0.0,$3.64,11.59,$0.37B,$0.34B,1.07,$1.36B,$1.49B,0.91,$3.12B,$0.55B,17.75%,$3.12B,$0.22B,7.08%,$3.12B,$0.22B,7.08%,$3.12B,$0.24B,7.62%,$3.12B,$0.23B,7.37%,$3.12B,$0.16B,4.96%,$0.16B,$1.49B,10.82%,$0.16B,$1.49B,10.82%,$0.16B,$3.20B,5.20%,$0.22B,$2.85B,8.40%,$806,$661,$145,$0,$84,$743,$62,$1,$63,$22,$42,$42,$42,$66,$62,$40,43,$1.03,$0.98,$217,$0,$75,$365,$33,$17,$0,$83,$2836,$3201,$342,$1358,$8,$1366,$1708,$0,$914,$0,$1492,$3201,$65,$8,$5,$13,$-9,$0,$0,$-194,$-209,$-131,$-8,$0,$0,$0,$-0,$-0,$1,$-7,$227,$0,$227,$0,$0,$0,$-4,$223,$85,$6,$0
6,2017-03-31,36.8,$35.93,1.02,$73.13,0.5,$-11.41,0.0,$3.61,10.19,$0.25B,$0.33B,0.76,$1.17B,$1.45B,0.81,$3.12B,$0.55B,17.68%,$3.12B,$0.22B,6.99%,$3.12B,$0.22B,6.99%,$3.12B,$0.24B,7.54%,$3.12B,$0.23B,7.25%,$3.12B,$0.15B,4.91%,$0.15B,$1.45B,11.00%,$0.15B,$1.45B,11.00%,$0.15B,$2.96B,5.33%,$0.22B,$2.62B,8.62%,$676,$563,$113,$0,$78,$640,$36,$1,$37,$13,$24,$24,$24,$40,$36,$40,43,$0.59,$0.56,$86,$0,$79,$250,$33,$17,$0,$80,$2706,$2957,$328,$1171,$8,$1180,$1508,$0,$872,$0,$1448,$2957,$24,$4,$3,$7,$-20,$0,$0,$-79,$-115,$-85,$-3,$0,$0,$0,$-0,$-0,$0,$-3,$42,$0,$42,$0,$0,$0,$0,$42,$-46,$3,$0
7,2016-12-31,34.8,$35.51,0.98,$71.51,0.49,$-11.38,0.0,$3.55,9.8,$0.29B,$0.34B,0.85,$1.13B,$1.42B,0.79,$3.04B,$0.54B,17.89%,$3.04B,$0.21B,7.04%,$3.04B,$0.21B,7.04%,$3.04B,$0.23B,7.56%,$3.04B,$0.22B,7.17%,$3.04B,$0.15B,4.93%,$0.15B,$1.42B,11.11%,$0.15B,$1.42B,11.11%,$0.15B,$2.89B,5.34%,$0.21B,$2.55B,8.65%,$884,$723,$161,$0,$92,$813,$71,$5,$76,$25,$52,$52,$52,$76,$71,$40,43,$1.29,$1.22,$132,$0,$86,$288,$33,$17,$0,$75,$2601,$2889,$340,$1127,$0,$1127,$1467,$0,$849,$0,$1421,$2889,$150,$16,$22,$38,$-18,$0,$0,$-317,$-291,$-103,$-16,$0,$0,$0,$-7,$-7,$4,$-20,$-6,$0,$-6,$0,$0,$0,$-1,$-7,$-131,$14,$0
8,2016-09-30,34.7,$34.16,1.02,$69.36,0.5,$-9.02,0.0,$3.59,9.67,$0.28B,$0.37B,0.75,$1.14B,$1.37B,0.83,$2.94B,$0.54B,18.29%,$2.94B,$0.22B,7.51%,$2.94B,$0.22B,7.51%,$2.94B,$0.24B,7.99%,$2.94B,$0.22B,7.41%,$2.94B,$0.15B,5.13%,$0.15B,$1.37B,11.53%,$0.15B,$1.37B,11.53%,$0.15B,$2.87B,5.48%,$0.22B,$2.51B,9.09%,$756,$621,$135,$0,$86,$704,$52,$2,$54,$17,$37,$37,$37,$56,$52,$40,43,$0.92,$0.88,$108,$0,$91,$275,$34,$12,$0,$65,$2598,$2873,$366,$1140,$0,$1140,$1506,$0,$797,$0,$1367,$2873,$98,$11,$16,$28,$-14,$0,$0,$-321,$-274,$-148,$-12,$0,$0,$0,$-0,$-0,$0,$-12,$7,$0,$7,$0,$0,$0,$-1,$6,$-154,$11,$0
9,2016-06-30,37.54,$33.16,1.13,$67.57,0.56,$-6.81,0.0,$3.44,10.91,$0.29B,$0.32B,0.9,$1.11B,$1.33B,0.84,$2.86B,$0.53B,18.61%,$2.86B,$0.22B,7.83%,$2.86B,$0.22B,7.83%,$2.86B,$0.24B,8.32%,$2.86B,$0.21B,7.38%,$2.86B,$0.14B,5.04%,$0.14B,$1.33B,11.35%,$0.14B,$1.33B,11.35%,$0.14B,$2.76B,5.32%,$0.22B,$2.44B,9.36%,$801,$660,$142,$0,$85,$743,$59,$0,$59,$19,$40,$40,$40,$63,$59,$40,43,$1.00,$0.95,$128,$0,$91,$288,$34,$11,$0,$67,$2473,$2761,$320,$1114,$0,$1114,$1434,$0,$760,$0,$1327,$2761,$61,$8,$11,$19,$-9,$0,$0,$-194,$-191,$-111,$-7,$0,$0,$0,$-0,$-0,$0,$-8,$-15,$0,$-15,$0,$0,$0,$-1,$-16,$-134,$7,$0
10,2016-03-31,36.46,$32.12,1.14,$62.98,0.58,$-6.04,0.0,$3.19,11.43,$0.33B,$0.31B,1.05,$1.12B,$1.28B,0.87,$2.66B,$0.51B,19.07%,$2.66B,$0.21B,7.94%,$2.66B,$0.21B,7.94%,$2.66B,$0.23B,8.46%,$2.66B,$0.19B,7.26%,$2.66B,$0.13B,5.00%,$0.13B,$1.28B,10.83%,$0.13B,$1.28B,10.83%,$0.13B,$2.72B,5.00%,$0.21B,$2.40B,8.94%,$600,$494,$106,$0,$76,$568,$32,$-3,$29,$8,$21,$21,$21,$35,$32,$40,42,$0.53,$0.50,$172,$0,$92,$325,$35,$11,$0,$67,$2390,$2715,$311,$1119,$0,$1119,$1430,$0,$720,$0,$1284,$2715,$21,$3,$7,$11,$-0,$0,$0,$-114,$-113,$-82,$-4,$0,$0,$0,$-0,$-0,$0,$-4,$-4,$0,$-4,$0,$0,$0,$-1,$-4,$-90,$5,$0
11,2015-12-31,33.99,$31.74,1.07,$61.24,0.56,$-5.04,0.0,$3.09,11.0,$0.41B,$0.30B,1.34,$1.12B,$1.26B,0.89,$2.58B,$0.50B,19.34%,$2.58B,$0.21B,8.02%,$2.58B,$0.21B,8.02%,$2.58B,$0.22B,8.57%,$2.58B,$0.19B,7.33%,$2.58B,$0.13B,4.96%,$0.13B,$1.26B,10.75%,$0.13B,$1.26B,10.75%,$0.13B,$2.68B,4.97%,$0.21B,$2.38B,9.07%,$785,$630,$155,$0,$80,$707,$78,$-1,$76,$23,$53,$53,$53,$81,$78,$40,42,$1.34,$1.26,$262,$0,$88,$407,$34,$11,$0,$70,$2272,$2680,$304,$1117,$0,$1117,$1421,$0,$699,$0,$1259,$2680,$129,$14,$25,$39,$-7,$0,$0,$-196,$-171,$-3,$-16,$0,$0,$0,$-0,$-0,$0,$-16,$177,$0,$177,$3,$3,$0,$-1,$179,$159,$16,$0
12,2015-09-30,36.52,$30.32,1.2,$59.49,0.61,$-10.15,0.0,$3.02,12.09,$0.39B,$0.32B,1.23,$1.15B,$1.20B,0.95,$2.50B,$0.49B,19.50%,$2.50B,$0.20B,7.85%,$2.50B,$0.20B,7.85%,$2.50B,$0.21B,8.41%,$2.50B,$0.18B,7.17%,$2.50B,$0.12B,4.97%,$0.12B,$1.20B,10.75%,$0.12B,$1.20B,10.75%,$0.12B,$2.66B,4.99%,$0.20B,$2.35B,8.91%,$673,$544,$129,$0,$77,$618,$55,$-8,$47,$16,$30,$30,$30,$59,$55,$40,42,$0.76,$0.73,$235,$0,$92,$387,$34,$10,$0,$77,$2277,$2664,$315,$1146,$0,$1146,$1461,$0,$646,$0,$1203,$2664,$76,$10,$12,$23,$-6,$0,$0,$-186,$-152,$-53,$-12,$0,$0,$0,$-0,$-0,$0,$-13,$196,$0,$196,$3,$3,$0,$-1,$198,$132,$12,$0
13,2015-06-30,47.09,$29.46,1.6,$56.98,0.83,$-14.50,0.0,$3.08,15.29,$0.37B,$0.28B,1.34,$1.14B,$1.17B,0.98,$2.38B,$0.47B,19.80%,$2.38B,$0.19B,7.84%,$2.38B,$0.19B,7.84%,$2.38B,$0.20B,8.39%,$2.38B,$0.18B,7.51%,$2.38B,$0.13B,5.33%,$0.13B,$1.17B,11.37%,$0.13B,$1.17B,11.37%,$0.13B,$2.59B,5.32%,$0.19B,$2.31B,8.89%,$601,$483,$117,$0,$73,$554,$46,$-5,$41,$12,$29,$29,$29,$50,$46,$40,42,$0.73,$0.70,$217,$0,$92,$374,$34,$10,$0,$76,$2213,$2587,$279,$1139,$0,$1139,$1418,$0,$616,$0,$1168,$2587,$46,$7,$8,$14,$-10,$0,$0,$-131,$-137,$-77,$-8,$0,$0,$0,$-0,$-0,$0,$-8,$197,$0,$197,$3,$3,$0,$-1,$199,$114,$8,$0
14,2015-03-31,48.64,$28.66,1.7,$54.94,0.89,$-16.87,0.0,$3.23,15.06,$0.24B,$0.27B,0.91,$0.97B,$1.14B,0.85,$2.29B,$0.47B,20.38%,$2.29B,$0.19B,8.47%,$2.29B,$0.19B,8.47%,$2.29B,$0.21B,8.99%,$2.29B,$0.19B,8.42%,$2.29B,$0.13B,5.81%,$0.13B,$1.14B,12.31%,$0.13B,$1.14B,12.43%,$0.13B,$2.37B,5.82%,$0.19B,$2.10B,9.66%,$521,$423,$98,$0,$71,$493,$28,$-3,$25,$9,$16,$16,$16,$31,$28,$39,42,$0.42,$0.40,$89,$0,$92,$243,$34,$10,$0,$72,$2124,$2366,$265,$966,$0,$966,$1231,$0,$587,$0,$1135,$2366,$16,$3,$3,$6,$-6,$0,$0,$-52,$-61,$-38,$-5,$0,$0,$0,$-0,$-0,$0,$-5,$24,$0,$24,$3,$3,$0,$2,$29,$-14,$5,$0
15,2014-12-31,35.99,$28.34,1.27,$52.44,0.69,$-19.16,0.0,$3.45,10.43,$0.26B,$0.27B,0.96,$0.94B,$1.11B,0.84,$2.18B,$0.46B,21.19%,$2.18B,$0.21B,9.54%,$2.18B,$0.21B,9.54%,$2.18B,$0.22B,10.09%,$2.18B,$0.21B,9.54%,$2.18B,$0.14B,6.51%,$0.14B,$1.11B,13.62%,$0.14B,$1.11B,13.89%,$0.14B,$2.32B,6.37%,$0.21B,$2.05B,10.64%,$702,$559,$143,$0,$79,$635,$67,$-1,$66,$17,$49,$49,$49,$70,$67,$39,42,$1.26,$1.20,$103,$0,$95,$255,$32,$11,$0,$71,$2061,$2316,$267,$935,$4,$940,$1207,$0,$570,$0,$1109,$2316,$142,$12,$21,$33,$-25,$0,$0,$-376,$-386,$-211,$-21,$0,$-131,$0,$88,$88,$0,$-63,$-10,$0,$-10,$111,$111,$0,$2,$103,$-171,$12,$0
16,2014-09-30,35.5,$27.01,1.31,$49.45,0.72,$-16.00,0.0,$3.45,10.29,$0.22B,$0.31B,0.72,$0.91B,$1.06B,0.86,$2.02B,$0.45B,22.07%,$2.02B,$0.21B,10.32%,$2.02B,$0.21B,10.32%,$2.02B,$0.22B,10.91%,$2.02B,$0.21B,10.32%,$2.02B,$0.14B,6.89%,$0.14B,$1.06B,14.25%,$0.14B,$1.06B,14.55%,$0.14B,$2.27B,6.47%,$0.21B,$1.96B,11.04%,$560,$446,$114,$0,$69,$514,$46,$1,$47,$14,$33,$33,$33,$49,$46,$39,42,$0.83,$0.79,$84,$0,$80,$221,$32,$20,$0,$65,$2052,$2273,$307,$905,$4,$909,$1216,$0,$521,$0,$1057,$2273,$93,$8,$17,$25,$-20,$0,$0,$-362,$-348,$-230,$-16,$0,$-131,$0,$80,$80,$0,$-67,$-7,$0,$-7,$111,$111,$0,$2,$107,$-190,$9,$0
17,2014-06-30,42.21,$26.08,1.62,$48.72,0.87,$-11.37,0.0,$3.65,11.56,$0.34B,$0.26B,1.29,$0.91B,$1.02B,0.89,$1.95B,$0.45B,22.87%,$1.95B,$0.22B,11.38%,$1.95B,$0.22B,11.38%,$1.95B,$0.23B,11.95%,$1.95B,$0.22B,11.18%,$1.95B,$0.14B,7.38%,$0.14B,$1.02B,15.84%,$0.14B,$0.98B,16.20%,$0.14B,$2.19B,7.03%,$0.22B,$1.93B,12.39%,$508,$396,$112,$0,$61,$455,$53,$2,$55,$20,$35,$35,$35,$56,$53,$39,42,$0.90,$0.85,$231,$0,$59,$340,$29,$70,$42,$0,$1852,$2193,$263,$905,$4,$909,$1172,$0,$489,$0,$1020,$2193,$60,$5,$9,$14,$-15,$0,$0,$-232,$-245,$-171,$-12,$0,$0,$0,$30,$30,$0,$18,$-4,$0,$-4,$111,$111,$0,$2,$109,$-44,$5,$0
18,2014-03-31,41.88,$25.12,1.67,$48.15,0.87,$-7.63,0.0,$3.54,11.83,$0.37B,$0.24B,1.53,$0.91B,$0.98B,0.92,$1.89B,$0.43B,22.72%,$1.89B,$0.22B,11.36%,$1.89B,$0.22B,11.36%,$1.89B,$0.23B,11.89%,$1.89B,$0.20B,10.67%,$1.89B,$0.14B,7.24%,$0.14B,$0.98B,16.28%,$0.14B,$0.95B,16.46%,$0.14B,$2.13B,7.05%,$0.22B,$1.89B,12.67%,$410,$317,$93,$0,$53,$368,$42,$-2,$40,$14,$25,$25,$25,$45,$42,$39,41,$0.66,$0.62,$261,$0,$55,$370,$27,$87,$38,$0,$1760,$2129,$242,$905,$0,$905,$1147,$0,$453,$0,$983,$2129,$25,$3,$6,$9,$-14,$0,$0,$-134,$-164,$-130,$-7,$0,$0,$0,$12,$12,$0,$5,$-2,$0,$-2,$111,$111,$0,$2,$111,$-13,$2,$0
19,2013-12-31,47.99,$23.21,2.07,$47.00,1.02,$-4.41,0.0,$3.24,14.81,$0.37B,$0.24B,1.52,$0.92B,$0.84B,1.1,$1.82B,$0.40B,22.09%,$1.82B,$0.20B,10.71%,$1.82B,$0.20B,10.71%,$1.82B,$0.20B,11.21%,$1.82B,$0.18B,9.78%,$1.82B,$0.12B,6.81%,$0.12B,$0.84B,16.02%,$0.12B,$0.84B,16.02%,$0.12B,$2.00B,6.69%,$0.20B,$1.76B,12.01%,$538,$413,$126,$0,$61,$471,$67,$-1,$66,$20,$46,$46,$46,$70,$67,$36,39,$1.28,$1.20,$274,$0,$52,$365,$22,$101,$0,$39,$1639,$2003,$241,$921,$0,$921,$1162,$0,$428,$0,$841,$2003,$124,$10,$21,$31,$-18,$0,$0,$-291,$-233,$-78,$-16,$0,$-19,$0,$-4,$-4,$39,$1,$171,$0,$171,$12,$12,$0,$-2,$181,$104,$9,$0
20,2013-09-30,42.95,$21.87,1.96,$43.51,0.99,$-8.57,0.0,$4.54,9.46,$0.33B,$0.28B,1.15,$0.80B,$0.79B,1.01,$1.65B,$0.35B,20.95%,$1.65B,$0.16B,9.47%,$1.65B,$0.16B,9.47%,$1.65B,$0.16B,9.96%,$1.65B,$0.14B,8.26%,$1.65B,$0.17B,10.50%,$0.17B,$0.79B,23.47%,$0.17B,$0.79B,23.67%,$0.17B,$1.87B,9.90%,$0.16B,$1.59B,10.15%,$494,$379,$115,$0,$58,$434,$60,$-3,$57,$19,$38,$38,$38,$62,$60,$36,39,$1.05,$0.99,$218,$0,$35,$326,$19,$104,$0,$0,$1548,$1874,$283,$798,$0,$799,$1082,$0,$382,$0,$792,$1874,$78,$7,$9,$16,$-14,$0,$0,$-227,$-134,$-40,$-10,$0,$-18,$0,$-7,$-7,$-2,$-37,$72,$0,$72,$11,$11,$0,$0,$83,$7,$7,$0
21,2013-06-30,43.36,$20.73,2.09,$40.39,1.07,$-11.20,0.0,$3.74,11.59,$0.34B,$0.22B,1.57,$0.80B,$0.75B,1.06,$1.50B,$0.29B,19.59%,$1.50B,$0.12B,7.75%,$1.50B,$0.12B,7.75%,$1.50B,$0.13B,8.36%,$1.50B,$0.09B,5.75%,$1.50B,$0.14B,9.49%,$0.14B,$0.75B,20.63%,$0.14B,$0.75B,20.83%,$0.14B,$1.77B,8.61%,$0.12B,$1.55B,7.89%,$451,$355,$96,$0,$54,$406,$46,$-7,$39,$10,$28,$28,$28,$48,$46,$36,39,$0.78,$0.74,$261,$0,$22,$343,$17,$103,$0,$0,$1424,$1767,$219,$798,$0,$798,$1017,$0,$344,$0,$751,$1767,$40,$5,$8,$13,$-13,$0,$0,$-108,$-73,$-20,$-6,$0,$0,$0,$-6,$-6,$-4,$-16,$72,$0,$72,$11,$11,$0,$0,$83,$48,$4,$0
22,2013-03-31,46.86,$19.76,2.37,$37.26,1.26,$-13.84,0.0,$3.24,14.46,$0.43B,$0.18B,2.4,$0.88B,$0.71B,1.24,$1.33B,$0.25B,18.76%,$1.33B,$0.08B,6.33%,$1.33B,$0.08B,6.33%,$1.33B,$0.09B,7.01%,$1.33B,$0.05B,3.77%,$1.33B,$0.12B,9.19%,$0.12B,$0.71B,19.53%,$0.12B,$0.71B,19.75%,$0.12B,$1.77B,8.04%,$0.08B,$1.59B,6.20%,$337,$272,$65,$0,$46,$315,$22,$-6,$16,$4,$12,$12,$12,$24,$22,$36,38,$0.34,$0.32,$364,$0,$11,$428,$16,$100,$0,$0,$1343,$1771,$178,$881,$0,$881,$1059,$0,$316,$0,$712,$1771,$12,$2,$7,$9,$-5,$0,$0,$-30,$-21,$-0,$-3,$0,$0,$0,$-3,$-3,$0,$-5,$158,$0,$158,$0,$0,$0,$2,$160,$155,$2,$0
23,2012-12-31,37.35,$19.49,1.92,$34.75,1.07,$-15.52,0.0,$2.77,13.48,$0.24B,$0.16B,1.54,$0.72B,$0.69B,1.04,$1.19B,$0.22B,18.34%,$1.19B,$0.07B,5.44%,$1.19B,$0.07B,5.44%,$1.19B,$0.07B,6.20%,$1.19B,$0.03B,2.43%,$1.19B,$0.11B,8.79%,$0.11B,$0.69B,18.47%,$0.11B,$0.67B,18.72%,$0.11B,$1.58B,7.61%,$0.07B,$1.42B,5.28%,$365,$296,$69,$0,$45,$337,$28,$-4,$24,$-72,$95,$95,$95,$30,$28,$34,35,$2.81,$2.72,$209,$0,$14,$244,$16,$98,$26,$0,$1332,$1576,$159,$723,$0,$723,$881,$0,$304,$0,$694,$1576,$105,$8,$-63,$-54,$-6,$0,$0,$-289,$-272,$-221,$-10,$0,$0,$0,$61,$61,$-27,$24,$111,$0,$111,$91,$91,$0,$-9,$194,$-3,$8,$0
24,2012-09-30,38.03,$16.75,2.27,$31.97,1.19,$-11.45,0.0,$-0.08,0.0,$0.38B,$0.16B,2.31,$0.72B,$0.60B,1.21,$1.08B,$0.18B,17.02%,$1.08B,$0.04B,3.53%,$1.08B,$0.04B,3.53%,$1.08B,$0.05B,4.37%,$1.08B,$-0.01B,-0.65%,$1.08B,$-0.00B,-0.19%,$-0.00B,$0.60B,-0.39%,$-0.00B,$0.60B,-0.39%,$-0.00B,$1.48B,-0.15%,$0.04B,$1.32B,3.30%,$343,$280,$63,$0,$45,$323,$20,$-13,$7,$0,$7,$7,$7,$23,$20,$35,36,$0.19,$0.19,$320,$0,$13,$376,$14,$79,$0,$0,$1105,$1481,$162,$723,$0,$723,$885,$0,$208,$0,$596,$1481,$10,$6,$6,$12,$-2,$0,$0,$-183,$-154,$-132,$-7,$0,$0,$0,$81,$81,$-3,$71,$111,$0,$111,$87,$87,$0,$-6,$193,$131,$6,$0
25,2012-06-30,33.94,$15.16,2.24,$29.09,1.17,$-9.30,0.0,$-0.37,0.0,$0.15B,$0.15B,0.99,$0.60B,$0.50B,1.2,$0.95B,$0.16B,16.63%,$0.95B,$0.02B,2.11%,$0.95B,$0.02B,2.11%,$0.95B,$0.03B,2.84%,$0.95B,$-0.02B,-1.79%,$0.95B,$-0.01B,-1.26%,$-0.01B,$0.50B,-2.44%,$-0.01B,$0.50B,-2.44%,$-0.01B,$1.24B,-0.98%,$0.02B,$1.09B,1.82%,$282,$231,$52,$0,$40,$268,$14,$-11,$3,$-5,$8,$8,$8,$16,$14,$33,33,$0.24,$0.24,$101,$0,$15,$149,$14,$116,$1,$0,$1094,$1244,$151,$596,$0,$596,$747,$0,$202,$0,$497,$1244,$3,$4,$2,$6,$2,$0,$0,$-136,$-114,$-105,$-4,$0,$0,$0,$43,$43,$-7,$32,$-15,$0,$-15,$1,$1,$0,$-5,$-19,$-92,$3,$0
26,2012-03-31,27.06,$14.87,1.82,$27.31,0.99,$-7.14,0.0,$-0.59,0.0,$0.15B,$0.12B,1.2,$0.61B,$0.49B,1.25,$0.89B,$0.15B,16.44%,$0.89B,$0.01B,1.35%,$0.89B,$0.01B,1.35%,$0.89B,$0.02B,2.14%,$0.89B,$-0.02B,-2.14%,$0.89B,$-0.02B,-2.14%,$-0.02B,$0.49B,-3.85%,$-0.02B,$0.49B,-3.86%,$-0.02B,$1.22B,-1.55%,$0.01B,$1.09B,1.09%,$204,$169,$35,$0,$34,$201,$3,$-8,$-5,$0,$-5,$-5,$-5,$5,$3,$33,33,$-0.15,$-0.15,$103,$0,$15,$148,$14,$185,$2,$0,$1070,$1218,$123,$607,$1,$608,$731,$0,$194,$0,$487,$1218,$-5,$2,$2,$3,$1,$0,$0,$-50,$-54,$-55,$-2,$0,$0,$0,$-27,$-27,$-0,$-29,$0,$0,$0,$1,$1,$0,$0,$1,$-83,$2,$0
27,2011-12-31,23.19,$15.05,1.54,$26.56,0.87,$-6.18,0.0,$-0.65,0.0,$0.23B,$0.13B,1.86,$0.61B,$0.49B,1.24,$0.86B,$0.14B,16.36%,$0.86B,$0.01B,1.04%,$0.86B,$0.01B,1.04%,$0.86B,$0.02B,1.86%,$0.86B,$-0.02B,-2.32%,$0.86B,$-0.02B,-2.44%,$-0.02B,$0.49B,-4.24%,$-0.02B,$0.49B,-4.25%,$-0.02B,$1.22B,-1.71%,$0.01B,$1.10B,0.82%,$246,$213,$33,$0,$39,$245,$1,$-13,$-12,$0,$-12,$-12,$-12,$3,$1,$32,32,$-0.36,$-0.36,$186,$0,$15,$234,$13,$159,$0,$0,$987,$1221,$126,$606,$0,$606,$732,$0,$198,$0,$489,$1221,$-21,$7,$25,$32,$3,$0,$0,$-94,$-85,$-74,$-7,$0,$0,$0,$152,$152,$-3,$141,$0,$0,$0,$0,$0,$0,$3,$3,$70,$7,$0
28,2011-09-30,15.14,$15.35,0.99,$25.60,0.59,$-2.86,0.0,$-0.32,0.0,$0.22B,$0.13B,1.7,$0.61B,$0.50B,1.22,$0.83B,$0.14B,17.09%,$0.83B,$0.01B,1.32%,$0.83B,$0.01B,1.32%,$0.83B,$0.02B,2.17%,$0.83B,$-0.01B,-1.56%,$0.83B,$-0.01B,-1.20%,$-0.01B,$0.50B,-2.01%,$-0.01B,$0.50B,-2.01%,$-0.01B,$1.23B,-0.82%,$0.01B,$1.10B,1.00%,$218,$180,$38,$0,$36,$216,$2,$-5,$-3,$0,$-3,$-3,$-3,$3,$2,$32,32,$-0.10,$-0.10,$168,$0,$13,$218,$15,$200,$2,$0,$1016,$1234,$128,$606,$1,$608,$736,$0,$210,$0,$498,$1234,$-9,$5,$9,$14,$-2,$0,$0,$-61,$-56,$-51,$-5,$0,$0,$0,$110,$110,$-2,$103,$0,$0,$0,$2,$2,$0,$0,$2,$53,$5,$0
29,2011-06-30,22.56,$15.39,1.47,$26.13,0.86,$-0.09,0.0,$-0.18,0.0,$0.22B,$0.12B,1.85,$0.61B,$0.50B,1.22,$0.85B,$0.15B,17.36%,$0.85B,$0.02B,1.89%,$0.85B,$0.02B,1.89%,$0.85B,$0.02B,2.83%,$0.85B,$-0.01B,-1.06%,$0.85B,$-0.01B,-0.71%,$-0.01B,$0.50B,-1.20%,$-0.01B,$0.50B,-1.21%,$-0.01B,$1.23B,-0.49%,$0.02B,$1.11B,1.45%,$220,$181,$40,$0,$34,$214,$6,$-5,$1,$0,$1,$1,$1,$8,$6,$32,33,$0.02,$0.02,$178,$0,$12,$221,$15,$210,$2,$0,$1004,$1226,$120,$606,$1,$607,$727,$0,$213,$0,$499,$1226,$-6,$4,$5,$9,$3,$0,$0,$-39,$-36,$-33,$-4,$0,$0,$0,$99,$99,$-1,$95,$0,$0,$0,$2,$2,$0,$0,$2,$64,$3,$0
30,2011-03-31,24.13,$15.33,1.57,$28.41,0.85,$2.74,8.81,$-0.07,0.0,$0.16B,$0.12B,1.38,$0.61B,$0.50B,1.22,$0.92B,$0.16B,17.43%,$0.92B,$0.03B,2.72%,$0.92B,$0.03B,2.72%,$0.92B,$0.03B,3.59%,$0.92B,$-0.01B,-0.65%,$0.92B,$-0.00B,-0.33%,$-0.00B,$0.50B,-0.60%,$-0.00B,$0.50B,-0.61%,$-0.00B,$1.22B,-0.24%,$0.03B,$1.10B,2.26%,$178,$147,$30,$0,$30,$178,$-0,$-6,$-6,$0,$-7,$-7,$-7,$2,$-0,$32,32,$-0.21,$-0.21,$114,$0,$10,$160,$14,$285,$2,$0,$1059,$1219,$116,$606,$0,$606,$722,$0,$213,$0,$497,$1219,$-7,$2,$3,$5,$-2,$0,$0,$-18,$-23,$-25,$-1,$0,$0,$0,$25,$25,$-1,$23,$0,$0,$0,$2,$2,$0,$0,$2,$-0,$2,$0
31,2010-12-31,22.2,$15.56,1.43,$29.17,0.76,$4.85,4.58,$0.22,100.91,$0.16B,$0.12B,1.34,$0.61B,$0.50B,1.21,$0.94B,$0.17B,17.83%,$0.94B,$0.03B,3.29%,$0.94B,$0.03B,3.29%,$0.94B,$0.04B,4.14%,$0.94B,$0.00B,0.32%,$0.94B,$0.01B,0.74%,$0.01B,$0.50B,1.41%,$0.01B,$0.50B,1.42%,$0.01B,$1.23B,0.56%,$0.03B,$1.11B,2.81%,$215,$181,$34,$0,$31,$212,$3,$-8,$-5,$-5,$-1,$-1,$-1,$5,$3,$32,32,$-0.03,$-0.03,$113,$0,$10,$158,$15,$310,$2,$0,$1067,$1225,$118,$606,$1,$607,$725,$0,$220,$0,$500,$1225,$7,$8,$17,$25,$94,$0,$0,$-73,$0,$33,$-6,$0,$0,$0,$-175,$-175,$7,$-175,$-2,$0,$-2,$2,$2,$0,$-3,$-3,$-145,$5,$0
32,2010-09-30,19.62,$15.55,1.26,$31.65,0.62,$9.80,2.0,$1.60,12.26,$0.20B,$0.13B,1.5,$0.61B,$0.50B,1.21,$1.01B,$0.14B,13.52%,$1.01B,$-0.01B,-0.99%,$1.01B,$-0.01B,-0.99%,$1.01B,$-0.00B,-0.10%,$1.01B,$-0.04B,-3.85%,$1.01B,$0.05B,5.03%,$0.05B,$0.50B,10.35%,$0.05B,$0.50B,10.41%,$0.05B,$1.24B,4.10%,$-0.01B,$1.11B,-0.91%,$234,$191,$43,$0,$35,$227,$7,$-7,$1,$-0,$1,$1,$1,$9,$7,$32,32,$0.04,$0.04,$154,$0,$11,$197,$15,$277,$3,$0,$1043,$1241,$132,$606,$4,$610,$741,$0,$220,$0,$499,$1241,$8,$6,$10,$16,$97,$0,$0,$-74,$14,$38,$-5,$0,$0,$0,$-141,$-141,$8,$-138,$-2,$0,$-2,$2,$2,$0,$-3,$-4,$-104,$4,$0
33,2010-06-30,16.28,$15.47,1.05,$31.72,0.51,$13.67,1.19,$1.00,16.28,$0.23B,$0.15B,1.58,$0.61B,$0.50B,1.22,$1.01B,$0.12B,11.57%,$1.01B,$-0.03B,-2.67%,$1.01B,$-0.03B,-2.67%,$1.01B,$-0.02B,-1.78%,$1.01B,$-0.06B,-5.74%,$1.01B,$0.03B,3.17%,$0.03B,$0.50B,6.69%,$0.03B,$0.49B,6.74%,$0.03B,$1.26B,2.60%,$-0.03B,$1.10B,-2.49%,$291,$239,$53,$0,$38,$277,$15,$-10,$4,$0,$4,$4,$4,$17,$15,$32,32,$0.13,$0.13,$171,$0,$12,$234,$15,$282,$3,$0,$1022,$1256,$148,$605,$6,$612,$759,$0,$219,$0,$496,$1256,$7,$4,$7,$11,$79,$0,$0,$-43,$41,$59,$-4,$0,$0,$0,$-145,$-145,$2,$-148,$-2,$0,$-2,$2,$2,$0,$-3,$-4,$-93,$2,$0
34,2010-03-31,21.0,$15.30,1.37,$29.83,0.7,$17.66,1.19,$-1.50,0.0,$0.31B,$0.14B,2.17,$0.61B,$0.49B,1.23,$0.94B,$0.03B,2.65%,$0.94B,$-0.11B,-12.00%,$0.94B,$-0.11B,-12.00%,$0.94B,$-0.10B,-11.04%,$0.94B,$-0.13B,-14.23%,$0.94B,$-0.05B,-4.88%,$-0.05B,$0.49B,-9.83%,$-0.05B,$0.49B,-9.91%,$-0.05B,$1.24B,-3.78%,$-0.11B,$1.10B,-10.53%,$202,$164,$38,$0,$32,$195,$6,$-4,$3,$0,$3,$3,$3,$8,$6,$32,32,$0.08,$0.08,$259,$0,$11,$306,$15,$187,$3,$0,$935,$1241,$141,$605,$4,$609,$750,$0,$215,$0,$491,$1241,$3,$2,$2,$4,$90,$0,$0,$-50,$37,$44,$-2,$0,$0,$0,$-50,$-50,$0,$-52,$0,$0,$0,$1,$1,$0,$0,$1,$-7,$1,$0
35,2009-12-31,19.33,$15.26,1.27,$31.06,0.62,$20.84,0.93,$-2.18,0.0,$0.40B,$0.14B,2.8,$0.61B,$0.49B,1.25,$0.97B,$0.00B,0.41%,$0.97B,$-0.14B,-13.90%,$0.97B,$-0.14B,-13.90%,$0.97B,$-0.13B,-12.87%,$0.97B,$-0.16B,-15.96%,$0.97B,$-0.07B,-6.90%,$-0.07B,$0.49B,-14.15%,$-0.07B,$0.48B,-14.27%,$-0.07B,$1.24B,-5.48%,$-0.14B,$1.09B,-12.47%,$286,$283,$3,$0,$41,$323,$-38,$-9,$-47,$-90,$43,$43,$43,$-35,$-38,$31,31,$1.41,$1.41,$266,$0,$9,$401,$15,$138,$4,$0,$842,$1243,$143,$605,$9,$614,$757,$0,$212,$0,$485,$1243,$-66,$9,$127,$136,$29,$0,$0,$110,$114,$184,$-3,$0,$0,$0,$-127,$-127,$-15,$-145,$0,$0,$0,$5,$5,$0,$0,$5,$43,$6,$0
36,2009-09-30,20.3,$13.86,1.46,$35.57,0.57,$21.59,0.94,$-6.11,0.0,$0.42B,$0.13B,3.28,$0.61B,$0.44B,1.37,$1.09B,$-0.05B,-4.33%,$1.09B,$-0.19B,-17.79%,$1.09B,$-0.19B,-17.79%,$1.09B,$-0.18B,-16.50%,$1.09B,$-0.22B,-20.00%,$1.09B,$-0.19B,-17.42%,$-0.19B,$0.44B,-39.05%,$-0.19B,$0.44B,-39.42%,$-0.19B,$1.18B,-15.19%,$-0.19B,$1.05B,-17.56%,$232,$209,$23,$0,$33,$242,$-10,$-8,$-18,$0,$-18,$-18,$-18,$-8,$-10,$32,32,$-0.56,$-0.56,$366,$0,$12,$420,$17,$12,$4,$0,$764,$1184,$128,$605,$10,$615,$743,$0,$169,$0,$441,$1184,$-110,$7,$87,$93,$117,$0,$0,$98,$174,$157,$-2,$0,$0,$0,$-1,$-1,$-17,$-21,$0,$0,$0,$4,$4,$0,$0,$4,$141,$5,$0
37,2009-06-30,18.86,$14.35,1.31,$40.47,0.47,$20.00,0.94,$-10.24,0.0,$0.44B,$0.13B,3.31,$0.61B,$0.45B,1.33,$1.23B,$-0.08B,-6.19%,$1.23B,$-0.24B,-19.87%,$1.23B,$-0.24B,-19.87%,$1.23B,$-0.23B,-18.65%,$1.23B,$-0.26B,-21.25%,$1.23B,$-0.32B,-25.65%,$-0.32B,$0.45B,-60.00%,$-0.32B,$0.45B,-60.61%,$-0.32B,$1.20B,-24.02%,$-0.24B,$1.06B,-21.28%,$222,$261,$-39,$0,$32,$293,$-71,$-1,$-72,$2,$-74,$-74,$-74,$-69,$-71,$31,31,$-2.37,$-2.37,$385,$0,$16,$444,$19,$14,$4,$0,$756,$1201,$134,$605,$7,$612,$746,$0,$187,$0,$454,$1201,$-92,$5,$71,$76,$116,$0,$0,$112,$194,$178,$-1,$0,$0,$0,$-1,$-1,$1,$-2,$0,$0,$0,$3,$3,$0,$0,$3,$179,$2,$0
38,2009-03-31,11.42,$16.58,0.69,$46.02,0.25,$17.60,0.65,$-8.66,0.0,$0.44B,$0.12B,3.62,$0.62B,$0.51B,1.21,$1.38B,$-0.02B,-1.45%,$1.38B,$-0.20B,-14.55%,$1.38B,$-0.20B,-14.55%,$1.38B,$-0.18B,-13.32%,$1.38B,$-0.22B,-16.15%,$1.38B,$-0.26B,-19.12%,$-0.26B,$0.51B,-44.13%,$-0.26B,$0.51B,-44.58%,$-0.26B,$1.27B,-18.64%,$-0.20B,$1.14B,-16.38%,$231,$214,$17,$0,$33,$247,$-16,$-3,$-18,$0,$-18,$-18,$-18,$-13,$-16,$31,31,$-0.60,$-0.60,$344,$0,$50,$442,$21,$16,$5,$0,$823,$1265,$122,$622,$7,$630,$752,$0,$260,$0,$514,$1265,$-18,$2,$10,$12,$110,$0,$0,$78,$145,$139,$-0,$0,$0,$0,$-1,$-1,$2,$-0,$0,$0,$0,$0,$0,$0,$0,$0,$138,$1,$0
39,2008-12-31,12.17,$17.34,0.7,$52.71,0.23,$16.13,0.75,$-9.78,0.0,$0.42B,$0.17B,2.52,$0.63B,$0.53B,1.19,$1.52B,$-0.04B,-2.36%,$1.52B,$-0.24B,-15.69%,$1.52B,$-0.24B,-15.69%,$1.52B,$-0.22B,-14.58%,$1.52B,$-0.28B,-18.12%,$1.52B,$-0.29B,-19.11%,$-0.29B,$0.53B,-45.36%,$-0.29B,$0.52B,-45.84%,$-0.29B,$1.33B,-19.46%,$-0.24B,$1.16B,-18.72%,$400,$448,$-48,$0,$48,$496,$-96,$-13,$-109,$-30,$-79,$-79,$-79,$-89,$-96,$29,29,$-2.75,$-2.75,$206,$0,$52,$416,$23,$17,$5,$0,$910,$1326,$165,$629,$5,$634,$799,$0,$279,$0,$527,$1326,$-292,$17,$409,$426,$-16,$0,$0,$200,$66,$200,$-9,$0,$0,$0,$-17,$-17,$2,$-23,$0,$-82,$-82,$84,$84,$0,$0,$2,$178,$6,$0
40,2008-09-30,24.7,$19.71,1.25,$62.68,0.39,$8.36,2.96,$-12.11,0.0,$0.31B,$0.21B,1.43,$0.63B,$0.61B,1.04,$1.74B,$-0.01B,-0.69%,$1.74B,$-0.25B,-14.24%,$1.74B,$-0.25B,-14.24%,$1.74B,$-0.18B,-10.10%,$1.74B,$-0.36B,-20.90%,$1.74B,$-0.34B,-19.58%,$-0.34B,$0.61B,-49.26%,$-0.34B,$0.60B,-49.80%,$-0.34B,$1.45B,-21.30%,$-0.25B,$1.24B,-18.34%,$375,$381,$-6,$0,$55,$436,$-61,$-1,$-62,$82,$-144,$-144,$-144,$-58,$-61,$31,31,$-4.69,$-4.69,$119,$0,$69,$305,$26,$21,$7,$0,$1149,$1454,$213,$630,$6,$636,$849,$0,$358,$0,$605,$1454,$-213,$10,$267,$277,$-53,$0,$0,$91,$42,$106,$-5,$0,$0,$0,$-14,$-14,$2,$-16,$0,$-82,$-82,$84,$84,$0,$0,$2,$91,$4,$0
41,2008-06-30,15.17,$24.34,0.62,$72.51,0.21,$-1.50,0.0,$-11.94,0.0,$0.28B,$0.23B,1.21,$0.64B,$0.75B,0.85,$1.95B,$-0.07B,-3.55%,$1.95B,$-0.32B,-16.50%,$1.95B,$-0.32B,-16.50%,$1.95B,$-0.20B,-10.43%,$1.95B,$-0.49B,-25.39%,$1.95B,$-0.32B,-16.24%,$-0.32B,$0.75B,-41.90%,$-0.32B,$0.74B,-43.17%,$-0.32B,$1.62B,-17.99%,$-0.32B,$1.38B,-21.72%,$375,$359,$17,$0,$44,$403,$-28,$-7,$-34,$-11,$-23,$-23,$-23,$-24,$-28,$30,30,$-0.79,$-0.79,$115,$0,$71,$279,$29,$21,$7,$0,$1341,$1620,$232,$635,$6,$641,$873,$0,$502,$0,$747,$1620,$-69,$7,$94,$100,$-26,$0,$0,$79,$70,$102,$-4,$0,$0,$0,$-13,$-13,$2,$-16,$0,$-82,$-82,$84,$84,$0,$0,$2,$87,$2,$0
42,2008-03-31,19.32,$26.03,0.74,$81.51,0.24,$-11.45,0.0,$-13.31,0.0,$0.20B,$0.24B,0.81,$0.65B,$0.69B,0.94,$2.14B,$-0.08B,-3.55%,$2.14B,$-0.36B,-16.82%,$2.14B,$-0.36B,-16.82%,$2.14B,$-0.21B,-9.95%,$2.14B,$-0.55B,-25.65%,$2.14B,$-0.35B,-16.36%,$-0.35B,$0.69B,-43.22%,$-0.35B,$0.68B,-45.96%,$-0.35B,$1.58B,-18.34%,$-0.36B,$1.33B,-22.49%,$373,$372,$1,$0,$55,$427,$-54,$-17,$-71,$-25,$-45,$-45,$-45,$-51,$-54,$26,26,$-1.72,$-1.72,$26,$0,$77,$197,$29,$22,$8,$0,$1385,$1582,$242,$646,$7,$653,$895,$0,$525,$0,$687,$1582,$-45,$3,$54,$57,$-22,$0,$0,$63,$69,$81,$-2,$0,$0,$0,$-3,$-3,$2,$-3,$0,$-80,$-80,$1,$1,$0,$0,$-79,$-2,$1,$0
43,2007-12-31,14.57,$27.81,0.52,$89.08,0.16,$-17.73,0.0,$-11.02,0.0,$0.26B,$0.28B,0.93,$0.73B,$0.73B,1.0,$2.34B,$0.01B,0.55%,$2.34B,$-0.29B,-12.37%,$2.34B,$-0.29B,-12.37%,$2.34B,$-0.14B,-6.02%,$2.34B,$-0.46B,-19.41%,$2.34B,$-0.29B,-12.37%,$-0.29B,$0.73B,-32.45%,$-0.29B,$0.72B,-35.68%,$-0.29B,$1.75B,-14.08%,$-0.29B,$1.46B,-16.81%,$619,$643,$-24,$0,$81,$724,$-105,$-92,$-197,$-69,$-129,$-129,$-129,$-43,$-105,$26,26,$-4.91,$-4.90,$28,$0,$87,$262,$31,$27,$8,$0,$1486,$1748,$282,$730,$6,$736,$1018,$0,$571,$0,$730,$1748,$-289,$148,$304,$452,$-63,$0,$0,$19,$-184,$-21,$-13,$0,$0,$0,$-29,$-29,$31,$-10,$150,$-145,$6,$2,$2,$0,$-6,$1,$-29,$20,$0
44,2007-09-30,14.12,$32.49,0.43,$95.78,0.15,$-18.19,0.0,$-5.77,0.0,$0.27B,$0.32B,0.84,$0.88B,$0.85B,1.04,$2.55B,$0.14B,5.38%,$2.55B,$-0.18B,-7.11%,$2.55B,$-0.18B,-7.11%,$2.55B,$-0.09B,-3.34%,$2.55B,$-0.24B,-9.58%,$2.55B,$-0.15B,-5.97%,$-0.15B,$0.85B,-15.78%,$-0.15B,$0.79B,-17.90%,$-0.15B,$2.08B,-7.02%,$-0.18B,$1.74B,-10.08%,$579,$642,$-63,$0,$71,$713,$-134,$-58,$-192,$-74,$-119,$-119,$-119,$-85,$-134,$26,26,$-4.52,$-4.52,$45,$0,$107,$267,$37,$57,$66,$0,$1809,$2075,$316,$884,$23,$907,$1223,$0,$700,$0,$853,$2075,$-160,$86,$191,$277,$-25,$0,$0,$-144,$-279,$-162,$-10,$0,$0,$0,$-26,$-26,$33,$-3,$149,$8,$157,$2,$2,$0,$-5,$153,$-11,$7,$0
45,2007-06-30,26.75,$36.91,0.72,$106.89,0.25,$-14.96,0.0,$1.00,26.75,$0.27B,$0.33B,0.82,$0.90B,$0.97B,0.93,$2.85B,$0.38B,13.29%,$2.85B,$0.04B,1.44%,$2.85B,$0.04B,1.44%,$2.85B,$0.09B,3.27%,$2.85B,$0.04B,1.48%,$2.85B,$0.03B,0.95%,$0.03B,$0.97B,2.70%,$0.03B,$0.86B,3.12%,$0.03B,$2.23B,1.22%,$0.04B,$1.87B,2.27%,$569,$559,$10,$0,$76,$635,$-67,$-22,$-89,$-33,$-57,$-57,$-57,$-34,$-67,$26,26,$-2.16,$-2.16,$52,$0,$126,$273,$40,$96,$111,$0,$1957,$2230,$334,$903,$23,$927,$1261,$0,$818,$0,$969,$2230,$-41,$37,$71,$108,$-8,$0,$0,$-137,$-233,$-167,$-8,$0,$0,$0,$-20,$-20,$16,$-11,$149,$25,$174,$2,$2,$0,$-3,$173,$-5,$4,$0
46,2007-03-31,32.12,$39.01,0.82,$118.64,0.27,$-10.88,0.0,$5.98,5.37,$0.28B,$0.34B,0.83,$0.81B,$1.02B,0.79,$3.19B,$0.59B,18.46%,$3.19B,$0.22B,7.02%,$3.19B,$0.22B,7.02%,$3.19B,$0.25B,7.80%,$3.19B,$0.26B,8.02%,$3.19B,$0.16B,5.05%,$0.16B,$1.02B,16.27%,$0.16B,$0.88B,18.97%,$0.16B,$2.18B,7.38%,$0.22B,$1.83B,12.78%,$577,$487,$90,$0,$74,$561,$16,$6,$23,$8,$15,$15,$15,$21,$16,$26,27,$0.58,$0.57,$39,$0,$150,$281,$41,$119,$139,$0,$1904,$2184,$339,$810,$12,$822,$1161,$0,$875,$0,$1023,$2184,$15,$4,$21,$25,$0,$0,$0,$-35,$-123,$-83,$-4,$0,$0,$0,$-10,$-10,$2,$-12,$149,$-71,$78,$1,$1,$0,$-3,$77,$-18,$2,$0
47,2006-12-31,47.72,$38.51,1.24,$127.27,0.37,$-9.31,0.0,$8.27,5.77,$0.31B,$0.43B,0.73,$0.73B,$1.01B,0.73,$3.46B,$0.71B,20.60%,$3.46B,$0.33B,9.56%,$3.46B,$0.33B,9.56%,$3.46B,$0.36B,10.29%,$3.46B,$0.36B,10.52%,$3.46B,$0.23B,6.53%,$0.23B,$1.01B,23.62%,$0.23B,$0.87B,27.75%,$0.23B,$2.17B,10.53%,$0.33B,$1.74B,19.71%,$821,$721,$100,$0,$96,$817,$4,$9,$14,$5,$9,$9,$9,$13,$4,$26,27,$0.38,$0.39,$57,$0,$167,$312,$41,$114,$139,$0,$1858,$2171,$426,$733,$4,$738,$1164,$0,$863,$0,$1007,$2171,$225,$24,$29,$52,$-8,$0,$0,$-236,$-300,$-22,$-25,$0,$0,$0,$-52,$-52,$19,$-58,$-0,$154,$153,$-92,$-92,$0,$9,$71,$-9,$12,$0
