,Date,Stock Price,Book Value per Share,Price to Book Ratio,TTM Sales per Share,Price to Sales Ratio,TTM FCF per Share,Price to FCF Ratio,TTM Net EPS,PE Ratio,Current Assets,Current Liabilities,Current Ratio,Long Term Debt,Shareholder's Equity_x,Debt to Equity Ratio,TTM Revenue_x,TTM Gross Profit,Gross Margin,TTM Revenue_y,TTM Operating Income,Operating Margin,TTM Revenue_x,TTM EBIT,EBIT Margin,TTM Revenue_y,TTM EBITDA,EBITDA Margin,TTM Revenue_x,TTM Pre-Tax Income,Pre-Tax Margin,TTM Revenue_y,TTM Net Income_x,Net Margin,TTM Net Income_y,Shareholder's Equity_y,Return on Equity,TTM Net Income_x,Tangible Equity,Return on Tangible Equity,TTM Net Income_y,Total Assets,Return on Assets,TTM Net Income,LT Investments & Debt,Return on Investment,revenue,cost-goods-sold,gross-profit,research-development-expenses,selling-general-administrative-expenses,operating-expenses,operating-income,total-non-operating-income-expense,pre-tax-income,total-provision-income-taxes,income-after-taxes,income-from-continuous-operations,net-income,ebitda,ebit,basic-shares-outstanding,shares-outstanding,eps-basic-net-earnings-per-share,eps-earnings-per-share-diluted,cash-on-hand,inventory,other-current-assets,total-current-assets,net-property-plant-equipment,long-term-investments,goodwill-intangible-assets-total,other-long-term-assets,total-long-term-assets,total-assets,total-current-liabilities,long-term-debt,other-non-current-liabilities,total-long-term-liabilities,total-liabilities,common-stock-net,retained-earnings-accumulated-deficit,comprehensive-income,total-share-holder-equity,total-liabilities-share-holders-equity,net-income-loss,total-depreciation-amortization-cash-flow,other-non-cash-items,total-non-cash-items,change-in-accounts-receivable,change-in-inventories,change-in-accounts-payable,change-in-assets-liabilities,total-change-in-assets-liabilities,cash-flow-from-operating-activities,net-change-in-property-plant-equipment,net-change-in-intangible-assets,net-acquisitions-divestitures,net-change-in-short-term-investments,net-change-in-long-term-investments,net-change-in-investments-total,investing-activities-other,cash-flow-from-investing-activities,net-long-term-debt,net-current-debt,debt-issuance-retirement-net-total,net-common-equity-issued-repurchased,net-total-equity-issued-repurchased,total-common-preferred-stock-dividends-paid,financial-activities-other,cash-flow-from-financial-activities,net-cash-flow,stock-based-compensation,common-stock-dividends-paid
0,2018-03-31,4.35,$0.00,0.0,0,0.0,0,0.0,0,0.0,$1.25B,$8.58B,0.15,$0.31B,$-4.29B,-0.07,$2.63B,$1.22B,46.15%,$2.63B,$0.54B,20.66%,$2.63B,$0.54B,20.66%,$2.63B,$0.67B,25.26%,$2.63B,$0.33B,12.69%,$2.63B,$0.29B,11.17%,$0.29B,$-4.27B,-7.34%,$0.29B,$-5.19B,-6.00%,$0.29B,$5.65B,5.52%,$0.54B,$-3.97B,-14.45%,$1317,$731,$586,$0,$324,$1082,$236,$-173,$62,$0,$62,$62,$58,$299,$236,$0,0,$0.00,$0.00,$22,$704,$144,$1245,$3463,$5,$917,$16,$4404,$5649,$8578,$306,$810,$1343,$9921,$73,$-4963,$15,$-4271,$5649,$62,$64,$164,$228,$-50,$-55,$0,$51,$5,$293,$-17,$-1,$0,$0,$0,$0,$-2,$-20,$-116,$0,$-116,$0,$0,$0,$-172,$-288,$-14,$0,$0
1,2017-03-31,5.32,$0.00,0.0,0,0.0,0,0.0,0,0.0,$1.20B,$8.31B,0.14,$0.29B,$-4.05B,-0.07,$1.32B,$0.63B,47.80%,$1.32B,$0.31B,23.40%,$1.32B,$0.31B,23.40%,$1.32B,$0.37B,27.81%,$1.32B,$0.27B,20.67%,$1.32B,$0.24B,17.93%,$0.24B,$-4.03B,-6.27%,$0.24B,$-4.95B,-5.08%,$0.24B,$5.62B,4.53%,$0.31B,$-3.75B,-8.63%,$1316,$687,$629,$0,$305,$1009,$308,$-36,$272,$26,$246,$246,$236,$366,$308,$0,0,$0.00,$0.00,$49,$620,$124,$1195,$3453,$4,$919,$18,$4420,$5615,$8311,$289,$707,$1338,$9649,$71,$-4769,$28,$-4034,$5615,$246,$58,$52,$110,$-83,$-37,$0,$10,$-118,$238,$-16,$0,$1,$0,$2,$2,$7,$-5,$-102,$0,$-102,$0,$0,$0,$-149,$-251,$-9,$0,$0
2,2016-12-31,5.73,$0.00,0.0,$8.21,0.7,0,0.0,$-3.73,0.0,$0.96B,$7.58B,0.13,$0.18B,$-3.80B,-0.05,$3.42B,$3.42B,100.00%,$3.42B,$3.42B,100.00%,$3.42B,$3.42B,100.00%,$3.42B,$3.42B,100.00%,$3.42B,$3.42B,100.00%,$3.42B,$-1.55B,-45.49%,$-1.55B,$-3.79B,56.39%,$-1.55B,$-4.61B,45.57%,$-1.55B,$4.88B,-40.84%,$3.42B,$-3.61B,-129.80%,$0,$0,$0,$0,$0,$0,$0,$0,$0,$0,$0,$0,$0,$0,$0,$0,0,$0.00,$0.00,$25,$528,$107,$956,$0,$4,$817,$17,$860,$4882,$7580,$181,$665,$1091,$8671,$62,$-4417,$0,$-3789,$4882,$132,$284,$-0,$284,$0,$0,$0,$0,$-157,$798,$-67,$0,$2,$0,$0,$-2,$-8,$-75,$0,$0,$-623,$0,$0,$-0,$-65,$-688,$8,$0,$0
3,2016-09-30,2.86,$0.00,0.0,$8.21,0.35,0,0.0,$-3.73,0.0,$0.97B,$8.03B,0.12,$0.19B,$-3.95B,-0.05,$3.42B,$3.42B,100.00%,$3.42B,$3.42B,100.00%,$3.42B,$3.42B,100.00%,$3.42B,$3.42B,100.00%,$3.42B,$3.42B,100.00%,$3.42B,$-1.55B,-45.49%,$-1.55B,$-3.93B,53.76%,$-1.55B,$-4.84B,43.31%,$-1.55B,$5.17B,-38.87%,$3.42B,$-3.74B,-122.35%,$0,$0,$0,$0,$0,$0,$0,$0,$0,$0,$0,$0,$0,$0,$0,$0,0,$0.00,$0.00,$36,$528,$121,$974,$0,$5,$906,$18,$949,$5166,$8026,$192,$671,$1074,$9100,$65,$-4587,$0,$-3933,$5166,$104,$161,$-1,$160,$0,$0,$0,$0,$-123,$508,$-35,$0,$-53,$0,$0,$0,$-7,$-94,$0,$0,$-553,$0,$0,$-0,$132,$-420,$-8,$0,$0
4,2016-06-30,1.68,$0.00,0.0,$8.21,0.2,0,0.0,$-3.73,0.0,$1.03B,$8.07B,0.13,$0.13B,$-3.32B,-0.04,$3.42B,$3.42B,100.00%,$3.42B,$3.42B,100.00%,$3.42B,$3.42B,100.00%,$3.42B,$3.42B,100.00%,$3.42B,$3.42B,100.00%,$3.42B,$-1.55B,-45.49%,$-1.55B,$-3.30B,57.73%,$-1.55B,$-4.20B,45.74%,$-1.55B,$5.17B,-38.17%,$3.42B,$-3.18B,-130.20%,$0,$0,$0,$0,$0,$0,$0,$0,$0,$0,$0,$0,$0,$0,$0,$0,0,$0.00,$0.00,$43,$537,$139,$1030,$0,$4,$895,$18,$939,$5171,$8070,$125,$114,$403,$8473,$63,$-4457,$0,$-3302,$5171,$139,$100,$-1,$99,$0,$0,$0,$0,$-91,$293,$-14,$0,$-40,$0,$0,$0,$-4,$-57,$0,$0,$-500,$0,$0,$0,$260,$-240,$-4,$0,$0
5,2016-03-31,1.81,$0.00,0.0,$8.21,0.22,0,0.0,$-3.73,0.0,$0.00B,$0.00B,0.0,$0.00B,$0.00B,0.0,$3.42B,$3.42B,100.00%,$3.42B,$3.42B,100.00%,$3.42B,$3.42B,100.00%,$3.42B,$3.42B,100.00%,$3.42B,$3.42B,100.00%,$3.42B,$-1.55B,-45.49%,$-1.55B,$0.00B,60.30%,$-1.55B,$0.00B,46.53%,$-1.55B,$0.00B,-35.31%,$3.42B,$0.00B,-134.69%,$3416,$0,$3416,$0,$0,$0,$3416,$0,$3416,$0,$3416,$-1565,$-1554,$3416,$3416,$416,416,$-3.73,$-3.73,$0,$0,$0,$0,$0,$0,$0,$0,$0,$0,$0,$0,$0,$0,$0,$0,$0,$0,$0,$0,$0,$0,$0,$0,$0,$0,$0,$0,$0,$0,$0,$0,$0,$0,$0,$0,$0,$0,$0,$0,$0,$0,$0,$0,$0,$0,$0,$0,$0
6,2015-12-31,1.64,$0.00,0.0,$6.43,0.25,$0.41,3.95,$-0.08,0.0,$1.04B,$9.60B,0.11,$0.08B,$-4.34B,-0.02,$1.76B,$1.13B,63.96%,$1.76B,$0.78B,44.44%,$1.76B,$0.78B,44.44%,$1.76B,$0.79B,44.78%,$1.76B,$-0.28B,-15.78%,$1.76B,$-0.02B,-1.19%,$-0.02B,$-4.33B,0.64%,$-0.02B,$-5.32B,0.49%,$-0.02B,$5.65B,-0.35%,$0.78B,$-4.25B,-24.55%,$0,$0,$0,$0,$0,$0,$0,$0,$0,$0,$0,$0,$0,$0,$0,$0,0,$0.00,$0.00,$51,$582,$137,$1043,$0,$5,$990,$24,$1043,$5654,$9595,$79,$124,$387,$9982,$69,$-4984,$0,$-4328,$5654,$-1895,$257,$-16,$241,$0,$0,$0,$0,$-547,$165,$-77,$0,$-78,$0,$0,$3,$-13,$-166,$0,$0,$-12,$0,$0,$-0,$-0,$-12,$-7,$0,$0
7,2015-09-30,1.82,$0.00,0.0,$6.43,0.28,$0.41,4.39,$-0.08,0.0,$1.12B,$8.33B,0.13,$0.07B,$-3.16B,-0.02,$1.76B,$1.13B,63.96%,$1.76B,$0.78B,44.44%,$1.76B,$0.78B,44.44%,$1.76B,$0.79B,44.78%,$1.76B,$-0.28B,-15.78%,$1.76B,$-0.02B,-1.19%,$-0.02B,$-3.14B,0.74%,$-0.02B,$-4.08B,0.54%,$-0.02B,$5.46B,-0.34%,$0.78B,$-3.07B,-28.51%,$0,$0,$0,$0,$0,$0,$0,$0,$0,$0,$0,$0,$0,$0,$0,$0,0,$0.00,$0.00,$36,$513,$290,$1116,$0,$9,$937,$22,$1020,$5461,$8329,$70,$95,$270,$8599,$134,$-5788,$0,$-3138,$5461,$-1006,$180,$-8,$172,$0,$0,$0,$0,$414,$306,$-109,$0,$-57,$0,$0,$0,$-1,$-167,$0,$-25,$-127,$0,$0,$-0,$-0,$-152,$-37,$0,$0
8,2015-06-30,2.46,$0.00,0.0,$6.43,0.38,$0.41,5.94,$-0.08,0.0,$1.30B,$9.02B,0.14,$0.02B,$-2.87B,-0.01,$1.76B,$1.13B,63.96%,$1.76B,$0.78B,44.44%,$1.76B,$0.78B,44.44%,$1.76B,$0.79B,44.78%,$1.76B,$-0.28B,-15.78%,$1.76B,$-0.02B,-1.19%,$-0.02B,$-2.84B,0.99%,$-0.02B,$-3.97B,0.55%,$-0.02B,$6.49B,-0.27%,$0.78B,$-2.83B,-40.73%,$0,$0,$0,$0,$0,$0,$0,$0,$0,$0,$0,$0,$0,$0,$0,$0,0,$0.00,$0.00,$45,$586,$331,$1299,$0,$11,$1124,$27,$1212,$6491,$9023,$16,$108,$311,$9334,$134,$-5015,$0,$-2843,$6491,$-225,$124,$0,$124,$0,$0,$0,$0,$-2,$191,$-91,$0,$0,$0,$0,$-1,$-33,$-126,$0,$0,$-124,$0,$0,$0,$25,$-99,$-27,$0,$0
9,2015-03-31,2.48,$0.00,0.0,$6.43,0.39,$0.41,5.99,$-0.08,0.0,$1.36B,$8.60B,0.16,$0.16B,$-2.80B,-0.06,$1.76B,$1.13B,63.96%,$1.76B,$0.78B,44.44%,$1.76B,$0.78B,44.44%,$1.76B,$0.79B,44.78%,$1.76B,$-0.28B,-15.78%,$1.76B,$-0.02B,-1.19%,$-0.02B,$-2.78B,1.53%,$-0.02B,$-3.85B,0.70%,$-0.02B,$6.29B,-0.22%,$0.78B,$-2.62B,-73.76%,$1762,$635,$1127,$0,$344,$979,$783,$-412,$-278,$-13,$-266,$-21,$-21,$789,$783,$274,274,$-0.08,$-0.08,$63,$590,$342,$1357,$0,$10,$1075,$28,$1155,$6291,$8596,$161,$160,$471,$9066,$134,$-5049,$0,$-2775,$6291,$-266,$6,$0,$6,$0,$0,$0,$0,$22,$111,$2,$0,$-20,$0,$0,$0,$-31,$-49,$0,$-61,$0,$0,$0,$0,$-6,$-68,$-9,$0,$0
10,2014-12-31,1.37,$0.00,0.0,$41.21,0.03,$-1.04,0.0,$-14.06,0.0,$1.53B,$8.82B,0.17,$0.17B,$-2.67B,-0.06,$8.58B,$8.58B,100.00%,$8.58B,$8.58B,100.00%,$8.58B,$8.58B,100.00%,$8.58B,$8.58B,100.00%,$8.58B,$8.58B,100.00%,$8.58B,$-2.93B,-34.14%,$-2.93B,$-2.65B,610.32%,$-2.93B,$-3.77B,104.00%,$-2.93B,$6.71B,-26.07%,$8.58B,$-2.48B,490.20%,$0,$0,$0,$0,$0,$0,$0,$0,$0,$0,$0,$0,$0,$0,$0,$0,0,$0.00,$0.00,$71,$641,$481,$1532,$0,$10,$1123,$30,$1237,$6713,$8824,$169,$185,$535,$9358,$134,$-4763,$0,$-2645,$6713,$-4360,$323,$0,$323,$0,$0,$0,$0,$0,$745,$-444,$0,$-85,$0,$0,$0,$57,$-472,$0,$0,$1816,$0,$0,$-0,$-2254,$-438,$-202,$0,$0
11,2014-09-30,2.26,$0.00,0.0,$41.21,0.05,$-1.04,0.0,$-14.06,0.0,$1.79B,$9.70B,0.19,$0.45B,$-0.25B,-1.82,$8.58B,$8.58B,100.00%,$8.58B,$8.58B,100.00%,$8.58B,$8.58B,100.00%,$8.58B,$8.58B,100.00%,$8.58B,$8.58B,100.00%,$8.58B,$-2.93B,-34.14%,$-2.93B,$-0.22B,-579.80%,$-2.93B,$-3.81B,114.36%,$-2.93B,$11.38B,-22.17%,$8.58B,$0.23B,188.08%,$0,$0,$0,$0,$0,$0,$0,$0,$0,$0,$0,$0,$0,$0,$0,$0,0,$0.00,$0.00,$72,$869,$375,$1789,$0,$14,$3591,$162,$3784,$11384,$9696,$449,$563,$1909,$11605,$134,$-1651,$0,$-221,$11384,$0,$0,$0,$0,$0,$0,$0,$0,$0,$0,$0,$0,$0,$0,$0,$0,$0,$0,$0,$0,$0,$0,$0,$0,$0,$0,$0,$0,$0
12,2014-06-30,4.38,$0.00,0.0,$41.21,0.11,$-1.04,0.0,$-14.06,0.0,$2.12B,$10.68B,0.2,$0.48B,$0.11B,4.4,$8.58B,$8.58B,100.00%,$8.58B,$8.58B,100.00%,$8.58B,$8.58B,100.00%,$8.58B,$8.58B,100.00%,$8.58B,$8.58B,100.00%,$8.58B,$-2.93B,-34.14%,$-2.93B,$0.14B,-319.48%,$-2.93B,$-0.54B,129.53%,$-2.93B,$12.99B,-20.78%,$8.58B,$0.62B,126.56%,$0,$0,$0,$0,$0,$0,$0,$0,$0,$0,$0,$0,$0,$0,$0,$0,0,$0.00,$0.00,$69,$1043,$409,$2117,$0,$16,$670,$3399,$4099,$12993,$10680,$482,$651,$2178,$12858,$134,$-1076,$0,$135,$12993,$0,$0,$0,$0,$0,$0,$0,$0,$0,$0,$0,$0,$0,$0,$0,$0,$0,$0,$0,$0,$0,$0,$0,$0,$0,$0,$0,$0,$0
13,2013-12-31,5.12,$0.00,0.0,$53.12,0.1,$-1.52,0.0,$-14.06,0.0,$2.85B,$3.59B,0.79,$7.82B,$0.79B,9.94,$11.06B,$9.31B,84.24%,$11.06B,$8.64B,78.13%,$11.06B,$8.64B,78.13%,$11.06B,$8.79B,79.48%,$11.06B,$8.30B,75.04%,$11.06B,$-2.93B,-26.48%,$-2.93B,$0.81B,-171.96%,$-2.93B,$-3.15B,110.49%,$-2.93B,$13.84B,-19.28%,$8.64B,$8.63B,93.55%,$8576,$0,$8576,$0,$0,$0,$8576,$0,$8576,$0,$8576,$-1569,$-2928,$8576,$8576,$208,208,$-14.06,$-14.06,$269,$1377,$560,$2853,$0,$22,$3959,$159,$4146,$13835,$3593,$7817,$529,$9429,$13023,$134,$-428,$0,$812,$13835,$-1564,$83,$0,$83,$0,$0,$0,$0,$380,$324,$-540,$0,$-66,$0,$0,$0,$427,$-180,$0,$17,$0,$0,$0,$-8,$-171,$-162,$-23,$0,$0
14,2013-09-30,6.42,$0.00,0.0,$11.92,0.54,$-0.48,0.0,0,0.0,$3.33B,$4.21B,0.79,$7.47B,$1.27B,5.89,$2.48B,$0.74B,29.75%,$2.48B,$0.06B,2.54%,$2.48B,$0.06B,2.54%,$2.48B,$0.21B,8.54%,$2.48B,$-0.28B,-11.25%,$2.48B,0,0.00%,$0.00B,$1.29B,0.00%,$0.00B,$-2.75B,0.00%,$0.00B,$14.62B,0.00%,$0.06B,$8.77B,0.63%,$0,$0,$0,$0,$0,$0,$0,$0,$0,$0,$0,$0,$0,$0,$0,$0,0,$0.00,$0.00,$104,$1481,$968,$3329,$0,$182,$4041,$141,$4416,$14619,$4210,$7472,$547,$9115,$13325,$134,$254,$0,$1294,$14619,$0,$0,$0,$0,$0,$0,$0,$0,$0,$0,$0,$0,$0,$0,$0,$0,$0,$0,$0,$0,$0,$0,$0,$0,$0,$0,$0,$0,$0
15,2013-06-30,5.76,$0.00,0.0,$11.92,0.48,$-0.48,0.0,0,0.0,$3.69B,$4.11B,0.9,$7.67B,$1.40B,5.48,$2.48B,$0.74B,29.75%,$2.48B,$0.06B,2.54%,$2.48B,$0.06B,2.54%,$2.48B,$0.21B,8.54%,$2.48B,$-0.28B,-11.25%,$2.48B,0,0.00%,$0.00B,$1.43B,0.00%,$0.00B,$-2.61B,0.00%,$0.00B,$14.93B,0.00%,$0.06B,$9.09B,0.58%,$0,$0,$0,$0,$0,$0,$0,$0,$0,$0,$0,$0,$0,$0,$0,$0,0,$0.00,$0.00,$97,$1627,$1135,$3691,$0,$179,$4039,$154,$4419,$14927,$4114,$7668,$588,$9387,$13501,$134,$380,$0,$1425,$14927,$0,$0,$0,$0,$0,$0,$0,$0,$0,$0,$0,$0,$0,$0,$0,$0,$0,$0,$0,$0,$0,$0,$0,$0,$0,$0,$0,$0,$0
16,2013-03-31,10.12,$0.00,0.0,$11.92,0.85,$-0.48,0.0,0,0.0,$3.90B,$4.78B,0.82,$7.17B,$3.26B,2.2,$2.48B,$0.74B,29.75%,$2.48B,$0.06B,2.54%,$2.48B,$0.06B,2.54%,$2.48B,$0.21B,8.54%,$2.48B,$-0.28B,-11.25%,$2.48B,0,0.00%,$0.00B,$3.28B,0.00%,$0.00B,$-2.09B,0.00%,$0.00B,$17.35B,0.00%,$0.06B,$10.45B,0.56%,$2481,$1743,$738,$0,$675,$2418,$63,$-342,$-279,$48,$-328,$-0,$-0,$212,$63,$208,208,$0.00,$0.00,$170,$1822,$1092,$3898,$0,$188,$5373,$174,$5789,$17353,$4784,$7171,$632,$9289,$14072,$134,$2180,$0,$3280,$17353,$-328,$149,$0,$149,$0,$0,$0,$0,$51,$69,$-169,$0,$-27,$0,$0,$5,$-1,$-192,$0,$-36,$86,$0,$0,$-0,$-0,$50,$-125,$0,$0
17,2012-12-31,13.86,$0.00,0.0,0,0.0,0,0.0,0,0.0,$4.18B,$3.76B,1.11,$7.93B,$3.51B,2.26,$2.95B,$0.98B,33.05%,$2.95B,$0.31B,10.64%,$2.95B,$0.31B,10.64%,$2.95B,$0.47B,15.93%,$2.95B,$0.34B,11.39%,$2.95B,$0.23B,7.90%,$0.23B,$3.54B,5.00%,$0.23B,$-1.92B,-21.84%,$0.23B,$17.70B,1.25%,$0.31B,$11.47B,2.61%,$0,$0,$0,$0,$0,$0,$0,$0,$0,$0,$0,$0,$0,$0,$0,$0,0,$0.00,$0.00,$295,$2073,$1104,$4178,$0,$23,$5458,$184,$5719,$17695,$3757,$7929,$970,$10399,$14156,$134,$2500,$0,$3540,$17695,$-1556,$586,$0,$586,$0,$0,$0,$0,$671,$1311,$-999,$0,$-54,$0,$0,$216,$-2,$-839,$0,$0,$-428,$0,$0,$-215,$-148,$-792,$-348,$0,$0
18,2012-09-30,14.08,$0.00,0.0,0,0.0,0,0.0,0,0.0,$5.30B,$4.47B,1.19,$7.63B,$4.69B,1.63,$5.88B,$-2.40B,-40.89%,$5.88B,$-4.97B,-84.50%,$5.88B,$-4.97B,-84.50%,$5.88B,$-4.72B,-80.34%,$5.88B,$-2.42B,-41.21%,$5.88B,$0.51B,8.67%,$0.51B,$4.72B,9.96%,$0.51B,$-1.04B,-71.08%,$0.51B,$18.88B,2.67%,$-4.97B,$12.35B,-40.38%,$0,$0,$0,$0,$0,$0,$0,$0,$0,$0,$0,$0,$0,$0,$0,$0,0,$0.00,$0.00,$582,$2214,$1747,$5302,$0,$24,$5758,$191,$6023,$18876,$4472,$7633,$570,$9687,$14159,$134,$3615,$0,$4717,$18876,$0,$0,$0,$0,$0,$0,$0,$0,$0,$0,$0,$0,$0,$0,$0,$0,$0,$0,$0,$0,$0,$0,$0,$0,$0,$0,$0,$0,$0
19,2012-06-30,12.9,$0.00,0.0,0,0.0,0,0.0,0,0.0,$5.10B,$4.92B,1.04,$6.45B,$4.51B,1.43,$9.09B,$0.81B,8.87%,$9.09B,$-1.76B,-19.34%,$9.09B,$-1.76B,-19.34%,$9.09B,$-1.51B,-16.65%,$9.09B,$-2.42B,-26.66%,$9.09B,$0.54B,5.90%,$0.54B,$4.54B,10.26%,$0.54B,$-1.07B,-87.87%,$0.54B,$17.94B,2.84%,$-1.76B,$10.99B,-14.45%,$0,$0,$0,$0,$0,$0,$0,$0,$0,$0,$0,$0,$0,$0,$0,$0,0,$0.00,$0.00,$151,$2109,$2021,$5101,$0,$21,$5604,$200,$5864,$17937,$4918,$6453,$576,$8484,$13402,$134,$3560,$0,$4535,$17937,$0,$0,$0,$0,$0,$0,$0,$0,$0,$0,$0,$0,$0,$0,$0,$0,$0,$0,$0,$0,$0,$0,$0,$0,$0,$0,$0,$0,$0
20,2012-03-31,17.33,$0.00,0.0,0,0.0,0,0.0,0,0.0,$5.98B,$4.70B,1.27,$7.54B,$5.83B,1.29,$12.56B,$4.28B,34.06%,$12.56B,$1.71B,13.65%,$12.56B,$1.71B,13.65%,$12.56B,$1.96B,15.60%,$12.56B,$1.05B,8.35%,$12.56B,$0.73B,5.80%,$0.73B,$5.86B,13.32%,$0.73B,$-0.24B,-147.37%,$0.73B,$20.24B,3.83%,$1.71B,$13.39B,13.80%,$2950,$1975,$975,$0,$661,$2636,$314,$22,$336,$103,$233,$233,$233,$470,$314,$0,0,$0.00,$0.00,$440,$2553,$2041,$5977,$0,$25,$6095,$228,$6391,$20236,$4696,$7537,$568,$9685,$14381,$134,$4560,$0,$5855,$20236,$233,$156,$0,$156,$0,$0,$0,$0,$118,$345,$-268,$0,$-8,$0,$0,$-0,$0,$-276,$0,$-275,$0,$0,$0,$0,$-30,$-305,$-204,$0,$0
21,2011-12-31,16.41,$0.00,0.0,0,0.0,0,0.0,0,0.0,$6.07B,$4.74B,1.28,$7.12B,$5.34B,1.33,$12.55B,$4.32B,34.47%,$12.55B,$1.85B,14.73%,$12.55B,$1.85B,14.73%,$12.55B,$2.08B,16.56%,$12.55B,$1.16B,9.27%,$12.55B,$0.80B,6.41%,$0.80B,$5.37B,14.98%,$0.80B,$-0.52B,-135.07%,$0.80B,$19.31B,4.39%,$1.85B,$12.49B,15.56%,$2929,$6308,$-3379,$0,$1903,$8211,$-5282,$-687,$-2759,$249,$-6218,$201,$277,$-5193,$-5282,$0,0,$0.00,$0.00,$643,$2599,$2006,$6073,$0,$22,$5885,$222,$6157,$19306,$4739,$7121,$567,$9202,$13941,$134,$4342,$0,$5365,$19306,$803,$561,$0,$561,$0,$0,$0,$0,$-654,$888,$-1777,$0,$-76,$0,$0,$-1090,$322,$-2621,$0,$0,$2354,$0,$0,$-210,$-65,$2079,$303,$0,$0
22,2011-09-30,19.67,$0.00,0.0,0,0.0,0,0.0,0,0.0,$5.55B,$4.09B,1.36,$6.67B,$5.11B,1.31,$12.39B,$10.47B,84.56%,$12.39B,$9.90B,79.93%,$12.39B,$9.90B,79.93%,$12.39B,$10.04B,81.07%,$12.39B,$6.69B,54.03%,$12.39B,$0.72B,5.83%,$0.72B,$5.14B,13.71%,$0.72B,$-0.61B,-100.59%,$0.72B,$18.06B,4.14%,$9.90B,$11.81B,87.59%,$3210,$0,$3210,$0,$0,$0,$3210,$0,$0,$0,$3210,$26,$26,$3210,$3210,$0,0,$0.00,$0.00,$518,$2389,$1920,$5553,$0,$20,$5747,$181,$5971,$18056,$4090,$6671,$646,$8830,$12920,$134,$4141,$0,$5136,$18056,$527,$472,$0,$472,$0,$0,$0,$0,$-1272,$-48,$-1357,$0,$0,$0,$0,$-40,$-23,$-1420,$0,$-612,$2588,$0,$0,$-210,$-51,$1716,$177,$0,$0
23,2011-06-30,46.11,$0.00,0.0,0,0.0,0,0.0,0,0.0,$5.44B,$4.35B,1.25,$6.50B,$5.48B,1.19,$11.82B,$9.91B,83.82%,$11.82B,$9.34B,78.97%,$11.82B,$9.34B,78.97%,$11.82B,$9.48B,80.16%,$11.82B,$9.34B,78.99%,$11.82B,$1.04B,8.77%,$1.04B,$5.50B,20.08%,$1.04B,$-0.61B,-121.22%,$1.04B,$18.47B,6.22%,$9.34B,$12.00B,86.35%,$3472,$0,$3472,$0,$0,$0,$3472,$0,$3472,$0,$3472,$192,$192,$3472,$3472,$0,0,$0.00,$0.00,$356,$2455,$1736,$5435,$0,$24,$6110,$215,$6366,$18467,$4354,$6497,$536,$8609,$12963,$134,$4115,$0,$5504,$18467,$0,$0,$0,$0,$0,$0,$0,$0,$0,$0,$0,$0,$0,$0,$0,$0,$0,$0,$0,$0,$0,$0,$0,$0,$0,$0,$0,$0,$0
24,2011-03-31,58.9,$0.00,0.0,0,0.0,0,0.0,0,0.0,$5.07B,$4.27B,1.19,$5.74B,$5.44B,1.06,$10.78B,$8.87B,82.25%,$10.78B,$8.29B,76.94%,$10.78B,$8.29B,76.94%,$10.78B,$8.44B,78.25%,$10.78B,$8.30B,76.96%,$10.78B,$0.88B,8.19%,$0.88B,$5.47B,18.11%,$0.88B,$-0.65B,-81.08%,$0.88B,$17.51B,5.69%,$8.29B,$11.21B,82.23%,$2934,$1913,$1021,$0,$573,$2486,$448,$1,$450,$111,$339,$309,$309,$589,$448,$0,0,$0.00,$0.00,$213,$2347,$1763,$5066,$0,$24,$6112,$194,$6361,$17510,$4267,$5741,$447,$7776,$12043,$134,$4132,$0,$5467,$17510,$339,$140,$0,$140,$0,$0,$0,$0,$-698,$-347,$-321,$0,$0,$0,$0,$-41,$-4,$-365,$0,$-173,$710,$0,$0,$0,$-17,$520,$-128,$0,$0
25,2010-12-31,55.92,$0.00,0.0,0,0.0,0,0.0,0,0.0,$4.19B,$3.70B,1.13,$5.24B,$4.93B,1.06,$9.75B,$8.49B,87.12%,$9.75B,$7.99B,82.02%,$9.75B,$7.99B,82.02%,$9.75B,$8.13B,83.45%,$9.75B,$7.97B,81.80%,$9.75B,$0.66B,6.74%,$0.66B,$4.95B,14.24%,$0.66B,$-1.01B,-48.98%,$0.66B,$15.78B,4.50%,$7.99B,$10.19B,84.66%,$2770,$0,$2770,$0,$0,$0,$2770,$0,$2770,$0,$2770,$195,$195,$2770,$2770,$0,0,$0.00,$0.00,$341,$1867,$1454,$4191,$0,$23,$5961,$178,$6172,$15776,$3700,$5241,$368,$7125,$10825,$134,$3823,$0,$4951,$15776,$692,$475,$0,$475,$0,$0,$0,$0,$-1422,$-147,$-980,$0,$-89,$0,$0,$-49,$0,$-1119,$0,$-1153,$2460,$0,$0,$-23,$-73,$1210,$-74,$0,$0
26,2010-09-30,47.63,$0.00,0.0,0,0.0,0,0.0,0,0.0,$3.66B,$3.26B,1.12,$5.10B,$4.71B,1.08,$8.70B,$4.28B,49.26%,$8.70B,$2.63B,30.22%,$8.70B,$2.63B,30.22%,$8.70B,$2.77B,31.82%,$8.70B,$5.99B,68.92%,$8.70B,$0.88B,10.07%,$0.88B,$4.74B,19.65%,$0.88B,$-1.16B,-57.79%,$0.88B,$14.88B,6.29%,$2.63B,$9.84B,29.21%,$2645,$0,$2645,$0,$0,$0,$2645,$0,$2645,$0,$2645,$341,$341,$2645,$2645,$0,0,$0.00,$0.00,$282,$1548,$1260,$3659,$0,$107,$5900,$144,$6172,$14884,$3259,$5103,$355,$6887,$10146,$134,$3628,$0,$4738,$14884,$0,$0,$0,$0,$0,$0,$0,$0,$0,$0,$0,$0,$0,$0,$0,$0,$0,$0,$0,$0,$0,$0,$0,$0,$0,$0,$0,$0,$0
27,2010-06-30,34.7,$0.00,0.0,0,0.0,0,0.0,0,0.0,$3.12B,$3.02B,1.03,$4.76B,$4.32B,1.1,$7.63B,$3.21B,42.14%,$7.63B,$1.56B,20.42%,$7.63B,$1.56B,20.42%,$7.63B,$1.70B,22.24%,$7.63B,$4.92B,64.55%,$7.63B,$0.67B,8.75%,$0.67B,$4.34B,15.68%,$0.67B,$-1.54B,-45.36%,$0.67B,$13.90B,5.05%,$1.56B,$9.11B,18.57%,$2431,$0,$2431,$0,$0,$0,$2431,$0,$2431,$0,$2431,$38,$38,$2431,$2431,$0,0,$0.00,$0.00,$279,$1369,$970,$3115,$0,$104,$5882,$57,$6064,$13903,$3022,$4763,$350,$6537,$9559,$134,$3286,$0,$4344,$13903,$0,$0,$0,$0,$0,$0,$0,$0,$0,$0,$0,$0,$0,$0,$0,$0,$0,$0,$0,$0,$0,$0,$0,$0,$0,$0,$0,$0,$0
28,2010-03-31,54.29,$0.00,0.0,0,0.0,0,0.0,0,0.0,$2.80B,$3.38B,0.83,$4.22B,$4.39B,0.96,$6.65B,$2.24B,33.63%,$6.65B,$0.58B,8.72%,$6.65B,$0.58B,8.72%,$6.65B,$0.72B,10.82%,$6.65B,$3.95B,59.34%,$6.65B,$0.85B,12.76%,$0.85B,$4.42B,20.68%,$0.85B,$-1.65B,-62.20%,$0.85B,$13.78B,6.65%,$0.58B,$8.63B,7.61%,$1900,$1256,$645,$0,$497,$1753,$148,$-22,$126,$42,$83,$83,$83,$287,$148,$0,0,$0.00,$0.00,$336,$1141,$780,$2797,$0,$110,$6070,$70,$6281,$13779,$3376,$4216,$309,$5987,$9363,$134,$3272,$0,$4416,$13779,$83,$139,$0,$139,$0,$0,$0,$0,$-219,$-97,$-193,$0,$-3,$0,$0,$0,$-10,$-207,$0,$-14,$270,$0,$0,$0,$-30,$226,$-79,$0,$0
29,2009-12-31,35.95,$0.00,0.0,$5.67,6.34,$-0.27,0.0,$-3.44,0.0,$2.48B,$3.02B,0.82,$4.07B,$4.31B,0.95,$5.93B,$1.97B,33.17%,$5.93B,$0.45B,7.56%,$5.93B,$0.45B,7.56%,$5.93B,$0.52B,8.82%,$5.93B,$3.12B,52.69%,$5.93B,$0.07B,1.25%,$0.07B,$4.33B,1.98%,$0.07B,$-1.71B,-6.47%,$0.07B,$13.18B,0.61%,$0.45B,$8.41B,6.92%,$1720,$3156,$-1437,$0,$1160,$4316,$-2596,$532,$791,$-4,$794,$414,$414,$-2596,$-2596,$0,0,$0.00,$0.00,$415,$1036,$684,$2483,$0,$110,$6038,$67,$6240,$13183,$3020,$4074,$304,$5832,$8853,$134,$3189,$0,$4331,$13183,$76,$449,$0,$449,$0,$0,$0,$0,$610,$562,$-608,$0,$-12,$0,$0,$-81,$-9,$-710,$0,$-2292,$2924,$0,$0,$-208,$-48,$375,$160,$0,$0
30,2009-09-30,34.34,$0.00,0.0,$12.25,2.8,$4.86,7.07,$-5.82,0.0,$2.43B,$3.50B,0.69,$3.47B,$3.90B,0.89,$5.58B,$4.77B,85.58%,$5.58B,$4.41B,79.15%,$5.58B,$4.41B,79.15%,$5.58B,$4.49B,80.49%,$5.58B,$3.70B,66.38%,$5.58B,$-0.84B,-15.01%,$-0.84B,$3.93B,-22.90%,$-0.84B,$-0.98B,105.05%,$-0.84B,$12.00B,-7.10%,$4.41B,$7.39B,81.20%,$1574,$0,$1574,$0,$0,$0,$1574,$0,$1574,$0,$1574,$1574,$132,$1574,$1574,$0,0,$0.00,$0.00,$409,$920,$643,$2430,$0,$111,$4906,$98,$5195,$11995,$3502,$3468,$334,$4568,$8070,$134,$2775,$0,$3925,$11995,$0,$0,$0,$0,$0,$0,$0,$0,$0,$0,$0,$0,$0,$0,$0,$0,$0,$0,$0,$0,$0,$0,$0,$0,$0,$0,$0,$0,$0
31,2009-06-30,15.95,$0.00,0.0,$27.69,0.58,$4.86,3.28,$-3.26,0.0,$2.74B,$4.88B,0.56,$2.32B,$3.71B,0.63,$7.23B,$6.43B,88.89%,$7.23B,$6.07B,83.92%,$7.23B,$6.07B,83.92%,$7.23B,$6.15B,84.96%,$7.23B,$5.36B,74.08%,$7.23B,$-0.43B,-5.99%,$-0.43B,$3.73B,-11.38%,$-0.43B,$-1.11B,-155.76%,$-0.43B,$12.03B,-3.57%,$6.07B,$6.05B,116.71%,$1454,$0,$1454,$0,$0,$0,$1454,$0,$1454,$0,$1454,$1454,$219,$1454,$1454,$0,0,$0.00,$0.00,$917,$951,$509,$2741,$0,$105,$4843,$43,$5066,$12031,$4875,$2321,$356,$3423,$8298,$134,$2644,$0,$3733,$12031,$0,$0,$0,$0,$0,$0,$0,$0,$0,$0,$0,$0,$0,$0,$0,$0,$0,$0,$0,$0,$0,$0,$0,$0,$0,$0,$0,$0,$0
32,2009-03-31,7.86,$0.00,0.0,$38.87,0.2,$4.86,1.62,$-0.86,0.0,$2.99B,$5.89B,0.51,$1.11B,$2.93B,0.38,$8.11B,$7.30B,90.08%,$8.11B,$6.95B,85.66%,$8.11B,$6.95B,85.66%,$8.11B,$7.02B,86.58%,$8.11B,$6.23B,76.87%,$8.11B,$-0.15B,-1.87%,$-0.15B,$2.93B,-3.86%,$-0.15B,$-0.78B,-39.63%,$-0.15B,$11.13B,-1.23%,$6.95B,$4.05B,131.42%,$1179,$804,$375,$0,$360,$1164,$16,$-711,$-696,$22,$-718,$-691,$-691,$91,$16,$208,208,$-3.44,$-3.44,$953,$1062,$597,$2992,$0,$82,$3711,$559,$4390,$11128,$5887,$1114,$252,$2309,$8197,$134,$2633,$0,$2932,$11128,$-691,$75,$0,$75,$0,$0,$0,$0,$129,$40,$-95,$0,$-14,$0,$0,$3,$-1,$-107,$0,$-382,$1115,$0,$0,$-0,$-6,$727,$698,$0,$0
33,2008-12-31,7.54,$0.00,0.0,$66.73,0.11,$7.93,0.95,$9.78,0.77,$2.75B,$6.34B,0.43,$0.22B,$4.03B,0.06,$9.26B,$8.01B,86.55%,$9.26B,$7.57B,81.79%,$9.26B,$7.57B,81.79%,$9.26B,$7.69B,83.02%,$9.26B,$7.65B,82.67%,$9.26B,$1.04B,11.22%,$1.04B,$4.03B,24.51%,$1.04B,$-0.32B,125.86%,$1.04B,$12.01B,8.62%,$7.57B,$4.25B,129.34%,$1370,$0,$1370,$0,$0,$0,$1370,$0,$1370,$0,$1370,$-497,$-497,$1370,$1370,$208,208,$-2.38,$-2.38,$255,$1365,$718,$2745,$0,$553,$4348,$58,$4987,$12010,$6341,$220,$285,$1637,$7979,$134,$3323,$0,$4031,$12010,$1141,$463,$0,$463,$0,$0,$0,$0,$-369,$2230,$-1163,$0,$-2090,$0,$0,$8,$-56,$-3301,$0,$1737,$78,$0,$0,$-468,$-49,$1299,$18,$0,$0
34,2008-09-30,33.85,$0.00,0.0,$89.66,0.38,$3.90,8.69,$15.16,2.23,$3.38B,$4.99B,0.68,$1.93B,$4.53B,0.43,$9.92B,$5.39B,54.29%,$9.92B,$4.04B,40.71%,$9.92B,$4.04B,40.71%,$9.92B,$4.15B,41.86%,$9.92B,$7.35B,74.02%,$9.92B,$1.74B,17.56%,$1.74B,$4.53B,42.44%,$1.74B,$3.32B,171.26%,$1.74B,$13.38B,15.34%,$4.04B,$6.46B,64.67%,$3231,$0,$3231,$0,$0,$0,$3231,$0,$3231,$0,$3231,$536,$536,$3231,$3231,$209,209,$2.56,$2.56,$137,$1774,$800,$3378,$0,$540,$1208,$3579,$5337,$13383,$4990,$1932,$420,$3867,$8857,$134,$3820,$0,$4526,$13383,$0,$0,$0,$0,$0,$0,$0,$0,$0,$0,$0,$0,$0,$0,$0,$0,$0,$0,$0,$0,$0,$0,$0,$0,$0,$0,$0,$0,$0
35,2008-06-30,93.37,$0.00,0.0,$76.83,1.22,$3.90,23.97,$12.94,7.22,$3.23B,$4.57B,0.71,$2.12B,$4.27B,0.5,$8.35B,$3.82B,45.70%,$8.35B,$2.47B,29.56%,$8.35B,$2.47B,29.56%,$8.35B,$2.58B,30.92%,$8.35B,$5.78B,69.14%,$8.35B,$1.42B,17.05%,$1.42B,$4.27B,37.50%,$1.42B,$-0.69B,166.45%,$1.42B,$12.95B,15.08%,$2.47B,$6.38B,43.81%,$2328,$0,$2328,$0,$0,$0,$2328,$0,$2328,$0,$2328,$500,$500,$2328,$2328,$208,208,$2.40,$2.40,$318,$1485,$762,$3226,$0,$119,$4956,$74,$5159,$12953,$4568,$2116,$446,$4117,$8685,$134,$3285,$0,$4268,$12953,$0,$0,$0,$0,$0,$0,$0,$0,$0,$0,$0,$0,$0,$0,$0,$0,$0,$0,$0,$0,$0,$0,$0,$0,$0,$0,$0,$0,$0
36,2008-03-31,71.49,$0.00,0.0,$65.65,1.09,$3.90,18.35,$10.54,6.78,$2.56B,$2.06B,1.24,$2.19B,$4.13B,0.53,$6.03B,$1.49B,24.71%,$6.03B,$0.14B,2.34%,$6.03B,$0.14B,2.34%,$6.03B,$0.26B,4.23%,$6.03B,$3.45B,57.21%,$6.03B,$0.92B,15.34%,$0.92B,$4.13B,26.54%,$0.92B,$0.99B,55.78%,$0.92B,$9.89B,12.39%,$0.14B,$6.32B,2.89%,$2328,$1245,$1083,$0,$440,$1686,$642,$82,$724,$185,$538,$500,$500,$756,$642,$69,69,$7.20,$7.20,$145,$1131,$804,$2561,$0,$153,$3140,$68,$3371,$9885,$2062,$2192,$427,$3693,$5756,$134,$3151,$0,$4130,$9885,$500,$114,$0,$114,$0,$0,$0,$0,$-156,$368,$-174,$0,$-1,$0,$0,$4,$-1,$-171,$0,$-328,$21,$0,$0,$0,$0,$-307,$-91,$0,$0
37,2007-12-31,61.03,$0.00,0.0,$38.90,1.57,$1.66,36.86,$4.32,14.13,$2.24B,$1.99B,1.12,$2.32B,$3.51B,0.66,$5.11B,$0.95B,18.50%,$5.11B,$-0.17B,-3.38%,$5.11B,$-0.17B,-3.38%,$5.11B,$-0.12B,-2.33%,$5.11B,$3.05B,59.55%,$5.11B,$0.63B,12.30%,$0.63B,$3.51B,19.64%,$0.63B,$0.45B,30.18%,$0.63B,$9.23B,10.19%,$-0.17B,$5.83B,-4.19%,$2037,$3291,$-1254,$0,$905,$4198,$-2161,$-7,$1063,$267,$796,$207,$207,$-2161,$-2161,$69,69,$3.00,$3.00,$237,$994,$665,$2237,$0,$151,$3053,$68,$3289,$9228,$1991,$2322,$408,$3732,$5723,$134,$2651,$0,$3505,$9228,$913,$293,$-0,$293,$0,$0,$0,$0,$-350,$905,$-830,$0,$-909,$0,$0,$-1666,$-6,$-3410,$0,$891,$1977,$0,$0,$-318,$0,$2550,$64,$0,$0
38,2007-09-30,32.04,$0.00,0.0,$9.38,3.42,$0.56,56.91,$1.32,24.27,$2.04B,$0.97B,2.11,$0.72B,$3.29B,0.22,$4.33B,$1.18B,27.22%,$4.33B,$0.37B,8.52%,$4.33B,$0.37B,8.52%,$4.33B,$0.42B,9.76%,$4.33B,$2.77B,63.90%,$4.33B,$0.65B,15.07%,$0.65B,$3.29B,21.46%,$0.65B,$2.67B,25.05%,$0.65B,$5.70B,13.11%,$0.37B,$4.01B,10.63%,$1660,$0,$1660,$0,$0,$0,$1660,$0,$1660,$0,$1660,$216,$217,$1660,$1660,$637,637,$0.34,$0.34,$413,$910,$439,$2044,$0,$477,$619,$0,$1107,$5703,$970,$724,$234,$1445,$2415,$134,$2445,$0,$3288,$5703,$0,$0,$0,$0,$0,$0,$0,$0,$0,$0,$0,$0,$0,$0,$0,$0,$0,$0,$0,$0,$0,$0,$0,$0,$0,$0,$0,$0,$0
39,2007-06-30,22.95,$0.00,0.0,$6.77,3.39,$0.56,40.76,$0.98,23.42,$1.71B,$1.01B,1.7,$0.34B,$3.01B,0.11,$3.89B,$0.73B,18.88%,$3.89B,$-0.08B,-1.96%,$3.89B,$-0.08B,-1.96%,$3.89B,$-0.02B,-0.57%,$3.89B,$2.32B,59.76%,$3.89B,$0.63B,16.10%,$0.63B,$3.01B,21.80%,$0.63B,$2.52B,24.28%,$0.63B,$5.03B,13.58%,$-0.08B,$3.35B,-2.37%,$0,$0,$0,$0,$0,$0,$0,$0,$0,$0,$0,$0,$0,$0,$0,$0,0,$0.00,$0.00,$315,$786,$361,$1711,$0,$483,$489,$0,$983,$5026,$1009,$342,$224,$1012,$2021,$134,$2228,$0,$3005,$5026,$0,$0,$0,$0,$0,$0,$0,$0,$0,$0,$0,$0,$0,$0,$0,$0,$0,$0,$0,$0,$0,$0,$0,$0,$0,$0,$0,$0,$0
40,2007-03-31,20.89,$0.00,0.0,$8.54,2.45,$0.56,37.1,$1.17,17.8,$1.84B,$0.84B,2.19,$0.33B,$3.01B,0.11,$4.96B,$1.81B,36.43%,$4.96B,$1.00B,20.10%,$4.96B,$1.00B,20.10%,$4.96B,$1.05B,21.19%,$4.96B,$3.40B,68.47%,$4.96B,$0.75B,15.02%,$0.75B,$3.01B,27.65%,$0.75B,$2.70B,29.67%,$0.75B,$4.74B,17.18%,$1.00B,$3.34B,33.05%,$1416,$876,$540,$0,$212,$1088,$328,$-5,$322,$90,$233,$205,$205,$382,$328,$209,209,$0.98,$0.98,$468,$660,$435,$1836,$0,$493,$312,$0,$820,$4739,$839,$328,$213,$889,$1728,$134,$2237,$0,$3011,$4739,$205,$54,$0,$54,$0,$0,$0,$0,$-87,$197,$-80,$0,$-10,$0,$0,$0,$-1,$-91,$0,$-86,$16,$0,$0,$0,$0,$-70,$36,$0,$0
41,2006-12-31,16.01,$0.00,0.0,$6.02,2.66,$0.06,253.28,$0.51,31.6,$1.64B,$0.76B,2.17,$0.32B,$2.87B,0.11,$4.40B,$1.53B,34.77%,$4.40B,$0.73B,16.55%,$4.40B,$0.73B,16.55%,$4.40B,$0.77B,17.53%,$4.40B,$3.15B,71.69%,$4.40B,$0.60B,13.71%,$0.60B,$2.87B,23.86%,$0.60B,$2.54B,25.71%,$0.60B,$4.45B,14.69%,$0.73B,$3.19B,26.18%,$1256,$2277,$-1021,$0,$592,$2875,$-1619,$116,$786,$212,$574,$541,$231,$-1619,$-1619,$0,0,$0.00,$0.00,$444,$653,$347,$1635,$0,$474,$321,$0,$801,$4449,$755,$323,$207,$829,$1584,$134,$2131,$0,$2865,$4449,$603,$204,$0,$204,$0,$0,$0,$0,$-146,$555,$-388,$0,$-159,$0,$0,$4,$-10,$-553,$0,$-233,$305,$0,$-35,$-190,$-9,$-163,$-139,$0,$0
