,Date,Stock Price,Book Value per Share,Price to Book Ratio,TTM Sales per Share,Price to Sales Ratio,TTM FCF per Share,Price to FCF Ratio,TTM Net EPS,PE Ratio,Current Assets,Current Liabilities,Current Ratio,Long Term Debt,Shareholder's Equity_x,Debt to Equity Ratio,TTM Revenue_x,TTM Gross Profit,Gross Margin,TTM Revenue_y,TTM Operating Income,Operating Margin,TTM Revenue_x,TTM EBIT,EBIT Margin,TTM Revenue_y,TTM EBITDA,EBITDA Margin,TTM Revenue_x,TTM Pre-Tax Income,Pre-Tax Margin,TTM Revenue_y,TTM Net Income_x,Net Margin,TTM Net Income_y,Shareholder's Equity_y,Return on Equity,TTM Net Income_x,Tangible Equity,Return on Tangible Equity,TTM Net Income_y,Total Assets,Return on Assets,TTM Net Income,LT Investments & Debt,Return on Investment,revenue,cost-goods-sold,gross-profit,research-development-expenses,selling-general-administrative-expenses,operating-expenses,operating-income,total-non-operating-income-expense,pre-tax-income,total-provision-income-taxes,income-after-taxes,income-from-continuous-operations,net-income,ebitda,ebit,basic-shares-outstanding,shares-outstanding,eps-basic-net-earnings-per-share,eps-earnings-per-share-diluted,cash-on-hand,inventory,other-current-assets,total-current-assets,net-property-plant-equipment,long-term-investments,goodwill-intangible-assets-total,other-long-term-assets,total-long-term-assets,total-assets,total-current-liabilities,long-term-debt,other-non-current-liabilities,total-long-term-liabilities,total-liabilities,common-stock-net,retained-earnings-accumulated-deficit,comprehensive-income,total-share-holder-equity,total-liabilities-share-holders-equity,net-income-loss,total-depreciation-amortization-cash-flow,other-non-cash-items,total-non-cash-items,change-in-accounts-receivable,change-in-inventories,change-in-accounts-payable,change-in-assets-liabilities,total-change-in-assets-liabilities,cash-flow-from-operating-activities,net-change-in-property-plant-equipment,net-change-in-intangible-assets,net-acquisitions-divestitures,net-change-in-short-term-investments,net-change-in-long-term-investments,net-change-in-investments-total,investing-activities-other,cash-flow-from-investing-activities,net-long-term-debt,net-current-debt,debt-issuance-retirement-net-total,net-common-equity-issued-repurchased,net-total-equity-issued-repurchased,total-common-preferred-stock-dividends-paid,financial-activities-other,cash-flow-from-financial-activities,net-cash-flow,stock-based-compensation,common-stock-dividends-paid
0,2018-09-30,19.36,$3.75,5.17,$46.29,0.42,$3.78,5.12,$1.29,15.01,$1.23B,$1.08B,1.13,$0.73B,$0.32B,2.3,$4.18B,$0.65B,15.65%,$4.18B,$0.32B,7.59%,$4.18B,$0.32B,7.59%,$4.18B,$0.40B,9.60%,$4.18B,$0.28B,6.65%,$4.18B,$0.12B,2.80%,$0.12B,$0.32B,39.13%,$0.12B,$-0.10B,-98.32%,$0.12B,$2.73B,4.51%,$0.32B,$1.05B,30.64%,$1080,$921,$159,$0,$100,$1023,$57,$-6,$51,$18,$33,$33,$32,$77,$57,$88,91,$0.37,$0.35,$115,$477,$46,$1226,$483,$0,$421,$596,$1500,$2726,$1084,$730,$332,$1324,$2408,$102,$200,$-566,$318,$2726,$126,$84,$48,$132,$-98,$-112,$97,$106,$-7,$251,$-102,$0,$-31,$-6,$250,$244,$0,$111,$-43,$-181,$-224,$-100,$-100,$0,$-5,$-329,$27,$20,$0
1,2018-06-30,20.57,$3.50,5.87,$44.67,0.46,$3.04,6.76,$3.56,5.78,$1.21B,$1.06B,1.15,$0.73B,$0.30B,2.41,$4.02B,$0.63B,15.60%,$4.02B,$0.32B,7.86%,$4.02B,$0.32B,7.86%,$4.02B,$0.40B,9.95%,$4.02B,$0.49B,12.11%,$4.02B,$0.32B,8.06%,$0.32B,$0.30B,110.30%,$0.32B,$-0.12B,-264.49%,$0.32B,$2.62B,12.42%,$0.32B,$1.03B,30.55%,$1129,$952,$177,$0,$76,$1031,$98,$-3,$95,$26,$69,$69,$64,$120,$98,$87,90,$0.74,$0.71,$100,$466,$36,$1211,$447,$0,$419,$539,$1405,$2616,$1057,$730,$244,$1256,$2313,$102,$168,$-578,$303,$2616,$93,$64,$67,$131,$0,$0,$0,$-33,$-33,$191,$-50,$0,$-32,$-6,$250,$244,$0,$162,$-270,$0,$-270,$-63,$-63,$0,$-3,$-336,$12,$0,$0
2,2018-03-31,20.56,$3.55,5.79,$41.96,0.49,$2.37,8.66,$3.36,6.12,$1.19B,$1.02B,1.17,$0.73B,$0.31B,2.34,$3.81B,$0.59B,15.53%,$3.81B,$0.29B,7.53%,$3.81B,$0.29B,7.53%,$3.81B,$0.37B,9.63%,$3.81B,$0.46B,11.94%,$3.81B,$0.31B,8.08%,$0.31B,$0.31B,148.79%,$0.31B,$-0.11B,-152.29%,$0.31B,$2.60B,11.70%,$0.29B,$1.04B,29.29%,$1066,$888,$178,$0,$74,$974,$92,$-10,$82,$22,$60,$60,$57,$113,$92,$89,91,$0.64,$0.63,$109,$455,$41,$1186,$459,$0,$418,$532,$1409,$2595,$1018,$730,$244,$1265,$2283,$102,$104,$-530,$312,$2595,$26,$42,$68,$110,$0,$0,$0,$-64,$-64,$72,$-35,$0,$4,$-3,$250,$247,$0,$216,$-60,$-181,$-241,$-33,$-33,$0,$-2,$-276,$12,$0,$0
3,2017-12-31,23.46,$2.95,7.96,$39.04,0.6,$1.86,12.62,$2.97,7.9,$1.04B,$0.89B,1.17,$0.75B,$0.26B,2.86,$3.55B,$0.54B,15.07%,$3.55B,$0.24B,6.87%,$3.55B,$0.24B,6.87%,$3.55B,$0.32B,9.10%,$3.55B,$0.41B,11.52%,$3.55B,$0.27B,7.69%,$0.27B,$0.26B,279.28%,$0.27B,$-0.15B,-90.02%,$0.27B,$2.45B,10.42%,$0.24B,$1.02B,27.04%,$903,$763,$140,$0,$67,$833,$70,$-20,$50,$83,$-33,$-33,$-36,$91,$70,$89,89,$-0.41,$-0.41,$116,$427,$43,$1042,$464,$0,$414,$525,$1403,$2445,$893,$753,$238,$1289,$2182,$102,$47,$-550,$263,$2445,$-34,$21,$67,$88,$55,$0,$0,$-76,$-21,$33,$-18,$0,$0,$-3,$250,$247,$0,$229,$-51,$-181,$-232,$0,$0,$0,$-1,$-233,$28,$0,$0
4,2017-09-30,26.01,$3.35,7.76,$36.74,0.71,$1.34,19.42,$3.55,7.33,$1.30B,$1.18B,1.1,$0.75B,$0.30B,2.53,$3.35B,$0.48B,14.46%,$3.35B,$0.21B,6.18%,$3.35B,$0.21B,6.18%,$3.35B,$0.28B,8.43%,$3.35B,$0.38B,11.38%,$3.35B,$0.32B,9.68%,$0.32B,$0.30B,-2273.68%,$0.32B,$-0.12B,-79.51%,$0.32B,$2.78B,12.43%,$0.21B,$1.05B,24.42%,$922,$790,$132,$0,$72,$866,$56,$204,$260,$22,$238,$238,$239,$76,$56,$88,90,$2.72,$2.67,$88,$378,$43,$1298,$474,$0,$414,$596,$1484,$2782,$1182,$750,$239,$1303,$2485,$101,$83,$-545,$297,$2782,$328,$75,$-187,$-112,$-160,$-43,$133,$30,$-40,$176,$-95,$0,$-34,$0,$0,$0,$2,$-127,$6,$-103,$-97,$0,$0,$0,$-25,$-122,$-72,$19,$0
5,2017-06-30,16.61,$-0.50,-33.45,$34.43,0.48,$1.65,10.08,$6.02,2.76,$1.13B,$1.01B,1.12,$0.86B,$-0.04B,-19.5,$3.15B,$0.44B,13.83%,$3.15B,$0.19B,6.03%,$3.15B,$0.19B,6.03%,$3.15B,$0.26B,8.37%,$3.15B,$0.15B,4.73%,$3.15B,$0.56B,17.73%,$0.56B,$-0.04B,-414.07%,$0.56B,$-0.44B,-107.04%,$0.56B,$2.71B,22.06%,$0.19B,$0.81B,24.20%,$920,$778,$142,$0,$73,$851,$69,$-6,$63,$11,$52,$52,$48,$87,$69,$88,93,$0.54,$0.51,$231,$360,$37,$1128,$430,$0,$391,$763,$1584,$2712,$1011,$858,$220,$1745,$2756,$101,$-156,$-768,$-44,$2712,$90,$55,$2,$57,$0,$0,$0,$-11,$-11,$136,$-52,$0,$0,$0,$0,$0,$2,$-50,$0,$0,$0,$0,$0,$0,$-16,$-16,$71,$0,$0
6,2017-03-31,17.13,$-1.41,-12.13,$33.71,0.51,$1.60,10.74,$5.96,2.87,$0.96B,$0.91B,1.06,$0.86B,$-0.13B,-6.86,$3.07B,$0.42B,13.70%,$3.07B,$0.18B,5.95%,$3.07B,$0.18B,5.95%,$3.07B,$0.26B,8.33%,$3.07B,$0.14B,4.46%,$3.07B,$0.55B,17.96%,$0.55B,$-0.13B,-202.20%,$0.55B,$-0.51B,-83.57%,$0.55B,$2.54B,23.22%,$0.18B,$0.73B,27.01%,$806,$685,$121,$0,$66,$757,$49,$-13,$36,$13,$23,$23,$22,$69,$49,$88,92,$0.25,$0.24,$138,$338,$42,$960,$430,$0,$385,$761,$1576,$2536,$905,$857,$219,$1756,$2661,$101,$-204,$-794,$-125,$2536,$39,$37,$3,$40,$0,$0,$0,$-49,$-49,$30,$-40,$0,$0,$0,$0,$0,$2,$-38,$0,$0,$0,$0,$0,$0,$-15,$-15,$-22,$0,$0
7,2016-12-31,12.42,$-2.10,-5.92,$33.83,0.37,$1.62,7.68,$6.07,2.05,$0.83B,$0.68B,1.23,$0.98B,$-0.19B,-5.31,$3.09B,$0.42B,13.63%,$3.09B,$0.19B,6.15%,$3.09B,$0.19B,6.15%,$3.09B,$0.26B,8.38%,$3.09B,$0.14B,4.56%,$3.09B,$0.56B,18.19%,$0.56B,$-0.19B,-143.37%,$0.56B,$-0.57B,-71.78%,$0.56B,$2.39B,24.80%,$0.19B,$0.80B,32.27%,$699,$610,$89,$0,$53,$666,$33,$-11,$22,$6,$16,$16,$15,$50,$33,$87,89,$0.17,$0.17,$125,$334,$40,$831,$423,$0,$383,$757,$1563,$2394,$677,$983,$228,$1902,$2579,$101,$-226,$-825,$-185,$2394,$16,$17,$-2,$15,$39,$0,$0,$-84,$-45,$-14,$-17,$0,$0,$0,$0,$0,$2,$-15,$0,$0,$0,$0,$0,$0,$-4,$-4,$-35,$0,$0
8,2016-09-30,11.13,$-2.14,-5.19,$34.51,0.32,$1.68,6.62,$6.18,1.8,$0.91B,$0.76B,1.2,$0.98B,$-0.19B,-5.28,$3.20B,$0.44B,13.63%,$3.20B,$0.20B,6.38%,$3.20B,$0.20B,6.38%,$3.20B,$0.27B,8.47%,$3.20B,$0.16B,4.85%,$3.20B,$0.57B,17.91%,$0.57B,$-0.19B,-112.57%,$0.57B,$-0.58B,-63.38%,$0.57B,$2.49B,26.28%,$0.20B,$0.80B,43.29%,$728,$644,$84,$0,$38,$689,$39,$-11,$28,$-446,$474,$474,$474,$58,$39,$90,92,$5.27,$5.15,$160,$316,$33,$905,$439,$0,$390,$760,$1589,$2494,$757,$982,$238,$1923,$2680,$99,$-241,$-809,$-186,$2494,$575,$67,$-423,$-356,$89,$28,$-89,$-43,$-15,$204,$-93,$0,$0,$0,$0,$0,$7,$-86,$-55,$0,$-55,$-81,$-81,$0,$-16,$-152,$-33,$9,$0
9,2016-06-30,7.2,$-6.87,-1.05,$35.12,0.21,$0.65,11.0,$0.86,8.37,$0.94B,$0.78B,1.2,$0.98B,$-0.60B,-1.64,$3.32B,$0.46B,13.84%,$3.32B,$0.14B,4.18%,$3.32B,$0.14B,4.18%,$3.32B,$0.20B,6.11%,$3.32B,$0.09B,2.62%,$3.32B,$0.08B,2.35%,$0.08B,$-0.60B,-12.50%,$0.08B,$-0.99B,-7.63%,$0.08B,$2.08B,3.70%,$0.14B,$0.38B,37.59%,$841,$714,$127,$0,$59,$779,$62,$-11,$51,$8,$43,$43,$41,$79,$62,$90,92,$0.46,$0.45,$129,$335,$53,$939,$428,$0,$392,$325,$1145,$2084,$784,$980,$315,$1896,$2680,$99,$-715,$-742,$-596,$2084,$101,$48,$-6,$42,$0,$0,$0,$31,$31,$144,$-66,$0,$0,$0,$0,$0,$7,$-59,$0,$-55,$-55,$-81,$-81,$0,$-15,$-151,$-64,$0,$0
10,2016-03-31,8.06,$-6.57,-1.23,$35.04,0.23,$0.61,13.11,$0.54,14.93,$0.94B,$0.79B,1.19,$0.98B,$-0.60B,-1.63,$3.39B,$0.46B,13.47%,$3.39B,$0.13B,3.77%,$3.39B,$0.13B,3.77%,$3.39B,$0.19B,5.66%,$3.39B,$0.06B,1.71%,$3.39B,$0.05B,1.47%,$0.05B,$-0.60B,-8.03%,$0.05B,$-1.00B,-4.86%,$0.05B,$2.09B,2.28%,$0.13B,$0.38B,32.34%,$821,$700,$121,$0,$60,$765,$56,$-16,$40,$7,$33,$33,$32,$72,$56,$91,93,$0.35,$0.35,$94,$362,$53,$935,$427,$0,$399,$332,$1158,$2093,$789,$978,$316,$1905,$2694,$99,$-756,$-742,$-601,$2093,$62,$31,$-12,$19,$-51,$0,$0,$13,$-38,$39,$-47,$0,$0,$0,$0,$0,$7,$-40,$0,$-55,$-55,$-43,$-43,$0,$-2,$-100,$-99,$0,$0
11,2015-12-31,8.35,$-7.14,-1.17,$34.56,0.24,$0.76,11.0,$0.61,13.69,$0.91B,$0.79B,1.15,$0.98B,$-0.65B,-1.5,$3.44B,$0.45B,13.13%,$3.44B,$0.13B,3.70%,$3.44B,$0.13B,3.70%,$3.44B,$0.19B,5.59%,$3.44B,$0.06B,1.83%,$3.44B,$0.06B,1.78%,$0.06B,$-0.65B,-9.92%,$0.06B,$-1.05B,-5.96%,$0.06B,$2.05B,2.71%,$0.13B,$0.33B,32.13%,$809,$705,$104,$0,$56,$762,$47,$-11,$36,$7,$29,$29,$26,$62,$47,$93,94,$0.28,$0.28,$128,$367,$54,$906,$414,$0,$399,$331,$1144,$2050,$788,$981,$315,$1915,$2703,$99,$-788,$-760,$-653,$2050,$29,$15,$-9,$6,$48,$0,$0,$-66,$-18,$-5,$-22,$0,$0,$0,$0,$0,$4,$-18,$0,$0,$0,$-43,$-43,$0,$1,$-42,$-65,$0,$0
12,2015-09-30,10.63,$-6.83,-1.56,$34.67,0.31,$0.84,12.68,$0.62,17.15,$1.04B,$0.87B,1.2,$1.04B,$-0.65B,-1.6,$3.51B,$0.46B,13.18%,$3.51B,$0.13B,3.65%,$3.51B,$0.13B,3.65%,$3.51B,$0.19B,5.51%,$3.51B,$0.07B,1.91%,$3.51B,$0.06B,1.83%,$0.06B,$-0.65B,-10.74%,$0.06B,$-1.05B,-6.33%,$0.06B,$2.20B,2.75%,$0.13B,$0.39B,31.24%,$853,$745,$108,$0,$56,$879,$-26,$-14,$-40,$-18,$-22,$-22,$-21,$-10,$-26,$97,100,$-0.21,$-0.20,$193,$338,$50,$1042,$419,$0,$402,$332,$1153,$2195,$868,$1036,$305,$1973,$2841,$99,$-814,$-766,$-646,$2195,$65,$65,$-48,$17,$54,$4,$-70,$27,$15,$97,$-79,$0,$-16,$0,$0,$0,$8,$-87,$26,$0,$26,$-55,$-55,$0,$-13,$-42,$-54,$10,$0
13,2015-06-30,13.12,$-6.12,-2.14,$35.55,0.37,$2.05,6.4,$0.87,15.08,$1.29B,$0.93B,1.39,$1.08B,$-0.59B,-1.83,$3.59B,$0.49B,13.78%,$3.59B,$0.21B,5.77%,$3.59B,$0.21B,5.77%,$3.59B,$0.27B,7.62%,$3.59B,$0.14B,3.82%,$3.59B,$0.09B,2.45%,$0.09B,$-0.59B,-15.16%,$0.09B,$-1.01B,-8.78%,$0.09B,$2.45B,3.67%,$0.21B,$0.49B,51.36%,$909,$785,$124,$0,$65,$858,$51,$-29,$22,$6,$16,$16,$13,$68,$51,$97,100,$0.13,$0.13,$345,$365,$52,$1292,$393,$0,$420,$348,$1161,$2453,$932,$1079,$304,$2112,$3044,$99,$-793,$-770,$-591,$2453,$87,$49,$3,$52,$0,$0,$0,$-111,$-111,$122,$-41,$0,$0,$0,$0,$0,$4,$-37,$225,$-159,$66,$-30,$-30,$0,$-11,$25,$98,$0,$0
14,2015-03-31,12.61,$-5.84,-2.16,$36.17,0.35,$1.87,6.73,$3.05,4.13,$1.17B,$0.90B,1.3,$0.95B,$-0.57B,-1.66,$3.66B,$0.49B,13.52%,$3.66B,$0.23B,6.18%,$3.66B,$0.23B,6.18%,$3.66B,$0.29B,7.99%,$3.66B,$0.36B,9.96%,$3.66B,$0.31B,8.45%,$0.31B,$-0.57B,-54.74%,$0.31B,$-0.98B,-31.17%,$0.31B,$2.32B,12.41%,$0.23B,$0.38B,53.71%,$864,$749,$115,$0,$57,$809,$55,$-10,$45,$6,$39,$39,$43,$72,$55,$98,103,$0.44,$0.42,$207,$365,$55,$1172,$387,$0,$414,$344,$1145,$2317,$904,$945,$301,$1983,$2887,$99,$-806,$-793,$-570,$2317,$73,$32,$-17,$15,$40,$0,$0,$-99,$-59,$29,$-23,$0,$0,$0,$0,$0,$4,$-19,$0,$-16,$-16,$-16,$-16,$0,$-6,$-38,$-40,$0,$0
15,2014-12-31,15.15,$-5.84,-2.6,$37.35,0.41,$1.75,8.68,$2.64,5.74,$1.16B,$0.89B,1.3,$0.96B,$-0.58B,-1.67,$3.75B,$0.50B,13.27%,$3.75B,$0.22B,5.90%,$3.75B,$0.22B,5.90%,$3.75B,$0.29B,7.66%,$3.75B,$0.33B,8.81%,$3.75B,$0.27B,7.13%,$0.27B,$-0.58B,-43.24%,$0.27B,$-1.00B,-25.43%,$0.27B,$2.35B,10.50%,$0.22B,$0.39B,54.98%,$879,$764,$115,$0,$65,$831,$48,$-8,$40,$7,$33,$33,$29,$63,$48,$98,101,$0.30,$0.29,$214,$379,$58,$1162,$407,$0,$423,$354,$1184,$2346,$894,$962,$307,$2028,$2922,$98,$-849,$-771,$-576,$2346,$33,$15,$-12,$3,$53,$0,$0,$-54,$-1,$-9,$-12,$0,$0,$0,$0,$0,$0,$-12,$0,$0,$0,$0,$0,$0,$-4,$-4,$-33,$0,$0
16,2014-09-30,10.85,$-5.98,-1.81,$37.79,0.29,$1.79,6.06,$2.46,4.41,$1.29B,$1.04B,1.25,$0.95B,$-0.59B,-1.62,$3.77B,$0.49B,12.93%,$3.77B,$0.22B,5.76%,$3.77B,$0.22B,5.76%,$3.77B,$0.28B,7.54%,$3.77B,$0.32B,8.36%,$3.77B,$0.25B,6.61%,$0.25B,$-0.59B,-36.86%,$0.25B,$-1.02B,-22.41%,$0.25B,$2.49B,9.65%,$0.22B,$0.36B,56.36%,$933,$793,$140,$0,$80,$880,$53,$-23,$30,$0,$30,$30,$3,$70,$53,$98,99,$0.03,$0.08,$247,$379,$56,$1292,$424,$0,$431,$338,$1193,$2485,$1038,$948,$309,$2032,$3070,$97,$-878,$-749,$-585,$2485,$254,$67,$-99,$-32,$34,$-9,$-5,$-27,$-7,$215,$-77,$0,$0,$0,$0,$0,$7,$-70,$225,$-439,$-214,$0,$0,$0,$2,$-212,$-71,$8,$0
17,2014-06-30,13.04,$-5.39,-2.42,$37.44,0.35,$-1.14,0.0,$2.85,4.58,$1.44B,$1.07B,1.35,$1.09B,$-0.53B,-2.06,$3.71B,$0.46B,12.25%,$3.71B,$0.15B,3.91%,$3.71B,$0.15B,3.91%,$3.71B,$0.21B,5.74%,$3.71B,$0.38B,10.10%,$3.71B,$0.29B,7.73%,$0.29B,$-0.53B,-39.06%,$0.29B,$-0.97B,-24.50%,$0.29B,$2.81B,11.03%,$0.15B,$0.56B,39.19%,$979,$855,$124,$0,$53,$909,$70,$179,$249,$12,$237,$237,$234,$87,$70,$98,101,$2.40,$2.31,$303,$441,$56,$1444,$411,$0,$439,$516,$1366,$2810,$1071,$1086,$319,$2266,$3337,$97,$-881,$-693,$-527,$2810,$254,$50,$-177,$-127,$0,$0,$0,$-24,$-24,$103,$-39,$0,$0,$0,$0,$0,$3,$-36,$-83,$0,$-83,$0,$0,$0,$1,$-82,$-15,$0,$0
18,2014-03-31,12.25,$-8.00,-1.53,$37.98,0.32,$-2.85,0.0,$0.15,81.67,$1.35B,$1.05B,1.29,$1.08B,$-0.78B,-1.38,$3.73B,$0.44B,11.81%,$3.73B,$0.07B,1.85%,$3.73B,$0.07B,1.85%,$3.73B,$0.14B,3.65%,$3.73B,$0.09B,2.41%,$3.73B,$0.02B,0.40%,$0.02B,$-0.78B,-1.73%,$0.02B,$-1.22B,-1.15%,$0.02B,$2.53B,0.60%,$0.07B,$0.30B,27.44%,$954,$836,$118,$0,$66,$904,$50,$-39,$11,$8,$3,$3,$1,$67,$50,$98,100,$0.01,$0.01,$233,$436,$58,$1345,$410,$0,$437,$339,$1186,$2531,$1047,$1082,$316,$2266,$3313,$97,$-1115,$-712,$-782,$2531,$16,$33,$12,$45,$17,$0,$0,$-60,$-43,$18,$-25,$0,$0,$0,$0,$0,$3,$-22,$-83,$0,$-83,$0,$0,$0,$4,$-79,$-85,$0,$0
19,2013-12-31,10.43,$-8.26,-1.26,$37.74,0.28,$-4.13,0.0,$0.10,104.3,$1.32B,$0.99B,1.34,$1.13B,$-0.81B,-1.39,$3.68B,$0.42B,11.33%,$3.68B,$0.04B,1.01%,$3.68B,$0.04B,1.01%,$3.68B,$0.10B,2.83%,$3.68B,$0.08B,2.23%,$3.68B,$0.01B,0.27%,$0.01B,$-0.81B,-1.08%,$0.01B,$-1.24B,-0.74%,$0.01B,$2.50B,0.40%,$0.04B,$0.32B,20.50%,$900,$795,$105,$0,$59,$856,$44,$-19,$25,$11,$14,$14,$11,$60,$44,$97,99,$0.11,$0.11,$300,$432,$57,$1323,$410,$0,$436,$328,$1174,$2497,$986,$1126,$318,$2319,$3305,$97,$-1116,$-734,$-808,$2497,$13,$16,$-5,$11,$81,$0,$0,$-109,$-28,$-4,$-12,$0,$0,$0,$0,$0,$0,$-12,$-4,$0,$-4,$0,$0,$0,$3,$-1,$-18,$0,$0
20,2013-09-30,7.86,$-8.44,-0.93,$37.83,0.21,$-5.07,0.0,$-0.23,0.0,$1.38B,$1.05B,1.32,$1.13B,$-0.82B,-1.37,$3.67B,$0.40B,10.76%,$3.67B,$0.01B,0.19%,$3.67B,$0.01B,0.19%,$3.67B,$0.07B,2.02%,$3.67B,$0.05B,1.39%,$3.67B,$-0.02B,-0.60%,$-0.02B,$-0.82B,2.25%,$-0.02B,$-1.26B,1.56%,$-0.02B,$2.57B,-0.90%,$0.01B,$0.30B,6.59%,$880,$772,$108,$0,$59,$899,$-19,$109,$90,$46,$44,$44,$41,$-1,$-19,$97,97,$0.43,$0.43,$318,$414,$56,$1384,$417,$0,$434,$335,$1186,$2570,$1046,$1125,$335,$2346,$3392,$97,$-1127,$-734,$-822,$2570,$-13,$67,$-137,$-70,$43,$0,$0,$-100,$-57,$-96,$-54,$0,$0,$0,$182,$182,$9,$137,$500,$-475,$25,$0,$0,$0,$-1,$24,$61,$0,$0
21,2013-06-30,7.05,$-10.87,-0.65,$38.57,0.18,$-3.46,0.0,$-0.60,0.0,$1.29B,$1.01B,1.28,$1.14B,$-1.06B,-1.08,$3.74B,$0.40B,10.60%,$3.74B,$0.05B,1.31%,$3.74B,$0.05B,1.31%,$3.74B,$0.11B,3.02%,$3.74B,$-0.03B,-0.72%,$3.74B,$-0.06B,-1.55%,$-0.06B,$-1.06B,5.71%,$-0.06B,$-1.49B,4.01%,$-0.06B,$2.48B,-2.40%,$0.05B,$0.09B,107.69%,$993,$884,$109,$0,$67,$999,$-6,$-30,$-36,$1,$-37,$-37,$-38,$10,$-6,$97,97,$-0.39,$-0.39,$228,$411,$51,$1286,$384,$0,$427,$380,$1191,$2477,$1008,$1144,$341,$2528,$3536,$97,$-1168,$-927,$-1059,$2477,$-57,$49,$-13,$36,$46,$0,$0,$-98,$-52,$-73,$-31,$0,$0,$0,$0,$0,$7,$-24,$73,$0,$73,$0,$0,$0,$-2,$71,$-29,$0,$0
22,2013-03-31,4.73,$-10.41,-0.45,$39.80,0.12,$-2.65,0.0,$0.29,16.31,$1.15B,$0.94B,1.22,$1.03B,$-1.01B,-1.02,$3.86B,$0.42B,10.87%,$3.86B,$0.13B,3.39%,$3.86B,$0.13B,3.39%,$3.86B,$0.19B,5.02%,$3.86B,$0.07B,1.89%,$3.86B,$0.03B,0.75%,$0.03B,$-1.01B,-2.94%,$0.03B,$-1.44B,-2.05%,$0.03B,$2.34B,1.19%,$0.13B,$0.02B,247.17%,$908,$813,$95,$0,$65,$890,$18,$-15,$3,$7,$-4,$-4,$-4,$35,$18,$97,97,$-0.04,$-0.04,$117,$420,$54,$1146,$395,$0,$427,$369,$1191,$2337,$938,$1030,$327,$2413,$3351,$97,$-1130,$-919,$-1014,$2337,$-25,$33,$-29,$4,$0,$0,$0,$-88,$-88,$-109,$-23,$0,$0,$0,$0,$0,$6,$-17,$-11,$0,$-11,$0,$0,$0,$-4,$-15,$-140,$0,$0
23,2012-12-31,4.73,$-10.39,-0.46,$42.39,0.11,$-2.02,0.0,$0.54,8.76,$1.14B,$0.92B,1.24,$1.03B,$-1.01B,-1.02,$4.12B,$0.46B,11.15%,$4.12B,$0.17B,4.15%,$4.12B,$0.17B,4.15%,$4.12B,$0.23B,5.66%,$4.12B,$0.12B,2.92%,$4.12B,$0.05B,1.29%,$0.05B,$-1.01B,-5.48%,$0.05B,$-1.44B,-3.79%,$0.05B,$2.34B,2.13%,$0.17B,$0.02B,333.66%,$891,$808,$83,$0,$62,$877,$14,$-20,$-6,$10,$-16,$-16,$-21,$30,$14,$97,97,$-0.22,$-0.22,$139,$463,$56,$1141,$407,$0,$433,$360,$1200,$2341,$917,$1032,$333,$2435,$3352,$97,$-1126,$-921,$-1011,$2341,$-21,$16,$-6,$10,$0,$0,$0,$-80,$-80,$-91,$-15,$0,$0,$0,$0,$0,$0,$-15,$-8,$0,$-8,$0,$0,$0,$-4,$-12,$-118,$0,$0
24,2012-09-30,4.24,$-10.18,-0.42,$45.44,0.09,$-1.14,0.0,$0.53,8.0,$1.30B,$1.03B,1.26,$1.04B,$-0.98B,-1.06,$4.38B,$0.48B,10.99%,$4.38B,$0.17B,3.95%,$4.38B,$0.17B,3.95%,$4.38B,$0.24B,5.38%,$4.38B,$0.14B,3.13%,$4.38B,$0.05B,1.19%,$0.05B,$-0.98B,-5.41%,$0.05B,$-1.42B,-3.74%,$0.05B,$2.50B,2.04%,$0.17B,$0.06B,455.26%,$952,$842,$110,$0,$77,$929,$23,$-11,$12,$8,$4,$4,$5,$38,$23,$96,97,$0.06,$0.06,$257,$438,$61,$1298,$417,$0,$433,$353,$1203,$2501,$1028,$1042,$338,$2455,$3483,$96,$-1105,$-915,$-982,$2501,$63,$63,$-72,$-9,$150,$11,$-118,$-20,$23,$77,$-71,$0,$0,$0,$0,$0,$31,$-40,$100,$-86,$14,$0,$0,$0,$-12,$2,$40,$6,$0
25,2012-06-30,5.22,$-9.67,-0.54,$48.21,0.11,$-1.86,0.0,$0.80,6.53,$1.39B,$1.11B,1.25,$1.05B,$-0.93B,-1.12,$4.65B,$0.49B,10.54%,$4.65B,$0.20B,4.19%,$4.65B,$0.20B,4.19%,$4.65B,$0.26B,5.59%,$4.65B,$0.17B,3.74%,$4.65B,$0.08B,1.68%,$0.08B,$-0.93B,-8.16%,$0.08B,$-1.36B,-5.63%,$0.08B,$2.56B,3.02%,$0.20B,$0.12B,962.96%,$1113,$981,$132,$0,$68,$1037,$76,$-12,$64,$12,$52,$52,$49,$91,$76,$96,97,$0.50,$0.50,$226,$463,$56,$1387,$399,$0,$426,$343,$1168,$2555,$1108,$1048,$315,$2380,$3488,$96,$-1110,$-861,$-933,$2555,$57,$48,$-54,$-6,$0,$0,$0,$-29,$-29,$22,$-47,$0,$0,$0,$0,$0,$31,$-16,$15,$0,$15,$0,$0,$0,$-12,$3,$9,$0,$0
26,2012-03-31,8.07,$-9.80,-0.82,$49.90,0.16,$-2.50,0.0,$0.48,16.81,$1.37B,$1.17B,1.17,$0.95B,$-0.95B,-1.01,$4.81B,$0.49B,10.25%,$4.81B,$0.18B,3.64%,$4.81B,$0.18B,3.64%,$4.81B,$0.24B,5.01%,$4.81B,$0.17B,3.54%,$4.81B,$0.05B,0.96%,$0.05B,$-0.95B,-4.78%,$0.05B,$-1.38B,-3.30%,$0.05B,$2.57B,1.73%,$0.18B,$0.01B,-1489.36%,$1160,$1026,$134,$0,$72,$1102,$58,$-8,$50,$17,$33,$33,$20,$74,$58,$96,97,$0.21,$0.21,$109,$489,$65,$1366,$404,$0,$433,$362,$1199,$2565,$1173,$954,$319,$2337,$3510,$96,$-1159,$-820,$-945,$2565,$6,$33,$-11,$22,$0,$0,$0,$-74,$-74,$-46,$-25,$0,$0,$0,$0,$0,$26,$1,$-65,$0,$-65,$0,$0,$0,$0,$-65,$-108,$0,$0
27,2011-12-31,5.32,$-10.39,-0.51,$50.10,0.11,$-2.66,0.0,$0.45,11.82,$1.38B,$1.20B,1.15,$0.95B,$-0.98B,-0.97,$4.82B,$0.48B,9.89%,$4.82B,$0.16B,3.28%,$4.82B,$0.16B,3.28%,$4.82B,$0.23B,4.66%,$4.82B,$0.15B,3.15%,$4.82B,$0.04B,0.89%,$0.04B,$-0.98B,-4.40%,$0.04B,$-1.41B,-3.05%,$0.04B,$2.55B,1.60%,$0.16B,$-0.03B,-554.39%,$1159,$1053,$106,$0,$65,$1143,$16,$-5,$11,$20,$-9,$-9,$-22,$33,$16,$95,95,$-0.23,$-0.23,$211,$483,$72,$1377,$395,$0,$428,$353,$1176,$2553,$1197,$951,$313,$2339,$3536,$94,$-1179,$-834,$-983,$2553,$-18,$17,$4,$21,$0,$0,$0,$2,$2,$5,$-25,$0,$0,$0,$0,$0,$13,$-12,$0,$0,$0,$0,$0,$0,$0,$0,$-6,$0,$0
28,2011-09-30,7.06,$-10.16,-0.69,$48.09,0.15,$-3.18,0.0,$0.65,10.86,$1.46B,$1.25B,1.16,$0.95B,$-0.96B,-0.99,$4.62B,$0.48B,10.30%,$4.62B,$0.17B,3.76%,$4.62B,$0.17B,3.76%,$4.62B,$0.24B,5.19%,$4.62B,$0.16B,3.44%,$4.62B,$0.06B,1.36%,$0.06B,$-0.96B,-6.43%,$0.06B,$-1.39B,-4.46%,$0.06B,$2.66B,2.29%,$0.17B,$-0.01B,-1697.56%,$1217,$1099,$118,$0,$66,$1172,$45,$4,$49,$8,$41,$41,$31,$62,$45,$94,97,$0.34,$0.32,$217,$460,$70,$1459,$421,$0,$431,$352,$1204,$2663,$1253,$950,$325,$2371,$3624,$94,$-1157,$-829,$-961,$2663,$80,$66,$-36,$30,$-259,$-96,$178,$108,$-69,$41,$-105,$0,$0,$0,$0,$0,$-67,$-172,$0,$0,$0,$0,$0,$0,$0,$6,$-126,$7,$0
29,2011-06-30,16.04,$-10.20,-1.57,$45.44,0.35,$-0.90,0.0,$0.35,45.83,$1.61B,$1.39B,1.16,$0.95B,$-0.96B,-0.99,$4.36B,$0.47B,10.87%,$4.36B,$0.16B,3.67%,$4.36B,$0.16B,3.67%,$4.36B,$0.22B,5.14%,$4.36B,$0.13B,3.00%,$4.36B,$0.03B,0.78%,$0.03B,$-0.96B,-3.42%,$0.03B,$-1.40B,-2.38%,$0.03B,$2.84B,1.21%,$0.16B,$-0.01B,-2666.67%,$1272,$1137,$135,$0,$72,$1216,$56,$4,$60,$28,$32,$32,$17,$72,$56,$94,97,$0.18,$0.18,$201,$502,$67,$1613,$417,$0,$438,$370,$1225,$2838,$1387,$950,$304,$2414,$3801,$93,$-1188,$-811,$-963,$2838,$41,$49,$-61,$-12,$0,$0,$0,$-48,$-48,$-19,$-68,$0,$0,$0,$0,$0,$-65,$-133,$0,$0,$0,$0,$0,$0,$6,$6,$-142,$0,$0
30,2011-03-31,16.97,$-10.66,-1.59,$42.67,0.4,$1.14,14.92,$0.14,121.21,$1.47B,$1.26B,1.16,$0.95B,$-1.01B,-0.94,$4.06B,$0.46B,11.25%,$4.06B,$0.14B,3.38%,$4.06B,$0.14B,3.38%,$4.06B,$0.20B,5.01%,$4.06B,$0.09B,2.22%,$4.06B,$0.01B,0.35%,$0.01B,$-1.01B,-1.43%,$0.01B,$-1.44B,-0.99%,$0.01B,$2.68B,0.50%,$0.14B,$-0.06B,553.54%,$1176,$1058,$118,$0,$70,$1135,$41,$-9,$32,$21,$11,$11,$17,$58,$41,$94,97,$0.18,$0.18,$195,$462,$75,$1469,$402,$0,$437,$367,$1206,$2675,$1264,$948,$307,$2417,$3681,$93,$-1205,$-829,$-1006,$2675,$24,$33,$-65,$-32,$0,$0,$0,$-36,$-36,$-44,$-42,$0,$0,$0,$0,$0,$-70,$-112,$0,$0,$0,$0,$0,$0,$6,$6,$-148,$0,$0
31,2010-12-31,20.52,$-10.51,-1.95,$40.97,0.5,$2.84,7.22,$0.12,171.0,$1.66B,$1.30B,1.27,$1.03B,$-0.99B,-1.04,$3.75B,$0.44B,11.61%,$3.75B,$0.13B,3.34%,$3.75B,$0.13B,3.34%,$3.75B,$0.19B,5.12%,$3.75B,$0.07B,1.84%,$3.75B,$0.01B,0.27%,$0.01B,$-0.99B,-1.05%,$0.01B,$-1.42B,-0.73%,$0.01B,$2.81B,0.35%,$0.13B,$0.04B,160.77%,$957,$852,$105,$0,$70,$925,$32,$-14,$18,$20,$-2,$-2,$-2,$48,$32,$93,93,$-0.03,$-0.03,$276,$428,$75,$1661,$384,$0,$429,$340,$1153,$2814,$1304,$1031,$305,$2500,$3804,$92,$-1222,$-785,$-990,$2814,$2,$16,$-34,$-18,$125,$0,$0,$-158,$-33,$-49,$-19,$0,$0,$0,$0,$0,$-3,$-22,$0,$0,$0,$0,$0,$0,$0,$2,$-67,$0,$0
32,2010-09-30,15.54,$-10.87,-1.43,$41.72,0.37,$3.76,4.13,$0.15,103.6,$1.72B,$1.39B,1.24,$1.03B,$-1.02B,-1.01,$3.59B,$0.42B,11.67%,$3.59B,$0.12B,3.23%,$3.59B,$0.12B,3.23%,$3.59B,$0.19B,5.15%,$3.59B,$0.06B,1.67%,$3.59B,$0.01B,0.33%,$0.01B,$-1.02B,-1.22%,$0.01B,$-1.46B,-0.85%,$0.01B,$2.88B,0.44%,$0.12B,$0.01B,291.82%,$956,$840,$116,$0,$78,$925,$31,$-10,$21,$17,$4,$4,$2,$46,$31,$97,97,$0.02,$0.02,$343,$382,$76,$1721,$389,$0,$432,$337,$1158,$2879,$1390,$1029,$321,$2512,$3902,$92,$-1220,$-812,$-1023,$2879,$26,$69,$9,$78,$-111,$-63,$180,$101,$107,$211,$-55,$0,$0,$0,$0,$0,$-9,$-64,$245,$-216,$29,$209,$209,$0,$-141,$97,$248,$7,$0
33,2010-06-30,13.1,$-9.66,-1.36,$41.40,0.32,$-3.04,0.0,$-0.04,0.0,$1.63B,$1.31B,1.24,$1.02B,$-0.91B,-1.12,$3.33B,$0.37B,11.20%,$3.33B,$0.10B,2.88%,$3.33B,$0.10B,2.88%,$3.33B,$0.16B,4.80%,$3.33B,$0.03B,1.02%,$3.33B,$-0.00B,-0.12%,$-0.00B,$-0.91B,0.39%,$-0.00B,$-1.33B,0.28%,$-0.00B,$2.82B,-0.15%,$0.10B,$0.11B,-2133.33%,$966,$849,$117,$0,$77,$933,$33,$-14,$19,$21,$-2,$-2,$-3,$51,$33,$93,93,$-0.03,$-0.03,$289,$413,$116,$1626,$414,$0,$423,$354,$1191,$2817,$1313,$1019,$324,$2413,$3726,$92,$-1222,$-700,$-909,$2817,$8,$54,$14,$68,$0,$0,$0,$63,$63,$139,$-33,$0,$0,$0,$0,$0,$-2,$-35,$245,$-223,$22,$209,$209,$0,$-141,$90,$194,$0,$0
34,2010-03-31,13.35,$-9.32,-1.43,$43.99,0.3,$-10.16,0.0,$-2.24,0.0,$1.56B,$1.22B,1.28,$1.03B,$-0.88B,-1.18,$3.31B,$0.33B,9.83%,$3.31B,$0.06B,1.78%,$3.31B,$0.06B,1.78%,$3.31B,$0.12B,3.75%,$3.31B,$-0.01B,-0.18%,$3.31B,$-0.17B,-4.99%,$-0.17B,$-0.88B,16.39%,$-0.17B,$-1.31B,11.44%,$-0.17B,$2.77B,-6.35%,$0.06B,$0.15B,100.43%,$868,$771,$97,$0,$68,$839,$29,$-18,$11,$0,$11,$11,$13,$47,$29,$80,83,$0.16,$0.16,$274,$410,$114,$1564,$433,$0,$429,$343,$1205,$2769,$1219,$1031,$319,$2427,$3646,$92,$-1219,$-666,$-877,$2769,$20,$36,$18,$54,$0,$0,$0,$18,$18,$92,$-24,$0,$0,$0,$0,$0,$1,$-23,$245,$-205,$40,$209,$209,$0,$-140,$109,$179,$0,$0
35,2009-12-31,11.18,$-15.03,-0.74,$46.80,0.24,$-18.03,0.0,$-3.05,0.0,$1.29B,$1.20B,1.08,$1.00B,$-1.11B,-0.9,$3.40B,$0.31B,8.97%,$3.40B,$0.00B,0.03%,$3.40B,$0.00B,0.03%,$3.40B,$0.06B,1.85%,$3.40B,$-0.07B,-2.15%,$3.40B,$-0.23B,-6.67%,$-0.23B,$-1.11B,23.17%,$-0.23B,$-1.55B,16.06%,$-0.23B,$2.50B,-8.64%,$0.00B,$-0.11B,0.58%,$800,$711,$89,$0,$66,$777,$23,$-14,$9,$10,$-1,$-1,$0,$41,$23,$73,73,$0.00,$0.00,$105,$394,$110,$1294,$441,$0,$437,$327,$1205,$2499,$1196,$1001,$332,$2415,$3611,$72,$-1232,$-684,$-1112,$2499,$3,$18,$13,$31,$0,$0,$0,$-7,$-7,$27,$-13,$0,$0,$0,$0,$0,$-3,$-16,$9,$-1,$8,$0,$0,$0,$-10,$-2,$10,$0,$0
36,2009-09-30,7.82,$-15.76,-0.5,$52.67,0.15,$-23.42,0.0,$-16.76,0.0,$1.32B,$1.29B,1.02,$1.00B,$-1.17B,-0.85,$3.82B,$0.29B,7.62%,$3.82B,$-0.29B,-7.62%,$3.82B,$-0.29B,-7.62%,$3.82B,$-0.22B,-5.78%,$3.82B,$-0.37B,-9.68%,$3.82B,$-1.19B,-31.09%,$-1.19B,$-1.17B,134.47%,$-1.19B,$-1.60B,90.34%,$-1.19B,$2.51B,-42.46%,$-0.29B,$-0.17B,-93.57%,$697,$627,$70,$0,$53,$686,$11,$-16,$-5,$27,$-32,$-32,$-14,$21,$11,$73,73,$-0.20,$-0.20,$95,$374,$97,$1316,$445,$0,$438,$306,$1189,$2505,$1289,$995,$310,$2382,$3671,$72,$-1232,$-734,$-1166,$2505,$-720,$70,$554,$624,$454,$85,$-335,$-403,$-199,$-295,$-82,$0,$0,$0,$0,$0,$96,$14,$83,$-69,$14,$0,$0,$0,$-120,$-106,$-402,$10,$0
37,2009-06-30,4.39,$-11.78,-0.37,$64.29,0.07,$-17.21,0.0,$-18.71,0.0,$1.32B,$1.32B,1.0,$1.24B,$-0.87B,-1.42,$4.66B,$0.36B,7.80%,$4.66B,$-0.27B,-5.84%,$4.66B,$-0.27B,-5.84%,$4.66B,$-0.23B,-4.98%,$4.66B,$-0.34B,-7.35%,$4.66B,$-1.33B,-28.51%,$-1.33B,$-0.87B,278.49%,$-1.33B,$-1.31B,142.84%,$-1.33B,$2.63B,-39.73%,$-0.27B,$0.36B,-37.01%,$942,$873,$69,$0,$67,$946,$-4,$-17,$-21,$11,$-32,$-32,$-164,$15,$-4,$73,73,$-2.26,$-2.26,$76,$401,$114,$1323,$523,$0,$438,$343,$1304,$2627,$1320,$1235,$301,$2179,$3499,$72,$-1235,$-338,$-872,$2627,$-1164,$60,$993,$1053,$0,$0,$0,$-230,$-230,$-341,$-94,$0,$0,$0,$0,$0,$-25,$-119,$181,$-91,$90,$0,$0,$-8,$-25,$57,$-421,$0,$-8
38,2009-03-31,0.79,$-10.39,-0.08,$77.08,0.01,$-12.38,0.0,$-15.88,0.0,$1.57B,$1.29B,1.22,$1.38B,$-0.77B,-1.79,$5.59B,$0.47B,8.48%,$5.59B,$-0.21B,-3.81%,$5.59B,$-0.21B,-3.81%,$5.59B,$-0.16B,-2.93%,$5.59B,$-0.27B,-4.88%,$5.59B,$-1.12B,-20.02%,$-1.12B,$-0.77B,1264.41%,$-1.12B,$-1.19B,198.84%,$-1.12B,$2.87B,-28.29%,$-0.21B,$0.61B,-19.73%,$962,$885,$77,$0,$59,$991,$-29,$-27,$-56,$-9,$-47,$-47,$-49,$-14,$-29,$73,73,$-0.67,$-0.67,$165,$506,$115,$1569,$530,$0,$423,$352,$1305,$2874,$1291,$1376,$272,$2352,$3643,$72,$-1073,$-396,$-769,$2874,$-1020,$41,$886,$927,$0,$0,$0,$-347,$-347,$-440,$-72,$0,$0,$0,$0,$0,$-4,$-76,$318,$-85,$233,$0,$0,$-8,$-15,$210,$-332,$0,$-8
39,2008-12-31,2.85,$-9.82,-0.29,$88.39,0.03,$-7.58,0.0,$-14.95,0.0,$1.82B,$1.72B,1.06,$1.17B,$-0.73B,-1.61,$6.41B,$0.56B,8.80%,$6.41B,$-0.13B,-2.00%,$6.41B,$-0.13B,-2.00%,$6.41B,$-0.06B,-0.90%,$6.41B,$-0.18B,-2.73%,$6.41B,$-1.05B,-16.38%,$-1.05B,$-0.73B,-412.17%,$-1.05B,$-1.15B,428.13%,$-1.05B,$3.19B,-23.60%,$-0.13B,$0.45B,-9.51%,$1220,$1145,$75,$0,$97,$1489,$-269,$-19,$-288,$630,$-918,$-918,$-961,$-243,$-269,$72,72,$-13.29,$-13.29,$158,$610,$122,$1824,$529,$0,$427,$406,$1362,$3186,$1722,$1172,$307,$2191,$3913,$72,$-1026,$-398,$-727,$3186,$-971,$26,$863,$889,$-4,$0,$0,$-255,$-259,$-338,$-38,$0,$0,$0,$0,$0,$-8,$-46,$103,$3,$106,$0,$0,$-8,$-27,$71,$-339,$0,$-8
40,2008-09-30,12.57,$6.27,2.0,$94.65,0.13,$-6.51,0.0,$-1.41,0.0,$2.45B,$2.14B,1.15,$1.06B,$0.46B,2.3,$6.85B,$0.62B,9.03%,$6.85B,$0.17B,2.47%,$6.85B,$0.17B,2.47%,$6.85B,$0.25B,3.58%,$6.85B,$0.13B,1.82%,$6.85B,$-0.10B,-1.47%,$-0.10B,$0.46B,-17.64%,$-0.10B,$-0.06B,-209.33%,$-0.10B,$4.67B,-2.11%,$0.17B,$1.53B,10.20%,$1531,$1389,$142,$0,$110,$1501,$30,$-7,$23,$182,$-159,$-160,$-153,$10,$30,$72,72,$-2.12,$-2.12,$497,$623,$218,$2452,$775,$0,$522,$925,$2222,$4674,$2137,$1063,$247,$2075,$4212,$72,$-7,$-225,$462,$4674,$-46,$76,$-41,$35,$135,$0,$0,$-23,$112,$163,$-89,$0,$-60,$0,$5,$5,$-16,$-160,$0,$1,$1,$0,$0,$-29,$125,$97,$88,$0,$-29
41,2008-06-30,11.95,$9.24,1.29,$85.68,0.14,$-8.04,0.0,$-0.15,0.0,$2.67B,$2.24B,1.19,$1.06B,$0.68B,1.56,$6.18B,$0.49B,7.94%,$6.18B,$0.05B,0.78%,$6.18B,$0.05B,0.78%,$6.18B,$0.16B,2.57%,$6.18B,$0.00B,0.00%,$6.18B,$-0.01B,-0.16%,$-0.01B,$0.68B,-1.69%,$-0.01B,$0.16B,-14.49%,$-0.01B,$5.09B,-0.21%,$0.05B,$1.74B,2.83%,$1877,$1697,$180,$0,$123,$1822,$55,$-7,$48,$-3,$51,$48,$44,$83,$55,$72,73,$0.61,$0.60,$432,$638,$242,$2668,$771,$0,$525,$1123,$2419,$5087,$2240,$1061,$238,$2167,$4407,$72,$152,$-167,$680,$5087,$52,$96,$-49,$47,$203,$0,$0,$-296,$-93,$6,$-90,$0,$-43,$5,$0,$5,$38,$-90,$0,$1,$1,$0,$0,$-23,$114,$92,$23,$0,$-23
42,2008-03-31,11.91,$8.20,1.45,$83.41,0.14,$-10.43,0.0,$-1.74,0.0,$2.46B,$2.08B,1.18,$1.07B,$0.60B,1.77,$5.97B,$0.45B,7.49%,$5.97B,$0.01B,0.20%,$5.97B,$0.01B,0.20%,$5.97B,$0.13B,2.13%,$5.97B,$-0.05B,-0.77%,$5.97B,$-0.12B,-2.08%,$-0.12B,$0.60B,-19.73%,$-0.12B,$0.08B,-115.35%,$-0.12B,$4.85B,-2.61%,$0.01B,$1.67B,0.69%,$1781,$1614,$167,$0,$105,$1725,$56,$-14,$42,$14,$28,$24,$20,$92,$56,$72,73,$0.28,$0.28,$377,$621,$229,$2456,$752,$0,$526,$1117,$2395,$4851,$2078,$1070,$245,$2169,$4247,$72,$116,$-206,$604,$4851,$8,$68,$21,$89,$0,$0,$0,$-205,$-205,$-108,$-55,$0,$-41,$5,$0,$5,$55,$-36,$0,$-1,$-1,$0,$0,$-15,$122,$106,$-32,$0,$-15
43,2007-12-31,11.08,$7.47,1.48,$82.02,0.14,$-9.61,0.0,$-3.36,0.0,$2.18B,$1.80B,1.21,$1.14B,$0.54B,2.1,$5.82B,$0.42B,7.27%,$5.82B,$-0.03B,-0.46%,$5.82B,$-0.03B,-0.46%,$5.82B,$0.09B,1.48%,$5.82B,$-0.10B,-1.69%,$5.82B,$-0.24B,-4.09%,$-0.24B,$0.54B,-33.66%,$-0.24B,$0.02B,-125.43%,$-0.24B,$4.56B,-4.85%,$-0.03B,$1.69B,-1.45%,$1663,$1533,$130,$0,$92,$1635,$28,$-16,$12,$10,$2,$-1,$-12,$60,$28,$72,72,$-0.17,$-0.17,$164,$569,$234,$2179,$741,$0,$524,$1114,$2379,$4558,$1796,$1141,$241,$2218,$4014,$72,$104,$-251,$544,$4558,$-12,$32,$-406,$-374,$0,$0,$0,$115,$115,$-271,$-26,$0,$-43,$0,$0,$0,$23,$-46,$4,$7,$11,$0,$0,$-7,$64,$68,$-245,$0,$-7
44,2007-09-30,15.73,$7.48,2.1,$81.13,0.19,$-6.16,0.0,$-3.09,0.0,$2.39B,$2.08B,1.15,$1.13B,$0.54B,2.08,$5.72B,$0.40B,6.94%,$5.72B,$-0.02B,-0.38%,$5.72B,$-0.02B,-0.38%,$5.72B,$0.09B,1.56%,$5.72B,$-0.10B,-1.70%,$5.72B,$-0.22B,-3.83%,$-0.22B,$0.54B,-26.68%,$-0.22B,$0.02B,-71.34%,$-0.22B,$4.79B,-4.26%,$-0.02B,$1.67B,-1.11%,$863,$849,$14,$0,$91,$954,$-91,$-11,$-102,$-15,$-87,$-86,$-62,$-76,$-91,$71,71,$-0.88,$-0.88,$409,$541,$216,$2389,$738,$0,$520,$1142,$2400,$4789,$2079,$1130,$209,$2167,$4246,$72,$128,$-272,$543,$4789,$-93,$111,$-47,$64,$-77,$15,$100,$27,$65,$36,$-72,$0,$-2,$0,$5,$5,$165,$96,$0,$-53,$-53,$28,$28,$-29,$-44,$-98,$59,$13,$-29
45,2007-06-30,20.63,$11.38,1.81,$101.64,0.2,$-0.07,0.0,$-6.12,0.0,$2.55B,$2.07B,1.24,$1.12B,$0.82B,1.36,$7.13B,$0.51B,7.15%,$7.13B,$-0.22B,-3.07%,$7.13B,$-0.22B,-3.07%,$7.13B,$-0.09B,-1.26%,$7.13B,$-0.30B,-4.22%,$7.13B,$-0.43B,-6.04%,$-0.43B,$0.82B,-46.80%,$-0.43B,$0.31B,-104.74%,$-0.43B,$4.78B,-8.10%,$-0.22B,$1.94B,-10.45%,$1662,$1526,$136,$0,$93,$1643,$19,$-17,$2,$1,$1,$-4,$-70,$51,$19,$71,71,$-0.99,$-0.99,$284,$506,$246,$2554,$708,$0,$514,$1006,$2228,$4782,$2067,$1118,$224,$1892,$3959,$72,$198,$-54,$823,$4782,$-157,$96,$-13,$83,$0,$0,$0,$-116,$-116,$-190,$-61,$0,$-2,$5,$0,$5,$177,$119,$0,$-49,$-49,$21,$21,$-21,$38,$-11,$-66,$0,$-21
46,2007-03-31,16.88,$12.86,1.31,$102.92,0.16,$7.45,2.27,$-4.85,0.0,$3.31B,$2.59B,1.28,$1.22B,$0.92B,1.33,$7.20B,$0.49B,6.82%,$7.20B,$-0.21B,-2.97%,$7.20B,$-0.21B,-2.97%,$7.20B,$-0.09B,-1.21%,$7.20B,$-0.30B,-4.12%,$7.20B,$-0.34B,-4.73%,$-0.34B,$0.92B,-34.16%,$-0.34B,$0.41B,-82.22%,$-0.34B,$5.50B,-6.09%,$-0.21B,$2.14B,-9.66%,$1627,$1484,$143,$0,$99,$1610,$17,$-27,$-10,$0,$-10,$-13,$-94,$51,$17,$70,70,$-1.34,$-1.34,$222,$486,$240,$3308,$706,$0,$511,$973,$2190,$5498,$2587,$1220,$228,$1993,$4580,$71,$275,$-17,$918,$5498,$-3,$64,$-63,$1,$0,$0,$0,$-61,$-61,$-63,$-37,$0,$-2,$5,$0,$5,$-23,$-57,$74,$-28,$46,$6,$6,$-14,$-52,$-14,$-128,$0,$-14
47,2006-12-31,16.78,$14.05,1.19,$103.05,0.16,$10.55,1.59,$-2.87,0.0,$3.06B,$2.49B,1.23,$1.19B,$1.00B,1.19,$7.21B,$0.50B,6.94%,$7.21B,$-0.18B,-2.47%,$7.21B,$-0.18B,-2.47%,$7.21B,$-0.06B,-0.89%,$7.21B,$-0.27B,-3.76%,$7.21B,$-0.20B,-2.80%,$-0.20B,$1.00B,-19.72%,$-0.20B,$0.49B,-54.63%,$-0.20B,$5.50B,-3.58%,$-0.18B,$2.18B,-8.01%,$1568,$1464,$104,$0,$73,$1535,$33,$-20,$13,$1,$12,$10,$7,$63,$33,$69,71,$0.10,$0.10,$369,$628,$292,$3057,$984,$0,$510,$945,$2439,$5496,$2485,$1185,$234,$2012,$4497,$71,$376,$-28,$999,$5496,$10,$30,$-45,$-15,$0,$0,$0,$-28,$-28,$-33,$-15,$0,$-2,$0,$5,$5,$-14,$-26,$0,$1,$1,$0,$0,$-7,$80,$74,$19,$0,$-7
