,Date,Stock Price,Book Value per Share,Price to Book Ratio,TTM Sales per Share,Price to Sales Ratio,TTM FCF per Share,Price to FCF Ratio,TTM Net EPS,PE Ratio,Current Assets,Current Liabilities,Current Ratio,Long Term Debt,Shareholder's Equity_x,Debt to Equity Ratio,TTM Revenue_x,TTM Gross Profit,Gross Margin,TTM Revenue_y,TTM Operating Income,Operating Margin,TTM Revenue_x,TTM EBIT,EBIT Margin,TTM Revenue_y,TTM EBITDA,EBITDA Margin,TTM Revenue_x,TTM Pre-Tax Income,Pre-Tax Margin,TTM Revenue_y,TTM Net Income_x,Net Margin,TTM Net Income_y,Shareholder's Equity_y,Return on Equity,TTM Net Income_x,Tangible Equity,Return on Tangible Equity,TTM Net Income_y,Total Assets,Return on Assets,TTM Net Income,LT Investments & Debt,Return on Investment,revenue,cost-goods-sold,gross-profit,research-development-expenses,selling-general-administrative-expenses,operating-expenses,operating-income,total-non-operating-income-expense,pre-tax-income,total-provision-income-taxes,income-after-taxes,income-from-continuous-operations,net-income,ebitda,ebit,basic-shares-outstanding,shares-outstanding,eps-basic-net-earnings-per-share,eps-earnings-per-share-diluted,cash-on-hand,inventory,other-current-assets,total-current-assets,net-property-plant-equipment,long-term-investments,goodwill-intangible-assets-total,other-long-term-assets,total-long-term-assets,total-assets,total-current-liabilities,long-term-debt,other-non-current-liabilities,total-long-term-liabilities,total-liabilities,common-stock-net,retained-earnings-accumulated-deficit,comprehensive-income,total-share-holder-equity,total-liabilities-share-holders-equity,net-income-loss,total-depreciation-amortization-cash-flow,other-non-cash-items,total-non-cash-items,change-in-accounts-receivable,change-in-inventories,change-in-accounts-payable,change-in-assets-liabilities,total-change-in-assets-liabilities,cash-flow-from-operating-activities,net-change-in-property-plant-equipment,net-change-in-intangible-assets,net-acquisitions-divestitures,net-change-in-short-term-investments,net-change-in-long-term-investments,net-change-in-investments-total,investing-activities-other,cash-flow-from-investing-activities,net-long-term-debt,net-current-debt,debt-issuance-retirement-net-total,net-common-equity-issued-repurchased,net-total-equity-issued-repurchased,total-common-preferred-stock-dividends-paid,financial-activities-other,cash-flow-from-financial-activities,net-cash-flow,stock-based-compensation,common-stock-dividends-paid
0,2018-09-30,24.65,$11.95,2.06,$42.10,0.59,$5.22,4.73,$-0.49,0.0,$0.39B,$0.26B,1.48,$0.00B,$0.32B,0.01,$1.14B,$0.09B,7.54%,$1.14B,$-0.02B,-1.40%,$1.14B,$-0.02B,-1.40%,$1.14B,$0.02B,1.93%,$1.14B,$-0.02B,-1.40%,$1.14B,$-0.01B,-1.14%,$-0.01B,$0.32B,-3.97%,$-0.01B,$0.21B,-6.52%,$-0.01B,$0.59B,-2.32%,$-0.02B,$0.32B,-4.67%,$319,$295,$23,$0,$21,$316,$2,$1,$3,$0,$2,$2,$2,$7,$2,$27,28,$0.09,$0.08,$75,$7,$86,$386,$71,$0,$115,$9,$202,$587,$261,$2,$0,$3,$264,$0,$214,$-7,$323,$587,$2,$5,$3,$7,$-11,$-1,$15,$-13,$-1,$9,$-2,$0,$4,$0,$0,$0,$0,$1,$2,$0,$2,$-1,$-1,$0,$0,$0,$11,$3,$0
1,2018-06-30,18.35,$11.87,1.55,$40.64,0.45,$5.17,3.55,$-0.43,0.0,$0.36B,$0.24B,1.5,$0.00B,$0.32B,0.0,$1.09B,$0.09B,8.42%,$1.09B,$-0.01B,-1.01%,$1.09B,$-0.01B,-1.01%,$1.09B,$0.03B,2.56%,$1.09B,$-0.01B,-1.10%,$1.09B,$-0.01B,-1.01%,$-0.01B,$0.32B,-3.35%,$-0.01B,$0.20B,-5.64%,$-0.01B,$0.56B,-1.98%,$-0.01B,$0.32B,-3.11%,$293,$272,$21,$0,$21,$310,$-17,$-0,$-17,$-3,$-15,$-15,$-15,$6,$-17,$27,27,$-0.55,$-0.55,$64,$5,$81,$357,$73,$0,$119,$5,$201,$558,$238,$0,$0,$1,$239,$0,$211,$-7,$319,$558,$-11,$38,$7,$45,$6,$-1,$-26,$61,$41,$75,$-8,$0,$-2,$0,$0,$0,$0,$-9,$-45,$0,$-45,$-0,$-0,$0,$-0,$-45,$20,$9,$0
2,2018-03-31,13.7,$12.38,1.11,$40.69,0.34,$1.56,8.78,$0.08,171.25,$0.32B,$0.19B,1.65,$0.01B,$0.33B,0.03,$1.09B,$0.09B,8.62%,$1.09B,$0.01B,0.92%,$1.09B,$0.01B,0.92%,$1.09B,$0.03B,2.84%,$1.09B,$0.01B,0.73%,$1.09B,$0.00B,0.27%,$0.00B,$0.33B,0.91%,$0.00B,$0.19B,1.57%,$0.00B,$0.54B,0.53%,$0.01B,$0.34B,2.73%,$246,$231,$15,$0,$21,$252,$-6,$-0,$-6,$-1,$-5,$-5,$-5,$-1,$-6,$27,27,$-0.19,$-0.19,$47,$5,$74,$321,$74,$0,$138,$2,$218,$539,$194,$9,$0,$13,$207,$0,$226,$-6,$332,$539,$3,$16,$9,$24,$20,$-2,$-38,$36,$18,$46,$-5,$0,$-2,$0,$0,$0,$0,$-7,$-36,$0,$-36,$-0,$-0,$0,$-0,$-36,$3,$6,$0
3,2017-12-31,17.8,$12.52,1.42,$40.98,0.43,$-1.19,0.0,$-0.25,0.0,$0.34B,$0.17B,1.99,$0.05B,$0.34B,0.15,$1.10B,$0.08B,6.93%,$1.10B,$-0.01B,-0.46%,$1.10B,$-0.01B,-0.46%,$1.10B,$0.02B,1.55%,$1.10B,$-0.01B,-0.73%,$1.10B,$-0.01B,-0.55%,$-0.01B,$0.34B,-1.84%,$-0.01B,$0.20B,-3.21%,$-0.01B,$0.56B,-1.05%,$-0.01B,$0.39B,-1.34%,$283,$256,$27,$0,$22,$278,$5,$-1,$4,$-0,$5,$5,$5,$10,$5,$27,27,$0.17,$0.17,$74,$5,$72,$338,$76,$0,$139,$2,$220,$558,$170,$51,$0,$52,$222,$0,$231,$-6,$336,$558,$8,$11,$6,$17,$25,$-1,$-34,$18,$4,$30,$-4,$0,$-2,$0,$0,$0,$0,$-5,$6,$0,$6,$-0,$-0,$0,$-0,$5,$30,$4,$0
4,2017-09-30,15.2,$12.29,1.24,$42.18,0.36,$-3.45,0.0,$-0.22,0.0,$0.35B,$0.20B,1.74,$0.04B,$0.33B,0.13,$1.13B,$0.08B,6.84%,$1.13B,$-0.00B,-0.18%,$1.13B,$-0.00B,-0.18%,$1.13B,$0.02B,1.78%,$1.13B,$-0.00B,-0.36%,$1.13B,$-0.01B,-0.53%,$-0.01B,$0.33B,-1.85%,$-0.01B,$0.19B,-3.25%,$-0.01B,$0.57B,-1.01%,$-0.00B,$0.37B,-0.53%,$270,$241,$29,$0,$22,$263,$7,$-0,$7,$3,$4,$4,$4,$13,$7,$27,27,$0.14,$0.14,$46,$4,$75,$348,$78,$0,$139,$6,$225,$572,$200,$42,$0,$44,$244,$0,$227,$-6,$328,$572,$4,$6,$5,$10,$-8,$-1,$-14,$10,$-7,$7,$-2,$0,$0,$0,$0,$0,$0,$-2,$-3,$0,$-3,$-0,$-0,$0,$-0,$-3,$2,$2,$0
5,2017-06-30,9.35,$12.10,0.77,$44.85,0.21,$-5.56,0.0,$-0.01,0.0,$0.36B,$0.22B,1.64,$0.05B,$0.32B,0.14,$1.20B,$0.08B,6.68%,$1.20B,$0.00B,0.42%,$1.20B,$0.00B,0.42%,$1.20B,$0.03B,2.17%,$1.20B,$0.00B,0.25%,$1.20B,$-0.00B,-0.08%,$-0.00B,$0.32B,-0.31%,$-0.00B,$0.18B,-0.52%,$-0.00B,$0.59B,-0.17%,$0.00B,$0.37B,1.36%,$292,$269,$23,$0,$20,$288,$4,$-1,$3,$4,$-1,$-1,$-1,$9,$4,$27,27,$-0.04,$-0.04,$44,$4,$96,$359,$80,$0,$140,$4,$227,$586,$219,$45,$0,$45,$264,$0,$223,$-7,$322,$586,$0,$22,$7,$28,$-12,$0,$-37,$11,$-47,$-19,$-11,$0,$-41,$0,$0,$0,$0,$-51,$45,$0,$45,$-2,$-2,$0,$-0,$43,$-28,$7,$0
6,2017-03-31,16.5,$12.04,1.37,$47.13,0.35,$-3.71,0.0,$0.37,44.59,$0.35B,$0.22B,1.63,$0.04B,$0.32B,0.14,$1.27B,$0.09B,7.19%,$1.27B,$0.02B,1.18%,$1.27B,$0.02B,1.18%,$1.27B,$0.04B,2.92%,$1.27B,$0.01B,1.11%,$1.27B,$0.01B,0.71%,$0.01B,$0.32B,2.79%,$0.01B,$0.18B,4.46%,$0.01B,$0.58B,1.53%,$0.02B,$0.36B,4.21%,$251,$254,$-3,$0,$19,$272,$-21,$-1,$-22,$-9,$-14,$-14,$-14,$-15,$-21,$27,27,$-0.52,$-0.52,$40,$4,$77,$350,$82,$0,$141,$2,$231,$580,$215,$44,$0,$45,$260,$0,$224,$-8,$320,$580,$1,$16,$1,$17,$-24,$0,$-46,$31,$-44,$-26,$-7,$0,$-41,$0,$0,$0,$0,$-48,$44,$0,$44,$-2,$-2,$0,$0,$42,$-32,$5,$0
7,2016-12-31,22.7,$12.40,1.83,$49.12,0.46,$-1.99,0.0,$1.05,21.62,$0.41B,$0.23B,1.77,$0.07B,$0.33B,0.22,$1.32B,$0.12B,9.14%,$1.32B,$0.04B,3.17%,$1.32B,$0.04B,3.17%,$1.32B,$0.06B,4.83%,$1.32B,$0.04B,3.17%,$1.32B,$0.03B,2.04%,$0.03B,$0.33B,8.43%,$0.03B,$0.19B,12.89%,$0.03B,$0.64B,4.66%,$0.04B,$0.40B,12.23%,$313,$284,$28,$0,$20,$304,$8,$-0,$8,$3,$5,$5,$5,$13,$8,$27,27,$0.20,$0.20,$66,$4,$89,$408,$81,$0,$142,$1,$228,$636,$230,$72,$0,$76,$306,$0,$238,$-9,$330,$636,$15,$10,$4,$14,$-49,$-0,$-34,$25,$-60,$-31,$-4,$0,$-40,$0,$0,$0,$0,$-44,$72,$0,$72,$-2,$-2,$0,$-0,$70,$-5,$4,$0
8,2016-09-30,18.76,$12.23,1.53,$49.34,0.38,$-0.60,0.0,$1.05,17.87,$0.38B,$0.22B,1.72,$0.02B,$0.33B,0.05,$1.34B,$0.12B,9.21%,$1.34B,$0.04B,2.92%,$1.34B,$0.04B,2.92%,$1.34B,$0.06B,4.57%,$1.34B,$0.04B,2.92%,$1.34B,$0.03B,2.02%,$0.03B,$0.33B,8.60%,$0.03B,$0.23B,12.51%,$0.03B,$0.57B,4.79%,$0.04B,$0.34B,12.15%,$342,$310,$32,$0,$18,$327,$14,$-0,$14,$5,$9,$9,$9,$19,$14,$26,27,$0.35,$0.35,$36,$4,$114,$384,$82,$0,$98,$1,$185,$569,$224,$17,$0,$21,$245,$0,$232,$-7,$325,$569,$9,$5,$3,$8,$-41,$0,$-14,$-9,$-67,$-50,$-2,$0,$0,$0,$0,$0,$0,$-2,$17,$0,$17,$-2,$-2,$0,$0,$15,$-36,$2,$0
9,2016-06-30,16.49,$12.00,1.37,$48.39,0.34,$0.63,26.01,$1.07,15.41,$0.38B,$0.25B,1.53,$0.00B,$0.32B,0.0,$1.31B,$0.13B,9.60%,$1.31B,$0.04B,3.05%,$1.31B,$0.04B,3.05%,$1.31B,$0.06B,4.80%,$1.31B,$0.04B,3.05%,$1.31B,$0.03B,2.13%,$0.03B,$0.32B,9.08%,$0.03B,$0.22B,13.25%,$0.03B,$0.57B,5.04%,$0.04B,$0.32B,12.76%,$360,$326,$34,$0,$20,$345,$14,$-0,$14,$5,$9,$9,$9,$20,$14,$27,27,$0.35,$0.34,$72,$4,$109,$375,$85,$0,$99,$2,$190,$565,$246,$0,$0,$3,$249,$0,$223,$-7,$316,$565,$26,$21,$14,$36,$4,$1,$15,$-49,$-28,$34,$-14,$0,$-13,$0,$0,$0,$0,$-27,$-11,$0,$-11,$-14,$-14,$0,$11,$-14,$-8,$6,$0
10,2016-03-31,17.7,$11.65,1.52,$48.52,0.36,$0.31,57.84,$1.13,15.66,$0.35B,$0.23B,1.51,$0.00B,$0.31B,0.01,$1.32B,$0.13B,10.03%,$1.32B,$0.04B,3.34%,$1.32B,$0.04B,3.34%,$1.32B,$0.07B,5.17%,$1.32B,$0.04B,3.34%,$1.32B,$0.03B,2.28%,$0.03B,$0.31B,9.98%,$0.03B,$0.21B,14.67%,$0.03B,$0.55B,5.40%,$0.04B,$0.31B,14.30%,$309,$282,$27,$0,$21,$303,$6,$-0,$6,$3,$4,$4,$4,$12,$6,$27,27,$0.16,$0.16,$73,$3,$101,$351,$87,$0,$101,$7,$199,$550,$233,$4,$0,$7,$240,$0,$214,$-7,$310,$550,$16,$16,$12,$28,$24,$1,$-3,$-42,$-20,$25,$-11,$0,$-13,$0,$0,$0,$0,$-25,$-7,$0,$-7,$-9,$-9,$0,$11,$-5,$-6,$5,$0
11,2015-12-31,20.54,$11.33,1.81,$48.85,0.42,$0.82,25.12,$0.86,23.88,$0.39B,$0.26B,1.5,$0.01B,$0.31B,0.02,$1.32B,$0.11B,8.18%,$1.32B,$0.02B,1.82%,$1.32B,$0.02B,1.82%,$1.32B,$0.05B,3.56%,$1.32B,$0.02B,1.82%,$1.32B,$0.02B,1.74%,$0.02B,$0.31B,7.88%,$0.02B,$0.21B,11.68%,$0.02B,$0.57B,4.09%,$0.02B,$0.31B,7.98%,$324,$294,$30,$0,$25,$319,$5,$-0,$5,$1,$3,$3,$5,$10,$5,$27,27,$0.20,$0.20,$82,$3,$89,$387,$83,$0,$93,$7,$186,$572,$258,$7,$0,$9,$267,$0,$210,$-10,$305,$572,$13,$11,$11,$21,$-14,$0,$-17,$13,$-24,$10,$-7,$0,$0,$0,$0,$0,$0,$-7,$-2,$0,$-2,$-4,$-4,$0,$8,$3,$3,$4,$0
12,2015-09-30,22.47,$11.38,1.97,$49.60,0.45,$0.66,34.18,$0.78,28.81,$0.36B,$0.22B,1.63,$0.01B,$0.30B,0.03,$1.34B,$0.09B,7.01%,$1.34B,$0.02B,1.12%,$1.34B,$0.02B,1.12%,$1.34B,$0.04B,2.91%,$1.34B,$0.02B,1.12%,$1.34B,$0.02B,1.57%,$0.02B,$0.30B,7.34%,$0.02B,$0.21B,11.07%,$0.02B,$0.54B,3.74%,$0.02B,$0.31B,5.06%,$319,$285,$35,$0,$19,$304,$15,$-0,$15,$5,$10,$10,$10,$21,$15,$26,27,$0.38,$0.37,$69,$3,$92,$355,$84,$0,$94,$2,$182,$537,$218,$10,$0,$17,$235,$0,$204,$-8,$302,$537,$10,$5,$3,$9,$16,$-0,$-26,$-19,$-33,$-14,$-4,$0,$0,$0,$0,$0,$0,$-4,$1,$0,$1,$0,$0,$0,$8,$9,$-10,$2,$0
13,2015-06-30,18.28,$10.76,1.7,$49.65,0.37,$1.39,13.14,$0.63,29.02,$0.37B,$0.27B,1.4,$0.01B,$0.29B,0.03,$1.34B,$0.09B,6.48%,$1.34B,$0.01B,0.67%,$1.34B,$0.01B,0.67%,$1.34B,$0.03B,2.38%,$1.34B,$0.01B,0.60%,$1.34B,$0.02B,1.27%,$0.02B,$0.29B,6.02%,$0.02B,$0.19B,9.23%,$0.02B,$0.56B,3.02%,$0.01B,$0.29B,3.07%,$364,$324,$40,$0,$22,$346,$18,$-0,$18,$7,$11,$11,$11,$25,$18,$27,27,$0.41,$0.40,$79,$3,$92,$373,$85,$0,$95,$4,$188,$562,$267,$9,$0,$10,$277,$0,$194,$-6,$285,$562,$-2,$23,$5,$29,$7,$0,$13,$-13,$-1,$26,$-15,$0,$-6,$0,$0,$0,$0,$-21,$-3,$0,$-3,$-7,$-7,$0,$9,$-1,$2,$6,$0
14,2015-03-31,17.56,$10.32,1.7,$49.01,0.36,$2.98,5.9,$0.51,34.43,$0.39B,$0.29B,1.37,$0.01B,$0.28B,0.04,$1.32B,$0.08B,6.35%,$1.32B,$0.01B,0.38%,$1.32B,$0.01B,0.38%,$1.32B,$0.03B,2.04%,$1.32B,$0.00B,0.23%,$1.32B,$0.01B,1.06%,$0.01B,$0.28B,4.97%,$0.01B,$0.18B,7.65%,$0.01B,$0.58B,2.48%,$0.01B,$0.29B,1.71%,$314,$312,$3,$0,$17,$329,$-14,$-0,$-14,$-2,$-13,$-13,$-3,$-9,$-14,$27,27,$-0.11,$-0.11,$103,$3,$84,$393,$86,$0,$97,$4,$186,$579,$288,$10,$0,$15,$303,$0,$183,$-6,$276,$579,$-13,$17,$2,$19,$17,$0,$-23,$29,$31,$37,$-10,$0,$-6,$0,$0,$0,$0,$-16,$-2,$0,$-2,$-2,$-2,$0,$10,$6,$26,$5,$0
15,2014-12-31,22.32,$10.56,2.11,$51.36,0.43,$2.08,10.72,$1.04,21.46,$0.38B,$0.27B,1.42,$0.01B,$0.28B,0.04,$1.39B,$0.12B,8.70%,$1.39B,$0.04B,2.73%,$1.39B,$0.04B,2.73%,$1.39B,$0.06B,4.31%,$1.39B,$0.04B,2.59%,$1.39B,$0.03B,2.01%,$0.03B,$0.28B,9.98%,$0.03B,$0.18B,15.41%,$0.03B,$0.57B,4.91%,$0.04B,$0.29B,12.65%,$343,$327,$16,$0,$20,$347,$-4,$-0,$-4,$1,$-5,$-5,$3,$2,$-4,$27,27,$0.12,$0.12,$69,$3,$77,$376,$87,$0,$99,$4,$190,$566,$266,$12,$0,$19,$284,$0,$186,$-3,$282,$566,$-0,$12,$3,$14,$-9,$0,$-19,$26,$-9,$5,$-7,$0,$-6,$0,$0,$0,$0,$-13,$0,$0,$0,$-2,$-2,$0,$2,$-0,$-9,$3,$0
16,2014-09-30,24.12,$10.81,2.23,$50.30,0.48,$3.60,6.7,$1.30,18.55,$0.36B,$0.25B,1.45,$0.01B,$0.29B,0.04,$1.36B,$0.14B,10.23%,$1.36B,$0.06B,4.19%,$1.36B,$0.06B,4.19%,$1.36B,$0.08B,5.67%,$1.36B,$0.05B,3.97%,$1.36B,$0.04B,2.58%,$0.04B,$0.29B,12.75%,$0.04B,$0.19B,19.89%,$0.04B,$0.55B,6.22%,$0.06B,$0.30B,19.18%,$322,$293,$28,$0,$20,$313,$9,$-0,$8,$4,$5,$5,$6,$14,$9,$26,27,$0.22,$0.22,$73,$3,$97,$356,$89,$0,$100,$4,$192,$548,$246,$11,$0,$16,$262,$0,$183,$-2,$287,$548,$5,$6,$-1,$5,$30,$0,$-18,$-11,$-5,$5,$-4,$0,$-5,$0,$0,$0,$0,$-9,$-0,$0,$-0,$-1,$-1,$0,$1,$-0,$-4,$1,$0
17,2014-06-30,32.79,$10.68,3.07,$46.93,0.7,$4.03,8.14,$1.33,24.65,$0.38B,$0.27B,1.39,$0.01B,$0.28B,0.04,$1.26B,$0.14B,10.77%,$1.26B,$0.06B,4.67%,$1.26B,$0.06B,4.67%,$1.26B,$0.08B,6.10%,$1.26B,$0.06B,4.43%,$1.26B,$0.04B,2.85%,$0.04B,$0.28B,13.62%,$0.04B,$0.18B,19.83%,$0.04B,$0.57B,6.75%,$0.06B,$0.29B,20.70%,$344,$307,$37,$0,$23,$330,$14,$-1,$13,$5,$8,$8,$8,$20,$14,$26,27,$0.29,$0.28,$77,$3,$82,$376,$89,$0,$99,$6,$193,$569,$270,$12,$0,$17,$287,$0,$177,$-0,$282,$569,$37,$19,$0,$19,$-31,$-0,$29,$17,$21,$77,$-23,$0,$-52,$0,$0,$0,$0,$-75,$12,$0,$12,$-0,$-0,$0,$1,$12,$13,$6,$0
18,2014-03-31,33.78,$10.24,3.3,$43.10,0.78,$3.32,10.17,$1.33,25.4,$0.41B,$0.28B,1.48,$0.05B,$0.27B,0.17,$1.16B,$0.13B,10.91%,$1.16B,$0.06B,4.94%,$1.16B,$0.06B,4.94%,$1.16B,$0.07B,6.23%,$1.16B,$0.05B,4.68%,$1.16B,$0.04B,3.03%,$0.04B,$0.27B,13.82%,$0.04B,$0.17B,18.87%,$0.04B,$0.60B,7.10%,$0.06B,$0.32B,21.03%,$382,$342,$40,$0,$21,$363,$19,$-0,$19,$7,$12,$12,$11,$24,$19,$26,27,$0.43,$0.42,$60,$3,$103,$407,$88,$0,$96,$6,$191,$598,$276,$45,$0,$51,$327,$0,$170,$-2,$271,$598,$29,$13,$-2,$11,$-59,$-0,$39,$-8,$-19,$20,$-18,$0,$-51,$0,$0,$0,$0,$-69,$45,$0,$45,$-1,$-1,$0,$1,$46,$-4,$4,$0
19,2013-12-31,24.43,$9.80,2.49,$37.55,0.65,$4.01,6.09,$1.16,21.06,$0.35B,$0.25B,1.4,$0.02B,$0.26B,0.09,$1.00B,$0.11B,10.91%,$1.00B,$0.05B,4.60%,$1.00B,$0.05B,4.60%,$1.00B,$0.06B,6.01%,$1.00B,$0.04B,4.30%,$1.00B,$0.03B,3.10%,$0.03B,$0.26B,12.76%,$0.03B,$0.16B,16.34%,$0.03B,$0.54B,7.07%,$0.05B,$0.28B,18.44%,$311,$277,$34,$0,$19,$296,$15,$-0,$14,$4,$10,$10,$10,$19,$15,$26,27,$0.39,$0.38,$73,$3,$98,$346,$87,$0,$98,$5,$190,$536,$247,$23,$0,$31,$278,$0,$158,$0,$258,$536,$17,$8,$1,$9,$12,$-0,$33,$-14,$25,$50,$-12,$0,$-51,$0,$0,$0,$0,$-63,$23,$0,$23,$-1,$-1,$0,$0,$22,$10,$3,$0
20,2013-09-30,19.62,$9.43,2.08,$34.43,0.57,$2.57,7.62,$0.99,19.82,$0.31B,$0.17B,1.82,$0.00B,$0.25B,0.01,$0.91B,$0.10B,10.67%,$0.91B,$0.04B,4.40%,$0.91B,$0.04B,4.40%,$0.91B,$0.05B,5.83%,$0.91B,$0.04B,4.18%,$0.91B,$0.03B,2.86%,$0.03B,$0.25B,11.11%,$0.03B,$0.21B,13.30%,$0.03B,$0.43B,6.52%,$0.04B,$0.25B,16.97%,$226,$201,$25,$0,$15,$215,$11,$-0,$10,$4,$7,$7,$7,$14,$11,$26,27,$0.25,$0.25,$80,$3,$73,$313,$73,$0,$38,$5,$116,$429,$172,$2,$0,$10,$183,$0,$148,$1,$246,$429,$7,$4,$1,$5,$-10,$-0,$-1,$19,$7,$18,$-5,$0,$0,$0,$0,$0,$0,$-5,$2,$0,$2,$0,$0,$0,$0,$3,$16,$1,$0
21,2013-06-30,15.58,$9.12,1.71,$33.96,0.46,$1.09,14.29,$0.92,16.93,$0.30B,$0.16B,1.8,$0.00B,$0.24B,0.0,$0.89B,$0.09B,10.53%,$0.89B,$0.04B,4.14%,$0.89B,$0.04B,4.14%,$0.89B,$0.05B,5.60%,$0.89B,$0.04B,4.03%,$0.89B,$0.02B,2.69%,$0.02B,$0.24B,10.58%,$0.02B,$0.20B,12.70%,$0.02B,$0.41B,6.28%,$0.04B,$0.24B,16.19%,$236,$209,$27,$0,$15,$224,$12,$-0,$11,$4,$7,$7,$7,$15,$12,$26,26,$0.28,$0.27,$64,$3,$80,$296,$71,$0,$38,$4,$114,$410,$164,$0,$0,$7,$172,$0,$141,$0,$238,$410,$24,$13,$7,$20,$-32,$-1,$19,$25,$13,$57,$-23,$0,$-9,$0,$0,$0,$0,$-32,$-0,$0,$-0,$-0,$-0,$0,$0,$-0,$24,$4,$0
22,2013-03-31,14.9,$8.82,1.69,$32.05,0.46,$-0.58,0.0,$0.71,20.99,$0.27B,$0.14B,1.85,$0.00B,$0.23B,0.0,$0.84B,$0.09B,10.21%,$0.84B,$0.03B,3.68%,$0.84B,$0.03B,3.68%,$0.84B,$0.04B,5.23%,$0.84B,$0.03B,3.68%,$0.84B,$0.02B,2.26%,$0.02B,$0.23B,8.64%,$0.02B,$0.19B,10.38%,$0.02B,$0.38B,5.27%,$0.03B,$0.23B,13.98%,$226,$203,$23,$0,$15,$218,$8,$-0,$8,$2,$7,$7,$7,$12,$8,$26,26,$0.25,$0.25,$51,$3,$74,$265,$68,$0,$39,$7,$114,$379,$144,$0,$0,$6,$149,$0,$134,$1,$230,$379,$17,$9,$4,$13,$-23,$-1,$10,$15,$8,$37,$-16,$0,$-9,$0,$0,$0,$0,$-26,$-0,$0,$-0,$-1,$-1,$0,$0,$-0,$11,$3,$0
23,2012-12-31,11.5,$8.55,1.35,$30.55,0.38,$-1.71,0.0,$0.65,17.69,$0.27B,$0.14B,1.85,$0.00B,$0.22B,0.02,$0.80B,$0.08B,10.38%,$0.80B,$0.03B,3.75%,$0.80B,$0.03B,3.75%,$0.80B,$0.04B,5.25%,$0.80B,$0.03B,3.75%,$0.80B,$0.02B,2.13%,$0.02B,$0.22B,7.92%,$0.02B,$0.18B,9.52%,$0.02B,$0.38B,4.93%,$0.03B,$0.23B,13.82%,$221,$199,$22,$0,$14,$213,$9,$-0,$9,$3,$5,$5,$5,$12,$9,$26,26,$0.21,$0.21,$33,$4,$71,$267,$65,$0,$39,$4,$109,$376,$144,$3,$0,$9,$154,$0,$128,$1,$222,$376,$10,$6,$2,$8,$-44,$-1,$11,$29,$-6,$12,$-12,$0,$-9,$0,$0,$0,$0,$-21,$3,$0,$3,$-1,$-1,$0,$0,$2,$-7,$2,$0
24,2012-09-30,10.58,$8.38,1.26,$29.79,0.36,$-2.19,0.0,$0.71,14.9,$0.27B,$0.14B,1.95,$0.00B,$0.22B,0.02,$0.78B,$0.08B,10.77%,$0.78B,$0.03B,4.10%,$0.78B,$0.03B,4.10%,$0.78B,$0.04B,5.64%,$0.78B,$0.03B,4.10%,$0.78B,$0.02B,2.44%,$0.02B,$0.22B,9.05%,$0.02B,$0.18B,10.89%,$0.02B,$0.36B,5.77%,$0.03B,$0.22B,15.15%,$210,$187,$22,$0,$14,$202,$8,$-0,$8,$3,$5,$5,$5,$11,$8,$26,26,$0.18,$0.18,$17,$3,$83,$266,$58,$0,$35,$4,$97,$363,$137,$3,$0,$9,$146,$0,$122,$1,$217,$363,$5,$3,$2,$4,$-50,$-1,$13,$5,$-30,$-21,$-5,$0,$0,$0,$0,$0,$0,$-5,$3,$0,$3,$-0,$-0,$0,$0,$3,$-23,$1,$0
25,2012-06-30,11.33,$8.20,1.38,$28.11,0.4,$-1.76,0.0,$0.66,17.17,$0.23B,$0.11B,2.18,$0.00B,$0.21B,0.0,$0.74B,$0.08B,10.83%,$0.74B,$0.03B,4.19%,$0.74B,$0.03B,4.19%,$0.74B,$0.04B,5.68%,$0.74B,$0.03B,4.06%,$0.74B,$0.02B,2.44%,$0.02B,$0.21B,8.77%,$0.02B,$0.18B,10.60%,$0.02B,$0.32B,5.74%,$0.03B,$0.21B,15.07%,$185,$166,$19,$0,$12,$178,$6,$-0,$6,$5,$2,$2,$2,$9,$6,$26,26,$0.07,$0.06,$40,$2,$74,$231,$55,$0,$35,$3,$93,$323,$106,$0,$0,$6,$112,$0,$117,$1,$211,$323,$17,$11,$3,$15,$-5,$-0,$13,$-36,$-29,$3,$-13,$0,$0,$0,$0,$0,$0,$-13,$-0,$0,$-0,$-8,$-8,$0,$-1,$-9,$-20,$4,$0
26,2012-03-31,14.01,$8.11,1.73,$27.22,0.51,$-0.91,0.0,$0.80,17.51,$0.22B,$0.10B,2.28,$0.00B,$0.21B,0.01,$0.72B,$0.08B,11.42%,$0.72B,$0.04B,4.87%,$0.72B,$0.04B,4.87%,$0.72B,$0.05B,6.27%,$0.72B,$0.03B,4.60%,$0.72B,$0.02B,3.06%,$0.02B,$0.21B,10.86%,$0.02B,$0.17B,13.19%,$0.02B,$0.32B,7.11%,$0.04B,$0.21B,17.24%,$184,$164,$20,$0,$12,$176,$7,$-0,$7,$2,$5,$5,$5,$10,$7,$26,26,$0.19,$0.19,$43,$3,$59,$224,$54,$0,$35,$2,$92,$316,$98,$2,$1,$9,$107,$0,$116,$1,$209,$316,$15,$9,$3,$11,$-10,$-0,$7,$-22,$-26,$0,$-9,$0,$0,$0,$0,$0,$0,$-9,$2,$0,$2,$-8,$-8,$0,$-1,$-8,$-16,$3,$0
27,2011-12-31,9.44,$7.88,1.2,$25.27,0.37,$-0.09,0.0,$0.79,11.95,$0.22B,$0.11B,2.08,$0.00B,$0.20B,0.0,$0.67B,$0.08B,12.09%,$0.67B,$0.04B,5.37%,$0.67B,$0.04B,5.37%,$0.67B,$0.05B,6.72%,$0.67B,$0.03B,5.07%,$0.67B,$0.02B,3.28%,$0.02B,$0.20B,11.08%,$0.02B,$0.17B,13.41%,$0.02B,$0.32B,7.25%,$0.04B,$0.20B,18.14%,$201,$178,$23,$0,$12,$190,$11,$0,$11,$4,$7,$7,$7,$14,$11,$26,26,$0.27,$0.27,$37,$3,$60,$221,$54,$0,$36,$5,$94,$316,$106,$0,$1,$7,$113,$0,$111,$1,$203,$316,$11,$6,$2,$7,$-12,$-0,$13,$-22,$-24,$-6,$-7,$0,$0,$0,$0,$0,$0,$-7,$-0,$0,$-0,$-8,$-8,$0,$-1,$-9,$-22,$2,$0
28,2011-09-30,8.51,$7.63,1.12,$24.15,0.35,$0.12,73.49,$0.72,11.82,$0.21B,$0.10B,2.17,$0.00B,$0.20B,0.0,$0.64B,$0.08B,12.11%,$0.64B,$0.03B,5.28%,$0.64B,$0.03B,5.28%,$0.64B,$0.04B,6.52%,$0.64B,$0.03B,4.97%,$0.64B,$0.02B,3.11%,$0.02B,$0.20B,10.28%,$0.02B,$0.16B,12.40%,$0.02B,$0.30B,6.73%,$0.03B,$0.20B,17.46%,$169,$151,$18,$0,$11,$163,$7,$-1,$6,$2,$4,$4,$4,$9,$7,$26,27,$0.13,$0.13,$39,$2,$54,$206,$54,$0,$36,$3,$93,$299,$95,$0,$1,$6,$101,$0,$104,$0,$198,$299,$4,$3,$-0,$3,$-1,$-0,$7,$-22,$-18,$-12,$-3,$0,$0,$0,$0,$0,$0,$-3,$-0,$0,$-0,$-5,$-5,$0,$0,$-5,$-21,$1,$0
29,2011-06-30,13.38,$7.54,1.77,$23.53,0.57,$0.39,34.11,$0.71,18.85,$0.22B,$0.10B,2.15,$0.00B,$0.20B,0.0,$0.63B,$0.08B,12.12%,$0.63B,$0.03B,5.10%,$0.63B,$0.03B,5.10%,$0.63B,$0.04B,6.54%,$0.63B,$0.03B,4.94%,$0.63B,$0.02B,3.03%,$0.02B,$0.20B,9.97%,$0.02B,$0.16B,12.03%,$0.02B,$0.31B,6.42%,$0.03B,$0.20B,16.78%,$164,$143,$21,$0,$11,$154,$10,$-0,$9,$3,$6,$6,$6,$12,$10,$26,27,$0.21,$0.21,$59,$2,$44,$216,$53,$0,$36,$2,$91,$306,$100,$0,$1,$7,$107,$0,$100,$1,$200,$306,$19,$11,$7,$18,$-16,$1,$-9,$10,$-14,$23,$-10,$0,$-4,$0,$0,$0,$0,$-14,$-1,$0,$-1,$-0,$-0,$0,$-0,$-1,$8,$2,$0
30,2011-03-31,13.9,$7.31,1.9,$22.71,0.61,$-0.10,0.0,$0.34,40.88,$0.21B,$0.10B,2.17,$0.00B,$0.19B,0.0,$0.60B,$0.06B,9.77%,$0.60B,$0.02B,2.48%,$0.60B,$0.02B,2.48%,$0.60B,$0.03B,4.14%,$0.60B,$0.02B,2.48%,$0.60B,$0.01B,1.49%,$0.01B,$0.19B,4.86%,$0.01B,$0.16B,5.86%,$0.01B,$0.29B,3.10%,$0.02B,$0.19B,8.10%,$136,$118,$19,$0,$11,$129,$8,$0,$8,$3,$5,$5,$5,$10,$8,$26,27,$0.19,$0.18,$63,$3,$43,$207,$53,$0,$31,$2,$86,$293,$95,$0,$0,$5,$100,$0,$95,$1,$193,$293,$13,$8,$4,$12,$-4,$1,$-16,$11,$-6,$20,$-7,$0,$0,$0,$0,$0,$0,$-7,$-1,$0,$-1,$-0,$-0,$0,$-0,$-1,$12,$2,$0
31,2010-12-31,12.18,$7.09,1.72,$22.21,0.55,$-0.53,0.0,$0.16,76.13,$0.20B,$0.10B,2.05,$0.00B,$0.19B,0.0,$0.59B,$0.05B,8.98%,$0.59B,$0.01B,1.19%,$0.59B,$0.01B,1.19%,$0.59B,$0.02B,3.05%,$0.59B,$0.01B,1.19%,$0.59B,$0.00B,0.68%,$0.00B,$0.19B,2.19%,$0.00B,$0.16B,2.65%,$0.00B,$0.29B,1.40%,$0.01B,$0.19B,3.84%,$175,$155,$20,$0,$11,$167,$9,$-0,$9,$3,$5,$5,$5,$11,$9,$26,27,$0.20,$0.20,$44,$2,$38,$204,$54,$0,$31,$2,$87,$291,$99,$0,$0,$4,$104,$0,$90,$1,$187,$291,$8,$6,$4,$9,$-23,$1,$-10,$16,$-20,$-3,$-4,$0,$0,$0,$0,$0,$0,$-4,$-0,$0,$-0,$-0,$-0,$0,$-0,$-1,$-7,$1,$0
32,2010-09-30,8.76,$6.89,1.27,$21.32,0.41,$0.08,113.62,$0.13,67.38,$0.21B,$0.11B,1.91,$0.00B,$0.18B,0.0,$0.57B,$0.05B,9.03%,$0.57B,$0.01B,0.88%,$0.57B,$0.01B,0.88%,$0.57B,$0.02B,3.01%,$0.57B,$0.01B,0.88%,$0.57B,$0.00B,0.71%,$0.00B,$0.18B,2.21%,$0.00B,$0.15B,2.68%,$0.00B,$0.29B,1.42%,$0.01B,$0.18B,2.76%,$152,$136,$16,$0,$11,$147,$5,$-0,$5,$2,$3,$3,$3,$8,$5,$26,27,$0.12,$0.12,$43,$3,$44,$205,$53,$0,$31,$3,$88,$293,$107,$0,$0,$4,$111,$0,$84,$1,$182,$293,$3,$3,$1,$3,$-15,$1,$-7,$6,$-12,$-5,$-2,$0,$0,$0,$0,$0,$0,$-2,$-0,$0,$-0,$-0,$-0,$0,$-0,$-0,$-8,$1,$0
33,2010-06-30,9.31,$6.74,1.38,$20.80,0.45,$0.49,18.94,$0.18,51.72,$0.20B,$0.10B,1.93,$0.00B,$0.18B,0.0,$0.55B,$0.05B,9.44%,$0.55B,$0.01B,1.27%,$0.55B,$0.01B,1.27%,$0.55B,$0.02B,3.45%,$0.55B,$0.01B,1.27%,$0.55B,$0.01B,1.09%,$0.01B,$0.18B,3.34%,$0.01B,$0.15B,4.05%,$0.01B,$0.29B,2.15%,$0.01B,$0.18B,3.89%,$141,$137,$4,$0,$10,$147,$-7,$-1,$-7,$-3,$-4,$-4,$-4,$-4,$-7,$26,26,$-0.15,$-0.16,$51,$3,$47,$199,$53,$0,$31,$2,$86,$285,$103,$0,$0,$4,$107,$0,$81,$0,$178,$285,$5,$12,$1,$13,$12,$1,$2,$-28,$-14,$4,$-5,$0,$0,$0,$0,$0,$0,$-5,$-1,$0,$-1,$-0,$-0,$0,$0,$-1,$-2,$2,$0
34,2010-03-31,10.76,$6.92,1.55,$15.49,0.69,$0.52,20.8,$0.34,31.65,$0.18B,$0.08B,2.2,$0.00B,$0.18B,0.0,$0.41B,$0.05B,11.71%,$0.41B,$0.01B,3.41%,$0.41B,$0.01B,3.41%,$0.41B,$0.02B,5.61%,$0.41B,$0.01B,3.41%,$0.41B,$0.01B,2.44%,$0.01B,$0.18B,5.63%,$0.01B,$0.15B,6.83%,$0.01B,$0.27B,3.53%,$0.01B,$0.18B,7.87%,$122,$109,$13,$0,$13,$122,$0,$0,$0,$0,$0,$0,$0,$3,$0,$26,27,$0.00,$0.00,$53,$4,$41,$183,$54,$0,$32,$1,$87,$270,$83,$0,$0,$4,$88,$0,$85,$1,$182,$270,$9,$9,$4,$13,$26,$1,$-15,$-26,$-17,$5,$-4,$0,$0,$0,$0,$0,$0,$-4,$-1,$0,$-1,$-0,$-0,$0,$0,$-1,$1,$2,$0
35,2009-12-31,10.65,$6.89,1.55,$16.45,0.65,$1.17,9.09,$0.50,21.3,$0.19B,$0.09B,2.05,$0.00B,$0.18B,0.0,$0.43B,$0.05B,12.21%,$0.43B,$0.02B,4.84%,$0.43B,$0.02B,4.84%,$0.43B,$0.03B,6.91%,$0.43B,$0.02B,4.84%,$0.43B,$0.01B,3.23%,$0.01B,$0.18B,10.61%,$0.01B,$0.15B,12.87%,$0.01B,$0.28B,6.48%,$0.02B,$0.18B,15.85%,$150,$132,$18,$0,$11,$143,$7,$0,$7,$3,$5,$5,$5,$10,$7,$26,26,$0.17,$0.17,$61,$4,$39,$189,$56,$0,$32,$1,$89,$278,$92,$1,$0,$5,$97,$0,$85,$1,$181,$278,$9,$6,$1,$7,$26,$1,$-7,$-17,$-4,$12,$-3,$0,$0,$0,$0,$0,$0,$-3,$-1,$0,$-1,$-0,$-0,$0,$0,$-1,$9,$1,$0
36,2009-09-30,10.87,$6.75,1.61,$16.32,0.67,$1.52,7.15,$0.33,32.94,$0.19B,$0.10B,1.91,$0.00B,$0.18B,0.0,$0.43B,$0.05B,12.33%,$0.43B,$0.02B,4.88%,$0.43B,$0.02B,4.88%,$0.43B,$0.03B,6.98%,$0.43B,$0.02B,4.88%,$0.43B,$0.01B,3.02%,$0.01B,$0.18B,10.20%,$0.01B,$0.15B,12.24%,$0.01B,$0.28B,5.90%,$0.02B,$0.18B,16.41%,$138,$120,$17,$0,$10,$130,$7,$-0,$7,$3,$5,$5,$5,$10,$7,$26,26,$0.17,$0.17,$56,$5,$35,$193,$57,$0,$32,$1,$90,$283,$101,$1,$0,$5,$106,$0,$81,$1,$177,$283,$5,$3,$0,$3,$15,$0,$-8,$-6,$-4,$4,$-1,$0,$0,$0,$0,$0,$0,$-1,$-0,$0,$-0,$0,$0,$0,$0,$-0,$4,$0,$0
37,2009-05-31,11.32,$0.00,0.0,$17.82,0.64,$1.14,9.91,$0.16,70.75,$0.21B,$0.13B,1.65,$0.00B,$0.17B,0.01,$0.47B,$0.06B,13.22%,$0.47B,$0.03B,6.18%,$0.47B,$0.03B,6.18%,$0.47B,$0.04B,7.89%,$0.47B,$0.03B,6.18%,$0.47B,$0.02B,3.84%,$0.02B,$0.17B,14.66%,$0.02B,$0.14B,17.31%,$0.02B,$0.30B,8.33%,$0.03B,$0.17B,23.48%,$0,$0,$0,$0,$0,$0,$0,$0,$0,$0,$0,$0,$0,$0,$0,$0,0,$0.00,$0.00,$35,$5,$39,$210,$59,$0,$30,$4,$94,$303,$127,$1,$0,$6,$133,$0,$75,$1,$170,$303,$0,$0,$0,$0,$0,$0,$0,$0,$0,$0,$0,$0,$0,$0,$0,$0,$0,$0,$0,$0,$0,$0,$0,$0,$0,$0,$0,$0,$0
38,2009-03-31,8.22,$0.00,0.0,$24.87,0.33,$1.04,7.89,$0.16,51.38,$0.00B,$0.00B,0.0,$0.00B,$0.00B,0.0,$0.66B,$0.09B,13.57%,$0.66B,$0.04B,6.71%,$0.66B,$0.04B,6.71%,$0.66B,$0.05B,8.23%,$0.66B,$0.04B,6.71%,$0.66B,$0.03B,4.27%,$0.03B,$0.00B,23.83%,$0.03B,$0.00B,27.86%,$0.03B,$0.00B,13.37%,$0.04B,$0.00B,37.21%,$146,$128,$18,$0,$11,$139,$7,$-0,$7,$3,$4,$4,$4,$10,$7,$26,26,$0.16,$0.16,$0,$0,$0,$0,$0,$0,$0,$0,$0,$0,$0,$0,$0,$0,$0,$0,$0,$0,$0,$0,$24,$8,$2,$10,$5,$-2,$-15,$11,$-8,$26,$-8,$0,$-15,$0,$0,$0,$0,$-23,$-1,$0,$-1,$0,$0,$0,$-0,$-1,$1,$3,$0
39,2009-02-28,6.96,$6.23,1.12,$19.31,0.36,$0.35,20.05,0,0.0,$0.21B,$0.13B,1.63,$0.00B,$0.16B,0.01,$0.51B,$0.07B,13.92%,$0.51B,$0.04B,7.25%,$0.51B,$0.04B,7.25%,$0.51B,$0.04B,8.63%,$0.51B,$0.04B,7.25%,$0.51B,$0.02B,4.71%,$0.02B,$0.16B,15.76%,$0.02B,$0.14B,18.57%,$0.02B,$0.30B,8.63%,$0.04B,$0.16B,24.14%,$146,$128,$18,$0,$11,$139,$7,$-0,$7,$3,$4,$4,$4,$10,$7,$26,26,$0.16,$0.16,$23,$6,$42,$208,$60,$0,$23,$5,$88,$296,$128,$1,$0,$5,$133,$0,$69,$-1,$163,$296,$24,$8,$2,$10,$5,$-2,$-15,$11,$-8,$26,$-8,$0,$-15,$0,$0,$0,$0,$-23,$-1,$0,$-1,$0,$0,$0,$-0,$-1,$1,$3,$0
40,2008-11-30,7.64,$6.05,1.26,$20.49,0.37,$0.09,87.31,0,0.0,$0.18B,$0.10B,1.79,$0.00B,$0.16B,0.01,$0.55B,$0.07B,13.58%,$0.55B,$0.04B,7.34%,$0.55B,$0.04B,7.34%,$0.55B,$0.05B,8.44%,$0.55B,$0.04B,7.34%,$0.55B,$0.03B,4.77%,$0.03B,$0.16B,18.09%,$0.03B,$0.14B,21.58%,$0.03B,$0.27B,9.68%,$0.04B,$0.16B,27.68%,$177,$151,$26,$0,$12,$162,$15,$0,$15,$5,$10,$10,$10,$17,$15,$26,26,$0.39,$0.38,$14,$6,$52,$182,$59,$0,$22,$2,$83,$265,$101,$1,$0,$5,$106,$0,$64,$-1,$158,$265,$20,$5,$1,$6,$7,$-2,$-8,$-16,$-26,$-1,$-6,$0,$0,$0,$0,$0,$0,$-6,$-1,$0,$-1,$0,$0,$0,$0,$-0,$-8,$2,$0
41,2008-08-31,26.28,$5.70,4.61,$20.97,1.25,$0.11,229.32,0,0.0,$0.19B,$0.12B,1.57,$0.00B,$0.15B,0.01,$0.56B,$0.06B,10.48%,$0.56B,$0.02B,4.26%,$0.56B,$0.02B,4.26%,$0.56B,$0.03B,5.33%,$0.56B,$0.02B,4.26%,$0.56B,$0.02B,2.84%,$0.02B,$0.15B,11.62%,$0.02B,$0.13B,14.04%,$0.02B,$0.28B,5.89%,$0.02B,$0.15B,17.24%,$187,$160,$27,$0,$12,$172,$15,$1,$15,$6,$10,$10,$10,$17,$15,$26,26,$0.36,$0.36,$19,$6,$48,$193,$58,$0,$23,$3,$84,$277,$123,$1,$0,$6,$129,$0,$54,$1,$149,$277,$10,$2,$0,$3,$-5,$-2,$-3,$-3,$-12,$0,$-3,$0,$0,$0,$0,$0,$0,$-3,$-0,$0,$-0,$0,$0,$0,$0,$-0,$-3,$1,$0
42,2008-05-31,24.11,$0.00,0.0,$19.87,1.21,$0.16,152.21,0,0.0,$0.19B,$0.13B,1.47,$0.00B,$0.14B,0.01,$0.54B,$0.05B,9.50%,$0.54B,$0.02B,3.72%,$0.54B,$0.02B,3.72%,$0.54B,$0.03B,4.84%,$0.54B,$0.02B,3.72%,$0.54B,$0.01B,2.23%,$0.01B,$0.14B,8.97%,$0.01B,$0.12B,10.93%,$0.01B,$0.28B,4.57%,$0.02B,$0.14B,14.81%,$0,$0,$0,$0,$0,$0,$0,$0,$0,$0,$0,$0,$0,$0,$0,$0,0,$0.00,$0.00,$22,$4,$51,$191,$57,$0,$23,$3,$84,$275,$130,$1,$0,$6,$136,$0,$45,$2,$139,$275,$0,$0,$0,$0,$0,$0,$0,$0,$0,$0,$0,$0,$0,$0,$0,$0,$0,$0,$0,$0,$0,$0,$0,$0,$0,$0,$0,$0,$0
43,2008-02-29,20.34,$4.95,4.11,$19.87,1.02,$0.16,128.41,0,0.0,$0.18B,$0.12B,1.42,$0.00B,$0.13B,0.0,$0.54B,$0.05B,9.50%,$0.54B,$0.02B,3.72%,$0.54B,$0.02B,3.72%,$0.54B,$0.03B,4.84%,$0.54B,$0.02B,3.72%,$0.54B,$0.01B,2.23%,$0.01B,$0.13B,9.20%,$0.01B,$0.11B,11.27%,$0.01B,$0.26B,4.71%,$0.02B,$0.13B,15.21%,$181,$160,$21,$0,$11,$171,$10,$-0,$10,$4,$6,$6,$6,$12,$10,$26,27,$0.23,$0.22,$8,$4,$42,$176,$54,$0,$24,$4,$81,$257,$124,$1,$0,$5,$128,$0,$36,$2,$129,$257,$13,$6,$4,$10,$-11,$0,$-1,$18,$2,$25,$-13,$0,$0,$0,$0,$0,$0,$-13,$-1,$0,$-1,$-12,$-12,$0,$-0,$-13,$-1,$2,$0
44,2007-11-30,26.09,$5.02,5.19,$19.43,1.34,$-0.39,0.0,0,0.0,$0.20B,$0.14B,1.47,$0.00B,$0.13B,0.03,$0.53B,$0.05B,9.33%,$0.53B,$0.02B,4.00%,$0.53B,$0.02B,4.00%,$0.53B,$0.03B,5.14%,$0.53B,$0.02B,3.81%,$0.53B,$0.01B,2.29%,$0.01B,$0.13B,9.62%,$0.01B,$0.11B,11.91%,$0.01B,$0.28B,4.88%,$0.02B,$0.14B,16.22%,$195,$183,$11,$0,$12,$195,$-1,$-0,$-1,$-1,$0,$0,$0,$1,$-1,$27,27,$0.01,$0.01,$6,$5,$45,$202,$52,$0,$24,$1,$76,$278,$137,$4,$0,$7,$144,$0,$30,$1,$134,$278,$7,$4,$1,$5,$-30,$0,$10,$20,$-9,$2,$-8,$0,$0,$0,$0,$0,$0,$-8,$3,$0,$3,$-0,$-0,$0,$0,$3,$-3,$1,$0
45,2007-08-31,18.92,$4.98,3.8,$18.51,1.02,$-0.31,0.0,0,0.0,$0.17B,$0.11B,1.61,$0.00B,$0.13B,0.0,$0.50B,$0.06B,12.10%,$0.50B,$0.04B,7.06%,$0.50B,$0.04B,7.06%,$0.50B,$0.04B,8.27%,$0.50B,$0.03B,6.85%,$0.50B,$0.02B,4.03%,$0.02B,$0.13B,17.32%,$0.02B,$0.11B,21.80%,$0.02B,$0.24B,8.88%,$0.04B,$0.13B,28.40%,$161,$142,$19,$0,$8,$150,$11,$-0,$11,$4,$6,$6,$6,$13,$11,$27,27,$0.24,$0.23,$7,$5,$43,$169,$48,$0,$23,$1,$72,$241,$105,$1,$0,$3,$109,$0,$30,$1,$133,$241,$6,$2,$-0,$1,$0,$-1,$-8,$5,$-6,$1,$-3,$0,$0,$0,$0,$0,$0,$-3,$-0,$0,$-0,$0,$0,$0,$0,$-0,$-2,$1,$0
46,2007-05-31,25.55,$0.00,0.0,$17.33,1.47,$-0.42,0.0,0,0.0,$0.17B,$0.11B,1.45,$0.00B,$0.13B,0.01,$0.46B,$0.05B,11.69%,$0.46B,$0.03B,6.49%,$0.46B,$0.03B,6.49%,$0.46B,$0.04B,7.79%,$0.46B,$0.03B,6.06%,$0.46B,$0.02B,3.68%,$0.02B,$0.13B,16.27%,$0.02B,$0.10B,21.05%,$0.02B,$0.24B,8.01%,$0.03B,$0.13B,25.86%,$0,$0,$0,$0,$0,$0,$0,$0,$0,$0,$0,$0,$0,$0,$0,$0,0,$0.00,$0.00,$9,$5,$47,$165,$46,$0,$23,$8,$78,$243,$114,$1,$0,$3,$117,$0,$23,$1,$126,$243,$0,$0,$0,$0,$0,$0,$0,$0,$0,$0,$0,$0,$0,$0,$0,$0,$0,$0,$0,$0,$0,$0,$0,$0,$0,$0,$0,$0,$0
47,2007-02-28,17.93,$4.55,3.94,$17.33,1.03,$-0.42,0.0,0,0.0,$0.15B,$0.09B,1.57,$0.02B,$0.11B,0.15,$0.46B,$0.05B,11.69%,$0.46B,$0.03B,6.49%,$0.46B,$0.03B,6.49%,$0.46B,$0.04B,7.79%,$0.46B,$0.03B,6.06%,$0.46B,$0.02B,3.68%,$0.02B,$0.11B,18.48%,$0.02B,$0.08B,24.82%,$0.02B,$0.22B,8.56%,$0.03B,$0.12B,27.27%,$169,$150,$19,$0,$8,$158,$11,$-0,$10,$4,$6,$6,$6,$13,$11,$23,27,$0.27,$0.24,$7,$6,$40,$148,$43,$0,$23,$7,$74,$221,$94,$15,$3,$22,$116,$0,$22,$0,$106,$221,$17,$6,$3,$9,$-15,$-1,$-3,$-6,$-20,$6,$-9,$0,$0,$0,$0,$0,$0,$-9,$-0,$0,$-0,$1,$1,$0,$1,$2,$-2,$1,$0
48,2006-11-30,15.98,$4.23,3.78,$15.54,1.03,$0.82,19.55,0,0.0,$0.13B,$0.08B,1.62,$0.02B,$0.10B,0.16,$0.41B,$0.05B,11.38%,$0.41B,$0.02B,5.57%,$0.41B,$0.02B,5.57%,$0.41B,$0.03B,7.26%,$0.41B,$0.02B,5.08%,$0.41B,$0.01B,3.15%,$0.01B,$0.10B,15.52%,$0.01B,$0.07B,21.58%,$0.01B,$0.20B,6.95%,$0.02B,$0.11B,22.06%,$166,$144,$22,$0,$9,$153,$13,$-1,$13,$5,$8,$8,$8,$15,$13,$23,27,$0.35,$0.31,$5,$6,$28,$126,$41,$0,$23,$6,$71,$196,$77,$15,$3,$22,$99,$0,$15,$1,$97,$196,$11,$4,$3,$7,$0,$-1,$-11,$-3,$-15,$3,$-7,$0,$0,$0,$0,$0,$0,$-7,$-0,$0,$-0,$0,$0,$0,$0,$0,$-3,$0,$0
