,Date,Stock Price,Book Value per Share,Price to Book Ratio,TTM Sales per Share,Price to Sales Ratio,TTM FCF per Share,Price to FCF Ratio,TTM Net EPS,PE Ratio,Current Assets,Current Liabilities,Current Ratio,Long Term Debt,Shareholder's Equity_x,Debt to Equity Ratio,TTM Revenue_x,TTM Gross Profit,Gross Margin,TTM Revenue_y,TTM Operating Income,Operating Margin,TTM Revenue_x,TTM EBIT,EBIT Margin,TTM Revenue_y,TTM EBITDA,EBITDA Margin,TTM Revenue_x,TTM Pre-Tax Income,Pre-Tax Margin,TTM Revenue_y,TTM Net Income_x,Net Margin,TTM Net Income_y,Shareholder's Equity_y,Return on Equity,TTM Net Income_x,Tangible Equity,Return on Tangible Equity,TTM Net Income_y,Total Assets,Return on Assets,TTM Net Income,LT Investments & Debt,Return on Investment,revenue,cost-goods-sold,gross-profit,research-development-expenses,selling-general-administrative-expenses,operating-expenses,operating-income,total-non-operating-income-expense,pre-tax-income,total-provision-income-taxes,income-after-taxes,income-from-continuous-operations,net-income,ebitda,ebit,basic-shares-outstanding,shares-outstanding,eps-basic-net-earnings-per-share,eps-earnings-per-share-diluted,cash-on-hand,inventory,other-current-assets,total-current-assets,net-property-plant-equipment,long-term-investments,goodwill-intangible-assets-total,other-long-term-assets,total-long-term-assets,total-assets,total-current-liabilities,long-term-debt,other-non-current-liabilities,total-long-term-liabilities,total-liabilities,common-stock-net,retained-earnings-accumulated-deficit,comprehensive-income,total-share-holder-equity,total-liabilities-share-holders-equity,net-income-loss,total-depreciation-amortization-cash-flow,other-non-cash-items,total-non-cash-items,change-in-accounts-receivable,change-in-inventories,change-in-accounts-payable,change-in-assets-liabilities,total-change-in-assets-liabilities,cash-flow-from-operating-activities,net-change-in-property-plant-equipment,net-change-in-intangible-assets,net-acquisitions-divestitures,net-change-in-short-term-investments,net-change-in-long-term-investments,net-change-in-investments-total,investing-activities-other,cash-flow-from-investing-activities,net-long-term-debt,net-current-debt,debt-issuance-retirement-net-total,net-common-equity-issued-repurchased,net-total-equity-issued-repurchased,total-common-preferred-stock-dividends-paid,financial-activities-other,cash-flow-from-financial-activities,net-cash-flow,stock-based-compensation,common-stock-dividends-paid
0,2018-09-30,54.75,$26.77,2.05,$40.35,1.36,$7.18,7.62,$2.63,20.82,$0.43B,$0.24B,1.79,$0.36B,$0.48B,0.74,$0.78B,$0.31B,39.20%,$0.78B,$0.07B,8.35%,$0.78B,$0.07B,8.35%,$0.78B,$0.11B,13.50%,$0.78B,$0.04B,5.66%,$0.78B,$0.06B,7.84%,$0.06B,$0.48B,12.94%,$0.06B,$-0.14B,-41.29%,$0.06B,$1.14B,5.31%,$0.07B,$0.83B,7.83%,$195,$118,$76,$9,$51,$178,$16,$-6,$10,$1,$9,$9,$9,$26,$16,$19,19,$0.47,$0.47,$66,$142,$0,$412,$94,$0,$617,$3,$718,$1130,$246,$342,$15,$411,$657,$4,$296,$3,$473,$1130,$51,$30,$-23,$7,$23,$-15,$-0,$-2,$-5,$52,$-10,$0,$0,$0,$0,$0,$1,$-9,$-70,$0,$-70,$0,$0,$-16,$0,$-86,$-42,$5,$-16
1,2018-06-30,52.65,$26.48,1.99,$40.62,1.3,$7.02,7.5,$2.92,18.03,$0.41B,$0.25B,1.67,$0.34B,$0.47B,0.73,$0.78B,$0.30B,38.80%,$0.78B,$0.06B,7.94%,$0.78B,$0.06B,7.94%,$0.78B,$0.10B,13.32%,$0.78B,$0.03B,4.23%,$0.78B,$0.06B,7.17%,$0.06B,$0.47B,12.20%,$0.06B,$-0.14B,-34.46%,$0.06B,$1.13B,4.82%,$0.06B,$0.82B,7.44%,$191,$116,$75,$9,$50,$175,$17,$-6,$10,$2,$8,$8,$8,$27,$17,$19,19,$0.44,$0.44,$84,$143,$0,$432,$96,$0,$621,$3,$724,$1156,$257,$357,$16,$427,$684,$4,$292,$9,$472,$1156,$42,$20,$-26,$-6,$24,$-14,$-1,$4,$1,$37,$-5,$0,$0,$0,$0,$0,$1,$-4,$-50,$0,$-50,$-0,$-0,$-11,$0,$-61,$-24,$3,$-11
2,2018-03-31,51.36,$26.54,1.94,$40.66,1.26,$6.88,7.46,$3.00,17.12,$0.43B,$0.26B,1.68,$0.36B,$0.47B,0.76,$0.78B,$0.30B,38.85%,$0.78B,$0.06B,8.08%,$0.78B,$0.06B,8.08%,$0.78B,$0.10B,13.33%,$0.78B,$0.03B,3.97%,$0.78B,$0.06B,7.44%,$0.06B,$0.47B,13.02%,$0.06B,$-0.15B,-32.49%,$0.06B,$1.16B,4.94%,$0.06B,$0.83B,7.46%,$194,$116,$78,$9,$53,$178,$16,$-7,$9,$-24,$33,$33,$33,$27,$16,$19,19,$1.73,$1.72,$94,$133,$0,$446,$98,$0,$622,$4,$727,$1173,$260,$382,$16,$451,$711,$4,$289,$3,$462,$1173,$33,$10,$-28,$-18,$7,$-5,$1,$5,$-6,$9,$-3,$0,$0,$0,$0,$0,$0,$-3,$-22,$5,$-17,$-1,$-1,$-5,$0,$-23,$-15,$2,$-5
3,2017-12-31,53.1,$25.96,2.05,$40.86,1.3,$6.89,7.7,$2.94,18.06,$0.45B,$0.26B,1.71,$0.38B,$0.46B,0.83,$0.78B,$0.31B,39.26%,$0.78B,$0.06B,7.80%,$0.78B,$0.06B,7.80%,$0.78B,$0.10B,13.04%,$0.78B,$0.03B,3.84%,$0.78B,$0.06B,7.29%,$0.06B,$0.46B,13.30%,$0.06B,$-0.16B,-28.82%,$0.06B,$1.17B,4.83%,$0.06B,$0.84B,7.17%,$201,$127,$74,$9,$53,$189,$13,$-8,$4,$-1,$6,$6,$6,$24,$13,$19,19,$0.29,$0.29,$109,$128,$0,$457,$100,$0,$625,$4,$732,$1190,$247,$419,$11,$514,$761,$4,$261,$-1,$429,$1190,$25,$39,$8,$48,$8,$-2,$2,$-13,$-1,$72,$-18,$0,$-1,$0,$0,$0,$0,$-19,$-13,$0,$-13,$4,$4,$-20,$-1,$-30,$24,$6,$-20
4,2017-09-30,52.57,$24.14,2.18,$41.22,1.28,$7.83,6.71,$1.31,40.13,$0.46B,$0.25B,1.85,$0.42B,$0.43B,0.98,$0.79B,$0.30B,38.37%,$0.79B,$0.06B,6.99%,$0.79B,$0.06B,6.99%,$0.79B,$0.10B,12.07%,$0.79B,$0.02B,2.92%,$0.79B,$0.03B,3.30%,$0.03B,$0.43B,6.30%,$0.03B,$-0.20B,-12.04%,$0.03B,$1.19B,2.21%,$0.06B,$0.85B,6.45%,$194,$118,$76,$8,$51,$177,$17,$-9,$8,$-3,$11,$11,$11,$26,$17,$19,19,$0.56,$0.55,$102,$129,$0,$445,$101,$0,$627,$4,$737,$1182,$216,$440,$12,$546,$762,$4,$261,$-8,$419,$1182,$20,$28,$10,$38,$17,$-5,$-0,$-11,$-5,$53,$-13,$0,$-1,$0,$0,$0,$0,$-14,$-10,$0,$-10,$4,$4,$-15,$-0,$-21,$17,$4,$-15
5,2017-06-30,50.64,$24.92,2.03,$43.97,1.15,$8.02,6.32,$1.31,38.66,$0.45B,$0.22B,2.06,$0.44B,$0.42B,1.05,$0.80B,$0.30B,37.95%,$0.80B,$0.06B,6.99%,$0.80B,$0.06B,6.99%,$0.80B,$0.10B,11.99%,$0.80B,$0.03B,3.12%,$0.80B,$0.03B,3.25%,$0.03B,$0.42B,6.40%,$0.03B,$-0.21B,-11.57%,$0.03B,$1.18B,2.21%,$0.06B,$0.86B,6.54%,$193,$115,$79,$9,$54,$178,$15,$-7,$9,$1,$7,$7,$7,$25,$15,$19,19,$0.38,$0.38,$97,$125,$0,$434,$99,$0,$630,$5,$738,$1172,$211,$450,$12,$556,$768,$4,$255,$-13,$404,$1172,$9,$19,$9,$27,$15,$-2,$-4,$2,$5,$41,$-9,$0,$0,$0,$0,$0,$0,$-9,$-6,$0,$-6,$0,$0,$-10,$-0,$-16,$13,$3,$-10
6,2017-03-31,53.52,$24.16,2.22,$43.92,1.22,$7.94,6.74,$1.22,43.87,$0.43B,$0.21B,2.05,$0.45B,$0.40B,1.11,$0.77B,$0.29B,37.39%,$0.77B,$0.05B,6.41%,$0.77B,$0.05B,6.41%,$0.77B,$0.08B,10.98%,$0.77B,$0.03B,3.53%,$0.77B,$0.02B,2.88%,$0.02B,$0.40B,5.46%,$0.02B,$-0.23B,-26.51%,$0.02B,$1.17B,2.10%,$0.05B,$0.85B,6.56%,$199,$126,$73,$9,$54,$189,$10,$-8,$2,$0,$2,$2,$2,$20,$10,$19,19,$0.09,$0.09,$96,$123,$0,$430,$99,$0,$633,$5,$741,$1171,$212,$452,$12,$561,$773,$4,$253,$-15,$398,$1171,$2,$9,$9,$18,$14,$0,$0,$8,$9,$29,$-5,$0,$0,$0,$0,$0,$0,$-5,$-3,$0,$-3,$-0,$-0,$-5,$-0,$-9,$11,$2,$-5
7,2016-12-31,54.82,$23.83,2.3,$43.03,1.27,$8.36,6.56,$1.04,52.72,$0.43B,$0.21B,2.03,$0.45B,$0.40B,1.14,$0.71B,$0.25B,35.54%,$0.71B,$0.04B,5.36%,$0.71B,$0.04B,5.36%,$0.71B,$0.07B,9.59%,$0.71B,$0.02B,3.10%,$0.71B,$0.02B,2.54%,$0.02B,$0.40B,4.93%,$0.02B,$-0.23B,72.73%,$0.02B,$1.17B,2.05%,$0.04B,$0.85B,6.37%,$215,$139,$76,$8,$53,$201,$14,$-8,$6,$1,$6,$6,$6,$25,$14,$16,16,$0.27,$0.26,$85,$133,$0,$440,$101,$0,$636,$5,$748,$1188,$216,$455,$12,$567,$783,$4,$257,$-10,$405,$1188,$27,$25,$12,$37,$-22,$3,$6,$7,$3,$68,$-19,$0,$-581,$0,$0,$0,$0,$-600,$485,$-21,$464,$144,$144,$-14,$-29,$564,$33,$7,$-14
8,2016-09-30,44.27,$24.33,1.82,$41.95,1.06,$7.36,6.01,$1.73,25.59,$0.44B,$0.22B,2.04,$0.46B,$0.41B,1.12,$0.65B,$0.23B,35.64%,$0.65B,$0.04B,6.45%,$0.65B,$0.04B,6.45%,$0.65B,$0.07B,10.29%,$0.65B,$0.03B,5.07%,$0.65B,$0.03B,4.30%,$0.03B,$0.41B,8.50%,$0.03B,$-0.23B,20.74%,$0.03B,$1.19B,3.97%,$0.04B,$0.86B,9.39%,$158,$100,$58,$6,$42,$148,$10,$0,$10,$3,$7,$7,$7,$14,$10,$16,16,$0.46,$0.46,$216,$93,$0,$516,$83,$0,$47,$3,$136,$653,$200,$18,$12,$47,$247,$4,$256,$-7,$406,$653,$22,$15,$7,$22,$-8,$-7,$5,$9,$2,$46,$-15,$0,$0,$0,$0,$0,$-44,$-58,$27,$-21,$6,$145,$145,$-9,$-9,$133,$121,$5,$-9
9,2016-06-30,41.89,$24.38,1.72,$38.14,1.1,$9.76,4.29,$2.05,20.43,$0.52B,$0.20B,2.59,$0.02B,$0.41B,0.05,$0.58B,$0.21B,36.10%,$0.58B,$0.04B,7.08%,$0.58B,$0.04B,7.08%,$0.58B,$0.06B,10.36%,$0.58B,$0.04B,6.74%,$0.58B,$0.03B,5.35%,$0.03B,$0.41B,10.60%,$0.03B,$0.36B,12.63%,$0.03B,$0.65B,5.91%,$0.04B,$0.42B,13.80%,$137,$92,$45,$6,$35,$133,$4,$-0,$4,$1,$3,$3,$3,$9,$4,$15,15,$0.20,$0.20,$63,$96,$0,$362,$83,$0,$48,$3,$136,$498,$217,$0,$12,$29,$246,$4,$254,$-5,$252,$498,$15,$10,$5,$15,$-2,$-9,$4,$19,$11,$41,$-10,$0,$0,$0,$0,$0,$0,$-10,$0,$0,$0,$-16,$-16,$-5,$0,$-20,$12,$4,$-5
10,2016-03-31,57.75,$17.12,3.37,$36.96,1.56,$11.71,4.93,$2.31,25.0,$0.36B,$0.22B,1.67,$0.00B,$0.25B,0.0,$0.56B,$0.20B,36.76%,$0.56B,$0.05B,8.29%,$0.56B,$0.05B,8.29%,$0.56B,$0.07B,12.07%,$0.56B,$0.04B,7.93%,$0.56B,$0.04B,6.31%,$0.04B,$0.25B,13.75%,$0.04B,$0.21B,16.89%,$0.04B,$0.50B,7.33%,$0.05B,$0.25B,18.07%,$141,$88,$53,$5,$34,$127,$14,$-1,$13,$1,$12,$12,$12,$19,$14,$15,15,$0.79,$0.78,$59,$91,$0,$350,$82,$0,$47,$3,$135,$485,$203,$0,$12,$28,$231,$4,$258,$-8,$254,$485,$12,$5,$3,$8,$-7,$-5,$0,$5,$-9,$11,$-7,$0,$0,$0,$0,$0,$0,$-7,$0,$20,$20,$-11,$-11,$-4,$0,$4,$8,$2,$-4
11,2015-12-31,59.86,$17.16,3.49,$37.23,1.61,$11.37,5.26,$2.88,20.79,$0.35B,$0.20B,1.73,$0.00B,$0.25B,0.0,$0.56B,$0.22B,38.43%,$0.56B,$0.06B,10.68%,$0.56B,$0.06B,10.68%,$0.56B,$0.08B,14.41%,$0.56B,$0.06B,10.14%,$0.56B,$0.04B,7.83%,$0.04B,$0.25B,17.37%,$0.04B,$0.21B,21.36%,$0.04B,$0.49B,9.24%,$0.06B,$0.25B,23.69%,$143,$90,$53,$7,$34,$131,$13,$-0,$12,$3,$9,$9,$9,$18,$13,$15,15,$0.62,$0.61,$52,$86,$0,$328,$80,$0,$47,$2,$133,$461,$177,$0,$10,$26,$203,$4,$256,$-6,$258,$461,$45,$21,$9,$31,$3,$-4,$7,$19,$24,$100,$-18,$0,$-1,$0,$0,$0,$0,$-19,$0,$-39,$-39,$-24,$-24,$-22,$1,$-85,$-9,$7,$-22
12,2015-09-30,56.48,$17.29,3.27,$37.20,1.52,$11.65,4.85,$3.00,18.83,$0.33B,$0.18B,1.86,$0.00B,$0.26B,0.0,$0.56B,$0.22B,39.01%,$0.56B,$0.06B,10.99%,$0.56B,$0.06B,10.99%,$0.56B,$0.08B,14.72%,$0.56B,$0.06B,10.46%,$0.56B,$0.05B,8.16%,$0.05B,$0.26B,18.16%,$0.05B,$0.21B,22.36%,$0.05B,$0.46B,9.59%,$0.06B,$0.26B,24.48%,$134,$81,$53,$6,$32,$118,$15,$-0,$15,$4,$11,$11,$11,$21,$15,$15,15,$0.72,$0.72,$53,$92,$0,$331,$80,$0,$47,$3,$133,$465,$186,$0,$9,$25,$211,$4,$251,$-2,$254,$465,$36,$16,$11,$27,$9,$-9,$2,$9,$9,$72,$-13,$0,$0,$0,$0,$0,$0,$-13,$0,$-24,$-24,$-25,$-25,$-14,$1,$-62,$-7,$6,$-14
13,2015-06-30,64.45,$17.04,3.78,$37.02,1.74,$9.13,7.06,$3.10,20.79,$0.33B,$0.19B,1.78,$0.00B,$0.25B,0.0,$0.56B,$0.22B,39.54%,$0.56B,$0.07B,11.52%,$0.56B,$0.07B,11.52%,$0.56B,$0.09B,15.43%,$0.56B,$0.06B,11.17%,$0.56B,$0.05B,8.51%,$0.05B,$0.25B,18.95%,$0.05B,$0.21B,23.33%,$0.05B,$0.47B,9.87%,$0.07B,$0.25B,25.67%,$144,$87,$57,$6,$33,$126,$18,$-1,$17,$5,$12,$12,$12,$23,$18,$15,15,$0.78,$0.77,$61,$89,$0,$360,$80,$0,$48,$3,$134,$493,$222,$0,$9,$24,$246,$4,$246,$-3,$247,$493,$25,$10,$10,$20,$-9,$-7,$10,$1,$-10,$36,$-9,$0,$0,$0,$0,$0,$0,$-9,$0,$11,$11,$-23,$-23,$-9,$0,$-21,$1,$4,$-9
14,2015-03-31,70.42,$16.59,4.24,$37.64,1.87,$7.36,9.57,$3.30,21.34,$0.36B,$0.22B,1.62,$0.00B,$0.25B,0.0,$0.58B,$0.23B,39.65%,$0.58B,$0.07B,11.65%,$0.58B,$0.07B,11.65%,$0.58B,$0.09B,15.30%,$0.58B,$0.07B,11.30%,$0.58B,$0.05B,8.87%,$0.05B,$0.25B,20.16%,$0.05B,$0.20B,24.88%,$0.05B,$0.49B,10.39%,$0.07B,$0.25B,26.48%,$143,$86,$57,$6,$35,$127,$16,$-1,$15,$1,$14,$14,$14,$21,$16,$15,15,$0.91,$0.90,$55,$90,$0,$364,$81,$0,$48,$4,$136,$500,$218,$0,$11,$28,$246,$4,$248,$2,$254,$500,$14,$5,$8,$13,$-11,$-7,$3,$3,$-14,$13,$-4,$0,$0,$0,$0,$0,$0,$-4,$0,$5,$5,$-12,$-12,$-5,$0,$-11,$-5,$2,$-5
15,2014-12-31,69.55,$16.90,4.11,$37.04,1.88,$6.49,10.71,$3.03,22.95,$0.36B,$0.22B,1.67,$0.00B,$0.25B,0.0,$0.57B,$0.23B,39.96%,$0.57B,$0.06B,10.74%,$0.57B,$0.06B,10.74%,$0.57B,$0.08B,14.44%,$0.57B,$0.06B,10.56%,$0.57B,$0.05B,8.27%,$0.05B,$0.25B,18.56%,$0.05B,$0.21B,22.54%,$0.05B,$0.50B,9.76%,$0.06B,$0.25B,24.09%,$143,$87,$56,$5,$34,$127,$16,$-1,$16,$5,$11,$11,$11,$22,$16,$15,15,$0.71,$0.72,$60,$84,$0,$351,$82,$0,$47,$4,$136,$487,$203,$0,$13,$26,$229,$4,$242,$6,$258,$487,$42,$19,$1,$20,$-6,$-5,$-3,$17,$3,$65,$-20,$0,$-14,$0,$0,$0,$0,$-34,$0,$25,$25,$-23,$-23,$-18,$1,$-16,$12,$6,$-18
16,2014-09-30,62.99,$17.00,3.7,$36.61,1.72,$7.18,8.78,$2.72,23.16,$0.35B,$0.20B,1.73,$0.00B,$0.26B,0.0,$0.56B,$0.23B,39.96%,$0.56B,$0.06B,10.48%,$0.56B,$0.06B,10.48%,$0.56B,$0.08B,14.21%,$0.56B,$0.06B,10.48%,$0.56B,$0.04B,7.46%,$0.04B,$0.26B,16.58%,$0.04B,$0.21B,19.83%,$0.04B,$0.49B,8.97%,$0.06B,$0.26B,23.30%,$145,$88,$58,$6,$34,$128,$17,$-0,$17,$3,$14,$14,$14,$22,$17,$15,15,$0.94,$0.92,$57,$82,$0,$344,$83,$0,$50,$3,$139,$483,$206,$0,$13,$24,$230,$4,$236,$13,$253,$483,$31,$14,$4,$17,$-1,$-3,$-5,$7,$0,$49,$-16,$0,$-15,$0,$0,$0,$0,$-31,$0,$30,$30,$-27,$-27,$-14,$1,$-10,$8,$4,$-14
17,2014-06-30,62.27,$16.77,3.71,$37.08,1.68,$2.28,27.33,$3.37,18.48,$0.34B,$0.21B,1.67,$0.00B,$0.25B,0.0,$0.58B,$0.24B,41.04%,$0.58B,$0.07B,12.35%,$0.58B,$0.07B,12.35%,$0.58B,$0.09B,15.65%,$0.58B,$0.07B,12.17%,$0.58B,$0.05B,9.04%,$0.05B,$0.25B,20.55%,$0.05B,$0.20B,24.30%,$0.05B,$0.48B,11.33%,$0.07B,$0.25B,28.06%,$137,$82,$56,$7,$36,$125,$12,$-0,$12,$4,$8,$8,$8,$17,$12,$15,15,$0.51,$0.50,$44,$79,$0,$334,$81,$0,$34,$3,$122,$456,$184,$0,$11,$23,$207,$4,$232,$12,$248,$456,$17,$9,$2,$11,$-5,$-1,$-1,$5,$-4,$24,$-10,$0,$0,$0,$0,$0,$0,$-10,$0,$10,$10,$-20,$-20,$-9,$1,$-18,$-5,$2,$-9
18,2014-03-31,62.66,$16.34,3.83,$36.04,1.74,$-1.22,0.0,$3.17,19.77,$0.33B,$0.18B,1.81,$0.00B,$0.25B,0.0,$0.57B,$0.23B,41.24%,$0.57B,$0.07B,12.39%,$0.57B,$0.07B,12.39%,$0.57B,$0.09B,15.75%,$0.57B,$0.07B,12.39%,$0.57B,$0.05B,8.85%,$0.05B,$0.25B,19.74%,$0.05B,$0.21B,22.99%,$0.05B,$0.46B,11.24%,$0.07B,$0.25B,27.64%,$138,$84,$55,$6,$35,$124,$14,$-0,$14,$5,$9,$9,$9,$19,$14,$15,16,$0.60,$0.59,$53,$80,$0,$325,$79,$0,$36,$3,$121,$446,$170,$0,$10,$22,$192,$4,$236,$14,$254,$446,$9,$4,$2,$6,$9,$-1,$-2,$5,$9,$24,$-5,$0,$0,$0,$0,$0,$0,$-5,$0,$0,$0,$-10,$-10,$-5,$0,$-14,$5,$1,$-5
19,2013-12-31,64.75,$16.64,3.89,$35.73,1.81,$-3.98,0.0,$3.36,19.27,$0.33B,$0.17B,1.92,$0.00B,$0.25B,0.0,$0.57B,$0.23B,40.88%,$0.57B,$0.07B,13.10%,$0.57B,$0.07B,13.10%,$0.57B,$0.09B,16.11%,$0.57B,$0.07B,12.92%,$0.57B,$0.05B,9.38%,$0.05B,$0.25B,20.95%,$0.05B,$0.22B,24.51%,$0.05B,$0.45B,12.16%,$0.07B,$0.25B,29.25%,$155,$88,$67,$6,$33,$127,$28,$-0,$27,$6,$21,$21,$21,$32,$28,$16,16,$1.38,$1.36,$48,$78,$0,$329,$78,$0,$36,$5,$122,$451,$174,$0,$8,$21,$195,$4,$240,$12,$257,$451,$58,$17,$2,$19,$-43,$-10,$-4,$-24,$-79,$-2,$-30,$0,$0,$0,$0,$0,$0,$-30,$0,$35,$35,$-16,$-16,$-19,$2,$1,$-32,$4,$-19
20,2013-09-30,58.35,$16.65,3.5,$35.83,1.63,$-6.64,0.0,$3.64,16.03,$0.33B,$0.17B,1.89,$0.00B,$0.26B,0.0,$0.57B,$0.23B,40.88%,$0.57B,$0.08B,14.04%,$0.57B,$0.08B,14.04%,$0.57B,$0.10B,16.84%,$0.57B,$0.08B,14.04%,$0.57B,$0.06B,10.18%,$0.06B,$0.26B,23.27%,$0.06B,$0.22B,27.42%,$0.06B,$0.45B,13.65%,$0.08B,$0.26B,32.10%,$135,$80,$55,$6,$32,$119,$16,$0,$17,$5,$12,$12,$12,$21,$16,$16,16,$0.73,$0.72,$54,$80,$0,$307,$75,$0,$37,$4,$119,$426,$150,$0,$6,$22,$173,$4,$233,$10,$254,$426,$36,$12,$4,$16,$-19,$-12,$-6,$-16,$-50,$2,$-23,$0,$0,$0,$0,$0,$0,$-23,$0,$10,$10,$2,$2,$-14,$1,$-2,$-26,$3,$-14
21,2013-06-30,51.07,$16.25,3.14,$34.64,1.47,$-1.57,0.0,$3.22,15.86,$0.31B,$0.15B,2.05,$0.00B,$0.25B,0.0,$0.55B,$0.22B,40.33%,$0.55B,$0.07B,13.38%,$0.55B,$0.07B,13.38%,$0.55B,$0.09B,16.09%,$0.55B,$0.07B,13.38%,$0.55B,$0.05B,9.40%,$0.05B,$0.25B,21.51%,$0.05B,$0.22B,25.58%,$0.05B,$0.43B,12.55%,$0.07B,$0.25B,30.61%,$137,$83,$54,$6,$33,$121,$16,$-1,$15,$3,$11,$11,$11,$19,$16,$16,16,$0.70,$0.69,$47,$75,$0,$306,$69,$0,$38,$4,$114,$420,$151,$0,$6,$22,$173,$4,$227,$10,$247,$420,$25,$8,$3,$11,$-29,$-7,$-5,$-7,$-51,$-16,$-14,$0,$0,$0,$0,$0,$0,$-14,$0,$5,$5,$3,$3,$-10,$1,$-1,$-33,$2,$-10
22,2013-03-31,52.2,$15.66,3.33,$34.92,1.49,$2.27,22.98,$3.09,16.89,$0.31B,$0.15B,2.03,$0.00B,$0.25B,0.0,$0.56B,$0.23B,41.43%,$0.56B,$0.08B,13.57%,$0.56B,$0.08B,13.57%,$0.56B,$0.09B,16.07%,$0.56B,$0.08B,13.57%,$0.56B,$0.05B,8.93%,$0.05B,$0.25B,20.79%,$0.05B,$0.21B,24.84%,$0.05B,$0.42B,11.77%,$0.08B,$0.25B,31.60%,$143,$86,$57,$5,$31,$123,$20,$0,$21,$7,$14,$14,$14,$24,$20,$16,16,$0.88,$0.87,$48,$73,$0,$291,$66,$0,$39,$5,$112,$403,$142,$0,$6,$22,$165,$4,$220,$12,$239,$403,$14,$4,$1,$5,$-15,$-5,$-2,$-8,$-33,$-14,$-8,$0,$0,$0,$0,$0,$0,$-8,$0,$-0,$-0,$1,$1,$-10,$0,$-9,$-32,$1,$-10
23,2012-12-31,45.47,$15.24,2.98,$34.34,1.32,$4.95,9.18,$3.09,14.71,$0.29B,$0.14B,2.05,$0.00B,$0.24B,0.0,$0.55B,$0.23B,42.39%,$0.55B,$0.08B,13.95%,$0.55B,$0.08B,13.95%,$0.55B,$0.09B,16.67%,$0.55B,$0.08B,14.13%,$0.55B,$0.05B,9.06%,$0.05B,$0.24B,20.83%,$0.05B,$0.20B,25.00%,$0.05B,$0.40B,11.48%,$0.08B,$0.24B,32.08%,$138,$80,$57,$6,$30,$116,$22,$-0,$21,$6,$15,$15,$15,$25,$22,$16,16,$0.95,$0.95,$80,$68,$0,$301,$62,$0,$39,$5,$109,$409,$160,$0,$6,$22,$183,$4,$211,$11,$227,$409,$52,$14,$4,$18,$-0,$-2,$6,$-4,$-4,$65,$-16,$0,$0,$0,$0,$0,$0,$-16,$0,$-40,$-40,$-17,$-17,$-16,$1,$-73,$-24,$3,$-16
24,2012-09-30,47.52,$14.50,3.28,$33.78,1.41,$6.39,7.44,$3.20,14.85,$0.30B,$0.16B,1.88,$0.00B,$0.23B,0.0,$0.54B,$0.24B,43.46%,$0.54B,$0.08B,14.92%,$0.54B,$0.08B,14.92%,$0.54B,$0.10B,17.50%,$0.54B,$0.08B,14.73%,$0.54B,$0.05B,9.58%,$0.05B,$0.23B,21.94%,$0.05B,$0.19B,26.50%,$0.05B,$0.41B,11.64%,$0.08B,$0.23B,34.18%,$142,$78,$64,$5,$33,$124,$18,$0,$19,$9,$10,$10,$10,$22,$18,$16,16,$0.60,$0.59,$146,$66,$0,$362,$60,$0,$40,$4,$105,$467,$198,$0,$8,$20,$218,$4,$210,$13,$249,$467,$36,$10,$4,$13,$2,$-0,$2,$1,$2,$52,$-12,$0,$0,$0,$0,$0,$0,$-12,$0,$-0,$-0,$15,$15,$-12,$1,$3,$41,$2,$-12
25,2012-06-30,34.01,$15.51,2.19,$33.57,1.01,$5.40,6.3,$3.20,10.63,$0.36B,$0.20B,1.83,$0.00B,$0.25B,0.0,$0.54B,$0.24B,43.95%,$0.54B,$0.08B,14.90%,$0.54B,$0.08B,14.90%,$0.54B,$0.09B,17.50%,$0.54B,$0.08B,14.90%,$0.54B,$0.05B,9.68%,$0.05B,$0.25B,22.32%,$0.05B,$0.21B,27.12%,$0.05B,$0.47B,11.52%,$0.08B,$0.25B,34.33%,$129,$73,$56,$6,$33,$112,$17,$-1,$17,$5,$11,$11,$11,$21,$17,$16,16,$0.70,$0.69,$123,$70,$0,$359,$58,$0,$41,$4,$105,$463,$197,$0,$9,$21,$218,$4,$204,$16,$245,$463,$27,$6,$2,$9,$-9,$-4,$1,$4,$-16,$20,$-7,$0,$0,$0,$0,$0,$0,$-7,$0,$0,$0,$14,$14,$-8,$1,$7,$19,$2,$-8
26,2012-03-31,46.53,$15.31,3.04,$32.22,1.44,$4.67,9.97,$3.30,14.1,$0.36B,$0.20B,1.82,$0.00B,$0.25B,0.0,$0.51B,$0.22B,43.36%,$0.51B,$0.08B,15.23%,$0.51B,$0.08B,15.23%,$0.51B,$0.09B,17.77%,$0.51B,$0.08B,15.04%,$0.51B,$0.05B,10.35%,$0.05B,$0.25B,23.95%,$0.05B,$0.20B,29.53%,$0.05B,$0.46B,12.09%,$0.08B,$0.25B,35.25%,$134,$75,$59,$5,$30,$110,$24,$-0,$23,$8,$16,$16,$16,$27,$24,$16,16,$0.99,$0.98,$104,$67,$0,$344,$56,$0,$42,$4,$103,$448,$199,$0,$10,$21,$221,$4,$197,$16,$227,$448,$16,$3,$1,$4,$-19,$-1,$-1,$13,$-17,$3,$-2,$0,$0,$0,$0,$0,$0,$-2,$0,$-0,$-0,$5,$5,$-4,$0,$1,$-0,$1,$-4
27,2011-12-31,35.54,$14.39,2.47,$31.34,1.13,$5.30,6.7,$3.36,10.58,$0.34B,$0.20B,1.73,$0.00B,$0.23B,0.0,$0.50B,$0.22B,43.35%,$0.50B,$0.08B,15.93%,$0.50B,$0.08B,15.93%,$0.50B,$0.09B,18.35%,$0.50B,$0.08B,15.73%,$0.50B,$0.05B,10.89%,$0.05B,$0.23B,25.74%,$0.05B,$0.19B,32.10%,$0.05B,$0.45B,12.86%,$0.08B,$0.23B,37.66%,$132,$75,$57,$4,$31,$110,$21,$-0,$21,$6,$15,$15,$15,$24,$21,$15,16,$0.95,$0.94,$104,$66,$0,$324,$56,$0,$42,$5,$104,$428,$196,$0,$10,$21,$217,$4,$185,$16,$211,$428,$51,$13,$9,$22,$-45,$-14,$5,$24,$-30,$43,$-10,$0,$0,$0,$0,$0,$0,$-10,$0,$0,$0,$3,$3,$-9,$0,$-6,$27,$3,$-9
28,2011-09-30,26.55,$13.49,1.97,$29.72,0.89,$5.51,4.81,$3.24,8.19,$0.32B,$0.20B,1.66,$0.00B,$0.21B,0.0,$0.47B,$0.20B,43.38%,$0.47B,$0.07B,15.60%,$0.47B,$0.07B,15.60%,$0.47B,$0.09B,18.38%,$0.47B,$0.07B,15.60%,$0.47B,$0.05B,10.90%,$0.05B,$0.21B,25.86%,$0.05B,$0.17B,32.69%,$0.05B,$0.43B,12.90%,$0.07B,$0.21B,37.01%,$117,$67,$50,$4,$30,$101,$16,$1,$16,$5,$11,$11,$11,$19,$16,$16,16,$0.70,$0.69,$101,$66,$0,$309,$57,$0,$41,$5,$105,$414,$193,$0,$9,$19,$212,$4,$179,$19,$202,$414,$36,$10,$3,$13,$-30,$-14,$7,$25,$-13,$36,$-8,$0,$0,$0,$0,$0,$0,$-8,$0,$0,$0,$2,$2,$-9,$0,$-7,$25,$2,$-9
29,2011-06-30,35.98,$12.94,2.78,$27.83,1.29,$4.77,7.54,$2.84,12.67,$0.31B,$0.19B,1.6,$0.00B,$0.20B,0.0,$0.44B,$0.19B,43.21%,$0.44B,$0.07B,14.71%,$0.44B,$0.07B,14.71%,$0.44B,$0.08B,17.87%,$0.44B,$0.07B,14.71%,$0.44B,$0.05B,10.18%,$0.05B,$0.20B,24.19%,$0.05B,$0.16B,30.98%,$0.05B,$0.41B,12.01%,$0.07B,$0.20B,34.95%,$113,$64,$49,$4,$27,$95,$18,$-0,$18,$6,$12,$12,$12,$21,$18,$15,16,$0.77,$0.75,$106,$61,$0,$287,$57,$0,$41,$3,$103,$390,$172,$0,$9,$19,$191,$4,$178,$17,$199,$390,$25,$6,$2,$9,$-8,$-8,$3,$15,$-6,$27,$-5,$0,$0,$0,$0,$0,$0,$-5,$0,$-0,$-0,$11,$11,$-6,$0,$5,$29,$2,$-6
30,2011-03-31,38.98,$12.82,3.04,$25.62,1.52,$4.52,8.62,$2.15,18.13,$0.29B,$0.17B,1.67,$0.00B,$0.20B,0.0,$0.41B,$0.17B,42.44%,$0.41B,$0.05B,11.46%,$0.41B,$0.05B,11.46%,$0.41B,$0.06B,15.12%,$0.41B,$0.05B,11.46%,$0.41B,$0.03B,8.29%,$0.03B,$0.20B,18.78%,$0.03B,$0.16B,24.11%,$0.03B,$0.39B,9.42%,$0.05B,$0.20B,25.97%,$106,$59,$47,$3,$25,$87,$18,$-0,$18,$5,$13,$13,$13,$22,$18,$15,16,$0.87,$0.86,$80,$55,$0,$248,$56,$0,$40,$3,$101,$349,$154,$0,$10,$19,$173,$4,$160,$13,$177,$349,$13,$3,$2,$5,$2,$-4,$-2,$-2,$-13,$6,$-2,$0,$0,$0,$0,$0,$0,$-2,$0,$0,$0,$1,$1,$-0,$0,$1,$4,$1,$-0
31,2010-12-31,31.92,$11.55,2.76,$24.19,1.32,$4.47,7.14,$1.77,18.04,$0.25B,$0.15B,1.62,$0.00B,$0.18B,0.0,$0.39B,$0.16B,41.94%,$0.39B,$0.04B,9.97%,$0.39B,$0.04B,9.97%,$0.39B,$0.05B,13.81%,$0.39B,$0.04B,9.97%,$0.39B,$0.03B,7.16%,$0.03B,$0.18B,15.53%,$0.03B,$0.14B,19.93%,$0.03B,$0.35B,7.83%,$0.04B,$0.18B,21.64%,$106,$61,$45,$4,$28,$93,$13,$0,$13,$5,$9,$9,$9,$17,$13,$16,16,$0.54,$0.54,$77,$52,$0,$245,$56,$0,$40,$3,$102,$346,$162,$0,$9,$18,$180,$4,$148,$15,$166,$346,$19,$13,$5,$18,$6,$-5,$3,$-12,$-3,$33,$-11,$0,$-6,$0,$0,$0,$0,$-18,$0,$0,$0,$-37,$-37,$-12,$0,$-49,$-42,$2,$-12
32,2010-09-30,26.28,$10.88,2.41,$22.72,1.16,$4.24,6.2,$1.14,23.05,$0.25B,$0.16B,1.51,$0.00B,$0.17B,0.0,$0.37B,$0.15B,40.64%,$0.37B,$0.03B,7.22%,$0.37B,$0.03B,7.22%,$0.37B,$0.04B,11.23%,$0.37B,$0.03B,7.22%,$0.37B,$0.02B,5.08%,$0.02B,$0.17B,10.17%,$0.02B,$0.13B,12.88%,$0.02B,$0.35B,5.17%,$0.03B,$0.17B,14.46%,$85,$52,$33,$4,$31,$86,$-2,$-0,$-2,$-2,$0,$0,$0,$2,$-2,$16,16,$0.00,$0.00,$105,$49,$0,$260,$55,$0,$39,$3,$100,$359,$163,$0,$8,$14,$177,$4,$169,$10,$182,$359,$10,$9,$3,$13,$14,$-2,$1,$-5,$10,$33,$-8,$0,$-7,$0,$0,$0,$0,$-15,$0,$0,$0,$-10,$-10,$-10,$0,$-20,$-14,$2,$-10
33,2010-06-30,24.45,$11.22,2.18,$21.82,1.12,$4.92,4.97,$0.42,58.23,$0.26B,$0.16B,1.59,$0.00B,$0.18B,0.0,$0.36B,$0.14B,38.12%,$0.36B,$0.01B,2.76%,$0.36B,$0.01B,2.76%,$0.36B,$0.02B,6.63%,$0.36B,$0.01B,2.76%,$0.36B,$0.01B,1.93%,$0.01B,$0.18B,3.57%,$0.01B,$0.14B,4.45%,$0.01B,$0.36B,1.85%,$0.01B,$0.18B,5.10%,$94,$56,$39,$4,$25,$84,$10,$-0,$10,$3,$6,$6,$6,$13,$10,$16,17,$0.37,$0.37,$122,$46,$0,$278,$55,$0,$39,$3,$99,$377,$166,$0,$9,$15,$181,$4,$175,$17,$196,$377,$10,$6,$2,$8,$7,$1,$1,$1,$10,$28,$-5,$0,$-0,$0,$0,$0,$0,$-5,$0,$0,$0,$-6,$-6,$-7,$0,$-13,$3,$1,$-7
34,2010-03-31,24.35,$12.00,2.03,$22.05,1.1,$5.14,4.73,$0.61,39.92,$0.28B,$0.17B,1.67,$0.00B,$0.20B,0.0,$0.37B,$0.14B,38.04%,$0.37B,$0.02B,4.62%,$0.37B,$0.02B,4.62%,$0.37B,$0.03B,8.15%,$0.37B,$0.02B,4.35%,$0.37B,$0.01B,2.72%,$0.01B,$0.20B,4.93%,$0.01B,$0.16B,6.10%,$0.01B,$0.38B,2.59%,$0.02B,$0.20B,8.37%,$89,$54,$35,$3,$25,$83,$6,$-1,$6,$2,$4,$4,$4,$10,$6,$17,17,$0.23,$0.23,$114,$48,$0,$290,$55,$0,$39,$4,$100,$389,$171,$0,$9,$15,$186,$4,$175,$24,$203,$389,$4,$3,$1,$4,$-9,$-1,$-0,$3,$-6,$2,$-2,$0,$0,$0,$0,$0,$0,$-2,$0,$-0,$-0,$-1,$-1,$-2,$0,$-4,$-5,$1,$-2
35,2009-12-31,23.99,$12.29,1.95,$22.72,1.06,$4.34,5.52,$0.68,35.28,$0.29B,$0.17B,1.69,$0.00B,$0.20B,0.0,$0.38B,$0.14B,37.43%,$0.38B,$0.02B,4.97%,$0.38B,$0.02B,4.97%,$0.38B,$0.03B,8.38%,$0.38B,$0.02B,4.19%,$0.38B,$0.01B,2.88%,$0.01B,$0.20B,5.38%,$0.01B,$0.16B,6.64%,$0.01B,$0.39B,2.81%,$0.02B,$0.20B,9.29%,$94,$63,$31,$5,$30,$98,$-4,$0,$-4,$-1,$-3,$-3,$-3,$-1,$-4,$17,17,$-0.17,$-0.17,$119,$48,$0,$286,$56,$0,$39,$4,$101,$387,$168,$0,$9,$15,$183,$4,$174,$26,$204,$387,$17,$12,$6,$19,$52,$6,$-15,$-31,$8,$44,$-10,$0,$-24,$0,$0,$0,$0,$-34,$-2,$16,$13,$-11,$-11,$-10,$0,$-8,$5,$3,$-10
36,2009-09-30,24.25,$12.31,1.97,$24.23,1.0,$4.50,5.39,$1.02,23.77,$0.29B,$0.17B,1.7,$0.00B,$0.20B,0.0,$0.41B,$0.15B,37.07%,$0.41B,$0.03B,6.10%,$0.41B,$0.03B,6.10%,$0.41B,$0.04B,9.02%,$0.41B,$0.02B,5.61%,$0.41B,$0.02B,4.15%,$0.02B,$0.20B,8.29%,$0.02B,$0.17B,10.21%,$0.02B,$0.39B,4.26%,$0.03B,$0.20B,12.20%,$91,$56,$35,$4,$26,$86,$5,$-0,$4,$1,$3,$3,$3,$8,$5,$17,17,$0.19,$0.19,$119,$50,$0,$291,$57,$0,$38,$4,$102,$393,$173,$0,$8,$11,$184,$4,$183,$22,$209,$393,$20,$9,$6,$15,$46,$3,$-16,$-22,$2,$37,$-8,$0,$-22,$0,$0,$0,$0,$-30,$-1,$16,$15,$-8,$-8,$-8,$0,$-1,$5,$3,$-8
37,2009-06-30,17.06,$12.51,1.36,$25.73,0.66,$3.64,4.69,$2.05,8.32,$0.29B,$0.17B,1.68,$0.00B,$0.21B,0.0,$0.44B,$0.18B,39.77%,$0.44B,$0.05B,11.36%,$0.44B,$0.05B,11.36%,$0.44B,$0.06B,14.09%,$0.44B,$0.05B,11.14%,$0.44B,$0.04B,7.95%,$0.04B,$0.21B,17.05%,$0.04B,$0.17B,20.00%,$0.04B,$0.39B,8.71%,$0.05B,$0.21B,24.36%,$108,$66,$42,$4,$26,$96,$12,$-1,$10,$3,$7,$7,$7,$15,$12,$17,17,$0.44,$0.44,$99,$52,$0,$297,$57,$0,$38,$4,$101,$397,$186,$0,$7,$9,$195,$4,$183,$15,$202,$397,$17,$6,$3,$9,$21,$-1,$-11,$-15,$-10,$16,$-6,$0,$-22,$0,$0,$0,$0,$-27,$-1,$16,$15,$-6,$-6,$-5,$0,$3,$-15,$2,$-5
38,2009-03-31,18.66,$12.06,1.55,$27.06,0.69,$3.07,6.07,$2.60,7.18,$0.30B,$0.19B,1.59,$0.00B,$0.20B,0.0,$0.47B,$0.19B,40.13%,$0.47B,$0.06B,12.88%,$0.47B,$0.06B,12.88%,$0.47B,$0.07B,15.24%,$0.47B,$0.06B,12.88%,$0.47B,$0.05B,9.66%,$0.05B,$0.20B,22.17%,$0.05B,$0.16B,24.73%,$0.05B,$0.40B,11.36%,$0.06B,$0.20B,29.52%,$117,$72,$44,$3,$29,$105,$12,$1,$13,$3,$10,$10,$10,$15,$12,$17,17,$0.58,$0.57,$105,$56,$0,$317,$58,$0,$37,$4,$102,$418,$205,$0,$7,$9,$214,$4,$180,$21,$205,$418,$10,$3,$1,$4,$16,$-3,$-8,$-3,$-8,$6,$-3,$0,$-19,$0,$0,$0,$0,$-22,$0,$16,$16,$-4,$-4,$-3,$0,$10,$-9,$1,$-3
39,2008-12-31,21.7,$12.14,1.79,$26.99,0.8,$3.25,6.68,$2.92,7.43,$0.32B,$0.21B,1.55,$0.00B,$0.21B,0.0,$0.47B,$0.19B,40.64%,$0.47B,$0.06B,13.19%,$0.47B,$0.06B,13.19%,$0.47B,$0.07B,15.32%,$0.47B,$0.07B,13.83%,$0.47B,$0.05B,11.06%,$0.05B,$0.21B,25.27%,$0.05B,$0.17B,26.91%,$0.05B,$0.42B,13.17%,$0.06B,$0.21B,30.06%,$124,$70,$54,$4,$29,$103,$21,$1,$22,$8,$14,$14,$15,$24,$21,$17,18,$0.86,$0.83,$114,$46,$0,$323,$51,$0,$6,$17,$76,$399,$186,$0,$7,$9,$194,$4,$175,$25,$205,$399,$49,$9,$-8,$1,$-27,$-3,$6,$-0,$-20,$30,$-10,$0,$-3,$17,$0,$17,$-0,$4,$-7,$24,$17,$-34,$-34,$-10,$1,$-27,$10,$4,$-10
40,2008-09-30,34.08,$12.07,2.82,$26.11,1.31,$2.87,11.86,$2.82,12.09,$0.32B,$0.19B,1.74,$0.00B,$0.21B,0.0,$0.46B,$0.19B,41.30%,$0.46B,$0.06B,13.48%,$0.46B,$0.06B,13.48%,$0.46B,$0.07B,15.43%,$0.46B,$0.07B,14.13%,$0.46B,$0.05B,10.87%,$0.05B,$0.21B,24.60%,$0.05B,$0.20B,25.09%,$0.05B,$0.40B,13.11%,$0.06B,$0.21B,30.32%,$117,$70,$47,$4,$28,$102,$15,$1,$15,$4,$11,$11,$13,$17,$15,$17,17,$0.74,$0.74,$120,$47,$0,$310,$51,$0,$2,$4,$61,$371,$147,$1,$8,$25,$171,$4,$163,$33,$200,$371,$35,$7,$-1,$5,$-7,$-3,$-1,$-3,$-13,$27,$-7,$0,$12,$17,$0,$17,$-0,$22,$-1,$-0,$-1,$-33,$-33,$-8,$1,$-42,$16,$3,$-8
41,2008-06-30,28.94,$11.85,2.44,$24.72,1.17,$3.50,8.26,$2.61,11.09,$0.31B,$0.15B,2.12,$0.00B,$0.20B,0.01,$0.44B,$0.18B,41.14%,$0.44B,$0.06B,12.50%,$0.44B,$0.06B,12.50%,$0.44B,$0.06B,14.32%,$0.44B,$0.06B,13.18%,$0.44B,$0.05B,10.68%,$0.05B,$0.20B,23.56%,$0.05B,$0.20B,23.92%,$0.05B,$0.37B,12.71%,$0.06B,$0.20B,27.33%,$112,$66,$46,$4,$28,$98,$14,$2,$15,$2,$13,$13,$14,$16,$14,$18,18,$0.77,$0.76,$129,$49,$0,$327,$52,$0,$5,$4,$64,$391,$152,$1,$9,$26,$178,$4,$176,$33,$213,$391,$22,$4,$-1,$3,$-8,$-3,$-2,$5,$-7,$18,$-5,$0,$0,$17,$0,$17,$-0,$12,$-1,$-0,$-1,$-7,$-7,$-5,$0,$-14,$25,$2,$-5
42,2008-03-31,25.91,$12.16,2.13,$23.78,1.09,$2.78,9.32,$2.42,10.71,$0.33B,$0.15B,2.14,$0.00B,$0.21B,0.01,$0.43B,$0.18B,40.89%,$0.43B,$0.05B,11.92%,$0.43B,$0.05B,11.92%,$0.43B,$0.06B,13.79%,$0.43B,$0.06B,12.85%,$0.43B,$0.04B,10.28%,$0.04B,$0.21B,22.65%,$0.04B,$0.21B,23.07%,$0.04B,$0.39B,12.20%,$0.05B,$0.21B,25.79%,$107,$64,$43,$4,$27,$95,$12,$1,$13,$4,$8,$8,$8,$14,$12,$18,18,$0.47,$0.47,$113,$46,$0,$302,$51,$0,$5,$4,$62,$364,$144,$2,$8,$25,$169,$4,$167,$24,$195,$364,$8,$2,$-3,$-1,$-9,$-2,$-4,$10,$-10,$-2,$-2,$0,$0,$17,$0,$17,$-0,$15,$0,$-0,$-0,$-4,$-4,$-3,$0,$-7,$9,$1,$-3
43,2007-12-31,34.11,$11.09,3.08,$22.97,1.49,$3.19,10.69,$2.22,15.37,$0.30B,$0.14B,2.1,$0.00B,$0.20B,0.01,$0.42B,$0.18B,41.87%,$0.42B,$0.05B,12.92%,$0.42B,$0.05B,12.92%,$0.42B,$0.06B,14.83%,$0.42B,$0.06B,13.40%,$0.42B,$0.04B,9.57%,$0.04B,$0.20B,21.83%,$0.04B,$0.19B,22.28%,$0.04B,$0.36B,11.58%,$0.05B,$0.20B,28.65%,$104,$59,$45,$5,$26,$90,$14,$1,$15,$4,$11,$11,$12,$16,$14,$18,18,$0.66,$0.64,$121,$42,$0,$297,$50,$0,$2,$4,$56,$353,$145,$2,$3,$18,$163,$4,$165,$20,$190,$353,$42,$8,$-0,$8,$-11,$-2,$5,$4,$-5,$45,$-12,$0,$1,$7,$0,$7,$-1,$-5,$-7,$0,$-7,$-29,$-29,$-8,$2,$-41,$6,$5,$-8
44,2007-09-30,33.14,$10.72,3.09,$22.31,1.49,$3.11,10.66,$2.29,14.47,$0.30B,$0.15B,2.05,$0.00B,$0.19B,0.01,$0.41B,$0.17B,42.44%,$0.41B,$0.06B,13.41%,$0.41B,$0.06B,13.41%,$0.41B,$0.06B,15.37%,$0.41B,$0.06B,13.66%,$0.41B,$0.04B,10.24%,$0.04B,$0.19B,23.40%,$0.04B,$0.19B,23.93%,$0.04B,$0.35B,12.49%,$0.06B,$0.19B,29.53%,$105,$64,$41,$5,$25,$94,$11,$1,$12,$2,$9,$9,$10,$13,$11,$18,18,$0.56,$0.55,$104,$43,$1,$276,$49,$0,$5,$3,$59,$335,$131,$8,$14,$25,$156,$4,$159,$16,$179,$335,$30,$6,$0,$6,$-15,$-2,$-1,$0,$-19,$17,$-9,$0,$0,$18,$0,$18,$0,$9,$-1,$0,$-1,$-25,$-25,$-6,$2,$-30,$0,$4,$-6
45,2007-06-30,35.46,$10.08,3.52,$21.69,1.63,$2.93,12.1,$2.27,15.62,$0.28B,$0.13B,2.1,$0.01B,$0.18B,0.04,$0.40B,$0.17B,42.18%,$0.40B,$0.05B,13.40%,$0.40B,$0.05B,13.40%,$0.40B,$0.06B,15.38%,$0.40B,$0.06B,13.65%,$0.40B,$0.04B,10.42%,$0.04B,$0.18B,24.10%,$0.04B,$0.18B,24.74%,$0.04B,$0.34B,12.77%,$0.05B,$0.19B,29.55%,$102,$56,$46,$5,$25,$85,$17,$-0,$16,$6,$10,$10,$10,$19,$17,$18,19,$0.57,$0.56,$117,$44,$0,$273,$47,$0,$5,$3,$57,$330,$137,$8,$14,$24,$161,$4,$149,$15,$169,$330,$20,$4,$2,$6,$0,$-3,$2,$6,$1,$27,$-6,$0,$0,$6,$0,$6,$1,$1,$-1,$0,$-1,$-24,$-24,$-6,$1,$-30,$2,$3,$-6
46,2007-03-31,30.75,$9.56,3.22,$21.00,1.46,$3.50,8.79,$2.17,14.17,$0.27B,$0.14B,2.0,$0.01B,$0.17B,0.05,$0.39B,$0.17B,43.15%,$0.39B,$0.06B,13.96%,$0.39B,$0.06B,13.96%,$0.39B,$0.06B,15.99%,$0.39B,$0.06B,14.21%,$0.39B,$0.04B,10.15%,$0.04B,$0.17B,23.67%,$0.04B,$0.16B,24.32%,$0.04B,$0.33B,12.21%,$0.06B,$0.18B,30.68%,$99,$57,$42,$5,$25,$86,$13,$1,$13,$3,$10,$10,$10,$15,$13,$18,19,$0.55,$0.54,$115,$41,$2,$272,$45,$0,$5,$3,$55,$327,$122,$9,$13,$25,$147,$5,$161,$14,$180,$327,$10,$2,$0,$2,$-3,$-1,$-1,$-6,$-17,$-4,$-2,$0,$0,$0,$0,$0,$0,$-1,$0,$0,$0,$-1,$-1,$-2,$0,$-3,$-6,$1,$-2
47,2006-12-31,30.49,$9.87,3.09,$20.76,1.47,$2.76,11.06,$2.19,13.92,$0.27B,$0.12B,2.23,$0.01B,$0.18B,0.05,$0.40B,$0.17B,43.04%,$0.40B,$0.06B,13.92%,$0.40B,$0.06B,13.92%,$0.40B,$0.06B,15.95%,$0.40B,$0.06B,14.68%,$0.40B,$0.04B,10.38%,$0.04B,$0.18B,25.00%,$0.04B,$0.18B,25.67%,$0.04B,$0.33B,12.63%,$0.06B,$0.19B,31.25%,$97,$56,$41,$4,$23,$84,$13,$1,$14,$4,$10,$10,$12,$15,$13,$19,19,$0.64,$0.61,$122,$40,$0,$272,$44,$0,$4,$2,$52,$324,$131,$9,$2,$24,$155,$5,$153,$12,$169,$324,$39,$7,$7,$14,$-12,$-1,$1,$-2,$-15,$38,$-7,$0,$2,$53,$0,$53,$-0,$47,$-7,$-1,$-8,$-59,$-59,$-8,$1,$-74,$15,$4,$-8
