,Date,Stock Price,Book Value per Share,Price to Book Ratio,TTM Sales per Share,Price to Sales Ratio,TTM FCF per Share,Price to FCF Ratio,TTM Net EPS,PE Ratio,Current Assets,Current Liabilities,Current Ratio,Long Term Debt,Shareholder's Equity_x,Debt to Equity Ratio,TTM Revenue_x,TTM Gross Profit,Gross Margin,TTM Revenue_y,TTM Operating Income,Operating Margin,TTM Revenue_x,TTM EBIT,EBIT Margin,TTM Revenue_y,TTM EBITDA,EBITDA Margin,TTM Revenue_x,TTM Pre-Tax Income,Pre-Tax Margin,TTM Revenue_y,TTM Net Income_x,Net Margin,TTM Net Income_y,Shareholder's Equity_y,Return on Equity,TTM Net Income_x,Tangible Equity,Return on Tangible Equity,TTM Net Income_y,Total Assets,Return on Assets,TTM Net Income,LT Investments & Debt,Return on Investment,revenue,cost-goods-sold,gross-profit,research-development-expenses,selling-general-administrative-expenses,operating-expenses,operating-income,total-non-operating-income-expense,pre-tax-income,total-provision-income-taxes,income-after-taxes,income-from-continuous-operations,net-income,ebitda,ebit,basic-shares-outstanding,shares-outstanding,eps-basic-net-earnings-per-share,eps-earnings-per-share-diluted,cash-on-hand,inventory,other-current-assets,total-current-assets,net-property-plant-equipment,long-term-investments,goodwill-intangible-assets-total,other-long-term-assets,total-long-term-assets,total-assets,total-current-liabilities,long-term-debt,other-non-current-liabilities,total-long-term-liabilities,total-liabilities,common-stock-net,retained-earnings-accumulated-deficit,comprehensive-income,total-share-holder-equity,total-liabilities-share-holders-equity,net-income-loss,total-depreciation-amortization-cash-flow,other-non-cash-items,total-non-cash-items,change-in-accounts-receivable,change-in-inventories,change-in-accounts-payable,change-in-assets-liabilities,total-change-in-assets-liabilities,cash-flow-from-operating-activities,net-change-in-property-plant-equipment,net-change-in-intangible-assets,net-acquisitions-divestitures,net-change-in-short-term-investments,net-change-in-long-term-investments,net-change-in-investments-total,investing-activities-other,cash-flow-from-investing-activities,net-long-term-debt,net-current-debt,debt-issuance-retirement-net-total,net-common-equity-issued-repurchased,net-total-equity-issued-repurchased,total-common-preferred-stock-dividends-paid,financial-activities-other,cash-flow-from-financial-activities,net-cash-flow,stock-based-compensation,common-stock-dividends-paid
0,2018-06-30,5.65,$12.00,0.47,$3.87,1.46,0,0.0,$0.70,8.07,$2017.52B,$2219.05B,0.91,$128.94B,$156.91B,0.82,$52.46B,$43.34B,82.61%,$52.46B,$14.59B,27.80%,$52.46B,0,0.00%,$52.46B,0,0.00%,$52.46B,$13.45B,25.64%,$52.46B,$9.53B,18.17%,$9.53B,$156.91B,6.29%,$9.53B,$145.64B,6.78%,$9.53B,$2751.79B,0.36%,$14.59B,$285.86B,5.65%,$0,$0,$0,$0,$0,$0,$0,$0,$0,$0,$0,$0,$0,$0,$0,$0,0,$0.00,$0.00,$940545,$0,$0,$2017515,$12621,$522997,$11276,$186510,$734274,$2751789,$2219054,$128943,$103960,$241740,$2594877,$19702,$94260,$25536,$156912,$2751789,$0,$0,$0,$0,$0,$0,$0,$0,$0,$0,$0,$0,$0,$0,$0,$0,$0,$0,$0,$0,$0,$0,$0,$0,$0,$0,$0,$0,$0
1,2017-06-30,6.75,$11.33,0.6,$3.62,1.86,0,0.0,$0.65,10.38,$1993.63B,$2197.18B,0.91,$109.43B,$150.50B,0.73,$50.17B,$43.25B,86.21%,$50.17B,$14.59B,29.09%,$50.17B,0,0.00%,$50.17B,0,0.00%,$50.17B,$13.26B,26.42%,$50.17B,$8.99B,17.92%,$8.99B,$150.50B,6.05%,$8.99B,$139.35B,6.55%,$8.99B,$2738.00B,0.35%,$14.59B,$259.92B,5.99%,$14589,$3599,$10989,$0,$7127,$10726,$3862,$-130,$3733,$601,$3131,$3131,$2898,$0,$0,$13132,13132,$0.22,$0.22,$938773,$0,$0,$1993628,$12179,$541507,$11146,$178236,$744367,$2737995,$2197179,$109428,$119894,$237582,$2587499,$19274,$85020,$26472,$150496,$2737995,$0,$0,$0,$0,$0,$0,$0,$0,$0,$0,$0,$0,$0,$0,$0,$0,$0,$0,$0,$0,$0,$0,$0,$0,$0,$0,$0,$0,$0
2,2016-06-30,4.43,$11.71,0.38,$3.55,1.25,0,0.0,$0.64,6.92,$1935.37B,$2218.63B,0.87,$102.58B,$159.01B,0.65,$49.91B,$44.21B,88.58%,$49.91B,$15.27B,30.59%,$49.91B,0,0.00%,$49.91B,0,0.00%,$49.91B,$13.85B,27.74%,$49.91B,$8.97B,17.97%,$8.97B,$159.01B,6.16%,$8.97B,$147.74B,6.68%,$8.97B,$2773.20B,0.36%,$15.27B,$261.60B,6.61%,$13084,$2404,$10680,$0,$7103,$9507,$3577,$-189,$3388,$562,$2827,$2827,$2601,$0,$0,$13389,13389,$0.19,$0.19,$853901,$0,$0,$1935371,$12545,$616058,$11276,$196862,$837833,$2773204,$2218630,$102584,$145492,$257806,$2614190,$19916,$80587,$31312,$159014,$2773204,$0,$0,$0,$0,$0,$0,$0,$0,$0,$0,$0,$0,$0,$0,$0,$0,$0,$0,$0,$0,$0,$0,$0,$0,$0,$0,$0,$0,$0
3,2015-06-30,7.22,$10.07,0.72,$3.78,1.91,$-1.94,0.0,$0.78,9.26,$1610.91B,$1907.37B,0.85,$84.88B,$140.06B,0.61,$53.53B,$49.63B,92.72%,$53.53B,$28.13B,52.56%,$53.53B,0,0.00%,$53.53B,0,0.00%,$53.53B,$27.22B,50.86%,$53.53B,$11.09B,20.71%,$11.09B,$140.06B,7.98%,$11.09B,$129.52B,8.76%,$11.09B,$2336.93B,0.44%,$28.13B,$224.94B,11.50%,$12419,$1806,$10614,$0,$7444,$9250,$3170,$-511,$2658,$565,$2093,$2093,$1757,$0,$0,$13720,13770,$0.13,$0.13,$623535,$0,$0,$1610910,$11106,$552155,$10536,$151435,$726021,$2336931,$1907369,$84880,$106069,$199296,$2196875,$17560,$65899,$30452,$140055,$2336931,$0,$0,$0,$0,$0,$0,$0,$0,$0,$0,$0,$0,$0,$0,$0,$0,$0,$0,$0,$0,$0,$0,$0,$0,$0,$0,$0,$0,$0
4,2014-06-30,6.15,$10.22,0.6,$3.84,1.6,$-1.94,0.0,$0.83,7.41,$1656.07B,$2101.88B,0.79,$83.92B,$144.79B,0.58,$54.44B,$51.86B,95.26%,$54.44B,$37.44B,68.77%,$54.44B,0,0.00%,$54.44B,0,0.00%,$54.44B,$36.83B,67.66%,$54.44B,$11.79B,21.65%,$11.79B,$144.79B,8.32%,$11.79B,$132.98B,9.15%,$11.79B,$2542.07B,0.45%,$37.44B,$228.71B,13.79%,$12369,$1315,$11054,$0,$7077,$8391,$3977,$-303,$3674,$1113,$2561,$2561,$2278,$0,$0,$13986,14071,$0.16,$0.16,$575195,$0,$0,$1656073,$15505,$712196,$11808,$145650,$886000,$2542073,$2101879,$83924,$101430,$191297,$2397287,$20981,$70512,$19500,$144786,$2542073,$0,$0,$0,$0,$0,$0,$0,$0,$0,$0,$0,$0,$0,$0,$0,$0,$0,$0,$0,$0,$0,$0,$0,$0,$0,$0,$0,$0,$0
5,2013-06-30,6.15,$9.76,0.63,$3.94,1.56,$-1.94,0.0,$0.75,8.2,$1483.78B,$2005.84B,0.74,$70.29B,$138.19B,0.51,$56.84B,$55.66B,97.92%,$56.84B,$48.27B,84.92%,$56.84B,0,0.00%,$56.84B,0,0.00%,$56.84B,$48.00B,84.44%,$56.84B,$10.79B,18.99%,$10.79B,$138.19B,7.55%,$10.79B,$127.17B,8.30%,$10.79B,$2364.23B,0.40%,$48.27B,$208.48B,15.89%,$12300,$1396,$10904,$0,$7033,$8429,$3870,$-333,$3537,$958,$2580,$2580,$2357,$0,$0,$14163,14239,$0.17,$0.17,$471384,$0,$0,$1483776,$14415,$723507,$11024,$128997,$880449,$2364225,$2005839,$70293,$76826,$150294,$2226034,$21611,$64796,$11345,$138191,$2364225,$0,$0,$0,$0,$0,$0,$0,$0,$0,$0,$0,$0,$0,$0,$0,$0,$0,$0,$0,$0,$0,$0,$0,$0,$0,$0,$0,$0,$0
6,2013-03-31,5.95,$0.00,0.0,$4.13,1.44,$-1.94,0.0,$0.74,8.03,$1892.87B,$2412.16B,0.79,$184.13B,$127.05B,1.45,$59.04B,$57.47B,97.33%,$59.04B,$48.34B,81.88%,$59.04B,0,0.00%,$59.04B,0,0.00%,$59.04B,$47.99B,81.29%,$59.04B,$10.56B,17.88%,$10.56B,$132.40B,7.26%,$10.56B,$116.86B,7.99%,$10.56B,$2789.77B,0.38%,$48.34B,$316.52B,14.34%,$12822,$1184,$11638,$0,$7390,$8574,$4249,$-271,$3977,$964,$3013,$3013,$2578,$0,$0,$14159,14214,$0.18,$0.18,$711911,$0,$0,$1892867,$0,$780212,$15538,$88336,$884086,$2789767,$2412156,$184125,$61089,$245214,$2657369,$19917,$19374,$0,$132398,$2789767,$13550,$4754,$0,$4754,$0,$0,$0,$0,$-34811,$-26195,$-1255,$0,$0,$0,$0,$29668,$-50196,$-21783,$0,$10618,$-10137,$0,$-472,$-2271,$54190,$51928,$4705,$0,$0
7,2012-12-31,5.31,$0.00,0.0,$3.98,1.33,$0.41,12.94,$0.61,8.7,$1587.52B,$2271.11B,0.7,$181.26B,$150.93B,1.2,$57.67B,$56.10B,97.27%,$57.67B,$46.97B,81.45%,$57.67B,0,0.00%,$57.67B,0,0.00%,$57.67B,$46.62B,80.84%,$57.67B,$8.77B,15.21%,$8.77B,$150.93B,6.24%,$8.77B,$138.27B,6.91%,$8.77B,$2760.99B,0.32%,$46.97B,$332.19B,13.91%,$16035,$0,$16035,$0,$0,$0,$16035,$0,$16035,$0,$16035,$3429,$3874,$0,$0,$14149,14149,$0.27,$0.27,$531219,$0,$0,$1587519,$0,$0,$12656,$1144111,$1156767,$2760985,$2271106,$181262,$157693,$338954,$2610060,$26314,$73155,$0,$150925,$2760985,$0,$0,$0,$0,$0,$0,$0,$0,$0,$0,$0,$0,$0,$0,$0,$0,$0,$0,$0,$0,$0,$0,$0,$0,$0,$0,$0,$0,$0
8,2012-09-30,4.55,$0.00,0.0,$4.08,1.12,$0.41,11.1,$0.51,8.93,$1544.10B,$2043.39B,0.76,$206.85B,$150.71B,1.37,$59.08B,$57.51B,97.33%,$59.08B,$48.39B,81.89%,$59.08B,0,0.00%,$59.08B,0,0.00%,$59.08B,$48.04B,81.30%,$59.08B,$7.37B,12.47%,$7.37B,$150.71B,5.31%,$7.37B,$137.89B,5.88%,$7.37B,$2776.74B,0.27%,$48.39B,$357.56B,14.15%,$13285,$0,$13285,$0,$0,$0,$13285,$0,$13285,$0,$13285,$2979,$2976,$0,$0,$14150,14150,$0.21,$0.21,$365586,$0,$0,$1544097,$0,$0,$12821,$1202653,$1215474,$2776743,$2043385,$206850,$375798,$582649,$2626033,$27170,$73646,$0,$150710,$2776743,$0,$0,$0,$0,$0,$0,$0,$0,$0,$0,$0,$0,$0,$0,$0,$0,$0,$0,$0,$0,$0,$0,$0,$0,$0,$0,$0,$0,$0
9,2012-06-30,4.58,$0.00,0.0,$4.16,1.1,$0.41,11.17,$0.59,7.77,$1542.43B,$2334.20B,0.66,$194.50B,$147.84B,1.32,$59.99B,$58.41B,97.37%,$59.99B,$49.29B,82.17%,$59.99B,0,0.00%,$59.99B,0,0.00%,$59.99B,$48.94B,81.58%,$59.99B,$8.52B,14.20%,$8.52B,$147.84B,6.17%,$8.52B,$135.18B,6.85%,$8.52B,$2778.07B,0.31%,$49.29B,$342.33B,15.26%,$14702,$0,$14702,$0,$0,$0,$14702,$0,$14702,$0,$14702,$1416,$1366,$0,$0,$15179,15179,$0.09,$0.09,$491463,$0,$0,$1542428,$0,$976796,$12655,$229172,$1218623,$2778067,$2334204,$194498,$101531,$296029,$2630232,$26737,$71143,$0,$147835,$2778067,$0,$0,$0,$0,$0,$0,$0,$0,$0,$0,$0,$0,$0,$0,$0,$0,$0,$0,$0,$0,$0,$0,$0,$0,$0,$0,$0,$0,$0
10,2012-03-31,4.81,$0.00,0.0,$4.32,1.11,$0.41,11.72,$0.84,5.72,$1782.65B,$2343.89B,0.76,$206.16B,$106.89B,1.93,$62.59B,$61.02B,97.50%,$62.59B,$52.05B,83.17%,$62.59B,0,0.00%,$62.59B,0,0.00%,$62.59B,$52.49B,83.87%,$62.59B,$12.19B,19.47%,$12.19B,$112.50B,8.96%,$12.19B,$96.62B,9.98%,$12.19B,$2733.07B,0.45%,$52.05B,$318.66B,16.35%,$15019,$1576,$13443,$0,$9122,$10698,$4321,$0,$3971,$1289,$2682,$2635,$2340,$0,$0,$13764,13764,$0.17,$0.17,$622487,$0,$0,$1782647,$0,$816841,$15885,$105159,$937885,$2733072,$2343894,$206158,$70518,$276676,$2620570,$20893,$9171,$0,$112502,$2733072,$5344,$4933,$0,$4933,$0,$0,$0,$0,$-18601,$7530,$-1404,$0,$0,$0,$0,$-82285,$-47937,$-131626,$0,$90861,$-4923,$0,$1,$-2382,$40748,$124306,$-5,$0,$0
11,2011-12-31,3.99,$0.00,0.0,$4.40,0.91,$8.65,0.46,$0.70,5.7,$1488.09B,$2276.76B,0.65,$204.53B,$144.59B,1.42,$63.49B,$57.21B,90.11%,$63.49B,$14.43B,22.73%,$63.49B,0,0.00%,$63.49B,0,0.00%,$63.49B,$14.60B,22.99%,$63.49B,$10.67B,16.80%,$10.67B,$144.59B,7.60%,$10.67B,$131.42B,8.39%,$10.67B,$2720.23B,0.40%,$14.43B,$349.12B,4.85%,$14665,$0,$14665,$0,$0,$0,$14665,$0,$14665,$0,$14665,$2167,$2091,$0,$0,$14933,14933,$0.14,$0.14,$459321,$0,$0,$1488093,$0,$936803,$13163,$265078,$1215045,$2720225,$2276762,$204530,$94347,$298877,$2575639,$27586,$70089,$0,$144586,$2720225,$0,$0,$0,$0,$0,$0,$0,$0,$0,$0,$0,$0,$0,$0,$0,$0,$0,$0,$0,$0,$0,$0,$0,$0,$0,$0,$0,$0,$0
12,2011-09-30,4.24,$0.00,0.0,$4.34,0.98,$8.65,0.49,$0.76,5.57,$1286.26B,$2094.88B,0.61,$134.89B,$147.35B,0.92,$62.54B,$56.26B,89.96%,$62.54B,$13.49B,21.56%,$62.54B,0,0.00%,$62.54B,0,0.00%,$62.54B,$13.65B,21.83%,$62.54B,$11.49B,18.37%,$11.49B,$147.35B,8.33%,$11.49B,$133.90B,9.20%,$11.49B,$2807.31B,0.45%,$13.49B,$282.24B,4.63%,$14697,$0,$14697,$0,$0,$0,$14697,$0,$14697,$0,$14697,$1866,$1573,$0,$0,$14150,14150,$0.11,$0.11,$126341,$0,$0,$1286256,$0,$982464,$13453,$507711,$1503628,$2807313,$2094882,$134887,$430192,$565079,$2659961,$0,$70291,$0,$147352,$2807313,$0,$0,$0,$0,$0,$0,$0,$0,$0,$0,$0,$0,$0,$0,$0,$0,$0,$0,$0,$0,$0,$0,$0,$0,$0,$0,$0,$0,$0
13,2011-06-30,4.53,$0.00,0.0,$4.23,1.07,$8.65,0.52,$0.74,6.12,$1387.46B,$2116.76B,0.66,$184.06B,$139.38B,1.32,$60.92B,$54.64B,89.70%,$60.92B,$11.87B,19.48%,$60.92B,0,0.00%,$60.92B,0,0.00%,$60.92B,$12.03B,19.75%,$60.92B,$11.19B,18.37%,$11.19B,$139.38B,8.71%,$11.19B,$126.48B,9.69%,$11.19B,$2536.22B,0.45%,$11.87B,$323.44B,4.13%,$15605,$0,$15605,$0,$0,$0,$15605,$0,$15605,$0,$15605,$2279,$2514,$0,$0,$14834,14834,$0.17,$0.17,$423981,$0,$0,$1387461,$0,$850811,$12904,$268452,$1132167,$2536217,$2116755,$184056,$96025,$280082,$2396836,$26295,$64096,$0,$139380,$2536217,$0,$0,$0,$0,$0,$0,$0,$0,$0,$0,$0,$0,$0,$0,$0,$0,$0,$0,$0,$0,$0,$0,$0,$0,$0,$0,$0,$0,$0
14,2011-03-31,4.31,$0.00,0.0,$3.76,1.15,$8.65,0.5,$0.45,9.58,$1178.84B,$2127.09B,0.55,$106.75B,$129.77B,0.82,$54.42B,$48.21B,88.59%,$54.42B,$7.83B,14.39%,$54.42B,0,0.00%,$54.42B,0,0.00%,$54.42B,$7.67B,14.10%,$54.42B,$7.00B,12.86%,$7.00B,$129.77B,5.62%,$7.00B,$116.94B,6.28%,$7.00B,$2474.73B,0.29%,$7.83B,$236.52B,2.90%,$17620,$1566,$16054,$0,$8969,$10535,$7085,$0,$7522,$983,$6539,$6007,$6007,$0,$0,$14142,14142,$0.42,$0.42,$124873,$0,$0,$1178839,$0,$852284,$12832,$414771,$1279887,$2474725,$2127091,$106747,$111114,$217860,$2344952,$0,$57596,$0,$129773,$2474725,$7675,$3391,$0,$3391,$0,$0,$0,$0,$102341,$127051,$-733,$0,$-1248,$0,$0,$-98990,$-2085,$-103056,$0,$0,$-3176,$0,$-4826,$-2284,$-1098,$-11384,$9706,$0,$0
15,2010-12-31,5.01,$0.00,0.0,$3.66,1.37,$11.04,0.45,$0.58,8.63,$1116.06B,$1891.69B,0.59,$187.85B,$135.27B,1.39,$52.56B,$51.06B,97.14%,$52.56B,$44.49B,84.64%,$52.56B,0,0.00%,$52.56B,0,0.00%,$52.56B,$44.61B,84.86%,$52.56B,$8.28B,15.76%,$8.28B,$135.27B,7.07%,$8.28B,$122.08B,7.94%,$8.28B,$2431.71B,0.35%,$44.49B,$323.12B,16.34%,$15563,$4711,$10852,$0,$33806,$38517,$-22954,$0,$-23227,$1055,$-24282,$592,$572,$0,$0,$14595,14595,$0.03,$0.03,$83576,$0,$0,$1116064,$0,$784918,$13182,$501532,$1299632,$2431708,$1891685,$187849,$216908,$404757,$2296442,$0,$57209,$0,$135266,$2431708,$0,$0,$0,$0,$0,$0,$0,$0,$0,$0,$0,$0,$0,$0,$0,$0,$0,$0,$0,$0,$0,$0,$0,$0,$0,$0,$0,$0,$0
16,2010-09-30,4.29,$0.00,0.0,$3.74,1.15,$11.04,0.39,$0.48,8.93,$1130.88B,$1955.66B,0.58,$156.34B,$109.64B,1.43,$51.35B,$49.85B,97.08%,$51.35B,$43.28B,84.28%,$51.35B,0,0.00%,$51.35B,0,0.00%,$51.35B,$43.39B,84.50%,$51.35B,$6.72B,13.08%,$6.72B,$109.64B,5.93%,$6.72B,$96.30B,6.67%,$6.72B,$2476.57B,0.29%,$43.28B,$265.98B,16.89%,$13749,$0,$13749,$0,$0,$0,$13749,$0,$13749,$0,$13749,$2235,$2393,$0,$0,$14162,14162,$0.17,$0.17,$84938,$0,$0,$1130879,$0,$840637,$13337,$475551,$1329526,$2476570,$1955659,$156339,$228589,$411270,$2366929,$0,$55994,$0,$109642,$2476570,$0,$0,$0,$0,$0,$0,$0,$0,$0,$0,$0,$0,$0,$0,$0,$0,$0,$0,$0,$0,$0,$0,$0,$0,$0,$0,$0,$0,$0
17,2010-06-30,4.16,$0.00,0.0,$3.84,1.08,$11.04,0.38,$0.38,10.95,$1066.03B,$1856.86B,0.57,$133.25B,$122.82B,1.09,$52.17B,$50.66B,97.12%,$52.17B,$44.09B,84.52%,$52.17B,0,0.00%,$52.17B,0,0.00%,$52.17B,$44.21B,84.75%,$52.17B,$5.25B,10.06%,$5.25B,$122.82B,6.11%,$5.25B,$110.60B,6.85%,$5.25B,$2252.19B,0.31%,$44.09B,$256.07B,23.24%,$13987,$0,$13987,$0,$0,$0,$13987,$0,$13987,$0,$13987,$2287,$2218,$0,$0,$14831,14831,$0.15,$0.15,$77360,$0,$0,$1066031,$0,$726413,$12227,$432600,$1171241,$2252189,$1856863,$133252,$139251,$272503,$2129366,$0,$49226,$0,$122822,$2252189,$0,$0,$0,$0,$0,$0,$0,$0,$0,$0,$0,$0,$0,$0,$0,$0,$0,$0,$0,$0,$0,$0,$0,$0,$0,$0,$0,$0,$0
18,2010-03-31,4.77,$0.00,0.0,$4.20,1.14,$11.04,0.43,$0.32,14.91,$1281.27B,$1783.40B,0.72,$143.20B,$100.57B,1.42,$54.43B,$52.22B,95.94%,$54.43B,$42.08B,77.30%,$54.43B,0,0.00%,$54.43B,0,0.00%,$54.43B,$42.48B,78.04%,$54.43B,$4.19B,7.70%,$4.19B,$100.57B,5.61%,$4.19B,$88.12B,6.42%,$4.19B,$2204.36B,0.26%,$42.08B,$243.77B,23.49%,$11122,$1500,$9621,$0,$6573,$8073,$3049,$0,$3165,$1051,$2114,$1937,$1813,$0,$0,$14145,14194,$0.13,$0.13,$364561,$0,$0,$1281271,$0,$690816,$12448,$205159,$908423,$2204355,$1783403,$143195,$155723,$320380,$2103783,$23075,$47580,$0,$100572,$2204355,$6445,$3240,$0,$3240,$0,$0,$0,$0,$129081,$157692,$-964,$0,$0,$0,$0,$-165918,$-1876,$-168758,$0,$0,$586,$0,$15235,$-1614,$-2302,$11905,$845,$0,$0
19,2009-12-31,4.43,$0.00,0.0,$3.67,1.21,$-1.21,0.0,$-0.03,0.0,$1152.04B,$1696.28B,0.68,$138.79B,$120.19B,1.16,$45.20B,$31.48B,69.65%,$45.20B,$-2.37B,-5.24%,$45.20B,0,0.00%,$45.20B,0,0.00%,$45.20B,$10.43B,23.08%,$45.20B,$0.09B,0.21%,$0.09B,$120.19B,0.14%,$0.09B,$107.59B,0.17%,$0.09B,$2213.60B,0.01%,$-2.37B,$258.97B,-1.42%,$13704,$0,$13704,$0,$0,$0,$13704,$0,$13704,$0,$13704,$1859,$1859,$0,$0,$14192,14192,$0.13,$0.13,$175610,$0,$0,$1152039,$0,$595711,$12599,$438191,$1046501,$2213599,$1696276,$138785,$258353,$397138,$2093414,$0,$46559,$0,$120186,$2213599,$0,$0,$0,$0,$0,$0,$0,$0,$0,$0,$0,$0,$0,$0,$0,$0,$0,$0,$0,$0,$0,$0,$0,$0,$0,$0,$0,$0,$0
20,2009-09-30,4.81,$0.00,0.0,$2.62,1.84,$-1.21,0.0,$-0.10,0.0,$0.00B,$0.00B,0.0,$0.00B,$0.00B,0.0,$32.66B,$18.94B,58.01%,$32.66B,$-14.91B,-45.64%,$32.66B,0,0.00%,$32.66B,0,0.00%,$32.66B,$-2.11B,-6.45%,$32.66B,$-0.73B,-2.24%,$-0.73B,$0.00B,-1.36%,$-0.73B,$0.00B,-1.67%,$-0.73B,$0.00B,-0.05%,$-14.91B,$0.00B,-9.32%,$12536,$0,$12536,$0,$0,$0,$12536,$0,$12536,$0,$12536,$825,$825,$0,$0,$11959,11959,$0.07,$0.07,$0,$0,$0,$0,$0,$0,$0,$0,$0,$0,$0,$0,$0,$0,$0,$0,$0,$0,$0,$0,$0,$0,$0,$0,$0,$0,$0,$0,$0,$0,$0,$0,$0,$0,$0,$0,$0,$0,$0,$0,$0,$0,$0,$0,$0,$0,$0,$0,$0
21,2009-06-30,5.47,$0.00,0.0,$1.58,3.46,$-1.21,0.0,$-0.12,0.0,$1267.41B,$1658.94B,0.76,$135.84B,$78.00B,1.74,$17.86B,$4.14B,23.19%,$17.86B,$-29.71B,-166.38%,$17.86B,0,0.00%,$17.86B,0,0.00%,$17.86B,$-16.91B,-94.70%,$17.86B,$-1.10B,-6.13%,$-1.10B,$78.00B,-1.56%,$-1.10B,$65.69B,-1.88%,$-1.10B,$2052.73B,-0.06%,$-29.71B,$213.83B,-14.66%,$14803,$0,$14803,$0,$0,$0,$14803,$0,$14803,$0,$14803,$1000,$750,$0,$0,$14262,14262,$0.05,$0.05,$329649,$0,$0,$1267412,$0,$547146,$12311,$211431,$770889,$2052734,$1658938,$135838,$161309,$315799,$1974737,$16695,$42974,$0,$77996,$2052734,$0,$0,$0,$0,$0,$0,$0,$0,$0,$0,$0,$0,$0,$0,$0,$0,$0,$0,$0,$0,$0,$0,$0,$0,$0,$0,$0,$0,$0
22,2009-03-31,4.38,$0.00,0.0,$1.82,2.41,$-1.21,0.0,$-0.14,0.0,$1157.71B,$1639.90B,0.71,$132.73B,$57.93B,2.29,$18.96B,$2.97B,15.67%,$18.96B,$-29.66B,-156.40%,$18.96B,0,0.00%,$18.96B,0,0.00%,$18.96B,$-17.28B,-91.12%,$18.96B,$-1.34B,-7.08%,$-1.34B,$62.35B,-1.91%,$-1.34B,$46.64B,-2.28%,$-1.34B,$1934.99B,-0.07%,$-29.66B,$195.08B,-16.65%,$13387,$2209,$11178,$0,$10144,$12353,$1034,$0,$1434,$479,$955,$759,$759,$0,$0,$11647,11647,$0.07,$0.07,$66148,$0,$0,$1157711,$0,$376366,$15714,$374769,$766849,$1934994,$1639898,$132733,$100015,$232748,$1872645,$11276,$-6062,$0,$62349,$1934994,$-14680,$4104,$0,$4104,$0,$0,$0,$0,$-31467,$-11405,$-1183,$0,$1100,$0,$0,$-102705,$20128,$-82660,$0,$25670,$1237,$0,$8535,$-1532,$50961,$84870,$-10194,$0,$0
23,2008-12-31,5.49,$0.00,0.0,$4.66,1.18,$0.23,23.74,$0.39,14.07,$1077.35B,$1478.68B,0.73,$156.14B,$74.69B,2.09,$48.52B,$29.32B,60.43%,$48.52B,$-1.26B,-2.60%,$48.52B,0,0.00%,$48.52B,0,0.00%,$48.52B,$-1.28B,-2.64%,$48.52B,$4.14B,8.54%,$4.14B,$74.69B,5.63%,$4.14B,$62.67B,6.81%,$4.14B,$1988.92B,0.22%,$-1.26B,$230.83B,-0.70%,$4469,$11506,$-7037,$0,$19603,$35213,$-30743,$0,$-18344,$-2888,$-15456,$-2240,$-2240,$0,$0,$10372,10372,$-0.22,$-0.22,$77753,$0,$0,$1077353,$0,$454771,$12025,$431883,$898679,$1988916,$1478676,$156141,$262172,$435547,$1914222,$0,$43818,$0,$74694,$1988916,$0,$0,$0,$0,$0,$0,$0,$0,$0,$0,$0,$0,$0,$0,$0,$0,$0,$0,$0,$0,$0,$0,$0,$0,$0,$0,$0,$0,$0
24,2008-09-30,7.72,$0.00,0.0,$4.66,1.66,$0.23,33.41,$0.44,17.55,$1000.41B,$1484.72B,0.67,$105.21B,$65.84B,1.6,$48.52B,$29.32B,60.43%,$48.52B,$-1.26B,-2.60%,$48.52B,0,0.00%,$48.52B,0,0.00%,$48.52B,$-1.28B,-2.64%,$48.52B,$4.66B,9.61%,$4.66B,$65.84B,6.33%,$4.66B,$57.61B,7.55%,$4.66B,$1746.22B,0.26%,$-1.26B,$171.05B,-0.75%,$0,$0,$0,$0,$0,$0,$0,$0,$0,$0,$0,$0,$0,$0,$0,$0,0,$0.00,$0.00,$91333,$0,$0,$1000409,$0,$351162,$8230,$374920,$734311,$1746219,$1484717,$105213,$74904,$195661,$1680379,$0,$41327,$0,$65840,$1746219,$0,$0,$0,$0,$0,$0,$0,$0,$0,$0,$0,$0,$0,$0,$0,$0,$0,$0,$0,$0,$0,$0,$0,$0,$0,$0,$0,$0,$0
25,2008-06-30,7.72,$0.00,0.0,$4.66,1.66,$0.23,33.39,$0.41,18.82,$1031.78B,$1740.84B,0.59,$38.18B,$77.51B,0.49,$48.52B,$29.32B,60.43%,$48.52B,$-1.26B,-2.60%,$48.52B,0,0.00%,$48.52B,0,0.00%,$48.52B,$-1.28B,-2.64%,$48.52B,$4.28B,8.82%,$4.28B,$77.51B,5.71%,$4.28B,$68.46B,6.76%,$4.28B,$1940.73B,0.25%,$-1.26B,$115.69B,-0.83%,$0,$0,$0,$0,$0,$0,$0,$0,$0,$0,$0,$386,$386,$0,$0,$11501,11343,$0.03,$0.03,$138505,$0,$0,$1031778,$0,$473421,$9058,$413597,$896076,$1940725,$1740838,$38176,$68503,$122373,$1863211,$0,$45659,$0,$77514,$1940725,$0,$0,$0,$0,$0,$0,$0,$0,$0,$0,$0,$0,$0,$0,$0,$0,$0,$0,$0,$0,$0,$0,$0,$0,$0,$0,$0,$0,$0
26,2008-03-31,7.63,$0.00,0.0,$4.63,1.65,$0.23,33.01,$0.49,15.57,$1127.38B,$1408.46B,0.8,$123.08B,$74.19B,1.66,$48.11B,$29.33B,60.96%,$48.11B,$1.67B,3.47%,$48.11B,0,0.00%,$48.11B,0,0.00%,$48.11B,$0.11B,0.23%,$48.11B,$5.13B,10.66%,$5.13B,$76.41B,7.04%,$5.13B,$54.69B,8.29%,$5.13B,$1716.59B,0.31%,$1.67B,$199.49B,1.03%,$14495,$4487,$10008,$0,$8924,$13411,$1084,$0,$1064,$289,$775,$512,$512,$0,$0,$10428,10428,$0.05,$0.05,$104596,$0,$0,$1127375,$0,$379341,$21718,$178471,$579529,$1716586,$1408455,$123077,$108643,$231720,$1640175,$9762,$10574,$0,$76411,$1716586,$-4882,$3892,$16,$3908,$0,$0,$0,$0,$-10101,$3449,$-1045,$0,$1059,$0,$0,$-61954,$-8558,$-70498,$0,$1823,$-2863,$0,$-1352,$-1270,$82172,$78510,$11169,$0,$0
27,2007-12-31,8.18,$0.00,0.0,$1.36,6.01,0,0.0,$0.18,45.45,$999.50B,$1458.83B,0.69,$112.82B,$74.93B,1.51,$55.12B,$40.85B,74.11%,$55.12B,$11.95B,21.68%,$55.12B,0,0.00%,$55.12B,0,0.00%,$55.12B,$10.39B,18.86%,$55.12B,$6.40B,11.61%,$6.40B,$74.93B,8.29%,$6.40B,$66.25B,9.90%,$6.40B,$1757.47B,0.39%,$11.95B,$187.75B,7.12%,$34027,$14713,$19314,$0,$17769,$36374,$-2347,$0,$-2347,$3980,$-6327,$3245,$3245,$0,$0,$10389,10402,$0.31,$0.31,$196518,$0,$0,$999502,$0,$392258,$8681,$341591,$742530,$1757466,$1458825,$112824,$94012,$223712,$1682536,$0,$38435,$0,$74930,$1757466,$0,$0,$0,$0,$0,$0,$0,$0,$0,$0,$0,$0,$0,$0,$0,$0,$0,$0,$0,$0,$0,$0,$0,$0,$0,$0,$0,$0,$0
28,2007-09-30,7.96,$0.00,0.0,$1.36,5.85,0,0.0,$0.13,61.24,$913.39B,$1291.05B,0.71,$36.10B,$70.87B,0.51,$55.12B,$40.85B,74.11%,$55.12B,$11.95B,21.68%,$55.12B,0,0.00%,$55.12B,0,0.00%,$55.12B,$10.39B,18.86%,$55.12B,$5.88B,10.66%,$5.88B,$70.87B,7.87%,$5.88B,$63.62B,9.34%,$5.88B,$1519.16B,0.38%,$11.95B,$106.97B,7.90%,$0,$0,$0,$0,$0,$0,$0,$0,$0,$0,$0,$521,$521,$0,$0,$11035,11035,$0.05,$0.05,$171632,$0,$0,$913390,$0,$343649,$7252,$241121,$592023,$1519155,$1291052,$36096,$107412,$157229,$1448281,$0,$34288,$0,$70874,$1519155,$0,$0,$0,$0,$0,$0,$0,$0,$0,$0,$0,$0,$0,$0,$0,$0,$0,$0,$0,$0,$0,$0,$0,$0,$0,$0,$0,$0,$0
29,2007-06-30,9.66,$0.00,0.0,$1.36,7.1,0,0.0,$0.13,74.32,$842.91B,$1227.79B,0.69,$84.24B,$68.89B,1.22,$55.12B,$40.85B,74.11%,$55.12B,$11.95B,21.68%,$55.12B,0,0.00%,$55.12B,0,0.00%,$55.12B,$10.39B,18.86%,$55.12B,$5.88B,10.66%,$5.88B,$68.89B,7.92%,$5.88B,$62.74B,9.35%,$5.88B,$1541.43B,0.37%,$11.95B,$153.13B,7.66%,$0,$0,$0,$0,$0,$0,$0,$0,$0,$0,$0,$0,$0,$0,$0,$0,0,$0.00,$0.00,$115003,$0,$0,$842913,$0,$394475,$6151,$284371,$684997,$1541434,$1227789,$84243,$144400,$244759,$1472548,$11064,$33414,$0,$68886,$1541434,$0,$0,$0,$0,$0,$0,$0,$0,$0,$0,$0,$0,$0,$0,$0,$0,$0,$0,$0,$0,$0,$0,$0,$0,$0,$0,$0,$0,$0
30,2007-03-31,9.87,$0.00,0.0,$1.18,8.36,0,0.0,$0.20,49.36,$1047.18B,$1314.27B,0.8,$129.51B,$91.68B,1.41,$52.77B,$38.50B,72.95%,$52.77B,$10.21B,19.35%,$52.77B,0,0.00%,$52.77B,0,0.00%,$52.77B,$10.21B,19.36%,$52.77B,$6.49B,12.30%,$6.49B,$93.90B,9.29%,$6.49B,$65.91B,11.07%,$6.49B,$1675.83B,0.40%,$10.21B,$223.41B,6.65%,$14082,$4071,$10011,$0,$5997,$10068,$4014,$0,$2458,$997,$1461,$1361,$1361,$0,$0,$10341,10341,$0.13,$0.13,$121146,$0,$0,$1047175,$0,$444455,$27989,$145880,$618323,$1675826,$1314268,$129509,$138149,$267658,$1581926,$9762,$16887,$0,$93900,$1675826,$5232,$3455,$7,$3462,$0,$0,$0,$0,$-1632,$14067,$-858,$0,$0,$0,$0,$-23959,$2388,$-22429,$0,$-7483,$5331,$0,$-3133,$-1140,$-16039,$-22465,$-30597,$0,$0
31,2006-12-31,10.92,$0.00,0.0,$1.18,9.24,0,0.0,$0.20,54.58,$882.31B,$1288.80B,0.69,$56.80B,$64.88B,0.88,$38.22B,$28.11B,73.57%,$38.22B,$6.13B,16.04%,$38.22B,0,0.00%,$38.22B,0,0.00%,$38.22B,$6.13B,16.05%,$38.22B,$5.00B,13.09%,$5.00B,$64.88B,7.34%,$5.00B,$59.32B,8.87%,$5.00B,$1530.84B,0.31%,$6.13B,$121.68B,4.07%,$41035,$10197,$30838,$0,$19447,$33099,$7936,$0,$7936,$3700,$4237,$4524,$4516,$0,$0,$0,0,$0.00,$0.00,$146678,$0,$0,$882305,$0,$391682,$5564,$237738,$634984,$1530844,$1288799,$56795,$104526,$177163,$1465963,$0,$31288,$0,$64882,$1530844,$0,$0,$0,$0,$0,$0,$0,$0,$0,$0,$0,$0,$0,$0,$0,$0,$0,$0,$0,$0,$0,$0,$0,$0,$0,$0,$0,$0,$0
