,Date,Stock Price,Book Value per Share,Price to Book Ratio,TTM Sales per Share,Price to Sales Ratio,TTM FCF per Share,Price to FCF Ratio,TTM Net EPS,PE Ratio,Current Assets,Current Liabilities,Current Ratio,Long Term Debt,Shareholder's Equity_x,Debt to Equity Ratio,TTM Revenue_x,TTM Gross Profit,Gross Margin,TTM Revenue_y,TTM Operating Income,Operating Margin,TTM Revenue_x,TTM EBIT,EBIT Margin,TTM Revenue_y,TTM EBITDA,EBITDA Margin,TTM Revenue_x,TTM Pre-Tax Income,Pre-Tax Margin,TTM Revenue_y,TTM Net Income_x,Net Margin,TTM Net Income_y,Shareholder's Equity_y,Return on Equity,TTM Net Income_x,Tangible Equity,Return on Tangible Equity,TTM Net Income_y,Total Assets,Return on Assets,TTM Net Income,LT Investments & Debt,Return on Investment,revenue,cost-goods-sold,gross-profit,research-development-expenses,selling-general-administrative-expenses,operating-expenses,operating-income,total-non-operating-income-expense,pre-tax-income,total-provision-income-taxes,income-after-taxes,income-from-continuous-operations,net-income,ebitda,ebit,basic-shares-outstanding,shares-outstanding,eps-basic-net-earnings-per-share,eps-earnings-per-share-diluted,cash-on-hand,inventory,other-current-assets,total-current-assets,net-property-plant-equipment,long-term-investments,goodwill-intangible-assets-total,other-long-term-assets,total-long-term-assets,total-assets,total-current-liabilities,long-term-debt,other-non-current-liabilities,total-long-term-liabilities,total-liabilities,common-stock-net,retained-earnings-accumulated-deficit,comprehensive-income,total-share-holder-equity,total-liabilities-share-holders-equity,net-income-loss,total-depreciation-amortization-cash-flow,other-non-cash-items,total-non-cash-items,change-in-accounts-receivable,change-in-inventories,change-in-accounts-payable,change-in-assets-liabilities,total-change-in-assets-liabilities,cash-flow-from-operating-activities,net-change-in-property-plant-equipment,net-change-in-intangible-assets,net-acquisitions-divestitures,net-change-in-short-term-investments,net-change-in-long-term-investments,net-change-in-investments-total,investing-activities-other,cash-flow-from-investing-activities,net-long-term-debt,net-current-debt,debt-issuance-retirement-net-total,net-common-equity-issued-repurchased,net-total-equity-issued-repurchased,total-common-preferred-stock-dividends-paid,financial-activities-other,cash-flow-from-financial-activities,net-cash-flow,stock-based-compensation,common-stock-dividends-paid
0,2018-09-30,33.34,$27.55,1.21,$13.92,2.39,$1.99,16.79,$0.10,333.4,$1.38B,$0.88B,1.58,$2.90B,$4.77B,0.61,$2.42B,$2.42B,100.00%,$2.42B,$0.49B,20.12%,$2.42B,$0.49B,20.12%,$2.42B,$1.49B,61.67%,$2.42B,$0.33B,13.55%,$2.42B,$0.02B,0.87%,$0.02B,$4.77B,0.45%,$0.02B,$4.77B,0.45%,$0.02B,$10.03B,0.21%,$0.49B,$7.67B,6.42%,$675,$0,$675,$0,$197,$464,$211,$-64,$147,$51,$96,$96,$94,$461,$211,$173,174,$0.54,$0.54,$948,$95,$21,$1381,$8244,$0,$0,$0,$8645,$10027,$876,$2904,$700,$4384,$5260,$195,$5453,$-538,$4767,$10027,$308,$742,$-100,$643,$0,$0,$0,$-3,$-3,$997,$-857,$0,$0,$0,$0,$0,$0,$-857,$-7,$0,$-7,$0,$0,$-130,$-7,$-144,$-17,$0,$-130
1,2018-06-30,33.5,$27.00,1.24,$12.94,2.59,$2.24,14.98,$-0.82,0.0,$1.32B,$0.90B,1.46,$2.90B,$4.67B,0.62,$2.24B,$2.24B,100.00%,$2.24B,$0.31B,13.99%,$2.24B,$0.31B,13.99%,$2.24B,$1.33B,59.45%,$2.24B,$0.12B,5.21%,$2.24B,$-0.14B,-6.19%,$-0.14B,$4.67B,-2.93%,$-0.14B,$4.67B,-2.93%,$-0.14B,$9.95B,-1.39%,$0.31B,$7.57B,4.11%,$618,$0,$618,$0,$194,$476,$142,$-60,$82,$36,$46,$46,$46,$390,$142,$173,174,$0.26,$0.26,$901,$91,$22,$1315,$8208,$0,$0,$0,$8630,$9945,$904,$2897,$693,$4370,$5274,$195,$5403,$-575,$4672,$9945,$214,$492,$-135,$357,$0,$0,$0,$85,$85,$625,$-615,$0,$0,$0,$0,$0,$0,$-615,$-5,$0,$-5,$0,$0,$-87,$-7,$-98,$-64,$0,$-87
2,2018-03-31,25.42,$27.12,0.94,$12.33,2.06,$3.48,7.31,$-1.18,0.0,$1.31B,$0.87B,1.51,$2.90B,$4.69B,0.62,$2.13B,$2.13B,100.00%,$2.13B,$0.23B,10.97%,$2.13B,$0.23B,10.97%,$2.13B,$1.25B,58.62%,$2.13B,$0.01B,0.61%,$2.13B,$-0.20B,-9.51%,$-0.20B,$4.69B,-4.21%,$-0.20B,$4.69B,-4.21%,$-0.20B,$9.94B,-2.02%,$0.23B,$7.59B,3.08%,$586,$0,$586,$0,$188,$459,$127,$-30,$97,$-72,$169,$169,$168,$371,$127,$173,175,$0.97,$0.96,$939,$94,$23,$1308,$8208,$0,$0,$0,$8630,$9938,$866,$2899,$691,$4380,$5246,$195,$5400,$-545,$4692,$9938,$168,$244,$-135,$109,$0,$0,$0,$42,$42,$279,$-274,$0,$0,$0,$0,$0,$0,$-274,$-2,$0,$-2,$0,$0,$-43,$-7,$-52,$-26,$0,$-43
3,2017-12-31,30.26,$26.77,1.13,$12.88,2.35,$4.36,6.94,$-1.80,0.0,$1.37B,$0.83B,1.64,$2.91B,$4.62B,0.63,$2.23B,$2.23B,100.00%,$2.23B,$0.32B,14.47%,$2.23B,$0.32B,14.47%,$2.23B,$1.34B,60.27%,$2.23B,$0.07B,3.19%,$2.23B,$-0.31B,-14.07%,$-0.31B,$4.62B,-6.41%,$-0.31B,$4.62B,-6.41%,$-0.31B,$9.86B,-3.09%,$0.32B,$7.53B,4.27%,$542,$0,$542,$0,$190,$535,$7,$-5,$2,$287,$-285,$-285,$-287,$271,$7,$173,173,$-1.67,$-1.67,$965,$105,$23,$1372,$8220,$0,$0,$0,$8489,$9861,$834,$2907,$709,$4407,$5241,$195,$5245,$-462,$4620,$9861,$-312,$1019,$172,$1192,$0,$0,$0,$136,$136,$1130,$-940,$0,$0,$0,$108,$108,$0,$-832,$-26,$0,$-26,$0,$0,$-173,$-7,$-205,$92,$0,$-173
4,2017-09-30,25.67,$28.86,0.89,$12.40,2.07,$8.08,3.18,$-0.51,0.0,$1.45B,$0.83B,1.74,$2.91B,$4.98B,0.58,$2.14B,$2.14B,100.00%,$2.14B,$0.16B,7.57%,$2.14B,$0.16B,7.57%,$2.14B,$1.18B,55.16%,$2.14B,$-0.01B,-0.51%,$2.14B,$-0.09B,-4.20%,$-0.09B,$4.98B,-1.82%,$-0.09B,$4.98B,-1.82%,$-0.09B,$10.19B,-0.88%,$0.16B,$7.89B,2.16%,$498,$0,$498,$0,$164,$460,$38,$-102,$-64,$3,$-66,$-66,$-66,$302,$38,$173,173,$-0.38,$-0.38,$997,$120,$23,$1447,$8284,$0,$0,$0,$8746,$10193,$832,$2908,$748,$4381,$5213,$195,$5575,$-426,$4980,$10193,$-25,$756,$-105,$651,$0,$0,$0,$1,$1,$819,$-637,$0,$0,$0,$108,$108,$0,$-529,$-23,$0,$-23,$0,$0,$-129,$-7,$-159,$124,$0,$-129
5,2017-06-30,24.53,$28.84,0.85,$12.33,1.99,$10.82,2.27,$-0.22,0.0,$1.54B,$1.36B,1.14,$2.37B,$4.98B,0.48,$2.13B,$2.13B,100.00%,$2.13B,$0.16B,7.47%,$2.13B,$0.16B,7.47%,$2.13B,$1.18B,55.43%,$2.13B,$0.04B,1.69%,$2.13B,$-0.04B,-1.88%,$-0.04B,$4.98B,-0.80%,$-0.04B,$4.98B,-0.80%,$-0.04B,$10.14B,-0.39%,$0.16B,$7.35B,2.11%,$508,$0,$508,$0,$164,$447,$62,$-83,$-22,$-5,$-17,$-17,$-18,$307,$62,$173,173,$-0.10,$-0.10,$1058,$132,$62,$1541,$8164,$0,$0,$0,$8596,$10137,$1358,$2367,$703,$3801,$5159,$195,$5684,$-530,$4978,$10137,$41,$491,$-75,$416,$0,$0,$0,$43,$43,$591,$-367,$0,$0,$0,$72,$72,$0,$-296,$-12,$0,$-12,$0,$0,$-86,$-7,$-105,$186,$0,$-86
6,2017-03-31,27.11,$28.74,0.94,$11.92,2.27,$13.35,2.03,$-0.10,0.0,$1.61B,$1.47B,1.1,$2.42B,$4.96B,0.49,$2.06B,$2.06B,100.00%,$2.06B,$0.02B,0.87%,$2.06B,$0.02B,0.87%,$2.06B,$1.07B,51.80%,$2.06B,$-0.07B,-3.55%,$2.06B,$-0.02B,-0.92%,$-0.02B,$4.96B,-0.38%,$-0.02B,$4.96B,-0.38%,$-0.02B,$10.27B,-0.19%,$0.02B,$7.38B,0.24%,$677,$0,$677,$0,$173,$462,$215,$-60,$155,$97,$57,$57,$58,$461,$215,$172,173,$0.34,$0.34,$876,$130,$237,$1610,$8253,$0,$0,$0,$8662,$10272,$1469,$2422,$694,$3845,$5314,$195,$5745,$-603,$4958,$10272,$58,$246,$-61,$185,$0,$0,$0,$43,$43,$306,$-148,$0,$0,$0,$-99,$-99,$0,$-247,$-10,$0,$-10,$0,$0,$-43,$-6,$-59,$3,$0,$-43
7,2016-12-31,29.26,$28.55,1.02,$10.51,2.78,$11.47,2.55,$-1.60,0.0,$1.56B,$1.50B,1.04,$2.42B,$4.92B,0.49,$1.81B,$1.81B,100.00%,$1.81B,$-0.41B,-22.47%,$1.81B,$-0.41B,-22.47%,$1.81B,$0.69B,38.27%,$1.81B,$-0.49B,-27.22%,$1.81B,$-0.28B,-15.24%,$-0.28B,$4.92B,-5.42%,$-0.28B,$4.92B,-5.42%,$-0.28B,$10.30B,-2.62%,$-0.41B,$7.34B,-5.15%,$458,$0,$458,$0,$193,$611,$-153,$73,$-80,$-17,$-63,$-63,$-64,$111,$-153,$172,172,$-0.37,$-0.37,$873,$127,$139,$1559,$8316,$0,$0,$0,$8737,$10296,$1502,$2423,$767,$3877,$5379,$195,$5730,$-628,$4917,$10296,$-276,$1101,$-231,$871,$0,$0,$0,$-39,$-39,$601,$228,$0,$0,$0,$65,$65,$-7,$286,$-69,$0,$-69,$0,$0,$-207,$-15,$-291,$590,$0,$-207
8,2016-09-30,28.32,$29.53,0.96,$11.10,2.55,$1.25,22.63,$-4.64,0.0,$1.61B,$0.91B,1.76,$2.97B,$5.09B,0.59,$1.92B,$1.92B,100.00%,$1.92B,$-1.13B,-59.04%,$1.92B,$-1.13B,-59.04%,$1.92B,$0.02B,0.99%,$1.92B,$-1.06B,-55.18%,$1.92B,$-0.80B,-41.64%,$-0.80B,$5.09B,-15.39%,$-0.80B,$5.09B,-15.39%,$-0.80B,$10.39B,-7.39%,$-1.13B,$8.06B,-13.89%,$486,$0,$486,$0,$175,$451,$35,$-51,$-17,$-2,$-15,$-15,$-16,$301,$35,$172,172,$-0.09,$-0.09,$753,$162,$148,$1605,$8440,$0,$0,$0,$8789,$10394,$914,$2974,$749,$4394,$5308,$195,$5837,$-571,$5086,$10394,$-212,$837,$-202,$635,$0,$0,$0,$-153,$-153,$280,$373,$0,$0,$0,$62,$62,$-7,$427,$-66,$0,$-66,$0,$0,$-164,$-15,$-245,$470,$0,$-164
9,2016-06-30,29.32,$30.03,0.98,$12.43,2.36,$-5.18,0.0,$-13.81,0.0,$1.04B,$0.88B,1.18,$2.44B,$5.17B,0.47,$2.15B,$2.15B,100.00%,$2.15B,$-3.50B,-162.99%,$2.15B,$-3.50B,-162.99%,$2.15B,$-2.16B,-100.70%,$2.15B,$-3.45B,-160.61%,$2.15B,$-2.38B,-110.71%,$-2.38B,$5.17B,-43.81%,$-2.38B,$5.17B,-43.81%,$-2.38B,$9.92B,-20.91%,$-3.50B,$7.61B,-41.28%,$437,$0,$437,$0,$224,$516,$-79,$-53,$-131,$-134,$3,$3,$3,$193,$-79,$172,173,$0.02,$0.02,$267,$154,$163,$1038,$8565,$0,$0,$0,$8877,$9915,$881,$2435,$746,$3862,$4743,$195,$5896,$-537,$5172,$9915,$-196,$571,$-187,$384,$0,$0,$0,$-87,$-87,$113,$549,$0,$0,$0,$50,$50,$-8,$591,$-605,$0,$-605,$0,$0,$-121,$-1,$-727,$-16,$0,$-121
10,2016-03-31,23.0,$30.23,0.76,$14.13,1.63,$-10.71,0.0,$-14.25,0.0,$1.70B,$1.38B,1.23,$3.41B,$5.21B,0.66,$2.45B,$2.45B,100.00%,$2.45B,$-3.46B,-141.24%,$2.45B,$-3.46B,-141.24%,$2.45B,$-1.96B,-80.20%,$2.45B,$-3.43B,-140.02%,$2.45B,$-2.46B,-100.24%,$-2.46B,$5.21B,-40.24%,$-2.46B,$5.21B,-40.24%,$-2.46B,$11.46B,-19.36%,$-3.46B,$8.62B,-36.95%,$430,$0,$430,$0,$233,$641,$-210,$-55,$-265,$-66,$-199,$-199,$-199,$88,$-210,$172,172,$-1.16,$-1.16,$423,$167,$410,$1699,$9492,$0,$0,$0,$9762,$11461,$1378,$3410,$823,$4878,$6256,$195,$5953,$-553,$5205,$11461,$-199,$299,$21,$319,$0,$0,$0,$-104,$-104,$43,$-210,$0,$0,$0,$38,$38,$-22,$-194,$368,$0,$368,$0,$0,$-60,$-1,$307,$140,$0,$-60
11,2015-12-31,20.06,$30.85,0.65,$16.80,1.19,$-9.02,0.0,$-13.17,0.0,$1.40B,$1.68B,0.83,$3.04B,$5.31B,0.57,$2.94B,$2.94B,100.00%,$2.94B,$-3.26B,-110.71%,$2.94B,$-3.26B,-110.71%,$2.94B,$-1.56B,-52.87%,$2.94B,$-3.28B,-111.59%,$2.94B,$-2.27B,-77.18%,$-2.27B,$5.31B,-33.13%,$-2.27B,$5.31B,-33.13%,$-2.27B,$11.49B,-16.68%,$-3.26B,$8.35B,-32.86%,$566,$0,$566,$0,$257,$1445,$-879,$233,$-646,$-63,$-583,$-583,$-587,$-563,$-879,$174,174,$-3.27,$-3.27,$283,$167,$212,$1397,$9818,$0,$0,$0,$10097,$11494,$1675,$3041,$793,$4512,$6187,$195,$6212,$-705,$5307,$11494,$-2271,$1702,$1722,$3424,$0,$0,$0,$35,$35,$1183,$-2126,$0,$0,$0,$217,$217,$-14,$-1922,$140,$0,$140,$-250,$-250,$-245,$-9,$-365,$-910,$0,$-245
12,2015-09-30,21.36,$35.04,0.61,$21.37,1.0,$1.02,20.84,$-7.66,0.0,$2.17B,$1.65B,1.31,$3.33B,$6.03B,0.55,$3.78B,$3.78B,100.00%,$3.78B,$-2.07B,-54.61%,$3.78B,$-2.07B,-54.61%,$3.78B,$-0.11B,-2.85%,$3.78B,$-2.42B,-63.94%,$3.78B,$-1.31B,-34.58%,$-1.31B,$6.03B,-17.06%,$-1.31B,$6.03B,-17.06%,$-1.31B,$12.63B,-8.77%,$-2.07B,$9.36B,-19.50%,$715,$0,$715,$0,$256,$3048,$-2333,$-75,$-2408,$-821,$-1587,$-1587,$-1595,$-1881,$-2333,$172,172,$-9.26,$-9.26,$879,$181,$468,$2166,$10169,$0,$0,$0,$10462,$12628,$1651,$3328,$886,$4948,$6600,$195,$6860,$-622,$6028,$12628,$-1684,$1386,$1339,$2725,$0,$0,$0,$97,$97,$1097,$-1551,$0,$0,$0,$-13,$-13,$-20,$-1584,$428,$0,$428,$-250,$-250,$-185,$-9,$-16,$-315,$0,$-185
13,2015-06-30,36.3,$45.53,0.8,$25.23,1.44,$1.04,34.85,$2.97,12.22,$2.50B,$1.81B,1.38,$3.27B,$7.87B,0.42,$4.50B,$4.50B,100.00%,$4.50B,$0.74B,16.33%,$4.50B,$0.74B,16.33%,$4.50B,$2.76B,61.32%,$4.50B,$0.39B,8.55%,$4.50B,$0.53B,11.84%,$0.53B,$7.87B,6.45%,$0.53B,$7.87B,6.46%,$0.53B,$15.15B,3.29%,$0.74B,$11.13B,6.47%,$738,$0,$738,$0,$307,$775,$-37,$-73,$-110,$-21,$-89,$-89,$-74,$392,$-37,$174,174,$-0.42,$-0.42,$909,$209,$675,$2499,$12578,$0,$0,$0,$12651,$15150,$1807,$3265,$845,$5477,$7284,$195,$8515,$-430,$7866,$15150,$-88,$934,$-223,$711,$0,$0,$0,$107,$107,$715,$-1011,$0,$0,$0,$34,$34,$-21,$-997,$368,$0,$368,$-250,$-250,$-125,$-9,$-15,$-284,$0,$-125
14,2015-03-31,40.38,$46.10,0.88,$28.49,1.42,$0.61,66.12,$4.11,9.83,$2.59B,$2.18B,1.19,$2.59B,$8.20B,0.32,$5.11B,$5.11B,100.00%,$5.11B,$1.15B,22.42%,$5.11B,$1.15B,22.42%,$5.11B,$3.23B,63.15%,$5.11B,$0.80B,15.65%,$5.11B,$0.74B,14.40%,$0.74B,$8.20B,8.77%,$0.74B,$8.20B,8.79%,$0.74B,$15.16B,4.35%,$1.15B,$10.80B,9.87%,$922,$0,$922,$0,$319,$929,$-7,$-110,$-118,$-121,$4,$4,$-14,$497,$-7,$178,178,$-0.08,$-0.08,$981,$224,$731,$2588,$12481,$0,$0,$35,$12573,$15161,$2177,$2592,$830,$4779,$6956,$195,$8651,$-465,$8204,$15161,$-14,$505,$-212,$293,$0,$0,$0,$259,$259,$534,$-407,$0,$0,$0,$36,$36,$-0,$-371,$-297,$0,$-297,$0,$0,$-62,$-9,$-369,$-212,$0,$-62
15,2014-12-31,43.48,$48.30,0.9,$30.37,1.43,$-1.58,0.0,$5.04,8.63,$3.28B,$3.15B,1.04,$2.52B,$8.57B,0.29,$5.48B,$5.48B,100.00%,$5.48B,$1.55B,28.31%,$5.48B,$1.55B,28.31%,$5.48B,$3.54B,64.65%,$5.48B,$1.25B,22.86%,$5.48B,$0.91B,16.53%,$0.91B,$8.57B,10.75%,$0.91B,$8.57B,10.79%,$0.91B,$16.72B,5.17%,$1.55B,$11.09B,13.08%,$1408,$0,$1408,$0,$370,$1096,$311,$-94,$217,$-225,$442,$442,$375,$884,$311,$179,180,$2.10,$2.09,$1193,$243,$837,$3279,$13331,$0,$0,$51,$13445,$16724,$3148,$2518,$850,$5002,$8150,$195,$8728,$-170,$8573,$16724,$906,$1989,$182,$2171,$0,$0,$0,$-4,$-4,$3049,$-2212,$0,$0,$0,$-86,$-86,$-19,$-2318,$75,$0,$75,$-375,$-375,$-236,$-8,$-545,$443,$0,$-236
16,2014-09-30,48.66,$47.34,1.03,$29.67,1.64,$-8.22,0.0,$3.34,14.57,$3.29B,$2.62B,1.26,$3.99B,$8.40B,0.47,$5.42B,$5.42B,100.00%,$5.42B,$1.50B,27.68%,$5.42B,$1.50B,27.68%,$5.42B,$3.35B,61.76%,$5.42B,$1.23B,22.71%,$5.42B,$0.61B,11.17%,$0.61B,$8.40B,7.18%,$0.61B,$8.36B,7.21%,$0.61B,$17.85B,3.42%,$1.50B,$12.39B,12.54%,$1433,$0,$1433,$0,$348,$965,$468,$-71,$396,$125,$271,$271,$246,$987,$468,$178,179,$1.38,$1.37,$674,$300,$1196,$3287,$14373,$0,$38,$61,$14559,$17846,$2620,$3986,$973,$6823,$9443,$195,$8415,$-18,$8403,$17846,$530,$1417,$363,$1779,$0,$0,$0,$7,$7,$2334,$-2804,$0,$0,$0,$-85,$-85,$-19,$-2908,$1050,$0,$1050,$-375,$-375,$-174,$-8,$493,$-76,$0,$-174
17,2014-06-30,56.51,$47.30,1.19,$29.20,1.94,$-5.68,0.0,$3.48,16.24,$3.23B,$2.85B,1.13,$3.79B,$8.40B,0.45,$5.40B,$5.40B,100.00%,$5.40B,$1.55B,28.69%,$5.40B,$1.55B,28.69%,$5.40B,$3.30B,61.00%,$5.40B,$1.30B,24.03%,$5.40B,$0.64B,11.92%,$0.64B,$8.40B,7.53%,$0.64B,$8.36B,7.56%,$0.64B,$17.87B,3.66%,$1.55B,$12.19B,13.21%,$1349,$0,$1349,$0,$381,$975,$374,$-70,$305,$162,$143,$143,$129,$860,$374,$179,180,$0.72,$0.72,$661,$289,$1045,$3233,$14197,$0,$40,$302,$14641,$17874,$2851,$3786,$999,$6625,$9475,$195,$8231,$173,$8399,$17874,$285,$897,$203,$1100,$0,$0,$0,$48,$48,$1455,$-1837,$0,$0,$0,$-53,$-53,$-13,$-1903,$850,$0,$850,$-375,$-375,$-112,$-8,$355,$-89,$0,$-112
18,2014-03-31,53.16,$46.28,1.15,$28.72,1.85,$-4.53,0.0,$4.88,10.89,$3.37B,$3.06B,1.1,$3.42B,$8.30B,0.41,$5.39B,$5.39B,100.00%,$5.39B,$1.68B,31.16%,$5.39B,$1.68B,31.16%,$5.39B,$3.34B,61.97%,$5.39B,$1.45B,26.87%,$5.39B,$0.92B,17.05%,$0.92B,$8.30B,10.51%,$0.92B,$8.27B,10.55%,$0.92B,$17.55B,5.14%,$1.68B,$11.72B,14.30%,$1286,$0,$1286,$0,$354,$889,$397,$-63,$334,$165,$169,$169,$155,$809,$397,$181,183,$0.86,$0.85,$649,$293,$1243,$3374,$13655,$0,$39,$389,$14178,$17551,$3057,$3416,$951,$6190,$9247,$195,$8158,$37,$8304,$17551,$155,$412,$137,$549,$0,$0,$0,$19,$19,$726,$-996,$0,$0,$0,$3,$3,$-4,$-997,$479,$0,$479,$-250,$-250,$-56,$-7,$166,$-102,$0,$-56
19,2013-12-31,54.57,$46.87,1.16,$28.40,1.92,$-3.28,0.0,$5.91,9.23,$3.51B,$3.22B,1.09,$2.94B,$8.60B,0.34,$5.39B,$5.39B,100.00%,$5.39B,$1.68B,31.21%,$5.39B,$1.68B,31.21%,$5.39B,$3.31B,61.39%,$5.39B,$1.47B,27.33%,$5.39B,$1.12B,20.85%,$1.12B,$8.60B,12.56%,$1.12B,$8.56B,12.62%,$1.12B,$17.51B,6.28%,$1.68B,$11.53B,14.36%,$1348,$0,$1348,$0,$517,$1088,$260,$-65,$195,$14,$180,$180,$75,$689,$260,$188,189,$0.44,$0.43,$750,$294,$1319,$3509,$13481,$0,$40,$381,$14001,$17509,$3224,$2937,$948,$5690,$8914,$195,$8059,$172,$8596,$17509,$1123,$1629,$256,$1885,$0,$0,$0,$266,$266,$3211,$-3589,$0,$0,$0,$-259,$-259,$0,$-3848,$350,$0,$350,$-497,$-497,$-235,$575,$194,$-197,$0,$-235
20,2013-09-30,50.48,$47.69,1.06,$27.98,1.8,$-4.53,0.0,$6.33,7.97,$3.77B,$3.18B,1.18,$2.58B,$8.92B,0.29,$5.35B,$5.35B,100.00%,$5.35B,$1.64B,30.66%,$5.35B,$1.64B,30.66%,$5.35B,$3.19B,59.61%,$5.35B,$1.48B,27.65%,$5.35B,$1.21B,22.60%,$1.21B,$8.92B,13.37%,$1.21B,$8.88B,13.43%,$1.21B,$17.49B,6.75%,$1.64B,$11.50B,14.09%,$1419,$0,$1419,$0,$358,$900,$519,$-55,$464,$199,$265,$265,$285,$937,$519,$187,188,$1.52,$1.51,$1034,$628,$290,$3771,$13544,$0,$41,$0,$13720,$17491,$3184,$2583,$818,$5389,$8573,$195,$8035,$279,$8918,$17491,$1048,$1199,$480,$1679,$0,$0,$0,$-25,$-25,$2679,$-2694,$0,$0,$0,$-174,$-174,$122,$-2746,$0,$0,$0,$-247,$-247,$-178,$579,$154,$87,$0,$-178
21,2013-06-30,43.93,$48.87,0.9,$34.01,1.29,$-4.78,0.0,$5.98,7.35,$4.42B,$3.75B,1.18,$3.05B,$9.13B,0.33,$6.57B,$5.13B,78.00%,$6.57B,$1.51B,22.94%,$6.57B,$1.51B,22.94%,$6.57B,$2.95B,44.87%,$6.57B,$1.39B,21.16%,$6.57B,$1.15B,17.50%,$1.15B,$9.13B,12.49%,$1.15B,$9.09B,12.55%,$1.15B,$18.83B,6.51%,$1.51B,$12.18B,13.17%,$1332,$0,$1332,$0,$339,$830,$502,$-47,$454,$194,$260,$260,$403,$902,$502,$189,190,$2.13,$2.12,$974,$759,$130,$4416,$14233,$0,$41,$0,$14409,$18825,$3752,$3046,$820,$5938,$9691,$195,$8361,$182,$9134,$18825,$763,$781,$279,$1060,$0,$0,$0,$-132,$-132,$1669,$-1854,$0,$0,$0,$-14,$-14,$161,$-1707,$462,$0,$462,$-247,$-247,$-119,$-12,$84,$27,$0,$-119
22,2013-03-31,45.76,$47.85,0.96,$63.74,0.72,$-3.68,0.0,$5.38,8.51,$4.10B,$3.27B,1.25,$2.51B,$9.14B,0.27,$12.40B,$5.32B,42.91%,$12.40B,$1.51B,12.15%,$12.40B,$1.51B,12.15%,$12.40B,$2.91B,23.45%,$12.40B,$1.43B,11.49%,$12.40B,$1.04B,8.40%,$1.04B,$9.14B,11.26%,$1.04B,$9.10B,11.32%,$1.04B,$17.75B,6.23%,$1.51B,$11.65B,13.78%,$1291,$0,$1291,$0,$419,$890,$401,$-41,$360,$177,$183,$183,$361,$781,$401,$191,192,$1.89,$1.88,$1117,$630,$221,$4099,$13421,$0,$42,$49,$13653,$17752,$3272,$2507,$783,$5341,$8613,$195,$8018,$294,$9138,$17752,$361,$381,$93,$473,$0,$0,$0,$101,$101,$921,$-965,$0,$0,$0,$-100,$-100,$131,$-934,$262,$0,$262,$1,$1,$-60,$-7,$196,$170,$0,$-60
23,2012-12-31,42.54,$46.91,0.91,$92.70,0.46,$-1.25,0.0,$4.99,8.52,$4.11B,$3.41B,1.21,$2.25B,$8.94B,0.25,$18.07B,$5.47B,30.30%,$18.07B,$1.59B,8.77%,$18.07B,$1.59B,8.77%,$18.07B,$2.98B,16.47%,$18.07B,$1.53B,8.47%,$18.07B,$0.97B,5.38%,$0.97B,$8.94B,10.50%,$0.97B,$8.90B,10.55%,$0.97B,$17.52B,6.06%,$1.59B,$11.19B,15.29%,$1303,$0,$1303,$0,$378,$1086,$217,$-16,$200,$77,$124,$124,$159,$566,$217,$193,194,$0.82,$0.82,$947,$752,$131,$4109,$13012,$0,$43,$208,$13414,$17523,$3409,$2245,$865,$5172,$8581,$195,$7717,$409,$8942,$17523,$971,$1390,$599,$1988,$0,$0,$0,$-168,$-168,$2911,$-3542,$0,$0,$0,$416,$416,$0,$-3125,$1645,$0,$1645,$-238,$-238,$-714,$-8,$686,$433,$0,$-714
24,2012-09-30,36.48,$49.48,0.74,$120.93,0.3,$0.63,57.76,$3.58,10.19,$4.10B,$3.23B,1.27,$1.19B,$9.62B,0.12,$23.56B,$5.72B,24.29%,$23.56B,$1.47B,6.26%,$23.56B,$1.47B,6.26%,$23.56B,$2.71B,11.52%,$23.56B,$1.42B,6.02%,$23.56B,$0.70B,2.96%,$0.70B,$9.62B,7.58%,$0.70B,$9.57B,7.62%,$0.70B,$16.59B,4.60%,$1.47B,$10.80B,15.00%,$2647,$1446,$1201,$0,$407,$2258,$388,$-11,$377,$166,$212,$212,$227,$700,$388,$194,195,$1.17,$1.16,$817,$829,$514,$4102,$12112,$0,$43,$186,$12488,$16590,$3225,$1185,$740,$3748,$6973,$194,$8106,$459,$9617,$16590,$812,$1040,$380,$1420,$0,$0,$0,$-252,$-252,$2101,$-2167,$0,$0,$-1361,$1401,$40,$-104,$-2230,$585,$0,$585,$11,$11,$-168,$-6,$423,$303,$0,$-168
25,2012-06-30,33.98,$47.90,0.71,$144.50,0.24,$1.26,26.98,$4.51,7.53,$3.44B,$2.55B,1.35,$0.79B,$9.31B,0.09,$28.13B,$6.01B,21.38%,$28.13B,$1.64B,5.82%,$28.13B,$1.64B,5.82%,$28.13B,$2.86B,10.18%,$28.13B,$1.57B,5.57%,$28.13B,$0.88B,3.12%,$0.88B,$9.31B,9.72%,$0.88B,$9.26B,9.77%,$0.88B,$15.00B,5.89%,$1.64B,$10.10B,17.06%,$7158,$5631,$1526,$0,$620,$6658,$500,$-12,$488,$197,$291,$291,$295,$861,$500,$194,195,$1.52,$1.52,$672,$763,$471,$3444,$11346,$0,$42,$0,$11557,$15001,$2551,$792,$627,$3145,$5696,$194,$7940,$330,$9305,$15001,$586,$728,$104,$833,$0,$0,$0,$-103,$-103,$1347,$-1322,$0,$0,$0,$61,$61,$-17,$-1277,$192,$0,$192,$9,$9,$-107,$-6,$88,$158,$0,$-107
26,2012-03-31,37.8,$46.97,0.8,$145.82,0.26,$-0.32,0.0,$4.59,8.23,$3.81B,$3.25B,1.17,$0.25B,$9.12B,0.03,$28.39B,$5.95B,20.97%,$28.39B,$1.66B,5.85%,$28.39B,$1.66B,5.85%,$28.39B,$2.82B,9.94%,$28.39B,$1.58B,5.58%,$28.39B,$0.89B,3.15%,$0.89B,$9.12B,10.04%,$0.89B,$9.08B,10.09%,$0.89B,$14.94B,5.95%,$1.66B,$9.37B,17.36%,$6957,$5514,$1443,$0,$577,$6477,$480,$-15,$466,$184,$281,$281,$290,$848,$480,$194,195,$1.50,$1.49,$937,$662,$494,$3805,$10923,$0,$43,$0,$11132,$14937,$3246,$250,$614,$2572,$5818,$194,$7698,$398,$9119,$14937,$290,$367,$16,$383,$0,$0,$0,$301,$301,$991,$-562,$0,$0,$0,$38,$38,$-2,$-526,$-0,$0,$-0,$7,$7,$-53,$-4,$-51,$423,$0,$-53
27,2011-12-31,37.27,$45.31,0.82,$142.35,0.26,$-2.45,0.0,$4.48,8.32,$3.45B,$2.83B,1.22,$0.25B,$8.78B,0.03,$27.70B,$5.83B,21.03%,$27.70B,$1.61B,5.80%,$27.70B,$1.61B,5.80%,$27.70B,$2.70B,9.74%,$27.70B,$1.53B,5.52%,$27.70B,$0.87B,3.15%,$0.87B,$8.78B,9.97%,$0.87B,$8.74B,10.02%,$0.87B,$14.14B,5.81%,$1.61B,$9.03B,16.73%,$6794,$5242,$1552,$0,$596,$6688,$106,$-19,$86,$204,$-118,$-118,$-114,$305,$106,$194,194,$-0.59,$-0.59,$514,$667,$532,$3448,$10475,$0,$42,$0,$10690,$14138,$2825,$250,$616,$2535,$5360,$194,$7461,$310,$8778,$14138,$873,$1091,$866,$1956,$0,$0,$0,$-760,$-760,$2145,$-2411,$0,$0,$0,$84,$84,$712,$-1614,$-340,$0,$-340,$16,$16,$-213,$-11,$-548,$-22,$0,$-213
28,2011-09-30,29.38,$45.93,0.64,$128.45,0.23,$3.48,8.45,$5.97,4.92,$4.46B,$3.46B,1.29,$0.98B,$8.89B,0.11,$24.97B,$5.21B,20.86%,$24.97B,$1.75B,7.02%,$24.97B,$1.75B,7.02%,$24.97B,$2.95B,11.79%,$24.97B,$1.69B,6.75%,$24.97B,$1.16B,4.65%,$1.16B,$8.89B,13.48%,$1.16B,$8.85B,13.55%,$1.16B,$15.49B,7.72%,$1.75B,$9.86B,18.20%,$7220,$5728,$1492,$0,$585,$6670,$550,$-23,$527,$179,$347,$347,$406,$849,$550,$194,194,$2.10,$2.09,$1279,$639,$572,$4461,$10339,$0,$41,$466,$11030,$15491,$3464,$975,$567,$3139,$6603,$194,$7628,$272,$8888,$15491,$987,$892,$268,$1159,$0,$0,$0,$-305,$-305,$1877,$-1820,$0,$0,$-1233,$1356,$123,$352,$-1345,$385,$0,$385,$8,$8,$-160,$-13,$221,$743,$0,$-160
29,2011-06-30,43.46,$45.63,0.95,$118.20,0.37,$6.35,6.84,$4.93,8.81,$4.21B,$3.34B,1.26,$1.19B,$8.83B,0.13,$22.95B,$4.93B,21.47%,$22.95B,$1.57B,6.85%,$22.95B,$1.57B,6.85%,$22.95B,$2.74B,11.92%,$22.95B,$1.51B,6.58%,$22.95B,$0.96B,4.17%,$0.96B,$8.83B,11.43%,$0.96B,$8.79B,11.49%,$0.96B,$15.57B,6.56%,$1.57B,$10.01B,16.70%,$7416,$5949,$1467,$0,$563,$6891,$525,$-20,$505,$225,$280,$280,$312,$819,$525,$193,195,$1.61,$1.60,$801,$913,$538,$4214,$11062,$0,$44,$0,$11354,$15567,$3343,$1185,$577,$3395,$6738,$194,$7275,$577,$8829,$15567,$581,$593,$131,$723,$0,$0,$0,$-456,$-456,$918,$-1200,$0,$0,$-676,$754,$78,$-25,$-1147,$595,$0,$595,$8,$8,$-106,$-12,$485,$265,$0,$-106
30,2011-03-31,48.4,$44.11,1.1,$109.10,0.44,$9.70,4.99,$4.74,10.21,$3.92B,$3.18B,1.23,$0.97B,$8.53B,0.11,$21.13B,$4.80B,22.71%,$21.13B,$1.51B,7.15%,$21.13B,$1.51B,7.15%,$21.13B,$2.70B,12.80%,$21.13B,$1.45B,6.87%,$21.13B,$0.92B,4.34%,$0.92B,$8.53B,11.35%,$0.92B,$8.49B,11.41%,$0.92B,$14.88B,6.51%,$1.51B,$9.51B,16.53%,$6272,$4956,$1315,$0,$534,$5845,$426,$-15,$411,$173,$238,$238,$269,$725,$426,$193,195,$1.39,$1.38,$689,$750,$457,$3921,$10660,$0,$44,$0,$10963,$14884,$3181,$974,$580,$3172,$6353,$194,$7017,$551,$8531,$14884,$269,$299,$57,$356,$0,$0,$0,$-140,$-140,$523,$-509,$0,$0,$160,$0,$160,$-13,$-363,$35,$0,$35,$7,$7,$-53,$-4,$-15,$154,$0,$-53
31,2010-12-31,48.95,$42.52,1.15,$103.72,0.47,$11.18,4.38,$4.13,11.85,$3.55B,$2.93B,1.21,$0.94B,$8.20B,0.12,$20.04B,$4.69B,23.38%,$20.04B,$1.39B,6.94%,$20.04B,$1.39B,6.94%,$20.04B,$2.61B,13.01%,$20.04B,$1.33B,6.62%,$20.04B,$0.80B,3.98%,$0.80B,$8.20B,10.17%,$0.80B,$8.16B,10.22%,$0.80B,$14.23B,5.84%,$1.39B,$9.14B,15.53%,$4064,$3129,$935,$0,$346,$3812,$252,$-10,$242,$111,$130,$130,$174,$552,$252,$192,193,$0.90,$0.90,$536,$762,$617,$3551,$10368,$0,$43,$0,$10683,$14233,$2931,$939,$555,$3103,$6034,$193,$6801,$449,$8200,$14233,$798,$1216,$324,$1540,$0,$0,$0,$640,$640,$3129,$-2248,$0,$-40,$0,$162,$162,$-204,$-2329,$-414,$0,$-414,$43,$43,$-201,$7,$-566,$235,$0,$-201
32,2010-09-30,40.49,$41.42,0.98,$101.96,0.4,$6.52,6.21,$4.88,8.3,$3.46B,$2.75B,1.26,$1.02B,$7.97B,0.13,$19.68B,$4.86B,24.70%,$19.68B,$1.65B,8.40%,$19.68B,$1.65B,8.40%,$19.68B,$2.81B,14.26%,$19.68B,$1.58B,8.02%,$19.68B,$0.94B,4.79%,$0.94B,$7.97B,12.35%,$0.94B,$7.93B,12.42%,$0.94B,$13.73B,7.09%,$1.65B,$8.99B,18.69%,$5200,$3990,$1210,$0,$502,$4831,$369,$-16,$353,$155,$197,$197,$203,$639,$369,$192,193,$1.06,$1.05,$462,$838,$630,$3457,$9846,$0,$42,$0,$10276,$13733,$2752,$1024,$496,$3014,$5766,$193,$6680,$369,$7967,$13733,$624,$916,$120,$1036,$0,$0,$0,$417,$417,$2201,$-1589,$0,$-117,$-1863,$2011,$149,$-31,$-1588,$-329,$0,$-329,$26,$26,$-148,$4,$-447,$161,$0,$-148
33,2010-06-30,32.23,$39.98,0.81,$101.98,0.32,$1.44,22.38,$4.81,6.7,$3.72B,$2.72B,1.36,$1.23B,$7.67B,0.16,$19.67B,$4.74B,24.12%,$19.67B,$1.61B,8.20%,$19.67B,$1.61B,8.20%,$19.67B,$2.76B,14.04%,$19.67B,$1.54B,7.83%,$19.67B,$0.93B,4.72%,$0.93B,$7.67B,12.59%,$0.93B,$7.63B,12.66%,$0.93B,$13.55B,7.18%,$1.61B,$8.89B,18.52%,$5592,$4253,$1339,$0,$529,$5129,$463,$-18,$445,$173,$272,$272,$272,$788,$463,$192,193,$1.42,$1.41,$399,$1022,$803,$3716,$9416,$0,$40,$0,$9832,$13547,$2724,$1227,$487,$3157,$5880,$192,$6530,$251,$7667,$13547,$421,$645,$52,$698,$0,$0,$0,$250,$250,$1448,$-1080,$0,$0,$-1263,$1239,$-24,$-23,$-1126,$-124,$0,$-124,$15,$15,$-96,$-5,$-210,$98,$0,$-96
34,2010-03-31,36.4,$39.45,0.92,$96.72,0.38,$-3.09,0.0,$4.23,8.6,$3.49B,$2.45B,1.42,$1.23B,$7.55B,0.16,$18.63B,$4.39B,23.54%,$18.63B,$1.43B,7.66%,$18.63B,$1.43B,7.66%,$18.63B,$2.48B,13.33%,$18.63B,$1.37B,7.33%,$18.63B,$0.82B,4.38%,$0.82B,$7.55B,11.46%,$0.82B,$7.51B,11.52%,$0.82B,$13.17B,6.49%,$1.43B,$8.79B,16.75%,$5180,$3979,$1201,$0,$531,$4874,$306,$-20,$286,$137,$149,$149,$149,$627,$306,$191,193,$0.78,$0.77,$300,$754,$896,$3486,$9307,$0,$42,$0,$9684,$13170,$2451,$1231,$502,$3165,$5616,$192,$6305,$381,$7554,$13170,$149,$321,$40,$361,$0,$0,$0,$244,$244,$829,$-530,$0,$0,$-117,$0,$-117,$-8,$-654,$-122,$0,$-122,$6,$6,$-48,$-5,$-169,$-1,$0,$-48
35,2009-12-31,34.94,$38.44,0.91,$87.79,0.4,$-5.36,0.0,$4.35,8.03,$3.38B,$2.18B,1.55,$1.35B,$7.35B,0.18,$16.90B,$4.07B,24.11%,$16.90B,$1.29B,7.61%,$16.90B,$1.29B,7.61%,$16.90B,$2.25B,13.30%,$16.90B,$1.24B,7.32%,$16.90B,$0.84B,4.96%,$0.84B,$7.35B,12.29%,$0.84B,$7.31B,12.36%,$0.84B,$12.76B,6.95%,$1.29B,$8.70B,15.75%,$3710,$2598,$1112,$0,$230,$3195,$515,$-20,$495,$202,$293,$293,$319,$753,$515,$191,192,$1.67,$1.65,$301,$734,$779,$3376,$9065,$0,$41,$0,$9381,$12756,$2182,$1353,$477,$3229,$5410,$192,$6204,$287,$7346,$12756,$838,$962,$170,$1132,$0,$0,$0,$-195,$-195,$1865,$-1884,$0,$69,$0,$-359,$-359,$-158,$-2332,$241,$0,$241,$13,$13,$-191,$4,$67,$-365,$0,$-191
36,2009-09-30,36.96,$36.41,1.02,$91.47,0.4,$0.80,45.92,$3.53,10.47,$3.18B,$1.99B,1.6,$1.48B,$6.95B,0.21,$17.60B,$4.03B,22.88%,$17.60B,$1.06B,6.00%,$17.60B,$1.06B,6.00%,$17.60B,$2.00B,11.37%,$17.60B,$1.02B,5.77%,$17.60B,$0.65B,3.67%,$0.65B,$6.95B,9.86%,$0.65B,$6.91B,9.92%,$0.65B,$12.28B,5.54%,$1.06B,$8.43B,13.52%,$5184,$4093,$1091,$0,$478,$4856,$328,$-15,$313,$124,$189,$189,$189,$593,$328,$191,193,$0.99,$0.98,$315,$784,$794,$3183,$8765,$0,$43,$0,$9096,$12279,$1986,$1480,$444,$3342,$5328,$192,$5933,$179,$6951,$12279,$519,$724,$4,$727,$0,$0,$0,$-139,$-139,$1186,$-1556,$0,$79,$-1755,$1381,$-374,$-27,$-1878,$451,$0,$451,$9,$9,$-143,$2,$319,$-351,$0,$-143
37,2009-06-30,34.73,$34.79,1.0,$107.04,0.32,$9.82,3.54,$5.59,6.21,$3.19B,$1.91B,1.67,$1.53B,$6.64B,0.23,$20.58B,$4.61B,22.39%,$20.58B,$1.66B,8.08%,$20.58B,$1.66B,8.08%,$20.58B,$2.54B,12.35%,$20.58B,$1.62B,7.88%,$20.58B,$1.04B,5.06%,$1.04B,$6.64B,16.15%,$1.04B,$6.60B,16.25%,$1.04B,$12.11B,9.02%,$1.66B,$8.17B,21.87%,$4556,$3575,$981,$0,$435,$4277,$278,$-7,$271,$110,$161,$161,$159,$510,$278,$191,192,$0.83,$0.83,$507,$773,$585,$3193,$8297,$0,$39,$0,$8917,$12109,$1910,$1531,$423,$3562,$5472,$192,$5792,$15,$6638,$12109,$330,$459,$-33,$425,$0,$0,$0,$-193,$-193,$513,$-1017,$0,$79,$-1186,$1021,$-164,$-16,$-1118,$502,$0,$502,$5,$5,$-95,$2,$415,$-159,$0,$-95
38,2009-03-31,28.49,$33.23,0.86,$126.76,0.22,$16.74,1.7,$8.03,3.55,$2.72B,$1.80B,1.51,$1.00B,$6.34B,0.16,$24.37B,$5.31B,21.79%,$24.37B,$2.37B,9.74%,$24.37B,$2.37B,9.74%,$24.37B,$3.21B,13.18%,$24.37B,$2.32B,9.51%,$24.37B,$1.50B,6.16%,$1.50B,$6.34B,23.82%,$1.50B,$6.30B,23.97%,$1.50B,$11.07B,12.97%,$2.37B,$7.34B,31.82%,$3446,$2556,$890,$0,$419,$3281,$164,$-8,$157,$85,$71,$71,$171,$391,$164,$191,192,$0.90,$0.89,$327,$676,$614,$2717,$7758,$0,$36,$0,$8348,$11065,$1795,$996,$429,$2929,$4725,$192,$5681,$-166,$6340,$11065,$171,$227,$-26,$201,$0,$0,$0,$45,$45,$380,$-519,$0,$79,$-600,$407,$-193,$-3,$-636,$-33,$0,$-33,$4,$4,$-48,$2,$-74,$-339,$0,$-48
39,2008-12-31,28.07,$32.92,0.85,$142.83,0.2,$17.65,1.59,$9.28,3.02,$2.85B,$1.89B,1.51,$1.03B,$6.28B,0.16,$27.43B,$5.78B,21.08%,$27.43B,$2.89B,10.52%,$27.43B,$2.89B,10.52%,$27.43B,$3.69B,13.46%,$27.43B,$2.82B,10.27%,$27.43B,$1.74B,6.34%,$1.74B,$6.28B,28.62%,$1.74B,$6.24B,28.82%,$1.74B,$11.15B,14.97%,$2.89B,$7.31B,38.92%,$4411,$3347,$1064,$0,$458,$4125,$286,$-12,$274,$141,$133,$133,$127,$506,$286,$190,192,$0.67,$0.66,$666,$604,$420,$2847,$7728,$0,$37,$0,$8302,$11149,$1888,$1026,$436,$2982,$4870,$191,$5557,$-88,$6279,$11149,$1740,$807,$364,$1171,$0,$0,$0,$94,$94,$3040,$-1875,$0,$0,$0,$-420,$-420,$-28,$-2323,$-493,$0,$-493,$30,$30,$-167,$20,$-609,$-8,$0,$-167
40,2008-09-30,40.36,$34.23,1.18,$148.56,0.27,$10.74,3.76,$9.52,4.24,$3.64B,$2.31B,1.58,$1.07B,$6.52B,0.16,$28.51B,$5.61B,19.67%,$28.51B,$2.89B,10.12%,$28.51B,$2.89B,10.12%,$28.51B,$3.61B,12.65%,$28.51B,$2.81B,9.86%,$28.51B,$1.82B,6.38%,$1.82B,$6.52B,31.49%,$1.82B,$6.48B,31.74%,$1.82B,$11.83B,15.86%,$2.89B,$7.59B,39.90%,$8167,$6496,$1672,$0,$489,$7233,$934,$-15,$919,$334,$585,$585,$584,$1135,$934,$190,192,$3.08,$3.04,$828,$621,$611,$3638,$7629,$0,$43,$0,$8193,$11831,$2309,$1066,$364,$3002,$5311,$191,$5478,$246,$6520,$11831,$1613,$586,$362,$948,$0,$0,$0,$0,$0,$2597,$-1232,$0,$0,$-611,$0,$-611,$-19,$-1862,$-452,$0,$-452,$21,$21,$-119,$19,$-531,$154,$0,$-119
41,2008-06-30,61.49,$31.86,1.93,$131.08,0.47,$1.78,34.48,$7.52,8.18,$4.26B,$2.70B,1.58,$1.54B,$6.07B,0.25,$25.12B,$4.81B,19.14%,$25.12B,$2.28B,9.08%,$25.12B,$2.28B,9.08%,$25.12B,$2.93B,11.66%,$25.12B,$2.21B,8.79%,$25.12B,$1.43B,5.71%,$1.43B,$6.07B,26.73%,$1.43B,$6.02B,26.98%,$1.43B,$12.23B,13.17%,$2.28B,$7.61B,32.91%,$8344,$6660,$1684,$0,$479,$7355,$989,$-21,$968,$350,$619,$619,$619,$1180,$989,$190,192,$3.27,$3.22,$1462,$757,$0,$4257,$7431,$0,$45,$0,$7974,$12231,$2695,$1540,$360,$3469,$6165,$191,$4941,$339,$6066,$12231,$1028,$386,$104,$490,$0,$0,$0,$-35,$-35,$1509,$-683,$0,$0,$-345,$0,$-345,$-16,$-1044,$22,$0,$22,$20,$20,$-71,$18,$-11,$443,$0,$-71
42,2008-03-31,51.4,$28.65,1.79,$111.94,0.46,$-3.14,0.0,$5.57,9.23,$3.39B,$2.19B,1.55,$1.71B,$5.44B,0.31,$21.39B,$4.08B,19.09%,$21.39B,$1.70B,7.95%,$21.39B,$1.70B,7.95%,$21.39B,$2.28B,10.67%,$21.39B,$1.65B,7.69%,$21.39B,$1.07B,4.98%,$1.07B,$5.44B,21.33%,$1.07B,$5.40B,21.54%,$1.07B,$11.26B,10.67%,$1.70B,$7.15B,26.37%,$6510,$5146,$1363,$0,$460,$5833,$676,$-19,$657,$248,$408,$408,$409,$871,$676,$189,192,$2.16,$2.14,$869,$1044,$0,$3385,$7310,$0,$46,$0,$7876,$11261,$2190,$1711,$345,$3628,$5818,$190,$4357,$327,$5443,$11261,$409,$195,$85,$280,$0,$0,$0,$-245,$-245,$447,$-410,$0,$0,$0,$0,$0,$-9,$-420,$198,$0,$198,$10,$10,$-36,$10,$182,$195,$0,$-36
43,2007-12-31,52.96,$26.70,1.98,$96.05,0.55,$-3.61,0.0,$4.01,13.21,$2.89B,$2.11B,1.37,$1.52B,$5.07B,0.3,$18.31B,$3.43B,18.73%,$18.31B,$1.23B,6.72%,$18.31B,$1.23B,6.72%,$18.31B,$1.74B,9.48%,$18.31B,$1.19B,6.49%,$18.31B,$0.77B,4.19%,$0.77B,$5.07B,16.35%,$0.77B,$5.02B,16.52%,$0.77B,$10.54B,8.35%,$1.23B,$6.58B,20.63%,$5484,$4595,$889,$0,$406,$5196,$287,$-21,$266,$88,$179,$179,$206,$420,$287,$188,191,$1.10,$1.07,$674,$627,$0,$2887,$7110,$0,$51,$0,$7649,$10536,$2109,$1516,$336,$3360,$5470,$190,$3984,$352,$5066,$10536,$767,$506,$253,$759,$0,$0,$0,$145,$145,$1740,$-1902,$0,$-348,$0,$0,$0,$-36,$-2287,$680,$0,$680,$42,$42,$-127,$30,$625,$130,$0,$-127
44,2007-09-30,43.52,$25.79,1.69,$85.15,0.51,$-3.85,0.0,$3.40,12.8,$2.70B,$1.52B,1.77,$1.50B,$4.88B,0.31,$16.19B,$3.27B,20.21%,$16.19B,$1.09B,6.76%,$16.19B,$1.09B,6.76%,$16.19B,$1.57B,9.72%,$16.19B,$1.07B,6.58%,$16.19B,$0.65B,4.01%,$0.65B,$4.88B,14.57%,$0.65B,$4.83B,14.73%,$0.65B,$9.53B,7.71%,$1.09B,$6.38B,19.69%,$4781,$3909,$872,$0,$386,$4451,$329,$-11,$318,$119,$200,$200,$200,$457,$329,$188,191,$1.06,$1.04,$849,$663,$0,$2697,$6337,$0,$52,$0,$6834,$9531,$1520,$1496,$294,$3131,$4650,$190,$3813,$352,$4881,$9531,$560,$374,$116,$489,$0,$0,$0,$-200,$-200,$915,$-1270,$0,$0,$-60,$0,$-60,$-9,$-1339,$663,$0,$663,$34,$34,$-92,$20,$626,$246,$0,$-92
45,2007-06-30,36.9,$24.30,1.52,$82.09,0.45,$-3.31,0.0,$3.54,10.42,$2.39B,$1.44B,1.66,$1.11B,$4.58B,0.24,$15.57B,$3.28B,21.06%,$15.57B,$1.19B,7.61%,$15.57B,$1.19B,7.61%,$15.57B,$1.64B,10.50%,$15.57B,$1.13B,7.27%,$15.57B,$0.67B,4.32%,$0.67B,$4.58B,15.83%,$0.67B,$4.53B,16.01%,$0.67B,$8.59B,8.55%,$1.19B,$5.69B,22.89%,$4614,$3655,$959,$0,$365,$4205,$409,$-4,$404,$154,$250,$250,$250,$534,$409,$188,190,$1.33,$1.32,$693,$546,$0,$2392,$5816,$0,$48,$0,$6197,$8589,$1442,$1105,$274,$2565,$4007,$189,$3649,$249,$4581,$8589,$361,$246,$91,$336,$0,$0,$0,$-32,$-32,$683,$-804,$0,$0,$0,$0,$0,$-7,$-811,$275,$0,$275,$21,$21,$-56,$10,$249,$150,$0,$-56
46,2007-03-31,33.06,$22.51,1.47,$77.92,0.42,$-4.87,0.0,$3.35,9.87,$2.40B,$1.54B,1.56,$0.97B,$4.23B,0.23,$14.75B,$3.12B,21.16%,$14.75B,$1.12B,7.59%,$14.75B,$1.12B,7.59%,$14.75B,$1.56B,10.56%,$14.75B,$1.02B,6.94%,$14.75B,$0.64B,4.33%,$0.64B,$4.23B,15.71%,$0.64B,$4.19B,15.89%,$0.64B,$8.08B,8.52%,$1.12B,$5.20B,22.67%,$3435,$2724,$711,$0,$349,$3230,$205,$-4,$200,$90,$111,$111,$111,$325,$205,$187,190,$0.59,$0.58,$610,$562,$0,$2403,$5323,$0,$45,$0,$5673,$8076,$1543,$969,$254,$2299,$3842,$188,$3427,$143,$4234,$8076,$111,$120,$25,$145,$0,$0,$0,$-32,$-32,$232,$-284,$0,$0,$0,$0,$0,$-3,$-286,$130,$0,$130,$12,$12,$-28,$7,$121,$66,$0,$-28
47,2006-12-31,31.39,$21.97,1.43,$75.68,0.41,$-5.08,0.0,$3.37,9.31,$2.11B,$1.31B,1.61,$0.84B,$4.12B,0.2,$14.31B,$3.09B,21.63%,$14.31B,$1.17B,8.16%,$14.31B,$1.17B,8.16%,$14.31B,$1.59B,11.13%,$14.31B,$1.04B,7.26%,$14.31B,$0.64B,4.50%,$0.64B,$4.12B,16.51%,$0.64B,$4.08B,16.71%,$0.64B,$7.48B,9.06%,$1.17B,$4.96B,24.97%,$3364,$2634,$730,$0,$392,$3213,$151,$-7,$144,$56,$88,$88,$88,$258,$151,$186,189,$0.48,$0.48,$543,$411,$0,$2107,$5106,$0,$44,$0,$5376,$7483,$1311,$840,$238,$2051,$3362,$188,$3350,$132,$4121,$7483,$645,$424,$142,$567,$0,$0,$0,$-256,$-256,$975,$-1181,$0,$0,$0,$0,$0,$-11,$-1191,$233,$0,$233,$25,$25,$-98,$12,$171,$-42,$0,$-98
