,Date,Stock Price,Book Value per Share,Price to Book Ratio,TTM Sales per Share,Price to Sales Ratio,TTM FCF per Share,Price to FCF Ratio,TTM Net EPS,PE Ratio,Current Assets,Current Liabilities,Current Ratio,Long Term Debt,Shareholder's Equity_x,Debt to Equity Ratio,TTM Revenue_x,TTM Gross Profit,Gross Margin,TTM Revenue_y,TTM Operating Income,Operating Margin,TTM Revenue_x,TTM EBIT,EBIT Margin,TTM Revenue_y,TTM EBITDA,EBITDA Margin,TTM Revenue_x,TTM Pre-Tax Income,Pre-Tax Margin,TTM Revenue_y,TTM Net Income_x,Net Margin,TTM Net Income_y,Shareholder's Equity_y,Return on Equity,TTM Net Income_x,Tangible Equity,Return on Tangible Equity,TTM Net Income_y,Total Assets,Return on Assets,TTM Net Income,LT Investments & Debt,Return on Investment,revenue,cost-goods-sold,gross-profit,research-development-expenses,selling-general-administrative-expenses,operating-expenses,operating-income,total-non-operating-income-expense,pre-tax-income,total-provision-income-taxes,income-after-taxes,income-from-continuous-operations,net-income,ebitda,ebit,basic-shares-outstanding,shares-outstanding,eps-basic-net-earnings-per-share,eps-earnings-per-share-diluted,cash-on-hand,inventory,other-current-assets,total-current-assets,net-property-plant-equipment,long-term-investments,goodwill-intangible-assets-total,other-long-term-assets,total-long-term-assets,total-assets,total-current-liabilities,long-term-debt,other-non-current-liabilities,total-long-term-liabilities,total-liabilities,common-stock-net,retained-earnings-accumulated-deficit,comprehensive-income,total-share-holder-equity,total-liabilities-share-holders-equity,net-income-loss,total-depreciation-amortization-cash-flow,other-non-cash-items,total-non-cash-items,change-in-accounts-receivable,change-in-inventories,change-in-accounts-payable,change-in-assets-liabilities,total-change-in-assets-liabilities,cash-flow-from-operating-activities,net-change-in-property-plant-equipment,net-change-in-intangible-assets,net-acquisitions-divestitures,net-change-in-short-term-investments,net-change-in-long-term-investments,net-change-in-investments-total,investing-activities-other,cash-flow-from-investing-activities,net-long-term-debt,net-current-debt,debt-issuance-retirement-net-total,net-common-equity-issued-repurchased,net-total-equity-issued-repurchased,total-common-preferred-stock-dividends-paid,financial-activities-other,cash-flow-from-financial-activities,net-cash-flow,stock-based-compensation,common-stock-dividends-paid
0,2018-09-30,1.94,$1.47,1.32,$0.38,5.09,$-0.27,0.0,$-0.07,0.0,$0.08B,$0.04B,1.95,$0.05B,$0.50B,0.11,$0.13B,$0.04B,27.78%,$0.13B,$-0.04B,-29.37%,$0.13B,$-0.04B,-29.37%,$0.13B,$-0.02B,-16.67%,$0.13B,$-0.04B,-30.95%,$0.13B,$-0.02B,-16.67%,$-0.02B,$0.50B,-4.12%,$-0.02B,$0.50B,-4.12%,$-0.02B,$0.62B,-3.52%,$-0.04B,$0.55B,-7.07%,$27,$20,$7,$2,$5,$42,$-15,$0,$-15,$-2,$-13,$-13,$-13,$-11,$-15,$337,337,$-0.04,$-0.04,$44,$28,$3,$78,$101,$435,$0,$7,$543,$621,$40,$52,$29,$86,$126,$1445,$-950,$0,$495,$621,$-24,$12,$5,$17,$0,$0,$0,$3,$6,$-1,$-53,$0,$0,$2,$0,$2,$9,$-42,$50,$0,$50,$0,$0,$0,$-4,$45,$4,$0,$0
1,2018-06-30,2.07,$1.51,1.37,$0.34,6.01,$-0.17,0.0,$-0.06,0.0,$0.06B,$0.04B,1.49,$0.00B,$0.51B,0.0,$0.11B,$0.03B,29.46%,$0.11B,$-0.03B,-25.89%,$0.11B,$-0.03B,-25.89%,$0.11B,$-0.02B,-14.29%,$0.11B,$-0.03B,-29.46%,$0.11B,$-0.02B,-14.29%,$-0.02B,$0.51B,-3.11%,$-0.02B,$0.51B,-3.11%,$-0.02B,$0.59B,-2.74%,$-0.03B,$0.51B,-5.64%,$34,$24,$10,$1,$6,$43,$-9,$1,$-8,$-2,$-5,$-5,$-5,$-5,$-9,$337,337,$-0.02,$-0.02,$22,$27,$4,$58,$74,$443,$0,$10,$527,$585,$39,$0,$29,$36,$75,$1443,$-937,$0,$510,$585,$-11,$8,$2,$10,$0,$0,$0,$1,$1,$1,$-20,$0,$-7,$3,$0,$3,$7,$-17,$0,$0,$0,$0,$0,$0,$-2,$-2,$-17,$0,$0
2,2018-03-31,2.08,$1.53,1.36,$0.29,7.13,$-0.16,0.0,$-0.05,0.0,$0.08B,$0.04B,1.97,$0.00B,$0.52B,0.0,$0.09B,$0.03B,32.26%,$0.09B,$-0.02B,-24.73%,$0.09B,$-0.02B,-24.73%,$0.09B,$-0.01B,-13.98%,$0.09B,$-0.03B,-29.03%,$0.09B,$-0.01B,-13.98%,$-0.01B,$0.52B,-2.57%,$-0.01B,$0.52B,-2.57%,$-0.01B,$0.59B,-2.28%,$-0.02B,$0.52B,-4.54%,$41,$26,$15,$0,$5,$46,$-4,$-2,$-6,$-1,$-5,$-5,$-5,$-0,$-4,$337,337,$-0.02,$-0.02,$41,$29,$4,$80,$58,$441,$0,$10,$509,$588,$40,$0,$25,$33,$74,$1443,$-932,$0,$515,$588,$-5,$4,$2,$6,$0,$0,$0,$10,$11,$11,$-7,$0,$-4,$3,$0,$3,$0,$-8,$0,$0,$0,$0,$0,$0,$-2,$-2,$2,$0,$0
3,2017-12-31,2.27,$1.55,1.47,$0.22,10.4,$-0.20,0.0,$-0.04,0.0,$0.09B,$0.04B,2.31,$0.00B,$0.52B,0.0,$0.07B,$0.02B,34.33%,$0.07B,$-0.03B,-38.81%,$0.07B,$-0.03B,-38.81%,$0.07B,$-0.02B,-29.85%,$0.07B,$-0.03B,-40.30%,$0.07B,$-0.01B,-16.42%,$-0.01B,$0.52B,-2.25%,$-0.01B,$0.52B,-2.25%,$-0.01B,$0.59B,-2.01%,$-0.03B,$0.52B,-5.32%,$24,$21,$3,$1,$6,$34,$-9,$-1,$-10,$-12,$2,$2,$2,$-5,$-9,$314,314,$0.02,$0.02,$45,$32,$5,$87,$51,$444,$0,$11,$505,$592,$38,$0,$25,$33,$71,$1448,$-930,$3,$521,$592,$-11,$7,$-11,$-4,$0,$0,$0,$-1,$-1,$-15,$-5,$0,$-32,$2,$0,$2,$0,$-34,$0,$0,$0,$53,$53,$0,$-4,$50,$-0,$1,$0
4,2017-09-30,1.95,$1.54,1.27,$0.18,10.91,$-0.05,0.0,$-0.06,0.0,$0.11B,$0.03B,4.21,$0.00B,$0.51B,0.0,$0.05B,$0.02B,44.44%,$0.05B,$-0.02B,-40.74%,$0.05B,$-0.01B,-16.67%,$0.05B,$-0.02B,-35.19%,$0.05B,$-0.02B,-40.74%,$0.05B,$-0.02B,-31.48%,$-0.02B,$0.51B,-3.62%,$-0.02B,$0.51B,-3.62%,$-0.02B,$0.57B,-3.24%,$-0.02B,$0.51B,-4.69%,$13,$9,$5,$1,$5,$20,$-7,$-2,$-9,$-1,$-8,$-8,$-8,$-6,$-7,$314,314,$-0.03,$-0.03,$78,$20,$3,$108,$14,$437,$0,$11,$463,$571,$26,$0,$11,$34,$60,$1436,$-932,$3,$511,$571,$-13,$3,$-2,$1,$0,$0,$0,$-1,$-5,$-16,$-1,$0,$-1,$2,$0,$2,$7,$8,$0,$0,$0,$43,$43,$0,$-3,$40,$32,$1,$0
5,2017-06-30,2.62,$1.53,1.71,$0.18,14.56,$0.08,31.46,$-0.02,0.0,$0.07B,$0.02B,3.46,$0.00B,$0.48B,0.0,$0.05B,$0.03B,48.15%,$0.05B,$-0.01B,-22.22%,$0.05B,$0.00B,1.85%,$0.05B,$-0.01B,-16.67%,$0.05B,$-0.01B,-16.67%,$0.05B,$-0.01B,-9.26%,$-0.01B,$0.48B,-1.10%,$-0.01B,$0.48B,-1.10%,$-0.01B,$0.53B,-0.99%,$-0.01B,$0.48B,-2.65%,$15,$9,$7,$1,$4,$18,$-3,$1,$-2,$0,$-2,$-2,$-2,$-2,$-3,$309,309,$-0.01,$-0.01,$36,$20,$2,$66,$14,$440,$0,$10,$465,$531,$19,$0,$10,$34,$53,$1398,$-924,$4,$479,$531,$-5,$2,$-3,$-2,$0,$0,$0,$-10,$-10,$-17,$-1,$0,$-1,$2,$0,$2,$5,$5,$0,$0,$0,$0,$0,$0,$-1,$-1,$-13,$1,$0
6,2017-03-31,3.03,$1.48,2.05,$0.18,16.85,$0.20,14.83,$0.02,151.66,$0.08B,$0.02B,3.5,$0.00B,$0.44B,0.0,$0.05B,$0.03B,51.85%,$0.05B,$-0.00B,-3.70%,$0.05B,$0.01B,20.37%,$0.05B,$0.00B,1.85%,$0.05B,$-0.00B,0.00%,$0.05B,$0.01B,9.26%,$0.01B,$0.44B,1.13%,$0.01B,$0.44B,1.13%,$0.01B,$0.50B,1.01%,$-0.00B,$0.44B,-0.45%,$15,$7,$8,$1,$4,$22,$-7,$2,$-6,$-3,$-3,$-3,$-3,$-7,$-7,$300,300,$-0.01,$-0.01,$44,$29,$2,$82,$14,$402,$0,$1,$418,$499,$23,$0,$11,$33,$57,$1359,$-922,$6,$443,$499,$-3,$1,$-4,$-3,$0,$0,$0,$2,$-0,$-7,$-0,$0,$0,$0,$0,$0,$0,$-0,$0,$0,$0,$0,$0,$0,$-1,$-1,$-9,$0,$0
7,2016-12-31,2.9,$1.48,1.96,$0.20,14.41,$0.28,10.47,$0.07,41.48,$0.08B,$0.02B,3.82,$0.00B,$0.44B,0.0,$0.06B,$0.03B,53.33%,$0.06B,$0.02B,25.00%,$0.06B,$0.03B,46.67%,$0.06B,$0.02B,31.67%,$0.06B,$0.02B,28.33%,$0.06B,$0.02B,35.00%,$0.02B,$0.44B,4.77%,$0.02B,$0.44B,4.77%,$0.02B,$0.50B,4.26%,$0.02B,$0.44B,3.41%,$11,$7,$4,$1,$4,$16,$-5,$-0,$-5,$-0,$-4,$-4,$-4,$-4,$8,$299,300,$-0.01,$-0.01,$46,$27,$2,$79,$14,$405,$0,$1,$420,$498,$21,$0,$11,$35,$55,$1360,$-919,$2,$443,$498,$21,$4,$-13,$-10,$0,$0,$0,$14,$14,$25,$-0,$0,$-6,$-4,$0,$-4,$0,$-10,$0,$-3,$-3,$3,$3,$0,$-3,$-3,$12,$1,$0
8,2016-09-30,3.66,$1.49,2.45,$0.20,18.1,$0.24,15.04,$0.03,122.06,$0.08B,$0.02B,3.89,$0.00B,$0.45B,0.0,$0.06B,$0.03B,56.67%,$0.06B,$-0.01B,-11.67%,$0.06B,$-0.00B,-6.67%,$0.06B,$-0.00B,-5.00%,$0.06B,$-0.00B,-3.33%,$0.06B,$0.01B,16.67%,$0.01B,$0.45B,2.30%,$0.01B,$0.45B,2.30%,$0.01B,$0.50B,2.05%,$-0.01B,$0.45B,-1.61%,$13,$6,$7,$1,$3,$10,$3,$1,$4,$-1,$4,$4,$4,$4,$3,$299,301,$0.01,$0.01,$46,$22,$3,$75,$15,$410,$0,$1,$425,$500,$19,$0,$9,$33,$53,$1360,$-914,$2,$447,$500,$26,$3,$-16,$-14,$0,$0,$0,$6,$12,$24,$-0,$0,$-8,$0,$0,$0,$0,$-8,$0,$-3,$-3,$3,$3,$0,$-3,$-3,$13,$1,$0
9,2016-06-30,3.84,$1.48,2.6,$0.23,16.52,$0.22,17.77,$0.03,128.04,$0.07B,$0.02B,3.79,$0.00B,$0.44B,0.0,$0.07B,$0.04B,54.29%,$0.07B,$-0.01B,-11.43%,$0.07B,$-0.00B,-7.14%,$0.07B,$-0.01B,-7.14%,$0.07B,$-0.01B,-7.14%,$0.07B,$0.01B,12.86%,$0.01B,$0.44B,2.09%,$0.01B,$0.44B,2.09%,$0.01B,$0.49B,1.84%,$-0.01B,$0.44B,-1.86%,$15,$6,$9,$1,$3,$8,$7,$1,$7,$-1,$8,$8,$8,$8,$7,$298,300,$0.03,$0.03,$41,$19,$2,$65,$14,$414,$0,$1,$428,$493,$17,$0,$9,$34,$51,$1359,$-919,$2,$442,$493,$21,$2,$-11,$-10,$0,$0,$0,$8,$8,$20,$-0,$0,$-6,$0,$0,$0,$1,$-5,$0,$-3,$-3,$1,$1,$0,$-1,$-4,$11,$0,$0
10,2016-03-31,1.88,$1.44,1.3,$0.24,7.89,$0.17,11.02,$-0.05,0.0,$0.06B,$0.02B,3.3,$0.00B,$0.43B,0.0,$0.07B,$0.04B,53.52%,$0.07B,$-0.05B,-63.38%,$0.07B,$-0.04B,-59.15%,$0.07B,$-0.04B,-59.15%,$0.07B,$-0.04B,-53.52%,$0.07B,$-0.01B,-18.31%,$-0.01B,$0.43B,-3.03%,$-0.01B,$0.43B,-3.03%,$-0.01B,$0.48B,-2.64%,$-0.05B,$0.43B,-10.48%,$21,$9,$12,$1,$3,$11,$10,$1,$11,$-2,$13,$13,$13,$11,$10,$298,299,$0.04,$0.04,$35,$16,$2,$57,$16,$407,$0,$1,$423,$480,$17,$0,$8,$33,$50,$1357,$-927,$-1,$430,$480,$13,$1,$-6,$-6,$0,$0,$0,$1,$7,$15,$-0,$0,$-0,$0,$0,$0,$0,$-1,$0,$-3,$-3,$-1,$-1,$0,$-1,$-5,$9,$0,$0
11,2015-12-31,1.06,$1.40,0.76,$0.24,4.34,$0.14,7.58,$-0.07,0.0,$0.05B,$0.02B,2.47,$0.00B,$0.42B,0.0,$0.07B,$0.04B,52.05%,$0.07B,$-0.05B,-68.49%,$0.07B,$-0.05B,-64.38%,$0.07B,$-0.05B,-64.38%,$0.07B,$-0.04B,-60.27%,$0.07B,$-0.02B,-27.40%,$-0.02B,$0.42B,-4.61%,$-0.02B,$0.42B,-4.61%,$-0.02B,$0.48B,-3.97%,$-0.05B,$0.42B,-11.53%,$11,$6,$6,$1,$3,$38,$-27,$2,$-24,$-9,$-15,$-15,$-15,$-26,$-24,$300,300,$-0.05,$-0.05,$27,$15,$3,$54,$16,$404,$0,$1,$421,$475,$22,$0,$8,$35,$57,$1359,$-940,$-1,$418,$475,$-20,$2,$38,$40,$0,$0,$0,$-4,$-4,$16,$-1,$0,$0,$-1,$0,$-1,$0,$-2,$0,$3,$3,$-2,$-2,$0,$-2,$0,$13,$1,$0
12,2015-09-30,0.87,$1.45,0.6,$0.25,3.47,$0.03,28.24,$-0.73,0.0,$0.06B,$0.03B,2.11,$0.00B,$0.44B,0.0,$0.08B,$0.04B,46.05%,$0.08B,$-0.29B,-380.26%,$0.08B,$-0.30B,-396.05%,$0.08B,$-0.30B,-392.11%,$0.08B,$-0.29B,-377.63%,$0.08B,$-0.22B,-286.84%,$-0.22B,$0.44B,-49.60%,$-0.22B,$0.44B,-49.60%,$-0.22B,$0.51B,-42.29%,$-0.29B,$0.44B,-65.76%,$23,$11,$11,$0,$2,$21,$2,$-1,$1,$-2,$3,$3,$3,$2,$2,$301,301,$0.01,$0.01,$32,$12,$2,$57,$18,$430,$0,$1,$448,$505,$27,$0,$6,$43,$70,$1361,$-925,$-1,$435,$505,$-5,$2,$20,$22,$0,$0,$0,$-1,$-0,$17,$-1,$0,$-1,$0,$0,$0,$0,$-2,$0,$5,$5,$0,$0,$0,$-2,$4,$19,$1,$0
13,2015-06-30,0.95,$1.44,0.66,$0.21,4.6,$-0.06,0.0,$-0.78,0.0,$0.06B,$0.03B,1.95,$0.00B,$0.43B,0.0,$0.06B,$0.02B,35.48%,$0.06B,$-0.31B,-493.55%,$0.06B,$-0.32B,-512.90%,$0.06B,$-0.31B,-506.45%,$0.06B,$-0.31B,-500.00%,$0.06B,$-0.23B,-377.42%,$-0.23B,$0.43B,-47.42%,$-0.23B,$0.43B,-47.42%,$-0.23B,$0.51B,-40.00%,$-0.31B,$0.43B,-62.01%,$16,$7,$9,$0,$3,$46,$-30,$3,$-26,$-12,$-14,$-14,$-14,$-29,$-30,$301,301,$-0.05,$-0.05,$24,$14,$8,$55,$18,$433,$0,$1,$451,$507,$28,$0,$6,$44,$73,$1362,$-928,$-1,$434,$507,$-8,$1,$19,$20,$0,$0,$0,$-6,$-6,$6,$-0,$0,$-1,$0,$0,$0,$0,$-2,$0,$6,$6,$0,$0,$0,$0,$6,$10,$1,$0
14,2015-03-31,1.01,$1.49,0.68,$0.19,5.27,$-0.11,0.0,$-1.08,0.0,$0.04B,$0.02B,1.95,$0.00B,$0.45B,0.0,$0.06B,$0.01B,24.14%,$0.06B,$-0.41B,-698.28%,$0.06B,$-0.42B,-718.97%,$0.06B,$-0.41B,-713.79%,$0.06B,$-0.41B,-712.07%,$0.06B,$-0.32B,-558.62%,$-0.32B,$0.45B,-58.88%,$-0.32B,$0.45B,-58.88%,$-0.32B,$0.53B,-49.30%,$-0.41B,$0.45B,-73.60%,$23,$10,$12,$0,$3,$18,$5,$-0,$5,$-1,$6,$6,$6,$6,$5,$297,297,$0.02,$0.02,$19,$13,$2,$44,$18,$465,$0,$1,$483,$527,$22,$0,$6,$56,$79,$1362,$-914,$-0,$448,$527,$6,$1,$-1,$-0,$0,$0,$0,$-0,$-0,$6,$-0,$0,$0,$-1,$0,$-1,$0,$-1,$0,$0,$0,$0,$0,$0,$0,$0,$4,$0,$0
15,2014-12-31,1.1,$1.47,0.75,$0.15,7.23,$-0.15,0.0,$-1.04,0.0,$0.04B,$0.02B,1.65,$0.00B,$0.44B,0.0,$0.05B,$0.01B,10.87%,$0.05B,$-0.41B,-893.48%,$0.05B,$-0.42B,-904.35%,$0.05B,$-0.41B,-897.83%,$0.05B,$-0.42B,-910.87%,$0.05B,$-0.31B,-678.26%,$-0.31B,$0.44B,-49.56%,$-0.31B,$0.44B,-49.56%,$-0.31B,$0.52B,-41.23%,$-0.41B,$0.44B,-65.29%,$14,$10,$3,$0,$3,$279,$-266,$-2,$-267,$-54,$-213,$-213,$-213,$-277,$-278,$298,298,$-0.72,$-0.72,$13,$12,$2,$40,$18,$465,$0,$1,$483,$523,$24,$0,$6,$58,$82,$1361,$-920,$0,$441,$523,$-312,$2,$278,$280,$0,$0,$0,$17,$17,$-15,$-3,$0,$0,$-0,$0,$-0,$5,$2,$0,$0,$0,$2,$2,$0,$0,$2,$-12,$1,$0
16,2014-09-30,1.94,$2.18,0.89,$0.14,13.8,$-0.24,0.0,$-0.37,0.0,$0.04B,$0.02B,2.01,$0.00B,$0.65B,0.0,$0.04B,$0.00B,9.52%,$0.04B,$-0.18B,-426.19%,$0.04B,$-0.17B,-407.14%,$0.04B,$-0.17B,-402.38%,$0.04B,$-0.19B,-442.86%,$0.04B,$-0.11B,-261.90%,$-0.11B,$0.65B,-15.58%,$-0.11B,$0.65B,-15.58%,$-0.11B,$0.78B,-12.84%,$-0.18B,$0.65B,-25.35%,$9,$11,$-2,$0,$3,$24,$-15,$-7,$-22,$-9,$-13,$-13,$-13,$-14,$-15,$297,297,$-0.04,$-0.04,$18,$9,$2,$40,$18,$725,$0,$1,$744,$783,$20,$0,$7,$113,$133,$1358,$-707,$-0,$651,$783,$-99,$2,$69,$71,$0,$0,$0,$18,$19,$-9,$-3,$0,$0,$0,$0,$0,$5,$2,$0,$0,$0,$1,$1,$0,$0,$1,$-7,$1,$0
17,2014-06-30,2.85,$2.23,1.28,$0.15,18.96,$-0.33,0.0,$-0.32,0.0,$0.04B,$0.01B,3.07,$0.00B,$0.66B,0.0,$0.05B,$0.01B,22.22%,$0.05B,$-0.17B,-384.44%,$0.05B,$-0.17B,-366.67%,$0.05B,$-0.16B,-362.22%,$0.05B,$-0.17B,-384.44%,$0.05B,$-0.09B,-208.89%,$-0.09B,$0.66B,-12.83%,$-0.09B,$0.66B,-12.83%,$-0.09B,$0.80B,-10.40%,$-0.17B,$0.66B,-23.61%,$12,$11,$1,$0,$3,$141,$-129,$0,$-129,$-25,$-104,$-104,$-104,$-129,$-129,$297,297,$-0.35,$-0.35,$15,$10,$2,$42,$17,$732,$0,$5,$754,$796,$14,$0,$6,$121,$135,$1355,$-694,$-0,$661,$796,$-86,$1,$73,$74,$0,$0,$0,$8,$5,$-7,$-2,$0,$0,$0,$0,$0,$0,$-2,$0,$0,$0,$0,$0,$0,$0,$0,$-9,$1,$0
18,2014-03-31,2.35,$2.57,0.91,$0.15,16.02,$-0.42,0.0,$-0.40,0.0,$0.04B,$0.01B,3.26,$0.00B,$0.77B,0.0,$0.04B,$0.01B,25.58%,$0.04B,$-0.18B,-427.91%,$0.04B,$-0.18B,-409.30%,$0.04B,$-0.17B,-402.33%,$0.04B,$-0.19B,-430.23%,$0.04B,$-0.12B,-276.74%,$-0.12B,$0.77B,-15.74%,$-0.12B,$0.77B,-15.74%,$-0.12B,$0.93B,-12.52%,$-0.18B,$0.77B,-24.34%,$11,$9,$3,$2,$3,$12,$-1,$-1,$-1,$-19,$18,$18,$18,$7,$6,$297,298,$0.06,$0.06,$19,$9,$2,$44,$17,$859,$0,$5,$881,$925,$13,$0,$6,$146,$160,$1355,$-590,$-0,$765,$925,$18,$1,$-25,$-24,$0,$0,$0,$3,$3,$-4,$-0,$0,$0,$0,$0,$0,$0,$-0,$0,$0,$0,$0,$0,$0,$0,$0,$-5,$0,$0
19,2013-12-31,1.94,$2.51,0.77,$0.15,12.55,$-0.49,0.0,$-0.50,0.0,$0.05B,$0.01B,4.18,$0.00B,$0.75B,0.0,$0.05B,$0.01B,24.44%,$0.05B,$-0.20B,-446.67%,$0.05B,$-0.20B,-444.44%,$0.05B,$-0.20B,-437.78%,$0.05B,$-0.20B,-446.67%,$0.05B,$-0.15B,-328.89%,$-0.15B,$0.75B,-18.85%,$-0.15B,$0.75B,-18.85%,$-0.15B,$0.92B,-14.79%,$-0.20B,$0.75B,-25.60%,$10,$8,$2,$0,$3,$44,$-34,$-0,$-34,$-22,$-11,$-11,$-11,$-33,$-33,$297,297,$-0.04,$-0.04,$24,$9,$2,$47,$15,$856,$0,$5,$876,$923,$11,$0,$6,$165,$176,$1355,$-608,$-0,$747,$923,$-148,$2,$116,$118,$0,$0,$0,$-13,$-13,$-42,$-3,$0,$-0,$0,$0,$0,$0,$-3,$0,$0,$0,$0,$0,$0,$0,$0,$-47,$1,$0
20,2013-09-30,2.38,$2.55,0.93,$0.08,28.3,$-0.51,0.0,$-0.56,0.0,$0.05B,$0.01B,4.47,$0.00B,$0.76B,0.0,$0.03B,$-0.00B,-15.38%,$0.03B,$-0.20B,-776.92%,$0.03B,$-0.18B,-696.15%,$0.03B,$-0.20B,-765.38%,$0.03B,$-0.21B,-792.31%,$0.03B,$-0.16B,-626.92%,$-0.16B,$0.76B,-19.85%,$-0.16B,$0.76B,-19.85%,$-0.16B,$0.97B,-15.41%,$-0.20B,$0.76B,-24.60%,$12,$8,$4,$0,$2,$21,$-9,$-0,$-9,$-12,$3,$3,$3,$-8,$-9,$297,298,$0.01,$0.01,$31,$8,$2,$51,$15,$902,$0,$5,$922,$973,$11,$0,$6,$204,$216,$1354,$-596,$-0,$758,$973,$-136,$2,$109,$111,$0,$0,$0,$-11,$-11,$-37,$-2,$0,$-0,$0,$0,$0,$0,$-2,$0,$0,$0,$0,$0,$0,$0,$0,$-40,$1,$0
21,2013-06-30,1.66,$2.54,0.66,$0.09,18.9,$-0.52,0.0,$-0.58,0.0,$0.06B,$0.01B,4.82,$0.00B,$0.75B,0.0,$0.03B,$0.00B,15.38%,$0.03B,$-0.20B,-784.62%,$0.03B,$-0.18B,-703.85%,$0.03B,$-0.20B,-773.08%,$0.03B,$-0.21B,-792.31%,$0.03B,$-0.17B,-650.00%,$-0.17B,$0.75B,-20.00%,$-0.17B,$0.75B,-20.00%,$-0.17B,$0.98B,-15.47%,$-0.20B,$0.75B,-24.14%,$10,$8,$2,$0,$4,$150,$-140,$-1,$-141,$-12,$-129,$-129,$-129,$-139,$-140,$297,297,$-0.43,$-0.43,$36,$8,$5,$58,$12,$908,$0,$5,$925,$982,$12,$0,$6,$216,$228,$1354,$-600,$-0,$754,$982,$-140,$1,$115,$117,$0,$0,$0,$-12,$-12,$-35,$-0,$0,$-0,$0,$0,$0,$0,$-0,$0,$0,$0,$0,$0,$0,$0,$0,$-36,$1,$0
22,2013-03-31,2.83,$2.97,0.95,$0.06,51.15,$-0.57,0.0,$-0.15,0.0,$0.07B,$0.01B,4.79,$0.00B,$0.88B,0.0,$0.02B,$0.00B,17.65%,$0.02B,$-0.09B,-523.53%,$0.02B,$-0.07B,-400.00%,$0.02B,$-0.09B,-511.76%,$0.02B,$-0.09B,-541.18%,$0.02B,$-0.06B,-352.94%,$-0.06B,$0.88B,-6.90%,$-0.06B,$0.88B,-6.90%,$-0.06B,$1.13B,-5.31%,$-0.09B,$0.88B,-10.23%,$13,$11,$3,$0,$4,$32,$-18,$1,$-17,$-6,$-11,$-11,$-11,$-17,$-18,$297,297,$-0.04,$-0.04,$47,$7,$5,$67,$13,$1040,$0,$5,$1058,$1125,$14,$0,$6,$229,$243,$1354,$-471,$-0,$882,$1125,$-11,$1,$-6,$-5,$0,$0,$0,$-9,$-9,$-25,$-0,$0,$-0,$0,$0,$0,$0,$-0,$0,$0,$0,$0,$0,$0,$0,$0,$-26,$0,$0
23,2012-12-31,3.79,$3.01,1.26,$0.02,165.41,$-0.56,0.0,$-0.19,0.0,$0.09B,$0.03B,3.65,$0.00B,$0.89B,0.0,$0.01B,$0.00B,42.86%,$0.01B,$-0.09B,-1314.29%,$0.01B,$-0.07B,-1014.29%,$0.01B,$-0.09B,-1300.00%,$0.01B,$-0.10B,-1357.14%,$0.01B,$-0.07B,-942.86%,$-0.07B,$0.89B,-7.61%,$-0.07B,$0.89B,-7.61%,$-0.07B,$1.15B,-5.79%,$-0.09B,$0.89B,-10.61%,$-9,$4,$-13,$0,$4,$25,$-35,$-4,$-39,$-12,$-26,$-26,$-26,$-35,$-14,$261,261,$-0.10,$-0.10,$73,$7,$3,$92,$13,$1041,$0,$5,$1059,$1151,$25,$0,$7,$236,$261,$1350,$-460,$-0,$890,$1151,$-67,$1,$1,$2,$0,$0,$0,$17,$17,$-48,$1,$0,$36,$4,$0,$4,$0,$41,$0,$0,$0,$64,$64,$0,$0,$64,$58,$3,$0
24,2012-09-30,4.55,$3.18,1.43,$0.06,76.88,$-0.97,0.0,$-0.21,0.0,$0.04B,$0.01B,4.8,$0.00B,$0.85B,0.0,$0.02B,$0.02B,100.00%,$0.02B,$-0.07B,-456.25%,$0.02B,$-0.07B,-456.25%,$0.02B,$-0.07B,-450.00%,$0.02B,$-0.07B,-450.00%,$0.02B,$-0.06B,-350.00%,$-0.06B,$0.85B,-8.01%,$-0.06B,$0.85B,-8.01%,$-0.06B,$1.11B,-6.02%,$-0.07B,$0.85B,-10.44%,$12,$0,$12,$0,$4,$22,$-11,$2,$-9,$-6,$-3,$-3,$-3,$-10,$-11,$268,268,$-0.01,$-0.01,$20,$3,$0,$36,$13,$1056,$0,$5,$1075,$1111,$8,$0,$7,$249,$257,$1288,$-434,$-0,$854,$1111,$-40,$1,$-2,$-1,$0,$0,$0,$2,$2,$-40,$1,$0,$36,$4,$0,$4,$0,$41,$0,$0,$0,$4,$4,$0,$0,$4,$5,$3,$0
25,2012-06-30,2.98,$3.18,0.94,$0.02,191.6,$-1.17,0.0,$-0.37,0.0,$0.05B,$0.01B,5.55,$0.00B,$0.85B,0.0,$0.00B,$0.00B,100.00%,$0.00B,$-0.08B,-2075.00%,$0.00B,$-0.08B,-2075.00%,$0.00B,$-0.08B,-2075.00%,$0.00B,$-0.09B,-2175.00%,$0.00B,$-0.08B,-1925.00%,$-0.08B,$0.85B,-14.13%,$-0.08B,$0.85B,-14.13%,$-0.08B,$1.14B,-10.49%,$-0.08B,$0.85B,-15.23%,$1,$0,$1,$0,$4,$26,$-25,$-2,$-27,$-6,$-20,$-20,$-20,$-25,$-25,$268,268,$-0.08,$-0.08,$37,$0,$1,$48,$14,$1070,$0,$5,$1089,$1137,$9,$0,$7,$275,$284,$1287,$-434,$-0,$853,$1137,$-38,$0,$-9,$-9,$0,$0,$0,$4,$4,$-43,$-2,$0,$36,$4,$11,$15,$0,$49,$0,$0,$0,$3,$3,$0,$0,$3,$10,$2,$0
26,2012-03-31,4.4,$3.25,1.35,$0.01,337.57,$-1.22,0.0,$-0.46,0.0,$0.07B,$0.01B,8.03,$0.00B,$0.87B,0.0,$0.00B,$0.00B,100.00%,$0.00B,$-0.07B,-2366.67%,$0.00B,$-0.07B,-2366.67%,$0.00B,$-0.07B,-2366.67%,$0.00B,$-0.07B,-2433.33%,$0.00B,$-0.07B,-2333.33%,$-0.07B,$0.87B,-17.67%,$-0.07B,$0.87B,-17.67%,$-0.07B,$1.16B,-13.04%,$-0.07B,$0.87B,-17.92%,$3,$0,$3,$0,$5,$24,$-21,$2,$-20,$-2,$-17,$-17,$-17,$-21,$-21,$234,234,$-0.07,$-0.07,$63,$0,$2,$73,$14,$1069,$0,$5,$1089,$1162,$9,$0,$6,$281,$290,$1286,$-412,$-2,$872,$1162,$-17,$0,$-5,$-5,$0,$0,$0,$6,$6,$-16,$-1,$0,$-0,$1,$6,$7,$36,$42,$0,$0,$0,$3,$3,$0,$0,$3,$28,$2,$0
27,2011-12-31,3.33,$1.57,2.12,0,0.0,$-1.21,0.0,$-0.45,0.0,$0.05B,$0.01B,7.82,$0.00B,$0.22B,0.0,$0.00B,0,nan%,$0.00B,$-0.06B,inf%,$0.00B,$-0.06B,inf%,$0.00B,$-0.06B,inf%,$0.00B,$-0.06B,inf%,$0.00B,$-0.06B,inf%,$-0.06B,$0.22B,-25.18%,$-0.06B,$0.22B,-25.18%,$-0.06B,$0.31B,-18.42%,$-0.06B,$0.22B,-23.96%,$0,$0,$0,$0,$2,$16,$-16,$-0,$-16,$0,$-16,$-16,$-16,$-16,$-16,$148,148,$-0.09,$-0.09,$42,$0,$3,$48,$12,$245,$0,$5,$262,$310,$6,$0,$6,$85,$91,$614,$-393,$-1,$219,$310,$-62,$1,$-15,$-14,$0,$0,$0,$-2,$-2,$-79,$-8,$0,$-10,$-2,$0,$-2,$-0,$-21,$0,$0,$0,$106,$106,$0,$0,$106,$7,$3,$0
28,2011-09-30,3.97,$1.69,2.36,0,0.0,$-0.84,0.0,$-0.39,0.0,$0.07B,$0.01B,9.56,$0.00B,$0.24B,0.0,$0.00B,0,nan%,$0.00B,$-0.05B,inf%,$0.00B,$-0.05B,inf%,$0.00B,$-0.05B,inf%,$0.00B,$-0.05B,inf%,$0.00B,$-0.05B,inf%,$-0.05B,$0.24B,-22.58%,$-0.05B,$0.24B,-22.58%,$-0.05B,$0.33B,-16.33%,$-0.05B,$0.24B,-21.73%,$0,$0,$0,$0,$2,$21,$-21,$-2,$-24,$0,$-24,$-24,$-24,$-21,$-21,$140,140,$-0.17,$-0.17,$62,$0,$3,$65,$12,$245,$0,$5,$262,$327,$7,$0,$6,$85,$91,$613,$-377,$-1,$236,$327,$-46,$0,$4,$4,$0,$0,$0,$1,$1,$-40,$-8,$0,$-10,$2,$-23,$-21,$-0,$-39,$0,$0,$0,$106,$106,$0,$0,$106,$26,$2,$0
29,2011-06-30,5.97,$1.85,3.23,0,0.0,$-0.67,0.0,$-0.29,0.0,$0.10B,$0.01B,20.61,$0.00B,$0.26B,0.0,$0.00B,0,nan%,$0.00B,$-0.04B,inf%,$0.00B,$-0.04B,inf%,$0.00B,$-0.04B,inf%,$0.00B,$-0.04B,inf%,$0.00B,$-0.04B,inf%,$-0.04B,$0.26B,-16.78%,$-0.04B,$0.26B,-16.78%,$-0.04B,$0.35B,-11.95%,$-0.04B,$0.26B,-17.69%,$0,$0,$0,$0,$2,$13,$-13,$0,$-13,$0,$-13,$-13,$-13,$-13,$-13,$140,140,$-0.09,$-0.09,$91,$0,$4,$95,$11,$236,$0,$5,$253,$348,$5,$0,$6,$85,$89,$612,$-353,$-1,$258,$348,$-22,$0,$1,$1,$0,$0,$0,$-1,$-1,$-22,$-7,$0,$-1,$0,$-29,$-29,$-0,$-38,$0,$0,$0,$106,$106,$0,$0,$106,$47,$1,$0
30,2011-03-31,8.75,$1.95,4.49,0,0.0,$-0.57,0.0,$-0.30,0.0,$0.12B,$0.01B,25.49,$0.00B,$0.27B,0.0,$0.00B,0,nan%,$0.00B,$-0.04B,inf%,$0.00B,$-0.04B,inf%,$0.00B,$-0.04B,inf%,$0.00B,$-0.04B,inf%,$0.00B,$-0.04B,inf%,$-0.04B,$0.27B,-17.28%,$-0.04B,$0.27B,-17.28%,$-0.04B,$0.36B,-12.03%,$-0.04B,$0.27B,-18.77%,$0,$0,$0,$0,$1,$9,$-9,$1,$-9,$0,$-9,$-9,$-9,$-9,$-9,$129,129,$-0.07,$-0.07,$113,$0,$2,$116,$5,$236,$0,$5,$245,$361,$5,$0,$6,$85,$89,$611,$-340,$1,$272,$361,$-9,$0,$-0,$-0,$0,$0,$0,$-0,$-0,$-9,$-0,$0,$-0,$0,$-28,$-28,$0,$-29,$0,$0,$0,$106,$106,$0,$0,$106,$68,$0,$0
31,2010-12-31,7.99,$1.42,5.64,0,0.0,$-0.56,0.0,$-0.29,0.0,$0.02B,$0.00B,4.68,$0.00B,$0.17B,0.0,$0.00B,0,nan%,$0.00B,$-0.04B,inf%,$0.00B,$-0.04B,inf%,$0.00B,$-0.04B,inf%,$0.00B,$-0.04B,inf%,$0.00B,$-0.03B,inf%,$-0.03B,$0.17B,-17.96%,$-0.03B,$0.17B,-17.96%,$-0.03B,$0.26B,-12.12%,$-0.04B,$0.17B,-19.59%,$0,$0,$0,$0,$2,$8,$-8,$0,$-7,$0,$-7,$-7,$-7,$-8,$-8,$133,133,$-0.03,$-0.03,$16,$0,$1,$17,$4,$235,$0,$5,$244,$262,$4,$0,$6,$85,$88,$504,$-331,$0,$173,$262,$-33,$0,$6,$6,$0,$0,$0,$1,$1,$-26,$-2,$0,$-1,$9,$-2,$7,$0,$4,$0,$0,$0,$1,$1,$0,$0,$1,$-21,$2,$0
32,2010-09-30,4.92,$1.47,3.36,0,0.0,$-0.48,0.0,$-0.26,0.0,$0.02B,$0.00B,6.69,$0.00B,$0.18B,0.0,$0.00B,0,nan%,$0.00B,$-0.03B,inf%,$0.00B,$-0.03B,inf%,$0.00B,$-0.03B,inf%,$0.00B,$-0.03B,inf%,$0.00B,$-0.03B,inf%,$-0.03B,$0.18B,-15.69%,$-0.03B,$0.18B,-15.69%,$-0.03B,$0.27B,-10.72%,$-0.03B,$0.18B,-17.78%,$0,$0,$0,$0,$1,$9,$-9,$1,$-8,$0,$-8,$-8,$-8,$-9,$-9,$122,122,$-0.07,$-0.07,$23,$0,$1,$24,$4,$234,$0,$5,$243,$267,$4,$0,$6,$85,$89,$503,$-324,$-0,$179,$267,$-26,$0,$5,$5,$0,$0,$0,$1,$1,$-19,$-2,$0,$0,$12,$-2,$10,$0,$9,$0,$0,$0,$0,$0,$0,$0,$0,$-10,$1,$0
33,2010-06-30,4.96,$1.53,3.25,0,0.0,$-0.40,0.0,$-0.31,0.0,$0.03B,$0.00B,13.57,$0.00B,$0.19B,0.0,$0.00B,0,nan%,$0.00B,$-0.05B,inf%,$0.00B,$-0.05B,inf%,$0.00B,$-0.05B,inf%,$0.00B,$-0.05B,inf%,$0.00B,$-0.04B,inf%,$-0.04B,$0.19B,-18.66%,$-0.04B,$0.19B,-18.66%,$-0.04B,$0.27B,-12.88%,$-0.05B,$0.19B,-23.20%,$0,$0,$0,$0,$1,$12,$-12,$-1,$-13,$-2,$-11,$-11,$-11,$-12,$-12,$122,122,$-0.09,$-0.09,$29,$0,$1,$31,$4,$234,$0,$5,$243,$274,$2,$0,$7,$85,$87,$503,$-316,$-0,$186,$274,$-18,$0,$5,$5,$0,$0,$0,$0,$0,$-12,$-2,$0,$0,$12,$-1,$11,$0,$10,$0,$0,$0,$0,$0,$0,$0,$0,$-3,$1,$0
34,2010-03-31,2.67,$1.61,1.66,0,0.0,$-0.34,0.0,$-0.25,0.0,$0.04B,$0.00B,15.47,$0.00B,$0.20B,0.0,$0.00B,0,nan%,$0.00B,$-0.04B,inf%,$0.00B,$-0.04B,inf%,$0.00B,$-0.04B,inf%,$0.00B,$-0.04B,inf%,$0.00B,$-0.03B,inf%,$-0.03B,$0.20B,-14.48%,$-0.03B,$0.20B,-14.48%,$-0.03B,$0.29B,-10.07%,$-0.04B,$0.20B,-18.34%,$0,$0,$0,$0,$1,$7,$-7,$1,$-7,$0,$-7,$-7,$-7,$-7,$-7,$122,122,$-0.06,$-0.06,$36,$0,$1,$38,$4,$240,$0,$5,$248,$286,$2,$0,$6,$87,$89,$502,$-305,$-0,$197,$286,$-7,$0,$-0,$-0,$0,$0,$0,$0,$0,$-7,$-1,$0,$0,$0,$-1,$-1,$0,$-2,$0,$0,$0,$0,$0,$0,$0,$0,$-8,$0,$0
35,2009-12-31,2.46,$1.67,1.47,0,0.0,$-0.32,0.0,$-0.24,0.0,$0.04B,$0.00B,24.0,$0.00B,$0.20B,0.0,$0.00B,0,nan%,$0.00B,$-0.04B,inf%,$0.00B,$-0.04B,inf%,$0.00B,$-0.04B,inf%,$0.00B,$-0.03B,inf%,$0.00B,$-0.03B,inf%,$-0.03B,$0.20B,-13.81%,$-0.03B,$0.20B,-13.81%,$-0.03B,$0.29B,-9.49%,$-0.04B,$0.20B,-17.76%,$0,$0,$0,$0,$1,$6,$-6,$0,$-5,$-1,$-4,$-4,$-4,$-6,$-6,$112,112,$-0.04,$-0.04,$43,$0,$1,$44,$3,$240,$0,$5,$248,$292,$2,$0,$6,$87,$89,$502,$-298,$-0,$203,$292,$-28,$1,$11,$12,$0,$0,$0,$0,$0,$-15,$0,$0,$0,$-13,$-3,$-16,$0,$-15,$0,$0,$0,$46,$46,$0,$0,$46,$17,$1,$0
36,2009-09-30,2.86,$1.70,1.69,0,0.0,$-0.38,0.0,$-0.21,0.0,$0.05B,$0.00B,22.88,$0.00B,$0.21B,0.0,$0.00B,0,nan%,$0.00B,$-0.04B,inf%,$0.00B,$-0.04B,inf%,$0.00B,$-0.04B,inf%,$0.00B,$-0.04B,inf%,$0.00B,$-0.03B,inf%,$-0.03B,$0.21B,-15.68%,$-0.03B,$0.21B,-15.68%,$-0.03B,$0.30B,-10.63%,$-0.04B,$0.21B,-18.20%,$0,$0,$0,$0,$1,$21,$-21,$1,$-20,$-5,$-15,$-15,$-15,$-21,$-21,$122,122,$-0.12,$-0.12,$47,$0,$1,$48,$4,$241,$0,$5,$249,$297,$2,$0,$6,$88,$90,$502,$-294,$-0,$207,$297,$-24,$0,$11,$11,$0,$0,$0,$1,$1,$-11,$0,$0,$0,$0,$-3,$-3,$0,$-2,$0,$0,$0,$46,$46,$0,$0,$46,$34,$1,$0
37,2009-06-30,2.62,$1.82,1.44,0,0.0,$-0.44,0.0,$-0.09,0.0,$0.05B,$0.00B,20.56,$0.00B,$0.22B,0.0,$0.00B,0,nan%,$0.00B,$-0.13B,inf%,$0.00B,$-0.13B,inf%,$0.00B,$-0.02B,inf%,$0.00B,$-0.13B,inf%,$0.00B,$-0.13B,inf%,$-0.13B,$0.22B,-67.70%,$-0.13B,$0.22B,-67.70%,$-0.13B,$0.32B,-45.37%,$-0.13B,$0.22B,-66.67%,$0,$0,$0,$0,$2,$4,$-4,$0,$-4,$0,$-4,$-4,$-4,$-4,$-4,$108,108,$-0.04,$-0.04,$51,$0,$1,$52,$5,$256,$0,$5,$266,$317,$3,$0,$6,$93,$96,$501,$-279,$-0,$222,$317,$-9,$0,$1,$1,$0,$0,$0,$2,$2,$-6,$-0,$0,$0,$0,$0,$0,$-0,$-0,$0,$0,$0,$46,$46,$0,$0,$46,$41,$1,$0
38,2009-03-31,2.02,$1.85,1.09,0,0.0,$-0.48,0.0,$-0.09,0.0,$0.01B,$0.00B,4.59,$0.00B,$0.18B,0.0,$0.00B,0,nan%,$0.00B,$-0.13B,inf%,$0.00B,$-0.13B,inf%,$0.00B,$-0.02B,inf%,$0.00B,$-0.13B,inf%,$0.00B,$-0.13B,inf%,$-0.13B,$0.18B,-61.14%,$-0.13B,$0.18B,-69.87%,$-0.13B,$0.27B,-42.33%,$-0.13B,$0.18B,-60.21%,$0,$0,$0,$0,$1,$5,$-5,$-0,$-5,$0,$-5,$-5,$-5,$-4,$-5,$97,97,$-0.05,$-0.05,$7,$0,$1,$8,$4,$251,$0,$10,$266,$274,$2,$0,$6,$93,$95,$454,$-275,$-0,$179,$274,$-5,$0,$0,$1,$0,$0,$0,$0,$0,$-4,$-0,$0,$0,$0,$0,$0,$0,$0,$0,$0,$0,$0,$0,$0,$0,$0,$-4,$0,$0
39,2008-12-31,0.9,$1.89,0.48,0,0.0,$-0.49,0.0,$-0.10,0.0,$0.01B,$0.00B,9.04,$0.00B,$0.18B,0.0,$0.00B,0,nan%,$0.00B,$-0.13B,inf%,$0.00B,$-0.13B,inf%,$0.00B,$-0.02B,inf%,$0.00B,$-0.13B,inf%,$0.00B,$-0.13B,inf%,$-0.13B,$0.18B,-53.50%,$-0.13B,$0.18B,-68.31%,$-0.13B,$0.28B,-38.60%,$-0.13B,$0.18B,-52.68%,$0,$0,$0,$0,$1,$6,$-6,$-1,$-7,$0,$-7,$-7,$-7,$-6,$-6,$97,97,$-0.07,$-0.07,$10,$0,$1,$12,$5,$256,$0,$5,$266,$278,$1,$0,$6,$93,$94,$454,$-271,$-0,$183,$278,$-131,$108,$5,$112,$0,$0,$0,$0,$0,$-19,$-0,$0,$0,$0,$0,$0,$0,$-0,$0,$0,$0,$0,$0,$0,$0,$0,$-21,$0,$0
40,2008-09-30,1.31,$1.96,0.67,0,0.0,$-0.65,0.0,$-0.16,0.0,$0.02B,$0.00B,9.13,$0.00B,$0.19B,0.0,$0.00B,0,nan%,$0.00B,$-0.13B,inf%,$0.00B,$-0.13B,inf%,$0.00B,$-0.02B,inf%,$0.00B,$-0.13B,inf%,$0.00B,$-0.13B,inf%,$-0.13B,$0.19B,-46.51%,$-0.13B,$0.19B,-65.24%,$-0.13B,$0.29B,-34.69%,$-0.13B,$0.19B,-46.87%,$0,$0,$0,$0,$1,$114,$-114,$-0,$-115,$0,$-115,$-115,$-115,$-7,$-114,$97,97,$-1.19,$-1.19,$16,$0,$1,$17,$5,$254,$0,$11,$269,$286,$2,$0,$6,$94,$96,$454,$-264,$-0,$190,$286,$-124,$107,$2,$109,$0,$0,$0,$1,$1,$-14,$-0,$0,$0,$0,$0,$0,$-0,$-0,$0,$0,$0,$0,$0,$0,$0,$0,$-15,$0,$0
41,2008-06-30,2.3,$3.15,0.73,0,0.0,$-0.77,0.0,$-0.22,0.0,$0.02B,$0.00B,24.91,$0.00B,$0.31B,0.0,$0.00B,0,nan%,$0.00B,$-0.02B,inf%,$0.00B,$-0.02B,inf%,$0.00B,$-0.02B,inf%,$0.00B,$-0.02B,inf%,$0.00B,$-0.02B,inf%,$-0.02B,$0.31B,-6.78%,$-0.02B,$0.20B,-10.46%,$-0.02B,$0.40B,-5.20%,$-0.02B,$0.31B,-7.75%,$0,$0,$0,$0,$1,$4,$-4,$0,$-4,$0,$-4,$-4,$-4,$-4,$-4,$97,97,$-0.04,$-0.04,$22,$0,$2,$24,$5,$254,$107,$11,$376,$400,$1,$0,$6,$94,$95,$454,$-149,$-0,$305,$400,$-10,$0,$1,$1,$0,$0,$0,$-0,$-0,$-9,$-0,$0,$0,$0,$0,$0,$-0,$-0,$0,$0,$0,$0,$0,$0,$0,$0,$-9,$0,$0
42,2008-03-31,2.52,$3.19,0.79,0,0.0,$-0.89,0.0,$-0.27,0.0,$0.03B,$0.00B,27.78,$0.00B,$0.31B,0.0,$0.00B,0,nan%,$0.00B,$-0.03B,inf%,$0.00B,$-0.03B,inf%,$0.00B,$-0.03B,inf%,$0.00B,$-0.03B,inf%,$0.00B,$-0.03B,inf%,$-0.03B,$0.31B,-8.03%,$-0.03B,$0.20B,-11.20%,$-0.03B,$0.40B,-5.99%,$-0.03B,$0.31B,-9.31%,$0,$0,$0,$0,$2,$6,$-6,$-0,$-6,$0,$-6,$-6,$-6,$-5,$-6,$97,97,$-0.06,$-0.06,$26,$0,$2,$28,$5,$254,$107,$11,$376,$404,$1,$0,$6,$94,$95,$448,$-145,$-0,$309,$404,$-6,$0,$1,$1,$0,$0,$0,$0,$0,$-4,$-0,$0,$0,$0,$0,$0,$-0,$-0,$0,$0,$0,$0,$0,$0,$0,$0,$-5,$1,$0
43,2007-12-31,2.93,$3.25,0.9,0,0.0,$-0.98,0.0,$-0.38,0.0,$0.03B,$0.00B,33.18,$0.00B,$0.31B,0.0,$0.00B,0,nan%,$0.00B,$-0.03B,inf%,$0.00B,$-0.03B,inf%,$0.00B,$-0.03B,inf%,$0.00B,$-0.03B,inf%,$0.00B,$-0.03B,inf%,$-0.03B,$0.31B,-9.14%,$-0.03B,$0.21B,-11.72%,$-0.03B,$0.41B,-6.65%,$-0.03B,$0.31B,-10.44%,$0,$0,$0,$0,$2,$7,$-7,$1,$-5,$0,$-5,$-5,$-5,$-6,$-7,$82,82,$-0.03,$-0.03,$31,$0,$2,$33,$5,$254,$107,$10,$376,$409,$1,$0,$6,$94,$95,$446,$-139,$-0,$314,$409,$-29,$0,$2,$2,$0,$0,$0,$-3,$-3,$-29,$-0,$0,$0,$0,$0,$0,$-2,$-2,$0,$-0,$-0,$10,$10,$0,$0,$10,$-20,$2,$0
44,2007-09-30,6.21,$3.30,1.88,0,0.0,$-1.09,0.0,$-0.35,0.0,$0.03B,$0.00B,15.76,$0.00B,$0.31B,0.0,$0.00B,0,nan%,$0.00B,$-0.03B,inf%,$0.00B,$-0.03B,inf%,$0.00B,$-0.03B,inf%,$0.00B,$-0.03B,inf%,$0.00B,$-0.03B,inf%,$-0.03B,$0.31B,-13.28%,$-0.03B,$0.20B,-15.98%,$-0.03B,$0.40B,-9.60%,$-0.03B,$0.31B,-14.11%,$0,$0,$0,$0,$2,$7,$-7,$1,$-6,$0,$-6,$-6,$-6,$-7,$-7,$94,94,$-0.06,$-0.06,$32,$0,$2,$34,$5,$237,$115,$11,$368,$402,$2,$0,$6,$88,$91,$287,$-134,$0,$311,$402,$-23,$0,$2,$2,$0,$0,$0,$-3,$-3,$-25,$-0,$0,$1,$0,$0,$0,$-2,$-1,$0,$-0,$-0,$6,$6,$0,$0,$6,$-19,$2,$0
45,2007-06-30,5.45,$3.36,1.62,0,0.0,$-0.98,0.0,$-0.24,0.0,$0.04B,$0.01B,7.28,$0.00B,$0.31B,0.0,$0.00B,0,nan%,$0.00B,$-0.03B,inf%,$0.00B,$-0.03B,inf%,$0.00B,$-0.03B,inf%,$0.00B,$-0.03B,inf%,$0.00B,$-0.02B,inf%,$-0.02B,$0.31B,-13.46%,$-0.02B,$0.29B,-14.44%,$-0.02B,$0.45B,-9.61%,$-0.03B,$0.31B,-15.15%,$0,$0,$0,$0,$2,$9,$-9,$0,$-9,$0,$-9,$-8,$-8,$-9,$-9,$88,88,$-0.09,$-0.09,$35,$0,$1,$36,$9,$375,$24,$9,$418,$454,$5,$0,$5,$136,$141,$253,$-128,$0,$312,$454,$-17,$0,$1,$1,$0,$0,$0,$-2,$-2,$-19,$-0,$0,$2,$0,$0,$0,$-1,$1,$0,$-0,$-0,$1,$1,$0,$0,$1,$-16,$1,$0
46,2007-03-31,4.16,$3.28,1.27,0,0.0,$-0.84,0.0,$-0.10,0.0,$0.05B,$0.01B,5.41,$0.00B,$0.29B,0.0,$0.00B,0,nan%,$0.00B,$-0.02B,inf%,$0.00B,$-0.02B,inf%,$0.00B,$-0.02B,inf%,$0.00B,$-0.01B,inf%,$0.00B,$-0.01B,inf%,$-0.01B,$0.29B,-15.38%,$-0.01B,$0.27B,-16.56%,$-0.01B,$0.42B,-8.37%,$-0.02B,$0.29B,-17.75%,$0,$0,$0,$0,$1,$9,$-9,$1,$-9,$0,$-9,$-9,$-9,$-9,$-9,$52,52,$-0.17,$-0.17,$49,$0,$1,$50,$11,$327,$24,$8,$370,$419,$9,$0,$6,$121,$130,$164,$-120,$0,$289,$419,$-9,$0,$1,$1,$0,$0,$0,$1,$1,$-7,$-0,$0,$5,$0,$0,$0,$0,$5,$0,$-0,$-0,$0,$0,$0,$0,$0,$-2,$0,$0
47,2006-12-31,5.0,$1.05,4.77,0,0.0,$-0.72,0.0,$-2.00,0.0,$0.05B,$0.00B,15.05,$0.00B,$0.05B,0.0,$0.00B,0,nan%,$0.00B,$-0.08B,inf%,$0.00B,$-0.08B,inf%,$0.00B,$-0.08B,inf%,$0.00B,$-0.07B,inf%,$0.00B,$-0.07B,inf%,$-0.07B,$0.05B,1717.65%,$-0.07B,$0.05B,1717.65%,$-0.07B,$0.06B,-103.55%,$-0.08B,$0.05B,1764.71%,$0,$0,$0,$0,$2,$9,$-9,$1,$-9,$0,$-9,$-9,$-9,$-9,$-9,$40,40,$0.12,$0.17,$51,$0,$0,$51,$1,$0,$0,$7,$8,$59,$3,$0,$4,$4,$7,$163,$-111,$0,$52,$59,$-73,$0,$53,$54,$0,$0,$0,$1,$1,$-18,$-1,$0,$0,$0,$0,$0,$-0,$-1,$0,$-0,$-0,$69,$69,$0,$0,$69,$50,$2,$0
