,Date,Stock Price,Book Value per Share,Price to Book Ratio,TTM Sales per Share,Price to Sales Ratio,TTM FCF per Share,Price to FCF Ratio,TTM Net EPS,PE Ratio,Current Assets,Current Liabilities,Current Ratio,Long Term Debt,Shareholder's Equity_x,Debt to Equity Ratio,TTM Revenue_x,TTM Gross Profit,Gross Margin,TTM Revenue_y,TTM Operating Income,Operating Margin,TTM Revenue_x,TTM EBIT,EBIT Margin,TTM Revenue_y,TTM EBITDA,EBITDA Margin,TTM Revenue_x,TTM Pre-Tax Income,Pre-Tax Margin,TTM Revenue_y,TTM Net Income_x,Net Margin,TTM Net Income_y,Shareholder's Equity_y,Return on Equity,TTM Net Income_x,Tangible Equity,Return on Tangible Equity,TTM Net Income_y,Total Assets,Return on Assets,TTM Net Income,LT Investments & Debt,Return on Investment,revenue,cost-goods-sold,gross-profit,research-development-expenses,selling-general-administrative-expenses,operating-expenses,operating-income,total-non-operating-income-expense,pre-tax-income,total-provision-income-taxes,income-after-taxes,income-from-continuous-operations,net-income,ebitda,ebit,basic-shares-outstanding,shares-outstanding,eps-basic-net-earnings-per-share,eps-earnings-per-share-diluted,cash-on-hand,inventory,other-current-assets,total-current-assets,net-property-plant-equipment,long-term-investments,goodwill-intangible-assets-total,other-long-term-assets,total-long-term-assets,total-assets,total-current-liabilities,long-term-debt,other-non-current-liabilities,total-long-term-liabilities,total-liabilities,common-stock-net,retained-earnings-accumulated-deficit,comprehensive-income,total-share-holder-equity,total-liabilities-share-holders-equity,net-income-loss,total-depreciation-amortization-cash-flow,other-non-cash-items,total-non-cash-items,change-in-accounts-receivable,change-in-inventories,change-in-accounts-payable,change-in-assets-liabilities,total-change-in-assets-liabilities,cash-flow-from-operating-activities,net-change-in-property-plant-equipment,net-change-in-intangible-assets,net-acquisitions-divestitures,net-change-in-short-term-investments,net-change-in-long-term-investments,net-change-in-investments-total,investing-activities-other,cash-flow-from-investing-activities,net-long-term-debt,net-current-debt,debt-issuance-retirement-net-total,net-common-equity-issued-repurchased,net-total-equity-issued-repurchased,total-common-preferred-stock-dividends-paid,financial-activities-other,cash-flow-from-financial-activities,net-cash-flow,stock-based-compensation,common-stock-dividends-paid
0,2018-07-31,9.38,$12.62,0.74,$1.13,8.33,$0.42,22.35,$-0.30,0.0,$0.35B,$0.01B,63.13,$0.11B,$0.24B,0.48,$0.02B,$0.02B,100.00%,$0.02B,$0.01B,22.73%,$0.02B,$0.02B,72.73%,$0.02B,$-0.00B,-13.64%,$0.02B,$0.01B,22.73%,$0.02B,$-0.01B,-54.55%,$-0.01B,$0.24B,-4.72%,$-0.01B,$0.24B,-4.72%,$-0.01B,$0.36B,-3.15%,$0.01B,$0.35B,1.36%,$6,$0,$6,$0,$1,$3,$3,$0,$3,$0,$3,$-6,$-6,$18,$5,$19,19,$-0.32,$-0.32,$345,$0,$0,$348,$0,$0,$0,$1,$9,$357,$6,$114,$0,$114,$119,$0,$125,$-43,$238,$357,$-8,$11,$-1,$11,$-1,$0,$0,$-45,$-45,$-43,$0,$0,$0,$0,$0,$0,$0,$0,$1,$0,$1,$-25,$-25,$-8,$-4,$-37,$-79,$0,$-8
1,2018-04-30,9.76,$13.09,0.75,$1.12,8.71,$9.06,1.08,$0.76,12.85,$0.39B,$0.03B,12.2,$0.11B,$0.25B,0.46,$0.02B,$0.02B,100.00%,$0.02B,0,0.00%,$0.02B,$0.01B,47.83%,$0.02B,$0.07B,291.30%,$0.02B,0,0.00%,$0.02B,$0.02B,78.26%,$0.02B,$0.25B,6.67%,$0.02B,$0.25B,6.67%,$0.02B,$0.39B,4.51%,$0.00B,$0.36B,0.00%,$6,$0,$6,$0,$1,$4,$2,$0,$2,$0,$2,$-3,$-3,$7,$5,$19,19,$-0.18,$-0.18,$386,$0,$0,$388,$0,$0,$0,$0,$2,$391,$32,$112,$0,$112,$144,$0,$122,$-34,$246,$391,$-2,$-1,$3,$2,$-0,$0,$0,$-61,$-62,$-62,$0,$0,$0,$0,$0,$0,$0,$0,$1,$25,$26,$-25,$-25,$-5,$-4,$-9,$-70,$0,$-5
2,2018-01-31,10.18,$13.42,0.76,$1.00,10.16,$13.51,0.75,$1.08,9.43,$0.37B,$0.01B,41.18,$0.11B,$0.25B,0.44,$0.02B,$0.02B,100.00%,$0.02B,$-0.00B,-19.05%,$0.02B,$0.01B,28.57%,$0.02B,$0.06B,261.90%,$0.02B,$-0.00B,-19.05%,$0.02B,$0.02B,114.29%,$0.02B,$0.25B,8.61%,$0.02B,$0.25B,8.61%,$0.02B,$0.37B,5.90%,$-0.00B,$0.37B,-1.02%,$5,$0,$5,$0,$3,$8,$-2,$0,$-2,$0,$-2,$1,$1,$-3,$1,$20,20,$0.05,$0.05,$370,$0,$0,$372,$0,$0,$0,$0,$2,$374,$9,$112,$0,$112,$121,$0,$120,$-29,$253,$374,$1,$-3,$1,$-2,$-0,$0,$0,$-13,$-13,$-14,$0,$0,$0,$0,$0,$0,$0,$0,$1,$0,$1,$-25,$-25,$-3,$-4,$-31,$-45,$0,$-3
3,2017-10-31,10.23,$13.24,0.77,$0.89,11.44,$15.36,0.67,$1.22,8.39,$0.40B,$0.01B,37.36,$0.11B,$0.28B,0.41,$0.02B,$0.02B,100.00%,$0.02B,$-0.01B,-26.32%,$0.02B,$0.01B,26.32%,$0.02B,$0.06B,321.05%,$0.02B,$-0.01B,-26.32%,$0.02B,$0.03B,142.11%,$0.03B,$0.28B,9.45%,$0.03B,$0.28B,9.45%,$0.03B,$0.40B,6.44%,$-0.01B,$0.39B,-1.25%,$5,$0,$5,$0,$1,$3,$2,$0,$2,$-0,$2,$-4,$-4,$-25,$5,$22,22,$-0.17,$-0.17,$399,$0,$0,$401,$0,$0,$0,$0,$2,$403,$11,$113,$0,$113,$124,$0,$122,$-33,$279,$403,$27,$57,$-92,$-34,$2,$0,$0,$154,$156,$149,$0,$0,$0,$0,$0,$0,$0,$0,$-35,$0,$-35,$-15,$-15,$-12,$5,$-58,$91,$0,$-12
4,2017-07-31,9.8,$13.38,0.73,$0.89,11.05,$12.74,0.77,$1.62,6.05,$0.42B,$0.01B,34.78,$0.11B,$0.30B,0.37,$0.02B,$0.02B,100.00%,$0.02B,$-0.01B,-36.84%,$0.02B,$0.00B,15.79%,$0.02B,$0.08B,410.53%,$0.02B,$-0.01B,-36.84%,$0.02B,$0.04B,189.47%,$0.04B,$0.30B,12.59%,$0.04B,$0.30B,12.59%,$0.04B,$0.43B,8.44%,$-0.01B,$0.42B,-1.76%,$7,$0,$7,$0,$7,$10,$-2,$0,$-2,$0,$-2,$24,$24,$88,$0,$23,23,$1.06,$1.06,$423,$0,$0,$424,$0,$0,$0,$0,$2,$427,$12,$113,$0,$113,$125,$0,$120,$-27,$302,$427,$31,$87,$-127,$-40,$2,$0,$0,$150,$152,$144,$0,$0,$0,$0,$0,$0,$0,$0,$-35,$0,$-35,$-0,$-0,$-9,$-0,$-44,$99,$0,$-9
5,2017-04-30,8.41,$12.45,0.68,$0.92,9.19,$10.02,0.84,$0.40,21.02,$0.42B,$0.03B,13.42,$0.11B,$0.28B,0.4,$0.02B,$0.02B,100.00%,$0.02B,$-0.00B,-5.00%,$0.02B,$0.01B,50.00%,$0.02B,$0.00B,20.00%,$0.02B,$-0.00B,-5.00%,$0.02B,$0.01B,40.00%,$0.01B,$0.28B,2.85%,$0.01B,$0.28B,2.85%,$0.01B,$0.42B,1.87%,$-0.00B,$0.39B,-0.25%,$4,$0,$4,$0,$4,$6,$-2,$0,$-2,$0,$-2,$3,$3,$-5,$0,$23,23,$0.14,$0.14,$414,$0,$0,$416,$0,$0,$0,$6,$9,$424,$31,$113,$0,$113,$144,$0,$123,$-53,$281,$424,$7,$-1,$-12,$-13,$2,$0,$0,$30,$32,$26,$0,$0,$0,$0,$0,$0,$0,$0,$-60,$50,$-10,$-0,$-0,$-6,$-0,$-16,$10,$0,$-6
6,2017-01-31,7.83,$12.45,0.63,$1.44,5.44,$12.47,0.63,$0.52,15.06,$0.42B,$0.03B,13.89,$0.11B,$0.28B,0.4,$0.03B,$0.03B,100.00%,$0.03B,$0.01B,34.38%,$0.03B,$0.02B,71.88%,$0.03B,$0.03B,84.38%,$0.03B,$0.01B,34.38%,$0.03B,$0.01B,34.38%,$0.01B,$0.28B,3.91%,$0.01B,$0.28B,3.91%,$0.01B,$0.42B,2.54%,$0.01B,$0.39B,2.79%,$3,$0,$3,$0,$4,$6,$-3,$0,$-3,$0,$-3,$4,$4,$3,$-0,$23,23,$0.19,$0.19,$414,$0,$0,$415,$0,$0,$0,$5,$8,$423,$30,$113,$0,$113,$142,$0,$125,$-58,$281,$423,$4,$4,$-12,$-8,$3,$0,$0,$26,$29,$26,$0,$0,$0,$0,$0,$0,$0,$0,$-10,$0,$-10,$-0,$-0,$-3,$0,$-13,$13,$0,$-3
7,2016-10-31,7.84,$12.39,0.63,$1.65,4.76,$14.53,0.54,$0.12,65.31,$0.42B,$0.04B,10.36,$0.11B,$0.28B,0.4,$0.04B,$0.04B,100.00%,$0.04B,$0.02B,51.35%,$0.04B,$0.03B,83.78%,$0.04B,$0.00B,5.41%,$0.04B,$0.02B,51.35%,$0.04B,$0.00B,5.41%,$0.00B,$0.28B,0.71%,$0.00B,$0.28B,0.71%,$0.00B,$0.43B,0.45%,$0.02B,$0.39B,4.80%,$5,$0,$5,$0,$3,$5,$-0,$0,$-0,$0,$-0,$5,$5,$-8,$3,$23,23,$0.23,$0.23,$416,$0,$0,$420,$0,$0,$0,$9,$12,$432,$41,$112,$0,$112,$153,$0,$128,$-66,$280,$432,$3,$-28,$38,$10,$1,$0,$0,$78,$79,$92,$0,$0,$0,$0,$0,$0,$0,$0,$-63,$0,$-63,$-2,$-2,$-16,$-12,$-92,$-0,$0,$-16
8,2016-07-31,7.17,$12.27,0.58,$1.67,4.29,$10.81,0.66,$-0.20,0.0,$0.42B,$0.04B,9.91,$0.11B,$0.28B,0.41,$0.04B,$0.04B,100.00%,$0.04B,$0.02B,50.00%,$0.04B,$0.03B,81.58%,$0.04B,$0.01B,15.79%,$0.04B,$0.02B,50.00%,$0.04B,$-0.01B,-13.16%,$-0.01B,$0.28B,-1.75%,$-0.01B,$0.28B,-1.75%,$-0.01B,$0.44B,-1.08%,$0.02B,$0.39B,4.73%,$8,$0,$8,$0,$2,$4,$4,$0,$4,$0,$4,$-4,$-4,$14,$7,$23,23,$-0.16,$-0.16,$385,$0,$0,$422,$0,$0,$0,$9,$13,$436,$43,$114,$0,$114,$157,$0,$122,$-64,$279,$436,$-2,$-18,$33,$16,$2,$0,$0,$67,$69,$83,$0,$0,$0,$0,$0,$0,$0,$0,$-61,$0,$-61,$0,$0,$-13,$-2,$-76,$7,$0,$-13
9,2016-04-30,6.49,$12.56,0.52,$1.65,3.93,$7.25,0.89,$-0.65,0.0,$0.43B,$0.04B,10.14,$0.11B,$0.29B,0.4,$0.04B,$0.04B,100.00%,$0.04B,$0.02B,52.63%,$0.04B,$0.03B,84.21%,$0.04B,$0.03B,89.47%,$0.04B,$0.02B,52.63%,$0.04B,$-0.02B,-39.47%,$-0.02B,$0.29B,-5.17%,$-0.02B,$0.29B,-5.17%,$-0.02B,$0.44B,-3.08%,$0.02B,$0.40B,4.88%,$16,$0,$16,$0,$4,$6,$10,$0,$10,$0,$10,$6,$6,$18,$13,$23,23,$0.26,$0.26,$425,$0,$0,$428,$0,$0,$0,$9,$14,$442,$42,$114,$0,$114,$157,$0,$118,$-57,$285,$442,$1,$-25,$35,$10,$2,$0,$0,$69,$71,$82,$0,$0,$0,$0,$0,$0,$0,$0,$-63,$0,$-63,$0,$0,$-10,$-2,$-75,$7,$0,$-10
10,2016-01-31,6.35,$12.43,0.51,$1.19,5.35,$3.21,1.98,$-1.43,0.0,$0.44B,$0.06B,7.62,$0.11B,$0.28B,0.41,$0.03B,$0.03B,100.00%,$0.03B,$0.01B,48.15%,$0.03B,$0.02B,88.89%,$0.03B,$0.03B,125.93%,$0.03B,$0.01B,48.15%,$0.03B,$-0.03B,-122.22%,$-0.03B,$0.28B,-11.08%,$-0.03B,$0.28B,-11.08%,$-0.03B,$0.45B,-6.41%,$0.01B,$0.40B,3.09%,$8,$0,$8,$0,$1,$3,$5,$0,$5,$0,$5,$-5,$-5,$-22,$8,$23,23,$-0.21,$-0.21,$386,$0,$0,$438,$0,$0,$0,$10,$16,$454,$57,$114,$0,$114,$172,$0,$107,$-53,$282,$454,$-5,$-30,$36,$6,$3,$0,$0,$68,$71,$73,$0,$0,$0,$0,$0,$0,$0,$0,$55,$-103,$-48,$-0,$-0,$-7,$-1,$-56,$16,$0,$-7
11,2015-10-31,6.85,$12.95,0.53,$1.04,6.56,$-0.52,0.0,$-1.65,0.0,$0.51B,$0.10B,5.12,$0.12B,$0.29B,0.42,$0.02B,$0.02B,100.00%,$0.02B,$0.01B,37.50%,$0.02B,$0.02B,83.33%,$0.02B,$0.07B,291.67%,$0.02B,$0.01B,37.50%,$0.02B,$-0.04B,-158.33%,$-0.04B,$0.29B,-12.26%,$-0.04B,$0.29B,-12.26%,$-0.04B,$0.52B,-6.96%,$0.01B,$0.42B,2.06%,$6,$0,$6,$0,$3,$6,$0,$0,$0,$0,$0,$-2,$-2,$-4,$3,$23,23,$-0.10,$-0.10,$507,$0,$0,$512,$0,$0,$0,$0,$4,$517,$100,$122,$0,$123,$223,$0,$102,$-43,$294,$517,$-38,$51,$-6,$45,$-3,$0,$0,$4,$1,$8,$0,$0,$0,$0,$0,$0,$0,$0,$-2,$0,$-2,$-0,$-0,$-12,$-1,$-15,$-7,$0,$-12
12,2015-07-31,7.93,$13.18,0.6,$0.97,8.19,$-4.85,0.0,$-1.56,0.0,$0.53B,$0.11B,4.83,$0.13B,$0.30B,0.43,$0.02B,$0.02B,100.00%,$0.02B,$0.01B,45.45%,$0.02B,$0.02B,90.91%,$0.02B,$0.10B,463.64%,$0.02B,$0.01B,45.45%,$0.02B,$-0.05B,-213.64%,$-0.05B,$0.30B,-14.57%,$-0.05B,$0.30B,-14.57%,$-0.05B,$0.54B,-8.38%,$0.01B,$0.43B,2.24%,$8,$0,$8,$0,$-0,$2,$5,$0,$5,$0,$5,$-14,$-14,$42,$8,$23,23,$-0.61,$-0.61,$428,$0,$0,$532,$0,$0,$0,$0,$4,$537,$110,$127,$0,$127,$238,$0,$93,$-34,$299,$537,$-36,$58,$-15,$43,$-2,$0,$0,$-4,$-6,$2,$0,$0,$0,$0,$0,$0,$0,$0,$13,$0,$13,$-0,$-0,$-9,$-1,$3,$5,$0,$-9
13,2015-04-30,7.75,$13.93,0.56,$0.86,9.03,$-8.51,0.0,$-1.30,0.0,$0.55B,$0.11B,5.05,$0.13B,$0.32B,0.4,$0.02B,$0.02B,100.00%,$0.02B,$0.00B,21.05%,$0.02B,$0.01B,68.42%,$0.02B,$0.06B,321.05%,$0.02B,$0.00B,21.05%,$0.02B,$-0.03B,-163.16%,$-0.03B,$0.32B,-9.18%,$-0.03B,$0.32B,-9.18%,$-0.03B,$0.55B,-5.38%,$0.00B,$0.44B,0.87%,$5,$0,$5,$0,$-0,$3,$3,$0,$3,$0,$3,$-12,$-12,$18,$5,$23,23,$-0.52,$-0.52,$449,$0,$0,$548,$0,$0,$0,$0,$4,$552,$108,$127,$1,$127,$236,$0,$88,$-15,$316,$552,$-22,$23,$1,$25,$-2,$0,$0,$-11,$-12,$-10,$0,$0,$0,$0,$0,$0,$0,$0,$207,$-200,$7,$-0,$-0,$-6,$0,$1,$-8,$0,$-6
14,2015-01-31,7.47,$14.58,0.51,$0.89,8.43,$-12.21,0.0,$-1.61,0.0,$0.57B,$0.12B,4.92,$0.13B,$0.33B,0.39,$0.02B,$0.02B,100.00%,$0.02B,$0.00B,20.00%,$0.02B,$0.01B,70.00%,$0.02B,$0.07B,325.00%,$0.02B,$0.00B,20.00%,$0.02B,$-0.03B,-160.00%,$-0.03B,$0.33B,-9.12%,$-0.03B,$0.33B,-9.12%,$-0.03B,$0.58B,-5.42%,$0.00B,$0.46B,0.85%,$5,$0,$5,$0,$1,$4,$1,$0,$1,$0,$1,$-10,$-10,$14,$4,$23,23,$-0.43,$-0.43,$471,$0,$0,$573,$0,$0,$0,$0,$4,$577,$116,$129,$0,$130,$246,$0,$85,$-0,$331,$577,$-10,$11,$-0,$10,$-0,$0,$0,$-12,$-13,$-12,$0,$0,$0,$0,$0,$0,$0,$0,$15,$0,$15,$-0,$-0,$-3,$0,$12,$-0,$0,$-3
15,2014-10-31,8.76,$15.15,0.58,$0.88,10.0,$-14.60,0.0,$-1.08,0.0,$0.57B,$0.12B,4.81,$0.11B,$0.34B,0.33,$0.02B,$0.02B,100.00%,$0.02B,$0.00B,10.00%,$0.02B,$0.01B,55.00%,$0.02B,$0.05B,240.00%,$0.02B,$0.00B,10.00%,$0.02B,$-0.02B,-100.00%,$-0.02B,$0.34B,-5.46%,$-0.02B,$0.34B,-5.46%,$-0.02B,$0.58B,-3.30%,$0.00B,$0.46B,0.42%,$4,$0,$4,$0,$1,$3,$1,$0,$1,$0,$1,$-11,$-11,$28,$3,$23,23,$-0.46,$-0.46,$571,$0,$0,$573,$0,$0,$0,$0,$5,$578,$119,$114,$0,$115,$234,$0,$84,$11,$344,$578,$-20,$37,$-21,$16,$2,$0,$0,$-89,$-87,$-90,$0,$0,$0,$0,$0,$0,$0,$0,$50,$0,$50,$-4,$-4,$-12,$-0,$33,$-57,$0,$-12
16,2014-07-31,9.52,$15.86,0.6,$0.88,10.86,$-12.49,0.0,$-0.90,0.0,$0.59B,$0.12B,4.79,$0.11B,$0.36B,0.32,$0.02B,$0.02B,100.00%,$0.02B,$0.00B,10.00%,$0.02B,$0.01B,60.00%,$0.02B,$0.04B,195.00%,$0.02B,$0.00B,10.00%,$0.02B,$-0.02B,-115.00%,$-0.02B,$0.36B,-6.14%,$-0.02B,$0.36B,-6.14%,$-0.02B,$0.60B,-3.82%,$0.00B,$0.48B,0.41%,$5,$0,$5,$0,$4,$6,$-1,$0,$-1,$0,$-1,$2,$2,$1,$1,$23,23,$0.07,$0.07,$485,$0,$0,$586,$0,$0,$0,$6,$11,$597,$122,$114,$0,$114,$237,$0,$70,$38,$360,$597,$-9,$12,$-7,$6,$2,$0,$0,$-80,$-78,$-81,$0,$0,$0,$0,$0,$0,$0,$0,$250,$-200,$50,$-4,$-4,$-9,$-0,$36,$-45,$0,$-9
17,2014-04-30,9.91,$16.42,0.6,$0.97,10.19,$-10.05,0.0,$0.24,41.31,$0.60B,$0.13B,4.77,$0.11B,$0.37B,0.31,$0.02B,$0.02B,100.00%,$0.02B,$0.00B,4.55%,$0.02B,$0.01B,50.00%,$0.02B,$0.02B,81.82%,$0.02B,$0.00B,4.55%,$0.02B,$-0.01B,-31.82%,$-0.01B,$0.37B,-1.83%,$-0.01B,$0.37B,-1.83%,$-0.01B,$0.61B,-1.17%,$0.00B,$0.48B,0.20%,$6,$0,$6,$0,$0,$2,$3,$0,$3,$0,$3,$-13,$-13,$22,$6,$23,23,$-0.57,$-0.57,$493,$0,$0,$598,$0,$0,$0,$6,$11,$609,$125,$114,$0,$114,$240,$0,$69,$47,$369,$609,$-11,$13,$-3,$10,$-1,$0,$0,$-91,$-92,$-93,$0,$0,$0,$0,$0,$0,$0,$0,$50,$0,$50,$-2,$-2,$-6,$0,$42,$-51,$0,$-6
18,2014-01-31,10.72,$17.36,0.62,$0.99,10.81,$-3.81,0.0,$1.40,7.66,$0.63B,$0.13B,4.82,$0.11B,$0.39B,0.29,$0.02B,$0.02B,100.00%,$0.02B,$-0.00B,-4.35%,$0.02B,$0.01B,34.78%,$0.02B,$0.04B,160.87%,$0.02B,$-0.00B,-4.35%,$0.02B,$0.01B,60.87%,$0.01B,$0.39B,3.61%,$0.01B,$0.39B,3.61%,$0.01B,$0.64B,2.46%,$-0.00B,$0.51B,-0.20%,$5,$0,$5,$0,$4,$6,$-1,$0,$-1,$0,$-1,$2,$2,$-3,$1,$23,23,$0.08,$0.08,$620,$0,$0,$625,$0,$0,$0,$6,$12,$637,$130,$114,$0,$114,$244,$0,$64,$70,$393,$637,$2,$-4,$-1,$-5,$-0,$0,$0,$-63,$-63,$-66,$0,$0,$0,$0,$0,$0,$0,$0,$50,$0,$50,$0,$0,$-3,$0,$47,$-19,$0,$-3
19,2013-10-31,10.3,$16.63,0.62,$1.06,9.74,$-0.98,0.0,$1.59,6.48,$0.55B,$0.07B,7.48,$0.11B,$0.38B,0.3,$0.02B,$0.02B,100.00%,$0.02B,$0.00B,4.17%,$0.02B,$0.01B,37.50%,$0.02B,$0.03B,141.67%,$0.02B,$0.00B,4.17%,$0.02B,$0.02B,79.17%,$0.02B,$0.38B,4.91%,$0.02B,$0.38B,4.91%,$0.02B,$0.56B,3.62%,$0.00B,$0.49B,0.21%,$4,$0,$4,$0,$1,$3,$1,$0,$1,$0,$1,$-14,$-14,$19,$4,$23,23,$-0.59,$-0.59,$549,$0,$0,$553,$0,$0,$0,$6,$12,$564,$74,$114,$0,$114,$188,$0,$71,$44,$376,$564,$19,$26,$-47,$-21,$1,$0,$0,$-43,$-42,$-44,$0,$0,$0,$0,$0,$0,$0,$0,$114,$0,$114,$-17,$-17,$-13,$-4,$82,$38,$0,$-13
20,2013-07-31,9.39,$17.36,0.54,$1.12,8.35,$1.69,5.55,$1.27,7.39,$0.57B,$0.08B,7.5,$0.11B,$0.39B,0.29,$0.03B,$0.03B,100.00%,$0.03B,$0.00B,15.38%,$0.03B,$0.01B,34.62%,$0.03B,$0.03B,119.23%,$0.03B,$0.00B,15.38%,$0.03B,$0.03B,111.54%,$0.03B,$0.39B,7.45%,$0.03B,$0.39B,7.45%,$0.03B,$0.58B,5.82%,$0.00B,$0.51B,0.86%,$7,$0,$7,$0,$7,$9,$-2,$0,$-2,$0,$-2,$18,$18,$-20,$-0,$23,23,$0.79,$0.79,$568,$0,$0,$572,$0,$0,$0,$6,$11,$583,$76,$114,$0,$114,$191,$0,$65,$58,$393,$583,$33,$11,$-46,$-35,$0,$0,$0,$-24,$-24,$-26,$0,$0,$0,$0,$0,$0,$0,$0,$164,$-50,$114,$-17,$-17,$-9,$-3,$85,$59,$0,$-9
21,2013-04-30,9.49,$16.56,0.57,$0.97,9.77,$3.02,3.14,$0.03,316.17,$0.48B,$0.02B,21.07,$0.08B,$0.39B,0.21,$0.02B,$0.02B,100.00%,$0.02B,$0.01B,34.78%,$0.02B,$0.01B,52.17%,$0.02B,$0.04B,178.26%,$0.02B,$0.01B,34.78%,$0.02B,0,0.00%,$0.00B,$0.39B,0.00%,$0.00B,$0.39B,0.00%,$0.00B,$0.49B,0.00%,$0.01B,$0.47B,1.79%,$7,$0,$7,$0,$4,$5,$1,$0,$1,$0,$1,$8,$8,$41,$3,$24,24,$0.33,$0.33,$477,$0,$0,$481,$0,$0,$0,$6,$11,$492,$23,$81,$0,$81,$103,$0,$67,$38,$389,$492,$15,$31,$-44,$-14,$1,$0,$0,$48,$50,$51,$0,$0,$0,$0,$0,$0,$0,$0,$81,$-50,$31,$-6,$-6,$-6,$-3,$15,$66,$0,$-6
22,2013-01-31,8.79,$16.29,0.54,$1.37,6.43,$1.25,7.01,$-0.24,0.0,$0.46B,$0.02B,20.97,$0.05B,$0.39B,0.13,$0.03B,$0.03B,100.00%,$0.03B,$0.02B,65.63%,$0.03B,$0.02B,75.00%,$0.03B,$0.03B,87.50%,$0.03B,$0.02B,65.63%,$0.03B,$-0.01B,-18.75%,$-0.01B,$0.39B,-1.52%,$-0.01B,$0.39B,-1.52%,$-0.01B,$0.46B,-1.29%,$0.02B,$0.44B,4.73%,$6,$0,$6,$0,$4,$5,$1,$0,$1,$0,$1,$7,$7,$-6,$2,$24,24,$0.29,$0.29,$454,$0,$0,$457,$0,$0,$0,$0,$4,$461,$22,$50,$0,$50,$72,$0,$66,$31,$390,$461,$7,$-8,$1,$-6,$2,$0,$0,$-4,$-3,$-2,$0,$0,$0,$0,$0,$0,$0,$0,$0,$0,$0,$0,$0,$-3,$0,$-3,$-6,$0,$-3
23,2012-10-31,8.83,$16.14,0.55,$1.25,7.06,$1.07,8.29,$-0.91,0.0,$0.45B,$0.02B,22.15,$0.05B,$0.39B,0.13,$0.03B,$0.03B,100.00%,$0.03B,$0.02B,70.00%,$0.03B,$0.02B,80.00%,$0.03B,$0.05B,153.33%,$0.03B,$0.02B,70.00%,$0.03B,$-0.02B,-73.33%,$-0.02B,$0.39B,-5.52%,$-0.02B,$0.39B,-5.52%,$-0.02B,$0.46B,-4.67%,$0.02B,$0.44B,4.68%,$6,$0,$6,$0,$2,$3,$4,$0,$4,$0,$4,$-4,$-4,$16,$4,$24,24,$-0.13,$-0.13,$447,$0,$0,$452,$0,$0,$0,$1,$4,$456,$20,$50,$0,$50,$70,$0,$65,$25,$386,$456,$-22,$22,$17,$39,$-1,$0,$0,$3,$1,$19,$0,$0,$0,$0,$0,$0,$0,$0,$0,$0,$0,$0,$0,$-12,$0,$-12,$7,$0,$-12
24,2012-07-31,8.98,$16.42,0.55,$1.14,7.9,$-0.10,0.0,$-0.21,0.0,$0.46B,$0.02B,21.07,$0.05B,$0.39B,0.13,$0.03B,$0.03B,100.00%,$0.03B,$0.01B,48.15%,$0.03B,$0.02B,62.96%,$0.03B,$-0.00B,-11.11%,$0.03B,$0.01B,48.15%,$0.03B,$-0.01B,-18.52%,$-0.01B,$0.39B,-1.23%,$-0.01B,$0.39B,-1.23%,$-0.01B,$0.47B,-1.04%,$0.01B,$0.44B,2.85%,$4,$0,$4,$0,$1,$2,$2,$0,$2,$0,$2,$-11,$-11,$-10,$3,$24,24,$-0.45,$-0.45,$457,$0,$0,$464,$0,$0,$0,$1,$1,$465,$22,$50,$0,$50,$72,$0,$58,$33,$393,$465,$-18,$10,$23,$33,$1,$0,$0,$-12,$-11,$4,$0,$0,$0,$0,$0,$0,$0,$0,$0,$0,$0,$0,$0,$-9,$0,$-9,$-4,$0,$-9
25,2012-04-30,9.24,$16.99,0.54,$1.12,8.26,$-0.34,0.0,$0.14,66.0,$0.48B,$0.02B,19.79,$0.05B,$0.41B,0.12,$0.03B,$0.03B,100.00%,$0.03B,$0.01B,42.31%,$0.03B,$0.02B,57.69%,$0.03B,$0.01B,38.46%,$0.03B,$0.01B,42.31%,$0.03B,$0.00B,15.38%,$0.00B,$0.41B,0.97%,$0.00B,$0.41B,0.97%,$0.00B,$0.48B,0.82%,$0.01B,$0.46B,2.39%,$16,$0,$16,$0,$3,$2,$14,$0,$14,$0,$14,$2,$2,$28,$15,$24,24,$0.06,$0.06,$472,$0,$0,$480,$0,$0,$0,$1,$1,$481,$24,$50,$0,$50,$74,$0,$56,$45,$406,$481,$-8,$23,$-2,$21,$1,$0,$0,$-7,$-5,$9,$0,$0,$0,$0,$0,$0,$0,$0,$0,$0,$0,$0,$0,$-6,$0,$-6,$3,$0,$-6
26,2012-01-31,8.7,$17.04,0.51,$0.64,13.57,$-0.04,0.0,$0.18,48.31,$0.48B,$0.03B,18.31,$0.05B,$0.41B,0.12,$0.02B,$0.02B,100.00%,$0.02B,$-0.00B,-20.00%,$0.02B,$0.00B,6.67%,$0.02B,$-0.02B,-126.67%,$0.02B,$-0.00B,-20.00%,$0.02B,$0.00B,26.67%,$0.00B,$0.41B,0.97%,$0.00B,$0.41B,0.97%,$0.00B,$0.48B,0.82%,$-0.00B,$0.46B,-0.65%,$4,$0,$4,$0,$2,$2,$1,$0,$1,$0,$1,$-9,$-9,$12,$2,$24,24,$-0.38,$-0.38,$475,$0,$0,$483,$0,$0,$0,$1,$1,$484,$26,$50,$0,$50,$76,$0,$42,$58,$408,$484,$-9,$10,$-1,$10,$0,$0,$0,$-8,$-7,$-7,$0,$0,$0,$0,$0,$0,$0,$0,$0,$0,$0,$0,$0,$-3,$0,$-3,$-10,$0,$-3
27,2011-10-31,8.88,$17.54,0.51,$0.68,13.14,$-0.96,0.0,$0.30,29.58,$0.49B,$0.03B,17.81,$0.05B,$0.42B,0.12,$0.02B,$0.02B,100.00%,$0.02B,$-0.00B,-12.50%,$0.02B,$0.00B,12.50%,$0.02B,$-0.04B,-218.75%,$0.02B,$-0.00B,-12.50%,$0.02B,$0.01B,43.75%,$0.01B,$0.42B,1.69%,$0.01B,$0.42B,1.69%,$0.01B,$0.50B,1.43%,$-0.00B,$0.47B,-0.43%,$3,$0,$3,$0,$6,$7,$-4,$0,$-4,$0,$-4,$13,$13,$-33,$-3,$24,24,$0.56,$0.56,$487,$0,$0,$491,$0,$0,$0,$1,$6,$497,$28,$50,$0,$50,$78,$0,$40,$68,$420,$497,$7,$-36,$23,$-13,$-1,$0,$0,$-2,$-3,$-9,$0,$0,$0,$0,$0,$0,$0,$0,$0,$0,$0,$-1,$-1,$-11,$0,$-12,$-21,$0,$-11
28,2011-07-31,8.5,$17.10,0.5,$0.74,11.44,$2.81,3.02,$0.21,40.47,$0.48B,$0.02B,19.91,$0.05B,$0.41B,0.12,$0.02B,$0.02B,100.00%,$0.02B,$0.00B,5.56%,$0.02B,$0.01B,27.78%,$0.02B,$-0.02B,-83.33%,$0.02B,$0.00B,5.56%,$0.02B,$0.01B,27.78%,$0.01B,$0.41B,1.20%,$0.01B,$0.41B,1.20%,$0.01B,$0.48B,1.02%,$0.00B,$0.46B,0.21%,$3,$0,$3,$0,$3,$4,$-0,$0,$-0,$0,$-0,$-2,$-2,$3,$1,$24,24,$-0.10,$-0.10,$474,$0,$0,$482,$0,$0,$0,$1,$1,$483,$24,$50,$0,$50,$74,$0,$42,$52,$409,$483,$-6,$-6,$12,$5,$-0,$0,$0,$0,$-0,$-1,$0,$0,$0,$0,$0,$0,$0,$0,$0,$0,$0,$-1,$-1,$-9,$0,$-10,$-11,$0,$-9
29,2011-04-30,9.31,$17.32,0.54,$0.81,11.43,$6.31,1.48,$-0.16,0.0,$0.49B,$0.02B,20.05,$0.05B,$0.41B,0.12,$0.02B,$0.02B,100.00%,$0.02B,$0.01B,30.00%,$0.02B,$0.01B,45.00%,$0.02B,$0.02B,110.00%,$0.02B,$0.01B,30.00%,$0.02B,$-0.00B,-20.00%,$-0.00B,$0.41B,-0.96%,$-0.00B,$0.41B,-0.96%,$-0.00B,$0.49B,-0.81%,$0.01B,$0.46B,1.28%,$5,$0,$5,$0,$4,$4,$0,$0,$0,$0,$0,$2,$2,$-1,$1,$23,23,$0.10,$0.10,$480,$0,$0,$488,$0,$0,$0,$1,$1,$489,$24,$50,$0,$50,$74,$0,$42,$55,$414,$489,$-4,$-9,$13,$4,$0,$0,$0,$15,$15,$15,$0,$0,$0,$0,$0,$0,$0,$0,$0,$0,$0,$-1,$-1,$-6,$0,$-7,$9,$0,$-6
30,2011-01-31,9.29,$17.33,0.54,$0.84,11.1,$7.23,1.29,$0.40,23.23,$0.49B,$0.02B,20.87,$0.05B,$0.42B,0.12,$0.02B,$0.02B,100.00%,$0.02B,$0.01B,25.00%,$0.02B,$0.01B,40.00%,$0.02B,$0.01B,65.00%,$0.02B,$0.01B,25.00%,$0.02B,$0.00B,15.00%,$0.00B,$0.42B,0.71%,$0.00B,$0.42B,0.71%,$0.00B,$0.49B,0.60%,$0.01B,$0.47B,1.06%,$5,$0,$5,$0,$2,$3,$2,$0,$2,$0,$2,$-6,$-6,$-4,$3,$24,24,$-0.26,$-0.26,$480,$0,$0,$488,$0,$0,$0,$1,$1,$489,$23,$50,$0,$50,$73,$0,$42,$53,$416,$489,$-6,$-7,$13,$7,$-0,$0,$0,$-29,$-29,$-29,$0,$0,$0,$0,$0,$0,$0,$0,$0,$0,$0,$0,$0,$-3,$0,$-3,$-32,$0,$-3
31,2010-10-31,8.84,$17.71,0.5,$0.97,9.15,$9.63,0.92,$0.95,9.31,$0.50B,$0.03B,19.64,$0.05B,$0.43B,0.12,$0.02B,$0.02B,100.00%,$0.02B,$0.01B,26.09%,$0.02B,$0.01B,39.13%,$0.02B,$0.03B,130.43%,$0.02B,$0.01B,26.09%,$0.02B,$0.02B,69.57%,$0.02B,$0.43B,3.75%,$0.02B,$0.43B,3.75%,$0.02B,$0.50B,3.19%,$0.01B,$0.48B,1.26%,$5,$0,$5,$0,$5,$6,$-1,$0,$-1,$0,$-1,$11,$11,$-13,$-0,$24,24,$0.47,$0.47,$490,$0,$0,$498,$0,$0,$0,$2,$2,$500,$25,$50,$0,$50,$75,$0,$40,$61,$425,$500,$16,$22,$-38,$-16,$-1,$0,$0,$85,$84,$83,$0,$0,$0,$0,$0,$0,$0,$0,$0,$-12,$-12,$-4,$-4,$-12,$0,$-28,$55,$0,$-12
32,2010-07-31,8.41,$17.35,0.48,$1.02,8.25,$6.50,1.3,$1.61,5.22,$0.49B,$0.02B,20.49,$0.05B,$0.42B,0.12,$0.02B,$0.02B,100.00%,$0.02B,$0.00B,12.50%,$0.02B,$0.01B,20.83%,$0.02B,$-0.02B,-79.17%,$0.02B,$0.00B,12.50%,$0.02B,$0.03B,133.33%,$0.03B,$0.42B,7.51%,$0.03B,$0.42B,7.51%,$0.03B,$0.49B,6.34%,$0.00B,$0.47B,0.63%,$5,$0,$5,$0,$-0,$1,$5,$0,$5,$0,$5,$-11,$-11,$40,$5,$24,24,$-0.47,$-0.47,$481,$0,$0,$489,$0,$0,$0,$2,$2,$491,$24,$50,$0,$50,$74,$0,$42,$48,$417,$491,$5,$34,$-37,$-3,$-1,$0,$0,$81,$80,$83,$0,$0,$0,$0,$0,$0,$0,$0,$0,$-12,$-12,$-3,$-3,$-9,$0,$-24,$58,$0,$-9
33,2010-04-30,9.19,$17.89,0.51,$1.11,8.31,$3.31,2.77,$1.82,5.05,$0.51B,$0.03B,18.85,$0.05B,$0.44B,0.12,$0.03B,$0.03B,100.00%,$0.03B,$0.00B,15.38%,$0.03B,$0.01B,26.92%,$0.03B,$-0.04B,-153.85%,$0.03B,$0.00B,15.38%,$0.03B,$0.04B,142.31%,$0.04B,$0.44B,8.77%,$0.04B,$0.44B,8.77%,$0.04B,$0.51B,7.37%,$0.00B,$0.49B,0.85%,$5,$0,$5,$0,$5,$6,$-1,$0,$-1,$0,$-1,$9,$9,$-10,$-0,$24,24,$0.37,$0.37,$503,$0,$0,$510,$0,$0,$0,$2,$2,$512,$27,$50,$0,$50,$77,$0,$37,$64,$435,$512,$16,$-0,$-17,$-17,$0,$0,$0,$39,$40,$38,$0,$0,$0,$0,$0,$0,$0,$0,$0,$-12,$-12,$0,$0,$-6,$0,$-18,$20,$0,$-6
34,2010-01-31,7.55,$17.64,0.43,$1.12,6.73,$1.98,3.82,$0.84,8.98,$0.50B,$0.03B,20.13,$0.05B,$0.43B,0.12,$0.03B,$0.03B,100.00%,$0.03B,$0.01B,25.93%,$0.03B,$0.01B,37.04%,$0.03B,$-0.02B,-66.67%,$0.03B,$0.01B,25.93%,$0.03B,$0.02B,74.07%,$0.02B,$0.43B,4.81%,$0.02B,$0.43B,4.81%,$0.02B,$0.50B,4.03%,$0.01B,$0.48B,1.50%,$8,$0,$8,$0,$4,$5,$3,$0,$3,$0,$3,$7,$7,$13,$4,$25,25,$0.29,$0.29,$494,$0,$0,$501,$0,$0,$0,$2,$2,$504,$25,$50,$0,$50,$75,$0,$38,$54,$429,$504,$7,$9,$-15,$-6,$-0,$0,$0,$29,$28,$29,$0,$0,$0,$0,$0,$0,$0,$0,$0,$-12,$-12,$0,$0,$-3,$0,$-15,$14,$0,$-3
35,2009-10-31,5.86,$17.47,0.34,$1.11,5.26,$0.84,6.96,$0.59,9.94,$0.51B,$0.04B,14.04,$0.05B,$0.42B,0.12,$0.03B,$0.03B,100.00%,$0.03B,$0.01B,23.08%,$0.03B,$0.01B,34.62%,$0.03B,$-0.03B,-100.00%,$0.03B,$0.01B,23.08%,$0.03B,$0.01B,53.85%,$0.01B,$0.42B,3.39%,$0.01B,$0.42B,3.39%,$0.01B,$0.51B,2.83%,$0.01B,$0.47B,1.30%,$6,$0,$6,$0,$10,$11,$-4,$0,$-4,$1,$-6,$27,$27,$-62,$-4,$24,24,$1.13,$1.13,$504,$0,$0,$511,$0,$0,$0,$0,$0,$511,$36,$50,$0,$50,$86,$0,$35,$50,$424,$511,$14,$-35,$20,$-15,$-3,$0,$0,$10,$7,$7,$0,$0,$0,$0,$0,$0,$0,$0,$0,$-7,$-7,$0,$0,$-12,$0,$-18,$-12,$0,$-12
36,2009-07-31,5.81,$16.46,0.35,$1.11,5.24,$-1.48,0.0,$-0.24,0.0,$0.48B,$0.03B,14.77,$0.05B,$0.40B,0.13,$0.03B,$0.03B,100.00%,$0.03B,$0.01B,38.46%,$0.03B,$0.01B,53.85%,$0.03B,$0.03B,115.38%,$0.03B,$0.01B,38.46%,$0.03B,$-0.01B,-23.08%,$-0.01B,$0.40B,-1.45%,$-0.01B,$0.40B,-1.45%,$-0.01B,$0.48B,-1.21%,$0.01B,$0.45B,2.16%,$7,$0,$7,$0,$0,$1,$6,$0,$6,$0,$6,$-6,$-6,$19,$7,$24,24,$-0.26,$-0.26,$474,$0,$0,$481,$0,$0,$0,$0,$1,$482,$33,$50,$0,$50,$83,$0,$41,$17,$400,$482,$-13,$24,$-5,$19,$-3,$0,$0,$3,$1,$6,$0,$0,$0,$0,$0,$0,$0,$0,$0,$-4,$-4,$0,$0,$-9,$0,$-13,$-6,$0,$-9
37,2009-04-30,5.33,$16.84,0.32,$1.08,4.92,$-2.63,0.0,$0.02,266.3,$0.49B,$0.03B,17.45,$0.05B,$0.41B,0.12,$0.03B,$0.03B,100.00%,$0.03B,$0.00B,11.54%,$0.03B,$0.01B,26.92%,$0.03B,$-0.01B,-34.62%,$0.03B,$0.00B,11.54%,$0.03B,$0.02B,73.08%,$0.02B,$0.41B,4.56%,$0.02B,$0.41B,4.56%,$0.02B,$0.49B,3.65%,$0.00B,$0.46B,0.64%,$6,$0,$6,$0,$3,$4,$2,$0,$2,$0,$2,$-8,$-8,$12,$3,$24,24,$-0.32,$-0.32,$481,$0,$0,$485,$0,$0,$0,$0,$1,$487,$28,$50,$0,$50,$78,$0,$35,$29,$409,$487,$-7,$11,$-3,$9,$0,$0,$0,$4,$4,$6,$0,$0,$0,$0,$0,$0,$0,$0,$0,$-10,$-10,$0,$0,$-6,$0,$-16,$-10,$0,$-6
38,2009-01-31,6.27,$17.28,0.36,$1.18,5.33,$-5.76,0.0,$0.34,18.44,$0.50B,$0.03B,15.66,$0.05B,$0.42B,0.12,$0.03B,$0.03B,100.00%,$0.03B,$0.00B,3.57%,$0.03B,$0.01B,17.86%,$0.03B,$-0.04B,-128.57%,$0.03B,$0.00B,3.57%,$0.03B,$0.04B,157.14%,$0.04B,$0.42B,10.60%,$0.04B,$0.42B,10.60%,$0.04B,$0.50B,8.13%,$0.00B,$0.47B,0.21%,$7,$0,$7,$0,$3,$4,$2,$0,$2,$-0,$3,$1,$1,$5,$3,$21,21,$0.04,$0.04,$495,$0,$0,$500,$0,$0,$0,$0,$2,$502,$32,$50,$0,$50,$82,$0,$33,$38,$420,$502,$1,$2,$-2,$0,$0,$0,$0,$0,$0,$1,$0,$0,$0,$0,$0,$0,$0,$0,$0,$-6,$-6,$0,$0,$-3,$0,$-9,$-8,$0,$-3
39,2008-10-31,7.47,$17.36,0.43,$1.24,6.05,$-5.86,0.0,$0.30,24.91,$0.51B,$0.04B,13.11,$0.05B,$0.42B,0.12,$0.03B,$0.03B,100.00%,$0.03B,$0.00B,6.67%,$0.03B,$0.01B,23.33%,$0.03B,$-0.05B,-176.67%,$0.03B,$0.00B,6.67%,$0.03B,$0.06B,213.33%,$0.06B,$0.42B,15.72%,$0.06B,$0.42B,15.72%,$0.06B,$0.51B,11.81%,$0.00B,$0.47B,0.44%,$6,$0,$6,$0,$5,$6,$-0,$0,$-0,$-1,$1,$7,$7,$-6,$1,$24,24,$0.30,$0.30,$504,$0,$0,$509,$0,$0,$0,$0,$1,$511,$39,$50,$0,$50,$89,$0,$30,$40,$422,$511,$64,$-60,$-7,$-67,$0,$0,$0,$-47,$-47,$-50,$0,$0,$0,$0,$0,$0,$0,$0,$0,$-11,$-11,$0,$0,$-11,$0,$-22,$-72,$0,$-11
40,2008-07-31,8.47,$17.18,0.49,$1.35,6.26,$-5.05,0.0,0,0.0,$0.58B,$0.12B,4.97,$0.05B,$0.42B,0.12,$0.03B,$0.03B,100.00%,$0.03B,$0.01B,18.75%,$0.03B,$0.01B,34.38%,$0.03B,$-0.05B,-143.75%,$0.03B,$0.01B,18.75%,$0.03B,$0.07B,206.25%,$0.07B,$0.42B,16.76%,$0.07B,$0.42B,16.76%,$0.07B,$0.59B,12.41%,$0.01B,$0.47B,1.35%,$7,$0,$7,$0,$7,$8,$-1,$0,$-1,$0,$-1,$19,$19,$-20,$-0,$24,24,$0.77,$0.77,$578,$0,$0,$584,$0,$0,$0,$0,$1,$585,$118,$50,$0,$50,$168,$0,$27,$34,$417,$585,$57,$-53,$-6,$-58,$0,$0,$0,$-20,$-20,$-21,$0,$0,$0,$0,$0,$0,$0,$0,$0,$70,$70,$0,$0,$-8,$0,$62,$40,$0,$-8
41,2008-04-30,9.28,$16.53,0.56,$1.36,6.81,$-3.03,0.0,$0.08,116.01,$0.57B,$0.11B,4.95,$0.05B,$0.40B,0.12,$0.03B,$0.03B,100.00%,$0.03B,$0.01B,28.13%,$0.03B,$0.01B,43.75%,$0.03B,$0.03B,96.88%,$0.03B,$0.01B,28.13%,$0.03B,$0.06B,190.63%,$0.06B,$0.40B,16.04%,$0.06B,$0.40B,16.04%,$0.06B,$0.57B,12.33%,$0.01B,$0.45B,2.09%,$8,$0,$8,$0,$6,$8,$0,$0,$0,$-0,$1,$17,$17,$-15,$1,$25,25,$0.70,$0.70,$559,$0,$0,$565,$0,$0,$0,$0,$1,$566,$114,$50,$0,$50,$164,$0,$28,$14,$402,$566,$38,$-33,$-4,$-37,$0,$0,$0,$-72,$-72,$-71,$0,$0,$0,$0,$0,$0,$0,$0,$0,$70,$70,$0,$0,$-5,$0,$65,$-6,$0,$-5
42,2008-01-31,9.04,$15.95,0.57,$1.28,7.04,$-1.74,0.0,$0.08,112.94,$0.50B,$0.07B,7.48,$0.05B,$0.39B,0.13,$0.03B,$0.03B,100.00%,$0.03B,$0.01B,20.00%,$0.03B,$0.01B,40.00%,$0.03B,$0.02B,60.00%,$0.03B,$0.01B,20.00%,$0.03B,$0.07B,226.67%,$0.07B,$0.39B,18.48%,$0.07B,$0.39B,18.48%,$0.07B,$0.51B,14.44%,$0.01B,$0.44B,1.44%,$9,$0,$9,$0,$4,$6,$3,$0,$3,$0,$3,$21,$21,$-12,$5,$24,24,$0.86,$0.86,$499,$0,$0,$504,$0,$0,$0,$0,$1,$505,$67,$50,$0,$50,$117,$0,$28,$-3,$387,$505,$21,$-17,$-2,$-19,$0,$0,$0,$-3,$-3,$-1,$0,$0,$0,$0,$0,$0,$0,$0,$0,$20,$20,$0,$0,$-2,$0,$18,$17,$0,$-2
43,2007-10-31,10.02,$15.21,0.66,$1.20,8.36,$-2.94,0.0,$0.08,125.26,$0.47B,$0.05B,9.13,$0.05B,$0.37B,0.14,$0.03B,$0.03B,100.00%,$0.03B,$0.00B,3.85%,$0.03B,$0.01B,26.92%,$0.03B,$0.01B,34.62%,$0.03B,$0.00B,3.85%,$0.03B,$0.07B,253.85%,$0.07B,$0.37B,19.73%,$0.07B,$0.37B,19.73%,$0.07B,$0.47B,15.13%,$0.00B,$0.42B,0.26%,$8,$0,$8,$0,$3,$5,$4,$0,$4,$0,$4,$9,$9,$1,$5,$23,23,$0.35,$0.35,$464,$0,$0,$470,$0,$0,$0,$0,$1,$471,$51,$50,$0,$50,$101,$0,$24,$-21,$369,$471,$66,$3,$-70,$-67,$-1,$0,$0,$-25,$-27,$-28,$0,$0,$0,$0,$0,$0,$0,$0,$0,$-20,$-20,$84,$84,$-12,$-5,$46,$19,$0,$-12
44,2007-07-31,9.43,$14.98,0.63,$1.11,8.52,$-4.37,0.0,$0.08,117.9,$0.44B,$0.02B,18.85,$0.05B,$0.36B,0.14,$0.02B,$0.02B,100.00%,$0.02B,$-0.00B,-8.70%,$0.02B,$0.00B,17.39%,$0.02B,$-0.00B,-8.70%,$0.02B,$-0.00B,-8.70%,$0.02B,$0.07B,317.39%,$0.07B,$0.36B,24.21%,$0.07B,$0.36B,24.21%,$0.07B,$0.44B,18.01%,$-0.00B,$0.41B,-0.57%,$7,$0,$7,$0,$4,$5,$2,$0,$2,$-0,$2,$14,$14,$57,$3,$24,24,$0.57,$0.57,$430,$0,$0,$435,$0,$0,$0,$0,$1,$437,$23,$50,$0,$50,$73,$0,$20,$-25,$363,$437,$57,$7,$-69,$-62,$-1,$0,$0,$33,$32,$27,$0,$0,$0,$0,$0,$0,$0,$0,$0,$-50,$-50,$84,$84,$-9,$-5,$19,$47,$0,$-9
45,2007-04-30,10.18,$14.53,0.7,$1.06,9.63,$-9.88,0.0,0,0.0,$0.47B,$0.07B,6.83,$0.05B,$0.35B,0.14,$0.02B,$0.02B,100.00%,$0.02B,$-0.00B,-14.29%,$0.02B,$0.00B,14.29%,$0.02B,$-0.06B,-280.95%,$0.02B,$-0.00B,-14.29%,$0.02B,$0.07B,319.05%,$0.07B,$0.35B,25.14%,$0.07B,$0.35B,25.14%,$0.07B,$0.47B,17.99%,$-0.00B,$0.40B,-0.96%,$6,$0,$6,$0,$7,$9,$-3,$0,$-3,$-0,$-2,$24,$24,$-28,$-1,$24,24,$1.00,$1.00,$464,$0,$0,$470,$0,$0,$0,$0,$1,$471,$69,$50,$0,$50,$119,$0,$18,$-37,$353,$471,$43,$-47,$-1,$-49,$-1,$0,$0,$-33,$-33,$-39,$0,$0,$0,$0,$0,$0,$0,$0,$0,$0,$0,$84,$84,$-6,$-5,$72,$33,$0,$-6
46,2007-01-31,8.78,$13.23,0.66,$1.03,8.52,$-11.15,0.0,0,0.0,$0.36B,$0.06B,5.62,$0.05B,$0.25B,0.2,$0.02B,$0.02B,100.00%,$0.02B,0,0.00%,$0.02B,$0.01B,26.32%,$0.02B,$-0.04B,-215.79%,$0.02B,0,0.00%,$0.02B,$0.05B,284.21%,$0.05B,$0.25B,23.20%,$0.05B,$0.25B,23.20%,$0.05B,$0.37B,16.77%,$0.00B,$0.30B,0.00%,$5,$0,$5,$0,$6,$7,$-2,$0,$-2,$0,$-2,$19,$19,$-21,$-0,$19,19,$1.00,$1.00,$353,$0,$0,$357,$0,$0,$0,$0,$9,$366,$64,$50,$0,$50,$114,$0,$20,$-63,$253,$366,$19,$-21,$-1,$-21,$-0,$0,$0,$-21,$-21,$-23,$0,$0,$0,$0,$0,$0,$0,$0,$0,$0,$0,$0,$0,$-3,$0,$-3,$-27,$0,$-3
47,2006-10-31,7.46,$12.41,0.6,$0.97,7.69,$-9.64,0.0,0,0.0,$0.35B,$0.06B,5.77,$0.05B,$0.24B,0.21,$0.02B,$0.02B,100.00%,$0.02B,$0.00B,16.67%,$0.02B,$0.01B,33.33%,$0.02B,$-0.03B,-177.78%,$0.02B,$0.00B,16.67%,$0.02B,$0.05B,261.11%,$0.05B,$0.24B,21.20%,$0.05B,$0.24B,21.20%,$0.05B,$0.35B,16.42%,$0.00B,$0.29B,1.22%,$5,$0,$5,$0,$3,$4,$1,$0,$1,$0,$1,$16,$16,$-10,$2,$19,19,$0.83,$0.83,$342,$0,$0,$346,$0,$0,$0,$0,$1,$347,$60,$50,$0,$50,$110,$0,$22,$-84,$237,$347,$47,$-39,$-8,$-47,$-1,$0,$-0,$-51,$-52,$-51,$0,$0,$0,$0,$0,$0,$0,$0,$0,$100,$100,$0,$0,$-9,$0,$91,$40,$0,$-9
