,Date,Stock Price,Book Value per Share,Price to Book Ratio,TTM Sales per Share,Price to Sales Ratio,TTM FCF per Share,Price to FCF Ratio,TTM Net EPS,PE Ratio,Current Assets,Current Liabilities,Current Ratio,Long Term Debt,Shareholder's Equity_x,Debt to Equity Ratio,TTM Revenue_x,TTM Gross Profit,Gross Margin,TTM Revenue_y,TTM Operating Income,Operating Margin,TTM Revenue_x,TTM EBIT,EBIT Margin,TTM Revenue_y,TTM EBITDA,EBITDA Margin,TTM Revenue_x,TTM Pre-Tax Income,Pre-Tax Margin,TTM Revenue_y,TTM Net Income_x,Net Margin,TTM Net Income_y,Shareholder's Equity_y,Return on Equity,TTM Net Income_x,Tangible Equity,Return on Tangible Equity,TTM Net Income_y,Total Assets,Return on Assets,TTM Net Income,LT Investments & Debt,Return on Investment,revenue,cost-goods-sold,gross-profit,research-development-expenses,selling-general-administrative-expenses,operating-expenses,operating-income,total-non-operating-income-expense,pre-tax-income,total-provision-income-taxes,income-after-taxes,income-from-continuous-operations,net-income,ebitda,ebit,basic-shares-outstanding,shares-outstanding,eps-basic-net-earnings-per-share,eps-earnings-per-share-diluted,cash-on-hand,inventory,other-current-assets,total-current-assets,net-property-plant-equipment,long-term-investments,goodwill-intangible-assets-total,other-long-term-assets,total-long-term-assets,total-assets,total-current-liabilities,long-term-debt,other-non-current-liabilities,total-long-term-liabilities,total-liabilities,common-stock-net,retained-earnings-accumulated-deficit,comprehensive-income,total-share-holder-equity,total-liabilities-share-holders-equity,net-income-loss,total-depreciation-amortization-cash-flow,other-non-cash-items,total-non-cash-items,change-in-accounts-receivable,change-in-inventories,change-in-accounts-payable,change-in-assets-liabilities,total-change-in-assets-liabilities,cash-flow-from-operating-activities,net-change-in-property-plant-equipment,net-change-in-intangible-assets,net-acquisitions-divestitures,net-change-in-short-term-investments,net-change-in-long-term-investments,net-change-in-investments-total,investing-activities-other,cash-flow-from-investing-activities,net-long-term-debt,net-current-debt,debt-issuance-retirement-net-total,net-common-equity-issued-repurchased,net-total-equity-issued-repurchased,total-common-preferred-stock-dividends-paid,financial-activities-other,cash-flow-from-financial-activities,net-cash-flow,stock-based-compensation,common-stock-dividends-paid
0,2018-09-30,1.21,$0.13,9.35,$0.23,5.36,$-0.75,0.0,$-0.29,0.0,$0.02B,$0.02B,1.36,$0.00B,$0.01B,0.0,$0.02B,$0.01B,50.00%,$0.02B,$-0.02B,-110.00%,$0.02B,$-0.02B,-110.00%,$0.02B,$-0.02B,-100.00%,$0.02B,$-0.02B,-110.00%,$0.02B,$-0.02B,-110.00%,$-0.02B,$0.01B,-237.84%,$-0.02B,$0.01B,-251.43%,$-0.02B,$0.03B,-73.95%,$-0.02B,$0.01B,-237.84%,$12,$3,$9,$6,$2,$11,$0,$0,$0,$0,$0,$0,$0,$1,$0,$93,93,$0.00,$0.00,$13,$3,$2,$24,$3,$0,$1,$3,$6,$30,$17,$0,$0,$1,$18,$0,$-534,$0,$12,$30,$-15,$1,$2,$3,$-5,$0,$-1,$-1,$-8,$-19,$-1,$0,$0,$0,$0,$0,$0,$-1,$-0,$0,$-0,$17,$17,$0,$0,$17,$-4,$1,$0
1,2018-06-30,1.12,$0.12,8.97,$0.17,6.44,$-0.67,0.0,$-0.36,0.0,$0.03B,$0.02B,1.23,$0.00B,$0.01B,0.0,$0.01B,$0.00B,7.69%,$0.01B,$-0.03B,-215.38%,$0.01B,$-0.03B,-215.38%,$0.01B,$-0.03B,-200.00%,$0.01B,$-0.03B,-215.38%,$0.01B,$-0.03B,-215.38%,$-0.03B,$0.01B,-302.70%,$-0.03B,$0.01B,-320.00%,$-0.03B,$0.04B,-88.89%,$-0.03B,$0.01B,-302.70%,$2,$2,$0,$7,$2,$10,$-8,$-0,$-8,$0,$-8,$-8,$-8,$-8,$-8,$81,81,$-0.10,$-0.10,$21,$5,$1,$29,$3,$0,$1,$3,$7,$36,$24,$0,$0,$0,$24,$0,$-534,$0,$12,$36,$-16,$1,$1,$1,$-3,$0,$-1,$5,$2,$-12,$-1,$0,$0,$0,$0,$0,$0,$-1,$0,$0,$0,$17,$17,$0,$0,$17,$4,$1,$0
2,2018-03-31,1.13,$0.04,27.03,$0.17,6.71,$-0.58,0.0,$-0.34,0.0,$0.02B,$0.02B,0.86,$0.00B,$0.00B,0.0,$0.01B,$0.00B,8.33%,$0.01B,$-0.03B,-216.67%,$0.01B,$-0.03B,-216.67%,$0.01B,$-0.02B,-200.00%,$0.01B,$-0.03B,-216.67%,$0.01B,$-0.03B,-216.67%,$-0.03B,$0.00B,-358.62%,$-0.03B,$0.00B,-385.19%,$-0.03B,$0.02B,-86.67%,$-0.03B,$0.00B,-358.62%,$2,$2,$0,$5,$3,$9,$-7,$-0,$-7,$0,$-7,$-7,$-7,$-7,$-7,$79,79,$-0.09,$-0.09,$7,$5,$2,$16,$3,$0,$1,$3,$6,$23,$19,$0,$0,$1,$19,$0,$-526,$0,$3,$23,$-7,$0,$0,$1,$-2,$0,$-1,$-0,$-3,$-10,$-0,$0,$0,$0,$0,$0,$0,$-0,$0,$0,$0,$0,$0,$0,$0,$0,$-10,$0,$0
3,2017-12-31,1.63,$0.13,12.7,$0.15,10.94,$-0.56,0.0,$-0.33,0.0,$0.02B,$0.02B,1.22,$0.00B,$0.01B,0.0,$0.01B,$0.00B,9.09%,$0.01B,$-0.03B,-227.27%,$0.01B,$-0.03B,-227.27%,$0.01B,$-0.02B,-209.09%,$0.01B,$-0.03B,-227.27%,$0.01B,$-0.03B,-227.27%,$-0.03B,$0.01B,-357.14%,$-0.03B,$0.01B,-400.00%,$-0.03B,$0.03B,-89.29%,$-0.03B,$0.01B,-357.14%,$4,$3,$1,$5,$3,$10,$-7,$-0,$-7,$0,$-7,$-7,$-7,$-6,$-7,$73,73,$-0.08,$-0.08,$17,$5,$2,$23,$3,$0,$1,$3,$7,$30,$19,$0,$0,$1,$20,$0,$-519,$0,$10,$30,$-24,$1,$2,$4,$0,$-4,$1,$6,$5,$-15,$-3,$0,$0,$0,$0,$0,$0,$-3,$0,$0,$0,$20,$20,$0,$0,$20,$2,$1,$0
4,2017-09-30,2.78,$0.16,17.51,$0.16,17.83,$-0.61,0.0,$-0.32,0.0,$0.03B,$0.02B,1.62,$0.00B,$0.01B,0.0,$0.01B,$0.00B,10.00%,$0.01B,$-0.02B,-230.00%,$0.01B,$-0.02B,-230.00%,$0.01B,$-0.02B,-220.00%,$0.01B,$-0.02B,-230.00%,$0.01B,$-0.02B,-230.00%,$-0.02B,$0.01B,-368.00%,$-0.02B,$0.01B,-400.00%,$-0.02B,$0.04B,-90.20%,$-0.02B,$0.01B,-368.00%,$5,$6,$-0,$3,$2,$11,$-6,$0,$-6,$0,$-6,$-6,$-6,$-5,$-6,$75,75,$-0.08,$-0.08,$25,$4,$3,$33,$3,$0,$1,$0,$4,$37,$20,$0,$0,$4,$25,$0,$-516,$0,$12,$37,$-17,$1,$1,$2,$0,$-3,$2,$9,$8,$-8,$-2,$0,$0,$0,$0,$0,$0,$-2,$0,$0,$0,$20,$20,$0,$0,$20,$10,$1,$0
5,2017-06-30,2.12,$0.05,39.7,$0.16,13.22,$-0.69,0.0,$-0.33,0.0,$0.03B,$0.02B,1.2,$0.00B,$0.00B,0.0,$0.01B,$0.00B,22.22%,$0.01B,$-0.02B,-233.33%,$0.01B,$-0.02B,-233.33%,$0.01B,$-0.02B,-233.33%,$0.01B,$-0.02B,-233.33%,$0.01B,$-0.02B,-233.33%,$-0.02B,$0.00B,-700.00%,$-0.02B,$0.00B,-933.33%,$-0.02B,$0.03B,-109.09%,$-0.02B,$0.00B,-700.00%,$1,$1,$0,$4,$2,$7,$-6,$-0,$-6,$0,$-6,$-6,$-6,$-6,$-6,$69,69,$-0.08,$-0.08,$18,$3,$4,$25,$3,$0,$1,$0,$4,$30,$21,$0,$0,$5,$26,$0,$-511,$0,$4,$30,$-12,$0,$1,$1,$-1,$-1,$-0,$10,$9,$-2,$-2,$0,$0,$0,$0,$0,$0,$-2,$0,$0,$0,$7,$7,$0,$0,$7,$3,$1,$0
6,2017-03-31,2.49,$0.03,78.8,$0.22,11.24,$-0.77,0.0,$-0.32,0.0,$0.01B,$0.01B,1.45,$0.00B,$0.00B,0.0,$0.01B,$0.00B,33.33%,$0.01B,$-0.02B,-150.00%,$0.01B,$-0.02B,-150.00%,$0.01B,$-0.02B,-150.00%,$0.01B,$-0.02B,-150.00%,$0.01B,$-0.02B,-150.00%,$-0.02B,$0.00B,-900.00%,$-0.02B,$0.00B,-1440.00%,$-0.02B,$0.02B,-118.03%,$-0.02B,$0.00B,-900.00%,$1,$1,$-0,$3,$3,$7,$-6,$-0,$-6,$0,$-6,$-6,$-6,$-6,$-6,$68,68,$-0.09,$-0.09,$8,$2,$1,$11,$3,$0,$1,$1,$4,$15,$8,$0,$0,$5,$13,$0,$-505,$0,$2,$15,$-6,$0,$0,$0,$0,$-1,$-0,$-0,$-1,$-7,$-1,$0,$0,$0,$0,$0,$0,$-1,$0,$0,$0,$0,$0,$0,$0,$0,$-7,$0,$0
7,2016-12-31,1.26,$0.11,11.48,$0.29,4.33,$-0.72,0.0,$-0.31,0.0,$0.02B,$0.01B,2.4,$0.00B,$0.01B,0.0,$0.02B,$0.01B,33.33%,$0.02B,$-0.02B,-106.67%,$0.02B,$-0.02B,-106.67%,$0.02B,$-0.02B,-100.00%,$0.02B,$-0.02B,-106.67%,$0.02B,$-0.02B,-106.67%,$-0.02B,$0.01B,-711.11%,$-0.02B,$0.01B,-1066.67%,$-0.02B,$0.02B,-101.59%,$-0.02B,$0.01B,-711.11%,$3,$2,$1,$4,$2,$8,$-5,$-0,$-5,$0,$-5,$-5,$-5,$-5,$-5,$52,52,$-0.10,$-0.10,$15,$1,$1,$17,$2,$0,$1,$1,$3,$20,$7,$0,$0,$5,$13,$0,$-500,$0,$7,$20,$-16,$1,$1,$3,$1,$-1,$-0,$-2,$-1,$-15,$-1,$0,$0,$0,$0,$0,$0,$-1,$-0,$0,$-0,$23,$23,$0,$0,$23,$7,$1,$0
8,2016-09-30,1.38,$-0.02,-57.5,$0.27,5.02,$-0.57,0.0,$-0.31,0.0,$0.01B,$0.01B,1.23,$0.00B,$-0.00B,0.0,$0.01B,$0.00B,28.57%,$0.01B,$-0.02B,-107.14%,$0.01B,$-0.02B,-107.14%,$0.01B,$-0.01B,-100.00%,$0.01B,$-0.02B,-107.14%,$0.01B,$-0.02B,-107.14%,$-0.02B,$-0.00B,-3000.00%,$-0.02B,$-0.00B,3000.00%,$-0.02B,$0.01B,-105.26%,$-0.02B,$-0.00B,-3000.00%,$4,$3,$1,$3,$2,$8,$-4,$0,$-4,$0,$-4,$-4,$-4,$-4,$-4,$52,52,$-0.08,$-0.08,$6,$1,$0,$9,$1,$0,$1,$0,$3,$12,$8,$0,$0,$6,$13,$0,$-494,$0,$-1,$12,$-11,$1,$1,$2,$-0,$-1,$-0,$-1,$-2,$-11,$-0,$0,$0,$0,$0,$0,$0,$-0,$0,$0,$0,$9,$9,$0,$0,$9,$-2,$1,$0
9,2016-06-30,1.68,$0.00,800.0,$0.25,6.75,$-0.42,0.0,$-0.30,0.0,$0.01B,$0.01B,1.46,$0.00B,$0.00B,0.0,$0.01B,$0.00B,33.33%,$0.01B,$-0.02B,-125.00%,$0.01B,$-0.02B,-125.00%,$0.01B,$-0.01B,-108.33%,$0.01B,$-0.02B,-125.00%,$0.01B,$-0.02B,-125.00%,$-0.02B,$0.00B,-1000.00%,$-0.02B,$-0.00B,-3000.00%,$-0.02B,$0.01B,-98.36%,$-0.02B,$0.00B,-1000.00%,$4,$3,$2,$3,$2,$8,$-3,$0,$-3,$0,$-3,$-3,$-3,$-3,$-3,$52,52,$-0.07,$-0.07,$7,$1,$1,$11,$1,$0,$1,$0,$3,$14,$8,$0,$0,$6,$13,$0,$-490,$0,$0,$14,$-7,$0,$1,$1,$-0,$-0,$0,$-1,$-1,$-7,$-0,$0,$0,$0,$0,$0,$0,$-0,$0,$0,$0,$7,$7,$0,$0,$7,$-1,$1,$0
10,2016-03-31,1.87,$0.06,33.69,$0.25,7.34,$-0.27,0.0,$-0.29,0.0,$0.01B,$0.01B,1.84,$0.00B,$0.00B,0.0,$0.01B,$0.00B,25.00%,$0.01B,$-0.02B,-125.00%,$0.01B,$-0.02B,-125.00%,$0.01B,$-0.01B,-108.33%,$0.01B,$-0.02B,-125.00%,$0.01B,$-0.02B,-125.00%,$-0.02B,$0.00B,-461.54%,$-0.02B,$0.00B,-666.67%,$-0.02B,$0.02B,-89.55%,$-0.02B,$0.00B,-461.54%,$4,$3,$1,$3,$2,$7,$-4,$0,$-4,$0,$-4,$-4,$-4,$-3,$-4,$48,48,$-0.07,$-0.07,$11,$1,$1,$14,$2,$0,$1,$0,$3,$17,$7,$0,$0,$6,$14,$0,$-487,$0,$3,$17,$-4,$0,$0,$1,$1,$-0,$0,$-1,$-0,$-3,$-0,$0,$0,$0,$0,$0,$0,$-0,$0,$0,$0,$6,$6,$0,$0,$6,$3,$0,$0
11,2015-12-31,2.86,$-0.00,-893.75,$0.20,14.51,$-0.09,0.0,$-0.31,0.0,$0.01B,$0.01B,1.44,$0.00B,$0.00B,0.0,$0.01B,$0.00B,22.22%,$0.01B,$-0.02B,-166.67%,$0.01B,$-0.02B,-166.67%,$0.01B,$-0.01B,-155.56%,$0.01B,$-0.02B,-166.67%,$0.01B,$-0.02B,-166.67%,$-0.02B,$0.00B,-375.00%,$-0.02B,$-0.00B,-461.54%,$-0.02B,$0.01B,-84.51%,$-0.02B,$0.00B,-375.00%,$2,$1,$0,$3,$2,$6,$-4,$0,$-4,$0,$-4,$-4,$-4,$-4,$-4,$47,47,$-0.09,$-0.09,$8,$1,$1,$11,$2,$0,$1,$0,$3,$14,$8,$0,$0,$6,$14,$0,$-483,$0,$-0,$14,$-15,$1,$1,$2,$-1,$-1,$0,$8,$7,$-6,$-1,$0,$0,$0,$0,$0,$0,$-1,$0,$0,$0,$7,$7,$0,$0,$7,$-0,$1,$0
12,2015-09-30,3.19,$0.07,44.99,$0.17,18.34,$-0.26,0.0,$-0.30,0.0,$0.01B,$0.01B,2.32,$0.00B,$0.00B,0.0,$0.01B,$0.00B,25.00%,$0.01B,$-0.01B,-175.00%,$0.01B,$-0.01B,-175.00%,$0.01B,$-0.01B,-162.50%,$0.01B,$-0.01B,-175.00%,$0.01B,$-0.01B,-175.00%,$-0.01B,$0.00B,-243.48%,$-0.01B,$0.00B,-280.00%,$-0.01B,$0.02B,-81.16%,$-0.01B,$0.00B,-243.48%,$2,$2,$1,$2,$2,$6,$-4,$0,$-4,$0,$-4,$-4,$-4,$-3,$-4,$47,47,$-0.07,$-0.07,$11,$0,$1,$13,$2,$0,$1,$0,$3,$16,$5,$0,$0,$7,$12,$0,$-479,$0,$3,$16,$-10,$0,$1,$1,$0,$-0,$-0,$7,$7,$-2,$-1,$0,$0,$0,$0,$0,$0,$-1,$0,$0,$0,$6,$6,$0,$0,$6,$3,$1,$0
13,2015-06-30,3.0,$0.14,21.54,$0.15,20.65,$-0.42,0.0,$-0.31,0.0,$0.02B,$0.01B,2.65,$0.00B,$0.01B,0.0,$0.01B,$0.00B,28.57%,$0.01B,$-0.01B,-185.71%,$0.01B,$-0.01B,-185.71%,$0.01B,$-0.01B,-185.71%,$0.01B,$-0.01B,-185.71%,$0.01B,$-0.01B,-185.71%,$-0.01B,$0.01B,-173.33%,$-0.01B,$0.01B,-192.59%,$-0.01B,$0.02B,-77.61%,$-0.01B,$0.01B,-173.33%,$4,$3,$1,$2,$2,$7,$-3,$0,$-3,$0,$-3,$-3,$-3,$-3,$-3,$47,47,$-0.06,$-0.06,$15,$0,$1,$17,$2,$0,$1,$0,$3,$20,$7,$0,$0,$7,$14,$0,$-476,$0,$7,$20,$-7,$0,$1,$1,$-1,$-1,$0,$8,$7,$1,$-1,$0,$0,$0,$0,$0,$0,$-1,$0,$0,$0,$6,$6,$0,$0,$6,$7,$0,$0
14,2015-03-31,3.43,$0.14,24.5,$0.07,47.1,$-0.59,0.0,$-0.33,0.0,$0.02B,$0.01B,2.69,$0.00B,$0.01B,0.0,$0.00B,$0.00B,25.00%,$0.00B,$-0.01B,-325.00%,$0.00B,$-0.01B,-325.00%,$0.00B,$-0.01B,-325.00%,$0.00B,$-0.01B,-325.00%,$0.00B,$-0.01B,-325.00%,$-0.01B,$0.01B,-152.94%,$-0.01B,$0.01B,-167.74%,$-0.01B,$0.02B,-82.54%,$-0.01B,$0.01B,-152.94%,$1,$1,$-0,$2,$2,$5,$-4,$0,$-4,$0,$-4,$-4,$-4,$-4,$-4,$45,45,$-0.09,$-0.09,$17,$0,$1,$18,$1,$0,$1,$0,$2,$21,$7,$0,$0,$7,$14,$0,$-473,$0,$6,$21,$-4,$0,$0,$0,$0,$-0,$0,$8,$9,$5,$-0,$0,$0,$0,$0,$0,$0,$-0,$0,$0,$0,$3,$3,$0,$0,$3,$8,$0,$0
15,2014-12-31,1.74,$0.15,11.34,$0.09,19.82,$-0.79,0.0,$-0.47,0.0,$0.01B,$0.01B,2.1,$0.00B,$0.01B,0.0,$0.00B,$0.00B,50.00%,$0.00B,$-0.01B,-300.00%,$0.00B,$-0.01B,-300.00%,$0.00B,$-0.01B,-300.00%,$0.00B,$-0.02B,-425.00%,$0.00B,$-0.02B,-425.00%,$-0.02B,$0.01B,-165.85%,$-0.02B,$0.01B,-183.78%,$-0.02B,$0.01B,-113.33%,$-0.01B,$0.01B,-117.07%,$1,$1,$0,$2,$2,$4,$-3,$0,$-3,$0,$-3,$-3,$-3,$-3,$-3,$42,42,$-0.05,$-0.05,$8,$0,$0,$10,$1,$0,$1,$0,$2,$12,$5,$0,$0,$0,$5,$0,$-469,$0,$7,$12,$-18,$1,$6,$6,$-1,$-0,$-0,$-1,$-1,$-13,$-0,$0,$0,$0,$0,$0,$0,$-0,$-0,$0,$-0,$16,$16,$0,$0,$16,$3,$1,$0
16,2014-09-30,1.94,$0.22,8.89,$0.11,16.92,$-0.94,0.0,$-0.47,0.0,$0.01B,$0.00B,2.91,$0.00B,$0.01B,0.0,$0.00B,$0.00B,75.00%,$0.00B,$-0.01B,-325.00%,$0.00B,$-0.01B,-325.00%,$0.00B,$-0.01B,-325.00%,$0.00B,$-0.02B,-400.00%,$0.00B,$-0.02B,-400.00%,$-0.02B,$0.01B,-200.00%,$-0.02B,$0.01B,-228.57%,$-0.02B,$0.01B,-114.29%,$-0.01B,$0.01B,-162.50%,$1,$0,$1,$2,$2,$4,$-3,$0,$-3,$0,$-3,$-3,$-3,$-3,$-3,$44,44,$-0.08,$-0.08,$11,$0,$0,$12,$1,$0,$1,$0,$2,$14,$4,$0,$0,$1,$5,$0,$-465,$0,$10,$14,$-15,$0,$6,$6,$-1,$-0,$0,$-1,$-1,$-10,$-0,$0,$0,$0,$0,$0,$0,$-0,$-0,$0,$-0,$16,$16,$0,$0,$16,$6,$1,$0
17,2014-06-30,2.01,$0.25,7.94,$0.13,15.89,$-1.07,0.0,$-0.52,0.0,$0.01B,$0.00B,3.31,$0.00B,$0.01B,0.0,$0.00B,$0.00B,75.00%,$0.00B,$-0.01B,-350.00%,$0.00B,$-0.01B,-350.00%,$0.00B,$-0.01B,-350.00%,$0.00B,$-0.02B,-425.00%,$0.00B,$-0.02B,-425.00%,$-0.02B,$0.01B,-309.09%,$-0.02B,$0.01B,-400.00%,$-0.02B,$0.02B,-125.93%,$-0.01B,$0.01B,-254.55%,$1,$0,$0,$2,$2,$4,$-3,$0,$-3,$0,$-3,$-3,$-3,$-3,$-3,$43,43,$-0.08,$-0.08,$12,$0,$1,$13,$1,$0,$1,$0,$2,$16,$4,$0,$0,$1,$5,$0,$-462,$0,$11,$16,$-11,$0,$5,$6,$-0,$-0,$0,$-1,$-1,$-7,$-0,$0,$0,$0,$0,$0,$0,$-0,$-0,$0,$-0,$14,$14,$0,$0,$14,$7,$1,$0
18,2014-03-31,1.93,$0.31,6.23,$0.18,10.55,$-1.15,0.0,$-0.57,0.0,$0.02B,$0.00B,3.57,$0.00B,$0.01B,0.0,$0.01B,$0.00B,80.00%,$0.01B,$-0.01B,-280.00%,$0.01B,$-0.01B,-280.00%,$0.01B,$-0.01B,-280.00%,$0.01B,$-0.02B,-340.00%,$0.01B,$-0.02B,-340.00%,$-0.02B,$0.01B,-618.18%,$-0.02B,$0.01B,-1133.33%,$-0.02B,$0.02B,-138.78%,$-0.01B,$0.01B,-509.09%,$1,$-0,$1,$3,$2,$4,$-3,$-5,$-8,$0,$-8,$-8,$-8,$-3,$-3,$35,35,$-0.23,$-0.23,$15,$0,$0,$16,$1,$0,$1,$0,$2,$18,$4,$0,$0,$1,$5,$0,$-459,$0,$13,$18,$-8,$0,$5,$5,$-0,$0,$-0,$-0,$-0,$-3,$-0,$0,$0,$0,$0,$0,$0,$-0,$-0,$0,$-0,$13,$13,$0,$0,$13,$10,$0,$0
19,2013-12-31,1.32,$-0.05,-24.95,$0.22,6.02,$-1.20,0.0,$-0.48,0.0,$0.01B,$0.01B,0.6,$0.00B,$-0.00B,0.0,$0.01B,$0.00B,66.67%,$0.01B,$-0.02B,-250.00%,$0.01B,$-0.02B,-250.00%,$0.01B,$-0.01B,-233.33%,$0.01B,$-0.01B,-216.67%,$0.01B,$-0.01B,-216.67%,$-0.01B,$-0.00B,inf%,$-0.01B,$-0.00B,866.67%,$-0.01B,$0.01B,-130.00%,$-0.02B,$-0.00B,inf%,$1,$0,$1,$3,$2,$5,$-4,$1,$-2,$0,$-2,$-2,$-2,$-4,$-4,$28,28,$-0.07,$-0.07,$5,$0,$0,$6,$1,$0,$1,$0,$3,$8,$10,$0,$0,$0,$10,$0,$-451,$0,$-2,$8,$-13,$1,$0,$1,$1,$0,$-1,$1,$-1,$-13,$-0,$0,$0,$0,$0,$0,$0,$-0,$-0,$0,$-0,$12,$12,$0,$0,$12,$-1,$2,$0
20,2013-09-30,1.74,$-0.01,-290.0,$0.30,5.76,$-1.71,0.0,$-0.56,0.0,$0.01B,$0.01B,0.76,$0.00B,$0.00B,0.0,$0.01B,$0.00B,50.00%,$0.01B,$-0.02B,-187.50%,$0.01B,$-0.02B,-187.50%,$0.01B,$-0.01B,-175.00%,$0.01B,$-0.02B,-187.50%,$0.01B,$-0.02B,-187.50%,$-0.02B,$0.00B,-857.14%,$-0.02B,$-0.00B,inf%,$-0.02B,$0.01B,-133.33%,$-0.02B,$0.00B,-857.14%,$1,$0,$1,$3,$2,$5,$-4,$0,$-4,$0,$-4,$-4,$-4,$-4,$-4,$28,28,$-0.13,$-0.13,$8,$0,$0,$9,$1,$0,$1,$0,$3,$12,$12,$0,$0,$0,$12,$0,$-448,$0,$-0,$12,$-11,$1,$1,$2,$1,$0,$-1,$0,$-1,$-10,$-0,$0,$0,$0,$0,$0,$0,$-0,$-0,$0,$-0,$12,$12,$0,$0,$12,$1,$1,$0
21,2013-06-30,2.52,$0.01,350.0,$0.37,6.76,$-2.05,0.0,$-0.58,0.0,$0.01B,$0.01B,0.74,$0.00B,$0.00B,0.0,$0.01B,$0.00B,40.00%,$0.01B,$-0.02B,-150.00%,$0.01B,$-0.02B,-150.00%,$0.01B,$-0.01B,-140.00%,$0.01B,$-0.02B,-150.00%,$0.01B,$-0.02B,-150.00%,$-0.02B,$0.00B,-375.00%,$-0.02B,$-0.00B,-666.67%,$-0.02B,$0.01B,-120.00%,$-0.02B,$0.00B,-375.00%,$2,$1,$1,$2,$2,$5,$-3,$0,$-3,$0,$-3,$-3,$-3,$-3,$-3,$26,26,$-0.13,$-0.13,$6,$0,$0,$7,$1,$0,$2,$0,$3,$11,$10,$0,$0,$0,$10,$0,$-445,$0,$0,$11,$-7,$1,$1,$1,$0,$0,$-1,$1,$-1,$-6,$-0,$0,$0,$0,$0,$0,$0,$-0,$-0,$0,$-0,$6,$6,$0,$0,$6,$-1,$0,$0
22,2013-03-31,1.59,$0.07,22.65,$0.37,4.3,$-2.51,0.0,$-0.71,0.0,$0.01B,$0.01B,0.83,$0.00B,$0.00B,0.0,$0.01B,$0.00B,44.44%,$0.01B,$-0.02B,-188.89%,$0.01B,$-0.02B,-188.89%,$0.01B,$-0.02B,-177.78%,$0.01B,$-0.02B,-188.89%,$0.01B,$-0.02B,-188.89%,$-0.02B,$0.00B,-242.86%,$-0.02B,$0.00B,-340.00%,$-0.02B,$0.01B,-113.33%,$-0.02B,$0.00B,-242.86%,$2,$1,$1,$2,$2,$5,$-4,$-0,$-4,$0,$-4,$-4,$-4,$-3,$-4,$25,25,$-0.14,$-0.14,$3,$0,$1,$6,$1,$0,$2,$0,$3,$9,$7,$0,$0,$0,$7,$0,$-441,$0,$2,$9,$-4,$0,$0,$1,$-0,$0,$-1,$1,$-1,$-4,$-0,$0,$0,$0,$0,$0,$0,$-0,$-0,$0,$-0,$0,$0,$0,$0,$-0,$-4,$0,$0
23,2012-12-31,1.91,$0.20,9.54,$0.40,4.77,$-2.76,0.0,$-1.15,0.0,$0.01B,$0.01B,1.23,$0.00B,$0.01B,0.0,$0.01B,0,0.00%,$0.01B,$-0.02B,-255.56%,$0.01B,$-0.02B,-255.56%,$0.01B,$-0.02B,-244.44%,$0.01B,$-0.02B,-255.56%,$0.01B,$-0.02B,-255.56%,$-0.02B,$0.01B,-340.74%,$-0.02B,$0.00B,-484.21%,$-0.02B,$0.01B,-141.54%,$-0.02B,$0.01B,-340.74%,$3,$1,$1,$3,$2,$7,$-4,$-0,$-4,$0,$-4,$-4,$-4,$-4,$-4,$22,22,$-0.06,$-0.06,$7,$0,$1,$10,$1,$0,$2,$0,$3,$13,$8,$0,$0,$0,$8,$0,$-438,$0,$5,$13,$-23,$2,$3,$5,$-1,$3,$-4,$0,$-3,$-21,$-0,$0,$0,$0,$0,$0,$0,$-0,$-0,$0,$-0,$15,$15,$0,$0,$14,$-6,$2,$0
24,2012-09-30,2.32,$0.34,6.79,$0.38,6.08,$-3.82,0.0,$-1.61,0.0,$0.01B,$0.01B,1.58,$0.00B,$0.01B,0.0,$0.01B,$-0.00B,-50.00%,$0.01B,$-0.03B,-362.50%,$0.01B,$-0.03B,-362.50%,$0.01B,$-0.03B,-337.50%,$0.01B,$-0.03B,-362.50%,$0.01B,$-0.03B,-362.50%,$-0.03B,$0.01B,-351.52%,$-0.03B,$0.01B,-464.00%,$-0.03B,$0.02B,-152.63%,$-0.03B,$0.01B,-351.52%,$3,$1,$1,$3,$2,$7,$-4,$0,$-4,$0,$-4,$-4,$-4,$-4,$-4,$25,25,$-0.15,$-0.15,$11,$1,$1,$13,$1,$0,$2,$0,$4,$17,$8,$0,$0,$0,$8,$0,$-433,$0,$9,$17,$-19,$1,$3,$4,$-1,$3,$-3,$0,$-2,$-17,$-0,$0,$0,$0,$0,$0,$0,$-0,$-0,$0,$-0,$15,$15,$0,$0,$15,$-2,$2,$0
25,2012-06-30,1.61,$0.46,3.47,$0.41,3.91,$-4.76,0.0,$-2.02,0.0,$0.02B,$0.01B,1.83,$0.00B,$0.01B,0.01,$0.01B,$-0.01B,-85.71%,$0.01B,$-0.03B,-471.43%,$0.01B,$-0.03B,-471.43%,$0.01B,$-0.03B,-428.57%,$0.01B,$-0.03B,-471.43%,$0.01B,$-0.03B,-471.43%,$-0.03B,$0.01B,-377.14%,$-0.03B,$0.01B,-488.89%,$-0.03B,$0.02B,-162.96%,$-0.03B,$0.01B,-377.14%,$1,$-0,$1,$3,$3,$6,$-5,$-0,$-5,$0,$-5,$-5,$-5,$-5,$-5,$19,19,$-0.26,$-0.26,$15,$1,$1,$17,$2,$0,$2,$0,$4,$21,$9,$0,$0,$0,$9,$0,$-430,$0,$12,$21,$-15,$1,$2,$3,$-0,$2,$-3,$0,$-1,$-13,$-0,$0,$0,$0,$0,$0,$0,$-0,$-0,$0,$-0,$15,$15,$0,$0,$15,$2,$1,$0
26,2012-03-31,2.73,$0.08,33.75,$0.43,6.33,$-5.25,0.0,$-2.48,0.0,$0.01B,$0.01B,0.77,$0.00B,$0.00B,0.07,$0.01B,$-0.01B,-128.57%,$0.01B,$-0.04B,-528.57%,$0.01B,$-0.04B,-528.57%,$0.01B,$-0.03B,-485.71%,$0.01B,$-0.04B,-528.57%,$0.01B,$-0.04B,-528.57%,$-0.04B,$0.00B,-435.29%,$-0.04B,$-0.00B,-569.23%,$-0.04B,$0.01B,-178.31%,$-0.04B,$0.00B,-422.86%,$2,$4,$-3,$4,$3,$12,$-10,$0,$-10,$0,$-10,$-10,$-10,$-9,$-10,$17,17,$-0.58,$-0.58,$7,$1,$1,$9,$2,$0,$2,$0,$4,$14,$12,$0,$0,$0,$12,$0,$-425,$-0,$1,$14,$-10,$1,$1,$2,$0,$2,$-1,$0,$2,$-6,$-0,$0,$0,$0,$0,$0,$0,$-0,$-0,$0,$-0,$0,$0,$0,$0,$-0,$-6,$0,$0
27,2011-12-31,2.88,$0.63,4.54,$0.42,6.91,$-5.50,0.0,$-2.62,0.0,$0.02B,$0.01B,1.46,$0.00B,$0.01B,0.01,$0.01B,$-0.01B,-116.67%,$0.01B,$-0.04B,-600.00%,$0.01B,$-0.04B,-600.00%,$0.01B,$-0.03B,-550.00%,$0.01B,$-0.04B,-600.00%,$0.01B,$-0.04B,-600.00%,$-0.04B,$0.01B,-293.88%,$-0.04B,$0.01B,-351.22%,$-0.04B,$0.02B,-146.94%,$-0.04B,$0.01B,-282.35%,$2,$4,$-3,$4,$3,$11,$-10,$0,$-10,$0,$-10,$-10,$-10,$-9,$-10,$14,14,$-0.61,$-0.61,$13,$4,$1,$19,$2,$0,$2,$1,$5,$24,$13,$0,$0,$0,$13,$0,$-415,$-0,$11,$24,$-36,$3,$5,$7,$1,$0,$-1,$-0,$1,$-28,$-1,$0,$0,$0,$1,$1,$0,$0,$-0,$0,$-0,$22,$22,$0,$0,$21,$-6,$3,$0
28,2011-09-30,5.44,$0.72,7.55,$0.37,14.75,$-7.68,0.0,$-3.28,0.0,$0.02B,$0.01B,1.47,$0.00B,$0.01B,0.02,$0.01B,$-0.01B,-220.00%,$0.01B,$-0.04B,-820.00%,$0.01B,$-0.04B,-820.00%,$0.01B,$-0.04B,-780.00%,$0.01B,$-0.04B,-820.00%,$0.01B,$-0.04B,-820.00%,$-0.04B,$0.01B,-273.33%,$-0.04B,$0.01B,-315.38%,$-0.04B,$0.02B,-150.46%,$-0.04B,$0.01B,-264.52%,$2,$3,$-1,$4,$3,$10,$-8,$0,$-8,$0,$-8,$-8,$-8,$-7,$-8,$14,14,$-0.57,$-0.57,$9,$4,$1,$16,$3,$1,$2,$0,$6,$22,$11,$0,$0,$0,$11,$0,$-405,$-0,$11,$22,$-26,$2,$3,$5,$0,$1,$-2,$-1,$-1,$-22,$-0,$0,$0,$0,$0,$0,$0,$-0,$-0,$0,$-0,$12,$12,$0,$0,$12,$-10,$3,$0
29,2011-06-30,9.76,$0.84,11.61,$0.35,27.83,$-9.33,0.0,$-3.76,0.0,$0.02B,$0.01B,1.5,$0.00B,$0.01B,0.02,$0.00B,$-0.01B,-325.00%,$0.00B,$-0.05B,-1125.00%,$0.00B,$-0.05B,-1125.00%,$0.00B,$-0.04B,-1100.00%,$0.00B,$-0.05B,-1125.00%,$0.00B,$-0.05B,-1125.00%,$-0.05B,$0.01B,-243.24%,$-0.05B,$0.01B,-264.71%,$-0.05B,$0.02B,-144.00%,$-0.05B,$0.01B,-236.84%,$1,$3,$-2,$3,$4,$10,$-9,$0,$-9,$0,$-9,$-9,$-9,$-9,$-9,$13,13,$-0.69,$-0.69,$10,$5,$1,$16,$3,$1,$2,$0,$7,$23,$11,$0,$0,$1,$12,$0,$-397,$-0,$11,$23,$-18,$1,$3,$4,$0,$0,$-1,$-0,$-1,$-16,$-0,$0,$0,$0,$0,$0,$0,$-0,$-0,$0,$-0,$6,$6,$0,$0,$5,$-10,$2,$0
30,2011-03-31,10.56,$1.24,8.5,$0.45,23.36,$-10.26,0.0,$-4.00,0.0,$0.02B,$0.01B,1.92,$0.00B,$0.02B,0.02,$0.01B,$-0.01B,-240.00%,$0.01B,$-0.05B,-940.00%,$0.01B,$-0.05B,-940.00%,$0.01B,$-0.05B,-920.00%,$0.01B,$-0.05B,-940.00%,$0.01B,$-0.05B,-940.00%,$-0.05B,$0.02B,-216.09%,$-0.05B,$0.01B,-226.51%,$-0.05B,$0.03B,-134.29%,$-0.05B,$0.02B,-213.64%,$1,$3,$-1,$4,$3,$10,$-9,$0,$-9,$0,$-9,$-9,$-9,$-8,$-9,$13,13,$-0.70,$-0.70,$15,$5,$1,$22,$4,$1,$2,$0,$7,$29,$11,$0,$0,$1,$12,$0,$-388,$-0,$16,$29,$-9,$1,$1,$1,$0,$0,$-1,$-0,$-0,$-8,$-0,$0,$0,$0,$0,$0,$0,$0,$-0,$0,$-0,$3,$3,$0,$0,$3,$-5,$0,$0
31,2010-12-31,14.88,$1.70,8.73,$0.43,35.0,$-10.53,0.0,$-4.08,0.0,$0.03B,$0.01B,2.3,$0.00B,$0.02B,0.01,$0.01B,$-0.01B,-240.00%,$0.01B,$-0.05B,-960.00%,$0.01B,$-0.05B,-960.00%,$0.01B,$-0.05B,-940.00%,$0.01B,$-0.05B,-940.00%,$0.01B,$-0.05B,-940.00%,$-0.05B,$0.02B,-180.77%,$-0.05B,$0.02B,-184.31%,$-0.05B,$0.04B,-119.75%,$-0.05B,$0.02B,-182.86%,$1,$7,$-7,$5,$4,$16,$-15,$-0,$-15,$0,$-15,$-15,$-15,$-15,$-15,$11,11,$-1.37,$-1.37,$20,$6,$1,$28,$4,$1,$2,$0,$8,$35,$12,$0,$0,$1,$13,$0,$-379,$-0,$22,$35,$-47,$2,$12,$14,$-0,$-15,$3,$0,$-13,$-46,$-2,$0,$0,$0,$2,$2,$0,$0,$-0,$0,$-0,$22,$22,$0,$0,$22,$-24,$3,$0
32,2010-09-30,17.52,$2.11,8.3,$0.47,37.25,$-9.89,0.0,$-3.68,0.0,$0.03B,$0.01B,2.74,$0.00B,$0.03B,0.01,$0.01B,$-0.01B,-100.00%,$0.01B,$-0.04B,-880.00%,$0.01B,$-0.04B,-880.00%,$0.01B,$-0.04B,-860.00%,$0.01B,$-0.04B,-820.00%,$0.01B,$-0.04B,-820.00%,$-0.04B,$0.03B,-132.26%,$-0.04B,$0.03B,-132.26%,$-0.04B,$0.04B,-93.18%,$-0.04B,$0.03B,-140.80%,$1,$4,$-3,$6,$4,$14,$-12,$0,$-12,$0,$-12,$-12,$-12,$-12,$-12,$11,11,$-1.04,$-1.04,$22,$8,$1,$32,$5,$1,$0,$0,$6,$38,$12,$0,$0,$1,$13,$0,$-364,$-0,$25,$38,$-32,$1,$6,$7,$-1,$-11,$2,$0,$-10,$-35,$-2,$0,$0,$0,$-0,$-0,$0,$-2,$-0,$0,$-0,$13,$13,$0,$0,$13,$-24,$3,$0
33,2010-06-30,23.68,$2.17,10.91,$0.45,52.52,$-9.14,0.0,$-3.84,0.0,$0.03B,$0.01B,2.57,$0.00B,$0.02B,0.01,$0.01B,$-0.00B,-40.00%,$0.01B,$-0.04B,-820.00%,$0.01B,$-0.04B,-820.00%,$0.01B,$-0.04B,-800.00%,$0.01B,$-0.04B,-820.00%,$0.01B,$-0.04B,-820.00%,$-0.04B,$0.02B,-142.61%,$-0.04B,$0.02B,-142.61%,$-0.04B,$0.04B,-98.80%,$-0.04B,$0.02B,-141.38%,$2,$3,$-1,$6,$4,$13,$-11,$0,$-11,$0,$-11,$-11,$-11,$-11,$-11,$11,11,$-0.96,$-0.96,$23,$7,$1,$31,$5,$1,$0,$0,$6,$38,$12,$0,$0,$1,$13,$0,$-352,$-0,$24,$38,$-20,$1,$3,$4,$-1,$-8,$2,$0,$-6,$-22,$-1,$0,$0,$0,$-0,$-0,$0,$-1,$-0,$0,$-0,$0,$0,$0,$0,$0,$-23,$2,$0
34,2010-03-31,22.56,$3.02,7.48,$0.38,59.82,$-8.99,0.0,$-4.08,0.0,$0.04B,$0.01B,3.52,$0.00B,$0.03B,0.01,$0.00B,$-0.00B,-25.00%,$0.00B,$-0.04B,-975.00%,$0.00B,$-0.04B,-975.00%,$0.00B,$-0.04B,-950.00%,$0.00B,$-0.04B,-1000.00%,$0.00B,$-0.04B,-1000.00%,$-0.04B,$0.03B,-137.93%,$-0.04B,$0.03B,-137.93%,$-0.04B,$0.05B,-98.77%,$-0.04B,$0.03B,-132.20%,$1,$1,$-1,$5,$4,$10,$-10,$0,$-9,$0,$-9,$-9,$-9,$-9,$-10,$11,11,$-0.80,$-0.80,$36,$4,$1,$41,$4,$1,$0,$0,$6,$46,$12,$0,$0,$1,$13,$0,$-341,$-0,$33,$46,$-9,$0,$1,$1,$0,$-3,$0,$-0,$-2,$-10,$-1,$0,$0,$0,$0,$0,$0,$-0,$-0,$0,$-0,$0,$0,$0,$0,$-0,$-10,$1,$0
35,2009-12-31,25.36,$3.78,6.71,$0.43,59.17,$-9.15,0.0,$-4.32,0.0,$0.05B,$0.01B,4.76,$0.00B,$0.04B,0.01,$0.00B,0,0.00%,$0.00B,$-0.04B,-950.00%,$0.00B,$-0.04B,-950.00%,$0.00B,$-0.04B,-950.00%,$0.00B,$-0.04B,-1000.00%,$0.00B,$-0.04B,-1000.00%,$-0.04B,$0.04B,-156.86%,$-0.04B,$0.04B,-156.86%,$-0.04B,$0.05B,-111.89%,$-0.04B,$0.04B,-146.15%,$1,$1,$-0,$7,$4,$12,$-11,$3,$-9,$0,$-9,$-9,$-9,$-11,$-11,$9,9,$-0.85,$-0.85,$46,$1,$1,$48,$4,$1,$0,$0,$5,$54,$10,$0,$0,$1,$12,$0,$-332,$-0,$42,$54,$-40,$1,$5,$6,$-0,$-1,$1,$1,$2,$-32,$-1,$0,$0,$0,$0,$0,$0,$-1,$-0,$0,$-0,$51,$51,$0,$0,$50,$17,$3,$0
36,2009-09-30,44.0,$1.66,26.49,$0.52,84.42,$-9.67,0.0,$-4.64,0.0,$0.02B,$0.01B,2.19,$0.00B,$0.02B,0.03,$0.01B,0,0.00%,$0.01B,$-0.04B,-740.00%,$0.01B,$-0.04B,-740.00%,$0.01B,$-0.04B,-740.00%,$0.01B,$-0.04B,-820.00%,$0.01B,$-0.04B,-820.00%,$-0.04B,$0.02B,-186.36%,$-0.04B,$0.02B,-186.36%,$-0.04B,$0.03B,-130.16%,$-0.04B,$0.02B,-164.44%,$1,$1,$-0,$6,$3,$10,$-9,$-2,$-12,$0,$-12,$-12,$-12,$-9,$-9,$10,10,$-1.20,$-1.20,$20,$1,$1,$22,$4,$1,$0,$0,$5,$28,$10,$0,$0,$2,$12,$0,$-323,$-0,$16,$28,$-31,$1,$7,$7,$-0,$-0,$-0,$1,$0,$-23,$-1,$0,$0,$0,$0,$0,$0,$-1,$-0,$0,$-0,$16,$16,$0,$0,$16,$-8,$3,$0
37,2009-06-30,24.56,$2.64,9.31,$0.53,45.95,$-9.92,0.0,$-4.48,0.0,$0.03B,$0.01B,4.16,$0.00B,$0.03B,0.02,$0.01B,0,0.00%,$0.01B,$-0.04B,-740.00%,$0.01B,$-0.04B,-740.00%,$0.01B,$-0.04B,-740.00%,$0.01B,$-0.04B,-740.00%,$0.01B,$-0.04B,-740.00%,$-0.04B,$0.03B,-135.78%,$-0.04B,$0.03B,-135.78%,$-0.04B,$0.03B,-103.50%,$-0.04B,$0.03B,-133.33%,$1,$1,$-0,$6,$4,$10,$-9,$-1,$-10,$0,$-10,$-10,$-10,$-9,$-9,$9,9,$-1.20,$-1.20,$26,$1,$1,$29,$4,$1,$0,$0,$5,$34,$7,$0,$0,$2,$9,$0,$-311,$-0,$25,$34,$-19,$1,$3,$3,$0,$0,$-1,$1,$-1,$-16,$-1,$0,$0,$0,$0,$0,$0,$-1,$-0,$0,$-0,$15,$15,$0,$0,$15,$-2,$2,$0
38,2009-03-31,10.32,$2.27,4.55,$0.65,15.92,$-10.09,0.0,$-4.56,0.0,$0.02B,$0.01B,3.57,$0.00B,$0.02B,0.02,$0.01B,$0.00B,16.67%,$0.01B,$-0.04B,-616.67%,$0.01B,$-0.04B,-616.67%,$0.01B,$-0.04B,-616.67%,$0.01B,$-0.04B,-600.00%,$0.01B,$-0.04B,-600.00%,$-0.04B,$0.02B,-137.14%,$-0.04B,$0.02B,-137.14%,$-0.04B,$0.03B,-104.35%,$-0.04B,$0.02B,-139.62%,$1,$1,$0,$6,$4,$10,$-9,$0,$-9,$0,$-9,$-9,$-9,$-9,$-9,$9,9,$-1.04,$-1.04,$19,$1,$1,$22,$4,$1,$0,$0,$5,$27,$6,$0,$0,$2,$8,$0,$-301,$-0,$19,$27,$-9,$0,$0,$1,$0,$0,$-1,$0,$-0,$-9,$-0,$0,$0,$0,$0,$0,$0,$-0,$-0,$0,$-0,$0,$0,$0,$0,$-0,$-9,$1,$0
39,2008-12-31,13.44,$3.25,4.14,$0.90,14.95,$-9.79,0.0,$-4.24,0.0,$0.03B,$0.01B,4.23,$0.00B,$0.03B,0.01,$0.01B,$0.00B,25.00%,$0.01B,$-0.04B,-437.50%,$0.01B,$-0.04B,-437.50%,$0.01B,$-0.04B,-437.50%,$0.01B,$-0.03B,-400.00%,$0.01B,$-0.03B,-400.00%,$-0.03B,$0.03B,-111.30%,$-0.03B,$0.03B,-111.30%,$-0.03B,$0.04B,-85.33%,$-0.04B,$0.03B,-120.69%,$2,$1,$0,$6,$4,$12,$-10,$0,$-10,$0,$-10,$-10,$-10,$-10,$-10,$8,8,$-1.20,$-1.20,$28,$2,$2,$32,$4,$1,$0,$0,$5,$37,$8,$0,$0,$2,$9,$0,$-292,$-0,$28,$37,$-33,$1,$1,$2,$1,$-1,$1,$-1,$-0,$-31,$-0,$0,$0,$0,$19,$19,$0,$19,$-0,$0,$-0,$24,$24,$0,$0,$24,$12,$3,$0
40,2008-09-30,15.52,$4.33,3.58,$1.18,13.16,$-9.25,0.0,$-3.92,0.0,$0.04B,$0.01B,6.13,$0.00B,$0.04B,0.01,$0.01B,$0.00B,33.33%,$0.01B,$-0.03B,-366.67%,$0.01B,$-0.03B,-366.67%,$0.01B,$-0.03B,-366.67%,$0.01B,$-0.03B,-311.11%,$0.01B,$-0.03B,-311.11%,$-0.03B,$0.04B,-93.33%,$-0.03B,$0.04B,-93.33%,$-0.03B,$0.05B,-70.89%,$-0.03B,$0.04B,-108.20%,$1,$1,$0,$6,$3,$10,$-9,$1,$-8,$0,$-8,$-8,$-8,$-9,$-9,$8,8,$-1.04,$-1.04,$37,$2,$1,$40,$4,$1,$0,$0,$5,$45,$7,$0,$0,$2,$8,$0,$-282,$-0,$37,$45,$-23,$1,$-0,$1,$2,$-1,$0,$-0,$-0,$-22,$-0,$0,$0,$0,$16,$16,$0,$15,$-0,$0,$-0,$24,$24,$0,$0,$24,$18,$2,$0
41,2008-06-30,22.0,$2.81,7.84,$1.44,15.29,$-8.94,0.0,$-3.52,0.0,$0.02B,$0.01B,3.73,$0.00B,$0.02B,0.02,$0.01B,$0.00B,36.36%,$0.01B,$-0.03B,-281.82%,$0.01B,$-0.03B,-281.82%,$0.01B,$-0.03B,-272.73%,$0.01B,$-0.03B,-227.27%,$0.01B,$-0.03B,-227.27%,$-0.03B,$0.02B,-81.97%,$-0.03B,$0.02B,-81.97%,$-0.03B,$0.03B,-61.35%,$-0.03B,$0.02B,-100.00%,$2,$1,$1,$6,$4,$11,$-9,$-0,$-9,$0,$-9,$-9,$-9,$-9,$-9,$7,7,$-1.28,$-1.28,$21,$1,$1,$24,$4,$1,$0,$0,$5,$29,$6,$0,$0,$2,$8,$0,$-274,$0,$21,$29,$-14,$0,$-0,$0,$2,$-1,$-0,$-1,$-1,$-15,$-0,$0,$0,$0,$11,$11,$0,$11,$-0,$0,$-0,$0,$0,$0,$0,$0,$-3,$2,$0
42,2008-03-31,19.36,$4.11,4.71,$1.70,11.39,$-9.02,0.0,$-2.64,0.0,$0.03B,$0.01B,4.23,$0.00B,$0.03B,0.02,$0.01B,$0.00B,33.33%,$0.01B,$-0.03B,-233.33%,$0.01B,$-0.03B,-233.33%,$0.01B,$-0.03B,-225.00%,$0.01B,$-0.02B,-200.00%,$0.01B,$-0.02B,-150.00%,$-0.02B,$0.03B,-62.07%,$-0.02B,$0.03B,-62.07%,$-0.02B,$0.04B,-44.72%,$-0.03B,$0.03B,-94.92%,$3,$1,$1,$4,$4,$10,$-7,$2,$-5,$0,$-5,$-5,$-5,$-7,$-7,$7,7,$-0.72,$-0.72,$30,$1,$2,$34,$4,$1,$0,$0,$5,$39,$8,$0,$0,$2,$10,$0,$-264,$0,$29,$39,$-5,$0,$-1,$-1,$1,$-1,$0,$-1,$0,$-5,$-0,$0,$0,$0,$7,$7,$0,$7,$-0,$0,$-0,$0,$0,$0,$0,$-0,$1,$1,$0
43,2007-12-31,31.2,$4.66,6.69,$1.75,17.81,$-9.34,0.0,$-3.20,0.0,$0.04B,$0.01B,3.99,$0.00B,$0.03B,0.02,$0.01B,$0.00B,36.36%,$0.01B,$-0.03B,-245.45%,$0.01B,$-0.03B,-245.45%,$0.01B,$-0.03B,-236.36%,$0.01B,$-0.03B,-236.36%,$0.01B,$-0.02B,-181.82%,$-0.02B,$0.03B,-78.43%,$-0.02B,$0.03B,-78.43%,$-0.02B,$0.05B,-54.42%,$-0.03B,$0.03B,-104.85%,$3,$2,$1,$5,$4,$11,$-8,$2,$-6,$0,$-6,$-6,$-6,$-8,$-8,$6,6,$-0.88,$-0.88,$36,$1,$2,$40,$4,$1,$0,$0,$5,$45,$10,$0,$0,$2,$12,$0,$-259,$0,$33,$45,$-20,$1,$-4,$-3,$-1,$0,$0,$1,$2,$-21,$-1,$0,$0,$0,$-14,$-14,$0,$-14,$-2,$0,$-2,$36,$36,$0,$0,$34,$-1,$2,$0
44,2007-09-30,37.04,$5.45,6.8,$1.71,21.63,$-12.44,0.0,$-4.00,0.0,$0.05B,$0.01B,4.75,$0.00B,$0.04B,0.01,$0.01B,$0.00B,30.00%,$0.01B,$-0.03B,-270.00%,$0.01B,$-0.03B,-270.00%,$0.01B,$-0.03B,-250.00%,$0.01B,$-0.03B,-300.00%,$0.01B,$-0.02B,-230.00%,$-0.02B,$0.04B,-101.10%,$-0.02B,$0.04B,-101.10%,$-0.02B,$0.05B,-67.15%,$-0.03B,$0.04B,-118.68%,$3,$2,$1,$4,$4,$9,$-7,$1,$-5,$0,$-5,$-5,$-5,$-6,$-7,$7,7,$-0.64,$-0.64,$40,$1,$3,$45,$4,$1,$0,$0,$6,$50,$9,$1,$0,$2,$12,$0,$-253,$0,$39,$50,$-14,$1,$-3,$-3,$0,$0,$0,$-0,$-0,$-17,$-1,$0,$0,$0,$-13,$-13,$0,$-14,$-1,$0,$-1,$36,$36,$0,$0,$34,$4,$1,$0
45,2007-06-30,40.0,$2.53,15.8,$1.51,26.42,$-14.76,0.0,$-4.96,0.0,$0.02B,$0.01B,2.13,$0.00B,$0.02B,0.04,$0.01B,$0.00B,25.00%,$0.01B,$-0.03B,-337.50%,$0.01B,$-0.03B,-337.50%,$0.01B,$-0.03B,-312.50%,$0.01B,$-0.03B,-412.50%,$0.01B,$-0.03B,-325.00%,$-0.03B,$0.02B,-155.22%,$-0.03B,$0.02B,-155.22%,$-0.03B,$0.03B,-91.23%,$-0.03B,$0.02B,-161.19%,$3,$2,$1,$3,$4,$9,$-6,$-2,$-8,$0,$-8,$-2,$-2,$-6,$-6,$5,5,$-0.40,$-0.40,$17,$1,$2,$22,$4,$1,$0,$0,$5,$27,$10,$1,$0,$2,$13,$0,$-249,$1,$15,$27,$-9,$0,$-2,$-2,$-0,$0,$-0,$0,$-1,$-12,$-1,$0,$0,$0,$8,$8,$0,$7,$-1,$0,$-1,$7,$7,$0,$0,$6,$2,$1,$0
46,2007-03-31,29.44,$2.73,10.78,$1.55,19.03,$-17.20,0.0,$-7.60,0.0,$0.02B,$0.01B,2.51,$0.00B,$0.02B,0.04,$0.01B,0,0.00%,$0.01B,$-0.03B,-414.29%,$0.01B,$-0.03B,-414.29%,$0.01B,$-0.03B,-371.43%,$0.01B,$-0.03B,-471.43%,$0.01B,$-0.04B,-500.00%,$-0.04B,$0.02B,-191.78%,$-0.04B,$0.02B,-191.78%,$-0.04B,$0.03B,-112.90%,$-0.03B,$0.02B,-158.90%,$2,$1,$1,$3,$4,$8,$-6,$-1,$-7,$0,$-7,$-7,$-7,$-6,$-6,$5,5,$-1.28,$-1.28,$16,$1,$2,$20,$4,$1,$0,$0,$5,$25,$8,$1,$0,$3,$11,$0,$-247,$7,$15,$25,$-7,$0,$1,$1,$0,$0,$-0,$0,$-0,$-6,$-0,$0,$0,$0,$0,$0,$0,$-0,$-1,$0,$-1,$-0,$-0,$0,$0,$-1,$-7,$0,$0
47,2006-12-31,25.52,$4.08,6.26,$1.83,13.97,$-18.77,0.0,$-6.24,0.0,$0.03B,$0.01B,2.77,$0.00B,$0.02B,0.03,$0.01B,$-0.00B,-14.29%,$0.01B,$-0.03B,-428.57%,$0.01B,$-0.03B,-428.57%,$0.01B,$-0.03B,-385.71%,$0.01B,$-0.03B,-471.43%,$0.01B,$-0.03B,-400.00%,$-0.03B,$0.02B,-180.65%,$-0.03B,$0.02B,-180.65%,$-0.03B,$0.04B,-88.19%,$-0.03B,$0.02B,-190.48%,$2,$2,$-0,$3,$4,$10,$-8,$-2,$-10,$0,$-10,$-9,$-9,$-7,$-8,$4,4,$-1.92,$-1.92,$25,$1,$3,$30,$4,$1,$0,$0,$5,$35,$11,$1,$0,$3,$13,$0,$-240,$9,$22,$35,$-24,$1,$-2,$-1,$0,$-1,$-1,$2,$-1,$-26,$-2,$0,$0,$0,$13,$13,$1,$12,$-9,$0,$-9,$32,$32,$-0,$-1,$22,$8,$2,$0
