,Date,Stock Price,Book Value per Share,Price to Book Ratio,TTM Sales per Share,Price to Sales Ratio,TTM FCF per Share,Price to FCF Ratio,TTM Net EPS,PE Ratio,Current Assets,Current Liabilities,Current Ratio,Long Term Debt,Shareholder's Equity_x,Debt to Equity Ratio,TTM Revenue_x,TTM Gross Profit,Gross Margin,TTM Revenue_y,TTM Operating Income,Operating Margin,TTM Revenue_x,TTM EBIT,EBIT Margin,TTM Revenue_y,TTM EBITDA,EBITDA Margin,TTM Revenue_x,TTM Pre-Tax Income,Pre-Tax Margin,TTM Revenue_y,TTM Net Income_x,Net Margin,TTM Net Income_y,Shareholder's Equity_y,Return on Equity,TTM Net Income_x,Tangible Equity,Return on Tangible Equity,TTM Net Income_y,Total Assets,Return on Assets,TTM Net Income,LT Investments & Debt,Return on Investment,revenue,cost-goods-sold,gross-profit,research-development-expenses,selling-general-administrative-expenses,operating-expenses,operating-income,total-non-operating-income-expense,pre-tax-income,total-provision-income-taxes,income-after-taxes,income-from-continuous-operations,net-income,ebitda,ebit,basic-shares-outstanding,shares-outstanding,eps-basic-net-earnings-per-share,eps-earnings-per-share-diluted,cash-on-hand,inventory,other-current-assets,total-current-assets,net-property-plant-equipment,long-term-investments,goodwill-intangible-assets-total,other-long-term-assets,total-long-term-assets,total-assets,total-current-liabilities,long-term-debt,other-non-current-liabilities,total-long-term-liabilities,total-liabilities,common-stock-net,retained-earnings-accumulated-deficit,comprehensive-income,total-share-holder-equity,total-liabilities-share-holders-equity,net-income-loss,total-depreciation-amortization-cash-flow,other-non-cash-items,total-non-cash-items,change-in-accounts-receivable,change-in-inventories,change-in-accounts-payable,change-in-assets-liabilities,total-change-in-assets-liabilities,cash-flow-from-operating-activities,net-change-in-property-plant-equipment,net-change-in-intangible-assets,net-acquisitions-divestitures,net-change-in-short-term-investments,net-change-in-long-term-investments,net-change-in-investments-total,investing-activities-other,cash-flow-from-investing-activities,net-long-term-debt,net-current-debt,debt-issuance-retirement-net-total,net-common-equity-issued-repurchased,net-total-equity-issued-repurchased,total-common-preferred-stock-dividends-paid,financial-activities-other,cash-flow-from-financial-activities,net-cash-flow,stock-based-compensation,common-stock-dividends-paid
0,2018-09-30,19.88,$5.69,3.49,$6.01,3.31,$2.83,7.01,$-0.67,0.0,$0.17B,$0.07B,2.62,$0.27B,$0.39B,0.69,$0.41B,$0.22B,52.18%,$0.41B,$-0.02B,-3.64%,$0.41B,$-0.02B,-3.64%,$0.41B,$0.08B,18.69%,$0.41B,$-0.03B,-7.04%,$0.41B,$-0.05B,-10.92%,$-0.05B,$0.39B,-11.36%,$-0.05B,$-0.11B,34.48%,$-0.05B,$0.74B,-5.67%,$-0.02B,$0.66B,-2.12%,$85,$41,$44,$29,$25,$98,$-13,$-3,$-16,$-2,$-14,$-14,$-14,$7,$-13,$69,69,$-0.20,$-0.20,$68,$42,$0,$174,$19,$0,$500,$6,$568,$742,$66,$270,$13,$283,$350,$0,$-94,$1,$392,$742,$-27,$61,$22,$82,$7,$12,$0,$3,$23,$79,$-6,$0,$0,$0,$0,$0,$0,$-6,$-78,$0,$-78,$4,$4,$0,$-5,$-79,$-6,$24,$0
1,2018-06-30,15.59,$5.83,2.67,$6.48,2.41,$2.52,6.19,$-0.61,0.0,$0.21B,$0.08B,2.62,$0.31B,$0.40B,0.76,$0.44B,$0.22B,50.57%,$0.44B,$-0.01B,-2.95%,$0.44B,$-0.01B,-2.95%,$0.44B,$0.09B,20.63%,$0.44B,$-0.03B,-6.35%,$0.44B,$-0.04B,-9.07%,$-0.04B,$0.40B,-10.06%,$-0.04B,$-0.12B,27.16%,$-0.04B,$0.80B,-4.84%,$-0.01B,$0.71B,-1.77%,$102,$45,$56,$30,$25,$102,$-0,$-3,$-3,$11,$-14,$-14,$-14,$20,$-0,$68,68,$-0.21,$-0.21,$74,$44,$0,$210,$21,$0,$519,$5,$589,$798,$80,$305,$13,$318,$398,$0,$-80,$2,$400,$798,$-13,$41,$11,$52,$-18,$9,$0,$2,$8,$48,$-5,$0,$0,$0,$0,$0,$0,$-5,$-43,$0,$-43,$4,$4,$0,$-4,$-43,$1,$16,$0
2,2018-03-31,22.75,$5.97,3.81,$6.49,3.51,$2.09,10.9,$-0.24,0.0,$0.20B,$0.07B,3.0,$0.32B,$0.41B,0.79,$0.44B,$0.22B,49.21%,$0.44B,$-0.03B,-6.55%,$0.44B,$-0.03B,-6.55%,$0.44B,$0.08B,17.83%,$0.44B,$-0.04B,-9.93%,$0.44B,$-0.02B,-3.39%,$-0.02B,$0.41B,-3.78%,$-0.02B,$-0.13B,9.04%,$-0.02B,$0.81B,-1.74%,$-0.03B,$0.73B,-3.81%,$111,$48,$63,$31,$27,$106,$4,$-4,$-0,$-2,$2,$2,$2,$25,$4,$68,70,$0.03,$0.03,$56,$46,$0,$201,$22,$0,$536,$8,$608,$809,$67,$323,$12,$335,$402,$0,$-66,$3,$406,$809,$2,$20,$6,$26,$-25,$8,$0,$0,$-16,$12,$-2,$0,$0,$0,$0,$0,$0,$-2,$-25,$0,$-25,$1,$1,$0,$-2,$-26,$-17,$8,$0
3,2017-12-31,26.42,$5.75,4.6,$6.20,4.26,$2.27,11.65,$-0.15,0.0,$0.20B,$0.08B,2.64,$0.35B,$0.39B,0.9,$0.42B,$0.21B,49.41%,$0.42B,$-0.02B,-5.46%,$0.42B,$-0.02B,-5.46%,$0.42B,$0.07B,16.86%,$0.42B,$-0.03B,-8.08%,$0.42B,$-0.01B,-2.14%,$-0.01B,$0.39B,-2.33%,$-0.01B,$-0.17B,10.47%,$-0.01B,$0.83B,-1.17%,$-0.02B,$0.74B,-3.44%,$114,$62,$52,$30,$27,$119,$-6,$-5,$-10,$9,$-19,$-19,$-19,$25,$-6,$66,66,$-0.30,$-0.28,$73,$53,$0,$201,$23,$0,$553,$8,$624,$825,$76,$348,$13,$361,$437,$0,$-69,$1,$387,$825,$-9,$93,$-3,$90,$-4,$-2,$0,$3,$-6,$75,$-7,$-5,$-473,$54,$0,$54,$0,$-432,$347,$0,$347,$12,$12,$0,$-12,$347,$-8,$33,$0
4,2017-09-30,23.75,$5.93,4.01,$5.77,4.12,$2.86,8.32,$0.26,91.35,$0.22B,$0.10B,2.23,$0.37B,$0.40B,0.93,$0.39B,$0.21B,52.28%,$0.39B,$-0.01B,-2.28%,$0.39B,$-0.01B,-2.28%,$0.39B,$0.07B,16.50%,$0.39B,$-0.02B,-3.81%,$0.39B,$0.02B,4.57%,$0.02B,$0.40B,4.76%,$0.02B,$-0.18B,-1200.00%,$0.02B,$0.88B,2.68%,$-0.01B,$0.76B,-1.57%,$114,$62,$52,$29,$29,$124,$-11,$-5,$-15,$-6,$-9,$-9,$-9,$21,$-11,$67,67,$-0.14,$-0.14,$72,$64,$0,$219,$23,$0,$572,$8,$658,$877,$98,$367,$15,$382,$480,$0,$-50,$-0,$397,$877,$10,$63,$-26,$36,$-14,$-2,$0,$22,$7,$53,$-4,$-5,$-473,$54,$0,$54,$0,$-429,$367,$0,$367,$9,$9,$0,$-10,$366,$-9,$25,$0
5,2017-06-30,27.89,$5.98,4.66,$5.49,5.08,$3.34,8.34,$0.54,51.65,$0.26B,$0.11B,2.34,$0.42B,$0.40B,1.04,$0.38B,$0.21B,55.85%,$0.38B,$0.01B,3.46%,$0.38B,$0.01B,3.46%,$0.38B,$0.07B,17.55%,$0.38B,$0.01B,2.93%,$0.38B,$0.04B,9.84%,$0.04B,$0.40B,10.17%,$0.04B,$-0.19B,45.96%,$0.04B,$0.94B,6.68%,$0.01B,$0.81B,2.78%,$104,$53,$51,$29,$31,$120,$-16,$-3,$-19,$-30,$11,$11,$11,$8,$-16,$66,70,$0.17,$0.16,$88,$78,$0,$258,$24,$0,$592,$9,$679,$938,$110,$415,$14,$430,$540,$0,$-41,$-1,$398,$938,$19,$31,$-39,$-8,$-21,$-7,$0,$11,$4,$16,$-2,$-5,$-473,$54,$0,$54,$0,$-427,$417,$0,$417,$8,$8,$0,$-8,$416,$7,$17,$0
6,2017-03-31,28.05,$5.59,5.02,$5.50,5.1,$4.13,6.79,$0.71,39.51,$0.25B,$0.07B,3.85,$0.00B,$0.37B,0.0,$0.37B,$0.22B,59.36%,$0.37B,$0.05B,13.64%,$0.37B,$0.05B,13.64%,$0.37B,$0.09B,22.73%,$0.37B,$0.05B,14.17%,$0.37B,$0.05B,13.10%,$0.05B,$0.37B,14.22%,$0.05B,$0.19B,27.22%,$0.05B,$0.45B,11.74%,$0.05B,$0.37B,14.80%,$89,$36,$53,$24,$19,$78,$10,$0,$10,$2,$8,$8,$8,$17,$10,$65,69,$0.13,$0.12,$153,$32,$0,$248,$19,$0,$175,$3,$198,$446,$65,$0,$16,$16,$80,$0,$-51,$-1,$366,$446,$8,$7,$4,$11,$-7,$-5,$0,$7,$3,$23,$-1,$-0,$0,$-10,$0,$-10,$0,$-11,$0,$0,$0,$0,$0,$0,$-5,$-5,$8,$5,$0
7,2016-12-31,21.8,$5.42,4.02,$5.75,3.79,$4.35,5.01,$0.88,24.77,$0.21B,$0.06B,3.9,$0.00B,$0.35B,0.0,$0.39B,$0.23B,59.28%,$0.39B,$0.06B,16.24%,$0.39B,$0.06B,16.24%,$0.39B,$0.10B,24.74%,$0.39B,$0.07B,16.75%,$0.39B,$0.06B,15.98%,$0.06B,$0.35B,19.08%,$0.06B,$0.17B,34.54%,$0.06B,$0.42B,15.61%,$0.06B,$0.35B,19.38%,$87,$37,$50,$24,$17,$79,$8,$0,$9,$0,$8,$8,$8,$19,$8,$64,68,$0.12,$0.13,$130,$27,$0,$213,$21,$6,$180,$3,$210,$423,$55,$0,$16,$16,$70,$0,$-60,$-2,$352,$423,$61,$33,$16,$48,$-8,$10,$0,$3,$8,$117,$-9,$-0,$-101,$9,$0,$9,$0,$-101,$0,$0,$0,$7,$7,$0,$-7,$-1,$15,$22,$0
8,2016-09-30,20.27,$5.25,3.86,$6.32,3.21,$3.72,5.45,$0.62,32.69,$0.19B,$0.05B,3.43,$0.00B,$0.34B,0.0,$0.40B,$0.24B,59.00%,$0.40B,$0.05B,11.50%,$0.40B,$0.05B,11.50%,$0.40B,$0.08B,19.50%,$0.40B,$0.05B,12.00%,$0.40B,$0.05B,11.25%,$0.05B,$0.34B,14.86%,$0.05B,$0.15B,25.42%,$0.05B,$0.41B,11.99%,$0.05B,$0.34B,15.19%,$96,$41,$56,$26,$18,$86,$11,$0,$11,$1,$10,$10,$10,$22,$11,$64,68,$0.15,$0.14,$98,$32,$0,$187,$22,$12,$186,$2,$222,$408,$54,$0,$15,$15,$70,$0,$-68,$-1,$339,$408,$53,$22,$12,$34,$-7,$7,$0,$1,$3,$90,$-7,$-0,$-101,$8,$0,$8,$0,$-100,$0,$0,$0,$4,$4,$0,$-6,$-2,$-12,$16,$0
9,2016-06-30,17.98,$5.02,3.58,$6.41,2.81,$2.96,6.08,$0.51,35.25,$0.25B,$0.06B,4.52,$0.00B,$0.32B,0.0,$0.40B,$0.23B,57.89%,$0.40B,$0.04B,9.27%,$0.40B,$0.04B,9.27%,$0.40B,$0.08B,19.05%,$0.40B,$0.04B,9.77%,$0.40B,$0.04B,9.27%,$0.04B,$0.32B,13.02%,$0.04B,$0.20B,21.42%,$0.04B,$0.39B,10.31%,$0.04B,$0.32B,13.02%,$102,$39,$63,$24,$17,$79,$22,$0,$23,$0,$23,$23,$23,$27,$22,$63,68,$0.36,$0.33,$176,$26,$0,$251,$21,$0,$117,$2,$141,$392,$56,$0,$15,$15,$71,$0,$-78,$-1,$321,$392,$43,$10,$5,$16,$-2,$7,$0,$3,$12,$71,$-5,$-0,$-21,$34,$0,$34,$0,$8,$0,$0,$0,$4,$4,$0,$-4,$1,$80,$10,$0
10,2016-03-31,18.5,$4.57,4.05,$6.25,2.96,$2.10,8.8,$-0.40,0.0,$0.23B,$0.06B,3.58,$0.00B,$0.29B,0.0,$0.37B,$0.20B,52.99%,$0.37B,$-0.02B,-4.62%,$0.37B,$-0.02B,-4.62%,$0.37B,$0.04B,11.68%,$0.37B,$-0.02B,-4.35%,$0.37B,$-0.02B,-4.62%,$-0.02B,$0.29B,-6.36%,$-0.02B,$0.19B,-11.35%,$-0.02B,$0.37B,-4.92%,$-0.02B,$0.29B,-6.36%,$103,$42,$61,$24,$14,$81,$22,$-0,$22,$1,$21,$21,$21,$28,$22,$63,67,$0.33,$0.31,$150,$29,$0,$227,$22,$17,$99,$2,$140,$366,$63,$0,$15,$15,$78,$0,$-102,$-1,$288,$366,$21,$6,$4,$10,$1,$3,$0,$3,$8,$39,$-3,$0,$0,$-27,$0,$-27,$0,$-31,$0,$0,$0,$2,$2,$0,$-1,$1,$9,$5,$0
11,2015-12-31,14.73,$4.21,3.5,$5.64,2.61,$1.64,8.99,$-0.81,0.0,$0.19B,$0.06B,3.4,$0.00B,$0.26B,0.0,$0.30B,$0.16B,52.00%,$0.30B,$-0.04B,-14.67%,$0.30B,$-0.04B,-14.67%,$0.30B,$0.01B,4.00%,$0.30B,$-0.04B,-14.33%,$0.30B,$-0.04B,-14.33%,$-0.04B,$0.26B,-19.55%,$-0.04B,$0.16B,-34.61%,$-0.04B,$0.34B,-14.84%,$-0.04B,$0.26B,-20.00%,$99,$43,$56,$23,$18,$108,$-9,$0,$-8,$0,$-9,$-9,$-9,$1,$-9,$53,53,$-0.12,$-0.12,$111,$32,$0,$190,$22,$19,$101,$2,$145,$335,$56,$0,$16,$16,$72,$0,$-121,$-1,$263,$335,$-42,$55,$48,$103,$5,$-6,$0,$17,$-6,$55,$-3,$-0,$-4,$-4,$0,$-4,$0,$-11,$0,$0,$0,$10,$10,$0,$-6,$4,$47,$19,$0
12,2015-09-30,12.44,$4.30,2.89,$4.67,2.66,$0.76,16.43,$-0.73,0.0,$0.17B,$0.07B,2.48,$0.00B,$0.27B,0.0,$0.23B,$0.12B,51.50%,$0.23B,$-0.04B,-17.17%,$0.23B,$-0.04B,-17.17%,$0.23B,$0.01B,3.43%,$0.23B,$-0.04B,-17.17%,$0.23B,$-0.04B,-15.45%,$-0.04B,$0.27B,-20.11%,$-0.04B,$0.14B,-34.04%,$-0.04B,$0.34B,-15.00%,$-0.04B,$0.27B,-22.35%,$95,$44,$51,$23,$25,$94,$2,$0,$2,$1,$2,$2,$2,$20,$2,$61,63,$0.03,$0.03,$85,$36,$0,$167,$21,$20,$129,$6,$175,$343,$67,$0,$11,$11,$78,$0,$-113,$-1,$265,$343,$-34,$46,$20,$65,$6,$-10,$0,$11,$-1,$30,$-1,$-0,$-4,$12,$0,$12,$0,$7,$0,$0,$0,$6,$6,$0,$-5,$1,$37,$15,$0
13,2015-06-30,12.1,$4.23,2.86,$4.05,2.99,$0.58,21.01,$-0.85,0.0,$0.16B,$0.07B,2.14,$0.00B,$0.25B,0.0,$0.17B,$0.09B,52.05%,$0.17B,$-0.05B,-26.32%,$0.17B,$-0.05B,-26.32%,$0.17B,$-0.01B,-8.19%,$0.17B,$-0.05B,-26.32%,$0.17B,$-0.04B,-23.98%,$-0.04B,$0.25B,-29.98%,$-0.04B,$0.11B,-42.82%,$-0.04B,$0.34B,-21.75%,$-0.05B,$0.25B,-32.91%,$71,$44,$27,$24,$24,$103,$-32,$0,$-32,$-1,$-31,$-31,$-31,$-6,$-32,$53,53,$-0.58,$-0.58,$73,$39,$0,$159,$23,$9,$142,$6,$180,$339,$74,$0,$11,$11,$85,$0,$-114,$0,$254,$339,$-35,$27,$14,$41,$6,$-12,$0,$5,$3,$8,$-1,$0,$-4,$33,$0,$33,$0,$28,$0,$0,$0,$3,$3,$0,$-4,$-1,$36,$10,$0
14,2015-03-31,8.13,$2.56,3.17,$3.69,2.2,$0.64,12.75,$-0.29,0.0,$0.10B,$0.04B,2.56,$0.00B,$0.10B,0.0,$0.14B,$0.08B,61.76%,$0.14B,$-0.01B,-9.56%,$0.14B,$-0.01B,-9.56%,$0.14B,$-0.01B,-5.15%,$0.14B,$-0.01B,-9.56%,$0.14B,$-0.01B,-8.09%,$-0.01B,$0.10B,-11.31%,$-0.01B,$0.09B,-12.02%,$-0.01B,$0.14B,-8.00%,$-0.01B,$0.10B,-13.37%,$35,$14,$22,$15,$11,$40,$-5,$0,$-5,$0,$-5,$-5,$-5,$-3,$-5,$38,38,$-0.12,$-0.12,$65,$13,$0,$102,$11,$16,$11,$0,$39,$142,$40,$0,$4,$4,$43,$0,$-84,$0,$98,$142,$-5,$2,$4,$5,$-2,$-2,$0,$5,$3,$4,$-1,$0,$0,$0,$0,$0,$0,$-1,$0,$0,$0,$0,$0,$0,$-1,$-1,$2,$4,$0
15,2014-12-31,7.41,$2.61,2.83,$3.68,2.02,$0.64,11.57,$-0.19,0.0,$0.10B,$0.03B,3.04,$0.00B,$0.10B,0.0,$0.13B,$0.08B,61.19%,$0.13B,$-0.01B,-6.72%,$0.13B,$-0.01B,-6.72%,$0.13B,$-0.00B,-2.24%,$0.13B,$-0.01B,-6.72%,$0.13B,$-0.01B,-5.22%,$-0.01B,$0.10B,-7.37%,$-0.01B,$0.09B,-7.63%,$-0.01B,$0.14B,-5.19%,$-0.01B,$0.10B,-9.47%,$32,$13,$20,$15,$10,$37,$-5,$0,$-5,$-2,$-2,$-2,$-2,$-3,$-5,$36,36,$-0.06,$-0.06,$69,$11,$0,$101,$12,$10,$12,$1,$35,$136,$33,$0,$3,$3,$37,$0,$-79,$-0,$99,$136,$-7,$6,$13,$19,$2,$-1,$0,$-1,$1,$12,$-9,$0,$-9,$0,$0,$0,$0,$-17,$0,$0,$0,$3,$3,$0,$-4,$-1,$-6,$15,$0
16,2014-09-30,6.88,$2.58,2.67,$3.72,1.85,$0.83,8.27,$-0.21,0.0,$0.11B,$0.04B,2.87,$0.00B,$0.10B,0.0,$0.13B,$0.08B,60.45%,$0.13B,$-0.01B,-5.22%,$0.13B,$-0.01B,-5.22%,$0.13B,$-0.00B,-1.49%,$0.13B,$-0.01B,-5.22%,$0.13B,$-0.01B,-5.97%,$-0.01B,$0.10B,-8.70%,$-0.01B,$0.10B,-8.77%,$-0.01B,$0.14B,-6.05%,$-0.01B,$0.10B,-7.61%,$33,$13,$20,$15,$8,$36,$-3,$0,$-3,$0,$-3,$-3,$-3,$-2,$-3,$37,37,$-0.09,$-0.09,$82,$10,$0,$114,$10,$12,$1,$1,$23,$137,$40,$0,$1,$1,$41,$0,$-76,$0,$96,$137,$-5,$4,$11,$15,$-0,$0,$0,$8,$7,$18,$-8,$0,$0,$-1,$0,$-1,$0,$-8,$0,$0,$0,$2,$2,$0,$-4,$-2,$8,$11,$0
17,2014-06-30,10.07,$2.61,3.86,$3.75,2.68,$0.77,13.08,$-0.26,0.0,$0.11B,$0.04B,2.85,$0.00B,$0.10B,0.0,$0.13B,$0.08B,60.90%,$0.13B,$-0.01B,-6.77%,$0.13B,$-0.01B,-6.77%,$0.13B,$-0.00B,-3.01%,$0.13B,$-0.01B,-6.77%,$0.13B,$-0.01B,-7.52%,$-0.01B,$0.10B,-11.20%,$-0.01B,$0.10B,-11.33%,$-0.01B,$0.14B,-7.81%,$-0.01B,$0.10B,-10.08%,$36,$13,$22,$14,$9,$36,$-0,$0,$-0,$0,$-1,$-1,$-1,$1,$-0,$36,36,$-0.02,$-0.02,$75,$10,$0,$108,$10,$16,$1,$1,$27,$135,$38,$0,$1,$1,$39,$0,$-73,$0,$96,$135,$-1,$3,$7,$10,$-1,$0,$0,$3,$3,$12,$-5,$0,$0,$-1,$0,$-1,$0,$-5,$0,$0,$0,$2,$2,$0,$-3,$-1,$5,$7,$0
18,2014-03-31,9.48,$2.50,3.79,$3.65,2.6,$0.73,12.99,$-0.33,0.0,$0.11B,$0.04B,2.58,$0.00B,$0.09B,0.0,$0.13B,$0.08B,59.84%,$0.13B,$-0.01B,-9.45%,$0.13B,$-0.01B,-9.45%,$0.13B,$-0.01B,-4.72%,$0.13B,$-0.01B,-9.45%,$0.13B,$-0.01B,-9.45%,$-0.01B,$0.09B,-13.83%,$-0.01B,$0.09B,-13.99%,$-0.01B,$0.13B,-9.70%,$-0.01B,$0.09B,-13.83%,$33,$12,$20,$13,$8,$33,$-1,$0,$-1,$0,$-1,$-1,$-1,$1,$-1,$35,35,$-0.02,$-0.02,$73,$11,$0,$107,$8,$15,$1,$1,$25,$132,$42,$0,$1,$1,$43,$0,$-73,$0,$89,$132,$-1,$1,$3,$5,$-1,$-1,$0,$2,$0,$4,$-1,$0,$0,$-1,$0,$-1,$0,$-2,$0,$0,$0,$0,$0,$0,$-0,$-0,$2,$3,$0
19,2013-12-31,10.43,$2.45,4.25,$3.54,2.95,$0.66,15.73,$-0.38,0.0,$0.09B,$0.04B,2.52,$0.00B,$0.09B,0.0,$0.12B,$0.07B,60.33%,$0.12B,$-0.01B,-10.74%,$0.12B,$-0.01B,-10.74%,$0.12B,$-0.01B,-6.61%,$0.12B,$-0.01B,-10.74%,$0.12B,$-0.01B,-10.74%,$-0.01B,$0.09B,-15.34%,$-0.01B,$0.09B,-15.48%,$-0.01B,$0.13B,-10.95%,$-0.01B,$0.09B,-15.34%,$32,$12,$19,$15,$7,$34,$-3,$0,$-3,$0,$-3,$-3,$-3,$-2,$-3,$34,34,$-0.07,$-0.07,$62,$10,$0,$94,$6,$24,$1,$1,$31,$125,$37,$0,$1,$1,$38,$0,$-72,$0,$87,$125,$-13,$5,$14,$19,$-6,$-0,$0,$13,$7,$13,$-3,$-1,$0,$-5,$0,$-5,$0,$-10,$-0,$0,$-0,$3,$3,$0,$-1,$1,$5,$13,$0
20,2013-09-30,8.29,$2.43,3.41,$3.36,2.47,$0.45,18.34,$-0.44,0.0,$0.09B,$0.04B,2.68,$0.00B,$0.09B,0.0,$0.11B,$0.07B,61.40%,$0.11B,$-0.02B,-13.16%,$0.11B,$-0.02B,-13.16%,$0.11B,$-0.01B,-7.89%,$0.11B,$-0.01B,-12.28%,$0.11B,$-0.02B,-13.16%,$-0.02B,$0.09B,-18.07%,$-0.02B,$0.08B,-18.18%,$-0.02B,$0.12B,-13.02%,$-0.02B,$0.09B,-18.07%,$32,$12,$20,$15,$10,$36,$-5,$-0,$-5,$0,$-5,$-5,$-5,$-4,$-5,$35,35,$-0.14,$-0.14,$62,$10,$0,$93,$6,$21,$1,$0,$28,$120,$35,$0,$1,$1,$36,$0,$-69,$0,$85,$120,$-10,$4,$11,$14,$-4,$0,$0,$11,$6,$10,$-3,$-1,$0,$-2,$0,$-2,$0,$-5,$-0,$0,$-0,$1,$1,$0,$-1,$-0,$5,$10,$0
21,2013-06-30,7.0,$2.49,2.81,$3.24,2.16,$0.33,21.35,$-0.29,0.0,$0.09B,$0.03B,2.95,$0.00B,$0.09B,0.0,$0.11B,$0.07B,60.91%,$0.11B,$-0.01B,-9.09%,$0.11B,$-0.01B,-9.09%,$0.11B,$-0.00B,-2.73%,$0.11B,$-0.01B,-8.18%,$0.11B,$-0.01B,-9.09%,$-0.01B,$0.09B,-12.08%,$-0.01B,$0.09B,-12.16%,$-0.01B,$0.12B,-8.79%,$-0.01B,$0.09B,-12.08%,$30,$12,$17,$12,$8,$33,$-3,$0,$-3,$0,$-3,$-3,$-3,$-1,$-3,$34,34,$-0.09,$-0.09,$62,$9,$0,$91,$6,$19,$1,$0,$27,$118,$31,$0,$1,$1,$32,$0,$-64,$-0,$86,$118,$-5,$3,$7,$10,$-3,$1,$0,$5,$2,$7,$-2,$-1,$0,$-2,$0,$-2,$0,$-4,$-0,$0,$-0,$1,$1,$0,$-1,$-0,$3,$6,$0
22,2013-03-31,6.2,$2.44,2.54,$3.09,2.01,$0.12,50.74,$-0.28,0.0,$0.09B,$0.03B,2.83,$0.00B,$0.08B,0.0,$0.10B,$0.07B,62.50%,$0.10B,$-0.01B,-8.65%,$0.10B,$-0.01B,-8.65%,$0.10B,$-0.00B,-2.88%,$0.10B,$-0.01B,-7.69%,$0.10B,$-0.01B,-9.62%,$-0.01B,$0.08B,-11.94%,$-0.01B,$0.08B,-12.01%,$-0.01B,$0.11B,-8.83%,$-0.01B,$0.08B,-10.75%,$27,$10,$17,$12,$7,$29,$-2,$-0,$-2,$0,$-2,$-2,$-2,$-1,$-2,$33,33,$-0.07,$-0.07,$59,$9,$0,$87,$7,$18,$0,$0,$25,$112,$31,$0,$1,$1,$32,$0,$-61,$0,$81,$112,$-2,$1,$3,$4,$-3,$1,$0,$5,$-1,$1,$-1,$0,$0,$-5,$0,$-5,$0,$-5,$-0,$0,$-0,$0,$0,$0,$-0,$-0,$-5,$3,$0
23,2012-12-31,5.02,$2.44,2.06,$2.90,1.73,$0.06,89.01,$-0.41,0.0,$0.10B,$0.03B,3.32,$0.00B,$0.08B,0.0,$0.10B,$0.06B,61.22%,$0.10B,$-0.01B,-13.27%,$0.10B,$-0.01B,-13.27%,$0.10B,$-0.01B,-7.14%,$0.10B,$-0.01B,-13.27%,$0.10B,$-0.02B,-15.31%,$-0.02B,$0.08B,-17.49%,$-0.02B,$0.08B,-17.65%,$-0.02B,$0.11B,-13.33%,$-0.01B,$0.08B,-15.16%,$25,$9,$16,$13,$8,$29,$-5,$0,$-4,$0,$-5,$-5,$-5,$-3,$-5,$33,33,$-0.13,$-0.13,$72,$10,$0,$98,$7,$5,$0,$0,$13,$111,$30,$0,$1,$1,$30,$0,$-59,$0,$80,$111,$-13,$5,$10,$15,$-4,$-2,$0,$8,$6,$8,$-5,$-0,$0,$1,$0,$1,$0,$-4,$-0,$0,$-0,$-9,$-9,$0,$-0,$-10,$-6,$10,$0
24,2012-09-30,6.69,$2.56,2.62,$2.75,2.44,$-0.33,0.0,$-0.41,0.0,$0.10B,$0.03B,3.58,$0.00B,$0.08B,0.0,$0.09B,$0.06B,60.87%,$0.09B,$-0.01B,-13.04%,$0.09B,$-0.01B,-13.04%,$0.09B,$-0.01B,-7.61%,$0.09B,$-0.01B,-14.13%,$0.09B,$-0.02B,-16.30%,$-0.02B,$0.08B,-16.85%,$-0.02B,$0.08B,-17.05%,$-0.02B,$0.11B,-13.30%,$-0.01B,$0.08B,-13.48%,$28,$10,$17,$11,$6,$27,$0,$0,$0,$0,$0,$0,$0,$2,$0,$33,35,$0.01,$0.01,$77,$9,$0,$104,$6,$3,$0,$0,$10,$114,$29,$0,$1,$1,$30,$0,$-52,$0,$84,$114,$-9,$3,$7,$11,$-6,$-1,$0,$7,$4,$6,$-3,$-0,$0,$4,$0,$4,$0,$0,$-0,$0,$-0,$-8,$-8,$0,$-0,$-8,$-1,$7,$0
25,2012-06-30,4.96,$2.64,1.88,$2.48,2.0,$-0.64,0.0,$-0.77,0.0,$0.11B,$0.03B,4.17,$0.00B,$0.09B,0.0,$0.08B,$0.05B,60.98%,$0.08B,$-0.02B,-18.29%,$0.08B,$-0.02B,-18.29%,$0.08B,$-0.01B,-13.41%,$0.08B,$-0.02B,-19.51%,$0.08B,$-0.03B,-31.71%,$-0.03B,$0.09B,-28.42%,$-0.03B,$0.09B,-28.73%,$-0.03B,$0.12B,-23.11%,$-0.02B,$0.09B,-16.39%,$24,$9,$15,$11,$7,$27,$-2,$0,$-2,$0,$-3,$-3,$-3,$-1,$-2,$34,34,$-0.08,$-0.08,$81,$9,$0,$106,$5,$3,$1,$0,$9,$116,$26,$0,$1,$1,$26,$0,$-43,$0,$90,$116,$-9,$2,$5,$7,$-5,$-0,$0,$4,$2,$-0,$-2,$-0,$0,$-15,$0,$-15,$0,$-16,$-0,$0,$-0,$1,$1,$0,$-0,$1,$-16,$5,$0
26,2012-03-31,5.57,$2.66,2.09,$2.31,2.41,$-0.72,0.0,$-0.84,0.0,$0.10B,$0.02B,4.93,$0.00B,$0.09B,0.0,$0.08B,$0.05B,60.53%,$0.08B,$-0.02B,-25.00%,$0.08B,$-0.02B,-25.00%,$0.08B,$-0.02B,-19.74%,$0.08B,$-0.02B,-26.32%,$0.08B,$-0.03B,-36.84%,$-0.03B,$0.09B,-29.55%,$-0.03B,$0.09B,-29.79%,$-0.03B,$0.11B,-24.56%,$-0.02B,$0.09B,-20.05%,$21,$8,$12,$12,$7,$27,$-6,$-0,$-7,$0,$-7,$-7,$-7,$-5,$-6,$33,33,$-0.20,$-0.20,$76,$7,$0,$95,$5,$7,$1,$0,$13,$109,$19,$0,$0,$0,$20,$0,$-40,$0,$89,$109,$-7,$1,$2,$3,$-1,$1,$0,$0,$2,$-1,$-1,$-0,$0,$-2,$0,$-2,$0,$-3,$-0,$0,$-0,$0,$0,$0,$-0,$0,$-4,$2,$0
27,2011-12-31,4.75,$2.80,1.7,$2.22,2.14,$-0.75,0.0,$-0.68,0.0,$0.10B,$0.02B,5.14,$0.00B,$0.09B,0.0,$0.07B,$0.05B,62.50%,$0.07B,$-0.02B,-20.83%,$0.07B,$-0.02B,-20.83%,$0.07B,$-0.01B,-15.28%,$0.07B,$-0.02B,-20.83%,$0.07B,$-0.02B,-30.56%,$-0.02B,$0.09B,-22.22%,$-0.02B,$0.09B,-22.39%,$-0.02B,$0.11B,-18.88%,$-0.02B,$0.09B,-15.15%,$19,$8,$12,$10,$6,$24,$-4,$0,$-4,$0,$-5,$-5,$-5,$-3,$-4,$33,33,$-0.14,$-0.14,$75,$8,$0,$95,$5,$11,$1,$0,$17,$112,$18,$0,$1,$1,$19,$0,$-34,$0,$93,$112,$-22,$4,$14,$19,$-7,$-1,$0,$-0,$-4,$-7,$-3,$-0,$0,$14,$0,$14,$0,$11,$-0,$0,$-0,$3,$3,$0,$0,$3,$6,$7,$0
28,2011-09-30,6.46,$2.88,2.25,$2.16,2.99,$-0.38,0.0,$-0.37,0.0,$0.11B,$0.02B,6.04,$0.00B,$0.09B,0.0,$0.07B,$0.04B,62.32%,$0.07B,$-0.01B,-17.39%,$0.07B,$-0.01B,-17.39%,$0.07B,$-0.01B,-11.59%,$0.07B,$-0.01B,-17.39%,$0.07B,$-0.01B,-15.94%,$-0.01B,$0.09B,-10.78%,$-0.01B,$0.09B,-10.86%,$-0.01B,$0.11B,-9.30%,$-0.01B,$0.09B,-11.76%,$18,$6,$11,$9,$5,$21,$-3,$-0,$-3,$8,$-11,$-11,$-11,$-2,$-3,$33,33,$-0.35,$-0.35,$88,$9,$0,$107,$5,$0,$1,$0,$6,$113,$18,$0,$1,$1,$19,$0,$-29,$-0,$94,$113,$-17,$3,$12,$15,$-5,$-2,$0,$-3,$-3,$-5,$-2,$0,$0,$28,$0,$28,$0,$25,$-0,$0,$-0,$2,$2,$0,$0,$2,$22,$5,$0
29,2011-06-30,8.66,$3.17,2.73,$2.17,3.99,$0.03,285.81,$0.02,433.0,$0.11B,$0.02B,6.37,$0.00B,$0.10B,0.0,$0.07B,$0.05B,64.29%,$0.07B,$-0.01B,-10.00%,$0.07B,$-0.01B,-10.00%,$0.07B,$-0.00B,-4.29%,$0.07B,$-0.01B,-10.00%,$0.07B,$0.00B,1.43%,$0.00B,$0.10B,0.98%,$0.00B,$0.10B,0.98%,$0.00B,$0.12B,0.84%,$-0.01B,$0.10B,-6.81%,$18,$7,$11,$13,$4,$24,$-6,$0,$-6,$-1,$-5,$-5,$-5,$-5,$-6,$32,32,$-0.15,$-0.15,$91,$7,$0,$110,$5,$0,$1,$0,$12,$122,$17,$0,$1,$1,$19,$0,$-18,$0,$103,$122,$-6,$2,$1,$4,$-5,$1,$0,$-2,$-0,$-2,$-2,$0,$0,$3,$0,$3,$0,$1,$-0,$0,$-0,$1,$1,$0,$0,$1,$0,$3,$0
30,2011-03-31,8.17,$3.28,2.49,$2.14,3.82,$0.15,56.27,$0.22,37.14,$0.11B,$0.01B,8.19,$0.00B,$0.11B,0.0,$0.07B,$0.05B,67.14%,$0.07B,$0.00B,1.43%,$0.07B,$0.00B,1.43%,$0.07B,$0.00B,5.71%,$0.07B,$0.00B,1.43%,$0.07B,$0.01B,11.43%,$0.01B,$0.11B,7.98%,$0.01B,$0.11B,8.04%,$0.01B,$0.12B,6.90%,$0.00B,$0.11B,1.00%,$17,$6,$11,$8,$5,$19,$-2,$0,$-2,$-1,$-1,$-1,$-1,$-1,$-2,$32,32,$-0.04,$-0.04,$92,$5,$0,$108,$5,$0,$1,$0,$11,$119,$13,$0,$0,$0,$14,$0,$-13,$0,$106,$119,$-1,$1,$1,$2,$-5,$2,$0,$-2,$-3,$-2,$-1,$0,$0,$14,$0,$14,$0,$13,$-0,$0,$-0,$0,$0,$0,$0,$0,$12,$2,$0
31,2010-12-31,10.76,$3.29,3.27,$2.67,4.02,$0.33,32.6,$0.27,39.85,$0.11B,$0.01B,7.94,$0.00B,$0.11B,0.0,$0.07B,$0.05B,68.12%,$0.07B,$0.00B,5.80%,$0.07B,$0.00B,5.80%,$0.07B,$0.01B,10.14%,$0.07B,$0.00B,5.80%,$0.07B,$0.01B,13.04%,$0.01B,$0.11B,9.33%,$0.01B,$0.10B,9.40%,$0.01B,$0.12B,7.93%,$0.00B,$0.11B,4.13%,$16,$5,$10,$7,$4,$17,$-1,$0,$-1,$-7,$6,$6,$6,$-0,$-1,$27,29,$0.22,$0.20,$94,$7,$0,$109,$5,$0,$1,$0,$10,$119,$14,$0,$0,$0,$14,$0,$-12,$0,$105,$119,$10,$3,$-2,$1,$7,$-5,$0,$-4,$-6,$5,$-3,$-1,$0,$-74,$0,$-74,$0,$-78,$-0,$0,$-0,$77,$77,$0,$0,$77,$4,$4,$0
