,Date,Stock Price,Book Value per Share,Price to Book Ratio,TTM Sales per Share,Price to Sales Ratio,TTM FCF per Share,Price to FCF Ratio,TTM Net EPS,PE Ratio,Current Assets,Current Liabilities,Current Ratio,Long Term Debt,Shareholder's Equity_x,Debt to Equity Ratio,TTM Revenue_x,TTM Gross Profit,Gross Margin,TTM Revenue_y,TTM Operating Income,Operating Margin,TTM Revenue_x,TTM EBIT,EBIT Margin,TTM Revenue_y,TTM EBITDA,EBITDA Margin,TTM Revenue_x,TTM Pre-Tax Income,Pre-Tax Margin,TTM Revenue_y,TTM Net Income_x,Net Margin,TTM Net Income_y,Shareholder's Equity_y,Return on Equity,TTM Net Income_x,Tangible Equity,Return on Tangible Equity,TTM Net Income_y,Total Assets,Return on Assets,TTM Net Income,LT Investments & Debt,Return on Investment,revenue,cost-goods-sold,gross-profit,research-development-expenses,selling-general-administrative-expenses,operating-expenses,operating-income,total-non-operating-income-expense,pre-tax-income,total-provision-income-taxes,income-after-taxes,income-from-continuous-operations,net-income,ebitda,ebit,basic-shares-outstanding,shares-outstanding,eps-basic-net-earnings-per-share,eps-earnings-per-share-diluted,cash-on-hand,inventory,other-current-assets,total-current-assets,net-property-plant-equipment,long-term-investments,goodwill-intangible-assets-total,other-long-term-assets,total-long-term-assets,total-assets,total-current-liabilities,long-term-debt,other-non-current-liabilities,total-long-term-liabilities,total-liabilities,common-stock-net,retained-earnings-accumulated-deficit,comprehensive-income,total-share-holder-equity,total-liabilities-share-holders-equity,net-income-loss,total-depreciation-amortization-cash-flow,other-non-cash-items,total-non-cash-items,change-in-accounts-receivable,change-in-inventories,change-in-accounts-payable,change-in-assets-liabilities,total-change-in-assets-liabilities,cash-flow-from-operating-activities,net-change-in-property-plant-equipment,net-change-in-intangible-assets,net-acquisitions-divestitures,net-change-in-short-term-investments,net-change-in-long-term-investments,net-change-in-investments-total,investing-activities-other,cash-flow-from-investing-activities,net-long-term-debt,net-current-debt,debt-issuance-retirement-net-total,net-common-equity-issued-repurchased,net-total-equity-issued-repurchased,total-common-preferred-stock-dividends-paid,financial-activities-other,cash-flow-from-financial-activities,net-cash-flow,stock-based-compensation,common-stock-dividends-paid
0,2018-09-30,46.0,$14.76,3.12,$11.01,4.18,$3.16,14.54,$0.79,58.23,$0.34B,$0.11B,3.17,$0.26B,$1.10B,0.23,$0.80B,$0.61B,77.01%,$0.80B,$0.04B,4.40%,$0.80B,$0.04B,4.40%,$0.80B,$0.10B,12.06%,$0.80B,$0.04B,4.52%,$0.80B,$0.05B,6.41%,$0.05B,$1.10B,5.19%,$0.05B,$-0.05B,47.66%,$0.05B,$1.57B,3.93%,$0.04B,$1.36B,3.25%,$202,$50,$153,$21,$130,$201,$1,$-0,$1,$2,$-1,$-1,$-1,$20,$1,$73,73,$-0.01,$-0.01,$168,$36,$0,$342,$60,$24,$1148,$0,$1232,$1574,$108,$258,$41,$363,$471,$1,$53,$-4,$1102,$1574,$-1,$18,$5,$23,$-3,$4,$-8,$1,$-15,$8,$-1,$0,$-280,$0,$2,$2,$0,$-279,$250,$0,$250,$2,$2,$0,$0,$252,$-18,$8,$0
1,2018-06-30,37.37,$13.68,2.73,$10.78,3.47,$3.39,11.03,$1.94,19.26,$0.33B,$0.10B,3.21,$0.01B,$0.97B,0.01,$0.77B,$0.60B,77.10%,$0.77B,$0.12B,15.27%,$0.77B,$0.12B,15.27%,$0.77B,$0.17B,22.38%,$0.77B,$0.12B,15.27%,$0.77B,$0.13B,16.95%,$0.13B,$0.97B,14.17%,$0.13B,$0.19B,96.86%,$0.13B,$1.18B,10.80%,$0.12B,$0.98B,12.12%,$206,$46,$161,$18,$129,$193,$13,$0,$14,$5,$9,$9,$9,$28,$13,$69,72,$0.12,$0.09,$181,$34,$0,$328,$43,$31,$774,$0,$848,$1175,$102,$9,$40,$107,$209,$1,$54,$-4,$966,$1175,$131,$54,$-48,$6,$-39,$8,$4,$4,$-22,$116,$-8,$0,$0,$0,$-3,$-3,$0,$-12,$-90,$0,$-90,$37,$37,$0,$-42,$-95,$9,$27,$0
2,2018-03-31,29.55,$13.57,2.18,$10.80,2.74,$3.35,8.82,$1.95,15.15,$0.33B,$0.09B,3.52,$0.07B,$0.95B,0.07,$0.77B,$0.59B,77.28%,$0.77B,$0.12B,16.06%,$0.77B,$0.12B,16.06%,$0.77B,$0.18B,23.11%,$0.77B,$0.12B,15.80%,$0.77B,$0.13B,17.49%,$0.13B,$0.95B,15.31%,$0.13B,$0.16B,173.46%,$0.13B,$1.22B,10.97%,$0.12B,$1.02B,12.99%,$194,$44,$149,$19,$115,$177,$17,$-1,$17,$5,$11,$11,$11,$30,$17,$70,72,$0.16,$0.16,$157,$33,$0,$332,$48,$51,$788,$0,$887,$1219,$94,$69,$44,$176,$270,$1,$56,$2,$948,$1219,$125,$39,$-61,$-22,$-42,$9,$-2,$7,$-35,$68,$-7,$0,$0,$0,$-14,$-14,$0,$-21,$-30,$0,$-30,$18,$18,$0,$-42,$-54,$-5,$20,$0
3,2017-12-31,34.35,$13.17,2.61,$11.01,3.12,$3.44,9.98,$1.85,18.56,$0.33B,$0.16B,2.05,$0.04B,$0.91B,0.05,$0.77B,$0.60B,77.50%,$0.77B,$0.11B,14.82%,$0.77B,$0.11B,14.82%,$0.77B,$0.17B,21.85%,$0.77B,$0.11B,14.56%,$0.77B,$0.13B,16.51%,$0.13B,$0.91B,15.39%,$0.13B,$0.12B,612.05%,$0.13B,$1.23B,10.30%,$0.11B,$0.96B,12.38%,$194,$44,$150,$17,$115,$190,$4,$-1,$4,$-28,$32,$32,$32,$18,$4,$69,72,$0.46,$0.45,$144,$38,$0,$327,$48,$59,$795,$0,$902,$1229,$159,$43,$51,$155,$314,$1,$45,$-2,$914,$1229,$113,$26,$-48,$-22,$-33,$4,$3,$5,$-35,$57,$-4,$0,$0,$0,$-16,$-16,$0,$-20,$-56,$0,$-56,$6,$6,$0,$0,$-49,$-14,$13,$0
4,2017-09-30,36.18,$12.58,2.88,$11.19,3.23,$3.07,11.8,$1.49,24.28,$0.33B,$0.14B,2.34,$0.07B,$0.87B,0.09,$0.77B,$0.60B,77.46%,$0.77B,$0.13B,16.45%,$0.77B,$0.13B,16.45%,$0.77B,$0.18B,23.32%,$0.77B,$0.12B,15.54%,$0.77B,$0.10B,13.08%,$0.10B,$0.87B,12.95%,$0.10B,$0.07B,-320.63%,$0.10B,$1.23B,8.11%,$0.13B,$0.95B,13.86%,$179,$43,$136,$18,$107,$95,$84,$-1,$83,$5,$79,$79,$79,$97,$84,$69,70,$1.15,$1.12,$148,$39,$0,$326,$50,$50,$803,$0,$903,$1228,$139,$74,$53,$219,$358,$1,$13,$-2,$871,$1228,$79,$13,$-55,$-42,$-6,$3,$0,$4,$-13,$24,$-2,$0,$0,$0,$-14,$-14,$0,$-15,$-25,$0,$-25,$2,$2,$0,$0,$-23,$-15,$6,$0
5,2017-06-30,25.84,$11.23,2.3,$11.23,2.3,$2.69,9.6,$0.32,80.75,$0.30B,$0.22B,1.39,$0.10B,$0.77B,0.13,$0.77B,$0.60B,77.82%,$0.77B,$0.05B,6.36%,$0.77B,$0.05B,6.36%,$0.77B,$0.10B,12.71%,$0.77B,$0.04B,5.32%,$0.77B,$0.02B,2.72%,$0.02B,$0.77B,2.82%,$0.02B,$-0.04B,-28.67%,$0.02B,$1.21B,1.67%,$0.05B,$0.87B,5.67%,$199,$43,$157,$19,$122,$181,$18,$-2,$17,$5,$11,$11,$12,$32,$18,$68,69,$0.17,$0.17,$151,$42,$0,$302,$51,$49,$808,$0,$907,$1209,$218,$99,$46,$223,$441,$1,$-78,$-6,$768,$1209,$21,$48,$72,$121,$-40,$-1,$-3,$5,$-35,$106,$-6,$0,$-216,$0,$76,$76,$0,$-146,$99,$-1,$98,$-26,$-26,$0,$-1,$72,$34,$30,$0
6,2017-03-31,19.2,$10.98,1.75,$10.70,1.79,$3.43,5.59,$0.45,42.67,$0.35B,$0.22B,1.57,$0.17B,$0.75B,0.22,$0.75B,$0.58B,77.32%,$0.75B,$0.05B,7.11%,$0.75B,$0.05B,7.11%,$0.75B,$0.10B,12.75%,$0.75B,$0.05B,6.44%,$0.75B,$0.02B,3.22%,$0.02B,$0.75B,3.24%,$0.02B,$-0.07B,133.33%,$0.02B,$1.27B,2.04%,$0.05B,$0.92B,6.36%,$197,$44,$153,$18,$122,$189,$8,$0,$8,$4,$4,$4,$4,$21,$8,$68,68,$0.06,$0.06,$172,$47,$0,$348,$53,$53,$813,$0,$920,$1268,$222,$167,$46,$298,$520,$1,$-81,$-11,$748,$1268,$9,$35,$59,$94,$-40,$-7,$2,$9,$-33,$70,$-5,$0,$-216,$0,$71,$71,$0,$-151,$167,$-1,$166,$-30,$-30,$0,$-1,$135,$55,$23,$0
7,2016-12-31,16.67,$10.76,1.55,$10.41,1.6,$4.19,3.97,$0.83,20.08,$0.34B,$0.08B,4.13,$0.20B,$0.73B,0.28,$0.74B,$0.57B,77.54%,$0.74B,$0.09B,11.91%,$0.74B,$0.09B,11.91%,$0.74B,$0.12B,16.64%,$0.74B,$0.08B,11.23%,$0.74B,$0.06B,7.44%,$0.06B,$0.73B,7.37%,$0.06B,$-0.09B,40.29%,$0.06B,$1.28B,5.12%,$0.09B,$0.94B,11.03%,$197,$44,$152,$19,$120,$180,$17,$-5,$12,$6,$6,$6,$6,$30,$17,$68,68,$0.09,$0.09,$163,$51,$0,$342,$55,$56,$822,$3,$935,$1276,$83,$204,$171,$461,$543,$1,$-86,$-14,$733,$1276,$5,$22,$38,$60,$-24,$-10,$-2,$6,$-36,$29,$-4,$0,$-216,$0,$60,$60,$0,$-160,$204,$-1,$203,$-31,$-31,$0,$-1,$172,$40,$15,$0
8,2016-09-30,20.58,$10.75,1.91,$10.15,2.03,$4.92,4.19,$1.15,17.9,$0.32B,$0.28B,1.18,$0.00B,$0.74B,0.0,$0.74B,$0.57B,78.10%,$0.74B,$0.12B,15.78%,$0.74B,$0.12B,15.78%,$0.74B,$0.15B,19.73%,$0.74B,$0.12B,15.78%,$0.74B,$0.09B,11.70%,$0.09B,$0.74B,11.38%,$0.09B,$-0.10B,32.98%,$0.09B,$1.27B,8.84%,$0.12B,$0.74B,15.34%,$178,$40,$138,$19,$112,$172,$6,$-2,$4,$5,$-1,$-1,$-1,$15,$6,$69,69,$-0.02,$-0.02,$148,$54,$0,$323,$57,$52,$834,$5,$948,$1271,$275,$0,$173,$261,$536,$1,$-87,$-6,$735,$1271,$-1,$9,$19,$28,$-6,$-13,$-5,$5,$-30,$-3,$-2,$0,$-213,$0,$57,$57,$0,$-158,$0,$199,$199,$-23,$-23,$0,$0,$176,$18,$8,$0
9,2016-06-30,30.6,$10.83,2.83,$10.12,3.02,$5.38,5.69,$1.54,19.87,$0.32B,$0.07B,4.35,$0.00B,$0.75B,0.0,$0.74B,$0.58B,78.68%,$0.74B,$0.15B,20.65%,$0.74B,$0.15B,20.65%,$0.74B,$0.18B,24.29%,$0.74B,$0.16B,21.05%,$0.74B,$0.12B,15.79%,$0.12B,$0.75B,15.73%,$0.12B,$0.33B,32.01%,$0.12B,$0.88B,13.73%,$0.15B,$0.75B,20.56%,$173,$40,$133,$20,$91,$151,$22,$2,$24,$9,$15,$15,$15,$29,$22,$70,73,$0.21,$0.21,$159,$38,$0,$315,$58,$80,$423,$5,$566,$881,$72,$0,$42,$60,$132,$1,$-73,$-10,$748,$881,$117,$27,$75,$102,$-26,$-15,$0,$-8,$-53,$166,$-5,$0,$-37,$0,$-49,$-49,$0,$-91,$0,$0,$0,$-68,$-68,$0,$0,$-68,$4,$32,$0
10,2016-03-31,37.43,$10.94,3.42,$10.31,3.63,$4.75,7.89,$1.48,25.29,$0.37B,$0.07B,5.63,$0.00B,$0.77B,0.0,$0.76B,$0.60B,79.42%,$0.76B,$0.17B,22.03%,$0.76B,$0.17B,22.03%,$0.76B,$0.19B,25.59%,$0.76B,$0.17B,22.16%,$0.76B,$0.12B,15.96%,$0.12B,$0.77B,16.75%,$0.12B,$0.41B,33.87%,$0.12B,$0.87B,14.70%,$0.17B,$0.77B,23.11%,$191,$40,$150,$17,$91,$148,$43,$1,$43,$9,$35,$35,$35,$49,$43,$71,74,$0.49,$0.47,$217,$25,$0,$372,$60,$70,$361,$5,$496,$868,$66,$0,$32,$32,$98,$1,$-69,$-8,$770,$868,$102,$20,$76,$96,$-29,$-0,$-7,$-10,$-70,$128,$-3,$0,$0,$0,$-45,$-45,$0,$-48,$0,$0,$0,$-22,$-22,$0,$0,$-22,$56,$24,$0
11,2015-12-31,43.16,$10.77,4.01,$10.15,4.25,$3.96,10.9,$1.33,32.45,$0.38B,$0.07B,5.7,$0.00B,$0.77B,0.0,$0.75B,$0.60B,79.79%,$0.75B,$0.16B,21.42%,$0.75B,$0.16B,21.42%,$0.75B,$0.19B,25.03%,$0.75B,$0.16B,21.55%,$0.75B,$0.11B,14.32%,$0.11B,$0.77B,15.35%,$0.11B,$0.41B,32.72%,$0.11B,$0.87B,13.36%,$0.16B,$0.77B,22.95%,$193,$41,$153,$17,$91,$148,$45,$-0,$45,$8,$37,$37,$37,$52,$45,$71,74,$0.53,$0.50,$219,$29,$0,$376,$62,$66,$363,$5,$496,$872,$66,$0,$35,$35,$101,$1,$-69,$-9,$771,$872,$68,$14,$62,$75,$-11,$-4,$-4,$-3,$-61,$82,$-2,$0,$0,$0,$-29,$-29,$0,$-32,$0,$0,$0,$22,$22,$0,$0,$22,$71,$16,$0
12,2015-09-30,37.48,$9.90,3.79,$9.98,3.76,$3.44,10.9,$1.24,30.23,$0.31B,$0.06B,5.21,$0.00B,$0.69B,0.0,$0.74B,$0.59B,79.95%,$0.74B,$0.15B,20.46%,$0.74B,$0.15B,20.46%,$0.74B,$0.18B,23.98%,$0.74B,$0.15B,20.87%,$0.74B,$0.09B,12.74%,$0.09B,$0.69B,13.86%,$0.09B,$0.32B,30.67%,$0.09B,$0.79B,12.07%,$0.15B,$0.69B,22.27%,$184,$37,$147,$17,$87,$140,$43,$0,$44,$13,$30,$30,$30,$50,$43,$69,72,$0.44,$0.42,$155,$34,$0,$307,$65,$43,$367,$5,$480,$787,$59,$0,$34,$41,$100,$1,$-79,$-7,$687,$787,$30,$7,$27,$33,$-4,$-9,$-5,$7,$-34,$30,$-1,$0,$0,$0,$10,$10,$0,$9,$0,$0,$0,$-15,$-15,$0,$0,$-15,$23,$9,$0
13,2015-06-30,33.99,$9.61,3.54,$9.65,3.52,$2.98,11.41,$1.08,31.47,$0.28B,$0.07B,4.13,$0.00B,$0.66B,0.0,$0.72B,$0.58B,79.81%,$0.72B,$0.13B,18.53%,$0.72B,$0.13B,18.53%,$0.72B,$0.16B,21.99%,$0.72B,$0.14B,18.81%,$0.72B,$0.08B,11.07%,$0.08B,$0.66B,11.69%,$0.08B,$0.29B,25.66%,$0.08B,$0.77B,10.20%,$0.13B,$0.66B,19.58%,$190,$38,$152,$19,$97,$154,$36,$-1,$36,$17,$19,$19,$19,$43,$36,$71,75,$0.27,$0.26,$145,$25,$0,$284,$67,$41,$370,$5,$483,$766,$69,$0,$35,$35,$104,$1,$-77,$-7,$662,$766,$80,$25,$76,$101,$-34,$-1,$-3,$-3,$-41,$141,$-24,$0,$-20,$0,$85,$85,$0,$41,$0,$0,$0,$-181,$-181,$0,$3,$-177,$-1,$46,$0
14,2015-03-31,35.4,$9.55,3.71,$9.51,3.72,$3.66,9.66,$1.25,28.32,$0.28B,$0.07B,4.2,$0.00B,$0.67B,0.0,$0.72B,$0.58B,80.75%,$0.72B,$0.15B,20.91%,$0.72B,$0.15B,20.91%,$0.72B,$0.18B,24.24%,$0.72B,$0.15B,21.05%,$0.72B,$0.10B,13.16%,$0.10B,$0.67B,13.60%,$0.10B,$0.29B,29.23%,$0.10B,$0.78B,11.90%,$0.15B,$0.67B,21.62%,$180,$36,$144,$17,$91,$144,$36,$-0,$36,$14,$21,$21,$21,$42,$36,$71,74,$0.30,$0.29,$134,$29,$0,$282,$69,$41,$381,$5,$497,$779,$67,$0,$33,$43,$110,$1,$-62,$-8,$669,$779,$62,$18,$53,$71,$-32,$-5,$-6,$-2,$-43,$90,$-22,$0,$-20,$0,$86,$86,$0,$44,$0,$0,$0,$-140,$-140,$0,$3,$-137,$-10,$32,$0
15,2014-12-31,34.06,$9.71,3.51,$9.47,3.6,$4.58,7.44,$1.44,23.65,$0.32B,$0.06B,5.35,$0.00B,$0.69B,0.0,$0.73B,$0.60B,82.07%,$0.73B,$0.17B,23.45%,$0.73B,$0.17B,23.45%,$0.73B,$0.19B,26.48%,$0.73B,$0.17B,23.86%,$0.73B,$0.11B,15.31%,$0.11B,$0.69B,15.60%,$0.11B,$0.33B,32.67%,$0.11B,$0.78B,13.74%,$0.17B,$0.69B,23.88%,$184,$38,$147,$18,$93,$148,$36,$2,$38,$14,$24,$24,$24,$42,$36,$73,75,$0.33,$0.32,$187,$20,$0,$320,$46,$42,$368,$5,$462,$782,$60,$0,$25,$28,$88,$1,$-37,$-4,$694,$782,$40,$12,$33,$45,$-14,$4,$-6,$-2,$-25,$60,$-18,$0,$0,$0,$58,$58,$-22,$19,$0,$0,$0,$-84,$-84,$0,$3,$-81,$-5,$19,$0
16,2014-09-30,38.57,$9.76,3.95,$9.68,3.98,$5.71,6.76,$1.78,21.67,$0.34B,$0.07B,4.95,$0.00B,$0.71B,0.0,$0.75B,$0.63B,84.03%,$0.75B,$0.22B,29.13%,$0.75B,$0.22B,29.13%,$0.75B,$0.24B,31.54%,$0.75B,$0.22B,29.40%,$0.75B,$0.14B,18.39%,$0.14B,$0.71B,19.37%,$0.14B,$0.34B,33.44%,$0.14B,$0.81B,17.09%,$0.22B,$0.71B,30.68%,$169,$35,$134,$23,$85,$143,$26,$0,$26,$10,$16,$16,$16,$32,$26,$73,76,$0.22,$0.21,$182,$25,$0,$335,$43,$54,$371,$5,$474,$809,$68,$0,$25,$29,$97,$1,$-17,$-2,$712,$809,$16,$6,$15,$21,$-2,$-1,$3,$-10,$-30,$7,$-12,$0,$0,$0,$62,$62,$-23,$28,$0,$0,$0,$-31,$-31,$0,$2,$-29,$5,$7,$0
17,2014-06-30,38.92,$9.78,3.98,$9.94,3.92,$6.81,5.71,$2.25,17.3,$0.32B,$0.08B,4.0,$0.00B,$0.72B,0.0,$0.78B,$0.67B,85.99%,$0.78B,$0.27B,35.22%,$0.78B,$0.27B,35.22%,$0.78B,$0.29B,37.02%,$0.78B,$0.28B,35.60%,$0.78B,$0.18B,22.62%,$0.18B,$0.72B,25.08%,$0.18B,$0.35B,36.70%,$0.18B,$0.82B,22.15%,$0.27B,$0.72B,39.05%,$189,$31,$158,$20,$84,$136,$53,$-1,$52,$19,$34,$34,$34,$59,$53,$76,78,$0.46,$0.43,$186,$24,$0,$322,$35,$84,$375,$5,$501,$824,$81,$0,$24,$24,$105,$1,$2,$-2,$719,$824,$176,$14,$60,$74,$-24,$-16,$-2,$-9,$-60,$190,$-14,$0,$-224,$0,$221,$221,$0,$-17,$0,$0,$0,$-223,$-223,$0,$11,$-212,$-39,$27,$0
18,2014-03-31,34.19,$9.69,3.53,$9.62,3.56,$6.51,5.25,$2.35,14.55,$0.34B,$0.07B,4.69,$0.00B,$0.72B,0.0,$0.76B,$0.66B,86.89%,$0.76B,$0.29B,37.61%,$0.76B,$0.29B,37.61%,$0.76B,$0.30B,38.93%,$0.76B,$0.29B,38.27%,$0.76B,$0.19B,24.38%,$0.19B,$0.72B,26.41%,$0.19B,$0.35B,33.35%,$0.19B,$0.82B,23.55%,$0.29B,$0.72B,40.75%,$183,$27,$156,$13,$88,$128,$55,$2,$57,$21,$37,$37,$37,$59,$55,$74,76,$0.50,$0.48,$212,$19,$0,$338,$33,$66,$375,$5,$478,$816,$72,$0,$14,$22,$94,$1,$19,$-0,$722,$816,$143,$8,$48,$56,$-17,$-10,$-6,$-2,$-49,$149,$-10,$0,$-224,$0,$234,$234,$0,$1,$0,$0,$0,$-175,$-175,$0,$5,$-170,$-18,$21,$0
19,2013-12-31,20.98,$9.14,2.3,$9.12,2.3,$5.92,3.54,$2.33,9.0,$0.46B,$0.07B,6.74,$0.00B,$0.68B,0.0,$0.74B,$0.64B,87.36%,$0.74B,$0.29B,39.40%,$0.74B,$0.29B,39.40%,$0.74B,$0.30B,40.49%,$0.74B,$0.29B,39.95%,$0.74B,$0.19B,25.41%,$0.19B,$0.68B,27.10%,$0.19B,$0.61B,30.17%,$0.19B,$0.76B,24.35%,$0.29B,$0.68B,42.03%,$204,$26,$178,$17,$78,$121,$83,$1,$84,$34,$50,$50,$50,$85,$83,$75,77,$0.67,$0.66,$354,$0,$0,$455,$31,$135,$70,$13,$302,$757,$67,$0,$13,$13,$81,$1,$12,$1,$676,$757,$106,$5,$34,$39,$-12,$0,$-1,$4,$-7,$138,$-8,$0,$0,$0,$10,$10,$0,$2,$0,$0,$0,$-174,$-174,$0,$1,$-173,$-32,$14,$0
20,2013-09-30,23.5,$8.99,2.62,$8.23,2.85,$5.02,4.68,$2.09,11.24,$0.46B,$0.08B,5.8,$0.00B,$0.69B,0.0,$0.68B,$0.59B,87.22%,$0.68B,$0.26B,38.62%,$0.68B,$0.26B,38.62%,$0.68B,$0.27B,39.79%,$0.68B,$0.27B,39.21%,$0.68B,$0.17B,25.26%,$0.17B,$0.69B,25.05%,$0.17B,$0.62B,27.91%,$0.17B,$0.78B,22.68%,$0.26B,$0.69B,38.31%,$202,$25,$177,$17,$77,$120,$83,$1,$84,$28,$55,$55,$55,$85,$83,$80,82,$0.70,$0.68,$357,$0,$0,$459,$31,$159,$70,$13,$323,$782,$79,$0,$12,$12,$91,$1,$14,$0,$690,$782,$55,$2,$19,$21,$-3,$0,$1,$2,$14,$90,$-5,$0,$0,$0,$-3,$-3,$0,$-9,$0,$0,$0,$-102,$-102,$0,$0,$-102,$-19,$7,$0
21,2013-06-30,26.87,$9.04,2.97,$7.35,3.66,$4.56,5.89,$1.77,15.18,$0.48B,$0.07B,7.5,$0.00B,$0.73B,0.0,$0.61B,$0.53B,87.09%,$0.61B,$0.23B,37.42%,$0.61B,$0.23B,37.42%,$0.61B,$0.24B,38.73%,$0.61B,$0.23B,38.07%,$0.61B,$0.15B,24.02%,$0.15B,$0.73B,21.84%,$0.15B,$0.66B,24.42%,$0.15B,$0.80B,19.91%,$0.23B,$0.73B,34.03%,$174,$22,$152,$15,$72,$108,$66,$1,$67,$23,$44,$44,$44,$68,$66,$81,83,$0.55,$0.53,$372,$5,$0,$484,$28,$159,$70,$13,$320,$804,$65,$0,$11,$11,$75,$1,$31,$-0,$729,$804,$147,$9,$59,$68,$-67,$7,$8,$0,$-41,$174,$-11,$0,$0,$-5,$-59,$-64,$0,$-75,$0,$0,$0,$-89,$-89,$0,$8,$-81,$18,$27,$0
22,2013-03-31,25.41,$8.33,3.05,$6.80,3.74,$4.14,6.13,$1.58,16.08,$0.45B,$0.05B,8.35,$0.00B,$0.67B,0.0,$0.57B,$0.50B,87.04%,$0.57B,$0.21B,36.78%,$0.57B,$0.21B,36.78%,$0.57B,$0.22B,38.35%,$0.57B,$0.21B,37.48%,$0.57B,$0.13B,23.12%,$0.13B,$0.67B,20.32%,$0.13B,$0.60B,22.83%,$0.13B,$0.73B,18.59%,$0.21B,$0.67B,32.32%,$156,$20,$136,$14,$65,$99,$58,$1,$59,$21,$38,$38,$38,$60,$58,$80,82,$0.47,$0.46,$336,$7,$0,$448,$27,$126,$70,$8,$281,$729,$54,$0,$10,$10,$64,$1,$2,$-0,$665,$729,$103,$7,$43,$50,$-56,$4,$2,$2,$-42,$111,$-9,$0,$0,$0,$18,$18,$0,$9,$0,$0,$0,$-99,$-99,$0,$5,$-94,$26,$20,$0
23,2012-12-31,27.25,$8.14,3.35,$6.40,4.26,$3.98,6.85,$1.46,18.66,$0.46B,$0.05B,10.05,$0.00B,$0.66B,0.0,$0.55B,$0.47B,86.97%,$0.55B,$0.20B,36.33%,$0.55B,$0.20B,36.33%,$0.55B,$0.21B,37.98%,$0.55B,$0.20B,37.06%,$0.55B,$0.12B,22.75%,$0.12B,$0.66B,19.18%,$0.12B,$0.59B,21.59%,$0.12B,$0.72B,17.64%,$0.20B,$0.66B,30.63%,$149,$20,$129,$14,$60,$94,$56,$1,$57,$22,$35,$35,$35,$58,$56,$82,84,$0.43,$0.42,$359,$10,$0,$457,$27,$110,$71,$8,$260,$718,$45,$0,$10,$10,$56,$1,$-4,$-0,$662,$718,$65,$4,$31,$35,$-30,$0,$3,$3,$-27,$73,$-7,$0,$0,$0,$-32,$-32,$0,$-39,$0,$0,$0,$-56,$-56,$0,$4,$-52,$-18,$14,$0
24,2012-09-30,26.95,$7.81,3.45,$6.05,4.45,$3.82,7.06,$1.37,19.67,$0.44B,$0.06B,7.59,$0.00B,$0.64B,0.0,$0.52B,$0.45B,87.09%,$0.52B,$0.19B,36.03%,$0.52B,$0.19B,36.03%,$0.52B,$0.20B,37.96%,$0.52B,$0.19B,36.99%,$0.52B,$0.12B,22.54%,$0.12B,$0.64B,18.42%,$0.12B,$0.56B,20.81%,$0.12B,$0.70B,16.99%,$0.19B,$0.64B,29.44%,$133,$17,$116,$11,$56,$85,$49,$1,$50,$20,$30,$30,$30,$51,$49,$82,84,$0.37,$0.36,$349,$11,$0,$435,$25,$117,$72,$8,$268,$703,$57,$0,$10,$10,$67,$1,$-15,$0,$636,$703,$30,$2,$15,$17,$-9,$0,$1,$2,$4,$51,$-2,$0,$0,$0,$-3,$-3,$0,$-5,$0,$0,$0,$-38,$-38,$0,$0,$-37,$9,$7,$0
25,2012-06-30,23.77,$7.70,3.09,$5.73,4.15,$3.57,6.65,$1.30,18.28,$0.42B,$0.05B,9.4,$0.00B,$0.64B,0.0,$0.50B,$0.43B,87.10%,$0.50B,$0.18B,36.09%,$0.50B,$0.18B,36.09%,$0.50B,$0.19B,38.31%,$0.50B,$0.18B,37.10%,$0.50B,$0.11B,22.58%,$0.11B,$0.64B,18.04%,$0.11B,$0.56B,20.44%,$0.11B,$0.69B,16.77%,$0.18B,$0.64B,28.82%,$133,$17,$116,$12,$57,$86,$47,$1,$48,$19,$29,$29,$29,$50,$47,$85,86,$0.36,$0.34,$341,$12,$0,$422,$24,$114,$73,$8,$268,$691,$45,$0,$10,$10,$55,$1,$-13,$-0,$636,$691,$112,$9,$49,$58,$-35,$-3,$-1,$-0,$-29,$142,$-9,$-1,$-9,$0,$-3,$-3,$-17,$-39,$0,$0,$0,$-103,$-103,$0,$34,$-69,$34,$26,$0
26,2012-03-31,23.66,$7.71,3.07,$5.37,4.41,$3.43,6.9,$1.26,18.78,$0.42B,$0.04B,11.3,$0.00B,$0.65B,0.0,$0.47B,$0.41B,87.45%,$0.47B,$0.17B,37.02%,$0.47B,$0.17B,37.02%,$0.47B,$0.18B,39.15%,$0.47B,$0.18B,37.87%,$0.47B,$0.11B,23.19%,$0.11B,$0.65B,18.05%,$0.11B,$0.58B,20.54%,$0.11B,$0.70B,16.83%,$0.17B,$0.65B,28.82%,$130,$17,$113,$12,$55,$84,$46,$1,$47,$18,$30,$30,$30,$48,$46,$84,86,$0.35,$0.34,$337,$10,$0,$419,$24,$129,$73,$8,$281,$699,$37,$0,$10,$10,$47,$1,$-0,$-0,$652,$699,$83,$7,$39,$46,$-18,$-2,$0,$-0,$-29,$100,$-7,$-1,$-1,$0,$-5,$-5,$-17,$-31,$0,$0,$0,$-49,$-49,$0,$32,$-17,$52,$20,$0
27,2011-12-31,20.94,$7.32,2.86,$5.00,4.19,$3.37,6.22,$1.23,17.02,$0.43B,$0.04B,12.34,$0.00B,$0.62B,0.0,$0.44B,$0.39B,88.01%,$0.44B,$0.17B,38.46%,$0.44B,$0.17B,38.46%,$0.44B,$0.18B,40.72%,$0.44B,$0.17B,39.14%,$0.44B,$0.11B,24.21%,$0.11B,$0.62B,18.71%,$0.11B,$0.54B,20.70%,$0.11B,$0.66B,17.48%,$0.17B,$0.62B,29.73%,$123,$16,$107,$10,$51,$77,$45,$1,$47,$18,$28,$28,$28,$48,$45,$84,86,$0.33,$0.33,$351,$10,$0,$432,$24,$78,$73,$8,$229,$661,$35,$0,$9,$9,$44,$1,$-21,$-0,$617,$661,$53,$4,$24,$28,$-3,$-2,$-3,$0,$-22,$59,$-5,$-1,$-1,$0,$37,$37,$-17,$13,$0,$0,$0,$-48,$-48,$0,$31,$-16,$56,$13,$0
28,2011-09-30,18.74,$6.84,2.74,$4.65,4.03,$3.42,5.49,$1.16,16.16,$0.42B,$0.03B,13.37,$0.00B,$0.58B,0.0,$0.42B,$0.37B,88.31%,$0.42B,$0.16B,39.14%,$0.42B,$0.16B,39.14%,$0.42B,$0.17B,41.05%,$0.42B,$0.17B,39.38%,$0.42B,$0.10B,24.58%,$0.10B,$0.58B,18.47%,$0.10B,$0.51B,19.76%,$0.10B,$0.62B,17.30%,$0.16B,$0.58B,29.40%,$110,$14,$96,$9,$46,$69,$41,$0,$42,$17,$25,$25,$25,$44,$41,$85,87,$0.29,$0.29,$350,$10,$0,$418,$23,$52,$73,$8,$201,$620,$31,$0,$9,$9,$41,$1,$-38,$-0,$579,$620,$25,$2,$9,$11,$1,$-1,$-2,$-1,$-4,$32,$-2,$0,$-9,$0,$25,$25,$-17,$-3,$0,$0,$0,$-36,$-36,$0,$17,$-19,$10,$7,$0
29,2011-06-30,22.71,$6.57,3.46,$4.35,5.22,$3.36,6.75,$1.11,20.46,$0.42B,$0.03B,12.16,$0.00B,$0.57B,0.0,$0.40B,$0.36B,88.53%,$0.40B,$0.16B,39.65%,$0.40B,$0.16B,39.65%,$0.40B,$0.17B,41.15%,$0.40B,$0.16B,39.65%,$0.40B,$0.10B,25.19%,$0.10B,$0.57B,18.17%,$0.10B,$0.49B,18.79%,$0.10B,$0.61B,17.02%,$0.16B,$0.57B,28.61%,$107,$13,$95,$9,$44,$66,$42,$0,$42,$16,$26,$26,$26,$44,$42,$90,92,$0.30,$0.29,$346,$8,$0,$418,$23,$71,$73,$0,$193,$611,$34,$0,$10,$10,$44,$1,$-39,$0,$567,$611,$101,$7,$37,$45,$-15,$0,$0,$-1,$-15,$131,$-4,$-2,$-79,$0,$31,$31,$-0,$-54,$0,$0,$0,$-175,$-175,$0,$59,$-117,$-40,$25,$0
30,2011-03-31,20.15,$6.12,3.29,$4.13,4.88,$3.46,5.82,$1.35,14.93,$0.42B,$0.02B,17.78,$0.00B,$0.52B,0.0,$0.39B,$0.34B,88.40%,$0.39B,$0.16B,39.95%,$0.39B,$0.16B,39.95%,$0.39B,$0.16B,41.24%,$0.39B,$0.16B,40.21%,$0.39B,$0.13B,32.99%,$0.13B,$0.52B,23.13%,$0.13B,$0.52B,23.15%,$0.13B,$0.56B,21.73%,$0.16B,$0.52B,28.00%,$102,$11,$91,$7,$43,$61,$42,$0,$42,$14,$28,$28,$28,$44,$42,$88,90,$0.32,$0.31,$361,$0,$0,$416,$21,$90,$0,$2,$142,$557,$23,$0,$9,$9,$33,$1,$-48,$0,$524,$557,$75,$5,$28,$33,$-11,$0,$-4,$1,$-13,$94,$-3,$-2,$0,$0,$11,$11,$-0,$7,$0,$0,$0,$-171,$-171,$0,$44,$-126,$-25,$19,$0
31,2010-12-31,22.84,$6.22,3.67,$3.90,5.86,$3.47,6.59,$1.37,16.67,$0.45B,$0.02B,19.18,$0.00B,$0.56B,0.0,$0.38B,$0.33B,88.06%,$0.38B,$0.15B,38.73%,$0.38B,$0.15B,38.73%,$0.38B,$0.15B,40.05%,$0.38B,$0.15B,39.26%,$0.38B,$0.13B,35.28%,$0.13B,$0.56B,23.57%,$0.13B,$0.56B,23.59%,$0.13B,$0.59B,22.27%,$0.15B,$0.56B,25.88%,$100,$12,$88,$6,$44,$62,$39,$0,$39,$15,$24,$24,$24,$40,$39,$92,94,$0.26,$0.26,$391,$0,$0,$445,$23,$103,$0,$2,$149,$594,$23,$0,$9,$9,$33,$1,$-21,$0,$561,$594,$47,$4,$20,$23,$-1,$-0,$-2,$1,$-4,$66,$-3,$-2,$0,$0,$-31,$-31,$-0,$-36,$0,$0,$0,$-83,$-83,$0,$28,$-56,$-25,$12,$0
32,2010-09-30,16.41,$6.18,2.65,$3.76,4.36,$3.39,4.83,$1.47,11.16,$0.49B,$0.03B,15.9,$0.00B,$0.57B,0.0,$0.37B,$0.33B,88.11%,$0.37B,$0.14B,38.38%,$0.37B,$0.14B,38.38%,$0.37B,$0.15B,39.73%,$0.37B,$0.15B,39.19%,$0.37B,$0.14B,38.92%,$0.14B,$0.57B,26.03%,$0.14B,$0.57B,26.05%,$0.14B,$0.61B,24.67%,$0.14B,$0.57B,25.67%,$92,$11,$81,$6,$39,$56,$36,$1,$36,$14,$23,$23,$23,$37,$36,$93,95,$0.24,$0.24,$428,$0,$0,$492,$24,$80,$0,$2,$119,$611,$31,$0,$9,$9,$40,$1,$-4,$0,$571,$611,$23,$2,$10,$12,$-0,$0,$-2,$-1,$-5,$29,$-2,$0,$0,$0,$19,$19,$0,$17,$0,$0,$0,$-28,$-28,$0,$12,$-16,$30,$6,$0
33,2010-06-30,14.95,$5.93,2.52,$3.65,4.1,$3.32,4.5,$1.54,9.71,$0.47B,$0.03B,17.26,$0.00B,$0.56B,0.0,$0.36B,$0.32B,87.88%,$0.36B,$0.14B,37.47%,$0.36B,$0.14B,37.47%,$0.36B,$0.14B,38.84%,$0.36B,$0.14B,38.57%,$0.36B,$0.15B,41.60%,$0.15B,$0.56B,28.56%,$0.15B,$0.56B,28.58%,$0.15B,$0.59B,27.23%,$0.14B,$0.56B,25.72%,$94,$11,$83,$5,$40,$56,$38,$1,$39,$-15,$53,$53,$53,$39,$38,$96,99,$0.55,$0.54,$403,$0,$0,$474,$23,$85,$2,$0,$120,$594,$27,$0,$9,$9,$36,$1,$-10,$0,$558,$594,$152,$7,$23,$30,$-22,$0,$-5,$-0,$-27,$155,$-8,$0,$0,$0,$-69,$-69,$-0,$-77,$0,$0,$0,$-49,$-49,$0,$0,$-49,$29,$23,$0
34,2010-03-31,24.05,$5.81,4.14,$3.57,6.73,$2.61,9.2,$1.24,19.4,$0.45B,$0.02B,20.28,$0.00B,$0.57B,0.0,$0.36B,$0.31B,87.61%,$0.36B,$0.13B,37.18%,$0.36B,$0.13B,37.18%,$0.36B,$0.14B,39.15%,$0.36B,$0.14B,38.87%,$0.36B,$0.12B,34.37%,$0.12B,$0.57B,24.51%,$0.12B,$0.57B,24.51%,$0.12B,$0.59B,23.35%,$0.13B,$0.57B,26.52%,$91,$11,$80,$6,$41,$58,$33,$1,$34,$1,$33,$33,$33,$35,$33,$97,100,$0.34,$0.33,$399,$0,$0,$451,$24,$113,$0,$2,$139,$590,$22,$0,$0,$0,$22,$1,$-21,$1,$567,$590,$99,$5,$31,$36,$-17,$0,$-7,$0,$-27,$109,$-7,$0,$0,$0,$-82,$-82,$-0,$-89,$0,$0,$0,$19,$19,$0,$0,$19,$39,$17,$0
35,2009-12-31,26.09,$5.37,4.86,$3.53,7.39,$2.00,13.07,$1.16,22.49,$0.40B,$0.02B,17.65,$0.00B,$0.52B,0.0,$0.35B,$0.31B,87.18%,$0.35B,$0.13B,38.18%,$0.35B,$0.13B,38.18%,$0.35B,$0.14B,40.46%,$0.35B,$0.14B,40.46%,$0.35B,$0.11B,32.48%,$0.11B,$0.52B,22.71%,$0.11B,$0.52B,22.71%,$0.11B,$0.54B,21.51%,$0.13B,$0.52B,26.69%,$93,$11,$82,$5,$42,$58,$35,$2,$36,$1,$35,$35,$35,$36,$35,$96,99,$0.37,$0.36,$345,$0,$0,$401,$25,$112,$0,$2,$139,$540,$23,$0,$0,$0,$23,$1,$-54,$2,$517,$540,$66,$4,$21,$25,$-13,$0,$-5,$-2,$-25,$66,$-6,$0,$0,$0,$-69,$-69,$-0,$-75,$0,$0,$0,$6,$6,$0,$0,$6,$-3,$12,$0
36,2009-09-30,27.41,$4.92,5.57,$3.46,7.93,$1.74,15.77,$1.02,27.0,$0.41B,$0.02B,19.55,$0.00B,$0.47B,0.0,$0.34B,$0.30B,86.84%,$0.34B,$0.13B,38.60%,$0.34B,$0.13B,38.60%,$0.34B,$0.14B,41.52%,$0.34B,$0.14B,41.81%,$0.34B,$0.10B,29.24%,$0.10B,$0.47B,19.89%,$0.10B,$0.47B,19.89%,$0.10B,$0.49B,18.57%,$0.13B,$0.47B,26.26%,$85,$11,$74,$6,$39,$55,$30,$2,$31,$1,$30,$30,$30,$31,$30,$96,99,$0.32,$0.31,$358,$0,$0,$410,$22,$59,$0,$2,$84,$494,$21,$0,$0,$0,$21,$1,$-89,$3,$473,$494,$30,$2,$10,$12,$-4,$0,$-7,$-4,$-19,$23,$-2,$0,$0,$0,$3,$3,$0,$1,$0,$0,$0,$3,$3,$0,$0,$3,$28,$5,$0
37,2009-06-30,35.65,$4.53,7.87,$3.33,10.72,$1.47,24.33,$0.86,41.7,$0.37B,$0.03B,11.38,$0.00B,$0.43B,0.0,$0.33B,$0.28B,86.54%,$0.33B,$0.13B,38.23%,$0.33B,$0.13B,38.23%,$0.33B,$0.14B,41.90%,$0.33B,$0.14B,41.90%,$0.33B,$0.08B,25.69%,$0.08B,$0.43B,16.67%,$0.08B,$0.43B,16.67%,$0.08B,$0.47B,15.34%,$0.13B,$0.43B,24.81%,$86,$11,$75,$4,$36,$52,$34,$2,$37,$0,$37,$37,$24,$37,$34,$93,99,$0.25,$0.24,$317,$0,$1,$366,$23,$75,$0,$2,$100,$466,$32,$0,$0,$0,$32,$1,$-120,$3,$434,$466,$85,$9,$44,$54,$-20,$0,$-11,$1,$-54,$84,$-8,$0,$0,$0,$-197,$-197,$-2,$-206,$0,$0,$0,$84,$84,$0,$-136,$-52,$-174,$26,$0
38,2009-03-31,43.33,$6.12,7.08,$3.05,14.2,$1.65,26.21,$1.32,32.95,$0.46B,$0.04B,12.51,$0.00B,$0.58B,0.0,$0.30B,$0.26B,85.86%,$0.30B,$0.18B,60.94%,$0.30B,$0.18B,60.94%,$0.30B,$0.19B,64.65%,$0.30B,$0.19B,64.98%,$0.30B,$0.13B,42.42%,$0.13B,$0.58B,25.11%,$0.13B,$0.58B,25.11%,$0.13B,$0.62B,22.66%,$0.18B,$0.58B,36.07%,$87,$11,$75,$5,$35,$51,$35,$3,$38,$-0,$38,$38,$25,$38,$35,$94,100,$0.27,$0.25,$402,$0,$0,$457,$29,$133,$0,$2,$164,$620,$37,$0,$0,$0,$37,$1,$-144,$1,$584,$620,$61,$7,$32,$39,$-19,$0,$-13,$-1,$-55,$45,$-5,$0,$0,$0,$-153,$-153,$-2,$-160,$0,$0,$0,$78,$78,$0,$0,$78,$-37,$18,$0
39,2008-12-31,31.57,$5.56,5.68,$2.88,10.97,$1.05,29.95,$1.02,31.11,$0.38B,$0.05B,7.0,$0.00B,$0.52B,0.0,$0.27B,$0.23B,86.03%,$0.27B,$0.14B,50.74%,$0.27B,$0.14B,50.74%,$0.27B,$0.15B,54.41%,$0.27B,$0.15B,55.15%,$0.27B,$0.10B,35.29%,$0.10B,$0.52B,21.62%,$0.10B,$0.52B,21.62%,$0.10B,$0.57B,19.25%,$0.14B,$0.52B,31.08%,$84,$11,$73,$5,$35,$51,$33,$3,$37,$0,$37,$37,$21,$36,$33,$93,98,$0.23,$0.22,$332,$0,$0,$377,$29,$165,$0,$3,$197,$574,$54,$0,$0,$0,$54,$0,$-169,$0,$520,$574,$36,$5,$21,$26,$-9,$0,$-12,$3,$-24,$37,$-4,$0,$0,$0,$-137,$-137,$-2,$-143,$0,$0,$0,$47,$47,$0,$0,$47,$-59,$11,$0
40,2008-09-30,30.92,$5.14,6.02,$2.66,11.61,$0.47,65.18,$0.75,41.5,$0.37B,$0.05B,6.75,$0.00B,$0.48B,0.0,$0.25B,$0.21B,85.71%,$0.25B,$0.10B,39.18%,$0.25B,$0.10B,39.18%,$0.25B,$0.11B,42.86%,$0.25B,$0.11B,44.08%,$0.25B,$0.07B,28.57%,$0.07B,$0.48B,17.45%,$0.07B,$0.48B,17.45%,$0.07B,$0.53B,15.51%,$0.10B,$0.48B,23.93%,$70,$10,$60,$4,$32,$47,$23,$1,$25,$0,$25,$25,$14,$26,$23,$91,97,$0.16,$0.15,$308,$0,$0,$366,$29,$134,$0,$3,$166,$531,$54,$0,$0,$0,$54,$0,$-190,$-7,$477,$531,$14,$2,$11,$13,$-10,$0,$-10,$-4,$-32,$-4,$-1,$0,$0,$0,$-38,$-38,$-2,$-41,$0,$0,$0,$38,$38,$0,$0,$38,$-8,$5,$0
41,2008-06-30,21.69,$4.76,4.56,$2.49,8.7,$0.35,62.67,$0.51,42.95,$0.38B,$0.07B,5.12,$0.00B,$0.43B,0.0,$0.22B,$0.19B,85.65%,$0.22B,$0.06B,27.35%,$0.22B,$0.06B,27.35%,$0.22B,$0.07B,30.94%,$0.22B,$0.08B,33.63%,$0.22B,$0.05B,21.52%,$0.05B,$0.43B,13.06%,$0.05B,$0.43B,13.06%,$0.05B,$0.50B,11.66%,$0.06B,$0.43B,16.60%,$56,$9,$47,$-66,$23,$-34,$90,$3,$93,$0,$92,$92,$66,$92,$90,$88,93,$0.74,$0.71,$329,$0,$0,$377,$30,$91,$0,$1,$122,$499,$74,$0,$0,$0,$74,$1,$-205,$-0,$426,$499,$48,$9,$30,$39,$-21,$0,$9,$1,$17,$104,$-14,$0,$0,$0,$-17,$-17,$-0,$-31,$0,$0,$0,$22,$22,$0,$0,$22,$94,$15,$0
42,2008-03-31,19.2,$3.96,4.85,$2.28,8.41,$-1.05,0.0,$-0.29,0.0,$0.25B,$0.04B,6.72,$0.00B,$0.35B,0.0,$0.20B,$0.17B,84.58%,$0.20B,$0.04B,19.40%,$0.20B,$0.04B,19.40%,$0.20B,$0.05B,23.38%,$0.20B,$0.05B,26.87%,$0.20B,$-0.03B,-12.94%,$-0.03B,$0.35B,-7.51%,$-0.03B,$0.35B,-7.51%,$-0.03B,$0.39B,-6.82%,$0.04B,$0.35B,11.27%,$62,$8,$54,$31,$30,$70,$-8,$3,$-5,$0,$-5,$-5,$-5,$-6,$-8,$89,89,$-0.05,$-0.05,$204,$0,$0,$253,$28,$106,$0,$4,$138,$391,$38,$0,$0,$0,$38,$0,$-270,$1,$353,$391,$-18,$7,$19,$26,$-17,$0,$-4,$-0,$-16,$-8,$-10,$0,$0,$0,$-2,$-2,$-0,$-11,$0,$0,$0,$18,$18,$0,$0,$18,$-1,$11,$0
43,2007-12-31,22.12,$3.94,5.62,$2.08,10.63,$-1.27,0.0,$-0.31,0.0,$0.23B,$0.04B,6.58,$0.00B,$0.35B,0.0,$0.18B,$0.15B,82.78%,$0.18B,$0.04B,21.11%,$0.18B,$0.04B,21.11%,$0.18B,$0.05B,25.56%,$0.18B,$0.05B,29.44%,$0.18B,$-0.03B,-15.00%,$-0.03B,$0.35B,-7.88%,$-0.03B,$0.35B,-7.88%,$-0.03B,$0.38B,-7.22%,$0.04B,$0.35B,11.09%,$57,$8,$49,$27,$30,$65,$-9,$4,$-5,$0,$-5,$-5,$-5,$-7,$-9,$88,88,$-0.06,$-0.06,$181,$0,$0,$230,$29,$122,$0,$4,$155,$384,$35,$0,$0,$0,$35,$0,$-265,$1,$349,$384,$-13,$4,$12,$16,$-13,$0,$-2,$-6,$-16,$-13,$-8,$0,$0,$0,$-23,$-23,$-0,$-31,$0,$0,$0,$15,$15,$0,$0,$15,$-29,$6,$0
44,2007-09-30,24.85,$3.89,6.38,$1.90,13.06,$-1.39,0.0,$-0.36,0.0,$0.23B,$0.03B,7.37,$0.00B,$0.34B,0.0,$0.16B,$0.13B,81.25%,$0.16B,$0.04B,22.50%,$0.16B,$0.04B,22.50%,$0.16B,$0.04B,26.88%,$0.16B,$0.05B,30.63%,$0.16B,$-0.03B,-19.38%,$-0.03B,$0.34B,-9.86%,$-0.03B,$0.34B,-9.86%,$-0.03B,$0.37B,-9.03%,$0.04B,$0.34B,11.46%,$48,$7,$41,$26,$26,$60,$-12,$4,$-8,$0,$-8,$-8,$-8,$-10,$-12,$87,87,$-0.09,$-0.09,$189,$0,$0,$233,$26,$111,$0,$4,$140,$373,$32,$0,$0,$0,$32,$0,$-260,$0,$342,$373,$-8,$2,$5,$7,$-5,$0,$-2,$-7,$-12,$-13,$-3,$0,$0,$0,$-27,$-27,$0,$-30,$0,$0,$0,$6,$6,$0,$0,$6,$-36,$2,$0
45,2007-06-30,17.72,$3.92,4.52,$1.77,10.0,$-1.42,0.0,$-0.43,0.0,$0.25B,$0.04B,7.18,$0.00B,$0.34B,0.0,$0.15B,$0.11B,78.08%,$0.15B,$0.03B,22.60%,$0.15B,$0.03B,22.60%,$0.15B,$0.04B,27.40%,$0.15B,$0.05B,30.82%,$0.15B,$-0.04B,-23.97%,$-0.04B,$0.34B,-12.12%,$-0.04B,$0.34B,-12.12%,$-0.04B,$0.38B,-11.08%,$0.03B,$0.34B,11.43%,$34,$8,$26,$-62,$21,$-34,$68,$4,$72,$0,$72,$72,$-8,$70,$68,$82,86,$-0.10,$-0.10,$214,$0,$0,$253,$25,$94,$0,$4,$123,$376,$35,$0,$0,$0,$35,$0,$-252,$-0,$340,$376,$-35,$8,$13,$20,$-16,$0,$4,$-3,$-11,$-26,$-11,$0,$0,$0,$-35,$-35,$0,$-47,$0,$0,$0,$117,$117,$0,$0,$117,$45,$8,$0
46,2007-03-31,16.42,$3.94,4.17,$1.82,9.0,$-1.48,0.0,$-0.48,0.0,$0.34B,$0.02B,14.58,$0.00B,$0.34B,0.0,$0.14B,$0.11B,77.78%,$0.14B,$-0.05B,-34.03%,$0.14B,$-0.05B,-34.03%,$0.14B,$-0.04B,-29.17%,$0.14B,$-0.04B,-26.39%,$0.14B,$-0.04B,-26.39%,$-0.04B,$0.34B,-14.27%,$-0.04B,$0.34B,-14.27%,$-0.04B,$0.36B,-13.06%,$-0.05B,$0.34B,-18.40%,$41,$8,$33,$23,$20,$50,$-9,$3,$-6,$0,$-6,$-6,$-6,$-7,$-9,$83,83,$-0.07,$-0.07,$304,$0,$0,$335,$23,$0,$0,$4,$27,$362,$23,$0,$0,$0,$23,$0,$-245,$-0,$339,$362,$-27,$6,$9,$15,$-8,$0,$-1,$-1,$-14,$-26,$-9,$0,$0,$0,$20,$20,$0,$12,$0,$0,$0,$111,$111,$0,$0,$111,$96,$5,$0
47,2006-12-31,14.91,$2.96,5.05,$1.71,8.72,$-1.45,0.0,$-0.53,0.0,$0.23B,$0.03B,8.85,$0.00B,$0.24B,0.0,$0.13B,$0.10B,75.94%,$0.13B,$-0.05B,-39.10%,$0.13B,$-0.05B,-39.10%,$0.13B,$-0.05B,-33.83%,$0.13B,$-0.04B,-31.58%,$0.13B,$-0.04B,-31.58%,$-0.04B,$0.24B,-17.09%,$-0.04B,$0.24B,-17.09%,$-0.04B,$0.26B,-15.56%,$-0.05B,$0.24B,-21.16%,$37,$8,$30,$25,$16,$49,$-11,$3,$-9,$0,$-9,$-9,$-9,$-10,$-11,$80,80,$-0.11,$-0.11,$204,$0,$0,$234,$24,$0,$0,$4,$28,$262,$26,$0,$0,$0,$26,$0,$-239,$-0,$236,$262,$-21,$4,$3,$7,$-6,$0,$3,$-3,$-9,$-21,$-7,$0,$0,$0,$12,$12,$0,$5,$0,$0,$0,$4,$4,$0,$0,$4,$-13,$3,$0
