,Date,Stock Price,Book Value per Share,Price to Book Ratio,TTM Sales per Share,Price to Sales Ratio,TTM FCF per Share,Price to FCF Ratio,TTM Net EPS,PE Ratio,Current Assets,Current Liabilities,Current Ratio,Long Term Debt,Shareholder's Equity_x,Debt to Equity Ratio,TTM Revenue_x,TTM Gross Profit,Gross Margin,TTM Revenue_y,TTM Operating Income,Operating Margin,TTM Revenue_x,TTM EBIT,EBIT Margin,TTM Revenue_y,TTM EBITDA,EBITDA Margin,TTM Revenue_x,TTM Pre-Tax Income,Pre-Tax Margin,TTM Revenue_y,TTM Net Income_x,Net Margin,TTM Net Income_y,Shareholder's Equity_y,Return on Equity,TTM Net Income_x,Tangible Equity,Return on Tangible Equity,TTM Net Income_y,Total Assets,Return on Assets,TTM Net Income,LT Investments & Debt,Return on Investment,revenue,cost-goods-sold,gross-profit,research-development-expenses,selling-general-administrative-expenses,operating-expenses,operating-income,total-non-operating-income-expense,pre-tax-income,total-provision-income-taxes,income-after-taxes,income-from-continuous-operations,net-income,ebitda,ebit,basic-shares-outstanding,shares-outstanding,eps-basic-net-earnings-per-share,eps-earnings-per-share-diluted,cash-on-hand,inventory,other-current-assets,total-current-assets,net-property-plant-equipment,long-term-investments,goodwill-intangible-assets-total,other-long-term-assets,total-long-term-assets,total-assets,total-current-liabilities,long-term-debt,other-non-current-liabilities,total-long-term-liabilities,total-liabilities,common-stock-net,retained-earnings-accumulated-deficit,comprehensive-income,total-share-holder-equity,total-liabilities-share-holders-equity,net-income-loss,total-depreciation-amortization-cash-flow,other-non-cash-items,total-non-cash-items,change-in-accounts-receivable,change-in-inventories,change-in-accounts-payable,change-in-assets-liabilities,total-change-in-assets-liabilities,cash-flow-from-operating-activities,net-change-in-property-plant-equipment,net-change-in-intangible-assets,net-acquisitions-divestitures,net-change-in-short-term-investments,net-change-in-long-term-investments,net-change-in-investments-total,investing-activities-other,cash-flow-from-investing-activities,net-long-term-debt,net-current-debt,debt-issuance-retirement-net-total,net-common-equity-issued-repurchased,net-total-equity-issued-repurchased,total-common-preferred-stock-dividends-paid,financial-activities-other,cash-flow-from-financial-activities,net-cash-flow,stock-based-compensation,common-stock-dividends-paid
0,2018-09-30,36.6,$23.40,1.56,$22.21,1.65,$9.40,3.89,$0.70,52.29,$6.54B,$5.18B,1.26,$14.44B,$12.07B,1.2,$11.59B,$4.28B,36.92%,$11.59B,$1.09B,9.42%,$11.59B,$1.09B,9.42%,$11.59B,$3.12B,26.90%,$11.59B,$0.55B,4.74%,$11.59B,$0.55B,4.71%,$0.55B,$12.07B,4.30%,$0.55B,$-11.97B,-4.54%,$0.55B,$33.46B,1.59%,$1.09B,$26.51B,4.07%,$2862,$1823,$1039,$144,$577,$2524,$338,$-146,$192,$16,$177,$177,$177,$839,$338,$515,517,$0.34,$0.34,$449,$2561,$0,$6542,$2120,$0,$24036,$245,$26914,$33456,$5182,$14443,$0,$16207,$21389,$6,$5966,$-1491,$12066,$33456,$301,$1501,$98,$1599,$262,$-426,$-14,$81,$-194,$1706,$-137,$-854,$-66,$23,$0,$23,$0,$-1035,$-21,$-46,$-67,$-416,$-416,$0,$-32,$-515,$133,$-9,$0
1,2018-06-30,36.14,$23.68,1.53,$22.23,1.63,$9.06,3.99,$0.86,42.02,$6.30B,$4.86B,1.3,$14.38B,$12.21B,1.18,$11.72B,$4.42B,37.72%,$11.72B,$1.07B,9.14%,$11.72B,$1.07B,9.14%,$11.72B,$3.04B,25.94%,$11.72B,$0.54B,4.58%,$11.72B,$0.46B,3.90%,$0.46B,$12.21B,3.52%,$0.46B,$-11.83B,-3.80%,$0.46B,$33.27B,1.30%,$1.07B,$26.58B,3.97%,$2808,$1846,$963,$207,$623,$2629,$179,$-160,$19,$-19,$38,$38,$38,$681,$179,$514,516,$0.07,$0.07,$330,$2561,$0,$6298,$2186,$0,$24033,$286,$26974,$33272,$4863,$14375,$0,$16200,$21063,$6,$5789,$-1199,$12209,$33272,$125,$1000,$241,$1241,$479,$-281,$-131,$-258,$-314,$1052,$-76,$-614,$-63,$21,$0,$21,$0,$-733,$-21,$179,$158,$-418,$-418,$0,$-29,$-290,$14,$21,$0
2,2018-03-31,41.17,$25.57,1.61,$22.31,1.85,$8.92,4.61,$1.34,30.72,$6.76B,$6.39B,1.06,$13.58B,$13.18B,1.03,$11.87B,$4.68B,39.43%,$11.87B,$1.37B,11.51%,$11.87B,$1.37B,11.51%,$11.87B,$3.25B,27.41%,$11.87B,$0.84B,7.10%,$11.87B,$0.72B,6.03%,$0.72B,$13.18B,5.44%,$0.72B,$-12.19B,-5.91%,$0.72B,$35.19B,2.01%,$1.37B,$26.76B,4.98%,$2685,$1700,$984,$205,$608,$2529,$156,$-145,$11,$-77,$87,$87,$87,$654,$156,$514,517,$0.17,$0.17,$367,$2641,$0,$6761,$2275,$0,$25366,$285,$28423,$35185,$6387,$13579,$0,$15621,$22008,$6,$5752,$-192,$13177,$35185,$87,$499,$115,$613,$370,$-158,$-93,$-43,$-79,$622,$-31,$-342,$-63,$8,$0,$8,$0,$-429,$0,$309,$310,$-421,$-421,$0,$-10,$-121,$75,$21,$0
3,2017-12-31,42.31,$25.39,1.67,$22.18,1.91,$8.57,4.94,$1.29,32.8,$7.21B,$6.39B,1.13,$14.10B,$13.31B,1.06,$11.91B,$4.78B,40.17%,$11.91B,$1.44B,12.08%,$11.91B,$1.44B,12.08%,$11.91B,$3.24B,27.23%,$11.91B,$0.90B,7.59%,$11.91B,$0.70B,5.84%,$0.70B,$13.31B,5.44%,$0.70B,$-12.14B,-5.75%,$0.70B,$35.81B,1.97%,$1.44B,$27.41B,5.20%,$3239,$1944,$1295,$202,$660,$2820,$419,$-92,$327,$83,$244,$244,$244,$945,$419,$535,537,$0.45,$0.47,$292,$2543,$0,$7213,$2339,$0,$25452,$306,$28593,$35806,$6385,$14101,$0,$16113,$22499,$6,$5645,$-361,$13308,$35806,$696,$1806,$245,$2051,$-162,$-130,$14,$-420,$-682,$2065,$-276,$-620,$-80,$0,$0,$0,$71,$-905,$-1357,$-3,$-1360,$-482,$-482,$0,$-51,$-1893,$-707,$75,$0
4,2017-09-30,31.37,$24.78,1.27,$22.42,1.4,$8.42,3.73,$1.61,19.48,$7.27B,$4.98B,1.46,$13.99B,$13.29B,1.05,$11.94B,$4.82B,40.40%,$11.94B,$1.34B,11.18%,$11.94B,$1.34B,11.18%,$11.94B,$3.09B,25.89%,$11.94B,$0.80B,6.72%,$11.94B,$0.87B,7.28%,$0.87B,$13.29B,7.11%,$0.87B,$-11.96B,-7.12%,$0.87B,$35.82B,2.48%,$1.34B,$27.28B,4.81%,$2987,$1809,$1178,$182,$664,$2671,$317,$-137,$180,$91,$88,$88,$88,$760,$317,$535,537,$0.17,$0.16,$615,$2548,$0,$7267,$2310,$0,$25255,$427,$28552,$35819,$4984,$13992,$1413,$17543,$22527,$6,$5394,$-611,$13292,$35819,$452,$1280,$379,$1659,$216,$-88,$-187,$-333,$-541,$1569,$-125,$-559,$-72,$0,$0,$0,$0,$-756,$-1192,$-48,$-1240,$13,$13,$0,$-27,$-1254,$-396,$64,$0
5,2017-06-30,38.82,$23.94,1.62,$22.70,1.71,$8.52,4.56,$1.22,31.82,$6.97B,$5.17B,1.35,$15.39B,$12.83B,1.2,$12.01B,$4.93B,41.04%,$12.01B,$0.89B,7.39%,$12.01B,$0.89B,7.39%,$12.01B,$2.65B,22.03%,$12.01B,$0.30B,2.47%,$12.01B,$0.66B,5.51%,$0.66B,$12.83B,5.57%,$0.66B,$-12.17B,-5.26%,$0.66B,$35.51B,1.87%,$0.89B,$28.23B,3.27%,$2962,$1737,$1225,$181,$621,$2488,$474,$-149,$325,$28,$297,$297,$297,$895,$474,$535,537,$0.56,$0.55,$613,$2610,$0,$6966,$2366,$0,$25003,$449,$28540,$35506,$5170,$15392,$0,$17504,$22673,$6,$5306,$-956,$12833,$35506,$363,$837,$70,$907,$402,$-140,$-296,$-178,$-249,$1021,$-78,$-479,$-72,$0,$0,$0,$0,$-629,$-771,$-43,$-814,$9,$9,$0,$-26,$-831,$-398,$42,$0
6,2017-03-31,38.99,$21.75,1.79,$22.21,1.76,$7.50,5.2,$1.00,38.99,$7.07B,$4.52B,1.56,$16.07B,$11.66B,1.38,$11.61B,$4.88B,42.00%,$11.61B,$0.82B,7.10%,$11.61B,$0.82B,7.10%,$11.61B,$2.46B,21.23%,$11.61B,$0.18B,1.51%,$11.61B,$0.53B,4.58%,$0.53B,$11.66B,4.74%,$0.53B,$-12.11B,-5.15%,$0.53B,$34.27B,1.58%,$0.82B,$27.73B,3.19%,$2720,$1635,$1085,$218,$631,$2492,$228,$-156,$72,$5,$66,$66,$66,$643,$228,$535,537,$0.12,$0.12,$724,$2548,$0,$7066,$2338,$0,$23764,$541,$27207,$34273,$4524,$16073,$0,$18092,$22617,$6,$5009,$-1813,$11656,$34273,$66,$416,$200,$615,$287,$-106,$-243,$8,$-229,$453,$-27,$-78,$-72,$0,$0,$0,$0,$-177,$-550,$-18,$-568,$5,$5,$0,$-13,$-576,$-287,$23,$0
7,2016-12-31,38.15,$20.77,1.84,$21.44,1.78,$6.76,5.64,$0.91,41.92,$7.52B,$5.04B,1.49,$16.56B,$11.12B,1.49,$11.08B,$4.70B,42.40%,$11.08B,$0.70B,6.34%,$11.08B,$0.70B,6.34%,$11.08B,$2.22B,20.08%,$11.08B,$0.12B,1.10%,$11.08B,$0.48B,4.33%,$0.48B,$11.12B,4.41%,$0.48B,$-12.56B,-6.04%,$0.48B,$34.73B,1.56%,$0.70B,$27.68B,3.00%,$3268,$1933,$1335,$195,$709,$2952,$316,$-91,$225,$-193,$418,$418,$418,$792,$316,$513,521,$0.81,$0.79,$999,$2456,$0,$7523,$2322,$0,$23680,$569,$27204,$34726,$5041,$16562,$0,$18568,$23609,$6,$4942,$-2264,$11118,$34726,$480,$1523,$854,$2377,$-132,$-279,$88,$-524,$-810,$2047,$-390,$-360,$-6482,$-9,$0,$-9,$-380,$-7621,$5456,$41,$5497,$14,$14,$0,$-166,$5345,$-237,$89,$0
8,2016-09-30,38.12,$22.11,1.72,$20.17,1.89,$6.89,5.53,$0.51,74.75,$7.97B,$9.55B,0.83,$12.97B,$11.83B,1.1,$10.30B,$4.43B,42.96%,$10.30B,$0.81B,7.86%,$10.30B,$0.81B,7.86%,$10.30B,$2.20B,21.33%,$10.30B,$0.12B,1.12%,$10.30B,$0.26B,2.50%,$0.26B,$11.83B,2.44%,$0.26B,$-13.42B,-4.66%,$0.26B,$36.54B,0.93%,$0.81B,$24.80B,3.96%,$3057,$1774,$1283,$199,$657,$3188,$-131,$-195,$-325,$-206,$-120,$-120,$-120,$315,$-131,$524,524,$-0.23,$-0.23,$1257,$2688,$0,$7965,$2284,$0,$25247,$601,$28573,$36539,$9554,$12966,$0,$15156,$24710,$6,$4525,$-1120,$11829,$36539,$63,$1046,$749,$1796,$183,$-337,$-45,$-13,$-160,$1698,$-240,$-196,$-6152,$-7,$0,$-7,$-487,$-7082,$5453,$49,$5501,$11,$11,$0,$-123,$5389,$21,$71,$0
9,2016-06-30,43.24,$20.32,2.13,$19.57,2.21,$6.34,6.82,$1.57,27.54,$12.19B,$3.78B,3.23,$12.77B,$10.33B,1.24,$9.94B,$4.46B,44.85%,$9.94B,$1.54B,15.52%,$9.94B,$1.54B,15.52%,$9.94B,$2.74B,27.58%,$9.94B,$0.90B,9.01%,$9.94B,$0.81B,8.11%,$0.81B,$10.33B,8.02%,$0.81B,$-3.22B,-29.80%,$0.81B,$28.84B,3.39%,$1.54B,$23.10B,8.32%,$2561,$1389,$1172,$180,$581,$2150,$411,$-208,$203,$35,$168,$168,$168,$714,$411,$504,510,$0.33,$0.33,$6362,$2191,$0,$12187,$2058,$0,$13547,$719,$16650,$28836,$3775,$12773,$1275,$14730,$18505,$6,$4644,$-1431,$10331,$28836,$182,$601,$224,$824,$-101,$-236,$-138,$-54,$-509,$497,$-121,$-180,$-943,$-6,$0,$-6,$-51,$-1301,$5979,$55,$6034,$7,$7,$0,$-120,$5920,$5126,$52,$0
10,2016-03-31,46.35,$20.91,2.22,$19.10,2.43,$6.10,7.6,$1.56,29.71,$6.63B,$3.96B,1.67,$7.67B,$10.28B,0.75,$9.75B,$4.29B,44.04%,$9.75B,$1.41B,14.44%,$9.75B,$1.41B,14.44%,$9.75B,$2.56B,26.28%,$9.75B,$0.87B,8.95%,$9.75B,$0.81B,8.27%,$0.81B,$10.28B,8.18%,$0.81B,$-2.57B,-32.00%,$0.81B,$22.64B,3.62%,$1.41B,$17.94B,8.30%,$2191,$1284,$907,$254,$549,$2086,$106,$-87,$19,$5,$14,$14,$14,$403,$106,$490,510,$0.03,$0.03,$1199,$2144,$0,$6628,$1999,$0,$12845,$731,$16017,$22644,$3959,$7666,$0,$8410,$12369,$6,$4476,$-1291,$10275,$22644,$14,$297,$177,$474,$84,$-223,$-57,$-127,$-408,$81,$-52,$-106,$0,$-3,$0,$-3,$0,$-160,$0,$65,$65,$4,$4,$0,$-38,$31,$-37,$27,$0
11,2015-12-31,54.07,$19.91,2.72,$19.01,2.84,$6.54,8.27,$1.66,32.57,$6.47B,$4.12B,1.57,$6.30B,$9.77B,0.65,$9.43B,$4.22B,44.71%,$9.43B,$1.46B,15.49%,$9.43B,$1.46B,15.49%,$9.43B,$2.49B,26.44%,$9.43B,$0.92B,9.70%,$9.43B,$0.85B,9.00%,$0.85B,$9.77B,8.88%,$0.85B,$-2.84B,-32.98%,$0.85B,$22.27B,3.84%,$1.46B,$16.06B,8.84%,$2491,$1428,$1063,$159,$596,$2067,$424,$-206,$218,$24,$195,$195,$195,$765,$424,$472,497,$0.45,$0.42,$1236,$1951,$0,$6473,$1984,$0,$12602,$752,$15795,$22268,$4122,$6296,$1366,$8380,$12502,$6,$4462,$-1764,$9766,$22268,$848,$1032,$460,$1492,$66,$-320,$132,$-44,$-331,$2009,$-363,$-507,$-693,$-29,$0,$-29,$22,$-1570,$1026,$-329,$697,$30,$30,$0,$-122,$605,$1011,$93,$0
12,2015-09-30,40.27,$19.96,2.02,$19.24,2.09,$4.96,8.12,$1.75,23.01,$6.49B,$3.68B,1.76,$7.20B,$9.82B,0.73,$9.02B,$4.12B,45.69%,$9.02B,$1.43B,15.85%,$9.02B,$1.43B,15.85%,$9.02B,$2.29B,25.37%,$9.02B,$0.97B,10.74%,$9.02B,$0.84B,9.34%,$0.84B,$9.82B,10.62%,$0.84B,$-2.20B,-31.87%,$0.84B,$21.32B,4.11%,$1.43B,$17.02B,9.47%,$2695,$1380,$1315,$175,$537,$2094,$601,$-146,$455,$27,$429,$429,$429,$859,$601,$491,514,$0.87,$0.83,$587,$1944,$0,$6486,$1885,$0,$12014,$854,$14831,$21317,$3684,$7204,$0,$7817,$11502,$6,$4268,$-1554,$9815,$21317,$653,$691,$307,$998,$-54,$-288,$243,$-16,$-295,$1357,$-207,$-428,$0,$-30,$0,$-30,$26,$-639,$27,$-330,$-303,$93,$93,$0,$-109,$-319,$362,$66,$0
13,2015-06-30,67.86,$19.47,3.48,$19.24,3.53,$4.43,15.33,$2.18,31.13,$7.89B,$5.37B,1.47,$7.27B,$9.57B,0.76,$8.41B,$3.82B,45.40%,$8.41B,$1.32B,15.74%,$8.41B,$1.32B,15.74%,$8.41B,$2.06B,24.48%,$8.41B,$0.93B,11.02%,$8.41B,$0.91B,10.85%,$0.91B,$9.57B,14.41%,$0.91B,$-2.47B,-31.20%,$0.91B,$22.80B,4.81%,$1.32B,$16.84B,9.85%,$2372,$1364,$1008,$168,$564,$2095,$277,$-96,$181,$13,$168,$168,$168,$535,$277,$490,522,$0.34,$0.32,$440,$1934,$0,$7891,$1899,$0,$12039,$878,$14903,$22795,$5369,$7272,$0,$7856,$13225,$6,$3839,$-1352,$9569,$22795,$225,$434,$183,$617,$-134,$-231,$77,$-21,$-460,$382,$-122,$-105,$0,$-30,$0,$-30,$-11,$-268,$-1,$106,$105,$86,$86,$0,$-78,$113,$214,$50,$0
14,2015-03-31,59.35,$18.58,3.19,$19.32,3.07,$4.68,12.68,$2.18,27.22,$7.43B,$5.29B,1.4,$7.13B,$9.09B,0.78,$7.88B,$3.62B,45.96%,$7.88B,$1.27B,16.16%,$7.88B,$1.27B,16.16%,$7.88B,$1.88B,23.86%,$7.88B,$0.88B,11.22%,$7.88B,$0.87B,11.05%,$0.87B,$9.09B,18.19%,$0.87B,$-2.79B,-27.42%,$0.87B,$22.12B,5.06%,$1.27B,$16.22B,10.28%,$1872,$1042,$830,$170,$483,$1712,$159,$-98,$61,$5,$57,$57,$57,$334,$159,$418,444,$0.14,$0.13,$277,$1908,$0,$7426,$1872,$0,$11886,$851,$14697,$22124,$5288,$7129,$0,$7743,$13031,$6,$3671,$-1611,$9093,$22124,$57,$175,$136,$311,$377,$-137,$-15,$-122,$-101,$267,$-48,$-12,$0,$-28,$0,$-28,$0,$-88,$0,$-162,$-162,$67,$67,$0,$-15,$-109,$52,$34,$0
15,2014-12-31,56.37,$8.73,6.46,$19.43,2.9,$4.68,12.04,$2.34,24.09,$6.44B,$5.30B,1.21,$7.04B,$3.28B,2.15,$7.72B,$3.53B,45.70%,$7.72B,$1.35B,17.53%,$7.72B,$1.35B,17.53%,$7.72B,$1.92B,24.86%,$7.72B,$0.98B,12.63%,$7.72B,$0.93B,12.03%,$0.93B,$3.28B,28.09%,$0.93B,$-3.12B,-27.47%,$0.93B,$15.82B,6.00%,$1.35B,$10.31B,11.89%,$2083,$1114,$969,$150,$426,$1690,$393,$-120,$272,$82,$191,$191,$189,$561,$393,$374,398,$0.51,$0.47,$226,$1651,$0,$6441,$1786,$0,$6396,$800,$9379,$15821,$5304,$7037,$0,$7241,$12545,$273,$3615,$-987,$3276,$15821,$933,$567,$-11,$555,$-231,$-148,$-0,$-173,$-474,$1015,$-325,$-420,$-50,$0,$0,$0,$-5,$-800,$-61,$-108,$-169,$54,$54,$0,$-153,$-267,$-66,$66,$0
16,2014-09-30,45.49,$9.10,5.0,$18.78,2.42,$4.97,9.15,$2.32,19.61,$5.82B,$4.47B,1.3,$7.00B,$3.41B,2.05,$7.45B,$3.36B,45.06%,$7.45B,$1.23B,16.56%,$7.45B,$1.23B,16.56%,$7.45B,$1.77B,23.81%,$7.45B,$0.90B,12.03%,$7.45B,$0.92B,12.36%,$0.92B,$3.41B,28.50%,$0.92B,$-3.32B,-25.72%,$0.92B,$15.17B,5.99%,$1.23B,$10.40B,10.49%,$2084,$1072,$1012,$158,$418,$1589,$495,$-82,$413,$-87,$499,$499,$499,$629,$495,$374,397,$1.33,$1.26,$200,$1708,$0,$5818,$1738,$0,$6730,$778,$9356,$15174,$4474,$6998,$0,$7294,$11768,$273,$3425,$-620,$3406,$15174,$743,$398,$31,$429,$-339,$-163,$-127,$316,$-283,$888,$-212,$-454,$-50,$-1,$0,$-1,$0,$-717,$-60,$-75,$-135,$34,$34,$0,$-153,$-254,$-92,$48,$0
17,2014-06-30,51.56,$8.97,5.75,$18.00,2.86,$4.41,11.7,$1.46,35.32,$4.48B,$2.60B,1.72,$9.22B,$3.35B,2.75,$7.13B,$3.15B,44.21%,$7.13B,$1.08B,15.12%,$7.13B,$1.08B,15.12%,$7.13B,$1.61B,22.60%,$7.13B,$0.68B,9.51%,$7.13B,$0.58B,8.14%,$0.58B,$3.35B,18.21%,$0.58B,$-3.46B,-17.71%,$0.58B,$15.60B,3.92%,$1.08B,$12.57B,9.24%,$1837,$1029,$809,$155,$404,$1611,$226,$-88,$138,$11,$127,$127,$125,$355,$226,$374,397,$0.34,$0.32,$194,$1791,$0,$4477,$1756,$0,$6809,$2469,$11126,$15603,$2601,$9220,$0,$9649,$12250,$273,$2926,$-153,$3353,$15603,$243,$264,$116,$381,$-249,$-178,$1,$260,$-176,$448,$-148,$-135,$-33,$-3,$0,$-3,$0,$-319,$-60,$-193,$-253,$30,$30,$0,$-4,$-228,$-97,$33,$0
18,2014-03-31,48.83,$8.55,5.71,$17.77,2.75,$4.04,12.1,$1.60,30.52,$4.34B,$2.65B,1.64,$9.05B,$3.19B,2.83,$6.99B,$3.09B,44.11%,$6.99B,$1.16B,16.60%,$6.99B,$1.16B,16.60%,$6.99B,$1.68B,24.06%,$6.99B,$0.76B,10.87%,$6.99B,$0.63B,9.05%,$0.63B,$3.19B,20.54%,$0.63B,$-3.63B,-21.04%,$0.63B,$15.36B,4.54%,$1.16B,$12.24B,10.63%,$1716,$978,$738,$118,$378,$1477,$239,$-87,$152,$35,$117,$117,$116,$374,$239,$372,397,$0.31,$0.29,$243,$1738,$0,$4342,$1705,$0,$6822,$2400,$11013,$15355,$2649,$9045,$0,$9514,$12163,$273,$2801,$-159,$3192,$15355,$117,$135,$83,$218,$49,$-88,$-33,$39,$-67,$268,$-72,$-129,$0,$0,$0,$0,$0,$-201,$-60,$-71,$-131,$22,$22,$0,$-5,$-115,$-48,$15,$0
19,2013-12-31,43.4,$7.97,5.45,$17.54,2.47,$3.63,11.96,$1.58,27.47,$4.47B,$2.96B,1.51,$8.86B,$2.96B,2.99,$6.91B,$3.04B,44.01%,$6.91B,$1.14B,16.44%,$6.91B,$1.14B,16.44%,$6.91B,$1.65B,23.91%,$6.91B,$0.75B,10.81%,$6.91B,$0.62B,9.03%,$0.62B,$2.96B,20.76%,$0.62B,$-3.90B,-22.54%,$0.62B,$15.30B,4.77%,$1.14B,$11.82B,11.14%,$1809,$1013,$796,$156,$392,$1535,$273,$-80,$193,$12,$181,$181,$180,$415,$273,$383,395,$0.47,$0.45,$291,$1657,$0,$4471,$1666,$0,$6858,$2222,$10824,$15295,$2964,$8856,$0,$9371,$12335,$272,$2685,$-240,$2960,$15295,$627,$516,$107,$623,$-554,$-157,$137,$432,$-143,$1107,$-309,$-61,$-1262,$-9,$0,$-9,$-228,$-1869,$1494,$141,$1636,$-924,$-924,$0,$-19,$693,$-59,$47,$0
20,2013-09-30,38.17,$8.45,4.52,$17.05,2.24,$3.18,12.01,$1.52,25.11,$4.34B,$2.56B,1.7,$6.81B,$3.23B,2.11,$6.82B,$2.99B,43.77%,$6.82B,$1.13B,16.50%,$6.82B,$1.13B,16.50%,$6.82B,$1.63B,23.86%,$6.82B,$0.75B,10.92%,$6.82B,$0.61B,8.88%,$0.61B,$3.23B,19.52%,$0.61B,$-2.12B,-25.36%,$0.61B,$12.90B,4.95%,$1.13B,$10.04B,11.72%,$1767,$959,$809,$114,$350,$1428,$340,$-145,$195,$36,$159,$159,$159,$467,$340,$382,396,$0.42,$0.40,$365,$1646,$0,$4343,$1459,$0,$5351,$1654,$8558,$12902,$2561,$6805,$0,$7107,$9669,$271,$2505,$-251,$3233,$12902,$446,$374,$107,$481,$-303,$-177,$129,$122,$-237,$689,$-239,$-19,$-51,$-6,$0,$-6,$-49,$-363,$-99,$236,$137,$-443,$-443,$0,$-10,$-316,$15,$36,$0
21,2013-06-30,31.03,$7.72,4.02,$16.96,1.83,$3.29,9.43,$1.63,19.04,$4.21B,$2.33B,1.81,$6.66B,$2.95B,2.26,$6.86B,$2.97B,43.32%,$6.86B,$1.12B,16.34%,$6.86B,$1.12B,16.34%,$6.86B,$1.67B,24.30%,$6.86B,$0.82B,11.88%,$6.86B,$0.66B,9.59%,$0.66B,$2.95B,20.54%,$0.66B,$-2.39B,-27.03%,$0.66B,$12.21B,5.51%,$1.12B,$9.61B,12.04%,$1702,$959,$742,$111,$315,$1393,$309,$-89,$220,$41,$179,$179,$178,$427,$309,$381,387,$0.47,$0.46,$277,$1637,$0,$4212,$1431,$0,$5332,$1138,$7999,$12212,$2326,$6662,$0,$6940,$9266,$271,$2346,$-355,$2945,$12212,$286,$247,$70,$317,$-108,$-169,$81,$-92,$-330,$274,$-126,$-14,$-37,$-4,$0,$-4,$-51,$-231,$241,$114,$355,$-461,$-461,$0,$-1,$-108,$-73,$23,$0
22,2013-03-31,28.96,$7.58,3.82,$16.54,1.75,$3.13,9.24,$1.50,19.3,$3.95B,$2.28B,1.73,$6.45B,$2.89B,2.23,$6.85B,$2.93B,42.83%,$6.85B,$1.07B,15.68%,$6.85B,$1.07B,15.68%,$6.85B,$1.62B,23.73%,$6.85B,$0.79B,11.47%,$6.85B,$0.62B,9.04%,$0.62B,$2.89B,18.95%,$0.62B,$-2.67B,-24.48%,$0.62B,$11.89B,5.25%,$1.07B,$9.34B,11.80%,$1632,$938,$694,$127,$351,$1418,$214,$-75,$139,$32,$108,$108,$107,$343,$214,$393,399,$0.27,$0.27,$294,$1623,$0,$3950,$1422,$0,$5557,$855,$7935,$11885,$2282,$6450,$0,$6715,$8998,$271,$2168,$-208,$2887,$11885,$108,$129,$28,$157,$77,$-119,$6,$-163,$-176,$88,$-53,$-4,$-32,$0,$0,$0,$-53,$-142,$286,$185,$471,$-472,$-472,$0,$8,$7,$-56,$12,$0
23,2012-12-31,27.45,$8.49,3.23,$16.12,1.7,$2.72,10.1,$1.53,17.94,$3.90B,$2.19B,1.78,$6.11B,$3.36B,1.82,$6.80B,$2.91B,42.78%,$6.80B,$1.11B,16.33%,$6.80B,$1.11B,16.33%,$6.80B,$1.66B,24.35%,$6.80B,$0.80B,11.83%,$6.80B,$0.64B,9.43%,$0.64B,$3.36B,18.37%,$0.64B,$-2.38B,-26.03%,$0.64B,$11.93B,5.44%,$1.11B,$9.46B,12.29%,$1723,$981,$742,$118,$355,$1460,$263,$-72,$191,$29,$162,$162,$162,$391,$263,$415,420,$0.39,$0.38,$350,$1525,$0,$3903,$1397,$0,$5740,$804,$8029,$11932,$2194,$6108,$0,$6383,$8576,$270,$2061,$-86,$3356,$11932,$643,$547,$167,$713,$-355,$-172,$81,$88,$-407,$949,$-289,$-80,$0,$-2,$0,$-2,$7,$-364,$53,$174,$227,$-856,$-856,$0,$18,$-612,$-25,$43,$0
24,2012-09-30,24.37,$8.90,2.74,$15.51,1.57,$2.15,11.33,$1.44,16.92,$3.75B,$2.17B,1.73,$5.21B,$3.62B,1.44,$6.61B,$2.81B,42.56%,$6.61B,$1.09B,16.56%,$6.61B,$1.09B,16.56%,$6.61B,$1.64B,24.77%,$6.61B,$0.74B,11.23%,$6.61B,$0.61B,9.21%,$0.61B,$3.62B,17.24%,$0.61B,$-2.30B,-24.05%,$0.61B,$11.71B,5.19%,$1.09B,$8.83B,12.37%,$1802,$1009,$793,$108,$342,$1467,$335,$-70,$265,$53,$212,$212,$211,$506,$335,$406,412,$0.52,$0.51,$367,$1496,$0,$3751,$1336,$0,$5923,$605,$7956,$11706,$2170,$5209,$401,$5913,$8082,$267,$1899,$-36,$3624,$11706,$481,$418,$112,$530,$-243,$-121,$-25,$31,$-353,$658,$-144,$0,$0,$-4,$0,$-4,$-70,$-218,$-331,$288,$-43,$-447,$-447,$0,$5,$-485,$-43,$32,$0
25,2012-06-30,21.37,$7.88,2.71,$14.78,1.45,$1.50,14.2,$1.29,16.57,$3.75B,$2.16B,1.73,$5.55B,$3.20B,1.74,$6.38B,$2.68B,41.95%,$6.38B,$1.03B,16.07%,$6.38B,$1.03B,16.07%,$6.38B,$1.54B,24.09%,$6.38B,$0.67B,10.49%,$6.38B,$0.55B,8.68%,$0.55B,$3.20B,15.85%,$0.55B,$-2.76B,-21.93%,$0.55B,$11.60B,4.79%,$1.03B,$8.75B,11.76%,$1688,$985,$703,$94,$359,$1426,$261,$-71,$190,$51,$139,$139,$139,$384,$261,$420,424,$0.33,$0.33,$348,$1473,$0,$3752,$1299,$0,$5959,$508,$7850,$11602,$2164,$5552,$393,$6239,$8403,$266,$1688,$-213,$3199,$11602,$269,$247,$82,$328,$-288,$-110,$-9,$38,$-402,$196,$-99,$0,$0,$-1,$0,$-1,$-66,$-166,$102,$283,$386,$-472,$-472,$0,$4,$-82,$-61,$22,$0
26,2012-03-31,23.45,$8.82,2.66,$14.34,1.64,$1.35,17.39,$1.29,18.18,$3.74B,$2.11B,1.77,$5.29B,$3.78B,1.4,$6.27B,$2.64B,42.17%,$6.27B,$1.04B,16.66%,$6.27B,$1.04B,16.66%,$6.27B,$1.56B,24.88%,$6.27B,$0.68B,10.89%,$6.27B,$0.56B,8.95%,$0.56B,$3.78B,15.31%,$0.56B,$-2.41B,-23.22%,$0.56B,$11.93B,4.81%,$1.04B,$9.07B,11.87%,$1584,$913,$670,$81,$337,$1333,$251,$-92,$158,$29,$129,$129,$129,$374,$251,$427,432,$0.30,$0.30,$298,$1488,$0,$3739,$1316,$0,$6188,$597,$8195,$11934,$2111,$5288,$384,$6044,$8155,$266,$1550,$29,$3779,$11934,$129,$124,$67,$190,$-155,$-70,$-33,$-120,$-427,$-107,$-36,$0,$0,$-0,$0,$-0,$-72,$-108,$-239,$311,$72,$17,$17,$0,$2,$92,$-117,$12,$0
27,2011-12-31,21.46,$8.21,2.61,$13.91,1.54,$1.49,14.45,$1.22,17.59,$3.57B,$2.56B,1.39,$5.22B,$3.51B,1.49,$6.13B,$2.56B,41.81%,$6.13B,$1.01B,16.39%,$6.13B,$1.01B,16.39%,$6.13B,$1.52B,24.73%,$6.13B,$0.66B,10.69%,$6.13B,$0.54B,8.74%,$0.54B,$3.51B,14.49%,$0.54B,$-2.64B,-22.54%,$0.54B,$11.60B,4.60%,$1.01B,$8.73B,11.44%,$1531,$887,$645,$76,$301,$1284,$247,$-119,$129,$-1,$130,$130,$129,$372,$247,$431,439,$0.30,$0.30,$375,$1397,$0,$3569,$1298,$0,$6149,$543,$8029,$11598,$2563,$5221,$0,$5530,$8093,$265,$1421,$-88,$3505,$11598,$539,$511,$145,$655,$-319,$-221,$134,$-165,$-474,$720,$-280,$0,$-81,$-3,$0,$-3,$31,$-332,$-186,$-16,$-202,$-282,$-282,$0,$-161,$-645,$-287,$43,$0
28,2011-09-30,16.99,$8.19,2.07,$14.78,1.15,$2.74,6.2,$0.93,18.27,$3.61B,$2.38B,1.52,$4.82B,$3.49B,1.38,$6.03B,$2.50B,41.39%,$6.03B,$0.85B,14.12%,$6.03B,$0.85B,14.12%,$6.03B,$1.35B,22.39%,$6.03B,$0.52B,8.69%,$6.03B,$0.41B,6.80%,$0.41B,$3.49B,11.00%,$0.41B,$-2.29B,-17.54%,$0.41B,$11.12B,3.52%,$0.85B,$8.32B,9.56%,$1576,$917,$658,$71,$319,$1310,$266,$-74,$192,$35,$157,$157,$157,$407,$266,$426,432,$0.37,$0.36,$552,$1387,$0,$3609,$1239,$0,$5785,$410,$7509,$11118,$2375,$4820,$0,$5249,$7624,$265,$1291,$44,$3494,$11118,$409,$386,$136,$523,$-82,$-182,$-52,$-235,$-505,$426,$-166,$0,$0,$-2,$0,$-2,$15,$-153,$-6,$23,$17,$-285,$-285,$0,$-144,$-412,$-149,$33,$0
29,2011-06-30,24.67,$9.11,2.71,$14.22,1.73,$3.61,6.83,$0.90,27.41,$3.76B,$2.52B,1.49,$5.18B,$3.88B,1.34,$5.81B,$2.42B,41.62%,$5.81B,$0.82B,14.11%,$5.81B,$0.82B,14.11%,$5.81B,$1.28B,22.08%,$5.81B,$0.46B,7.98%,$5.81B,$0.36B,6.21%,$0.36B,$3.88B,9.65%,$0.36B,$-2.32B,-14.97%,$0.36B,$12.01B,3.08%,$0.82B,$9.06B,8.97%,$1574,$904,$669,$72,$314,$1293,$280,$-77,$203,$56,$147,$147,$146,$406,$280,$433,445,$0.34,$0.33,$490,$1409,$0,$3760,$1261,$0,$6203,$703,$8246,$12006,$2521,$5183,$0,$5604,$8125,$265,$1134,$454,$3881,$12006,$252,$245,$27,$272,$-300,$-140,$56,$-77,$-380,$143,$-111,$0,$0,$-2,$0,$-2,$2,$-112,$-2,$5,$2,$-289,$-289,$0,$4,$-282,$-227,$21,$0
30,2011-03-31,22.66,$8.94,2.54,$15.04,1.51,$4.51,5.02,$0.73,31.04,$3.76B,$2.39B,1.57,$5.12B,$3.92B,1.31,$5.61B,$2.29B,40.88%,$5.61B,$0.74B,13.11%,$5.61B,$0.74B,13.11%,$5.61B,$1.17B,20.94%,$5.61B,$0.36B,6.46%,$5.61B,$0.27B,4.74%,$0.27B,$3.92B,7.57%,$0.27B,$-2.25B,-11.07%,$0.27B,$11.88B,2.34%,$0.74B,$9.04B,8.17%,$1449,$858,$591,$75,$280,$1237,$212,$-81,$131,$26,$105,$105,$104,$331,$212,$437,448,$0.24,$0.23,$663,$1327,$0,$3757,$1217,$0,$6170,$663,$8121,$11878,$2393,$5119,$0,$5568,$7961,$264,$988,$338,$3917,$11878,$105,$120,$76,$195,$-179,$-70,$28,$-123,$-346,$-46,$-41,$0,$0,$-2,$0,$-2,$0,$-43,$-1,$-6,$-7,$23,$23,$0,$2,$18,$-54,$10,$0
31,2010-12-31,21.13,$8.29,2.55,$15.95,1.32,$5.41,3.9,$0.70,30.19,$3.56B,$1.81B,1.97,$5.63B,$3.62B,1.56,$5.45B,$2.22B,40.68%,$5.45B,$0.72B,13.25%,$5.45B,$0.72B,13.25%,$5.45B,$1.14B,20.99%,$5.45B,$0.36B,6.55%,$5.45B,$0.22B,4.09%,$0.22B,$3.62B,6.70%,$0.22B,$-2.49B,-9.14%,$0.22B,$11.54B,2.01%,$0.72B,$9.25B,8.10%,$1434,$855,$579,$82,$290,$1340,$94,$-96,$-2,$-23,$21,$21,$3,$207,$94,$324,329,$-0.03,$-0.01,$715,$1240,$0,$3559,$1209,$0,$6100,$609,$7977,$11537,$1810,$5634,$0,$6112,$7921,$263,$884,$172,$3615,$11537,$346,$423,$263,$686,$22,$-95,$23,$-70,$-100,$931,$-188,$0,$-563,$-3,$0,$-3,$28,$-725,$241,$-27,$214,$55,$55,$-139,$-29,$100,$282,$31,$-139
32,2010-09-30,18.81,$11.44,1.64,$15.99,1.18,$4.62,4.07,$0.70,26.87,$3.46B,$1.72B,2.01,$5.67B,$3.54B,1.6,$5.37B,$2.15B,40.13%,$5.37B,$0.69B,12.82%,$5.37B,$0.69B,12.82%,$5.37B,$1.10B,20.51%,$5.37B,$0.33B,6.20%,$5.37B,$0.22B,4.17%,$0.22B,$3.54B,6.98%,$0.22B,$-2.59B,-9.11%,$0.22B,$11.41B,2.05%,$0.69B,$9.22B,7.85%,$1355,$775,$580,$72,$272,$1121,$234,$-103,$132,$-12,$144,$144,$108,$339,$234,$309,438,$0.35,$0.33,$665,$1222,$0,$3463,$1151,$0,$6131,$618,$7944,$11407,$1722,$5672,$0,$6142,$7864,$200,$881,$124,$3543,$11407,$325,$310,$64,$374,$65,$-69,$8,$-47,$38,$737,$-91,$0,$-556,$-3,$0,$-3,$30,$-621,$264,$-45,$219,$37,$37,$-104,$-24,$128,$230,$24,$-104
33,2010-06-30,17.04,$9.63,1.77,$17.04,1.0,$4.67,3.65,$0.24,71.0,$3.63B,$1.63B,2.23,$5.51B,$2.98B,1.85,$5.28B,$2.08B,39.40%,$5.28B,$0.52B,9.76%,$5.28B,$0.52B,9.76%,$5.28B,$0.93B,17.57%,$5.28B,$0.19B,3.51%,$5.28B,$0.08B,1.44%,$0.08B,$2.98B,2.46%,$0.08B,$-2.28B,-3.05%,$0.08B,$10.60B,0.71%,$0.52B,$8.49B,5.98%,$1369,$827,$542,$67,$268,$1174,$195,$-94,$101,$14,$87,$87,$51,$297,$195,$309,314,$0.17,$0.16,$881,$1096,$0,$3629,$1092,$0,$5263,$570,$6968,$10598,$1630,$5513,$0,$5989,$7619,$200,$773,$-317,$2979,$10598,$181,$205,$65,$270,$-107,$-44,$55,$-116,$-92,$359,$-53,$0,$0,$5,$0,$5,$-6,$-54,$248,$-22,$226,$36,$36,$-70,$-20,$172,$429,$16,$-70
34,2010-03-31,22.71,$10.30,2.2,$16.83,1.35,$4.62,4.92,$0.27,84.11,$3.36B,$1.64B,2.05,$5.54B,$3.18B,1.74,$5.18B,$2.07B,39.90%,$5.18B,$0.50B,9.57%,$5.18B,$0.50B,9.57%,$5.18B,$0.90B,17.45%,$5.18B,$0.21B,3.98%,$5.18B,$0.08B,1.60%,$0.08B,$3.18B,2.70%,$0.08B,$-2.40B,-3.20%,$0.08B,$10.82B,0.78%,$0.50B,$8.72B,5.78%,$1292,$776,$516,$61,$256,$1094,$199,$-73,$126,$31,$94,$94,$61,$301,$199,$307,312,$0.20,$0.20,$599,$1158,$0,$3355,$1111,$0,$5576,$744,$7468,$10823,$1640,$5539,$0,$6004,$7644,$199,$721,$-43,$3178,$10823,$94,$102,$-47,$55,$4,$-57,$49,$-100,$91,$241,$-20,$0,$0,$-2,$0,$-2,$-6,$-28,$-1,$-46,$-47,$25,$25,$-35,$0,$-57,$142,$7,$-35
35,2009-12-31,18.43,$10.26,1.8,$15.32,1.2,$4.12,4.47,$0.23,80.13,$3.29B,$1.72B,1.91,$5.47B,$3.14B,1.74,$5.09B,$2.08B,40.74%,$5.09B,$0.52B,10.27%,$5.09B,$0.52B,10.27%,$5.09B,$0.92B,18.14%,$5.09B,$0.23B,4.46%,$5.09B,$0.09B,1.83%,$0.09B,$3.15B,3.16%,$0.09B,$-2.57B,-3.50%,$0.09B,$10.80B,0.89%,$0.52B,$8.62B,6.24%,$1352,$836,$516,$73,$269,$1292,$60,$-86,$-26,$-73,$47,$47,$4,$164,$60,$305,307,$0.02,$0.01,$456,$1114,$0,$3285,$1123,$0,$5716,$641,$7516,$10802,$1718,$5471,$0,$5938,$7657,$198,$660,$12,$3145,$10802,$248,$401,$110,$511,$-176,$20,$4,$114,$-154,$605,$-154,$0,$-237,$0,$0,$0,$56,$-335,$-344,$9,$-335,$20,$20,$-139,$0,$-454,$-177,$31,$-139
36,2009-09-30,16.01,$10.05,1.59,$14.87,1.08,$3.37,4.75,$0.09,177.89,$3.26B,$1.58B,2.06,$5.53B,$3.07B,1.8,$4.94B,$1.95B,39.52%,$4.94B,$0.50B,10.07%,$4.94B,$0.50B,10.07%,$4.94B,$0.89B,18.04%,$4.94B,$0.18B,3.64%,$4.94B,$0.03B,0.69%,$0.03B,$3.07B,1.19%,$0.03B,$-2.71B,-1.25%,$0.03B,$10.76B,0.33%,$0.50B,$8.61B,6.00%,$1264,$759,$505,$70,$260,$1203,$61,$-77,$-16,$-11,$-4,$-4,$-40,$165,$61,$305,305,$-0.13,$-0.13,$682,$1119,$0,$3262,$1085,$0,$5783,$587,$7501,$10763,$1583,$5534,$0,$6107,$7691,$198,$656,$-45,$3072,$10763,$200,$297,$104,$401,$48,$11,$-58,$2,$-55,$547,$-83,$0,$-211,$11,$23,$34,$-23,$-283,$-147,$-0,$-147,$9,$9,$-104,$0,$-243,$27,$24,$-104
37,2009-06-30,13.05,$9.54,1.37,$14.35,0.91,$2.17,6.0,$0.67,19.48,$3.02B,$1.42B,2.13,$5.39B,$2.91B,1.85,$5.34B,$2.36B,44.22%,$5.34B,$1.00B,18.70%,$5.34B,$1.00B,18.70%,$5.34B,$1.40B,26.14%,$5.34B,$0.67B,12.54%,$5.34B,$0.26B,4.80%,$0.26B,$2.91B,9.04%,$0.26B,$-2.70B,-9.17%,$0.26B,$10.24B,2.46%,$1.00B,$8.30B,12.08%,$1267,$739,$528,$74,$280,$1092,$175,$-53,$122,$26,$96,$96,$58,$273,$175,$305,306,$0.19,$0.19,$516,$1077,$0,$3023,$1078,$0,$5608,$501,$7220,$10243,$1421,$5391,$0,$5909,$7330,$198,$696,$-271,$2912,$10243,$205,$193,$-39,$155,$49,$22,$-63,$-58,$-23,$336,$-53,$0,$-173,$12,$23,$35,$-15,$-206,$-172,$-19,$-191,$1,$1,$-70,$-0,$-259,$-128,$15,$-70
38,2009-03-31,13.41,$8.69,1.54,$14.16,0.95,$1.55,8.65,$0.45,29.8,$2.91B,$1.34B,2.17,$5.37B,$2.65B,2.03,$5.27B,$2.25B,42.59%,$5.27B,$0.90B,17.01%,$5.27B,$0.90B,17.01%,$5.27B,$1.31B,24.77%,$5.27B,$0.54B,10.16%,$5.27B,$0.18B,3.45%,$0.18B,$2.65B,6.31%,$0.18B,$-2.66B,-6.13%,$0.18B,$9.90B,1.70%,$0.90B,$8.02B,10.93%,$1210,$684,$526,$59,$242,$983,$227,$-81,$147,$37,$109,$109,$71,$322,$227,$305,458,$0.23,$0.23,$533,$1019,$0,$2912,$1042,$0,$5310,$610,$6984,$9897,$1340,$5373,$0,$5907,$7247,$198,$638,$-599,$2649,$9897,$109,$95,$11,$106,$42,$19,$-29,$-87,$-89,$126,$-31,$0,$0,$2,$0,$2,$-1,$-30,$-152,$-7,$-159,$1,$1,$-35,$1,$-192,$-104,$8,$-35
39,2008-12-31,9.89,$9.15,1.08,$15.05,0.66,$2.28,4.34,$-1.17,0.0,$3.18B,$1.55B,2.06,$5.50B,$2.79B,1.98,$5.14B,$2.07B,40.30%,$5.14B,$0.30B,5.80%,$5.14B,$0.30B,5.80%,$5.14B,$1.11B,21.57%,$5.14B,$-0.07B,-1.40%,$5.14B,$-0.34B,-6.54%,$-0.34B,$2.79B,-11.15%,$-0.34B,$-2.83B,10.59%,$-0.34B,$10.41B,-3.02%,$0.30B,$8.29B,3.62%,$1203,$809,$395,$78,$266,$1169,$35,$-108,$-73,$-52,$-22,$-22,$-55,$132,$35,$304,304,$-0.18,$-0.05,$640,$1066,$0,$3175,$1064,$0,$5615,$540,$7235,$10410,$1545,$5501,$0,$6078,$7623,$198,$567,$-381,$2787,$10410,$-200,$810,$-45,$765,$-172,$-83,$23,$-37,$-181,$384,$-165,$0,$0,$48,$0,$48,$-35,$-153,$-104,$26,$-78,$64,$64,$-137,$-15,$-167,$73,$31,$-137
40,2008-09-30,11.42,$9.78,1.17,$13.70,0.83,$1.78,6.41,$-6.08,0.0,$3.42B,$1.82B,1.88,$5.46B,$2.98B,1.83,$4.60B,$1.80B,39.03%,$4.60B,$-1.00B,-21.66%,$4.60B,$-1.00B,-21.66%,$4.60B,$-0.21B,-4.45%,$4.60B,$-1.44B,-31.36%,$4.60B,$-1.60B,-34.85%,$-1.60B,$2.98B,-50.65%,$-1.60B,$-2.98B,48.28%,$-1.60B,$11.02B,-14.11%,$-1.00B,$8.44B,-12.10%,$1657,$746,$911,$75,$276,$1096,$561,$-88,$473,$256,$217,$217,$182,$668,$561,$304,458,$0.60,$0.47,$749,$1120,$0,$3418,$1051,$0,$5961,$538,$7606,$11024,$1822,$5457,$0,$6223,$8045,$198,$634,$-138,$2979,$11024,$-179,$713,$-31,$681,$-135,$-99,$-0,$-112,$-254,$249,$-102,$0,$0,$43,$0,$43,$-40,$-99,$28,$46,$74,$64,$64,$-103,$-14,$21,$171,$23,$-103
41,2008-06-30,12.07,$10.28,1.17,$11.99,1.01,$1.82,6.63,$-5.93,0.0,$3.48B,$2.11B,1.65,$4.95B,$3.13B,1.58,$3.42B,$1.11B,32.35%,$3.42B,$-1.47B,-42.84%,$3.42B,$-1.47B,-42.84%,$3.42B,$-0.75B,-22.03%,$3.42B,$-1.68B,-49.09%,$3.42B,$-1.64B,-47.81%,$-1.64B,$3.13B,-56.53%,$-1.64B,$-3.40B,69.83%,$-1.64B,$11.50B,-16.81%,$-1.47B,$8.08B,-20.92%,$1203,$789,$414,$81,$259,$1129,$74,$-85,$-11,$-29,$18,$18,$-16,$184,$74,$304,304,$-0.05,$-0.05,$572,$1151,$0,$3475,$1111,$0,$6526,$332,$8028,$11503,$2107,$4953,$0,$6267,$8373,$198,$462,$253,$3130,$11503,$-396,$605,$-180,$426,$-167,$-60,$1,$324,$132,$162,$-71,$0,$0,$38,$0,$38,$-50,$-83,$-69,$41,$-28,$1,$1,$-68,$-0,$-95,$-6,$16,$-68
42,2008-03-31,11.6,$10.36,1.12,$10.21,1.14,$1.98,5.85,$-5.58,0.0,$3.49B,$2.22B,1.57,$4.97B,$3.16B,1.58,$2.77B,$0.99B,35.80%,$2.77B,$-1.35B,-48.90%,$2.77B,$-1.35B,-48.90%,$2.77B,$-0.72B,-26.15%,$2.77B,$-1.54B,-55.70%,$2.77B,$-1.54B,-55.70%,$-1.54B,$3.16B,-60.56%,$-1.54B,$-3.48B,118.39%,$-1.54B,$11.60B,-19.31%,$-1.35B,$8.13B,-23.14%,$1074,$724,$350,$84,$253,$1446,$-372,$-90,$-461,$-47,$-414,$-414,$-447,$124,$-372,$304,304,$-1.47,$-1.47,$787,$1134,$0,$3486,$1123,$0,$6635,$337,$8113,$11599,$2221,$4974,$0,$6223,$8443,$198,$471,$280,$3156,$11599,$-414,$496,$-201,$294,$60,$-38,$-5,$298,$450,$331,$-45,$0,$0,$37,$0,$37,$-43,$-52,$-50,$14,$-35,$0,$0,$-33,$0,$-68,$208,$7,$-33
43,2007-12-31,14.06,$11.18,1.26,$8.82,1.59,$1.31,10.77,$-4.43,0.0,$3.06B,$2.00B,1.53,$4.91B,$3.40B,1.44,$2.18B,$0.88B,40.17%,$2.18B,$-0.99B,-45.36%,$2.18B,$-0.99B,-45.36%,$2.18B,$-0.83B,-38.11%,$2.18B,$-1.10B,-50.37%,$2.18B,$-1.16B,-53.44%,$-1.16B,$3.40B,-53.74%,$-1.16B,$-3.43B,447.69%,$-1.16B,$11.35B,-18.96%,$-0.99B,$8.32B,-21.28%,$668,$547,$121,$44,$213,$1929,$-1260,$-184,$-1444,$-137,$-1307,$-1310,$-1323,$-1181,$-1260,$257,257,$-5.14,$-5.14,$576,$1064,$0,$3059,$1103,$0,$6835,$338,$8294,$11353,$2002,$4913,$0,$5947,$7950,$198,$923,$83,$3403,$11353,$-1151,$158,$1176,$1334,$-124,$16,$86,$31,$-15,$168,$-111,$0,$-7002,$82,$0,$82,$-5,$-7035,$3312,$44,$3356,$756,$2830,$-30,$-87,$6069,$-768,$17,$-30
44,2007-09-30,15.96,$7.58,2.1,$8.08,1.97,$1.87,8.55,$1.24,12.87,$2.62B,$0.77B,3.42,$1.61B,$1.89B,0.85,$1.91B,$0.98B,51.20%,$1.91B,$0.67B,35.25%,$1.91B,$0.27B,14.23%,$1.91B,$0.77B,40.06%,$1.91B,$0.55B,28.92%,$1.91B,$0.29B,15.38%,$0.29B,$1.89B,18.48%,$0.29B,$0.94B,35.67%,$0.29B,$4.48B,7.63%,$0.67B,$3.50B,22.35%,$477,$255,$222,$34,$97,$385,$92,$144,$236,$88,$147,$150,$150,$119,$92,$249,251,$0.60,$0.60,$1270,$431,$0,$2617,$725,$0,$949,$142,$1860,$4477,$766,$1611,$0,$1824,$2590,$170,$2306,$12,$1887,$4477,$158,$79,$-62,$17,$-214,$14,$-12,$85,$-94,$228,$-137,$0,$-550,$113,$0,$113,$-2,$-577,$552,$40,$592,$724,$724,$-43,$-10,$1263,$917,$15,$-43
45,2007-06-30,18.19,$6.93,2.62,$7.88,2.31,$2.00,9.1,$1.00,18.19,$2.62B,$0.83B,3.16,$1.70B,$1.73B,0.98,$1.80B,$0.95B,52.89%,$1.80B,$0.72B,39.79%,$1.80B,$0.32B,17.48%,$1.80B,$0.79B,44.06%,$1.80B,$0.44B,24.36%,$1.80B,$0.22B,12.32%,$0.22B,$1.73B,16.34%,$0.22B,$0.77B,28.48%,$0.22B,$4.48B,6.84%,$0.72B,$3.42B,28.03%,$546,$250,$297,$32,$77,$358,$188,$-59,$129,$49,$80,$80,$80,$215,$188,$248,252,$0.32,$0.32,$1490,$432,$0,$2622,$707,$0,$954,$146,$1853,$4476,$829,$1697,$0,$1922,$2751,$170,$2157,$10,$1725,$4476,$8,$51,$51,$102,$-63,$10,$-45,$26,$-34,$224,$-108,$0,$-550,$2,$0,$2,$1,$-655,$741,$32,$773,$723,$723,$-28,$-12,$1456,$1029,$10,$-28
46,2007-03-31,21.07,$6.64,3.17,$7.37,2.86,$1.84,11.44,$1.03,20.46,$2.41B,$0.70B,3.44,$1.69B,$1.65B,1.02,$1.61B,$0.84B,52.36%,$1.61B,$0.65B,40.07%,$1.61B,$0.24B,15.14%,$1.61B,$0.70B,43.18%,$1.61B,$0.43B,26.43%,$1.61B,$0.22B,13.52%,$0.22B,$1.65B,19.04%,$0.22B,$0.68B,28.92%,$0.22B,$4.25B,8.32%,$0.65B,$3.33B,30.79%,$487,$252,$235,$37,$63,$495,$-8,$-11,$-18,$53,$-71,$-71,$-71,$17,$-8,$227,227,$-0.31,$-0.31,$1427,$429,$0,$2412,$687,$0,$966,$144,$1842,$4254,$701,$1685,$0,$1904,$2605,$170,$2103,$2,$1649,$4254,$-71,$25,$-5,$20,$-28,$7,$-6,$29,$44,$139,$-80,$0,$-550,$5,$0,$5,$1,$-624,$741,$18,$759,$716,$716,$-13,$-12,$1451,$965,$5,$-13
47,2006-12-31,19.84,$5.17,3.84,$5.22,3.8,$1.58,12.55,$1.34,14.81,$1.28B,$0.29B,4.46,$0.71B,$1.10B,0.64,$1.13B,$0.61B,54.13%,$1.13B,$0.65B,58.13%,$1.13B,$0.25B,22.40%,$1.13B,$0.68B,60.36%,$1.13B,$0.44B,39.47%,$1.13B,$0.29B,25.69%,$0.29B,$1.10B,31.09%,$0.29B,$0.91B,39.71%,$0.29B,$2.21B,14.28%,$0.65B,$1.81B,39.93%,$402,$177,$225,$23,$0,$0,$402,$0,$206,$70,$0,$0,$135,$415,$0,$212,216,$0.64,$0.63,$466,$315,$0,$1275,$462,$210,$195,$64,$931,$2207,$286,$708,$0,$819,$1105,$156,$2189,$2,$1102,$2207,$289,$37,$-30,$7,$-33,$-36,$-24,$16,$-45,$251,$-82,$0,$-211,$188,$0,$188,$-2,$-106,$-1,$-8,$-9,$36,$36,$-38,$2,$-8,$137,$17,$-38
