,Date,Stock Price,Book Value per Share,Price to Book Ratio,TTM Sales per Share,Price to Sales Ratio,TTM FCF per Share,Price to FCF Ratio,TTM Net EPS,PE Ratio,Current Assets,Current Liabilities,Current Ratio,Long Term Debt,Shareholder's Equity_x,Debt to Equity Ratio,TTM Revenue_x,TTM Gross Profit,Gross Margin,TTM Revenue_y,TTM Operating Income,Operating Margin,TTM Revenue_x,TTM EBIT,EBIT Margin,TTM Revenue_y,TTM EBITDA,EBITDA Margin,TTM Revenue_x,TTM Pre-Tax Income,Pre-Tax Margin,TTM Revenue_y,TTM Net Income_x,Net Margin,TTM Net Income_y,Shareholder's Equity_y,Return on Equity,TTM Net Income_x,Tangible Equity,Return on Tangible Equity,TTM Net Income_y,Total Assets,Return on Assets,TTM Net Income,LT Investments & Debt,Return on Investment,revenue,cost-goods-sold,gross-profit,research-development-expenses,selling-general-administrative-expenses,operating-expenses,operating-income,total-non-operating-income-expense,pre-tax-income,total-provision-income-taxes,income-after-taxes,income-from-continuous-operations,net-income,ebitda,ebit,basic-shares-outstanding,shares-outstanding,eps-basic-net-earnings-per-share,eps-earnings-per-share-diluted,cash-on-hand,inventory,other-current-assets,total-current-assets,net-property-plant-equipment,long-term-investments,goodwill-intangible-assets-total,other-long-term-assets,total-long-term-assets,total-assets,total-current-liabilities,long-term-debt,other-non-current-liabilities,total-long-term-liabilities,total-liabilities,common-stock-net,retained-earnings-accumulated-deficit,comprehensive-income,total-share-holder-equity,total-liabilities-share-holders-equity,net-income-loss,total-depreciation-amortization-cash-flow,other-non-cash-items,total-non-cash-items,change-in-accounts-receivable,change-in-inventories,change-in-accounts-payable,change-in-assets-liabilities,total-change-in-assets-liabilities,cash-flow-from-operating-activities,net-change-in-property-plant-equipment,net-change-in-intangible-assets,net-acquisitions-divestitures,net-change-in-short-term-investments,net-change-in-long-term-investments,net-change-in-investments-total,investing-activities-other,cash-flow-from-investing-activities,net-long-term-debt,net-current-debt,debt-issuance-retirement-net-total,net-common-equity-issued-repurchased,net-total-equity-issued-repurchased,total-common-preferred-stock-dividends-paid,financial-activities-other,cash-flow-from-financial-activities,net-cash-flow,stock-based-compensation,common-stock-dividends-paid
0,2018-09-30,65.2,$9.43,6.92,$0.98,66.4,$-3.01,0.0,$-1.20,0.0,$0.38B,$0.05B,8.62,$0.00B,$0.38B,0.0,$0.04B,$0.04B,100.00%,$0.04B,$-0.06B,-160.00%,$0.04B,$-0.06B,-160.00%,$0.04B,$-0.05B,-151.43%,$0.04B,$-0.05B,-145.71%,$0.04B,$-0.05B,-145.71%,$-0.05B,$0.38B,-16.80%,$-0.05B,$0.38B,-16.80%,$-0.05B,$0.42B,-14.50%,$-0.06B,$0.38B,-18.45%,$9,$0,$9,$16,$11,$27,$-18,$2,$-16,$0,$-16,$-16,$-16,$-17,$-18,$40,40,$-0.39,$-0.39,$379,$0,$0,$384,$5,$33,$0,$2,$40,$424,$45,$0,$0,$0,$45,$0,$-187,$-0,$379,$424,$-52,$1,$14,$15,$-2,$0,$0,$-8,$-10,$-47,$-3,$0,$0,$0,$-24,$-24,$0,$-27,$0,$0,$0,$188,$188,$0,$-1,$187,$113,$14,$0
1,2018-06-30,49.65,$9.66,5.14,$0.84,58.78,$-1.89,0.0,$-1.62,0.0,$0.40B,$0.05B,8.53,$0.00B,$0.39B,0.0,$0.03B,$0.03B,100.00%,$0.03B,$-0.06B,-189.66%,$0.03B,$-0.06B,-189.66%,$0.03B,$-0.05B,-182.76%,$0.03B,$-0.05B,-179.31%,$0.03B,$-0.05B,-179.31%,$-0.05B,$0.39B,-19.22%,$-0.05B,$0.39B,-19.22%,$-0.05B,$0.43B,-16.37%,$-0.06B,$0.39B,-20.33%,$7,$0,$7,$17,$9,$26,$-19,$1,$-18,$0,$-18,$-18,$-18,$-19,$-19,$37,37,$-0.49,$-0.49,$399,$0,$0,$401,$5,$28,$0,$0,$33,$434,$47,$0,$0,$0,$47,$0,$-171,$-0,$387,$434,$-36,$1,$8,$9,$1,$0,$1,$-7,$-5,$-32,$-2,$0,$0,$0,$-28,$-28,$0,$-30,$0,$0,$0,$185,$185,$0,$-0,$184,$122,$8,$0
2,2018-03-31,48.8,$6.05,8.07,$0.76,63.91,$-0.54,0.0,$-1.54,0.0,$0.23B,$0.05B,4.63,$0.00B,$0.22B,0.0,$0.03B,$0.03B,100.00%,$0.03B,$-0.05B,-208.00%,$0.03B,$-0.05B,-208.00%,$0.03B,$-0.05B,-196.00%,$0.03B,$-0.05B,-196.00%,$0.03B,$-0.05B,-196.00%,$-0.05B,$0.22B,-23.93%,$-0.05B,$0.22B,-23.93%,$-0.05B,$0.27B,-19.46%,$-0.05B,$0.22B,-25.40%,$5,$0,$5,$17,$7,$24,$-19,$1,$-18,$0,$-18,$-18,$-18,$-18,$-19,$36,36,$-0.50,$-0.50,$224,$0,$0,$226,$4,$36,$0,$1,$40,$266,$49,$0,$0,$0,$49,$0,$-153,$-0,$217,$266,$-18,$0,$4,$4,$1,$0,$0,$-4,$-3,$-17,$-1,$0,$0,$0,$-24,$-24,$0,$-25,$0,$0,$0,$1,$1,$0,$0,$1,$-41,$4,$0
3,2017-12-31,42.1,$6.44,6.54,$0.69,60.82,$0.85,49.65,$-1.41,0.0,$0.26B,$0.05B,5.0,$0.00B,$0.23B,0.0,$0.02B,$0.02B,100.00%,$0.02B,$-0.05B,-218.18%,$0.02B,$-0.05B,-218.18%,$0.02B,$-0.05B,-209.09%,$0.02B,$-0.05B,-209.09%,$0.02B,$-0.05B,-209.09%,$-0.05B,$0.23B,-24.97%,$-0.05B,$0.23B,-24.97%,$-0.05B,$0.28B,-19.89%,$-0.05B,$0.23B,-26.05%,$14,$0,$14,$8,$6,$14,$0,$1,$1,$0,$1,$1,$1,$1,$0,$33,33,$0.07,$0.07,$257,$0,$0,$259,$3,$20,$0,$0,$23,$283,$52,$0,$0,$0,$52,$0,$-135,$-0,$231,$283,$-46,$1,$6,$8,$44,$0,$0,$-16,$29,$-10,$-2,$0,$0,$0,$-36,$-36,$-0,$-38,$0,$0,$0,$136,$136,$0,$-0,$136,$89,$6,$0
4,2017-09-30,42.85,$6.91,6.21,$1.30,32.85,$0.39,108.51,$-0.76,0.0,$0.25B,$0.04B,7.07,$0.00B,$0.25B,0.0,$0.04B,$0.04B,100.00%,$0.04B,$-0.03B,-91.89%,$0.04B,$-0.03B,-91.89%,$0.04B,$-0.03B,-89.19%,$0.04B,$-0.03B,-89.19%,$0.04B,$-0.03B,-89.19%,$-0.03B,$0.25B,-20.28%,$-0.03B,$0.25B,-20.28%,$-0.03B,$0.29B,-15.66%,$-0.03B,$0.25B,-20.89%,$3,$0,$3,$14,$6,$20,$-17,$0,$-17,$0,$-17,$-17,$-17,$-17,$-17,$34,34,$-0.50,$-0.50,$247,$0,$0,$249,$3,$36,$0,$0,$39,$288,$35,$0,$0,$6,$41,$0,$-116,$-0,$247,$288,$-47,$1,$4,$5,$45,$0,$0,$-7,$38,$-3,$-1,$0,$0,$0,$-40,$-40,$0,$-41,$0,$0,$0,$136,$136,$0,$-0,$136,$91,$4,$0
5,2017-06-30,13.1,$3.95,3.32,$1.35,9.73,$-0.81,0.0,$-0.69,0.0,$0.14B,$0.03B,3.96,$0.00B,$0.12B,0.0,$0.04B,$0.04B,100.00%,$0.04B,$-0.03B,-68.42%,$0.04B,$-0.03B,-68.42%,$0.04B,$-0.03B,-65.79%,$0.04B,$-0.03B,-65.79%,$0.04B,$-0.03B,-65.79%,$-0.03B,$0.12B,-21.14%,$-0.03B,$0.12B,-21.14%,$-0.03B,$0.17B,-15.72%,$-0.03B,$0.12B,-21.99%,$3,$0,$3,$14,$5,$19,$-16,$0,$-15,$0,$-15,$-15,$-15,$-15,$-16,$31,31,$-0.50,$-0.50,$133,$0,$0,$135,$3,$32,$0,$0,$35,$170,$34,$0,$0,$12,$46,$0,$-102,$-0,$124,$170,$-30,$1,$3,$3,$45,$0,$-0,$-4,$41,$14,$-1,$0,$0,$0,$-32,$-32,$0,$-33,$0,$0,$0,$0,$0,$0,$-0,$0,$-18,$3,$0
6,2017-03-31,13.15,$4.30,3.06,$1.39,9.49,$-2.17,0.0,$-0.65,0.0,$0.15B,$0.03B,4.68,$0.00B,$0.14B,0.0,$0.04B,$0.04B,100.00%,$0.04B,$-0.02B,-51.28%,$0.04B,$-0.02B,-51.28%,$0.04B,$-0.02B,-51.28%,$0.04B,$-0.02B,-51.28%,$0.04B,$-0.02B,-51.28%,$-0.02B,$0.14B,-18.78%,$-0.02B,$0.14B,-18.78%,$-0.02B,$0.18B,-14.34%,$-0.02B,$0.14B,-18.78%,$2,$0,$2,$12,$5,$17,$-15,$0,$-15,$0,$-15,$-15,$-15,$-15,$-15,$31,31,$-0.47,$-0.47,$148,$0,$0,$149,$3,$32,$0,$0,$35,$184,$32,$0,$0,$17,$49,$0,$-89,$-0,$135,$184,$-15,$0,$1,$2,$45,$0,$1,$-5,$41,$28,$-0,$0,$0,$0,$-28,$-28,$0,$-28,$0,$0,$0,$0,$0,$0,$-0,$-0,$-0,$1,$0
7,2016-12-31,12.95,$4.63,2.8,$1.44,8.97,$-3.55,0.0,$-0.60,0.0,$0.19B,$0.03B,5.65,$0.00B,$0.15B,0.0,$0.04B,$0.04B,100.00%,$0.04B,$-0.01B,-31.71%,$0.04B,$-0.01B,-31.71%,$0.04B,$-0.01B,-31.71%,$0.04B,$-0.01B,-31.71%,$0.04B,$-0.01B,-31.71%,$-0.01B,$0.15B,-13.79%,$-0.01B,$0.15B,-13.79%,$-0.01B,$0.20B,-10.88%,$-0.01B,$0.15B,-13.79%,$29,$0,$29,$10,$4,$14,$14,$0,$14,$0,$14,$14,$14,$14,$14,$27,27,$0.56,$0.56,$140,$0,$0,$186,$3,$12,$0,$0,$15,$201,$33,$0,$0,$23,$56,$0,$-78,$0,$145,$201,$-13,$1,$3,$4,$-45,$0,$-0,$34,$-12,$-21,$-1,$0,$0,$0,$-16,$-16,$0,$-17,$0,$0,$0,$62,$62,$0,$0,$62,$24,$3,$0
8,2016-09-30,16.34,$2.54,6.43,$0.97,16.87,$-8.06,0.0,$-1.52,0.0,$0.08B,$0.01B,6.38,$0.00B,$0.07B,0.0,$0.02B,$0.02B,100.00%,$0.02B,$-0.04B,-218.75%,$0.02B,$-0.04B,-218.75%,$0.02B,$-0.04B,-218.75%,$0.02B,$-0.04B,-218.75%,$0.02B,$-0.04B,-225.00%,$-0.04B,$0.07B,-44.17%,$-0.04B,$0.07B,-44.17%,$-0.04B,$0.08B,-36.55%,$-0.04B,$0.07B,-42.94%,$4,$0,$4,$9,$4,$13,$-9,$0,$-9,$0,$-9,$-9,$-9,$-9,$-9,$26,26,$-0.35,$-0.35,$77,$0,$0,$78,$3,$0,$0,$1,$3,$81,$12,$0,$1,$1,$13,$0,$-92,$0,$69,$81,$-27,$1,$2,$3,$0,$0,$-0,$-9,$-10,$-34,$-1,$0,$0,$0,$0,$0,$0,$-1,$0,$0,$0,$0,$0,$0,$-0,$0,$-35,$2,$0
