,Date,Stock Price,Book Value per Share,Price to Book Ratio,TTM Sales per Share,Price to Sales Ratio,TTM FCF per Share,Price to FCF Ratio,TTM Net EPS,PE Ratio,Current Assets,Current Liabilities,Current Ratio,Long Term Debt,Shareholder's Equity_x,Debt to Equity Ratio,TTM Revenue_x,TTM Gross Profit,Gross Margin,TTM Revenue_y,TTM Operating Income,Operating Margin,TTM Revenue_x,TTM EBIT,EBIT Margin,TTM Revenue_y,TTM EBITDA,EBITDA Margin,TTM Revenue_x,TTM Pre-Tax Income,Pre-Tax Margin,TTM Revenue_y,TTM Net Income_x,Net Margin,TTM Net Income_y,Shareholder's Equity_y,Return on Equity,TTM Net Income_x,Tangible Equity,Return on Tangible Equity,TTM Net Income_y,Total Assets,Return on Assets,TTM Net Income,LT Investments & Debt,Return on Investment,revenue,cost-goods-sold,gross-profit,research-development-expenses,selling-general-administrative-expenses,operating-expenses,operating-income,total-non-operating-income-expense,pre-tax-income,total-provision-income-taxes,income-after-taxes,income-from-continuous-operations,net-income,ebitda,ebit,basic-shares-outstanding,shares-outstanding,eps-basic-net-earnings-per-share,eps-earnings-per-share-diluted,cash-on-hand,inventory,other-current-assets,total-current-assets,net-property-plant-equipment,long-term-investments,goodwill-intangible-assets-total,other-long-term-assets,total-long-term-assets,total-assets,total-current-liabilities,long-term-debt,other-non-current-liabilities,total-long-term-liabilities,total-liabilities,common-stock-net,retained-earnings-accumulated-deficit,comprehensive-income,total-share-holder-equity,total-liabilities-share-holders-equity,net-income-loss,total-depreciation-amortization-cash-flow,other-non-cash-items,total-non-cash-items,change-in-accounts-receivable,change-in-inventories,change-in-accounts-payable,change-in-assets-liabilities,total-change-in-assets-liabilities,cash-flow-from-operating-activities,net-change-in-property-plant-equipment,net-change-in-intangible-assets,net-acquisitions-divestitures,net-change-in-short-term-investments,net-change-in-long-term-investments,net-change-in-investments-total,investing-activities-other,cash-flow-from-investing-activities,net-long-term-debt,net-current-debt,debt-issuance-retirement-net-total,net-common-equity-issued-repurchased,net-total-equity-issued-repurchased,total-common-preferred-stock-dividends-paid,financial-activities-other,cash-flow-from-financial-activities,net-cash-flow,stock-based-compensation,common-stock-dividends-paid
0,2018-09-30,32.64,$18.88,1.73,$88.06,0.37,$0.89,36.56,$2.05,15.92,$0.43B,$0.25B,1.69,$0.09B,$0.31B,0.28,$1.46B,$0.16B,10.75%,$1.46B,$0.05B,3.15%,$1.46B,$0.05B,3.15%,$1.46B,$0.09B,5.82%,$1.46B,$0.04B,2.74%,$1.46B,$0.04B,2.40%,$0.04B,$0.31B,11.71%,$0.04B,$0.22B,15.02%,$0.04B,$0.70B,5.57%,$0.05B,$0.40B,12.31%,$400,$354,$45,$0,$31,$385,$14,$-3,$11,$3,$8,$8,$8,$24,$14,$16,17,$0.48,$0.48,$0,$0,$130,$427,$162,$2,$91,$3,$275,$702,$252,$88,$35,$137,$389,$0,$164,$-0,$313,$702,$20,$29,$1,$30,$25,$0,$-14,$-6,$8,$59,$-36,$0,$-47,$0,$0,$0,$0,$-83,$10,$0,$10,$1,$1,$0,$9,$20,$-5,$2,$0
1,2018-06-30,35.46,$18.27,1.94,$86.71,0.41,$-3.12,0.0,$1.88,18.86,$0.38B,$0.21B,1.86,$0.06B,$0.30B,0.2,$1.43B,$0.15B,10.25%,$1.43B,$0.04B,3.00%,$1.43B,$0.04B,3.00%,$1.43B,$0.08B,5.72%,$1.43B,$0.04B,2.65%,$1.43B,$0.03B,2.23%,$0.03B,$0.30B,11.07%,$0.03B,$0.25B,13.84%,$0.03B,$0.62B,5.26%,$0.04B,$0.36B,11.87%,$340,$301,$39,$0,$29,$329,$10,$-1,$10,$3,$7,$7,$7,$20,$10,$16,17,$0.42,$0.41,$4,$0,$95,$384,$156,$1,$58,$4,$232,$616,$207,$60,$33,$106,$313,$0,$156,$-0,$303,$616,$12,$19,$0,$19,$2,$0,$-10,$22,$14,$45,$-26,$0,$0,$0,$0,$0,$0,$-26,$-22,$0,$-22,$1,$1,$0,$0,$-21,$-1,$1,$0
2,2018-03-31,30.82,$17.79,1.73,$87.82,0.35,$-4.24,0.0,$1.54,20.01,$0.36B,$0.18B,2.0,$0.07B,$0.29B,0.24,$1.45B,$0.14B,9.38%,$1.45B,$0.04B,2.55%,$1.45B,$0.04B,2.55%,$1.45B,$0.08B,5.17%,$1.45B,$0.03B,2.21%,$1.45B,$0.03B,1.79%,$0.03B,$0.29B,9.29%,$0.03B,$0.24B,11.70%,$0.03B,$0.59B,4.36%,$0.04B,$0.36B,10.56%,$346,$310,$36,$0,$28,$337,$8,$-0,$8,$2,$6,$6,$6,$18,$8,$16,17,$0.35,$0.34,$2,$0,$101,$364,$152,$1,$58,$4,$228,$592,$182,$70,$33,$116,$298,$0,$149,$-0,$293,$592,$6,$9,$0,$10,$26,$0,$-4,$-15,$7,$22,$-13,$0,$0,$0,$0,$0,$0,$-13,$-12,$0,$-12,$-0,$-0,$0,$0,$-12,$-4,$0,$0
3,2017-12-31,35.73,$17.43,2.05,$85.14,0.42,$-4.52,0.0,$1.27,28.13,$0.38B,$0.19B,2.01,$0.08B,$0.29B,0.28,$1.40B,$0.13B,8.97%,$1.40B,$0.03B,2.07%,$1.40B,$0.03B,2.07%,$1.40B,$0.07B,4.77%,$1.40B,$0.03B,1.78%,$1.40B,$0.02B,1.50%,$0.02B,$0.29B,7.70%,$0.02B,$0.23B,9.78%,$0.02B,$0.60B,3.58%,$0.03B,$0.37B,8.62%,$374,$337,$37,$0,$24,$359,$14,$-3,$11,$-3,$14,$14,$14,$23,$14,$16,16,$0.83,$0.83,$5,$0,$87,$380,$148,$0,$58,$4,$224,$604,$189,$82,$33,$128,$317,$0,$143,$-0,$287,$604,$21,$39,$-3,$35,$-46,$0,$8,$-30,$-66,$-9,$-27,$0,$0,$0,$0,$0,$0,$-27,$19,$0,$19,$-2,$-2,$0,$0,$17,$-19,$4,$0
4,2017-09-30,29.14,$16.56,1.76,$82.18,0.35,$-0.50,0.0,$0.93,31.33,$0.39B,$0.21B,1.84,$0.08B,$0.27B,0.3,$1.37B,$0.13B,9.53%,$1.37B,$0.03B,2.18%,$1.37B,$0.03B,2.18%,$1.37B,$0.07B,5.02%,$1.37B,$0.03B,2.18%,$1.37B,$0.02B,1.09%,$0.02B,$0.27B,5.62%,$0.02B,$0.22B,7.19%,$0.02B,$0.62B,2.59%,$0.03B,$0.36B,9.21%,$374,$339,$35,$0,$24,$362,$11,$-2,$9,$4,$5,$5,$5,$21,$11,$16,16,$0.32,$0.31,$2,$0,$113,$393,$150,$0,$58,$4,$227,$621,$214,$82,$34,$134,$348,$0,$130,$-0,$273,$621,$8,$29,$2,$31,$-37,$0,$15,$-41,$-61,$-22,$-22,$0,$0,$0,$0,$0,$0,$-22,$20,$0,$20,$-2,$-2,$0,$4,$21,$-22,$3,$0
5,2017-06-30,31.02,$16.20,1.92,$77.02,0.4,$3.71,8.35,$1.00,31.02,$0.34B,$0.20B,1.67,$0.05B,$0.27B,0.18,$1.28B,$0.13B,10.13%,$1.28B,$0.03B,2.34%,$1.28B,$0.03B,2.34%,$1.28B,$0.07B,5.38%,$1.28B,$0.03B,2.42%,$1.28B,$0.02B,1.25%,$0.02B,$0.27B,6.14%,$0.02B,$0.21B,7.89%,$0.02B,$0.57B,2.92%,$0.03B,$0.32B,9.72%,$356,$329,$28,$0,$25,$353,$4,$0,$4,$3,$1,$1,$1,$13,$4,$16,17,$0.08,$0.07,$10,$0,$101,$338,$156,$0,$58,$4,$232,$570,$203,$48,$33,$100,$303,$0,$125,$-0,$267,$570,$2,$19,$0,$19,$13,$0,$15,$-34,$-3,$19,$-18,$0,$0,$0,$0,$0,$0,$-18,$-15,$0,$-15,$-1,$-1,$0,$0,$-16,$-14,$3,$0
6,2017-03-31,41.0,$16.02,2.56,$70.25,0.58,$5.69,7.2,$1.24,33.06,$0.33B,$0.22B,1.49,$0.04B,$0.26B,0.16,$1.19B,$0.13B,11.19%,$1.19B,$0.04B,2.94%,$1.19B,$0.04B,2.94%,$1.19B,$0.08B,6.31%,$1.19B,$0.04B,3.03%,$1.19B,$0.02B,1.77%,$0.02B,$0.26B,8.22%,$0.02B,$0.21B,10.63%,$0.02B,$0.55B,4.01%,$0.04B,$0.31B,11.78%,$300,$274,$26,$0,$26,$300,$0,$0,$1,$-0,$1,$1,$1,$10,$0,$16,16,$0.07,$0.07,$7,$0,$80,$331,$156,$0,$58,$3,$218,$549,$223,$43,$1,$62,$285,$0,$124,$-0,$264,$549,$1,$10,$-0,$10,$12,$0,$-10,$-2,$2,$13,$-9,$0,$0,$0,$0,$0,$0,$-9,$-20,$0,$-20,$-1,$-1,$0,$0,$-21,$-17,$1,$0
7,2016-12-31,37.68,$16.11,2.34,$64.93,0.58,$6.04,6.24,$1.27,29.67,$0.34B,$0.20B,1.75,$0.06B,$0.26B,0.24,$1.14B,$0.13B,11.72%,$1.14B,$0.04B,3.32%,$1.14B,$0.04B,3.32%,$1.14B,$0.08B,6.82%,$1.14B,$0.04B,3.32%,$1.14B,$0.02B,1.92%,$0.02B,$0.26B,8.28%,$0.02B,$0.21B,10.59%,$0.02B,$0.57B,4.29%,$0.04B,$0.33B,12.81%,$344,$302,$42,$0,$27,$328,$15,$1,$16,$8,$8,$8,$8,$25,$15,$17,17,$0.44,$0.44,$24,$0,$78,$343,$155,$0,$58,$3,$231,$573,$196,$63,$33,$114,$310,$0,$123,$-0,$263,$573,$21,$39,$8,$47,$-27,$0,$17,$-9,$-14,$54,$-22,$0,$-12,$0,$0,$0,$0,$-34,$58,$0,$58,$-95,$-95,$0,$1,$-36,$-16,$5,$0
8,2016-09-30,30.1,$15.48,1.94,$58.13,0.52,$4.15,7.26,$1.08,27.87,$0.29B,$0.20B,1.44,$0.04B,$0.25B,0.15,$1.07B,$0.13B,11.68%,$1.07B,$0.03B,3.08%,$1.07B,$0.03B,3.08%,$1.07B,$0.07B,6.82%,$1.07B,$0.03B,2.99%,$1.07B,$0.02B,1.87%,$0.02B,$0.25B,7.08%,$0.02B,$0.19B,8.92%,$0.02B,$0.50B,4.00%,$0.03B,$0.29B,11.08%,$283,$249,$34,$0,$23,$272,$11,$-1,$10,$4,$6,$6,$6,$21,$11,$16,16,$0.39,$0.38,$1,$0,$86,$286,$153,$0,$58,$3,$214,$500,$198,$38,$1,$53,$251,$0,$116,$0,$249,$500,$14,$29,$2,$32,$2,$0,$11,$-18,$-5,$40,$-15,$0,$0,$0,$0,$0,$0,$-15,$33,$0,$33,$-99,$-99,$0,$2,$-64,$-39,$3,$0
9,2016-06-30,24.08,$15.16,1.59,$53.35,0.45,$1.18,20.48,$0.99,24.32,$0.25B,$0.19B,1.36,$0.02B,$0.25B,0.1,$1.06B,$0.12B,11.35%,$1.06B,$0.03B,3.03%,$1.06B,$0.03B,3.03%,$1.06B,$0.07B,6.81%,$1.06B,$0.03B,3.03%,$1.06B,$0.02B,1.89%,$0.02B,$0.25B,6.55%,$0.02B,$0.19B,8.09%,$0.02B,$0.47B,3.88%,$0.03B,$0.27B,10.27%,$262,$230,$31,$0,$23,$253,$9,$-0,$9,$3,$6,$6,$6,$19,$9,$17,18,$0.32,$0.31,$3,$0,$74,$254,$156,$0,$58,$4,$218,$472,$187,$24,$1,$39,$226,$0,$113,$0,$246,$472,$7,$20,$2,$22,$25,$0,$5,$-14,$17,$46,$-10,$0,$0,$0,$0,$0,$0,$-10,$20,$0,$20,$-92,$-92,$0,$-1,$-73,$-36,$2,$0
10,2016-03-31,25.11,$16.16,1.55,$51.56,0.49,$-1.78,0.0,$1.06,23.69,$0.29B,$0.18B,1.58,$0.00B,$0.31B,0.0,$1.07B,$0.12B,11.30%,$1.07B,$0.04B,3.36%,$1.07B,$0.04B,3.36%,$1.07B,$0.08B,7.00%,$1.07B,$0.04B,3.36%,$1.07B,$0.02B,2.05%,$0.02B,$0.31B,6.69%,$0.02B,$0.25B,8.13%,$0.02B,$0.51B,4.09%,$0.04B,$0.31B,10.93%,$254,$226,$27,$0,$24,$250,$3,$-0,$3,$1,$2,$2,$2,$13,$3,$19,20,$0.10,$0.10,$26,$0,$78,$290,$154,$0,$58,$3,$215,$505,$184,$1,$1,$16,$200,$0,$153,$0,$305,$505,$2,$10,$0,$10,$14,$0,$8,$-17,$2,$14,$-3,$0,$0,$0,$0,$0,$0,$-3,$0,$0,$0,$-26,$-26,$0,$0,$-25,$-14,$1,$0
11,2015-12-31,20.61,$16.52,1.25,$50.24,0.41,$-3.04,0.0,$1.30,15.85,$0.30B,$0.18B,1.69,$0.00B,$0.33B,0.0,$1.06B,$0.12B,11.59%,$1.06B,$0.05B,4.24%,$1.06B,$0.05B,4.24%,$1.06B,$0.08B,7.82%,$1.06B,$0.04B,4.15%,$1.06B,$0.03B,2.54%,$0.03B,$0.33B,8.06%,$0.03B,$0.27B,9.74%,$0.03B,$0.53B,4.97%,$0.05B,$0.33B,13.43%,$271,$239,$33,$0,$23,$261,$10,$-0,$10,$4,$6,$6,$6,$20,$10,$21,21,$0.29,$0.29,$40,$0,$59,$303,$161,$0,$58,$2,$222,$525,$180,$0,$1,$15,$195,$0,$168,$0,$330,$525,$27,$38,$4,$42,$-18,$0,$7,$-13,$-27,$43,$-44,$0,$-13,$0,$0,$0,$0,$-57,$0,$0,$0,$-26,$-26,$0,$2,$-24,$-38,$5,$0
12,2015-09-30,26.2,$16.40,1.6,$49.04,0.53,$-2.24,0.0,$1.67,15.69,$0.34B,$0.19B,1.74,$0.00B,$0.34B,0.0,$1.04B,$0.13B,12.68%,$1.04B,$0.06B,5.48%,$1.04B,$0.06B,5.48%,$1.04B,$0.09B,9.03%,$1.04B,$0.06B,5.38%,$1.04B,$0.04B,3.36%,$0.04B,$0.34B,10.50%,$0.04B,$0.28B,12.68%,$0.04B,$0.56B,6.45%,$0.06B,$0.34B,17.10%,$270,$241,$29,$0,$19,$260,$10,$0,$10,$4,$6,$6,$6,$20,$10,$21,21,$0.30,$0.29,$30,$0,$84,$335,$165,$0,$58,$1,$225,$560,$193,$0,$1,$26,$218,$0,$174,$0,$341,$560,$21,$28,$2,$30,$-24,$0,$17,$-30,$-41,$11,$-41,$0,$-11,$0,$0,$0,$0,$-52,$0,$0,$0,$-7,$-7,$0,$2,$-6,$-47,$4,$0
13,2015-06-30,30.96,$16.18,1.91,$47.87,0.65,$-0.92,0.0,$1.77,17.49,$0.34B,$0.20B,1.72,$0.00B,$0.34B,0.0,$1.02B,$0.14B,13.35%,$1.02B,$0.06B,5.89%,$1.02B,$0.06B,5.89%,$1.02B,$0.10B,9.42%,$1.02B,$0.06B,5.79%,$1.02B,$0.04B,3.63%,$0.04B,$0.34B,11.36%,$0.04B,$0.28B,13.75%,$0.04B,$0.56B,6.92%,$0.06B,$0.34B,18.42%,$276,$245,$32,$0,$19,$263,$13,$-0,$13,$5,$8,$8,$8,$22,$13,$21,21,$0.39,$0.38,$47,$0,$86,$337,$166,$0,$59,$1,$226,$562,$196,$0,$1,$26,$222,$0,$173,$0,$340,$562,$15,$18,$1,$20,$-8,$0,$21,$-36,$-26,$9,$-28,$0,$-11,$0,$0,$0,$0,$-40,$0,$0,$0,$-2,$-2,$0,$2,$-0,$-31,$3,$0
14,2015-03-31,31.34,$15.76,1.99,$45.42,0.69,$-0.97,0.0,$1.75,17.91,$0.31B,$0.17B,1.82,$0.00B,$0.33B,0.0,$0.97B,$0.14B,13.89%,$0.97B,$0.06B,6.07%,$0.97B,$0.06B,6.07%,$0.97B,$0.10B,9.77%,$0.97B,$0.06B,5.97%,$0.97B,$0.04B,3.81%,$0.04B,$0.33B,11.62%,$0.04B,$0.27B,14.12%,$0.04B,$0.53B,7.01%,$0.06B,$0.33B,18.52%,$244,$215,$29,$0,$19,$233,$12,$-0,$11,$4,$7,$7,$7,$21,$12,$21,21,$0.35,$0.34,$62,$0,$71,$314,$156,$0,$56,$1,$214,$528,$173,$0,$1,$26,$199,$0,$178,$0,$329,$528,$7,$9,$0,$9,$1,$0,$5,$-21,$-15,$1,$-15,$0,$0,$0,$0,$0,$0,$-15,$0,$0,$0,$-3,$-3,$0,$1,$-2,$-16,$1,$0
15,2014-12-31,27.4,$15.51,1.77,$43.84,0.62,$-1.29,0.0,$1.70,16.12,$0.31B,$0.17B,1.83,$0.00B,$0.32B,0.0,$0.94B,$0.13B,14.09%,$0.94B,$0.06B,6.04%,$0.94B,$0.06B,6.04%,$0.94B,$0.09B,9.75%,$0.94B,$0.06B,6.04%,$0.94B,$0.04B,3.81%,$0.04B,$0.32B,11.55%,$0.04B,$0.27B,14.10%,$0.04B,$0.52B,6.86%,$0.06B,$0.32B,18.28%,$251,$209,$42,$0,$20,$229,$22,$-0,$22,$8,$14,$14,$14,$31,$22,$21,21,$0.67,$0.65,$78,$0,$51,$314,$149,$0,$56,$1,$207,$520,$172,$0,$1,$26,$198,$0,$171,$0,$323,$520,$37,$33,$8,$42,$16,$0,$-17,$-22,$-23,$55,$-39,$0,$0,$0,$0,$0,$0,$-39,$0,$0,$0,$-16,$-16,$0,$1,$-15,$1,$5,$0
16,2014-09-30,24.08,$14.85,1.62,$44.03,0.55,$0.44,54.26,$1.50,16.05,$0.32B,$0.19B,1.64,$0.00B,$0.31B,0.0,$0.95B,$0.13B,13.19%,$0.95B,$0.05B,5.38%,$0.95B,$0.05B,5.38%,$0.95B,$0.09B,8.97%,$0.95B,$0.05B,5.38%,$0.95B,$0.03B,3.38%,$0.03B,$0.31B,10.49%,$0.03B,$0.26B,12.88%,$0.03B,$0.53B,6.08%,$0.05B,$0.31B,16.72%,$248,$216,$33,$0,$19,$235,$13,$-0,$13,$5,$8,$8,$8,$22,$13,$21,22,$0.40,$0.39,$65,$0,$64,$317,$154,$0,$57,$1,$212,$529,$193,$0,$1,$25,$217,$0,$157,$0,$311,$529,$22,$25,$5,$29,$13,$0,$-11,$-20,$-18,$34,$-36,$0,$0,$0,$0,$0,$0,$-36,$0,$0,$0,$-10,$-10,$0,$0,$-10,$-12,$3,$0
17,2014-06-30,25.33,$14.59,1.74,$43.34,0.58,$2.45,10.35,$1.49,17.0,$0.32B,$0.20B,1.64,$0.00B,$0.31B,0.0,$0.93B,$0.12B,13.29%,$0.93B,$0.05B,5.47%,$0.93B,$0.05B,5.47%,$0.93B,$0.08B,8.90%,$0.93B,$0.05B,5.47%,$0.93B,$0.03B,3.43%,$0.03B,$0.31B,10.73%,$0.03B,$0.25B,13.25%,$0.03B,$0.53B,6.13%,$0.05B,$0.31B,17.10%,$229,$198,$31,$0,$18,$216,$12,$-0,$12,$5,$8,$8,$8,$21,$12,$21,22,$0.36,$0.36,$55,$0,$62,$323,$153,$0,$57,$2,$211,$533,$197,$0,$1,$25,$222,$0,$149,$0,$311,$533,$14,$16,$2,$18,$-4,$0,$-7,$-19,$-28,$4,$-25,$0,$0,$0,$0,$0,$0,$-25,$0,$0,$0,$-1,$-1,$0,$0,$-1,$-22,$2,$0
18,2014-03-31,25.32,$14.20,1.78,$42.76,0.59,$4.18,6.05,$1.57,16.13,$0.31B,$0.19B,1.63,$0.00B,$0.30B,0.0,$0.92B,$0.12B,13.51%,$0.92B,$0.05B,5.88%,$0.92B,$0.05B,5.88%,$0.92B,$0.09B,9.26%,$0.92B,$0.05B,5.88%,$0.92B,$0.03B,3.59%,$0.03B,$0.30B,11.42%,$0.03B,$0.25B,14.21%,$0.03B,$0.52B,6.49%,$0.05B,$0.30B,18.69%,$216,$189,$27,$0,$17,$206,$10,$-0,$10,$4,$6,$6,$6,$18,$10,$21,22,$0.30,$0.29,$54,$0,$54,$308,$150,$0,$57,$2,$208,$517,$189,$0,$1,$25,$214,$0,$141,$0,$302,$517,$6,$8,$1,$9,$0,$0,$-14,$-11,$-24,$-9,$-12,$0,$0,$0,$0,$0,$0,$-12,$0,$0,$0,$-1,$-1,$0,$0,$-1,$-22,$1,$0
19,2013-12-31,25.08,$13.95,1.8,$42.18,0.59,$5.19,4.84,$1.60,15.68,$0.32B,$0.20B,1.59,$0.00B,$0.30B,0.0,$0.90B,$0.12B,13.73%,$0.90B,$0.06B,6.09%,$0.90B,$0.06B,6.09%,$0.90B,$0.09B,9.41%,$0.90B,$0.06B,6.09%,$0.90B,$0.03B,3.77%,$0.03B,$0.30B,12.16%,$0.03B,$0.24B,15.28%,$0.03B,$0.53B,6.93%,$0.06B,$0.30B,19.68%,$255,$221,$34,$0,$18,$239,$16,$-0,$16,$6,$10,$10,$10,$24,$16,$21,21,$0.48,$0.47,$76,$0,$47,$324,$143,$0,$57,$2,$201,$525,$204,$0,$1,$25,$229,$0,$135,$0,$296,$525,$35,$29,$3,$32,$-6,$0,$-5,$40,$28,$95,$-42,$0,$0,$0,$0,$0,$0,$-42,$0,$0,$0,$2,$2,$0,$1,$3,$57,$4,$0
20,2013-09-30,24.3,$13.45,1.81,$42.00,0.58,$2.41,10.1,$1.60,15.19,$0.32B,$0.21B,1.52,$0.00B,$0.28B,0.0,$0.90B,$0.12B,13.73%,$0.90B,$0.06B,6.14%,$0.90B,$0.06B,6.14%,$0.90B,$0.08B,9.26%,$0.90B,$0.05B,6.03%,$0.90B,$0.03B,3.79%,$0.03B,$0.28B,12.63%,$0.03B,$0.23B,16.02%,$0.03B,$0.51B,7.14%,$0.06B,$0.28B,20.43%,$233,$200,$32,$0,$20,$220,$13,$-0,$13,$5,$8,$8,$8,$20,$13,$21,21,$0.39,$0.38,$63,$0,$44,$315,$140,$0,$57,$2,$199,$514,$207,$0,$1,$23,$230,$0,$125,$0,$284,$514,$25,$21,$2,$24,$-14,$0,$-19,$56,$23,$71,$-31,$0,$0,$0,$0,$0,$0,$-31,$0,$0,$0,$1,$1,$0,$1,$2,$43,$3,$0
21,2013-06-30,19.45,$13.04,1.49,$42.97,0.45,$0.10,194.5,$1.63,11.93,$0.28B,$0.18B,1.56,$0.00B,$0.27B,0.0,$0.91B,$0.12B,13.24%,$0.91B,$0.06B,6.13%,$0.91B,$0.06B,6.13%,$0.91B,$0.08B,9.19%,$0.91B,$0.06B,6.02%,$0.91B,$0.04B,3.83%,$0.04B,$0.27B,13.51%,$0.04B,$0.22B,17.33%,$0.04B,$0.48B,7.57%,$0.06B,$0.27B,21.62%,$214,$183,$31,$0,$16,$199,$15,$-0,$15,$6,$9,$9,$9,$23,$15,$21,21,$0.45,$0.44,$38,$0,$41,$281,$137,$0,$57,$2,$196,$477,$180,$0,$1,$23,$203,$0,$116,$0,$274,$477,$16,$14,$1,$15,$-10,$0,$-21,$37,$6,$38,$-21,$0,$0,$0,$0,$0,$0,$-21,$0,$0,$0,$1,$1,$0,$1,$1,$18,$2,$0
22,2013-03-31,24.56,$12.57,1.95,$45.32,0.54,$-1.15,0.0,$1.64,14.98,$0.25B,$0.16B,1.58,$0.00B,$0.26B,0.0,$0.96B,$0.12B,12.50%,$0.96B,$0.06B,5.94%,$0.96B,$0.06B,5.94%,$0.96B,$0.08B,8.65%,$0.96B,$0.06B,5.73%,$0.96B,$0.04B,3.65%,$0.04B,$0.26B,14.07%,$0.04B,$0.21B,18.25%,$0.04B,$0.45B,7.70%,$0.06B,$0.26B,22.91%,$201,$174,$27,$0,$16,$190,$11,$-0,$11,$4,$7,$7,$7,$18,$11,$21,21,$0.33,$0.32,$21,$0,$48,$253,$135,$0,$57,$2,$194,$447,$160,$0,$1,$23,$183,$0,$107,$0,$264,$447,$7,$7,$1,$8,$8,$0,$-24,$14,$-2,$12,$-12,$0,$0,$0,$0,$0,$0,$-12,$0,$0,$0,$1,$1,$0,$1,$1,$1,$1,$0
23,2012-12-31,22.25,$12.28,1.81,$47.27,0.47,$-2.11,0.0,$1.61,13.82,$0.28B,$0.19B,1.47,$0.00B,$0.26B,0.0,$1.00B,$0.12B,11.91%,$1.00B,$0.06B,5.61%,$1.00B,$0.06B,5.61%,$1.00B,$0.08B,8.11%,$1.00B,$0.05B,5.41%,$1.00B,$0.03B,3.40%,$0.03B,$0.26B,14.26%,$0.03B,$0.20B,18.76%,$0.03B,$0.47B,7.59%,$0.06B,$0.26B,23.48%,$248,$215,$33,$0,$18,$232,$16,$-0,$15,$6,$10,$10,$10,$22,$16,$20,21,$0.49,$0.45,$20,$0,$66,$278,$129,$0,$57,$2,$188,$466,$189,$0,$1,$23,$212,$0,$100,$0,$255,$466,$34,$25,$5,$30,$-40,$4,$11,$-10,$-34,$30,$-36,$0,$0,$0,$0,$0,$0,$-36,$0,$-10,$-10,$1,$1,$0,$1,$-8,$-14,$3,$0
24,2012-09-30,19.95,$11.78,1.69,$46.72,0.43,$-2.34,0.0,$1.43,13.95,$0.27B,$0.20B,1.38,$0.00B,$0.24B,0.0,$0.99B,$0.11B,11.27%,$0.99B,$0.05B,4.97%,$0.99B,$0.05B,4.97%,$0.99B,$0.07B,7.51%,$0.99B,$0.05B,4.87%,$0.99B,$0.03B,3.05%,$0.03B,$0.24B,13.11%,$0.03B,$0.19B,17.52%,$0.03B,$0.46B,6.90%,$0.05B,$0.24B,21.42%,$251,$221,$30,$0,$16,$236,$14,$-0,$14,$5,$9,$9,$9,$21,$14,$20,21,$0.42,$0.41,$17,$0,$65,$270,$131,$0,$57,$2,$190,$460,$196,$0,$1,$21,$217,$0,$90,$0,$243,$460,$24,$18,$2,$20,$-38,$4,$19,$-8,$-22,$23,$-31,$0,$0,$0,$0,$0,$0,$-31,$-10,$0,$-10,$1,$1,$0,$0,$-9,$-17,$2,$0
25,2012-06-30,17.06,$11.35,1.5,$44.90,0.38,$-3.74,0.0,$1.22,13.98,$0.26B,$0.19B,1.35,$0.00B,$0.23B,0.0,$0.94B,$0.10B,10.70%,$0.94B,$0.04B,4.45%,$0.94B,$0.04B,4.45%,$0.94B,$0.07B,6.89%,$0.94B,$0.04B,4.34%,$0.94B,$0.03B,2.65%,$0.03B,$0.23B,11.35%,$0.03B,$0.18B,15.36%,$0.03B,$0.45B,5.94%,$0.04B,$0.23B,19.07%,$260,$230,$30,$0,$15,$245,$16,$-0,$15,$6,$10,$10,$9,$22,$16,$20,21,$0.46,$0.45,$24,$0,$57,$258,$127,$0,$57,$2,$186,$445,$191,$0,$1,$21,$212,$0,$81,$0,$233,$445,$16,$12,$1,$13,$-27,$4,$12,$-7,$-19,$10,$-20,$0,$0,$0,$0,$0,$0,$-20,$0,$0,$0,$0,$0,$0,$0,$0,$-10,$1,$0
26,2012-03-31,17.86,$10.86,1.65,$41.39,0.43,$-3.67,0.0,$0.95,18.8,$0.24B,$0.18B,1.36,$0.00B,$0.22B,0.0,$0.87B,$0.09B,10.47%,$0.87B,$0.03B,3.68%,$0.87B,$0.03B,3.68%,$0.87B,$0.05B,6.21%,$0.87B,$0.03B,3.68%,$0.87B,$0.02B,2.30%,$0.02B,$0.22B,9.40%,$0.02B,$0.17B,12.90%,$0.02B,$0.42B,4.93%,$0.03B,$0.22B,14.87%,$240,$214,$26,$0,$16,$230,$10,$-0,$10,$4,$6,$6,$6,$16,$10,$20,21,$0.30,$0.29,$4,$2,$57,$241,$121,$0,$57,$2,$180,$421,$178,$0,$1,$20,$198,$0,$72,$0,$223,$421,$6,$6,$1,$6,$-28,$2,$6,$-4,$-25,$-12,$-8,$0,$0,$0,$0,$0,$0,$-8,$-10,$0,$-10,$-0,$-0,$0,$0,$-10,$-30,$1,$0
27,2011-12-31,19.14,$10.57,1.81,$37.18,0.51,$-2.63,0.0,$0.87,22.0,$0.24B,$0.18B,1.34,$0.00B,$0.22B,0.0,$0.78B,$0.09B,11.17%,$0.78B,$0.03B,3.85%,$0.78B,$0.03B,3.85%,$0.78B,$0.05B,6.42%,$0.78B,$0.03B,3.72%,$0.78B,$0.02B,2.44%,$0.02B,$0.22B,9.20%,$0.02B,$0.16B,12.77%,$0.02B,$0.41B,4.87%,$0.03B,$0.22B,14.18%,$234,$210,$25,$0,$16,$225,$9,$-0,$9,$3,$6,$6,$6,$15,$9,$20,21,$0.27,$0.28,$34,$4,$47,$236,$117,$0,$57,$2,$177,$413,$177,$0,$1,$20,$197,$0,$66,$0,$216,$413,$18,$20,$-0,$19,$-20,$-4,$35,$-23,$-7,$30,$-41,$0,$0,$0,$0,$0,$0,$-41,$-20,$0,$-20,$1,$1,$0,$1,$-18,$-29,$2,$0
28,2011-09-30,17.64,$10.26,1.72,$33.48,0.53,$-0.96,0.0,$0.88,20.05,$0.23B,$0.18B,1.3,$0.00B,$0.21B,0.0,$0.70B,$0.08B,12.00%,$0.70B,$0.03B,4.43%,$0.70B,$0.03B,4.43%,$0.70B,$0.05B,7.00%,$0.70B,$0.03B,4.14%,$0.70B,$0.02B,2.71%,$0.02B,$0.21B,9.46%,$0.02B,$0.15B,13.29%,$0.02B,$0.41B,4.98%,$0.03B,$0.21B,14.54%,$210,$191,$20,$0,$14,$204,$7,$-0,$7,$2,$4,$4,$4,$12,$7,$20,21,$0.21,$0.20,$18,$3,$52,$231,$115,$0,$58,$1,$174,$405,$178,$0,$1,$18,$196,$0,$60,$0,$209,$405,$12,$14,$-0,$14,$-30,$-3,$21,$-24,$-31,$-5,$-33,$0,$0,$0,$0,$0,$0,$-33,$-20,$10,$-10,$1,$1,$0,$2,$-7,$-45,$1,$0
29,2011-06-30,23.4,$10.04,2.33,$30.83,0.76,$0.90,26.14,$0.87,26.9,$0.21B,$0.15B,1.4,$0.01B,$0.20B,0.05,$0.64B,$0.08B,12.60%,$0.64B,$0.03B,4.67%,$0.64B,$0.03B,4.67%,$0.64B,$0.05B,7.31%,$0.64B,$0.03B,4.35%,$0.64B,$0.02B,2.95%,$0.02B,$0.20B,9.74%,$0.02B,$0.15B,13.87%,$0.02B,$0.39B,5.18%,$0.03B,$0.21B,13.95%,$185,$166,$20,$0,$14,$179,$6,$-0,$6,$2,$4,$4,$4,$11,$6,$20,21,$0.19,$0.18,$35,$0,$57,$214,$111,$0,$58,$1,$170,$385,$153,$10,$1,$29,$182,$0,$56,$0,$203,$385,$8,$9,$1,$10,$7,$0,$16,$-29,$-4,$14,$-23,$0,$0,$0,$0,$0,$0,$-23,$-20,$0,$-20,$1,$1,$0,$0,$-19,$-27,$1,$0
30,2011-03-31,23.92,$9.84,2.43,$28.74,0.83,$1.61,14.82,$0.85,28.14,$0.19B,$0.13B,1.5,$0.01B,$0.20B,0.05,$0.60B,$0.08B,13.04%,$0.60B,$0.03B,5.02%,$0.60B,$0.03B,5.02%,$0.60B,$0.05B,7.69%,$0.60B,$0.03B,4.68%,$0.60B,$0.02B,3.01%,$0.02B,$0.20B,9.49%,$0.02B,$0.14B,13.66%,$0.02B,$0.36B,5.07%,$0.03B,$0.21B,13.97%,$150,$129,$22,$0,$14,$143,$8,$-0,$7,$3,$5,$5,$5,$12,$8,$20,21,$0.23,$0.21,$45,$0,$38,$194,$103,$0,$58,$1,$162,$356,$129,$10,$1,$29,$158,$0,$52,$0,$198,$356,$5,$4,$0,$5,$15,$0,$-6,$-5,$5,$14,$-12,$0,$0,$0,$0,$0,$0,$-12,$-20,$0,$-20,$0,$0,$0,$0,$-20,$-18,$0,$0
31,2010-12-31,21.0,$9.63,2.18,$28.75,0.73,$1.51,13.92,$0.77,27.27,$0.22B,$0.14B,1.61,$0.03B,$0.19B,0.16,$0.60B,$0.07B,11.89%,$0.60B,$0.03B,4.52%,$0.60B,$0.03B,4.52%,$0.60B,$0.04B,7.20%,$0.60B,$0.03B,4.19%,$0.60B,$0.02B,2.68%,$0.02B,$0.19B,8.67%,$0.02B,$0.14B,12.65%,$0.02B,$0.38B,4.60%,$0.03B,$0.22B,12.59%,$155,$133,$22,$0,$12,$145,$10,$-0,$9,$3,$6,$6,$6,$14,$10,$20,21,$0.30,$0.30,$63,$0,$33,$224,$97,$0,$58,$2,$156,$380,$139,$30,$1,$49,$187,$0,$47,$0,$193,$380,$16,$16,$3,$19,$-7,$0,$-2,$17,$10,$45,$-21,$0,$0,$0,$0,$0,$0,$-21,$-0,$0,$-0,$1,$1,$0,$0,$1,$25,$2,$0
32,2010-09-30,16.39,$9.32,1.76,$29.65,0.55,$0.10,162.44,$0.69,23.75,$0.20B,$0.11B,1.73,$0.03B,$0.19B,0.16,$0.62B,$0.07B,11.06%,$0.62B,$0.02B,3.90%,$0.62B,$0.02B,3.90%,$0.62B,$0.04B,6.50%,$0.62B,$0.02B,3.74%,$0.62B,$0.01B,2.28%,$0.01B,$0.19B,7.79%,$0.01B,$0.13B,11.50%,$0.01B,$0.35B,4.14%,$0.02B,$0.22B,11.44%,$153,$136,$17,$0,$11,$147,$6,$-0,$6,$2,$4,$4,$4,$10,$6,$20,21,$0.20,$0.19,$39,$0,$40,$197,$90,$0,$58,$2,$149,$347,$114,$30,$1,$46,$161,$0,$41,$0,$186,$347,$10,$12,$-0,$12,$3,$0,$-4,$-9,$-9,$12,$-11,$0,$0,$0,$0,$0,$0,$-11,$-0,$0,$-0,$1,$1,$0,$0,$1,$2,$1,$0
33,2010-06-30,16.69,$9.10,1.83,$30.10,0.55,$-0.45,0.0,$0.78,21.4,$0.19B,$0.11B,1.73,$0.03B,$0.18B,0.17,$0.62B,$0.07B,11.54%,$0.62B,$0.03B,4.17%,$0.62B,$0.03B,4.17%,$0.62B,$0.04B,6.73%,$0.62B,$0.03B,4.01%,$0.62B,$0.02B,2.56%,$0.02B,$0.18B,9.10%,$0.02B,$0.12B,13.62%,$0.02B,$0.34B,4.79%,$0.03B,$0.21B,12.64%,$140,$124,$17,$0,$11,$134,$6,$-0,$6,$2,$3,$3,$3,$10,$6,$20,21,$0.17,$0.16,$45,$0,$32,$190,$88,$0,$58,$2,$148,$338,$110,$30,$1,$47,$157,$0,$37,$0,$182,$338,$6,$8,$0,$8,$9,$0,$-5,$-5,$-1,$13,$-7,$0,$0,$0,$0,$0,$0,$-7,$-0,$0,$-0,$1,$1,$0,$0,$1,$7,$1,$0
34,2010-03-31,16.31,$8.92,1.83,$31.23,0.52,$-0.68,0.0,$0.83,19.65,$0.18B,$0.10B,1.78,$0.03B,$0.18B,0.17,$0.65B,$0.07B,11.44%,$0.65B,$0.03B,4.17%,$0.65B,$0.03B,4.17%,$0.65B,$0.04B,6.65%,$0.65B,$0.03B,4.02%,$0.65B,$0.02B,2.63%,$0.02B,$0.18B,9.94%,$0.02B,$0.12B,15.08%,$0.02B,$0.33B,5.15%,$0.03B,$0.21B,13.43%,$149,$134,$15,$0,$11,$144,$5,$-0,$4,$2,$3,$3,$3,$9,$5,$20,21,$0.14,$0.13,$37,$0,$35,$180,$85,$0,$58,$2,$145,$325,$101,$30,$1,$47,$148,$0,$34,$0,$177,$325,$3,$4,$0,$4,$14,$0,$-10,$-11,$-6,$1,$-1,$0,$0,$0,$0,$0,$0,$-1,$-0,$0,$-0,$0,$0,$0,$0,$0,$-0,$0,$0
35,2009-12-31,18.07,$8.79,2.06,$30.47,0.59,$-1.04,0.0,$0.84,21.51,$0.19B,$0.12B,1.6,$0.03B,$0.17B,0.17,$0.63B,$0.08B,12.04%,$0.63B,$0.03B,4.28%,$0.63B,$0.03B,4.28%,$0.63B,$0.04B,6.66%,$0.63B,$0.03B,4.28%,$0.63B,$0.02B,2.69%,$0.02B,$0.17B,10.23%,$0.02B,$0.12B,15.74%,$0.02B,$0.34B,5.23%,$0.03B,$0.20B,13.76%,$173,$154,$19,$0,$13,$166,$7,$-0,$7,$2,$4,$4,$4,$11,$7,$20,21,$0.21,$0.20,$38,$0,$34,$194,$88,$0,$58,$2,$148,$342,$121,$30,$1,$47,$168,$0,$31,$0,$174,$342,$17,$14,$4,$18,$-7,$0,$14,$-18,$-11,$24,$-29,$0,$0,$0,$0,$0,$0,$-29,$-0,$0,$-0,$0,$0,$0,$0,$1,$-5,$1,$0
36,2009-09-30,21.09,$8.56,2.46,$29.50,0.71,$-0.19,0.0,$1.00,21.09,$0.19B,$0.12B,1.59,$0.03B,$0.17B,0.18,$0.61B,$0.08B,13.42%,$0.61B,$0.03B,5.24%,$0.61B,$0.03B,5.24%,$0.61B,$0.05B,7.53%,$0.61B,$0.03B,5.24%,$0.61B,$0.02B,3.44%,$0.02B,$0.17B,13.00%,$0.02B,$0.11B,20.34%,$0.02B,$0.33B,6.57%,$0.03B,$0.20B,16.71%,$162,$141,$21,$0,$13,$154,$8,$-0,$8,$2,$6,$6,$6,$12,$8,$20,21,$0.29,$0.28,$32,$0,$34,$189,$82,$0,$58,$2,$142,$331,$118,$30,$1,$43,$161,$0,$27,$0,$170,$331,$13,$10,$0,$10,$-8,$0,$11,$-19,$-14,$9,$-20,$0,$0,$0,$0,$0,$0,$-20,$-0,$0,$-0,$0,$0,$0,$0,$1,$-10,$1,$0
37,2009-06-30,20.22,$8.26,2.45,$30.34,0.67,$-0.02,0.0,$0.93,21.74,$0.18B,$0.12B,1.57,$0.03B,$0.16B,0.18,$0.63B,$0.09B,13.69%,$0.63B,$0.04B,5.73%,$0.63B,$0.04B,5.73%,$0.63B,$0.05B,7.80%,$0.63B,$0.04B,5.73%,$0.63B,$0.02B,3.50%,$0.02B,$0.16B,14.10%,$0.02B,$0.11B,22.51%,$0.02B,$0.32B,6.96%,$0.04B,$0.19B,19.35%,$163,$144,$19,$0,$11,$155,$7,$-0,$7,$3,$4,$4,$4,$11,$7,$20,21,$0.22,$0.21,$44,$0,$31,$182,$80,$0,$58,$2,$141,$322,$116,$30,$1,$43,$159,$0,$21,$0,$163,$322,$7,$6,$0,$7,$7,$0,$9,$-14,$3,$17,$-15,$0,$0,$0,$0,$0,$0,$-15,$-0,$0,$-0,$0,$0,$0,$-0,$0,$2,$0,$0
