,Date,Stock Price,Book Value per Share,Price to Book Ratio,TTM Sales per Share,Price to Sales Ratio,TTM FCF per Share,Price to FCF Ratio,TTM Net EPS,PE Ratio,Current Assets,Current Liabilities,Current Ratio,Long Term Debt,Shareholder's Equity_x,Debt to Equity Ratio,TTM Revenue_x,TTM Gross Profit,Gross Margin,TTM Revenue_y,TTM Operating Income,Operating Margin,TTM Revenue_x,TTM EBIT,EBIT Margin,TTM Revenue_y,TTM EBITDA,EBITDA Margin,TTM Revenue_x,TTM Pre-Tax Income,Pre-Tax Margin,TTM Revenue_y,TTM Net Income_x,Net Margin,TTM Net Income_y,Shareholder's Equity_y,Return on Equity,TTM Net Income_x,Tangible Equity,Return on Tangible Equity,TTM Net Income_y,Total Assets,Return on Assets,TTM Net Income,LT Investments & Debt,Return on Investment,revenue,cost-goods-sold,gross-profit,research-development-expenses,selling-general-administrative-expenses,operating-expenses,operating-income,total-non-operating-income-expense,pre-tax-income,total-provision-income-taxes,income-after-taxes,income-from-continuous-operations,net-income,ebitda,ebit,basic-shares-outstanding,shares-outstanding,eps-basic-net-earnings-per-share,eps-earnings-per-share-diluted,cash-on-hand,inventory,other-current-assets,total-current-assets,net-property-plant-equipment,long-term-investments,goodwill-intangible-assets-total,other-long-term-assets,total-long-term-assets,total-assets,total-current-liabilities,long-term-debt,other-non-current-liabilities,total-long-term-liabilities,total-liabilities,common-stock-net,retained-earnings-accumulated-deficit,comprehensive-income,total-share-holder-equity,total-liabilities-share-holders-equity,net-income-loss,total-depreciation-amortization-cash-flow,other-non-cash-items,total-non-cash-items,change-in-accounts-receivable,change-in-inventories,change-in-accounts-payable,change-in-assets-liabilities,total-change-in-assets-liabilities,cash-flow-from-operating-activities,net-change-in-property-plant-equipment,net-change-in-intangible-assets,net-acquisitions-divestitures,net-change-in-short-term-investments,net-change-in-long-term-investments,net-change-in-investments-total,investing-activities-other,cash-flow-from-investing-activities,net-long-term-debt,net-current-debt,debt-issuance-retirement-net-total,net-common-equity-issued-repurchased,net-total-equity-issued-repurchased,total-common-preferred-stock-dividends-paid,financial-activities-other,cash-flow-from-financial-activities,net-cash-flow,stock-based-compensation,common-stock-dividends-paid
0,2018-09-30,37.52,$12.14,3.09,$13.13,2.86,$7.51,5.0,$2.28,16.46,$0.29B,$0.06B,4.92,$0.00B,$0.29B,0.0,$0.33B,$0.19B,57.36%,$0.33B,$0.08B,23.01%,$0.33B,$0.08B,23.01%,$0.33B,$0.08B,24.85%,$0.33B,$0.08B,23.01%,$0.33B,$0.06B,17.48%,$0.06B,$0.29B,20.82%,$0.06B,$0.28B,21.92%,$0.06B,$0.36B,17.36%,$0.08B,$0.29B,27.40%,$77,$33,$44,$13,$17,$62,$14,$0,$14,$3,$12,$12,$12,$16,$14,$24,24,$0.48,$0.47,$173,$61,$0,$291,$43,$0,$15,$0,$65,$356,$59,$0,$1,$3,$62,$0,$55,$-3,$294,$356,$46,$5,$13,$18,$12,$-6,$0,$4,$20,$83,$-3,$0,$-2,$5,$0,$5,$0,$0,$0,$0,$0,$-19,$-19,$0,$-3,$-22,$61,$8,$0
1,2018-06-30,35.41,$11.57,3.06,$12.19,2.9,$4.72,7.5,$2.03,17.44,$0.27B,$0.05B,5.08,$0.00B,$0.28B,0.0,$0.31B,$0.17B,56.86%,$0.31B,$0.07B,22.22%,$0.31B,$0.07B,22.22%,$0.31B,$0.07B,24.18%,$0.31B,$0.07B,22.55%,$0.31B,$0.05B,16.67%,$0.05B,$0.28B,18.98%,$0.05B,$0.26B,19.94%,$0.05B,$0.34B,15.96%,$0.07B,$0.28B,25.30%,$89,$38,$51,$12,$18,$68,$21,$-0,$21,$3,$18,$18,$18,$22,$21,$24,24,$0.74,$0.72,$149,$56,$0,$269,$43,$0,$15,$0,$66,$335,$53,$0,$1,$3,$56,$0,$44,$-3,$278,$335,$34,$3,$9,$13,$7,$-2,$0,$-1,$12,$59,$-2,$0,$-2,$20,$0,$20,$0,$16,$0,$0,$0,$-20,$-20,$0,$-3,$-23,$51,$5,$0
2,2018-03-31,26.9,$10.91,2.46,$11.05,2.43,$2.72,9.9,$1.63,16.5,$0.24B,$0.05B,5.11,$0.00B,$0.26B,0.0,$0.28B,$0.16B,55.87%,$0.28B,$0.06B,20.64%,$0.28B,$0.06B,20.64%,$0.28B,$0.06B,22.78%,$0.28B,$0.06B,21.00%,$0.28B,$0.04B,14.59%,$0.04B,$0.26B,15.44%,$0.04B,$0.25B,16.17%,$0.04B,$0.31B,13.07%,$0.06B,$0.26B,21.85%,$82,$35,$48,$10,$17,$62,$21,$0,$21,$4,$16,$16,$16,$22,$21,$24,24,$0.68,$0.67,$124,$55,$0,$244,$44,$0,$14,$0,$68,$312,$48,$0,$2,$3,$51,$0,$26,$-0,$261,$312,$16,$2,$4,$6,$8,$0,$0,$2,$10,$33,$-1,$0,$-1,$24,$0,$24,$0,$22,$0,$0,$0,$-22,$-22,$0,$-0,$-23,$31,$2,$0
3,2017-12-31,24.92,$10.65,2.34,$9.99,2.5,$1.55,16.07,$1.17,21.3,$0.24B,$0.04B,5.45,$0.00B,$0.26B,0.0,$0.26B,$0.14B,53.10%,$0.26B,$0.04B,16.67%,$0.26B,$0.04B,16.67%,$0.26B,$0.05B,18.99%,$0.26B,$0.04B,16.67%,$0.26B,$0.03B,11.63%,$0.03B,$0.26B,11.37%,$0.03B,$0.25B,11.87%,$0.03B,$0.31B,9.62%,$0.04B,$0.26B,16.30%,$78,$34,$44,$10,$15,$59,$19,$0,$19,$9,$11,$11,$11,$21,$19,$25,26,$0.42,$0.42,$117,$54,$0,$240,$45,$0,$12,$0,$70,$310,$44,$0,$1,$3,$47,$0,$9,$-2,$262,$310,$30,$7,$16,$23,$-20,$-15,$0,$-1,$-33,$21,$-5,$0,$-2,$1,$0,$1,$0,$-7,$0,$0,$0,$-21,$-21,$0,$-4,$-26,$-12,$9,$0
4,2017-09-30,28.8,$10.74,2.68,$9.32,3.09,$2.61,11.02,$1.79,16.09,$0.25B,$0.04B,5.67,$0.00B,$0.27B,0.0,$0.24B,$0.12B,51.88%,$0.24B,$0.03B,13.81%,$0.24B,$0.03B,13.81%,$0.24B,$0.04B,16.32%,$0.24B,$0.03B,13.81%,$0.24B,$0.05B,19.25%,$0.05B,$0.27B,17.74%,$0.05B,$0.26B,18.49%,$0.05B,$0.32B,15.02%,$0.03B,$0.27B,12.73%,$57,$26,$31,$9,$14,$49,$7,$0,$8,$2,$6,$6,$6,$9,$7,$25,26,$0.23,$0.22,$140,$58,$0,$250,$42,$0,$12,$0,$72,$321,$44,$0,$1,$3,$47,$0,$-2,$-3,$274,$321,$19,$5,$9,$14,$1,$-16,$0,$-5,$-18,$15,$-2,$0,$-2,$-13,$0,$-13,$0,$-18,$0,$0,$0,$4,$4,$0,$-4,$-0,$-3,$7,$0
5,2017-06-30,25.29,$10.41,2.43,$9.46,2.67,$3.33,7.6,$1.88,13.45,$0.24B,$0.05B,5.36,$0.00B,$0.27B,0.0,$0.24B,$0.12B,51.04%,$0.24B,$0.04B,14.52%,$0.24B,$0.04B,14.52%,$0.24B,$0.04B,17.01%,$0.24B,$0.03B,14.11%,$0.24B,$0.05B,19.92%,$0.05B,$0.27B,19.59%,$0.05B,$0.26B,20.45%,$0.05B,$0.31B,16.41%,$0.04B,$0.27B,14.29%,$64,$31,$34,$9,$14,$54,$11,$0,$11,$3,$8,$8,$8,$12,$11,$25,26,$0.33,$0.32,$136,$51,$0,$242,$42,$0,$10,$0,$70,$312,$45,$0,$1,$2,$47,$0,$-7,$-3,$265,$312,$14,$4,$5,$9,$-5,$-7,$0,$1,$-12,$10,$-2,$0,$-2,$-10,$0,$-10,$0,$-14,$0,$0,$0,$3,$3,$0,$-3,$-1,$-5,$4,$0
6,2017-03-31,30.46,$10.06,3.03,$9.21,3.31,$3.42,8.91,$1.80,16.92,$0.23B,$0.05B,4.87,$0.00B,$0.25B,0.0,$0.23B,$0.12B,50.21%,$0.23B,$0.03B,13.30%,$0.23B,$0.03B,13.30%,$0.23B,$0.04B,16.31%,$0.23B,$0.03B,12.88%,$0.23B,$0.05B,19.74%,$0.05B,$0.25B,20.02%,$0.05B,$0.24B,20.98%,$0.05B,$0.30B,16.40%,$0.03B,$0.25B,13.49%,$59,$31,$28,$9,$14,$54,$6,$-0,$5,$0,$5,$5,$5,$7,$6,$25,26,$0.21,$0.21,$132,$45,$0,$231,$43,$0,$10,$0,$72,$304,$48,$0,$1,$2,$50,$0,$-16,$-4,$254,$304,$5,$2,$2,$4,$-7,$-3,$0,$3,$-6,$3,$-0,$0,$0,$-2,$0,$-2,$0,$-2,$0,$0,$0,$1,$1,$0,$-2,$-1,$0,$2,$0
7,2016-12-31,25.06,$9.72,2.58,$8.84,2.83,$3.30,7.6,$1.73,14.49,$0.22B,$0.04B,5.15,$0.00B,$0.24B,0.0,$0.22B,$0.11B,51.13%,$0.22B,$0.03B,13.12%,$0.22B,$0.03B,13.12%,$0.22B,$0.04B,16.74%,$0.22B,$0.03B,13.12%,$0.22B,$0.04B,19.91%,$0.04B,$0.24B,20.49%,$0.04B,$0.23B,21.57%,$0.04B,$0.29B,16.57%,$0.03B,$0.24B,13.50%,$59,$28,$31,$8,$14,$50,$9,$0,$9,$-17,$27,$27,$27,$11,$9,$25,25,$1.08,$1.06,$130,$41,$0,$216,$44,$0,$9,$0,$71,$288,$42,$0,$1,$2,$44,$0,$-22,$-6,$244,$288,$44,$8,$-9,$-0,$-3,$7,$0,$-3,$2,$46,$-4,$0,$0,$-38,$0,$-38,$0,$-42,$0,$0,$0,$8,$8,$0,$-3,$5,$9,$8,$0
8,2016-09-30,22.34,$8.70,2.57,$8.24,2.71,$1.63,13.71,$0.62,36.03,$0.21B,$0.05B,4.56,$0.00B,$0.22B,0.0,$0.21B,$0.10B,50.24%,$0.21B,$0.02B,9.27%,$0.21B,$0.02B,9.27%,$0.21B,$0.03B,13.17%,$0.21B,$0.02B,9.27%,$0.21B,$0.02B,7.32%,$0.02B,$0.22B,7.48%,$0.02B,$0.21B,7.92%,$0.02B,$0.27B,5.94%,$0.02B,$0.22B,9.48%,$59,$28,$30,$8,$13,$50,$9,$0,$9,$1,$8,$8,$8,$11,$9,$25,25,$0.32,$0.31,$119,$44,$0,$209,$44,$0,$10,$1,$56,$266,$46,$0,$2,$3,$49,$0,$-49,$-3,$217,$266,$17,$6,$6,$12,$-1,$7,$0,$5,$5,$34,$-3,$0,$0,$-36,$0,$-36,$0,$-40,$0,$0,$0,$6,$6,$0,$-2,$4,$-1,$5,$0
9,2016-06-30,20.79,$8.26,2.52,$7.79,2.67,$0.45,45.84,$0.34,61.15,$0.21B,$0.06B,3.64,$0.00B,$0.20B,0.0,$0.19B,$0.10B,49.48%,$0.19B,$0.01B,5.73%,$0.19B,$0.01B,5.73%,$0.19B,$0.02B,10.42%,$0.19B,$0.01B,6.25%,$0.19B,$0.01B,4.17%,$0.01B,$0.20B,4.14%,$0.01B,$0.19B,4.40%,$0.01B,$0.26B,3.26%,$0.01B,$0.20B,5.69%,$56,$27,$28,$8,$14,$48,$7,$-0,$7,$1,$6,$6,$6,$9,$7,$25,25,$0.25,$0.24,$96,$51,$0,$208,$43,$0,$11,$1,$56,$264,$57,$0,$2,$2,$60,$0,$-57,$-4,$204,$264,$9,$4,$4,$8,$-14,$1,$0,$12,$-4,$13,$-3,$0,$0,$9,$0,$9,$0,$6,$0,$0,$0,$3,$3,$0,$-2,$2,$22,$3,$0
10,2016-03-31,15.84,$7.95,1.99,$7.56,2.1,$-0.31,0.0,$0.16,99.0,$0.19B,$0.05B,3.96,$0.00B,$0.19B,0.0,$0.19B,$0.09B,48.65%,$0.19B,$0.01B,3.78%,$0.19B,$0.01B,3.78%,$0.19B,$0.02B,8.65%,$0.19B,$0.01B,3.78%,$0.19B,$0.00B,1.62%,$0.00B,$0.19B,1.59%,$0.00B,$0.18B,1.70%,$0.00B,$0.24B,1.26%,$0.01B,$0.19B,3.72%,$47,$23,$24,$8,$13,$44,$4,$0,$4,$0,$3,$3,$3,$6,$4,$24,25,$0.14,$0.14,$83,$54,$0,$188,$43,$0,$11,$1,$56,$244,$47,$0,$2,$2,$50,$0,$-63,$-4,$194,$244,$3,$2,$2,$4,$-5,$-3,$0,$3,$-7,$0,$-1,$0,$0,$0,$0,$0,$0,$-0,$0,$0,$0,$1,$1,$0,$-1,$0,$1,$2,$0
11,2015-12-31,15.14,$7.73,1.96,$7.71,1.96,$-0.57,0.0,$0.13,116.46,$0.18B,$0.05B,3.94,$0.00B,$0.19B,0.0,$0.19B,$0.09B,47.34%,$0.19B,$0.01B,2.66%,$0.19B,$0.01B,2.66%,$0.19B,$0.02B,7.98%,$0.19B,$0.01B,3.19%,$0.19B,$0.00B,1.60%,$0.00B,$0.19B,1.62%,$0.00B,$0.18B,1.73%,$0.00B,$0.24B,1.28%,$0.01B,$0.19B,2.70%,$43,$22,$21,$8,$13,$44,$-1,$0,$-1,$1,$-2,$-2,$-2,$1,$-1,$24,24,$-0.08,$-0.08,$83,$51,$0,$178,$44,$0,$11,$1,$57,$236,$45,$0,$2,$3,$48,$0,$-66,$-5,$187,$236,$3,$9,$8,$17,$-13,$-15,$0,$4,$-18,$2,$-2,$0,$0,$4,$0,$4,$0,$2,$0,$0,$0,$2,$2,$0,$-2,$0,$3,$6,$0
12,2015-09-30,12.14,$7.77,1.56,$7.61,1.59,$-0.83,0.0,$0.01,0.0,$0.18B,$0.05B,3.79,$0.00B,$0.19B,0.0,$0.19B,$0.09B,45.95%,$0.19B,$0.00B,1.08%,$0.19B,$0.00B,1.08%,$0.19B,$0.01B,5.95%,$0.19B,$0.00B,1.62%,$0.19B,0,0.00%,$0.00B,$0.19B,0.00%,$0.00B,$0.18B,0.00%,$0.00B,$0.24B,0.00%,$0.00B,$0.19B,1.09%,$46,$23,$22,$9,$12,$44,$1,$0,$2,$1,$1,$1,$1,$4,$1,$24,24,$0.03,$0.03,$85,$50,$0,$180,$46,$0,$12,$0,$59,$239,$48,$0,$2,$4,$51,$0,$-64,$-5,$188,$239,$5,$7,$6,$12,$-15,$-14,$0,$4,$-15,$2,$-1,$0,$0,$6,$0,$6,$0,$5,$0,$0,$0,$2,$2,$0,$-2,$0,$7,$5,$0
13,2015-06-30,16.12,$7.67,2.1,$6.86,2.35,$-1.38,0.0,$-1.21,0.0,$0.17B,$0.04B,4.0,$0.00B,$0.18B,0.0,$0.17B,$0.07B,44.58%,$0.17B,$-0.01B,-6.02%,$0.17B,$-0.01B,-6.02%,$0.17B,0,0.00%,$0.17B,$-0.01B,-6.02%,$0.17B,$-0.03B,-18.07%,$-0.03B,$0.18B,-16.30%,$-0.03B,$0.17B,-17.65%,$-0.03B,$0.23B,-13.20%,$-0.01B,$0.18B,-5.43%,$49,$25,$23,$8,$13,$46,$3,$-0,$2,$1,$1,$1,$1,$5,$3,$24,24,$0.06,$0.06,$75,$43,$0,$171,$48,$0,$12,$1,$61,$232,$43,$0,$2,$4,$47,$0,$-65,$-4,$184,$232,$4,$5,$4,$8,$-19,$-7,$0,$2,$-19,$-7,$-1,$0,$0,$1,$0,$1,$0,$-0,$0,$0,$0,$1,$1,$0,$-1,$-1,$-8,$3,$0
14,2015-03-31,16.82,$7.58,2.22,$6.84,2.46,$-1.39,0.0,$-1.25,0.0,$0.17B,$0.04B,4.15,$0.00B,$0.18B,0.0,$0.17B,$0.07B,44.85%,$0.17B,$-0.01B,-7.27%,$0.17B,$-0.01B,-7.27%,$0.17B,$-0.00B,-1.21%,$0.17B,$-0.01B,-6.67%,$0.17B,$-0.03B,-18.18%,$-0.03B,$0.18B,-15.60%,$-0.03B,$0.17B,-16.97%,$-0.03B,$0.23B,-12.90%,$-0.01B,$0.18B,-6.24%,$50,$27,$23,$8,$13,$48,$2,$1,$3,$0,$3,$3,$3,$5,$2,$24,24,$0.11,$0.11,$77,$38,$0,$165,$48,$0,$13,$1,$61,$227,$40,$0,$2,$5,$45,$0,$-67,$-4,$182,$227,$3,$2,$2,$4,$-13,$-1,$0,$-3,$-13,$-6,$-1,$0,$0,$0,$0,$0,$0,$-0,$0,$0,$0,$1,$1,$0,$-1,$-0,$-7,$2,$0
15,2014-12-31,16.82,$7.54,2.23,$6.90,2.44,$-1.41,0.0,$-1.29,0.0,$0.16B,$0.04B,4.13,$0.00B,$0.18B,0.0,$0.17B,$0.08B,44.91%,$0.17B,$-0.01B,-7.19%,$0.17B,$-0.01B,-7.19%,$0.17B,$-0.00B,-1.80%,$0.17B,$-0.01B,-7.19%,$0.17B,$-0.03B,-18.56%,$-0.03B,$0.18B,-15.50%,$-0.03B,$0.17B,-16.94%,$-0.03B,$0.22B,-12.94%,$-0.01B,$0.18B,-6.00%,$40,$22,$17,$8,$12,$44,$-4,$0,$-4,$1,$-5,$-5,$-5,$-3,$-4,$24,24,$-0.20,$-0.20,$84,$37,$0,$158,$50,$0,$15,$1,$65,$223,$38,$0,$2,$5,$44,$0,$-69,$-3,$180,$223,$-31,$10,$25,$35,$4,$1,$0,$-11,$-4,$-1,$-6,$0,$0,$-2,$0,$-2,$0,$-8,$0,$0,$0,$1,$1,$0,$-1,$-1,$-10,$7,$0
16,2014-09-30,15.1,$7.86,1.92,$7.22,2.09,$-1.49,0.0,$-1.08,0.0,$0.16B,$0.03B,5.53,$0.00B,$0.19B,0.0,$0.17B,$0.08B,46.24%,$0.17B,$-0.01B,-4.05%,$0.17B,$-0.01B,-4.05%,$0.17B,$0.00B,2.31%,$0.17B,$-0.01B,-4.05%,$0.17B,$-0.03B,-14.45%,$-0.03B,$0.19B,-12.09%,$-0.03B,$0.17B,-13.25%,$-0.03B,$0.23B,-10.02%,$-0.01B,$0.19B,-3.39%,$27,$16,$11,$8,$12,$38,$-11,$-0,$-11,$18,$-29,$-29,$-29,$-7,$-11,$24,24,$-1.19,$-1.19,$84,$36,$0,$159,$51,$0,$16,$1,$68,$227,$29,$0,$2,$8,$37,$0,$-64,$-1,$190,$227,$-26,$9,$26,$35,$5,$-0,$0,$-15,$-18,$-10,$-3,$0,$0,$-1,$0,$-1,$0,$-4,$0,$0,$0,$6,$6,$0,$-1,$5,$-9,$5,$0
17,2014-06-30,18.25,$9.03,2.02,$7.78,2.35,$-1.30,0.0,$-0.09,0.0,$0.18B,$0.03B,5.83,$0.00B,$0.22B,0.0,$0.19B,$0.09B,45.95%,$0.19B,$-0.00B,-1.62%,$0.19B,$-0.00B,-1.62%,$0.19B,$0.01B,3.24%,$0.19B,$-0.00B,-2.16%,$0.19B,$-0.00B,-0.54%,$-0.00B,$0.22B,-0.48%,$-0.00B,$0.20B,-0.52%,$-0.00B,$0.25B,-0.39%,$-0.00B,$0.22B,-1.43%,$48,$25,$23,$9,$13,$47,$1,$-0,$1,$-0,$1,$1,$1,$3,$1,$24,24,$0.02,$0.02,$87,$38,$0,$183,$47,$0,$18,$1,$70,$253,$31,$0,$2,$5,$36,$0,$-36,$1,$217,$253,$2,$5,$4,$9,$-2,$4,$0,$-14,$-16,$-5,$-4,$0,$0,$-2,$0,$-2,$0,$-6,$0,$0,$0,$4,$4,$0,$-1,$3,$-7,$3,$0
18,2014-03-31,17.97,$8.93,2.01,$7.29,2.47,$-1.77,0.0,$-0.31,0.0,$0.18B,$0.04B,5.11,$0.00B,$0.21B,0.0,$0.17B,$0.08B,44.19%,$0.17B,$-0.01B,-5.81%,$0.17B,$-0.01B,-5.81%,$0.17B,$-0.00B,-0.58%,$0.17B,$-0.01B,-6.98%,$0.17B,$-0.01B,-4.07%,$-0.01B,$0.21B,-3.38%,$-0.01B,$0.19B,-3.73%,$-0.01B,$0.26B,-2.74%,$-0.01B,$0.21B,-4.83%,$52,$27,$24,$8,$14,$50,$2,$0,$2,$1,$2,$2,$2,$4,$2,$24,24,$0.07,$0.07,$88,$40,$0,$184,$47,$0,$19,$1,$71,$255,$36,$0,$2,$6,$41,$0,$-36,$1,$213,$255,$2,$2,$2,$5,$-1,$2,$0,$-9,$-11,$-5,$-2,$0,$0,$-1,$0,$-1,$0,$-4,$0,$0,$0,$3,$3,$0,$-1,$2,$-6,$2,$0
19,2013-12-31,19.05,$8.81,2.16,$6.21,3.07,$-1.89,0.0,$-0.62,0.0,$0.19B,$0.05B,3.9,$0.00B,$0.21B,0.0,$0.15B,$0.06B,42.76%,$0.15B,$-0.02B,-15.17%,$0.15B,$-0.02B,-15.17%,$0.15B,$-0.01B,-8.28%,$0.15B,$-0.02B,-16.55%,$0.15B,$-0.02B,-10.34%,$-0.02B,$0.21B,-7.31%,$-0.02B,$0.19B,-8.10%,$-0.02B,$0.26B,-5.92%,$-0.02B,$0.21B,-10.67%,$46,$24,$22,$8,$12,$45,$1,$-0,$1,$0,$1,$1,$1,$4,$1,$23,23,$0.03,$0.03,$93,$41,$0,$191,$47,$0,$20,$1,$72,$263,$49,$0,$3,$7,$55,$0,$-38,$1,$207,$263,$-14,$9,$2,$11,$-10,$-4,$0,$11,$1,$-2,$-6,$0,$0,$-2,$0,$-2,$0,$-8,$-5,$0,$-5,$-0,$-0,$0,$-2,$-7,$-18,$8,$0
20,2013-09-30,16.12,$8.74,1.84,$5.49,2.93,$-0.75,0.0,$-0.80,0.0,$0.18B,$0.04B,4.55,$0.00B,$0.20B,0.0,$0.13B,$0.05B,40.31%,$0.13B,$-0.03B,-23.26%,$0.13B,$-0.03B,-23.26%,$0.13B,$-0.02B,-15.50%,$0.13B,$-0.03B,-24.03%,$0.13B,$-0.02B,-15.50%,$-0.02B,$0.20B,-9.64%,$-0.02B,$0.18B,-10.72%,$-0.02B,$0.25B,-7.92%,$-0.03B,$0.20B,-14.32%,$39,$23,$16,$9,$12,$46,$-7,$-0,$-8,$-3,$-5,$-5,$-5,$-5,$-7,$23,23,$-0.20,$-0.20,$93,$39,$0,$180,$47,$0,$20,$1,$71,$251,$40,$0,$4,$8,$48,$0,$-39,$0,$204,$251,$-15,$7,$-2,$4,$-2,$-1,$0,$3,$6,$-4,$-4,$0,$0,$-3,$0,$-3,$0,$-6,$-5,$0,$-5,$-2,$-2,$0,$-1,$-8,$-19,$6,$0
21,2013-06-30,14.67,$8.81,1.67,$5.66,2.59,$-0.05,0.0,$-0.52,0.0,$0.18B,$0.04B,4.59,$0.00B,$0.20B,0.0,$0.13B,$0.06B,43.28%,$0.13B,$-0.02B,-14.18%,$0.13B,$-0.02B,-14.18%,$0.13B,$-0.01B,-6.72%,$0.13B,$-0.02B,-14.93%,$0.13B,$-0.01B,-9.70%,$-0.01B,$0.20B,-6.13%,$-0.01B,$0.18B,-6.82%,$-0.01B,$0.25B,-5.06%,$-0.02B,$0.20B,-8.83%,$35,$20,$14,$8,$12,$41,$-6,$-1,$-7,$-2,$-5,$-5,$-5,$-4,$-6,$23,23,$-0.20,$-0.20,$86,$42,$0,$183,$44,$0,$20,$1,$69,$252,$40,$0,$4,$8,$48,$0,$-34,$-1,$204,$252,$-10,$4,$-2,$2,$-11,$-2,$0,$2,$-9,$-17,$-2,$0,$0,$-1,$0,$-1,$0,$-3,$-0,$0,$-0,$-2,$-2,$0,$-1,$-3,$-24,$3,$0
22,2013-03-31,14.43,$8.91,1.62,$6.40,2.26,$0.75,19.19,$-0.13,0.0,$0.18B,$0.03B,5.97,$0.00B,$0.21B,0.02,$0.15B,$0.07B,45.39%,$0.15B,$-0.01B,-5.92%,$0.15B,$-0.01B,-5.92%,$0.15B,$0.00B,0.66%,$0.15B,$-0.01B,-5.92%,$0.15B,$-0.00B,-1.97%,$-0.00B,$0.21B,-1.39%,$-0.00B,$0.19B,-1.55%,$-0.00B,$0.25B,-1.14%,$-0.01B,$0.21B,-4.09%,$25,$14,$10,$7,$12,$34,$-10,$-0,$-10,$-4,$-6,$-6,$-6,$-7,$-10,$23,23,$-0.24,$-0.24,$95,$45,$0,$180,$43,$0,$21,$1,$68,$248,$30,$4,$4,$12,$42,$0,$-29,$-1,$206,$248,$-6,$2,$-2,$0,$1,$-4,$0,$-0,$-3,$-9,$-1,$0,$0,$-1,$0,$-1,$0,$-2,$-0,$0,$-0,$-3,$-3,$0,$-1,$-4,$-16,$1,$0
23,2012-12-31,14.42,$9.28,1.55,$7.66,1.88,$1.00,14.4,$0.18,80.11,$0.19B,$0.03B,6.16,$0.00B,$0.22B,0.02,$0.18B,$0.08B,46.15%,$0.18B,$0.01B,2.75%,$0.18B,$0.01B,2.75%,$0.18B,$0.01B,7.69%,$0.18B,$0.01B,2.75%,$0.18B,$0.01B,2.75%,$0.01B,$0.22B,2.30%,$0.01B,$0.19B,2.57%,$0.01B,$0.26B,1.86%,$0.01B,$0.22B,2.24%,$30,$18,$12,$7,$11,$37,$-7,$0,$-6,$-3,$-4,$-4,$-4,$-4,$-7,$23,24,$-0.15,$-0.15,$110,$42,$0,$189,$43,$0,$22,$1,$70,$259,$31,$4,$4,$13,$44,$0,$-24,$1,$216,$259,$4,$8,$8,$16,$8,$4,$0,$4,$3,$24,$-5,$0,$1,$-47,$0,$-47,$0,$-52,$-2,$0,$-2,$-5,$-5,$0,$-0,$-7,$-35,$6,$0
24,2012-09-30,13.81,$9.51,1.45,$8.32,1.66,$1.37,10.09,$0.32,43.16,$0.20B,$0.03B,6.1,$0.01B,$0.22B,0.02,$0.20B,$0.09B,47.21%,$0.20B,$0.01B,5.58%,$0.20B,$0.01B,5.58%,$0.20B,$0.02B,9.14%,$0.20B,$0.01B,5.08%,$0.20B,$0.01B,4.06%,$0.01B,$0.22B,3.70%,$0.01B,$0.20B,4.17%,$0.01B,$0.27B,2.95%,$0.01B,$0.23B,4.95%,$44,$22,$22,$7,$11,$40,$4,$-0,$3,$1,$2,$2,$2,$6,$4,$23,24,$0.08,$0.08,$105,$45,$0,$197,$43,$0,$23,$1,$71,$269,$32,$5,$4,$14,$46,$0,$-20,$2,$222,$269,$8,$6,$7,$13,$-1,$2,$0,$3,$-8,$13,$-4,$0,$1,$-37,$0,$-37,$0,$-41,$-2,$0,$-2,$-1,$-1,$0,$1,$-3,$-30,$5,$0
25,2012-06-30,15.36,$9.35,1.64,$8.95,1.72,$2.40,6.39,$0.56,27.43,$0.20B,$0.04B,4.98,$0.01B,$0.22B,0.03,$0.21B,$0.10B,48.34%,$0.21B,$0.02B,9.00%,$0.21B,$0.02B,9.00%,$0.21B,$0.03B,12.32%,$0.21B,$0.02B,9.00%,$0.21B,$0.01B,6.64%,$0.01B,$0.22B,6.60%,$0.01B,$0.19B,7.28%,$0.01B,$0.27B,5.21%,$0.02B,$0.22B,8.69%,$53,$28,$25,$8,$13,$49,$4,$-0,$4,$-0,$5,$5,$5,$6,$4,$23,24,$0.19,$0.19,$96,$47,$0,$203,$42,$0,$23,$1,$71,$274,$41,$6,$5,$16,$57,$0,$-22,$1,$217,$274,$6,$4,$3,$7,$-11,$0,$0,$2,$-11,$2,$-3,$0,$1,$-14,$0,$-14,$0,$-16,$-0,$0,$-0,$-2,$-2,$0,$1,$-2,$-16,$3,$0
26,2012-03-31,18.51,$9.18,2.02,$9.47,1.96,$3.44,5.38,$0.84,22.04,$0.21B,$0.04B,4.97,$0.01B,$0.22B,0.03,$0.22B,$0.11B,50.90%,$0.22B,$0.03B,14.41%,$0.22B,$0.03B,14.41%,$0.22B,$0.04B,17.57%,$0.22B,$0.03B,14.41%,$0.22B,$0.02B,9.01%,$0.02B,$0.22B,9.67%,$0.02B,$0.19B,10.44%,$0.02B,$0.27B,7.61%,$0.03B,$0.22B,14.92%,$55,$30,$25,$7,$13,$51,$4,$-0,$4,$2,$2,$2,$2,$6,$4,$23,24,$0.07,$0.07,$95,$51,$0,$205,$38,$0,$26,$1,$68,$273,$41,$7,$5,$17,$58,$0,$-27,$2,$215,$273,$2,$2,$3,$5,$-10,$0,$0,$0,$-10,$-3,$-1,$0,$0,$0,$0,$0,$0,$-1,$-0,$0,$-0,$1,$1,$0,$1,$2,$-2,$1,$0
27,2011-12-31,18.42,$9.06,2.03,$9.81,1.88,$4.02,4.58,$1.22,15.1,$0.20B,$0.04B,4.94,$0.01B,$0.21B,0.03,$0.23B,$0.12B,53.71%,$0.23B,$0.05B,19.65%,$0.23B,$0.05B,19.65%,$0.23B,$0.05B,22.27%,$0.23B,$0.04B,19.21%,$0.23B,$0.03B,12.66%,$0.03B,$0.21B,14.54%,$0.03B,$0.18B,15.32%,$0.03B,$0.27B,11.43%,$0.05B,$0.22B,21.63%,$45,$25,$21,$6,$13,$46,$-1,$-0,$-1,$-0,$-1,$-1,$-1,$-0,$-1,$23,23,$-0.03,$-0.02,$98,$54,$0,$201,$36,$0,$26,$1,$66,$267,$41,$7,$5,$16,$57,$0,$-28,$2,$210,$267,$29,$5,$5,$10,$16,$-8,$0,$-2,$16,$54,$-27,$0,$0,$0,$0,$0,$0,$-27,$-3,$0,$-3,$3,$3,$0,$3,$4,$31,$4,$0
28,2011-09-30,14.5,$8.99,1.61,$9.88,1.47,$3.94,3.68,$2.36,6.14,$0.21B,$0.04B,5.88,$0.01B,$0.21B,0.03,$0.23B,$0.13B,54.35%,$0.23B,$0.06B,23.91%,$0.23B,$0.06B,23.91%,$0.23B,$0.06B,26.09%,$0.23B,$0.05B,23.04%,$0.23B,$0.06B,24.35%,$0.06B,$0.21B,29.51%,$0.06B,$0.20B,30.35%,$0.06B,$0.26B,23.14%,$0.06B,$0.21B,27.67%,$58,$28,$31,$6,$13,$47,$12,$1,$12,$5,$8,$8,$8,$14,$12,$23,24,$0.33,$0.32,$100,$53,$0,$213,$35,$0,$5,$1,$47,$260,$36,$7,$5,$18,$54,$0,$-28,$3,$206,$260,$29,$5,$4,$8,$-0,$-10,$0,$3,$-2,$35,$-2,$0,$0,$0,$0,$0,$0,$-2,$-2,$0,$-2,$1,$1,$0,$2,$0,$34,$3,$0
29,2011-06-30,18.99,$8.65,2.2,$9.74,1.95,$3.53,5.38,$2.57,7.39,$0.20B,$0.04B,5.69,$0.01B,$0.20B,0.05,$0.23B,$0.12B,54.42%,$0.23B,$0.06B,25.22%,$0.23B,$0.06B,25.22%,$0.23B,$0.06B,26.99%,$0.23B,$0.05B,23.89%,$0.23B,$0.06B,26.55%,$0.06B,$0.20B,34.53%,$0.06B,$0.19B,35.66%,$0.06B,$0.25B,26.76%,$0.06B,$0.21B,31.06%,$64,$29,$36,$6,$12,$47,$17,$-1,$17,$6,$11,$11,$11,$19,$17,$23,23,$0.49,$0.47,$92,$48,$0,$200,$37,$0,$5,$1,$51,$251,$35,$9,$5,$19,$55,$0,$-35,$3,$196,$251,$22,$3,$2,$5,$1,$-6,$0,$-1,$-1,$26,$-2,$0,$0,$0,$0,$0,$0,$-2,$-0,$0,$-0,$-1,$-1,$0,$1,$0,$25,$2,$0
30,2011-03-31,18.09,$8.21,2.2,$9.21,1.96,$3.08,5.87,$2.61,6.93,$0.19B,$0.03B,5.84,$0.01B,$0.19B,0.05,$0.21B,$0.12B,53.99%,$0.21B,$0.05B,24.88%,$0.21B,$0.05B,24.88%,$0.21B,$0.06B,26.29%,$0.21B,$0.05B,23.47%,$0.21B,$0.06B,28.64%,$0.06B,$0.19B,38.98%,$0.06B,$0.18B,40.46%,$0.06B,$0.24B,29.94%,$0.05B,$0.20B,31.74%,$62,$27,$35,$5,$12,$45,$17,$-1,$16,$6,$11,$11,$11,$18,$17,$23,23,$0.47,$0.45,$80,$46,$0,$186,$36,$0,$6,$1,$52,$237,$32,$9,$5,$19,$51,$0,$-46,$2,$186,$237,$11,$1,$0,$2,$-4,$-2,$0,$4,$-2,$10,$-1,$0,$-0,$0,$0,$0,$0,$-1,$-0,$0,$-0,$2,$2,$0,$2,$4,$14,$1,$0
31,2010-12-31,12.83,$7.66,1.68,$8.20,1.56,$2.86,4.49,$2.42,5.3,$0.17B,$0.03B,5.18,$0.01B,$0.17B,0.06,$0.19B,$0.10B,53.72%,$0.19B,$0.04B,22.34%,$0.19B,$0.04B,22.34%,$0.19B,$0.05B,23.94%,$0.19B,$0.04B,21.28%,$0.19B,$0.06B,29.79%,$0.06B,$0.17B,40.51%,$0.06B,$0.17B,42.42%,$0.06B,$0.22B,30.64%,$0.04B,$0.18B,28.09%,$46,$23,$23,$5,$10,$37,$9,$-0,$8,$-18,$26,$26,$26,$9,$9,$22,23,$1.19,$1.13,$66,$45,$0,$168,$35,$0,$6,$1,$52,$220,$32,$9,$4,$17,$49,$0,$-57,$2,$171,$220,$56,$4,$-15,$-10,$-21,$-11,$0,$1,$-18,$28,$-3,$0,$0,$0,$0,$0,$0,$-3,$-3,$0,$-3,$4,$4,$0,$-3,$-2,$23,$3,$0
32,2010-09-30,15.05,$6.42,2.35,$7.61,1.98,$1.42,10.6,$1.29,11.67,$0.15B,$0.03B,4.68,$0.01B,$0.14B,0.07,$0.17B,$0.09B,54.17%,$0.17B,$0.03B,20.24%,$0.17B,$0.03B,20.24%,$0.17B,$0.04B,22.62%,$0.17B,$0.03B,19.05%,$0.17B,$0.03B,17.86%,$0.03B,$0.14B,24.54%,$0.03B,$0.14B,25.92%,$0.03B,$0.19B,18.24%,$0.03B,$0.15B,25.33%,$54,$25,$29,$5,$11,$40,$14,$-0,$13,$1,$12,$12,$12,$15,$14,$22,23,$0.56,$0.53,$64,$39,$0,$147,$34,$0,$6,$1,$42,$189,$31,$10,$3,$16,$47,$0,$-83,$2,$142,$189,$30,$4,$2,$7,$-18,$-6,$0,$-1,$-12,$25,$-1,$0,$-3,$0,$0,$0,$0,$-5,$-3,$0,$-3,$3,$3,$0,$0,$0,$20,$3,$0
33,2010-06-30,10.09,$5.81,1.74,$6.61,1.53,$-0.13,0.0,$0.84,12.01,$0.13B,$0.02B,5.24,$0.01B,$0.13B,0.1,$0.14B,$0.08B,54.29%,$0.14B,$0.02B,15.00%,$0.14B,$0.02B,15.00%,$0.14B,$0.03B,18.57%,$0.14B,$0.02B,14.29%,$0.14B,$0.02B,14.29%,$0.02B,$0.13B,18.74%,$0.02B,$0.12B,20.00%,$0.02B,$0.17B,13.58%,$0.02B,$0.14B,17.57%,$51,$23,$28,$5,$10,$38,$13,$-0,$13,$1,$12,$12,$12,$14,$13,$22,23,$0.53,$0.51,$55,$35,$0,$128,$34,$0,$6,$1,$41,$169,$24,$13,$3,$18,$42,$0,$-95,$1,$127,$169,$17,$3,$2,$5,$-12,$-2,$0,$-2,$-9,$13,$-0,$0,$-3,$0,$0,$0,$0,$-4,$-0,$0,$-0,$2,$2,$0,$-0,$1,$11,$2,$0
34,2010-03-31,9.48,$5.24,1.81,$5.17,1.83,$-1.42,0.0,$-0.05,0.0,$0.11B,$0.02B,4.71,$0.01B,$0.11B,0.11,$0.10B,$0.05B,51.92%,$0.10B,$0.00B,1.92%,$0.10B,$0.00B,1.92%,$0.10B,$0.01B,6.73%,$0.10B,0,0.00%,$0.10B,$0.00B,0.96%,$0.00B,$0.11B,1.06%,$0.00B,$0.11B,1.15%,$0.00B,$0.15B,0.75%,$0.00B,$0.13B,1.86%,$37,$17,$21,$5,$9,$31,$6,$0,$6,$0,$6,$6,$6,$7,$6,$22,23,$0.28,$0.26,$46,$36,$0,$110,$34,$0,$7,$1,$43,$153,$23,$13,$3,$17,$40,$0,$-107,$1,$113,$153,$6,$2,$1,$2,$-3,$-2,$0,$-1,$-4,$5,$-0,$0,$-2,$0,$0,$0,$0,$-2,$0,$-0,$-0,$0,$0,$0,$-0,$-0,$2,$1,$0
35,2009-12-31,11.33,$4.96,2.28,$4.07,2.78,$-1.98,0.0,$-0.89,0.0,$0.10B,$0.03B,4.06,$0.01B,$0.11B,0.12,$0.08B,$0.04B,46.75%,$0.08B,$-0.01B,-16.88%,$0.08B,$-0.01B,-16.88%,$0.08B,$-0.01B,-10.39%,$0.08B,$-0.02B,-22.08%,$0.08B,$-0.02B,-20.78%,$-0.02B,$0.11B,-18.44%,$-0.02B,$0.10B,-20.06%,$-0.02B,$0.15B,-13.03%,$-0.01B,$0.12B,-13.07%,$26,$13,$13,$4,$8,$26,$1,$-1,$-0,$-0,$-0,$-0,$-0,$2,$1,$19,19,$0.01,$0.01,$44,$33,$0,$102,$36,$0,$7,$2,$46,$147,$25,$13,$2,$16,$41,$0,$-113,$1,$107,$147,$-16,$6,$5,$11,$-6,$1,$0,$4,$-1,$-6,$-1,$0,$0,$0,$0,$0,$0,$-1,$-0,$0,$-0,$26,$26,$0,$0,$26,$20,$2,$0
36,2009-09-30,6.57,$4.30,1.53,$3.76,1.75,$-1.64,0.0,$-1.02,0.0,$0.07B,$0.02B,3.06,$0.01B,$0.08B,0.16,$0.07B,$0.03B,45.07%,$0.07B,$-0.02B,-23.94%,$0.07B,$-0.02B,-23.94%,$0.07B,$-0.01B,-15.49%,$0.07B,$-0.02B,-28.17%,$0.07B,$-0.02B,-26.76%,$-0.02B,$0.08B,-22.82%,$-0.02B,$0.07B,-24.92%,$-0.02B,$0.12B,-16.24%,$-0.02B,$0.09B,-17.66%,$26,$12,$14,$4,$8,$24,$1,$-0,$1,$-0,$2,$2,$2,$3,$1,$19,19,$0.08,$0.08,$17,$32,$0,$73,$37,$0,$7,$2,$47,$120,$24,$13,$3,$16,$40,$0,$-113,$1,$80,$120,$-16,$4,$4,$9,$-4,$1,$0,$2,$-3,$-10,$-1,$0,$0,$0,$0,$0,$0,$-0,$-0,$4,$3,$0,$0,$0,$0,$4,$-7,$2,$0
37,2009-06-30,2.71,$4.18,0.65,$3.68,0.74,$-1.14,0.0,$-4.35,0.0,$0.07B,$0.02B,3.25,$0.01B,$0.08B,0.17,$0.07B,$0.03B,41.18%,$0.07B,$-0.08B,-114.71%,$0.07B,$-0.08B,-114.71%,$0.07B,$-0.07B,-107.35%,$0.07B,$-0.08B,-119.12%,$0.07B,$-0.08B,-119.12%,$-0.08B,$0.08B,-92.84%,$-0.08B,$0.07B,-100.93%,$-0.08B,$0.11B,-67.64%,$-0.08B,$0.09B,-77.81%,$15,$9,$6,$3,$7,$21,$-6,$-1,$-7,$-0,$-7,$-7,$-7,$-5,$-6,$19,19,$-0.38,$-0.38,$14,$34,$0,$66,$38,$0,$8,$2,$48,$114,$20,$13,$3,$16,$36,$0,$-114,$1,$78,$114,$-18,$3,$1,$3,$2,$0,$0,$-0,$1,$-13,$-0,$0,$0,$0,$0,$0,$0,$-0,$-0,$4,$3,$0,$0,$0,$0,$4,$-9,$1,$0
38,2009-03-31,1.2,$4.48,0.27,$4.17,0.29,$-0.48,0.0,$-4.98,0.0,$0.06B,$0.01B,4.53,$0.01B,$0.08B,0.16,$0.08B,$0.03B,41.56%,$0.08B,$-0.09B,-118.18%,$0.08B,$-0.09B,-118.18%,$0.08B,$-0.09B,-110.39%,$0.08B,$-0.09B,-120.78%,$0.08B,$-0.09B,-120.78%,$-0.09B,$0.08B,-86.71%,$-0.09B,$0.08B,-107.51%,$-0.09B,$0.11B,-67.88%,$-0.09B,$0.10B,-77.61%,$10,$7,$3,$3,$8,$19,$-9,$-2,$-11,$-0,$-11,$-11,$-11,$-8,$-9,$18,18,$-0.58,$-0.58,$17,$33,$0,$62,$40,$0,$7,$2,$48,$110,$14,$13,$1,$14,$28,$0,$-107,$-0,$82,$110,$-11,$1,$1,$3,$7,$-2,$0,$-1,$2,$-6,$-0,$0,$0,$0,$0,$0,$0,$-0,$-0,$0,$-0,$0,$0,$0,$0,$-0,$-7,$0,$0
39,2008-12-31,1.14,$5.04,0.23,$5.49,0.21,$0.10,10.95,$-4.44,0.0,$0.08B,$0.02B,4.37,$0.01B,$0.09B,0.14,$0.10B,$0.05B,44.12%,$0.10B,$-0.08B,-81.37%,$0.10B,$-0.08B,-81.37%,$0.10B,$-0.08B,-73.53%,$0.10B,$-0.08B,-80.39%,$0.10B,$-0.08B,-81.37%,$-0.08B,$0.09B,-63.36%,$-0.08B,$0.09B,-88.77%,$-0.08B,$0.12B,-51.79%,$-0.08B,$0.11B,-60.14%,$20,$12,$9,$4,$8,$24,$-3,$1,$-3,$-0,$-3,$-3,$-3,$-1,$-3,$19,19,$-0.15,$-0.15,$24,$32,$0,$75,$40,$0,$7,$2,$49,$124,$17,$13,$1,$14,$31,$0,$-97,$-1,$93,$124,$-83,$8,$70,$78,$18,$0,$0,$2,$7,$2,$-3,$0,$-3,$0,$0,$0,$0,$-6,$13,$0,$13,$-1,$-1,$0,$0,$12,$9,$4,$0
40,2008-09-30,2.11,$5.24,0.4,$6.22,0.34,$0.41,5.19,$-4.37,0.0,$0.08B,$0.02B,3.75,$0.01B,$0.10B,0.14,$0.12B,$0.05B,44.35%,$0.12B,$-0.08B,-70.43%,$0.12B,$-0.08B,-70.43%,$0.12B,$-0.07B,-61.74%,$0.12B,$-0.08B,-69.57%,$0.12B,$-0.08B,-70.43%,$-0.08B,$0.10B,-53.38%,$-0.08B,$0.09B,-83.29%,$-0.08B,$0.13B,-44.75%,$-0.08B,$0.11B,-52.09%,$23,$13,$10,$4,$9,$83,$-60,$-0,$-60,$0,$-60,$-60,$-60,$-59,$-60,$19,19,$-3.25,$-3.25,$22,$34,$0,$80,$42,$0,$7,$2,$51,$131,$21,$13,$1,$14,$35,$0,$-94,$1,$96,$131,$-80,$6,$72,$78,$14,$0,$0,$-2,$4,$2,$-3,$0,$-3,$0,$0,$0,$0,$-6,$13,$0,$13,$-1,$-1,$0,$0,$12,$7,$3,$0
41,2008-06-30,5.82,$8.47,0.69,$7.05,0.83,$0.76,7.62,$-1.01,0.0,$0.08B,$0.02B,3.11,$0.00B,$0.16B,0.0,$0.13B,$0.06B,44.27%,$0.13B,$-0.02B,-14.50%,$0.13B,$-0.02B,-14.50%,$0.13B,$-0.01B,-6.11%,$0.13B,$-0.02B,-13.74%,$0.13B,$-0.02B,-14.50%,$-0.02B,$0.16B,-11.06%,$-0.02B,$0.10B,-19.00%,$-0.02B,$0.18B,-9.48%,$-0.02B,$0.16B,-11.01%,$24,$14,$10,$4,$10,$43,$-19,$-0,$-19,$-0,$-19,$-19,$-19,$-17,$-19,$19,19,$-1.02,$-1.02,$10,$34,$0,$76,$43,$0,$63,$2,$107,$183,$24,$1,$0,$1,$25,$0,$-34,$2,$158,$183,$-20,$5,$15,$20,$7,$1,$0,$-2,$1,$1,$-2,$0,$-3,$0,$0,$0,$0,$-5,$-0,$0,$-0,$0,$0,$0,$0,$0,$-5,$2,$0
42,2008-03-31,7.15,$9.51,0.75,$7.86,0.91,$1.11,6.42,$-0.01,0.0,$0.08B,$0.02B,3.44,$0.00B,$0.18B,0.01,$0.14B,$0.06B,44.44%,$0.14B,0,0.00%,$0.14B,0,0.00%,$0.14B,$0.01B,8.33%,$0.14B,$0.00B,0.69%,$0.14B,0,0.00%,$0.00B,$0.18B,0.00%,$0.00B,$0.10B,0.00%,$0.00B,$0.20B,0.00%,$0.00B,$0.18B,0.00%,$35,$19,$16,$4,$10,$36,$-1,$0,$-0,$0,$-1,$-1,$-1,$2,$-1,$19,19,$-0.04,$-0.04,$19,$32,$0,$84,$44,$0,$73,$2,$119,$203,$24,$1,$0,$2,$26,$0,$-15,$3,$177,$203,$-1,$3,$1,$3,$6,$3,$0,$-1,$3,$6,$-2,$0,$0,$0,$0,$0,$0,$-2,$-0,$0,$-0,$-0,$-0,$0,$0,$-0,$4,$1,$0
43,2007-12-31,9.86,$9.44,1.04,$8.10,1.22,$0.99,9.97,$-0.23,0.0,$0.09B,$0.03B,2.94,$0.00B,$0.18B,0.0,$0.15B,$0.06B,42.47%,$0.15B,$-0.00B,-2.74%,$0.15B,$-0.00B,-2.74%,$0.15B,$0.01B,5.48%,$0.15B,$-0.00B,-2.74%,$0.15B,$-0.00B,-2.74%,$-0.00B,$0.18B,-2.30%,$-0.00B,$0.10B,-4.15%,$-0.00B,$0.21B,-1.93%,$-0.00B,$0.18B,-2.29%,$33,$19,$15,$5,$10,$35,$-1,$0,$-1,$-0,$-1,$-1,$-1,$3,$-1,$18,18,$-0.06,$-0.06,$15,$34,$0,$87,$44,$0,$74,$2,$121,$207,$29,$0,$1,$2,$31,$0,$-14,$3,$176,$207,$-4,$11,$3,$14,$-10,$5,$0,$-6,$-7,$3,$2,$0,$0,$0,$0,$0,$0,$2,$-2,$0,$-2,$3,$3,$0,$0,$2,$7,$4,$0
44,2007-09-30,8.97,$9.49,0.95,$7.91,1.13,$-0.49,0.0,$-0.85,0.0,$0.09B,$0.03B,2.87,$0.00B,$0.18B,0.0,$0.14B,$0.05B,39.13%,$0.14B,$-0.02B,-10.87%,$0.14B,$-0.02B,-10.87%,$0.14B,$-0.00B,-2.17%,$0.14B,$-0.02B,-11.59%,$0.14B,$-0.02B,-10.87%,$-0.02B,$0.18B,-8.62%,$-0.02B,$0.10B,-15.92%,$-0.02B,$0.21B,-7.18%,$-0.02B,$0.18B,-8.57%,$39,$22,$17,$5,$9,$37,$2,$0,$2,$0,$2,$2,$2,$4,$2,$18,19,$0.11,$0.11,$15,$33,$0,$87,$44,$0,$76,$2,$122,$209,$30,$1,$0,$2,$33,$0,$-13,$3,$176,$209,$-3,$7,$3,$10,$-9,$5,$0,$-5,$-4,$3,$3,$0,$0,$0,$0,$0,$0,$3,$-2,$0,$-2,$3,$3,$0,$0,$1,$7,$3,$0
45,2007-06-30,6.86,$9.35,0.73,$7.60,0.9,$-1.33,0.0,$-1.35,0.0,$0.08B,$0.03B,2.52,$0.00B,$0.17B,0.0,$0.13B,$0.05B,37.50%,$0.13B,$-0.02B,-17.97%,$0.13B,$-0.02B,-17.97%,$0.13B,$-0.01B,-7.81%,$0.13B,$-0.02B,-18.75%,$0.13B,$-0.02B,-18.75%,$-0.02B,$0.17B,-13.64%,$-0.02B,$0.10B,-25.40%,$-0.02B,$0.21B,-11.29%,$-0.02B,$0.18B,-12.99%,$37,$21,$16,$5,$9,$37,$0,$-1,$-0,$-0,$-0,$-0,$-0,$3,$0,$18,18,$-0.01,$-0.01,$15,$33,$2,$82,$46,$0,$79,$2,$127,$209,$32,$1,$0,$2,$35,$0,$-15,$3,$174,$209,$-5,$5,$2,$7,$-3,$6,$0,$-2,$4,$6,$-1,$0,$0,$0,$0,$0,$0,$-1,$-0,$0,$-0,$3,$3,$0,$0,$2,$7,$2,$0
46,2007-03-31,6.7,$9.43,0.71,$7.30,0.92,$-1.94,0.0,$-1.50,0.0,$0.08B,$0.03B,2.55,$0.00B,$0.17B,0.01,$0.11B,$0.04B,35.96%,$0.11B,$-0.03B,-22.81%,$0.11B,$-0.03B,-22.81%,$0.11B,$-0.02B,-13.16%,$0.11B,$-0.03B,-22.81%,$0.11B,$-0.03B,-22.81%,$-0.03B,$0.17B,-16.00%,$-0.03B,$0.09B,-26.26%,$-0.03B,$0.21B,-13.28%,$-0.03B,$0.17B,-15.90%,$37,$23,$14,$5,$12,$42,$-5,$0,$-5,$0,$-5,$-5,$-5,$-2,$-5,$18,18,$-0.26,$-0.26,$9,$39,$0,$80,$43,$0,$81,$2,$126,$206,$32,$1,$0,$3,$35,$0,$-15,$2,$171,$206,$-5,$2,$1,$4,$-3,$4,$0,$0,$3,$2,$-0,$0,$0,$0,$0,$0,$0,$-0,$-0,$0,$-0,$0,$0,$0,$0,$-0,$1,$1,$0
47,2006-12-31,7.91,$9.63,0.82,$6.65,1.19,$-2.21,0.0,$-1.34,0.0,$0.08B,$0.04B,2.44,$0.00B,$0.18B,0.01,$0.10B,$0.04B,37.50%,$0.10B,$-0.02B,-23.96%,$0.10B,$-0.02B,-23.96%,$0.10B,$-0.01B,-14.58%,$0.10B,$-0.02B,-22.92%,$0.10B,$-0.02B,-22.92%,$-0.02B,$0.18B,-14.69%,$-0.02B,$0.09B,-21.00%,$-0.02B,$0.21B,-12.31%,$-0.02B,$0.18B,-15.23%,$25,$18,$7,$4,$12,$37,$-12,$-1,$-13,$-1,$-12,$-12,$-12,$-8,$-12,$15,15,$-0.81,$-0.81,$8,$48,$0,$84,$43,$0,$83,$2,$128,$212,$35,$1,$0,$3,$38,$0,$-10,$2,$175,$212,$-22,$9,$5,$13,$4,$-11,$0,$5,$-8,$-17,$-1,$0,$-8,$5,$0,$5,$0,$-4,$-15,$0,$-15,$2,$2,$0,$0,$-13,$-32,$5,$0
