,Date,Stock Price,Book Value per Share,Price to Book Ratio,TTM Sales per Share,Price to Sales Ratio,TTM FCF per Share,Price to FCF Ratio,TTM Net EPS,PE Ratio,Current Assets,Current Liabilities,Current Ratio,Long Term Debt,Shareholder's Equity_x,Debt to Equity Ratio,TTM Revenue_x,TTM Gross Profit,Gross Margin,TTM Revenue_y,TTM Operating Income,Operating Margin,TTM Revenue_x,TTM EBIT,EBIT Margin,TTM Revenue_y,TTM EBITDA,EBITDA Margin,TTM Revenue_x,TTM Pre-Tax Income,Pre-Tax Margin,TTM Revenue_y,TTM Net Income_x,Net Margin,TTM Net Income_y,Shareholder's Equity_y,Return on Equity,TTM Net Income_x,Tangible Equity,Return on Tangible Equity,TTM Net Income_y,Total Assets,Return on Assets,TTM Net Income,LT Investments & Debt,Return on Investment,revenue,cost-goods-sold,gross-profit,research-development-expenses,selling-general-administrative-expenses,operating-expenses,operating-income,total-non-operating-income-expense,pre-tax-income,total-provision-income-taxes,income-after-taxes,income-from-continuous-operations,net-income,ebitda,ebit,basic-shares-outstanding,shares-outstanding,eps-basic-net-earnings-per-share,eps-earnings-per-share-diluted,cash-on-hand,inventory,other-current-assets,total-current-assets,net-property-plant-equipment,long-term-investments,goodwill-intangible-assets-total,other-long-term-assets,total-long-term-assets,total-assets,total-current-liabilities,long-term-debt,other-non-current-liabilities,total-long-term-liabilities,total-liabilities,common-stock-net,retained-earnings-accumulated-deficit,comprehensive-income,total-share-holder-equity,total-liabilities-share-holders-equity,net-income-loss,total-depreciation-amortization-cash-flow,other-non-cash-items,total-non-cash-items,change-in-accounts-receivable,change-in-inventories,change-in-accounts-payable,change-in-assets-liabilities,total-change-in-assets-liabilities,cash-flow-from-operating-activities,net-change-in-property-plant-equipment,net-change-in-intangible-assets,net-acquisitions-divestitures,net-change-in-short-term-investments,net-change-in-long-term-investments,net-change-in-investments-total,investing-activities-other,cash-flow-from-investing-activities,net-long-term-debt,net-current-debt,debt-issuance-retirement-net-total,net-common-equity-issued-repurchased,net-total-equity-issued-repurchased,total-common-preferred-stock-dividends-paid,financial-activities-other,cash-flow-from-financial-activities,net-cash-flow,stock-based-compensation,common-stock-dividends-paid
0,2018-09-30,82.4,$-18.92,-4.35,$24.05,3.43,$8.01,10.29,$1.38,59.71,$0.08B,$0.02B,4.83,$0.15B,$-0.08B,-1.83,$0.10B,$0.04B,43.56%,$0.10B,$0.03B,26.73%,$0.10B,$0.03B,26.73%,$0.10B,$0.03B,29.70%,$0.10B,$0.01B,6.93%,$0.10B,$0.01B,4.95%,$0.01B,$-0.08B,-6.02%,$0.01B,$-0.08B,-5.93%,$0.01B,$0.09B,5.92%,$0.03B,$0.07B,43.55%,$29,$16,$13,$0,$4,$21,$8,$-2,$6,$2,$4,$4,$4,$9,$8,$4,4,$1.07,$1.06,$66,$1,$1,$79,$5,$0,$1,$0,$8,$86,$16,$145,$4,$149,$166,$0,$-63,$0,$-79,$86,$9,$1,$-0,$1,$-1,$-0,$0,$3,$-0,$10,$1,$0,$0,$0,$0,$0,$0,$1,$0,$0,$0,$0,$0,$-2,$-0,$-2,$9,$0,$-2
1,2018-06-30,94.1,$-19.80,-4.75,$24.59,3.83,$6.58,14.29,$1.06,88.77,$0.07B,$0.01B,5.35,$0.15B,$-0.08B,-1.75,$0.10B,$0.04B,41.75%,$0.10B,$0.03B,27.18%,$0.10B,$0.03B,27.18%,$0.10B,$0.03B,29.13%,$0.10B,$0.01B,5.83%,$0.10B,$0.00B,3.88%,$0.00B,$-0.08B,-5.11%,$0.00B,$-0.08B,-5.03%,$0.00B,$0.08B,4.76%,$0.03B,$0.06B,44.09%,$30,$16,$14,$0,$4,$21,$9,$-3,$7,$2,$5,$5,$5,$10,$9,$4,4,$1.15,$1.13,$53,$1,$2,$72,$5,$0,$1,$0,$8,$79,$13,$145,$4,$149,$162,$0,$-66,$0,$-83,$79,$5,$1,$0,$1,$-5,$-0,$0,$2,$-8,$-3,$-0,$0,$0,$0,$0,$0,$0,$-0,$0,$0,$0,$0,$0,$-1,$-0,$-1,$-4,$0,$-1
2,2018-03-31,73.7,$-20.21,-3.65,$24.76,2.98,$8.27,8.91,$0.62,118.88,$0.07B,$0.02B,3.98,$0.15B,$-0.09B,-1.71,$0.10B,$0.04B,39.42%,$0.10B,$0.03B,25.96%,$0.10B,$0.03B,25.96%,$0.10B,$0.03B,27.88%,$0.10B,$0.00B,3.85%,$0.10B,$0.00B,1.92%,$0.00B,$-0.09B,-2.72%,$0.00B,$-0.09B,-2.68%,$0.00B,$0.08B,2.33%,$0.03B,$0.06B,41.54%,$20,$12,$8,$0,$3,$15,$5,$-3,$1,$1,$0,$0,$0,$5,$5,$4,4,$0.08,$0.09,$57,$0,$1,$72,$7,$0,$1,$0,$8,$80,$18,$145,$2,$147,$165,$0,$-68,$0,$-85,$80,$3,$2,$10,$12,$-2,$0,$0,$-2,$4,$19,$-1,$0,$0,$0,$0,$0,$0,$-1,$150,$0,$150,$0,$0,$-21,$-147,$-18,$0,$0,$-21
3,2017-12-31,75.3,$-20.32,-3.71,$24.55,3.07,$6.14,12.26,$0.70,107.57,$0.08B,$0.03B,2.67,$0.15B,$-0.09B,-1.7,$0.10B,$0.04B,39.81%,$0.10B,$0.03B,26.21%,$0.10B,$0.03B,26.21%,$0.10B,$0.03B,28.16%,$0.10B,$0.00B,3.88%,$0.10B,$0.00B,2.91%,$0.00B,$-0.09B,-4.36%,$0.00B,$-0.09B,-4.27%,$0.00B,$0.09B,3.51%,$0.03B,$0.06B,40.75%,$22,$13,$9,$0,$3,$17,$5,$-12,$-7,$-3,$-4,$-4,$-4,$6,$5,$4,4,$-0.90,$-0.90,$67,$0,$0,$83,$8,$0,$1,$0,$10,$93,$31,$145,$1,$147,$178,$0,$-69,$0,$-85,$93,$2,$2,$9,$11,$-3,$0,$0,$-2,$-6,$8,$-0,$0,$0,$0,$0,$0,$0,$-0,$150,$0,$150,$0,$0,$-0,$-147,$3,$10,$0,$-0
4,2017-09-30,69.28,$-14.43,-4.8,$24.01,2.89,$6.48,10.69,$1.77,39.14,$0.07B,$0.01B,7.07,$0.13B,$-0.06B,-2.19,$0.10B,$0.04B,39.60%,$0.10B,$0.03B,26.73%,$0.10B,$0.03B,26.73%,$0.10B,$0.03B,27.72%,$0.10B,$0.01B,11.88%,$0.10B,$0.01B,7.92%,$0.01B,$-0.06B,-12.45%,$0.01B,$-0.06B,-12.12%,$0.01B,$0.08B,9.79%,$0.03B,$0.07B,40.15%,$31,$19,$12,$0,$3,$23,$9,$-4,$5,$2,$3,$3,$3,$9,$9,$4,4,$0.75,$0.74,$62,$1,$0,$74,$8,$0,$1,$0,$10,$84,$11,$132,$1,$134,$145,$0,$-44,$0,$-60,$84,$6,$1,$0,$2,$-3,$-0,$0,$1,$-2,$5,$-0,$0,$0,$0,$0,$0,$0,$-0,$0,$0,$0,$0,$0,$-0,$-0,$-0,$5,$0,$-0
5,2017-06-30,59.02,$-15.23,-3.88,$23.19,2.54,$6.94,8.51,$1.63,36.21,$0.08B,$0.02B,4.72,$0.13B,$-0.06B,-2.07,$0.10B,$0.04B,39.80%,$0.10B,$0.03B,26.53%,$0.10B,$0.03B,26.53%,$0.10B,$0.03B,28.57%,$0.10B,$0.01B,11.22%,$0.10B,$0.01B,8.16%,$0.01B,$-0.06B,-12.08%,$0.01B,$-0.07B,-11.81%,$0.01B,$0.09B,10.03%,$0.03B,$0.07B,40.00%,$31,$18,$12,$0,$4,$22,$8,$-4,$5,$2,$3,$3,$3,$9,$8,$4,4,$0.70,$0.69,$61,$1,$0,$76,$9,$0,$1,$0,$10,$87,$16,$132,$1,$134,$150,$0,$0,$-47,$-64,$87,$3,$1,$0,$1,$-5,$-0,$0,$0,$1,$4,$-0,$0,$0,$0,$0,$0,$0,$-0,$0,$0,$0,$0,$0,$-0,$-0,$-0,$4,$0,$-0
6,2017-03-31,58.69,$-15.92,-3.69,$22.91,2.56,$7.06,8.32,$1.79,32.79,$0.07B,$0.01B,6.27,$0.13B,$-0.07B,-1.98,$0.10B,$0.04B,41.67%,$0.10B,$0.03B,28.13%,$0.10B,$0.03B,28.13%,$0.10B,$0.03B,29.17%,$0.10B,$0.01B,11.46%,$0.10B,$0.01B,9.38%,$0.01B,$-0.07B,-13.24%,$0.01B,$-0.07B,-12.95%,$0.01B,$0.08B,11.61%,$0.03B,$0.07B,42.86%,$19,$11,$8,$0,$3,$14,$5,$-4,$1,$0,$1,$1,$1,$5,$5,$4,4,$0.17,$0.16,$57,$1,$0,$68,$9,$0,$1,$0,$11,$78,$11,$131,$2,$134,$145,$0,$-50,$0,$-66,$78,$7,$3,$1,$4,$-0,$0,$0,$-0,$-1,$10,$-1,$0,$0,$0,$0,$0,$0,$-1,$0,$0,$0,$-1,$-1,$-0,$-1,$-3,$7,$1,$-0
7,2016-12-31,60.8,$-16.12,-3.77,$22.58,2.69,$7.43,8.19,$1.74,34.94,$0.07B,$0.01B,5.63,$0.13B,$-0.07B,-1.95,$0.10B,$0.04B,41.67%,$0.10B,$0.03B,27.08%,$0.10B,$0.03B,27.08%,$0.10B,$0.03B,29.17%,$0.10B,$0.01B,11.46%,$0.10B,$0.01B,9.38%,$0.01B,$-0.07B,-12.95%,$0.01B,$-0.07B,-12.68%,$0.01B,$0.08B,11.84%,$0.03B,$0.06B,42.45%,$20,$11,$8,$0,$3,$15,$5,$-4,$1,$0,$1,$1,$1,$5,$5,$4,4,$0.17,$0.17,$56,$0,$0,$68,$9,$0,$1,$0,$11,$78,$12,$131,$2,$134,$146,$0,$-51,$0,$-67,$78,$7,$2,$1,$3,$-2,$0,$0,$1,$-0,$10,$-1,$0,$0,$0,$0,$0,$0,$-1,$0,$0,$0,$-1,$-1,$-0,$-1,$-3,$6,$0,$-0
8,2016-09-30,49.23,$-16.27,-3.03,$22.48,2.19,$8.29,5.94,$1.67,29.48,$0.07B,$0.01B,6.35,$0.13B,$-0.07B,-1.93,$0.10B,$0.04B,41.24%,$0.10B,$0.03B,25.77%,$0.10B,$0.03B,25.77%,$0.10B,$0.03B,28.87%,$0.10B,$0.01B,11.34%,$0.10B,$0.01B,8.25%,$0.01B,$-0.07B,-11.59%,$0.01B,$-0.07B,-11.35%,$0.01B,$0.08B,10.42%,$0.03B,$0.06B,40.65%,$28,$17,$11,$0,$3,$20,$8,$-4,$4,$2,$3,$3,$3,$9,$8,$4,4,$0.60,$0.60,$64,$1,$0,$65,$9,$0,$1,$0,$10,$76,$10,$131,$2,$133,$144,$0,$-51,$0,$-68,$76,$6,$1,$1,$2,$-0,$0,$0,$1,$-1,$8,$-1,$0,$0,$0,$0,$0,$0,$-1,$0,$0,$0,$-1,$-1,$-0,$-1,$-2,$5,$0,$-0
9,2016-06-30,41.69,$-16.91,-2.47,$22.70,1.84,$8.53,4.89,$1.71,24.38,$0.07B,$0.02B,4.4,$0.13B,$-0.07B,-1.85,$0.10B,$0.04B,41.00%,$0.10B,$0.03B,25.00%,$0.10B,$0.03B,25.00%,$0.10B,$0.03B,28.00%,$0.10B,$0.01B,12.00%,$0.10B,$0.01B,8.00%,$0.01B,$-0.07B,-11.85%,$0.01B,$-0.07B,-11.59%,$0.01B,$0.08B,10.22%,$0.03B,$0.06B,39.84%,$29,$16,$13,$0,$4,$21,$9,$-4,$5,$2,$4,$4,$4,$9,$9,$4,4,$0.85,$0.85,$53,$1,$0,$67,$9,$0,$1,$0,$10,$78,$15,$131,$1,$133,$148,$0,$-54,$0,$-71,$78,$4,$1,$1,$2,$-4,$-0,$0,$0,$-0,$5,$-0,$0,$0,$0,$0,$0,$0,$-0,$0,$0,$0,$-1,$-1,$-0,$-1,$-2,$3,$0,$-0
10,2016-03-31,40.85,$-17.32,-2.36,$22.31,1.83,$8.81,4.64,$1.36,30.03,$0.06B,$0.01B,5.45,$0.13B,$-0.07B,-1.8,$0.10B,$0.04B,39.22%,$0.10B,$0.02B,23.53%,$0.10B,$0.02B,23.53%,$0.10B,$0.03B,26.47%,$0.10B,$0.01B,10.78%,$0.10B,$0.01B,5.88%,$0.01B,$-0.07B,-9.16%,$0.01B,$-0.07B,-8.96%,$0.01B,$0.07B,7.48%,$0.02B,$0.06B,37.21%,$19,$10,$8,$0,$3,$14,$4,$-4,$1,$0,$1,$1,$1,$5,$4,$4,4,$0.14,$0.13,$50,$1,$0,$61,$9,$0,$1,$0,$11,$72,$11,$130,$2,$133,$144,$0,$-57,$0,$-72,$72,$6,$3,$1,$3,$1,$0,$0,$2,$3,$12,$-1,$0,$0,$0,$7,$7,$0,$6,$0,$0,$0,$-19,$-19,$-0,$-0,$-20,$-1,$1,$-0
11,2015-12-31,48.3,$-14.99,-3.22,$22.58,2.14,$8.80,5.49,$1.58,30.57,$0.07B,$0.01B,5.37,$0.13B,$-0.07B,-2.0,$0.10B,$0.04B,37.86%,$0.10B,$0.02B,22.33%,$0.10B,$0.02B,22.33%,$0.10B,$0.03B,24.27%,$0.10B,$0.01B,11.65%,$0.10B,$0.01B,6.80%,$0.01B,$-0.07B,-11.20%,$0.01B,$-0.07B,-10.98%,$0.01B,$0.08B,8.41%,$0.02B,$0.07B,34.20%,$21,$13,$8,$0,$3,$16,$4,$-4,$1,$0,$0,$0,$0,$5,$4,$4,4,$0.10,$0.10,$60,$1,$0,$71,$9,$0,$1,$0,$10,$81,$13,$130,$2,$133,$146,$0,$-58,$0,$-65,$81,$6,$2,$1,$2,$0,$0,$0,$3,$6,$14,$-1,$0,$0,$0,$7,$7,$0,$6,$0,$0,$0,$-11,$-11,$-0,$-0,$-12,$8,$1,$-0
12,2015-09-30,35.62,$-13.90,-2.56,$22.80,1.56,$7.98,4.46,$1.97,18.08,$0.07B,$0.01B,6.8,$0.13B,$-0.06B,-2.11,$0.10B,$0.04B,36.54%,$0.10B,$0.02B,22.12%,$0.10B,$0.02B,22.12%,$0.10B,$0.02B,23.08%,$0.10B,$0.02B,14.42%,$0.10B,$0.01B,8.65%,$0.01B,$-0.06B,-27.27%,$0.01B,$-0.06B,-26.47%,$0.01B,$0.08B,11.36%,$0.02B,$0.07B,35.80%,$31,$19,$12,$0,$3,$22,$8,$-4,$5,$2,$3,$3,$3,$9,$8,$4,4,$0.64,$0.64,$59,$1,$0,$71,$9,$0,$1,$0,$11,$82,$10,$130,$2,$133,$143,$0,$-58,$0,$-62,$82,$5,$1,$0,$2,$-1,$0,$0,$4,$2,$9,$-0,$0,$0,$0,$7,$7,$0,$7,$0,$0,$0,$-7,$-7,$-0,$-0,$-7,$8,$0,$-0
13,2015-06-30,34.72,$-14.00,-2.48,$22.20,1.56,$7.82,4.44,$2.17,16.0,$0.08B,$0.02B,4.79,$0.13B,$-0.06B,-2.06,$0.10B,$0.04B,34.31%,$0.10B,$0.02B,20.59%,$0.10B,$0.02B,20.59%,$0.10B,$0.02B,21.57%,$0.10B,$0.02B,16.67%,$0.10B,$0.01B,9.80%,$0.01B,$-0.06B,-200.00%,$0.01B,$-0.06B,-166.67%,$0.01B,$0.09B,13.47%,$0.02B,$0.07B,35.15%,$31,$19,$12,$0,$4,$23,$8,$-4,$4,$2,$2,$2,$2,$8,$8,$5,5,$0.50,$0.50,$59,$1,$0,$75,$9,$0,$1,$0,$11,$86,$16,$129,$2,$133,$148,$0,$-61,$0,$-63,$86,$2,$1,$0,$1,$-3,$-0,$0,$3,$3,$7,$-0,$0,$0,$0,$-1,$-1,$0,$-1,$0,$0,$0,$-5,$-5,$-0,$0,$-5,$0,$0,$-0
14,2015-03-31,50.73,$-13.01,-3.9,$21.57,2.35,$7.03,7.21,$2.56,19.82,$0.07B,$0.01B,6.11,$0.13B,$-0.06B,-2.16,$0.10B,$0.03B,33.33%,$0.10B,$0.02B,20.20%,$0.10B,$0.02B,20.20%,$0.10B,$0.02B,21.21%,$0.10B,$0.02B,20.20%,$0.10B,$0.01B,12.12%,$0.01B,$-0.06B,53.33%,$0.01B,$-0.06B,56.47%,$0.01B,$0.08B,17.84%,$0.02B,$0.07B,36.53%,$20,$13,$7,$0,$4,$17,$3,$-1,$2,$1,$2,$2,$2,$3,$3,$4,5,$0.34,$0.33,$58,$1,$0,$73,$9,$0,$1,$0,$11,$84,$12,$129,$2,$132,$144,$0,$-63,$0,$-60,$84,$12,$1,$1,$2,$-2,$0,$0,$-0,$-1,$13,$-2,$0,$0,$0,$4,$4,$0,$2,$135,$0,$135,$-1,$-1,$-115,$-5,$14,$29,$1,$-115
15,2014-12-31,50.52,$11.82,4.27,$20.21,2.5,$4.16,12.16,$2.49,20.29,$0.05B,$0.01B,5.58,$0.00B,$0.05B,0.0,$0.09B,$0.03B,30.11%,$0.09B,$0.02B,17.20%,$0.09B,$0.02B,17.20%,$0.09B,$0.02B,18.28%,$0.09B,$0.02B,21.51%,$0.09B,$0.01B,11.83%,$0.01B,$0.05B,22.68%,$0.01B,$0.05B,23.40%,$0.01B,$0.07B,18.26%,$0.02B,$0.05B,32.99%,$22,$15,$7,$0,$3,$19,$4,$0,$4,$2,$2,$2,$2,$4,$4,$4,5,$0.50,$0.49,$41,$1,$0,$54,$9,$0,$1,$1,$11,$65,$10,$0,$2,$2,$12,$0,$51,$0,$53,$65,$10,$1,$1,$2,$-3,$0,$0,$2,$-1,$11,$-1,$0,$0,$0,$4,$4,$0,$3,$0,$0,$0,$-2,$-2,$0,$0,$-1,$12,$1,$0
16,2014-09-30,42.75,$11.26,3.79,$19.38,2.21,$0.79,53.99,$2.24,19.08,$0.05B,$0.01B,5.75,$0.00B,$0.05B,0.0,$0.09B,$0.03B,28.89%,$0.09B,$0.01B,15.56%,$0.09B,$0.01B,15.56%,$0.09B,$0.02B,16.67%,$0.09B,$0.02B,20.00%,$0.09B,$0.01B,11.11%,$0.01B,$0.05B,21.74%,$0.01B,$0.05B,22.60%,$0.01B,$0.06B,17.47%,$0.01B,$0.05B,30.43%,$29,$19,$9,$0,$3,$22,$6,$0,$7,$3,$4,$4,$4,$7,$6,$4,5,$0.86,$0.84,$39,$1,$0,$51,$9,$0,$1,$0,$11,$62,$9,$0,$2,$2,$11,$0,$49,$0,$50,$62,$8,$1,$0,$1,$-3,$0,$0,$4,$-1,$8,$-0,$0,$0,$0,$4,$4,$0,$4,$0,$0,$0,$-2,$-2,$0,$0,$-2,$10,$0,$0
17,2014-06-30,34.22,$10.44,3.28,$18.21,1.88,$-2.06,0.0,$1.97,17.37,$0.05B,$0.01B,5.51,$0.00B,$0.05B,0.0,$0.09B,$0.02B,28.24%,$0.09B,$0.01B,14.12%,$0.09B,$0.01B,14.12%,$0.09B,$0.01B,15.29%,$0.09B,$0.02B,17.65%,$0.09B,$0.01B,10.59%,$0.01B,$0.05B,20.45%,$0.01B,$0.05B,21.43%,$0.01B,$0.06B,16.44%,$0.01B,$0.05B,27.27%,$28,$17,$10,$0,$3,$21,$7,$0,$7,$3,$4,$4,$4,$7,$7,$4,5,$0.91,$0.89,$35,$1,$0,$47,$9,$0,$1,$0,$11,$58,$8,$0,$2,$2,$11,$0,$45,$0,$47,$58,$4,$0,$0,$1,$-3,$-0,$0,$3,$-2,$3,$-0,$0,$0,$0,$2,$2,$0,$1,$0,$0,$0,$-1,$-1,$0,$0,$-1,$3,$0,$0
18,2014-03-31,30.94,$9.79,3.16,$17.30,1.79,$-3.38,0.0,$1.81,17.09,$0.05B,$0.01B,4.61,$0.00B,$0.04B,0.0,$0.08B,$0.02B,28.75%,$0.08B,$0.01B,13.75%,$0.08B,$0.01B,13.75%,$0.08B,$0.01B,15.00%,$0.08B,$0.01B,17.50%,$0.08B,$0.01B,10.00%,$0.01B,$0.04B,19.05%,$0.01B,$0.04B,20.00%,$0.01B,$0.06B,14.75%,$0.01B,$0.04B,26.19%,$14,$12,$2,$0,$3,$15,$-1,$3,$2,$1,$1,$1,$1,$-1,$-1,$4,5,$0.27,$0.27,$33,$1,$0,$45,$9,$0,$1,$1,$11,$56,$10,$0,$2,$2,$12,$0,$41,$0,$44,$56,$8,$1,$0,$1,$-1,$0,$0,$-8,$-7,$3,$-4,$0,$0,$0,$1,$1,$9,$5,$0,$0,$0,$-1,$-1,$0,$1,$1,$9,$1,$0
19,2013-12-31,31.83,$9.58,3.32,$17.39,1.83,$-1.21,0.0,$1.88,16.93,$0.04B,$0.01B,5.48,$0.00B,$0.04B,0.0,$0.08B,$0.03B,32.10%,$0.08B,$0.01B,17.28%,$0.08B,$0.01B,17.28%,$0.08B,$0.02B,18.52%,$0.08B,$0.01B,17.28%,$0.08B,$0.01B,11.11%,$0.01B,$0.04B,22.78%,$0.01B,$0.04B,23.84%,$0.01B,$0.05B,17.06%,$0.01B,$0.04B,35.44%,$19,$14,$5,$0,$3,$17,$2,$0,$2,$1,$1,$1,$1,$2,$2,$4,5,$0.25,$0.24,$29,$1,$0,$42,$9,$0,$1,$0,$11,$53,$8,$0,$2,$3,$10,$0,$40,$0,$43,$53,$7,$1,$-1,$0,$-2,$0,$0,$-7,$-9,$-1,$-4,$0,$0,$0,$1,$1,$9,$5,$0,$0,$0,$0,$0,$0,$1,$1,$5,$1,$0
20,2013-09-30,33.33,$9.35,3.57,$16.64,2.0,$1.50,22.23,$1.87,17.82,$0.04B,$0.01B,5.22,$0.00B,$0.04B,0.0,$0.08B,$0.03B,33.77%,$0.08B,$0.01B,18.18%,$0.08B,$0.01B,18.18%,$0.08B,$0.02B,19.48%,$0.08B,$0.01B,18.18%,$0.08B,$0.01B,11.69%,$0.01B,$0.04B,24.00%,$0.01B,$0.04B,25.00%,$0.01B,$0.05B,17.31%,$0.01B,$0.04B,37.33%,$24,$16,$7,$0,$3,$19,$4,$-0,$4,$2,$3,$3,$3,$5,$4,$4,5,$0.59,$0.57,$30,$1,$0,$42,$9,$0,$1,$0,$11,$52,$8,$0,$2,$3,$11,$0,$39,$0,$42,$52,$6,$1,$-1,$-0,$-2,$-0,$0,$-6,$-7,$-2,$-3,$0,$0,$0,$1,$1,$9,$6,$0,$0,$0,$1,$1,$0,$1,$1,$6,$0,$0
21,2013-06-30,33.0,$8.72,3.78,$16.16,2.04,$3.62,9.13,$1.92,17.19,$0.05B,$0.01B,3.26,$0.00B,$0.04B,0.0,$0.07B,$0.03B,35.14%,$0.07B,$0.02B,20.27%,$0.07B,$0.02B,20.27%,$0.07B,$0.02B,20.27%,$0.07B,$0.02B,20.27%,$0.07B,$0.01B,12.16%,$0.01B,$0.04B,25.35%,$0.01B,$0.04B,26.28%,$0.01B,$0.06B,17.56%,$0.02B,$0.04B,42.25%,$23,$14,$9,$0,$3,$18,$6,$-0,$6,$2,$3,$3,$3,$6,$6,$4,5,$0.76,$0.73,$31,$2,$0,$45,$8,$0,$1,$0,$10,$56,$14,$0,$2,$3,$17,$0,$36,$0,$39,$56,$3,$0,$-1,$-1,$-3,$-0,$0,$-1,$-4,$-1,$-2,$0,$0,$0,$0,$0,$3,$1,$0,$0,$0,$1,$1,$0,$1,$1,$1,$0,$0
22,2013-03-31,26.68,$7.80,3.42,$15.51,1.72,$4.44,6.02,$1.63,16.37,$0.04B,$0.01B,3.04,$0.00B,$0.03B,0.0,$0.07B,$0.02B,32.39%,$0.07B,$0.01B,16.90%,$0.07B,$0.01B,16.90%,$0.07B,$0.01B,18.31%,$0.07B,$0.01B,16.90%,$0.07B,$0.01B,11.27%,$0.01B,$0.03B,23.88%,$0.01B,$0.03B,24.62%,$0.01B,$0.05B,16.33%,$0.01B,$0.03B,35.82%,$15,$9,$5,$0,$3,$12,$2,$0,$2,$1,$2,$2,$2,$2,$2,$4,5,$0.35,$0.34,$32,$1,$0,$41,$6,$1,$1,$0,$9,$50,$13,$0,$2,$2,$16,$0,$33,$0,$34,$50,$7,$1,$1,$2,$-0,$0,$0,$1,$-0,$9,$-1,$0,$0,$0,$2,$2,$-0,$0,$0,$0,$0,$-3,$-3,$0,$0,$-3,$7,$1,$0
23,2012-12-31,21.28,$7.90,2.7,$15.20,1.4,$4.22,5.04,$1.52,14.0,$0.04B,$0.01B,3.24,$0.00B,$0.04B,0.0,$0.07B,$0.02B,32.86%,$0.07B,$0.01B,17.14%,$0.07B,$0.01B,17.14%,$0.07B,$0.01B,18.57%,$0.07B,$0.01B,17.14%,$0.07B,$0.01B,10.00%,$0.01B,$0.04B,21.71%,$0.01B,$0.03B,22.58%,$0.01B,$0.05B,14.66%,$0.01B,$0.04B,37.21%,$15,$10,$5,$0,$3,$13,$2,$-0,$2,$1,$1,$1,$1,$2,$2,$4,5,$0.24,$0.23,$32,$1,$0,$42,$5,$1,$1,$0,$8,$50,$13,$0,$2,$2,$15,$0,$31,$0,$35,$50,$6,$1,$1,$2,$-0,$0,$0,$1,$-0,$7,$-0,$0,$0,$0,$2,$2,$0,$1,$0,$0,$0,$-0,$-0,$0,$0,$-0,$8,$0,$0
24,2012-09-30,19.86,$7.74,2.56,$14.84,1.34,$3.88,5.12,$1.53,12.98,$0.04B,$0.01B,3.23,$0.00B,$0.03B,0.0,$0.07B,$0.02B,32.86%,$0.07B,$0.01B,17.14%,$0.07B,$0.01B,17.14%,$0.07B,$0.01B,18.57%,$0.07B,$0.01B,17.14%,$0.07B,$0.01B,10.00%,$0.01B,$0.03B,20.74%,$0.01B,$0.03B,21.71%,$0.01B,$0.05B,14.29%,$0.01B,$0.03B,35.56%,$21,$14,$7,$0,$2,$17,$5,$-0,$5,$2,$3,$3,$3,$5,$5,$4,5,$0.65,$0.62,$31,$1,$0,$40,$6,$1,$1,$0,$9,$49,$12,$0,$2,$2,$15,$0,$30,$0,$34,$49,$5,$1,$0,$1,$-1,$0,$0,$1,$-1,$5,$-0,$0,$0,$0,$2,$2,$-0,$1,$0,$0,$0,$0,$0,$0,$0,$0,$6,$0,$0
25,2012-06-30,18.63,$7.06,2.64,$13.91,1.34,$3.84,4.85,$1.35,13.8,$0.04B,$0.01B,2.85,$0.00B,$0.03B,0.0,$0.07B,$0.02B,32.35%,$0.07B,$0.01B,16.18%,$0.07B,$0.01B,16.18%,$0.07B,$0.01B,17.65%,$0.07B,$0.01B,16.18%,$0.07B,$0.01B,8.82%,$0.01B,$0.03B,16.90%,$0.01B,$0.03B,17.78%,$0.01B,$0.05B,11.88%,$0.01B,$0.03B,30.99%,$20,$14,$6,$0,$3,$17,$3,$-0,$3,$1,$2,$2,$2,$4,$3,$4,5,$0.46,$0.44,$27,$1,$0,$38,$6,$0,$1,$0,$9,$47,$13,$0,$2,$2,$15,$0,$27,$0,$31,$47,$2,$0,$0,$1,$-2,$-0,$0,$1,$-2,$1,$-0,$0,$0,$0,$2,$2,$-0,$2,$0,$0,$0,$0,$0,$0,$0,$0,$3,$0,$0
26,2012-03-31,13.39,$6.61,2.03,$12.89,1.04,$3.92,3.42,$1.22,10.97,$0.04B,$0.01B,2.62,$0.00B,$0.03B,0.0,$0.07B,$0.02B,31.82%,$0.07B,$0.01B,16.67%,$0.07B,$0.01B,16.67%,$0.07B,$0.01B,16.67%,$0.07B,$0.01B,16.67%,$0.07B,$0.01B,9.09%,$0.01B,$0.03B,16.00%,$0.01B,$0.03B,16.78%,$0.01B,$0.05B,11.43%,$0.01B,$0.03B,29.33%,$14,$10,$5,$0,$3,$13,$2,$-0,$2,$1,$1,$1,$1,$2,$2,$5,5,$0.26,$0.23,$26,$1,$0,$36,$6,$0,$1,$0,$9,$45,$14,$0,$2,$2,$16,$0,$25,$0,$29,$45,$6,$1,$2,$4,$-1,$0,$0,$0,$-0,$10,$-1,$0,$0,$0,$4,$4,$0,$3,$0,$0,$0,$-16,$-16,$0,$0,$-16,$-3,$0,$0
27,2011-12-31,13.27,$8.26,1.61,$12.27,1.08,$3.37,3.94,$1.10,12.07,$0.05B,$0.01B,3.9,$0.00B,$0.04B,0.0,$0.06B,$0.02B,31.25%,$0.06B,$0.01B,15.63%,$0.06B,$0.01B,15.63%,$0.06B,$0.01B,15.63%,$0.06B,$0.01B,15.63%,$0.06B,$0.01B,9.38%,$0.01B,$0.04B,15.09%,$0.01B,$0.04B,15.69%,$0.01B,$0.06B,11.01%,$0.01B,$0.04B,25.16%,$15,$10,$5,$0,$2,$13,$2,$-0,$2,$1,$1,$1,$1,$2,$2,$5,5,$0.24,$0.24,$37,$1,$0,$46,$6,$0,$1,$0,$9,$55,$12,$0,$2,$2,$14,$0,$24,$1,$41,$55,$5,$1,$2,$3,$-1,$0,$0,$1,$-1,$6,$-1,$0,$0,$0,$3,$3,$1,$3,$0,$0,$0,$-3,$-3,$0,$0,$-3,$7,$0,$0
28,2011-09-30,12.0,$8.14,1.47,$11.82,1.02,$3.00,4.0,$0.83,14.46,$0.05B,$0.01B,3.94,$0.00B,$0.04B,0.0,$0.06B,$0.02B,30.65%,$0.06B,$0.01B,12.90%,$0.06B,$0.01B,12.90%,$0.06B,$0.01B,12.90%,$0.06B,$0.01B,12.90%,$0.06B,$0.01B,8.06%,$0.01B,$0.04B,12.74%,$0.01B,$0.04B,13.16%,$0.01B,$0.06B,9.26%,$0.01B,$0.04B,20.38%,$19,$13,$6,$0,$2,$15,$4,$-0,$4,$1,$2,$2,$2,$4,$4,$5,5,$0.45,$0.44,$37,$1,$0,$46,$6,$0,$1,$0,$9,$55,$12,$0,$2,$2,$14,$0,$23,$1,$41,$55,$4,$1,$1,$2,$0,$0,$0,$1,$-0,$5,$-1,$0,$0,$0,$2,$2,$1,$2,$0,$0,$0,$-1,$-1,$0,$0,$-1,$6,$0,$0
29,2011-06-30,11.93,$7.77,1.54,$10.98,1.09,$2.71,4.41,$0.42,28.4,$0.05B,$0.01B,3.35,$0.00B,$0.04B,0.0,$0.06B,$0.02B,32.20%,$0.06B,$0.00B,6.78%,$0.06B,$0.00B,6.78%,$0.06B,$0.00B,6.78%,$0.06B,$0.00B,6.78%,$0.06B,$0.00B,5.08%,$0.00B,$0.04B,7.45%,$0.00B,$0.04B,7.64%,$0.00B,$0.06B,5.50%,$0.00B,$0.04B,9.94%,$18,$12,$5,$0,$3,$15,$3,$-0,$3,$1,$2,$2,$2,$3,$3,$5,5,$0.31,$0.31,$34,$1,$0,$47,$6,$0,$1,$0,$9,$55,$14,$0,$2,$2,$16,$0,$21,$1,$39,$55,$2,$0,$1,$1,$-2,$-0,$0,$0,$-1,$1,$-0,$0,$0,$0,$0,$0,$0,$0,$0,$0,$0,$-1,$-1,$0,$0,$-1,$1,$0,$0
30,2011-03-31,10.82,$7.49,1.44,$10.29,1.05,$2.66,4.06,$0.40,27.04,$0.04B,$0.01B,3.43,$0.00B,$0.04B,0.0,$0.06B,$0.02B,33.33%,$0.06B,$0.00B,7.02%,$0.06B,$0.00B,7.02%,$0.06B,$0.00B,7.02%,$0.06B,$0.00B,7.02%,$0.06B,$0.00B,5.26%,$0.00B,$0.04B,7.14%,$0.00B,$0.04B,7.32%,$0.00B,$0.05B,5.50%,$0.00B,$0.04B,9.52%,$12,$8,$4,$0,$2,$11,$1,$0,$1,$0,$1,$1,$1,$1,$1,$5,6,$0.11,$0.11,$33,$1,$0,$44,$6,$0,$1,$0,$9,$53,$13,$0,$2,$2,$15,$0,$19,$0,$38,$53,$2,$1,$-1,$-0,$-1,$-0,$0,$5,$5,$7,$-1,$0,$0,$0,$5,$5,$-5,$-1,$0,$0,$0,$-9,$-9,$0,$0,$-9,$-3,$0,$0
31,2010-12-31,10.64,$7.60,1.4,$9.90,1.08,$2.45,4.34,$0.43,24.75,$0.04B,$0.01B,3.82,$0.00B,$0.04B,0.0,$0.06B,$0.02B,33.93%,$0.06B,$0.00B,7.14%,$0.06B,$0.00B,7.14%,$0.06B,$0.00B,7.14%,$0.06B,$0.00B,7.14%,$0.06B,$0.00B,5.36%,$0.00B,$0.04B,6.90%,$0.00B,$0.04B,7.06%,$0.00B,$0.05B,5.50%,$0.00B,$0.04B,9.20%,$13,$9,$4,$0,$2,$13,$-0,$0,$-0,$-0,$-0,$-0,$-0,$0,$-0,$5,5,$-0.03,$-0.03,$33,$1,$0,$43,$6,$0,$1,$0,$10,$53,$11,$0,$2,$2,$13,$0,$18,$1,$39,$53,$2,$1,$0,$1,$-1,$0,$0,$4,$2,$5,$-1,$0,$0,$0,$2,$2,$0,$1,$0,$0,$0,$-7,$-7,$0,$0,$-7,$-1,$0,$0
32,2010-09-30,10.07,$8.22,1.22,$9.43,1.07,$2.06,4.88,$0.65,15.49,$0.05B,$0.01B,5.05,$0.00B,$0.05B,0.0,$0.05B,$0.02B,35.19%,$0.05B,$0.01B,11.11%,$0.05B,$0.01B,11.11%,$0.05B,$0.01B,11.11%,$0.05B,$0.01B,11.11%,$0.05B,$0.00B,7.41%,$0.00B,$0.05B,8.94%,$0.00B,$0.04B,9.14%,$0.00B,$0.06B,7.37%,$0.01B,$0.05B,13.41%,$16,$10,$6,$0,$3,$16,$0,$0,$0,$-0,$0,$0,$0,$0,$0,$6,6,$0.03,$0.03,$39,$1,$0,$47,$6,$0,$1,$0,$10,$57,$9,$0,$2,$2,$11,$0,$19,$1,$45,$57,$2,$1,$0,$1,$0,$0,$0,$3,$2,$4,$-1,$0,$0,$0,$0,$0,$0,$-0,$0,$0,$0,$-1,$-1,$0,$0,$-1,$3,$0,$0
33,2010-06-30,9.81,$8.25,1.19,$9.22,1.06,$1.91,5.14,$1.01,9.72,$0.05B,$0.01B,6.16,$0.00B,$0.05B,0.0,$0.05B,$0.02B,35.85%,$0.05B,$0.01B,16.98%,$0.05B,$0.01B,16.98%,$0.05B,$0.01B,18.87%,$0.05B,$0.01B,16.98%,$0.05B,$0.01B,11.32%,$0.01B,$0.05B,13.56%,$0.01B,$0.05B,13.95%,$0.01B,$0.06B,11.43%,$0.01B,$0.05B,20.34%,$16,$10,$5,$0,$3,$13,$3,$0,$3,$1,$2,$2,$2,$3,$3,$6,6,$0.30,$0.29,$37,$1,$0,$46,$6,$0,$1,$0,$10,$55,$7,$0,$2,$2,$9,$0,$18,$1,$46,$55,$2,$0,$0,$0,$-1,$-0,$0,$0,$-1,$1,$-0,$0,$0,$0,$0,$0,$0,$-0,$0,$0,$0,$0,$0,$0,$0,$0,$1,$0,$0
34,2010-03-31,9.78,$7.92,1.23,$8.90,1.1,$1.74,5.62,$0.99,9.88,$0.04B,$0.01B,6.13,$0.00B,$0.04B,0.0,$0.05B,$0.02B,37.25%,$0.05B,$0.01B,15.69%,$0.05B,$0.01B,15.69%,$0.05B,$0.01B,19.61%,$0.05B,$0.01B,15.69%,$0.05B,$0.01B,11.76%,$0.01B,$0.04B,13.71%,$0.01B,$0.04B,14.20%,$0.01B,$0.05B,11.65%,$0.01B,$0.04B,18.29%,$11,$7,$4,$0,$2,$10,$1,$0,$1,$0,$1,$1,$1,$1,$1,$6,6,$0.13,$0.12,$36,$1,$0,$44,$5,$0,$1,$0,$10,$53,$7,$0,$2,$2,$9,$0,$17,$1,$44,$53,$6,$1,$1,$2,$-1,$-0,$0,$1,$-0,$7,$-2,$0,$0,$0,$2,$2,$0,$-0,$0,$0,$0,$-5,$-5,$0,$1,$-4,$3,$0,$0
35,2009-12-31,9.64,$7.83,1.23,$8.68,1.11,$1.45,6.66,$1.01,9.54,$0.04B,$0.01B,6.67,$0.00B,$0.04B,0.0,$0.05B,$0.02B,38.00%,$0.05B,$0.01B,16.00%,$0.05B,$0.01B,16.00%,$0.05B,$0.01B,20.00%,$0.05B,$0.01B,16.00%,$0.05B,$0.01B,12.00%,$0.01B,$0.04B,13.87%,$0.01B,$0.04B,14.46%,$0.01B,$0.05B,11.82%,$0.01B,$0.04B,18.50%,$11,$7,$4,$0,$2,$10,$2,$0,$2,$1,$1,$1,$1,$2,$2,$6,6,$0.19,$0.19,$34,$1,$0,$43,$6,$0,$1,$0,$9,$52,$6,$0,$1,$1,$8,$0,$16,$1,$44,$52,$5,$1,$0,$1,$-2,$-0,$0,$0,$-2,$4,$-2,$0,$0,$0,$1,$1,$0,$-1,$0,$0,$0,$-4,$-4,$0,$1,$-3,$0,$0,$0
36,2009-09-30,9.3,$7.86,1.18,$8.47,1.1,$1.52,6.1,$0.96,9.68,$0.04B,$0.01B,7.07,$0.00B,$0.04B,0.0,$0.05B,$0.02B,38.00%,$0.05B,$0.01B,14.00%,$0.05B,$0.01B,14.00%,$0.05B,$0.01B,20.00%,$0.05B,$0.01B,14.00%,$0.05B,$0.01B,12.00%,$0.01B,$0.04B,14.04%,$0.01B,$0.04B,14.72%,$0.01B,$0.05B,11.94%,$0.01B,$0.04B,16.37%,$15,$9,$6,$0,$2,$12,$3,$0,$3,$1,$2,$2,$2,$4,$3,$5,6,$0.40,$0.39,$34,$1,$0,$43,$4,$0,$1,$0,$7,$50,$6,$0,$1,$1,$7,$0,$15,$1,$43,$50,$4,$1,$0,$1,$-1,$-0,$0,$1,$-1,$3,$-0,$0,$0,$0,$0,$0,$0,$0,$0,$0,$0,$-4,$-4,$0,$1,$-3,$0,$0,$0
37,2009-06-30,8.41,$7.77,1.08,$8.11,1.04,$1.37,6.12,$0.86,9.77,$0.04B,$0.01B,6.43,$0.00B,$0.04B,0.0,$0.05B,$0.02B,36.00%,$0.05B,$0.01B,14.00%,$0.05B,$0.01B,14.00%,$0.05B,$0.01B,18.00%,$0.05B,$0.01B,14.00%,$0.05B,$0.01B,12.00%,$0.01B,$0.04B,13.95%,$0.01B,$0.04B,14.55%,$0.01B,$0.05B,11.76%,$0.01B,$0.04B,16.28%,$14,$9,$5,$0,$3,$12,$2,$0,$2,$1,$2,$2,$2,$3,$2,$6,6,$0.28,$0.27,$34,$1,$0,$44,$4,$0,$1,$0,$8,$51,$7,$0,$1,$1,$8,$0,$13,$0,$44,$51,$2,$0,$0,$0,$-2,$-0,$0,$1,$-2,$0,$-0,$0,$0,$0,$0,$0,$0,$0,$0,$0,$0,$0,$0,$0,$0,$0,$0,$0,$0
38,2009-03-31,7.89,$7.46,1.06,$7.86,1.0,$1.38,5.73,$1.18,6.69,$0.04B,$0.01B,6.05,$0.00B,$0.04B,0.0,$0.05B,$0.02B,36.00%,$0.05B,$0.01B,14.00%,$0.05B,$0.01B,14.00%,$0.05B,$0.01B,16.00%,$0.05B,$0.01B,14.00%,$0.05B,$0.01B,16.00%,$0.01B,$0.04B,18.50%,$0.01B,$0.04B,19.16%,$0.01B,$0.05B,15.46%,$0.01B,$0.04B,16.18%,$10,$6,$4,$0,$2,$9,$1,$0,$1,$0,$1,$1,$1,$1,$1,$6,6,$0.19,$0.19,$34,$1,$0,$42,$4,$0,$1,$0,$8,$50,$7,$0,$1,$1,$8,$0,$11,$0,$42,$50,$7,$1,$-3,$-2,$-1,$0,$0,$-0,$-1,$4,$-1,$0,$4,$-8,$4,$-5,$0,$-1,$0,$0,$0,$-9,$-9,$0,$0,$-9,$-6,$0,$0
39,2008-12-31,8.03,$7.33,1.1,$7.81,1.03,$1.39,5.77,$1.14,7.05,$0.04B,$0.01B,5.94,$0.00B,$0.04B,0.0,$0.05B,$0.02B,36.00%,$0.05B,$0.01B,14.00%,$0.05B,$0.01B,14.00%,$0.05B,$0.01B,16.00%,$0.05B,$0.01B,14.00%,$0.05B,$0.01B,16.00%,$0.01B,$0.04B,18.39%,$0.01B,$0.04B,19.05%,$0.01B,$0.05B,15.38%,$0.01B,$0.04B,16.09%,$11,$7,$4,$0,$2,$9,$1,$0,$1,$0,$1,$1,$1,$2,$1,$6,6,$0.15,$0.14,$35,$1,$0,$42,$4,$0,$1,$0,$8,$50,$7,$0,$1,$1,$8,$0,$10,$0,$42,$50,$7,$1,$-4,$-3,$-1,$0,$0,$0,$-1,$3,$-0,$0,$4,$0,$-6,$-6,$0,$-2,$0,$0,$0,$-8,$-8,$0,$1,$-8,$-7,$0,$0
40,2008-09-30,10.03,$7.46,1.34,$7.62,1.32,$1.34,7.47,$1.14,8.8,$0.05B,$0.01B,5.96,$0.00B,$0.04B,0.0,$0.05B,$0.02B,36.73%,$0.05B,$0.01B,14.29%,$0.05B,$0.01B,14.29%,$0.05B,$0.01B,16.33%,$0.05B,$0.01B,14.29%,$0.05B,$0.01B,16.33%,$0.01B,$0.04B,18.50%,$0.01B,$0.04B,19.16%,$0.01B,$0.05B,15.38%,$0.01B,$0.04B,16.18%,$15,$10,$5,$0,$2,$12,$3,$0,$3,$1,$2,$2,$2,$3,$3,$6,6,$0.31,$0.29,$37,$1,$0,$45,$4,$0,$1,$0,$8,$53,$7,$0,$1,$1,$9,$0,$9,$-0,$44,$53,$6,$1,$-4,$-3,$-1,$0,$0,$1,$-0,$3,$-0,$0,$4,$0,$-2,$-2,$0,$2,$0,$0,$0,$-4,$-4,$0,$0,$-4,$0,$0,$0
41,2008-06-30,9.6,$7.40,1.3,$7.46,1.29,$1.17,8.19,$1.12,8.57,$0.05B,$0.01B,5.71,$0.00B,$0.05B,0.0,$0.05B,$0.02B,37.50%,$0.05B,$0.01B,14.58%,$0.05B,$0.01B,14.58%,$0.05B,$0.01B,16.67%,$0.05B,$0.01B,14.58%,$0.05B,$0.01B,16.67%,$0.01B,$0.05B,18.93%,$0.01B,$0.04B,19.75%,$0.01B,$0.05B,15.76%,$0.01B,$0.05B,16.57%,$14,$9,$5,$0,$2,$12,$2,$0,$2,$1,$1,$1,$4,$2,$2,$6,6,$0.62,$0.59,$38,$1,$0,$46,$4,$0,$1,$0,$8,$54,$8,$0,$1,$1,$9,$0,$8,$0,$45,$54,$4,$0,$-4,$-4,$-2,$-0,$0,$1,$-0,$-0,$-0,$0,$4,$0,$1,$1,$0,$4,$0,$0,$0,$-1,$-1,$0,$0,$-1,$3,$0,$0
42,2008-03-31,8.84,$6.89,1.28,$7.25,1.22,$1.24,7.14,$1.01,8.75,$0.04B,$0.01B,6.0,$0.00B,$0.04B,0.0,$0.05B,$0.02B,36.17%,$0.05B,$0.01B,14.89%,$0.05B,$0.01B,14.89%,$0.05B,$0.01B,19.15%,$0.05B,$0.01B,14.89%,$0.05B,$0.01B,14.89%,$0.01B,$0.04B,17.18%,$0.01B,$0.04B,18.06%,$0.01B,$0.05B,14.14%,$0.01B,$0.04B,17.18%,$10,$7,$4,$0,$3,$9,$1,$0,$1,$0,$1,$1,$1,$1,$1,$6,7,$0.13,$0.12,$35,$1,$0,$43,$4,$1,$1,$0,$8,$51,$7,$0,$1,$1,$9,$0,$4,$0,$43,$51,$7,$1,$-1,$-0,$-0,$-0,$0,$-0,$-1,$5,$-1,$0,$2,$-1,$3,$2,$0,$3,$0,$0,$0,$-1,$-1,$0,$1,$-0,$7,$0,$0
43,2007-12-31,11.03,$6.74,1.64,$7.06,1.56,$1.85,5.97,$1.08,10.22,$0.04B,$0.01B,5.64,$0.00B,$0.04B,0.0,$0.05B,$0.02B,34.78%,$0.05B,$0.01B,15.22%,$0.05B,$0.01B,15.22%,$0.05B,$0.01B,19.57%,$0.05B,$0.01B,15.22%,$0.05B,$0.01B,15.22%,$0.01B,$0.04B,17.95%,$0.01B,$0.04B,18.92%,$0.01B,$0.05B,14.43%,$0.01B,$0.04B,17.95%,$10,$7,$4,$0,$2,$9,$1,$0,$1,$0,$1,$1,$1,$2,$1,$6,6,$0.14,$0.14,$33,$1,$0,$41,$4,$0,$2,$0,$9,$50,$7,$0,$2,$2,$9,$0,$3,$0,$41,$50,$6,$1,$-2,$-1,$-1,$-0,$0,$0,$-1,$3,$-1,$0,$2,$0,$-0,$-0,$0,$1,$0,$0,$0,$-1,$-1,$0,$0,$-1,$3,$0,$0
44,2007-09-30,10.42,$6.56,1.59,$7.03,1.48,$2.29,4.55,$1.11,9.39,$0.04B,$0.01B,5.92,$0.00B,$0.04B,0.0,$0.05B,$0.02B,32.61%,$0.05B,$0.01B,15.22%,$0.05B,$0.01B,15.22%,$0.05B,$0.01B,19.57%,$0.05B,$0.01B,15.22%,$0.05B,$0.01B,15.22%,$0.01B,$0.04B,18.79%,$0.01B,$0.04B,20.14%,$0.01B,$0.05B,14.89%,$0.01B,$0.04B,18.79%,$14,$9,$5,$0,$2,$11,$3,$0,$3,$1,$2,$2,$2,$3,$3,$6,7,$0.29,$0.27,$32,$1,$0,$39,$4,$0,$2,$0,$9,$48,$7,$0,$2,$2,$8,$0,$2,$0,$40,$48,$5,$1,$-2,$-2,$-0,$-0,$0,$1,$-1,$2,$-1,$0,$2,$0,$-1,$-1,$0,$0,$0,$0,$0,$-1,$-1,$0,$0,$-1,$1,$0,$0
45,2007-06-30,10.94,$6.46,1.69,$6.90,1.58,$2.73,4.01,$1.14,9.59,$0.04B,$0.01B,4.88,$0.00B,$0.04B,0.0,$0.05B,$0.02B,33.33%,$0.05B,$0.01B,13.33%,$0.05B,$0.01B,13.33%,$0.05B,$0.01B,20.00%,$0.05B,$0.01B,13.33%,$0.05B,$0.01B,15.56%,$0.01B,$0.04B,19.86%,$0.01B,$0.04B,21.54%,$0.01B,$0.05B,15.38%,$0.01B,$0.04B,17.02%,$13,$8,$4,$0,$2,$11,$2,$0,$2,$1,$1,$1,$3,$3,$2,$6,6,$0.52,$0.48,$31,$1,$0,$39,$4,$0,$2,$0,$9,$49,$8,$0,$2,$2,$10,$0,$0,$-0,$39,$49,$3,$0,$-2,$-2,$-1,$-0,$0,$1,$-0,$1,$-0,$0,$2,$0,$-1,$-1,$0,$0,$0,$0,$0,$0,$0,$0,$0,$0,$1,$0,$0
46,2007-03-31,9.51,$5.96,1.6,$6.78,1.4,$2.75,3.46,$0.88,10.81,$0.04B,$0.01B,3.9,$0.00B,$0.04B,0.0,$0.04B,$0.02B,34.09%,$0.04B,$0.01B,13.64%,$0.04B,$0.01B,13.64%,$0.04B,$0.01B,18.18%,$0.04B,$0.01B,13.64%,$0.04B,$0.01B,11.36%,$0.01B,$0.04B,15.15%,$0.01B,$0.03B,16.81%,$0.01B,$0.05B,11.63%,$0.01B,$0.04B,18.18%,$9,$6,$3,$0,$2,$8,$1,$0,$1,$0,$1,$1,$1,$1,$1,$6,6,$0.21,$0.18,$31,$1,$0,$37,$4,$2,$2,$0,$10,$47,$9,$0,$1,$1,$11,$0,$-3,$-0,$36,$47,$6,$1,$-0,$1,$-0,$0,$0,$0,$2,$8,$-1,$-0,$0,$0,$-6,$-6,$0,$-6,$-0,$0,$-0,$1,$1,$0,$1,$2,$4,$0,$0
47,2006-12-31,9.09,$5.74,1.59,$6.27,1.45,$2.04,4.46,$0.79,11.51,$0.03B,$0.01B,4.03,$0.00B,$0.03B,0.0,$0.04B,$0.01B,29.27%,$0.04B,$0.00B,9.76%,$0.04B,$0.00B,9.76%,$0.04B,$0.01B,17.07%,$0.04B,$0.00B,9.76%,$0.04B,$0.01B,12.20%,$0.01B,$0.03B,16.13%,$0.01B,$0.03B,18.35%,$0.01B,$0.04B,12.35%,$0.00B,$0.03B,12.90%,$10,$6,$3,$0,$2,$9,$1,$0,$1,$0,$1,$1,$1,$2,$1,$6,6,$0.18,$0.17,$27,$1,$0,$34,$4,$0,$4,$0,$10,$44,$8,$0,$1,$1,$10,$0,$-4,$-0,$34,$44,$4,$1,$-0,$1,$-1,$0,$0,$1,$1,$6,$-0,$-0,$0,$0,$-4,$-4,$0,$-4,$-0,$0,$-0,$0,$0,$0,$1,$1,$3,$0,$0
