,Date,Stock Price,Book Value per Share,Price to Book Ratio,TTM Sales per Share,Price to Sales Ratio,TTM FCF per Share,Price to FCF Ratio,TTM Net EPS,PE Ratio,Current Assets,Current Liabilities,Current Ratio,Long Term Debt,Shareholder's Equity_x,Debt to Equity Ratio,TTM Revenue_x,TTM Gross Profit,Gross Margin,TTM Revenue_y,TTM Operating Income,Operating Margin,TTM Revenue_x,TTM EBIT,EBIT Margin,TTM Revenue_y,TTM EBITDA,EBITDA Margin,TTM Revenue_x,TTM Pre-Tax Income,Pre-Tax Margin,TTM Revenue_y,TTM Net Income_x,Net Margin,TTM Net Income_y,Shareholder's Equity_y,Return on Equity,TTM Net Income_x,Tangible Equity,Return on Tangible Equity,TTM Net Income_y,Total Assets,Return on Assets,TTM Net Income,LT Investments & Debt,Return on Investment,revenue,cost-goods-sold,gross-profit,research-development-expenses,selling-general-administrative-expenses,operating-expenses,operating-income,total-non-operating-income-expense,pre-tax-income,total-provision-income-taxes,income-after-taxes,income-from-continuous-operations,net-income,ebitda,ebit,basic-shares-outstanding,shares-outstanding,eps-basic-net-earnings-per-share,eps-earnings-per-share-diluted,cash-on-hand,inventory,other-current-assets,total-current-assets,net-property-plant-equipment,long-term-investments,goodwill-intangible-assets-total,other-long-term-assets,total-long-term-assets,total-assets,total-current-liabilities,long-term-debt,other-non-current-liabilities,total-long-term-liabilities,total-liabilities,common-stock-net,retained-earnings-accumulated-deficit,comprehensive-income,total-share-holder-equity,total-liabilities-share-holders-equity,net-income-loss,total-depreciation-amortization-cash-flow,other-non-cash-items,total-non-cash-items,change-in-accounts-receivable,change-in-inventories,change-in-accounts-payable,change-in-assets-liabilities,total-change-in-assets-liabilities,cash-flow-from-operating-activities,net-change-in-property-plant-equipment,net-change-in-intangible-assets,net-acquisitions-divestitures,net-change-in-short-term-investments,net-change-in-long-term-investments,net-change-in-investments-total,investing-activities-other,cash-flow-from-investing-activities,net-long-term-debt,net-current-debt,debt-issuance-retirement-net-total,net-common-equity-issued-repurchased,net-total-equity-issued-repurchased,total-common-preferred-stock-dividends-paid,financial-activities-other,cash-flow-from-financial-activities,net-cash-flow,stock-based-compensation,common-stock-dividends-paid
0,2018-09-30,8.75,$6.43,1.36,$18.48,0.47,$1.73,5.05,$-0.81,0.0,$0.11B,$0.06B,1.72,$0.00B,$0.12B,0.02,$0.36B,$0.26B,73.80%,$0.36B,$0.00B,1.13%,$0.36B,$0.00B,1.13%,$0.36B,$0.01B,3.94%,$0.36B,$0.00B,0.56%,$0.36B,$-0.02B,-4.51%,$-0.02B,$0.12B,-13.17%,$-0.02B,$0.12B,-13.25%,$-0.02B,$0.19B,-8.28%,$0.00B,$0.13B,3.10%,$89,$23,$66,$0,$62,$85,$4,$-0,$3,$2,$1,$1,$1,$6,$4,$19,19,$0.08,$0.08,$48,$43,$0,$105,$66,$2,$1,$11,$87,$192,$61,$2,$3,$7,$68,$133,$1,$-10,$123,$192,$2,$7,$-0,$7,$0,$0,$0,$-4,$5,$14,$1,$0,$0,$0,$0,$0,$0,$1,$-10,$0,$-10,$1,$1,$0,$-1,$-10,$5,$1,$0
1,2018-06-30,9.35,$6.36,1.47,$18.52,0.5,$1.18,7.9,$-0.76,0.0,$0.10B,$0.06B,1.81,$0.01B,$0.12B,0.06,$0.36B,$0.26B,73.80%,$0.36B,$0.00B,0.56%,$0.36B,$0.00B,0.56%,$0.36B,$0.01B,3.66%,$0.36B,$0.00B,0.28%,$0.36B,$-0.02B,-4.23%,$-0.02B,$0.12B,-12.02%,$-0.02B,$0.12B,-12.12%,$-0.02B,$0.19B,-7.47%,$0.00B,$0.13B,1.46%,$91,$24,$67,$0,$65,$89,$2,$-2,$0,$0,$-0,$-0,$0,$5,$2,$19,19,$0.00,$0.00,$47,$41,$1,$104,$66,$2,$1,$12,$90,$194,$58,$7,$5,$15,$73,$133,$-1,$-10,$122,$194,$0,$5,$-0,$5,$0,$2,$-0,$-4,$4,$9,$-0,$0,$0,$0,$0,$0,$0,$-0,$-5,$0,$-5,$0,$0,$0,$-0,$-6,$4,$1,$0
2,2018-03-31,11.0,$6.35,1.73,$18.13,0.61,$0.53,20.85,$-0.77,0.0,$0.10B,$0.06B,1.85,$0.01B,$0.12B,0.06,$0.35B,$0.26B,73.91%,$0.35B,0,0.00%,$0.35B,0,0.00%,$0.35B,$0.01B,2.90%,$0.35B,$0.00B,0.29%,$0.35B,$-0.02B,-4.35%,$-0.02B,$0.12B,-11.74%,$-0.02B,$0.12B,-11.83%,$-0.02B,$0.19B,-7.33%,$0.00B,$0.13B,0.00%,$87,$23,$65,$0,$64,$86,$1,$1,$2,$1,$0,$0,$0,$3,$1,$19,19,$0.03,$0.03,$42,$44,$1,$101,$67,$2,$1,$13,$91,$192,$55,$8,$6,$16,$71,$132,$-1,$-10,$121,$192,$0,$3,$-0,$2,$1,$1,$1,$-1,$1,$4,$-0,$0,$0,$0,$0,$0,$0,$-0,$-5,$0,$-5,$-0,$-0,$0,$0,$-5,$-1,$1,$0
3,2017-12-31,11.55,$6.33,1.83,$17.93,0.64,$0.29,40.16,$-0.69,0.0,$0.10B,$0.05B,1.91,$0.01B,$0.12B,0.11,$0.34B,$0.25B,73.61%,$0.34B,$0.00B,0.29%,$0.34B,$0.00B,0.29%,$0.34B,$0.01B,3.23%,$0.34B,$0.00B,0.59%,$0.34B,$-0.01B,-3.81%,$-0.01B,$0.12B,-9.92%,$-0.01B,$0.12B,-10.00%,$-0.01B,$0.20B,-6.21%,$0.00B,$0.13B,0.72%,$88,$25,$64,$0,$67,$91,$-3,$-0,$-3,$15,$-18,$-18,$-17,$-0,$-3,$19,19,$-0.92,$-0.92,$43,$44,$1,$103,$69,$2,$1,$13,$93,$195,$54,$13,$6,$22,$75,$132,$-2,$-10,$120,$195,$-14,$9,$14,$23,$-1,$5,$-1,$-1,$1,$11,$-5,$0,$0,$0,$2,$2,$0,$-3,$4,$0,$4,$-0,$-0,$-2,$0,$2,$11,$2,$-2
4,2017-09-30,10.15,$7.21,1.41,$17.66,0.57,$-0.41,0.0,$-0.12,0.0,$0.11B,$0.06B,1.95,$0.02B,$0.14B,0.14,$0.34B,$0.25B,73.29%,$0.34B,$0.00B,0.89%,$0.34B,$0.00B,0.89%,$0.34B,$0.01B,3.26%,$0.34B,$0.00B,0.59%,$0.34B,$-0.00B,-0.89%,$-0.00B,$0.14B,-2.24%,$-0.00B,$0.14B,-2.26%,$-0.00B,$0.22B,-1.42%,$0.00B,$0.16B,2.16%,$89,$24,$66,$0,$64,$87,$2,$0,$2,$-0,$2,$2,$2,$5,$2,$19,19,$0.13,$0.13,$48,$49,$1,$114,$70,$2,$1,$13,$108,$222,$59,$19,$6,$27,$86,$131,$15,$-11,$136,$222,$4,$6,$-0,$6,$-3,$-1,$-0,$0,$-1,$8,$-3,$0,$0,$0,$2,$2,$0,$-2,$10,$0,$10,$0,$0,$-2,$-1,$7,$15,$2,$-2
5,2017-06-30,13.25,$7.08,1.87,$17.47,0.76,$-0.80,0.0,$-0.03,0.0,$0.10B,$0.07B,1.51,$0.00B,$0.13B,0.0,$0.33B,$0.25B,73.57%,$0.33B,$0.01B,1.80%,$0.33B,$0.01B,1.80%,$0.33B,$0.01B,3.60%,$0.33B,$0.01B,1.50%,$0.33B,$-0.00B,-0.30%,$-0.00B,$0.13B,-0.74%,$-0.00B,$0.13B,-0.74%,$-0.00B,$0.21B,-0.48%,$0.01B,$0.13B,4.43%,$81,$21,$60,$0,$60,$81,$0,$0,$0,$1,$-0,$-0,$-0,$2,$0,$19,19,$-0.01,$-0.01,$32,$51,$0,$98,$73,$2,$1,$14,$111,$209,$65,$0,$8,$10,$75,$131,$13,$-11,$134,$209,$1,$4,$-0,$3,$-1,$-2,$0,$1,$-5,$-1,$-3,$0,$0,$0,$2,$2,$0,$-1,$0,$2,$2,$0,$0,$-2,$-1,$-0,$-0,$2,$-2
6,2017-03-31,10.0,$7.08,1.41,$17.88,0.56,$-0.52,0.0,$0.12,83.33,$0.10B,$0.07B,1.47,$0.00B,$0.13B,0.0,$0.34B,$0.25B,73.61%,$0.34B,$0.01B,2.93%,$0.34B,$0.01B,2.93%,$0.34B,$0.02B,4.40%,$0.34B,$0.01B,2.64%,$0.34B,$0.00B,0.59%,$0.00B,$0.13B,1.46%,$0.00B,$0.13B,1.47%,$0.00B,$0.21B,0.95%,$0.01B,$0.13B,7.31%,$83,$22,$61,$0,$59,$81,$2,$1,$3,$1,$2,$2,$2,$4,$2,$19,19,$0.11,$0.11,$35,$49,$0,$98,$75,$2,$1,$14,$113,$211,$67,$0,$9,$11,$77,$130,$13,$-10,$134,$211,$2,$1,$-1,$1,$-1,$-1,$0,$1,$-2,$1,$-2,$0,$0,$0,$0,$0,$0,$-2,$0,$3,$3,$0,$0,$-2,$-1,$1,$1,$1,$-2
7,2016-12-31,14.85,$7.06,2.1,$17.87,0.83,$-0.37,0.0,$0.12,123.75,$0.10B,$0.06B,1.5,$0.00B,$0.13B,0.0,$0.34B,$0.25B,73.53%,$0.34B,$0.01B,2.94%,$0.34B,$0.01B,2.94%,$0.34B,$0.01B,4.12%,$0.34B,$0.01B,2.94%,$0.34B,$0.00B,0.59%,$0.00B,$0.13B,1.45%,$0.00B,$0.13B,1.46%,$0.00B,$0.21B,0.95%,$0.01B,$0.13B,7.27%,$84,$24,$60,$0,$61,$85,$-1,$-2,$-3,$4,$-7,$-7,$-7,$-0,$-1,$19,19,$-0.36,$-0.36,$34,$48,$1,$95,$73,$1,$1,$14,$111,$206,$63,$0,$9,$10,$73,$130,$13,$-11,$132,$206,$1,$5,$6,$10,$-0,$-10,$-1,$-2,$-8,$3,$-11,$-1,$0,$0,$0,$0,$0,$-12,$7,$0,$7,$0,$0,$-8,$0,$-0,$-9,$3,$-8
8,2016-09-30,15.74,$7.59,2.07,$17.63,0.89,$-0.45,0.0,$0.66,23.84,$0.11B,$0.06B,1.76,$0.00B,$0.14B,0.0,$0.34B,$0.25B,73.81%,$0.34B,$0.01B,3.87%,$0.34B,$0.01B,3.87%,$0.34B,$0.02B,5.06%,$0.34B,$0.02B,4.46%,$0.34B,$0.01B,3.87%,$0.01B,$0.14B,9.39%,$0.01B,$0.14B,9.42%,$0.01B,$0.22B,6.21%,$0.01B,$0.14B,9.39%,$85,$22,$64,$0,$59,$80,$5,$0,$5,$1,$4,$4,$4,$6,$5,$19,19,$0.22,$0.22,$42,$49,$0,$110,$73,$1,$0,$12,$105,$215,$63,$0,$8,$10,$72,$129,$21,$-10,$142,$215,$8,$4,$2,$6,$0,$-10,$0,$-3,$-9,$5,$-8,$0,$0,$0,$0,$0,$0,$-8,$6,$0,$6,$0,$0,$-6,$-0,$1,$-1,$2,$-6
9,2016-06-30,9.3,$7.39,1.26,$17.36,0.54,$-0.72,0.0,$0.59,15.76,$0.11B,$0.06B,1.79,$0.00B,$0.14B,0.0,$0.33B,$0.24B,73.41%,$0.33B,$0.01B,3.32%,$0.33B,$0.01B,3.32%,$0.33B,$0.02B,4.53%,$0.33B,$0.01B,3.93%,$0.33B,$0.01B,3.63%,$0.01B,$0.14B,8.78%,$0.01B,$0.14B,8.82%,$0.01B,$0.21B,5.86%,$0.01B,$0.14B,8.04%,$89,$23,$66,$0,$62,$85,$4,$-1,$4,$1,$2,$2,$3,$5,$4,$19,19,$0.14,$0.14,$43,$45,$0,$109,$70,$1,$1,$12,$102,$211,$61,$0,$10,$11,$72,$128,$19,$-11,$139,$211,$4,$2,$1,$4,$-0,$-6,$2,$-1,$-1,$6,$-5,$0,$0,$0,$0,$0,$0,$-5,$0,$1,$1,$0,$0,$-4,$-0,$-3,$0,$2,$-4
10,2016-03-31,9.27,$7.31,1.27,$16.86,0.55,$-1.26,0.0,$0.58,15.98,$0.11B,$0.06B,1.77,$0.00B,$0.14B,0.0,$0.32B,$0.24B,73.37%,$0.32B,$0.01B,3.10%,$0.32B,$0.01B,3.10%,$0.32B,$0.01B,4.33%,$0.32B,$0.01B,3.72%,$0.32B,$0.01B,3.72%,$0.01B,$0.14B,8.86%,$0.01B,$0.14B,8.89%,$0.01B,$0.21B,5.95%,$0.01B,$0.14B,7.38%,$82,$22,$60,$0,$58,$80,$2,$2,$4,$2,$2,$2,$2,$3,$2,$19,19,$0.11,$0.11,$48,$42,$0,$110,$69,$1,$1,$12,$100,$210,$62,$0,$10,$11,$74,$127,$18,$-11,$137,$210,$2,$1,$1,$2,$-0,$-3,$3,$2,$-1,$3,$-1,$0,$0,$0,$0,$0,$0,$-1,$0,$5,$5,$0,$0,$-2,$-0,$3,$5,$1,$-2
11,2015-12-31,9.66,$7.33,1.32,$16.93,0.57,$-1.64,0.0,$0.77,12.55,$0.10B,$0.05B,1.91,$0.00B,$0.14B,0.0,$0.33B,$0.24B,73.54%,$0.33B,$0.01B,4.00%,$0.33B,$0.01B,4.00%,$0.33B,$0.02B,5.23%,$0.33B,$0.01B,4.00%,$0.33B,$0.02B,4.92%,$0.02B,$0.14B,11.90%,$0.02B,$0.14B,11.94%,$0.02B,$0.20B,8.05%,$0.01B,$0.14B,9.67%,$80,$22,$58,$0,$56,$78,$2,$-0,$2,$-1,$3,$3,$4,$3,$2,$19,19,$0.20,$0.19,$43,$38,$0,$102,$69,$1,$1,$11,$99,$201,$53,$0,$10,$11,$64,$127,$18,$-11,$136,$201,$14,$5,$-0,$4,$-1,$1,$1,$-3,$-8,$10,$-19,$0,$0,$0,$1,$1,$0,$-19,$3,$0,$3,$-3,$-3,$-7,$0,$-8,$-17,$4,$-7
12,2015-09-30,11.33,$7.22,1.57,$17.67,0.64,$-1.84,0.0,$0.38,29.83,$0.11B,$0.05B,2.03,$0.00B,$0.14B,0.0,$0.33B,$0.24B,73.49%,$0.33B,$0.01B,3.61%,$0.33B,$0.01B,3.61%,$0.33B,$0.02B,4.82%,$0.33B,$0.01B,3.61%,$0.33B,$0.01B,2.41%,$0.01B,$0.14B,6.03%,$0.01B,$0.13B,6.06%,$0.01B,$0.20B,4.05%,$0.01B,$0.14B,9.04%,$80,$21,$59,$0,$56,$76,$3,$-0,$3,$1,$2,$2,$3,$4,$3,$19,19,$0.15,$0.15,$46,$39,$0,$105,$65,$1,$1,$10,$92,$197,$52,$0,$9,$10,$62,$126,$16,$-11,$135,$197,$10,$3,$4,$7,$-1,$0,$1,$-4,$-9,$8,$-16,$0,$0,$0,$1,$1,$0,$-15,$1,$0,$1,$-2,$-2,$-6,$0,$-7,$-15,$3,$-6
13,2015-06-30,12.91,$7.15,1.81,$18.75,0.69,$-1.78,0.0,$0.29,44.51,$0.11B,$0.05B,2.08,$0.00B,$0.13B,0.0,$0.35B,$0.26B,74.20%,$0.35B,$0.02B,4.35%,$0.35B,$0.02B,4.35%,$0.35B,$0.02B,5.51%,$0.35B,$0.02B,4.35%,$0.35B,$0.01B,1.74%,$0.01B,$0.13B,4.50%,$0.01B,$0.13B,4.53%,$0.01B,$0.20B,2.99%,$0.02B,$0.13B,11.26%,$81,$21,$60,$0,$57,$78,$3,$-0,$3,$1,$2,$2,$3,$4,$3,$19,19,$0.14,$0.13,$48,$41,$0,$112,$62,$1,$1,$8,$86,$199,$54,$0,$9,$11,$65,$127,$15,$-12,$134,$199,$8,$2,$1,$3,$-0,$-1,$1,$-4,$-8,$3,$-12,$0,$0,$0,$1,$1,$0,$-11,$0,$0,$0,$-0,$-0,$-4,$0,$-4,$-12,$2,$-4
14,2015-03-31,12.22,$7.10,1.72,$20.25,0.6,$-1.55,0.0,$0.36,33.95,$0.12B,$0.06B,2.12,$0.00B,$0.13B,0.0,$0.36B,$0.27B,74.51%,$0.36B,$0.02B,5.04%,$0.36B,$0.02B,5.04%,$0.36B,$0.02B,6.16%,$0.36B,$0.02B,5.04%,$0.36B,$0.01B,1.68%,$0.01B,$0.13B,4.64%,$0.01B,$0.13B,4.68%,$0.01B,$0.20B,2.97%,$0.02B,$0.13B,13.66%,$84,$22,$62,$0,$57,$79,$5,$-0,$5,$1,$4,$4,$6,$6,$5,$19,19,$0.30,$0.30,$53,$42,$0,$117,$57,$1,$1,$8,$81,$198,$55,$0,$9,$10,$66,$126,$15,$-11,$133,$198,$6,$1,$0,$1,$-1,$-2,$3,$-2,$-8,$-1,$-5,$0,$0,$0,$-0,$-0,$0,$-5,$0,$0,$0,$-1,$-1,$-2,$0,$-3,$-9,$1,$-2
15,2014-12-31,13.69,$6.91,1.98,$21.50,0.64,$-1.50,0.0,$0.64,21.39,$0.12B,$0.06B,2.09,$0.00B,$0.13B,0.0,$0.37B,$0.28B,75.14%,$0.37B,$0.02B,5.46%,$0.37B,$0.02B,5.46%,$0.37B,$0.02B,6.56%,$0.37B,$0.02B,5.46%,$0.37B,$0.01B,2.73%,$0.01B,$0.13B,8.02%,$0.01B,$0.13B,8.08%,$0.01B,$0.20B,4.91%,$0.02B,$0.13B,15.41%,$87,$23,$63,$0,$62,$86,$1,$0,$1,$0,$1,$1,$-4,$2,$1,$17,18,$-0.28,$-0.28,$61,$40,$0,$121,$51,$1,$1,$8,$76,$197,$58,$0,$9,$10,$68,$125,$11,$-11,$129,$197,$10,$4,$7,$11,$3,$1,$-0,$-3,$-7,$14,$-26,$0,$0,$0,$-0,$-0,$0,$-27,$-12,$0,$-12,$38,$38,$-35,$4,$-5,$-19,$4,$-35
16,2014-09-30,13.61,$7.23,1.88,$21.91,0.62,$0.46,29.3,$0.95,14.33,$0.14B,$0.06B,2.33,$0.00B,$0.14B,0.0,$0.37B,$0.28B,75.96%,$0.37B,$0.02B,5.74%,$0.37B,$0.02B,5.74%,$0.37B,$0.03B,6.83%,$0.37B,$0.02B,6.01%,$0.37B,$0.02B,4.37%,$0.02B,$0.14B,13.47%,$0.02B,$0.14B,13.59%,$0.02B,$0.21B,7.82%,$0.02B,$0.14B,16.63%,$93,$23,$71,$0,$65,$88,$6,$-0,$6,$0,$5,$5,$1,$7,$6,$17,18,$0.06,$0.06,$72,$41,$0,$140,$45,$1,$1,$9,$70,$209,$60,$0,$12,$13,$73,$130,$17,$-14,$137,$209,$14,$4,$5,$8,$1,$0,$-1,$-5,$-9,$14,$-20,$0,$0,$0,$0,$0,$0,$-20,$-12,$0,$-12,$44,$44,$-33,$4,$2,$-7,$3,$-33
17,2014-06-30,14.08,$7.29,1.93,$22.27,0.63,$1.90,7.42,$1.18,11.94,$0.14B,$0.06B,2.32,$0.01B,$0.12B,0.09,$0.37B,$0.28B,75.62%,$0.37B,$0.02B,6.03%,$0.37B,$0.02B,6.03%,$0.37B,$0.03B,7.12%,$0.37B,$0.02B,6.03%,$0.37B,$0.02B,5.48%,$0.02B,$0.12B,18.06%,$0.02B,$0.12B,18.22%,$0.02B,$0.21B,9.95%,$0.02B,$0.13B,18.22%,$93,$23,$70,$0,$64,$87,$6,$-0,$6,$2,$4,$4,$3,$7,$6,$16,16,$0.20,$0.20,$71,$40,$0,$139,$41,$1,$1,$9,$66,$205,$60,$10,$16,$27,$87,$85,$46,$-13,$118,$205,$13,$2,$-0,$2,$1,$1,$0,$-3,$-7,$8,$-12,$0,$0,$0,$0,$0,$0,$-12,$-2,$0,$-2,$0,$0,$-3,$0,$-5,$-9,$2,$-3
18,2014-03-31,11.35,$7.08,1.6,$22.37,0.51,$2.92,3.89,$1.36,8.35,$0.15B,$0.06B,2.29,$0.01B,$0.12B,0.09,$0.37B,$0.28B,75.68%,$0.37B,$0.02B,6.56%,$0.37B,$0.02B,6.56%,$0.37B,$0.03B,7.65%,$0.37B,$0.03B,6.83%,$0.37B,$0.02B,6.28%,$0.02B,$0.12B,20.54%,$0.02B,$0.11B,20.72%,$0.02B,$0.20B,11.51%,$0.02B,$0.13B,20.04%,$93,$23,$71,$0,$64,$87,$7,$-0,$7,$-4,$10,$10,$10,$8,$7,$16,17,$0.60,$0.58,$73,$41,$0,$145,$35,$1,$1,$8,$59,$204,$63,$10,$15,$26,$89,$84,$44,$-14,$115,$204,$10,$1,$-2,$-0,$-1,$1,$-0,$-2,$-9,$0,$-5,$0,$0,$0,$0,$0,$0,$-5,$-1,$0,$-1,$0,$0,$0,$0,$-1,$-6,$1,$0
19,2013-12-31,14.17,$6.51,2.18,$22.79,0.62,$3.58,3.96,$1.08,13.12,$0.15B,$0.07B,2.17,$0.01B,$0.11B,0.1,$0.37B,$0.28B,75.34%,$0.37B,$0.02B,6.50%,$0.37B,$0.02B,6.50%,$0.37B,$0.03B,7.59%,$0.37B,$0.03B,6.78%,$0.37B,$0.02B,4.88%,$0.02B,$0.11B,15.93%,$0.02B,$0.10B,16.07%,$0.02B,$0.20B,9.10%,$0.02B,$0.12B,20.25%,$87,$22,$66,$0,$63,$85,$2,$0,$3,$1,$2,$2,$2,$3,$2,$16,16,$0.11,$0.10,$79,$42,$0,$149,$32,$1,$1,$7,$51,$200,$69,$10,$15,$26,$94,$83,$36,$-14,$105,$200,$18,$4,$3,$8,$-1,$1,$-1,$-5,$4,$29,$-8,$0,$0,$0,$-0,$-0,$0,$-9,$7,$0,$7,$2,$2,$-30,$1,$-21,$-2,$3,$-30
20,2013-09-30,15.47,$6.47,2.39,$22.71,0.68,$3.55,4.36,$1.25,12.37,$0.15B,$0.07B,2.23,$0.01B,$0.11B,0.1,$0.37B,$0.27B,74.86%,$0.37B,$0.03B,7.65%,$0.37B,$0.03B,7.65%,$0.37B,$0.03B,8.74%,$0.37B,$0.03B,7.92%,$0.37B,$0.02B,5.46%,$0.02B,$0.11B,17.28%,$0.02B,$0.10B,17.43%,$0.02B,$0.20B,10.19%,$0.03B,$0.12B,23.48%,$92,$24,$69,$0,$62,$86,$7,$-0,$6,$2,$5,$5,$5,$8,$7,$16,16,$0.30,$0.29,$79,$44,$0,$145,$29,$1,$1,$7,$50,$195,$65,$10,$14,$25,$90,$82,$36,$-13,$105,$195,$16,$3,$2,$5,$-2,$-1,$1,$-1,$1,$22,$-4,$0,$0,$0,$-0,$-0,$0,$-5,$-3,$10,$7,$2,$2,$-29,$0,$-19,$-3,$3,$-29
21,2013-06-30,12.2,$7.69,1.59,$22.81,0.53,$3.21,3.8,$1.36,8.97,$0.15B,$0.06B,2.47,$0.00B,$0.12B,0.01,$0.37B,$0.27B,74.79%,$0.37B,$0.03B,8.22%,$0.37B,$0.03B,8.22%,$0.37B,$0.03B,9.32%,$0.37B,$0.03B,8.49%,$0.37B,$0.02B,5.75%,$0.02B,$0.12B,17.87%,$0.02B,$0.12B,18.03%,$0.02B,$0.20B,10.73%,$0.03B,$0.12B,25.16%,$94,$23,$71,$0,$63,$86,$8,$1,$9,$3,$6,$6,$6,$9,$8,$16,16,$0.38,$0.38,$89,$42,$0,$152,$28,$1,$1,$6,$48,$200,$61,$1,$13,$16,$77,$81,$57,$-14,$123,$200,$11,$2,$1,$3,$0,$1,$-1,$-1,$1,$15,$-2,$0,$0,$0,$-0,$-0,$0,$-2,$-1,$0,$-1,$1,$1,$-3,$0,$-3,$8,$2,$-3
22,2013-03-31,11.29,$7.49,1.51,$22.86,0.49,$2.83,3.99,$1.44,7.84,$0.15B,$0.06B,2.43,$0.00B,$0.12B,0.01,$0.36B,$0.27B,74.73%,$0.36B,$0.03B,8.79%,$0.36B,$0.03B,8.79%,$0.36B,$0.04B,9.89%,$0.36B,$0.03B,8.79%,$0.36B,$0.02B,6.04%,$0.02B,$0.12B,19.56%,$0.02B,$0.12B,19.78%,$0.02B,$0.20B,11.49%,$0.03B,$0.12B,27.83%,$96,$24,$72,$0,$65,$90,$7,$0,$7,$2,$5,$5,$5,$8,$7,$16,16,$0.31,$0.30,$85,$41,$0,$148,$28,$1,$1,$6,$48,$196,$61,$1,$14,$16,$77,$79,$52,$-12,$119,$196,$5,$1,$1,$2,$-1,$2,$-1,$-1,$1,$8,$-1,$0,$0,$0,$-0,$-0,$0,$-1,$-1,$0,$-1,$1,$1,$-2,$0,$-2,$4,$1,$-2
23,2012-12-31,10.66,$7.31,1.46,$22.67,0.47,$2.39,4.46,$1.60,6.66,$0.15B,$0.06B,2.37,$0.00B,$0.12B,0.02,$0.36B,$0.27B,74.52%,$0.36B,$0.03B,9.42%,$0.36B,$0.03B,9.42%,$0.36B,$0.04B,10.53%,$0.36B,$0.03B,9.42%,$0.36B,$0.02B,6.65%,$0.02B,$0.12B,22.48%,$0.02B,$0.12B,22.75%,$0.02B,$0.19B,12.83%,$0.03B,$0.12B,30.84%,$84,$22,$62,$0,$56,$78,$6,$2,$7,$3,$4,$4,$4,$7,$6,$16,16,$0.28,$0.27,$81,$43,$0,$145,$28,$1,$1,$7,$49,$194,$61,$2,$13,$17,$78,$77,$49,$-11,$116,$194,$25,$4,$7,$11,$0,$-1,$0,$0,$-10,$27,$-7,$0,$0,$0,$4,$4,$0,$-3,$-4,$0,$-4,$2,$2,$-2,$0,$-3,$20,$3,$-2
24,2012-09-30,11.99,$7.10,1.69,$23.30,0.51,$1.23,9.73,$1.80,6.66,$0.14B,$0.06B,2.19,$0.00B,$0.11B,0.03,$0.37B,$0.26B,71.00%,$0.37B,$0.04B,10.30%,$0.37B,$0.04B,10.30%,$0.37B,$0.04B,11.38%,$0.37B,$0.04B,10.03%,$0.37B,$0.03B,7.59%,$0.03B,$0.11B,28.14%,$0.03B,$0.11B,28.50%,$0.03B,$0.19B,15.34%,$0.04B,$0.12B,36.54%,$91,$23,$68,$0,$59,$83,$9,$-0,$8,$2,$6,$6,$6,$10,$9,$16,16,$0.41,$0.40,$75,$44,$0,$139,$28,$1,$1,$7,$54,$193,$64,$3,$12,$17,$81,$76,$45,$-9,$112,$193,$21,$3,$3,$6,$-0,$-2,$-0,$-2,$-9,$17,$-6,$0,$0,$0,$3,$3,$0,$-2,$-2,$0,$-2,$2,$2,$-2,$0,$-2,$14,$2,$-2
25,2012-06-30,11.04,$6.57,1.68,$23.44,0.47,$0.16,68.64,$1.26,8.76,$0.13B,$0.06B,2.12,$0.00B,$0.10B,0.04,$0.37B,$0.27B,72.63%,$0.37B,$0.02B,6.50%,$0.37B,$0.02B,6.50%,$0.37B,$0.03B,7.59%,$0.37B,$0.03B,6.78%,$0.37B,$0.02B,5.42%,$0.02B,$0.10B,21.86%,$0.02B,$0.10B,22.16%,$0.02B,$0.18B,11.24%,$0.02B,$0.11B,24.74%,$93,$23,$70,$0,$60,$83,$10,$0,$10,$3,$7,$7,$7,$11,$10,$16,16,$0.47,$0.46,$69,$43,$0,$132,$26,$1,$1,$6,$51,$183,$62,$4,$13,$18,$80,$73,$40,$-10,$103,$183,$15,$2,$2,$4,$-1,$-1,$-1,$-1,$-9,$9,$-3,$0,$0,$0,$3,$3,$0,$1,$-2,$0,$-2,$0,$0,$-1,$0,$-2,$7,$1,$-1
26,2012-03-31,11.67,$6.14,1.9,$23.44,0.5,$0.71,16.51,$1.16,10.06,$0.13B,$0.06B,2.0,$0.01B,$0.10B,0.05,$0.37B,$0.27B,74.18%,$0.37B,$0.02B,5.98%,$0.37B,$0.02B,5.98%,$0.37B,$0.03B,7.07%,$0.37B,$0.02B,6.25%,$0.37B,$0.02B,5.16%,$0.02B,$0.10B,21.90%,$0.02B,$0.10B,22.22%,$0.02B,$0.18B,10.72%,$0.02B,$0.10B,24.11%,$93,$24,$69,$0,$60,$84,$9,$-0,$9,$2,$7,$7,$7,$10,$9,$16,16,$0.46,$0.46,$64,$41,$0,$128,$25,$1,$1,$6,$50,$178,$64,$5,$12,$18,$82,$73,$33,$-10,$96,$178,$7,$1,$2,$3,$-3,$0,$-1,$-1,$-9,$1,$-1,$0,$0,$0,$3,$3,$0,$2,$-1,$0,$-1,$0,$0,$0,$0,$-0,$2,$1,$0
27,2011-12-31,11.31,$5.62,2.01,$23.55,0.48,$1.18,9.59,$1.13,10.0,$0.13B,$0.07B,1.85,$0.01B,$0.09B,0.07,$0.37B,$0.28B,75.54%,$0.37B,$0.02B,5.71%,$0.37B,$0.02B,5.71%,$0.37B,$0.03B,6.79%,$0.37B,$0.02B,5.98%,$0.37B,$0.02B,5.16%,$0.02B,$0.09B,23.24%,$0.02B,$0.09B,23.68%,$0.02B,$0.18B,10.83%,$0.02B,$0.09B,24.71%,$92,$37,$55,$0,$46,$82,$10,$1,$10,$3,$8,$8,$8,$11,$10,$16,16,$0.48,$0.47,$65,$42,$0,$125,$25,$1,$1,$6,$51,$176,$68,$6,$13,$21,$88,$72,$26,$-10,$87,$176,$18,$4,$-2,$3,$-4,$-6,$1,$-8,$-16,$4,$-2,$0,$0,$0,$1,$1,$0,$-2,$9,$0,$9,$0,$0,$0,$0,$10,$11,$3,$0
28,2011-09-30,10.26,$5.16,1.99,$23.44,0.44,$1.95,5.25,$0.61,16.81,$0.12B,$0.07B,1.82,$0.01B,$0.08B,0.08,$0.37B,$0.28B,75.14%,$0.37B,$0.02B,4.10%,$0.37B,$0.02B,4.10%,$0.37B,$0.02B,5.19%,$0.37B,$0.02B,4.37%,$0.37B,$0.01B,2.73%,$0.01B,$0.08B,12.99%,$0.01B,$0.08B,13.25%,$0.01B,$0.18B,5.84%,$0.02B,$0.09B,19.05%,$91,$17,$74,$0,$65,$96,$-5,$1,$-4,$-2,$-2,$-2,$-2,$-4,$-5,$16,16,$-0.14,$-0.14,$59,$38,$0,$119,$25,$1,$1,$12,$56,$175,$66,$7,$21,$29,$95,$70,$18,$-8,$80,$175,$10,$3,$-2,$1,$-6,$-2,$0,$-5,$-15,$-4,$-1,$0,$0,$0,$2,$2,$0,$1,$10,$0,$10,$0,$0,$0,$0,$10,$6,$2,$0
29,2011-06-30,14.19,$5.37,2.64,$23.10,0.61,$2.81,5.05,$0.38,37.34,$0.13B,$0.07B,1.79,$0.00B,$0.08B,0.0,$0.36B,$0.27B,74.79%,$0.36B,$0.02B,6.65%,$0.36B,$0.02B,6.65%,$0.36B,$0.03B,7.76%,$0.36B,$0.02B,6.65%,$0.36B,$0.01B,1.66%,$0.01B,$0.08B,8.14%,$0.01B,$0.08B,8.33%,$0.01B,$0.18B,3.53%,$0.02B,$0.08B,32.54%,$92,$17,$75,$0,$67,$84,$8,$-0,$8,$2,$6,$6,$6,$9,$8,$16,16,$0.36,$0.36,$70,$38,$0,$127,$26,$2,$1,$10,$53,$180,$71,$0,$24,$25,$96,$69,$21,$-6,$84,$180,$12,$2,$2,$4,$-3,$-2,$0,$-2,$-1,$16,$-1,$0,$0,$0,$-0,$-0,$0,$-1,$0,$0,$0,$0,$0,$0,$0,$0,$15,$1,$0
30,2011-03-31,6.53,$4.87,1.34,$22.83,0.29,$2.10,3.1,$0.09,72.52,$0.12B,$0.07B,1.7,$0.00B,$0.08B,0.0,$0.36B,$0.27B,74.44%,$0.36B,$0.02B,5.34%,$0.36B,$0.02B,5.34%,$0.36B,$0.02B,6.74%,$0.36B,$0.02B,5.06%,$0.36B,$0.00B,0.28%,$0.00B,$0.08B,1.45%,$0.00B,$0.07B,1.49%,$0.00B,$0.17B,0.60%,$0.02B,$0.08B,27.64%,$93,$19,$74,$0,$67,$85,$8,$0,$8,$1,$7,$7,$7,$9,$8,$16,16,$0.43,$0.43,$61,$36,$0,$119,$27,$2,$1,$10,$52,$171,$70,$0,$24,$25,$95,$68,$15,$-7,$76,$171,$7,$1,$1,$2,$-5,$1,$-0,$-2,$-1,$7,$-0,$0,$0,$0,$1,$1,$0,$0,$0,$0,$0,$0,$0,$0,$0,$0,$8,$0,$0
31,2010-12-31,6.54,$4.40,1.49,$22.45,0.29,$1.83,3.57,$-0.07,0.0,$0.11B,$0.07B,1.64,$0.00B,$0.07B,0.0,$0.35B,$0.26B,74.29%,$0.35B,$0.01B,3.43%,$0.35B,$0.01B,3.43%,$0.35B,$0.02B,4.86%,$0.35B,$0.01B,3.71%,$0.35B,$-0.00B,-0.57%,$-0.00B,$0.07B,-3.05%,$-0.00B,$0.07B,-3.13%,$-0.00B,$0.16B,-1.22%,$0.01B,$0.07B,18.32%,$90,$38,$52,$0,$48,$86,$4,$0,$4,$4,$-0,$-0,$-1,$5,$4,$16,16,$-0.05,$-0.05,$54,$36,$0,$107,$27,$2,$1,$9,$53,$159,$65,$0,$24,$26,$91,$68,$8,$-8,$68,$159,$-1,$6,$8,$14,$2,$5,$1,$-2,$4,$16,$-3,$0,$0,$0,$-3,$-3,$0,$-6,$0,$0,$0,$0,$0,$0,$0,$0,$12,$0,$0
32,2010-09-30,6.51,$4.29,1.52,$22.44,0.29,$0.82,7.95,$0.23,28.31,$0.11B,$0.06B,1.67,$0.00B,$0.07B,0.0,$0.35B,$0.28B,79.94%,$0.35B,$0.02B,4.30%,$0.35B,$0.02B,4.30%,$0.35B,$0.02B,5.73%,$0.35B,$0.02B,4.30%,$0.35B,$0.00B,0.86%,$0.00B,$0.07B,4.78%,$0.00B,$0.07B,4.90%,$0.00B,$0.17B,1.83%,$0.02B,$0.07B,23.90%,$86,$17,$69,$0,$66,$82,$4,$0,$4,$2,$3,$3,$-6,$5,$4,$16,16,$-0.37,$-0.37,$49,$38,$0,$107,$28,$2,$1,$19,$62,$169,$64,$0,$37,$39,$102,$68,$9,$-10,$67,$169,$-1,$4,$5,$9,$0,$3,$0,$1,$1,$10,$-2,$0,$0,$0,$0,$0,$0,$-2,$0,$0,$0,$0,$0,$0,$0,$0,$10,$0,$0
33,2010-06-30,6.1,$4.13,1.48,$22.44,0.27,$0.21,29.27,$0.73,8.35,$0.10B,$0.07B,1.53,$0.00B,$0.06B,0.0,$0.35B,$0.28B,79.66%,$0.35B,$0.02B,5.16%,$0.35B,$0.02B,5.16%,$0.35B,$0.02B,6.59%,$0.35B,$0.02B,5.44%,$0.35B,$0.01B,3.15%,$0.01B,$0.06B,18.57%,$0.01B,$0.06B,19.05%,$0.01B,$0.16B,6.77%,$0.02B,$0.06B,30.38%,$87,$17,$70,$0,$67,$84,$3,$-1,$2,$1,$1,$1,$1,$5,$3,$16,16,$0.07,$0.07,$43,$39,$0,$102,$28,$2,$1,$19,$62,$164,$66,$0,$32,$34,$100,$67,$15,$-18,$64,$164,$5,$3,$-2,$1,$-0,$2,$1,$-3,$-1,$5,$-1,$0,$0,$0,$0,$0,$0,$-1,$0,$0,$0,$0,$0,$0,$0,$0,$4,$0,$0
34,2010-03-31,6.07,$4.04,1.5,$22.28,0.27,$-0.36,0.0,$0.66,9.19,$0.10B,$0.07B,1.5,$0.00B,$0.06B,0.0,$0.35B,$0.28B,79.77%,$0.35B,$0.02B,4.91%,$0.35B,$0.02B,4.91%,$0.35B,$0.02B,6.07%,$0.35B,$0.02B,5.78%,$0.35B,$0.01B,3.47%,$0.01B,$0.06B,21.43%,$0.01B,$0.06B,22.12%,$0.01B,$0.17B,7.42%,$0.02B,$0.06B,30.36%,$87,$18,$69,$0,$68,$86,$1,$3,$3,$-1,$5,$5,$4,$2,$1,$16,16,$0.27,$0.27,$43,$39,$0,$102,$28,$2,$1,$19,$63,$165,$68,$0,$32,$34,$102,$67,$14,$-18,$63,$165,$4,$1,$-3,$-1,$-1,$2,$1,$-6,$1,$4,$-1,$0,$0,$0,$0,$0,$0,$-1,$0,$0,$0,$0,$0,$0,$0,$0,$3,$0,$0
