,Date,Stock Price,Book Value per Share,Price to Book Ratio,TTM Sales per Share,Price to Sales Ratio,TTM FCF per Share,Price to FCF Ratio,TTM Net EPS,PE Ratio,Current Assets,Current Liabilities,Current Ratio,Long Term Debt,Shareholder's Equity_x,Debt to Equity Ratio,TTM Revenue_x,TTM Gross Profit,Gross Margin,TTM Revenue_y,TTM Operating Income,Operating Margin,TTM Revenue_x,TTM EBIT,EBIT Margin,TTM Revenue_y,TTM EBITDA,EBITDA Margin,TTM Revenue_x,TTM Pre-Tax Income,Pre-Tax Margin,TTM Revenue_y,TTM Net Income_x,Net Margin,TTM Net Income_y,Shareholder's Equity_y,Return on Equity,TTM Net Income_x,Tangible Equity,Return on Tangible Equity,TTM Net Income_y,Total Assets,Return on Assets,TTM Net Income,LT Investments & Debt,Return on Investment,revenue,cost-goods-sold,gross-profit,research-development-expenses,selling-general-administrative-expenses,operating-expenses,operating-income,total-non-operating-income-expense,pre-tax-income,total-provision-income-taxes,income-after-taxes,income-from-continuous-operations,net-income,ebitda,ebit,basic-shares-outstanding,shares-outstanding,eps-basic-net-earnings-per-share,eps-earnings-per-share-diluted,cash-on-hand,inventory,other-current-assets,total-current-assets,net-property-plant-equipment,long-term-investments,goodwill-intangible-assets-total,other-long-term-assets,total-long-term-assets,total-assets,total-current-liabilities,long-term-debt,other-non-current-liabilities,total-long-term-liabilities,total-liabilities,common-stock-net,retained-earnings-accumulated-deficit,comprehensive-income,total-share-holder-equity,total-liabilities-share-holders-equity,net-income-loss,total-depreciation-amortization-cash-flow,other-non-cash-items,total-non-cash-items,change-in-accounts-receivable,change-in-inventories,change-in-accounts-payable,change-in-assets-liabilities,total-change-in-assets-liabilities,cash-flow-from-operating-activities,net-change-in-property-plant-equipment,net-change-in-intangible-assets,net-acquisitions-divestitures,net-change-in-short-term-investments,net-change-in-long-term-investments,net-change-in-investments-total,investing-activities-other,cash-flow-from-investing-activities,net-long-term-debt,net-current-debt,debt-issuance-retirement-net-total,net-common-equity-issued-repurchased,net-total-equity-issued-repurchased,total-common-preferred-stock-dividends-paid,financial-activities-other,cash-flow-from-financial-activities,net-cash-flow,stock-based-compensation,common-stock-dividends-paid
0,2018-09-30,31.19,$23.54,1.32,$10.37,3.01,$-5.04,0.0,$2.57,12.14,$1.73B,$2.12B,0.81,$6.57B,$11.39B,0.58,$4.99B,$4.99B,100.00%,$4.99B,$2.01B,40.28%,$4.99B,$2.01B,40.28%,$4.99B,$3.93B,78.70%,$4.99B,$1.15B,23.09%,$4.99B,$1.25B,25.09%,$1.25B,$11.39B,11.21%,$1.25B,$9.99B,12.79%,$1.25B,$22.15B,5.70%,$2.01B,$17.97B,11.26%,$1273,$0,$1273,$25,$380,$775,$498,$-191,$307,$59,$248,$248,$227,$983,$498,$482,484,$0.47,$0.47,$720,$0,$309,$1727,$18245,$0,$1401,$774,$20420,$22147,$2124,$6571,$1075,$8629,$10753,$5,$2850,$-27,$11394,$22147,$816,$1418,$-473,$945,$114,$0,$-91,$-62,$15,$1776,$-2589,$0,$1087,$0,$0,$0,$0,$-1502,$-198,$0,$-198,$-223,$-223,$-156,$311,$-266,$8,$53,$-156
1,2018-06-30,35.16,$23.16,1.52,$9.71,3.62,$-4.46,0.0,$1.82,19.32,$1.55B,$2.05B,0.76,$6.56B,$11.28B,0.58,$4.68B,$4.68B,100.00%,$4.68B,$1.51B,32.37%,$4.68B,$1.51B,32.37%,$4.68B,$3.47B,74.17%,$4.68B,$0.64B,13.62%,$4.68B,$0.89B,19.01%,$0.89B,$11.28B,8.23%,$0.89B,$9.88B,9.40%,$0.89B,$21.85B,4.07%,$1.51B,$17.84B,8.54%,$1230,$0,$1230,$29,$397,$887,$343,$-333,$10,$16,$-6,$-6,$-23,$808,$343,$484,484,$-0.05,$-0.05,$621,$0,$187,$1551,$17917,$0,$1402,$984,$20303,$21854,$2053,$6555,$995,$8520,$10573,$5,$2677,$-28,$11281,$21854,$568,$933,$-370,$563,$76,$0,$-24,$-107,$-52,$1079,$-1782,$0,$732,$0,$0,$0,$0,$-1050,$-169,$0,$-169,$-130,$-130,$-102,$280,$-121,$-92,$35,$-102
2,2018-03-31,30.1,$23.29,1.29,$9.41,3.2,$-3.73,0.0,$-1.33,0.0,$2.59B,$2.21B,1.17,$6.86B,$11.39B,0.6,$4.51B,$4.51B,100.00%,$4.51B,$-1.13B,-25.06%,$4.51B,$-1.13B,-25.06%,$4.51B,$0.86B,19.17%,$4.51B,$-1.71B,-37.88%,$4.51B,$-0.60B,-13.32%,$-0.60B,$11.39B,-5.71%,$-0.60B,$9.99B,-6.53%,$-0.60B,$22.45B,-2.75%,$-1.13B,$18.25B,-6.43%,$1286,$0,$1286,$35,$425,$578,$708,$-165,$543,$-31,$574,$574,$554,$1176,$708,$487,488,$1.14,$1.14,$992,$0,$895,$2594,$17431,$0,$1402,$1021,$19854,$22448,$2214,$6858,$1013,$8847,$11061,$5,$2754,$-29,$11387,$22448,$574,$468,$-528,$-60,$89,$0,$-33,$-1,$69,$583,$-787,$0,$215,$0,$0,$0,$0,$-572,$120,$0,$120,$-67,$-67,$-48,$293,$298,$309,$0,$-48
3,2017-12-31,28.83,$21.67,1.33,$9.16,3.15,$-3.43,0.0,$-2.39,0.0,$2.20B,$1.74B,1.27,$6.75B,$10.62B,0.64,$4.26B,$4.26B,100.00%,$4.26B,$-1.80B,-42.34%,$4.26B,$-1.80B,-42.34%,$4.26B,$0.25B,5.90%,$4.26B,$-2.19B,-51.48%,$4.26B,$-1.12B,-26.27%,$-1.12B,$10.62B,-11.11%,$-1.12B,$9.31B,-12.29%,$-1.12B,$21.48B,-5.22%,$-1.80B,$17.37B,-10.50%,$1201,$0,$1201,$52,$386,$740,$461,$-169,$292,$-224,$516,$516,$494,$960,$461,$469,469,$1.02,$1.02,$675,$0,$780,$2203,$17502,$0,$1310,$461,$19273,$21476,$1739,$6746,$1245,$9118,$10857,$5,$2248,$-30,$10619,$21476,$-1050,$2053,$1098,$3151,$-171,$0,$248,$-191,$-150,$1951,$-2649,$0,$1130,$0,$0,$0,$-87,$-1606,$-858,$0,$-858,$312,$312,$-190,$-114,$-850,$-505,$104,$-190
4,2017-09-30,27.96,$20.29,1.38,$8.95,3.12,$-2.38,0.0,$-3.99,0.0,$1.54B,$1.62B,0.95,$7.49B,$9.94B,0.75,$4.07B,$4.07B,100.00%,$4.07B,$-2.71B,-66.54%,$4.07B,$-2.71B,-66.54%,$4.07B,$-0.50B,-12.32%,$4.07B,$-3.02B,-74.39%,$4.07B,$-1.86B,-45.85%,$-1.86B,$9.94B,-19.00%,$-1.86B,$8.65B,-20.33%,$-1.86B,$21.65B,-8.75%,$-2.71B,$17.43B,-15.94%,$960,$0,$960,$64,$382,$958,$2,$-210,$-208,$-93,$-115,$-115,$-136,$525,$2,$487,487,$-0.28,$-0.28,$564,$0,$303,$1542,$18396,$0,$1295,$416,$20107,$21649,$1622,$7487,$1245,$10084,$11706,$5,$1803,$-29,$9943,$21649,$-1566,$1554,$1457,$3011,$-148,$0,$230,$-68,$-27,$1418,$-1956,$0,$184,$0,$0,$0,$-68,$-1840,$-174,$0,$-174,$138,$138,$-141,$-47,$-224,$-646,$83,$-141
5,2017-06-30,27.8,$20.61,1.35,$9.10,3.06,$-1.53,0.0,$-4.04,0.0,$1.58B,$1.60B,0.99,$7.13B,$10.10B,0.71,$4.02B,$4.02B,100.00%,$4.02B,$-2.96B,-73.65%,$4.02B,$-2.96B,-73.65%,$4.02B,$-0.66B,-16.34%,$4.02B,$-3.10B,-77.11%,$4.02B,$-1.87B,-46.63%,$-1.87B,$10.10B,-19.13%,$-1.87B,$8.81B,-19.78%,$-1.87B,$21.57B,-8.70%,$-2.96B,$17.23B,-17.36%,$1059,$0,$1059,$30,$386,$3359,$-2300,$-34,$-2334,$-836,$-1498,$-1498,$-1512,$-1797,$-2300,$472,472,$-3.20,$-3.20,$540,$0,$338,$1577,$18276,$0,$1289,$432,$19997,$21574,$1595,$7133,$1279,$9881,$11476,$5,$1988,$-30,$10098,$21574,$-1451,$1031,$1396,$2427,$-123,$0,$120,$-54,$-99,$877,$-1215,$0,$162,$-68,$0,$-68,$0,$-1121,$-405,$0,$-405,$138,$138,$-92,$-67,$-426,$-670,$67,$-92
6,2017-03-31,33.62,$22.09,1.52,$8.82,3.81,$-1.68,0.0,$-1.57,0.0,$1.45B,$1.49B,0.97,$7.00B,$9.61B,0.73,$3.80B,$3.80B,100.00%,$3.80B,$-0.92B,-24.17%,$3.80B,$-0.92B,-24.17%,$3.80B,$1.50B,39.47%,$3.80B,$-1.26B,-33.13%,$3.80B,$-0.68B,-17.75%,$-0.68B,$9.61B,-6.96%,$-0.68B,$9.61B,-6.96%,$-0.68B,$21.01B,-3.10%,$-0.92B,$16.60B,-5.37%,$1036,$0,$1036,$42,$402,$1001,$35,$24,$59,$12,$47,$47,$36,$563,$35,$431,434,$0.08,$0.08,$787,$0,$135,$1445,$19028,$0,$0,$535,$19563,$21008,$1493,$6995,$1092,$9906,$11399,$5,$3549,$-31,$9609,$21008,$47,$528,$-87,$441,$59,$0,$45,$-33,$48,$536,$-587,$0,$-306,$0,$0,$0,$0,$-893,$0,$0,$0,$0,$0,$-44,$-22,$-66,$-423,$0,$-44
7,2016-12-31,37.17,$22.17,1.68,$8.12,4.58,$-2.13,0.0,$-2.32,0.0,$1.96B,$1.48B,1.32,$7.01B,$9.60B,0.73,$3.49B,$3.49B,100.00%,$3.49B,$-1.38B,-39.42%,$3.49B,$-1.38B,-39.42%,$3.49B,$1.13B,32.45%,$3.49B,$-1.77B,-50.76%,$3.49B,$-1.00B,-28.59%,$-1.00B,$9.60B,-10.18%,$-1.00B,$9.60B,-10.18%,$-1.00B,$21.01B,-4.46%,$-1.38B,$16.61B,-7.88%,$1010,$0,$1010,$548,$368,$1452,$-442,$-99,$-541,$-301,$-240,$-240,$-252,$208,$-442,$430,430,$-0.59,$-0.59,$1180,$0,$160,$1955,$18548,$0,$0,$508,$19056,$21011,$1478,$7011,$1103,$9933,$11411,$5,$3556,$-31,$9600,$21011,$-985,$2509,$287,$2796,$-164,$0,$-111,$-153,$-460,$1351,$-1541,$0,$1241,$0,$0,$0,$-131,$-431,$-833,$0,$-833,$299,$299,$-172,$-62,$-768,$152,$77,$-172
8,2016-09-30,34.81,$22.74,1.53,$7.91,4.4,$-3.97,0.0,$-6.46,0.0,$2.78B,$1.53B,1.82,$7.85B,$9.85B,0.8,$3.34B,$3.34B,100.00%,$3.34B,$-2.64B,-79.16%,$3.34B,$-2.64B,-79.16%,$3.34B,$0.77B,23.14%,$3.34B,$-2.86B,-85.51%,$3.34B,$-2.77B,-83.02%,$-2.77B,$9.85B,-27.74%,$-2.77B,$9.85B,-27.74%,$-2.77B,$22.47B,-11.98%,$-2.64B,$17.70B,-14.78%,$910,$0,$910,$125,$377,$1160,$-250,$-30,$-280,$-137,$-143,$-143,$-144,$370,$-250,$430,430,$-0.33,$-0.33,$1819,$0,$472,$2777,$19105,$0,$0,$587,$19692,$22469,$1528,$7854,$1139,$11096,$12624,$5,$3851,$-32,$9845,$22469,$-745,$1859,$111,$1970,$6,$0,$-124,$-135,$-171,$1054,$-1164,$0,$786,$-8,$0,$-8,$0,$-386,$17,$0,$17,$299,$299,$-129,$-64,$123,$791,$61,$-129
9,2016-06-30,34.83,$22.43,1.55,$7.74,4.5,$-6.18,0.0,$-6.80,0.0,$2.19B,$1.38B,1.59,$7.87B,$9.71B,0.81,$3.25B,$3.25B,100.00%,$3.25B,$-2.86B,-88.06%,$3.25B,$-2.86B,-88.06%,$3.25B,$0.48B,14.62%,$3.25B,$-2.84B,-87.26%,$3.25B,$-2.91B,-89.63%,$-2.91B,$9.71B,-27.35%,$-2.91B,$9.71B,-27.97%,$-2.91B,$22.52B,-12.12%,$-2.86B,$17.58B,-15.39%,$847,$0,$847,$89,$387,$1109,$-262,$-236,$-498,$-183,$-315,$-315,$-315,$360,$-262,$430,430,$-0.73,$-0.73,$1300,$0,$413,$2189,$19734,$0,$0,$593,$20327,$22516,$1375,$7868,$1173,$11428,$12803,$5,$4038,$-32,$9713,$22516,$-602,$1239,$184,$1423,$-6,$0,$-232,$-92,$-381,$440,$-812,$0,$767,$-6,$0,$-6,$0,$-51,$17,$0,$17,$0,$0,$-86,$-48,$-117,$272,$40,$-86
10,2016-03-31,30.41,$23.21,1.31,$7.68,3.96,$-7.72,0.0,$-6.35,0.0,$2.09B,$1.61B,1.3,$7.88B,$10.05B,0.78,$3.14B,$3.14B,100.00%,$3.14B,$-2.76B,-87.90%,$3.14B,$-2.76B,-87.90%,$3.14B,$0.41B,12.90%,$3.14B,$-2.63B,-83.76%,$3.14B,$-2.71B,-86.18%,$-2.71B,$10.05B,-24.55%,$-2.71B,$10.05B,-25.46%,$-2.71B,$23.41B,-11.24%,$-2.76B,$17.93B,-14.90%,$724,$0,$724,$163,$367,$1146,$-422,$-31,$-453,$-166,$-287,$-287,$-287,$195,$-422,$429,429,$-0.67,$-0.67,$953,$0,$608,$2092,$20707,$0,$0,$614,$21321,$23413,$1606,$7882,$1233,$11755,$13361,$5,$4398,$-33,$10052,$23413,$-287,$617,$57,$674,$-38,$0,$-24,$-58,$-136,$251,$-496,$0,$232,$0,$0,$0,$0,$-264,$17,$0,$17,$0,$0,$-41,$-38,$-62,$-75,$0,$-41
11,2015-12-31,31.78,$24.00,1.32,$8.07,3.94,$-8.69,0.0,$-5.74,0.0,$2.28B,$1.81B,1.26,$7.98B,$10.37B,0.77,$3.18B,$3.18B,100.00%,$3.18B,$-2.47B,-77.66%,$3.18B,$-2.47B,-77.66%,$3.18B,$0.53B,16.65%,$3.18B,$-2.22B,-69.71%,$3.18B,$-2.44B,-76.69%,$-2.44B,$10.37B,-21.51%,$-2.44B,$10.37B,-22.60%,$-2.44B,$24.20B,-10.16%,$-2.47B,$18.35B,-13.43%,$859,$0,$859,$179,$366,$2569,$-1710,$85,$-1625,$402,$-2027,$-2027,$-2027,$-152,$-1710,$402,402,$-5.06,$-5.06,$1028,$0,$798,$2276,$21300,$0,$0,$620,$21920,$24196,$1805,$7976,$1219,$12021,$13826,$5,$4726,$-33,$10370,$24196,$-2441,$3002,$1630,$4632,$453,$0,$-364,$-124,$-129,$2062,$-2979,$0,$151,$0,$0,$0,$-43,$-2871,$-82,$0,$-82,$1112,$1112,$-291,$-85,$654,$-155,$86,$-291
12,2015-09-30,28.98,$28.89,1.0,$8.88,3.26,$-10.13,0.0,$0.04,724.51,$2.53B,$2.09B,1.21,$8.03B,$12.45B,0.65,$3.41B,$3.41B,100.00%,$3.41B,$-1.01B,-29.55%,$3.41B,$-1.01B,-29.55%,$3.41B,$0.94B,27.64%,$3.41B,$0.03B,0.88%,$3.41B,$-0.01B,-0.32%,$-0.01B,$12.45B,-0.10%,$-0.01B,$11.51B,-0.10%,$-0.01B,$25.97B,-0.05%,$-1.01B,$20.48B,-5.62%,$819,$0,$819,$203,$356,$1286,$-467,$208,$-259,$24,$-283,$-283,$-283,$72,$-467,$420,420,$-0.67,$-0.67,$1028,$0,$931,$2530,$21749,$0,$945,$741,$23435,$25965,$2092,$8033,$1104,$11423,$13515,$5,$6831,$-37,$12450,$25965,$-413,$1444,$529,$1973,$370,$0,$-248,$-78,$-74,$1486,$-2519,$0,$151,$-86,$0,$-86,$61,$-2393,$-135,$0,$-135,$1112,$1112,$-214,$-11,$752,$-155,$69,$-214
13,2015-06-30,40.78,$28.74,1.42,$10.39,3.92,$-10.07,0.0,$1.83,22.28,$2.53B,$2.06B,1.23,$6.11B,$11.21B,0.55,$3.86B,$3.86B,100.00%,$3.86B,$-0.31B,-8.04%,$3.86B,$-0.31B,-8.04%,$3.86B,$1.56B,40.44%,$3.86B,$0.87B,22.42%,$3.86B,$0.69B,17.91%,$0.69B,$11.21B,6.45%,$0.69B,$10.59B,6.85%,$0.69B,$22.69B,3.08%,$-0.31B,$17.32B,-1.86%,$738,$0,$738,$41,$322,$899,$-161,$-132,$-293,$-184,$-109,$-109,$-109,$290,$-161,$387,387,$-0.28,$-0.28,$1278,$0,$700,$2532,$18823,$0,$616,$714,$20153,$22685,$2056,$6112,$1030,$9420,$11476,$4,$7193,$-83,$11209,$22685,$-131,$905,$158,$1063,$304,$0,$-167,$-40,$34,$966,$-1898,$0,$151,$-65,$0,$-65,$0,$-1812,$-29,$0,$-29,$1112,$1112,$-134,$-8,$941,$95,$38,$-134
14,2015-03-31,46.55,$29.12,1.6,$12.26,3.8,$-9.20,0.0,$2.63,17.7,$3.40B,$2.14B,1.59,$6.11B,$11.36B,0.54,$4.50B,$4.50B,100.00%,$4.50B,$0.38B,8.44%,$4.50B,$0.38B,8.44%,$4.50B,$2.21B,49.10%,$4.50B,$1.39B,30.89%,$4.50B,$0.99B,22.03%,$0.99B,$11.36B,9.64%,$0.99B,$10.74B,10.25%,$0.99B,$23.26B,4.53%,$0.38B,$17.47B,2.37%,$767,$0,$767,$65,$348,$901,$-134,$92,$-42,$-20,$-22,$-22,$-22,$320,$-134,$370,370,$-0.06,$-0.06,$1709,$0,$920,$3398,$18462,$0,$617,$784,$19863,$23261,$2143,$6113,$1157,$9761,$11904,$4,$7372,$-97,$11357,$23261,$-22,$454,$91,$545,$107,$0,$-71,$-21,$18,$541,$-1111,$0,$119,$-44,$0,$-44,$0,$-1036,$-19,$0,$-19,$1112,$1112,$-64,$-8,$1021,$526,$21,$-64
15,2014-12-31,44.98,$28.37,1.59,$13.97,3.22,$-8.29,0.0,$3.24,13.88,$3.08B,$2.52B,1.22,$6.07B,$10.33B,0.59,$5.12B,$5.12B,100.00%,$5.12B,$0.92B,17.95%,$5.12B,$0.92B,17.95%,$5.12B,$2.72B,53.18%,$5.12B,$1.71B,33.43%,$5.12B,$1.21B,23.73%,$1.21B,$10.33B,12.39%,$1.21B,$9.71B,13.23%,$1.21B,$22.52B,5.75%,$0.92B,$16.39B,6.03%,$1084,$0,$1084,$148,$360,$1329,$-245,$869,$624,$221,$403,$403,$403,$260,$-245,$361,367,$1.11,$1.08,$1183,$0,$1035,$3075,$18143,$0,$620,$680,$19443,$22518,$2522,$6068,$1087,$9671,$12193,$4,$7458,$-90,$10325,$22518,$1214,$1802,$78,$1880,$29,$0,$318,$47,$412,$3506,$-4871,$0,$321,$85,$0,$85,$0,$-4465,$1223,$0,$1223,$0,$0,$-249,$51,$1025,$66,$87,$-249
16,2014-09-30,64.63,$27.30,2.37,$14.68,4.4,$-7.35,0.0,$2.56,25.25,$2.27B,$2.23B,1.02,$5.50B,$9.94B,0.55,$5.36B,$5.36B,100.00%,$5.36B,$1.51B,28.17%,$5.36B,$1.51B,28.17%,$5.36B,$3.26B,60.80%,$5.36B,$1.32B,24.53%,$5.36B,$0.95B,17.65%,$0.95B,$9.94B,9.95%,$0.95B,$9.32B,10.64%,$0.95B,$21.19B,4.64%,$1.51B,$15.44B,10.37%,$1269,$0,$1269,$217,$348,$1039,$230,$346,$576,$157,$419,$419,$419,$690,$230,$362,367,$1.16,$1.12,$1169,$0,$361,$2270,$17758,$0,$620,$538,$18916,$21186,$2232,$5498,$1054,$9016,$11248,$4,$7122,$-107,$9938,$21186,$811,$1297,$309,$1606,$166,$0,$103,$-4,$286,$2703,$-3585,$0,$312,$98,$0,$98,$0,$-3175,$658,$0,$658,$30,$30,$-182,$18,$524,$52,$67,$-182
17,2014-06-30,73.04,$26.25,2.78,$15.06,4.85,$-7.34,0.0,$2.00,36.52,$2.27B,$2.24B,1.02,$5.16B,$9.55B,0.54,$5.49B,$5.49B,100.00%,$5.49B,$1.80B,32.87%,$5.49B,$1.80B,32.87%,$5.49B,$3.50B,63.88%,$5.49B,$1.05B,19.14%,$5.49B,$0.73B,13.35%,$0.73B,$9.55B,7.88%,$0.73B,$8.93B,8.45%,$0.73B,$20.58B,3.69%,$1.80B,$14.71B,12.82%,$1383,$0,$1383,$59,$371,$854,$529,$-296,$233,$41,$192,$192,$192,$941,$529,$361,366,$0.53,$0.52,$958,$0,$312,$2274,$16976,$0,$621,$704,$18301,$20575,$2235,$5160,$1143,$8786,$11021,$4,$6769,$-111,$9554,$20575,$392,$837,$423,$1260,$55,$0,$126,$10,$105,$1757,$-2321,$0,$146,$-40,$0,$-40,$0,$-2215,$372,$0,$372,$26,$26,$-116,$17,$299,$-159,$45,$-116
18,2014-03-31,66.82,$25.79,2.59,$14.44,4.63,$-7.69,0.0,$2.52,26.51,$2.76B,$2.20B,1.26,$5.01B,$9.36B,0.54,$5.25B,$5.25B,100.00%,$5.25B,$1.64B,31.14%,$5.25B,$1.64B,31.14%,$5.25B,$3.29B,62.71%,$5.25B,$1.30B,24.81%,$5.25B,$0.92B,17.46%,$0.92B,$9.36B,10.05%,$0.92B,$8.74B,10.80%,$0.92B,$20.19B,4.78%,$1.64B,$14.37B,12.12%,$1379,$0,$1379,$74,$369,$975,$404,$-127,$277,$77,$200,$200,$200,$829,$404,$360,365,$0.56,$0.55,$1354,$0,$545,$2764,$16117,$0,$621,$690,$17428,$20192,$2199,$5011,$1172,$8632,$10831,$4,$6643,$-114,$9361,$20192,$200,$425,$186,$611,$28,$0,$57,$-14,$118,$929,$-1158,$0,$92,$-12,$0,$-12,$0,$-1078,$435,$0,$435,$-5,$-5,$-50,$6,$386,$237,$23,$-50
19,2013-12-31,63.92,$25.37,2.52,$13.82,4.62,$-7.34,0.0,$2.70,23.67,$2.61B,$2.34B,1.12,$4.57B,$9.18B,0.5,$5.02B,$5.02B,100.00%,$5.02B,$1.66B,33.02%,$5.02B,$1.66B,33.02%,$5.02B,$3.26B,64.93%,$5.02B,$1.34B,26.80%,$5.02B,$0.98B,19.50%,$0.98B,$9.18B,10.98%,$0.98B,$8.56B,11.81%,$0.98B,$19.64B,5.27%,$1.66B,$13.75B,12.78%,$1329,$0,$1329,$204,$334,$982,$347,$-118,$229,$107,$122,$122,$135,$799,$347,$359,363,$0.37,$0.37,$1117,$0,$547,$2611,$15725,$0,$627,$679,$17031,$19642,$2342,$4566,$1109,$8116,$10458,$4,$6493,$-117,$9184,$19642,$978,$1600,$650,$2250,$-239,$0,$-87,$82,$-291,$2937,$-3947,$0,$327,$-48,$0,$-48,$-7,$-3675,$609,$0,$609,$37,$37,$-198,$20,$468,$-270,$80,$-198
20,2013-09-30,62.77,$25.11,2.5,$13.41,4.68,$-6.55,0.0,$3.03,20.75,$2.24B,$2.28B,0.98,$4.35B,$9.06B,0.48,$4.85B,$4.85B,100.00%,$4.85B,$1.67B,34.45%,$4.85B,$1.67B,34.45%,$4.85B,$3.20B,66.01%,$4.85B,$1.47B,30.32%,$4.85B,$1.09B,22.55%,$1.09B,$9.06B,12.61%,$1.09B,$8.43B,13.60%,$1.09B,$18.87B,6.07%,$1.67B,$13.42B,13.35%,$1394,$0,$1394,$60,$330,$871,$523,$-212,$311,$116,$195,$195,$205,$935,$523,$359,363,$0.57,$0.56,$938,$0,$328,$2239,$15357,$0,$631,$641,$16629,$18868,$2282,$4352,$865,$7522,$9804,$4,$6410,$-103,$9064,$18868,$843,$1148,$363,$1511,$-260,$0,$63,$44,$-201,$2153,$-3021,$0,$119,$-30,$0,$-30,$-5,$-2937,$441,$0,$441,$25,$25,$-146,$15,$335,$-449,$59,$-146
21,2013-06-30,56.12,$24.58,2.28,$12.37,4.54,$-5.60,0.0,$3.08,18.22,$1.91B,$2.49B,0.77,$3.55B,$8.88B,0.4,$4.46B,$4.46B,100.00%,$4.46B,$1.60B,35.81%,$4.46B,$1.60B,35.81%,$4.46B,$3.09B,69.16%,$4.46B,$1.44B,32.16%,$4.46B,$1.11B,24.88%,$1.11B,$8.88B,13.19%,$1.11B,$8.24B,14.27%,$1.11B,$18.00B,6.33%,$1.60B,$12.42B,13.20%,$1149,$0,$1149,$90,$314,$788,$361,$125,$486,$128,$358,$358,$377,$730,$361,$359,363,$1.05,$1.04,$706,$0,$358,$1911,$14753,$0,$631,$703,$16087,$17998,$2493,$3547,$814,$6630,$9123,$4,$6256,$-106,$8875,$17998,$639,$736,$37,$773,$-193,$0,$131,$-25,$-168,$1244,$-1929,$0,$114,$-23,$0,$-23,$3,$-1835,$-23,$0,$-23,$17,$17,$-96,$12,$-90,$-681,$38,$-96
22,2013-03-31,53.91,$23.65,2.28,$11.88,4.54,$-5.52,0.0,$2.83,19.05,$2.45B,$2.37B,1.03,$3.72B,$8.51B,0.44,$4.28B,$4.28B,100.00%,$4.28B,$1.38B,32.14%,$4.28B,$1.38B,32.14%,$4.28B,$2.83B,66.22%,$4.28B,$1.34B,31.30%,$4.28B,$1.03B,23.96%,$1.03B,$8.51B,12.58%,$1.03B,$7.88B,13.67%,$1.03B,$17.71B,5.93%,$1.38B,$12.24B,11.49%,$1143,$0,$1143,$61,$299,$718,$425,$-107,$318,$86,$232,$232,$261,$792,$425,$358,362,$0.73,$0.72,$1305,$0,$370,$2451,$13995,$0,$632,$632,$15259,$17710,$2374,$3723,$850,$6822,$9196,$2,$5930,$-109,$8514,$17710,$261,$367,$86,$453,$-56,$0,$82,$-35,$-9,$705,$-806,$0,$76,$-20,$0,$-20,$2,$-748,$-12,$0,$-12,$8,$8,$-44,$9,$-39,$-82,$18,$-44
23,2012-12-31,47.32,$23.00,2.06,$11.74,4.03,$-6.01,0.0,$2.84,16.69,$2.77B,$2.53B,1.09,$3.74B,$8.26B,0.45,$4.22B,$4.22B,100.00%,$4.22B,$1.41B,33.44%,$4.22B,$1.41B,33.44%,$4.22B,$2.82B,66.66%,$4.22B,$1.36B,32.11%,$4.22B,$1.03B,24.32%,$1.03B,$8.26B,13.00%,$1.03B,$7.62B,14.19%,$1.03B,$17.55B,6.00%,$1.41B,$11.99B,11.95%,$1165,$0,$1165,$87,$282,$803,$362,$-6,$356,$79,$277,$277,$251,$745,$362,$356,359,$0.71,$0.73,$1387,$0,$420,$2771,$13551,$0,$635,$597,$14783,$17554,$2532,$3736,$810,$6764,$9296,$4,$5713,$-113,$8258,$17554,$1027,$1403,$369,$1772,$-130,$0,$237,$-37,$134,$2933,$-3650,$0,$1160,$-41,$0,$-41,$4,$-2527,$-373,$0,$-373,$43,$43,$-164,$20,$-474,$-68,$65,$-164
24,2012-09-30,43.01,$22.37,1.92,$10.69,4.02,$-5.20,0.0,$1.31,32.96,$2.73B,$2.26B,1.21,$3.75B,$8.01B,0.47,$3.84B,$3.84B,100.00%,$3.84B,$0.64B,16.58%,$3.84B,$0.64B,16.58%,$3.84B,$1.94B,50.52%,$3.84B,$0.41B,10.67%,$3.84B,$0.48B,12.49%,$0.48B,$8.01B,6.27%,$0.48B,$7.37B,6.88%,$0.48B,$16.86B,2.85%,$0.64B,$11.76B,5.47%,$1005,$0,$1005,$95,$251,$555,$450,$-175,$275,$111,$164,$164,$221,$819,$450,$356,359,$0.62,$0.61,$1617,$0,$422,$2725,$12875,$0,$635,$625,$14135,$16860,$2257,$3747,$691,$6595,$8852,$2,$5507,$-94,$8008,$16860,$776,$1020,$233,$1253,$68,$0,$122,$-99,$142,$2171,$-2685,$0,$1161,$-35,$0,$-35,$0,$-1559,$-360,$0,$-360,$15,$15,$-119,$14,$-450,$162,$51,$-119
25,2012-06-30,39.25,$21.80,1.8,$10.33,3.8,$-4.00,0.0,$1.89,20.82,$2.22B,$2.34B,0.95,$4.07B,$7.81B,0.52,$3.72B,$3.72B,100.00%,$3.72B,$0.56B,15.12%,$3.72B,$0.56B,15.12%,$3.72B,$1.72B,46.34%,$3.72B,$0.83B,22.44%,$3.72B,$0.70B,18.84%,$0.70B,$7.81B,9.28%,$0.70B,$7.11B,10.22%,$0.70B,$16.98B,4.22%,$0.56B,$11.88B,4.89%,$965,$0,$965,$167,$264,$827,$138,$252,$390,$115,$275,$275,$292,$477,$138,$356,361,$0.82,$0.79,$702,$0,$692,$2218,$13425,$0,$696,$642,$14763,$16981,$2339,$4074,$683,$6837,$9176,$2,$5327,$-97,$7805,$16981,$556,$651,$104,$755,$-58,$0,$84,$-77,$-64,$1247,$-1900,$0,$10,$-35,$0,$-35,$0,$-1925,$-22,$0,$-22,$13,$13,$-79,$13,$-75,$-753,$33,$-79
26,2012-03-31,45.14,$21.04,2.15,$10.01,4.51,$-2.28,0.0,$1.90,23.76,$2.39B,$2.41B,0.99,$4.09B,$7.53B,0.54,$3.59B,$3.59B,100.00%,$3.59B,$0.65B,18.06%,$3.59B,$0.65B,18.06%,$3.59B,$1.71B,47.45%,$3.59B,$0.80B,22.27%,$3.59B,$0.70B,19.54%,$0.70B,$7.53B,9.51%,$0.70B,$6.84B,10.50%,$0.70B,$17.06B,4.41%,$0.65B,$11.62B,5.90%,$1088,$0,$1088,$60,$260,$626,$462,$-127,$335,$86,$249,$249,$263,$774,$462,$354,360,$0.74,$0.74,$1143,$0,$330,$2392,$13384,$0,$696,$592,$14672,$17064,$2408,$4088,$819,$7123,$9531,$659,$5074,$-98,$7533,$17064,$263,$312,$107,$419,$-135,$0,$190,$4,$59,$741,$-1018,$0,$0,$-14,$0,$-14,$0,$-1032,$-8,$0,$-8,$14,$14,$-39,$12,$-21,$-312,$16,$-39
27,2011-12-31,43.48,$20.41,2.13,$9.51,4.57,$-1.77,0.0,$1.21,36.09,$2.42B,$2.27B,1.07,$4.10B,$7.27B,0.56,$3.40B,$3.40B,100.00%,$3.40B,$0.53B,15.69%,$3.40B,$0.53B,15.69%,$3.40B,$1.50B,44.04%,$3.40B,$0.50B,14.75%,$3.40B,$0.45B,13.31%,$0.45B,$7.27B,6.27%,$0.45B,$6.57B,6.94%,$0.45B,$16.44B,2.99%,$0.53B,$11.37B,5.08%,$784,$0,$784,$84,$222,$1197,$-413,$-177,$-590,$-228,$-362,$-362,$-296,$-129,$-413,$353,357,$-0.84,$-0.77,$1455,$0,$180,$2418,$12782,$0,$696,$548,$14026,$16444,$2268,$4100,$752,$6911,$9179,$656,$4850,$-100,$7265,$16444,$453,$965,$908,$1873,$-249,$0,$3,$53,$-156,$2170,$-2594,$0,$77,$-69,$0,$-69,$-527,$-3113,$1475,$0,$1475,$21,$21,$-143,$-36,$1317,$374,$58,$-143
28,2011-09-30,32.54,$21.42,1.52,$8.66,3.76,$-0.41,0.0,$2.19,14.89,$2.08B,$1.96B,1.06,$3.51B,$7.58B,0.46,$3.09B,$3.09B,100.00%,$3.09B,$0.98B,31.51%,$3.09B,$0.98B,31.51%,$3.09B,$1.88B,60.67%,$3.09B,$0.98B,31.64%,$3.09B,$0.80B,25.89%,$0.80B,$7.58B,11.26%,$0.80B,$6.89B,12.48%,$0.80B,$15.83B,5.58%,$0.98B,$11.09B,9.79%,$879,$0,$879,$56,$231,$504,$375,$324,$699,$208,$491,$491,$441,$600,$375,$354,360,$1.25,$1.20,$1252,$0,$279,$2077,$12512,$0,$696,$548,$13756,$15833,$1958,$3507,$551,$6293,$8251,$655,$5185,$-85,$7582,$15833,$749,$681,$252,$933,$-7,$0,$131,$-73,$103,$1785,$-1868,$0,$77,$-73,$0,$-73,$-519,$-2383,$886,$0,$886,$16,$16,$-104,$-29,$769,$171,$0,$-104
29,2011-06-30,41.09,$20.22,2.03,$8.35,4.92,$0.17,235.07,$1.65,24.98,$2.31B,$1.50B,1.54,$2.80B,$7.16B,0.39,$2.97B,$2.97B,100.00%,$2.97B,$0.89B,30.07%,$2.97B,$0.89B,30.07%,$2.97B,$1.80B,60.64%,$2.97B,$0.58B,19.46%,$2.97B,$0.59B,19.93%,$0.59B,$7.16B,8.57%,$0.59B,$6.46B,9.53%,$0.59B,$14.34B,4.33%,$0.89B,$9.96B,9.48%,$842,$0,$842,$67,$219,$617,$225,$131,$356,$87,$269,$269,$294,$460,$225,$352,358,$0.83,$0.81,$1527,$0,$215,$2313,$10868,$0,$696,$462,$12026,$14339,$1502,$2797,$694,$5679,$7181,$654,$4784,$-86,$7158,$14339,$308,$456,$402,$858,$-32,$0,$188,$-31,$63,$1229,$-1261,$0,$77,$0,$0,$0,$0,$-1184,$486,$0,$486,$10,$10,$-64,$-31,$401,$446,$0,$-64
30,2011-03-31,44.22,$19.42,2.28,$8.11,5.45,$0.44,100.86,$1.39,31.81,$2.19B,$1.30B,1.69,$2.80B,$6.88B,0.41,$2.88B,$2.88B,100.00%,$2.88B,$0.90B,31.19%,$2.88B,$0.90B,31.19%,$2.88B,$1.79B,62.04%,$2.88B,$0.54B,18.83%,$2.88B,$0.50B,17.44%,$0.50B,$6.88B,7.44%,$0.50B,$6.18B,8.31%,$0.50B,$13.97B,3.76%,$0.90B,$9.68B,9.75%,$899,$0,$899,$70,$225,$552,$347,$-310,$37,$23,$14,$14,$14,$568,$347,$352,356,$0.04,$0.04,$1419,$0,$207,$2191,$10561,$0,$696,$519,$11776,$13967,$1300,$2801,$815,$5791,$7091,$654,$4522,$-87,$6876,$13967,$14,$221,$349,$570,$-9,$0,$28,$-48,$-100,$484,$-578,$0,$3,$0,$0,$0,$0,$-575,$486,$0,$486,$7,$7,$-32,$-32,$429,$338,$0,$-32
31,2010-12-31,39.3,$19.45,2.02,$7.65,5.14,$1.28,30.67,$2.02,19.46,$1.84B,$1.42B,1.29,$2.27B,$6.85B,0.33,$2.71B,$2.71B,100.00%,$2.71B,$0.77B,28.35%,$2.71B,$0.77B,28.35%,$2.71B,$1.65B,60.89%,$2.71B,$0.85B,31.26%,$2.71B,$0.73B,26.72%,$0.73B,$6.85B,10.93%,$0.73B,$6.15B,12.28%,$0.73B,$13.28B,5.59%,$0.77B,$9.12B,8.56%,$474,$0,$474,$75,$164,$446,$28,$-141,$-113,$-71,$-42,$-42,$52,$249,$28,$350,354,$0.15,$0.18,$1081,$0,$201,$1838,$10264,$0,$696,$484,$11444,$13282,$1422,$2272,$630,$5012,$6434,$651,$4540,$-104,$6848,$13282,$725,$883,$180,$1063,$-86,$0,$234,$-21,$158,$1946,$-1885,$0,$564,$0,$0,$0,$-458,$-1779,$-32,$0,$-32,$34,$34,$-127,$25,$-100,$67,$54,$-127
32,2010-09-30,34.21,$19.14,1.79,$8.51,4.02,$1.80,18.98,$1.90,18.01,$2.00B,$1.42B,1.41,$2.19B,$6.74B,0.33,$3.00B,$3.00B,100.00%,$3.00B,$0.86B,28.58%,$3.00B,$0.86B,28.58%,$3.00B,$1.73B,57.82%,$3.00B,$1.05B,34.88%,$3.00B,$0.68B,22.67%,$0.68B,$6.74B,10.53%,$0.68B,$6.04B,11.90%,$0.68B,$13.09B,5.40%,$0.86B,$8.93B,9.79%,$755,$0,$755,$35,$206,$462,$293,$5,$298,$66,$232,$232,$232,$524,$293,$350,354,$0.67,$0.66,$1149,$0,$322,$2003,$9911,$0,$696,$479,$11086,$13089,$1417,$2194,$554,$4935,$6352,$650,$4520,$-155,$6737,$13089,$673,$662,$-17,$645,$-63,$0,$214,$-37,$134,$1452,$-1326,$0,$552,$0,$0,$0,$-458,$-1232,$-32,$0,$-32,$23,$23,$-95,$19,$-85,$135,$0,$-95
33,2010-06-30,27.42,$18.58,1.48,$8.15,3.36,$1.37,19.97,$1.55,17.69,$2.19B,$1.22B,1.8,$2.58B,$6.54B,0.4,$2.87B,$2.87B,100.00%,$2.87B,$0.74B,25.65%,$2.87B,$0.74B,25.65%,$2.87B,$1.59B,55.36%,$2.87B,$0.86B,30.12%,$2.87B,$0.56B,19.37%,$0.56B,$6.54B,8.79%,$0.56B,$5.78B,9.99%,$0.56B,$13.01B,4.54%,$0.74B,$9.13B,8.55%,$751,$0,$751,$52,$213,$521,$230,$90,$320,$116,$204,$204,$204,$445,$230,$350,356,$0.59,$0.55,$1017,$0,$632,$2187,$9566,$0,$757,$503,$10826,$13013,$1215,$2584,$511,$5257,$6472,$649,$4320,$-128,$6541,$13013,$441,$431,$-49,$382,$-73,$0,$102,$-26,$21,$844,$-782,$0,$0,$0,$0,$0,$-466,$-1248,$438,$0,$438,$16,$16,$-63,$16,$407,$3,$0,$-63
34,2010-03-31,33.09,$18.17,1.82,$7.46,4.44,$0.39,84.42,$0.84,39.63,$1.60B,$1.01B,1.59,$2.37B,$6.40B,0.37,$2.61B,$2.61B,100.00%,$2.61B,$0.58B,22.30%,$2.61B,$0.58B,22.30%,$2.61B,$1.41B,54.24%,$2.61B,$0.45B,17.39%,$2.61B,$0.29B,11.29%,$0.29B,$6.40B,4.75%,$0.29B,$5.64B,5.41%,$0.29B,$12.45B,2.46%,$0.58B,$8.76B,6.89%,$733,$0,$733,$80,$205,$515,$218,$125,$343,$106,$237,$237,$237,$434,$218,$348,354,$0.68,$0.67,$1031,$0,$186,$1597,$9596,$0,$757,$502,$10855,$12452,$1005,$2366,$582,$5052,$6057,$649,$4147,$-78,$6395,$12452,$237,$216,$-73,$143,$85,$0,$27,$38,$208,$588,$-383,$0,$0,$0,$0,$0,$-466,$-849,$288,$0,$288,$9,$9,$-32,$13,$278,$17,$0,$-32
35,2009-12-31,32.21,$17.59,1.83,$6.66,4.83,$-0.81,0.0,$-0.38,0.0,$1.68B,$0.99B,1.7,$2.04B,$6.16B,0.33,$2.31B,$2.31B,100.00%,$2.31B,$-0.06B,-2.51%,$2.31B,$-0.06B,-2.51%,$2.31B,$0.76B,32.77%,$2.31B,$-0.26B,-11.41%,$2.31B,$-0.13B,-5.66%,$-0.13B,$6.16B,-2.14%,$-0.13B,$5.40B,-2.44%,$-0.13B,$11.81B,-1.11%,$-0.06B,$8.19B,-0.69%,$760,$0,$760,$42,$200,$644,$116,$-31,$85,$78,$7,$7,$7,$331,$116,$346,346,$0.03,$0.03,$1014,$0,$199,$1678,$8916,$0,$758,$455,$10129,$11807,$990,$2037,$547,$4660,$5650,$645,$3942,$-75,$6157,$11807,$-131,$816,$970,$1786,$-28,$0,$-19,$-100,$-147,$1508,$-1268,$0,$3,$0,$0,$0,$0,$-1265,$-235,$0,$-235,$16,$16,$-126,$-24,$-369,$-126,$49,$-126
36,2009-09-30,29.75,$17.70,1.68,$6.10,4.88,$-0.24,0.0,$0.46,65.38,$1.50B,$0.85B,1.77,$2.16B,$6.16B,0.35,$2.13B,$2.13B,100.00%,$2.13B,$-1.22B,-57.57%,$2.13B,$-1.22B,-57.57%,$2.13B,$-0.43B,-19.99%,$2.13B,$0.14B,6.59%,$2.13B,$0.17B,7.86%,$0.17B,$6.16B,2.71%,$0.17B,$5.40B,3.09%,$0.17B,$11.64B,1.39%,$-1.22B,$8.32B,-14.47%,$621,$0,$621,$27,$184,$450,$171,$-56,$115,$8,$107,$107,$107,$376,$171,$346,350,$0.31,$0.31,$926,$0,$226,$1500,$8896,$0,$758,$481,$10135,$11635,$846,$2161,$565,$4631,$5477,$645,$3966,$-82,$6158,$11635,$-139,$601,$513,$1114,$92,$0,$-65,$-16,$11,$986,$-1012,$0,$0,$0,$0,$0,$0,$-1012,$-111,$0,$-111,$14,$14,$-94,$3,$-188,$-214,$0,$-94
37,2009-06-30,26.52,$17.41,1.52,$7.44,3.56,$0.25,104.35,$2.84,9.35,$1.74B,$0.89B,1.95,$2.42B,$6.06B,0.4,$2.60B,$2.60B,100.00%,$2.60B,$0.06B,2.42%,$2.60B,$0.06B,2.42%,$2.60B,$0.85B,32.69%,$2.60B,$1.48B,56.82%,$2.60B,$1.03B,39.72%,$1.03B,$6.06B,16.88%,$1.03B,$5.30B,19.27%,$1.03B,$11.85B,8.55%,$0.06B,$8.48B,0.75%,$491,$0,$491,$33,$189,$415,$76,$-166,$-90,$-33,$-57,$-57,$-57,$272,$76,$346,346,$-0.17,$-0.17,$956,$0,$331,$1737,$8881,$0,$758,$475,$10114,$11851,$890,$2416,$539,$4902,$5792,$645,$3891,$-91,$6059,$11851,$-245,$396,$398,$794,$7,$0,$10,$-68,$-51,$498,$-777,$0,$0,$0,$0,$0,$0,$-777,$143,$0,$143,$12,$12,$-63,$3,$95,$-184,$0,$-63
38,2009-03-31,24.15,$17.60,1.37,$9.52,2.54,$2.02,11.94,$2.58,9.36,$2.05B,$1.15B,1.78,$2.36B,$6.13B,0.39,$3.32B,$3.32B,100.00%,$3.32B,$0.66B,19.81%,$3.32B,$0.66B,19.81%,$3.32B,$1.45B,43.56%,$3.32B,$1.37B,41.33%,$3.32B,$0.95B,28.55%,$0.95B,$6.13B,16.17%,$0.95B,$5.37B,18.58%,$0.95B,$12.04B,7.81%,$0.66B,$8.48B,8.23%,$441,$0,$441,$42,$189,$862,$-421,$47,$-374,$-186,$-188,$-188,$-188,$-221,$-421,$346,346,$-0.55,$-0.55,$1017,$0,$537,$2047,$8769,$0,$757,$469,$9995,$12042,$1149,$2357,$510,$4768,$5917,$645,$3980,$-100,$6125,$12042,$-188,$200,$189,$389,$-34,$0,$-35,$53,$-16,$185,$-399,$0,$0,$0,$0,$0,$0,$-399,$109,$0,$109,$10,$10,$-31,$3,$91,$-123,$0,$-31
39,2008-12-31,21.99,$18.23,1.21,$11.18,1.97,$3.07,7.16,$3.73,5.9,$2.16B,$1.17B,1.84,$2.24B,$6.31B,0.36,$3.90B,$3.90B,100.00%,$3.90B,$1.64B,41.91%,$3.90B,$1.64B,41.91%,$3.90B,$2.43B,62.19%,$3.90B,$2.06B,52.83%,$3.90B,$1.35B,34.61%,$1.35B,$6.31B,24.17%,$1.35B,$5.55B,27.97%,$1.35B,$12.38B,11.32%,$1.64B,$8.55B,21.56%,$573,$0,$573,$35,$194,$1623,$-1050,$1539,$489,$184,$305,$305,$305,$-852,$-1050,$346,352,$0.89,$0.93,$1140,$0,$595,$2158,$9004,$0,$759,$463,$10226,$12384,$1174,$2241,$486,$4901,$6075,$641,$4199,$-110,$6309,$12384,$1350,$791,$63,$854,$121,$0,$-142,$18,$-3,$2285,$-1840,$0,$-292,$0,$0,$0,$0,$-2132,$426,$0,$426,$24,$24,$-115,$-8,$327,$480,$0,$-115
40,2008-09-30,24.74,$17.36,1.43,$12.21,2.03,$3.58,6.91,$3.73,6.63,$1.87B,$1.38B,1.36,$2.05B,$6.01B,0.34,$4.25B,$4.25B,100.00%,$4.25B,$3.13B,73.73%,$4.25B,$3.13B,73.73%,$4.25B,$3.92B,92.14%,$4.25B,$2.00B,47.07%,$4.25B,$1.35B,31.65%,$1.35B,$6.01B,25.81%,$1.35B,$5.25B,30.22%,$1.35B,$12.12B,11.65%,$3.13B,$8.06B,44.06%,$1098,$0,$1098,$39,$222,$-360,$1458,$-4,$1454,$480,$974,$974,$974,$1652,$1458,$346,352,$2.82,$2.69,$992,$0,$236,$1869,$8981,$0,$759,$507,$10247,$12116,$1376,$2051,$515,$4735,$6111,$641,$3925,$-129,$6005,$12116,$1045,$593,$238,$831,$-94,$0,$-135,$220,$-9,$1867,$-1721,$0,$0,$0,$0,$0,$0,$-1721,$200,$23,$223,$24,$24,$-84,$23,$186,$332,$0,$-84
41,2008-06-30,44.65,$14.49,3.08,$11.45,3.9,$4.05,11.03,$1.69,26.5,$2.15B,$2.21B,0.97,$1.85B,$4.99B,0.37,$3.97B,$3.97B,100.00%,$3.97B,$2.05B,51.68%,$3.97B,$2.05B,51.68%,$3.97B,$2.84B,71.50%,$3.97B,$0.89B,22.42%,$3.97B,$0.59B,14.98%,$0.59B,$4.99B,12.21%,$0.59B,$4.23B,14.48%,$0.59B,$11.94B,5.36%,$2.05B,$6.84B,30.41%,$1205,$0,$1205,$103,$216,$535,$670,$-868,$-198,$-54,$-144,$-144,$-144,$866,$670,$344,344,$-0.42,$-0.42,$983,$0,$301,$2148,$8469,$0,$759,$561,$9789,$11937,$2205,$1851,$897,$4747,$6952,$641,$2982,$-195,$4985,$11937,$71,$399,$974,$1373,$-276,$0,$64,$-78,$-290,$1154,$-823,$0,$0,$0,$0,$0,$0,$-823,$0,$0,$0,$22,$22,$-53,$23,$-8,$323,$0,$-53
42,2008-03-31,32.26,$14.58,2.21,$10.24,3.15,$3.31,9.75,$2.71,11.9,$1.78B,$1.78B,1.0,$1.85B,$5.04B,0.37,$3.55B,$3.55B,100.00%,$3.55B,$1.71B,48.06%,$3.55B,$1.71B,48.06%,$3.55B,$2.48B,69.81%,$3.55B,$1.38B,38.83%,$3.55B,$0.95B,26.65%,$0.95B,$5.04B,20.09%,$0.95B,$4.28B,23.97%,$0.95B,$11.28B,8.94%,$1.71B,$6.89B,25.79%,$1025,$0,$1025,$40,$198,$468,$557,$-241,$316,$101,$215,$215,$215,$760,$557,$344,350,$0.63,$0.60,$807,$0,$117,$1776,$8207,$0,$759,$540,$9506,$11282,$1783,$1851,$586,$4456,$6239,$639,$3158,$-274,$5043,$11282,$215,$203,$208,$411,$-137,$0,$-61,$61,$-137,$506,$-355,$0,$0,$0,$0,$0,$0,$-355,$0,$0,$0,$8,$8,$-21,$9,$-4,$147,$0,$-21
43,2007-12-31,35.18,$13.98,2.52,$9.46,3.72,$3.14,11.21,$2.72,12.93,$1.57B,$1.64B,0.96,$1.85B,$4.81B,0.39,$3.27B,$3.27B,100.00%,$3.27B,$1.50B,45.69%,$3.27B,$1.50B,45.69%,$3.27B,$2.23B,68.18%,$3.27B,$1.37B,41.81%,$3.27B,$0.94B,28.85%,$0.94B,$4.81B,21.00%,$0.94B,$4.05B,25.31%,$0.94B,$10.83B,9.26%,$1.50B,$6.66B,23.39%,$921,$0,$921,$74,$188,$473,$448,$-20,$428,$128,$300,$300,$300,$637,$448,$342,346,$0.88,$0.87,$660,$0,$184,$1569,$7945,$0,$761,$556,$9262,$10831,$1636,$1851,$551,$4386,$6022,$636,$2964,$-284,$4809,$10831,$944,$736,$270,$1006,$-22,$0,$19,$-21,$-24,$2017,$-1403,$0,$0,$0,$0,$0,$0,$-1403,$25,$0,$25,$-77,$-77,$-75,$20,$-107,$507,$0,$-75
44,2007-09-30,30.93,$13.43,2.3,$8.79,3.52,$3.86,8.02,$2.33,13.3,$1.20B,$1.23B,0.97,$1.94B,$4.62B,0.42,$3.07B,$3.07B,100.00%,$3.07B,$1.65B,53.77%,$3.07B,$1.65B,53.77%,$3.07B,$2.33B,76.15%,$3.07B,$1.19B,38.73%,$3.07B,$0.81B,26.39%,$0.81B,$4.62B,18.72%,$0.81B,$3.85B,22.78%,$0.81B,$10.25B,8.19%,$1.65B,$6.56B,26.56%,$814,$0,$814,$46,$171,$440,$374,$-31,$343,$120,$223,$223,$223,$572,$374,$342,346,$0.65,$0.64,$451,$0,$127,$1198,$7726,$0,$766,$561,$9053,$10251,$1231,$1941,$578,$4402,$5633,$635,$2685,$-177,$4618,$10251,$644,$547,$185,$732,$21,$0,$-12,$-133,$-124,$1321,$-1017,$0,$0,$2,$0,$2,$0,$-1015,$115,$0,$115,$-83,$-83,$-54,$14,$-8,$298,$0,$-54
45,2007-06-30,27.5,$12.77,2.15,$8.48,3.24,$5.23,5.26,$2.56,10.74,$1.13B,$1.16B,0.97,$1.99B,$4.39B,0.45,$2.99B,$2.99B,100.00%,$2.99B,$1.87B,62.50%,$2.99B,$1.87B,62.50%,$2.99B,$2.54B,84.73%,$2.99B,$1.39B,46.42%,$2.99B,$0.90B,30.21%,$0.90B,$4.39B,21.59%,$0.90B,$3.62B,26.49%,$0.90B,$9.99B,9.35%,$1.87B,$6.38B,31.21%,$794,$0,$794,$54,$175,$465,$329,$-36,$293,$84,$209,$209,$209,$512,$329,$342,346,$0.61,$0.61,$302,$0,$172,$1128,$7520,$0,$767,$574,$8861,$9989,$1164,$1991,$677,$4439,$5603,$634,$2483,$-192,$4386,$9989,$421,$349,$95,$444,$-22,$0,$30,$-198,$-190,$773,$-695,$0,$0,$0,$0,$0,$0,$-695,$165,$15,$180,$-86,$-86,$-33,$10,$71,$149,$0,$-33
46,2007-03-31,26.24,$12.15,2.16,$8.37,3.14,$5.91,4.44,$1.87,14.03,$1.10B,$1.32B,0.83,$1.80B,$4.17B,0.43,$2.97B,$2.97B,100.00%,$2.97B,$1.56B,52.44%,$2.97B,$1.56B,52.44%,$2.97B,$2.22B,74.72%,$2.97B,$1.05B,35.38%,$2.97B,$0.66B,22.35%,$0.66B,$4.17B,16.55%,$0.66B,$3.40B,20.71%,$0.66B,$9.70B,6.91%,$1.56B,$5.97B,26.73%,$743,$0,$743,$45,$160,$399,$344,$-40,$304,$92,$212,$212,$212,$510,$344,$342,346,$0.62,$0.61,$249,$0,$161,$1095,$7259,$0,$767,$579,$8606,$9701,$1315,$1801,$714,$4219,$5535,$634,$2294,$-211,$4167,$9701,$212,$166,$3,$169,$-51,$0,$12,$22,$-17,$422,$-332,$0,$0,$0,$0,$0,$0,$-332,$0,$100,$100,$-89,$-89,$-13,$8,$6,$96,$0,$-13
47,2006-12-31,21.56,$11.96,1.8,$8.20,2.63,$6.32,3.41,$1.89,11.41,$1.07B,$1.18B,0.9,$1.80B,$4.11B,0.44,$2.94B,$2.94B,100.00%,$2.94B,$1.62B,55.03%,$2.94B,$1.62B,55.03%,$2.94B,$2.25B,76.60%,$2.94B,$1.10B,37.28%,$2.94B,$0.68B,23.06%,$0.68B,$4.11B,17.65%,$0.68B,$3.33B,22.64%,$0.68B,$9.59B,7.08%,$1.62B,$5.92B,28.18%,$714,$0,$714,$76,$166,$113,$601,$-355,$247,$82,$165,$165,$165,$740,$601,$352,358,$0.48,$0.48,$153,$0,$228,$1069,$7171,$0,$781,$568,$8520,$9589,$1184,$1801,$731,$4291,$5475,$629,$2095,$-141,$4114,$9589,$678,$633,$385,$1018,$-32,$0,$-11,$-5,$-48,$1730,$-837,$0,$-412,$0,$151,$151,$0,$-1098,$-230,$0,$-230,$-336,$-336,$-49,$26,$-589,$43,$0,$-49
