,Date,Stock Price,Book Value per Share,Price to Book Ratio,TTM Sales per Share,Price to Sales Ratio,TTM FCF per Share,Price to FCF Ratio,TTM Net EPS,PE Ratio,Current Assets,Current Liabilities,Current Ratio,Long Term Debt,Shareholder's Equity_x,Debt to Equity Ratio,TTM Revenue_x,TTM Gross Profit,Gross Margin,TTM Revenue_y,TTM Operating Income,Operating Margin,TTM Revenue_x,TTM EBIT,EBIT Margin,TTM Revenue_y,TTM EBITDA,EBITDA Margin,TTM Revenue_x,TTM Pre-Tax Income,Pre-Tax Margin,TTM Revenue_y,TTM Net Income_x,Net Margin,TTM Net Income_y,Shareholder's Equity_y,Return on Equity,TTM Net Income_x,Tangible Equity,Return on Tangible Equity,TTM Net Income_y,Total Assets,Return on Assets,TTM Net Income,LT Investments & Debt,Return on Investment,revenue,cost-goods-sold,gross-profit,research-development-expenses,selling-general-administrative-expenses,operating-expenses,operating-income,total-non-operating-income-expense,pre-tax-income,total-provision-income-taxes,income-after-taxes,income-from-continuous-operations,net-income,ebitda,ebit,basic-shares-outstanding,shares-outstanding,eps-basic-net-earnings-per-share,eps-earnings-per-share-diluted,cash-on-hand,inventory,other-current-assets,total-current-assets,net-property-plant-equipment,long-term-investments,goodwill-intangible-assets-total,other-long-term-assets,total-long-term-assets,total-assets,total-current-liabilities,long-term-debt,other-non-current-liabilities,total-long-term-liabilities,total-liabilities,common-stock-net,retained-earnings-accumulated-deficit,comprehensive-income,total-share-holder-equity,total-liabilities-share-holders-equity,net-income-loss,total-depreciation-amortization-cash-flow,other-non-cash-items,total-non-cash-items,change-in-accounts-receivable,change-in-inventories,change-in-accounts-payable,change-in-assets-liabilities,total-change-in-assets-liabilities,cash-flow-from-operating-activities,net-change-in-property-plant-equipment,net-change-in-intangible-assets,net-acquisitions-divestitures,net-change-in-short-term-investments,net-change-in-long-term-investments,net-change-in-investments-total,investing-activities-other,cash-flow-from-investing-activities,net-long-term-debt,net-current-debt,debt-issuance-retirement-net-total,net-common-equity-issued-repurchased,net-total-equity-issued-repurchased,total-common-preferred-stock-dividends-paid,financial-activities-other,cash-flow-from-financial-activities,net-cash-flow,stock-based-compensation,common-stock-dividends-paid
0,2018-09-30,21.7,$15.85,1.37,$8.20,2.65,$2.35,9.24,$1.76,12.33,$1.09B,$1.02B,1.07,$0.04B,$0.14B,0.28,$0.07B,$0.06B,82.43%,$0.07B,$0.02B,32.43%,$0.07B,0,0.00%,$0.07B,0,0.00%,$0.07B,$0.02B,32.43%,$0.07B,$0.02B,21.62%,$0.02B,$0.14B,11.74%,$0.02B,$0.14B,12.05%,$0.02B,$1.21B,1.40%,$0.02B,$0.18B,13.64%,$20,$4,$16,$0,$10,$14,$6,$0,$6,$1,$5,$5,$5,$0,$0,$9,9,$0.50,$0.49,$206,$0,$0,$1091,$6,$87,$4,$25,$123,$1214,$1016,$40,$15,$55,$1070,$9,$59,$-1,$143,$1214,$5,$1,$-1,$-0,$0,$0,$0,$-9,$-8,$-4,$-0,$0,$0,$0,$2,$2,$-10,$-8,$-0,$0,$-0,$0,$0,$-0,$60,$60,$48,$0,$-0
1,2018-06-30,21.79,$15.49,1.41,$7.99,2.73,$2.21,9.86,$1.77,12.31,$1.03B,$0.96B,1.08,$0.04B,$0.14B,0.29,$0.07B,$0.06B,83.33%,$0.07B,$0.02B,33.33%,$0.07B,0,0.00%,$0.07B,0,0.00%,$0.07B,$0.02B,33.33%,$0.07B,$0.02B,22.22%,$0.02B,$0.14B,12.10%,$0.02B,$0.14B,12.45%,$0.02B,$1.16B,1.45%,$0.02B,$0.18B,13.87%,$20,$4,$16,$0,$10,$13,$7,$0,$7,$2,$4,$4,$4,$0,$0,$9,9,$0.48,$0.48,$157,$0,$0,$1032,$7,$89,$4,$26,$126,$1158,$955,$40,$25,$64,$1019,$9,$54,$-2,$138,$1158,$16,$3,$-6,$-3,$2,$0,$0,$4,$6,$19,$-1,$0,$0,$0,$8,$8,$-90,$-84,$-0,$0,$-0,$-1,$-1,$-0,$60,$58,$-6,$1,$-0
2,2018-03-31,20.48,$14.99,1.37,$7.95,2.58,$3.90,5.25,$1.74,11.77,$1.04B,$0.98B,1.06,$0.04B,$0.13B,0.3,$0.07B,$0.06B,85.92%,$0.07B,$0.02B,33.80%,$0.07B,0,0.00%,$0.07B,0,0.00%,$0.07B,$0.02B,33.80%,$0.07B,$0.02B,22.54%,$0.02B,$0.13B,12.45%,$0.02B,$0.13B,12.85%,$0.02B,$1.17B,1.48%,$0.02B,$0.17B,14.10%,$18,$3,$15,$0,$9,$13,$6,$0,$6,$2,$4,$4,$4,$0,$0,$9,9,$0.44,$0.43,$222,$0,$0,$1038,$7,$91,$4,$26,$128,$1166,$976,$40,$17,$56,$1032,$9,$50,$-2,$134,$1166,$12,$2,$-4,$-2,$3,$0,$0,$-5,$-2,$8,$-1,$0,$0,$0,$6,$6,$-34,$-29,$-5,$0,$-5,$0,$0,$-0,$85,$80,$59,$1,$-0
3,2017-12-31,23.12,$14.54,1.59,$7.89,2.93,$4.02,5.75,$1.70,13.6,$0.90B,$0.85B,1.07,$0.04B,$0.13B,0.3,$0.07B,$0.06B,87.14%,$0.07B,$0.02B,34.29%,$0.07B,0,0.00%,$0.07B,0,0.00%,$0.07B,$0.02B,34.29%,$0.07B,$0.02B,21.43%,$0.02B,$0.13B,12.02%,$0.02B,$0.13B,12.37%,$0.02B,$1.03B,1.43%,$0.02B,$0.17B,14.81%,$16,$3,$14,$0,$9,$12,$5,$0,$5,$1,$3,$3,$3,$0,$0,$9,9,$0.37,$0.36,$128,$0,$0,$904,$7,$94,$4,$25,$130,$1034,$849,$40,$16,$56,$904,$9,$46,$-2,$130,$1034,$8,$1,$-3,$-2,$-0,$0,$0,$-5,$-5,$1,$-1,$0,$0,$0,$4,$4,$8,$11,$-5,$0,$-5,$0,$0,$-0,$-42,$-48,$-35,$0,$-0
4,2017-09-30,26.1,$14.25,1.83,$8.01,3.26,$4.38,5.96,$1.69,15.45,$0.92B,$0.86B,1.06,$0.05B,$0.13B,0.35,$0.07B,$0.06B,87.32%,$0.07B,$0.02B,33.80%,$0.07B,0,0.00%,$0.07B,0,0.00%,$0.07B,$0.02B,33.80%,$0.07B,$0.02B,21.13%,$0.02B,$0.13B,12.40%,$0.02B,$0.12B,12.71%,$0.02B,$1.05B,1.44%,$0.02B,$0.17B,15.07%,$18,$3,$15,$0,$9,$12,$6,$0,$6,$2,$5,$5,$5,$0,$0,$9,9,$0.52,$0.50,$151,$0,$0,$916,$7,$96,$4,$26,$134,$1050,$863,$45,$16,$60,$923,$9,$43,$-2,$127,$1050,$5,$1,$-2,$-2,$-2,$0,$0,$-5,$-7,$-5,$-1,$0,$0,$0,$2,$2,$19,$20,$-0,$0,$-0,$-1,$-1,$-0,$-27,$-28,$-12,$0,$-0
5,2017-06-30,20.3,$13.91,1.46,$7.55,2.69,$4.89,4.15,$1.38,14.71,$0.94B,$0.89B,1.06,$0.05B,$0.12B,0.36,$0.07B,$0.06B,88.06%,$0.07B,$0.02B,31.34%,$0.07B,0,0.00%,$0.07B,0,0.00%,$0.07B,$0.02B,31.34%,$0.07B,$0.01B,17.91%,$0.01B,$0.12B,10.23%,$0.01B,$0.12B,10.46%,$0.01B,$1.08B,1.17%,$0.02B,$0.17B,13.29%,$19,$3,$17,$0,$10,$12,$7,$0,$7,$3,$4,$4,$4,$0,$0,$9,9,$0.46,$0.45,$163,$0,$0,$944,$7,$99,$4,$24,$133,$1077,$890,$45,$20,$64,$954,$9,$38,$-2,$123,$1077,$12,$3,$-10,$-7,$25,$0,$0,$4,$29,$34,$-1,$0,$0,$0,$2,$2,$-95,$-94,$-0,$0,$-0,$-7,$-7,$-0,$79,$72,$12,$1,$-0
6,2017-03-31,15.26,$13.46,1.13,$7.01,2.18,$1.58,9.65,$1.17,13.04,$0.89B,$0.87B,1.02,$0.02B,$0.12B,0.18,$0.06B,$0.06B,87.30%,$0.06B,$0.02B,26.98%,$0.06B,0,0.00%,$0.06B,0,0.00%,$0.06B,$0.02B,26.98%,$0.06B,$0.01B,15.87%,$0.01B,$0.12B,8.64%,$0.01B,$0.12B,8.83%,$0.01B,$1.03B,1.00%,$0.02B,$0.14B,10.69%,$17,$3,$15,$0,$9,$12,$6,$0,$6,$2,$3,$3,$3,$0,$0,$9,9,$0.39,$0.39,$147,$0,$0,$890,$7,$101,$1,$27,$137,$1027,$873,$21,$14,$35,$908,$9,$34,$-2,$119,$1027,$8,$2,$-7,$-4,$4,$0,$0,$-0,$4,$8,$-0,$0,$0,$0,$0,$0,$-43,$-43,$-10,$0,$-10,$-7,$-7,$-0,$49,$32,$-4,$1,$-0
7,2016-12-31,13.05,$13.02,1.0,$6.47,2.02,$3.65,3.58,$0.97,13.46,$0.89B,$0.84B,1.05,$0.04B,$0.12B,0.39,$0.06B,$0.05B,86.44%,$0.06B,$0.01B,23.73%,$0.06B,0,0.00%,$0.06B,0,0.00%,$0.06B,$0.01B,23.73%,$0.06B,$0.01B,15.25%,$0.01B,$0.12B,7.84%,$0.01B,$0.11B,8.02%,$0.01B,$1.01B,0.92%,$0.01B,$0.16B,8.60%,$17,$2,$15,$0,$9,$12,$5,$0,$5,$2,$3,$3,$3,$0,$0,$9,9,$0.35,$0.35,$112,$0,$0,$885,$7,$92,$2,$26,$128,$1013,$840,$44,$14,$58,$898,$9,$31,$-2,$115,$1013,$5,$2,$-4,$-3,$0,$0,$0,$1,$1,$4,$-0,$0,$0,$0,$9,$9,$-73,$-64,$-10,$0,$-10,$-7,$-7,$-0,$39,$22,$-39,$0,$-0
8,2016-09-30,11.53,$12.63,0.91,$5.98,1.93,$4.46,2.58,$0.80,14.41,$0.85B,$0.81B,1.06,$0.06B,$0.11B,0.49,$0.06B,$0.05B,85.71%,$0.06B,$0.01B,21.43%,$0.06B,0,0.00%,$0.06B,0,0.00%,$0.06B,$0.01B,21.43%,$0.06B,$0.01B,14.29%,$0.01B,$0.11B,6.97%,$0.01B,$0.11B,7.13%,$0.01B,$0.99B,0.84%,$0.01B,$0.17B,7.42%,$14,$2,$12,$0,$9,$11,$3,$0,$3,$1,$2,$2,$2,$0,$0,$9,9,$0.19,$0.19,$126,$0,$0,$852,$7,$97,$2,$27,$133,$986,$805,$55,$14,$69,$874,$9,$28,$-2,$112,$986,$2,$1,$-2,$-1,$-1,$0,$0,$-0,$-1,$-1,$-0,$0,$0,$0,$6,$6,$-28,$-22,$-0,$0,$-0,$-7,$-7,$-0,$5,$-2,$-25,$0,$-0
9,2016-06-30,11.19,$12.51,0.89,$5.78,1.94,$5.01,2.23,$0.81,13.81,$0.85B,$0.80B,1.06,$0.06B,$0.12B,0.47,$0.06B,$0.05B,85.45%,$0.06B,$0.01B,21.82%,$0.06B,0,0.00%,$0.06B,0,0.00%,$0.06B,$0.01B,21.82%,$0.06B,$0.01B,14.55%,$0.01B,$0.12B,6.94%,$0.01B,$0.11B,7.10%,$0.01B,$0.99B,0.87%,$0.01B,$0.17B,7.56%,$15,$2,$13,$0,$10,$12,$3,$0,$3,$1,$2,$2,$2,$0,$0,$9,9,$0.23,$0.23,$151,$0,$0,$849,$8,$103,$4,$23,$137,$986,$800,$55,$15,$69,$870,$9,$26,$-2,$117,$986,$8,$3,$-5,$-2,$-1,$0,$0,$-0,$-1,$5,$-1,$0,$0,$0,$3,$3,$-69,$-68,$14,$-2,$12,$-3,$-3,$-0,$116,$124,$61,$1,$-0
10,2016-03-31,10.54,$12.27,0.86,$5.60,1.88,$6.66,1.58,$0.79,13.35,$0.79B,$0.76B,1.05,$0.04B,$0.12B,0.35,$0.05B,$0.05B,85.19%,$0.05B,$0.01B,22.22%,$0.05B,0,0.00%,$0.05B,0,0.00%,$0.05B,$0.01B,22.22%,$0.05B,$0.01B,14.81%,$0.01B,$0.12B,7.00%,$0.01B,$0.11B,7.13%,$0.01B,$0.92B,0.91%,$0.01B,$0.16B,7.66%,$13,$2,$11,$0,$9,$11,$3,$0,$3,$1,$2,$2,$2,$0,$0,$9,9,$0.19,$0.19,$91,$0,$0,$794,$8,$93,$2,$26,$129,$923,$756,$40,$12,$52,$808,$9,$24,$-2,$115,$923,$5,$2,$-5,$-3,$27,$0,$0,$-1,$26,$29,$-1,$0,$0,$0,$13,$13,$-104,$-92,$-0,$0,$0,$-3,$-3,$-0,$68,$65,$2,$0,$-0
11,2015-12-31,10.42,$12.04,0.87,$5.46,1.91,$4.27,2.44,$0.78,13.36,$0.75B,$0.73B,1.03,$0.04B,$0.12B,0.35,$0.05B,$0.05B,86.79%,$0.05B,$0.01B,22.64%,$0.05B,0,0.00%,$0.05B,0,0.00%,$0.05B,$0.01B,22.64%,$0.05B,$0.01B,15.09%,$0.01B,$0.12B,7.05%,$0.01B,$0.11B,7.17%,$0.01B,$0.89B,0.93%,$0.01B,$0.16B,7.56%,$14,$2,$12,$0,$9,$11,$3,$0,$3,$1,$2,$2,$2,$0,$0,$10,10,$0.18,$0.18,$66,$0,$0,$751,$8,$107,$2,$26,$143,$894,$729,$40,$10,$50,$779,$10,$22,$-2,$115,$894,$4,$2,$-4,$-3,$13,$0,$0,$-1,$11,$12,$-1,$0,$0,$0,$-2,$-2,$-74,$-76,$-0,$-10,$-10,$-1,$-1,$-0,$52,$40,$-23,$0,$-0
12,2015-09-30,10.44,$11.85,0.88,$5.28,1.98,$3.32,3.15,$0.76,13.74,$0.72B,$0.70B,1.03,$0.04B,$0.11B,0.35,$0.05B,$0.05B,86.54%,$0.05B,$0.01B,21.15%,$0.05B,0,0.00%,$0.05B,0,0.00%,$0.05B,$0.01B,21.15%,$0.05B,$0.01B,15.38%,$0.01B,$0.11B,7.11%,$0.01B,$0.11B,7.26%,$0.01B,$0.86B,0.95%,$0.01B,$0.15B,6.81%,$13,$2,$11,$0,$8,$10,$3,$0,$3,$1,$2,$2,$2,$0,$0,$10,10,$0.20,$0.20,$86,$0,$0,$718,$8,$105,$2,$25,$141,$858,$696,$40,$8,$49,$745,$10,$21,$-2,$114,$858,$2,$1,$-2,$-1,$7,$0,$0,$-3,$5,$5,$-1,$0,$0,$0,$1,$1,$-17,$-17,$-0,$0,$0,$-1,$-1,$-0,$9,$8,$-4,$-0,$-0
13,2015-06-30,9.86,$11.76,0.84,$5.15,1.91,$2.92,3.38,$0.72,13.69,$0.71B,$0.68B,1.05,$0.05B,$0.11B,0.45,$0.05B,$0.05B,88.24%,$0.05B,$0.01B,21.57%,$0.05B,0,0.00%,$0.05B,0,0.00%,$0.05B,$0.01B,21.57%,$0.05B,$0.01B,15.69%,$0.01B,$0.11B,7.13%,$0.01B,$0.11B,7.27%,$0.01B,$0.85B,0.98%,$0.01B,$0.16B,6.59%,$14,$2,$12,$0,$9,$11,$3,$0,$3,$1,$2,$2,$2,$0,$0,$10,10,$0.22,$0.22,$90,$0,$0,$709,$8,$106,$2,$25,$142,$851,$677,$50,$11,$61,$738,$10,$19,$-1,$113,$851,$7,$3,$-12,$-9,$23,$0,$0,$0,$23,$22,$-1,$0,$0,$0,$11,$11,$-105,$-94,$-0,$-1,$-1,$-7,$-7,$-0,$88,$80,$8,$1,$-0
14,2015-03-31,9.14,$11.46,0.8,$4.85,1.88,$0.21,43.0,$0.55,16.61,$0.69B,$0.66B,1.04,$0.05B,$0.11B,0.45,$0.05B,$0.04B,87.76%,$0.05B,$0.01B,18.37%,$0.05B,0,0.00%,$0.05B,0,0.00%,$0.05B,$0.01B,18.37%,$0.05B,$0.01B,14.29%,$0.01B,$0.11B,6.25%,$0.01B,$0.11B,6.39%,$0.01B,$0.83B,0.88%,$0.01B,$0.16B,5.29%,$12,$2,$11,$0,$8,$10,$3,$0,$3,$1,$2,$2,$2,$0,$0,$10,10,$0.18,$0.18,$105,$0,$0,$687,$8,$110,$2,$26,$146,$833,$658,$50,$12,$62,$720,$10,$17,$-2,$112,$833,$5,$2,$-9,$-6,$7,$0,$0,$0,$7,$5,$-0,$0,$0,$0,$8,$8,$-54,$-46,$-13,$-0,$-13,$-4,$-4,$-0,$81,$64,$23,$1,$-0
15,2014-12-31,9.53,$11.27,0.85,$4.54,2.1,$-0.78,0.0,$0.41,23.25,$0.66B,$0.63B,1.04,$0.06B,$0.11B,0.5,$0.05B,$0.04B,85.11%,$0.05B,$0.01B,14.89%,$0.05B,0,0.00%,$0.05B,0,0.00%,$0.05B,$0.01B,14.89%,$0.05B,$0.01B,10.64%,$0.01B,$0.11B,4.44%,$0.01B,$0.11B,4.56%,$0.01B,$0.81B,0.64%,$0.01B,$0.17B,4.03%,$13,$2,$11,$0,$8,$10,$2,$0,$2,$1,$2,$2,$2,$0,$0,$10,10,$0.16,$0.16,$83,$0,$0,$662,$8,$112,$2,$25,$148,$810,$634,$55,$9,$65,$699,$10,$15,$-2,$111,$810,$3,$2,$-6,$-4,$6,$0,$0,$-3,$3,$3,$-0,$0,$0,$0,$6,$6,$-53,$-47,$-8,$-0,$-8,$-4,$-4,$-0,$58,$45,$1,$0,$-0
16,2014-09-30,9.15,$11.05,0.83,$4.40,2.08,$-1.27,0.0,$0.38,24.07,$0.63B,$0.60B,1.06,$0.06B,$0.11B,0.56,$0.05B,$0.04B,86.67%,$0.05B,$0.01B,15.56%,$0.05B,0,0.00%,$0.05B,0,0.00%,$0.05B,$0.01B,15.56%,$0.05B,$0.00B,8.89%,$0.00B,$0.11B,3.53%,$0.00B,$0.11B,3.62%,$0.00B,$0.78B,0.53%,$0.01B,$0.18B,3.94%,$12,$2,$11,$0,$8,$10,$3,$-0,$3,$1,$2,$2,$2,$0,$0,$10,10,$0.16,$0.16,$84,$0,$0,$633,$9,$114,$3,$24,$149,$782,$598,$63,$9,$71,$669,$10,$14,$-2,$113,$782,$2,$1,$-3,$-2,$3,$0,$0,$-2,$1,$1,$-0,$0,$0,$0,$3,$3,$-22,$-20,$-0,$1,$1,$-0,$-0,$-0,$20,$20,$1,$0,$-0
17,2014-06-30,9.44,$11.05,0.85,$4.15,2.28,$-1.08,0.0,$0.25,37.77,$0.61B,$0.58B,1.06,$0.06B,$0.11B,0.56,$0.04B,$0.04B,83.72%,$0.04B,$0.00B,9.30%,$0.04B,0,0.00%,$0.04B,0,0.00%,$0.04B,$0.00B,9.30%,$0.04B,$0.00B,4.65%,$0.00B,$0.11B,1.76%,$0.00B,$0.11B,1.81%,$0.00B,$0.76B,0.27%,$0.00B,$0.18B,2.23%,$12,$2,$10,$0,$9,$11,$1,$0,$1,$0,$1,$1,$1,$0,$0,$10,10,$0.06,$0.06,$82,$0,$0,$609,$9,$118,$3,$23,$153,$762,$577,$63,$10,$73,$650,$10,$12,$-1,$112,$762,$3,$4,$-9,$-5,$-4,$0,$0,$2,$-3,$-6,$-1,$0,$0,$0,$9,$9,$-73,$-65,$-0,$2,$2,$-3,$-3,$-3,$90,$87,$16,$1,$-3
18,2014-03-31,9.22,$10.93,0.84,$4.07,2.27,$-0.59,0.0,$0.22,41.93,$0.60B,$0.57B,1.06,$0.06B,$0.11B,0.55,$0.04B,$0.04B,83.33%,$0.04B,$0.00B,7.14%,$0.04B,0,0.00%,$0.04B,0,0.00%,$0.04B,$0.00B,7.14%,$0.04B,$0.00B,2.38%,$0.00B,$0.11B,0.88%,$0.00B,$0.11B,0.90%,$0.00B,$0.75B,0.14%,$0.00B,$0.18B,1.67%,$10,$2,$8,$0,$8,$9,$1,$0,$1,$0,$0,$0,$0,$0,$0,$10,10,$0.04,$0.04,$74,$0,$0,$597,$9,$118,$3,$23,$154,$751,$566,$63,$8,$71,$637,$10,$12,$-2,$114,$751,$2,$3,$-5,$-2,$-2,$0,$0,$-3,$-5,$-4,$-1,$0,$0,$0,$8,$8,$-73,$-66,$15,$-13,$2,$0,$0,$-3,$79,$78,$8,$1,$-3
19,2013-12-31,9.35,$10.96,0.85,$4.32,2.17,$-0.30,0.0,$0.34,27.5,$0.57B,$0.54B,1.06,$0.07B,$0.11B,0.6,$0.05B,$0.04B,84.44%,$0.05B,$0.00B,8.89%,$0.05B,0,0.00%,$0.05B,0,0.00%,$0.05B,$0.00B,8.89%,$0.05B,$0.00B,6.67%,$0.00B,$0.11B,2.62%,$0.00B,$0.11B,2.70%,$0.00B,$0.73B,0.42%,$0.00B,$0.18B,2.20%,$11,$2,$10,$0,$8,$9,$2,$0,$2,$1,$1,$1,$1,$0,$0,$10,10,$0.13,$0.13,$63,$0,$0,$571,$10,$120,$3,$29,$162,$733,$539,$68,$11,$79,$618,$10,$12,$-2,$114,$733,$2,$2,$-4,$-2,$2,$0,$0,$-4,$-2,$-2,$-1,$0,$0,$0,$6,$6,$-63,$-58,$15,$-8,$7,$0,$0,$-2,$52,$57,$-3,$0,$-2
20,2013-09-30,9.76,$10.91,0.89,$4.32,2.26,$-0.09,0.0,$0.33,29.57,$0.57B,$0.53B,1.06,$0.07B,$0.11B,0.6,$0.05B,$0.04B,84.44%,$0.05B,$0.00B,8.89%,$0.05B,0,0.00%,$0.05B,0,0.00%,$0.05B,$0.00B,8.89%,$0.05B,$0.00B,6.67%,$0.00B,$0.11B,2.61%,$0.00B,$0.11B,2.70%,$0.00B,$0.73B,0.43%,$0.00B,$0.18B,2.17%,$10,$2,$8,$0,$8,$10,$0,$0,$0,$0,$0,$0,$0,$0,$0,$10,10,$0.03,$0.03,$77,$0,$0,$565,$10,$124,$3,$23,$160,$725,$534,$68,$9,$77,$611,$10,$12,$-2,$114,$725,$0,$1,$-1,$-0,$3,$0,$0,$-0,$3,$3,$-0,$0,$0,$0,$4,$4,$-48,$-45,$15,$-9,$6,$0,$0,$-1,$48,$53,$11,$0,$-1
21,2013-06-30,9.27,$10.89,0.85,$4.41,2.1,$-0.82,0.0,$0.39,23.77,$0.51B,$0.49B,1.05,$0.06B,$0.11B,0.56,$0.05B,$0.04B,84.78%,$0.05B,$0.01B,13.04%,$0.05B,0,0.00%,$0.05B,0,0.00%,$0.05B,$0.01B,13.04%,$0.05B,$0.00B,8.70%,$0.00B,$0.11B,3.45%,$0.00B,$0.11B,3.57%,$0.00B,$0.67B,0.58%,$0.01B,$0.18B,3.15%,$11,$2,$9,$0,$9,$11,$0,$0,$0,$-0,$0,$0,$0,$0,$0,$10,10,$0.02,$0.02,$66,$0,$0,$509,$10,$127,$4,$21,$162,$671,$485,$63,$8,$72,$557,$10,$13,$-2,$114,$671,$4,$4,$-12,$-8,$-1,$0,$0,$6,$5,$1,$-3,$0,$0,$0,$7,$7,$-67,$-63,$-0,$-56,$-56,$0,$-4,$-4,$63,$-1,$-62,$1,$-4
22,2013-03-31,8.96,$11.08,0.81,$5.89,1.52,$-2.85,0.0,$0.51,17.57,$0.53B,$0.51B,1.04,$0.07B,$0.12B,0.59,$0.05B,$0.04B,84.78%,$0.05B,$0.01B,15.22%,$0.05B,0,0.00%,$0.05B,0,0.00%,$0.05B,$0.01B,15.22%,$0.05B,$0.01B,10.87%,$0.01B,$0.12B,4.26%,$0.01B,$0.11B,4.42%,$0.01B,$0.70B,0.73%,$0.01B,$0.18B,3.39%,$13,$2,$11,$0,$8,$10,$2,$0,$2,$1,$2,$2,$2,$0,$0,$10,10,$0.16,$0.16,$143,$0,$0,$530,$10,$134,$4,$23,$170,$700,$508,$69,$7,$76,$584,$10,$13,$-1,$116,$700,$4,$3,$-9,$-5,$-0,$0,$0,$2,$2,$1,$-2,$0,$0,$0,$3,$3,$-15,$-14,$-10,$-39,$-49,$0,$-4,$-3,$84,$28,$14,$0,$-3
23,2012-12-31,8.6,$11.07,0.78,$7.28,1.18,$-4.40,0.0,$0.37,23.25,$0.53B,$0.50B,1.05,$0.08B,$0.12B,0.69,$0.04B,$0.04B,85.71%,$0.04B,$0.01B,11.90%,$0.04B,0,0.00%,$0.04B,0,0.00%,$0.04B,$0.01B,11.90%,$0.04B,$0.00B,7.14%,$0.00B,$0.12B,2.87%,$0.00B,$0.11B,2.99%,$0.00B,$0.71B,0.45%,$0.01B,$0.19B,2.42%,$11,$2,$10,$0,$7,$9,$2,$0,$2,$1,$1,$1,$1,$0,$0,$10,10,$0.12,$0.12,$128,$0,$0,$530,$10,$139,$4,$22,$175,$705,$503,$79,$8,$87,$590,$10,$13,$-0,$115,$705,$3,$2,$-5,$-3,$1,$0,$0,$2,$2,$2,$-2,$0,$0,$0,$-1,$-1,$-33,$-36,$-0,$-40,$-40,$0,$-4,$-2,$80,$34,$-1,$0,$-2
24,2012-09-30,8.85,$11.45,0.77,$8.79,1.01,$-5.88,0.0,$0.34,26.03,$0.49B,$0.46B,1.08,$0.09B,$0.12B,0.75,$0.04B,$0.03B,85.00%,$0.04B,$0.00B,10.00%,$0.04B,0,0.00%,$0.04B,0,0.00%,$0.04B,$0.00B,10.00%,$0.04B,$0.00B,5.00%,$0.00B,$0.12B,2.17%,$0.00B,$0.12B,2.28%,$0.00B,$0.67B,0.32%,$0.00B,$0.21B,2.16%,$11,$2,$9,$0,$7,$9,$2,$0,$2,$0,$1,$1,$1,$0,$0,$10,10,$0.09,$0.09,$103,$0,$0,$492,$9,$143,$4,$23,$179,$671,$456,$89,$7,$96,$552,$10,$12,$-0,$119,$671,$1,$1,$-3,$-2,$-3,$0,$0,$0,$-3,$-4,$-1,$0,$0,$0,$-4,$-4,$-19,$-24,$-0,$-31,$-31,$0,$0,$-1,$34,$2,$-26,$0,$-1
25,2012-06-30,7.82,$11.47,0.68,$9.88,0.79,$-6.48,0.0,$0.37,21.13,$0.49B,$0.42B,1.17,$0.12B,$0.12B,1.0,$0.04B,$0.03B,83.78%,$0.04B,$0.00B,2.70%,$0.04B,0,0.00%,$0.04B,0,0.00%,$0.04B,$0.00B,2.70%,$0.04B,$0.00B,2.70%,$0.00B,$0.12B,1.27%,$0.00B,$0.12B,1.35%,$0.00B,$0.67B,0.16%,$0.00B,$0.24B,0.62%,$11,$2,$9,$0,$8,$10,$1,$0,$1,$0,$1,$1,$1,$0,$0,$4,4,$0.18,$0.18,$128,$0,$0,$494,$9,$139,$4,$23,$176,$669,$423,$120,$7,$127,$550,$10,$12,$0,$119,$669,$2,$4,$-7,$-2,$-6,$0,$0,$-1,$-7,$-7,$-2,$0,$0,$0,$16,$16,$-32,$-19,$-2,$-1,$-4,$53,$53,$-1,$22,$70,$44,$0,$-1
26,2012-03-31,11.21,$18.50,0.61,$11.33,0.99,$-4.95,0.0,$0.36,31.14,$0.42B,$0.41B,1.03,$0.12B,$0.07B,1.85,$0.04B,$0.04B,100.00%,$0.04B,$0.03B,67.50%,$0.04B,0,0.00%,$0.04B,0,0.00%,$0.04B,$-0.00B,-5.00%,$0.04B,$0.00B,2.50%,$0.00B,$0.07B,1.53%,$0.00B,$0.06B,1.71%,$0.00B,$0.60B,0.17%,$0.03B,$0.19B,18.18%,$9,$2,$8,$0,$7,$9,$0,$-0,$0,$0,$0,$0,$0,$0,$0,$3,4,$0.02,$0.02,$65,$0,$0,$418,$9,$142,$5,$21,$177,$595,$406,$120,$4,$125,$530,$4,$12,$-1,$65,$595,$1,$3,$-6,$-3,$-2,$0,$0,$-1,$-3,$-4,$-2,$0,$0,$0,$12,$12,$-25,$-14,$-2,$-1,$-3,$0,$0,$-1,$4,$-0,$-19,$0,$-1
27,2011-12-31,11.44,$0.00,0.0,$11.14,1.03,$-4.45,0.0,$0.36,31.78,$0.41B,$0.48B,0.85,$0.04B,$0.07B,0.66,$0.04B,$0.04B,97.50%,$0.04B,$0.03B,67.50%,$0.04B,0,0.00%,$0.04B,0,0.00%,$0.04B,$-0.00B,-5.00%,$0.04B,$0.00B,2.50%,$0.00B,$0.07B,1.53%,$0.00B,$0.06B,1.77%,$0.00B,$0.60B,0.17%,$0.03B,$0.11B,20.77%,$9,$2,$8,$0,$7,$9,$1,$0,$1,$0,$0,$0,$0,$0,$0,$3,4,$0.09,$0.09,$58,$0,$0,$406,$0,$145,$5,$20,$171,$595,$478,$44,$5,$49,$529,$4,$12,$0,$66,$595,$1,$2,$-4,$-2,$-4,$0,$0,$0,$-3,$-4,$-1,$0,$0,$0,$10,$10,$-27,$-18,$-2,$-1,$-3,$0,$0,$-1,$1,$-3,$-26,$0,$-1
28,2011-09-30,11.63,$0.00,0.0,$19.43,0.6,$-1.15,0.0,$0.60,19.39,$0.40B,$0.47B,0.84,$0.04B,$0.07B,0.66,$0.06B,$0.05B,94.74%,$0.06B,$0.04B,68.42%,$0.06B,0,0.00%,$0.06B,0,0.00%,$0.06B,$0.01B,17.54%,$0.06B,$0.00B,3.51%,$0.00B,$0.07B,3.07%,$0.00B,$0.06B,3.70%,$0.00B,$0.59B,0.33%,$0.04B,$0.11B,29.49%,$8,$2,$6,$0,$7,$9,$-1,$0,$-1,$-0,$-1,$-1,$0,$0,$0,$3,4,$0.12,$0.12,$80,$0,$0,$397,$0,$149,$5,$21,$175,$587,$470,$44,$5,$49,$521,$4,$12,$0,$66,$587,$1,$1,$-2,$-1,$-2,$0,$0,$-1,$-3,$-3,$-1,$0,$0,$0,$7,$7,$4,$10,$-2,$-2,$-4,$0,$0,$-0,$-7,$-11,$-4,$0,$-0
29,2011-06-30,12.3,$18.52,0.66,$21.94,0.56,$4.37,2.81,$0.86,14.3,$0.40B,$0.40B,0.99,$0.12B,$0.07B,1.91,$0.06B,$0.06B,93.33%,$0.06B,$0.04B,68.33%,$0.06B,0,0.00%,$0.06B,0,0.00%,$0.06B,$0.01B,20.00%,$0.06B,$0.00B,5.00%,$0.00B,$0.07B,4.88%,$0.00B,$0.05B,6.15%,$0.00B,$0.60B,0.48%,$0.04B,$0.19B,31.36%,$14,$-4,$18,$0,$-9,$-13,$27,$0,$-2,$-1,$-1,$1,$1,$0,$0,$3,4,$0.13,$0.13,$84,$0,$0,$400,$8,$155,$13,$20,$197,$596,$404,$124,$4,$128,$531,$4,$12,$-0,$65,$596,$13,$3,$-19,$3,$4,$0,$0,$-1,$2,$-1,$-1,$0,$0,$0,$4,$4,$106,$56,$-8,$-61,$-8,$16,$16,$-1,$47,$-30,$25,$0,$-1
30,2011-03-31,12.89,$0.00,0.0,$22.65,0.57,$1.50,8.59,$0.72,17.9,$0.42B,$0.49B,0.86,$0.05B,$0.07B,0.71,$0.06B,$0.05B,92.98%,$0.06B,$0.04B,68.42%,$0.06B,0,0.00%,$0.06B,0,0.00%,$0.06B,$0.01B,24.56%,$0.06B,$0.00B,3.51%,$0.00B,$0.07B,3.45%,$0.00B,$0.05B,4.37%,$0.00B,$0.61B,0.32%,$0.04B,$0.11B,27.27%,$9,$2,$7,$0,$7,$9,$-0,$-0,$-0,$-0,$0,$0,$0,$0,$0,$3,4,$0.02,$0.02,$110,$0,$0,$424,$0,$133,$13,$21,$167,$607,$491,$46,$3,$49,$542,$4,$12,$0,$65,$607,$12,$1,$-16,$-15,$0,$0,$0,$-1,$-0,$-4,$-0,$0,$0,$0,$24,$24,$48,$72,$-8,$-49,$-57,$16,$16,$-0,$25,$-17,$51,$0,$-0
31,2010-12-31,13.63,$0.00,0.0,$24.92,0.55,$3.88,3.51,$0.90,15.15,$0.44B,$0.52B,0.84,$0.05B,$0.07B,0.84,$0.06B,$0.05B,91.53%,$0.06B,$0.04B,67.80%,$0.06B,0,0.00%,$0.06B,0,0.00%,$0.06B,$0.02B,25.42%,$0.06B,$0.00B,3.39%,$0.00B,$0.07B,3.69%,$0.00B,$0.05B,4.73%,$0.00B,$0.65B,0.32%,$0.04B,$0.12B,28.37%,$26,$3,$23,$0,$10,$13,$13,$0,$13,$0,$13,$1,$1,$0,$0,$2,2,$0.33,$0.33,$72,$0,$0,$435,$0,$167,$14,$21,$201,$645,$519,$54,$4,$59,$580,$4,$12,$0,$65,$645,$14,$1,$0,$1,$0,$0,$0,$0,$-2,$5,$-1,$0,$0,$0,$0,$23,$0,$23,$0,$-1,$16,$0,$16,$-1,$-7,$24,$52,$0,$0
32,2010-09-30,10.53,$0.00,0.0,$17.77,0.59,$2.18,4.83,$0.82,12.84,$0.42B,$0.52B,0.81,$0.05B,$0.05B,1.03,$0.04B,$0.04B,85.71%,$0.04B,$0.03B,61.90%,$0.04B,0,0.00%,$0.04B,0,0.00%,$0.04B,$0.00B,7.14%,$0.04B,$0.00B,4.76%,$0.00B,$0.05B,3.98%,$0.00B,$0.04B,5.16%,$0.00B,$0.63B,0.32%,$0.03B,$0.10B,18.87%,$11,$3,$8,$0,$6,$10,$1,$0,$1,$0,$1,$1,$1,$0,$0,$2,2,$0.39,$0.38,$48,$0,$0,$422,$0,$168,$11,$19,$199,$629,$518,$53,$4,$57,$578,$2,$38,$0,$51,$629,$1,$0,$0,$0,$0,$0,$0,$0,$0,$11,$-0,$0,$0,$0,$0,$10,$0,$10,$0,$8,$0,$0,$0,$-0,$-1,$6,$27,$0,$0
33,2010-06-30,11.07,$21.90,0.51,$17.82,0.62,$-2.34,0.0,$0.63,17.57,$0.80B,$0.90B,0.9,$0.19B,$0.05B,3.68,$0.04B,$0.04B,83.33%,$0.04B,$0.03B,61.90%,$0.04B,0,0.00%,$0.04B,0,0.00%,$0.04B,$0.00B,7.14%,$0.04B,$0.00B,2.38%,$0.00B,$0.05B,2.01%,$0.00B,$0.04B,2.63%,$0.00B,$0.62B,0.16%,$0.03B,$0.24B,19.12%,$11,$-4,$15,$0,$-10,$-14,$25,$0,$0,$0,$-0,$0,$0,$0,$0,$2,2,$-0.01,$-0.01,$34,$0,$0,$803,$17,$189,$11,$20,$237,$623,$896,$187,$4,$191,$572,$2,$37,$4,$51,$622,$2,$2,$1,$2,$7,$0,$0,$-0,$-2,$-8,$-0,$0,$1,$0,$8,$-4,$15,$-3,$-1,$12,$10,$0,$0,$-1,$-11,$18,$7,$0,$-0
34,2010-03-31,12.12,$0.00,0.0,$17.98,0.67,$1.87,6.47,$0.70,17.31,$0.39B,$0.50B,0.78,$0.05B,$0.05B,1.06,$0.04B,$0.03B,64.29%,$0.04B,$0.00B,4.76%,$0.04B,0,0.00%,$0.04B,0,0.00%,$0.04B,$0.00B,7.14%,$0.04B,$0.00B,2.38%,$0.00B,$0.05B,2.05%,$0.00B,$0.04B,2.72%,$0.00B,$0.61B,0.16%,$0.00B,$0.10B,2.02%,$11,$3,$8,$0,$7,$10,$1,$0,$1,$0,$1,$0,$0,$0,$0,$2,2,$0.20,$0.20,$9,$0,$0,$392,$0,$179,$12,$21,$212,$612,$503,$53,$3,$56,$562,$2,$38,$0,$50,$612,$2,$1,$0,$1,$0,$0,$0,$0,$-2,$3,$-1,$0,$1,$0,$0,$-17,$0,$-17,$0,$7,$10,$0,$0,$-1,$-6,$10,$-4,$0,$0
35,2009-12-31,7.25,$0.00,0.0,$18.22,0.4,$1.33,5.47,$0.64,11.33,$0.40B,$0.50B,0.79,$0.06B,$0.05B,1.15,$0.04B,$0.03B,61.90%,$0.04B,$0.00B,2.38%,$0.04B,0,0.00%,$0.04B,0,0.00%,$0.04B,$0.00B,4.76%,$0.04B,$0.00B,2.38%,$0.00B,$0.05B,2.07%,$0.00B,$0.04B,2.76%,$0.00B,$0.61B,0.17%,$0.00B,$0.11B,1.01%,$9,$3,$5,$0,$7,$10,$-1,$0,$1,$0,$1,$1,$1,$0,$0,$2,2,$0.25,$0.25,$9,$0,$0,$397,$0,$176,$12,$19,$207,$613,$502,$57,$2,$59,$563,$2,$37,$0,$49,$613,$0,$0,$0,$0,$0,$0,$0,$0,$0,$1,$-1,$0,$0,$0,$0,$-17,$0,$-17,$0,$12,$12,$0,$0,$-1,$-11,$12,$-4,$0,$0
36,2009-09-30,7.44,$0.00,0.0,$19.38,0.38,$0.70,10.66,$0.51,14.59,$0.40B,$0.50B,0.79,$0.05B,$0.05B,0.98,$0.04B,$0.03B,63.64%,$0.04B,$0.00B,4.55%,$0.04B,0,0.00%,$0.04B,0,0.00%,$0.04B,$0.00B,2.27%,$0.04B,0,0.00%,$0.00B,$0.05B,0.00%,$0.00B,$0.04B,0.00%,$0.00B,$0.60B,0.00%,$0.00B,$0.10B,1.97%,$11,$4,$7,$0,$6,$10,$1,$0,$1,$0,$0,$0,$0,$0,$0,$2,2,$0.19,$0.19,$11,$0,$0,$397,$0,$169,$13,$17,$198,$604,$502,$48,$3,$51,$555,$2,$37,$0,$49,$604,$0,$0,$0,$0,$0,$0,$0,$0,$0,$0,$-0,$0,$0,$0,$0,$-6,$0,$-6,$0,$5,$4,$0,$0,$-0,$-5,$4,$-2,$0,$0
37,2009-06-30,6.82,$0.00,0.0,$19.51,0.35,$0.59,11.55,$0.35,19.48,$0.40B,$0.50B,0.8,$0.04B,$0.05B,0.93,$0.04B,$0.03B,63.64%,$0.04B,$0.00B,2.27%,$0.04B,0,0.00%,$0.04B,0,0.00%,$0.04B,0,0.00%,$0.04B,0,0.00%,$0.00B,$0.05B,0.00%,$0.00B,$0.04B,0.00%,$0.00B,$0.60B,0.00%,$0.00B,$0.09B,0.92%,$11,$4,$7,$0,$6,$10,$1,$0,$0,$-0,$0,$0,$0,$0,$0,$2,2,$0.06,$0.06,$13,$0,$0,$403,$0,$154,$13,$17,$184,$598,$501,$44,$3,$47,$551,$2,$37,$0,$47,$598,$1,$2,$2,$2,$-2,$0,$0,$-0,$-2,$3,$-1,$0,$-1,$0,$-15,$-2,$13,$-3,$-51,$25,$-50,$0,$4,$-1,$44,$1,$0,$0,$-1
38,2009-03-31,6.25,$0.00,0.0,$19.54,0.32,$1.23,5.09,$0.47,13.3,$0.40B,$0.50B,0.81,$0.05B,$0.05B,1.11,$0.04B,$0.03B,63.64%,$0.04B,0,0.00%,$0.04B,0,0.00%,$0.04B,0,0.00%,$0.04B,$0.00B,2.27%,$0.04B,0,0.00%,$0.00B,$0.05B,0.00%,$0.00B,$0.04B,0.00%,$0.00B,$0.61B,0.00%,$0.00B,$0.10B,0.00%,$11,$4,$7,$0,$7,$11,$0,$0,$0,$0,$0,$0,$0,$0,$0,$2,2,$0.14,$0.14,$7,$0,$0,$403,$0,$166,$12,$17,$195,$607,$499,$54,$3,$57,$559,$2,$37,$0,$48,$607,$0,$0,$0,$0,$0,$0,$0,$0,$0,$2,$-1,$0,$0,$0,$0,$-17,$1,$-17,$0,$25,$-41,$0,$4,$-1,$21,$9,$-5,$0,$0
39,2008-12-31,5.93,$0.00,0.0,$19.97,0.3,$0.99,5.98,$0.62,9.57,$0.42B,$0.50B,0.84,$0.07B,$0.05B,1.45,$0.05B,$0.03B,62.22%,$0.05B,$0.00B,2.22%,$0.05B,0,0.00%,$0.05B,0,0.00%,$0.05B,$0.00B,4.44%,$0.05B,$0.00B,2.22%,$0.00B,$0.05B,2.33%,$0.00B,$0.04B,3.31%,$0.00B,$0.62B,0.17%,$0.00B,$0.12B,0.78%,$11,$4,$7,$0,$6,$11,$0,$0,$0,$0,$0,$0,$0,$0,$0,$2,2,$0.12,$0.12,$10,$0,$0,$415,$0,$165,$12,$17,$194,$619,$496,$69,$2,$72,$571,$2,$37,$0,$48,$619,$0,$0,$0,$0,$0,$0,$0,$0,$0,$-0,$-1,$0,$0,$0,$0,$-23,$0,$-24,$0,$26,$-25,$0,$4,$-0,$17,$22,$-2,$0,$0
40,2008-09-30,9.39,$0.00,0.0,$19.89,0.47,$1.79,5.25,$0.67,14.02,$0.42B,$0.47B,0.88,$0.09B,$0.04B,2.07,$0.05B,$0.03B,60.00%,$0.05B,$0.00B,4.44%,$0.05B,0,0.00%,$0.05B,0,0.00%,$0.05B,$0.00B,6.67%,$0.05B,$0.00B,2.22%,$0.00B,$0.04B,2.42%,$0.00B,$0.03B,3.51%,$0.00B,$0.61B,0.17%,$0.00B,$0.13B,1.53%,$11,$5,$7,$0,$6,$11,$0,$0,$-0,$-0,$0,$0,$0,$0,$0,$2,2,$0.03,$0.03,$11,$0,$0,$416,$0,$150,$13,$17,$180,$605,$473,$85,$3,$88,$564,$2,$37,$0,$41,$605,$0,$0,$0,$0,$0,$0,$0,$0,$0,$0,$-1,$0,$0,$0,$0,$-12,$0,$-13,$0,$42,$-24,$0,$0,$-0,$-7,$11,$-2,$0,$0
41,2008-06-30,9.09,$0.00,0.0,$19.55,0.47,$1.71,5.32,$0.82,11.09,$0.42B,$0.46B,0.91,$0.10B,$0.04B,2.35,$0.05B,$0.03B,57.78%,$0.05B,$0.00B,6.67%,$0.05B,0,0.00%,$0.05B,0,0.00%,$0.05B,$0.00B,8.89%,$0.05B,$0.00B,2.22%,$0.00B,$0.04B,2.42%,$0.00B,$0.03B,3.42%,$0.00B,$0.60B,0.17%,$0.00B,$0.14B,2.29%,$11,$5,$7,$0,$6,$11,$0,$0,$1,$0,$0,$0,$0,$0,$0,$2,2,$0.18,$0.18,$13,$0,$0,$418,$0,$140,$13,$18,$171,$598,$458,$95,$3,$97,$558,$2,$37,$0,$40,$598,$2,$2,$0,$2,$0,$0,$0,$0,$1,$5,$-2,$0,$-4,$0,$0,$-27,$-2,$-35,$0,$39,$-2,$0,$-2,$-1,$-1,$32,$2,$0,$0
42,2008-03-31,11.88,$0.00,0.0,$19.04,0.62,$1.25,9.54,$0.84,14.15,$0.41B,$0.45B,0.93,$0.09B,$0.04B,2.13,$0.05B,$0.03B,55.56%,$0.05B,$0.00B,6.67%,$0.05B,0,0.00%,$0.05B,0,0.00%,$0.05B,$0.00B,8.89%,$0.05B,$0.00B,2.22%,$0.00B,$0.04B,2.41%,$0.00B,$0.03B,3.23%,$0.00B,$0.59B,0.17%,$0.00B,$0.13B,2.29%,$12,$5,$7,$0,$6,$12,$1,$0,$1,$0,$1,$1,$1,$0,$0,$2,2,$0.29,$0.29,$9,$0,$0,$414,$0,$135,$13,$16,$164,$586,$447,$91,$3,$94,$544,$2,$36,$0,$43,$586,$0,$0,$0,$0,$0,$0,$0,$0,$0,$2,$-1,$0,$-4,$0,$0,$-19,$-2,$-26,$0,$35,$-6,$0,$-2,$-1,$-3,$23,$-1,$0,$0
43,2007-12-31,11.37,$0.00,0.0,$18.07,0.63,$-0.07,0.0,$0.76,14.96,$0.41B,$0.46B,0.91,$0.09B,$0.04B,2.07,$0.04B,$0.02B,54.55%,$0.04B,$0.00B,4.55%,$0.04B,0,0.00%,$0.04B,0,0.00%,$0.04B,$0.00B,9.09%,$0.04B,$0.00B,2.27%,$0.00B,$0.04B,2.42%,$0.00B,$0.03B,3.10%,$0.00B,$0.59B,0.18%,$0.00B,$0.13B,1.56%,$11,$6,$6,$0,$5,$11,$1,$0,$1,$0,$0,$0,$0,$0,$0,$2,2,$0.17,$0.17,$9,$0,$0,$414,$0,$136,$14,$17,$167,$588,$456,$85,$3,$88,$547,$2,$36,$0,$41,$588,$0,$0,$0,$0,$0,$0,$0,$0,$0,$1,$-1,$0,$-4,$0,$0,$-23,$-2,$-29,$0,$43,$-13,$0,$-2,$-0,$-1,$26,$-2,$0,$0
44,2007-09-30,14.05,$0.00,0.0,$17.59,0.8,$0.08,171.55,$0.76,18.49,$0.43B,$0.44B,0.97,$0.09B,$0.04B,2.18,$0.04B,$0.02B,54.55%,$0.04B,$0.00B,2.27%,$0.04B,0,0.00%,$0.04B,0,0.00%,$0.04B,$0.00B,9.09%,$0.04B,$0.00B,2.27%,$0.00B,$0.04B,2.42%,$0.00B,$0.03B,2.92%,$0.00B,$0.57B,0.18%,$0.00B,$0.13B,0.78%,$11,$5,$6,$0,$5,$10,$1,$0,$1,$0,$0,$0,$0,$0,$0,$2,2,$0.18,$0.18,$9,$0,$0,$427,$0,$116,$8,$15,$139,$574,$439,$88,$3,$91,$533,$2,$36,$0,$41,$574,$0,$0,$0,$0,$0,$0,$0,$0,$0,$-0,$-0,$0,$-0,$0,$0,$-17,$0,$-18,$0,$29,$-7,$0,$-1,$-0,$-4,$17,$-2,$0,$0
45,2007-06-30,14.23,$0.00,0.0,$17.33,0.82,$0.29,48.72,$0.76,18.72,$0.43B,$0.41B,1.05,$0.10B,$0.04B,2.33,$0.04B,$0.02B,55.81%,$0.04B,$0.00B,2.33%,$0.04B,0,0.00%,$0.04B,0,0.00%,$0.04B,$0.00B,9.30%,$0.04B,$0.00B,2.33%,$0.00B,$0.04B,2.42%,$0.00B,$0.03B,2.80%,$0.00B,$0.56B,0.18%,$0.00B,$0.14B,0.80%,$11,$5,$6,$0,$5,$10,$0,$0,$1,$0,$1,$0,$0,$0,$0,$2,2,$0.20,$0.20,$11,$0,$0,$433,$0,$93,$7,$16,$116,$557,$414,$95,$4,$99,$516,$2,$36,$0,$41,$557,$2,$1,$0,$1,$0,$0,$0,$0,$0,$3,$-1,$0,$-3,$0,$0,$11,$0,$7,$0,$3,$17,$0,$-0,$-1,$-31,$-11,$-1,$0,$0
46,2007-03-31,14.66,$0.00,0.0,$17.40,0.84,$1.18,12.39,$0.97,15.11,$0.44B,$0.43B,1.02,$0.08B,$0.04B,1.95,$0.04B,$0.02B,55.81%,$0.04B,$0.00B,4.65%,$0.04B,0,0.00%,$0.04B,0,0.00%,$0.04B,$0.00B,9.30%,$0.04B,$0.00B,4.65%,$0.00B,$0.04B,4.91%,$0.00B,$0.04B,5.48%,$0.00B,$0.56B,0.35%,$0.00B,$0.12B,1.67%,$11,$5,$6,$0,$5,$10,$0,$0,$1,$0,$1,$1,$1,$0,$0,$2,2,$0.21,$0.21,$20,$0,$0,$443,$0,$91,$6,$15,$112,$562,$433,$81,$3,$85,$520,$2,$35,$0,$42,$562,$0,$0,$0,$0,$0,$0,$0,$0,$0,$-2,$-0,$0,$-2,$0,$0,$19,$0,$16,$0,$4,$3,$0,$0,$-1,$-13,$-6,$8,$0,$0
47,2006-12-31,14.95,$0.00,0.0,$17.18,0.87,$3.06,4.89,$1.11,13.46,$0.44B,$0.43B,1.03,$0.08B,$0.04B,2.0,$0.04B,$0.02B,57.14%,$0.04B,$0.00B,7.14%,$0.04B,0,0.00%,$0.04B,0,0.00%,$0.04B,$0.00B,9.52%,$0.04B,$0.00B,4.76%,$0.00B,$0.04B,5.00%,$0.00B,$0.04B,5.41%,$0.00B,$0.56B,0.35%,$0.00B,$0.12B,2.41%,$11,$5,$6,$0,$5,$10,$0,$0,$1,$0,$0,$0,$0,$0,$0,$2,2,$0.17,$0.17,$12,$0,$0,$444,$0,$89,$5,$15,$109,$560,$430,$82,$3,$85,$518,$2,$35,$0,$41,$560,$0,$0,$0,$0,$0,$0,$0,$0,$0,$1,$-0,$0,$-1,$0,$0,$8,$0,$6,$0,$13,$5,$0,$0,$-0,$-24,$-7,$0,$0,$0
