,Date,Stock Price,Book Value per Share,Price to Book Ratio,TTM Sales per Share,Price to Sales Ratio,TTM FCF per Share,Price to FCF Ratio,TTM Net EPS,PE Ratio,Current Assets,Current Liabilities,Current Ratio,Long Term Debt,Shareholder's Equity_x,Debt to Equity Ratio,TTM Revenue_x,TTM Gross Profit,Gross Margin,TTM Revenue_y,TTM Operating Income,Operating Margin,TTM Revenue_x,TTM EBIT,EBIT Margin,TTM Revenue_y,TTM EBITDA,EBITDA Margin,TTM Revenue_x,TTM Pre-Tax Income,Pre-Tax Margin,TTM Revenue_y,TTM Net Income_x,Net Margin,TTM Net Income_y,Shareholder's Equity_y,Return on Equity,TTM Net Income_x,Tangible Equity,Return on Tangible Equity,TTM Net Income_y,Total Assets,Return on Assets,TTM Net Income,LT Investments & Debt,Return on Investment,revenue,cost-goods-sold,gross-profit,research-development-expenses,selling-general-administrative-expenses,operating-expenses,operating-income,total-non-operating-income-expense,pre-tax-income,total-provision-income-taxes,income-after-taxes,income-from-continuous-operations,net-income,ebitda,ebit,basic-shares-outstanding,shares-outstanding,eps-basic-net-earnings-per-share,eps-earnings-per-share-diluted,cash-on-hand,inventory,other-current-assets,total-current-assets,net-property-plant-equipment,long-term-investments,goodwill-intangible-assets-total,other-long-term-assets,total-long-term-assets,total-assets,total-current-liabilities,long-term-debt,other-non-current-liabilities,total-long-term-liabilities,total-liabilities,common-stock-net,retained-earnings-accumulated-deficit,comprehensive-income,total-share-holder-equity,total-liabilities-share-holders-equity,net-income-loss,total-depreciation-amortization-cash-flow,other-non-cash-items,total-non-cash-items,change-in-accounts-receivable,change-in-inventories,change-in-accounts-payable,change-in-assets-liabilities,total-change-in-assets-liabilities,cash-flow-from-operating-activities,net-change-in-property-plant-equipment,net-change-in-intangible-assets,net-acquisitions-divestitures,net-change-in-short-term-investments,net-change-in-long-term-investments,net-change-in-investments-total,investing-activities-other,cash-flow-from-investing-activities,net-long-term-debt,net-current-debt,debt-issuance-retirement-net-total,net-common-equity-issued-repurchased,net-total-equity-issued-repurchased,total-common-preferred-stock-dividends-paid,financial-activities-other,cash-flow-from-financial-activities,net-cash-flow,stock-based-compensation,common-stock-dividends-paid
0,2018-09-30,6.16,$8.29,0.74,$9.44,0.65,$-3.54,0.0,$-1.82,0.0,$1.54B,$0.75B,2.05,$3.74B,$2.96B,1.26,$2.98B,$1.04B,34.99%,$2.98B,$-0.51B,-17.21%,$2.98B,$-0.28B,-9.49%,$2.98B,$0.60B,20.26%,$2.98B,$-0.51B,-17.21%,$2.98B,$-0.58B,-19.49%,$-0.58B,$2.96B,-19.81%,$-0.58B,$2.79B,-21.06%,$-0.58B,$7.96B,-7.05%,$-0.51B,$6.70B,-7.44%,$778,$497,$281,$14,$67,$861,$-83,$0,$-83,$10,$-94,$-94,$-119,$185,$-32,$350,350,$-0.35,$-0.35,$389,$167,$209,$1539,$5609,$0,$173,$232,$6422,$7961,$752,$3737,$273,$4244,$4997,$0,$864,$-7,$2964,$7961,$-447,$664,$161,$825,$-82,$-1,$0,$-33,$-301,$77,$-339,$0,$0,$0,$2,$2,$87,$-250,$-310,$-0,$-310,$302,$580,$-61,$-22,$187,$9,$20,$-58
1,2018-06-30,6.41,$8.64,0.74,$9.59,0.67,$-4.53,0.0,$-1.99,0.0,$1.78B,$0.87B,2.04,$3.82B,$3.09B,1.24,$2.87B,$0.98B,34.31%,$2.87B,$-0.56B,-19.69%,$2.87B,$-0.33B,-11.52%,$2.87B,$0.56B,19.69%,$2.87B,$-0.56B,-19.69%,$2.87B,$-0.61B,-21.33%,$-0.61B,$3.09B,-20.90%,$-0.61B,$2.92B,-22.22%,$-0.61B,$8.30B,-7.39%,$-0.56B,$6.91B,-8.13%,$759,$494,$265,$12,$68,$931,$-172,$0,$-172,$23,$-195,$-195,$-202,$115,$-111,$328,328,$-0.61,$-0.61,$637,$173,$193,$1782,$5710,$0,$173,$229,$6518,$8300,$874,$3819,$290,$4338,$5212,$0,$1007,$-13,$3089,$8300,$-339,$447,$124,$571,$-87,$-7,$0,$-16,$-154,$77,$-209,$0,$0,$0,$2,$2,$77,$-130,$-211,$-0,$-211,$302,$581,$-36,$-21,$312,$255,$15,$-36
2,2018-03-31,6.93,$8.62,0.8,$9.54,0.73,$-5.29,0.0,$-1.84,0.0,$1.49B,$0.77B,1.95,$4.26B,$2.74B,1.56,$2.74B,$0.93B,34.03%,$2.74B,$-0.53B,-19.26%,$2.74B,$-0.30B,-10.93%,$2.74B,$0.58B,21.35%,$2.74B,$-0.53B,-19.26%,$2.74B,$-0.54B,-19.81%,$-0.54B,$2.74B,-18.57%,$-0.54B,$2.56B,-19.73%,$-0.54B,$8.30B,-6.59%,$-0.53B,$6.99B,-7.62%,$735,$475,$259,$16,$75,$855,$-120,$0,$-120,$24,$-144,$-144,$-144,$163,$-59,$309,309,$-0.46,$-0.46,$394,$174,$193,$1494,$5969,$0,$173,$246,$6805,$8300,$767,$4256,$322,$4796,$5563,$0,$1233,$-7,$2737,$8300,$-144,$221,$25,$246,$-34,$-8,$0,$0,$-184,$-82,$-94,$0,$0,$0,$0,$0,$4,$-89,$234,$-0,$234,$0,$0,$-17,$-15,$202,$30,$9,$-17
3,2017-12-31,6.72,$9.34,0.72,$9.19,0.73,$-5.60,0.0,$-1.90,0.0,$1.45B,$0.92B,1.57,$4.03B,$2.94B,1.37,$2.56B,$0.85B,33.07%,$2.56B,$-0.58B,-22.62%,$2.56B,$-0.36B,-13.92%,$2.56B,$0.52B,20.09%,$2.56B,$-0.58B,-22.62%,$2.56B,$-0.55B,-21.33%,$-0.55B,$2.94B,-18.05%,$-0.55B,$2.77B,-19.12%,$-0.55B,$8.40B,-6.70%,$-0.58B,$6.97B,-8.43%,$709,$472,$238,$15,$59,$847,$-138,$0,$-138,$-23,$-115,$-115,$-116,$141,$-81,$281,281,$-0.40,$-0.40,$365,$166,$217,$1447,$6110,$0,$173,$253,$6955,$8402,$919,$4028,$302,$4544,$5463,$0,$1423,$11,$2939,$8402,$-541,$873,$115,$988,$-165,$-17,$0,$-296,$-385,$63,$-574,$0,$9,$0,$6,$6,$57,$-502,$417,$-1,$416,$-10,$-10,$-69,$174,$512,$73,$32,$-69
4,2017-09-30,7.86,$10.24,0.77,$8.61,0.91,$-3.28,0.0,$-2.68,0.0,$1.18B,$0.83B,1.41,$3.96B,$2.93B,1.35,$2.39B,$0.82B,34.17%,$2.39B,$-0.84B,-34.88%,$2.39B,$-0.62B,-25.94%,$2.39B,$0.25B,10.32%,$2.39B,$-0.84B,-34.88%,$2.39B,$-0.77B,-32.04%,$-0.77B,$2.93B,-24.66%,$-0.77B,$2.75B,-26.07%,$-0.77B,$8.09B,-9.45%,$-0.84B,$6.89B,-12.20%,$662,$441,$221,$13,$65,$796,$-134,$0,$-134,$-15,$-119,$-119,$-149,$145,$-79,$279,279,$-0.52,$-0.52,$220,$119,$214,$1175,$6052,$0,$173,$244,$6914,$8089,$831,$3959,$352,$4331,$5161,$0,$1557,$16,$2927,$8089,$-425,$651,$-31,$621,$-128,$-15,$0,$-130,$-231,$-36,$-449,$0,$-51,$0,$6,$6,$33,$-461,$514,$-1,$513,$8,$8,$-51,$-46,$424,$-73,$25,$-51
5,2017-06-30,7.86,$10.75,0.73,$8.12,0.97,$-1.11,0.0,$-2.55,0.0,$1.17B,$0.88B,1.34,$3.74B,$3.07B,1.22,$2.25B,$0.81B,36.01%,$2.25B,$-0.83B,-36.86%,$2.25B,$-0.62B,-27.71%,$2.25B,$0.24B,10.79%,$2.25B,$-0.83B,-36.86%,$2.25B,$-0.73B,-32.37%,$-0.73B,$3.07B,-22.24%,$-0.73B,$2.91B,-23.43%,$-0.73B,$8.09B,-8.89%,$-0.83B,$6.81B,-12.04%,$630,$418,$213,$11,$64,$765,$-135,$0,$-135,$-19,$-115,$-115,$-133,$135,$-80,$279,279,$-0.46,$-0.46,$232,$108,$251,$1174,$6142,$0,$167,$199,$6918,$8092,$877,$3740,$391,$4143,$5020,$0,$1722,$5,$3073,$8092,$-279,$426,$-48,$379,$-89,$-4,$0,$-104,$-109,$-10,$-316,$0,$0,$0,$8,$8,$19,$-289,$143,$-0,$142,$8,$8,$-34,$114,$230,$-67,$18,$-34
6,2017-03-31,12.53,$11.15,1.12,$7.73,1.62,$0.58,21.75,$-2.74,0.0,$1.12B,$0.77B,1.46,$3.66B,$3.19B,1.15,$2.14B,$0.77B,36.19%,$2.14B,$-0.92B,-43.15%,$2.14B,$-0.73B,-33.99%,$2.14B,$0.15B,6.87%,$2.14B,$-0.92B,-43.15%,$2.14B,$-0.78B,-36.51%,$-0.78B,$3.19B,-22.70%,$-0.78B,$3.02B,-23.86%,$-0.78B,$8.10B,-9.36%,$-0.92B,$6.85B,-13.19%,$563,$388,$176,$12,$63,$737,$-173,$0,$-173,$-26,$-148,$-148,$-149,$94,$-117,$278,278,$-0.52,$-0.52,$229,$109,$270,$1123,$6219,$0,$167,$213,$6973,$8095,$772,$3662,$467,$4137,$4909,$0,$1872,$-11,$3186,$8095,$-148,$211,$-27,$184,$-19,$-5,$0,$-49,$-94,$-58,$-183,$0,$0,$0,$0,$0,$3,$-180,$238,$-0,$238,$8,$8,$-17,$-56,$173,$-63,$10,$-17
7,2016-12-31,15.65,$11.46,1.37,$7.26,2.16,$1.56,10.03,$-3.63,0.0,$1.16B,$0.82B,1.41,$3.58B,$3.26B,1.1,$2.01B,$0.66B,33.08%,$2.01B,$-1.20B,-59.74%,$2.01B,$-1.01B,-50.47%,$2.01B,$-0.13B,-6.58%,$2.01B,$-1.20B,-59.74%,$2.01B,$-1.03B,-51.32%,$-1.03B,$3.26B,-28.43%,$-1.03B,$3.09B,-29.80%,$-1.03B,$8.19B,-12.04%,$-1.20B,$6.83B,-16.75%,$539,$332,$208,$9,$53,$932,$-393,$0,$-393,$-63,$-330,$-330,$-336,$-127,$-345,$276,276,$-1.19,$-1.19,$295,$104,$249,$1156,$6268,$0,$167,$230,$7031,$8187,$822,$3578,$522,$4110,$4932,$0,$2033,$-12,$3255,$8187,$-1030,$881,$589,$1469,$250,$41,$0,$28,$92,$532,$-395,$0,$-22,$0,$1,$1,$35,$-382,$-64,$-6,$-70,$-1,$-1,$-51,$-16,$-138,$10,$32,$-51
8,2016-09-30,11.56,$12.70,0.91,$7.76,1.49,$1.03,11.24,$-3.03,0.0,$1.07B,$0.79B,1.36,$3.48B,$3.60B,0.97,$2.16B,$0.71B,32.61%,$2.16B,$-1.03B,-47.64%,$2.16B,$-0.85B,-39.13%,$2.16B,$0.06B,2.59%,$2.16B,$-1.03B,-47.64%,$2.16B,$-0.86B,-39.69%,$-0.86B,$3.60B,-22.10%,$-0.86B,$3.43B,-23.09%,$-0.86B,$8.43B,-9.65%,$-1.03B,$7.08B,-13.85%,$520,$306,$214,$8,$56,$649,$-129,$0,$-129,$-31,$-98,$-98,$-111,$141,$-82,$277,277,$-0.39,$-0.39,$201,$142,$226,$1072,$6617,$1,$167,$568,$7352,$8425,$788,$3476,$551,$4038,$4826,$0,$2386,$-12,$3599,$8425,$-695,$662,$354,$1017,$255,$15,$0,$23,$83,$405,$-285,$0,$0,$0,$1,$1,$27,$-258,$-178,$-6,$-184,$-1,$-1,$-34,$-4,$-223,$-77,$24,$-34
9,2016-06-30,9.5,$13.14,0.72,$8.74,1.09,$0.11,89.04,$-3.66,0.0,$1.19B,$0.87B,1.37,$3.50B,$3.72B,0.94,$2.45B,$0.79B,31.99%,$2.45B,$-1.23B,-50.24%,$2.45B,$-1.05B,-42.83%,$2.45B,$-0.13B,-5.34%,$2.45B,$-1.23B,-50.24%,$2.45B,$-1.04B,-42.50%,$-1.04B,$3.72B,-25.37%,$-1.04B,$3.56B,-26.42%,$-1.04B,$8.66B,-11.25%,$-1.23B,$7.23B,-15.95%,$517,$341,$176,$8,$57,$745,$-228,$0,$-228,$-41,$-187,$-187,$-185,$39,$-183,$277,277,$-0.65,$-0.65,$256,$152,$280,$1191,$6765,$1,$167,$532,$7465,$8656,$868,$3503,$518,$4065,$4934,$0,$2514,$-8,$3723,$8656,$-585,$440,$368,$807,$256,$5,$0,$-15,$114,$337,$-193,$0,$0,$0,$0,$0,$14,$-179,$-150,$-6,$-156,$-2,$-2,$-17,$-4,$-178,$-21,$17,$-17
10,2016-03-31,8.65,$13.89,0.62,$9.89,0.87,$-0.58,0.0,$-3.14,0.0,$1.26B,$0.87B,1.45,$3.58B,$3.92B,0.92,$2.80B,$0.98B,35.14%,$2.80B,$-0.98B,-35.00%,$2.80B,$-0.80B,-28.54%,$2.80B,$0.12B,4.25%,$2.80B,$-0.98B,-35.00%,$2.80B,$-0.90B,-31.96%,$-0.90B,$3.92B,-20.27%,$-0.90B,$3.75B,-21.01%,$-0.90B,$8.95B,-9.20%,$-0.98B,$7.50B,-12.12%,$431,$365,$66,$8,$62,$879,$-449,$0,$-449,$-52,$-397,$-397,$-398,$-185,$-403,$276,276,$-1.41,$-1.41,$222,$154,$290,$1259,$6942,$95,$167,$487,$7691,$8950,$871,$3584,$565,$4163,$5034,$0,$2716,$-13,$3916,$8950,$-398,$218,$288,$506,$166,$2,$0,$5,$53,$162,$-130,$0,$0,$0,$0,$0,$1,$-129,$-67,$1,$-66,$-2,$-2,$-17,$-3,$-88,$-54,$7,$-17
11,2015-12-31,7.94,$15.27,0.52,$13.30,0.6,$-0.90,0.0,$-1.31,0.0,$1.48B,$1.01B,1.47,$3.66B,$4.29B,0.85,$3.79B,$1.42B,37.48%,$3.79B,$-0.43B,-11.26%,$3.79B,$-0.25B,-6.49%,$3.79B,$0.74B,19.39%,$3.79B,$-0.43B,-11.26%,$3.79B,$-0.37B,-9.84%,$-0.37B,$4.29B,-7.97%,$-0.37B,$4.13B,-8.21%,$-0.37B,$9.54B,-3.68%,$-0.43B,$7.95B,-5.08%,$694,$445,$249,$9,$61,$918,$-224,$0,$-224,$-63,$-161,$-161,$-164,$61,$-178,$283,283,$-0.57,$-0.56,$275,$154,$263,$1476,$7028,$415,$167,$452,$8062,$9538,$1006,$3655,$553,$4237,$5244,$0,$3131,$-48,$4294,$9538,$-372,$981,$263,$1243,$529,$24,$0,$0,$-15,$857,$-867,$0,$-80,$0,$1,$1,$719,$-227,$-678,$1,$-677,$-98,$-98,$-69,$-6,$-850,$-247,$47,$-69
12,2015-09-30,8.76,$15.91,0.55,$16.99,0.52,$-1.00,0.0,$-3.81,0.0,$1.72B,$1.05B,1.64,$3.74B,$4.51B,0.83,$4.88B,$1.76B,36.09%,$4.88B,$-1.11B,-22.80%,$4.88B,$-0.93B,-19.13%,$4.88B,$0.11B,2.25%,$4.88B,$-1.11B,-22.80%,$4.88B,$-1.10B,-22.53%,$-1.10B,$4.51B,-22.75%,$-1.10B,$4.36B,-23.41%,$-1.10B,$9.93B,-10.25%,$-1.11B,$8.25B,-12.75%,$812,$518,$294,$10,$72,$1144,$-332,$0,$-332,$-81,$-251,$-251,$-296,$-46,$-287,$284,284,$-1.02,$-1.02,$277,$177,$354,$1719,$7288,$463,$150,$310,$8210,$9929,$1050,$3738,$630,$4368,$5418,$0,$3312,$-22,$4511,$9929,$-209,$742,$199,$941,$450,$9,$0,$155,$-127,$605,$-744,$0,$-58,$0,$0,$0,$682,$-120,$-613,$3,$-609,$-44,$-44,$-52,$-8,$-713,$-250,$39,$-52
13,2015-06-30,13.3,$16.92,0.79,$20.27,0.66,$-0.85,0.0,$-2.44,0.0,$1.97B,$1.22B,1.61,$3.69B,$4.94B,0.75,$5.88B,$2.10B,35.68%,$5.88B,$-0.62B,-10.49%,$5.88B,$-0.44B,-7.48%,$5.88B,$0.65B,11.05%,$5.88B,$-0.62B,-10.49%,$5.88B,$-0.70B,-11.86%,$-0.70B,$4.94B,-13.49%,$-0.70B,$4.80B,-14.11%,$-0.70B,$10.52B,-6.12%,$-0.62B,$8.63B,-6.71%,$863,$489,$375,$10,$76,$839,$25,$0,$25,$66,$-42,$-42,$-37,$289,$69,$286,286,$-0.13,$-0.13,$470,$184,$407,$1969,$7405,$679,$140,$324,$8548,$10517,$1223,$3691,$627,$4355,$5578,$0,$3625,$25,$4939,$10517,$87,$501,$-9,$492,$449,$8,$0,$145,$-61,$517,$-567,$0,$-58,$1,$-0,$0,$687,$62,$-658,$60,$-598,$1,$1,$-35,$-7,$-639,$-64,$30,$-35
14,2015-03-31,12.53,$17.08,0.73,$22.65,0.55,$-0.73,0.0,$-2.10,0.0,$2.17B,$1.16B,1.88,$3.82B,$4.97B,0.77,$6.64B,$2.28B,34.34%,$6.64B,$-0.56B,-8.49%,$6.64B,$-0.39B,-5.80%,$6.64B,$0.77B,11.58%,$6.64B,$-0.56B,-8.49%,$6.64B,$-0.60B,-8.99%,$-0.60B,$4.97B,-10.93%,$-0.60B,$4.89B,-11.61%,$-0.60B,$10.61B,-5.02%,$-0.56B,$8.78B,-5.91%,$1422,$920,$503,$12,$115,$1319,$104,$0,$104,$-21,$124,$124,$124,$431,$150,$285,286,$0.43,$0.42,$621,$190,$296,$2170,$7334,$733,$81,$286,$8434,$10605,$1157,$3817,$605,$4480,$5637,$0,$3679,$15,$4968,$10605,$124,$281,$-111,$170,$245,$1,$0,$19,$13,$307,$-364,$0,$0,$0,$0,$0,$704,$340,$-533,$-1,$-534,$0,$0,$-17,$-5,$-555,$85,$14,$-17
15,2014-12-31,11.86,$17.00,0.7,$22.99,0.52,$-0.37,0.0,$-2.36,0.0,$2.74B,$1.57B,1.75,$4.33B,$4.92B,0.88,$6.81B,$2.30B,33.84%,$6.81B,$-0.60B,-8.87%,$6.81B,$-0.43B,-6.26%,$6.81B,$0.73B,10.71%,$6.81B,$-0.60B,-8.87%,$6.81B,$-0.67B,-9.85%,$-0.67B,$4.92B,-11.75%,$-0.67B,$4.75B,-12.70%,$-0.67B,$11.86B,-5.47%,$-0.60B,$9.25B,-6.16%,$1785,$1195,$590,$0,$93,$2695,$-910,$0,$-910,$-24,$-886,$-886,$-891,$-564,$-866,$291,291,$-3.02,$-3.00,$536,$230,$340,$2742,$8599,$58,$174,$290,$9121,$11863,$1567,$4332,$602,$5377,$6944,$0,$3573,$78,$4919,$11863,$-669,$1156,$808,$1963,$-127,$-65,$0,$469,$488,$1782,$-1821,$0,$-73,$0,$22,$22,$155,$-1717,$437,$-6,$431,$-220,$-291,$-59,$-12,$70,$111,$37,$-59
16,2014-09-30,20.68,$20.29,1.02,$22.27,0.93,$0.58,35.89,$1.22,16.95,$2.79B,$1.42B,1.97,$4.26B,$5.87B,0.72,$6.63B,$2.29B,34.51%,$6.63B,$0.41B,6.17%,$6.63B,$0.59B,8.90%,$6.63B,$1.73B,26.06%,$6.63B,$0.41B,6.17%,$6.63B,$0.37B,5.60%,$0.37B,$5.87B,6.21%,$0.37B,$5.36B,6.79%,$0.37B,$12.62B,3.00%,$0.41B,$10.13B,4.11%,$1813,$1182,$631,$0,$139,$1649,$164,$0,$164,$62,$102,$102,$106,$494,$207,$293,295,$0.36,$0.35,$465,$243,$368,$2792,$9017,$63,$512,$235,$9827,$12619,$1416,$4255,$597,$5331,$6746,$0,$4482,$132,$5873,$12619,$222,$854,$13,$867,$-229,$-35,$0,$302,$156,$1244,$-1344,$0,$-10,$0,$21,$21,$126,$-1207,$346,$-14,$333,$-220,$-291,$-42,$-8,$-7,$15,$28,$-42
17,2014-06-30,26.62,$20.29,1.31,$21.37,1.25,$1.57,16.93,$0.52,51.2,$2.81B,$1.32B,2.13,$3.96B,$6.08B,0.65,$6.37B,$2.23B,34.96%,$6.37B,$0.11B,1.74%,$6.37B,$0.31B,4.79%,$6.37B,$1.44B,22.63%,$6.37B,$0.11B,1.74%,$6.37B,$0.16B,2.51%,$0.16B,$6.08B,2.68%,$0.16B,$5.57B,2.93%,$0.16B,$12.44B,1.31%,$0.11B,$10.04B,1.12%,$1623,$1066,$557,$0,$134,$1546,$78,$0,$78,$11,$67,$66,$64,$408,$124,$298,301,$0.21,$0.21,$486,$216,$572,$2811,$8833,$63,$513,$216,$9625,$12436,$1320,$3956,$597,$5034,$6354,$0,$4394,$189,$6082,$12436,$115,$566,$40,$606,$-48,$-7,$0,$185,$125,$846,$-863,$0,$-10,$0,$21,$21,$69,$-783,$51,$-13,$38,$29,$-42,$-24,$-7,$-35,$21,$19,$-24
18,2014-03-31,22.31,$20.08,1.11,$20.94,1.07,$2.18,10.22,$0.30,74.37,$2.69B,$1.24B,2.17,$3.81B,$5.97B,0.64,$6.22B,$2.17B,34.91%,$6.22B,$0.07B,1.09%,$6.22B,$0.28B,4.44%,$6.22B,$1.41B,22.72%,$6.22B,$0.07B,1.09%,$6.22B,$0.09B,1.48%,$0.09B,$5.97B,1.55%,$0.09B,$5.46B,1.69%,$0.09B,$12.19B,0.75%,$0.07B,$9.78B,0.69%,$1588,$1062,$526,$0,$134,$1524,$64,$0,$64,$14,$50,$49,$50,$391,$109,$296,299,$0.17,$0.16,$425,$194,$484,$2691,$8691,$66,$512,$227,$9496,$12187,$1238,$3812,$570,$4978,$6216,$0,$4343,$160,$5971,$12187,$50,$282,$15,$297,$-57,$14,$0,$194,$97,$445,$-396,$0,$-10,$0,$-1,$-1,$22,$-386,$-92,$-2,$-94,$5,$5,$-12,$-12,$-112,$-63,$11,$-12
19,2013-12-31,15.35,$20.25,0.76,$21.13,0.73,$1.83,8.38,$0.47,32.66,$2.75B,$1.31B,2.1,$3.90B,$5.98B,0.65,$6.25B,$2.27B,36.30%,$6.25B,$0.11B,1.71%,$6.25B,$0.33B,5.28%,$6.25B,$1.46B,23.34%,$6.25B,$0.11B,1.71%,$6.25B,$0.14B,2.26%,$0.14B,$5.98B,2.38%,$0.14B,$5.47B,2.59%,$0.14B,$12.16B,1.15%,$0.11B,$9.89B,1.07%,$1606,$1033,$574,$0,$90,$1504,$103,$0,$103,$-26,$129,$129,$151,$435,$150,$294,297,$0.49,$0.50,$507,$210,$516,$2754,$8598,$67,$513,$228,$9406,$12160,$1311,$3904,$378,$4867,$6179,$0,$4305,$216,$5981,$12160,$147,$1128,$140,$1268,$-45,$39,$0,$-74,$3,$1418,$-1178,$0,$-117,$0,$171,$171,$309,$-815,$-686,$-4,$-690,$5,$5,$-47,$2,$-730,$-135,$53,$-47
20,2013-09-30,14.47,$19.78,0.73,$20.95,0.69,$1.17,12.34,$0.06,241.24,$2.96B,$1.13B,2.63,$4.04B,$5.84B,0.69,$6.17B,$2.27B,36.81%,$6.17B,$0.14B,2.30%,$6.17B,$0.38B,6.16%,$6.17B,$1.51B,24.45%,$6.17B,$0.14B,2.30%,$6.17B,$0.02B,0.29%,$0.02B,$5.84B,0.30%,$0.02B,$5.36B,0.33%,$0.02B,$12.20B,0.14%,$0.14B,$9.87B,1.40%,$1550,$982,$569,$0,$128,$1685,$-134,$0,$-134,$-45,$-90,$-91,$-105,$207,$-78,$295,295,$-0.35,$-0.35,$492,$229,$633,$2956,$8464,$72,$480,$230,$9246,$12202,$1125,$4036,$441,$5239,$6365,$0,$4074,$312,$5838,$12202,$-4,$843,$224,$1067,$-22,$20,$0,$-44,$-88,$975,$-781,$0,$-38,$0,$168,$168,$139,$-511,$-542,$-7,$-549,$4,$4,$-35,$-7,$-587,$-129,$46,$-35
21,2013-06-30,13.76,$20.11,0.68,$21.29,0.65,$0.08,175.55,$0.67,20.54,$2.89B,$1.18B,2.45,$4.07B,$5.93B,0.69,$6.26B,$2.23B,35.69%,$6.26B,$0.34B,5.37%,$6.26B,$0.58B,9.30%,$6.26B,$1.70B,27.09%,$6.26B,$0.34B,5.37%,$6.26B,$0.20B,3.18%,$0.20B,$5.93B,3.35%,$0.20B,$5.45B,3.65%,$0.20B,$12.27B,1.58%,$0.34B,$10.00B,3.26%,$1474,$972,$502,$0,$131,$1439,$35,$0,$35,$6,$29,$28,$-4,$380,$95,$295,297,$-0.01,$-0.01,$608,$235,$604,$2893,$8578,$72,$487,$237,$9374,$12267,$1180,$4071,$464,$5153,$6334,$0,$4192,$299,$5933,$12267,$100,$558,$-25,$533,$23,$14,$0,$-14,$32,$665,$-500,$0,$-38,$0,$169,$169,$27,$-342,$-301,$-9,$-310,$3,$3,$-24,$-3,$-333,$-17,$39,$-24
22,2013-03-31,14.55,$20.31,0.72,$21.87,0.67,$-1.36,0.0,$0.43,33.83,$3.12B,$1.09B,2.86,$4.38B,$5.99B,0.73,$6.39B,$2.22B,34.67%,$6.39B,$0.17B,2.61%,$6.39B,$0.42B,6.51%,$6.39B,$1.51B,23.57%,$6.39B,$0.17B,2.61%,$6.39B,$0.13B,2.03%,$0.13B,$5.99B,2.21%,$0.13B,$5.50B,2.40%,$0.13B,$12.59B,1.02%,$0.17B,$10.36B,1.62%,$1618,$995,$623,$0,$131,$1515,$103,$0,$103,$10,$93,$92,$99,$436,$163,$292,294,$0.34,$0.33,$690,$245,$656,$3119,$8642,$69,$488,$269,$9467,$12585,$1091,$4380,$491,$5510,$6601,$0,$4207,$343,$5985,$12585,$99,$273,$-37,$236,$-61,$6,$0,$-49,$-156,$179,$-236,$0,$-38,$0,$142,$142,$7,$-124,$-13,$-2,$-15,$1,$1,$0,$1,$-12,$40,$33,$0
23,2012-12-31,12.93,$20.51,0.63,$22.69,0.57,$-1.95,0.0,$0.56,23.08,$3.13B,$1.13B,2.77,$4.38B,$5.96B,0.74,$6.62B,$2.25B,34.01%,$6.62B,$0.28B,4.17%,$6.62B,$0.53B,7.98%,$6.62B,$1.59B,24.09%,$6.62B,$0.28B,4.17%,$6.62B,$0.17B,2.49%,$0.17B,$5.96B,2.82%,$0.17B,$5.49B,3.08%,$0.17B,$12.66B,1.28%,$0.28B,$10.34B,2.67%,$1530,$952,$578,$0,$127,$1391,$138,$0,$138,$13,$125,$125,$28,$486,$200,$290,292,$0.10,$0.09,$778,$251,$610,$3133,$8712,$66,$472,$273,$9523,$12656,$1132,$4379,$519,$5567,$6699,$0,$4120,$432,$5957,$12656,$165,$1065,$395,$1460,$201,$14,$0,$-51,$-63,$1563,$-1519,$0,$0,$0,$189,$189,$150,$-1180,$-246,$2,$-245,$-4,$-4,$0,$-6,$-254,$126,$18,$0
24,2012-09-30,12.55,$20.17,0.62,$23.34,0.54,$-4.11,0.0,$0.11,114.1,$3.13B,$1.14B,2.76,$4.68B,$5.86B,0.8,$6.81B,$2.34B,34.42%,$6.81B,$0.28B,4.11%,$6.81B,$0.53B,7.78%,$6.81B,$1.56B,22.97%,$6.81B,$0.28B,4.11%,$6.81B,$0.04B,0.53%,$0.04B,$5.86B,0.63%,$0.04B,$5.38B,0.68%,$0.04B,$12.93B,0.28%,$0.28B,$10.54B,2.74%,$1638,$1107,$531,$0,$131,$1577,$60,$0,$60,$-5,$65,$64,$76,$394,$124,$290,293,$0.26,$0.26,$620,$257,$616,$3134,$8894,$75,$472,$349,$9791,$12925,$1135,$4679,$448,$5934,$7068,$0,$4093,$362,$5856,$12925,$137,$779,$339,$1118,$47,$11,$0,$-8,$-161,$1094,$-1222,$0,$0,$0,$29,$29,$128,$-1064,$54,$-2,$52,$-6,$-6,$0,$-0,$46,$73,$14,$0
25,2012-06-30,12.88,$19.73,0.65,$23.37,0.55,$-5.13,0.0,$0.10,128.82,$2.98B,$1.49B,2.0,$4.40B,$5.73B,0.77,$6.82B,$2.44B,35.76%,$6.82B,$0.35B,5.08%,$6.82B,$0.59B,8.66%,$6.82B,$1.60B,23.52%,$6.82B,$0.35B,5.08%,$6.82B,$0.03B,0.50%,$0.03B,$5.73B,0.60%,$0.03B,$5.26B,0.65%,$0.03B,$12.84B,0.27%,$0.35B,$10.13B,3.45%,$1608,$1123,$485,$0,$134,$1742,$-134,$0,$-134,$-36,$-98,$-99,$-73,$191,$-71,$290,290,$-0.25,$-0.25,$455,$260,$582,$2975,$8904,$170,$472,$322,$9868,$12843,$1487,$4398,$326,$5628,$7115,$0,$4018,$318,$5729,$12843,$61,$509,$301,$810,$-34,$7,$0,$-5,$-160,$712,$-968,$0,$0,$0,$25,$25,$117,$-826,$49,$-2,$47,$-7,$-7,$0,$-0,$40,$-78,$9,$0
26,2012-03-31,15.65,$20.06,0.78,$22.42,0.7,$-4.70,0.0,$1.00,15.65,$3.13B,$1.58B,1.98,$4.50B,$5.82B,0.77,$6.56B,$2.48B,37.76%,$6.56B,$0.59B,8.96%,$6.56B,$0.83B,12.70%,$6.56B,$1.82B,27.79%,$6.56B,$0.59B,8.96%,$6.56B,$0.30B,4.56%,$0.30B,$5.82B,5.26%,$0.30B,$5.32B,5.77%,$0.30B,$13.15B,2.37%,$0.59B,$10.32B,5.89%,$1842,$1185,$657,$0,$136,$1630,$212,$0,$212,$69,$143,$143,$134,$523,$275,$289,292,$0.46,$0.46,$494,$266,$607,$3129,$8814,$309,$502,$394,$10019,$13148,$1581,$4498,$322,$5744,$7325,$0,$4090,$342,$5823,$13148,$134,$248,$98,$345,$-138,$8,$0,$6,$-235,$244,$-474,$0,$0,$0,$23,$23,$21,$-430,$149,$-2,$147,$-7,$-7,$0,$-0,$140,$-45,$4,$0
27,2011-12-31,15.51,$19.47,0.8,$20.90,0.74,$-4.14,0.0,$0.82,18.92,$3.09B,$1.80B,1.71,$4.35B,$5.60B,0.78,$6.12B,$2.38B,38.91%,$6.12B,$0.52B,8.43%,$6.12B,$0.77B,12.62%,$6.12B,$1.78B,29.02%,$6.12B,$0.52B,8.43%,$6.12B,$0.25B,4.05%,$0.25B,$5.60B,4.43%,$0.25B,$5.10B,4.86%,$0.25B,$12.91B,2.01%,$0.52B,$9.95B,5.41%,$1722,$1051,$671,$0,$129,$1580,$142,$0,$142,$46,$95,$95,$-101,$456,$202,$287,292,$-0.35,$-0.33,$539,$273,$572,$3088,$8630,$382,$501,$310,$9824,$12912,$1803,$4348,$293,$5508,$7311,$0,$3956,$321,$5601,$12912,$249,$1004,$239,$1243,$-459,$-115,$0,$19,$-35,$1456,$-2043,$0,$-55,$0,$-85,$-85,$324,$-1859,$153,$6,$160,$12,$12,$0,$-8,$163,$-243,$21,$0
28,2011-09-30,10.97,$19.63,0.56,$19.46,0.56,$-1.53,0.0,$1.35,8.12,$2.54B,$1.42B,1.8,$4.09B,$5.64B,0.72,$5.69B,$2.25B,39.54%,$5.69B,$0.60B,10.51%,$5.69B,$0.87B,15.26%,$5.69B,$1.86B,32.68%,$5.69B,$0.60B,10.51%,$5.69B,$0.40B,7.01%,$0.40B,$5.64B,7.21%,$0.40B,$5.14B,7.92%,$0.40B,$12.32B,3.33%,$0.60B,$9.73B,6.53%,$1643,$1019,$624,$0,$119,$1517,$126,$0,$126,$38,$88,$87,$74,$433,$184,$287,292,$0.26,$0.25,$395,$233,$435,$2544,$8577,$363,$501,$332,$9774,$12318,$1416,$4088,$220,$5259,$6675,$0,$4057,$269,$5644,$12318,$350,$750,$-19,$731,$-283,$-77,$0,$56,$27,$1108,$-1533,$0,$-55,$0,$-40,$-40,$254,$-1374,$-107,$5,$-102,$10,$10,$0,$-6,$-98,$-366,$17,$0
29,2011-06-30,22.04,$19.72,1.12,$17.62,1.25,$0.07,317.16,$0.96,22.96,$2.55B,$1.03B,2.49,$4.27B,$5.67B,0.75,$5.13B,$2.08B,40.59%,$5.13B,$0.44B,8.51%,$5.13B,$0.72B,13.95%,$5.13B,$1.68B,32.86%,$5.13B,$0.44B,8.51%,$5.13B,$0.29B,5.56%,$0.29B,$5.67B,5.25%,$0.29B,$5.17B,5.77%,$0.29B,$12.12B,2.41%,$0.44B,$9.93B,4.96%,$1352,$827,$525,$0,$123,$1244,$108,$0,$108,$37,$72,$71,$192,$411,$172,$287,294,$0.67,$0.65,$673,$200,$450,$2553,$8372,$346,$494,$350,$9563,$12116,$1025,$4265,$258,$5422,$6447,$0,$3983,$377,$5668,$12116,$275,$501,$-96,$405,$-83,$-40,$0,$88,$190,$870,$-1003,$0,$0,$21,$-38,$-17,$221,$-799,$-204,$11,$-193,$9,$9,$0,$-2,$-186,$-113,$8,$0
30,2011-03-31,27.18,$19.07,1.42,$16.16,1.68,$0.87,31.27,$0.46,59.08,$2.71B,$2.23B,1.22,$3.06B,$5.47B,0.56,$4.68B,$1.95B,41.56%,$4.68B,$0.38B,8.14%,$4.68B,$0.66B,14.12%,$4.68B,$1.60B,34.08%,$4.68B,$0.38B,8.14%,$4.68B,$0.14B,2.93%,$0.14B,$5.47B,2.58%,$0.14B,$4.98B,2.79%,$0.14B,$11.89B,1.20%,$0.38B,$8.54B,4.64%,$1402,$841,$561,$0,$116,$1262,$140,$0,$140,$44,$95,$95,$83,$476,$214,$286,293,$0.29,$0.28,$730,$195,$521,$2711,$7976,$344,$494,$365,$9179,$11890,$2231,$3064,$263,$4186,$6416,$0,$3791,$380,$5474,$11890,$83,$262,$1,$263,$-122,$-35,$0,$57,$-55,$291,$-359,$0,$0,$0,$-21,$-21,$5,$-374,$-6,$8,$2,$7,$7,$0,$-0,$9,$-72,$4,$0
31,2010-12-31,20.99,$18.71,1.12,$14.45,1.45,$1.35,15.55,$0.32,65.58,$2.61B,$2.15B,1.21,$3.06B,$5.34B,0.57,$4.17B,$1.78B,42.53%,$4.17B,$0.29B,7.02%,$4.17B,$0.57B,13.56%,$4.17B,$1.44B,34.45%,$4.17B,$0.29B,7.02%,$4.17B,$0.09B,2.25%,$0.09B,$5.34B,1.79%,$0.09B,$4.85B,1.90%,$0.09B,$11.65B,0.85%,$0.29B,$8.41B,3.51%,$1291,$752,$539,$0,$96,$1067,$224,$0,$224,$24,$201,$200,$50,$539,$298,$285,290,$0.18,$0.18,$801,$159,$505,$2613,$7815,$308,$494,$416,$9034,$11647,$2154,$3064,$246,$4149,$6304,$0,$3708,$342,$5343,$11647,$95,$871,$344,$1215,$-250,$-15,$0,$11,$-202,$1107,$-930,$0,$-734,$0,$-40,$-40,$31,$-1673,$294,$-6,$287,$6,$6,$0,$-13,$280,$-286,$14,$0
32,2010-09-30,16.16,$18.30,0.88,$12.47,1.3,$2.57,6.29,$-0.02,0.0,$2.57B,$2.26B,1.14,$3.07B,$5.22B,0.59,$3.59B,$1.51B,42.12%,$3.59B,$0.15B,4.18%,$3.59B,$0.42B,11.59%,$3.59B,$1.24B,34.54%,$3.59B,$0.15B,4.18%,$3.59B,$-0.00B,-0.08%,$-0.00B,$5.22B,-0.06%,$-0.00B,$4.76B,-0.06%,$-0.00B,$11.62B,-0.03%,$0.15B,$8.29B,1.76%,$1080,$626,$455,$0,$87,$1116,$-36,$0,$-36,$-4,$-32,$-32,$-40,$258,$31,$285,285,$-0.14,$-0.14,$772,$143,$618,$2566,$7885,$310,$463,$397,$9055,$11621,$2262,$3067,$234,$4139,$6400,$0,$3657,$278,$5221,$11621,$44,$630,$201,$831,$-141,$-8,$0,$-129,$-193,$682,$-641,$0,$-680,$0,$-37,$-37,$26,$-1332,$372,$-5,$368,$3,$3,$0,$-6,$365,$-288,$11,$0
33,2010-06-30,15.76,$18.33,0.86,$11.48,1.37,$3.72,4.24,$0.22,71.65,$2.03B,$1.99B,1.02,$2.37B,$5.23B,0.45,$3.31B,$1.43B,43.15%,$3.31B,$0.22B,6.76%,$3.31B,$0.49B,14.79%,$3.31B,$1.29B,38.84%,$3.31B,$0.22B,6.76%,$3.31B,$0.07B,2.02%,$0.07B,$5.23B,1.29%,$0.07B,$5.06B,1.33%,$0.07B,$10.50B,0.63%,$0.22B,$7.59B,2.55%,$907,$518,$390,$0,$80,$854,$53,$0,$53,$9,$44,$44,$44,$322,$118,$285,290,$0.15,$0.15,$893,$108,$134,$2025,$7642,$415,$164,$254,$8475,$10500,$1988,$2365,$244,$3284,$5272,$0,$3697,$251,$5228,$10500,$84,$404,$14,$418,$-42,$-7,$0,$12,$-32,$470,$-369,$0,$0,$0,$-11,$-11,$18,$-363,$-278,$-6,$-284,$3,$3,$0,$1,$-281,$-180,$7,$0
34,2010-03-31,17.56,$18.45,0.95,$11.45,1.53,$4.42,3.98,$-0.61,0.0,$2.16B,$0.58B,3.72,$3.86B,$5.26B,0.73,$3.29B,$1.46B,44.57%,$3.29B,$-0.04B,-1.13%,$3.29B,$0.23B,7.00%,$3.29B,$1.01B,30.87%,$3.29B,$-0.04B,-1.13%,$3.29B,$-0.17B,-5.18%,$-0.17B,$5.26B,-3.29%,$-0.17B,$5.09B,-3.40%,$-0.17B,$10.63B,-1.58%,$-0.04B,$9.12B,-0.40%,$896,$505,$391,$0,$75,$844,$52,$0,$52,$9,$44,$44,$40,$319,$119,$285,291,$0.14,$0.14,$1061,$100,$132,$2155,$7647,$406,$165,$252,$8470,$10625,$579,$3856,$243,$4787,$5366,$0,$3653,$328,$5259,$10625,$40,$200,$16,$216,$-9,$2,$0,$18,$-33,$223,$-151,$0,$0,$0,$7,$7,$9,$-135,$-109,$-3,$-113,$1,$1,$0,$0,$-111,$-25,$3,$0
35,2009-12-31,19.58,$18.21,1.08,$12.40,1.58,$4.57,4.29,$-0.31,0.0,$2.18B,$0.61B,3.58,$3.94B,$5.18B,0.76,$3.53B,$1.55B,43.88%,$3.53B,$0.07B,1.93%,$3.53B,$0.34B,9.48%,$3.53B,$1.11B,31.37%,$3.53B,$0.07B,1.93%,$3.53B,$-0.09B,-2.41%,$-0.09B,$5.18B,-1.67%,$-0.09B,$5.02B,-1.72%,$-0.09B,$10.65B,-0.79%,$0.07B,$9.12B,0.74%,$707,$431,$276,$0,$69,$626,$81,$0,$81,$-67,$148,$148,$-47,$341,$148,$283,287,$-0.16,$-0.16,$1091,$101,$136,$2177,$7646,$407,$164,$250,$8468,$10645,$609,$3941,$240,$4854,$5463,$0,$3613,$293,$5182,$10645,$-86,$774,$457,$1231,$451,$53,$0,$177,$472,$1617,$-1093,$0,$0,$0,$-101,$-101,$31,$-1163,$37,$-18,$18,$10,$10,$0,$-9,$19,$486,$107,$0
36,2009-09-30,18.7,$18.25,1.02,$14.35,1.3,$2.59,7.23,$-0.44,0.0,$2.09B,$0.66B,3.15,$4.09B,$5.17B,0.79,$4.10B,$1.74B,42.43%,$4.10B,$-0.06B,-1.42%,$4.10B,$0.19B,4.69%,$4.10B,$0.97B,23.58%,$4.10B,$-0.06B,-1.42%,$4.10B,$-0.15B,-3.54%,$-0.15B,$5.17B,-2.88%,$-0.15B,$5.01B,-2.98%,$-0.15B,$10.80B,-1.34%,$-0.06B,$9.26B,-0.64%,$804,$431,$373,$0,$82,$766,$38,$0,$38,$-15,$54,$54,$30,$305,$105,$283,287,$0.10,$0.10,$1104,$116,$148,$2091,$7729,$612,$164,$202,$8706,$10797,$664,$4085,$268,$4963,$5627,$0,$3660,$255,$5170,$10797,$-38,$581,$369,$949,$468,$38,$0,$117,$389,$1300,$-928,$0,$0,$0,$-103,$-103,$24,$-1007,$210,$-13,$197,$1,$1,$0,$-9,$189,$493,$104,$0
37,2009-06-30,13.94,$17.84,0.78,$16.53,0.84,$1.11,12.6,$0.19,73.36,$2.30B,$0.84B,2.73,$4.06B,$5.05B,0.81,$4.73B,$2.00B,42.27%,$4.73B,$0.19B,3.91%,$4.73B,$0.42B,8.83%,$4.73B,$1.19B,25.21%,$4.73B,$0.19B,3.91%,$4.73B,$0.02B,0.40%,$0.02B,$5.05B,0.38%,$0.02B,$4.89B,0.40%,$0.02B,$10.87B,0.18%,$0.19B,$9.11B,2.07%,$878,$454,$424,$0,$164,$1086,$-208,$0,$-208,$-15,$-193,$-193,$-193,$49,$-142,$283,283,$-0.68,$-0.68,$1196,$134,$161,$2302,$7621,$574,$163,$209,$8567,$10869,$844,$4063,$267,$4977,$5822,$0,$3631,$168,$5048,$10869,$-68,$380,$397,$777,$379,$17,$0,$77,$298,$1007,$-711,$0,$0,$0,$-84,$-84,$13,$-782,$378,$-16,$363,$-1,$-1,$0,$-9,$353,$582,$100,$0
38,2009-03-31,8.94,$17.71,0.5,$17.85,0.5,$-0.35,0.0,$1.54,5.8,$2.48B,$0.99B,2.52,$4.16B,$5.01B,0.83,$5.16B,$2.14B,41.48%,$5.16B,$0.63B,12.24%,$5.16B,$0.85B,16.42%,$5.16B,$1.63B,31.53%,$5.16B,$0.63B,12.24%,$5.16B,$0.39B,7.52%,$0.39B,$5.01B,7.81%,$0.39B,$4.84B,8.26%,$0.39B,$10.99B,3.59%,$0.63B,$9.17B,7.12%,$1143,$665,$477,$0,$107,$985,$157,$0,$157,$33,$124,$124,$125,$413,$224,$283,283,$0.44,$0.44,$1109,$143,$229,$2480,$7489,$660,$175,$191,$8515,$10994,$985,$4158,$246,$4996,$5981,$0,$3895,$15,$5013,$10994,$125,$189,$55,$244,$181,$6,$0,$-1,$133,$503,$-391,$0,$0,$0,$-57,$-57,$7,$-440,$495,$-8,$487,$-0,$-0,$0,$-8,$478,$540,$23,$0
39,2008-12-31,10.71,$17.38,0.62,$18.44,0.58,$-0.91,0.0,$1.91,5.61,$2.17B,$1.13B,1.92,$3.60B,$4.92B,0.73,$5.34B,$2.24B,41.90%,$5.34B,$0.73B,13.72%,$5.34B,$0.93B,17.39%,$5.34B,$1.70B,31.84%,$5.34B,$0.73B,13.72%,$5.34B,$0.48B,8.90%,$0.48B,$4.92B,9.68%,$0.48B,$4.74B,10.34%,$0.48B,$10.52B,4.41%,$0.73B,$8.52B,8.38%,$1271,$807,$464,$0,$128,$1316,$-45,$0,$-45,$16,$-61,$-61,$-107,$199,$5,$282,288,$-0.39,$-0.36,$584,$150,$243,$2167,$7332,$652,$176,$192,$8351,$10518,$1129,$3601,$248,$4471,$5599,$0,$3699,$54,$4918,$10518,$476,$772,$494,$1266,$-158,$-27,$0,$-156,$-279,$1463,$-1507,$0,$-0,$0,$-20,$-20,$70,$-1457,$126,$24,$150,$-238,$-238,$0,$-2,$-89,$-89,$45,$0
40,2008-09-30,22.29,$17.78,1.25,$18.57,1.2,$-2.99,0.0,$2.99,7.46,$2.37B,$1.09B,2.17,$3.99B,$5.00B,0.8,$5.37B,$2.36B,43.92%,$5.37B,$0.95B,17.75%,$5.37B,$1.22B,22.61%,$5.37B,$2.05B,38.20%,$5.37B,$0.95B,17.75%,$5.37B,$0.74B,13.75%,$0.74B,$5.00B,15.37%,$0.74B,$4.64B,16.62%,$0.74B,$10.78B,6.92%,$0.95B,$8.98B,11.15%,$1440,$806,$635,$0,$123,$1159,$281,$0,$281,$87,$194,$194,$194,$532,$331,$282,289,$0.69,$0.67,$838,$129,$216,$2368,$7166,$230,$355,$658,$8408,$10776,$1092,$3987,$257,$4687,$5779,$0,$3994,$273,$4997,$10776,$582,$578,$31,$609,$-140,$3,$0,$-62,$-131,$1060,$-1113,$0,$0,$0,$108,$108,$47,$-958,$202,$12,$214,$-224,$-224,$0,$-1,$-11,$90,$33,$0
41,2008-06-30,44.04,$17.61,2.5,$17.85,2.47,$-4.98,0.0,$3.02,14.58,$2.73B,$1.37B,2.0,$3.82B,$4.93B,0.78,$5.16B,$2.23B,43.18%,$5.16B,$0.89B,17.23%,$5.16B,$1.11B,21.57%,$5.16B,$1.89B,36.67%,$5.16B,$0.89B,17.23%,$5.16B,$0.76B,14.79%,$0.76B,$4.93B,16.36%,$0.76B,$4.57B,17.75%,$0.76B,$10.91B,7.27%,$0.89B,$8.76B,10.79%,$1303,$740,$563,$0,$117,$1066,$238,$0,$238,$61,$176,$176,$176,$482,$287,$281,294,$0.63,$0.60,$1237,$129,$264,$2730,$7021,$240,$363,$550,$8174,$10905,$1366,$3822,$270,$4605,$5971,$0,$3784,$400,$4934,$10905,$388,$377,$-16,$361,$-59,$6,$0,$-47,$-117,$632,$-752,$0,$0,$0,$162,$162,$17,$-573,$403,$16,$419,$-108,$-108,$0,$0,$311,$373,$20,$0
42,2008-03-31,30.21,$17.03,1.77,$17.34,1.74,$-6.10,0.0,$3.14,9.62,$2.96B,$1.49B,1.99,$3.88B,$4.79B,0.81,$4.99B,$2.16B,43.26%,$4.99B,$0.95B,19.01%,$4.99B,$1.14B,22.80%,$4.99B,$1.85B,37.02%,$4.99B,$0.95B,19.01%,$4.99B,$0.82B,16.35%,$0.82B,$4.79B,18.27%,$0.82B,$4.43B,19.94%,$0.82B,$10.91B,7.95%,$0.95B,$8.67B,11.99%,$1322,$748,$574,$0,$111,$1064,$258,$0,$258,$46,$212,$212,$212,$486,$305,$280,286,$0.76,$0.74,$1450,$130,$242,$2955,$6759,$311,$361,$520,$7950,$10905,$1486,$3882,$259,$4631,$6117,$0,$3590,$363,$4788,$10905,$212,$181,$-47,$135,$-87,$2,$0,$11,$-66,$280,$-328,$0,$0,$0,$30,$30,$12,$-285,$575,$5,$580,$-7,$-7,$0,$-3,$570,$563,$9,$0
43,2007-12-31,24.5,$16.16,1.52,$17.20,1.42,$-6.73,0.0,$3.25,7.54,$2.21B,$1.49B,1.48,$3.31B,$4.51B,0.73,$4.94B,$2.18B,44.04%,$4.94B,$1.03B,20.89%,$4.94B,$1.19B,24.02%,$4.94B,$1.83B,37.04%,$4.94B,$1.03B,20.89%,$4.94B,$0.87B,17.51%,$0.87B,$4.51B,20.49%,$0.87B,$4.15B,22.49%,$0.87B,$10.10B,8.72%,$1.03B,$7.82B,13.40%,$1309,$721,$588,$0,$116,$1132,$177,$0,$177,$20,$157,$157,$157,$553,$292,$281,288,$0.53,$0.53,$767,$134,$252,$2205,$6633,$764,$368,$133,$7898,$10103,$1494,$3306,$247,$4095,$5589,$0,$3359,$323,$4514,$10103,$866,$642,$18,$660,$93,$-29,$0,$-119,$-131,$1395,$-2039,$0,$186,$0,$204,$204,$162,$-1487,$0,$-38,$-38,$-43,$-43,$0,$2,$-79,$-169,$30,$0
44,2007-09-30,27.53,$15.59,1.77,$16.82,1.64,$-5.97,0.0,$3.44,8.0,$2.55B,$1.56B,1.64,$3.31B,$4.41B,0.75,$4.88B,$2.19B,44.82%,$4.88B,$1.17B,24.04%,$4.88B,$1.23B,25.13%,$4.88B,$1.73B,35.36%,$4.88B,$1.17B,24.04%,$4.88B,$0.95B,19.39%,$0.95B,$4.41B,23.79%,$0.95B,$4.05B,26.25%,$0.95B,$10.08B,9.77%,$1.17B,$7.72B,15.37%,$1226,$722,$503,$0,$106,$1010,$216,$0,$216,$20,$196,$196,$218,$371,$229,$280,288,$0.78,$0.76,$880,$132,$456,$2546,$6467,$383,$367,$315,$7532,$10078,$1557,$3306,$239,$4107,$5665,$0,$3137,$320,$4414,$10078,$709,$381,$-14,$367,$89,$-26,$0,$-175,$-218,$858,$-1483,$0,$186,$0,$236,$236,$136,$-925,$0,$-15,$-15,$59,$59,$0,$10,$53,$-7,$25,$0
45,2007-06-30,29.86,$14.64,2.04,$16.95,1.76,$-4.86,0.0,$3.70,8.07,$2.26B,$1.65B,1.37,$3.31B,$4.12B,0.8,$4.91B,$2.29B,46.57%,$4.91B,$1.35B,27.40%,$4.91B,$1.40B,28.48%,$4.91B,$1.86B,37.95%,$4.91B,$1.35B,27.40%,$4.91B,$1.02B,20.80%,$1.02B,$4.12B,27.64%,$1.02B,$3.73B,30.75%,$1.02B,$9.91B,10.87%,$1.35B,$7.43B,17.88%,$1129,$637,$492,$0,$100,$832,$297,$0,$297,$76,$221,$221,$228,$436,$311,$279,288,$0.82,$0.79,$827,$127,$231,$2258,$6298,$480,$389,$486,$7654,$9912,$1649,$3305,$295,$4141,$5790,$0,$2919,$258,$4123,$9912,$491,$240,$-18,$221,$88,$-24,$0,$-133,$-56,$655,$-1095,$0,$-8,$0,$155,$155,$119,$-830,$0,$12,$12,$66,$66,$0,$1,$79,$-92,$16,$0
46,2007-03-31,26.54,$13.63,1.95,$16.79,1.58,$-3.66,0.0,$3.68,7.21,$2.41B,$0.94B,2.56,$4.01B,$3.83B,1.05,$4.92B,$2.34B,47.60%,$4.92B,$1.40B,28.39%,$4.92B,$1.45B,29.43%,$4.92B,$1.89B,38.32%,$4.92B,$1.40B,28.39%,$4.92B,$1.03B,20.84%,$1.03B,$3.83B,29.90%,$1.03B,$3.46B,33.50%,$1.03B,$9.58B,11.32%,$1.40B,$7.84B,18.80%,$1277,$684,$593,$0,$114,$935,$342,$0,$342,$85,$257,$257,$262,$470,$355,$277,285,$0.95,$0.92,$951,$114,$180,$2414,$5811,$550,$373,$433,$7166,$9580,$943,$4005,$272,$4806,$5749,$0,$2691,$213,$3832,$9580,$262,$115,$-32,$82,$-21,$-14,$0,$-44,$12,$356,$-583,$0,$-8,$0,$-73,$-73,$9,$-656,$0,$1,$1,$57,$57,$0,$1,$59,$-239,$8,$0
47,2006-12-31,26.64,$12.77,2.09,$15.95,1.67,$-2.71,0.0,$3.55,7.5,$2.51B,$0.85B,2.93,$4.00B,$3.54B,1.13,$4.83B,$2.32B,48.02%,$4.83B,$1.43B,29.57%,$4.83B,$1.47B,30.52%,$4.83B,$1.90B,39.24%,$4.83B,$1.43B,29.57%,$4.83B,$1.02B,21.14%,$1.02B,$3.54B,29.79%,$1.02B,$3.17B,33.35%,$1.02B,$9.14B,12.24%,$1.43B,$7.54B,21.18%,$1247,$648,$599,$0,$147,$929,$318,$0,$318,$100,$218,$218,$238,$448,$331,$290,300,$0.86,$0.82,$1140,$100,$117,$2505,$5410,$513,$362,$352,$6637,$9142,$854,$4004,$209,$4751,$5606,$0,$2473,$201,$3537,$9142,$1021,$421,$255,$676,$-280,$-49,$0,$-99,$-211,$1486,$-1927,$0,$-82,$0,$188,$188,$53,$-1768,$1980,$-581,$1399,$-1377,$-1377,$0,$397,$418,$136,$80,$0
