,Date,Stock Price,Book Value per Share,Price to Book Ratio,TTM Sales per Share,Price to Sales Ratio,TTM FCF per Share,Price to FCF Ratio,TTM Net EPS,PE Ratio,Current Assets,Current Liabilities,Current Ratio,Long Term Debt,Shareholder's Equity_x,Debt to Equity Ratio,TTM Revenue_x,TTM Gross Profit,Gross Margin,TTM Revenue_y,TTM Operating Income,Operating Margin,TTM Revenue_x,TTM EBIT,EBIT Margin,TTM Revenue_y,TTM EBITDA,EBITDA Margin,TTM Revenue_x,TTM Pre-Tax Income,Pre-Tax Margin,TTM Revenue_y,TTM Net Income_x,Net Margin,TTM Net Income_y,Shareholder's Equity_y,Return on Equity,TTM Net Income_x,Tangible Equity,Return on Tangible Equity,TTM Net Income_y,Total Assets,Return on Assets,TTM Net Income,LT Investments & Debt,Return on Investment,revenue,cost-goods-sold,gross-profit,research-development-expenses,selling-general-administrative-expenses,operating-expenses,operating-income,total-non-operating-income-expense,pre-tax-income,total-provision-income-taxes,income-after-taxes,income-from-continuous-operations,net-income,ebitda,ebit,basic-shares-outstanding,shares-outstanding,eps-basic-net-earnings-per-share,eps-earnings-per-share-diluted,cash-on-hand,inventory,other-current-assets,total-current-assets,net-property-plant-equipment,long-term-investments,goodwill-intangible-assets-total,other-long-term-assets,total-long-term-assets,total-assets,total-current-liabilities,long-term-debt,other-non-current-liabilities,total-long-term-liabilities,total-liabilities,common-stock-net,retained-earnings-accumulated-deficit,comprehensive-income,total-share-holder-equity,total-liabilities-share-holders-equity,net-income-loss,total-depreciation-amortization-cash-flow,other-non-cash-items,total-non-cash-items,change-in-accounts-receivable,change-in-inventories,change-in-accounts-payable,change-in-assets-liabilities,total-change-in-assets-liabilities,cash-flow-from-operating-activities,net-change-in-property-plant-equipment,net-change-in-intangible-assets,net-acquisitions-divestitures,net-change-in-short-term-investments,net-change-in-long-term-investments,net-change-in-investments-total,investing-activities-other,cash-flow-from-investing-activities,net-long-term-debt,net-current-debt,debt-issuance-retirement-net-total,net-common-equity-issued-repurchased,net-total-equity-issued-repurchased,total-common-preferred-stock-dividends-paid,financial-activities-other,cash-flow-from-financial-activities,net-cash-flow,stock-based-compensation,common-stock-dividends-paid
0,2018-09-30,38.38,$22.77,1.69,$10.55,3.64,$7.27,5.28,$2.31,16.61,$6.99B,$8.25B,0.85,$0.18B,$0.99B,0.18,$0.47B,$0.43B,92.69%,$0.47B,$0.14B,30.11%,$0.47B,0,0.00%,$0.47B,0,0.00%,$0.47B,$0.14B,30.11%,$0.47B,$0.10B,21.94%,$0.10B,$0.99B,10.50%,$0.10B,$0.70B,14.90%,$0.10B,$9.55B,1.09%,$0.14B,$1.17B,12.14%,$122,$11,$111,$0,$71,$83,$38,$0,$38,$9,$30,$30,$30,$0,$0,$44,44,$0.68,$0.68,$175,$0,$0,$6994,$78,$1838,$291,$345,$2553,$9547,$8253,$175,$125,$300,$8553,$0,$604,$-49,$994,$9547,$84,$13,$21,$34,$-4,$0,$0,$-14,$-18,$100,$-4,$0,$-8,$0,$-67,$-67,$-321,$-400,$-15,$93,$77,$1,$1,$-32,$269,$316,$15,$3,$-32
1,2018-06-30,38.15,$22.43,1.7,$10.29,3.71,$7.21,5.29,$2.15,17.74,$6.94B,$8.20B,0.85,$0.18B,$0.98B,0.18,$0.45B,$0.42B,93.38%,$0.45B,$0.14B,30.02%,$0.45B,0,0.00%,$0.45B,0,0.00%,$0.45B,$0.14B,30.02%,$0.45B,$0.10B,20.97%,$0.10B,$0.98B,9.88%,$0.10B,$0.69B,14.04%,$0.10B,$9.47B,1.03%,$0.14B,$1.15B,11.85%,$119,$9,$110,$0,$73,$83,$36,$0,$36,$8,$28,$28,$28,$0,$0,$44,44,$0.64,$0.64,$152,$0,$0,$6939,$79,$1816,$292,$341,$2528,$9467,$8198,$175,$115,$290,$8488,$0,$585,$-45,$979,$9467,$54,$9,$16,$25,$0,$0,$0,$-22,$-22,$57,$-2,$0,$-8,$0,$-39,$-39,$-287,$-336,$-15,$135,$120,$1,$1,$-21,$172,$272,$-7,$3,$-21
2,2018-03-31,35.25,$21.84,1.61,$10.01,3.52,$7.40,4.77,$2.00,17.62,$6.74B,$7.98B,0.84,$0.19B,$0.95B,0.2,$0.44B,$0.41B,93.86%,$0.44B,$0.13B,30.00%,$0.44B,0,0.00%,$0.44B,0,0.00%,$0.44B,$0.13B,30.00%,$0.44B,$0.09B,20.00%,$0.09B,$0.95B,9.25%,$0.09B,$0.67B,13.16%,$0.09B,$9.23B,0.96%,$0.13B,$1.14B,11.56%,$112,$7,$105,$0,$71,$79,$33,$0,$33,$7,$26,$26,$26,$0,$0,$44,44,$0.60,$0.59,$160,$0,$0,$6737,$80,$1819,$281,$315,$2494,$9231,$7980,$190,$108,$298,$8278,$0,$556,$-41,$953,$9231,$26,$4,$8,$12,$-0,$0,$0,$2,$2,$40,$-1,$0,$0,$0,$-38,$-38,$-69,$-108,$-0,$-133,$-133,$1,$1,$-21,$222,$68,$-0,$2,$-21
3,2017-12-31,36.32,$22.01,1.65,$9.81,3.7,$7.11,5.1,$1.87,19.42,$6.69B,$7.89B,0.85,$0.19B,$0.96B,0.2,$0.43B,$0.41B,93.97%,$0.43B,$0.13B,29.70%,$0.43B,0,0.00%,$0.43B,0,0.00%,$0.43B,$0.13B,29.70%,$0.43B,$0.08B,19.03%,$0.08B,$0.96B,8.68%,$0.08B,$0.68B,12.38%,$0.08B,$9.14B,0.90%,$0.13B,$1.15B,11.24%,$112,$7,$105,$0,$71,$78,$33,$0,$33,$16,$18,$18,$18,$0,$0,$44,44,$0.41,$0.40,$171,$0,$0,$6686,$81,$1787,$281,$301,$2450,$9137,$7890,$190,$99,$289,$8179,$0,$544,$-22,$958,$9137,$82,$19,$34,$53,$-0,$-2,$0,$4,$1,$137,$-7,$0,$-4,$0,$117,$117,$-411,$-305,$-15,$37,$22,$3,$3,$-40,$193,$179,$10,$4,$-40
4,2017-09-30,36.03,$21.94,1.64,$9.59,3.76,$6.61,5.45,$1.92,18.76,$6.59B,$7.91B,0.83,$0.19B,$0.96B,0.2,$0.42B,$0.40B,94.29%,$0.42B,$0.13B,29.76%,$0.42B,0,0.00%,$0.42B,0,0.00%,$0.42B,$0.13B,29.76%,$0.42B,$0.08B,20.00%,$0.08B,$0.96B,9.00%,$0.08B,$0.67B,12.90%,$0.08B,$9.16B,0.93%,$0.13B,$1.15B,11.04%,$110,$7,$103,$0,$67,$75,$34,$0,$34,$11,$23,$23,$23,$0,$0,$44,44,$0.52,$0.52,$193,$0,$0,$6591,$81,$1897,$284,$302,$2564,$9155,$7913,$190,$97,$287,$8200,$0,$536,$-17,$955,$9155,$65,$13,$22,$35,$-0,$-2,$0,$-1,$-3,$97,$-4,$0,$-4,$0,$18,$18,$-286,$-276,$-15,$0,$-15,$3,$3,$-30,$254,$212,$33,$3,$-30
5,2017-06-30,36.0,$21.61,1.67,$9.44,3.82,$6.23,5.78,$1.86,19.36,$6.48B,$7.85B,0.83,$0.19B,$0.94B,0.2,$0.41B,$0.39B,94.42%,$0.41B,$0.12B,29.37%,$0.41B,0,0.00%,$0.41B,0,0.00%,$0.41B,$0.12B,29.37%,$0.41B,$0.08B,19.66%,$0.08B,$0.94B,8.78%,$0.08B,$0.66B,12.64%,$0.08B,$9.08B,0.91%,$0.12B,$1.13B,10.74%,$106,$6,$100,$0,$67,$74,$32,$0,$32,$11,$21,$21,$21,$0,$0,$44,44,$0.49,$0.49,$174,$0,$0,$6476,$82,$1934,$285,$299,$2601,$9076,$7846,$190,$99,$290,$8136,$0,$523,$-18,$940,$9076,$42,$9,$14,$23,$-2,$-1,$0,$4,$1,$66,$-3,$0,$-4,$0,$-20,$-20,$-180,$-206,$-15,$149,$134,$2,$2,$-20,$39,$155,$15,$3,$-20
6,2017-03-31,35.89,$21.34,1.68,$9.35,3.84,$5.89,6.09,$1.83,19.61,$6.36B,$7.73B,0.82,$0.21B,$0.93B,0.22,$0.41B,$0.38B,94.35%,$0.41B,$0.12B,29.24%,$0.41B,0,0.00%,$0.41B,0,0.00%,$0.41B,$0.12B,29.24%,$0.41B,$0.08B,19.66%,$0.08B,$0.93B,8.78%,$0.08B,$0.65B,12.68%,$0.08B,$8.95B,0.91%,$0.12B,$1.13B,10.62%,$103,$6,$97,$0,$68,$75,$29,$0,$29,$8,$20,$20,$20,$0,$0,$44,44,$0.47,$0.46,$152,$0,$0,$6359,$83,$1926,$280,$298,$2587,$8945,$7725,$205,$88,$293,$8019,$0,$512,$-20,$927,$8945,$20,$4,$8,$13,$-3,$-1,$0,$-2,$-5,$28,$-1,$0,$0,$0,$-13,$-13,$-80,$-94,$-0,$-141,$-142,$2,$2,$-10,$209,$59,$-7,$2,$-10
7,2016-12-31,40.32,$21.11,1.91,$9.24,4.36,$5.93,6.8,$1.80,22.4,$6.29B,$7.66B,0.82,$0.21B,$0.91B,0.23,$0.40B,$0.38B,94.53%,$0.40B,$0.12B,29.60%,$0.40B,0,0.00%,$0.40B,0,0.00%,$0.40B,$0.12B,29.60%,$0.40B,$0.08B,19.65%,$0.08B,$0.91B,8.78%,$0.08B,$0.63B,12.76%,$0.08B,$8.87B,0.91%,$0.12B,$1.12B,10.66%,$101,$6,$96,$0,$65,$71,$30,$0,$30,$10,$20,$20,$20,$0,$0,$43,44,$0.45,$0.45,$158,$0,$0,$6291,$84,$1913,$281,$297,$2576,$8867,$7655,$205,$93,$299,$7954,$0,$502,$-22,$913,$8867,$78,$21,$23,$44,$-1,$-1,$0,$-10,$-12,$111,$-3,$0,$-2,$0,$-241,$-241,$-384,$-630,$-26,$239,$213,$-11,$-11,$-39,$365,$528,$9,$4,$-39
8,2016-09-30,31.45,$21.08,1.49,$9.20,3.42,$6.09,5.17,$1.78,17.67,$6.29B,$7.53B,0.84,$0.22B,$0.91B,0.24,$0.40B,$0.38B,94.53%,$0.40B,$0.12B,29.60%,$0.40B,0,0.00%,$0.40B,0,0.00%,$0.40B,$0.12B,29.60%,$0.40B,$0.08B,19.40%,$0.08B,$0.91B,8.74%,$0.08B,$0.63B,12.77%,$0.08B,$8.77B,0.91%,$0.12B,$1.13B,10.67%,$102,$6,$96,$0,$65,$72,$30,$0,$30,$10,$20,$20,$20,$0,$0,$43,44,$0.46,$0.46,$197,$0,$0,$6292,$84,$1817,$281,$299,$2481,$8773,$7534,$215,$114,$329,$7864,$0,$492,$-12,$909,$8773,$59,$14,$16,$29,$-3,$-0,$0,$-5,$-8,$80,$-5,$0,$-2,$0,$-121,$-121,$-330,$-457,$-16,$143,$126,$-13,$-13,$-29,$341,$426,$48,$3,$-29
9,2016-06-30,27.2,$20.85,1.3,$9.14,2.98,$6.35,4.28,$1.77,15.37,$6.16B,$7.41B,0.83,$0.21B,$0.90B,0.24,$0.40B,$0.38B,94.76%,$0.40B,$0.12B,29.93%,$0.40B,0,0.00%,$0.40B,0,0.00%,$0.40B,$0.12B,29.93%,$0.40B,$0.08B,19.45%,$0.08B,$0.90B,8.82%,$0.08B,$0.62B,12.95%,$0.08B,$8.63B,0.93%,$0.12B,$1.11B,10.80%,$101,$6,$95,$0,$64,$71,$30,$0,$30,$10,$20,$20,$20,$0,$0,$43,43,$0.46,$0.46,$180,$0,$0,$6155,$85,$1818,$281,$286,$2470,$8625,$7407,$212,$110,$322,$7728,$0,$482,$-11,$896,$8625,$39,$8,$10,$18,$-3,$-0,$0,$-4,$-7,$50,$-2,$0,$0,$0,$-115,$-115,$-203,$-320,$-20,$224,$204,$-16,$-16,$-19,$133,$301,$31,$2,$-19
10,2016-03-31,25.42,$20.57,1.24,$8.96,2.84,$6.43,3.95,$1.74,14.61,$6.07B,$7.25B,0.84,$0.23B,$0.88B,0.26,$0.40B,$0.38B,94.95%,$0.40B,$0.12B,30.05%,$0.40B,0,0.00%,$0.40B,0,0.00%,$0.40B,$0.12B,30.05%,$0.40B,$0.08B,19.44%,$0.08B,$0.88B,8.76%,$0.08B,$0.60B,12.89%,$0.08B,$8.47B,0.93%,$0.12B,$1.11B,10.71%,$98,$5,$93,$0,$63,$70,$29,$0,$29,$10,$19,$19,$19,$0,$0,$43,44,$0.44,$0.43,$164,$0,$0,$6068,$86,$1759,$282,$277,$2405,$8473,$7253,$232,$107,$338,$7591,$0,$472,$-14,$882,$8473,$19,$4,$6,$10,$-0,$-1,$0,$1,$0,$29,$-2,$0,$0,$0,$-58,$-58,$-131,$-190,$-0,$-95,$-95,$-17,$-17,$-9,$298,$176,$15,$2,$-9
11,2015-12-31,26.07,$20.31,1.28,$8.81,2.96,$6.44,4.05,$1.72,15.16,$5.97B,$7.05B,0.85,$0.23B,$0.88B,0.26,$0.39B,$0.37B,94.90%,$0.39B,$0.12B,29.85%,$0.39B,0,0.00%,$0.39B,0,0.00%,$0.39B,$0.12B,29.85%,$0.39B,$0.08B,19.39%,$0.08B,$0.88B,8.66%,$0.08B,$0.60B,12.75%,$0.08B,$8.26B,0.94%,$0.12B,$1.11B,10.54%,$101,$5,$96,$0,$65,$72,$30,$0,$30,$10,$19,$19,$19,$0,$0,$44,44,$0.44,$0.43,$149,$0,$0,$5969,$89,$1682,$283,$240,$2294,$8263,$7047,$232,$102,$333,$7381,$0,$462,$-22,$882,$8263,$76,$16,$9,$25,$3,$-1,$0,$21,$23,$125,$-8,$0,$-3,$0,$-183,$-183,$-310,$-504,$-0,$126,$125,$-17,$-17,$-38,$304,$373,$-6,$4,$-38
12,2015-09-30,25.01,$20.29,1.23,$8.70,2.87,$5.60,4.47,$1.71,14.63,$6.00B,$6.96B,0.86,$0.23B,$0.88B,0.27,$0.39B,$0.37B,94.83%,$0.39B,$0.11B,29.46%,$0.39B,0,0.00%,$0.39B,0,0.00%,$0.39B,$0.11B,29.46%,$0.39B,$0.08B,19.64%,$0.08B,$0.88B,8.70%,$0.08B,$0.60B,12.85%,$0.08B,$8.16B,0.95%,$0.11B,$1.11B,10.31%,$101,$5,$96,$0,$64,$70,$31,$0,$31,$11,$20,$20,$20,$0,$0,$44,44,$0.45,$0.45,$193,$0,$0,$5999,$88,$1563,$280,$231,$2163,$8162,$6963,$232,$91,$322,$7285,$0,$453,$-13,$876,$8162,$57,$12,$7,$19,$2,$-0,$0,$15,$17,$93,$-5,$0,$0,$0,$-54,$-54,$-290,$-349,$-0,$46,$45,$-24,$-24,$-29,$301,$294,$38,$3,$-29
13,2015-06-30,24.09,$20.05,1.2,$8.59,2.81,$4.78,5.04,$1.51,15.95,$5.85B,$6.88B,0.85,$0.23B,$0.88B,0.27,$0.38B,$0.36B,94.50%,$0.38B,$0.10B,25.92%,$0.38B,0,0.00%,$0.38B,0,0.00%,$0.38B,$0.10B,25.92%,$0.38B,$0.07B,17.54%,$0.07B,$0.88B,7.71%,$0.07B,$0.59B,11.45%,$0.07B,$8.07B,0.85%,$0.10B,$1.11B,8.99%,$96,$5,$91,$0,$61,$67,$29,$0,$29,$10,$19,$19,$19,$0,$0,$44,45,$0.44,$0.43,$143,$0,$0,$5849,$88,$1622,$282,$232,$2224,$8072,$6883,$232,$81,$313,$7197,$0,$442,$-16,$876,$8072,$37,$8,$7,$15,$-1,$-1,$0,$5,$3,$55,$-3,$0,$0,$0,$-122,$-122,$-181,$-305,$-0,$195,$195,$-10,$-10,$-19,$72,$238,$-12,$3,$-19
14,2015-03-31,22.87,$19.95,1.15,$9.01,2.54,$4.48,5.11,$1.70,13.45,$5.71B,$6.67B,0.86,$0.23B,$0.88B,0.26,$0.40B,$0.38B,94.75%,$0.40B,$0.11B,28.00%,$0.40B,0,0.00%,$0.40B,0,0.00%,$0.40B,$0.11B,28.00%,$0.40B,$0.08B,19.00%,$0.08B,$0.88B,8.80%,$0.08B,$0.60B,13.11%,$0.08B,$7.86B,0.97%,$0.11B,$1.11B,9.95%,$94,$5,$89,$0,$60,$66,$27,$0,$27,$9,$18,$18,$18,$0,$0,$44,45,$0.41,$0.41,$151,$0,$0,$5709,$88,$1556,$283,$228,$2155,$7864,$6673,$232,$82,$314,$6986,$0,$433,$-14,$877,$7864,$18,$4,$4,$8,$-0,$-0,$0,$5,$4,$30,$-1,$0,$0,$0,$-48,$-48,$-31,$-80,$-0,$-124,$-124,$-1,$-1,$-9,$180,$46,$-4,$2,$-9
15,2014-12-31,23.76,$19.69,1.21,$9.04,2.63,$4.52,5.26,$1.70,13.98,$5.68B,$6.62B,0.86,$0.23B,$0.86B,0.27,$0.40B,$0.38B,94.50%,$0.40B,$0.11B,28.00%,$0.40B,0,0.00%,$0.40B,0,0.00%,$0.40B,$0.11B,28.00%,$0.40B,$0.08B,19.00%,$0.08B,$0.86B,8.91%,$0.08B,$0.58B,13.41%,$0.08B,$7.81B,0.97%,$0.11B,$1.10B,9.66%,$96,$5,$91,$0,$62,$69,$27,$0,$27,$9,$19,$19,$19,$0,$0,$44,44,$0.42,$0.41,$154,$0,$0,$5683,$89,$1500,$284,$251,$2124,$7807,$6616,$232,$95,$327,$6943,$0,$424,$-17,$864,$7807,$75,$17,$16,$32,$-3,$-2,$0,$-14,$-20,$88,$-9,$0,$0,$0,$68,$68,$-203,$-144,$-196,$-139,$-335,$6,$6,$-37,$409,$44,$-12,$4,$-37
16,2014-09-30,20.2,$19.62,1.03,$9.10,2.22,$5.42,3.72,$1.69,11.95,$5.70B,$6.69B,0.85,$0.23B,$0.86B,0.27,$0.40B,$0.37B,93.97%,$0.40B,$0.11B,28.14%,$0.40B,0,0.00%,$0.40B,0,0.00%,$0.40B,$0.11B,28.14%,$0.40B,$0.08B,18.84%,$0.08B,$0.86B,8.92%,$0.08B,$0.57B,13.56%,$0.08B,$7.87B,0.96%,$0.11B,$1.09B,9.40%,$96,$5,$90,$0,$73,$79,$16,$0,$16,$6,$11,$11,$11,$0,$0,$44,44,$0.25,$0.25,$182,$0,$0,$5700,$89,$1539,$285,$254,$2167,$7867,$6691,$232,$87,$319,$7010,$0,$415,$-9,$857,$7867,$57,$13,$14,$26,$-3,$-2,$0,$-19,$-24,$59,$-7,$0,$0,$0,$28,$28,$-187,$-165,$-196,$-80,$-276,$1,$1,$-28,$425,$122,$16,$3,$-28
17,2014-06-30,21.36,$19.61,1.09,$9.13,2.34,$6.13,3.49,$1.88,11.36,$5.70B,$6.58B,0.87,$0.35B,$0.86B,0.41,$0.40B,$0.37B,93.48%,$0.40B,$0.12B,31.08%,$0.40B,0,0.00%,$0.40B,0,0.00%,$0.40B,$0.12B,31.08%,$0.40B,$0.08B,20.80%,$0.08B,$0.86B,10.05%,$0.08B,$0.57B,15.48%,$0.08B,$7.87B,1.07%,$0.12B,$1.21B,10.16%,$114,$6,$109,$0,$66,$73,$42,$0,$42,$14,$28,$28,$28,$0,$0,$44,44,$0.63,$0.62,$191,$0,$0,$5696,$88,$1554,$286,$246,$2174,$7870,$6577,$352,$83,$435,$7012,$0,$413,$-7,$857,$7870,$46,$9,$-8,$1,$-2,$-2,$0,$-1,$-4,$42,$-3,$0,$0,$0,$18,$18,$-171,$-157,$-75,$78,$4,$1,$1,$-18,$152,$139,$24,$2,$-18
18,2014-03-31,21.55,$19.09,1.13,$8.70,2.48,$6.15,3.51,$1.64,13.14,$5.61B,$6.43B,0.87,$0.41B,$0.83B,0.49,$0.38B,$0.35B,92.37%,$0.38B,$0.11B,28.42%,$0.38B,0,0.00%,$0.38B,0,0.00%,$0.38B,$0.11B,27.89%,$0.38B,$0.07B,18.95%,$0.07B,$0.83B,8.90%,$0.07B,$0.54B,13.89%,$0.07B,$7.75B,0.94%,$0.11B,$1.24B,8.86%,$94,$7,$88,$0,$60,$68,$27,$0,$27,$9,$18,$18,$18,$0,$0,$44,44,$0.41,$0.41,$193,$0,$0,$5605,$88,$1537,$288,$236,$2148,$7753,$6426,$410,$85,$495,$6921,$0,$395,$-12,$832,$7753,$18,$4,$3,$8,$-1,$-1,$0,$8,$6,$32,$-1,$0,$0,$0,$2,$2,$-77,$-76,$-0,$-99,$-99,$0,$0,$-9,$179,$71,$27,$1,$-9
19,2013-12-31,22.62,$18.77,1.21,$8.90,2.54,$5.56,4.07,$1.44,15.71,$5.50B,$6.35B,0.87,$0.41B,$0.82B,0.5,$0.37B,$0.34B,91.40%,$0.37B,$0.10B,27.69%,$0.37B,0,0.00%,$0.37B,0,0.00%,$0.37B,$0.09B,24.19%,$0.37B,$0.06B,16.67%,$0.06B,$0.82B,7.73%,$0.06B,$0.53B,12.16%,$0.06B,$7.65B,0.81%,$0.10B,$1.23B,8.29%,$94,$7,$87,$0,$59,$68,$27,$-0,$27,$9,$18,$18,$18,$0,$0,$42,42,$0.43,$0.43,$165,$0,$0,$5502,$88,$1529,$291,$242,$2150,$7652,$6346,$410,$79,$489,$6836,$0,$386,$-17,$817,$7652,$62,$18,$20,$38,$4,$-2,$0,$18,$19,$119,$-6,$0,$81,$0,$-9,$-9,$-250,$-184,$-164,$271,$108,$-7,$-7,$-34,$-8,$60,$-5,$4,$-34
20,2013-09-30,19.9,$18.38,1.08,$9.12,2.18,$5.31,3.75,$1.42,14.02,$5.51B,$6.38B,0.86,$0.41B,$0.80B,0.52,$0.36B,$0.33B,90.58%,$0.36B,$0.10B,26.59%,$0.36B,0,0.00%,$0.36B,0,0.00%,$0.36B,$0.08B,22.71%,$0.36B,$0.06B,15.79%,$0.06B,$0.80B,7.67%,$0.06B,$0.50B,11.84%,$0.06B,$7.67B,0.79%,$0.10B,$1.21B,8.06%,$97,$7,$89,$0,$60,$69,$28,$-0,$28,$9,$19,$19,$19,$0,$0,$44,44,$0.44,$0.44,$214,$0,$0,$5511,$87,$1547,$292,$232,$2158,$7669,$6376,$410,$87,$497,$6873,$0,$377,$-23,$796,$7669,$44,$14,$20,$33,$-8,$-1,$0,$18,$9,$86,$-3,$0,$81,$0,$-19,$-19,$-195,$-136,$-163,$189,$25,$-12,$-12,$-24,$105,$94,$45,$4,$-24
21,2013-06-30,18.17,$18.18,1.0,$9.37,1.94,$4.99,3.64,$1.41,12.88,$5.37B,$6.26B,0.86,$0.41B,$0.79B,0.52,$0.35B,$0.31B,89.91%,$0.35B,$0.09B,25.65%,$0.35B,0,0.00%,$0.35B,0,0.00%,$0.35B,$0.07B,21.33%,$0.35B,$0.05B,15.27%,$0.05B,$0.79B,7.70%,$0.05B,$0.50B,11.59%,$0.05B,$7.54B,0.78%,$0.09B,$1.20B,7.77%,$95,$8,$87,$0,$60,$70,$26,$-1,$24,$7,$17,$17,$17,$0,$0,$44,44,$0.39,$0.38,$149,$0,$0,$5368,$88,$1556,$293,$230,$2166,$7535,$6264,$410,$69,$479,$6743,$0,$367,$-22,$792,$7535,$25,$9,$11,$20,$-2,$-1,$0,$1,$-2,$42,$-2,$0,$81,$0,$-19,$-19,$-118,$-58,$-163,$201,$38,$-6,$-6,$-16,$-20,$-4,$-20,$3,$-16
22,2013-03-31,18.82,$18.36,1.02,$9.59,1.96,$5.00,3.77,$1.43,13.16,$5.43B,$6.20B,0.88,$0.53B,$0.80B,0.66,$0.33B,$0.30B,89.12%,$0.33B,$0.08B,25.08%,$0.33B,0,0.00%,$0.33B,0,0.00%,$0.33B,$0.07B,20.85%,$0.33B,$0.05B,14.80%,$0.05B,$0.80B,7.75%,$0.05B,$0.51B,11.35%,$0.05B,$7.61B,0.76%,$0.08B,$1.33B,7.57%,$86,$8,$77,$0,$55,$64,$22,$-11,$11,$3,$8,$8,$8,$0,$0,$36,37,$0.21,$0.21,$304,$0,$0,$5430,$89,$1564,$293,$235,$2181,$7611,$6202,$530,$76,$606,$6808,$0,$358,$-7,$803,$7611,$8,$4,$5,$9,$-2,$-1,$0,$-8,$-12,$5,$-1,$0,$81,$0,$-1,$-1,$-17,$62,$-44,$1,$-42,$-0,$-0,$-7,$118,$69,$135,$2,$-7
23,2012-12-31,17.06,$17.24,0.99,$9.71,1.76,$5.28,3.23,$1.63,10.47,$4.38B,$4.95B,0.88,$0.44B,$0.58B,0.76,$0.33B,$0.29B,88.69%,$0.33B,$0.08B,24.77%,$0.33B,0,0.00%,$0.33B,0,0.00%,$0.33B,$0.08B,23.85%,$0.33B,$0.06B,16.82%,$0.06B,$0.58B,9.67%,$0.06B,$0.41B,13.63%,$0.06B,$6.04B,0.92%,$0.08B,$1.03B,8.00%,$83,$8,$74,$0,$54,$63,$20,$-1,$19,$6,$13,$13,$13,$0,$0,$33,34,$0.39,$0.38,$168,$0,$0,$4376,$78,$1238,$169,$181,$1666,$6042,$4947,$443,$70,$513,$5460,$0,$358,$-6,$582,$6042,$55,$12,$20,$32,$-4,$-1,$0,$7,$2,$89,$-7,$0,$53,$0,$101,$101,$-274,$-127,$-3,$-19,$-22,$-14,$-14,$-27,$135,$72,$34,$4,$-27
24,2012-09-30,18.38,$17.09,1.08,$9.61,1.91,$5.03,3.65,$1.65,11.14,$4.33B,$4.94B,0.88,$0.44B,$0.58B,0.77,$0.32B,$0.29B,88.58%,$0.32B,$0.08B,24.38%,$0.32B,0,0.00%,$0.32B,0,0.00%,$0.32B,$0.08B,23.77%,$0.32B,$0.06B,17.28%,$0.06B,$0.58B,10.04%,$0.06B,$0.41B,14.10%,$0.06B,$6.03B,0.96%,$0.08B,$1.02B,7.89%,$83,$9,$74,$0,$53,$62,$21,$-1,$20,$6,$15,$15,$15,$0,$0,$34,34,$0.43,$0.43,$144,$0,$0,$4325,$77,$1281,$170,$176,$1704,$6029,$4943,$443,$66,$509,$5452,$0,$351,$-4,$577,$6029,$41,$9,$11,$20,$-11,$-1,$0,$8,$-3,$58,$-5,$0,$53,$0,$62,$62,$-232,$-121,$-3,$-44,$-48,$-15,$-15,$-20,$157,$75,$11,$4,$-20
25,2012-06-30,17.82,$16.79,1.06,$9.55,1.87,$5.32,3.35,$1.67,10.67,$4.23B,$4.90B,0.86,$0.44B,$0.57B,0.78,$0.32B,$0.28B,88.47%,$0.32B,$0.08B,24.30%,$0.32B,0,0.00%,$0.32B,0,0.00%,$0.32B,$0.08B,23.99%,$0.32B,$0.06B,17.45%,$0.06B,$0.57B,10.21%,$0.06B,$0.40B,14.11%,$0.06B,$5.97B,0.98%,$0.08B,$1.01B,7.85%,$79,$9,$70,$0,$50,$60,$20,$-1,$19,$6,$13,$13,$13,$0,$0,$33,33,$0.40,$0.40,$143,$0,$0,$4233,$77,$1315,$170,$173,$1734,$5968,$4901,$443,$57,$500,$5401,$0,$343,$-5,$567,$5968,$27,$6,$7,$13,$-6,$-1,$0,$0,$-7,$33,$-3,$0,$53,$0,$28,$28,$-141,$-62,$-3,$31,$27,$-15,$-15,$-13,$40,$39,$10,$3,$-13
26,2012-03-31,18.04,$16.51,1.09,$9.52,1.9,$5.60,3.22,$1.70,10.61,$4.05B,$4.73B,0.86,$0.45B,$0.55B,0.81,$0.32B,$0.28B,88.20%,$0.32B,$0.08B,24.53%,$0.32B,0,0.00%,$0.32B,0,0.00%,$0.32B,$0.08B,24.53%,$0.32B,$0.06B,18.01%,$0.06B,$0.55B,10.74%,$0.06B,$0.40B,14.58%,$0.06B,$5.79B,1.05%,$0.08B,$1.00B,8.01%,$82,$9,$72,$0,$52,$62,$20,$-1,$20,$6,$14,$14,$14,$0,$0,$33,33,$0.41,$0.41,$303,$0,$0,$4051,$75,$1340,$152,$167,$1734,$5785,$4733,$446,$57,$503,$5236,$0,$337,$-5,$549,$5785,$14,$3,$3,$6,$-2,$-1,$0,$-3,$-5,$15,$-2,$0,$48,$0,$2,$2,$-18,$30,$0,$-16,$-15,$1,$1,$-7,$146,$125,$170,$2,$-7
27,2011-12-31,17.92,$16.23,1.1,$9.39,1.91,$5.88,3.05,$1.70,10.54,$3.86B,$4.55B,0.85,$0.45B,$0.54B,0.83,$0.32B,$0.28B,87.81%,$0.32B,$0.08B,24.69%,$0.32B,0,0.00%,$0.32B,0,0.00%,$0.32B,$0.08B,24.69%,$0.32B,$0.06B,18.13%,$0.06B,$0.54B,10.79%,$0.06B,$0.39B,14.49%,$0.06B,$5.60B,1.06%,$0.08B,$0.98B,8.03%,$80,$9,$71,$0,$52,$62,$18,$-1,$18,$4,$14,$14,$14,$0,$0,$34,34,$0.41,$0.42,$132,$0,$0,$3861,$75,$1342,$150,$170,$1737,$5598,$4549,$446,$66,$512,$5060,$0,$330,$-6,$538,$5598,$58,$10,$9,$19,$-1,$-0,$0,$8,$7,$84,$-10,$0,$81,$0,$-77,$-77,$-170,$-175,$-2,$22,$20,$-29,$-29,$-27,$88,$52,$-39,$3,$-27
28,2011-09-30,14.92,$16.28,0.92,$9.48,1.57,$6.10,2.44,$1.71,8.73,$3.83B,$4.42B,0.87,$0.45B,$0.54B,0.83,$0.33B,$0.28B,87.08%,$0.33B,$0.08B,24.62%,$0.33B,0,0.00%,$0.33B,0,0.00%,$0.33B,$0.08B,24.62%,$0.33B,$0.06B,17.85%,$0.06B,$0.54B,10.81%,$0.06B,$0.41B,14.37%,$0.06B,$5.48B,1.07%,$0.08B,$0.99B,8.14%,$80,$9,$71,$0,$49,$59,$20,$-0,$20,$5,$15,$15,$15,$0,$0,$33,34,$0.46,$0.45,$195,$0,$0,$3832,$69,$1270,$134,$174,$1647,$5478,$4423,$446,$70,$516,$4940,$0,$323,$4,$539,$5478,$44,$7,$10,$18,$1,$-0,$0,$5,$6,$68,$-6,$0,$-1,$0,$-2,$-2,$-113,$-122,$-2,$-1,$-3,$-30,$-30,$-20,$131,$77,$23,$2,$-20
29,2011-06-30,17.56,$15.94,1.1,$9.54,1.84,$6.12,2.87,$1.68,10.45,$3.70B,$4.29B,0.86,$0.45B,$0.54B,0.83,$0.33B,$0.28B,86.32%,$0.33B,$0.08B,24.01%,$0.33B,0,0.00%,$0.33B,0,0.00%,$0.33B,$0.08B,24.01%,$0.33B,$0.06B,17.63%,$0.06B,$0.54B,10.83%,$0.06B,$0.40B,14.41%,$0.06B,$5.34B,1.07%,$0.08B,$0.98B,7.93%,$80,$10,$70,$0,$48,$59,$21,$0,$21,$6,$15,$15,$15,$0,$0,$34,34,$0.43,$0.43,$106,$0,$0,$3700,$67,$1261,$135,$175,$1637,$5337,$4291,$446,$65,$511,$4802,$0,$315,$-0,$535,$5337,$29,$5,$5,$10,$2,$-0,$0,$3,$4,$43,$-2,$0,$-1,$0,$-0,$-0,$-67,$-70,$-2,$17,$15,$-20,$-20,$-14,$-20,$-39,$-66,$2,$-14
30,2011-03-31,17.92,$15.65,1.15,$9.66,1.85,$6.14,2.92,$1.67,10.73,$3.88B,$4.43B,0.88,$0.45B,$0.54B,0.83,$0.33B,$0.29B,85.33%,$0.33B,$0.08B,23.35%,$0.33B,0,0.00%,$0.33B,0,0.00%,$0.33B,$0.08B,23.35%,$0.33B,$0.06B,17.07%,$0.06B,$0.54B,10.68%,$0.06B,$0.41B,14.23%,$0.06B,$5.48B,1.05%,$0.08B,$0.99B,7.64%,$80,$11,$69,$0,$48,$60,$20,$0,$20,$6,$14,$14,$14,$0,$0,$34,35,$0.42,$0.41,$325,$0,$0,$3882,$67,$1223,$132,$174,$1595,$5478,$4426,$445,$67,$512,$4939,$0,$307,$-7,$539,$5478,$14,$2,$1,$3,$2,$-0,$0,$5,$7,$24,$-1,$0,$0,$0,$29,$29,$-23,$5,$0,$8,$8,$-2,$-2,$-7,$125,$124,$153,$1,$-7
31,2010-12-31,18.82,$15.46,1.22,$9.84,1.91,$5.98,3.15,$1.67,11.27,$3.71B,$4.29B,0.86,$0.45B,$0.53B,0.84,$0.34B,$0.29B,84.41%,$0.34B,$0.08B,22.94%,$0.34B,0,0.00%,$0.34B,0,0.00%,$0.34B,$0.08B,22.94%,$0.34B,$0.06B,16.76%,$0.06B,$0.53B,10.81%,$0.06B,$0.40B,14.47%,$0.06B,$5.34B,1.05%,$0.08B,$0.98B,7.44%,$85,$12,$73,$0,$53,$66,$19,$0,$19,$4,$14,$14,$14,$0,$0,$34,35,$0.42,$0.41,$172,$0,$0,$3710,$67,$1254,$132,$175,$1628,$5339,$4294,$445,$66,$511,$4805,$0,$300,$-5,$534,$5339,$57,$10,$12,$21,$2,$-0,$0,$9,$11,$89,$-7,$0,$0,$0,$52,$52,$13,$58,$-185,$3,$-181,$1,$1,$-28,$41,$-166,$-18,$4,$-28
32,2010-09-30,17.05,$15.50,1.1,$9.98,1.71,$5.00,3.41,$1.65,10.33,$3.89B,$4.37B,0.89,$0.51B,$0.53B,0.95,$0.34B,$0.29B,83.09%,$0.34B,$0.08B,22.45%,$0.34B,0,0.00%,$0.34B,0,0.00%,$0.34B,$0.08B,22.45%,$0.34B,$0.06B,16.62%,$0.06B,$0.53B,10.96%,$0.06B,$0.40B,14.76%,$0.06B,$5.48B,1.04%,$0.08B,$1.04B,7.08%,$84,$13,$72,$0,$51,$65,$19,$0,$19,$5,$15,$15,$15,$0,$0,$34,35,$0.42,$0.42,$343,$0,$0,$3893,$67,$1213,$133,$176,$1589,$5482,$4369,$505,$74,$579,$4948,$0,$292,$5,$534,$5482,$43,$7,$7,$14,$0,$-0,$0,$11,$11,$69,$-4,$0,$0,$0,$104,$104,$10,$110,$-125,$10,$-115,$1,$1,$-21,$110,$-25,$154,$3,$-21
33,2010-06-30,15.62,$15.28,1.02,$10.12,1.54,$4.75,3.29,$1.63,9.58,$3.75B,$4.26B,0.88,$0.56B,$0.53B,1.05,$0.35B,$0.28B,81.56%,$0.35B,$0.08B,22.19%,$0.35B,0,0.00%,$0.35B,0,0.00%,$0.35B,$0.08B,22.19%,$0.35B,$0.06B,16.14%,$0.06B,$0.53B,10.95%,$0.06B,$0.39B,14.88%,$0.06B,$5.42B,1.02%,$0.08B,$1.08B,6.90%,$85,$14,$71,$0,$50,$65,$20,$0,$20,$6,$14,$14,$14,$0,$0,$34,35,$0.42,$0.42,$170,$0,$0,$3747,$66,$1293,$134,$176,$1668,$5415,$4260,$555,$73,$628,$4888,$0,$285,$5,$527,$5415,$28,$5,$8,$12,$1,$-0,$0,$3,$4,$45,$-3,$0,$0,$0,$25,$25,$-11,$12,$-75,$3,$-72,$1,$1,$-14,$8,$-76,$-20,$2,$-14
34,2010-03-31,17.34,$14.97,1.16,$10.23,1.7,$4.26,4.07,$1.55,11.19,$3.81B,$4.34B,0.88,$0.58B,$0.52B,1.13,$0.35B,$0.28B,80.00%,$0.35B,$0.07B,21.14%,$0.35B,0,0.00%,$0.35B,0,0.00%,$0.35B,$0.07B,21.14%,$0.35B,$0.05B,15.43%,$0.05B,$0.52B,10.80%,$0.05B,$0.38B,14.82%,$0.05B,$5.53B,0.99%,$0.07B,$1.10B,6.51%,$86,$15,$71,$0,$51,$66,$20,$0,$20,$6,$14,$14,$14,$0,$0,$34,34,$0.41,$0.41,$239,$0,$0,$3807,$66,$1343,$135,$181,$1724,$5531,$4344,$580,$91,$671,$5016,$0,$277,$3,$515,$5531,$14,$2,$5,$7,$0,$-0,$0,$-2,$-2,$19,$-1,$0,$0,$0,$-10,$-10,$2,$-9,$-50,$11,$-39,$1,$1,$-7,$85,$39,$50,$1,$-7
35,2009-12-31,15.3,$14.69,1.04,$10.46,1.46,$3.63,4.21,$1.54,9.93,$3.77B,$4.25B,0.89,$0.63B,$0.51B,1.25,$0.35B,$0.28B,78.47%,$0.35B,$0.07B,20.68%,$0.35B,0,0.00%,$0.35B,0,0.00%,$0.35B,$0.07B,20.68%,$0.35B,$0.05B,15.01%,$0.05B,$0.51B,11.00%,$0.05B,$0.37B,15.35%,$0.05B,$5.46B,0.97%,$0.07B,$1.14B,6.37%,$88,$16,$71,$0,$53,$70,$18,$0,$18,$4,$14,$14,$14,$0,$0,$34,34,$0.40,$0.39,$190,$0,$0,$3768,$66,$1313,$136,$181,$1696,$5464,$4249,$630,$80,$710,$4959,$0,$270,$1,$505,$5464,$52,$9,$31,$41,$-4,$-1,$0,$-33,$-38,$55,$-6,$0,$0,$0,$-7,$-7,$-15,$-28,$-78,$-51,$-128,$36,$36,$-27,$170,$51,$77,$3,$-27
36,2009-09-30,16.76,$14.49,1.16,$10.76,1.56,$4.71,3.56,$1.59,10.54,$3.80B,$4.25B,0.89,$0.66B,$0.50B,1.32,$0.36B,$0.28B,76.60%,$0.36B,$0.08B,21.17%,$0.36B,0,0.00%,$0.36B,0,0.00%,$0.36B,$0.08B,21.17%,$0.36B,$0.05B,15.04%,$0.05B,$0.50B,11.64%,$0.05B,$0.36B,16.55%,$0.05B,$5.48B,1.00%,$0.08B,$1.15B,6.63%,$88,$19,$70,$0,$49,$69,$19,$0,$19,$6,$14,$14,$14,$0,$0,$34,34,$0.40,$0.40,$247,$0,$0,$3799,$66,$1338,$136,$146,$1686,$5484,$4252,$655,$79,$735,$4987,$0,$263,$2,$498,$5484,$38,$7,$26,$32,$-3,$-1,$0,$-7,$-11,$60,$-4,$0,$0,$0,$-24,$-24,$19,$-9,$-52,$-59,$-111,$35,$35,$-20,$181,$85,$135,$2,$-20
37,2009-06-30,16.01,$14.06,1.14,$11.03,1.45,$4.98,3.22,$1.66,9.64,$3.78B,$4.18B,0.91,$0.68B,$0.48B,1.41,$0.36B,$0.27B,74.45%,$0.36B,$0.08B,22.25%,$0.36B,0,0.00%,$0.36B,0,0.00%,$0.36B,$0.08B,21.70%,$0.36B,$0.06B,15.11%,$0.06B,$0.48B,12.37%,$0.06B,$0.35B,17.93%,$0.06B,$5.42B,1.02%,$0.08B,$1.16B,7.10%,$88,$20,$68,$0,$50,$71,$17,$0,$17,$5,$12,$12,$12,$0,$0,$34,34,$0.34,$0.34,$194,$0,$0,$3780,$65,$1294,$137,$141,$1637,$5417,$4178,$680,$77,$757,$4935,$0,$257,$-5,$482,$5417,$25,$5,$15,$20,$-14,$-1,$0,$-2,$-17,$27,$-2,$0,$0,$0,$9,$9,$5,$13,$-28,$-86,$-114,$34,$34,$-13,$134,$42,$81,$2,$-13
38,2009-03-31,15.8,$13.55,1.17,$11.23,1.41,$5.58,2.83,$1.77,8.93,$3.77B,$4.20B,0.9,$0.69B,$0.44B,1.56,$0.37B,$0.27B,72.60%,$0.37B,$0.09B,23.29%,$0.37B,0,0.00%,$0.37B,0,0.00%,$0.37B,$0.08B,22.74%,$0.37B,$0.06B,15.89%,$0.06B,$0.44B,13.65%,$0.06B,$0.31B,19.78%,$0.06B,$5.41B,1.08%,$0.09B,$1.13B,7.55%,$89,$21,$68,$0,$48,$70,$19,$0,$19,$6,$13,$13,$13,$0,$0,$32,33,$0.40,$0.40,$181,$0,$0,$3770,$65,$1288,$138,$145,$1636,$5406,$4203,$692,$69,$761,$4964,$0,$252,$-5,$443,$5406,$13,$2,$6,$8,$-9,$-0,$0,$-15,$-24,$-3,$-1,$0,$0,$0,$14,$14,$8,$21,$-16,$-79,$-95,$0,$0,$-7,$153,$51,$69,$1,$-7
39,2008-12-31,20.21,$13.24,1.53,$11.32,1.79,$6.33,3.19,$1.80,11.23,$3.71B,$4.13B,0.9,$0.71B,$0.43B,1.64,$0.37B,$0.26B,70.03%,$0.37B,$0.09B,23.43%,$0.37B,0,0.00%,$0.37B,0,0.00%,$0.37B,$0.08B,22.89%,$0.37B,$0.06B,16.08%,$0.06B,$0.43B,14.19%,$0.06B,$0.29B,20.33%,$0.06B,$5.34B,1.11%,$0.09B,$1.14B,8.05%,$94,$24,$69,$0,$47,$72,$21,$0,$21,$6,$15,$15,$15,$0,$0,$32,32,$0.45,$0.46,$112,$0,$0,$3705,$65,$1299,$138,$129,$1631,$5336,$4130,$708,$67,$774,$4904,$0,$245,$-8,$432,$5336,$58,$8,$29,$37,$-1,$1,$0,$-8,$-8,$87,$-6,$0,$-26,$0,$35,$35,$-220,$-217,$207,$-162,$45,$5,$5,$-26,$52,$77,$-53,$2,$-26
40,2008-09-30,21.47,$12.95,1.66,$11.23,1.91,$6.32,3.4,$1.63,13.17,$3.70B,$4.14B,0.89,$0.71B,$0.42B,1.68,$0.37B,$0.25B,67.21%,$0.37B,$0.08B,21.31%,$0.37B,0,0.00%,$0.37B,0,0.00%,$0.37B,$0.08B,20.49%,$0.37B,$0.05B,14.48%,$0.05B,$0.42B,13.02%,$0.05B,$0.28B,18.42%,$0.05B,$5.34B,1.01%,$0.08B,$1.13B,7.74%,$93,$27,$66,$0,$42,$69,$24,$-2,$22,$7,$15,$15,$15,$0,$0,$32,32,$0.47,$0.46,$144,$0,$0,$3695,$65,$1290,$138,$147,$1640,$5335,$4141,$709,$64,$773,$4914,$0,$237,$-8,$421,$5335,$43,$5,$19,$24,$0,$-0,$0,$-3,$-2,$65,$-5,$0,$-26,$0,$23,$23,$-172,$-179,$209,$-218,$-9,$3,$3,$-19,$120,$94,$-19,$2,$-19
41,2008-06-30,14.67,$11.08,1.32,$11.23,1.31,$6.18,2.37,$1.62,9.06,$3.70B,$4.15B,0.89,$0.70B,$0.40B,1.72,$0.37B,$0.24B,64.85%,$0.37B,$0.08B,20.71%,$0.37B,0,0.00%,$0.37B,0,0.00%,$0.37B,$0.08B,20.44%,$0.37B,$0.05B,14.44%,$0.05B,$0.40B,13.31%,$0.05B,$0.29B,18.60%,$0.05B,$5.31B,1.01%,$0.08B,$1.10B,8.13%,$89,$27,$62,$0,$41,$68,$21,$0,$21,$7,$15,$15,$15,$0,$0,$32,32,$0.46,$0.45,$147,$0,$0,$3696,$65,$1294,$113,$142,$1614,$5310,$4145,$695,$66,$761,$4906,$0,$229,$-8,$404,$5310,$28,$4,$12,$16,$-1,$0,$0,$3,$2,$46,$-3,$0,$0,$0,$18,$18,$-158,$-143,$195,$-163,$32,$-5,$-5,$-13,$67,$82,$-16,$1,$-13
42,2008-03-31,15.67,$12.65,1.24,$11.12,1.41,$6.21,2.52,$1.53,10.24,$3.59B,$4.25B,0.84,$0.50B,$0.41B,1.23,$0.37B,$0.23B,62.77%,$0.37B,$0.07B,19.84%,$0.37B,0,0.00%,$0.37B,0,0.00%,$0.37B,$0.07B,19.57%,$0.37B,$0.05B,13.59%,$0.05B,$0.41B,12.66%,$0.05B,$0.29B,17.76%,$0.05B,$5.23B,0.97%,$0.07B,$0.91B,8.44%,$91,$31,$60,$0,$40,$71,$20,$0,$20,$6,$14,$14,$14,$0,$0,$32,32,$0.43,$0.43,$137,$0,$0,$3586,$64,$1326,$113,$140,$1644,$5230,$4254,$500,$69,$570,$4824,$0,$221,$4,$406,$5230,$14,$2,$6,$8,$1,$0,$0,$-1,$0,$22,$-2,$0,$0,$0,$6,$6,$-54,$-50,$-0,$32,$31,$-6,$-6,$-6,$-18,$2,$-26,$1,$-6
43,2007-12-31,15.95,$12.29,1.3,$10.87,1.47,$6.07,2.63,$1.51,10.57,$3.57B,$4.24B,0.84,$0.50B,$0.40B,1.26,$0.37B,$0.22B,61.37%,$0.37B,$0.07B,20.00%,$0.37B,0,0.00%,$0.37B,0,0.00%,$0.37B,$0.07B,19.73%,$0.37B,$0.05B,13.70%,$0.05B,$0.40B,12.64%,$0.05B,$0.28B,17.76%,$0.05B,$5.20B,0.97%,$0.07B,$0.90B,8.51%,$93,$35,$58,$0,$45,$81,$13,$0,$12,$4,$9,$9,$9,$0,$0,$33,33,$0.29,$0.28,$163,$0,$0,$3565,$64,$1319,$114,$140,$1637,$5202,$4241,$500,$64,$564,$4804,$0,$215,$-4,$397,$5202,$50,$7,$30,$37,$-1,$0,$0,$-0,$-1,$86,$-2,$0,$0,$0,$-27,$-27,$-69,$-98,$7,$23,$30,$-45,$-45,$-26,$77,$36,$24,$3,$-26
44,2007-09-30,15.08,$11.97,1.26,$10.65,1.42,$5.37,2.81,$1.63,9.25,$3.52B,$4.26B,0.83,$0.45B,$0.39B,1.17,$0.36B,$0.22B,61.11%,$0.36B,$0.08B,21.94%,$0.36B,0,0.00%,$0.36B,0,0.00%,$0.36B,$0.08B,21.94%,$0.36B,$0.06B,15.28%,$0.06B,$0.39B,13.85%,$0.06B,$0.27B,19.47%,$0.06B,$5.15B,1.08%,$0.08B,$0.84B,9.21%,$94,$36,$58,$0,$36,$72,$22,$0,$22,$7,$15,$15,$15,$0,$0,$33,33,$0.46,$0.46,$148,$0,$0,$3516,$64,$1315,$114,$142,$1635,$5151,$4256,$453,$57,$509,$4765,$0,$213,$-10,$386,$5151,$41,$5,$16,$21,$-1,$0,$0,$-3,$-4,$58,$-1,$0,$0,$0,$-34,$-34,$-21,$-56,$-41,$-40,$-80,$-47,$-47,$-20,$154,$8,$10,$2,$-20
45,2007-06-30,15.51,$10.72,1.45,$10.36,1.5,$5.32,2.91,$1.60,9.69,$3.52B,$4.25B,0.83,$0.43B,$0.39B,1.09,$0.35B,$0.22B,60.91%,$0.35B,$0.08B,22.10%,$0.35B,0,0.00%,$0.35B,0,0.00%,$0.35B,$0.08B,22.10%,$0.35B,$0.06B,15.58%,$0.06B,$0.39B,13.72%,$0.06B,$0.28B,19.26%,$0.06B,$5.12B,1.08%,$0.08B,$0.82B,8.95%,$90,$35,$55,$0,$37,$73,$18,$0,$18,$6,$12,$12,$12,$0,$0,$34,34,$0.36,$0.36,$141,$0,$0,$3517,$65,$1290,$114,$135,$1605,$5122,$4250,$428,$54,$481,$4731,$0,$204,$-19,$391,$5122,$26,$4,$12,$16,$-1,$0,$0,$6,$5,$47,$-1,$0,$0,$0,$-25,$-25,$-25,$-51,$-66,$-55,$-121,$-23,$-23,$-13,$163,$7,$3,$1,$-13
46,2007-03-31,15.96,$11.99,1.33,$10.14,1.57,$5.31,3.01,$1.65,9.67,$3.50B,$4.17B,0.84,$0.47B,$0.41B,1.15,$0.35B,$0.21B,61.67%,$0.35B,$0.08B,23.34%,$0.35B,0,0.00%,$0.35B,0,0.00%,$0.35B,$0.08B,23.34%,$0.35B,$0.06B,16.43%,$0.06B,$0.41B,14.34%,$0.06B,$0.29B,20.25%,$0.06B,$5.10B,1.13%,$0.08B,$0.88B,9.15%,$88,$35,$53,$0,$33,$68,$20,$0,$20,$6,$14,$14,$14,$0,$0,$34,34,$0.41,$0.41,$157,$0,$0,$3502,$66,$1284,$115,$134,$1599,$5101,$4171,$468,$54,$522,$4693,$0,$199,$-12,$408,$5101,$14,$2,$2,$4,$-3,$0,$0,$1,$-1,$17,$-0,$0,$0,$0,$-7,$-7,$17,$10,$-25,$-141,$-166,$-7,$-7,$-7,$171,$-9,$18,$1,$-7
47,2006-12-31,17.23,$11.79,1.46,$9.88,1.74,$5.50,3.13,$1.64,10.51,$3.50B,$4.14B,0.85,$0.49B,$0.40B,1.22,$0.34B,$0.21B,62.91%,$0.34B,$0.08B,23.74%,$0.34B,0,0.00%,$0.34B,0,0.00%,$0.34B,$0.08B,23.74%,$0.34B,$0.06B,16.91%,$0.06B,$0.40B,14.54%,$0.06B,$0.29B,20.69%,$0.06B,$5.09B,1.14%,$0.08B,$0.90B,9.01%,$88,$35,$54,$0,$34,$69,$19,$0,$19,$6,$14,$14,$14,$0,$0,$34,34,$0.40,$0.40,$139,$0,$0,$3501,$67,$1281,$115,$123,$1587,$5088,$4142,$493,$49,$542,$4684,$0,$192,$-14,$404,$5088,$56,$8,$20,$28,$3,$0,$0,$-21,$-18,$66,$-4,$0,$-24,$0,$-39,$-39,$-210,$-277,$32,$-100,$-67,$-7,$-7,$-26,$307,$207,$-4,$3,$-26
