,Date,Stock Price,Book Value per Share,Price to Book Ratio,TTM Sales per Share,Price to Sales Ratio,TTM FCF per Share,Price to FCF Ratio,TTM Net EPS,PE Ratio,Current Assets,Current Liabilities,Current Ratio,Long Term Debt,Shareholder's Equity_x,Debt to Equity Ratio,TTM Revenue_x,TTM Gross Profit,Gross Margin,TTM Revenue_y,TTM Operating Income,Operating Margin,TTM Revenue_x,TTM EBIT,EBIT Margin,TTM Revenue_y,TTM EBITDA,EBITDA Margin,TTM Revenue_x,TTM Pre-Tax Income,Pre-Tax Margin,TTM Revenue_y,TTM Net Income_x,Net Margin,TTM Net Income_y,Shareholder's Equity_y,Return on Equity,TTM Net Income_x,Tangible Equity,Return on Tangible Equity,TTM Net Income_y,Total Assets,Return on Assets,TTM Net Income,LT Investments & Debt,Return on Investment,revenue,cost-goods-sold,gross-profit,research-development-expenses,selling-general-administrative-expenses,operating-expenses,operating-income,total-non-operating-income-expense,pre-tax-income,total-provision-income-taxes,income-after-taxes,income-from-continuous-operations,net-income,ebitda,ebit,basic-shares-outstanding,shares-outstanding,eps-basic-net-earnings-per-share,eps-earnings-per-share-diluted,cash-on-hand,inventory,other-current-assets,total-current-assets,net-property-plant-equipment,long-term-investments,goodwill-intangible-assets-total,other-long-term-assets,total-long-term-assets,total-assets,total-current-liabilities,long-term-debt,other-non-current-liabilities,total-long-term-liabilities,total-liabilities,common-stock-net,retained-earnings-accumulated-deficit,comprehensive-income,total-share-holder-equity,total-liabilities-share-holders-equity,net-income-loss,total-depreciation-amortization-cash-flow,other-non-cash-items,total-non-cash-items,change-in-accounts-receivable,change-in-inventories,change-in-accounts-payable,change-in-assets-liabilities,total-change-in-assets-liabilities,cash-flow-from-operating-activities,net-change-in-property-plant-equipment,net-change-in-intangible-assets,net-acquisitions-divestitures,net-change-in-short-term-investments,net-change-in-long-term-investments,net-change-in-investments-total,investing-activities-other,cash-flow-from-investing-activities,net-long-term-debt,net-current-debt,debt-issuance-retirement-net-total,net-common-equity-issued-repurchased,net-total-equity-issued-repurchased,total-common-preferred-stock-dividends-paid,financial-activities-other,cash-flow-from-financial-activities,net-cash-flow,stock-based-compensation,common-stock-dividends-paid
0,2018-09-30,32.75,$34.60,0.95,$17.70,1.85,$7.72,4.24,$4.90,6.68,$0.15B,$0.04B,3.43,$0.01B,$0.24B,0.03,$0.12B,$0.02B,17.21%,$0.12B,$0.04B,29.51%,$0.12B,$0.04B,29.51%,$0.12B,$0.05B,40.16%,$0.12B,$0.03B,27.87%,$0.12B,$0.03B,27.05%,$0.03B,$0.24B,14.43%,$0.03B,$0.20B,17.69%,$0.03B,$0.37B,8.82%,$0.04B,$0.25B,14.20%,$31,$25,$6,$0,$12,$21,$11,$0,$11,$1,$9,$9,$9,$14,$11,$7,7,$1.33,$1.33,$83,$33,$0,$151,$126,$20,$41,$24,$215,$367,$44,$7,$52,$82,$126,$7,$240,$-13,$240,$367,$24,$11,$3,$14,$11,$-3,$0,$-5,$1,$39,$-14,$0,$0,$0,$0,$0,$1,$-13,$-40,$0,$-40,$-0,$-0,$-3,$0,$-44,$-19,$0,$-3
1,2018-06-30,33.75,$33.26,1.01,$16.36,2.06,$7.08,4.77,$4.80,7.03,$0.15B,$0.05B,3.32,$0.02B,$0.23B,0.07,$0.11B,$0.02B,15.04%,$0.11B,$0.03B,28.32%,$0.11B,$0.03B,28.32%,$0.11B,$0.05B,39.82%,$0.11B,$0.03B,25.66%,$0.11B,$0.03B,28.32%,$0.03B,$0.23B,14.51%,$0.03B,$0.19B,18.03%,$0.03B,$0.37B,8.45%,$0.03B,$0.25B,12.40%,$34,$29,$5,$0,$12,$26,$8,$-0,$8,$1,$6,$6,$6,$12,$8,$7,7,$0.92,$0.92,$80,$29,$0,$152,$124,$18,$42,$23,$214,$366,$46,$15,$50,$89,$135,$7,$232,$-13,$231,$366,$15,$7,$0,$7,$5,$1,$4,$-12,$-3,$19,$-9,$0,$0,$0,$0,$0,$1,$-8,$-30,$0,$-30,$-0,$-0,$-2,$0,$-32,$-22,$0,$-2
2,2018-03-31,32.71,$32.41,1.01,$15.61,2.1,$4.79,6.83,$4.87,6.72,$0.16B,$0.04B,3.97,$0.04B,$0.23B,0.15,$0.11B,$0.02B,15.89%,$0.11B,$0.03B,31.78%,$0.11B,$0.03B,31.78%,$0.11B,$0.05B,42.99%,$0.11B,$0.03B,28.04%,$0.11B,$0.03B,30.84%,$0.03B,$0.23B,14.97%,$0.03B,$0.18B,18.99%,$0.03B,$0.37B,7.46%,$0.03B,$0.26B,12.18%,$31,$26,$5,$0,$11,$21,$10,$-1,$9,$1,$8,$8,$8,$13,$10,$7,7,$1.19,$1.18,$83,$30,$0,$162,$120,$19,$43,$23,$212,$374,$41,$35,$50,$108,$149,$7,$227,$-13,$225,$374,$8,$3,$-2,$2,$-0,$-0,$-1,$-15,$-18,$-8,$-2,$0,$0,$0,$0,$0,$0,$-2,$-7,$0,$-7,$0,$0,$-1,$0,$-8,$-18,$0,$-1
3,2017-12-31,37.34,$32.03,1.17,$15.25,2.45,$-0.28,0.0,$4.42,8.45,$0.18B,$0.05B,3.28,$0.04B,$0.22B,0.19,$0.10B,$0.02B,16.35%,$0.10B,$0.03B,32.69%,$0.10B,$0.03B,32.69%,$0.10B,$0.05B,44.23%,$0.10B,$0.03B,28.85%,$0.10B,$0.03B,28.85%,$0.03B,$0.22B,13.61%,$0.03B,$0.18B,17.67%,$0.03B,$0.39B,5.95%,$0.03B,$0.26B,11.27%,$26,$21,$5,$0,$16,$20,$7,$-1,$6,$-4,$10,$10,$10,$10,$7,$7,7,$1.48,$1.47,$102,$30,$0,$177,$120,$16,$44,$23,$213,$390,$54,$42,$49,$116,$170,$7,$216,$-8,$219,$390,$30,$13,$6,$19,$-9,$-1,$1,$-1,$-8,$41,$-12,$0,$0,$0,$0,$0,$-3,$-15,$-6,$-30,$-36,$0,$0,$31,$2,$-2,$32,$0,$31
4,2017-09-30,37.45,$30.25,1.24,$15.14,2.47,$8.88,4.22,$6.48,5.78,$0.16B,$0.04B,3.8,$0.06B,$0.21B,0.28,$0.10B,$0.01B,13.59%,$0.10B,$0.03B,25.24%,$0.10B,$0.03B,25.24%,$0.10B,$0.04B,37.86%,$0.10B,$0.02B,23.30%,$0.10B,$0.04B,42.72%,$0.04B,$0.21B,19.93%,$0.04B,$0.16B,25.96%,$0.04B,$0.39B,7.67%,$0.03B,$0.27B,8.25%,$22,$19,$2,$0,$12,$15,$7,$-1,$6,$3,$3,$3,$8,$10,$7,$7,7,$1.23,$1.23,$94,$31,$1,$164,$116,$27,$44,$23,$221,$385,$43,$58,$51,$135,$178,$7,$207,$-9,$207,$385,$20,$10,$-5,$5,$-2,$-2,$2,$-2,$2,$27,$-7,$0,$0,$0,$0,$0,$-3,$-11,$-35,$0,$-35,$0,$0,$32,$2,$-0,$25,$0,$32
5,2017-06-30,30.81,$33.79,0.91,$16.72,1.84,$12.33,2.5,$5.18,5.95,$0.34B,$0.19B,1.85,$0.10B,$0.23B,0.43,$0.11B,$0.01B,12.39%,$0.11B,$0.01B,5.31%,$0.11B,$0.01B,5.31%,$0.11B,$0.02B,15.04%,$0.11B,$0.00B,3.54%,$0.11B,$0.04B,31.86%,$0.04B,$0.23B,16.51%,$0.04B,$0.17B,22.12%,$0.04B,$0.62B,5.60%,$0.01B,$0.33B,1.81%,$28,$24,$5,$0,$11,$19,$10,$-1,$9,$1,$7,$7,$7,$13,$10,$7,7,$0.99,$0.99,$60,$164,$1,$344,$132,$27,$57,$26,$277,$621,$186,$100,$91,$204,$390,$7,$248,$-24,$231,$621,$12,$7,$-11,$-5,$1,$1,$0,$-11,$-9,$-2,$-4,$0,$0,$0,$0,$0,$-2,$-6,$-25,$0,$-25,$0,$0,$-1,$13,$-13,$-14,$0,$-1
6,2017-03-31,30.23,$32.85,0.92,$38.51,0.78,$14.80,2.04,$4.64,6.51,$0.33B,$0.17B,1.98,$0.13B,$0.23B,0.56,$0.26B,$0.05B,19.01%,$0.26B,$0.00B,0.38%,$0.26B,$0.00B,0.38%,$0.26B,$0.01B,5.32%,$0.26B,$-0.00B,-1.14%,$0.26B,$0.03B,12.17%,$0.03B,$0.23B,15.24%,$0.03B,$0.17B,20.81%,$0.03B,$0.62B,5.00%,$0.00B,$0.35B,0.30%,$28,$24,$5,$0,$10,$18,$10,$-1,$9,$1,$8,$8,$5,$13,$10,$7,7,$0.73,$0.73,$56,$159,$2,$331,$132,$36,$58,$26,$289,$620,$167,$125,$89,$229,$396,$7,$242,$-25,$225,$620,$5,$3,$-25,$-21,$-10,$-0,$1,$-16,$-26,$-42,$-3,$0,$0,$0,$0,$0,$-1,$-4,$3,$0,$3,$0,$0,$1,$17,$21,$-18,$0,$1
7,2016-12-31,39.05,$32.50,1.2,$59.56,0.66,$20.19,1.93,$4.32,9.04,$0.38B,$0.22B,1.72,$0.09B,$0.22B,0.43,$0.41B,$0.09B,20.83%,$0.41B,$-0.00B,-0.98%,$0.41B,$-0.00B,-0.98%,$0.41B,$0.01B,2.70%,$0.41B,$-0.01B,-1.96%,$0.41B,$0.03B,7.35%,$0.03B,$0.22B,14.69%,$0.03B,$0.18B,20.37%,$0.03B,$0.67B,4.71%,$-0.00B,$0.32B,-1.19%,$25,$23,$2,$0,$18,$26,$-1,$0,$-0,$4,$-5,$-5,$24,$3,$-1,$7,7,$3.56,$3.53,$69,$29,$2,$382,$115,$31,$46,$23,$286,$668,$222,$94,$48,$226,$448,$7,$239,$-26,$220,$668,$30,$13,$67,$81,$-10,$7,$0,$-10,$-17,$94,$-2,$0,$0,$0,$0,$0,$-8,$-10,$-3,$-20,$-23,$-6,$-6,$35,$-62,$-56,$34,$0,$35
8,2016-09-30,29.23,$28.97,1.01,$97.55,0.3,$22.32,1.31,$3.42,8.55,$0.38B,$0.23B,1.67,$0.13B,$0.20B,0.67,$0.67B,$0.15B,21.94%,$0.67B,$0.02B,2.84%,$0.67B,$0.02B,2.84%,$0.67B,$0.03B,4.33%,$0.67B,$0.01B,1.79%,$0.67B,$0.02B,3.58%,$0.02B,$0.20B,12.03%,$0.02B,$0.14B,17.39%,$0.02B,$0.66B,3.79%,$0.02B,$0.33B,5.47%,$32,$31,$2,$0,$11,$45,$-13,$-1,$-14,$-12,$-2,$-2,$-0,$-12,$-13,$7,7,$-0.06,$-0.06,$44,$201,$5,$384,$125,$0,$60,$71,$280,$664,$230,$131,$95,$238,$468,$7,$215,$-25,$196,$664,$5,$10,$60,$70,$-10,$6,$5,$-10,$-29,$46,$-3,$0,$0,$0,$0,$0,$-7,$-10,$-1,$0,$-1,$-6,$-6,$5,$-41,$-44,$3,$0,$5
9,2016-06-30,23.99,$29.20,0.82,$127.26,0.19,$23.78,1.01,$3.94,6.09,$0.32B,$0.16B,1.99,$0.14B,$0.20B,0.72,$0.88B,$0.19B,21.32%,$0.88B,$0.03B,2.96%,$0.88B,$0.03B,2.96%,$0.88B,$0.04B,4.56%,$0.88B,$0.03B,3.31%,$0.88B,$0.03B,3.08%,$0.03B,$0.20B,13.72%,$0.03B,$0.14B,20.11%,$0.03B,$0.61B,4.19%,$0.03B,$0.34B,7.40%,$178,$137,$41,$0,$47,$173,$5,$-4,$2,$-1,$3,$3,$3,$10,$5,$7,7,$0.45,$0.45,$34,$168,$16,$321,$132,$31,$61,$26,$289,$610,$162,$143,$93,$249,$411,$7,$218,$-26,$199,$610,$6,$9,$10,$19,$33,$-3,$-1,$-27,$-8,$17,$-6,$0,$0,$0,$0,$0,$-3,$-9,$-17,$-2,$-19,$-4,$-4,$-4,$-0,$-26,$-18,$0,$-4
10,2016-03-31,24.47,$29.36,0.83,$129.24,0.19,$28.89,0.85,$3.45,7.09,$0.32B,$0.14B,2.24,$0.16B,$0.20B,0.78,$0.90B,$0.18B,20.20%,$0.90B,$0.02B,2.46%,$0.90B,$0.02B,2.46%,$0.90B,$0.04B,4.13%,$0.90B,$0.03B,3.01%,$0.90B,$0.02B,2.68%,$0.02B,$0.20B,12.31%,$0.02B,$0.14B,18.25%,$0.02B,$0.61B,3.67%,$0.02B,$0.36B,6.19%,$173,$133,$40,$0,$46,$168,$5,$-2,$4,$1,$3,$3,$3,$10,$5,$7,7,$0.41,$0.41,$36,$164,$18,$316,$132,$30,$62,$26,$291,$607,$141,$157,$93,$264,$404,$7,$219,$-24,$202,$607,$3,$4,$6,$11,$35,$1,$-13,$-41,$-17,$-4,$-4,$0,$0,$0,$0,$0,$0,$-4,$-3,$-4,$-7,$0,$0,$-2,$0,$-9,$-17,$0,$-2
11,2015-12-31,17.89,$29.42,0.61,$130.93,0.14,$34.95,0.51,$3.18,5.63,$0.36B,$0.19B,1.89,$0.16B,$0.20B,0.8,$0.92B,$0.18B,19.52%,$0.92B,$0.02B,2.18%,$0.92B,$0.02B,2.18%,$0.92B,$0.04B,4.03%,$0.92B,$0.02B,2.62%,$0.92B,$0.02B,2.40%,$0.02B,$0.20B,11.27%,$0.02B,$0.14B,16.83%,$0.02B,$0.66B,3.30%,$0.02B,$0.36B,5.59%,$287,$223,$64,$0,$54,$265,$22,$-1,$20,$2,$18,$18,$18,$21,$22,$7,7,$2.65,$2.63,$52,$165,$17,$361,$133,$25,$63,$25,$294,$655,$192,$160,$92,$263,$454,$7,$218,$-23,$201,$655,$22,$18,$2,$20,$55,$10,$-5,$9,$66,$108,$-1,$0,$0,$0,$0,$0,$-7,$-8,$-3,$-80,$-83,$-24,$-24,$8,$-9,$-108,$-18,$0,$8
12,2015-09-30,20.04,$26.97,0.74,$129.98,0.15,$15.33,1.31,$-5.02,0.0,$0.39B,$0.26B,1.52,$0.16B,$0.19B,0.86,$0.93B,$0.18B,19.53%,$0.93B,$-0.08B,-8.09%,$0.93B,$-0.08B,-8.09%,$0.93B,$-0.05B,-5.29%,$0.93B,$-0.07B,-7.87%,$0.93B,$-0.04B,-3.99%,$-0.04B,$0.19B,-18.71%,$-0.04B,$0.12B,-27.98%,$-0.04B,$0.70B,-5.33%,$-0.08B,$0.34B,-20.38%,$239,$197,$42,$0,$48,$246,$-6,$10,$3,$0,$3,$3,$3,$-1,$-6,$7,7,$0.45,$0.45,$12,$234,$1,$388,$152,$0,$64,$60,$314,$703,$256,$159,$94,$262,$518,$7,$201,$-23,$185,$703,$4,$18,$-5,$13,$60,$-44,$29,$6,$43,$60,$-6,$0,$0,$0,$0,$0,$-1,$-6,$0,$-74,$-74,$-23,$-23,$-6,$-0,$-103,$-49,$0,$-6
13,2015-06-30,25.48,$27.52,0.93,$124.93,0.2,$1.48,17.21,$-4.45,0.0,$0.34B,$0.19B,1.76,$0.17B,$0.19B,0.87,$0.91B,$0.19B,20.44%,$0.91B,$-0.06B,-6.37%,$0.91B,$-0.06B,-6.37%,$0.91B,$-0.03B,-3.30%,$0.91B,$-0.07B,-7.36%,$0.91B,$-0.03B,-3.52%,$-0.03B,$0.19B,-14.63%,$-0.03B,$0.13B,-20.65%,$-0.03B,$0.65B,-4.41%,$-0.06B,$0.36B,-15.09%,$197,$161,$35,$0,$45,$195,$1,$-2,$-0,$-0,$-0,$-0,$-0,$7,$1,$7,7,$-0.04,$-0.04,$19,$203,$1,$340,$154,$0,$65,$61,$312,$651,$193,$166,$90,$267,$459,$7,$206,$-21,$192,$651,$1,$12,$-4,$8,$89,$-13,$-16,$-13,$41,$50,$-3,$0,$0,$0,$0,$0,$-0,$-3,$1,$-70,$-69,$-16,$-16,$-4,$-0,$-89,$-42,$0,$-4
14,2015-03-31,22.13,$28.39,0.78,$123.03,0.18,$-13.33,0.0,$-4.88,0.0,$0.34B,$0.19B,1.82,$0.17B,$0.20B,0.81,$0.91B,$0.19B,20.59%,$0.91B,$-0.06B,-6.90%,$0.91B,$-0.06B,-6.90%,$0.91B,$-0.03B,-3.72%,$0.91B,$-0.07B,-8.00%,$0.91B,$-0.04B,-3.94%,$-0.04B,$0.20B,-15.03%,$-0.04B,$0.14B,-20.28%,$-0.04B,$0.65B,-4.73%,$-0.06B,$0.37B,-15.74%,$194,$156,$38,$0,$46,$190,$3,$-2,$1,$0,$1,$1,$1,$10,$3,$7,7,$0.14,$0.14,$29,$187,$1,$337,$157,$0,$66,$64,$316,$654,$185,$165,$90,$265,$451,$7,$217,$-21,$203,$654,$1,$6,$-3,$3,$84,$3,$-25,$-19,$33,$37,$-2,$0,$0,$0,$0,$0,$1,$-2,$3,$-61,$-59,$-7,$-7,$-2,$-0,$-68,$-32,$0,$-2
15,2014-12-31,24.67,$29.23,0.84,$118.76,0.21,$-25.57,0.0,$-5.21,0.0,$0.45B,$0.26B,1.76,$0.19B,$0.21B,0.91,$0.90B,$0.19B,20.76%,$0.90B,$-0.07B,-7.48%,$0.90B,$-0.07B,-7.48%,$0.90B,$-0.04B,-4.24%,$0.90B,$-0.08B,-8.48%,$0.90B,$-0.04B,-4.35%,$-0.04B,$0.21B,-14.93%,$-0.04B,$0.14B,-19.40%,$-0.04B,$0.77B,-4.92%,$-0.07B,$0.40B,-15.85%,$297,$231,$66,$0,$52,$370,$-73,$-4,$-77,$-37,$-41,$-41,$-41,$-65,$-73,$7,7,$-5.57,$-5.57,$61,$190,$1,$447,$160,$0,$67,$62,$323,$771,$255,$191,$102,$304,$559,$7,$224,$-20,$211,$771,$-38,$28,$71,$99,$-23,$-1,$-3,$-15,$-41,$20,$-49,$0,$-25,$0,$0,$0,$-1,$-75,$-9,$74,$64,$-35,$-35,$-8,$-0,$21,$-34,$0,$-8
16,2014-09-30,20.58,$36.41,0.57,$116.42,0.18,$-21.75,0.0,$3.21,6.41,$0.45B,$0.29B,1.57,$0.14B,$0.27B,0.52,$0.91B,$0.20B,21.73%,$0.91B,$0.04B,3.84%,$0.91B,$0.04B,3.84%,$0.91B,$0.07B,7.46%,$0.91B,$0.03B,3.07%,$0.91B,$0.03B,2.74%,$0.03B,$0.27B,8.83%,$0.03B,$0.21B,11.14%,$0.03B,$0.83B,3.12%,$0.04B,$0.41B,8.06%,$222,$175,$47,$0,$46,$210,$11,$-2,$9,$1,$8,$8,$8,$18,$11,$8,8,$1.02,$1.02,$51,$221,$0,$450,$252,$0,$57,$68,$379,$829,$287,$139,$103,$272,$560,$7,$274,$-12,$269,$829,$3,$20,$11,$31,$11,$-36,$17,$-10,$-31,$2,$-48,$0,$0,$0,$0,$0,$0,$-47,$-0,$33,$33,$-26,$-26,$-6,$-0,$0,$-45,$0,$-6
17,2014-06-30,20.84,$36.03,0.58,$115.58,0.18,$-17.96,0.0,$3.73,5.59,$0.41B,$0.23B,1.73,$0.15B,$0.28B,0.54,$0.92B,$0.20B,21.79%,$0.92B,$0.04B,4.47%,$0.92B,$0.04B,4.47%,$0.92B,$0.07B,7.95%,$0.92B,$0.03B,3.70%,$0.92B,$0.03B,3.16%,$0.03B,$0.28B,10.18%,$0.03B,$0.22B,12.93%,$0.03B,$0.79B,3.67%,$0.04B,$0.42B,9.45%,$200,$164,$37,$0,$51,$204,$-4,$-2,$-6,$-3,$-4,$-4,$-4,$3,$-4,$8,8,$-0.47,$-0.47,$61,$188,$0,$406,$254,$0,$58,$69,$382,$789,$234,$147,$102,$280,$514,$8,$280,$-13,$275,$789,$-5,$13,$7,$20,$31,$-4,$-34,$-18,$-36,$-21,$-41,$0,$0,$0,$0,$0,$0,$-41,$-0,$46,$46,$-14,$-14,$-4,$0,$28,$-34,$0,$-4
18,2014-03-31,22.22,$37.16,0.6,$113.55,0.2,$-11.85,0.0,$4.83,4.6,$0.40B,$0.20B,2.0,$0.17B,$0.29B,0.58,$0.91B,$0.21B,23.09%,$0.91B,$0.05B,5.91%,$0.91B,$0.05B,5.91%,$0.91B,$0.08B,9.19%,$0.91B,$0.05B,5.14%,$0.91B,$0.04B,4.16%,$0.04B,$0.29B,13.43%,$0.04B,$0.23B,17.23%,$0.04B,$0.78B,4.96%,$0.05B,$0.46B,12.62%,$177,$141,$36,$0,$48,$178,$-1,$-2,$-2,$-1,$-2,$-2,$-2,$6,$-1,$8,8,$-0.19,$-0.19,$70,$194,$0,$403,$246,$0,$59,$71,$377,$780,$202,$168,$90,$288,$490,$8,$294,$-12,$290,$780,$-2,$6,$-2,$4,$46,$-9,$-27,$-39,$-29,$-26,$-32,$0,$0,$0,$0,$0,$-0,$-32,$1,$38,$40,$-5,$-5,$-2,$0,$33,$-25,$0,$-2
19,2013-12-31,25.38,$37.83,0.67,$114.29,0.22,$-8.34,0.0,$5.55,4.57,$0.46B,$0.24B,1.94,$0.15B,$0.30B,0.51,$0.93B,$0.22B,23.69%,$0.93B,$0.06B,6.65%,$0.93B,$0.06B,6.65%,$0.93B,$0.09B,9.75%,$0.93B,$0.06B,5.89%,$0.93B,$0.04B,4.72%,$0.04B,$0.30B,15.69%,$0.04B,$0.24B,20.39%,$0.04B,$0.81B,5.87%,$0.06B,$0.45B,14.97%,$312,$234,$78,$0,$57,$283,$29,$-2,$27,$5,$23,$23,$23,$41,$29,$8,8,$2.78,$2.77,$95,$184,$0,$461,$219,$0,$60,$69,$349,$810,$238,$152,$89,$274,$512,$8,$302,$-12,$298,$810,$44,$29,$-23,$6,$-3,$-15,$5,$15,$2,$53,$-55,$0,$0,$0,$0,$0,$-6,$-61,$-16,$20,$4,$-31,$-31,$-8,$-1,$-37,$-44,$0,$-8
20,2013-09-30,22.53,$34.73,0.65,$113.70,0.2,$7.85,2.87,$5.51,4.09,$0.46B,$0.25B,1.82,$0.13B,$0.28B,0.47,$0.94B,$0.23B,24.28%,$0.94B,$0.07B,7.45%,$0.94B,$0.07B,7.45%,$0.94B,$0.09B,10.01%,$0.94B,$0.06B,6.50%,$0.94B,$0.05B,4.79%,$0.05B,$0.28B,16.29%,$0.05B,$0.21B,21.51%,$0.05B,$0.78B,6.07%,$0.07B,$0.41B,17.24%,$229,$179,$49,$0,$43,$212,$17,$-1,$15,$3,$12,$12,$12,$23,$17,$8,8,$1.54,$1.54,$79,$207,$0,$455,$194,$0,$65,$65,$323,$778,$250,$129,$93,$252,$502,$8,$285,$-17,$276,$778,$22,$17,$-23,$-6,$12,$-38,$14,$3,$-9,$7,$-25,$0,$0,$0,$0,$0,$-4,$-29,$-10,$5,$-5,$-27,$-27,$-6,$-0,$-39,$-61,$0,$-6
21,2013-06-30,23.18,$33.35,0.7,$110.09,0.21,$18.93,1.22,$8.49,2.73,$0.39B,$0.17B,2.26,$0.13B,$0.27B,0.48,$0.92B,$0.23B,25.11%,$0.92B,$0.07B,7.39%,$0.92B,$0.07B,7.39%,$0.92B,$0.09B,9.89%,$0.92B,$0.06B,6.52%,$0.92B,$0.07B,7.72%,$0.07B,$0.27B,25.36%,$0.07B,$0.20B,33.89%,$0.07B,$0.70B,9.44%,$0.07B,$0.40B,16.30%,$196,$148,$48,$0,$48,$187,$9,$-2,$7,$2,$5,$5,$5,$14,$9,$8,8,$0.63,$0.63,$85,$167,$0,$393,$186,$0,$66,$54,$305,$698,$173,$130,$89,$257,$430,$8,$276,$-20,$268,$698,$10,$11,$-16,$-5,$40,$2,$-38,$-12,$-7,$-3,$-14,$0,$0,$0,$0,$0,$1,$-13,$-5,$-8,$-14,$-22,$-22,$-4,$-0,$-40,$-55,$0,$-4
22,2013-03-31,21.5,$33.64,0.64,$106.55,0.2,$25.80,0.83,$10.46,2.06,$0.41B,$0.18B,2.25,$0.12B,$0.28B,0.44,$0.90B,$0.23B,25.25%,$0.90B,$0.07B,7.49%,$0.90B,$0.07B,7.49%,$0.90B,$0.09B,9.94%,$0.90B,$0.06B,6.48%,$0.90B,$0.09B,9.83%,$0.09B,$0.28B,23.96%,$0.09B,$0.21B,29.43%,$0.09B,$0.71B,8.74%,$0.07B,$0.40B,13.51%,$196,$150,$46,$0,$50,$189,$7,$-1,$6,$1,$4,$4,$4,$13,$7,$8,8,$0.53,$0.53,$97,$162,$0,$407,$184,$0,$69,$54,$307,$714,$181,$124,$88,$252,$433,$8,$273,$-20,$280,$714,$4,$6,$-15,$-9,$33,$8,$-38,$-23,$-20,$-25,$-7,$0,$0,$0,$0,$0,$1,$-7,$3,$-7,$-4,$-5,$-5,$-2,$0,$-11,$-43,$0,$-2
23,2012-12-31,24.35,$33.68,0.72,$103.90,0.23,$31.95,0.76,$12.93,1.88,$0.49B,$0.23B,2.14,$0.14B,$0.28B,0.48,$0.87B,$0.23B,25.89%,$0.87B,$0.07B,7.79%,$0.87B,$0.07B,7.79%,$0.87B,$0.09B,10.08%,$0.87B,$0.06B,6.76%,$0.87B,$0.11B,12.49%,$0.11B,$0.28B,24.22%,$0.11B,$0.21B,28.37%,$0.11B,$0.78B,8.61%,$0.07B,$0.42B,12.07%,$318,$233,$85,$0,$59,$281,$37,$-4,$33,$9,$24,$24,$24,$44,$37,$8,8,$2.83,$2.80,$140,$169,$0,$487,$183,$0,$70,$37,$289,$776,$227,$135,$89,$268,$495,$8,$270,$-22,$281,$776,$109,$19,$23,$42,$-19,$-3,$24,$-10,$-8,$143,$-9,$0,$-69,$0,$0,$0,$4,$-74,$-62,$83,$20,$-3,$-3,$-40,$-100,$-123,$-14,$0,$-40
24,2012-09-30,15.86,$34.69,0.46,$179.18,0.09,$32.44,0.49,$16.59,0.96,$0.51B,$0.24B,2.09,$0.16B,$0.29B,0.54,$1.51B,$0.32B,21.38%,$1.51B,$0.10B,6.71%,$1.51B,$0.10B,6.71%,$1.51B,$0.12B,7.90%,$1.51B,$0.10B,6.31%,$1.51B,$0.14B,9.23%,$0.14B,$0.29B,26.53%,$0.14B,$0.21B,30.15%,$0.14B,$0.82B,9.12%,$0.10B,$0.45B,16.24%,$210,$158,$52,$0,$51,$195,$15,$-1,$14,$3,$10,$10,$38,$20,$15,$8,8,$4.53,$4.52,$156,$205,$0,$509,$194,$0,$79,$40,$313,$822,$244,$158,$80,$287,$531,$8,$321,$-63,$291,$822,$85,$12,$3,$16,$-7,$-44,$35,$-5,$-21,$79,$-5,$0,$-65,$0,$0,$0,$4,$-66,$-30,$87,$57,$-1,$-1,$-9,$-100,$-52,$2,$0,$-9
25,2012-06-30,14.63,$73.51,0.2,$177.32,0.08,$27.94,0.52,$15.12,0.97,$1.28B,$0.69B,1.85,$0.10B,$0.62B,0.15,$1.49B,$0.32B,21.40%,$1.49B,$0.10B,6.64%,$1.49B,$0.10B,6.64%,$1.49B,$0.10B,6.77%,$1.49B,$0.09B,6.10%,$1.49B,$0.13B,8.52%,$0.13B,$0.62B,21.59%,$0.13B,$0.56B,23.95%,$0.13B,$1.71B,7.23%,$0.10B,$0.71B,14.28%,$171,$128,$43,$0,$48,$164,$8,$-3,$5,$1,$3,$3,$22,$12,$8,$8,8,$2.60,$2.60,$160,$174,$0,$1275,$137,$0,$57,$33,$439,$1714,$690,$95,$62,$407,$1097,$8,$658,$-74,$617,$1714,$8,$8,$52,$60,$20,$-13,$-7,$-17,$-16,$52,$-11,$0,$0,$0,$0,$0,$9,$-2,$-30,$45,$15,$-1,$-1,$-9,$-90,$-85,$6,$0,$-9
26,2012-03-31,14.57,$72.82,0.2,$253.38,0.06,$27.84,0.52,$14.80,0.98,$1.34B,$0.87B,1.54,$0.06B,$0.61B,0.1,$2.13B,$0.41B,19.43%,$2.13B,$0.12B,5.73%,$2.13B,$0.12B,5.73%,$2.13B,$0.13B,6.19%,$2.13B,$0.11B,5.26%,$2.13B,$0.12B,5.82%,$0.12B,$0.61B,21.78%,$0.12B,$0.55B,24.28%,$0.12B,$1.75B,7.01%,$0.12B,$0.67B,16.80%,$174,$128,$46,$0,$49,$166,$8,$-1,$7,$2,$5,$5,$25,$12,$8,$8,8,$3.01,$3.00,$315,$478,$10,$1341,$253,$0,$57,$94,$408,$1750,$871,$64,$112,$269,$1139,$8,$640,$-62,$611,$1750,$25,$4,$-2,$2,$25,$0,$-22,$-27,$-24,$3,$17,$0,$0,$0,$0,$0,$-2,$15,$-14,$-22,$-36,$-1,$-1,$-4,$-3,$-44,$-24,$0,$-4
27,2011-12-31,11.11,$68.90,0.16,$321.45,0.03,$23.77,0.47,$19.28,0.58,$1.38B,$0.89B,1.54,$0.08B,$0.58B,0.13,$2.70B,$0.51B,18.68%,$2.70B,$0.15B,5.51%,$2.70B,$0.15B,5.51%,$2.70B,$0.17B,6.18%,$2.70B,$0.19B,7.10%,$2.70B,$0.16B,5.99%,$0.16B,$0.58B,29.68%,$0.16B,$0.52B,33.28%,$0.16B,$1.81B,9.19%,$0.15B,$0.65B,19.22%,$951,$770,$181,$0,$-86,$881,$70,$-2,$69,$14,$55,$55,$54,$75,$70,$8,8,$6.48,$6.47,$154,$161,$31,$1376,$107,$0,$58,$49,$433,$1809,$891,$75,$58,$341,$1232,$8,$620,$-75,$577,$1809,$162,$17,$-23,$-5,$10,$4,$-11,$-5,$-2,$155,$-17,$0,$0,$0,$0,$0,$-16,$-33,$-12,$0,$-12,$-2,$-2,$-8,$-20,$-42,$61,$0,$-8
28,2011-09-30,7.84,$65.24,0.12,$311.94,0.03,$15.36,0.51,$17.40,0.45,$1.33B,$0.84B,1.58,$0.19B,$0.55B,0.34,$2.62B,$0.49B,18.75%,$2.62B,$0.14B,5.19%,$2.62B,$0.14B,5.19%,$2.62B,$0.13B,4.89%,$2.62B,$0.17B,6.46%,$2.62B,$0.15B,5.58%,$0.15B,$0.55B,28.43%,$0.15B,$0.49B,32.16%,$0.15B,$1.76B,8.47%,$0.14B,$0.74B,16.72%,$195,$146,$49,$0,$46,$181,$13,$-3,$10,$2,$8,$8,$26,$2,$13,$8,8,$3.06,$3.05,$218,$541,$31,$1331,$257,$0,$59,$109,$427,$1758,$843,$188,$119,$367,$1210,$8,$570,$-56,$548,$1758,$50,$13,$-3,$9,$23,$-21,$6,$-15,$-8,$51,$-15,$0,$0,$0,$0,$0,$-11,$-25,$-62,$14,$-48,$0,$0,$-3,$-20,$-71,$-4,$0,$-3
29,2011-06-30,11.89,$64.47,0.18,$368.48,0.03,$11.85,1.0,$15.97,0.74,$1.31B,$0.72B,1.82,$0.30B,$0.54B,0.56,$3.09B,$0.57B,18.52%,$3.09B,$0.14B,4.66%,$3.09B,$0.14B,4.66%,$3.09B,$0.16B,5.18%,$3.09B,$0.18B,5.76%,$3.09B,$0.13B,4.34%,$0.13B,$0.54B,27.97%,$0.13B,$0.48B,31.98%,$0.13B,$1.75B,7.93%,$0.14B,$0.84B,17.51%,$811,$673,$138,$0,$116,$780,$31,$-5,$26,$7,$19,$19,$19,$43,$31,$8,8,$2.29,$2.28,$302,$491,$24,$1311,$271,$0,$59,$109,$443,$1754,$720,$301,$118,$494,$1213,$8,$549,$-41,$541,$1754,$82,$24,$17,$41,$7,$-32,$-13,$-29,$-67,$56,$-16,$0,$0,$0,$0,$0,$0,$-16,$-6,$10,$4,$0,$0,$-9,$0,$-5,$40,$0,$-9
30,2011-03-31,13.52,$61.56,0.22,$343.83,0.04,$11.06,1.22,$15.60,0.87,$1.28B,$0.66B,1.94,$0.35B,$0.52B,0.69,$2.88B,$0.56B,19.37%,$2.88B,$0.13B,4.55%,$2.88B,$0.13B,4.55%,$2.88B,$0.15B,5.18%,$2.88B,$0.17B,5.88%,$2.88B,$0.13B,4.55%,$0.13B,$0.52B,29.74%,$0.13B,$0.46B,34.47%,$0.13B,$1.73B,8.08%,$0.13B,$0.87B,16.36%,$746,$609,$137,$0,$113,$710,$35,$52,$87,$24,$63,$63,$63,$48,$35,$8,8,$7.51,$7.48,$250,$485,$24,$1283,$268,$0,$60,$111,$444,$1727,$662,$354,$116,$549,$1211,$8,$534,$-50,$517,$1727,$63,$12,$11,$23,$-26,$-30,$-1,$-37,$-95,$-9,$-6,$0,$0,$0,$0,$0,$0,$-6,$-4,$7,$4,$0,$0,$-4,$-0,$-1,$-12,$0,$-4
31,2010-12-31,13.18,$53.79,0.25,$322.00,0.04,$10.42,1.26,$9.52,1.38,$1.21B,$0.66B,1.83,$0.36B,$0.45B,0.79,$2.69B,$0.53B,19.57%,$2.69B,$0.11B,4.09%,$2.69B,$0.11B,4.09%,$2.69B,$0.13B,4.80%,$2.69B,$0.10B,3.61%,$2.69B,$0.08B,2.98%,$0.08B,$0.45B,19.58%,$0.08B,$0.39B,23.04%,$0.08B,$1.66B,5.16%,$0.11B,$0.80B,14.23%,$866,$699,$167,$0,$-108,$810,$57,$0,$46,$7,$39,$39,$38,$36,$57,$8,8,$4.61,$4.59,$262,$447,$24,$1214,$270,$0,$60,$109,$444,$1658,$664,$355,$114,$547,$1210,$8,$475,$-59,$448,$1658,$80,$20,$-7,$13,$-19,$-26,$21,$-5,$-29,$63,$4,$0,$0,$0,$0,$0,$-10,$-6,$-9,$3,$-6,$0,$0,$-12,$-25,$-43,$-1,$0,$-12
32,2010-09-30,10.57,$49.16,0.21,$301.21,0.04,$19.75,0.54,$10.05,1.05,$1.17B,$0.64B,1.84,$0.36B,$0.41B,0.89,$2.51B,$0.49B,19.68%,$2.51B,$0.09B,3.59%,$2.51B,$0.09B,3.59%,$2.51B,$0.15B,5.82%,$2.51B,$0.08B,3.23%,$2.51B,$0.06B,2.51%,$0.06B,$0.41B,15.92%,$0.06B,$0.35B,18.88%,$0.06B,$1.62B,4.17%,$0.09B,$0.77B,11.75%,$665,$535,$130,$0,$105,$644,$21,$-1,$19,$6,$13,$13,$14,$34,$21,$8,8,$1.62,$1.62,$216,$454,$0,$1172,$274,$0,$61,$103,$445,$1617,$637,$364,$128,$571,$1208,$8,$441,$-59,$410,$1617,$41,$40,$-21,$19,$-91,$-112,$147,$1,$-56,$4,$3,$0,$0,$0,$0,$0,$-1,$1,$-24,$1,$-23,$0,$0,$-13,$-3,$-39,$-40,$0,$-13
33,2010-06-30,10.66,$46.49,0.23,$285.20,0.04,$26.87,0.4,$7.96,1.34,$1.02B,$0.52B,1.95,$0.37B,$0.39B,0.95,$2.37B,$0.46B,19.30%,$2.37B,$0.07B,2.82%,$2.37B,$0.07B,2.82%,$2.37B,$0.12B,5.23%,$2.37B,$0.06B,2.65%,$2.37B,$0.05B,1.90%,$0.05B,$0.39B,11.67%,$0.05B,$0.33B,13.94%,$0.05B,$1.48B,3.03%,$0.07B,$0.76B,8.81%,$599,$476,$123,$0,$105,$581,$18,$-1,$17,$1,$16,$16,$16,$32,$18,$8,8,$1.91,$1.91,$270,$336,$0,$1017,$277,$0,$61,$115,$466,$1482,$523,$368,$123,$572,$1095,$8,$432,$-71,$387,$1482,$28,$27,$-19,$8,$-14,$-13,$50,$-19,$4,$39,$-6,$0,$0,$0,$0,$0,$-1,$-7,$-12,$15,$4,$0,$0,$-9,$-3,$-8,$14,$0,$-9
34,2010-03-31,8.86,$46.63,0.19,$278.55,0.03,$27.52,0.32,$6.24,1.42,$0.97B,$0.47B,2.05,$0.37B,$0.39B,0.96,$2.32B,$0.43B,18.49%,$2.32B,$0.05B,2.29%,$2.32B,$0.05B,2.29%,$2.32B,$0.11B,4.67%,$2.32B,$0.05B,2.25%,$2.32B,$0.03B,1.34%,$0.03B,$0.39B,8.12%,$0.03B,$0.33B,9.75%,$0.03B,$1.45B,2.09%,$0.05B,$0.76B,6.97%,$558,$452,$106,$0,$94,$544,$14,$1,$15,$3,$12,$12,$12,$27,$14,$8,8,$1.41,$1.40,$233,$330,$0,$968,$288,$0,$63,$117,$482,$1450,$473,$372,$128,$589,$1062,$8,$421,$-58,$389,$1450,$12,$13,$-18,$-4,$-6,$2,$4,$-22,$-23,$-16,$-5,$0,$0,$0,$0,$0,$-0,$-5,$-4,$10,$7,$0,$0,$-4,$0,$2,$-23,$0,$-4
35,2009-12-31,5.89,$47.88,0.12,$278.56,0.02,$26.91,0.22,$3.74,1.57,$0.99B,$0.48B,2.07,$0.38B,$0.40B,0.95,$2.31B,$0.41B,17.65%,$2.31B,$0.03B,1.21%,$2.31B,$0.03B,1.21%,$2.31B,$0.08B,3.63%,$2.31B,$0.03B,1.21%,$2.31B,$0.01B,0.43%,$0.01B,$0.40B,2.70%,$0.01B,$0.33B,3.28%,$0.01B,$1.49B,0.66%,$0.03B,$0.78B,3.73%,$688,$552,$135,$0,$107,$650,$37,$-7,$30,$9,$21,$21,$21,$53,$37,$8,8,$5.12,$5.12,$256,$337,$23,$991,$303,$0,$64,$119,$498,$1489,$479,$378,$136,$612,$1092,$8,$413,$-41,$397,$1489,$31,$56,$-44,$12,$127,$163,$-110,$-66,$115,$157,$-13,$0,$0,$0,$0,$0,$36,$23,$-49,$3,$-46,$0,$0,$-17,$-1,$-64,$118,$0,$-17
36,2009-09-30,7.03,$44.55,0.16,$308.58,0.02,$2.13,3.29,$-53.07,0.0,$0.97B,$0.54B,1.79,$0.38B,$0.37B,1.03,$2.56B,$0.41B,15.87%,$2.56B,$-0.44B,-17.20%,$2.56B,$-0.44B,-17.20%,$2.56B,$0.05B,1.92%,$2.56B,$-0.43B,-16.81%,$2.56B,$-0.44B,-17.16%,$-0.44B,$0.37B,-122.03%,$-0.44B,$0.31B,-149.07%,$-0.44B,$1.52B,-28.20%,$-0.44B,$0.75B,-59.00%,$528,$434,$94,$0,$95,$529,$-2,$3,$1,$6,$-4,$-4,$-4,$12,$-2,$8,8,$-0.47,$-0.47,$188,$394,$0,$969,$340,$0,$64,$122,$549,$1518,$543,$381,$142,$606,$1148,$8,$375,$-29,$369,$1518,$-12,$40,$3,$43,$138,$107,$-103,$-97,$45,$76,$-11,$0,$0,$0,$0,$0,$-4,$-14,$-25,$20,$-5,$0,$0,$-13,$-0,$-18,$49,$0,$-13
37,2009-06-30,3.33,$44.90,0.07,$355.72,0.01,$-17.81,0.0,$-54.70,0.0,$0.93B,$0.49B,1.9,$0.38B,$0.37B,1.03,$2.95B,$0.42B,14.11%,$2.95B,$-0.45B,-15.09%,$2.95B,$-0.45B,-15.09%,$2.95B,$0.05B,1.56%,$2.95B,$-0.44B,-14.76%,$2.95B,$-0.45B,-15.33%,$-0.45B,$0.37B,-93.63%,$-0.45B,$0.31B,-147.47%,$-0.45B,$1.47B,-25.66%,$-0.45B,$0.75B,-50.80%,$541,$448,$93,$0,$88,$537,$4,$3,$6,$5,$1,$1,$2,$16,$4,$8,8,$0.19,$0.19,$179,$378,$0,$925,$345,$0,$65,$118,$545,$1470,$486,$382,$140,$611,$1097,$8,$383,$-34,$372,$1470,$-8,$27,$2,$28,$156,$119,$-233,$-20,$21,$42,$-4,$0,$0,$0,$0,$0,$-2,$-5,$-20,$28,$9,$0,$0,$-9,$-0,$-0,$40,$0,$-9
38,2009-03-31,3.11,$41.15,0.08,$404.95,0.01,$-33.12,0.0,$-54.60,0.0,$1.00B,$0.58B,1.72,$0.38B,$0.34B,1.12,$3.36B,$0.45B,13.26%,$3.36B,$-0.45B,-13.35%,$3.36B,$-0.45B,-13.35%,$3.36B,$0.05B,1.40%,$3.36B,$-0.44B,-13.06%,$3.36B,$-0.45B,-13.47%,$-0.45B,$0.34B,-73.20%,$-0.45B,$0.28B,-137.49%,$-0.45B,$1.55B,-22.76%,$-0.45B,$0.72B,-43.96%,$555,$469,$86,$0,$98,$566,$-11,$3,$-9,$1,$-9,$-9,$-9,$3,$-11,$8,8,$-1.10,$-1.10,$156,$453,$0,$1002,$347,$0,$66,$113,$548,$1550,$582,$381,$148,$627,$1209,$8,$386,$-68,$341,$1550,$-9,$14,$-1,$13,$121,$22,$-147,$-21,$-25,$-21,$-4,$0,$0,$0,$0,$0,$-1,$-5,$-13,$60,$48,$0,$0,$-4,$-0,$43,$17,$0,$-4
39,2008-12-31,4.18,$43.07,0.1,$442.46,0.01,$-42.37,0.0,$-53.17,0.0,$1.14B,$0.68B,1.69,$0.40B,$0.36B,1.12,$3.67B,$0.49B,13.40%,$3.67B,$-0.43B,-11.71%,$3.67B,$-0.43B,-11.71%,$3.67B,$0.07B,1.86%,$3.67B,$-0.42B,-11.49%,$3.67B,$-0.44B,-11.92%,$-0.44B,$0.36B,-57.75%,$-0.44B,$0.29B,-122.84%,$-0.44B,$1.69B,-19.82%,$-0.43B,$0.76B,-36.74%,$934,$801,$133,$0,$122,$1366,$-431,$3,$-428,$2,$-431,$-431,$-428,$18,$-431,$8,8,$-51.71,$-51.71,$138,$479,$0,$1141,$349,$0,$66,$100,$547,$1688,$675,$400,$152,$656,$1331,$8,$399,$-65,$357,$1688,$-440,$497,$43,$540,$15,$36,$-108,$-39,$-95,$5,$-66,$0,$0,$0,$0,$0,$-5,$-71,$-40,$-26,$-66,$0,$0,$-17,$-0,$-83,$-143,$0,$-17
40,2008-09-30,10.4,$103.91,0.1,$460.20,0.02,$-32.67,0.0,$4.76,2.19,$1.34B,$0.85B,1.58,$0.41B,$0.86B,0.48,$3.81B,$0.55B,14.38%,$3.81B,$0.07B,1.78%,$3.81B,$0.07B,1.78%,$3.81B,$0.13B,3.41%,$3.81B,$0.07B,1.94%,$3.81B,$0.04B,1.15%,$0.04B,$0.86B,4.94%,$0.04B,$0.35B,11.65%,$0.04B,$2.34B,1.84%,$0.07B,$1.27B,5.19%,$918,$814,$104,$0,$109,$924,$-7,$3,$-4,$13,$-17,$-17,$-17,$9,$-7,$8,8,$-2.09,$-2.09,$172,$595,$0,$1339,$381,$0,$508,$99,$998,$2337,$847,$410,$142,$629,$1476,$8,$830,$8,$861,$2337,$-9,$47,$15,$62,$19,$-54,$1,$-64,$-98,$-45,$-54,$0,$0,$0,$0,$0,$-2,$-57,$-35,$37,$3,$0,$0,$-13,$-0,$-10,$-110,$0,$-13
41,2008-06-30,8.15,$109.94,0.07,$455.18,0.02,$-29.79,0.0,$9.41,0.87,$1.36B,$0.82B,1.67,$0.42B,$0.91B,0.46,$3.77B,$0.60B,15.79%,$3.77B,$0.10B,2.55%,$3.77B,$0.10B,2.55%,$3.77B,$0.16B,4.22%,$3.77B,$0.11B,2.79%,$3.77B,$0.08B,2.18%,$0.08B,$0.91B,9.28%,$0.08B,$0.40B,22.19%,$0.08B,$2.37B,3.43%,$0.10B,$1.33B,7.30%,$948,$826,$122,$0,$120,$947,$1,$2,$3,$1,$2,$2,$2,$17,$1,$8,8,$0.28,$0.28,$188,$573,$0,$1359,$385,$0,$515,$91,$1009,$2368,$816,$416,$145,$641,$1457,$8,$851,$36,$911,$2368,$8,$32,$3,$35,$38,$-5,$-56,$-72,$-94,$-51,$-37,$0,$0,$0,$0,$0,$-1,$-38,$-25,$27,$2,$0,$0,$-8,$0,$-6,$-94,$0,$-8
42,2008-03-31,8.82,$108.39,0.08,$441.25,0.02,$-25.92,0.0,$10.32,0.85,$1.43B,$0.87B,1.63,$0.42B,$0.90B,0.47,$3.65B,$0.60B,16.49%,$3.65B,$0.10B,2.85%,$3.65B,$0.10B,2.85%,$3.65B,$0.17B,4.55%,$3.65B,$0.11B,3.12%,$3.65B,$0.09B,2.47%,$0.09B,$0.90B,10.50%,$0.09B,$0.38B,26.12%,$0.09B,$2.43B,3.81%,$0.10B,$1.32B,8.01%,$865,$733,$132,$0,$124,$857,$8,$0,$8,$3,$6,$6,$6,$24,$8,$8,8,$0.68,$0.68,$222,$613,$0,$1429,$378,$0,$515,$89,$999,$2428,$874,$419,$157,$656,$1530,$8,$853,$22,$898,$2428,$6,$16,$18,$34,$36,$-55,$-16,$-91,$-125,$-86,$-16,$0,$0,$0,$0,$0,$0,$-16,$-18,$62,$45,$0,$0,$-4,$0,$41,$-59,$0,$-4
43,2007-12-31,10.8,$107.81,0.1,$434.05,0.02,$-24.05,0.0,$10.79,1.0,$1.43B,$0.86B,1.68,$0.44B,$0.89B,0.49,$3.59B,$0.60B,16.74%,$3.59B,$0.10B,2.84%,$3.59B,$0.10B,2.84%,$3.59B,$0.16B,4.54%,$3.59B,$0.12B,3.20%,$3.59B,$0.09B,2.53%,$0.09B,$0.89B,10.95%,$0.09B,$0.38B,28.55%,$0.09B,$2.43B,4.00%,$0.10B,$1.33B,8.09%,$1080,$890,$190,$0,$127,$1014,$66,$4,$67,$15,$52,$52,$53,$80,$66,$8,8,$6.39,$6.38,$281,$550,$0,$1434,$374,$0,$513,$89,$993,$2427,$856,$440,$166,$680,$1536,$8,$855,$14,$891,$2427,$90,$61,$7,$68,$-113,$-43,$70,$8,$-77,$81,$-63,$0,$6,$0,$0,$0,$-3,$-60,$81,$3,$83,$0,$0,$-16,$-3,$64,$85,$0,$-16
44,2007-09-30,11.16,$100.78,0.11,$422.22,0.03,$-8.54,0.0,$13.03,0.86,$1.37B,$0.80B,1.71,$0.45B,$0.83B,0.54,$3.49B,$0.59B,16.88%,$3.49B,$0.09B,2.64%,$3.49B,$0.09B,2.64%,$3.49B,$0.16B,4.47%,$3.49B,$0.12B,3.47%,$3.49B,$0.11B,3.12%,$0.11B,$0.83B,13.52%,$0.11B,$0.32B,37.04%,$0.11B,$2.35B,4.94%,$0.09B,$1.28B,7.57%,$875,$725,$151,$0,$123,$854,$21,$2,$27,$5,$21,$21,$21,$38,$21,$8,8,$2.55,$2.55,$240,$581,$0,$1366,$362,$0,$513,$111,$986,$2352,$799,$450,$269,$719,$1518,$8,$808,$3,$833,$2352,$38,$47,$16,$63,$-58,$-74,$26,$-31,$-137,$-36,$-40,$0,$5,$0,$0,$0,$-0,$-35,$90,$40,$129,$0,$0,$-12,$-2,$115,$43,$0,$-12
45,2007-06-30,16.7,$97.73,0.17,$413.84,0.04,$0.71,23.52,$12.76,1.31,$1.23B,$0.70B,1.77,$0.46B,$0.81B,0.57,$3.42B,$0.57B,16.74%,$3.42B,$0.09B,2.72%,$3.42B,$0.09B,2.72%,$3.42B,$0.16B,4.59%,$3.42B,$0.12B,3.51%,$3.42B,$0.11B,3.13%,$0.11B,$0.81B,13.75%,$0.11B,$0.30B,40.11%,$0.11B,$2.23B,4.98%,$0.09B,$1.27B,7.96%,$831,$702,$129,$0,$120,$822,$9,$3,$12,$2,$10,$10,$10,$24,$9,$8,8,$1.20,$1.20,$254,$511,$0,$1232,$372,$0,$512,$116,$1000,$2232,$695,$457,$272,$729,$1424,$8,$791,$-5,$808,$2232,$17,$31,$19,$50,$21,$-10,$-49,$-55,$-94,$-27,$-29,$0,$0,$0,$0,$0,$0,$-29,$91,$33,$124,$0,$0,$-8,$-3,$113,$57,$0,$-8
46,2007-03-31,14.72,$95.74,0.15,$410.08,0.04,$7.48,1.97,$12.13,1.21,$1.09B,$0.65B,1.66,$0.37B,$0.79B,0.47,$3.38B,$0.57B,16.94%,$3.38B,$0.11B,3.22%,$3.38B,$0.11B,3.22%,$3.38B,$0.17B,5.11%,$3.38B,$0.12B,3.40%,$3.38B,$0.10B,3.02%,$0.10B,$0.79B,13.55%,$0.10B,$0.28B,42.19%,$0.10B,$2.09B,4.87%,$0.11B,$1.16B,9.72%,$804,$673,$131,$0,$123,$798,$6,$3,$9,$2,$7,$7,$7,$21,$6,$8,8,$0.80,$0.80,$117,$499,$0,$1086,$372,$0,$512,$118,$1002,$2088,$654,$370,$273,$643,$1297,$8,$785,$-15,$791,$2088,$7,$16,$9,$25,$11,$-6,$-42,$-64,$-100,$-69,$-17,$0,$0,$0,$0,$0,$0,$-17,$-12,$23,$11,$0,$0,$-4,$0,$7,$-80,$0,$-4
47,2006-12-31,14.57,$96.27,0.15,$406.42,0.04,$14.31,1.02,$12.87,1.13,$1.15B,$0.75B,1.54,$0.36B,$0.79B,0.45,$3.35B,$0.56B,16.81%,$3.35B,$0.11B,3.34%,$3.35B,$0.11B,3.34%,$3.35B,$0.18B,5.26%,$3.35B,$0.12B,3.61%,$3.35B,$0.11B,3.22%,$0.11B,$0.79B,14.84%,$0.11B,$0.28B,49.60%,$0.11B,$2.16B,5.19%,$0.11B,$1.15B,10.19%,$979,$801,$178,$0,$124,$922,$56,$24,$73,$15,$58,$58,$71,$74,$56,$8,8,$8.58,$8.57,$197,$485,$0,$1154,$371,$0,$512,$83,$1003,$2156,$751,$360,$156,$612,$1363,$8,$793,$-20,$793,$2156,$107,$65,$-20,$45,$-17,$-7,$33,$13,$21,$174,$-27,$0,$-10,$0,$0,$0,$2,$-35,$-69,$-4,$-73,$0,$0,$-16,$-17,$-106,$30,$0,$-16
