,Date,Stock Price,Book Value per Share,Price to Book Ratio,TTM Sales per Share,Price to Sales Ratio,TTM FCF per Share,Price to FCF Ratio,TTM Net EPS,PE Ratio,Current Assets,Current Liabilities,Current Ratio,Long Term Debt,Shareholder's Equity_x,Debt to Equity Ratio,TTM Revenue_x,TTM Gross Profit,Gross Margin,TTM Revenue_y,TTM Operating Income,Operating Margin,TTM Revenue_x,TTM EBIT,EBIT Margin,TTM Revenue_y,TTM EBITDA,EBITDA Margin,TTM Revenue_x,TTM Pre-Tax Income,Pre-Tax Margin,TTM Revenue_y,TTM Net Income_x,Net Margin,TTM Net Income_y,Shareholder's Equity_y,Return on Equity,TTM Net Income_x,Tangible Equity,Return on Tangible Equity,TTM Net Income_y,Total Assets,Return on Assets,TTM Net Income,LT Investments & Debt,Return on Investment,revenue,cost-goods-sold,gross-profit,research-development-expenses,selling-general-administrative-expenses,operating-expenses,operating-income,total-non-operating-income-expense,pre-tax-income,total-provision-income-taxes,income-after-taxes,income-from-continuous-operations,net-income,ebitda,ebit,basic-shares-outstanding,shares-outstanding,eps-basic-net-earnings-per-share,eps-earnings-per-share-diluted,cash-on-hand,inventory,other-current-assets,total-current-assets,net-property-plant-equipment,long-term-investments,goodwill-intangible-assets-total,other-long-term-assets,total-long-term-assets,total-assets,total-current-liabilities,long-term-debt,other-non-current-liabilities,total-long-term-liabilities,total-liabilities,common-stock-net,retained-earnings-accumulated-deficit,comprehensive-income,total-share-holder-equity,total-liabilities-share-holders-equity,net-income-loss,total-depreciation-amortization-cash-flow,other-non-cash-items,total-non-cash-items,change-in-accounts-receivable,change-in-inventories,change-in-accounts-payable,change-in-assets-liabilities,total-change-in-assets-liabilities,cash-flow-from-operating-activities,net-change-in-property-plant-equipment,net-change-in-intangible-assets,net-acquisitions-divestitures,net-change-in-short-term-investments,net-change-in-long-term-investments,net-change-in-investments-total,investing-activities-other,cash-flow-from-investing-activities,net-long-term-debt,net-current-debt,debt-issuance-retirement-net-total,net-common-equity-issued-repurchased,net-total-equity-issued-repurchased,total-common-preferred-stock-dividends-paid,financial-activities-other,cash-flow-from-financial-activities,net-cash-flow,stock-based-compensation,common-stock-dividends-paid
0,2018-09-30,54.51,$39.46,1.38,$16.10,3.39,$10.51,5.19,$3.89,14.01,$2.33B,$2.55B,0.92,$0.08B,$0.38B,0.2,$0.16B,$0.15B,89.51%,$0.16B,$0.05B,32.72%,$0.16B,0,0.00%,$0.16B,0,0.00%,$0.16B,$0.05B,32.72%,$0.16B,$0.04B,24.69%,$0.04B,$0.38B,10.82%,$0.04B,$0.25B,16.48%,$0.04B,$3.00B,1.32%,$0.05B,$0.46B,11.86%,$43,$5,$38,$0,$22,$28,$14,$0,$14,$3,$11,$11,$11,$0,$0,$10,10,$1.13,$1.09,$162,$0,$0,$2334,$47,$428,$125,$66,$667,$3001,$2546,$77,$0,$77,$2623,$0,$134,$-8,$378,$3001,$30,$5,$2,$7,$-4,$0,$7,$0,$3,$41,$-3,$0,$0,$1,$-18,$-17,$-49,$-68,$-1,$0,$-1,$-16,$-16,$0,$51,$34,$6,$4,$0
1,2018-06-30,55.11,$38.50,1.43,$15.63,3.53,$9.33,5.91,$3.71,14.85,$2.26B,$2.47B,0.92,$0.08B,$0.37B,0.21,$0.16B,$0.14B,90.57%,$0.16B,$0.05B,33.96%,$0.16B,0,0.00%,$0.16B,0,0.00%,$0.16B,$0.05B,33.96%,$0.16B,$0.04B,24.53%,$0.04B,$0.37B,10.67%,$0.04B,$0.25B,16.44%,$0.04B,$2.92B,1.31%,$0.05B,$0.45B,12.53%,$41,$5,$36,$0,$22,$28,$13,$0,$13,$3,$10,$10,$10,$0,$0,$10,10,$1.01,$0.98,$105,$0,$0,$2264,$47,$420,$126,$65,$658,$2922,$2474,$77,$0,$77,$2551,$0,$123,$-7,$371,$2922,$19,$3,$1,$4,$-5,$0,$1,$0,$-4,$20,$-1,$0,$0,$0,$-6,$-6,$-36,$-43,$-1,$0,$-1,$-12,$-12,$0,$-16,$-28,$-51,$2,$0
2,2018-03-31,55.07,$37.60,1.46,$15.14,3.64,$8.75,6.29,$3.56,15.47,$2.57B,$2.78B,0.92,$0.08B,$0.37B,0.21,$0.15B,$0.14B,92.21%,$0.15B,$0.05B,35.06%,$0.15B,0,0.00%,$0.15B,0,0.00%,$0.15B,$0.05B,35.06%,$0.15B,$0.04B,24.03%,$0.04B,$0.37B,10.25%,$0.04B,$0.24B,15.95%,$0.04B,$3.22B,1.25%,$0.05B,$0.44B,13.03%,$40,$4,$36,$0,$22,$27,$13,$0,$13,$3,$10,$10,$10,$0,$0,$10,10,$0.98,$0.94,$434,$0,$0,$2567,$46,$419,$127,$65,$657,$3224,$2782,$77,$0,$77,$2859,$0,$113,$-6,$365,$3224,$10,$2,$1,$3,$-4,$0,$-0,$0,$-4,$8,$-0,$0,$0,$0,$-4,$-4,$-11,$-15,$-1,$0,$-1,$-8,$-8,$0,$294,$285,$278,$1,$0
3,2017-12-31,54.74,$37.16,1.47,$14.60,3.75,$9.46,5.78,$3.31,16.54,$2.27B,$2.49B,0.91,$0.08B,$0.37B,0.21,$0.14B,$0.13B,93.06%,$0.14B,$0.05B,34.72%,$0.14B,0,0.00%,$0.14B,0,0.00%,$0.14B,$0.05B,34.72%,$0.14B,$0.03B,22.92%,$0.03B,$0.37B,9.67%,$0.03B,$0.24B,14.83%,$0.03B,$2.93B,1.21%,$0.05B,$0.44B,13.11%,$38,$3,$35,$0,$21,$26,$13,$0,$13,$4,$9,$9,$9,$0,$0,$9,10,$0.94,$0.90,$157,$0,$0,$2272,$47,$420,$128,$64,$660,$2932,$2490,$78,$0,$78,$2568,$0,$102,$-2,$365,$2932,$33,$7,$9,$16,$-7,$0,$-1,$0,$-8,$41,$-0,$0,$9,$6,$-5,$1,$-161,$-151,$20,$0,$20,$-11,$-11,$0,$127,$136,$26,$3,$0
4,2017-09-30,57.53,$36.85,1.56,$14.70,3.91,$8.43,6.82,$3.11,18.5,$2.18B,$2.46B,0.89,$0.03B,$0.36B,0.08,$0.14B,$0.13B,93.38%,$0.14B,$0.05B,33.82%,$0.14B,0,0.00%,$0.14B,0,0.00%,$0.14B,$0.05B,33.82%,$0.14B,$0.03B,22.06%,$0.03B,$0.36B,9.40%,$0.03B,$0.23B,14.25%,$0.03B,$2.85B,1.17%,$0.05B,$0.39B,13.29%,$40,$3,$37,$0,$21,$25,$15,$0,$15,$5,$10,$10,$10,$0,$0,$10,10,$0.97,$0.91,$99,$0,$0,$2182,$47,$423,$130,$64,$664,$2846,$2455,$29,$0,$29,$2485,$0,$93,$-0,$361,$2846,$24,$7,$0,$7,$-3,$0,$2,$0,$-2,$30,$-3,$0,$9,$5,$-4,$1,$-124,$-117,$26,$13,$38,$-6,$-6,$0,$22,$54,$-33,$2,$0
5,2017-06-30,54.71,$35.79,1.53,$14.39,3.8,$6.92,7.91,$2.89,18.93,$2.16B,$2.44B,0.88,$0.03B,$0.35B,0.08,$0.13B,$0.12B,93.70%,$0.13B,$0.04B,32.28%,$0.13B,0,0.00%,$0.13B,0,0.00%,$0.13B,$0.04B,32.28%,$0.13B,$0.03B,20.47%,$0.03B,$0.35B,8.72%,$0.03B,$0.22B,13.02%,$0.03B,$2.83B,1.07%,$0.04B,$0.38B,12.67%,$36,$2,$34,$0,$20,$23,$13,$0,$13,$4,$8,$8,$8,$0,$0,$10,10,$0.88,$0.83,$115,$0,$0,$2155,$47,$431,$129,$63,$671,$2826,$2444,$29,$0,$29,$2473,$0,$83,$0,$353,$2826,$15,$4,$0,$4,$-1,$0,$-2,$0,$-3,$15,$-2,$0,$9,$6,$-13,$-6,$-82,$-81,$6,$0,$6,$-3,$-3,$0,$45,$48,$-17,$1,$0
6,2017-03-31,47.34,$33.18,1.43,$14.03,3.37,$5.94,7.97,$2.45,19.32,$1.69B,$1.98B,0.85,$0.03B,$0.29B,0.09,$0.12B,$0.11B,93.10%,$0.12B,$0.03B,28.45%,$0.12B,0,0.00%,$0.12B,0,0.00%,$0.12B,$0.03B,28.45%,$0.12B,$0.02B,18.10%,$0.02B,$0.29B,7.48%,$0.02B,$0.20B,10.92%,$0.02B,$2.29B,0.92%,$0.03B,$0.31B,10.81%,$30,$2,$28,$0,$18,$21,$9,$0,$9,$3,$6,$6,$6,$0,$0,$9,9,$0.72,$0.69,$48,$0,$0,$1691,$44,$416,$87,$55,$602,$2293,$1982,$25,$0,$25,$2007,$0,$75,$-1,$286,$2293,$6,$2,$0,$2,$-1,$0,$-1,$0,$-1,$7,$6,$0,$0,$1,$-37,$-36,$-45,$-75,$0,$6,$6,$1,$1,$0,$-24,$-17,$-85,$0,$0
7,2016-12-31,47.69,$32.31,1.48,$14.36,3.32,$4.73,10.07,$2.33,20.47,$1.73B,$2.00B,0.87,$0.03B,$0.28B,0.09,$0.10B,$0.10B,93.14%,$0.10B,$0.03B,27.45%,$0.10B,0,0.00%,$0.10B,0,0.00%,$0.10B,$0.03B,27.45%,$0.10B,$0.02B,17.65%,$0.02B,$0.28B,7.56%,$0.02B,$0.19B,10.51%,$0.02B,$2.30B,0.89%,$0.03B,$0.30B,10.79%,$30,$2,$28,$0,$18,$21,$9,$0,$9,$3,$6,$6,$6,$0,$0,$7,8,$0.75,$0.72,$133,$0,$0,$1730,$46,$383,$88,$54,$571,$2301,$2000,$25,$0,$25,$2025,$0,$69,$-3,$276,$2301,$19,$5,$5,$10,$-2,$0,$-2,$0,$-4,$25,$-2,$0,$67,$-2,$-15,$-17,$4,$51,$-57,$-49,$-106,$-3,$-16,$-1,$91,$-31,$45,$2,$0
