,Date,Stock Price,Book Value per Share,Price to Book Ratio,TTM Sales per Share,Price to Sales Ratio,TTM FCF per Share,Price to FCF Ratio,TTM Net EPS,PE Ratio,Current Assets,Current Liabilities,Current Ratio,Long Term Debt,Shareholder's Equity_x,Debt to Equity Ratio,TTM Revenue_x,TTM Gross Profit,Gross Margin,TTM Revenue_y,TTM Operating Income,Operating Margin,TTM Revenue_x,TTM EBIT,EBIT Margin,TTM Revenue_y,TTM EBITDA,EBITDA Margin,TTM Revenue_x,TTM Pre-Tax Income,Pre-Tax Margin,TTM Revenue_y,TTM Net Income_x,Net Margin,TTM Net Income_y,Shareholder's Equity_y,Return on Equity,TTM Net Income_x,Tangible Equity,Return on Tangible Equity,TTM Net Income_y,Total Assets,Return on Assets,TTM Net Income,LT Investments & Debt,Return on Investment,revenue,cost-goods-sold,gross-profit,research-development-expenses,selling-general-administrative-expenses,operating-expenses,operating-income,total-non-operating-income-expense,pre-tax-income,total-provision-income-taxes,income-after-taxes,income-from-continuous-operations,net-income,ebitda,ebit,basic-shares-outstanding,shares-outstanding,eps-basic-net-earnings-per-share,eps-earnings-per-share-diluted,cash-on-hand,inventory,other-current-assets,total-current-assets,net-property-plant-equipment,long-term-investments,goodwill-intangible-assets-total,other-long-term-assets,total-long-term-assets,total-assets,total-current-liabilities,long-term-debt,other-non-current-liabilities,total-long-term-liabilities,total-liabilities,common-stock-net,retained-earnings-accumulated-deficit,comprehensive-income,total-share-holder-equity,total-liabilities-share-holders-equity,net-income-loss,total-depreciation-amortization-cash-flow,other-non-cash-items,total-non-cash-items,change-in-accounts-receivable,change-in-inventories,change-in-accounts-payable,change-in-assets-liabilities,total-change-in-assets-liabilities,cash-flow-from-operating-activities,net-change-in-property-plant-equipment,net-change-in-intangible-assets,net-acquisitions-divestitures,net-change-in-short-term-investments,net-change-in-long-term-investments,net-change-in-investments-total,investing-activities-other,cash-flow-from-investing-activities,net-long-term-debt,net-current-debt,debt-issuance-retirement-net-total,net-common-equity-issued-repurchased,net-total-equity-issued-repurchased,total-common-preferred-stock-dividends-paid,financial-activities-other,cash-flow-from-financial-activities,net-cash-flow,stock-based-compensation,common-stock-dividends-paid
0,2018-09-30,28.41,$10.97,2.59,$49.70,0.57,$1.94,14.67,$-1.17,0.0,$2.86B,$2.00B,1.43,$2.88B,$0.45B,6.43,$6.39B,$1.75B,27.44%,$6.39B,$0.32B,4.93%,$6.39B,$0.32B,4.93%,$6.39B,$0.66B,10.26%,$6.39B,$0.11B,1.72%,$6.39B,$-0.13B,-2.08%,$-0.13B,$1.29B,-9.75%,$-0.13B,$-1.80B,7.23%,$-0.13B,$7.51B,-1.76%,$0.32B,$4.18B,7.30%,$1550,$1140,$410,$59,$226,$1425,$125,$-53,$72,$-15,$87,$87,$84,$203,$125,$118,149,$0.61,$0.56,$334,$916,$296,$2855,$348,$0,$3090,$591,$4650,$7505,$2004,$2881,$379,$4207,$6211,$1,$666,$-242,$1294,$7505,$-39,$249,$269,$518,$-102,$-182,$0,$-63,$-316,$163,$-231,$0,$0,$0,$0,$0,$-4,$-235,$0,$131,$131,$-194,$-194,$0,$-30,$-93,$-200,$55,$0
1,2018-06-30,29.98,$10.26,2.92,$50.18,0.6,$2.85,10.52,$-0.96,0.0,$2.74B,$1.88B,1.46,$2.95B,$0.37B,7.89,$6.50B,$1.81B,27.91%,$6.50B,$0.39B,5.99%,$6.50B,$0.39B,5.99%,$6.50B,$0.74B,11.42%,$6.50B,$0.19B,2.89%,$6.50B,$-0.10B,-1.52%,$-0.10B,$1.21B,-6.90%,$-0.10B,$-1.90B,5.41%,$-0.10B,$7.36B,-1.30%,$0.39B,$4.16B,8.82%,$1537,$1134,$403,$65,$261,$1643,$-106,$-50,$-156,$-12,$-144,$-144,$-157,$-21,$-106,$118,118,$-1.33,$-1.33,$343,$842,$282,$2739,$326,$0,$3107,$593,$4625,$7364,$1879,$2952,$385,$4277,$6156,$1,$594,$-224,$1208,$7364,$-125,$171,$271,$442,$-41,$-88,$0,$-36,$-222,$95,$-156,$0,$0,$0,$0,$0,$-3,$-159,$0,$118,$118,$-199,$-199,$0,$-29,$-110,$-193,$40,$0
2,2018-03-31,31.52,$12.04,2.62,$47.58,0.66,$3.41,9.24,$1.04,30.31,$2.79B,$1.84B,1.51,$3.04B,$0.60B,5.05,$6.56B,$1.87B,28.56%,$6.56B,$0.67B,10.22%,$6.56B,$0.67B,10.22%,$6.56B,$1.03B,15.64%,$6.56B,$0.47B,7.23%,$6.56B,$0.15B,2.26%,$0.15B,$1.42B,9.93%,$0.15B,$-1.88B,-8.06%,$0.15B,$7.64B,1.92%,$0.67B,$4.46B,14.94%,$1517,$1097,$420,$66,$245,$1408,$109,$-46,$63,$7,$56,$56,$8,$195,$109,$119,124,$0.07,$0.06,$348,$822,$283,$2791,$338,$0,$3302,$607,$4850,$7641,$1844,$3038,$245,$4373,$6217,$1,$782,$-184,$1424,$7641,$21,$86,$53,$139,$-114,$-42,$0,$49,$-184,$-24,$-71,$0,$0,$0,$0,$0,$-3,$-74,$0,$80,$80,$-160,$-160,$0,$-11,$-91,$-188,$14,$0
3,2017-12-31,33.99,$12.56,2.71,$47.36,0.72,$4.07,8.34,$0.84,40.46,$2.83B,$1.89B,1.5,$2.94B,$0.72B,4.07,$6.52B,$1.86B,28.61%,$6.52B,$0.68B,10.37%,$6.52B,$0.68B,10.37%,$6.52B,$1.03B,15.81%,$6.52B,$0.48B,7.40%,$6.52B,$0.12B,1.89%,$0.12B,$1.53B,8.41%,$0.12B,$-1.79B,-6.53%,$0.12B,$7.65B,1.59%,$0.68B,$4.47B,15.14%,$1782,$1263,$519,$78,$254,$1595,$187,$-56,$131,$164,$-33,$-33,$-68,$278,$187,$122,127,$-0.46,$-0.33,$537,$780,$243,$2830,$341,$0,$3319,$586,$4824,$7654,$1889,$2939,$348,$4233,$6122,$1,$857,$-199,$1532,$7654,$235,$354,$253,$607,$29,$-68,$0,$30,$-87,$755,$-288,$0,$-5,$0,$0,$0,$3,$-290,$0,$-65,$-65,$-335,$-335,$0,$-34,$-434,$39,$77,$0
4,2017-09-30,37.52,$12.95,2.9,$47.28,0.79,$5.56,6.75,$1.65,22.74,$2.90B,$2.05B,1.42,$2.98B,$0.77B,3.86,$6.54B,$1.82B,27.91%,$6.54B,$0.64B,9.72%,$6.54B,$0.64B,9.72%,$6.54B,$0.98B,15.04%,$6.54B,$0.44B,6.73%,$6.54B,$0.24B,3.61%,$0.24B,$1.57B,16.10%,$0.24B,$-1.76B,-12.42%,$0.24B,$7.85B,3.04%,$0.64B,$4.56B,14.16%,$1663,$1191,$472,$53,$220,$1464,$199,$-49,$150,$31,$119,$119,$118,$290,$199,$122,153,$0.87,$0.77,$405,$824,$263,$2900,$321,$0,$3332,$587,$4950,$7850,$2046,$2984,$335,$4231,$6277,$1,$913,$-188,$1573,$7850,$278,$263,$73,$336,$-107,$-120,$0,$15,$-344,$270,$-200,$0,$0,$0,$0,$0,$0,$-200,$0,$198,$198,$-339,$-339,$0,$-25,$-166,$-94,$60,$0
5,2017-06-30,40.84,$11.80,3.46,$47.21,0.87,$6.45,6.33,$1.56,26.18,$2.82B,$2.11B,1.33,$3.02B,$0.65B,4.66,$6.55B,$1.83B,27.92%,$6.55B,$0.63B,9.54%,$6.55B,$0.63B,9.54%,$6.55B,$0.97B,14.75%,$6.55B,$0.43B,6.56%,$6.55B,$0.21B,3.21%,$0.21B,$1.43B,14.48%,$0.21B,$-1.92B,-10.81%,$0.21B,$7.77B,2.72%,$0.63B,$4.45B,13.95%,$1593,$1132,$461,$58,$228,$1418,$175,$-45,$130,$33,$97,$97,$90,$262,$175,$121,153,$0.74,$0.67,$377,$828,$290,$2816,$304,$0,$3354,$575,$4951,$7767,$2113,$3015,$301,$4221,$6334,$1,$806,$-190,$1433,$7767,$159,$172,$39,$211,$-28,$-126,$0,$11,$-236,$134,$-127,$0,$0,$0,$0,$0,$0,$-127,$0,$228,$228,$-342,$-342,$0,$-25,$-139,$-125,$41,$0
6,2017-03-31,45.68,$10.82,4.22,$47.26,0.97,$6.70,6.82,$1.38,33.1,$2.78B,$2.16B,1.29,$3.08B,$0.54B,5.75,$6.58B,$1.81B,27.58%,$6.58B,$0.61B,9.32%,$6.58B,$0.61B,9.32%,$6.58B,$0.95B,14.49%,$6.58B,$0.41B,6.16%,$6.58B,$0.18B,2.78%,$0.18B,$1.31B,12.73%,$0.18B,$-2.07B,-9.22%,$0.18B,$7.73B,2.37%,$0.61B,$4.39B,13.58%,$1478,$1066,$412,$67,$230,$1363,$115,$-44,$71,$14,$57,$57,$-17,$200,$115,$123,123,$-0.14,$-0.14,$401,$800,$281,$2780,$288,$0,$3377,$561,$4945,$7725,$2159,$3076,$143,$4255,$6414,$1,$716,$-187,$1311,$7725,$57,$85,$16,$101,$-17,$-101,$0,$81,$-119,$39,$-52,$0,$0,$0,$0,$0,$-1,$-53,$0,$277,$277,$-347,$-347,$0,$-22,$-92,$-101,$19,$0
7,2016-12-31,40.56,$12.41,3.27,$46.11,0.88,$6.68,6.07,$1.68,24.14,$2.76B,$1.97B,1.4,$3.00B,$0.70B,4.29,$6.54B,$1.78B,27.24%,$6.54B,$0.60B,9.15%,$6.54B,$0.60B,9.15%,$6.54B,$0.94B,14.41%,$6.54B,$0.38B,5.79%,$6.54B,$0.22B,3.38%,$0.22B,$1.55B,15.28%,$0.22B,$-1.85B,-11.00%,$0.22B,$7.67B,2.86%,$0.60B,$4.55B,13.10%,$1802,$1323,$479,$83,$248,$1656,$146,$-57,$89,$17,$72,$72,$45,$231,$146,$126,129,$0.35,$0.38,$498,$699,$278,$2757,$287,$0,$3399,$561,$4916,$7673,$1965,$3001,$138,$4162,$6127,$1,$867,$-205,$1546,$7673,$274,$344,$88,$432,$-89,$-86,$0,$147,$188,$894,$-227,$0,$47,$0,$0,$0,$-9,$-189,$0,$-205,$-205,$-235,$-235,$0,$-27,$-467,$170,$61,$0
8,2016-09-30,32.19,$12.18,2.64,$42.18,0.76,$4.32,7.44,$1.48,21.75,$2.75B,$2.00B,1.37,$3.03B,$0.68B,4.49,$6.42B,$1.78B,27.71%,$6.42B,$0.59B,9.20%,$6.42B,$0.59B,9.20%,$6.42B,$0.93B,14.47%,$6.42B,$0.34B,5.34%,$6.42B,$0.20B,3.11%,$0.20B,$1.51B,13.88%,$0.20B,$-1.93B,-9.77%,$0.20B,$7.71B,2.59%,$0.59B,$4.54B,12.78%,$1677,$1200,$477,$56,$225,$1488,$189,$-49,$140,$31,$109,$109,$92,$273,$189,$124,155,$0.74,$0.68,$318,$776,$270,$2751,$289,$0,$3441,$552,$4960,$7711,$2002,$3033,$151,$4199,$6201,$1,$822,$-172,$1510,$7711,$213,$259,$89,$348,$-138,$-128,$0,$6,$-192,$369,$-160,$0,$47,$0,$0,$0,$-8,$-121,$0,$34,$34,$-240,$-240,$0,$-17,$-223,$-10,$45,$0
9,2016-06-30,27.77,$11.16,2.49,$40.75,0.68,$4.44,6.25,$1.37,20.27,$2.75B,$2.02B,1.37,$3.20B,$0.56B,5.71,$6.36B,$1.76B,27.67%,$6.36B,$0.57B,8.97%,$6.36B,$0.57B,8.97%,$6.36B,$0.90B,14.17%,$6.36B,$0.32B,5.07%,$6.36B,$0.21B,3.24%,$0.21B,$1.38B,13.90%,$0.21B,$-2.09B,-10.09%,$0.21B,$7.75B,2.66%,$0.57B,$4.58B,12.08%,$1620,$1174,$446,$50,$229,$1457,$163,$-58,$105,$31,$74,$74,$63,$249,$163,$124,155,$0.51,$0.49,$332,$765,$294,$2753,$290,$0,$3470,$544,$4998,$7751,$2017,$3198,$141,$4352,$6369,$1,$730,$-176,$1382,$7751,$106,$175,$52,$227,$-121,$-123,$0,$51,$-189,$144,$-98,$0,$47,$0,$0,$0,$-8,$-59,$0,$203,$203,$-244,$-244,$0,$-15,$-56,$4,$29,$0
10,2016-03-31,29.93,$10.78,2.78,$39.72,0.75,$4.95,6.05,$-1.15,0.0,$2.71B,$1.98B,1.36,$3.27B,$0.54B,6.08,$6.34B,$1.46B,23.01%,$6.34B,$0.14B,2.22%,$6.34B,$0.14B,2.22%,$6.34B,$0.46B,7.29%,$6.34B,$-0.09B,-1.48%,$6.34B,$-0.20B,-3.17%,$-0.20B,$1.35B,-13.09%,$-0.20B,$-2.16B,9.93%,$-0.20B,$7.75B,-2.57%,$0.14B,$4.62B,2.92%,$1444,$1064,$380,$53,$224,$1343,$101,$-56,$45,$13,$32,$32,$21,$190,$101,$130,133,$0.16,$0.16,$333,$725,$341,$2705,$302,$0,$3511,$526,$5047,$7752,$1984,$3269,$139,$4421,$6405,$1,$687,$-158,$1347,$7752,$32,$89,$19,$108,$-52,$-83,$0,$49,$-117,$23,$-40,$0,$0,$0,$0,$0,$-8,$-48,$0,$266,$266,$-210,$-210,$0,$-14,$42,$5,$13,$0
11,2015-12-31,24.46,$11.46,2.13,$37.44,0.65,$5.24,4.67,$-1.08,0.0,$2.55B,$1.78B,1.43,$3.24B,$0.73B,4.46,$6.37B,$1.47B,23.05%,$6.37B,$0.14B,2.12%,$6.37B,$0.14B,2.12%,$6.37B,$0.44B,6.95%,$6.37B,$-0.10B,-1.49%,$6.37B,$-0.18B,-2.86%,$-0.18B,$1.52B,-10.86%,$-0.18B,$-2.01B,9.48%,$-0.18B,$7.64B,-2.27%,$0.14B,$4.76B,2.69%,$1680,$1204,$476,$55,$254,$1542,$138,$-85,$53,$5,$48,$48,$24,$217,$138,$168,168,$0.12,$0.14,$328,$643,$327,$2549,$322,$0,$3531,$521,$5086,$7635,$1781,$3239,$79,$4330,$6111,$1,$869,$-150,$1524,$7635,$-174,$308,$151,$459,$28,$-46,$0,$406,$396,$681,$-210,$0,$0,$0,$0,$0,$1,$-209,$0,$-371,$-371,$-990,$-196,$0,$-16,$-583,$-183,$42,$0
12,2015-09-30,22.75,$9.86,2.31,$37.75,0.6,$3.99,5.71,$-1.04,0.0,$2.90B,$1.84B,1.58,$3.24B,$1.68B,1.94,$6.46B,$1.43B,22.06%,$6.46B,$0.03B,0.50%,$6.46B,$0.03B,0.50%,$6.46B,$0.33B,5.17%,$6.46B,$-0.17B,-2.63%,$6.46B,$-0.17B,-2.68%,$-0.17B,$1.68B,-9.80%,$-0.17B,$-1.91B,9.26%,$-0.17B,$7.89B,-2.09%,$0.03B,$4.92B,0.62%,$1613,$1156,$457,$53,$224,$1445,$168,$-49,$119,$16,$103,$103,$98,$245,$168,$170,172,$0.58,$0.57,$303,$718,$453,$2898,$338,$0,$3580,$551,$4989,$7887,$1835,$3243,$82,$4377,$6212,$2,$1357,$-175,$1675,$7887,$-202,$229,$77,$306,$-80,$-86,$0,$461,$312,$416,$-164,$0,$0,$0,$0,$0,$0,$-164,$0,$-408,$-408,$12,$12,$0,$-10,$-406,$-208,$32,$0
13,2015-06-30,30.1,$9.42,3.2,$38.00,0.79,$2.75,10.96,$-1.52,0.0,$3.04B,$1.91B,1.59,$3.42B,$1.60B,2.14,$6.50B,$1.37B,21.12%,$6.50B,$-0.10B,-1.46%,$6.50B,$-0.10B,-1.46%,$6.50B,$0.20B,3.06%,$6.50B,$-0.31B,-4.74%,$6.50B,$-0.26B,-3.94%,$-0.26B,$1.60B,-13.99%,$-0.26B,$-2.02B,13.89%,$-0.26B,$8.07B,-3.03%,$-0.10B,$5.01B,-1.79%,$1604,$1458,$146,$67,$339,$1870,$-266,$-45,$-311,$32,$-343,$-343,$-344,$-190,$-266,$170,170,$-2.03,$-2.03,$425,$709,$481,$3040,$348,$0,$3621,$545,$5026,$8066,$1910,$3415,$83,$4558,$6468,$2,$1259,$-137,$1598,$8066,$-301,$152,$50,$202,$-51,$-54,$0,$475,$345,$246,$-110,$0,$0,$0,$0,$0,$-3,$-113,$0,$-184,$-184,$11,$11,$0,$-10,$-183,$-86,$20,$0
14,2015-03-31,29.51,$11.24,2.62,$38.24,0.77,$1.78,16.57,$1.04,28.38,$3.10B,$2.02B,1.53,$3.44B,$1.91B,1.81,$6.55B,$1.71B,26.05%,$6.55B,$0.34B,5.19%,$6.55B,$0.34B,5.19%,$6.55B,$0.63B,9.64%,$6.55B,$0.12B,1.88%,$6.55B,$0.18B,2.72%,$0.18B,$1.91B,9.28%,$0.18B,$-1.74B,-9.92%,$0.18B,$8.51B,2.06%,$0.34B,$5.35B,6.17%,$1476,$1086,$390,$55,$225,$1381,$95,$-51,$44,$2,$42,$42,$40,$171,$95,$169,172,$0.24,$0.23,$462,$676,$549,$3102,$351,$0,$3647,$534,$5411,$8513,$2024,$3443,$101,$4583,$6607,$2,$1603,$-158,$1906,$8513,$42,$76,$26,$102,$-46,$-21,$0,$85,$-65,$79,$-51,$0,$0,$0,$0,$0,$-6,$-57,$0,$-42,$-42,$6,$6,$0,$-9,$-45,$-49,$9,$0
15,2014-12-31,29.14,$11.17,2.61,$38.52,0.76,$1.41,20.62,$1.12,26.02,$3.09B,$2.07B,1.49,$3.43B,$1.88B,1.82,$6.59B,$1.73B,26.28%,$6.59B,$0.35B,5.36%,$6.59B,$0.35B,5.36%,$6.59B,$0.64B,9.66%,$6.59B,$0.14B,2.08%,$6.59B,$0.19B,2.90%,$0.19B,$1.88B,10.05%,$0.19B,$-1.80B,-10.30%,$0.19B,$8.57B,2.19%,$0.35B,$5.31B,6.30%,$1768,$1336,$432,$77,$288,$1733,$35,$-57,$-22,$-62,$40,$40,$33,$108,$35,$168,171,$0.19,$0.19,$511,$669,$504,$3088,$396,$0,$3686,$496,$5478,$8566,$2070,$3431,$111,$4613,$6683,$2,$1563,$-136,$1883,$8566,$195,$284,$-93,$191,$-104,$77,$0,$95,$138,$524,$-257,$0,$-1647,$0,$0,$0,$1116,$-788,$0,$309,$309,$13,$13,$0,$-38,$284,$-17,$31,$0
16,2014-09-30,33.41,$11.47,2.91,$38.06,0.88,$0.24,140.85,$2.09,15.99,$3.21B,$2.01B,1.6,$3.66B,$1.93B,1.89,$6.49B,$1.83B,28.18%,$6.49B,$0.62B,9.47%,$6.49B,$0.62B,9.47%,$6.49B,$0.89B,13.63%,$6.49B,$0.42B,6.44%,$6.49B,$0.36B,5.48%,$0.36B,$1.93B,18.98%,$0.36B,$-1.80B,-24.31%,$0.36B,$8.61B,4.14%,$0.62B,$5.59B,11.08%,$1647,$1243,$404,$59,$232,$1606,$41,$-60,$-19,$-19,$0,$0,$15,$110,$41,$168,171,$0.09,$0.09,$424,$777,$557,$3212,$398,$0,$3735,$514,$5398,$8610,$2008,$3660,$313,$4670,$6678,$2,$1530,$-60,$1932,$8610,$160,$211,$-11,$200,$-106,$-5,$0,$-61,$-125,$235,$-197,$0,$-1647,$0,$0,$0,$1118,$-726,$0,$394,$394,$10,$10,$0,$-34,$370,$-104,$26,$0
17,2014-06-30,35.09,$11.63,3.02,$37.31,0.94,$-0.74,0.0,$2.58,13.6,$3.39B,$1.98B,1.72,$3.84B,$1.95B,1.97,$6.35B,$1.84B,28.97%,$6.35B,$0.72B,11.32%,$6.35B,$0.72B,11.32%,$6.35B,$0.97B,15.30%,$6.35B,$0.56B,8.75%,$6.35B,$0.44B,6.91%,$0.44B,$1.95B,24.57%,$0.44B,$-1.83B,-39.67%,$0.44B,$8.85B,5.38%,$0.72B,$5.79B,14.10%,$1658,$1178,$480,$64,$247,$1489,$169,$-49,$120,$29,$91,$91,$90,$242,$169,$168,171,$0.54,$0.53,$483,$816,$627,$3390,$402,$0,$3785,$505,$5459,$8849,$1976,$3840,$366,$4919,$6895,$2,$1515,$-14,$1954,$8849,$145,$142,$27,$169,$-88,$-27,$0,$-90,$-203,$111,$-139,$0,$-1642,$0,$0,$0,$1118,$-663,$0,$571,$571,$7,$7,$0,$-30,$548,$-45,$19,$0
18,2014-03-31,36.55,$10.93,3.34,$36.71,1.0,$-1.16,0.0,$2.56,14.28,$3.39B,$2.01B,1.69,$3.89B,$1.83B,2.12,$6.23B,$1.79B,28.68%,$6.23B,$0.69B,11.06%,$6.23B,$0.69B,11.06%,$6.23B,$0.92B,14.75%,$6.23B,$0.55B,8.76%,$6.23B,$0.44B,6.98%,$0.44B,$1.83B,26.13%,$0.44B,$-1.98B,-56.64%,$0.44B,$8.83B,5.70%,$0.69B,$5.72B,15.18%,$1518,$1102,$416,$63,$245,$1410,$108,$-50,$58,$4,$54,$54,$53,$177,$108,$167,171,$0.32,$0.31,$515,$820,$608,$3385,$390,$0,$3813,$493,$5443,$8828,$2008,$3885,$203,$4986,$6994,$2,$1425,$-33,$1834,$8828,$54,$69,$12,$81,$-66,$-30,$0,$-8,$-104,$31,$-66,$0,$-1642,$0,$0,$0,$1110,$-598,$0,$596,$596,$5,$5,$0,$-25,$576,$-13,$10,$0
19,2013-12-31,34.06,$10.70,3.18,$36.25,0.94,$-1.10,0.0,$2.61,13.05,$4.34B,$1.88B,2.31,$3.32B,$1.78B,1.86,$6.12B,$1.74B,28.42%,$6.12B,$0.67B,10.88%,$6.12B,$0.67B,10.88%,$6.12B,$0.87B,14.27%,$6.12B,$0.55B,9.05%,$6.12B,$0.44B,7.24%,$0.44B,$1.78B,28.58%,$0.44B,$-0.25B,-105.85%,$0.44B,$8.11B,6.25%,$0.67B,$5.10B,16.83%,$1670,$1140,$530,$40,$193,$1373,$297,$-38,$259,$54,$205,$205,$198,$356,$297,$165,169,$1.20,$1.17,$1642,$790,$568,$4339,$352,$0,$2028,$470,$3769,$8108,$1881,$3320,$220,$4444,$6325,$2,$1372,$-38,$1783,$8108,$447,$208,$39,$247,$-136,$10,$0,$-308,$-413,$281,$-216,$0,$-780,$0,$0,$0,$-1109,$-2105,$1100,$293,$1393,$57,$57,$0,$-93,$1357,$-541,$41,$0
20,2013-09-30,39.61,$9.47,4.18,$36.41,1.09,$-3.51,0.0,$1.33,29.78,$3.24B,$1.75B,1.85,$2.21B,$1.58B,1.4,$6.10B,$1.78B,29.27%,$6.10B,$0.78B,12.80%,$6.10B,$0.78B,12.80%,$6.10B,$0.97B,15.95%,$6.10B,$0.69B,11.27%,$6.10B,$0.49B,7.99%,$0.49B,$1.58B,34.18%,$0.49B,$-0.37B,-133.98%,$0.49B,$6.88B,7.32%,$0.78B,$3.79B,22.45%,$1508,$1093,$415,$53,$217,$1363,$145,$-26,$119,$19,$100,$100,$98,$197,$145,$166,170,$0.59,$0.58,$460,$842,$591,$3242,$338,$0,$1946,$436,$3636,$6878,$1753,$2212,$236,$3550,$5303,$2,$1174,$-73,$1575,$6878,$250,$149,$13,$162,$-152,$-41,$0,$-179,$-396,$16,$-145,$0,$-696,$0,$0,$0,$5,$-836,$0,$264,$264,$52,$52,$0,$-40,$276,$-609,$34,$0
21,2013-06-30,32.99,$8.85,3.73,$36.24,0.91,$-5.07,0.0,$1.10,29.99,$3.08B,$1.84B,1.67,$2.08B,$1.47B,1.42,$6.02B,$1.75B,29.08%,$6.02B,$0.76B,12.69%,$6.02B,$0.76B,12.69%,$6.02B,$0.95B,15.71%,$6.02B,$0.69B,11.46%,$6.02B,$0.48B,7.90%,$0.48B,$1.47B,37.00%,$0.48B,$-0.48B,-143.59%,$0.48B,$6.71B,7.39%,$0.76B,$3.55B,24.37%,$1535,$1109,$426,$55,$232,$1396,$139,$-29,$110,$23,$87,$87,$86,$189,$139,$165,169,$0.52,$0.51,$460,$825,$525,$3076,$327,$0,$1945,$428,$3630,$6706,$1838,$2079,$237,$3400,$5238,$2,$1231,$-222,$1468,$6706,$150,$97,$-124,$-27,$-67,$-25,$0,$-8,$-134,$-11,$-87,$0,$-696,$0,$0,$0,$6,$-777,$0,$201,$201,$45,$45,$0,$-30,$216,$-609,$22,$0
22,2013-03-31,27.56,$8.36,3.3,$35.75,0.77,$-4.13,0.0,$1.08,25.52,$3.01B,$1.84B,1.64,$2.01B,$1.37B,1.47,$5.90B,$1.70B,28.82%,$5.90B,$0.76B,12.81%,$5.90B,$0.76B,12.81%,$5.90B,$0.93B,15.72%,$5.90B,$0.70B,11.82%,$5.90B,$0.49B,8.34%,$0.49B,$1.37B,42.23%,$0.49B,$-0.58B,-178.75%,$0.49B,$6.66B,7.97%,$0.76B,$3.39B,28.29%,$1410,$1041,$369,$55,$229,$1325,$85,$-19,$66,$2,$64,$64,$61,$132,$85,$164,168,$0.37,$0.36,$483,$847,$490,$3013,$327,$0,$1955,$450,$3642,$6655,$1837,$2014,$265,$3444,$5281,$2,$1145,$-192,$1374,$6655,$63,$47,$-2,$45,$9,$-47,$0,$-13,$-87,$21,$-45,$0,$-681,$0,$0,$0,$5,$-721,$0,$128,$128,$18,$18,$0,$-27,$119,$-586,$10,$0
23,2012-12-31,25.48,$7.87,3.24,$34.99,0.73,$-3.63,0.0,$0.90,28.31,$3.41B,$1.74B,1.96,$1.89B,$1.28B,1.48,$5.73B,$1.65B,28.71%,$5.73B,$0.75B,13.05%,$5.73B,$0.75B,13.05%,$5.73B,$0.91B,15.95%,$5.73B,$0.70B,12.18%,$5.73B,$0.48B,8.39%,$0.48B,$1.28B,46.21%,$0.48B,$-0.03B,-223.20%,$0.48B,$6.37B,8.11%,$0.75B,$3.17B,33.34%,$1642,$1068,$574,$13,$150,$1231,$411,$-19,$392,$155,$237,$237,$242,$454,$411,$159,164,$1.51,$1.48,$1069,$797,$454,$3406,$308,$0,$1307,$448,$2963,$6369,$1742,$1891,$250,$3345,$5087,$2,$929,$-37,$1282,$6369,$481,$166,$184,$350,$-53,$-42,$0,$-1002,$-1011,$-180,$-152,$0,$-108,$0,$0,$0,$4,$-256,$1100,$10,$1110,$53,$53,$0,$-32,$1131,$671,$49,$0
24,2012-09-30,23.31,$6.40,3.64,$35.10,0.66,$0.09,260.74,$0.96,24.28,$2.96B,$1.73B,1.71,$1.41B,$1.02B,1.38,$5.69B,$1.23B,21.53%,$5.69B,$0.08B,1.39%,$5.69B,$0.08B,1.39%,$5.69B,$0.24B,4.25%,$5.69B,$0.03B,0.56%,$5.69B,$-0.01B,-0.23%,$-0.01B,$1.02B,-1.40%,$-0.01B,$-0.24B,4.19%,$-0.01B,$6.03B,-0.23%,$0.08B,$2.43B,4.23%,$1435,$1053,$382,$47,$206,$1306,$129,$-7,$122,$33,$89,$89,$87,$171,$129,$160,165,$0.55,$0.53,$581,$826,$425,$2956,$303,$0,$1265,$438,$3078,$6034,$1730,$1408,$411,$3282,$5012,$2,$2154,$-1507,$1022,$6034,$241,$123,$59,$182,$-94,$-74,$0,$-599,$-703,$-280,$-103,$0,$-58,$0,$0,$0,$4,$-157,$600,$10,$610,$23,$23,$0,$-24,$609,$183,$36,$0
25,2012-06-30,22.73,$6.17,3.68,$34.88,0.65,$2.59,8.78,$0.71,32.01,$2.61B,$1.65B,1.59,$0.70B,$0.98B,0.71,$5.61B,$1.14B,20.34%,$5.61B,$-0.02B,-0.39%,$5.61B,$-0.02B,-0.39%,$5.61B,$0.13B,2.30%,$5.61B,$-0.07B,-1.18%,$5.61B,$-0.08B,-1.50%,$-0.08B,$0.98B,-8.98%,$-0.08B,$-0.25B,28.35%,$-0.08B,$5.62B,-1.49%,$-0.02B,$1.68B,-1.23%,$1409,$1035,$374,$49,$195,$1279,$130,$-13,$117,$28,$89,$89,$102,$170,$130,$159,164,$0.64,$0.62,$377,$798,$359,$2612,$297,$0,$1234,$412,$3011,$5623,$1645,$701,$399,$2996,$4641,$2,$2097,$-1468,$982,$5623,$153,$81,$41,$122,$-47,$-40,$0,$-64,$-155,$120,$-60,$0,$-25,$0,$0,$0,$8,$-77,$0,$-113,$-113,$13,$13,$0,$-9,$-109,$-21,$22,$0
26,2012-03-31,21.71,$5.53,3.92,$34.20,0.63,$2.60,8.34,$0.43,50.49,$2.68B,$1.67B,1.6,$0.81B,$0.88B,0.92,$5.48B,$1.05B,19.12%,$5.48B,$-0.09B,-1.64%,$5.48B,$-0.09B,-1.64%,$5.48B,$0.05B,0.91%,$5.48B,$-0.12B,-2.25%,$5.48B,$-0.15B,-2.79%,$-0.15B,$0.88B,-16.30%,$-0.15B,$-0.34B,1176.92%,$-0.15B,$5.69B,-2.85%,$-0.09B,$1.69B,-5.55%,$1244,$929,$315,$46,$191,$1166,$78,$-11,$67,$7,$60,$60,$50,$119,$78,$158,162,$0.32,$0.31,$414,$802,$397,$2678,$298,$0,$1220,$424,$3012,$5690,$1673,$809,$392,$3139,$4812,$2,$2017,$-1475,$878,$5690,$51,$41,$36,$77,$-33,$-34,$0,$45,$-39,$89,$-31,$0,$0,$0,$0,$0,$-2,$-33,$0,$-25,$-25,$7,$7,$0,$-9,$-27,$16,$11,$0
27,2011-12-31,16.46,$5.20,3.16,$33.08,0.5,$2.41,6.84,$0.33,49.88,$2.52B,$1.56B,1.61,$0.85B,$0.82B,1.04,$5.29B,$0.95B,17.97%,$5.29B,$-0.15B,-2.80%,$5.29B,$-0.15B,-2.80%,$5.29B,$-0.02B,-0.38%,$5.29B,$-0.16B,-3.10%,$5.29B,$-0.19B,-3.59%,$-0.19B,$0.82B,-19.86%,$-0.19B,$-0.41B,-67.62%,$-0.19B,$5.59B,-3.75%,$-0.15B,$1.67B,-10.28%,$1601,$1447,$154,$84,$328,$1859,$-258,$-16,$-274,$-87,$-187,$-187,$-252,$-218,$-258,$158,158,$-1.59,$-1.59,$398,$774,$311,$2515,$365,$0,$1225,$433,$3076,$5591,$1559,$852,$279,$3212,$4771,$2,$1988,$-1492,$820,$5591,$-191,$128,$-10,$118,$-57,$4,$0,$464,$461,$388,$-121,$0,$-1085,$0,$0,$0,$0,$-1206,$0,$840,$840,$-52,$-52,$0,$14,$802,$-98,$33,$0
28,2011-09-30,16.89,$6.73,2.51,$31.01,0.54,$1.91,8.86,$0.63,26.81,$2.68B,$1.64B,1.64,$1.06B,$1.06B,1.0,$4.99B,$1.11B,22.23%,$4.99B,$0.21B,4.25%,$4.99B,$0.21B,4.25%,$4.99B,$0.31B,6.27%,$4.99B,$0.20B,3.97%,$4.99B,$0.10B,2.02%,$0.10B,$1.06B,10.30%,$0.10B,$-0.19B,17.45%,$0.10B,$5.68B,2.12%,$0.21B,$2.12B,16.92%,$1360,$1061,$299,$44,$227,$1332,$28,$-4,$24,$2,$22,$22,$16,$58,$28,$157,160,$0.10,$0.10,$341,$850,$365,$2684,$459,$0,$1246,$428,$2996,$5680,$1636,$1061,$251,$2984,$4620,$2,$1997,$-1229,$1060,$5680,$64,$88,$28,$116,$-145,$-67,$0,$74,$-66,$114,$-86,$0,$-1087,$0,$0,$0,$0,$-1173,$0,$1050,$1050,$-55,$-55,$0,$-27,$968,$-155,$24,$0
29,2011-06-30,18.89,$6.34,2.98,$29.99,0.63,$1.27,14.84,$1.04,18.16,$2.58B,$1.52B,1.7,$0.01B,$1.00B,0.01,$4.84B,$1.06B,21.84%,$4.84B,$0.22B,4.51%,$4.84B,$0.22B,4.51%,$4.84B,$0.33B,6.72%,$4.84B,$0.21B,4.32%,$4.84B,$0.17B,3.47%,$0.17B,$1.00B,18.27%,$0.17B,$0.88B,20.89%,$0.17B,$4.50B,3.81%,$0.22B,$1.01B,23.45%,$1272,$993,$279,$41,$176,$1210,$62,$-2,$60,$13,$47,$47,$33,$91,$62,$158,161,$0.21,$0.21,$457,$810,$328,$2575,$453,$0,$115,$408,$1929,$4504,$1518,$10,$261,$1990,$3508,$2,$1981,$-1263,$996,$4504,$49,$58,$25,$83,$-56,$-70,$0,$65,$-12,$120,$-59,$0,$0,$0,$0,$0,$0,$-59,$0,$0,$0,$-57,$-57,$0,$1,$-56,$-39,$15,$0
30,2011-03-31,18.84,$5.99,3.14,$29.35,0.64,$0.92,20.38,$1.02,18.47,$2.57B,$1.50B,1.71,$0.01B,$0.95B,0.01,$4.74B,$1.02B,21.48%,$4.74B,$0.19B,3.95%,$4.74B,$0.19B,3.95%,$4.74B,$0.30B,6.29%,$4.74B,$0.18B,3.80%,$4.74B,$0.17B,3.50%,$0.17B,$0.95B,19.58%,$0.17B,$0.83B,22.54%,$0.17B,$4.47B,3.84%,$0.19B,$0.96B,21.79%,$1058,$839,$219,$40,$159,$1038,$20,$6,$26,$6,$20,$20,$13,$49,$20,$159,162,$0.08,$0.08,$480,$793,$349,$2568,$434,$0,$116,$416,$1904,$4472,$1504,$10,$418,$2018,$3522,$2,$1948,$-1296,$950,$4472,$14,$29,$10,$39,$-17,$-50,$0,$52,$-4,$49,$-23,$0,$0,$0,$0,$0,$0,$-23,$0,$0,$0,$-29,$-29,$0,$1,$-28,$-16,$7,$0
31,2010-12-31,15.37,$5.74,2.68,$29.24,0.53,$0.58,26.39,$0.82,18.74,$2.48B,$1.42B,1.75,$0.01B,$0.92B,0.01,$4.71B,$0.99B,21.01%,$4.71B,$0.15B,3.16%,$4.71B,$0.15B,3.16%,$4.71B,$0.26B,5.58%,$4.71B,$0.14B,2.89%,$4.71B,$0.13B,2.84%,$0.13B,$0.92B,17.50%,$0.13B,$0.79B,20.35%,$0.13B,$4.36B,3.17%,$0.15B,$0.93B,19.20%,$1299,$987,$312,$39,$171,$1197,$102,$-14,$88,$24,$64,$64,$39,$115,$102,$160,161,$0.25,$0.25,$496,$741,$313,$2478,$429,$0,$130,$408,$1883,$4361,$1416,$10,$451,$2029,$3445,$2,$1935,$-1335,$916,$4361,$137,$114,$-13,$101,$-15,$-39,$0,$108,$41,$279,$-87,$0,$0,$0,$0,$0,$-24,$-111,$-1,$-4,$-5,$-9,$-9,$0,$0,$-14,$45,$21,$0
32,2010-09-30,13.63,$5.13,2.66,$29.51,0.46,$0.00,0.0,$0.23,59.26,$2.49B,$1.46B,1.7,$0.01B,$0.82B,0.01,$4.74B,$0.92B,19.41%,$4.74B,$0.09B,1.94%,$4.74B,$0.09B,1.94%,$4.74B,$0.23B,4.76%,$4.74B,$0.09B,1.81%,$4.74B,$0.04B,0.82%,$0.04B,$0.82B,5.70%,$0.04B,$0.72B,6.67%,$0.04B,$4.32B,0.94%,$0.09B,$0.83B,13.23%,$1207,$961,$246,$39,$173,$1173,$34,$1,$35,$-45,$80,$80,$83,$70,$34,$160,162,$0.52,$0.51,$360,$815,$354,$2486,$410,$0,$101,$431,$1832,$4318,$1461,$10,$311,$2040,$3501,$2,$1896,$-1386,$817,$4318,$99,$101,$-70,$31,$-43,$-128,$0,$39,$-69,$61,$-135,$0,$0,$0,$0,$0,$-8,$-143,$-1,$-4,$-5,$-13,$-13,$0,$0,$-18,$-91,$15,$0
33,2010-06-30,12.12,$4.42,2.74,$29.12,0.42,$0.71,17.04,$-0.19,0.0,$2.35B,$1.37B,1.72,$0.01B,$0.71B,0.01,$4.67B,$0.90B,19.24%,$4.67B,$0.09B,1.86%,$4.67B,$0.09B,1.86%,$4.67B,$0.22B,4.71%,$4.67B,$0.06B,1.20%,$4.67B,$-0.03B,-0.62%,$-0.03B,$0.71B,-4.83%,$-0.03B,$0.61B,-5.76%,$-0.03B,$4.13B,-0.71%,$0.09B,$0.72B,14.24%,$1176,$935,$241,$39,$171,$1145,$31,$0,$31,$11,$20,$20,$31,$64,$31,$160,162,$0.19,$0.19,$447,$729,$294,$2349,$392,$0,$99,$440,$1776,$4125,$1370,$10,$312,$2046,$3416,$2,$1813,$-1419,$709,$4125,$14,$65,$-7,$58,$35,$-43,$0,$44,$37,$109,$-104,$0,$0,$0,$0,$0,$0,$-104,$-5,$0,$-5,$3,$3,$0,$0,$-2,$-4,$9,$0
34,2010-03-31,13.8,$3.87,3.56,$28.87,0.48,$0.87,15.9,$-0.24,0.0,$2.30B,$1.40B,1.64,$0.01B,$0.62B,0.02,$4.62B,$0.89B,19.20%,$4.62B,$0.10B,2.06%,$4.62B,$0.10B,2.06%,$4.62B,$0.23B,4.89%,$4.62B,$0.06B,1.28%,$4.62B,$-0.04B,-0.80%,$-0.04B,$0.62B,-6.83%,$-0.04B,$0.52B,-8.26%,$-0.04B,$4.10B,-0.93%,$0.10B,$0.63B,17.21%,$1029,$838,$191,$39,$170,$1047,$-18,$0,$-18,$-1,$-17,$-17,$-19,$14,$-18,$160,160,$-0.12,$-0.12,$408,$720,$287,$2299,$374,$0,$99,$471,$1805,$4104,$1398,$11,$309,$2085,$3483,$2,$1782,$-1465,$621,$4104,$-17,$32,$12,$44,$12,$-34,$0,$53,$-5,$22,$-51,$0,$0,$0,$0,$0,$0,$-51,$-4,$0,$-4,$2,$2,$0,$0,$-2,$-43,$2,$0
35,2009-12-31,11.13,$3.71,3.0,$28.81,0.39,$1.13,9.84,$-0.21,0.0,$2.30B,$1.38B,1.66,$0.01B,$0.59B,0.02,$4.60B,$0.88B,19.13%,$4.60B,$0.10B,2.24%,$4.60B,$0.10B,2.24%,$4.60B,$0.23B,5.02%,$4.60B,$0.06B,1.35%,$4.60B,$-0.03B,-0.72%,$-0.03B,$0.59B,-6.61%,$-0.03B,$0.49B,-8.07%,$-0.03B,$4.09B,-0.83%,$0.10B,$0.60B,20.28%,$1332,$1089,$243,$36,$162,$1287,$45,$-7,$38,$-3,$41,$41,$-56,$78,$45,$159,160,$-0.35,$-0.35,$451,$686,$266,$2299,$356,$0,$100,$478,$1795,$4094,$1382,$11,$486,$2120,$3502,$2,$1801,$-1509,$592,$4094,$-30,$128,$56,$184,$27,$5,$0,$102,$106,$260,$-162,$0,$0,$0,$0,$0,$-41,$-203,$-300,$4,$-296,$8,$8,$0,$0,$-288,$-260,$12,$0
36,2009-09-30,13.82,$3.01,4.59,$28.95,0.48,$2.67,5.18,$0.49,28.2,$2.24B,$1.33B,1.69,$0.01B,$0.48B,0.02,$4.69B,$0.96B,20.56%,$4.69B,$0.15B,3.26%,$4.69B,$0.15B,3.26%,$4.69B,$0.28B,5.95%,$4.69B,$0.11B,2.43%,$4.69B,$0.08B,1.69%,$0.08B,$0.48B,16.91%,$0.08B,$0.39B,20.72%,$0.08B,$3.90B,1.96%,$0.15B,$0.49B,32.19%,$1135,$911,$224,$36,$159,$1106,$29,$-24,$5,$-12,$17,$17,$15,$64,$29,$159,160,$0.09,$0.09,$419,$708,$270,$2241,$345,$0,$89,$365,$1663,$3904,$1326,$11,$101,$2099,$3425,$2,$1857,$-1672,$479,$3904,$27,$95,$-10,$85,$71,$-12,$0,$41,$38,$150,$-110,$0,$0,$0,$0,$0,$-12,$-122,$-300,$0,$-300,$5,$5,$0,$0,$-295,$-292,$11,$0
37,2009-06-30,11.83,$3.00,3.95,$30.16,0.39,$3.96,2.99,$0.88,13.44,$2.24B,$1.31B,1.71,$0.01B,$0.48B,0.02,$4.93B,$1.05B,21.29%,$4.93B,$0.22B,4.54%,$4.93B,$0.22B,4.54%,$4.93B,$0.34B,6.95%,$4.93B,$0.21B,4.22%,$4.93B,$0.14B,2.92%,$0.14B,$0.48B,19.91%,$0.14B,$0.39B,22.55%,$0.14B,$3.82B,3.47%,$0.22B,$0.48B,30.67%,$1124,$895,$229,$34,$156,$1085,$39,$-5,$34,$13,$21,$21,$23,$70,$39,$159,160,$0.14,$0.14,$407,$691,$285,$2239,$315,$0,$88,$381,$1580,$3819,$1312,$7,$125,$2031,$3343,$2,$1842,$-1655,$476,$3819,$10,$60,$-5,$55,$61,$4,$-90,$51,$26,$91,$-61,$0,$0,$0,$0,$0,$-12,$-73,$-300,$0,$-300,$3,$3,$0,$0,$-297,$-304,$12,$0
38,2009-03-31,7.95,$2.83,2.81,$30.97,0.26,$4.57,1.74,$1.00,7.95,$2.52B,$1.64B,1.54,$0.01B,$0.45B,0.02,$5.14B,$1.11B,21.56%,$5.14B,$0.25B,4.81%,$5.14B,$0.25B,4.81%,$5.14B,$0.36B,7.02%,$5.14B,$0.24B,4.57%,$5.14B,$0.17B,3.21%,$0.17B,$0.45B,16.49%,$0.17B,$0.37B,17.91%,$0.17B,$4.14B,3.80%,$0.25B,$0.46B,24.50%,$1008,$824,$184,$35,$159,$1018,$-10,$-5,$-15,$-1,$-14,$-14,$-15,$19,$-10,$158,158,$-0.09,$-0.09,$717,$697,$254,$2523,$297,$0,$83,$387,$1618,$4141,$1638,$7,$141,$2054,$3692,$2,$1819,$-1649,$449,$4141,$-14,$29,$4,$33,$58,$-5,$0,$83,$19,$38,$-25,$0,$0,$0,$0,$0,$0,$-25,$0,$0,$0,$1,$1,$0,$0,$1,$6,$4,$0
39,2008-12-31,14.14,$2.94,4.81,$31.33,0.45,$4.98,2.84,$1.36,10.4,$2.56B,$1.69B,1.51,$0.01B,$0.47B,0.02,$5.32B,$1.18B,22.26%,$5.32B,$0.32B,6.06%,$5.32B,$0.32B,6.06%,$5.32B,$0.44B,8.20%,$5.32B,$0.32B,5.95%,$5.32B,$0.23B,4.29%,$0.23B,$0.47B,17.47%,$0.23B,$0.38B,18.54%,$0.23B,$4.26B,5.10%,$0.32B,$0.47B,23.20%,$1421,$1094,$327,$37,$195,$1326,$95,$-5,$90,$17,$73,$73,$56,$126,$95,$165,168,$0.35,$0.35,$711,$692,$241,$2557,$308,$0,$84,$410,$1698,$4255,$1693,$7,$152,$2097,$3790,$2,$1834,$-1644,$465,$4255,$227,$114,$40,$154,$249,$25,$-56,$-159,$59,$440,$-79,$0,$0,$0,$0,$0,$-65,$-144,$0,$0,$0,$-477,$-477,$0,$2,$-475,$-241,$41,$0
40,2008-09-30,22.05,$9.31,2.37,$31.20,0.71,$3.21,6.86,$1.44,15.31,$2.63B,$1.72B,1.53,$0.01B,$1.50B,0.01,$5.42B,$1.21B,22.31%,$5.42B,$0.35B,6.39%,$5.42B,$0.35B,6.39%,$5.42B,$0.46B,8.46%,$5.42B,$0.34B,6.32%,$5.42B,$0.26B,4.82%,$0.26B,$1.50B,16.03%,$0.26B,$1.42B,16.75%,$0.26B,$4.41B,5.67%,$0.35B,$1.51B,19.38%,$1379,$1069,$310,$35,$175,$1279,$100,$-1,$99,$17,$82,$82,$80,$128,$100,$163,166,$0.49,$0.48,$733,$711,$242,$2629,$308,$0,$84,$407,$1777,$4406,$1718,$7,$114,$1185,$2903,$2,$1780,$-574,$1503,$4406,$171,$83,$33,$116,$224,$6,$0,$-70,$20,$307,$-51,$0,$0,$0,$0,$0,$-54,$-105,$0,$0,$0,$-409,$-409,$0,$2,$-407,$-219,$30,$0
41,2008-06-30,25.2,$9.61,2.62,$29.91,0.84,$1.83,13.76,$1.14,22.11,$2.77B,$1.78B,1.56,$0.01B,$1.59B,0.01,$5.31B,$1.16B,21.83%,$5.31B,$0.28B,5.34%,$5.31B,$0.28B,5.34%,$5.31B,$0.40B,7.43%,$5.31B,$0.29B,5.51%,$5.31B,$0.23B,4.40%,$0.23B,$1.59B,13.81%,$0.23B,$1.52B,14.36%,$0.23B,$4.56B,4.99%,$0.28B,$1.59B,14.74%,$1332,$1045,$287,$41,$184,$1270,$62,$-1,$61,$17,$44,$44,$44,$88,$62,$167,170,$0.26,$0.26,$754,$735,$285,$2765,$305,$0,$67,$376,$1791,$4556,$1775,$8,$127,$1195,$2970,$2,$1700,$-505,$1586,$4556,$91,$55,$15,$70,$176,$-18,$0,$-66,$-11,$150,$-15,$0,$0,$0,$0,$0,$-23,$-38,$0,$1,$1,$-310,$-310,$0,$1,$-308,$-198,$20,$0
42,2008-03-31,22.83,$9.82,2.33,$28.52,0.8,$0.96,23.9,$1.42,16.08,$2.91B,$1.46B,2.0,$0.31B,$1.67B,0.19,$5.16B,$1.14B,22.13%,$5.16B,$0.30B,5.83%,$5.16B,$0.30B,5.83%,$5.16B,$0.41B,8.00%,$5.16B,$0.31B,6.05%,$5.16B,$0.29B,5.58%,$0.29B,$1.67B,15.70%,$0.29B,$1.60B,16.46%,$0.29B,$4.66B,5.82%,$0.30B,$1.98B,14.06%,$1183,$924,$259,$35,$159,$1118,$65,$1,$66,$17,$49,$49,$48,$94,$65,$173,176,$0.28,$0.27,$851,$752,$260,$2911,$309,$0,$66,$331,$1745,$4656,$1457,$308,$158,$1532,$2989,$2,$1656,$-494,$1667,$4656,$48,$29,$1,$30,$119,$-35,$0,$13,$3,$81,$6,$0,$0,$0,$0,$0,$0,$6,$0,$0,$0,$-189,$-189,$0,$0,$-189,$-101,$10,$0
43,2007-12-31,25.1,$9.86,2.55,$27.32,0.92,$0.57,43.91,$1.34,18.73,$3.09B,$1.53B,2.02,$0.31B,$1.76B,0.18,$4.97B,$1.04B,20.93%,$4.97B,$0.22B,4.41%,$4.97B,$0.22B,4.41%,$4.97B,$0.33B,6.62%,$4.97B,$0.23B,4.67%,$4.97B,$0.27B,5.51%,$0.27B,$1.76B,14.32%,$0.27B,$1.69B,15.16%,$0.27B,$4.78B,5.33%,$0.22B,$2.06B,9.87%,$1521,$1169,$352,$41,$192,$1402,$119,$-3,$116,$20,$96,$96,$89,$148,$119,$180,183,$0.50,$0.48,$952,$717,$252,$3088,$313,$0,$64,$329,$1692,$4780,$1530,$307,$165,$1493,$3023,$2,$1608,$-536,$1757,$4780,$274,$110,$-79,$31,$-166,$-76,$52,$36,$-154,$151,$-81,$0,$0,$0,$0,$0,$-12,$-93,$0,$0,$0,$-35,$-35,$0,$-192,$-227,$5,$42,$0
44,2007-09-30,23.83,$9.78,2.44,$22.42,1.06,$0.76,31.25,$1.87,12.74,$3.13B,$1.51B,2.07,$0.31B,$1.77B,0.17,$4.08B,$0.60B,14.65%,$4.08B,$0.06B,1.37%,$4.08B,$0.06B,1.37%,$4.08B,$0.16B,4.02%,$4.08B,$0.07B,1.79%,$4.08B,$0.36B,8.81%,$0.36B,$1.77B,18.47%,$0.36B,$1.71B,19.52%,$0.36B,$4.75B,6.84%,$0.06B,$2.07B,2.49%,$1278,$1016,$262,$37,$187,$1240,$38,$12,$50,$17,$33,$33,$53,$65,$38,$181,182,$0.29,$0.29,$1033,$767,$319,$3133,$304,$0,$61,$330,$1614,$4747,$1512,$307,$162,$1468,$2980,$2,$1524,$-508,$1767,$4747,$185,$81,$-66,$15,$-2,$-127,$0,$58,$-108,$92,$-63,$0,$0,$0,$0,$0,$-4,$-67,$0,$-1,$-1,$43,$43,$0,$-188,$-146,$86,$28,$0
45,2007-06-30,25.14,$11.89,2.11,$21.70,1.16,$0.61,40.91,$2.18,11.53,$3.61B,$1.84B,1.96,$0.31B,$2.15B,0.14,$3.94B,$0.58B,14.62%,$3.94B,$0.07B,1.68%,$3.94B,$0.07B,1.68%,$3.94B,$0.15B,3.71%,$3.94B,$0.07B,1.85%,$3.94B,$0.40B,10.03%,$0.40B,$2.15B,18.81%,$0.40B,$2.00B,20.02%,$0.40B,$5.62B,7.21%,$0.07B,$2.45B,2.74%,$1179,$910,$269,$30,$160,$1100,$79,$1,$80,$29,$51,$51,$98,$106,$79,$180,183,$0.54,$0.54,$1139,$739,$343,$3606,$370,$0,$148,$428,$2009,$5615,$1836,$306,$174,$1632,$3468,$2,$2032,$-607,$2147,$5615,$132,$54,$-68,$-14,$9,$-63,$0,$16,$-91,$27,$-42,$0,$0,$0,$0,$0,$1,$-41,$0,$-1,$-1,$36,$36,$0,$6,$41,$192,$9,$0
46,2007-03-31,22.86,$11.02,2.07,$23.56,0.97,$1.11,20.61,$2.06,11.1,$3.45B,$1.82B,1.89,$0.31B,$1.98B,0.15,$4.29B,$0.73B,17.06%,$4.29B,$0.09B,2.10%,$4.29B,$0.09B,2.10%,$4.29B,$0.18B,4.24%,$4.29B,$0.10B,2.21%,$4.29B,$0.38B,8.74%,$0.38B,$1.98B,17.91%,$0.38B,$1.83B,19.06%,$0.38B,$5.42B,6.91%,$0.09B,$2.29B,3.75%,$992,$835,$157,$29,$145,$1009,$-17,$3,$-14,$-5,$-9,$-9,$34,$10,$-17,$179,179,$0.19,$0.19,$1080,$717,$325,$3446,$375,$0,$150,$402,$1973,$5419,$1821,$306,$147,$1617,$3438,$2,$1941,$-649,$1981,$5419,$34,$27,$-39,$-12,$67,$-37,$0,$65,$21,$43,$-23,$0,$0,$0,$0,$0,$0,$-23,$0,$0,$0,$18,$18,$0,$2,$20,$133,$5,$0
47,2006-12-31,20.46,$10.51,1.95,$24.96,0.82,$0.93,21.93,$2.09,9.79,$3.33B,$1.77B,1.88,$0.31B,$1.88B,0.16,$4.58B,$0.93B,20.23%,$4.58B,$0.15B,3.36%,$4.58B,$0.15B,3.36%,$4.58B,$0.26B,5.63%,$4.58B,$0.16B,3.47%,$4.58B,$0.38B,8.34%,$0.38B,$1.88B,18.07%,$0.38B,$1.82B,19.20%,$0.38B,$5.23B,7.07%,$0.15B,$2.19B,6.36%,$626,$717,$-91,$-27,$-20,$670,$-44,$1,$-43,$-36,$-7,$-7,$174,$-17,$-44,$180,183,$0.96,$0.96,$947,$641,$265,$3332,$314,$0,$60,$272,$1895,$5227,$1770,$306,$147,$1576,$3346,$2,$1900,$-676,$1881,$5227,$382,$104,$-222,$-118,$-66,$-76,$67,$1,$-74,$190,$-85,$0,$0,$0,$0,$0,$-6,$-91,$1,$-1,$0,$-191,$-191,$0,$7,$-184,$137,$20,$0
