,Date,Stock Price,Book Value per Share,Price to Book Ratio,TTM Sales per Share,Price to Sales Ratio,TTM FCF per Share,Price to FCF Ratio,TTM Net EPS,PE Ratio,Current Assets,Current Liabilities,Current Ratio,Long Term Debt,Shareholder's Equity_x,Debt to Equity Ratio,TTM Revenue_x,TTM Gross Profit,Gross Margin,TTM Revenue_y,TTM Operating Income,Operating Margin,TTM Revenue_x,TTM EBIT,EBIT Margin,TTM Revenue_y,TTM EBITDA,EBITDA Margin,TTM Revenue_x,TTM Pre-Tax Income,Pre-Tax Margin,TTM Revenue_y,TTM Net Income_x,Net Margin,TTM Net Income_y,Shareholder's Equity_y,Return on Equity,TTM Net Income_x,Tangible Equity,Return on Tangible Equity,TTM Net Income_y,Total Assets,Return on Assets,TTM Net Income,LT Investments & Debt,Return on Investment,revenue,cost-goods-sold,gross-profit,research-development-expenses,selling-general-administrative-expenses,operating-expenses,operating-income,total-non-operating-income-expense,pre-tax-income,total-provision-income-taxes,income-after-taxes,income-from-continuous-operations,net-income,ebitda,ebit,basic-shares-outstanding,shares-outstanding,eps-basic-net-earnings-per-share,eps-earnings-per-share-diluted,cash-on-hand,inventory,other-current-assets,total-current-assets,net-property-plant-equipment,long-term-investments,goodwill-intangible-assets-total,other-long-term-assets,total-long-term-assets,total-assets,total-current-liabilities,long-term-debt,other-non-current-liabilities,total-long-term-liabilities,total-liabilities,common-stock-net,retained-earnings-accumulated-deficit,comprehensive-income,total-share-holder-equity,total-liabilities-share-holders-equity,net-income-loss,total-depreciation-amortization-cash-flow,other-non-cash-items,total-non-cash-items,change-in-accounts-receivable,change-in-inventories,change-in-accounts-payable,change-in-assets-liabilities,total-change-in-assets-liabilities,cash-flow-from-operating-activities,net-change-in-property-plant-equipment,net-change-in-intangible-assets,net-acquisitions-divestitures,net-change-in-short-term-investments,net-change-in-long-term-investments,net-change-in-investments-total,investing-activities-other,cash-flow-from-investing-activities,net-long-term-debt,net-current-debt,debt-issuance-retirement-net-total,net-common-equity-issued-repurchased,net-total-equity-issued-repurchased,total-common-preferred-stock-dividends-paid,financial-activities-other,cash-flow-from-financial-activities,net-cash-flow,stock-based-compensation,common-stock-dividends-paid
0,2018-07-31,133.76,$24.47,5.47,$38.47,3.48,$14.51,9.22,$4.76,28.1,$1.08B,$0.34B,3.16,$1.52B,$1.42B,1.07,$2.26B,$1.24B,54.89%,$2.26B,$0.51B,22.40%,$2.26B,$0.51B,22.40%,$2.26B,$0.61B,27.05%,$2.26B,$0.46B,20.27%,$2.26B,$0.37B,16.42%,$0.37B,$1.42B,28.34%,$0.37B,$-0.70B,-44.36%,$0.37B,$3.61B,10.55%,$0.51B,$2.94B,19.12%,$581,$261,$320,$0,$185,$446,$136,$-13,$123,$28,$95,$95,$95,$163,$136,$58,59,$1.63,$1.61,$267,$271,$0,$1078,$357,$0,$2127,$35,$2530,$3607,$341,$1521,$56,$1843,$2184,$12,$2403,$-134,$1423,$3607,$291,$81,$-29,$52,$0,$0,$0,$0,$0,$343,$-46,$0,$-45,$0,$0,$0,$0,$-91,$-34,$-0,$-34,$12,$12,$-52,$0,$-73,$176,$17,$-52
1,2018-04-30,127.97,$23.46,5.45,$38.72,3.3,$12.49,10.24,$4.89,26.17,$0.98B,$0.54B,1.84,$1.31B,$1.36B,0.96,$2.27B,$1.25B,54.96%,$2.27B,$0.52B,23.07%,$2.27B,$0.52B,23.07%,$2.27B,$0.63B,27.66%,$2.27B,$0.48B,21.04%,$2.27B,$0.38B,16.63%,$0.38B,$1.36B,30.79%,$0.38B,$-0.79B,-40.71%,$0.38B,$3.54B,10.84%,$0.52B,$2.68B,20.32%,$554,$247,$307,$0,$180,$427,$127,$-9,$118,$27,$91,$91,$91,$154,$127,$58,59,$1.57,$1.55,$156,$284,$0,$984,$359,$0,$2148,$35,$2555,$3539,$535,$1312,$58,$1642,$2176,$12,$2326,$-111,$1363,$3539,$196,$54,$-33,$21,$0,$0,$0,$-4,$-4,$212,$-33,$0,$-44,$0,$0,$0,$0,$-77,$-48,$-0,$-48,$11,$11,$-35,$0,$-72,$66,$12,$-35
2,2018-01-31,142.7,$22.34,6.39,$37.85,3.77,$11.52,12.38,$6.00,23.78,$0.93B,$0.61B,1.52,$1.26B,$1.30B,0.97,$2.21B,$1.22B,55.00%,$2.21B,$0.50B,22.63%,$2.21B,$0.50B,22.63%,$2.21B,$0.60B,27.03%,$2.21B,$0.45B,20.55%,$2.21B,$0.35B,15.89%,$0.35B,$1.30B,31.23%,$0.35B,$-0.88B,-33.99%,$0.35B,$3.50B,10.21%,$0.50B,$2.55B,19.69%,$550,$249,$301,$0,$183,$433,$118,$-14,$104,$-1,$105,$105,$105,$144,$118,$58,59,$1.81,$1.78,$133,$276,$0,$928,$357,$0,$2170,$33,$2573,$3501,$610,$1259,$61,$1596,$2206,$12,$2252,$-94,$1295,$3501,$105,$26,$-38,$-12,$0,$0,$0,$16,$16,$109,$-17,$0,$-43,$0,$0,$0,$0,$-60,$0,$-0,$0,$5,$5,$-17,$0,$-12,$42,$7,$-17
3,2017-10-31,125.53,$20.02,6.27,$35.52,3.53,$11.23,11.17,$5.08,24.71,$0.89B,$0.65B,1.37,$1.26B,$1.16B,1.09,$2.07B,$1.14B,55.13%,$2.07B,$0.46B,22.17%,$2.07B,$0.46B,22.17%,$2.07B,$0.55B,26.48%,$2.07B,$0.42B,20.33%,$2.07B,$0.30B,14.33%,$0.30B,$1.16B,28.91%,$0.30B,$-0.98B,-31.73%,$0.30B,$3.42B,9.36%,$0.46B,$2.41B,19.47%,$574,$262,$312,$0,$185,$449,$125,$-12,$113,$33,$80,$80,$80,$150,$125,$58,58,$1.39,$1.37,$90,$264,$0,$888,$346,$0,$2136,$32,$2526,$3415,$648,$1256,$36,$1611,$2259,$12,$2165,$-134,$1155,$3415,$296,$91,$20,$110,$-46,$-20,$5,$4,$-50,$350,$-68,$0,$-806,$0,$-4,$-4,$0,$-878,$599,$-2,$597,$11,$11,$-64,$4,$548,$23,$20,$-64
4,2017-07-31,125.53,$18.80,6.68,$34.51,3.64,$11.11,11.3,$5.02,25.01,$0.92B,$0.44B,2.1,$1.57B,$1.08B,1.45,$2.00B,$1.10B,55.07%,$2.00B,$0.44B,22.19%,$2.00B,$0.44B,22.19%,$2.00B,$0.53B,26.24%,$2.00B,$0.41B,20.59%,$2.00B,$0.29B,14.59%,$0.29B,$1.08B,30.80%,$0.29B,$-1.06B,-35.76%,$0.29B,$3.46B,10.02%,$0.44B,$2.65B,20.18%,$589,$263,$326,$0,$173,$436,$153,$-11,$142,$41,$101,$101,$101,$179,$153,$58,58,$1.76,$1.74,$111,$276,$0,$920,$336,$0,$2147,$32,$2540,$3461,$437,$1570,$34,$1939,$2376,$12,$2102,$-135,$1084,$3461,$216,$65,$17,$82,$0,$0,$0,$-76,$-76,$222,$-45,$0,$-806,$0,$-4,$-4,$0,$-856,$710,$-1,$709,$10,$10,$-47,$0,$673,$43,$15,$-47
5,2017-04-30,123.48,$16.70,7.4,$32.90,3.75,$10.69,11.55,$4.74,26.05,$0.83B,$0.46B,1.82,$1.57B,$0.96B,1.64,$1.90B,$1.05B,55.15%,$1.90B,$0.42B,21.82%,$1.90B,$0.42B,21.82%,$1.90B,$0.49B,25.60%,$1.90B,$0.39B,20.35%,$1.90B,$0.28B,14.46%,$0.28B,$0.96B,31.25%,$0.28B,$-1.21B,-40.28%,$0.28B,$3.38B,10.37%,$0.42B,$2.54B,20.79%,$496,$221,$276,$0,$172,$393,$104,$-9,$95,$30,$65,$65,$65,$124,$104,$58,58,$1.12,$1.11,$88,$276,$0,$829,$320,$0,$2174,$31,$2550,$3379,$456,$1574,$34,$1960,$2417,$12,$2016,$-165,$962,$3379,$115,$39,$12,$51,$0,$0,$0,$-21,$-21,$144,$-23,$0,$-805,$0,$-5,$-5,$0,$-834,$730,$1,$731,$9,$9,$-31,$0,$709,$21,$10,$-31
6,2017-01-31,111.71,$15.53,7.19,$32.01,3.49,$10.40,10.74,$4.86,22.99,$0.72B,$0.29B,2.48,$0.91B,$0.89B,1.02,$1.84B,$1.02B,55.37%,$1.84B,$0.41B,22.40%,$1.84B,$0.41B,22.40%,$1.84B,$0.48B,26.19%,$1.84B,$0.39B,21.20%,$1.84B,$0.28B,15.24%,$0.28B,$0.89B,34.11%,$0.28B,$-0.48B,-52.62%,$0.28B,$2.39B,11.71%,$0.41B,$1.81B,22.82%,$407,$182,$225,$0,$149,$332,$76,$-6,$70,$20,$50,$50,$50,$94,$76,$57,58,$0.87,$0.86,$88,$241,$0,$720,$270,$0,$1368,$26,$1673,$2393,$290,$912,$34,$1209,$1499,$12,$1967,$-172,$894,$2393,$50,$18,$6,$24,$0,$0,$0,$7,$7,$81,$-7,$0,$-14,$0,$-3,$-3,$0,$-23,$-30,$2,$-28,$5,$5,$-15,$0,$-38,$20,$3,$-15
7,2016-10-31,98.29,$14.86,6.61,$31.48,3.12,$9.77,10.06,$4.72,20.82,$0.75B,$0.33B,2.25,$0.95B,$0.85B,1.12,$1.81B,$0.99B,54.89%,$1.81B,$0.39B,21.50%,$1.81B,$0.39B,21.50%,$1.81B,$0.46B,25.32%,$1.81B,$0.37B,20.34%,$1.81B,$0.27B,15.04%,$0.27B,$0.85B,35.66%,$0.27B,$-0.52B,-46.12%,$0.27B,$2.42B,11.43%,$0.39B,$1.80B,21.61%,$509,$234,$275,$0,$153,$398,$111,$-5,$105,$29,$76,$76,$76,$128,$111,$57,58,$1.32,$1.32,$67,$220,$0,$746,$273,$0,$1367,$24,$1675,$2421,$332,$952,$22,$1237,$1569,$12,$1933,$-168,$852,$2421,$272,$70,$17,$87,$-41,$2,$7,$-19,$-27,$331,$-60,$0,$-43,$0,$0,$0,$0,$-102,$-137,$1,$-135,$-22,$-22,$-56,$3,$-210,$17,$18,$-56
8,2016-07-31,86.41,$14.19,6.09,$29.93,2.89,$8.33,10.38,$4.25,20.33,$0.77B,$0.28B,2.76,$1.03B,$0.81B,1.27,$1.75B,$0.95B,54.58%,$1.75B,$0.35B,20.27%,$1.75B,$0.35B,20.27%,$1.75B,$0.42B,24.17%,$1.75B,$0.34B,19.19%,$1.75B,$0.25B,14.09%,$0.25B,$0.81B,34.42%,$0.25B,$-0.53B,-38.69%,$0.25B,$2.41B,10.40%,$0.35B,$1.84B,19.78%,$490,$217,$273,$0,$150,$366,$124,$-6,$117,$33,$84,$84,$84,$141,$124,$57,58,$1.48,$1.46,$60,$240,$0,$770,$268,$0,$1340,$29,$1640,$2410,$278,$1027,$37,$1319,$1598,$12,$1872,$-139,$812,$2410,$196,$53,$10,$63,$0,$0,$0,$-64,$-64,$195,$-44,$0,$0,$0,$0,$0,$0,$-44,$-84,$6,$-77,$-26,$-26,$-41,$3,$-141,$10,$14,$-41
9,2016-04-30,74.89,$12.91,5.8,$29.00,2.58,$7.66,9.77,$3.93,19.06,$0.72B,$0.27B,2.67,$1.06B,$0.74B,1.43,$1.72B,$0.93B,53.98%,$1.72B,$0.33B,19.37%,$1.72B,$0.33B,19.37%,$1.72B,$0.40B,23.33%,$1.72B,$0.32B,18.38%,$1.72B,$0.23B,13.44%,$0.23B,$0.74B,32.23%,$0.23B,$-0.62B,-36.83%,$0.23B,$2.37B,9.87%,$0.33B,$1.79B,18.86%,$438,$189,$248,$0,$147,$336,$102,$-3,$99,$28,$71,$71,$71,$120,$102,$57,57,$1.24,$1.23,$48,$241,$0,$723,$257,$0,$1353,$32,$1649,$2372,$271,$1055,$39,$1365,$1635,$12,$1802,$-132,$737,$2372,$112,$35,$8,$43,$0,$0,$0,$-28,$-28,$127,$-25,$0,$0,$0,$0,$0,$0,$-25,$-55,$6,$-49,$-31,$-31,$-27,$1,$-106,$-2,$10,$-27
10,2016-01-31,58.76,$11.41,5.15,$27.87,2.11,$7.20,8.16,$3.50,16.79,$0.68B,$0.24B,2.88,$1.12B,$0.65B,1.72,$1.68B,$0.90B,53.63%,$1.68B,$0.31B,18.25%,$1.68B,$0.31B,18.25%,$1.68B,$0.37B,22.24%,$1.68B,$0.29B,17.18%,$1.68B,$0.21B,12.43%,$0.21B,$0.65B,28.36%,$0.21B,$-0.70B,-35.07%,$0.21B,$2.32B,9.04%,$0.31B,$1.77B,17.78%,$372,$175,$197,$0,$145,$320,$52,$-5,$47,$6,$41,$41,$41,$69,$52,$57,57,$0.72,$0.72,$61,$225,$0,$681,$251,$0,$1348,$33,$1636,$2317,$237,$1116,$44,$1430,$1667,$12,$1745,$-155,$650,$2317,$41,$17,$4,$21,$0,$0,$0,$-14,$-14,$49,$-11,$0,$0,$0,$0,$0,$0,$-11,$12,$8,$20,$-33,$-33,$-14,$0,$-26,$10,$5,$-14
11,2015-10-31,69.01,$11.51,6.0,$27.43,2.52,$6.70,10.3,$3.47,19.89,$0.71B,$0.29B,2.45,$1.10B,$0.66B,1.67,$1.69B,$0.91B,54.11%,$1.69B,$0.32B,18.83%,$1.69B,$0.32B,18.83%,$1.69B,$0.38B,22.74%,$1.69B,$0.30B,17.82%,$1.69B,$0.21B,12.49%,$0.21B,$0.66B,26.91%,$0.21B,$-0.70B,-38.97%,$0.21B,$2.36B,9.21%,$0.32B,$1.76B,19.04%,$446,$211,$235,$0,$148,$371,$76,$-4,$72,$23,$50,$50,$50,$92,$76,$61,61,$0.83,$0.82,$50,$226,$0,$712,$250,$0,$1360,$33,$1649,$2360,$291,$1102,$33,$1410,$1700,$12,$1717,$-145,$660,$2360,$211,$65,$15,$80,$-37,$-14,$-1,$6,$-26,$262,$-61,$0,$-76,$0,$-1,$-1,$0,$-139,$425,$-105,$320,$-378,$-378,$-55,$2,$-111,$8,$15,$-55
12,2015-07-31,71.52,$13.61,5.25,$27.43,2.61,$7.23,9.89,$3.76,19.02,$0.72B,$0.26B,2.77,$0.92B,$0.82B,1.13,$1.71B,$0.94B,54.67%,$1.71B,$0.35B,20.33%,$1.71B,$0.35B,20.33%,$1.71B,$0.41B,24.18%,$1.71B,$0.33B,19.39%,$1.71B,$0.23B,13.61%,$0.23B,$0.82B,27.57%,$0.23B,$-0.49B,-48.92%,$0.23B,$2.32B,10.26%,$0.35B,$1.74B,21.36%,$463,$214,$248,$0,$146,$360,$103,$-4,$98,$29,$69,$69,$69,$120,$103,$61,61,$1.15,$1.14,$61,$229,$0,$721,$244,$0,$1314,$33,$1595,$2316,$261,$923,$42,$1235,$1496,$12,$1682,$-139,$820,$2316,$161,$49,$12,$61,$0,$0,$0,$-55,$-55,$167,$-48,$0,$-15,$0,$-1,$-1,$0,$-65,$243,$-101,$142,$-183,$-183,$-40,$3,$-79,$19,$11,$-40
13,2015-04-30,76.66,$13.45,5.7,$27.00,2.84,$7.71,9.95,$3.83,20.02,$0.66B,$0.30B,2.22,$0.82B,$0.82B,1.0,$1.71B,$0.95B,55.39%,$1.71B,$0.36B,21.02%,$1.71B,$0.36B,21.02%,$1.71B,$0.42B,24.77%,$1.71B,$0.35B,20.20%,$1.71B,$0.24B,14.17%,$0.24B,$0.82B,27.50%,$0.24B,$-0.49B,-59.06%,$0.24B,$2.25B,10.90%,$0.36B,$1.64B,22.64%,$401,$179,$222,$0,$145,$324,$76,$-5,$72,$22,$49,$49,$49,$93,$76,$61,62,$0.81,$0.80,$51,$239,$0,$662,$242,$0,$1310,$32,$1588,$2250,$298,$819,$42,$1134,$1432,$12,$1626,$-129,$818,$2250,$92,$32,$9,$42,$0,$0,$0,$-16,$-16,$117,$-36,$0,$0,$0,$-0,$-0,$0,$-36,$140,$-48,$92,$-136,$-136,$-27,$2,$-69,$9,$9,$-27
14,2015-01-31,69.93,$13.61,5.14,$26.97,2.59,$7.71,9.07,$3.99,17.53,$0.66B,$0.39B,1.69,$0.70B,$0.84B,0.83,$1.72B,$0.96B,55.68%,$1.72B,$0.38B,21.81%,$1.72B,$0.38B,21.81%,$1.72B,$0.44B,25.41%,$1.72B,$0.36B,21.00%,$1.72B,$0.26B,14.79%,$0.26B,$0.84B,28.14%,$0.26B,$-0.48B,-71.63%,$0.26B,$2.24B,11.71%,$0.38B,$1.54B,24.00%,$379,$170,$209,$0,$146,$316,$63,$-4,$59,$16,$43,$43,$43,$79,$63,$63,63,$0.69,$0.69,$41,$213,$0,$658,$230,$0,$1318,$31,$1584,$2242,$388,$699,$41,$1016,$1404,$12,$1590,$-132,$838,$2242,$43,$16,$7,$23,$0,$0,$0,$-40,$-40,$26,$-17,$0,$0,$0,$-0,$-0,$0,$-17,$21,$57,$78,$-72,$-72,$-14,$0,$-7,$-1,$4,$-14
15,2014-10-31,73.26,$14.49,5.06,$26.45,2.77,$8.17,8.96,$3.84,19.08,$0.67B,$0.37B,1.81,$0.69B,$0.91B,0.77,$1.70B,$0.95B,55.52%,$1.70B,$0.37B,21.54%,$1.70B,$0.37B,21.54%,$1.70B,$0.43B,25.06%,$1.70B,$0.35B,20.72%,$1.70B,$0.25B,14.50%,$0.25B,$0.91B,26.71%,$0.25B,$-0.44B,-80.13%,$0.25B,$2.28B,11.64%,$0.37B,$1.60B,23.47%,$469,$211,$257,$0,$149,$363,$106,$-3,$103,$31,$72,$72,$72,$122,$106,$64,64,$1.14,$1.13,$42,$211,$0,$673,$224,$0,$1344,$33,$1607,$2280,$371,$694,$31,$1004,$1375,$12,$1561,$-103,$905,$2280,$247,$60,$16,$76,$-66,$-9,$7,$-2,$-34,$288,$-43,$0,$-186,$0,$-1,$-1,$0,$-231,$45,$103,$148,$-159,$-159,$-48,$6,$-53,$-0,$17,$-48
16,2014-07-31,71.74,$15.20,4.72,$25.49,2.81,$7.83,9.16,$3.63,19.76,$0.68B,$0.26B,2.61,$0.61B,$0.96B,0.64,$1.65B,$0.92B,55.65%,$1.65B,$0.35B,21.14%,$1.65B,$0.35B,21.14%,$1.65B,$0.41B,24.73%,$1.65B,$0.33B,20.29%,$1.65B,$0.24B,14.28%,$0.24B,$0.96B,25.53%,$0.24B,$-0.23B,-84.38%,$0.24B,$2.11B,11.38%,$0.35B,$1.57B,22.48%,$459,$201,$258,$0,$143,$344,$114,$-4,$111,$33,$78,$78,$78,$129,$114,$63,64,$1.23,$1.21,$53,$210,$0,$680,$209,$0,$1187,$33,$1430,$2109,$260,$612,$41,$891,$1151,$12,$1503,$-56,$959,$2109,$175,$44,$9,$53,$0,$0,$0,$-45,$-45,$183,$-28,$0,$0,$0,$-1,$-1,$0,$-29,$-29,$6,$-23,$-89,$-89,$-35,$4,$-142,$11,$13,$-35
17,2014-04-30,70.79,$14.50,4.88,$24.55,2.88,$7.93,8.92,$3.43,20.64,$0.64B,$0.24B,2.7,$0.64B,$0.92B,0.69,$1.59B,$0.88B,55.53%,$1.59B,$0.33B,20.57%,$1.59B,$0.33B,20.57%,$1.59B,$0.39B,24.21%,$1.59B,$0.32B,19.87%,$1.59B,$0.22B,13.96%,$0.22B,$0.92B,25.28%,$0.22B,$-0.28B,-78.93%,$0.22B,$2.08B,11.09%,$0.33B,$1.56B,21.95%,$417,$182,$236,$0,$143,$325,$93,$-4,$89,$27,$62,$62,$62,$108,$93,$64,65,$0.97,$0.96,$50,$206,$0,$639,$207,$0,$1201,$33,$1440,$2079,$237,$637,$42,$919,$1156,$12,$1436,$-53,$923,$2079,$97,$29,$9,$38,$0,$0,$0,$-32,$-32,$102,$-16,$0,$0,$0,$0,$0,$0,$-16,$-7,$5,$-2,$-55,$-55,$-23,$2,$-78,$7,$10,$-23
18,2014-01-31,65.83,$14.17,4.65,$23.97,2.75,$7.82,8.42,$3.31,19.89,$0.58B,$0.21B,2.73,$0.61B,$0.91B,0.67,$1.56B,$0.86B,55.56%,$1.56B,$0.32B,20.32%,$1.56B,$0.32B,20.32%,$1.56B,$0.37B,23.92%,$1.56B,$0.31B,19.61%,$1.56B,$0.22B,13.83%,$0.22B,$0.91B,25.86%,$0.22B,$-0.29B,-74.98%,$0.22B,$2.02B,11.05%,$0.32B,$1.53B,22.23%,$359,$165,$195,$0,$141,$306,$54,$-4,$50,$15,$35,$35,$35,$68,$54,$64,65,$0.54,$0.54,$47,$201,$0,$583,$202,$0,$1201,$33,$1435,$2018,$214,$613,$38,$893,$1107,$12,$1386,$-61,$912,$2018,$35,$14,$5,$19,$0,$0,$0,$-6,$-6,$48,$-8,$0,$0,$0,$0,$0,$0,$-8,$-25,$4,$-21,$-2,$-2,$-12,$1,$-34,$4,$6,$-12
19,2013-10-31,68.29,$13.83,4.94,$23.77,2.87,$7.70,8.87,$3.42,19.97,$0.60B,$0.24B,2.54,$0.65B,$0.89B,0.73,$1.54B,$0.87B,56.12%,$1.54B,$0.32B,21.00%,$1.54B,$0.32B,21.00%,$1.54B,$0.38B,24.56%,$1.54B,$0.31B,20.16%,$1.54B,$0.22B,14.39%,$0.22B,$0.89B,28.39%,$0.22B,$-0.32B,-75.19%,$0.22B,$2.05B,11.71%,$0.32B,$1.54B,24.03%,$411,$184,$227,$0,$139,$324,$87,$-3,$84,$24,$60,$60,$60,$102,$87,$64,65,$0.93,$0.92,$42,$198,$0,$602,$201,$0,$1208,$32,$1451,$2053,$237,$648,$27,$929,$1165,$12,$1363,$-57,$888,$2053,$222,$54,$11,$66,$20,$-11,$-3,$3,$-19,$268,$-43,$0,$-176,$0,$-1,$-1,$0,$-221,$56,$-46,$10,$-27,$-27,$-40,$6,$-52,$1,$12,$-40
20,2013-07-31,68.18,$12.30,5.55,$24.18,2.82,$8.07,8.45,$3.54,19.26,$0.61B,$0.22B,2.74,$0.55B,$0.79B,0.69,$1.57B,$0.88B,56.02%,$1.57B,$0.34B,21.71%,$1.57B,$0.34B,21.71%,$1.57B,$0.39B,25.08%,$1.57B,$0.33B,20.88%,$1.57B,$0.23B,14.64%,$0.23B,$0.79B,31.62%,$0.23B,$-0.24B,-74.68%,$0.23B,$1.86B,12.50%,$0.34B,$1.34B,26.92%,$403,$178,$225,$0,$132,$310,$93,$-1,$93,$27,$65,$65,$65,$107,$93,$64,65,$1.02,$1.01,$75,$184,$0,$609,$189,$0,$1029,$28,$1246,$1855,$222,$548,$32,$843,$1065,$12,$1314,$-106,$790,$1855,$162,$40,$10,$49,$0,$0,$0,$-17,$-17,$195,$-31,$0,$-1,$0,$-1,$-1,$0,$-33,$-34,$-45,$-79,$-24,$-24,$-29,$3,$-128,$34,$9,$-29
21,2013-04-30,65.53,$11.46,5.72,$23.83,2.75,$7.97,8.22,$3.56,18.41,$0.61B,$0.27B,2.22,$0.55B,$0.74B,0.75,$1.55B,$0.88B,56.72%,$1.55B,$0.35B,22.42%,$1.55B,$0.35B,22.42%,$1.55B,$0.40B,25.52%,$1.55B,$0.33B,21.32%,$1.55B,$0.23B,14.99%,$0.23B,$0.74B,33.93%,$0.23B,$-0.30B,-66.91%,$0.23B,$1.86B,12.72%,$0.35B,$1.29B,28.15%,$382,$165,$217,$0,$135,$300,$82,$-4,$78,$24,$55,$55,$55,$95,$82,$64,65,$0.85,$0.84,$63,$189,$0,$608,$187,$0,$1034,$28,$1250,$1857,$273,$552,$34,$848,$1122,$12,$1259,$-103,$736,$1857,$97,$26,$8,$34,$0,$0,$0,$-28,$-28,$103,$-24,$0,$-1,$0,$-1,$-1,$0,$-26,$-29,$10,$-19,$-21,$-21,$-19,$3,$-57,$22,$6,$-19
22,2013-01-31,63.61,$11.08,5.74,$22.79,2.79,$8.06,7.89,$3.52,18.07,$0.57B,$0.29B,1.97,$0.52B,$0.71B,0.72,$1.48B,$0.85B,57.46%,$1.48B,$0.34B,23.09%,$1.48B,$0.34B,23.09%,$1.48B,$0.39B,26.00%,$1.48B,$0.33B,22.08%,$1.48B,$0.23B,15.46%,$0.23B,$0.71B,35.55%,$0.23B,$-0.32B,-78.16%,$0.23B,$1.82B,13.52%,$0.34B,$1.23B,30.35%,$347,$150,$197,$0,$135,$285,$62,$-5,$56,$14,$42,$42,$42,$75,$62,$64,65,$0.65,$0.65,$55,$183,$0,$574,$178,$0,$1037,$29,$1244,$1818,$292,$518,$30,$811,$1104,$12,$1214,$-98,$714,$1818,$42,$13,$3,$17,$0,$0,$0,$-19,$-19,$40,$-7,$0,$-1,$0,$0,$0,$0,$-9,$-12,$0,$-12,$1,$1,$-10,$2,$-19,$13,$4,$-10
23,2012-10-31,55.4,$10.42,5.31,$21.65,2.56,$8.11,6.83,$3.45,16.06,$0.59B,$0.34B,1.71,$0.54B,$0.67B,0.81,$1.41B,$0.82B,58.37%,$1.41B,$0.34B,23.83%,$1.41B,$0.34B,23.83%,$1.41B,$0.37B,26.52%,$1.41B,$0.33B,23.19%,$1.41B,$0.23B,15.96%,$0.23B,$0.67B,37.27%,$0.23B,$-0.37B,-93.75%,$0.23B,$1.83B,14.38%,$0.34B,$1.21B,32.20%,$439,$198,$241,$0,$140,$335,$104,$-3,$101,$33,$68,$68,$68,$117,$104,$64,65,$1.05,$1.04,$42,$170,$0,$587,$175,$0,$1041,$27,$1243,$1830,$344,$539,$20,$816,$1160,$12,$1181,$-104,$670,$1830,$225,$39,$15,$54,$-50,$0,$5,$6,$-4,$274,$-25,$0,$-442,$-0,$0,$-0,$0,$-467,$259,$50,$309,$-84,$-84,$-34,$5,$197,$4,$10,$-34
24,2012-07-31,47.98,$9.59,5.0,$19.75,2.43,$7.59,6.32,$3.22,14.9,$0.58B,$0.33B,1.74,$0.59B,$0.62B,0.96,$1.30B,$0.78B,59.75%,$1.30B,$0.31B,23.89%,$1.30B,$0.31B,23.89%,$1.30B,$0.35B,26.57%,$1.30B,$0.30B,23.35%,$1.30B,$0.21B,16.28%,$0.21B,$0.62B,36.61%,$0.21B,$-0.39B,-123.62%,$0.21B,$1.79B,14.79%,$0.31B,$1.20B,32.27%,$380,$157,$223,$0,$125,$281,$99,$-3,$95,$28,$67,$67,$67,$108,$99,$64,65,$1.04,$1.03,$54,$179,$0,$582,$174,$0,$1009,$27,$1210,$1792,$334,$588,$35,$843,$1177,$12,$1123,$-94,$615,$1792,$157,$26,$12,$37,$0,$0,$0,$-17,$-17,$178,$-20,$0,$-403,$0,$0,$0,$0,$-423,$321,$50,$371,$-84,$-84,$-24,$1,$264,$16,$8,$-24
25,2012-04-30,50.34,$8.98,5.6,$18.42,2.73,$7.58,6.64,$3.01,16.72,$0.51B,$0.22B,2.26,$0.29B,$0.58B,0.5,$1.23B,$0.74B,60.21%,$1.23B,$0.29B,23.58%,$1.23B,$0.29B,23.58%,$1.23B,$0.32B,26.18%,$1.23B,$0.29B,23.26%,$1.23B,$0.20B,16.37%,$0.20B,$0.58B,34.43%,$0.20B,$-0.08B,-1243.08%,$0.20B,$1.34B,16.08%,$0.29B,$0.86B,34.75%,$315,$126,$190,$0,$111,$238,$77,$-2,$75,$23,$52,$52,$52,$85,$77,$64,65,$0.81,$0.80,$58,$155,$0,$507,$142,$0,$662,$27,$831,$1337,$224,$286,$30,$535,$759,$12,$1064,$-82,$578,$1337,$90,$16,$6,$22,$0,$0,$0,$-14,$-14,$99,$-14,$0,$2,$0,$0,$0,$0,$-12,$21,$-0,$21,$-72,$-72,$-16,$1,$-66,$20,$5,$-16
26,2012-01-31,42.25,$8.53,4.95,$18.20,2.32,$7.74,5.46,$3.16,13.37,$0.47B,$0.16B,2.92,$0.35B,$0.55B,0.63,$1.24B,$0.75B,60.66%,$1.24B,$0.31B,24.72%,$1.24B,$0.31B,24.72%,$1.24B,$0.34B,27.22%,$1.24B,$0.31B,24.64%,$1.24B,$0.22B,17.37%,$0.22B,$0.55B,35.97%,$0.22B,$-0.11B,372.29%,$0.22B,$1.30B,18.11%,$0.31B,$0.90B,38.75%,$276,$106,$169,$0,$112,$219,$56,$-1,$56,$17,$38,$38,$38,$64,$56,$65,66,$0.59,$0.58,$49,$148,$0,$473,$135,$0,$664,$29,$828,$1301,$162,$346,$99,$587,$749,$12,$1020,$-86,$552,$1301,$38,$8,$4,$12,$0,$0,$0,$-6,$-6,$44,$-9,$0,$0,$0,$0,$0,$0,$-9,$31,$0,$31,$-46,$-46,$-8,$0,$-23,$12,$3,$-8
27,2011-10-31,43.07,$8.71,4.95,$17.93,2.4,$7.93,5.43,$3.25,13.27,$0.48B,$0.18B,2.62,$0.32B,$0.57B,0.56,$1.23B,$0.75B,60.67%,$1.23B,$0.32B,25.63%,$1.23B,$0.32B,25.63%,$1.23B,$0.35B,28.06%,$1.23B,$0.31B,25.47%,$1.23B,$0.22B,18.09%,$0.22B,$0.57B,37.45%,$0.22B,$-0.10B,187.39%,$0.22B,$1.30B,20.07%,$0.32B,$0.89B,43.71%,$331,$135,$196,$0,$114,$252,$79,$-1,$78,$24,$55,$55,$55,$89,$79,$68,68,$0.83,$0.81,$37,$142,$0,$477,$131,$0,$669,$28,$827,$1304,$182,$319,$20,$551,$733,$12,$990,$-80,$571,$1304,$222,$31,$2,$33,$-4,$-15,$4,$11,$-5,$247,$-20,$0,$-293,$8,$0,$8,$0,$-306,$204,$-2,$202,$-128,$-128,$-30,$7,$51,$-5,$9,$-30
28,2011-07-31,47.26,$9.53,4.96,$17.34,2.73,$6.46,7.31,$3.22,14.7,$0.51B,$0.18B,2.88,$0.05B,$0.65B,0.08,$1.19B,$0.72B,60.57%,$1.19B,$0.31B,26.01%,$1.19B,$0.31B,26.01%,$1.19B,$0.34B,28.27%,$1.19B,$0.31B,25.92%,$1.19B,$0.22B,18.62%,$0.22B,$0.65B,38.34%,$0.22B,$0.23B,129.07%,$0.22B,$1.08B,21.52%,$0.31B,$0.70B,47.58%,$312,$124,$188,$0,$109,$234,$79,$-0,$78,$22,$57,$57,$57,$85,$79,$68,69,$0.83,$0.82,$69,$138,$0,$511,$124,$0,$419,$30,$573,$1084,$177,$52,$84,$261,$439,$12,$944,$-49,$646,$1084,$168,$21,$3,$23,$0,$0,$0,$-11,$-11,$180,$-14,$0,$-35,$8,$0,$8,$0,$-41,$-62,$-2,$-64,$-37,$-37,$-21,$7,$-115,$27,$7,$-21
29,2011-04-30,52.65,$9.11,5.78,$16.85,3.12,$4.90,10.73,$3.20,16.45,$0.50B,$0.18B,2.73,$0.05B,$0.62B,0.08,$1.16B,$0.70B,60.40%,$1.16B,$0.30B,25.80%,$1.16B,$0.30B,25.80%,$1.16B,$0.33B,28.21%,$1.16B,$0.30B,25.63%,$1.16B,$0.22B,18.98%,$0.22B,$0.62B,41.41%,$0.22B,$0.21B,166.98%,$0.22B,$1.06B,21.97%,$0.30B,$0.67B,47.55%,$319,$121,$198,$0,$105,$226,$92,$1,$93,$28,$65,$65,$65,$99,$92,$68,69,$0.96,$0.95,$67,$134,$0,$497,$121,$0,$409,$31,$562,$1059,$182,$52,$83,$255,$437,$12,$895,$-48,$622,$1059,$111,$14,$-1,$13,$0,$0,$0,$-12,$-12,$112,$-11,$0,$-21,$8,$0,$8,$0,$-24,$-46,$-1,$-48,$-10,$-10,$-14,$7,$-65,$24,$5,$-14
30,2011-01-31,42.57,$7.96,5.35,$15.89,2.68,$3.65,11.67,$2.72,15.65,$0.44B,$0.17B,2.63,$0.09B,$0.54B,0.16,$1.09B,$0.66B,60.07%,$1.09B,$0.27B,24.27%,$1.09B,$0.27B,24.27%,$1.09B,$0.29B,26.83%,$1.09B,$0.26B,23.81%,$1.09B,$0.19B,17.12%,$0.19B,$0.54B,39.06%,$0.19B,$0.13B,221.96%,$0.19B,$1.00B,19.36%,$0.27B,$0.63B,43.69%,$271,$105,$166,$0,$101,$205,$66,$-0,$65,$19,$46,$46,$46,$73,$66,$68,69,$0.67,$0.67,$61,$123,$0,$441,$119,$0,$408,$28,$556,$997,$168,$88,$81,$287,$455,$12,$836,$-72,$543,$997,$46,$7,$-1,$6,$0,$0,$0,$4,$4,$56,$-5,$0,$-21,$8,$0,$8,$0,$-19,$-9,$-2,$-11,$-2,$-2,$-7,$4,$-16,$19,$3,$-7
31,2010-10-31,35.9,$7.44,4.82,$15.19,2.36,$3.62,9.93,$2.45,14.68,$0.45B,$0.19B,2.35,$0.10B,$0.51B,0.2,$1.04B,$0.62B,59.69%,$1.04B,$0.24B,22.55%,$1.04B,$0.24B,22.55%,$1.04B,$0.26B,25.34%,$1.04B,$0.23B,22.07%,$1.04B,$0.17B,16.12%,$0.17B,$0.51B,38.27%,$0.17B,$0.12B,346.39%,$0.17B,$0.99B,17.86%,$0.24B,$0.60B,40.59%,$290,$120,$170,$0,$95,$217,$73,$-0,$73,$20,$54,$54,$54,$80,$73,$68,68,$0.81,$0.80,$50,$118,$0,$451,$116,$0,$390,$29,$535,$986,$192,$99,$23,$289,$481,$12,$798,$-66,$505,$986,$168,$29,$28,$56,$-51,$-15,$7,$-41,$-74,$140,$-14,$0,$-20,$-8,$0,$-8,$0,$-41,$-51,$1,$-50,$-11,$-11,$-26,$8,$-79,$24,$8,$-26
32,2010-07-31,28.92,$6.70,4.31,$14.48,2.0,$4.23,6.84,$-1.45,0.0,$0.43B,$0.19B,2.27,$0.15B,$0.46B,0.33,$0.99B,$0.59B,59.56%,$0.99B,$-0.04B,-3.54%,$0.99B,$-0.04B,-3.54%,$0.99B,$0.24B,24.06%,$0.99B,$-0.04B,-4.04%,$0.99B,$-0.10B,-9.61%,$-0.10B,$0.46B,-23.44%,$-0.10B,$0.07B,-584.62%,$-0.10B,$0.96B,-10.36%,$-0.04B,$0.61B,-6.26%,$279,$113,$166,$0,$98,$211,$68,$-1,$66,$11,$55,$55,$55,$75,$68,$68,69,$0.81,$0.80,$49,$120,$0,$433,$113,$0,$389,$27,$529,$963,$191,$152,$165,$317,$508,$12,$751,$-75,$455,$963,$114,$22,$21,$43,$0,$0,$0,$-91,$-91,$67,$-8,$-1,$-18,$-1,$0,$-1,$0,$-28,$6,$1,$7,$-3,$-3,$-19,$6,$-9,$29,$7,$-19
33,2010-04-30,32.85,$6.04,5.44,$13.49,2.43,$5.13,6.41,$-1.90,0.0,$0.37B,$0.17B,2.16,$0.17B,$0.41B,0.42,$0.92B,$0.55B,59.50%,$0.92B,$-0.07B,-7.21%,$0.92B,$-0.07B,-7.21%,$0.92B,$0.21B,22.71%,$0.92B,$-0.07B,-7.64%,$0.92B,$-0.13B,-13.76%,$-0.13B,$0.41B,-28.16%,$-0.13B,$0.02B,16800.00%,$-0.13B,$0.92B,-13.23%,$-0.07B,$0.58B,-10.77%,$252,$98,$154,$0,$96,$194,$58,$-1,$56,$24,$32,$32,$32,$65,$58,$68,69,$0.48,$0.47,$35,$113,$0,$374,$114,$0,$390,$26,$543,$917,$173,$172,$159,$332,$505,$12,$702,$-76,$412,$917,$59,$15,$0,$15,$0,$0,$0,$-56,$-56,$19,$-4,$0,$-18,$-1,$0,$-1,$0,$-23,$17,$2,$20,$8,$8,$-13,$6,$21,$15,$3,$-13
34,2010-01-31,25.79,$5.67,4.54,$12.65,2.04,$6.06,4.26,$-2.16,0.0,$0.35B,$0.16B,2.12,$0.14B,$0.38B,0.36,$0.85B,$0.49B,57.91%,$0.85B,$-0.11B,-12.31%,$0.85B,$-0.11B,-12.31%,$0.85B,$0.17B,19.93%,$0.85B,$-0.11B,-12.66%,$0.85B,$-0.14B,-16.88%,$-0.14B,$0.38B,-29.45%,$-0.14B,$-0.01B,834.78%,$-0.14B,$0.90B,-14.50%,$-0.11B,$0.52B,-15.70%,$221,$89,$132,$0,$95,$184,$36,$-1,$35,$9,$27,$27,$27,$44,$36,$67,68,$0.40,$0.39,$29,$105,$0,$347,$116,$0,$393,$25,$550,$896,$164,$137,$211,$349,$512,$12,$676,$-68,$384,$896,$27,$8,$0,$8,$0,$0,$0,$15,$15,$49,$-2,$0,$-19,$-1,$0,$-1,$0,$-21,$-16,$1,$-15,$3,$3,$-6,$2,$-17,$10,$1,$-6
35,2009-10-31,23.99,$5.49,4.37,$12.20,1.97,$5.82,4.12,$-2.39,0.0,$0.35B,$0.16B,2.22,$0.16B,$0.37B,0.42,$0.82B,$0.47B,57.26%,$0.82B,$-0.13B,-15.63%,$0.82B,$-0.13B,-15.63%,$0.82B,$0.15B,17.95%,$0.82B,$-0.13B,-15.38%,$0.82B,$-0.16B,-19.54%,$-0.16B,$0.37B,-29.99%,$-0.16B,$-0.01B,537.82%,$-0.16B,$0.89B,-15.25%,$-0.13B,$0.53B,-18.38%,$237,$100,$137,$0,$88,$434,$-197,$-1,$-197,$12,$-209,$-209,$-209,$54,$-197,$67,67,$-3.11,$-3.11,$19,$98,$0,$347,$118,$0,$384,$24,$544,$891,$156,$155,$25,$364,$521,$12,$656,$-55,$370,$891,$-160,$274,$1,$275,$42,$23,$-10,$-10,$30,$169,$-4,$0,$0,$-0,$0,$-0,$0,$-4,$-91,$-41,$-132,$-4,$-4,$-25,$0,$-161,$7,$-1,$-25
36,2009-07-31,20.34,$9.29,2.19,$13.00,1.56,$4.68,4.35,$1.18,17.31,$0.33B,$0.13B,2.63,$0.20B,$0.62B,0.32,$0.88B,$0.49B,56.14%,$0.88B,$0.12B,13.30%,$0.88B,$0.12B,13.30%,$0.88B,$0.15B,17.05%,$0.88B,$0.12B,13.18%,$0.88B,$0.08B,9.09%,$0.08B,$0.62B,13.69%,$0.08B,$-0.00B,-203.82%,$0.08B,$1.11B,7.15%,$0.12B,$0.82B,15.19%,$206,$85,$122,$0,$84,$169,$37,$-2,$36,$12,$24,$24,$24,$45,$37,$67,67,$0.36,$0.36,$21,$107,$0,$332,$125,$0,$626,$24,$775,$1106,$126,$197,$158,$356,$482,$12,$872,$-13,$624,$1106,$49,$24,$-3,$21,$0,$0,$0,$49,$49,$119,$-1,$0,$0,$0,$0,$0,$0,$-1,$-46,$-40,$-86,$-7,$-7,$-18,$0,$-111,$9,$-2,$-18
37,2009-04-30,16.36,$8.60,1.9,$14.09,1.16,$3.95,4.15,$1.29,12.73,$0.31B,$0.12B,2.5,$0.23B,$0.58B,0.4,$0.96B,$0.53B,55.51%,$0.96B,$0.13B,13.62%,$0.96B,$0.13B,13.62%,$0.96B,$0.16B,17.05%,$0.96B,$0.13B,13.62%,$0.96B,$0.09B,9.15%,$0.09B,$0.58B,15.01%,$0.09B,$-0.04B,-217.28%,$0.09B,$1.08B,7.68%,$0.13B,$0.81B,17.72%,$189,$86,$103,$0,$79,$170,$19,$-1,$18,$4,$14,$14,$14,$27,$19,$67,67,$0.21,$0.21,$20,$108,$0,$310,$127,$0,$622,$22,$770,$1080,$124,$230,$148,$378,$502,$12,$854,$-40,$578,$1080,$25,$16,$-6,$10,$0,$0,$0,$41,$41,$76,$1,$0,$0,$0,$0,$0,$0,$1,$-11,$-39,$-50,$-7,$-7,$-12,$0,$-69,$8,$-3,$-12
38,2009-01-31,13.52,$8.37,1.61,$15.59,0.87,$3.61,3.75,$1.57,8.64,$0.35B,$0.34B,1.03,$0.07B,$0.56B,0.12,$1.07B,$0.60B,55.95%,$1.07B,$0.17B,15.56%,$1.07B,$0.17B,15.56%,$1.07B,$0.20B,18.65%,$1.07B,$0.16B,15.37%,$1.07B,$0.11B,10.03%,$0.11B,$0.56B,18.16%,$0.11B,$-0.06B,-259.39%,$0.11B,$1.12B,9.05%,$0.17B,$0.63B,23.61%,$187,$79,$107,$0,$86,$174,$13,$4,$17,$6,$11,$11,$11,$21,$13,$67,67,$0.17,$0.17,$19,$124,$0,$347,$131,$0,$621,$21,$773,$1120,$337,$69,$152,$221,$557,$12,$846,$-48,$562,$1120,$11,$8,$-5,$3,$0,$0,$0,$14,$14,$28,$3,$0,$0,$0,$0,$0,$0,$3,$19,$-29,$-10,$-7,$-7,$-6,$0,$-23,$7,$-3,$-6
39,2008-10-31,16.43,$8.52,1.93,$16.39,1.0,$3.28,5.0,$1.71,9.61,$0.38B,$0.20B,1.88,$0.25B,$0.57B,0.43,$1.13B,$0.63B,56.00%,$1.13B,$0.19B,16.80%,$1.13B,$0.19B,16.80%,$1.13B,$0.22B,19.73%,$1.13B,$0.18B,15.91%,$1.13B,$0.12B,10.40%,$0.12B,$0.57B,19.97%,$0.12B,$-0.05B,-241.24%,$0.12B,$1.17B,9.71%,$0.19B,$0.82B,27.46%,$298,$135,$162,$0,$109,$249,$48,$-3,$45,$15,$31,$31,$31,$57,$48,$67,69,$0.46,$0.46,$12,$118,$0,$384,$134,$0,$626,$23,$782,$1167,$204,$245,$39,$389,$593,$12,$841,$-41,$574,$1167,$118,$32,$8,$40,$-8,$-5,$-8,$-3,$-21,$114,$-24,$0,$-8,$0,$0,$0,$0,$-32,$-90,$23,$-68,$-19,$-19,$-25,$9,$-103,$-19,$9,$-25
40,2008-07-31,31.33,$9.24,3.39,$16.31,1.92,$3.45,9.07,$1.70,18.49,$0.42B,$0.37B,1.12,$0.07B,$0.63B,0.11,$1.12B,$0.63B,56.17%,$1.12B,$0.19B,16.99%,$1.12B,$0.19B,16.99%,$1.12B,$0.22B,19.77%,$1.12B,$0.18B,15.92%,$1.12B,$0.12B,10.38%,$0.12B,$0.63B,20.17%,$0.12B,$-0.01B,-185.60%,$0.12B,$1.22B,9.53%,$0.19B,$0.70B,30.46%,$288,$126,$162,$0,$111,$237,$51,$-1,$51,$18,$32,$32,$32,$59,$51,$68,69,$0.48,$0.47,$25,$136,$0,$416,$136,$0,$637,$26,$800,$1216,$370,$69,$147,$215,$585,$12,$816,$24,$631,$1216,$87,$24,$4,$27,$0,$0,$0,$-27,$-27,$87,$-15,$0,$-4,$0,$0,$0,$0,$-19,$-106,$41,$-65,$-1,$-1,$-18,$9,$-76,$-7,$7,$-18
41,2008-04-30,26.11,$8.76,2.98,$15.91,1.64,$3.32,7.86,$1.59,16.42,$0.43B,$0.41B,1.05,$0.07B,$0.59B,0.12,$1.09B,$0.61B,56.16%,$1.09B,$0.18B,16.54%,$1.09B,$0.18B,16.54%,$1.09B,$0.21B,19.39%,$1.09B,$0.16B,14.98%,$1.09B,$0.11B,10.02%,$0.11B,$0.59B,20.07%,$0.11B,$-0.05B,-121.79%,$0.11B,$1.23B,9.10%,$0.18B,$0.66B,31.02%,$294,$128,$166,$0,$112,$240,$54,$-3,$51,$18,$33,$33,$33,$62,$54,$67,68,$0.50,$0.49,$28,$140,$0,$427,$134,$0,$637,$28,$799,$1225,$405,$73,$158,$231,$635,$12,$790,$25,$590,$1225,$54,$16,$4,$20,$0,$0,$0,$-10,$-10,$64,$-9,$0,$-1,$0,$0,$0,$0,$-10,$-63,$20,$-43,$-7,$-7,$-12,$2,$-60,$-3,$5,$-12
42,2008-01-31,21.98,$8.16,2.69,$15.13,1.45,$2.94,7.48,$1.41,15.59,$0.42B,$0.49B,0.86,$0.02B,$0.55B,0.04,$1.04B,$0.58B,55.75%,$1.04B,$0.16B,15.46%,$1.04B,$0.16B,15.46%,$1.04B,$0.19B,18.36%,$1.04B,$0.14B,13.91%,$1.04B,$0.10B,9.37%,$0.10B,$0.55B,18.85%,$0.10B,$-0.09B,-86.41%,$0.10B,$1.21B,8.27%,$0.16B,$0.57B,29.34%,$245,$105,$140,$0,$103,$208,$36,$-4,$32,$11,$21,$21,$21,$44,$36,$67,68,$0.32,$0.31,$41,$136,$0,$417,$132,$0,$637,$27,$797,$1214,$486,$23,$156,$179,$665,$12,$763,$13,$549,$1214,$21,$8,$2,$10,$0,$0,$0,$-22,$-22,$13,$-4,$0,$-1,$0,$0,$0,$0,$-4,$-1,$12,$11,$-5,$-5,$-6,$1,$-0,$10,$3,$-6
43,2007-10-31,23.5,$7.88,2.98,$14.54,1.62,$2.95,7.98,$1.33,17.67,$0.41B,$0.51B,0.8,$0.03B,$0.53B,0.06,$0.99B,$0.56B,55.84%,$0.99B,$0.15B,15.29%,$0.99B,$0.15B,15.29%,$0.99B,$0.18B,18.11%,$0.99B,$0.14B,13.58%,$0.99B,$0.09B,9.26%,$0.09B,$0.53B,18.78%,$0.09B,$-0.11B,-78.80%,$0.09B,$1.21B,8.14%,$0.15B,$0.56B,28.86%,$291,$131,$160,$0,$111,$242,$49,$-4,$44,$15,$30,$30,$30,$56,$49,$67,68,$0.44,$0.43,$31,$120,$0,$410,$133,$0,$639,$29,$802,$1212,$510,$30,$41,$171,$681,$12,$748,$8,$531,$1212,$91,$28,$2,$30,$-4,$-1,$5,$2,$-7,$124,$-23,$0,$-325,$0,$0,$0,$0,$-348,$220,$1,$221,$0,$0,$-23,$4,$202,$-18,$8,$-23
44,2007-07-31,20.03,$7.43,2.69,$13.82,1.45,$3.03,6.6,$1.31,15.35,$0.38B,$0.48B,0.78,$0.02B,$0.50B,0.05,$0.95B,$0.53B,56.51%,$0.95B,$0.14B,15.24%,$0.95B,$0.14B,15.24%,$0.95B,$0.17B,18.20%,$0.95B,$0.13B,13.76%,$0.95B,$0.09B,9.52%,$0.09B,$0.50B,19.35%,$0.09B,$-0.12B,-133.83%,$0.09B,$1.14B,8.71%,$0.14B,$0.53B,28.39%,$258,$113,$145,$0,$104,$217,$41,$-5,$36,$11,$25,$25,$25,$49,$41,$67,68,$0.37,$0.36,$31,$116,$0,$377,$119,$0,$617,$27,$763,$1140,$482,$23,$119,$156,$638,$12,$724,$1,$502,$1140,$61,$20,$-1,$19,$0,$0,$0,$-6,$-6,$79,$-18,$0,$-281,$0,$0,$0,$0,$-299,$-8,$219,$210,$4,$4,$-18,$4,$201,$-18,$6,$-18
45,2007-04-30,20.0,$7.07,2.83,$13.33,1.5,$3.10,6.46,$1.31,15.32,$0.38B,$0.48B,0.79,$0.05B,$0.48B,0.1,$0.91B,$0.52B,56.63%,$0.91B,$0.14B,15.33%,$0.91B,$0.14B,15.33%,$0.91B,$0.17B,18.07%,$0.91B,$0.13B,14.13%,$0.91B,$0.09B,9.86%,$0.09B,$0.48B,20.36%,$0.09B,$-0.14B,-400.00%,$0.09B,$1.13B,9.49%,$0.14B,$0.52B,27.85%,$241,$109,$132,$0,$97,$207,$34,$-2,$32,$11,$21,$21,$21,$41,$34,$68,68,$0.31,$0.31,$28,$113,$0,$376,$117,$0,$614,$20,$751,$1127,$478,$47,$120,$173,$651,$12,$706,$-2,$476,$1127,$37,$13,$1,$14,$0,$0,$0,$-10,$-10,$48,$-18,$0,$-282,$0,$0,$0,$0,$-301,$-3,$240,$238,$2,$2,$-12,$3,$231,$-21,$4,$-12
46,2007-01-31,22.48,$6.69,3.36,$13.11,1.71,$3.15,7.14,$1.32,17.03,$0.35B,$0.42B,0.84,$0.05B,$0.45B,0.11,$0.90B,$0.52B,57.33%,$0.90B,$0.15B,16.11%,$0.90B,$0.15B,16.11%,$0.90B,$0.17B,18.78%,$0.90B,$0.13B,14.78%,$0.90B,$0.09B,10.11%,$0.09B,$0.45B,21.59%,$0.09B,$-0.11B,383.16%,$0.09B,$1.04B,10.43%,$0.15B,$0.50B,29.25%,$204,$86,$118,$0,$89,$176,$28,$-5,$23,$8,$16,$16,$16,$34,$28,$67,68,$0.24,$0.23,$30,$114,$0,$353,$114,$0,$557,$20,$690,$1043,$421,$47,$118,$172,$592,$12,$691,$-11,$451,$1043,$16,$6,$-1,$5,$0,$0,$0,$-16,$-16,$18,$-8,$0,$-227,$0,$0,$0,$0,$-235,$-1,$199,$198,$3,$3,$-6,$3,$198,$-19,$2,$-6
47,2006-10-31,19.94,$6.44,3.1,$13.04,1.53,$3.16,6.3,$1.33,15.05,$0.35B,$0.24B,1.44,$0.05B,$0.43B,0.12,$0.89B,$0.51B,57.33%,$0.89B,$0.15B,16.46%,$0.89B,$0.15B,16.46%,$0.89B,$0.17B,19.15%,$0.89B,$0.14B,15.23%,$0.89B,$0.09B,10.19%,$0.09B,$0.43B,22.81%,$0.09B,$0.09B,168.52%,$0.09B,$0.82B,11.29%,$0.15B,$0.48B,30.18%,$242,$102,$139,$0,$98,$200,$41,$-3,$39,$9,$29,$29,$28,$48,$41,$67,68,$0.42,$0.41,$49,$84,$0,$347,$105,$0,$341,$19,$476,$823,$241,$52,$32,$151,$392,$12,$681,$-13,$431,$823,$91,$23,$-3,$20,$-25,$-2,$-1,$5,$1,$120,$-13,$0,$5,$0,$0,$0,$0,$-7,$-60,$-4,$-64,$-1,$-1,$-22,$9,$-78,$38,$7,$-22
