,Date,Stock Price,Book Value per Share,Price to Book Ratio,TTM Sales per Share,Price to Sales Ratio,TTM FCF per Share,Price to FCF Ratio,TTM Net EPS,PE Ratio,Current Assets,Current Liabilities,Current Ratio,Long Term Debt,Shareholder's Equity_x,Debt to Equity Ratio,TTM Revenue_x,TTM Gross Profit,Gross Margin,TTM Revenue_y,TTM Operating Income,Operating Margin,TTM Revenue_x,TTM EBIT,EBIT Margin,TTM Revenue_y,TTM EBITDA,EBITDA Margin,TTM Revenue_x,TTM Pre-Tax Income,Pre-Tax Margin,TTM Revenue_y,TTM Net Income_x,Net Margin,TTM Net Income_y,Shareholder's Equity_y,Return on Equity,TTM Net Income_x,Tangible Equity,Return on Tangible Equity,TTM Net Income_y,Total Assets,Return on Assets,TTM Net Income,LT Investments & Debt,Return on Investment,revenue,cost-goods-sold,gross-profit,research-development-expenses,selling-general-administrative-expenses,operating-expenses,operating-income,total-non-operating-income-expense,pre-tax-income,total-provision-income-taxes,income-after-taxes,income-from-continuous-operations,net-income,ebitda,ebit,basic-shares-outstanding,shares-outstanding,eps-basic-net-earnings-per-share,eps-earnings-per-share-diluted,cash-on-hand,inventory,other-current-assets,total-current-assets,net-property-plant-equipment,long-term-investments,goodwill-intangible-assets-total,other-long-term-assets,total-long-term-assets,total-assets,total-current-liabilities,long-term-debt,other-non-current-liabilities,total-long-term-liabilities,total-liabilities,common-stock-net,retained-earnings-accumulated-deficit,comprehensive-income,total-share-holder-equity,total-liabilities-share-holders-equity,net-income-loss,total-depreciation-amortization-cash-flow,other-non-cash-items,total-non-cash-items,change-in-accounts-receivable,change-in-inventories,change-in-accounts-payable,change-in-assets-liabilities,total-change-in-assets-liabilities,cash-flow-from-operating-activities,net-change-in-property-plant-equipment,net-change-in-intangible-assets,net-acquisitions-divestitures,net-change-in-short-term-investments,net-change-in-long-term-investments,net-change-in-investments-total,investing-activities-other,cash-flow-from-investing-activities,net-long-term-debt,net-current-debt,debt-issuance-retirement-net-total,net-common-equity-issued-repurchased,net-total-equity-issued-repurchased,total-common-preferred-stock-dividends-paid,financial-activities-other,cash-flow-from-financial-activities,net-cash-flow,stock-based-compensation,common-stock-dividends-paid
0,2018-09-30,15.35,$3.26,4.7,$3.30,4.65,$0.51,30.19,$0.09,170.56,$0.19B,$0.05B,4.13,$0.10B,$0.30B,0.32,$0.28B,$0.14B,48.21%,$0.28B,$0.01B,3.93%,$0.28B,$0.01B,3.93%,$0.28B,$0.03B,11.79%,$0.28B,$0.00B,1.07%,$0.28B,$0.01B,2.50%,$0.01B,$0.30B,3.44%,$0.01B,$0.09B,-44.44%,$0.01B,$0.46B,1.87%,$0.01B,$0.40B,3.60%,$69,$37,$32,$0,$28,$65,$4,$-2,$2,$0,$2,$2,$2,$10,$4,$87,91,$0.02,$0.02,$118,$7,$6,$194,$41,$0,$217,$3,$261,$455,$47,$96,$1,$105,$152,$0,$-52,$1,$304,$455,$2,$16,$5,$22,$-2,$1,$0,$-2,$5,$29,$-11,$0,$0,$0,$0,$0,$0,$-11,$-3,$0,$-3,$141,$91,$0,$-1,$87,$106,$5,$0
1,2018-06-30,13.11,$2.01,6.52,$3.29,3.99,$0.33,39.23,$-0.03,0.0,$0.08B,$0.05B,1.74,$0.13B,$0.16B,0.77,$0.27B,$0.13B,47.41%,$0.27B,$0.01B,1.85%,$0.27B,$0.01B,1.85%,$0.27B,$0.03B,10.00%,$0.27B,$-0.00B,-0.74%,$0.27B,$-0.00B,-0.74%,$-0.00B,$0.16B,-1.18%,$-0.00B,$-0.05B,3.92%,$-0.00B,$0.35B,-0.58%,$0.01B,$0.29B,1.84%,$68,$37,$31,$1,$29,$67,$1,$-2,$-1,$-0,$-0,$-0,$6,$6,$1,$81,90,$0.07,$0.07,$9,$7,$6,$83,$43,$0,$218,$1,$263,$346,$48,$126,$1,$134,$182,$0,$-54,$0,$164,$346,$0,$11,$4,$15,$-0,$1,$0,$-3,$6,$21,$-9,$0,$0,$0,$0,$0,$0,$-9,$20,$10,$30,$6,$-45,$0,$-1,$-15,$-3,$4,$0
2,2018-03-31,8.16,$2.14,3.81,$3.32,2.46,$0.16,50.09,$-0.13,0.0,$0.09B,$0.04B,2.03,$0.09B,$0.17B,0.53,$0.26B,$0.12B,46.97%,$0.26B,$0.01B,2.27%,$0.26B,$0.01B,2.27%,$0.26B,$0.03B,10.98%,$0.26B,$-0.00B,-0.38%,$0.26B,$-0.01B,-3.79%,$-0.01B,$0.17B,-5.85%,$-0.01B,$-0.05B,19.80%,$-0.01B,$0.35B,-2.90%,$0.01B,$0.26B,2.25%,$63,$36,$27,$1,$24,$61,$3,$-1,$1,$0,$1,$1,$-2,$8,$3,$81,81,$-0.03,$-0.03,$15,$8,$7,$88,$40,$0,$220,$1,$262,$349,$43,$91,$1,$133,$177,$0,$-60,$0,$173,$349,$1,$5,$2,$7,$2,$-0,$0,$-2,$7,$14,$-5,$0,$0,$0,$0,$0,$0,$-5,$-8,$0,$-8,$0,$0,$0,$0,$-7,$2,$2,$0
3,2017-12-31,8.86,$2.14,4.15,$3.26,2.72,$-0.02,0.0,$-0.14,0.0,$0.09B,$0.04B,2.36,$0.10B,$0.17B,0.56,$0.26B,$0.12B,46.51%,$0.26B,$0.00B,0.78%,$0.26B,$0.00B,0.78%,$0.26B,$0.03B,10.08%,$0.26B,$-0.00B,-1.55%,$0.26B,$-0.01B,-4.65%,$-0.01B,$0.17B,-6.81%,$-0.01B,$-0.05B,26.23%,$-0.01B,$0.34B,-3.50%,$0.00B,$0.27B,0.73%,$80,$35,$45,$1,$41,$77,$3,$-2,$1,$-3,$4,$4,$1,$9,$3,$79,79,$0.03,$0.03,$13,$7,$5,$86,$37,$0,$221,$1,$259,$344,$36,$96,$0,$136,$172,$0,$-58,$0,$172,$344,$-1,$23,$26,$49,$-24,$-1,$0,$-0,$-31,$18,$-14,$0,$0,$0,$0,$0,$0,$-14,$-9,$2,$-7,$3,$3,$0,$0,$-4,$0,$6,$0
4,2017-09-30,11.13,$2.11,5.27,$3.04,3.66,$0.11,102.58,$-0.35,0.0,$0.09B,$0.04B,2.14,$0.10B,$0.17B,0.57,$0.24B,$0.10B,42.86%,$0.24B,$-0.00B,-1.68%,$0.24B,$-0.00B,-1.68%,$0.24B,$0.02B,9.66%,$0.24B,$-0.01B,-5.46%,$0.24B,$-0.03B,-11.34%,$-0.03B,$0.17B,-15.49%,$-0.03B,$-0.05B,55.67%,$-0.03B,$0.34B,-7.91%,$-0.00B,$0.27B,-1.46%,$59,$34,$25,$1,$25,$61,$-2,$-1,$-3,$1,$-4,$-4,$-7,$4,$-2,$80,80,$-0.09,$-0.09,$12,$6,$5,$86,$35,$0,$223,$0,$258,$344,$40,$97,$0,$134,$174,$0,$-60,$0,$170,$344,$-5,$17,$7,$24,$-8,$-0,$0,$-2,$-7,$12,$-10,$0,$0,$0,$0,$0,$0,$-10,$-4,$0,$-4,$2,$2,$0,$0,$-2,$-0,$6,$0
5,2017-06-30,8.96,$2.13,4.21,$3.07,2.92,$0.29,30.72,$-0.32,0.0,$0.08B,$0.04B,2.37,$0.10B,$0.17B,0.6,$0.24B,$0.10B,43.33%,$0.24B,$-0.00B,-0.42%,$0.24B,$-0.00B,-0.42%,$0.24B,$0.03B,11.25%,$0.24B,$-0.01B,-4.17%,$0.24B,$-0.03B,-10.83%,$-0.03B,$0.17B,-13.45%,$-0.03B,$-0.05B,85.25%,$-0.03B,$0.34B,-7.56%,$-0.00B,$0.27B,-0.35%,$62,$35,$27,$1,$25,$60,$2,$-1,$0,$-0,$0,$0,$-2,$8,$2,$79,79,$-0.03,$-0.03,$11,$5,$5,$83,$36,$0,$221,$0,$257,$340,$35,$101,$0,$136,$171,$0,$-52,$0,$169,$340,$-1,$12,$3,$15,$-6,$1,$0,$-1,$-9,$5,$-8,$0,$0,$0,$0,$0,$0,$-8,$-5,$5,$0,$1,$1,$0,$-0,$1,$-2,$3,$0
6,2017-03-31,7.89,$2.45,3.22,$3.10,2.54,$0.44,17.86,$-0.36,0.0,$0.09B,$0.04B,2.12,$0.10B,$0.17B,0.61,$0.24B,$0.11B,43.98%,$0.24B,$-0.00B,-0.41%,$0.24B,$-0.00B,-0.41%,$0.24B,$0.03B,11.20%,$0.24B,$-0.01B,-3.73%,$0.24B,$-0.03B,-12.03%,$-0.03B,$0.19B,-13.70%,$-0.03B,$-0.03B,203.51%,$-0.03B,$0.34B,-8.36%,$-0.00B,$0.30B,-0.34%,$57,$34,$23,$1,$23,$58,$-1,$-1,$-2,$-1,$-1,$-1,$-4,$5,$-1,$79,79,$-0.05,$-0.05,$11,$6,$6,$85,$37,$0,$222,$0,$259,$344,$40,$102,$0,$110,$150,$0,$-49,$0,$194,$344,$-1,$6,$1,$7,$-6,$0,$0,$-1,$-7,$-2,$-3,$0,$0,$0,$0,$0,$0,$-3,$3,$0,$3,$1,$1,$0,$-0,$3,$-1,$1,$0
7,2016-12-31,8.57,$2.08,4.11,$3.16,2.71,$0.58,14.75,$-0.39,0.0,$0.08B,$0.04B,2.07,$0.10B,$0.16B,0.6,$0.24B,$0.11B,45.08%,$0.24B,$0.00B,0.82%,$0.24B,$0.00B,0.82%,$0.24B,$0.03B,12.30%,$0.24B,$-0.01B,-2.87%,$0.24B,$-0.03B,-12.30%,$-0.03B,$0.16B,-13.44%,$-0.03B,$-0.06B,571.43%,$-0.03B,$0.34B,-8.63%,$0.00B,$0.26B,0.69%,$60,$33,$27,$1,$26,$63,$-3,$-5,$-8,$-2,$-6,$-6,$-14,$6,$-3,$78,78,$-0.18,$-0.18,$13,$6,$5,$79,$34,$0,$224,$0,$258,$337,$38,$97,$0,$135,$173,$0,$-52,$0,$164,$337,$-6,$27,$22,$49,$-18,$-1,$0,$0,$-21,$21,$-8,$0,$1,$0,$0,$0,$0,$-7,$15,$13,$28,$4,$-51,$0,$-2,$-26,$-11,$5,$0
8,2016-09-30,8.22,$3.14,2.62,$2.83,2.91,$0.47,17.48,$-0.24,0.0,$0.09B,$0.04B,2.62,$0.06B,$0.20B,0.29,$0.21B,$0.10B,45.02%,$0.21B,0,0.00%,$0.21B,0,0.00%,$0.21B,$0.02B,9.95%,$0.21B,$-0.00B,-0.95%,$0.21B,$-0.02B,-8.53%,$-0.02B,$0.25B,-7.67%,$-0.02B,$0.02B,-514.29%,$-0.02B,$0.36B,-5.12%,$0.00B,$0.30B,0.00%,$61,$33,$27,$1,$25,$59,$1,$-1,$-0,$-0,$-0,$-0,$-6,$8,$1,$78,78,$-0.07,$-0.07,$29,$6,$7,$93,$34,$0,$229,$0,$263,$355,$35,$58,$0,$74,$109,$0,$-38,$0,$246,$355,$1,$18,$12,$30,$-9,$-1,$0,$-2,$-9,$22,$-5,$0,$0,$0,$0,$0,$0,$-5,$-14,$0,$-14,$3,$3,$0,$0,$-11,$6,$4,$0
9,2016-06-30,8.04,$3.12,2.57,$2.47,3.26,$0.30,26.51,$-0.17,0.0,$0.09B,$0.04B,2.5,$0.06B,$0.20B,0.28,$0.18B,$0.08B,45.14%,$0.18B,$-0.00B,-0.57%,$0.18B,$-0.00B,-0.57%,$0.18B,$0.02B,8.57%,$0.18B,$-0.00B,-1.14%,$0.18B,$-0.01B,-6.86%,$-0.01B,$0.24B,-6.36%,$-0.01B,$0.01B,-94.12%,$-0.01B,$0.35B,-4.23%,$-0.00B,$0.30B,-0.43%,$63,$35,$29,$1,$25,$61,$2,$-1,$1,$0,$0,$0,$-5,$8,$2,$77,77,$-0.07,$-0.07,$22,$6,$7,$88,$34,$0,$230,$0,$264,$352,$35,$57,$0,$73,$108,$0,$-33,$0,$243,$352,$1,$11,$8,$19,$-10,$-0,$0,$-1,$-8,$12,$-3,$0,$0,$0,$0,$0,$0,$-3,$-3,$-10,$-13,$2,$2,$0,$0,$-10,$-2,$2,$0
10,2016-03-31,6.74,$3.12,2.16,$2.05,3.28,$0.20,33.15,$-0.10,0.0,$0.08B,$0.03B,2.37,$0.06B,$0.21B,0.27,$0.14B,$0.06B,44.85%,$0.14B,$-0.00B,-2.21%,$0.14B,$-0.00B,-2.21%,$0.14B,$0.01B,6.62%,$0.14B,$-0.00B,-2.21%,$0.14B,$-0.01B,-5.15%,$-0.01B,$0.24B,-4.89%,$-0.01B,$0.01B,-30.43%,$-0.01B,$0.35B,-3.24%,$-0.00B,$0.30B,-1.72%,$60,$33,$27,$1,$24,$58,$2,$-2,$0,$0,$0,$0,$-5,$8,$2,$76,76,$-0.07,$-0.07,$19,$5,$7,$81,$34,$0,$232,$0,$266,$347,$34,$56,$0,$72,$107,$0,$-27,$0,$240,$347,$0,$6,$3,$9,$-4,$-0,$0,$-0,$-2,$7,$-1,$0,$0,$0,$0,$0,$0,$-1,$-1,$-10,$-11,$1,$1,$0,$-0,$-10,$-4,$1,$0
11,2015-12-31,7.87,$2.76,2.85,$1.65,4.77,$0.10,81.39,$-0.04,0.0,$0.08B,$0.04B,2.06,$0.06B,$0.21B,0.27,$0.10B,$0.04B,44.44%,$0.10B,$-0.01B,-6.06%,$0.10B,$-0.01B,-6.06%,$0.10B,$0.00B,2.02%,$0.10B,$-0.00B,-4.04%,$0.10B,$-0.00B,-3.03%,$-0.00B,$0.21B,-3.05%,$-0.00B,$-0.03B,-8.76%,$-0.00B,$0.35B,-2.00%,$-0.01B,$0.27B,-5.13%,$27,$15,$12,$2,$16,$32,$-5,$2,$-3,$-2,$-1,$-1,$-2,$-3,$-5,$61,61,$-0.03,$-0.03,$23,$5,$5,$82,$35,$0,$234,$0,$269,$351,$40,$57,$0,$102,$142,$0,$-22,$0,$210,$351,$-3,$7,$4,$11,$-3,$-1,$0,$-4,$-2,$6,$-2,$0,$-73,$0,$0,$0,$0,$-75,$51,$10,$61,$1,$1,$0,$-3,$58,$-10,$3,$0
12,2015-09-30,5.73,$1.02,5.61,$1.65,3.48,$0.13,44.38,$0.01,573.0,$0.06B,$0.02B,3.97,$0.01B,$0.06B,0.09,$0.10B,$0.04B,44.33%,$0.10B,0,0.00%,$0.10B,0,0.00%,$0.10B,$0.01B,8.25%,$0.10B,0,0.00%,$0.10B,0,0.00%,$0.00B,$0.06B,0.00%,$0.00B,$0.06B,0.00%,$0.00B,$0.08B,0.00%,$0.00B,$0.07B,0.00%,$25,$14,$11,$1,$10,$25,$0,$-0,$-0,$0,$-0,$-0,$-0,$2,$0,$61,61,$0.00,$0.00,$34,$3,$2,$61,$16,$0,$7,$0,$23,$84,$15,$6,$0,$7,$22,$0,$-20,$0,$62,$84,$-1,$5,$4,$9,$-3,$-0,$0,$-0,$-4,$4,$-2,$0,$0,$0,$0,$0,$0,$-2,$-3,$0,$-3,$1,$1,$0,$0,$-2,$0,$2,$0
13,2015-06-30,5.41,$1.01,5.38,$1.66,3.26,$0.19,28.21,0,0.0,$0.06B,$0.02B,3.94,$0.01B,$0.06B,0.1,$0.10B,$0.04B,44.21%,$0.10B,0,0.00%,$0.10B,0,0.00%,$0.10B,$0.01B,8.42%,$0.10B,0,0.00%,$0.10B,0,0.00%,$0.00B,$0.06B,0.00%,$0.00B,$0.05B,0.00%,$0.00B,$0.08B,0.00%,$0.00B,$0.07B,0.00%,$24,$14,$11,$1,$10,$24,$0,$-0,$-0,$0,$-0,$-0,$-0,$2,$0,$60,60,$0.00,$0.00,$33,$3,$1,$60,$16,$0,$7,$0,$23,$83,$15,$6,$0,$7,$22,$0,$-20,$0,$61,$83,$-1,$3,$2,$6,$-2,$-1,$0,$-0,$-3,$2,$-1,$0,$0,$0,$0,$0,$0,$-1,$-2,$0,$-2,$0,$0,$0,$0,$-1,$-1,$1,$0
14,2015-03-31,4.67,$1.00,4.68,$1.64,2.85,$0.24,19.31,$0.01,467.0,$0.06B,$0.01B,4.14,$0.01B,$0.06B,0.11,$0.09B,$0.04B,44.57%,$0.09B,$0.00B,1.09%,$0.09B,$0.00B,1.09%,$0.09B,$0.01B,8.70%,$0.09B,0,0.00%,$0.09B,0,0.00%,$0.00B,$0.06B,0.00%,$0.00B,$0.05B,0.00%,$0.00B,$0.08B,0.00%,$0.00B,$0.07B,1.79%,$23,$13,$10,$1,$9,$24,$-1,$-0,$-1,$0,$-1,$-1,$-1,$1,$-1,$60,60,$-0.01,$-0.01,$31,$3,$1,$57,$17,$0,$7,$0,$24,$81,$14,$6,$0,$7,$21,$0,$-20,$0,$60,$81,$-1,$2,$1,$3,$-2,$0,$0,$-0,$-3,$-1,$-1,$0,$0,$0,$0,$0,$0,$-1,$-1,$0,$-1,$0,$0,$0,$0,$-1,$-2,$0,$0
15,2014-12-31,4.17,$1.00,4.16,$1.60,2.61,$0.27,15.35,$0.02,208.5,$0.06B,$0.02B,4.02,$0.01B,$0.06B,0.09,$0.09B,$0.04B,45.98%,$0.09B,$0.00B,2.30%,$0.09B,$0.00B,2.30%,$0.09B,$0.01B,10.34%,$0.09B,$0.00B,1.15%,$0.09B,$0.00B,1.15%,$0.00B,$0.06B,2.44%,$0.00B,$0.05B,2.74%,$0.00B,$0.08B,1.63%,$0.00B,$0.07B,4.32%,$25,$14,$11,$0,$10,$24,$1,$-0,$1,$0,$1,$1,$1,$3,$1,$53,56,$0.02,$0.02,$34,$3,$1,$59,$15,$0,$7,$0,$22,$81,$15,$5,$0,$6,$21,$0,$-19,$0,$60,$81,$1,$6,$3,$9,$-3,$-0,$0,$0,$-1,$9,$-4,$0,$-6,$0,$0,$0,$0,$-10,$-4,$-4,$-8,$37,$37,$0,$0,$29,$29,$1,$0
16,2014-09-30,5.21,$0.98,5.29,$1.50,3.48,$0.17,29.89,$0.02,260.5,$0.06B,$0.01B,4.1,$0.01B,$0.06B,0.09,$0.08B,$0.04B,47.50%,$0.08B,$0.00B,2.50%,$0.08B,$0.00B,2.50%,$0.08B,$0.01B,10.00%,$0.08B,$0.00B,1.25%,$0.08B,$0.00B,1.25%,$0.00B,$0.06B,3.17%,$0.00B,$0.05B,3.57%,$0.00B,$0.08B,1.95%,$0.00B,$0.06B,5.56%,$23,$13,$10,$1,$9,$23,$-0,$-0,$-0,$0,$-0,$-0,$-0,$2,$-0,$54,54,$-0.01,$-0.01,$34,$3,$1,$57,$15,$0,$7,$0,$22,$79,$14,$5,$0,$6,$20,$0,$-20,$0,$59,$79,$0,$4,$3,$7,$0,$-1,$0,$0,$1,$8,$-3,$0,$-6,$0,$0,$0,$0,$-9,$-3,$-4,$-7,$37,$37,$0,$0,$30,$30,$1,$0
17,2014-06-30,3.32,$0.46,7.18,$1.39,2.39,$0.09,36.01,$0.05,66.4,$0.03B,$0.02B,1.84,$0.01B,$0.02B,0.2,$0.07B,$0.04B,48.65%,$0.07B,$0.00B,4.05%,$0.07B,$0.00B,4.05%,$0.07B,$0.01B,10.81%,$0.07B,$0.00B,2.70%,$0.07B,$0.00B,2.70%,$0.00B,$0.02B,9.20%,$0.00B,$0.02B,10.26%,$0.00B,$0.04B,4.97%,$0.00B,$0.03B,11.65%,$21,$10,$10,$1,$9,$20,$1,$-0,$0,$0,$0,$0,$0,$2,$1,$50,54,$0.01,$0.01,$5,$3,$1,$28,$13,$0,$2,$0,$16,$44,$15,$5,$0,$5,$21,$0,$-20,$0,$23,$44,$0,$3,$2,$5,$-2,$-0,$0,$0,$0,$5,$-2,$0,$0,$0,$0,$0,$0,$-2,$-2,$0,$-2,$1,$1,$0,$-2,$-3,$0,$0,$0
18,2014-03-31,3.47,$0.45,7.66,$1.30,2.68,$0.03,120.49,$0.05,69.4,$0.03B,$0.02B,1.85,$0.00B,$0.02B,0.18,$0.07B,$0.03B,47.83%,$0.07B,$0.00B,4.35%,$0.07B,$0.00B,4.35%,$0.07B,$0.01B,11.59%,$0.07B,$0.00B,2.90%,$0.07B,$0.00B,2.90%,$0.00B,$0.02B,9.64%,$0.00B,$0.02B,10.81%,$0.00B,$0.04B,5.30%,$0.00B,$0.03B,12.37%,$18,$9,$9,$1,$8,$18,$0,$-0,$0,$0,$0,$0,$0,$2,$0,$49,53,$0.00,$0.00,$5,$2,$1,$28,$11,$0,$3,$0,$14,$42,$15,$4,$0,$5,$20,$0,$-20,$0,$22,$42,$0,$1,$1,$2,$-1,$0,$0,$0,$-1,$1,$-1,$0,$0,$0,$0,$0,$0,$-1,$-1,$1,$-0,$1,$1,$0,$0,$0,$1,$0,$0
19,2013-12-31,3.62,$0.44,8.19,$1.26,2.87,$-0.00,0.0,$0.05,72.4,$0.03B,$0.01B,1.92,$0.00B,$0.02B,0.15,$0.07B,$0.03B,46.27%,$0.07B,$0.00B,4.48%,$0.07B,$0.00B,4.48%,$0.07B,$0.01B,10.45%,$0.07B,$0.00B,2.99%,$0.07B,$0.00B,2.99%,$0.00B,$0.02B,10.00%,$0.00B,$0.02B,11.43%,$0.00B,$0.04B,5.59%,$0.00B,$0.03B,13.04%,$18,$9,$9,$1,$7,$17,$1,$-0,$1,$0,$1,$1,$1,$2,$1,$48,53,$0.01,$0.01,$5,$2,$1,$27,$10,$0,$3,$0,$12,$40,$14,$3,$0,$4,$18,$0,$-21,$0,$22,$40,$2,$4,$4,$8,$-7,$-0,$0,$-1,$-8,$2,$-2,$0,$0,$0,$0,$0,$0,$-2,$-3,$-4,$-7,$10,$10,$0,$0,$3,$3,$1,$0
20,2013-09-30,3.0,$0.42,7.23,$1.22,2.46,$-0.07,0.0,$0.03,100.0,$0.02B,$0.01B,1.95,$0.00B,$0.02B,0.13,$0.06B,$0.03B,43.75%,$0.06B,$0.00B,3.13%,$0.06B,$0.00B,3.13%,$0.06B,$0.01B,9.38%,$0.06B,$0.00B,1.56%,$0.06B,$0.00B,1.56%,$0.00B,$0.02B,5.97%,$0.00B,$0.02B,7.02%,$0.00B,$0.04B,3.01%,$0.00B,$0.02B,10.13%,$17,$9,$8,$0,$7,$16,$1,$-0,$1,$0,$1,$1,$1,$2,$1,$49,53,$0.02,$0.02,$5,$2,$1,$24,$9,$0,$3,$0,$11,$35,$12,$3,$0,$3,$15,$0,$-21,$0,$20,$35,$1,$3,$2,$6,$-4,$-0,$0,$-0,$-4,$3,$-1,$0,$0,$0,$0,$0,$0,$-1,$-2,$-6,$-8,$9,$9,$0,$0,$2,$3,$1,$0
21,2013-06-30,3.98,$0.40,10.01,$1.22,3.27,$-0.16,0.0,$-0.01,0.0,$0.02B,$0.01B,1.92,$0.00B,$0.02B,0.15,$0.06B,$0.03B,42.62%,$0.06B,0,0.00%,$0.06B,0,0.00%,$0.06B,$0.00B,6.56%,$0.06B,$-0.00B,-1.64%,$0.06B,$-0.00B,-1.64%,$-0.00B,$0.02B,-7.14%,$-0.00B,$0.02B,-8.89%,$-0.00B,$0.03B,-3.15%,$0.00B,$0.02B,0.00%,$16,$8,$7,$1,$6,$15,$1,$-0,$0,$0,$0,$0,$0,$2,$1,$49,54,$0.01,$0.01,$5,$2,$1,$23,$8,$0,$3,$0,$11,$34,$12,$3,$0,$3,$15,$0,$-22,$0,$19,$34,$0,$2,$2,$4,$-3,$0,$0,$-0,$-4,$1,$-1,$0,$0,$0,$0,$0,$0,$-1,$-1,$-5,$-6,$9,$9,$0,$0,$3,$3,$1,$0
22,2013-03-31,3.93,$0.39,10.17,$1.26,3.13,$-0.18,0.0,$-0.01,0.0,$0.02B,$0.01B,1.9,$0.00B,$0.02B,0.15,$0.06B,$0.03B,42.62%,$0.06B,0,0.00%,$0.06B,0,0.00%,$0.06B,$0.00B,6.56%,$0.06B,0,0.00%,$0.06B,0,0.00%,$0.00B,$0.02B,0.00%,$0.00B,$0.02B,0.00%,$0.00B,$0.03B,0.00%,$0.00B,$0.02B,0.00%,$16,$8,$7,$1,$6,$15,$0,$-0,$0,$0,$0,$0,$0,$1,$0,$46,51,$0.00,$0.00,$5,$2,$1,$23,$8,$0,$3,$0,$11,$34,$12,$3,$0,$3,$15,$0,$-23,$0,$19,$34,$0,$1,$1,$2,$-2,$0,$0,$-0,$-4,$-1,$-0,$0,$0,$0,$0,$0,$0,$-0,$-1,$-4,$-5,$9,$9,$0,$0,$4,$3,$0,$0
23,2012-12-31,2.48,$0.20,12.19,$1.27,1.96,$-0.17,0.0,0,0.0,$0.02B,$0.02B,1.05,$0.00B,$0.01B,0.34,$0.06B,$0.03B,43.33%,$0.06B,$0.00B,1.67%,$0.06B,$0.00B,1.67%,$0.06B,$0.01B,8.33%,$0.06B,$0.00B,1.67%,$0.06B,$0.00B,1.67%,$0.00B,$0.01B,10.81%,$0.00B,$0.01B,16.00%,$0.00B,$0.03B,3.54%,$0.00B,$0.01B,8.00%,$15,$8,$6,$0,$6,$15,$0,$-0,$-0,$0,$-0,$-0,$-0,$1,$0,$45,49,$0.00,$0.00,$2,$2,$1,$19,$9,$0,$3,$0,$11,$30,$18,$3,$0,$3,$21,$0,$-23,$0,$9,$30,$0,$4,$4,$8,$-9,$-1,$0,$0,$-8,$-0,$-3,$-1,$0,$0,$0,$0,$0,$-4,$-2,$5,$2,$1,$1,$0,$1,$3,$-1,$1,$0
24,2012-09-30,3.01,$0.20,14.78,$1.26,2.38,$-0.13,0.0,0,0.0,$0.02B,$0.02B,1.03,$0.00B,$0.01B,0.37,$0.06B,$0.03B,44.83%,$0.06B,$0.00B,1.72%,$0.06B,$0.00B,1.72%,$0.06B,$0.01B,8.62%,$0.06B,$0.00B,1.72%,$0.06B,$0.00B,1.72%,$0.00B,$0.01B,11.76%,$0.00B,$0.01B,16.00%,$0.00B,$0.03B,3.88%,$0.00B,$0.01B,8.51%,$14,$8,$6,$1,$6,$15,$-1,$-0,$-1,$0,$-1,$-1,$-1,$0,$-1,$45,45,$-0.02,$-0.02,$2,$2,$1,$17,$9,$0,$3,$0,$12,$29,$17,$3,$0,$3,$20,$0,$-22,$0,$9,$29,$0,$3,$3,$6,$-7,$-1,$0,$0,$-7,$-0,$-2,$-1,$0,$0,$0,$0,$0,$-3,$-2,$4,$3,$1,$1,$0,$0,$3,$-1,$1,$0
25,2012-06-30,1.7,$0.22,7.9,$1.21,1.4,$-0.10,0.0,$0.02,85.0,$0.02B,$0.02B,1.1,$0.00B,$0.01B,0.33,$0.06B,$0.03B,45.45%,$0.06B,$0.00B,3.64%,$0.06B,$0.00B,3.64%,$0.06B,$0.01B,10.91%,$0.06B,$0.00B,3.64%,$0.06B,$0.00B,3.64%,$0.00B,$0.01B,26.67%,$0.00B,$0.01B,33.33%,$0.00B,$0.03B,8.79%,$0.00B,$0.01B,19.51%,$16,$8,$7,$1,$6,$15,$1,$-0,$1,$0,$1,$1,$1,$2,$1,$45,48,$0.01,$0.01,$3,$2,$1,$17,$8,$0,$3,$0,$11,$28,$15,$3,$0,$3,$18,$0,$-21,$0,$10,$28,$1,$2,$2,$4,$-5,$-0,$0,$0,$-5,$0,$-1,$-1,$0,$0,$0,$0,$0,$-2,$-1,$2,$1,$0,$0,$0,$0,$2,$-0,$0,$0
26,2012-03-31,1.69,$0.19,8.74,$1.13,1.5,$-0.11,0.0,0,0.0,$0.02B,$0.02B,1.08,$0.00B,$0.01B,0.35,$0.05B,$0.02B,46.94%,$0.05B,$0.00B,2.04%,$0.05B,$0.00B,2.04%,$0.05B,$0.00B,8.16%,$0.05B,$0.00B,2.04%,$0.05B,$0.00B,2.04%,$0.00B,$0.01B,16.00%,$0.00B,$0.01B,18.18%,$0.00B,$0.03B,5.00%,$0.00B,$0.01B,11.43%,$15,$8,$7,$0,$6,$14,$1,$-0,$1,$0,$1,$1,$1,$2,$1,$45,47,$0.01,$0.01,$3,$1,$1,$16,$7,$0,$3,$0,$10,$26,$15,$3,$0,$3,$18,$0,$-22,$0,$9,$26,$1,$1,$1,$2,$-4,$-0,$0,$0,$-3,$-1,$-0,$-1,$0,$0,$0,$0,$0,$-1,$-1,$3,$2,$0,$0,$0,$0,$3,$0,$0,$0
27,2011-12-31,1.4,$0.14,10.31,$1.02,1.37,$-0.12,0.0,$-0.03,0.0,$0.01B,$0.01B,1.15,$0.00B,$0.01B,0.44,$0.04B,$0.02B,46.51%,$0.04B,$-0.00B,-2.33%,$0.04B,$-0.00B,-2.33%,$0.04B,$0.00B,4.65%,$0.04B,$-0.00B,-2.33%,$0.04B,$-0.00B,-2.33%,$-0.00B,$0.01B,-19.05%,$-0.00B,$0.01B,-19.05%,$-0.00B,$0.02B,-5.80%,$-0.00B,$0.01B,-13.33%,$13,$7,$6,$0,$5,$13,$0,$-0,$0,$0,$0,$0,$0,$1,$0,$43,43,$0.00,$0.00,$3,$1,$1,$13,$7,$0,$0,$0,$7,$20,$11,$3,$0,$3,$14,$0,$-23,$0,$6,$20,$-1,$2,$3,$5,$-5,$-0,$0,$-0,$-4,$0,$-1,$0,$0,$0,$0,$0,$0,$-1,$-2,$0,$-1,$3,$3,$0,$0,$2,$2,$0,$0
28,2011-09-30,1.05,$0.12,8.45,$0.95,1.1,$-0.18,0.0,$-0.04,0.0,$0.01B,$0.01B,1.17,$0.00B,$0.01B,0.3,$0.04B,$0.02B,46.15%,$0.04B,$-0.00B,-5.13%,$0.04B,$-0.00B,-5.13%,$0.04B,$0.00B,2.56%,$0.04B,$-0.00B,-2.56%,$0.04B,$-0.00B,-2.56%,$-0.00B,$0.01B,-22.22%,$-0.00B,$0.01B,-22.22%,$-0.00B,$0.02B,-6.35%,$-0.00B,$0.01B,-32.00%,$11,$6,$5,$0,$5,$11,$0,$-0,$-0,$0,$-0,$-0,$-0,$1,$0,$43,43,$0.00,$0.00,$3,$1,$1,$12,$5,$0,$0,$0,$5,$17,$11,$2,$0,$2,$12,$0,$-23,$0,$5,$17,$-1,$2,$2,$4,$-4,$-0,$0,$0,$-3,$-1,$-0,$0,$0,$0,$0,$0,$0,$-0,$-1,$1,$-0,$3,$3,$0,$0,$3,$2,$0,$0
29,2011-06-30,1.3,$0.12,10.54,$0.92,1.41,$-0.23,0.0,$-0.07,0.0,$0.01B,$0.01B,1.19,$0.00B,$0.01B,0.24,$0.04B,$0.02B,45.95%,$0.04B,$-0.00B,-8.11%,$0.04B,$-0.00B,-8.11%,$0.04B,$-0.00B,-2.70%,$0.04B,$-0.00B,-5.41%,$0.04B,$-0.00B,-5.41%,$-0.00B,$0.01B,-50.00%,$-0.00B,$0.01B,-50.00%,$-0.00B,$0.02B,-13.33%,$-0.00B,$0.01B,-52.17%,$10,$6,$5,$0,$5,$11,$-0,$-0,$-0,$0,$-0,$-0,$-0,$0,$-0,$43,43,$-0.01,$-0.01,$3,$1,$1,$12,$5,$0,$0,$0,$5,$17,$10,$1,$0,$1,$11,$0,$-23,$0,$5,$17,$-1,$1,$1,$2,$-3,$-0,$0,$0,$-2,$-1,$-0,$0,$0,$0,$0,$0,$0,$-0,$-1,$0,$-0,$3,$3,$0,$0,$3,$2,$0,$0
30,2011-03-31,1.37,$0.13,10.89,$0.91,1.51,$-0.26,0.0,$-0.09,0.0,$0.01B,$0.01B,1.22,$0.00B,$0.01B,0.23,$0.04B,$0.02B,45.71%,$0.04B,$-0.00B,-11.43%,$0.04B,$-0.00B,-11.43%,$0.04B,$-0.00B,-2.86%,$0.04B,$-0.00B,-8.57%,$0.04B,$-0.00B,-8.57%,$-0.00B,$0.01B,-80.00%,$-0.00B,$0.01B,-80.00%,$-0.00B,$0.02B,-20.69%,$-0.00B,$0.01B,-72.73%,$9,$5,$4,$0,$4,$10,$-1,$-0,$-1,$0,$-1,$-1,$-1,$-0,$-1,$42,42,$-0.02,$-0.02,$3,$1,$1,$11,$5,$0,$0,$0,$5,$15,$9,$1,$0,$1,$10,$0,$-22,$0,$5,$15,$-1,$0,$1,$1,$-2,$-0,$0,$0,$-2,$-2,$-0,$0,$0,$0,$0,$0,$0,$-0,$-0,$0,$0,$3,$3,$0,$0,$3,$1,$0,$0
31,2010-12-31,1.3,$0.08,15.51,$0.92,1.41,$-0.26,0.0,$-0.09,0.0,$0.01B,$0.01B,0.95,$0.00B,$0.00B,0.43,$0.03B,$0.02B,47.06%,$0.03B,$-0.00B,-11.76%,$0.03B,$-0.00B,-11.76%,$0.03B,$-0.00B,-2.94%,$0.03B,$-0.00B,-8.82%,$0.03B,$-0.00B,-8.82%,$-0.00B,$0.00B,-80.00%,$-0.00B,$0.00B,-80.00%,$-0.00B,$0.01B,-21.05%,$-0.00B,$0.00B,-72.73%,$9,$5,$4,$0,$4,$9,$-1,$0,$-0,$0,$-0,$-0,$-0,$-0,$-1,$37,37,$-0.01,$-0.01,$2,$1,$1,$9,$5,$0,$0,$0,$5,$14,$9,$1,$0,$1,$11,$0,$-21,$0,$3,$14,$-3,$2,$3,$5,$-3,$-0,$0,$-0,$-3,$-2,$-1,$0,$0,$0,$0,$0,$0,$-1,$-1,$3,$2,$0,$0,$0,$1,$2,$-1,$1,$0
32,2010-09-30,1.09,$0.09,12.07,$0.91,1.2,$-0.26,0.0,$-0.12,0.0,$0.01B,$0.01B,0.97,$0.00B,$0.00B,0.41,$0.03B,$0.02B,48.48%,$0.03B,$-0.00B,-12.12%,$0.03B,$-0.00B,-12.12%,$0.03B,$-0.00B,-6.06%,$0.03B,$-0.01B,-15.15%,$0.03B,$-0.01B,-15.15%,$-0.01B,$0.00B,-111.11%,$-0.01B,$0.00B,-111.11%,$-0.01B,$0.01B,-35.71%,$-0.00B,$0.01B,-64.00%,$9,$5,$4,$0,$5,$10,$-1,$-0,$-1,$0,$-1,$-1,$-1,$-1,$-1,$37,37,$-0.03,$-0.03,$2,$1,$1,$9,$5,$0,$0,$0,$5,$14,$10,$1,$0,$1,$11,$0,$-21,$0,$3,$14,$-3,$1,$2,$4,$-3,$-0,$0,$-0,$-3,$-2,$-1,$0,$0,$0,$0,$0,$0,$-1,$-1,$3,$2,$0,$0,$0,$1,$3,$-0,$1,$0
33,2010-06-30,1.27,$0.12,10.82,$0.88,1.44,$-0.21,0.0,$-0.11,0.0,$0.01B,$0.01B,1.08,$0.00B,$0.00B,0.33,$0.03B,$0.02B,51.61%,$0.03B,$-0.00B,-12.90%,$0.03B,$-0.00B,-12.90%,$0.03B,$-0.00B,-3.23%,$0.03B,$-0.01B,-16.13%,$0.03B,$-0.01B,-16.13%,$-0.01B,$0.00B,-90.91%,$-0.01B,$0.00B,-90.91%,$-0.01B,$0.02B,-36.36%,$-0.00B,$0.01B,-55.17%,$8,$5,$4,$0,$5,$9,$-1,$-0,$-1,$0,$-1,$-1,$-1,$-0,$-1,$37,37,$-0.03,$-0.03,$3,$1,$1,$10,$5,$0,$0,$0,$5,$15,$9,$1,$0,$1,$10,$0,$-20,$0,$4,$15,$-2,$1,$2,$2,$-2,$-0,$0,$-0,$-2,$-1,$-1,$0,$0,$0,$0,$0,$0,$-1,$-0,$2,$2,$0,$0,$0,$1,$3,$1,$0,$0
34,2010-03-31,1.4,$0.14,10.23,$0.85,1.65,$-0.17,0.0,$-0.08,0.0,$0.01B,$0.01B,1.24,$0.00B,$0.01B,0.32,$0.03B,$0.02B,53.33%,$0.03B,$-0.00B,-10.00%,$0.03B,$-0.00B,-10.00%,$0.03B,$-0.00B,-3.33%,$0.03B,$-0.00B,-13.33%,$0.03B,$-0.00B,-13.33%,$-0.00B,$0.01B,-80.00%,$-0.00B,$0.01B,-80.00%,$-0.00B,$0.01B,-32.65%,$-0.00B,$0.01B,-44.44%,$8,$4,$4,$0,$5,$9,$-1,$-0,$-1,$0,$-1,$-1,$-1,$-0,$-1,$37,37,$-0.02,$-0.02,$3,$1,$1,$9,$5,$0,$0,$0,$5,$14,$7,$2,$0,$2,$9,$0,$-19,$0,$5,$14,$-1,$0,$1,$1,$-1,$0,$0,$0,$-2,$-2,$-0,$0,$0,$0,$0,$0,$0,$-0,$-0,$2,$2,$0,$0,$0,$0,$2,$0,$0,$0
35,2009-12-31,1.5,$0.15,9.88,$0.82,1.84,$-0.14,0.0,$-0.06,0.0,$0.01B,$0.01B,1.48,$0.00B,$0.01B,0.27,$0.03B,$0.02B,55.17%,$0.03B,$-0.00B,-6.90%,$0.03B,$-0.00B,-6.90%,$0.03B,$-0.00B,-3.45%,$0.03B,$-0.00B,-10.34%,$0.03B,$-0.00B,-10.34%,$-0.00B,$0.01B,-70.59%,$-0.00B,$0.01B,-70.59%,$-0.00B,$0.01B,-27.27%,$-0.00B,$0.01B,-33.33%,$8,$4,$4,$0,$5,$9,$-1,$-0,$-2,$0,$-2,$-2,$-2,$-1,$-1,$35,35,$-0.04,$-0.04,$3,$1,$1,$9,$4,$0,$0,$0,$4,$13,$6,$2,$0,$2,$7,$0,$-18,$0,$6,$13,$-2,$1,$3,$4,$-4,$-0,$0,$-0,$-3,$-2,$-1,$0,$0,$0,$0,$0,$0,$-1,$-1,$-1,$-1,$6,$6,$0,$-1,$4,$1,$0,$0
36,2009-09-30,1.73,$0.19,9.12,$0.78,2.22,$-0.09,0.0,$-0.05,0.0,$0.01B,$0.00B,2.01,$0.00B,$0.01B,0.22,$0.03B,$0.02B,55.56%,$0.03B,$-0.00B,-3.70%,$0.03B,$-0.00B,-7.41%,$0.03B,0,0.00%,$0.03B,$-0.00B,-7.41%,$0.03B,$-0.00B,-7.41%,$-0.00B,$0.01B,-61.54%,$-0.00B,$0.01B,-61.54%,$-0.00B,$0.01B,-21.05%,$-0.00B,$0.01B,-20.00%,$7,$4,$4,$0,$4,$8,$-1,$-0,$-1,$0,$-1,$-1,$-1,$-0,$-1,$36,36,$-0.02,$-0.02,$3,$1,$1,$9,$4,$0,$0,$0,$4,$13,$4,$2,$0,$2,$6,$0,$-17,$0,$7,$13,$-1,$1,$2,$3,$-3,$-0,$0,$-0,$-3,$-1,$-0,$0,$0,$0,$0,$0,$0,$-0,$-0,$-1,$-2,$6,$6,$0,$0,$4,$3,$0,$0
37,2009-06-30,1.34,$0.07,18.87,$0.74,1.82,$-0.06,0.0,$-0.04,0.0,$0.01B,$0.01B,1.11,$0.00B,$0.00B,0.65,$0.03B,$0.01B,56.00%,$0.03B,0,0.00%,$0.03B,$-0.00B,-4.00%,$0.03B,0,0.00%,$0.03B,$-0.00B,-4.00%,$0.03B,$-0.00B,-4.00%,$-0.00B,$0.00B,-50.00%,$-0.00B,$0.00B,-50.00%,$-0.00B,$0.01B,-12.12%,$0.00B,$0.00B,0.00%,$7,$3,$4,$0,$4,$7,$0,$-0,$0,$0,$0,$0,$0,$0,$0,$33,38,$0.00,$0.00,$1,$1,$1,$6,$3,$0,$0,$0,$3,$9,$6,$2,$0,$2,$7,$0,$-16,$0,$2,$9,$0,$1,$1,$2,$-2,$-0,$0,$-0,$-2,$-1,$-0,$0,$0,$0,$0,$0,$0,$-0,$-0,$1,$0,$0,$0,$0,$0,$1,$0,$0,$0
38,2009-03-31,1.01,$0.07,14.55,$0.68,1.49,$-0.07,0.0,$-0.04,0.0,$0.01B,$0.01B,1.14,$0.00B,$0.00B,0.6,$0.02B,$0.01B,56.52%,$0.02B,0,0.00%,$0.02B,$-0.00B,-4.35%,$0.02B,0,0.00%,$0.02B,$-0.00B,-4.35%,$0.02B,$-0.00B,-4.35%,$-0.00B,$0.00B,-50.00%,$-0.00B,$0.00B,-50.00%,$-0.00B,$0.01B,-12.50%,$0.00B,$0.00B,0.00%,$7,$3,$4,$0,$4,$7,$0,$-0,$0,$0,$0,$0,$0,$0,$0,$32,36,$0.00,$0.00,$1,$1,$0,$6,$3,$0,$0,$0,$3,$9,$5,$1,$0,$1,$7,$0,$-16,$0,$2,$9,$0,$0,$1,$1,$-2,$-0,$0,$-0,$-1,$-0,$-0,$0,$0,$0,$0,$0,$0,$-0,$-0,$0,$0,$0,$0,$0,$0,$1,$0,$0,$0
39,2008-12-31,0.61,$0.05,13.06,$0.62,0.99,$-0.05,0.0,$-0.05,0.0,$0.00B,$0.00B,0.99,$0.00B,$0.00B,0.94,$0.02B,$0.01B,55.00%,$0.02B,0,0.00%,$0.02B,$-0.00B,-5.00%,$0.02B,0,0.00%,$0.02B,$-0.00B,-5.00%,$0.02B,$-0.00B,-5.00%,$-0.00B,$0.00B,-50.00%,$-0.00B,$0.00B,-50.00%,$-0.00B,$0.01B,-13.79%,$0.00B,$0.00B,0.00%,$6,$3,$3,$0,$4,$6,$-0,$0,$-1,$0,$-1,$-1,$-1,$-0,$-1,$32,32,$-0.02,$-0.02,$0,$0,$0,$4,$3,$0,$0,$0,$3,$7,$4,$1,$0,$1,$6,$0,$-16,$0,$2,$7,$-1,$1,$2,$3,$-1,$-0,$0,$-0,$-2,$-0,$-1,$0,$0,$0,$0,$0,$0,$-1,$-0,$1,$1,$0,$0,$0,$0,$1,$0,$0,$0
40,2008-09-30,0.98,$0.08,12.48,$0.56,1.76,$-0.14,0.0,$-0.06,0.0,$0.01B,$0.00B,1.17,$0.00B,$0.00B,0.42,$0.02B,$0.01B,55.56%,$0.02B,$-0.00B,-5.56%,$0.02B,$-0.00B,-11.11%,$0.02B,$-0.00B,-5.56%,$0.02B,$-0.00B,-11.11%,$0.02B,$-0.00B,-11.11%,$-0.00B,$0.00B,-100.00%,$-0.00B,$0.00B,-100.00%,$-0.00B,$0.01B,-27.59%,$-0.00B,$0.00B,-30.77%,$5,$3,$3,$0,$3,$5,$-0,$0,$-0,$0,$-0,$-0,$-0,$0,$-0,$31,31,$-0.01,$-0.01,$1,$0,$1,$5,$2,$0,$0,$0,$3,$8,$4,$1,$0,$1,$6,$0,$-15,$0,$2,$8,$-0,$1,$1,$2,$-1,$-0,$0,$-0,$-2,$-0,$-0,$0,$0,$0,$0,$0,$0,$-0,$-0,$1,$1,$0,$0,$0,$0,$1,$0,$0,$0
41,2008-06-30,1.2,$0.07,16.15,$0.50,2.42,$-0.20,0.0,$-0.07,0.0,$0.01B,$0.00B,1.16,$0.00B,$0.00B,0.37,$0.02B,$0.01B,56.25%,$0.02B,$-0.00B,-12.50%,$0.02B,$-0.00B,-18.75%,$0.02B,$-0.00B,-6.25%,$0.02B,$-0.00B,-18.75%,$0.02B,$-0.00B,-18.75%,$-0.00B,$0.00B,-120.00%,$-0.00B,$0.00B,-120.00%,$-0.00B,$0.01B,-44.44%,$-0.00B,$0.00B,-57.14%,$5,$2,$3,$0,$3,$5,$0,$0,$0,$0,$0,$0,$0,$0,$0,$31,36,$0.00,$0.00,$0,$0,$1,$5,$2,$0,$0,$0,$2,$8,$4,$1,$0,$1,$5,$0,$-15,$0,$2,$8,$-0,$0,$1,$1,$-1,$-0,$0,$-0,$-2,$-1,$-0,$0,$0,$0,$0,$0,$0,$-0,$-0,$1,$1,$0,$0,$0,$0,$1,$0,$0,$0
42,2008-03-31,1.02,$0.07,14.8,$0.44,2.3,$-0.25,0.0,$-0.10,0.0,$0.00B,$0.00B,1.24,$0.00B,$0.00B,0.41,$0.01B,$0.01B,53.85%,$0.01B,$-0.00B,-23.08%,$0.01B,$-0.00B,-30.77%,$0.01B,$-0.00B,-15.38%,$0.01B,$-0.00B,-30.77%,$0.01B,$-0.00B,-30.77%,$-0.00B,$0.00B,-133.33%,$-0.00B,$0.00B,-133.33%,$-0.00B,$0.01B,-61.54%,$-0.00B,$0.00B,-75.00%,$4,$2,$2,$0,$3,$4,$-0,$0,$-0,$0,$-0,$-0,$-0,$-0,$-0,$31,31,$-0.01,$-0.01,$0,$0,$0,$4,$2,$0,$0,$0,$2,$6,$3,$1,$0,$1,$4,$0,$-15,$0,$2,$6,$-0,$0,$1,$1,$-0,$0,$0,$-0,$-0,$0,$-0,$0,$0,$0,$0,$0,$0,$-0,$-0,$0,$-0,$0,$0,$0,$0,$-0,$0,$0,$0
43,2007-12-31,1.08,$0.07,14.59,$0.39,2.77,$-0.27,0.0,$-0.10,0.0,$0.00B,$0.00B,1.24,$0.00B,$0.00B,0.36,$0.01B,$0.01B,54.55%,$0.01B,$-0.00B,-27.27%,$0.01B,$-0.00B,-36.36%,$0.01B,$-0.00B,-18.18%,$0.01B,$-0.00B,-36.36%,$0.01B,$-0.00B,-36.36%,$-0.00B,$0.00B,-145.45%,$-0.00B,$0.00B,-145.45%,$-0.00B,$0.01B,-66.67%,$-0.00B,$0.00B,-85.71%,$4,$2,$2,$0,$3,$5,$-1,$0,$-2,$0,$-2,$-2,$-2,$-1,$-2,$30,30,$-0.05,$-0.05,$0,$0,$0,$4,$2,$0,$0,$0,$2,$7,$3,$1,$0,$1,$4,$0,$-15,$0,$2,$7,$-3,$1,$1,$2,$-3,$-0,$0,$0,$-1,$-3,$-1,$0,$0,$-0,$0,$-0,$0,$-1,$-0,$0,$-0,$5,$5,$0,$-2,$3,$0,$0,$0
44,2007-09-30,1.28,$0.12,10.39,$0.33,3.88,$-0.20,0.0,$-0.07,0.0,$0.00B,$0.00B,2.46,$0.00B,$0.00B,0.19,$0.01B,$0.01B,55.56%,$0.01B,$-0.00B,-22.22%,$0.01B,$-0.00B,-22.22%,$0.01B,$-0.00B,-11.11%,$0.01B,$-0.00B,-22.22%,$0.01B,$-0.00B,-22.22%,$-0.00B,$0.00B,-88.89%,$-0.00B,$0.00B,-88.89%,$-0.00B,$0.01B,-40.00%,$-0.00B,$0.01B,-66.67%,$3,$2,$2,$0,$2,$4,$-1,$0,$-1,$0,$-1,$-1,$-1,$-0,$-1,$31,31,$-0.02,$-0.02,$1,$0,$0,$4,$2,$0,$0,$0,$2,$6,$2,$1,$0,$1,$2,$0,$-13,$0,$4,$6,$-2,$0,$1,$1,$-2,$-0,$0,$-0,$-2,$-2,$-0,$0,$0,$0,$-0,$-0,$0,$-1,$-0,$0,$-0,$5,$5,$0,$-2,$3,$1,$0,$0
45,2007-06-30,1.62,$0.14,11.65,$0.28,5.75,$-0.14,0.0,$-0.05,0.0,$0.00B,$0.00B,2.87,$0.00B,$0.00B,0.14,$0.01B,$0.00B,50.00%,$0.01B,$-0.00B,-12.50%,$0.01B,$-0.00B,-12.50%,$0.01B,$-0.00B,-12.50%,$0.01B,$-0.00B,-12.50%,$0.01B,$-0.00B,-12.50%,$-0.00B,$0.00B,-80.00%,$-0.00B,$0.00B,-80.00%,$-0.00B,$0.01B,-23.53%,$-0.00B,$0.01B,-44.44%,$2,$1,$1,$0,$2,$3,$-1,$0,$-1,$0,$-1,$-1,$-1,$-1,$-1,$29,29,$-0.03,$-0.03,$2,$0,$0,$4,$2,$0,$0,$0,$2,$7,$2,$1,$0,$1,$2,$0,$-12,$0,$4,$7,$-1,$0,$1,$1,$-1,$-0,$0,$-0,$-1,$-2,$-0,$0,$0,$0,$-0,$-0,$0,$-0,$-0,$0,$-0,$5,$5,$0,$-2,$3,$1,$0,$0
46,2007-03-31,1.65,$0.03,57.89,$0.26,6.34,$-0.09,0.0,$-0.01,0.0,$0.00B,$0.00B,0.98,$0.00B,$0.00B,0.77,$0.01B,$0.00B,50.00%,$0.01B,0,0.00%,$0.01B,0,0.00%,$0.01B,0,0.00%,$0.01B,0,0.00%,$0.01B,0,0.00%,$0.00B,$0.00B,0.00%,$0.00B,$0.00B,0.00%,$0.00B,$0.00B,0.00%,$0.00B,$0.00B,0.00%,$2,$1,$1,$0,$1,$2,$-0,$0,$-0,$0,$-0,$-0,$-0,$-0,$-0,$27,27,$-0.01,$-0.01,$1,$0,$0,$3,$1,$0,$0,$0,$1,$4,$3,$1,$0,$1,$3,$0,$-11,$0,$1,$4,$-0,$0,$0,$0,$-1,$-0,$0,$-0,$-0,$-0,$-0,$0,$0,$0,$0,$0,$0,$-0,$-0,$0,$-0,$1,$1,$0,$0,$1,$0,$0,$0
47,2006-12-31,1.5,$0.00,750.0,$0.23,6.5,$-0.09,0.0,0,0.0,$0.00B,$0.00B,0.72,$0.00B,$0.00B,8.24,$0.01B,$0.00B,57.14%,$0.01B,0,0.00%,$0.01B,0,0.00%,$0.01B,0,0.00%,$0.01B,0,0.00%,$0.01B,0,0.00%,$0.00B,$0.00B,nan%,$0.00B,$0.00B,nan%,$0.00B,$0.00B,0.00%,$0.00B,$0.00B,0.00%,$2,$1,$1,$0,$1,$2,$-0,$0,$-0,$0,$-0,$-0,$-0,$-0,$-0,$26,26,$-0.01,$-0.01,$0,$0,$0,$2,$1,$0,$0,$0,$1,$3,$3,$0,$0,$0,$3,$0,$-11,$0,$0,$3,$-0,$0,$1,$1,$-1,$-0,$0,$-0,$-2,$-1,$-0,$0,$0,$0,$0,$0,$0,$-0,$-0,$0,$-0,$1,$1,$0,$0,$1,$0,$0,$0
