,Date,Stock Price,Book Value per Share,Price to Book Ratio,TTM Sales per Share,Price to Sales Ratio,TTM FCF per Share,Price to FCF Ratio,TTM Net EPS,PE Ratio,Current Assets,Current Liabilities,Current Ratio,Long Term Debt,Shareholder's Equity_x,Debt to Equity Ratio,TTM Revenue_x,TTM Gross Profit,Gross Margin,TTM Revenue_y,TTM Operating Income,Operating Margin,TTM Revenue_x,TTM EBIT,EBIT Margin,TTM Revenue_y,TTM EBITDA,EBITDA Margin,TTM Revenue_x,TTM Pre-Tax Income,Pre-Tax Margin,TTM Revenue_y,TTM Net Income_x,Net Margin,TTM Net Income_y,Shareholder's Equity_y,Return on Equity,TTM Net Income_x,Tangible Equity,Return on Tangible Equity,TTM Net Income_y,Total Assets,Return on Assets,TTM Net Income,LT Investments & Debt,Return on Investment,revenue,cost-goods-sold,gross-profit,research-development-expenses,selling-general-administrative-expenses,operating-expenses,operating-income,total-non-operating-income-expense,pre-tax-income,total-provision-income-taxes,income-after-taxes,income-from-continuous-operations,net-income,ebitda,ebit,basic-shares-outstanding,shares-outstanding,eps-basic-net-earnings-per-share,eps-earnings-per-share-diluted,cash-on-hand,inventory,other-current-assets,total-current-assets,net-property-plant-equipment,long-term-investments,goodwill-intangible-assets-total,other-long-term-assets,total-long-term-assets,total-assets,total-current-liabilities,long-term-debt,other-non-current-liabilities,total-long-term-liabilities,total-liabilities,common-stock-net,retained-earnings-accumulated-deficit,comprehensive-income,total-share-holder-equity,total-liabilities-share-holders-equity,net-income-loss,total-depreciation-amortization-cash-flow,other-non-cash-items,total-non-cash-items,change-in-accounts-receivable,change-in-inventories,change-in-accounts-payable,change-in-assets-liabilities,total-change-in-assets-liabilities,cash-flow-from-operating-activities,net-change-in-property-plant-equipment,net-change-in-intangible-assets,net-acquisitions-divestitures,net-change-in-short-term-investments,net-change-in-long-term-investments,net-change-in-investments-total,investing-activities-other,cash-flow-from-investing-activities,net-long-term-debt,net-current-debt,debt-issuance-retirement-net-total,net-common-equity-issued-repurchased,net-total-equity-issued-repurchased,total-common-preferred-stock-dividends-paid,financial-activities-other,cash-flow-from-financial-activities,net-cash-flow,stock-based-compensation,common-stock-dividends-paid
0,2018-08-31,93.44,$11.19,8.35,$7.80,11.98,$2.10,44.51,$1.27,73.57,$0.40B,$0.04B,10.1,$0.00B,$0.58B,0.0,$0.41B,$0.19B,47.30%,$0.41B,$0.07B,17.16%,$0.41B,$0.07B,17.16%,$0.41B,$0.09B,21.32%,$0.41B,$0.07B,17.89%,$0.41B,$0.07B,16.42%,$0.07B,$0.58B,12.15%,$0.07B,$0.43B,16.66%,$0.07B,$0.64B,11.00%,$0.07B,$0.58B,12.70%,$100,$53,$47,$3,$27,$83,$16,$1,$17,$2,$15,$15,$15,$21,$16,$52,53,$0.29,$0.29,$226,$79,$0,$396,$73,$0,$148,$24,$245,$641,$39,$0,$6,$20,$59,$8,$374,$-13,$582,$641,$15,$4,$1,$6,$1,$-3,$1,$-3,$-5,$16,$-2,$0,$-4,$-1,$0,$-1,$0,$-8,$0,$0,$0,$9,$9,$0,$0,$9,$14,$1,$0
1,2018-05-31,75.71,$10.83,6.99,$7.74,9.78,$2.11,35.93,$1.21,62.44,$0.38B,$0.04B,9.71,$0.00B,$0.56B,0.0,$0.40B,$0.19B,47.51%,$0.40B,$0.07B,17.41%,$0.40B,$0.07B,17.41%,$0.40B,$0.09B,21.39%,$0.40B,$0.07B,18.16%,$0.40B,$0.06B,15.92%,$0.06B,$0.56B,12.13%,$0.06B,$0.41B,16.96%,$0.06B,$0.62B,10.93%,$0.07B,$0.56B,13.27%,$110,$60,$51,$2,$29,$90,$20,$0,$20,$2,$18,$18,$18,$24,$20,$51,52,$0.35,$0.33,$211,$76,$0,$376,$73,$0,$146,$23,$242,$618,$39,$0,$5,$19,$58,$8,$359,$-10,$560,$618,$63,$17,$2,$19,$-10,$-3,$4,$-2,$-13,$69,$-21,$0,$-0,$-62,$0,$-62,$0,$-83,$0,$0,$0,$23,$23,$0,$-0,$23,$6,$5,$0
2,2018-02-28,58.27,$10.51,5.55,$7.55,7.71,$2.08,28.06,$1.12,51.91,$0.35B,$0.04B,9.44,$0.00B,$0.54B,0.0,$0.39B,$0.19B,47.83%,$0.39B,$0.07B,17.65%,$0.39B,$0.07B,17.65%,$0.39B,$0.09B,21.74%,$0.39B,$0.07B,18.41%,$0.39B,$0.06B,14.83%,$0.06B,$0.54B,11.47%,$0.06B,$0.39B,16.43%,$0.06B,$0.60B,10.30%,$0.07B,$0.54B,13.65%,$96,$50,$46,$3,$27,$80,$16,$1,$17,$1,$17,$17,$17,$20,$16,$52,52,$0.32,$0.32,$192,$78,$0,$352,$73,$0,$148,$23,$243,$596,$37,$0,$5,$16,$54,$8,$341,$-5,$542,$596,$46,$13,$4,$16,$-4,$-4,$0,$-7,$-15,$47,$-16,$0,$-0,$-44,$0,$-44,$0,$-61,$0,$0,$0,$19,$19,$0,$0,$19,$4,$4,$0
3,2017-11-30,62.93,$10.11,6.23,$7.44,8.46,$2.12,29.64,$1.01,62.61,$0.34B,$0.04B,8.96,$0.00B,$0.52B,0.0,$0.38B,$0.18B,47.52%,$0.38B,$0.07B,17.49%,$0.38B,$0.07B,17.49%,$0.38B,$0.08B,21.67%,$0.38B,$0.07B,18.54%,$0.38B,$0.05B,13.32%,$0.05B,$0.52B,10.56%,$0.05B,$0.37B,15.48%,$0.05B,$0.58B,9.43%,$0.07B,$0.52B,13.87%,$102,$53,$49,$3,$28,$84,$18,$1,$19,$2,$17,$17,$17,$22,$18,$51,52,$0.33,$0.33,$176,$74,$0,$340,$67,$0,$152,$22,$241,$581,$38,$0,$5,$22,$60,$8,$325,$-6,$521,$581,$29,$8,$3,$11,$-6,$-0,$1,$-8,$-13,$27,$-10,$0,$-0,$-45,$0,$-45,$0,$-56,$0,$0,$0,$16,$16,$0,$0,$16,$-13,$3,$0
4,2017-08-31,51.68,$9.56,5.41,$7.26,7.12,$2.25,22.94,$0.89,57.9,$0.31B,$0.04B,8.11,$0.00B,$0.49B,0.0,$0.37B,$0.18B,47.58%,$0.37B,$0.07B,17.74%,$0.37B,$0.07B,17.74%,$0.37B,$0.08B,21.77%,$0.37B,$0.07B,18.55%,$0.37B,$0.05B,12.10%,$0.05B,$0.49B,9.75%,$0.05B,$0.33B,14.27%,$0.05B,$0.55B,8.70%,$0.07B,$0.49B,14.30%,$94,$49,$45,$3,$25,$78,$16,$1,$17,$5,$12,$12,$12,$20,$16,$51,52,$0.23,$0.23,$160,$73,$0,$311,$63,$0,$154,$19,$236,$547,$38,$0,$5,$22,$60,$6,$308,$-7,$487,$547,$12,$4,$1,$5,$2,$-0,$3,$-4,$1,$19,$-4,$0,$0,$-35,$0,$-35,$0,$-40,$0,$0,$0,$2,$2,$0,$0,$2,$-19,$1,$0
5,2017-05-31,47.47,$9.26,5.12,$7.07,6.71,$2.31,20.57,$0.86,55.52,$0.29B,$0.04B,8.14,$0.00B,$0.47B,0.0,$0.36B,$0.17B,47.51%,$0.36B,$0.07B,17.96%,$0.36B,$0.07B,17.96%,$0.36B,$0.08B,21.82%,$0.36B,$0.07B,18.51%,$0.36B,$0.04B,11.88%,$0.04B,$0.47B,9.68%,$0.04B,$0.32B,14.11%,$0.04B,$0.53B,8.64%,$0.07B,$0.47B,14.64%,$99,$52,$47,$2,$26,$80,$19,$-0,$19,$6,$12,$12,$12,$23,$19,$51,51,$0.26,$0.25,$144,$73,$0,$293,$62,$0,$155,$19,$235,$528,$36,$0,$4,$21,$57,$8,$296,$-7,$472,$528,$44,$15,$1,$16,$5,$-7,$-2,$1,$1,$60,$-15,$0,$-34,$-14,$0,$-14,$0,$-62,$0,$0,$0,$21,$21,$0,$4,$25,$22,$5,$0
6,2017-02-28,48.65,$8.89,5.47,$6.93,7.02,$1.83,26.55,$0.81,60.06,$0.28B,$0.04B,7.97,$0.00B,$0.45B,0.0,$0.35B,$0.17B,47.31%,$0.35B,$0.06B,17.56%,$0.35B,$0.06B,17.56%,$0.35B,$0.08B,21.25%,$0.35B,$0.06B,17.85%,$0.35B,$0.04B,11.61%,$0.04B,$0.45B,9.60%,$0.04B,$0.30B,13.92%,$0.04B,$0.51B,8.57%,$0.06B,$0.45B,14.52%,$88,$48,$41,$3,$24,$74,$14,$1,$16,$5,$10,$10,$10,$18,$14,$51,51,$0.20,$0.20,$125,$75,$0,$277,$61,$0,$151,$18,$231,$507,$35,$0,$3,$21,$56,$6,$283,$-8,$452,$507,$31,$11,$0,$11,$6,$-9,$0,$1,$3,$45,$-13,$0,$-34,$-12,$0,$-12,$0,$-59,$0,$0,$0,$16,$16,$0,$4,$20,$5,$4,$0
7,2016-11-30,47.46,$8.59,5.53,$6.72,7.06,$1.54,30.84,$0.77,61.44,$0.29B,$0.03B,8.52,$0.00B,$0.44B,0.0,$0.34B,$0.16B,47.08%,$0.34B,$0.06B,17.25%,$0.34B,$0.06B,17.25%,$0.34B,$0.07B,20.76%,$0.34B,$0.06B,17.25%,$0.34B,$0.04B,11.40%,$0.04B,$0.44B,9.49%,$0.04B,$0.31B,13.47%,$0.04B,$0.49B,8.49%,$0.06B,$0.44B,14.36%,$91,$47,$44,$3,$24,$74,$17,$-0,$17,$6,$11,$11,$11,$20,$17,$50,51,$0.22,$0.22,$142,$72,$0,$288,$56,$0,$124,$19,$199,$487,$34,$0,$2,$19,$53,$6,$273,$-8,$435,$487,$21,$7,$0,$7,$2,$-8,$7,$0,$1,$30,$-6,$0,$-0,$-3,$0,$-3,$0,$-10,$0,$0,$0,$10,$10,$0,$2,$13,$31,$3,$0
8,2016-08-31,44.3,$8.30,5.34,$6.52,6.79,$1.34,33.04,$0.74,60.27,$0.27B,$0.03B,8.23,$0.00B,$0.42B,0.0,$0.33B,$0.16B,46.83%,$0.33B,$0.06B,17.22%,$0.33B,$0.06B,17.22%,$0.33B,$0.07B,20.85%,$0.33B,$0.06B,16.92%,$0.33B,$0.04B,11.18%,$0.04B,$0.42B,9.33%,$0.04B,$0.29B,13.25%,$0.04B,$0.47B,8.33%,$0.06B,$0.42B,14.37%,$84,$43,$40,$3,$23,$69,$15,$0,$15,$5,$10,$10,$10,$18,$15,$50,51,$0.20,$0.20,$129,$70,$0,$269,$55,$0,$126,$19,$200,$469,$33,$0,$2,$19,$51,$6,$262,$-7,$417,$469,$10,$3,$1,$4,$8,$-6,$4,$0,$6,$20,$-3,$0,$0,$-1,$0,$-1,$0,$-4,$0,$0,$0,$4,$4,$0,$1,$5,$21,$2,$0
9,2016-05-31,37.03,$8.07,4.59,$6.36,5.82,$1.08,34.13,$0.73,50.9,$0.25B,$0.03B,8.68,$0.00B,$0.40B,0.0,$0.32B,$0.15B,47.52%,$0.32B,$0.06B,17.70%,$0.32B,$0.06B,17.70%,$0.32B,$0.07B,21.43%,$0.32B,$0.06B,17.08%,$0.32B,$0.04B,11.18%,$0.04B,$0.40B,9.38%,$0.04B,$0.28B,13.30%,$0.04B,$0.45B,8.39%,$0.06B,$0.40B,14.84%,$90,$48,$42,$2,$24,$74,$16,$-0,$15,$5,$10,$10,$10,$19,$16,$50,51,$0.20,$0.19,$108,$64,$0,$248,$55,$0,$129,$18,$202,$450,$29,$0,$2,$17,$46,$6,$252,$-4,$404,$450,$37,$12,$4,$17,$-6,$-9,$1,$-4,$-18,$35,$-14,$0,$-42,$-4,$0,$-4,$0,$-61,$0,$0,$0,$12,$12,$0,$3,$15,$-11,$5,$0
10,2016-02-29,36.94,$7.75,4.76,$6.16,6.0,$1.35,27.33,$0.72,51.3,$0.26B,$0.03B,9.18,$0.00B,$0.39B,0.0,$0.31B,$0.15B,47.91%,$0.31B,$0.06B,18.01%,$0.31B,$0.06B,18.01%,$0.31B,$0.07B,21.54%,$0.31B,$0.05B,17.36%,$0.31B,$0.04B,11.25%,$0.04B,$0.39B,9.44%,$0.04B,$0.28B,13.27%,$0.04B,$0.43B,8.44%,$0.06B,$0.39B,15.10%,$77,$42,$35,$2,$21,$65,$11,$0,$12,$3,$8,$8,$8,$14,$11,$50,51,$0.17,$0.17,$125,$65,$0,$255,$52,$0,$108,$17,$177,$432,$28,$0,$2,$17,$44,$6,$242,$-6,$388,$432,$27,$9,$1,$10,$4,$-13,$2,$-2,$-9,$28,$-11,$0,$-17,$-10,$0,$-10,$0,$-38,$0,$0,$0,$8,$8,$0,$3,$11,$1,$4,$0
11,2015-11-30,44.3,$7.57,5.85,$6.01,7.37,$1.55,28.58,$0.71,62.83,$0.25B,$0.03B,8.02,$0.00B,$0.38B,0.0,$0.30B,$0.15B,49.01%,$0.30B,$0.06B,18.87%,$0.30B,$0.06B,18.87%,$0.30B,$0.07B,22.52%,$0.30B,$0.05B,17.88%,$0.30B,$0.03B,11.26%,$0.03B,$0.38B,9.50%,$0.03B,$0.27B,13.45%,$0.03B,$0.43B,8.47%,$0.06B,$0.38B,15.92%,$80,$41,$38,$3,$21,$65,$15,$-0,$14,$5,$9,$9,$9,$18,$15,$50,50,$0.18,$0.18,$123,$61,$0,$250,$52,$0,$108,$16,$175,$426,$31,$0,$2,$17,$48,$6,$234,$-3,$378,$426,$18,$6,$0,$6,$3,$-9,$0,$-2,$-3,$21,$-8,$0,$-14,$-4,$0,$-4,$0,$-25,$0,$0,$0,$7,$7,$0,$2,$9,$5,$3,$0
12,2015-08-31,38.73,$7.35,5.27,$5.80,6.67,$1.67,23.25,$0.68,56.75,$0.24B,$0.03B,8.75,$0.00B,$0.37B,0.0,$0.29B,$0.14B,49.66%,$0.29B,$0.06B,18.97%,$0.29B,$0.06B,18.97%,$0.29B,$0.07B,22.76%,$0.29B,$0.05B,17.93%,$0.29B,$0.03B,11.38%,$0.03B,$0.37B,9.56%,$0.03B,$0.26B,13.69%,$0.03B,$0.41B,8.54%,$0.06B,$0.37B,15.93%,$75,$37,$38,$3,$20,$60,$15,$-0,$14,$5,$9,$9,$9,$18,$15,$50,50,$0.19,$0.19,$111,$56,$0,$235,$49,$0,$109,$16,$174,$409,$27,$0,$2,$17,$43,$6,$225,$-3,$366,$409,$9,$3,$-1,$2,$1,$-3,$0,$-3,$-5,$7,$-3,$0,$-13,$-21,$0,$-21,$0,$-36,$0,$0,$0,$4,$4,$0,$2,$6,$-24,$1,$0
13,2015-05-31,35.06,$7.09,4.94,$5.68,6.18,$1.75,20.03,$0.68,51.93,$0.23B,$0.03B,9.08,$0.00B,$0.35B,0.0,$0.28B,$0.14B,49.47%,$0.28B,$0.05B,18.73%,$0.28B,$0.05B,18.73%,$0.28B,$0.06B,22.61%,$0.28B,$0.05B,18.37%,$0.28B,$0.03B,11.66%,$0.03B,$0.35B,9.90%,$0.03B,$0.25B,14.30%,$0.03B,$0.39B,8.84%,$0.05B,$0.35B,15.89%,$79,$41,$38,$2,$21,$64,$15,$-0,$14,$5,$9,$9,$9,$17,$15,$49,50,$0.20,$0.19,$114,$52,$0,$231,$44,$0,$103,$13,$161,$392,$25,$0,$2,$16,$41,$6,$216,$-2,$351,$392,$34,$11,$2,$13,$-7,$0,$0,$3,$-3,$44,$-10,$0,$-7,$-12,$0,$-12,$0,$-28,$0,$0,$0,$9,$9,$0,$2,$11,$25,$4,$0
14,2015-02-28,38.36,$6.82,5.63,$5.46,7.03,$1.27,30.22,$0.64,60.18,$0.22B,$0.03B,8.19,$0.00B,$0.34B,0.0,$0.27B,$0.13B,49.45%,$0.27B,$0.05B,18.08%,$0.27B,$0.05B,18.08%,$0.27B,$0.06B,22.51%,$0.27B,$0.05B,18.08%,$0.27B,$0.03B,11.81%,$0.03B,$0.34B,9.93%,$0.03B,$0.24B,14.58%,$0.03B,$0.38B,8.85%,$0.05B,$0.34B,15.21%,$68,$35,$34,$2,$19,$56,$12,$-1,$12,$4,$7,$7,$7,$15,$12,$49,50,$0.15,$0.15,$102,$55,$0,$217,$44,$0,$101,$17,$161,$378,$27,$0,$2,$15,$42,$6,$206,$-2,$337,$378,$24,$8,$2,$9,$-1,$-3,$0,$2,$-0,$33,$-7,$0,$-7,$-9,$0,$-9,$0,$-22,$0,$0,$0,$5,$5,$0,$2,$6,$17,$3,$0
15,2014-11-30,33.23,$6.63,5.01,$5.34,6.23,$0.94,35.53,$0.62,53.39,$0.21B,$0.02B,8.53,$0.00B,$0.33B,0.0,$0.27B,$0.13B,49.43%,$0.27B,$0.05B,17.74%,$0.27B,$0.05B,17.74%,$0.27B,$0.06B,22.26%,$0.27B,$0.05B,17.74%,$0.27B,$0.03B,12.08%,$0.03B,$0.33B,10.30%,$0.03B,$0.22B,15.40%,$0.03B,$0.37B,9.15%,$0.05B,$0.33B,15.12%,$68,$34,$34,$2,$19,$56,$13,$-0,$12,$5,$8,$8,$8,$16,$13,$49,50,$0.16,$0.16,$94,$53,$0,$206,$43,$0,$104,$13,$160,$366,$24,$0,$2,$15,$39,$6,$199,$-1,$327,$366,$17,$5,$1,$6,$-0,$-2,$0,$3,$1,$23,$-5,$0,$-5,$-9,$0,$-9,$0,$-19,$0,$0,$0,$3,$3,$0,$1,$4,$8,$2,$0
16,2014-08-31,31.58,$6.48,4.87,$5.16,6.12,$0.69,46.03,$0.59,53.29,$0.20B,$0.02B,8.22,$0.00B,$0.32B,0.0,$0.26B,$0.13B,49.03%,$0.26B,$0.04B,17.12%,$0.26B,$0.04B,17.12%,$0.26B,$0.06B,21.40%,$0.26B,$0.05B,17.51%,$0.26B,$0.03B,11.67%,$0.03B,$0.32B,10.02%,$0.03B,$0.22B,15.04%,$0.03B,$0.36B,8.87%,$0.04B,$0.32B,14.69%,$68,$34,$34,$2,$18,$54,$13,$0,$14,$5,$9,$9,$9,$16,$13,$49,50,$0.18,$0.18,$88,$55,$0,$201,$43,$0,$102,$11,$156,$358,$24,$0,$2,$14,$39,$6,$191,$0,$319,$358,$9,$3,$0,$3,$0,$-4,$0,$3,$-1,$10,$-3,$0,$0,$1,$0,$1,$0,$-1,$0,$0,$0,$3,$3,$0,$1,$4,$13,$1,$0
17,2014-05-31,28.34,$6.26,4.53,$4.99,5.68,$0.60,47.47,$0.57,49.51,$0.19B,$0.03B,7.56,$0.00B,$0.31B,0.0,$0.25B,$0.12B,49.19%,$0.25B,$0.04B,17.34%,$0.25B,$0.04B,17.34%,$0.25B,$0.05B,21.37%,$0.25B,$0.04B,17.34%,$0.25B,$0.03B,11.69%,$0.03B,$0.31B,10.09%,$0.03B,$0.20B,15.10%,$0.03B,$0.35B,8.90%,$0.04B,$0.31B,14.96%,$67,$35,$32,$2,$19,$56,$11,$0,$11,$4,$8,$8,$8,$14,$11,$49,50,$0.15,$0.15,$76,$51,$0,$189,$42,$0,$103,$12,$157,$345,$25,$0,$2,$14,$39,$6,$182,$0,$306,$345,$28,$9,$-2,$8,$-11,$-4,$2,$-3,$-14,$22,$-12,$0,$-39,$-0,$0,$-0,$0,$-51,$0,$0,$0,$15,$15,$0,$5,$20,$-9,$4,$0
18,2014-02-28,32.49,$5.96,5.45,$4.78,6.79,$0.76,42.95,$0.57,57.25,$0.18B,$0.03B,7.17,$0.00B,$0.29B,0.0,$0.24B,$0.12B,49.79%,$0.24B,$0.04B,17.72%,$0.24B,$0.04B,17.72%,$0.24B,$0.05B,21.52%,$0.24B,$0.04B,17.72%,$0.24B,$0.03B,11.81%,$0.03B,$0.29B,10.16%,$0.03B,$0.19B,15.03%,$0.03B,$0.33B,8.97%,$0.04B,$0.29B,15.25%,$62,$31,$31,$2,$18,$52,$10,$-0,$10,$4,$7,$7,$7,$13,$10,$49,50,$0.14,$0.14,$69,$52,$0,$176,$40,$0,$102,$12,$154,$330,$25,$0,$2,$15,$39,$6,$175,$0,$291,$330,$20,$7,$-1,$5,$-7,$-4,$0,$-1,$-9,$17,$-7,$0,$-39,$10,$0,$10,$0,$-37,$0,$0,$0,$8,$8,$0,$4,$12,$-7,$3,$0
19,2013-11-30,38.15,$5.78,6.6,$4.58,8.33,$0.82,46.34,$0.57,67.23,$0.18B,$0.02B,7.68,$0.00B,$0.28B,0.0,$0.23B,$0.11B,50.44%,$0.23B,$0.04B,18.58%,$0.23B,$0.04B,18.58%,$0.23B,$0.05B,22.12%,$0.23B,$0.04B,18.58%,$0.23B,$0.03B,12.39%,$0.03B,$0.28B,10.60%,$0.03B,$0.19B,15.51%,$0.03B,$0.32B,9.33%,$0.04B,$0.28B,15.89%,$60,$30,$29,$2,$17,$50,$10,$0,$10,$4,$6,$6,$6,$12,$10,$49,50,$0.13,$0.13,$79,$47,$0,$179,$38,$0,$92,$11,$141,$320,$23,$0,$2,$15,$38,$6,$168,$-0,$282,$320,$14,$4,$-0,$4,$-5,$-4,$0,$-0,$-7,$11,$-4,$0,$-22,$-0,$0,$-0,$0,$-27,$0,$0,$0,$7,$7,$0,$2,$9,$-6,$2,$0
20,2013-08-31,27.05,$5.59,4.84,$4.43,6.11,$0.86,31.37,$0.58,46.64,$0.18B,$0.02B,7.79,$0.00B,$0.27B,0.0,$0.22B,$0.11B,51.61%,$0.22B,$0.04B,19.35%,$0.22B,$0.04B,19.35%,$0.22B,$0.05B,23.04%,$0.22B,$0.04B,19.82%,$0.22B,$0.03B,13.36%,$0.03B,$0.27B,11.45%,$0.03B,$0.19B,16.76%,$0.03B,$0.31B,10.09%,$0.04B,$0.27B,16.58%,$59,$28,$30,$2,$16,$46,$12,$-1,$12,$4,$8,$8,$8,$14,$12,$48,49,$0.17,$0.16,$84,$44,$0,$178,$36,$0,$84,$10,$130,$308,$23,$0,$2,$15,$37,$4,$162,$-1,$271,$308,$8,$2,$-1,$1,$-4,$-3,$0,$-0,$-3,$6,$-2,$0,$-10,$-5,$0,$-5,$0,$-17,$0,$0,$0,$4,$4,$0,$2,$5,$-6,$1,$0
21,2013-05-31,27.24,$5.37,5.07,$4.27,6.38,$0.84,32.27,$0.56,48.63,$0.17B,$0.02B,9.51,$0.00B,$0.26B,0.0,$0.21B,$0.11B,51.92%,$0.21B,$0.04B,19.23%,$0.21B,$0.04B,19.23%,$0.21B,$0.05B,23.08%,$0.21B,$0.04B,19.71%,$0.21B,$0.03B,13.46%,$0.03B,$0.26B,11.53%,$0.03B,$0.18B,16.82%,$0.03B,$0.29B,10.15%,$0.04B,$0.26B,16.48%,$56,$28,$28,$2,$16,$46,$10,$-0,$10,$3,$7,$7,$7,$12,$10,$48,49,$0.15,$0.15,$85,$38,$0,$168,$34,$0,$78,$9,$122,$291,$18,$0,$2,$15,$32,$6,$154,$-1,$258,$291,$27,$7,$0,$8,$-3,$-2,$-1,$-2,$-8,$27,$-9,$0,$-13,$-16,$0,$-16,$0,$-38,$0,$0,$0,$10,$10,$0,$3,$12,$1,$3,$0
22,2013-02-28,23.41,$5.14,4.56,$4.13,5.67,$0.69,34.11,$0.54,43.35,$0.16B,$0.02B,7.09,$0.00B,$0.25B,0.0,$0.20B,$0.10B,51.74%,$0.20B,$0.04B,19.40%,$0.20B,$0.04B,19.40%,$0.20B,$0.05B,22.89%,$0.20B,$0.04B,19.40%,$0.20B,$0.03B,13.43%,$0.03B,$0.25B,11.59%,$0.03B,$0.17B,16.98%,$0.03B,$0.28B,10.15%,$0.04B,$0.25B,16.74%,$51,$24,$27,$2,$16,$41,$10,$0,$10,$3,$7,$7,$7,$12,$10,$48,49,$0.14,$0.14,$75,$41,$0,$160,$33,$0,$79,$8,$121,$281,$23,$0,$2,$13,$35,$4,$147,$-1,$246,$281,$20,$5,$0,$6,$-3,$-5,$0,$-1,$-6,$20,$-7,$0,$-13,$-6,$0,$-6,$0,$-26,$0,$0,$0,$5,$5,$0,$2,$6,$-0,$2,$0
23,2012-11-30,22.78,$4.98,4.57,$4.02,5.66,$0.47,48.25,$0.52,44.22,$0.15B,$0.02B,8.33,$0.00B,$0.24B,0.0,$0.20B,$0.10B,51.28%,$0.20B,$0.04B,18.97%,$0.20B,$0.04B,18.97%,$0.20B,$0.04B,22.05%,$0.20B,$0.04B,18.97%,$0.20B,$0.03B,12.82%,$0.03B,$0.24B,11.16%,$0.03B,$0.16B,16.34%,$0.03B,$0.27B,9.78%,$0.04B,$0.24B,16.52%,$51,$23,$27,$2,$15,$40,$10,$0,$11,$4,$7,$7,$7,$12,$10,$48,49,$0.14,$0.14,$71,$38,$0,$153,$31,$0,$77,$9,$117,$270,$18,$0,$3,$14,$32,$4,$140,$-1,$238,$270,$13,$3,$-0,$3,$-1,$-2,$0,$-1,$-5,$11,$-3,$0,$-10,$-10,$0,$-10,$0,$-23,$0,$0,$0,$3,$3,$0,$1,$4,$-8,$1,$0
24,2012-08-31,19.52,$4.82,4.05,$3.91,4.99,$0.25,77.74,$0.49,40.25,$0.15B,$0.02B,8.05,$0.00B,$0.23B,0.0,$0.19B,$0.10B,50.79%,$0.19B,$0.04B,18.52%,$0.19B,$0.04B,18.52%,$0.19B,$0.04B,21.69%,$0.19B,$0.03B,17.99%,$0.19B,$0.02B,12.17%,$0.02B,$0.23B,10.69%,$0.02B,$0.16B,15.67%,$0.02B,$0.26B,9.32%,$0.04B,$0.23B,16.26%,$50,$23,$26,$2,$14,$39,$10,$0,$10,$4,$7,$7,$7,$12,$10,$47,48,$0.14,$0.14,$75,$35,$0,$153,$31,$0,$69,$9,$108,$261,$19,$0,$3,$13,$32,$4,$133,$-1,$229,$261,$7,$2,$-0,$1,$-2,$0,$0,$-1,$-4,$4,$-2,$0,$0,$-10,$0,$-10,$0,$-12,$0,$0,$0,$2,$2,$0,$1,$3,$-5,$1,$0
25,2012-05-31,19.47,$4.64,4.2,$3.83,5.08,$0.09,228.79,$0.47,41.43,$0.14B,$0.02B,7.21,$0.00B,$0.22B,0.0,$0.19B,$0.09B,50.27%,$0.19B,$0.03B,18.38%,$0.19B,$0.03B,18.38%,$0.19B,$0.04B,21.62%,$0.19B,$0.03B,17.84%,$0.19B,$0.02B,11.89%,$0.02B,$0.22B,10.62%,$0.02B,$0.15B,15.86%,$0.02B,$0.25B,9.22%,$0.03B,$0.22B,16.41%,$49,$25,$24,$2,$14,$40,$9,$-0,$8,$2,$6,$6,$6,$10,$9,$47,48,$0.13,$0.12,$69,$35,$0,$144,$30,$0,$69,$9,$108,$252,$20,$0,$3,$13,$33,$4,$127,$-1,$219,$252,$22,$6,$2,$8,$-7,$-3,$2,$1,$-8,$22,$-12,$0,$-4,$1,$0,$1,$0,$-16,$0,$0,$0,$6,$6,$0,$1,$7,$13,$2,$0
26,2012-02-29,17.35,$4.46,3.89,$3.74,4.64,$0.32,53.87,$0.47,36.91,$0.14B,$0.02B,7.81,$0.00B,$0.21B,0.0,$0.18B,$0.09B,50.56%,$0.18B,$0.03B,18.89%,$0.18B,$0.03B,18.89%,$0.18B,$0.04B,22.22%,$0.18B,$0.03B,18.89%,$0.18B,$0.02B,12.22%,$0.02B,$0.21B,11.01%,$0.02B,$0.14B,16.76%,$0.02B,$0.24B,9.54%,$0.03B,$0.21B,17.02%,$45,$22,$23,$2,$14,$37,$8,$1,$8,$3,$5,$5,$5,$9,$8,$47,48,$0.11,$0.11,$61,$36,$0,$136,$30,$0,$68,$7,$104,$240,$17,$0,$5,$13,$30,$4,$121,$-1,$210,$240,$16,$4,$0,$5,$-6,$-4,$0,$2,$-8,$13,$-11,$0,$-1,$2,$0,$2,$0,$-10,$0,$0,$0,$3,$3,$0,$1,$4,$7,$2,$0
27,2011-11-30,17.62,$4.32,4.08,$3.69,4.78,$0.66,26.67,$0.47,37.88,$0.13B,$0.02B,7.08,$0.00B,$0.20B,0.0,$0.18B,$0.09B,50.28%,$0.18B,$0.03B,19.21%,$0.18B,$0.03B,19.21%,$0.18B,$0.04B,22.60%,$0.18B,$0.03B,19.21%,$0.18B,$0.02B,12.43%,$0.02B,$0.20B,11.47%,$0.02B,$0.14B,17.89%,$0.02B,$0.23B,9.88%,$0.03B,$0.20B,17.73%,$45,$22,$23,$2,$13,$37,$8,$-0,$8,$3,$5,$5,$5,$10,$8,$47,48,$0.11,$0.11,$56,$36,$0,$130,$29,$0,$68,$7,$104,$234,$18,$0,$4,$13,$31,$4,$115,$-1,$203,$234,$11,$3,$-0,$3,$-3,$-4,$0,$-1,$-8,$6,$-9,$0,$-1,$2,$0,$2,$0,$-8,$0,$0,$0,$3,$3,$0,$1,$3,$1,$1,$0
28,2011-08-31,17.36,$4.21,4.13,$3.67,4.72,$1.06,16.42,$0.49,35.79,$0.12B,$0.02B,6.81,$0.00B,$0.20B,0.0,$0.18B,$0.09B,50.00%,$0.18B,$0.04B,20.45%,$0.18B,$0.04B,20.45%,$0.18B,$0.04B,23.30%,$0.18B,$0.04B,20.45%,$0.18B,$0.02B,13.07%,$0.02B,$0.20B,12.50%,$0.02B,$0.13B,20.04%,$0.02B,$0.23B,10.69%,$0.04B,$0.20B,19.57%,$46,$23,$23,$2,$12,$36,$9,$-0,$9,$3,$6,$6,$6,$11,$9,$47,48,$0.13,$0.13,$51,$34,$0,$124,$28,$0,$68,$7,$103,$228,$18,$0,$4,$13,$31,$4,$110,$-1,$197,$228,$6,$1,$0,$1,$-4,$-2,$0,$-0,$-6,$1,$-7,$0,$-1,$-9,$0,$-9,$0,$-17,$0,$0,$0,$1,$1,$0,$0,$2,$-14,$1,$0
29,2011-05-31,22.42,$4.06,5.53,$3.64,6.16,$1.38,16.2,$0.49,46.23,$0.12B,$0.02B,6.88,$0.00B,$0.19B,0.0,$0.17B,$0.09B,50.87%,$0.17B,$0.04B,21.39%,$0.17B,$0.04B,21.39%,$0.17B,$0.04B,23.70%,$0.17B,$0.04B,20.81%,$0.17B,$0.02B,13.29%,$0.02B,$0.19B,13.14%,$0.02B,$0.12B,21.80%,$0.02B,$0.22B,11.17%,$0.04B,$0.19B,21.14%,$44,$22,$22,$2,$12,$35,$9,$0,$9,$3,$6,$6,$6,$10,$9,$46,48,$0.13,$0.12,$56,$32,$0,$123,$22,$0,$69,$6,$97,$220,$18,$0,$5,$13,$31,$4,$104,$-0,$189,$220,$23,$5,$1,$7,$-1,$-0,$1,$0,$-1,$29,$-8,$0,$0,$-20,$0,$-20,$0,$-28,$0,$0,$0,$10,$10,$0,$2,$12,$13,$2,$0
30,2011-02-28,18.7,$3.85,4.86,$3.57,5.24,$1.43,13.07,$0.46,40.64,$0.11B,$0.02B,5.57,$0.00B,$0.18B,0.0,$0.17B,$0.09B,51.19%,$0.17B,$0.04B,20.83%,$0.17B,$0.04B,20.83%,$0.17B,$0.04B,23.21%,$0.17B,$0.03B,20.24%,$0.17B,$0.02B,13.10%,$0.02B,$0.18B,13.25%,$0.02B,$0.11B,22.86%,$0.02B,$0.21B,11.22%,$0.04B,$0.18B,21.08%,$42,$22,$21,$2,$11,$34,$8,$-0,$8,$3,$5,$5,$5,$9,$8,$46,48,$0.11,$0.11,$48,$31,$0,$113,$21,$0,$70,$6,$96,$209,$20,$0,$5,$11,$31,$4,$98,$-1,$178,$209,$17,$4,$1,$5,$-1,$0,$0,$0,$2,$24,$-5,$0,$0,$-17,$0,$-17,$0,$-23,$0,$0,$0,$5,$5,$0,$1,$6,$7,$2,$0
31,2010-11-30,18.58,$3.72,4.99,$3.42,5.43,$1.45,12.77,$0.44,42.22,$0.11B,$0.02B,5.08,$0.00B,$0.17B,0.0,$0.16B,$0.08B,51.25%,$0.16B,$0.03B,20.63%,$0.16B,$0.03B,20.63%,$0.16B,$0.04B,23.13%,$0.16B,$0.03B,20.00%,$0.16B,$0.02B,13.13%,$0.02B,$0.17B,13.29%,$0.02B,$0.10B,22.76%,$0.02B,$0.20B,11.35%,$0.03B,$0.17B,20.89%,$44,$21,$22,$2,$11,$34,$10,$-0,$10,$3,$6,$6,$6,$11,$10,$46,47,$0.14,$0.13,$44,$31,$0,$108,$21,$0,$70,$5,$96,$204,$21,$0,$5,$10,$32,$4,$93,$-1,$172,$204,$12,$3,$1,$4,$-0,$0,$0,$0,$4,$20,$-3,$0,$0,$-17,$0,$-17,$0,$-21,$0,$0,$0,$5,$5,$0,$1,$5,$4,$1,$0
32,2010-08-31,14.61,$3.54,4.13,$3.26,4.49,$1.44,10.15,$0.41,35.63,$0.10B,$0.02B,4.9,$0.00B,$0.16B,0.0,$0.15B,$0.08B,52.32%,$0.15B,$0.03B,19.87%,$0.15B,$0.03B,19.87%,$0.15B,$0.03B,22.52%,$0.15B,$0.03B,19.21%,$0.15B,$0.02B,13.25%,$0.02B,$0.16B,13.29%,$0.02B,$0.09B,22.22%,$0.02B,$0.19B,11.48%,$0.03B,$0.16B,19.93%,$43,$20,$23,$2,$11,$33,$10,$-0,$9,$3,$6,$6,$6,$11,$10,$45,47,$0.13,$0.13,$34,$30,$0,$96,$20,$0,$70,$5,$95,$191,$20,$0,$4,$10,$30,$4,$87,$-1,$161,$191,$6,$1,$1,$2,$1,$1,$0,$-0,$4,$12,$-2,$0,$0,$-11,$0,$-11,$0,$-13,$0,$0,$0,$1,$1,$0,$0,$1,$-0,$1,$0
33,2010-05-31,12.86,$3.38,3.8,$3.05,4.22,$1.41,9.15,$0.38,33.68,$0.09B,$0.02B,5.05,$0.00B,$0.15B,0.0,$0.14B,$0.07B,52.14%,$0.14B,$0.03B,19.29%,$0.14B,$0.03B,19.29%,$0.14B,$0.03B,22.14%,$0.14B,$0.03B,19.29%,$0.14B,$0.02B,12.86%,$0.02B,$0.15B,12.50%,$0.02B,$0.08B,20.22%,$0.02B,$0.18B,10.94%,$0.03B,$0.15B,18.75%,$39,$19,$20,$2,$11,$32,$7,$0,$7,$3,$5,$5,$5,$8,$7,$45,46,$0.10,$0.10,$23,$31,$0,$86,$19,$0,$70,$5,$94,$180,$17,$0,$4,$10,$27,$4,$81,$-2,$153,$180,$18,$4,$1,$6,$-2,$0,$3,$0,$5,$28,$-5,$0,$-20,$0,$0,$0,$0,$-26,$0,$0,$0,$6,$6,$0,$1,$7,$9,$2,$0
34,2010-02-28,12.12,$3.24,3.73,$2.89,4.2,$1.10,11.04,$0.36,33.8,$0.09B,$0.02B,6.15,$0.00B,$0.15B,0.0,$0.13B,$0.07B,51.52%,$0.13B,$0.03B,18.94%,$0.13B,$0.03B,18.94%,$0.13B,$0.03B,21.97%,$0.13B,$0.03B,18.94%,$0.13B,$0.02B,12.12%,$0.02B,$0.15B,11.59%,$0.02B,$0.09B,18.18%,$0.02B,$0.17B,10.32%,$0.03B,$0.15B,18.12%,$34,$16,$17,$2,$10,$28,$6,$0,$6,$2,$4,$4,$4,$7,$6,$45,46,$0.09,$0.09,$31,$32,$0,$90,$17,$0,$54,$5,$75,$165,$15,$0,$2,$4,$19,$4,$76,$-0,$146,$165,$13,$3,$1,$4,$-0,$0,$0,$-1,$5,$22,$-2,$0,$-6,$0,$0,$0,$0,$-9,$0,$0,$0,$4,$4,$0,$1,$5,$17,$2,$0
35,2009-11-30,10.85,$3.15,3.44,$2.77,3.92,$0.78,13.85,$0.34,32.21,$0.09B,$0.02B,6.08,$0.00B,$0.14B,0.0,$0.13B,$0.06B,50.79%,$0.13B,$0.02B,18.25%,$0.13B,$0.02B,18.25%,$0.13B,$0.03B,21.43%,$0.13B,$0.02B,18.25%,$0.13B,$0.02B,11.90%,$0.02B,$0.14B,11.30%,$0.02B,$0.09B,17.75%,$0.02B,$0.16B,10.08%,$0.02B,$0.14B,17.33%,$35,$17,$19,$2,$10,$28,$7,$-0,$7,$3,$5,$5,$5,$8,$7,$45,46,$0.11,$0.10,$32,$30,$0,$91,$17,$0,$48,$5,$70,$161,$15,$0,$2,$4,$19,$4,$73,$-0,$142,$161,$9,$2,$0,$2,$-2,$1,$0,$-0,$5,$16,$-2,$0,$0,$0,$0,$0,$0,$-2,$0,$0,$0,$3,$3,$0,$1,$4,$19,$1,$0
36,2009-08-31,9.33,$3.03,3.08,$2.69,3.47,$0.54,17.35,$0.32,28.86,$0.08B,$0.01B,6.55,$0.00B,$0.14B,0.0,$0.12B,$0.06B,50.00%,$0.12B,$0.02B,18.03%,$0.12B,$0.02B,18.03%,$0.12B,$0.03B,21.31%,$0.12B,$0.02B,18.03%,$0.12B,$0.01B,11.48%,$0.01B,$0.14B,10.98%,$0.01B,$0.09B,17.55%,$0.01B,$0.15B,9.81%,$0.02B,$0.14B,17.25%,$32,$15,$17,$1,$9,$25,$7,$0,$7,$3,$4,$4,$4,$8,$7,$44,46,$0.10,$0.10,$24,$30,$0,$81,$17,$0,$48,$5,$70,$152,$12,$0,$2,$4,$17,$2,$68,$0,$135,$152,$4,$1,$0,$1,$-1,$1,$0,$0,$3,$9,$-1,$0,$0,$0,$0,$0,$0,$-1,$0,$0,$0,$1,$1,$0,$0,$2,$10,$1,$0
37,2009-05-31,7.35,$2.91,2.52,$2.62,2.8,$0.41,17.94,$0.31,23.7,$0.07B,$0.01B,7.76,$0.00B,$0.13B,0.0,$0.12B,$0.06B,49.58%,$0.12B,$0.02B,17.65%,$0.12B,$0.02B,17.65%,$0.12B,$0.03B,21.01%,$0.12B,$0.02B,17.65%,$0.12B,$0.01B,11.76%,$0.01B,$0.13B,11.41%,$0.01B,$0.08B,18.60%,$0.01B,$0.14B,10.14%,$0.02B,$0.13B,17.11%,$31,$15,$15,$1,$9,$25,$5,$0,$5,$2,$3,$3,$3,$6,$5,$44,45,$0.07,$0.08,$14,$31,$0,$72,$17,$0,$50,$4,$70,$142,$9,$0,$2,$4,$13,$4,$64,$-0,$129,$142,$14,$4,$3,$7,$-4,$-4,$-3,$-0,$-10,$11,$-3,$0,$-11,$0,$0,$0,$0,$-14,$0,$0,$0,$2,$2,$0,$1,$3,$-0,$2,$0
38,2009-02-28,7.08,$2.82,2.51,$2.54,2.79,$0.35,20.28,$0.30,23.35,$0.07B,$0.01B,6.26,$0.00B,$0.13B,0.0,$0.12B,$0.06B,50.43%,$0.12B,$0.02B,18.26%,$0.12B,$0.02B,18.26%,$0.12B,$0.03B,21.74%,$0.12B,$0.02B,18.26%,$0.12B,$0.01B,12.17%,$0.01B,$0.13B,11.84%,$0.01B,$0.08B,19.11%,$0.01B,$0.14B,10.45%,$0.02B,$0.13B,17.76%,$28,$15,$13,$1,$8,$24,$4,$1,$4,$1,$3,$3,$3,$5,$4,$44,45,$0.07,$0.06,$14,$33,$0,$73,$17,$0,$46,$5,$67,$140,$12,$0,$1,$4,$15,$2,$60,$-1,$125,$140,$10,$3,$1,$4,$-3,$-6,$0,$-1,$-8,$6,$-2,$0,$-8,$0,$0,$0,$0,$-10,$0,$0,$0,$3,$3,$0,$0,$3,$-1,$2,$0
39,2008-11-30,7.53,$2.74,2.75,$2.49,3.02,$0.35,21.53,$0.30,25.1,$0.07B,$0.01B,5.82,$0.00B,$0.12B,0.0,$0.11B,$0.06B,51.79%,$0.11B,$0.02B,18.75%,$0.11B,$0.02B,18.75%,$0.11B,$0.03B,22.32%,$0.11B,$0.02B,18.75%,$0.11B,$0.01B,12.50%,$0.01B,$0.12B,12.36%,$0.01B,$0.07B,20.07%,$0.01B,$0.14B,10.85%,$0.02B,$0.12B,18.54%,$31,$15,$16,$1,$9,$25,$6,$0,$6,$2,$4,$4,$4,$7,$6,$44,45,$0.09,$0.09,$13,$31,$0,$69,$17,$0,$47,$4,$67,$137,$12,$0,$2,$4,$16,$2,$57,$-1,$121,$137,$8,$2,$1,$3,$-3,$-4,$0,$0,$-5,$5,$-2,$0,$-8,$0,$0,$0,$0,$-9,$0,$0,$0,$2,$2,$0,$1,$3,$-2,$1,$0
40,2008-08-31,8.69,$2.66,3.27,$2.42,3.6,$0.30,29.19,$0.29,30.32,$0.07B,$0.01B,5.06,$0.00B,$0.12B,0.0,$0.11B,$0.06B,51.85%,$0.11B,$0.02B,18.52%,$0.11B,$0.02B,18.52%,$0.11B,$0.02B,22.22%,$0.11B,$0.02B,18.52%,$0.11B,$0.01B,12.04%,$0.01B,$0.12B,11.98%,$0.01B,$0.07B,19.33%,$0.01B,$0.13B,10.53%,$0.02B,$0.12B,18.43%,$29,$14,$15,$1,$8,$23,$6,$0,$6,$2,$4,$4,$4,$7,$6,$44,45,$0.09,$0.08,$10,$30,$0,$65,$17,$0,$47,$4,$68,$133,$13,$0,$2,$4,$17,$2,$53,$1,$116,$133,$4,$1,$0,$1,$-2,$-2,$0,$0,$-2,$3,$-1,$0,$-8,$0,$0,$0,$0,$-8,$0,$0,$0,$1,$1,$0,$0,$1,$-5,$0,$0
41,2008-05-31,8.78,$2.55,3.44,$2.30,3.82,$0.23,38.46,$0.27,32.13,$0.07B,$0.01B,5.89,$0.00B,$0.11B,0.0,$0.10B,$0.05B,51.96%,$0.10B,$0.02B,18.63%,$0.10B,$0.02B,18.63%,$0.10B,$0.02B,21.57%,$0.10B,$0.02B,18.63%,$0.10B,$0.01B,11.76%,$0.01B,$0.11B,11.59%,$0.01B,$0.07B,18.60%,$0.01B,$0.13B,10.21%,$0.02B,$0.11B,18.36%,$27,$13,$14,$1,$9,$22,$5,$0,$5,$2,$3,$3,$3,$6,$5,$43,45,$0.07,$0.07,$14,$28,$0,$66,$17,$0,$40,$4,$61,$126,$11,$0,$2,$4,$15,$2,$50,$0,$111,$126,$12,$4,$2,$5,$-4,$-6,$2,$-0,$-10,$8,$-2,$0,$-10,$0,$0,$0,$0,$-13,$0,$0,$0,$5,$5,$0,$1,$6,$1,$2,$0
42,2008-02-29,9.0,$2.44,3.69,$2.23,4.03,$0.24,38.02,$0.26,35.06,$0.06B,$0.01B,5.16,$0.00B,$0.11B,0.0,$0.10B,$0.05B,52.04%,$0.10B,$0.02B,17.35%,$0.10B,$0.02B,17.35%,$0.10B,$0.02B,20.41%,$0.10B,$0.02B,17.35%,$0.10B,$0.01B,11.22%,$0.01B,$0.11B,11.14%,$0.01B,$0.07B,17.96%,$0.01B,$0.12B,9.80%,$0.02B,$0.11B,17.22%,$25,$13,$13,$1,$8,$21,$4,$0,$4,$1,$3,$3,$3,$5,$4,$43,45,$0.06,$0.06,$11,$26,$0,$59,$17,$0,$40,$5,$61,$120,$11,$0,$2,$3,$14,$2,$47,$0,$105,$120,$9,$3,$1,$3,$-3,$-4,$0,$-0,$-6,$6,$-2,$0,$-10,$0,$0,$0,$0,$-12,$0,$0,$0,$3,$3,$0,$0,$3,$-2,$1,$0
43,2007-11-30,8.84,$2.36,3.74,$2.16,4.09,$0.17,53.49,$0.24,36.32,$0.06B,$0.01B,5.57,$0.00B,$0.10B,0.0,$0.09B,$0.05B,52.13%,$0.09B,$0.02B,17.02%,$0.09B,$0.02B,17.02%,$0.09B,$0.02B,20.21%,$0.09B,$0.02B,17.02%,$0.09B,$0.01B,10.64%,$0.01B,$0.10B,10.58%,$0.01B,$0.06B,16.67%,$0.01B,$0.12B,9.32%,$0.02B,$0.10B,16.93%,$27,$13,$14,$1,$8,$22,$5,$0,$5,$2,$3,$3,$3,$6,$5,$43,45,$0.08,$0.07,$10,$23,$0,$57,$17,$0,$37,$4,$58,$115,$10,$0,$2,$3,$13,$2,$44,$1,$102,$115,$6,$2,$1,$2,$-4,$-2,$0,$-0,$-6,$2,$-1,$0,$-7,$0,$0,$0,$0,$-8,$0,$0,$0,$2,$2,$0,$0,$2,$-3,$1,$0
44,2007-08-31,7.07,$2.27,3.12,$2.08,3.41,$0.15,45.93,$0.23,31.05,$0.05B,$0.01B,5.39,$0.00B,$0.10B,0.0,$0.09B,$0.05B,52.81%,$0.09B,$0.02B,16.85%,$0.09B,$0.02B,16.85%,$0.09B,$0.02B,19.10%,$0.09B,$0.02B,16.85%,$0.09B,$0.01B,10.11%,$0.01B,$0.10B,9.97%,$0.01B,$0.06B,15.65%,$0.01B,$0.11B,8.74%,$0.02B,$0.10B,16.62%,$23,$11,$12,$1,$7,$18,$5,$0,$5,$2,$3,$3,$3,$5,$5,$42,44,$0.07,$0.07,$7,$22,$0,$50,$17,$0,$38,$4,$59,$109,$9,$0,$2,$3,$13,$2,$41,$0,$96,$109,$3,$1,$0,$1,$-2,$-1,$0,$0,$-4,$-0,$-1,$0,$-7,$0,$0,$0,$0,$-7,$0,$0,$0,$1,$1,$0,$0,$1,$-7,$0,$0
45,2007-05-31,6.08,$2.19,2.78,$2.03,2.99,$0.14,42.4,$0.22,28.22,$0.05B,$0.01B,5.09,$0.00B,$0.09B,0.0,$0.09B,$0.05B,52.33%,$0.09B,$0.01B,16.28%,$0.09B,$0.01B,16.28%,$0.09B,$0.02B,18.60%,$0.09B,$0.01B,16.28%,$0.09B,$0.01B,9.30%,$0.01B,$0.09B,9.20%,$0.01B,$0.06B,14.29%,$0.01B,$0.11B,8.06%,$0.01B,$0.09B,16.09%,$23,$11,$12,$1,$8,$19,$3,$0,$3,$1,$2,$2,$2,$4,$3,$41,42,$0.05,$0.05,$13,$19,$0,$51,$16,$0,$34,$4,$54,$105,$10,$0,$2,$3,$13,$2,$38,$0,$92,$105,$9,$3,$2,$5,$-2,$-1,$2,$-1,$-4,$10,$-5,$0,$0,$0,$0,$0,$0,$-5,$-10,$0,$-10,$15,$15,$0,$1,$6,$11,$1,$0
46,2007-02-28,5.08,$2.12,2.4,$2.02,2.51,$0.25,20.46,$0.21,24.04,$0.05B,$0.01B,5.25,$0.00B,$0.09B,0.0,$0.08B,$0.04B,51.81%,$0.08B,$0.01B,16.87%,$0.08B,$0.01B,16.87%,$0.08B,$0.02B,19.28%,$0.08B,$0.01B,16.87%,$0.08B,$0.01B,9.64%,$0.01B,$0.09B,9.97%,$0.01B,$0.06B,16.41%,$0.01B,$0.10B,8.42%,$0.01B,$0.09B,16.92%,$21,$10,$11,$1,$7,$18,$3,$0,$3,$1,$2,$2,$2,$4,$3,$42,43,$0.05,$0.05,$8,$18,$0,$47,$16,$0,$28,$10,$53,$100,$9,$0,$0,$3,$12,$1,$35,$0,$88,$100,$7,$2,$1,$3,$-2,$-1,$0,$-2,$-6,$4,$-3,$0,$0,$0,$0,$0,$0,$-3,$-10,$0,$-10,$15,$15,$0,$0,$5,$6,$1,$0
47,2006-11-30,4.52,$2.06,2.19,$1.99,2.27,$0.35,12.93,$0.21,21.86,$0.05B,$0.01B,4.68,$0.00B,$0.09B,0.0,$0.08B,$0.04B,51.25%,$0.08B,$0.01B,16.25%,$0.08B,$0.01B,16.25%,$0.08B,$0.02B,18.75%,$0.08B,$0.01B,16.25%,$0.08B,$0.01B,8.75%,$0.01B,$0.09B,9.49%,$0.01B,$0.05B,17.07%,$0.01B,$0.10B,7.65%,$0.01B,$0.09B,16.40%,$22,$10,$12,$1,$7,$18,$4,$0,$4,$1,$2,$2,$2,$4,$4,$41,42,$0.06,$0.06,$7,$18,$0,$45,$15,$0,$31,$6,$53,$98,$10,$0,$0,$3,$13,$1,$33,$0,$85,$98,$5,$2,$1,$2,$-2,$-1,$0,$-1,$-4,$3,$-2,$0,$-0,$0,$0,$0,$0,$-2,$-10,$0,$-10,$14,$14,$0,$0,$4,$5,$1,$0
