,Date,Stock Price,Book Value per Share,Price to Book Ratio,TTM Sales per Share,Price to Sales Ratio,TTM FCF per Share,Price to FCF Ratio,TTM Net EPS,PE Ratio,Current Assets,Current Liabilities,Current Ratio,Long Term Debt,Shareholder's Equity_x,Debt to Equity Ratio,TTM Revenue_x,TTM Gross Profit,Gross Margin,TTM Revenue_y,TTM Operating Income,Operating Margin,TTM Revenue_x,TTM EBIT,EBIT Margin,TTM Revenue_y,TTM EBITDA,EBITDA Margin,TTM Revenue_x,TTM Pre-Tax Income,Pre-Tax Margin,TTM Revenue_y,TTM Net Income_x,Net Margin,TTM Net Income_y,Shareholder's Equity_y,Return on Equity,TTM Net Income_x,Tangible Equity,Return on Tangible Equity,TTM Net Income_y,Total Assets,Return on Assets,TTM Net Income,LT Investments & Debt,Return on Investment,revenue,cost-goods-sold,gross-profit,research-development-expenses,selling-general-administrative-expenses,operating-expenses,operating-income,total-non-operating-income-expense,pre-tax-income,total-provision-income-taxes,income-after-taxes,income-from-continuous-operations,net-income,ebitda,ebit,basic-shares-outstanding,shares-outstanding,eps-basic-net-earnings-per-share,eps-earnings-per-share-diluted,cash-on-hand,inventory,other-current-assets,total-current-assets,net-property-plant-equipment,long-term-investments,goodwill-intangible-assets-total,other-long-term-assets,total-long-term-assets,total-assets,total-current-liabilities,long-term-debt,other-non-current-liabilities,total-long-term-liabilities,total-liabilities,common-stock-net,retained-earnings-accumulated-deficit,comprehensive-income,total-share-holder-equity,total-liabilities-share-holders-equity,net-income-loss,total-depreciation-amortization-cash-flow,other-non-cash-items,total-non-cash-items,change-in-accounts-receivable,change-in-inventories,change-in-accounts-payable,change-in-assets-liabilities,total-change-in-assets-liabilities,cash-flow-from-operating-activities,net-change-in-property-plant-equipment,net-change-in-intangible-assets,net-acquisitions-divestitures,net-change-in-short-term-investments,net-change-in-long-term-investments,net-change-in-investments-total,investing-activities-other,cash-flow-from-investing-activities,net-long-term-debt,net-current-debt,debt-issuance-retirement-net-total,net-common-equity-issued-repurchased,net-total-equity-issued-repurchased,total-common-preferred-stock-dividends-paid,financial-activities-other,cash-flow-from-financial-activities,net-cash-flow,stock-based-compensation,common-stock-dividends-paid
0,2018-09-30,0.35,$1.03,0.34,$1.67,0.21,$-1.99,0.0,$-0.74,0.0,$0.01B,$0.00B,2.97,$0.00B,$0.01B,0.21,$0.01B,$0.01B,88.89%,$0.01B,$-0.01B,-55.56%,$0.01B,$-0.01B,-55.56%,$0.01B,$-0.01B,-55.56%,$0.01B,$-0.01B,-55.56%,$0.01B,$-0.01B,-55.56%,$-0.01B,$0.01B,-68.97%,$-0.01B,$0.01B,-68.97%,$-0.01B,$0.01B,-42.55%,$-0.01B,$0.01B,-57.14%,$2,$0,$2,$1,$1,$3,$-1,$-0,$-1,$0,$-1,$-1,$-1,$-1,$-1,$6,6,$-0.14,$-0.14,$3,$1,$0,$7,$3,$0,$0,$0,$3,$10,$2,$1,$0,$1,$4,$0,$-185,$-1,$6,$10,$-3,$1,$0,$1,$1,$-0,$0,$-1,$-0,$-2,$-0,$0,$0,$0,$0,$0,$0,$-0,$-0,$0,$-0,$0,$0,$0,$0,$-0,$-3,$0,$0
1,2018-06-30,0.38,$1.19,0.32,$1.76,0.21,$-2.53,0.0,$-0.80,0.0,$0.01B,$0.00B,2.9,$0.00B,$0.01B,0.18,$0.01B,$0.01B,88.89%,$0.01B,$-0.01B,-55.56%,$0.01B,$-0.01B,-55.56%,$0.01B,$-0.01B,-55.56%,$0.01B,$-0.01B,-55.56%,$0.01B,$-0.01B,-55.56%,$-0.01B,$0.01B,-60.61%,$-0.01B,$0.01B,-60.61%,$-0.01B,$0.01B,-37.74%,$-0.01B,$0.01B,-50.00%,$2,$0,$2,$1,$2,$3,$-1,$-0,$-1,$0,$-1,$-1,$-1,$-1,$-1,$6,6,$-0.20,$-0.20,$4,$1,$0,$8,$3,$0,$0,$0,$3,$11,$3,$1,$0,$1,$4,$0,$-184,$-1,$7,$11,$-2,$1,$0,$1,$1,$-0,$0,$-0,$0,$-1,$-0,$0,$0,$0,$0,$0,$0,$-0,$-0,$0,$-0,$0,$0,$0,$0,$-0,$-2,$0,$0
2,2018-03-31,0.42,$1.44,0.29,$1.92,0.22,$-3.01,0.0,$-0.80,0.0,$0.01B,$0.00B,3.29,$0.00B,$0.01B,0.18,$0.01B,$0.01B,88.89%,$0.01B,$-0.01B,-55.56%,$0.01B,$-0.01B,-55.56%,$0.01B,$-0.01B,-55.56%,$0.01B,$-0.01B,-55.56%,$0.01B,$-0.01B,-55.56%,$-0.01B,$0.01B,-71.43%,$-0.01B,$0.01B,-71.43%,$-0.01B,$0.01B,-37.74%,$-0.01B,$0.01B,-55.56%,$2,$0,$2,$2,$2,$3,$-1,$-0,$-1,$0,$-1,$-1,$-1,$-1,$-1,$6,6,$-0.10,$-0.10,$5,$1,$0,$10,$3,$0,$0,$0,$3,$13,$3,$2,$0,$2,$4,$0,$-183,$-0,$8,$13,$-1,$0,$0,$0,$0,$-0,$0,$-0,$0,$-1,$-0,$0,$0,$0,$0,$0,$0,$-0,$-0,$0,$-0,$0,$0,$0,$0,$-0,$-1,$0,$0
3,2017-12-31,0.74,$1.34,0.55,$1.99,0.37,$-3.24,0.0,$-0.90,0.0,$0.01B,$0.00B,2.73,$0.00B,$0.01B,0.21,$0.01B,$0.01B,88.89%,$0.01B,$-0.01B,-55.56%,$0.01B,$-0.01B,-55.56%,$0.01B,$-0.01B,-55.56%,$0.01B,$-0.01B,-55.56%,$0.01B,$-0.01B,-55.56%,$-0.01B,$0.01B,-86.96%,$-0.01B,$0.01B,-86.96%,$-0.01B,$0.01B,-41.67%,$-0.01B,$0.01B,-66.67%,$3,$2,$2,$2,$2,$5,$-2,$-0,$-2,$0,$-2,$-2,$-2,$-2,$-2,$5,5,$-0.30,$-0.30,$6,$1,$0,$10,$3,$0,$0,$0,$3,$13,$4,$2,$0,$2,$5,$0,$-184,$-0,$8,$13,$-5,$1,$0,$1,$1,$-0,$0,$-0,$-1,$-6,$-1,$0,$0,$0,$0,$0,$0,$-1,$-0,$0,$-0,$9,$9,$0,$0,$9,$2,$0,$0
4,2017-09-30,1.28,$1.71,0.75,$2.00,0.64,$-3.64,0.0,$-0.70,0.0,$0.01B,$0.00B,3.13,$0.00B,$0.01B,0.18,$0.01B,$0.01B,100.00%,$0.01B,$-0.00B,-33.33%,$0.01B,$-0.00B,-33.33%,$0.01B,$-0.00B,-33.33%,$0.01B,$-0.00B,-33.33%,$0.01B,$-0.00B,-33.33%,$-0.00B,$0.01B,-63.16%,$-0.00B,$0.01B,-63.16%,$-0.00B,$0.02B,-26.67%,$-0.00B,$0.01B,-48.00%,$2,$0,$2,$2,$2,$4,$-1,$-0,$-1,$-0,$-1,$-1,$-1,$-1,$-1,$6,6,$-0.20,$-0.20,$7,$2,$0,$12,$4,$0,$0,$0,$4,$16,$4,$2,$0,$2,$6,$0,$-182,$0,$10,$16,$-3,$1,$0,$1,$1,$-2,$0,$-1,$-2,$-5,$-1,$0,$0,$0,$0,$0,$0,$-1,$-0,$0,$-0,$9,$9,$0,$0,$9,$3,$0,$0
5,2017-06-30,1.08,$0.46,2.36,$1.94,0.56,$-3.66,0.0,$-1.00,0.0,$0.01B,$0.01B,1.06,$0.00B,$0.00B,0.86,$0.01B,$0.01B,100.00%,$0.01B,$-0.00B,-44.44%,$0.01B,$-0.00B,-44.44%,$0.01B,$-0.00B,-44.44%,$0.01B,$-0.00B,-44.44%,$0.01B,$-0.00B,-44.44%,$-0.00B,$0.00B,-114.29%,$-0.00B,$0.00B,-114.29%,$-0.00B,$0.01B,-40.00%,$-0.00B,$0.00B,-84.21%,$2,$0,$2,$1,$2,$4,$-1,$-0,$-1,$-0,$-1,$-1,$-1,$-1,$-1,$5,5,$-0.20,$-0.20,$2,$2,$0,$7,$4,$0,$0,$0,$4,$11,$7,$2,$0,$2,$9,$0,$-181,$-0,$2,$11,$-2,$0,$0,$0,$0,$-2,$0,$-1,$-1,$-3,$-1,$0,$0,$0,$0,$0,$0,$-1,$2,$0,$2,$0,$0,$0,$0,$2,$-2,$0,$0
6,2017-03-31,1.6,$0.65,2.45,$2.05,0.78,$-3.45,0.0,$-1.10,0.0,$0.01B,$0.00B,1.49,$0.00B,$0.00B,0.29,$0.01B,$0.01B,90.00%,$0.01B,$-0.00B,-40.00%,$0.01B,$-0.00B,-40.00%,$0.01B,$-0.00B,-40.00%,$0.01B,$-0.00B,-40.00%,$0.01B,$-0.00B,-40.00%,$-0.00B,$0.00B,-145.45%,$-0.00B,$0.00B,-145.45%,$-0.00B,$0.01B,-48.48%,$-0.00B,$0.00B,-114.29%,$2,$0,$2,$1,$2,$3,$-1,$-0,$-1,$0,$-1,$-1,$-1,$-1,$-1,$5,5,$-0.20,$-0.20,$2,$2,$0,$6,$2,$0,$0,$0,$2,$8,$4,$1,$0,$1,$5,$0,$-180,$-0,$3,$8,$-1,$0,$0,$0,$1,$-1,$0,$-0,$-1,$-2,$-0,$0,$0,$0,$0,$0,$0,$-0,$-0,$0,$-0,$0,$0,$0,$0,$-0,$-2,$0,$0
7,2016-12-31,1.84,$0.85,2.17,$2.28,0.81,$-3.14,0.0,$-1.20,0.0,$0.01B,$0.01B,1.66,$0.00B,$0.00B,0.23,$0.01B,$0.01B,90.91%,$0.01B,$-0.00B,-36.36%,$0.01B,$-0.00B,-36.36%,$0.01B,$-0.00B,-36.36%,$0.01B,$-0.00B,-36.36%,$0.01B,$-0.00B,-36.36%,$-0.00B,$0.00B,-177.78%,$-0.00B,$0.00B,-177.78%,$-0.00B,$0.01B,-53.33%,$-0.00B,$0.01B,-145.45%,$3,$0,$3,$1,$2,$3,$-0,$-0,$-0,$0,$-1,$-1,$-0,$-0,$-0,$5,5,$-0.10,$-0.10,$3,$1,$0,$8,$2,$0,$0,$0,$2,$10,$5,$1,$0,$1,$6,$0,$-179,$-0,$4,$10,$-6,$0,$0,$1,$-0,$-1,$0,$-1,$-1,$-6,$-1,$0,$0,$0,$-0,$-0,$0,$-1,$-0,$0,$-0,$8,$8,$0,$0,$8,$0,$0,$0
8,2016-09-30,1.14,$0.98,1.16,$2.38,0.48,$-3.56,0.0,$-1.70,0.0,$0.01B,$0.01B,1.74,$0.00B,$0.01B,0.22,$0.01B,$0.01B,72.73%,$0.01B,$-0.01B,-63.64%,$0.01B,$-0.01B,-63.64%,$0.01B,$-0.01B,-54.55%,$0.01B,$-0.01B,-63.64%,$0.01B,$-0.01B,-63.64%,$-0.01B,$0.01B,-400.00%,$-0.01B,$0.01B,-400.00%,$-0.01B,$0.01B,-107.69%,$-0.01B,$0.01B,-350.00%,$2,$0,$2,$2,$2,$4,$-2,$-0,$-2,$0,$-2,$-2,$-2,$-2,$-2,$5,5,$-0.50,$-0.50,$6,$1,$0,$9,$2,$0,$0,$0,$2,$11,$5,$1,$0,$1,$6,$0,$-179,$-0,$5,$11,$-5,$0,$0,$1,$1,$-1,$0,$0,$1,$-4,$-1,$0,$0,$0,$-0,$-0,$0,$-1,$-0,$0,$-0,$8,$8,$0,$0,$8,$3,$0,$0
9,2016-06-30,1.46,$-0.20,-7.29,$2.79,0.52,$-3.81,0.0,$-1.50,0.0,$0.00B,$0.00B,0.69,$0.00B,$-0.00B,-0.34,$0.01B,$0.01B,66.67%,$0.01B,$-0.01B,-50.00%,$0.01B,$-0.01B,-50.00%,$0.01B,$-0.01B,-41.67%,$0.01B,$-0.01B,-50.00%,$0.01B,$-0.01B,-50.00%,$-0.01B,$-0.00B,-2400.00%,$-0.01B,$-0.00B,-2400.00%,$-0.01B,$0.00B,-126.32%,$-0.01B,$-0.00B,-2400.00%,$3,$0,$2,$2,$2,$4,$-1,$-0,$-1,$0,$-1,$-1,$-1,$-1,$-1,$4,4,$-0.30,$-0.30,$1,$0,$0,$3,$1,$0,$0,$0,$1,$4,$4,$0,$0,$0,$5,$0,$-176,$-0,$-1,$4,$-3,$0,$0,$0,$0,$0,$0,$0,$0,$-2,$-0,$0,$0,$0,$-0,$-0,$0,$-0,$-0,$0,$-0,$0,$0,$0,$0,$-0,$-2,$0,$0
10,2016-03-31,2.04,$0.12,17.42,$2.89,0.71,$-3.98,0.0,$-1.60,0.0,$0.01B,$0.01B,1.03,$0.00B,$0.00B,0.54,$0.01B,$0.01B,66.67%,$0.01B,$-0.01B,-58.33%,$0.01B,$-0.01B,-58.33%,$0.01B,$-0.01B,-50.00%,$0.01B,$-0.01B,-58.33%,$0.01B,$-0.01B,-58.33%,$-0.01B,$0.00B,-1400.00%,$-0.01B,$0.00B,-1400.00%,$-0.01B,$0.01B,-133.33%,$-0.01B,$0.00B,-1400.00%,$3,$1,$3,$2,$2,$4,$-1,$-0,$-1,$0,$-1,$-1,$-1,$-1,$-1,$4,4,$-0.30,$-0.30,$3,$0,$0,$5,$1,$0,$0,$0,$1,$5,$5,$0,$0,$0,$5,$0,$-175,$0,$1,$5,$-1,$0,$0,$0,$1,$0,$0,$0,$1,$0,$-0,$0,$0,$0,$0,$0,$0,$-0,$-0,$0,$-0,$0,$0,$0,$0,$-0,$-0,$0,$0
11,2015-12-31,2.53,$0.42,6.05,$2.73,0.93,$-4.34,0.0,$-1.80,0.0,$0.01B,$0.00B,1.4,$0.00B,$0.00B,0.15,$0.01B,$0.01B,63.64%,$0.01B,$-0.01B,-72.73%,$0.01B,$-0.01B,-72.73%,$0.01B,$-0.01B,-63.64%,$0.01B,$-0.01B,-72.73%,$0.01B,$-0.01B,-72.73%,$-0.01B,$0.00B,-1066.67%,$-0.01B,$0.00B,-1066.67%,$-0.01B,$0.01B,-133.33%,$-0.01B,$0.00B,-1066.67%,$3,$2,$1,$2,$2,$6,$-3,$-0,$-3,$0,$-3,$-3,$-3,$-2,$-3,$4,4,$-0.70,$-0.70,$3,$0,$0,$5,$1,$0,$0,$0,$1,$6,$4,$0,$0,$0,$4,$0,$-174,$0,$2,$6,$-8,$0,$1,$1,$-0,$0,$0,$-2,$-2,$-8,$-0,$0,$0,$0,$0,$0,$0,$-0,$-0,$0,$-0,$5,$5,$0,$0,$5,$-3,$1,$0
12,2015-09-30,2.44,$-0.27,-9.17,$2.45,1.0,$-5.36,0.0,$-2.00,0.0,$0.00B,$0.01B,0.7,$0.00B,$-0.00B,-0.28,$0.01B,$0.01B,70.00%,$0.01B,$-0.01B,-80.00%,$0.01B,$-0.01B,-80.00%,$0.01B,$-0.01B,-80.00%,$0.01B,$-0.01B,-80.00%,$0.01B,$-0.01B,-80.00%,$-0.01B,$-0.00B,-800.00%,$-0.01B,$-0.00B,-800.00%,$-0.01B,$0.00B,-118.52%,$-0.01B,$-0.00B,-640.00%,$3,$1,$2,$2,$2,$4,$-1,$-0,$-1,$0,$-1,$-1,$-1,$-1,$-1,$4,4,$-0.30,$-0.30,$1,$0,$1,$3,$1,$0,$0,$0,$1,$4,$5,$0,$0,$0,$5,$0,$-171,$0,$-1,$4,$-5,$0,$1,$1,$1,$-1,$0,$-2,$-1,$-5,$-0,$0,$0,$0,$0,$0,$0,$-0,$-0,$0,$-0,$0,$0,$0,$0,$-0,$-5,$1,$0
13,2015-06-30,2.95,$0.03,91.33,$1.96,1.5,$-6.38,0.0,$-2.50,0.0,$0.01B,$0.01B,0.98,$0.00B,$0.00B,2.41,$0.01B,$0.01B,75.00%,$0.01B,$-0.01B,-125.00%,$0.01B,$-0.01B,-125.00%,$0.01B,$-0.01B,-125.00%,$0.01B,$-0.01B,-125.00%,$0.01B,$-0.01B,-125.00%,$-0.01B,$0.00B,-363.64%,$-0.01B,$0.00B,-363.64%,$-0.01B,$0.01B,-117.65%,$-0.01B,$0.00B,-333.33%,$3,$1,$2,$2,$2,$5,$-2,$-0,$-2,$0,$-2,$-2,$-2,$-2,$-2,$4,4,$-0.40,$-0.40,$3,$0,$1,$5,$1,$0,$0,$0,$1,$6,$5,$0,$0,$0,$6,$0,$-170,$0,$0,$6,$-4,$0,$1,$1,$0,$-1,$0,$-0,$0,$-3,$-0,$0,$0,$0,$0,$0,$0,$-0,$-0,$0,$-0,$0,$0,$0,$0,$-0,$-3,$1,$0
14,2015-03-31,3.17,$0.44,7.13,$1.50,2.12,$-7.23,0.0,$-3.10,0.0,$0.01B,$0.01B,1.26,$0.00B,$0.00B,0.18,$0.01B,$0.00B,66.67%,$0.01B,$-0.01B,-200.00%,$0.01B,$-0.01B,-200.00%,$0.01B,$-0.01B,-200.00%,$0.01B,$-0.01B,-200.00%,$0.01B,$-0.01B,-200.00%,$-0.01B,$0.00B,-240.00%,$-0.01B,$0.00B,-240.00%,$-0.01B,$0.01B,-111.63%,$-0.01B,$0.00B,-218.18%,$2,$0,$2,$2,$2,$4,$-2,$-0,$-2,$0,$-2,$-2,$-2,$-2,$-2,$4,4,$-0.50,$-0.50,$4,$0,$1,$8,$1,$0,$0,$0,$1,$8,$6,$0,$0,$0,$6,$0,$-168,$0,$2,$8,$-2,$0,$1,$1,$-1,$-0,$0,$1,$-0,$-2,$-0,$0,$0,$0,$0,$0,$0,$-0,$-0,$0,$-0,$0,$0,$0,$0,$-0,$-2,$1,$0
15,2014-12-31,3.38,$0.81,4.18,$1.20,2.81,$-7.54,0.0,$-3.70,0.0,$0.01B,$0.01B,1.6,$0.00B,$0.00B,0.11,$0.01B,$0.00B,60.00%,$0.01B,$-0.01B,-280.00%,$0.01B,$-0.01B,-280.00%,$0.01B,$-0.01B,-280.00%,$0.01B,$-0.01B,-280.00%,$0.01B,$-0.01B,-280.00%,$-0.01B,$0.00B,-266.67%,$-0.01B,$0.00B,-266.67%,$-0.01B,$0.01B,-127.27%,$-0.01B,$0.00B,-243.48%,$2,$0,$1,$2,$2,$5,$-3,$0,$-3,$0,$-3,$-3,$-3,$-3,$-3,$4,4,$-0.70,$-0.70,$6,$0,$0,$8,$1,$0,$0,$0,$1,$9,$5,$0,$0,$0,$5,$0,$-166,$0,$3,$9,$-14,$0,$2,$2,$-0,$1,$0,$-0,$0,$-12,$-0,$0,$0,$0,$0,$0,$0,$-0,$-0,$0,$-0,$9,$9,$0,$0,$9,$-3,$2,$0
16,2014-09-30,2.15,$1.50,1.43,$1.05,2.04,$-7.06,0.0,$-3.70,0.0,$0.01B,$0.01B,2.19,$0.00B,$0.01B,0.07,$0.00B,$0.00B,75.00%,$0.00B,$-0.01B,-350.00%,$0.00B,$-0.01B,-350.00%,$0.00B,$-0.01B,-350.00%,$0.00B,$-0.01B,-350.00%,$0.00B,$-0.01B,-350.00%,$-0.01B,$0.01B,-233.33%,$-0.01B,$0.01B,-233.33%,$-0.01B,$0.01B,-121.74%,$-0.01B,$0.01B,-224.00%,$1,$0,$1,$2,$2,$4,$-3,$0,$-3,$0,$-3,$-3,$-3,$-3,$-3,$4,4,$-0.80,$-0.80,$9,$0,$1,$11,$1,$0,$0,$0,$1,$11,$5,$0,$0,$0,$5,$0,$-163,$-0,$6,$11,$-11,$0,$2,$2,$0,$0,$0,$-1,$0,$-9,$-0,$0,$0,$0,$0,$0,$0,$-0,$-0,$0,$-0,$9,$9,$0,$0,$9,$0,$2,$0
17,2014-06-30,3.13,$2.28,1.37,$1.08,2.9,$-6.68,0.0,$-3.80,0.0,$0.01B,$0.01B,2.67,$0.00B,$0.01B,0.05,$0.00B,$0.00B,50.00%,$0.00B,$-0.01B,-350.00%,$0.00B,$-0.01B,-350.00%,$0.00B,$-0.01B,-350.00%,$0.00B,$-0.01B,-350.00%,$0.00B,$-0.01B,-350.00%,$-0.01B,$0.01B,-207.41%,$-0.01B,$0.01B,-207.41%,$-0.01B,$0.02B,-116.67%,$-0.01B,$0.01B,-200.00%,$1,$0,$0,$2,$3,$5,$-4,$0,$-4,$0,$-4,$-4,$-4,$-4,$-4,$4,4,$-1.00,$-1.00,$12,$0,$1,$14,$1,$0,$0,$0,$1,$15,$5,$0,$0,$0,$6,$0,$-160,$0,$9,$15,$-8,$0,$1,$1,$0,$-0,$0,$-0,$0,$-6,$-0,$0,$0,$0,$0,$0,$0,$-0,$0,$0,$0,$9,$9,$0,$0,$9,$3,$1,$0
18,2014-03-31,5.69,$0.92,6.2,$1.17,4.84,$-6.34,0.0,$-3.70,0.0,$0.01B,$0.01B,1.59,$0.00B,$0.00B,0.0,$0.00B,$0.00B,50.00%,$0.00B,$-0.01B,-325.00%,$0.00B,$-0.01B,-325.00%,$0.00B,$-0.01B,-325.00%,$0.00B,$-0.01B,-325.00%,$0.00B,$-0.01B,-325.00%,$-0.01B,$0.00B,-247.62%,$-0.01B,$0.00B,-247.62%,$-0.01B,$0.01B,-130.00%,$-0.01B,$0.00B,-247.62%,$1,$0,$1,$2,$3,$5,$-4,$0,$-4,$0,$-4,$-4,$-4,$-4,$-4,$4,4,$-1.10,$-1.10,$6,$1,$0,$8,$0,$0,$0,$0,$0,$9,$5,$0,$0,$0,$5,$0,$-156,$0,$3,$9,$-4,$0,$1,$1,$0,$-0,$0,$-0,$0,$-3,$-0,$0,$0,$0,$0,$0,$0,$-0,$0,$0,$0,$0,$0,$0,$0,$0,$-3,$1,$0
19,2013-12-31,6.32,$1.67,3.78,$1.07,5.9,$-6.14,0.0,$-3.70,0.0,$0.01B,$0.01B,2.17,$0.00B,$0.01B,0.0,$0.00B,$0.00B,50.00%,$0.00B,$-0.01B,-325.00%,$0.00B,$-0.01B,-325.00%,$0.00B,$-0.01B,-325.00%,$0.00B,$-0.01B,-325.00%,$0.00B,$-0.01B,-325.00%,$-0.01B,$0.01B,-226.09%,$-0.01B,$0.01B,-226.09%,$-0.01B,$0.01B,-126.83%,$-0.01B,$0.01B,-226.09%,$1,$0,$1,$2,$2,$4,$-3,$0,$-3,$0,$-3,$-3,$-3,$-3,$-3,$4,4,$-0.80,$-0.80,$9,$0,$1,$11,$0,$0,$0,$0,$0,$11,$5,$0,$0,$0,$5,$0,$-152,$0,$6,$11,$-13,$0,$3,$3,$1,$-1,$0,$1,$1,$-9,$-0,$0,$0,$0,$0,$0,$0,$-0,$0,$0,$0,$9,$9,$0,$0,$9,$-0,$3,$0
20,2013-09-30,6.42,$2.27,2.83,$1.49,4.32,$-4.83,0.0,$-3.50,0.0,$0.01B,$0.01B,2.7,$0.00B,$0.01B,0.0,$0.01B,$0.00B,60.00%,$0.01B,$-0.01B,-240.00%,$0.01B,$-0.01B,-240.00%,$0.01B,$-0.01B,-240.00%,$0.01B,$-0.01B,-240.00%,$0.01B,$-0.01B,-240.00%,$-0.01B,$0.01B,-192.00%,$-0.01B,$0.01B,-192.00%,$-0.01B,$0.01B,-114.29%,$-0.01B,$0.01B,-192.00%,$1,$1,$0,$2,$1,$4,$-3,$0,$-3,$0,$-3,$-3,$-3,$-3,$-3,$4,4,$-0.90,$-0.90,$11,$0,$0,$13,$0,$0,$0,$0,$0,$13,$5,$0,$0,$0,$5,$0,$-149,$0,$9,$13,$-10,$0,$2,$2,$1,$0,$0,$0,$1,$-7,$-0,$0,$0,$0,$0,$0,$0,$-0,$0,$0,$0,$8,$8,$0,$0,$8,$1,$2,$0
21,2013-06-30,5.95,$0.93,6.43,$1.69,3.52,$-3.52,0.0,$-3.20,0.0,$0.01B,$0.00B,1.68,$0.00B,$0.00B,0.0,$0.01B,$0.00B,66.67%,$0.01B,$-0.01B,-183.33%,$0.01B,$-0.01B,-183.33%,$0.01B,$-0.01B,-183.33%,$0.01B,$-0.01B,-183.33%,$0.01B,$-0.01B,-183.33%,$-0.01B,$0.00B,-169.23%,$-0.01B,$0.00B,-169.23%,$-0.01B,$0.01B,-104.76%,$-0.01B,$0.00B,-169.23%,$1,$1,$0,$1,$2,$4,$-3,$0,$-3,$0,$-3,$-3,$-3,$-3,$-3,$3,3,$-0.90,$-0.90,$5,$0,$0,$7,$0,$0,$0,$0,$0,$7,$4,$0,$0,$0,$4,$0,$-145,$0,$3,$7,$-7,$0,$1,$1,$1,$-1,$0,$0,$1,$-4,$-0,$0,$0,$0,$0,$0,$0,$-0,$0,$0,$0,$0,$0,$0,$0,$0,$-4,$1,$0
22,2013-03-31,5.77,$1.56,3.69,$1.97,2.92,$-2.80,0.0,$-3.30,0.0,$0.01B,$0.00B,2.16,$0.00B,$0.01B,0.0,$0.01B,$0.01B,71.43%,$0.01B,$-0.01B,-157.14%,$0.01B,$-0.01B,-157.14%,$0.01B,$-0.01B,-157.14%,$0.01B,$-0.01B,-157.14%,$0.01B,$-0.01B,-157.14%,$-0.01B,$0.01B,-129.41%,$-0.01B,$0.01B,-129.41%,$-0.01B,$0.01B,-89.80%,$-0.01B,$0.01B,-129.41%,$1,$0,$1,$2,$2,$4,$-4,$0,$-4,$0,$-4,$-4,$-4,$-4,$-4,$3,3,$-1.10,$-1.10,$8,$0,$0,$9,$0,$0,$0,$0,$0,$10,$4,$0,$0,$0,$4,$0,$-142,$0,$5,$10,$-4,$0,$1,$1,$1,$-1,$0,$1,$1,$-2,$-0,$0,$0,$0,$0,$0,$0,$-0,$0,$0,$0,$0,$0,$0,$0,$0,$-2,$1,$0
23,2012-12-31,4.86,$2.43,2.0,$2.16,2.24,$-2.20,0.0,$-2.70,0.0,$0.01B,$0.00B,2.89,$0.00B,$0.01B,0.0,$0.01B,$0.01B,71.43%,$0.01B,$-0.01B,-128.57%,$0.01B,$-0.01B,-128.57%,$0.01B,$-0.01B,-128.57%,$0.01B,$-0.01B,-128.57%,$0.01B,$-0.01B,-128.57%,$-0.01B,$0.01B,-87.80%,$-0.01B,$0.01B,-87.80%,$-0.01B,$0.01B,-66.67%,$-0.01B,$0.01B,-87.80%,$2,$0,$2,$2,$2,$4,$-2,$0,$-2,$0,$-2,$-2,$-2,$-2,$-2,$3,3,$-0.70,$-0.70,$9,$0,$0,$12,$0,$0,$0,$0,$0,$12,$4,$0,$0,$0,$4,$0,$-139,$0,$8,$12,$-9,$0,$3,$4,$1,$0,$0,$0,$2,$-4,$-0,$0,$0,$0,$0,$0,$0,$-0,$0,$0,$0,$0,$0,$0,$0,$0,$-4,$3,$0
24,2012-09-30,3.77,$2.92,1.29,$2.94,1.28,$-2.30,0.0,$-3.10,0.0,$0.01B,$0.00B,3.44,$0.00B,$0.01B,0.0,$0.01B,$0.01B,77.78%,$0.01B,$-0.01B,-66.67%,$0.01B,$-0.01B,-66.67%,$0.01B,$-0.01B,-66.67%,$0.01B,$-0.01B,-111.11%,$0.01B,$-0.01B,-111.11%,$-0.01B,$0.01B,-85.11%,$-0.01B,$0.01B,-85.11%,$-0.01B,$0.01B,-67.80%,$-0.01B,$0.01B,-51.06%,$2,$0,$1,$1,$2,$4,$-2,$0,$-2,$0,$-2,$-2,$-2,$-2,$-2,$3,3,$-0.60,$-0.60,$11,$0,$0,$13,$0,$0,$0,$0,$0,$13,$4,$0,$0,$0,$4,$0,$-136,$0,$10,$13,$-7,$0,$3,$3,$2,$0,$0,$1,$3,$-2,$-0,$0,$0,$0,$0,$0,$0,$-0,$0,$0,$0,$0,$0,$0,$0,$0,$-2,$3,$0
25,2012-06-30,6.15,$3.33,1.85,$2.89,2.13,$-2.26,0.0,$-3.20,0.0,$0.01B,$0.00B,4.99,$0.00B,$0.01B,0.0,$0.01B,$0.01B,87.50%,$0.01B,$-0.00B,-50.00%,$0.01B,$-0.00B,-50.00%,$0.01B,$-0.00B,-50.00%,$0.01B,$-0.01B,-125.00%,$0.01B,$-0.01B,-125.00%,$-0.01B,$0.01B,-129.03%,$-0.01B,$0.01B,-129.03%,$-0.01B,$0.01B,-78.43%,$-0.00B,$0.01B,-51.61%,$2,$0,$1,$1,$3,$5,$-3,$0,$-3,$0,$-3,$-3,$-3,$-3,$-3,$3,3,$-1.00,$-1.00,$11,$0,$0,$13,$0,$0,$0,$0,$0,$14,$3,$0,$0,$0,$3,$0,$-134,$-0,$11,$14,$-5,$0,$2,$2,$2,$0,$0,$-0,$1,$-1,$-0,$0,$0,$0,$0,$0,$0,$-0,$0,$0,$0,$0,$0,$0,$0,$0,$-2,$2,$0
26,2012-03-31,3.63,$3.69,0.98,$2.40,1.52,$-2.88,0.0,$-3.20,0.0,$0.02B,$0.00B,5.24,$0.00B,$0.01B,0.0,$0.01B,$0.01B,100.00%,$0.01B,$-0.00B,-50.00%,$0.01B,$-0.00B,-50.00%,$0.01B,$-0.00B,-50.00%,$0.01B,$-0.01B,-166.67%,$0.01B,$-0.01B,-166.67%,$-0.01B,$0.01B,-250.00%,$-0.01B,$0.01B,-250.00%,$-0.01B,$0.02B,-93.02%,$-0.00B,$0.01B,-75.00%,$1,$0,$1,$1,$2,$3,$-2,$0,$-2,$0,$-2,$-2,$-2,$-2,$-2,$3,3,$-0.50,$-0.50,$13,$0,$0,$15,$0,$0,$0,$0,$0,$15,$3,$0,$0,$0,$3,$0,$-131,$0,$12,$15,$-2,$0,$0,$0,$2,$0,$0,$-0,$2,$1,$-0,$0,$0,$0,$0,$0,$0,$-0,$0,$0,$0,$0,$0,$0,$0,$0,$0,$0,$0
27,2011-12-31,4.75,$4.17,1.14,$2.28,2.08,$-3.60,0.0,$-7.00,0.0,$0.02B,$0.00B,5.59,$0.00B,$0.01B,0.0,$0.01B,$0.01B,83.33%,$0.01B,$-0.00B,-33.33%,$0.01B,$-0.00B,-33.33%,$0.01B,$-0.00B,-33.33%,$0.01B,$-0.02B,-300.00%,$0.01B,$-0.02B,-300.00%,$-0.02B,$0.01B,-7200.00%,$-0.02B,$0.01B,-7200.00%,$-0.02B,$0.02B,-225.00%,$-0.00B,$0.01B,-800.00%,$4,$0,$4,$1,$2,$3,$1,$-4,$-3,$0,$-3,$-3,$-3,$1,$1,$3,3,$-0.40,$-0.40,$13,$0,$0,$17,$0,$0,$0,$0,$0,$17,$3,$0,$0,$0,$3,$0,$-129,$0,$14,$17,$-17,$0,$15,$15,$-3,$0,$0,$1,$-2,$-3,$-0,$0,$0,$0,$0,$0,$0,$-0,$0,$4,$4,$11,$11,$0,$0,$16,$12,$1,$0
28,2011-09-30,4.7,$-2.12,-2.22,$0.85,5.54,$-4.02,0.0,$-9.50,0.0,$0.01B,$0.01B,0.45,$0.00B,$-0.01B,0.0,$0.00B,$0.00B,50.00%,$0.00B,$-0.01B,-300.00%,$0.00B,$-0.01B,-300.00%,$0.00B,$-0.01B,-300.00%,$0.00B,$-0.02B,-1100.00%,$0.00B,$-0.02B,-1100.00%,$-0.02B,$-0.01B,382.61%,$-0.02B,$-0.01B,382.61%,$-0.02B,$0.01B,-550.00%,$-0.01B,$-0.01B,104.35%,$1,$0,$1,$0,$1,$2,$-0,$-2,$-2,$0,$-2,$-2,$-2,$-0,$-0,$3,3,$-0.70,$-0.70,$4,$0,$0,$5,$0,$0,$0,$0,$0,$5,$11,$0,$0,$0,$11,$0,$-127,$-0,$-6,$5,$-14,$0,$12,$12,$-0,$0,$0,$2,$1,$-1,$-0,$0,$0,$0,$0,$0,$0,$-0,$0,$4,$4,$1,$1,$0,$0,$5,$3,$1,$0
29,2011-06-30,3.7,$-1.43,-2.58,$0.44,8.47,$-4.30,0.0,$-8.80,0.0,$0.01B,$0.01B,0.6,$0.00B,$-0.00B,0.0,$0.00B,0,0.00%,$0.00B,$-0.01B,-700.00%,$0.00B,$-0.01B,-700.00%,$0.00B,$-0.01B,-700.00%,$0.00B,$-0.03B,-2900.00%,$0.00B,$-0.03B,-2900.00%,$-0.03B,$-0.00B,351.52%,$-0.03B,$-0.00B,351.52%,$-0.03B,$0.01B,-966.67%,$-0.01B,$-0.00B,84.85%,$0,$0,$0,$0,$1,$2,$-2,$-1,$-3,$0,$-3,$-3,$-3,$-2,$-2,$3,3,$-1.00,$-1.00,$3,$0,$0,$6,$0,$0,$0,$0,$0,$6,$10,$0,$0,$0,$10,$0,$-125,$-0,$-4,$6,$-12,$0,$10,$10,$-3,$0,$0,$2,$-1,$-3,$-0,$0,$0,$0,$0,$0,$0,$-0,$0,$4,$4,$1,$1,$0,$0,$5,$2,$0,$0
30,2011-03-31,3.35,$-0.97,-3.47,$0.41,8.26,$-4.02,0.0,$-7.80,0.0,$0.00B,$0.01B,0.6,$0.00B,$-0.00B,0.0,$0.00B,0,0.00%,$0.00B,$-0.01B,-700.00%,$0.00B,$-0.01B,-700.00%,$0.00B,$-0.01B,-700.00%,$0.00B,$-0.04B,-4000.00%,$0.00B,$-0.04B,-4000.00%,$-0.04B,$-0.00B,333.33%,$-0.04B,$-0.00B,333.33%,$-0.04B,$0.00B,-2285.71%,$-0.01B,$-0.00B,58.33%,$1,$0,$0,$0,$1,$2,$-1,$-9,$-10,$0,$-10,$-10,$-10,$-1,$-1,$2,2,$-4.30,$-4.30,$4,$0,$0,$4,$0,$0,$0,$0,$0,$4,$7,$0,$0,$0,$7,$0,$-122,$-0,$-3,$4,$-10,$0,$9,$9,$0,$0,$0,$-0,$-1,$-1,$-0,$0,$0,$0,$0,$0,$0,$-0,$0,$4,$4,$1,$1,$0,$0,$4,$3,$0,$0
31,2010-12-31,1.75,$-4.52,-0.39,$0.25,6.94,$-3.78,0.0,$-3.50,0.0,$0.00B,$0.01B,0.11,$0.00B,$-0.01B,0.0,$0.00B,0,nan%,$0.00B,$-0.01B,inf%,$0.00B,$-0.01B,inf%,$0.00B,$-0.01B,inf%,$0.00B,$-0.03B,inf%,$0.00B,$-0.03B,inf%,$-0.03B,$-0.01B,246.15%,$-0.03B,$-0.01B,246.15%,$-0.03B,$0.00B,-3200.00%,$-0.01B,$-0.01B,61.54%,$0,$0,$0,$1,$2,$3,$-3,$-4,$-7,$0,$-7,$-7,$-7,$-3,$-3,$2,2,$-3.30,$-3.30,$1,$0,$0,$1,$0,$0,$0,$0,$0,$1,$11,$0,$0,$0,$11,$0,$-112,$-0,$-10,$1,$-32,$0,$28,$28,$-0,$0,$0,$1,$-0,$-3,$-0,$0,$0,$0,$0,$0,$0,$-0,$0,$2,$2,$2,$2,$0,$0,$4,$1,$6,$0
32,2010-09-30,1.75,$-8.45,-0.21,$0.21,8.41,$-3.98,0.0,0,0.0,$0.00B,$0.02B,0.04,$0.00B,$-0.02B,0.0,$0.00B,0,nan%,$0.00B,$-0.01B,inf%,$0.00B,$-0.01B,inf%,$0.00B,$-0.01B,inf%,$0.00B,$-0.02B,inf%,$0.00B,$-0.02B,inf%,$-0.02B,$-0.02B,200.00%,$-0.02B,$-0.02B,200.00%,$-0.02B,$0.00B,-3200.00%,$-0.01B,$-0.02B,66.67%,$0,$0,$0,$0,$1,$1,$-1,$-7,$-9,$0,$-9,$-9,$-9,$-1,$-1,$2,2,$-4.70,$-4.70,$0,$0,$0,$1,$0,$0,$0,$0,$0,$1,$17,$0,$0,$0,$17,$0,$-105,$-0,$-16,$1,$-25,$0,$23,$23,$-0,$0,$0,$0,$0,$-1,$-0,$0,$0,$0,$0,$0,$0,$-0,$0,$2,$2,$0,$0,$0,$0,$2,$0,$4,$0
33,2010-06-30,1.25,$-10.60,-0.12,$0.16,7.89,$-4.15,0.0,0,0.0,$0.00B,$0.02B,0.05,$0.00B,$-0.02B,0.0,$0.00B,0,nan%,$0.00B,$-0.01B,inf%,$0.00B,$-0.01B,inf%,$0.00B,$-0.01B,inf%,$0.00B,$-0.02B,inf%,$0.00B,$-0.02B,inf%,$-0.02B,$-0.02B,259.46%,$-0.02B,$-0.02B,259.46%,$-0.02B,$0.00B,-4800.00%,$-0.01B,$-0.02B,97.30%,$0,$0,$0,$0,$0,$2,$-2,$-12,$-14,$0,$-14,$-14,$-14,$-2,$-2,$2,2,$-8.00,$-8.00,$0,$0,$0,$1,$0,$0,$0,$0,$0,$1,$20,$0,$0,$0,$20,$0,$-97,$-0,$-19,$1,$-16,$0,$15,$15,$-1,$0,$0,$1,$-0,$-1,$-0,$0,$0,$0,$0,$0,$0,$-0,$0,$2,$2,$0,$0,$0,$0,$2,$0,$3,$0
34,2010-03-31,0.5,$-4.06,-0.12,$0.09,5.74,$-4.76,0.0,0,0.0,$0.00B,$0.01B,0.1,$0.00B,$-0.01B,0.0,$0.00B,0,nan%,$0.00B,$-0.01B,inf%,$0.00B,$-0.01B,inf%,$0.00B,$-0.01B,inf%,$0.00B,$-0.01B,inf%,$0.00B,$-0.01B,inf%,$-0.01B,$-0.01B,218.18%,$-0.01B,$-0.01B,218.18%,$-0.01B,$0.00B,-4800.00%,$-0.01B,$-0.01B,163.64%,$0,$0,$0,$0,$0,$2,$-2,$0,$-2,$0,$-2,$-2,$-2,$-2,$-2,$2,2,$-1.30,$-1.30,$0,$0,$0,$1,$0,$0,$0,$0,$0,$1,$8,$0,$0,$0,$8,$0,$-83,$-0,$-7,$1,$-2,$0,$2,$2,$-0,$0,$0,$-0,$0,$-1,$-0,$0,$0,$0,$0,$0,$0,$-0,$0,$1,$1,$0,$0,$0,$0,$1,$0,$2,$0
35,2009-12-31,0.5,$-3.81,-0.13,0,0.0,$-10.51,0.0,0,0.0,$0.00B,$0.01B,0.03,$0.00B,$-0.01B,0.0,$0.00B,0,nan%,$0.00B,$-0.01B,inf%,$0.00B,$-0.01B,inf%,$0.00B,$-0.01B,inf%,$0.00B,$-0.02B,inf%,$0.00B,$-0.02B,inf%,$-0.02B,$-0.01B,355.56%,$-0.02B,$-0.01B,355.56%,$-0.02B,$0.00B,inf%,$-0.01B,$-0.01B,200.00%,$0,$0,$0,$0,$1,$3,$-3,$-1,$1,$0,$1,$1,$1,$-3,$-3,$1,1,$33.90,$33.90,$0,$0,$0,$0,$0,$0,$0,$0,$0,$0,$7,$0,$0,$0,$7,$0,$-81,$-0,$-6,$0,$-15,$0,$12,$12,$-0,$0,$-0,$-0,$1,$-2,$-0,$0,$0,$0,$0,$0,$0,$-0,$0,$1,$1,$1,$1,$0,$0,$2,$0,$7,$0
36,2009-09-30,1.0,$-2.80,-0.36,$38.62,0.03,$-145.96,0.0,0,0.0,$0.00B,$0.01B,0.08,$0.00B,$-0.01B,-0.01,$0.00B,$0.00B,75.00%,$0.00B,$-0.00B,-75.00%,$0.00B,$-0.00B,-75.00%,$0.00B,$-0.00B,-75.00%,$0.00B,$0.01B,250.00%,$0.00B,$0.01B,225.00%,$0.01B,$-0.01B,-276.92%,$0.01B,$-0.01B,-276.92%,$0.01B,$0.00B,inf%,$-0.00B,$-0.01B,92.31%,$0,$0,$0,$0,$1,$2,$-2,$-7,$-9,$0,$-9,$-9,$-9,$-2,$-2,$2,2,$-5.00,$-5.00,$0,$0,$0,$0,$0,$0,$0,$0,$0,$0,$5,$0,$0,$0,$5,$0,$-78,$0,$-5,$0,$-16,$0,$15,$15,$0,$0,$-0,$-0,$0,$-2,$-0,$0,$0,$0,$0,$0,$0,$-0,$0,$1,$1,$1,$1,$0,$0,$2,$0,$5,$0
37,2009-06-30,0.75,$-3.07,-0.24,$56.43,0.01,$-272.38,0.0,0,0.0,$0.00B,$0.00B,0.02,$0.00B,$-0.01B,-0.03,$0.01B,0,0.00%,$0.01B,$-0.01B,-116.67%,$0.01B,$-0.01B,-116.67%,$0.01B,$-0.01B,-116.67%,$0.01B,$0.01B,183.33%,$0.01B,$0.01B,166.67%,$0.01B,$-0.00B,-108.11%,$0.01B,$-0.00B,-108.11%,$0.01B,$0.00B,1333.33%,$-0.01B,$-0.00B,77.78%,$0,$0,$0,$0,$0,$2,$-2,$0,$-2,$0,$-2,$-2,$-2,$-2,$-2,$1,1,$-2.50,$-2.50,$0,$0,$0,$0,$0,$0,$0,$0,$0,$0,$4,$0,$0,$0,$4,$0,$-75,$0,$-4,$0,$-7,$0,$6,$6,$0,$0,$0,$-0,$0,$-1,$-0,$0,$0,$0,$0,$0,$0,$-0,$0,$0,$0,$1,$1,$0,$0,$1,$-0,$3,$0
38,2009-03-31,1.0,$-23.57,-0.04,$60.04,0.02,$-389.15,0.0,0,0.0,$0.00B,$0.00B,0.08,$0.00B,$-0.01B,-0.02,$0.01B,$-0.01B,-133.33%,$0.01B,$-0.02B,-283.33%,$0.01B,$-0.02B,-283.33%,$0.01B,$-0.02B,-283.33%,$0.01B,$0.00B,0.00%,$0.01B,$-0.00B,-16.67%,$-0.00B,$-0.00B,7.27%,$-0.00B,$-0.00B,7.27%,$-0.00B,$0.00B,-30.77%,$-0.02B,$-0.00B,125.93%,$0,$0,$0,$0,$0,$2,$-2,$3,$-5,$0,$-5,$-5,$-6,$-2,$-2,$0,0,$-42.50,$-42.50,$0,$0,$0,$0,$0,$0,$0,$0,$0,$0,$4,$0,$0,$0,$4,$0,$-72,$0,$-3,$0,$-5,$0,$4,$4,$-0,$0,$0,$-0,$-0,$-1,$-0,$0,$0,$0,$0,$0,$0,$-0,$0,$0,$0,$1,$1,$0,$0,$1,$0,$2,$0
39,2008-12-31,1.25,$-7.51,-0.17,$64.04,0.02,$-483.47,0.0,$-117.50,0.0,$0.00B,$0.00B,0.06,$0.00B,$-0.01B,-0.05,$0.01B,$-0.01B,-133.33%,$0.01B,$-0.02B,-350.00%,$0.01B,$-0.02B,-350.00%,$0.01B,$-0.02B,-350.00%,$0.01B,$-0.01B,-100.00%,$0.01B,$-0.01B,-100.00%,$-0.01B,$-0.00B,39.34%,$-0.01B,$-0.00B,38.71%,$-0.01B,$0.00B,-88.89%,$-0.02B,$-0.00B,140.00%,$4,$1,$3,$0,$1,$2,$3,$23,$26,$0,$26,$26,$26,$3,$3,$0,0,$242.50,$242.50,$0,$0,$0,$0,$0,$0,$0,$0,$0,$0,$1,$0,$0,$0,$1,$0,$-65,$0,$-1,$0,$-6,$0,$-0,$0,$1,$-3,$0,$-2,$-10,$-15,$-0,$0,$0,$0,$0,$0,$0,$-0,$0,$0,$0,$10,$10,$0,$5,$14,$-1,$1,$0
40,2008-09-30,3.0,$0.00,0.0,$52.41,0.06,$-526.52,0.0,$-117.50,0.0,$0.00B,$0.03B,0.07,$0.00B,$-0.03B,-0.0,$0.00B,$-0.01B,-275.00%,$0.00B,$-0.03B,-700.00%,$0.00B,$-0.03B,-750.00%,$0.00B,$-0.03B,-725.00%,$0.00B,$-0.08B,-1875.00%,$0.00B,$-0.04B,-875.00%,$-0.04B,$-0.03B,222.22%,$-0.04B,$-0.03B,218.75%,$-0.04B,$0.00B,-325.58%,$-0.03B,$-0.03B,180.65%,$2,$5,$-3,$1,$2,$8,$-6,$-2,$-8,$0,$-8,$-8,$-8,$-6,$-6,$0,0,$-65.00,$-65.00,$0,$1,$0,$2,$0,$0,$0,$0,$1,$3,$31,$0,$0,$0,$31,$0,$-90,$1,$-29,$3,$-32,$0,$18,$18,$1,$-4,$0,$1,$1,$-15,$-0,$0,$0,$0,$0,$0,$0,$-0,$0,$0,$0,$5,$5,$0,$-1,$14,$-1,$1,$0
41,2008-06-30,8.75,$0.00,0.0,$50.88,0.17,$-493.47,0.0,$-117.50,0.0,$0.01B,$0.03B,0.29,$0.00B,$-0.02B,-0.0,$0.00B,$-0.01B,-266.67%,$0.00B,$-0.03B,-833.33%,$0.00B,$-0.03B,-900.00%,$0.00B,$-0.03B,-833.33%,$0.00B,$-0.09B,-3066.67%,$0.00B,$-0.05B,-1733.33%,$-0.05B,$-0.02B,577.78%,$-0.05B,$-0.02B,562.16%,$-0.05B,$0.01B,-385.19%,$-0.03B,$-0.02B,277.78%,$0,$8,$-8,$1,$3,$12,$-12,$-1,$-13,$0,$-13,$-13,$-13,$-12,$-12,$0,0,$-112.50,$-112.50,$2,$6,$0,$9,$0,$0,$0,$0,$1,$10,$32,$0,$0,$0,$32,$0,$-83,$0,$-22,$10,$-24,$0,$15,$15,$1,$-7,$0,$0,$-4,$-13,$-0,$0,$0,$0,$0,$0,$0,$-0,$0,$0,$0,$10,$10,$0,$5,$15,$1,$1,$0
42,2008-03-31,81.25,$0.00,0.0,$50.13,1.62,$-588.49,0.0,$-117.50,0.0,$0.01B,$0.02B,0.57,$0.00B,$-0.01B,-0.01,$0.00B,0,0.00%,$0.00B,$-0.02B,-500.00%,$0.00B,$-0.02B,-566.67%,$0.00B,$-0.01B,-466.67%,$0.00B,$-0.08B,-2700.00%,$0.00B,$-0.04B,-1366.67%,$-0.04B,$-0.01B,1261.54%,$-0.04B,$-0.01B,1171.43%,$-0.04B,$0.01B,-356.52%,$-0.02B,$-0.01B,461.54%,$0,$1,$-0,$1,$4,$6,$-6,$-5,$-11,$0,$-11,$-11,$-11,$-6,$-6,$0,0,$-117.50,$-117.50,$1,$11,$0,$13,$0,$0,$0,$0,$1,$14,$23,$0,$0,$0,$23,$0,$-70,$0,$-9,$14,$-11,$0,$6,$7,$1,$-4,$0,$-1,$-5,$-10,$-0,$0,$0,$0,$0,$0,$0,$-0,$0,$0,$0,$5,$5,$0,$5,$10,$-0,$1,$0
43,2007-12-31,87.0,$-30.33,-2.87,$51.63,1.69,$-606.73,0.0,$-192.50,0.0,$0.02B,$0.02B,0.81,$0.00B,$-0.00B,-0.02,$0.00B,0,0.00%,$0.00B,$-0.01B,-400.00%,$0.00B,$-0.01B,-466.67%,$0.00B,$-0.01B,-366.67%,$0.00B,$-0.09B,-2966.67%,$0.00B,$-0.05B,-1633.33%,$-0.05B,$-0.00B,4900.00%,$-0.05B,$-0.00B,4900.00%,$-0.05B,$0.02B,-612.50%,$-0.01B,$-0.00B,1200.00%,$2,$1,$0,$1,$3,$6,$-4,$-37,$-43,$0,$-44,$-3,$-3,$-5,$-6,$0,0,$92.50,$92.50,$7,$7,$0,$15,$0,$0,$0,$0,$1,$16,$19,$0,$0,$0,$19,$0,$-59,$0,$-3,$16,$-48,$0,$37,$37,$-1,$-7,$0,$3,$1,$-11,$-0,$0,$0,$0,$0,$0,$0,$-0,$0,$17,$17,$0,$0,$0,$-5,$12,$1,$0,$0
44,2007-09-30,103.0,$0.00,0.0,$27.67,3.72,$-606.32,0.0,$-192.50,0.0,$0.01B,$0.02B,0.86,$0.00B,$-0.00B,-0.07,$0.00B,0,0.00%,$0.00B,$-0.01B,-900.00%,$0.00B,$-0.01B,-900.00%,$0.00B,$-0.01B,-700.00%,$0.00B,$-0.05B,-4700.00%,$0.00B,$-0.05B,-4600.00%,$-0.05B,$-0.00B,-9200.00%,$-0.05B,$-0.00B,-9200.00%,$-0.05B,$0.01B,-968.42%,$-0.01B,$-0.00B,-1800.00%,$1,$1,$0,$1,$2,$4,$-3,$-23,$-25,$0,$-25,$-25,$-25,$-2,$-3,$0,0,$-345.00,$-345.00,$11,$1,$0,$14,$0,$0,$0,$0,$1,$14,$16,$0,$0,$0,$16,$55,$-57,$0,$-2,$14,$-47,$0,$40,$40,$-1,$-1,$0,$-0,$1,$-7,$-0,$0,$0,$0,$0,$0,$0,$-0,$0,$17,$17,$0,$0,$0,$-5,$12,$5,$0,$0
45,2007-07-31,108.0,$0.00,0.0,$17.45,6.19,$-568.46,0.0,$-192.50,0.0,$0.00B,$0.00B,2.81,$0.00B,$0.00B,0.05,$0.00B,0,nan%,$0.00B,$-0.01B,inf%,$0.00B,$-0.01B,inf%,$0.00B,$-0.01B,inf%,$0.00B,$-0.03B,inf%,$0.00B,$-0.02B,inf%,$-0.02B,$0.00B,-2400.00%,$-0.02B,$0.00B,-2400.00%,$-0.02B,$0.00B,-1920.00%,$-0.01B,$0.00B,-800.00%,$0,$0,$0,$0,$1,$2,$-2,$0,$-2,$-0,$-2,$-2,$-2,$-1,$-2,$0,0,$-192.50,$-192.50,$0,$0,$0,$2,$0,$0,$0,$0,$0,$2,$1,$0,$0,$0,$1,$36,$-35,$0,$1,$2,$-3,$1,$0,$1,$1,$0,$0,$-0,$0,$-2,$-0,$0,$2,$0,$0,$0,$-1,$1,$0,$0,$0,$0,$0,$0,$0,$0,$-1,$1,$0
46,2007-06-30,76.75,$0.00,0.0,$151.75,0.51,$-434.87,0.0,$-192.50,0.0,$0.00B,$0.00B,0.0,$0.00B,$0.00B,0.0,$0.00B,0,0.00%,$0.00B,$-0.01B,-700.00%,$0.00B,$-0.01B,-700.00%,$0.00B,$-0.01B,-700.00%,$0.00B,$-0.02B,-2400.00%,$0.00B,$-0.02B,-2300.00%,$-0.02B,$0.00B,-1840.00%,$-0.02B,$0.00B,-1840.00%,$-0.02B,$0.00B,-1314.29%,$-0.01B,$0.00B,-466.67%,$0,$0,$0,$1,$2,$3,$-3,$-17,$-19,$0,$-19,$-19,$-19,$-3,$-3,$0,0,$-472.50,$-472.50,$0,$0,$0,$0,$0,$0,$0,$0,$0,$0,$0,$0,$0,$0,$0,$0,$0,$0,$0,$0,$-22,$0,$17,$17,$-1,$-1,$0,$0,$0,$-5,$-0,$0,$0,$0,$0,$0,$0,$-0,$0,$9,$9,$0,$0,$0,$-1,$8,$3,$0,$0
47,2007-04-30,60.0,$0.00,0.0,$146.05,0.41,$-436.70,0.0,$-125.00,0.0,$0.00B,$0.00B,3.65,$0.00B,$0.00B,0.02,$0.00B,0,0.00%,$0.00B,$0.00B,400.00%,$0.00B,$-0.00B,-200.00%,$0.00B,$0.01B,800.00%,$0.00B,$0.00B,300.00%,$0.00B,$-0.00B,-200.00%,$-0.00B,$0.00B,400.00%,$-0.00B,$0.00B,400.00%,$-0.00B,$0.00B,-100.00%,$0.00B,$0.00B,inf%,$0,$0,$0,$0,$1,$1,$-1,$0,$-1,$0,$-1,$-1,$-0,$-1,$-1,$0,0,$-12.50,$-12.50,$1,$0,$0,$2,$0,$0,$0,$0,$1,$3,$1,$0,$0,$0,$1,$36,$-33,$0,$3,$3,$-1,$0,$-1,$-0,$1,$0,$0,$-0,$0,$-2,$-0,$0,$2,$0,$0,$0,$0,$2,$0,$0,$0,$0,$0,$0,$0,$0,$0,$0,$0
48,2007-03-31,61.25,$0.00,0.0,$143.02,0.43,$-256.68,0.0,$-125.00,0.0,$0.00B,$0.00B,0.0,$0.00B,$0.00B,0.0,$0.00B,0,0.00%,$0.00B,$0.01B,500.00%,$0.00B,$-0.00B,-100.00%,$0.00B,$0.01B,900.00%,$0.00B,$0.00B,400.00%,$0.00B,$-0.00B,-200.00%,$-0.00B,$0.00B,400.00%,$-0.00B,$0.00B,400.00%,$-0.00B,$0.00B,-80.00%,$0.01B,$0.00B,inf%,$0,$0,$0,$1,$2,$3,$-2,$-0,$-3,$0,$-3,$-3,$-3,$-2,$-2,$0,0,$-62.50,$-62.50,$0,$0,$0,$0,$0,$0,$0,$0,$0,$0,$0,$0,$0,$0,$0,$0,$0,$0,$0,$0,$-3,$0,$0,$0,$-0,$-1,$0,$0,$-0,$-2,$-0,$0,$0,$0,$0,$0,$0,$-0,$0,$5,$5,$0,$0,$0,$-0,$5,$3,$0,$0
49,2007-01-31,70.0,$0.00,0.0,$143.09,0.49,$-276.98,0.0,$-425.00,0.0,$0.00B,$0.00B,1.85,$0.00B,$0.00B,0.06,$0.00B,0,0.00%,$0.00B,$0.01B,600.00%,$0.00B,0,0.00%,$0.00B,$0.01B,800.00%,$0.00B,$0.01B,600.00%,$0.00B,0,0.00%,$0.00B,$0.00B,0.00%,$0.00B,$0.00B,0.00%,$0.00B,$0.00B,0.00%,$0.01B,$0.00B,inf%,$1,$1,$0,$1,$1,$2,$-1,$0,$-1,$0,$-1,$-1,$-1,$-1,$-1,$0,0,$-125.00,$-125.00,$0,$1,$0,$2,$0,$0,$0,$0,$2,$4,$1,$0,$0,$0,$1,$35,$-33,$0,$2,$4,$-1,$0,$0,$1,$-0,$0,$0,$-0,$-0,$-1,$-0,$0,$0,$0,$0,$0,$0,$-0,$0,$0,$0,$0,$0,$0,$0,$0,$-1,$0,$0
50,2006-12-31,50.0,$-161.20,-0.31,$8.53,5.86,$-447.47,0.0,$-425.00,0.0,$0.00B,$0.01B,0.16,$0.00B,$-0.01B,-0.13,$0.00B,0,nan%,$0.00B,$-0.00B,inf%,$0.00B,$-0.01B,inf%,$0.00B,$-0.00B,inf%,$0.00B,$-0.00B,inf%,$0.00B,$-0.01B,inf%,$-0.01B,$-0.01B,-2800.00%,$-0.01B,$-0.01B,-2800.00%,$-0.01B,$0.00B,-215.38%,$-0.00B,$-0.01B,-133.33%,$-0,$-0,$-0,$0,$-1,$-8,$8,$-1,$8,$0,$1,$1,$2,$12,$2,$0,0,$625.00,$625.00,$0,$0,$0,$1,$0,$0,$0,$0,$0,$1,$7,$1,$0,$1,$8,$0,$-10,$0,$-7,$1,$-5,$0,$1,$1,$-0,$0,$0,$-1,$-1,$-5,$-0,$0,$0,$0,$0,$0,$0,$-0,$0,$5,$5,$0,$0,$0,$-0,$5,$0,$1,$0
51,2006-10-31,46.25,$0.00,0.0,$8.72,5.3,$-577.06,0.0,$-300.00,0.0,$0.00B,$0.00B,2.32,$0.00B,$0.00B,0.02,$0.00B,0,nan%,$0.00B,$-0.01B,inf%,$0.00B,$-0.01B,inf%,$0.00B,$-0.02B,inf%,$0.00B,$-0.01B,inf%,$0.00B,$-0.01B,inf%,$-0.01B,$0.00B,-228.57%,$-0.01B,$0.00B,-228.57%,$-0.01B,$0.01B,-184.62%,$-0.01B,$0.00B,-218.18%,$0,$0,$0,$0,$0,$0,$0,$0,$0,$0,$0,$0,$0,$0,$0,$0,0,$0.00,$0.00,$1,$0,$0,$3,$0,$0,$0,$0,$2,$5,$1,$0,$0,$0,$2,$35,$-32,$0,$3,$5,$0,$0,$0,$0,$0,$0,$0,$0,$0,$0,$0,$0,$0,$0,$0,$0,$0,$0,$0,$0,$0,$0,$0,$0,$0,$0,$0,$0,$0
52,2006-09-30,51.25,$0.00,0.0,$185.94,0.28,$-687.09,0.0,$-300.00,0.0,$0.00B,$0.00B,0.0,$0.00B,$0.00B,0.0,$0.00B,$0.00B,100.00%,$0.00B,$-0.02B,-1500.00%,$0.00B,$-0.02B,-1500.00%,$0.00B,$-0.02B,-1700.00%,$0.00B,$-0.02B,-1500.00%,$0.00B,$-0.02B,-1500.00%,$-0.02B,$0.00B,-181.82%,$-0.02B,$0.00B,-181.82%,$-0.02B,$0.00B,-157.89%,$-0.02B,$0.00B,-176.47%,$0,$0,$-0,$1,$0,$1,$-1,$-0,$-1,$0,$-1,$-1,$-1,$-3,$-1,$0,0,$-30.00,$-30.00,$0,$0,$0,$0,$0,$0,$0,$0,$0,$0,$0,$0,$0,$0,$0,$0,$0,$0,$0,$0,$-4,$0,$1,$1,$-0,$0,$0,$-1,$-0,$-3,$-0,$0,$0,$0,$0,$0,$0,$-0,$0,$4,$4,$0,$0,$0,$-0,$4,$1,$1,$0
