,Date,Stock Price,Book Value per Share,Price to Book Ratio,TTM Sales per Share,Price to Sales Ratio,TTM FCF per Share,Price to FCF Ratio,TTM Net EPS,PE Ratio,Current Assets,Current Liabilities,Current Ratio,Long Term Debt,Shareholder's Equity_x,Debt to Equity Ratio,TTM Revenue_x,TTM Gross Profit,Gross Margin,TTM Revenue_y,TTM Operating Income,Operating Margin,TTM Revenue_x,TTM EBIT,EBIT Margin,TTM Revenue_y,TTM EBITDA,EBITDA Margin,TTM Revenue_x,TTM Pre-Tax Income,Pre-Tax Margin,TTM Revenue_y,TTM Net Income_x,Net Margin,TTM Net Income_y,Shareholder's Equity_y,Return on Equity,TTM Net Income_x,Tangible Equity,Return on Tangible Equity,TTM Net Income_y,Total Assets,Return on Assets,TTM Net Income,LT Investments & Debt,Return on Investment,revenue,cost-goods-sold,gross-profit,research-development-expenses,selling-general-administrative-expenses,operating-expenses,operating-income,total-non-operating-income-expense,pre-tax-income,total-provision-income-taxes,income-after-taxes,income-from-continuous-operations,net-income,ebitda,ebit,basic-shares-outstanding,shares-outstanding,eps-basic-net-earnings-per-share,eps-earnings-per-share-diluted,cash-on-hand,inventory,other-current-assets,total-current-assets,net-property-plant-equipment,long-term-investments,goodwill-intangible-assets-total,other-long-term-assets,total-long-term-assets,total-assets,total-current-liabilities,long-term-debt,other-non-current-liabilities,total-long-term-liabilities,total-liabilities,common-stock-net,retained-earnings-accumulated-deficit,comprehensive-income,total-share-holder-equity,total-liabilities-share-holders-equity,net-income-loss,total-depreciation-amortization-cash-flow,other-non-cash-items,total-non-cash-items,change-in-accounts-receivable,change-in-inventories,change-in-accounts-payable,change-in-assets-liabilities,total-change-in-assets-liabilities,cash-flow-from-operating-activities,net-change-in-property-plant-equipment,net-change-in-intangible-assets,net-acquisitions-divestitures,net-change-in-short-term-investments,net-change-in-long-term-investments,net-change-in-investments-total,investing-activities-other,cash-flow-from-investing-activities,net-long-term-debt,net-current-debt,debt-issuance-retirement-net-total,net-common-equity-issued-repurchased,net-total-equity-issued-repurchased,total-common-preferred-stock-dividends-paid,financial-activities-other,cash-flow-from-financial-activities,net-cash-flow,stock-based-compensation,common-stock-dividends-paid
0,2018-09-30,5.39,$2.60,2.08,$20.69,0.26,$-4.50,0.0,$-2.63,0.0,$0.01B,$0.01B,0.94,$0.01B,$0.01B,0.51,$0.06B,$0.01B,15.63%,$0.06B,$-0.01B,-10.94%,$0.06B,$-0.01B,-10.94%,$0.06B,$-0.00B,-6.25%,$0.06B,$-0.01B,-12.50%,$0.06B,$-0.01B,-12.50%,$-0.01B,$0.01B,-69.57%,$-0.01B,$-0.01B,400.00%,$-0.01B,$0.03B,-28.32%,$-0.01B,$0.02B,-42.42%,$17,$15,$3,$0,$2,$18,$-1,$-0,$-1,$0,$-1,$-1,$-1,$-0,$-1,$4,4,$-0.23,$-0.23,$3,$0,$0,$9,$0,$0,$15,$1,$16,$25,$10,$5,$0,$5,$15,$0,$-171,$-2,$10,$25,$-3,$2,$-0,$1,$0,$0,$-2,$0,$-1,$-3,$0,$0,$0,$0,$0,$0,$-4,$-4,$-1,$-0,$-1,$0,$0,$0,$0,$-1,$-9,$0,$0
1,2018-06-30,7.35,$2.81,2.62,$24.15,0.3,$-5.04,0.0,$-3.30,0.0,$0.01B,$0.01B,1.27,$0.01B,$0.01B,0.47,$0.06B,$0.01B,14.52%,$0.06B,$-0.01B,-11.29%,$0.06B,$-0.01B,-11.29%,$0.06B,$-0.01B,-8.06%,$0.06B,$-0.01B,-14.52%,$0.06B,$-0.01B,-14.52%,$-0.01B,$0.01B,-94.74%,$-0.01B,$-0.00B,257.14%,$-0.01B,$0.03B,-33.33%,$-0.01B,$0.02B,-46.67%,$16,$14,$3,$0,$3,$18,$-1,$0,$-1,$0,$-1,$-1,$-1,$-1,$-1,$4,4,$-0.23,$-0.23,$7,$0,$0,$14,$0,$0,$12,$0,$13,$27,$11,$5,$0,$5,$16,$0,$-170,$-2,$11,$27,$-3,$1,$0,$2,$1,$0,$-2,$-0,$-2,$-3,$0,$0,$0,$0,$0,$0,$-1,$-1,$-1,$0,$-1,$0,$0,$0,$0,$-1,$-5,$0,$0
2,2018-03-31,6.96,$3.04,2.29,$28.99,0.24,$-5.71,0.0,$-3.97,0.0,$0.02B,$0.01B,1.3,$0.01B,$0.01B,0.43,$0.06B,$0.01B,14.52%,$0.06B,$-0.01B,-11.29%,$0.06B,$-0.01B,-11.29%,$0.06B,$-0.01B,-8.06%,$0.06B,$-0.01B,-16.13%,$0.06B,$-0.01B,-16.13%,$-0.01B,$0.01B,-137.93%,$-0.01B,$-0.00B,173.91%,$-0.01B,$0.03B,-38.83%,$-0.01B,$0.02B,-53.85%,$16,$14,$2,$0,$3,$17,$-1,$-1,$-2,$0,$-2,$-2,$-2,$-0,$-1,$4,4,$-0.42,$-0.42,$9,$0,$0,$16,$0,$0,$13,$0,$13,$29,$12,$5,$0,$5,$18,$0,$-169,$-2,$12,$29,$-2,$1,$0,$1,$1,$0,$-1,$-1,$-0,$-1,$-0,$0,$0,$0,$0,$0,$-0,$-0,$-1,$-0,$-1,$0,$0,$0,$0,$-1,$-2,$0,$0
3,2017-12-31,11.13,$3.41,3.26,$33.07,0.34,$-6.00,0.0,$-5.05,0.0,$0.02B,$0.02B,1.3,$0.01B,$0.01B,0.34,$0.06B,$0.01B,15.00%,$0.06B,$-0.01B,-13.33%,$0.06B,$-0.01B,-13.33%,$0.06B,$-0.01B,-11.67%,$0.06B,$-0.01B,-18.33%,$0.06B,$-0.01B,-16.67%,$-0.01B,$0.01B,-200.00%,$-0.01B,$0.00B,125.00%,$-0.01B,$0.03B,-41.24%,$-0.01B,$0.02B,-76.19%,$15,$14,$2,$0,$5,$19,$-4,$-0,$-4,$0,$-4,$-4,$-4,$-3,$-4,$2,2,$-1.70,$-1.70,$11,$0,$0,$19,$0,$0,$13,$0,$13,$32,$15,$5,$0,$5,$19,$0,$-167,$-3,$13,$32,$-10,$3,$3,$5,$3,$0,$-3,$-1,$-1,$-5,$-0,$0,$0,$0,$0,$0,$-2,$-2,$3,$0,$3,$15,$15,$0,$0,$18,$11,$3,$0
4,2017-09-30,8.45,$0.93,9.12,$36.95,0.23,$-6.04,0.0,$-4.90,0.0,$0.01B,$0.01B,0.61,$0.01B,$0.00B,3.47,$0.06B,$0.01B,15.00%,$0.06B,$-0.01B,-11.67%,$0.06B,$-0.01B,-11.67%,$0.06B,$-0.01B,-8.33%,$0.06B,$-0.01B,-16.67%,$0.06B,$-0.01B,-15.00%,$-0.01B,$0.00B,-327.27%,$-0.01B,$-0.01B,87.80%,$-0.01B,$0.02B,-40.91%,$-0.01B,$0.01B,-87.50%,$15,$13,$2,$0,$2,$16,$-1,$-0,$-2,$0,$-2,$-2,$-2,$-1,$-1,$2,2,$-0.90,$-0.90,$1,$0,$0,$7,$0,$0,$13,$0,$13,$20,$12,$7,$0,$7,$18,$0,$-163,$-3,$2,$20,$-6,$2,$1,$3,$3,$0,$-2,$-0,$1,$-3,$0,$0,$0,$0,$0,$0,$-1,$-1,$3,$0,$3,$1,$1,$0,$0,$4,$0,$1,$0
5,2017-06-30,6.52,$1.10,5.93,$39.06,0.17,$-5.42,0.0,$-6.50,0.0,$0.01B,$0.01B,0.62,$0.01B,$0.00B,3.17,$0.06B,$0.01B,15.25%,$0.06B,$-0.01B,-13.56%,$0.06B,$-0.01B,-13.56%,$0.06B,$-0.01B,-8.47%,$0.06B,$-0.01B,-20.34%,$0.06B,$-0.01B,-16.95%,$-0.01B,$0.00B,-250.00%,$-0.01B,$-0.01B,108.11%,$-0.01B,$0.02B,-43.96%,$-0.01B,$0.01B,-94.12%,$16,$13,$3,$0,$3,$17,$-1,$-0,$-2,$0,$-2,$-2,$-2,$-1,$-1,$2,2,$-0.93,$-0.93,$1,$0,$0,$9,$0,$0,$13,$0,$13,$22,$14,$6,$0,$6,$20,$0,$-162,$-3,$2,$22,$-4,$1,$-0,$1,$2,$0,$-2,$0,$0,$-3,$0,$0,$0,$0,$0,$0,$-1,$-1,$3,$0,$3,$1,$1,$0,$0,$4,$1,$1,$0
6,2017-03-31,9.31,$1.97,4.73,$41.71,0.22,$-5.44,0.0,$-10.20,0.0,$0.01B,$0.02B,0.59,$0.00B,$0.00B,1.11,$0.06B,$0.01B,14.04%,$0.06B,$-0.01B,-17.54%,$0.06B,$-0.01B,-17.54%,$0.06B,$-0.01B,-10.53%,$0.06B,$-0.02B,-26.32%,$0.06B,$-0.01B,-22.81%,$-0.01B,$0.00B,-247.62%,$-0.01B,$-0.01B,157.58%,$-0.01B,$0.02B,-57.14%,$-0.01B,$0.01B,-108.11%,$14,$11,$2,$0,$3,$16,$-2,$-0,$-3,$0,$-3,$-3,$-2,$-2,$-2,$2,2,$-1.51,$-1.51,$1,$0,$0,$9,$0,$0,$13,$1,$14,$23,$16,$4,$0,$4,$20,$0,$-160,$-2,$3,$23,$-2,$1,$1,$1,$1,$0,$0,$-1,$0,$-1,$0,$0,$0,$0,$0,$0,$-0,$-0,$-0,$0,$0,$1,$1,$0,$0,$1,$0,$1,$0
7,2016-12-31,7.5,$2.65,2.83,$43.46,0.17,$-5.70,0.0,$-10.70,0.0,$0.01B,$0.02B,0.6,$0.00B,$0.00B,0.89,$0.05B,$0.01B,14.81%,$0.05B,$-0.01B,-18.52%,$0.05B,$-0.01B,-18.52%,$0.05B,$-0.01B,-9.26%,$0.05B,$-0.01B,-25.93%,$0.05B,$-0.01B,-24.07%,$-0.01B,$0.00B,-200.00%,$-0.01B,$-0.01B,173.33%,$-0.01B,$0.02B,-57.78%,$-0.01B,$0.01B,-97.56%,$15,$13,$2,$0,$3,$18,$-3,$-0,$-3,$0,$-3,$-3,$-3,$-1,$-3,$1,1,$-1.63,$-1.63,$1,$0,$0,$9,$0,$0,$13,$1,$14,$23,$15,$4,$0,$4,$19,$0,$-157,$-2,$4,$23,$-13,$4,$5,$9,$-3,$0,$4,$0,$1,$-3,$-0,$0,$0,$0,$0,$0,$-1,$-2,$3,$1,$4,$0,$0,$0,$0,$4,$-0,$3,$0
8,2016-09-30,11.7,$4.35,2.69,$55.37,0.21,$-6.60,0.0,$-14.10,0.0,$0.01B,$0.01B,0.68,$0.00B,$0.01B,0.62,$0.05B,$0.01B,14.81%,$0.05B,$-0.01B,-20.37%,$0.05B,$-0.01B,-20.37%,$0.05B,$-0.01B,-12.96%,$0.05B,$-0.02B,-29.63%,$0.05B,$-0.02B,-27.78%,$-0.02B,$0.01B,-193.55%,$-0.02B,$-0.01B,222.22%,$-0.02B,$0.02B,-66.67%,$-0.01B,$0.01B,-97.78%,$14,$12,$2,$0,$3,$16,$-2,$-2,$-4,$0,$-4,$-4,$-3,$-1,$-2,$1,1,$-2.47,$-2.47,$1,$0,$0,$9,$0,$0,$14,$1,$15,$23,$13,$4,$0,$4,$17,$0,$-155,$-2,$7,$23,$-11,$2,$4,$6,$-1,$0,$4,$-0,$3,$-1,$0,$0,$0,$0,$0,$0,$-1,$-1,$3,$0,$3,$0,$0,$0,$0,$3,$0,$3,$0
9,2016-06-30,18.4,$5.22,3.52,$63.89,0.29,$-11.66,0.0,$-18.60,0.0,$0.01B,$0.01B,0.64,$0.00B,$0.01B,0.55,$0.05B,$0.01B,15.09%,$0.05B,$-0.01B,-20.75%,$0.05B,$-0.01B,-20.75%,$0.05B,$-0.01B,-9.43%,$0.05B,$-0.02B,-32.08%,$0.05B,$-0.02B,-32.08%,$-0.02B,$0.01B,-206.06%,$-0.02B,$-0.01B,261.54%,$-0.02B,$0.02B,-73.12%,$-0.01B,$0.01B,-95.65%,$14,$11,$2,$0,$4,$16,$-3,$-3,$-5,$0,$-5,$-5,$-5,$-2,$-3,$1,1,$-4.59,$-4.59,$1,$0,$0,$7,$0,$0,$14,$1,$15,$22,$11,$4,$0,$4,$15,$0,$-151,$-2,$7,$22,$-7,$2,$2,$4,$-0,$0,$2,$0,$2,$-1,$-0,$0,$0,$0,$0,$0,$-1,$-1,$1,$1,$2,$0,$0,$0,$0,$2,$-0,$2,$0
10,2016-03-31,31.38,$6.68,4.7,$66.02,0.48,$-15.32,0.0,$-18.00,0.0,$0.01B,$0.01B,0.61,$0.00B,$0.01B,0.46,$0.05B,$0.01B,15.22%,$0.05B,$-0.01B,-23.91%,$0.05B,$-0.01B,-23.91%,$0.05B,$-0.00B,-8.70%,$0.05B,$-0.01B,-30.43%,$0.05B,$-0.01B,-30.43%,$-0.01B,$0.01B,-151.35%,$-0.01B,$-0.01B,243.48%,$-0.01B,$0.02B,-57.73%,$-0.01B,$0.01B,-88.00%,$11,$9,$2,$0,$2,$13,$-2,$-0,$-2,$0,$-2,$-2,$-2,$-1,$-2,$1,1,$-1.64,$-1.64,$1,$0,$0,$6,$0,$0,$15,$0,$15,$22,$11,$3,$0,$3,$14,$0,$-146,$-2,$8,$22,$-2,$1,$0,$1,$0,$0,$-1,$0,$-0,$-1,$0,$0,$0,$0,$0,$0,$-0,$-0,$0,$1,$1,$0,$0,$0,$0,$1,$-0,$0,$0
11,2015-12-31,18.8,$8.03,2.34,$68.08,0.28,$-14.85,0.0,$-21.00,0.0,$0.01B,$0.01B,0.7,$0.00B,$0.01B,0.38,$0.04B,$0.01B,14.63%,$0.04B,$-0.01B,-26.83%,$0.04B,$-0.01B,-26.83%,$0.04B,$-0.01B,-12.20%,$0.04B,$-0.01B,-34.15%,$0.04B,$-0.01B,-34.15%,$-0.01B,$0.01B,-169.70%,$-0.01B,$-0.01B,266.67%,$-0.01B,$0.02B,-62.92%,$-0.01B,$0.01B,-95.65%,$15,$13,$2,$0,$5,$19,$-4,$-1,$-5,$0,$-5,$-5,$-5,$-3,$-4,$1,1,$-6.22,$-6.22,$1,$0,$0,$7,$0,$0,$15,$0,$16,$23,$10,$3,$0,$3,$14,$0,$-144,$-2,$9,$23,$-13,$6,$3,$9,$-1,$0,$4,$1,$3,$-2,$-1,$0,$0,$0,$0,$0,$-4,$-4,$1,$0,$1,$0,$6,$0,$0,$6,$1,$4,$0
12,2015-09-30,16.0,$11.76,1.36,$59.06,0.27,$-7.26,0.0,$-16.00,0.0,$0.01B,$0.01B,0.77,$0.00B,$0.01B,0.37,$0.03B,$0.01B,16.13%,$0.03B,$-0.01B,-32.26%,$0.03B,$-0.01B,-32.26%,$0.03B,$-0.00B,-12.90%,$0.03B,$-0.01B,-38.71%,$0.03B,$-0.01B,-38.71%,$-0.01B,$0.01B,-165.52%,$-0.01B,$-0.01B,252.63%,$-0.01B,$0.03B,-60.00%,$-0.01B,$0.01B,-93.02%,$13,$11,$2,$0,$3,$15,$-2,$-3,$-5,$0,$-5,$-5,$-5,$1,$-2,$1,1,$-7.50,$-7.50,$5,$0,$0,$11,$0,$0,$15,$0,$15,$26,$14,$3,$0,$3,$17,$0,$-139,$-2,$9,$26,$-9,$5,$1,$5,$-1,$0,$1,$-0,$-0,$-4,$-0,$0,$-3,$0,$0,$0,$-0,$-4,$1,$1,$1,$0,$6,$0,$0,$7,$-0,$2,$0
13,2015-06-30,38.93,$19.57,1.99,$55.89,0.7,$6.07,6.41,$-31.00,0.0,$0.01B,$0.01B,0.92,$0.00B,$0.01B,0.43,$0.02B,$0.00B,16.67%,$0.02B,$-0.01B,-41.67%,$0.02B,$-0.01B,-41.67%,$0.02B,$-0.01B,-25.00%,$0.02B,$-0.01B,-50.00%,$0.02B,$-0.01B,-50.00%,$-0.01B,$0.01B,-177.78%,$-0.01B,$-0.00B,320.00%,$-0.01B,$0.03B,-68.57%,$-0.01B,$0.02B,-97.56%,$7,$5,$1,$0,$3,$9,$-3,$1,$-2,$0,$-2,$-2,$-2,$-1,$-3,$0,0,$-4.60,$-4.60,$6,$0,$0,$10,$0,$0,$15,$0,$16,$26,$11,$4,$0,$4,$15,$0,$-134,$-1,$11,$26,$-4,$2,$-1,$1,$0,$0,$1,$0,$0,$-2,$-0,$0,$-3,$0,$0,$0,$-0,$-4,$1,$0,$1,$0,$6,$0,$0,$6,$0,$1,$0
14,2015-03-31,116.0,$8.08,14.36,$57.17,2.03,$21.63,5.36,$-23.00,0.0,$0.01B,$0.01B,0.72,$0.00B,$0.00B,0.98,$0.02B,$0.01B,22.73%,$0.02B,$-0.01B,-31.82%,$0.02B,$-0.01B,-31.82%,$0.02B,$-0.00B,-13.64%,$0.02B,$-0.01B,-40.91%,$0.02B,$-0.01B,-40.91%,$-0.01B,$0.00B,-360.00%,$-0.01B,$-0.01B,133.33%,$-0.01B,$0.01B,-59.02%,$-0.01B,$0.01B,-77.78%,$6,$5,$1,$0,$3,$8,$-2,$-0,$-2,$0,$-2,$-2,$-2,$-2,$-2,$0,0,$-4.90,$-4.90,$1,$0,$0,$5,$0,$0,$9,$0,$9,$14,$7,$4,$0,$4,$10,$0,$-131,$-1,$4,$14,$-2,$0,$1,$1,$0,$0,$1,$0,$1,$-0,$-0,$0,$0,$0,$0,$0,$0,$-0,$1,$0,$1,$0,$0,$0,$0,$1,$0,$1,$0
15,2014-12-31,113.0,$11.96,9.45,$60.15,1.88,$23.99,4.71,$-29.00,0.0,$0.01B,$0.01B,0.87,$0.00B,$0.01B,0.59,$0.02B,$0.01B,23.81%,$0.02B,$-0.01B,-38.10%,$0.02B,$-0.01B,-38.10%,$0.02B,$-0.00B,-14.29%,$0.02B,$-0.01B,-52.38%,$0.02B,$-0.01B,-52.38%,$-0.01B,$0.01B,400.00%,$-0.01B,$-0.00B,91.67%,$-0.01B,$0.01B,-67.69%,$-0.01B,$0.01B,-100.00%,$5,$4,$1,$0,$3,$8,$-3,$-0,$-3,$0,$-3,$-3,$-3,$-2,$-3,$0,0,$-7.30,$-7.30,$1,$0,$0,$5,$0,$0,$9,$0,$9,$14,$6,$3,$0,$3,$9,$0,$-129,$-1,$5,$14,$-10,$4,$2,$6,$7,$0,$-0,$1,$6,$2,$-1,$0,$0,$0,$0,$0,$-1,$-2,$-0,$0,$0,$0,$0,$0,$0,$0,$0,$4,$0
16,2014-09-30,215.0,$15.72,13.68,$65.72,3.27,$-17.78,0.0,$-29.00,0.0,$0.01B,$0.01B,1.14,$0.00B,$0.01B,0.46,$0.02B,$0.01B,22.73%,$0.02B,$-0.03B,-113.64%,$0.02B,$-0.03B,-113.64%,$0.02B,$-0.02B,-86.36%,$0.02B,$-0.03B,-131.82%,$0.02B,$-0.03B,-131.82%,$-0.03B,$0.01B,374.19%,$-0.03B,$-0.00B,168.12%,$-0.03B,$0.02B,-156.76%,$-0.03B,$0.01B,-400.00%,$6,$5,$1,$0,$2,$8,$-2,$-3,$-5,$0,$-5,$-5,$-5,$-1,$-2,$0,0,$-13.00,$-13.00,$1,$0,$0,$6,$0,$0,$9,$0,$9,$16,$6,$3,$0,$3,$9,$0,$-126,$1,$7,$16,$-7,$4,$-1,$3,$8,$0,$-0,$1,$8,$3,$-0,$0,$0,$0,$0,$0,$-1,$-1,$-3,$0,$-3,$0,$0,$0,$0,$-3,$1,$1,$0
17,2014-06-30,191.0,$-16.20,-11.79,$73.55,2.6,$-47.73,0.0,$-20.00,0.0,$0.01B,$0.01B,1.05,$0.02B,$-0.01B,-2.68,$0.02B,$0.01B,26.09%,$0.02B,$-0.03B,-108.70%,$0.02B,$-0.03B,-108.70%,$0.02B,$-0.02B,-86.96%,$0.02B,$-0.03B,-117.39%,$0.02B,$-0.03B,-121.74%,$-0.03B,$-0.01B,233.33%,$-0.03B,$-0.02B,125.84%,$-0.03B,$0.02B,-131.76%,$-0.03B,$0.01B,-416.67%,$5,$3,$2,$0,$3,$5,$-0,$1,$1,$0,$1,$1,$1,$2,$-0,$0,0,$4.00,$4.00,$1,$0,$0,$6,$0,$0,$10,$0,$10,$17,$6,$17,$0,$17,$23,$0,$-121,$1,$-6,$17,$-2,$3,$-4,$-1,$6,$0,$-1,$2,$7,$3,$-0,$0,$0,$0,$0,$0,$-1,$-1,$-2,$0,$-2,$0,$0,$0,$-2,$-4,$1,$1,$0
18,2014-03-31,347.0,$-51.38,-6.75,$78.31,4.43,$-72.66,0.0,$-96.00,0.0,$0.01B,$0.02B,0.59,$0.02B,$-0.02B,-1.18,$0.02B,$0.01B,20.83%,$0.02B,$-0.05B,-187.50%,$0.02B,$-0.05B,-187.50%,$0.02B,$-0.04B,-170.83%,$0.02B,$-0.05B,-204.17%,$0.02B,$-0.05B,-204.17%,$-0.05B,$-0.02B,400.00%,$-0.05B,$-0.03B,213.04%,$-0.05B,$0.02B,-213.04%,$-0.05B,$0.00B,-666.67%,$5,$4,$1,$0,$3,$7,$-3,$-1,$-4,$0,$-4,$-4,$-4,$-2,$-3,$0,0,$-11.00,$-11.00,$1,$0,$1,$9,$0,$0,$9,$0,$9,$18,$15,$20,$0,$20,$35,$0,$-123,$1,$-17,$18,$-4,$1,$0,$1,$4,$0,$-0,$0,$4,$1,$-0,$0,$0,$0,$0,$0,$0,$-0,$1,$0,$1,$0,$0,$0,$-1,$0,$1,$0,$0
19,2013-12-31,437.0,$-47.74,-9.15,$66.37,6.58,$-100.19,0.0,$-96.00,0.0,$0.01B,$0.02B,0.61,$0.02B,$-0.02B,-1.12,$0.02B,$0.01B,25.00%,$0.02B,$-0.05B,-225.00%,$0.02B,$-0.05B,-225.00%,$0.02B,$-0.04B,-210.00%,$0.02B,$-0.05B,-240.00%,$0.02B,$-0.05B,-240.00%,$-0.05B,$-0.02B,1010.53%,$-0.05B,$-0.03B,362.26%,$-0.05B,$0.02B,-195.92%,$-0.05B,$0.00B,-486.49%,$6,$4,$1,$0,$19,$26,$-20,$-1,$-21,$0,$-21,$-21,$-21,$-18,$-20,$0,0,$-74.00,$-74.00,$0,$0,$1,$13,$0,$0,$10,$0,$10,$23,$21,$17,$0,$17,$38,$0,$-119,$-0,$-15,$23,$-48,$3,$34,$37,$-1,$0,$2,$-1,$1,$-11,$0,$-0,$-0,$0,$-0,$-0,$5,$4,$2,$-0,$2,$-0,$-0,$0,$2,$3,$-3,$17,$0
20,2013-09-30,460.0,$-36.88,-12.47,$51.32,8.96,$-182.14,0.0,$-96.00,0.0,$0.02B,$0.02B,0.83,$0.02B,$-0.01B,-1.83,$0.02B,$0.00B,26.67%,$0.02B,$-0.03B,-200.00%,$0.02B,$-0.03B,-200.00%,$0.02B,$-0.03B,-193.33%,$0.02B,$-0.03B,-213.33%,$0.02B,$-0.03B,-226.67%,$-0.03B,$-0.01B,-1046.15%,$-0.03B,$-0.02B,1236.36%,$-0.03B,$0.03B,-132.04%,$-0.03B,$0.01B,-230.77%,$7,$5,$2,$0,$3,$9,$-2,$-1,$-3,$0,$-3,$-3,$-4,$-2,$-2,$0,0,$-13.00,$-13.00,$4,$0,$1,$15,$0,$0,$11,$0,$12,$27,$18,$19,$0,$19,$37,$0,$-115,$0,$-10,$27,$-27,$1,$18,$19,$1,$0,$2,$0,$2,$-6,$0,$0,$0,$0,$-0,$-0,$5,$5,$1,$0,$1,$-0,$-0,$0,$2,$2,$0,$0,$0
21,2013-06-30,519.0,$-25.45,-20.39,$29.05,17.87,$-208.12,0.0,$-83.00,0.0,$0.01B,$0.01B,1.05,$0.02B,$-0.01B,-2.85,$0.01B,$0.00B,25.00%,$0.01B,$-0.03B,-375.00%,$0.01B,$-0.03B,-375.00%,$0.01B,$-0.03B,-362.50%,$0.01B,$-0.03B,-375.00%,$0.01B,$-0.03B,-400.00%,$-0.03B,$-0.01B,-290.91%,$-0.03B,$-0.02B,-400.00%,$-0.03B,$0.02B,-104.92%,$-0.03B,$0.01B,-187.50%,$6,$4,$1,$0,$3,$25,$-20,$-1,$-21,$0,$-21,$-21,$-20,$-19,$-20,$0,0,$-72.00,$-72.00,$2,$0,$0,$11,$0,$0,$12,$0,$13,$24,$10,$20,$0,$21,$31,$0,$-110,$0,$-7,$24,$-23,$1,$17,$18,$2,$0,$1,$-0,$2,$-4,$-0,$0,$0,$0,$-0,$-0,$5,$4,$2,$-5,$-3,$-0,$-0,$0,$2,$-2,$-2,$0,$0
22,2013-03-31,271.5,$47.29,5.74,$9.31,29.15,$-209.06,0.0,$-11.00,0.0,$0.02B,$0.01B,2.19,$0.00B,$0.01B,0.0,$0.00B,$0.00B,50.00%,$0.00B,$-0.01B,-650.00%,$0.00B,$-0.01B,-650.00%,$0.00B,$-0.01B,-650.00%,$0.00B,$-0.01B,-600.00%,$0.00B,$-0.02B,-750.00%,$-0.02B,$0.01B,-82.19%,$-0.02B,$0.01B,-82.19%,$-0.02B,$0.02B,-41.67%,$-0.01B,$0.01B,-71.23%,$1,$0,$1,$0,$3,$3,$-3,$-0,$-3,$0,$-3,$-3,$-3,$-3,$-3,$0,0,$-11.00,$-11.00,$2,$0,$8,$23,$0,$0,$0,$0,$1,$24,$10,$0,$0,$0,$10,$0,$-73,$0,$13,$24,$-3,$0,$0,$1,$-1,$0,$0,$-4,$-4,$-7,$0,$0,$0,$0,$0,$0,$5,$5,$0,$-1,$-1,$-0,$-0,$0,$2,$1,$-2,$0,$0
23,2012-12-31,349.0,$60.09,5.81,$6.64,52.59,$-190.42,0.0,0,0.0,$0.03B,$0.01B,2.49,$0.00B,$0.02B,0.0,$0.00B,0,0.00%,$0.00B,$-0.01B,-1400.00%,$0.00B,$-0.01B,-1400.00%,$0.00B,$-0.01B,-1400.00%,$0.00B,$-0.01B,-1400.00%,$0.00B,$-0.02B,-1700.00%,$-0.02B,$0.02B,-81.93%,$-0.02B,$0.02B,-81.93%,$-0.02B,$0.03B,-40.96%,$-0.01B,$0.02B,-67.47%,$1,$1,$0,$0,$4,$6,$-5,$1,$-5,$0,$-5,$-5,$-7,$-5,$-5,$0,0,$-31.00,$-31.00,$6,$0,$5,$28,$0,$0,$0,$0,$0,$28,$11,$0,$0,$0,$11,$0,$-71,$0,$17,$28,$-16,$0,$6,$7,$-10,$0,$-1,$-6,$-15,$-25,$-0,$0,$0,$0,$0,$0,$-7,$-7,$-0,$9,$9,$0,$0,$0,$27,$36,$3,$6,$0
24,2012-09-30,15.0,$364.88,0.04,$2.47,6.06,$-71.39,0.0,0,0.0,$0.05B,$0.00B,25.49,$0.00B,$0.02B,0.02,$0.00B,0,nan%,$0.00B,$-0.03B,inf%,$0.00B,$-0.03B,inf%,$0.00B,$-0.03B,inf%,$0.00B,$-0.03B,inf%,$0.00B,$-0.04B,inf%,$-0.04B,$0.02B,-229.51%,$-0.04B,$0.02B,-233.33%,$-0.04B,$0.05B,-100.00%,$-0.03B,$0.02B,-222.95%,$0,$0,$0,$0,$2,$2,$-2,$0,$-1,$0,$-1,$-1,$-2,$-2,$-2,$0,0,$-9.00,$-9.00,$46,$0,$0,$46,$0,$0,$0,$0,$0,$46,$2,$0,$23,$23,$25,$0,$-3,$0,$21,$46,$-9,$0,$10,$10,$-19,$0,$9,$-0,$-10,$-9,$-0,$0,$0,$0,$0,$0,$-0,$-0,$4,$0,$4,$0,$0,$0,$8,$12,$3,$4,$0
25,2012-06-30,24.0,$387.17,0.06,$1.59,15.09,$-24.36,0.0,0,0.0,$0.05B,$0.00B,51.02,$0.00B,$0.02B,0.0,$0.00B,0,nan%,$0.00B,$-0.03B,inf%,$0.00B,$-0.03B,inf%,$0.00B,$-0.03B,inf%,$0.00B,$-0.03B,inf%,$0.00B,$-0.03B,inf%,$-0.03B,$0.02B,-330.00%,$-0.03B,$0.02B,-338.46%,$-0.03B,$0.05B,-140.43%,$-0.03B,$0.02B,-320.00%,$0,$0,$-0,$0,$2,$3,$-3,$-0,$-3,$0,$-3,$-3,$-3,$-3,$-3,$0,0,$-13.00,$-13.00,$46,$0,$0,$46,$0,$0,$0,$0,$0,$46,$1,$0,$23,$23,$24,$0,$-1,$0,$22,$46,$-7,$0,$4,$4,$-0,$0,$0,$-0,$0,$-3,$-0,$0,$0,$0,$0,$0,$-0,$-0,$-0,$0,$-0,$0,$0,$0,$5,$5,$1,$3,$0
26,2012-03-31,25.0,$391.41,0.06,$1.39,17.95,$-9.96,0.0,0,0.0,$0.05B,$0.00B,73.03,$0.00B,$0.02B,0.0,$0.00B,0,nan%,$0.00B,$-0.03B,inf%,$0.00B,$-0.03B,inf%,$0.00B,$-0.03B,inf%,$0.00B,$-0.03B,inf%,$0.00B,$-0.03B,inf%,$-0.03B,$0.02B,-666.67%,$-0.03B,$0.02B,-705.88%,$-0.03B,$0.05B,-250.00%,$-0.03B,$0.02B,-644.44%,$0,$0,$-0,$0,$4,$4,$-4,$-0,$-5,$0,$-5,$-5,$-5,$-4,$-4,$0,0,$-24.00,$-24.00,$46,$0,$0,$46,$0,$0,$0,$0,$0,$46,$1,$0,$23,$23,$24,$0,$-1,$0,$23,$46,$-5,$0,$3,$3,$0,$0,$0,$-0,$0,$-1,$-0,$0,$0,$0,$0,$0,$-0,$-0,$-0,$0,$-0,$0,$0,$0,$2,$2,$1,$3,$0
27,2011-12-31,60.0,$-42.44,-1.41,$1.00,60.27,$-3.38,0.0,0,0.0,$0.00B,$0.00B,0.14,$0.00B,$-0.01B,0.0,$0.00B,0,nan%,$0.00B,$-0.03B,inf%,$0.00B,$-0.03B,inf%,$0.00B,$-0.03B,inf%,$0.00B,$-0.03B,inf%,$0.00B,$-0.03B,inf%,$-0.03B,$-0.01B,2000.00%,$-0.03B,$-0.01B,1666.67%,$-0.03B,$0.00B,-5000.00%,$-0.03B,$-0.01B,2000.00%,$0,$1,$-0,$0,$24,$25,$-25,$-0,$-25,$0,$-25,$-25,$-25,$-25,$-25,$0,0,$-133.00,$-133.00,$0,$0,$0,$0,$0,$0,$1,$0,$1,$2,$3,$0,$4,$4,$7,$0,$-51,$0,$-5,$2,$-1,$0,$19,$19,$0,$0,$0,$-0,$1,$-0,$0,$0,$0,$0,$0,$0,$0,$0,$3,$0,$0,$0,$0,$0,$0,$0,$-0,$19,$0
28,2011-09-30,15.0,$0.00,0.0,0,0.0,$-2.71,0.0,0,0.0,$0.00B,$0.00B,0.0,$0.00B,$0.00B,0.0,$0.00B,0,nan%,$0.00B,0,nan%,$0.00B,0,nan%,$0.00B,0,nan%,$0.00B,0,nan%,$0.00B,0,nan%,$0.00B,$0.00B,0.00%,$0.00B,$0.00B,0.00%,$0.00B,$0.00B,0.00%,$0.00B,$0.00B,0.00%,$0,$0,$0,$0,$0,$0,$-0,$0,$-0,$0,$-0,$-0,$-0,$-0,$-0,$0,0,$-2.00,$-2.00,$0,$0,$0,$0,$0,$0,$0,$0,$0,$0,$0,$0,$0,$0,$0,$0,$0,$0,$0,$0,$-0,$0,$0,$0,$0,$0,$-0,$0,$0,$-0,$0,$0,$0,$0,$0,$0,$0,$0,$0,$0,$0,$0,$0,$0,$0,$0,$-0,$0,$0
