,Date,Stock Price,Book Value per Share,Price to Book Ratio,TTM Sales per Share,Price to Sales Ratio,TTM FCF per Share,Price to FCF Ratio,TTM Net EPS,PE Ratio,Current Assets,Current Liabilities,Current Ratio,Long Term Debt,Shareholder's Equity_x,Debt to Equity Ratio,TTM Revenue_x,TTM Gross Profit,Gross Margin,TTM Revenue_y,TTM Operating Income,Operating Margin,TTM Revenue_x,TTM EBIT,EBIT Margin,TTM Revenue_y,TTM EBITDA,EBITDA Margin,TTM Revenue_x,TTM Pre-Tax Income,Pre-Tax Margin,TTM Revenue_y,TTM Net Income_x,Net Margin,TTM Net Income_y,Shareholder's Equity_y,Return on Equity,TTM Net Income_x,Tangible Equity,Return on Tangible Equity,TTM Net Income_y,Total Assets,Return on Assets,TTM Net Income,LT Investments & Debt,Return on Investment,revenue,cost-goods-sold,gross-profit,research-development-expenses,selling-general-administrative-expenses,operating-expenses,operating-income,total-non-operating-income-expense,pre-tax-income,total-provision-income-taxes,income-after-taxes,income-from-continuous-operations,net-income,ebitda,ebit,basic-shares-outstanding,shares-outstanding,eps-basic-net-earnings-per-share,eps-earnings-per-share-diluted,cash-on-hand,inventory,other-current-assets,total-current-assets,net-property-plant-equipment,long-term-investments,goodwill-intangible-assets-total,other-long-term-assets,total-long-term-assets,total-assets,total-current-liabilities,long-term-debt,other-non-current-liabilities,total-long-term-liabilities,total-liabilities,common-stock-net,retained-earnings-accumulated-deficit,comprehensive-income,total-share-holder-equity,total-liabilities-share-holders-equity,net-income-loss,total-depreciation-amortization-cash-flow,other-non-cash-items,total-non-cash-items,change-in-accounts-receivable,change-in-inventories,change-in-accounts-payable,change-in-assets-liabilities,total-change-in-assets-liabilities,cash-flow-from-operating-activities,net-change-in-property-plant-equipment,net-change-in-intangible-assets,net-acquisitions-divestitures,net-change-in-short-term-investments,net-change-in-long-term-investments,net-change-in-investments-total,investing-activities-other,cash-flow-from-investing-activities,net-long-term-debt,net-current-debt,debt-issuance-retirement-net-total,net-common-equity-issued-repurchased,net-total-equity-issued-repurchased,total-common-preferred-stock-dividends-paid,financial-activities-other,cash-flow-from-financial-activities,net-cash-flow,stock-based-compensation,common-stock-dividends-paid
0,2018-09-30,405.51,$49.46,8.2,$198.24,2.05,$12.90,31.45,$15.14,26.78,$0.92B,$0.28B,3.28,$0.82B,$0.56B,1.45,$2.31B,$0.60B,25.75%,$2.31B,$0.30B,12.89%,$2.31B,$0.30B,12.89%,$2.31B,$0.37B,15.88%,$2.31B,$0.28B,12.29%,$2.31B,$0.18B,7.57%,$0.18B,$0.56B,29.50%,$0.18B,$0.43B,38.67%,$0.18B,$1.84B,9.85%,$0.30B,$1.38B,23.01%,$563,$422,$141,$35,$38,$495,$68,$0,$68,$10,$58,$58,$58,$86,$68,$11,11,$5.12,$5.12,$148,$389,$0,$915,$647,$0,$138,$10,$925,$1840,$279,$818,$178,$997,$1276,$0,$713,$-148,$564,$1840,$172,$53,$14,$68,$0,$0,$0,$-131,$-131,$101,$-55,$0,$0,$0,$0,$0,$15,$-41,$0,$216,$216,$-149,$-149,$-61,$-0,$6,$64,$0,$-61
1,2018-06-30,404.5,$48.18,8.39,$195.24,2.07,$13.66,29.61,$15.06,26.86,$0.89B,$0.28B,3.19,$0.76B,$0.55B,1.38,$2.30B,$0.61B,26.70%,$2.30B,$0.31B,13.46%,$2.30B,$0.31B,13.46%,$2.30B,$0.37B,16.29%,$2.30B,$0.29B,12.76%,$2.30B,$0.18B,7.71%,$0.18B,$0.55B,29.05%,$0.18B,$0.41B,37.98%,$0.18B,$1.77B,10.16%,$0.31B,$1.31B,24.54%,$599,$453,$146,$37,$42,$532,$67,$2,$70,$17,$53,$53,$53,$85,$67,$12,12,$4.53,$4.53,$110,$380,$0,$893,$649,$0,$139,$10,$881,$1774,$280,$760,$181,$941,$1221,$0,$697,$-145,$552,$1774,$113,$35,$2,$38,$0,$0,$0,$-88,$-88,$66,$-43,$0,$0,$0,$0,$0,$12,$-30,$0,$157,$157,$-123,$-123,$-41,$-0,$-7,$26,$0,$-41
2,2018-03-31,399.9,$55.55,7.2,$190.08,2.1,$12.30,32.52,$15.82,25.28,$0.89B,$0.30B,2.93,$0.63B,$0.66B,0.95,$2.24B,$0.63B,28.07%,$2.24B,$0.33B,14.66%,$2.24B,$0.33B,14.66%,$2.24B,$0.39B,17.29%,$2.24B,$0.31B,13.73%,$2.24B,$0.19B,8.33%,$0.19B,$0.66B,30.30%,$0.19B,$0.51B,36.96%,$0.19B,$1.78B,10.95%,$0.33B,$1.28B,26.66%,$589,$432,$157,$34,$41,$508,$82,$-0,$81,$21,$61,$61,$60,$99,$82,$12,12,$5.14,$5.14,$73,$403,$0,$886,$662,$0,$142,$11,$893,$1779,$303,$625,$197,$822,$1125,$0,$787,$-133,$655,$1779,$61,$18,$4,$22,$0,$0,$0,$-70,$-70,$10,$-23,$0,$0,$0,$0,$0,$0,$-23,$22,$0,$22,$-1,$-1,$-21,$-0,$1,$-11,$0,$-21
3,2017-12-31,393.98,$51.07,7.71,$185.87,2.12,$12.36,31.88,$16.07,24.52,$0.83B,$0.32B,2.63,$0.60B,$0.60B,1.0,$2.20B,$0.64B,29.21%,$2.20B,$0.34B,15.33%,$2.20B,$0.34B,15.33%,$2.20B,$0.39B,17.83%,$2.20B,$0.32B,14.33%,$2.20B,$0.19B,8.69%,$0.19B,$0.60B,32.58%,$0.19B,$0.46B,37.60%,$0.19B,$1.71B,11.55%,$0.34B,$1.21B,28.15%,$560,$409,$151,$28,$42,$479,$81,$-16,$65,$61,$4,$4,$4,$97,$81,$12,12,$0.36,$0.36,$84,$383,$0,$834,$652,$0,$144,$11,$879,$1712,$317,$603,$191,$794,$1111,$0,$748,$-146,$602,$1712,$191,$55,$68,$124,$0,$-45,$0,$-29,$-64,$243,$-149,$0,$-184,$0,$0,$0,$-2,$-335,$94,$0,$94,$-26,$-26,$-83,$-4,$-19,$-108,$0,$-83
4,2017-09-30,420.17,$53.02,7.92,$180.92,2.32,$22.20,18.92,$19.58,21.46,$0.85B,$0.31B,2.74,$0.61B,$0.63B,0.97,$2.14B,$0.64B,29.91%,$2.14B,$0.32B,15.14%,$2.14B,$0.32B,15.14%,$2.14B,$0.38B,17.52%,$2.14B,$0.31B,14.67%,$2.14B,$0.23B,10.89%,$0.23B,$0.63B,41.87%,$0.23B,$0.48B,45.51%,$0.23B,$1.71B,14.76%,$0.32B,$1.24B,28.33%,$548,$390,$159,$37,$44,$470,$79,$-2,$77,$17,$60,$60,$60,$93,$79,$12,12,$5.04,$5.04,$105,$384,$0,$848,$637,$0,$147,$11,$857,$1705,$309,$612,$156,$767,$1077,$4,$788,$-164,$628,$1705,$186,$39,$15,$54,$0,$0,$0,$-55,$-55,$178,$-121,$0,$-184,$0,$0,$0,$-2,$-307,$250,$-146,$104,$0,$0,$-62,$-3,$39,$-87,$0,$-62
5,2017-06-30,452.56,$49.25,9.19,$178.21,2.54,$30.75,14.72,$20.57,22.0,$1.00B,$0.29B,3.43,$0.63B,$0.58B,1.08,$2.11B,$0.66B,31.21%,$2.11B,$0.35B,16.46%,$2.11B,$0.35B,16.46%,$2.11B,$0.40B,18.74%,$2.11B,$0.34B,15.89%,$2.11B,$0.24B,11.57%,$0.24B,$0.58B,47.04%,$0.24B,$0.57B,47.96%,$0.24B,$1.64B,16.23%,$0.35B,$1.21B,31.96%,$547,$384,$163,$37,$39,$460,$87,$-2,$85,$23,$63,$63,$63,$99,$87,$12,12,$5.29,$5.29,$278,$356,$0,$995,$561,$0,$10,$10,$641,$1637,$290,$628,$135,$763,$1053,$3,$749,$-169,$584,$1637,$127,$25,$12,$37,$0,$0,$0,$-64,$-64,$93,$-85,$0,$0,$0,$0,$0,$-2,$-87,$250,$-130,$120,$0,$0,$-41,$-1,$77,$86,$0,$-41
6,2017-03-31,443.78,$44.80,9.91,$176.09,2.52,$40.58,10.93,$20.71,21.43,$0.94B,$0.29B,3.22,$0.60B,$0.53B,1.13,$2.08B,$0.67B,32.31%,$2.08B,$0.36B,17.14%,$2.08B,$0.36B,17.14%,$2.08B,$0.40B,19.40%,$2.08B,$0.34B,16.42%,$2.08B,$0.25B,11.76%,$0.25B,$0.53B,50.96%,$0.25B,$0.52B,51.99%,$0.25B,$1.56B,17.09%,$0.36B,$1.13B,34.97%,$543,$374,$169,$38,$40,$453,$90,$-2,$88,$24,$64,$64,$64,$103,$90,$12,12,$5.39,$5.39,$251,$330,$0,$942,$539,$0,$10,$10,$616,$1558,$293,$601,$133,$734,$1027,$2,$707,$-179,$531,$1558,$64,$12,$7,$20,$0,$0,$0,$-46,$-46,$34,$-46,$0,$0,$0,$0,$0,$-2,$-48,$94,$0,$94,$0,$0,$-21,$-1,$72,$59,$0,$-21
7,2016-12-31,413.37,$40.79,10.13,$173.27,2.39,$45.48,9.09,$20.54,20.13,$0.84B,$0.30B,2.84,$0.51B,$0.48B,1.05,$2.05B,$0.68B,33.17%,$2.05B,$0.36B,17.66%,$2.05B,$0.36B,17.66%,$2.05B,$0.41B,19.85%,$2.05B,$0.34B,16.73%,$2.05B,$0.24B,11.85%,$0.24B,$0.48B,54.51%,$0.24B,$0.47B,55.70%,$0.24B,$1.42B,17.69%,$0.36B,$0.99B,37.28%,$502,$352,$149,$40,$41,$433,$68,$-4,$64,$18,$46,$46,$46,$80,$68,$12,12,$3.86,$3.86,$192,$312,$0,$837,$504,$0,$10,$11,$580,$1416,$295,$507,$131,$639,$933,$2,$664,$-183,$483,$1416,$243,$45,$47,$92,$-38,$14,$0,$-17,$-15,$353,$-143,$0,$0,$0,$0,$0,$-0,$-143,$11,$0,$11,$-36,$-36,$-76,$-3,$-103,$99,$0,$-76
8,2016-09-30,417.17,$40.25,10.36,$170.04,2.45,$39.24,10.63,$21.18,19.7,$0.85B,$0.27B,3.17,$0.53B,$0.48B,1.11,$2.03B,$0.68B,33.73%,$2.03B,$0.36B,17.95%,$2.03B,$0.36B,17.95%,$2.03B,$0.41B,20.12%,$2.03B,$0.35B,17.11%,$2.03B,$0.25B,12.38%,$0.25B,$0.48B,59.48%,$0.25B,$0.47B,60.89%,$0.25B,$1.40B,18.72%,$0.36B,$1.01B,38.61%,$516,$339,$177,$37,$39,$414,$102,$-4,$98,$27,$71,$71,$71,$113,$102,$12,12,$6.03,$6.03,$188,$329,$0,$849,$475,$0,$9,$9,$554,$1403,$268,$531,$127,$658,$926,$2,$637,$-163,$477,$1403,$198,$33,$29,$62,$0,$0,$0,$-19,$-19,$259,$-102,$0,$0,$0,$0,$0,$-0,$-102,$0,$35,$35,$-36,$-36,$-57,$-3,$-61,$94,$0,$-57
9,2016-06-30,401.12,$36.48,11.0,$170.77,2.35,$34.44,11.65,$20.23,19.83,$0.80B,$0.26B,3.09,$0.52B,$0.43B,1.21,$2.05B,$0.68B,33.22%,$2.05B,$0.36B,17.54%,$2.05B,$0.36B,17.54%,$2.05B,$0.40B,19.63%,$2.05B,$0.34B,16.56%,$2.05B,$0.24B,11.79%,$0.24B,$0.43B,61.00%,$0.24B,$0.42B,62.65%,$0.24B,$1.36B,18.44%,$0.36B,$0.95B,39.48%,$522,$343,$178,$41,$40,$425,$97,$-5,$92,$28,$64,$64,$64,$108,$97,$12,12,$5.43,$5.43,$158,$303,$0,$797,$446,$0,$9,$39,$562,$1358,$258,$521,$147,$668,$926,$1,$585,$-154,$432,$1358,$126,$21,$16,$37,$0,$0,$0,$17,$17,$188,$-64,$0,$0,$0,$0,$0,$-6,$-70,$0,$25,$25,$-36,$-36,$-38,$-3,$-52,$65,$0,$-38
10,2016-03-31,382.05,$33.01,11.57,$171.83,2.22,$29.87,12.79,$19.52,19.57,$0.77B,$0.24B,3.22,$0.54B,$0.39B,1.38,$2.09B,$0.67B,32.22%,$2.09B,$0.35B,16.83%,$2.09B,$0.35B,16.83%,$2.09B,$0.39B,18.83%,$2.09B,$0.34B,16.01%,$2.09B,$0.24B,11.33%,$0.24B,$0.39B,57.42%,$0.24B,$0.38B,59.10%,$0.24B,$1.32B,18.29%,$0.35B,$0.93B,39.64%,$510,$334,$176,$39,$41,$415,$95,$-6,$89,$27,$62,$62,$62,$106,$95,$12,12,$5.22,$5.22,$122,$303,$0,$774,$432,$0,$10,$38,$544,$1317,$240,$541,$145,$686,$926,$0,$540,$-149,$391,$1317,$62,$11,$9,$19,$0,$0,$0,$-11,$-11,$74,$-28,$0,$0,$0,$0,$0,$-4,$-32,$45,$0,$45,$-36,$-36,$-19,$-3,$-13,$29,$0,$-19
11,2015-12-31,365.57,$32.44,11.27,$173.84,2.1,$28.91,12.64,$19.44,18.81,$0.77B,$0.26B,2.91,$0.49B,$0.39B,1.27,$2.14B,$0.68B,31.70%,$2.14B,$0.36B,16.67%,$2.14B,$0.36B,16.67%,$2.14B,$0.40B,18.58%,$2.14B,$0.34B,15.87%,$2.14B,$0.24B,11.16%,$0.24B,$0.39B,56.14%,$0.24B,$0.38B,57.90%,$0.24B,$1.29B,18.66%,$0.36B,$0.88B,41.56%,$480,$326,$153,$40,$43,$409,$70,$-3,$68,$14,$54,$54,$54,$81,$70,$12,12,$4.51,$4.51,$93,$352,$0,$768,$402,$0,$11,$39,$518,$1286,$264,$491,$144,$635,$899,$0,$532,$-145,$388,$1286,$239,$42,$17,$59,$7,$-22,$0,$-25,$-42,$268,$-126,$0,$0,$0,$0,$0,$-3,$-130,$131,$0,$131,$-195,$-195,$-71,$-1,$-135,$-10,$0,$-71
12,2015-09-30,341.35,$31.39,10.88,$177.98,1.92,$31.18,10.95,$19.11,17.86,$0.80B,$0.26B,3.12,$0.51B,$0.38B,1.35,$2.21B,$0.68B,30.94%,$2.21B,$0.37B,16.60%,$2.21B,$0.37B,16.60%,$2.21B,$0.41B,18.41%,$2.21B,$0.35B,15.60%,$2.21B,$0.24B,10.72%,$0.24B,$0.38B,54.61%,$0.24B,$0.36B,56.50%,$0.24B,$1.29B,18.70%,$0.37B,$0.88B,43.91%,$541,$366,$175,$39,$38,$443,$98,$-7,$91,$29,$62,$62,$62,$108,$98,$12,12,$5.08,$5.08,$110,$340,$0,$804,$370,$0,$12,$44,$485,$1289,$258,$508,$147,$655,$913,$0,$514,$-138,$376,$1289,$185,$31,$20,$51,$0,$0,$0,$-52,$-52,$188,$-84,$0,$0,$0,$0,$0,$-4,$-89,$0,$144,$144,$-181,$-181,$-52,$1,$-87,$7,$0,$-52
13,2015-06-30,422.9,$39.95,10.58,$180.58,2.34,$32.42,13.05,$18.56,22.79,$0.82B,$0.25B,3.23,$0.36B,$0.50B,0.73,$2.26B,$0.67B,29.82%,$2.26B,$0.36B,15.80%,$2.26B,$0.36B,15.80%,$2.26B,$0.40B,17.61%,$2.26B,$0.34B,14.96%,$2.26B,$0.23B,10.27%,$0.23B,$0.50B,50.03%,$0.23B,$0.48B,51.84%,$0.23B,$1.29B,18.31%,$0.36B,$0.86B,42.78%,$561,$391,$170,$40,$41,$472,$89,$-2,$87,$28,$59,$59,$59,$99,$89,$12,12,$4.72,$4.72,$126,$336,$0,$817,$348,$0,$14,$43,$474,$1291,$253,$362,$180,$541,$795,$0,$640,$-144,$496,$1291,$123,$21,$10,$31,$0,$0,$0,$-32,$-32,$123,$-50,$0,$0,$0,$0,$0,$-1,$-51,$0,$-2,$-2,$-8,$-8,$-35,$-3,$-48,$23,$0,$-35
14,2015-03-31,453.83,$35.59,12.75,$184.12,2.46,$31.54,14.39,$19.08,23.79,$0.81B,$0.26B,3.16,$0.37B,$0.44B,0.84,$2.32B,$0.69B,29.54%,$2.32B,$0.37B,16.04%,$2.32B,$0.37B,16.04%,$2.32B,$0.41B,17.85%,$2.32B,$0.35B,15.05%,$2.32B,$0.24B,10.35%,$0.24B,$0.44B,51.28%,$0.24B,$0.43B,53.30%,$0.24B,$1.26B,19.01%,$0.37B,$0.82B,44.46%,$560,$378,$181,$40,$42,$460,$100,$-6,$94,$30,$64,$64,$64,$110,$100,$12,12,$5.14,$5.14,$119,$345,$0,$811,$319,$0,$15,$45,$446,$1258,$257,$374,$184,$558,$815,$0,$606,$-163,$443,$1258,$64,$10,$7,$17,$0,$0,$0,$-21,$-21,$57,$-20,$0,$0,$0,$0,$0,$-3,$-23,$10,$0,$10,$-1,$-1,$-17,$-3,$-11,$16,$0,$-17
15,2014-12-31,382.14,$33.83,11.3,$183.54,2.08,$28.25,13.53,$18.37,20.8,$0.80B,$0.26B,3.07,$0.36B,$0.42B,0.86,$2.34B,$0.67B,28.52%,$2.34B,$0.36B,15.50%,$2.34B,$0.36B,15.50%,$2.34B,$0.40B,17.30%,$2.34B,$0.34B,14.52%,$2.34B,$0.23B,9.98%,$0.23B,$0.42B,47.43%,$0.23B,$0.40B,49.36%,$0.23B,$1.23B,18.36%,$0.36B,$0.79B,42.30%,$549,$391,$158,$36,$42,$469,$80,$-7,$73,$21,$52,$52,$52,$90,$80,$13,13,$4.18,$4.18,$103,$348,$0,$797,$308,$0,$17,$45,$435,$1232,$260,$364,$188,$551,$811,$0,$560,$-139,$421,$1232,$233,$42,$32,$74,$-7,$-52,$0,$-19,$-74,$235,$-60,$0,$0,$0,$0,$0,$-7,$-67,$0,$14,$14,$-249,$-249,$-59,$-1,$-295,$-136,$0,$-59
16,2014-09-30,359.51,$39.46,9.11,$182.10,1.97,$30.94,11.62,$18.28,19.67,$0.84B,$0.25B,3.37,$0.39B,$0.50B,0.78,$2.34B,$0.66B,28.18%,$2.34B,$0.36B,15.24%,$2.34B,$0.36B,15.24%,$2.34B,$0.40B,17.04%,$2.34B,$0.34B,14.47%,$2.34B,$0.24B,10.03%,$0.24B,$0.50B,44.42%,$0.24B,$0.48B,46.24%,$0.24B,$1.29B,18.18%,$0.36B,$0.88B,40.11%,$590,$424,$165,$36,$41,$502,$88,$-4,$84,$27,$57,$57,$57,$99,$88,$13,13,$4.53,$4.53,$142,$334,$0,$844,$297,$0,$19,$41,$444,$1288,$251,$385,$159,$543,$794,$0,$561,$-67,$495,$1288,$181,$31,$18,$49,$0,$0,$0,$-71,$-71,$162,$-39,$0,$0,$0,$0,$0,$-4,$-43,$0,$35,$35,$-209,$-209,$-42,$4,$-212,$-97,$0,$-42
17,2014-06-30,368.97,$40.61,9.09,$178.82,2.06,$33.30,11.08,$19.69,18.74,$0.83B,$0.25B,3.39,$0.35B,$0.51B,0.69,$2.33B,$0.66B,28.26%,$2.33B,$0.36B,15.27%,$2.33B,$0.36B,15.27%,$2.33B,$0.40B,17.02%,$2.33B,$0.34B,14.45%,$2.33B,$0.26B,11.02%,$0.26B,$0.51B,47.59%,$0.26B,$0.49B,49.64%,$0.26B,$1.27B,19.67%,$0.36B,$0.87B,39.89%,$620,$440,$181,$35,$41,$516,$104,$-7,$98,$31,$67,$67,$67,$115,$104,$13,13,$5.24,$5.24,$114,$329,$0,$833,$290,$0,$20,$45,$439,$1272,$246,$353,$159,$513,$759,$0,$562,$-49,$513,$1272,$124,$21,$10,$30,$0,$0,$0,$-76,$-76,$85,$-21,$0,$0,$0,$0,$0,$-4,$-25,$0,$4,$4,$-163,$-163,$-28,$-0,$-187,$-125,$0,$-28
18,2014-03-31,366.66,$41.69,8.79,$173.97,2.11,$35.13,10.44,$19.26,19.04,$0.85B,$0.23B,3.7,$0.36B,$0.54B,0.66,$2.30B,$0.65B,28.18%,$2.30B,$0.35B,15.03%,$2.30B,$0.35B,15.03%,$2.30B,$0.39B,16.94%,$2.30B,$0.33B,14.50%,$2.30B,$0.25B,11.06%,$0.25B,$0.54B,48.08%,$0.25B,$0.52B,50.35%,$0.25B,$1.28B,19.42%,$0.35B,$0.89B,39.05%,$576,$414,$162,$32,$40,$486,$90,$-6,$84,$26,$58,$58,$57,$100,$90,$13,13,$4.43,$4.43,$147,$325,$0,$854,$286,$0,$22,$43,$429,$1283,$231,$355,$160,$516,$747,$0,$595,$-58,$536,$1283,$58,$10,$5,$16,$0,$0,$0,$-72,$-72,$4,$-9,$0,$0,$0,$0,$0,$-2,$-12,$0,$6,$6,$-77,$-77,$-14,$-0,$-85,$-92,$0,$-14
19,2013-12-31,312.62,$43.70,7.15,$171.32,1.82,$36.33,8.61,$19.90,15.71,$0.90B,$0.25B,3.62,$0.35B,$0.57B,0.61,$2.28B,$0.65B,28.64%,$2.28B,$0.35B,15.39%,$2.28B,$0.35B,15.39%,$2.28B,$0.40B,17.41%,$2.28B,$0.34B,14.96%,$2.28B,$0.27B,11.62%,$0.27B,$0.57B,53.11%,$0.27B,$0.55B,56.00%,$0.27B,$1.33B,20.27%,$0.35B,$0.92B,40.28%,$556,$405,$152,$33,$43,$481,$75,$-2,$73,$19,$54,$54,$54,$85,$75,$13,13,$4.08,$4.08,$239,$308,$0,$897,$285,$0,$23,$44,$430,$1327,$248,$349,$158,$507,$755,$0,$633,$-60,$572,$1327,$265,$46,$-23,$23,$-9,$3,$0,$-29,$-28,$278,$-58,$0,$140,$0,$0,$0,$7,$88,$0,$-75,$-75,$-92,$-92,$-50,$-2,$-220,$150,$0,$-50
20,2013-09-30,267.54,$40.66,6.58,$167.52,1.6,$37.27,7.18,$19.76,13.54,$0.93B,$0.26B,3.52,$0.35B,$0.54B,0.65,$2.23B,$0.64B,28.56%,$2.23B,$0.34B,15.31%,$2.23B,$0.34B,15.31%,$2.23B,$0.39B,17.41%,$2.23B,$0.33B,14.95%,$2.23B,$0.26B,11.82%,$0.26B,$0.54B,57.83%,$0.26B,$0.51B,61.54%,$0.26B,$1.35B,20.44%,$0.34B,$0.89B,40.34%,$580,$417,$164,$36,$41,$493,$87,$-5,$82,$25,$57,$57,$79,$97,$87,$13,13,$5.94,$5.94,$247,$313,$0,$926,$282,$0,$25,$45,$419,$1345,$263,$349,$193,$543,$806,$0,$647,$-108,$539,$1345,$211,$36,$-30,$6,$0,$0,$0,$-21,$-21,$208,$-47,$0,$140,$0,$0,$0,$6,$99,$3,$-75,$-72,$-41,$-41,$-36,$-1,$-150,$158,$0,$-36
21,2013-06-30,242.45,$35.04,6.92,$164.93,1.47,$37.06,6.54,$18.65,13.0,$0.86B,$0.25B,3.49,$0.36B,$0.47B,0.78,$2.21B,$0.63B,28.75%,$2.21B,$0.35B,15.78%,$2.21B,$0.35B,15.78%,$2.21B,$0.40B,17.96%,$2.21B,$0.34B,15.60%,$2.21B,$0.25B,11.34%,$0.25B,$0.47B,49.90%,$0.25B,$0.44B,52.99%,$0.25B,$1.28B,19.65%,$0.35B,$0.83B,41.47%,$584,$414,$169,$36,$40,$491,$93,$1,$94,$29,$64,$64,$64,$107,$93,$13,13,$4.81,$4.81,$74,$312,$0,$857,$273,$0,$26,$53,$420,$1277,$245,$364,$201,$565,$810,$0,$594,$-128,$466,$1277,$132,$26,$5,$31,$0,$0,$0,$-52,$-52,$123,$-32,$0,$0,$0,$0,$0,$7,$-25,$3,$-60,$-57,$-27,$-27,$-24,$-1,$-109,$-16,$0,$-24
22,2013-03-31,238.87,$31.41,7.61,$164.87,1.45,$36.22,6.6,$17.96,13.3,$0.76B,$0.23B,3.34,$0.43B,$0.42B,1.02,$2.21B,$0.63B,28.47%,$2.21B,$0.35B,15.80%,$2.21B,$0.35B,15.80%,$2.21B,$0.40B,17.88%,$2.21B,$0.33B,14.98%,$2.21B,$0.24B,10.91%,$0.24B,$0.42B,44.06%,$0.24B,$0.39B,46.73%,$0.24B,$1.28B,19.08%,$0.35B,$0.84B,41.50%,$560,$391,$168,$31,$41,$463,$96,$-4,$92,$25,$67,$67,$68,$108,$96,$13,13,$5.07,$5.07,$64,$321,$0,$758,$361,$0,$28,$67,$523,$1281,$227,$425,$210,$636,$863,$0,$546,$-127,$419,$1281,$68,$12,$4,$16,$0,$0,$0,$-64,$-64,$27,$-16,$0,$0,$0,$0,$0,$1,$-15,$1,$1,$2,$-23,$-23,$-12,$-1,$-34,$-25,$0,$-12
23,2012-12-31,238.91,$29.98,7.97,$165.00,1.45,$39.54,6.04,$17.85,13.38,$0.74B,$0.22B,3.4,$0.42B,$0.40B,1.06,$2.21B,$0.63B,28.53%,$2.21B,$0.36B,16.18%,$2.21B,$0.36B,16.18%,$2.21B,$0.40B,18.17%,$2.21B,$0.34B,15.28%,$2.21B,$0.24B,10.85%,$0.24B,$0.40B,40.29%,$0.24B,$0.37B,42.65%,$0.24B,$1.26B,19.11%,$0.36B,$0.83B,42.82%,$510,$373,$137,$31,$40,$444,$66,$-0,$66,$14,$52,$52,$53,$77,$66,$13,13,$3.94,$3.94,$89,$323,$0,$735,$358,$0,$31,$72,$529,$1264,$217,$424,$221,$645,$862,$1,$512,$-111,$402,$1264,$240,$43,$27,$71,$-15,$-13,$0,$-22,$-42,$273,$-39,$0,$0,$0,$0,$0,$-0,$-39,$132,$53,$185,$0,$0,$-376,$-6,$-197,$39,$0,$-376
24,2012-09-30,186.24,$53.46,3.48,$162.96,1.14,$31.64,5.89,$16.42,11.34,$0.76B,$0.23B,3.38,$0.14B,$0.72B,0.19,$2.20B,$0.61B,27.87%,$2.20B,$0.34B,15.53%,$2.20B,$0.34B,15.53%,$2.20B,$0.39B,17.53%,$2.20B,$0.32B,14.57%,$2.20B,$0.22B,10.06%,$0.22B,$0.72B,34.93%,$0.22B,$0.69B,36.97%,$0.22B,$1.27B,17.85%,$0.34B,$0.86B,41.35%,$551,$391,$160,$30,$37,$458,$93,$-1,$92,$28,$64,$64,$65,$104,$93,$13,13,$4.83,$4.83,$80,$335,$0,$763,$354,$0,$32,$67,$505,$1267,$225,$138,$186,$324,$550,$0,$805,$-88,$717,$1267,$187,$32,$28,$60,$0,$0,$0,$-61,$-61,$185,$-25,$0,$0,$6,$0,$6,$-7,$-26,$-215,$116,$-99,$0,$0,$-30,$-2,$-132,$29,$0,$-30
25,2012-06-30,162.7,$48.51,3.35,$162.59,1.0,$25.39,6.41,$16.81,9.68,$0.73B,$0.22B,3.41,$0.19B,$0.65B,0.29,$2.20B,$0.60B,27.11%,$2.20B,$0.37B,16.76%,$2.20B,$0.37B,16.76%,$2.20B,$0.41B,18.76%,$2.20B,$0.33B,15.03%,$2.20B,$0.23B,10.31%,$0.23B,$0.65B,38.30%,$0.23B,$0.62B,40.86%,$0.23B,$1.24B,18.54%,$0.37B,$0.84B,45.18%,$588,$424,$164,$28,$41,$493,$94,$-13,$81,$26,$55,$55,$55,$106,$94,$13,13,$4.12,$4.12,$49,$318,$0,$734,$351,$0,$34,$73,$506,$1240,$215,$188,$187,$375,$590,$0,$750,$-100,$650,$1240,$122,$22,$19,$41,$0,$0,$0,$-66,$-66,$97,$-17,$0,$0,$0,$0,$0,$-5,$-22,$-220,$166,$-54,$0,$0,$-20,$-2,$-76,$-1,$0,$-20
26,2012-03-31,139.76,$45.82,3.05,$160.51,0.87,$20.28,6.89,$16.46,8.49,$0.75B,$0.24B,3.09,$0.21B,$0.61B,0.34,$2.19B,$0.58B,26.49%,$2.19B,$0.36B,16.42%,$2.19B,$0.36B,16.42%,$2.19B,$0.40B,18.38%,$2.19B,$0.33B,14.87%,$2.19B,$0.22B,10.21%,$0.22B,$0.61B,39.23%,$0.22B,$0.58B,42.14%,$0.22B,$1.25B,18.41%,$0.36B,$0.82B,44.28%,$563,$393,$170,$28,$37,$458,$105,$-6,$99,$32,$67,$67,$67,$115,$105,$13,13,$4.96,$4.96,$73,$315,$0,$745,$354,$0,$36,$71,$508,$1253,$241,$210,$189,$398,$639,$0,$705,$-91,$614,$1253,$67,$10,$11,$21,$0,$0,$0,$-25,$-25,$63,$-7,$0,$0,$0,$0,$0,$1,$-7,$-1,$-22,$-23,$0,$0,$-10,$-2,$-35,$22,$0,$-10
27,2011-12-31,146.53,$41.00,3.57,$155.07,0.94,$15.55,9.42,$15.07,9.72,$0.68B,$0.22B,3.15,$0.23B,$0.55B,0.42,$2.14B,$0.55B,25.82%,$2.14B,$0.33B,15.58%,$2.14B,$0.33B,15.58%,$2.14B,$0.38B,17.63%,$2.14B,$0.30B,14.03%,$2.14B,$0.21B,9.68%,$0.21B,$0.55B,37.79%,$0.21B,$0.51B,40.91%,$0.21B,$1.19B,17.45%,$0.33B,$0.78B,41.59%,$494,$376,$118,$29,$40,$445,$49,$-1,$48,$16,$32,$32,$34,$60,$49,$14,14,$2.54,$2.53,$50,$307,$0,$680,$353,$0,$38,$74,$512,$1192,$216,$233,$193,$426,$642,$0,$648,$-99,$550,$1192,$207,$43,$-7,$36,$-16,$-33,$0,$-20,$-68,$185,$-54,$0,$0,$0,$0,$0,$-17,$-71,$4,$18,$22,$-98,$-98,$-33,$-2,$-111,$1,$0,$-33
28,2011-09-30,111.46,$41.52,2.68,$150.48,0.74,$14.71,7.58,$16.03,6.95,$0.72B,$0.24B,3.01,$0.27B,$0.56B,0.48,$2.11B,$0.56B,26.65%,$2.11B,$0.35B,16.67%,$2.11B,$0.35B,16.67%,$2.11B,$0.39B,18.72%,$2.11B,$0.32B,15.30%,$2.11B,$0.22B,10.55%,$0.22B,$0.56B,41.63%,$0.22B,$0.52B,45.38%,$0.22B,$1.21B,19.23%,$0.35B,$0.82B,44.86%,$557,$412,$145,$27,$36,$437,$121,$-18,$103,$32,$71,$71,$71,$132,$121,$14,14,$5.22,$5.22,$54,$314,$0,$717,$352,$0,$40,$71,$496,$1213,$238,$266,$151,$418,$656,$0,$625,$-68,$557,$1213,$173,$32,$1,$33,$0,$0,$0,$-84,$-84,$120,$-43,$0,$0,$0,$0,$0,$-16,$-58,$3,$51,$54,$-86,$-86,$-23,$-2,$-56,$5,$0,$-23
29,2011-06-30,124.35,$40.67,3.06,$142.53,0.87,$14.61,8.51,$13.99,8.89,$0.73B,$0.24B,3.0,$0.26B,$0.56B,0.46,$2.02B,$0.55B,27.33%,$2.02B,$0.31B,15.20%,$2.02B,$0.31B,15.20%,$2.02B,$0.35B,17.33%,$2.02B,$0.29B,14.21%,$2.02B,$0.20B,9.75%,$0.20B,$0.56B,38.35%,$0.20B,$0.52B,42.12%,$0.20B,$1.21B,17.58%,$0.31B,$0.82B,40.66%,$579,$431,$148,$25,$37,$493,$85,$-9,$76,$24,$52,$52,$52,$96,$85,$14,14,$3.77,$3.77,$61,$328,$0,$729,$355,$0,$43,$52,$479,$1209,$243,$260,$143,$403,$646,$0,$626,$-63,$563,$1209,$102,$22,$14,$36,$0,$0,$0,$-92,$-92,$47,$-35,$0,$0,$0,$0,$0,$-5,$-39,$43,$0,$43,$-31,$-31,$-7,$-2,$2,$12,$0,$-7
30,2011-03-31,114.36,$37.62,3.04,$132.47,0.86,$17.43,6.56,$12.91,8.86,$0.66B,$0.22B,3.06,$0.25B,$0.52B,0.49,$1.91B,$0.54B,28.05%,$1.91B,$0.30B,15.49%,$1.91B,$0.30B,15.49%,$1.91B,$0.34B,17.63%,$1.91B,$0.27B,14.18%,$1.91B,$0.19B,9.68%,$0.19B,$0.52B,38.34%,$0.19B,$0.48B,42.58%,$0.19B,$1.13B,17.23%,$0.30B,$0.78B,41.28%,$508,$367,$141,$24,$38,$430,$78,$-5,$73,$24,$50,$50,$50,$89,$78,$14,14,$3.57,$3.57,$50,$295,$0,$658,$352,$0,$44,$48,$474,$1132,$215,$254,$142,$396,$611,$0,$585,$-64,$521,$1132,$50,$11,$8,$18,$0,$0,$0,$-51,$-51,$16,$-24,$0,$0,$0,$0,$0,$1,$-23,$-1,$37,$36,$-27,$-27,$-1,$-2,$6,$1,$0,$-1
31,2010-12-31,88.58,$35.03,2.53,$122.00,0.73,$20.39,4.34,$12.12,7.31,$0.60B,$0.21B,2.92,$0.22B,$0.49B,0.44,$1.80B,$0.52B,28.64%,$1.80B,$0.29B,15.96%,$1.80B,$0.29B,15.96%,$1.80B,$0.33B,18.13%,$1.80B,$0.26B,14.46%,$1.80B,$0.18B,9.84%,$0.18B,$0.49B,37.60%,$0.18B,$0.45B,41.82%,$0.18B,$1.06B,16.95%,$0.29B,$0.71B,41.27%,$461,$334,$127,$25,$34,$394,$67,$2,$70,$20,$49,$49,$49,$77,$67,$15,15,$3.45,$3.44,$49,$273,$0,$603,$334,$0,$47,$49,$460,$1063,$206,$218,$147,$365,$571,$0,$565,$-74,$492,$1063,$177,$39,$30,$69,$-35,$-75,$0,$5,$-82,$164,$-36,$0,$-41,$0,$0,$0,$-10,$-88,$-32,$4,$-28,$-121,$-121,$-23,$-4,$-176,$-103,$0,$-23
32,2010-09-30,81.05,$33.49,2.42,$117.08,0.69,$20.63,3.93,$11.68,6.94,$0.60B,$0.20B,2.98,$0.23B,$0.48B,0.49,$1.74B,$0.51B,29.06%,$1.74B,$0.28B,16.14%,$1.74B,$0.28B,16.14%,$1.74B,$0.32B,18.32%,$1.74B,$0.25B,14.53%,$1.74B,$0.17B,9.99%,$0.17B,$0.48B,37.64%,$0.17B,$0.43B,41.90%,$0.17B,$1.08B,16.82%,$0.28B,$0.71B,40.92%,$472,$336,$136,$23,$36,$394,$77,$-10,$68,$22,$46,$46,$46,$88,$77,$14,14,$3.19,$3.18,$51,$262,$0,$602,$332,$0,$49,$55,$477,$1079,$202,$234,$164,$398,$601,$0,$555,$-77,$479,$1079,$128,$29,$26,$55,$0,$0,$0,$-76,$-76,$105,$-25,$0,$-41,$0,$0,$0,$-19,$-85,$-33,$20,$-13,$-89,$-89,$-16,$-2,$-120,$-102,$0,$-16
33,2010-06-30,61.82,$30.44,2.03,$111.69,0.55,$26.09,2.37,$12.22,5.06,$0.55B,$0.19B,2.88,$0.23B,$0.44B,0.53,$1.69B,$0.51B,30.41%,$1.69B,$0.30B,17.66%,$1.69B,$0.30B,17.66%,$1.69B,$0.33B,19.74%,$1.69B,$0.27B,16.12%,$1.69B,$0.19B,10.97%,$0.19B,$0.44B,41.53%,$0.19B,$0.39B,46.37%,$0.19B,$1.02B,18.20%,$0.30B,$0.67B,45.90%,$470,$338,$132,$22,$36,$396,$74,$-14,$60,$21,$40,$40,$40,$83,$74,$15,15,$2.69,$2.69,$47,$221,$0,$550,$329,$0,$51,$50,$470,$1020,$191,$233,$158,$391,$582,$0,$525,$-87,$438,$1020,$82,$18,$20,$39,$0,$0,$0,$-49,$-49,$73,$-18,$0,$-42,$0,$0,$0,$-11,$-71,$-32,$20,$-12,$-79,$-79,$-11,$-2,$-105,$-105,$0,$-11
34,2010-03-31,72.37,$31.49,2.3,$104.34,0.69,$31.53,2.3,$11.54,6.27,$0.55B,$0.17B,3.19,$0.22B,$0.47B,0.46,$1.59B,$0.49B,30.98%,$1.59B,$0.29B,17.95%,$1.59B,$0.29B,17.95%,$1.59B,$0.32B,20.09%,$1.59B,$0.26B,16.25%,$1.59B,$0.18B,11.08%,$0.18B,$0.47B,41.31%,$0.18B,$0.43B,46.35%,$0.18B,$1.02B,17.77%,$0.29B,$0.69B,45.53%,$395,$275,$120,$21,$31,$326,$69,$-6,$62,$20,$42,$42,$42,$78,$69,$15,15,$2.79,$2.78,$88,$203,$0,$545,$299,$0,$43,$88,$470,$1015,$171,$216,$154,$370,$541,$0,$555,$-81,$474,$1015,$42,$9,$8,$17,$0,$0,$0,$-14,$-14,$43,$-7,$0,$-44,$0,$0,$0,$-3,$-53,$-31,$1,$-30,$-14,$-14,$-6,$-2,$-52,$-64,$0,$-6
35,2009-12-31,80.07,$30.12,2.66,$100.38,0.8,$34.95,2.29,$10.64,7.53,$0.60B,$0.20B,3.05,$0.22B,$0.46B,0.47,$1.53B,$0.46B,30.26%,$1.53B,$0.26B,17.12%,$1.53B,$0.26B,17.12%,$1.53B,$0.30B,19.28%,$1.53B,$0.24B,15.62%,$1.53B,$0.16B,10.65%,$0.16B,$0.46B,42.23%,$0.16B,$0.41B,48.30%,$0.16B,$1.03B,17.33%,$0.26B,$0.67B,45.00%,$404,$286,$118,$25,$32,$343,$61,$2,$63,$17,$46,$46,$46,$70,$61,$15,15,$3.03,$3.04,$152,$193,$0,$603,$302,$0,$45,$37,$422,$1025,$198,$216,$153,$369,$567,$0,$533,$-75,$458,$1025,$162,$33,$39,$72,$-0,$26,$0,$-56,$-2,$226,$-89,$0,$0,$-0,$0,$-0,$-6,$-96,$55,$-42,$13,$0,$0,$-16,$-1,$-5,$130,$0,$-16
36,2009-09-30,64.47,$27.12,2.38,$97.75,0.66,$25.27,2.55,$8.88,7.26,$0.58B,$0.28B,2.07,$0.15B,$0.41B,0.37,$1.50B,$0.42B,28.23%,$1.50B,$0.23B,15.32%,$1.50B,$0.23B,15.32%,$1.50B,$0.26B,17.46%,$1.50B,$0.20B,13.44%,$1.50B,$0.14B,9.10%,$0.14B,$0.41B,39.51%,$0.14B,$0.37B,46.34%,$0.14B,$1.01B,15.33%,$0.23B,$0.56B,41.96%,$418,$275,$143,$22,$28,$324,$94,$-7,$87,$30,$57,$57,$57,$102,$94,$15,15,$3.73,$3.72,$134,$182,$0,$583,$293,$0,$47,$41,$422,$1005,$282,$150,$160,$311,$593,$0,$492,$-80,$412,$1005,$116,$24,$13,$38,$0,$0,$0,$49,$49,$195,$-27,$0,$0,$-0,$0,$-0,$-50,$-77,$41,$-40,$1,$0,$0,$-11,$-1,$-11,$112,$0,$-11
37,2009-06-30,46.39,$23.66,1.96,$99.02,0.47,$13.57,3.42,$6.23,7.45,$0.51B,$0.18B,2.87,$0.22B,$0.36B,0.61,$1.52B,$0.35B,23.25%,$1.52B,$0.16B,10.61%,$1.52B,$0.16B,10.61%,$1.52B,$0.19B,12.65%,$1.52B,$0.14B,9.03%,$1.52B,$0.10B,6.26%,$0.10B,$0.36B,29.32%,$0.10B,$0.31B,35.06%,$0.10B,$0.92B,11.16%,$0.16B,$0.58B,29.75%,$371,$260,$111,$21,$29,$310,$61,$-15,$46,$16,$31,$31,$31,$69,$61,$15,15,$2.02,$2.01,$112,$168,$0,$514,$272,$0,$49,$37,$402,$916,$179,$218,$159,$377,$556,$0,$439,$-80,$360,$916,$59,$16,$18,$34,$0,$0,$0,$65,$65,$155,$-15,$0,$0,$0,$0,$0,$-29,$-44,$24,$-40,$-17,$0,$0,$-7,$-1,$-24,$90,$0,$-7
38,2009-03-31,30.32,$20.63,1.47,$102.06,0.3,$3.38,8.97,$5.35,5.67,$0.44B,$0.16B,2.82,$0.20B,$0.31B,0.64,$1.57B,$0.32B,20.60%,$1.57B,$0.13B,8.26%,$1.57B,$0.13B,8.26%,$1.57B,$0.16B,10.17%,$1.57B,$0.12B,7.50%,$1.57B,$0.08B,5.21%,$0.08B,$0.31B,25.57%,$0.08B,$0.26B,30.40%,$0.08B,$0.82B,9.88%,$0.13B,$0.51B,24.68%,$337,$246,$91,$19,$26,$291,$46,$-3,$43,$14,$29,$29,$29,$54,$46,$15,15,$1.89,$1.88,$60,$160,$0,$435,$253,$0,$52,$36,$381,$816,$155,$201,$147,$348,$502,$0,$412,$-99,$314,$816,$29,$8,$6,$14,$0,$0,$0,$57,$57,$97,$-8,$0,$0,$0,$0,$0,$-11,$-19,$-36,$2,$-34,$0,$0,$-3,$-1,$-38,$38,$0,$-3
39,2008-12-31,23.62,$19.15,1.23,$104.52,0.23,$-3.37,0.0,$4.74,4.98,$0.45B,$0.14B,3.28,$0.24B,$0.29B,0.81,$1.62B,$0.32B,19.47%,$1.62B,$0.12B,7.23%,$1.62B,$0.12B,7.23%,$1.62B,$0.15B,9.02%,$1.62B,$0.11B,6.49%,$1.62B,$0.07B,4.51%,$0.07B,$0.29B,22.46%,$0.07B,$0.24B,26.45%,$0.07B,$0.81B,8.83%,$0.12B,$0.53B,22.44%,$369,$291,$77,$20,$29,$340,$28,$-3,$25,$6,$19,$19,$19,$36,$28,$15,15,$1.27,$1.28,$22,$201,$0,$446,$242,$0,$54,$32,$365,$811,$136,$236,$148,$384,$520,$0,$387,$-96,$291,$811,$73,$29,$16,$45,$-12,$-36,$0,$-14,$-105,$21,$-32,$0,$-15,$0,$0,$0,$-52,$-99,$37,$37,$74,$-26,$-26,$-15,$-0,$32,$-50,$0,$-15
40,2008-09-30,35.15,$21.82,1.61,$102.10,0.34,$1.98,17.74,$5.15,6.83,$0.53B,$0.20B,2.6,$0.21B,$0.33B,0.64,$1.61B,$0.31B,19.28%,$1.61B,$0.11B,6.88%,$1.61B,$0.11B,6.88%,$1.61B,$0.14B,8.68%,$1.61B,$0.10B,6.26%,$1.61B,$0.08B,5.02%,$0.08B,$0.33B,24.43%,$0.08B,$0.28B,28.47%,$0.08B,$0.86B,9.92%,$0.11B,$0.55B,21.85%,$441,$367,$74,$19,$28,$415,$26,$-3,$23,$6,$16,$16,$16,$33,$26,$15,15,$1.08,$1.07,$33,$228,$0,$529,$227,$0,$56,$21,$334,$863,$204,$213,$115,$328,$532,$0,$370,$-39,$331,$863,$54,$21,$15,$36,$0,$0,$0,$-79,$-79,$12,$-22,$0,$-15,$0,$0,$0,$-28,$-65,$56,$-2,$55,$-27,$-27,$-12,$0,$16,$-38,$0,$-12
41,2008-06-30,44.01,$22.41,1.96,$94.56,0.47,$5.97,7.37,$5.33,8.26,$0.53B,$0.19B,2.78,$0.17B,$0.35B,0.5,$1.53B,$0.32B,20.67%,$1.53B,$0.12B,7.72%,$1.53B,$0.12B,7.72%,$1.53B,$0.15B,9.61%,$1.53B,$0.11B,7.13%,$1.53B,$0.09B,5.62%,$0.09B,$0.35B,26.16%,$0.09B,$0.31B,30.28%,$0.09B,$0.83B,10.81%,$0.12B,$0.52B,24.03%,$426,$344,$82,$22,$30,$396,$30,$-3,$27,$10,$18,$18,$18,$37,$30,$15,16,$1.14,$1.13,$40,$215,$0,$529,$209,$0,$42,$22,$302,$831,$190,$173,$121,$293,$483,$1,$376,$-30,$347,$831,$37,$14,$6,$20,$0,$0,$0,$-59,$-59,$-3,$-13,$0,$0,$0,$0,$0,$-18,$-31,$15,$-2,$13,$-7,$-7,$-6,$0,$1,$-32,$0,$-6
42,2008-03-31,49.88,$21.38,2.33,$86.94,0.57,$8.50,5.86,$5.98,8.34,$0.51B,$0.18B,2.79,$0.16B,$0.33B,0.49,$1.45B,$0.31B,21.42%,$1.45B,$0.12B,8.09%,$1.45B,$0.12B,8.09%,$1.45B,$0.15B,10.09%,$1.45B,$0.11B,7.53%,$1.45B,$0.10B,6.84%,$0.10B,$0.33B,30.09%,$0.10B,$0.29B,35.01%,$0.10B,$0.80B,12.62%,$0.12B,$0.49B,24.07%,$382,$301,$82,$20,$29,$350,$33,$-3,$30,$10,$20,$20,$20,$40,$33,$15,16,$1.28,$1.27,$48,$206,$0,$512,$195,$0,$44,$22,$289,$801,$184,$162,$124,$286,$470,$1,$361,$-31,$331,$801,$20,$7,$2,$9,$0,$0,$0,$-38,$-38,$-9,$-5,$0,$0,$0,$0,$0,$-4,$-9,$5,$-2,$3,$-7,$-7,$-3,$0,$-6,$-24,$0,$-3
43,2007-12-31,36.61,$20.37,1.8,$80.16,0.46,$10.48,3.49,$5.64,6.49,$0.50B,$0.18B,2.79,$0.16B,$0.32B,0.5,$1.38B,$0.30B,21.60%,$1.38B,$0.11B,7.85%,$1.38B,$0.11B,7.85%,$1.38B,$0.14B,10.04%,$1.38B,$0.10B,7.27%,$1.38B,$0.10B,6.91%,$0.10B,$0.32B,29.19%,$0.10B,$0.27B,34.20%,$0.10B,$0.77B,12.31%,$0.11B,$0.47B,22.49%,$364,$292,$73,$20,$30,$342,$22,$-2,$21,$-6,$27,$27,$27,$30,$22,$17,17,$1.67,$1.66,$72,$194,$0,$495,$184,$0,$46,$23,$276,$771,$178,$157,$119,$276,$454,$5,$346,$-34,$317,$771,$95,$29,$-9,$21,$10,$-3,$0,$-21,$-3,$110,$-31,$-3,$0,$0,$0,$0,$17,$-17,$4,$4,$8,$-83,$-83,$-7,$-2,$-84,$12,$0,$-7
44,2007-09-30,32.22,$19.80,1.63,$76.28,0.42,$6.67,4.83,$4.22,7.64,$0.51B,$0.17B,2.95,$0.16B,$0.32B,0.49,$1.32B,$0.29B,21.87%,$1.32B,$0.10B,7.82%,$1.32B,$0.10B,7.82%,$1.32B,$0.13B,10.10%,$1.32B,$0.08B,6.15%,$1.32B,$0.07B,5.47%,$0.07B,$0.32B,22.40%,$0.07B,$0.27B,26.42%,$0.07B,$0.78B,9.41%,$0.10B,$0.48B,21.67%,$357,$278,$79,$18,$28,$324,$33,$-2,$31,$11,$20,$20,$21,$40,$33,$17,17,$1.26,$1.25,$83,$192,$0,$511,$179,$0,$47,$22,$267,$778,$173,$157,$127,$284,$457,$38,$322,$-40,$320,$778,$68,$22,$5,$27,$0,$0,$0,$-11,$-11,$81,$-25,$0,$-3,$0,$0,$0,$18,$-9,$4,$1,$5,$-50,$-50,$-5,$-2,$-51,$23,$0,$-5
45,2007-06-30,31.39,$20.14,1.56,$73.81,0.43,$5.20,6.04,$4.06,7.73,$0.52B,$0.16B,3.29,$0.15B,$0.35B,0.44,$1.29B,$0.28B,21.40%,$1.29B,$0.10B,7.78%,$1.29B,$0.10B,7.78%,$1.29B,$0.13B,10.12%,$1.29B,$0.08B,5.99%,$1.29B,$0.07B,5.45%,$0.07B,$0.35B,21.79%,$0.07B,$0.30B,25.71%,$0.07B,$0.79B,9.23%,$0.10B,$0.50B,21.11%,$344,$268,$76,$19,$27,$315,$29,$-2,$27,$10,$17,$17,$31,$36,$29,$17,17,$1.79,$1.78,$109,$180,$0,$517,$175,$0,$49,$22,$270,$787,$157,$152,$129,$281,$439,$88,$303,$-43,$348,$787,$47,$15,$5,$20,$0,$0,$0,$-19,$-19,$46,$-20,$0,$-2,$0,$0,$0,$21,$-2,$5,$1,$6,$0,$0,$-2,$-0,$3,$48,$0,$-2
46,2007-03-31,26.25,$18.35,1.43,$73.01,0.36,$4.27,6.15,$3.45,7.61,$0.46B,$0.15B,3.06,$0.15B,$0.32B,0.48,$1.27B,$0.27B,21.16%,$1.27B,$0.10B,7.87%,$1.27B,$0.10B,7.87%,$1.27B,$0.13B,10.31%,$1.27B,$0.08B,6.29%,$1.27B,$0.06B,4.64%,$0.06B,$0.32B,19.08%,$0.06B,$0.27B,22.67%,$0.06B,$0.75B,7.95%,$0.10B,$0.47B,21.65%,$310,$240,$69,$19,$27,$286,$24,$-3,$21,$7,$14,$14,$16,$32,$24,$17,17,$0.94,$0.93,$73,$180,$0,$461,$171,$0,$50,$39,$289,$750,$151,$152,$129,$282,$432,$88,$274,$-45,$317,$750,$16,$8,$3,$11,$0,$0,$0,$1,$1,$28,$-10,$0,$-2,$0,$0,$0,$-2,$-14,$-0,$1,$0,$0,$0,$-2,$-0,$-2,$13,$0,$-2
47,2006-12-31,37.88,$17.43,2.17,$72.58,0.52,$3.36,11.29,$3.31,11.44,$0.46B,$0.16B,2.88,$0.15B,$0.30B,0.51,$1.26B,$0.26B,20.90%,$1.26B,$0.10B,7.92%,$1.26B,$0.10B,7.92%,$1.26B,$0.13B,10.37%,$1.26B,$0.08B,6.33%,$1.26B,$0.06B,4.51%,$0.06B,$0.30B,19.02%,$0.06B,$0.25B,22.69%,$0.06B,$0.75B,7.80%,$0.10B,$0.45B,22.10%,$306,$242,$64,$20,$30,$289,$17,$-14,$2,$-0,$2,$2,$4,$25,$17,$17,17,$0.26,$0.25,$61,$186,$0,$462,$162,$0,$52,$39,$283,$745,$160,$153,$130,$283,$443,$88,$260,$-47,$301,$745,$58,$32,$5,$37,$-3,$-24,$0,$-9,$-49,$37,$-23,$-4,$0,$0,$0,$0,$5,$-22,$-0,$-2,$-2,$1,$1,$-9,$-2,$-12,$4,$1,$-9
