,Date,Stock Price,Book Value per Share,Price to Book Ratio,TTM Sales per Share,Price to Sales Ratio,TTM FCF per Share,Price to FCF Ratio,TTM Net EPS,PE Ratio,Current Assets,Current Liabilities,Current Ratio,Long Term Debt,Shareholder's Equity_x,Debt to Equity Ratio,TTM Revenue_x,TTM Gross Profit,Gross Margin,TTM Revenue_y,TTM Operating Income,Operating Margin,TTM Revenue_x,TTM EBIT,EBIT Margin,TTM Revenue_y,TTM EBITDA,EBITDA Margin,TTM Revenue_x,TTM Pre-Tax Income,Pre-Tax Margin,TTM Revenue_y,TTM Net Income_x,Net Margin,TTM Net Income_y,Shareholder's Equity_y,Return on Equity,TTM Net Income_x,Tangible Equity,Return on Tangible Equity,TTM Net Income_y,Total Assets,Return on Assets,TTM Net Income,LT Investments & Debt,Return on Investment,revenue,cost-goods-sold,gross-profit,research-development-expenses,selling-general-administrative-expenses,operating-expenses,operating-income,total-non-operating-income-expense,pre-tax-income,total-provision-income-taxes,income-after-taxes,income-from-continuous-operations,net-income,ebitda,ebit,basic-shares-outstanding,shares-outstanding,eps-basic-net-earnings-per-share,eps-earnings-per-share-diluted,cash-on-hand,inventory,other-current-assets,total-current-assets,net-property-plant-equipment,long-term-investments,goodwill-intangible-assets-total,other-long-term-assets,total-long-term-assets,total-assets,total-current-liabilities,long-term-debt,other-non-current-liabilities,total-long-term-liabilities,total-liabilities,common-stock-net,retained-earnings-accumulated-deficit,comprehensive-income,total-share-holder-equity,total-liabilities-share-holders-equity,net-income-loss,total-depreciation-amortization-cash-flow,other-non-cash-items,total-non-cash-items,change-in-accounts-receivable,change-in-inventories,change-in-accounts-payable,change-in-assets-liabilities,total-change-in-assets-liabilities,cash-flow-from-operating-activities,net-change-in-property-plant-equipment,net-change-in-intangible-assets,net-acquisitions-divestitures,net-change-in-short-term-investments,net-change-in-long-term-investments,net-change-in-investments-total,investing-activities-other,cash-flow-from-investing-activities,net-long-term-debt,net-current-debt,debt-issuance-retirement-net-total,net-common-equity-issued-repurchased,net-total-equity-issued-repurchased,total-common-preferred-stock-dividends-paid,financial-activities-other,cash-flow-from-financial-activities,net-cash-flow,stock-based-compensation,common-stock-dividends-paid
0,2018-09-30,20.94,$15.28,1.37,$2.47,8.48,$-8.46,0.0,$2.54,8.24,$0.09B,$0.24B,0.38,$0.09B,$0.29B,0.3,$0.04B,$0.04B,100.00%,$0.04B,$-0.01B,-20.45%,$0.04B,$0.01B,13.64%,$0.04B,$-0.01B,-18.18%,$0.04B,$0.05B,104.55%,$0.04B,$0.05B,104.55%,$0.05B,$0.29B,16.33%,$0.05B,$0.29B,16.33%,$0.05B,$0.62B,8.13%,$-0.01B,$0.38B,-2.54%,$12,$0,$12,$0,$8,$14,$-1,$14,$12,$0,$12,$12,$12,$-0,$3,$19,19,$0.66,$0.66,$30,$0,$22,$91,$0,$513,$0,$13,$531,$622,$238,$87,$0,$96,$335,$0,$0,$34,$288,$622,$28,$-2,$-47,$-49,$0,$0,$0,$-39,$-29,$-50,$-0,$0,$0,$0,$0,$0,$0,$-0,$81,$0,$81,$4,$4,$-23,$-2,$60,$10,$0,$-23
1,2018-06-30,19.91,$15.06,1.32,$2.36,8.44,$-9.91,0.0,$2.34,8.51,$0.06B,$0.19B,0.31,$0.08B,$0.28B,0.28,$0.04B,$0.04B,100.00%,$0.04B,$-0.01B,-21.43%,$0.04B,$0.01B,11.90%,$0.04B,$-0.01B,-11.90%,$0.04B,$0.04B,100.00%,$0.04B,$0.04B,100.00%,$0.04B,$0.28B,15.34%,$0.04B,$0.28B,15.34%,$0.04B,$0.56B,7.82%,$-0.01B,$0.36B,-2.64%,$11,$0,$11,$0,$7,$14,$-2,$10,$8,$0,$8,$8,$8,$3,$2,$19,19,$0.41,$0.41,$28,$0,$21,$60,$0,$488,$0,$11,$502,$562,$192,$80,$0,$88,$280,$0,$0,$31,$282,$562,$16,$1,$-26,$-25,$0,$0,$0,$-5,$-3,$-13,$-0,$0,$0,$0,$0,$0,$0,$-0,$4,$31,$35,$3,$3,$-15,$-2,$21,$8,$0,$-15
2,2018-03-31,17.69,$15.05,1.18,$2.32,7.62,$-12.30,0.0,$2.33,7.59,$0.08B,$0.21B,0.37,$0.07B,$0.28B,0.24,$0.04B,$0.04B,100.00%,$0.04B,$-0.01B,-21.95%,$0.04B,$0.00B,9.76%,$0.04B,$-0.01B,-12.20%,$0.04B,$0.04B,100.00%,$0.04B,$0.04B,100.00%,$0.04B,$0.28B,15.43%,$0.04B,$0.28B,15.43%,$0.04B,$0.56B,7.96%,$-0.01B,$0.35B,-2.74%,$11,$0,$11,$0,$8,$14,$-3,$11,$8,$0,$8,$8,$8,$-0,$1,$18,18,$0.44,$0.44,$26,$0,$20,$76,$0,$470,$0,$12,$484,$560,$205,$67,$0,$76,$281,$0,$0,$31,$279,$560,$8,$-1,$-10,$-11,$0,$0,$0,$-22,$-18,$-21,$-0,$0,$0,$0,$0,$0,$0,$-0,$5,$31,$35,$0,$0,$-7,$-2,$26,$5,$0,$-7
3,2017-12-31,17.71,$15.08,1.17,$2.27,7.8,$-12.50,0.0,$2.25,7.87,$0.05B,$0.18B,0.27,$0.05B,$0.28B,0.19,$0.04B,$0.04B,100.00%,$0.04B,$-0.01B,-20.51%,$0.04B,$0.00B,7.69%,$0.04B,$-0.00B,-10.26%,$0.04B,$0.04B,100.00%,$0.04B,$0.04B,100.00%,$0.04B,$0.28B,15.15%,$0.04B,$0.28B,15.15%,$0.04B,$0.52B,8.02%,$-0.01B,$0.33B,-2.54%,$10,$0,$10,$0,$8,$13,$-3,$21,$18,$0,$18,$18,$18,$-11,$0,$17,17,$1.03,$1.03,$21,$0,$19,$48,$0,$457,$0,$12,$471,$520,$179,$54,$0,$62,$241,$0,$0,$31,$278,$520,$39,$-8,$-92,$-100,$0,$0,$0,$-10,$-8,$-68,$-0,$0,$0,$0,$0,$0,$0,$-0,$50,$-5,$45,$57,$57,$-28,$-4,$69,$0,$0,$-28
4,2017-09-30,16.68,$14.42,1.16,$2.29,7.27,$-9.29,0.0,$1.65,10.11,$0.08B,$0.18B,0.42,$0.07B,$0.26B,0.26,$0.04B,$0.04B,100.00%,$0.04B,$-0.01B,-18.42%,$0.04B,$0.00B,10.53%,$0.04B,$0.01B,23.68%,$0.04B,$0.03B,71.05%,$0.04B,$0.03B,71.05%,$0.03B,$0.26B,11.24%,$0.03B,$0.26B,11.24%,$0.03B,$0.51B,5.92%,$-0.01B,$0.32B,-2.36%,$10,$0,$10,$0,$7,$11,$-1,$9,$8,$0,$8,$8,$8,$3,$2,$17,17,$0.46,$0.46,$31,$0,$19,$75,$0,$418,$0,$11,$432,$506,$177,$67,$1,$74,$251,$0,$0,$20,$256,$506,$21,$4,$-70,$-67,$0,$0,$0,$-26,$-26,$-72,$-0,$0,$0,$0,$0,$0,$0,$-0,$57,$0,$57,$45,$45,$-21,$-1,$80,$8,$0,$-21
5,2017-06-30,14.88,$14.36,1.04,$2.28,6.51,$-6.79,0.0,$1.88,7.91,$0.07B,$0.16B,0.44,$0.06B,$0.25B,0.25,$0.04B,$0.04B,100.00%,$0.04B,$-0.01B,-22.22%,$0.04B,$0.00B,5.56%,$0.04B,$0.00B,2.78%,$0.04B,$0.03B,80.56%,$0.04B,$0.03B,80.56%,$0.03B,$0.25B,12.71%,$0.03B,$0.25B,12.71%,$0.03B,$0.48B,6.73%,$-0.01B,$0.31B,-2.84%,$10,$0,$10,$0,$8,$12,$-2,$9,$7,$0,$7,$7,$7,$3,$1,$17,17,$0.40,$0.40,$27,$0,$18,$69,$0,$392,$0,$10,$406,$475,$156,$63,$0,$68,$225,$0,$0,$20,$250,$475,$13,$2,$-44,$-42,$0,$0,$0,$-24,$-24,$-53,$-0,$0,$0,$0,$0,$0,$0,$-0,$-3,$35,$32,$39,$39,$-13,$-0,$58,$4,$0,$-13
6,2017-03-31,15.15,$14.31,1.06,$2.21,6.85,$-3.37,0.0,$1.85,8.19,$0.07B,$0.14B,0.49,$0.05B,$0.25B,0.19,$0.03B,$0.03B,100.00%,$0.03B,$-0.01B,-30.30%,$0.03B,$-0.00B,-3.03%,$0.03B,$-0.01B,-18.18%,$0.03B,$0.03B,81.82%,$0.03B,$0.03B,81.82%,$0.03B,$0.25B,12.46%,$0.03B,$0.25B,12.46%,$0.03B,$0.44B,6.64%,$-0.01B,$0.29B,-3.75%,$9,$0,$9,$0,$7,$11,$-2,$8,$6,$0,$6,$6,$6,$1,$0,$16,16,$0.36,$0.36,$35,$0,$17,$70,$0,$359,$0,$10,$373,$443,$143,$47,$1,$54,$197,$0,$0,$20,$246,$443,$6,$1,$-12,$-12,$0,$0,$0,$-17,$-16,$-22,$-0,$0,$0,$0,$0,$0,$0,$-0,$-10,$13,$3,$37,$37,$-6,$-0,$34,$12,$0,$-6
7,2016-12-31,13.89,$14.30,0.97,$2.13,6.52,$-1.45,0.0,$1.88,7.39,$0.04B,$0.14B,0.3,$0.05B,$0.21B,0.23,$0.03B,$0.03B,100.00%,$0.03B,$-0.01B,-29.03%,$0.03B,$-0.00B,-3.23%,$0.03B,$-0.01B,-29.03%,$0.03B,$0.03B,87.10%,$0.03B,$0.03B,87.10%,$0.03B,$0.21B,13.09%,$0.03B,$0.21B,13.09%,$0.03B,$0.40B,7.05%,$-0.01B,$0.26B,-3.61%,$9,$0,$9,$0,$5,$11,$-2,$8,$6,$0,$6,$6,$6,$2,$1,$15,15,$0.43,$0.43,$23,$0,$16,$42,$0,$345,$0,$11,$360,$401,$137,$48,$1,$55,$192,$0,$0,$20,$209,$401,$27,$-8,$-60,$-68,$0,$0,$0,$27,$30,$-11,$-0,$0,$0,$0,$0,$0,$0,$-0,$65,$-24,$41,$-1,$-1,$-27,$-4,$9,$-2,$0,$-27
8,2016-09-30,12.15,$14.26,0.85,$2.31,5.25,$-4.20,0.0,$2.85,4.26,$0.07B,$0.14B,0.47,$0.05B,$0.21B,0.26,$0.03B,$0.03B,100.00%,$0.03B,$-0.01B,-22.58%,$0.03B,0,0.00%,$0.03B,$-0.01B,-45.16%,$0.03B,$0.04B,119.35%,$0.03B,$0.04B,119.35%,$0.04B,$0.21B,18.05%,$0.04B,$0.21B,18.05%,$0.04B,$0.41B,9.97%,$-0.01B,$0.26B,-2.93%,$8,$0,$8,$0,$6,$10,$-2,$12,$10,$0,$10,$10,$10,$-5,$0,$15,15,$0.69,$0.69,$27,$0,$16,$65,$0,$327,$0,$10,$340,$405,$136,$54,$1,$60,$197,$0,$0,$19,$208,$405,$21,$-9,$-42,$-51,$0,$0,$0,$6,$7,$-23,$-0,$0,$0,$0,$0,$0,$0,$-0,$26,$21,$47,$-1,$-1,$-22,$-2,$22,$-2,$0,$-22
9,2016-06-30,10.51,$14.11,0.74,$2.45,4.28,$-4.64,0.0,$2.02,5.2,$0.06B,$0.12B,0.49,$0.05B,$0.20B,0.25,$0.03B,$0.03B,100.00%,$0.03B,$-0.01B,-20.00%,$0.03B,0,0.00%,$0.03B,$-0.01B,-23.33%,$0.03B,$0.03B,106.67%,$0.03B,$0.03B,106.67%,$0.03B,$0.20B,16.26%,$0.03B,$0.20B,16.26%,$0.03B,$0.38B,9.07%,$-0.01B,$0.26B,-2.68%,$7,$0,$7,$0,$8,$11,$-4,$9,$5,$0,$5,$5,$5,$-4,$-2,$14,14,$0.37,$0.37,$23,$0,$14,$58,$0,$306,$0,$10,$319,$377,$117,$51,$1,$55,$172,$0,$0,$15,$204,$377,$11,$-4,$-29,$-33,$0,$0,$0,$26,$27,$5,$-0,$0,$0,$0,$0,$0,$0,$-0,$29,$-4,$25,$-1,$-1,$-16,$-14,$-6,$-1,$0,$-16
10,2016-03-31,10.04,$14.10,0.71,$2.51,4.01,$-4.65,0.0,$2.13,4.71,$0.06B,$0.13B,0.48,$0.02B,$0.20B,0.09,$0.03B,$0.03B,100.00%,$0.03B,$-0.00B,-13.79%,$0.03B,$0.00B,3.45%,$0.03B,$-0.00B,-13.79%,$0.03B,$0.03B,110.34%,$0.03B,$0.03B,110.34%,$0.03B,$0.20B,17.00%,$0.03B,$0.20B,17.00%,$0.03B,$0.35B,9.55%,$-0.00B,$0.22B,-1.93%,$7,$0,$7,$0,$7,$8,$-1,$7,$6,$0,$6,$6,$6,$-2,$0,$15,15,$0.39,$0.39,$23,$0,$14,$59,$0,$278,$0,$10,$291,$350,$125,$19,$1,$22,$147,$0,$0,$15,$204,$350,$6,$-2,$-6,$-8,$0,$0,$0,$12,$12,$9,$-0,$0,$0,$0,$0,$0,$0,$-0,$-1,$3,$3,$-1,$-1,$-11,$-0,$-9,$-1,$0,$-11
11,2015-12-31,10.88,$14.06,0.77,$2.50,4.35,$-6.27,0.0,$2.72,4.0,$0.07B,$0.13B,0.54,$0.01B,$0.20B,0.07,$0.03B,$0.03B,100.00%,$0.03B,$-0.01B,-18.52%,$0.03B,0,0.00%,$0.03B,$-0.01B,-29.63%,$0.03B,$0.04B,133.33%,$0.03B,$0.04B,133.33%,$0.04B,$0.20B,20.03%,$0.04B,$0.20B,20.03%,$0.04B,$0.35B,11.11%,$-0.01B,$0.22B,-2.57%,$9,$0,$9,$0,$3,$9,$0,$16,$16,$0,$16,$16,$16,$-3,$2,$11,11,$1.40,$1.40,$27,$0,$13,$72,$0,$267,$0,$10,$280,$352,$134,$13,$0,$15,$148,$0,$0,$15,$204,$352,$36,$-7,$-24,$-31,$0,$0,$0,$-44,$-42,$-38,$-0,$0,$0,$0,$0,$0,$0,$0,$17,$-5,$12,$35,$35,$-27,$4,$24,$-14,$0,$-27
12,2015-09-30,12.14,$16.88,0.72,$4.51,2.69,$-4.81,0.0,$1.32,9.2,$0.06B,$0.13B,0.5,$0.03B,$0.18B,0.15,$0.04B,$0.03B,76.92%,$0.04B,$-0.01B,-23.08%,$0.04B,$-0.01B,-17.95%,$0.04B,$-0.01B,-23.08%,$0.04B,$0.02B,48.72%,$0.04B,$0.02B,48.72%,$0.02B,$0.18B,11.16%,$0.02B,$0.18B,11.16%,$0.02B,$0.33B,6.10%,$-0.01B,$0.20B,-4.96%,$7,$0,$7,$0,$7,$9,$-1,$6,$5,$0,$5,$5,$5,$2,$0,$10,10,$0.46,$0.46,$30,$0,$12,$64,$0,$249,$0,$14,$268,$332,$129,$26,$2,$28,$157,$0,$0,$12,$175,$332,$20,$-3,$-12,$-14,$0,$0,$0,$-27,$-26,$-21,$-0,$0,$0,$0,$0,$0,$0,$-0,$35,$-12,$23,$0,$0,$-11,$-6,$6,$-15,$0,$-11
13,2015-06-30,13.09,$16.62,0.79,$8.79,1.49,$-0.81,0.0,$1.80,7.27,$0.06B,$0.12B,0.53,$0.02B,$0.17B,0.11,$0.07B,$0.04B,60.00%,$0.07B,$-0.00B,-4.29%,$0.07B,$-0.00B,-2.86%,$0.07B,$-0.01B,-7.14%,$0.07B,$0.02B,27.14%,$0.07B,$0.02B,24.29%,$0.02B,$0.17B,11.54%,$0.02B,$0.17B,11.81%,$0.02B,$0.31B,6.09%,$-0.00B,$0.19B,-1.97%,$6,$0,$6,$0,$6,$8,$-2,$7,$5,$0,$5,$5,$5,$-1,$-1,$10,10,$0.48,$0.48,$25,$0,$11,$61,$0,$226,$0,$16,$247,$307,$115,$19,$3,$22,$138,$0,$0,$7,$170,$307,$15,$-4,$9,$5,$0,$0,$0,$-19,$-16,$3,$-0,$0,$0,$0,$0,$0,$0,$-0,$3,$-8,$-5,$0,$0,$-4,$-6,$-15,$-12,$0,$-4
14,2015-03-31,11.9,$16.61,0.72,$13.19,0.9,$0.22,54.47,$1.52,7.83,$0.05B,$0.13B,0.37,$0.00B,$0.17B,0.0,$0.10B,$0.05B,52.94%,$0.10B,$0.00B,0.98%,$0.10B,$0.01B,4.90%,$0.10B,$0.01B,4.90%,$0.10B,$0.02B,15.69%,$0.10B,$0.01B,12.75%,$0.01B,$0.17B,10.40%,$0.01B,$0.17B,10.99%,$0.01B,$0.31B,5.14%,$0.00B,$0.17B,0.80%,$5,$0,$5,$0,$6,$7,$-2,$12,$10,$0,$10,$10,$10,$-6,$-1,$10,10,$0.98,$0.98,$26,$0,$10,$49,$0,$234,$0,$18,$256,$305,$133,$0,$3,$3,$135,$0,$0,$7,$170,$305,$10,$-4,$7,$3,$0,$0,$0,$-22,$-23,$-10,$-0,$0,$0,$0,$0,$0,$0,$-0,$-3,$0,$-3,$0,$0,$0,$4,$1,$-9,$0,$0
15,2014-12-31,10.41,$16.31,0.64,$17.43,0.6,$2.18,4.76,$0.74,14.06,$0.04B,$0.13B,0.32,$0.00B,$0.17B,0.0,$0.13B,$0.07B,50.38%,$0.13B,$0.01B,3.76%,$0.13B,$0.01B,6.77%,$0.13B,$0.01B,10.53%,$0.13B,$0.01B,6.02%,$0.13B,$0.00B,3.01%,$0.00B,$0.17B,3.92%,$0.00B,$0.17B,4.35%,$0.00B,$0.30B,1.78%,$0.01B,$0.17B,4.90%,$21,$10,$12,$0,$10,$26,$-4,$0,$-1,$0,$-1,$-1,$-1,$-4,$-5,$8,8,$-0.23,$-0.18,$33,$0,$9,$43,$0,$233,$0,$22,$259,$302,$133,$0,$3,$3,$135,$0,$0,$1,$166,$302,$4,$6,$-29,$-23,$1,$0,$0,$7,$5,$-14,$-1,$0,$-0,$0,$0,$0,$-28,$-30,$18,$7,$25,$30,$30,$0,$-2,$53,$9,$0,$0
16,2014-09-30,9.69,$11.11,0.87,$19.58,0.5,$4.64,2.09,$1.04,9.32,$0.18B,$0.12B,1.47,$0.00B,$0.08B,0.0,$0.15B,$0.07B,48.67%,$0.15B,$0.01B,8.67%,$0.15B,$0.02B,13.33%,$0.15B,$0.03B,16.67%,$0.15B,$0.01B,8.67%,$0.15B,$0.01B,4.67%,$0.01B,$0.08B,8.78%,$0.01B,$0.07B,10.53%,$0.01B,$0.20B,3.52%,$0.01B,$0.08B,16.10%,$38,$19,$19,$0,$12,$34,$5,$0,$5,$2,$3,$3,$3,$6,$5,$7,8,$0.35,$0.34,$132,$0,$8,$176,$3,$0,$13,$6,$27,$203,$120,$0,$0,$0,$120,$0,$20,$0,$83,$203,$5,$5,$2,$7,$1,$0,$0,$-0,$4,$16,$-1,$0,$-0,$0,$0,$0,$-24,$-25,$-9,$4,$-5,$0,$0,$0,$6,$1,$-8,$0,$0
17,2014-06-30,9.66,$11.31,0.85,$19.20,0.5,$2.33,4.14,$0.95,10.17,$0.17B,$0.12B,1.44,$0.00B,$0.08B,0.0,$0.15B,$0.07B,47.62%,$0.15B,$0.01B,6.80%,$0.15B,$0.02B,12.24%,$0.15B,$0.02B,15.65%,$0.15B,$0.01B,6.80%,$0.15B,$0.01B,4.08%,$0.01B,$0.08B,7.74%,$0.01B,$0.07B,9.34%,$0.01B,$0.20B,3.12%,$0.01B,$0.08B,12.74%,$38,$20,$18,$0,$12,$36,$2,$0,$2,$1,$1,$1,$1,$9,$6,$7,8,$0.20,$0.18,$132,$0,$8,$174,$4,$0,$13,$6,$27,$201,$120,$0,$0,$0,$120,$1,$17,$0,$81,$201,$3,$4,$2,$6,$1,$0,$0,$-0,$3,$11,$-1,$0,$-0,$0,$0,$0,$-16,$-17,$-6,$2,$-4,$0,$0,$0,$6,$2,$-4,$0,$0
18,2014-03-31,10.15,$11.07,0.92,$19.12,0.53,$1.62,6.26,$1.00,10.15,$0.16B,$0.11B,1.44,$0.00B,$0.08B,0.0,$0.15B,$0.07B,47.26%,$0.15B,$0.01B,7.53%,$0.15B,$0.02B,10.27%,$0.15B,$0.02B,12.33%,$0.15B,$0.01B,7.53%,$0.15B,$0.01B,4.79%,$0.01B,$0.08B,9.30%,$0.01B,$0.07B,11.24%,$0.01B,$0.19B,3.83%,$0.01B,$0.08B,14.43%,$36,$18,$18,$0,$12,$34,$2,$0,$2,$1,$1,$1,$1,$3,$3,$7,8,$0.20,$0.18,$119,$0,$7,$164,$4,$0,$13,$7,$28,$192,$114,$0,$0,$0,$114,$1,$16,$0,$78,$192,$1,$1,$1,$2,$-0,$0,$0,$5,$4,$8,$-1,$0,$-0,$0,$0,$0,$-9,$-10,$-2,$-4,$-6,$0,$0,$0,$6,$-0,$-2,$0,$0
19,2013-12-31,11.07,$10.88,1.02,$18.95,0.58,$0.27,41.16,$1.00,11.07,$0.09B,$0.12B,0.77,$0.00B,$0.08B,0.05,$0.14B,$0.07B,46.53%,$0.14B,$0.01B,7.64%,$0.14B,$0.02B,10.42%,$0.14B,$0.02B,13.19%,$0.14B,$0.01B,7.64%,$0.14B,$0.01B,4.86%,$0.01B,$0.08B,9.52%,$0.01B,$0.06B,11.62%,$0.01B,$0.20B,3.97%,$0.01B,$0.08B,14.77%,$38,$20,$18,$0,$12,$34,$4,$0,$4,$2,$2,$2,$2,$7,$6,$7,8,$0.36,$0.30,$40,$0,$7,$91,$4,$84,$13,$4,$108,$199,$118,$4,$0,$4,$122,$0,$15,$0,$77,$199,$7,$3,$4,$7,$-1,$0,$0,$-12,$-9,$5,$-2,$0,$2,$0,$0,$0,$-36,$-36,$37,$1,$39,$0,$0,$0,$-10,$29,$-2,$0,$0
20,2013-09-30,10.43,$10.54,0.99,$18.69,0.56,$-1.13,0.0,$0.90,11.59,$0.15B,$0.10B,1.46,$0.00B,$0.07B,0.0,$0.14B,$0.07B,46.10%,$0.14B,$0.01B,7.09%,$0.14B,$0.01B,9.93%,$0.14B,$0.02B,12.06%,$0.14B,$0.01B,7.09%,$0.14B,$0.01B,4.96%,$0.01B,$0.07B,9.79%,$0.01B,$0.06B,12.07%,$0.01B,$0.18B,4.24%,$0.01B,$0.07B,13.99%,$35,$19,$16,$0,$11,$33,$2,$0,$2,$0,$2,$2,$2,$4,$3,$7,8,$0.26,$0.24,$98,$0,$6,$149,$4,$0,$13,$7,$28,$177,$103,$0,$0,$0,$103,$1,$12,$0,$74,$177,$5,$2,$2,$5,$-2,$0,$0,$-11,$-11,$-1,$-1,$0,$2,$0,$0,$0,$-24,$-24,$16,$4,$21,$0,$0,$0,$-2,$19,$-6,$0,$0
21,2013-06-30,7.44,$10.26,0.72,$18.57,0.4,$-1.20,0.0,$0.85,8.75,$0.13B,$0.09B,1.49,$0.00B,$0.07B,0.0,$0.14B,$0.06B,46.04%,$0.14B,$0.01B,7.91%,$0.14B,$0.01B,10.07%,$0.14B,$0.02B,12.23%,$0.14B,$0.01B,7.91%,$0.14B,$0.01B,4.32%,$0.01B,$0.07B,8.57%,$0.01B,$0.06B,10.62%,$0.01B,$0.16B,3.80%,$0.01B,$0.07B,15.71%,$37,$20,$17,$0,$11,$34,$3,$0,$3,$1,$2,$2,$2,$4,$3,$7,8,$0.25,$0.25,$94,$0,$6,$134,$4,$0,$13,$8,$29,$163,$90,$0,$0,$0,$90,$1,$10,$0,$72,$163,$3,$2,$1,$3,$-3,$0,$0,$3,$0,$6,$-1,$0,$2,$0,$0,$0,$-15,$-14,$18,$-9,$9,$0,$0,$0,$-1,$8,$-0,$0,$0
22,2013-03-31,7.05,$10.00,0.7,$18.08,0.39,$-1.64,0.0,$0.75,9.4,$0.14B,$0.10B,1.43,$0.00B,$0.07B,0.0,$0.13B,$0.06B,45.52%,$0.13B,$0.01B,7.46%,$0.13B,$0.01B,9.70%,$0.13B,$0.02B,11.94%,$0.13B,$0.01B,7.46%,$0.13B,$0.01B,3.73%,$0.01B,$0.07B,7.35%,$0.01B,$0.06B,9.17%,$0.01B,$0.17B,3.27%,$0.01B,$0.07B,14.71%,$34,$18,$16,$0,$11,$32,$2,$0,$2,$1,$1,$1,$1,$4,$3,$7,8,$0.20,$0.20,$90,$0,$5,$138,$4,$0,$14,$9,$29,$167,$96,$0,$0,$0,$96,$1,$8,$0,$71,$167,$1,$1,$0,$1,$-3,$0,$0,$-4,$-5,$-3,$-1,$0,$1,$0,$0,$0,$-8,$-7,$20,$-7,$13,$0,$0,$0,$-6,$8,$-2,$0,$0
23,2012-12-31,6.56,$9.79,0.67,$17.80,0.37,$-2.20,0.0,$0.75,8.74,$0.12B,$0.08B,1.48,$0.00B,$0.07B,0.0,$0.13B,$0.06B,44.27%,$0.13B,$0.01B,7.63%,$0.13B,$0.01B,9.16%,$0.13B,$0.02B,11.45%,$0.13B,$0.01B,7.63%,$0.13B,$0.01B,3.82%,$0.01B,$0.07B,7.55%,$0.01B,$0.06B,9.48%,$0.01B,$0.15B,3.42%,$0.01B,$0.07B,15.09%,$35,$19,$16,$0,$10,$31,$3,$0,$3,$1,$2,$2,$2,$5,$5,$7,7,$0.29,$0.32,$80,$0,$5,$124,$4,$0,$14,$10,$29,$153,$84,$0,$0,$0,$84,$1,$7,$0,$69,$153,$6,$3,$1,$4,$-3,$0,$0,$-10,$-14,$-4,$-3,$0,$-1,$0,$-24,$-24,$6,$-22,$5,$18,$23,$-1,$-1,$0,$7,$30,$3,$0,$0
24,2012-09-30,6.45,$9.62,0.67,$17.50,0.37,$0.19,34.63,$0.90,7.17,$0.12B,$0.08B,1.48,$0.00B,$0.07B,0.0,$0.13B,$0.06B,43.75%,$0.13B,$0.01B,6.25%,$0.13B,$0.01B,6.25%,$0.13B,$0.01B,8.59%,$0.13B,$0.01B,6.25%,$0.13B,$0.01B,3.91%,$0.01B,$0.07B,7.84%,$0.01B,$0.06B,9.90%,$0.01B,$0.15B,3.57%,$0.01B,$0.07B,12.55%,$33,$18,$15,$0,$10,$31,$3,$0,$3,$1,$1,$1,$1,$4,$3,$7,8,$0.20,$0.15,$81,$0,$4,$118,$3,$0,$13,$11,$30,$148,$80,$0,$0,$0,$80,$1,$6,$0,$68,$148,$4,$2,$0,$3,$-4,$0,$0,$-4,$-8,$-2,$-1,$0,$-2,$0,$0,$0,$-13,$-16,$6,$13,$19,$-1,$-1,$0,$7,$25,$7,$0,$0
25,2012-06-30,4.37,$9.09,0.48,$17.24,0.25,$1.40,3.13,$0.80,5.46,$0.11B,$0.08B,1.46,$0.00B,$0.06B,0.0,$0.13B,$0.05B,42.86%,$0.13B,$0.01B,3.97%,$0.13B,$0.01B,3.97%,$0.13B,$0.01B,6.35%,$0.13B,$0.01B,3.97%,$0.13B,$0.01B,3.97%,$0.01B,$0.06B,8.20%,$0.01B,$0.05B,10.53%,$0.01B,$0.14B,3.71%,$0.01B,$0.06B,8.20%,$32,$18,$14,$0,$10,$30,$2,$0,$2,$1,$1,$1,$1,$3,$2,$7,7,$0.15,$0.15,$80,$0,$4,$112,$3,$0,$13,$13,$31,$143,$77,$0,$2,$2,$79,$1,$4,$0,$64,$143,$2,$2,$-0,$1,$-2,$0,$0,$2,$-1,$2,$-1,$0,$0,$0,$0,$0,$-8,$-9,$8,$5,$13,$-1,$-1,$0,$7,$19,$12,$0,$0
26,2012-03-31,5.36,$8.84,0.61,$17.38,0.31,$1.45,3.69,$0.60,8.93,$0.11B,$0.08B,1.38,$0.00B,$0.06B,0.0,$0.13B,$0.06B,43.65%,$0.13B,$0.00B,2.38%,$0.13B,$0.00B,0.79%,$0.13B,$0.00B,3.17%,$0.13B,$0.00B,2.38%,$0.13B,$0.00B,3.17%,$0.00B,$0.06B,6.78%,$0.00B,$0.05B,8.84%,$0.00B,$0.14B,3.05%,$0.00B,$0.06B,5.08%,$31,$17,$13,$0,$10,$29,$2,$0,$2,$1,$1,$1,$1,$3,$2,$7,7,$0.15,$0.15,$68,$0,$4,$106,$3,$0,$13,$17,$34,$140,$77,$0,$0,$0,$77,$1,$3,$0,$64,$140,$1,$1,$-0,$0,$-2,$0,$0,$-6,$-8,$-7,$-0,$0,$0,$0,$0,$0,$-3,$-4,$-1,$8,$7,$0,$0,$0,$7,$14,$4,$0,$0
27,2011-12-31,4.05,$8.28,0.49,$17.35,0.23,$2.76,1.47,$0.45,9.01,$0.09B,$0.07B,1.33,$0.00B,$0.06B,0.0,$0.13B,$0.06B,43.65%,$0.13B,$0.00B,1.59%,$0.13B,0,0.00%,$0.13B,$0.00B,2.38%,$0.13B,$0.00B,1.59%,$0.13B,$0.00B,3.17%,$0.00B,$0.06B,7.02%,$0.00B,$0.05B,9.25%,$0.00B,$0.13B,3.02%,$0.00B,$0.06B,3.51%,$32,$17,$14,$0,$10,$31,$1,$0,$1,$-1,$2,$2,$2,$1,$1,$7,7,$0.35,$0.35,$66,$0,$3,$94,$3,$0,$14,$19,$36,$130,$71,$0,$0,$0,$71,$1,$-0,$0,$59,$130,$3,$4,$5,$9,$-1,$0,$0,$-3,$-1,$11,$-1,$0,$0,$0,$0,$0,$-17,$-18,$10,$1,$11,$-0,$-0,$0,$-4,$7,$1,$0,$0
28,2011-09-30,4.79,$7.95,0.6,$17.08,0.28,$0.78,6.12,$0.30,15.98,$0.09B,$0.07B,1.32,$0.00B,$0.06B,0.0,$0.12B,$0.05B,42.74%,$0.12B,$0.00B,1.61%,$0.12B,$0.00B,1.61%,$0.12B,$0.01B,5.65%,$0.12B,$0.00B,1.61%,$0.12B,$0.00B,2.42%,$0.00B,$0.06B,5.33%,$0.00B,$0.04B,7.14%,$0.00B,$0.13B,2.13%,$0.00B,$0.06B,3.56%,$31,$18,$13,$0,$10,$30,$0,$0,$0,$-1,$1,$1,$1,$1,$0,$7,7,$0.10,$0.10,$56,$0,$3,$88,$3,$0,$14,$22,$38,$126,$67,$0,$1,$3,$69,$1,$-2,$0,$57,$126,$1,$3,$4,$7,$-0,$0,$0,$-3,$-1,$7,$-1,$0,$0,$0,$0,$0,$-10,$-10,$-2,$7,$5,$0,$0,$0,$2,$7,$3,$0,$0
29,2011-06-30,5.96,$7.82,0.76,$16.98,0.35,$-0.37,0.0,$0.15,39.72,$0.08B,$0.07B,1.2,$0.00B,$0.06B,0.0,$0.12B,$0.05B,41.80%,$0.12B,$0.00B,1.64%,$0.12B,$0.00B,2.46%,$0.12B,$0.01B,6.56%,$0.12B,$0.00B,1.64%,$0.12B,$0.00B,1.64%,$0.00B,$0.06B,3.60%,$0.00B,$0.04B,4.88%,$0.00B,$0.13B,1.37%,$0.00B,$0.06B,3.60%,$32,$18,$15,$0,$10,$32,$0,$0,$0,$0,$-0,$-0,$-0,$-1,$-2,$7,7,$-0.05,$-0.05,$52,$0,$3,$83,$3,$0,$14,$29,$46,$129,$70,$0,$1,$4,$74,$1,$-3,$0,$56,$129,$0,$2,$4,$6,$-1,$0,$0,$-4,$-3,$3,$-1,$0,$0,$0,$0,$0,$-5,$-6,$-1,$4,$2,$0,$0,$0,$2,$4,$1,$0,$0
30,2011-03-31,5.78,$7.84,0.74,$16.36,0.35,$-1.06,0.0,$0.35,16.52,$0.08B,$0.07B,1.09,$0.00B,$0.06B,0.0,$0.12B,$0.05B,38.98%,$0.12B,$0.00B,2.54%,$0.12B,$0.01B,6.78%,$0.12B,$0.01B,11.02%,$0.12B,$0.00B,2.54%,$0.12B,$0.00B,2.54%,$0.00B,$0.06B,5.45%,$0.00B,$0.04B,7.45%,$0.00B,$0.14B,1.98%,$0.00B,$0.06B,5.45%,$31,$17,$13,$0,$9,$30,$1,$0,$1,$0,$0,$0,$1,$2,$1,$7,7,$0.05,$0.05,$49,$0,$2,$75,$3,$0,$14,$51,$69,$144,$69,$0,$16,$19,$88,$1,$-3,$0,$56,$144,$0,$1,$1,$2,$-1,$0,$0,$1,$0,$3,$-0,$0,$0,$0,$0,$0,$-1,$-2,$-1,$1,$-0,$0,$0,$0,$2,$2,$3,$0,$0
31,2010-12-31,6.06,$7.79,0.78,$15.77,0.38,$-1.70,0.0,$0.25,24.25,$0.08B,$0.08B,1.05,$0.00B,$0.06B,0.0,$0.11B,$0.04B,38.05%,$0.11B,$0.00B,0.88%,$0.11B,$0.01B,7.96%,$0.11B,$0.01B,12.39%,$0.11B,$0.00B,0.88%,$0.11B,$0.00B,1.77%,$0.00B,$0.06B,3.69%,$0.00B,$0.04B,5.13%,$0.00B,$0.17B,1.32%,$0.00B,$0.06B,1.84%,$30,$18,$12,$0,$10,$29,$1,$0,$1,$-0,$1,$1,$1,$5,$3,$7,7,$0.15,$0.15,$47,$0,$2,$79,$3,$0,$15,$68,$86,$165,$76,$0,$31,$34,$109,$1,$-3,$0,$56,$165,$1,$5,$-1,$4,$-5,$0,$0,$-4,$-7,$-2,$-2,$0,$0,$0,$0,$0,$-4,$-6,$14,$-3,$11,$0,$0,$0,$-5,$6,$-2,$0,$0
32,2010-09-30,4.86,$7.59,0.64,$15.52,0.31,$-0.91,0.0,$0.10,48.65,$0.07B,$0.07B,1.01,$0.00B,$0.05B,0.0,$0.11B,$0.04B,37.84%,$0.11B,0,0.00%,$0.11B,$0.01B,6.31%,$0.11B,$0.01B,10.81%,$0.11B,0,0.00%,$0.11B,$0.00B,0.90%,$0.00B,$0.05B,1.86%,$0.00B,$0.04B,2.61%,$0.00B,$0.15B,0.70%,$0.00B,$0.05B,0.00%,$29,$18,$11,$0,$9,$29,$0,$0,$0,$1,$-0,$-0,$-0,$2,$1,$7,7,$-0.05,$-0.05,$41,$0,$2,$69,$3,$0,$15,$59,$77,$146,$68,$0,$20,$23,$91,$1,$-5,$0,$54,$146,$-0,$4,$-1,$3,$-4,$0,$0,$-2,$-4,$-1,$-1,$0,$0,$0,$0,$0,$-4,$-5,$11,$-10,$2,$0,$0,$0,$-0,$1,$-5,$0,$0
33,2010-06-30,4.69,$7.63,0.61,$15.17,0.31,$0.07,72.13,$0.25,18.75,$0.07B,$0.07B,0.94,$0.00B,$0.05B,0.0,$0.11B,$0.04B,38.53%,$0.11B,$-0.00B,-0.92%,$0.11B,$0.01B,7.34%,$0.11B,$0.01B,11.93%,$0.11B,$-0.00B,-0.92%,$0.11B,$0.00B,1.83%,$0.00B,$0.05B,3.70%,$0.00B,$0.04B,5.26%,$0.00B,$0.15B,1.41%,$-0.00B,$0.05B,-1.85%,$28,$18,$10,$0,$9,$27,$1,$0,$1,$-0,$1,$1,$1,$4,$3,$7,7,$0.15,$0.15,$41,$0,$2,$67,$3,$0,$16,$64,$83,$150,$71,$0,$21,$24,$95,$1,$-5,$0,$54,$150,$0,$2,$-2,$0,$-3,$0,$0,$0,$-3,$-2,$-1,$0,$0,$0,$0,$0,$-3,$-4,$12,$-10,$2,$0,$0,$0,$-0,$2,$-5,$0,$0
34,2010-03-31,4.41,$7.50,0.59,$15.06,0.29,$1.02,4.34,0,0.0,$0.07B,$0.08B,0.88,$0.00B,$0.05B,0.0,$0.11B,$0.04B,40.74%,$0.11B,$-0.00B,-2.78%,$0.11B,$0.01B,7.41%,$0.11B,$0.01B,12.96%,$0.11B,$-0.00B,-2.78%,$0.11B,0,0.00%,$0.00B,$0.05B,0.00%,$0.00B,$0.04B,0.00%,$0.00B,$0.14B,0.00%,$-0.00B,$0.05B,-5.56%,$26,$16,$10,$0,$9,$27,$-1,$0,$-1,$-0,$-1,$-1,$-0,$3,$2,$7,7,$-0.05,$-0.05,$41,$0,$2,$66,$3,$0,$16,$58,$77,$143,$75,$0,$11,$14,$90,$1,$-5,$0,$53,$143,$-1,$1,$-1,$0,$-2,$0,$0,$-1,$-2,$-2,$-1,$0,$0,$0,$0,$0,$-2,$-2,$0,$0,$0,$0,$0,$0,$-0,$0,$-3,$0,$0
35,2009-12-31,3.45,$7.58,0.46,$14.82,0.23,$1.96,1.76,$-0.10,0.0,$0.06B,$0.08B,0.82,$0.00B,$0.05B,0.0,$0.11B,$0.05B,42.45%,$0.11B,$-0.00B,-3.77%,$0.11B,$0.01B,6.60%,$0.11B,$0.01B,13.21%,$0.11B,$-0.00B,-3.77%,$0.11B,$-0.00B,-0.94%,$-0.00B,$0.05B,-1.83%,$-0.00B,$0.04B,-2.67%,$-0.00B,$0.14B,-0.73%,$-0.00B,$0.05B,-7.34%,$28,$16,$11,$0,$8,$28,$-0,$0,$-0,$-0,$0,$0,$0,$3,$1,$7,7,$0.10,$0.10,$43,$0,$2,$64,$4,$0,$16,$52,$72,$136,$78,$0,$0,$4,$82,$1,$-5,$0,$54,$136,$-1,$6,$-0,$6,$0,$0,$0,$0,$-1,$3,$-2,$0,$2,$0,$1,$1,$3,$3,$0,$-10,$-10,$0,$0,$-1,$-0,$-11,$-4,$0,$-1
36,2009-09-30,2.1,$7.66,0.27,$14.64,0.14,$-0.05,0.0,$-0.50,0.0,$0.07B,$0.08B,0.81,$0.00B,$0.06B,0.0,$0.10B,$0.05B,45.19%,$0.10B,$-0.01B,-7.69%,$0.10B,$0.01B,5.77%,$0.10B,$0.01B,13.46%,$0.10B,$-0.01B,-7.69%,$0.10B,$-0.00B,-3.85%,$-0.00B,$0.06B,-7.27%,$-0.00B,$0.04B,-10.67%,$-0.00B,$0.14B,-2.74%,$-0.01B,$0.06B,-14.55%,$27,$16,$11,$0,$8,$28,$-1,$0,$-1,$-1,$0,$0,$1,$3,$2,$7,7,$0.10,$0.10,$48,$0,$2,$65,$4,$0,$17,$53,$74,$139,$81,$0,$0,$4,$85,$1,$-5,$0,$55,$139,$-2,$5,$-1,$4,$-0,$0,$0,$4,$3,$6,$-1,$0,$2,$0,$0,$0,$2,$3,$0,$-9,$-9,$0,$0,$0,$-0,$-9,$-1,$0,$0
37,2009-06-30,1.66,$7.42,0.22,$14.29,0.12,$-2.43,0.0,$-1.00,0.0,$0.07B,$0.08B,0.85,$0.00B,$0.05B,0.0,$0.10B,$0.05B,45.54%,$0.10B,$-0.01B,-9.90%,$0.10B,$0.00B,2.97%,$0.10B,$0.01B,11.88%,$0.10B,$-0.01B,-9.90%,$0.10B,$-0.01B,-7.92%,$-0.01B,$0.05B,-14.55%,$-0.01B,$0.04B,-21.77%,$-0.01B,$0.14B,-5.25%,$-0.01B,$0.05B,-18.18%,$27,$15,$12,$0,$9,$28,$-1,$0,$-1,$-0,$-1,$-1,$-1,$5,$3,$7,7,$-0.10,$-0.10,$51,$0,$3,$68,$4,$0,$17,$50,$71,$139,$80,$0,$0,$4,$84,$1,$-6,$0,$54,$139,$-2,$3,$-1,$2,$0,$0,$0,$6,$4,$5,$-1,$0,$2,$0,$0,$0,$1,$2,$0,$-5,$-5,$0,$0,$0,$-0,$-5,$2,$0,$0
38,2009-03-31,1.21,$7.51,0.16,$13.94,0.09,$-4.76,0.0,$-1.20,0.0,$0.07B,$0.08B,0.88,$0.00B,$0.06B,0.0,$0.10B,$0.05B,45.45%,$0.10B,$-0.01B,-12.12%,$0.10B,0,0.00%,$0.10B,$0.01B,8.08%,$0.10B,$-0.01B,-12.12%,$0.10B,$-0.01B,-9.09%,$-0.01B,$0.06B,-16.07%,$-0.01B,$0.04B,-24.49%,$-0.01B,$0.14B,-5.49%,$-0.01B,$0.06B,-21.43%,$24,$13,$11,$0,$9,$26,$-2,$0,$-2,$-1,$-1,$-1,$-1,$3,$1,$7,7,$-0.15,$-0.15,$52,$0,$3,$67,$5,$0,$18,$46,$69,$136,$77,$0,$0,$4,$81,$1,$-6,$0,$55,$136,$-1,$2,$-1,$1,$0,$0,$0,$6,$5,$5,$-1,$0,$1,$0,$0,$0,$0,$1,$-6,$0,$-6,$0,$0,$0,$-0,$-6,$-0,$0,$0
39,2008-12-31,0.76,$7.87,0.1,$13.83,0.05,$-6.10,0.0,$-1.45,0.0,$0.07B,$0.11B,0.64,$0.00B,$0.06B,0.0,$0.10B,$0.05B,45.45%,$0.10B,$-0.01B,-14.14%,$0.10B,$-0.00B,-3.03%,$0.10B,$0.01B,5.05%,$0.10B,$-0.01B,-14.14%,$0.10B,$-0.01B,-11.11%,$-0.01B,$0.06B,-19.21%,$-0.01B,$0.04B,-29.53%,$-0.01B,$0.17B,-6.17%,$-0.01B,$0.06B,-24.45%,$26,$14,$13,$0,$10,$30,$-4,$0,$-4,$-0,$-3,$-3,$-3,$3,$0,$7,7,$-0.35,$-0.35,$52,$0,$2,$70,$5,$0,$18,$77,$100,$170,$108,$0,$0,$5,$113,$1,$-5,$0,$56,$170,$-11,$8,$2,$9,$-1,$0,$0,$-6,$-8,$-10,$-3,$0,$-1,$0,$1,$1,$2,$-2,$0,$3,$3,$-0,$-0,$0,$-0,$3,$-9,$0,$0
40,2008-09-30,1.73,$7.73,0.22,$13.55,0.13,$-5.44,0.0,$-1.35,0.0,$0.07B,$0.10B,0.72,$0.00B,$0.06B,0.0,$0.10B,$0.04B,39.80%,$0.10B,$-0.02B,-16.33%,$0.10B,$-0.01B,-5.10%,$0.10B,$0.00B,2.04%,$0.10B,$-0.02B,-16.33%,$0.10B,$-0.01B,-10.20%,$-0.01B,$0.06B,-16.00%,$-0.01B,$0.04B,-24.10%,$-0.01B,$0.16B,-5.26%,$-0.02B,$0.06B,-25.60%,$24,$14,$10,$0,$9,$27,$-3,$0,$-3,$0,$-3,$-3,$-3,$1,$-1,$7,7,$-0.40,$-0.40,$55,$0,$2,$71,$5,$0,$20,$67,$93,$164,$99,$0,$0,$10,$109,$1,$-2,$0,$55,$164,$-8,$5,$-0,$5,$0,$0,$0,$-6,$-7,$-10,$-3,$0,$-0,$0,$0,$0,$2,$-1,$4,$0,$4,$-0,$-0,$0,$-0,$3,$-8,$0,$0
41,2008-06-30,3.55,$8.12,0.44,$13.36,0.27,$-4.64,0.0,$-1.50,0.0,$0.08B,$0.12B,0.67,$0.00B,$0.06B,0.0,$0.10B,$0.04B,42.27%,$0.10B,$-0.02B,-18.56%,$0.10B,$-0.01B,-5.15%,$0.10B,$0.00B,2.06%,$0.10B,$-0.02B,-18.56%,$0.10B,$-0.01B,-11.34%,$-0.01B,$0.06B,-16.06%,$-0.01B,$0.04B,-23.53%,$-0.01B,$0.19B,-5.37%,$-0.02B,$0.06B,-26.28%,$25,$13,$11,$0,$10,$27,$-3,$0,$-3,$-1,$-2,$-2,$-2,$1,$-0,$7,7,$-0.30,$-0.30,$56,$0,$2,$78,$5,$0,$21,$82,$108,$186,$118,$0,$0,$11,$129,$1,$1,$0,$58,$186,$-5,$4,$-1,$2,$0,$0,$0,$-7,$-9,$-11,$-2,$0,$-0,$0,$0,$0,$0,$-2,$5,$0,$5,$-0,$-0,$0,$-0,$4,$-8,$0,$0
42,2008-03-31,3.42,$8.34,0.41,$13.18,0.26,$-3.57,0.0,$-1.55,0.0,$0.08B,$0.12B,0.62,$0.00B,$0.06B,0.0,$0.10B,$0.04B,45.26%,$0.10B,$-0.02B,-18.95%,$0.10B,$-0.00B,-4.21%,$0.10B,$0.00B,4.21%,$0.10B,$-0.02B,-18.95%,$0.10B,$-0.01B,-11.58%,$-0.01B,$0.06B,-14.72%,$-0.01B,$0.04B,-20.75%,$-0.01B,$0.19B,-5.11%,$-0.02B,$0.06B,-24.08%,$24,$13,$11,$0,$11,$28,$-4,$0,$-4,$-1,$-3,$-3,$-3,$0,$-2,$7,7,$-0.40,$-0.40,$59,$0,$2,$75,$5,$0,$21,$91,$118,$193,$121,$0,$0,$12,$133,$1,$3,$0,$60,$193,$-3,$2,$-1,$1,$0,$0,$0,$-1,$-3,$-4,$-1,$0,$0,$0,$0,$0,$2,$1,$-2,$0,$-2,$0,$0,$0,$-0,$-2,$-5,$0,$0
43,2007-12-31,4.28,$10.71,0.4,$12.96,0.33,$-3.58,0.0,$-1.55,0.0,$0.08B,$0.12B,0.7,$0.00B,$0.08B,0.0,$0.09B,$0.04B,47.31%,$0.09B,$-0.02B,-19.35%,$0.09B,$-0.00B,-2.15%,$0.09B,$0.01B,5.38%,$0.09B,$-0.02B,-19.35%,$0.09B,$-0.01B,-11.83%,$-0.01B,$0.08B,-13.58%,$-0.01B,$0.06B,-18.57%,$-0.01B,$0.22B,-4.84%,$-0.02B,$0.08B,-22.22%,$25,$18,$7,$0,$23,$30,$-6,$0,$-6,$-4,$-2,$-2,$-2,$-0,$-2,$7,7,$-0.25,$-0.25,$66,$0,$3,$83,$5,$0,$22,$108,$135,$218,$118,$0,$0,$23,$141,$1,$20,$0,$77,$218,$-12,$7,$-0,$7,$0,$0,$0,$4,$3,$-2,$-6,$0,$4,$0,$0,$0,$5,$2,$-3,$0,$-3,$-0,$-0,$0,$2,$-1,$-1,$0,$0
44,2007-09-30,5.8,$10.95,0.53,$13.85,0.42,$-2.94,0.0,$-0.75,0.0,$0.08B,$0.12B,0.68,$0.00B,$0.08B,0.0,$0.10B,$0.06B,56.12%,$0.10B,$-0.01B,-6.12%,$0.10B,$0.01B,11.22%,$0.10B,$0.01B,8.16%,$0.10B,$-0.01B,-6.12%,$0.10B,$-0.01B,-5.10%,$-0.01B,$0.08B,-5.99%,$-0.01B,$0.06B,-8.03%,$-0.01B,$0.22B,-2.15%,$-0.01B,$0.08B,-7.19%,$23,$11,$12,$0,$6,$28,$-5,$0,$-5,$-1,$-4,$-4,$-4,$1,$-1,$7,7,$-0.55,$-0.55,$67,$0,$3,$81,$5,$1,$23,$113,$142,$223,$118,$0,$0,$26,$144,$1,$22,$0,$79,$223,$-9,$5,$1,$6,$0,$0,$0,$3,$1,$-2,$-5,$0,$3,$0,$3,$3,$5,$6,$-4,$0,$-4,$-0,$-0,$0,$2,$-3,$1,$0,$0
45,2007-06-30,6.56,$11.51,0.57,$13.72,0.48,$-1.88,0.0,$-0.35,0.0,$0.08B,$0.12B,0.69,$0.00B,$0.08B,0.0,$0.10B,$0.06B,58.33%,$0.10B,$-0.00B,-3.13%,$0.10B,$0.01B,14.58%,$0.10B,$0.01B,14.58%,$0.10B,$-0.00B,-3.13%,$0.10B,$-0.00B,-2.08%,$-0.00B,$0.08B,-2.37%,$-0.00B,$0.06B,-3.13%,$-0.00B,$0.23B,-0.85%,$-0.00B,$0.08B,-3.55%,$23,$11,$13,$0,$5,$26,$-3,$0,$-3,$-1,$-2,$-2,$-2,$3,$1,$7,7,$-0.35,$-0.35,$66,$0,$3,$81,$5,$2,$21,$118,$146,$227,$118,$0,$0,$27,$145,$1,$26,$0,$83,$227,$-5,$4,$0,$4,$0,$0,$0,$-0,$-2,$-3,$-2,$0,$2,$0,$2,$2,$8,$10,$-7,$0,$-7,$-0,$-0,$0,$2,$-5,$1,$0,$0
46,2007-03-31,7.0,$11.85,0.59,$13.25,0.53,$-1.50,0.0,$-0.35,0.0,$0.09B,$0.13B,0.67,$0.00B,$0.09B,0.0,$0.09B,$0.05B,58.70%,$0.09B,$-0.00B,-4.35%,$0.09B,$0.01B,15.22%,$0.09B,$0.02B,18.48%,$0.09B,$-0.00B,-3.26%,$0.09B,$-0.00B,-2.17%,$-0.00B,$0.09B,-2.37%,$-0.00B,$0.06B,-3.09%,$-0.00B,$0.24B,-0.83%,$-0.00B,$0.09B,-4.73%,$22,$10,$12,$0,$5,$26,$-4,$0,$-4,$-1,$-3,$-3,$-3,$1,$-0,$7,7,$-0.40,$-0.40,$72,$0,$3,$87,$5,$3,$21,$125,$154,$241,$129,$0,$0,$27,$156,$1,$29,$0,$85,$241,$-3,$2,$0,$2,$0,$0,$0,$-0,$-3,$-4,$-1,$0,$1,$0,$0,$0,$4,$4,$2,$0,$2,$0,$0,$0,$2,$4,$3,$0,$0
47,2006-12-31,6.87,$12.27,0.56,$12.66,0.54,$-1.12,0.0,$0.05,137.31,$0.08B,$0.13B,0.67,$0.00B,$0.09B,0.0,$0.09B,$0.05B,58.62%,$0.09B,$-0.01B,-5.75%,$0.09B,$0.01B,14.94%,$0.09B,$0.02B,22.99%,$0.09B,$-0.00B,-4.60%,$0.09B,$-0.00B,-2.30%,$-0.00B,$0.09B,-2.37%,$-0.00B,$0.07B,-2.97%,$-0.00B,$0.24B,-0.82%,$-0.01B,$0.09B,-5.92%,$30,$12,$18,$0,$6,$24,$6,$0,$6,$3,$4,$4,$4,$3,$11,$7,7,$0.60,$0.60,$71,$0,$3,$83,$4,$6,$20,$127,$158,$241,$125,$0,$0,$29,$154,$1,$31,$0,$87,$241,$-2,$6,$-5,$1,$0,$0,$0,$4,$3,$2,$-6,$0,$-0,$0,$23,$23,$2,$18,$-17,$0,$-17,$-0,$-0,$0,$-0,$-18,$3,$0,$0
