,Date,Stock Price,Book Value per Share,Price to Book Ratio,TTM Sales per Share,Price to Sales Ratio,TTM FCF per Share,Price to FCF Ratio,TTM Net EPS,PE Ratio,Current Assets,Current Liabilities,Current Ratio,Long Term Debt,Shareholder's Equity_x,Debt to Equity Ratio,TTM Revenue_x,TTM Gross Profit,Gross Margin,TTM Revenue_y,TTM Operating Income,Operating Margin,TTM Revenue_x,TTM EBIT,EBIT Margin,TTM Revenue_y,TTM EBITDA,EBITDA Margin,TTM Revenue_x,TTM Pre-Tax Income,Pre-Tax Margin,TTM Revenue_y,TTM Net Income_x,Net Margin,TTM Net Income_y,Shareholder's Equity_y,Return on Equity,TTM Net Income_x,Tangible Equity,Return on Tangible Equity,TTM Net Income_y,Total Assets,Return on Assets,TTM Net Income,LT Investments & Debt,Return on Investment,revenue,cost-goods-sold,gross-profit,research-development-expenses,selling-general-administrative-expenses,operating-expenses,operating-income,total-non-operating-income-expense,pre-tax-income,total-provision-income-taxes,income-after-taxes,income-from-continuous-operations,net-income,ebitda,ebit,basic-shares-outstanding,shares-outstanding,eps-basic-net-earnings-per-share,eps-earnings-per-share-diluted,cash-on-hand,inventory,other-current-assets,total-current-assets,net-property-plant-equipment,long-term-investments,goodwill-intangible-assets-total,other-long-term-assets,total-long-term-assets,total-assets,total-current-liabilities,long-term-debt,other-non-current-liabilities,total-long-term-liabilities,total-liabilities,common-stock-net,retained-earnings-accumulated-deficit,comprehensive-income,total-share-holder-equity,total-liabilities-share-holders-equity,net-income-loss,total-depreciation-amortization-cash-flow,other-non-cash-items,total-non-cash-items,change-in-accounts-receivable,change-in-inventories,change-in-accounts-payable,change-in-assets-liabilities,total-change-in-assets-liabilities,cash-flow-from-operating-activities,net-change-in-property-plant-equipment,net-change-in-intangible-assets,net-acquisitions-divestitures,net-change-in-short-term-investments,net-change-in-long-term-investments,net-change-in-investments-total,investing-activities-other,cash-flow-from-investing-activities,net-long-term-debt,net-current-debt,debt-issuance-retirement-net-total,net-common-equity-issued-repurchased,net-total-equity-issued-repurchased,total-common-preferred-stock-dividends-paid,financial-activities-other,cash-flow-from-financial-activities,net-cash-flow,stock-based-compensation,common-stock-dividends-paid
0,2018-09-30,15.92,$13.21,1.21,$3.25,4.9,$2.56,6.22,$0.60,26.53,$3.26B,$3.17B,1.03,$0.44B,$0.65B,0.67,$0.15B,$0.12B,79.61%,$0.15B,$0.05B,34.21%,$0.15B,0,0.00%,$0.15B,0,0.00%,$0.15B,$0.05B,34.21%,$0.15B,$0.03B,18.42%,$0.03B,$0.65B,4.33%,$0.03B,$0.62B,4.61%,$0.03B,$4.29B,0.68%,$0.05B,$1.10B,4.64%,$40,$10,$31,$0,$18,$28,$12,$0,$12,$3,$9,$9,$9,$0,$0,$47,47,$0.19,$0.19,$69,$0,$0,$3261,$25,$775,$38,$187,$1026,$4286,$3174,$441,$17,$458,$3632,$1,$297,$-14,$654,$4286,$30,$4,$4,$8,$-1,$-0,$0,$5,$4,$42,$-2,$0,$0,$0,$-237,$-237,$-66,$-305,$-0,$-30,$-30,$2,$2,$-14,$306,$264,$1,$6,$-14
1,2018-06-30,16.52,$13.13,1.26,$3.17,5.21,$2.42,6.83,$0.58,28.48,$3.27B,$3.00B,1.09,$0.52B,$0.65B,0.81,$0.15B,$0.12B,81.08%,$0.15B,$0.05B,35.81%,$0.15B,0,0.00%,$0.15B,0,0.00%,$0.15B,$0.05B,35.81%,$0.15B,$0.03B,18.24%,$0.03B,$0.65B,4.19%,$0.03B,$0.61B,4.46%,$0.03B,$4.19B,0.66%,$0.05B,$1.17B,4.60%,$38,$8,$30,$0,$18,$26,$13,$0,$13,$2,$11,$11,$11,$0,$0,$46,47,$0.23,$0.23,$69,$0,$0,$3274,$25,$664,$38,$187,$915,$4188,$2996,$524,$18,$542,$3539,$1,$293,$-12,$650,$4188,$21,$3,$2,$5,$-1,$-0,$0,$1,$-0,$26,$-1,$0,$0,$0,$-123,$-123,$-80,$-204,$-0,$53,$53,$1,$1,$-9,$134,$178,$1,$4,$-9
2,2018-03-31,15.42,$13.08,1.18,$3.10,4.97,$2.30,6.71,$0.53,29.09,$3.19B,$2.95B,1.08,$0.46B,$0.64B,0.71,$0.15B,$0.12B,82.07%,$0.15B,$0.05B,35.86%,$0.15B,0,0.00%,$0.15B,0,0.00%,$0.15B,$0.05B,35.86%,$0.15B,$0.02B,16.55%,$0.02B,$0.64B,3.74%,$0.02B,$0.60B,3.98%,$0.02B,$4.07B,0.60%,$0.05B,$1.10B,4.54%,$37,$7,$30,$0,$17,$24,$13,$0,$13,$2,$10,$10,$10,$0,$0,$46,47,$0.23,$0.22,$62,$0,$0,$3194,$25,$628,$38,$184,$875,$4069,$2952,$456,$18,$474,$3426,$1,$287,$-10,$643,$4069,$10,$1,$1,$2,$-0,$-0,$0,$1,$1,$14,$-0,$0,$0,$0,$-65,$-65,$-6,$-71,$-0,$-15,$-15,$1,$1,$-5,$72,$52,$-5,$2,$-5
3,2017-12-31,16.76,$13.09,1.28,$3.08,5.43,$2.22,7.54,$0.52,32.24,$3.19B,$2.87B,1.11,$0.47B,$0.64B,0.74,$0.14B,$0.12B,83.33%,$0.14B,$0.05B,36.11%,$0.14B,0,0.00%,$0.14B,0,0.00%,$0.14B,$0.05B,36.11%,$0.14B,$0.02B,16.67%,$0.02B,$0.64B,3.76%,$0.02B,$0.60B,4.00%,$0.02B,$3.99B,0.61%,$0.05B,$1.11B,4.52%,$37,$7,$30,$0,$16,$23,$14,$0,$14,$16,$-2,$-2,$-2,$0,$0,$45,47,$-0.04,$-0.03,$67,$0,$0,$3193,$26,$550,$38,$184,$799,$3991,$2866,$472,$15,$486,$3353,$1,$281,$-5,$639,$3991,$25,$6,$19,$24,$-1,$-1,$0,$-4,$-5,$44,$-2,$0,$0,$0,$-17,$-17,$-171,$-191,$-0,$-1,$-2,$0,$0,$-16,$126,$109,$-38,$9,$-16
4,2017-09-30,16.93,$13.20,1.28,$3.05,5.54,$2.14,7.91,$0.74,22.87,$3.23B,$2.76B,1.17,$0.58B,$0.65B,0.91,$0.14B,$0.12B,83.80%,$0.14B,$0.05B,35.21%,$0.14B,0,0.00%,$0.14B,0,0.00%,$0.14B,$0.05B,35.21%,$0.14B,$0.03B,23.94%,$0.03B,$0.65B,5.36%,$0.03B,$0.61B,5.71%,$0.03B,$4.01B,0.87%,$0.05B,$1.23B,4.37%,$36,$6,$30,$0,$17,$23,$13,$0,$13,$5,$8,$8,$8,$0,$0,$45,47,$0.18,$0.17,$112,$0,$0,$3230,$26,$522,$38,$191,$777,$4007,$2764,$584,$14,$598,$3362,$1,$287,$-2,$645,$4007,$26,$4,$2,$7,$-0,$-0,$0,$2,$1,$34,$-1,$0,$0,$0,$14,$14,$-164,$-151,$-0,$111,$110,$0,$0,$-11,$24,$123,$7,$6,$-11
5,2017-06-30,16.65,$13.07,1.27,$3.03,5.5,$1.93,8.64,$0.73,22.81,$3.09B,$2.71B,1.14,$0.50B,$0.64B,0.78,$0.14B,$0.12B,84.29%,$0.14B,$0.05B,34.29%,$0.14B,0,0.00%,$0.14B,0,0.00%,$0.14B,$0.05B,34.29%,$0.14B,$0.03B,23.57%,$0.03B,$0.64B,5.26%,$0.03B,$0.60B,5.60%,$0.03B,$3.86B,0.86%,$0.05B,$1.14B,4.30%,$35,$6,$29,$0,$17,$23,$12,$0,$12,$4,$8,$8,$8,$0,$0,$45,47,$0.19,$0.18,$59,$0,$0,$3093,$26,$510,$38,$192,$766,$3860,$2705,$501,$15,$516,$3221,$1,$282,$-2,$639,$3860,$18,$3,$1,$4,$-0,$-0,$0,$-2,$-2,$20,$-1,$0,$0,$0,$27,$27,$-80,$-54,$-0,$28,$27,$0,$0,$-7,$-32,$-12,$-46,$4,$-7
6,2017-03-31,17.42,$12.91,1.35,$3.02,5.77,$1.77,9.83,$0.70,24.88,$3.08B,$2.70B,1.14,$0.50B,$0.63B,0.79,$0.14B,$0.12B,84.17%,$0.14B,$0.05B,33.81%,$0.14B,0,0.00%,$0.14B,0,0.00%,$0.14B,$0.05B,33.81%,$0.14B,$0.03B,23.02%,$0.03B,$0.63B,5.15%,$0.03B,$0.59B,5.48%,$0.03B,$3.84B,0.84%,$0.05B,$1.13B,4.25%,$36,$5,$31,$0,$18,$23,$13,$0,$13,$3,$10,$10,$10,$0,$0,$45,47,$0.22,$0.21,$60,$0,$0,$3078,$26,$508,$38,$193,$765,$3844,$2703,$495,$15,$511,$3214,$1,$277,$-4,$630,$3844,$10,$1,$-0,$1,$-0,$-0,$0,$-1,$-1,$10,$-0,$0,$0,$0,$27,$27,$-66,$-39,$-0,$22,$22,$0,$0,$-4,$-34,$-16,$-45,$2,$-4
7,2016-12-31,19.22,$12.80,1.5,$2.96,6.49,$1.69,11.38,$0.57,33.71,$3.06B,$2.75B,1.11,$0.47B,$0.62B,0.75,$0.14B,$0.11B,83.70%,$0.14B,$0.04B,29.63%,$0.14B,0,0.00%,$0.14B,0,0.00%,$0.14B,$0.04B,29.63%,$0.14B,$0.03B,19.26%,$0.03B,$0.62B,4.22%,$0.03B,$0.58B,4.50%,$0.03B,$3.85B,0.69%,$0.04B,$1.09B,3.66%,$35,$5,$29,$0,$17,$22,$12,$0,$12,$4,$8,$8,$8,$0,$0,$44,46,$0.19,$0.18,$104,$0,$0,$3057,$27,$534,$38,$193,$793,$3850,$2751,$465,$12,$478,$3229,$1,$268,$-4,$621,$3850,$26,$6,$2,$9,$0,$-1,$0,$4,$3,$38,$-1,$0,$55,$0,$103,$103,$-255,$-98,$-0,$-87,$-87,$-2,$-2,$-14,$207,$104,$44,$10,$-14
8,2016-09-30,15.42,$12.84,1.2,$2.86,5.39,$1.61,9.58,$0.52,29.65,$2.95B,$2.66B,1.11,$0.49B,$0.62B,0.8,$0.13B,$0.11B,82.95%,$0.13B,$0.04B,28.68%,$0.13B,0,0.00%,$0.13B,0,0.00%,$0.13B,$0.04B,28.68%,$0.13B,$0.02B,18.60%,$0.02B,$0.62B,3.99%,$0.02B,$0.58B,4.22%,$0.02B,$3.79B,0.67%,$0.04B,$1.12B,3.41%,$34,$5,$29,$0,$18,$23,$11,$0,$11,$4,$7,$7,$7,$0,$0,$45,46,$0.16,$0.16,$44,$0,$0,$2945,$28,$585,$38,$189,$840,$3785,$2658,$494,$12,$506,$3164,$1,$264,$3,$621,$3785,$18,$5,$4,$9,$1,$-0,$0,$-3,$-3,$24,$-1,$0,$55,$0,$64,$64,$-202,$-83,$-0,$-66,$-66,$-2,$-2,$-10,$122,$43,$-16,$7,$-10
9,2016-06-30,14.13,$12.73,1.11,$2.75,5.14,$1.67,8.47,$0.47,30.06,$2.85B,$2.64B,1.08,$0.48B,$0.62B,0.78,$0.12B,$0.10B,81.97%,$0.12B,$0.03B,27.05%,$0.12B,0,0.00%,$0.12B,0,0.00%,$0.12B,$0.03B,27.05%,$0.12B,$0.02B,18.03%,$0.02B,$0.62B,3.76%,$0.02B,$0.58B,3.94%,$0.02B,$3.74B,0.64%,$0.03B,$1.10B,3.14%,$34,$6,$28,$0,$18,$23,$11,$0,$11,$4,$7,$7,$7,$0,$0,$44,46,$0.16,$0.15,$68,$0,$0,$2851,$28,$635,$38,$189,$891,$3741,$2635,$479,$12,$491,$3126,$1,$260,$3,$615,$3741,$11,$3,$3,$6,$0,$-0,$0,$-4,$-4,$12,$-0,$0,$55,$0,$15,$15,$-83,$-13,$-0,$-81,$-81,$-2,$-2,$-7,$99,$9,$9,$5,$-7
10,2016-03-31,15.58,$12.59,1.24,$2.63,5.92,$1.72,9.04,$0.42,37.1,$2.84B,$2.58B,1.1,$0.47B,$0.61B,0.77,$0.12B,$0.09B,81.74%,$0.12B,$0.03B,26.09%,$0.12B,0,0.00%,$0.12B,0,0.00%,$0.12B,$0.03B,26.09%,$0.12B,$0.02B,16.52%,$0.02B,$0.61B,3.33%,$0.02B,$0.57B,3.46%,$0.02B,$3.67B,0.58%,$0.03B,$1.08B,2.89%,$32,$5,$27,$0,$21,$27,$6,$0,$6,$2,$4,$4,$4,$0,$0,$44,45,$0.08,$0.08,$122,$0,$0,$2839,$29,$580,$38,$186,$833,$3673,$2584,$467,$13,$480,$3064,$1,$257,$1,$609,$3673,$4,$2,$2,$3,$0,$-0,$0,$-1,$-1,$6,$-0,$0,$55,$0,$67,$67,$-17,$105,$-0,$-81,$-81,$-1,$-1,$-3,$37,$-48,$63,$3,$-3
11,2015-12-31,15.02,$12.29,1.22,$2.51,5.98,$1.81,8.28,$0.45,33.37,$2.42B,$2.14B,1.13,$0.50B,$0.56B,0.89,$0.11B,$0.09B,80.91%,$0.11B,$0.03B,29.09%,$0.11B,0,0.00%,$0.11B,0,0.00%,$0.11B,$0.03B,29.09%,$0.11B,$0.02B,18.18%,$0.02B,$0.56B,3.54%,$0.02B,$0.54B,3.65%,$0.02B,$3.20B,0.64%,$0.03B,$1.06B,3.03%,$29,$5,$23,$0,$14,$19,$9,$0,$9,$3,$6,$6,$6,$0,$0,$42,43,$0.14,$0.13,$59,$0,$0,$2416,$24,$578,$16,$169,$787,$3203,$2137,$495,$11,$506,$2643,$1,$256,$-3,$560,$3203,$20,$5,$4,$9,$-0,$-1,$0,$4,$3,$32,$-1,$0,$0,$0,$222,$222,$-433,$-212,$-0,$-220,$-221,$-48,$-48,$-12,$435,$154,$-25,$9,$-12
12,2015-09-30,14.29,$12.25,1.17,$2.38,6.0,$1.60,8.96,$0.43,33.22,$2.37B,$2.20B,1.08,$0.42B,$0.56B,0.74,$0.11B,$0.09B,82.24%,$0.11B,$0.03B,28.97%,$0.11B,0,0.00%,$0.11B,0,0.00%,$0.11B,$0.03B,28.97%,$0.11B,$0.02B,17.76%,$0.02B,$0.56B,3.31%,$0.02B,$0.54B,3.41%,$0.02B,$3.18B,0.61%,$0.03B,$0.97B,2.86%,$27,$5,$22,$0,$15,$20,$7,$0,$7,$3,$5,$5,$5,$0,$0,$41,43,$0.11,$0.11,$92,$0,$0,$2365,$24,$610,$16,$166,$817,$3181,$2198,$415,$11,$426,$2623,$1,$254,$1,$558,$3181,$14,$4,$4,$8,$0,$-0,$0,$3,$3,$25,$-1,$0,$0,$0,$195,$195,$-348,$-154,$-0,$-270,$-270,$-48,$-48,$-9,$466,$139,$9,$6,$-9
13,2015-06-30,14.07,$12.14,1.16,$2.25,6.27,$1.38,10.17,$0.42,33.5,$2.27B,$2.10B,1.08,$0.49B,$0.56B,0.87,$0.11B,$0.09B,82.86%,$0.11B,$0.03B,29.52%,$0.11B,0,0.00%,$0.11B,0,0.00%,$0.11B,$0.03B,29.52%,$0.11B,$0.02B,18.10%,$0.02B,$0.56B,3.23%,$0.02B,$0.54B,3.32%,$0.02B,$3.15B,0.63%,$0.03B,$1.04B,2.76%,$27,$5,$22,$0,$15,$19,$8,$0,$8,$3,$4,$4,$4,$0,$0,$42,44,$0.10,$0.10,$83,$0,$0,$2269,$25,$669,$16,$167,$878,$3147,$2095,$485,$10,$495,$2590,$1,$252,$-2,$558,$3147,$9,$3,$2,$5,$-0,$-0,$0,$1,$1,$14,$-1,$0,$0,$0,$134,$134,$-262,$-129,$-0,$-199,$-200,$-42,$-42,$-6,$361,$113,$-1,$4,$-6
14,2015-03-31,13.79,$12.34,1.12,$2.11,6.54,$1.25,11.06,$0.43,32.06,$2.09B,$1.89B,1.1,$0.57B,$0.58B,0.97,$0.10B,$0.09B,83.50%,$0.10B,$0.03B,30.10%,$0.10B,0,0.00%,$0.10B,0,0.00%,$0.10B,$0.03B,30.10%,$0.10B,$0.02B,19.42%,$0.02B,$0.58B,3.27%,$0.02B,$0.57B,3.36%,$0.02B,$3.05B,0.68%,$0.03B,$1.15B,2.80%,$27,$5,$22,$0,$15,$19,$8,$0,$8,$3,$5,$5,$5,$0,$0,$44,45,$0.11,$0.11,$100,$0,$0,$2087,$26,$760,$16,$162,$964,$3051,$1892,$566,$10,$576,$2468,$1,$251,$2,$583,$3051,$5,$1,$0,$2,$0,$-0,$0,$3,$3,$10,$-1,$0,$0,$0,$48,$48,$-62,$-15,$-0,$-119,$-119,$-17,$-17,$-3,$160,$21,$16,$1,$-3
15,2014-12-31,13.7,$12.27,1.12,$1.97,6.97,$1.15,11.87,$0.42,32.62,$2.01B,$1.84B,1.09,$0.58B,$0.59B,0.97,$0.10B,$0.09B,84.16%,$0.10B,$0.03B,31.68%,$0.10B,0,0.00%,$0.10B,0,0.00%,$0.10B,$0.03B,31.68%,$0.10B,$0.02B,19.80%,$0.02B,$0.59B,3.15%,$0.02B,$0.58B,3.23%,$0.02B,$3.02B,0.71%,$0.03B,$1.17B,2.99%,$26,$4,$22,$0,$14,$18,$8,$0,$8,$3,$5,$5,$5,$0,$0,$49,50,$0.10,$0.10,$83,$0,$0,$2008,$26,$804,$16,$167,$1013,$3021,$1844,$575,$8,$583,$2427,$1,$249,$-1,$594,$3021,$20,$6,$0,$6,$1,$-1,$0,$-0,$-0,$26,$-0,$0,$0,$0,$158,$158,$-454,$-297,$-0,$309,$308,$-138,$-138,$-13,$130,$287,$15,$5,$-13
16,2014-09-30,12.55,$12.20,1.03,$1.90,6.61,$1.15,10.96,$0.40,31.37,$1.88B,$1.78B,1.05,$0.52B,$0.62B,0.84,$0.10B,$0.08B,84.00%,$0.10B,$0.03B,32.00%,$0.10B,0,0.00%,$0.10B,0,0.00%,$0.10B,$0.03B,32.00%,$0.10B,$0.02B,20.00%,$0.02B,$0.62B,3.00%,$0.02B,$0.60B,3.08%,$0.02B,$2.93B,0.73%,$0.03B,$1.14B,3.11%,$25,$4,$21,$0,$14,$17,$7,$0,$7,$2,$5,$5,$5,$0,$0,$48,49,$0.10,$0.10,$73,$0,$0,$1878,$27,$834,$16,$170,$1047,$2925,$1781,$519,$8,$526,$2307,$1,$247,$-5,$618,$2925,$15,$4,$0,$4,$-0,$-0,$0,$-1,$-2,$17,$-0,$0,$0,$0,$121,$121,$-333,$-212,$-0,$298,$298,$-107,$-107,$-10,$20,$200,$6,$3,$-10
17,2014-06-30,12.01,$12.23,0.98,$1.86,6.46,$1.13,10.6,$0.39,30.8,$1.60B,$1.71B,0.94,$0.33B,$0.65B,0.51,$0.10B,$0.09B,84.16%,$0.10B,$0.03B,32.67%,$0.10B,0,0.00%,$0.10B,0,0.00%,$0.10B,$0.03B,32.67%,$0.10B,$0.02B,19.80%,$0.02B,$0.65B,2.90%,$0.02B,$0.63B,2.96%,$0.02B,$2.69B,0.74%,$0.03B,$0.98B,3.32%,$25,$4,$21,$0,$13,$16,$8,$0,$8,$3,$5,$5,$5,$0,$0,$50,51,$0.11,$0.11,$42,$0,$0,$1598,$28,$881,$16,$167,$1092,$2690,$1705,$328,$8,$336,$2041,$1,$246,$-2,$649,$2690,$11,$3,$-1,$2,$-0,$-0,$0,$-3,$-3,$10,$-0,$0,$0,$0,$78,$78,$-84,$-7,$-0,$64,$64,$-76,$-76,$-7,$-10,$-28,$-25,$1,$-7
18,2014-03-31,11.73,$11.77,1.0,$1.82,6.43,$1.16,10.08,$0.36,32.58,$1.56B,$1.69B,0.93,$0.32B,$0.68B,0.46,$0.10B,$0.08B,83.17%,$0.10B,$0.03B,31.68%,$0.10B,0,0.00%,$0.10B,0,0.00%,$0.10B,$0.03B,31.68%,$0.10B,$0.02B,18.81%,$0.02B,$0.68B,2.68%,$0.02B,$0.67B,2.74%,$0.02B,$2.69B,0.70%,$0.03B,$1.00B,3.28%,$25,$4,$21,$0,$12,$16,$9,$0,$9,$4,$5,$5,$5,$0,$0,$54,55,$0.10,$0.10,$67,$0,$0,$1564,$28,$921,$16,$162,$1128,$2692,$1686,$315,$9,$324,$2010,$1,$244,$-3,$682,$2692,$5,$1,$-0,$1,$0,$-0,$0,$0,$0,$7,$-0,$0,$0,$0,$37,$37,$-25,$11,$-0,$29,$29,$-39,$-39,$-3,$-5,$-18,$-0,$1,$-3
19,2013-12-31,11.98,$12.36,0.97,$1.85,6.49,$1.25,9.58,$0.35,34.23,$1.54B,$1.69B,0.91,$0.29B,$0.72B,0.4,$0.10B,$0.09B,82.52%,$0.10B,$0.03B,29.13%,$0.10B,0,0.00%,$0.10B,0,0.00%,$0.10B,$0.03B,29.13%,$0.10B,$0.02B,18.45%,$0.02B,$0.72B,2.62%,$0.02B,$0.70B,2.68%,$0.02B,$2.70B,0.69%,$0.03B,$1.01B,3.14%,$25,$4,$21,$0,$13,$17,$8,$0,$8,$3,$5,$5,$5,$0,$0,$55,56,$0.09,$0.08,$67,$0,$0,$1539,$29,$955,$16,$164,$1163,$2703,$1691,$289,$6,$296,$1987,$1,$242,$-5,$716,$2703,$19,$6,$-4,$2,$9,$-0,$0,$0,$9,$30,$-2,$0,$0,$0,$297,$297,$-282,$13,$-0,$51,$51,$37,$37,$-27,$-171,$-110,$-68,$5,$-27
20,2013-09-30,10.97,$12.36,0.89,$1.84,5.95,$1.12,9.83,$0.32,34.27,$1.48B,$1.73B,0.86,$0.28B,$0.72B,0.39,$0.10B,$0.08B,80.58%,$0.10B,$0.03B,26.21%,$0.10B,0,0.00%,$0.10B,0,0.00%,$0.10B,$0.03B,26.21%,$0.10B,$0.02B,16.50%,$0.02B,$0.72B,2.62%,$0.02B,$0.70B,2.69%,$0.02B,$2.73B,0.61%,$0.03B,$0.99B,3.15%,$26,$4,$22,$0,$14,$18,$8,$0,$8,$3,$5,$5,$5,$0,$0,$55,55,$0.09,$0.09,$99,$0,$0,$1482,$30,$1040,$16,$159,$1245,$2727,$1728,$276,$7,$283,$2011,$1,$241,$-2,$716,$2727,$14,$5,$-1,$4,$5,$-0,$0,$-2,$3,$21,$-3,$0,$0,$0,$219,$219,$-188,$28,$-0,$73,$73,$37,$37,$-24,$-171,$-84,$-35,$3,$-24
21,2013-06-30,10.53,$12.36,0.85,$1.82,5.79,$1.03,10.28,$0.30,34.96,$1.35B,$1.78B,0.76,$0.19B,$0.72B,0.26,$0.10B,$0.08B,79.21%,$0.10B,$0.03B,24.75%,$0.10B,0,0.00%,$0.10B,0,0.00%,$0.10B,$0.03B,24.75%,$0.10B,$0.02B,15.84%,$0.02B,$0.72B,2.81%,$0.02B,$0.70B,2.90%,$0.02B,$2.69B,0.59%,$0.03B,$0.91B,3.26%,$25,$4,$20,$0,$14,$18,$7,$0,$7,$3,$4,$4,$4,$0,$0,$55,56,$0.08,$0.08,$31,$0,$0,$1345,$30,$1155,$16,$143,$1345,$2690,$1779,$186,$6,$192,$1971,$1,$239,$1,$720,$2690,$9,$3,$-1,$2,$5,$-0,$0,$-2,$3,$14,$-2,$0,$0,$0,$108,$108,$-106,$-0,$-0,$-7,$-7,$40,$40,$-20,$-131,$-117,$-103,$2,$-20
22,2013-03-31,9.94,$12.78,0.78,$1.82,5.47,$1.01,9.87,$0.29,33.98,$1.31B,$1.92B,0.68,$0.17B,$0.74B,0.23,$0.10B,$0.08B,78.00%,$0.10B,$0.02B,24.00%,$0.10B,0,0.00%,$0.10B,0,0.00%,$0.10B,$0.02B,24.00%,$0.10B,$0.02B,16.00%,$0.02B,$0.74B,3.29%,$0.02B,$0.73B,3.40%,$0.02B,$2.84B,0.60%,$0.02B,$0.92B,3.44%,$27,$5,$22,$0,$15,$19,$7,$0,$7,$3,$5,$5,$5,$0,$0,$55,56,$0.09,$0.09,$71,$0,$0,$1307,$30,$1348,$16,$142,$1537,$2844,$1920,$174,$6,$179,$2100,$1,$251,$14,$744,$2844,$5,$2,$-1,$1,$5,$-0,$0,$3,$8,$13,$-1,$0,$0,$0,$-40,$-40,$-12,$-54,$-0,$-20,$-20,$40,$40,$-3,$-40,$-22,$-63,$1,$-3
23,2012-12-31,13.28,$10.00,1.33,$1.82,7.28,$1.02,12.96,$0.30,44.96,$1.36B,$2.20B,0.62,$0.19B,$0.42B,0.47,$0.10B,$0.08B,77.00%,$0.10B,$0.03B,25.00%,$0.10B,0,0.00%,$0.10B,0,0.00%,$0.10B,$0.03B,25.00%,$0.10B,$0.02B,16.00%,$0.02B,$0.42B,4.04%,$0.02B,$0.40B,4.21%,$0.02B,$2.81B,0.63%,$0.03B,$0.61B,4.07%,$25,$5,$19,$0,$14,$20,$5,$0,$5,$2,$3,$3,$3,$0,$0,$54,55,$0.07,$0.06,$133,$0,$0,$1364,$30,$1290,$16,$113,$1450,$2813,$2202,$193,$3,$197,$2398,$0,$250,$18,$415,$2813,$16,$4,$-1,$3,$5,$-0,$0,$4,$9,$28,$-8,$0,$5,$0,$-141,$-141,$-101,$-245,$-0,$-68,$-68,$-4,$-4,$-2,$354,$280,$63,$4,$-2
24,2012-09-30,13.95,$7.02,1.99,$1.89,7.39,$1.04,13.43,$0.31,45.49,$1.12B,$1.85B,0.61,$0.24B,$0.40B,0.62,$0.10B,$0.08B,77.88%,$0.10B,$0.02B,22.12%,$0.10B,0,0.00%,$0.10B,0,0.00%,$0.10B,$0.02B,22.12%,$0.10B,$0.02B,16.35%,$0.02B,$0.40B,4.38%,$0.02B,$0.38B,4.57%,$0.02B,$2.49B,0.70%,$0.02B,$0.64B,3.77%,$24,$6,$19,$0,$13,$18,$6,$0,$6,$2,$4,$4,$4,$0,$0,$54,55,$0.07,$0.07,$37,$0,$0,$1119,$24,$1226,$16,$106,$1372,$2491,$1847,$244,$4,$248,$2095,$0,$247,$21,$396,$2491,$13,$3,$-0,$3,$4,$-0,$0,$0,$4,$20,$-6,$0,$0,$0,$-112,$-112,$-26,$-144,$-0,$18,$18,$-4,$-4,$-2,$79,$91,$-33,$3,$-2
25,2012-06-30,12.37,$6.89,1.79,$1.87,6.63,$1.03,12.01,$0.30,41.3,$1.09B,$1.83B,0.6,$0.24B,$0.39B,0.61,$0.10B,$0.08B,76.92%,$0.10B,$0.02B,22.12%,$0.10B,0,0.00%,$0.10B,0,0.00%,$0.10B,$0.02B,22.12%,$0.10B,$0.02B,16.35%,$0.02B,$0.39B,4.40%,$0.02B,$0.37B,4.59%,$0.02B,$2.46B,0.71%,$0.02B,$0.63B,3.48%,$24,$6,$18,$0,$12,$18,$6,$0,$6,$2,$4,$4,$4,$0,$0,$54,55,$0.07,$0.07,$39,$0,$0,$1093,$23,$1238,$16,$93,$1371,$2464,$1834,$238,$3,$241,$2075,$0,$243,$19,$389,$2464,$9,$2,$-0,$2,$4,$-0,$0,$0,$5,$15,$-4,$0,$0,$0,$-120,$-120,$2,$-122,$-0,$32,$32,$-4,$-4,$-2,$51,$76,$-31,$2,$-2
26,2012-03-31,12.38,$6.80,1.82,$1.85,6.69,$0.98,12.66,$0.31,40.38,$1.08B,$1.82B,0.59,$0.20B,$0.39B,0.52,$0.11B,$0.08B,76.19%,$0.11B,$0.02B,22.86%,$0.11B,0,0.00%,$0.11B,0,0.00%,$0.11B,$0.02B,22.86%,$0.11B,$0.02B,16.19%,$0.02B,$0.39B,4.37%,$0.02B,$0.37B,4.56%,$0.02B,$2.41B,0.72%,$0.02B,$0.59B,3.35%,$27,$6,$21,$0,$13,$19,$8,$0,$8,$3,$5,$5,$5,$0,$0,$54,55,$0.09,$0.09,$50,$0,$0,$1075,$22,$1200,$16,$92,$1331,$2406,$1816,$201,$4,$205,$2021,$0,$239,$18,$385,$2406,$5,$1,$-1,$-0,$4,$-0,$0,$6,$10,$15,$-3,$0,$0,$0,$-64,$-64,$32,$-35,$-0,$-5,$-5,$-2,$-2,$-2,$9,$0,$-19,$1,$-2
27,2011-12-31,12.22,$9.44,1.29,$1.80,6.81,$0.86,14.14,$0.30,40.83,$1.13B,$1.79B,0.63,$0.21B,$0.38B,0.54,$0.10B,$0.08B,75.73%,$0.10B,$0.02B,23.30%,$0.10B,0,0.00%,$0.10B,0,0.00%,$0.10B,$0.02B,23.30%,$0.10B,$0.02B,16.50%,$0.02B,$0.38B,4.34%,$0.02B,$0.37B,4.53%,$0.02B,$2.38B,0.73%,$0.02B,$0.59B,3.04%,$29,$6,$23,$0,$20,$26,$3,$0,$3,$-0,$4,$4,$4,$0,$0,$56,57,$0.07,$0.07,$69,$0,$0,$1130,$20,$1115,$16,$96,$1247,$2377,$1786,$206,$2,$208,$1994,$0,$236,$17,$383,$2377,$17,$4,$5,$9,$1,$-0,$0,$1,$2,$27,$-6,$0,$77,$0,$108,$108,$-169,$11,$-0,$91,$91,$-38,$-38,$-4,$-66,$-17,$21,$4,$-4
28,2011-09-30,11.38,$6.75,1.69,$1.68,6.76,$0.84,13.53,$0.29,38.93,$0.99B,$1.48B,0.67,$0.45B,$0.39B,1.16,$0.10B,$0.07B,74.49%,$0.10B,$0.03B,27.55%,$0.10B,0,0.00%,$0.10B,0,0.00%,$0.10B,$0.03B,27.55%,$0.10B,$0.02B,17.35%,$0.02B,$0.39B,4.30%,$0.02B,$0.37B,4.48%,$0.02B,$2.33B,0.74%,$0.03B,$0.85B,3.46%,$24,$6,$18,$0,$12,$18,$6,$0,$6,$2,$4,$4,$4,$0,$0,$56,57,$0.06,$0.06,$37,$0,$0,$987,$18,$1220,$16,$90,$1345,$2331,$1484,$454,$3,$457,$1941,$0,$233,$19,$390,$2331,$13,$3,$4,$6,$-0,$-0,$0,$-2,$-2,$17,$-4,$0,$0,$0,$-1,$-1,$-139,$-144,$-0,$63,$63,$-28,$-28,$-3,$84,$116,$-10,$3,$-3
29,2011-06-30,12.03,$6.70,1.8,$1.66,7.25,$0.90,13.3,$0.27,44.4,$0.95B,$1.46B,0.65,$0.45B,$0.40B,1.12,$0.10B,$0.07B,74.23%,$0.10B,$0.02B,24.74%,$0.10B,0,0.00%,$0.10B,0,0.00%,$0.10B,$0.02B,24.74%,$0.10B,$0.02B,15.46%,$0.02B,$0.40B,3.76%,$0.02B,$0.38B,3.92%,$0.02B,$2.31B,0.66%,$0.02B,$0.84B,3.18%,$25,$7,$18,$0,$11,$18,$7,$0,$7,$2,$4,$4,$4,$0,$0,$57,57,$0.08,$0.08,$67,$0,$0,$954,$18,$1225,$16,$94,$1353,$2308,$1463,$445,$2,$446,$1909,$0,$230,$16,$398,$2308,$9,$1,$1,$3,$1,$-0,$0,$-3,$-1,$10,$-2,$0,$0,$0,$-28,$-28,$-76,$-107,$-0,$53,$53,$-13,$-13,$-2,$77,$116,$19,$2,$-2
30,2011-03-31,11.75,$6.57,1.79,$1.64,7.17,$0.96,12.23,$0.26,44.55,$0.94B,$1.47B,0.64,$0.49B,$0.40B,1.24,$0.10B,$0.07B,75.00%,$0.10B,$0.02B,25.00%,$0.10B,0,0.00%,$0.10B,0,0.00%,$0.10B,$0.02B,25.00%,$0.10B,$0.02B,15.63%,$0.02B,$0.40B,3.76%,$0.02B,$0.38B,3.92%,$0.02B,$2.36B,0.67%,$0.02B,$0.89B,3.28%,$25,$6,$19,$0,$11,$18,$8,$0,$8,$3,$5,$5,$5,$0,$0,$58,58,$0.09,$0.09,$97,$0,$0,$936,$16,$1294,$16,$93,$1419,$2356,$1468,$489,$2,$492,$1960,$0,$227,$10,$396,$2356,$5,$1,$-0,$1,$1,$-0,$0,$1,$2,$7,$-1,$0,$0,$0,$-55,$-55,$-27,$-83,$-0,$98,$98,$-5,$-5,$-1,$32,$124,$49,$1,$-1
31,2010-12-31,11.3,$6.53,1.73,$1.60,7.08,$0.94,12.02,$0.24,48.03,$0.86B,$1.70B,0.51,$0.15B,$0.40B,0.37,$0.09B,$0.07B,73.40%,$0.09B,$0.02B,22.34%,$0.09B,0,0.00%,$0.09B,0,0.00%,$0.09B,$0.02B,22.34%,$0.09B,$0.01B,13.83%,$0.01B,$0.40B,3.26%,$0.01B,$0.38B,3.40%,$0.01B,$2.25B,0.59%,$0.02B,$0.55B,3.07%,$24,$6,$18,$0,$12,$18,$6,$0,$6,$2,$4,$4,$4,$0,$0,$58,58,$0.07,$0.07,$48,$0,$0,$863,$16,$1259,$16,$93,$1384,$2247,$1702,$148,$1,$149,$1850,$0,$223,$11,$397,$2247,$14,$3,$7,$10,$-1,$-0,$0,$3,$2,$26,$-5,$0,$0,$0,$-45,$-45,$-131,$-181,$-0,$112,$112,$-8,$-8,$-3,$56,$157,$1,$4,$-3
32,2010-09-30,9.14,$6.59,1.39,$1.59,5.75,$0.75,12.18,$0.24,37.72,$0.83B,$1.45B,0.57,$0.34B,$0.40B,0.85,$0.09B,$0.07B,72.34%,$0.09B,$0.02B,22.34%,$0.09B,0,0.00%,$0.09B,0,0.00%,$0.09B,$0.02B,22.34%,$0.09B,$0.01B,13.83%,$0.01B,$0.40B,3.27%,$0.01B,$0.39B,3.41%,$0.01B,$2.19B,0.61%,$0.02B,$0.75B,3.16%,$23,$6,$17,$0,$15,$21,$3,$0,$3,$0,$2,$2,$2,$0,$0,$58,58,$0.04,$0.04,$40,$0,$0,$830,$14,$1246,$16,$87,$1363,$2194,$1447,$342,$2,$344,$1791,$0,$220,$18,$403,$2194,$10,$2,$8,$10,$-1,$-0,$0,$1,$0,$20,$-3,$0,$0,$0,$-71,$-71,$-105,$-179,$63,$0,$63,$-5,$-5,$-2,$97,$152,$-7,$3,$-2
33,2010-06-30,10.93,$6.54,1.67,$1.58,6.9,$0.62,17.62,$0.26,42.58,$0.79B,$1.45B,0.55,$0.36B,$0.40B,0.89,$0.09B,$0.07B,71.28%,$0.09B,$0.02B,24.47%,$0.09B,0,0.00%,$0.09B,0,0.00%,$0.09B,$0.02B,24.47%,$0.09B,$0.01B,14.89%,$0.01B,$0.40B,3.54%,$0.01B,$0.38B,3.69%,$0.01B,$2.21B,0.68%,$0.02B,$0.76B,3.54%,$24,$6,$18,$0,$11,$17,$7,$0,$7,$2,$4,$4,$4,$0,$0,$58,59,$0.07,$0.07,$32,$0,$0,$794,$14,$1316,$16,$68,$1414,$2208,$1451,$356,$2,$358,$1808,$0,$218,$17,$400,$2208,$8,$1,$4,$6,$-0,$-0,$0,$0,$-0,$13,$-2,$0,$0,$0,$-105,$-105,$-55,$-162,$77,$0,$77,$-5,$-5,$-2,$65,$135,$-14,$2,$-2
34,2010-03-31,12.15,$6.46,1.88,$1.55,7.83,$0.49,24.9,$0.22,54.99,$0.78B,$1.41B,0.56,$0.29B,$0.40B,0.74,$0.09B,$0.06B,68.82%,$0.09B,$0.02B,20.43%,$0.09B,0,0.00%,$0.09B,0,0.00%,$0.09B,$0.02B,20.43%,$0.09B,$0.01B,12.90%,$0.01B,$0.40B,3.05%,$0.01B,$0.38B,3.18%,$0.01B,$2.10B,0.60%,$0.02B,$0.69B,2.95%,$23,$6,$16,$0,$11,$18,$5,$0,$5,$2,$3,$3,$3,$0,$0,$58,59,$0.06,$0.06,$55,$0,$0,$783,$13,$1227,$16,$58,$1315,$2098,$1406,$293,$2,$295,$1702,$0,$215,$16,$396,$2098,$3,$1,$2,$2,$0,$-0,$0,$0,$0,$6,$-1,$0,$0,$0,$-76,$-76,$-8,$-86,$14,$0,$14,$-3,$-3,$-1,$78,$88,$8,$1,$-1
35,2009-12-31,11.31,$6.36,1.78,$1.52,7.44,$0.43,26.18,$0.21,54.7,$0.77B,$1.53B,0.5,$0.08B,$0.39B,0.2,$0.09B,$0.06B,68.13%,$0.09B,$0.02B,19.78%,$0.09B,0,0.00%,$0.09B,0,0.00%,$0.09B,$0.02B,19.78%,$0.09B,$0.01B,13.19%,$0.01B,$0.39B,3.06%,$0.01B,$0.38B,3.19%,$0.01B,$2.00B,0.62%,$0.02B,$0.47B,2.81%,$24,$7,$17,$0,$11,$18,$6,$0,$6,$2,$4,$4,$4,$0,$0,$59,60,$0.06,$0.06,$46,$0,$0,$768,$13,$1145,$16,$61,$1234,$2002,$1531,$79,$1,$80,$1611,$0,$212,$12,$392,$2002,$12,$1,$5,$6,$0,$-0,$0,$-3,$-3,$15,$-5,$0,$0,$54,$-141,$-87,$-144,$-237,$-0,$-53,$-53,$-20,$-20,$-3,$289,$214,$-8,$4,$-3
36,2009-09-30,10.67,$6.35,1.68,$1.47,7.24,$0.31,34.07,$0.19,55.46,$0.75B,$1.31B,0.58,$0.28B,$0.40B,0.72,$0.09B,$0.06B,65.91%,$0.09B,$0.02B,19.32%,$0.09B,0,0.00%,$0.09B,0,0.00%,$0.09B,$0.02B,19.32%,$0.09B,$0.01B,12.50%,$0.01B,$0.40B,2.81%,$0.01B,$0.38B,2.94%,$0.01B,$1.99B,0.59%,$0.02B,$0.68B,2.58%,$23,$7,$16,$0,$11,$18,$5,$0,$5,$2,$3,$3,$3,$0,$0,$59,59,$0.06,$0.06,$90,$0,$0,$750,$12,$1160,$16,$50,$1238,$1988,$1306,$283,$2,$286,$1592,$0,$209,$14,$396,$1988,$8,$0,$9,$9,$0,$-0,$0,$-3,$-3,$14,$-4,$0,$0,$54,$-153,$-99,$-79,$-182,$-49,$0,$-49,$-13,$-13,$-2,$268,$204,$36,$3,$-2
37,2009-06-30,9.66,$6.20,1.56,$1.41,6.84,$0.14,69.36,$0.19,50.18,$0.73B,$1.14B,0.64,$0.35B,$0.39B,0.89,$0.09B,$0.06B,64.71%,$0.09B,$0.02B,20.00%,$0.09B,0,0.00%,$0.09B,0,0.00%,$0.09B,$0.02B,20.00%,$0.09B,$0.01B,12.94%,$0.01B,$0.39B,2.84%,$0.01B,$0.37B,2.97%,$0.01B,$1.88B,0.62%,$0.02B,$0.74B,2.85%,$23,$7,$15,$0,$12,$19,$3,$0,$3,$1,$2,$2,$2,$0,$0,$60,60,$0.04,$0.04,$80,$0,$0,$733,$11,$1066,$16,$53,$1145,$1879,$1141,$346,$2,$348,$1488,$0,$206,$7,$390,$1879,$5,$-1,$5,$4,$-1,$-0,$0,$-2,$-3,$6,$-2,$0,$0,$54,$-50,$4,$-69,$-67,$13,$0,$13,$-8,$-8,$-2,$84,$88,$27,$2,$-2
38,2009-03-31,9.05,$6.16,1.47,$1.35,6.68,$0.02,422.84,$0.21,42.32,$0.74B,$1.14B,0.65,$0.28B,$0.39B,0.72,$0.08B,$0.05B,65.43%,$0.08B,$0.02B,24.69%,$0.08B,0,0.00%,$0.08B,0,0.00%,$0.08B,$0.02B,24.69%,$0.08B,$0.01B,16.05%,$0.01B,$0.39B,3.40%,$0.01B,$0.38B,3.55%,$0.01B,$1.82B,0.76%,$0.02B,$0.67B,3.76%,$21,$8,$14,$0,$9,$17,$4,$0,$4,$2,$3,$3,$3,$0,$0,$60,60,$0.04,$0.04,$115,$0,$0,$737,$9,$1001,$16,$54,$1080,$1817,$1142,$281,$2,$283,$1425,$0,$205,$6,$391,$1817,$3,$0,$2,$2,$1,$0,$0,$-3,$-2,$3,$-1,$0,$0,$46,$8,$54,$-35,$18,$-51,$0,$-51,$-4,$-4,$-1,$89,$33,$54,$1,$-1
39,2008-12-31,9.28,$6.15,1.51,$1.34,6.91,$-0.13,0.0,$0.26,35.19,$0.70B,$1.21B,0.58,$0.16B,$0.39B,0.42,$0.08B,$0.05B,65.43%,$0.08B,$0.02B,28.40%,$0.08B,0,0.00%,$0.08B,0,0.00%,$0.08B,$0.02B,28.40%,$0.08B,$0.02B,19.75%,$0.02B,$0.39B,4.22%,$0.02B,$0.37B,4.41%,$0.02B,$1.76B,0.98%,$0.02B,$0.55B,4.92%,$21,$8,$13,$0,$8,$16,$5,$0,$5,$2,$3,$3,$3,$0,$0,$61,61,$0.06,$0.06,$106,$0,$0,$696,$9,$981,$16,$55,$1062,$1758,$1205,$162,$4,$166,$1371,$0,$203,$-0,$387,$1758,$16,$1,$3,$4,$-2,$-0,$0,$-12,$-14,$5,$-3,$0,$0,$-29,$-146,$-175,$-160,$-337,$-0,$208,$208,$0,$0,$-1,$150,$357,$25,$1,$-1
40,2008-09-30,9.95,$6.02,1.65,$0.99,10.06,$-0.17,0.0,$0.21,48.16,$0.67B,$1.21B,0.55,$0.05B,$0.38B,0.14,$0.08B,$0.05B,65.82%,$0.08B,$0.01B,13.92%,$0.08B,0,0.00%,$0.08B,0,0.00%,$0.08B,$0.01B,13.92%,$0.08B,$0.01B,16.46%,$0.01B,$0.38B,3.47%,$0.01B,$0.36B,3.63%,$0.01B,$1.65B,0.85%,$0.01B,$0.43B,2.45%,$20,$7,$13,$0,$8,$15,$5,$0,$5,$2,$3,$3,$3,$0,$0,$61,61,$0.06,$0.06,$113,$0,$0,$669,$9,$894,$16,$59,$979,$1648,$1213,$54,$2,$56,$1269,$0,$200,$-5,$379,$1648,$12,$1,$1,$1,$-1,$-0,$0,$-10,$-12,$2,$-2,$0,$0,$-35,$-55,$-90,$-128,$-219,$184,$0,$184,$0,$0,$0,$59,$242,$25,$0,$0
