,Date,Stock Price,Book Value per Share,Price to Book Ratio,TTM Sales per Share,Price to Sales Ratio,TTM FCF per Share,Price to FCF Ratio,TTM Net EPS,PE Ratio,Current Assets,Current Liabilities,Current Ratio,Long Term Debt,Shareholder's Equity_x,Debt to Equity Ratio,TTM Revenue_x,TTM Gross Profit,Gross Margin,TTM Revenue_y,TTM Operating Income,Operating Margin,TTM Revenue_x,TTM EBIT,EBIT Margin,TTM Revenue_y,TTM EBITDA,EBITDA Margin,TTM Revenue_x,TTM Pre-Tax Income,Pre-Tax Margin,TTM Revenue_y,TTM Net Income_x,Net Margin,TTM Net Income_y,Shareholder's Equity_y,Return on Equity,TTM Net Income_x,Tangible Equity,Return on Tangible Equity,TTM Net Income_y,Total Assets,Return on Assets,TTM Net Income,LT Investments & Debt,Return on Investment,revenue,cost-goods-sold,gross-profit,research-development-expenses,selling-general-administrative-expenses,operating-expenses,operating-income,total-non-operating-income-expense,pre-tax-income,total-provision-income-taxes,income-after-taxes,income-from-continuous-operations,net-income,ebitda,ebit,basic-shares-outstanding,shares-outstanding,eps-basic-net-earnings-per-share,eps-earnings-per-share-diluted,cash-on-hand,inventory,other-current-assets,total-current-assets,net-property-plant-equipment,long-term-investments,goodwill-intangible-assets-total,other-long-term-assets,total-long-term-assets,total-assets,total-current-liabilities,long-term-debt,other-non-current-liabilities,total-long-term-liabilities,total-liabilities,common-stock-net,retained-earnings-accumulated-deficit,comprehensive-income,total-share-holder-equity,total-liabilities-share-holders-equity,net-income-loss,total-depreciation-amortization-cash-flow,other-non-cash-items,total-non-cash-items,change-in-accounts-receivable,change-in-inventories,change-in-accounts-payable,change-in-assets-liabilities,total-change-in-assets-liabilities,cash-flow-from-operating-activities,net-change-in-property-plant-equipment,net-change-in-intangible-assets,net-acquisitions-divestitures,net-change-in-short-term-investments,net-change-in-long-term-investments,net-change-in-investments-total,investing-activities-other,cash-flow-from-investing-activities,net-long-term-debt,net-current-debt,debt-issuance-retirement-net-total,net-common-equity-issued-repurchased,net-total-equity-issued-repurchased,total-common-preferred-stock-dividends-paid,financial-activities-other,cash-flow-from-financial-activities,net-cash-flow,stock-based-compensation,common-stock-dividends-paid
0,2018-09-30,56.06,$22.54,2.49,$18.44,3.04,$2.88,19.49,$4.53,12.38,$0.55B,$0.44B,1.24,$2.13B,$1.94B,1.1,$1.59B,$1.26B,78.78%,$1.59B,$0.49B,30.63%,$1.59B,$0.49B,30.63%,$1.59B,$0.73B,45.76%,$1.59B,$0.38B,24.04%,$1.59B,$0.39B,24.61%,$0.39B,$1.94B,20.52%,$0.39B,$1.93B,20.57%,$0.39B,$6.04B,6.61%,$0.49B,$4.07B,12.37%,$289,$15,$274,$0,$130,$209,$81,$-26,$54,$16,$38,$38,$38,$144,$81,$86,86,$0.44,$0.44,$233,$74,$96,$545,$4977,$0,$5,$274,$5492,$6036,$440,$2131,$838,$3659,$4099,$86,$1099,$-68,$1937,$6036,$392,$241,$-2,$239,$-31,$-4,$18,$-23,$-33,$614,$-528,$0,$0,$0,$0,$0,$-0,$-529,$-271,$0,$-271,$4,$4,$-143,$0,$-411,$-326,$16,$-143
1,2018-06-30,52.96,$22.43,2.36,$18.43,2.87,$4.92,10.77,$4.62,11.46,$0.59B,$0.66B,0.89,$1.84B,$1.93B,0.95,$1.59B,$1.26B,79.01%,$1.59B,$0.49B,31.05%,$1.59B,$0.49B,31.05%,$1.59B,$0.73B,45.76%,$1.59B,$0.39B,24.51%,$1.59B,$0.40B,25.14%,$0.40B,$1.93B,21.59%,$0.40B,$1.92B,21.66%,$0.40B,$5.97B,6.73%,$0.49B,$3.76B,12.75%,$343,$52,$291,$0,$122,$235,$108,$-26,$82,$19,$63,$63,$63,$169,$108,$86,87,$0.73,$0.73,$316,$51,$72,$589,$4843,$0,$5,$266,$5385,$5974,$661,$1836,$810,$3385,$4047,$86,$1097,$-72,$1927,$5974,$354,$178,$-32,$146,$-35,$19,$2,$-24,$6,$518,$-348,$0,$0,$0,$0,$0,$-2,$-350,$-307,$0,$-307,$4,$4,$-107,$0,$-410,$-242,$12,$-107
2,2018-03-31,51.04,$22.35,2.28,$18.51,2.76,$6.02,8.48,$4.58,11.14,$0.59B,$0.38B,1.56,$2.09B,$1.92B,1.09,$1.60B,$1.27B,79.45%,$1.60B,$0.51B,31.89%,$1.60B,$0.51B,31.89%,$1.60B,$0.74B,46.24%,$1.60B,$0.40B,25.31%,$1.60B,$0.40B,24.87%,$0.40B,$1.92B,22.16%,$0.40B,$1.91B,22.23%,$0.40B,$5.92B,6.71%,$0.51B,$4.00B,13.39%,$541,$177,$364,$0,$146,$384,$157,$-27,$130,$38,$92,$92,$92,$218,$157,$86,86,$1.07,$1.06,$232,$42,$121,$593,$4783,$0,$5,$265,$5322,$5915,$380,$2085,$804,$3615,$3995,$86,$1071,$-48,$1919,$5915,$291,$117,$-55,$62,$-124,$28,$11,$-39,$-74,$287,$-244,$0,$0,$0,$0,$0,$5,$-239,$-307,$0,$-307,$3,$3,$-71,$0,$-375,$-328,$8,$-71
3,2017-12-31,54.03,$21.69,2.49,$18.31,2.95,$7.51,7.2,$4.56,11.85,$0.52B,$0.37B,1.43,$2.08B,$1.86B,1.12,$1.58B,$1.28B,81.04%,$1.58B,$0.52B,33.10%,$1.58B,$0.52B,33.10%,$1.58B,$0.75B,47.37%,$1.58B,$0.42B,26.38%,$1.58B,$0.39B,24.98%,$0.39B,$1.86B,22.84%,$0.39B,$1.85B,22.92%,$0.39B,$5.79B,6.69%,$0.52B,$3.94B,13.97%,$420,$94,$326,$0,$128,$278,$142,$-25,$117,$-81,$199,$199,$199,$198,$142,$86,86,$2.32,$2.30,$171,$59,$130,$522,$4729,$0,$5,$270,$5270,$5792,$365,$2084,$797,$3567,$3932,$86,$1015,$-41,$1860,$5792,$199,$56,$-91,$-35,$-83,$10,$13,$-25,$-73,$95,$-143,$0,$0,$0,$0,$0,$3,$-140,$-307,$0,$-307,$0,$0,$-36,$-2,$-344,$-389,$4,$-36
4,2017-09-30,55.29,$19.92,2.78,$18.38,3.01,$8.51,6.5,$3.30,16.75,$0.82B,$0.65B,1.27,$2.08B,$1.70B,1.22,$1.58B,$1.30B,82.53%,$1.58B,$0.55B,34.94%,$1.58B,$0.55B,34.94%,$1.58B,$0.78B,49.18%,$1.58B,$0.44B,28.10%,$1.58B,$0.28B,17.97%,$0.28B,$1.70B,17.19%,$0.28B,$1.70B,17.25%,$0.28B,$6.10B,4.85%,$0.55B,$3.79B,15.07%,$287,$11,$276,$0,$133,$200,$87,$-26,$61,$15,$46,$46,$46,$143,$87,$85,86,$0.53,$0.53,$557,$70,$79,$818,$4674,$0,$5,$345,$5285,$6103,$646,$2084,$520,$3754,$4400,$86,$852,$-30,$1704,$6103,$283,$224,$130,$354,$-3,$-1,$17,$10,$30,$684,$-424,$0,$0,$0,$0,$0,$1,$-423,$295,$0,$295,$8,$8,$-139,$0,$164,$426,$12,$-139
5,2017-06-30,54.14,$19.70,2.75,$18.49,2.93,$7.19,7.53,$3.21,16.87,$0.54B,$0.60B,0.9,$1.79B,$1.68B,1.06,$1.59B,$1.32B,83.28%,$1.59B,$0.55B,34.45%,$1.59B,$0.55B,34.45%,$1.59B,$0.77B,48.64%,$1.59B,$0.44B,27.76%,$1.59B,$0.28B,17.41%,$0.28B,$1.68B,17.17%,$0.28B,$1.68B,17.22%,$0.28B,$5.87B,4.81%,$0.55B,$3.47B,15.08%,$348,$46,$302,$0,$123,$225,$123,$-28,$96,$36,$60,$60,$60,$179,$123,$85,86,$0.70,$0.69,$287,$52,$74,$542,$4584,$0,$5,$374,$5325,$5868,$602,$1788,$497,$3581,$4183,$85,$842,$-33,$1684,$5868,$238,$169,$114,$283,$-16,$16,$5,$-4,$19,$551,$-288,$0,$0,$0,$0,$0,$-10,$-298,$0,$0,$0,$6,$6,$-104,$0,$-97,$155,$9,$-104
6,2017-03-31,57.39,$19.34,2.97,$18.37,3.12,$5.23,10.98,$2.62,21.9,$0.56B,$0.33B,1.71,$2.09B,$1.65B,1.26,$1.57B,$1.33B,84.55%,$1.57B,$0.47B,29.75%,$1.57B,$0.47B,29.75%,$1.57B,$0.70B,44.25%,$1.57B,$0.36B,22.95%,$1.57B,$0.22B,14.24%,$0.22B,$1.65B,14.28%,$0.22B,$1.65B,14.33%,$0.22B,$5.81B,3.96%,$0.47B,$3.74B,12.80%,$522,$148,$374,$0,$147,$352,$170,$-28,$142,$53,$89,$89,$89,$227,$170,$85,86,$1.05,$1.04,$233,$44,$109,$557,$4519,$0,$5,$364,$5248,$5805,$326,$2087,$496,$3827,$4153,$85,$817,$-34,$1651,$5805,$178,$113,$69,$183,$-92,$24,$14,$-8,$-17,$352,$-182,$0,$0,$0,$0,$0,$-3,$-185,$0,$0,$0,$3,$3,$-69,$0,$-66,$101,$6,$-69
7,2016-12-31,54.15,$18.39,2.94,$17.59,3.08,$3.94,13.74,$-0.16,0.0,$0.47B,$0.31B,1.53,$2.09B,$1.57B,1.33,$1.50B,$1.32B,88.27%,$1.50B,$0.06B,4.07%,$1.50B,$0.06B,4.07%,$1.50B,$0.30B,19.73%,$1.50B,$-0.05B,-3.00%,$1.50B,$-0.01B,-0.87%,$-0.01B,$1.57B,-0.83%,$-0.01B,$1.56B,-0.84%,$-0.01B,$5.66B,-0.23%,$0.06B,$3.66B,1.67%,$423,$70,$352,$0,$124,$250,$172,$-27,$145,$56,$89,$89,$89,$228,$172,$85,86,$1.04,$1.04,$136,$58,$113,$468,$4486,$0,$5,$339,$5194,$5662,$306,$2087,$507,$3787,$4093,$85,$763,$-55,$1569,$5662,$89,$56,$47,$104,$-67,$11,$19,$-3,$-51,$145,$-106,$0,$0,$0,$6,$6,$-4,$-105,$0,$0,$0,$0,$0,$-34,$1,$-34,$7,$2,$-34
8,2016-09-30,51.33,$17.94,2.86,$17.10,3.0,$2.76,18.59,$-3.43,0.0,$0.41B,$0.30B,1.36,$2.09B,$1.53B,1.37,$1.45B,$1.31B,89.88%,$1.45B,$-0.42B,-28.72%,$1.45B,$-0.42B,-28.72%,$1.45B,$-0.17B,-11.50%,$1.45B,$-0.52B,-36.02%,$1.45B,$-0.29B,-20.04%,$-0.29B,$1.53B,-17.94%,$-0.29B,$1.52B,-18.00%,$-0.29B,$5.64B,-5.02%,$-0.42B,$3.61B,-11.25%,$292,$1,$292,$0,$122,$211,$81,$-25,$57,$19,$38,$38,$38,$137,$81,$85,85,$0.44,$0.44,$131,$68,$80,$413,$4454,$0,$5,$404,$5223,$5636,$304,$2086,$499,$3806,$4109,$85,$676,$-6,$1527,$5636,$-291,$249,$705,$955,$-6,$-4,$-41,$-3,$-88,$589,$-444,$0,$0,$0,$0,$0,$-9,$-453,$0,$0,$0,$14,$14,$-135,$2,$-119,$16,$6,$-135
9,2016-06-30,53.6,$17.98,2.98,$17.22,3.11,$-0.90,0.0,$-6.09,0.0,$0.36B,$0.28B,1.31,$2.09B,$1.53B,1.37,$1.46B,$1.31B,89.60%,$1.46B,$-0.83B,-56.47%,$1.46B,$-0.83B,-56.47%,$1.46B,$-0.56B,-38.33%,$1.46B,$-0.93B,-63.66%,$1.46B,$-0.52B,-35.39%,$-0.52B,$1.53B,-29.59%,$-0.52B,$1.52B,-29.69%,$-0.52B,$5.54B,-8.58%,$-0.83B,$3.61B,-21.53%,$336,$23,$312,$0,$126,$290,$45,$-28,$17,$9,$8,$8,$8,$104,$45,$85,85,$0.10,$0.10,$109,$49,$63,$361,$4448,$0,$5,$412,$5180,$5541,$276,$2086,$499,$3737,$4014,$85,$673,$8,$1528,$5541,$-329,$193,$648,$841,$-8,$16,$-54,$2,$-62,$460,$-367,$0,$0,$0,$0,$0,$-11,$-378,$0,$0,$0,$8,$8,$-100,$2,$-90,$-8,$3,$-100
10,2016-03-31,46.82,$19.11,2.45,$17.28,2.71,$-2.06,0.0,$-9.63,0.0,$0.38B,$0.35B,1.07,$2.09B,$1.62B,1.29,$1.47B,$1.31B,89.42%,$1.47B,$-1.36B,-92.76%,$1.47B,$-1.36B,-92.76%,$1.47B,$-1.07B,-73.24%,$1.47B,$-1.46B,-99.45%,$1.47B,$-0.82B,-55.84%,$-0.82B,$1.62B,-42.45%,$-0.82B,$1.62B,-42.57%,$-0.82B,$5.80B,-12.86%,$-1.36B,$3.71B,-33.85%,$449,$82,$368,$0,$143,$686,$-237,$-27,$-264,$-116,$-148,$-148,$-148,$-173,$-237,$85,85,$-1.74,$-1.74,$104,$42,$93,$377,$4572,$0,$5,$533,$5425,$5801,$353,$2085,$556,$3826,$4179,$85,$699,$82,$1622,$5801,$-337,$134,$551,$686,$-28,$23,$-32,$-13,$-42,$313,$-254,$0,$0,$0,$0,$0,$-18,$-272,$0,$0,$0,$6,$6,$-67,$0,$-60,$-20,$3,$-67
11,2015-12-31,39.68,$21.39,1.85,$18.99,2.09,$-2.59,0.0,$-7.69,0.0,$0.43B,$0.41B,1.03,$2.09B,$1.81B,1.15,$1.61B,$1.35B,83.62%,$1.61B,$-1.08B,-66.87%,$1.61B,$-1.08B,-66.87%,$1.61B,$-0.77B,-47.95%,$1.61B,$-1.17B,-72.64%,$1.61B,$-0.65B,-40.51%,$-0.65B,$1.81B,-30.08%,$-0.65B,$1.81B,-30.15%,$-0.65B,$6.19B,-9.72%,$-1.08B,$3.90B,-25.98%,$375,$42,$333,$0,$133,$681,$-306,$-28,$-333,$-144,$-189,$-189,$-189,$-235,$-306,$85,85,$-2.23,$-2.23,$46,$61,$106,$425,$4883,$0,$5,$560,$5766,$6190,$411,$2085,$551,$3967,$4378,$85,$881,$98,$1813,$6190,$-189,$71,$296,$367,$-31,$3,$-21,$8,$-67,$114,$-176,$0,$0,$0,$0,$0,$-16,$-192,$0,$31,$31,$2,$2,$-33,$0,$0,$-77,$1,$-33
12,2015-09-30,45.97,$23.94,1.92,$20.71,2.22,$-2.51,0.0,$-4.46,0.0,$0.38B,$0.45B,0.84,$2.08B,$2.03B,1.03,$1.76B,$1.41B,80.18%,$1.76B,$-0.61B,-34.70%,$1.76B,$-0.61B,-34.70%,$1.76B,$-0.28B,-15.62%,$1.76B,$-0.70B,-39.64%,$1.76B,$-0.38B,-21.52%,$-0.38B,$2.03B,-16.00%,$-0.38B,$2.02B,-16.04%,$-0.38B,$6.57B,-5.45%,$-0.61B,$4.11B,-14.41%,$301,$5,$296,$0,$134,$628,$-327,$-23,$-350,$-163,$-188,$-188,$-188,$-256,$-327,$84,84,$-2.24,$-2.26,$125,$65,$81,$376,$5332,$0,$5,$534,$6189,$6565,$446,$2084,$540,$4093,$4539,$85,$1103,$93,$2025,$6565,$-379,$336,$763,$1099,$52,$3,$35,$19,$124,$854,$-1018,$0,$0,$0,$0,$0,$-7,$-1025,$445,$-86,$359,$11,$11,$-131,$9,$248,$77,$3,$-131
13,2015-06-30,53.73,$26.59,2.02,$21.46,2.5,$-0.62,0.0,$-1.56,0.0,$0.61B,$0.42B,1.46,$2.10B,$2.25B,0.93,$1.83B,$1.45B,79.58%,$1.83B,$-0.18B,-9.96%,$1.83B,$-0.18B,-9.96%,$1.83B,$0.19B,10.24%,$1.83B,$-0.26B,-14.45%,$1.83B,$-0.13B,-7.33%,$-0.13B,$2.25B,-5.44%,$-0.13B,$2.24B,-5.45%,$-0.13B,$6.89B,-1.91%,$-0.18B,$4.35B,-4.31%,$340,$27,$313,$0,$133,$829,$-489,$-21,$-510,$-217,$-293,$-293,$-293,$-409,$-489,$84,85,$-3.47,$-3.44,$321,$48,$68,$611,$5482,$0,$5,$517,$6278,$6890,$420,$2099,$521,$4222,$4642,$85,$1324,$92,$2247,$6890,$-192,$265,$510,$776,$22,$20,$11,$43,$121,$713,$-719,$0,$0,$0,$0,$0,$-1,$-720,$446,$-86,$360,$9,$9,$-97,$9,$281,$273,$8,$-97
14,2015-03-31,54.68,$30.80,1.78,$22.65,2.41,$0.82,66.87,$2.64,20.71,$0.49B,$0.64B,0.76,$1.65B,$2.60B,0.63,$1.93B,$1.50B,77.58%,$1.93B,$0.43B,22.52%,$1.93B,$0.43B,22.52%,$1.93B,$0.82B,42.55%,$1.93B,$0.35B,18.27%,$1.93B,$0.22B,11.62%,$0.22B,$2.60B,9.00%,$0.22B,$2.59B,9.02%,$0.22B,$7.23B,3.24%,$0.43B,$4.25B,10.50%,$596,$191,$406,$0,$158,$552,$44,$-23,$22,$5,$17,$17,$17,$127,$44,$84,85,$0.20,$0.20,$85,$39,$116,$487,$5897,$0,$5,$567,$6741,$7228,$644,$1649,$507,$3985,$4629,$84,$1651,$127,$2599,$7228,$101,$185,$128,$313,$-88,$29,$63,$20,$88,$508,$-493,$0,$0,$0,$0,$0,$-1,$-495,$0,$72,$72,$4,$4,$-65,$9,$20,$33,$6,$-65
15,2014-12-31,62.62,$30.89,2.03,$24.56,2.55,$2.25,27.8,$3.56,17.59,$0.45B,$0.57B,0.79,$1.65B,$2.60B,0.63,$2.09B,$1.52B,72.93%,$2.09B,$0.57B,27.31%,$2.09B,$0.57B,27.31%,$2.09B,$0.96B,46.14%,$2.09B,$0.49B,23.53%,$2.09B,$0.30B,14.47%,$0.30B,$2.60B,12.51%,$0.30B,$2.60B,12.54%,$0.30B,$7.15B,4.47%,$0.57B,$4.25B,14.04%,$524,$127,$397,$0,$134,$363,$161,$-21,$140,$55,$85,$85,$85,$263,$161,$84,85,$1.01,$1.00,$57,$54,$137,$452,$5854,$0,$5,$559,$6693,$7145,$571,$1649,$481,$3971,$4542,$84,$1667,$122,$2603,$7145,$85,$103,$29,$131,$-61,$9,$19,$7,$-29,$189,$-245,$0,$0,$0,$0,$0,$-1,$-246,$0,$87,$87,$2,$2,$-32,$8,$64,$7,$3,$-32
16,2014-09-30,62.7,$28.65,2.19,$24.91,2.52,$2.69,23.28,$3.53,17.76,$0.38B,$0.49B,0.77,$1.64B,$2.41B,0.68,$2.11B,$1.51B,71.32%,$2.11B,$0.57B,26.98%,$2.11B,$0.57B,26.98%,$2.11B,$0.95B,45.15%,$2.11B,$0.49B,23.14%,$2.11B,$0.30B,14.15%,$0.30B,$2.41B,12.86%,$0.30B,$2.41B,12.89%,$0.30B,$6.73B,4.57%,$0.57B,$4.05B,14.35%,$367,$29,$338,$0,$132,$265,$102,$-18,$84,$27,$57,$57,$57,$206,$102,$84,85,$0.68,$0.67,$40,$67,$80,$377,$5743,$0,$5,$327,$6351,$6728,$491,$1637,$464,$3827,$4317,$84,$1614,$-4,$2411,$6728,$299,$384,$150,$533,$-23,$13,$15,$29,$63,$909,$-914,$0,$0,$0,$0,$0,$6,$-908,$0,$86,$86,$7,$7,$-127,$5,$-29,$-28,$12,$-127
17,2014-06-30,69.76,$27.84,2.51,$24.61,2.83,$3.17,22.01,$3.42,20.4,$0.47B,$0.43B,1.1,$1.65B,$2.34B,0.7,$2.09B,$1.47B,70.70%,$2.09B,$0.57B,27.10%,$2.09B,$0.57B,27.10%,$2.09B,$0.93B,44.65%,$2.09B,$0.48B,23.07%,$2.09B,$0.29B,13.91%,$0.29B,$2.34B,12.77%,$0.29B,$2.34B,12.80%,$0.29B,$6.59B,4.52%,$0.57B,$3.99B,14.41%,$440,$87,$354,$0,$130,$313,$127,$-21,$106,$41,$65,$65,$65,$224,$127,$84,85,$0.77,$0.76,$103,$46,$72,$470,$5538,$0,$5,$294,$6119,$6588,$428,$1649,$470,$3820,$4248,$84,$1589,$-44,$2341,$6588,$242,$280,$127,$407,$-72,$36,$26,$38,$66,$726,$-609,$0,$0,$0,$0,$0,$5,$-605,$0,$0,$0,$7,$7,$-94,$5,$-83,$38,$12,$-94
18,2014-03-31,62.09,$27.38,2.27,$24.65,2.52,$2.68,23.19,$3.35,18.53,$0.63B,$0.51B,1.22,$1.65B,$2.30B,0.72,$2.09B,$1.47B,70.26%,$2.09B,$0.57B,27.10%,$2.09B,$0.57B,27.10%,$2.09B,$0.92B,44.22%,$2.09B,$0.48B,22.97%,$2.09B,$0.28B,13.57%,$0.28B,$2.30B,12.74%,$0.28B,$2.29B,12.78%,$0.28B,$6.57B,4.46%,$0.57B,$3.95B,14.60%,$756,$323,$433,$0,$163,$576,$180,$-19,$161,$66,$95,$95,$95,$270,$180,$84,85,$1.14,$1.12,$151,$29,$140,$627,$5364,$0,$5,$289,$5940,$6567,$513,$1649,$471,$3755,$4268,$84,$1557,$-45,$2300,$6567,$177,$183,$77,$260,$-198,$53,$69,$28,$66,$503,$-367,$0,$0,$0,$0,$0,$5,$-362,$0,$0,$0,$5,$5,$-63,$3,$-55,$86,$8,$-63
19,2013-12-31,62.95,$26.88,2.34,$22.84,2.76,$1.40,45.0,$3.25,19.37,$0.41B,$0.32B,1.26,$1.65B,$2.25B,0.73,$1.93B,$1.42B,73.69%,$1.93B,$0.55B,28.44%,$1.93B,$0.55B,28.44%,$1.93B,$0.90B,46.45%,$1.93B,$0.46B,23.82%,$1.93B,$0.27B,14.22%,$0.27B,$2.25B,12.71%,$0.27B,$2.25B,12.74%,$0.27B,$6.27B,4.37%,$0.55B,$3.90B,14.40%,$550,$168,$382,$0,$129,$389,$161,$-23,$138,$55,$82,$82,$82,$254,$161,$84,85,$0.98,$0.97,$24,$63,$135,$410,$5226,$0,$5,$332,$5855,$6265,$324,$1649,$438,$3690,$4014,$84,$1493,$-22,$2251,$6265,$82,$93,$30,$123,$-92,$18,$39,$0,$-26,$177,$-195,$0,$0,$0,$0,$0,$4,$-191,$0,$0,$0,$2,$2,$-31,$3,$-26,$-41,$3,$-31
20,2013-09-30,59.99,$26.23,2.29,$21.73,2.76,$1.41,42.5,$3.09,19.41,$0.45B,$0.30B,1.49,$1.65B,$2.20B,0.75,$1.83B,$1.37B,74.81%,$1.83B,$0.52B,28.31%,$1.83B,$0.52B,28.31%,$1.83B,$0.85B,46.17%,$1.83B,$0.43B,23.61%,$1.83B,$0.26B,14.21%,$0.26B,$2.20B,12.40%,$0.26B,$2.19B,12.43%,$0.26B,$6.22B,4.17%,$0.52B,$3.84B,14.30%,$339,$34,$305,$0,$122,$242,$97,$-20,$76,$28,$48,$48,$48,$183,$97,$84,84,$0.57,$0.56,$66,$81,$89,$449,$5152,$0,$5,$328,$5770,$6218,$302,$1649,$424,$3721,$4024,$84,$1443,$-19,$2195,$6218,$260,$327,$180,$506,$-17,$-3,$8,$-24,$-43,$739,$-703,$0,$0,$0,$0,$0,$-3,$-706,$245,$-171,$74,$5,$5,$-123,$1,$-42,$-10,$12,$-123
21,2013-06-30,50.0,$25.57,1.96,$21.45,2.33,$-3.49,0.0,$3.10,16.13,$0.43B,$0.27B,1.59,$1.65B,$2.14B,0.77,$1.80B,$1.35B,75.00%,$1.80B,$0.53B,29.27%,$1.80B,$0.53B,29.27%,$1.80B,$0.84B,46.62%,$1.80B,$0.44B,24.61%,$1.80B,$0.26B,14.47%,$0.26B,$2.14B,12.80%,$0.26B,$2.13B,12.83%,$0.26B,$6.34B,4.23%,$0.53B,$3.79B,15.36%,$440,$95,$345,$0,$130,$313,$127,$-23,$104,$46,$58,$58,$58,$215,$127,$84,84,$0.70,$0.69,$135,$54,$60,$429,$5014,$0,$5,$331,$5915,$6344,$269,$1649,$377,$3937,$4207,$84,$1426,$-59,$2137,$6344,$212,$241,$146,$387,$-43,$25,$11,$-10,$-22,$587,$-513,$0,$0,$0,$0,$0,$-4,$-517,$245,$-171,$74,$3,$3,$-91,$4,$-10,$60,$10,$-91
22,2013-03-31,52.27,$24.45,2.14,$20.17,2.59,$-7.19,0.0,$2.93,17.84,$0.49B,$0.37B,1.31,$1.65B,$2.04B,0.81,$1.69B,$1.29B,76.02%,$1.69B,$0.49B,29.00%,$1.69B,$0.49B,29.00%,$1.69B,$0.79B,46.72%,$1.69B,$0.41B,24.16%,$1.69B,$0.25B,14.53%,$0.25B,$2.04B,12.29%,$0.25B,$2.04B,12.32%,$0.25B,$6.28B,4.07%,$0.49B,$3.69B,14.99%,$598,$210,$388,$0,$145,$435,$163,$-22,$141,$55,$86,$86,$86,$243,$163,$83,84,$1.03,$1.02,$113,$46,$93,$490,$4947,$0,$5,$268,$5785,$6275,$373,$1649,$372,$3859,$4233,$84,$1399,$-117,$2042,$6275,$154,$152,$109,$262,$-109,$32,$20,$-37,$-56,$367,$-340,$0,$0,$0,$0,$0,$-3,$-343,$245,$-171,$74,$1,$1,$-61,$0,$14,$38,$7,$-61
23,2012-12-31,42.67,$24.15,1.77,$19.66,2.17,$-9.43,0.0,$2.72,15.69,$0.39B,$0.77B,0.51,$1.15B,$2.02B,0.57,$1.65B,$1.24B,75.47%,$1.65B,$0.46B,27.93%,$1.65B,$0.46B,27.93%,$1.65B,$0.74B,45.11%,$1.65B,$0.38B,23.07%,$1.65B,$0.23B,13.78%,$0.23B,$2.02B,11.45%,$0.23B,$2.01B,11.48%,$0.23B,$6.11B,3.83%,$0.46B,$3.17B,14.69%,$453,$122,$331,$0,$127,$322,$131,$-20,$111,$44,$68,$68,$68,$204,$131,$83,84,$0.81,$0.81,$61,$74,$96,$394,$4856,$0,$5,$294,$5714,$6108,$773,$1149,$361,$3319,$4092,$83,$1344,$-85,$2016,$6108,$68,$72,$44,$117,$-55,$4,$6,$12,$-43,$146,$-163,$0,$0,$0,$0,$0,$-4,$-167,$0,$67,$67,$1,$1,$-61,$0,$7,$-13,$3,$-61
24,2012-09-30,44.87,$23.52,1.91,$19.44,2.31,$-11.06,0.0,$2.64,17.0,$0.36B,$0.73B,0.48,$1.15B,$1.96B,0.59,$1.63B,$1.21B,74.54%,$1.63B,$0.45B,27.49%,$1.63B,$0.45B,27.49%,$1.63B,$0.72B,44.28%,$1.63B,$0.37B,22.76%,$1.63B,$0.22B,13.53%,$0.22B,$1.96B,11.23%,$0.22B,$1.96B,11.26%,$0.22B,$5.94B,3.77%,$0.45B,$3.11B,14.10%,$313,$25,$289,$0,$110,$206,$107,$-20,$88,$39,$49,$49,$49,$179,$107,$83,84,$0.59,$0.57,$75,$78,$76,$356,$4740,$0,$5,$280,$5580,$5935,$734,$1149,$346,$3241,$3975,$83,$1306,$-99,$1960,$5935,$220,$272,$151,$423,$14,$5,$-17,$-6,$11,$659,$-1035,$0,$0,$0,$0,$0,$0,$-1035,$346,$131,$477,$10,$10,$-119,$1,$370,$-6,$8,$-119
25,2012-06-30,38.47,$23.89,1.61,$19.12,2.01,$-7.73,0.0,$2.51,15.33,$0.39B,$0.67B,0.58,$1.15B,$1.99B,0.58,$1.60B,$1.16B,72.73%,$1.60B,$0.42B,25.95%,$1.60B,$0.42B,25.95%,$1.60B,$0.67B,42.03%,$1.60B,$0.34B,21.45%,$1.60B,$0.21B,13.01%,$0.21B,$1.99B,10.71%,$0.21B,$1.98B,10.74%,$0.21B,$5.84B,3.67%,$0.42B,$3.14B,13.42%,$329,$50,$279,$0,$114,$239,$90,$-21,$69,$26,$43,$43,$43,$165,$90,$83,84,$0.52,$0.52,$144,$53,$63,$388,$4621,$0,$5,$334,$5448,$5837,$667,$1149,$332,$3181,$3848,$83,$1288,$-48,$1989,$5837,$171,$200,$103,$303,$23,$31,$-6,$25,$93,$574,$-810,$0,$0,$0,$0,$0,$-1,$-811,$346,$30,$376,$8,$8,$-88,$2,$298,$60,$0,$-88
26,2012-03-31,38.8,$23.65,1.64,$19.73,1.97,$-4.65,0.0,$2.55,15.21,$0.52B,$0.73B,0.71,$1.15B,$1.97B,0.58,$1.65B,$1.15B,69.78%,$1.65B,$0.42B,25.44%,$1.65B,$0.42B,25.44%,$1.65B,$0.66B,39.92%,$1.65B,$0.35B,21.32%,$1.65B,$0.21B,12.84%,$0.21B,$1.97B,11.11%,$0.21B,$1.96B,11.15%,$0.21B,$5.84B,3.87%,$0.42B,$3.12B,14.03%,$552,$209,$344,$0,$149,$420,$132,$-20,$112,$45,$67,$67,$67,$195,$132,$83,84,$0.81,$0.81,$211,$45,$72,$516,$4430,$0,$5,$371,$5319,$5835,$726,$1149,$327,$3142,$3869,$83,$1275,$-52,$1967,$5835,$128,$126,$81,$206,$-51,$37,$-11,$-18,$18,$357,$-517,$0,$0,$0,$0,$0,$-1,$-518,$346,$-20,$326,$5,$5,$-59,$1,$273,$112,$-1,$-59
27,2011-12-31,44.15,$23.14,1.91,$21.03,2.1,$-3.32,0.0,$3.12,14.15,$0.59B,$0.42B,1.4,$1.40B,$1.92B,0.73,$1.76B,$1.16B,66.02%,$1.76B,$0.44B,25.11%,$1.76B,$0.44B,25.11%,$1.76B,$0.68B,38.52%,$1.76B,$0.43B,24.32%,$1.76B,$0.26B,14.83%,$0.26B,$1.92B,13.96%,$0.26B,$1.92B,14.00%,$0.26B,$5.75B,4.90%,$0.44B,$3.32B,15.27%,$432,$132,$300,$0,$119,$314,$118,$-17,$101,$41,$61,$61,$61,$181,$118,$83,84,$0.73,$0.73,$249,$78,$94,$589,$4228,$0,$5,$350,$5159,$5748,$421,$1399,$388,$3406,$3827,$83,$1237,$-53,$1921,$5748,$61,$63,$39,$102,$-51,$-2,$-5,$-4,$-69,$96,$-249,$0,$0,$0,$0,$0,$-1,$-250,$346,$-20,$326,$2,$2,$-29,$0,$298,$144,$0,$-29
28,2011-09-30,38.18,$22.85,1.67,$21.27,1.79,$-2.76,0.0,$3.09,12.35,$0.41B,$0.54B,0.76,$0.90B,$1.89B,0.48,$1.78B,$1.15B,64.64%,$1.78B,$0.44B,24.79%,$1.78B,$0.44B,24.79%,$1.78B,$0.67B,37.55%,$1.78B,$0.42B,23.83%,$1.78B,$0.26B,14.56%,$0.26B,$1.89B,14.16%,$0.26B,$1.89B,14.21%,$0.26B,$5.22B,5.05%,$0.44B,$2.79B,16.17%,$286,$46,$240,$0,$109,$211,$75,$-15,$61,$23,$37,$37,$37,$131,$75,$83,84,$0.45,$0.45,$100,$82,$82,$412,$4001,$0,$5,$313,$4809,$5221,$542,$899,$294,$2787,$3329,$83,$1206,$-48,$1892,$5221,$258,$227,$122,$349,$4,$-10,$14,$53,$39,$654,$-751,$0,$0,$0,$59,$59,$-3,$-694,$-200,$40,$-160,$-1,$-1,$-115,$-1,$-276,$-317,$8,$-115
29,2011-06-30,56.29,$22.38,2.52,$21.32,2.64,$-1.09,0.0,$3.10,18.16,$0.52B,$0.51B,1.02,$0.90B,$1.85B,0.49,$1.78B,$1.14B,64.02%,$1.78B,$0.44B,24.73%,$1.78B,$0.44B,24.73%,$1.78B,$0.66B,37.10%,$1.78B,$0.42B,23.44%,$1.78B,$0.26B,14.61%,$0.26B,$1.85B,14.51%,$0.26B,$1.85B,14.56%,$0.26B,$5.13B,5.10%,$0.44B,$2.75B,16.12%,$381,$113,$268,$0,$116,$286,$95,$-17,$78,$31,$47,$47,$47,$152,$95,$83,84,$0.57,$0.56,$223,$51,$58,$521,$3785,$1,$5,$291,$4612,$5133,$513,$899,$362,$2769,$3283,$83,$1198,$-75,$1851,$5133,$221,$171,$91,$261,$-26,$22,$6,$21,$47,$536,$-514,$0,$0,$0,$59,$59,$-3,$-458,$-200,$0,$-200,$-4,$-4,$-85,$-1,$-291,$-212,$0,$-85
30,2011-03-31,56.66,$22.01,2.57,$21.01,2.7,$-0.24,0.0,$3.05,18.58,$0.62B,$0.60B,1.03,$0.90B,$1.82B,0.5,$1.75B,$1.13B,64.34%,$1.75B,$0.43B,24.80%,$1.75B,$0.43B,24.80%,$1.75B,$0.65B,37.03%,$1.75B,$0.41B,23.26%,$1.75B,$0.26B,14.63%,$0.26B,$1.82B,14.50%,$0.26B,$1.81B,14.60%,$0.26B,$5.18B,5.06%,$0.43B,$2.72B,15.85%,$661,$307,$354,$0,$141,$507,$154,$34,$188,$72,$116,$116,$116,$214,$154,$82,84,$1.40,$1.38,$207,$44,$107,$620,$3734,$1,$5,$287,$4563,$5183,$604,$899,$392,$2763,$3367,$83,$1181,$-93,$1817,$5183,$174,$113,$56,$169,$-123,$30,$33,$-26,$-6,$343,$-392,$0,$0,$0,$59,$59,$-3,$-336,$-200,$0,$-200,$-3,$-3,$-57,$0,$-260,$-252,$0,$-57
31,2010-12-31,49.75,$21.31,2.33,$21.20,2.35,$0.94,53.09,$2.64,18.85,$0.53B,$0.53B,0.99,$0.90B,$1.76B,0.51,$1.76B,$1.11B,63.01%,$1.76B,$0.43B,24.59%,$1.76B,$0.43B,24.59%,$1.76B,$0.63B,36.03%,$1.76B,$0.35B,19.86%,$1.76B,$0.22B,12.52%,$0.22B,$1.76B,12.66%,$0.22B,$1.75B,12.78%,$0.22B,$4.98B,4.39%,$0.43B,$2.65B,15.71%,$451,$163,$288,$0,$117,$334,$117,$-21,$97,$38,$59,$59,$59,$171,$117,$82,83,$0.71,$0.70,$111,$79,$166,$526,$3601,$14,$5,$292,$4456,$4982,$532,$899,$384,$2695,$3227,$82,$1093,$-65,$1755,$4982,$59,$53,$37,$90,$-54,$-6,$29,$-21,$-65,$87,$-194,$0,$0,$0,$0,$0,$-0,$-194,$-200,$21,$-180,$-3,$-3,$-28,$0,$-211,$-318,$0,$-28
32,2010-09-30,38.87,$21.27,1.83,$21.32,1.82,$2.29,17.0,$2.72,14.29,$0.78B,$0.52B,1.48,$1.05B,$1.75B,0.6,$1.76B,$1.10B,62.61%,$1.76B,$0.44B,25.06%,$1.76B,$0.44B,25.06%,$1.76B,$0.63B,35.97%,$1.76B,$0.36B,20.23%,$1.76B,$0.23B,12.78%,$0.23B,$1.75B,13.17%,$0.23B,$1.74B,13.34%,$0.23B,$5.11B,4.53%,$0.44B,$2.80B,16.00%,$286,$57,$229,$0,$106,$212,$74,$-20,$54,$22,$32,$32,$38,$123,$74,$81,83,$0.47,$0.47,$408,$74,$137,$775,$3450,$15,$5,$307,$4330,$5106,$524,$1049,$385,$2835,$3360,$82,$1063,$-45,$1746,$5106,$226,$192,$111,$303,$10,$7,$-5,$-35,$-91,$447,$-405,$0,$0,$0,$16,$16,$-0,$-390,$0,$0,$0,$26,$26,$-110,$13,$-70,$-13,$0,$-110
33,2010-06-30,33.96,$21.25,1.6,$21.24,1.6,$5.52,6.15,$2.59,13.11,$0.76B,$0.49B,1.55,$1.05B,$1.74B,0.6,$1.75B,$1.09B,62.39%,$1.75B,$0.44B,24.96%,$1.75B,$0.44B,24.96%,$1.75B,$0.62B,35.72%,$1.75B,$0.35B,19.98%,$1.75B,$0.21B,12.25%,$0.21B,$1.74B,12.82%,$0.21B,$1.72B,13.03%,$0.21B,$4.95B,4.38%,$0.44B,$2.79B,15.75%,$352,$97,$255,$0,$115,$263,$89,$-21,$68,$26,$43,$43,$43,$140,$89,$82,83,$0.52,$0.51,$469,$60,$56,$761,$3354,$14,$26,$270,$4188,$4949,$490,$1049,$369,$2717,$3208,$82,$1053,$-38,$1742,$4949,$188,$142,$52,$194,$7,$20,$0,$27,$31,$420,$-328,$0,$0,$0,$0,$0,$-0,$-328,$0,$0,$0,$27,$27,$-81,$13,$-41,$51,$0,$-81
34,2010-03-31,36.88,$21.03,1.75,$21.56,1.71,$7.86,4.69,$2.61,14.13,$0.84B,$0.58B,1.45,$1.05B,$1.71B,0.61,$1.76B,$1.08B,61.01%,$1.76B,$0.43B,24.63%,$1.76B,$0.43B,24.63%,$1.76B,$0.62B,34.90%,$1.76B,$0.35B,19.75%,$1.76B,$0.21B,12.15%,$0.21B,$1.71B,13.03%,$0.21B,$1.68B,13.25%,$0.21B,$4.99B,4.52%,$0.43B,$2.76B,15.55%,$668,$333,$335,$0,$137,$516,$152,$-22,$130,$50,$80,$80,$80,$199,$152,$81,83,$0.99,$0.97,$442,$42,$89,$841,$3295,$14,$26,$283,$4144,$4986,$580,$1049,$369,$2697,$3277,$81,$1039,$-39,$1709,$4986,$145,$92,$30,$121,$-102,$38,$12,$9,$7,$279,$-231,$0,$0,$0,$0,$0,$-0,$-231,$11,$0,$11,$0,$0,$-54,$13,$-30,$19,$0,$-54
35,2009-12-31,36.0,$20.18,1.78,$23.52,1.53,$9.23,3.9,$2.56,14.06,$0.83B,$0.52B,1.6,$1.05B,$1.64B,0.64,$1.90B,$1.06B,55.77%,$1.90B,$0.42B,22.12%,$1.90B,$0.42B,22.12%,$1.90B,$0.60B,31.38%,$1.90B,$0.34B,17.85%,$1.90B,$0.21B,10.90%,$0.21B,$1.64B,12.75%,$0.21B,$1.61B,12.98%,$0.21B,$4.82B,4.57%,$0.42B,$2.68B,15.21%,$454,$171,$283,$0,$112,$328,$126,$-22,$104,$40,$64,$64,$64,$171,$126,$81,82,$0.80,$0.78,$407,$78,$119,$829,$3166,$15,$27,$255,$3989,$4818,$517,$1049,$395,$2666,$3183,$81,$986,$-53,$1635,$4818,$64,$45,$9,$54,$-68,$3,$11,$20,$-58,$68,$-62,$0,$0,$0,$0,$0,$-0,$-62,$0,$0,$0,$4,$4,$-27,$13,$-10,$-4,$-13,$-27
36,2009-09-30,32.56,$19.74,1.65,$25.56,1.27,$9.35,3.48,$1.25,26.04,$0.78B,$0.32B,2.44,$1.25B,$1.59B,0.79,$2.05B,$1.05B,51.36%,$2.05B,$0.41B,19.98%,$2.05B,$0.41B,19.98%,$2.05B,$0.58B,28.46%,$2.05B,$0.16B,7.65%,$2.05B,$0.10B,4.87%,$0.10B,$1.59B,6.20%,$0.10B,$1.56B,6.31%,$0.10B,$4.77B,2.28%,$0.41B,$2.84B,14.98%,$273,$56,$217,$0,$105,$204,$69,$-22,$47,$17,$30,$30,$27,$114,$69,$80,81,$0.34,$0.33,$411,$80,$87,$777,$3133,$15,$27,$283,$3992,$4769,$319,$1249,$384,$2861,$3180,$81,$948,$-42,$1589,$4769,$101,$173,$176,$349,$48,$44,$-61,$-5,$142,$612,$-310,$0,$0,$0,$-35,$-35,$-3,$-348,$148,$0,$148,$28,$28,$-104,$6,$78,$342,$0,$-104
37,2009-06-30,25.27,$20.46,1.24,$26.85,0.94,$6.69,3.78,$1.44,17.55,$0.78B,$0.36B,2.13,$1.25B,$1.64B,0.76,$2.17B,$1.08B,49.47%,$2.17B,$0.42B,19.24%,$2.17B,$0.42B,19.24%,$2.17B,$0.59B,27.06%,$2.17B,$0.18B,8.10%,$2.17B,$0.12B,5.34%,$0.12B,$1.64B,7.17%,$0.12B,$1.61B,7.31%,$0.12B,$4.36B,2.74%,$0.42B,$2.88B,15.60%,$367,$127,$240,$0,$109,$280,$87,$-21,$67,$24,$43,$43,$43,$131,$87,$80,80,$0.54,$0.53,$442,$52,$49,$777,$3068,$15,$30,$246,$3579,$4355,$364,$1249,$328,$2357,$2721,$80,$948,$17,$1635,$4355,$74,$128,$93,$221,$-6,$71,$-82,$18,$208,$514,$-237,$0,$0,$-2,$0,$-2,$-2,$-240,$148,$0,$148,$15,$15,$-77,$6,$91,$365,$0,$-77
38,2009-03-31,21.09,$20.59,1.02,$28.83,0.73,$5.10,4.14,$1.63,12.94,$0.59B,$0.43B,1.36,$1.00B,$1.64B,0.61,$2.35B,$1.11B,47.15%,$2.35B,$0.44B,18.78%,$2.35B,$0.44B,18.78%,$2.35B,$0.61B,25.96%,$2.35B,$0.21B,8.75%,$2.35B,$0.13B,5.65%,$0.13B,$1.64B,8.29%,$0.13B,$1.61B,8.46%,$0.13B,$4.20B,3.16%,$0.44B,$2.64B,16.98%,$805,$485,$319,$0,$139,$666,$138,$-17,$121,$47,$73,$73,$73,$180,$138,$80,80,$0.92,$0.92,$108,$40,$112,$591,$3058,$14,$31,$289,$3605,$4196,$433,$999,$321,$2125,$2559,$80,$932,$44,$1637,$4196,$31,$84,$99,$183,$-150,$79,$-45,$-3,$116,$338,$-181,$0,$0,$0,$0,$0,$-1,$-182,$-100,$0,$-100,$7,$7,$-52,$6,$-139,$18,$0,$-52
39,2008-12-31,21.11,$20.05,1.05,$29.17,0.72,$5.07,4.17,$1.82,11.6,$0.63B,$0.51B,1.24,$1.00B,$1.59B,0.63,$2.44B,$1.15B,47.02%,$2.44B,$0.47B,19.47%,$2.44B,$0.47B,19.47%,$2.44B,$0.64B,26.41%,$2.44B,$0.24B,9.94%,$2.44B,$0.16B,6.37%,$0.16B,$1.59B,9.67%,$0.16B,$1.56B,9.87%,$0.16B,$4.22B,3.69%,$0.47B,$2.59B,18.40%,$607,$329,$278,$0,$120,$491,$116,$-194,$-78,$-35,$-43,$-43,$-43,$159,$116,$79,80,$-0.54,$-0.53,$140,$90,$163,$628,$3044,$13,$31,$292,$3596,$4224,$509,$999,$311,$2121,$2630,$80,$884,$50,$1594,$4224,$-43,$42,$110,$152,$-99,$21,$4,$27,$-16,$100,$-84,$0,$0,$0,$0,$0,$-1,$-85,$7,$66,$73,$0,$0,$-26,$6,$53,$68,$0,$-26
40,2008-09-30,27.81,$20.27,1.37,$28.22,0.99,$4.95,5.62,$3.17,8.77,$0.50B,$0.38B,1.33,$1.00B,$1.60B,0.62,$2.40B,$1.16B,48.29%,$2.40B,$0.48B,20.20%,$2.40B,$0.48B,20.20%,$2.40B,$0.65B,27.30%,$2.40B,$0.44B,18.20%,$2.40B,$0.27B,11.23%,$0.27B,$1.60B,16.53%,$0.27B,$1.57B,16.88%,$0.27B,$4.13B,6.47%,$0.48B,$2.60B,18.97%,$394,$156,$238,$0,$121,$318,$77,$-11,$66,$24,$41,$41,$43,$118,$77,$82,84,$0.55,$0.53,$68,$119,$127,$499,$3154,$16,$32,$214,$3631,$4130,$375,$999,$307,$2152,$2527,$79,$954,$3,$1604,$4130,$269,$171,$58,$229,$-17,$-22,$33,$-2,$-20,$483,$-392,$0,$0,$0,$0,$0,$63,$-329,$97,$0,$97,$-220,$-220,$-104,$16,$-210,$-57,$0,$-104
41,2008-06-30,38.64,$19.44,1.99,$27.09,1.43,$5.31,7.28,$4.49,8.61,$0.82B,$0.64B,1.29,$1.00B,$1.58B,0.63,$2.30B,$1.14B,49.57%,$2.30B,$0.48B,20.88%,$2.30B,$0.48B,20.88%,$2.30B,$0.65B,28.39%,$2.30B,$0.43B,18.53%,$2.30B,$0.38B,16.67%,$0.38B,$1.58B,23.51%,$0.38B,$1.55B,24.00%,$0.38B,$4.29B,9.38%,$0.48B,$2.58B,19.18%,$548,$273,$275,$0,$122,$437,$111,$-14,$97,$37,$60,$60,$60,$154,$111,$81,84,$0.74,$0.72,$290,$87,$57,$821,$3044,$17,$32,$188,$3473,$4294,$635,$999,$286,$2076,$2710,$81,$1024,$-106,$1584,$4294,$225,$129,$13,$142,$-129,$15,$53,$13,$49,$415,$-259,$0,$0,$58,$0,$58,$-3,$-204,$97,$0,$97,$-112,$-112,$-77,$16,$-77,$134,$0,$-77
42,2008-03-31,30.33,$19.95,1.52,$25.78,1.18,$5.82,5.21,$4.32,7.02,$0.79B,$0.58B,1.37,$0.90B,$1.63B,0.55,$2.21B,$1.10B,49.75%,$2.21B,$0.45B,20.59%,$2.21B,$0.45B,20.59%,$2.21B,$0.63B,28.34%,$2.21B,$0.40B,18.00%,$2.21B,$0.37B,16.83%,$0.37B,$1.63B,22.82%,$0.37B,$1.60B,23.31%,$0.37B,$4.16B,9.35%,$0.45B,$2.53B,18.53%,$886,$531,$354,$0,$142,$716,$170,$-13,$157,$62,$95,$95,$95,$212,$170,$83,85,$1.14,$1.11,$219,$57,$107,$788,$2943,$17,$33,$183,$3375,$4163,$576,$899,$283,$1959,$2534,$82,$1008,$-42,$1629,$4163,$166,$87,$-2,$85,$-246,$45,$40,$31,$57,$307,$-142,$0,$0,$58,$0,$58,$2,$-82,$-0,$0,$-0,$-97,$-97,$-52,$16,$-133,$92,$0,$-52
43,2007-12-31,29.6,$20.14,1.47,$24.79,1.19,$5.59,5.29,$4.13,7.17,$0.68B,$0.50B,1.34,$0.80B,$1.69B,0.47,$2.12B,$1.06B,50.26%,$2.12B,$0.43B,20.12%,$2.12B,$0.43B,20.12%,$2.12B,$0.60B,28.20%,$2.12B,$0.37B,17.34%,$2.12B,$0.35B,16.72%,$0.35B,$1.69B,22.20%,$0.35B,$1.66B,22.69%,$0.35B,$4.03B,9.03%,$0.43B,$2.49B,17.43%,$568,$278,$290,$0,$120,$442,$126,$-10,$116,$45,$71,$71,$71,$170,$126,$84,86,$0.84,$0.82,$192,$102,$123,$677,$2909,$18,$34,$194,$3355,$4031,$504,$799,$268,$1837,$2340,$84,$1028,$-16,$1691,$4031,$71,$44,$-11,$34,$-128,$-0,$42,$28,$-34,$75,$-68,$0,$0,$58,$0,$58,$-1,$-11,$10,$0,$10,$0,$0,$-26,$16,$0,$65,$0,$-26
44,2007-09-30,29.29,$19.53,1.5,$23.96,1.22,$5.27,5.55,$3.95,7.42,$0.55B,$0.44B,1.26,$0.80B,$1.63B,0.49,$2.04B,$1.02B,50.10%,$2.04B,$0.40B,19.46%,$2.04B,$0.40B,19.46%,$2.04B,$0.57B,27.75%,$2.04B,$0.33B,16.32%,$2.04B,$0.34B,16.57%,$0.34B,$1.63B,22.01%,$0.34B,$1.60B,22.53%,$0.34B,$3.89B,8.76%,$0.40B,$2.43B,16.15%,$302,$79,$223,$0,$107,$229,$74,$-16,$57,$23,$34,$34,$158,$118,$74,$83,85,$1.89,$1.85,$191,$102,$81,$554,$2878,$18,$34,$199,$3334,$3888,$439,$799,$258,$1819,$2258,$83,$984,$-6,$1630,$3888,$337,$171,$-124,$47,$6,$-6,$-26,$26,$-6,$394,$-272,$0,$232,$0,$-3,$-3,$-59,$-102,$-120,$0,$-120,$-31,$-31,$-101,$14,$-237,$55,$0,$-101
45,2007-06-30,26.74,$18.58,1.44,$23.00,1.16,$5.90,4.54,$2.13,12.55,$0.49B,$0.49B,0.99,$0.80B,$1.55B,0.52,$1.96B,$0.94B,48.06%,$1.96B,$0.36B,18.32%,$1.96B,$0.36B,18.32%,$1.96B,$0.53B,26.99%,$1.96B,$0.36B,18.47%,$1.96B,$0.18B,9.29%,$0.18B,$1.55B,12.22%,$0.18B,$1.52B,12.52%,$0.18B,$3.79B,4.75%,$0.36B,$2.35B,14.44%,$449,$219,$230,$0,$108,$365,$84,$-17,$67,$26,$41,$41,$47,$125,$84,$83,86,$0.56,$0.55,$66,$61,$47,$489,$2968,$16,$35,$189,$3304,$3793,$493,$799,$253,$1748,$2241,$84,$856,$44,$1552,$3793,$180,$126,$12,$138,$-44,$35,$-13,$31,$82,$405,$-201,$0,$0,$0,$-3,$-3,$-1,$-206,$-120,$0,$-120,$-27,$-27,$-75,$14,$-207,$-7,$0,$-75
46,2007-03-31,26.33,$18.11,1.45,$22.59,1.17,$5.75,4.58,$1.58,16.66,$0.70B,$0.53B,1.34,$1.00B,$1.51B,0.66,$1.93B,$0.94B,48.96%,$1.93B,$0.35B,17.96%,$1.93B,$0.35B,17.96%,$1.93B,$0.52B,27.10%,$1.93B,$0.29B,14.90%,$1.93B,$0.14B,7.01%,$0.14B,$1.51B,9.40%,$0.14B,$1.47B,9.66%,$0.14B,$3.96B,3.53%,$0.35B,$2.51B,13.78%,$798,$477,$321,$0,$140,$656,$142,$-15,$127,$52,$75,$75,$78,$184,$142,$83,85,$0.95,$0.92,$124,$49,$104,$704,$2927,$16,$36,$182,$3257,$3961,$526,$999,$249,$1930,$2455,$83,$835,$22,$1506,$3961,$133,$85,$7,$92,$-196,$47,$34,$10,$46,$275,$-130,$0,$0,$0,$-3,$-3,$-0,$-134,$-23,$0,$-23,$-29,$-29,$-50,$14,$-88,$52,$0,$-50
47,2006-12-31,23.13,$17.61,1.31,$23.54,0.98,$5.30,4.36,$1.57,14.74,$0.57B,$0.34B,1.68,$1.10B,$1.46B,0.75,$2.02B,$0.95B,46.85%,$2.02B,$0.34B,16.99%,$2.02B,$0.34B,16.99%,$2.02B,$0.52B,25.80%,$2.02B,$0.28B,13.92%,$2.02B,$0.14B,6.74%,$0.14B,$1.46B,9.67%,$0.14B,$1.42B,9.97%,$0.14B,$3.80B,3.57%,$0.34B,$2.55B,13.67%,$491,$243,$248,$0,$112,$394,$97,$-15,$82,$31,$51,$51,$55,$139,$97,$83,85,$0.66,$0.64,$57,$91,$152,$570,$2895,$13,$36,$198,$3229,$3799,$340,$1095,$247,$2005,$2345,$83,$782,$33,$1455,$3799,$55,$43,$-3,$40,$-92,$5,$12,$15,$-58,$43,$-63,$0,$0,$0,$-2,$-2,$-0,$-65,$-23,$72,$49,$-36,$-36,$-25,$14,$1,$-22,$0,$-25
