,Date,Stock Price,Book Value per Share,Price to Book Ratio,TTM Sales per Share,Price to Sales Ratio,TTM FCF per Share,Price to FCF Ratio,TTM Net EPS,PE Ratio,Current Assets,Current Liabilities,Current Ratio,Long Term Debt,Shareholder's Equity_x,Debt to Equity Ratio,TTM Revenue_x,TTM Gross Profit,Gross Margin,TTM Revenue_y,TTM Operating Income,Operating Margin,TTM Revenue_x,TTM EBIT,EBIT Margin,TTM Revenue_y,TTM EBITDA,EBITDA Margin,TTM Revenue_x,TTM Pre-Tax Income,Pre-Tax Margin,TTM Revenue_y,TTM Net Income_x,Net Margin,TTM Net Income_y,Shareholder's Equity_y,Return on Equity,TTM Net Income_x,Tangible Equity,Return on Tangible Equity,TTM Net Income_y,Total Assets,Return on Assets,TTM Net Income,LT Investments & Debt,Return on Investment,revenue,cost-goods-sold,gross-profit,research-development-expenses,selling-general-administrative-expenses,operating-expenses,operating-income,total-non-operating-income-expense,pre-tax-income,total-provision-income-taxes,income-after-taxes,income-from-continuous-operations,net-income,ebitda,ebit,basic-shares-outstanding,shares-outstanding,eps-basic-net-earnings-per-share,eps-earnings-per-share-diluted,cash-on-hand,inventory,other-current-assets,total-current-assets,net-property-plant-equipment,long-term-investments,goodwill-intangible-assets-total,other-long-term-assets,total-long-term-assets,total-assets,total-current-liabilities,long-term-debt,other-non-current-liabilities,total-long-term-liabilities,total-liabilities,common-stock-net,retained-earnings-accumulated-deficit,comprehensive-income,total-share-holder-equity,total-liabilities-share-holders-equity,net-income-loss,total-depreciation-amortization-cash-flow,other-non-cash-items,total-non-cash-items,change-in-accounts-receivable,change-in-inventories,change-in-accounts-payable,change-in-assets-liabilities,total-change-in-assets-liabilities,cash-flow-from-operating-activities,net-change-in-property-plant-equipment,net-change-in-intangible-assets,net-acquisitions-divestitures,net-change-in-short-term-investments,net-change-in-long-term-investments,net-change-in-investments-total,investing-activities-other,cash-flow-from-investing-activities,net-long-term-debt,net-current-debt,debt-issuance-retirement-net-total,net-common-equity-issued-repurchased,net-total-equity-issued-repurchased,total-common-preferred-stock-dividends-paid,financial-activities-other,cash-flow-from-financial-activities,net-cash-flow,stock-based-compensation,common-stock-dividends-paid
0,2018-09-30,374.13,$11.49,32.57,$33.07,11.31,$-10.24,0.0,$2.79,134.1,$8.73B,$6.30B,1.39,$8.34B,$5.01B,1.66,$14.89B,$5.89B,39.53%,$14.89B,$1.64B,10.98%,$14.89B,$1.64B,10.98%,$14.89B,$8.95B,60.11%,$14.89B,$1.24B,8.32%,$14.89B,$1.26B,8.48%,$1.26B,$5.01B,29.53%,$1.26B,$5.01B,29.53%,$1.26B,$23.37B,5.93%,$1.64B,$13.35B,13.97%,$3999,$2412,$1587,$327,$779,$3519,$481,$-102,$379,$-24,$403,$403,$403,$2424,$481,$436,452,$0.92,$0.89,$3068,$0,$5662,$8730,$371,$0,$0,$14265,$14636,$23366,$6298,$8337,$3722,$12058,$18357,$2216,$2808,$-15,$5010,$23366,$1077,$5571,$-9119,$-3549,$0,$0,$77,$748,$1026,$-1445,$-104,$-31,$0,$0,$0,$0,$-124,$-259,$1900,$0,$1900,$113,$113,$0,$-18,$1995,$256,$232,$0
1,2018-06-30,391.43,$10.33,37.91,$30.90,12.67,$-10.05,0.0,$2.19,178.74,$9.35B,$6.08B,1.54,$8.34B,$4.50B,1.86,$13.88B,$5.29B,38.13%,$13.88B,$1.36B,9.82%,$13.88B,$1.36B,9.82%,$13.88B,$8.40B,60.50%,$13.88B,$0.98B,7.03%,$13.88B,$0.99B,7.13%,$0.99B,$4.50B,25.67%,$0.99B,$4.50B,25.67%,$0.99B,$22.66B,5.03%,$1.36B,$12.84B,13.07%,$3907,$2290,$1617,$317,$838,$3445,$462,$-34,$429,$44,$384,$384,$384,$2311,$462,$435,452,$0.88,$0.85,$3906,$0,$5441,$9347,$350,$0,$0,$12967,$13317,$22664,$6080,$8342,$3745,$12087,$18167,$2103,$2406,$-12,$4497,$22664,$674,$3628,$-5925,$-2297,$0,$0,$82,$719,$867,$-755,$-64,$-23,$0,$0,$0,$0,$-2,$-90,$1900,$0,$1900,$83,$83,$0,$-18,$1965,$1091,$150,$0
2,2018-03-31,295.35,$9.25,31.93,$28.49,10.37,$-10.47,0.0,$1.49,198.22,$7.82B,$6.01B,1.3,$6.54B,$4.02B,1.63,$12.76B,$4.56B,35.73%,$12.76B,$1.03B,8.07%,$12.76B,$1.03B,8.07%,$12.76B,$7.80B,61.14%,$12.76B,$0.56B,4.40%,$12.76B,$0.67B,5.27%,$0.67B,$4.02B,19.14%,$0.67B,$4.02B,19.14%,$0.67B,$20.15B,3.70%,$1.03B,$10.56B,11.18%,$3701,$2196,$1505,$301,$757,$3254,$447,$-147,$300,$9,$290,$290,$290,$2226,$447,$434,450,$0.67,$0.64,$2594,$0,$5224,$7818,$342,$0,$0,$11993,$12335,$20153,$6006,$6542,$3584,$10126,$16132,$1995,$2021,$4,$4021,$20153,$290,$1779,$-2891,$-1112,$0,$0,$74,$392,$585,$-237,$-37,$-11,$0,$0,$0,$0,$-2,$-50,$0,$0,$0,$56,$56,$0,$-0,$56,$-223,$68,$0
3,2017-12-31,191.96,$8.26,23.23,$26.19,7.33,$-10.75,0.0,$1.25,153.57,$7.67B,$5.47B,1.4,$6.50B,$3.58B,1.81,$11.69B,$4.03B,34.49%,$11.69B,$0.84B,7.18%,$11.69B,$0.84B,7.18%,$11.69B,$7.17B,61.32%,$11.69B,$0.49B,4.15%,$11.69B,$0.56B,4.79%,$0.56B,$3.58B,17.24%,$0.56B,$3.58B,17.24%,$0.56B,$19.01B,3.35%,$0.84B,$10.08B,10.30%,$3286,$2107,$1178,$273,$660,$3040,$245,$-114,$131,$-54,$186,$186,$186,$1991,$245,$432,447,$0.43,$0.41,$2823,$0,$4847,$7670,$319,$0,$0,$11023,$11343,$19013,$5466,$6499,$3465,$9964,$15431,$1871,$1731,$-21,$3582,$19013,$559,$6330,$-9634,$-3304,$0,$0,$75,$770,$959,$-1786,$-173,$-54,$0,$268,$0,$268,$-7,$34,$3021,$0,$3021,$88,$88,$0,$-32,$3077,$1355,$182,$0
4,2017-09-30,181.35,$7.69,23.59,$24.48,7.41,$-9.97,0.0,$0.99,183.18,$6.39B,$5.31B,1.2,$4.89B,$3.33B,1.47,$10.89B,$3.68B,33.79%,$10.89B,$0.75B,6.87%,$10.89B,$0.75B,6.87%,$10.89B,$10.16B,93.29%,$10.89B,$0.44B,4.08%,$10.89B,$0.44B,4.05%,$0.44B,$3.33B,14.59%,$0.44B,$3.33B,14.59%,$0.44B,$16.95B,2.87%,$0.75B,$8.22B,10.48%,$2985,$1993,$992,$255,$528,$2776,$209,$-92,$116,$-13,$130,$130,$130,$1869,$209,$432,447,$0.30,$0.29,$1746,$0,$4639,$6385,$322,$0,$0,$10244,$10566,$16952,$5311,$4889,$3425,$8314,$13624,$1807,$1546,$-25,$3327,$16952,$373,$4585,$-7141,$-2556,$0,$0,$11,$754,$884,$-1298,$-152,$-43,$0,$268,$0,$268,$-3,$70,$1421,$0,$1421,$74,$74,$0,$-15,$1479,$279,$134,$0
5,2017-06-30,149.41,$7.21,20.73,$23.03,6.49,$-8.93,0.0,$0.82,182.21,$6.70B,$5.12B,1.31,$4.84B,$3.11B,1.55,$10.19B,$3.44B,33.79%,$10.19B,$0.65B,6.33%,$10.19B,$0.65B,6.33%,$10.19B,$6.19B,60.77%,$10.19B,$0.41B,3.99%,$10.19B,$0.36B,3.56%,$0.36B,$3.11B,12.85%,$0.36B,$3.11B,31.44%,$0.36B,$16.52B,2.56%,$0.65B,$7.95B,10.22%,$2785,$1902,$883,$267,$488,$2658,$128,$-114,$14,$-52,$66,$66,$66,$1714,$128,$431,446,$0.15,$0.15,$2165,$0,$4536,$6701,$310,$0,$0,$9507,$9816,$16517,$5123,$4837,$3445,$8282,$13405,$1728,$1416,$-31,$3113,$16517,$244,$2925,$-4874,$-1949,$0,$0,$-23,$805,$827,$-878,$-118,$-33,$0,$21,$0,$21,$-2,$-132,$1421,$0,$1421,$39,$39,$0,$-15,$1445,$451,$89,$0
6,2017-03-31,147.81,$6.90,21.42,$21.60,6.84,$-7.78,0.0,$0.76,194.49,$5.66B,$4.91B,1.15,$3.37B,$2.97B,1.13,$9.51B,$3.19B,33.56%,$9.51B,$0.59B,6.17%,$9.51B,$0.59B,6.17%,$9.51B,$5.76B,60.55%,$9.51B,$0.44B,4.67%,$9.51B,$0.34B,3.55%,$0.34B,$2.97B,12.76%,$0.34B,$2.97B,-74.20%,$0.34B,$14.36B,2.61%,$0.59B,$6.34B,10.64%,$2637,$1657,$980,$257,$466,$2380,$257,$-33,$224,$46,$178,$178,$178,$1596,$257,$431,445,$0.41,$0.40,$1341,$0,$4319,$5660,$275,$0,$0,$8424,$8699,$14359,$4911,$3365,$3109,$6474,$11385,$1669,$1350,$-46,$2974,$14359,$178,$1339,$-2309,$-970,$0,$0,$-11,$365,$447,$-344,$-53,$-25,$0,$3,$0,$3,$-1,$-76,$0,$0,$0,$24,$24,$0,$0,$24,$-390,$45,$0
7,2016-12-31,123.8,$6.23,19.87,$20.15,6.14,$-7.43,0.0,$0.42,294.76,$5.72B,$4.59B,1.25,$3.36B,$2.68B,1.26,$8.83B,$2.80B,31.71%,$8.83B,$0.38B,4.29%,$8.83B,$0.38B,4.29%,$8.83B,$5.31B,60.07%,$8.83B,$0.26B,2.94%,$8.83B,$0.19B,2.13%,$0.19B,$2.68B,7.56%,$0.19B,$2.68B,-9.72%,$0.19B,$13.59B,1.54%,$0.38B,$6.04B,7.42%,$2478,$1654,$823,$225,$444,$2324,$154,$-64,$90,$24,$67,$67,$67,$4976,$154,$429,439,$0.16,$0.16,$1734,$0,$3987,$5720,$250,$0,$0,$7616,$7866,$13587,$4587,$3364,$2956,$6320,$10907,$1600,$1129,$-49,$2680,$13587,$187,$4925,$-8551,$-3626,$0,$0,$32,$1864,$1965,$-1474,$-108,$-77,$0,$236,$0,$236,$-1,$50,$1000,$0,$1000,$37,$37,$0,$55,$1092,$-342,$174,$0
8,2016-09-30,98.55,$5.89,16.72,$18.68,5.28,$-5.75,0.0,$0.37,266.35,$5.19B,$4.41B,1.18,$2.37B,$2.53B,0.94,$8.18B,$2.55B,31.20%,$8.18B,$0.29B,3.49%,$8.18B,$0.29B,3.49%,$8.18B,$1.39B,16.94%,$8.18B,$0.19B,2.34%,$8.18B,$0.16B,2.01%,$0.16B,$2.53B,6.92%,$0.16B,$-4.15B,-8.00%,$0.16B,$12.35B,1.44%,$0.29B,$4.90B,6.01%,$2290,$1533,$757,$216,$435,$2184,$106,$-27,$79,$28,$52,$52,$52,$-2094,$106,$429,438,$0.12,$0.12,$1343,$0,$3851,$5194,$192,$0,$6678,$284,$7153,$12347,$4411,$2374,$3033,$5407,$9818,$1504,$1062,$-37,$2529,$12347,$120,$103,$-1314,$-1211,$0,$0,$17,$86,$175,$-917,$-47,$-58,$0,$130,$0,$130,$1,$25,$0,$0,$0,$12,$12,$0,$38,$49,$-840,$130,$0
9,2016-06-30,91.48,$5.63,16.23,$17.42,5.25,$-4.88,0.0,$0.32,285.88,$5.39B,$4.05B,1.33,$2.37B,$2.42B,0.98,$7.62B,$2.36B,30.93%,$7.62B,$0.25B,3.32%,$7.62B,$0.25B,3.32%,$7.62B,$4.46B,58.49%,$7.62B,$0.15B,2.02%,$7.62B,$0.14B,1.85%,$0.14B,$2.42B,6.18%,$0.14B,$-3.33B,-9.77%,$0.14B,$11.59B,1.31%,$0.25B,$4.79B,5.43%,$2105,$1473,$632,$207,$354,$2035,$70,$-19,$51,$10,$41,$41,$41,$1280,$70,$428,438,$0.10,$0.09,$1834,$0,$3553,$5387,$163,$0,$5743,$301,$6207,$11594,$4052,$2373,$2753,$5126,$9178,$1444,$1010,$-38,$2416,$11594,$68,$2303,$-2915,$-612,$0,$0,$-11,$56,$88,$-455,$-19,$-41,$0,$61,$0,$61,$1,$1,$0,$0,$0,$8,$8,$0,$25,$33,$-418,$87,$0
10,2016-03-31,102.23,$5.41,18.9,$16.39,6.24,$-4.60,0.0,$0.29,352.52,$5.54B,$3.93B,1.41,$2.37B,$2.32B,1.02,$7.16B,$2.25B,31.39%,$7.16B,$0.26B,3.60%,$7.16B,$0.26B,3.60%,$7.16B,$4.11B,57.41%,$7.16B,$0.14B,2.00%,$7.16B,$0.13B,1.76%,$0.13B,$2.32B,5.77%,$0.13B,$-2.94B,-12.44%,$0.13B,$11.26B,1.23%,$0.26B,$4.69B,5.64%,$1958,$1370,$588,$204,$335,$1908,$49,$-10,$40,$12,$28,$28,$28,$1143,$49,$428,438,$0.06,$0.06,$2072,$0,$3471,$5544,$166,$0,$5260,$292,$5718,$11262,$3934,$2372,$2639,$5011,$8945,$1382,$970,$-34,$2317,$11262,$28,$1094,$-1384,$-290,$0,$0,$-20,$12,$34,$-229,$-8,$-23,$0,$36,$0,$36,$-0,$4,$0,$0,$0,$4,$4,$0,$11,$15,$-204,$42,$0
11,2015-12-31,114.38,$5.20,22.01,$15.55,7.36,$-4.38,0.0,$0.28,402.32,$5.43B,$3.53B,1.54,$2.37B,$2.22B,1.07,$6.78B,$2.19B,32.28%,$6.78B,$0.31B,4.51%,$6.78B,$0.31B,4.51%,$6.78B,$3.85B,56.84%,$6.78B,$0.14B,2.08%,$6.78B,$0.12B,1.80%,$0.12B,$2.22B,5.86%,$0.12B,$2.22B,-19.42%,$0.12B,$10.20B,1.25%,$0.31B,$4.60B,6.84%,$1823,$1249,$574,$181,$333,$1763,$60,$-39,$21,$-22,$43,$43,$43,$1056,$60,$426,436,$0.10,$0.10,$2311,$0,$3121,$5432,$173,$0,$0,$4598,$4771,$10203,$3530,$2371,$2078,$4450,$7979,$1325,$942,$-43,$2223,$10203,$123,$3547,$-5754,$-2207,$0,$0,$52,$1235,$1335,$-749,$-91,$-78,$0,$-8,$0,$-8,$-2,$-179,$1500,$0,$1500,$78,$78,$0,$62,$1640,$696,$125,$0
12,2015-09-30,103.24,$5.07,20.36,$14.81,6.97,$-2.58,0.0,$0.38,273.7,$5.57B,$3.34B,1.67,$2.40B,$2.17B,1.11,$6.44B,$2.08B,32.36%,$6.44B,$0.31B,4.83%,$6.44B,$0.31B,4.83%,$6.44B,$3.63B,56.31%,$6.44B,$0.17B,2.58%,$6.44B,$0.16B,2.52%,$0.16B,$2.17B,8.13%,$0.16B,$-1.72B,-11.46%,$0.16B,$9.92B,1.81%,$0.31B,$4.57B,7.75%,$1738,$1174,$564,$172,$319,$1665,$74,$-31,$42,$13,$29,$29,$29,$980,$74,$427,438,$0.07,$0.07,$2610,$0,$2960,$5570,$181,$0,$3892,$273,$4347,$9916,$3341,$2400,$2008,$4408,$7749,$1306,$899,$-38,$2167,$9916,$79,$2551,$-3363,$-812,$0,$0,$3,$137,$228,$-505,$-78,$-57,$0,$1,$0,$1,$-4,$-139,$1499,$0,$1499,$70,$70,$0,$89,$1658,$1002,$89,$0
13,2015-06-30,93.85,$4.77,19.67,$14.09,6.66,$-1.25,0.0,$0.44,211.23,$5.60B,$3.22B,1.74,$2.40B,$2.03B,1.18,$6.11B,$1.98B,32.31%,$6.11B,$0.35B,5.68%,$6.11B,$0.35B,5.68%,$6.11B,$3.48B,56.87%,$6.11B,$0.22B,3.63%,$6.11B,$0.19B,3.14%,$0.19B,$2.03B,10.21%,$0.19B,$-1.61B,-15.88%,$0.19B,$9.66B,2.35%,$0.35B,$4.43B,9.84%,$1645,$1122,$523,$155,$293,$1570,$75,$-34,$40,$14,$26,$26,$26,$934,$75,$425,436,$0.06,$0.06,$2797,$0,$2804,$5601,$171,$0,$3641,$242,$4054,$9655,$3220,$2400,$2003,$4403,$7623,$1201,$869,$-38,$2032,$9655,$50,$1645,$-2140,$-495,$0,$0,$-4,$63,$136,$-309,$-41,$-43,$0,$-7,$0,$-7,$-0,$-91,$1499,$0,$1499,$35,$35,$0,$51,$1585,$1180,$56,$0
14,2015-03-31,59.53,$4.50,13.23,$13.43,4.43,$-0.31,0.0,$0.55,108.51,$5.54B,$3.01B,1.84,$2.40B,$1.91B,1.26,$5.81B,$1.88B,32.34%,$5.81B,$0.40B,6.92%,$5.81B,$0.40B,6.92%,$5.81B,$3.34B,57.53%,$5.81B,$0.30B,5.15%,$5.81B,$0.24B,4.08%,$0.24B,$1.91B,13.35%,$0.24B,$-1.40B,-23.91%,$0.24B,$9.24B,3.23%,$0.40B,$4.31B,13.19%,$1573,$1046,$527,$143,$286,$1476,$97,$-59,$38,$15,$24,$24,$24,$883,$97,$424,434,$0.06,$0.05,$2958,$0,$2581,$5539,$146,$0,$3312,$243,$3702,$9241,$3009,$2400,$1923,$4323,$7331,$0,$843,$-43,$1909,$9241,$24,$786,$-1046,$-260,$0,$0,$-11,$84,$109,$-127,$-13,$-23,$0,$-7,$0,$-7,$0,$-43,$1500,$0,$1500,$11,$11,$0,$12,$1522,$1341,$27,$0
15,2014-12-31,48.8,$4.39,11.11,$12.75,3.83,$0.07,708.29,$0.62,79.07,$3.93B,$2.66B,1.48,$0.89B,$1.86B,0.48,$5.50B,$1.75B,31.83%,$5.50B,$0.40B,7.32%,$5.50B,$0.40B,7.32%,$5.50B,$3.19B,57.87%,$5.50B,$0.35B,6.36%,$5.50B,$0.27B,4.83%,$0.27B,$1.86B,15.95%,$0.27B,$-0.92B,-32.61%,$0.27B,$7.04B,4.06%,$0.40B,$2.74B,15.72%,$1485,$1014,$470,$126,$279,$1420,$65,$-20,$46,$-38,$83,$83,$83,$830,$65,$421,432,$0.19,$0.20,$1608,$0,$2319,$3927,$150,$0,$2773,$192,$3115,$7043,$2663,$886,$1636,$2522,$5185,$1043,$819,$-4,$1858,$7043,$267,$2782,$-3169,$-387,$0,$0,$84,$-3,$137,$16,$-70,$-75,$0,$100,$0,$100,$1,$-43,$400,$0,$400,$61,$61,$0,$81,$542,$509,$115,$0
16,2014-09-30,64.45,$4.09,15.76,$12.07,5.34,$0.29,218.56,$0.53,120.63,$3.82B,$2.55B,1.5,$0.90B,$1.73B,0.52,$5.19B,$1.64B,31.52%,$5.19B,$0.42B,8.09%,$5.19B,$0.42B,8.09%,$5.19B,$3.04B,58.55%,$5.19B,$0.38B,7.28%,$5.19B,$0.23B,4.45%,$0.23B,$1.73B,15.03%,$0.23B,$-0.91B,-29.76%,$0.23B,$6.78B,3.76%,$0.42B,$2.63B,17.97%,$1409,$954,$455,$121,$224,$1299,$110,$-13,$98,$38,$59,$59,$59,$829,$110,$421,433,$0.14,$0.14,$1667,$0,$2157,$3823,$144,$0,$2632,$179,$2955,$6778,$2549,$900,$1605,$2505,$5053,$0,$736,$2,$1725,$6778,$183,$2017,$-2777,$-760,$0,$0,$33,$548,$632,$55,$-54,$-51,$0,$112,$0,$112,$2,$8,$399,$0,$399,$57,$57,$0,$61,$517,$578,$85,$0
17,2014-06-30,62.94,$3.83,16.45,$11.41,5.52,$0.35,178.46,$0.47,133.5,$3.67B,$2.34B,1.57,$0.90B,$1.61B,0.56,$4.89B,$1.49B,30.44%,$4.89B,$0.37B,7.50%,$4.89B,$0.37B,7.50%,$4.89B,$2.85B,58.31%,$4.89B,$0.33B,6.73%,$4.89B,$0.20B,4.17%,$0.20B,$1.61B,14.50%,$0.20B,$-0.74B,-29.12%,$0.20B,$6.33B,3.60%,$0.37B,$2.51B,17.42%,$1340,$915,$426,$115,$181,$1211,$130,$-12,$117,$46,$71,$71,$71,$799,$130,$420,431,$0.17,$0.16,$1714,$0,$1954,$3668,$142,$0,$2349,$167,$2657,$6326,$2335,$900,$1481,$2381,$4716,$0,$677,$7,$1610,$6326,$124,$1298,$-1459,$-160,$0,$0,$20,$50,$129,$92,$-33,$-36,$0,$96,$0,$96,$1,$29,$399,$0,$399,$47,$47,$0,$40,$487,$609,$55,$0
18,2014-03-31,50.29,$3.52,14.27,$10.82,4.65,$0.22,229.63,$0.38,133.32,$3.59B,$2.26B,1.59,$0.90B,$1.48B,0.61,$4.62B,$1.37B,29.70%,$4.62B,$0.29B,6.36%,$4.62B,$0.29B,6.36%,$4.62B,$2.65B,57.36%,$4.62B,$0.26B,5.61%,$4.62B,$0.16B,3.51%,$0.16B,$1.48B,12.65%,$0.16B,$-0.70B,-24.55%,$0.16B,$6.05B,3.11%,$0.29B,$2.38B,15.63%,$1270,$869,$401,$110,$193,$1172,$98,$-9,$89,$36,$53,$53,$53,$727,$98,$419,431,$0.13,$0.12,$1668,$0,$1919,$3587,$133,$0,$2179,$148,$2461,$6048,$2264,$900,$1406,$2306,$4570,$0,$606,$5,$1478,$6048,$53,$629,$-725,$-96,$0,$0,$23,$57,$79,$36,$-13,$-15,$0,$86,$0,$86,$0,$58,$400,$0,$400,$32,$32,$0,$26,$458,$552,$26,$0
19,2013-12-31,52.6,$3.20,16.46,$10.31,5.1,$0.11,488.35,$0.26,201.21,$3.06B,$2.15B,1.42,$0.50B,$1.33B,0.38,$4.37B,$1.26B,28.76%,$4.37B,$0.23B,5.21%,$4.37B,$0.23B,5.21%,$4.37B,$2.47B,56.49%,$4.37B,$0.17B,3.91%,$4.37B,$0.11B,2.56%,$0.11B,$1.33B,10.05%,$0.11B,$-0.76B,-16.57%,$0.11B,$5.41B,2.34%,$0.23B,$1.83B,13.70%,$1175,$821,$355,$98,$174,$1093,$82,$-8,$74,$26,$48,$48,$48,$686,$82,$407,425,$0.12,$0.11,$1200,$0,$1858,$3059,$134,$0,$2091,$129,$2354,$5413,$2154,$500,$1425,$1925,$4079,$0,$552,$4,$1334,$5413,$112,$2242,$-2357,$-115,$0,$0,$18,$80,$101,$98,$-54,$-66,$0,$-142,$0,$-142,$6,$-256,$279,$0,$279,$125,$125,$0,$72,$476,$315,$73,$0
20,2013-09-30,44.17,$2.90,15.21,$9.84,4.49,$-0.04,0.0,$0.17,259.84,$2.85B,$1.94B,1.47,$0.50B,$1.20B,0.42,$4.14B,$1.13B,27.17%,$4.14B,$0.17B,4.01%,$4.14B,$0.17B,4.01%,$4.14B,$2.30B,55.43%,$4.14B,$0.11B,2.70%,$4.14B,$0.07B,1.74%,$0.07B,$1.20B,7.45%,$0.07B,$-0.60B,-10.64%,$0.07B,$4.90B,1.63%,$0.17B,$1.70B,11.13%,$1106,$799,$307,$96,$154,$1049,$57,$-8,$49,$18,$32,$32,$32,$640,$57,$414,427,$0.08,$0.07,$1135,$0,$1684,$2849,$127,$0,$1808,$116,$2052,$4901,$1935,$500,$1262,$1762,$3697,$0,$504,$2,$1204,$4901,$64,$1638,$-1716,$-78,$0,$0,$6,$69,$70,$56,$-31,$-51,$0,$-243,$0,$-243,$4,$-321,$280,$0,$280,$94,$94,$0,$43,$416,$149,$54,$0
21,2013-06-30,30.16,$2.68,11.25,$9.45,3.19,$-0.06,0.0,$0.11,263.83,$2.57B,$1.67B,1.54,$0.50B,$1.11B,0.45,$3.94B,$1.06B,26.91%,$3.94B,$0.13B,3.17%,$3.94B,$0.13B,3.17%,$3.94B,$2.11B,53.46%,$3.94B,$0.08B,1.90%,$3.94B,$0.05B,1.22%,$0.05B,$1.11B,5.68%,$0.05B,$-0.58B,-6.98%,$0.05B,$4.48B,1.16%,$0.13B,$1.61B,9.29%,$1069,$761,$309,$93,$158,$1012,$57,$-10,$47,$17,$29,$29,$29,$597,$57,$407,424,$0.07,$0.07,$1080,$0,$1458,$2570,$128,$0,$1682,$100,$1910,$4481,$1670,$500,$1205,$1705,$3375,$0,$472,$-2,$1106,$4481,$32,$1056,$-1145,$-89,$0,$0,$12,$61,$79,$22,$-20,$-35,$0,$-257,$0,$-257,$5,$-307,$280,$0,$280,$68,$68,$0,$23,$371,$80,$36,$0
22,2013-03-31,27.04,$2.07,13.07,$9.09,2.98,$0.01,2436.04,$0.06,450.67,$2.56B,$1.69B,1.51,$0.70B,$0.81B,0.86,$3.76B,$1.00B,26.52%,$3.76B,$0.08B,2.23%,$3.76B,$0.08B,2.23%,$3.76B,$1.93B,51.32%,$3.76B,$0.04B,1.04%,$3.76B,$0.03B,0.66%,$0.03B,$0.81B,3.37%,$0.03B,$-0.76B,-3.80%,$0.03B,$4.36B,0.64%,$0.08B,$1.51B,6.91%,$1024,$737,$287,$92,$163,$992,$32,$-31,$1,$-2,$3,$3,$3,$548,$32,$392,421,$0.01,$0.01,$1026,$0,$1474,$2557,$129,$0,$1577,$100,$1806,$4363,$1689,$700,$1162,$1862,$3550,$0,$443,$0,$813,$4363,$3,$516,$-566,$-50,$0,$0,$17,$22,$35,$-12,$-12,$-21,$0,$-150,$0,$-150,$4,$-179,$280,$0,$280,$39,$39,$0,$2,$322,$128,$18,$0
23,2012-12-31,13.23,$1.91,6.91,$8.89,1.49,$0.11,124.9,$0.04,318.73,$2.24B,$1.68B,1.34,$0.40B,$0.75B,0.54,$3.61B,$0.96B,26.52%,$3.61B,$0.05B,1.39%,$3.61B,$0.05B,1.39%,$3.61B,$1.75B,48.55%,$3.61B,$0.03B,0.86%,$3.61B,$0.02B,0.47%,$0.02B,$0.75B,2.42%,$0.02B,$-0.76B,-2.79%,$0.02B,$3.97B,0.46%,$0.05B,$1.15B,4.53%,$945,$722,$223,$82,$121,$926,$20,$-5,$15,$7,$8,$8,$8,$512,$20,$389,412,$0.02,$0.02,$748,$0,$1493,$2241,$132,$0,$1506,$89,$1727,$3968,$1676,$400,$1147,$1547,$3223,$0,$440,$3,$745,$3968,$17,$1702,$-1722,$-20,$0,$0,$-5,$20,$25,$22,$-40,$-48,$0,$-165,$0,$-165,$9,$-245,$-2,$0,$-2,$4,$4,$0,$4,$6,$-218,$74,$0
24,2012-09-30,7.78,$1.84,4.22,$8.90,0.87,$0.86,9.09,$0.13,61.14,$2.23B,$1.60B,1.39,$0.40B,$0.72B,0.56,$3.54B,$1.03B,29.21%,$3.54B,$0.09B,2.60%,$3.54B,$0.09B,2.60%,$3.54B,$1.62B,45.71%,$3.54B,$0.07B,2.06%,$3.54B,$0.04B,1.24%,$0.04B,$0.72B,6.49%,$0.04B,$-0.65B,-8.47%,$0.04B,$3.81B,1.27%,$0.09B,$1.12B,8.54%,$905,$663,$242,$83,$144,$889,$16,$-4,$12,$4,$8,$8,$8,$451,$16,$389,411,$0.02,$0.02,$798,$0,$1394,$2225,$134,$0,$1367,$84,$1584,$3809,$1598,$400,$1094,$1494,$3092,$0,$432,$3,$717,$3809,$9,$1210,$-1232,$-22,$0,$0,$-11,$36,$48,$36,$-19,$-30,$0,$-134,$0,$-134,$6,$-177,$-2,$0,$-2,$2,$2,$0,$3,$4,$-138,$56,$0
25,2012-06-30,9.78,$1.77,5.53,$8.88,1.1,$1.38,7.09,$0.27,35.67,$2.14B,$1.50B,1.43,$0.40B,$0.69B,0.58,$3.46B,$1.08B,31.15%,$3.46B,$0.17B,5.00%,$3.46B,$0.17B,5.00%,$3.46B,$1.49B,42.99%,$3.46B,$0.16B,4.48%,$3.46B,$0.10B,2.83%,$0.10B,$0.69B,16.46%,$0.10B,$-0.46B,-24.36%,$0.10B,$3.48B,3.27%,$0.17B,$1.09B,18.14%,$889,$643,$246,$82,$148,$873,$16,$-5,$11,$4,$6,$6,$6,$420,$16,$389,412,$0.02,$0.02,$813,$0,$1276,$2138,$125,$0,$1148,$68,$1341,$3478,$1499,$400,$891,$1291,$2790,$0,$425,$1,$688,$3478,$2,$774,$-762,$13,$0,$0,$-1,$17,$24,$39,$-8,$-22,$0,$-121,$0,$-121,$4,$-146,$-1,$0,$-1,$2,$2,$0,$3,$4,$-106,$38,$0
26,2012-03-31,16.43,$1.71,9.63,$8.81,1.87,$1.78,9.24,$0.44,37.47,$2.06B,$1.45B,1.42,$0.40B,$0.66B,0.6,$3.36B,$1.13B,33.66%,$3.36B,$0.27B,8.10%,$3.36B,$0.27B,8.10%,$3.36B,$1.36B,40.51%,$3.36B,$0.26B,7.60%,$3.36B,$0.16B,4.77%,$0.16B,$0.66B,31.56%,$0.16B,$-0.56B,-51.61%,$0.16B,$3.48B,6.35%,$0.27B,$1.06B,33.03%,$870,$624,$246,$83,$165,$872,$-2,$-5,$-7,$-2,$-5,$-5,$-5,$369,$-2,$388,388,$-0.01,$-0.01,$805,$0,$1201,$2059,$128,$0,$1226,$67,$1422,$3480,$1447,$400,$970,$1370,$2817,$0,$418,$2,$663,$3480,$-5,$371,$-762,$-391,$0,$0,$-2,$414,$414,$19,$-5,$-14,$0,$-119,$0,$-119,$1,$-136,$-1,$0,$-1,$1,$1,$0,$3,$4,$-112,$19,$0
27,2011-12-31,9.9,$1.66,5.97,$8.46,1.17,$2.00,4.94,$0.61,16.26,$1.83B,$1.23B,1.5,$0.40B,$0.64B,0.62,$3.21B,$1.16B,36.31%,$3.21B,$0.38B,11.73%,$3.21B,$0.38B,11.73%,$3.21B,$1.22B,37.93%,$3.21B,$0.36B,11.23%,$3.21B,$0.23B,7.02%,$0.23B,$0.64B,54.84%,$0.23B,$-0.40B,-150.25%,$0.23B,$3.07B,11.70%,$0.38B,$1.04B,54.89%,$876,$575,$300,$81,$158,$814,$62,$-5,$57,$22,$35,$35,$35,$378,$62,$370,381,$0.09,$0.09,$798,$0,$977,$1831,$136,$0,$1047,$55,$1238,$3069,$1225,$400,$801,$1201,$2426,$0,$423,$1,$643,$3069,$226,$840,$-864,$-24,$0,$0,$24,$26,$116,$318,$-50,$-85,$0,$-135,$0,$-135,$4,$-266,$196,$0,$196,$20,$20,$0,$46,$262,$314,$62,$0
28,2011-09-30,16.18,$1.06,15.31,$7.73,2.09,$1.94,8.35,$0.63,25.74,$1.19B,$0.97B,1.23,$0.23B,$0.39B,0.6,$2.93B,$1.07B,36.53%,$2.93B,$0.39B,13.40%,$2.93B,$0.39B,13.40%,$2.93B,$1.02B,34.93%,$2.93B,$0.38B,12.92%,$2.93B,$0.24B,8.10%,$0.24B,$0.39B,73.60%,$0.24B,$-0.18B,-1102.33%,$0.24B,$1.96B,16.91%,$0.39B,$0.62B,71.70%,$822,$537,$285,$69,$119,$725,$97,$-3,$94,$31,$62,$62,$62,$319,$97,$368,377,$0.17,$0.17,$366,$0,$747,$1190,$144,$0,$570,$28,$771,$1962,$968,$232,$373,$605,$1573,$0,$388,$1,$388,$1962,$191,$524,$-1364,$-840,$0,$0,$4,$838,$901,$252,$-39,$-62,$0,$-51,$0,$-51,$1,$-150,$-2,$0,$-2,$-181,$-181,$0,$45,$-137,$-35,$44,$0
29,2011-06-30,37.53,$0.91,41.32,$7.02,5.35,$1.80,20.88,$0.56,66.67,$0.97B,$0.73B,1.33,$0.23B,$0.33B,0.7,$2.66B,$0.99B,37.37%,$2.66B,$0.37B,13.74%,$2.66B,$0.37B,13.74%,$2.66B,$0.86B,32.29%,$2.66B,$0.35B,13.14%,$2.66B,$0.21B,8.02%,$0.21B,$0.33B,78.02%,$0.21B,$-0.09B,507.14%,$0.21B,$1.57B,19.31%,$0.37B,$0.57B,73.26%,$789,$490,$299,$58,$126,$673,$115,$-4,$111,$43,$68,$68,$68,$294,$115,$367,377,$0.19,$0.18,$376,$0,$533,$969,$137,$0,$425,$13,$601,$1571,$727,$233,$277,$510,$1237,$0,$333,$1,$334,$1571,$128,$301,$-315,$-14,$0,$0,$11,$41,$88,$203,$-25,$-41,$0,$-45,$0,$-45,$2,$-109,$-1,$0,$-1,$-146,$-146,$0,$34,$-113,$-19,$28,$0
30,2011-03-31,33.97,$0.75,45.29,$6.29,5.4,$1.66,20.51,$0.50,68.32,$0.72B,$0.49B,1.47,$0.23B,$0.28B,0.85,$2.39B,$0.90B,37.65%,$2.39B,$0.33B,13.69%,$2.39B,$0.33B,13.69%,$2.39B,$0.72B,29.98%,$2.39B,$0.31B,13.02%,$2.39B,$0.19B,7.91%,$0.19B,$0.28B,80.86%,$0.19B,$0.08B,221.70%,$0.19B,$1.09B,21.38%,$0.33B,$0.51B,71.16%,$719,$438,$280,$51,$127,$616,$102,$-4,$98,$38,$60,$60,$60,$225,$102,$369,380,$0.16,$0.16,$343,$0,$304,$722,$135,$0,$198,$14,$369,$1090,$490,$234,$91,$324,$814,$0,$275,$1,$276,$1090,$60,$123,$-202,$-79,$0,$0,$15,$99,$135,$116,$-16,$-22,$0,$-37,$0,$-37,$1,$-74,$-1,$0,$-1,$-102,$-102,$0,$16,$-87,$-44,$12,$0
31,2010-12-31,25.1,$0.79,31.96,$5.69,4.41,$1.58,15.92,$0.42,59.35,$0.64B,$0.39B,1.64,$0.20B,$0.29B,0.69,$2.16B,$0.81B,37.26%,$2.16B,$0.28B,13.08%,$2.16B,$0.28B,13.08%,$2.16B,$0.62B,28.76%,$2.16B,$0.27B,12.34%,$2.16B,$0.16B,7.44%,$0.16B,$0.29B,79.90%,$0.16B,$0.11B,214.67%,$0.16B,$0.98B,20.81%,$0.28B,$0.49B,66.16%,$596,$391,$205,$46,$81,$517,$78,$-4,$75,$27,$47,$47,$47,$184,$78,$368,380,$0.13,$0.12,$350,$0,$225,$637,$129,$0,$181,$35,$345,$982,$389,$200,$103,$303,$692,$0,$238,$1,$290,$982,$161,$339,$-282,$56,$0,$0,$19,$-26,$59,$276,$-34,$-124,$0,$29,$0,$29,$12,$-116,$-2,$0,$-2,$-160,$-160,$0,$62,$-100,$60,$28,$0
32,2010-09-30,23.17,$0.52,44.14,$5.21,4.45,$1.62,14.29,$0.38,61.19,$0.49B,$0.31B,1.58,$0.24B,$0.19B,1.22,$2.01B,$0.77B,38.27%,$2.01B,$0.26B,12.82%,$2.01B,$0.26B,12.82%,$2.01B,$0.56B,27.88%,$2.01B,$0.24B,12.08%,$2.01B,$0.15B,7.21%,$0.15B,$0.19B,81.12%,$0.15B,$0.07B,206.41%,$0.15B,$0.77B,20.77%,$0.26B,$0.43B,62.28%,$553,$344,$209,$42,$97,$484,$70,$-4,$65,$27,$38,$38,$38,$155,$70,$365,378,$0.10,$0.10,$257,$0,$176,$492,$125,$0,$120,$14,$278,$770,$312,$235,$32,$266,$578,$0,$191,$1,$192,$770,$114,$233,$-258,$-24,$0,$0,$1,$49,$90,$180,$-19,$-91,$0,$42,$0,$42,$10,$-58,$-1,$0,$-1,$-176,$-176,$0,$35,$-143,$-21,$20,$0
33,2010-06-30,15.52,$0.48,32.2,$4.78,3.24,$1.68,9.24,$0.35,43.98,$0.44B,$0.26B,1.71,$0.24B,$0.18B,1.33,$1.88B,$0.71B,37.67%,$1.88B,$0.24B,12.59%,$1.88B,$0.24B,12.59%,$1.88B,$0.52B,27.74%,$1.88B,$0.23B,12.11%,$1.88B,$0.14B,7.28%,$0.14B,$0.18B,72.58%,$0.14B,$0.08B,162.61%,$0.14B,$0.69B,21.80%,$0.24B,$0.41B,63.24%,$520,$315,$205,$38,$90,$442,$77,$-4,$73,$30,$44,$44,$44,$152,$77,$367,380,$0.12,$0.11,$279,$0,$128,$441,$123,$0,$95,$13,$253,$694,$258,$235,$24,$259,$517,$0,$176,$1,$177,$694,$76,$148,$11,$159,$0,$0,$12,$-131,$-97,$137,$-12,$-61,$0,$13,$0,$13,$8,$-52,$-1,$0,$-1,$-130,$-130,$0,$19,$-112,$-27,$12,$0
34,2010-03-31,10.53,$0.40,26.26,$4.40,2.4,$1.66,6.36,$0.32,33.37,$0.38B,$0.24B,1.56,$0.24B,$0.15B,1.61,$1.77B,$0.64B,36.31%,$1.77B,$0.21B,12.03%,$1.77B,$0.21B,12.03%,$1.77B,$0.49B,27.39%,$1.77B,$0.21B,11.74%,$1.77B,$0.13B,7.06%,$0.13B,$0.15B,55.43%,$0.13B,$0.04B,104.38%,$0.13B,$0.65B,20.73%,$0.21B,$0.38B,58.80%,$494,$307,$187,$37,$91,$435,$58,$-4,$54,$22,$32,$32,$32,$131,$58,$370,383,$0.09,$0.08,$266,$0,$56,$380,$127,$0,$109,$13,$269,$648,$243,$236,$22,$258,$502,$0,$146,$0,$147,$648,$32,$73,$-58,$15,$0,$0,$17,$-1,$30,$77,$-6,$-37,$0,$-1,$0,$-1,$4,$-41,$-0,$0,$-0,$-98,$-98,$0,$7,$-91,$-54,$6,$0
35,2009-12-31,7.87,$0.53,14.78,$4.04,1.95,$1.61,4.89,$0.28,27.68,$0.41B,$0.23B,1.81,$0.24B,$0.20B,1.19,$1.67B,$0.59B,35.37%,$1.67B,$0.19B,11.43%,$1.67B,$0.19B,11.43%,$1.67B,$0.45B,26.87%,$1.67B,$0.19B,11.43%,$1.67B,$0.12B,6.88%,$0.12B,$0.20B,41.78%,$0.12B,$0.09B,67.35%,$0.12B,$0.68B,19.22%,$0.19B,$0.44B,52.65%,$445,$275,$169,$33,$80,$391,$53,$-2,$51,$20,$31,$31,$31,$123,$53,$396,409,$0.08,$0.08,$320,$0,$64,$411,$132,$0,$109,$12,$269,$680,$227,$237,$17,$253,$481,$0,$199,$0,$199,$680,$116,$258,$-71,$187,$0,$0,$2,$8,$23,$325,$-46,$-193,$0,$-26,$7,$-18,$11,$-246,$192,$0,$192,$-289,$-289,$0,$13,$-85,$-6,$13,$0
36,2009-09-30,6.6,$0.61,10.86,$3.77,1.75,$1.47,4.48,$0.26,25.51,$0.24B,$0.20B,1.15,$0.04B,$0.23B,0.16,$1.59B,$0.55B,34.62%,$1.59B,$0.18B,11.10%,$1.59B,$0.18B,11.10%,$1.59B,$0.42B,26.54%,$1.59B,$0.18B,11.22%,$1.59B,$0.11B,6.75%,$0.11B,$0.23B,34.27%,$0.11B,$0.13B,50.83%,$0.11B,$0.49B,18.38%,$0.18B,$0.27B,50.29%,$423,$275,$148,$30,$70,$374,$49,$1,$50,$20,$30,$30,$30,$116,$49,$393,406,$0.08,$0.07,$155,$0,$51,$235,$122,$0,$105,$13,$257,$492,$204,$37,$19,$56,$260,$0,$193,$1,$232,$492,$85,$187,$-42,$145,$0,$0,$-11,$-6,$-11,$219,$-23,$-136,$0,$59,$0,$59,$7,$-93,$-1,$0,$-1,$-219,$-219,$0,$9,$-211,$-84,$10,$0
37,2009-06-30,5.91,$0.81,7.32,$3.51,1.68,$1.35,4.38,$0.23,25.52,$0.34B,$0.21B,1.62,$0.04B,$0.32B,0.12,$1.50B,$0.52B,34.44%,$1.50B,$0.16B,10.70%,$1.50B,$0.16B,10.70%,$1.50B,$0.40B,26.26%,$1.50B,$0.16B,10.84%,$1.50B,$0.10B,6.45%,$0.10B,$0.32B,28.91%,$0.10B,$0.22B,42.36%,$0.10B,$0.59B,16.04%,$0.16B,$0.36B,43.11%,$409,$269,$139,$27,$59,$356,$53,$0,$53,$21,$32,$32,$32,$115,$53,$405,418,$0.08,$0.08,$255,$0,$56,$343,$120,$0,$100,$12,$249,$592,$211,$37,$19,$56,$268,$0,$163,$1,$324,$592,$55,$121,$1,$122,$0,$0,$2,$-41,$-36,$141,$-14,$-90,$0,$-9,$0,$-9,$4,$-108,$-1,$0,$-1,$-92,$-92,$0,$7,$-85,$-52,$6,$0
38,2009-03-31,6.13,$0.85,7.25,$3.28,1.87,$1.28,4.81,$0.21,28.61,$0.37B,$0.23B,1.61,$0.04B,$0.35B,0.11,$1.43B,$0.49B,33.98%,$1.43B,$0.14B,9.91%,$1.43B,$0.14B,9.91%,$1.43B,$0.38B,26.52%,$1.43B,$0.15B,10.19%,$1.43B,$0.09B,6.42%,$0.09B,$0.35B,26.15%,$0.09B,$0.24B,38.53%,$0.09B,$0.63B,14.88%,$0.14B,$0.38B,36.41%,$394,$259,$135,$24,$75,$358,$36,$1,$37,$15,$22,$22,$22,$95,$36,$411,425,$0.05,$0.05,$286,$0,$51,$365,$124,$0,$105,$12,$264,$629,$227,$38,$18,$56,$282,$0,$131,$-0,$346,$629,$22,$59,$-4,$54,$0,$0,$9,$-23,$-11,$66,$-7,$-47,$0,$-14,$0,$-14,$3,$-65,$-0,$0,$-0,$-29,$-29,$0,$4,$-26,$-25,$3,$0
39,2008-12-31,4.27,$0.84,5.07,$3.07,1.39,$1.25,3.41,$0.19,22.31,$0.36B,$0.22B,1.66,$0.04B,$0.35B,0.11,$1.37B,$0.46B,33.33%,$1.37B,$0.12B,8.86%,$1.37B,$0.12B,8.86%,$1.37B,$0.37B,26.74%,$1.37B,$0.13B,9.67%,$1.37B,$0.08B,6.08%,$0.08B,$0.35B,23.45%,$0.08B,$0.25B,35.93%,$0.08B,$0.62B,13.66%,$0.12B,$0.39B,31.61%,$360,$233,$127,$24,$66,$322,$38,$0,$38,$15,$23,$23,$23,$95,$38,$427,440,$0.05,$0.05,$297,$0,$35,$359,$125,$0,$99,$11,$256,$615,$216,$38,$14,$52,$268,$0,$108,$0,$347,$615,$83,$243,$-15,$228,$0,$0,$7,$-32,$-27,$284,$-44,$-164,$0,$50,$-6,$44,$18,$-145,$-1,$0,$-1,$-181,$-181,$0,$5,$-177,$-38,$12,$0
40,2008-09-30,4.41,$0.78,5.62,$2.88,1.53,$1.19,3.71,$0.17,25.74,$0.30B,$0.21B,1.45,$0.04B,$0.33B,0.12,$1.31B,$0.43B,32.90%,$1.31B,$0.10B,7.88%,$1.31B,$0.10B,7.88%,$1.31B,$0.35B,26.86%,$1.31B,$0.12B,9.10%,$1.31B,$0.08B,5.81%,$0.08B,$0.33B,20.28%,$0.08B,$0.20B,30.61%,$0.08B,$0.58B,12.19%,$0.10B,$0.36B,25.57%,$341,$224,$117,$23,$61,$307,$34,$1,$35,$15,$20,$20,$20,$90,$34,$423,436,$0.05,$0.05,$251,$0,$18,$301,$129,$0,$123,$11,$282,$583,$208,$38,$12,$50,$258,$0,$86,$-2,$325,$583,$60,$186,$-16,$170,$0,$0,$15,$-51,$-38,$192,$-36,$-126,$0,$67,$-6,$61,$14,$-87,$-1,$0,$-1,$-174,$-174,$0,$4,$-170,$-66,$9,$0
41,2008-06-30,3.72,$0.90,4.14,$2.72,1.37,$1.19,3.13,$0.16,23.69,$0.36B,$0.21B,1.75,$0.04B,$0.39B,0.1,$1.26B,$0.41B,32.78%,$1.26B,$0.09B,7.22%,$1.26B,$0.09B,7.22%,$1.26B,$0.34B,26.75%,$1.26B,$0.11B,8.73%,$1.26B,$0.07B,5.71%,$0.07B,$0.39B,17.91%,$0.07B,$0.26B,25.92%,$0.07B,$0.65B,11.36%,$0.09B,$0.43B,21.64%,$338,$230,$108,$22,$53,$303,$34,$2,$36,$9,$27,$27,$27,$100,$34,$432,447,$0.06,$0.06,$313,$0,$20,$359,$130,$0,$127,$11,$287,$646,$205,$39,$13,$51,$257,$0,$65,$-1,$389,$646,$40,$130,$-12,$118,$0,$0,$16,$-36,$-27,$131,$-27,$-97,$0,$39,$-6,$33,$10,$-81,$-0,$0,$-0,$-87,$-87,$0,$3,$-84,$-33,$6,$0
42,2008-03-31,4.95,$0.83,6.0,$2.58,1.92,$1.16,4.25,$0.13,37.25,$0.33B,$0.23B,1.44,$0.00B,$0.36B,0.0,$1.23B,$0.41B,33.61%,$1.23B,$0.10B,7.75%,$1.23B,$0.10B,7.75%,$1.23B,$0.33B,27.08%,$1.23B,$0.12B,9.54%,$1.23B,$0.07B,5.71%,$0.07B,$0.36B,16.84%,$0.07B,$0.21B,23.77%,$0.07B,$0.59B,11.20%,$0.10B,$0.36B,22.38%,$326,$223,$103,$20,$69,$311,$15,$7,$23,$9,$13,$13,$13,$80,$15,$439,454,$0.03,$0.03,$295,$0,$13,$326,$87,$0,$145,$10,$260,$586,$227,$0,$3,$3,$230,$0,$40,$0,$355,$586,$13,$64,$-5,$59,$0,$0,$9,$-25,$-8,$64,$-12,$-51,$0,$83,$-6,$77,$5,$18,$-0,$0,$-0,$-91,$-91,$0,$1,$-91,$-8,$3,$0
43,2007-12-31,3.8,$0.95,4.02,$2.48,1.53,$1.14,3.33,$0.12,30.94,$0.43B,$0.21B,2.07,$0.04B,$0.43B,0.08,$1.21B,$0.42B,34.77%,$1.21B,$0.09B,7.55%,$1.21B,$0.09B,7.55%,$1.21B,$0.32B,26.31%,$1.21B,$0.11B,9.21%,$1.21B,$0.07B,5.56%,$0.07B,$0.43B,15.40%,$0.07B,$0.32B,20.84%,$0.07B,$0.68B,10.55%,$0.09B,$0.47B,20.51%,$302,$200,$102,$18,$65,$282,$20,$4,$25,$9,$16,$16,$16,$81,$20,$470,482,$0.03,$0.03,$385,$0,$32,$432,$113,$0,$112,$4,$247,$679,$209,$36,$5,$40,$249,$0,$25,$2,$430,$679,$67,$226,$-30,$195,$0,$0,$17,$-34,$16,$277,$-44,$-209,$0,$-205,$0,$-205,$22,$-436,$-0,$0,$-0,$-90,$-90,$0,$26,$-64,$-223,$12,$0
44,2007-09-30,2.96,$0.95,3.14,$2.43,1.22,$1.12,2.66,$0.12,24.99,$0.42B,$0.19B,2.23,$0.00B,$0.43B,0.0,$1.18B,$0.43B,36.02%,$1.18B,$0.09B,7.63%,$1.18B,$0.09B,7.63%,$1.18B,$0.31B,25.93%,$1.18B,$0.11B,9.24%,$1.18B,$0.07B,5.59%,$0.07B,$0.43B,15.31%,$0.07B,$0.32B,20.67%,$0.07B,$0.62B,10.69%,$0.09B,$0.43B,20.88%,$294,$194,$100,$18,$62,$272,$22,$5,$26,$11,$16,$16,$16,$76,$22,$465,477,$0.03,$0.03,$386,$0,$16,$418,$72,$0,$114,$3,$206,$624,$188,$0,$0,$2,$190,$0,$11,$1,$434,$624,$51,$165,$-26,$139,$0,$0,$-0,$-17,$16,$206,$-34,$-165,$0,$-205,$0,$-205,$19,$-386,$-0,$0,$-0,$-62,$-62,$0,$21,$-41,$-221,$9,$0
45,2007-06-30,2.77,$0.94,2.95,$2.33,1.19,$1.05,2.64,$0.11,24.87,$0.41B,$0.17B,2.46,$0.00B,$0.44B,0.0,$1.14B,$0.42B,36.95%,$1.14B,$0.09B,7.44%,$1.14B,$0.09B,7.44%,$1.14B,$0.29B,25.13%,$1.14B,$0.11B,9.19%,$1.14B,$0.06B,5.52%,$0.06B,$0.44B,15.03%,$0.06B,$0.33B,20.14%,$0.06B,$0.61B,10.51%,$0.09B,$0.44B,20.27%,$304,$197,$107,$19,$59,$265,$38,$5,$43,$18,$25,$25,$25,$95,$38,$476,489,$0.05,$0.05,$378,$0,$17,$411,$67,$0,$114,$4,$202,$612,$167,$0,$0,$1,$168,$0,$-5,$-1,$444,$612,$35,$110,$-19,$91,$0,$0,$-6,$-14,$2,$128,$-27,$-126,$0,$-194,$0,$-194,$13,$-334,$-0,$0,$-0,$-27,$-27,$0,$16,$-11,$-216,$6,$0
46,2007-03-31,3.31,$0.90,3.69,$2.20,1.5,$1.03,3.23,$0.11,30.12,$0.43B,$0.19B,2.22,$0.00B,$0.43B,0.0,$1.08B,$0.40B,37.51%,$1.08B,$0.07B,6.59%,$1.08B,$0.07B,6.59%,$1.08B,$0.25B,23.40%,$1.08B,$0.09B,8.36%,$1.08B,$0.06B,5.11%,$0.06B,$0.43B,13.76%,$0.06B,$0.32B,18.23%,$0.06B,$0.63B,9.57%,$0.07B,$0.43B,17.76%,$305,$195,$110,$16,$84,$294,$11,$5,$17,$7,$10,$10,$10,$65,$11,$481,495,$0.02,$0.02,$388,$0,$19,$426,$64,$0,$114,$4,$199,$625,$192,$0,$0,$1,$193,$0,$-31,$0,$432,$625,$10,$54,$-4,$50,$0,$0,$11,$-16,$3,$63,$-18,$-69,$0,$-169,$0,$-169,$6,$-250,$0,$0,$0,$1,$1,$0,$4,$5,$-182,$3,$0
47,2006-12-31,3.69,$0.86,4.28,$2.07,1.79,$1.02,3.63,$0.10,36.94,$0.43B,$0.19B,2.22,$0.00B,$0.41B,0.0,$1.00B,$0.37B,37.15%,$1.00B,$0.07B,6.53%,$1.00B,$0.07B,6.53%,$1.00B,$0.22B,22.39%,$1.00B,$0.08B,8.03%,$1.00B,$0.05B,4.92%,$0.05B,$0.41B,13.95%,$0.05B,$0.31B,18.63%,$0.05B,$0.61B,9.49%,$0.07B,$0.41B,18.51%,$277,$169,$108,$13,$77,$258,$19,$4,$23,$9,$15,$15,$15,$70,$19,$438,484,$0.03,$0.03,$400,$0,$11,$428,$56,$0,$105,$4,$180,$609,$193,$0,$1,$1,$195,$0,$-41,$0,$414,$609,$49,$158,$6,$164,$0,$0,$3,$14,$35,$248,$-27,$-170,$0,$0,$0,$0,$12,$-186,$-0,$0,$-0,$113,$113,$0,$13,$126,$188,$13,$0
