,Date,Stock Price,Book Value per Share,Price to Book Ratio,TTM Sales per Share,Price to Sales Ratio,TTM FCF per Share,Price to FCF Ratio,TTM Net EPS,PE Ratio,Current Assets,Current Liabilities,Current Ratio,Long Term Debt,Shareholder's Equity_x,Debt to Equity Ratio,TTM Revenue_x,TTM Gross Profit,Gross Margin,TTM Revenue_y,TTM Operating Income,Operating Margin,TTM Revenue_x,TTM EBIT,EBIT Margin,TTM Revenue_y,TTM EBITDA,EBITDA Margin,TTM Revenue_x,TTM Pre-Tax Income,Pre-Tax Margin,TTM Revenue_y,TTM Net Income_x,Net Margin,TTM Net Income_y,Shareholder's Equity_y,Return on Equity,TTM Net Income_x,Tangible Equity,Return on Tangible Equity,TTM Net Income_y,Total Assets,Return on Assets,TTM Net Income,LT Investments & Debt,Return on Investment,revenue,cost-goods-sold,gross-profit,research-development-expenses,selling-general-administrative-expenses,operating-expenses,operating-income,total-non-operating-income-expense,pre-tax-income,total-provision-income-taxes,income-after-taxes,income-from-continuous-operations,net-income,ebitda,ebit,basic-shares-outstanding,shares-outstanding,eps-basic-net-earnings-per-share,eps-earnings-per-share-diluted,cash-on-hand,inventory,other-current-assets,total-current-assets,net-property-plant-equipment,long-term-investments,goodwill-intangible-assets-total,other-long-term-assets,total-long-term-assets,total-assets,total-current-liabilities,long-term-debt,other-non-current-liabilities,total-long-term-liabilities,total-liabilities,common-stock-net,retained-earnings-accumulated-deficit,comprehensive-income,total-share-holder-equity,total-liabilities-share-holders-equity,net-income-loss,total-depreciation-amortization-cash-flow,other-non-cash-items,total-non-cash-items,change-in-accounts-receivable,change-in-inventories,change-in-accounts-payable,change-in-assets-liabilities,total-change-in-assets-liabilities,cash-flow-from-operating-activities,net-change-in-property-plant-equipment,net-change-in-intangible-assets,net-acquisitions-divestitures,net-change-in-short-term-investments,net-change-in-long-term-investments,net-change-in-investments-total,investing-activities-other,cash-flow-from-investing-activities,net-long-term-debt,net-current-debt,debt-issuance-retirement-net-total,net-common-equity-issued-repurchased,net-total-equity-issued-repurchased,total-common-preferred-stock-dividends-paid,financial-activities-other,cash-flow-from-financial-activities,net-cash-flow,stock-based-compensation,common-stock-dividends-paid
0,2018-09-30,11.6,$19.27,0.6,$181.49,0.06,$-4.16,0.0,$2.18,5.32,$2.26B,$2.10B,1.08,$1.82B,$2.18B,0.83,$22.17B,$0.82B,3.69%,$22.17B,$0.17B,0.76%,$22.17B,$0.17B,0.76%,$22.17B,$0.44B,1.97%,$22.17B,$-0.06B,-0.29%,$22.17B,$0.27B,1.24%,$0.27B,$2.38B,12.75%,$0.27B,$0.14B,-352.41%,$0.27B,$6.39B,4.35%,$0.17B,$4.20B,3.55%,$6655,$6510,$145,$0,$39,$6668,$-13,$-40,$-53,$1,$-54,$-54,$331,$43,$-13,$122,122,$2.70,$2.70,$36,$679,$0,$2260,$1707,$5,$2239,$176,$4126,$6385,$2101,$1816,$86,$1902,$4004,$2100,$0,$-0,$2382,$6385,$186,$113,$-152,$-39,$-354,$-127,$197,$50,$-234,$-88,$-194,$0,$-179,$0,$-0,$-0,$762,$389,$-0,$-146,$-146,$-20,$-20,$-117,$-4,$-287,$14,$25,$-117
1,2018-06-30,12.12,$16.96,0.71,$159.07,0.08,$-2.15,0.0,$-2.08,0.0,$2.37B,$1.11B,2.14,$3.03B,$1.86B,1.63,$19.40B,$0.79B,4.08%,$19.40B,$0.06B,0.32%,$19.40B,$0.06B,0.32%,$19.40B,$0.33B,1.71%,$19.40B,$-0.18B,-0.90%,$19.40B,$-0.25B,-1.27%,$-0.25B,$2.06B,-12.02%,$-0.25B,$-0.11B,105.81%,$-0.25B,$6.32B,-3.94%,$0.06B,$5.10B,1.25%,$5844,$5696,$148,$0,$22,$5929,$-85,$-80,$-165,$1,$-165,$-165,$-189,$-29,$-85,$122,122,$-1.55,$-1.55,$14,$600,$515,$2370,$1604,$2,$2171,$175,$3954,$6324,$1109,$3032,$64,$3152,$4261,$1781,$0,$-0,$2063,$6324,$-169,$56,$196,$252,$-75,$-49,$-30,$30,$-124,$-41,$-73,$0,$-98,$0,$-0,$-0,$-77,$-248,$-1,$357,$355,$-20,$-20,$-54,$-1,$280,$-8,$6,$-54
2,2018-03-31,10.3,$17.87,0.58,$141.93,0.07,$-1.43,0.0,$-1.14,0.0,$2.25B,$1.09B,2.07,$2.68B,$1.97B,1.36,$17.28B,$0.75B,4.32%,$17.28B,$0.14B,0.80%,$17.28B,$0.14B,0.80%,$17.28B,$0.41B,2.36%,$17.28B,$-0.07B,-0.39%,$17.28B,$-0.13B,-0.75%,$-0.13B,$2.17B,-6.23%,$-0.13B,$0.05B,43.96%,$-0.13B,$6.15B,-2.10%,$0.14B,$4.85B,2.79%,$5212,$4877,$335,$0,$37,$5070,$142,$-46,$97,$1,$96,$96,$92,$207,$142,$121,121,$0.76,$0.77,$22,$551,$518,$2251,$1519,$17,$2118,$245,$3900,$6151,$1087,$2680,$174,$2896,$3982,$1884,$0,$-2,$2169,$6151,$-70,$269,$91,$360,$-297,$-8,$196,$-44,$-153,$138,$-156,$0,$495,$0,$-21,$-21,$-47,$271,$-5,$155,$150,$-513,$-310,$-228,$-6,$-394,$14,$35,$-228
3,2017-12-31,12.82,$16.38,0.78,$133.26,0.1,$-4.75,0.0,$-1.71,0.0,$1.97B,$1.17B,1.69,$2.92B,$1.78B,1.64,$15.92B,$0.66B,4.15%,$15.92B,$0.07B,0.44%,$15.92B,$0.07B,0.44%,$15.92B,$0.34B,2.14%,$15.92B,$-0.14B,-0.87%,$15.92B,$-0.21B,-1.29%,$-0.21B,$1.98B,-9.83%,$-0.21B,$-0.40B,48.72%,$-0.21B,$6.32B,-3.28%,$0.07B,$4.90B,1.40%,$4463,$4273,$190,$0,$29,$4339,$125,$-67,$57,$0,$57,$57,$40,$215,$125,$121,124,$0.33,$0.32,$28,$645,$132,$1970,$1709,$16,$2378,$243,$4346,$6316,$1165,$2922,$168,$3170,$4335,$1773,$0,$-1,$1981,$6316,$-181,$205,$144,$349,$-279,$-90,$200,$3,$-165,$4,$-99,$0,$-49,$0,$-21,$-21,$275,$105,$-4,$325,$321,$-442,$-239,$-170,$-5,$-93,$16,$27,$-170
4,2017-09-30,10.18,$16.42,0.62,$128.86,0.08,$-7.50,0.0,$-2.10,0.0,$1.55B,$0.99B,1.56,$2.99B,$1.77B,1.69,$14.86B,$0.65B,4.37%,$14.86B,$-0.03B,-0.22%,$14.86B,$-0.03B,-0.22%,$14.86B,$0.21B,1.43%,$14.86B,$-0.19B,-1.31%,$14.86B,$-0.25B,-1.70%,$-0.25B,$1.98B,-12.18%,$-0.25B,$-0.48B,51.48%,$-0.25B,$6.21B,-4.04%,$-0.03B,$4.97B,-0.63%,$3877,$3757,$119,$0,$21,$3997,$-120,$-44,$-164,$0,$-164,$-164,$-189,$-62,$-120,$121,121,$-1.56,$-1.56,$18,$571,$0,$1546,$1768,$198,$2452,$241,$4663,$6210,$990,$2993,$176,$3243,$4233,$1769,$0,$-2,$1976,$6210,$-237,$115,$219,$333,$-60,$-13,$-26,$15,$-84,$12,$-47,$0,$-20,$0,$-14,$-14,$-28,$-108,$-1,$157,$156,$-138,$65,$-110,$-7,$104,$8,$15,$-110
5,2017-06-30,11.96,$18.40,0.65,$125.59,0.1,$-9.63,0.0,$-1.25,0.0,$1.33B,$0.82B,1.63,$2.83B,$2.02B,1.41,$14.03B,$0.65B,4.61%,$14.03B,$0.05B,0.37%,$14.03B,$0.05B,0.37%,$14.03B,$0.29B,2.10%,$14.03B,$-0.10B,-0.68%,$14.03B,$-0.14B,-0.99%,$-0.14B,$2.22B,-6.71%,$-0.14B,$-0.36B,25.35%,$-0.14B,$6.12B,-2.23%,$0.05B,$5.06B,1.02%,$3731,$3629,$102,$0,$22,$3740,$-9,$-49,$-58,$0,$-58,$-58,$-73,$48,$-9,$121,121,$-0.61,$-0.61,$20,$563,$0,$1334,$1770,$191,$2582,$239,$4785,$6119,$817,$2834,$177,$3081,$3898,$2013,$0,$-2,$2221,$6119,$-64,$57,$-16,$41,$129,$-4,$-139,$38,$24,$1,$-28,$0,$-20,$0,$-5,$-5,$44,$-9,$-1,$-45,$-46,$-85,$118,$-53,$-3,$15,$9,$9,$-53
6,2017-03-31,18.82,$18.05,1.04,$115.83,0.16,$-11.05,0.0,$0.74,25.43,$1.48B,$0.94B,1.58,$2.96B,$2.17B,1.37,$13.02B,$0.70B,5.38%,$13.02B,$0.26B,1.96%,$13.02B,$0.26B,1.96%,$13.02B,$0.49B,3.79%,$13.02B,$0.15B,1.11%,$13.02B,$0.11B,0.82%,$0.11B,$2.17B,5.30%,$0.11B,$-0.45B,-17.52%,$0.11B,$6.32B,1.73%,$0.26B,$5.13B,5.05%,$3848,$3599,$249,$0,$28,$3774,$74,$-48,$26,$-0,$26,$26,$17,$139,$74,$108,112,$0.11,$0.35,$12,$561,$0,$1484,$1790,$187,$2616,$240,$4836,$6320,$939,$2963,$185,$3215,$4154,$2142,$0,$-2,$2167,$6320,$144,$238,$-123,$115,$-269,$-192,$239,$-60,$-283,$-24,$-364,$0,$12,$0,$-2,$-2,$-9,$-363,$1150,$-1034,$117,$266,$501,$-185,$-61,$371,$-16,$53,$-185
7,2016-12-31,17.22,$17.87,0.96,$103.61,0.17,$-10.54,0.0,$-1.39,0.0,$1.56B,$0.97B,1.62,$3.22B,$1.95B,1.65,$11.50B,$0.70B,6.09%,$11.50B,$-0.02B,-0.20%,$11.50B,$-0.02B,-0.20%,$11.50B,$0.21B,1.81%,$11.50B,$-0.09B,-0.76%,$11.50B,$-0.11B,-0.99%,$-0.11B,$1.95B,-5.99%,$-0.11B,$-0.68B,16.50%,$-0.11B,$6.38B,-1.90%,$-0.02B,$5.16B,-0.47%,$3407,$3228,$179,$0,$18,$3384,$23,$-20,$2,$1,$1,$1,$-8,$88,$23,$108,108,$-0.07,$-0.07,$29,$614,$0,$1563,$1747,$188,$2627,$251,$4815,$6378,$967,$3217,$186,$3464,$4431,$1918,$0,$-0,$1947,$6378,$117,$174,$-96,$77,$-245,$-245,$246,$-66,$-310,$-116,$-265,$0,$-128,$0,$0,$0,$61,$-331,$693,$-335,$359,$29,$264,$-135,$-40,$447,$1,$40,$-135
8,2016-09-30,15.11,$18.25,0.83,$97.34,0.16,$-8.94,0.0,$-1.29,0.0,$1.25B,$0.80B,1.57,$3.06B,$1.96B,1.57,$10.78B,$0.77B,7.17%,$10.78B,$0.04B,0.34%,$10.78B,$0.04B,0.34%,$10.78B,$0.27B,2.50%,$10.78B,$-0.04B,-0.35%,$10.78B,$-0.08B,-0.72%,$-0.08B,$1.96B,-3.86%,$-0.08B,$-0.70B,12.90%,$-0.08B,$6.07B,-1.29%,$0.04B,$5.02B,0.73%,$3046,$2929,$117,$0,$28,$3081,$-36,$-30,$-66,$0,$-67,$-67,$-75,$19,$-36,$106,106,$-0.71,$-0.71,$23,$520,$0,$1250,$1755,$191,$2658,$218,$4824,$6074,$799,$3063,$198,$3320,$4119,$1927,$0,$-1,$1955,$6074,$116,$108,$-145,$-37,$-54,$-152,$90,$-19,$-134,$-55,$-202,$0,$-113,$0,$0,$0,$79,$-236,$750,$-596,$155,$9,$244,$-86,$-27,$286,$-5,$33,$-86
9,2016-06-30,15.16,$19.32,0.78,$99.01,0.15,$-6.98,0.0,$-0.99,0.0,$1.27B,$0.87B,1.46,$2.87B,$2.01B,1.43,$10.93B,$0.84B,7.72%,$10.93B,$0.09B,0.83%,$10.93B,$0.09B,0.83%,$10.93B,$0.33B,3.01%,$10.93B,$0.02B,0.17%,$10.93B,$-0.03B,-0.27%,$-0.03B,$2.01B,-1.35%,$-0.03B,$-0.61B,5.95%,$-0.03B,$6.00B,-0.47%,$0.09B,$4.88B,1.75%,$2722,$2566,$156,$0,$42,$2528,$194,$-11,$183,$0,$183,$183,$173,$247,$194,$104,128,$1.66,$1.38,$11,$523,$0,$1269,$1733,$193,$2622,$185,$4734,$6003,$870,$2867,$199,$3123,$3992,$1973,$0,$-0,$2011,$6003,$183,$53,$-139,$-86,$-75,$-155,$109,$-46,$-167,$-71,$-140,$0,$-14,$0,$0,$0,$79,$-76,$-2,$-21,$-23,$-15,$220,$-42,$-26,$129,$-17,$22,$-42
10,2016-03-31,5.73,$16.28,0.35,$111.88,0.05,$-5.73,0.0,$-2.93,0.0,$1.03B,$0.71B,1.46,$2.91B,$1.69B,1.72,$11.74B,$0.90B,7.69%,$11.74B,$-0.10B,-0.89%,$11.74B,$-0.10B,-0.89%,$11.74B,$0.15B,1.23%,$11.74B,$-0.19B,-1.60%,$11.74B,$-0.25B,-2.10%,$-0.25B,$1.69B,-10.76%,$-0.25B,$-0.77B,67.03%,$-0.25B,$5.56B,-3.92%,$-0.10B,$4.61B,-1.94%,$2325,$2077,$248,$0,$25,$2530,$-204,$-1,$-206,$1,$-207,$-207,$-204,$-146,$-204,$105,105,$-1.94,$-1.89,$28,$368,$0,$1028,$1650,$220,$2464,$176,$4532,$5560,$706,$2913,$247,$3160,$3866,$1657,$0,$-0,$1694,$5560,$-187,$249,$159,$408,$506,$75,$-440,$-10,$130,$351,$-662,$0,$108,$0,$-11,$-11,$120,$-445,$48,$470,$518,$-61,$-61,$-358,$-18,$81,$-13,$52,$-358
11,2015-12-31,7.92,$23.09,0.34,$127.00,0.06,$-2.37,0.0,$-0.06,0.0,$1.23B,$0.80B,1.54,$3.32B,$2.43B,1.37,$12.64B,$0.94B,7.46%,$12.64B,$0.20B,1.60%,$12.64B,$0.20B,1.60%,$12.64B,$0.45B,3.57%,$12.64B,$0.13B,1.02%,$12.64B,$0.05B,0.40%,$0.05B,$2.43B,2.00%,$0.05B,$-0.33B,-25.47%,$0.05B,$6.56B,0.78%,$0.20B,$5.75B,3.62%,$2685,$2434,$252,$0,$23,$2602,$83,$-31,$51,$0,$51,$51,$28,$149,$83,$105,106,$0.27,$0.22,$25,$414,$87,$1230,$1973,$468,$2765,$106,$5335,$6564,$797,$3323,$13,$3337,$4134,$1886,$0,$-0,$2431,$6564,$20,$191,$-89,$102,$455,$29,$-337,$25,$171,$293,$-497,$0,$-187,$0,$-8,$-8,$98,$-595,$50,$528,$578,$-8,$-8,$-265,$-19,$286,$-16,$50,$-265
12,2015-09-30,13.85,$23.67,0.59,$153.12,0.09,$-1.05,0.0,$-0.35,0.0,$1.28B,$0.85B,1.5,$3.09B,$2.49B,1.24,$14.50B,$0.93B,6.42%,$14.50B,$0.14B,0.94%,$14.50B,$0.14B,0.94%,$14.50B,$0.38B,2.59%,$14.50B,$0.07B,0.49%,$14.50B,$0.00B,0.00%,$0.00B,$2.49B,0.00%,$0.00B,$-0.24B,0.00%,$0.00B,$6.45B,0.00%,$0.14B,$5.58B,2.55%,$3193,$3006,$187,$0,$29,$3175,$18,$-27,$-9,$-3,$-6,$-6,$-26,$79,$18,$105,105,$-0.25,$-0.25,$30,$408,$0,$1277,$1845,$473,$2722,$109,$5173,$6450,$852,$3094,$18,$3111,$3964,$1942,$0,$-0,$2486,$6450,$-31,$125,$-15,$110,$322,$34,$-272,$11,$96,$174,$-222,$0,$-151,$0,$-7,$-7,$39,$-341,$1352,$-1007,$346,$-4,$-4,$-173,$-14,$156,$-11,$51,$-173
13,2015-06-30,20.57,$24.68,0.83,$183.68,0.11,$-2.23,0.0,$-0.28,0.0,$1.59B,$1.09B,1.46,$2.97B,$2.57B,1.16,$16.69B,$0.95B,5.66%,$16.69B,$0.13B,0.76%,$16.69B,$0.13B,0.76%,$16.69B,$0.36B,2.14%,$16.69B,$0.06B,0.37%,$16.69B,$-0.00B,-0.02%,$-0.00B,$2.57B,-0.16%,$-0.00B,$-0.13B,17.98%,$-0.00B,$6.64B,-0.06%,$0.13B,$5.54B,2.45%,$3538,$3323,$216,$0,$62,$3540,$-1,$-23,$-24,$1,$-25,$-25,$-45,$63,$-1,$104,104,$-0.43,$-0.43,$44,$489,$0,$1587,$1744,$474,$2703,$111,$5055,$6643,$1089,$2968,$17,$2985,$4074,$2022,$0,$-0,$2569,$6643,$-25,$64,$65,$129,$118,$-47,$-78,$-13,$-22,$82,$-122,$0,$-64,$0,$-2,$-2,$-35,$-223,$-2,$223,$221,$0,$0,$-82,$4,$143,$2,$36,$-82
14,2015-03-31,17.41,$25.98,0.67,$198.84,0.09,$-2.38,0.0,$-0.33,0.0,$1.65B,$1.12B,1.47,$2.73B,$2.69B,1.01,$16.80B,$0.84B,5.02%,$16.80B,$0.11B,0.64%,$16.80B,$0.11B,0.64%,$16.80B,$0.32B,1.89%,$16.80B,$0.05B,0.28%,$16.80B,$-0.01B,-0.05%,$-0.01B,$2.69B,-0.35%,$-0.01B,$-0.10B,-123.08%,$-0.01B,$6.66B,-0.13%,$0.11B,$5.42B,2.33%,$3221,$2933,$288,$0,$36,$3119,$102,$8,$111,$-1,$111,$111,$94,$160,$102,$86,86,$1.16,$1.16,$41,$442,$0,$1647,$1624,$473,$2791,$113,$5008,$6656,$1120,$2727,$115,$2842,$3962,$2147,$0,$-0,$2693,$6656,$50,$210,$-154,$57,$41,$243,$-53,$-76,$155,$262,$-228,$0,$-961,$-310,$-34,$-344,$166,$-1366,$393,$485,$878,$541,$541,$-270,$-15,$1135,$31,$33,$-270
15,2014-12-31,18.2,$25.32,0.72,$225.70,0.08,$-4.07,0.0,$-0.67,0.0,$2.46B,$1.90B,1.29,$2.75B,$2.24B,1.23,$17.56B,$0.77B,4.37%,$17.56B,$0.07B,0.39%,$17.56B,$0.07B,0.39%,$17.56B,$0.26B,1.50%,$17.56B,$-0.02B,-0.11%,$17.56B,$-0.07B,-0.37%,$-0.07B,$2.24B,-3.30%,$-0.07B,$-0.16B,155.69%,$-0.07B,$6.91B,-1.19%,$0.07B,$4.99B,1.69%,$4552,$4312,$240,$0,$44,$4534,$18,$-25,$-7,$-2,$-5,$-5,$-23,$73,$18,$89,89,$-0.26,$-0.26,$31,$536,$0,$2458,$1472,$478,$2403,$94,$4448,$6906,$1901,$2753,$12,$2765,$4666,$1670,$0,$-0,$2240,$6906,$-61,$152,$-184,$-31,$-609,$155,$616,$-11,$174,$82,$-135,$0,$-1114,$0,$-34,$-34,$169,$-1115,$395,$492,$887,$370,$370,$-194,$-11,$1053,$20,$13,$-194
16,2014-09-30,25.16,$26.14,0.96,$214.67,0.12,$-4.10,0.0,$-0.14,0.0,$2.59B,$1.76B,1.47,$2.44B,$2.32B,1.05,$15.75B,$0.69B,4.41%,$15.75B,$0.09B,0.58%,$15.75B,$0.09B,0.58%,$15.75B,$0.27B,1.71%,$15.75B,$0.01B,0.08%,$15.75B,$-0.02B,-0.14%,$-0.02B,$2.32B,-1.23%,$-0.02B,$0.31B,40.55%,$-0.02B,$6.55B,-0.45%,$0.09B,$4.75B,2.56%,$5381,$5179,$201,$0,$42,$5373,$8,$-26,$-18,$-2,$-16,$-16,$-30,$62,$8,$88,88,$-0.34,$-0.34,$12,$942,$0,$2585,$1433,$483,$2009,$42,$3967,$6552,$1760,$2437,$40,$2477,$4237,$1746,$0,$-0,$2315,$6552,$-56,$98,$-23,$75,$-392,$-204,$472,$18,$-81,$-62,$-83,$0,$-659,$0,$-26,$-26,$18,$-750,$396,$176,$571,$370,$370,$-120,$-9,$813,$1,$12,$-120
17,2014-06-30,27.32,$20.39,1.34,$180.82,0.15,$-4.43,0.0,$0.15,182.13,$1.38B,$1.03B,1.33,$1.44B,$1.78B,0.81,$11.96B,$0.60B,5.00%,$11.96B,$0.09B,0.78%,$11.96B,$0.09B,0.78%,$11.96B,$0.25B,2.05%,$11.96B,$0.03B,0.24%,$11.96B,$0.00B,0.04%,$0.00B,$1.78B,0.32%,$0.00B,$-0.02B,-3.44%,$0.00B,$4.27B,0.13%,$0.09B,$3.22B,3.19%,$3649,$3534,$115,$0,$28,$3669,$-21,$-18,$-39,$1,$-40,$-40,$-49,$23,$-21,$74,74,$-0.61,$-0.61,$40,$374,$0,$1376,$863,$211,$1801,$14,$2889,$4266,$1034,$1442,$8,$1450,$2484,$1776,$0,$-0,$1781,$4266,$-40,$43,$24,$67,$3,$-64,$31,$11,$-18,$9,$-49,$0,$-16,$0,$-4,$-4,$-9,$-78,$-2,$-187,$-189,$338,$338,$-50,$-2,$98,$29,$8,$-50
18,2014-03-31,23.32,$19.33,1.21,$157.44,0.15,$-3.98,0.0,$0.41,56.89,$1.29B,$0.98B,1.32,$1.63B,$1.53B,1.06,$9.70B,$0.57B,5.84%,$9.70B,$0.11B,1.10%,$9.70B,$0.11B,1.10%,$9.70B,$0.24B,2.46%,$9.70B,$0.05B,0.52%,$9.70B,$0.04B,0.36%,$0.04B,$1.53B,2.68%,$0.04B,$-0.29B,-19.61%,$0.04B,$4.15B,1.00%,$0.11B,$3.16B,4.25%,$3976,$3765,$211,$0,$22,$3913,$63,$-19,$44,$1,$43,$43,$37,$106,$63,$62,62,$0.65,$0.65,$10,$310,$0,$1286,$836,$195,$1821,$9,$2861,$4148,$975,$1630,$11,$1641,$2616,$1527,$0,$-0,$1532,$4148,$49,$133,$62,$195,$39,$-73,$-100,$17,$-158,$85,$-165,$0,$-1269,$0,$-12,$-12,$-10,$-1455,$442,$445,$887,$650,$650,$-146,$-22,$1369,$-1,$14,$-146
19,2013-12-31,21.12,$19.40,1.09,$132.40,0.16,$-1.24,0.0,$0.26,81.23,$1.66B,$1.38B,1.2,$1.52B,$1.54B,0.99,$7.34B,$0.49B,6.69%,$7.34B,$0.08B,1.06%,$7.34B,$0.08B,1.06%,$7.34B,$0.20B,2.68%,$7.34B,$0.03B,0.40%,$7.34B,$0.02B,0.26%,$0.02B,$1.54B,1.66%,$0.02B,$-0.21B,-14.31%,$0.02B,$4.48B,0.63%,$0.08B,$3.06B,3.66%,$2743,$2576,$167,$0,$21,$2702,$41,$-17,$25,$1,$24,$24,$20,$79,$41,$68,68,$0.27,$0.27,$9,$443,$0,$1655,$806,$248,$1751,$16,$2822,$4477,$1382,$1518,$39,$1557,$2939,$1531,$0,$-0,$1538,$4477,$6,$90,$42,$132,$-141,$-165,$213,$23,$-73,$65,$-108,$0,$-1240,$0,$-2,$-2,$-22,$-1372,$444,$331,$775,$650,$650,$-99,$-21,$1305,$-3,$11,$-99
20,2013-09-30,18.58,$18.51,1.0,$117.62,0.16,$-1.36,0.0,$0.74,25.11,$1.01B,$0.80B,1.27,$0.91B,$1.32B,0.69,$5.94B,$0.46B,7.72%,$5.94B,$0.09B,1.47%,$5.94B,$0.09B,1.47%,$5.94B,$0.19B,3.20%,$5.94B,$0.05B,0.76%,$5.94B,$0.04B,0.64%,$0.04B,$1.32B,3.86%,$0.04B,$-0.06B,-35.02%,$0.04B,$3.03B,1.50%,$0.09B,$2.22B,4.84%,$1594,$1489,$105,$0,$14,$1584,$10,$-11,$-1,$0,$-1,$-1,$-3,$37,$10,$59,59,$-0.05,$-0.05,$6,$355,$0,$1014,$632,$0,$1375,$6,$2013,$3026,$801,$906,$3,$909,$1709,$1310,$0,$-0,$1317,$3026,$-18,$52,$28,$79,$-8,$-227,$72,$35,$-110,$-49,$-67,$0,$-393,$0,$0,$0,$-17,$-477,$-4,$169,$165,$415,$415,$-61,$0,$520,$-6,$7,$-61
21,2013-06-30,17.88,$15.79,1.13,$112.93,0.16,$-0.71,0.0,$0.97,18.43,$0.81B,$0.72B,1.13,$0.78B,$0.85B,0.92,$5.48B,$0.44B,7.94%,$5.48B,$0.10B,1.75%,$5.48B,$0.10B,1.75%,$5.48B,$0.19B,3.41%,$5.48B,$0.06B,1.02%,$5.48B,$0.05B,0.91%,$0.05B,$0.85B,5.85%,$0.05B,$-0.15B,-46.08%,$0.05B,$2.35B,2.20%,$0.10B,$1.63B,6.06%,$1386,$1303,$83,$0,$18,$1393,$-7,$-11,$-18,$-0,$-18,$-18,$-19,$17,$-7,$54,54,$-0.36,$-0.36,$5,$208,$0,$813,$536,$0,$998,$6,$1541,$2353,$722,$782,$4,$785,$1508,$839,$0,$-0,$846,$2353,$-18,$25,$15,$40,$26,$-81,$39,$13,$3,$26,$-30,$0,$-5,$0,$0,$0,$-10,$-45,$-2,$43,$41,$0,$0,$-27,$-1,$13,$-7,$7,$-27
22,2013-03-31,15.67,$16.60,0.94,$97.15,0.16,$-2.40,0.0,$0.56,27.99,$0.76B,$0.66B,1.16,$0.74B,$0.89B,0.83,$4.42B,$0.38B,8.58%,$4.42B,$0.09B,1.99%,$4.42B,$0.09B,1.99%,$4.42B,$0.17B,3.73%,$4.42B,$0.05B,1.13%,$4.42B,$0.04B,1.00%,$0.04B,$0.89B,5.21%,$0.04B,$-0.11B,-56.96%,$0.04B,$2.29B,2.03%,$0.09B,$1.63B,5.84%,$1618,$1482,$136,$0,$18,$1584,$34,$-10,$23,$1,$22,$22,$21,$64,$34,$41,41,$0.79,$0.79,$12,$127,$0,$762,$526,$0,$997,$7,$1530,$2292,$660,$740,$2,$743,$1402,$884,$0,$0,$889,$2292,$48,$78,$21,$98,$-10,$18,$-24,$12,$-14,$133,$-72,$0,$-491,$0,$0,$0,$17,$-547,$246,$264,$509,$-1,$-1,$-72,$-19,$418,$4,$9,$-72
23,2012-12-31,13.34,$16.59,0.8,$79.60,0.17,$0.21,62.2,$0.64,20.85,$0.91B,$0.73B,1.25,$0.83B,$0.88B,0.94,$3.24B,$0.29B,9.02%,$3.24B,$0.07B,2.19%,$3.24B,$0.07B,2.19%,$3.24B,$0.13B,3.86%,$3.24B,$0.04B,1.27%,$3.24B,$0.04B,1.14%,$0.04B,$0.88B,5.11%,$0.04B,$-0.12B,-130.97%,$0.04B,$2.44B,2.08%,$0.07B,$1.71B,5.68%,$1338,$1205,$134,$0,$14,$1288,$50,$-10,$41,$0,$40,$40,$39,$72,$50,$52,52,$0.75,$0.75,$24,$234,$0,$913,$520,$0,$997,$8,$1525,$2437,$728,$828,$1,$829,$1557,$875,$0,$0,$881,$2437,$26,$47,$-0,$47,$-21,$-89,$14,$33,$-75,$-2,$-37,$0,$-493,$0,$0,$0,$16,$-515,$249,$349,$598,$-1,$-1,$-46,$-18,$533,$16,$5,$-46
24,2012-09-30,13.51,$17.92,0.75,$73.13,0.18,$0.24,55.51,$0.13,103.89,$0.74B,$0.65B,1.13,$0.57B,$0.80B,0.71,$2.37B,$0.19B,7.97%,$2.37B,$0.03B,1.26%,$2.37B,$0.03B,1.26%,$2.37B,$0.07B,2.87%,$2.37B,$0.01B,0.25%,$2.37B,$0.00B,0.17%,$0.00B,$0.80B,0.67%,$0.00B,$-0.06B,8.89%,$0.00B,$2.03B,0.29%,$0.03B,$1.37B,3.17%,$1136,$1054,$82,$0,$10,$1117,$19,$-8,$10,$0,$10,$10,$9,$34,$19,$51,51,$0.18,$0.18,$26,$265,$0,$736,$426,$0,$862,$6,$1293,$2029,$653,$570,$3,$573,$1226,$801,$0,$0,$804,$2029,$-15,$25,$4,$30,$109,$-122,$-85,$46,$-68,$-53,$-15,$0,$-307,$0,$0,$0,$12,$-310,$250,$172,$422,$-1,$-1,$-23,$-17,$381,$18,$3,$-23
25,2012-06-30,12.25,$17.99,0.68,$64.96,0.19,$-2.14,0.0,$-0.41,0.0,$0.63B,$0.58B,1.08,$0.51B,$0.81B,0.63,$1.45B,$0.12B,8.02%,$1.45B,$0.01B,0.41%,$1.45B,$0.01B,0.41%,$1.45B,$0.03B,2.21%,$1.45B,$-0.01B,-0.62%,$1.45B,$-0.01B,-0.69%,$-0.01B,$0.81B,-2.38%,$-0.01B,$-0.03B,-12.62%,$-0.01B,$1.90B,-1.09%,$0.01B,$1.32B,0.95%,$326,$299,$27,$0,$10,$342,$-15,$-9,$-24,$0,$-25,$-25,$-25,$-5,$-15,$32,32,$-0.76,$-0.76,$21,$192,$0,$628,$435,$0,$833,$4,$1272,$1900,$582,$510,$3,$513,$1095,$802,$0,$0,$805,$1900,$-25,$10,$3,$12,$145,$-50,$-143,$14,$-43,$-55,$-3,$0,$-295,$0,$0,$0,$16,$-282,$250,$129,$378,$-1,$-1,$-9,$-18,$350,$14,$1,$-9
26,2012-03-31,11.21,$14.08,0.8,$69.80,0.16,$-2.18,0.0,$-0.18,0.0,$0.20B,$0.15B,1.37,$0.20B,$0.41B,0.49,$1.31B,$0.09B,7.17%,$1.31B,$0.02B,1.14%,$1.31B,$0.02B,1.14%,$1.31B,$0.03B,2.52%,$1.31B,$0.01B,0.61%,$1.31B,$0.01B,0.61%,$0.01B,$0.41B,3.26%,$0.01B,$0.09B,7.39%,$0.01B,$0.75B,1.63%,$0.02B,$0.61B,4.54%,$439,$390,$49,$0,$6,$422,$17,$-2,$14,$1,$14,$14,$14,$24,$17,$20,20,$1.03,$1.03,$8,$95,$0,$199,$231,$0,$317,$3,$551,$750,$145,$199,$0,$199,$344,$405,$0,$0,$405,$750,$8,$17,$-5,$13,$-20,$30,$40,$19,$70,$90,$-8,$0,$-297,$0,$0,$0,$8,$-297,$-1,$149,$148,$71,$71,$-19,$-2,$198,$-9,$0,$-19
