,Date,Stock Price,Book Value per Share,Price to Book Ratio,TTM Sales per Share,Price to Sales Ratio,TTM FCF per Share,Price to FCF Ratio,TTM Net EPS,PE Ratio,Current Assets,Current Liabilities,Current Ratio,Long Term Debt,Shareholder's Equity_x,Debt to Equity Ratio,TTM Revenue_x,TTM Gross Profit,Gross Margin,TTM Revenue_y,TTM Operating Income,Operating Margin,TTM Revenue_x,TTM EBIT,EBIT Margin,TTM Revenue_y,TTM EBITDA,EBITDA Margin,TTM Revenue_x,TTM Pre-Tax Income,Pre-Tax Margin,TTM Revenue_y,TTM Net Income_x,Net Margin,TTM Net Income_y,Shareholder's Equity_y,Return on Equity,TTM Net Income_x,Tangible Equity,Return on Tangible Equity,TTM Net Income_y,Total Assets,Return on Assets,TTM Net Income,LT Investments & Debt,Return on Investment,revenue,cost-goods-sold,gross-profit,research-development-expenses,selling-general-administrative-expenses,operating-expenses,operating-income,total-non-operating-income-expense,pre-tax-income,total-provision-income-taxes,income-after-taxes,income-from-continuous-operations,net-income,ebitda,ebit,basic-shares-outstanding,shares-outstanding,eps-basic-net-earnings-per-share,eps-earnings-per-share-diluted,cash-on-hand,inventory,other-current-assets,total-current-assets,net-property-plant-equipment,long-term-investments,goodwill-intangible-assets-total,other-long-term-assets,total-long-term-assets,total-assets,total-current-liabilities,long-term-debt,other-non-current-liabilities,total-long-term-liabilities,total-liabilities,common-stock-net,retained-earnings-accumulated-deficit,comprehensive-income,total-share-holder-equity,total-liabilities-share-holders-equity,net-income-loss,total-depreciation-amortization-cash-flow,other-non-cash-items,total-non-cash-items,change-in-accounts-receivable,change-in-inventories,change-in-accounts-payable,change-in-assets-liabilities,total-change-in-assets-liabilities,cash-flow-from-operating-activities,net-change-in-property-plant-equipment,net-change-in-intangible-assets,net-acquisitions-divestitures,net-change-in-short-term-investments,net-change-in-long-term-investments,net-change-in-investments-total,investing-activities-other,cash-flow-from-investing-activities,net-long-term-debt,net-current-debt,debt-issuance-retirement-net-total,net-common-equity-issued-repurchased,net-total-equity-issued-repurchased,total-common-preferred-stock-dividends-paid,financial-activities-other,cash-flow-from-financial-activities,net-cash-flow,stock-based-compensation,common-stock-dividends-paid
0,2018-06-30,3.29,$3.82,0.86,$16.55,0.2,$0.92,3.56,$-0.48,0.0,$0.05B,$0.02B,2.59,$0.00B,$0.05B,0.0,$0.21B,$0.04B,16.59%,$0.21B,$0.01B,4.27%,$0.21B,$0.01B,4.27%,$0.21B,$0.01B,4.74%,$0.21B,$-0.00B,-0.47%,$0.21B,$-0.01B,-2.37%,$-0.01B,$0.05B,-12.20%,$-0.01B,$0.04B,-16.13%,$-0.01B,$0.07B,-7.63%,$0.01B,$0.05B,21.95%,$56,$49,$8,$0,$6,$55,$2,$-0,$1,$1,$1,$1,$1,$2,$2,$12,14,$0.07,$0.06,$39,$0,$0,$50,$3,$0,$10,$0,$18,$68,$19,$0,$0,$1,$20,$0,$-38,$0,$48,$68,$-9,$1,$15,$16,$-1,$-2,$-1,$1,$-1,$5,$-0,$-0,$-0,$0,$0,$0,$0,$-0,$0,$0,$0,$-0,$-0,$0,$0,$-0,$5,$2,$0
1,2018-03-31,4.57,$3.68,1.24,$16.37,0.28,$1.06,4.32,$-0.54,0.0,$0.05B,$0.02B,2.56,$0.00B,$0.05B,0.0,$0.20B,$0.04B,17.24%,$0.20B,$0.01B,3.94%,$0.20B,$0.01B,3.94%,$0.20B,$0.01B,4.43%,$0.20B,$-0.00B,-0.99%,$0.20B,$-0.01B,-2.96%,$-0.01B,$0.05B,-15.89%,$-0.01B,$0.04B,-21.82%,$-0.01B,$0.07B,-9.27%,$0.01B,$0.05B,21.19%,$60,$49,$11,$0,$6,$56,$5,$-5,$-1,$2,$-2,$-2,$-2,$5,$5,$12,12,$-0.18,$-0.18,$36,$0,$1,$49,$2,$0,$10,$0,$17,$66,$19,$0,$0,$1,$20,$0,$-39,$0,$46,$66,$-10,$1,$14,$15,$-1,$-1,$-0,$1,$-1,$4,$-0,$-0,$-0,$0,$0,$0,$0,$-0,$0,$0,$0,$-0,$-0,$0,$0,$-0,$4,$1,$0
2,2017-12-31,3.3,$2.50,1.32,$15.69,0.21,$0.95,3.46,$-0.05,0.0,$0.05B,$0.02B,2.43,$0.00B,$0.03B,0.0,$0.20B,$0.03B,17.44%,$0.20B,$0.01B,3.59%,$0.20B,$0.01B,3.59%,$0.20B,$0.01B,4.10%,$0.20B,$0.01B,2.56%,$0.20B,0,0.00%,$0.00B,$0.03B,0.00%,$0.00B,$0.02B,0.00%,$0.00B,$0.06B,0.00%,$0.01B,$0.03B,20.00%,$50,$44,$7,$0,$6,$50,$-0,$-6,$-6,$2,$-8,$-8,$-8,$0,$-0,$12,12,$-0.65,$-0.65,$34,$0,$1,$47,$2,$0,$10,$0,$17,$64,$19,$0,$13,$14,$33,$0,$-36,$0,$31,$64,$-8,$0,$8,$9,$-0,$-1,$2,$-0,$0,$1,$-0,$0,$-0,$0,$0,$0,$0,$-0,$0,$0,$0,$0,$0,$0,$0,$0,$1,$0,$0
3,2017-09-30,2.59,$3.13,0.83,$15.25,0.17,$0.92,2.82,$1.01,2.56,$0.05B,$0.02B,2.39,$0.00B,$0.04B,0.0,$0.19B,$0.03B,17.89%,$0.19B,$0.01B,4.74%,$0.19B,$0.01B,4.74%,$0.19B,$0.01B,5.26%,$0.19B,$0.02B,8.95%,$0.19B,$0.01B,6.84%,$0.01B,$0.04B,37.14%,$0.01B,$0.03B,54.74%,$0.01B,$0.06B,20.88%,$0.01B,$0.04B,25.71%,$45,$36,$9,$0,$7,$43,$2,$3,$5,$2,$4,$4,$4,$3,$2,$12,12,$0.29,$0.28,$32,$0,$1,$45,$2,$0,$10,$0,$19,$64,$19,$0,$6,$7,$25,$0,$-28,$0,$39,$64,$13,$2,$-5,$-3,$2,$-5,$-1,$-2,$-6,$3,$-1,$-0,$0,$0,$0,$0,$0,$-1,$0,$0,$0,$0,$0,$0,$0,$0,$2,$1,$0
4,2017-06-30,2.78,$2.81,0.99,$15.31,0.18,$0.55,5.09,$0.29,9.59,$0.04B,$0.02B,2.13,$0.00B,$0.04B,0.0,$0.19B,$0.03B,15.71%,$0.19B,$0.01B,2.62%,$0.19B,$0.01B,2.62%,$0.19B,$0.01B,2.62%,$0.19B,$0.01B,5.24%,$0.19B,$0.00B,2.09%,$0.00B,$0.04B,12.60%,$0.00B,$0.02B,20.00%,$0.00B,$0.07B,6.50%,$0.01B,$0.04B,15.75%,$48,$40,$8,$0,$7,$47,$1,$-1,$-0,$-0,$-0,$-0,$-0,$1,$1,$12,12,$-0.00,$-0.00,$31,$0,$1,$42,$2,$0,$11,$0,$22,$65,$20,$0,$9,$10,$30,$0,$-32,$0,$35,$65,$9,$1,$-5,$-4,$2,$0,$-0,$-0,$2,$7,$-1,$0,$0,$0,$0,$0,$0,$-1,$0,$0,$0,$0,$0,$0,$0,$0,$7,$0,$0
5,2017-03-31,2.83,$2.81,1.01,$15.18,0.19,$-0.17,0.0,$0.28,10.11,$0.04B,$0.02B,2.21,$0.00B,$0.04B,0.0,$0.19B,$0.03B,15.34%,$0.19B,$0.00B,2.12%,$0.19B,$0.00B,2.12%,$0.19B,$0.00B,2.12%,$0.19B,$0.01B,5.29%,$0.19B,$0.00B,2.12%,$0.00B,$0.04B,11.68%,$0.00B,$0.02B,18.18%,$0.00B,$0.06B,6.58%,$0.00B,$0.04B,11.68%,$52,$42,$10,$0,$6,$48,$4,$2,$6,$2,$4,$4,$4,$4,$4,$12,12,$0.31,$0.31,$28,$0,$1,$42,$1,$0,$12,$0,$21,$63,$19,$0,$8,$9,$28,$0,$-32,$0,$35,$63,$9,$1,$-5,$-5,$1,$-1,$-1,$-0,$-1,$3,$-0,$0,$-0,$0,$0,$0,$0,$-0,$0,$0,$0,$0,$0,$0,$0,$0,$3,$0,$0
6,2016-12-31,2.68,$2.48,1.08,$14.39,0.19,$-0.52,0.0,0,0.0,$0.04B,$0.02B,2.26,$0.00B,$0.03B,0.0,$0.18B,$0.03B,13.97%,$0.18B,$0.00B,0.56%,$0.18B,$0.00B,0.56%,$0.18B,$0.00B,0.56%,$0.18B,$0.01B,2.79%,$0.18B,0,0.00%,$0.00B,$0.03B,0.00%,$0.00B,$0.02B,0.00%,$0.00B,$0.06B,0.00%,$0.00B,$0.03B,2.72%,$45,$37,$7,$0,$5,$43,$2,$4,$6,$1,$5,$5,$5,$2,$2,$12,12,$0.41,$0.41,$24,$0,$1,$35,$1,$0,$12,$0,$23,$57,$15,$0,$10,$11,$27,$0,$-36,$0,$31,$57,$5,$0,$-4,$-3,$2,$1,$-4,$0,$-1,$1,$-0,$0,$-0,$0,$0,$0,$0,$-0,$0,$0,$0,$0,$0,$0,$0,$0,$0,$0,$0
7,2016-09-30,3.24,$2.07,1.56,$13.99,0.23,$-0.75,0.0,$-0.45,0.0,$0.04B,$0.02B,1.95,$0.00B,$0.03B,0.0,$0.17B,$0.02B,13.22%,$0.17B,$-0.00B,-1.15%,$0.17B,$-0.00B,-1.15%,$0.17B,$-0.00B,-0.57%,$0.17B,$-0.00B,-1.15%,$0.17B,$-0.01B,-2.87%,$-0.01B,$0.03B,-12.42%,$-0.01B,$0.01B,-18.35%,$-0.01B,$0.06B,-8.06%,$-0.00B,$0.03B,-4.97%,$46,$41,$5,$0,$7,$48,$-2,$0,$-2,$3,$-5,$-5,$-5,$-2,$-2,$12,12,$-0.43,$-0.43,$24,$0,$1,$38,$1,$0,$12,$0,$23,$61,$19,$0,$14,$15,$35,$0,$-41,$0,$26,$61,$-6,$2,$4,$6,$-2,$-1,$2,$-1,$-3,$-2,$-0,$0,$0,$0,$0,$0,$0,$-0,$0,$0,$0,$-0,$-0,$0,$0,$-0,$-3,$0,$0
8,2016-06-30,3.0,$3.62,0.83,$13.21,0.23,$-0.49,0.0,$-0.06,0.0,$0.04B,$0.02B,2.26,$0.00B,$0.05B,0.0,$0.17B,$0.02B,13.33%,$0.17B,$-0.00B,-0.61%,$0.17B,$-0.00B,-0.61%,$0.17B,$0.00B,0.61%,$0.17B,$-0.00B,-0.61%,$0.17B,0,0.00%,$0.00B,$0.05B,0.00%,$0.00B,$0.03B,0.00%,$0.00B,$0.06B,0.00%,$-0.00B,$0.05B,-2.22%,$46,$40,$7,$0,$7,$47,$-0,$0,$-0,$-0,$-0,$-0,$-0,$0,$-0,$12,12,$-0.01,$-0.01,$24,$0,$1,$36,$1,$0,$13,$0,$26,$62,$16,$0,$0,$1,$17,$0,$-36,$0,$45,$62,$-0,$1,$0,$1,$-1,$-1,$-1,$-1,$-3,$-2,$-0,$0,$0,$0,$0,$0,$0,$-0,$0,$0,$0,$-0,$-0,$0,$0,$-0,$-2,$0,$0
9,2016-03-31,2.39,$3.63,0.66,$12.88,0.19,$-0.31,0.0,$-0.04,0.0,$0.04B,$0.02B,2.27,$0.00B,$0.05B,0.0,$0.16B,$0.02B,13.66%,$0.16B,$-0.00B,-0.62%,$0.16B,$-0.00B,-0.62%,$0.16B,$0.00B,1.24%,$0.16B,$-0.00B,-0.62%,$0.16B,0,0.00%,$0.00B,$0.05B,0.00%,$0.00B,$0.03B,0.00%,$0.00B,$0.06B,0.00%,$-0.00B,$0.05B,-2.21%,$42,$36,$6,$0,$5,$41,$1,$0,$1,$0,$0,$0,$0,$1,$1,$12,12,$0.03,$0.03,$24,$0,$1,$36,$1,$0,$13,$0,$26,$63,$16,$0,$0,$1,$17,$0,$-35,$0,$45,$63,$-0,$1,$0,$1,$-1,$0,$-1,$-1,$-2,$-2,$-0,$0,$0,$0,$0,$0,$0,$-0,$0,$0,$0,$-0,$-0,$0,$0,$-0,$-2,$0,$0
10,2015-12-31,2.82,$3.60,0.78,$12.93,0.22,$-0.21,0.0,$-0.04,0.0,$0.04B,$0.02B,2.21,$0.00B,$0.05B,0.0,$0.16B,$0.02B,14.20%,$0.16B,$-0.00B,-0.62%,$0.16B,$-0.00B,-0.62%,$0.16B,$0.00B,1.23%,$0.16B,$-0.00B,-0.62%,$0.16B,0,0.00%,$0.00B,$0.05B,0.00%,$0.00B,$0.03B,0.00%,$0.00B,$0.06B,0.00%,$-0.00B,$0.05B,-2.21%,$40,$35,$5,$0,$5,$40,$-1,$0,$-1,$-0,$-0,$-0,$-0,$-0,$-1,$12,12,$-0.04,$-0.04,$23,$0,$1,$35,$1,$0,$14,$1,$27,$62,$16,$0,$0,$1,$17,$0,$-36,$0,$45,$62,$-0,$0,$-0,$0,$-0,$0,$-1,$-1,$-2,$-2,$-0,$0,$0,$0,$0,$0,$0,$-0,$0,$0,$0,$-0,$-0,$0,$0,$-0,$-2,$0,$0
11,2015-09-30,2.75,$3.63,0.76,$13.05,0.21,$-0.24,0.0,0,0.0,$0.04B,$0.02B,2.17,$0.00B,$0.05B,0.0,$0.16B,$0.02B,14.72%,$0.16B,$0.00B,0.61%,$0.16B,$0.00B,0.61%,$0.16B,$0.00B,1.84%,$0.16B,$0.00B,0.61%,$0.16B,0,0.00%,$0.00B,$0.05B,0.00%,$0.00B,$0.03B,0.00%,$0.00B,$0.06B,0.00%,$0.00B,$0.05B,2.21%,$37,$32,$4,$0,$5,$38,$-1,$0,$-1,$-0,$-0,$-0,$-0,$-0,$-1,$12,13,$-0.04,$-0.04,$26,$0,$1,$37,$1,$0,$14,$1,$27,$63,$17,$0,$0,$1,$18,$0,$-35,$0,$45,$63,$0,$1,$1,$3,$2,$0,$-3,$-1,$-2,$1,$-0,$0,$0,$0,$0,$0,$0,$-0,$0,$0,$0,$-0,$-0,$0,$0,$-0,$0,$1,$0
12,2015-06-30,3.59,$3.68,0.98,$13.65,0.26,$0.40,8.95,$1.14,3.15,$0.04B,$0.02B,2.1,$0.00B,$0.05B,0.0,$0.17B,$0.03B,15.88%,$0.17B,$0.00B,1.76%,$0.17B,$0.00B,1.76%,$0.17B,$0.01B,2.94%,$0.17B,$0.00B,1.76%,$0.17B,$0.01B,7.06%,$0.01B,$0.05B,26.52%,$0.01B,$0.03B,38.71%,$0.01B,$0.07B,18.82%,$0.00B,$0.05B,6.63%,$42,$36,$7,$0,$6,$42,$0,$0,$0,$0,$0,$0,$0,$1,$0,$12,12,$0.01,$0.01,$26,$0,$1,$38,$1,$0,$14,$1,$27,$65,$18,$0,$0,$1,$19,$0,$-35,$0,$46,$65,$1,$1,$1,$2,$0,$-0,$-2,$-1,$-3,$0,$-0,$0,$0,$0,$0,$0,$0,$-0,$0,$0,$0,$0,$0,$0,$0,$0,$-0,$0,$0
13,2015-03-31,3.9,$3.65,1.07,$13.98,0.28,$1.00,3.91,$1.23,3.17,$0.04B,$0.02B,2.08,$0.00B,$0.05B,0.0,$0.18B,$0.03B,16.00%,$0.18B,$0.01B,2.86%,$0.18B,$0.01B,2.86%,$0.18B,$0.01B,3.43%,$0.18B,$0.01B,2.86%,$0.18B,$0.01B,8.00%,$0.01B,$0.05B,33.73%,$0.01B,$0.03B,51.38%,$0.01B,$0.06B,23.33%,$0.01B,$0.05B,12.05%,$43,$36,$7,$0,$6,$42,$1,$0,$1,$0,$0,$0,$0,$1,$1,$12,13,$0.03,$0.03,$25,$0,$1,$37,$1,$0,$14,$1,$27,$64,$18,$0,$0,$1,$19,$0,$-35,$0,$45,$64,$1,$1,$1,$1,$1,$0,$-2,$-1,$-2,$-0,$-0,$0,$0,$0,$0,$0,$0,$-0,$0,$0,$0,$0,$0,$0,$0,$0,$-1,$0,$0
14,2014-12-31,4.5,$3.62,1.24,$14.77,0.3,$1.45,3.1,$1.50,3.0,$0.03B,$0.02B,2.24,$0.00B,$0.05B,0.0,$0.19B,$0.03B,17.30%,$0.19B,$0.01B,4.32%,$0.19B,$0.01B,4.32%,$0.19B,$0.01B,4.86%,$0.19B,$0.01B,4.32%,$0.19B,$0.02B,9.73%,$0.02B,$0.05B,48.00%,$0.02B,$0.03B,77.42%,$0.02B,$0.06B,32.14%,$0.01B,$0.05B,21.33%,$41,$35,$6,$0,$5,$41,$1,$0,$1,$0,$0,$0,$0,$1,$1,$12,12,$0.02,$0.02,$23,$0,$1,$34,$1,$0,$14,$1,$27,$61,$15,$0,$0,$1,$16,$2,$-35,$0,$45,$61,$0,$0,$0,$1,$2,$-0,$-4,$-1,$-3,$-2,$-0,$0,$0,$0,$0,$0,$0,$-0,$0,$0,$0,$0,$0,$0,$0,$0,$-3,$0,$0
15,2014-09-30,4.8,$3.57,1.34,$14.87,0.32,$1.62,2.97,$1.60,3.0,$0.04B,$0.02B,1.94,$0.00B,$0.05B,0.0,$0.19B,$0.03B,17.84%,$0.19B,$0.01B,4.32%,$0.19B,$0.01B,4.32%,$0.19B,$0.01B,4.86%,$0.19B,$0.01B,4.32%,$0.19B,$0.02B,10.27%,$0.02B,$0.05B,58.46%,$0.02B,$0.03B,104.11%,$0.02B,$0.07B,37.07%,$0.01B,$0.05B,24.62%,$44,$37,$7,$0,$5,$42,$1,$0,$1,$-11,$12,$12,$12,$2,$1,$12,12,$0.98,$0.98,$26,$0,$1,$37,$1,$0,$14,$1,$28,$65,$19,$0,$0,$1,$20,$0,$-36,$0,$45,$65,$19,$2,$-10,$-9,$-1,$-1,$-1,$1,$-1,$8,$-0,$0,$2,$0,$0,$0,$0,$1,$0,$0,$0,$0,$0,$0,$-5,$-5,$4,$1,$0
16,2014-06-30,5.5,$2.48,2.22,$16.08,0.34,$1.39,3.95,$0.50,11.0,$0.04B,$0.02B,1.81,$0.00B,$0.03B,0.0,$0.18B,$0.03B,17.51%,$0.18B,$0.01B,3.95%,$0.18B,$0.01B,3.95%,$0.18B,$0.01B,4.52%,$0.18B,$0.01B,3.95%,$0.18B,$0.01B,3.95%,$0.01B,$0.03B,27.72%,$0.01B,$0.02B,47.46%,$0.01B,$0.05B,16.47%,$0.01B,$0.03B,27.72%,$47,$38,$8,$0,$6,$45,$2,$0,$2,$0,$2,$2,$2,$2,$2,$12,13,$0.14,$0.14,$25,$0,$2,$35,$1,$0,$13,$1,$15,$50,$19,$0,$0,$0,$19,$2,$-49,$0,$31,$50,$6,$1,$1,$2,$-0,$-0,$-1,$1,$-1,$8,$-0,$0,$2,$0,$0,$0,$0,$2,$0,$0,$0,$0,$0,$0,$-5,$-5,$4,$1,$0
17,2014-03-31,5.0,$2.34,2.13,$16.03,0.31,$0.93,5.35,$0.50,10.0,$0.03B,$0.02B,1.68,$0.00B,$0.03B,0.0,$0.16B,$0.03B,17.18%,$0.16B,$0.01B,3.68%,$0.16B,$0.01B,3.68%,$0.16B,$0.01B,4.29%,$0.16B,$0.01B,3.68%,$0.16B,$0.01B,3.68%,$0.01B,$0.03B,29.27%,$0.01B,$0.02B,44.44%,$0.01B,$0.05B,16.78%,$0.01B,$0.03B,29.27%,$53,$42,$11,$0,$7,$49,$4,$0,$4,$0,$4,$4,$4,$4,$4,$12,13,$0.29,$0.28,$22,$0,$2,$33,$1,$0,$14,$1,$16,$48,$19,$0,$0,$0,$20,$2,$-50,$0,$29,$48,$5,$1,$1,$1,$0,$-0,$-0,$-0,$-1,$5,$-0,$0,$2,$0,$0,$0,$0,$2,$0,$0,$0,$0,$0,$0,$-5,$-5,$1,$0,$0
18,2013-12-31,5.7,$2.07,2.76,$16.22,0.35,$0.51,11.1,$0.30,19.0,$0.03B,$0.02B,1.55,$0.00B,$0.03B,0.0,$0.14B,$0.02B,15.38%,$0.14B,$0.00B,2.10%,$0.14B,$0.00B,2.10%,$0.14B,$0.00B,2.80%,$0.14B,$0.00B,2.10%,$0.14B,$0.00B,1.40%,$0.00B,$0.03B,12.50%,$0.00B,$0.01B,16.00%,$0.00B,$0.04B,6.72%,$0.00B,$0.03B,18.75%,$41,$35,$7,$0,$5,$40,$1,$0,$1,$0,$1,$1,$1,$1,$1,$12,12,$0.10,$0.10,$16,$0,$2,$25,$1,$0,$14,$1,$17,$42,$16,$0,$0,$0,$17,$2,$-54,$0,$25,$42,$1,$0,$0,$1,$1,$0,$-3,$-0,$-2,$-1,$-0,$0,$2,$0,$0,$0,$0,$2,$0,$0,$0,$0,$0,$0,$-5,$-5,$-4,$0,$0
19,2013-09-30,3.7,$1.57,2.36,$22.78,0.16,$0.38,9.78,$0.20,18.5,$0.03B,$0.01B,2.12,$0.00B,$0.02B,0.0,$0.13B,$0.02B,14.84%,$0.13B,$0.00B,1.56%,$0.13B,$0.00B,1.56%,$0.13B,$0.00B,2.34%,$0.13B,$0.00B,1.56%,$0.13B,$0.00B,0.78%,$0.00B,$0.02B,11.11%,$0.00B,$0.02B,11.11%,$0.00B,$0.03B,4.30%,$0.00B,$0.02B,22.22%,$36,$30,$5,$0,$4,$35,$0,$0,$0,$0,$0,$0,$0,$1,$0,$7,7,$0.02,$0.02,$21,$0,$1,$29,$0,$0,$0,$0,$1,$30,$13,$0,$0,$0,$14,$2,$-54,$0,$16,$30,$2,$1,$0,$2,$-2,$0,$2,$-0,$0,$4,$-0,$0,$0,$0,$0,$0,$0,$-0,$0,$-3,$-3,$12,$12,$0,$0,$9,$12,$0,$0
20,2013-06-30,2.9,$1.32,2.2,$29.61,0.1,$-0.02,0.0,$0.30,9.67,$0.02B,$0.01B,1.95,$0.00B,$0.01B,0.0,$0.12B,$0.02B,14.88%,$0.12B,$0.00B,1.65%,$0.12B,$0.00B,1.65%,$0.12B,$0.00B,2.48%,$0.12B,$0.00B,1.65%,$0.12B,$0.00B,0.83%,$0.00B,$0.01B,23.53%,$0.00B,$0.01B,23.53%,$0.00B,$0.02B,5.00%,$0.00B,$0.01B,44.44%,$33,$28,$5,$0,$4,$32,$1,$0,$1,$0,$1,$1,$1,$1,$1,$9,9,$0.10,$0.10,$16,$0,$2,$22,$0,$0,$0,$0,$1,$23,$12,$0,$0,$0,$12,$2,$-55,$0,$12,$23,$1,$1,$-0,$1,$-1,$-0,$-0,$-0,$-1,$1,$-0,$0,$0,$0,$0,$0,$0,$-0,$0,$-3,$-3,$8,$8,$0,$0,$6,$7,$0,$0
21,2013-03-31,2.4,$1.23,1.95,$32.79,0.07,$-0.27,0.0,0,0.0,$0.02B,$0.01B,1.78,$0.00B,$0.01B,0.0,$0.12B,$0.02B,15.13%,$0.12B,$0.00B,1.68%,$0.12B,$0.00B,1.68%,$0.12B,$0.00B,2.52%,$0.12B,$0.00B,1.68%,$0.12B,$0.00B,0.84%,$0.00B,$0.01B,200.00%,$0.00B,$0.01B,400.00%,$0.00B,$0.02B,5.48%,$0.00B,$0.01B,266.67%,$33,$28,$5,$0,$4,$32,$1,$-0,$1,$0,$0,$0,$0,$1,$1,$7,7,$0.10,$0.10,$16,$0,$2,$23,$0,$0,$0,$0,$1,$24,$13,$0,$0,$0,$13,$2,$-55,$0,$11,$24,$0,$1,$-0,$1,$-0,$-2,$1,$-0,$-1,$-0,$-0,$0,$0,$0,$0,$0,$0,$-0,$0,$-3,$-3,$8,$8,$0,$0,$6,$6,$0,$0
22,2012-12-31,1.6,$-1.10,-1.45,$41.11,0.04,$0.80,2.0,$-0.80,0.0,$0.01B,$0.02B,0.76,$0.00B,$-0.01B,0.0,$0.12B,$0.02B,14.29%,$0.12B,0,0.00%,$0.12B,$0.00B,0.84%,$0.12B,$0.00B,1.68%,$0.12B,$-0.00B,-0.84%,$0.12B,$-0.00B,-0.84%,$-0.00B,$-0.00B,30.77%,$-0.00B,$-0.00B,26.67%,$-0.00B,$0.02B,-5.97%,$0.00B,$-0.00B,0.00%,$26,$23,$4,$0,$3,$26,$-0,$0,$-0,$0,$-0,$-0,$-0,$0,$0,$3,3,$-0.02,$-0.02,$9,$0,$2,$14,$1,$0,$0,$0,$2,$16,$18,$0,$0,$0,$18,$1,$-56,$0,$-3,$16,$-0,$0,$-0,$0,$1,$-0,$-1,$-0,$-1,$-0,$-0,$0,$0,$0,$0,$0,$0,$-0,$0,$0,$0,$0,$0,$0,$0,$0,$-0,$0,$0
23,2012-09-30,2.0,$-1.09,-1.84,$42.89,0.05,$0.74,2.69,$-1.30,0.0,$0.01B,$0.02B,0.79,$0.00B,$-0.01B,-0.11,$0.12B,$0.02B,13.56%,$0.12B,$-0.00B,-0.85%,$0.12B,0,0.00%,$0.12B,$0.00B,1.69%,$0.12B,$-0.00B,-1.69%,$0.12B,$-0.00B,-1.69%,$-0.00B,$-0.00B,66.67%,$-0.00B,$-0.00B,53.33%,$-0.00B,$0.02B,-12.12%,$-0.00B,$-0.00B,36.36%,$29,$25,$4,$0,$4,$29,$0,$0,$0,$0,$0,$0,$0,$1,$0,$3,3,$0.10,$0.20,$9,$0,$1,$14,$1,$0,$0,$0,$2,$17,$18,$1,$0,$1,$19,$1,$-56,$0,$-3,$17,$-2,$2,$1,$3,$-1,$-0,$1,$0,$-0,$0,$-0,$0,$0,$0,$-1,$-1,$0,$-1,$0,$2,$2,$0,$0,$0,$0,$2,$1,$0,$0
24,2012-06-30,2.0,$-1.20,-1.67,$44.05,0.05,$0.55,3.66,$-2.60,0.0,$0.01B,$0.02B,0.77,$0.00B,$-0.01B,-0.0,$0.12B,$0.01B,12.17%,$0.12B,$-0.00B,-2.61%,$0.12B,$-0.00B,-1.74%,$0.12B,0,0.00%,$0.12B,$-0.00B,-3.48%,$0.12B,$-0.00B,-3.48%,$-0.00B,$-0.00B,160.00%,$-0.00B,$-0.00B,106.67%,$-0.00B,$0.02B,-24.62%,$-0.00B,$-0.00B,120.00%,$31,$26,$5,$0,$4,$30,$1,$0,$1,$0,$1,$1,$1,$1,$1,$3,5,$0.30,$0.20,$7,$0,$2,$13,$1,$0,$1,$0,$2,$16,$17,$0,$1,$1,$19,$1,$-56,$0,$-3,$16,$-2,$1,$1,$2,$-1,$-0,$1,$0,$-1,$-0,$-0,$0,$0,$0,$-1,$-1,$0,$-1,$0,$1,$1,$0,$0,$0,$0,$1,$-0,$0,$0
25,2012-03-31,3.7,$-1.45,-2.55,$52.87,0.07,$0.73,5.1,$-2.60,0.0,$0.02B,$0.02B,0.77,$0.00B,$-0.01B,-0.0,$0.12B,$0.01B,10.34%,$0.12B,$-0.00B,-3.45%,$0.12B,$-0.00B,-2.59%,$0.12B,$-0.00B,-0.86%,$0.12B,$-0.01B,-4.31%,$0.12B,$-0.01B,-4.31%,$-0.01B,$-0.00B,333.33%,$-0.01B,$-0.01B,181.82%,$-0.01B,$0.02B,-29.41%,$-0.00B,$-0.00B,320.00%,$33,$30,$4,$0,$4,$34,$-1,$-1,$-2,$0,$-2,$-2,$-2,$0,$-0,$3,3,$-0.70,$-0.70,$10,$0,$2,$16,$1,$0,$1,$0,$2,$18,$21,$0,$1,$1,$22,$1,$-57,$0,$-4,$18,$-3,$1,$1,$2,$-1,$-1,$5,$-0,$3,$3,$-0,$0,$0,$0,$-1,$-1,$0,$-1,$0,$0,$0,$0,$0,$0,$0,$0,$2,$0,$0
26,2011-12-31,4.0,$-0.78,-5.14,$56.77,0.07,$0.45,8.96,$-2.30,0.0,$0.01B,$0.02B,0.73,$0.00B,$-0.01B,-0.01,$0.12B,$0.01B,10.26%,$0.12B,$-0.00B,-3.42%,$0.12B,$-0.00B,-2.56%,$0.12B,$-0.00B,-0.85%,$0.12B,$-0.01B,-5.13%,$0.12B,$-0.01B,-5.13%,$-0.01B,$-0.00B,2400.00%,$-0.01B,$-0.00B,400.00%,$-0.01B,$0.02B,-34.29%,$-0.00B,$-0.00B,-266.67%,$25,$23,$3,$0,$3,$26,$-1,$0,$-1,$0,$-1,$-1,$-1,$-0,$-1,$2,2,$-0.50,$-0.50,$7,$0,$2,$12,$1,$1,$1,$0,$3,$15,$16,$0,$1,$1,$17,$1,$-55,$0,$-2,$15,$-1,$0,$0,$1,$0,$-1,$0,$0,$-0,$-0,$-0,$0,$0,$0,$0,$0,$0,$-0,$0,$-0,$-0,$0,$0,$0,$0,$-0,$-1,$0,$0
27,2011-09-30,3.0,$-0.72,-4.19,$57.94,0.05,$0.91,3.31,$-1.70,0.0,$0.01B,$0.02B,0.76,$0.00B,$-0.01B,0.0,$0.13B,$0.01B,10.24%,$0.13B,$-0.00B,-2.36%,$0.13B,$-0.00B,-0.79%,$0.13B,0,0.00%,$0.13B,$-0.00B,-3.15%,$0.13B,$-0.00B,-3.15%,$-0.00B,$-0.00B,800.00%,$-0.00B,$-0.00B,200.00%,$-0.00B,$0.02B,-20.78%,$-0.00B,$-0.00B,-120.00%,$26,$23,$2,$0,$5,$28,$-2,$-0,$-2,$0,$-2,$-2,$-2,$-1,$-2,$2,2,$-1.20,$-1.20,$7,$0,$3,$13,$1,$1,$1,$0,$4,$16,$17,$0,$1,$1,$18,$0,$-53,$0,$-1,$16,$-5,$2,$2,$2,$1,$0,$-1,$0,$1,$0,$-0,$0,$0,$0,$-1,$-1,$1,$-0,$0,$-1,$0,$2,$3,$0,$-0,$2,$1,$0,$0
28,2011-06-30,2.8,$0.00,0.0,$67.45,0.04,$-1.80,0.0,$-2.20,0.0,$0.02B,$0.02B,0.86,$0.00B,$-0.01B,-0.13,$0.14B,$0.02B,10.79%,$0.14B,$0.01B,7.19%,$0.14B,$0.01B,8.63%,$0.14B,$0.01B,8.63%,$0.14B,$-0.01B,-3.60%,$0.14B,$-0.01B,-3.60%,$-0.01B,$0.00B,285.71%,$-0.01B,$0.00B,153.85%,$-0.01B,$0.02B,-25.64%,$0.01B,$0.00B,363.64%,$32,$29,$3,$0,$3,$32,$-0,$0,$-0,$0,$-0,$-0,$-0,$0,$-0,$2,2,$-0.20,$-0.20,$7,$2,$2,$15,$0,$1,$1,$1,$3,$19,$18,$1,$0,$1,$18,$0,$-51,$0,$1,$19,$-2,$2,$2,$3,$-0,$-1,$1,$0,$-1,$0,$-0,$0,$0,$0,$-1,$-1,$1,$-0,$0,$-1,$-1,$2,$3,$0,$-0,$2,$2,$0,$0
29,2011-03-31,5.0,$0.00,0.0,$68.26,0.07,$-3.78,0.0,$-3.20,0.0,$0.02B,$0.01B,1.27,$0.01B,$-0.01B,-1.13,$0.14B,$0.02B,12.59%,$0.14B,$0.01B,5.93%,$0.14B,$0.01B,7.41%,$0.14B,$0.01B,8.15%,$0.14B,$-0.01B,-5.19%,$0.14B,$-0.01B,-5.19%,$-0.01B,$0.00B,254.55%,$-0.01B,$0.00B,155.56%,$-0.01B,$0.02B,-37.33%,$0.01B,$0.01B,228.57%,$34,$30,$4,$0,$4,$34,$-1,$-2,$-3,$0,$-3,$-3,$-3,$0,$-0,$2,2,$-0.40,$-0.40,$9,$2,$2,$16,$0,$0,$1,$2,$3,$20,$13,$6,$1,$6,$19,$0,$-50,$0,$1,$20,$-2,$1,$2,$3,$0,$-1,$1,$0,$1,$2,$-0,$0,$0,$0,$0,$0,$1,$0,$0,$-1,$-1,$2,$3,$0,$-0,$2,$4,$0,$0
30,2010-12-31,3.4,$0.00,0.0,$69.11,0.05,$-5.23,0.0,$-3.40,0.0,$0.02B,$0.02B,0.95,$0.01B,$-0.00B,-1.74,$0.13B,$0.02B,15.38%,$0.13B,$0.01B,6.15%,$0.13B,$0.01B,6.92%,$0.13B,$0.01B,8.46%,$0.13B,$-0.01B,-3.85%,$0.13B,$-0.01B,-3.85%,$-0.01B,$-0.00B,153.85%,$-0.01B,$-0.01B,95.24%,$-0.01B,$0.02B,-27.40%,$0.01B,$0.00B,266.67%,$35,$31,$4,$0,$3,$35,$0,$1,$1,$0,$1,$1,$1,$1,$1,$2,3,$0.40,$0.10,$8,$2,$2,$18,$0,$0,$2,$1,$3,$22,$19,$6,$1,$6,$25,$0,$-48,$0,$-3,$22,$1,$1,$-1,$-0,$-1,$-2,$2,$-0,$-0,$1,$-0,$0,$0,$0,$0,$0,$1,$0,$0,$-1,$-1,$1,$3,$0,$-0,$2,$3,$0,$0
31,2010-09-30,4.0,$-3.60,-1.11,$72.76,0.05,$-6.27,0.0,$-3.80,0.0,$0.01B,$0.02B,0.78,$0.01B,$-0.01B,-0.98,$0.12B,$0.02B,18.70%,$0.12B,$0.01B,6.50%,$0.12B,$0.01B,6.50%,$0.12B,$0.01B,8.13%,$0.12B,$-0.01B,-5.69%,$0.12B,$-0.01B,-4.88%,$-0.01B,$-0.01B,240.00%,$-0.01B,$-0.01B,126.32%,$-0.01B,$0.02B,-35.29%,$0.01B,$0.00B,200.00%,$38,$34,$4,$0,$-7,$27,$11,$-1,$-3,$0,$-3,$-3,$-3,$11,$11,$2,2,$-1.70,$-1.70,$7,$0,$2,$13,$6,$0,$2,$2,$10,$17,$16,$6,$1,$8,$24,$0,$-48,$0,$-6,$17,$-7,$2,$1,$2,$1,$0,$-3,$0,$-0,$-4,$-1,$0,$0,$0,$0,$0,$0,$-1,$0,$-0,$2,$0,$2,$0,$1,$4,$-1,$1,$0
32,2010-06-30,3.1,$0.00,0.0,$68.79,0.05,$-4.00,0.0,$-3.70,0.0,$0.01B,$0.01B,1.07,$0.01B,$-0.00B,-2.57,$0.12B,$0.03B,21.55%,$0.12B,$-0.01B,-4.31%,$0.12B,$-0.01B,-4.31%,$0.12B,$-0.00B,-2.59%,$0.12B,$-0.01B,-6.03%,$0.12B,$-0.01B,-4.31%,$-0.01B,$-0.00B,500.00%,$-0.01B,$-0.01B,153.85%,$-0.01B,$0.02B,-27.40%,$-0.01B,$0.01B,-90.91%,$28,$23,$5,$0,$7,$30,$-2,$-0,$-2,$0,$-2,$-2,$-2,$-1,$-2,$2,2,$-1.20,$-1.20,$4,$1,$3,$12,$0,$0,$2,$2,$4,$16,$11,$8,$1,$8,$19,$0,$-46,$0,$-3,$16,$-4,$2,$0,$2,$0,$0,$0,$0,$-2,$-3,$-0,$0,$0,$0,$0,$0,$0,$-0,$0,$-1,$2,$0,$0,$0,$0,$1,$-2,$0,$0
33,2010-03-31,5.5,$0.00,0.0,$72.11,0.08,$-2.87,0.0,$-3.10,0.0,$0.01B,$0.01B,1.0,$0.01B,$-0.00B,-4.97,$0.12B,$0.03B,22.13%,$0.12B,$-0.00B,-3.28%,$0.12B,$-0.00B,-3.28%,$0.12B,$-0.00B,-1.64%,$0.12B,$-0.01B,-4.92%,$0.12B,$-0.00B,-3.28%,$-0.00B,$-0.00B,-1600.00%,$-0.00B,$-0.00B,200.00%,$-0.00B,$0.02B,-20.25%,$-0.00B,$0.01B,-64.00%,$29,$22,$7,$0,$7,$30,$-1,$-0,$-1,$0,$-1,$-1,$-1,$0,$-1,$2,2,$-0.60,$-0.60,$5,$1,$2,$13,$0,$1,$2,$2,$4,$18,$13,$6,$1,$7,$19,$0,$-43,$0,$-1,$18,$-1,$1,$0,$1,$0,$0,$0,$0,$-1,$-1,$-0,$0,$0,$0,$0,$0,$0,$-0,$0,$-1,$0,$0,$0,$0,$0,$-1,$-2,$0,$0
34,2009-12-31,7.5,$0.00,0.0,$69.60,0.11,$-3.92,0.0,$-3.70,0.0,$0.01B,$0.01B,1.01,$0.01B,$0.00B,-17.38,$0.12B,$0.03B,22.88%,$0.12B,$-0.01B,-4.24%,$0.12B,$-0.01B,-4.24%,$0.12B,$-0.00B,-2.54%,$0.12B,$-0.01B,-5.93%,$0.12B,$-0.01B,-4.24%,$-0.01B,$0.00B,-400.00%,$-0.01B,$-0.00B,400.00%,$-0.01B,$0.02B,-24.10%,$-0.01B,$0.01B,-71.43%,$28,$21,$7,$0,$7,$29,$-0,$-0,$-1,$0,$-1,$-0,$-0,$0,$-0,$2,2,$-0.30,$-0.30,$5,$0,$3,$11,$0,$1,$2,$2,$5,$17,$11,$6,$0,$6,$18,$0,$-42,$0,$-0,$17,$-0,$1,$0,$1,$0,$0,$0,$0,$-2,$-1,$-0,$0,$0,$0,$0,$0,$0,$-0,$0,$0,$0,$0,$0,$0,$0,$0,$-1,$0,$0
35,2009-09-30,6.9,$0.00,0.0,$70.01,0.1,$-3.11,0.0,$-4.10,0.0,$0.02B,$0.02B,1.03,$0.01B,$0.00B,41.5,$0.12B,$0.03B,22.88%,$0.12B,$-0.01B,-5.08%,$0.12B,$-0.01B,-5.08%,$0.12B,$-0.00B,-2.54%,$0.12B,$-0.01B,-5.93%,$0.12B,$-0.01B,-5.08%,$-0.01B,$0.00B,-266.67%,$-0.01B,$-0.00B,inf%,$-0.01B,$0.02B,-26.67%,$-0.01B,$0.01B,-75.00%,$31,$24,$6,$0,$9,$33,$-2,$-0,$-3,$0,$-3,$-2,$-2,$-2,$-2,$2,2,$-1.60,$-1.60,$6,$1,$3,$15,$0,$1,$2,$2,$5,$22,$15,$6,$1,$7,$21,$0,$-41,$0,$0,$22,$-6,$2,$0,$2,$0,$0,$0,$0,$3,$-0,$-1,$0,$0,$0,$0,$0,$0,$-1,$0,$0,$-0,$0,$0,$0,$0,$0,$-1,$0,$0
36,2009-06-30,7.0,$0.00,0.0,$68.13,0.1,$-6.50,0.0,$-13.30,0.0,$0.01B,$0.01B,0.87,$0.01B,$0.00B,2.34,$0.11B,$0.03B,22.81%,$0.11B,$-0.01B,-7.02%,$0.11B,$-0.01B,-7.02%,$0.11B,$-0.00B,-3.51%,$0.11B,$-0.02B,-19.30%,$0.11B,$-0.02B,-19.30%,$-0.02B,$0.00B,-628.57%,$-0.02B,$0.00B,-2200.00%,$-0.02B,$0.02B,-95.65%,$-0.01B,$0.01B,-88.89%,$34,$26,$7,$0,$8,$34,$-1,$-0,$-1,$0,$-1,$-1,$-1,$-0,$-1,$2,2,$-0.60,$-0.60,$6,$1,$0,$12,$0,$0,$2,$6,$8,$22,$14,$5,$0,$5,$20,$0,$-38,$0,$2,$22,$-4,$1,$0,$1,$0,$0,$0,$0,$1,$-1,$-1,$0,$0,$0,$0,$0,$0,$-1,$0,$-1,$0,$0,$1,$0,$-0,$-0,$-1,$0,$0
37,2009-03-31,6.5,$0.00,0.0,$69.99,0.09,$-11.36,0.0,$-13.90,0.0,$0.01B,$0.01B,0.83,$0.01B,$0.00B,1.96,$0.10B,$0.02B,23.23%,$0.10B,$-0.01B,-8.08%,$0.10B,$-0.01B,-8.08%,$0.10B,$-0.01B,-5.05%,$0.10B,$-0.02B,-22.22%,$0.10B,$-0.02B,-22.22%,$-0.02B,$0.00B,-517.65%,$-0.02B,$0.00B,-977.78%,$-0.02B,$0.02B,-101.15%,$-0.01B,$0.01B,-84.21%,$25,$18,$7,$0,$8,$26,$-2,$-0,$-2,$0,$-2,$-2,$-2,$-1,$-2,$2,2,$-1.20,$-1.20,$4,$2,$0,$12,$0,$0,$3,$7,$9,$22,$14,$5,$0,$5,$20,$0,$-37,$0,$3,$22,$-3,$1,$0,$1,$0,$0,$0,$0,$-1,$-2,$-0,$0,$0,$0,$0,$0,$0,$-0,$0,$-0,$0,$0,$0,$0,$0,$-0,$-3,$0,$0
38,2008-12-31,8.6,$0.00,0.0,$73.93,0.12,$-13.73,0.0,$-14.40,0.0,$0.01B,$0.02B,0.9,$0.01B,$0.00B,1.18,$0.09B,$0.02B,22.22%,$0.09B,$-0.01B,-7.78%,$0.09B,$-0.01B,-7.78%,$0.09B,$-0.01B,-5.56%,$0.09B,$-0.02B,-23.33%,$0.09B,$-0.02B,-23.33%,$-0.02B,$0.00B,-442.11%,$-0.02B,$0.00B,-600.00%,$-0.02B,$0.02B,-106.33%,$-0.01B,$0.01B,-73.68%,$28,$21,$7,$0,$8,$29,$-1,$-0,$-1,$0,$-1,$-1,$-1,$-0,$-1,$2,2,$-0.70,$-0.70,$7,$2,$0,$13,$0,$0,$3,$7,$10,$24,$15,$5,$0,$5,$20,$0,$-35,$0,$4,$24,$-1,$0,$0,$0,$0,$0,$0,$0,$1,$0,$-0,$0,$0,$0,$0,$0,$0,$-0,$0,$0,$0,$0,$0,$0,$0,$0,$-0,$0,$0
39,2008-09-30,10.0,$0.00,0.0,$80.64,0.12,$-17.55,0.0,$-15.20,0.0,$0.01B,$0.01B,0.94,$0.01B,$0.01B,0.95,$0.08B,$0.02B,20.73%,$0.08B,$-0.01B,-8.54%,$0.08B,$-0.01B,-8.54%,$0.08B,$-0.01B,-7.32%,$0.08B,$-0.02B,-25.61%,$0.08B,$-0.02B,-25.61%,$-0.02B,$0.01B,-400.00%,$-0.02B,$0.00B,-466.67%,$-0.02B,$0.02B,-121.74%,$-0.01B,$0.01B,-82.35%,$27,$21,$5,$0,$10,$31,$-4,$-13,$-18,$0,$-18,$-18,$-18,$-3,$-4,$2,2,$-10.80,$-10.80,$7,$1,$0,$13,$0,$0,$3,$7,$10,$24,$14,$5,$0,$5,$19,$0,$-34,$0,$5,$24,$-21,$1,$0,$1,$0,$0,$0,$0,$-1,$-6,$-0,$0,$0,$0,$0,$0,$4,$3,$0,$0,$6,$0,$0,$0,$-1,$5,$2,$0,$0
40,2008-06-30,17.5,$0.00,0.0,$107.13,0.16,$-9.06,0.0,$-5.10,0.0,$0.01B,$0.01B,1.61,$0.01B,$0.01B,1.08,$0.08B,$0.02B,22.37%,$0.08B,$-0.00B,-5.26%,$0.08B,$-0.00B,-5.26%,$0.08B,$-0.00B,-5.26%,$0.08B,$-0.00B,-5.26%,$0.08B,$-0.00B,-5.26%,$-0.00B,$0.01B,-69.57%,$-0.00B,$0.01B,-69.57%,$-0.00B,$0.02B,-25.81%,$-0.00B,$0.01B,-51.61%,$19,$15,$4,$0,$5,$19,$-1,$-0,$-1,$0,$-1,$-1,$-1,$-1,$-1,$1,1,$-1.20,$-1.20,$5,$0,$0,$10,$0,$0,$0,$6,$6,$17,$7,$5,$0,$5,$12,$0,$-17,$0,$5,$17,$-3,$0,$0,$0,$0,$0,$0,$0,$-2,$-5,$-0,$0,$0,$0,$0,$0,$0,$-0,$0,$0,$6,$0,$0,$0,$-1,$5,$1,$0,$0
41,2008-03-31,22.0,$0.00,0.0,$104.17,0.21,$0.45,49.28,$-2.50,0.0,$0.01B,$0.01B,1.37,$0.00B,$0.01B,0.63,$0.08B,$0.02B,24.68%,$0.08B,$-0.00B,-1.30%,$0.08B,$-0.00B,-1.30%,$0.08B,$-0.00B,-1.30%,$0.08B,$-0.00B,-1.30%,$0.08B,$-0.00B,-1.30%,$-0.00B,$0.01B,-16.00%,$-0.00B,$0.01B,-16.00%,$-0.00B,$0.01B,-6.67%,$-0.00B,$0.01B,-13.79%,$16,$13,$4,$0,$5,$18,$-1,$0,$-1,$0,$-1,$-1,$-1,$-1,$-1,$1,1,$-1.70,$-1.70,$4,$0,$0,$9,$0,$0,$0,$5,$5,$14,$6,$3,$0,$3,$10,$0,$-16,$0,$5,$14,$-3,$0,$0,$0,$0,$0,$0,$0,$-1,$-3,$-0,$0,$0,$0,$0,$0,$0,$-0,$0,$3,$0,$0,$0,$0,$-0,$3,$-1,$0,$0
42,2007-12-31,25.5,$0.00,0.0,$100.99,0.25,$4.43,5.76,$-0.30,0.0,$0.01B,$0.01B,1.56,$0.00B,$0.01B,0.09,$0.08B,$0.02B,25.32%,$0.08B,$0.00B,1.27%,$0.08B,$0.00B,1.27%,$0.08B,$0.00B,1.27%,$0.08B,$0.00B,1.27%,$0.08B,$0.00B,1.27%,$0.00B,$0.01B,16.67%,$0.00B,$0.01B,16.67%,$0.00B,$0.01B,6.90%,$0.00B,$0.01B,14.81%,$20,$16,$4,$0,$5,$21,$-1,$-0,$-1,$0,$-1,$-1,$-1,$-1,$-1,$1,1,$-1.50,$-1.50,$1,$1,$4,$12,$0,$1,$0,$1,$2,$14,$8,$1,$0,$1,$8,$0,$-14,$0,$6,$14,$-1,$0,$0,$0,$0,$0,$0,$0,$-2,$-3,$-0,$0,$0,$0,$0,$0,$0,$-0,$0,$0,$0,$0,$0,$0,$-0,$-0,$-3,$0,$0
43,2007-09-30,28.0,$0.00,0.0,$104.52,0.27,$5.78,4.84,$0.80,35.0,$0.01B,$0.01B,1.22,$0.00B,$0.01B,0.07,$0.07B,$0.02B,28.77%,$0.07B,$0.00B,2.74%,$0.07B,$0.00B,2.74%,$0.07B,$0.00B,2.74%,$0.07B,$0.00B,2.74%,$0.07B,$0.00B,2.74%,$0.00B,$0.01B,38.10%,$0.00B,$0.01B,38.10%,$0.00B,$0.02B,14.29%,$0.00B,$0.01B,32.00%,$21,$16,$5,$0,$5,$21,$-1,$-0,$-1,$0,$-1,$-1,$-1,$-1,$-1,$0,0,$-1.60,$-0.70,$5,$1,$0,$12,$0,$0,$0,$5,$5,$17,$10,$1,$0,$1,$10,$0,$-13,$0,$7,$17,$1,$0,$0,$0,$0,$0,$0,$0,$0,$2,$-0,$0,$0,$0,$0,$0,$0,$-0,$0,$0,$0,$0,$1,$-0,$-0,$1,$4,$0,$0
44,2007-06-30,30.0,$0.00,0.0,$114.82,0.26,$1.94,15.49,$0.20,150.0,$0.01B,$0.01B,1.9,$0.00B,$0.01B,0.2,$0.06B,$0.02B,31.25%,$0.06B,$0.00B,4.69%,$0.06B,$0.00B,4.69%,$0.06B,$0.00B,4.69%,$0.06B,$0.00B,4.69%,$0.06B,$0.00B,4.69%,$0.00B,$0.01B,70.59%,$0.00B,$0.01B,70.59%,$0.00B,$0.02B,24.49%,$0.00B,$0.01B,54.55%,$20,$14,$6,$0,$4,$18,$2,$-0,$2,$0,$2,$2,$2,$2,$2,$1,1,$2.60,$1.40,$6,$1,$2,$14,$0,$0,$0,$1,$1,$15,$7,$1,$0,$1,$9,$0,$-13,$0,$7,$15,$2,$0,$0,$0,$0,$0,$0,$0,$2,$4,$-0,$0,$0,$0,$0,$0,$0,$-0,$0,$0,$0,$0,$1,$-0,$-0,$1,$5,$0,$0
45,2007-03-31,16.5,$0.00,0.0,$121.76,0.14,$0.21,78.91,$-1.10,0.0,$0.01B,$0.01B,1.54,$0.00B,$0.00B,0.51,$0.06B,$0.02B,31.03%,$0.06B,$0.00B,1.72%,$0.06B,$0.00B,1.72%,$0.06B,$0.00B,1.72%,$0.06B,$0.00B,1.72%,$0.06B,$0.00B,1.72%,$0.00B,$0.00B,33.33%,$0.00B,$0.00B,33.33%,$0.00B,$0.01B,8.89%,$0.00B,$0.01B,22.22%,$18,$12,$5,$0,$5,$17,$1,$-0,$1,$0,$1,$1,$1,$1,$1,$1,1,$0.90,$0.50,$2,$1,$2,$10,$0,$1,$0,$1,$2,$12,$6,$2,$0,$2,$8,$0,$-14,$0,$4,$12,$0,$0,$0,$0,$0,$0,$0,$0,$-1,$-0,$-0,$0,$0,$0,$0,$0,$0,$-0,$0,$0,$0,$0,$0,$-0,$-0,$0,$0,$0,$0
46,2006-12-31,16.5,$0.00,0.0,$124.11,0.13,$1.18,13.95,$-1.20,0.0,$0.01B,$0.01B,1.01,$0.00B,$0.00B,0.35,$0.06B,$0.02B,30.51%,$0.06B,$0.00B,1.69%,$0.06B,$0.00B,1.69%,$0.06B,$0.00B,1.69%,$0.06B,0,0.00%,$0.06B,0,0.00%,$0.00B,$0.00B,0.00%,$0.00B,$0.00B,0.00%,$0.00B,$0.01B,0.00%,$0.00B,$0.00B,23.53%,$14,$10,$5,$0,$4,$14,$0,$-0,$-0,$0,$-0,$-0,$-0,$0,$0,$1,1,$-0.40,$-0.40,$0,$2,$0,$8,$0,$1,$0,$3,$4,$12,$8,$1,$0,$1,$9,$0,$-14,$0,$3,$12,$-0,$0,$0,$0,$0,$0,$0,$0,$-1,$-1,$-0,$0,$0,$0,$0,$0,$0,$-0,$0,$0,$0,$0,$0,$-0,$0,$0,$-1,$0,$0
