,Date,Stock Price,Book Value per Share,Price to Book Ratio,TTM Sales per Share,Price to Sales Ratio,TTM FCF per Share,Price to FCF Ratio,TTM Net EPS,PE Ratio,Current Assets,Current Liabilities,Current Ratio,Long Term Debt,Shareholder's Equity_x,Debt to Equity Ratio,TTM Revenue_x,TTM Gross Profit,Gross Margin,TTM Revenue_y,TTM Operating Income,Operating Margin,TTM Revenue_x,TTM EBIT,EBIT Margin,TTM Revenue_y,TTM EBITDA,EBITDA Margin,TTM Revenue_x,TTM Pre-Tax Income,Pre-Tax Margin,TTM Revenue_y,TTM Net Income_x,Net Margin,TTM Net Income_y,Shareholder's Equity_y,Return on Equity,TTM Net Income_x,Tangible Equity,Return on Tangible Equity,TTM Net Income_y,Total Assets,Return on Assets,TTM Net Income,LT Investments & Debt,Return on Investment,revenue,cost-goods-sold,gross-profit,research-development-expenses,selling-general-administrative-expenses,operating-expenses,operating-income,total-non-operating-income-expense,pre-tax-income,total-provision-income-taxes,income-after-taxes,income-from-continuous-operations,net-income,ebitda,ebit,basic-shares-outstanding,shares-outstanding,eps-basic-net-earnings-per-share,eps-earnings-per-share-diluted,cash-on-hand,inventory,other-current-assets,total-current-assets,net-property-plant-equipment,long-term-investments,goodwill-intangible-assets-total,other-long-term-assets,total-long-term-assets,total-assets,total-current-liabilities,long-term-debt,other-non-current-liabilities,total-long-term-liabilities,total-liabilities,common-stock-net,retained-earnings-accumulated-deficit,comprehensive-income,total-share-holder-equity,total-liabilities-share-holders-equity,net-income-loss,total-depreciation-amortization-cash-flow,other-non-cash-items,total-non-cash-items,change-in-accounts-receivable,change-in-inventories,change-in-accounts-payable,change-in-assets-liabilities,total-change-in-assets-liabilities,cash-flow-from-operating-activities,net-change-in-property-plant-equipment,net-change-in-intangible-assets,net-acquisitions-divestitures,net-change-in-short-term-investments,net-change-in-long-term-investments,net-change-in-investments-total,investing-activities-other,cash-flow-from-investing-activities,net-long-term-debt,net-current-debt,debt-issuance-retirement-net-total,net-common-equity-issued-repurchased,net-total-equity-issued-repurchased,total-common-preferred-stock-dividends-paid,financial-activities-other,cash-flow-from-financial-activities,net-cash-flow,stock-based-compensation,common-stock-dividends-paid
0,2018-09-30,46.1,$16.48,2.8,$33.17,1.39,$2.23,20.7,$2.85,16.18,$0.77B,$0.75B,1.03,$1.18B,$1.42B,0.83,$2.91B,$0.64B,21.93%,$2.91B,$0.20B,6.73%,$2.91B,$0.20B,6.73%,$2.91B,$0.28B,9.68%,$2.91B,$0.17B,5.70%,$2.91B,$0.23B,8.03%,$0.23B,$1.42B,16.47%,$0.23B,$1.40B,16.79%,$0.23B,$4.14B,5.75%,$0.20B,$2.60B,7.77%,$647,$553,$95,$0,$91,$667,$-19,$-6,$-26,$-6,$-20,$-16,$-16,$2,$-19,$88,88,$-0.20,$-0.21,$1,$199,$347,$770,$2651,$224,$23,$107,$3374,$4144,$751,$1181,$401,$1974,$2725,$226,$1007,$-13,$1419,$4144,$233,$86,$-50,$36,$-8,$15,$40,$79,$129,$398,$-385,$0,$18,$0,$-6,$-6,$0,$-373,$60,$-114,$-55,$59,$59,$-96,$66,$-26,$-1,$0,$-96
1,2018-06-30,44.75,$16.44,2.72,$32.00,1.4,$0.62,71.86,$2.43,18.42,$0.74B,$0.51B,1.45,$1.22B,$1.45B,0.84,$2.80B,$0.61B,21.72%,$2.80B,$0.18B,6.53%,$2.80B,$0.18B,6.53%,$2.80B,$0.27B,9.59%,$2.80B,$0.15B,5.35%,$2.80B,$0.21B,7.60%,$0.21B,$1.45B,15.49%,$0.21B,$1.43B,15.85%,$0.21B,$3.98B,5.31%,$0.18B,$2.67B,7.53%,$543,$478,$65,$0,$77,$581,$-38,$-8,$-46,$-29,$-17,$-14,$-14,$-17,$-38,$88,88,$-0.16,$-0.16,$1,$150,$343,$737,$2573,$213,$24,$83,$3240,$3977,$507,$1220,$412,$2020,$2527,$226,$1046,$-16,$1450,$3977,$250,$65,$-41,$23,$-6,$64,$5,$56,$120,$393,$-267,$0,$18,$0,$-5,$-5,$0,$-254,$91,$-209,$-118,$55,$55,$-71,$-6,$-140,$-1,$0,$-71
2,2018-03-31,39.84,$16.74,2.38,$31.06,1.28,$-0.88,0.0,$2.81,14.18,$0.82B,$0.69B,1.17,$1.00B,$1.47B,0.68,$2.72B,$0.65B,23.98%,$2.72B,$0.24B,8.79%,$2.72B,$0.24B,8.79%,$2.72B,$0.33B,11.95%,$2.72B,$0.21B,7.58%,$2.72B,$0.25B,9.05%,$0.25B,$1.47B,18.44%,$0.25B,$1.44B,18.80%,$0.25B,$3.96B,6.17%,$0.24B,$2.47B,10.36%,$1019,$720,$299,$0,$79,$841,$178,$-10,$168,$31,$137,$140,$140,$200,$178,$88,88,$1.60,$1.59,$5,$85,$417,$815,$2476,$212,$23,$83,$3146,$3961,$694,$998,$420,$1799,$2493,$225,$1084,$-14,$1467,$3961,$264,$44,$-6,$38,$-151,$129,$-18,$50,$10,$312,$-165,$0,$-1,$0,$-3,$-3,$0,$-169,$-5,$-115,$-120,$33,$33,$-47,$-6,$-141,$3,$0,$-47
3,2017-12-31,39.66,$15.41,2.57,$27.90,1.42,$-2.36,0.0,$2.54,15.62,$0.83B,$0.99B,0.83,$1.00B,$1.35B,0.74,$2.43B,$0.61B,24.86%,$2.43B,$0.20B,8.26%,$2.43B,$0.20B,8.26%,$2.43B,$0.29B,11.71%,$2.43B,$0.17B,7.07%,$2.43B,$0.22B,9.08%,$0.22B,$1.35B,17.15%,$0.22B,$1.31B,17.41%,$0.22B,$4.19B,5.58%,$0.20B,$2.35B,8.86%,$705,$525,$180,$0,$72,$630,$75,$-5,$70,$-50,$120,$124,$124,$97,$75,$87,87,$1.42,$1.42,$5,$217,$245,$826,$2649,$235,$38,$76,$3361,$4187,$991,$1001,$448,$1848,$2839,$225,$968,$-8,$1348,$4187,$124,$22,$-16,$6,$-192,$-3,$-26,$67,$-153,$-24,$-67,$0,$-10,$-0,$0,$0,$0,$-77,$-2,$107,$106,$27,$27,$-24,$-5,$103,$3,$0,$-24
4,2017-09-30,41.31,$14.69,2.81,$26.05,1.59,$-2.84,0.0,$1.52,27.18,$0.58B,$0.80B,0.72,$1.00B,$1.24B,0.81,$2.27B,$0.57B,24.89%,$2.27B,$0.17B,7.36%,$2.27B,$0.17B,7.36%,$2.27B,$0.25B,10.97%,$2.27B,$0.14B,6.04%,$2.27B,$0.13B,5.81%,$0.13B,$1.24B,10.57%,$0.13B,$1.20B,10.66%,$0.13B,$3.93B,3.38%,$0.17B,$2.23B,7.47%,$537,$471,$65,$0,$73,$569,$-32,$-10,$-42,$-2,$-40,$-37,$-37,$-11,$-32,$86,87,$-0.43,$-0.42,$2,$214,$147,$579,$2610,$238,$41,$84,$3349,$3929,$803,$997,$216,$1889,$2692,$222,$868,$-3,$1237,$3929,$132,$82,$5,$87,$-57,$3,$13,$59,$29,$248,$-374,$0,$0,$0,$-16,$-16,$0,$-391,$2,$144,$146,$11,$11,$-88,$38,$107,$-35,$0,$-88
5,2017-06-30,38.66,$14.86,2.6,$25.30,1.53,$-3.84,0.0,$2.23,17.33,$0.64B,$0.78B,0.82,$0.90B,$1.29B,0.7,$2.20B,$0.63B,28.52%,$2.20B,$0.24B,10.94%,$2.20B,$0.24B,10.94%,$2.20B,$0.32B,14.62%,$2.20B,$0.22B,9.76%,$2.20B,$0.19B,8.81%,$0.19B,$1.29B,15.76%,$0.19B,$1.29B,15.76%,$0.19B,$3.88B,5.04%,$0.24B,$2.18B,10.80%,$458,$349,$108,$0,$64,$440,$18,$-8,$10,$-6,$16,$19,$19,$39,$18,$86,87,$0.22,$0.22,$62,$213,$144,$638,$2557,$226,$0,$68,$3240,$3878,$776,$898,$224,$1817,$2593,$222,$928,$-11,$1285,$3878,$169,$60,$-15,$46,$-26,$4,$-4,$35,$9,$223,$-229,$0,$0,$0,$-14,$-14,$0,$-243,$-43,$142,$98,$7,$7,$-66,$5,$45,$25,$0,$-66
6,2017-03-31,38.33,$14.89,2.57,$24.64,1.56,$-5.55,0.0,$1.81,21.18,$0.68B,$0.63B,1.08,$1.02B,$1.29B,0.8,$2.14B,$0.58B,27.00%,$2.14B,$0.20B,9.12%,$2.14B,$0.20B,9.12%,$2.14B,$0.27B,12.77%,$2.14B,$0.17B,8.00%,$2.14B,$0.16B,7.39%,$0.16B,$1.29B,13.14%,$0.16B,$1.29B,13.14%,$0.16B,$3.86B,4.17%,$0.20B,$2.31B,8.78%,$734,$482,$252,$0,$72,$594,$140,$-6,$134,$24,$110,$115,$115,$160,$140,$86,87,$1.33,$1.32,$93,$155,$177,$678,$2496,$219,$0,$67,$3179,$3857,$626,$1024,$239,$1945,$2571,$222,$931,$-8,$1286,$3857,$150,$40,$-8,$32,$-137,$62,$-10,$75,$-10,$172,$-155,$0,$0,$0,$-1,$-1,$0,$-156,$-42,$116,$75,$3,$3,$-44,$5,$39,$55,$0,$-44
7,2016-12-31,34.13,$13.75,2.48,$22.82,1.5,$-6.32,0.0,$1.33,25.66,$0.82B,$0.82B,0.99,$1.03B,$1.19B,0.87,$1.98B,$0.53B,26.66%,$1.98B,$0.15B,7.54%,$1.98B,$0.15B,7.54%,$1.98B,$0.23B,11.38%,$1.98B,$0.13B,6.37%,$1.98B,$0.12B,5.87%,$0.12B,$1.19B,9.81%,$0.12B,$1.19B,9.81%,$0.12B,$3.95B,3.15%,$0.15B,$2.21B,6.91%,$541,$401,$140,$0,$66,$500,$41,$-7,$35,$2,$33,$35,$35,$61,$41,$86,87,$0.41,$0.40,$47,$231,$263,$815,$2452,$210,$0,$65,$3134,$3950,$823,$1027,$251,$1941,$2764,$222,$839,$-9,$1185,$3950,$35,$19,$40,$60,$-152,$-14,$-12,$38,$-141,$-46,$-86,$0,$0,$0,$-1,$-1,$0,$-87,$-3,$163,$160,$-2,$-2,$-22,$5,$142,$9,$0,$-22
8,2016-09-30,31.37,$13.55,2.32,$21.72,1.44,$-6.31,0.0,$1.49,21.06,$0.61B,$0.57B,1.06,$1.06B,$1.17B,0.9,$1.88B,$0.53B,28.09%,$1.88B,$0.17B,8.88%,$1.88B,$0.17B,8.88%,$1.88B,$0.24B,12.77%,$1.88B,$0.15B,7.77%,$1.88B,$0.13B,6.97%,$0.13B,$1.17B,11.18%,$0.13B,$1.17B,11.18%,$0.13B,$3.72B,3.68%,$0.17B,$2.22B,7.95%,$469,$341,$128,$0,$64,$427,$42,$-6,$36,$13,$23,$25,$25,$62,$42,$86,87,$0.29,$0.30,$38,$217,$181,$607,$2408,$197,$0,$65,$3111,$3719,$572,$1055,$277,$1980,$2552,$222,$826,$-15,$1167,$3719,$132,$73,$36,$109,$11,$-46,$-16,$-50,$-98,$143,$-355,$0,$0,$0,$-8,$-8,$0,$-363,$262,$55,$317,$15,$15,$-82,$4,$253,$33,$0,$-82
9,2016-06-30,36.54,$13.60,2.69,$21.39,1.71,$-3.03,0.0,$1.25,29.23,$0.61B,$0.60B,1.01,$0.97B,$1.17B,0.83,$1.85B,$0.50B,26.77%,$1.85B,$0.13B,7.08%,$1.85B,$0.13B,7.08%,$1.85B,$0.20B,10.82%,$1.85B,$0.11B,6.17%,$1.85B,$0.11B,5.95%,$0.11B,$1.17B,9.51%,$0.11B,$1.17B,9.51%,$0.11B,$3.63B,3.19%,$0.13B,$2.14B,6.44%,$393,$336,$57,$0,$60,$422,$-28,$-5,$-34,$-14,$-20,$-17,$-17,$-10,$-28,$86,86,$-0.20,$-0.20,$95,$169,$164,$605,$2304,$203,$0,$73,$3028,$3633,$601,$968,$281,$1860,$2462,$222,$822,$-6,$1171,$3633,$106,$53,$44,$97,$10,$2,$-24,$-94,$-107,$97,$-250,$0,$0,$1,$-7,$-6,$0,$-255,$117,$178,$295,$11,$11,$-62,$4,$249,$90,$0,$-62
10,2016-03-31,34.3,$14.05,2.44,$22.18,1.55,$0.57,60.72,$1.36,25.22,$0.46B,$0.48B,0.96,$0.84B,$1.21B,0.7,$1.91B,$0.51B,26.65%,$1.91B,$0.15B,7.84%,$1.91B,$0.15B,7.84%,$1.91B,$0.22B,11.29%,$1.91B,$0.13B,6.95%,$1.91B,$0.12B,6.27%,$0.12B,$1.21B,10.48%,$0.12B,$1.21B,10.48%,$0.12B,$3.42B,3.58%,$0.15B,$2.05B,7.53%,$574,$372,$202,$0,$69,$480,$94,$-5,$89,$18,$71,$73,$73,$112,$94,$86,87,$0.85,$0.84,$2,$128,$183,$460,$2243,$210,$0,$70,$2960,$3420,$478,$844,$284,$1734,$2212,$222,$858,$-1,$1207,$3420,$124,$34,$-12,$22,$-17,$43,$-25,$-29,$-27,$118,$-168,$0,$0,$1,$-5,$-4,$0,$-171,$-6,$86,$80,$7,$7,$-41,$4,$50,$-3,$0,$-41
11,2015-12-31,30.82,$13.33,2.31,$27.30,1.13,$3.08,10.0,$1.23,25.06,$0.59B,$0.58B,1.02,$0.85B,$1.14B,0.74,$2.35B,$0.53B,22.35%,$2.35B,$0.14B,5.91%,$2.35B,$0.14B,5.91%,$2.35B,$0.20B,8.58%,$2.35B,$0.12B,5.14%,$2.35B,$0.11B,4.59%,$0.11B,$1.14B,9.55%,$0.11B,$1.14B,9.55%,$0.11B,$3.48B,3.25%,$0.14B,$1.99B,7.16%,$444,$303,$141,$0,$56,$385,$59,$-5,$55,$7,$48,$50,$50,$76,$59,$86,87,$0.59,$0.58,$2,$198,$161,$589,$2196,$200,$0,$69,$2888,$3477,$575,$848,$276,$1758,$2333,$222,$806,$-5,$1144,$3477,$50,$16,$15,$32,$-28,$-27,$-22,$-41,$-118,$-36,$-94,$0,$0,$0,$-1,$-1,$0,$-95,$-3,$145,$142,$3,$3,$-21,$4,$128,$-3,$0,$-21
12,2015-09-30,27.85,$12.94,2.15,$31.81,0.88,$3.99,6.99,$2.11,13.2,$0.49B,$0.44B,1.12,$0.84B,$1.11B,0.76,$2.73B,$0.65B,23.75%,$2.73B,$0.25B,9.11%,$2.73B,$0.25B,9.11%,$2.73B,$0.31B,11.31%,$2.73B,$0.23B,8.31%,$2.73B,$0.18B,6.62%,$0.18B,$1.11B,16.14%,$0.18B,$1.11B,16.14%,$0.18B,$3.28B,5.46%,$0.25B,$1.95B,13.14%,$438,$343,$95,$0,$69,$432,$6,$-3,$4,$3,$1,$4,$4,$22,$6,$85,86,$0.04,$0.04,$5,$171,$125,$488,$2128,$191,$0,$66,$2796,$3284,$436,$844,$281,$1741,$2177,$221,$778,$-9,$1107,$3284,$181,$61,$0,$62,$33,$115,$-15,$16,$148,$391,$-320,$0,$0,$-1,$-0,$-2,$0,$-322,$213,$-235,$-22,$27,$27,$-77,$5,$-66,$3,$0,$-77
13,2015-06-30,25.32,$13.15,1.93,$33.70,0.75,$4.05,6.26,$1.77,14.31,$0.56B,$0.40B,1.4,$0.85B,$1.12B,0.75,$2.89B,$0.62B,21.34%,$2.89B,$0.21B,7.41%,$2.89B,$0.21B,7.41%,$2.89B,$0.27B,9.42%,$2.89B,$0.18B,6.34%,$2.89B,$0.15B,5.30%,$0.15B,$1.12B,14.09%,$0.15B,$1.12B,14.09%,$0.15B,$3.21B,4.66%,$0.21B,$1.97B,11.90%,$458,$387,$72,$0,$57,$468,$-9,$-6,$-15,$-4,$-11,$-7,$-7,$6,$-9,$85,85,$-0.09,$-0.09,$70,$125,$126,$562,$2068,$152,$0,$75,$2647,$3209,$403,$848,$286,$1683,$2086,$221,$794,$-5,$1123,$3209,$177,$45,$14,$59,$-9,$161,$-27,$22,$147,$383,$-227,$0,$0,$-1,$-0,$-2,$0,$-229,$243,$-301,$-58,$25,$25,$-57,$5,$-86,$68,$0,$-57
14,2015-03-31,28.32,$13.47,2.1,$36.50,0.78,$4.38,6.47,$1.69,16.76,$0.75B,$0.66B,1.14,$0.70B,$1.15B,0.61,$3.12B,$0.59B,19.02%,$3.12B,$0.19B,6.22%,$3.12B,$0.19B,6.22%,$3.12B,$0.25B,8.02%,$3.12B,$0.17B,5.55%,$3.12B,$0.15B,4.68%,$0.15B,$1.15B,13.79%,$0.15B,$1.15B,13.79%,$0.15B,$3.33B,4.48%,$0.19B,$1.85B,11.31%,$1013,$795,$218,$0,$77,$930,$83,$-5,$77,$20,$57,$61,$61,$98,$83,$85,86,$0.71,$0.71,$103,$80,$216,$746,$2017,$151,$0,$68,$2588,$3333,$655,$699,$292,$1527,$2182,$221,$821,$-5,$1151,$3333,$184,$30,$10,$40,$-179,$206,$-35,$111,$102,$327,$-158,$0,$0,$0,$-2,$-2,$0,$-160,$95,$-155,$-60,$24,$24,$-38,$8,$-65,$101,$0,$-38
15,2014-12-31,27.69,$12.94,2.14,$43.37,0.64,$5.64,4.91,$3.02,9.18,$0.90B,$0.82B,1.1,$0.70B,$1.10B,0.64,$3.68B,$0.76B,20.60%,$3.68B,$0.36B,9.72%,$3.68B,$0.36B,9.72%,$3.68B,$0.41B,11.18%,$3.68B,$0.34B,9.15%,$3.68B,$0.26B,7.00%,$0.26B,$1.10B,25.04%,$0.26B,$1.10B,25.04%,$0.26B,$3.44B,8.02%,$0.36B,$1.81B,21.44%,$824,$560,$264,$0,$59,$655,$169,$-7,$161,$41,$121,$123,$123,$183,$169,$85,86,$1.46,$1.44,$12,$277,$280,$900,$1957,$152,$0,$66,$2544,$3444,$816,$703,$287,$1525,$2341,$114,$779,$-5,$1104,$3444,$123,$14,$-52,$-38,$-166,$8,$-54,$167,$-45,$41,$-92,$0,$0,$0,$-1,$-1,$0,$-92,$98,$-47,$51,$20,$20,$-19,$8,$61,$10,$0,$-19
16,2014-09-30,22.68,$11.45,1.98,$44.14,0.51,$4.78,4.74,$1.67,13.62,$0.68B,$0.79B,0.86,$0.60B,$0.97B,0.62,$3.74B,$0.60B,16.02%,$3.74B,$0.20B,5.38%,$3.74B,$0.20B,5.38%,$3.74B,$0.25B,6.80%,$3.74B,$0.18B,4.90%,$3.74B,$0.14B,3.83%,$0.14B,$0.97B,14.67%,$0.14B,$0.97B,14.67%,$0.14B,$3.16B,4.53%,$0.20B,$1.56B,12.82%,$592,$530,$62,$0,$72,$621,$-29,$-12,$-40,$-14,$-27,$-24,$-24,$-15,$-29,$84,85,$-0.29,$-0.29,$2,$286,$152,$683,$1884,$164,$0,$51,$2476,$3159,$791,$598,$284,$1402,$2193,$218,$675,$-6,$966,$3159,$142,$53,$47,$99,$48,$43,$35,$-9,$117,$358,$-283,$0,$0,$0,$1,$1,$0,$-283,$42,$-65,$-22,$10,$10,$-71,$7,$-76,$-1,$0,$-71
17,2014-06-30,25.44,$12.01,2.12,$45.94,0.55,$2.91,8.75,$1.72,14.84,$0.70B,$0.68B,1.02,$0.63B,$1.01B,0.62,$3.88B,$0.58B,14.82%,$3.88B,$0.20B,5.10%,$3.88B,$0.20B,5.10%,$3.88B,$0.25B,6.42%,$3.88B,$0.19B,4.77%,$3.88B,$0.15B,3.79%,$0.15B,$1.01B,15.39%,$0.15B,$1.01B,15.39%,$0.15B,$3.11B,4.72%,$0.20B,$1.64B,12.97%,$688,$639,$49,$0,$55,$717,$-29,$4,$-25,$-8,$-17,$-14,$-14,$-16,$-29,$84,84,$-0.17,$-0.17,$3,$229,$146,$695,$1818,$160,$0,$57,$2410,$3106,$682,$627,$296,$1411,$2093,$113,$718,$-1,$1013,$3106,$166,$39,$62,$101,$-38,$100,$8,$39,$109,$376,$-195,$0,$0,$0,$1,$1,$0,$-194,$46,$-191,$-145,$8,$8,$-53,$8,$-182,$0,$0,$-53
18,2014-03-31,22.0,$12.35,1.78,$46.97,0.47,$0.64,34.59,$2.24,9.84,$0.84B,$0.71B,1.18,$0.63B,$1.04B,0.61,$3.96B,$0.64B,16.27%,$3.96B,$0.27B,6.92%,$3.96B,$0.27B,6.92%,$3.96B,$0.32B,8.18%,$3.96B,$0.25B,6.37%,$3.96B,$0.19B,4.80%,$0.19B,$1.04B,20.54%,$0.19B,$1.04B,20.54%,$0.19B,$3.16B,6.15%,$0.27B,$1.67B,18.65%,$1580,$1196,$384,$0,$86,$1333,$247,$-6,$241,$72,$170,$173,$173,$260,$247,$84,85,$2.06,$2.04,$10,$150,$182,$836,$1738,$160,$0,$52,$2325,$3161,$711,$628,$303,$1411,$2122,$113,$750,$-2,$1039,$3161,$181,$25,$73,$99,$-295,$179,$4,$216,$104,$383,$-111,$0,$0,$0,$1,$1,$0,$-110,$60,$-302,$-242,$3,$3,$-35,$8,$-267,$7,$0,$-35
19,2013-12-31,20.24,$10.48,1.93,$39.81,0.51,$-2.37,0.0,$0.74,27.36,$0.90B,$1.05B,0.85,$0.52B,$0.88B,0.59,$3.34B,$0.42B,12.57%,$3.34B,$0.08B,2.51%,$3.34B,$0.08B,2.51%,$3.34B,$0.13B,3.98%,$3.34B,$0.07B,1.95%,$3.34B,$0.06B,1.86%,$0.06B,$0.88B,6.97%,$0.06B,$0.88B,6.97%,$0.06B,$3.20B,2.04%,$0.08B,$1.40B,5.96%,$878,$775,$104,$0,$59,$866,$12,$-5,$7,$2,$6,$8,$8,$25,$12,$84,84,$0.09,$0.09,$10,$297,$201,$898,$1693,$160,$0,$48,$2298,$3197,$1053,$518,$304,$1262,$2315,$113,$595,$-2,$882,$3197,$8,$13,$48,$61,$-180,$32,$-10,$21,$-137,$-69,$-55,$0,$0,$0,$0,$0,$0,$-54,$-2,$138,$136,$4,$4,$-18,$8,$130,$7,$0,$-18
20,2013-09-30,19.1,$10.57,1.81,$38.23,0.5,$-2.04,0.0,$1.37,13.94,$0.75B,$0.85B,0.88,$0.51B,$0.89B,0.58,$3.20B,$0.49B,15.17%,$3.20B,$0.16B,4.97%,$3.20B,$0.16B,4.97%,$3.20B,$0.21B,6.44%,$3.20B,$0.14B,4.38%,$3.20B,$0.11B,3.56%,$0.11B,$0.89B,12.88%,$0.11B,$0.89B,12.88%,$0.11B,$3.01B,3.84%,$0.16B,$1.40B,11.30%,$734,$696,$38,$0,$53,$766,$-32,$-6,$-38,$-16,$-22,$-20,$-20,$-20,$-32,$83,84,$-0.24,$-0.24,$3,$329,$128,$746,$1643,$162,$0,$46,$2259,$3005,$852,$513,$302,$1266,$2117,$113,$605,$-2,$887,$3005,$115,$47,$2,$49,$-72,$-56,$1,$77,$-50,$114,$-197,$0,$0,$0,$4,$4,$0,$-194,$41,$86,$127,$11,$11,$-67,$7,$78,$-2,$0,$-67
21,2013-06-30,17.67,$10.78,1.64,$36.28,0.49,$-2.92,0.0,$1.51,11.74,$0.75B,$0.80B,0.94,$0.52B,$0.89B,0.58,$3.03B,$0.51B,16.69%,$3.03B,$0.18B,5.84%,$3.03B,$0.18B,5.84%,$3.03B,$0.22B,7.35%,$3.03B,$0.16B,5.24%,$3.03B,$0.13B,4.12%,$0.13B,$0.89B,14.42%,$0.13B,$0.89B,14.42%,$0.13B,$2.99B,4.29%,$0.18B,$1.41B,12.72%,$767,$649,$118,$0,$53,$720,$47,$-5,$42,$15,$27,$29,$29,$59,$47,$83,83,$0.35,$0.35,$2,$298,$118,$750,$1585,$163,$0,$32,$2241,$2991,$796,$516,$301,$1303,$2099,$892,$0,$0,$892,$2991,$135,$35,$-32,$3,$-121,$-25,$-6,$139,$-12,$125,$-135,$0,$0,$0,$3,$3,$0,$-133,$44,$17,$61,$-13,$-13,$-51,$7,$5,$-3,$0,$-51
22,2013-03-31,18.91,$10.75,1.76,$32.20,0.59,$-3.99,0.0,$1.03,18.36,$0.76B,$0.74B,1.04,$0.53B,$0.90B,0.59,$2.69B,$0.43B,16.13%,$2.69B,$0.11B,4.09%,$2.69B,$0.11B,4.09%,$2.69B,$0.16B,5.76%,$2.69B,$0.09B,3.46%,$2.69B,$0.09B,3.20%,$0.09B,$0.90B,10.09%,$0.09B,$0.90B,10.09%,$0.09B,$2.94B,3.03%,$0.11B,$1.43B,8.12%,$961,$801,$160,$0,$68,$904,$57,$-3,$54,$12,$42,$45,$45,$69,$57,$84,84,$0.55,$0.54,$6,$180,$193,$763,$1542,$164,$0,$31,$2179,$2942,$736,$528,$298,$1307,$2044,$898,$0,$0,$898,$2942,$106,$23,$10,$33,$-245,$93,$-5,$127,$-31,$108,$-91,$0,$0,$0,$1,$1,$0,$-90,$-4,$8,$4,$6,$6,$-34,$7,$-17,$1,$0,$-34
23,2012-12-31,16.56,$10.32,1.6,$28.10,0.59,$-4.28,0.0,$1.15,14.46,$0.77B,$0.80B,0.97,$0.53B,$0.86B,0.61,$2.34B,$0.43B,18.23%,$2.34B,$0.12B,5.17%,$2.34B,$0.12B,5.17%,$2.34B,$0.16B,7.00%,$2.34B,$0.10B,4.36%,$2.34B,$0.10B,4.10%,$0.10B,$0.86B,11.38%,$0.10B,$0.86B,11.38%,$0.10B,$2.95B,3.47%,$0.12B,$1.39B,9.15%,$736,$567,$169,$0,$57,$649,$87,$-6,$82,$24,$58,$60,$60,$98,$87,$83,84,$0.72,$0.72,$3,$328,$158,$771,$1526,$163,$0,$30,$2177,$2949,$797,$530,$286,$1289,$2086,$863,$0,$0,$863,$2949,$60,$11,$-17,$-6,$-143,$-55,$11,$87,$-99,$-45,$-50,$0,$0,$0,$0,$0,$0,$-49,$-1,$115,$113,$6,$6,$-33,$7,$93,$-1,$0,$-33
24,2012-09-30,18.92,$9.78,1.94,$27.00,0.7,$-4.91,0.0,$1.12,16.97,$0.65B,$0.65B,0.99,$0.53B,$0.81B,0.65,$2.25B,$0.41B,18.15%,$2.25B,$0.11B,4.85%,$2.25B,$0.11B,4.85%,$2.25B,$0.15B,6.72%,$2.25B,$0.09B,4.05%,$2.25B,$0.09B,4.14%,$0.09B,$0.81B,11.16%,$0.09B,$0.81B,11.16%,$0.09B,$2.77B,3.39%,$0.11B,$1.34B,8.47%,$568,$510,$59,$0,$59,$583,$-14,$-5,$-19,$-8,$-11,$-9,$-9,$-3,$-14,$83,83,$-0.10,$-0.11,$5,$273,$143,$647,$1485,$165,$0,$32,$2123,$2770,$653,$525,$287,$1303,$1956,$111,$558,$-11,$814,$2770,$93,$42,$6,$47,$37,$29,$-3,$-151,$-89,$51,$-208,$0,$0,$-1,$-9,$-10,$0,$-217,$92,$120,$212,$5,$5,$-62,$7,$163,$-3,$0,$-62
25,2012-06-30,17.74,$10.05,1.77,$28.24,0.63,$-2.13,0.0,$1.13,15.7,$0.65B,$0.65B,0.99,$0.43B,$0.84B,0.51,$2.35B,$0.40B,17.01%,$2.35B,$0.11B,4.47%,$2.35B,$0.11B,4.47%,$2.35B,$0.15B,6.21%,$2.35B,$0.09B,3.79%,$2.35B,$0.09B,4.00%,$0.09B,$0.84B,11.41%,$0.09B,$0.84B,11.41%,$0.09B,$2.68B,3.47%,$0.11B,$1.26B,8.38%,$425,$379,$46,$0,$49,$445,$-20,$-4,$-24,$-11,$-13,$-10,$-10,$-9,$-20,$83,83,$-0.13,$-0.13,$7,$223,$173,$645,$1432,$158,$0,$29,$2031,$2676,$650,$428,$285,$1190,$1840,$836,$0,$0,$836,$2676,$102,$31,$23,$53,$37,$79,$10,$-220,$-95,$60,$-158,$0,$0,$0,$0,$0,$0,$-158,$-5,$141,$136,$2,$2,$-46,$7,$98,$-0,$0,$-46
26,2012-03-31,17.98,$10.38,1.73,$30.92,0.58,$0.61,29.4,$1.50,11.98,$0.68B,$0.63B,1.06,$0.43B,$0.86B,0.5,$2.57B,$0.45B,17.29%,$2.57B,$0.15B,5.91%,$2.57B,$0.15B,5.91%,$2.57B,$0.19B,7.38%,$2.57B,$0.14B,5.32%,$2.57B,$0.12B,4.82%,$0.12B,$0.86B,15.24%,$0.12B,$0.86B,15.24%,$0.12B,$2.67B,4.62%,$0.15B,$1.29B,12.23%,$613,$460,$153,$0,$56,$545,$68,$-5,$63,$11,$52,$55,$55,$78,$68,$83,83,$0.66,$0.66,$8,$183,$286,$675,$1397,$157,$0,$30,$1995,$2670,$634,$429,$283,$1173,$1807,$862,$0,$0,$862,$2670,$112,$20,$-17,$3,$20,$119,$-5,$-144,$-10,$105,$-111,$0,$0,$0,$0,$0,$0,$-111,$-3,$32,$29,$2,$2,$-31,$7,$7,$0,$0,$-31
27,2011-12-31,19.68,$9.89,1.99,$35.33,0.56,$2.16,9.11,$1.62,12.18,$0.87B,$0.84B,1.04,$0.43B,$0.82B,0.53,$2.94B,$0.49B,16.51%,$2.94B,$0.18B,6.02%,$2.94B,$0.18B,6.02%,$2.94B,$0.21B,7.28%,$2.94B,$0.16B,5.55%,$2.94B,$0.13B,4.53%,$0.13B,$0.82B,16.74%,$0.13B,$0.82B,16.74%,$0.13B,$2.85B,5.03%,$0.18B,$1.25B,14.47%,$642,$492,$150,$0,$53,$567,$75,$-4,$71,$16,$55,$57,$57,$85,$75,$83,83,$0.69,$0.69,$8,$300,$251,$871,$1371,$157,$0,$30,$1982,$2853,$842,$432,$288,$1191,$2032,$821,$0,$0,$821,$2853,$57,$10,$-10,$-0,$-74,$2,$-7,$-55,$-134,$-77,$-69,$0,$0,$0,$0,$0,$0,$-69,$-1,$157,$156,$-0,$-0,$-15,$7,$147,$0,$0,$-15
28,2011-09-30,16.89,$9.37,1.8,$36.21,0.47,$1.98,8.52,$1.22,13.84,$0.73B,$0.70B,1.04,$0.43B,$0.78B,0.55,$3.01B,$0.46B,15.22%,$3.01B,$0.14B,4.72%,$3.01B,$0.14B,4.72%,$3.01B,$0.18B,5.92%,$3.01B,$0.13B,4.22%,$3.01B,$0.10B,3.36%,$0.10B,$0.78B,13.05%,$0.10B,$0.78B,13.05%,$0.10B,$2.65B,3.87%,$0.14B,$1.20B,11.80%,$671,$620,$51,$0,$56,$689,$-18,$-3,$-21,$-11,$-10,$-8,$-8,$-8,$-18,$83,83,$-0.09,$-0.09,$7,$302,$163,$732,$1296,$159,$0,$28,$1917,$2649,$703,$427,$287,$1170,$1873,$110,$529,$-11,$776,$2649,$101,$35,$51,$86,$-49,$40,$4,$67,$63,$250,$-175,$0,$0,$0,$0,$0,$0,$-175,$-33,$12,$-21,$4,$4,$-59,$8,$-69,$6,$0,$-59
29,2011-06-30,17.56,$9.61,1.83,$35.72,0.49,$1.59,11.02,$1.33,13.2,$0.74B,$0.63B,1.18,$0.43B,$0.80B,0.54,$2.97B,$0.47B,15.66%,$2.97B,$0.16B,5.39%,$2.97B,$0.16B,5.39%,$2.97B,$0.19B,6.53%,$2.97B,$0.14B,4.85%,$2.97B,$0.11B,3.74%,$0.11B,$0.80B,14.59%,$0.11B,$0.80B,14.59%,$0.11B,$2.57B,4.29%,$0.16B,$1.22B,13.44%,$648,$557,$91,$0,$49,$621,$27,$-4,$24,$6,$17,$20,$20,$35,$27,$83,83,$0.25,$0.25,$61,$255,$124,$742,$1206,$173,$0,$15,$1832,$2574,$631,$428,$304,$1147,$1778,$796,$0,$0,$796,$2574,$109,$25,$56,$82,$-98,$87,$12,$35,$37,$227,$-98,$0,$0,$0,$0,$0,$0,$-98,$-26,$-10,$-35,$3,$3,$-44,$6,$-69,$60,$0,$-44
30,2011-03-31,16.77,$9.49,1.77,$33.75,0.5,$1.25,13.46,$0.96,17.46,$0.71B,$0.59B,1.21,$0.43B,$0.79B,0.55,$2.80B,$0.41B,14.74%,$2.80B,$0.11B,4.07%,$2.80B,$0.11B,4.07%,$2.80B,$0.15B,5.32%,$2.80B,$0.10B,3.46%,$2.80B,$0.08B,2.89%,$0.08B,$0.79B,10.84%,$0.08B,$0.79B,10.84%,$0.08B,$2.50B,3.17%,$0.11B,$1.22B,9.67%,$977,$784,$193,$0,$67,$884,$93,$-4,$89,$29,$60,$64,$64,$102,$93,$83,83,$0.78,$0.77,$76,$201,$196,$710,$1167,$172,$0,$16,$1792,$2502,$585,$430,$312,$1131,$1717,$785,$0,$0,$785,$2502,$88,$17,$39,$57,$-107,$141,$-3,$5,$36,$181,$-59,$0,$0,$0,$0,$0,$0,$-59,$-24,$0,$-24,$0,$0,$-29,$6,$-47,$75,$0,$-29
31,2010-12-31,16.68,$8.90,1.87,$33.00,0.51,$2.33,7.17,$1.08,15.45,$0.92B,$0.84B,1.09,$0.43B,$0.74B,0.59,$2.74B,$0.44B,15.86%,$2.74B,$0.14B,5.21%,$2.74B,$0.14B,5.21%,$2.74B,$0.18B,6.45%,$2.74B,$0.13B,4.59%,$2.74B,$0.09B,3.32%,$0.09B,$0.74B,12.24%,$0.09B,$0.74B,12.24%,$0.09B,$2.71B,3.56%,$0.14B,$1.17B,12.16%,$713,$590,$123,$0,$58,$673,$40,$-5,$35,$14,$22,$25,$25,$49,$40,$83,83,$0.30,$0.30,$7,$372,$282,$918,$1153,$169,$0,$19,$1793,$2711,$842,$432,$314,$1132,$1973,$738,$0,$0,$738,$2711,$25,$8,$50,$58,$-159,$-29,$-3,$-23,$-214,$-132,$-29,$0,$0,$0,$0,$0,$0,$-29,$-22,$194,$172,$3,$3,$-14,$6,$167,$6,$0,$-14
32,2010-09-30,15.05,$8.81,1.71,$31.66,0.48,$3.51,4.29,$1.41,10.71,$0.79B,$0.71B,1.11,$0.43B,$0.73B,0.59,$2.64B,$0.47B,17.88%,$2.64B,$0.19B,7.12%,$2.64B,$0.19B,7.12%,$2.64B,$0.22B,8.37%,$2.64B,$0.17B,6.52%,$2.64B,$0.12B,4.47%,$0.12B,$0.73B,15.96%,$0.12B,$0.73B,15.96%,$0.12B,$2.56B,4.75%,$0.19B,$1.15B,16.01%,$632,$574,$58,$0,$45,$632,$-0,$-4,$-4,$-3,$-1,$2,$2,$8,$-0,$83,83,$0.03,$0.03,$1,$342,$226,$785,$1136,$159,$0,$29,$1778,$2563,$706,$429,$316,$1132,$1838,$110,$487,$-12,$725,$2563,$117,$33,$19,$52,$-66,$-39,$0,$75,$-30,$139,$-97,$0,$0,$0,$-5,$-5,$0,$-101,$-7,$4,$-3,$-23,$-23,$-53,$6,$-73,$-35,$0,$-53
33,2010-06-30,13.39,$8.99,1.49,$28.94,0.46,$5.18,2.58,$1.16,11.54,$0.77B,$0.61B,1.26,$0.44B,$0.74B,0.59,$2.42B,$0.44B,18.22%,$2.42B,$0.16B,6.57%,$2.42B,$0.16B,6.57%,$2.42B,$0.19B,7.89%,$2.42B,$0.14B,5.91%,$2.42B,$0.10B,4.01%,$0.10B,$0.74B,13.27%,$0.10B,$0.74B,13.27%,$0.10B,$2.45B,4.00%,$0.16B,$1.18B,13.57%,$480,$441,$39,$0,$44,$499,$-19,$-4,$-23,$-11,$-12,$-10,$-10,$-10,$-19,$82,82,$-0.13,$-0.13,$92,$285,$165,$768,$1101,$169,$0,$19,$1677,$2445,$611,$435,$261,$1093,$1704,$741,$0,$0,$741,$2445,$116,$25,$63,$87,$-82,$18,$0,$16,$-47,$156,$-56,$0,$0,$0,$-4,$-4,$0,$-61,$-5,$21,$16,$-22,$-22,$-39,$5,$-40,$55,$0,$-39
34,2010-03-31,14.15,$9.31,1.52,$28.36,0.5,$7.49,1.89,$1.12,12.69,$0.82B,$0.65B,1.26,$0.44B,$0.77B,0.57,$2.38B,$0.44B,18.60%,$2.38B,$0.15B,6.47%,$2.38B,$0.15B,6.47%,$2.38B,$0.19B,7.77%,$2.38B,$0.14B,5.79%,$2.38B,$0.09B,3.90%,$0.09B,$0.77B,12.81%,$0.09B,$0.77B,12.81%,$0.09B,$2.50B,3.89%,$0.15B,$1.21B,13.13%,$918,$703,$215,$0,$64,$796,$122,$-4,$118,$46,$71,$74,$74,$130,$122,$83,83,$0.90,$0.89,$156,$180,$276,$816,$1083,$168,$0,$22,$1681,$2497,$645,$436,$271,$1083,$1728,$769,$0,$0,$769,$2497,$126,$16,$20,$36,$-126,$123,$-9,$45,$82,$245,$-32,$0,$0,$0,$-4,$-4,$0,$-37,$-3,$-45,$-48,$-18,$-18,$-27,$5,$-89,$120,$0,$-27
35,2009-12-31,13.96,$8.73,1.6,$28.34,0.49,$8.50,1.64,$0.64,21.81,$0.79B,$0.64B,1.24,$0.44B,$0.72B,0.61,$2.40B,$0.38B,15.74%,$2.40B,$0.08B,3.50%,$2.40B,$0.08B,3.50%,$2.40B,$0.12B,4.79%,$2.40B,$0.07B,2.87%,$2.40B,$0.05B,2.12%,$0.05B,$0.72B,7.06%,$0.05B,$0.72B,7.06%,$0.05B,$2.43B,2.15%,$0.08B,$1.16B,7.15%,$610,$449,$160,$0,$53,$524,$85,$-4,$81,$32,$49,$52,$52,$93,$85,$83,84,$0.63,$0.62,$10,$338,$230,$788,$1071,$166,$0,$22,$1643,$2432,$636,$438,$269,$1072,$1709,$723,$0,$0,$723,$2432,$52,$8,$15,$24,$-154,$-34,$-11,$71,$-128,$-52,$-11,$0,$0,$0,$-4,$-4,$0,$-16,$-1,$57,$56,$-6,$-6,$-13,$5,$42,$-26,$0,$-13
36,2009-09-30,13.43,$8.29,1.62,$30.51,0.44,$8.59,1.56,$0.16,83.94,$0.68B,$0.56B,1.21,$0.46B,$0.69B,0.66,$2.59B,$0.35B,13.42%,$2.59B,$0.05B,1.85%,$2.59B,$0.05B,1.85%,$2.59B,$0.08B,3.05%,$2.59B,$0.03B,1.23%,$2.59B,$0.03B,1.04%,$0.03B,$0.69B,3.72%,$0.03B,$0.69B,3.72%,$0.03B,$2.32B,1.11%,$0.05B,$1.15B,4.05%,$413,$386,$27,$0,$44,$442,$-29,$-4,$-33,$-10,$-23,$-19,$-19,$-22,$-29,$84,85,$-0.22,$-0.22,$36,$303,$190,$684,$1064,$161,$0,$21,$1637,$2321,$564,$455,$272,$1067,$1631,$109,$426,$-10,$690,$2321,$27,$31,$4,$35,$118,$169,$-6,$-76,$205,$267,$-82,$0,$0,$0,$-40,$-40,$0,$-121,$-60,$-35,$-95,$-14,$-14,$-51,$8,$-152,$-6,$0,$-51
37,2009-06-30,13.58,$8.58,1.58,$35.46,0.38,$7.02,1.93,$1.32,10.33,$0.71B,$0.58B,1.23,$0.46B,$0.72B,0.64,$3.01B,$0.51B,17.09%,$3.01B,$0.20B,6.68%,$3.01B,$0.20B,6.68%,$3.01B,$0.24B,7.82%,$3.01B,$0.18B,6.12%,$3.01B,$0.12B,3.99%,$0.12B,$0.72B,16.32%,$0.12B,$0.72B,16.32%,$0.12B,$2.30B,4.78%,$0.20B,$1.18B,16.84%,$441,$400,$41,$0,$50,$465,$-24,$-4,$-28,$-12,$-16,$-14,$-14,$-16,$-24,$84,84,$-0.17,$-0.17,$77,$204,$259,$714,$1049,$156,$0,$25,$1591,$2304,$580,$458,$250,$1003,$1583,$721,$0,$0,$721,$2304,$46,$23,$72,$95,$98,$261,$2,$-152,$209,$351,$-56,$0,$0,$4,$-41,$-37,$0,$-93,$-59,$-130,$-188,$-4,$-4,$-38,$7,$-224,$34,$0,$-38
38,2009-03-31,12.35,$8.99,1.37,$42.14,0.29,$4.54,2.72,$1.40,8.86,$0.78B,$0.67B,1.17,$0.46B,$0.76B,0.61,$3.57B,$0.53B,14.81%,$3.57B,$0.22B,6.14%,$3.57B,$0.22B,6.14%,$3.57B,$0.26B,7.18%,$3.57B,$0.20B,5.64%,$3.57B,$0.13B,3.53%,$0.13B,$0.76B,17.51%,$0.13B,$0.76B,17.51%,$0.13B,$2.42B,4.84%,$0.22B,$1.22B,18.50%,$938,$788,$150,$0,$69,$886,$52,$-3,$49,$18,$31,$32,$32,$60,$52,$85,85,$0.38,$0.38,$83,$69,$428,$783,$1039,$149,$0,$35,$1633,$2417,$670,$459,$257,$990,$1659,$757,$0,$0,$757,$2417,$60,$15,$-5,$11,$-26,$378,$-3,$-74,$275,$346,$-42,$0,$0,$0,$-24,$-24,$0,$-66,$-58,$-168,$-226,$4,$4,$-24,$7,$-239,$41,$0,$-24
39,2008-12-31,14.16,$8.70,1.63,$45.14,0.31,$2.57,5.51,$1.13,12.53,$1.07B,$0.92B,1.17,$0.46B,$0.74B,0.63,$3.81B,$0.49B,12.87%,$3.81B,$0.19B,4.91%,$3.81B,$0.19B,4.91%,$3.81B,$0.23B,5.94%,$3.81B,$0.17B,4.39%,$3.81B,$0.11B,2.81%,$0.11B,$0.74B,15.32%,$0.11B,$0.74B,15.32%,$0.11B,$2.69B,4.13%,$0.19B,$1.20B,16.45%,$801,$671,$130,$0,$60,$752,$49,$-6,$44,$16,$28,$28,$28,$57,$49,$84,85,$0.34,$0.34,$26,$376,$408,$1073,$1028,$140,$0,$40,$1615,$2687,$918,$461,$270,$1032,$1951,$736,$0,$0,$736,$2687,$28,$8,$12,$20,$-98,$73,$-7,$-53,$-85,$-37,$-20,$0,$0,$4,$-21,$-17,$0,$-37,$-31,$87,$56,$5,$5,$-12,$7,$57,$-17,$0,$-12
40,2008-09-30,12.81,$8.38,1.53,$45.39,0.28,$2.98,4.29,$1.35,9.49,$1.12B,$0.90B,1.24,$0.46B,$0.73B,0.63,$3.82B,$0.49B,12.74%,$3.82B,$0.19B,5.06%,$3.82B,$0.19B,5.06%,$3.82B,$0.23B,6.11%,$3.82B,$0.17B,4.48%,$3.82B,$0.11B,2.86%,$0.11B,$0.73B,15.99%,$0.11B,$0.73B,15.99%,$0.11B,$2.64B,4.34%,$0.19B,$1.18B,17.63%,$827,$635,$193,$0,$55,$703,$124,$-5,$119,$47,$72,$74,$74,$134,$124,$84,84,$0.89,$0.88,$43,$473,$344,$1120,$1017,$116,$0,$42,$1516,$2635,$902,$455,$241,$1005,$1907,$109,$451,$-3,$728,$2635,$109,$39,$-16,$24,$-98,$-51,$-1,$150,$-0,$132,$-80,$0,$0,$0,$-24,$-24,$0,$-104,$119,$-78,$41,$5,$5,$-45,$8,$9,$37,$0,$-45
41,2008-06-30,11.56,$7.82,1.48,$42.62,0.27,$3.01,3.84,$0.24,48.84,$1.19B,$1.04B,1.15,$0.48B,$0.66B,0.73,$3.58B,$0.36B,10.05%,$3.58B,$0.08B,2.09%,$3.58B,$0.08B,2.09%,$3.58B,$0.11B,3.18%,$3.58B,$0.05B,1.42%,$3.58B,$0.04B,0.98%,$0.04B,$0.66B,5.30%,$0.04B,$0.66B,5.30%,$0.04B,$2.67B,1.45%,$0.08B,$1.14B,7.10%,$1000,$946,$55,$0,$45,$1006,$-6,$-5,$-11,$-3,$-8,$-8,$-8,$5,$-6,$84,84,$-0.09,$-0.09,$26,$371,$421,$1193,$1002,$107,$0,$83,$1475,$2668,$1036,$482,$277,$975,$2010,$658,$0,$0,$658,$2668,$35,$29,$72,$101,$-215,$74,$-9,$157,$8,$144,$-58,$0,$0,$0,$-17,$-17,$0,$-75,$121,$-147,$-26,$2,$2,$-33,$8,$-49,$21,$0,$-33
42,2008-03-31,10.9,$8.00,1.36,$38.52,0.28,$3.39,3.22,$0.27,40.87,$0.97B,$0.88B,1.1,$0.36B,$0.67B,0.53,$3.24B,$0.41B,12.70%,$3.24B,$0.13B,3.95%,$3.24B,$0.13B,3.95%,$3.24B,$0.17B,5.09%,$3.24B,$0.10B,3.21%,$3.24B,$0.07B,2.10%,$0.07B,$0.67B,10.24%,$0.07B,$0.67B,10.24%,$0.07B,$2.37B,2.96%,$0.13B,$1.03B,12.52%,$1178,$1066,$112,$0,$64,$1157,$20,$-5,$15,$3,$12,$13,$13,$30,$20,$84,84,$0.15,$0.15,$9,$251,$362,$967,$990,$94,$0,$52,$1401,$2368,$882,$358,$241,$815,$1697,$671,$0,$0,$671,$2368,$43,$19,$63,$82,$-265,$194,$-24,$138,$43,$168,$-34,$0,$0,$0,$-5,$-5,$0,$-39,$-2,$-108,$-110,$-1,$-1,$-22,$8,$-125,$4,$0,$-22
43,2007-12-31,11.6,$8.00,1.45,$36.77,0.32,$4.34,2.67,$1.07,10.81,$0.94B,$0.84B,1.12,$0.36B,$0.67B,0.54,$3.10B,$0.41B,13.12%,$3.10B,$0.12B,4.01%,$3.10B,$0.12B,4.01%,$3.10B,$0.16B,5.17%,$3.10B,$0.10B,3.20%,$3.10B,$0.06B,2.04%,$0.06B,$0.67B,9.55%,$0.06B,$0.67B,9.55%,$0.06B,$2.37B,2.78%,$0.12B,$1.03B,12.25%,$811,$685,$126,$0,$50,$757,$55,$-6,$48,$18,$30,$30,$30,$64,$55,$83,84,$0.36,$0.36,$4,$410,$247,$937,$979,$90,$0,$56,$1431,$2368,$839,$359,$240,$860,$1699,$669,$0,$0,$669,$2368,$30,$9,$8,$18,$-195,$34,$-1,$107,$-55,$-7,$-15,$0,$0,$0,$-3,$-3,$0,$-18,$-1,$33,$32,$-6,$-6,$-11,$8,$23,$-1,$0,$-11
44,2007-09-30,11.41,$7.46,1.53,$35.90,0.32,$4.60,2.48,$1.05,10.87,$0.80B,$0.70B,1.14,$0.38B,$0.65B,0.59,$3.02B,$0.40B,13.08%,$3.02B,$0.12B,4.10%,$3.02B,$0.12B,4.10%,$3.02B,$0.16B,5.30%,$3.02B,$0.10B,3.28%,$3.02B,$0.06B,2.05%,$0.06B,$0.65B,9.48%,$0.06B,$0.65B,9.48%,$0.06B,$2.23B,2.69%,$0.12B,$1.03B,12.39%,$593,$526,$67,$0,$49,$587,$6,$-6,$-1,$-0,$-0,$0,$0,$15,$6,$84,84,$0.00,$0.00,$5,$444,$193,$800,$971,$87,$0,$61,$1431,$2231,$703,$383,$240,$883,$1586,$73,$381,$-1,$645,$2231,$63,$37,$60,$96,$2,$54,$9,$-102,$-37,$122,$-68,$0,$0,$0,$-51,$-51,$0,$-119,$46,$-24,$22,$9,$9,$-42,$7,$-4,$0,$0,$-42
45,2007-06-30,11.64,$7.98,1.46,$34.87,0.33,$2.93,3.97,$1.09,10.68,$0.81B,$0.76B,1.07,$0.33B,$0.67B,0.5,$2.93B,$0.61B,20.62%,$2.93B,$0.35B,11.76%,$2.93B,$0.35B,11.76%,$2.93B,$0.38B,12.99%,$2.93B,$0.32B,10.84%,$2.93B,$0.19B,6.58%,$0.19B,$0.67B,29.78%,$0.19B,$0.67B,29.78%,$0.19B,$2.23B,8.23%,$0.35B,$1.01B,35.11%,$662,$555,$107,$0,$45,$616,$47,$-4,$42,$17,$25,$25,$25,$56,$47,$84,85,$0.30,$0.30,$6,$393,$175,$811,$953,$84,$0,$51,$1420,$2231,$757,$334,$248,$803,$1560,$672,$0,$0,$672,$2231,$63,$27,$39,$66,$-66,$123,$5,$-30,$32,$161,$-42,$0,$0,$0,$-53,$-53,$0,$-94,$-3,$-54,$-56,$14,$14,$-31,$8,$-66,$1,$0,$-31
46,2007-03-31,11.34,$7.77,1.46,$33.34,0.34,$1.67,6.78,$1.10,10.28,$0.81B,$0.79B,1.02,$0.34B,$0.65B,0.51,$2.81B,$0.54B,19.37%,$2.81B,$0.29B,10.47%,$2.81B,$0.29B,10.47%,$2.81B,$0.33B,11.75%,$2.81B,$0.27B,9.58%,$2.81B,$0.16B,5.84%,$0.16B,$0.65B,26.08%,$0.16B,$0.65B,26.08%,$0.16B,$2.23B,7.07%,$0.29B,$0.99B,30.52%,$1029,$923,$106,$0,$63,$1013,$16,$-6,$10,$3,$7,$8,$8,$25,$16,$84,84,$0.10,$0.10,$8,$310,$208,$807,$947,$83,$0,$53,$1421,$2228,$790,$335,$252,$785,$1575,$653,$0,$0,$653,$2228,$37,$18,$76,$94,$-192,$204,$2,$95,$110,$242,$-27,$0,$0,$0,$-53,$-53,$0,$-80,$-2,$-154,$-156,$10,$10,$-21,$8,$-159,$3,$0,$-21
47,2006-12-31,10.92,$7.73,1.41,$33.72,0.32,$0.02,634.97,$0.86,12.7,$1.09B,$1.02B,1.06,$0.34B,$0.65B,0.52,$2.84B,$0.62B,21.81%,$2.84B,$0.38B,13.44%,$2.84B,$0.38B,13.44%,$2.84B,$0.42B,14.67%,$2.84B,$0.36B,12.59%,$2.84B,$0.22B,7.60%,$0.22B,$0.65B,34.84%,$0.22B,$0.65B,34.84%,$0.22B,$2.52B,9.40%,$0.38B,$0.98B,40.03%,$737,$622,$115,$0,$42,$683,$55,$-7,$48,$19,$29,$29,$29,$64,$55,$83,84,$0.35,$0.35,$10,$491,$343,$1089,$942,$29,$0,$97,$1431,$2520,$1023,$337,$280,$852,$1875,$645,$0,$0,$645,$2520,$29,$9,$-4,$5,$-146,$24,$-4,$104,$-22,$12,$-13,$0,$0,$0,$0,$0,$0,$-13,$-1,$5,$4,$5,$5,$-10,$6,$5,$5,$0,$-10
