,Date,Stock Price,Book Value per Share,Price to Book Ratio,TTM Sales per Share,Price to Sales Ratio,TTM FCF per Share,Price to FCF Ratio,TTM Net EPS,PE Ratio,Current Assets,Current Liabilities,Current Ratio,Long Term Debt,Shareholder's Equity_x,Debt to Equity Ratio,TTM Revenue_x,TTM Gross Profit,Gross Margin,TTM Revenue_y,TTM Operating Income,Operating Margin,TTM Revenue_x,TTM EBIT,EBIT Margin,TTM Revenue_y,TTM EBITDA,EBITDA Margin,TTM Revenue_x,TTM Pre-Tax Income,Pre-Tax Margin,TTM Revenue_y,TTM Net Income_x,Net Margin,TTM Net Income_y,Shareholder's Equity_y,Return on Equity,TTM Net Income_x,Tangible Equity,Return on Tangible Equity,TTM Net Income_y,Total Assets,Return on Assets,TTM Net Income,LT Investments & Debt,Return on Investment,revenue,cost-goods-sold,gross-profit,research-development-expenses,selling-general-administrative-expenses,operating-expenses,operating-income,total-non-operating-income-expense,pre-tax-income,total-provision-income-taxes,income-after-taxes,income-from-continuous-operations,net-income,ebitda,ebit,basic-shares-outstanding,shares-outstanding,eps-basic-net-earnings-per-share,eps-earnings-per-share-diluted,cash-on-hand,inventory,other-current-assets,total-current-assets,net-property-plant-equipment,long-term-investments,goodwill-intangible-assets-total,other-long-term-assets,total-long-term-assets,total-assets,total-current-liabilities,long-term-debt,other-non-current-liabilities,total-long-term-liabilities,total-liabilities,common-stock-net,retained-earnings-accumulated-deficit,comprehensive-income,total-share-holder-equity,total-liabilities-share-holders-equity,net-income-loss,total-depreciation-amortization-cash-flow,other-non-cash-items,total-non-cash-items,change-in-accounts-receivable,change-in-inventories,change-in-accounts-payable,change-in-assets-liabilities,total-change-in-assets-liabilities,cash-flow-from-operating-activities,net-change-in-property-plant-equipment,net-change-in-intangible-assets,net-acquisitions-divestitures,net-change-in-short-term-investments,net-change-in-long-term-investments,net-change-in-investments-total,investing-activities-other,cash-flow-from-investing-activities,net-long-term-debt,net-current-debt,debt-issuance-retirement-net-total,net-common-equity-issued-repurchased,net-total-equity-issued-repurchased,total-common-preferred-stock-dividends-paid,financial-activities-other,cash-flow-from-financial-activities,net-cash-flow,stock-based-compensation,common-stock-dividends-paid
0,2018-08-31,82.2,$5.66,14.53,$22.67,3.63,$5.01,16.42,$1.25,65.76,$15.50B,$6.71B,2.31,$3.47B,$8.99B,0.39,$37.28B,$16.39B,43.97%,$37.28B,$4.67B,12.54%,$37.28B,$4.67B,12.54%,$37.28B,$5.44B,14.60%,$37.28B,$4.52B,12.13%,$37.28B,$2.08B,5.57%,$2.08B,$8.99B,20.57%,$2.08B,$8.55B,21.49%,$2.08B,$22.48B,9.06%,$4.67B,$12.46B,34.47%,$9948,$5551,$4397,$0,$3063,$8614,$1334,$-64,$1270,$178,$1092,$1092,$1092,$1515,$1334,$1594,1634,$0.69,$0.67,$4269,$5227,$0,$15501,$4487,$0,$438,$0,$6982,$22483,$6708,$3467,$0,$6783,$13491,$3,$2494,$-30,$8992,$22483,$1092,$181,$225,$406,$-294,$-25,$0,$-83,$-197,$1301,$-339,$0,$0,$6,$0,$6,$0,$-333,$-7,$-321,$-328,$-1173,$-1173,$-320,$-11,$-1832,$-967,$41,$-320
1,2018-05-31,71.6,$6.13,11.68,$21.99,3.26,$4.60,15.57,$1.15,62.26,$15.13B,$6.04B,2.51,$3.47B,$9.81B,0.35,$36.40B,$15.96B,43.84%,$36.40B,$4.45B,12.21%,$36.40B,$4.45B,12.21%,$36.40B,$5.22B,14.34%,$36.40B,$4.33B,11.88%,$36.40B,$1.93B,5.31%,$1.93B,$9.81B,17.84%,$1.93B,$9.37B,18.57%,$1.93B,$22.54B,8.33%,$4.45B,$13.28B,31.07%,$9789,$5411,$4378,$0,$3120,$8531,$1258,$-43,$1215,$78,$1137,$1137,$1137,$1458,$1258,$1624,1659,$0.71,$0.71,$5245,$5261,$0,$15134,$4454,$0,$439,$0,$7402,$22536,$6040,$3468,$0,$6684,$12724,$3,$3517,$-92,$9812,$22536,$1933,$774,$766,$1540,$187,$-255,$0,$35,$1482,$4955,$-1025,$0,$0,$1326,$0,$1326,$-25,$276,$-29,$13,$-16,$-3521,$-3521,$-1243,$-55,$-4835,$441,$218,$-1243
2,2018-02-28,66.64,$6.04,11.03,$21.22,3.14,$3.86,17.27,$1.06,62.87,$15.36B,$5.78B,2.66,$3.47B,$9.78B,0.36,$35.29B,$15.40B,43.65%,$35.29B,$4.35B,12.31%,$35.29B,$4.35B,12.31%,$35.29B,$5.11B,14.47%,$35.29B,$4.28B,12.12%,$35.29B,$1.80B,5.11%,$1.80B,$9.78B,15.71%,$1.80B,$9.36B,16.31%,$1.80B,$22.55B,7.72%,$4.35B,$13.25B,29.05%,$8984,$5046,$3938,$0,$2767,$7813,$1171,$-12,$1159,$2080,$-921,$-921,$-921,$1369,$1171,$1624,1624,$-0.57,$-0.57,$4751,$5366,$0,$15355,$4298,$0,$421,$0,$7197,$22552,$5783,$3469,$0,$6987,$12770,$3,$1078,$-624,$9782,$22552,$796,$574,$592,$1166,$3,$-245,$0,$-474,$723,$2685,$-728,$0,$0,$1254,$0,$1254,$0,$526,$-20,$-314,$-334,$-2140,$-2140,$-920,$-54,$-3448,$-146,$158,$-920
3,2017-11-30,59.87,$7.24,8.27,$20.69,2.89,$3.91,15.31,$2.31,25.92,$16.58B,$6.75B,2.46,$3.47B,$11.76B,0.3,$34.73B,$15.21B,43.80%,$34.73B,$4.43B,12.75%,$34.73B,$4.43B,12.75%,$34.73B,$5.16B,14.86%,$34.73B,$4.44B,12.79%,$34.73B,$3.87B,11.13%,$3.87B,$11.76B,31.64%,$3.87B,$11.34B,32.77%,$3.87B,$24.06B,16.43%,$4.43B,$15.23B,28.22%,$8554,$4876,$3678,$0,$2768,$7644,$910,$-31,$879,$112,$767,$767,$767,$1101,$910,$1627,1661,$0.47,$0.46,$6389,$5326,$0,$16582,$4117,$0,$421,$0,$7473,$24055,$6750,$3472,$0,$5547,$12297,$3,$3301,$-587,$11758,$24055,$1717,$376,$-47,$329,$143,$-243,$0,$-208,$-148,$1898,$-497,$0,$0,$271,$0,$271,$0,$-226,$-14,$904,$890,$-1456,$-1456,$-595,$-53,$-1214,$496,$103,$-595
4,2017-08-31,52.33,$7.33,7.14,$20.37,2.57,$3.82,13.71,$2.35,22.27,$16.19B,$6.06B,2.67,$3.47B,$11.99B,0.29,$34.36B,$15.15B,44.10%,$34.36B,$4.63B,13.47%,$34.36B,$4.63B,13.47%,$34.36B,$5.35B,15.57%,$34.36B,$4.68B,13.61%,$34.36B,$3.94B,11.47%,$3.94B,$11.99B,31.88%,$3.94B,$11.57B,33.01%,$3.94B,$23.65B,17.00%,$4.63B,$15.47B,29.24%,$9070,$5108,$3962,$0,$2856,$7964,$1106,$-34,$1072,$122,$950,$950,$950,$1291,$1106,$1639,1677,$0.58,$0.57,$5519,$5211,$0,$16192,$4086,$0,$422,$0,$7455,$23647,$6056,$3472,$0,$5598,$11654,$3,$3759,$-586,$11993,$23647,$950,$185,$-28,$157,$-101,$-96,$0,$-543,$-532,$575,$-270,$0,$0,$258,$0,$258,$0,$-12,$-7,$9,$2,$-646,$-646,$-300,$-54,$-998,$-395,$50,$-300
5,2017-05-31,52.15,$7.55,6.91,$20.26,2.57,$3.93,13.25,$2.51,20.78,$16.06B,$5.47B,2.93,$3.47B,$12.41B,0.28,$34.35B,$15.31B,44.58%,$34.35B,$4.75B,13.83%,$34.35B,$4.75B,13.83%,$34.35B,$5.47B,15.91%,$34.35B,$4.89B,14.22%,$34.35B,$4.24B,12.34%,$4.24B,$12.41B,34.18%,$4.24B,$11.99B,35.39%,$4.24B,$23.26B,18.80%,$4.75B,$15.88B,30.63%,$8677,$4854,$3823,$0,$2665,$7519,$1158,$10,$1168,$160,$1008,$1008,$1008,$1346,$1158,$1658,1692,$0.61,$0.60,$6179,$5055,$0,$16061,$3989,$0,$422,$0,$7198,$23259,$5474,$3471,$0,$5378,$10852,$3,$6907,$-213,$12407,$23259,$4240,$716,$-175,$541,$-426,$-231,$0,$-120,$-935,$3846,$-1092,$0,$0,$118,$0,$118,$-34,$-1008,$1421,$327,$1748,$-2734,$-2734,$-1133,$-29,$-2148,$670,$215,$-1133
6,2017-02-28,56.08,$7.70,7.28,$19.86,2.82,$3.61,15.55,$2.40,23.37,$16.21B,$5.27B,3.07,$3.47B,$12.72B,0.27,$33.92B,$15.28B,45.04%,$33.92B,$4.61B,13.59%,$33.92B,$4.61B,13.59%,$33.92B,$5.30B,15.63%,$33.92B,$4.79B,14.13%,$33.92B,$4.08B,12.02%,$4.08B,$12.72B,32.97%,$4.08B,$12.30B,34.13%,$4.08B,$23.15B,18.47%,$4.61B,$16.19B,30.54%,$8432,$4682,$3750,$0,$2496,$7178,$1254,$69,$1323,$182,$1141,$1141,$1141,$1424,$1254,$1653,1686,$0.69,$0.68,$6160,$4932,$0,$16205,$3793,$0,$422,$0,$6947,$23152,$5271,$3472,$0,$5159,$10430,$3,$4095,$229,$12722,$23152,$3232,$528,$-127,$401,$-546,$-157,$0,$-152,$-749,$2884,$-763,$0,$0,$309,$0,$309,$-34,$-488,$1425,$24,$1449,$-2090,$-2090,$-834,$-8,$-1483,$883,$162,$-834
7,2016-11-30,48.95,$7.44,6.58,$19.49,2.51,$2.94,16.67,$2.27,21.56,$16.01B,$5.23B,3.06,$3.47B,$12.32B,0.28,$33.52B,$15.21B,45.39%,$33.52B,$4.48B,13.37%,$33.52B,$4.48B,13.37%,$33.52B,$5.18B,15.45%,$33.52B,$4.60B,13.73%,$33.52B,$3.89B,11.60%,$3.89B,$12.32B,31.70%,$3.89B,$11.90B,32.82%,$3.89B,$22.65B,18.04%,$4.48B,$15.80B,30.60%,$8180,$4564,$3616,$0,$2505,$7069,$1111,$3,$1114,$272,$842,$842,$842,$1289,$1111,$1659,1693,$0.51,$0.50,$5943,$5033,$0,$16011,$3566,$0,$422,$0,$6641,$22652,$5225,$3473,$0,$5104,$10329,$3,$3725,$399,$12323,$22652,$2091,$358,$7,$365,$-318,$-300,$0,$-85,$-686,$1770,$-500,$0,$0,$789,$0,$789,$-53,$236,$1473,$21,$1494,$-1716,$-1716,$-536,$-8,$-766,$1201,$111,$-536
8,2016-08-31,56.2,$7.29,7.71,$19.05,2.95,$2.43,23.11,$2.22,25.31,$14.59B,$5.36B,2.72,$1.99B,$12.17B,0.16,$33.02B,$15.10B,45.72%,$33.02B,$4.31B,13.05%,$33.02B,$4.31B,13.05%,$33.02B,$4.99B,15.10%,$33.02B,$4.46B,13.50%,$33.02B,$3.83B,11.60%,$3.83B,$12.17B,30.56%,$3.83B,$11.74B,31.61%,$3.83B,$21.16B,17.79%,$4.31B,$14.16B,29.61%,$9061,$4938,$4123,$0,$2897,$7835,$1226,$55,$1281,$32,$1249,$1249,$1249,$1406,$1226,$1672,1709,$0.75,$0.73,$4787,$4896,$0,$14589,$3572,$0,$423,$0,$6567,$21156,$5363,$1993,$0,$3628,$8991,$3,$4078,$85,$12165,$21156,$1249,$180,$-54,$126,$-284,$-62,$0,$-63,$-587,$788,$-277,$0,$0,$243,$0,$243,$-42,$-76,$-4,$21,$17,$-942,$-942,$-269,$-8,$-1202,$-479,$57,$-269
9,2016-05-31,53.68,$7.29,7.37,$18.54,2.9,$2.23,24.05,$2.16,24.85,$15.03B,$5.36B,2.8,$1.99B,$12.26B,0.16,$32.38B,$14.97B,46.24%,$32.38B,$4.50B,13.91%,$32.38B,$4.50B,13.91%,$32.38B,$5.16B,15.95%,$32.38B,$4.62B,14.28%,$32.38B,$3.76B,11.61%,$3.76B,$12.26B,29.57%,$3.76B,$11.85B,30.56%,$3.76B,$21.38B,17.55%,$4.50B,$14.25B,31.02%,$8244,$4458,$3786,$0,$2766,$7224,$1020,$53,$1073,$227,$846,$846,$846,$1183,$1020,$1698,1743,$0.50,$0.49,$5457,$4838,$0,$15025,$3520,$0,$412,$0,$6354,$21379,$5358,$1993,$0,$3763,$9121,$3,$4151,$318,$12258,$21379,$3760,$662,$254,$916,$60,$-590,$0,$-161,$-1277,$3399,$-1133,$0,$0,$93,$0,$93,$6,$-1034,$868,$-67,$801,$-2731,$-2731,$-1022,$-22,$-2974,$-714,$236,$-1022
10,2016-02-29,59.72,$7.30,8.18,$18.21,3.28,$3.03,19.68,$2.16,27.65,$15.26B,$4.98B,3.06,$2.05B,$12.30B,0.17,$31.91B,$14.78B,46.31%,$31.91B,$4.48B,14.04%,$31.91B,$4.48B,14.04%,$31.91B,$5.15B,16.13%,$31.91B,$4.60B,14.42%,$31.91B,$3.78B,11.84%,$3.78B,$12.30B,29.46%,$3.78B,$11.89B,30.44%,$3.78B,$20.99B,17.59%,$4.48B,$14.35B,31.12%,$8032,$4343,$3689,$0,$2566,$6909,$1123,$12,$1135,$185,$950,$950,$950,$1300,$1123,$1694,1737,$0.56,$0.55,$5106,$4590,$0,$15256,$3329,$0,$412,$0,$5731,$20987,$4980,$2048,$0,$3707,$8687,$3,$4113,$645,$12300,$20987,$2914,$499,$362,$861,$-124,$-359,$0,$-149,$-1863,$1912,$-892,$0,$0,$351,$0,$351,$-3,$-544,$872,$-68,$804,$-2328,$-2328,$-752,$231,$-2045,$-808,$176,$-752
11,2015-11-30,63.97,$7.85,8.15,$17.80,3.59,$3.93,16.29,$2.06,31.13,$16.76B,$5.51B,3.04,$2.07B,$13.41B,0.15,$31.34B,$14.52B,46.32%,$31.34B,$4.40B,14.05%,$31.34B,$4.40B,14.05%,$31.34B,$5.06B,16.14%,$31.34B,$4.51B,14.40%,$31.34B,$3.62B,11.55%,$3.62B,$13.41B,28.19%,$3.62B,$12.99B,29.12%,$3.62B,$22.58B,16.94%,$4.40B,$15.47B,31.08%,$7686,$4185,$3501,$0,$2560,$6745,$941,$29,$970,$185,$785,$785,$785,$1098,$941,$1707,1751,$0.46,$0.45,$6116,$4600,$0,$16755,$3235,$0,$412,$0,$5828,$22583,$5511,$2067,$0,$3667,$9178,$3,$4887,$1107,$13405,$22583,$1964,$322,$151,$473,$-139,$-354,$0,$-114,$-1401,$1036,$-606,$0,$0,$-91,$0,$-91,$0,$-697,$875,$33,$908,$-912,$-912,$-479,$201,$-282,$-1,$116,$-479
12,2015-08-31,53.91,$7.55,7.14,$17.58,3.07,$4.28,12.59,$1.98,27.3,$15.24B,$5.28B,2.89,$1.08B,$12.89B,0.08,$31.03B,$14.34B,46.21%,$31.03B,$4.35B,14.02%,$31.03B,$4.35B,14.02%,$31.03B,$5.01B,16.15%,$31.03B,$4.42B,14.25%,$31.03B,$3.49B,11.25%,$3.49B,$12.89B,28.11%,$3.49B,$12.48B,29.07%,$3.49B,$20.77B,17.01%,$4.35B,$13.97B,32.24%,$8414,$4419,$3995,$0,$2577,$6996,$1418,$27,$1445,$266,$1179,$1179,$1179,$1583,$1418,$1709,1755,$0.69,$0.67,$5408,$4414,$0,$15238,$3112,$0,$412,$0,$5528,$20766,$5276,$1079,$0,$2596,$7872,$3,$5029,$833,$12894,$20766,$1179,$165,$55,$220,$52,$-100,$0,$-73,$-908,$491,$-318,$0,$0,$-67,$0,$-67,$0,$-385,$-1,$-48,$-49,$-460,$-460,$-240,$75,$-674,$-606,$54,$-240
13,2015-05-31,49.05,$7.42,6.61,$17.29,2.84,$4.42,11.09,$1.85,26.51,$15.59B,$6.33B,2.46,$1.08B,$12.71B,0.09,$30.60B,$14.07B,45.97%,$30.60B,$4.18B,13.64%,$30.60B,$4.18B,13.64%,$30.60B,$4.82B,15.76%,$30.60B,$4.21B,13.74%,$30.60B,$3.27B,10.70%,$3.27B,$12.71B,27.34%,$3.27B,$12.30B,28.32%,$3.27B,$21.60B,16.40%,$4.18B,$13.79B,31.92%,$7779,$4186,$3593,$0,$2595,$6781,$998,$54,$1052,$187,$865,$865,$865,$1166,$998,$1724,1769,$0.51,$0.49,$5924,$4337,$0,$15587,$3011,$0,$412,$0,$6010,$21597,$6332,$1079,$0,$2558,$8890,$3,$4685,$1246,$12707,$21597,$3273,$649,$502,$1151,$-216,$-621,$0,$-144,$256,$4680,$-960,$0,$0,$785,$0,$785,$0,$-175,$-26,$-63,$-89,$-2020,$-2020,$-899,$218,$-2790,$1632,$191,$-899
14,2015-02-28,46.72,$7.19,6.5,$16.99,2.75,$3.50,13.35,$1.75,26.7,$15.21B,$5.59B,2.72,$1.08B,$12.37B,0.09,$30.25B,$13.86B,45.82%,$30.25B,$4.11B,13.60%,$30.25B,$4.11B,13.60%,$30.25B,$4.75B,15.70%,$30.25B,$4.07B,13.44%,$30.25B,$3.11B,10.27%,$3.11B,$12.37B,27.01%,$3.11B,$11.96B,28.02%,$3.11B,$20.54B,16.17%,$4.11B,$13.45B,32.55%,$7460,$4034,$3426,$0,$2379,$6413,$1047,$-1,$1046,$255,$791,$791,$791,$1212,$1047,$1723,1768,$0.46,$0.45,$5361,$4246,$0,$15207,$2862,$0,$412,$0,$5334,$20541,$5586,$1082,$0,$2587,$8173,$3,$4737,$1111,$12368,$20541,$2408,$481,$594,$1075,$-109,$-510,$0,$-31,$-145,$3338,$-720,$0,$0,$338,$0,$338,$0,$-382,$-21,$-83,$-104,$-1483,$-1483,$-658,$150,$-2095,$795,$140,$-658
15,2014-11-30,47.49,$6.77,7.01,$16.63,2.86,$2.58,18.41,$1.69,28.19,$14.03B,$4.94B,2.84,$1.08B,$11.70B,0.09,$29.76B,$13.54B,45.49%,$29.76B,$4.00B,13.44%,$29.76B,$4.00B,13.44%,$29.76B,$4.61B,15.48%,$29.76B,$3.90B,13.10%,$29.76B,$3.00B,10.07%,$3.00B,$11.70B,26.78%,$3.00B,$11.29B,27.87%,$3.00B,$19.17B,16.18%,$4.00B,$12.78B,32.37%,$7380,$4053,$3327,$0,$2438,$6491,$889,$-11,$878,$223,$655,$655,$655,$1050,$889,$1726,1770,$0.38,$0.37,$4713,$4150,$0,$14033,$2927,$0,$412,$0,$5134,$19167,$4937,$1084,$0,$2530,$7467,$3,$4797,$525,$11700,$19167,$1617,$316,$384,$700,$-177,$-318,$0,$-58,$-770,$1547,$-485,$0,$0,$319,$0,$319,$0,$-166,$-16,$-58,$-74,$-930,$-930,$-416,$116,$-1304,$53,$92,$-416
16,2014-08-31,37.57,$6.43,5.85,$15.99,2.35,$2.25,16.67,$1.61,23.34,$13.54B,$4.81B,2.81,$1.20B,$11.11B,0.11,$28.81B,$13.04B,45.24%,$28.81B,$3.85B,13.35%,$28.81B,$3.85B,13.35%,$28.81B,$4.44B,15.40%,$28.81B,$3.74B,12.96%,$28.81B,$2.88B,9.98%,$2.88B,$11.11B,25.91%,$2.88B,$10.69B,27.04%,$2.88B,$18.52B,15.82%,$3.85B,$12.30B,31.28%,$7982,$4261,$3721,$0,$2480,$6741,$1241,$-12,$1229,$267,$962,$962,$962,$1396,$1241,$1730,1772,$0.56,$0.55,$4579,$4030,$0,$13540,$2895,$0,$413,$0,$4981,$18521,$4813,$1195,$0,$2603,$7416,$3,$4808,$224,$11105,$18521,$962,$155,$131,$286,$-203,$-111,$0,$0,$-565,$683,$-260,$0,$0,$540,$0,$540,$0,$280,$-8,$-17,$-25,$-692,$-692,$-209,$44,$-882,$83,$43,$-209
17,2014-05-31,36.68,$6.22,5.9,$15.31,2.4,$2.22,16.52,$1.50,24.53,$13.70B,$5.03B,2.72,$1.20B,$10.82B,0.11,$27.80B,$12.45B,44.77%,$27.80B,$3.68B,13.24%,$27.80B,$3.68B,13.24%,$27.80B,$4.27B,15.35%,$27.80B,$3.54B,12.75%,$27.80B,$2.69B,9.69%,$2.69B,$10.82B,24.16%,$2.69B,$10.41B,25.27%,$2.69B,$18.59B,14.98%,$3.68B,$12.02B,29.80%,$7425,$4040,$3385,$0,$2448,$6488,$937,$-25,$912,$214,$698,$698,$698,$1092,$937,$1767,1812,$0.40,$0.39,$5142,$3947,$0,$13696,$2834,$0,$413,$0,$4898,$18594,$5027,$1199,$0,$2743,$7770,$3,$4871,$85,$10824,$18594,$2693,$586,$222,$808,$-298,$-505,$0,$-210,$-488,$3013,$-877,$0,$0,$-328,$0,$-328,$-2,$-1207,$-77,$75,$-2,$-2245,$-2245,$-799,$132,$-2914,$-1117,$177,$-799
18,2014-02-28,37.22,$6.32,5.89,$14.87,2.5,$2.38,15.66,$1.47,25.32,$13.41B,$3.95B,3.39,$1.20B,$11.13B,0.11,$27.07B,$12.00B,44.33%,$27.07B,$3.65B,13.46%,$27.07B,$3.65B,13.46%,$27.07B,$4.22B,15.58%,$27.07B,$3.52B,13.00%,$27.07B,$2.65B,9.79%,$2.65B,$11.13B,23.64%,$2.65B,$10.62B,24.72%,$2.65B,$17.80B,14.96%,$3.65B,$12.33B,29.36%,$6972,$3869,$3103,$0,$2169,$6038,$934,$-54,$880,$198,$682,$682,$682,$1068,$934,$1765,1810,$0.39,$0.38,$5029,$3825,$0,$13410,$2736,$0,$517,$0,$4393,$17803,$3954,$1201,$0,$2716,$6670,$3,$5374,$33,$11133,$17803,$1995,$431,$134,$565,$-255,$-349,$0,$-222,$-875,$1685,$-669,$0,$0,$-561,$0,$-561,$-1,$-1231,$-67,$37,$-30,$-1408,$-1408,$-587,$108,$-1917,$-1473,$131,$-587
19,2013-11-30,37.39,$6.39,5.85,$14.41,2.6,$2.51,14.89,$1.57,23.89,$13.61B,$3.85B,3.53,$1.20B,$11.34B,0.11,$26.29B,$11.63B,44.26%,$26.29B,$3.58B,13.63%,$26.29B,$3.58B,13.63%,$26.29B,$4.12B,15.66%,$26.29B,$3.50B,13.30%,$26.29B,$2.83B,10.78%,$2.83B,$11.34B,25.55%,$2.83B,$10.83B,26.73%,$2.83B,$17.82B,16.51%,$3.58B,$12.55B,29.77%,$6431,$3605,$2826,$0,$2091,$5696,$735,$-21,$714,$180,$534,$534,$534,$880,$735,$1776,1821,$0.30,$0.30,$5187,$3695,$0,$13607,$2645,$0,$516,$0,$4213,$17820,$3851,$1201,$0,$2625,$6476,$3,$5685,$90,$11344,$17820,$1313,$297,$112,$409,$-89,$-277,$0,$-125,$-774,$948,$-448,$0,$0,$-740,$0,$-740,$-1,$-1189,$-57,$59,$2,$-695,$-695,$-375,$71,$-997,$-1251,$88,$-375
20,2013-08-31,29.68,$6.35,4.68,$14.14,2.1,$2.78,10.67,$1.48,20.05,$13.62B,$3.86B,3.53,$1.21B,$11.28B,0.11,$25.81B,$11.34B,43.93%,$25.81B,$3.54B,13.73%,$25.81B,$3.54B,13.73%,$25.81B,$4.06B,15.73%,$25.81B,$3.49B,13.54%,$25.81B,$2.68B,10.40%,$2.68B,$11.28B,24.94%,$2.68B,$10.77B,26.12%,$2.68B,$17.67B,16.27%,$3.54B,$12.49B,30.95%,$6971,$3839,$3132,$0,$2058,$5897,$1074,$-36,$1038,$259,$779,$779,$779,$1226,$1074,$1779,1821,$0.44,$0.43,$5578,$3472,$0,$13618,$2557,$0,$514,$0,$4056,$17674,$3863,$1207,$0,$2529,$6392,$3,$5762,$177,$11282,$17674,$779,$152,$66,$218,$-102,$-61,$0,$-102,$-379,$618,$-244,$0,$0,$-449,$0,$-449,$-1,$-694,$-2,$3,$1,$-432,$-432,$-188,$27,$-592,$-676,$42,$-188
21,2013-05-31,29.03,$6.20,4.68,$13.82,2.1,$2.81,10.34,$1.36,21.39,$13.63B,$3.96B,3.44,$1.21B,$11.08B,0.11,$25.31B,$11.03B,43.59%,$25.31B,$3.24B,12.79%,$25.31B,$3.24B,12.79%,$25.31B,$3.74B,14.78%,$25.31B,$3.26B,12.86%,$25.31B,$2.47B,9.77%,$2.47B,$11.08B,23.65%,$2.47B,$10.66B,24.95%,$2.47B,$17.55B,15.59%,$3.24B,$12.29B,29.72%,$6697,$3757,$2940,$0,$2038,$5795,$902,$-16,$886,$203,$683,$683,$655,$1045,$902,$1795,1833,$0.37,$0.36,$5965,$3484,$0,$13630,$2452,$0,$420,$0,$3915,$17545,$3962,$1210,$0,$2502,$6464,$3,$5620,$274,$11081,$17545,$2472,$502,$136,$638,$142,$-219,$0,$-28,$-78,$3032,$-584,$0,$786,$-1140,$0,$-1140,$-2,$-940,$937,$10,$947,$-1361,$-1361,$-703,$72,$-1045,$1083,$174,$-703
22,2013-02-28,25.56,$5.97,4.28,$13.38,1.91,$2.14,11.92,$1.29,19.89,$11.79B,$3.50B,3.37,$0.16B,$10.67B,0.02,$24.66B,$10.69B,43.33%,$24.66B,$3.11B,12.62%,$24.66B,$3.11B,12.62%,$24.66B,$3.55B,14.39%,$24.66B,$3.11B,12.61%,$24.66B,$2.35B,9.54%,$2.35B,$10.67B,22.90%,$2.35B,$10.16B,24.23%,$2.35B,$15.62B,15.34%,$3.11B,$10.83B,29.72%,$6187,$3451,$2736,$0,$1863,$5314,$873,$-15,$858,$196,$662,$662,$866,$966,$873,$1788,1823,$0.49,$0.48,$4042,$3329,$0,$11789,$2260,$0,$507,$0,$3826,$15615,$3500,$161,$0,$1448,$4948,$3,$5456,$231,$10667,$15615,$1817,$359,$-52,$307,$38,$-105,$0,$-79,$-432,$1692,$-424,$0,$786,$-58,$0,$-58,$-18,$286,$-47,$-7,$-54,$-1248,$-1248,$-515,$34,$-1783,$240,$128,$-515
23,2012-11-30,22.69,$5.59,4.06,$13.01,1.74,$1.74,13.03,$1.11,20.44,$11.44B,$3.80B,3.01,$0.17B,$10.01B,0.02,$24.13B,$10.44B,43.25%,$24.13B,$3.02B,12.50%,$24.13B,$3.02B,12.50%,$24.13B,$3.48B,14.42%,$24.13B,$3.04B,12.59%,$24.13B,$2.05B,8.49%,$2.05B,$10.01B,20.17%,$2.05B,$9.51B,21.48%,$2.05B,$15.17B,13.53%,$3.02B,$10.18B,29.10%,$5955,$3425,$2530,$0,$1836,$5261,$694,$18,$712,$191,$521,$521,$384,$823,$694,$1794,1826,$0.22,$0.21,$3525,$3318,$0,$11435,$2258,$0,$505,$0,$3736,$15171,$3799,$170,$0,$1358,$5157,$3,$5029,$138,$10014,$15171,$951,$266,$141,$407,$22,$-41,$0,$-33,$-113,$1245,$-250,$0,$225,$197,$0,$197,$-12,$160,$-45,$-10,$-55,$-1063,$-1063,$-327,$14,$-1431,$-26,$83,$-327
24,2012-08-31,22.66,$5.57,4.07,$12.71,1.78,$1.38,16.45,$1.15,19.71,$11.14B,$3.78B,2.95,$0.23B,$10.05B,0.02,$23.72B,$10.28B,43.34%,$23.72B,$2.97B,12.51%,$23.72B,$2.97B,12.51%,$23.72B,$3.39B,14.29%,$23.72B,$2.96B,12.47%,$23.72B,$2.13B,8.99%,$2.13B,$10.05B,21.09%,$2.13B,$9.31B,22.61%,$2.13B,$15.11B,14.23%,$2.97B,$10.27B,28.70%,$6474,$3646,$2828,$0,$2059,$5705,$769,$31,$800,$215,$585,$585,$567,$906,$769,$1811,1846,$0.31,$0.31,$3267,$3411,$0,$11136,$2291,$0,$738,$0,$3978,$15114,$3776,$226,$0,$1291,$5067,$3,$5215,$111,$10047,$15114,$567,$137,$20,$157,$-123,$-17,$0,$-63,$-189,$535,$-107,$0,$0,$333,$0,$333,$-5,$221,$-42,$19,$-23,$-727,$-727,$-165,$8,$-907,$-152,$37,$-165
25,2012-05-31,25.09,$5.67,4.43,$12.41,2.02,$1.13,22.16,$1.18,21.22,$11.85B,$3.88B,3.05,$0.23B,$10.38B,0.02,$23.33B,$10.15B,43.50%,$23.33B,$3.07B,13.15%,$23.33B,$3.07B,13.15%,$23.33B,$3.47B,14.85%,$23.33B,$3.01B,12.91%,$23.33B,$2.21B,9.48%,$2.21B,$10.38B,21.95%,$2.21B,$9.88B,23.53%,$2.21B,$15.47B,14.83%,$3.07B,$10.61B,29.78%,$6048,$3454,$2594,$0,$1817,$5271,$777,$-37,$740,$177,$563,$563,$537,$853,$777,$1840,1879,$0.29,$0.29,$3757,$3222,$0,$11845,$2209,$0,$501,$0,$3620,$15465,$3882,$228,$0,$1202,$5084,$3,$5588,$149,$10381,$15465,$2211,$396,$71,$467,$-323,$-815,$0,$-141,$-854,$1824,$-561,$0,$0,$1139,$0,$1139,$8,$586,$-203,$-47,$-250,$-1346,$-1346,$-619,$115,$-2100,$377,$130,$-619
26,2012-02-29,24.86,$5.55,4.48,$11.78,2.11,$1.17,21.24,$1.20,20.72,$10.93B,$3.41B,3.21,$0.23B,$10.18B,0.02,$22.30B,$9.80B,43.95%,$22.30B,$3.10B,13.90%,$22.30B,$3.10B,13.90%,$22.30B,$3.52B,15.77%,$22.30B,$3.06B,13.73%,$22.30B,$2.27B,10.17%,$2.27B,$10.18B,22.82%,$2.27B,$9.44B,24.61%,$2.27B,$14.79B,15.33%,$3.10B,$10.41B,30.44%,$5656,$3171,$2485,$0,$1708,$4879,$777,$10,$787,$218,$569,$569,$560,$899,$777,$1830,1869,$0.31,$0.30,$3197,$3356,$0,$10932,$2205,$0,$736,$0,$3862,$14794,$3410,$229,$0,$1208,$4618,$3,$5447,$243,$10176,$14794,$1674,$320,$88,$408,$-233,$-691,$0,$-149,$-1157,$925,$-378,$0,$0,$1392,$0,$1392,$-16,$998,$-201,$-87,$-288,$-1213,$-1213,$-454,$85,$-1870,$66,$95,$-454
27,2011-11-30,22.07,$5.36,4.12,$11.37,1.94,$1.22,18.06,$1.17,18.87,$10.73B,$3.56B,3.01,$0.23B,$9.84B,0.02,$21.73B,$9.64B,44.39%,$21.73B,$3.01B,13.87%,$21.73B,$3.01B,13.87%,$21.73B,$3.39B,15.62%,$21.73B,$2.98B,13.72%,$21.73B,$2.23B,10.27%,$2.23B,$9.84B,22.60%,$2.23B,$9.11B,24.35%,$2.23B,$14.57B,15.17%,$3.01B,$10.08B,29.75%,$5546,$3170,$2376,$0,$1731,$4901,$645,$-13,$632,$152,$480,$480,$469,$732,$645,$1837,1874,$0.26,$0.25,$3365,$3164,$0,$10725,$2177,$0,$733,$0,$3840,$14565,$3563,$234,$0,$1159,$4722,$3,$5290,$215,$9843,$14565,$1114,$198,$60,$258,$-91,$-555,$0,$-55,$-775,$597,$-258,$0,$0,$1135,$0,$1135,$-45,$832,$-134,$-49,$-183,$-1041,$-1041,$-289,$59,$-1454,$-26,$61,$-289
28,2011-08-31,19.82,$5.33,3.72,$10.89,1.82,$1.28,15.54,$1.16,17.16,$11.04B,$3.76B,2.94,$0.24B,$9.90B,0.02,$21.02B,$9.46B,45.00%,$21.02B,$2.95B,14.03%,$21.02B,$2.95B,14.03%,$21.02B,$3.36B,15.97%,$21.02B,$2.96B,14.08%,$21.02B,$2.22B,10.56%,$2.22B,$9.90B,22.42%,$2.22B,$9.16B,24.10%,$2.22B,$14.80B,15.11%,$2.95B,$10.14B,28.98%,$6081,$3388,$2693,$0,$1823,$5211,$870,$-18,$852,$207,$645,$645,$645,$981,$870,$1860,1897,$0.35,$0.34,$3700,$3107,$0,$11039,$2166,$0,$740,$0,$3764,$14803,$3760,$238,$0,$1144,$4904,$3,$5653,$105,$9899,$14803,$645,$111,$29,$140,$-141,$-398,$0,$-59,$-698,$87,$-113,$0,$0,$484,$0,$484,$-54,$317,$-132,$-18,$-150,$-479,$-479,$-145,$30,$-744,$-347,$25,$-145
29,2011-05-31,19.24,$5.26,3.66,$10.33,1.86,$1.35,14.23,$1.10,17.49,$11.30B,$3.96B,2.85,$0.28B,$9.84B,0.03,$20.12B,$9.20B,45.74%,$20.12B,$2.84B,14.12%,$20.12B,$2.84B,14.12%,$20.12B,$3.20B,15.90%,$20.12B,$2.86B,14.23%,$20.12B,$2.13B,10.60%,$2.13B,$9.84B,21.68%,$2.13B,$9.15B,23.27%,$2.13B,$15.00B,14.71%,$2.84B,$10.12B,28.00%,$5021,$2773,$2248,$0,$1440,$4213,$808,$-17,$791,$158,$633,$633,$594,$906,$808,$1902,1943,$0.31,$0.31,$4538,$2715,$0,$11297,$2115,$0,$692,$0,$3701,$14998,$3958,$276,$0,$1197,$5155,$3,$5801,$95,$9843,$14998,$2133,$358,$29,$387,$-273,$-551,$0,$-35,$-708,$1812,$-431,$0,$0,$-537,$0,$-537,$-53,$-1021,$-8,$41,$33,$-1514,$-1514,$-555,$64,$-1972,$-1124,$105,$-555
30,2011-02-28,20.21,$5.22,3.87,$10.32,1.96,$2.08,9.73,$1.06,19.16,$10.79B,$3.34B,3.23,$0.28B,$9.90B,0.03,$20.17B,$9.36B,46.40%,$20.17B,$2.70B,13.39%,$20.17B,$2.70B,13.39%,$20.17B,$3.10B,15.34%,$20.17B,$2.75B,13.65%,$20.17B,$2.06B,10.22%,$2.06B,$9.90B,21.00%,$2.06B,$9.24B,22.51%,$2.06B,$14.48B,14.36%,$2.70B,$10.18B,26.57%,$5079,$2752,$2327,$0,$1637,$4389,$690,$17,$707,$184,$523,$523,$523,$775,$690,$1901,1942,$0.28,$0.27,$4465,$2536,$0,$10785,$2057,$0,$666,$0,$3693,$14478,$3342,$276,$0,$1234,$4576,$3,$5954,$106,$9902,$14478,$1539,$260,$8,$268,$-170,$-399,$0,$8,$-837,$970,$-302,$0,$0,$-282,$0,$-282,$-18,$-602,$-6,$-5,$-11,$-973,$-973,$-408,$54,$-1338,$-947,$78,$-408
31,2010-11-30,19.49,$5.20,3.75,$10.10,1.93,$2.58,7.56,$1.04,18.78,$10.92B,$3.25B,3.36,$0.34B,$9.95B,0.03,$19.83B,$9.25B,46.66%,$19.83B,$2.67B,13.45%,$19.83B,$2.67B,13.45%,$19.83B,$3.06B,15.44%,$19.83B,$2.71B,13.66%,$19.83B,$2.04B,10.26%,$2.04B,$9.95B,20.98%,$2.04B,$9.29B,22.51%,$2.04B,$14.46B,14.40%,$2.67B,$10.29B,26.42%,$4842,$2649,$2193,$0,$1611,$4260,$582,$27,$609,$152,$457,$457,$457,$695,$582,$1912,1950,$0.24,$0.24,$4789,$2348,$0,$10916,$2003,$0,$661,$0,$3548,$14464,$3248,$338,$0,$1267,$4515,$3,$6043,$151,$9949,$14464,$1016,$175,$47,$222,$-36,$-252,$0,$10,$-591,$647,$-191,$0,$0,$-964,$0,$-964,$-16,$-1171,$-4,$-15,$-19,$-557,$-557,$-260,$40,$-796,$-1311,$50,$-260
32,2010-08-31,15.78,$5.05,3.12,$9.85,1.6,$2.96,5.34,$0.99,15.9,$10.53B,$3.14B,3.35,$0.34B,$9.66B,0.04,$19.39B,$9.02B,46.51%,$19.39B,$2.57B,13.23%,$19.39B,$2.57B,13.23%,$19.39B,$2.94B,15.17%,$19.39B,$2.59B,13.36%,$19.39B,$1.95B,10.07%,$1.95B,$9.66B,20.52%,$1.95B,$9.00B,22.05%,$1.95B,$14.05B,14.10%,$2.57B,$10.00B,25.80%,$5175,$2741,$2434,$0,$1673,$4414,$761,$-6,$755,$196,$559,$559,$559,$823,$761,$1918,1954,$0.29,$0.29,$4688,$2210,$0,$10531,$1975,$0,$662,$0,$3520,$14051,$3142,$342,$0,$1249,$4391,$3,$6011,$138,$9660,$14051,$559,$62,$21,$83,$-82,$-118,$0,$13,$-430,$212,$-89,$0,$0,$-614,$0,$-614,$19,$-684,$-2,$-32,$-34,$-441,$-441,$-131,$6,$-600,$-1069,$21,$-131
33,2010-05-31,16.25,$5.04,3.23,$9.64,1.69,$3.21,5.06,$0.97,16.8,$10.96B,$3.36B,3.26,$0.45B,$9.75B,0.05,$19.01B,$8.80B,46.28%,$19.01B,$2.47B,13.01%,$19.01B,$2.47B,13.01%,$19.01B,$2.87B,15.09%,$19.01B,$2.52B,13.24%,$19.01B,$1.91B,10.03%,$1.91B,$9.75B,20.34%,$1.91B,$9.10B,21.89%,$1.91B,$14.42B,13.99%,$2.47B,$10.20B,25.18%,$5077,$2671,$2406,$0,$1738,$4409,$668,$15,$683,$161,$522,$522,$522,$802,$668,$1942,1976,$0.27,$0.26,$5146,$2041,$0,$10959,$1932,$0,$655,$0,$3460,$14419,$3364,$446,$0,$1301,$4665,$3,$6095,$215,$9754,$14419,$1907,$396,$167,$563,$182,$285,$0,$-70,$694,$3164,$-325,$0,$0,$-937,$0,$-937,$-6,$-1268,$-32,$-205,$-237,$-377,$-377,$-505,$58,$-1061,$788,$159,$-505
34,2010-02-28,15.12,$4.87,3.1,$9.47,1.6,$2.44,6.19,$0.88,17.23,$10.09B,$2.85B,3.54,$0.45B,$9.43B,0.05,$18.65B,$8.44B,45.24%,$18.65B,$2.26B,12.12%,$18.65B,$2.26B,12.12%,$18.65B,$2.65B,14.21%,$18.65B,$2.32B,12.45%,$18.65B,$1.73B,9.26%,$1.73B,$9.43B,18.96%,$1.73B,$8.77B,20.45%,$1.73B,$13.58B,12.94%,$2.26B,$9.88B,23.65%,$4733,$2515,$2218,$0,$1563,$4078,$655,$7,$662,$165,$497,$497,$497,$742,$655,$1938,1969,$0.26,$0.25,$4039,$2150,$0,$10088,$1963,$0,$659,$0,$3488,$13576,$2847,$452,$0,$1301,$4147,$3,$5919,$234,$9429,$13576,$1385,$262,$212,$474,$89,$215,$0,$-36,$30,$1889,$-230,$0,$0,$-678,$0,$-678,$-56,$-964,$-31,$-237,$-268,$-303,$-303,$-375,$37,$-909,$-66,$138,$-375
35,2009-11-30,14.45,$4.73,3.06,$9.34,1.55,$1.78,8.13,$0.75,19.27,$9.77B,$2.80B,3.49,$0.46B,$9.22B,0.05,$18.36B,$8.17B,44.49%,$18.36B,$1.80B,9.80%,$18.36B,$1.80B,9.80%,$18.36B,$2.58B,14.08%,$18.36B,$1.89B,10.32%,$18.36B,$1.47B,8.03%,$1.47B,$9.22B,16.74%,$1.47B,$8.56B,18.10%,$1.47B,$13.36B,11.33%,$1.80B,$9.68B,19.46%,$4405,$2445,$1960,$0,$1479,$3924,$481,$10,$491,$116,$375,$375,$375,$575,$481,$1949,1978,$0.19,$0.19,$4010,$2176,$0,$9766,$2024,$0,$669,$0,$3593,$13358,$2798,$460,$0,$1336,$4134,$3,$5879,$156,$9224,$13358,$888,$175,$134,$309,$285,$252,$0,$-1,$180,$1377,$-164,$0,$0,$-831,$0,$-831,$-70,$-1065,$-29,$-245,$-274,$-14,$-14,$-243,$25,$-506,$-256,$115,$-243
36,2009-08-31,12.28,$4.67,2.63,$9.46,1.3,$1.38,8.89,$0.76,16.16,$9.61B,$2.85B,3.37,$0.44B,$9.09B,0.05,$18.54B,$8.26B,44.53%,$18.54B,$1.82B,9.83%,$18.54B,$1.82B,9.83%,$18.54B,$2.60B,14.03%,$18.54B,$1.92B,10.38%,$18.54B,$1.49B,8.04%,$1.49B,$9.09B,17.47%,$1.49B,$8.43B,19.16%,$1.49B,$13.19B,11.61%,$1.82B,$9.53B,20.31%,$4799,$2583,$2216,$0,$1546,$4129,$670,$11,$681,$168,$513,$513,$513,$751,$670,$1943,1966,$0.27,$0.26,$3630,$2288,$0,$9607,$1981,$0,$666,$0,$3584,$13191,$2853,$443,$0,$1247,$4100,$3,$5828,$244,$9091,$13191,$513,$81,$73,$154,$94,$95,$0,$-55,$42,$709,$-80,$0,$0,$-221,$0,$-221,$-31,$-332,$-27,$-249,$-276,$32,$32,$-121,$7,$-358,$-30,$91,$-121
37,2009-05-31,12.59,$4.48,2.81,$9.76,1.29,$1.20,10.53,$0.76,16.63,$9.73B,$3.28B,2.97,$0.44B,$8.69B,0.05,$19.18B,$8.60B,44.87%,$19.18B,$1.86B,9.69%,$19.18B,$1.86B,9.69%,$19.18B,$2.64B,13.78%,$19.18B,$1.96B,10.21%,$19.18B,$1.49B,7.76%,$1.49B,$8.69B,18.01%,$1.49B,$8.03B,20.12%,$1.49B,$13.25B,11.73%,$1.86B,$9.13B,21.37%,$4713,$2670,$2043,$0,$1395,$4259,$454,$33,$487,$145,$342,$342,$342,$582,$454,$1940,1963,$0.18,$0.18,$3455,$2357,$0,$9734,$1958,$0,$661,$0,$3516,$13250,$3277,$437,$0,$1280,$4557,$3,$5451,$368,$8693,$13250,$1487,$784,$-123,$661,$-238,$32,$0,$14,$-412,$1736,$-423,$0,$0,$-519,$0,$-519,$144,$-798,$-7,$177,$170,$-462,$-462,$-467,$25,$-734,$157,$171,$-467
38,2009-02-28,9.11,$4.24,2.15,$9.88,0.92,$1.27,7.2,$0.83,11.01,$9.00B,$2.86B,3.15,$0.44B,$8.21B,0.05,$19.55B,$8.89B,45.48%,$19.55B,$2.05B,10.48%,$19.55B,$2.05B,10.48%,$19.55B,$2.78B,14.21%,$19.55B,$2.12B,10.83%,$19.55B,$1.64B,8.37%,$1.64B,$8.21B,20.34%,$1.64B,$7.56B,23.24%,$1.64B,$12.26B,13.11%,$2.05B,$8.65B,24.16%,$4441,$2492,$1949,$0,$1352,$4246,$195,$40,$235,$-8,$244,$244,$244,$676,$195,$1936,1952,$0.13,$0.13,$2604,$2467,$0,$8999,$1894,$0,$648,$0,$3257,$12256,$2858,$438,$0,$1187,$4045,$3,$5232,$191,$8211,$12256,$1145,$656,$-143,$513,$-374,$-183,$0,$-55,$-996,$662,$-321,$0,$0,$-66,$0,$-66,$185,$-202,$-5,$172,$167,$-500,$-500,$-346,$22,$-657,$-242,$127,$-346
39,2008-11-30,11.63,$4.19,2.77,$9.87,1.18,$1.59,7.3,$0.93,12.47,$8.92B,$3.09B,2.89,$0.45B,$8.12B,0.06,$19.65B,$8.99B,45.75%,$19.65B,$2.50B,12.71%,$19.65B,$2.50B,12.71%,$19.65B,$2.84B,14.44%,$19.65B,$2.55B,12.98%,$19.65B,$1.86B,9.45%,$1.86B,$8.12B,23.52%,$1.86B,$7.09B,26.80%,$1.86B,$12.64B,15.02%,$2.50B,$8.56B,29.99%,$4590,$2540,$2050,$0,$1547,$4087,$503,$17,$521,$130,$391,$391,$391,$593,$503,$1935,1959,$0.20,$0.20,$2730,$2419,$0,$8923,$1901,$0,$1027,$0,$3711,$12635,$3090,$446,$0,$1429,$4519,$3,$5109,$253,$8116,$12635,$902,$175,$64,$239,$-173,$-126,$0,$26,$-502,$638,$-211,$0,$0,$-358,$0,$-358,$159,$-410,$-3,$154,$151,$-510,$-510,$-225,$21,$-562,$-412,$103,$-225
40,2008-08-31,13.18,$4.14,3.19,$9.67,1.36,$1.75,7.55,$0.91,14.49,$8.95B,$3.31B,2.7,$0.41B,$8.03B,0.05,$19.40B,$8.86B,45.67%,$19.40B,$2.49B,12.82%,$19.40B,$2.49B,12.82%,$19.40B,$2.82B,14.54%,$19.40B,$2.55B,13.13%,$19.40B,$1.83B,9.41%,$1.83B,$8.03B,23.58%,$1.83B,$6.90B,26.47%,$1.83B,$12.60B,15.12%,$2.49B,$8.44B,30.44%,$5432,$2870,$2562,$0,$1856,$4727,$706,$9,$714,$204,$511,$511,$511,$791,$706,$1949,1980,$0.26,$0.26,$2592,$2454,$0,$8945,$1875,$0,$1138,$0,$3650,$12595,$3312,$407,$0,$1251,$4562,$3,$5046,$361,$8033,$12595,$511,$85,$5,$91,$-293,$-57,$0,$49,$-243,$358,$-94,$0,$0,$-322,$0,$-322,$-13,$-428,$-2,$45,$43,$-373,$-373,$-113,$9,$-434,$-508,$78,$-113
41,2008-05-31,14.82,$3.98,3.72,$9.22,1.61,$1.72,8.6,$0.93,15.89,$8.84B,$3.32B,2.66,$0.44B,$7.83B,0.06,$18.63B,$8.39B,45.03%,$18.63B,$2.43B,13.07%,$18.63B,$2.43B,13.07%,$18.63B,$2.76B,14.79%,$18.63B,$2.50B,13.44%,$18.63B,$1.88B,10.11%,$1.88B,$7.83B,24.88%,$1.88B,$6.63B,27.41%,$1.88B,$12.44B,16.14%,$2.43B,$8.27B,30.40%,$5088,$2757,$2331,$0,$1686,$4443,$645,$3,$648,$158,$491,$491,$491,$718,$645,$1982,2016,$0.25,$0.25,$2776,$2438,$0,$8839,$1891,$0,$1192,$0,$3603,$12443,$3322,$441,$0,$1296,$4617,$3,$5073,$251,$7825,$12443,$1883,$322,$-220,$101,$-118,$-250,$0,$-11,$-48,$1936,$-447,$0,$-325,$380,$0,$380,$-98,$-490,$-35,$64,$29,$-905,$-905,$-413,$63,$-1226,$277,$141,$-413
42,2008-02-29,13.0,$3.86,3.37,$8.85,1.47,$1.77,7.36,$0.90,14.4,$8.91B,$2.94B,3.03,$0.45B,$7.61B,0.06,$17.92B,$7.98B,44.50%,$17.92B,$2.44B,13.59%,$17.92B,$2.44B,13.59%,$17.92B,$2.77B,15.43%,$17.92B,$2.51B,14.03%,$17.92B,$1.83B,10.22%,$1.83B,$7.61B,24.84%,$1.83B,$7.10B,26.78%,$1.83B,$11.79B,16.30%,$2.44B,$8.06B,31.23%,$4544,$2497,$2048,$0,$1403,$3900,$645,$24,$669,$205,$464,$464,$464,$736,$645,$1976,2010,$0.24,$0.23,$2927,$2391,$0,$8905,$1820,$0,$515,$0,$2884,$11788,$2943,$447,$0,$1232,$4175,$3,$4983,$277,$7613,$11788,$1393,$249,$-17,$232,$-134,$-184,$0,$-30,$-321,$1304,$-292,$0,$-52,$326,$0,$326,$-10,$-27,$-30,$91,$61,$-705,$-705,$-300,$37,$-907,$386,$116,$-300
43,2007-11-30,14.13,$3.77,3.75,$8.51,1.66,$1.62,8.73,$0.84,16.74,$8.69B,$2.79B,3.12,$0.44B,$7.49B,0.06,$17.31B,$7.66B,44.28%,$17.31B,$2.28B,13.19%,$17.31B,$2.28B,13.19%,$17.31B,$2.57B,14.84%,$17.31B,$2.36B,13.66%,$17.31B,$1.72B,9.93%,$1.72B,$7.49B,23.93%,$1.72B,$6.95B,25.87%,$1.72B,$11.46B,15.84%,$2.28B,$7.93B,30.03%,$4340,$2418,$1921,$0,$1430,$3848,$492,$24,$516,$156,$359,$359,$359,$577,$492,$1990,2025,$0.18,$0.18,$3072,$2224,$0,$8687,$1788,$0,$541,$0,$2767,$11455,$2789,$436,$0,$1174,$3962,$3,$4973,$229,$7492,$11455,$929,$157,$-18,$139,$-14,$-28,$0,$-80,$-119,$950,$-202,$0,$0,$406,$0,$406,$-10,$194,$-28,$7,$-21,$-395,$-395,$-185,$29,$-572,$614,$90,$-185
44,2007-08-31,12.08,$3.69,3.28,$8.25,1.47,$1.44,8.4,$0.83,14.62,$8.34B,$2.62B,3.19,$0.42B,$7.36B,0.06,$16.79B,$7.40B,44.07%,$16.79B,$2.22B,13.25%,$16.79B,$2.22B,13.25%,$16.79B,$2.49B,14.80%,$16.79B,$2.29B,13.67%,$16.79B,$1.69B,10.04%,$1.69B,$7.36B,24.27%,$1.69B,$6.81B,26.32%,$1.69B,$11.01B,16.15%,$2.22B,$7.78B,30.26%,$4655,$2568,$2087,$0,$1435,$4003,$652,$18,$670,$101,$570,$570,$570,$724,$652,$1998,2029,$0.29,$0.28,$2791,$2155,$0,$8342,$1718,$0,$540,$0,$2672,$11014,$2615,$421,$0,$1044,$3659,$3,$5018,$204,$7355,$11014,$570,$72,$-41,$31,$-257,$-20,$0,$-2,$-281,$320,$-92,$0,$0,$182,$0,$182,$-1,$89,$-26,$38,$12,$-222,$-222,$-93,$15,$-288,$117,$64,$-93
45,2007-05-31,12.13,$3.50,3.47,$8.00,1.52,$1.41,8.63,$0.73,16.61,$8.08B,$2.58B,3.13,$0.41B,$7.03B,0.06,$16.33B,$7.16B,43.86%,$16.33B,$2.13B,13.06%,$16.33B,$2.13B,13.06%,$16.33B,$2.40B,14.71%,$16.33B,$2.20B,13.48%,$16.33B,$1.49B,9.14%,$1.49B,$7.03B,22.41%,$1.49B,$6.49B,24.38%,$1.49B,$10.69B,14.81%,$2.13B,$7.44B,30.21%,$4383,$2464,$1919,$0,$1272,$3736,$647,$12,$659,$221,$438,$438,$438,$728,$647,$2015,2040,$0.22,$0.22,$2847,$2122,$0,$8077,$1678,$0,$541,$0,$2612,$10688,$2584,$410,$0,$1079,$3663,$3,$4885,$177,$7025,$10688,$1492,$270,$182,$452,$-40,$-50,$0,$-61,$-65,$1879,$-285,$0,$0,$382,$0,$382,$-4,$93,$-214,$53,$-161,$-662,$-662,$-344,$56,$-1112,$903,$148,$-344
46,2007-02-28,11.13,$3.39,3.29,$7.75,1.44,$1.26,8.85,$0.67,16.51,$7.64B,$2.31B,3.3,$0.42B,$6.85B,0.06,$15.95B,$6.99B,43.86%,$15.95B,$2.01B,12.58%,$15.95B,$2.01B,12.58%,$15.95B,$2.24B,14.05%,$15.95B,$2.05B,12.87%,$15.95B,$1.39B,8.70%,$1.39B,$6.85B,21.43%,$1.39B,$6.31B,23.37%,$1.39B,$10.22B,14.05%,$2.01B,$7.27B,29.19%,$3927,$2192,$1735,$0,$1243,$3435,$492,$26,$518,$167,$351,$351,$351,$539,$492,$2018,2043,$0.17,$0.17,$2270,$2168,$0,$7640,$1655,$0,$537,$0,$2579,$10219,$2313,$419,$0,$1058,$3371,$3,$4818,$146,$6848,$10219,$1054,$189,$180,$369,$-103,$-109,$0,$-140,$-508,$915,$-189,$0,$0,$977,$0,$977,$-9,$778,$-212,$49,$-163,$-429,$-429,$-250,$48,$-795,$925,$119,$-250
47,2006-11-30,10.5,$3.24,3.24,$7.54,1.39,$1.24,8.44,$0.66,15.96,$7.21B,$2.29B,3.16,$0.38B,$6.54B,0.06,$15.63B,$6.83B,43.71%,$15.63B,$2.00B,12.81%,$15.63B,$2.00B,12.81%,$15.63B,$2.28B,14.58%,$15.63B,$2.04B,13.05%,$15.63B,$1.36B,8.71%,$1.36B,$6.54B,21.53%,$1.36B,$6.00B,23.53%,$1.36B,$9.82B,14.05%,$2.00B,$6.92B,29.78%,$3822,$2165,$1657,$0,$1224,$3388,$433,$14,$447,$122,$326,$326,$326,$495,$433,$2010,2029,$0.16,$0.16,$1907,$2167,$0,$7210,$1673,$0,$538,$0,$2613,$9822,$2285,$384,$0,$999,$3284,$3,$4651,$143,$6538,$9822,$703,$142,$134,$276,$38,$-98,$0,$-231,$-437,$542,$-155,$0,$0,$555,$0,$555,$-10,$390,$-253,$14,$-239,$-439,$-439,$-157,$32,$-804,$149,$92,$-157
