,Date,Stock Price,Book Value per Share,Price to Book Ratio,TTM Sales per Share,Price to Sales Ratio,TTM FCF per Share,Price to FCF Ratio,TTM Net EPS,PE Ratio,Current Assets,Current Liabilities,Current Ratio,Long Term Debt,Shareholder's Equity_x,Debt to Equity Ratio,TTM Revenue_x,TTM Gross Profit,Gross Margin,TTM Revenue_y,TTM Operating Income,Operating Margin,TTM Revenue_x,TTM EBIT,EBIT Margin,TTM Revenue_y,TTM EBITDA,EBITDA Margin,TTM Revenue_x,TTM Pre-Tax Income,Pre-Tax Margin,TTM Revenue_y,TTM Net Income_x,Net Margin,TTM Net Income_y,Shareholder's Equity_y,Return on Equity,TTM Net Income_x,Tangible Equity,Return on Tangible Equity,TTM Net Income_y,Total Assets,Return on Assets,TTM Net Income,LT Investments & Debt,Return on Investment,revenue,cost-goods-sold,gross-profit,research-development-expenses,selling-general-administrative-expenses,operating-expenses,operating-income,total-non-operating-income-expense,pre-tax-income,total-provision-income-taxes,income-after-taxes,income-from-continuous-operations,net-income,ebitda,ebit,basic-shares-outstanding,shares-outstanding,eps-basic-net-earnings-per-share,eps-earnings-per-share-diluted,cash-on-hand,inventory,other-current-assets,total-current-assets,net-property-plant-equipment,long-term-investments,goodwill-intangible-assets-total,other-long-term-assets,total-long-term-assets,total-assets,total-current-liabilities,long-term-debt,other-non-current-liabilities,total-long-term-liabilities,total-liabilities,common-stock-net,retained-earnings-accumulated-deficit,comprehensive-income,total-share-holder-equity,total-liabilities-share-holders-equity,net-income-loss,total-depreciation-amortization-cash-flow,other-non-cash-items,total-non-cash-items,change-in-accounts-receivable,change-in-inventories,change-in-accounts-payable,change-in-assets-liabilities,total-change-in-assets-liabilities,cash-flow-from-operating-activities,net-change-in-property-plant-equipment,net-change-in-intangible-assets,net-acquisitions-divestitures,net-change-in-short-term-investments,net-change-in-long-term-investments,net-change-in-investments-total,investing-activities-other,cash-flow-from-investing-activities,net-long-term-debt,net-current-debt,debt-issuance-retirement-net-total,net-common-equity-issued-repurchased,net-total-equity-issued-repurchased,total-common-preferred-stock-dividends-paid,financial-activities-other,cash-flow-from-financial-activities,net-cash-flow,stock-based-compensation,common-stock-dividends-paid
0,2018-09-30,60.96,$10.34,5.89,$6.98,8.74,$8.88,6.86,$3.96,15.39,$1.51B,$0.11B,13.93,$0.25B,$1.79B,0.14,$1.25B,$1.22B,97.84%,$1.25B,$0.76B,61.17%,$1.25B,$0.76B,61.17%,$1.25B,$0.78B,62.05%,$1.25B,$0.75B,59.89%,$1.25B,$0.75B,59.65%,$0.75B,$1.79B,78.50%,$0.75B,$1.71B,85.36%,$0.75B,$2.25B,53.52%,$0.76B,$2.04B,63.93%,$28,$5,$23,$103,$19,$126,$-99,$2,$-97,$-1,$-96,$-96,$-96,$-96,$-99,$173,173,$-0.56,$-0.56,$1420,$13,$40,$1505,$45,$619,$77,$3,$744,$2249,$108,$247,$93,$351,$459,$0,$-1326,$-5,$1790,$2249,$780,$8,$46,$54,$-16,$-3,$3,$-28,$2,$836,$-3,$0,$0,$0,$-1465,$-1465,$0,$-1467,$0,$0,$0,$849,$849,$0,$0,$849,$217,$64,$0
1,2018-06-30,48.83,$10.79,4.53,$7.76,6.3,$4.02,12.16,$4.89,9.99,$1.91B,$0.10B,19.67,$0.25B,$1.86B,0.13,$1.37B,$1.35B,97.96%,$1.37B,$0.93B,67.83%,$1.37B,$0.93B,67.83%,$1.37B,$0.94B,68.70%,$1.37B,$0.91B,65.94%,$1.37B,$0.90B,65.65%,$0.90B,$1.86B,172.63%,$0.90B,$1.78B,202.13%,$0.90B,$2.31B,92.49%,$0.93B,$2.11B,121.35%,$1088,$6,$1082,$88,$20,$114,$974,$2,$975,$4,$971,$971,$971,$976,$974,$171,182,$5.67,$5.33,$1824,$12,$35,$1906,$45,$282,$77,$3,$407,$2313,$97,$246,$96,$356,$453,$0,$-1230,$-4,$1860,$2313,$876,$5,$31,$36,$-20,$-1,$6,$-15,$-4,$907,$-1,$0,$0,$0,$-845,$-845,$0,$-846,$0,$0,$0,$845,$845,$0,$0,$845,$906,$41,$0
2,2018-03-31,106.26,$0.36,296.07,$2.01,52.83,$-1.59,0.0,$-0.83,0.0,$0.34B,$0.08B,4.16,$0.25B,$0.06B,4.22,$0.32B,$0.29B,90.34%,$0.32B,$-0.09B,-28.97%,$0.32B,$-0.09B,-28.97%,$0.32B,$-0.08B,-24.30%,$0.32B,$-0.13B,-40.19%,$0.32B,$-0.13B,-40.19%,$-0.13B,$0.06B,-221.46%,$-0.13B,$-0.02B,716.67%,$-0.13B,$0.50B,-25.00%,$-0.09B,$0.30B,-30.62%,$38,$7,$31,$99,$19,$125,$-87,$-9,$-96,$0,$-96,$-96,$-96,$-84,$-87,$161,161,$-0.60,$-0.60,$297,$11,$13,$336,$46,$37,$77,$1,$161,$497,$81,$246,$99,$358,$439,$0,$-2201,$-3,$58,$497,$-96,$3,$18,$20,$0,$0,$6,$-1,$23,$-52,$-1,$0,$0,$0,$49,$49,$0,$48,$0,$0,$0,$34,$34,$0,$0,$34,$30,$20,$0
3,2017-12-31,59.72,$0.55,108.46,$1.94,30.85,$-1.51,0.0,$-0.65,0.0,$0.33B,$0.06B,5.82,$0.25B,$0.09B,2.79,$0.31B,$0.28B,90.26%,$0.31B,$-0.06B,-19.48%,$0.31B,$-0.06B,-19.48%,$0.31B,$-0.04B,-14.29%,$0.31B,$-0.10B,-31.49%,$0.31B,$-0.10B,-31.49%,$-0.10B,$0.09B,-176.36%,$-0.10B,$0.01B,451.16%,$-0.10B,$0.51B,-18.52%,$-0.06B,$0.33B,-19.98%,$95,$10,$86,$81,$12,$120,$-24,$-10,$-34,$0,$-34,$-34,$-34,$-21,$-24,$156,156,$-0.20,$-0.18,$296,$11,$15,$327,$47,$57,$77,$1,$182,$509,$56,$245,$101,$365,$421,$0,$-2118,$-2,$88,$509,$-97,$15,$39,$54,$11,$0,$2,$-48,$-38,$-80,$-10,$0,$0,$0,$-19,$-19,$0,$-29,$-5,$0,$-5,$60,$60,$0,$0,$54,$-55,$37,$0
4,2017-09-30,24.0,$0.54,44.76,$1.59,15.07,$-1.82,0.0,$-0.72,0.0,$0.38B,$0.09B,4.14,$0.25B,$0.08B,2.91,$0.25B,$0.22B,89.20%,$0.25B,$-0.07B,-27.20%,$0.25B,$-0.07B,-27.20%,$0.25B,$-0.05B,-20.40%,$0.25B,$-0.11B,-42.00%,$0.25B,$-0.11B,-42.00%,$-0.11B,$0.08B,-190.91%,$-0.11B,$0.01B,494.12%,$-0.11B,$0.58B,-19.49%,$-0.07B,$0.33B,-22.67%,$153,$6,$147,$66,$12,$83,$69,$-8,$61,$0,$61,$61,$61,$73,$69,$156,163,$0.39,$0.37,$353,$14,$13,$383,$62,$60,$77,$1,$199,$582,$93,$245,$104,$405,$498,$0,$-2084,$-2,$84,$582,$-63,$12,$16,$28,$12,$-3,$6,$14,$35,$-0,$-7,$0,$0,$0,$-45,$-45,$0,$-52,$-2,$0,$-2,$32,$32,$0,$0,$30,$-22,$25,$0
5,2017-06-30,19.55,$0.02,900.92,$0.92,21.32,$-2.27,0.0,$-1.41,0.0,$0.29B,$0.07B,3.97,$0.25B,$0.00B,72.48,$0.13B,$0.11B,78.95%,$0.13B,$-0.17B,-127.82%,$0.13B,$-0.17B,-127.82%,$0.13B,$-0.15B,-115.04%,$0.13B,$-0.21B,-157.14%,$0.13B,$-0.21B,-157.14%,$-0.21B,$0.00B,-1229.41%,$-0.21B,$-0.07B,352.74%,$-0.21B,$0.48B,-41.84%,$-0.17B,$0.25B,-64.89%,$35,$9,$26,$60,$16,$85,$-51,$-9,$-60,$0,$-60,$-60,$-60,$-46,$-51,$155,155,$-0.39,$-0.39,$266,$11,$7,$288,$65,$45,$77,$1,$188,$476,$73,$245,$105,$400,$472,$0,$-2145,$-2,$3,$476,$-124,$8,$11,$19,$12,$0,$3,$-1,$11,$-93,$-6,$0,$0,$0,$35,$35,$0,$29,$-1,$0,$-1,$22,$22,$0,$0,$21,$-43,$16,$0
6,2017-03-31,23.47,$0.29,81.15,$0.93,25.11,$-1.93,0.0,$-1.38,0.0,$0.38B,$0.08B,4.85,$0.25B,$0.05B,5.49,$0.13B,$0.10B,79.39%,$0.13B,$-0.16B,-119.85%,$0.13B,$-0.16B,-119.85%,$0.13B,$-0.14B,-107.63%,$0.13B,$-0.20B,-150.38%,$0.13B,$-0.20B,-151.15%,$-0.20B,$0.05B,-3046.15%,$-0.20B,$-0.03B,282.86%,$-0.20B,$0.53B,-39.90%,$-0.16B,$0.29B,-62.49%,$25,$6,$19,$61,$12,$79,$-54,$-9,$-64,$0,$-64,$-64,$-64,$-50,$-54,$154,154,$-0.42,$-0.42,$359,$13,$8,$381,$67,$3,$77,$1,$148,$528,$79,$246,$108,$405,$484,$0,$-2085,$-2,$45,$528,$-64,$4,$5,$9,$14,$-2,$4,$9,$20,$-35,$-4,$0,$0,$0,$-9,$-9,$0,$-13,$-1,$0,$-1,$12,$12,$0,$0,$11,$-36,$8,$0
7,2016-12-31,12.27,$0.58,21.33,$1.21,10.16,$-1.87,0.0,$-1.10,0.0,$0.43B,$0.07B,5.9,$0.24B,$0.09B,2.76,$0.17B,$0.14B,81.82%,$0.17B,$-0.11B,-67.88%,$0.17B,$-0.11B,-67.88%,$0.17B,$-0.10B,-58.79%,$0.17B,$-0.15B,-92.12%,$0.17B,$-0.15B,-92.73%,$-0.15B,$0.09B,3221.05%,$-0.15B,$0.01B,188.31%,$-0.15B,$0.57B,-31.40%,$-0.11B,$0.33B,-46.67%,$37,$7,$31,$50,$13,$70,$-32,$-10,$-42,$0,$-42,$-42,$-42,$-28,$-32,$140,140,$-0.28,$-0.28,$389,$11,$10,$426,$66,$0,$77,$1,$143,$569,$72,$243,$113,$409,$481,$0,$-2021,$-2,$88,$569,$-154,$15,$13,$29,$4,$0,$1,$-9,$8,$-117,$-6,$0,$0,$0,$-76,$-76,$0,$-82,$-6,$0,$-6,$210,$210,$0,$0,$204,$4,$26,$0
8,2016-09-30,17.18,$-0.49,-34.89,$1.24,13.9,$-1.62,0.0,$-1.22,0.0,$0.28B,$0.08B,3.7,$0.25B,$-0.07B,-3.61,$0.17B,$0.14B,80.84%,$0.17B,$-0.11B,-65.27%,$0.17B,$-0.11B,-65.27%,$0.17B,$-0.10B,-56.89%,$0.17B,$-0.16B,-98.20%,$0.17B,$-0.17B,-98.80%,$-0.17B,$-0.07B,653.47%,$-0.17B,$-0.14B,162.16%,$-0.17B,$0.43B,-35.13%,$-0.11B,$0.18B,-49.71%,$36,$7,$29,$52,$10,$69,$-33,$-10,$-43,$0,$-43,$-43,$-43,$-29,$-33,$137,137,$-0.32,$-0.32,$254,$11,$4,$283,$66,$0,$77,$1,$143,$425,$76,$245,$114,$417,$493,$0,$-1979,$-2,$-68,$425,$-111,$12,$9,$21,$6,$1,$5,$0,$26,$-65,$-4,$0,$0,$0,$63,$63,$0,$60,$-5,$0,$-5,$18,$18,$0,$0,$13,$8,$19,$0
9,2016-06-30,14.23,$-0.29,-49.53,$1.42,10.0,$-1.17,0.0,$-0.96,0.0,$0.32B,$0.08B,4.02,$0.25B,$-0.04B,-6.25,$0.19B,$0.16B,83.25%,$0.19B,$-0.08B,-39.79%,$0.19B,$-0.08B,-39.79%,$0.19B,$-0.06B,-32.46%,$0.19B,$-0.13B,-67.54%,$0.19B,$-0.13B,-68.06%,$-0.13B,$-0.04B,-8666.67%,$-0.13B,$-0.12B,173.33%,$-0.13B,$0.46B,-27.33%,$-0.08B,$0.21B,-41.08%,$33,$8,$25,$52,$11,$71,$-38,$-10,$-48,$0,$-49,$-49,$-49,$-34,$-38,$136,136,$-0.36,$-0.36,$275,$10,$5,$318,$68,$0,$77,$1,$145,$463,$79,$245,$118,$423,$502,$0,$-1936,$-2,$-39,$463,$-68,$8,$7,$14,$-8,$1,$0,$9,$16,$-37,$-3,$0,$0,$0,$35,$35,$0,$31,$-4,$0,$-4,$10,$10,$0,$0,$6,$0,$13,$0
10,2016-03-31,13.75,$-0.00,-6875.0,$1.36,10.15,$-0.79,0.0,$-1.00,0.0,$0.35B,$0.07B,5.23,$0.25B,$0.00B,-892.24,$0.18B,$0.15B,80.66%,$0.18B,$-0.08B,-44.75%,$0.18B,$-0.08B,-44.75%,$0.18B,$-0.07B,-38.12%,$0.18B,$-0.13B,-73.48%,$0.18B,$-0.13B,-74.03%,$-0.13B,$0.00B,-670.00%,$-0.13B,$-0.08B,238.22%,$-0.13B,$0.49B,-28.26%,$-0.08B,$0.25B,-46.48%,$59,$9,$50,$49,$10,$68,$-9,$-10,$-19,$0,$-19,$-19,$-19,$-6,$-9,$136,136,$-0.14,$-0.14,$288,$11,$6,$345,$70,$0,$77,$1,$147,$492,$66,$245,$121,$426,$492,$0,$-1887,$-2,$-0,$492,$-19,$4,$4,$8,$-20,$0,$-0,$-1,$-12,$-24,$-2,$0,$0,$0,$38,$38,$0,$36,$-2,$0,$-2,$6,$6,$0,$0,$4,$17,$6,$0
11,2015-12-31,16.85,$0.05,354.74,$1.72,9.78,$-0.14,0.0,$-0.61,0.0,$0.35B,$0.06B,5.72,$0.24B,$0.01B,37.76,$0.23B,$0.20B,84.85%,$0.23B,$-0.03B,-12.55%,$0.23B,$-0.03B,-12.55%,$0.23B,$-0.02B,-7.36%,$0.23B,$-0.08B,-34.63%,$0.23B,$-0.08B,-35.06%,$-0.08B,$0.01B,-206.37%,$-0.08B,$-0.07B,220.41%,$-0.08B,$0.50B,-17.02%,$-0.03B,$0.25B,-17.60%,$39,$8,$31,$47,$13,$69,$-29,$-25,$-54,$0,$-54,$-54,$-54,$-26,$-29,$132,132,$-0.41,$-0.40,$309,$11,$10,$350,$71,$0,$77,$1,$149,$499,$61,$243,$126,$431,$492,$0,$-1867,$-2,$6,$499,$-81,$13,$30,$43,$-16,$2,$-0,$-15,$-35,$-73,$-11,$0,$0,$0,$-28,$-28,$25,$-14,$99,$0,$99,$32,$32,$0,$0,$131,$43,$20,$0
12,2015-09-30,10.96,$0.29,37.38,$1.58,6.94,$-0.70,0.0,$-0.56,0.0,$0.29B,$0.21B,1.38,$0.00B,$0.04B,0.03,$0.21B,$0.18B,83.96%,$0.21B,$-0.04B,-17.45%,$0.21B,$-0.04B,-17.45%,$0.21B,$-0.03B,-11.79%,$0.21B,$-0.07B,-34.43%,$0.21B,$-0.07B,-34.43%,$-0.07B,$0.04B,-156.15%,$-0.07B,$-0.04B,249.57%,$-0.07B,$0.45B,-15.81%,$-0.04B,$0.04B,-25.74%,$60,$7,$53,$43,$10,$60,$0,$-9,$-8,$0,$-8,$-8,$-8,$4,$0,$133,133,$-0.06,$-0.06,$268,$10,$5,$286,$73,$0,$77,$14,$163,$449,$208,$1,$132,$202,$410,$0,$-1813,$-2,$39,$449,$-27,$9,$14,$23,$1,$3,$-1,$-4,$6,$2,$-9,$0,$0,$0,$-23,$-23,$25,$-7,$-4,$0,$-4,$16,$16,$0,$0,$12,$6,$14,$0
13,2015-06-30,12.51,$0.27,47.12,$2.13,5.86,$-1.59,0.0,$0.03,417.0,$0.30B,$0.08B,3.73,$0.13B,$0.04B,3.64,$0.29B,$0.25B,87.37%,$0.29B,$0.04B,15.09%,$0.29B,$0.04B,15.09%,$0.29B,$0.06B,19.30%,$0.29B,$0.01B,2.11%,$0.29B,$0.01B,2.11%,$0.01B,$0.04B,12.31%,$0.01B,$-0.04B,-22.02%,$0.01B,$0.46B,1.28%,$0.04B,$0.16B,24.12%,$23,$11,$12,$45,$10,$66,$-43,$-9,$-52,$0,$-53,$-53,$-53,$-41,$-43,$132,132,$-0.40,$-0.40,$280,$10,$9,$302,$72,$0,$77,$6,$154,$457,$81,$128,$139,$340,$422,$0,$-1805,$-1,$35,$457,$-19,$6,$11,$16,$-0,$3,$-0,$8,$18,$16,$-5,$0,$0,$0,$-8,$-8,$0,$-13,$-2,$0,$-2,$8,$8,$0,$0,$5,$9,$10,$0
14,2015-03-31,11.0,$0.59,18.7,$2.19,5.03,$-2.28,0.0,$0.17,64.71,$0.35B,$0.08B,4.6,$0.13B,$0.08B,1.67,$0.29B,$0.26B,89.35%,$0.29B,$0.06B,21.65%,$0.29B,$0.06B,21.65%,$0.29B,$0.08B,26.12%,$0.29B,$0.03B,8.93%,$0.29B,$0.03B,8.93%,$0.03B,$0.08B,83.20%,$0.03B,$0.00B,-57.78%,$0.03B,$0.50B,5.49%,$0.06B,$0.21B,39.01%,$109,$8,$100,$47,$10,$66,$43,$-9,$34,$0,$34,$34,$34,$46,$43,$131,136,$0.26,$0.25,$326,$13,$6,$347,$69,$0,$77,$6,$152,$499,$75,$129,$139,$346,$422,$0,$-1752,$-1,$77,$499,$34,$3,$5,$8,$1,$0,$2,$15,$21,$63,$-1,$0,$0,$0,$54,$54,$0,$53,$-1,$0,$-1,$2,$2,$0,$0,$1,$117,$5,$0
15,2014-12-31,15.5,$0.28,55.98,$1.54,10.04,$-3.28,0.0,$-0.45,0.0,$0.29B,$0.06B,4.5,$0.13B,$0.04B,3.55,$0.20B,$0.17B,85.15%,$0.20B,$-0.02B,-7.92%,$0.20B,$-0.02B,-7.92%,$0.20B,$-0.00B,-1.49%,$0.20B,$-0.05B,-26.73%,$0.20B,$-0.05B,-26.73%,$-0.05B,$0.04B,-568.42%,$-0.05B,$-0.04B,80.90%,$-0.05B,$0.44B,-11.46%,$-0.02B,$0.17B,-11.41%,$20,$6,$13,$38,$12,$57,$-37,$-9,$-47,$-1,$-46,$-46,$-46,$-34,$-37,$127,127,$-0.34,$-0.32,$263,$13,$9,$288,$70,$0,$77,$7,$153,$442,$64,$129,$135,$341,$405,$0,$-1786,$-2,$36,$442,$-54,$13,$-55,$-42,$-1,$1,$-6,$-22,$-46,$-142,$-10,$0,$0,$0,$-28,$-28,$0,$-38,$-4,$0,$-4,$164,$164,$0,$-7,$153,$-27,$17,$0
16,2014-09-30,12.07,$0.37,32.78,$1.66,7.28,$-2.45,0.0,$-0.51,0.0,$0.32B,$0.08B,4.02,$0.13B,$0.05B,2.76,$0.21B,$0.18B,84.98%,$0.21B,$-0.02B,-7.04%,$0.21B,$-0.02B,-7.04%,$0.21B,$-0.00B,-0.94%,$0.21B,$-0.05B,-24.88%,$0.21B,$-0.06B,-26.29%,$-0.06B,$0.05B,254.55%,$-0.06B,$-0.03B,57.00%,$-0.06B,$0.48B,-11.93%,$-0.02B,$0.18B,-13.67%,$133,$9,$124,$34,$9,$53,$80,$-9,$71,$0,$71,$71,$71,$84,$80,$128,132,$0.55,$0.53,$262,$12,$5,$324,$69,$0,$77,$7,$153,$477,$81,$130,$136,$349,$430,$0,$-1741,$-1,$47,$477,$-8,$10,$12,$22,$-44,$2,$-4,$-75,$-131,$-117,$-6,$0,$0,$0,$-7,$-7,$0,$-13,$-3,$0,$-3,$133,$133,$0,$-7,$123,$-7,$13,$0
17,2014-06-30,12.82,$-0.28,-46.15,$1.18,10.87,$-2.32,0.0,$-1.18,0.0,$0.30B,$0.08B,3.54,$0.13B,$-0.04B,-3.71,$0.14B,$0.11B,74.47%,$0.14B,$-0.10B,-72.34%,$0.14B,$-0.10B,-72.34%,$0.14B,$-0.09B,-63.12%,$0.14B,$-0.14B,-99.29%,$0.14B,$-0.14B,-102.13%,$-0.14B,$-0.04B,311.35%,$-0.14B,$-0.11B,117.31%,$-0.14B,$0.48B,-32.31%,$-0.10B,$0.10B,-118.26%,$29,$5,$23,$37,$10,$51,$-23,$-10,$-32,$0,$-33,$-33,$-33,$-20,$-23,$127,127,$-0.26,$-0.26,$276,$14,$5,$298,$71,$0,$77,$32,$180,$478,$84,$131,$209,$429,$513,$0,$-1811,$-1,$-35,$478,$-79,$7,$9,$16,$-1,$-1,$-2,$2,$-8,$-71,$-5,$0,$0,$0,$-48,$-48,$0,$-53,$-2,$0,$-2,$125,$125,$0,$-7,$116,$-8,$9,$0
18,2014-03-31,12.12,$-0.08,-156.79,$1.25,9.71,$-2.35,0.0,$-1.29,0.0,$0.31B,$0.08B,3.84,$0.13B,$-0.01B,-13.46,$0.15B,$0.11B,76.03%,$0.15B,$-0.11B,-76.71%,$0.15B,$-0.11B,-76.71%,$0.15B,$-0.10B,-67.12%,$0.15B,$-0.15B,-103.42%,$0.15B,$-0.15B,-105.48%,$-0.15B,$-0.01B,322.51%,$-0.15B,$-0.09B,124.19%,$-0.15B,$0.49B,-35.86%,$-0.11B,$0.12B,-130.61%,$20,$8,$12,$38,$10,$56,$-36,$-10,$-46,$0,$-46,$-46,$-46,$-33,$-36,$124,124,$-0.37,$-0.37,$284,$13,$6,$305,$73,$0,$77,$33,$182,$487,$79,$132,$209,$418,$497,$0,$-1779,$-1,$-10,$487,$-46,$3,$5,$8,$0,$1,$-6,$-8,$-24,$-62,$-5,$0,$0,$0,$-54,$-54,$0,$-58,$-1,$0,$-1,$122,$122,$0,$-7,$114,$-7,$4,$0
19,2013-12-31,11.35,$-0.77,-14.71,$1.29,8.81,$-2.14,0.0,$-1.40,0.0,$0.26B,$0.10B,2.63,$0.13B,$-0.09B,-1.48,$0.15B,$0.11B,73.83%,$0.15B,$-0.12B,-81.21%,$0.15B,$-0.12B,-81.21%,$0.15B,$-0.11B,-71.14%,$0.15B,$-0.16B,-107.38%,$0.15B,$-0.16B,-109.40%,$-0.16B,$-0.09B,354.35%,$-0.16B,$-0.17B,133.33%,$-0.16B,$0.44B,-38.83%,$-0.12B,$0.04B,-136.72%,$31,$9,$22,$48,$10,$67,$-36,$-10,$-46,$2,$-48,$-48,$-48,$-33,$-36,$116,116,$-0.41,$-0.41,$237,$13,$5,$258,$67,$0,$77,$33,$177,$435,$98,$133,$211,$426,$524,$0,$-1732,$-1,$-90,$435,$-162,$14,$19,$33,$4,$5,$6,$73,$91,$-39,$-4,$0,$0,$-268,$322,$54,$0,$50,$-3,$0,$-3,$8,$8,$0,$-3,$2,$14,$18,$0
20,2013-09-30,10.45,$-0.43,-24.11,$1.20,8.68,$-3.00,0.0,$-1.45,0.0,$0.21B,$0.08B,2.57,$0.13B,$-0.05B,-2.67,$0.14B,$0.10B,73.38%,$0.14B,$-0.13B,-92.09%,$0.14B,$-0.13B,-92.09%,$0.14B,$-0.11B,-81.29%,$0.14B,$-0.17B,-120.14%,$0.14B,$-0.17B,-120.86%,$-0.17B,$-0.05B,1429.79%,$-0.17B,$-0.13B,190.91%,$-0.17B,$0.38B,-38.58%,$-0.13B,$0.08B,-103.43%,$61,$13,$48,$44,$11,$67,$-7,$-10,$-16,$0,$-17,$-17,$-17,$-3,$-7,$116,116,$-0.14,$-0.14,$184,$15,$5,$208,$65,$0,$77,$34,$175,$383,$81,$134,$134,$352,$433,$0,$-1685,$-2,$-50,$383,$-114,$11,$17,$28,$1,$3,$1,$-13,$-6,$-92,$-1,$0,$0,$274,$-141,$133,$0,$132,$-2,$0,$-2,$5,$5,$0,$-3,$0,$40,$13,$0
21,2013-06-30,11.55,$-0.35,-32.95,$0.84,13.8,$-2.96,0.0,$-1.69,0.0,$0.23B,$0.09B,2.6,$0.14B,$-0.04B,-3.33,$0.10B,$0.07B,67.71%,$0.10B,$-0.15B,-160.42%,$0.10B,$-0.15B,-160.42%,$0.10B,$-0.14B,-144.79%,$0.10B,$-0.19B,-202.08%,$0.10B,$-0.20B,-203.13%,$-0.20B,$-0.04B,-795.92%,$-0.20B,$-0.12B,378.64%,$-0.20B,$0.41B,-41.05%,$-0.15B,$0.09B,-95.65%,$34,$5,$29,$52,$9,$66,$-33,$-10,$-43,$0,$-43,$-43,$-43,$-29,$-33,$116,116,$-0.37,$-0.37,$202,$20,$6,$234,$68,$0,$77,$34,$178,$413,$90,$135,$133,$363,$453,$0,$-1668,$-1,$-41,$413,$-98,$7,$12,$19,$-0,$-2,$3,$1,$7,$-72,$-1,$0,$0,$0,$91,$91,$0,$90,$-1,$0,$-1,$3,$3,$0,$-3,$-2,$16,$9,$0
22,2013-03-31,11.0,$-0.02,-484.58,$0.75,14.66,$-2.83,0.0,$-1.62,0.0,$0.27B,$0.08B,3.21,$0.14B,$-0.00B,-51.82,$0.09B,$0.05B,60.47%,$0.09B,$-0.15B,-172.09%,$0.09B,$-0.15B,-172.09%,$0.09B,$-0.13B,-155.81%,$0.09B,$-0.19B,-215.12%,$0.09B,$-0.19B,-216.28%,$-0.19B,$-0.00B,-274.54%,$-0.19B,$-0.08B,2254.55%,$-0.19B,$0.45B,-34.52%,$-0.15B,$0.13B,-85.18%,$23,$12,$11,$46,$11,$68,$-45,$-10,$-55,$0,$-55,$-55,$-55,$-41,$-45,$115,115,$-0.48,$-0.48,$236,$18,$9,$267,$70,$0,$77,$34,$181,$448,$83,$136,$131,$367,$451,$0,$-1625,$-0,$-3,$448,$-55,$4,$6,$9,$2,$-0,$1,$3,$8,$-38,$-0,$0,$0,$0,$44,$44,$0,$44,$-1,$0,$-1,$1,$1,$0,$-3,$-2,$3,$4,$0
23,2012-12-31,7.41,$0.41,18.17,$0.71,10.47,$-2.81,0.0,$-1.50,0.0,$0.32B,$0.08B,4.01,$0.14B,$0.05B,2.91,$0.08B,$0.05B,61.73%,$0.08B,$-0.14B,-174.07%,$0.08B,$-0.14B,-174.07%,$0.08B,$-0.13B,-156.79%,$0.08B,$-0.17B,-211.11%,$0.08B,$-0.17B,-212.35%,$-0.17B,$0.05B,-157.80%,$-0.17B,$-0.03B,-521.21%,$-0.17B,$0.50B,-28.64%,$-0.14B,$0.18B,-76.42%,$21,$7,$14,$46,$11,$65,$-43,$-10,$-53,$-0,$-53,$-53,$-53,$-40,$-43,$115,115,$-0.46,$-0.46,$277,$18,$13,$315,$72,$0,$77,$34,$183,$498,$79,$137,$139,$372,$451,$0,$-1570,$-0,$47,$498,$-172,$15,$26,$40,$-1,$-6,$-0,$-0,$2,$-130,$-11,$0,$0,$0,$149,$149,$-25,$113,$-97,$0,$-97,$4,$4,$0,$120,$27,$10,$16,$0
24,2012-09-30,10.68,$0.83,12.89,$0.66,16.09,$-2.68,0.0,$-1.37,0.0,$0.35B,$0.07B,4.99,$0.14B,$0.10B,1.44,$0.08B,$0.05B,60.53%,$0.08B,$-0.13B,-173.68%,$0.08B,$-0.13B,-173.68%,$0.08B,$-0.12B,-155.26%,$0.08B,$-0.16B,-203.95%,$0.08B,$-0.16B,-205.26%,$-0.16B,$0.10B,-106.30%,$-0.16B,$0.02B,-221.28%,$-0.16B,$0.54B,-24.85%,$-0.13B,$0.23B,-68.93%,$18,$7,$11,$34,$10,$51,$-33,$-10,$-43,$0,$-44,$-44,$-44,$-29,$-33,$115,115,$-0.38,$-0.38,$319,$17,$7,$347,$73,$35,$77,$10,$195,$541,$69,$137,$137,$377,$446,$0,$-1517,$0,$95,$541,$-119,$11,$20,$31,$1,$-4,$-0,$7,$6,$-82,$-6,$0,$0,$0,$82,$82,$-25,$51,$-96,$0,$-96,$3,$3,$0,$120,$27,$-5,$12,$0
25,2012-06-30,8.07,$1.15,7.0,$0.74,10.91,$-2.62,0.0,$-1.20,0.0,$0.47B,$0.28B,1.69,$0.01B,$0.13B,0.1,$0.09B,$0.06B,67.06%,$0.09B,$-0.12B,-141.18%,$0.09B,$-0.12B,-141.18%,$0.09B,$-0.11B,-125.88%,$0.09B,$-0.14B,-160.00%,$0.09B,$-0.14B,-160.00%,$-0.14B,$0.13B,-75.24%,$-0.14B,$0.06B,-130.46%,$-0.14B,$0.67B,-20.78%,$-0.12B,$0.15B,-61.62%,$24,$7,$16,$33,$10,$51,$-27,$-7,$-34,$0,$-34,$-34,$-34,$-24,$-27,$115,115,$-0.30,$-0.30,$433,$15,$9,$468,$74,$44,$77,$6,$200,$668,$277,$13,$138,$259,$536,$0,$-1474,$-1,$132,$668,$-75,$7,$14,$21,$-6,$-2,$0,$9,$-1,$-55,$-3,$0,$0,$0,$59,$59,$0,$56,$-1,$0,$-1,$1,$1,$0,$120,$120,$121,$8,$0
26,2012-03-31,7.92,$1.42,5.59,$0.68,11.56,$-2.60,0.0,$-1.22,0.0,$0.42B,$0.27B,1.55,$0.01B,$0.16B,0.09,$0.08B,$0.05B,64.10%,$0.08B,$-0.13B,-162.82%,$0.08B,$-0.13B,-162.82%,$0.08B,$-0.11B,-144.87%,$0.08B,$-0.14B,-176.92%,$0.08B,$-0.14B,-176.92%,$-0.14B,$0.16B,-65.56%,$-0.14B,$0.09B,-102.99%,$-0.14B,$0.70B,-21.06%,$-0.13B,$0.18B,-45.52%,$18,$9,$9,$35,$10,$56,$-38,$-3,$-41,$0,$-41,$-41,$-41,$-34,$-38,$115,115,$-0.36,$-0.36,$382,$14,$14,$421,$76,$117,$77,$5,$274,$695,$271,$14,$137,$262,$532,$0,$-1440,$-0,$162,$695,$-41,$4,$8,$11,$-6,$-1,$-1,$8,$-5,$-35,$-2,$0,$0,$0,$50,$50,$0,$48,$-1,$0,$-1,$0,$0,$0,$120,$120,$133,$4,$0
27,2011-12-31,5.6,$1.73,3.24,$0.63,8.85,$-2.46,0.0,$-1.19,0.0,$0.28B,$0.28B,1.0,$0.02B,$0.20B,0.07,$0.07B,$0.05B,69.01%,$0.07B,$-0.12B,-173.24%,$0.07B,$-0.12B,-173.24%,$0.07B,$-0.11B,-153.52%,$0.07B,$-0.13B,-187.32%,$0.07B,$-0.13B,-187.32%,$-0.13B,$0.20B,-55.36%,$-0.13B,$0.12B,-81.22%,$-0.13B,$0.61B,-20.23%,$-0.12B,$0.21B,-33.86%,$16,$5,$10,$33,$11,$50,$-34,$-2,$-37,$1,$-37,$-37,$-37,$-31,$-34,$113,113,$-0.33,$-0.33,$241,$13,$18,$277,$79,$174,$77,$1,$330,$607,$276,$15,$7,$133,$409,$0,$-1399,$-1,$198,$607,$-134,$15,$20,$35,$20,$-5,$-3,$-31,$-15,$-114,$-10,$0,$0,$-102,$0,$-102,$0,$-112,$-2,$0,$-2,$224,$224,$0,$0,$222,$-2,$19,$0
28,2011-09-30,4.85,$2.02,2.4,$0.97,4.98,$-2.29,0.0,$-1.10,0.0,$0.30B,$0.28B,1.07,$0.02B,$0.23B,0.07,$0.10B,$0.07B,74.00%,$0.10B,$-0.11B,-110.00%,$0.10B,$-0.11B,-110.00%,$0.10B,$-0.09B,-94.00%,$0.10B,$-0.12B,-118.00%,$0.10B,$-0.12B,-119.00%,$-0.12B,$0.23B,-55.74%,$-0.12B,$0.15B,-86.86%,$-0.12B,$0.65B,-18.71%,$-0.11B,$0.25B,-28.13%,$27,$5,$22,$31,$12,$48,$-21,$-3,$-24,$0,$-24,$-24,$-24,$-18,$-21,$114,114,$-0.21,$-0.21,$266,$11,$8,$298,$82,$191,$77,$1,$350,$648,$279,$15,$6,$138,$417,$0,$-1361,$-1,$231,$648,$-96,$11,$15,$27,$12,$-3,$-4,$-17,$-2,$-72,$-8,$0,$0,$0,$-118,$-118,$0,$-126,$-1,$0,$-1,$224,$224,$0,$0,$223,$25,$15,$0
29,2011-06-30,7.27,$2.20,3.31,$1.14,6.38,$-2.64,0.0,$-0.98,0.0,$0.39B,$0.06B,6.35,$0.23B,$0.25B,0.92,$0.11B,$0.08B,75.68%,$0.11B,$-0.10B,-85.59%,$0.11B,$-0.10B,-85.59%,$0.11B,$-0.08B,-70.27%,$0.11B,$-0.10B,-91.89%,$0.11B,$-0.10B,-93.69%,$-0.10B,$0.25B,-56.99%,$-0.10B,$0.18B,-98.11%,$-0.10B,$0.67B,-17.35%,$-0.10B,$0.48B,-22.93%,$17,$8,$9,$32,$11,$52,$-34,$-2,$-36,$0,$-36,$-36,$-36,$-30,$-34,$114,114,$-0.32,$-0.32,$363,$10,$8,$389,$85,$119,$77,$1,$282,$671,$61,$231,$6,$358,$420,$0,$-1337,$1,$251,$671,$-72,$8,$10,$18,$17,$-3,$-3,$-10,$5,$-50,$-7,$0,$0,$0,$-172,$-172,$0,$-179,$-1,$0,$-1,$224,$224,$0,$0,$223,$-6,$10,$0
30,2011-03-31,9.47,$2.47,3.84,$1.44,6.57,$-2.81,0.0,$-0.67,0.0,$0.54B,$0.06B,9.16,$0.23B,$0.28B,0.82,$0.14B,$0.11B,82.48%,$0.14B,$-0.06B,-43.07%,$0.14B,$-0.06B,-43.07%,$0.14B,$-0.04B,-30.66%,$0.14B,$-0.07B,-48.18%,$0.14B,$-0.07B,-50.36%,$-0.07B,$0.28B,-46.86%,$-0.07B,$0.21B,-97.87%,$-0.07B,$0.70B,-12.22%,$-0.06B,$0.51B,-15.56%,$11,$3,$8,$30,$12,$45,$-34,$-2,$-36,$0,$-36,$-36,$-36,$-30,$-34,$109,109,$-0.33,$-0.33,$519,$12,$7,$539,$88,$0,$77,$1,$165,$704,$59,$231,$6,$364,$423,$0,$-1301,$1,$281,$704,$-36,$4,$5,$9,$23,$-4,$-3,$-5,$12,$-15,$-4,$0,$0,$0,$-198,$-198,$0,$-202,$-0,$0,$-0,$222,$222,$0,$0,$221,$5,$5,$0
31,2010-12-31,12.85,$0.96,13.4,$1.69,7.6,$-3.05,0.0,$-0.41,0.0,$0.35B,$0.06B,5.52,$0.23B,$0.09B,2.56,$0.16B,$0.13B,84.28%,$0.16B,$-0.03B,-17.61%,$0.16B,$-0.03B,-17.61%,$0.16B,$-0.01B,-6.92%,$0.16B,$-0.04B,-22.64%,$0.16B,$-0.04B,-24.53%,$-0.04B,$0.09B,-37.77%,$-0.04B,$0.01B,-148.57%,$-0.04B,$0.52B,-7.42%,$-0.03B,$0.32B,-8.35%,$45,$10,$35,$31,$12,$66,$-21,$-2,$-22,$0,$-23,$-23,$-23,$-16,$-21,$94,94,$-0.23,$-0.23,$316,$7,$6,$354,$90,$0,$77,$1,$167,$521,$64,$232,$6,$366,$431,$0,$-1265,$1,$91,$521,$-38,$17,$30,$47,$-20,$-1,$4,$-47,$-65,$-56,$-31,$0,$0,$0,$48,$48,$0,$17,$-1,$0,$-1,$9,$9,$0,$0,$8,$-32,$17,$0
32,2010-09-30,14.77,$1.13,13.02,$1.63,9.06,$-1.92,0.0,$-0.25,0.0,$0.33B,$0.09B,3.85,$0.23B,$0.11B,2.17,$0.15B,$0.13B,84.31%,$0.15B,$-0.01B,-7.84%,$0.15B,$-0.01B,-7.84%,$0.15B,$0.00B,1.96%,$0.15B,$-0.02B,-13.73%,$0.15B,$-0.02B,-15.69%,$-0.02B,$0.11B,-22.64%,$-0.02B,$0.03B,-82.05%,$-0.02B,$0.50B,-4.45%,$-0.01B,$0.34B,-3.54%,$38,$6,$32,$28,$10,$44,$-6,$-2,$-8,$0,$-9,$-9,$-9,$-2,$-6,$94,94,$-0.09,$-0.09,$303,$11,$6,$326,$98,$0,$77,$2,$176,$502,$85,$232,$5,$311,$396,$0,$-1242,$1,$107,$502,$-15,$12,$13,$25,$-1,$-5,$2,$-85,$-86,$-76,$-22,$0,$0,$0,$56,$56,$0,$34,$-1,$0,$-1,$7,$7,$0,$0,$6,$-37,$13,$0
33,2010-06-30,12.1,$1.16,10.4,$1.34,9.04,$-1.96,0.0,$-0.49,0.0,$0.36B,$0.11B,3.39,$0.23B,$0.11B,2.13,$0.13B,$0.10B,80.80%,$0.13B,$-0.04B,-28.00%,$0.13B,$-0.04B,-28.00%,$0.13B,$-0.02B,-16.00%,$0.13B,$-0.04B,-35.20%,$0.13B,$-0.05B,-36.80%,$-0.05B,$0.11B,-43.50%,$-0.05B,$0.03B,-157.26%,$-0.05B,$0.53B,-8.72%,$-0.04B,$0.34B,-10.32%,$43,$5,$38,$26,$10,$41,$2,$-2,$-0,$0,$-1,$-1,$-1,$6,$2,$94,94,$-0.01,$-0.01,$338,$10,$6,$364,$88,$0,$77,$2,$167,$531,$107,$233,$4,$314,$421,$0,$-1233,$1,$110,$531,$-7,$8,$8,$16,$-5,$-3,$2,$-56,$-64,$-54,$-9,$0,$0,$0,$31,$31,$0,$22,$-1,$0,$-1,$6,$6,$0,$0,$5,$-26,$8,$0
34,2010-03-31,15.21,$1.12,13.64,$1.03,14.83,$-2.15,0.0,$-0.83,0.0,$0.39B,$0.13B,3.07,$0.23B,$0.11B,2.23,$0.10B,$0.07B,69.47%,$0.10B,$-0.07B,-70.53%,$0.10B,$-0.07B,-70.53%,$0.10B,$-0.05B,-55.79%,$0.10B,$-0.08B,-80.00%,$0.10B,$-0.08B,-81.05%,$-0.08B,$0.11B,-69.37%,$-0.08B,$0.03B,-223.19%,$-0.08B,$0.55B,-15.02%,$-0.07B,$0.34B,-19.43%,$33,$4,$29,$23,$9,$37,$-3,$-2,$-6,$0,$-6,$-6,$-6,$1,$-3,$94,94,$-0.07,$-0.07,$362,$9,$7,$385,$83,$0,$77,$4,$163,$549,$126,$233,$5,$318,$444,$0,$-1233,$1,$105,$549,$-6,$4,$4,$8,$-3,$-2,$2,$-29,$-36,$-34,$-4,$0,$0,$0,$5,$5,$0,$1,$-0,$0,$-0,$5,$5,$0,$0,$4,$-29,$4,$0
35,2009-12-31,9.32,$1.10,8.49,$0.78,12.01,$-2.25,0.0,$-1.10,0.0,$0.41B,$0.15B,2.7,$0.23B,$0.10B,2.28,$0.07B,$0.04B,56.94%,$0.07B,$-0.09B,-130.56%,$0.07B,$-0.09B,-130.56%,$0.07B,$-0.08B,-112.50%,$0.07B,$-0.10B,-141.67%,$0.07B,$-0.10B,-143.06%,$-0.10B,$0.10B,-82.73%,$-0.10B,$0.03B,-213.47%,$-0.10B,$0.58B,-20.52%,$-0.09B,$0.34B,-26.20%,$39,$9,$30,$25,$11,$45,$-5,$-2,$-7,$0,$-8,$-8,$-8,$-2,$-5,$93,93,$-0.09,$-0.09,$396,$6,$6,$414,$78,$0,$77,$7,$162,$576,$153,$234,$5,$320,$473,$0,$-1227,$1,$102,$576,$-103,$15,$10,$25,$6,$3,$-8,$126,$118,$40,$-21,$0,$-4,$0,$-124,$-124,$0,$-149,$-1,$0,$-1,$5,$5,$0,$0,$4,$-106,$10,$0
36,2009-09-30,9.74,$1.14,8.55,$0.66,14.71,$-4.24,0.0,$-0.19,0.0,$0.30B,$0.05B,6.04,$0.23B,$0.11B,2.21,$0.06B,$0.03B,47.54%,$0.06B,$-0.06B,-101.64%,$0.06B,$-0.06B,-101.64%,$0.06B,$-0.05B,-78.69%,$0.06B,$-0.02B,-32.79%,$0.06B,$-0.02B,-29.51%,$-0.02B,$0.11B,-12.29%,$-0.02B,$0.03B,-25.62%,$-0.02B,$0.45B,-3.61%,$-0.06B,$0.34B,-16.27%,$10,$6,$4,$23,$10,$39,$-29,$-2,$-31,$-0,$-31,$-31,$-31,$-25,$-29,$93,93,$-0.33,$-0.33,$276,$9,$7,$298,$75,$0,$77,$3,$154,$453,$49,$234,$4,$297,$347,$0,$-1219,$1,$106,$453,$-95,$11,$7,$18,$5,$0,$-4,$-7,$-14,$-90,$-11,$0,$0,$0,$-20,$-20,$-4,$-35,$-1,$0,$-1,$4,$4,$0,$0,$3,$-123,$7,$0
37,2009-06-30,6.48,$1.41,4.59,$0.78,8.26,$-4.56,0.0,$-0.26,0.0,$0.32B,$0.05B,7.02,$0.24B,$0.13B,1.8,$0.07B,$0.04B,56.94%,$0.07B,$-0.07B,-94.44%,$0.07B,$-0.07B,-94.44%,$0.07B,$-0.05B,-70.83%,$0.07B,$-0.03B,-36.11%,$0.07B,$-0.02B,-33.33%,$-0.02B,$0.13B,-16.30%,$-0.02B,$0.05B,-34.41%,$-0.02B,$0.47B,-4.55%,$-0.07B,$0.37B,-16.71%,$13,$10,$3,$24,$9,$43,$-30,$-2,$-32,$-0,$-32,$-32,$-32,$-27,$-30,$93,93,$-0.35,$-0.35,$294,$10,$5,$318,$75,$0,$77,$3,$155,$473,$45,$235,$4,$297,$342,$0,$-1188,$1,$131,$473,$-64,$7,$5,$12,$2,$-1,$-6,$-4,$-19,$-71,$-8,$0,$0,$0,$44,$44,$-4,$31,$-1,$0,$-1,$0,$0,$0,$0,$-1,$-41,$5,$0
38,2009-03-31,5.39,$1.72,3.13,$0.86,6.23,$-4.86,0.0,$-0.27,0.0,$0.35B,$0.05B,7.52,$0.24B,$0.16B,1.48,$0.08B,$0.05B,64.56%,$0.08B,$-0.07B,-89.87%,$0.08B,$-0.07B,-89.87%,$0.08B,$-0.05B,-64.56%,$0.08B,$-0.03B,-34.18%,$0.08B,$-0.03B,-31.65%,$-0.03B,$0.16B,-16.61%,$-0.03B,$0.08B,-34.72%,$-0.03B,$0.51B,-4.46%,$-0.07B,$0.39B,-16.29%,$10,$6,$4,$23,$11,$40,$-30,$-2,$-32,$-0,$-32,$-32,$-32,$-27,$-30,$93,93,$-0.34,$-0.34,$325,$13,$6,$351,$75,$0,$77,$4,$155,$506,$47,$235,$5,$300,$347,$0,$-1156,$-0,$159,$506,$-32,$4,$2,$6,$5,$-4,$-8,$-4,$-17,$-42,$-5,$0,$0,$0,$19,$19,$-5,$9,$-0,$0,$-0,$0,$0,$0,$0,$-0,$-33,$2,$0
39,2008-12-31,5.56,$2.06,2.7,$0.98,5.7,$-5.11,0.0,$-0.37,0.0,$0.41B,$0.07B,5.94,$0.24B,$0.19B,1.24,$0.09B,$0.05B,60.67%,$0.09B,$-0.08B,-93.26%,$0.09B,$-0.08B,-93.26%,$0.09B,$-0.06B,-67.42%,$0.09B,$-0.04B,-39.33%,$0.09B,$-0.03B,-38.20%,$-0.03B,$0.19B,-21.97%,$-0.03B,$0.11B,-45.33%,$-0.03B,$0.56B,-5.71%,$-0.08B,$0.43B,-17.84%,$28,$10,$18,$45,$14,$1,$27,$48,$75,$-1,$77,$77,$77,$31,$27,$92,92,$0.83,$0.83,$379,$9,$7,$406,$74,$0,$77,$4,$154,$561,$68,$235,$5,$302,$370,$0,$-1124,$1,$190,$561,$-34,$22,$-107,$-85,$10,$3,$6,$-16,$-27,$-146,$-19,$0,$115,$0,$179,$179,$0,$275,$-50,$0,$-50,$0,$0,$0,$0,$-50,$79,$10,$0
40,2008-09-30,3.59,$1.18,3.06,$1.39,2.59,$-2.09,0.0,$-0.78,0.0,$0.41B,$0.05B,8.46,$0.34B,$0.11B,3.09,$0.13B,$0.08B,61.42%,$0.13B,$-0.07B,-57.48%,$0.13B,$-0.07B,-57.48%,$0.13B,$-0.05B,-37.01%,$0.13B,$-0.07B,-55.12%,$0.13B,$-0.07B,-56.69%,$-0.07B,$0.11B,-44.79%,$-0.07B,$0.03B,-89.44%,$-0.07B,$0.57B,-11.31%,$-0.07B,$0.44B,-14.70%,$21,$5,$16,$38,$12,$56,$-35,$-2,$-37,$0,$-37,$-37,$-37,$-28,$-35,$92,92,$-0.40,$-0.40,$345,$10,$47,$410,$74,$0,$80,$4,$158,$568,$49,$336,$11,$411,$460,$0,$-1201,$-0,$109,$568,$-111,$19,$8,$26,$13,$2,$-1,$-7,$-30,$-115,$-15,$0,$0,$0,$119,$119,$0,$104,$-2,$0,$-2,$0,$0,$0,$0,$-1,$-13,$7,$0
41,2008-06-30,3.35,$1.56,2.15,$1.77,1.9,$-0.48,0.0,$-0.58,0.0,$0.41B,$0.06B,6.98,$0.34B,$0.14B,2.34,$0.16B,$0.09B,56.17%,$0.16B,$-0.06B,-35.80%,$0.16B,$-0.06B,-35.80%,$0.16B,$-0.03B,-19.14%,$0.16B,$-0.05B,-32.10%,$0.16B,$-0.05B,-33.33%,$-0.05B,$0.14B,-30.64%,$-0.05B,$0.06B,-56.25%,$-0.05B,$0.61B,-7.95%,$-0.06B,$0.48B,-11.31%,$20,$7,$13,$34,$13,$54,$-33,$0,$-33,$0,$-33,$-33,$-33,$-27,$-33,$92,92,$-0.36,$-0.36,$374,$10,$14,$410,$114,$0,$81,$4,$199,$609,$59,$336,$5,$407,$466,$0,$-1164,$1,$144,$609,$-74,$12,$4,$15,$10,$2,$-2,$-13,$-38,$-96,$-10,$0,$0,$0,$63,$63,$0,$53,$-1,$0,$-1,$0,$0,$0,$0,$-1,$-44,$4,$0
42,2008-03-31,6.94,$1.90,3.65,$2.26,3.07,$0.39,17.74,$-0.52,0.0,$0.44B,$0.06B,7.69,$0.34B,$0.18B,1.91,$0.21B,$0.10B,50.00%,$0.21B,$-0.05B,-25.48%,$0.21B,$-0.05B,-25.48%,$0.21B,$-0.03B,-12.02%,$0.21B,$-0.05B,-22.12%,$0.21B,$-0.05B,-23.56%,$-0.05B,$0.18B,-26.13%,$-0.05B,$0.10B,-45.79%,$-0.05B,$0.64B,-6.98%,$-0.05B,$0.51B,-10.12%,$20,$13,$7,$37,$12,$62,$-42,$1,$-40,$0,$-41,$-41,$-41,$-36,$-42,$92,92,$-0.44,$-0.44,$413,$11,$6,$444,$114,$0,$81,$5,$200,$644,$58,$336,$14,$410,$468,$0,$-1130,$2,$176,$644,$-41,$6,$1,$7,$8,$1,$-2,$-2,$-31,$-65,$-5,$0,$0,$0,$31,$31,$0,$25,$-0,$0,$-0,$0,$0,$0,$0,$-0,$-40,$1,$0
43,2007-12-31,6.71,$2.32,2.89,$2.98,2.26,$0.77,8.67,$-0.36,0.0,$0.52B,$0.10B,5.34,$0.34B,$0.21B,1.57,$0.27B,$0.13B,45.79%,$0.27B,$-0.04B,-13.55%,$0.27B,$-0.04B,-13.55%,$0.27B,$-0.01B,-2.93%,$0.27B,$-0.03B,-11.36%,$0.27B,$-0.03B,-12.45%,$-0.03B,$0.21B,-17.32%,$-0.03B,$0.14B,-29.44%,$-0.03B,$0.73B,-4.72%,$-0.04B,$0.55B,-6.96%,$66,$24,$42,$39,$17,$28,$37,$2,$40,$1,$39,$39,$39,$44,$37,$92,92,$0.42,$0.42,$482,$12,$7,$523,$114,$0,$78,$9,$202,$725,$98,$337,$6,$413,$511,$0,$-1090,$2,$214,$725,$-33,$29,$43,$72,$24,$2,$-3,$47,$107,$146,$-33,$0,$0,$0,$0,$0,$0,$-33,$-3,$0,$-3,$4,$4,$0,$-103,$-102,$13,$15,$0
44,2007-09-30,8.83,$1.86,4.76,$3.04,2.91,$-1.74,0.0,$-1.21,0.0,$0.52B,$0.16B,3.29,$0.34B,$0.17B,1.97,$0.28B,$0.11B,40.43%,$0.28B,$-0.11B,-41.16%,$0.28B,$-0.11B,-41.16%,$0.28B,$-0.08B,-30.32%,$0.28B,$-0.11B,-39.35%,$0.28B,$-0.11B,-40.43%,$-0.11B,$0.17B,-56.14%,$-0.11B,$0.09B,-95.12%,$-0.11B,$0.74B,-15.33%,$-0.11B,$0.51B,-21.33%,$56,$27,$29,$36,$12,$76,$-20,$1,$-19,$0,$-19,$-19,$-19,$-12,$-20,$92,92,$-0.20,$-0.20,$453,$17,$8,$515,$135,$0,$81,$7,$224,$738,$157,$337,$15,$411,$567,$0,$-1129,$1,$171,$738,$-72,$22,$13,$36,$10,$-3,$-3,$69,$76,$40,$-21,$0,$0,$0,$125,$125,$0,$105,$-37,$0,$-37,$3,$3,$0,$0,$-33,$111,$12,$0
45,2007-06-30,9.49,$2.05,4.62,$3.08,3.08,$-2.87,0.0,$-1.23,0.0,$0.48B,$0.12B,3.98,$0.33B,$0.19B,1.77,$0.28B,$0.11B,39.29%,$0.28B,$-0.12B,-41.79%,$0.28B,$-0.12B,-41.79%,$0.28B,$-0.09B,-31.43%,$0.28B,$-0.11B,-39.29%,$0.28B,$-0.11B,-40.36%,$-0.11B,$0.19B,-51.42%,$-0.11B,$0.11B,-83.09%,$-0.11B,$0.70B,-15.19%,$-0.12B,$0.52B,-20.50%,$66,$39,$26,$41,$13,$94,$-28,$1,$-27,$0,$-28,$-28,$-28,$-21,$-28,$92,92,$-0.30,$-0.30,$407,$17,$10,$483,$131,$0,$82,$7,$220,$703,$121,$334,$16,$393,$515,$0,$-1110,$0,$189,$703,$-53,$15,$13,$27,$-3,$-3,$-4,$22,$11,$-15,$-12,$0,$0,$0,$80,$80,$0,$68,$-37,$0,$-37,$3,$3,$0,$0,$-34,$19,$12,$0
46,2007-03-31,13.06,$2.30,5.68,$3.03,4.31,$-3.51,0.0,$-1.63,0.0,$0.49B,$0.11B,4.41,$0.34B,$0.21B,1.59,$0.27B,$0.11B,39.05%,$0.27B,$-0.15B,-55.47%,$0.27B,$-0.15B,-55.47%,$0.27B,$-0.12B,-43.80%,$0.27B,$-0.15B,-53.28%,$0.27B,$-0.15B,-54.01%,$-0.15B,$0.21B,-61.99%,$-0.15B,$0.13B,-96.57%,$-0.15B,$0.71B,-19.10%,$-0.15B,$0.55B,-25.05%,$85,$57,$28,$37,$17,$111,$-26,$1,$-25,$0,$-26,$-26,$-26,$-19,$-26,$91,91,$-0.28,$-0.28,$398,$17,$12,$492,$132,$0,$82,$8,$222,$714,$111,$335,$17,$392,$503,$0,$-1083,$0,$211,$714,$-26,$7,$7,$15,$-18,$-2,$-4,$12,$-18,$-29,$-6,$0,$0,$0,$88,$88,$0,$83,$-36,$0,$-36,$2,$2,$0,$0,$-34,$19,$7,$0
47,2006-12-31,15.21,$2.49,6.11,$2.43,6.27,$-3.62,0.0,$-1.73,0.0,$0.54B,$0.17B,3.23,$0.34B,$0.23B,1.47,$0.22B,$0.10B,45.41%,$0.22B,$-0.16B,-72.94%,$0.22B,$-0.16B,-72.94%,$0.22B,$-0.13B,-57.80%,$0.22B,$-0.15B,-70.64%,$0.22B,$-0.16B,-71.10%,$-0.16B,$0.23B,-58.99%,$-0.16B,$0.15B,-88.57%,$-0.16B,$0.77B,-19.21%,$-0.16B,$0.56B,-24.55%,$70,$41,$29,$41,$21,$110,$-40,$2,$-38,$0,$-39,$-39,$-39,$-32,$-40,$90,90,$-0.42,$-0.42,$459,$15,$15,$535,$134,$8,$82,$9,$233,$768,$166,$335,$17,$376,$541,$0,$-1057,$0,$227,$768,$-155,$34,$37,$71,$-35,$4,$-9,$22,$-9,$-93,$-23,$0,$0,$406,$-500,$-94,$0,$-117,$-10,$0,$-10,$22,$22,$0,$0,$12,$-198,$31,$0
