,Date,Stock Price,Book Value per Share,Price to Book Ratio,TTM Sales per Share,Price to Sales Ratio,TTM FCF per Share,Price to FCF Ratio,TTM Net EPS,PE Ratio,Current Assets,Current Liabilities,Current Ratio,Long Term Debt,Shareholder's Equity_x,Debt to Equity Ratio,TTM Revenue_x,TTM Gross Profit,Gross Margin,TTM Revenue_y,TTM Operating Income,Operating Margin,TTM Revenue_x,TTM EBIT,EBIT Margin,TTM Revenue_y,TTM EBITDA,EBITDA Margin,TTM Revenue_x,TTM Pre-Tax Income,Pre-Tax Margin,TTM Revenue_y,TTM Net Income_x,Net Margin,TTM Net Income_y,Shareholder's Equity_y,Return on Equity,TTM Net Income_x,Tangible Equity,Return on Tangible Equity,TTM Net Income_y,Total Assets,Return on Assets,TTM Net Income,LT Investments & Debt,Return on Investment,revenue,cost-goods-sold,gross-profit,research-development-expenses,selling-general-administrative-expenses,operating-expenses,operating-income,total-non-operating-income-expense,pre-tax-income,total-provision-income-taxes,income-after-taxes,income-from-continuous-operations,net-income,ebitda,ebit,basic-shares-outstanding,shares-outstanding,eps-basic-net-earnings-per-share,eps-earnings-per-share-diluted,cash-on-hand,inventory,other-current-assets,total-current-assets,net-property-plant-equipment,long-term-investments,goodwill-intangible-assets-total,other-long-term-assets,total-long-term-assets,total-assets,total-current-liabilities,long-term-debt,other-non-current-liabilities,total-long-term-liabilities,total-liabilities,common-stock-net,retained-earnings-accumulated-deficit,comprehensive-income,total-share-holder-equity,total-liabilities-share-holders-equity,net-income-loss,total-depreciation-amortization-cash-flow,other-non-cash-items,total-non-cash-items,change-in-accounts-receivable,change-in-inventories,change-in-accounts-payable,change-in-assets-liabilities,total-change-in-assets-liabilities,cash-flow-from-operating-activities,net-change-in-property-plant-equipment,net-change-in-intangible-assets,net-acquisitions-divestitures,net-change-in-short-term-investments,net-change-in-long-term-investments,net-change-in-investments-total,investing-activities-other,cash-flow-from-investing-activities,net-long-term-debt,net-current-debt,debt-issuance-retirement-net-total,net-common-equity-issued-repurchased,net-total-equity-issued-repurchased,total-common-preferred-stock-dividends-paid,financial-activities-other,cash-flow-from-financial-activities,net-cash-flow,stock-based-compensation,common-stock-dividends-paid
0,2018-09-30,13.95,$6.27,2.23,$13.34,1.05,$1.99,7.01,$0.70,19.93,$0.18B,$0.10B,1.93,$0.02B,$0.19B,0.11,$0.41B,$0.19B,47.43%,$0.41B,$0.02B,5.87%,$0.41B,$0.02B,5.87%,$0.41B,$0.03B,8.07%,$0.41B,$0.02B,5.87%,$0.41B,$0.02B,5.13%,$0.02B,$0.19B,11.37%,$0.02B,$0.07B,31.70%,$0.02B,$0.32B,6.70%,$0.02B,$0.21B,11.39%,$91,$53,$39,$4,$28,$85,$6,$0,$6,$2,$5,$5,$4,$8,$6,$30,30,$0.14,$0.14,$71,$56,$0,$184,$20,$0,$117,$1,$138,$322,$95,$20,$7,$37,$133,$0,$189,$-0,$189,$322,$14,$7,$3,$9,$-3,$-2,$-1,$1,$-13,$10,$-7,$0,$0,$17,$0,$17,$0,$10,$-12,$0,$-12,$-4,$-4,$0,$-0,$-17,$3,$1,$0
1,2018-06-30,15.7,$6.14,2.56,$13.19,1.19,$2.33,6.73,$0.83,18.92,$0.17B,$0.08B,2.19,$0.02B,$0.19B,0.13,$0.41B,$0.20B,48.28%,$0.41B,$0.03B,7.64%,$0.41B,$0.03B,7.64%,$0.41B,$0.04B,9.85%,$0.41B,$0.03B,7.64%,$0.41B,$0.03B,6.16%,$0.03B,$0.19B,13.77%,$0.03B,$0.07B,41.67%,$0.03B,$0.30B,7.95%,$0.03B,$0.21B,14.66%,$75,$42,$34,$4,$28,$74,$1,$0,$1,$0,$1,$1,$1,$3,$1,$30,30,$0.03,$0.03,$86,$42,$0,$166,$18,$0,$118,$1,$137,$302,$76,$24,$7,$41,$117,$0,$186,$-1,$186,$302,$9,$4,$2,$6,$18,$11,$-21,$-1,$1,$17,$-4,$0,$0,$-3,$0,$-3,$0,$-7,$-8,$0,$-8,$-3,$-3,$0,$-0,$-11,$-2,$1,$0
2,2018-03-31,13.45,$6.13,2.19,$13.19,1.02,$2.47,5.45,$0.88,15.28,$0.17B,$0.07B,2.27,$0.03B,$0.19B,0.15,$0.41B,$0.20B,49.02%,$0.41B,$0.03B,8.33%,$0.41B,$0.03B,8.33%,$0.41B,$0.04B,10.54%,$0.41B,$0.03B,8.33%,$0.41B,$0.03B,6.37%,$0.03B,$0.19B,14.69%,$0.03B,$0.07B,49.52%,$0.03B,$0.30B,8.22%,$0.03B,$0.21B,16.11%,$115,$56,$59,$5,$44,$104,$11,$-0,$11,$3,$8,$8,$8,$13,$11,$30,31,$0.27,$0.26,$93,$38,$0,$167,$17,$0,$119,$1,$136,$304,$74,$28,$7,$45,$119,$0,$185,$-0,$185,$304,$8,$2,$1,$4,$13,$15,$-26,$0,$4,$16,$-1,$0,$0,$-12,$0,$-12,$0,$-13,$-4,$0,$-4,$-3,$-3,$0,$-0,$-7,$-4,$0,$0
3,2017-12-31,13.35,$5.91,2.26,$13.07,1.02,$2.54,5.25,$0.85,15.71,$0.19B,$0.10B,1.94,$0.03B,$0.18B,0.18,$0.41B,$0.20B,50.00%,$0.41B,$0.04B,8.87%,$0.41B,$0.04B,8.87%,$0.41B,$0.05B,11.08%,$0.41B,$0.04B,8.62%,$0.41B,$0.03B,6.16%,$0.03B,$0.18B,14.53%,$0.03B,$0.06B,56.18%,$0.03B,$0.33B,7.90%,$0.04B,$0.21B,17.14%,$128,$65,$62,$4,$43,$121,$6,$0,$6,$-2,$9,$9,$8,$9,$6,$31,31,$0.28,$0.27,$85,$53,$0,$188,$16,$0,$120,$1,$136,$325,$97,$32,$8,$48,$146,$0,$179,$-0,$179,$325,$28,$9,$1,$10,$3,$-6,$0,$1,$-2,$35,$-4,$0,$0,$-25,$0,$-25,$0,$-29,$-16,$0,$-16,$-10,$-10,$0,$-1,$-27,$-20,$2,$0
4,2017-09-30,16.9,$5.75,2.94,$12.97,1.3,$2.85,5.93,$0.95,17.79,$0.18B,$0.09B,2.02,$0.04B,$0.18B,0.2,$0.40B,$0.21B,50.74%,$0.40B,$0.05B,12.13%,$0.40B,$0.05B,12.13%,$0.40B,$0.06B,14.11%,$0.40B,$0.05B,11.88%,$0.40B,$0.03B,7.18%,$0.03B,$0.18B,17.31%,$0.03B,$0.05B,78.38%,$0.03B,$0.33B,9.11%,$0.05B,$0.21B,23.39%,$88,$47,$41,$4,$24,$75,$13,$-0,$13,$5,$8,$8,$8,$15,$13,$31,31,$0.27,$0.27,$78,$58,$0,$181,$16,$0,$129,$0,$146,$327,$89,$36,$8,$61,$150,$1,$176,$-0,$176,$327,$19,$6,$1,$7,$7,$-11,$-4,$2,$-10,$17,$-3,$0,$0,$-15,$0,$-15,$0,$-18,$-12,$0,$-12,$-4,$-4,$0,$-1,$-17,$-17,$2,$0
5,2017-06-30,19.15,$5.47,3.5,$12.71,1.51,$2.77,6.9,$0.92,20.82,$0.16B,$0.08B,2.16,$0.04B,$0.17B,0.24,$0.40B,$0.20B,51.13%,$0.40B,$0.04B,11.08%,$0.40B,$0.04B,11.08%,$0.40B,$0.05B,13.10%,$0.40B,$0.04B,10.83%,$0.40B,$0.03B,7.30%,$0.03B,$0.17B,17.90%,$0.03B,$0.04B,93.55%,$0.03B,$0.31B,9.29%,$0.04B,$0.21B,21.15%,$77,$39,$38,$4,$31,$73,$4,$-0,$4,$1,$3,$3,$2,$6,$4,$31,31,$0.08,$0.08,$85,$42,$0,$162,$16,$0,$130,$0,$147,$309,$75,$40,$8,$65,$140,$1,$168,$-1,$168,$309,$11,$5,$0,$5,$21,$4,$-19,$2,$2,$18,$-1,$0,$0,$-32,$0,$-32,$0,$-33,$-8,$0,$-8,$-3,$-3,$0,$-1,$-12,$-26,$1,$0
6,2017-03-31,18.25,$5.36,3.4,$12.74,1.43,$2.95,6.2,$0.95,19.21,$0.16B,$0.07B,2.22,$0.04B,$0.17B,0.27,$0.40B,$0.21B,51.88%,$0.40B,$0.05B,11.78%,$0.40B,$0.05B,11.78%,$0.40B,$0.06B,13.78%,$0.40B,$0.05B,11.28%,$0.40B,$0.03B,7.77%,$0.03B,$0.17B,19.84%,$0.03B,$0.03B,125.25%,$0.03B,$0.31B,9.98%,$0.05B,$0.21B,22.79%,$113,$52,$62,$4,$45,$101,$13,$-0,$12,$4,$8,$8,$7,$15,$13,$31,31,$0.23,$0.23,$89,$34,$0,$157,$17,$0,$131,$1,$148,$305,$71,$44,$9,$69,$140,$1,$165,$-1,$165,$305,$8,$2,$-1,$1,$20,$13,$-27,$1,$7,$17,$-0,$0,$0,$-29,$0,$-29,$0,$-29,$-4,$0,$-4,$-3,$-3,$0,$-1,$-8,$-20,$1,$0
7,2016-12-31,18.5,$5.22,3.55,$12.96,1.43,$2.97,6.22,$1.09,16.97,$0.18B,$0.10B,1.86,$0.05B,$0.16B,0.3,$0.41B,$0.21B,51.84%,$0.41B,$0.05B,13.02%,$0.41B,$0.05B,13.02%,$0.41B,$0.06B,14.99%,$0.41B,$0.05B,12.78%,$0.41B,$0.04B,8.60%,$0.04B,$0.16B,23.33%,$0.04B,$0.03B,194.44%,$0.04B,$0.33B,11.35%,$0.05B,$0.21B,25.98%,$126,$62,$64,$3,$41,$106,$19,$-0,$19,$7,$12,$12,$12,$21,$19,$31,31,$0.38,$0.37,$80,$47,$0,$183,$17,$0,$132,$1,$150,$333,$98,$48,$9,$74,$172,$1,$161,$-1,$161,$333,$35,$8,$10,$18,$-1,$-3,$6,$-1,$-7,$46,$-5,$0,$-3,$-2,$0,$-2,$0,$-10,$-16,$0,$-16,$-5,$-5,$0,$2,$-19,$17,$3,$0
8,2016-09-30,22.72,$4.94,4.6,$12.40,1.83,$2.78,8.18,$1.03,22.06,$0.15B,$0.07B,2.06,$0.05B,$0.15B,0.34,$0.39B,$0.20B,51.03%,$0.39B,$0.05B,11.79%,$0.39B,$0.05B,11.79%,$0.39B,$0.05B,13.59%,$0.39B,$0.05B,11.54%,$0.39B,$0.03B,8.46%,$0.03B,$0.15B,23.32%,$0.03B,$0.02B,366.67%,$0.03B,$0.30B,10.86%,$0.05B,$0.21B,23.06%,$81,$42,$39,$3,$28,$73,$8,$-0,$8,$0,$8,$8,$8,$10,$8,$31,31,$0.24,$0.24,$59,$49,$0,$153,$18,$0,$131,$1,$150,$302,$74,$52,$9,$75,$149,$5,$150,$-1,$154,$302,$23,$6,$6,$11,$14,$-5,$-15,$-0,$-20,$15,$-3,$0,$-3,$2,$0,$2,$0,$-5,$-12,$0,$-12,$1,$1,$0,$2,$-10,$0,$2,$0
9,2016-06-30,17.84,$4.65,3.84,$12.07,1.48,$2.88,6.2,$0.91,19.6,$0.15B,$0.07B,2.06,$0.06B,$0.15B,0.39,$0.38B,$0.20B,51.58%,$0.38B,$0.04B,11.58%,$0.38B,$0.04B,11.58%,$0.38B,$0.05B,13.16%,$0.38B,$0.04B,11.32%,$0.38B,$0.03B,7.63%,$0.03B,$0.15B,21.93%,$0.03B,$0.01B,99.15%,$0.03B,$0.30B,10.67%,$0.04B,$0.20B,24.82%,$79,$37,$42,$3,$32,$72,$7,$-1,$6,$2,$4,$4,$4,$9,$7,$31,31,$0.11,$0.11,$73,$43,$0,$152,$17,$0,$132,$1,$150,$302,$74,$56,$14,$83,$157,$4,$142,$-2,$145,$302,$15,$4,$5,$9,$26,$1,$0,$-0,$-1,$23,$-1,$0,$-3,$-3,$0,$-3,$0,$-7,$-8,$0,$-8,$0,$0,$0,$2,$-6,$9,$1,$0
10,2016-03-31,19.32,$4.52,4.28,$11.44,1.69,$2.71,7.12,$0.88,21.95,$0.15B,$0.07B,2.1,$0.06B,$0.14B,0.43,$0.36B,$0.19B,51.25%,$0.36B,$0.04B,11.36%,$0.36B,$0.04B,11.36%,$0.36B,$0.05B,12.74%,$0.36B,$0.04B,11.36%,$0.36B,$0.03B,7.48%,$0.03B,$0.14B,21.30%,$0.03B,$0.01B,50.47%,$0.03B,$0.30B,11.30%,$0.04B,$0.20B,25.99%,$121,$55,$66,$4,$43,$102,$19,$-1,$19,$7,$12,$12,$11,$21,$19,$31,31,$0.37,$0.37,$73,$37,$0,$146,$17,$0,$133,$0,$150,$296,$69,$60,$13,$86,$156,$3,$139,$-1,$140,$296,$11,$2,$5,$7,$21,$7,$-21,$-1,$1,$19,$-1,$0,$-3,$1,$0,$1,$0,$-3,$-4,$0,$-4,$0,$0,$0,$1,$-3,$13,$1,$0
11,2015-12-31,16.72,$4.10,4.08,$10.60,1.58,$2.55,6.56,$0.85,19.67,$0.17B,$0.10B,1.73,$0.06B,$0.13B,0.5,$0.34B,$0.17B,51.49%,$0.34B,$0.04B,11.90%,$0.34B,$0.04B,11.90%,$0.34B,$0.04B,13.10%,$0.34B,$0.04B,11.90%,$0.34B,$0.03B,8.04%,$0.03B,$0.13B,22.22%,$0.03B,$-0.01B,34.39%,$0.03B,$0.32B,13.12%,$0.04B,$0.19B,29.09%,$109,$57,$52,$3,$37,$97,$12,$0,$12,$3,$10,$10,$10,$13,$12,$31,32,$0.31,$0.30,$61,$43,$0,$165,$17,$0,$134,$0,$151,$316,$96,$64,$11,$93,$189,$1,$128,$-1,$127,$316,$27,$3,$14,$17,$-7,$-6,$5,$1,$-3,$41,$-6,$0,$-114,$-7,$4,$-3,$0,$-123,$80,$0,$80,$-10,$-10,$0,$-1,$69,$-14,$1,$0
12,2015-09-30,15.0,$3.77,3.98,$10.15,1.48,$2.41,6.22,$0.87,17.24,$0.14B,$0.05B,2.87,$0.00B,$0.12B,0.0,$0.32B,$0.17B,52.80%,$0.32B,$0.04B,13.04%,$0.32B,$0.04B,13.04%,$0.32B,$0.05B,14.60%,$0.32B,$0.04B,13.35%,$0.32B,$0.03B,8.39%,$0.03B,$0.12B,22.98%,$0.03B,$0.10B,25.78%,$0.03B,$0.17B,15.81%,$0.04B,$0.12B,35.74%,$71,$34,$36,$3,$27,$64,$6,$0,$6,$3,$4,$4,$4,$7,$6,$31,32,$0.12,$0.12,$75,$36,$0,$144,$12,$0,$13,$0,$28,$173,$50,$0,$5,$5,$56,$0,$118,$-1,$117,$173,$17,$3,$11,$13,$8,$-11,$-9,$1,$-12,$19,$-4,$0,$0,$-22,$3,$-19,$0,$-22,$0,$0,$0,$-11,$-11,$0,$-1,$-11,$-16,$1,$0
13,2015-06-30,21.51,$3.89,5.53,$9.77,2.2,$1.96,10.95,$0.83,25.92,$0.14B,$0.04B,3.32,$0.00B,$0.12B,0.0,$0.31B,$0.16B,52.58%,$0.31B,$0.04B,12.90%,$0.31B,$0.04B,12.90%,$0.31B,$0.05B,14.52%,$0.31B,$0.04B,13.23%,$0.31B,$0.03B,8.06%,$0.03B,$0.12B,22.03%,$0.03B,$0.11B,24.88%,$0.03B,$0.17B,15.46%,$0.04B,$0.12B,35.24%,$60,$29,$31,$2,$24,$56,$4,$-0,$4,$1,$2,$2,$2,$5,$4,$31,32,$0.08,$0.08,$87,$28,$0,$142,$11,$0,$12,$0,$29,$171,$43,$0,$5,$5,$48,$7,$117,$-1,$123,$171,$13,$2,$8,$10,$14,$-3,$-15,$3,$-4,$19,$-1,$0,$0,$-26,$3,$-23,$0,$-24,$0,$0,$0,$-1,$-1,$0,$-1,$-2,$-8,$1,$0
14,2015-03-31,15.27,$3.80,4.01,$9.43,1.62,$1.93,7.92,$0.77,19.83,$0.14B,$0.04B,3.52,$0.00B,$0.12B,0.0,$0.30B,$0.16B,52.51%,$0.30B,$0.04B,12.71%,$0.30B,$0.04B,12.71%,$0.30B,$0.04B,14.38%,$0.30B,$0.04B,13.04%,$0.30B,$0.02B,8.03%,$0.02B,$0.12B,22.38%,$0.02B,$0.11B,25.53%,$0.02B,$0.16B,15.46%,$0.04B,$0.12B,35.43%,$96,$42,$54,$2,$34,$79,$18,$-0,$18,$7,$11,$11,$11,$19,$18,$31,32,$0.34,$0.34,$82,$20,$0,$135,$10,$0,$13,$1,$28,$163,$38,$0,$1,$5,$43,$6,$114,$-1,$119,$163,$11,$1,$6,$7,$10,$5,$-21,$2,$-4,$13,$-1,$0,$0,$-27,$2,$-24,$0,$-25,$0,$0,$0,$-2,$-2,$0,$-1,$-2,$-15,$0,$0
15,2014-12-31,15.18,$3.54,4.28,$8.68,1.75,$1.98,7.65,$0.60,25.3,$0.14B,$0.06B,2.39,$0.00B,$0.11B,0.0,$0.28B,$0.14B,51.27%,$0.28B,$0.03B,10.55%,$0.28B,$0.03B,10.55%,$0.28B,$0.03B,12.36%,$0.28B,$0.03B,10.91%,$0.28B,$0.02B,6.55%,$0.02B,$0.11B,17.69%,$0.02B,$0.10B,20.51%,$0.02B,$0.18B,12.08%,$0.03B,$0.11B,28.50%,$95,$46,$49,$2,$32,$80,$14,$0,$15,$4,$10,$10,$10,$16,$14,$31,32,$0.33,$0.32,$72,$25,$0,$143,$10,$0,$13,$1,$33,$176,$60,$0,$4,$5,$65,$8,$103,$-0,$111,$176,$20,$4,$8,$12,$-1,$-9,$10,$-0,$2,$34,$-3,$0,$0,$-27,$0,$-27,$0,$-30,$0,$0,$0,$0,$0,$0,$-0,$0,$4,$1,$0
16,2014-09-30,11.97,$3.21,3.72,$8.13,1.47,$1.56,7.69,$0.54,22.17,$0.10B,$0.03B,3.0,$0.00B,$0.10B,0.0,$0.26B,$0.13B,50.19%,$0.26B,$0.03B,9.73%,$0.26B,$0.03B,9.73%,$0.26B,$0.03B,11.28%,$0.26B,$0.03B,9.73%,$0.26B,$0.02B,6.61%,$0.02B,$0.10B,17.53%,$0.02B,$0.09B,20.67%,$0.02B,$0.14B,12.06%,$0.03B,$0.10B,25.77%,$59,$30,$29,$2,$23,$55,$4,$0,$4,$2,$3,$3,$2,$5,$4,$31,32,$0.08,$0.08,$42,$21,$0,$95,$10,$0,$14,$0,$42,$137,$32,$0,$5,$5,$37,$8,$93,$-0,$101,$137,$8,$3,$5,$8,$7,$-6,$-16,$1,$-13,$3,$-3,$0,$0,$-18,$0,$-18,$0,$-21,$0,$0,$0,$0,$0,$0,$-0,$-0,$-17,$1,$0
17,2014-06-30,11.09,$3.14,3.54,$7.74,1.43,$1.67,6.66,$0.50,22.18,$0.10B,$0.04B,2.39,$0.00B,$0.10B,0.0,$0.24B,$0.12B,50.00%,$0.24B,$0.02B,9.02%,$0.24B,$0.02B,9.02%,$0.24B,$0.03B,10.66%,$0.24B,$0.02B,9.43%,$0.24B,$0.02B,6.56%,$0.02B,$0.10B,17.30%,$0.02B,$0.08B,20.71%,$0.02B,$0.15B,11.64%,$0.02B,$0.10B,23.78%,$49,$24,$25,$2,$21,$46,$2,$-0,$2,$1,$1,$1,$1,$3,$2,$31,32,$0.02,$0.02,$57,$23,$0,$101,$9,$0,$14,$0,$44,$145,$42,$0,$5,$5,$47,$7,$90,$0,$98,$145,$6,$2,$4,$5,$16,$-7,$-5,$2,$6,$17,$-1,$0,$0,$-19,$0,$-19,$0,$-20,$0,$0,$0,$0,$0,$0,$-0,$0,$-3,$1,$0
18,2014-03-31,9.63,$3.11,3.1,$7.35,1.31,$1.31,7.36,$1.53,6.29,$0.09B,$0.04B,2.45,$0.00B,$0.10B,0.0,$0.23B,$0.11B,49.35%,$0.23B,$0.02B,7.79%,$0.23B,$0.02B,7.79%,$0.23B,$0.02B,9.52%,$0.23B,$0.02B,8.23%,$0.23B,$0.05B,20.78%,$0.05B,$0.10B,54.39%,$0.05B,$0.08B,66.21%,$0.05B,$0.14B,37.21%,$0.02B,$0.10B,20.40%,$72,$33,$38,$2,$28,$63,$9,$-0,$9,$3,$6,$6,$5,$10,$9,$31,32,$0.17,$0.17,$55,$13,$0,$91,$9,$1,$15,$0,$47,$138,$37,$0,$4,$4,$41,$7,$90,$0,$97,$138,$5,$1,$3,$4,$12,$2,$-10,$3,$6,$15,$-1,$0,$0,$-14,$0,$-14,$0,$-14,$0,$0,$0,$0,$0,$0,$-0,$-0,$1,$0,$0
19,2013-12-31,8.43,$2.94,2.87,$6.97,1.21,$1.02,8.29,$1.53,5.51,$0.09B,$0.05B,1.95,$0.00B,$0.09B,0.0,$0.22B,$0.11B,49.08%,$0.22B,$0.02B,6.88%,$0.22B,$0.02B,6.88%,$0.22B,$0.02B,8.72%,$0.22B,$0.02B,7.34%,$0.22B,$0.05B,22.02%,$0.05B,$0.09B,62.95%,$0.05B,$0.08B,80.00%,$0.05B,$0.14B,41.65%,$0.02B,$0.09B,19.67%,$77,$40,$37,$2,$25,$67,$10,$0,$10,$2,$8,$8,$9,$11,$10,$31,31,$0.27,$0.26,$41,$16,$0,$94,$8,$0,$15,$0,$50,$144,$48,$0,$4,$4,$52,$7,$85,$0,$92,$144,$48,$3,$-32,$-28,$-4,$3,$4,$-1,$1,$21,$-4,$0,$0,$0,$0,$0,$0,$-3,$0,$0,$0,$0,$0,$0,$-0,$0,$18,$0,$0
20,2013-09-30,7.22,$2.67,2.7,$6.62,1.09,$0.80,9.07,$1.70,4.25,$0.07B,$0.04B,1.99,$0.00B,$0.08B,0.0,$0.21B,$0.10B,49.03%,$0.21B,$0.01B,6.31%,$0.21B,$0.01B,6.31%,$0.21B,$0.02B,8.25%,$0.21B,$0.01B,6.80%,$0.21B,$0.05B,25.73%,$0.05B,$0.08B,82.81%,$0.05B,$0.07B,111.58%,$0.05B,$0.12B,51.58%,$0.01B,$0.08B,20.31%,$46,$24,$22,$1,$19,$45,$1,$0,$2,$0,$2,$2,$1,$2,$1,$31,31,$0.04,$0.04,$28,$18,$0,$71,$8,$0,$16,$0,$52,$123,$36,$0,$4,$4,$40,$7,$76,$0,$83,$123,$40,$2,$-34,$-31,$4,$1,$-6,$1,$-2,$7,$-3,$0,$0,$0,$0,$0,$0,$-3,$0,$0,$0,$0,$0,$0,$0,$0,$4,$0,$0
21,2013-06-30,8.69,$2.62,3.32,$6.38,1.36,$0.74,11.68,$1.69,5.14,$0.06B,$0.02B,2.36,$0.00B,$0.08B,0.0,$0.20B,$0.10B,49.49%,$0.20B,$0.01B,6.57%,$0.20B,$0.01B,6.57%,$0.20B,$0.02B,8.59%,$0.20B,$0.01B,6.57%,$0.20B,$0.05B,26.77%,$0.05B,$0.08B,101.44%,$0.05B,$0.07B,150.35%,$0.05B,$0.11B,58.56%,$0.01B,$0.08B,24.88%,$36,$19,$17,$1,$18,$38,$-2,$0,$-2,$-34,$33,$33,$33,$-1,$-2,$31,31,$1.06,$1.05,$28,$13,$0,$58,$8,$0,$16,$0,$53,$111,$24,$0,$5,$5,$29,$7,$75,$0,$81,$111,$38,$2,$-34,$-32,$13,$5,$-16,$1,$1,$7,$-2,$0,$0,$0,$0,$0,$0,$-2,$0,$0,$0,$0,$0,$0,$0,$0,$5,$0,$0
22,2013-03-31,7.3,$1.57,4.65,$6.51,1.12,$0.71,10.33,$0.63,11.59,$0.06B,$0.03B,2.11,$0.00B,$0.05B,0.0,$0.20B,$0.10B,48.51%,$0.20B,$0.01B,6.93%,$0.20B,$0.01B,6.93%,$0.20B,$0.02B,8.91%,$0.20B,$0.01B,6.93%,$0.20B,$0.02B,9.90%,$0.02B,$0.05B,49.08%,$0.02B,$0.03B,86.96%,$0.02B,$0.08B,25.08%,$0.01B,$0.05B,34.36%,$59,$29,$31,$1,$24,$53,$6,$-0,$6,$0,$6,$6,$5,$7,$6,$31,31,$0.17,$0.17,$29,$14,$0,$59,$7,$0,$17,$1,$24,$83,$28,$0,$5,$7,$35,$6,$42,$0,$49,$83,$6,$1,$0,$1,$9,$5,$-15,$1,$-1,$6,$-1,$0,$0,$0,$0,$0,$0,$-1,$0,$0,$0,$0,$0,$0,$0,$0,$5,$0,$0
23,2012-12-31,3.51,$1.40,2.51,$6.27,0.56,$0.79,4.46,$0.54,6.5,$0.07B,$0.04B,1.57,$0.00B,$0.04B,0.0,$0.19B,$0.09B,46.91%,$0.19B,$0.01B,5.67%,$0.19B,$0.01B,5.67%,$0.19B,$0.02B,7.73%,$0.19B,$0.01B,5.67%,$0.19B,$0.02B,9.28%,$0.02B,$0.04B,48.32%,$0.02B,$0.03B,94.74%,$0.02B,$0.09B,23.15%,$0.01B,$0.04B,29.53%,$65,$34,$31,$1,$23,$57,$8,$-0,$8,$0,$7,$7,$14,$9,$8,$31,31,$0.45,$0.45,$23,$19,$0,$70,$6,$0,$18,$0,$24,$94,$44,$0,$5,$7,$51,$6,$37,$1,$43,$94,$11,$3,$1,$4,$2,$-7,$4,$-1,$-2,$13,$-2,$0,$0,$0,$0,$0,$0,$-2,$-5,$0,$-5,$0,$0,$0,$0,$-5,$6,$1,$0
24,2012-09-30,2.62,$1.16,2.26,$6.12,0.43,$0.52,5.04,$0.20,13.1,$0.05B,$0.03B,1.57,$0.00B,$0.04B,0.0,$0.19B,$0.09B,45.50%,$0.19B,$0.01B,4.23%,$0.19B,$0.01B,4.23%,$0.19B,$0.01B,6.35%,$0.19B,$0.01B,4.23%,$0.19B,$0.01B,3.70%,$0.01B,$0.04B,20.29%,$0.01B,$0.02B,45.16%,$0.01B,$0.07B,9.33%,$0.01B,$0.04B,22.22%,$38,$20,$19,$1,$17,$37,$1,$-0,$1,$-1,$1,$1,$1,$2,$1,$31,31,$0.03,$0.03,$15,$17,$0,$49,$6,$0,$18,$1,$25,$74,$31,$0,$5,$7,$38,$6,$23,$7,$36,$74,$3,$2,$1,$3,$12,$-5,$-7,$-0,$-2,$4,$-2,$0,$0,$0,$0,$0,$0,$-1,$0,$-5,$-5,$0,$0,$0,$0,$-5,$-2,$0,$0
25,2012-06-30,3.31,$1.12,2.95,$6.11,0.54,$0.35,9.36,$0.17,19.47,$0.04B,$0.03B,1.63,$0.00B,$0.04B,0.0,$0.19B,$0.08B,44.15%,$0.19B,$0.01B,3.19%,$0.19B,$0.01B,3.19%,$0.19B,$0.01B,5.32%,$0.19B,$0.01B,3.19%,$0.19B,$0.01B,3.19%,$0.01B,$0.04B,18.32%,$0.01B,$0.02B,45.28%,$0.01B,$0.07B,8.16%,$0.01B,$0.04B,16.90%,$40,$22,$17,$1,$17,$40,$-1,$-0,$-1,$-0,$-0,$-0,$-0,$0,$-1,$31,31,$-0.01,$-0.01,$16,$13,$0,$43,$5,$0,$19,$1,$25,$68,$27,$0,$5,$7,$33,$6,$22,$7,$35,$68,$2,$2,$0,$2,$13,$-1,$0,$1,$0,$5,$-1,$0,$0,$0,$0,$0,$0,$-1,$-5,$0,$-5,$0,$0,$0,$0,$-5,$-1,$0,$0
26,2012-03-31,2.8,$1.13,2.48,$5.96,0.47,$0.29,9.81,$0.07,40.0,$0.05B,$0.03B,1.52,$0.00B,$0.04B,0.0,$0.18B,$0.08B,44.26%,$0.18B,$0.00B,2.19%,$0.18B,$0.00B,2.19%,$0.18B,$0.01B,4.37%,$0.18B,$0.00B,2.19%,$0.18B,$0.00B,1.64%,$0.00B,$0.04B,9.60%,$0.00B,$0.02B,26.67%,$0.00B,$0.08B,4.10%,$0.00B,$0.04B,11.35%,$51,$27,$24,$1,$20,$48,$3,$0,$3,$0,$3,$3,$3,$4,$3,$31,31,$0.08,$0.08,$20,$13,$0,$50,$5,$0,$19,$1,$24,$75,$33,$0,$5,$7,$40,$6,$22,$7,$35,$75,$3,$1,$0,$1,$12,$-2,$-5,$1,$4,$8,$-0,$0,$0,$0,$0,$0,$0,$-0,$0,$-5,$-5,$0,$0,$0,$0,$-5,$3,$0,$0
27,2011-12-31,1.75,$1.04,1.68,$5.87,0.3,$0.13,13.93,$0.04,43.75,$0.06B,$0.04B,1.5,$0.01B,$0.03B,0.18,$0.18B,$0.08B,43.89%,$0.18B,$0.00B,1.67%,$0.18B,$0.00B,1.67%,$0.18B,$0.01B,3.89%,$0.18B,$0.00B,1.67%,$0.18B,$0.00B,1.11%,$0.00B,$0.03B,6.56%,$0.00B,$0.01B,20.00%,$0.00B,$0.08B,2.78%,$0.00B,$0.04B,8.39%,$60,$34,$26,$1,$20,$55,$5,$-0,$5,$2,$3,$3,$3,$6,$5,$31,31,$0.11,$0.11,$17,$12,$0,$58,$4,$0,$20,$1,$25,$83,$39,$6,$5,$12,$51,$5,$20,$7,$32,$83,$3,$4,$-1,$3,$-5,$-1,$4,$1,$-1,$5,$-3,$0,$1,$0,$0,$0,$0,$-1,$0,$0,$0,$0,$0,$0,$-0,$-0,$3,$0,$0
28,2011-09-30,1.5,$0.93,1.61,$5.66,0.26,$-0.30,0.0,$-0.06,0.0,$0.04B,$0.03B,1.57,$0.01B,$0.03B,0.19,$0.17B,$0.08B,44.25%,$0.17B,0,0.00%,$0.17B,0,0.00%,$0.17B,$0.01B,2.87%,$0.17B,0,0.00%,$0.17B,$-0.00B,-0.57%,$-0.00B,$0.03B,-3.31%,$-0.00B,$0.01B,-10.81%,$-0.00B,$0.07B,-1.41%,$0.00B,$0.03B,0.00%,$37,$22,$16,$1,$16,$38,$-1,$-0,$-1,$-1,$0,$0,$-0,$0,$-1,$31,31,$-0.00,$-0.00,$12,$13,$0,$43,$4,$0,$20,$1,$25,$68,$27,$5,$5,$12,$39,$5,$17,$7,$29,$68,$-1,$3,$-1,$2,$8,$-3,$-7,$1,$-2,$-2,$-1,$0,$0,$0,$0,$0,$0,$-1,$0,$0,$0,$0,$0,$0,$-0,$-0,$-3,$0,$0
29,2011-06-30,2.0,$0.94,2.12,$5.70,0.35,$-0.30,0.0,$-0.20,0.0,$0.04B,$0.03B,1.55,$0.01B,$0.03B,0.19,$0.18B,$0.08B,44.57%,$0.18B,$-0.00B,-1.14%,$0.18B,$-0.00B,-1.14%,$0.18B,$0.00B,1.71%,$0.18B,$-0.00B,-1.14%,$0.18B,$-0.01B,-2.86%,$-0.01B,$0.03B,-16.39%,$-0.01B,$0.01B,-55.56%,$-0.01B,$0.07B,-6.94%,$-0.00B,$0.03B,-5.63%,$35,$20,$15,$1,$16,$37,$-3,$-0,$-3,$-1,$-2,$-2,$-3,$-2,$-3,$31,31,$-0.11,$-0.11,$15,$13,$0,$41,$5,$0,$21,$1,$26,$67,$26,$5,$5,$12,$38,$5,$17,$7,$29,$67,$-1,$2,$-1,$1,$12,$-2,$-9,$2,$1,$2,$0,$-2,$1,$0,$0,$0,$0,$-1,$0,$0,$0,$0,$0,$0,$-0,$-0,$1,$-0,$0
30,2011-03-31,2.89,$1.04,2.79,$5.56,0.52,$-0.50,0.0,$-0.44,0.0,$0.04B,$0.03B,1.67,$0.01B,$0.03B,0.17,$0.17B,$0.08B,44.44%,$0.17B,$-0.01B,-3.51%,$0.17B,$-0.01B,-3.51%,$0.17B,0,0.00%,$0.17B,$-0.01B,-3.51%,$0.17B,$-0.01B,-7.60%,$-0.01B,$0.03B,-40.63%,$-0.01B,$0.01B,-130.00%,$-0.01B,$0.07B,-17.69%,$-0.01B,$0.04B,-16.78%,$48,$26,$22,$1,$20,$47,$2,$-0,$2,$1,$1,$1,$2,$3,$2,$31,31,$0.05,$0.05,$17,$11,$0,$44,$4,$0,$21,$1,$26,$70,$26,$5,$5,$12,$38,$5,$20,$7,$32,$70,$1,$1,$1,$2,$8,$-1,$-10,$2,$-0,$3,$0,$0,$0,$0,$0,$0,$-0,$0,$0,$0,$0,$0,$0,$0,$-0,$-0,$2,$-0,$0
31,2010-12-31,1.78,$1.00,1.78,$5.48,0.32,$-0.48,0.0,$-0.74,0.0,$0.05B,$0.04B,1.42,$0.01B,$0.03B,0.17,$0.17B,$0.08B,45.56%,$0.17B,$-0.01B,-5.92%,$0.17B,$-0.01B,-5.92%,$0.17B,$-0.00B,-1.78%,$0.17B,$-0.01B,-5.92%,$0.17B,$-0.02B,-13.61%,$-0.02B,$0.03B,-65.25%,$-0.02B,$0.01B,-180.39%,$-0.02B,$0.08B,-29.21%,$-0.01B,$0.04B,-26.49%,$54,$30,$24,$1,$21,$51,$2,$0,$2,$0,$2,$2,$-0,$4,$2,$31,31,$0.00,$0.00,$15,$10,$0,$52,$4,$0,$22,$1,$27,$78,$36,$5,$5,$11,$48,$5,$18,$7,$31,$78,$-23,$7,$-2,$4,$7,$7,$-13,$0,$8,$-11,$-0,$0,$0,$0,$0,$0,$12,$12,$5,$0,$5,$0,$0,$0,$-0,$5,$7,$1,$0
32,2010-09-30,1.33,$0.98,1.35,$5.48,0.24,$0.30,4.46,$-0.55,0.0,$0.05B,$0.03B,1.45,$0.01B,$0.03B,0.17,$0.17B,$0.08B,46.75%,$0.17B,$-0.02B,-11.83%,$0.17B,$-0.02B,-11.83%,$0.17B,$-0.01B,-7.69%,$0.17B,$-0.02B,-11.83%,$0.17B,$-0.02B,-10.06%,$-0.02B,$0.03B,-41.98%,$-0.02B,$0.01B,-95.77%,$-0.02B,$0.07B,-19.32%,$-0.02B,$0.04B,-47.90%,$38,$22,$17,$1,$19,$42,$-3,$0,$-3,$-0,$-2,$-2,$-4,$-2,$-3,$31,31,$-0.14,$-0.14,$15,$11,$0,$45,$5,$0,$22,$1,$28,$73,$31,$5,$6,$12,$43,$5,$18,$7,$30,$73,$-12,$5,$-12,$-7,$14,$6,$-18,$1,$9,$-9,$7,$0,$0,$0,$0,$0,$4,$11,$5,$0,$5,$0,$0,$0,$-0,$5,$7,$0,$0
33,2010-06-30,1.52,$1.13,1.34,$5.58,0.27,$0.95,1.6,$-1.21,0.0,$0.04B,$0.03B,1.39,$0.00B,$0.04B,0.0,$0.17B,$0.08B,47.67%,$0.17B,$-0.02B,-11.63%,$0.17B,$-0.02B,-11.63%,$0.17B,$-0.01B,-6.40%,$0.17B,$-0.02B,-11.05%,$0.17B,$-0.04B,-21.51%,$-0.04B,$0.04B,-83.15%,$-0.04B,$0.01B,-182.72%,$-0.04B,$0.07B,-38.34%,$-0.02B,$0.04B,-43.72%,$31,$17,$13,$1,$19,$37,$-7,$-0,$-7,$0,$-7,$-7,$-11,$-5,$-7,$31,31,$-0.35,$-0.35,$9,$16,$0,$44,$6,$0,$23,$1,$30,$73,$32,$0,$6,$7,$39,$5,$23,$8,$35,$73,$-18,$4,$-0,$3,$16,$0,$-19,$1,$7,$-9,$4,$0,$0,$0,$0,$0,$1,$4,$0,$0,$0,$0,$0,$0,$-0,$-0,$-3,$0,$0
34,2010-03-31,3.02,$1.47,2.05,$5.89,0.51,$1.77,1.7,$-1.54,0.0,$0.06B,$0.04B,1.42,$0.00B,$0.05B,0.0,$0.18B,$0.09B,49.17%,$0.18B,$-0.03B,-15.47%,$0.18B,$-0.03B,-15.47%,$0.18B,$-0.02B,-9.94%,$0.18B,$-0.03B,-14.92%,$0.18B,$-0.05B,-25.97%,$-0.05B,$0.05B,-88.26%,$-0.05B,$0.02B,-182.52%,$-0.05B,$0.09B,-42.34%,$-0.03B,$0.05B,-50.00%,$46,$23,$23,$1,$24,$48,$-2,$-0,$-2,$0,$-2,$-2,$-8,$-0,$-2,$31,31,$-0.25,$-0.25,$12,$15,$0,$55,$7,$0,$23,$6,$36,$91,$39,$0,$6,$7,$46,$5,$33,$7,$45,$91,$-2,$2,$-5,$-4,$8,$2,$-12,$0,$7,$1,$3,$0,$0,$0,$0,$0,$1,$3,$0,$0,$0,$0,$0,$0,$-0,$-0,$5,$0,$0
35,2009-12-31,2.03,$1.71,1.19,$6.17,0.33,$2.05,0.99,$-1.74,0.0,$0.08B,$0.06B,1.38,$0.00B,$0.05B,0.0,$0.19B,$0.10B,50.79%,$0.19B,$-0.03B,-15.87%,$0.19B,$-0.03B,-15.87%,$0.19B,$-0.02B,-10.05%,$0.19B,$-0.03B,-15.34%,$0.19B,$-0.05B,-28.04%,$-0.05B,$0.05B,-82.49%,$-0.05B,$0.03B,-158.21%,$-0.05B,$0.12B,-41.01%,$-0.03B,$0.05B,-44.78%,$54,$28,$26,$1,$29,$61,$-8,$-1,$-8,$-11,$3,$3,$6,$-6,$-8,$31,31,$0.19,$0.19,$7,$13,$0,$77,$8,$0,$24,$6,$38,$115,$56,$0,$6,$6,$63,$4,$41,$7,$52,$115,$-19,$11,$-2,$9,$23,$13,$-1,$2,$25,$15,$-2,$0,$7,$0,$4,$4,$-5,$5,$0,$-18,$-18,$0,$0,$0,$-0,$-18,$2,$1,$0
36,2009-09-30,1.7,$1.49,1.14,$6.51,0.26,$1.70,1.0,$-3.28,0.0,$0.07B,$0.06B,1.22,$0.01B,$0.05B,0.11,$0.20B,$0.10B,49.75%,$0.20B,$-0.06B,-29.15%,$0.20B,$-0.06B,-29.15%,$0.20B,$-0.05B,-22.61%,$0.20B,$-0.06B,-28.14%,$0.20B,$-0.10B,-50.25%,$-0.10B,$0.05B,-129.45%,$-0.10B,$0.02B,-232.56%,$-0.10B,$0.11B,-66.67%,$-0.06B,$0.05B,-71.83%,$41,$21,$20,$1,$20,$44,$-3,$1,$-2,$-0,$-2,$-2,$-24,$-0,$-3,$31,31,$-0.80,$-0.80,$7,$13,$10,$68,$10,$0,$28,$1,$39,$107,$56,$5,$0,$5,$61,$4,$35,$7,$46,$107,$-22,$9,$-3,$6,$24,$14,$-6,$0,$35,$19,$-2,$0,$0,$0,$0,$0,$2,$0,$0,$-18,$-18,$0,$0,$0,$-0,$-18,$1,$1,$0
37,2009-06-30,1.13,$2.28,0.5,$7.20,0.16,$3.37,0.34,$-3.59,0.0,$0.08B,$0.06B,1.36,$0.01B,$0.07B,0.09,$0.22B,$0.11B,48.87%,$0.22B,$-0.06B,-27.60%,$0.22B,$-0.06B,-27.60%,$0.22B,$-0.05B,-20.81%,$0.22B,$-0.06B,-27.15%,$0.22B,$-0.11B,-49.77%,$-0.11B,$0.07B,-107.84%,$-0.11B,$0.03B,-191.30%,$-0.11B,$0.13B,-59.78%,$-0.06B,$0.08B,-58.51%,$40,$20,$20,$1,$22,$55,$-15,$-0,$-15,$-0,$-15,$-15,$-21,$-12,$-15,$31,31,$-0.68,$-0.68,$8,$31,$0,$75,$20,$0,$36,$1,$57,$131,$55,$6,$0,$6,$62,$4,$60,$6,$70,$131,$-20,$6,$-2,$4,$27,$12,$-12,$2,$38,$21,$-1,$0,$0,$0,$0,$0,$0,$-1,$0,$-18,$-18,$0,$0,$0,$-0,$-18,$2,$1,$0
38,2009-03-31,0.63,$2.92,0.22,$8.92,0.07,$3.21,0.2,$-3.19,0.0,$0.10B,$0.07B,1.41,$0.00B,$0.09B,0.0,$0.28B,$0.12B,44.04%,$0.28B,$-0.06B,-21.66%,$0.28B,$-0.06B,-21.66%,$0.28B,$-0.04B,-15.88%,$0.28B,$-0.06B,-21.30%,$0.28B,$-0.10B,-35.38%,$-0.10B,$0.09B,-75.24%,$-0.10B,$0.05B,-129.37%,$-0.10B,$0.16B,-44.75%,$-0.06B,$0.09B,-45.80%,$54,$24,$30,$1,$31,$58,$-4,$-0,$-4,$1,$-5,$-5,$-14,$-1,$-4,$31,31,$-0.45,$-0.45,$3,$40,$0,$95,$30,$0,$36,$3,$69,$164,$68,$0,$7,$7,$74,$4,$81,$5,$89,$164,$-5,$3,$-5,$-2,$21,$4,$-3,$-1,$20,$13,$-1,$0,$0,$0,$0,$0,$0,$-1,$0,$-15,$-15,$0,$0,$0,$-0,$-15,$-2,$0,$0
39,2008-12-31,2.21,$3.39,0.65,$11.26,0.2,$3.28,0.67,$-2.94,0.0,$0.13B,$0.09B,1.45,$0.00B,$0.10B,0.03,$0.35B,$0.15B,41.93%,$0.35B,$-0.06B,-18.13%,$0.35B,$-0.06B,-18.13%,$0.35B,$-0.05B,-13.31%,$0.35B,$-0.06B,-18.13%,$0.35B,$-0.09B,-25.50%,$-0.09B,$0.10B,-57.60%,$-0.09B,$0.07B,-100.28%,$-0.09B,$0.20B,-32.91%,$-0.06B,$0.11B,-40.76%,$64,$35,$29,$2,$32,$99,$-36,$0,$-35,$-16,$-19,$-19,$-41,$-32,$-36,$31,31,$-1.35,$-1.35,$6,$44,$0,$127,$33,$0,$37,$1,$71,$198,$88,$3,$2,$6,$94,$3,$94,$6,$104,$198,$-53,$17,$17,$34,$22,$17,$-10,$5,$23,$6,$-3,$0,$58,$0,$5,$5,$2,$62,$0,$-61,$-61,$-5,$-5,$0,$-3,$-69,$-2,$5,$0
40,2008-09-30,4.57,$4.72,0.97,$13.82,0.33,$3.34,1.37,$-3.10,0.0,$0.13B,$0.08B,1.6,$0.00B,$0.15B,0.0,$0.44B,$0.15B,35.32%,$0.44B,$-0.08B,-17.43%,$0.44B,$-0.08B,-17.43%,$0.44B,$-0.06B,-13.30%,$0.44B,$-0.08B,-17.89%,$0.44B,$-0.10B,-21.79%,$-0.10B,$0.15B,-53.00%,$-0.10B,$0.08B,-90.91%,$-0.10B,$0.24B,-29.53%,$-0.08B,$0.15B,-42.40%,$63,$34,$29,$2,$33,$68,$-6,$-0,$-6,$16,$-22,$-22,$-34,$-1,$-6,$31,31,$-1.11,$-1.11,$7,$50,$0,$132,$36,$0,$69,$6,$111,$243,$83,$0,$7,$16,$98,$2,$136,$7,$145,$243,$-33,$13,$11,$24,$27,$11,$-9,$4,$24,$13,$55,$-0,$0,$2,$0,$2,$5,$63,$0,$-69,$-69,$-5,$-5,$0,$-2,$-75,$-1,$3,$0
41,2008-06-30,5.08,$5.78,0.88,$15.44,0.33,$1.09,4.64,$-2.41,0.0,$0.16B,$0.08B,2.04,$0.00B,$0.18B,0.0,$0.49B,$0.17B,34.43%,$0.49B,$-0.09B,-19.06%,$0.49B,$-0.09B,-19.06%,$0.49B,$-0.08B,-15.57%,$0.49B,$-0.10B,-19.67%,$0.49B,$-0.07B,-15.16%,$-0.07B,$0.18B,-36.41%,$-0.07B,$0.11B,-71.50%,$-0.07B,$0.27B,-19.76%,$-0.09B,$0.18B,-45.53%,$96,$62,$34,$2,$44,$110,$-14,$0,$-14,$-5,$-10,$-10,$-9,$-10,$-14,$32,32,$-0.28,$-0.28,$4,$62,$0,$156,$39,$0,$76,$0,$115,$271,$76,$0,$8,$12,$88,$4,$170,$9,$183,$271,$-15,$8,$5,$13,$36,$-2,$-10,$3,$21,$18,$-2,$-0,$0,$0,$0,$0,$66,$63,$0,$-79,$-79,$-2,$-2,$0,$-2,$-82,$-3,$2,$0
42,2008-03-31,3.29,$6.12,0.54,$15.65,0.21,$0.81,4.08,$-2.09,0.0,$0.26B,$0.18B,1.47,$0.00B,$0.19B,0.0,$0.50B,$0.17B,34.75%,$0.50B,$-0.08B,-15.56%,$0.50B,$-0.08B,-15.56%,$0.50B,$-0.06B,-12.32%,$0.50B,$-0.08B,-16.36%,$0.50B,$-0.06B,-12.93%,$-0.06B,$0.19B,-28.89%,$-0.06B,$0.11B,-60.52%,$-0.06B,$0.38B,-15.77%,$-0.08B,$0.19B,-34.45%,$130,$74,$56,$2,$51,$138,$-8,$-1,$-9,$-3,$-7,$-7,$-6,$-4,$-8,$32,32,$-0.22,$-0.22,$10,$66,$2,$257,$41,$0,$84,$0,$125,$382,$175,$0,$11,$14,$189,$6,$179,$9,$193,$382,$-6,$4,$6,$10,$16,$-6,$4,$1,$13,$16,$-2,$-0,$0,$0,$0,$0,$7,$6,$0,$-16,$-16,$-0,$-0,$0,$-2,$-18,$2,$1,$0
43,2007-12-31,4.85,$6.23,0.78,$15.86,0.31,$0.77,6.26,$-1.81,0.0,$0.28B,$0.18B,1.54,$0.00B,$0.20B,0.0,$0.50B,$0.18B,35.66%,$0.50B,$-0.07B,-13.55%,$0.50B,$-0.07B,-13.55%,$0.50B,$-0.05B,-10.56%,$0.50B,$-0.07B,-14.34%,$0.50B,$-0.06B,-11.16%,$-0.06B,$0.20B,-23.60%,$-0.06B,$0.13B,-49.89%,$-0.06B,$0.39B,-13.65%,$-0.07B,$0.20B,-28.27%,$147,$111,$35,$2,$54,$194,$-48,$-1,$-49,$-17,$-32,$-32,$-46,$-43,$-48,$32,32,$-1.45,$-1.45,$8,$59,$0,$277,$42,$0,$71,$1,$114,$391,$179,$0,$10,$15,$194,$4,$185,$7,$196,$391,$-56,$16,$11,$27,$44,$-2,$-13,$10,$38,$9,$-5,$0,$-1,$0,$0,$0,$-22,$-27,$0,$32,$32,$1,$1,$-9,$-0,$23,$4,$3,$-9
44,2007-09-30,7.97,$7.65,1.04,$15.37,0.52,$1.58,5.06,$0.11,72.45,$0.23B,$0.19B,1.23,$0.00B,$0.24B,0.02,$0.49B,$0.20B,40.41%,$0.49B,$-0.01B,-1.43%,$0.49B,$-0.01B,-1.43%,$0.49B,$0.01B,1.22%,$0.49B,$-0.01B,-2.04%,$0.49B,$0.00B,0.61%,$0.00B,$0.24B,1.19%,$0.00B,$0.07B,2.33%,$0.00B,$0.45B,0.72%,$-0.01B,$0.25B,-2.74%,$115,$72,$43,$3,$64,$139,$-23,$-1,$-24,$-10,$-14,$-14,$-13,$-19,$-23,$32,32,$-0.43,$-0.43,$21,$89,$2,$233,$52,$0,$169,$0,$221,$454,$190,$4,$3,$23,$212,$4,$231,$6,$241,$454,$-10,$11,$-18,$-7,$56,$-14,$-13,$9,$25,$9,$-9,$-35,$0,$-0,$0,$-0,$-1,$-45,$0,$62,$62,$1,$1,$-9,$-0,$53,$17,$2,$-9
45,2007-06-30,11.91,$8.10,1.47,$16.66,0.71,$2.65,4.5,$0.82,14.52,$0.21B,$0.12B,1.75,$0.00B,$0.26B,0.02,$0.54B,$0.23B,42.43%,$0.54B,$0.03B,5.05%,$0.54B,$0.03B,5.05%,$0.54B,$0.04B,7.48%,$0.54B,$0.03B,4.67%,$0.54B,$0.03B,4.67%,$0.03B,$0.26B,9.85%,$0.03B,$0.12B,17.39%,$0.03B,$0.40B,6.24%,$0.03B,$0.26B,10.51%,$103,$64,$38,$3,$52,$101,$2,$-0,$1,$1,$1,$1,$1,$5,$2,$32,32,$0.04,$0.04,$6,$92,$2,$205,$51,$0,$140,$0,$191,$396,$117,$4,$3,$23,$140,$3,$247,$5,$256,$396,$4,$7,$-21,$-14,$61,$-15,$-20,$5,$22,$12,$-5,$-0,$0,$0,$0,$0,$-1,$-6,$0,$1,$1,$1,$1,$-6,$-0,$-5,$2,$1,$-6
46,2007-03-31,15.14,$8.13,1.86,$17.60,0.86,$3.73,4.06,$0.83,18.25,$0.23B,$0.12B,1.88,$0.00B,$0.26B,0.02,$0.57B,$0.25B,43.86%,$0.57B,$0.03B,4.74%,$0.57B,$0.03B,4.74%,$0.57B,$0.04B,7.19%,$0.57B,$0.03B,4.74%,$0.57B,$0.03B,4.56%,$0.03B,$0.26B,10.26%,$0.03B,$0.14B,17.22%,$0.03B,$0.40B,6.62%,$0.03B,$0.26B,10.51%,$137,$74,$63,$3,$59,$136,$1,$-1,$0,$0,$-0,$-0,$2,$4,$1,$32,32,$0.08,$0.08,$5,$90,$2,$227,$51,$0,$122,$0,$173,$400,$121,$4,$3,$23,$143,$3,$249,$4,$256,$400,$2,$3,$-5,$-2,$46,$-15,$-7,$-2,$15,$16,$-2,$-0,$0,$0,$0,$0,$-0,$-3,$0,$-10,$-10,$1,$1,$-3,$-0,$-13,$0,$1,$-3
47,2006-12-31,13.66,$8.15,1.68,$18.88,0.72,$4.32,3.16,$0.91,15.02,$0.31B,$0.16B,1.96,$0.00B,$0.26B,0.0,$0.62B,$0.27B,43.04%,$0.62B,$0.04B,5.66%,$0.62B,$0.04B,5.66%,$0.62B,$0.05B,8.09%,$0.62B,$0.04B,5.66%,$0.62B,$0.03B,4.69%,$0.03B,$0.26B,11.45%,$0.03B,$0.19B,17.58%,$0.03B,$0.43B,7.48%,$0.04B,$0.26B,13.70%,$135,$81,$54,$1,$40,$122,$13,$-1,$13,$4,$9,$9,$13,$16,$13,$32,32,$0.40,$0.40,$4,$56,$2,$310,$51,$0,$64,$0,$115,$425,$158,$0,$0,$11,$168,$1,$251,$4,$257,$425,$29,$15,$-6,$9,$-21,$29,$-3,$-12,$-4,$34,$-4,$-8,$-1,$0,$0,$0,$-2,$-15,$-1,$7,$6,$-16,$-16,$-13,$-1,$-23,$-4,$3,$-13
