,Date,Stock Price,Book Value per Share,Price to Book Ratio,TTM Sales per Share,Price to Sales Ratio,TTM FCF per Share,Price to FCF Ratio,TTM Net EPS,PE Ratio,Current Assets,Current Liabilities,Current Ratio,Long Term Debt,Shareholder's Equity_x,Debt to Equity Ratio,TTM Revenue_x,TTM Gross Profit,Gross Margin,TTM Revenue_y,TTM Operating Income,Operating Margin,TTM Revenue_x,TTM EBIT,EBIT Margin,TTM Revenue_y,TTM EBITDA,EBITDA Margin,TTM Revenue_x,TTM Pre-Tax Income,Pre-Tax Margin,TTM Revenue_y,TTM Net Income_x,Net Margin,TTM Net Income_y,Shareholder's Equity_y,Return on Equity,TTM Net Income_x,Tangible Equity,Return on Tangible Equity,TTM Net Income_y,Total Assets,Return on Assets,TTM Net Income,LT Investments & Debt,Return on Investment,revenue,cost-goods-sold,gross-profit,research-development-expenses,selling-general-administrative-expenses,operating-expenses,operating-income,total-non-operating-income-expense,pre-tax-income,total-provision-income-taxes,income-after-taxes,income-from-continuous-operations,net-income,ebitda,ebit,basic-shares-outstanding,shares-outstanding,eps-basic-net-earnings-per-share,eps-earnings-per-share-diluted,cash-on-hand,inventory,other-current-assets,total-current-assets,net-property-plant-equipment,long-term-investments,goodwill-intangible-assets-total,other-long-term-assets,total-long-term-assets,total-assets,total-current-liabilities,long-term-debt,other-non-current-liabilities,total-long-term-liabilities,total-liabilities,common-stock-net,retained-earnings-accumulated-deficit,comprehensive-income,total-share-holder-equity,total-liabilities-share-holders-equity,net-income-loss,total-depreciation-amortization-cash-flow,other-non-cash-items,total-non-cash-items,change-in-accounts-receivable,change-in-inventories,change-in-accounts-payable,change-in-assets-liabilities,total-change-in-assets-liabilities,cash-flow-from-operating-activities,net-change-in-property-plant-equipment,net-change-in-intangible-assets,net-acquisitions-divestitures,net-change-in-short-term-investments,net-change-in-long-term-investments,net-change-in-investments-total,investing-activities-other,cash-flow-from-investing-activities,net-long-term-debt,net-current-debt,debt-issuance-retirement-net-total,net-common-equity-issued-repurchased,net-total-equity-issued-repurchased,total-common-preferred-stock-dividends-paid,financial-activities-other,cash-flow-from-financial-activities,net-cash-flow,stock-based-compensation,common-stock-dividends-paid
0,2018-09-30,10.23,$11.48,0.89,$4.36,2.34,$12.14,0.84,$2.52,4.06,$8.91B,$79.47B,0.11,$3.80B,$13.18B,0.29,$5.00B,$3.37B,67.40%,$5.00B,$3.06B,61.14%,$5.00B,0,0.00%,$5.00B,0,0.00%,$5.00B,$3.06B,61.14%,$5.00B,$2.93B,58.56%,$2.93B,$14.96B,20.35%,$2.93B,$14.85B,20.71%,$2.93B,$105.96B,2.88%,$3.06B,$18.76B,17.40%,$1006,$501,$505,$0,$127,$627,$378,$0,$378,$-7,$385,$385,$354,$0,$0,$1202,1202,$0.29,$0.29,$2317,$0,$0,$8909,$0,$91927,$103,$5023,$97053,$105962,$79473,$3800,$505,$4305,$91006,$13,$-1812,$-3823,$14956,$105962,$2309,$539,$-1488,$-949,$1575,$0,$124,$100,$1663,$3023,$0,$0,$0,$52964,$-52395,$569,$-988,$-419,$-26,$-1914,$-1941,$1532,$1119,$-1405,$-1,$-2228,$376,$0,$-1405
1,2018-06-30,10.29,$11.83,0.87,$4.17,2.46,$10.30,1.0,$2.54,4.05,$1.78B,$76.31B,0.02,$2.73B,$12.05B,0.23,$4.69B,$3.29B,70.19%,$4.69B,$3.05B,65.00%,$4.69B,0,0.00%,$4.69B,0,0.00%,$4.69B,$3.05B,65.00%,$4.69B,$2.91B,62.08%,$2.91B,$13.77B,20.52%,$2.91B,$13.08B,20.88%,$2.91B,$98.83B,2.92%,$3.05B,$16.50B,17.67%,$1106,$443,$663,$0,$64,$506,$599,$0,$599,$3,$596,$596,$565,$0,$0,$1160,1161,$0.49,$0.49,$1395,$0,$0,$1783,$0,$95755,$690,$605,$97050,$98833,$76308,$2729,$494,$3223,$85059,$12,$-1800,$-3434,$13774,$98833,$1924,$302,$136,$439,$-63,$0,$89,$-98,$-72,$2290,$0,$-0,$0,$-260,$1180,$920,$154,$1074,$-209,$0,$-209,$461,$49,$-761,$-2013,$-2935,$429,$0,$-761
2,2018-03-31,10.14,$12.02,0.84,$3.51,2.89,$8.44,1.2,$2.04,4.97,$1.56B,$78.37B,0.02,$3.22B,$12.22B,0.26,$3.87B,$2.70B,69.61%,$3.87B,$2.46B,63.59%,$3.87B,0,0.00%,$3.87B,0,0.00%,$3.87B,$2.46B,63.59%,$3.87B,$2.34B,60.34%,$2.34B,$13.94B,16.82%,$2.34B,$13.85B,17.12%,$2.34B,$100.38B,2.43%,$2.46B,$17.16B,14.37%,$1758,$367,$1391,$0,$63,$430,$1328,$0,$1328,$1,$1328,$1328,$1294,$0,$0,$1160,1160,$1.12,$1.12,$1185,$0,$0,$1557,$0,$98150,$93,$583,$98825,$100382,$78374,$3215,$581,$3796,$86439,$12,$-2016,$-3000,$13943,$100382,$1328,$99,$22,$122,$27,$0,$-101,$-42,$-116,$1333,$0,$-0,$0,$-200,$-648,$-849,$-97,$-946,$1299551,$-1299278,$273,$412,$-0,$-382,$-0,$-109,$278,$0,$-382
3,2017-12-31,11.23,$12.82,0.88,$2.67,4.2,$7.07,1.59,$1.33,8.44,$4.52B,$77.95B,0.06,$2.97B,$13.15B,0.23,$2.81B,$1.80B,64.08%,$2.81B,$1.58B,56.11%,$2.81B,0,0.00%,$2.81B,0,0.00%,$2.81B,$1.58B,56.11%,$2.81B,$1.46B,51.98%,$1.46B,$14.87B,10.76%,$1.46B,$14.78B,10.96%,$1.46B,$101.76B,1.58%,$1.58B,$17.84B,9.34%,$1130,$319,$811,$0,$59,$378,$752,$0,$752,$5,$747,$747,$715,$0,$0,$1066,1066,$0.66,$0.66,$707,$0,$0,$4516,$0,$93144,$95,$4004,$97244,$101760,$77949,$2972,$816,$3787,$86888,$12,$-2962,$-1126,$14872,$101760,$1569,$895,$4596,$5492,$53,$-261,$138,$-59,$-129,$6932,$0,$-11,$5,$0,$-15019,$-15019,$359,$-14666,$-1025,$7181,$6155,$1650,$2162,$-1353,$-63,$6901,$-833,$1,$-1353
4,2017-09-30,11.23,$13.01,0.86,$3.77,2.98,$7.64,1.47,$2.50,4.49,$2.40B,$69.78B,0.03,$3.36B,$12.44B,0.27,$3.77B,$2.89B,76.80%,$3.77B,$2.67B,70.97%,$3.77B,0,0.00%,$3.77B,0,0.00%,$3.77B,$2.67B,70.97%,$3.77B,$2.57B,68.21%,$2.57B,$14.16B,19.77%,$2.57B,$14.06B,20.43%,$2.57B,$97.57B,2.89%,$2.67B,$17.51B,16.23%,$695,$269,$426,$0,$57,$326,$369,$0,$369,$1,$367,$367,$337,$0,$0,$1073,1073,$0.31,$0.31,$868,$0,$0,$2397,$0,$94460,$98,$620,$95177,$97574,$69783,$3358,$682,$4040,$83419,$11,$-3320,$-640,$14155,$97574,$822,$690,$-357,$333,$-420,$0,$69,$-30,$-426,$730,$0,$0,$0,$24428,$-29190,$-4762,$-664,$-5426,$-334,$4043,$3709,$1503,$1318,$-986,$-16,$4024,$-672,$0,$-986
5,2017-06-30,10.84,$12.37,0.88,$4.11,2.64,$7.79,1.39,$2.89,3.75,$1.75B,$62.77B,0.03,$3.44B,$11.41B,0.3,$4.07B,$3.30B,80.88%,$4.07B,$3.03B,74.47%,$4.07B,0,0.00%,$4.07B,0,0.00%,$4.07B,$3.03B,74.47%,$4.07B,$2.94B,72.19%,$2.94B,$12.61B,23.02%,$2.94B,$11.90B,23.81%,$2.94B,$84.98B,3.42%,$3.03B,$16.05B,18.47%,$290,$222,$68,$0,$54,$276,$14,$0,$14,$-0,$15,$15,$-9,$0,$0,$1019,1019,$-0.01,$-0.01,$701,$0,$0,$1753,$0,$81964,$706,$553,$83223,$84977,$62768,$3439,$714,$4153,$72367,$10,$-3339,$-851,$12609,$84977,$455,$466,$-793,$-327,$116,$0,$-66,$-65,$-15,$113,$0,$-10,$0,$0,$2718,$2718,$86,$2794,$-256,$0,$-256,$1,$1,$-658,$-2832,$-3745,$-839,$0,$-658
6,2017-03-31,9.75,$12.41,0.79,$3.74,2.6,$9.69,1.01,$2.58,3.78,$74.84B,$63.06B,1.19,$3.48B,$11.45B,0.3,$3.71B,$3.00B,80.87%,$3.71B,$2.74B,73.94%,$3.71B,0,0.00%,$3.71B,0,0.00%,$3.71B,$2.74B,73.94%,$3.71B,$2.65B,71.59%,$2.65B,$12.65B,21.21%,$2.65B,$12.54B,21.68%,$2.65B,$84.66B,3.15%,$2.74B,$16.12B,16.79%,$694,$198,$495,$0,$54,$252,$441,$0,$441,$1,$440,$440,$417,$0,$0,$1019,1019,$0.41,$0.41,$1506,$0,$0,$74836,$0,$9135,$103,$585,$9823,$84659,$63063,$3477,$638,$4115,$72012,$10,$-3025,$-1126,$12647,$84659,$440,$209,$-970,$-762,$148,$0,$3,$-53,$99,$-222,$0,$-7,$0,$0,$2887,$2887,$-345,$2535,$783506,$-786210,$-2703,$1,$1,$-329,$-2,$-3033,$-720,$0,$-329
7,2016-12-31,8.52,$12.34,0.69,$2.34,3.65,$9.77,0.87,$1.21,7.04,$2.32B,$65.56B,0.04,$3.66B,$11.38B,0.32,$2.34B,$1.68B,71.91%,$2.34B,$1.43B,61.18%,$2.34B,0,0.00%,$2.34B,0,0.00%,$2.34B,$1.43B,61.18%,$2.34B,$1.35B,57.76%,$1.35B,$12.58B,11.02%,$1.35B,$11.82B,11.27%,$1.35B,$87.91B,1.64%,$1.43B,$16.23B,8.86%,$2089,$183,$1905,$0,$55,$239,$1850,$0,$1850,$1,$1848,$1848,$1825,$0,$0,$970,970,$1.97,$1.97,$1540,$0,$0,$2318,$0,$84324,$758,$504,$85587,$87905,$65563,$3656,$1543,$5199,$75329,$10,$-3136,$-1086,$12576,$87905,$1433,$844,$4643,$5487,$228,$-231,$49,$-110,$-63,$6856,$0,$-174,$42,$0,$-580,$-580,$-1350,$-2062,$1015,$-6713,$-5698,$-100,$-100,$-1221,$1996,$-5023,$-230,$7,$-1221
8,2016-09-30,8.71,$13.02,0.67,$1.07,8.12,$-1.15,0.0,$0.11,79.19,$3.59B,$62.07B,0.06,$4.04B,$12.06B,0.34,$1.09B,$0.50B,45.88%,$1.09B,$0.26B,23.53%,$1.09B,0,0.00%,$1.09B,0,0.00%,$1.09B,$0.26B,23.53%,$1.09B,$0.18B,16.30%,$0.18B,$13.26B,1.47%,$0.18B,$13.15B,1.49%,$0.18B,$86.91B,0.22%,$0.26B,$17.30B,1.64%,$1001,$174,$827,$0,$98,$272,$729,$0,$729,$-2,$731,$731,$708,$0,$0,$1008,1008,$0.70,$0.70,$2382,$0,$0,$3591,$0,$82817,$112,$389,$83318,$86909,$62073,$4040,$3006,$7046,$73648,$10,$-4655,$1120,$13262,$86909,$-416,$22,$1125,$1147,$183,$0,$-7,$-73,$102,$833,$0,$-127,$42,$-13629,$15807,$2178,$115,$2207,$3467,$-4419,$-953,$-101,$-108,$-928,$-439,$-2427,$613,$7,$-928
9,2016-06-30,8.93,$12.50,0.71,$-0.41,0.0,$-5.82,0.0,$-1.27,0.0,$4.86B,$54.09B,0.09,$4.08B,$10.65B,0.38,$-0.38B,$-0.90B,239.79%,$-0.38B,$-1.10B,291.78%,$-0.38B,0,0.00%,$-0.38B,0,0.00%,$-0.38B,$-1.10B,291.78%,$-0.38B,$-1.18B,311.67%,$-1.18B,$11.56B,-9.91%,$-1.18B,$11.45B,-10.00%,$-1.18B,$77.72B,-1.54%,$-1.10B,$15.64B,-7.29%,$-77,$153,$-229,$0,$49,$202,$-279,$0,$-279,$-0,$-278,$-278,$-296,$0,$0,$925,925,$-0.32,$-0.32,$2735,$0,$0,$4858,$0,$72368,$115,$375,$72859,$77716,$54091,$4076,$3222,$7452,$66155,$9,$-5062,$1117,$11562,$77716,$-1147,$636,$2292,$2929,$118,$0,$32,$-66,$84,$1866,$0,$0,$0,$0,$1493,$1493,$-1435,$58,$1211,$-3212,$-2002,$-102,$-102,$-594,$1739,$-958,$966,$1,$-594
10,2016-03-31,8.05,$12.61,0.64,$0.78,10.27,$-12.67,0.0,$-0.02,0.0,$3.09B,$54.67B,0.06,$3.80B,$10.75B,0.35,$0.76B,$0.27B,35.54%,$0.76B,$0.07B,9.38%,$0.76B,0,0.00%,$0.76B,0,0.00%,$0.76B,$0.07B,9.38%,$0.76B,$0.00B,0.40%,$0.00B,$11.66B,0.02%,$0.00B,$11.55B,0.02%,$0.00B,$77.44B,0.00%,$0.07B,$15.46B,0.47%,$-674,$147,$-821,$0,$48,$195,$-869,$0,$-869,$-1,$-868,$-868,$-886,$0,$0,$927,927,$-0.96,$-0.96,$2416,$0,$0,$3086,$0,$73938,$108,$312,$74358,$77444,$54667,$3803,$2865,$6668,$65786,$9,$-4488,$640,$11658,$77444,$-868,$361,$403,$764,$-2,$0,$39,$-66,$-29,$-133,$0,$0,$0,$-4645,$4053,$-591,$-72,$-663,$3028,$-1183,$1845,$-102,$-102,$-299,$-1,$1444,$647,$0,$-299
11,2015-12-31,7.15,$12.72,0.56,$1.20,5.97,$-17.85,0.0,$0.42,17.03,$2.55B,$56.44B,0.05,$2.54B,$10.99B,0.23,$1.14B,$0.66B,58.50%,$1.14B,$0.46B,40.88%,$1.14B,0,0.00%,$1.14B,0,0.00%,$1.14B,$0.46B,40.88%,$1.14B,$0.40B,34.80%,$0.40B,$11.91B,3.17%,$0.40B,$11.80B,3.19%,$0.40B,$75.19B,0.52%,$0.46B,$14.45B,3.10%,$842,$119,$724,$0,$48,$167,$676,$0,$676,$6,$670,$670,$652,$0,$0,$947,947,$0.69,$0.69,$1769,$0,$0,$2553,$0,$72386,$110,$141,$72638,$75191,$56436,$2541,$1741,$4282,$63285,$9,$-3325,$-378,$11906,$75191,$466,$849,$-4162,$-3314,$-725,$-30,$-27,$-14,$-796,$-3643,$0,$0,$0,$0,$14720,$14720,$-2574,$12145,$1631,$-10631,$-9000,$-112,$-112,$-1209,$1848,$-8474,$28,$1,$-1209
12,2015-09-30,7.29,$12.96,0.56,$-0.18,0.0,$-7.53,0.0,$-0.98,0.0,$3.49B,$56.66B,0.06,$2.55B,$11.37B,0.23,$-0.17B,$-0.66B,381.50%,$-0.17B,$-0.87B,502.89%,$-0.17B,0,0.00%,$-0.17B,0,0.00%,$-0.17B,$-0.87B,502.89%,$-0.17B,$-0.93B,539.31%,$-0.93B,$12.28B,-7.27%,$-0.93B,$12.21B,-7.32%,$-0.93B,$75.34B,-1.17%,$-0.87B,$14.84B,-5.81%,$-468,$110,$-578,$0,$49,$160,$-628,$0,$-628,$-0,$-627,$-627,$-645,$0,$0,$948,948,$-0.68,$-0.68,$2237,$0,$0,$3487,$0,$71591,$72,$189,$71852,$75339,$56658,$2553,$2287,$4841,$63054,$9,$-3696,$263,$12284,$75339,$-204,$50,$-3500,$-3451,$52,$0,$-18,$-23,$12,$-3643,$0,$0,$0,$8908,$4865,$13773,$13,$13786,$1821,$-10563,$-8741,$2,$1,$-907,$-0,$-9647,$496,$1,$-907
13,2015-06-30,6.59,$13.29,0.5,$0.85,7.72,$1.17,5.63,$0.05,131.83,$2.71B,$57.65B,0.05,$2.61B,$11.68B,0.22,$0.83B,$0.33B,39.35%,$0.83B,$0.12B,13.84%,$0.83B,0,0.00%,$0.83B,0,0.00%,$0.83B,$0.12B,13.84%,$0.83B,$0.05B,5.90%,$0.05B,$12.60B,0.38%,$0.05B,$12.52B,0.38%,$0.05B,$75.55B,0.06%,$0.12B,$15.21B,0.78%,$1057,$113,$944,$0,$52,$165,$892,$0,$892,$-8,$900,$900,$882,$0,$0,$948,948,$0.93,$0.93,$1796,$0,$0,$2707,$0,$72647,$72,$120,$72839,$75546,$57649,$2611,$1383,$3994,$62951,$9,$-2766,$-355,$12595,$75546,$424,$425,$-179,$246,$46,$0,$-35,$-5266,$-5255,$-4585,$0,$0,$0,$0,$12204,$12204,$-8,$12195,$-654,$-8652,$-9307,$2346,$2346,$-605,$-1,$-7566,$44,$1,$-605
14,2015-03-31,7.23,$13.85,0.52,$-0.43,0.0,$12.21,0.59,$-1.25,0.0,$5.28B,$60.77B,0.09,$2.24B,$12.21B,0.18,$-0.38B,$-0.90B,234.64%,$-0.38B,$-1.11B,289.84%,$-0.38B,0,0.00%,$-0.38B,0,0.00%,$-0.38B,$-1.11B,289.84%,$-0.38B,$-1.19B,309.11%,$-1.19B,$13.13B,-8.96%,$-1.19B,$13.03B,-9.03%,$-1.19B,$78.68B,-1.39%,$-1.11B,$15.37B,-7.60%,$-296,$129,$-426,$0,$51,$180,$-476,$0,$-476,$0,$-476,$-476,$-494,$0,$0,$948,948,$-0.52,$-0.52,$2031,$0,$0,$5284,$0,$73113,$95,$184,$73392,$78676,$60773,$2241,$2101,$4342,$65551,$9,$-3364,$774,$13125,$78676,$-476,$302,$-4872,$-4570,$29,$0,$-22,$-2,$5,$-5042,$0,$0,$0,$0,$9946,$9946,$0,$9946,$1213,$-5635,$-4422,$1,$1,$-302,$-1,$-4724,$179,$0,$-302
15,2014-12-31,7.3,$14.07,0.52,$-0.14,0.0,$22.07,0.33,$-0.96,0.0,$4.50B,$71.59B,0.06,$1.11B,$12.42B,0.09,$-0.12B,$-0.63B,545.22%,$-0.12B,$-0.84B,726.96%,$-0.12B,0,0.00%,$-0.12B,0,0.00%,$-0.12B,$-0.84B,726.96%,$-0.12B,$-0.91B,794.78%,$-0.91B,$13.33B,-6.97%,$-0.91B,$13.20B,-7.03%,$-0.91B,$88.36B,-1.06%,$-0.84B,$14.44B,-5.83%,$-466,$135,$-600,$0,$58,$193,$-658,$0,$-658,$-0,$-658,$-658,$-676,$0,$0,$948,948,$-0.71,$-0.71,$1841,$0,$0,$4498,$0,$83689,$133,$36,$83857,$88355,$71590,$1106,$1630,$2736,$75022,$9,$-2585,$205,$13334,$88355,$-842,$712,$6948,$7660,$-2549,$-761,$36,$2585,$-689,$6128,$0,$0,$0,$-15972,$8169,$-7803,$0,$-7803,$388,$3683,$4071,$2,$2,$-1209,$-1,$2863,$1189,$1,$-1209
16,2014-09-30,7.02,$13.84,0.51,$1.58,4.46,$2.65,2.65,$0.78,9.01,$3.66B,$69.83B,0.05,$1.10B,$12.20B,0.09,$1.58B,$1.06B,67.30%,$1.58B,$0.85B,54.16%,$1.58B,0,0.00%,$1.58B,0,0.00%,$1.58B,$0.85B,54.16%,$1.58B,$0.77B,49.08%,$0.77B,$13.11B,6.00%,$0.77B,$13.02B,6.04%,$0.77B,$87.39B,0.91%,$0.85B,$14.21B,5.63%,$536,$127,$409,$0,$51,$178,$357,$0,$357,$2,$355,$355,$337,$0,$0,$948,987,$0.36,$0.35,$1179,$0,$0,$3664,$0,$83570,$95,$59,$83724,$87388,$69828,$1097,$871,$1969,$74277,$9,$-1625,$-968,$13111,$87388,$-184,$497,$5176,$5674,$-2555,$-761,$38,$2588,$-691,$4799,$0,$0,$0,$-12369,$5940,$-6429,$0,$-6429,$284,$2882,$3166,$2,$2,$-907,$-4,$2256,$626,$1,$-907
17,2014-06-30,7.32,$14.19,0.52,$1.45,5.05,$-9.42,0.0,$0.61,11.99,$3.81B,$70.57B,0.05,$1.09B,$12.54B,0.09,$1.44B,$0.90B,62.88%,$1.44B,$0.69B,47.98%,$1.44B,0,0.00%,$1.44B,0,0.00%,$1.44B,$0.69B,47.98%,$1.44B,$0.61B,42.48%,$0.61B,$13.45B,4.75%,$0.61B,$13.35B,4.79%,$0.61B,$87.15B,0.71%,$0.69B,$14.54B,4.34%,$-158,$126,$-284,$0,$52,$178,$-336,$0,$-336,$-1,$-336,$-336,$-354,$0,$0,$948,948,$-0.37,$-0.37,$1321,$0,$0,$3810,$0,$83188,$95,$59,$83341,$87151,$70565,$1092,$949,$2041,$73702,$9,$-1678,$-572,$13449,$87151,$-539,$288,$6852,$7140,$-2553,$-761,$8,$2583,$-724,$5877,$0,$0,$0,$0,$-6821,$-6821,$0,$-6821,$272,$2043,$2315,$1,$1,$-604,$1,$1712,$768,$1,$-604
18,2014-03-31,6.84,$13.26,0.52,$3.49,1.96,$-23.36,0.0,$2.62,2.61,$4.08B,$64.75B,0.06,$1.60B,$11.65B,0.14,$3.46B,$2.89B,83.48%,$3.46B,$2.66B,76.92%,$3.46B,0,0.00%,$3.46B,0,0.00%,$3.46B,$2.66B,76.92%,$3.46B,$2.58B,74.64%,$2.58B,$12.57B,20.20%,$2.58B,$12.47B,20.36%,$2.58B,$82.42B,2.87%,$2.66B,$14.17B,16.32%,$-27,$125,$-152,$0,$47,$172,$-199,$0,$-199,$4,$-203,$-203,$-221,$0,$0,$947,947,$-0.23,$-0.23,$1369,$0,$0,$4078,$0,$78168,$95,$73,$78336,$82415,$64754,$1602,$1293,$2894,$69850,$9,$-1040,$-2088,$12565,$82415,$-203,$128,$5046,$5175,$-2030,$-761,$39,$2082,$-671,$4300,$0,$0,$0,$0,$-1599,$-1599,$0,$-1599,$261,$-2284,$-2023,$1,$1,$-302,$-4,$-2329,$372,$0,$-302
19,2013-12-31,6.05,$13.09,0.46,$4.63,1.31,$-31.80,0.0,$3.72,1.63,$5.10B,$61.97B,0.08,$5.27B,$11.49B,0.46,$4.60B,$3.97B,86.40%,$4.60B,$3.74B,81.35%,$4.60B,0,0.00%,$4.60B,0,0.00%,$4.60B,$3.74B,81.35%,$4.60B,$3.66B,79.59%,$3.66B,$12.41B,27.13%,$3.66B,$12.31B,27.32%,$3.66B,$81.92B,3.63%,$3.74B,$17.68B,21.49%,$1224,$137,$1087,$0,$56,$194,$1031,$0,$1031,$2,$1029,$1029,$1011,$0,$0,$947,996,$1.07,$1.03,$652,$0,$0,$5096,$0,$76550,$95,$182,$76826,$81922,$61967,$5271,$1211,$6483,$69517,$9,$-534,$-2749,$12405,$81922,$3730,$1026,$-19115,$-18089,$861,$1035,$-22,$-407,$1467,$-12893,$0,$0,$-725,$0,$38266,$38266,$7,$37548,$0,$-22942,$-22942,$-136,$-136,$-1641,$-0,$-24719,$-63,$3,$-1641
20,2013-09-30,6.82,$13.67,0.5,$4.32,1.58,$-11.26,0.0,$3.37,2.02,$5.53B,$71.82B,0.08,$4.12B,$12.03B,0.34,$4.29B,$3.62B,84.29%,$4.29B,$3.40B,79.26%,$4.29B,0,0.00%,$4.29B,0,0.00%,$4.29B,$3.40B,79.26%,$4.29B,$3.33B,77.53%,$3.33B,$12.95B,23.17%,$3.33B,$12.84B,23.31%,$3.33B,$93.43B,2.93%,$3.40B,$17.07B,19.17%,$397,$145,$252,$0,$59,$204,$193,$0,$193,$1,$192,$192,$174,$0,$0,$947,956,$0.18,$0.18,$1154,$0,$0,$5525,$0,$87663,$108,$137,$87908,$93433,$71823,$4124,$1644,$5767,$80487,$9,$-1282,$-1455,$12946,$93433,$2701,$964,$-10897,$-9933,$1610,$12,$-0,$-1282,$340,$-6892,$0,$0,$-725,$0,$32383,$32383,$7,$31665,$0,$-22838,$-22838,$-137,$-137,$-1291,$-0,$-24266,$507,$2,$-1291
21,2013-06-30,7.19,$14.00,0.51,$4.39,1.64,$3.26,2.2,$3.41,2.11,$4.55B,$81.64B,0.06,$3.11B,$12.35B,0.25,$4.38B,$3.67B,83.76%,$4.38B,$3.45B,78.73%,$4.38B,0,0.00%,$4.38B,0,0.00%,$4.38B,$3.45B,78.73%,$4.38B,$3.37B,76.93%,$3.37B,$13.26B,21.88%,$3.37B,$13.15B,21.98%,$3.37B,$102.47B,2.68%,$3.45B,$16.37B,18.83%,$1868,$164,$1703,$0,$65,$229,$1638,$0,$1638,$0,$1638,$1638,$1620,$0,$0,$947,995,$1.71,$1.64,$897,$0,$0,$4554,$0,$97653,$109,$152,$97914,$102469,$81644,$3108,$1204,$4312,$89205,$9,$-1125,$-1289,$13263,$102469,$2508,$754,$-11557,$-10803,$550,$280,$36,$-274,$592,$-7703,$0,$0,$-724,$0,$19748,$19748,$7,$19031,$0,$-10204,$-10204,$-138,$-138,$-876,$-0,$-11218,$110,$2,$-876
22,2013-03-31,8.81,$16.16,0.55,$2.67,3.3,$14.79,0.6,$1.67,5.27,$14.11B,$101.15B,0.14,$3.16B,$14.39B,0.22,$2.66B,$1.95B,73.24%,$2.66B,$1.73B,64.98%,$2.66B,0,0.00%,$2.66B,0,0.00%,$2.66B,$1.73B,64.98%,$2.66B,$1.65B,62.01%,$1.65B,$15.31B,10.22%,$1.65B,$15.24B,10.26%,$1.65B,$125.50B,1.25%,$1.73B,$18.46B,9.16%,$1106,$178,$928,$0,$52,$230,$876,$0,$876,$6,$870,$870,$852,$0,$0,$947,995,$0.90,$0.87,$8442,$0,$0,$14106,$0,$111279,$62,$54,$111396,$125502,$101147,$3155,$2264,$5419,$110196,$9,$-2366,$2003,$15306,$125502,$870,$427,$-4728,$-4301,$544,$-473,$15,$-537,$-451,$-3882,$0,$0,$0,$0,$7144,$7144,$7,$7151,$0,$-1432,$-1432,$-140,$-140,$-450,$0,$-2022,$1247,$1,$-450
23,2012-12-31,7.57,$16.81,0.45,$2.66,2.84,$23.63,0.32,$1.69,4.48,$6.16B,$102.98B,0.06,$3.13B,$15.01B,0.21,$2.68B,$2.01B,75.03%,$2.68B,$1.77B,66.21%,$2.68B,0,0.00%,$2.68B,0,0.00%,$2.68B,$1.77B,66.21%,$2.68B,$1.70B,63.40%,$1.70B,$15.92B,10.40%,$1.70B,$15.86B,10.44%,$1.70B,$133.45B,1.30%,$1.77B,$19.05B,9.52%,$920,$185,$734,$0,$40,$226,$694,$0,$694,$-6,$700,$700,$681,$0,$0,$973,1006,$0.70,$0.70,$2427,$0,$0,$6164,$0,$127174,$62,$51,$127288,$133452,$102983,$3129,$2585,$5714,$117528,$9,$-2792,$3053,$15924,$133452,$1736,$1500,$-1154,$346,$997,$-718,$51,$5228,$5558,$7640,$0,$0,$0,$0,$-18690,$-18690,$-3,$-18693,$110,$12224,$12334,$-245,$491,$-2150,$0,$10675,$-378,$6,$-2150
24,2012-09-30,8.8,$17.53,0.5,$2.50,3.52,$18.80,0.47,$1.45,6.07,$7.74B,$102.72B,0.08,$2.25B,$16.18B,0.14,$2.41B,$1.80B,74.62%,$2.41B,$1.54B,63.87%,$2.41B,0,0.00%,$2.41B,0,0.00%,$2.41B,$1.54B,63.87%,$2.41B,$1.46B,60.39%,$1.46B,$17.09B,8.94%,$1.46B,$17.03B,8.98%,$1.46B,$141.58B,1.17%,$1.54B,$19.34B,8.50%,$484,$182,$302,$0,$63,$245,$239,$0,$239,$14,$225,$225,$215,$0,$0,$975,997,$0.22,$0.22,$3877,$0,$0,$7741,$0,$133732,$65,$39,$133836,$141577,$102717,$2249,$2926,$5175,$124486,$10,$-3046,$4070,$17091,$141577,$1035,$1061,$-599,$462,$427,$-1065,$118,$6308,$5789,$7287,$0,$0,$0,$0,$-15425,$-15425,$-13,$-15438,$370,$9951,$10321,$8,$744,$-1643,$0,$9422,$1271,$4,$-1643
25,2012-06-30,8.51,$16.71,0.51,$1.25,6.79,$15.76,0.54,$0.25,34.05,$5.97B,$98.92B,0.06,$2.36B,$15.82B,0.15,$1.21B,$0.66B,54.35%,$1.21B,$0.40B,32.73%,$1.21B,0,0.00%,$1.21B,0,0.00%,$1.21B,$0.40B,32.73%,$1.21B,$0.32B,26.10%,$0.32B,$16.29B,1.97%,$0.32B,$16.22B,1.98%,$0.32B,$128.31B,0.27%,$0.40B,$18.64B,2.22%,$151,$166,$-15,$0,$65,$231,$-80,$0,$-80,$12,$-91,$-91,$-98,$0,$0,$975,975,$-0.10,$-0.10,$2950,$0,$0,$5966,$0,$122228,$65,$46,$122339,$128305,$98915,$2359,$2822,$5181,$112020,$10,$-2774,$3413,$16285,$128305,$811,$601,$-1094,$-492,$296,$-743,$123,$3694,$3370,$3689,$0,$0,$0,$0,$-12105,$-12105,$-13,$-12118,$728,$8433,$9161,$6,$297,$-1098,$0,$8360,$-70,$3,$-1098
26,2012-03-31,7.77,$16.36,0.47,$1.47,5.3,$14.85,0.52,$0.49,15.86,$5.41B,$94.49B,0.06,$1.40B,$15.76B,0.09,$1.36B,$0.86B,63.38%,$1.36B,$0.61B,44.78%,$1.36B,0,0.00%,$1.36B,0,0.00%,$1.36B,$0.61B,44.78%,$1.36B,$0.53B,38.97%,$0.53B,$15.94B,3.44%,$0.53B,$15.88B,3.45%,$0.53B,$120.28B,0.48%,$0.61B,$17.34B,3.61%,$1120,$133,$986,$0,$68,$201,$918,$0,$918,$16,$902,$902,$898,$0,$0,$972,1011,$0.92,$0.89,$3473,$0,$0,$5414,$0,$114772,$66,$30,$114868,$120282,$94486,$1401,$2211,$3612,$104341,$10,$-2141,$2766,$15941,$120282,$902,$290,$-2133,$-1843,$61,$1722,$41,$4111,$5936,$4994,$0,$0,$0,$0,$-7799,$-7799,$-13,$-7813,$0,$3312,$3312,$2,$2,$-557,$0,$2757,$-61,$2,$-557
27,2011-12-31,7.57,$16.28,0.47,$1.47,5.15,$16.18,0.47,$0.49,15.45,$3.18B,$85.07B,0.04,$1.35B,$15.58B,0.09,$1.12B,$0.64B,57.14%,$1.12B,$0.40B,35.98%,$1.12B,0,0.00%,$1.12B,0,0.00%,$1.12B,$0.40B,36.07%,$1.12B,$0.33B,29.29%,$0.33B,$15.79B,2.24%,$0.33B,$15.74B,2.25%,$0.33B,$109.63B,0.31%,$0.40B,$17.14B,2.49%,$656,$130,$526,$0,$63,$193,$463,$0,$463,$17,$446,$446,$441,$0,$0,$874,875,$0.29,$0.32,$1855,$0,$0,$3176,$0,$106376,$53,$24,$106454,$109630,$85071,$1345,$2553,$3898,$93837,$10,$-2504,$3009,$15793,$109630,$344,$808,$1837,$2645,$523,$678,$22,$-1791,$-569,$2420,$0,$0,$0,$0,$-25130,$-25130,$10,$-25120,$0,$19636,$19636,$5816,$5816,$-2041,$0,$23411,$712,$5,$-2041
28,2011-09-30,7.62,$16.44,0.46,$2.65,2.88,$30.78,0.25,$1.89,4.03,$5.50B,$86.70B,0.06,$2.01B,$15.73B,0.13,$1.67B,$1.39B,83.04%,$1.67B,$1.17B,69.86%,$1.67B,0,0.00%,$1.67B,0,0.00%,$1.67B,$1.17B,70.04%,$1.67B,$1.10B,65.97%,$1.10B,$15.94B,8.36%,$1.10B,$15.89B,8.40%,$1.10B,$113.63B,1.11%,$1.17B,$17.96B,7.88%,$-720,$121,$-841,$0,$65,$187,$-906,$0,$-906,$15,$-922,$-922,$-926,$0,$0,$949,949,$-0.98,$-0.98,$3834,$0,$0,$5495,$0,$108056,$54,$28,$108137,$113632,$86699,$2014,$2541,$4554,$97688,$10,$-2393,$3073,$15944,$113632,$-101,$508,$2346,$2854,$626,$321,$79,$268,$1295,$4048,$0,$0,$0,$0,$-25075,$-25075,$8,$-25067,$0,$19850,$19850,$5815,$5815,$-1456,$0,$24210,$3191,$4,$-1456
29,2011-06-30,7.98,$16.81,0.47,$3.66,2.18,$37.49,0.21,$2.84,2.81,$2.15B,$79.14B,0.03,$1.05B,$13.75B,0.08,$2.54B,$2.27B,89.15%,$2.54B,$2.07B,81.32%,$2.54B,0,0.00%,$2.54B,0,0.00%,$2.54B,$2.07B,81.48%,$2.54B,$2.01B,78.96%,$2.01B,$13.97B,17.32%,$2.01B,$13.92B,17.41%,$2.01B,$100.56B,2.20%,$2.07B,$15.02B,15.78%,$304,$113,$191,$0,$57,$171,$134,$0,$134,$13,$121,$121,$117,$0,$0,$823,828,$0.14,$0.14,$996,$0,$0,$2149,$0,$98331,$54,$23,$98408,$100557,$79141,$1047,$1035,$2083,$86588,$8,$-885,$2050,$13969,$100557,$821,$304,$662,$965,$189,$-92,$77,$420,$594,$2380,$0,$0,$0,$0,$-16948,$-16948,$8,$-16940,$0,$12188,$12188,$3403,$3403,$-911,$0,$14679,$119,$2,$-911
30,2011-03-31,7.45,$15.98,0.47,$3.18,2.35,$45.67,0.16,$2.30,3.24,$2.85B,$80.18B,0.04,$1.75B,$12.68B,0.14,$2.18B,$1.91B,87.68%,$2.18B,$1.72B,79.26%,$2.18B,0,0.00%,$2.18B,0,0.00%,$2.18B,$1.73B,79.45%,$2.18B,$1.67B,76.69%,$1.67B,$12.85B,15.85%,$1.67B,$12.80B,15.93%,$1.67B,$98.43B,1.98%,$1.72B,$14.60B,14.37%,$880,$115,$764,$0,$52,$167,$712,$1,$713,$14,$700,$700,$696,$0,$0,$752,791,$0.92,$0.89,$1705,$0,$0,$2851,$0,$95436,$51,$90,$95576,$98428,$80176,$1749,$577,$2326,$85575,$8,$-461,$1010,$12853,$98428,$700,$176,$-557,$-381,$93,$-75,$68,$4552,$4637,$4956,$0,$0,$0,$0,$-17115,$-17115,$15,$-17100,$0,$9682,$9682,$2945,$2945,$-408,$0,$12218,$74,$1,$-408
31,2010-12-31,7.39,$15.68,0.47,$3.11,2.37,$42.57,0.17,$1.90,3.89,$2.91B,$65.66B,0.04,$1.73B,$9.69B,0.18,$1.90B,$1.47B,77.47%,$1.90B,$1.30B,68.42%,$1.90B,0,0.00%,$1.90B,0,0.00%,$1.90B,$1.30B,68.58%,$1.90B,$1.25B,65.68%,$1.25B,$9.91B,12.84%,$1.25B,$9.81B,12.90%,$1.25B,$83.03B,1.60%,$1.30B,$11.63B,11.90%,$1205,$-67,$1272,$0,$46,$-20,$1226,$1,$1228,$8,$1219,$1219,$1214,$0,$0,$588,625,$2.05,$1.98,$1289,$0,$0,$2913,$0,$80035,$51,$28,$80113,$83027,$65658,$1727,$757,$2484,$73162,$6,$-658,$1165,$9905,$83027,$1267,$669,$-371,$298,$162,$-190,$25,$9301,$9298,$10863,$0,$0,$0,$259,$-14091,$-13832,$-14,$-13846,$582,$1447,$2029,$1331,$1331,$-1599,$0,$1761,$-1222,$5,$-1599
32,2010-09-30,7.01,$15.54,0.45,$1.81,3.87,$44.76,0.16,$1.36,5.15,$3.46B,$61.21B,0.06,$1.54B,$9.41B,0.16,$1.04B,$0.98B,94.03%,$1.04B,$0.81B,78.34%,$1.04B,0,0.00%,$1.04B,0,0.00%,$1.04B,$0.82B,78.44%,$1.04B,$0.76B,73.05%,$0.76B,$9.64B,7.87%,$0.76B,$9.61B,7.90%,$0.76B,$82.59B,1.02%,$0.81B,$11.19B,7.81%,$154,$114,$40,$0,$43,$157,$-4,$1,$-3,$11,$-14,$-14,$-19,$0,$0,$612,612,$-0.03,$-0.03,$1047,$0,$0,$3457,$0,$79064,$38,$27,$79128,$82585,$61206,$1543,$1605,$3148,$72941,$6,$-1468,$1878,$9643,$82585,$49,$461,$748,$1208,$198,$-61,$66,$5258,$5461,$6718,$0,$0,$0,$259,$-9731,$-9472,$0,$-9472,$582,$963,$1545,$1167,$1167,$-1173,$0,$1540,$-1215,$4,$-1173
33,2010-06-30,6.57,$17.32,0.38,$2.71,2.43,$49.27,0.13,$1.90,3.46,$3.37B,$56.52B,0.06,$0.87B,$9.46B,0.09,$1.52B,$1.27B,83.23%,$1.52B,$1.11B,73.18%,$1.52B,0,0.00%,$1.52B,0,0.00%,$1.52B,$1.11B,73.18%,$1.52B,$1.06B,69.63%,$1.06B,$9.70B,11.05%,$1.06B,$9.66B,11.10%,$1.06B,$73.51B,1.48%,$1.11B,$10.56B,11.16%,$-64,$105,$-169,$0,$42,$146,$-210,$1,$-210,$9,$-219,$-219,$-223,$0,$0,$560,560,$-0.40,$-0.40,$637,$0,$0,$3367,$0,$70061,$38,$43,$70141,$73508,$56520,$868,$1175,$2043,$63812,$6,$-1028,$2540,$9696,$73508,$63,$303,$811,$1114,$211,$-60,$34,$4827,$5012,$6189,$0,$0,$0,$259,$-4273,$-4014,$0,$-4014,$582,$-3264,$-2682,$118,$118,$-788,$0,$-3352,$-1177,$2,$-788
34,2010-03-31,6.34,$17.23,0.37,$4.56,1.39,$45.61,0.14,$3.38,1.87,$4.71B,$53.94B,0.09,$0.66B,$9.40B,0.07,$2.54B,$2.07B,81.40%,$2.54B,$1.93B,75.82%,$2.54B,0,0.00%,$2.54B,0,0.00%,$2.54B,$1.93B,75.82%,$2.54B,$1.87B,73.69%,$1.87B,$9.64B,20.06%,$1.87B,$9.61B,20.15%,$1.87B,$72.72B,2.67%,$1.93B,$10.31B,20.27%,$605,$277,$329,$0,$40,$317,$288,$0,$288,$7,$281,$281,$276,$0,$0,$555,576,$0.50,$0.49,$1438,$0,$0,$4713,$0,$67902,$38,$66,$68006,$72719,$53943,$660,$609,$1269,$63075,$6,$-424,$1888,$9644,$72719,$281,$165,$33,$198,$33,$0,$59,$1249,$1342,$1821,$0,$0,$0,$259,$-831,$-572,$0,$-572,$582,$-2127,$-1545,$117,$117,$-419,$0,$-1848,$-599,$1,$-419
35,2009-12-31,6.17,$17.39,0.35,$4.91,1.26,$44.56,0.14,$3.52,1.75,$3.51B,$54.70B,0.06,$0.03B,$9.38B,0.0,$2.70B,$2.13B,78.73%,$2.70B,$2.00B,73.84%,$2.70B,0,0.00%,$2.70B,0,0.00%,$2.70B,$2.00B,73.84%,$2.70B,$1.94B,71.88%,$1.94B,$9.62B,21.62%,$1.94B,$9.58B,21.72%,$1.94B,$69.38B,2.89%,$2.00B,$9.65B,22.20%,$344,$-433,$777,$0,$37,$-396,$740,$0,$740,$10,$729,$729,$725,$0,$0,$547,553,$1.31,$1.30,$2258,$0,$0,$3509,$0,$65815,$38,$14,$65867,$69376,$54698,$29,$533,$562,$59759,$6,$-337,$1891,$9618,$69376,$1961,$256,$-939,$-683,$-7,$0,$-109,$9654,$9539,$10818,$0,$0,$0,$303,$-7641,$-7338,$0,$-7338,$0,$-1762,$-1762,$147,$147,$-1269,$0,$-2884,$595,$5,$-1269
36,2009-09-30,6.19,$16.95,0.36,$4.24,1.46,$27.19,0.23,$1.27,4.87,$3.04B,$55.98B,0.05,$0.00B,$9.13B,0.0,$2.34B,$0.88B,37.59%,$2.34B,$0.76B,32.32%,$2.34B,0,0.00%,$2.34B,0,0.00%,$2.34B,$0.76B,32.32%,$2.34B,$0.71B,30.22%,$0.71B,$9.37B,8.40%,$0.71B,$9.33B,8.44%,$0.71B,$70.16B,1.10%,$0.76B,$9.37B,8.99%,$636,$308,$329,$0,$34,$342,$295,$0,$295,$10,$285,$285,$281,$0,$0,$548,553,$0.51,$0.51,$2050,$0,$0,$3038,$0,$67078,$39,$9,$67125,$70163,$55979,$0,$788,$788,$60792,$6,$-647,$1960,$9370,$70163,$1232,$176,$-315,$-139,$-48,$0,$-102,$7600,$7480,$8573,$0,$0,$0,$409,$-8985,$-8576,$0,$-8576,$0,$1558,$1558,$142,$142,$-883,$0,$817,$814,$3,$-883
37,2009-06-30,4.98,$16.04,0.31,$4.54,1.1,$13.21,0.38,$1.30,3.83,$2.89B,$51.47B,0.06,$0.00B,$8.49B,0.0,$2.49B,$0.88B,35.45%,$2.49B,$0.77B,30.87%,$2.49B,0,0.00%,$2.49B,0,0.00%,$2.49B,$0.77B,30.87%,$2.49B,$0.72B,28.95%,$0.72B,$8.73B,9.20%,$0.72B,$8.69B,9.25%,$0.72B,$68.27B,1.17%,$0.77B,$8.73B,9.82%,$958,$323,$635,$0,$30,$353,$605,$0,$605,$8,$597,$597,$592,$0,$0,$544,550,$1.09,$1.08,$1524,$0,$0,$2894,$0,$65329,$39,$5,$65374,$68267,$51470,$0,$723,$723,$59536,$5,$-546,$1362,$8731,$68267,$947,$101,$-319,$-218,$-22,$0,$-66,$3427,$3339,$4068,$0,$0,$0,$439,$-4734,$-4295,$0,$-4295,$0,$1222,$1222,$1,$1,$-552,$0,$670,$443,$2,$-552
38,2009-03-31,4.38,$15.11,0.29,$4.33,1.01,$6.72,0.65,$0.81,5.41,$1.84B,$49.09B,0.04,$0.00B,$7.98B,0.0,$2.32B,$0.59B,25.51%,$2.32B,$0.48B,20.72%,$2.32B,0,0.00%,$2.32B,0,0.00%,$2.32B,$0.48B,20.72%,$2.32B,$0.43B,18.66%,$0.43B,$8.22B,5.78%,$0.43B,$8.18B,5.81%,$0.43B,$60.72B,0.72%,$0.48B,$8.22B,6.42%,$765,$379,$387,$0,$30,$409,$356,$0,$356,$6,$350,$350,$345,$0,$0,$543,549,$0.64,$0.63,$1488,$0,$0,$1835,$0,$58837,$39,$6,$58882,$60717,$49088,$0,$1013,$1013,$52494,$5,$-812,$1122,$8223,$60717,$350,$42,$-40,$2,$-9,$0,$-72,$886,$805,$1158,$0,$0,$0,$110,$-2257,$-2147,$0,$-2147,$0,$1390,$1390,$1,$1,$-275,$0,$1116,$126,$1,$-275
39,2008-12-31,4.84,$13.44,0.36,$4.72,1.03,$4.96,0.98,$0.71,6.82,$2.38B,$46.88B,0.05,$0.00B,$7.01B,0.0,$2.37B,$0.48B,20.16%,$2.37B,$0.37B,15.77%,$2.37B,0,0.00%,$2.37B,0,0.00%,$2.37B,$0.37B,15.77%,$2.37B,$0.33B,13.78%,$0.33B,$7.28B,4.64%,$0.33B,$7.24B,4.67%,$0.33B,$57.60B,0.55%,$0.37B,$7.28B,5.31%,$-23,$451,$-473,$0,$27,$478,$-501,$0,$-501,$6,$-507,$-507,$-512,$0,$0,$507,507,$-1.05,$-1.02,$1471,$0,$0,$2376,$0,$55175,$40,$6,$55222,$57598,$46883,$0,$1102,$1102,$50318,$5,$-885,$252,$7279,$57598,$346,$107,$792,$899,$-8,$-17,$-86,$-23,$-135,$1110,$0,$0,$0,$-562,$-1710,$-2272,$0,$-2272,$0,$628,$628,$2316,$2316,$-975,$-2,$1968,$805,$3,$-975
40,2008-09-30,3.98,$13.23,0.3,$7.17,0.55,$4.49,0.89,$2.03,1.96,$2.62B,$51.27B,0.05,$0.00B,$6.86B,0.0,$3.13B,$1.13B,36.06%,$3.13B,$1.03B,32.96%,$3.13B,0,0.00%,$3.13B,0,0.00%,$3.13B,$1.03B,32.96%,$3.13B,$0.99B,31.55%,$0.99B,$7.14B,15.10%,$0.99B,$7.12B,15.17%,$0.99B,$59.97B,1.68%,$1.03B,$7.14B,15.78%,$794,$458,$335,$0,$26,$484,$310,$0,$310,$8,$302,$302,$297,$0,$0,$539,548,$0.55,$0.54,$1706,$0,$0,$2624,$0,$57310,$30,$3,$57342,$59966,$51271,$0,$415,$415,$52821,$5,$-102,$-661,$7144,$59966,$853,$76,$25,$101,$-30,$-17,$-89,$23,$-123,$832,$0,$0,$0,$-620,$-5902,$-6522,$0,$-6522,$0,$5029,$5029,$2316,$2316,$-674,$-2,$6670,$980,$2,$-674
41,2008-06-30,4.42,$13.56,0.33,$7.72,0.57,$3.80,1.16,$1.81,2.44,$2.58B,$52.03B,0.05,$0.00B,$7.02B,0.0,$2.98B,$0.92B,30.92%,$2.98B,$0.83B,27.90%,$2.98B,0,0.00%,$2.98B,0,0.00%,$2.98B,$0.83B,27.90%,$2.98B,$0.79B,26.59%,$0.79B,$7.30B,13.76%,$0.79B,$7.27B,13.84%,$0.79B,$61.48B,1.43%,$0.83B,$7.30B,14.44%,$785,$442,$343,$0,$28,$470,$316,$0,$316,$8,$308,$308,$303,$0,$0,$504,513,$0.60,$0.59,$1536,$0,$0,$2576,$0,$58874,$31,$3,$58908,$61484,$52031,$0,$450,$450,$54182,$5,$-103,$-479,$7302,$61484,$551,$61,$-11,$50,$-32,$-15,$-103,$15,$-136,$465,$0,$0,$0,$-50,$-6768,$-6818,$0,$-6818,$0,$5793,$5793,$2292,$2292,$-372,$-2,$7712,$1359,$1,$-372
42,2008-03-31,4.22,$13.57,0.31,$8.27,0.51,$3.41,1.24,$1.51,2.8,$3.38B,$51.52B,0.07,$0.00B,$6.07B,0.0,$2.76B,$0.68B,24.55%,$2.76B,$0.60B,21.80%,$2.76B,0,0.00%,$2.76B,0,0.00%,$2.76B,$0.60B,21.80%,$2.76B,$0.57B,20.60%,$0.57B,$6.36B,12.08%,$0.57B,$6.32B,12.17%,$0.57B,$59.75B,1.15%,$0.60B,$6.36B,12.78%,$810,$538,$272,$0,$25,$562,$248,$0,$248,$5,$243,$243,$238,$0,$0,$444,453,$0.54,$0.53,$2351,$0,$0,$3382,$0,$56334,$32,$4,$56370,$59752,$51517,$0,$827,$827,$53397,$5,$-109,$-336,$6355,$59752,$243,$33,$-9,$24,$-15,$-0,$-85,$9,$-108,$159,$0,$0,$0,$-800,$-4257,$-5057,$0,$-5057,$0,$5277,$5277,$1209,$1209,$-142,$-2,$6343,$1445,$0,$-142
43,2007-12-31,4.87,$13.23,0.37,$8.53,0.57,$3.22,1.51,$1.26,3.86,$0.65B,$46.34B,0.01,$0.00B,$5.03B,0.0,$2.42B,$0.49B,20.28%,$2.42B,$0.42B,17.55%,$2.42B,0,0.00%,$2.42B,0,0.00%,$2.42B,$0.42B,17.55%,$2.42B,$0.39B,16.27%,$0.39B,$5.32B,9.89%,$0.39B,$5.28B,9.97%,$0.39B,$53.90B,0.88%,$0.42B,$5.32B,10.67%,$736,$558,$177,$0,$21,$579,$156,$0,$156,$3,$153,$153,$148,$0,$0,$297,306,$0.40,$0.41,$116,$0,$0,$645,$0,$53221,$33,$5,$53258,$53904,$46341,$0,$431,$433,$48587,$4,$-122,$-152,$5316,$53904,$415,$56,$-19,$36,$-123,$-13,$174,$19,$74,$525,$0,$0,$0,$0,$-21464,$-21464,$0,$-21464,$0,$18533,$18533,$2684,$2684,$-264,$-2,$20951,$12,$1,$-264
44,2007-09-30,4.18,$12.23,0.34,$8.62,0.49,$2.83,1.48,$1.12,3.74,$0.59B,$40.31B,0.02,$0.00B,$3.76B,0.0,$2.10B,$0.38B,18.17%,$2.10B,$0.32B,15.40%,$2.10B,0,0.00%,$2.10B,0,0.00%,$2.10B,$0.32B,15.40%,$2.10B,$0.29B,13.97%,$0.29B,$4.04B,8.85%,$0.29B,$4.01B,8.95%,$0.29B,$45.78B,0.75%,$0.32B,$4.04B,9.76%,$648,$519,$129,$0,$18,$538,$111,$0,$111,$2,$108,$108,$103,$0,$0,$316,325,$0.33,$0.32,$101,$0,$0,$589,$0,$45157,$33,$3,$45194,$45783,$40314,$0,$169,$170,$41739,$3,$-133,$-386,$4043,$45783,$261,$50,$-24,$26,$-88,$-23,$64,$21,$-19,$269,$0,$0,$0,$0,$-14378,$-14378,$2,$-14376,$0,$12626,$12626,$1656,$1656,$-172,$-4,$14105,$-2,$1,$-172
45,2007-06-30,3.73,$11.59,0.32,$8.48,0.44,$2.69,1.39,$1.00,3.73,$0.45B,$35.21B,0.01,$0.00B,$2.83B,0.0,$1.80B,$0.31B,17.20%,$1.80B,$0.26B,14.26%,$1.80B,0,0.00%,$1.80B,0,0.00%,$1.80B,$0.26B,14.26%,$1.80B,$0.23B,12.60%,$0.23B,$3.12B,7.70%,$0.23B,$3.09B,7.79%,$0.23B,$39.19B,0.66%,$0.26B,$3.12B,8.72%,$568,$469,$100,$0,$13,$482,$87,$0,$87,$1,$86,$86,$80,$0,$0,$265,274,$0.30,$0.30,$104,$0,$0,$454,$0,$38696,$33,$3,$38733,$39187,$35213,$0,$39,$44,$36066,$3,$-150,$-468,$3122,$39187,$153,$32,$-12,$20,$-50,$-17,$20,$19,$-32,$141,$0,$0,$0,$0,$-8452,$-8452,$0,$-8452,$0,$7580,$7580,$833,$833,$-102,$0,$8311,$-0,$1,$-102
46,2007-03-31,3.93,$13.00,0.3,$8.07,0.49,$2.57,1.53,$0.91,4.32,$0.34B,$33.44B,0.01,$0.00B,$3.13B,0.0,$1.50B,$0.23B,15.49%,$1.50B,$0.18B,12.15%,$1.50B,0,0.00%,$1.50B,0,0.00%,$1.50B,$0.18B,12.02%,$1.50B,$0.15B,10.01%,$0.15B,$3.42B,5.71%,$0.15B,$3.38B,5.78%,$0.15B,$39.59B,0.49%,$0.18B,$3.42B,6.93%,$464,$380,$84,$0,$14,$394,$70,$0,$70,$3,$68,$67,$62,$0,$0,$217,226,$0.29,$0.28,$104,$0,$0,$342,$0,$39206,$34,$3,$39243,$39585,$33435,$0,$83,$88,$36166,$3,$-166,$-60,$3418,$39585,$67,$16,$-7,$9,$-33,$-8,$-5,$17,$-39,$37,$0,$0,$0,$0,$-6560,$-6560,$0,$-6560,$0,$5834,$5834,$738,$738,$-44,$0,$6528,$5,$0,$-44
47,2006-12-31,3.49,$12.93,0.27,$7.37,0.47,$2.72,1.28,$0.51,6.84,$0.31B,$27.62B,0.01,$0.00B,$2.37B,0.0,$1.20B,$0.15B,12.40%,$1.20B,$0.10B,8.65%,$1.20B,0,0.00%,$1.20B,0,0.00%,$1.20B,$0.10B,8.40%,$1.20B,$0.07B,6.07%,$0.07B,$2.66B,3.42%,$0.07B,$2.62B,3.48%,$0.07B,$30.72B,0.29%,$0.10B,$2.66B,4.88%,$417,$349,$68,$0,$13,$362,$55,$0,$55,$1,$54,$53,$48,$0,$0,$168,168,$0.33,$0.34,$110,$0,$0,$309,$0,$30371,$34,$2,$30407,$30716,$27617,$0,$62,$67,$28061,$2,$-175,$-76,$2655,$30716,$94,$66,$49,$116,$-76,$-33,$56,$55,$12,$222,$0,$0,$0,$0,$-15039,$-15039,$0,$-15039,$0,$13938,$13938,$935,$1047,$-96,$16,$14905,$87,$1,$-96
