,Date,Stock Price,Book Value per Share,Price to Book Ratio,TTM Sales per Share,Price to Sales Ratio,TTM FCF per Share,Price to FCF Ratio,TTM Net EPS,PE Ratio,Current Assets,Current Liabilities,Current Ratio,Long Term Debt,Shareholder's Equity_x,Debt to Equity Ratio,TTM Revenue_x,TTM Gross Profit,Gross Margin,TTM Revenue_y,TTM Operating Income,Operating Margin,TTM Revenue_x,TTM EBIT,EBIT Margin,TTM Revenue_y,TTM EBITDA,EBITDA Margin,TTM Revenue_x,TTM Pre-Tax Income,Pre-Tax Margin,TTM Revenue_y,TTM Net Income_x,Net Margin,TTM Net Income_y,Shareholder's Equity_y,Return on Equity,TTM Net Income_x,Tangible Equity,Return on Tangible Equity,TTM Net Income_y,Total Assets,Return on Assets,TTM Net Income,LT Investments & Debt,Return on Investment,revenue,cost-goods-sold,gross-profit,research-development-expenses,selling-general-administrative-expenses,operating-expenses,operating-income,total-non-operating-income-expense,pre-tax-income,total-provision-income-taxes,income-after-taxes,income-from-continuous-operations,net-income,ebitda,ebit,basic-shares-outstanding,shares-outstanding,eps-basic-net-earnings-per-share,eps-earnings-per-share-diluted,cash-on-hand,inventory,other-current-assets,total-current-assets,net-property-plant-equipment,long-term-investments,goodwill-intangible-assets-total,other-long-term-assets,total-long-term-assets,total-assets,total-current-liabilities,long-term-debt,other-non-current-liabilities,total-long-term-liabilities,total-liabilities,common-stock-net,retained-earnings-accumulated-deficit,comprehensive-income,total-share-holder-equity,total-liabilities-share-holders-equity,net-income-loss,total-depreciation-amortization-cash-flow,other-non-cash-items,total-non-cash-items,change-in-accounts-receivable,change-in-inventories,change-in-accounts-payable,change-in-assets-liabilities,total-change-in-assets-liabilities,cash-flow-from-operating-activities,net-change-in-property-plant-equipment,net-change-in-intangible-assets,net-acquisitions-divestitures,net-change-in-short-term-investments,net-change-in-long-term-investments,net-change-in-investments-total,investing-activities-other,cash-flow-from-investing-activities,net-long-term-debt,net-current-debt,debt-issuance-retirement-net-total,net-common-equity-issued-repurchased,net-total-equity-issued-repurchased,total-common-preferred-stock-dividends-paid,financial-activities-other,cash-flow-from-financial-activities,net-cash-flow,stock-based-compensation,common-stock-dividends-paid
0,2018-06-30,0.85,$4.45,0.19,$4.41,0.19,$1.09,0.78,$-1.30,0.0,$0.25B,$0.25B,1.02,$1.72B,$0.55B,3.11,$0.53B,$0.21B,39.43%,$0.53B,$0.05B,8.76%,$0.53B,$0.05B,8.76%,$0.53B,$0.05B,8.76%,$0.53B,$-0.15B,-28.19%,$0.53B,$-0.16B,-29.52%,$-0.16B,$0.55B,-25.40%,$-0.16B,$0.28B,-46.51%,$-0.16B,$2.57B,-5.92%,$0.05B,$2.28B,1.99%,$139,$78,$61,$0,$15,$118,$21,$-45,$-24,$-1,$-24,$-24,$-28,$21,$21,$119,119,$-0.23,$-0.23,$121,$29,$0,$252,$1797,$174,$274,$44,$2321,$2573,$247,$1723,$41,$1771,$2019,$0,$-232,$0,$554,$2573,$-65,$0,$88,$88,$0,$0,$0,$12,$12,$30,$-7,$0,$0,$0,$-6,$-6,$-9,$-23,$-19,$0,$-19,$0,$0,$0,$-0,$-20,$-13,$0,$0
1,2018-03-31,0.9,$4.63,0.19,$4.31,0.21,$1.32,0.68,$-1.41,0.0,$0.25B,$0.24B,1.02,$1.73B,$0.58B,3.0,$0.51B,$0.18B,36.08%,$0.51B,$0.03B,5.10%,$0.51B,$0.03B,5.10%,$0.51B,$0.03B,5.10%,$0.51B,$-0.16B,-31.37%,$0.51B,$-0.17B,-32.55%,$-0.17B,$0.58B,-25.47%,$-0.17B,$0.30B,-44.59%,$-0.17B,$2.60B,-6.27%,$0.03B,$2.31B,1.12%,$124,$76,$48,$0,$14,$116,$8,$-50,$-42,$-0,$-41,$-41,$-43,$8,$8,$123,123,$-0.35,$-0.35,$122,$30,$0,$247,$1823,$181,$275,$44,$2354,$2601,$241,$1733,$43,$1782,$2024,$0,$-207,$0,$577,$2601,$-41,$0,$46,$46,$0,$0,$0,$18,$18,$18,$-4,$0,$0,$0,$-6,$-6,$-7,$-18,$-12,$0,$-12,$0,$0,$0,$-0,$-13,$-12,$0,$0
2,2017-12-31,1.2,$5.13,0.23,$4.18,0.29,$1.42,0.85,$-1.51,0.0,$0.26B,$0.24B,1.08,$1.73B,$0.62B,2.8,$0.49B,$0.16B,32.03%,$0.49B,$0.00B,0.21%,$0.49B,$0.00B,0.21%,$0.49B,$0.00B,0.21%,$0.49B,$-0.17B,-34.50%,$0.49B,$-0.17B,-35.73%,$-0.17B,$0.62B,-24.99%,$-0.17B,$0.34B,-42.03%,$-0.17B,$2.63B,-6.48%,$0.00B,$2.34B,0.04%,$135,$78,$57,$0,$15,$120,$15,$-70,$-54,$-3,$-52,$-52,$-54,$15,$15,$117,117,$-0.45,$-0.49,$134,$30,$0,$256,$1846,$183,$277,$38,$2374,$2630,$236,$1725,$43,$1777,$2013,$0,$-166,$0,$617,$2630,$-165,$125,$55,$181,$29,$-2,$8,$-3,$35,$51,$2,$0,$0,$0,$-8,$-8,$-36,$-42,$22,$-12,$10,$0,$-1,$0,$-26,$-17,$-8,$4,$0
3,2017-09-30,1.67,$5.80,0.29,$4.00,0.42,$0.71,2.35,$-0.81,0.0,$0.23B,$0.23B,1.02,$1.61B,$0.69B,2.32,$0.46B,$0.12B,27.13%,$0.46B,$-0.03B,-6.13%,$0.46B,$-0.03B,-6.13%,$0.46B,$-0.03B,-6.13%,$0.46B,$-0.36B,-78.56%,$0.46B,$-0.32B,-70.02%,$-0.32B,$0.69B,-43.07%,$-0.32B,$0.41B,-69.87%,$-0.32B,$2.66B,-11.79%,$-0.03B,$2.30B,-1.18%,$127,$86,$41,$0,$13,$125,$2,$-30,$-28,$-0,$-28,$-28,$-30,$2,$2,$118,118,$-0.26,$-0.26,$119,$26,$0,$233,$1893,$186,$282,$38,$2428,$2661,$228,$1610,$119,$1739,$1967,$0,$-114,$0,$693,$2661,$-113,$0,$114,$114,$0,$0,$0,$46,$46,$36,$4,$0,$0,$0,$-8,$-8,$-29,$-33,$-14,$-12,$-26,$0,$0,$0,$1,$-25,$-22,$0,$0
4,2017-06-30,1.37,$6.02,0.23,$4.03,0.34,$0.16,8.5,$-0.85,0.0,$0.24B,$0.24B,1.01,$1.62B,$0.72B,2.25,$0.45B,$0.13B,28.06%,$0.45B,$-0.04B,-8.91%,$0.45B,$-0.04B,-8.91%,$0.45B,$-0.04B,-8.91%,$0.45B,$-0.36B,-79.29%,$0.45B,$-0.32B,-71.49%,$-0.32B,$0.72B,-38.50%,$-0.32B,$0.44B,-58.66%,$-0.32B,$2.70B,-11.47%,$-0.04B,$2.34B,-1.62%,$124,$86,$38,$0,$11,$123,$1,$-36,$-36,$-0,$-36,$-36,$-39,$1,$1,$116,116,$-0.34,$-0.34,$135,$24,$0,$240,$1917,$189,$284,$38,$2457,$2696,$236,$1616,$114,$1740,$1977,$0,$-86,$0,$720,$2696,$-85,$0,$82,$82,$0,$0,$0,$56,$56,$46,$2,$0,$0,$0,$-8,$-8,$-30,$-36,$-8,$-12,$-21,$0,$0,$0,$4,$-17,$-7,$0,$0
5,2017-03-31,1.87,$6.44,0.29,$4.01,0.47,$-0.47,0.0,$-0.80,0.0,$0.25B,$0.24B,1.07,$1.63B,$0.76B,2.16,$0.44B,$0.13B,29.36%,$0.44B,$-0.04B,-9.17%,$0.44B,$-0.04B,-9.17%,$0.44B,$-0.04B,-9.17%,$0.44B,$-0.34B,-78.90%,$0.44B,$-0.31B,-71.56%,$-0.31B,$0.76B,-33.76%,$-0.31B,$0.47B,-49.33%,$-0.31B,$2.75B,-10.85%,$-0.04B,$2.39B,-1.57%,$101,$81,$20,$0,$12,$118,$-17,$-33,$-50,$-0,$-50,$-50,$-51,$-17,$-17,$115,115,$-0.45,$-0.45,$138,$29,$0,$254,$1944,$192,$285,$42,$2492,$2746,$237,$1632,$111,$1754,$1991,$0,$-49,$0,$755,$2746,$-50,$0,$39,$39,$0,$0,$0,$43,$43,$26,$-2,$0,$0,$0,$-3,$-3,$-19,$-23,$-9,$-1,$-10,$0,$0,$0,$4,$-6,$-3,$0,$0
6,2016-12-31,1.41,$6.85,0.21,$4.15,0.34,$-1.00,0.0,$-0.46,0.0,$0.27B,$0.25B,1.09,$1.64B,$0.80B,2.04,$0.44B,$0.14B,31.45%,$0.44B,$-0.02B,-5.43%,$0.44B,$-0.02B,-5.43%,$0.44B,$-0.02B,-5.43%,$0.44B,$-0.30B,-67.42%,$0.44B,$-0.27B,-61.54%,$-0.27B,$0.80B,-26.89%,$-0.27B,$0.52B,-38.08%,$-0.27B,$2.75B,-9.24%,$-0.02B,$2.44B,-0.91%,$105,$80,$25,$0,$12,$119,$-14,$-231,$-245,$-1,$-244,$-244,$-200,$-14,$-14,$107,107,$-1.84,$-1.84,$141,$28,$0,$273,$1958,$160,$287,$3,$2480,$2753,$252,$1636,$50,$1698,$1949,$0,$-0,$0,$804,$2753,$-300,$133,$197,$330,$20,$-4,$0,$-0,$7,$37,$-65,$0,$0,$5,$0,$5,$-91,$-151,$95,$-3,$92,$-1,$-10,$-4,$8,$86,$-27,$3,$-4
7,2016-09-30,1.21,$9.64,0.13,$4.27,0.28,$-0.41,0.0,$-1.31,0.0,$0.30B,$0.25B,1.19,$1.64B,$1.06B,1.55,$0.45B,$0.15B,32.01%,$0.45B,$-0.04B,-8.83%,$0.45B,$-0.04B,-8.83%,$0.45B,$-0.04B,-8.83%,$0.45B,$-0.12B,-25.39%,$0.45B,$-0.14B,-30.24%,$-0.14B,$1.06B,-12.59%,$-0.14B,$0.77B,-17.45%,$-0.14B,$3.00B,-4.58%,$-0.04B,$2.69B,-1.48%,$119,$75,$43,$0,$12,$128,$-10,$-15,$-25,$1,$-26,$-26,$-31,$-10,$-10,$106,106,$-0.30,$-0.30,$163,$29,$0,$296,$1961,$383,$289,$39,$2705,$3002,$249,$1637,$46,$1696,$1945,$0,$201,$0,$1056,$3002,$-56,$0,$89,$89,$0,$0,$0,$17,$17,$42,$-64,$0,$0,$5,$0,$5,$-71,$-129,$78,$-3,$75,$-1,$-1,$-4,$12,$82,$-5,$0,$-4
8,2016-06-30,0.81,$9.88,0.08,$4.42,0.18,$-0.05,0.0,$-1.26,0.0,$0.29B,$0.25B,1.17,$1.62B,$1.08B,1.5,$0.47B,$0.14B,29.85%,$0.47B,$-0.03B,-6.40%,$0.47B,$-0.03B,-6.40%,$0.47B,$-0.03B,-6.40%,$0.47B,$-0.11B,-22.81%,$0.47B,$-0.13B,-28.14%,$-0.13B,$1.08B,-11.82%,$-0.13B,$0.78B,-16.46%,$-0.13B,$3.00B,-4.41%,$-0.03B,$2.70B,-1.10%,$111,$71,$40,$0,$12,$110,$1,$-26,$-24,$-1,$-24,$-24,$-30,$1,$1,$106,106,$-0.29,$-0.29,$143,$27,$0,$287,$1960,$389,$305,$39,$2715,$3002,$245,$1621,$42,$1675,$1920,$0,$228,$0,$1082,$3002,$-29,$0,$51,$51,$0,$0,$0,$21,$21,$40,$-63,$0,$0,$0,$0,$0,$-49,$-112,$45,$-2,$43,$-1,$-1,$-4,$11,$49,$-23,$0,$-4
9,2016-03-31,1.13,$10.08,0.11,$4.55,0.25,$0.14,7.96,$-1.24,0.0,$0.30B,$0.24B,1.25,$1.62B,$1.10B,1.47,$0.48B,$0.13B,26.97%,$0.48B,$-0.04B,-8.51%,$0.48B,$-0.04B,-8.51%,$0.48B,$-0.04B,-8.51%,$0.48B,$-0.11B,-21.99%,$0.48B,$-0.13B,-27.18%,$-0.13B,$1.10B,-11.43%,$-0.13B,$0.80B,-15.94%,$-0.13B,$3.01B,-4.38%,$-0.04B,$2.73B,-1.49%,$107,$76,$31,$0,$12,$108,$-1,$-3,$-4,$1,$-5,$-5,$-11,$-1,$-1,$106,106,$-0.11,$-0.11,$157,$27,$0,$295,$1955,$395,$308,$41,$2720,$3014,$236,$1620,$42,$1674,$1910,$0,$255,$-1,$1104,$3014,$-5,$0,$18,$18,$0,$0,$0,$18,$18,$29,$-63,$0,$0,$0,$0,$0,$-22,$-85,$40,$-0,$40,$-1,$-1,$-4,$12,$47,$-9,$0,$-4
10,2015-12-31,1.75,$10.05,0.17,$4.70,0.37,$0.44,3.95,$-1.42,0.0,$0.30B,$0.23B,1.34,$1.58B,$1.11B,1.43,$0.50B,$0.12B,24.14%,$0.50B,$-0.05B,-10.06%,$0.50B,$-0.05B,-10.06%,$0.50B,$-0.05B,-10.06%,$0.50B,$-0.13B,-25.96%,$0.50B,$-0.15B,-30.38%,$-0.15B,$1.11B,-12.82%,$-0.15B,$0.80B,-17.89%,$-0.15B,$2.96B,-5.04%,$-0.05B,$2.69B,-1.81%,$116,$85,$31,$0,$17,$146,$-30,$-33,$-62,$-2,$-60,$-60,$-65,$-30,$-30,$106,106,$-0.61,$-0.61,$177,$24,$0,$303,$1898,$387,$311,$4,$2656,$2959,$227,$1582,$28,$1621,$1848,$0,$263,$-0,$1111,$2959,$-126,$138,$-26,$112,$34,$8,$32,$5,$82,$43,$-8,$0,$0,$0,$-23,$-23,$-5,$-36,$-36,$-8,$-44,$-0,$-0,$-35,$-11,$-91,$-84,$6,$-35
11,2015-09-30,2.49,$10.82,0.23,$5.08,0.49,$-1.20,0.0,$-0.90,0.0,$0.32B,$0.20B,1.57,$1.59B,$1.17B,1.36,$0.53B,$0.13B,24.91%,$0.53B,$-0.02B,-4.49%,$0.53B,$-0.02B,-4.49%,$0.53B,$-0.02B,-4.49%,$0.53B,$-0.07B,-13.48%,$0.53B,$-0.10B,-17.79%,$-0.10B,$1.17B,-7.81%,$-0.10B,$0.83B,-10.88%,$-0.10B,$3.00B,-3.13%,$-0.02B,$2.76B,-0.85%,$135,$97,$38,$0,$10,$135,$0,$-17,$-17,$1,$-18,$-18,$-26,$0,$0,$106,106,$-0.25,$-0.25,$174,$23,$0,$315,$1911,$381,$336,$43,$2687,$3002,$201,$1590,$28,$1630,$1832,$0,$327,$-1,$1170,$3002,$-66,$0,$70,$70,$0,$0,$0,$38,$38,$22,$-6,$0,$0,$0,$-23,$-23,$1,$-28,$-31,$-8,$-39,$0,$0,$-31,$1,$-69,$-74,$0,$-31
12,2015-06-30,3.64,$11.12,0.33,$5.32,0.68,$-2.28,0.0,$-0.85,0.0,$0.29B,$0.15B,1.93,$1.59B,$1.20B,1.33,$0.56B,$0.14B,25.77%,$0.56B,$-0.01B,-2.52%,$0.56B,$-0.01B,-2.52%,$0.56B,$-0.01B,-2.52%,$0.56B,$-0.07B,-12.79%,$0.56B,$-0.09B,-16.22%,$-0.09B,$1.20B,-7.24%,$-0.09B,$0.86B,-10.00%,$-0.09B,$2.99B,-2.93%,$-0.01B,$2.79B,-0.49%,$124,$94,$30,$0,$13,$134,$-10,$-13,$-23,$-2,$-21,$-21,$-29,$-10,$-10,$105,105,$-0.27,$-0.27,$181,$27,$0,$292,$1922,$378,$341,$42,$2694,$2985,$151,$1594,$30,$1635,$1786,$0,$360,$-1,$1199,$2985,$-48,$0,$43,$43,$0,$0,$0,$23,$23,$2,$-5,$0,$0,$0,$-20,$-20,$7,$-18,$-31,$-1,$-32,$0,$0,$-21,$2,$-51,$-67,$0,$-21
13,2015-03-31,4.03,$11.49,0.35,$5.59,0.72,$-2.85,0.0,$-0.95,0.0,$0.34B,$0.16B,2.08,$1.60B,$1.23B,1.3,$0.58B,$0.17B,28.45%,$0.58B,$0.01B,1.55%,$0.58B,$0.01B,1.55%,$0.58B,$0.01B,1.55%,$0.58B,$-0.09B,-15.86%,$0.58B,$-0.10B,-17.07%,$-0.10B,$1.23B,-7.98%,$-0.10B,$0.89B,-11.04%,$-0.10B,$3.04B,-3.20%,$0.01B,$2.83B,0.32%,$122,$101,$21,$0,$11,$133,$-10,$-16,$-27,$-0,$-26,$-26,$-31,$-10,$-10,$105,105,$-0.29,$-0.29,$201,$25,$0,$336,$1938,$368,$345,$41,$2700,$3036,$162,$1599,$32,$1644,$1806,$0,$395,$-1,$1230,$3036,$-26,$0,$21,$21,$0,$0,$0,$14,$14,$-0,$-1,$0,$0,$0,$-16,$-16,$10,$-7,$-31,$-0,$-31,$0,$0,$-10,$2,$-40,$-48,$0,$-10
14,2014-12-31,3.9,$11.97,0.33,$5.62,0.69,$-2.76,0.0,$-0.65,0.0,$0.42B,$0.20B,2.1,$1.61B,$1.27B,1.27,$0.58B,$0.19B,32.53%,$0.58B,$0.03B,4.28%,$0.58B,$0.03B,4.28%,$0.58B,$0.03B,4.28%,$0.58B,$-0.06B,-10.79%,$0.58B,$-0.07B,-11.47%,$-0.07B,$1.27B,-5.40%,$-0.07B,$0.92B,-7.47%,$-0.07B,$3.13B,-2.17%,$0.03B,$2.88B,0.88%,$153,$108,$44,$0,$21,$156,$-4,$-2,$-5,$-1,$-4,$-4,$-9,$-4,$-4,$103,103,$-0.09,$-0.09,$250,$33,$0,$417,$1957,$351,$350,$7,$2711,$3128,$198,$1611,$40,$1663,$1861,$0,$432,$-1,$1267,$3128,$-62,$121,$3,$124,$-18,$-6,$2,$-3,$6,$56,$-192,$-10,$0,$0,$-2,$-2,$-40,$-245,$127,$-1,$126,$1,$164,$-33,$-9,$248,$60,$8,$-33
15,2014-09-30,5.62,$12.07,0.47,$5.51,1.02,$-1.99,0.0,$-1.25,0.0,$0.46B,$0.19B,2.44,$1.62B,$1.28B,1.27,$0.57B,$0.20B,35.68%,$0.57B,$0.04B,6.15%,$0.57B,$0.04B,6.15%,$0.57B,$0.04B,6.15%,$0.57B,$-0.13B,-22.32%,$0.57B,$-0.13B,-22.67%,$-0.13B,$1.28B,-10.55%,$-0.13B,$0.94B,-14.70%,$-0.13B,$3.14B,-4.26%,$0.04B,$2.90B,1.25%,$156,$108,$48,$0,$11,$147,$10,$-25,$-16,$-0,$-15,$-15,$-21,$10,$10,$104,104,$-0.20,$-0.20,$292,$44,$0,$459,$1914,$341,$337,$66,$2683,$3141,$188,$1618,$43,$1676,$1864,$0,$447,$0,$1278,$3141,$-58,$0,$104,$104,$0,$0,$0,$-5,$-5,$34,$-130,$0,$0,$0,$-2,$-2,$-34,$-166,$100,$-1,$99,$1,$165,$-22,$-7,$234,$102,$0,$-22
16,2014-06-30,9.4,$11.30,0.83,$5.20,1.81,$-1.39,0.0,$-1.18,0.0,$0.41B,$0.21B,2.02,$1.62B,$1.19B,1.37,$0.54B,$0.19B,35.51%,$0.54B,$0.03B,5.05%,$0.54B,$0.03B,5.05%,$0.54B,$0.03B,5.05%,$0.54B,$-0.13B,-23.55%,$0.54B,$-0.12B,-22.62%,$-0.12B,$1.19B,-9.93%,$-0.12B,$0.84B,-13.92%,$-0.12B,$3.08B,-4.05%,$0.03B,$2.81B,0.98%,$149,$97,$52,$0,$13,$136,$13,$-56,$-44,$1,$-44,$-44,$-38,$13,$13,$103,103,$-0.37,$-0.37,$235,$40,$0,$414,$1893,$348,$342,$68,$2663,$3077,$205,$1624,$47,$1686,$1891,$0,$474,$0,$1186,$3077,$-42,$0,$69,$69,$0,$0,$0,$19,$19,$40,$-101,$0,$0,$0,$-2,$-2,$-25,$-128,$106,$-1,$106,$1,$48,$-14,$-8,$132,$45,$0,$-14
17,2014-03-31,9.1,$11.84,0.77,$4.99,1.82,$-0.59,0.0,$-0.97,0.0,$0.37B,$0.17B,2.25,$1.52B,$1.24B,1.23,$0.51B,$0.17B,33.40%,$0.51B,$0.01B,2.54%,$0.51B,$0.01B,2.54%,$0.51B,$0.01B,2.54%,$0.51B,$-0.10B,-18.75%,$0.51B,$-0.10B,-19.34%,$-0.10B,$1.24B,-7.96%,$-0.10B,$0.89B,-11.12%,$-0.10B,$2.98B,-3.34%,$0.01B,$2.76B,0.48%,$126,$80,$46,$0,$14,$120,$6,$-4,$2,$0,$2,$2,$1,$6,$6,$102,105,$0.01,$0.01,$221,$27,$0,$370,$1835,$352,$347,$68,$2613,$2983,$165,$1519,$49,$1582,$1747,$0,$519,$-12,$1236,$2983,$2,$0,$19,$19,$0,$0,$0,$11,$11,$30,$-22,$0,$0,$0,$-2,$-2,$-24,$-48,$6,$-0,$5,$1,$48,$-7,$4,$50,$31,$0,$-7
18,2013-12-31,10.25,$11.41,0.9,$5.11,2.01,$-0.58,0.0,$-1.08,0.0,$0.34B,$0.15B,2.27,$1.51B,$1.19B,1.27,$0.52B,$0.16B,30.96%,$0.52B,$0.01B,1.92%,$0.52B,$0.01B,1.92%,$0.52B,$0.01B,1.92%,$0.52B,$-0.11B,-21.15%,$0.52B,$-0.11B,-21.35%,$-0.11B,$1.19B,-8.79%,$-0.11B,$0.84B,-12.29%,$-0.11B,$2.92B,-3.74%,$0.01B,$2.70B,0.37%,$138,$82,$57,$0,$25,$132,$6,$-75,$-69,$1,$-70,$-70,$-71,$6,$6,$102,102,$-0.70,$-0.70,$190,$27,$0,$340,$1809,$343,$352,$5,$2580,$2920,$150,$1514,$52,$1581,$1730,$0,$524,$-11,$1189,$2920,$-105,$113,$33,$146,$79,$5,$-13,$-28,$31,$60,$-115,$-2,$0,$0,$-168,$-168,$26,$-259,$132,$-1,$130,$1,$1,$-26,$24,$129,$-70,$5,$-26
19,2013-09-30,6.49,$12.22,0.53,$4.96,1.31,$1.58,4.11,$0.93,6.98,$0.39B,$0.19B,2.03,$1.46B,$1.26B,1.15,$0.52B,$0.15B,28.49%,$0.52B,$-0.02B,-4.26%,$0.52B,$-0.02B,-4.26%,$0.52B,$-0.02B,-4.26%,$0.52B,$0.12B,22.29%,$0.52B,$0.12B,22.48%,$0.12B,$1.26B,8.95%,$0.12B,$0.91B,12.44%,$0.12B,$2.98B,3.90%,$-0.02B,$2.72B,-0.81%,$122,$87,$35,$0,$9,$120,$2,$-17,$-15,$-1,$-13,$-13,$-13,$2,$2,$102,102,$-0.13,$-0.13,$220,$33,$0,$392,$1798,$365,$357,$64,$2590,$2982,$193,$1456,$56,$1526,$1718,$0,$601,$-7,$1263,$2982,$-36,$0,$82,$82,$0,$0,$0,$43,$43,$79,$-113,$-2,$0,$0,$-163,$-163,$61,$-217,$97,$-1,$96,$0,$0,$-20,$18,$94,$-44,$0,$-20
20,2013-06-30,5.06,$12.47,0.41,$5.24,0.97,$2.00,2.53,$1.10,4.6,$0.47B,$0.18B,2.59,$1.43B,$1.29B,1.11,$0.56B,$0.18B,31.36%,$0.56B,$0.00B,0.18%,$0.56B,$0.00B,0.18%,$0.56B,$0.00B,0.18%,$0.56B,$0.14B,24.19%,$0.56B,$0.13B,23.84%,$0.13B,$1.29B,10.44%,$0.13B,$0.93B,14.73%,$0.13B,$2.97B,4.52%,$0.00B,$2.72B,0.04%,$126,$92,$33,$0,$10,$126,$-1,$-13,$-14,$0,$-14,$-14,$-16,$-1,$-1,$102,102,$-0.16,$-0.16,$277,$40,$0,$469,$1722,$321,$362,$65,$2505,$2974,$181,$1428,$62,$1504,$1685,$0,$620,$-1,$1289,$2974,$-22,$0,$56,$56,$0,$0,$0,$13,$13,$38,$-16,$-2,$0,$0,$-111,$-111,$43,$-87,$57,$-1,$57,$0,$0,$-13,$19,$62,$13,$0,$-13
21,2013-03-31,4.09,$12.68,0.32,$5.55,0.74,$1.71,2.39,$1.31,3.12,$0.52B,$0.17B,3.01,$1.43B,$1.31B,1.1,$0.60B,$0.21B,34.44%,$0.60B,$0.03B,4.80%,$0.60B,$0.03B,4.80%,$0.60B,$0.03B,4.80%,$0.60B,$0.16B,25.99%,$0.60B,$0.15B,25.50%,$0.15B,$1.31B,12.37%,$0.15B,$0.94B,17.77%,$0.15B,$2.99B,5.27%,$0.03B,$2.74B,1.10%,$134,$98,$36,$0,$9,$131,$3,$-15,$-12,$-4,$-8,$-8,$-11,$3,$3,$102,102,$-0.10,$-0.10,$322,$41,$0,$518,$1733,$255,$367,$63,$2476,$2994,$172,$1434,$64,$1513,$1685,$0,$643,$-0,$1309,$2994,$-8,$0,$22,$22,$0,$0,$0,$4,$4,$15,$-7,$-2,$0,$0,$-51,$-51,$34,$-27,$58,$-0,$57,$0,$0,$-7,$14,$64,$53,$0,$-7
22,2012-12-31,2.97,$12.81,0.23,$5.61,0.53,$1.56,1.91,$1.50,1.98,$0.47B,$0.19B,2.49,$1.35B,$1.32B,1.02,$0.62B,$0.24B,37.94%,$0.62B,$0.05B,8.36%,$0.62B,$0.05B,8.36%,$0.62B,$0.05B,8.36%,$0.62B,$0.18B,28.46%,$0.62B,$0.17B,27.97%,$0.17B,$1.32B,14.37%,$0.17B,$0.95B,21.10%,$0.17B,$2.94B,5.99%,$0.05B,$2.67B,2.01%,$134,$92,$43,$0,$21,$160,$-26,$182,$156,$0,$156,$156,$156,$-26,$-26,$101,111,$1.54,$1.40,$283,$32,$0,$471,$1746,$198,$369,$10,$2471,$2941,$189,$1349,$62,$1429,$1618,$0,$660,$-1,$1323,$2941,$176,$122,$14,$136,$-61,$-10,$7,$-14,$-69,$229,$-49,$0,$0,$0,$-1,$-1,$63,$12,$-99,$-2,$-101,$0,$0,$-32,$-21,$-154,$87,$5,$-32
23,2012-09-30,3.12,$11.45,0.27,$5.92,0.53,$-0.28,0.0,$0.29,10.76,$0.38B,$0.19B,2.0,$1.39B,$1.17B,1.18,$0.66B,$0.26B,39.33%,$0.66B,$0.10B,15.85%,$0.66B,$0.10B,15.85%,$0.66B,$0.10B,15.85%,$0.66B,$0.03B,4.88%,$0.66B,$0.03B,4.42%,$0.03B,$1.17B,2.47%,$0.03B,$0.79B,3.72%,$0.03B,$2.87B,1.00%,$0.10B,$2.56B,4.07%,$164,$101,$63,$0,$11,$139,$25,$-21,$5,$-0,$5,$5,$4,$25,$25,$101,111,$0.04,$0.04,$173,$0,$0,$379,$1762,$185,$386,$74,$2486,$2865,$190,$1387,$97,$1503,$1692,$0,$510,$-1,$1173,$2865,$20,$0,$102,$102,$0,$0,$0,$-52,$-52,$62,$-51,$0,$0,$0,$-1,$-1,$74,$21,$-71,$-1,$-72,$0,$0,$-20,$2,$-90,$-8,$0,$-20
24,2012-06-30,2.84,$11.45,0.25,$6.02,0.47,$-0.97,0.0,$0.40,7.09,$0.40B,$0.21B,1.92,$1.38B,$1.17B,1.18,$0.67B,$0.27B,40.09%,$0.67B,$0.11B,17.12%,$0.67B,$0.11B,17.12%,$0.67B,$0.11B,17.12%,$0.67B,$0.04B,6.46%,$0.67B,$0.04B,6.16%,$0.04B,$1.17B,3.50%,$0.04B,$0.78B,5.32%,$0.04B,$2.88B,1.41%,$0.11B,$2.56B,4.46%,$172,$106,$66,$0,$12,$145,$27,$-20,$8,$1,$6,$6,$5,$27,$27,$101,111,$0.05,$0.05,$179,$0,$0,$403,$1765,$188,$392,$72,$2476,$2878,$210,$1382,$94,$1495,$1705,$0,$512,$-0,$1173,$2878,$15,$0,$68,$68,$0,$0,$0,$-39,$-39,$38,$-47,$0,$0,$0,$-1,$-1,$63,$14,$-41,$-1,$-42,$0,$0,$-13,$1,$-54,$-2,$0,$-13
25,2012-03-31,3.52,$11.45,0.31,$5.97,0.59,$-1.02,0.0,$0.81,4.35,$0.37B,$0.25B,1.49,$1.39B,$1.17B,1.18,$0.66B,$0.27B,41.43%,$0.66B,$0.12B,18.36%,$0.66B,$0.12B,18.36%,$0.66B,$0.12B,18.36%,$0.66B,$0.09B,13.20%,$0.66B,$0.09B,13.05%,$0.09B,$1.17B,7.32%,$0.09B,$0.78B,11.20%,$0.09B,$2.93B,2.93%,$0.12B,$2.56B,4.69%,$152,$88,$64,$0,$13,$126,$26,$-18,$8,$-1,$9,$9,$9,$26,$26,$101,111,$0.09,$0.09,$170,$0,$0,$371,$1849,$192,$398,$72,$2560,$2931,$248,$1388,$103,$1510,$1758,$0,$513,$-0,$1173,$2931,$9,$0,$32,$32,$0,$0,$0,$-6,$-6,$30,$-38,$0,$0,$0,$0,$0,$4,$-34,$-1,$-1,$-2,$0,$0,$-7,$1,$-7,$-11,$0,$-7
26,2011-12-31,2.95,$11.48,0.26,$6.40,0.46,$-0.99,0.0,$0.34,8.68,$0.37B,$0.25B,1.47,$1.38B,$1.18B,1.18,$0.69B,$0.30B,43.25%,$0.69B,$0.14B,20.03%,$0.69B,$0.14B,20.03%,$0.69B,$0.14B,20.03%,$0.69B,$0.04B,5.95%,$0.69B,$0.04B,5.52%,$0.04B,$1.18B,3.25%,$0.04B,$0.77B,5.02%,$0.04B,$2.91B,1.30%,$0.14B,$2.56B,5.36%,$168,$103,$65,$0,$14,$142,$26,$-15,$11,$0,$11,$11,$11,$26,$26,$101,110,$0.11,$0.14,$177,$22,$0,$371,$1832,$200,$404,$19,$2543,$2914,$252,$1383,$83,$1486,$1738,$0,$510,$6,$1176,$2914,$41,$118,$9,$128,$-83,$-2,$1,$12,$-53,$103,$-127,$0,$-72,$0,$-2,$-2,$30,$-171,$72,$-1,$71,$0,$0,$-27,$-12,$32,$-36,$4,$-27
27,2011-09-30,2.58,$11.43,0.23,$6.51,0.4,$-1.21,0.0,$0.67,3.85,$0.41B,$0.28B,1.48,$1.38B,$1.16B,1.19,$0.71B,$0.33B,45.71%,$0.71B,$0.15B,21.52%,$0.71B,$0.15B,21.52%,$0.71B,$0.15B,21.52%,$0.71B,$0.08B,11.81%,$0.71B,$0.08B,11.11%,$0.08B,$1.16B,6.55%,$0.08B,$0.75B,10.29%,$0.08B,$2.92B,2.54%,$0.15B,$2.54B,5.51%,$174,$101,$72,$0,$12,$138,$35,$-20,$16,$-0,$16,$16,$16,$35,$35,$101,110,$0.16,$0.15,$212,$0,$1,$410,$1810,$190,$410,$67,$2514,$2924,$277,$1378,$87,$1485,$1762,$0,$505,$-2,$1162,$2924,$30,$0,$104,$104,$0,$0,$0,$-67,$-67,$58,$-123,$0,$-72,$0,$0,$0,$88,$-107,$66,$-1,$65,$0,$0,$-21,$-8,$37,$-12,$0,$-21
28,2011-06-30,4.12,$11.69,0.35,$6.39,0.64,$-0.64,0.0,$0.64,6.43,$0.52B,$0.23B,2.3,$1.46B,$1.19B,1.23,$0.71B,$0.33B,46.39%,$0.71B,$0.15B,21.07%,$0.71B,$0.15B,21.07%,$0.71B,$0.15B,21.07%,$0.71B,$0.08B,11.60%,$0.71B,$0.08B,10.89%,$0.08B,$1.19B,6.25%,$0.08B,$0.77B,10.01%,$0.08B,$2.99B,2.31%,$0.15B,$2.65B,5.02%,$165,$93,$72,$0,$14,$131,$34,$18,$52,$1,$51,$51,$50,$34,$34,$101,110,$0.50,$0.46,$361,$0,$1,$521,$1770,$222,$416,$63,$2470,$2991,$227,$1462,$93,$1575,$1803,$0,$495,$27,$1188,$2991,$14,$0,$73,$73,$0,$0,$0,$-9,$-9,$73,$-88,$0,$-72,$0,$0,$0,$114,$-47,$123,$-1,$122,$0,$0,$-14,$-0,$108,$135,$0,$-14
29,2011-03-31,4.5,$11.35,0.4,$6.34,0.71,$-0.67,0.0,$0.59,7.63,$0.32B,$0.21B,1.54,$1.40B,$1.15B,1.22,$0.71B,$0.33B,46.39%,$0.71B,$0.15B,21.64%,$0.71B,$0.15B,21.64%,$0.71B,$0.15B,21.64%,$0.71B,$0.08B,11.03%,$0.71B,$0.07B,10.33%,$0.07B,$1.15B,5.90%,$0.07B,$0.73B,9.55%,$0.07B,$2.87B,2.15%,$0.15B,$2.56B,5.05%,$182,$93,$89,$0,$13,$139,$43,$-80,$-38,$-1,$-37,$-37,$-39,$43,$43,$101,101,$-0.38,$-0.38,$199,$0,$1,$317,$1836,$224,$422,$59,$2553,$2870,$205,$1402,$89,$1511,$1716,$0,$451,$37,$1154,$2870,$-37,$0,$78,$78,$0,$0,$0,$17,$17,$55,$-59,$0,$-72,$0,$0,$0,$-2,$-134,$59,$-0,$59,$0,$0,$-8,$-1,$51,$-27,$0,$-8
30,2010-12-31,4.12,$12.97,0.32,$5.89,0.7,$-0.45,0.0,$1.24,3.33,$0.35B,$0.20B,1.74,$2.04B,$1.32B,1.55,$0.68B,$0.30B,43.74%,$0.68B,$0.13B,19.29%,$0.68B,$0.13B,19.29%,$0.68B,$0.13B,19.29%,$0.68B,$0.15B,21.50%,$0.68B,$0.14B,21.06%,$0.14B,$1.32B,11.66%,$0.14B,$0.82B,19.09%,$0.14B,$3.68B,4.18%,$0.13B,$3.36B,4.29%,$190,$98,$92,$0,$15,$149,$41,$13,$54,$1,$53,$53,$52,$41,$41,$101,116,$0.52,$0.45,$242,$0,$1,$350,$2627,$118,$503,$29,$3327,$3677,$202,$2044,$93,$2158,$2359,$0,$496,$33,$1318,$3677,$145,$117,$-51,$66,$3,$-6,$-11,$3,$-14,$189,$-240,$0,$-99,$0,$0,$0,$202,$-136,$33,$0,$33,$32,$-17,$-27,$-8,$-19,$33,$8,$-27
31,2010-09-30,4.53,$12.55,0.36,$5.67,0.8,$-3.08,0.0,$0.91,4.98,$0.43B,$0.36B,1.19,$2.03B,$1.27B,1.6,$0.64B,$0.26B,41.07%,$0.64B,$0.11B,17.08%,$0.64B,$0.11B,17.08%,$0.64B,$0.11B,17.08%,$0.64B,$0.10B,16.30%,$0.64B,$0.10B,15.99%,$0.10B,$1.27B,8.78%,$0.10B,$0.76B,14.61%,$0.10B,$3.80B,3.15%,$0.11B,$3.30B,3.80%,$170,$96,$75,$0,$20,$139,$31,$-17,$14,$0,$14,$14,$14,$31,$31,$101,117,$0.14,$0.13,$304,$0,$10,$429,$2676,$97,$511,$83,$3367,$3796,$361,$2034,$112,$2167,$2528,$0,$449,$29,$1268,$3796,$92,$0,$56,$56,$0,$0,$0,$-12,$-12,$128,$-131,$0,$-99,$0,$0,$0,$-78,$-308,$164,$0,$164,$-2,$-2,$-20,$-4,$139,$-41,$0,$-20
32,2010-06-30,3.57,$12.00,0.3,$5.73,0.62,$-4.98,0.0,$0.99,3.6,$0.55B,$0.21B,2.59,$1.70B,$1.21B,1.4,$0.63B,$0.24B,38.79%,$0.63B,$0.11B,16.69%,$0.63B,$0.11B,16.69%,$0.63B,$0.11B,16.69%,$0.63B,$0.11B,17.97%,$0.63B,$0.11B,17.49%,$0.11B,$1.21B,9.99%,$0.11B,$0.75B,16.89%,$0.11B,$3.25B,3.68%,$0.11B,$2.91B,3.97%,$165,$93,$72,$0,$11,$127,$38,$10,$48,$-0,$48,$48,$46,$38,$38,$100,115,$0.46,$0.41,$408,$0,$21,$546,$2064,$82,$458,$101,$2705,$3252,$211,$1697,$110,$1829,$2040,$0,$441,$16,$1212,$3252,$78,$0,$19,$19,$0,$0,$0,$-36,$-36,$55,$-75,$0,$3,$0,$0,$0,$-62,$-133,$142,$0,$142,$0,$0,$-13,$-3,$126,$48,$0,$-13
33,2010-03-31,5.02,$10.96,0.46,$5.64,0.89,$-5.14,0.0,$0.79,6.35,$0.49B,$0.19B,2.54,$1.53B,$1.11B,1.38,$0.61B,$0.22B,36.80%,$0.61B,$0.09B,15.02%,$0.61B,$0.09B,15.02%,$0.61B,$0.09B,15.02%,$0.61B,$0.09B,14.52%,$0.61B,$0.09B,14.19%,$0.09B,$1.11B,8.22%,$0.09B,$0.67B,14.50%,$0.09B,$2.96B,3.08%,$0.09B,$2.63B,3.75%,$154,$97,$58,$0,$12,$134,$21,$9,$30,$-1,$30,$30,$31,$21,$21,$100,114,$0.31,$0.27,$346,$0,$26,$487,$1870,$90,$436,$77,$2473,$2960,$192,$1528,$112,$1662,$1854,$0,$401,$24,$1106,$2960,$30,$0,$11,$11,$0,$0,$0,$-16,$-16,$24,$-3,$0,$0,$0,$0,$0,$62,$59,$-37,$0,$-37,$0,$0,$-7,$-2,$-46,$37,$0,$-7
34,2009-12-31,4.53,$10.52,0.43,$5.75,0.79,$-5.10,0.0,$0.64,7.08,$0.43B,$0.20B,2.18,$1.56B,$1.06B,1.47,$0.60B,$0.21B,35.56%,$0.60B,$0.09B,15.36%,$0.60B,$0.09B,15.36%,$0.60B,$0.09B,15.36%,$0.60B,$0.07B,11.69%,$0.60B,$0.07B,11.19%,$0.07B,$1.06B,6.66%,$0.07B,$0.61B,12.40%,$0.07B,$2.94B,2.54%,$0.09B,$2.62B,4.09%,$149,$92,$57,$0,$13,$129,$19,$-7,$12,$0,$12,$12,$11,$19,$19,$100,105,$0.12,$0.13,$281,$0,$38,$428,$1922,$78,$448,$27,$2508,$2935,$196,$1563,$93,$1678,$1874,$0,$377,$15,$1061,$2935,$71,$83,$-21,$62,$29,$0,$-11,$56,$87,$216,$-540,$0,$-0,$1,$0,$1,$-263,$-803,$682,$0,$682,$-1,$-1,$-28,$-27,$626,$40,$2,$-28
35,2009-09-30,3.64,$10.25,0.36,$6.45,0.56,$-6.44,0.0,$0.47,7.75,$0.47B,$0.23B,2.02,$1.39B,$1.03B,1.36,$0.66B,$0.22B,32.73%,$0.66B,$0.11B,16.14%,$0.66B,$0.11B,16.14%,$0.66B,$0.11B,16.14%,$0.66B,$0.05B,7.99%,$0.66B,$0.05B,7.54%,$0.05B,$1.03B,5.13%,$0.05B,$0.57B,10.06%,$0.05B,$2.80B,2.03%,$0.11B,$2.42B,5.23%,$161,$103,$57,$0,$10,$133,$27,$-5,$23,$-0,$23,$23,$22,$27,$27,$100,106,$0.21,$0.20,$257,$0,$80,$469,$1750,$50,$458,$75,$2332,$2801,$232,$1393,$127,$1542,$1775,$0,$371,$6,$1027,$2801,$59,$0,$47,$47,$0,$0,$0,$43,$43,$145,$-348,$0,$0,$0,$0,$0,$-205,$-553,$543,$0,$543,$-1,$-1,$-21,$-8,$513,$105,$0,$-21
36,2009-06-30,3.1,$9.87,0.31,$8.31,0.37,$-6.02,0.0,$0.55,5.64,$0.45B,$0.24B,1.92,$1.05B,$0.99B,1.06,$0.87B,$0.20B,22.66%,$0.87B,$0.09B,10.64%,$0.87B,$0.09B,10.64%,$0.87B,$0.09B,10.64%,$0.87B,$0.06B,7.17%,$0.87B,$0.06B,6.82%,$0.06B,$0.99B,6.39%,$0.06B,$0.52B,13.42%,$0.06B,$2.46B,2.55%,$0.09B,$2.04B,5.02%,$142,$91,$51,$0,$11,$118,$24,$-2,$23,$-1,$24,$24,$22,$24,$24,$100,105,$0.22,$0.21,$237,$0,$109,$453,$1416,$40,$468,$78,$2002,$2455,$236,$1050,$157,$1230,$1466,$0,$356,$0,$989,$2455,$36,$0,$33,$33,$0,$0,$0,$46,$46,$114,$-149,$0,$0,$0,$0,$0,$-71,$-220,$207,$0,$207,$-1,$-1,$-15,$-7,$184,$78,$0,$-15
37,2009-03-31,1.66,$9.43,0.18,$9.93,0.17,$-5.80,0.0,$1.06,1.57,$0.52B,$0.28B,1.88,$0.97B,$0.95B,1.03,$1.05B,$0.19B,17.70%,$1.05B,$0.09B,8.18%,$1.05B,$0.09B,8.18%,$1.05B,$0.09B,8.18%,$1.05B,$0.06B,5.90%,$1.05B,$0.12B,11.04%,$0.12B,$0.95B,13.05%,$0.12B,$0.46B,29.15%,$0.12B,$2.36B,5.15%,$0.09B,$1.92B,5.04%,$147,$99,$48,$0,$10,$125,$22,$-10,$12,$-1,$12,$12,$12,$22,$22,$100,100,$0.12,$0.12,$241,$0,$169,$523,$1232,$32,$485,$84,$1833,$2356,$278,$970,$138,$1133,$1411,$0,$340,$-19,$945,$2356,$12,$0,$21,$21,$0,$0,$0,$19,$19,$50,$-27,$0,$0,$0,$0,$0,$-43,$-70,$122,$0,$122,$-1,$-1,$-9,$-6,$107,$87,$0,$-9
38,2008-12-31,2.23,$9.30,0.24,$11.52,0.19,$-6.11,0.0,$1.07,2.09,$0.51B,$0.27B,1.86,$0.87B,$0.94B,0.93,$1.24B,$0.18B,14.25%,$1.24B,$0.08B,6.52%,$1.24B,$0.08B,6.52%,$1.24B,$0.08B,6.52%,$1.24B,$0.06B,5.15%,$1.24B,$0.12B,9.50%,$0.12B,$0.94B,13.94%,$0.12B,$0.44B,29.24%,$0.12B,$2.25B,5.37%,$0.08B,$1.81B,5.09%,$213,$152,$61,$0,$12,$179,$34,$-16,$-5,$2,$-7,$-6,$-6,$34,$34,$101,101,$-0.06,$-0.06,$151,$0,$214,$505,$1141,$47,$496,$46,$1748,$2254,$272,$873,$148,$1047,$1319,$0,$334,$-23,$935,$2254,$119,$61,$-68,$61,$5,$0,$-42,$-91,$-142,$-28,$-417,$0,$-108,$5,$0,$0,$72,$-453,$262,$0,$262,$-44,$-44,$-29,$-2,$187,$-294,$3,$-29
39,2008-09-30,3.53,$0.00,0.0,$12.21,0.29,$-0.93,0.0,$2.91,1.21,$0.55B,$0.33B,1.63,$0.74B,$0.83B,0.89,$1.34B,$0.17B,12.33%,$1.34B,$0.08B,5.83%,$1.34B,$0.08B,5.83%,$1.34B,$0.09B,6.43%,$1.34B,$0.27B,19.88%,$1.34B,$0.32B,23.99%,$0.32B,$0.83B,39.86%,$0.32B,$0.34B,72.91%,$0.32B,$2.21B,15.08%,$0.08B,$1.56B,5.26%,$363,$327,$36,$0,$9,$352,$12,$20,$32,$0,$32,$32,$31,$12,$12,$104,107,$0.29,$0.29,$155,$0,$300,$546,$0,$48,$486,$435,$987,$2206,$334,$738,$158,$1046,$1380,$0,$348,$0,$826,$2206,$127,$0,$-34,$-34,$0,$0,$0,$-115,$-115,$-26,$-135,$0,$-105,$5,$0,$5,$-108,$-344,$126,$0,$126,$-35,$-35,$-29,$0,$63,$-306,$0,$-29
40,2008-06-30,6.63,$0.00,0.0,$10.79,0.61,$1.30,5.11,$2.97,2.23,$0.70B,$0.41B,1.72,$0.69B,$0.85B,0.81,$1.19B,$0.18B,15.24%,$1.19B,$0.10B,8.75%,$1.19B,$0.10B,8.75%,$1.19B,$0.12B,10.27%,$1.19B,$0.27B,22.98%,$1.19B,$0.33B,27.53%,$0.33B,$0.85B,44.13%,$0.33B,$0.35B,72.43%,$0.33B,$2.19B,16.10%,$0.10B,$1.54B,7.53%,$328,$287,$41,$0,$9,$310,$18,$5,$23,$-57,$80,$80,$79,$18,$18,$106,110,$0.75,$0.72,$369,$0,$230,$703,$0,$24,$496,$297,$835,$2191,$409,$692,$90,$931,$1340,$0,$327,$0,$850,$2191,$93,$0,$-28,$-28,$0,$0,$0,$0,$0,$64,$-76,$0,$-105,$5,$0,$5,$-86,$-262,$79,$0,$79,$-5,$-5,$-19,$0,$56,$-143,$0,$-19
41,2008-03-31,6.29,$0.00,0.0,$9.24,0.68,$1.78,3.53,$2.49,2.53,$0.74B,$0.40B,1.86,$0.68B,$0.78B,0.87,$1.00B,$0.18B,17.87%,$1.00B,$0.11B,11.24%,$1.00B,$0.11B,11.24%,$1.00B,$0.14B,13.96%,$1.00B,$0.27B,27.51%,$1.00B,$0.27B,27.21%,$0.27B,$0.78B,41.11%,$0.27B,$0.48B,60.52%,$0.27B,$2.15B,14.39%,$0.11B,$1.45B,8.78%,$338,$299,$39,$0,$9,$322,$17,$-2,$14,$-1,$15,$15,$14,$17,$17,$106,111,$0.13,$0.13,$431,$0,$223,$742,$0,$57,$295,$437,$807,$2146,$399,$677,$95,$971,$1370,$0,$257,$0,$776,$2146,$14,$0,$13,$13,$0,$0,$0,$-16,$-16,$10,$-19,$0,$-105,$3,$0,$3,$-78,$-199,$66,$0,$66,$-3,$-3,$-10,$0,$53,$-137,$0,$-10
42,2007-12-31,8.23,$0.00,0.0,$7.41,1.11,$2.26,3.65,$2.49,3.31,$0.85B,$0.45B,1.88,$0.60B,$0.77B,0.78,$0.76B,$0.17B,22.89%,$0.76B,$0.12B,15.66%,$0.76B,$0.12B,15.66%,$0.76B,$0.15B,20.26%,$0.76B,$0.28B,36.32%,$0.76B,$0.27B,35.79%,$0.27B,$0.77B,49.14%,$0.27B,$0.59B,73.61%,$0.27B,$1.97B,16.08%,$0.12B,$1.37B,10.30%,$309,$260,$49,$0,$9,$278,$31,$167,$197,$0,$197,$197,$197,$39,$31,$104,110,$1.88,$1.78,$511,$0,$232,$848,$0,$60,$183,$438,$697,$1971,$450,$600,$98,$751,$1202,$0,$253,$0,$769,$1971,$271,$35,$-175,$35,$-80,$0,$60,$-1,$-4,$128,$-45,$0,$-145,$9,$0,$0,$174,$-16,$6,$0,$6,$240,$240,$-26,$-3,$216,$328,$1,$-26
43,2007-09-30,8.79,$0.00,0.0,$5.46,1.61,$0.65,13.54,$0.62,14.18,$0.60B,$0.44B,1.37,$0.59B,$0.57B,1.04,$0.50B,$0.09B,17.46%,$0.50B,$0.10B,19.25%,$0.50B,$0.10B,19.25%,$0.50B,$0.14B,27.78%,$0.50B,$0.07B,14.48%,$0.50B,$0.07B,13.69%,$0.07B,$0.57B,16.06%,$0.07B,$0.39B,27.35%,$0.07B,$1.81B,4.81%,$0.10B,$1.16B,9.49%,$213,$161,$52,$0,$5,$175,$38,$1,$39,$2,$37,$37,$37,$48,$38,$102,108,$0.36,$0.34,$292,$0,$218,$597,$0,$61,$184,$337,$600,$1814,$438,$594,$153,$807,$1245,$0,$63,$0,$569,$1814,$74,$27,$0,$27,$0,$0,$0,$0,$80,$173,$-93,$0,$-145,$0,$0,$0,$0,$-238,$0,$0,$2,$0,$232,$-19,$0,$215,$149,$0,$0
44,2007-06-30,8.03,$0.00,0.0,$4.32,1.86,$-0.83,0.0,$0.55,14.61,$0.45B,$0.29B,1.52,$0.60B,$0.52B,1.14,$0.34B,$0.08B,23.98%,$0.34B,$0.07B,20.47%,$0.34B,$0.07B,20.47%,$0.34B,$0.11B,33.04%,$0.34B,$0.05B,14.91%,$0.34B,$0.05B,14.33%,$0.05B,$0.52B,13.71%,$0.05B,$0.34B,26.24%,$0.05B,$1.60B,3.98%,$0.07B,$1.12B,7.59%,$136,$98,$38,$0,$5,$110,$26,$-2,$24,$1,$23,$23,$23,$35,$26,$88,96,$0.26,$0.24,$244,$0,$143,$445,$0,$64,$184,$317,$582,$1602,$294,$596,$130,$786,$1079,$0,$34,$0,$523,$1602,$38,$17,$0,$17,$0,$0,$0,$0,$29,$80,$-45,$0,$-145,$0,$0,$0,$0,$-190,$0,$0,$-2,$0,$218,$-12,$4,$209,$99,$0,$0
45,2007-03-31,4.84,$0.00,0.0,$3.96,1.22,$-2.55,0.0,$0.41,11.81,$0.24B,$0.22B,1.08,$0.62B,$0.35B,1.76,$0.26B,$0.09B,35.52%,$0.26B,$0.06B,21.62%,$0.26B,$0.06B,21.62%,$0.26B,$0.10B,38.61%,$0.26B,$0.03B,12.36%,$0.26B,$0.03B,11.97%,$0.03B,$0.35B,10.51%,$0.03B,$0.17B,23.75%,$0.03B,$1.38B,2.90%,$0.06B,$0.97B,6.70%,$102,$67,$35,$0,$4,$78,$24,$-8,$16,$1,$15,$15,$15,$32,$24,$76,83,$0.14,$0.13,$101,$0,$110,$241,$0,$94,$185,$317,$612,$1381,$222,$619,$132,$806,$1028,$0,$17,$0,$353,$1381,$15,$8,$0,$8,$0,$0,$0,$0,$26,$51,$-19,$0,$-145,$0,$0,$0,$0,$-164,$0,$0,$23,$0,$67,$-5,$0,$84,$-29,$0,$0
46,2006-12-31,3.52,$0.00,0.0,$3.82,0.92,$-2.79,0.0,$0.39,9.02,$0.20B,$0.11B,1.8,$0.56B,$0.27B,2.04,$0.21B,$0.10B,49.51%,$0.21B,$0.04B,20.87%,$0.21B,$0.04B,20.87%,$0.21B,$0.09B,43.69%,$0.21B,$0.02B,10.19%,$0.21B,$0.02B,10.19%,$0.02B,$0.27B,8.06%,$0.02B,$0.12B,20.54%,$0.02B,$0.95B,2.25%,$0.04B,$0.83B,5.58%,$53,$90,$-37,$0,$-56,$43,$9,$-15,$-6,$0,$-6,$-6,$-6,$25,$9,$62,62,$-0.09,$-0.09,$116,$0,$52,$196,$0,$1,$157,$71,$244,$945,$109,$560,$2,$562,$671,$0,$8,$0,$274,$945,$21,$47,$0,$47,$0,$0,$0,$0,$-4,$56,$-109,$0,$0,$0,$0,$0,$-2,$-111,$0,$0,$75,$0,$65,$-15,$-8,$117,$62,$0,$0
