,Date,Stock Price,Book Value per Share,Price to Book Ratio,TTM Sales per Share,Price to Sales Ratio,TTM FCF per Share,Price to FCF Ratio,TTM Net EPS,PE Ratio,Current Assets,Current Liabilities,Current Ratio,Long Term Debt,Shareholder's Equity_x,Debt to Equity Ratio,TTM Revenue_x,TTM Gross Profit,Gross Margin,TTM Revenue_y,TTM Operating Income,Operating Margin,TTM Revenue_x,TTM EBIT,EBIT Margin,TTM Revenue_y,TTM EBITDA,EBITDA Margin,TTM Revenue_x,TTM Pre-Tax Income,Pre-Tax Margin,TTM Revenue_y,TTM Net Income_x,Net Margin,TTM Net Income_y,Shareholder's Equity_y,Return on Equity,TTM Net Income_x,Tangible Equity,Return on Tangible Equity,TTM Net Income_y,Total Assets,Return on Assets,TTM Net Income,LT Investments & Debt,Return on Investment,revenue,cost-goods-sold,gross-profit,research-development-expenses,selling-general-administrative-expenses,operating-expenses,operating-income,total-non-operating-income-expense,pre-tax-income,total-provision-income-taxes,income-after-taxes,income-from-continuous-operations,net-income,ebitda,ebit,basic-shares-outstanding,shares-outstanding,eps-basic-net-earnings-per-share,eps-earnings-per-share-diluted,cash-on-hand,inventory,other-current-assets,total-current-assets,net-property-plant-equipment,long-term-investments,goodwill-intangible-assets-total,other-long-term-assets,total-long-term-assets,total-assets,total-current-liabilities,long-term-debt,other-non-current-liabilities,total-long-term-liabilities,total-liabilities,common-stock-net,retained-earnings-accumulated-deficit,comprehensive-income,total-share-holder-equity,total-liabilities-share-holders-equity,net-income-loss,total-depreciation-amortization-cash-flow,other-non-cash-items,total-non-cash-items,change-in-accounts-receivable,change-in-inventories,change-in-accounts-payable,change-in-assets-liabilities,total-change-in-assets-liabilities,cash-flow-from-operating-activities,net-change-in-property-plant-equipment,net-change-in-intangible-assets,net-acquisitions-divestitures,net-change-in-short-term-investments,net-change-in-long-term-investments,net-change-in-investments-total,investing-activities-other,cash-flow-from-investing-activities,net-long-term-debt,net-current-debt,debt-issuance-retirement-net-total,net-common-equity-issued-repurchased,net-total-equity-issued-repurchased,total-common-preferred-stock-dividends-paid,financial-activities-other,cash-flow-from-financial-activities,net-cash-flow,stock-based-compensation,common-stock-dividends-paid
0,2018-09-30,1.75,$4.67,0.37,$1.52,1.15,$-0.76,0.0,$-0.30,0.0,$0.09B,$0.05B,1.65,$0.48B,$0.78B,0.62,$0.23B,$0.22B,93.99%,$0.23B,$0.07B,31.76%,$0.23B,$0.07B,31.76%,$0.23B,$0.15B,62.23%,$0.23B,$-0.04B,-16.31%,$0.23B,$-0.04B,-16.31%,$-0.04B,$0.78B,-4.85%,$-0.04B,$0.78B,-4.89%,$-0.04B,$1.33B,-2.88%,$0.07B,$1.27B,5.93%,$63,$4,$59,$0,$21,$39,$24,$-13,$10,$0,$10,$10,$10,$41,$24,$165,165,$0.06,$0.06,$58,$0,$13,$89,$1066,$71,$5,$54,$1239,$1329,$54,$484,$0,$491,$545,$807,$0,$0,$783,$1329,$-14,$54,$29,$83,$3,$0,$0,$-19,$-19,$51,$-48,$0,$0,$0,$-14,$-14,$0,$-62,$13,$0,$13,$33,$33,$-7,$0,$40,$28,$0,$-7
1,2018-06-30,1.87,$4.63,0.4,$1.56,1.2,$-0.85,0.0,$-0.24,0.0,$0.14B,$0.07B,1.92,$0.45B,$0.78B,0.58,$0.23B,$0.22B,93.91%,$0.23B,$0.06B,26.52%,$0.23B,$0.06B,26.52%,$0.23B,$0.14B,60.87%,$0.23B,$-0.04B,-16.96%,$0.23B,$-0.04B,-16.96%,$-0.04B,$0.78B,-4.96%,$-0.04B,$0.77B,-5.01%,$-0.04B,$1.31B,-2.95%,$0.06B,$1.23B,4.89%,$58,$4,$54,$0,$23,$42,$17,$-46,$-30,$0,$-30,$-30,$-30,$34,$17,$165,165,$-0.18,$-0.18,$41,$0,$79,$138,$1005,$69,$6,$47,$1169,$1307,$72,$449,$0,$460,$532,$799,$0,$0,$776,$1307,$-24,$36,$29,$65,$3,$0,$-10,$-1,$-10,$31,$-36,$0,$0,$0,$-14,$-14,$2,$-48,$-2,$0,$-2,$34,$34,$-3,$1,$28,$11,$0,$-3
2,2018-03-31,1.76,$4.82,0.37,$1.55,1.14,$-0.69,0.0,$-0.03,0.0,$0.08B,$0.05B,1.53,$0.46B,$0.81B,0.57,$0.22B,$0.21B,94.59%,$0.22B,$0.05B,23.87%,$0.22B,$0.05B,23.87%,$0.22B,$0.14B,61.71%,$0.22B,$-0.01B,-2.25%,$0.22B,$-0.01B,-2.25%,$-0.01B,$0.81B,-0.63%,$-0.01B,$0.80B,-0.64%,$-0.01B,$1.33B,-0.38%,$0.05B,$1.27B,4.24%,$53,$3,$50,$0,$20,$38,$15,$-9,$5,$0,$5,$5,$5,$33,$15,$154,154,$0.03,$0.03,$49,$0,$12,$80,$1085,$68,$7,$48,$1254,$1334,$53,$460,$0,$474,$526,$831,$0,$0,$808,$1334,$5,$18,$-4,$15,$2,$0,$-10,$-3,$-14,$6,$-0,$0,$0,$0,$-14,$-14,$1,$-14,$-8,$0,$-8,$34,$34,$0,$1,$26,$19,$0,$0
3,2017-12-31,2.31,$5.19,0.45,$1.66,1.39,$0.41,5.71,$-0.12,0.0,$0.06B,$0.05B,1.11,$0.47B,$0.77B,0.61,$0.21B,$0.20B,94.31%,$0.21B,$0.04B,20.38%,$0.21B,$0.04B,20.38%,$0.21B,$0.13B,62.56%,$0.21B,$-0.02B,-7.58%,$0.21B,$-0.02B,-7.58%,$-0.02B,$0.77B,-2.03%,$-0.02B,$0.76B,-2.07%,$-0.02B,$1.31B,-1.22%,$0.04B,$1.24B,3.48%,$59,$3,$56,$0,$22,$42,$18,$-40,$-23,$0,$-23,$-23,$-23,$37,$18,$133,133,$-0.14,$-0.14,$30,$0,$11,$60,$1099,$52,$8,$38,$1245,$1305,$54,$467,$0,$483,$538,$792,$0,$0,$768,$1305,$-15,$89,$17,$106,$-6,$0,$-9,$-28,$-37,$54,$-158,$0,$-116,$0,$104,$104,$-17,$-187,$28,$0,$28,$99,$99,$0,$13,$140,$7,$0,$0
4,2017-09-30,2.01,$5.35,0.38,$1.81,1.11,$1.69,1.19,$0.01,0.0,$0.08B,$0.06B,1.39,$0.47B,$0.79B,0.6,$0.20B,$0.19B,94.06%,$0.20B,$0.04B,17.33%,$0.20B,$0.04B,17.33%,$0.20B,$0.13B,61.88%,$0.20B,$0.01B,2.48%,$0.20B,$0.01B,2.97%,$0.01B,$0.79B,0.78%,$0.01B,$0.78B,0.80%,$0.01B,$1.34B,0.46%,$0.04B,$1.26B,2.89%,$60,$4,$56,$0,$24,$49,$11,$-2,$9,$0,$9,$9,$9,$36,$11,$146,146,$0.06,$0.06,$31,$0,$29,$78,$1150,$41,$9,$10,$1261,$1339,$56,$474,$0,$493,$549,$814,$0,$0,$790,$1339,$8,$70,$-12,$58,$-2,$0,$-9,$-22,$-28,$38,$-49,$0,$-116,$0,$0,$0,$-15,$-180,$37,$0,$37,$99,$99,$0,$12,$148,$6,$0,$0
5,2017-06-30,1.56,$5.41,0.29,$2.01,0.78,$2.18,0.71,$-0.45,0.0,$0.13B,$0.07B,1.95,$0.44B,$0.80B,0.55,$0.19B,$0.18B,94.79%,$0.19B,$-0.00B,-1.56%,$0.19B,$-0.00B,-1.56%,$0.19B,$0.10B,53.65%,$0.19B,$-0.04B,-19.79%,$0.19B,$-0.04B,-19.27%,$-0.04B,$0.80B,-4.99%,$-0.04B,$0.76B,-5.16%,$-0.04B,$1.33B,-2.86%,$-0.00B,$1.24B,-0.25%,$50,$2,$48,$0,$20,$41,$9,$-5,$4,$0,$4,$4,$4,$31,$9,$145,145,$0.03,$0.03,$86,$0,$33,$134,$1094,$1,$38,$9,$1193,$1328,$69,$439,$0,$461,$530,$804,$0,$0,$797,$1328,$-1,$45,$-3,$41,$-0,$0,$-22,$-13,$-30,$10,$9,$0,$0,$0,$0,$0,$-20,$-12,$-48,$0,$-48,$98,$98,$0,$12,$63,$61,$0,$0
6,2017-03-31,2.03,$5.46,0.37,$2.20,0.92,$2.52,0.81,$-0.68,0.0,$0.16B,$0.05B,3.02,$0.40B,$0.81B,0.5,$0.19B,$0.18B,93.58%,$0.19B,$-0.01B,-3.74%,$0.19B,$-0.01B,-3.74%,$0.19B,$0.10B,52.94%,$0.19B,$-0.06B,-31.55%,$0.19B,$-0.06B,-31.02%,$-0.06B,$0.81B,-8.05%,$-0.06B,$0.79B,-8.35%,$-0.06B,$1.28B,-4.51%,$-0.01B,$1.21B,-0.59%,$42,$3,$39,$0,$18,$37,$5,$-11,$-6,$0,$-6,$-6,$-6,$28,$5,$92,92,$-0.06,$-0.06,$118,$0,$21,$155,$1044,$1,$16,$7,$1129,$1284,$51,$402,$0,$428,$479,$799,$0,$0,$805,$1284,$-6,$23,$0,$23,$0,$0,$-7,$-14,$-20,$-2,$107,$0,$0,$0,$0,$0,$-9,$98,$-99,$0,$-99,$98,$98,$0,$-2,$-3,$93,$0,$0
7,2016-12-31,1.38,$8.16,0.17,$2.29,0.6,$1.66,0.83,$-0.62,0.0,$0.06B,$0.10B,0.57,$0.45B,$0.68B,0.66,$0.19B,$0.18B,93.19%,$0.19B,$-0.01B,-3.14%,$0.19B,$-0.01B,-3.14%,$0.19B,$0.10B,51.31%,$0.19B,$-0.05B,-27.75%,$0.19B,$-0.05B,-27.23%,$-0.05B,$0.68B,-7.40%,$-0.05B,$0.66B,-7.79%,$-0.05B,$1.27B,-4.01%,$-0.01B,$1.13B,-0.50%,$50,$3,$47,$0,$20,$39,$10,$-12,$-2,$0,$-2,$-2,$-1,$30,$10,$83,83,$-0.02,$-0.02,$25,$0,$20,$56,$1162,$1,$19,$0,$1212,$1269,$99,$450,$11,$489,$588,$677,$0,$0,$680,$1269,$-53,$103,$28,$131,$-6,$0,$4,$-21,$-22,$57,$-15,$0,$0,$0,$21,$21,$-0,$5,$-76,$0,$-76,$0,$0,$0,$4,$-71,$-9,$0,$0
8,2016-09-30,1.36,$8.21,0.17,$2.34,0.58,$0.87,1.57,$-0.51,0.0,$0.08B,$0.06B,1.18,$0.51B,$0.68B,0.75,$0.19B,$0.18B,93.81%,$0.19B,$-0.00B,-0.52%,$0.19B,$-0.00B,-0.52%,$0.19B,$0.10B,53.61%,$0.19B,$-0.04B,-22.16%,$0.19B,$-0.05B,-23.20%,$-0.05B,$0.68B,-6.29%,$-0.05B,$0.66B,-6.70%,$-0.05B,$1.30B,-3.41%,$-0.00B,$1.19B,-0.08%,$50,$2,$48,$0,$17,$77,$-27,$-7,$-34,$0,$-34,$-34,$-34,$14,$-27,$83,83,$-0.40,$-0.40,$42,$0,$24,$76,$1193,$1,$22,$0,$1225,$1301,$64,$512,$11,$555,$619,$679,$0,$0,$682,$1301,$-50,$83,$29,$112,$-3,$0,$3,$-26,$-27,$35,$0,$0,$0,$0,$21,$21,$-0,$20,$-46,$0,$-46,$0,$0,$0,$5,$-41,$14,$0,$0
9,2016-06-30,1.26,$8.61,0.15,$2.42,0.52,$1.62,0.78,$0.02,63.21,$0.03B,$0.06B,0.6,$0.52B,$0.72B,0.72,$0.20B,$0.19B,94.03%,$0.20B,$0.05B,22.39%,$0.20B,$0.05B,22.39%,$0.20B,$0.13B,65.17%,$0.20B,$0.00B,1.49%,$0.20B,$0.00B,0.50%,$0.00B,$0.72B,0.14%,$0.00B,$0.67B,0.15%,$0.00B,$1.29B,0.07%,$0.05B,$1.23B,3.50%,$45,$3,$41,$0,$17,$40,$5,$-22,$-17,$0,$-17,$-17,$-17,$27,$5,$83,83,$-0.20,$-0.20,$27,$0,$0,$33,$1059,$1,$47,$125,$1255,$1288,$56,$516,$0,$517,$573,$712,$0,$0,$716,$1288,$-17,$43,$15,$58,$-1,$0,$-1,$-1,$-3,$39,$0,$0,$0,$0,$-0,$-0,$0,$-0,$-45,$0,$-45,$0,$0,$0,$5,$-40,$-1,$0,$0
10,2016-03-31,1.22,$8.82,0.14,$2.56,0.47,$1.99,0.61,$0.35,3.47,$0.04B,$0.06B,0.75,$0.54B,$0.73B,0.74,$0.21B,$0.20B,95.28%,$0.21B,$0.06B,27.83%,$0.21B,$0.06B,27.83%,$0.21B,$0.14B,67.92%,$0.21B,$0.03B,14.62%,$0.21B,$0.03B,13.68%,$0.03B,$0.73B,3.90%,$0.03B,$0.68B,4.23%,$0.03B,$1.33B,2.12%,$0.06B,$1.28B,4.48%,$46,$3,$42,$0,$17,$39,$6,$-6,$0,$0,$0,$0,$0,$27,$6,$83,83,$0.00,$0.00,$36,$0,$0,$43,$1215,$1,$51,$0,$1291,$1334,$58,$543,$0,$544,$601,$728,$0,$0,$732,$1334,$0,$21,$-0,$21,$6,$0,$-2,$-1,$2,$24,$0,$0,$0,$0,$0,$0,$-0,$-0,$-22,$0,$-22,$0,$0,$0,$5,$-16,$7,$0,$0
11,2015-12-31,2.96,$8.81,0.34,$2.72,1.09,$2.04,1.45,$0.48,6.17,$0.04B,$0.04B,0.96,$0.58B,$0.73B,0.79,$0.22B,$0.21B,95.52%,$0.22B,$0.07B,32.29%,$0.22B,$0.07B,32.29%,$0.22B,$0.16B,69.96%,$0.22B,$0.04B,18.83%,$0.22B,$0.04B,17.94%,$0.04B,$0.73B,5.27%,$0.04B,$0.68B,5.73%,$0.04B,$1.35B,2.92%,$0.07B,$1.31B,5.44%,$53,$3,$51,$0,$17,$38,$15,$-7,$8,$0,$8,$8,$6,$36,$15,$82,82,$0.08,$0.08,$35,$0,$0,$40,$1230,$1,$55,$0,$1310,$1350,$42,$575,$0,$577,$618,$728,$0,$0,$732,$1350,$42,$84,$-18,$66,$9,$0,$6,$2,$16,$123,$-148,$0,$0,$0,$-1,$-1,$-1,$-149,$19,$0,$19,$72,$72,$-132,$-6,$-47,$-73,$0,$-132
12,2015-09-30,6.86,$8.94,0.77,$2.85,2.41,$2.54,2.7,$0.55,12.47,$0.05B,$0.05B,0.91,$0.58B,$0.74B,0.78,$0.23B,$0.22B,94.76%,$0.23B,$0.08B,34.50%,$0.23B,$0.08B,34.50%,$0.23B,$0.16B,70.31%,$0.23B,$0.05B,20.52%,$0.23B,$0.04B,19.21%,$0.04B,$0.74B,5.76%,$0.04B,$0.68B,6.31%,$0.04B,$1.38B,3.22%,$0.08B,$1.33B,5.96%,$57,$2,$55,$0,$16,$39,$19,$-7,$12,$0,$12,$12,$12,$41,$19,$83,83,$0.14,$0.14,$33,$0,$0,$46,$1245,$1,$59,$23,$1330,$1376,$51,$582,$0,$582,$634,$738,$0,$0,$742,$1376,$34,$63,$-17,$45,$1,$0,$19,$0,$18,$97,$0,$0,$0,$0,$0,$0,$-149,$-149,$25,$0,$25,$72,$72,$-114,$-6,$-23,$-74,$0,$-114
13,2015-06-30,9.64,$9.25,1.04,$2.88,3.35,$2.05,4.71,$0.58,16.61,$0.06B,$0.05B,1.28,$0.59B,$0.77B,0.76,$0.23B,$0.21B,93.83%,$0.23B,$0.08B,35.24%,$0.23B,$0.08B,35.24%,$0.23B,$0.16B,69.60%,$0.23B,$0.05B,21.15%,$0.23B,$0.05B,19.82%,$0.05B,$0.77B,5.84%,$0.05B,$0.70B,6.44%,$0.05B,$1.41B,3.32%,$0.08B,$1.36B,6.05%,$56,$2,$54,$0,$16,$37,$19,$-8,$11,$0,$11,$11,$11,$40,$19,$83,83,$0.13,$0.13,$49,$0,$0,$63,$1259,$1,$65,$16,$1343,$1406,$49,$588,$0,$588,$637,$763,$0,$0,$769,$1406,$22,$41,$-9,$31,$0,$0,$14,$0,$15,$69,$0,$0,$0,$0,$0,$0,$-148,$-148,$31,$0,$31,$72,$72,$-76,$-20,$7,$-73,$0,$-76
14,2015-03-31,9.65,$9.58,1.01,$2.91,3.32,$2.24,4.3,$0.82,11.77,$0.12B,$0.03B,3.8,$0.51B,$0.80B,0.65,$0.23B,$0.21B,92.92%,$0.23B,$0.08B,35.84%,$0.23B,$0.08B,35.84%,$0.23B,$0.16B,69.03%,$0.23B,$0.07B,29.65%,$0.23B,$0.06B,28.32%,$0.06B,$0.80B,8.23%,$0.06B,$0.73B,9.13%,$0.06B,$1.34B,4.78%,$0.08B,$1.31B,6.17%,$57,$4,$53,$0,$15,$37,$19,$-9,$11,$0,$11,$11,$11,$39,$19,$80,80,$0.13,$0.13,$101,$0,$0,$120,$1141,$1,$69,$0,$1221,$1341,$31,$514,$0,$514,$545,$789,$0,$0,$795,$1341,$11,$20,$-1,$19,$-4,$0,$2,$0,$-2,$27,$0,$0,$0,$0,$0,$0,$-15,$-15,$-48,$0,$-48,$72,$72,$-38,$2,$-12,$0,$0,$-38
15,2014-12-31,8.5,$9.68,0.88,$2.98,2.85,$1.90,4.48,$0.93,9.14,$0.12B,$0.03B,3.83,$0.56B,$0.75B,0.75,$0.23B,$0.21B,92.92%,$0.23B,$0.06B,25.22%,$0.23B,$0.06B,25.22%,$0.23B,$0.16B,69.47%,$0.23B,$0.07B,32.74%,$0.23B,$0.07B,31.42%,$0.07B,$0.75B,9.12%,$0.07B,$0.68B,10.19%,$0.07B,$1.34B,5.30%,$0.06B,$1.31B,4.33%,$59,$4,$55,$0,$16,$38,$22,$-8,$13,$0,$13,$13,$10,$41,$22,$77,77,$0.16,$0.16,$100,$0,$0,$115,$1139,$1,$74,$0,$1224,$1339,$30,$560,$0,$560,$590,$744,$0,$0,$749,$1339,$75,$100,$-9,$90,$3,$0,$2,$1,$6,$172,$-156,$0,$0,$0,$0,$0,$33,$-123,$49,$0,$49,$104,$104,$-139,$1,$16,$64,$0,$-139
16,2014-09-30,14.45,$9.97,1.45,$2.99,4.83,$-1.87,0.0,$0.90,16.05,$0.15B,$0.03B,5.41,$0.54B,$0.77B,0.71,$0.22B,$0.20B,92.69%,$0.22B,$0.05B,23.29%,$0.22B,$0.05B,23.29%,$0.22B,$0.15B,69.41%,$0.22B,$0.07B,32.42%,$0.22B,$0.07B,32.42%,$0.07B,$0.77B,9.25%,$0.07B,$0.69B,10.52%,$0.07B,$1.34B,5.39%,$0.05B,$1.32B,3.93%,$55,$4,$51,$0,$14,$35,$20,$-7,$13,$0,$13,$13,$13,$38,$20,$77,77,$0.16,$0.16,$141,$0,$0,$150,$1099,$1,$79,$6,$1193,$1343,$28,$544,$0,$544,$572,$766,$0,$0,$771,$1343,$61,$81,$-6,$74,$8,$0,$4,$2,$13,$149,$-96,$0,$0,$0,$0,$0,$27,$-69,$23,$0,$23,$104,$104,$-104,$1,$26,$105,$0,$-104
17,2014-06-30,15.39,$10.26,1.5,$2.98,5.16,$-1.87,0.0,$0.93,16.55,$0.20B,$0.02B,9.86,$0.52B,$0.79B,0.66,$0.21B,$0.20B,92.42%,$0.21B,$0.05B,21.33%,$0.21B,$0.05B,21.33%,$0.21B,$0.15B,69.67%,$0.21B,$0.07B,33.65%,$0.21B,$0.07B,33.65%,$0.07B,$0.79B,9.38%,$0.07B,$0.71B,10.89%,$0.07B,$1.34B,5.65%,$0.05B,$1.32B,3.64%,$55,$4,$51,$0,$14,$35,$20,$10,$30,$0,$30,$30,$30,$38,$20,$77,77,$0.37,$0.37,$185,$0,$0,$196,$1046,$1,$83,$3,$1141,$1337,$20,$523,$0,$523,$543,$788,$0,$0,$794,$1337,$48,$62,$-3,$60,$5,$0,$2,$1,$8,$116,$-37,$0,$0,$0,$0,$0,$33,$-4,$-3,$0,$-3,$104,$104,$-68,$2,$36,$148,$0,$-68
18,2014-03-31,15.07,$10.33,1.46,$3.02,4.98,$-2.11,0.0,$0.85,17.72,$0.19B,$0.02B,11.01,$0.53B,$0.80B,0.66,$0.21B,$0.19B,92.20%,$0.21B,$0.04B,19.02%,$0.21B,$0.04B,19.02%,$0.21B,$0.15B,71.71%,$0.21B,$0.06B,29.76%,$0.21B,$0.06B,29.76%,$0.06B,$0.80B,8.41%,$0.06B,$0.71B,10.06%,$0.06B,$1.34B,5.16%,$0.04B,$1.33B,3.36%,$57,$4,$53,$0,$14,$62,$-5,$23,$18,$0,$18,$18,$18,$40,$-5,$74,74,$0.24,$0.24,$142,$0,$0,$187,$1059,$1,$88,$0,$1156,$1343,$17,$527,$0,$527,$544,$793,$0,$0,$799,$1343,$18,$44,$-0,$44,$4,$0,$1,$-32,$-26,$36,$-37,$0,$0,$0,$0,$0,$33,$-4,$-2,$0,$-2,$104,$104,$-33,$2,$73,$105,$0,$-33
19,2013-12-31,14.43,$9.95,1.45,$3.04,4.74,$-1.64,0.0,$0.85,16.97,$0.05B,$0.02B,3.49,$0.53B,$0.71B,0.75,$0.20B,$0.18B,92.42%,$0.20B,$0.06B,31.82%,$0.20B,$0.06B,31.82%,$0.20B,$0.15B,73.23%,$0.20B,$0.06B,29.80%,$0.20B,$0.06B,29.80%,$0.06B,$0.71B,8.50%,$0.06B,$0.59B,10.54%,$0.06B,$1.25B,5.44%,$0.06B,$1.23B,5.96%,$52,$4,$48,$0,$12,$36,$16,$-6,$10,$0,$10,$10,$10,$36,$16,$66,66,$0.15,$0.15,$37,$0,$0,$54,$1033,$1,$119,$34,$1196,$1250,$16,$528,$0,$528,$544,$702,$0,$0,$707,$1250,$59,$82,$-0,$82,$-9,$0,$-20,$-7,$-36,$105,$-341,$0,$0,$0,$-1,$-1,$-41,$-383,$233,$0,$233,$148,$148,$-122,$22,$281,$3,$0,$-122
20,2013-09-30,10.76,$10.26,1.05,$3.17,3.4,$3.49,3.09,$1.37,7.85,$0.16B,$0.03B,5.75,$0.34B,$0.73B,0.47,$0.20B,$0.19B,92.96%,$0.20B,$0.07B,34.17%,$0.20B,$0.07B,34.17%,$0.20B,$0.15B,74.87%,$0.20B,$0.09B,44.72%,$0.20B,$0.09B,44.72%,$0.09B,$0.73B,13.23%,$0.09B,$0.60B,16.86%,$0.09B,$1.10B,8.81%,$0.07B,$1.07B,6.99%,$47,$4,$43,$0,$10,$32,$14,$-1,$13,$0,$13,$13,$13,$33,$14,$66,66,$0.16,$0.16,$147,$0,$0,$163,$751,$0,$129,$51,$936,$1099,$28,$342,$0,$342,$370,$724,$0,$0,$729,$1099,$49,$62,$-0,$62,$-8,$0,$-3,$-7,$-19,$92,$-47,$0,$0,$0,$0,$0,$-60,$-108,$45,$0,$45,$148,$148,$-90,$26,$129,$114,$0,$-90
21,2013-06-30,10.31,$10.20,1.01,$3.38,3.05,$3.26,3.16,$1.54,6.7,$0.09B,$0.03B,3.29,$0.34B,$0.67B,0.51,$0.21B,$0.20B,93.75%,$0.21B,$0.08B,37.50%,$0.21B,$0.08B,37.50%,$0.21B,$0.16B,76.44%,$0.21B,$0.10B,47.12%,$0.21B,$0.10B,47.12%,$0.10B,$0.67B,15.27%,$0.10B,$0.53B,20.13%,$0.10B,$1.04B,10.03%,$0.08B,$1.01B,8.38%,$49,$4,$45,$0,$10,$35,$14,$6,$20,$0,$20,$20,$20,$38,$14,$65,65,$0.29,$0.29,$63,$0,$0,$86,$707,$0,$138,$98,$948,$1035,$26,$343,$0,$343,$369,$663,$0,$0,$666,$1035,$36,$43,$-0,$43,$-15,$0,$-7,$-6,$-27,$51,$0,$0,$0,$0,$0,$0,$-102,$-102,$45,$0,$45,$70,$70,$-60,$25,$81,$30,$0,$-60
22,2013-03-31,10.03,$10.36,0.97,$3.49,2.88,$3.03,3.31,$1.54,6.51,$0.09B,$0.04B,2.33,$0.24B,$0.68B,0.35,$0.21B,$0.20B,93.75%,$0.21B,$0.08B,39.90%,$0.21B,$0.08B,39.90%,$0.21B,$0.16B,75.96%,$0.21B,$0.10B,45.67%,$0.21B,$0.10B,45.67%,$0.10B,$0.68B,15.12%,$0.10B,$0.53B,20.53%,$0.10B,$0.95B,9.98%,$0.08B,$0.92B,9.22%,$50,$3,$47,$0,$10,$32,$19,$-2,$16,$0,$16,$16,$16,$38,$19,$63,63,$0.24,$0.24,$75,$0,$0,$85,$713,$0,$151,$0,$867,$952,$36,$239,$0,$239,$276,$673,$0,$0,$676,$952,$16,$19,$-0,$19,$-1,$0,$0,$-4,$-6,$29,$0,$0,$0,$0,$0,$0,$0,$0,$-57,$0,$-57,$70,$70,$-30,$30,$12,$42,$0,$-30
23,2012-12-31,8.24,$10.29,0.8,$3.57,2.31,$3.26,2.53,$1.60,5.15,$0.07B,$0.06B,1.16,$0.28B,$0.62B,0.45,$0.21B,$0.19B,93.69%,$0.21B,$0.08B,40.29%,$0.21B,$0.08B,40.29%,$0.21B,$0.16B,75.73%,$0.21B,$0.10B,46.60%,$0.21B,$0.10B,46.60%,$0.10B,$0.62B,16.07%,$0.10B,$0.46B,22.46%,$0.10B,$0.96B,10.31%,$0.08B,$0.90B,9.44%,$53,$3,$50,$0,$10,$32,$21,$19,$40,$0,$40,$40,$40,$40,$21,$58,58,$0.05,$0.05,$62,$0,$0,$70,$721,$0,$160,$0,$885,$955,$60,$276,$0,$276,$336,$617,$0,$0,$619,$955,$96,$72,$-0,$72,$-3,$0,$18,$-5,$11,$179,$-89,$-21,$0,$0,$0,$0,$0,$-110,$-26,$0,$-26,$69,$69,$-107,$-21,$-85,$-16,$0,$-107
24,2012-09-30,9.66,$10.08,0.96,$3.77,2.56,$2.82,3.42,$1.30,7.43,$0.06B,$0.06B,1.01,$0.30B,$0.61B,0.49,$0.20B,$0.19B,93.60%,$0.20B,$0.08B,40.89%,$0.20B,$0.08B,40.89%,$0.20B,$0.16B,76.35%,$0.20B,$0.08B,36.95%,$0.20B,$0.08B,36.95%,$0.08B,$0.61B,12.88%,$0.08B,$0.44B,18.35%,$0.08B,$0.97B,8.15%,$0.08B,$0.91B,9.56%,$56,$3,$53,$0,$10,$31,$24,$-2,$22,$0,$22,$22,$22,$43,$24,$60,60,$0.36,$0.36,$52,$0,$0,$61,$730,$0,$170,$0,$904,$965,$60,$298,$0,$298,$359,$604,$0,$0,$606,$965,$56,$53,$-0,$53,$-3,$0,$15,$-5,$6,$115,$-89,$-21,$0,$0,$0,$0,$0,$-110,$-0,$0,$-0,$69,$69,$-79,$-19,$-30,$-24,$0,$-79
25,2012-06-30,8.6,$10.17,0.84,$3.87,2.22,$2.80,3.07,$1.29,6.66,$0.06B,$0.05B,1.13,$0.27B,$0.61B,0.45,$0.20B,$0.18B,93.33%,$0.20B,$0.08B,40.00%,$0.20B,$0.08B,40.00%,$0.20B,$0.15B,75.90%,$0.20B,$0.07B,35.90%,$0.20B,$0.07B,35.90%,$0.07B,$0.61B,12.23%,$0.07B,$0.43B,17.73%,$0.07B,$0.94B,7.68%,$0.08B,$0.89B,9.08%,$49,$4,$45,$0,$9,$30,$19,$-3,$17,$0,$17,$17,$17,$37,$19,$57,57,$0.29,$0.29,$52,$0,$0,$57,$697,$0,$180,$0,$879,$937,$51,$274,$0,$274,$325,$609,$0,$0,$612,$937,$34,$35,$-0,$35,$0,$0,$4,$-2,$4,$72,$-41,$-19,$0,$0,$0,$0,$0,$-60,$-36,$0,$-36,$69,$69,$-52,$-1,$-20,$-7,$0,$-52
26,2012-03-31,10.24,$10.12,1.01,$4.01,2.55,$1.93,5.29,$1.29,7.94,$0.04B,$0.03B,1.19,$0.28B,$0.55B,0.51,$0.19B,$0.18B,93.23%,$0.19B,$0.07B,38.54%,$0.19B,$0.07B,38.54%,$0.19B,$0.15B,76.04%,$0.19B,$0.07B,34.90%,$0.19B,$0.07B,34.90%,$0.07B,$0.55B,11.90%,$0.07B,$0.38B,17.55%,$0.07B,$0.87B,7.34%,$0.07B,$0.83B,8.62%,$48,$3,$45,$0,$9,$29,$19,$-2,$17,$0,$17,$17,$17,$36,$19,$55,55,$0.30,$0.30,$35,$0,$0,$39,$659,$0,$168,$1,$829,$868,$32,$281,$0,$284,$316,$544,$0,$0,$552,$868,$17,$17,$-0,$17,$1,$0,$3,$-1,$4,$38,$0,$0,$0,$0,$0,$0,$0,$0,$-35,$0,$-35,$0,$0,$-25,$7,$-52,$-15,$0,$-25
27,2011-12-31,8.81,$11.94,0.74,$4.15,2.12,$1.99,4.43,$1.34,6.58,$0.06B,$0.06B,1.12,$0.29B,$0.56B,0.52,$0.19B,$0.17B,93.05%,$0.19B,$0.07B,39.57%,$0.19B,$0.07B,39.57%,$0.19B,$0.14B,76.47%,$0.19B,$0.07B,35.83%,$0.19B,$0.07B,35.83%,$0.07B,$0.56B,12.26%,$0.07B,$0.38B,18.28%,$0.07B,$0.91B,7.42%,$0.07B,$0.85B,8.78%,$50,$4,$47,$0,$8,$29,$21,$-3,$19,$0,$19,$19,$19,$39,$21,$45,45,$0.34,$0.34,$57,$0,$0,$64,$667,$0,$177,$0,$846,$910,$57,$289,$0,$294,$350,$730,$0,$0,$560,$910,$65,$69,$-0,$69,$-4,$0,$2,$-6,$-6,$127,$-76,$-44,$0,$0,$0,$0,$0,$-120,$5,$0,$5,$86,$86,$-95,$-6,$-11,$-3,$0,$-95
28,2011-09-30,7.73,$12.07,0.64,$4.30,1.8,$-4.94,0.0,$1.37,5.64,$0.07B,$0.06B,1.19,$0.30B,$0.57B,0.53,$0.18B,$0.17B,92.74%,$0.18B,$0.07B,40.78%,$0.18B,$0.07B,40.78%,$0.18B,$0.14B,75.98%,$0.18B,$0.07B,36.87%,$0.18B,$0.07B,36.87%,$0.07B,$0.57B,12.46%,$0.07B,$0.38B,18.80%,$0.07B,$0.93B,7.45%,$0.07B,$0.87B,8.83%,$48,$3,$45,$0,$8,$29,$19,$-3,$17,$0,$17,$17,$17,$36,$19,$47,47,$0.35,$0.35,$58,$0,$0,$66,$675,$0,$186,$0,$864,$930,$56,$302,$0,$308,$364,$734,$0,$0,$566,$930,$47,$51,$-0,$51,$-5,$0,$8,$-5,$-2,$96,$-76,$-44,$0,$0,$0,$0,$0,$-120,$12,$0,$12,$86,$86,$-71,$-6,$22,$-2,$0,$-71
29,2011-06-30,10.38,$12.24,0.85,$4.38,2.37,$-8.52,0.0,$1.40,7.41,$0.06B,$0.05B,1.21,$0.31B,$0.57B,0.54,$0.17B,$0.16B,92.31%,$0.17B,$0.07B,42.60%,$0.17B,$0.07B,42.60%,$0.17B,$0.13B,76.33%,$0.17B,$0.07B,38.46%,$0.17B,$0.07B,38.46%,$0.07B,$0.57B,13.53%,$0.07B,$0.38B,20.59%,$0.07B,$0.94B,7.91%,$0.07B,$0.88B,9.35%,$46,$3,$42,$0,$8,$31,$15,$-2,$14,$0,$14,$14,$14,$35,$15,$46,46,$0.29,$0.29,$56,$0,$0,$63,$684,$0,$195,$0,$881,$944,$52,$310,$0,$318,$370,$738,$0,$0,$574,$944,$30,$34,$-0,$34,$-3,$0,$4,$-4,$-2,$62,$-76,$-44,$0,$0,$0,$0,$0,$-120,$20,$0,$20,$86,$86,$-46,$-1,$60,$2,$0,$-46
30,2011-03-31,11.24,$11.64,0.97,$4.40,2.56,$-12.00,0.0,$1.48,7.59,$0.06B,$0.05B,1.21,$0.29B,$0.49B,0.59,$0.16B,$0.14B,92.31%,$0.16B,$0.07B,46.15%,$0.16B,$0.07B,46.15%,$0.16B,$0.12B,76.28%,$0.16B,$0.06B,41.03%,$0.16B,$0.06B,41.03%,$0.06B,$0.49B,14.88%,$0.06B,$0.32B,22.90%,$0.06B,$0.83B,8.46%,$0.07B,$0.77B,10.14%,$43,$3,$40,$0,$7,$24,$19,$-2,$17,$0,$17,$17,$17,$33,$19,$42,42,$0.35,$0.35,$54,$0,$0,$59,$605,$0,$163,$0,$771,$830,$49,$285,$0,$294,$344,$649,$0,$0,$486,$830,$17,$14,$-0,$14,$-2,$0,$5,$-3,$0,$31,$0,$0,$0,$0,$0,$0,$0,$0,$-7,$0,$-7,$0,$0,$-22,$0,$-29,$2,$0,$-22
31,2010-12-31,10.52,$11.76,0.89,$4.47,2.35,$-15.69,0.0,$1.52,6.92,$0.06B,$0.05B,1.22,$0.29B,$0.49B,0.6,$0.14B,$0.13B,91.55%,$0.14B,$0.07B,47.18%,$0.14B,$0.07B,47.18%,$0.14B,$0.11B,75.35%,$0.14B,$0.06B,42.25%,$0.14B,$0.06B,42.25%,$0.06B,$0.49B,15.78%,$0.06B,$0.32B,24.54%,$0.06B,$0.84B,8.70%,$0.07B,$0.78B,10.34%,$42,$3,$39,$0,$7,$23,$20,$-1,$18,$0,$18,$18,$18,$32,$20,$34,34,$0.37,$0.37,$52,$0,$0,$56,$612,$0,$170,$0,$785,$841,$45,$292,$1,$304,$349,$652,$0,$0,$492,$841,$61,$42,$-0,$42,$-0,$0,$1,$-7,$-6,$96,$-292,$-156,$0,$0,$0,$0,$0,$-448,$127,$0,$127,$254,$254,$-72,$17,$325,$-27,$0,$-72
32,2010-09-30,9.83,$10.68,0.92,$4.70,2.09,$-6.57,0.0,$1.53,6.43,$0.05B,$0.02B,3.34,$0.27B,$0.37B,0.73,$0.13B,$0.11B,89.68%,$0.13B,$0.06B,47.62%,$0.13B,$0.06B,47.62%,$0.13B,$0.09B,73.81%,$0.13B,$0.05B,42.06%,$0.13B,$0.05B,42.06%,$0.05B,$0.37B,17.14%,$0.05B,$0.24B,25.70%,$0.05B,$0.67B,9.01%,$0.06B,$0.64B,10.85%,$38,$3,$35,$0,$6,$20,$18,$-2,$16,$0,$16,$16,$16,$29,$18,$35,35,$0.38,$0.38,$46,$0,$0,$49,$487,$0,$131,$0,$621,$670,$15,$272,$1,$285,$300,$533,$0,$0,$370,$670,$42,$29,$-0,$29,$-0,$0,$1,$-7,$-6,$65,$-175,$-111,$0,$0,$0,$0,$0,$-286,$77,$0,$77,$147,$147,$-51,$15,$188,$-33,$0,$-51
33,2010-06-30,8.15,$10.73,0.76,$4.97,1.64,$0.58,13.94,$1.59,5.12,$0.05B,$0.03B,2.05,$0.27B,$0.37B,0.73,$0.11B,$0.10B,87.50%,$0.11B,$0.05B,48.21%,$0.11B,$0.05B,48.21%,$0.11B,$0.08B,72.32%,$0.11B,$0.05B,42.86%,$0.11B,$0.05B,42.86%,$0.05B,$0.37B,18.95%,$0.05B,$0.24B,27.47%,$0.05B,$0.69B,9.30%,$0.05B,$0.64B,11.30%,$33,$3,$30,$0,$6,$19,$15,$-1,$13,$0,$13,$13,$13,$25,$15,$33,33,$0.37,$0.37,$49,$0,$0,$53,$493,$0,$137,$0,$633,$685,$26,$272,$2,$288,$313,$534,$0,$0,$372,$685,$26,$18,$-0,$18,$-1,$0,$10,$-5,$7,$50,$-175,$-111,$0,$0,$0,$0,$0,$-286,$77,$0,$77,$147,$147,$-33,$15,$206,$-29,$0,$-33
34,2010-03-31,8.85,$9.73,0.91,$5.36,1.65,$8.00,1.11,$1.44,6.14,$0.03B,$0.02B,1.44,$0.24B,$0.29B,0.82,$0.10B,$0.09B,86.14%,$0.10B,$0.05B,44.55%,$0.10B,$0.05B,44.55%,$0.10B,$0.07B,64.36%,$0.10B,$0.04B,38.61%,$0.10B,$0.04B,38.61%,$0.04B,$0.29B,20.69%,$0.04B,$0.18B,28.73%,$0.04B,$0.56B,9.02%,$0.05B,$0.52B,11.43%,$29,$3,$26,$0,$5,$16,$14,$-1,$13,$0,$13,$13,$13,$21,$14,$27,27,$0.39,$0.39,$26,$0,$0,$29,$427,$0,$104,$0,$533,$562,$20,$237,$2,$255,$275,$448,$0,$0,$287,$562,$13,$8,$-0,$8,$-0,$0,$7,$-3,$3,$24,$-103,$-73,$0,$0,$0,$0,$0,$-176,$42,$0,$42,$59,$59,$-15,$14,$99,$-53,$0,$-15
35,2009-12-31,7.25,$8.56,0.85,$5.82,1.25,$14.10,0.51,$1.53,4.74,$0.09B,$0.01B,6.93,$0.20B,$0.21B,0.94,$0.09B,$0.08B,84.95%,$0.09B,$0.04B,45.16%,$0.09B,$0.04B,45.16%,$0.09B,$0.06B,63.44%,$0.09B,$0.04B,37.63%,$0.09B,$0.04B,37.63%,$0.04B,$0.21B,25.74%,$0.04B,$0.17B,32.04%,$0.04B,$0.44B,9.45%,$0.04B,$0.40B,12.69%,$26,$4,$22,$0,$4,$13,$13,$-2,$11,$0,$11,$11,$11,$18,$13,$17,17,$0.40,$0.40,$91,$0,$0,$93,$302,$0,$40,$0,$344,$437,$13,$195,$3,$215,$229,$370,$0,$0,$208,$437,$34,$17,$5,$22,$-0,$0,$0,$24,$24,$81,$-24,$-43,$0,$0,$0,$0,$-3,$-69,$-40,$0,$-40,$127,$127,$-39,$-10,$38,$50,$0,$-39
36,2009-09-30,5.68,$7.35,0.77,$5.33,1.07,$9.50,0.6,$1.55,3.67,$0.07B,$0.02B,3.98,$0.20B,$0.15B,1.33,$0.09B,$0.08B,85.39%,$0.09B,$0.04B,44.94%,$0.09B,$0.04B,44.94%,$0.09B,$0.06B,62.92%,$0.09B,$0.03B,37.08%,$0.09B,$0.03B,37.08%,$0.03B,$0.15B,31.96%,$0.03B,$0.11B,38.15%,$0.03B,$0.38B,9.66%,$0.04B,$0.34B,13.41%,$24,$4,$20,$0,$3,$11,$12,$-2,$11,$0,$11,$11,$11,$17,$12,$17,17,$0.44,$0.44,$64,$0,$0,$65,$280,$0,$33,$0,$316,$380,$16,$195,$3,$218,$234,$309,$0,$0,$146,$380,$23,$12,$5,$17,$0,$0,$4,$25,$29,$70,$0,$-35,$0,$0,$0,$0,$0,$-35,$-40,$0,$-40,$66,$66,$-27,$-9,$-10,$25,$0,$-27
37,2009-06-30,4.58,$6.59,0.69,$5.53,0.83,$2.61,1.75,$1.52,3.01,$0.03B,$0.02B,1.71,$0.20B,$0.11B,1.73,$0.09B,$0.07B,86.05%,$0.09B,$0.04B,45.35%,$0.09B,$0.04B,45.35%,$0.09B,$0.05B,62.79%,$0.09B,$0.03B,36.05%,$0.09B,$0.03B,36.05%,$0.03B,$0.11B,36.15%,$0.03B,$0.08B,40.13%,$0.03B,$0.35B,9.47%,$0.04B,$0.31B,13.41%,$22,$3,$19,$0,$10,$17,$6,$-2,$4,$0,$4,$4,$4,$9,$6,$16,16,$0.22,$0.22,$29,$0,$0,$29,$284,$0,$34,$0,$320,$350,$17,$195,$4,$220,$237,$276,$0,$0,$113,$350,$13,$7,$5,$12,$-0,$0,$5,$27,$32,$57,$0,$-35,$0,$0,$0,$0,$0,$-35,$-40,$0,$-40,$34,$34,$-17,$-7,$-30,$-8,$0,$-17
38,2009-03-31,3.73,$5.66,0.66,$5.82,0.64,$-2.97,0.0,$1.69,2.21,$0.02B,$0.02B,1.59,$0.20B,$0.08B,2.53,$0.08B,$0.07B,85.37%,$0.08B,$0.04B,51.22%,$0.08B,$0.04B,51.22%,$0.08B,$0.06B,69.51%,$0.08B,$0.03B,41.46%,$0.08B,$0.03B,41.46%,$0.03B,$0.08B,52.71%,$0.03B,$0.08B,52.71%,$0.03B,$0.31B,11.35%,$0.04B,$0.27B,15.51%,$21,$3,$18,$0,$4,$10,$11,$-2,$9,$0,$9,$9,$9,$15,$11,$14,14,$0.41,$0.41,$23,$0,$0,$24,$288,$0,$0,$0,$290,$314,$15,$195,$4,$222,$237,$244,$0,$0,$77,$314,$9,$3,$-1,$3,$-0,$0,$3,$29,$31,$43,$0,$0,$0,$0,$0,$0,$0,$0,$-40,$0,$-40,$0,$0,$-9,$-5,$-54,$-11,$0,$-9
39,2008-12-31,3.02,$5.64,0.54,$5.64,0.54,$-5.79,0.0,$1.56,1.94,$0.03B,$0.05B,0.63,$0.20B,$0.08B,2.54,$0.08B,$0.06B,84.00%,$0.08B,$0.04B,49.33%,$0.08B,$0.04B,49.33%,$0.08B,$0.05B,68.00%,$0.08B,$0.03B,38.67%,$0.08B,$0.03B,38.67%,$0.03B,$0.08B,55.77%,$0.03B,$0.08B,55.77%,$0.03B,$0.32B,10.66%,$0.04B,$0.27B,14.76%,$22,$3,$19,$0,$4,$11,$11,$-2,$9,$0,$9,$9,$9,$15,$11,$21,21,$0.41,$0.41,$28,$0,$0,$29,$291,$0,$0,$1,$294,$323,$46,$195,$5,$200,$246,$244,$0,$0,$77,$323,$29,$13,$1,$13,$0,$0,$-3,$2,$0,$42,$-70,$0,$0,$0,$0,$0,$0,$-70,$70,$0,$70,$0,$1,$-25,$-0,$46,$18,$0,$-25
40,2008-09-30,3.03,$0.00,0.0,$4.63,0.65,$-4.50,0.0,$1.15,2.63,$0.03B,$0.01B,3.71,$0.24B,$0.08B,3.08,$0.05B,$0.04B,83.02%,$0.05B,$0.03B,49.06%,$0.05B,$0.03B,49.06%,$0.05B,$0.04B,67.92%,$0.05B,$0.02B,37.74%,$0.05B,$0.02B,37.74%,$0.02B,$0.08B,50.63%,$0.02B,$0.08B,50.63%,$0.02B,$0.32B,8.25%,$0.03B,$0.31B,11.27%,$21,$3,$18,$0,$4,$10,$11,$-2,$9,$0,$9,$9,$9,$15,$11,$14,14,$0.41,$0.41,$25,$0,$0,$26,$0,$0,$0,$0,$3,$323,$7,$235,$5,$240,$247,$83,$0,$0,$76,$323,$20,$9,$1,$10,$0,$0,$-2,$2,$0,$30,$-70,$0,$0,$0,$0,$0,$0,$-70,$70,$0,$70,$0,$0,$-16,$1,$54,$15,$0,$-16
