,Date,Stock Price,Book Value per Share,Price to Book Ratio,TTM Sales per Share,Price to Sales Ratio,TTM FCF per Share,Price to FCF Ratio,TTM Net EPS,PE Ratio,Current Assets,Current Liabilities,Current Ratio,Long Term Debt,Shareholder's Equity_x,Debt to Equity Ratio,TTM Revenue_x,TTM Gross Profit,Gross Margin,TTM Revenue_y,TTM Operating Income,Operating Margin,TTM Revenue_x,TTM EBIT,EBIT Margin,TTM Revenue_y,TTM EBITDA,EBITDA Margin,TTM Revenue_x,TTM Pre-Tax Income,Pre-Tax Margin,TTM Revenue_y,TTM Net Income_x,Net Margin,TTM Net Income_y,Shareholder's Equity_y,Return on Equity,TTM Net Income_x,Tangible Equity,Return on Tangible Equity,TTM Net Income_y,Total Assets,Return on Assets,TTM Net Income,LT Investments & Debt,Return on Investment,revenue,cost-goods-sold,gross-profit,research-development-expenses,selling-general-administrative-expenses,operating-expenses,operating-income,total-non-operating-income-expense,pre-tax-income,total-provision-income-taxes,income-after-taxes,income-from-continuous-operations,net-income,ebitda,ebit,basic-shares-outstanding,shares-outstanding,eps-basic-net-earnings-per-share,eps-earnings-per-share-diluted,cash-on-hand,inventory,other-current-assets,total-current-assets,net-property-plant-equipment,long-term-investments,goodwill-intangible-assets-total,other-long-term-assets,total-long-term-assets,total-assets,total-current-liabilities,long-term-debt,other-non-current-liabilities,total-long-term-liabilities,total-liabilities,common-stock-net,retained-earnings-accumulated-deficit,comprehensive-income,total-share-holder-equity,total-liabilities-share-holders-equity,net-income-loss,total-depreciation-amortization-cash-flow,other-non-cash-items,total-non-cash-items,change-in-accounts-receivable,change-in-inventories,change-in-accounts-payable,change-in-assets-liabilities,total-change-in-assets-liabilities,cash-flow-from-operating-activities,net-change-in-property-plant-equipment,net-change-in-intangible-assets,net-acquisitions-divestitures,net-change-in-short-term-investments,net-change-in-long-term-investments,net-change-in-investments-total,investing-activities-other,cash-flow-from-investing-activities,net-long-term-debt,net-current-debt,debt-issuance-retirement-net-total,net-common-equity-issued-repurchased,net-total-equity-issued-repurchased,total-common-preferred-stock-dividends-paid,financial-activities-other,cash-flow-from-financial-activities,net-cash-flow,stock-based-compensation,common-stock-dividends-paid
0,2018-09-30,4.78,$8.21,0.58,$5.00,0.96,$-2.67,0.0,$0.29,16.48,$242.73B,$235.98B,1.03,$146.65B,$25.61B,5.73,$17.38B,$16.55B,95.24%,$17.38B,$4.35B,25.01%,$17.38B,$9.61B,55.32%,$17.38B,$10.19B,58.65%,$17.38B,$1.64B,9.43%,$17.38B,$0.94B,5.43%,$0.94B,$25.61B,3.67%,$0.94B,$25.61B,3.67%,$0.94B,$408.24B,0.24%,$4.35B,$172.27B,2.56%,$4035,$176,$3859,$0,$1645,$3310,$725,$-721,$4,$87,$-83,$-83,$-101,$2337,$2214,$3395,3389,$-0.03,$-0.03,$210482,$0,$0,$242728,$2915,$150346,$0,$12254,$165516,$408243,$235978,$146651,$0,$146651,$382629,$5350,$15133,$57,$25614,$408243,$-23,$259,$111,$369,$0,$-6411,$2410,$4701,$634,$980,$32,$0,$0,$0,$345,$345,$-120,$256,$1977,$1948,$3925,$-88,$-88,$-336,$230,$3731,$5589,$0,$-336
1,2018-06-30,4.79,$7.70,0.62,$4.97,0.96,$-3.79,0.0,$0.42,11.4,$220.21B,$224.55B,0.98,$143.30B,$26.18B,5.47,$17.50B,$16.63B,94.98%,$17.50B,$4.88B,27.87%,$17.50B,$9.66B,55.16%,$17.50B,$10.28B,58.70%,$17.50B,$2.38B,13.61%,$17.50B,$1.51B,8.63%,$1.51B,$26.18B,5.85%,$1.51B,$26.18B,5.85%,$1.51B,$394.02B,0.39%,$4.88B,$169.47B,2.87%,$3965,$193,$3772,$0,$1702,$3358,$607,$-482,$126,$64,$62,$62,$48,$2205,$2070,$3396,3475,$0.01,$0.01,$188210,$0,$0,$220214,$3107,$158456,$0,$12246,$173808,$394022,$224551,$143295,$0,$143295,$367846,$5469,$15668,$-207,$26176,$394022,$62,$135,$-102,$34,$0,$-9026,$5188,$3121,$-888,$-793,$-54,$0,$0,$0,$122,$122,$50,$118,$-893,$2518,$1625,$1,$1,$-343,$3,$1285,$997,$0,$-343
2,2018-03-31,5.85,$7.43,0.79,$4.99,1.17,$-4.87,0.0,$0.55,10.64,$209.83B,$199.76B,1.05,$140.36B,$25.20B,5.57,$17.75B,$16.85B,94.93%,$17.75B,$5.53B,31.13%,$17.75B,$9.80B,55.22%,$17.75B,$10.45B,58.85%,$17.75B,$2.95B,16.64%,$17.75B,$1.98B,11.13%,$1.98B,$25.20B,7.65%,$1.98B,$25.20B,7.65%,$1.98B,$365.32B,0.51%,$5.53B,$165.56B,3.27%,$4654,$233,$4421,$0,$1835,$3279,$1375,$-941,$434,$220,$215,$215,$213,$2730,$2586,$3475,3544,$0.06,$0.06,$172771,$0,$0,$209831,$3051,$140595,$0,$11846,$155491,$365322,$199761,$140362,$0,$140362,$340124,$5350,$15272,$-534,$25198,$365322,$2019,$644,$-155,$489,$0,$2708,$1197,$-10371,$-6519,$-4011,$-548,$0,$-118,$0,$734,$734,$-572,$-506,$3150,$1935,$5085,$-975,$-975,$-632,$-119,$3359,$-1640,$87,$-632
3,2017-12-31,5.72,$7.61,0.75,$4.72,1.21,$-0.44,0.0,$0.64,8.94,$223.34B,$222.99B,1.0,$147.02B,$25.86B,5.69,$16.90B,$16.01B,94.76%,$16.90B,$5.44B,32.20%,$16.90B,$9.20B,54.44%,$16.90B,$9.88B,58.44%,$16.90B,$3.25B,19.25%,$16.90B,$2.31B,13.66%,$2.31B,$25.86B,8.83%,$2.31B,$25.86B,8.83%,$2.31B,$395.87B,0.58%,$5.44B,$172.88B,3.20%,$4723,$225,$4498,$0,$1755,$3084,$1639,$-564,$1075,$276,$799,$799,$783,$2919,$2743,$3449,3495,$0.23,$0.22,$190387,$0,$0,$223344,$2895,$156518,$0,$13112,$172525,$395869,$222991,$147018,$0,$147018,$370008,$5291,$15241,$108,$25861,$395869,$1793,$500,$119,$620,$0,$-4742,$1364,$-3939,$-7228,$-4816,$-205,$0,$0,$0,$478,$478,$-67,$207,$2967,$1264,$4230,$-895,$-895,$-625,$193,$2903,$-1600,$0,$-625
4,2017-09-30,5.47,$7.47,0.73,$4.50,1.22,$3.69,1.49,$0.60,9.12,$224.05B,$225.13B,1.0,$145.79B,$26.03B,5.6,$16.26B,$15.39B,94.64%,$16.26B,$5.27B,32.38%,$16.26B,$8.61B,52.96%,$16.26B,$9.25B,56.89%,$16.26B,$3.06B,18.83%,$16.26B,$2.17B,13.36%,$2.17B,$26.03B,8.27%,$2.17B,$26.03B,8.27%,$2.17B,$396.95B,0.55%,$5.27B,$171.82B,3.08%,$4162,$227,$3934,$0,$1679,$2904,$1258,$-510,$747,$265,$483,$483,$467,$2421,$2256,$3526,3586,$0.13,$0.13,$195476,$0,$0,$224049,$3017,$155268,$0,$14618,$172902,$396951,$225130,$145790,$0,$145790,$370920,$5350,$15632,$320,$26032,$396951,$1005,$323,$77,$400,$0,$-4773,$1151,$-728,$-4213,$-2808,$-152,$0,$0,$0,$446,$446,$379,$673,$2802,$769,$3571,$-350,$-350,$-349,$359,$3231,$1177,$0,$-349
5,2017-06-30,5.85,$7.39,0.79,$4.48,1.31,$8.40,0.7,$0.63,9.29,$222.01B,$233.97B,0.95,$140.14B,$26.20B,5.35,$16.27B,$15.41B,94.67%,$16.27B,$5.36B,32.92%,$16.27B,$8.48B,52.11%,$16.27B,$9.14B,56.15%,$16.27B,$3.12B,19.14%,$16.27B,$2.31B,14.16%,$2.31B,$26.20B,8.74%,$2.31B,$26.20B,8.74%,$2.31B,$400.30B,0.57%,$5.36B,$166.33B,3.12%,$4211,$214,$3997,$0,$1781,$2959,$1253,$-556,$697,$175,$522,$522,$512,$2375,$2216,$3539,3604,$0.15,$0.14,$190483,$0,$0,$222006,$3203,$160862,$0,$14229,$178294,$400300,$233966,$140137,$0,$140137,$374103,$5350,$15451,$280,$26197,$400300,$522,$158,$47,$206,$0,$-9,$-279,$-4842,$-5287,$-4560,$-193,$0,$0,$0,$50,$50,$103,$-39,$2286,$479,$2765,$1,$1,$-349,$213,$2630,$-1944,$0,$-349
6,2017-03-31,6.08,$7.50,0.81,$4.36,1.39,$9.19,0.66,$0.61,9.96,$230.63B,$228.98B,1.01,$143.10B,$26.45B,5.41,$15.95B,$15.08B,94.49%,$15.95B,$5.28B,33.06%,$15.95B,$8.18B,51.27%,$15.95B,$8.84B,55.41%,$15.95B,$3.00B,18.82%,$15.95B,$2.23B,13.97%,$2.23B,$26.45B,8.54%,$2.23B,$26.45B,8.54%,$2.23B,$398.52B,0.55%,$5.28B,$169.55B,3.07%,$3803,$219,$3585,$0,$1600,$2512,$1291,$-557,$734,$174,$560,$560,$546,$2160,$1985,$3561,3648,$0.15,$0.15,$201828,$0,$0,$230634,$3252,$149861,$0,$14777,$167891,$398524,$228976,$143101,$0,$143101,$372077,$5529,$15468,$313,$26447,$398524,$2256,$660,$38,$697,$0,$7759,$4943,$-3614,$9183,$12137,$-685,$0,$0,$0,$832,$832,$-1244,$-1098,$-8154,$-762,$-8916,$-567,$-567,$-398,$-9934,$-19815,$-8737,$83,$-398
7,2016-12-31,5.63,$7.49,0.75,$4.17,1.35,$8.74,0.64,$0.41,13.73,$220.37B,$219.80B,1.0,$149.89B,$26.39B,5.68,$15.29B,$14.41B,94.21%,$15.29B,$4.52B,29.53%,$15.29B,$7.43B,48.60%,$15.29B,$8.08B,52.82%,$15.29B,$2.18B,14.27%,$15.29B,$1.54B,10.06%,$1.54B,$26.39B,6.11%,$1.54B,$26.39B,6.11%,$1.54B,$396.08B,0.40%,$4.52B,$176.28B,2.70%,$4084,$211,$3872,$0,$1717,$2621,$1463,$-580,$883,$232,$651,$651,$647,$2295,$2155,$3537,3617,$0.18,$0.18,$193843,$0,$0,$220366,$3131,$157460,$0,$15123,$175714,$396079,$219802,$149892,$0,$149892,$369694,$5469,$15099,$698,$26385,$396079,$1654,$484,$59,$543,$0,$1562,$8158,$-1766,$7955,$10152,$-416,$0,$0,$0,$641,$641,$-1135,$-910,$-5648,$-113,$-5760,$-562,$-562,$-394,$-10575,$-17292,$-7627,$0,$-394
8,2016-09-30,4.25,$7.44,0.57,$4.01,1.06,$7.50,0.57,$0.31,13.7,$227.88B,$247.14B,0.92,$147.39B,$26.46B,5.57,$14.77B,$13.84B,93.72%,$14.77B,$4.00B,27.08%,$14.77B,$6.88B,46.55%,$14.77B,$7.54B,51.07%,$14.77B,$1.72B,11.66%,$14.77B,$1.18B,7.99%,$1.18B,$26.46B,4.84%,$1.18B,$26.46B,4.84%,$1.18B,$420.98B,0.31%,$4.00B,$173.85B,2.43%,$4176,$224,$3952,$0,$1826,$2826,$1350,$-549,$801,$193,$608,$608,$600,$2308,$2125,$3578,3668,$0.17,$0.16,$201013,$0,$0,$227879,$3300,$174472,$0,$15331,$193104,$420983,$247137,$147386,$0,$147386,$394523,$5826,$15399,$-455,$26460,$420983,$1068,$345,$145,$490,$0,$7036,$9523,$-3485,$13045,$14603,$-350,$0,$0,$0,$267,$267,$-1298,$-1382,$-4110,$-675,$-4785,$-336,$-336,$-106,$-11047,$-16274,$-3756,$0,$-106
9,2016-06-30,3.29,$7.00,0.47,$3.80,0.87,$5.30,0.62,$0.25,13.16,$209.19B,$231.86B,0.9,$142.18B,$25.10B,5.66,$14.02B,$13.05B,93.07%,$14.02B,$3.36B,23.97%,$14.02B,$6.13B,43.72%,$14.02B,$6.79B,48.40%,$14.02B,$1.09B,7.74%,$14.02B,$0.96B,6.87%,$0.96B,$25.10B,4.10%,$0.96B,$25.10B,4.10%,$0.96B,$399.14B,0.26%,$3.36B,$167.28B,2.06%,$3891,$225,$3666,$0,$1752,$2721,$1171,$-587,$584,$147,$437,$437,$435,$2077,$1914,$3599,3690,$0.12,$0.12,$179613,$0,$0,$209185,$3237,$172517,$0,$14202,$189956,$399142,$231862,$142176,$0,$142176,$374038,$5529,$14342,$-266,$25103,$399142,$437,$163,$145,$308,$0,$-563,$5074,$-6535,$-2449,$-1704,$-225,$0,$0,$0,$-215,$-215,$-1178,$-1618,$-1110,$1061,$-49,$0,$0,$-101,$-10026,$-10176,$-14186,$0,$-101
10,2016-03-31,4.16,$6.31,0.66,$3.88,1.07,$7.16,0.58,$0.28,14.86,$182.15B,$188.56B,0.97,$129.72B,$22.77B,5.7,$14.30B,$13.27B,92.81%,$14.30B,$3.56B,24.91%,$14.30B,$6.28B,43.91%,$14.30B,$6.94B,48.53%,$14.30B,$1.37B,9.58%,$14.30B,$1.09B,7.64%,$1.09B,$22.77B,4.75%,$1.09B,$22.77B,4.75%,$1.09B,$341.05B,0.31%,$3.56B,$152.49B,2.16%,$3142,$225,$2918,$0,$1680,$2610,$532,$-617,$-85,$-10,$-75,$-75,$-144,$1398,$1238,$3601,3700,$-0.04,$-0.04,$157505,$0,$0,$182153,$2951,$144576,$0,$11369,$158896,$341048,$188562,$129720,$0,$129720,$318281,$4934,$12588,$373,$22767,$341048,$1183,$659,$-357,$302,$0,$11092,$-347,$-1643,$8793,$10278,$-351,$0,$0,$0,$479,$479,$-325,$-197,$796,$-144,$652,$-161,$-161,$-687,$8384,$8187,$17935,$140,$-687
11,2015-12-31,5.17,$6.45,0.8,$4.01,1.29,$4.17,1.24,$0.52,9.94,$176.70B,$192.11B,0.92,$141.28B,$23.27B,6.07,$14.82B,$13.72B,92.58%,$14.82B,$4.83B,32.57%,$14.82B,$6.84B,46.15%,$14.82B,$7.56B,51.01%,$14.82B,$2.39B,16.11%,$14.82B,$1.93B,13.00%,$1.93B,$23.27B,8.16%,$1.93B,$23.27B,8.16%,$1.93B,$356.66B,0.53%,$4.83B,$164.55B,2.75%,$3563,$255,$3308,$0,$1708,$2616,$947,$-524,$423,$132,$292,$292,$290,$1761,$1600,$3602,3682,$0.08,$0.08,$153882,$0,$0,$176696,$3036,$165963,$0,$10962,$179961,$356657,$192108,$141284,$0,$141284,$333391,$4875,$12684,$1015,$23266,$356657,$1258,$499,$-429,$70,$0,$10,$4083,$521,$4258,$5587,$-237,$0,$0,$0,$457,$457,$-242,$-21,$469,$-1312,$-843,$-160,$-160,$-679,$683,$-998,$4556,$0,$-679
12,2015-09-30,5.42,$6.37,0.85,$4.03,1.34,$2.07,2.63,$0.55,9.86,$190.93B,$192.04B,0.99,$145.52B,$22.92B,6.35,$15.05B,$13.90B,92.40%,$15.05B,$5.44B,36.14%,$15.05B,$6.80B,45.17%,$15.05B,$7.50B,49.83%,$15.05B,$2.99B,19.84%,$15.05B,$2.05B,13.60%,$2.05B,$22.92B,8.57%,$2.05B,$22.92B,8.57%,$2.05B,$360.48B,0.55%,$5.44B,$168.44B,3.27%,$3427,$267,$3159,$0,$1780,$2715,$712,$-549,$163,$-233,$396,$396,$382,$1551,$1379,$3596,3686,$0.11,$0.10,$163878,$0,$0,$190934,$3187,$155521,$0,$10833,$169540,$360475,$192038,$145518,$0,$145518,$337556,$4875,$12403,$990,$22918,$360475,$967,$339,$-401,$-62,$0,$8431,$1386,$-3969,$5616,$6520,$-302,$0,$0,$0,$470,$470,$-279,$-111,$810,$-829,$-19,$-160,$-160,$-384,$1115,$552,$6928,$0,$-384
13,2015-06-30,6.21,$6.43,0.97,$3.97,1.57,$0.28,22.53,$0.54,11.5,$183.19B,$186.07B,0.98,$151.60B,$23.10B,6.56,$14.92B,$13.73B,91.97%,$14.92B,$5.65B,37.87%,$14.92B,$6.34B,42.51%,$14.92B,$7.04B,47.20%,$14.92B,$3.53B,23.67%,$14.92B,$2.02B,13.52%,$2.02B,$23.10B,8.26%,$2.02B,$23.10B,8.26%,$2.02B,$360.77B,0.52%,$5.65B,$174.70B,3.56%,$4169,$281,$3888,$0,$1825,$2798,$1371,$-502,$869,$298,$571,$571,$564,$2230,$2063,$3597,3685,$0.16,$0.15,$161153,$0,$0,$183185,$3312,$164042,$0,$10233,$177586,$360771,$186070,$151602,$0,$151602,$337672,$4875,$12321,$1338,$23099,$360771,$571,$167,$-72,$95,$0,$493,$2693,$1725,$4396,$5062,$-127,$0,$0,$0,$370,$370,$-106,$137,$1179,$-850,$328,$-162,$-162,$-384,$44,$-173,$5168,$0,$-384
14,2015-03-31,5.39,$0.00,0.0,$4.04,1.34,$-0.88,0.0,$0.44,12.26,$198.99B,$188.87B,1.05,$168.05B,$25.10B,6.7,$15.29B,$14.10B,92.23%,$15.29B,$6.19B,40.50%,$15.29B,$6.19B,40.50%,$15.29B,$6.92B,45.23%,$15.29B,$3.17B,20.73%,$15.29B,$1.65B,10.78%,$1.65B,$25.10B,6.64%,$1.65B,$25.10B,6.64%,$1.65B,$382.02B,0.41%,$6.19B,$193.15B,4.19%,$3657,$295,$3362,$-244,$1810,$1862,$1795,$-1534,$932,$194,$738,$690,$690,$2015,$1795,$3629,3728,$0.19,$0.19,$172036,$0,$0,$198993,$0,$168385,$0,$10979,$179364,$382024,$188874,$168053,$0,$168053,$356927,$5435,$13147,$0,$25097,$382024,$2066,$721,$0,$721,$0,$0,$0,$0,$-3413,$-704,$-457,$0,$-67,$0,$0,$1064,$-427,$113,$0,$311,$-1772,$0,$-948,$-506,$1285,$-1629,$-1594,$0,$0
15,2014-12-31,5.12,$0.00,0.0,$4.08,1.26,$0.56,9.14,$0.41,12.49,$364.51B,$249.50B,1.46,$104.17B,$24.39B,4.27,$15.43B,$14.25B,92.39%,$15.43B,$5.82B,37.74%,$15.43B,$5.82B,37.74%,$15.43B,$6.53B,42.30%,$15.43B,$3.11B,20.13%,$15.43B,$1.55B,10.07%,$1.55B,$24.39B,6.24%,$1.55B,$24.39B,6.24%,$1.55B,$388.11B,0.37%,$5.82B,$128.56B,4.34%,$3794,$300,$3494,$79,$1854,$2234,$1560,$-1211,$1022,$412,$610,$410,$410,$1702,$1560,$3726,3827,$0.11,$0.11,$340038,$0,$0,$364510,$0,$13285,$0,$6558,$19843,$388109,$249503,$104168,$10045,$114213,$363716,$5232,$12349,$0,$24393,$388109,$1264,$502,$0,$502,$0,$0,$0,$0,$0,$-1403,$-1081,$0,$0,$0,$0,$1048,$352,$319,$0,$0,$17969,$0,$0,$-487,$-19489,$-2006,$-2358,$0,$0
16,2014-09-30,5.34,$0.00,0.0,$3.70,1.44,$2.62,2.04,$0.42,12.71,$395.03B,$271.92B,1.45,$113.09B,$25.11B,4.51,$13.91B,$12.76B,91.71%,$13.91B,$4.10B,29.44%,$13.91B,$4.10B,29.44%,$13.91B,$4.85B,34.85%,$13.91B,$2.95B,21.22%,$13.91B,$1.62B,11.62%,$1.62B,$25.11B,6.43%,$1.62B,$25.11B,6.43%,$1.62B,$420.50B,0.38%,$4.10B,$138.20B,2.99%,$3304,$323,$2981,$87,$1968,$2378,$926,$-1240,$710,$201,$510,$353,$353,$1097,$926,$3704,3827,$0.10,$0.09,$369221,$0,$0,$395026,$0,$14429,$0,$7076,$21505,$420500,$271923,$113094,$10376,$123471,$395394,$5707,$12818,$0,$25106,$420500,$714,$361,$0,$361,$0,$0,$0,$0,$0,$304,$-697,$0,$0,$0,$0,$-120,$1043,$226,$0,$0,$-11409,$0,$-626,$0,$10743,$-1292,$-480,$0,$0
17,2014-06-30,6.35,$0.00,0.0,$3.78,1.68,$3.73,1.7,$0.43,14.76,$404.29B,$282.69B,1.43,$105.97B,$24.63B,4.3,$14.24B,$13.14B,92.32%,$14.24B,$4.39B,30.86%,$14.24B,$4.39B,30.86%,$14.24B,$5.17B,36.33%,$14.24B,$2.98B,20.92%,$14.24B,$1.65B,11.60%,$1.65B,$24.63B,6.62%,$1.65B,$24.63B,6.62%,$1.65B,$430.52B,0.38%,$4.39B,$130.61B,3.23%,$4535,$270,$4265,$78,$2276,$2624,$1911,$-1399,$506,$298,$209,$195,$195,$2101,$1911,$3678,3776,$0.05,$0.05,$377846,$0,$0,$404285,$0,$14752,$0,$7489,$22241,$430524,$282686,$105973,$17230,$123203,$405890,$5826,$12789,$0,$24634,$430524,$209,$190,$0,$190,$0,$0,$0,$0,$0,$562,$130,$0,$0,$0,$0,$0,$-3,$127,$0,$0,$490,$0,$0,$-328,$-1359,$-1197,$-598,$0,$0
18,2014-03-31,5.81,$0.00,0.0,$3.92,1.48,$3.77,1.54,$0.55,10.56,$407.79B,$284.24B,1.44,$114.01B,$25.53B,4.47,$14.82B,$13.71B,92.46%,$14.82B,$4.90B,33.03%,$14.82B,$4.90B,33.03%,$14.82B,$5.69B,38.40%,$14.82B,$3.62B,24.40%,$14.82B,$2.12B,14.33%,$2.12B,$25.53B,8.55%,$2.12B,$25.53B,8.55%,$2.12B,$435.20B,0.49%,$4.90B,$139.55B,3.58%,$3794,$281,$3513,$100,$1988,$2369,$1425,$-1179,$867,$251,$616,$596,$596,$1625,$1425,$3717,3717,$0.16,$0.16,$382086,$0,$0,$407793,$0,$15479,$0,$7842,$23321,$435203,$284240,$114014,$11418,$125431,$409671,$5945,$12870,$0,$25532,$435203,$2164,$795,$0,$795,$0,$0,$0,$0,$1767,$4574,$-377,$0,$0,$0,$0,$21,$-677,$-1032,$0,$-1494,$5462,$0,$-318,$-519,$-236,$2894,$6847,$0,$0
19,2013-12-31,7.02,$0.00,0.0,$5.25,1.34,$4.03,1.74,$0.65,10.79,$407.83B,$284.09B,1.44,$114.36B,$25.29B,4.52,$19.74B,$18.64B,94.39%,$19.74B,$9.24B,46.80%,$19.74B,$9.24B,46.80%,$19.74B,$10.10B,51.18%,$19.74B,$4.77B,24.16%,$19.74B,$2.53B,12.79%,$2.53B,$25.29B,9.91%,$2.53B,$25.29B,9.91%,$2.53B,$436.34B,0.58%,$9.24B,$139.64B,6.56%,$2279,$280,$1999,$110,$2056,$2446,$-167,$-1159,$869,$378,$491,$472,$472,$25,$-167,$3712,3712,$0.13,$0.12,$381268,$0,$0,$407831,$0,$15573,$0,$8651,$24225,$436344,$284087,$114359,$12613,$126972,$411060,$5945,$12592,$0,$25285,$436344,$1538,$595,$0,$595,$0,$0,$0,$0,$2784,$5549,$-329,$0,$0,$0,$0,$-1010,$37,$-1302,$0,$-1891,$2937,$0,$-319,$-519,$-417,$-210,$4524,$0,$0
20,2013-09-30,7.05,$0.00,0.0,$6.00,1.17,$3.47,2.04,$0.59,11.95,$396.65B,$278.61B,1.42,$109.96B,$24.35B,4.52,$22.51B,$21.40B,95.07%,$22.51B,$11.56B,51.38%,$22.51B,$11.56B,51.38%,$22.51B,$12.50B,55.53%,$22.51B,$4.06B,18.04%,$22.51B,$2.27B,10.10%,$2.27B,$24.35B,8.54%,$2.27B,$24.35B,8.54%,$2.27B,$422.87B,0.51%,$11.56B,$134.32B,7.76%,$3629,$264,$3366,$96,$2045,$2404,$1225,$-1186,$737,$349,$388,$388,$388,$1421,$1225,$3704,3827,$0.10,$0.10,$367770,$0,$0,$396645,$0,$15996,$0,$5977,$21973,$422871,$278613,$109964,$9939,$119904,$398517,$6004,$12230,$0,$24354,$422871,$1057,$403,$0,$403,$0,$0,$0,$0,$2663,$4088,$-205,$0,$0,$0,$0,$22,$-808,$-991,$0,$602,$1675,$0,$-325,$-225,$-19,$1707,$4979,$0,$0
21,2013-06-30,6.66,$0.00,0.0,$6.58,1.01,$2.70,2.47,$0.50,13.32,$396.08B,$280.41B,1.41,$109.86B,$24.19B,4.54,$24.66B,$23.53B,95.44%,$24.66B,$13.15B,53.31%,$24.66B,$13.15B,53.31%,$24.66B,$14.18B,57.49%,$24.66B,$3.77B,15.31%,$24.66B,$1.92B,7.79%,$1.92B,$24.19B,6.83%,$1.92B,$24.19B,6.83%,$1.92B,$423.74B,0.43%,$13.15B,$134.05B,8.32%,$5122,$293,$4829,$79,$2335,$2708,$2414,$-1252,$1144,$474,$669,$668,$668,$2621,$2414,$3706,3822,$0.18,$0.17,$373841,$0,$0,$396084,$0,$16634,$0,$6640,$23274,$423744,$280405,$109861,$9289,$119150,$399555,$6004,$12144,$0,$24188,$423744,$669,$207,$0,$207,$0,$0,$0,$0,$141,$991,$-137,$0,$0,$0,$0,$-1511,$1,$-1646,$0,$2331,$918,$0,$-326,$-225,$1763,$4462,$4006,$0,$0
22,2013-03-31,5.52,$0.00,0.0,$6.77,0.82,$1.61,3.42,$0.34,16.24,$428.76B,$291.46B,1.47,$127.75B,$28.06B,4.55,$25.16B,$24.06B,95.61%,$25.16B,$13.55B,53.86%,$25.16B,$13.55B,53.86%,$25.16B,$14.66B,58.26%,$25.16B,$2.88B,11.43%,$25.16B,$1.28B,5.08%,$1.28B,$28.06B,4.32%,$1.28B,$28.06B,4.32%,$1.28B,$459.10B,0.28%,$13.55B,$155.81B,8.15%,$8714,$271,$8443,$161,$2513,$2946,$5768,$-3202,$2021,$888,$1134,$997,$997,$6037,$5768,$3708,3708,$0.27,$0.26,$396943,$0,$0,$428764,$0,$17871,$0,$7286,$25157,$459104,$291463,$127745,$11836,$139581,$431044,$7193,$13752,$0,$28060,$459104,$1279,$1107,$0,$1107,$0,$0,$0,$0,$4731,$6649,$-1504,$0,$0,$0,$0,$41,$-479,$-1942,$0,$-5036,$-4842,$0,$1,$-178,$1566,$-8490,$-3212,$0,$0
23,2012-12-31,5.21,$0.00,0.0,$5.67,0.92,$1.03,5.05,$0.12,43.39,$428.31B,$288.67B,1.48,$141.86B,$29.95B,4.74,$20.97B,$19.83B,94.56%,$20.97B,$9.30B,44.33%,$20.97B,$9.30B,44.33%,$20.97B,$10.46B,49.89%,$20.97B,$1.64B,7.83%,$20.97B,$0.43B,2.04%,$0.43B,$29.95B,1.42%,$0.43B,$29.95B,1.42%,$0.43B,$474.32B,0.09%,$9.30B,$171.81B,5.46%,$5040,$282,$4758,$148,$2454,$2885,$2155,$-2601,$159,$158,$1,$221,$221,$2418,$2155,$3690,3690,$0.06,$0.06,$400549,$0,$0,$428306,$0,$16453,$0,$16054,$32507,$474315,$288667,$141856,$13841,$155697,$444364,$7312,$13239,$0,$29952,$474315,$142,$838,$0,$838,$0,$0,$0,$0,$3060,$4260,$-1161,$0,$0,$0,$0,$-404,$26,$-1538,$0,$-3122,$-3241,$0,$0,$-181,$512,$-6032,$-3081,$0,$0
24,2012-09-30,3.16,$0.00,0.0,$6.04,0.52,$-1.03,0.0,$0.12,26.32,$400.25B,$263.28B,1.52,$140.04B,$30.32B,4.62,$22.26B,$21.11B,94.84%,$22.26B,$10.43B,46.85%,$22.26B,$10.43B,46.85%,$22.26B,$11.67B,52.43%,$22.26B,$1.93B,8.66%,$22.26B,$0.44B,1.98%,$0.44B,$30.32B,1.46%,$0.44B,$30.32B,1.46%,$0.44B,$449.51B,0.10%,$10.43B,$170.36B,6.14%,$5782,$278,$5504,$142,$2552,$2973,$2809,$-2435,$450,$382,$68,$35,$35,$3099,$2809,$3696,3796,$0.01,$0.01,$364670,$0,$0,$400252,$0,$16499,$0,$19198,$35697,$449508,$263283,$140042,$15863,$155905,$419187,$7550,$13414,$0,$30321,$449508,$145,$575,$0,$575,$0,$0,$0,$0,$589,$1616,$-681,$0,$0,$0,$0,$13,$1064,$396,$0,$-3941,$-2893,$0,$0,$-93,$643,$-6284,$-4493,$0,$0
25,2012-06-30,3.25,$0.00,0.0,$5.84,0.56,$-4.55,0.0,$-0.05,0.0,$392.04B,$259.39B,1.51,$137.65B,$29.86B,4.61,$21.31B,$20.14B,94.53%,$21.31B,$9.25B,43.43%,$21.31B,$9.25B,43.43%,$21.31B,$10.57B,49.62%,$21.31B,$0.90B,4.23%,$21.31B,$-0.18B,-0.86%,$-0.18B,$29.86B,-0.61%,$-0.18B,$29.86B,-0.61%,$-0.18B,$440.68B,-0.04%,$9.25B,$167.51B,5.36%,$5626,$275,$5352,$142,$2390,$2806,$2820,$-2443,$246,$170,$76,$24,$24,$3105,$2820,$3675,3675,$0.01,$0.01,$365761,$0,$0,$392043,$0,$17241,$0,$18282,$35523,$440679,$259394,$137653,$13772,$151425,$410819,$7431,$13260,$0,$29861,$440679,$76,$286,$0,$286,$0,$0,$0,$0,$-3272,$-2702,$-461,$0,$0,$0,$0,$-573,$-223,$-1258,$0,$817,$-1354,$0,$0,$-92,$37,$-591,$-4710,$0,$0
26,2012-03-31,3.89,$0.00,0.0,$5.73,0.68,$-6.33,0.0,$-0.00,0.0,$404.23B,$267.29B,1.51,$140.92B,$30.34B,4.64,$20.80B,$19.62B,94.29%,$20.80B,$8.68B,41.72%,$20.80B,$8.68B,41.72%,$20.80B,$9.96B,47.86%,$20.80B,$1.08B,5.19%,$20.80B,$0.01B,0.02%,$0.01B,$30.34B,0.02%,$0.01B,$30.34B,0.02%,$0.01B,$453.36B,0.00%,$8.68B,$171.26B,4.92%,$4524,$305,$4218,$178,$2529,$3012,$1512,$-3381,$787,$424,$363,$147,$147,$1841,$1512,$3606,3606,$0.04,$0.04,$376148,$0,$0,$404233,$0,$17105,$0,$18734,$35839,$453356,$267290,$140917,$14807,$155724,$423014,$7550,$13449,$0,$30342,$453356,$331,$1277,$0,$1277,$0,$0,$0,$0,$-65,$3694,$-789,$0,$452,$0,$0,$68,$395,$126,$0,$770,$-11019,$0,$-105,$-369,$0,$-10723,$-6983,$0,$0
27,2011-12-31,2.61,$0.00,0.0,$5.46,0.48,$-8.16,0.0,0,0.0,$380.80B,$247.64B,1.54,$139.56B,$30.28B,4.61,$19.78B,$18.59B,93.98%,$19.78B,$7.63B,38.57%,$19.78B,$7.63B,38.57%,$19.78B,$8.78B,44.39%,$19.78B,$0.75B,3.81%,$19.78B,$-0.00B,-0.02%,$-0.00B,$30.28B,-0.01%,$-0.00B,$30.28B,-0.01%,$-0.00B,$432.08B,0.00%,$7.63B,$169.84B,4.39%,$6325,$291,$6035,$164,$2585,$3039,$3286,$-2727,$445,$128,$317,$234,$234,$3624,$3286,$3658,3658,$0.06,$0.06,$347929,$0,$0,$380796,$0,$17849,$0,$19835,$37684,$432084,$247644,$139559,$14597,$154156,$401800,$7669,$13470,$0,$30284,$432084,$-22,$948,$0,$948,$0,$0,$0,$0,$-4955,$-3827,$-634,$0,$0,$0,$0,$367,$931,$664,$0,$957,$-5891,$0,$-107,$-375,$1029,$-4387,$-7814,$0,$0
28,2011-09-30,3.12,$0.00,0.0,$5.03,0.62,$-8.69,0.0,$-0.02,0.0,$425.74B,$281.67B,1.51,$152.41B,$29.86B,5.11,$18.18B,$16.99B,93.45%,$18.18B,$6.17B,33.95%,$18.18B,$6.17B,33.95%,$18.18B,$7.23B,39.78%,$18.18B,$0.64B,3.54%,$18.18B,$-0.07B,-0.40%,$-0.07B,$29.86B,-0.27%,$-0.07B,$29.86B,-0.27%,$-0.07B,$476.47B,-0.02%,$6.17B,$182.27B,3.63%,$4831,$296,$4535,$159,$2741,$3196,$1635,$-2254,$-576,$-5,$-571,$-589,$-589,$2003,$1635,$3647,3647,$-0.16,$-0.16,$400055,$0,$0,$425739,$0,$18042,$0,$19082,$37124,$476470,$281672,$152413,$12530,$164943,$446615,$7669,$13240,$0,$29855,$476470,$-338,$611,$0,$611,$0,$0,$0,$0,$-12021,$-11612,$-341,$0,$0,$0,$0,$365,$534,$558,$0,$-398,$-3992,$0,$-107,$-186,$2319,$-2364,$-13786,$0,$0
29,2011-06-30,4.27,$0.00,0.0,$4.73,0.9,$-8.97,0.0,$0.14,30.49,$438.52B,$293.39B,1.5,$152.28B,$29.71B,5.13,$17.19B,$16.04B,93.31%,$17.19B,$5.69B,33.11%,$17.19B,$5.69B,33.11%,$17.19B,$6.62B,38.50%,$17.19B,$1.48B,8.60%,$17.19B,$0.53B,3.08%,$0.53B,$29.71B,2.02%,$0.53B,$29.71B,2.02%,$0.53B,$488.47B,0.12%,$5.69B,$181.99B,3.49%,$5124,$296,$4828,$115,$2467,$2877,$2247,$-1952,$423,$201,$222,$213,$213,$2489,$2247,$3602,3602,$0.06,$0.06,$406188,$0,$0,$438518,$1086945,$17487,$0,$19097,$1123529,$488471,$293392,$152284,$13088,$165373,$458765,$7312,$13371,$0,$29706,$488471,$222,$243,$0,$243,$0,$0,$0,$0,$-10016,$-9374,$-142,$0,$0,$0,$0,$-252,$493,$99,$0,$-944,$-931,$0,$0,$-177,$0,$-2052,$-11409,$0,$0
30,2011-03-31,4.5,$0.00,0.0,$4.25,1.06,$-10.93,0.0,$0.09,50.02,$416.71B,$275.18B,1.51,$136.24B,$25.27B,5.39,$15.52B,$14.41B,92.83%,$15.52B,$4.51B,29.02%,$15.52B,$4.51B,29.02%,$15.52B,$5.39B,34.72%,$15.52B,$1.13B,7.26%,$15.52B,$0.34B,2.20%,$0.34B,$25.27B,1.39%,$0.34B,$25.27B,1.39%,$0.34B,$443.37B,0.08%,$4.51B,$161.52B,2.95%,$3503,$308,$3194,$115,$2617,$3040,$463,$-1310,$461,$292,$169,$139,$139,$665,$463,$3570,3570,$0.04,$0.04,$389793,$0,$0,$416712,$0,$15048,$0,$6869,$21917,$443366,$275175,$136244,$6673,$142917,$418092,$7183,$12921,$0,$25274,$443366,$374,$884,$0,$884,$0,$0,$0,$0,$-4204,$-2751,$-895,$0,$0,$0,$0,$35,$-4092,$-4952,$0,$3172,$12632,$0,$-437,$-340,$0,$15026,$7016,$0,$0
31,2010-12-31,5.48,$0.00,0.0,$4.19,1.31,$-14.56,0.0,$0.10,54.81,$377.01B,$243.44B,1.55,$128.71B,$25.15B,5.12,$15.40B,$14.37B,93.29%,$15.40B,$5.12B,33.24%,$15.40B,$5.12B,33.24%,$15.40B,$6.00B,38.94%,$15.40B,$0.98B,6.35%,$15.40B,$0.40B,2.60%,$0.40B,$25.15B,1.67%,$0.40B,$25.15B,1.67%,$0.40B,$402.94B,0.10%,$5.12B,$153.86B,3.52%,$4721,$291,$4431,$90,$2515,$2895,$1826,$-1440,$336,$175,$161,$164,$164,$2075,$1826,$3639,3639,$0.04,$0.04,$352904,$0,$0,$377005,$0,$14462,$0,$6849,$21310,$402941,$243439,$128712,$5645,$134357,$377796,$7193,$12969,$0,$25145,$402941,$221,$683,$0,$683,$0,$0,$0,$0,$-7134,$-5729,$-636,$0,$0,$0,$0,$-2969,$-842,$-4446,$0,$1011,$10662,$0,$-452,$-352,$0,$10869,$276,$0,$0
32,2010-09-30,4.1,$0.00,0.0,$3.90,1.05,$-17.28,0.0,$0.09,45.53,$385.35B,$249.82B,1.54,$131.01B,$24.67B,5.31,$14.24B,$13.24B,93.00%,$14.24B,$4.40B,30.91%,$14.24B,$4.40B,30.91%,$14.24B,$5.25B,36.87%,$14.24B,$0.84B,5.91%,$14.24B,$0.35B,2.45%,$0.35B,$24.67B,1.48%,$0.35B,$24.67B,1.48%,$0.35B,$410.59B,0.10%,$4.40B,$155.68B,3.17%,$3845,$256,$3589,$81,$2352,$2689,$1156,$-888,$259,$236,$23,$13,$13,$1391,$1156,$3719,3719,$0.00,$0.00,$362658,$0,$0,$385351,$0,$13650,$0,$6948,$20598,$410587,$249821,$131010,$5086,$136096,$385917,$7117,$12671,$0,$24670,$410587,$58,$434,$0,$434,$0,$0,$0,$0,$-13713,$-12818,$-398,$0,$0,$0,$0,$-2071,$70,$-2399,$0,$-994,$8398,$0,$-437,$-172,$3016,$9811,$-5683,$0,$0
33,2010-06-30,4.64,$0.00,0.0,$4.48,1.04,$-16.60,0.0,$0.22,21.1,$347.42B,$226.65B,1.53,$116.36B,$23.02B,5.06,$14.27B,$13.29B,93.17%,$14.27B,$4.54B,31.81%,$14.27B,$4.54B,31.81%,$14.27B,$5.35B,37.48%,$14.27B,$0.87B,6.13%,$14.27B,$0.64B,4.47%,$0.64B,$23.02B,2.94%,$0.64B,$23.02B,2.94%,$0.64B,$369.89B,0.19%,$4.54B,$139.38B,3.57%,$3454,$258,$3196,$78,$2058,$2395,$1060,$-958,$71,$37,$33,$26,$26,$1258,$1060,$3671,3671,$0.01,$0.01,$325930,$0,$0,$347423,$0,$11521,$0,$6592,$18113,$369893,$226652,$116362,$3859,$120221,$346873,$6480,$11683,$0,$23020,$369893,$33,$199,$0,$199,$0,$0,$0,$0,$-17144,$-16778,$-122,$0,$0,$0,$0,$-936,$62,$-996,$0,$7978,$6282,$0,$0,$-160,$0,$14100,$-3876,$0,$0
34,2010-03-31,6.24,$0.00,0.0,$4.93,1.26,$-13.10,0.0,$0.23,27.14,$324.04B,$206.26B,1.57,$110.68B,$22.84B,4.85,$14.45B,$13.53B,93.62%,$14.45B,$4.78B,33.09%,$14.45B,$4.78B,33.09%,$14.45B,$5.57B,38.55%,$14.45B,$1.13B,7.80%,$14.45B,$0.73B,5.02%,$0.73B,$22.84B,3.64%,$0.73B,$22.84B,3.64%,$0.73B,$345.08B,0.23%,$4.78B,$133.52B,3.85%,$3379,$229,$3150,$88,$1986,$2302,$1077,$-794,$312,$110,$202,$197,$197,$1273,$1077,$3671,3671,$0.05,$0.05,$301858,$0,$0,$324039,$0,$10805,$0,$6412,$17217,$345080,$206261,$110681,$5301,$115982,$322243,$6365,$11501,$0,$22837,$345080,$735,$789,$0,$789,$0,$0,$0,$0,$-17668,$-16208,$-866,$0,$0,$0,$0,$-709,$-1337,$-2912,$0,$1480,$17153,$0,$4850,$-120,$143,$23507,$4396,$0,$0
35,2009-12-31,6.27,$0.00,0.0,$4.81,1.3,$-12.27,0.0,$-1.02,0.0,$307.27B,$197.23B,1.56,$103.26B,$23.57B,4.38,$12.68B,$11.79B,93.02%,$12.68B,$2.61B,20.55%,$12.68B,$2.61B,20.55%,$12.68B,$3.39B,26.75%,$12.68B,$-1.43B,-11.30%,$12.68B,$-1.86B,-14.66%,$-1.86B,$23.57B,-10.25%,$-1.86B,$23.57B,-10.25%,$-1.86B,$330.89B,-0.64%,$2.61B,$126.83B,2.14%,$3560,$254,$3306,$73,$2125,$2452,$1108,$-918,$199,$86,$113,$113,$113,$1327,$1108,$3518,3542,$0.03,$0.03,$287683,$0,$0,$307274,$0,$10925,$0,$8636,$19562,$330887,$197234,$103258,$6826,$110084,$307318,$6599,$11882,$0,$23569,$330887,$547,$593,$0,$593,$0,$0,$0,$0,$-15998,$-15291,$-552,$0,$0,$0,$0,$-10,$-1469,$-2031,$0,$588,$10990,$0,$4958,$-124,$64,$16475,$-756,$0,$0
36,2009-09-30,5.18,$0.00,0.0,$3.82,1.36,$-9.52,0.0,$-2.86,0.0,$273.40B,$180.10B,1.52,$91.79B,$17.41B,5.27,$9.15B,$8.33B,91.10%,$9.15B,$-1.09B,-11.93%,$9.15B,$-1.09B,-11.93%,$9.15B,$-0.28B,-3.04%,$9.15B,$-5.79B,-63.27%,$9.15B,$-5.40B,-59.05%,$-5.40B,$17.41B,-33.90%,$-5.40B,$17.41B,-33.90%,$-5.40B,$295.98B,-2.03%,$-1.09B,$109.20B,-0.90%,$3875,$232,$3642,$68,$2281,$2581,$1293,$-930,$292,$-11,$303,$302,$302,$1489,$1293,$2683,2395,$0.11,$0.13,$253556,$0,$0,$273396,$0,$10050,$0,$8488,$18538,$295977,$180104,$91794,$6670,$98464,$278568,$3844,$11344,$0,$17409,$295977,$418,$374,$0,$374,$0,$0,$0,$0,$-7372,$-6509,$-383,$0,$0,$0,$0,$-930,$89,$-1224,$0,$1318,$5216,$0,$-0,$0,$0,$6534,$-1125,$0,$0
37,2009-06-30,7.09,$0.00,0.0,$3.46,2.05,$-8.76,0.0,$-3.33,0.0,$262.21B,$151.80B,1.73,$111.12B,$16.03B,6.93,$7.67B,$6.90B,89.96%,$7.67B,$-1.48B,-19.26%,$7.67B,$-1.48B,-19.26%,$7.67B,$-0.70B,-9.15%,$7.67B,$-6.72B,-87.69%,$7.67B,$-6.36B,-82.93%,$-6.36B,$16.03B,-40.28%,$-6.36B,$16.03B,-40.28%,$-6.36B,$283.66B,-2.55%,$-1.48B,$127.15B,-1.18%,$3636,$206,$3430,$64,$2062,$2333,$1303,$-1088,$324,$213,$111,$114,$114,$1481,$1303,$2613,2613,$0.04,$0.02,$244922,$0,$0,$262206,$0,$9901,$0,$7893,$17794,$283659,$151803,$111121,$4703,$115824,$267627,$3345,$10749,$0,$16032,$283659,$111,$178,$0,$178,$0,$0,$0,$0,$-2978,$-2668,$-205,$0,$0,$0,$0,$-205,$-564,$-975,$0,$-587,$3166,$0,$-0,$0,$0,$2579,$-844,$0,$0
38,2009-03-31,4.23,$0.00,0.0,$3.42,1.24,$-10.06,0.0,$-3.75,0.0,$230.23B,$122.83B,1.87,$107.31B,$15.53B,6.91,$6.61B,$5.87B,88.76%,$6.61B,$-1.76B,-26.68%,$6.61B,$-1.76B,-26.68%,$6.61B,$-1.01B,-15.22%,$6.61B,$-7.86B,-118.85%,$6.61B,$-7.24B,-109.50%,$-7.24B,$15.53B,-44.01%,$-7.24B,$15.53B,-44.01%,$-7.24B,$250.51B,-3.00%,$-1.76B,$122.84B,-1.43%,$1608,$192,$1416,$93,$2420,$2706,$-1098,$-1343,$-2248,$-84,$-2164,$-2388,$-2388,$-906,$-1098,$2017,2017,$-1.18,$-1.20,$213657,$0,$0,$230228,$0,$9382,$0,$7295,$16677,$250508,$122830,$107313,$4839,$112152,$234982,$3245,$10475,$0,$15526,$250508,$-7082,$758,$0,$758,$0,$0,$0,$0,$-1057,$-7126,$-572,$0,$0,$0,$0,$-236,$-181,$-989,$0,$-1760,$8293,$0,$2824,$-649,$1290,$9998,$1063,$0,$0
39,2008-12-31,7.02,$0.00,0.0,$2.72,2.58,$-10.22,0.0,$-3.27,0.0,$211.73B,$101.69B,2.08,$112.66B,$14.76B,7.63,$5.20B,$4.31B,82.89%,$5.20B,$-1.51B,-28.99%,$5.20B,$-1.51B,-28.99%,$5.20B,$-0.74B,-14.28%,$5.20B,$-7.49B,-144.08%,$5.20B,$-6.22B,-119.77%,$-6.22B,$14.76B,-35.46%,$-6.22B,$14.76B,-35.46%,$-6.22B,$233.53B,-2.55%,$-1.51B,$127.42B,-1.19%,$27,$183,$-156,$84,$2349,$2617,$-2589,$-1567,$-4155,$-589,$-3566,$-3429,$-3429,$-2342,$-2589,$1909,1909,$-1.80,$-1.81,$194808,$0,$0,$211726,$0,$10283,$0,$7477,$17760,$233527,$101690,$112664,$4415,$117080,$218769,$1901,$13046,$0,$14758,$233527,$-5121,$566,$0,$566,$0,$0,$0,$0,$2382,$-2732,$-568,$0,$0,$0,$0,$-391,$-378,$-1337,$0,$-4364,$9785,$0,$25,$-506,$0,$4939,$165,$0,$0
40,2008-09-30,10.9,$0.00,0.0,$4.74,2.3,$-11.71,0.0,$-1.35,0.0,$209.40B,$102.13B,2.05,$106.70B,$16.83B,6.34,$9.06B,$8.17B,90.14%,$9.06B,$2.91B,32.09%,$9.06B,$2.91B,32.09%,$9.06B,$3.61B,39.81%,$9.06B,$-2.92B,-32.16%,$9.06B,$-2.59B,-28.57%,$-2.59B,$16.83B,-13.71%,$-2.59B,$16.83B,-13.71%,$-2.59B,$230.25B,-1.06%,$2.91B,$123.53B,2.35%,$2397,$189,$2208,$74,$1227,$1490,$907,$-1552,$-645,$33,$-678,$-656,$-656,$1065,$907,$1909,1909,$-0.34,$-0.34,$184616,$0,$0,$209401,$0,$10796,$0,$6637,$17433,$230250,$102125,$106698,$4592,$111291,$213416,$1700,$15006,$0,$16834,$230250,$-1390,$319,$0,$319,$0,$0,$0,$0,$-2383,$-3751,$-295,$0,$0,$0,$0,$-258,$2,$-550,$0,$-1076,$4911,$0,$-0,$-302,$0,$3533,$-710,$0,$0
41,2008-06-30,12.22,$0.00,0.0,$5.43,2.25,$-12.69,0.0,$-1.05,0.0,$228.47B,$125.90B,1.82,$100.73B,$18.67B,5.39,$10.38B,$9.49B,91.41%,$10.38B,$3.58B,34.51%,$10.38B,$3.58B,34.51%,$10.38B,$4.25B,40.97%,$10.38B,$-2.64B,-25.45%,$10.38B,$-2.02B,-19.43%,$-2.02B,$18.67B,-10.54%,$-2.02B,$18.67B,-10.54%,$-2.02B,$249.56B,-0.82%,$3.58B,$119.40B,2.93%,$2579,$179,$2400,$68,$1317,$1563,$1016,$-1722,$-809,$-74,$-735,$-766,$-766,$1177,$1016,$1908,1908,$-0.40,$-0.40,$215306,$0,$0,$228473,$0,$11108,$0,$6274,$17382,$249560,$125904,$100730,$4252,$104982,$230886,$1755,$16345,$0,$18674,$249560,$-735,$161,$0,$161,$0,$0,$0,$0,$-3796,$-4470,$-94,$0,$0,$0,$0,$-282,$-0,$-376,$0,$1335,$4379,$0,$0,$-156,$0,$5558,$927,$0,$0
42,2008-03-31,12.39,$0.00,0.0,$6.93,1.79,$-12.33,0.0,$-0.33,0.0,$240.59B,$122.27B,1.97,$114.84B,$19.91B,5.77,$13.27B,$12.36B,93.19%,$13.27B,$6.30B,47.52%,$13.27B,$6.30B,47.52%,$13.27B,$6.94B,52.31%,$13.27B,$-0.65B,-4.88%,$13.27B,$-0.64B,-4.80%,$-0.64B,$19.91B,-3.32%,$-0.64B,$19.91B,-3.32%,$-0.64B,$263.38B,-0.24%,$6.30B,$134.75B,5.17%,$192,$338,$-146,$302,$391,$1031,$-840,$-3528,$-1876,$-440,$-1436,$-1371,$-1371,$-642,$-840,$1908,1910,$-0.72,$-0.72,$221845,$0,$0,$240593,$0,$10791,$0,$8102,$18893,$263383,$122265,$114836,$6371,$121207,$243472,$1831,$17824,$0,$19911,$263383,$-679,$636,$0,$636,$0,$0,$0,$0,$0,$-6488,$-1109,$0,$-157,$0,$0,$73,$171,$-1022,$0,$3288,$7038,$0,$-27,$-870,$14,$9443,$974,$0,$0
43,2007-12-31,13.8,$0.00,0.0,$9.30,1.48,$-16.05,0.0,$0.53,26.04,$212.48B,$110.39B,1.93,$97.12B,$20.11B,4.83,$17.78B,$17.11B,96.20%,$17.78B,$10.07B,56.62%,$17.78B,$10.07B,56.62%,$17.78B,$10.64B,59.83%,$17.78B,$2.03B,11.44%,$17.78B,$1.00B,5.62%,$1.00B,$20.11B,5.29%,$1.00B,$20.11B,5.29%,$1.00B,$234.96B,0.37%,$10.07B,$117.23B,8.24%,$3895,$187,$3707,$0,$1883,$2070,$1825,$-1410,$415,$211,$204,$204,$204,$2008,$1825,$1909,1914,$0.11,$0.11,$39819,$59062,$113271,$212479,$4725,$9883,$0,$8487,$23094,$234958,$110391,$97122,$7333,$104456,$214846,$1645,$17557,$0,$20111,$234958,$800,$438,$0,$438,$0,$0,$0,$0,$-6783,$-5259,$-906,$0,$0,$0,$0,$28,$84,$-794,$0,$1558,$7437,$0,$15,$-636,$81,$8455,$2273,$0,$0
44,2007-09-30,13.72,$0.00,0.0,$9.74,1.41,$-19.57,0.0,$0.75,18.29,$216.05B,$110.43B,1.96,$99.16B,$17.87B,5.55,$18.60B,$17.98B,96.63%,$18.60B,$11.62B,62.47%,$18.60B,$11.62B,62.47%,$18.60B,$12.11B,65.11%,$18.60B,$2.68B,14.38%,$18.60B,$1.43B,7.68%,$1.43B,$17.87B,7.81%,$1.43B,$17.87B,7.81%,$1.43B,$234.67B,0.50%,$11.62B,$117.04B,9.56%,$3716,$187,$3529,$0,$1947,$2133,$1582,$-1954,$-372,$-288,$-84,$-84,$-84,$1711,$1582,$1909,1909,$-0.04,$-0.04,$44172,$70806,$90709,$216049,$5642,$7117,$0,$7910,$20669,$234670,$110428,$99164,$7206,$106370,$216798,$1462,$15556,$0,$17871,$234670,$530,$254,$0,$254,$0,$0,$0,$0,$-6310,$-5329,$-588,$0,$0,$0,$0,$-668,$93,$-1164,$0,$1991,$6449,$0,$4,$-435,$572,$8580,$2003,$0,$0
45,2007-06-30,16.0,$0.00,0.0,$9.91,1.61,$-22.59,0.0,$0.99,16.16,$285.68B,$181.31B,1.58,$100.01B,$18.96B,5.28,$18.92B,$18.39B,97.18%,$18.92B,$12.86B,67.95%,$18.92B,$12.86B,67.95%,$18.92B,$13.30B,70.31%,$18.92B,$3.63B,19.20%,$18.92B,$1.89B,9.97%,$1.89B,$18.96B,10.44%,$1.89B,$18.96B,10.44%,$1.89B,$310.16B,0.64%,$12.86B,$118.97B,10.67%,$5462,$191,$5271,$80,$1455,$1725,$3736,$-2756,$1186,$549,$637,$614,$614,$3862,$3736,$1908,1914,$0.32,$0.32,$268506,$0,$0,$285680,$430795,$10688,$0,$10213,$451697,$310157,$181307,$100011,$9880,$109890,$291197,$1517,$16374,$0,$18960,$310157,$614,$126,$0,$126,$0,$0,$0,$0,$-4467,$-3723,$-173,$0,$0,$0,$0,$-528,$68,$-633,$0,$2002,$2445,$0,$2,$-305,$271,$4415,$158,$0,$0
46,2007-03-31,17.08,$0.00,0.0,$8.89,1.92,$-28.06,0.0,$0.76,22.48,$283.61B,$162.59B,1.74,$116.77B,$18.59B,6.28,$16.96B,$16.52B,97.46%,$16.96B,$11.31B,66.72%,$16.96B,$11.31B,66.72%,$16.96B,$11.74B,69.26%,$16.96B,$2.74B,16.15%,$16.96B,$1.45B,8.53%,$1.45B,$18.59B,8.11%,$1.45B,$18.59B,8.11%,$1.45B,$305.15B,0.51%,$11.31B,$135.36B,9.74%,$4709,$109,$4600,$103,$1571,$1783,$2926,$-2877,$805,$465,$340,$265,$265,$3058,$2926,$1907,1911,$0.14,$0.14,$269846,$0,$0,$283612,$3592,$10549,$0,$7396,$21537,$305149,$162594,$116769,$7192,$123961,$286555,$1555,$16255,$0,$18594,$305149,$1496,$429,$0,$429,$0,$0,$0,$0,$-15607,$-13841,$-861,$0,$-1463,$0,$0,$-2214,$-3,$-4541,$0,$3214,$10932,$0,$18,$-973,$153,$13344,$-4950,$0,$0
47,2006-12-31,15.61,$0.00,0.0,$6.42,2.43,$-20.36,0.0,$0.62,25.17,$272.72B,$176.17B,1.55,$97.09B,$17.68B,5.49,$13.98B,$14.58B,104.25%,$13.98B,$10.58B,75.69%,$13.98B,$10.58B,75.69%,$13.98B,$10.97B,78.45%,$13.98B,$2.80B,19.99%,$13.98B,$2.19B,15.67%,$2.19B,$17.68B,12.46%,$2.19B,$17.68B,12.46%,$2.19B,$295.41B,0.78%,$10.58B,$114.77B,9.24%,$4716,$139,$4577,$74,$1125,$1338,$3378,$-2322,$1057,$424,$633,$633,$633,$3482,$3378,$1906,1906,$0.33,$0.33,$82332,$185252,$0,$272721,$4852,$8842,$0,$9989,$24620,$295408,$176173,$97093,$4463,$101557,$277730,$1462,$15328,$0,$17678,$295408,$1142,$297,$0,$297,$0,$0,$0,$0,$-14034,$-12429,$-418,$0,$0,$0,$0,$114,$-287,$-591,$0,$748,$7442,$0,$9,$-793,$0,$7406,$-5540,$0,$0
