,Date,Stock Price,Book Value per Share,Price to Book Ratio,TTM Sales per Share,Price to Sales Ratio,TTM FCF per Share,Price to FCF Ratio,TTM Net EPS,PE Ratio,Current Assets,Current Liabilities,Current Ratio,Long Term Debt,Shareholder's Equity_x,Debt to Equity Ratio,TTM Revenue_x,TTM Gross Profit,Gross Margin,TTM Revenue_y,TTM Operating Income,Operating Margin,TTM Revenue_x,TTM EBIT,EBIT Margin,TTM Revenue_y,TTM EBITDA,EBITDA Margin,TTM Revenue_x,TTM Pre-Tax Income,Pre-Tax Margin,TTM Revenue_y,TTM Net Income_x,Net Margin,TTM Net Income_y,Shareholder's Equity_y,Return on Equity,TTM Net Income_x,Tangible Equity,Return on Tangible Equity,TTM Net Income_y,Total Assets,Return on Assets,TTM Net Income,LT Investments & Debt,Return on Investment,revenue,cost-goods-sold,gross-profit,research-development-expenses,selling-general-administrative-expenses,operating-expenses,operating-income,total-non-operating-income-expense,pre-tax-income,total-provision-income-taxes,income-after-taxes,income-from-continuous-operations,net-income,ebitda,ebit,basic-shares-outstanding,shares-outstanding,eps-basic-net-earnings-per-share,eps-earnings-per-share-diluted,cash-on-hand,inventory,other-current-assets,total-current-assets,net-property-plant-equipment,long-term-investments,goodwill-intangible-assets-total,other-long-term-assets,total-long-term-assets,total-assets,total-current-liabilities,long-term-debt,other-non-current-liabilities,total-long-term-liabilities,total-liabilities,common-stock-net,retained-earnings-accumulated-deficit,comprehensive-income,total-share-holder-equity,total-liabilities-share-holders-equity,net-income-loss,total-depreciation-amortization-cash-flow,other-non-cash-items,total-non-cash-items,change-in-accounts-receivable,change-in-inventories,change-in-accounts-payable,change-in-assets-liabilities,total-change-in-assets-liabilities,cash-flow-from-operating-activities,net-change-in-property-plant-equipment,net-change-in-intangible-assets,net-acquisitions-divestitures,net-change-in-short-term-investments,net-change-in-long-term-investments,net-change-in-investments-total,investing-activities-other,cash-flow-from-investing-activities,net-long-term-debt,net-current-debt,debt-issuance-retirement-net-total,net-common-equity-issued-repurchased,net-total-equity-issued-repurchased,total-common-preferred-stock-dividends-paid,financial-activities-other,cash-flow-from-financial-activities,net-cash-flow,stock-based-compensation,common-stock-dividends-paid
0,2018-09-30,0.51,$39.12,0.01,$18.27,0.03,$11.44,0.04,$-0.39,0.0,$0.09B,$0.14B,0.66,$0.94B,$0.38B,2.48,$0.18B,$0.15B,81.01%,$0.18B,$-0.02B,-11.17%,$0.18B,$-0.02B,-11.17%,$0.18B,$0.05B,25.14%,$0.18B,$-0.08B,-45.25%,$0.18B,$-0.08B,-43.58%,$-0.08B,$0.38B,-18.62%,$-0.08B,$0.38B,-18.69%,$-0.08B,$1.46B,-5.20%,$-0.02B,$1.31B,-1.43%,$42,$12,$30,$0,$26,$52,$-10,$-13,$-23,$0,$-23,$-23,$-22,$6,$-10,$10,10,$-2.39,$-2.39,$48,$0,$0,$91,$1164,$118,$2,$51,$1366,$1456,$137,$935,$6,$942,$1079,$0,$-126,$0,$378,$1456,$-70,$50,$-4,$46,$3,$0,$6,$-23,$-0,$-24,$45,$0,$0,$0,$0,$0,$8,$53,$-52,$0,$-52,$-6,$-6,$-9,$0,$-67,$-38,$1,$-9
1,2018-06-30,0.61,$41.59,0.01,$19.28,0.03,$14.80,0.04,$-0.44,0.0,$0.09B,$0.08B,1.05,$0.98B,$0.41B,2.41,$0.19B,$0.16B,84.29%,$0.19B,$-0.01B,-2.62%,$0.19B,$-0.01B,-2.62%,$0.19B,$0.06B,31.41%,$0.19B,$-0.07B,-34.55%,$0.19B,$-0.06B,-33.51%,$-0.06B,$0.41B,-14.37%,$-0.06B,$0.40B,-14.43%,$-0.06B,$1.47B,-4.16%,$-0.01B,$1.38B,-0.34%,$41,$8,$33,$0,$28,$50,$-8,$-14,$-22,$0,$-22,$-22,$-21,$8,$-8,$10,10,$-2.24,$-2.24,$52,$0,$0,$87,$1178,$116,$2,$58,$1382,$1468,$83,$975,$6,$981,$1063,$0,$-102,$0,$405,$1468,$-47,$33,$1,$34,$1,$0,$-6,$-13,$-18,$-31,$45,$0,$0,$0,$0,$0,$7,$51,$-43,$0,$-43,$-6,$-6,$-6,$0,$-55,$-34,$1,$-6
2,2018-03-31,0.82,$43.74,0.02,$20.79,0.04,$16.69,0.05,$-0.70,0.0,$0.12B,$0.07B,1.74,$1.00B,$0.43B,2.32,$0.21B,$0.18B,86.54%,$0.21B,$0.01B,6.25%,$0.21B,$0.01B,6.25%,$0.21B,$0.08B,37.98%,$0.21B,$-0.11B,-51.92%,$0.21B,$-0.10B,-50.00%,$-0.10B,$0.43B,-22.19%,$-0.10B,$0.43B,-22.27%,$-0.10B,$1.50B,-6.59%,$0.01B,$1.43B,0.87%,$46,$7,$39,$0,$27,$48,$-2,$-22,$-24,$0,$-24,$-24,$-23,$15,$-2,$10,10,$-2.39,$-2.39,$81,$0,$0,$117,$1191,$114,$2,$56,$1386,$1503,$67,$998,$6,$1005,$1072,$0,$-80,$0,$431,$1503,$-24,$17,$5,$21,$-1,$0,$-13,$-6,$-8,$-11,$45,$0,$0,$0,$0,$0,$5,$50,$-37,$0,$-37,$-4,$-4,$-3,$0,$-44,$-5,$0,$-3
3,2017-12-31,1.06,$45.38,0.02,$22.24,0.05,$15.98,0.07,$-0.50,0.0,$0.12B,$0.08B,1.61,$1.03B,$0.46B,2.23,$0.23B,$0.20B,88.94%,$0.23B,$0.04B,15.49%,$0.23B,$0.04B,15.49%,$0.23B,$0.10B,44.25%,$0.23B,$-0.08B,-34.51%,$0.23B,$-0.08B,-33.19%,$-0.08B,$0.46B,-14.88%,$-0.08B,$0.46B,-14.93%,$-0.08B,$1.57B,-4.60%,$0.04B,$1.49B,2.27%,$50,$7,$43,$0,$29,$50,$0,$-12,$-12,$0,$-12,$-12,$-12,$16,$0,$10,10,$-1.19,$-1.19,$86,$0,$0,$120,$1250,$125,$2,$55,$1453,$1573,$75,$1029,$7,$1036,$1110,$0,$-56,$0,$462,$1573,$-79,$65,$57,$122,$7,$0,$16,$-21,$3,$46,$0,$0,$0,$0,$-0,$-0,$52,$52,$-37,$0,$-37,$0,$0,$-32,$2,$-66,$32,$0,$-32
4,2017-09-30,1.12,$47.90,0.02,$23.91,0.05,$29.53,0.04,$-0.31,0.0,$0.10B,$0.10B,0.92,$1.02B,$0.48B,2.12,$0.24B,$0.22B,91.77%,$0.24B,$0.06B,23.46%,$0.24B,$0.06B,23.46%,$0.24B,$0.12B,50.21%,$0.24B,$-0.05B,-19.75%,$0.24B,$-0.05B,-18.93%,$-0.05B,$0.48B,-8.64%,$-0.05B,$0.48B,-8.67%,$-0.05B,$1.61B,-2.77%,$0.06B,$1.50B,3.62%,$54,$8,$46,$0,$27,$49,$5,$-13,$-8,$0,$-8,$-8,$-8,$21,$5,$10,10,$-0.75,$-0.75,$62,$0,$0,$95,$1264,$127,$2,$109,$1519,$1614,$103,$1021,$7,$1028,$1131,$0,$-44,$0,$483,$1614,$-67,$49,$58,$107,$2,$0,$11,$-11,$16,$56,$0,$0,$0,$0,$-0,$-0,$0,$0,$-26,$0,$-26,$0,$0,$-24,$0,$-50,$6,$0,$-24
5,2017-06-30,1.29,$49.52,0.03,$25.29,0.05,$34.78,0.04,$-0.20,0.0,$0.09B,$0.07B,1.32,$1.05B,$0.50B,2.1,$0.26B,$0.24B,94.55%,$0.26B,$0.08B,29.57%,$0.26B,$0.08B,29.57%,$0.26B,$0.14B,54.47%,$0.26B,$-0.03B,-12.06%,$0.26B,$-0.03B,-11.67%,$-0.03B,$0.50B,-5.42%,$-0.03B,$0.50B,-5.44%,$-0.03B,$1.62B,-1.76%,$0.08B,$1.55B,4.72%,$58,$7,$52,$0,$27,$48,$10,$-75,$-64,$0,$-64,$-64,$-61,$27,$10,$10,10,$-6.12,$-6.12,$57,$0,$0,$91,$1278,$129,$2,$107,$1530,$1621,$69,$1046,$7,$1053,$1122,$1,$-36,$0,$499,$1621,$-59,$33,$58,$91,$-0,$0,$6,$-5,$1,$33,$0,$0,$0,$0,$-0,$-0,$-2,$-2,$-15,$0,$-15,$0,$0,$-16,$0,$-31,$0,$0,$-16
6,2017-03-31,1.47,$56.75,0.03,$26.86,0.05,$38.30,0.04,$0.29,5.05,$0.11B,$0.08B,1.42,$1.06B,$0.57B,1.84,$0.27B,$0.26B,96.34%,$0.27B,$0.09B,34.07%,$0.27B,$0.09B,34.07%,$0.27B,$0.16B,57.14%,$0.27B,$0.05B,16.48%,$0.27B,$0.04B,15.75%,$0.04B,$0.57B,7.55%,$0.04B,$0.57B,7.56%,$0.04B,$1.71B,2.48%,$0.09B,$1.63B,5.68%,$64,$4,$60,$0,$26,$44,$20,$-14,$6,$0,$6,$6,$6,$36,$20,$10,11,$0.60,$0.60,$72,$0,$0,$112,$1293,$193,$2,$102,$1601,$1714,$79,$1055,$7,$1062,$1142,$2,$29,$0,$572,$1714,$6,$16,$-0,$16,$-5,$0,$2,$-4,$6,$28,$0,$0,$0,$0,$-0,$-0,$-2,$-2,$-1,$0,$-1,$0,$0,$-8,$-1,$-10,$15,$0,$-8
7,2016-12-31,1.41,$56.94,0.02,$28.73,0.05,$40.09,0.04,$0.40,3.53,$0.11B,$0.08B,1.35,$1.04B,$0.58B,1.81,$0.29B,$0.28B,97.23%,$0.29B,$0.11B,37.72%,$0.29B,$0.11B,37.72%,$0.29B,$0.17B,59.52%,$0.29B,$0.06B,21.80%,$0.29B,$0.06B,20.76%,$0.06B,$0.58B,10.58%,$0.06B,$0.57B,10.60%,$0.06B,$1.70B,3.43%,$0.11B,$1.62B,6.63%,$67,$2,$65,$0,$29,$45,$22,$-4,$18,$0,$18,$18,$17,$38,$22,$10,10,$1.64,$1.64,$57,$0,$0,$107,$1307,$197,$2,$81,$1596,$1704,$79,$1041,$8,$1049,$1128,$3,$31,$0,$575,$1704,$63,$64,$-13,$51,$-22,$0,$2,$-3,$-21,$93,$90,$0,$0,$0,$-0,$-0,$-46,$44,$-110,$0,$-110,$0,$0,$-32,$-1,$-142,$-6,$1,$-32
8,2016-09-30,1.09,$56.08,0.02,$29.54,0.04,$24.61,0.04,$0.42,2.59,$0.09B,$0.11B,0.82,$1.08B,$0.57B,1.91,$0.30B,$0.29B,97.32%,$0.30B,$0.12B,39.46%,$0.30B,$0.12B,39.46%,$0.30B,$0.18B,60.54%,$0.30B,$0.07B,21.74%,$0.30B,$0.06B,20.74%,$0.06B,$0.57B,11.07%,$0.06B,$0.57B,11.09%,$0.06B,$1.76B,3.51%,$0.12B,$1.65B,7.10%,$68,$2,$66,$0,$28,$44,$24,$-15,$9,$0,$9,$9,$8,$39,$24,$10,10,$0.90,$0.90,$49,$0,$0,$90,$1321,$199,$2,$64,$1674,$1763,$109,$1080,$8,$1088,$1197,$4,$21,$0,$566,$1763,$45,$48,$-3,$46,$-4,$0,$-5,$-5,$-0,$90,$18,$0,$0,$0,$-0,$-0,$-49,$-30,$-46,$0,$-46,$0,$0,$-24,$-2,$-72,$-12,$1,$-24
9,2016-06-30,1.22,$56.03,0.02,$30.37,0.04,$26.83,0.05,$0.50,2.44,$0.12B,$0.10B,1.2,$1.09B,$0.57B,1.93,$0.31B,$0.30B,97.41%,$0.31B,$0.13B,42.07%,$0.31B,$0.13B,42.07%,$0.31B,$0.19B,62.46%,$0.31B,$0.08B,25.57%,$0.31B,$0.08B,24.60%,$0.08B,$0.57B,13.74%,$0.08B,$0.56B,13.78%,$0.08B,$1.76B,4.35%,$0.13B,$1.66B,7.87%,$74,$2,$72,$0,$30,$47,$27,$-15,$12,$0,$12,$12,$12,$43,$27,$10,10,$1.19,$1.19,$76,$0,$0,$116,$1335,$202,$2,$68,$1645,$1761,$97,$1090,$8,$1098,$1195,$5,$20,$0,$566,$1761,$36,$32,$-3,$30,$-12,$0,$-0,$-7,$-15,$50,$18,$0,$0,$0,$0,$0,$-1,$17,$-37,$0,$-37,$0,$0,$-16,$0,$-53,$15,$1,$-16
10,2016-03-31,1.2,$55.64,0.02,$30.77,0.04,$29.32,0.04,$0.58,2.07,$0.12B,$0.11B,1.08,$1.10B,$0.56B,1.96,$0.32B,$0.31B,97.78%,$0.32B,$0.14B,44.13%,$0.32B,$0.14B,44.13%,$0.32B,$0.20B,64.13%,$0.32B,$0.09B,29.52%,$0.32B,$0.09B,28.25%,$0.09B,$0.56B,16.35%,$0.09B,$0.56B,16.39%,$0.09B,$1.78B,5.16%,$0.14B,$1.66B,8.48%,$80,$2,$78,$0,$28,$45,$36,$-12,$24,$0,$24,$24,$23,$52,$36,$10,10,$2.24,$2.24,$70,$0,$0,$115,$1412,$204,$2,$7,$1662,$1777,$106,$1100,$9,$1108,$1214,$6,$16,$0,$562,$1777,$24,$17,$-3,$14,$-20,$0,$1,$-7,$-12,$26,$18,$0,$0,$0,$0,$0,$-3,$15,$-25,$0,$-25,$0,$0,$-8,$1,$-31,$10,$0,$-8
11,2015-12-31,2.21,$54.31,0.04,$30.41,0.07,$25.35,0.09,$0.55,4.02,$0.10B,$0.08B,1.18,$1.14B,$0.55B,2.07,$0.31B,$0.31B,97.77%,$0.31B,$0.14B,43.95%,$0.31B,$0.14B,43.95%,$0.31B,$0.20B,64.01%,$0.31B,$0.09B,28.34%,$0.31B,$0.09B,27.07%,$0.09B,$0.55B,15.98%,$0.09B,$0.55B,16.05%,$0.09B,$1.77B,4.97%,$0.14B,$1.68B,8.45%,$77,$2,$75,$0,$29,$45,$31,$-11,$20,$0,$20,$20,$19,$47,$31,$10,10,$1.79,$2.09,$62,$0,$0,$97,$1442,$205,$2,$18,$1677,$1774,$83,$1135,$9,$1144,$1227,$7,$0,$0,$547,$1774,$90,$63,$-7,$55,$-12,$0,$-17,$3,$-26,$120,$-93,$0,$0,$0,$-7,$-7,$-5,$-105,$47,$0,$47,$-10,$-10,$-40,$-11,$-15,$0,$2,$-40
12,2015-09-30,2.54,$53.17,0.05,$29.85,0.09,$16.49,0.15,$0.59,4.31,$0.13B,$0.06B,2.14,$1.07B,$0.54B,2.0,$0.31B,$0.30B,98.06%,$0.31B,$0.13B,43.37%,$0.31B,$0.13B,43.37%,$0.31B,$0.20B,66.02%,$0.31B,$0.10B,31.07%,$0.31B,$0.09B,29.77%,$0.09B,$0.54B,17.67%,$0.09B,$0.54B,17.78%,$0.09B,$1.67B,5.44%,$0.13B,$1.60B,8.30%,$78,$1,$76,$0,$26,$41,$36,$-13,$23,$0,$23,$23,$22,$51,$36,$10,10,$2.24,$2.09,$81,$0,$0,$129,$1322,$201,$2,$0,$1544,$1673,$60,$1067,$9,$1076,$1136,$5,$3,$-3,$537,$1673,$70,$47,$-5,$42,$-21,$0,$-17,$4,$-20,$91,$42,$0,$0,$0,$-7,$-7,$-5,$30,$-52,$0,$-52,$-6,$-6,$-32,$-10,$-100,$21,$2,$-32
13,2015-06-30,2.56,$52.14,0.05,$29.14,0.09,$-15.08,0.0,$0.46,5.56,$0.11B,$0.06B,2.08,$1.08B,$0.53B,2.04,$0.30B,$0.29B,98.00%,$0.30B,$0.12B,39.33%,$0.30B,$0.12B,39.33%,$0.30B,$0.19B,64.00%,$0.30B,$0.08B,25.00%,$0.30B,$0.07B,23.67%,$0.07B,$0.53B,14.00%,$0.07B,$0.53B,14.34%,$0.07B,$1.67B,4.10%,$0.12B,$1.61B,7.18%,$80,$1,$79,$0,$28,$44,$36,$-10,$26,$0,$26,$26,$25,$52,$36,$10,10,$2.54,$2.39,$81,$0,$0,$114,$1335,$203,$2,$0,$1556,$1670,$55,$1075,$9,$1084,$1139,$4,$-20,$1,$531,$1670,$46,$32,$-6,$27,$-6,$0,$-17,$3,$-19,$54,$42,$0,$0,$0,$-5,$-5,$-3,$34,$-42,$0,$-42,$0,$0,$-16,$-11,$-69,$19,$1,$-16
14,2015-03-31,2.49,$50.34,0.05,$27.57,0.09,$-41.16,0.0,$0.28,8.88,$0.10B,$0.08B,1.19,$1.12B,$0.50B,2.23,$0.28B,$0.28B,97.52%,$0.28B,$0.10B,34.75%,$0.28B,$0.10B,34.75%,$0.28B,$0.17B,61.70%,$0.28B,$0.05B,16.31%,$0.28B,$0.04B,15.25%,$0.04B,$0.51B,8.66%,$0.04B,$0.51B,9.06%,$0.04B,$1.72B,2.44%,$0.10B,$1.64B,5.88%,$79,$2,$77,$0,$27,$44,$35,$-15,$20,$0,$20,$20,$19,$51,$35,$10,10,$1.94,$1.79,$63,$0,$0,$96,$1434,$170,$4,$1,$1623,$1719,$81,$1124,$3,$1127,$1208,$2,$-46,$-1,$512,$1719,$20,$16,$-3,$13,$-8,$0,$-13,$7,$1,$34,$-30,$0,$0,$0,$0,$0,$2,$-27,$14,$0,$14,$0,$0,$-8,$-9,$-4,$3,$1,$-8
15,2014-12-31,2.51,$49.48,0.05,$26.42,0.1,$-55.14,0.0,$0.07,35.91,$0.09B,$0.07B,1.25,$1.11B,$0.49B,2.26,$0.26B,$0.26B,97.35%,$0.26B,$0.08B,30.30%,$0.26B,$0.08B,30.30%,$0.26B,$0.16B,59.85%,$0.26B,$0.01B,4.92%,$0.26B,$0.01B,4.55%,$0.01B,$0.50B,2.43%,$0.01B,$0.50B,2.60%,$0.01B,$1.70B,0.67%,$0.08B,$1.61B,4.74%,$72,$1,$71,$0,$28,$46,$27,$0,$27,$0,$27,$27,$26,$50,$27,$10,10,$2.69,$2.69,$61,$0,$0,$90,$1418,$171,$5,$1,$1607,$1697,$72,$1110,$13,$1123,$1194,$0,$-66,$0,$503,$1697,$13,$79,$-6,$72,$-11,$0,$15,$-12,$-9,$76,$-141,$0,$0,$0,$0,$0,$-4,$-146,$1,$0,$1,$54,$54,$-32,$18,$41,$-28,$5,$-32
16,2014-09-30,1.85,$47.54,0.04,$28.32,0.07,$-98.52,0.0,$-0.48,0.0,$0.10B,$0.09B,1.02,$1.24B,$0.47B,2.63,$0.25B,$0.24B,96.40%,$0.25B,$0.03B,12.80%,$0.25B,$0.03B,12.80%,$0.25B,$0.11B,45.60%,$0.25B,$-0.07B,-27.20%,$0.25B,$-0.07B,-26.00%,$-0.07B,$0.48B,-13.46%,$-0.07B,$0.45B,-14.67%,$-0.07B,$1.84B,-3.67%,$0.03B,$1.72B,1.90%,$69,$2,$67,$0,$29,$49,$20,$-18,$2,$0,$2,$2,$1,$39,$20,$10,10,$0.15,$0.15,$72,$0,$0,$96,$1661,$5,$38,$1,$1739,$1835,$94,$1237,$21,$1258,$1352,$0,$-93,$0,$483,$1835,$-14,$55,$18,$73,$-7,$0,$13,$-3,$16,$76,$-263,$0,$0,$0,$0,$0,$-3,$-267,$125,$0,$125,$54,$54,$-24,$18,$173,$-18,$4,$-24
17,2014-06-30,2.49,$48.04,0.05,$28.53,0.09,$-119.79,0.0,$-0.52,0.0,$0.09B,$0.07B,1.17,$1.21B,$0.48B,2.55,$0.23B,$0.22B,95.30%,$0.23B,$0.02B,9.40%,$0.23B,$0.02B,9.40%,$0.23B,$0.11B,44.87%,$0.23B,$-0.07B,-31.62%,$0.23B,$-0.07B,-29.91%,$-0.07B,$0.49B,-14.20%,$-0.07B,$0.45B,-15.50%,$-0.07B,$1.79B,-4.05%,$0.02B,$1.70B,1.33%,$62,$2,$60,$0,$28,$46,$16,$-19,$-3,$0,$-3,$-3,$-3,$34,$16,$10,10,$-0.30,$-0.30,$70,$0,$0,$87,$1620,$5,$39,$1,$1699,$1786,$74,$1213,$10,$1224,$1298,$0,$-95,$0,$488,$1786,$-16,$36,$17,$53,$-3,$0,$5,$-0,$1,$38,$-206,$0,$0,$0,$0,$0,$-3,$-209,$94,$0,$94,$54,$54,$-16,$16,$150,$-22,$3,$-16
18,2014-03-31,2.42,$48.97,0.05,$30.10,0.08,$-124.17,0.0,$-0.52,0.0,$0.14B,$0.08B,1.71,$1.22B,$0.49B,2.51,$0.22B,$0.21B,95.43%,$0.22B,$0.02B,8.68%,$0.22B,$0.02B,8.68%,$0.22B,$0.10B,46.12%,$0.22B,$-0.07B,-33.33%,$0.22B,$-0.07B,-31.05%,$-0.07B,$0.50B,-14.15%,$-0.07B,$0.46B,-15.55%,$-0.07B,$1.81B,-4.09%,$0.02B,$1.72B,1.20%,$61,$2,$59,$0,$26,$44,$17,$-30,$-13,$0,$-13,$-13,$-12,$35,$17,$9,9,$-1.34,$-1.34,$124,$0,$0,$141,$1585,$5,$40,$4,$1669,$1810,$83,$1220,$10,$1230,$1312,$0,$-92,$0,$498,$1810,$-13,$18,$14,$32,$-4,$0,$2,$-3,$9,$29,$-157,$0,$0,$0,$0,$0,$-2,$-159,$100,$0,$100,$54,$54,$-7,$18,$165,$35,$1,$-7
19,2013-12-31,2.87,$50.53,0.06,$35.40,0.08,$-114.47,0.0,$-0.42,0.0,$0.12B,$0.07B,1.85,$1.13B,$0.45B,2.5,$0.20B,$0.19B,95.54%,$0.20B,$0.02B,7.92%,$0.20B,$0.02B,7.92%,$0.20B,$0.10B,47.03%,$0.20B,$-0.06B,-29.21%,$0.20B,$-0.06B,-27.23%,$-0.06B,$0.46B,-12.56%,$-0.06B,$0.42B,-14.03%,$-0.06B,$1.66B,-3.50%,$0.02B,$1.59B,1.08%,$58,$3,$55,$0,$25,$79,$-21,$-33,$-54,$0,$-54,$-54,$-51,$6,$-21,$7,7,$-7.91,$-7.91,$108,$0,$0,$121,$1453,$5,$42,$6,$1536,$1657,$65,$1125,$4,$1128,$1194,$0,$-79,$0,$463,$1657,$-59,$79,$19,$97,$-3,$0,$-62,$-2,$-68,$-30,$-296,$0,$0,$0,$-5,$-5,$7,$-294,$111,$0,$111,$308,$308,$-20,$-35,$363,$40,$1,$-20
20,2013-09-30,2.35,$57.96,0.04,$41.95,0.06,$-117.73,0.0,$-0.03,0.0,$0.12B,$0.07B,1.66,$1.06B,$0.51B,2.08,$0.19B,$0.18B,95.70%,$0.19B,$0.05B,26.88%,$0.19B,$0.05B,26.88%,$0.19B,$0.12B,62.90%,$0.19B,$-0.01B,-2.69%,$0.19B,$-0.00B,-2.15%,$-0.00B,$0.52B,-1.05%,$-0.00B,$0.48B,-1.21%,$-0.00B,$1.67B,-0.27%,$0.05B,$1.59B,3.60%,$53,$4,$49,$0,$21,$43,$10,$-15,$-4,$0,$-4,$-4,$-4,$30,$10,$8,8,$-0.45,$-0.45,$108,$0,$0,$122,$1474,$0,$43,$4,$1546,$1668,$73,$1064,$9,$1072,$1146,$0,$-26,$0,$523,$1668,$-5,$52,$0,$52,$-6,$0,$-60,$-5,$-62,$-15,$-286,$0,$0,$0,$0,$0,$10,$-276,$71,$0,$71,$308,$308,$-12,$-17,$349,$59,$0,$-12
21,2013-06-30,2.11,$60.15,0.04,$48.79,0.04,$-122.87,0.0,$-0.03,0.0,$0.13B,$0.05B,2.59,$0.99B,$0.43B,2.32,$0.17B,$0.17B,96.49%,$0.17B,$0.05B,29.82%,$0.17B,$0.05B,29.82%,$0.17B,$0.11B,65.50%,$0.17B,$-0.00B,-1.17%,$0.17B,$-0.00B,-0.58%,$-0.00B,$0.44B,-0.33%,$-0.00B,$0.39B,-0.39%,$-0.00B,$1.52B,-0.07%,$0.05B,$1.43B,3.92%,$47,$1,$46,$0,$17,$34,$13,$-14,$-2,$0,$-2,$-2,$-1,$30,$13,$6,6,$-0.30,$-0.30,$121,$0,$0,$131,$1312,$0,$47,$0,$1385,$1516,$51,$988,$39,$1027,$1078,$0,$-22,$0,$438,$1516,$-1,$32,$0,$32,$-1,$0,$-46,$-1,$-50,$-19,$-109,$0,$0,$0,$0,$0,$9,$-101,$-13,$0,$-13,$211,$211,$-7,$-8,$184,$65,$0,$-7
22,2013-03-31,2.08,$64.38,0.03,$54.25,0.04,$-140.03,0.0,$-0.05,0.0,$0.13B,$0.08B,1.54,$0.98B,$0.32B,3.08,$0.16B,$0.15B,95.63%,$0.16B,$0.05B,30.00%,$0.16B,$0.05B,30.00%,$0.16B,$0.11B,66.25%,$0.16B,$-0.00B,-1.25%,$0.16B,$-0.00B,-1.25%,$-0.00B,$0.33B,-0.79%,$-0.00B,$0.28B,-1.00%,$-0.00B,$1.45B,-0.15%,$0.05B,$1.31B,3.85%,$44,$1,$43,$0,$15,$30,$14,$-13,$1,$0,$1,$1,$1,$29,$14,$4,4,$0.15,$0.15,$117,$0,$0,$128,$1244,$0,$51,$1,$1322,$1450,$83,$978,$62,$1040,$1123,$0,$-20,$0,$327,$1450,$1,$15,$0,$15,$-2,$0,$-4,$-0,$3,$19,$-33,$0,$0,$0,$0,$0,$3,$-30,$-26,$0,$-26,$96,$96,$-2,$-4,$63,$52,$0,$-2
23,2012-12-31,1.41,$85.21,0.02,$55.66,0.03,$-165.01,0.0,$-0.08,0.0,$0.07B,$0.07B,1.06,$1.01B,$0.23B,4.48,$0.15B,$0.15B,95.39%,$0.15B,$0.05B,29.61%,$0.15B,$0.05B,29.61%,$0.15B,$0.10B,66.45%,$0.15B,$-0.00B,-2.63%,$0.15B,$-0.00B,-2.63%,$-0.00B,$0.23B,-1.72%,$-0.00B,$0.18B,-2.28%,$-0.00B,$1.37B,-0.30%,$0.05B,$1.24B,3.69%,$42,$1,$40,$0,$14,$29,$13,$-13,$0,$0,$0,$0,$0,$28,$13,$3,3,$0.15,$0.15,$64,$0,$0,$72,$1217,$0,$53,$1,$1299,$1371,$68,$1009,$62,$1072,$1139,$0,$-21,$0,$231,$1371,$-4,$55,$0,$55,$1,$0,$36,$-4,$31,$82,$-225,$0,$0,$0,$0,$0,$19,$-206,$144,$0,$144,$0,$0,$-10,$-9,$126,$2,$0,$-10
24,2012-09-30,1.5,$84.88,0.02,$54.60,0.03,$-168.01,0.0,$-0.04,0.0,$0.08B,$0.08B,1.02,$1.00B,$0.23B,4.38,$0.15B,$0.14B,94.67%,$0.15B,$0.05B,30.67%,$0.15B,$0.05B,30.67%,$0.15B,$0.10B,67.33%,$0.15B,$-0.00B,-0.67%,$0.15B,$-0.00B,-1.33%,$-0.00B,$0.23B,-0.85%,$-0.00B,$0.18B,-1.14%,$-0.00B,$1.36B,-0.15%,$0.05B,$1.23B,3.88%,$38,$1,$36,$0,$13,$27,$11,$-12,$-1,$0,$-1,$-1,$-1,$25,$11,$3,3,$-0.45,$-0.45,$72,$0,$0,$78,$1194,$0,$55,$1,$1279,$1357,$76,$996,$54,$1051,$1127,$0,$-21,$0,$230,$1357,$-4,$40,$0,$40,$2,$0,$32,$-4,$38,$74,$-196,$0,$0,$0,$0,$0,$16,$-180,$128,$0,$128,$0,$0,$-7,$-10,$111,$5,$0,$-7
25,2012-06-30,1.27,$85.19,0.01,$52.49,0.02,$-167.40,0.0,$-0.07,0.0,$0.08B,$0.08B,1.02,$0.98B,$0.23B,4.24,$0.14B,$0.14B,95.80%,$0.14B,$0.04B,30.77%,$0.14B,$0.04B,30.77%,$0.14B,$0.10B,67.13%,$0.14B,$-0.00B,-2.10%,$0.14B,$-0.00B,-2.10%,$-0.00B,$0.23B,-1.27%,$-0.00B,$0.17B,-1.71%,$-0.00B,$1.32B,-0.24%,$0.04B,$1.21B,3.84%,$36,$2,$34,$0,$12,$26,$10,$-12,$-2,$0,$-2,$-2,$-2,$24,$10,$3,3,$-0.60,$-0.60,$73,$0,$0,$79,$1150,$0,$57,$1,$1240,$1319,$78,$981,$29,$1010,$1088,$0,$-20,$0,$231,$1319,$-3,$27,$0,$27,$1,$0,$25,$-2,$20,$43,$-148,$0,$0,$0,$0,$0,$9,$-138,$109,$0,$109,$0,$0,$-5,$-9,$96,$1,$0,$-5
26,2012-03-31,1.7,$86.80,0.02,$49.12,0.03,$-144.29,0.0,$-0.10,0.0,$0.08B,$0.08B,1.02,$0.96B,$0.24B,4.06,$0.13B,$0.13B,96.24%,$0.13B,$0.04B,30.83%,$0.13B,$0.04B,30.83%,$0.13B,$0.09B,66.92%,$0.13B,$-0.00B,-3.01%,$0.13B,$-0.00B,-3.01%,$-0.00B,$0.24B,-1.67%,$-0.00B,$0.18B,-2.23%,$-0.00B,$1.29B,-0.34%,$0.04B,$1.19B,3.76%,$36,$1,$35,$0,$12,$25,$11,$-12,$-1,$0,$-1,$-1,$-1,$24,$11,$3,3,$-0.30,$-0.30,$77,$0,$0,$84,$1119,$0,$59,$1,$1211,$1294,$82,$957,$20,$977,$1059,$0,$-18,$0,$236,$1294,$-1,$13,$0,$13,$0,$0,$10,$-1,$16,$29,$-107,$0,$0,$0,$0,$0,$3,$-104,$85,$0,$85,$0,$0,$-2,$-7,$75,$-0,$0,$-2
27,2011-12-31,1.36,$87.99,0.02,$43.95,0.03,$-111.90,0.0,$-0.09,0.0,$0.08B,$0.08B,1.02,$0.87B,$0.24B,3.66,$0.12B,$0.12B,96.72%,$0.12B,$0.04B,31.15%,$0.12B,$0.04B,31.15%,$0.12B,$0.08B,66.39%,$0.12B,$-0.00B,-2.46%,$0.12B,$-0.00B,-2.46%,$-0.00B,$0.24B,-1.23%,$-0.00B,$0.18B,-1.64%,$-0.00B,$1.20B,-0.27%,$0.04B,$1.11B,3.68%,$40,$2,$37,$0,$11,$25,$14,$-12,$3,$0,$3,$3,$2,$28,$14,$3,3,$0.90,$0.90,$72,$0,$0,$79,$1020,$0,$61,$3,$1117,$1195,$78,$873,$5,$879,$957,$0,$-17,$0,$239,$1195,$-4,$42,$0,$42,$-2,$0,$31,$-10,$26,$64,$-219,$-10,$0,$0,$0,$0,$4,$-226,$153,$0,$153,$0,$0,$-10,$-2,$141,$-20,$0,$-10
28,2011-09-30,1.65,$87.94,0.02,$41.28,0.04,$-167.99,0.0,$-0.24,0.0,$0.08B,$0.07B,1.17,$0.83B,$0.24B,3.46,$0.11B,$0.11B,99.07%,$0.11B,$0.03B,26.17%,$0.11B,$0.03B,26.17%,$0.11B,$0.07B,63.55%,$0.11B,$-0.01B,-9.35%,$0.11B,$-0.01B,-8.41%,$-0.01B,$0.24B,-3.64%,$-0.01B,$0.18B,-4.82%,$-0.01B,$1.15B,-0.86%,$0.03B,$1.07B,2.81%,$31,$0,$31,$0,$11,$22,$9,$-12,$-3,$0,$-3,$-3,$-2,$20,$9,$3,3,$-0.90,$-0.90,$74,$0,$0,$81,$965,$0,$64,$2,$1065,$1146,$70,$831,$6,$836,$906,$0,$-20,$0,$240,$1146,$-6,$29,$1,$30,$-0,$0,$19,$-16,$15,$39,$-156,$-10,$0,$0,$0,$0,$2,$-165,$116,$0,$116,$0,$0,$-7,$-2,$107,$-19,$0,$-7
29,2011-06-30,1.93,$89.85,0.02,$33.82,0.06,$-218.22,0.0,$-0.44,0.0,$0.07B,$0.05B,1.49,$0.74B,$0.25B,3.0,$0.08B,$0.08B,98.81%,$0.08B,$0.01B,16.67%,$0.08B,$0.01B,16.67%,$0.08B,$0.05B,53.57%,$0.08B,$-0.01B,-16.67%,$0.08B,$-0.01B,-16.67%,$-0.01B,$0.25B,-5.73%,$-0.01B,$0.19B,-7.61%,$-0.01B,$1.03B,-1.41%,$0.01B,$0.98B,1.49%,$26,$1,$25,$0,$9,$19,$7,$-10,$-3,$0,$-3,$-3,$-3,$17,$7,$3,3,$-1.05,$-1.05,$65,$0,$0,$71,$875,$0,$58,$9,$963,$1034,$47,$736,$5,$741,$789,$0,$-17,$0,$245,$1034,$-4,$18,$0,$18,$-1,$0,$6,$-2,$6,$21,$-61,$0,$0,$0,$0,$0,$1,$-60,$24,$0,$24,$0,$0,$-5,$-1,$19,$-21,$0,$-5
30,2011-03-31,1.84,$91.92,0.02,$23.97,0.08,$-264.68,0.0,$-0.45,0.0,$0.09B,$0.04B,2.41,$0.72B,$0.25B,2.86,$0.06B,$0.06B,100.00%,$0.06B,$0.01B,8.62%,$0.06B,$0.01B,8.62%,$0.06B,$0.03B,44.83%,$0.06B,$-0.01B,-22.41%,$0.06B,$-0.01B,-22.41%,$-0.01B,$0.25B,-5.94%,$-0.01B,$0.19B,-7.56%,$-0.01B,$1.01B,-1.60%,$0.01B,$0.97B,0.65%,$25,$0,$25,$0,$9,$17,$8,$-8,$-0,$0,$-0,$-0,$-0,$16,$8,$3,3,$-0.15,$-0.15,$90,$0,$0,$92,$827,$0,$60,$16,$920,$1012,$38,$718,$5,$723,$761,$0,$-14,$0,$251,$1012,$-0,$8,$0,$8,$3,$0,$-2,$0,$11,$19,$-8,$0,$0,$0,$0,$0,$1,$-7,$2,$0,$2,$0,$0,$-2,$-1,$-1,$11,$0,$-2
31,2010-12-31,1.8,$78.23,0.02,$15.98,0.11,$-268.42,0.0,$-0.45,0.0,$0.08B,$0.03B,2.8,$0.72B,$0.25B,2.83,$0.03B,$0.03B,100.00%,$0.03B,$-0.00B,-9.09%,$0.03B,$-0.00B,-9.09%,$0.03B,$0.01B,30.30%,$0.03B,$-0.01B,-39.39%,$0.03B,$-0.01B,-39.39%,$-0.01B,$0.25B,-6.00%,$-0.01B,$0.19B,-7.04%,$-0.01B,$1.01B,-2.09%,$-0.00B,$0.97B,-0.51%,$25,$0,$25,$0,$8,$22,$4,$-8,$-4,$0,$-4,$-4,$-4,$15,$4,$2,2,$-1.19,$-1.19,$76,$0,$0,$81,$826,$0,$61,$19,$924,$1005,$29,$717,$6,$722,$751,$0,$-13,$0,$254,$1005,$-14,$14,$8,$21,$-4,$0,$8,$3,$3,$10,$-255,$0,$-102,$0,$0,$0,$254,$-104,$156,$0,$156,$9,$9,$0,$-11,$155,$61,$2,$0
32,2010-09-30,2.41,$80.96,0.03,$4.36,0.55,$-156.48,0.0,$-0.35,0.0,$0.05B,$0.07B,0.74,$0.61B,$0.23B,2.68,$0.01B,$0.01B,100.00%,$0.01B,$-0.01B,-87.50%,$0.01B,$-0.01B,-87.50%,$0.01B,$-0.01B,-62.50%,$0.01B,$-0.01B,-112.50%,$0.01B,$-0.01B,-112.50%,$-0.01B,$0.23B,-5.88%,$-0.01B,$0.17B,-6.59%,$-0.01B,$0.92B,-2.43%,$-0.01B,$0.84B,-2.03%,$8,$0,$8,$0,$3,$13,$-5,$-1,$-7,$0,$-7,$-7,$-7,$-3,$-5,$2,2,$-3.88,$-3.88,$50,$0,$0,$54,$769,$0,$62,$27,$866,$919,$73,$610,$9,$619,$692,$0,$-9,$0,$227,$919,$-9,$3,$8,$10,$-1,$0,$7,$4,$14,$15,$-191,$0,$-102,$0,$0,$0,$251,$-42,$102,$0,$102,$-24,$-24,$0,$-11,$67,$40,$2,$0
33,2010-06-30,2.8,$98.45,0.03,$0.01,201.21,$-62.11,0.0,$-0.09,0.0,$0.06B,$0.01B,9.78,$0.16B,$0.14B,1.1,$0.00B,0,nan%,$0.00B,$-0.00B,inf%,$0.00B,$-0.00B,inf%,$0.00B,$-0.00B,inf%,$0.00B,$-0.00B,inf%,$0.00B,$-0.00B,inf%,$-0.00B,$0.14B,-2.08%,$-0.00B,$0.14B,-2.10%,$-0.00B,$0.31B,-1.43%,$-0.00B,$0.30B,-1.48%,$0,$0,$0,$0,$2,$2,$-2,$0,$-2,$0,$-2,$-2,$-2,$-2,$-2,$2,2,$-1.19,$-1.19,$58,$0,$0,$58,$216,$0,$3,$29,$251,$309,$6,$157,$3,$160,$166,$0,$-2,$0,$143,$309,$-3,$0,$2,$2,$-0,$0,$0,$0,$3,$3,$-118,$0,$0,$0,$0,$0,$251,$134,$-76,$0,$-76,$0,$0,$0,$-9,$-84,$52,$2,$0
34,2010-03-31,4.33,$0.00,0.0,0,0.0,$-0.54,0.0,$-0.01,0.0,$0.00B,$0.00B,1.02,$0.00B,$0.24B,0.0,$0.00B,0,nan%,$0.00B,0,nan%,$0.00B,0,nan%,$0.00B,0,nan%,$0.00B,0,nan%,$0.00B,0,nan%,$0.00B,$0.24B,0.00%,$0.00B,$0.24B,0.00%,$0.00B,$0.25B,0.00%,$0.00B,$0.24B,0.00%,$0,$0,$0,$0,$0,$0,$-0,$0,$-0,$0,$-0,$-0,$-0,$-0,$-0,$2,2,$-0.15,$-0.15,$0,$0,$0,$0,$0,$251,$0,$0,$251,$251,$0,$0,$0,$9,$9,$0,$0,$0,$242,$251,$-0,$0,$0,$0,$0,$0,$0,$-0,$-0,$-0,$0,$0,$0,$0,$0,$0,$1,$1,$0,$0,$0,$0,$0,$0,$0,$0,$0,$0,$0
