,Date,Stock Price,Book Value per Share,Price to Book Ratio,TTM Sales per Share,Price to Sales Ratio,TTM FCF per Share,Price to FCF Ratio,TTM Net EPS,PE Ratio,Current Assets,Current Liabilities,Current Ratio,Long Term Debt,Shareholder's Equity_x,Debt to Equity Ratio,TTM Revenue_x,TTM Gross Profit,Gross Margin,TTM Revenue_y,TTM Operating Income,Operating Margin,TTM Revenue_x,TTM EBIT,EBIT Margin,TTM Revenue_y,TTM EBITDA,EBITDA Margin,TTM Revenue_x,TTM Pre-Tax Income,Pre-Tax Margin,TTM Revenue_y,TTM Net Income_x,Net Margin,TTM Net Income_y,Shareholder's Equity_y,Return on Equity,TTM Net Income_x,Tangible Equity,Return on Tangible Equity,TTM Net Income_y,Total Assets,Return on Assets,TTM Net Income,LT Investments & Debt,Return on Investment,revenue,cost-goods-sold,gross-profit,research-development-expenses,selling-general-administrative-expenses,operating-expenses,operating-income,total-non-operating-income-expense,pre-tax-income,total-provision-income-taxes,income-after-taxes,income-from-continuous-operations,net-income,ebitda,ebit,basic-shares-outstanding,shares-outstanding,eps-basic-net-earnings-per-share,eps-earnings-per-share-diluted,cash-on-hand,inventory,other-current-assets,total-current-assets,net-property-plant-equipment,long-term-investments,goodwill-intangible-assets-total,other-long-term-assets,total-long-term-assets,total-assets,total-current-liabilities,long-term-debt,other-non-current-liabilities,total-long-term-liabilities,total-liabilities,common-stock-net,retained-earnings-accumulated-deficit,comprehensive-income,total-share-holder-equity,total-liabilities-share-holders-equity,net-income-loss,total-depreciation-amortization-cash-flow,other-non-cash-items,total-non-cash-items,change-in-accounts-receivable,change-in-inventories,change-in-accounts-payable,change-in-assets-liabilities,total-change-in-assets-liabilities,cash-flow-from-operating-activities,net-change-in-property-plant-equipment,net-change-in-intangible-assets,net-acquisitions-divestitures,net-change-in-short-term-investments,net-change-in-long-term-investments,net-change-in-investments-total,investing-activities-other,cash-flow-from-investing-activities,net-long-term-debt,net-current-debt,debt-issuance-retirement-net-total,net-common-equity-issued-repurchased,net-total-equity-issued-repurchased,total-common-preferred-stock-dividends-paid,financial-activities-other,cash-flow-from-financial-activities,net-cash-flow,stock-based-compensation,common-stock-dividends-paid
0,2018-09-30,15.6,$15.23,1.02,$26.01,0.6,$-8.02,0.0,$0.86,18.14,$0.35B,$0.15B,2.36,$0.84B,$0.64B,1.32,$0.73B,$0.18B,24.35%,$0.73B,$0.01B,1.51%,$0.73B,$0.01B,1.51%,$0.73B,$0.08B,11.00%,$0.73B,$-0.07B,-9.90%,$0.73B,$0.01B,0.83%,$0.01B,$0.64B,1.17%,$0.01B,$-0.37B,-1.77%,$0.01B,$1.76B,0.37%,$0.01B,$1.49B,0.80%,$206,$156,$49,$0,$22,$200,$6,$-26,$-20,$-6,$-14,$-14,$-14,$28,$6,$29,29,$-0.48,$-0.48,$18,$124,$23,$354,$352,$39,$1009,$9,$1409,$1763,$150,$844,$27,$972,$1122,$0,$161,$-32,$641,$1763,$-44,$55,$6,$61,$-20,$-18,$4,$6,$-30,$-13,$-47,$0,$-399,$0,$0,$0,$1,$-445,$55,$10,$65,$217,$217,$-6,$-24,$253,$-207,$3,$-6
1,2018-06-30,18.9,$15.99,1.18,$24.22,0.78,$-5.93,0.0,$0.74,25.54,$0.36B,$0.14B,2.62,$1.04B,$0.44B,2.35,$0.67B,$0.17B,24.66%,$0.67B,$0.01B,1.64%,$0.67B,$0.01B,1.64%,$0.67B,$0.07B,11.06%,$0.67B,$-0.06B,-8.67%,$0.67B,$0.15B,21.82%,$0.15B,$0.44B,31.48%,$0.15B,$-0.57B,-47.48%,$0.15B,$1.76B,9.36%,$0.01B,$1.48B,0.84%,$196,$149,$48,$0,$27,$197,$-0,$-31,$-31,$-6,$-25,$-25,$-25,$17,$-0,$28,28,$-0.89,$-0.89,$23,$116,$24,$363,$334,$41,$1012,$11,$1398,$1761,$138,$1040,$21,$1179,$1318,$0,$177,$-28,$443,$1761,$-30,$33,$14,$47,$-17,$-11,$-5,$6,$-36,$-19,$-29,$0,$-393,$0,$0,$0,$1,$-422,$254,$10,$264,$0,$0,$-4,$-19,$241,$-201,$2,$-4
2,2018-03-31,23.92,$17.53,1.37,$22.88,1.05,$-4.36,0.0,$0.85,28.14,$0.46B,$0.12B,3.77,$0.79B,$0.49B,1.62,$0.63B,$0.16B,25.36%,$0.63B,$0.02B,3.80%,$0.63B,$0.02B,3.80%,$0.63B,$0.09B,13.79%,$0.63B,$-0.07B,-10.62%,$0.63B,$0.15B,23.77%,$0.15B,$0.49B,34.80%,$0.15B,$-0.22B,-57.36%,$0.15B,$1.49B,10.20%,$0.02B,$1.27B,1.95%,$169,$126,$43,$0,$22,$165,$4,$-12,$-8,$-1,$-7,$-6,$-6,$19,$4,$28,28,$-0.22,$-0.22,$185,$92,$21,$461,$267,$42,$701,$14,$1024,$1485,$122,$787,$19,$878,$1000,$0,$203,$-12,$485,$1485,$-6,$15,$1,$16,$-9,$-8,$-0,$7,$-11,$-1,$-12,$0,$-21,$0,$0,$0,$-0,$-33,$-3,$-0,$-3,$0,$0,$-2,$-1,$-6,$-39,$1,$-2
3,2017-12-31,27.44,$17.63,1.56,$22.46,1.22,$-4.03,0.0,$1.34,20.47,$0.48B,$0.11B,4.4,$0.79B,$0.49B,1.63,$0.62B,$0.16B,25.81%,$0.62B,$0.03B,5.48%,$0.62B,$0.03B,5.48%,$0.62B,$0.10B,15.97%,$0.62B,$-0.06B,-9.52%,$0.62B,$0.16B,26.29%,$0.16B,$0.49B,41.61%,$0.16B,$-0.21B,-54.15%,$0.16B,$1.48B,11.26%,$0.03B,$1.28B,2.84%,$156,$119,$37,$0,$22,$155,$1,$-14,$-13,$-65,$52,$53,$51,$16,$1,$27,28,$1.87,$1.80,$224,$83,$19,$477,$259,$40,$692,$6,$998,$1475,$108,$791,$18,$880,$989,$0,$211,$-18,$486,$1475,$163,$64,$-144,$-80,$-11,$-10,$4,$-1,$-143,$-60,$-43,$0,$333,$-8,$1,$-7,$0,$282,$4,$-4,$-0,$3,$3,$-8,$-9,$-14,$210,$5,$-8
4,2017-09-30,28.76,$16.00,1.8,$17.27,1.67,$0.65,43.95,$-0.51,0.0,$0.55B,$0.18B,3.16,$0.79B,$0.44B,1.8,$0.48B,$0.13B,27.31%,$0.48B,$0.03B,5.46%,$0.48B,$0.03B,5.46%,$0.48B,$0.09B,19.33%,$0.48B,$-0.07B,-13.87%,$0.48B,$0.11B,23.74%,$0.11B,$0.44B,32.52%,$0.11B,$-0.24B,-32.61%,$0.11B,$1.52B,7.97%,$0.03B,$1.24B,2.26%,$148,$111,$37,$0,$17,$143,$6,$-12,$-6,$-2,$-5,$-3,$126,$22,$6,$28,28,$4.57,$4.57,$347,$77,$20,$552,$239,$38,$680,$8,$965,$1518,$175,$794,$11,$901,$1076,$0,$169,$-19,$441,$1518,$112,$50,$-80,$-30,$-15,$-10,$-3,$-3,$-51,$31,$-32,$0,$371,$-8,$0,$-8,$1,$333,$16,$-4,$12,$0,$0,$-6,$-39,$-33,$333,$3,$-6
5,2017-06-30,27.14,$11.32,2.4,$17.26,1.57,$1.20,22.67,$-0.24,0.0,$0.33B,$0.15B,2.23,$0.83B,$0.31B,2.67,$0.48B,$0.13B,28.00%,$0.48B,$0.03B,6.95%,$0.48B,$0.03B,6.95%,$0.48B,$0.10B,20.84%,$0.48B,$-0.07B,-14.53%,$0.48B,$-0.01B,-1.89%,$-0.01B,$0.31B,-2.82%,$-0.01B,$-0.39B,2.35%,$-0.01B,$1.41B,-0.65%,$0.03B,$1.14B,2.93%,$158,$115,$43,$0,$18,$145,$13,$-52,$-40,$-12,$-28,$-26,$-21,$30,$13,$27,27,$-0.77,$-0.77,$19,$124,$14,$328,$333,$40,$697,$9,$1078,$1406,$147,$832,$10,$947,$1094,$0,$38,$-16,$312,$1406,$-14,$34,$39,$73,$-20,$-6,$1,$-8,$-43,$16,$-21,$0,$0,$0,$0,$0,$1,$-20,$50,$-0,$50,$0,$0,$-4,$-38,$8,$5,$2,$-4
6,2017-03-31,24.86,$11.97,2.08,$19.39,1.28,$1.15,21.68,$0.61,40.75,$0.31B,$0.15B,2.07,$0.81B,$0.33B,2.45,$0.53B,$0.15B,27.68%,$0.53B,$0.04B,6.97%,$0.53B,$0.04B,6.97%,$0.53B,$0.10B,19.40%,$0.53B,$-0.03B,-5.27%,$0.53B,$0.01B,2.64%,$0.01B,$0.33B,4.38%,$0.01B,$-0.37B,-3.62%,$0.01B,$1.39B,1.01%,$0.04B,$1.13B,3.30%,$158,$114,$43,$0,$17,$144,$14,$-14,$-0,$-0,$0,$2,$7,$31,$14,$27,28,$0.27,$0.27,$20,$117,$15,$310,$328,$42,$702,$9,$1081,$1391,$150,$805,$4,$913,$1063,$0,$62,$-20,$328,$1391,$7,$17,$-1,$16,$-19,$-1,$1,$-5,$-19,$5,$-9,$0,$0,$0,$0,$0,$0,$-8,$13,$-2,$11,$0,$0,$-2,$-0,$8,$5,$1,$-2
7,2016-12-31,18.73,$11.35,1.65,$21.58,0.87,$1.11,16.85,$0.29,64.57,$0.28B,$0.14B,2.01,$0.79B,$0.31B,2.54,$0.59B,$0.16B,26.67%,$0.59B,$0.04B,5.98%,$0.59B,$0.04B,5.98%,$0.59B,$0.10B,17.44%,$0.59B,$-0.03B,-5.30%,$0.59B,$0.01B,1.03%,$0.01B,$0.31B,1.89%,$0.01B,$-0.39B,-1.52%,$0.01B,$1.36B,0.43%,$0.04B,$1.10B,3.12%,$12,$5,$7,$0,$8,$19,$-7,$-13,$-20,$-7,$-13,$-11,$1,$9,$-7,$27,27,$0.06,$0.06,$6,$67,$7,$282,$230,$36,$698,$8,$1076,$1358,$140,$786,$14,$909,$1049,$0,$55,$-31,$309,$1358,$7,$67,$-8,$58,$-19,$4,$8,$11,$4,$69,$-43,$0,$2,$0,$0,$0,$0,$-41,$-15,$-0,$-16,$3,$3,$-8,$-4,$-24,$-1,$4,$-8
8,2016-09-30,17.87,$11.99,1.49,$17.47,1.02,$0.03,601.56,$-0.84,0.0,$0.30B,$0.14B,2.17,$0.80B,$0.33B,2.46,$0.50B,$0.13B,26.06%,$0.50B,$0.00B,0.81%,$0.50B,$0.00B,0.81%,$0.50B,$0.07B,14.95%,$0.50B,$-0.08B,-15.96%,$0.50B,$-0.02B,-3.84%,$-0.02B,$0.33B,-5.97%,$-0.02B,$-0.38B,4.73%,$-0.02B,$1.38B,-1.37%,$0.00B,$1.13B,0.36%,$147,$107,$40,$0,$14,$134,$13,$-22,$-9,$-8,$-1,$1,$4,$29,$13,$27,27,$0.16,$0.16,$15,$119,$14,$295,$326,$39,$710,$11,$1086,$1382,$136,$802,$5,$919,$1055,$0,$54,$-12,$326,$1382,$5,$50,$6,$56,$-24,$2,$1,$9,$-15,$46,$-32,$0,$2,$0,$0,$0,$0,$-30,$-4,$-4,$-8,$3,$3,$-6,$-4,$-15,$-0,$3,$-6
9,2016-06-30,13.64,$11.70,1.17,$17.80,0.77,$-0.97,0.0,$-0.82,0.0,$0.30B,$0.14B,2.15,$0.81B,$0.32B,2.55,$0.50B,$0.12B,24.65%,$0.50B,$0.00B,0.20%,$0.50B,$0.00B,0.20%,$0.50B,$0.06B,12.72%,$0.50B,$-0.07B,-12.92%,$0.50B,$-0.02B,-3.58%,$-0.02B,$0.32B,-5.57%,$-0.02B,$-0.40B,7.07%,$-0.02B,$1.39B,-1.47%,$0.00B,$1.13B,0.10%,$214,$157,$57,$0,$21,$197,$17,$-16,$1,$1,$1,$2,$2,$34,$17,$27,27,$0.08,$0.08,$15,$119,$13,$298,$323,$41,$716,$11,$1092,$1390,$139,$809,$6,$933,$1072,$0,$52,$-16,$317,$1390,$1,$34,$2,$36,$-24,$2,$-3,$4,$-25,$12,$-18,$0,$2,$0,$0,$0,$0,$-16,$3,$7,$9,$2,$2,$-4,$-0,$7,$-0,$2,$-4
10,2016-03-31,13.29,$11.76,1.13,$18.33,0.72,$-1.32,0.0,$-0.53,0.0,$0.30B,$0.14B,2.09,$0.81B,$0.32B,2.56,$0.45B,$0.10B,22.69%,$0.45B,$-0.00B,-0.44%,$0.45B,$-0.00B,-0.44%,$0.45B,$0.05B,11.67%,$0.45B,$-0.06B,-12.78%,$0.45B,$-0.01B,-2.86%,$-0.01B,$0.32B,-4.53%,$-0.01B,$-0.41B,8.90%,$-0.01B,$1.40B,-1.24%,$-0.00B,$1.13B,-0.24%,$212,$160,$52,$0,$21,$200,$12,$-15,$-3,$-1,$-3,$-1,$-1,$30,$12,$27,27,$-0.05,$-0.05,$15,$120,$13,$296,$325,$40,$724,$11,$1100,$1396,$141,$813,$6,$937,$1078,$0,$52,$-13,$317,$1396,$-1,$18,$1,$19,$-20,$-0,$1,$5,$-14,$4,$-8,$0,$0,$0,$0,$0,$0,$-8,$8,$-1,$7,$0,$0,$-2,$-0,$5,$-0,$1,$-2
11,2015-12-31,15.39,$11.69,1.32,$18.89,0.81,$-2.47,0.0,$-0.17,0.0,$0.28B,$0.13B,2.1,$0.81B,$0.31B,2.57,$0.41B,$0.09B,20.94%,$0.41B,0,0.00%,$0.41B,0,0.00%,$0.41B,$0.05B,11.33%,$0.41B,$-0.05B,-11.82%,$0.41B,$-0.01B,-1.48%,$-0.01B,$0.31B,-2.42%,$-0.01B,$-0.42B,16.00%,$-0.01B,$1.38B,-0.69%,$0.00B,$1.12B,0.00%,$-78,$-58,$-20,$0,$-3,$-40,$-38,$-31,$-68,$-24,$-44,$-42,$-24,$-19,$-38,$21,21,$-1.16,$-1.15,$15,$120,$12,$280,$319,$38,$732,$10,$1100,$1381,$133,$805,$5,$933,$1067,$0,$55,$-19,$314,$1381,$-6,$46,$0,$47,$-2,$-2,$-8,$3,$-7,$33,$-36,$0,$-628,$0,$0,$0,$-2,$-666,$478,$-0,$478,$175,$175,$-6,$-35,$612,$-22,$4,$-6
12,2015-09-30,17.79,$12.81,1.39,$30.99,0.57,$-2.12,0.0,$0.92,19.34,$0.26B,$0.12B,2.13,$0.20B,$0.34B,0.57,$0.64B,$0.14B,21.79%,$0.64B,$0.05B,7.37%,$0.64B,$0.05B,7.37%,$0.64B,$0.08B,12.85%,$0.64B,$0.02B,3.61%,$0.64B,$0.02B,3.13%,$0.02B,$0.34B,9.38%,$0.02B,$0.21B,26.23%,$0.02B,$0.72B,2.82%,$0.05B,$0.54B,9.02%,$155,$120,$35,$0,$12,$145,$10,$-5,$5,$1,$4,$5,$5,$19,$10,$27,27,$0.17,$0.17,$40,$93,$18,$258,$267,$37,$137,$20,$461,$719,$121,$195,$13,$255,$376,$0,$82,$-15,$344,$719,$18,$28,$0,$28,$-11,$-4,$-8,$-9,$-32,$13,$-26,$0,$-9,$0,$0,$0,$1,$-34,$-145,$-1,$-146,$175,$175,$-5,$-0,$24,$3,$3,$-5
13,2015-06-30,24.47,$9.01,2.71,$32.28,0.76,$-2.40,0.0,$0.54,45.31,$0.24B,$0.13B,1.87,$0.35B,$0.17B,2.0,$0.61B,$0.13B,21.18%,$0.61B,$0.04B,6.57%,$0.61B,$0.04B,6.57%,$0.61B,$0.07B,11.82%,$0.61B,$0.01B,2.13%,$0.61B,$0.01B,1.81%,$0.01B,$0.17B,6.39%,$0.01B,$0.04B,32.12%,$0.01B,$0.71B,1.56%,$0.04B,$0.52B,7.72%,$165,$129,$36,$0,$14,$151,$14,$-6,$8,$2,$6,$7,$7,$23,$14,$19,20,$0.36,$0.36,$21,$88,$17,$241,$272,$38,$138,$20,$468,$709,$129,$348,$11,$407,$535,$0,$79,$-8,$174,$709,$13,$18,$-0,$18,$-17,$1,$-6,$-4,$-27,$4,$-16,$0,$-9,$0,$0,$0,$-1,$-26,$6,$1,$7,$2,$2,$-3,$-0,$6,$-16,$2,$-3
14,2015-03-31,23.99,$8.46,2.83,$29.73,0.81,$-1.82,0.0,$0.47,51.04,$0.24B,$0.13B,1.87,$0.35B,$0.16B,2.16,$0.55B,$0.12B,20.87%,$0.55B,$0.03B,6.17%,$0.55B,$0.03B,6.17%,$0.55B,$0.06B,11.07%,$0.55B,$0.01B,2.36%,$0.55B,$0.01B,1.63%,$0.01B,$0.16B,5.30%,$0.01B,$0.03B,14.17%,$0.01B,$0.69B,1.48%,$0.03B,$0.51B,7.69%,$164,$129,$34,$0,$12,$150,$14,$-7,$7,$1,$5,$6,$6,$23,$14,$19,19,$0.32,$0.31,$17,$86,$18,$238,$265,$37,$134,$20,$456,$694,$127,$348,$10,$406,$533,$0,$74,$-12,$161,$694,$6,$9,$-0,$9,$-24,$2,$-8,$-3,$-32,$-17,$-8,$0,$0,$0,$0,$0,$-1,$-9,$8,$0,$8,$0,$0,$-1,$-0,$6,$-21,$1,$-1
15,2014-12-31,19.61,$9.15,2.14,$26.99,0.73,$-0.69,0.0,$0.45,43.59,$0.24B,$0.14B,1.77,$0.34B,$0.17B,1.97,$0.49B,$0.10B,21.02%,$0.49B,$0.03B,5.71%,$0.49B,$0.03B,5.71%,$0.49B,$0.05B,10.20%,$0.49B,$0.01B,2.86%,$0.49B,$0.01B,1.63%,$0.01B,$0.17B,4.74%,$0.01B,$0.04B,8.56%,$0.01B,$0.71B,1.58%,$0.03B,$0.52B,7.71%,$154,$120,$34,$0,$13,$145,$9,$-6,$3,$2,$1,$2,$2,$17,$9,$18,18,$0.08,$0.08,$37,$91,$10,$243,$278,$35,$137,$18,$470,$713,$138,$343,$2,$401,$539,$0,$69,$5,$174,$713,$8,$23,$2,$25,$-3,$-10,$9,$1,$-3,$31,$-26,$0,$-258,$0,$0,$0,$2,$-282,$302,$0,$302,$2,$2,$-5,$-12,$287,$34,$3,$-5
16,2014-09-30,25.4,$9.55,2.66,$23.79,1.07,$0.02,1607.61,$0.62,40.97,$0.25B,$0.13B,1.94,$0.35B,$0.18B,1.92,$0.43B,$0.09B,20.42%,$0.43B,$0.03B,5.87%,$0.43B,$0.03B,5.87%,$0.43B,$0.04B,10.33%,$0.43B,$0.02B,3.99%,$0.43B,$0.01B,2.35%,$0.01B,$0.18B,6.12%,$0.01B,$0.04B,8.33%,$0.01B,$0.71B,2.55%,$0.03B,$0.53B,8.94%,$126,$100,$25,$0,$11,$123,$3,$-7,$-5,$-1,$-4,$-4,$-4,$9,$3,$18,18,$-0.21,$-0.21,$27,$87,$20,$247,$275,$33,$142,$13,$466,$713,$127,$347,$9,$406,$533,$0,$69,$13,$180,$713,$7,$14,$3,$17,$-18,$-4,$0,$-1,$-22,$1,$-15,$0,$-260,$0,$0,$0,$3,$-272,$309,$-1,$308,$2,$2,$-4,$-12,$294,$24,$2,$-4
17,2014-06-30,24.26,$9.21,2.63,$22.13,1.1,$1.71,14.2,$1.12,21.66,$0.16B,$0.08B,2.1,$0.05B,$0.16B,0.33,$0.39B,$0.08B,20.87%,$0.39B,$0.03B,7.63%,$0.39B,$0.03B,7.63%,$0.39B,$0.05B,11.96%,$0.39B,$0.03B,7.38%,$0.39B,$0.02B,4.83%,$0.02B,$0.16B,12.28%,$0.02B,$0.15B,13.15%,$0.02B,$0.31B,6.80%,$0.03B,$0.22B,15.58%,$107,$84,$22,$0,$10,$98,$8,$-1,$8,$2,$5,$5,$5,$12,$8,$18,18,$0.29,$0.29,$6,$62,$10,$158,$133,$0,$12,$3,$149,$307,$75,$54,$11,$68,$144,$0,$74,$22,$164,$307,$10,$8,$1,$9,$-21,$-5,$7,$4,$-14,$6,$-6,$0,$-16,$0,$0,$0,$0,$-22,$22,$-1,$21,$1,$1,$-2,$0,$19,$3,$1,$-2
18,2014-03-31,18.63,$8.85,2.11,$21.87,0.85,$1.94,9.59,$1.11,16.78,$0.15B,$0.08B,1.84,$0.04B,$0.16B,0.23,$0.38B,$0.08B,21.20%,$0.38B,$0.03B,7.85%,$0.38B,$0.03B,7.85%,$0.38B,$0.05B,12.30%,$0.38B,$0.03B,7.33%,$0.38B,$0.02B,4.97%,$0.02B,$0.16B,12.86%,$0.02B,$0.15B,13.74%,$0.02B,$0.29B,7.10%,$0.03B,$0.19B,16.33%,$103,$80,$22,$0,$10,$94,$8,$-1,$8,$2,$5,$5,$5,$12,$8,$18,18,$0.30,$0.29,$5,$57,$10,$146,$126,$0,$10,$3,$141,$287,$80,$36,$10,$50,$130,$0,$70,$23,$157,$287,$5,$4,$1,$5,$-15,$-2,$5,$1,$-11,$-1,$-2,$0,$-7,$0,$0,$0,$0,$-9,$10,$3,$13,$0,$0,$-1,$0,$12,$2,$1,$-1
19,2013-12-31,19.02,$8.66,2.2,$21.62,0.88,$1.81,10.52,$0.99,19.22,$0.13B,$0.07B,1.81,$0.03B,$0.15B,0.19,$0.37B,$0.08B,20.91%,$0.37B,$0.03B,7.51%,$0.37B,$0.03B,7.51%,$0.37B,$0.05B,12.06%,$0.37B,$0.02B,6.43%,$0.37B,$0.02B,4.56%,$0.02B,$0.15B,12.06%,$0.02B,$0.14B,12.90%,$0.02B,$0.26B,6.48%,$0.03B,$0.18B,15.38%,$90,$72,$18,$0,$8,$84,$6,$-0,$6,$2,$4,$4,$4,$11,$6,$17,17,$0.26,$0.26,$3,$55,$6,$126,$121,$0,$10,$3,$137,$262,$69,$29,$0,$40,$110,$0,$66,$24,$153,$262,$17,$18,$6,$23,$-6,$-7,$3,$2,$-9,$32,$-15,$0,$0,$0,$0,$0,$0,$-15,$-34,$1,$-33,$4,$4,$-3,$0,$-32,$-16,$2,$-3
20,2013-09-30,14.61,$8.32,1.76,$21.09,0.69,$2.06,7.1,$1.22,11.98,$0.13B,$0.07B,1.83,$0.03B,$0.15B,0.23,$0.36B,$0.08B,20.66%,$0.36B,$0.02B,6.61%,$0.36B,$0.02B,6.61%,$0.36B,$0.04B,11.02%,$0.36B,$0.02B,4.96%,$0.36B,$0.02B,5.79%,$0.02B,$0.15B,15.56%,$0.02B,$0.14B,16.70%,$0.02B,$0.26B,7.98%,$0.02B,$0.18B,12.94%,$93,$73,$20,$0,$8,$85,$8,$-0,$7,$2,$5,$5,$5,$12,$8,$17,17,$0.29,$0.29,$4,$48,$8,$127,$117,$0,$9,$4,$135,$261,$69,$33,$10,$47,$117,$0,$63,$22,$145,$261,$13,$13,$2,$15,$-13,$-1,$6,$7,$-2,$26,$-9,$0,$0,$0,$0,$0,$0,$-9,$-31,$-0,$-31,$2,$2,$-2,$0,$-31,$-15,$2,$-2
21,2013-06-30,10.67,$7.88,1.35,$20.81,0.51,$1.72,6.19,$1.11,9.61,$0.13B,$0.07B,1.98,$0.05B,$0.14B,0.34,$0.36B,$0.07B,20.45%,$0.36B,$0.02B,6.16%,$0.36B,$0.02B,6.16%,$0.36B,$0.04B,10.64%,$0.36B,$0.02B,4.20%,$0.36B,$0.02B,5.32%,$0.02B,$0.14B,14.84%,$0.02B,$0.13B,16.00%,$0.02B,$0.26B,7.22%,$0.02B,$0.18B,11.73%,$96,$76,$21,$0,$8,$88,$8,$-0,$7,$3,$5,$5,$5,$12,$8,$17,17,$0.28,$0.28,$5,$47,$9,$128,$115,$0,$9,$4,$134,$261,$65,$46,$11,$61,$125,$0,$58,$19,$136,$261,$8,$9,$1,$10,$-16,$-1,$3,$4,$-9,$9,$-5,$0,$0,$0,$0,$0,$0,$-5,$-18,$-0,$-18,$0,$0,$0,$0,$-18,$-14,$1,$0
22,2013-03-31,8.8,$7.60,1.16,$20.96,0.42,$1.67,5.28,$1.24,7.09,$0.13B,$0.07B,2.0,$0.06B,$0.13B,0.43,$0.36B,$0.07B,20.28%,$0.36B,$0.02B,6.11%,$0.36B,$0.02B,6.11%,$0.36B,$0.04B,10.83%,$0.36B,$0.02B,4.44%,$0.36B,$0.02B,5.83%,$0.02B,$0.13B,17.28%,$0.02B,$0.12B,18.67%,$0.02B,$0.27B,7.95%,$0.02B,$0.19B,11.69%,$94,$75,$19,$0,$9,$88,$6,$-1,$4,$1,$3,$3,$3,$10,$6,$17,17,$0.17,$0.17,$8,$45,$11,$130,$117,$0,$9,$3,$135,$265,$65,$56,$10,$70,$135,$0,$55,$18,$130,$265,$3,$5,$0,$5,$-16,$1,$3,$2,$-10,$-2,$-3,$0,$0,$0,$0,$0,$0,$-3,$-8,$2,$-6,$0,$0,$0,$0,$-6,$-11,$0,$0
23,2012-12-31,8.52,$7.54,1.13,$21.62,0.39,$1.71,4.98,$1.42,6.0,$0.13B,$0.06B,2.17,$0.07B,$0.13B,0.52,$0.37B,$0.08B,20.49%,$0.37B,$0.03B,6.74%,$0.37B,$0.03B,6.74%,$0.37B,$0.04B,11.59%,$0.37B,$0.02B,5.12%,$0.37B,$0.02B,6.47%,$0.02B,$0.13B,20.65%,$0.02B,$0.12B,22.38%,$0.02B,$0.27B,9.01%,$0.03B,$0.20B,13.19%,$80,$66,$15,$0,$7,$78,$2,$-1,$0,$-8,$8,$8,$8,$6,$2,$17,17,$0.49,$0.48,$19,$46,$6,$127,$120,$0,$9,$3,$138,$265,$59,$67,$0,$78,$137,$0,$52,$20,$129,$265,$24,$18,$-4,$14,$15,$0,$-12,$-5,$-1,$37,$-17,$0,$0,$0,$0,$0,$2,$-15,$-8,$-1,$-9,$0,$0,$0,$-1,$-10,$14,$2,$0
24,2012-09-30,7.89,$6.89,1.15,$22.62,0.35,$0.20,39.17,$1.23,6.42,$0.13B,$0.06B,2.15,$0.07B,$0.12B,0.59,$0.39B,$0.08B,20.16%,$0.39B,$0.03B,7.24%,$0.39B,$0.03B,7.24%,$0.39B,$0.05B,12.14%,$0.39B,$0.02B,6.20%,$0.39B,$0.02B,5.43%,$0.02B,$0.12B,19.27%,$0.02B,$0.11B,20.95%,$0.02B,$0.26B,7.93%,$0.03B,$0.19B,15.20%,$87,$68,$18,$0,$8,$81,$6,$-2,$4,$1,$3,$3,$3,$10,$6,$17,17,$0.18,$0.18,$14,$46,$6,$130,$119,$0,$9,$3,$131,$261,$60,$69,$11,$83,$144,$0,$44,$17,$117,$261,$16,$14,$1,$15,$3,$-0,$-12,$1,$-8,$23,$-12,$0,$0,$0,$0,$0,$2,$-10,$-3,$-0,$-3,$0,$0,$0,$0,$-3,$10,$1,$0
25,2012-06-30,9.49,$6.48,1.46,$23.50,0.4,$-1.09,0.0,$1.33,7.14,$0.13B,$0.07B,2.06,$0.08B,$0.11B,0.68,$0.40B,$0.08B,19.45%,$0.40B,$0.03B,6.98%,$0.40B,$0.03B,6.98%,$0.40B,$0.05B,11.72%,$0.40B,$0.03B,6.48%,$0.40B,$0.02B,5.74%,$0.02B,$0.11B,22.01%,$0.02B,$0.10B,24.08%,$0.02B,$0.27B,8.62%,$0.03B,$0.19B,15.32%,$99,$78,$21,$0,$8,$91,$8,$0,$8,$1,$7,$7,$7,$13,$8,$17,17,$0.41,$0.41,$12,$45,$6,$134,$119,$0,$9,$3,$131,$265,$65,$75,$11,$89,$154,$0,$41,$14,$110,$265,$13,$9,$1,$10,$-5,$0,$-8,$1,$-11,$12,$-9,$0,$0,$0,$0,$0,$2,$-7,$3,$0,$3,$0,$0,$0,$0,$3,$7,$1,$0
26,2012-03-31,7.59,$6.42,1.18,$24.50,0.31,$-1.96,0.0,$1.26,6.02,$0.14B,$0.07B,2.06,$0.08B,$0.11B,0.75,$0.42B,$0.08B,18.66%,$0.42B,$0.03B,6.94%,$0.42B,$0.03B,6.94%,$0.42B,$0.05B,11.48%,$0.42B,$0.03B,6.22%,$0.42B,$0.02B,5.26%,$0.02B,$0.11B,21.57%,$0.02B,$0.10B,23.78%,$0.02B,$0.27B,8.14%,$0.03B,$0.19B,15.98%,$105,$83,$22,$0,$8,$95,$9,$-2,$7,$1,$6,$6,$6,$14,$9,$17,17,$0.35,$0.35,$12,$46,$5,$139,$122,$0,$9,$4,$135,$274,$68,$82,$12,$97,$165,$0,$34,$20,$109,$274,$6,$5,$0,$5,$-9,$1,$-6,$2,$-12,$-1,$-4,$0,$0,$0,$0,$0,$2,$-2,$10,$-1,$9,$0,$0,$0,$0,$9,$7,$0,$0
27,2011-12-31,5.58,$5.88,0.95,$24.96,0.22,$-2.95,0.0,$1.24,4.5,$0.12B,$0.07B,1.7,$0.08B,$0.10B,0.76,$0.42B,$0.08B,18.16%,$0.42B,$0.03B,6.84%,$0.42B,$0.03B,6.84%,$0.42B,$0.05B,11.08%,$0.42B,$0.03B,6.13%,$0.42B,$0.02B,5.19%,$0.02B,$0.10B,22.51%,$0.02B,$0.09B,25.00%,$0.02B,$0.26B,8.15%,$0.03B,$0.18B,16.29%,$96,$79,$17,$0,$7,$91,$5,$0,$5,$0,$5,$5,$5,$10,$5,$17,17,$0.28,$0.29,$5,$46,$6,$124,$121,$0,$9,$5,$135,$259,$73,$75,$0,$87,$160,$0,$28,$17,$100,$259,$21,$18,$-0,$18,$-8,$-7,$-5,$-4,$-24,$15,$-20,$0,$0,$0,$0,$0,$-1,$-21,$4,$1,$5,$2,$2,$0,$-0,$7,$-1,$1,$0
28,2011-09-30,4.7,$5.82,0.81,$25.10,0.19,$-1.88,0.0,$1.07,4.39,$0.14B,$0.08B,1.79,$0.08B,$0.10B,0.82,$0.42B,$0.08B,18.16%,$0.42B,$0.03B,6.84%,$0.42B,$0.03B,6.84%,$0.42B,$0.05B,10.85%,$0.42B,$0.02B,5.66%,$0.42B,$0.02B,4.48%,$0.02B,$0.10B,20.60%,$0.02B,$0.09B,23.03%,$0.02B,$0.27B,7.10%,$0.03B,$0.18B,16.93%,$101,$84,$18,$0,$7,$95,$6,$0,$6,$1,$5,$5,$5,$10,$6,$17,17,$0.28,$0.28,$12,$44,$6,$135,$120,$0,$9,$5,$134,$269,$75,$81,$10,$95,$170,$0,$23,$21,$99,$269,$16,$13,$0,$13,$-13,$-4,$-8,$-1,$-26,$3,$-15,$0,$0,$0,$0,$0,$-1,$-16,$13,$4,$17,$2,$2,$0,$-0,$19,$7,$0,$0
29,2011-06-30,13.91,$5.92,2.35,$24.67,0.56,$-0.93,0.0,$0.73,19.05,$0.14B,$0.08B,1.68,$0.08B,$0.10B,0.8,$0.41B,$0.08B,18.12%,$0.41B,$0.03B,6.28%,$0.41B,$0.03B,6.28%,$0.41B,$0.04B,10.39%,$0.41B,$0.02B,4.35%,$0.41B,$0.01B,3.14%,$0.01B,$0.10B,14.99%,$0.01B,$0.09B,16.83%,$0.01B,$0.28B,4.95%,$0.03B,$0.18B,17.33%,$116,$95,$21,$0,$8,$107,$9,$-1,$8,$2,$6,$6,$6,$14,$9,$17,17,$0.35,$0.34,$10,$43,$6,$140,$124,$0,$10,$5,$139,$279,$83,$80,$2,$95,$178,$0,$18,$28,$100,$279,$11,$9,$-0,$9,$-19,$-2,$-1,$-0,$-22,$-2,$-10,$0,$0,$0,$0,$0,$-1,$-11,$12,$1,$13,$2,$2,$0,$-0,$15,$4,$0,$0
30,2011-03-31,16.98,$5.47,3.11,$23.48,0.72,$-0.18,0.0,$0.70,24.25,$0.14B,$0.08B,1.67,$0.09B,$0.09B,0.92,$0.39B,$0.07B,18.67%,$0.39B,$0.02B,6.14%,$0.39B,$0.02B,6.14%,$0.39B,$0.04B,10.49%,$0.39B,$0.02B,4.35%,$0.39B,$0.01B,3.07%,$0.01B,$0.09B,15.24%,$0.01B,$0.08B,17.20%,$0.01B,$0.27B,4.77%,$0.02B,$0.18B,16.90%,$111,$90,$21,$0,$8,$102,$9,$-2,$7,$1,$6,$6,$6,$13,$9,$17,17,$0.33,$0.33,$5,$41,$7,$137,$121,$0,$10,$5,$136,$273,$82,$85,$2,$99,$181,$0,$12,$26,$92,$273,$6,$4,$-0,$4,$-22,$-1,$-1,$-3,$-27,$-18,$-4,$0,$0,$0,$0,$0,$-1,$-5,$17,$2,$19,$2,$2,$0,$-0,$20,$-1,$0,$0
31,2010-12-31,11.49,$4.70,2.45,$22.10,0.52,$0.99,11.58,$0.38,30.24,$0.12B,$0.08B,1.38,$0.07B,$0.08B,0.89,$0.37B,$0.07B,18.63%,$0.37B,$0.02B,4.66%,$0.37B,$0.02B,4.66%,$0.37B,$0.04B,9.86%,$0.37B,$0.01B,3.01%,$0.37B,$0.01B,1.64%,$0.01B,$0.08B,8.14%,$0.01B,$0.07B,9.27%,$0.01B,$0.25B,2.47%,$0.02B,$0.15B,12.57%,$96,$79,$17,$0,$8,$91,$5,$-1,$3,$1,$2,$2,$2,$9,$5,$16,17,$0.13,$0.13,$6,$42,$4,$116,$118,$0,$9,$5,$133,$249,$84,$69,$0,$87,$170,$0,$7,$19,$78,$249,$6,$21,$3,$24,$-15,$-10,$19,$2,$-2,$28,$-15,$0,$0,$0,$0,$0,$1,$-14,$-10,$-4,$-14,$1,$1,$0,$-1,$-14,$-3,$1,$0
32,2010-09-30,7.67,$4.68,1.64,$21.09,0.36,$0.91,8.47,$0.05,153.41,$0.12B,$0.14B,0.87,$0.02B,$0.08B,0.22,$0.35B,$0.06B,18.16%,$0.35B,$0.01B,2.59%,$0.35B,$0.01B,2.59%,$0.35B,$0.03B,8.93%,$0.35B,$0.00B,1.15%,$0.35B,$0.00B,0.29%,$0.00B,$0.08B,1.36%,$0.00B,$0.07B,1.56%,$0.00B,$0.25B,0.41%,$0.01B,$0.10B,6.56%,$91,$75,$16,$0,$7,$88,$3,$-3,$-0,$1,$-1,$-1,$-1,$7,$3,$17,17,$-0.06,$-0.06,$7,$37,$7,$118,$117,$0,$10,$4,$131,$249,$135,$17,$2,$36,$171,$0,$5,$21,$77,$249,$4,$16,$2,$18,$-18,$-5,$8,$6,$-9,$13,$-9,$0,$0,$0,$0,$0,$0,$-9,$-4,$-0,$-4,$0,$0,$0,$-0,$-4,$-2,$1,$0
33,2010-06-30,4.65,$4.14,1.12,$19.65,0.24,$1.00,4.63,$-0.44,0.0,$0.11B,$0.07B,1.57,$0.08B,$0.07B,1.16,$0.32B,$0.05B,16.77%,$0.32B,$-0.00B,-0.93%,$0.32B,$-0.00B,-0.93%,$0.32B,$0.02B,6.21%,$0.32B,$-0.01B,-1.86%,$0.32B,$-0.01B,-2.17%,$-0.01B,$0.07B,-9.36%,$-0.01B,$0.06B,-10.81%,$-0.01B,$0.24B,-2.89%,$-0.00B,$0.15B,-2.24%,$93,$73,$19,$0,$7,$86,$7,$0,$7,$2,$5,$5,$5,$12,$7,$17,17,$0.31,$0.31,$6,$33,$4,$111,$113,$0,$9,$3,$125,$236,$71,$80,$2,$96,$167,$0,$6,$12,$68,$236,$5,$12,$1,$13,$-20,$-2,$6,$3,$-13,$5,$-4,$0,$0,$0,$0,$0,$0,$-4,$2,$-1,$1,$0,$0,$0,$-0,$0,$-3,$1,$0
34,2010-03-31,5.11,$4.34,1.18,$17.59,0.29,$0.81,6.35,$-1.58,0.0,$0.11B,$0.07B,1.5,$0.08B,$0.07B,1.1,$0.29B,$0.04B,13.29%,$0.29B,$-0.02B,-6.64%,$0.29B,$-0.02B,-6.64%,$0.29B,$0.01B,1.75%,$0.29B,$-0.02B,-8.39%,$0.29B,$-0.03B,-8.74%,$-0.03B,$0.07B,-31.45%,$-0.03B,$0.06B,-36.23%,$-0.03B,$0.24B,-10.17%,$-0.02B,$0.15B,-16.00%,$85,$69,$16,$0,$8,$83,$2,$-1,$1,$1,$0,$0,$0,$8,$2,$16,16,$0.01,$0.01,$6,$33,$3,$105,$120,$0,$10,$3,$134,$238,$70,$79,$2,$97,$167,$0,$0,$20,$72,$238,$0,$6,$1,$8,$-12,$-1,$3,$2,$-8,$-0,$-1,$0,$0,$0,$0,$0,$0,$-1,$1,$-0,$1,$0,$0,$0,$-0,$0,$-3,$1,$0
35,2009-12-31,3.68,$4.72,0.78,$15.94,0.23,$0.66,5.57,$-2.18,0.0,$0.10B,$0.07B,1.44,$0.08B,$0.08B,1.03,$0.26B,$0.02B,9.27%,$0.26B,$-0.03B,-12.36%,$0.26B,$-0.03B,-12.36%,$0.26B,$-0.01B,-3.47%,$0.26B,$-0.04B,-14.29%,$0.26B,$-0.04B,-13.51%,$-0.04B,$0.08B,-41.06%,$-0.04B,$0.07B,-46.82%,$-0.04B,$0.24B,-13.96%,$-0.03B,$0.16B,-24.90%,$78,$66,$12,$0,$7,$81,$-3,$-1,$-4,$-1,$-3,$-3,$-3,$4,$-3,$16,16,$-0.20,$-0.20,$9,$33,$4,$98,$130,$0,$11,$4,$144,$243,$68,$79,$0,$97,$166,$0,$0,$27,$77,$243,$-35,$23,$5,$28,$1,$20,$-2,$3,$22,$15,$-4,$0,$0,$0,$0,$0,$0,$-4,$-13,$3,$-10,$0,$0,$0,$-3,$-13,$-2,$0,$0
36,2009-09-30,4.31,$5.03,0.86,$15.93,0.27,$0.91,4.73,$-4.11,0.0,$0.10B,$0.15B,0.68,$0.00B,$0.08B,0.0,$0.26B,$0.02B,8.17%,$0.26B,$-0.08B,-29.96%,$0.26B,$-0.08B,-29.96%,$0.26B,$-0.05B,-20.23%,$0.26B,$-0.08B,-31.91%,$0.26B,$-0.07B,-26.07%,$-0.07B,$0.08B,-71.66%,$-0.07B,$0.07B,-80.72%,$-0.07B,$0.25B,-25.67%,$-0.08B,$0.08B,-55.00%,$66,$59,$7,$0,$6,$75,$-9,$-2,$-10,$-1,$-9,$-9,$-9,$-4,$-9,$16,16,$-0.55,$-0.55,$12,$33,$7,$101,$138,$0,$11,$2,$151,$253,$150,$0,$0,$21,$171,$0,$4,$28,$82,$253,$-32,$17,$10,$27,$4,$20,$-8,$-2,$15,$10,$-3,$0,$0,$0,$0,$0,$0,$-3,$-0,$-3,$-3,$0,$0,$0,$-3,$-6,$0,$0,$0
37,2009-06-30,1.56,$5.37,0.29,$18.26,0.09,$0.78,2.0,$-3.38,0.0,$0.10B,$0.14B,0.68,$0.00B,$0.09B,0.0,$0.30B,$0.04B,11.82%,$0.30B,$-0.06B,-21.28%,$0.30B,$-0.06B,-21.28%,$0.30B,$-0.04B,-12.50%,$0.30B,$-0.07B,-22.97%,$0.30B,$-0.06B,-18.58%,$-0.06B,$0.09B,-50.11%,$-0.06B,$0.08B,-60.94%,$-0.06B,$0.25B,-19.21%,$-0.06B,$0.09B,-34.57%,$57,$54,$3,$0,$6,$66,$-9,$-2,$-11,$3,$-13,$-13,$-13,$-3,$-9,$16,16,$-0.83,$-0.83,$7,$36,$8,$97,$140,$0,$11,$2,$153,$249,$142,$0,$0,$20,$162,$0,$13,$25,$87,$249,$-23,$12,$2,$13,$6,$17,$-13,$0,$10,$1,$-3,$0,$0,$0,$0,$0,$0,$-3,$3,$-1,$2,$0,$0,$0,$-3,$-1,$-4,$0,$0
38,2009-03-31,1.17,$5.83,0.2,$22.37,0.05,$1.13,1.04,$-1.98,0.0,$0.10B,$0.05B,2.1,$0.09B,$0.10B,0.99,$0.36B,$0.06B,15.79%,$0.36B,$-0.04B,-11.36%,$0.36B,$-0.04B,-11.36%,$0.36B,$-0.02B,-4.16%,$0.36B,$-0.05B,-12.47%,$0.36B,$-0.03B,-9.14%,$-0.03B,$0.10B,-25.98%,$-0.03B,$0.09B,-33.85%,$-0.03B,$0.26B,-10.34%,$-0.04B,$0.19B,-18.20%,$58,$56,$2,$0,$7,$69,$-11,$-2,$-12,$-3,$-10,$-10,$-10,$-6,$-11,$16,16,$-0.59,$-0.59,$8,$43,$6,$103,$139,$0,$10,$6,$155,$258,$49,$94,$0,$114,$163,$0,$26,$19,$95,$258,$-10,$5,$1,$6,$7,$9,$-11,$-3,$2,$-2,$-2,$0,$0,$0,$0,$0,$0,$-2,$4,$0,$4,$0,$0,$0,$-2,$2,$-3,$0,$0
39,2008-12-31,2.13,$6.75,0.32,$26.42,0.08,$1.35,1.57,$-1.07,0.0,$0.13B,$0.06B,1.97,$0.09B,$0.11B,0.84,$0.43B,$0.08B,18.82%,$0.43B,$-0.02B,-4.94%,$0.43B,$-0.02B,-4.94%,$0.43B,$0.01B,1.41%,$0.43B,$-0.03B,-6.12%,$0.43B,$-0.02B,-4.24%,$-0.02B,$0.11B,-12.93%,$-0.02B,$0.10B,-18.00%,$-0.02B,$0.28B,-5.16%,$-0.02B,$0.20B,-8.79%,$76,$67,$9,$0,$6,$124,$-48,$-1,$-49,$-14,$-35,$-35,$-35,$-39,$-48,$16,16,$-2.19,$-2.18,$11,$53,$6,$125,$146,$0,$11,$2,$159,$284,$63,$92,$0,$111,$174,$0,$36,$24,$110,$284,$-18,$28,$24,$52,$13,$-2,$-11,$-4,$-7,$28,$-13,$0,$0,$0,$0,$0,$0,$-13,$-10,$-4,$-14,$3,$3,$-4,$-0,$-15,$-2,$0,$-4
40,2008-09-30,11.95,$9.01,1.33,$28.02,0.43,$0.59,20.21,$1.38,8.66,$0.15B,$0.07B,2.14,$0.10B,$0.15B,0.71,$0.46B,$0.09B,20.18%,$0.46B,$0.03B,7.46%,$0.46B,$0.03B,7.46%,$0.46B,$0.06B,12.72%,$0.46B,$0.03B,6.36%,$0.46B,$0.02B,4.82%,$0.02B,$0.15B,15.25%,$0.02B,$0.10B,23.04%,$0.02B,$0.35B,6.02%,$0.03B,$0.25B,13.79%,$105,$84,$21,$0,$10,$100,$5,$-1,$4,$1,$3,$3,$3,$11,$5,$16,16,$0.18,$0.18,$15,$58,$8,$150,$155,$0,$47,$2,$204,$354,$70,$104,$0,$137,$207,$0,$70,$26,$147,$354,$17,$19,$-4,$15,$-6,$-7,$-10,$3,$-20,$12,$-8,$0,$0,$0,$0,$0,$0,$-8,$4,$-5,$-1,$4,$4,$-4,$0,$-1,$2,$1,$-4
41,2008-06-30,12.9,$9.71,1.33,$27.48,0.47,$0.23,56.47,$1.01,12.77,$0.16B,$0.09B,1.9,$0.10B,$0.16B,0.66,$0.45B,$0.09B,20.00%,$0.45B,$0.03B,7.11%,$0.45B,$0.03B,7.11%,$0.45B,$0.06B,12.44%,$0.45B,$0.03B,6.00%,$0.45B,$0.02B,4.22%,$0.02B,$0.16B,13.72%,$0.02B,$0.11B,20.82%,$0.02B,$0.38B,5.25%,$0.03B,$0.26B,13.39%,$122,$97,$25,$0,$10,$110,$13,$-1,$12,$2,$9,$9,$9,$19,$13,$16,16,$0.58,$0.57,$14,$56,$8,$162,$167,$0,$49,$2,$218,$380,$85,$103,$0,$139,$224,$0,$69,$39,$156,$380,$14,$13,$-4,$8,$-15,$-3,$-1,$2,$-16,$6,$-3,$0,$0,$0,$0,$0,$0,$-3,$3,$-4,$-1,$1,$1,$-3,$0,$-2,$1,$1,$-3
42,2008-03-31,8.88,$9.09,0.98,$26.24,0.34,$-0.13,0.0,$-0.25,0.0,$0.16B,$0.10B,1.63,$0.10B,$0.14B,0.7,$0.44B,$0.09B,19.77%,$0.44B,$0.01B,2.76%,$0.44B,$0.01B,2.76%,$0.44B,$0.04B,8.28%,$0.44B,$0.01B,1.38%,$0.44B,0,0.00%,$0.00B,$0.14B,0.00%,$0.00B,$0.10B,0.00%,$0.00B,$0.38B,0.00%,$0.01B,$0.24B,5.20%,$122,$96,$25,$0,$10,$113,$9,$-1,$7,$2,$5,$5,$5,$15,$9,$16,16,$0.32,$0.32,$13,$55,$8,$158,$169,$0,$49,$2,$221,$378,$97,$100,$0,$138,$234,$0,$61,$38,$144,$378,$5,$6,$0,$7,$-13,$-1,$4,$3,$-7,$4,$-5,$0,$0,$0,$0,$0,$0,$-5,$-0,$-0,$-0,$0,$0,$0,$0,$-0,$-0,$0,$0
43,2007-12-31,8.59,$8.20,1.05,$24.97,0.34,$-0.31,0.0,$-0.35,0.0,$0.14B,$0.08B,1.64,$0.10B,$0.13B,0.78,$0.42B,$0.08B,19.95%,$0.42B,$0.01B,2.61%,$0.42B,$0.01B,2.61%,$0.42B,$0.03B,8.08%,$0.42B,$0.01B,1.19%,$0.42B,$-0.00B,-0.24%,$-0.00B,$0.13B,-0.77%,$-0.00B,$0.08B,-1.22%,$-0.00B,$0.35B,-0.29%,$0.01B,$0.23B,4.80%,$107,$86,$21,$0,$9,$100,$7,$-1,$6,$1,$5,$5,$5,$13,$7,$17,17,$0.31,$0.31,$13,$52,$6,$138,$161,$0,$49,$2,$212,$350,$84,$102,$1,$136,$220,$0,$57,$28,$130,$350,$-1,$23,$14,$37,$-1,$-6,$-6,$-2,$-14,$22,$-19,$-0,$-0,$0,$0,$0,$0,$-19,$8,$5,$13,$-9,$-9,$-5,$-0,$-2,$1,$1,$-5
44,2007-09-30,8.87,$7.48,1.19,$23.53,0.38,$0.52,17.16,$-0.48,0.0,$0.14B,$0.08B,1.69,$0.10B,$0.12B,0.79,$0.40B,$0.08B,20.25%,$0.40B,$0.01B,2.25%,$0.40B,$0.01B,2.25%,$0.40B,$0.03B,7.75%,$0.40B,$0.00B,1.00%,$0.40B,$-0.00B,-0.75%,$-0.00B,$0.12B,-2.31%,$-0.00B,$0.08B,-3.72%,$-0.00B,$0.34B,-0.87%,$0.01B,$0.22B,3.90%,$99,$80,$19,$0,$8,$96,$3,$-1,$2,$1,$0,$0,$0,$9,$3,$17,17,$0.02,$0.02,$8,$48,$8,$135,$157,$0,$41,$5,$203,$339,$80,$98,$0,$135,$215,$0,$48,$24,$124,$339,$-6,$17,$16,$33,$-5,$-3,$-10,$2,$-16,$11,$-13,$-0,$0,$0,$0,$0,$0,$-13,$4,$2,$6,$-3,$-3,$-4,$-0,$-2,$-3,$1,$-4
45,2007-06-30,10.59,$7.47,1.42,$21.99,0.48,$1.45,7.31,$-0.14,0.0,$0.14B,$0.08B,1.7,$0.10B,$0.13B,0.8,$0.38B,$0.08B,20.74%,$0.38B,$0.01B,2.93%,$0.38B,$0.01B,2.93%,$0.38B,$0.03B,8.24%,$0.38B,$0.01B,1.60%,$0.38B,0,0.00%,$0.00B,$0.13B,0.00%,$0.00B,$0.08B,0.00%,$0.00B,$0.34B,0.00%,$0.01B,$0.23B,4.93%,$107,$86,$21,$0,$10,$114,$-7,$-2,$-9,$2,$-10,$-10,$-10,$-1,$-7,$17,17,$-0.62,$-0.62,$13,$45,$8,$141,$152,$0,$44,$5,$202,$342,$83,$100,$0,$134,$216,$0,$53,$19,$126,$342,$-7,$11,$14,$25,$-10,$-1,$-4,$0,$-15,$4,$-7,$-0,$0,$0,$0,$0,$0,$-7,$-2,$8,$6,$0,$0,$-3,$-0,$4,$1,$0,$-3
46,2007-03-31,11.06,$8.15,1.36,$20.42,0.54,$1.99,5.56,$0.75,14.75,$0.14B,$0.09B,1.61,$0.10B,$0.14B,0.73,$0.35B,$0.08B,21.53%,$0.35B,$0.03B,7.08%,$0.35B,$0.03B,7.08%,$0.35B,$0.04B,12.46%,$0.35B,$0.02B,5.95%,$0.35B,$0.01B,3.68%,$0.01B,$0.14B,9.83%,$0.01B,$0.08B,16.00%,$0.01B,$0.36B,4.08%,$0.03B,$0.24B,11.96%,$108,$85,$23,$0,$9,$100,$8,$-2,$6,$2,$4,$4,$4,$13,$8,$17,17,$0.22,$0.22,$18,$45,$7,$142,$156,$0,$56,$4,$217,$360,$89,$100,$0,$134,$222,$0,$66,$17,$137,$360,$4,$6,$0,$6,$-9,$-1,$-3,$4,$-10,$-0,$-3,$-0,$0,$0,$0,$0,$0,$-3,$-2,$11,$9,$0,$0,$0,$-0,$9,$6,$0,$0
47,2006-12-31,11.01,$7.91,1.39,$19.03,0.58,$2.06,5.35,$0.83,13.26,$0.13B,$0.08B,1.68,$0.10B,$0.13B,0.78,$0.33B,$0.07B,22.05%,$0.33B,$0.03B,7.85%,$0.33B,$0.03B,7.85%,$0.33B,$0.04B,13.29%,$0.33B,$0.02B,6.95%,$0.33B,$0.01B,4.23%,$0.01B,$0.13B,10.89%,$0.01B,$0.08B,17.28%,$0.01B,$0.34B,4.69%,$0.03B,$0.24B,13.37%,$86,$68,$18,$0,$8,$81,$5,$-0,$5,$2,$3,$3,$3,$10,$5,$17,17,$0.18,$0.18,$12,$44,$6,$126,$156,$0,$56,$2,$217,$343,$75,$104,$1,$135,$210,$0,$64,$15,$133,$343,$14,$18,$-2,$16,$-1,$3,$2,$-2,$2,$33,$-16,$-2,$-25,$0,$0,$0,$3,$-40,$17,$1,$18,$-4,$-4,$-5,$-1,$7,$1,$0,$-5
