,Date,Stock Price,Book Value per Share,Price to Book Ratio,TTM Sales per Share,Price to Sales Ratio,TTM FCF per Share,Price to FCF Ratio,TTM Net EPS,PE Ratio,Current Assets,Current Liabilities,Current Ratio,Long Term Debt,Shareholder's Equity_x,Debt to Equity Ratio,TTM Revenue_x,TTM Gross Profit,Gross Margin,TTM Revenue_y,TTM Operating Income,Operating Margin,TTM Revenue_x,TTM EBIT,EBIT Margin,TTM Revenue_y,TTM EBITDA,EBITDA Margin,TTM Revenue_x,TTM Pre-Tax Income,Pre-Tax Margin,TTM Revenue_y,TTM Net Income_x,Net Margin,TTM Net Income_y,Shareholder's Equity_y,Return on Equity,TTM Net Income_x,Tangible Equity,Return on Tangible Equity,TTM Net Income_y,Total Assets,Return on Assets,TTM Net Income,LT Investments & Debt,Return on Investment,revenue,cost-goods-sold,gross-profit,research-development-expenses,selling-general-administrative-expenses,operating-expenses,operating-income,total-non-operating-income-expense,pre-tax-income,total-provision-income-taxes,income-after-taxes,income-from-continuous-operations,net-income,ebitda,ebit,basic-shares-outstanding,shares-outstanding,eps-basic-net-earnings-per-share,eps-earnings-per-share-diluted,cash-on-hand,inventory,other-current-assets,total-current-assets,net-property-plant-equipment,long-term-investments,goodwill-intangible-assets-total,other-long-term-assets,total-long-term-assets,total-assets,total-current-liabilities,long-term-debt,other-non-current-liabilities,total-long-term-liabilities,total-liabilities,common-stock-net,retained-earnings-accumulated-deficit,comprehensive-income,total-share-holder-equity,total-liabilities-share-holders-equity,net-income-loss,total-depreciation-amortization-cash-flow,other-non-cash-items,total-non-cash-items,change-in-accounts-receivable,change-in-inventories,change-in-accounts-payable,change-in-assets-liabilities,total-change-in-assets-liabilities,cash-flow-from-operating-activities,net-change-in-property-plant-equipment,net-change-in-intangible-assets,net-acquisitions-divestitures,net-change-in-short-term-investments,net-change-in-long-term-investments,net-change-in-investments-total,investing-activities-other,cash-flow-from-investing-activities,net-long-term-debt,net-current-debt,debt-issuance-retirement-net-total,net-common-equity-issued-repurchased,net-total-equity-issued-repurchased,total-common-preferred-stock-dividends-paid,financial-activities-other,cash-flow-from-financial-activities,net-cash-flow,stock-based-compensation,common-stock-dividends-paid
0,2018-09-30,1.97,$0.00,0.0,$0.23,8.66,$-1.77,0.0,$-0.81,0.0,$0.01B,$0.00B,3.87,$0.00B,$0.02B,0.0,$0.00B,0,0.00%,$0.00B,$-0.02B,-425.00%,$0.00B,$-0.02B,-425.00%,$0.00B,$-0.02B,-425.00%,$0.00B,$-0.02B,-425.00%,$0.00B,$-0.02B,-425.00%,$-0.02B,$0.02B,-77.27%,$-0.02B,$0.01B,-111.48%,$-0.02B,$0.02B,-66.67%,$-0.02B,$0.02B,-77.27%,$2,$1,$0,$2,$2,$5,$-4,$-0,$-4,$0,$-4,$-4,$-4,$-4,$-4,$19,19,$-0.19,$-0.19,$8,$3,$0,$12,$5,$0,$6,$0,$12,$24,$3,$0,$1,$1,$4,$3,$-48,$0,$20,$24,$0,$0,$0,$0,$0,$0,$0,$0,$0,$0,$0,$0,$0,$0,$0,$0,$0,$0,$0,$0,$0,$0,$0,$0,$0,$0,$0,$0,$0
1,2018-06-30,2.1,$0.00,0.0,$0.15,13.7,$-1.77,0.0,$-1.11,0.0,$0.02B,$0.00B,4.98,$0.00B,$0.02B,0.0,$0.00B,0,0.00%,$0.00B,$-0.02B,-850.00%,$0.00B,$-0.02B,-850.00%,$0.00B,$-0.02B,-850.00%,$0.00B,$-0.02B,-850.00%,$0.00B,$-0.02B,-850.00%,$-0.02B,$0.02B,-75.56%,$-0.02B,$0.02B,-107.94%,$-0.02B,$0.03B,-65.38%,$-0.02B,$0.02B,-75.56%,$1,$1,$0,$2,$2,$5,$-4,$-0,$-4,$0,$-4,$-4,$-4,$-4,$-4,$19,19,$-0.20,$-0.20,$12,$2,$0,$15,$5,$0,$6,$0,$12,$27,$3,$0,$1,$1,$4,$3,$-44,$0,$23,$27,$0,$0,$0,$0,$0,$0,$0,$0,$0,$0,$0,$0,$0,$0,$0,$0,$0,$0,$0,$0,$0,$0,$0,$0,$0,$0,$0,$0,$0
2,2018-03-31,1.86,$0.00,0.0,$0.11,17.05,$-1.77,0.0,$-1.39,0.0,$0.02B,$0.00B,8.24,$0.00B,$0.03B,0.0,$0.00B,0,0.00%,$0.00B,$-0.02B,-1800.00%,$0.00B,$-0.02B,-1800.00%,$0.00B,$-0.02B,-1800.00%,$0.00B,$-0.02B,-1800.00%,$0.00B,$-0.02B,-1800.00%,$-0.02B,$0.03B,-77.42%,$-0.02B,$0.02B,-112.50%,$-0.02B,$0.03B,-67.29%,$-0.02B,$0.03B,-77.42%,$1,$1,$0,$3,$2,$5,$-4,$-0,$-4,$0,$-4,$-4,$-4,$-4,$-4,$15,15,$-0.27,$-0.27,$15,$2,$0,$18,$5,$0,$7,$0,$12,$30,$2,$0,$1,$1,$3,$3,$-40,$0,$27,$30,$0,$0,$0,$0,$0,$0,$0,$0,$0,$0,$0,$0,$0,$0,$0,$0,$0,$0,$0,$0,$0,$0,$0,$0,$0,$0,$0,$0,$0
3,2017-12-31,3.07,$0.00,0.0,$0.08,38.69,$-1.77,0.0,$-1.57,0.0,$0.01B,$0.00B,4.2,$0.00B,$0.02B,0.0,$0.00B,0,nan%,$0.00B,$-0.02B,inf%,$0.00B,$-0.02B,inf%,$0.00B,$-0.02B,inf%,$0.00B,$-0.02B,inf%,$0.00B,$-0.02B,inf%,$-0.02B,$0.02B,-87.80%,$-0.02B,$0.01B,-135.85%,$-0.02B,$0.02B,-74.23%,$-0.02B,$0.02B,-87.80%,$0,$1,$-0,$3,$2,$5,$-5,$-0,$-5,$0,$-5,$-5,$-5,$-5,$-5,$11,11,$-0.31,$-0.31,$6,$2,$0,$9,$5,$0,$7,$0,$12,$21,$2,$0,$1,$1,$3,$2,$-36,$0,$18,$21,$-18,$1,$3,$4,$-0,$-2,$-0,$0,$-2,$-16,$-4,$0,$0,$0,$-0,$-0,$0,$-4,$0,$0,$0,$13,$13,$0,$0,$14,$-8,$2,$0
4,2017-09-30,5.12,$0.00,0.0,$0.04,132.09,$-0.86,0.0,$-1.63,0.0,$0.02B,$0.00B,4.09,$0.00B,$0.02B,0.0,$0.00B,0,nan%,$0.00B,$-0.02B,inf%,$0.00B,$-0.02B,inf%,$0.00B,$-0.02B,inf%,$0.00B,$-0.02B,inf%,$0.00B,$-0.02B,inf%,$-0.02B,$0.02B,-81.93%,$-0.02B,$0.02B,-123.64%,$-0.02B,$0.03B,-69.39%,$-0.02B,$0.02B,-81.93%,$0,$0,$-0,$3,$1,$4,$-4,$0,$-4,$0,$-4,$-4,$-4,$-4,$-4,$11,11,$-0.39,$-0.39,$12,$2,$0,$15,$5,$0,$7,$0,$12,$26,$4,$0,$1,$1,$5,$2,$-34,$0,$22,$26,$0,$0,$0,$0,$0,$0,$0,$0,$0,$0,$0,$0,$0,$0,$0,$0,$0,$0,$0,$0,$0,$0,$0,$0,$0,$0,$0,$0,$0
5,2017-06-30,6.11,$0.00,0.0,$0.03,241.37,$-0.86,0.0,$-1.58,0.0,$0.02B,$0.00B,6.02,$0.00B,$0.03B,0.0,$0.00B,0,nan%,$0.00B,$-0.02B,inf%,$0.00B,$-0.02B,inf%,$0.00B,$-0.02B,inf%,$0.00B,$-0.02B,inf%,$0.00B,$-0.02B,inf%,$-0.02B,$0.03B,-73.17%,$-0.02B,$0.02B,-111.11%,$-0.02B,$0.03B,-63.16%,$-0.02B,$0.03B,-73.17%,$0,$0,$-0,$3,$2,$5,$-5,$-0,$-5,$0,$-5,$-5,$-5,$-5,$-5,$11,11,$-0.45,$-0.45,$17,$0,$0,$18,$4,$0,$7,$0,$12,$30,$3,$0,$1,$1,$4,$2,$-30,$0,$26,$30,$0,$0,$0,$0,$0,$0,$0,$0,$0,$0,$0,$0,$0,$0,$0,$0,$0,$0,$0,$0,$0,$0,$0,$0,$0,$0,$0,$0,$0
6,2017-03-31,6.7,$0.00,0.0,$0.01,566.43,$-0.86,0.0,$-1.30,0.0,$0.01B,$0.00B,3.45,$0.00B,$0.02B,0.0,$0.00B,0,nan%,$0.00B,$-0.01B,inf%,$0.00B,$-0.01B,inf%,$0.00B,$-0.01B,inf%,$0.00B,$-0.01B,inf%,$0.00B,$-0.01B,inf%,$-0.01B,$0.02B,-70.59%,$-0.01B,$0.01B,-114.29%,$-0.01B,$0.02B,-60.76%,$-0.01B,$0.02B,-70.59%,$0,$0,$-0,$3,$1,$4,$-4,$-1,$-4,$0,$-4,$-4,$-4,$-4,$-4,$10,10,$-0.45,$-0.45,$9,$0,$0,$10,$3,$0,$7,$0,$10,$20,$3,$0,$1,$1,$4,$2,$-24,$0,$16,$20,$0,$0,$0,$0,$0,$0,$0,$0,$0,$0,$0,$0,$0,$0,$0,$0,$0,$0,$0,$0,$0,$0,$0,$0,$0,$0,$0,$0,$0
7,2016-12-31,5.95,$1.92,3.09,0,0.0,$-0.86,0.0,$-1.10,0.0,$0.01B,$0.00B,6.77,$0.00B,$0.02B,0.0,$0.00B,0,nan%,$0.00B,$-0.01B,inf%,$0.00B,$-0.01B,inf%,$0.00B,$-0.01B,inf%,$0.00B,$-0.01B,inf%,$0.00B,$-0.01B,inf%,$-0.01B,$0.02B,-62.50%,$-0.01B,$0.01B,-97.56%,$-0.01B,$0.02B,-54.79%,$-0.01B,$0.02B,-62.50%,$0,$0,$0,$2,$1,$4,$-4,$0,$-4,$0,$-4,$-4,$-4,$-4,$-4,$8,8,$-0.40,$-0.40,$13,$0,$0,$13,$2,$0,$7,$0,$9,$22,$2,$0,$1,$1,$3,$1,$-18,$0,$19,$22,$-9,$0,$2,$3,$-0,$0,$0,$1,$1,$-6,$-1,$-3,$0,$0,$0,$0,$0,$-5,$0,$0,$0,$14,$14,$0,$0,$14,$4,$2,$0
