,Date,Stock Price,Book Value per Share,Price to Book Ratio,TTM Sales per Share,Price to Sales Ratio,TTM FCF per Share,Price to FCF Ratio,TTM Net EPS,PE Ratio,Current Assets,Current Liabilities,Current Ratio,Long Term Debt,Shareholder's Equity_x,Debt to Equity Ratio,TTM Revenue_x,TTM Gross Profit,Gross Margin,TTM Revenue_y,TTM Operating Income,Operating Margin,TTM Revenue_x,TTM EBIT,EBIT Margin,TTM Revenue_y,TTM EBITDA,EBITDA Margin,TTM Revenue_x,TTM Pre-Tax Income,Pre-Tax Margin,TTM Revenue_y,TTM Net Income_x,Net Margin,TTM Net Income_y,Shareholder's Equity_y,Return on Equity,TTM Net Income_x,Tangible Equity,Return on Tangible Equity,TTM Net Income_y,Total Assets,Return on Assets,TTM Net Income,LT Investments & Debt,Return on Investment,revenue,cost-goods-sold,gross-profit,research-development-expenses,selling-general-administrative-expenses,operating-expenses,operating-income,total-non-operating-income-expense,pre-tax-income,total-provision-income-taxes,income-after-taxes,income-from-continuous-operations,net-income,ebitda,ebit,basic-shares-outstanding,shares-outstanding,eps-basic-net-earnings-per-share,eps-earnings-per-share-diluted,cash-on-hand,inventory,other-current-assets,total-current-assets,net-property-plant-equipment,long-term-investments,goodwill-intangible-assets-total,other-long-term-assets,total-long-term-assets,total-assets,total-current-liabilities,long-term-debt,other-non-current-liabilities,total-long-term-liabilities,total-liabilities,common-stock-net,retained-earnings-accumulated-deficit,comprehensive-income,total-share-holder-equity,total-liabilities-share-holders-equity,net-income-loss,total-depreciation-amortization-cash-flow,other-non-cash-items,total-non-cash-items,change-in-accounts-receivable,change-in-inventories,change-in-accounts-payable,change-in-assets-liabilities,total-change-in-assets-liabilities,cash-flow-from-operating-activities,net-change-in-property-plant-equipment,net-change-in-intangible-assets,net-acquisitions-divestitures,net-change-in-short-term-investments,net-change-in-long-term-investments,net-change-in-investments-total,investing-activities-other,cash-flow-from-investing-activities,net-long-term-debt,net-current-debt,debt-issuance-retirement-net-total,net-common-equity-issued-repurchased,net-total-equity-issued-repurchased,total-common-preferred-stock-dividends-paid,financial-activities-other,cash-flow-from-financial-activities,net-cash-flow,stock-based-compensation,common-stock-dividends-paid
0,2018-09-30,44.82,$25.65,1.75,$4.00,11.21,$-0.81,0.0,$1.91,23.47,$0.64B,$0.04B,18.01,$3.15B,$3.45B,0.91,$0.61B,$0.59B,96.25%,$0.61B,$0.36B,59.12%,$0.61B,$0.36B,59.12%,$0.61B,$0.55B,88.76%,$0.61B,$0.26B,41.53%,$0.61B,$0.29B,47.88%,$0.29B,$4.08B,7.46%,$0.29B,$4.08B,7.46%,$0.29B,$7.36B,4.30%,$0.36B,$7.23B,5.43%,$155,$6,$150,$0,$9,$61,$95,$-27,$68,$0,$68,$82,$73,$139,$95,$157,157,$0.47,$0.47,$608,$0,$0,$636,$6624,$0,$0,$95,$6723,$7359,$35,$3148,$98,$3246,$3282,$2,$-373,$-8,$4077,$7359,$256,$136,$-36,$99,$1,$1,$0,$-6,$10,$366,$-293,$0,$0,$0,$0,$0,$-0,$-294,$693,$-121,$572,$221,$221,$-250,$-8,$535,$606,$0,$-224
1,2018-06-30,43.47,$25.41,1.71,$4.00,10.87,$-1.84,0.0,$1.79,24.28,$0.03B,$0.02B,1.58,$2.63B,$3.36B,0.78,$0.61B,$0.58B,96.05%,$0.61B,$0.35B,58.32%,$0.61B,$0.35B,58.32%,$0.61B,$0.54B,89.29%,$0.61B,$0.25B,40.36%,$0.61B,$0.27B,45.14%,$0.27B,$3.99B,7.09%,$0.27B,$3.99B,7.09%,$0.27B,$6.75B,4.12%,$0.35B,$6.62B,5.44%,$156,$6,$150,$0,$9,$62,$94,$-27,$66,$0,$66,$71,$62,$139,$94,$154,154,$0.40,$0.40,$2,$0,$0,$31,$6609,$0,$0,$100,$6714,$6745,$19,$2628,$108,$2736,$2756,$2,$-368,$-12,$3989,$6745,$174,$92,$-32,$59,$0,$0,$0,$-5,$-5,$228,$-241,$0,$0,$0,$0,$0,$0,$-241,$-0,$46,$46,$132,$132,$-163,$-2,$14,$1,$0,$-146
2,2018-03-31,38.35,$25.12,1.53,$3.97,9.67,$-2.66,0.0,$1.72,22.3,$0.03B,$0.04B,0.94,$2.64B,$3.23B,0.82,$0.60B,$0.57B,95.98%,$0.60B,$0.34B,57.45%,$0.60B,$0.34B,57.45%,$0.60B,$0.53B,88.61%,$0.60B,$0.23B,39.20%,$0.60B,$0.26B,43.72%,$0.26B,$3.87B,6.89%,$0.26B,$3.87B,6.89%,$0.26B,$6.66B,3.99%,$0.34B,$6.50B,5.36%,$153,$6,$147,$0,$9,$62,$91,$-27,$65,$0,$65,$103,$95,$138,$91,$153,153,$0.62,$0.62,$4,$0,$0,$34,$6530,$0,$0,$91,$6626,$6661,$36,$2637,$123,$2760,$2796,$2,$-357,$-16,$3865,$6661,$103,$46,$-35,$12,$-1,$0,$0,$-1,$15,$130,$-103,$0,$0,$0,$0,$0,$0,$-103,$-0,$56,$56,$2,$2,$-81,$-0,$-24,$3,$0,$-73
3,2017-12-31,41.62,$25.01,1.66,$3.93,10.59,$-2.44,0.0,$1.45,28.7,$0.03B,$0.02B,1.56,$2.58B,$3.21B,0.8,$0.59B,$0.56B,96.07%,$0.59B,$0.34B,57.78%,$0.59B,$0.34B,57.78%,$0.59B,$0.52B,88.55%,$0.59B,$0.23B,38.97%,$0.59B,$0.22B,37.26%,$0.22B,$3.84B,5.82%,$0.22B,$3.84B,5.82%,$0.22B,$6.56B,3.40%,$0.34B,$6.42B,5.39%,$150,$6,$144,$0,$17,$67,$83,$-27,$56,$0,$56,$72,$64,$129,$83,$149,149,$0.42,$0.42,$1,$0,$0,$32,$6427,$0,$0,$97,$6529,$6561,$20,$2580,$119,$2699,$2720,$2,$-379,$-14,$3841,$6561,$265,$181,$-26,$155,$-2,$1,$0,$2,$1,$422,$-625,$0,$0,$0,$0,$0,$-1,$-626,$148,$121,$268,$257,$-31,$-315,$-12,$-89,$-293,$0,$-277
4,2017-09-30,39.73,$24.84,1.6,$3.90,10.18,$-3.61,0.0,$1.40,28.38,$0.28B,$0.04B,7.66,$2.71B,$3.13B,0.87,$0.58B,$0.55B,96.01%,$0.58B,$0.34B,59.20%,$0.58B,$0.34B,59.20%,$0.58B,$0.52B,89.58%,$0.58B,$0.23B,40.63%,$0.58B,$0.21B,36.11%,$0.21B,$3.77B,5.53%,$0.21B,$3.77B,5.53%,$0.21B,$6.63B,3.27%,$0.34B,$6.48B,5.48%,$148,$6,$142,$0,$7,$62,$86,$-28,$58,$0,$58,$61,$53,$136,$86,$149,150,$0.35,$0.35,$254,$0,$0,$284,$6242,$0,$0,$99,$6343,$6626,$37,$2709,$115,$2823,$2860,$2,$-371,$-14,$3766,$6626,$193,$135,$-16,$119,$-1,$1,$0,$1,$18,$330,$-415,$0,$0,$0,$0,$0,$-0,$-415,$398,$0,$398,$174,$-113,$-234,$-6,$45,$-40,$0,$-205
5,2017-06-30,36.86,$24.72,1.49,$3.83,9.62,$-4.68,0.0,$1.33,27.71,$0.03B,$0.02B,1.62,$2.53B,$3.06B,0.83,$0.56B,$0.54B,96.09%,$0.56B,$0.33B,57.90%,$0.56B,$0.33B,57.90%,$0.56B,$0.49B,87.21%,$0.56B,$0.22B,39.43%,$0.56B,$0.20B,34.99%,$0.20B,$3.69B,5.30%,$0.20B,$3.69B,5.30%,$0.20B,$6.34B,3.20%,$0.33B,$6.22B,5.40%,$146,$5,$140,$0,$9,$63,$83,$-27,$55,$0,$55,$58,$49,$126,$83,$148,149,$0.33,$0.33,$4,$0,$0,$32,$6198,$0,$0,$104,$6305,$6337,$20,$2529,$100,$2629,$2648,$1,$-353,$-9,$3689,$6337,$132,$85,$-7,$78,$0,$0,$0,$4,$5,$215,$-350,$0,$0,$0,$0,$0,$-0,$-351,$-0,$216,$215,$75,$-213,$-155,$-1,$-154,$-290,$0,$-134
6,2017-03-31,40.69,$24.73,1.65,$3.76,10.81,$-5.33,0.0,$1.30,31.3,$0.06B,$0.04B,1.73,$2.31B,$3.04B,0.76,$0.55B,$0.53B,96.17%,$0.55B,$0.32B,58.03%,$0.55B,$0.32B,58.03%,$0.55B,$0.48B,87.23%,$0.55B,$0.22B,39.78%,$0.55B,$0.19B,34.85%,$0.19B,$3.68B,5.19%,$0.19B,$3.68B,5.19%,$0.19B,$6.12B,3.17%,$0.32B,$5.99B,5.39%,$141,$6,$136,$0,$9,$56,$86,$-26,$59,$0,$59,$74,$52,$127,$86,$147,147,$0.35,$0.35,$34,$0,$0,$63,$5944,$0,$0,$105,$6052,$6115,$36,$2312,$91,$2403,$2440,$1,$-334,$-8,$3675,$6115,$74,$42,$-12,$30,$-0,$0,$0,$-3,$13,$117,$-59,$0,$0,$0,$0,$0,$-0,$-59,$-0,$0,$-0,$49,$-238,$-79,$-1,$-318,$-260,$0,$-67
7,2016-12-31,40.8,$26.62,1.53,$3.70,11.02,$-5.54,0.0,$1.39,29.35,$0.32B,$0.02B,16.43,$2.31B,$3.00B,0.77,$0.53B,$0.51B,96.07%,$0.53B,$0.31B,57.87%,$0.53B,$0.31B,57.87%,$0.53B,$0.47B,87.08%,$0.53B,$0.21B,39.89%,$0.53B,$0.20B,37.64%,$0.20B,$3.92B,5.55%,$0.20B,$3.92B,5.55%,$0.20B,$6.33B,3.42%,$0.31B,$6.23B,5.37%,$141,$7,$135,$0,$9,$55,$86,$-24,$62,$0,$62,$66,$54,$127,$86,$144,145,$0.36,$0.36,$295,$0,$0,$323,$5879,$0,$0,$129,$6011,$6334,$20,$2312,$86,$2398,$2417,$1,$-319,$-8,$3917,$6334,$240,$156,$15,$171,$-0,$1,$0,$4,$5,$415,$-782,$0,$0,$0,$0,$0,$2,$-780,$336,$0,$336,$278,$623,$-296,$-19,$645,$280,$0,$-257
8,2016-09-30,46.47,$24.33,1.91,$3.66,12.68,$-5.26,0.0,$1.26,36.88,$0.04B,$0.03B,1.17,$2.16B,$3.00B,0.72,$0.52B,$0.50B,96.15%,$0.52B,$0.30B,57.61%,$0.52B,$0.30B,57.61%,$0.52B,$0.45B,86.71%,$0.52B,$0.20B,38.92%,$0.52B,$0.18B,34.87%,$0.18B,$3.58B,5.21%,$0.18B,$3.58B,5.21%,$0.18B,$5.86B,3.20%,$0.30B,$5.73B,5.41%,$135,$5,$130,$0,$9,$64,$71,$-24,$46,$0,$46,$51,$42,$111,$71,$146,147,$0.29,$0.28,$6,$0,$0,$38,$5678,$0,$0,$137,$5818,$5856,$33,$2155,$89,$2244,$2277,$1,$-307,$-21,$3579,$5856,$173,$115,$3,$119,$1,$1,$0,$8,$23,$314,$-554,$0,$0,$0,$0,$0,$-2,$-555,$-7,$184,$177,$277,$277,$-217,$-4,$233,$-8,$0,$-190
9,2016-06-30,46.85,$24.30,1.93,$3.66,12.78,$-5.25,0.0,$1.32,35.49,$0.05B,$0.02B,2.4,$2.12B,$2.97B,0.71,$0.51B,$0.49B,96.06%,$0.51B,$0.30B,59.96%,$0.51B,$0.30B,59.96%,$0.51B,$0.45B,88.76%,$0.51B,$0.21B,41.42%,$0.51B,$0.19B,36.49%,$0.19B,$3.55B,5.49%,$0.19B,$3.55B,5.49%,$0.19B,$5.79B,3.34%,$0.30B,$5.67B,5.64%,$131,$5,$126,$0,$9,$56,$75,$-24,$51,$0,$51,$52,$43,$113,$75,$143,144,$0.30,$0.30,$3,$0,$0,$46,$5630,$0,$0,$106,$5739,$5785,$19,$2118,$101,$2219,$2238,$1,$-282,$-18,$3547,$5785,$123,$75,$-6,$69,$1,$1,$0,$-4,$-3,$188,$-413,$0,$0,$0,$0,$0,$-2,$-414,$-7,$147,$140,$219,$219,$-141,$-4,$215,$-12,$0,$-124
10,2016-03-31,41.44,$23.98,1.73,$3.63,11.41,$-4.37,0.0,$1.30,31.88,$0.10B,$0.03B,3.02,$1.97B,$2.86B,0.69,$0.49B,$0.47B,96.15%,$0.49B,$0.30B,60.04%,$0.49B,$0.30B,60.04%,$0.49B,$0.44B,89.25%,$0.49B,$0.21B,41.58%,$0.49B,$0.18B,36.31%,$0.18B,$3.43B,5.47%,$0.18B,$3.43B,5.47%,$0.18B,$5.55B,3.33%,$0.30B,$5.40B,5.66%,$127,$5,$122,$0,$9,$49,$77,$-24,$54,$0,$54,$71,$62,$114,$77,$141,141,$0.44,$0.44,$51,$0,$0,$102,$5343,$0,$0,$104,$5451,$5553,$34,$1970,$115,$2085,$2119,$1,$-262,$-20,$3434,$5553,$71,$36,$-14,$23,$0,$0,$0,$-5,$9,$102,$-76,$0,$0,$0,$0,$0,$-1,$-76,$-7,$0,$-7,$89,$89,$-70,$-1,$11,$37,$0,$-61
11,2015-12-31,35.56,$23.70,1.5,$3.61,9.84,$-4.80,0.0,$1.20,29.63,$0.06B,$0.02B,3.13,$1.98B,$2.77B,0.71,$0.48B,$0.46B,96.06%,$0.48B,$0.29B,59.96%,$0.48B,$0.29B,59.96%,$0.48B,$0.43B,89.00%,$0.48B,$0.20B,41.08%,$0.48B,$0.16B,33.61%,$0.16B,$3.34B,5.07%,$0.16B,$3.34B,5.07%,$0.16B,$5.46B,3.09%,$0.29B,$5.32B,5.66%,$126,$6,$121,$0,$10,$51,$76,$-25,$51,$10,$41,$42,$34,$112,$76,$134,134,$0.25,$0.24,$14,$0,$0,$63,$5231,$0,$0,$162,$5397,$5460,$20,$1976,$122,$2098,$2118,$1,$-263,$-20,$3342,$5460,$198,$141,$1,$142,$-1,$1,$0,$-2,$2,$341,$-645,$0,$0,$0,$0,$0,$0,$-645,$247,$0,$247,$332,$332,$-264,$-8,$307,$4,$0,$-229
12,2015-09-30,31.84,$23.36,1.36,$3.60,8.85,$-4.52,0.0,$1.31,24.31,$0.05B,$0.03B,1.73,$2.02B,$2.59B,0.78,$0.47B,$0.45B,95.97%,$0.47B,$0.29B,60.51%,$0.47B,$0.29B,60.51%,$0.47B,$0.42B,89.38%,$0.47B,$0.20B,41.83%,$0.47B,$0.17B,36.73%,$0.17B,$3.17B,5.53%,$0.17B,$3.17B,5.53%,$0.17B,$5.35B,3.39%,$0.29B,$5.19B,5.72%,$123,$5,$118,$0,$9,$47,$76,$-22,$54,$1,$53,$55,$46,$111,$76,$134,134,$0.34,$0.34,$3,$0,$0,$51,$5163,$0,$0,$121,$5298,$5349,$30,$2023,$132,$2155,$2184,$1,$-238,$-18,$3165,$5349,$155,$104,$2,$106,$1,$1,$0,$2,$16,$278,$-495,$0,$0,$0,$0,$0,$-1,$-496,$-2,$282,$281,$127,$127,$-196,$-3,$209,$-9,$0,$-170
13,2015-06-30,30.38,$23.40,1.3,$3.56,8.53,$-4.90,0.0,$1.28,23.73,$0.05B,$0.02B,2.93,$1.87B,$2.57B,0.73,$0.46B,$0.44B,95.85%,$0.46B,$0.28B,60.26%,$0.46B,$0.28B,60.26%,$0.46B,$0.41B,89.30%,$0.46B,$0.19B,41.05%,$0.46B,$0.17B,36.24%,$0.17B,$3.15B,5.43%,$0.17B,$3.15B,5.43%,$0.17B,$5.13B,3.33%,$0.28B,$5.01B,5.67%,$117,$5,$113,$0,$8,$50,$67,$-22,$46,$-0,$46,$46,$37,$103,$67,$133,134,$0.28,$0.28,$2,$0,$0,$51,$4935,$0,$0,$130,$5081,$5132,$17,$1868,$100,$1968,$1986,$1,$-226,$-8,$3146,$5132,$100,$69,$1,$70,$1,$1,$0,$-4,$-2,$168,$-260,$0,$0,$0,$0,$0,$-0,$-260,$-1,$128,$126,$89,$89,$-129,$-2,$84,$-8,$0,$-111
14,2015-03-31,35.18,$23.41,1.5,$3.54,9.93,$-4.36,0.0,$1.30,27.06,$0.05B,$0.03B,1.86,$1.78B,$2.55B,0.7,$0.45B,$0.43B,95.53%,$0.45B,$0.27B,61.30%,$0.45B,$0.27B,61.30%,$0.45B,$0.40B,89.49%,$0.45B,$0.19B,41.39%,$0.45B,$0.17B,37.14%,$0.17B,$3.12B,5.57%,$0.17B,$3.12B,5.57%,$0.17B,$5.02B,3.41%,$0.27B,$4.91B,5.77%,$116,$5,$111,$0,$9,$47,$70,$-22,$47,$0,$47,$54,$45,$103,$70,$132,132,$0.34,$0.34,$4,$0,$0,$54,$4823,$0,$0,$128,$4966,$5021,$29,$1783,$85,$1868,$1897,$1,$-207,$-9,$3124,$5021,$54,$34,$-4,$29,$1,$0,$0,$0,$13,$97,$-129,$0,$0,$0,$0,$0,$-0,$-129,$-0,$42,$41,$49,$49,$-64,$-1,$26,$-6,$0,$-55
15,2014-12-31,33.48,$23.36,1.43,$3.52,9.52,$-4.11,0.0,$1.24,27.0,$0.06B,$0.02B,3.56,$1.73B,$2.51B,0.69,$0.44B,$0.42B,95.63%,$0.44B,$0.27B,61.15%,$0.44B,$0.27B,61.15%,$0.44B,$0.39B,89.43%,$0.44B,$0.18B,41.38%,$0.44B,$0.16B,35.63%,$0.16B,$3.08B,5.36%,$0.16B,$3.08B,5.36%,$0.16B,$4.92B,3.27%,$0.27B,$4.81B,5.75%,$115,$5,$110,$0,$8,$44,$72,$-22,$50,$-1,$51,$54,$45,$104,$72,$124,125,$0.35,$0.35,$11,$0,$0,$62,$4685,$0,$0,$163,$4854,$4916,$17,$1730,$85,$1815,$1832,$1,$-197,$-9,$3083,$4916,$191,$121,$-10,$111,$-2,$1,$0,$-7,$-7,$297,$-544,$0,$0,$0,$0,$0,$2,$-542,$198,$-46,$152,$360,$360,$-240,$-18,$254,$9,$0,$-204
16,2014-09-30,29.07,$22.81,1.27,$3.46,8.4,$-4.65,0.0,$1.18,24.64,$0.06B,$0.03B,1.85,$1.86B,$2.31B,0.81,$0.42B,$0.40B,95.28%,$0.42B,$0.26B,60.85%,$0.42B,$0.26B,60.85%,$0.42B,$0.38B,88.92%,$0.42B,$0.17B,40.57%,$0.42B,$0.15B,34.20%,$0.15B,$2.88B,5.15%,$0.15B,$2.88B,5.15%,$0.15B,$4.87B,3.14%,$0.26B,$4.74B,5.72%,$110,$5,$105,$0,$8,$42,$67,$-23,$45,$0,$44,$48,$39,$99,$67,$125,125,$0.31,$0.31,$5,$0,$0,$56,$4663,$0,$0,$133,$4810,$4867,$31,$1861,$92,$1953,$1983,$1,$-189,$-9,$2883,$4867,$137,$89,$-10,$80,$-0,$1,$0,$-1,$13,$232,$-481,$0,$0,$0,$0,$0,$3,$-478,$198,$89,$287,$147,$147,$-178,$-7,$249,$3,$0,$-151
17,2014-06-30,30.92,$22.68,1.36,$3.41,9.06,$-5.18,0.0,$1.16,26.65,$0.15B,$0.02B,7.82,$1.72B,$2.25B,0.77,$0.42B,$0.40B,95.18%,$0.42B,$0.25B,60.96%,$0.42B,$0.25B,60.96%,$0.42B,$0.37B,88.43%,$0.42B,$0.17B,40.96%,$0.42B,$0.14B,33.98%,$0.14B,$2.82B,5.05%,$0.14B,$2.82B,5.05%,$0.14B,$4.65B,3.12%,$0.25B,$4.55B,5.75%,$106,$5,$101,$0,$8,$41,$65,$-22,$43,$0,$43,$46,$37,$94,$65,$122,123,$0.30,$0.30,$85,$0,$0,$145,$4368,$0,$0,$123,$4506,$4651,$19,$1723,$85,$1808,$1826,$1,$-176,$-9,$2824,$4651,$89,$58,$-9,$50,$-0,$1,$0,$-4,$-2,$138,$-157,$0,$0,$0,$0,$0,$-4,$-160,$199,$-46,$152,$76,$76,$-117,$-6,$106,$84,$0,$-99
18,2014-03-31,28.2,$22.64,1.25,$3.35,8.42,$-7.90,0.0,$1.13,24.96,$0.07B,$0.03B,2.41,$1.62B,$2.21B,0.73,$0.41B,$0.39B,95.31%,$0.41B,$0.25B,61.23%,$0.41B,$0.25B,61.23%,$0.41B,$0.36B,88.40%,$0.41B,$0.16B,40.49%,$0.41B,$0.14B,33.83%,$0.14B,$2.78B,4.92%,$0.14B,$2.78B,4.92%,$0.14B,$4.52B,3.03%,$0.25B,$4.40B,5.64%,$104,$4,$100,$0,$9,$42,$62,$-20,$42,$-0,$42,$44,$34,$92,$62,$122,122,$0.28,$0.28,$6,$0,$0,$67,$4317,$0,$0,$122,$4451,$4518,$28,$1615,$92,$1707,$1735,$1,$-163,$-7,$2783,$4518,$44,$29,$-2,$27,$-0,$0,$0,$-3,$8,$80,$-78,$0,$0,$0,$0,$0,$-4,$-82,$-0,$45,$45,$21,$21,$-58,$-2,$6,$4,$0,$-49
19,2013-12-31,24.62,$22.77,1.08,$3.29,7.47,$-7.73,0.0,$1.10,22.38,$0.06B,$0.02B,3.46,$1.57B,$2.20B,0.71,$0.39B,$0.38B,95.42%,$0.39B,$0.24B,61.07%,$0.39B,$0.24B,61.07%,$0.39B,$0.35B,88.04%,$0.39B,$0.15B,39.19%,$0.39B,$0.13B,33.59%,$0.13B,$2.78B,4.89%,$0.13B,$2.78B,4.89%,$0.13B,$4.46B,3.01%,$0.24B,$4.35B,5.61%,$104,$6,$98,$0,$6,$40,$64,$-22,$42,$0,$42,$42,$35,$92,$64,$118,120,$0.28,$0.29,$1,$0,$0,$59,$4259,$0,$0,$123,$4395,$4455,$17,$1570,$89,$1659,$1676,$1,$-148,$-5,$2778,$4455,$160,$106,$3,$109,$0,$1,$0,$5,$5,$274,$-577,$0,$0,$0,$0,$0,$9,$-568,$100,$-128,$-28,$268,$555,$-217,$-17,$293,$-1,$0,$-189
20,2013-09-30,25.53,$22.88,1.12,$3.25,7.86,$-8.64,0.0,$1.13,22.59,$0.07B,$0.03B,2.37,$1.52B,$2.21B,0.69,$0.38B,$0.36B,95.51%,$0.38B,$0.23B,60.95%,$0.38B,$0.23B,60.95%,$0.38B,$0.33B,87.34%,$0.38B,$0.15B,38.52%,$0.38B,$0.13B,35.09%,$0.13B,$2.79B,5.15%,$0.13B,$2.79B,5.15%,$0.13B,$4.44B,3.12%,$0.23B,$4.31B,5.55%,$101,$5,$96,$0,$8,$38,$62,$-19,$43,$0,$43,$43,$35,$89,$62,$120,121,$0.29,$0.29,$7,$0,$0,$66,$4222,$0,$0,$135,$4371,$4437,$28,$1524,$97,$1621,$1649,$1,$-134,$-3,$2788,$4437,$116,$78,$1,$79,$2,$0,$0,$4,$17,$212,$-518,$0,$0,$0,$0,$0,$9,$-508,$100,$-174,$-74,$263,$551,$-159,$-17,$301,$4,$0,$-140
21,2013-06-30,27.29,$23.45,1.16,$3.18,8.58,$-8.03,0.0,$1.14,23.94,$0.31B,$0.02B,17.71,$1.75B,$2.22B,0.79,$0.36B,$0.35B,95.86%,$0.36B,$0.22B,60.77%,$0.36B,$0.22B,60.77%,$0.36B,$0.32B,87.02%,$0.36B,$0.13B,36.74%,$0.36B,$0.13B,36.19%,$0.13B,$2.80B,5.34%,$0.13B,$2.80B,5.34%,$0.13B,$4.65B,3.16%,$0.22B,$4.54B,5.45%,$96,$4,$92,$0,$9,$37,$60,$-23,$37,$0,$36,$36,$33,$85,$60,$118,121,$0.28,$0.27,$237,$0,$0,$306,$4159,$0,$0,$170,$4343,$4649,$17,$1747,$88,$1835,$1852,$1,$-120,$-3,$2798,$4649,$72,$51,$0,$51,$-0,$-0,$0,$-1,$-2,$121,$-468,$0,$0,$0,$0,$0,$1,$-467,$326,$-174,$152,$258,$546,$-100,$-17,$581,$235,$0,$-91
22,2013-03-31,28.41,$20.90,1.36,$3.21,8.84,$-6.81,0.0,$1.13,25.14,$0.07B,$0.03B,2.61,$1.46B,$2.16B,0.68,$0.36B,$0.33B,93.52%,$0.36B,$0.21B,58.87%,$0.36B,$0.21B,58.87%,$0.36B,$0.30B,84.51%,$0.36B,$0.13B,35.49%,$0.36B,$0.13B,35.49%,$0.13B,$2.44B,5.45%,$0.13B,$2.44B,5.45%,$0.13B,$4.00B,3.22%,$0.21B,$3.90B,5.50%,$92,$4,$89,$0,$8,$39,$54,$-22,$32,$-1,$33,$33,$29,$80,$54,$113,116,$0.26,$0.25,$3,$0,$0,$73,$3802,$0,$0,$115,$3928,$4002,$28,$1458,$73,$1531,$1559,$1,$-106,$-2,$2443,$4002,$34,$26,$3,$29,$-1,$-1,$0,$-2,$7,$69,$-47,$0,$0,$0,$0,$0,$0,$-47,$-21,$-115,$-136,$166,$166,$-49,$-2,$-21,$1,$0,$-44
23,2012-12-31,24.2,$20.60,1.18,$3.25,7.45,$-8.28,0.0,$1.11,21.81,$0.07B,$0.02B,4.08,$1.59B,$2.01B,0.79,$0.35B,$0.32B,89.77%,$0.35B,$0.20B,57.67%,$0.35B,$0.20B,57.67%,$0.35B,$0.29B,81.53%,$0.35B,$0.12B,34.66%,$0.35B,$0.12B,34.66%,$0.12B,$2.30B,5.41%,$0.12B,$2.30B,5.41%,$0.12B,$3.99B,3.20%,$0.20B,$3.89B,5.48%,$90,$5,$85,$0,$9,$35,$55,$-21,$34,$0,$33,$33,$36,$77,$55,$107,109,$0.33,$0.32,$2,$0,$0,$72,$3794,$0,$0,$110,$3917,$3988,$18,$1587,$86,$1673,$1690,$1,$-91,$-2,$2298,$3988,$142,$83,$8,$91,$-1,$-5,$0,$-0,$-4,$228,$-604,$0,$0,$0,$0,$0,$2,$-602,$86,$109,$195,$185,$381,$-185,$-17,$374,$-0,$0,$-167
24,2012-09-30,23.37,$20.82,1.12,$3.33,7.02,$-11.23,0.0,$1.05,22.26,$0.21B,$0.02B,9.53,$1.54B,$1.99B,0.77,$0.34B,$0.29B,83.92%,$0.34B,$0.19B,55.56%,$0.34B,$0.19B,55.56%,$0.34B,$0.27B,78.65%,$0.34B,$0.11B,32.16%,$0.34B,$0.11B,32.75%,$0.11B,$2.28B,5.13%,$0.11B,$2.28B,5.13%,$0.11B,$3.93B,3.05%,$0.19B,$3.81B,5.32%,$84,$4,$81,$0,$9,$33,$51,$-22,$30,$-7,$37,$41,$33,$73,$51,$107,110,$0.31,$0.30,$141,$0,$0,$211,$3566,$0,$0,$146,$3724,$3934,$22,$1535,$99,$1634,$1656,$1,$-83,$-3,$2278,$3934,$101,$61,$17,$78,$0,$-4,$0,$-4,$-7,$173,$-384,$0,$0,$0,$1,$1,$0,$-382,$251,$-66,$185,$119,$315,$-137,$-14,$349,$139,$0,$-124
25,2012-06-30,21.39,$20.73,1.03,$3.46,6.17,$-12.59,0.0,$0.99,21.6,$0.08B,$0.01B,5.46,$1.38B,$1.94B,0.71,$0.34B,$0.27B,79.82%,$0.34B,$0.18B,53.41%,$0.34B,$0.18B,53.41%,$0.34B,$0.25B,75.37%,$0.34B,$0.10B,30.27%,$0.34B,$0.10B,29.67%,$0.10B,$2.23B,4.86%,$0.10B,$2.23B,4.86%,$0.10B,$3.70B,2.88%,$0.18B,$3.60B,5.33%,$89,$12,$77,$0,$7,$40,$49,$-19,$30,$0,$30,$30,$28,$70,$49,$106,107,$0.26,$0.26,$3,$0,$0,$79,$3486,$0,$0,$130,$3625,$3704,$14,$1375,$87,$1462,$1477,$1,$-74,$-4,$2227,$3704,$63,$40,$4,$44,$0,$-4,$0,$-3,$-7,$100,$-277,$0,$0,$0,$0,$0,$-5,$-282,$-51,$77,$26,$60,$256,$-89,$-10,$182,$1,$0,$-82
26,2012-03-31,20.27,$20.79,0.97,$3.51,5.77,$-11.34,0.0,$0.96,21.12,$0.08B,$0.02B,3.73,$1.30B,$1.93B,0.67,$0.32B,$0.25B,77.95%,$0.32B,$0.17B,52.48%,$0.32B,$0.17B,52.48%,$0.32B,$0.24B,73.91%,$0.32B,$0.09B,28.88%,$0.32B,$0.09B,28.57%,$0.09B,$2.22B,4.87%,$0.09B,$2.22B,4.87%,$0.09B,$3.61B,2.83%,$0.17B,$3.52B,5.34%,$89,$16,$73,$0,$8,$41,$48,$-19,$28,$0,$28,$28,$25,$67,$48,$105,106,$0.23,$0.23,$3,$0,$0,$82,$3394,$0,$0,$127,$3531,$3613,$22,$1301,$74,$1374,$1396,$1,$-61,$-4,$2216,$3613,$30,$20,$2,$21,$0,$-4,$0,$-3,$-1,$51,$-187,$0,$0,$0,$0,$0,$-4,$-191,$-0,$-39,$-40,$38,$233,$-42,$-10,$141,$1,$0,$-40
27,2011-12-31,19.39,$19.13,1.01,$3.52,5.51,$-10.15,0.0,$0.96,20.2,$0.08B,$0.02B,5.21,$1.34B,$1.91B,0.7,$0.30B,$0.24B,77.89%,$0.30B,$0.16B,52.48%,$0.30B,$0.16B,52.48%,$0.30B,$0.22B,73.93%,$0.30B,$0.09B,28.05%,$0.30B,$0.09B,28.38%,$0.09B,$2.00B,5.00%,$0.09B,$2.00B,5.00%,$0.09B,$3.44B,2.84%,$0.16B,$3.34B,5.37%,$80,$24,$56,$0,$9,$38,$42,$-20,$22,$1,$21,$22,$26,$59,$42,$88,89,$0.26,$0.26,$2,$0,$0,$79,$3224,$0,$0,$121,$3356,$3435,$15,$1339,$77,$1416,$1431,$1,$-45,$-4,$2004,$3435,$92,$65,$6,$71,$1,$3,$0,$3,$15,$178,$-746,$0,$0,$0,$0,$0,$-6,$-752,$295,$-95,$199,$541,$541,$-141,$-25,$574,$0,$0,$-134
28,2011-09-30,19.48,$18.65,1.04,$3.29,5.92,$-4.15,0.0,$0.85,22.91,$0.09B,$0.02B,4.2,$1.27B,$1.69B,0.75,$0.28B,$0.22B,79.93%,$0.28B,$0.14B,50.90%,$0.28B,$0.14B,50.90%,$0.28B,$0.20B,73.12%,$0.28B,$0.07B,25.45%,$0.28B,$0.07B,25.81%,$0.07B,$1.78B,4.50%,$0.07B,$1.78B,4.50%,$0.07B,$3.15B,2.52%,$0.14B,$3.05B,5.09%,$79,$16,$63,$0,$7,$38,$41,$-20,$22,$0,$22,$22,$21,$58,$41,$87,88,$0.24,$0.24,$20,$0,$0,$94,$2920,$0,$0,$121,$3053,$3146,$22,$1273,$73,$1345,$1368,$1,$-34,$-3,$1779,$3146,$65,$48,$6,$54,$2,$1,$0,$2,$21,$139,$-426,$0,$0,$0,$0,$0,$-6,$-432,$295,$-161,$134,$300,$300,$-102,$-21,$310,$18,$0,$-97
29,2011-06-30,17.5,$18.09,0.97,$3.18,5.5,$-0.13,0.0,$0.84,20.83,$0.08B,$0.01B,10.99,$1.20B,$1.46B,0.82,$0.27B,$0.21B,80.45%,$0.27B,$0.14B,51.50%,$0.27B,$0.14B,51.50%,$0.27B,$0.20B,73.68%,$0.27B,$0.07B,25.94%,$0.27B,$0.07B,26.69%,$0.07B,$1.56B,4.61%,$0.07B,$1.56B,4.61%,$0.07B,$2.80B,2.61%,$0.14B,$2.75B,5.14%,$74,$16,$59,$0,$7,$36,$38,$-17,$21,$0,$21,$21,$20,$54,$38,$84,85,$0.23,$0.23,$4,$0,$0,$80,$2604,$0,$0,$105,$2719,$2799,$7,$1195,$40,$1235,$1242,$1,$-22,$-3,$1556,$2799,$42,$31,$4,$35,$1,$1,$0,$-2,$1,$78,$-111,$0,$0,$0,$0,$0,$-4,$-115,$-1,$58,$58,$56,$56,$-67,$-8,$39,$2,$0,$-64
30,2011-03-31,18.39,$18.17,1.01,$3.16,5.82,$1.67,11.04,$0.84,21.89,$0.08B,$0.02B,4.06,$1.16B,$1.45B,0.8,$0.26B,$0.21B,79.47%,$0.26B,$0.14B,51.33%,$0.26B,$0.14B,51.33%,$0.26B,$0.19B,73.00%,$0.26B,$0.07B,26.24%,$0.26B,$0.07B,27.00%,$0.07B,$1.54B,4.61%,$0.07B,$1.54B,4.61%,$0.07B,$2.75B,2.66%,$0.14B,$2.70B,5.16%,$70,$13,$58,$0,$7,$33,$38,$-17,$20,$-0,$20,$20,$19,$53,$38,$83,84,$0.23,$0.23,$3,$0,$0,$77,$2560,$0,$0,$108,$2677,$2754,$19,$1158,$40,$1198,$1217,$1,$-9,$3,$1537,$2754,$21,$15,$2,$17,$1,$1,$0,$-3,$11,$49,$-57,$0,$0,$0,$0,$0,$-1,$-58,$-0,$23,$23,$20,$20,$-33,$0,$10,$1,$0,$-32
31,2010-12-31,18.37,$18.28,1.0,$3.08,5.96,$2.26,8.12,$0.79,23.25,$0.08B,$0.01B,10.52,$1.13B,$1.44B,0.79,$0.26B,$0.20B,79.69%,$0.26B,$0.13B,50.39%,$0.26B,$0.13B,50.39%,$0.26B,$0.18B,71.88%,$0.26B,$0.07B,25.39%,$0.26B,$0.07B,26.17%,$0.07B,$1.53B,4.33%,$0.07B,$1.53B,4.33%,$0.07B,$2.71B,2.55%,$0.13B,$2.66B,5.00%,$56,$13,$43,$0,$5,$31,$25,$-16,$8,$-0,$8,$9,$12,$39,$25,$83,83,$0.16,$0.16,$2,$0,$0,$77,$2514,$0,$0,$113,$2636,$2714,$7,$1134,$44,$1177,$1185,$1,$3,$2,$1529,$2714,$73,$55,$16,$71,$-1,$43,$0,$1,$43,$188,$-221,$0,$0,$0,$0,$0,$0,$-220,$-26,$161,$135,$18,$18,$-132,$-1,$19,$-13,$0,$-125
32,2010-09-30,17.16,$18.48,0.93,$3.20,5.36,$4.15,4.13,$0.36,47.67,$0.09B,$0.02B,4.61,$1.01B,$1.45B,0.7,$0.26B,$0.22B,82.51%,$0.26B,$0.10B,39.16%,$0.26B,$0.10B,39.16%,$0.26B,$0.16B,60.08%,$0.26B,$0.04B,15.59%,$0.26B,$0.05B,18.25%,$0.05B,$1.54B,3.09%,$0.05B,$1.54B,3.09%,$0.05B,$2.61B,1.85%,$0.10B,$2.55B,4.04%,$66,$11,$54,$0,$6,$29,$36,$-16,$20,$0,$20,$20,$20,$50,$36,$83,83,$0.23,$0.23,$4,$0,$0,$85,$2407,$0,$0,$108,$2525,$2610,$18,$1008,$40,$1049,$1067,$1,$22,$1,$1543,$2610,$59,$41,$7,$48,$0,$43,$0,$1,$55,$162,$-99,$0,$-2,$0,$0,$0,$2,$-99,$-26,$37,$11,$14,$14,$-99,$-1,$-75,$-11,$0,$-94
33,2010-06-30,14.42,$18.61,0.77,$3.21,4.49,$4.63,3.11,$0.39,36.97,$0.14B,$0.01B,18.66,$1.00B,$1.46B,0.68,$0.26B,$0.22B,82.82%,$0.26B,$0.10B,39.69%,$0.26B,$0.10B,39.69%,$0.26B,$0.16B,60.31%,$0.26B,$0.04B,16.41%,$0.26B,$0.05B,18.70%,$0.05B,$1.55B,3.12%,$0.05B,$1.55B,3.12%,$0.05B,$2.59B,1.88%,$0.10B,$2.55B,4.06%,$71,$16,$54,$0,$6,$34,$36,$-15,$21,$0,$21,$21,$20,$50,$36,$83,83,$0.23,$0.23,$52,$0,$0,$139,$2335,$0,$0,$101,$2448,$2587,$7,$995,$33,$1028,$1036,$1,$34,$1,$1552,$2587,$38,$27,$5,$33,$-2,$43,$0,$-2,$40,$110,$6,$0,$0,$0,$0,$0,$-24,$-19,$-1,$0,$-1,$12,$12,$-66,$-1,$-55,$37,$0,$-62
34,2010-03-31,15.11,$18.73,0.81,$3.10,4.88,$4.00,3.78,$0.48,31.49,$0.12B,$0.02B,6.62,$0.99B,$1.47B,0.68,$0.25B,$0.22B,87.55%,$0.25B,$0.11B,42.17%,$0.25B,$0.11B,42.17%,$0.25B,$0.16B,63.86%,$0.25B,$0.04B,17.67%,$0.25B,$0.05B,18.07%,$0.05B,$1.56B,2.85%,$0.05B,$1.56B,2.85%,$0.05B,$2.60B,1.72%,$0.11B,$2.55B,4.08%,$63,$10,$53,$0,$6,$31,$32,$-16,$16,$0,$16,$16,$15,$45,$32,$82,82,$0.18,$0.18,$31,$0,$0,$122,$2324,$0,$0,$143,$2480,$2602,$18,$994,$29,$1023,$1042,$1,$46,$1,$1560,$2602,$16,$14,$5,$18,$0,$1,$0,$-1,$12,$46,$-5,$0,$0,$0,$0,$0,$-1,$-6,$-0,$0,$-0,$8,$8,$-33,$-0,$-25,$16,$0,$-31
35,2009-12-31,13.8,$19.01,0.73,$3.07,4.49,$3.99,3.46,$0.62,22.25,$0.11B,$0.01B,14.06,$0.99B,$1.48B,0.67,$0.24B,$0.22B,90.16%,$0.24B,$0.11B,45.08%,$0.24B,$0.11B,45.08%,$0.24B,$0.16B,67.21%,$0.24B,$0.05B,20.49%,$0.24B,$0.06B,22.54%,$0.06B,$1.57B,3.47%,$0.06B,$1.57B,3.47%,$0.06B,$2.59B,2.09%,$0.11B,$2.55B,4.26%,$63,$7,$56,$0,$6,$64,$-1,$-15,$-16,$0,$-16,$-9,$-7,$13,$-1,$80,80,$-0.18,$-0.18,$15,$0,$0,$105,$2329,$0,$0,$143,$2486,$2591,$7,$987,$29,$1017,$1024,$1,$62,$1,$1567,$2591,$56,$54,$39,$93,$-1,$4,$0,$-3,$0,$150,$-30,$0,$0,$0,$0,$0,$2,$-28,$-17,$-27,$-43,$68,$68,$-127,$-7,$-109,$13,$0,$-120
36,2009-09-30,13.69,$19.65,0.7,$3.06,4.47,$1.75,7.82,$1.25,10.96,$0.12B,$0.02B,6.36,$0.99B,$1.52B,0.65,$0.24B,$0.22B,92.89%,$0.24B,$0.15B,61.51%,$0.24B,$0.15B,61.51%,$0.24B,$0.20B,84.10%,$0.24B,$0.09B,36.82%,$0.24B,$0.09B,36.40%,$0.09B,$1.61B,5.49%,$0.09B,$1.61B,5.49%,$0.09B,$2.65B,3.29%,$0.15B,$2.60B,5.67%,$65,$11,$54,$0,$5,$27,$37,$-15,$22,$-0,$22,$22,$21,$50,$37,$80,80,$0.26,$0.26,$23,$0,$0,$117,$2346,$0,$0,$179,$2534,$2652,$18,$986,$36,$1022,$1040,$1,$116,$2,$1611,$2652,$68,$40,$5,$45,$-0,$3,$0,$0,$14,$126,$-27,$0,$0,$0,$0,$0,$1,$-25,$-16,$-27,$-43,$58,$58,$-95,$-0,$-80,$21,$3,$-89
37,2009-06-30,10.85,$19.81,0.55,$3.05,3.56,$-0.17,0.0,$1.38,7.87,$0.10B,$0.01B,13.94,$1.01B,$1.49B,0.67,$0.23B,$0.22B,96.55%,$0.23B,$0.15B,64.22%,$0.23B,$0.15B,64.22%,$0.23B,$0.20B,87.93%,$0.23B,$0.09B,38.79%,$0.23B,$0.09B,40.09%,$0.09B,$1.59B,6.00%,$0.09B,$1.59B,6.00%,$0.09B,$2.64B,3.52%,$0.15B,$2.59B,5.76%,$58,$3,$55,$0,$6,$21,$37,$-15,$22,$-0,$22,$16,$16,$51,$37,$79,79,$0.20,$0.20,$2,$0,$0,$104,$2349,$0,$0,$176,$2534,$2638,$7,$1007,$37,$1044,$1052,$1,$126,$5,$1586,$2638,$45,$27,$5,$32,$-0,$3,$0,$-2,$1,$78,$-17,$0,$0,$0,$0,$0,$-0,$-17,$-16,$-5,$-21,$22,$22,$-63,$-0,$-62,$-1,$2,$-59
38,2009-03-31,9.7,$19.87,0.49,$3.09,3.14,$-2.92,0.0,$1.46,6.64,$0.11B,$0.02B,6.06,$1.01B,$1.48B,0.68,$0.23B,$0.22B,96.96%,$0.23B,$0.15B,64.78%,$0.23B,$0.15B,64.78%,$0.23B,$0.20B,88.26%,$0.23B,$0.09B,39.13%,$0.23B,$0.11B,45.65%,$0.11B,$1.58B,6.93%,$0.11B,$1.58B,6.93%,$0.11B,$2.64B,3.96%,$0.15B,$2.59B,5.74%,$58,$3,$55,$0,$5,$21,$37,$-15,$22,$-0,$22,$25,$25,$50,$37,$78,78,$0.32,$0.32,$2,$0,$0,$112,$2352,$0,$0,$164,$2527,$2639,$18,$1009,$36,$1045,$1063,$1,$130,$3,$1576,$2639,$27,$13,$-3,$10,$1,$3,$0,$-2,$12,$49,$-10,$0,$0,$0,$0,$0,$0,$-10,$-14,$-4,$-17,$9,$9,$-31,$-0,$-40,$-1,$1,$-29
39,2008-12-31,10.29,$20.03,0.51,$3.16,3.26,$-4.57,0.0,$1.57,6.55,$0.11B,$0.01B,14.81,$1.03B,$1.48B,0.7,$0.23B,$0.22B,95.24%,$0.23B,$0.15B,62.77%,$0.23B,$0.15B,62.77%,$0.23B,$0.20B,85.28%,$0.23B,$0.09B,37.23%,$0.23B,$0.11B,48.05%,$0.11B,$1.57B,7.52%,$0.11B,$1.57B,7.52%,$0.11B,$2.65B,4.18%,$0.15B,$2.60B,5.58%,$58,$0,$58,$0,$6,$22,$36,$-14,$22,$-1,$23,$28,$25,$50,$36,$74,74,$0.31,$0.31,$3,$0,$0,$113,$2374,$0,$0,$152,$2537,$2649,$8,$1027,$46,$1073,$1081,$1,$135,$2,$1569,$2649,$120,$51,$-23,$27,$-1,$96,$0,$-1,$90,$237,$-293,$0,$0,$0,$-1,$-1,$37,$-256,$102,$-103,$-2,$127,$127,$-117,$-15,$-6,$-25,$0,$-110
40,2008-09-30,14.01,$19.59,0.72,$3.11,4.51,$-10.03,0.0,$1.68,8.34,$0.12B,$0.02B,6.42,$1.11B,$1.38B,0.8,$0.22B,$0.21B,94.59%,$0.22B,$0.14B,62.61%,$0.22B,$0.14B,62.61%,$0.22B,$0.19B,85.59%,$0.22B,$0.08B,35.59%,$0.22B,$0.12B,52.25%,$0.12B,$1.47B,8.08%,$0.12B,$1.47B,8.08%,$0.12B,$2.64B,4.41%,$0.14B,$2.57B,5.42%,$58,$2,$56,$0,$5,$19,$39,$-16,$24,$-2,$26,$26,$27,$53,$39,$74,74,$0.37,$0.37,$3,$0,$0,$120,$2313,$0,$0,$193,$2518,$2638,$19,$1105,$46,$1152,$1170,$1,$146,$4,$1468,$2638,$93,$37,$-19,$18,$-2,$97,$0,$-2,$100,$211,$-262,$0,$0,$0,$-1,$-1,$32,$-231,$121,$-77,$44,$47,$47,$-86,$-11,$-5,$-25,$2,$-81
41,2008-06-30,12.01,$19.53,0.62,$3.01,3.99,$-12.70,0.0,$1.97,6.1,$0.15B,$0.01B,18.17,$1.18B,$1.35B,0.87,$0.21B,$0.20B,94.31%,$0.21B,$0.13B,62.09%,$0.21B,$0.13B,62.09%,$0.21B,$0.18B,83.41%,$0.21B,$0.08B,35.55%,$0.21B,$0.14B,63.98%,$0.14B,$1.44B,9.73%,$0.14B,$1.44B,9.73%,$0.14B,$2.67B,5.29%,$0.13B,$2.62B,5.26%,$56,$2,$54,$0,$6,$19,$37,$-15,$22,$-2,$24,$24,$28,$50,$37,$73,73,$0.38,$0.38,$5,$0,$0,$146,$2270,$0,$0,$243,$2526,$2672,$8,$1179,$40,$1220,$1228,$1,$145,$3,$1444,$2672,$64,$24,$-16,$7,$-2,$49,$0,$-4,$41,$112,$-257,$0,$0,$37,$-1,$36,$7,$-213,$121,$-3,$119,$27,$27,$-57,$-10,$79,$-23,$1,$-53
42,2008-03-31,12.47,$19.45,0.64,$2.92,4.28,$-13.83,0.0,$2.27,5.5,$0.18B,$0.02B,9.46,$1.18B,$1.33B,0.89,$0.20B,$0.19B,94.00%,$0.20B,$0.12B,62.00%,$0.20B,$0.12B,62.00%,$0.20B,$0.16B,81.50%,$0.20B,$0.07B,35.50%,$0.20B,$0.15B,77.00%,$0.15B,$1.42B,11.50%,$0.15B,$1.42B,11.50%,$0.15B,$2.66B,6.31%,$0.12B,$2.60B,5.21%,$59,$7,$52,$0,$8,$26,$33,$-16,$18,$-3,$20,$20,$31,$44,$33,$72,72,$0.42,$0.42,$12,$0,$0,$180,$2196,$0,$0,$273,$2482,$2663,$19,$1176,$42,$1223,$1242,$1,$143,$3,$1421,$2663,$32,$11,$-11,$0,$-4,$34,$0,$0,$38,$71,$-155,$0,$0,$0,$-1,$-1,$-18,$-174,$122,$-6,$115,$6,$6,$-27,$-6,$88,$-16,$1,$-26
43,2007-12-31,13.02,$19.40,0.67,$2.78,4.68,$-12.43,0.0,$2.25,5.79,$0.15B,$0.01B,13.65,$1.06B,$1.32B,0.81,$0.18B,$0.18B,96.15%,$0.18B,$0.12B,64.29%,$0.18B,$0.12B,64.29%,$0.18B,$0.15B,82.97%,$0.18B,$0.07B,37.91%,$0.18B,$0.15B,81.32%,$0.15B,$1.41B,11.55%,$0.15B,$1.41B,11.55%,$0.15B,$2.54B,6.51%,$0.12B,$2.47B,5.28%,$49,$1,$48,$0,$6,$18,$30,$-15,$15,$-2,$17,$17,$30,$43,$30,$66,66,$0.43,$0.43,$27,$0,$0,$153,$2056,$0,$0,$322,$2386,$2540,$11,$1060,$59,$1121,$1132,$1,$138,$2,$1407,$2540,$156,$35,$-68,$-33,$1,$-7,$0,$8,$7,$130,$-541,$0,$0,$0,$-4,$-4,$8,$-537,$181,$102,$283,$310,$266,$-100,$-17,$432,$26,$3,$-93
44,2007-09-30,13.38,$18.91,0.71,$2.90,4.62,$-8.42,0.0,$2.72,4.92,$0.19B,$0.01B,15.98,$1.01B,$1.19B,0.85,$0.18B,$0.16B,86.81%,$0.18B,$0.11B,57.69%,$0.18B,$0.11B,57.69%,$0.18B,$0.13B,72.53%,$0.18B,$0.06B,34.07%,$0.18B,$0.17B,95.05%,$0.17B,$1.28B,14.37%,$0.17B,$1.28B,14.37%,$0.17B,$2.34B,8.17%,$0.11B,$2.29B,5.08%,$47,$2,$45,$0,$5,$16,$31,$-11,$20,$-1,$21,$21,$46,$39,$31,$67,67,$0.68,$0.68,$66,$0,$0,$188,$1915,$0,$0,$228,$2153,$2341,$12,$1007,$42,$1051,$1063,$1,$130,$2,$1278,$2341,$123,$23,$-56,$-33,$-0,$103,$0,$2,$108,$197,$-422,$0,$0,$0,$-5,$-5,$-31,$-458,$239,$-9,$230,$184,$139,$-73,$-12,$286,$25,$2,$-68
45,2007-06-30,11.8,$18.62,0.63,$2.81,4.19,$-9.37,0.0,$2.39,4.94,$0.14B,$0.01B,14.84,$0.92B,$1.16B,0.79,$0.17B,$0.15B,85.96%,$0.17B,$0.09B,53.80%,$0.17B,$0.09B,53.80%,$0.17B,$0.12B,67.84%,$0.17B,$0.05B,28.65%,$0.17B,$0.15B,85.96%,$0.15B,$1.25B,13.12%,$0.15B,$1.25B,13.12%,$0.15B,$2.22B,7.40%,$0.09B,$2.17B,4.74%,$45,$2,$43,$0,$6,$15,$30,$-11,$18,$-2,$21,$21,$47,$37,$30,$66,67,$0.71,$0.70,$40,$0,$0,$143,$1798,$0,$0,$271,$2076,$2219,$10,$919,$40,$960,$970,$1,$108,$7,$1249,$2219,$75,$15,$-32,$-17,$0,$67,$0,$2,$68,$126,$-334,$0,$0,$0,$0,$0,$-9,$-342,$-3,$145,$142,$173,$128,$-47,$-6,$217,$1,$1,$-44
46,2007-03-31,12.87,$18.14,0.71,$2.75,4.69,$-6.19,0.0,$3.06,4.21,$0.19B,$0.01B,15.04,$0.75B,$1.10B,0.68,$0.16B,$0.14B,85.71%,$0.16B,$0.08B,50.31%,$0.16B,$0.08B,50.31%,$0.16B,$0.10B,64.60%,$0.16B,$0.04B,24.84%,$0.16B,$0.18B,111.18%,$0.18B,$1.19B,17.20%,$0.18B,$1.19B,17.20%,$0.18B,$1.99B,9.64%,$0.08B,$1.94B,4.47%,$41,$2,$39,$0,$6,$15,$26,$-10,$16,$-3,$19,$19,$25,$32,$26,$60,60,$0.41,$0.41,$93,$0,$0,$190,$1493,$0,$0,$297,$1798,$1988,$13,$748,$33,$782,$795,$1,$85,$6,$1193,$1988,$27,$7,$-7,$-0,$-1,$43,$0,$-2,$41,$68,$-54,$0,$0,$0,$0,$0,$1,$-53,$-0,$-28,$-28,$141,$96,$-22,$-6,$40,$55,$0,$-20
47,2006-12-31,12.04,$18.33,0.66,$2.99,4.03,$-6.55,0.0,$3.04,3.96,$0.14B,$0.01B,10.96,$0.78B,$0.96B,0.81,$0.17B,$0.14B,81.40%,$0.17B,$0.08B,47.67%,$0.17B,$0.08B,47.67%,$0.17B,$0.11B,61.05%,$0.17B,$0.04B,22.67%,$0.17B,$0.18B,102.33%,$0.18B,$1.10B,18.37%,$0.18B,$1.10B,18.37%,$0.18B,$1.92B,9.76%,$0.08B,$1.87B,4.66%,$49,$18,$31,$0,$6,$32,$18,$-10,$8,$-3,$11,$22,$55,$24,$18,$57,58,$0.95,$0.94,$38,$0,$0,$135,$1441,$0,$0,$333,$1782,$1917,$12,$777,$31,$809,$821,$1,$80,$5,$1097,$1917,$183,$24,$-109,$-84,$-4,$-95,$0,$1,$-96,$2,$-128,$0,$0,$10,$0,$10,$28,$-90,$149,$-134,$14,$70,$159,$-88,$-4,$82,$-7,$3,$-82
