,Date,Stock Price,Book Value per Share,Price to Book Ratio,TTM Sales per Share,Price to Sales Ratio,TTM FCF per Share,Price to FCF Ratio,TTM Net EPS,PE Ratio,Current Assets,Current Liabilities,Current Ratio,Long Term Debt,Shareholder's Equity_x,Debt to Equity Ratio,TTM Revenue_x,TTM Gross Profit,Gross Margin,TTM Revenue_y,TTM Operating Income,Operating Margin,TTM Revenue_x,TTM EBIT,EBIT Margin,TTM Revenue_y,TTM EBITDA,EBITDA Margin,TTM Revenue_x,TTM Pre-Tax Income,Pre-Tax Margin,TTM Revenue_y,TTM Net Income_x,Net Margin,TTM Net Income_y,Shareholder's Equity_y,Return on Equity,TTM Net Income_x,Tangible Equity,Return on Tangible Equity,TTM Net Income_y,Total Assets,Return on Assets,TTM Net Income,LT Investments & Debt,Return on Investment,revenue,cost-goods-sold,gross-profit,research-development-expenses,selling-general-administrative-expenses,operating-expenses,operating-income,total-non-operating-income-expense,pre-tax-income,total-provision-income-taxes,income-after-taxes,income-from-continuous-operations,net-income,ebitda,ebit,basic-shares-outstanding,shares-outstanding,eps-basic-net-earnings-per-share,eps-earnings-per-share-diluted,cash-on-hand,inventory,other-current-assets,total-current-assets,net-property-plant-equipment,long-term-investments,goodwill-intangible-assets-total,other-long-term-assets,total-long-term-assets,total-assets,total-current-liabilities,long-term-debt,other-non-current-liabilities,total-long-term-liabilities,total-liabilities,common-stock-net,retained-earnings-accumulated-deficit,comprehensive-income,total-share-holder-equity,total-liabilities-share-holders-equity,net-income-loss,total-depreciation-amortization-cash-flow,other-non-cash-items,total-non-cash-items,change-in-accounts-receivable,change-in-inventories,change-in-accounts-payable,change-in-assets-liabilities,total-change-in-assets-liabilities,cash-flow-from-operating-activities,net-change-in-property-plant-equipment,net-change-in-intangible-assets,net-acquisitions-divestitures,net-change-in-short-term-investments,net-change-in-long-term-investments,net-change-in-investments-total,investing-activities-other,cash-flow-from-investing-activities,net-long-term-debt,net-current-debt,debt-issuance-retirement-net-total,net-common-equity-issued-repurchased,net-total-equity-issued-repurchased,total-common-preferred-stock-dividends-paid,financial-activities-other,cash-flow-from-financial-activities,net-cash-flow,stock-based-compensation,common-stock-dividends-paid
0,2018-09-30,317.37,$52.40,6.06,$161.38,1.97,$11.07,28.68,$15.69,20.23,$10.13B,$8.04B,1.26,$13.89B,$9.10B,1.53,$28.29B,$6.44B,22.77%,$28.29B,$3.58B,12.66%,$28.29B,$3.58B,12.66%,$28.29B,$4.27B,15.09%,$28.29B,$3.62B,12.81%,$28.29B,$2.74B,9.68%,$2.74B,$9.10B,34.09%,$2.74B,$-11.00B,-33.20%,$2.74B,$37.94B,7.54%,$3.58B,$22.99B,16.06%,$8085,$6090,$1995,$0,$817,$6907,$1178,$59,$1237,$93,$1144,$1144,$1144,$1431,$1178,$174,175,$6.57,$6.54,$1228,$719,$0,$10132,$6025,$0,$20102,$1615,$27811,$37943,$8039,$13889,$1518,$20801,$28840,$174,$14464,$-5535,$9103,$37943,$2572,$534,$258,$792,$-52,$-102,$0,$-1454,$-1847,$1450,$-786,$0,$-7657,$0,$0,$0,$23,$-8420,$-2276,$185,$-2091,$-209,$-209,$-616,$-111,$-3027,$-9997,$82,$-616
1,2018-06-30,307.7,$47.21,6.52,$152.63,2.02,$9.30,33.08,$12.83,23.98,$9.72B,$7.83B,1.24,$14.39B,$8.23B,1.75,$26.77B,$5.96B,22.27%,$26.77B,$3.24B,12.11%,$26.77B,$3.24B,12.11%,$26.77B,$3.78B,14.13%,$26.77B,$3.17B,11.84%,$26.77B,$2.24B,8.36%,$2.24B,$8.23B,30.31%,$2.24B,$-11.85B,-32.01%,$2.24B,$37.38B,6.69%,$3.24B,$22.61B,16.42%,$7119,$5557,$1562,$0,$739,$6296,$823,$26,$849,$160,$689,$689,$689,$982,$823,$175,175,$3.95,$3.93,$1539,$690,$0,$9722,$5864,$0,$20076,$1537,$27656,$37378,$7833,$14387,$1176,$21318,$29151,$174,$13669,$-5616,$8227,$37378,$1428,$281,$36,$317,$-145,$-73,$0,$-640,$-1094,$638,$-504,$0,$-7657,$0,$0,$0,$2,$-8159,$-1550,$-65,$-1615,$-41,$-41,$-407,$-102,$-2165,$-9686,$53,$-407
2,2018-03-31,347.86,$44.04,7.9,$148.92,2.34,$6.46,53.88,$12.05,28.87,$16.16B,$6.42B,2.52,$14.39B,$7.68B,1.87,$26.13B,$5.96B,22.81%,$26.13B,$3.29B,12.60%,$26.13B,$3.29B,12.60%,$26.13B,$3.78B,14.48%,$26.13B,$3.13B,11.99%,$26.13B,$2.10B,8.05%,$2.10B,$7.68B,30.91%,$2.10B,$-4.78B,-37.16%,$2.10B,$34.80B,6.88%,$3.29B,$22.07B,19.23%,$6735,$5170,$1565,$0,$711,$5881,$854,$17,$871,$132,$739,$739,$739,$976,$854,$174,175,$4.24,$4.21,$10369,$435,$0,$16157,$4285,$0,$12455,$1424,$18638,$34795,$6415,$14392,$946,$20700,$27115,$174,$13205,$-5699,$7680,$34795,$739,$122,$-36,$86,$-187,$-37,$0,$-447,$-1064,$-237,$-305,$0,$0,$0,$0,$0,$-2,$-307,$-14,$0,$-14,$0,$0,$-198,$-100,$-312,$-856,$19,$-198
3,2017-12-31,304.82,$40.97,7.44,$146.92,2.07,$5.83,52.31,$11.47,26.58,$16.59B,$7.09B,2.34,$14.40B,$7.13B,2.02,$25.80B,$5.95B,23.07%,$25.80B,$3.30B,12.79%,$25.80B,$3.30B,12.79%,$25.80B,$3.77B,14.63%,$25.80B,$3.05B,11.82%,$25.80B,$2.02B,7.81%,$2.02B,$7.13B,32.11%,$2.02B,$-5.38B,-32.54%,$2.02B,$35.13B,7.14%,$3.30B,$21.53B,22.36%,$6351,$5032,$1319,$0,$592,$5624,$727,$-60,$667,$500,$167,$167,$167,$879,$727,$174,176,$0.96,$0.95,$11225,$398,$0,$16587,$4225,$0,$12507,$1362,$18541,$35128,$7092,$14399,$994,$20904,$27996,$174,$11632,$-4718,$7132,$35128,$2015,$475,$697,$1172,$-677,$36,$0,$-272,$-531,$2613,$-928,$0,$0,$0,$0,$0,$39,$-889,$8232,$0,$8232,$-393,$-393,$-689,$-190,$6960,$8684,$94,$-689
4,2017-09-30,284.81,$37.30,7.64,$146.20,1.95,$6.72,42.39,$13.42,21.22,$7.60B,$6.30B,1.21,$6.23B,$6.49B,0.96,$25.85B,$6.11B,23.65%,$25.85B,$3.40B,13.16%,$25.85B,$3.40B,13.16%,$25.85B,$3.86B,14.93%,$25.85B,$3.13B,12.11%,$25.85B,$2.37B,9.18%,$2.37B,$6.49B,40.86%,$2.37B,$-5.96B,-35.71%,$2.37B,$26.51B,9.18%,$3.40B,$12.72B,27.34%,$6569,$5053,$1516,$0,$679,$5732,$837,$-55,$782,$139,$643,$643,$643,$947,$837,$174,175,$3.69,$3.67,$1878,$1007,$0,$7599,$3925,$0,$12456,$1333,$18914,$26513,$6300,$6227,$914,$13720,$20020,$174,$11546,$-5243,$6493,$26513,$1848,$323,$152,$475,$-368,$-20,$0,$-909,$-1275,$1006,$-650,$0,$0,$0,$0,$0,$21,$-629,$0,$0,$0,$-393,$-393,$-515,$-132,$-1040,$-663,$66,$-515
5,2017-06-30,253.17,$33.99,7.45,$142.99,1.77,$8.44,29.99,$13.09,19.34,$6.86B,$6.19B,1.11,$6.22B,$5.92B,1.05,$25.44B,$6.08B,23.92%,$25.44B,$3.39B,13.34%,$25.44B,$3.39B,13.34%,$25.44B,$3.85B,15.14%,$25.44B,$3.12B,12.25%,$25.44B,$2.33B,9.17%,$2.33B,$5.92B,41.45%,$2.33B,$-6.53B,-34.15%,$2.33B,$25.81B,9.24%,$3.39B,$12.14B,27.56%,$6473,$4914,$1559,$0,$686,$5600,$873,$-61,$812,$257,$555,$555,$555,$982,$873,$175,176,$3.18,$3.16,$1383,$1039,$0,$6864,$3802,$0,$12453,$1309,$18949,$25813,$6186,$6219,$823,$13708,$19894,$174,$11087,$-5342,$5919,$25813,$1205,$213,$3,$216,$-509,$-54,$0,$-662,$-1307,$68,$-433,$0,$0,$0,$0,$0,$7,$-426,$0,$0,$0,$-367,$-367,$-341,$-92,$-800,$-1158,$42,$-341
6,2017-03-31,233.65,$31.82,7.34,$139.17,1.68,$10.92,21.39,$12.79,18.27,$6.57B,$5.17B,1.27,$7.06B,$5.56B,1.27,$24.96B,$5.94B,23.80%,$24.96B,$3.32B,13.28%,$24.96B,$3.32B,13.28%,$24.96B,$3.77B,15.11%,$24.96B,$3.04B,12.16%,$24.96B,$2.29B,9.19%,$2.29B,$5.56B,41.21%,$2.29B,$-6.90B,-33.29%,$2.29B,$25.41B,9.25%,$3.32B,$12.62B,26.98%,$6410,$4850,$1560,$0,$698,$5548,$862,$-74,$788,$138,$650,$650,$650,$966,$862,$175,176,$3.72,$3.69,$1403,$933,$0,$6568,$3656,$0,$12454,$1319,$18845,$25413,$5168,$7060,$881,$14687,$19855,$175,$10824,$-5441,$5558,$25413,$650,$104,$8,$112,$-317,$-27,$0,$-632,$-1181,$-439,$-216,$0,$0,$0,$0,$0,$2,$-214,$0,$0,$0,$-229,$-229,$-166,$-90,$-485,$-1138,$17,$-166
7,2016-12-31,227.64,$30.04,7.58,$135.24,1.68,$12.69,17.94,$12.19,18.67,$6.86B,$5.63B,1.22,$7.06B,$5.26B,1.34,$24.51B,$5.78B,23.57%,$24.51B,$3.19B,13.03%,$24.51B,$3.19B,13.03%,$24.51B,$3.65B,14.89%,$24.51B,$2.92B,11.93%,$24.51B,$2.20B,8.98%,$2.20B,$5.26B,39.41%,$2.20B,$-7.19B,-31.99%,$2.20B,$25.61B,9.00%,$3.19B,$12.32B,26.31%,$6397,$4920,$1477,$0,$646,$5566,$831,$-83,$748,$223,$525,$525,$525,$965,$831,$179,181,$2.98,$2.96,$2541,$816,$0,$6856,$3588,$0,$12450,$1258,$18758,$25614,$5630,$7058,$849,$14725,$20355,$175,$10630,$-5546,$5259,$25614,$2200,$456,$129,$585,$-461,$-15,$0,$283,$153,$2813,$-920,$0,$0,$0,$0,$0,$115,$-805,$563,$0,$563,$-1547,$-1547,$-640,$-162,$-1786,$222,$93,$-640
8,2016-09-30,208.66,$32.62,6.4,$129.52,1.61,$11.03,18.92,$11.72,17.8,$5.77B,$5.11B,1.13,$6.39B,$5.77B,1.11,$23.81B,$5.62B,23.59%,$23.81B,$3.05B,12.82%,$23.81B,$3.05B,12.82%,$23.81B,$3.51B,14.75%,$23.81B,$2.80B,11.75%,$23.81B,$2.13B,8.96%,$2.13B,$5.77B,37.78%,$2.13B,$-6.70B,-31.32%,$2.13B,$24.10B,8.84%,$3.05B,$12.15B,25.35%,$6155,$4667,$1488,$0,$662,$5329,$826,$-57,$769,$167,$602,$602,$602,$939,$826,$178,180,$3.38,$3.35,$1103,$797,$0,$5771,$3334,$0,$12464,$1292,$18329,$24100,$5106,$6387,$831,$13227,$18333,$177,$10628,$-5038,$5767,$24100,$1675,$322,$48,$370,$-830,$14,$0,$174,$-716,$1282,$-608,$0,$0,$0,$0,$0,$3,$-605,$-107,$0,$-107,$-1149,$-1149,$-482,$-155,$-1893,$-1216,$61,$-482
9,2016-06-30,215.87,$31.75,6.8,$127.07,1.7,$8.31,25.97,$11.12,19.41,$5.78B,$5.10B,1.13,$6.39B,$5.68B,1.12,$23.63B,$5.59B,23.64%,$23.63B,$3.02B,12.78%,$23.63B,$3.02B,12.78%,$23.63B,$3.48B,14.72%,$23.63B,$2.76B,11.66%,$23.63B,$2.05B,8.67%,$2.05B,$5.68B,36.37%,$2.05B,$-6.78B,-29.98%,$2.05B,$24.08B,8.50%,$3.02B,$12.07B,25.11%,$6000,$4583,$1417,$0,$620,$5203,$797,$-67,$730,$213,$517,$517,$517,$903,$797,$180,182,$2.87,$2.85,$1139,$973,$0,$5781,$3299,$0,$12463,$1163,$18300,$24081,$5099,$6387,$853,$13301,$18400,$179,$10634,$-5132,$5681,$24081,$1073,$209,$-52,$157,$-647,$-170,$0,$216,$-663,$544,$-471,$0,$0,$0,$0,$0,$2,$-469,$-107,$0,$-107,$-682,$-682,$-322,$-144,$-1255,$-1180,$37,$-322
10,2016-03-31,191.39,$31.08,6.16,$124.45,1.54,$6.57,29.13,$11.01,17.38,$5.71B,$4.96B,1.15,$6.39B,$5.62B,1.14,$23.53B,$5.62B,23.90%,$23.53B,$3.04B,12.90%,$23.53B,$3.04B,12.90%,$23.53B,$3.51B,14.90%,$23.53B,$2.76B,11.74%,$23.53B,$2.06B,8.77%,$2.06B,$5.62B,35.84%,$2.06B,$-6.84B,-30.74%,$2.06B,$23.93B,8.51%,$3.04B,$12.01B,24.97%,$5956,$4561,$1395,$0,$656,$5217,$739,$-63,$676,$120,$556,$556,$556,$842,$739,$181,183,$3.07,$3.03,$1277,$898,$0,$5706,$3230,$0,$12462,$1152,$18227,$23933,$4955,$6387,$853,$13357,$18312,$181,$10664,$-5224,$5621,$23933,$556,$103,$-21,$82,$-514,$-89,$0,$101,$-692,$-60,$-298,$0,$0,$0,$0,$0,$0,$-298,$-107,$0,$-107,$-282,$-282,$-159,$-136,$-684,$-1042,$14,$-159
11,2015-12-31,181.84,$30.46,5.97,$121.69,1.49,$4.68,38.89,$10.39,17.5,$6.33B,$5.46B,1.16,$6.39B,$5.52B,1.16,$23.53B,$5.64B,23.98%,$23.53B,$3.08B,13.07%,$23.53B,$3.08B,13.07%,$23.53B,$3.54B,15.06%,$23.53B,$2.79B,11.86%,$23.53B,$1.99B,8.46%,$1.99B,$5.52B,32.98%,$1.99B,$-6.94B,-30.96%,$1.99B,$24.42B,8.11%,$3.08B,$11.91B,24.72%,$5694,$4378,$1316,$0,$627,$5005,$689,$-68,$621,$162,$459,$459,$459,$827,$689,$189,192,$2.51,$2.49,$2319,$807,$0,$6334,$3064,$0,$12460,$1157,$18090,$24424,$5457,$6386,$887,$13445,$18902,$181,$10661,$-5320,$5522,$24424,$1990,$467,$568,$1035,$-30,$-80,$0,$-220,$-827,$2162,$-471,$0,$0,$0,$0,$0,$40,$-431,$600,$0,$600,$-3182,$-3182,$-603,$-90,$-3275,$-1544,$99,$-603
12,2015-09-30,159.15,$31.16,5.11,$120.77,1.32,$5.43,29.31,$10.38,15.33,$5.95B,$5.13B,1.16,$6.42B,$5.70B,1.13,$23.94B,$5.78B,24.15%,$23.94B,$3.15B,13.15%,$23.94B,$3.15B,13.15%,$23.94B,$3.62B,15.11%,$23.94B,$2.87B,11.99%,$23.94B,$2.04B,8.51%,$2.04B,$5.70B,31.52%,$2.04B,$-6.76B,-33.95%,$2.04B,$23.97B,8.12%,$3.15B,$12.11B,24.68%,$5979,$4522,$1457,$0,$663,$5185,$794,$-65,$729,$213,$516,$516,$516,$907,$794,$186,188,$2.78,$2.75,$1292,$856,$0,$5951,$3005,$0,$12458,$1200,$18015,$23966,$5133,$6417,$941,$13136,$18269,$183,$10613,$-5099,$5697,$23966,$1531,$329,$124,$453,$-463,$-130,$0,$-291,$-1439,$529,$-334,$0,$0,$0,$0,$0,$36,$-298,$600,$0,$600,$-2864,$-2864,$-458,$-80,$-2802,$-2571,$70,$-458
13,2015-06-30,151.4,$32.76,4.62,$117.55,1.29,$8.30,18.23,$9.89,15.31,$6.46B,$5.15B,1.25,$6.42B,$6.17B,1.04,$23.95B,$5.67B,23.69%,$23.95B,$3.12B,13.05%,$23.95B,$3.12B,13.05%,$23.95B,$3.59B,14.97%,$23.95B,$2.84B,11.84%,$23.95B,$1.99B,8.33%,$1.99B,$6.17B,26.55%,$1.99B,$-6.29B,-40.26%,$1.99B,$24.55B,7.86%,$3.12B,$12.59B,22.83%,$5896,$4442,$1454,$0,$641,$5083,$813,$-77,$736,$205,$531,$531,$531,$930,$813,$192,194,$2.77,$2.74,$1907,$856,$0,$6460,$3005,$0,$12464,$1240,$18092,$24552,$5154,$6417,$939,$13227,$18381,$188,$11164,$-5181,$6171,$24552,$1015,$216,$80,$296,$-344,$-117,$0,$-330,$-1347,$-28,$-232,$0,$0,$0,$0,$0,$-2,$-234,$600,$0,$600,$-1916,$-1916,$-309,$-69,$-1694,$-1956,$47,$-309
14,2015-03-31,152.86,$34.59,4.42,$115.17,1.33,$9.62,15.89,$9.52,16.06,$7.14B,$5.28B,1.35,$6.42B,$6.75B,0.95,$24.09B,$5.63B,23.37%,$24.09B,$3.13B,13.00%,$24.09B,$3.13B,13.00%,$24.09B,$3.58B,14.87%,$24.09B,$2.86B,11.85%,$24.09B,$1.97B,8.19%,$1.97B,$6.75B,23.13%,$1.97B,$-5.72B,-50.24%,$1.97B,$25.27B,7.72%,$3.13B,$13.17B,21.47%,$5957,$4542,$1415,$0,$635,$5177,$780,$-76,$704,$220,$484,$484,$484,$879,$780,$198,201,$2.45,$2.41,$2646,$818,$0,$7143,$2989,$0,$12464,$1277,$18123,$25266,$5284,$6418,$854,$13234,$18518,$195,$11843,$-5290,$6748,$25266,$484,$99,$123,$222,$-325,$-76,$0,$-424,$-1348,$-654,$-117,$0,$0,$0,$0,$0,$2,$-115,$600,$0,$600,$-825,$-825,$-156,$-67,$-448,$-1217,$24,$-156
15,2014-12-31,139.39,$36.37,3.83,$112.00,1.24,$11.37,12.26,$9.74,14.31,$7.78B,$5.89B,1.32,$5.93B,$7.24B,0.82,$23.98B,$5.60B,23.36%,$23.98B,$3.20B,13.33%,$23.98B,$3.20B,13.33%,$23.98B,$3.66B,15.26%,$23.98B,$2.94B,12.25%,$23.98B,$2.07B,8.63%,$2.07B,$7.24B,21.80%,$2.07B,$-5.23B,-69.55%,$2.07B,$26.57B,8.07%,$3.20B,$13.16B,20.73%,$6108,$4653,$1455,$0,$693,$5346,$762,$-61,$701,$195,$506,$506,$506,$902,$762,$209,212,$2.53,$2.49,$3863,$742,$0,$7780,$2991,$0,$12466,$1309,$18792,$26572,$5892,$5925,$965,$13445,$19337,$199,$12392,$-5356,$7235,$26572,$2069,$462,$269,$731,$-105,$-24,$0,$-4,$-138,$2593,$-561,$0,$0,$0,$0,$0,$-84,$-645,$0,$0,$0,$-2668,$-2668,$-563,$-4,$-3235,$-1287,$134,$-563
16,2014-09-30,123.99,$48.69,2.55,$109.52,1.13,$10.85,11.43,$9.38,13.22,$8.12B,$5.51B,1.47,$5.93B,$9.89B,0.6,$24.03B,$5.48B,22.79%,$24.03B,$3.20B,13.33%,$24.03B,$3.20B,13.33%,$24.03B,$3.67B,15.29%,$24.03B,$2.94B,12.25%,$24.03B,$2.04B,8.49%,$2.04B,$9.89B,19.74%,$2.04B,$-2.57B,-96.19%,$2.04B,$25.04B,7.98%,$3.20B,$15.82B,19.69%,$5984,$4635,$1349,$0,$580,$5215,$769,$-75,$694,$221,$473,$473,$473,$874,$769,$206,209,$2.29,$2.26,$3402,$671,$0,$8122,$2845,$0,$12463,$1484,$16921,$25043,$5511,$5926,$938,$9639,$15150,$203,$12568,$-2878,$9893,$25043,$1563,$322,$94,$416,$-531,$43,$0,$-25,$-826,$1103,$-285,$0,$0,$0,$0,$0,$-72,$-357,$0,$0,$0,$-2058,$-2058,$-423,$-13,$-2494,$-1748,$93,$-423
17,2014-06-30,111.96,$49.10,2.28,$107.17,1.04,$11.67,9.6,$9.26,12.09,$8.39B,$5.41B,1.55,$5.93B,$10.27B,0.58,$24.15B,$5.47B,22.65%,$24.15B,$3.22B,13.35%,$24.15B,$3.22B,13.35%,$24.15B,$3.71B,15.36%,$24.15B,$2.97B,12.29%,$24.15B,$2.07B,8.55%,$2.07B,$10.27B,20.24%,$2.07B,$-2.20B,-91.79%,$2.07B,$25.35B,7.89%,$3.22B,$16.20B,19.98%,$6039,$4629,$1410,$0,$590,$5219,$820,$-64,$756,$245,$511,$511,$511,$928,$820,$212,215,$2.41,$2.37,$3476,$741,$0,$8390,$2818,$0,$12468,$1495,$16961,$25351,$5414,$5927,$922,$9669,$15083,$209,$12945,$-2886,$10268,$25351,$1090,$217,$-2,$215,$-577,$-33,$0,$-15,$-1110,$170,$-176,$0,$0,$0,$0,$0,$-72,$-248,$0,$0,$0,$-1301,$-1301,$-280,$-15,$-1596,$-1674,$51,$-280
18,2014-03-31,114.8,$49.16,2.34,$105.61,1.09,$12.71,9.03,$8.94,12.84,$8.60B,$5.27B,1.63,$5.93B,$10.57B,0.56,$24.41B,$5.45B,22.33%,$24.41B,$3.21B,13.15%,$24.41B,$3.21B,13.15%,$24.41B,$3.70B,15.17%,$24.41B,$2.94B,12.03%,$24.41B,$2.04B,8.37%,$2.04B,$10.57B,20.37%,$2.04B,$-1.90B,-84.40%,$2.04B,$25.54B,7.65%,$3.21B,$16.50B,20.11%,$5848,$4461,$1387,$0,$542,$5003,$845,$-59,$786,$207,$579,$579,$579,$954,$845,$216,220,$2.68,$2.63,$3885,$781,$0,$8604,$2793,$0,$12468,$1471,$16931,$25535,$5271,$5927,$894,$9695,$14966,$215,$12983,$-2921,$10569,$25535,$579,$109,$-6,$103,$-531,$-66,$0,$8,$-1065,$-402,$-60,$0,$0,$0,$0,$0,$-72,$-132,$0,$0,$0,$-570,$-570,$-132,$-29,$-731,$-1265,$22,$-132
19,2013-12-31,106.1,$48.81,2.17,$104.40,1.02,$14.65,7.24,$8.34,12.72,$9.49B,$5.82B,1.63,$5.93B,$10.62B,0.56,$24.66B,$5.38B,21.81%,$24.66B,$3.12B,12.66%,$24.66B,$3.12B,12.66%,$24.66B,$3.62B,14.67%,$24.66B,$2.86B,11.61%,$24.66B,$1.95B,7.92%,$1.95B,$10.62B,20.02%,$1.95B,$-1.82B,-72.65%,$1.95B,$26.38B,7.28%,$3.12B,$16.55B,20.57%,$6157,$4828,$1329,$0,$561,$5389,$768,$-61,$707,$229,$478,$478,$478,$918,$768,$230,234,$2.16,$2.13,$5150,$698,$0,$9488,$2806,$0,$12438,$1440,$16893,$26381,$5815,$5928,$1064,$9946,$15761,$218,$12538,$-2984,$10620,$26381,$1952,$495,$229,$724,$171,$101,$0,$-332,$-227,$2483,$-364,$0,$0,$0,$0,$0,$18,$-346,$1964,$0,$1964,$-2371,$-2371,$-545,$103,$-849,$1288,$144,$-545
20,2013-09-30,87.72,$41.81,2.1,$103.64,0.85,$14.70,5.97,$8.36,10.49,$9.59B,$5.76B,1.67,$5.93B,$9.36B,0.63,$24.98B,$5.61B,22.46%,$24.98B,$3.18B,12.73%,$24.98B,$3.18B,12.73%,$24.98B,$3.66B,14.66%,$24.98B,$2.94B,11.78%,$24.98B,$2.01B,8.03%,$2.01B,$9.36B,21.18%,$2.01B,$-3.08B,-67.77%,$2.01B,$27.41B,7.48%,$3.18B,$15.28B,22.07%,$6106,$4761,$1345,$0,$555,$5316,$790,$-70,$720,$223,$497,$497,$497,$910,$790,$228,233,$2.18,$2.14,$4944,$784,$0,$9591,$2763,$0,$12438,$1339,$17814,$27405,$5762,$5928,$985,$12287,$18049,$224,$12196,$-4543,$9356,$27405,$1474,$345,$170,$515,$-147,$10,$0,$-384,$-725,$1279,$-178,$0,$0,$0,$0,$0,$9,$-169,$1964,$0,$1964,$-1661,$-1661,$-411,$80,$-28,$1082,$118,$-411
21,2013-06-30,75.75,$41.41,1.83,$102.26,0.74,$15.47,4.9,$8.04,9.42,$9.56B,$5.64B,1.7,$5.93B,$9.56B,0.62,$25.14B,$5.57B,22.17%,$25.14B,$3.13B,12.43%,$25.14B,$3.13B,12.43%,$25.14B,$3.62B,14.39%,$25.14B,$2.92B,11.61%,$25.14B,$1.97B,7.83%,$1.97B,$9.56B,19.95%,$1.97B,$-2.88B,-77.29%,$1.97B,$27.51B,7.48%,$3.13B,$15.49B,21.85%,$6294,$4906,$1388,$0,$582,$5488,$806,$-82,$724,$236,$488,$488,$488,$921,$806,$234,238,$2.09,$2.05,$4904,$745,$0,$9564,$2783,$0,$12437,$1295,$17944,$27508,$5639,$5929,$956,$12311,$17950,$231,$11838,$-4635,$9558,$27508,$977,$225,$77,$302,$-268,$62,$0,$-391,$-967,$329,$-88,$0,$0,$0,$0,$0,$6,$-82,$1964,$0,$1964,$-921,$-921,$-272,$24,$795,$1042,$71,$-272
22,2013-03-31,63.69,$40.28,1.58,$100.39,0.63,$16.96,3.76,$7.87,8.09,$7.85B,$5.56B,1.41,$3.94B,$9.47B,0.42,$25.12B,$5.54B,22.05%,$25.12B,$3.09B,12.31%,$25.12B,$3.09B,12.31%,$25.12B,$3.59B,14.30%,$25.12B,$2.92B,11.63%,$25.12B,$1.96B,7.81%,$1.96B,$9.47B,19.30%,$1.96B,$-2.97B,-87.74%,$1.96B,$25.91B,7.62%,$3.09B,$13.41B,21.95%,$6104,$4787,$1317,$0,$558,$5345,$759,$-47,$712,$223,$489,$489,$489,$869,$759,$236,241,$2.07,$2.03,$3183,$930,$0,$7846,$2829,$0,$12437,$1292,$18068,$25914,$5555,$3937,$928,$10890,$16445,$235,$11496,$-4723,$9469,$25914,$489,$110,$38,$148,$-195,$-125,$0,$62,$-609,$1,$-40,$0,$0,$0,$0,$0,$2,$-38,$0,$0,$0,$-456,$-456,$-130,$-56,$-642,$-679,$24,$-130
23,2012-12-31,60.85,$39.77,1.53,$99.08,0.61,$16.40,3.71,$7.80,7.8,$8.39B,$6.06B,1.39,$3.93B,$9.51B,0.41,$25.22B,$5.58B,22.13%,$25.22B,$3.13B,12.41%,$25.22B,$3.13B,12.41%,$25.22B,$3.64B,14.43%,$25.22B,$2.97B,11.76%,$25.22B,$1.98B,7.84%,$1.98B,$9.51B,18.97%,$1.98B,$-2.92B,-101.37%,$1.98B,$26.54B,7.75%,$3.13B,$13.44B,21.80%,$6476,$4915,$1561,$0,$737,$5652,$824,$-37,$787,$254,$533,$533,$533,$963,$824,$249,253,$2.19,$2.15,$3862,$798,$0,$8392,$2887,$0,$12431,$1291,$18151,$26543,$6056,$3930,$958,$10973,$17029,$239,$11138,$-4787,$9514,$26543,$1978,$510,$216,$726,$90,$46,$0,$-136,$-52,$2640,$-331,$0,$0,$250,$0,$250,$-3,$-84,$0,$0,$0,$-1316,$-1316,$-535,$155,$-1696,$860,$183,$-535
24,2012-09-30,59.31,$44.56,1.33,$96.63,0.61,$13.05,4.54,$7.75,7.65,$7.90B,$5.69B,1.39,$3.93B,$10.95B,0.36,$25.25B,$5.46B,21.61%,$25.25B,$3.11B,12.30%,$25.25B,$3.11B,12.30%,$25.25B,$3.63B,14.39%,$25.25B,$2.96B,11.72%,$25.25B,$1.99B,7.89%,$1.99B,$10.95B,18.74%,$1.99B,$-1.43B,-115.10%,$1.99B,$25.26B,7.90%,$3.11B,$14.88B,21.31%,$6270,$4962,$1308,$0,$572,$5534,$736,$-41,$695,$236,$459,$459,$459,$864,$736,$247,252,$1.86,$1.82,$3525,$627,$0,$7902,$2895,$0,$12373,$1412,$17360,$25262,$5690,$3931,$940,$8625,$14315,$246,$10739,$-3334,$10947,$25262,$1445,$371,$117,$488,$-27,$224,$0,$-189,$-330,$1583,$-196,$0,$0,$250,$0,$250,$7,$61,$0,$0,$0,$-693,$-693,$-401,$-27,$-1121,$523,$111,$-401
25,2012-06-30,56.49,$43.20,1.31,$95.43,0.59,$9.23,6.12,$7.79,7.25,$7.70B,$5.61B,1.37,$3.93B,$10.72B,0.37,$25.59B,$5.56B,21.73%,$25.59B,$3.19B,12.48%,$25.59B,$3.19B,12.48%,$25.59B,$3.73B,14.56%,$25.59B,$3.02B,11.80%,$25.59B,$2.05B,8.03%,$2.05B,$10.72B,18.87%,$2.05B,$-1.63B,-134.93%,$2.05B,$25.23B,8.15%,$3.19B,$14.65B,21.55%,$6274,$4920,$1354,$0,$580,$5500,$774,$-47,$727,$247,$480,$480,$480,$897,$774,$251,255,$1.91,$1.88,$3148,$704,$0,$7700,$2935,$0,$12344,$1409,$17526,$25226,$5608,$3932,$904,$8903,$14511,$248,$10419,$-3395,$10715,$25226,$986,$243,$26,$269,$-175,$143,$0,$42,$-465,$771,$-132,$0,$0,$250,$0,$250,$44,$162,$0,$0,$0,$-488,$-488,$-265,$-34,$-787,$146,$76,$-265
26,2012-03-31,53.59,$41.79,1.28,$93.64,0.57,$5.43,9.88,$7.72,6.94,$7.36B,$5.59B,1.32,$3.93B,$10.54B,0.37,$25.88B,$5.60B,21.66%,$25.88B,$3.26B,12.60%,$25.88B,$3.26B,12.60%,$25.88B,$3.80B,14.70%,$25.88B,$3.08B,11.91%,$25.88B,$2.09B,8.09%,$2.09B,$10.54B,18.62%,$2.09B,$-1.83B,-172.31%,$2.09B,$25.05B,8.30%,$3.26B,$14.47B,21.48%,$6198,$4841,$1357,$0,$561,$5402,$796,$-40,$756,$250,$506,$506,$506,$916,$796,$253,258,$2.00,$1.96,$2682,$804,$0,$7360,$2993,$0,$12374,$1431,$17693,$25053,$5594,$3933,$905,$8918,$14512,$252,$10077,$-3434,$10541,$25053,$506,$120,$-1,$119,$-267,$60,$0,$-42,$-715,$-105,$-81,$0,$0,$250,$0,$250,$0,$169,$0,$0,$0,$-223,$-223,$-127,$-34,$-384,$-320,$26,$-127
27,2011-12-31,50.88,$40.71,1.25,$92.30,0.55,$5.33,9.55,$7.54,6.75,$7.75B,$6.14B,1.26,$3.94B,$10.34B,0.38,$26.41B,$5.63B,21.30%,$26.41B,$3.28B,12.40%,$26.41B,$3.28B,12.40%,$26.41B,$3.82B,14.46%,$26.41B,$3.08B,11.67%,$26.41B,$2.12B,8.02%,$2.12B,$10.34B,17.98%,$2.12B,$-2.04B,-291.13%,$2.12B,$25.41B,8.25%,$3.28B,$14.27B,20.85%,$6506,$5070,$1436,$0,$637,$5707,$799,$-17,$782,$232,$550,$550,$548,$956,$799,$277,282,$2.10,$2.06,$3002,$873,$0,$7746,$3047,$0,$12374,$1344,$17665,$25411,$6135,$3935,$926,$8940,$15075,$254,$9699,$-3490,$10336,$25411,$2118,$544,$300,$844,$350,$-2,$0,$-888,$-913,$2115,$-492,$0,$0,$-250,$0,$-250,$1422,$680,$-768,$0,$-768,$-2194,$-2194,$-543,$11,$-3494,$-699,$140,$-543
28,2011-09-30,44.97,$45.01,1.0,$92.12,0.49,$5.77,7.79,$6.72,6.69,$7.69B,$5.72B,1.34,$3.94B,$11.95B,0.33,$26.81B,$5.51B,20.56%,$26.81B,$3.15B,11.76%,$26.81B,$3.15B,11.76%,$26.81B,$3.70B,13.80%,$26.81B,$2.71B,10.11%,$26.81B,$1.95B,7.26%,$1.95B,$11.95B,15.50%,$1.95B,$-0.59B,-194600.00%,$1.95B,$25.10B,7.16%,$3.15B,$15.89B,19.11%,$6612,$5198,$1414,$0,$589,$5787,$825,$-70,$755,$235,$520,$520,$520,$957,$825,$275,279,$1.89,$1.86,$2946,$884,$0,$7686,$3010,$0,$12540,$1022,$17414,$25100,$5721,$3936,$901,$7428,$13149,$266,$9401,$-2176,$11951,$25100,$1570,$387,$12,$399,$-20,$22,$0,$-405,$-1247,$794,$-326,$0,$0,$0,$0,$0,$1415,$1089,$-750,$0,$-750,$-1501,$-1501,$-414,$27,$-2638,$-755,$97,$-414
29,2011-06-30,59.2,$43.70,1.35,$92.21,0.64,$6.66,8.88,$6.53,9.07,$7.81B,$5.80B,1.35,$3.94B,$12.15B,0.32,$27.27B,$5.40B,19.79%,$27.27B,$3.05B,11.19%,$27.27B,$3.05B,11.19%,$27.27B,$3.60B,13.21%,$27.27B,$2.63B,9.64%,$27.27B,$1.92B,7.05%,$1.92B,$12.15B,14.95%,$1.92B,$-0.40B,-1427.09%,$1.92B,$25.38B,6.76%,$3.05B,$16.09B,18.29%,$6560,$5163,$1397,$0,$556,$5719,$841,$-53,$788,$268,$520,$520,$520,$975,$841,$283,287,$1.84,$1.81,$2810,$902,$0,$7814,$3028,$0,$12550,$1086,$17563,$25377,$5795,$3937,$899,$7433,$13228,$278,$9018,$-2173,$12149,$25377,$1050,$255,$-142,$113,$-164,$6,$0,$-435,$-1341,$-154,$-217,$0,$0,$0,$0,$0,$1407,$1190,$-750,$0,$-750,$-927,$-927,$-277,$27,$-1927,$-891,$66,$-277
30,2011-03-31,53.12,$43.33,1.23,$93.25,0.57,$7.66,6.93,$7.06,7.52,$9.07B,$6.16B,1.47,$3.94B,$12.68B,0.31,$27.96B,$5.37B,19.20%,$27.96B,$2.96B,10.58%,$27.96B,$2.96B,10.58%,$27.96B,$3.51B,12.54%,$27.96B,$2.52B,8.99%,$27.96B,$2.11B,7.56%,$2.11B,$12.68B,16.20%,$2.11B,$0.12B,-536.89%,$2.11B,$26.79B,7.16%,$2.96B,$16.62B,17.68%,$6734,$5355,$1379,$0,$568,$5923,$811,$-53,$758,$262,$496,$496,$530,$932,$811,$292,297,$1.82,$1.79,$4019,$859,$0,$9071,$3046,$0,$12559,$1090,$17719,$26790,$6161,$3939,$916,$7952,$14113,$293,$8637,$-2187,$12677,$26790,$530,$121,$-223,$-102,$-245,$30,$0,$31,$-522,$-120,$-123,$0,$0,$0,$0,$0,$1404,$1281,$-750,$0,$-750,$30,$30,$-137,$14,$-843,$318,$33,$-137
31,2010-12-31,49.47,$46.18,1.07,$93.15,0.53,$6.41,7.72,$6.81,7.26,$13.77B,$10.03B,1.37,$3.94B,$13.44B,0.29,$28.14B,$5.29B,18.81%,$28.14B,$2.83B,10.05%,$28.14B,$2.83B,10.05%,$28.14B,$3.38B,12.02%,$28.14B,$2.37B,8.41%,$28.14B,$2.05B,7.29%,$2.05B,$13.44B,15.74%,$2.05B,$0.87B,-240.40%,$2.05B,$31.41B,6.78%,$2.83B,$17.38B,17.02%,$6903,$5580,$1323,$0,$648,$6228,$675,$-265,$410,$104,$306,$306,$376,$835,$675,$297,301,$1.30,$1.28,$3701,$896,$5212,$13774,$3045,$0,$12568,$1075,$17636,$31410,$10027,$3940,$918,$7947,$17974,$291,$8124,$-2757,$13436,$31410,$2053,$555,$654,$1209,$-471,$-64,$0,$-318,$-809,$2453,$-585,$0,$0,$-2,$0,$-2,$-173,$-760,$473,$0,$473,$-1035,$-1035,$-545,$-159,$-1266,$427,$136,$-545
32,2010-09-30,45.95,$45.15,1.02,$78.95,0.58,$5.34,8.61,$6.85,6.71,$9.00B,$7.76B,1.16,$3.44B,$13.19B,0.26,$24.06B,$4.76B,19.79%,$24.06B,$2.57B,10.70%,$24.06B,$2.57B,10.70%,$24.06B,$2.98B,12.39%,$24.06B,$2.33B,9.69%,$24.06B,$2.09B,8.69%,$2.09B,$13.19B,16.26%,$2.09B,$-1.12B,-139.64%,$2.09B,$30.18B,6.97%,$2.57B,$16.63B,15.62%,$7071,$5774,$1297,$0,$574,$6348,$723,$-51,$672,$224,$448,$448,$497,$859,$723,$294,298,$1.69,$1.67,$2528,$1193,$0,$9003,$4767,$0,$14318,$1110,$21173,$30176,$7763,$3437,$1271,$9219,$16982,$292,$8005,$-2930,$13194,$30176,$1677,$395,$247,$642,$-558,$-46,$0,$-63,$-1205,$1066,$-301,$0,$0,$0,$0,$0,$-80,$-381,$-91,$0,$-91,$-948,$-948,$-408,$15,$-1432,$-747,$103,$-408
33,2010-06-30,40.91,$43.74,0.94,$81.24,0.5,$5.16,7.93,$6.71,6.1,$8.38B,$7.67B,1.09,$3.44B,$12.90B,0.27,$25.34B,$4.83B,19.05%,$25.34B,$2.47B,9.75%,$25.34B,$2.47B,9.75%,$25.34B,$2.93B,11.55%,$25.34B,$2.24B,8.85%,$25.34B,$2.08B,8.22%,$2.08B,$12.90B,16.45%,$2.08B,$-1.44B,-106.02%,$2.08B,$29.69B,6.91%,$2.47B,$16.34B,14.99%,$7255,$5884,$1371,$0,$621,$6505,$750,$-75,$675,$-65,$740,$740,$711,$880,$750,$300,304,$2.37,$2.34,$2044,$1148,$0,$8384,$4763,$0,$14340,$1055,$21310,$29694,$7666,$3438,$1200,$9125,$16791,$295,$7646,$-2987,$12903,$29694,$1180,$259,$39,$298,$-589,$-23,$0,$-140,$-1369,$88,$-178,$0,$13,$0,$0,$0,$-53,$-218,$-90,$0,$-90,$-752,$-752,$-270,$11,$-1101,$-1231,$69,$-270
34,2010-03-31,48.89,$42.02,1.16,$83.58,0.58,$6.56,7.45,$5.58,8.76,$8.37B,$7.49B,1.12,$3.44B,$12.64B,0.27,$26.63B,$4.81B,18.07%,$26.63B,$2.33B,8.76%,$26.63B,$2.33B,8.76%,$26.63B,$2.84B,10.66%,$26.63B,$2.13B,7.98%,$26.63B,$1.77B,6.63%,$1.77B,$12.64B,14.14%,$1.77B,$-1.72B,-72.87%,$1.77B,$29.76B,5.84%,$2.33B,$16.08B,14.34%,$6914,$5611,$1303,$0,$624,$6235,$679,$-70,$609,$199,$410,$410,$469,$808,$679,$303,306,$1.55,$1.53,$1961,$1289,$0,$8369,$4797,$0,$14363,$1046,$21393,$29762,$7488,$3440,$1471,$9634,$17122,$301,$7077,$-3002,$12640,$29762,$469,$129,$-119,$10,$-713,$-87,$0,$82,$-1010,$-531,$-103,$0,$0,$0,$0,$0,$-32,$-135,$-89,$2,$-87,$-437,$-437,$-129,$5,$-648,$-1314,$38,$-129
35,2009-12-31,41.35,$41.34,1.0,$84.89,0.49,$7.63,5.42,$5.22,7.92,$8.64B,$6.99B,1.24,$4.19B,$12.69B,0.33,$27.65B,$4.85B,17.52%,$27.65B,$2.27B,8.22%,$27.65B,$2.27B,8.22%,$27.65B,$2.82B,10.21%,$27.65B,$2.07B,7.49%,$27.65B,$1.69B,6.10%,$1.69B,$12.69B,13.66%,$1.69B,$-1.70B,-59.37%,$1.69B,$30.25B,5.56%,$2.27B,$16.88B,14.11%,$2820,$2030,$790,$0,$368,$2398,$422,$-47,$375,$139,$236,$236,$413,$435,$422,$319,323,$1.32,$1.30,$3275,$1170,$0,$8635,$4868,$0,$14390,$1049,$21617,$30252,$6985,$4191,$1515,$10580,$17565,$307,$6737,$-3014,$12687,$30252,$1686,$550,$-235,$315,$345,$-133,$0,$56,$200,$2133,$-473,$0,$1650,$0,$0,$0,$-311,$866,$369,$0,$369,$-1049,$-1049,$-539,$-10,$-1229,$1770,$105,$-539
36,2009-09-30,38.03,$39.49,0.96,$98.83,0.38,$10.06,3.78,$-3.68,0.0,$8.08B,$7.27B,1.11,$4.19B,$12.43B,0.34,$32.41B,$5.63B,17.38%,$32.41B,$-0.45B,-1.39%,$32.41B,$-0.45B,-1.39%,$32.41B,$3.34B,10.30%,$32.41B,$-0.72B,-2.21%,$32.41B,$-1.26B,-3.89%,$-1.26B,$12.43B,-10.37%,$-1.26B,$-3.00B,41.34%,$-1.26B,$30.85B,-4.15%,$-0.45B,$16.62B,-2.87%,$8350,$6987,$1363,$0,$744,$7731,$619,$-35,$584,$120,$464,$464,$490,$803,$619,$317,321,$1.55,$1.53,$1924,$1243,$0,$8084,$4775,$0,$15425,$988,$22761,$30845,$7270,$4194,$1603,$11146,$18416,$315,$6457,$-3404,$12429,$30845,$1273,$537,$282,$819,$-64,$-239,$0,$-247,$-890,$1202,$-436,$0,$-33,$0,$0,$0,$-70,$-539,$777,$4,$781,$-621,$-621,$-405,$2,$-243,$420,$83,$-405
37,2009-06-30,33.28,$38.19,0.87,$97.43,0.34,$12.75,2.61,$-3.70,0.0,$7.26B,$7.24B,1.0,$3.35B,$12.19B,0.28,$32.44B,$5.83B,17.96%,$32.44B,$-0.30B,-0.92%,$32.44B,$-0.30B,-0.92%,$32.44B,$3.48B,10.74%,$32.44B,$-0.56B,-1.72%,$32.44B,$-1.24B,-3.82%,$-1.24B,$12.19B,-9.22%,$-1.24B,$-3.27B,49.17%,$-1.24B,$30.15B,-4.00%,$-0.30B,$15.54B,-1.77%,$8545,$7190,$1355,$0,$741,$7931,$614,$-57,$557,$189,$368,$368,$394,$793,$614,$322,326,$1.22,$1.21,$1056,$1099,$0,$7256,$4778,$0,$15461,$947,$22892,$30148,$7243,$3348,$1552,$10716,$17959,$319,$6104,$-3477,$12189,$30148,$783,$353,$203,$556,$-347,$-96,$0,$97,$-681,$658,$-297,$0,$-33,$0,$0,$0,$-32,$-362,$-72,$3,$-69,$-406,$-406,$-269,$0,$-744,$-448,$55,$-269
38,2009-03-31,31.51,$37.14,0.85,$96.28,0.33,$13.17,2.39,$-3.47,0.0,$7.25B,$7.51B,0.97,$3.35B,$12.06B,0.28,$32.53B,$6.08B,18.68%,$32.53B,$-0.11B,-0.33%,$32.53B,$-0.11B,-0.33%,$32.53B,$3.68B,11.33%,$32.53B,$-0.38B,-1.15%,$32.53B,$-1.14B,-3.50%,$-1.14B,$12.06B,-7.66%,$-1.14B,$-3.39B,60.52%,$-1.14B,$30.14B,-3.58%,$-0.11B,$15.41B,-0.58%,$7935,$6598,$1337,$0,$718,$7316,$619,$-65,$554,$188,$366,$366,$389,$793,$619,$327,332,$1.19,$1.17,$882,$1178,$0,$7252,$4777,$0,$15445,$921,$22890,$30142,$7509,$3352,$1503,$10576,$18085,$325,$5846,$-3596,$12057,$30142,$389,$174,$107,$281,$-1748,$-355,$0,$1395,$-842,$-172,$-162,$0,$0,$0,$0,$0,$-14,$-176,$0,$-1,$-1,$-142,$-142,$-131,$0,$-274,$-622,$35,$-131
39,2008-12-31,32.19,$36.45,0.88,$94.50,0.34,$14.32,2.25,$-3.88,0.0,$8.24B,$7.45B,1.11,$3.44B,$11.92B,0.29,$32.32B,$5.94B,18.38%,$32.32B,$-0.26B,-0.81%,$32.32B,$-0.26B,-0.81%,$32.32B,$3.55B,10.99%,$32.32B,$-0.52B,-1.61%,$32.32B,$-1.26B,-3.91%,$-1.26B,$11.92B,-7.77%,$-1.26B,$-2.54B,97.72%,$-1.26B,$30.20B,-3.87%,$-0.26B,$15.36B,-1.31%,$7582,$6003,$1579,$0,$823,$9886,$-2304,$-106,$-2410,$224,$-2634,$-2634,$-2533,$948,$-2304,$335,335,$-7.54,$-7.48,$1504,$1003,$0,$8243,$4785,$0,$14456,$926,$21954,$30197,$7449,$3443,$1562,$10828,$18277,$327,$5590,$-3642,$11920,$30197,$-1262,$3816,$355,$4171,$-133,$-2,$0,$-187,$302,$3211,$-681,$0,$83,$0,$0,$0,$-28,$-626,$-113,$-2,$-115,$-1452,$-1452,$-525,$48,$-2044,$541,$118,$-525
40,2008-09-30,42.84,$53.70,0.8,$92.37,0.46,$12.99,3.3,$5.02,8.53,$7.01B,$6.81B,1.03,$3.84B,$17.56B,0.22,$32.01B,$5.79B,18.09%,$32.01B,$2.71B,8.46%,$32.01B,$2.71B,8.46%,$32.01B,$3.48B,10.87%,$32.01B,$2.50B,7.80%,$32.01B,$1.73B,5.39%,$1.73B,$17.56B,9.76%,$1.73B,$-0.88B,-187.04%,$1.73B,$33.25B,5.17%,$2.71B,$21.41B,12.55%,$8381,$6825,$1556,$0,$785,$7610,$771,$-29,$742,$233,$509,$509,$512,$950,$771,$334,340,$1.53,$1.51,$1016,$1147,$0,$7009,$4675,$0,$18439,$983,$26245,$33254,$6812,$3843,$1934,$8879,$15691,$327,$8253,$-685,$17563,$33254,$1271,$564,$218,$782,$-4845,$-531,$0,$5054,$121,$2174,$-444,$0,$175,$0,$0,$0,$-30,$-299,$-110,$3,$-107,$-1367,$-1367,$-395,$47,$-1822,$53,$126,$-395
41,2008-06-30,47.07,$52.93,0.89,$90.05,0.52,$12.84,3.67,$4.92,9.57,$7.09B,$6.59B,1.08,$3.84B,$17.86B,0.22,$31.50B,$5.82B,18.49%,$31.50B,$2.74B,8.70%,$31.50B,$2.74B,8.70%,$31.50B,$3.51B,11.14%,$31.50B,$2.48B,7.88%,$31.50B,$1.70B,5.40%,$1.70B,$17.86B,9.74%,$1.70B,$-0.72B,-141.39%,$1.70B,$33.47B,5.14%,$2.74B,$21.71B,12.83%,$8628,$7025,$1603,$0,$797,$7822,$806,$-67,$739,$256,$483,$483,$495,$993,$806,$339,344,$1.46,$1.44,$581,$1089,$0,$7094,$4651,$0,$18578,$1019,$26373,$33467,$6591,$3844,$2076,$9013,$15604,$337,$7877,$-686,$17863,$33467,$759,$385,$145,$530,$-3691,$-304,$0,$3376,$-488,$801,$-277,$0,$175,$0,$0,$0,$-30,$-132,$-109,$-3,$-112,$-723,$-723,$-261,$45,$-1051,$-382,$83,$-261
42,2008-03-31,54.46,$51.90,1.05,$87.15,0.62,$13.72,3.97,$4.79,11.37,$6.95B,$6.74B,1.03,$3.93B,$17.60B,0.22,$30.75B,$5.79B,18.84%,$30.75B,$2.70B,8.78%,$30.75B,$2.70B,8.78%,$30.75B,$3.45B,11.23%,$30.75B,$2.42B,7.85%,$30.75B,$1.67B,5.42%,$1.67B,$17.60B,9.69%,$1.67B,$-1.04B,-109.35%,$1.67B,$33.38B,5.09%,$2.70B,$21.53B,12.79%,$7724,$6522,$1202,$0,$738,$7260,$464,$-55,$409,$146,$263,$263,$264,$662,$464,$339,349,$0.78,$0.76,$429,$1132,$0,$6949,$4645,$0,$18640,$1038,$26426,$33375,$6737,$3928,$2004,$9037,$15774,$339,$7518,$-694,$17601,$33375,$264,$198,$54,$252,$-2080,$-266,$0,$1658,$-322,$194,$-143,$0,$0,$0,$0,$0,$-5,$-148,$0,$33,$33,$-531,$-531,$-126,$44,$-580,$-534,$44,$-126
43,2007-12-31,54.79,$52.35,1.05,$85.45,0.64,$14.25,3.85,$5.13,10.68,$6.80B,$6.43B,1.06,$3.92B,$17.69B,0.22,$30.34B,$5.99B,19.73%,$30.34B,$2.93B,9.64%,$30.34B,$2.93B,9.64%,$30.34B,$3.65B,12.02%,$30.34B,$2.61B,8.59%,$30.34B,$1.79B,5.90%,$1.79B,$17.69B,10.60%,$1.79B,$-1.06B,-94.73%,$1.79B,$33.37B,5.52%,$2.93B,$21.61B,14.05%,$7278,$5848,$1430,$0,$764,$6612,$666,$-60,$606,$210,$396,$396,$454,$874,$666,$342,354,$1.34,$1.30,$963,$1000,$0,$6797,$4690,$0,$18746,$995,$26576,$33373,$6432,$3918,$1978,$9254,$15686,$338,$7387,$-699,$17687,$33373,$1790,$722,$402,$1124,$-6439,$4,$0,$6472,$-24,$2890,$-681,$0,$-690,$0,$0,$0,$-59,$-1430,$-90,$-69,$-159,$-901,$-901,$-504,$52,$-1512,$-52,$196,$-504
44,2007-09-30,54.09,$49.57,1.09,$86.85,0.62,$10.93,4.95,$5.10,10.61,$6.45B,$6.20B,1.04,$3.89B,$16.77B,0.23,$30.93B,$5.99B,19.37%,$30.93B,$2.92B,9.43%,$30.93B,$2.92B,9.43%,$30.93B,$3.61B,11.68%,$30.93B,$2.72B,8.81%,$30.93B,$1.79B,5.78%,$1.79B,$16.77B,10.75%,$1.79B,$-2.00B,-86.78%,$1.79B,$32.22B,5.57%,$2.92B,$20.65B,14.19%,$7871,$6282,$1589,$0,$783,$7065,$806,$-77,$729,$240,$489,$489,$489,$981,$806,$340,353,$1.44,$1.41,$713,$1102,$0,$6454,$4539,$0,$18767,$1106,$25769,$32223,$6200,$3886,$1637,$9258,$15458,$338,$7063,$-1279,$16765,$32223,$1336,$514,$86,$600,$-4493,$-90,$0,$4773,$220,$2156,$-415,$0,$-685,$0,$0,$0,$-46,$-1146,$-96,$-63,$-159,$-848,$-848,$-378,$73,$-1312,$-302,$135,$-378
45,2007-06-30,53.74,$48.82,1.1,$85.69,0.63,$8.85,6.08,$4.55,11.81,$6.26B,$6.12B,1.02,$3.88B,$16.78B,0.23,$30.49B,$5.74B,18.82%,$30.49B,$2.66B,8.73%,$30.49B,$2.66B,8.73%,$30.49B,$3.35B,10.97%,$30.49B,$2.47B,8.11%,$30.49B,$1.60B,5.25%,$1.60B,$16.78B,9.55%,$1.60B,$-2.00B,-86.49%,$1.60B,$32.03B,4.92%,$2.66B,$20.66B,12.87%,$7878,$6307,$1571,$0,$808,$7115,$763,$-92,$671,$199,$472,$472,$460,$936,$763,$343,355,$1.34,$1.31,$521,$1157,$0,$6261,$4539,$0,$18778,$1152,$25767,$32028,$6122,$3875,$1565,$9126,$15248,$344,$6703,$-1287,$16780,$32028,$847,$339,$45,$384,$-2949,$-97,$0,$3128,$-90,$1141,$-288,$0,$-584,$0,$0,$0,$-45,$-917,$-66,$-63,$-129,$-396,$-396,$-254,$61,$-718,$-494,$78,$-254
46,2007-03-31,50.97,$47.67,1.07,$85.23,0.6,$7.04,7.24,$4.47,11.4,$6.21B,$6.54B,0.95,$3.99B,$16.34B,0.24,$30.21B,$5.61B,18.58%,$30.21B,$2.58B,8.54%,$30.21B,$2.58B,8.54%,$30.21B,$3.26B,10.80%,$30.21B,$2.39B,7.91%,$30.21B,$1.57B,5.20%,$1.57B,$16.34B,9.33%,$1.57B,$-2.50B,-90.55%,$1.57B,$32.05B,4.77%,$2.58B,$20.34B,12.44%,$7314,$5917,$1397,$0,$707,$6624,$690,$-90,$600,$206,$394,$394,$387,$856,$690,$345,358,$1.12,$1.10,$362,$1195,$0,$6209,$4544,$0,$18843,$1098,$25836,$32045,$6538,$3992,$1476,$9163,$15701,$343,$6374,$-1296,$16344,$32045,$387,$166,$4,$170,$-1436,$-89,$0,$1455,$-157,$400,$-158,$0,$-578,$0,$0,$0,$-11,$-747,$-23,$230,$207,$-444,$-444,$-121,$52,$-306,$-653,$38,$-121
47,2006-12-31,46.25,$48.03,0.96,$85.04,0.54,$5.56,8.32,$4.39,10.54,$6.73B,$6.75B,1.0,$3.99B,$16.62B,0.24,$29.99B,$5.50B,18.33%,$29.99B,$2.49B,8.32%,$29.99B,$2.49B,8.32%,$29.99B,$3.18B,10.61%,$29.99B,$2.32B,7.72%,$29.99B,$1.54B,5.14%,$1.54B,$16.62B,9.12%,$1.54B,$-1.74B,-95.84%,$1.54B,$32.01B,4.63%,$2.49B,$20.61B,12.01%,$7868,$6434,$1434,$0,$775,$7209,$659,$65,$724,$243,$481,$481,$452,$840,$659,$346,359,$1.29,$1.26,$1015,$1176,$0,$6725,$4525,$0,$18358,$1052,$25284,$32009,$6753,$3992,$997,$8641,$15394,$346,$6183,$-1260,$16615,$32009,$1542,$689,$209,$898,$-2228,$-70,$0,$1479,$-684,$1756,$-711,$0,$43,$0,$174,$174,$-107,$-601,$-1012,$44,$-968,$-432,$-432,$-402,$57,$-1745,$-590,$184,$-402
