,Date,Stock Price,Book Value per Share,Price to Book Ratio,TTM Sales per Share,Price to Sales Ratio,TTM FCF per Share,Price to FCF Ratio,TTM Net EPS,PE Ratio,Current Assets,Current Liabilities,Current Ratio,Long Term Debt,Shareholder's Equity_x,Debt to Equity Ratio,TTM Revenue_x,TTM Gross Profit,Gross Margin,TTM Revenue_y,TTM Operating Income,Operating Margin,TTM Revenue_x,TTM EBIT,EBIT Margin,TTM Revenue_y,TTM EBITDA,EBITDA Margin,TTM Revenue_x,TTM Pre-Tax Income,Pre-Tax Margin,TTM Revenue_y,TTM Net Income_x,Net Margin,TTM Net Income_y,Shareholder's Equity_y,Return on Equity,TTM Net Income_x,Tangible Equity,Return on Tangible Equity,TTM Net Income_y,Total Assets,Return on Assets,TTM Net Income,LT Investments & Debt,Return on Investment,revenue,cost-goods-sold,gross-profit,research-development-expenses,selling-general-administrative-expenses,operating-expenses,operating-income,total-non-operating-income-expense,pre-tax-income,total-provision-income-taxes,income-after-taxes,income-from-continuous-operations,net-income,ebitda,ebit,basic-shares-outstanding,shares-outstanding,eps-basic-net-earnings-per-share,eps-earnings-per-share-diluted,cash-on-hand,inventory,other-current-assets,total-current-assets,net-property-plant-equipment,long-term-investments,goodwill-intangible-assets-total,other-long-term-assets,total-long-term-assets,total-assets,total-current-liabilities,long-term-debt,other-non-current-liabilities,total-long-term-liabilities,total-liabilities,common-stock-net,retained-earnings-accumulated-deficit,comprehensive-income,total-share-holder-equity,total-liabilities-share-holders-equity,net-income-loss,total-depreciation-amortization-cash-flow,other-non-cash-items,total-non-cash-items,change-in-accounts-receivable,change-in-inventories,change-in-accounts-payable,change-in-assets-liabilities,total-change-in-assets-liabilities,cash-flow-from-operating-activities,net-change-in-property-plant-equipment,net-change-in-intangible-assets,net-acquisitions-divestitures,net-change-in-short-term-investments,net-change-in-long-term-investments,net-change-in-investments-total,investing-activities-other,cash-flow-from-investing-activities,net-long-term-debt,net-current-debt,debt-issuance-retirement-net-total,net-common-equity-issued-repurchased,net-total-equity-issued-repurchased,total-common-preferred-stock-dividends-paid,financial-activities-other,cash-flow-from-financial-activities,net-cash-flow,stock-based-compensation,common-stock-dividends-paid
0,2018-09-30,5.58,$3.13,1.78,$4.73,1.18,$-0.41,0.0,$-0.19,0.0,$20.11B,$15.58B,1.29,$3.22B,$17.49B,0.18,$26.52B,$9.82B,37.03%,$26.52B,$-0.27B,-1.00%,$26.52B,$-0.27B,-1.00%,$26.52B,$1.37B,5.18%,$26.52B,$-0.66B,-2.50%,$26.52B,$-1.11B,-4.20%,$-1.11B,$17.49B,-6.07%,$-1.11B,$7.21B,-14.41%,$-1.11B,$44.80B,-2.40%,$-0.27B,$20.70B,-1.21%,$6346,$3999,$2347,$1306,$1012,$6409,$-63,$-67,$-130,$17,$-148,$-148,$-92,$329,$-63,$5588,5588,$-0.01,$-0.01,$6819,$3696,$2785,$20107,$2038,$1014,$10271,$5679,$24697,$44802,$15578,$3218,$2036,$11740,$27318,$286,$-1457,$0,$17486,$44802,$-629,$1265,$269,$1534,$224,$-670,$0,$-1119,$-1564,$-1193,$-538,$0,$-36,$-2000,$2091,$91,$-2,$-486,$56,$-22,$34,$0,$0,$-1257,$0,$-1223,$-2988,$0,$-1257
1,2018-06-30,5.75,$3.22,1.79,$4.74,1.21,$-0.22,0.0,$-0.22,0.0,$20.46B,$14.89B,1.37,$3.31B,$18.00B,0.18,$26.64B,$10.04B,37.69%,$26.64B,$-0.47B,-1.78%,$26.64B,$-0.47B,-1.78%,$26.64B,$1.75B,6.57%,$26.64B,$-0.88B,-3.28%,$26.64B,$-1.24B,-4.64%,$-1.24B,$18.00B,-6.56%,$-1.24B,$7.23B,-15.45%,$-1.24B,$45.97B,-2.62%,$-0.47B,$21.30B,-2.09%,$6336,$4118,$2218,$1389,$970,$6600,$-264,$-72,$-335,$-12,$-323,$-323,$-317,$152,$-264,$5588,5588,$-0.06,$-0.06,$7281,$3503,$2459,$20464,$2125,$948,$10769,$5844,$25500,$45966,$14891,$3305,$2234,$13080,$27970,$293,$-1400,$0,$17995,$45966,$-551,$873,$184,$1057,$330,$-361,$0,$-1169,$-1200,$-1126,$-410,$0,$-37,$-1406,$1469,$63,$0,$-384,$69,$-119,$-50,$0,$0,$-1133,$0,$-1183,$-2834,$0,$-1133
2,2018-03-31,5.26,$3.46,1.52,$4.70,1.12,$0.23,22.6,$-0.25,0.0,$22.62B,$14.61B,1.55,$3.90B,$19.51B,0.2,$26.49B,$10.28B,38.83%,$26.49B,$-0.26B,-0.98%,$26.49B,$-0.26B,-0.98%,$26.49B,$1.57B,5.91%,$26.49B,$-0.83B,-3.12%,$26.49B,$-1.40B,-5.29%,$-1.40B,$19.51B,-7.25%,$-1.40B,$8.55B,-16.78%,$-1.40B,$48.26B,-2.96%,$-0.26B,$23.41B,-1.12%,$6053,$3834,$2219,$1434,$1041,$6466,$-413,$-138,$-551,$-116,$-435,$-435,$-231,$44,$-413,$5584,5584,$-0.04,$-0.04,$9988,$3413,$2329,$22617,$2199,$562,$10960,$6198,$25644,$48261,$14612,$3899,$2423,$14138,$28749,$302,$188,$0,$19512,$48261,$-235,$457,$-14,$444,$502,$-207,$0,$-328,$-33,$-135,$-305,$0,$-15,$-1028,$529,$-499,$2,$-816,$22,$-1,$21,$0,$0,$-18,$0,$2,$-1001,$0,$-18
3,2017-12-31,4.48,$3.29,1.36,$4.62,0.97,$0.20,22.89,$-0.31,0.0,$22.45B,$14.41B,1.56,$3.91B,$18.33B,0.21,$26.16B,$10.33B,39.48%,$26.16B,$0.02B,0.07%,$26.16B,$0.02B,0.07%,$26.16B,$1.82B,6.94%,$26.16B,$-0.58B,-2.21%,$26.16B,$-1.69B,-6.46%,$-1.69B,$18.33B,-8.51%,$-1.69B,$7.91B,-19.46%,$-1.69B,$46.37B,-3.58%,$0.02B,$22.24B,0.08%,$7786,$4749,$3036,$1448,$1099,$7311,$474,$-120,$354,$814,$-460,$-461,$-473,$849,$474,$5652,5652,$-0.08,$-0.08,$9700,$2991,$562,$22452,$2094,$1067,$10420,$5156,$23917,$46369,$14405,$3907,$866,$13634,$28038,$278,$1296,$0,$18331,$46369,$-1648,$1798,$2252,$4050,$-476,$-335,$0,$1485,$675,$2047,$-604,$0,$-463,$-3096,$4173,$1077,$1,$11,$96,$-47,$49,$-886,$-886,$-1096,$-43,$-1977,$-145,$104,$-1096
4,2017-09-30,5.75,$3.49,1.64,$4.49,1.28,$-0.43,0.0,$-0.11,0.0,$21.77B,$13.68B,1.59,$4.12B,$19.58B,0.21,$25.56B,$10.17B,39.80%,$25.56B,$-0.09B,-0.36%,$25.56B,$-0.09B,-0.36%,$25.56B,$1.77B,6.91%,$25.56B,$-0.63B,-2.47%,$25.56B,$-0.61B,-2.37%,$-0.61B,$19.58B,-2.88%,$-0.61B,$8.31B,-6.41%,$-0.61B,$47.99B,-1.26%,$-0.09B,$23.70B,-0.37%,$6464,$3896,$2568,$1424,$1011,$6734,$-270,$-73,$-343,$-120,$-223,$-223,$-215,$705,$-270,$5637,5637,$-0.04,$-0.04,$8090,$3559,$417,$21772,$2144,$1128,$11272,$5263,$26221,$47991,$13676,$4115,$993,$14734,$28408,$289,$1935,$0,$19583,$47991,$-1267,$1423,$1362,$2785,$-578,$-785,$0,$686,$-677,$-209,$-484,$0,$-480,$-2543,$3372,$829,$-13,$-148,$94,$-5,$89,$-771,$-771,$-1140,$-45,$-1866,$-2472,$69,$-1140
5,2017-06-30,5.92,$3.51,1.69,$4.48,1.32,$-0.75,0.0,$-0.09,0.0,$21.60B,$13.79B,1.57,$3.94B,$19.82B,0.2,$25.67B,$10.08B,39.26%,$25.67B,$0.24B,0.93%,$25.67B,$0.24B,0.93%,$25.67B,$1.53B,5.96%,$25.67B,$-0.31B,-1.22%,$25.67B,$-0.53B,-2.07%,$-0.53B,$19.82B,-2.46%,$-0.53B,$8.59B,-5.43%,$-0.53B,$46.85B,-1.11%,$0.24B,$23.75B,0.94%,$6182,$3722,$2460,$1336,$997,$6233,$-51,$-237,$-287,$189,$-476,$-476,$-481,$-33,$-51,$5670,5670,$-0.09,$-0.09,$9160,$3246,$360,$21601,$2050,$1168,$11223,$4855,$25246,$46848,$13788,$3935,$803,$13244,$27032,$271,$1851,$0,$19817,$46848,$-492,$448,$549,$997,$161,$-153,$0,$1107,$1115,$1143,$-129,$0,$-342,$-938,$1556,$617,$-3,$143,$-415,$95,$-320,$-194,$-194,$-927,$-33,$-1474,$-374,$11,$-927
6,2017-03-31,5.06,$3.80,1.33,$4.49,1.13,$-1.39,0.0,$-0.14,0.0,$21.68B,$13.55B,1.6,$4.38B,$21.62B,0.2,$25.80B,$9.91B,38.41%,$25.80B,$-0.57B,-2.20%,$25.80B,$-0.57B,-2.20%,$25.80B,$1.18B,4.57%,$25.80B,$-0.92B,-3.57%,$25.80B,$-0.80B,-3.11%,$-0.80B,$21.62B,-3.59%,$-0.80B,$9.91B,-7.83%,$-0.80B,$47.51B,-1.63%,$-0.57B,$26.00B,-2.14%,$5731,$3466,$2266,$1348,$979,$5867,$-135,$-165,$-301,$164,$-465,$-464,$-520,$295,$-135,$5709,5709,$-0.10,$-0.10,$9636,$3091,$347,$21682,$2061,$1223,$11708,$4870,$25829,$47510,$13549,$4376,$797,$12343,$25891,$262,$3303,$0,$21619,$47510,$-480,$431,$359,$790,$253,$-411,$0,$-421,$-580,$-504,$-157,$0,$-84,$-832,$847,$15,$0,$-226,$514,$-71,$442,$-253,$-253,$0,$0,$190,$-544,$18,$0
7,2016-12-31,4.49,$4.06,1.11,$4.55,0.99,$-1.60,0.0,$-0.14,0.0,$22.93B,$13.95B,1.64,$4.05B,$23.21B,0.17,$26.13B,$9.36B,35.81%,$26.13B,$-1.22B,-4.66%,$26.13B,$-1.22B,-4.66%,$26.13B,$0.55B,2.09%,$26.13B,$-1.52B,-5.80%,$26.13B,$-0.85B,-3.25%,$-0.85B,$23.21B,-3.67%,$-0.85B,$11.08B,-7.78%,$-0.85B,$49.69B,-1.69%,$-1.22B,$27.26B,-4.47%,$7185,$4306,$2879,$1358,$1049,$6821,$364,$-66,$300,$-336,$636,$636,$609,$799,$364,$5732,5741,$0.11,$0.11,$10648,$2773,$357,$22928,$2192,$1279,$12128,$4851,$26760,$49687,$13949,$4047,$894,$12528,$26477,$272,$3970,$0,$23211,$49687,$-1026,$1764,$900,$2664,$20,$590,$0,$-3052,$-2442,$-1609,$-497,$0,$6457,$-4571,$6142,$1570,$34,$7565,$-2627,$-111,$-2738,$-232,$-232,$-1676,$-801,$-5448,$556,$125,$-1676
8,2016-09-30,5.4,$3.76,1.44,$4.15,1.3,$-1.18,0.0,$0.24,22.51,$22.69B,$13.98B,1.62,$3.93B,$21.72B,0.18,$22.29B,$7.86B,35.25%,$22.29B,$-0.91B,-4.06%,$22.29B,$-0.91B,-4.06%,$22.29B,$0.51B,2.27%,$22.29B,$-1.17B,-5.26%,$22.29B,$0.53B,2.37%,$0.53B,$21.72B,2.61%,$0.53B,$9.64B,4.85%,$0.53B,$48.44B,1.21%,$-0.91B,$25.65B,-3.79%,$6573,$4100,$2473,$1335,$1032,$6511,$62,$-86,$-25,$124,$-148,$-148,$-140,$469,$62,$5773,5773,$-0.02,$-0.02,$10698,$2991,$365,$22691,$2142,$1300,$12083,$4416,$25754,$48444,$13975,$3926,$719,$12750,$26725,$275,$3292,$0,$21720,$48444,$-1740,$1329,$1021,$2350,$485,$-225,$0,$-3338,$-3078,$-2193,$-379,$0,$6552,$-3696,$4596,$899,$17,$7089,$-2850,$-147,$-2998,$0,$0,$-1690,$-237,$-4924,$-121,$102,$-1690
9,2016-06-30,5.31,$3.96,1.34,$3.86,1.37,$-0.79,0.0,$0.30,17.7,$25.36B,$15.81B,1.6,$4.06B,$22.84B,0.18,$19.10B,$6.83B,35.76%,$19.10B,$-0.60B,-3.14%,$19.10B,$-0.60B,-3.14%,$19.10B,$0.49B,2.59%,$19.10B,$-0.87B,-4.57%,$19.10B,$0.84B,4.39%,$0.84B,$22.84B,4.83%,$0.84B,$10.34B,7.71%,$0.84B,$51.69B,2.25%,$-0.60B,$26.90B,-2.88%,$6307,$4016,$2291,$1368,$1055,$7165,$-858,$-34,$-894,$-73,$-820,$-820,$-751,$-384,$-858,$5746,5772,$-0.14,$-0.14,$12687,$3195,$338,$25356,$2219,$1305,$12510,$4052,$26336,$51692,$15805,$4059,$600,$13041,$28847,$278,$3917,$0,$22844,$51692,$-1492,$923,$529,$1452,$210,$-366,$0,$-2642,$-2798,$-2484,$-208,$0,$6737,$-2138,$3026,$888,$-35,$7382,$-2852,$-173,$-3025,$5,$5,$0,$-157,$-3178,$1642,$45,$0
10,2016-03-31,5.24,$4.27,1.23,$3.67,1.43,$-0.49,0.0,$0.54,9.7,$26.21B,$14.02B,1.87,$4.41B,$24.69B,0.18,$16.34B,$6.24B,38.17%,$16.34B,$0.82B,5.03%,$16.34B,$0.82B,5.03%,$16.34B,$1.53B,9.36%,$16.34B,$0.55B,3.34%,$16.34B,$1.97B,12.08%,$1.97B,$24.68B,13.99%,$1.97B,$12.56B,19.93%,$1.97B,$51.47B,6.55%,$0.82B,$29.09B,4.76%,$6066,$4352,$1714,$1366,$1090,$6852,$-785,$-111,$-897,$-221,$-676,$-676,$-566,$-338,$-785,$5650,5669,$-0.10,$-0.10,$14026,$2978,$345,$26213,$2220,$1324,$12130,$3718,$25257,$51471,$14015,$4407,$484,$12771,$26786,$271,$6386,$0,$24684,$51471,$-660,$448,$-136,$312,$-40,$-245,$0,$-1464,$-1749,$-1746,$-89,$0,$6764,$-998,$1123,$125,$1,$6800,$-2120,$-257,$-2377,$0,$0,$0,$9,$-2369,$2590,$17,$0
11,2015-12-31,6.22,$2.97,2.1,$3.51,1.77,$-0.24,0.0,$0.69,9.02,$17.57B,$7.10B,2.48,$2.25B,$11.69B,0.19,$13.88B,$6.06B,43.63%,$13.88B,$1.88B,13.51%,$13.88B,$1.88B,13.51%,$13.88B,$2.23B,16.06%,$13.88B,$1.71B,12.31%,$13.88B,$2.74B,19.73%,$2.74B,$11.69B,25.99%,$2.74B,$11.06B,32.44%,$2.74B,$23.24B,11.68%,$1.88B,$13.93B,14.02%,$3344,$1964,$1380,$301,$418,$2668,$676,$-33,$644,$120,$524,$523,$1986,$759,$676,$3671,3949,$0.53,$0.50,$11055,$1126,$190,$17571,$772,$1208,$622,$84,$5665,$23236,$7097,$2246,$278,$4454,$11550,$273,$6972,$0,$11686,$23236,$2740,$355,$-645,$-290,$-770,$379,$0,$-717,$-1108,$563,$-349,$0,$2763,$-3479,$3189,$-290,$-19,$2105,$231,$-61,$170,$-192,$-192,$-569,$-58,$-648,$2026,$54,$-569
12,2015-09-30,6.01,$2.79,2.15,$3.83,1.57,$0.03,221.73,$0.32,18.78,$13.96B,$6.77B,2.06,$3.01B,$10.13B,0.3,$15.36B,$6.77B,44.05%,$15.36B,$1.78B,11.58%,$15.36B,$1.78B,11.58%,$15.36B,$2.05B,13.34%,$15.36B,$1.60B,10.43%,$15.36B,$1.25B,8.12%,$1.25B,$10.13B,11.89%,$1.25B,$9.50B,16.45%,$1.25B,$22.84B,5.06%,$1.78B,$13.13B,13.06%,$3378,$1934,$1444,$547,$439,$3010,$368,$-92,$275,$67,$208,$209,$169,$457,$368,$3625,3949,$0.05,$0.05,$7790,$1290,$208,$13960,$742,$1146,$624,$68,$8883,$22843,$6765,$3006,$895,$5952,$12717,$274,$5011,$0,$10126,$22843,$752,$271,$516,$788,$-179,$192,$0,$-971,$-958,$51,$-246,$0,$-58,$-2517,$2751,$235,$-49,$-118,$210,$-34,$176,$-192,$-192,$-570,$-28,$-614,$-690,$40,$-570
13,2015-06-30,6.07,$2.70,2.25,$4.08,1.49,$0.36,16.71,$0.52,11.68,$14.22B,$7.41B,1.92,$2.97B,$9.93B,0.3,$16.40B,$7.28B,44.43%,$16.40B,$1.94B,11.85%,$16.40B,$1.94B,11.85%,$16.40B,$2.12B,12.96%,$16.40B,$0.22B,1.34%,$16.40B,$2.07B,12.63%,$2.07B,$9.93B,19.30%,$2.07B,$6.48B,29.43%,$2.07B,$22.89B,8.00%,$1.94B,$12.90B,13.93%,$3550,$1852,$1698,$740,$513,$2988,$562,$-38,$524,$134,$390,$389,$384,$652,$562,$3624,3946,$0.11,$0.10,$7455,$1513,$221,$14220,$869,$1202,$3456,$80,$8670,$22891,$7406,$2970,$287,$5553,$12958,$272,$4822,$0,$9933,$22891,$582,$183,$229,$412,$-91,$14,$0,$-871,$-947,$-506,$-173,$0,$-1,$-2216,$2103,$-113,$17,$-270,$199,$9,$208,$-191,$-191,$-566,$-28,$-577,$-1313,$24,$-566
14,2015-03-31,6.56,$2.83,2.32,$4.16,1.58,$0.71,9.26,$1.24,5.29,$15.66B,$8.46B,1.85,$3.11B,$10.41B,0.3,$16.88B,$7.36B,43.61%,$16.88B,$1.77B,10.49%,$16.88B,$1.77B,10.49%,$16.88B,$1.86B,11.04%,$16.88B,$-0.28B,-1.65%,$16.88B,$5.13B,30.38%,$5.13B,$10.41B,47.65%,$5.13B,$6.73B,76.60%,$5.13B,$24.85B,18.82%,$1.77B,$13.52B,12.59%,$3607,$2075,$1533,$772,$464,$3339,$269,$-1,$266,$63,$203,$204,$200,$361,$269,$3640,3958,$0.06,$0.06,$8663,$1622,$218,$15664,$880,$1248,$3687,$87,$9183,$24848,$8464,$3107,$318,$5972,$14436,$278,$5098,$0,$10412,$24848,$201,$93,$122,$214,$65,$6,$0,$-177,$-106,$-225,$-77,$0,$-53,$-1058,$862,$-195,$25,$-300,$229,$-26,$203,$-185,$-185,$-6,$0,$12,$-430,$11,$-6
15,2014-12-31,6.8,$3.08,2.21,$4.23,1.61,$0.70,9.66,$1.10,6.18,$18.24B,$9.69B,1.88,$3.42B,$11.52B,0.3,$16.93B,$7.50B,44.28%,$16.93B,$1.83B,10.84%,$16.93B,$1.83B,10.84%,$16.93B,$1.83B,10.84%,$16.93B,$-0.32B,-1.86%,$16.93B,$4.60B,27.18%,$4.60B,$11.52B,44.62%,$4.60B,$7.65B,77.46%,$4.60B,$28.00B,15.95%,$1.83B,$14.95B,13.15%,$4827,$2735,$2092,$880,$580,$4247,$580,$-44,$537,$104,$433,$433,$495,$580,$580,$3699,4132,$0.13,$0.12,$10609,$1695,$165,$18243,$952,$1168,$3872,$102,$9756,$27999,$9688,$3424,$400,$6787,$16475,$327,$6261,$0,$11524,$27999,$4602,$395,$-3383,$-2988,$153,$-614,$0,$1994,$1533,$1695,$-355,$0,$3111,$-3957,$2344,$-1614,$36,$1178,$-3549,$-56,$-3605,$-568,$-568,$-1850,$-60,$-6083,$-3274,$49,$-1850
16,2014-09-30,7.32,$2.95,2.48,$1.50,4.87,$0.31,23.68,$0.96,7.62,$18.18B,$9.78B,1.86,$3.34B,$11.03B,0.3,$6.31B,$5.21B,82.46%,$6.31B,$2.14B,33.82%,$6.31B,$2.14B,33.82%,$6.31B,$2.14B,33.82%,$6.31B,$-0.04B,-0.59%,$6.31B,$4.07B,64.40%,$4.07B,$11.03B,42.16%,$4.07B,$7.28B,80.56%,$4.07B,$27.73B,13.46%,$2.14B,$14.37B,15.81%,$4411,$2449,$1961,$831,$536,$3880,$531,$-1637,$-1107,$-2115,$1008,$1008,$991,$531,$531,$3701,4019,$0.27,$0.25,$10460,$1765,$172,$18183,$889,$1124,$3755,$100,$9542,$27726,$9781,$3341,$399,$6912,$16692,$326,$5671,$0,$11033,$27726,$4005,$0,$-3202,$-3202,$0,$0,$0,$1680,$1680,$1395,$-241,$0,$2918,$-3012,$1400,$-1612,$12,$1076,$-3579,$-84,$-3662,$-292,$-292,$-1835,$0,$-5789,$-3350,$0,$-1835
17,2014-06-30,6.54,$2.69,2.43,$2.42,2.7,$-0.04,0.0,$0.69,9.48,$20.01B,$11.30B,1.77,$3.34B,$10.09B,0.33,$9.40B,$5.62B,59.80%,$9.40B,$1.76B,18.72%,$9.40B,$1.76B,18.72%,$9.40B,$1.76B,18.72%,$9.40B,$1.15B,12.19%,$9.40B,$2.95B,31.41%,$2.95B,$10.09B,32.22%,$2.95B,$5.13B,77.72%,$2.95B,$28.42B,9.25%,$1.76B,$13.43B,12.80%,$4036,$2261,$1775,$796,$532,$3645,$391,$-365,$25,$60,$-36,$-36,$3443,$391,$391,$3714,4120,$0.93,$0.84,$12534,$1608,$198,$20013,$779,$1044,$4960,$115,$8404,$28417,$11297,$3339,$328,$7030,$18327,$337,$4833,$0,$10090,$28417,$3117,$0,$-2996,$-2996,$0,$0,$0,$1717,$1717,$894,$-182,$0,$3244,$-2139,$866,$-1273,$23,$1812,$-3702,$-107,$-3809,$0,$0,$-12,$0,$-3822,$-1196,$0,$-12
18,2014-03-31,5.96,$2.30,2.6,$3.45,1.73,$-0.27,0.0,$-0.21,0.0,$15.98B,$10.73B,1.49,$4.42B,$8.60B,0.51,$12.80B,$6.34B,49.50%,$12.80B,$1.22B,9.52%,$12.80B,$1.22B,9.52%,$12.80B,$1.22B,9.52%,$12.80B,$0.89B,6.97%,$12.80B,$-0.79B,-6.14%,$-0.79B,$8.60B,-8.31%,$-0.79B,$3.70B,-21.58%,$-0.79B,$31.22B,-2.35%,$1.22B,$13.02B,8.52%,$3651,$1984,$1667,$807,$524,$3319,$332,$-101,$230,$79,$151,$151,$-328,$332,$332,$3713,3713,$-0.08,$-0.08,$9615,$1283,$218,$15977,$748,$1090,$4898,$119,$15241,$31219,$10727,$4417,$7327,$11895,$22620,$337,$3206,$0,$8599,$31219,$-328,$0,$317,$317,$0,$0,$0,$81,$81,$-189,$-108,$0,$-8,$-36,$555,$519,$-8,$395,$-2407,$-95,$-2501,$0,$0,$-12,$0,$-2513,$-2383,$0,$-12
19,2013-12-31,6.59,$2.36,2.79,$4.55,1.45,$-0.14,0.0,$-0.22,0.0,$18.33B,$12.55B,1.46,$4.37B,$8.85B,0.49,$16.88B,$7.10B,42.05%,$16.88B,$0.69B,4.08%,$16.88B,$0.69B,4.08%,$16.88B,$0.69B,4.08%,$16.88B,$0.32B,1.91%,$16.88B,$-0.82B,-4.84%,$-0.82B,$8.85B,-7.95%,$-0.82B,$4.08B,-20.97%,$-0.82B,$33.46B,-2.32%,$0.69B,$13.21B,4.54%,$-5786,$-5589,$-198,$-306,$-860,$-6667,$881,$-66,$815,$-188,$1003,$1003,$-41,$881,$881,$3712,3712,$-0.03,$-0.03,$12295,$1068,$194,$18325,$752,$1071,$4770,$132,$15136,$33461,$12552,$4365,$7438,$12062,$24615,$327,$3428,$0,$8846,$33461,$-817,$967,$1409,$2376,$2198,$256,$0,$-3710,$-1255,$96,$-357,$0,$-94,$-1356,$879,$-477,$11,$-918,$1898,$-170,$1728,$0,$0,$-94,$-2267,$-634,$-1752,$74,$-94
20,2013-09-30,5.29,$0.00,0.0,$8.83,0.6,$-0.24,0.0,$-0.14,0.0,$23.29B,$18.46B,1.26,$6.23B,$9.13B,0.68,$33.38B,$10.93B,32.75%,$33.38B,$-0.52B,-1.54%,$33.38B,$-0.52B,-1.54%,$33.38B,$-0.52B,-1.54%,$33.38B,$0.00B,0.01%,$33.38B,$-0.51B,-1.52%,$-0.51B,$9.13B,-4.57%,$-0.51B,$2.29B,-12.25%,$-0.51B,$34.56B,-1.39%,$-0.52B,$15.35B,-3.11%,$7500,$5123,$2378,$1180,$990,$7344,$156,$-81,$76,$213,$-138,$-138,$-121,$156,$156,$3712,3712,$-0.03,$-0.03,$12520,$1987,$0,$23286,$1542,$1088,$6835,$183,$11275,$34560,$18464,$6225,$506,$6968,$25432,$326,$3448,$0,$9129,$34560,$-782,$0,$2035,$2035,$0,$0,$0,$-1090,$-1090,$25,$-264,$0,$-101,$-1345,$560,$-784,$26,$-1122,$1958,$-187,$1771,$0,$0,$-68,$-2260,$-556,$-1833,$0,$-68
21,2013-06-30,3.04,$3.01,1.01,$9.37,0.32,$-0.46,0.0,$-0.45,0.0,$23.43B,$17.97B,1.3,$4.41B,$11.27B,0.39,$35.36B,$11.47B,32.44%,$35.36B,$-0.97B,-2.73%,$35.36B,$-0.97B,-2.73%,$35.36B,$-0.97B,-2.73%,$35.36B,$-0.91B,-2.58%,$35.36B,$-1.62B,-4.59%,$-1.62B,$11.27B,-13.87%,$-1.62B,$4.50B,-34.81%,$-1.62B,$34.67B,-4.37%,$-0.97B,$15.68B,-5.75%,$7437,$4947,$2490,$1269,$1026,$7587,$-150,$-78,$-229,$135,$-363,$-363,$-296,$-150,$-150,$3712,3712,$-0.08,$-0.08,$12753,$1854,$0,$23430,$1745,$1042,$6767,$219,$11237,$34668,$17972,$4407,$525,$5429,$23400,$321,$4571,$0,$11267,$34668,$-652,$0,$1572,$1572,$0,$0,$0,$-870,$-870,$13,$-200,$0,$-86,$-858,$283,$-575,$4,$-857,$-8,$-111,$-119,$0,$0,$-56,$0,$-175,$-1136,$0,$-56
22,2013-03-31,2.67,$3.17,0.84,$9.85,0.27,$-0.54,0.0,$-0.84,0.0,$26.00B,$20.09B,1.29,$4.60B,$11.85B,0.39,$37.15B,$10.81B,29.08%,$37.15B,$-2.34B,-6.30%,$37.15B,$-2.34B,-6.30%,$37.15B,$-2.34B,-6.30%,$37.15B,$-1.81B,-4.88%,$37.15B,$-3.05B,-8.21%,$-3.05B,$11.85B,-25.03%,$-3.05B,$4.71B,-61.91%,$-3.05B,$38.06B,-7.92%,$-2.34B,$16.45B,-13.43%,$7730,$5301,$2429,$1335,$1063,$7928,$-198,$-141,$-339,$108,$-448,$-448,$-359,$-198,$-198,$3711,3711,$-0.09,$-0.09,$13780,$2037,$0,$25998,$1831,$1033,$7142,$193,$12066,$38064,$20088,$4597,$626,$6122,$26211,$325,$4926,$0,$11854,$38064,$-359,$0,$786,$786,$0,$0,$0,$-222,$-222,$272,$-98,$0,$-8,$-864,$230,$-634,$11,$-729,$160,$-40,$120,$0,$0,$-55,$0,$65,$-358,$0,$-55
23,2012-12-31,3.21,$0.00,0.0,$10.36,0.31,$-0.82,0.0,$-1.07,0.0,$26.85B,$18.84B,1.43,$6.54B,$12.15B,0.54,$39.05B,$11.03B,28.25%,$39.05B,$-2.72B,-6.97%,$39.05B,$-2.72B,-6.97%,$39.05B,$-2.72B,-6.97%,$39.05B,$-3.40B,-8.71%,$39.05B,$-4.75B,-12.16%,$-4.75B,$12.15B,-35.79%,$-4.75B,$5.05B,-81.50%,$-4.75B,$38.52B,-11.91%,$-2.72B,$18.69B,-14.61%,$10708,$7074,$3634,$1452,$2505,$11030,$-323,$1108,$495,$162,$333,$269,$269,$-323,$-323,$3711,3931,$0.07,$0.07,$9497,$1978,$8237,$26851,$0,$961,$7103,$149,$9826,$38517,$18836,$6542,$89,$7531,$26368,$316,$5138,$0,$12150,$38517,$-3995,$0,$0,$0,$0,$0,$0,$0,$158,$-455,$-234,$0,$0,$0,$0,$922,$35,$723,$0,$-252,$625,$0,$0,$-971,$0,$-598,$-365,$0,$0
24,2012-09-30,2.09,$0.00,0.0,$11.13,0.19,$-0.43,0.0,$-1.51,0.0,$25.29B,$19.71B,1.28,$4.79B,$11.49B,0.42,$41.29B,$10.71B,25.94%,$41.29B,$-2.51B,-6.08%,$41.29B,$-2.51B,-6.08%,$41.29B,$-2.51B,-6.08%,$41.29B,$-5.21B,-12.63%,$41.29B,$-6.41B,-15.51%,$-6.41B,$11.49B,-42.48%,$-6.41B,$4.38B,-88.51%,$-6.41B,$37.31B,-14.94%,$-2.51B,$16.28B,-12.43%,$9486,$6567,$2919,$1400,$1812,$9780,$-294,$-119,$-840,$340,$-1180,$-1236,$-1236,$-294,$-294,$3711,3711,$-0.34,$-0.34,$10986,$2464,$5051,$25291,$0,$911,$7115,$91,$10024,$37309,$19710,$4789,$86,$6106,$25815,$308,$4743,$0,$11494,$37309,$-4140,$0,$0,$0,$0,$0,$0,$0,$214,$-1148,$119,$0,$30,$0,$0,$758,$-569,$338,$0,$114,$-302,$0,$0,$-937,$0,$-1125,$-1972,$0,$0
25,2012-06-30,1.68,$0.00,0.0,$11.92,0.14,$-0.11,0.0,$-1.20,0.0,$27.54B,$20.96B,1.31,$5.04B,$13.26B,0.38,$44.22B,$11.05B,24.98%,$44.22B,$-2.68B,-6.05%,$44.22B,$-2.68B,-6.05%,$44.22B,$-2.68B,-6.05%,$44.22B,$-4.49B,-10.16%,$44.22B,$-5.26B,-11.90%,$-5.26B,$13.26B,-30.24%,$-5.26B,$5.57B,-60.21%,$-5.26B,$40.24B,-11.32%,$-2.68B,$18.30B,-11.74%,$9227,$7403,$1823,$1582,$1768,$10754,$-1527,$-67,$-1128,$837,$-1965,$-1725,$-1725,$-1527,$-1527,$3711,3711,$-0.47,$-0.47,$12103,$2732,$5044,$27542,$0,$965,$7689,$111,$10535,$40240,$20960,$5041,$93,$6018,$26978,$316,$6129,$0,$13262,$40240,$-3006,$0,$0,$0,$0,$0,$0,$0,$477,$-627,$116,$0,$-72,$0,$0,$-596,$1556,$1004,$0,$0,$-247,$0,$0,$-963,$1,$-1208,$-707,$0,$0
26,2012-03-31,4.12,$0.00,0.0,$12.98,0.32,$-0.20,0.0,$-0.87,0.0,$29.66B,$21.14B,1.4,$5.08B,$16.18B,0.31,$48.17B,$13.13B,27.26%,$48.17B,$-1.13B,-2.34%,$48.17B,$-1.13B,-2.34%,$48.17B,$-1.13B,-2.34%,$48.17B,$-4.15B,-8.61%,$48.17B,$-4.06B,-8.43%,$-4.06B,$16.18B,-21.25%,$-4.06B,$8.31B,-41.78%,$-4.06B,$43.49B,-8.27%,$-1.13B,$21.26B,-4.56%,$9629,$6975,$2654,$1716,$1517,$10207,$-579,$-1361,$-1927,$134,$-2061,$-2058,$-2058,$-579,$-579,$3710,3710,$-0.33,$-0.33,$12226,$3074,$6316,$29657,$0,$918,$7867,$102,$11515,$43485,$21136,$5079,$96,$6168,$27304,$323,$9062,$0,$16180,$43485,$-1218,$0,$0,$0,$0,$0,$0,$0,$-176,$-773,$-85,$0,$-93,$0,$0,$773,$20,$615,$0,$-448,$-68,$0,$0,$-8,$0,$-524,$-653,$0,$0
27,2011-12-31,3.61,$0.00,0.0,$14.27,0.25,$-0.07,0.0,$-0.41,0.0,$35.45B,$24.30B,1.46,$5.53B,$19.38B,0.29,$52.99B,$14.91B,28.14%,$52.99B,$0.25B,0.47%,$52.99B,$0.25B,0.47%,$52.99B,$0.25B,0.47%,$52.99B,$-1.67B,-3.15%,$52.99B,$-1.53B,-2.88%,$-1.53B,$19.38B,-7.44%,$-1.53B,$10.69B,-14.29%,$-1.53B,$50.43B,-3.02%,$0.25B,$24.91B,0.95%,$12948,$9633,$3316,$1893,$1532,$13058,$-110,$-1829,$-1319,$147,$-1467,$-1387,$-1387,$-110,$-110,$3710,3710,$-0.37,$-0.37,$15184,$3245,$7022,$35454,$0,$986,$8697,$142,$12407,$50426,$24296,$5528,$106,$6748,$31044,$343,$10914,$0,$19382,$50426,$-1621,$0,$0,$0,$0,$0,$0,$0,$-889,$1584,$-765,$0,$-1141,$0,$0,$4054,$-61,$2088,$0,$-82,$-70,$0,$0,$-2139,$760,$-1531,$2290,$0,$0
28,2011-09-30,4.24,$0.00,0.0,$15.44,0.27,$1.18,3.61,$0.24,17.69,$35.02B,$23.81B,1.47,$5.92B,$20.80B,0.28,$57.35B,$16.79B,29.28%,$57.35B,$1.55B,2.70%,$57.35B,$1.55B,2.70%,$57.35B,$1.55B,2.70%,$57.35B,$0.76B,1.32%,$57.35B,$0.88B,1.54%,$0.88B,$20.80B,4.31%,$0.88B,$10.40B,8.61%,$0.88B,$51.83B,1.73%,$1.55B,$26.72B,5.92%,$12418,$9162,$3255,$1879,$1836,$12878,$-460,$45,$-118,$96,$-214,$-94,$-94,$-460,$-460,$3710,3714,$-0.03,$-0.03,$15304,$3540,$6622,$35022,$0,$960,$10400,$140,$14138,$51828,$23813,$5916,$105,$7215,$31028,$348,$12654,$0,$20800,$51828,$-130,$0,$0,$0,$0,$0,$0,$0,$-1229,$712,$-575,$0,$-1130,$0,$0,$3112,$-51,$1356,$0,$616,$-38,$0,$0,$-2137,$773,$-786,$1181,$0,$0
29,2011-06-30,4.81,$0.00,0.0,$15.94,0.3,$1.80,2.68,$0.47,10.24,$33.79B,$23.33B,1.45,$5.91B,$20.09B,0.29,$59.18B,$18.33B,30.97%,$59.18B,$3.53B,5.96%,$59.18B,$3.53B,5.96%,$59.18B,$3.53B,5.96%,$59.18B,$1.29B,2.18%,$59.18B,$1.71B,2.89%,$1.71B,$20.09B,8.50%,$1.71B,$9.50B,17.08%,$1.71B,$50.69B,3.42%,$3.53B,$25.99B,13.68%,$13177,$9271,$3906,$2037,$1846,$13154,$23,$-974,$-783,$-75,$-708,$-523,$-523,$23,$23,$3710,3713,$-0.14,$-0.14,$13465,$3384,$6648,$33793,$0,$989,$10590,$108,$14101,$50688,$23330,$5905,$106,$7272,$30603,$354,$12927,$0,$20086,$50688,$-35,$0,$0,$0,$0,$0,$0,$0,$-1709,$-502,$-350,$0,$-1150,$0,$0,$3757,$-24,$2233,$0,$482,$-39,$0,$0,$-2164,$66,$-1655,$-260,$0,$0
30,2011-03-31,6.0,$0.00,0.0,$15.85,0.38,$2.59,2.32,$0.69,8.7,$34.00B,$20.67B,1.65,$5.62B,$21.74B,0.26,$58.83B,$18.41B,31.28%,$58.83B,$3.95B,6.71%,$58.83B,$3.95B,6.71%,$58.83B,$3.95B,6.71%,$58.83B,$2.35B,4.00%,$58.83B,$2.52B,4.29%,$2.52B,$21.74B,12.63%,$2.52B,$12.14B,25.77%,$2.52B,$49.41B,5.11%,$3.95B,$27.36B,15.45%,$14444,$10013,$4431,$2007,$1627,$13647,$797,$-18,$551,$235,$316,$478,$478,$797,$797,$3710,3714,$0.13,$0.13,$15114,$3159,$6303,$33996,$0,$966,$9596,$87,$12848,$49413,$20665,$5617,$104,$7013,$27675,$336,$14821,$0,$21738,$49413,$470,$0,$0,$0,$0,$0,$0,$0,$-923,$-236,$-144,$0,$-161,$0,$0,$1491,$0,$1187,$0,$-596,$-4,$0,$0,$-27,$0,$-627,$-37,$0,$0
31,2010-12-31,7.28,$0.00,0.0,$15.40,0.47,$3.00,2.42,$0.69,10.55,$36.05B,$23.29B,1.55,$5.63B,$19.10B,0.3,$57.15B,$17.81B,31.16%,$57.15B,$3.40B,5.94%,$57.15B,$3.40B,5.94%,$57.15B,$3.40B,5.94%,$57.15B,$2.37B,4.15%,$57.15B,$2.51B,4.40%,$2.51B,$19.10B,12.53%,$2.51B,$8.89B,26.62%,$2.51B,$51.95B,5.06%,$3.40B,$24.73B,13.25%,$17313,$12114,$5199,$2092,$1917,$16122,$1190,$73,$1106,$113,$993,$1020,$1020,$1190,$1190,$3709,3713,$0.28,$0.28,$16300,$3350,$6343,$36046,$0,$888,$10213,$90,$13311,$51951,$23291,$5633,$117,$9560,$32851,$327,$13943,$0,$19101,$51951,$2457,$0,$0,$0,$0,$0,$0,$0,$3119,$6339,$-874,$0,$13,$0,$0,$-2356,$1,$-3215,$0,$174,$632,$0,$1,$-2017,$0,$-1210,$2212,$0,$0
32,2010-09-30,7.07,$0.00,0.0,$15.27,0.46,$2.58,2.74,$0.77,9.19,$32.45B,$21.48B,1.51,$5.55B,$19.49B,0.29,$56.70B,$17.89B,31.56%,$56.70B,$3.19B,5.63%,$56.70B,$3.19B,5.63%,$56.70B,$3.19B,5.63%,$56.70B,$2.78B,4.89%,$56.70B,$2.83B,4.98%,$2.83B,$19.49B,13.84%,$2.83B,$9.49B,29.45%,$2.83B,$48.07B,5.75%,$3.19B,$25.05B,12.23%,$14246,$9456,$4791,$1815,$1459,$12730,$1516,$-106,$414,$-1,$415,$734,$734,$1516,$1516,$3709,3712,$0.20,$0.20,$13205,$3345,$6712,$32445,$0,$922,$10002,$106,$13050,$48068,$21484,$5553,$123,$7090,$28574,$317,$12698,$0,$19494,$48068,$1426,$0,$0,$0,$0,$0,$0,$0,$1499,$3016,$-575,$0,$-146,$0,$0,$-2313,$1,$-3033,$0,$968,$121,$0,$1,$-1966,$0,$-876,$-605,$0,$0
33,2010-06-30,5.75,$0.00,0.0,$15.37,0.37,$2.44,2.36,$0.35,16.42,$31.47B,$21.45B,1.47,$5.42B,$19.58B,0.28,$57.05B,$18.06B,31.65%,$57.05B,$2.96B,5.19%,$57.05B,$2.96B,5.19%,$57.05B,$2.96B,5.19%,$57.05B,$1.69B,2.96%,$57.05B,$1.26B,2.21%,$1.26B,$19.58B,6.14%,$1.26B,$8.65B,13.62%,$1.26B,$48.14B,2.53%,$2.96B,$25.00B,11.21%,$12830,$8846,$3984,$1892,$1650,$12388,$442,$-94,$282,$149,$133,$291,$291,$442,$442,$3709,3712,$0.08,$0.08,$11256,$2828,$7387,$31472,$0,$974,$10936,$85,$14050,$48143,$21449,$5420,$125,$7113,$28562,$314,$11735,$0,$19582,$48143,$735,$0,$0,$0,$0,$0,$0,$0,$1114,$2423,$-351,$0,$-129,$0,$0,$-1095,$0,$-1575,$0,$322,$-1,$0,$0,$-1937,$0,$-1617,$-375,$0,$0
34,2010-03-31,10.42,$0.00,0.0,$15.66,0.67,$2.15,4.85,$0.38,27.41,$33.35B,$21.04B,1.59,$5.63B,$22.04B,0.26,$58.14B,$18.89B,32.49%,$58.14B,$3.57B,6.13%,$58.14B,$3.57B,6.13%,$58.14B,$3.57B,6.13%,$58.14B,$1.93B,3.31%,$58.14B,$1.37B,2.36%,$1.37B,$22.04B,6.64%,$1.37B,$10.74B,15.47%,$1.37B,$50.56B,2.72%,$3.57B,$27.68B,13.40%,$12764,$8929,$3835,$1986,$1603,$12517,$247,$-107,$569,$327,$242,$468,$468,$247,$247,$3708,3712,$0.13,$0.13,$12612,$2799,$7460,$33349,$0,$1016,$11305,$100,$14434,$50556,$21042,$5632,$98,$7471,$28513,$341,$14452,$0,$22044,$50556,$484,$0,$0,$0,$0,$0,$0,$0,$400,$1323,$-154,$0,$0,$0,$0,$-876,$-1,$-1031,$0,$-154,$-1,$0,$0,$0,$0,$-155,$330,$0,$0
35,2009-12-31,8.61,$0.00,0.0,$15.50,0.56,$1.88,4.58,$0.29,29.7,$32.93B,$21.18B,1.56,$6.18B,$20.57B,0.3,$57.65B,$18.99B,32.94%,$57.65B,$3.67B,6.36%,$57.65B,$3.67B,6.36%,$57.65B,$3.67B,6.36%,$57.65B,$1.34B,2.33%,$57.65B,$1.07B,1.85%,$1.07B,$20.57B,5.18%,$1.07B,$9.51B,12.98%,$1.07B,$49.84B,2.09%,$3.67B,$26.75B,14.05%,$16855,$11574,$5281,$2312,$1981,$15866,$989,$-128,$1510,$239,$1271,$1333,$1333,$989,$989,$3708,3714,$0.36,$0.36,$11565,$2601,$7634,$32931,$0,$869,$11063,$73,$14106,$49840,$21181,$6181,$92,$8090,$29271,$343,$14130,$0,$20569,$49840,$1243,$0,$0,$0,$0,$0,$0,$0,$195,$4528,$-639,$0,$59,$0,$0,$-1605,$-810,$-2996,$0,$-3963,$5149,$0,$0,$-2156,$0,$-971,$527,$0,$0
36,2009-09-30,9.8,$0.00,0.0,$15.41,0.64,$1.71,5.72,$0.13,75.38,$32.70B,$22.33B,1.47,$6.36B,$19.83B,0.32,$57.39B,$18.96B,33.04%,$57.39B,$4.20B,7.31%,$57.39B,$4.20B,7.31%,$57.39B,$4.20B,7.31%,$57.39B,$0.30B,0.53%,$57.39B,$0.49B,0.85%,$0.49B,$19.83B,2.27%,$0.49B,$8.11B,5.97%,$0.49B,$50.56B,0.92%,$4.20B,$26.19B,16.26%,$14604,$9646,$4959,$1981,$1696,$13323,$1281,$-1368,$-670,$635,$-1305,$-832,$-832,$1281,$1281,$3708,3714,$-0.22,$-0.22,$10622,$2907,$7360,$32699,$0,$809,$11722,$309,$15099,$50557,$22326,$6356,$91,$8398,$30724,$352,$13113,$0,$19833,$50557,$-81,$0,$0,$0,$0,$0,$0,$0,$839,$2447,$-523,$0,$53,$0,$0,$-1792,$-16,$-2278,$0,$-4043,$5272,$0,$0,$-2172,$0,$-943,$-820,$0,$0
37,2009-06-30,9.77,$0.00,0.0,$16.40,0.6,$2.62,3.73,$0.79,12.37,$30.88B,$22.82B,1.35,$5.56B,$20.25B,0.27,$61.22B,$20.57B,33.60%,$61.22B,$4.98B,8.13%,$61.22B,$4.98B,8.13%,$61.22B,$4.98B,8.13%,$61.22B,$3.10B,5.06%,$61.22B,$2.96B,4.83%,$2.96B,$20.25B,13.11%,$2.96B,$7.12B,34.83%,$2.96B,$50.77B,5.33%,$4.98B,$25.81B,19.65%,$13921,$9106,$4815,$1986,$1780,$12872,$1049,$-112,$518,$127,$391,$403,$403,$1049,$1049,$3705,3711,$0.11,$0.11,$9527,$2687,$6779,$30877,$0,$789,$13128,$339,$17156,$50772,$22817,$5556,$91,$7704,$30521,$335,$13265,$0,$20252,$50772,$684,$0,$0,$0,$0,$0,$0,$0,$820,$1351,$-356,$0,$-951,$0,$0,$59,$-30,$-1278,$0,$-3234,$4592,$0,$0,$-2069,$0,$-711,$-610,$0,$0
38,2009-03-31,7.54,$0.00,0.0,$18.06,0.42,$3.12,2.42,$1.13,6.68,$32.06B,$24.36B,1.32,$4.02B,$21.62B,0.19,$67.86B,$22.67B,33.41%,$67.86B,$6.04B,8.90%,$67.86B,$6.04B,8.90%,$67.86B,$6.04B,8.90%,$67.86B,$4.89B,7.20%,$67.86B,$4.28B,6.30%,$4.28B,$21.62B,18.49%,$4.28B,$8.09B,39.26%,$4.28B,$52.28B,7.64%,$6.04B,$25.65B,24.58%,$12269,$8333,$3936,$1962,$1625,$11920,$349,$-226,$-16,$-21,$5,$161,$161,$349,$349,$3745,3745,$0.04,$0.04,$11287,$2998,$5966,$32062,$0,$827,$13530,$54,$17192,$52277,$24356,$4023,$89,$6299,$30656,$322,$14167,$0,$21621,$52277,$160,$0,$0,$0,$0,$0,$0,$0,$468,$361,$-188,$0,$0,$0,$0,$-196,$275,$-110,$0,$-1318,$2936,$0,$0,$-38,$0,$1580,$1878,$0,$0
39,2008-12-31,10.08,$0.00,0.0,$19.75,0.51,$3.30,3.06,$1.57,6.42,$36.00B,$29.95B,1.2,$1.27B,$24.29B,0.05,$74.55B,$25.51B,34.22%,$74.55B,$8.40B,11.27%,$74.55B,$8.40B,11.27%,$74.55B,$8.40B,11.27%,$74.55B,$7.31B,9.81%,$74.55B,$5.95B,7.98%,$5.95B,$24.29B,24.68%,$5.95B,$9.33B,43.00%,$5.95B,$58.24B,10.57%,$8.40B,$25.56B,34.14%,$16592,$11343,$5250,$2328,$1405,$15076,$1516,$-1087,$470,$-170,$641,$755,$755,$1516,$1516,$3698,3724,$0.20,$0.20,$11556,$3727,$6677,$36003,$0,$895,$14963,$54,$18800,$58237,$29948,$1267,$102,$3998,$33946,$362,$17202,$0,$24291,$58237,$5866,$0,$0,$0,$0,$0,$0,$0,$-3745,$4703,$-1421,$0,$-8710,$0,$0,$5682,$175,$-4273,$0,$4253,$1000,$0,$-4513,$-3013,$0,$-2273,$-1915,$0,$0
40,2008-09-30,12.05,$0.00,0.0,$21.25,0.57,$4.95,2.43,$2.05,5.88,$38.29B,$33.45B,1.15,$0.26B,$24.02B,0.01,$80.74B,$28.73B,35.58%,$80.74B,$10.68B,13.23%,$80.74B,$10.68B,13.23%,$80.74B,$10.68B,13.23%,$80.74B,$10.50B,13.00%,$80.74B,$7.85B,9.73%,$7.85B,$24.02B,32.76%,$7.85B,$9.42B,48.59%,$7.85B,$60.68B,14.37%,$10.68B,$24.29B,44.07%,$18441,$11870,$6571,$2209,$2299,$16378,$2063,$65,$2124,$535,$1590,$1638,$1638,$2063,$2063,$3748,3748,$0.44,$0.44,$10896,$4891,$6126,$38294,$0,$1246,$14606,$585,$19305,$60684,$33450,$262,$240,$3209,$36660,$371,$16792,$0,$24024,$60684,$0,$0,$0,$0,$0,$0,$0,$0,$0,$5267,$83,$0,$-8231,$0,$0,$5347,$-958,$-3759,$0,$4544,$-29,$0,$-4626,$-3028,$0,$-3138,$-1633,$0,$0
41,2008-06-30,15.84,$0.00,0.0,$20.86,0.76,$5.17,3.06,$2.16,7.33,$39.71B,$28.18B,1.41,$0.26B,$22.59B,0.01,$80.02B,$28.24B,35.29%,$80.02B,$11.04B,13.80%,$80.02B,$11.04B,13.80%,$80.02B,$11.04B,13.80%,$80.02B,$11.02B,13.77%,$80.02B,$8.36B,10.45%,$8.36B,$22.59B,35.80%,$8.36B,$16.75B,46.73%,$8.36B,$52.81B,16.38%,$11.04B,$22.85B,46.69%,$20555,$13643,$6912,$2182,$2615,$18441,$2114,$191,$2309,$616,$1693,$1724,$1724,$2114,$2114,$3803,3803,$0.45,$0.45,$12477,$4319,$5386,$39705,$0,$1149,$5834,$597,$10193,$52808,$28183,$264,$180,$2037,$30220,$385,$15561,$0,$22588,$52808,$0,$0,$0,$0,$0,$0,$0,$0,$0,$3458,$-553,$0,$-486,$0,$0,$3127,$-519,$1568,$0,$-47,$-88,$0,$-4296,$-3125,$0,$-7555,$-2564,$0,$0
42,2008-03-31,20.03,$0.00,0.0,$19.85,1.01,$5.40,3.71,$2.69,7.45,$40.95B,$26.06B,1.57,$0.26B,$25.50B,0.01,$76.66B,$26.84B,35.01%,$76.66B,$9.87B,12.88%,$76.66B,$9.87B,12.88%,$76.66B,$9.87B,12.88%,$76.66B,$12.01B,15.66%,$76.66B,$10.49B,13.68%,$10.49B,$25.50B,46.20%,$10.49B,$19.83B,60.46%,$10.49B,$53.46B,21.65%,$9.87B,$25.76B,43.02%,$18965,$12183,$6781,$2060,$2012,$16255,$2710,$-303,$2407,$610,$1798,$1831,$1831,$2710,$2710,$3819,3819,$0.48,$0.48,$15528,$4184,$5360,$40945,$0,$1040,$5674,$55,$9258,$53455,$26055,$259,$175,$1901,$27956,$369,$16223,$0,$25499,$53455,$1831,$0,$0,$0,$0,$0,$0,$0,$-1886,$1134,$-282,$0,$-307,$0,$0,$1944,$0,$1356,$0,$112,$-40,$0,$-2054,$0,$0,$-1982,$472,$0,$0
43,2007-12-31,24.16,$0.00,0.0,$18.19,1.33,$5.67,4.26,$2.54,9.51,$40.16B,$26.02B,1.54,$0.28B,$23.77B,0.01,$70.61B,$24.33B,34.46%,$70.61B,$8.97B,12.70%,$70.61B,$8.97B,12.70%,$70.61B,$8.97B,12.70%,$70.61B,$11.34B,16.06%,$70.61B,$9.94B,14.08%,$9.94B,$23.77B,48.82%,$9.94B,$18.64B,61.51%,$9.94B,$51.55B,23.35%,$8.97B,$24.05B,43.58%,$22774,$14310,$8464,$2313,$2358,$18980,$3793,$239,$3659,$1086,$2573,$2659,$2659,$3793,$3793,$3823,3823,$0.70,$0.68,$16113,$3943,$4537,$40162,$0,$913,$5130,$74,$8765,$51548,$26016,$278,$163,$1762,$27778,$337,$19016,$0,$23770,$51548,$11618,$0,$0,$0,$0,$0,$0,$0,$829,$10806,$-1097,$0,$347,$0,$0,$-214,$-10,$-973,$0,$906,$136,$0,$-3883,$-2413,$0,$-5254,$4559,$0,$0
44,2007-09-30,23.87,$0.00,0.0,$16.02,1.49,$4.31,5.54,$2.27,10.51,$34.81B,$22.91B,1.52,$0.33B,$21.58B,0.02,$62.93B,$20.83B,33.11%,$62.93B,$7.47B,11.88%,$62.93B,$7.47B,11.88%,$62.93B,$7.47B,11.88%,$62.93B,$9.70B,15.41%,$62.93B,$8.92B,14.18%,$8.92B,$21.58B,49.01%,$8.92B,$16.36B,59.38%,$8.92B,$46.42B,24.26%,$7.47B,$21.91B,40.69%,$17722,$11641,$6081,$1904,$1755,$15299,$2422,$221,$2644,$500,$2143,$2148,$2148,$2422,$2422,$3908,3908,$0.55,$0.55,$13311,$3971,$4121,$34807,$0,$911,$5220,$754,$8983,$46416,$22913,$333,$177,$1924,$24836,$338,$20073,$0,$21580,$46416,$7378,$0,$0,$0,$0,$0,$0,$0,$1425,$7099,$-665,$0,$451,$0,$0,$-1212,$-201,$-1627,$0,$305,$153,$0,$-3758,$-2366,$0,$-5666,$-201,$0,$0
45,2007-06-30,17.69,$0.00,0.0,$14.69,1.2,$3.39,5.21,$1.99,8.89,$31.01B,$20.69B,1.5,$0.14B,$19.95B,0.01,$58.09B,$18.74B,32.25%,$58.09B,$6.71B,11.55%,$58.09B,$6.71B,11.55%,$58.09B,$6.71B,11.55%,$58.09B,$8.52B,14.66%,$58.09B,$7.85B,13.52%,$7.85B,$19.95B,47.88%,$7.85B,$14.56B,54.89%,$7.85B,$42.37B,24.48%,$6.71B,$20.09B,40.65%,$17200,$11689,$5512,$2313,$2250,$16251,$949,$2581,$3297,$59,$3238,$3850,$3850,$949,$949,$3913,3913,$0.98,$0.98,$11198,$3587,$4618,$31008,$0,$1007,$5384,$78,$8231,$42374,$20693,$143,$169,$1734,$22427,$332,$14007,$0,$19948,$42374,$5132,$0,$0,$0,$0,$0,$0,$0,$1421,$4284,$-427,$0,$510,$0,$0,$392,$-112,$363,$0,$-473,$0,$0,$-2197,$-2321,$0,$-4992,$-329,$0,$0
46,2007-03-31,14.11,$0.00,0.0,$13.32,1.06,$2.89,4.88,$1.36,10.37,$24.68B,$13.25B,1.86,$0.09B,$16.14B,0.01,$53.22B,$17.29B,32.50%,$53.22B,$7.23B,13.58%,$53.22B,$7.23B,13.58%,$53.22B,$7.23B,13.58%,$53.22B,$7.19B,13.50%,$53.22B,$5.43B,10.21%,$5.43B,$16.14B,36.43%,$5.43B,$15.07B,38.99%,$5.43B,$29.91B,19.44%,$7.23B,$16.23B,48.15%,$12911,$8638,$4273,$1212,$1260,$11110,$1801,$-66,$1736,$441,$1294,$1282,$1282,$1801,$1801,$3916,3916,$0.33,$0.33,$11901,$2066,$3136,$24676,$0,$655,$1066,$34,$2813,$29907,$13248,$92,$160,$520,$13768,$322,$15868,$0,$16139,$29907,$1282,$0,$0,$0,$0,$0,$0,$0,$481,$2150,$-186,$0,$0,$0,$0,$-1487,$0,$-1673,$0,$-149,$0,$0,$-993,$-48,$0,$-1191,$-721,$0,$0
47,2006-12-31,12.51,$0.00,0.0,$12.75,0.98,$2.62,4.77,$1.33,9.4,$23.34B,$12.76B,1.83,$0.09B,$15.15B,0.01,$51.74B,$16.90B,32.66%,$51.74B,$7.01B,13.54%,$51.74B,$7.01B,13.54%,$51.74B,$7.01B,13.54%,$51.74B,$7.19B,13.89%,$51.74B,$5.41B,10.46%,$5.41B,$15.15B,38.45%,$5.41B,$14.11B,41.13%,$5.41B,$28.41B,19.96%,$7.01B,$15.23B,49.51%,$15094,$10126,$4968,$1370,$1296,$12792,$2302,$-183,$2023,$374,$1649,$1642,$1642,$2302,$2302,$3978,3978,$0.41,$0.41,$10722,$1952,$3274,$23344,$0,$643,$1042,$349,$3051,$28407,$12762,$87,$153,$497,$13260,$309,$13970,$0,$15147,$28407,$5408,$0,$0,$0,$0,$0,$0,$0,$-996,$5624,$-939,$0,$-649,$0,$0,$2852,$0,$1264,$0,$-172,$62,$0,$-4176,$-1951,$0,$-6237,$587,$0,$0
