,Date,Stock Price,Book Value per Share,Price to Book Ratio,TTM Sales per Share,Price to Sales Ratio,TTM FCF per Share,Price to FCF Ratio,TTM Net EPS,PE Ratio,Current Assets,Current Liabilities,Current Ratio,Long Term Debt,Shareholder's Equity_x,Debt to Equity Ratio,TTM Revenue_x,TTM Gross Profit,Gross Margin,TTM Revenue_y,TTM Operating Income,Operating Margin,TTM Revenue_x,TTM EBIT,EBIT Margin,TTM Revenue_y,TTM EBITDA,EBITDA Margin,TTM Revenue_x,TTM Pre-Tax Income,Pre-Tax Margin,TTM Revenue_y,TTM Net Income_x,Net Margin,TTM Net Income_y,Shareholder's Equity_y,Return on Equity,TTM Net Income_x,Tangible Equity,Return on Tangible Equity,TTM Net Income_y,Total Assets,Return on Assets,TTM Net Income,LT Investments & Debt,Return on Investment,revenue,cost-goods-sold,gross-profit,research-development-expenses,selling-general-administrative-expenses,operating-expenses,operating-income,total-non-operating-income-expense,pre-tax-income,total-provision-income-taxes,income-after-taxes,income-from-continuous-operations,net-income,ebitda,ebit,basic-shares-outstanding,shares-outstanding,eps-basic-net-earnings-per-share,eps-earnings-per-share-diluted,cash-on-hand,inventory,other-current-assets,total-current-assets,net-property-plant-equipment,long-term-investments,goodwill-intangible-assets-total,other-long-term-assets,total-long-term-assets,total-assets,total-current-liabilities,long-term-debt,other-non-current-liabilities,total-long-term-liabilities,total-liabilities,common-stock-net,retained-earnings-accumulated-deficit,comprehensive-income,total-share-holder-equity,total-liabilities-share-holders-equity,net-income-loss,total-depreciation-amortization-cash-flow,other-non-cash-items,total-non-cash-items,change-in-accounts-receivable,change-in-inventories,change-in-accounts-payable,change-in-assets-liabilities,total-change-in-assets-liabilities,cash-flow-from-operating-activities,net-change-in-property-plant-equipment,net-change-in-intangible-assets,net-acquisitions-divestitures,net-change-in-short-term-investments,net-change-in-long-term-investments,net-change-in-investments-total,investing-activities-other,cash-flow-from-investing-activities,net-long-term-debt,net-current-debt,debt-issuance-retirement-net-total,net-common-equity-issued-repurchased,net-total-equity-issued-repurchased,total-common-preferred-stock-dividends-paid,financial-activities-other,cash-flow-from-financial-activities,net-cash-flow,stock-based-compensation,common-stock-dividends-paid
0,2018-09-30,20.26,$13.38,1.51,$14.02,1.44,$2.84,7.13,$0.85,23.84,$0.97B,$0.88B,1.1,$2.05B,$2.33B,0.88,$2.46B,$0.75B,30.52%,$2.46B,$0.30B,12.34%,$2.46B,$0.30B,12.34%,$2.46B,$0.35B,14.33%,$2.46B,$0.24B,9.74%,$2.46B,$0.19B,7.71%,$0.19B,$2.33B,8.33%,$0.19B,$-2.26B,-9.41%,$0.19B,$6.06B,3.27%,$0.30B,$4.38B,7.30%,$617,$446,$171,$0,$0,$549,$68,$-14,$54,$12,$42,$42,$43,$82,$68,$176,176,$0.24,$0.24,$196,$439,$93,$967,$398,$31,$4588,$0,$5094,$6061,$877,$2050,$355,$2855,$3732,$0,$-258,$0,$2329,$6061,$151,$39,$119,$158,$-59,$-59,$-17,$0,$-135,$129,$-21,$-4,$-541,$0,$0,$0,$0,$-565,$406,$0,$406,$0,$0,$0,$-39,$366,$-72,$11,$0
1,2018-06-30,19.19,$13.47,1.42,$13.64,1.41,$2.87,6.69,$1.14,16.83,$1.19B,$0.88B,1.36,$2.10B,$2.34B,0.9,$2.39B,$0.74B,31.18%,$2.39B,$0.31B,12.95%,$2.39B,$0.31B,12.95%,$2.39B,$0.36B,15.00%,$2.39B,$0.25B,10.44%,$2.39B,$0.20B,8.21%,$0.20B,$2.34B,8.78%,$0.20B,$-2.08B,-10.11%,$0.20B,$6.10B,3.47%,$0.31B,$4.44B,7.69%,$582,$402,$181,$0,$0,$511,$71,$-21,$50,$13,$37,$37,$37,$84,$71,$176,176,$0.22,$0.22,$499,$398,$95,$1188,$383,$29,$4424,$0,$4913,$6101,$875,$2100,$364,$2883,$3758,$0,$-310,$0,$2344,$6101,$111,$25,$83,$108,$-32,$-18,$-7,$-0,$-58,$130,$-10,$-2,$-283,$0,$0,$0,$0,$-295,$416,$0,$416,$0,$0,$0,$-30,$386,$220,$8,$0
2,2018-03-31,15.74,$13.54,1.16,$13.10,1.2,$2.92,5.38,$1.04,15.13,$1.15B,$0.88B,1.3,$1.82B,$2.36B,0.77,$2.31B,$0.72B,31.28%,$2.31B,$0.30B,13.04%,$2.31B,$0.30B,13.04%,$2.31B,$0.35B,15.08%,$2.31B,$0.23B,9.84%,$2.31B,$0.18B,7.80%,$0.18B,$2.36B,8.33%,$0.18B,$-1.91B,-9.68%,$0.18B,$5.88B,3.34%,$0.30B,$4.17B,7.89%,$663,$452,$211,$0,$0,$556,$107,$-7,$99,$23,$77,$77,$77,$119,$107,$176,176,$0.44,$0.44,$490,$353,$91,$1146,$353,$22,$4265,$0,$4731,$5877,$881,$1818,$420,$2640,$3521,$0,$-356,$0,$2356,$5877,$77,$12,$35,$47,$-31,$24,$-7,$0,$-13,$100,$-5,$-1,$0,$0,$0,$0,$0,$-6,$123,$0,$123,$0,$0,$0,$-4,$119,$215,$3,$0
3,2017-12-31,16.91,$12.67,1.33,$12.40,1.36,$2.74,6.17,$0.88,19.22,$0.85B,$0.79B,1.07,$1.58B,$2.09B,0.75,$2.21B,$0.68B,30.62%,$2.21B,$0.27B,12.39%,$2.21B,$0.27B,12.39%,$2.21B,$0.32B,14.56%,$2.21B,$0.19B,8.64%,$2.21B,$0.15B,6.97%,$0.15B,$2.09B,7.37%,$0.15B,$-1.83B,-8.61%,$0.15B,$5.20B,2.97%,$0.27B,$3.67B,7.46%,$602,$413,$189,$0,$0,$544,$58,$-21,$37,$4,$33,$33,$33,$68,$58,$176,176,$0.20,$0.16,$250,$347,$83,$847,$334,$21,$3922,$0,$4355,$5201,$793,$1577,$367,$2314,$3107,$0,$-393,$0,$2094,$5201,$154,$48,$166,$214,$-2,$19,$20,$-0,$37,$219,$-43,$-5,$0,$0,$0,$0,$0,$-48,$1,$-2,$-1,$-201,$-201,$0,$-72,$-273,$-125,$3,$0
4,2017-09-30,14.57,$12.93,1.13,$11.84,1.23,$3.21,4.54,$0.68,21.43,$0.86B,$0.84B,1.03,$1.65B,$2.14B,0.77,$2.13B,$0.64B,29.77%,$2.13B,$0.25B,11.49%,$2.13B,$0.25B,11.49%,$2.13B,$0.30B,13.92%,$2.13B,$0.16B,7.45%,$2.13B,$0.12B,5.58%,$0.12B,$2.14B,5.69%,$0.12B,$-1.94B,-6.74%,$0.12B,$5.39B,2.29%,$0.25B,$3.79B,6.65%,$539,$376,$163,$0,$0,$466,$73,$-10,$63,$14,$49,$49,$49,$87,$73,$172,172,$0.28,$0.28,$216,$389,$87,$859,$345,$22,$4077,$0,$4526,$5385,$837,$1650,$375,$2410,$3247,$0,$-439,$0,$2138,$5385,$128,$38,$124,$162,$-10,$-11,$-9,$2,$-27,$142,$-31,$-3,$0,$0,$0,$0,$0,$-33,$1,$-2,$-1,$-209,$-209,$0,$-57,$-267,$-178,$3,$0
5,2017-06-30,14.11,$11.92,1.18,$11.38,1.24,$3.58,3.94,$0.41,34.41,$0.90B,$0.82B,1.09,$1.57B,$2.06B,0.76,$2.08B,$0.62B,29.51%,$2.08B,$0.21B,10.27%,$2.08B,$0.21B,10.27%,$2.08B,$0.27B,12.76%,$2.08B,$0.12B,5.76%,$2.08B,$0.07B,3.55%,$0.07B,$2.06B,3.55%,$0.07B,$-1.76B,-4.30%,$0.07B,$5.12B,1.44%,$0.21B,$3.62B,5.83%,$504,$345,$159,$0,$0,$441,$63,$-36,$28,$6,$21,$21,$21,$74,$63,$182,182,$0.12,$0.12,$333,$340,$83,$896,$321,$18,$3818,$0,$4228,$5124,$819,$1565,$326,$2250,$3069,$0,$-457,$0,$2055,$5124,$74,$24,$87,$111,$8,$15,$13,$-1,$34,$152,$-18,$-3,$0,$0,$0,$0,$0,$-21,$1,$-2,$-1,$-103,$-103,$0,$-42,$-146,$-32,$2,$0
6,2017-03-31,11.45,$11.29,1.01,$11.42,1.0,$3.70,3.09,$0.25,45.8,$0.96B,$0.78B,1.23,$1.55B,$2.07B,0.75,$2.10B,$0.61B,29.31%,$2.10B,$0.16B,7.73%,$2.10B,$0.16B,7.73%,$2.10B,$0.22B,10.41%,$2.10B,$0.08B,3.96%,$2.10B,$0.05B,2.15%,$0.05B,$2.07B,2.14%,$0.05B,$-1.63B,-2.63%,$0.05B,$5.04B,0.87%,$0.16B,$3.62B,4.37%,$566,$400,$166,$0,$0,$486,$80,$-17,$63,$12,$51,$51,$51,$93,$80,$184,184,$0.28,$0.28,$403,$318,$86,$962,$314,$0,$3699,$0,$4082,$5044,$783,$1547,$286,$2189,$2971,$0,$-466,$0,$2073,$5044,$51,$13,$31,$44,$-10,$28,$-16,$-0,$2,$73,$-7,$-1,$0,$0,$0,$0,$0,$-9,$0,$-2,$-2,$0,$0,$0,$-15,$-17,$45,$1,$0
7,2016-12-31,9.57,$11.56,0.83,$11.63,0.82,$3.75,2.55,$0.22,43.5,$0.97B,$0.83B,1.16,$1.61B,$2.11B,0.76,$2.13B,$0.63B,29.68%,$2.13B,$0.15B,7.17%,$2.13B,$0.15B,7.17%,$2.13B,$0.21B,9.80%,$2.13B,$0.09B,3.98%,$2.13B,$0.04B,1.92%,$0.04B,$2.11B,1.94%,$0.04B,$-1.74B,-2.38%,$0.04B,$5.21B,0.77%,$0.15B,$3.71B,4.09%,$524,$378,$147,$0,$0,$496,$29,$-24,$5,$7,$-2,$-2,$-2,$43,$29,$184,184,$-0.01,$-0.01,$379,$360,$78,$967,$330,$0,$3842,$0,$4245,$5212,$833,$1607,$298,$2273,$3106,$0,$-537,$0,$2105,$5212,$40,$57,$263,$320,$-10,$-20,$67,$-4,$34,$312,$-42,$-5,$0,$0,$0,$0,$-9,$-56,$0,$-1,$-1,$0,$0,$0,$-74,$-75,$159,$1,$0
