,Date,Stock Price,Book Value per Share,Price to Book Ratio,TTM Sales per Share,Price to Sales Ratio,TTM FCF per Share,Price to FCF Ratio,TTM Net EPS,PE Ratio,Current Assets,Current Liabilities,Current Ratio,Long Term Debt,Shareholder's Equity_x,Debt to Equity Ratio,TTM Revenue_x,TTM Gross Profit,Gross Margin,TTM Revenue_y,TTM Operating Income,Operating Margin,TTM Revenue_x,TTM EBIT,EBIT Margin,TTM Revenue_y,TTM EBITDA,EBITDA Margin,TTM Revenue_x,TTM Pre-Tax Income,Pre-Tax Margin,TTM Revenue_y,TTM Net Income_x,Net Margin,TTM Net Income_y,Shareholder's Equity_y,Return on Equity,TTM Net Income_x,Tangible Equity,Return on Tangible Equity,TTM Net Income_y,Total Assets,Return on Assets,TTM Net Income,LT Investments & Debt,Return on Investment,revenue,cost-goods-sold,gross-profit,research-development-expenses,selling-general-administrative-expenses,operating-expenses,operating-income,total-non-operating-income-expense,pre-tax-income,total-provision-income-taxes,income-after-taxes,income-from-continuous-operations,net-income,ebitda,ebit,basic-shares-outstanding,shares-outstanding,eps-basic-net-earnings-per-share,eps-earnings-per-share-diluted,cash-on-hand,inventory,other-current-assets,total-current-assets,net-property-plant-equipment,long-term-investments,goodwill-intangible-assets-total,other-long-term-assets,total-long-term-assets,total-assets,total-current-liabilities,long-term-debt,other-non-current-liabilities,total-long-term-liabilities,total-liabilities,common-stock-net,retained-earnings-accumulated-deficit,comprehensive-income,total-share-holder-equity,total-liabilities-share-holders-equity,net-income-loss,total-depreciation-amortization-cash-flow,other-non-cash-items,total-non-cash-items,change-in-accounts-receivable,change-in-inventories,change-in-accounts-payable,change-in-assets-liabilities,total-change-in-assets-liabilities,cash-flow-from-operating-activities,net-change-in-property-plant-equipment,net-change-in-intangible-assets,net-acquisitions-divestitures,net-change-in-short-term-investments,net-change-in-long-term-investments,net-change-in-investments-total,investing-activities-other,cash-flow-from-investing-activities,net-long-term-debt,net-current-debt,debt-issuance-retirement-net-total,net-common-equity-issued-repurchased,net-total-equity-issued-repurchased,total-common-preferred-stock-dividends-paid,financial-activities-other,cash-flow-from-financial-activities,net-cash-flow,stock-based-compensation,common-stock-dividends-paid
0,2018-09-30,86.3,$23.66,3.65,$61.18,1.41,$6.91,12.49,$2.46,35.08,$0.30B,$0.13B,2.24,$0.25B,$0.00B,0.0,$1.04B,$0.19B,18.50%,$1.04B,$0.06B,5.39%,$1.04B,$0.06B,5.39%,$1.04B,$0.09B,8.86%,$1.04B,$0.04B,4.05%,$1.04B,$0.04B,3.95%,$0.04B,$0.40B,10.22%,$0.04B,$0.24B,17.10%,$0.04B,$0.89B,4.56%,$0.06B,$0.65B,8.53%,$256,$215,$41,$0,$24,$240,$17,$-3,$13,$0,$13,$13,$12,$25,$17,$17,17,$0.71,$0.70,$7,$138,$3,$297,$398,$0,$157,$15,$588,$885,$132,$248,$7,$353,$485,$0,$0,$0,$399,$885,$24,$27,$21,$48,$0,$0,$0,$-8,$-8,$64,$-28,$0,$0,$0,$0,$0,$-1,$-29,$-5,$0,$-5,$-6,$-6,$-21,$-0,$-32,$3,$4,$-21
1,2018-06-30,84.46,$23.32,3.62,$60.54,1.4,$7.55,11.19,$2.86,29.53,$0.30B,$0.13B,2.42,$0.25B,$0.00B,0.0,$1.03B,$0.20B,19.38%,$1.03B,$0.07B,6.62%,$1.03B,$0.07B,6.62%,$1.03B,$0.10B,10.13%,$1.03B,$0.06B,5.36%,$1.03B,$0.05B,4.67%,$0.05B,$0.39B,11.99%,$0.05B,$0.24B,19.88%,$0.05B,$0.89B,5.39%,$0.07B,$0.64B,10.47%,$271,$216,$55,$0,$25,$276,$-4,$-3,$-8,$-3,$-5,$-5,$-5,$5,$-4,$17,17,$-0.29,$-0.29,$7,$141,$5,$304,$393,$0,$158,$15,$583,$887,$126,$252,$8,$369,$495,$0,$0,$0,$393,$887,$11,$19,$29,$47,$0,$0,$0,$-19,$-19,$40,$-16,$0,$0,$0,$0,$0,$-0,$-16,$-1,$0,$-1,$-6,$-6,$-14,$0,$-21,$3,$3,$-14
2,2018-03-31,77.65,$24.51,3.17,$59.08,1.31,$7.67,10.13,$4.61,16.84,$0.30B,$0.12B,2.51,$0.27B,$0.00B,0.0,$1.01B,$0.20B,19.70%,$1.01B,$0.10B,10.05%,$1.01B,$0.10B,10.05%,$1.01B,$0.14B,13.53%,$1.01B,$0.09B,8.86%,$1.01B,$0.08B,7.76%,$0.08B,$0.41B,19.66%,$0.08B,$0.25B,32.43%,$0.08B,$0.92B,8.95%,$0.10B,$0.68B,15.84%,$267,$214,$52,$0,$27,$242,$24,$-3,$21,$5,$16,$16,$16,$34,$24,$17,17,$0.96,$0.95,$6,$145,$0,$304,$427,$0,$166,$17,$620,$924,$121,$269,$7,$391,$512,$0,$0,$0,$412,$924,$16,$9,$1,$11,$0,$0,$0,$-19,$-19,$8,$-8,$0,$0,$0,$0,$0,$-0,$-8,$14,$0,$14,$-5,$-5,$-7,$0,$2,$2,$2,$-7
3,2017-12-31,89.33,$23.70,3.77,$57.63,1.55,$8.26,10.82,$4.69,19.05,$0.29B,$0.13B,2.29,$0.25B,$0.00B,0.0,$0.98B,$0.20B,20.31%,$0.98B,$0.10B,10.61%,$0.98B,$0.10B,10.61%,$0.98B,$0.14B,13.98%,$0.98B,$0.09B,9.39%,$0.98B,$0.08B,8.16%,$0.08B,$0.40B,21.00%,$0.08B,$0.24B,34.78%,$0.08B,$0.90B,9.55%,$0.10B,$0.65B,17.02%,$244,$201,$44,$0,$26,$225,$19,$-3,$16,$-3,$19,$19,$18,$28,$19,$17,17,$1.12,$1.09,$5,$144,$0,$285,$425,$0,$164,$20,$619,$904,$125,$254,$11,$380,$505,$0,$0,$0,$400,$904,$80,$33,$-2,$32,$-10,$-12,$11,$-0,$-11,$100,$-43,$0,$-51,$-1,$0,$-1,$-1,$-95,$30,$0,$30,$-9,$-9,$-25,$-0,$-4,$1,$6,$-25
4,2017-09-30,83.95,$23.60,3.56,$56.23,1.49,$7.67,10.95,$4.54,18.49,$0.29B,$0.11B,2.52,$0.22B,$0.00B,0.0,$0.96B,$0.20B,21.11%,$0.96B,$0.11B,11.18%,$0.96B,$0.11B,11.18%,$0.96B,$0.14B,14.52%,$0.96B,$0.10B,9.93%,$0.96B,$0.08B,8.15%,$0.08B,$0.40B,21.34%,$0.08B,$0.25B,35.54%,$0.08B,$0.85B,9.71%,$0.11B,$0.62B,18.23%,$245,$197,$48,$0,$21,$216,$29,$-3,$26,$7,$19,$19,$19,$37,$29,$17,17,$1.11,$1.10,$24,$124,$0,$289,$381,$0,$148,$19,$558,$847,$114,$222,$7,$336,$450,$0,$0,$0,$397,$847,$61,$24,$8,$32,$0,$0,$0,$-12,$-12,$82,$-35,$0,$0,$0,$0,$0,$-0,$-36,$0,$0,$0,$-7,$-7,$-19,$0,$-25,$21,$4,$-19
5,2017-06-30,78.38,$22.47,3.49,$55.42,1.41,$7.76,10.1,$4.39,17.85,$0.27B,$0.11B,2.56,$0.22B,$0.00B,0.0,$0.95B,$0.20B,21.48%,$0.95B,$0.11B,11.11%,$0.95B,$0.11B,11.11%,$0.95B,$0.14B,14.50%,$0.95B,$0.09B,9.84%,$0.95B,$0.08B,7.94%,$0.08B,$0.38B,21.16%,$0.08B,$0.23B,36.01%,$0.08B,$0.81B,9.56%,$0.11B,$0.60B,18.33%,$249,$195,$54,$0,$25,$220,$29,$-3,$26,$1,$25,$25,$25,$37,$29,$17,17,$1.47,$1.46,$9,$119,$0,$269,$370,$0,$146,$18,$544,$812,$105,$220,$7,$330,$435,$0,$0,$0,$378,$812,$43,$16,$4,$20,$0,$0,$0,$-18,$-18,$45,$-19,$0,$0,$0,$0,$0,$-0,$-19,$-1,$0,$-1,$-6,$-6,$-13,$0,$-20,$6,$3,$-13
6,2017-03-31,72.61,$20.76,3.5,$55.18,1.32,$7.89,9.2,$4.12,17.62,$0.25B,$0.10B,2.47,$0.23B,$0.00B,0.0,$0.94B,$0.21B,22.19%,$0.94B,$0.11B,11.68%,$0.94B,$0.11B,11.68%,$0.94B,$0.14B,15.07%,$0.94B,$0.10B,10.40%,$0.94B,$0.07B,7.54%,$0.07B,$0.35B,20.55%,$0.07B,$0.20B,35.72%,$0.07B,$0.79B,9.17%,$0.11B,$0.57B,19.52%,$242,$189,$53,$0,$25,$215,$27,$-3,$24,$6,$18,$18,$18,$35,$27,$17,17,$1.04,$1.03,$6,$117,$0,$252,$363,$0,$144,$18,$535,$787,$102,$225,$6,$337,$439,$0,$0,$0,$349,$787,$18,$8,$8,$16,$0,$0,$0,$-11,$-11,$22,$-12,$0,$0,$0,$0,$0,$-0,$-12,$5,$0,$5,$-7,$-7,$-6,$0,$-8,$2,$3,$-6
7,2016-12-31,82.44,$20.17,4.09,$55.16,1.49,$7.55,10.91,$4.20,19.63,$0.24B,$0.11B,2.19,$0.22B,$0.34B,0.65,$0.94B,$0.22B,22.82%,$0.94B,$0.11B,12.10%,$0.94B,$0.11B,12.10%,$0.94B,$0.15B,15.61%,$0.94B,$0.10B,10.93%,$0.94B,$0.07B,7.64%,$0.07B,$0.34B,21.18%,$0.07B,$0.19B,37.55%,$0.07B,$0.77B,9.35%,$0.11B,$0.56B,20.31%,$221,$174,$47,$0,$20,$199,$22,$-3,$19,$3,$16,$16,$16,$30,$22,$17,17,$0.97,$0.96,$3,$116,$0,$236,$365,$0,$144,$14,$529,$766,$108,$220,$3,$319,$427,$0,$170,$-92,$338,$766,$73,$32,$12,$44,$2,$4,$-3,$0,$-1,$116,$-68,$0,$0,$-0,$0,$-0,$0,$-68,$-10,$0,$-10,$-16,$-16,$-22,$-0,$-48,$-1,$6,$-22
8,2016-09-30,76.13,$21.05,3.62,$55.80,1.36,$8.52,8.94,$3.95,19.27,$0.24B,$0.11B,2.2,$0.21B,$0.00B,0.0,$0.95B,$0.22B,22.92%,$0.95B,$0.11B,11.88%,$0.95B,$0.11B,11.88%,$0.95B,$0.15B,15.35%,$0.95B,$0.10B,10.73%,$0.95B,$0.07B,7.15%,$0.07B,$0.35B,20.39%,$0.07B,$0.20B,37.11%,$0.07B,$0.77B,8.87%,$0.11B,$0.56B,20.30%,$233,$184,$49,$0,$21,$206,$27,$-3,$24,$8,$16,$16,$16,$35,$27,$17,17,$0.97,$0.95,$7,$118,$0,$244,$358,$0,$148,$14,$529,$772,$111,$210,$4,$309,$420,$0,$0,$0,$353,$772,$57,$24,$12,$36,$0,$0,$0,$5,$5,$98,$-49,$0,$0,$-0,$0,$-0,$0,$-50,$-20,$0,$-20,$-8,$-8,$-17,$0,$-45,$3,$4,$-17
9,2016-06-30,69.43,$20.39,3.4,$55.84,1.24,$8.87,7.83,$3.35,20.72,$0.26B,$0.11B,2.38,$0.22B,$0.00B,0.0,$0.95B,$0.22B,22.84%,$0.95B,$0.11B,11.58%,$0.95B,$0.11B,11.58%,$0.95B,$0.14B,15.16%,$0.95B,$0.10B,10.53%,$0.95B,$0.06B,6.11%,$0.06B,$0.34B,18.01%,$0.06B,$0.19B,34.07%,$0.06B,$0.77B,7.50%,$0.11B,$0.56B,19.85%,$246,$186,$60,$0,$24,$212,$34,$-3,$31,$10,$21,$21,$21,$42,$34,$17,17,$1.24,$1.22,$5,$124,$0,$256,$340,$0,$149,$14,$515,$771,$107,$218,$4,$322,$429,$0,$0,$0,$342,$771,$40,$16,$11,$27,$0,$0,$0,$-11,$-11,$57,$-29,$0,$0,$-0,$0,$-0,$0,$-29,$-12,$0,$-12,$-5,$-5,$-11,$-0,$-28,$0,$4,$-11
10,2016-03-31,60.77,$19.56,3.11,$53.87,1.13,$9.08,6.7,$3.13,19.42,$0.26B,$0.10B,2.63,$0.24B,$0.00B,0.0,$0.92B,$0.21B,22.40%,$0.92B,$0.10B,11.37%,$0.92B,$0.10B,11.37%,$0.92B,$0.14B,14.97%,$0.92B,$0.09B,10.27%,$0.92B,$0.05B,5.79%,$0.05B,$0.33B,16.96%,$0.05B,$0.18B,30.86%,$0.05B,$0.77B,6.96%,$0.10B,$0.57B,19.13%,$242,$183,$59,$0,$26,$211,$31,$-3,$29,$9,$19,$19,$19,$40,$31,$17,17,$1.13,$1.11,$5,$127,$0,$262,$331,$0,$151,$11,$510,$771,$99,$238,$4,$345,$444,$0,$0,$0,$327,$771,$19,$8,$8,$16,$0,$0,$0,$-19,$-19,$16,$-11,$0,$0,$0,$0,$0,$-0,$-12,$7,$0,$7,$-5,$-5,$-6,$0,$-4,$1,$3,$-6
11,2015-12-31,59.25,$18.53,3.2,$52.29,1.13,$8.76,6.76,$2.97,19.95,$0.25B,$0.11B,2.32,$0.23B,$0.31B,0.73,$0.89B,$0.20B,22.10%,$0.89B,$0.10B,11.39%,$0.89B,$0.10B,11.39%,$0.89B,$0.13B,14.99%,$0.89B,$0.09B,10.26%,$0.89B,$0.05B,5.64%,$0.05B,$0.31B,16.53%,$0.05B,$0.16B,28.82%,$0.05B,$0.75B,6.72%,$0.10B,$0.54B,19.07%,$230,$181,$50,$0,$25,$210,$21,$-3,$18,$4,$15,$15,$12,$29,$21,$17,17,$0.72,$0.71,$4,$121,$0,$247,$323,$0,$151,$11,$505,$751,$106,$228,$4,$334,$440,$0,$119,$-78,$312,$751,$51,$32,$27,$58,$-5,$8,$-1,$-5,$1,$111,$-48,$0,$-113,$-0,$0,$-0,$1,$-160,$6,$0,$6,$-7,$-7,$-20,$3,$-19,$-68,$7,$-20
12,2015-09-30,55.06,$18.36,3.0,$48.76,1.13,$8.97,6.14,$3.84,14.34,$0.31B,$0.14B,2.27,$0.25B,$0.00B,0.0,$0.83B,$0.19B,22.40%,$0.83B,$0.10B,11.62%,$0.83B,$0.10B,11.62%,$0.83B,$0.13B,15.50%,$0.83B,$0.09B,10.41%,$0.83B,$0.06B,7.75%,$0.06B,$0.31B,21.57%,$0.06B,$0.15B,35.75%,$0.06B,$0.80B,8.67%,$0.10B,$0.55B,18.33%,$232,$183,$48,$0,$21,$207,$24,$-3,$22,$8,$14,$14,$6,$33,$24,$17,17,$0.36,$0.35,$6,$120,$38,$314,$311,$0,$155,$16,$487,$802,$139,$245,$3,$356,$494,$0,$0,$0,$307,$802,$39,$23,$25,$48,$0,$0,$0,$-8,$-8,$80,$-26,$0,$-118,$-0,$0,$-0,$1,$-144,$17,$0,$17,$-5,$-5,$-15,$1,$-2,$-67,$5,$-15
13,2015-06-30,55.43,$18.15,3.05,$47.82,1.16,$9.19,6.03,$4.29,12.92,$0.32B,$0.10B,3.33,$0.21B,$0.00B,0.0,$0.81B,$0.18B,22.00%,$0.81B,$0.09B,11.62%,$0.81B,$0.09B,11.62%,$0.81B,$0.13B,15.45%,$0.81B,$0.08B,10.26%,$0.81B,$0.07B,8.90%,$0.07B,$0.30B,24.55%,$0.07B,$0.20B,38.71%,$0.07B,$0.72B,10.20%,$0.09B,$0.52B,18.60%,$211,$163,$48,$0,$20,$184,$28,$-3,$25,$8,$16,$16,$16,$35,$28,$17,17,$0.98,$0.97,$78,$105,$0,$321,$258,$0,$105,$17,$401,$722,$96,$214,$1,$322,$418,$0,$0,$0,$304,$722,$33,$14,$13,$28,$0,$0,$0,$-16,$-16,$45,$-13,$0,$0,$-0,$0,$-0,$0,$-12,$-13,$0,$-13,$-3,$-3,$-10,$1,$-26,$5,$4,$-10
14,2015-03-31,58.51,$17.17,3.41,$49.03,1.19,$9.67,6.05,$4.20,13.93,$0.30B,$0.09B,3.49,$0.22B,$0.00B,0.0,$0.83B,$0.18B,21.38%,$0.83B,$0.09B,11.11%,$0.83B,$0.09B,11.11%,$0.83B,$0.12B,14.86%,$0.83B,$0.08B,9.78%,$0.83B,$0.07B,8.57%,$0.07B,$0.29B,24.38%,$0.07B,$0.18B,37.32%,$0.07B,$0.70B,10.15%,$0.09B,$0.51B,18.53%,$214,$165,$50,$0,$21,$186,$28,$-3,$26,$9,$16,$16,$16,$36,$28,$17,17,$0.96,$0.95,$59,$106,$0,$304,$251,$0,$104,$17,$399,$703,$87,$222,$1,$329,$416,$0,$0,$0,$287,$703,$16,$7,$7,$14,$0,$0,$0,$-26,$-26,$5,$-6,$0,$0,$-0,$0,$-0,$-0,$-6,$-5,$0,$-5,$-3,$-3,$-5,$1,$-12,$-14,$2,$-5
15,2014-12-31,56.11,$16.17,3.47,$49.83,1.13,$10.33,5.43,$4.03,13.92,$0.32B,$0.12B,2.73,$0.23B,$0.29B,0.79,$0.84B,$0.17B,20.26%,$0.84B,$0.09B,10.37%,$0.84B,$0.09B,10.37%,$0.84B,$0.12B,13.95%,$0.84B,$0.08B,8.94%,$0.84B,$0.07B,8.10%,$0.07B,$0.29B,23.43%,$0.07B,$0.18B,34.87%,$0.07B,$0.73B,9.75%,$0.09B,$0.52B,17.85%,$169,$130,$39,$0,$19,$153,$16,$-3,$13,$-13,$26,$26,$26,$24,$16,$17,17,$1.60,$1.57,$73,$101,$46,$319,$242,$0,$107,$11,$405,$725,$117,$227,$1,$319,$436,$0,$88,$-68,$289,$725,$69,$30,$-13,$17,$0,$0,$0,$9,$9,$95,$-28,$0,$-72,$-1,$-3,$-4,$-1,$-105,$44,$-19,$25,$-1,$-1,$-17,$3,$10,$-1,$6,$-17
16,2014-09-30,49.55,$17.64,2.81,$48.49,1.02,$9.76,5.07,$3.24,15.29,$0.27B,$0.10B,2.71,$0.19B,$0.00B,0.0,$0.81B,$0.17B,20.69%,$0.81B,$0.09B,11.33%,$0.81B,$0.09B,11.33%,$0.81B,$0.12B,15.02%,$0.81B,$0.08B,9.98%,$0.81B,$0.06B,6.77%,$0.06B,$0.29B,19.30%,$0.06B,$0.18B,28.06%,$0.06B,$0.67B,8.03%,$0.09B,$0.48B,19.45%,$215,$174,$41,$0,$19,$194,$22,$-3,$19,$6,$13,$13,$14,$30,$22,$17,17,$0.81,$0.80,$24,$109,$0,$274,$268,$0,$113,$16,$401,$674,$101,$185,$1,$280,$381,$0,$0,$0,$293,$674,$42,$22,$7,$29,$0,$0,$0,$2,$2,$73,$-15,$0,$-72,$-0,$-3,$-3,$-0,$-91,$-5,$-19,$-24,$3,$3,$-13,$3,$-31,$-49,$4,$-13
17,2014-06-30,49.0,$17.83,2.75,$48.76,1.01,$9.09,5.39,$3.12,15.71,$0.33B,$0.11B,3.14,$0.19B,$0.00B,0.0,$0.81B,$0.16B,20.22%,$0.81B,$0.09B,10.60%,$0.81B,$0.09B,10.60%,$0.81B,$0.12B,14.30%,$0.81B,$0.08B,9.37%,$0.81B,$0.05B,6.41%,$0.05B,$0.30B,19.01%,$0.05B,$0.22B,27.01%,$0.05B,$0.70B,7.63%,$0.09B,$0.48B,18.57%,$230,$183,$47,$0,$20,$205,$26,$-3,$23,$8,$15,$15,$15,$33,$26,$17,17,$0.89,$0.88,$92,$102,$0,$334,$257,$0,$80,$17,$362,$696,$106,$186,$1,$294,$400,$0,$0,$0,$296,$696,$28,$15,$8,$23,$0,$0,$0,$1,$1,$52,$-12,$0,$0,$-0,$0,$-0,$-0,$-12,$-5,$-13,$-18,$3,$3,$-8,$3,$-21,$19,$3,$-8
18,2014-03-31,47.46,$17.10,2.77,$48.13,0.99,$7.97,5.96,$3.01,15.77,$0.33B,$0.11B,2.95,$0.19B,$0.00B,0.0,$0.79B,$0.16B,20.18%,$0.79B,$0.08B,10.47%,$0.79B,$0.08B,10.47%,$0.79B,$0.11B,14.25%,$0.79B,$0.07B,9.21%,$0.79B,$0.05B,6.31%,$0.05B,$0.28B,19.49%,$0.05B,$0.20B,28.45%,$0.05B,$0.70B,7.50%,$0.08B,$0.47B,18.57%,$225,$182,$43,$0,$20,$202,$23,$-3,$20,$7,$13,$13,$13,$30,$23,$16,17,$0.79,$0.78,$77,$105,$0,$330,$258,$0,$81,$14,$365,$695,$112,$190,$1,$300,$412,$0,$0,$0,$283,$695,$13,$7,$1,$8,$0,$0,$0,$-7,$-7,$15,$-4,$0,$0,$-0,$0,$-0,$-0,$-5,$0,$-7,$-7,$3,$3,$-4,$2,$-6,$4,$1,$-4
19,2013-12-31,39.03,$15.39,2.54,$47.83,0.82,$7.20,5.42,$3.12,12.51,$0.31B,$0.10B,2.95,$0.19B,$0.27B,0.71,$0.78B,$0.16B,20.61%,$0.78B,$0.08B,10.50%,$0.78B,$0.08B,10.50%,$0.78B,$0.11B,14.34%,$0.78B,$0.07B,9.35%,$0.78B,$0.05B,6.53%,$0.05B,$0.27B,21.36%,$0.05B,$0.19B,32.18%,$0.05B,$0.68B,7.89%,$0.08B,$0.46B,19.19%,$142,$106,$37,$0,$15,$121,$21,$-3,$19,$7,$12,$12,$13,$29,$21,$16,16,$0.80,$0.78,$73,$101,$0,$305,$262,$0,$82,$14,$371,$676,$104,$191,$1,$305,$408,$0,$37,$-27,$268,$676,$52,$29,$11,$40,$0,$-2,$0,$-7,$-8,$84,$-28,$-5,$0,$-0,$0,$-0,$0,$-33,$10,$19,$29,$-1,$-1,$-12,$-1,$15,$66,$5,$-12
20,2013-09-30,35.7,$15.22,2.35,$51.15,0.7,$4.75,7.51,$3.16,11.3,$0.29B,$0.09B,3.13,$0.19B,$0.00B,0.0,$0.83B,$0.16B,19.47%,$0.83B,$0.08B,9.25%,$0.83B,$0.08B,9.25%,$0.83B,$0.11B,12.74%,$0.83B,$0.07B,8.05%,$0.83B,$0.05B,6.13%,$0.05B,$0.25B,23.05%,$0.05B,$0.17B,35.79%,$0.05B,$0.66B,8.09%,$0.08B,$0.44B,18.94%,$214,$177,$37,$0,$20,$198,$16,$-3,$14,$2,$11,$11,$11,$24,$16,$16,16,$0.69,$0.68,$48,$99,$0,$286,$258,$0,$81,$14,$374,$660,$92,$191,$1,$322,$413,$0,$0,$0,$247,$660,$39,$22,$12,$34,$0,$-2,$0,$-5,$-7,$65,$-20,$-5,$0,$0,$0,$0,$0,$-25,$10,$0,$10,$2,$2,$-8,$-4,$0,$40,$4,$-8
21,2013-06-30,28.7,$14.21,2.02,$50.93,0.56,$2.42,11.87,$3.03,9.47,$0.27B,$0.09B,3.19,$0.19B,$0.00B,0.0,$0.82B,$0.16B,19.54%,$0.82B,$0.08B,9.34%,$0.82B,$0.08B,9.34%,$0.82B,$0.11B,12.86%,$0.82B,$0.07B,8.01%,$0.82B,$0.05B,5.95%,$0.05B,$0.23B,23.28%,$0.05B,$0.15B,36.70%,$0.05B,$0.64B,7.94%,$0.08B,$0.42B,19.58%,$212,$170,$43,$0,$19,$190,$23,$-3,$20,$7,$13,$13,$13,$30,$23,$16,16,$0.79,$0.77,$27,$104,$0,$270,$250,$0,$79,$14,$366,$636,$85,$191,$5,$323,$408,$0,$0,$0,$228,$636,$28,$14,$10,$25,$0,$-2,$0,$-20,$-22,$30,$-10,$-5,$0,$0,$0,$0,$0,$-15,$11,$0,$11,$1,$1,$-5,$-3,$4,$19,$3,$-5
22,2013-03-31,27.65,$13.27,2.08,$51.03,0.54,$-0.04,0.0,$3.03,9.13,$0.25B,$0.09B,2.95,$0.18B,$0.00B,0.0,$0.82B,$0.16B,19.66%,$0.82B,$0.08B,9.22%,$0.82B,$0.08B,9.22%,$0.82B,$0.11B,12.74%,$0.82B,$0.07B,7.89%,$0.82B,$0.05B,5.83%,$0.05B,$0.21B,23.94%,$0.05B,$0.13B,38.40%,$0.05B,$0.61B,7.87%,$0.08B,$0.39B,19.77%,$213,$170,$44,$0,$21,$191,$22,$-3,$20,$8,$12,$12,$14,$29,$22,$16,16,$0.90,$0.89,$4,$103,$0,$252,$247,$0,$79,$11,$363,$614,$85,$182,$5,$317,$402,$0,$0,$0,$212,$614,$15,$7,$5,$12,$0,$-2,$0,$-23,$-25,$2,$-5,$-5,$0,$0,$0,$0,$0,$-10,$5,$0,$5,$1,$1,$-2,$0,$3,$-4,$2,$-2
23,2012-12-31,25.46,$11.76,2.17,$50.41,0.51,$-0.98,0.0,$2.68,9.5,$0.23B,$0.09B,2.68,$0.18B,$0.20B,0.9,$0.81B,$0.16B,19.78%,$0.81B,$0.07B,8.65%,$0.81B,$0.07B,8.65%,$0.81B,$0.10B,12.36%,$0.81B,$0.06B,7.17%,$0.81B,$0.04B,5.32%,$0.04B,$0.20B,22.11%,$0.04B,$0.12B,35.98%,$0.04B,$0.61B,7.03%,$0.07B,$0.38B,18.43%,$193,$155,$38,$0,$20,$177,$16,$-3,$13,$4,$9,$9,$13,$23,$16,$16,16,$0.84,$0.82,$8,$103,$0,$234,$255,$0,$75,$11,$377,$611,$87,$178,$4,$326,$413,$0,$-4,$-50,$198,$611,$44,$29,$-4,$24,$0,$-7,$0,$-21,$-28,$40,$-25,$-14,$0,$0,$-0,$-0,$7,$-32,$16,$-20,$-4,$-6,$-6,$-8,$5,$-13,$-5,$5,$-8
24,2012-09-30,25.49,$12.86,1.98,$49.00,0.52,$0.27,95.43,$2.33,10.94,$0.25B,$0.10B,2.49,$0.18B,$0.00B,0.0,$0.78B,$0.15B,19.57%,$0.78B,$0.07B,8.70%,$0.78B,$0.07B,8.70%,$0.78B,$0.10B,12.53%,$0.78B,$0.06B,7.03%,$0.78B,$0.04B,4.73%,$0.04B,$0.20B,19.81%,$0.04B,$0.13B,32.17%,$0.04B,$0.61B,6.16%,$0.07B,$0.39B,18.44%,$206,$171,$36,$0,$19,$190,$16,$-3,$13,$4,$9,$9,$9,$24,$16,$16,16,$0.56,$0.55,$7,$99,$0,$249,$247,$0,$74,$11,$358,$607,$100,$182,$1,$304,$404,$0,$0,$0,$204,$607,$31,$22,$3,$25,$0,$-7,$0,$-27,$-33,$22,$-16,$-14,$0,$-0,$0,$-0,$7,$-23,$17,$-20,$-3,$-1,$-1,$-6,$5,$-5,$-6,$4,$-6
25,2012-06-30,23.65,$11.88,1.99,$47.40,0.5,$1.21,19.62,$2.20,10.75,$0.25B,$0.10B,2.43,$0.20B,$0.00B,0.0,$0.75B,$0.14B,19.17%,$0.75B,$0.07B,8.66%,$0.75B,$0.07B,8.66%,$0.75B,$0.09B,12.52%,$0.75B,$0.05B,6.79%,$0.75B,$0.04B,4.66%,$0.04B,$0.19B,19.20%,$0.04B,$0.12B,31.11%,$0.04B,$0.61B,5.90%,$0.07B,$0.38B,17.96%,$212,$168,$44,$0,$19,$190,$22,$-4,$19,$6,$13,$13,$12,$29,$22,$16,16,$0.78,$0.77,$2,$105,$0,$250,$244,$0,$73,$11,$359,$609,$103,$196,$1,$318,$421,$0,$0,$0,$188,$609,$22,$15,$-0,$14,$0,$-7,$0,$-39,$-46,$-10,$-9,$-14,$0,$-0,$0,$-0,$7,$-16,$32,$-15,$17,$-2,$-2,$-4,$5,$16,$-11,$3,$-4
26,2012-03-31,26.24,$11.87,2.21,$45.94,0.57,$2.52,10.42,$1.92,13.67,$0.23B,$0.12B,1.97,$0.19B,$0.00B,0.0,$0.72B,$0.13B,18.56%,$0.72B,$0.06B,8.17%,$0.72B,$0.06B,8.17%,$0.72B,$0.09B,12.33%,$0.72B,$0.04B,6.09%,$0.72B,$0.03B,4.29%,$0.03B,$0.19B,16.94%,$0.03B,$0.11B,27.19%,$0.03B,$0.62B,5.24%,$0.06B,$0.38B,16.39%,$198,$156,$42,$0,$20,$182,$16,$-4,$13,$4,$9,$9,$9,$24,$16,$15,16,$0.55,$0.54,$3,$99,$0,$231,$253,$0,$77,$11,$390,$621,$117,$187,$1,$316,$433,$0,$0,$0,$188,$621,$9,$7,$-6,$2,$0,$-7,$0,$-17,$-24,$-14,$-4,$-14,$0,$-0,$0,$-0,$7,$-11,$23,$-10,$13,$-1,$-1,$-2,$5,$15,$-10,$2,$-2
27,2011-12-31,19.6,$10.69,1.83,$44.55,0.44,$3.16,6.2,$1.82,10.77,$0.19B,$0.10B,1.87,$0.17B,$0.17B,0.99,$0.70B,$0.13B,17.93%,$0.70B,$0.06B,8.32%,$0.70B,$0.06B,8.32%,$0.70B,$0.09B,12.63%,$0.70B,$0.04B,5.88%,$0.70B,$0.03B,4.16%,$0.03B,$0.17B,16.07%,$0.03B,$0.10B,25.55%,$0.03B,$0.57B,4.95%,$0.06B,$0.33B,16.14%,$166,$134,$31,$0,$18,$152,$14,$-4,$10,$2,$8,$8,$7,$21,$14,$15,16,$0.48,$0.46,$20,$69,$0,$194,$252,$0,$62,$11,$372,$565,$104,$165,$1,$295,$398,$0,$-40,$-40,$167,$565,$29,$31,$6,$37,$0,$0,$0,$-7,$-7,$57,$-23,$0,$0,$0,$1,$1,$-7,$-29,$-68,$9,$-60,$2,$2,$-7,$1,$-64,$-36,$4,$-7
28,2011-09-30,12.37,$12.40,1.0,$44.31,0.28,$8.96,1.38,$1.78,6.95,$0.20B,$0.11B,1.88,$0.17B,$0.00B,0.0,$0.69B,$0.12B,17.66%,$0.69B,$0.06B,8.25%,$0.69B,$0.06B,8.25%,$0.69B,$0.09B,12.74%,$0.69B,$0.04B,5.79%,$0.69B,$0.03B,4.20%,$0.03B,$0.19B,16.25%,$0.03B,$0.12B,26.13%,$0.03B,$0.58B,4.86%,$0.06B,$0.36B,15.23%,$175,$148,$27,$0,$15,$162,$13,$-4,$9,$2,$7,$7,$7,$20,$13,$15,16,$0.44,$0.42,$11,$76,$0,$204,$262,$0,$66,$11,$371,$576,$109,$172,$2,$280,$389,$0,$0,$0,$186,$576,$21,$24,$6,$29,$0,$0,$0,$-10,$-10,$40,$-19,$0,$0,$-5,$0,$-5,$0,$-24,$-62,$5,$-57,$1,$1,$-5,$0,$-60,$-45,$3,$-5
29,2011-06-30,18.45,$12.72,1.45,$43.47,0.42,$14.66,1.26,$1.62,11.39,$0.22B,$0.11B,1.95,$0.19B,$0.00B,0.0,$0.68B,$0.12B,18.14%,$0.68B,$0.06B,8.26%,$0.68B,$0.06B,8.26%,$0.68B,$0.09B,12.98%,$0.68B,$0.04B,5.60%,$0.68B,$0.03B,3.83%,$0.03B,$0.19B,15.07%,$0.03B,$0.12B,24.82%,$0.03B,$0.60B,4.28%,$0.06B,$0.38B,14.60%,$183,$149,$34,$0,$18,$167,$16,$-4,$12,$4,$8,$8,$8,$24,$16,$15,16,$0.52,$0.49,$9,$80,$0,$219,$272,$0,$70,$10,$384,$603,$112,$186,$2,$300,$412,$0,$0,$0,$191,$603,$15,$16,$5,$20,$0,$0,$0,$-20,$-20,$15,$-13,$0,$0,$-4,$0,$-4,$1,$-16,$-48,$6,$-42,$1,$1,$-3,$0,$-45,$-46,$2,$-3
30,2011-03-31,18.96,$11.66,1.63,$42.65,0.44,$21.13,0.9,$1.54,12.31,$0.21B,$0.11B,1.89,$0.20B,$0.00B,0.0,$0.66B,$0.12B,18.22%,$0.66B,$0.05B,8.13%,$0.66B,$0.05B,8.13%,$0.66B,$0.09B,12.80%,$0.66B,$0.04B,5.27%,$0.66B,$0.02B,3.61%,$0.02B,$0.18B,15.09%,$0.02B,$0.11B,25.67%,$0.02B,$0.60B,3.98%,$0.05B,$0.37B,14.14%,$173,$140,$33,$0,$17,$158,$15,$-5,$10,$3,$7,$7,$7,$23,$15,$15,16,$0.46,$0.44,$11,$79,$0,$212,$271,$0,$69,$10,$388,$600,$112,$195,$2,$311,$423,$0,$0,$0,$178,$600,$7,$8,$2,$10,$0,$0,$0,$-15,$-15,$1,$-8,$0,$0,$-1,$0,$-1,$0,$-10,$-39,$6,$-33,$-0,$-0,$-2,$0,$-35,$-43,$1,$-2
31,2010-12-31,16.89,$10.45,1.62,$42.54,0.4,$27.49,0.61,$10.39,1.63,$0.22B,$0.09B,2.41,$0.23B,$0.16B,1.45,$0.66B,$0.12B,18.24%,$0.66B,$0.06B,8.36%,$0.66B,$0.06B,8.36%,$0.66B,$0.09B,13.07%,$0.66B,$0.04B,5.47%,$0.66B,$0.16B,24.01%,$0.16B,$0.16B,104.12%,$0.16B,$0.09B,182.66%,$0.16B,$0.61B,26.18%,$0.06B,$0.39B,14.29%,$160,$133,$28,$0,$18,$147,$13,$-5,$9,$2,$7,$7,$7,$21,$13,$15,16,$0.41,$0.25,$48,$69,$0,$222,$262,$0,$66,$14,$385,$607,$92,$231,$0,$355,$448,$0,$-62,$-18,$159,$607,$159,$31,$-131,$-100,$0,$0,$0,$-4,$-4,$55,$69,$0,$0,$-4,$0,$-4,$1,$67,$-71,$-2,$-73,$1,$1,$-6,$0,$-78,$43,$5,$-6
32,2010-09-30,12.97,$10.98,1.18,$42.74,0.3,$23.42,0.55,$10.29,1.26,$0.22B,$0.10B,2.22,$0.23B,$0.00B,0.0,$0.65B,$0.12B,18.53%,$0.65B,$0.05B,8.12%,$0.65B,$0.05B,8.12%,$0.65B,$0.09B,13.02%,$0.65B,$0.03B,4.90%,$0.65B,$0.16B,23.89%,$0.16B,$0.16B,111.83%,$0.16B,$0.10B,215.92%,$0.16B,$0.62B,25.53%,$0.05B,$0.40B,13.93%,$162,$134,$28,$0,$17,$150,$12,$-5,$7,$2,$5,$5,$4,$20,$12,$15,16,$0.28,$0.26,$39,$71,$6,$224,$265,$0,$68,$12,$394,$618,$101,$232,$3,$355,$456,$0,$0,$0,$162,$618,$152,$23,$-131,$-107,$0,$0,$0,$-2,$-2,$42,$67,$0,$0,$-1,$0,$-1,$1,$67,$-71,$-1,$-72,$0,$0,$-4,$-0,$-76,$33,$4,$-4
33,2010-06-30,15.52,$9.27,1.67,$42.51,0.37,$19.71,0.79,$10.25,1.51,$0.21B,$0.10B,2.2,$0.23B,$0.00B,0.0,$0.64B,$0.12B,18.88%,$0.64B,$0.05B,8.11%,$0.64B,$0.05B,8.11%,$0.64B,$0.08B,13.10%,$0.64B,$0.03B,4.68%,$0.64B,$0.16B,24.18%,$0.16B,$0.14B,123.51%,$0.16B,$0.08B,274.34%,$0.16B,$0.59B,24.97%,$0.05B,$0.37B,13.52%,$169,$136,$32,$0,$19,$155,$14,$-5,$9,$2,$6,$6,$6,$21,$14,$15,16,$0.43,$0.41,$32,$66,$6,$209,$250,$0,$61,$11,$376,$585,$95,$234,$3,$353,$448,$0,$0,$0,$137,$585,$148,$16,$-44,$-28,$0,$0,$0,$-3,$-3,$29,$73,$0,$0,$0,$0,$0,$1,$74,$-69,$-5,$-73,$0,$0,$-3,$-0,$-76,$27,$3,$-3
34,2010-03-31,13.36,$10.13,1.32,$40.88,0.33,$15.25,0.88,$9.25,1.44,$0.20B,$0.10B,2.12,$0.24B,$0.00B,0.0,$0.61B,$0.11B,18.62%,$0.61B,$0.03B,4.45%,$0.61B,$0.03B,4.45%,$0.61B,$0.06B,10.05%,$0.61B,$0.01B,0.82%,$0.61B,$0.14B,23.06%,$0.14B,$0.15B,119.91%,$0.14B,$0.08B,311.11%,$0.14B,$0.60B,21.99%,$0.03B,$0.38B,6.78%,$167,$135,$32,$0,$16,$151,$16,$-6,$11,$3,$7,$7,$141,$24,$16,$15,15,$9.62,$9.29,$24,$69,$6,$201,$268,$0,$68,$11,$402,$604,$95,$235,$3,$360,$455,$0,$0,$0,$149,$604,$142,$8,$-45,$-37,$0,$0,$0,$-2,$-2,$14,$76,$0,$0,$0,$0,$0,$-9,$67,$-68,$-3,$-71,$0,$0,$-1,$-0,$-73,$9,$1,$-1
35,2009-12-31,11.69,$7.27,1.61,$39.02,0.3,$11.15,1.05,$-0.08,0.0,$0.23B,$0.13B,1.75,$0.26B,$0.11B,2.41,$0.57B,$0.10B,17.77%,$0.57B,$0.02B,2.79%,$0.57B,$0.02B,2.79%,$0.57B,$0.05B,8.71%,$0.57B,$-0.01B,-1.22%,$0.57B,$-0.00B,-0.35%,$-0.00B,$0.11B,-1.92%,$-0.00B,$0.04B,-6.15%,$-0.00B,$0.64B,-0.31%,$0.02B,$0.37B,3.93%,$155,$126,$29,$0,$18,$143,$11,$-7,$5,$0,$4,$4,$5,$20,$11,$15,15,$0.33,$0.33,$6,$71,$0,$230,$284,$0,$72,$13,$406,$637,$131,$264,$0,$396,$527,$0,$-215,$92,$110,$637,$-1,$35,$4,$39,$0,$0,$0,$27,$27,$65,$-8,$0,$0,$0,$0,$0,$-1,$-8,$-42,$-3,$-45,$-0,$-0,$-6,$-3,$-54,$2,$5,$-6
36,2009-09-30,9.79,$7.20,1.36,$38.49,0.25,$7.02,1.39,$-5.04,0.0,$0.24B,$0.11B,2.16,$0.31B,$0.00B,0.0,$0.57B,$0.09B,15.19%,$0.57B,$-0.06B,-9.89%,$0.57B,$-0.06B,-9.89%,$0.57B,$0.03B,5.12%,$0.57B,$-0.08B,-14.13%,$0.57B,$-0.07B,-12.90%,$-0.07B,$0.11B,-71.22%,$-0.07B,$0.03B,-235.48%,$-0.07B,$0.66B,-11.08%,$-0.06B,$0.41B,-13.17%,$150,$122,$28,$0,$18,$139,$11,$-5,$5,$2,$3,$3,$3,$19,$11,$15,15,$0.22,$0.22,$5,$71,$10,$237,$291,$0,$74,$12,$420,$657,$110,$306,$3,$442,$552,$0,$0,$0,$106,$657,$-6,$26,$6,$32,$0,$0,$0,$30,$30,$54,$-5,$0,$0,$0,$0,$0,$-1,$-6,$-36,$-6,$-42,$0,$0,$-4,$-0,$-46,$2,$4,$-4
37,2009-06-30,7.26,$6.95,1.04,$41.01,0.18,$3.05,2.38,$-4.82,0.0,$0.23B,$0.09B,2.47,$0.32B,$0.00B,0.0,$0.60B,$0.08B,13.79%,$0.60B,$-0.06B,-9.14%,$0.60B,$-0.06B,-9.14%,$0.60B,$0.03B,5.15%,$0.60B,$-0.08B,-13.12%,$0.60B,$-0.07B,-11.46%,$-0.07B,$0.10B,-54.22%,$-0.07B,$0.03B,-170.37%,$-0.07B,$0.65B,-9.99%,$-0.06B,$0.42B,-11.92%,$135,$111,$24,$0,$17,$146,$-11,$-5,$-16,$-7,$-9,$-9,$-9,$-2,$-11,$15,15,$-0.59,$-0.59,$5,$73,$10,$225,$291,$0,$72,$11,$424,$649,$91,$321,$0,$456,$547,$0,$0,$0,$102,$649,$-9,$17,$5,$22,$0,$0,$0,$24,$24,$35,$-4,$0,$0,$0,$0,$0,$-0,$-5,$-20,$-6,$-26,$0,$0,$-3,$0,$-29,$2,$2,$-3
38,2009-03-31,2.95,$6.77,0.44,$45.01,0.07,$-0.01,0.0,$-5.89,0.0,$0.22B,$0.09B,2.53,$0.32B,$0.00B,0.0,$0.66B,$0.09B,13.29%,$0.66B,$-0.03B,-4.53%,$0.66B,$-0.03B,-4.53%,$0.66B,$0.06B,8.46%,$0.66B,$-0.06B,-8.31%,$0.66B,$-0.08B,-12.69%,$-0.08B,$0.10B,-52.83%,$-0.08B,$0.03B,-159.24%,$-0.08B,$0.64B,-11.26%,$-0.03B,$0.42B,-6.02%,$134,$114,$21,$0,$16,$129,$5,$-6,$-1,$-0,$-1,$-1,$-1,$13,$5,$15,15,$-0.04,$-0.04,$6,$80,$0,$218,$300,$0,$68,$12,$421,$639,$86,$323,$3,$454,$540,$0,$0,$0,$99,$639,$-1,$8,$1,$9,$0,$0,$0,$21,$21,$29,$-3,$0,$0,$0,$0,$0,$-0,$-3,$-17,$-5,$-22,$0,$0,$-2,$0,$-24,$3,$1,$-2
39,2008-12-31,7.06,$6.85,1.03,$49.64,0.14,$-3.00,0.0,$-10.74,0.0,$0.25B,$0.11B,2.32,$0.34B,$0.10B,3.3,$0.73B,$0.10B,13.76%,$0.73B,$-0.02B,-2.32%,$0.73B,$-0.02B,-2.32%,$0.73B,$0.07B,9.95%,$0.73B,$-0.04B,-5.72%,$0.73B,$-0.16B,-21.25%,$-0.16B,$0.10B,-82.32%,$-0.16B,$0.03B,-249.60%,$-0.16B,$0.69B,-19.07%,$-0.02B,$0.44B,-3.19%,$147,$133,$13,$0,$20,$208,$-61,$-6,$-68,$-2,$-66,$-66,$-66,$-1,$-61,$15,15,$-4.57,$-4.63,$3,$89,$0,$254,$316,$0,$73,$12,$436,$690,$110,$341,$0,$477,$587,$0,$-210,$84,$103,$690,$-157,$90,$104,$194,$0,$0,$0,$-23,$-23,$13,$-16,$0,$-14,$0,$0,$0,$-1,$-30,$19,$15,$35,$-9,$-9,$-6,$-1,$18,$1,$4,$-6
40,2008-09-30,15.63,$14.03,1.11,$52.37,0.3,$-2.04,0.0,$-7.60,0.0,$0.29B,$0.11B,2.59,$0.35B,$0.00B,0.0,$0.78B,$0.12B,15.13%,$0.78B,$0.05B,6.41%,$0.78B,$0.05B,6.41%,$0.78B,$0.09B,11.79%,$0.78B,$0.03B,3.33%,$0.78B,$-0.11B,-14.49%,$-0.11B,$0.21B,-47.93%,$-0.11B,$0.07B,-123.16%,$-0.11B,$0.79B,-12.86%,$0.05B,$0.56B,8.70%,$186,$161,$25,$0,$17,$173,$12,$-6,$6,$1,$5,$5,$7,$21,$12,$15,15,$0.44,$0.44,$9,$95,$0,$293,$320,$0,$135,$13,$494,$786,$113,$351,$4,$468,$581,$0,$0,$0,$205,$786,$-91,$30,$102,$132,$0,$0,$0,$-38,$-38,$0,$-10,$0,$0,$0,$-14,$-14,$0,$-23,$29,$15,$44,$-9,$-9,$-5,$-0,$30,$6,$3,$-5
41,2008-06-30,13.13,$15.69,0.84,$52.57,0.25,$-0.90,0.0,$-7.03,0.0,$0.33B,$0.17B,1.96,$0.34B,$0.00B,0.0,$0.79B,$0.12B,15.46%,$0.79B,$0.05B,6.08%,$0.79B,$0.05B,6.08%,$0.79B,$0.09B,11.79%,$0.79B,$0.02B,3.04%,$0.79B,$-0.11B,-13.31%,$-0.11B,$0.23B,-42.00%,$-0.11B,$0.08B,-99.29%,$-0.11B,$0.87B,-11.47%,$0.05B,$0.57B,8.22%,$195,$166,$29,$0,$18,$180,$14,$-6,$8,$2,$6,$6,$-24,$23,$14,$15,15,$-1.67,$-1.66,$2,$99,$0,$332,$342,$0,$150,$10,$536,$868,$169,$343,$11,$470,$639,$0,$0,$0,$229,$868,$-97,$21,$106,$127,$0,$0,$0,$-29,$-29,$1,$-15,$0,$0,$0,$-3,$-3,$0,$-17,$18,$10,$28,$-9,$-9,$-3,$-0,$16,$-1,$2,$-3
42,2008-03-31,20.16,$15.12,1.33,$52.89,0.38,$-0.08,0.0,$-5.20,0.0,$0.41B,$0.24B,1.74,$0.34B,$0.00B,0.0,$0.80B,$0.13B,16.25%,$0.80B,$0.05B,6.50%,$0.80B,$0.05B,6.50%,$0.80B,$0.10B,12.38%,$0.80B,$0.03B,3.50%,$0.80B,$-0.08B,-9.75%,$-0.08B,$0.22B,-31.33%,$-0.08B,$0.07B,-70.75%,$-0.08B,$0.93B,-8.42%,$0.05B,$0.56B,8.92%,$206,$171,$34,$0,$21,$188,$18,$-6,$12,$3,$9,$9,$-73,$30,$18,$15,15,$-4.93,$-4.88,$2,$94,$64,$412,$341,$0,$151,$10,$516,$928,$237,$343,$12,$471,$708,$0,$0,$0,$221,$928,$-73,$12,$52,$63,$0,$0,$0,$0,$0,$-10,$-7,$0,$0,$0,$0,$0,$1,$-6,$21,$6,$27,$-10,$-10,$-2,$0,$16,$-1,$1,$-2
43,2007-12-31,22.72,$19.26,1.18,$50.63,0.45,$0.70,32.37,$0.67,33.9,$0.29B,$0.17B,1.71,$0.32B,$0.29B,1.12,$0.77B,$0.13B,17.21%,$0.77B,$0.05B,6.91%,$0.77B,$0.05B,6.91%,$0.77B,$0.10B,12.91%,$0.77B,$0.03B,3.78%,$0.77B,$0.01B,1.30%,$0.01B,$0.29B,4.09%,$0.01B,$0.15B,8.95%,$0.01B,$0.93B,1.09%,$0.05B,$0.61B,9.11%,$193,$163,$30,$0,$21,$187,$6,$-6,$-0,$-2,$1,$1,$-23,$18,$6,$15,15,$-1.53,$-1.51,$2,$111,$0,$290,$432,$0,$140,$15,$643,$933,$170,$321,$0,$475,$645,$0,$-46,$99,$288,$933,$10,$45,$10,$55,$0,$0,$0,$6,$6,$70,$-58,$0,$-55,$0,$0,$0,$-0,$-113,$43,$3,$46,$4,$4,$-6,$0,$44,$1,$6,$-6
44,2007-09-30,25.71,$17.54,1.47,$49.76,0.52,$11.73,2.19,$2.34,10.99,$0.31B,$0.16B,1.92,$0.33B,$0.00B,0.0,$0.75B,$0.12B,16.51%,$0.75B,$0.06B,7.46%,$0.75B,$0.06B,7.46%,$0.75B,$0.10B,13.18%,$0.75B,$0.03B,4.39%,$0.75B,$0.04B,4.79%,$0.04B,$0.26B,16.44%,$0.04B,$0.13B,39.78%,$0.04B,$0.93B,4.14%,$0.06B,$0.59B,10.25%,$195,$167,$29,$0,$20,$185,$10,$-7,$4,$-10,$13,$13,$15,$22,$10,$15,15,$1.03,$1.01,$6,$111,$0,$312,$414,$0,$136,$14,$620,$932,$163,$331,$14,$507,$670,$0,$0,$0,$262,$932,$33,$34,$-9,$25,$0,$0,$0,$-13,$-13,$45,$-37,$0,$-55,$0,$0,$0,$-2,$-94,$55,$-0,$55,$4,$4,$-5,$-1,$53,$5,$5,$-5
45,2007-06-30,31.98,$15.08,2.12,$46.46,0.69,$22.84,1.4,$0.36,88.83,$0.32B,$0.17B,1.93,$0.34B,$0.00B,0.0,$0.70B,$0.12B,16.50%,$0.70B,$0.06B,8.18%,$0.70B,$0.06B,8.18%,$0.70B,$0.10B,13.63%,$0.70B,$0.04B,5.31%,$0.70B,$0.01B,1.00%,$0.01B,$0.23B,3.32%,$0.01B,$0.10B,6.02%,$0.01B,$0.91B,0.89%,$0.06B,$0.57B,11.14%,$206,$169,$37,$0,$21,$188,$18,$-7,$12,$4,$7,$7,$3,$29,$18,$15,15,$0.18,$0.17,$7,$114,$0,$320,$395,$0,$129,$13,$591,$911,$165,$340,$14,$520,$686,$0,$0,$0,$225,$911,$17,$22,$-1,$21,$0,$0,$0,$-17,$-17,$22,$-24,$0,$-55,$0,$0,$0,$-7,$-86,$63,$0,$63,$4,$4,$-3,$-0,$63,$-1,$4,$-3
46,2007-03-31,30.72,$13.75,2.23,$42.55,0.72,$34.40,0.89,$5.13,5.99,$0.32B,$0.16B,2.03,$0.36B,$0.00B,0.0,$0.63B,$0.10B,16.40%,$0.63B,$0.18B,28.08%,$0.63B,$0.18B,28.08%,$0.63B,$0.21B,33.44%,$0.63B,$0.16B,25.24%,$0.63B,$0.08B,12.15%,$0.08B,$0.20B,35.73%,$0.08B,$0.08B,50.33%,$0.08B,$0.89B,10.72%,$0.18B,$0.56B,36.49%,$173,$137,$36,$0,$17,$153,$19,$-6,$13,$3,$10,$10,$15,$30,$19,$15,15,$0.99,$0.98,$14,$117,$0,$315,$377,$0,$128,$14,$576,$891,$155,$356,$13,$532,$687,$0,$0,$0,$204,$891,$15,$11,$-2,$9,$0,$0,$0,$-24,$-24,$0,$-6,$0,$-55,$0,$0,$0,$-12,$-73,$73,$3,$76,$0,$0,$-2,$-0,$75,$2,$2,$-2
47,2006-12-31,27.23,$12.51,2.18,$40.02,0.68,$35.66,0.76,$4.21,6.47,$0.22B,$0.13B,1.72,$0.28B,$0.19B,1.53,$0.59B,$0.09B,15.49%,$0.59B,$0.17B,28.45%,$0.59B,$0.17B,28.45%,$0.59B,$0.20B,33.50%,$0.59B,$0.15B,25.76%,$0.59B,$0.06B,10.61%,$0.06B,$0.19B,30.77%,$0.06B,$0.06B,36.15%,$0.06B,$0.75B,10.04%,$0.17B,$0.47B,38.00%,$177,$155,$22,$0,$17,$168,$9,$-5,$4,$1,$3,$3,$3,$18,$9,$15,15,$0.18,$0.18,$2,$75,$0,$222,$356,$0,$122,$13,$522,$745,$130,$282,$0,$430,$560,$0,$-50,$10,$185,$745,$63,$30,$-67,$-36,$0,$0,$0,$40,$40,$66,$110,$0,$-219,$0,$0,$0,$-19,$-128,$55,$0,$55,$1,$1,$-6,$0,$51,$-11,$6,$-6
