,Date,Stock Price,Book Value per Share,Price to Book Ratio,TTM Sales per Share,Price to Sales Ratio,TTM FCF per Share,Price to FCF Ratio,TTM Net EPS,PE Ratio,Current Assets,Current Liabilities,Current Ratio,Long Term Debt,Shareholder's Equity_x,Debt to Equity Ratio,TTM Revenue_x,TTM Gross Profit,Gross Margin,TTM Revenue_y,TTM Operating Income,Operating Margin,TTM Revenue_x,TTM EBIT,EBIT Margin,TTM Revenue_y,TTM EBITDA,EBITDA Margin,TTM Revenue_x,TTM Pre-Tax Income,Pre-Tax Margin,TTM Revenue_y,TTM Net Income_x,Net Margin,TTM Net Income_y,Shareholder's Equity_y,Return on Equity,TTM Net Income_x,Tangible Equity,Return on Tangible Equity,TTM Net Income_y,Total Assets,Return on Assets,TTM Net Income,LT Investments & Debt,Return on Investment,revenue,cost-goods-sold,gross-profit,research-development-expenses,selling-general-administrative-expenses,operating-expenses,operating-income,total-non-operating-income-expense,pre-tax-income,total-provision-income-taxes,income-after-taxes,income-from-continuous-operations,net-income,ebitda,ebit,basic-shares-outstanding,shares-outstanding,eps-basic-net-earnings-per-share,eps-earnings-per-share-diluted,cash-on-hand,inventory,other-current-assets,total-current-assets,net-property-plant-equipment,long-term-investments,goodwill-intangible-assets-total,other-long-term-assets,total-long-term-assets,total-assets,total-current-liabilities,long-term-debt,other-non-current-liabilities,total-long-term-liabilities,total-liabilities,common-stock-net,retained-earnings-accumulated-deficit,comprehensive-income,total-share-holder-equity,total-liabilities-share-holders-equity,net-income-loss,total-depreciation-amortization-cash-flow,other-non-cash-items,total-non-cash-items,change-in-accounts-receivable,change-in-inventories,change-in-accounts-payable,change-in-assets-liabilities,total-change-in-assets-liabilities,cash-flow-from-operating-activities,net-change-in-property-plant-equipment,net-change-in-intangible-assets,net-acquisitions-divestitures,net-change-in-short-term-investments,net-change-in-long-term-investments,net-change-in-investments-total,investing-activities-other,cash-flow-from-investing-activities,net-long-term-debt,net-current-debt,debt-issuance-retirement-net-total,net-common-equity-issued-repurchased,net-total-equity-issued-repurchased,total-common-preferred-stock-dividends-paid,financial-activities-other,cash-flow-from-financial-activities,net-cash-flow,stock-based-compensation,common-stock-dividends-paid
0,2018-09-30,129.65,$47.58,2.73,$50.48,2.57,$23.67,5.48,$6.42,20.19,$0.33B,$0.05B,6.62,$0.00B,$0.35B,0.0,$0.35B,$0.09B,24.29%,$0.35B,$0.06B,15.82%,$0.35B,$0.06B,15.82%,$0.35B,$0.07B,18.36%,$0.35B,$0.06B,16.95%,$0.35B,$0.05B,12.71%,$0.05B,$0.35B,12.83%,$0.05B,$0.34B,13.33%,$0.05B,$0.40B,11.31%,$0.06B,$0.35B,15.97%,$82,$66,$16,$0,$6,$75,$7,$1,$8,$2,$6,$6,$6,$8,$7,$7,7,$0.91,$0.91,$183,$98,$7,$334,$46,$0,$13,$4,$71,$404,$50,$0,$0,$0,$50,$7,$351,$-0,$354,$404,$28,$5,$4,$9,$21,$7,$0,$2,$33,$70,$-7,$0,$4,$42,$0,$42,$2,$41,$0,$0,$0,$1,$1,$-42,$-0,$-41,$69,$0,$-42
1,2018-06-30,124.0,$46.69,2.66,$48.93,2.53,$13.10,9.47,$6.70,18.51,$0.32B,$0.04B,7.47,$0.00B,$0.35B,0.0,$0.34B,$0.09B,25.95%,$0.34B,$0.06B,17.78%,$0.34B,$0.06B,17.78%,$0.34B,$0.07B,20.70%,$0.34B,$0.06B,18.66%,$0.34B,$0.05B,13.70%,$0.05B,$0.35B,13.45%,$0.05B,$0.34B,14.00%,$0.05B,$0.39B,11.88%,$0.06B,$0.35B,17.45%,$79,$60,$19,$0,$6,$67,$12,$1,$13,$3,$11,$11,$11,$15,$12,$7,7,$1.54,$1.54,$166,$98,$7,$315,$48,$0,$13,$6,$75,$390,$42,$0,$0,$0,$42,$7,$345,$-0,$347,$390,$22,$4,$0,$5,$21,$7,$0,$0,$23,$50,$-4,$0,$4,$15,$0,$15,$2,$17,$0,$0,$0,$1,$1,$-42,$-0,$-41,$25,$0,$-42
2,2018-03-31,93.75,$45.20,2.07,$48.29,1.94,$6.73,13.93,$6.55,14.31,$0.31B,$0.05B,6.33,$0.00B,$0.34B,0.0,$0.34B,$0.09B,25.96%,$0.34B,$0.06B,17.99%,$0.34B,$0.06B,17.99%,$0.34B,$0.07B,20.65%,$0.34B,$0.06B,18.88%,$0.34B,$0.05B,13.57%,$0.05B,$0.34B,13.22%,$0.05B,$0.32B,13.80%,$0.05B,$0.39B,11.63%,$0.06B,$0.34B,17.53%,$77,$57,$20,$0,$6,$63,$13,$1,$14,$3,$11,$11,$11,$15,$13,$7,7,$1.57,$1.57,$156,$101,$12,$313,$46,$0,$14,$5,$73,$386,$49,$0,$0,$0,$49,$7,$334,$-0,$336,$386,$11,$2,$0,$2,$22,$3,$0,$0,$29,$42,$-2,$0,$0,$12,$0,$12,$2,$12,$0,$0,$0,$1,$1,$-42,$-0,$-41,$12,$0,$-42
3,2017-12-31,93.29,$49.24,1.89,$47.74,1.95,$4.30,21.68,$7.58,12.31,$0.34B,$0.05B,7.44,$0.00B,$0.37B,0.0,$0.34B,$0.09B,26.27%,$0.34B,$0.06B,18.51%,$0.34B,$0.06B,18.51%,$0.34B,$0.07B,21.19%,$0.34B,$0.07B,19.40%,$0.34B,$0.05B,15.82%,$0.05B,$0.37B,15.28%,$0.05B,$0.35B,15.99%,$0.05B,$0.41B,13.26%,$0.06B,$0.37B,17.88%,$116,$85,$31,$0,$6,$92,$24,$1,$25,$9,$16,$16,$17,$27,$24,$7,7,$2.40,$2.40,$155,$104,$13,$339,$45,$0,$15,$6,$73,$412,$45,$0,$0,$0,$45,$7,$365,$-0,$366,$412,$53,$10,$-17,$-7,$2,$-9,$0,$-1,$-22,$24,$-7,$-1,$64,$-60,$0,$-60,$2,$-2,$0,$0,$0,$1,$1,$-38,$-0,$-38,$-16,$0,$-38
4,2017-09-30,99.85,$46.96,2.13,$50.13,1.99,$10.41,9.59,$8.15,12.25,$0.31B,$0.04B,7.07,$0.00B,$0.35B,0.0,$0.35B,$0.09B,26.21%,$0.35B,$0.07B,19.37%,$0.35B,$0.07B,19.37%,$0.35B,$0.08B,22.51%,$0.35B,$0.07B,19.94%,$0.35B,$0.06B,16.24%,$0.06B,$0.35B,16.63%,$0.06B,$0.33B,17.43%,$0.06B,$0.39B,14.21%,$0.07B,$0.35B,19.84%,$71,$52,$19,$0,$6,$59,$12,$1,$12,$4,$8,$8,$8,$14,$12,$7,7,$1.19,$1.19,$127,$130,$11,$312,$47,$0,$16,$7,$81,$394,$44,$0,$0,$0,$44,$7,$348,$-0,$349,$394,$36,$7,$-13,$-6,$23,$-34,$0,$-2,$-36,$-5,$-6,$-1,$64,$-37,$0,$-37,$2,$23,$0,$0,$0,$1,$1,$-38,$-0,$-38,$-21,$0,$-38
5,2017-06-30,103.65,$45.81,2.26,$50.72,2.04,$15.26,6.79,$8.15,12.72,$0.31B,$0.05B,6.23,$0.00B,$0.34B,0.0,$0.36B,$0.09B,25.35%,$0.36B,$0.07B,18.87%,$0.36B,$0.07B,18.87%,$0.36B,$0.08B,22.54%,$0.36B,$0.07B,19.72%,$0.36B,$0.06B,16.06%,$0.06B,$0.34B,16.88%,$0.06B,$0.33B,17.72%,$0.06B,$0.39B,14.27%,$0.07B,$0.34B,19.84%,$75,$57,$18,$0,$5,$62,$12,$1,$13,$4,$9,$9,$10,$14,$12,$7,7,$1.39,$1.39,$139,$117,$12,$306,$48,$0,$16,$8,$84,$390,$49,$0,$0,$0,$49,$7,$340,$-0,$341,$390,$28,$4,$-13,$-9,$29,$-21,$0,$-3,$-14,$6,$-5,$0,$64,$-44,$0,$-44,$0,$15,$0,$0,$0,$1,$1,$-38,$-0,$-38,$-17,$0,$-38
6,2017-03-31,95.87,$44.47,2.16,$50.03,1.92,$18.53,5.17,$7.95,12.06,$0.32B,$0.07B,4.49,$0.00B,$0.33B,0.0,$0.35B,$0.09B,25.43%,$0.35B,$0.07B,19.14%,$0.35B,$0.07B,19.14%,$0.35B,$0.08B,23.14%,$0.35B,$0.07B,19.71%,$0.35B,$0.06B,15.71%,$0.06B,$0.33B,16.53%,$0.06B,$0.32B,17.38%,$0.06B,$0.40B,13.89%,$0.07B,$0.33B,20.14%,$73,$53,$20,$0,$6,$59,$14,$1,$15,$5,$10,$10,$18,$16,$14,$7,7,$2.60,$2.60,$160,$110,$12,$323,$48,$0,$16,$4,$80,$403,$72,$0,$0,$0,$72,$7,$330,$-0,$331,$403,$18,$2,$-12,$-10,$26,$-14,$0,$1,$17,$25,$-2,$0,$63,$-59,$0,$-59,$0,$2,$0,$0,$0,$1,$1,$-38,$-0,$-38,$-10,$0,$-38
7,2016-12-31,94.67,$50.39,1.88,$49.06,1.93,$17.00,5.57,$6.39,14.82,$0.34B,$0.06B,5.29,$0.00B,$0.35B,0.0,$0.34B,$0.09B,24.78%,$0.34B,$0.06B,18.37%,$0.34B,$0.06B,18.37%,$0.34B,$0.08B,22.74%,$0.34B,$0.06B,18.66%,$0.34B,$0.04B,12.83%,$0.04B,$0.35B,13.41%,$0.04B,$0.33B,14.11%,$0.04B,$0.42B,11.41%,$0.06B,$0.35B,19.21%,$132,$97,$35,$0,$5,$102,$30,$0,$30,$10,$20,$20,$21,$35,$30,$7,7,$2.97,$2.97,$111,$95,$66,$340,$49,$0,$16,$5,$77,$418,$64,$0,$0,$3,$67,$7,$350,$-0,$350,$418,$45,$15,$7,$21,$-14,$-8,$0,$5,$0,$66,$-7,$-0,$0,$-52,$0,$-52,$-1,$-61,$0,$0,$0,$0,$0,$-35,$0,$-35,$-29,$0,$-35
8,2016-09-30,78.12,$44.25,1.77,$38.96,2.0,$14.20,5.5,$5.60,13.95,$0.27B,$0.06B,4.88,$0.00B,$0.33B,0.0,$0.27B,$0.08B,29.04%,$0.27B,$0.06B,20.96%,$0.27B,$0.06B,20.96%,$0.27B,$0.07B,26.47%,$0.27B,$0.06B,21.32%,$0.27B,$0.04B,13.97%,$0.04B,$0.33B,11.68%,$0.04B,$0.31B,12.31%,$0.04B,$0.39B,10.06%,$0.06B,$0.33B,17.52%,$75,$57,$17,$0,$6,$63,$11,$0,$12,$4,$8,$8,$8,$15,$11,$7,7,$1.19,$1.19,$74,$128,$8,$272,$85,$0,$17,$7,$115,$387,$56,$0,$0,$2,$57,$7,$329,$-0,$329,$387,$24,$10,$1,$11,$9,$-29,$0,$3,$-8,$27,$-4,$-0,$0,$-34,$0,$-34,$-2,$-40,$0,$0,$0,$0,$0,$-35,$0,$-35,$-48,$0,$-35
9,2016-06-30,83.95,$43.09,1.95,$41.35,2.03,$13.25,6.34,$5.58,15.05,$0.26B,$0.05B,4.75,$0.00B,$0.32B,0.0,$0.29B,$0.08B,28.13%,$0.29B,$0.06B,20.14%,$0.29B,$0.06B,20.14%,$0.29B,$0.07B,25.00%,$0.29B,$0.06B,20.14%,$0.29B,$0.04B,13.19%,$0.04B,$0.32B,11.73%,$0.04B,$0.30B,12.39%,$0.04B,$0.38B,10.15%,$0.06B,$0.32B,17.90%,$70,$52,$17,$0,$6,$58,$12,$0,$12,$4,$8,$8,$8,$15,$12,$7,7,$1.19,$1.19,$75,$116,$8,$257,$88,$0,$16,$9,$119,$376,$54,$0,$0,$2,$56,$7,$321,$0,$321,$376,$15,$6,$0,$7,$14,$-18,$0,$1,$4,$27,$-3,$0,$0,$-24,$0,$-24,$-2,$-29,$0,$0,$0,$0,$0,$-35,$0,$-35,$-37,$0,$-35
10,2016-03-31,74.51,$41.94,1.78,$46.10,1.62,$13.10,5.69,$4.39,16.97,$0.24B,$0.05B,4.9,$0.00B,$0.31B,0.0,$0.32B,$0.08B,26.25%,$0.32B,$0.06B,18.75%,$0.32B,$0.06B,18.75%,$0.32B,$0.07B,23.13%,$0.32B,$0.06B,18.75%,$0.32B,$0.04B,12.19%,$0.04B,$0.31B,12.09%,$0.04B,$0.30B,12.79%,$0.04B,$0.36B,10.51%,$0.06B,$0.31B,18.60%,$66,$50,$16,$0,$6,$56,$10,$0,$10,$3,$7,$7,$7,$13,$10,$7,7,$1.04,$1.04,$66,$108,$8,$238,$90,$0,$16,$10,$123,$361,$49,$0,$0,$0,$49,$7,$313,$-0,$312,$361,$7,$3,$0,$3,$12,$-9,$0,$-0,$3,$13,$-1,$0,$0,$-4,$0,$-4,$0,$-5,$0,$0,$0,$0,$0,$-35,$0,$-35,$-26,$0,$-35
11,2015-12-31,69.4,$48.92,1.42,$51.18,1.36,$14.38,4.83,$4.52,15.35,$0.26B,$0.05B,5.44,$0.00B,$0.34B,0.0,$0.36B,$0.09B,25.07%,$0.36B,$0.06B,17.46%,$0.36B,$0.06B,17.46%,$0.36B,$0.08B,21.97%,$0.36B,$0.06B,17.46%,$0.36B,$0.04B,11.27%,$0.04B,$0.34B,12.46%,$0.04B,$0.32B,13.22%,$0.04B,$0.39B,10.77%,$0.06B,$0.34B,19.31%,$61,$32,$29,$0,$3,$37,$24,$-0,$24,$7,$17,$17,$15,$29,$24,$7,7,$2.18,$2.18,$88,$89,$29,$262,$53,$0,$17,$48,$126,$387,$48,$0,$0,$0,$48,$7,$341,$-0,$339,$387,$40,$16,$0,$16,$1,$-9,$0,$-3,$-10,$46,$-6,$0,$0,$-10,$0,$-10,$0,$-16,$0,$0,$0,$0,$0,$-28,$-0,$-28,$2,$0,$-28
12,2015-09-30,70.57,$43.53,1.62,$53.44,1.32,$17.63,4.0,$2.34,30.16,$0.25B,$0.05B,5.39,$0.00B,$0.32B,0.0,$0.37B,$0.09B,25.07%,$0.37B,$0.06B,16.98%,$0.37B,$0.06B,16.98%,$0.37B,$0.08B,22.10%,$0.37B,$0.06B,16.98%,$0.37B,$0.04B,9.97%,$0.04B,$0.32B,11.65%,$0.04B,$0.31B,12.43%,$0.04B,$0.37B,10.05%,$0.06B,$0.32B,19.84%,$91,$72,$19,$0,$7,$79,$12,$0,$12,$4,$8,$8,$8,$15,$12,$7,7,$1.17,$1.17,$65,$116,$9,$248,$93,$0,$18,$11,$126,$374,$46,$0,$0,$4,$50,$7,$326,$-0,$324,$374,$25,$11,$1,$12,$18,$-27,$0,$-5,$-16,$22,$-6,$0,$0,$-2,$0,$-2,$0,$-8,$0,$0,$0,$0,$0,$-28,$-0,$-28,$-14,$0,$-28
13,2015-06-30,67.27,$42.40,1.59,$54.14,1.24,$19.90,3.38,$1.91,35.22,$0.24B,$0.04B,5.4,$0.00B,$0.32B,0.0,$0.38B,$0.09B,24.00%,$0.38B,$0.06B,15.73%,$0.38B,$0.06B,15.73%,$0.38B,$0.08B,21.33%,$0.38B,$0.06B,15.73%,$0.38B,$0.03B,9.07%,$0.03B,$0.32B,10.80%,$0.03B,$0.30B,11.61%,$0.03B,$0.36B,9.28%,$0.06B,$0.32B,18.75%,$102,$82,$20,$0,$6,$89,$14,$0,$14,$5,$9,$9,$9,$17,$14,$7,7,$1.31,$1.31,$72,$97,$9,$235,$93,$0,$19,$12,$128,$363,$43,$0,$0,$4,$48,$7,$318,$0,$315,$363,$17,$8,$0,$9,$18,$-8,$0,$-7,$-0,$26,$-3,$0,$0,$1,$0,$1,$0,$-2,$0,$0,$0,$0,$0,$-28,$-0,$-28,$-4,$0,$-28
14,2015-03-31,53.09,$41.14,1.29,$52.16,1.02,$20.80,2.55,$2.51,21.15,$0.24B,$0.05B,4.7,$0.00B,$0.31B,0.0,$0.36B,$0.09B,23.82%,$0.36B,$0.05B,14.13%,$0.36B,$0.05B,14.13%,$0.36B,$0.08B,20.78%,$0.36B,$0.05B,14.13%,$0.36B,$0.03B,8.03%,$0.03B,$0.31B,9.27%,$0.03B,$0.29B,10.08%,$0.03B,$0.36B,7.95%,$0.05B,$0.31B,16.31%,$101,$80,$21,$0,$6,$89,$12,$0,$12,$4,$8,$8,$8,$17,$12,$7,7,$1.17,$1.17,$70,$93,$23,$244,$95,$0,$20,$0,$118,$362,$52,$0,$0,$4,$56,$7,$308,$0,$306,$362,$8,$5,$0,$5,$17,$-4,$0,$-9,$10,$23,$-2,$0,$0,$2,$0,$2,$0,$0,$0,$0,$0,$0,$0,$-28,$-0,$-28,$-5,$0,$-28
15,2014-12-31,45.64,$47.05,0.97,$50.11,0.91,$20.76,2.2,$2.02,22.59,$0.25B,$0.05B,5.05,$0.00B,$0.33B,0.0,$0.35B,$0.08B,23.34%,$0.35B,$0.05B,13.26%,$0.35B,$0.05B,13.26%,$0.35B,$0.07B,20.17%,$0.35B,$0.05B,13.26%,$0.35B,$0.03B,7.49%,$0.03B,$0.33B,8.33%,$0.03B,$0.30B,9.17%,$0.03B,$0.37B,7.15%,$0.05B,$0.33B,14.74%,$77,$44,$33,$0,$3,$52,$25,$0,$25,$8,$17,$17,$12,$33,$25,$7,7,$1.80,$1.80,$76,$89,$10,$246,$96,$0,$22,$5,$128,$374,$49,$0,$0,$0,$49,$7,$328,$-0,$325,$374,$26,$24,$0,$24,$17,$8,$0,$5,$22,$73,$-11,$0,$-11,$14,$0,$14,$0,$-8,$0,$0,$0,$0,$0,$-35,$0,$-35,$31,$0,$-35
16,2014-09-30,47.73,$42.00,1.14,$58.57,0.82,$10.09,4.73,$4.49,10.63,$0.24B,$0.05B,5.02,$0.00B,$0.31B,0.0,$0.41B,$0.07B,18.02%,$0.41B,$0.04B,10.37%,$0.41B,$0.04B,10.37%,$0.41B,$0.06B,15.56%,$0.41B,$0.04B,10.37%,$0.41B,$0.03B,7.65%,$0.03B,$0.31B,9.87%,$0.03B,$0.29B,11.00%,$0.03B,$0.37B,8.41%,$0.04B,$0.31B,13.38%,$95,$79,$16,$0,$6,$88,$8,$0,$8,$3,$5,$5,$5,$13,$8,$7,7,$0.74,$0.74,$46,$114,$17,$241,$95,$0,$28,$0,$126,$367,$48,$0,$0,$7,$55,$7,$316,$0,$313,$367,$14,$16,$1,$17,$35,$-16,$0,$3,$9,$40,$-8,$0,$-11,$16,$0,$16,$0,$-3,$0,$0,$0,$0,$0,$-35,$0,$-35,$2,$0,$-35
17,2014-06-30,57.27,$41.29,1.39,$59.36,0.96,$5.20,11.02,$5.06,11.32,$0.23B,$0.04B,5.31,$0.00B,$0.31B,0.0,$0.41B,$0.08B,18.73%,$0.41B,$0.05B,11.68%,$0.41B,$0.05B,11.68%,$0.41B,$0.07B,16.06%,$0.41B,$0.05B,11.68%,$0.41B,$0.04B,8.52%,$0.04B,$0.31B,11.13%,$0.04B,$0.28B,12.28%,$0.04B,$0.36B,9.42%,$0.05B,$0.31B,15.26%,$88,$72,$16,$0,$6,$82,$6,$0,$6,$2,$4,$4,$4,$12,$6,$7,7,$0.60,$0.60,$43,$111,$18,$229,$94,$0,$30,$0,$128,$357,$43,$0,$0,$7,$50,$7,$311,$0,$307,$357,$9,$11,$1,$11,$42,$-13,$0,$2,$14,$34,$-5,$0,$-11,$13,$0,$13,$0,$-2,$0,$0,$0,$0,$0,$-35,$0,$-35,$-3,$0,$-35
18,2014-03-31,61.36,$40.68,1.51,$61.30,1.0,$-0.77,0.0,$5.66,10.84,$0.22B,$0.05B,4.77,$0.00B,$0.30B,0.0,$0.42B,$0.08B,18.63%,$0.42B,$0.06B,12.97%,$0.42B,$0.06B,12.97%,$0.42B,$0.07B,16.27%,$0.42B,$0.06B,12.97%,$0.42B,$0.04B,9.20%,$0.04B,$0.30B,12.41%,$0.04B,$0.27B,13.54%,$0.04B,$0.36B,10.41%,$0.06B,$0.30B,17.50%,$87,$71,$16,$0,$6,$80,$7,$0,$7,$2,$5,$5,$5,$12,$7,$7,7,$0.68,$0.68,$36,$96,$20,$223,$96,$0,$34,$0,$133,$356,$47,$0,$0,$7,$54,$7,$307,$0,$303,$356,$5,$5,$0,$5,$23,$2,$0,$0,$15,$24,$-4,$0,$-10,$9,$0,$9,$0,$-5,$0,$0,$0,$0,$0,$-35,$0,$-35,$-15,$0,$-35
19,2013-12-31,59.42,$48.18,1.23,$60.85,0.98,$-3.06,0.0,$5.97,9.95,$0.26B,$0.05B,4.87,$0.00B,$0.33B,0.0,$0.42B,$0.08B,18.81%,$0.42B,$0.06B,13.81%,$0.42B,$0.06B,13.81%,$0.42B,$0.07B,16.67%,$0.42B,$0.06B,14.05%,$0.42B,$0.04B,9.76%,$0.04B,$0.33B,13.10%,$0.04B,$0.30B,14.10%,$0.04B,$0.39B,10.93%,$0.06B,$0.33B,18.53%,$135,$110,$25,$0,$4,$114,$21,$0,$21,$4,$17,$17,$17,$26,$21,$7,7,$2.47,$2.47,$59,$93,$20,$264,$90,$0,$36,$0,$129,$394,$54,$0,$0,$7,$61,$7,$337,$0,$333,$394,$41,$12,$-2,$10,$-9,$-9,$0,$-11,$-27,$24,$-36,$-22,$0,$19,$0,$19,$0,$-39,$0,$0,$0,$0,$0,$0,$0,$0,$-14,$0,$0
20,2013-09-30,51.97,$42.35,1.23,$61.88,0.84,$5.70,9.12,$5.16,10.07,$0.29B,$0.06B,5.01,$0.00B,$0.32B,0.0,$0.43B,$0.09B,20.14%,$0.43B,$0.05B,12.65%,$0.43B,$0.05B,12.65%,$0.43B,$0.07B,15.22%,$0.43B,$0.06B,12.88%,$0.43B,$0.04B,8.20%,$0.04B,$0.32B,11.57%,$0.04B,$0.30B,12.28%,$0.04B,$0.38B,9.59%,$0.05B,$0.32B,17.85%,$101,$81,$20,$0,$6,$87,$14,$0,$14,$5,$9,$9,$9,$16,$14,$7,7,$1.31,$1.31,$91,$111,$13,$285,$74,$0,$17,$0,$95,$379,$57,$0,$0,$7,$64,$7,$320,$0,$315,$379,$24,$7,$0,$7,$15,$-28,$0,$-4,$-16,$16,$-18,$0,$0,$11,$0,$11,$0,$-7,$0,$0,$0,$0,$0,$0,$0,$0,$9,$0,$0
21,2013-06-30,53.17,$41.14,1.29,$64.27,0.83,$9.61,5.54,$5.21,10.2,$0.28B,$0.06B,4.9,$0.00B,$0.31B,0.0,$0.44B,$0.09B,20.09%,$0.44B,$0.06B,12.42%,$0.44B,$0.06B,12.42%,$0.44B,$0.07B,14.90%,$0.44B,$0.06B,12.64%,$0.44B,$0.04B,7.90%,$0.04B,$0.31B,11.49%,$0.04B,$0.29B,12.21%,$0.04B,$0.37B,9.49%,$0.06B,$0.31B,18.06%,$101,$83,$18,$0,$5,$89,$13,$0,$13,$5,$8,$8,$8,$15,$13,$7,7,$1.20,$1.20,$81,$104,$12,$278,$71,$0,$17,$0,$92,$370,$57,$0,$0,$7,$64,$7,$311,$0,$306,$370,$15,$5,$0,$5,$4,$-20,$0,$-3,$-19,$1,$-13,$0,$0,$10,$0,$10,$0,$-3,$0,$0,$0,$0,$0,$0,$0,$0,$-2,$0,$0
22,2013-03-31,59.42,$40.00,1.49,$66.59,0.89,$15.76,3.77,$5.27,11.27,$0.27B,$0.05B,5.21,$0.00B,$0.30B,0.0,$0.46B,$0.09B,19.83%,$0.46B,$0.06B,11.98%,$0.46B,$0.06B,11.98%,$0.46B,$0.07B,14.60%,$0.46B,$0.06B,12.42%,$0.46B,$0.04B,7.84%,$0.04B,$0.30B,11.75%,$0.04B,$0.28B,12.49%,$0.04B,$0.36B,9.70%,$0.06B,$0.30B,17.94%,$83,$67,$16,$0,$6,$73,$10,$0,$11,$4,$7,$7,$7,$13,$10,$7,7,$0.99,$0.99,$98,$97,$16,$270,$66,$0,$18,$0,$87,$357,$52,$0,$0,$7,$59,$7,$302,$0,$298,$357,$7,$2,$0,$2,$26,$-14,$0,$-7,$2,$11,$-6,$0,$0,$1,$0,$1,$0,$-5,$0,$0,$0,$0,$0,$0,$0,$0,$6,$0,$0
23,2012-12-31,51.0,$42.15,1.21,$68.59,0.74,$16.07,3.17,$5.64,9.04,$0.27B,$0.06B,4.84,$0.00B,$0.29B,0.0,$0.47B,$0.10B,20.08%,$0.47B,$0.06B,12.47%,$0.47B,$0.06B,12.47%,$0.47B,$0.07B,15.01%,$0.47B,$0.06B,12.90%,$0.47B,$0.04B,8.03%,$0.04B,$0.29B,12.33%,$0.04B,$0.27B,13.11%,$0.04B,$0.35B,10.12%,$0.06B,$0.29B,19.14%,$142,$110,$32,$0,$14,$125,$17,$-0,$17,$6,$11,$11,$11,$21,$17,$7,7,$1.66,$1.66,$93,$83,$9,$271,$62,$0,$18,$0,$83,$354,$56,$0,$0,$7,$63,$7,$296,$0,$291,$354,$39,$11,$7,$18,$-7,$11,$0,$10,$5,$62,$-14,$0,$-0,$4,$0,$4,$-4,$-14,$0,$0,$0,$0,$0,$-86,$1,$-85,$-37,$0,$-86
24,2012-09-30,45.53,$43.46,1.05,$65.32,0.7,$15.34,2.97,$5.93,7.68,$0.31B,$0.06B,4.93,$0.00B,$0.32B,0.0,$0.45B,$0.09B,20.00%,$0.45B,$0.06B,14.00%,$0.45B,$0.06B,14.00%,$0.45B,$0.07B,16.22%,$0.45B,$0.07B,14.44%,$0.45B,$0.04B,8.89%,$0.04B,$0.32B,12.52%,$0.04B,$0.31B,13.29%,$0.04B,$0.40B,10.26%,$0.06B,$0.32B,19.72%,$117,$94,$23,$0,$8,$102,$15,$0,$15,$6,$9,$9,$9,$17,$15,$7,7,$1.36,$1.36,$113,$101,$15,$306,$67,$0,$19,$4,$89,$395,$62,$0,$0,$9,$71,$7,$329,$0,$323,$395,$27,$8,$3,$11,$1,$-7,$0,$6,$-5,$35,$-10,$0,$-0,$6,$0,$6,$-4,$-7,$0,$0,$0,$0,$0,$-41,$0,$-41,$-14,$0,$-41
25,2012-06-30,43.59,$42.17,1.03,$63.62,0.69,$15.16,2.88,$6.37,6.84,$0.29B,$0.06B,5.24,$0.00B,$0.31B,0.0,$0.44B,$0.09B,20.78%,$0.44B,$0.07B,15.30%,$0.44B,$0.07B,15.30%,$0.44B,$0.08B,17.81%,$0.44B,$0.07B,15.98%,$0.44B,$0.04B,9.82%,$0.04B,$0.31B,13.46%,$0.04B,$0.30B,14.21%,$0.04B,$0.38B,11.13%,$0.07B,$0.31B,20.97%,$117,$98,$20,$0,$6,$104,$13,$0,$14,$5,$9,$9,$9,$16,$13,$7,7,$1.26,$1.26,$119,$87,$24,$294,$66,$0,$19,$0,$85,$379,$56,$0,$0,$9,$66,$7,$320,$0,$314,$379,$18,$5,$1,$6,$15,$7,$0,$0,$12,$37,$-7,$0,$-0,$-5,$0,$-5,$-4,$-15,$0,$0,$0,$0,$0,$-41,$0,$-41,$-19,$0,$-41
26,2012-03-31,47.39,$40.98,1.16,$60.92,0.78,$13.35,3.55,$6.68,7.09,$0.29B,$0.06B,4.87,$0.00B,$0.31B,0.0,$0.42B,$0.09B,21.96%,$0.42B,$0.07B,16.71%,$0.42B,$0.07B,16.71%,$0.42B,$0.08B,19.33%,$0.42B,$0.07B,17.42%,$0.42B,$0.05B,10.74%,$0.05B,$0.31B,14.13%,$0.05B,$0.29B,14.83%,$0.05B,$0.37B,11.77%,$0.07B,$0.31B,21.98%,$97,$76,$20,$0,$6,$82,$14,$0,$15,$5,$9,$9,$9,$17,$14,$7,7,$1.36,$1.36,$100,$95,$21,$289,$66,$0,$18,$0,$85,$374,$59,$0,$0,$9,$69,$7,$311,$0,$305,$374,$9,$2,$0,$3,$7,$-1,$0,$-0,$-1,$12,$-4,$0,$0,$5,$0,$5,$0,$0,$0,$0,$0,$0,$0,$-41,$0,$-41,$-29,$0,$-41
27,2011-12-31,51.36,$48.91,1.05,$62.72,0.82,$15.03,3.42,$6.97,7.37,$0.33B,$0.07B,4.99,$0.00B,$0.34B,0.0,$0.43B,$0.09B,21.81%,$0.43B,$0.07B,16.94%,$0.43B,$0.07B,16.94%,$0.43B,$0.08B,19.26%,$0.43B,$0.08B,17.63%,$0.43B,$0.05B,10.90%,$0.05B,$0.34B,14.83%,$0.05B,$0.32B,15.46%,$0.05B,$0.41B,12.38%,$0.07B,$0.34B,23.03%,$119,$92,$27,$0,$7,$98,$21,$-0,$21,$8,$13,$13,$13,$23,$21,$7,7,$1.96,$1.96,$133,$95,$21,$329,$64,$0,$18,$0,$83,$412,$66,$0,$0,$9,$75,$7,$343,$0,$336,$412,$48,$9,$6,$15,$17,$-10,$0,$-7,$-5,$59,$-15,$0,$-5,$42,$0,$42,$-0,$22,$0,$0,$0,$0,$0,$-57,$0,$-56,$24,$0,$-57
28,2011-09-30,47.69,$43.38,1.1,$66.09,0.72,$14.67,3.25,$8.26,5.77,$0.31B,$0.05B,5.75,$0.00B,$0.32B,0.0,$0.45B,$0.11B,23.13%,$0.45B,$0.09B,18.94%,$0.45B,$0.09B,18.94%,$0.45B,$0.10B,21.15%,$0.45B,$0.09B,19.60%,$0.45B,$0.06B,12.33%,$0.06B,$0.32B,17.55%,$0.06B,$0.31B,18.21%,$0.06B,$0.38B,14.72%,$0.09B,$0.32B,26.96%,$105,$81,$24,$0,$4,$86,$19,$0,$20,$7,$12,$12,$12,$22,$19,$7,7,$1.80,$1.80,$118,$89,$22,$305,$64,$0,$11,$0,$75,$380,$53,$0,$0,$4,$57,$7,$329,$0,$323,$380,$35,$7,$0,$7,$21,$-6,$0,$-7,$-6,$36,$-12,$0,$0,$30,$0,$30,$-0,$17,$0,$0,$0,$0,$0,$-57,$0,$-56,$-3,$0,$-57
29,2011-06-30,55.69,$41.69,1.34,$67.38,0.83,$14.39,3.87,$8.38,6.65,$0.29B,$0.05B,5.99,$0.00B,$0.31B,0.0,$0.46B,$0.11B,22.68%,$0.46B,$0.09B,18.79%,$0.46B,$0.09B,18.79%,$0.46B,$0.10B,20.73%,$0.46B,$0.09B,19.44%,$0.46B,$0.06B,12.31%,$0.06B,$0.31B,17.88%,$0.06B,$0.30B,18.55%,$0.06B,$0.36B,14.94%,$0.09B,$0.31B,27.29%,$98,$78,$21,$0,$4,$82,$16,$0,$17,$6,$11,$11,$11,$19,$16,$7,7,$1.57,$1.57,$112,$88,$24,$288,$63,$0,$11,$0,$74,$363,$48,$0,$0,$4,$53,$7,$317,$0,$310,$363,$22,$4,$0,$4,$33,$-5,$0,$-10,$0,$27,$-9,$0,$0,$20,$0,$20,$-0,$10,$0,$0,$0,$0,$0,$-57,$0,$-56,$-19,$0,$-57
30,2011-03-31,61.83,$40.22,1.54,$70.14,0.88,$16.28,3.8,$8.99,6.88,$0.29B,$0.06B,4.87,$0.00B,$0.30B,0.0,$0.48B,$0.11B,23.03%,$0.48B,$0.09B,19.50%,$0.48B,$0.09B,19.50%,$0.48B,$0.10B,21.16%,$0.48B,$0.10B,20.12%,$0.48B,$0.06B,12.66%,$0.06B,$0.30B,19.15%,$0.06B,$0.29B,19.89%,$0.06B,$0.36B,15.95%,$0.09B,$0.30B,29.51%,$109,$87,$22,$0,$5,$92,$17,$1,$18,$6,$11,$11,$11,$19,$17,$7,7,$1.65,$1.65,$113,$83,$25,$293,$59,$0,$11,$0,$71,$364,$60,$0,$0,$4,$65,$7,$306,$0,$299,$364,$11,$2,$0,$2,$26,$-0,$0,$-11,$8,$22,$-3,$0,$0,$13,$0,$13,$-0,$9,$0,$0,$0,$0,$0,$-57,$0,$-56,$-25,$0,$-57
31,2010-12-31,62.43,$50.10,1.25,$69.80,0.89,$18.33,3.41,$9.26,6.74,$0.35B,$0.07B,5.18,$0.00B,$0.34B,0.0,$0.48B,$0.11B,23.80%,$0.48B,$0.10B,20.25%,$0.48B,$0.10B,20.25%,$0.48B,$0.11B,21.92%,$0.48B,$0.10B,20.88%,$0.48B,$0.06B,13.15%,$0.06B,$0.34B,19.87%,$0.06B,$0.33B,20.64%,$0.06B,$0.42B,16.52%,$0.10B,$0.34B,30.60%,$142,$104,$38,$0,$4,$108,$34,$0,$34,$12,$22,$22,$22,$36,$34,$7,7,$3.23,$3.24,$151,$83,$14,$346,$58,$0,$11,$0,$70,$415,$67,$0,$0,$4,$71,$7,$352,$0,$344,$415,$64,$9,$-2,$7,$1,$-15,$0,$-6,$-13,$58,$-17,$0,$0,$17,$0,$17,$-2,$-2,$0,$0,$0,$0,$0,$-56,$0,$-55,$1,$0,$-56
32,2010-09-30,51.13,$43.26,1.18,$71.14,0.72,$20.92,2.44,$9.18,5.57,$0.32B,$0.06B,5.57,$0.00B,$0.32B,0.0,$0.49B,$0.11B,23.16%,$0.49B,$0.10B,19.47%,$0.49B,$0.10B,19.47%,$0.49B,$0.10B,21.11%,$0.49B,$0.10B,20.08%,$0.49B,$0.06B,12.91%,$0.06B,$0.32B,20.00%,$0.06B,$0.31B,20.77%,$0.06B,$0.38B,16.67%,$0.10B,$0.32B,30.16%,$114,$89,$24,$0,$4,$93,$20,$1,$21,$7,$13,$13,$13,$22,$20,$7,7,$1.93,$1.92,$131,$95,$17,$316,$56,$0,$11,$0,$68,$384,$57,$0,$0,$5,$62,$7,$329,$0,$322,$384,$41,$7,$0,$7,$27,$-27,$0,$-8,$-14,$34,$-12,$0,$0,$4,$0,$4,$-2,$-10,$0,$0,$0,$0,$0,$-56,$0,$-55,$-32,$0,$-56
33,2010-06-30,44.59,$41.48,1.08,$71.58,0.62,$21.32,2.09,$9.70,4.6,$0.30B,$0.05B,5.77,$0.00B,$0.31B,0.0,$0.49B,$0.12B,24.08%,$0.49B,$0.10B,20.41%,$0.49B,$0.10B,20.41%,$0.49B,$0.11B,22.04%,$0.49B,$0.10B,20.82%,$0.49B,$0.07B,13.67%,$0.07B,$0.31B,21.41%,$0.07B,$0.30B,22.22%,$0.07B,$0.37B,17.90%,$0.10B,$0.31B,31.95%,$117,$91,$27,$0,$3,$94,$23,$1,$24,$9,$15,$15,$15,$25,$23,$7,7,$2.18,$2.18,$141,$82,$20,$304,$51,$0,$11,$0,$62,$367,$53,$0,$0,$5,$58,$7,$316,$0,$309,$367,$28,$4,$0,$4,$38,$-13,$0,$-11,$4,$36,$-5,$0,$0,$7,$0,$7,$-2,$1,$0,$0,$0,$0,$0,$-56,$0,$-55,$-19,$0,$-56
34,2010-03-31,57.1,$39.44,1.45,$69.57,0.82,$20.81,2.74,$9.47,6.03,$0.30B,$0.06B,4.91,$0.00B,$0.29B,0.0,$0.48B,$0.12B,24.16%,$0.48B,$0.10B,20.17%,$0.48B,$0.10B,20.17%,$0.48B,$0.11B,22.06%,$0.48B,$0.10B,20.59%,$0.48B,$0.07B,13.66%,$0.07B,$0.29B,20.97%,$0.07B,$0.28B,21.76%,$0.07B,$0.36B,17.57%,$0.10B,$0.29B,30.97%,$106,$82,$25,$0,$5,$86,$20,$1,$21,$8,$13,$13,$13,$22,$20,$7,7,$1.92,$1.92,$143,$75,$12,$296,$51,$0,$11,$0,$63,$359,$60,$0,$0,$5,$66,$7,$301,$0,$293,$359,$13,$2,$0,$2,$33,$-7,$0,$-3,$22,$37,$-5,$0,$0,$-2,$0,$-2,$-2,$-8,$0,$0,$0,$0,$0,$-56,$0,$-55,$-26,$0,$-56
35,2009-12-31,46.26,$48.98,0.94,$69.81,0.66,$21.91,2.11,$9.13,5.07,$0.34B,$0.06B,5.6,$0.00B,$0.34B,0.0,$0.48B,$0.11B,23.01%,$0.48B,$0.09B,19.25%,$0.48B,$0.09B,19.25%,$0.48B,$0.10B,21.13%,$0.48B,$0.09B,19.67%,$0.48B,$0.06B,13.18%,$0.06B,$0.34B,20.47%,$0.06B,$0.32B,21.27%,$0.06B,$0.40B,17.21%,$0.09B,$0.34B,29.89%,$151,$114,$37,$0,$5,$119,$32,$0,$32,$10,$22,$22,$22,$34,$32,$7,7,$3.16,$3.16,$167,$69,$7,$342,$49,$0,$11,$0,$60,$402,$61,$0,$0,$5,$67,$7,$344,$1,$336,$402,$63,$9,$-0,$9,$-17,$3,$0,$-5,$-10,$62,$-3,$0,$0,$3,$0,$3,$0,$-0,$0,$0,$0,$0,$0,$-38,$0,$-38,$24,$0,$-38
36,2009-09-30,36.64,$42.20,0.87,$69.57,0.53,$17.85,2.05,$8.62,4.25,$0.31B,$0.05B,5.93,$0.00B,$0.31B,0.0,$0.48B,$0.10B,21.85%,$0.48B,$0.09B,18.07%,$0.48B,$0.09B,18.07%,$0.48B,$0.10B,19.96%,$0.48B,$0.09B,18.70%,$0.48B,$0.06B,12.39%,$0.06B,$0.31B,19.57%,$0.06B,$0.30B,20.34%,$0.06B,$0.37B,16.53%,$0.09B,$0.31B,28.52%,$116,$87,$29,$0,$4,$92,$25,$1,$25,$9,$17,$17,$17,$27,$25,$7,7,$2.44,$2.44,$132,$101,$1,$307,$50,$0,$11,$0,$62,$369,$52,$0,$0,$3,$55,$7,$322,$1,$314,$369,$41,$7,$0,$7,$7,$-30,$0,$1,$-21,$27,$-2,$0,$0,$18,$0,$18,$0,$16,$0,$0,$0,$0,$0,$-38,$0,$-38,$4,$0,$-38
37,2009-06-30,32.23,$39.94,0.81,$68.95,0.47,$15.12,2.13,$7.67,4.2,$0.29B,$0.05B,5.76,$0.00B,$0.30B,0.0,$0.47B,$0.09B,19.92%,$0.47B,$0.08B,16.10%,$0.47B,$0.08B,16.10%,$0.47B,$0.09B,18.01%,$0.47B,$0.08B,16.95%,$0.47B,$0.05B,11.02%,$0.05B,$0.30B,17.57%,$0.05B,$0.29B,18.29%,$0.05B,$0.35B,14.77%,$0.08B,$0.30B,25.68%,$103,$79,$24,$0,$5,$84,$19,$1,$20,$7,$13,$13,$13,$22,$19,$7,7,$1.95,$1.95,$135,$89,$1,$287,$52,$0,$11,$0,$64,$350,$50,$0,$0,$3,$53,$7,$306,$1,$297,$350,$24,$4,$0,$4,$19,$-17,$0,$1,$0,$29,$-2,$0,$0,$9,$0,$9,$0,$7,$0,$0,$0,$0,$0,$-38,$0,$-38,$-1,$0,$-38
38,2009-03-31,25.84,$38.16,0.68,$69.97,0.37,$12.26,2.11,$7.12,3.63,$0.28B,$0.06B,4.98,$0.00B,$0.28B,0.0,$0.48B,$0.09B,18.37%,$0.48B,$0.07B,14.82%,$0.48B,$0.07B,14.82%,$0.48B,$0.08B,16.49%,$0.48B,$0.08B,15.66%,$0.48B,$0.05B,10.23%,$0.05B,$0.28B,16.77%,$0.05B,$0.27B,17.48%,$0.05B,$0.34B,14.07%,$0.07B,$0.28B,24.29%,$108,$88,$20,$0,$4,$92,$16,$1,$17,$6,$11,$11,$11,$18,$16,$7,7,$1.58,$1.58,$149,$73,$1,$278,$53,$0,$11,$0,$65,$343,$56,$0,$0,$3,$59,$7,$292,$1,$284,$343,$11,$2,$0,$2,$25,$-1,$0,$0,$28,$41,$-1,$0,$0,$-8,$0,$-8,$0,$-9,$0,$0,$0,$0,$0,$-38,$0,$-38,$-5,$0,$-38
39,2008-12-31,27.55,$45.36,0.61,$65.49,0.42,$8.12,3.39,$6.45,4.27,$0.30B,$0.05B,5.77,$0.00B,$0.31B,0.0,$0.45B,$0.08B,18.08%,$0.45B,$0.06B,14.29%,$0.45B,$0.06B,14.29%,$0.45B,$0.07B,16.07%,$0.45B,$0.07B,15.18%,$0.45B,$0.04B,9.82%,$0.04B,$0.31B,15.21%,$0.04B,$0.30B,15.86%,$0.04B,$0.37B,12.76%,$0.06B,$0.31B,22.13%,$149,$118,$31,$0,$5,$123,$26,$1,$27,$9,$18,$18,$18,$28,$26,$7,7,$2.65,$2.65,$146,$72,$2,$300,$55,$0,$11,$0,$66,$366,$52,$0,$0,$3,$55,$7,$319,$1,$311,$366,$44,$9,$1,$10,$12,$-6,$0,$-0,$-20,$35,$-4,$0,$0,$-4,$0,$-4,$0,$-8,$0,$0,$0,$0,$0,$-29,$0,$-29,$-2,$0,$-29
40,2008-09-30,26.66,$39.23,0.68,$64.85,0.41,$8.28,3.22,$3.80,7.02,$0.28B,$0.05B,5.23,$0.00B,$0.29B,0.0,$0.44B,$0.08B,18.24%,$0.44B,$0.07B,14.64%,$0.44B,$0.07B,14.64%,$0.44B,$0.07B,16.67%,$0.44B,$0.07B,15.54%,$0.44B,$0.04B,9.91%,$0.04B,$0.29B,15.43%,$0.04B,$0.28B,16.09%,$0.04B,$0.35B,12.68%,$0.07B,$0.29B,22.79%,$112,$93,$19,$0,$4,$97,$15,$1,$16,$6,$10,$10,$10,$17,$15,$7,7,$1.49,$1.49,$120,$86,$1,$281,$56,$0,$11,$0,$68,$349,$54,$0,$0,$3,$57,$7,$301,$0,$292,$349,$26,$7,$0,$7,$19,$-20,$0,$1,$-24,$9,$-4,$0,$0,$1,$0,$1,$0,$-3,$0,$0,$0,$0,$0,$-29,$0,$-29,$-22,$0,$-29
41,2008-06-30,22.97,$37.87,0.61,$63.04,0.36,$8.68,2.65,$2.31,9.94,$0.27B,$0.05B,5.36,$0.00B,$0.28B,0.0,$0.43B,$0.08B,18.56%,$0.43B,$0.06B,14.39%,$0.43B,$0.06B,14.39%,$0.43B,$0.07B,16.47%,$0.43B,$0.07B,15.31%,$0.43B,$0.04B,9.98%,$0.04B,$0.28B,15.29%,$0.04B,$0.27B,15.94%,$0.04B,$0.34B,12.45%,$0.06B,$0.28B,22.04%,$110,$92,$18,$0,$4,$96,$14,$1,$15,$5,$10,$10,$10,$16,$14,$7,7,$1.40,$1.40,$122,$75,$2,$266,$57,$0,$11,$0,$69,$335,$50,$0,$0,$3,$53,$7,$291,$0,$282,$335,$16,$4,$0,$4,$27,$-9,$0,$-0,$-11,$10,$-3,$0,$0,$13,$0,$13,$0,$11,$0,$0,$0,$0,$0,$-29,$0,$-29,$-8,$0,$-29
42,2008-03-31,18.75,$36.58,0.51,$61.04,0.31,$9.90,1.89,$0.91,20.61,$0.26B,$0.05B,4.86,$0.00B,$0.27B,0.0,$0.42B,$0.08B,18.47%,$0.42B,$0.06B,13.67%,$0.42B,$0.06B,13.67%,$0.42B,$0.07B,15.83%,$0.42B,$0.06B,14.63%,$0.42B,$0.04B,9.59%,$0.04B,$0.27B,14.40%,$0.04B,$0.26B,15.02%,$0.04B,$0.33B,11.65%,$0.06B,$0.27B,20.52%,$77,$64,$13,$0,$4,$68,$9,$1,$10,$4,$6,$6,$6,$11,$9,$7,7,$0.91,$0.91,$127,$76,$1,$259,$58,$0,$11,$0,$70,$329,$53,$0,$0,$3,$57,$7,$281,$0,$272,$329,$6,$2,$-3,$-1,$39,$-11,$0,$0,$7,$13,$-1,$0,$0,$-2,$0,$-2,$0,$-3,$0,$0,$0,$0,$0,$-29,$0,$-29,$-19,$0,$-29
43,2007-12-31,16.09,$43.08,0.37,$61.63,0.26,$10.73,1.5,$0.73,22.04,$0.30B,$0.08B,3.96,$0.00B,$0.30B,0.0,$0.42B,$0.08B,18.05%,$0.42B,$0.05B,12.83%,$0.42B,$0.05B,12.83%,$0.42B,$0.06B,14.96%,$0.42B,$0.06B,13.78%,$0.42B,$0.04B,9.26%,$0.04B,$0.30B,14.18%,$0.04B,$0.28B,14.77%,$0.04B,$0.38B,11.49%,$0.05B,$0.30B,19.64%,$145,$114,$31,$0,$3,$117,$27,$0,$28,$10,$18,$18,$18,$30,$27,$7,7,$2.63,$2.63,$143,$65,$1,$304,$59,$0,$11,$0,$71,$375,$77,$0,$0,$3,$80,$7,$304,$0,$295,$375,$39,$8,$3,$12,$-23,$-10,$0,$-0,$-14,$38,$-6,$0,$-7,$-19,$0,$-19,$0,$-32,$0,$0,$0,$0,$0,$-26,$0,$-26,$-20,$0,$-26
44,2007-09-30,16.19,$37.16,0.44,$58.07,0.28,$5.79,2.8,$4.01,4.04,$0.27B,$0.07B,4.18,$0.00B,$0.28B,0.0,$0.40B,$0.07B,17.93%,$0.40B,$0.05B,12.37%,$0.40B,$0.05B,12.37%,$0.40B,$0.06B,14.65%,$0.40B,$0.05B,13.13%,$0.40B,$0.04B,9.09%,$0.04B,$0.28B,13.27%,$0.04B,$0.27B,13.79%,$0.04B,$0.34B,10.84%,$0.05B,$0.28B,18.06%,$99,$81,$18,$0,$7,$88,$12,$1,$13,$4,$9,$9,$9,$14,$12,$7,7,$1.27,$1.27,$119,$85,$1,$272,$60,$0,$11,$0,$71,$343,$65,$0,$0,$2,$67,$7,$286,$0,$276,$343,$21,$6,$0,$6,$5,$-29,$0,$0,$-16,$12,$-4,$0,$-7,$-9,$0,$-9,$0,$-20,$0,$0,$0,$0,$0,$-26,$0,$-26,$-34,$0,$-26
45,2007-06-30,19.05,$35.96,0.53,$55.45,0.34,$1.20,15.81,$5.06,3.76,$0.25B,$0.06B,4.5,$0.00B,$0.27B,0.0,$0.38B,$0.07B,18.21%,$0.38B,$0.05B,12.40%,$0.38B,$0.05B,12.40%,$0.38B,$0.06B,14.78%,$0.38B,$0.05B,13.19%,$0.38B,$0.03B,8.97%,$0.03B,$0.27B,12.66%,$0.03B,$0.26B,13.09%,$0.03B,$0.33B,10.37%,$0.05B,$0.27B,17.50%,$96,$81,$15,$0,$7,$87,$9,$1,$10,$3,$7,$7,$7,$11,$9,$7,7,$1.02,$1.02,$127,$66,$1,$253,$61,$0,$11,$0,$72,$326,$56,$0,$0,$2,$58,$7,$278,$-0,$268,$326,$12,$4,$-5,$-0,$13,$-11,$0,$0,$6,$18,$-2,$0,$-7,$-16,$0,$-16,$0,$-25,$0,$0,$0,$0,$0,$-26,$0,$-26,$-33,$0,$-26
46,2007-03-31,18.83,$35.02,0.54,$49.87,0.38,$-2.97,0.0,$5.59,3.37,$0.24B,$0.05B,4.71,$0.00B,$0.26B,0.0,$0.34B,$0.06B,18.48%,$0.34B,$0.04B,12.32%,$0.34B,$0.04B,12.32%,$0.34B,$0.05B,14.96%,$0.34B,$0.05B,13.20%,$0.34B,$0.03B,9.09%,$0.03B,$0.26B,11.65%,$0.03B,$0.25B,11.97%,$0.03B,$0.31B,9.62%,$0.04B,$0.26B,15.79%,$81,$69,$12,$0,$7,$75,$6,$1,$7,$2,$5,$5,$5,$8,$6,$7,7,$0.73,$0.73,$131,$56,$1,$242,$62,$0,$9,$0,$71,$314,$51,$0,$0,$2,$53,$7,$271,$-0,$261,$314,$5,$2,$0,$2,$19,$-1,$0,$0,$12,$19,$-2,$0,$-4,$-0,$0,$-0,$0,$-6,$0,$0,$0,$0,$0,$-26,$0,$-26,$-13,$0,$-26
47,2006-12-31,16.22,$41.03,0.4,$44.60,0.36,$-5.42,0.0,$4.86,3.34,$0.27B,$0.06B,4.33,$0.00B,$0.28B,0.0,$0.31B,$0.06B,18.36%,$0.31B,$0.04B,11.80%,$0.31B,$0.04B,11.80%,$0.31B,$0.05B,14.75%,$0.31B,$0.04B,13.11%,$0.31B,$0.03B,9.18%,$0.03B,$0.28B,10.60%,$0.03B,$0.27B,10.84%,$0.03B,$0.35B,8.85%,$0.04B,$0.28B,13.62%,$120,$94,$26,$0,$4,$98,$22,$-0,$22,$7,$15,$15,$15,$25,$22,$7,7,$2.23,$2.23,$144,$55,$1,$273,$63,$0,$9,$0,$72,$345,$63,$0,$0,$2,$65,$7,$291,$-0,$280,$345,$28,$8,$-1,$7,$-33,$-16,$0,$1,$-31,$6,$-7,$0,$-14,$15,$0,$15,$0,$-6,$0,$0,$0,$0,$0,$-14,$-0,$-15,$-15,$0,$-14
