,Date,Stock Price,Book Value per Share,Price to Book Ratio,TTM Sales per Share,Price to Sales Ratio,TTM FCF per Share,Price to FCF Ratio,TTM Net EPS,PE Ratio,Current Assets,Current Liabilities,Current Ratio,Long Term Debt,Shareholder's Equity_x,Debt to Equity Ratio,TTM Revenue_x,TTM Gross Profit,Gross Margin,TTM Revenue_y,TTM Operating Income,Operating Margin,TTM Revenue_x,TTM EBIT,EBIT Margin,TTM Revenue_y,TTM EBITDA,EBITDA Margin,TTM Revenue_x,TTM Pre-Tax Income,Pre-Tax Margin,TTM Revenue_y,TTM Net Income_x,Net Margin,TTM Net Income_y,Shareholder's Equity_y,Return on Equity,TTM Net Income_x,Tangible Equity,Return on Tangible Equity,TTM Net Income_y,Total Assets,Return on Assets,TTM Net Income,LT Investments & Debt,Return on Investment,revenue,cost-goods-sold,gross-profit,research-development-expenses,selling-general-administrative-expenses,operating-expenses,operating-income,total-non-operating-income-expense,pre-tax-income,total-provision-income-taxes,income-after-taxes,income-from-continuous-operations,net-income,ebitda,ebit,basic-shares-outstanding,shares-outstanding,eps-basic-net-earnings-per-share,eps-earnings-per-share-diluted,cash-on-hand,inventory,other-current-assets,total-current-assets,net-property-plant-equipment,long-term-investments,goodwill-intangible-assets-total,other-long-term-assets,total-long-term-assets,total-assets,total-current-liabilities,long-term-debt,other-non-current-liabilities,total-long-term-liabilities,total-liabilities,common-stock-net,retained-earnings-accumulated-deficit,comprehensive-income,total-share-holder-equity,total-liabilities-share-holders-equity,net-income-loss,total-depreciation-amortization-cash-flow,other-non-cash-items,total-non-cash-items,change-in-accounts-receivable,change-in-inventories,change-in-accounts-payable,change-in-assets-liabilities,total-change-in-assets-liabilities,cash-flow-from-operating-activities,net-change-in-property-plant-equipment,net-change-in-intangible-assets,net-acquisitions-divestitures,net-change-in-short-term-investments,net-change-in-long-term-investments,net-change-in-investments-total,investing-activities-other,cash-flow-from-investing-activities,net-long-term-debt,net-current-debt,debt-issuance-retirement-net-total,net-common-equity-issued-repurchased,net-total-equity-issued-repurchased,total-common-preferred-stock-dividends-paid,financial-activities-other,cash-flow-from-financial-activities,net-cash-flow,stock-based-compensation,common-stock-dividends-paid
0,2018-09-30,14.16,$10.72,1.32,$2.32,6.1,$1.34,10.6,$0.66,21.45,$0.08B,$1.11B,0.07,$0.00B,$0.53B,0.01,$0.13B,$0.13B,100.00%,$0.13B,$0.00B,3.15%,$0.13B,$0.00B,3.15%,$0.13B,$0.06B,50.39%,$0.13B,$0.04B,27.56%,$0.13B,$0.04B,29.13%,$0.04B,$0.53B,6.34%,$0.04B,$0.43B,7.79%,$0.04B,$1.70B,2.02%,$0.00B,$0.54B,0.68%,$29,$0,$29,$0,$2,$27,$2,$-2,$0,$-0,$1,$1,$1,$14,$2,$50,52,$0.01,$0.01,$69,$0,$0,$77,$1447,$0,$101,$74,$1622,$1699,$1110,$4,$50,$56,$1166,$0,$-333,$2,$533,$1699,$37,$41,$-48,$-7,$0,$0,$0,$-4,$-10,$20,$0,$0,$-12,$0,$0,$0,$207,$194,$-99,$0,$-99,$-84,$-84,$-24,$-9,$-216,$-3,$0,$-24
1,2018-06-30,14.33,$10.95,1.31,$2.38,6.02,$1.30,11.06,$0.54,26.54,$0.06B,$1.10B,0.06,$0.01B,$0.56B,0.01,$0.13B,$0.13B,100.00%,$0.13B,$0.00B,3.03%,$0.13B,$0.00B,3.03%,$0.13B,$0.07B,52.27%,$0.13B,$0.03B,21.97%,$0.13B,$0.03B,21.97%,$0.03B,$0.56B,4.80%,$0.03B,$0.45B,5.91%,$0.03B,$1.72B,1.52%,$0.00B,$0.56B,0.66%,$31,$0,$31,$0,$2,$29,$2,$35,$36,$-0,$36,$36,$36,$17,$2,$52,54,$0.69,$0.66,$58,$0,$0,$64,$1463,$0,$105,$85,$1653,$1717,$1096,$5,$59,$65,$1162,$1,$-328,$6,$555,$1717,$35,$29,$-42,$-13,$3,$0,$0,$-4,$-5,$16,$0,$0,$0,$0,$0,$0,$188,$188,$-122,$0,$-122,$-70,$-70,$-16,$-8,$-217,$-14,$0,$-16
2,2018-03-31,12.74,$11.38,1.12,$2.39,5.34,$1.23,10.35,$-0.31,0.0,$0.07B,$1.29B,0.05,$0.00B,$0.62B,0.01,$0.13B,$0.13B,100.00%,$0.13B,$0.00B,3.01%,$0.13B,$0.00B,3.01%,$0.13B,$0.07B,51.88%,$0.13B,$-0.02B,-12.78%,$0.13B,$-0.02B,-12.78%,$-0.02B,$0.62B,-2.75%,$-0.02B,$0.51B,-3.45%,$-0.02B,$1.98B,-0.86%,$0.00B,$0.63B,0.64%,$34,$0,$34,$0,$2,$27,$7,$-8,$-1,$0,$-1,$-1,$-1,$20,$7,$55,56,$-0.02,$-0.02,$59,$0,$0,$65,$1551,$0,$115,$249,$1915,$1980,$1287,$4,$65,$72,$1358,$1,$-357,$45,$621,$1980,$-1,$13,$-1,$12,$3,$0,$0,$-0,$0,$11,$0,$0,$0,$0,$0,$0,$-5,$-5,$0,$0,$0,$-11,$-11,$-8,$-2,$-21,$-13,$0,$-8
3,2017-12-31,12.99,$11.27,1.15,$2.34,5.56,$1.12,11.63,$-0.57,0.0,$0.08B,$1.25B,0.06,$0.00B,$0.62B,0.01,$0.13B,$0.13B,100.00%,$0.13B,$-0.02B,-12.31%,$0.13B,$-0.02B,-12.31%,$0.13B,$0.07B,50.00%,$0.13B,$-0.03B,-24.62%,$0.13B,$-0.03B,-23.85%,$-0.03B,$0.62B,-5.08%,$-0.03B,$0.51B,-6.49%,$-0.03B,$1.94B,-1.60%,$-0.02B,$0.63B,-2.58%,$33,$0,$33,$0,$2,$39,$-7,$7,$0,$-2,$3,$3,$1,$13,$-7,$55,56,$0.02,$0.02,$72,$0,$0,$81,$1512,$0,$114,$235,$1860,$1941,$1251,$4,$60,$66,$1317,$1,$-347,$26,$624,$1941,$-30,$81,$-17,$64,$-2,$0,$0,$-0,$-8,$25,$0,$0,$0,$0,$-35,$-35,$120,$84,$-72,$0,$-72,$0,$0,$-33,$-14,$-120,$-2,$0,$-33
4,2017-09-30,12.26,$11.17,1.1,$2.30,5.34,$1.14,10.71,$-0.35,0.0,$0.07B,$1.30B,0.05,$0.00B,$0.62B,0.01,$0.13B,$0.13B,100.00%,$0.13B,$-0.02B,-12.40%,$0.13B,$-0.02B,-12.40%,$0.13B,$0.07B,51.94%,$0.13B,$-0.02B,-13.95%,$0.13B,$-0.02B,-13.95%,$-0.02B,$0.62B,-2.98%,$-0.02B,$0.50B,-3.89%,$-0.02B,$1.99B,-0.94%,$-0.02B,$0.62B,-2.61%,$34,$0,$34,$0,$2,$32,$2,$-8,$-6,$0,$-7,$-7,$-7,$19,$2,$55,56,$-0.12,$-0.12,$58,$0,$0,$66,$1654,$0,$123,$145,$1923,$1989,$1298,$3,$68,$73,$1371,$1,$-340,$15,$618,$1989,$-33,$62,$-2,$60,$-1,$0,$0,$0,$-7,$20,$0,$0,$-10,$0,$-35,$-35,$45,$-0,$-7,$0,$-7,$0,$0,$-25,$-11,$-44,$-18,$0,$-25
5,2017-06-30,11.99,$11.04,1.09,$2.32,5.17,$1.13,10.66,$-0.45,0.0,$0.09B,$1.26B,0.07,$0.03B,$0.61B,0.04,$0.13B,$0.13B,100.00%,$0.13B,$-0.02B,-13.53%,$0.13B,$-0.02B,-13.53%,$0.13B,$0.07B,51.88%,$0.13B,$-0.02B,-16.54%,$0.13B,$-0.02B,-18.05%,$-0.02B,$0.61B,-3.90%,$-0.02B,$0.46B,-5.17%,$-0.02B,$1.97B,-1.24%,$-0.02B,$0.64B,-2.88%,$32,$0,$32,$0,$2,$30,$2,$-12,$-10,$0,$-11,$-11,$-10,$17,$2,$55,56,$-0.19,$-0.19,$80,$0,$0,$87,$1650,$0,$149,$79,$1878,$1965,$1259,$27,$68,$96,$1355,$1,$-325,$-5,$610,$1965,$-26,$45,$-2,$43,$0,$0,$0,$1,$-4,$13,$0,$0,$0,$0,$-34,$-34,$30,$-4,$16,$0,$16,$0,$0,$-17,$-10,$-11,$3,$0,$-17
6,2017-03-31,10.83,$10.73,1.01,$2.41,4.5,$1.04,10.42,$-0.83,0.0,$0.09B,$1.19B,0.08,$0.00B,$0.59B,0.01,$0.14B,$0.14B,100.00%,$0.14B,$-0.05B,-34.04%,$0.14B,$-0.05B,-34.04%,$0.14B,$0.05B,34.75%,$0.14B,$-0.05B,-32.62%,$0.14B,$-0.05B,-34.04%,$-0.05B,$0.59B,-7.50%,$-0.05B,$0.45B,-9.94%,$-0.05B,$1.85B,-2.36%,$-0.05B,$0.59B,-7.28%,$31,$0,$31,$0,$3,$44,$-13,$-2,$-16,$-0,$-16,$-16,$-15,$16,$-13,$55,56,$-0.28,$-0.28,$84,$0,$0,$90,$1560,$0,$145,$54,$1760,$1849,$1191,$4,$63,$68,$1259,$1,$-306,$-42,$590,$1849,$-16,$30,$-7,$23,$0,$0,$0,$1,$-3,$4,$0,$0,$0,$0,$0,$0,$21,$21,$0,$0,$0,$0,$0,$-8,$-10,$-19,$8,$0,$-8
7,2016-12-31,11.6,$10.83,1.07,$2.55,4.56,$1.06,10.95,$-1.04,0.0,$0.08B,$1.18B,0.07,$0.01B,$0.60B,0.01,$0.15B,$0.15B,100.00%,$0.15B,$-0.03B,-22.37%,$0.15B,$-0.03B,-22.37%,$0.15B,$0.06B,38.82%,$0.15B,$-0.06B,-39.47%,$0.15B,$-0.06B,-40.79%,$-0.06B,$0.60B,-9.01%,$-0.06B,$0.45B,-12.19%,$-0.06B,$1.85B,-2.80%,$-0.03B,$0.61B,-4.81%,$32,$0,$32,$0,$3,$39,$-7,$21,$14,$0,$14,$14,$14,$15,$-7,$58,59,$0.21,$0.21,$77,$0,$0,$83,$1551,$0,$148,$64,$1763,$1845,$1177,$5,$62,$68,$1245,$1,$-283,$-51,$600,$1845,$-63,$93,$3,$96,$-2,$0,$0,$1,$-5,$28,$0,$0,$0,$0,$0,$0,$392,$392,$-529,$0,$-529,$-59,$-59,$-35,$-8,$-631,$-218,$0,$-35
8,2016-09-30,9.96,$11.41,0.87,$2.70,3.68,$-0.22,0.0,$-1.83,0.0,$0.19B,$1.33B,0.14,$0.00B,$0.66B,0.01,$0.16B,$0.16B,100.00%,$0.16B,$-0.04B,-21.95%,$0.16B,$-0.04B,-21.95%,$0.16B,$0.06B,37.20%,$0.16B,$-0.09B,-57.32%,$0.16B,$-0.11B,-66.46%,$-0.11B,$0.66B,-14.78%,$-0.11B,$0.50B,-20.41%,$-0.11B,$2.08B,-4.49%,$-0.04B,$0.67B,-4.76%,$38,$0,$38,$0,$2,$37,$0,$-10,$-10,$3,$-13,$-13,$-13,$21,$0,$58,59,$-0.22,$-0.22,$161,$0,$0,$186,$1666,$0,$163,$67,$1896,$2082,$1334,$4,$80,$86,$1420,$1,$-288,$-8,$662,$2082,$-76,$71,$33,$104,$0,$0,$0,$1,$-8,$20,$0,$0,$0,$0,$0,$0,$359,$359,$-452,$0,$-452,$-29,$-29,$-27,$-6,$-514,$-135,$0,$-27
