,Date,Stock Price,Book Value per Share,Price to Book Ratio,TTM Sales per Share,Price to Sales Ratio,TTM FCF per Share,Price to FCF Ratio,TTM Net EPS,PE Ratio,Current Assets,Current Liabilities,Current Ratio,Long Term Debt,Shareholder's Equity_x,Debt to Equity Ratio,TTM Revenue_x,TTM Gross Profit,Gross Margin,TTM Revenue_y,TTM Operating Income,Operating Margin,TTM Revenue_x,TTM EBIT,EBIT Margin,TTM Revenue_y,TTM EBITDA,EBITDA Margin,TTM Revenue_x,TTM Pre-Tax Income,Pre-Tax Margin,TTM Revenue_y,TTM Net Income_x,Net Margin,TTM Net Income_y,Shareholder's Equity_y,Return on Equity,TTM Net Income_x,Tangible Equity,Return on Tangible Equity,TTM Net Income_y,Total Assets,Return on Assets,TTM Net Income,LT Investments & Debt,Return on Investment,revenue,cost-goods-sold,gross-profit,research-development-expenses,selling-general-administrative-expenses,operating-expenses,operating-income,total-non-operating-income-expense,pre-tax-income,total-provision-income-taxes,income-after-taxes,income-from-continuous-operations,net-income,ebitda,ebit,basic-shares-outstanding,shares-outstanding,eps-basic-net-earnings-per-share,eps-earnings-per-share-diluted,cash-on-hand,inventory,other-current-assets,total-current-assets,net-property-plant-equipment,long-term-investments,goodwill-intangible-assets-total,other-long-term-assets,total-long-term-assets,total-assets,total-current-liabilities,long-term-debt,other-non-current-liabilities,total-long-term-liabilities,total-liabilities,common-stock-net,retained-earnings-accumulated-deficit,comprehensive-income,total-share-holder-equity,total-liabilities-share-holders-equity,net-income-loss,total-depreciation-amortization-cash-flow,other-non-cash-items,total-non-cash-items,change-in-accounts-receivable,change-in-inventories,change-in-accounts-payable,change-in-assets-liabilities,total-change-in-assets-liabilities,cash-flow-from-operating-activities,net-change-in-property-plant-equipment,net-change-in-intangible-assets,net-acquisitions-divestitures,net-change-in-short-term-investments,net-change-in-long-term-investments,net-change-in-investments-total,investing-activities-other,cash-flow-from-investing-activities,net-long-term-debt,net-current-debt,debt-issuance-retirement-net-total,net-common-equity-issued-repurchased,net-total-equity-issued-repurchased,total-common-preferred-stock-dividends-paid,financial-activities-other,cash-flow-from-financial-activities,net-cash-flow,stock-based-compensation,common-stock-dividends-paid
0,2018-09-30,41.55,$29.52,1.41,$13.56,3.07,$0.49,85.34,$2.20,18.89,$1.11B,$1.27B,0.88,$0.02B,$0.20B,0.09,$0.09B,$0.09B,97.87%,$0.09B,$0.02B,24.47%,$0.09B,0,0.00%,$0.09B,0,0.00%,$0.09B,$0.02B,23.40%,$0.09B,$0.02B,15.96%,$0.02B,$0.20B,7.59%,$0.02B,$0.19B,8.26%,$0.02B,$1.50B,1.00%,$0.02B,$0.22B,10.69%,$25,$1,$24,$0,$17,$18,$7,$-1,$6,$1,$5,$5,$5,$0,$0,$7,7,$0.77,$0.75,$76,$0,$0,$1107,$39,$266,$16,$74,$395,$1503,$1266,$18,$16,$34,$1299,$7,$134,$-1,$203,$1503,$15,$2,$-415,$-412,$400,$0,$0,$-5,$395,$-2,$-2,$0,$0,$0,$41,$41,$-19,$20,$-0,$5,$5,$0,$0,$-5,$-25,$-25,$-8,$1,$-5
1,2018-06-30,39.55,$29.02,1.36,$14.16,2.79,$0.09,437.02,$2.24,17.66,$1.06B,$1.23B,0.86,$0.02B,$0.20B,0.09,$0.10B,$0.10B,98.98%,$0.10B,$0.03B,25.51%,$0.10B,0,0.00%,$0.10B,0,0.00%,$0.10B,$0.03B,25.51%,$0.10B,$0.02B,16.33%,$0.02B,$0.20B,8.19%,$0.02B,$0.18B,8.93%,$0.02B,$1.47B,1.06%,$0.03B,$0.22B,11.74%,$24,$1,$23,$0,$16,$17,$7,$0,$7,$1,$6,$6,$6,$0,$0,$7,7,$0.85,$0.84,$42,$0,$0,$1064,$38,$266,$16,$86,$406,$1470,$1233,$18,$20,$38,$1271,$7,$131,$-1,$199,$1470,$10,$1,$-259,$-257,$247,$0,$0,$-13,$234,$-14,$-1,$0,$0,$0,$41,$41,$-12,$28,$-0,$-0,$-0,$0,$0,$-3,$-53,$-56,$-42,$0,$-3
2,2018-03-31,34.35,$28.37,1.21,$14.26,2.41,$1.33,25.75,$1.91,17.98,$1.10B,$1.29B,0.85,$0.02B,$0.20B,0.09,$0.10B,$0.10B,98.99%,$0.10B,$0.02B,23.23%,$0.10B,0,0.00%,$0.10B,0,0.00%,$0.10B,$0.02B,23.23%,$0.10B,$0.01B,14.14%,$0.01B,$0.20B,7.24%,$0.01B,$0.18B,7.89%,$0.01B,$1.53B,0.92%,$0.02B,$0.21B,10.82%,$22,$1,$22,$0,$17,$17,$5,$0,$5,$1,$4,$4,$4,$0,$0,$7,7,$0.59,$0.58,$89,$0,$0,$1097,$37,$300,$16,$74,$427,$1525,$1292,$18,$20,$38,$1330,$7,$127,$-1,$195,$1525,$4,$1,$-110,$-109,$111,$0,$0,$-2,$109,$5,$-0,$0,$0,$0,$8,$8,$-11,$-3,$-0,$3,$3,$0,$0,$-2,$3,$4,$6,$0,$-2
3,2017-12-31,33.43,$28.06,1.19,$14.41,2.32,$3.55,9.41,$1.88,17.78,$1.08B,$1.29B,0.84,$0.02B,$0.19B,0.09,$0.10B,$0.10B,99.00%,$0.10B,$0.02B,24.00%,$0.10B,0,0.00%,$0.10B,0,0.00%,$0.10B,$0.02B,24.00%,$0.10B,$0.01B,14.00%,$0.01B,$0.19B,7.29%,$0.01B,$0.18B,7.95%,$0.01B,$1.52B,0.93%,$0.02B,$0.21B,11.31%,$23,$1,$23,$0,$18,$19,$4,$0,$4,$4,$0,$0,$0,$0,$0,$7,7,$0.04,$0.03,$84,$0,$0,$1083,$38,$309,$16,$72,$435,$1519,$1286,$18,$22,$40,$1326,$7,$124,$-0,$193,$1519,$13,$4,$-553,$-549,$553,$0,$0,$1,$555,$19,$-1,$-6,$5,$0,$19,$19,$14,$30,$-5,$0,$-5,$-2,$-2,$-6,$-10,$-22,$27,$1,$-6
4,2017-09-30,34.31,$28.38,1.21,$14.65,2.34,$3.61,9.51,$2.36,14.54,$1.13B,$1.29B,0.87,$0.02B,$0.19B,0.09,$0.10B,$0.10B,98.04%,$0.10B,$0.03B,24.51%,$0.10B,0,0.00%,$0.10B,0,0.00%,$0.10B,$0.03B,24.51%,$0.10B,$0.02B,17.65%,$0.02B,$0.19B,9.45%,$0.02B,$0.18B,10.33%,$0.02B,$1.52B,1.19%,$0.03B,$0.21B,11.78%,$29,$1,$29,$0,$20,$21,$9,$0,$9,$3,$6,$6,$6,$0,$0,$7,7,$0.80,$0.79,$87,$0,$0,$1127,$40,$273,$16,$66,$396,$1523,$1289,$18,$22,$40,$1329,$7,$126,$0,$194,$1523,$13,$2,$-424,$-422,$405,$0,$0,$-1,$404,$-4,$-3,$0,$5,$0,$61,$61,$-5,$59,$-5,$3,$-2,$-2,$-2,$-4,$-10,$-18,$37,$0,$-4
5,2017-06-30,29.63,$27.75,1.07,$14.27,2.08,$1.96,15.11,$2.01,14.74,$1.07B,$1.26B,0.85,$0.02B,$0.19B,0.12,$0.10B,$0.10B,97.00%,$0.10B,$0.02B,20.00%,$0.10B,0,0.00%,$0.10B,0,0.00%,$0.10B,$0.02B,20.00%,$0.10B,$0.02B,15.00%,$0.02B,$0.19B,7.96%,$0.02B,$0.18B,8.72%,$0.02B,$1.49B,0.99%,$0.02B,$0.22B,9.46%,$25,$1,$24,$0,$19,$19,$5,$0,$5,$1,$4,$4,$4,$0,$0,$7,7,$0.52,$0.51,$26,$0,$0,$1071,$40,$300,$16,$66,$423,$1493,$1259,$23,$20,$43,$1301,$7,$122,$0,$192,$1493,$8,$2,$-259,$-257,$249,$0,$0,$-3,$246,$-4,$-2,$0,$0,$0,$35,$35,$-14,$19,$-0,$-3,$-3,$0,$0,$-3,$-34,$-40,$-25,$0,$-3
6,2017-03-31,29.08,$27.42,1.06,$14.57,2.0,$1.60,18.16,$2.13,13.65,$1.06B,$1.28B,0.83,$0.02B,$0.19B,0.12,$0.10B,$0.10B,97.06%,$0.10B,$0.02B,20.59%,$0.10B,0,0.00%,$0.10B,0,0.00%,$0.10B,$0.02B,20.59%,$0.10B,$0.02B,14.71%,$0.02B,$0.19B,8.04%,$0.02B,$0.17B,8.93%,$0.02B,$1.51B,0.98%,$0.02B,$0.21B,10.02%,$23,$1,$23,$0,$17,$18,$6,$0,$6,$2,$4,$4,$4,$0,$0,$7,7,$0.55,$0.55,$81,$0,$0,$1064,$40,$327,$16,$65,$448,$1513,$1279,$23,$21,$44,$1323,$7,$120,$-0,$189,$1513,$4,$1,$-115,$-115,$130,$0,$0,$1,$132,$21,$-1,$0,$0,$0,$8,$8,$21,$27,$-0,$4,$4,$0,$0,$-1,$-21,$-18,$30,$0,$-1
7,2016-12-31,30.36,$27.07,1.12,$14.66,2.07,$-0.18,0.0,$2.06,14.74,$1.07B,$1.30B,0.83,$0.02B,$0.19B,0.12,$0.10B,$0.10B,96.12%,$0.10B,$0.02B,19.42%,$0.10B,0,0.00%,$0.10B,0,0.00%,$0.10B,$0.02B,19.42%,$0.10B,$0.01B,13.59%,$0.01B,$0.19B,7.60%,$0.01B,$0.17B,8.54%,$0.01B,$1.53B,0.92%,$0.02B,$0.21B,9.60%,$25,$1,$24,$0,$19,$20,$5,$0,$5,$1,$4,$4,$4,$0,$0,$7,7,$0.52,$0.51,$51,$0,$0,$1070,$39,$334,$16,$67,$457,$1527,$1295,$23,$22,$45,$1340,$7,$117,$-0,$187,$1527,$15,$3,$-735,$-733,$743,$0,$0,$-5,$738,$20,$-2,$0,$0,$0,$-40,$-40,$-5,$-47,$2,$-4,$-2,$0,$0,$-5,$26,$19,$-8,$1,$-5
8,2016-09-30,24.56,$26.99,0.91,$14.71,1.67,$-2.24,0.0,$2.14,11.48,$1.12B,$1.31B,0.85,$0.02B,$0.19B,0.12,$0.10B,$0.10B,97.09%,$0.10B,$0.02B,20.39%,$0.10B,0,0.00%,$0.10B,0,0.00%,$0.10B,$0.02B,20.39%,$0.10B,$0.01B,13.59%,$0.01B,$0.19B,7.70%,$0.01B,$0.17B,8.76%,$0.01B,$1.54B,0.92%,$0.02B,$0.21B,10.23%,$27,$1,$26,$0,$22,$22,$4,$0,$4,$1,$3,$3,$3,$0,$0,$7,7,$0.45,$0.44,$46,$0,$0,$1115,$39,$303,$16,$66,$425,$1540,$1306,$23,$25,$48,$1354,$7,$115,$1,$186,$1540,$11,$2,$-565,$-563,$541,$0,$0,$-7,$534,$-18,$-1,$0,$0,$0,$-8,$-8,$-18,$-27,$2,$-4,$-1,$0,$0,$-4,$37,$32,$-13,$1,$-4
9,2016-06-30,24.88,$26.75,0.93,$14.87,1.67,$-1.46,0.0,$2.47,10.07,$1.10B,$1.28B,0.86,$0.02B,$0.18B,0.13,$0.10B,$0.10B,97.12%,$0.10B,$0.03B,24.04%,$0.10B,0,0.00%,$0.10B,0,0.00%,$0.10B,$0.03B,24.04%,$0.10B,$0.02B,15.38%,$0.02B,$0.18B,8.94%,$0.02B,$0.16B,10.29%,$0.02B,$1.52B,1.06%,$0.03B,$0.21B,12.22%,$27,$1,$26,$0,$20,$20,$6,$0,$6,$2,$5,$5,$4,$0,$0,$7,7,$0.63,$0.63,$75,$0,$0,$1098,$39,$293,$24,$65,$421,$1518,$1282,$23,$30,$53,$1334,$7,$113,$1,$184,$1518,$8,$1,$-340,$-339,$332,$0,$0,$-10,$322,$-8,$0,$0,$0,$0,$2,$2,$13,$15,$2,$-5,$-3,$0,$0,$-3,$15,$9,$16,$0,$-3
10,2016-03-31,22.46,$26.23,0.86,$14.87,1.51,$-4.54,0.0,$2.53,8.88,$1.08B,$1.27B,0.85,$0.03B,$0.18B,0.15,$0.10B,$0.10B,97.12%,$0.10B,$0.03B,25.96%,$0.10B,0,0.00%,$0.10B,0,0.00%,$0.10B,$0.03B,25.96%,$0.10B,$0.02B,16.35%,$0.02B,$0.18B,9.67%,$0.02B,$0.16B,11.17%,$0.02B,$1.50B,1.13%,$0.03B,$0.21B,13.12%,$24,$1,$23,$0,$18,$19,$5,$0,$5,$2,$4,$4,$3,$0,$0,$7,7,$0.49,$0.48,$79,$0,$0,$1082,$40,$299,$24,$55,$418,$1500,$1273,$26,$21,$47,$1320,$7,$110,$0,$180,$1500,$4,$1,$-132,$-131,$144,$0,$0,$-9,$136,$8,$-1,$0,$0,$0,$-4,$-4,$12,$7,$6,$-5,$0,$0,$0,$-1,$6,$5,$21,$0,$-1
11,2015-12-31,24.79,$25.77,0.96,$15.03,1.65,$-8.83,0.0,$2.56,9.68,$1.09B,$1.27B,0.85,$0.02B,$0.18B,0.12,$0.11B,$0.10B,97.14%,$0.11B,$0.03B,25.71%,$0.11B,0,0.00%,$0.11B,0,0.00%,$0.11B,$0.03B,25.71%,$0.11B,$0.02B,17.14%,$0.02B,$0.18B,10.43%,$0.02B,$0.15B,12.10%,$0.02B,$1.50B,1.20%,$0.03B,$0.20B,13.09%,$25,$1,$25,$0,$19,$19,$6,$0,$6,$2,$4,$4,$4,$0,$0,$7,7,$0.59,$0.59,$59,$0,$0,$1085,$40,$294,$24,$56,$414,$1499,$1272,$21,$29,$50,$1322,$7,$108,$-0,$177,$1499,$18,$2,$-752,$-750,$747,$0,$0,$-5,$742,$11,$-7,$-0,$0,$4,$-7,$-4,$-53,$-63,$-24,$12,$-13,$0,$0,$-5,$61,$43,$-10,$1,$-5
12,2015-09-30,26.79,$25.56,1.05,$14.74,1.82,$-7.16,0.0,$2.94,9.11,$1.18B,$1.30B,0.91,$0.03B,$0.18B,0.18,$0.10B,$0.10B,96.12%,$0.10B,$0.03B,29.13%,$0.10B,0,0.00%,$0.10B,0,0.00%,$0.10B,$0.03B,29.13%,$0.10B,$0.02B,20.39%,$0.02B,$0.18B,12.41%,$0.02B,$0.15B,14.43%,$0.02B,$1.54B,1.42%,$0.03B,$0.21B,14.35%,$28,$1,$27,$0,$19,$20,$8,$0,$8,$3,$6,$6,$5,$0,$0,$7,7,$0.78,$0.77,$145,$0,$0,$1184,$39,$237,$24,$55,$355,$1539,$1298,$31,$35,$66,$1364,$7,$105,$1,$175,$1539,$14,$2,$-593,$-591,$571,$0,$0,$-2,$569,$-8,$-5,$0,$0,$4,$51,$55,$-47,$3,$-14,$14,$-0,$0,$0,$-4,$85,$81,$76,$0,$-4
13,2015-06-30,23.57,$24.96,0.94,$13.51,1.74,$-4.63,0.0,$2.70,8.73,$1.15B,$1.26B,0.92,$0.04B,$0.17B,0.24,$0.09B,$0.09B,96.81%,$0.09B,$0.03B,30.85%,$0.09B,0,0.00%,$0.09B,0,0.00%,$0.09B,$0.03B,29.79%,$0.09B,$0.02B,21.28%,$0.02B,$0.17B,12.10%,$0.02B,$0.15B,13.77%,$0.02B,$1.50B,1.38%,$0.03B,$0.21B,14.32%,$27,$1,$26,$0,$18,$19,$8,$0,$8,$3,$5,$5,$5,$0,$0,$7,7,$0.70,$0.69,$104,$0,$0,$1153,$38,$230,$24,$56,$348,$1500,$1257,$41,$32,$73,$1329,$7,$101,$1,$171,$1500,$9,$1,$-406,$-405,$377,$0,$0,$-6,$370,$-26,$-3,$0,$0,$4,$58,$62,$-47,$11,$-4,$-2,$-6,$0,$0,$-2,$59,$50,$36,$0,$-2
14,2015-03-31,22.41,$24.42,0.92,$12.29,1.82,$-0.78,0.0,$2.64,8.49,$1.07B,$1.21B,0.89,$0.04B,$0.17B,0.25,$0.09B,$0.08B,97.65%,$0.09B,$0.03B,32.94%,$0.09B,0,0.00%,$0.09B,0,0.00%,$0.09B,$0.03B,31.76%,$0.09B,$0.02B,22.35%,$0.02B,$0.17B,11.75%,$0.02B,$0.14B,13.06%,$0.02B,$1.45B,1.34%,$0.03B,$0.21B,14.43%,$25,$1,$24,$0,$19,$20,$5,$0,$5,$2,$4,$4,$4,$0,$0,$7,7,$0.52,$0.51,$46,$0,$0,$1071,$36,$260,$24,$57,$377,$1448,$1209,$41,$31,$72,$1281,$7,$98,$1,$167,$1448,$4,$1,$-176,$-175,$158,$0,$0,$-7,$151,$-21,$-1,$0,$0,$0,$28,$28,$-36,$-9,$-4,$-2,$-6,$0,$0,$-1,$11,$4,$-26,$0,$-1
15,2014-12-31,23.79,$23.99,0.99,$10.87,2.19,$1.29,18.39,$2.53,9.4,$1.04B,$1.20B,0.87,$0.05B,$0.16B,0.27,$0.07B,$0.07B,98.65%,$0.07B,$0.03B,36.49%,$0.07B,0,0.00%,$0.07B,0,0.00%,$0.07B,$0.03B,35.14%,$0.07B,$0.02B,24.32%,$0.02B,$0.16B,11.50%,$0.02B,$0.14B,12.48%,$0.02B,$1.45B,1.33%,$0.03B,$0.21B,14.71%,$23,$1,$22,$0,$13,$14,$9,$-0,$9,$2,$7,$7,$7,$0,$0,$7,7,$0.98,$0.98,$72,$0,$0,$1039,$36,$287,$24,$63,$410,$1449,$1200,$45,$40,$85,$1285,$7,$95,$0,$164,$1449,$18,$2,$-68,$-66,$71,$0,$0,$-2,$69,$20,$-5,$0,$-1,$10,$-27,$-17,$-25,$-49,$-7,$-1,$-8,$0,$0,$-5,$24,$11,$-17,$0,$-5
16,2014-09-30,23.81,$23.31,1.02,$9.78,2.43,$1.56,15.23,$1.96,12.15,$1.08B,$1.21B,0.89,$0.02B,$0.16B,0.13,$0.07B,$0.07B,98.48%,$0.07B,$0.02B,34.85%,$0.07B,0,0.00%,$0.07B,0,0.00%,$0.07B,$0.02B,33.33%,$0.07B,$0.01B,21.21%,$0.01B,$0.16B,9.24%,$0.01B,$0.15B,9.77%,$0.01B,$1.42B,1.08%,$0.02B,$0.18B,13.26%,$19,$0,$19,$0,$12,$12,$7,$-1,$6,$2,$4,$4,$4,$0,$0,$7,7,$0.54,$0.53,$129,$0,$0,$1078,$35,$243,$8,$56,$343,$1421,$1212,$21,$28,$49,$1261,$7,$90,$1,$159,$1421,$11,$2,$-4,$-2,$0,$0,$0,$-1,$-1,$8,$-4,$0,$6,$10,$17,$27,$-26,$4,$-4,$-1,$-6,$0,$0,$-4,$37,$28,$40,$0,$-4
17,2014-06-30,22.87,$22.97,1.0,$9.25,2.47,$2.28,10.03,$1.96,11.67,$1.04B,$1.15B,0.91,$0.02B,$0.16B,0.13,$0.06B,$0.06B,96.77%,$0.06B,$0.02B,33.87%,$0.06B,0,0.00%,$0.06B,0,0.00%,$0.06B,$0.02B,33.87%,$0.06B,$0.01B,20.97%,$0.01B,$0.16B,8.81%,$0.01B,$0.15B,9.34%,$0.01B,$1.36B,1.05%,$0.02B,$0.18B,12.32%,$18,$0,$18,$0,$10,$11,$7,$-0,$7,$3,$4,$4,$4,$0,$0,$7,7,$0.64,$0.63,$98,$0,$0,$1043,$32,$214,$8,$58,$312,$1356,$1150,$21,$28,$49,$1199,$7,$88,$1,$157,$1356,$7,$1,$-2,$-1,$-3,$0,$0,$-4,$-7,$-0,$-2,$0,$6,$0,$47,$47,$-19,$32,$-4,$-1,$-6,$0,$0,$-2,$-25,$-33,$-1,$0,$-2
18,2014-03-31,22.81,$22.32,1.02,$8.95,2.55,$3.25,7.02,$1.86,12.27,$0.88B,$1.02B,0.87,$0.02B,$0.15B,0.14,$0.06B,$0.06B,96.61%,$0.06B,$0.02B,32.20%,$0.06B,0,0.00%,$0.06B,0,0.00%,$0.06B,$0.02B,32.20%,$0.06B,$0.01B,20.34%,$0.01B,$0.15B,8.38%,$0.01B,$0.14B,8.87%,$0.01B,$1.20B,1.01%,$0.02B,$0.17B,11.36%,$14,$0,$14,$0,$9,$10,$4,$-0,$4,$1,$3,$3,$3,$0,$0,$7,7,$0.41,$0.40,$109,$0,$0,$883,$28,$236,$8,$49,$321,$1204,$1018,$21,$19,$40,$1058,$7,$84,$1,$146,$1204,$3,$0,$-0,$0,$-3,$0,$0,$-6,$-10,$-7,$-1,$0,$0,$0,$17,$17,$13,$29,$-4,$-1,$-6,$0,$0,$-1,$-6,$-13,$10,$0,$-1
19,2013-12-31,23.15,$22.07,1.05,$8.93,2.59,$4.65,4.98,$1.87,12.38,$0.88B,$1.03B,0.86,$0.03B,$0.14B,0.17,$0.06B,$0.06B,96.61%,$0.06B,$0.02B,32.20%,$0.06B,0,0.00%,$0.06B,0,0.00%,$0.06B,$0.02B,32.20%,$0.06B,$0.01B,20.34%,$0.01B,$0.14B,8.50%,$0.01B,$0.14B,9.01%,$0.01B,$1.22B,1.02%,$0.02B,$0.17B,11.43%,$15,$0,$14,$0,$10,$10,$5,$-0,$5,$2,$3,$3,$3,$0,$0,$7,7,$0.41,$0.40,$99,$0,$0,$883,$28,$253,$8,$43,$332,$1215,$1025,$25,$21,$46,$1071,$7,$83,$1,$144,$1215,$12,$2,$1,$4,$0,$0,$0,$2,$3,$19,$-2,$0,$0,$0,$-45,$-45,$-61,$-108,$2,$2,$4,$0,$0,$-4,$34,$34,$-56,$1,$-4
20,2013-09-30,21.12,$21.89,0.97,$9.08,2.33,$6.87,3.08,$1.95,10.83,$0.85B,$0.99B,0.86,$0.03B,$0.14B,0.18,$0.06B,$0.06B,96.67%,$0.06B,$0.02B,31.67%,$0.06B,0,0.00%,$0.06B,0,0.00%,$0.06B,$0.02B,31.67%,$0.06B,$0.01B,20.00%,$0.01B,$0.14B,8.62%,$0.01B,$0.14B,9.14%,$0.01B,$1.18B,1.03%,$0.02B,$0.17B,11.60%,$15,$1,$14,$0,$9,$10,$5,$-0,$5,$2,$3,$3,$3,$0,$0,$7,7,$0.53,$0.53,$86,$0,$0,$854,$28,$243,$8,$46,$325,$1179,$991,$25,$20,$45,$1037,$7,$81,$1,$143,$1179,$10,$2,$-1,$1,$-2,$0,$0,$2,$-0,$10,$-2,$0,$0,$0,$-35,$-35,$-44,$-81,$2,$4,$6,$0,$0,$-3,$-2,$1,$-69,$0,$-3
21,2013-06-30,21.04,$21.50,0.98,$9.18,2.29,$5.54,3.8,$2.04,10.31,$0.85B,$0.98B,0.87,$0.03B,$0.14B,0.18,$0.06B,$0.06B,98.33%,$0.06B,$0.02B,33.33%,$0.06B,0,0.00%,$0.06B,0,0.00%,$0.06B,$0.02B,33.33%,$0.06B,$0.01B,21.67%,$0.01B,$0.14B,9.49%,$0.01B,$0.13B,10.08%,$0.01B,$1.17B,1.13%,$0.02B,$0.17B,12.42%,$15,$1,$15,$0,$9,$10,$5,$0,$5,$2,$4,$4,$3,$0,$0,$7,7,$0.54,$0.53,$107,$0,$0,$854,$28,$228,$8,$47,$311,$1165,$979,$25,$20,$46,$1025,$7,$79,$1,$140,$1165,$6,$1,$-0,$1,$-4,$0,$0,$2,$-3,$5,$-1,$0,$0,$0,$-20,$-20,$-21,$-42,$2,$1,$3,$0,$0,$-2,$-11,$-10,$-47,$0,$-2
22,2013-03-31,19.41,$21.20,0.92,$9.14,2.12,$6.62,2.93,$1.99,9.76,$0.84B,$0.97B,0.87,$0.03B,$0.14B,0.18,$0.06B,$0.06B,96.67%,$0.06B,$0.02B,33.33%,$0.06B,0,0.00%,$0.06B,0,0.00%,$0.06B,$0.02B,33.33%,$0.06B,$0.01B,21.67%,$0.01B,$0.14B,9.67%,$0.01B,$0.13B,10.28%,$0.01B,$1.15B,1.15%,$0.02B,$0.16B,12.64%,$14,$1,$14,$0,$10,$10,$4,$0,$4,$1,$3,$3,$3,$0,$0,$7,7,$0.41,$0.41,$103,$0,$0,$841,$28,$226,$8,$48,$311,$1151,$968,$25,$19,$45,$1013,$7,$76,$1,$138,$1151,$3,$1,$1,$1,$-0,$0,$0,$-2,$-2,$2,$-0,$0,$0,$0,$-17,$-17,$-17,$-35,$2,$-6,$-3,$0,$0,$-1,$-15,$-20,$-52,$0,$-1
23,2012-12-31,19.44,$20.94,0.93,$9.15,2.12,$9.14,2.13,$1.97,9.87,$0.88B,$0.99B,0.89,$0.02B,$0.14B,0.17,$0.06B,$0.06B,96.67%,$0.06B,$0.02B,33.33%,$0.06B,0,0.00%,$0.06B,0,0.00%,$0.06B,$0.02B,33.33%,$0.06B,$0.01B,21.67%,$0.01B,$0.14B,9.85%,$0.01B,$0.13B,10.48%,$0.01B,$1.16B,1.17%,$0.02B,$0.16B,12.88%,$16,$1,$15,$0,$10,$11,$5,$0,$5,$2,$3,$3,$3,$0,$0,$6,7,$0.48,$0.48,$155,$0,$0,$876,$28,$209,$8,$39,$284,$1160,$989,$23,$12,$35,$1024,$7,$75,$1,$136,$1160,$13,$2,$-0,$2,$16,$0,$0,$1,$17,$33,$-2,$0,$0,$-2,$21,$20,$-46,$-28,$-0,$3,$3,$0,$0,$-4,$59,$58,$62,$0,$-4
24,2012-09-30,17.17,$20.72,0.83,$9.12,1.88,$3.56,4.82,$1.99,8.63,$0.88B,$0.97B,0.91,$0.02B,$0.13B,0.17,$0.06B,$0.06B,98.31%,$0.06B,$0.02B,33.90%,$0.06B,0,0.00%,$0.06B,0,0.00%,$0.06B,$0.02B,33.90%,$0.06B,$0.01B,22.03%,$0.01B,$0.13B,10.06%,$0.01B,$0.13B,10.72%,$0.01B,$1.13B,1.19%,$0.02B,$0.16B,13.09%,$15,$1,$15,$0,$8,$9,$6,$0,$6,$2,$4,$4,$4,$0,$0,$6,7,$0.63,$0.62,$162,$0,$0,$881,$28,$177,$8,$40,$253,$1134,$968,$23,$9,$32,$1000,$6,$73,$1,$134,$1134,$10,$2,$-1,$1,$-9,$0,$0,$-1,$-10,$1,$-1,$0,$0,$-2,$53,$51,$-19,$31,$-0,$6,$6,$0,$0,$-3,$33,$37,$69,$0,$-3
25,2012-06-30,18.18,$20.16,0.9,$9.01,2.02,$6.14,2.96,$1.75,10.39,$0.80B,$0.91B,0.88,$0.02B,$0.13B,0.18,$0.06B,$0.06B,96.61%,$0.06B,$0.02B,30.51%,$0.06B,0,0.00%,$0.06B,0,0.00%,$0.06B,$0.02B,30.51%,$0.06B,$0.01B,20.34%,$0.01B,$0.13B,9.49%,$0.01B,$0.12B,10.13%,$0.01B,$1.07B,1.12%,$0.02B,$0.15B,11.98%,$15,$1,$14,$0,$9,$10,$5,$0,$5,$2,$3,$3,$3,$0,$0,$6,7,$0.49,$0.48,$111,$0,$0,$800,$28,$195,$8,$41,$272,$1072,$910,$23,$9,$32,$942,$6,$69,$1,$130,$1072,$6,$1,$0,$1,$5,$0,$0,$-1,$4,$11,$-1,$0,$0,$-2,$34,$33,$-6,$26,$-0,$-1,$-1,$0,$0,$-2,$-17,$-20,$18,$0,$-2
26,2012-03-31,18.1,$19.81,0.91,$8.97,2.02,$6.34,2.85,$1.76,10.28,$0.78B,$0.92B,0.85,$0.02B,$0.13B,0.18,$0.06B,$0.06B,96.61%,$0.06B,$0.02B,30.51%,$0.06B,0,0.00%,$0.06B,0,0.00%,$0.06B,$0.02B,30.51%,$0.06B,$0.01B,20.34%,$0.01B,$0.13B,9.64%,$0.01B,$0.12B,10.32%,$0.01B,$1.08B,1.12%,$0.02B,$0.15B,12.16%,$14,$1,$14,$0,$10,$11,$4,$0,$4,$1,$3,$3,$3,$0,$0,$6,7,$0.40,$0.39,$92,$0,$0,$778,$28,$222,$8,$40,$298,$1076,$917,$23,$8,$31,$948,$6,$67,$1,$128,$1076,$3,$1,$1,$1,$15,$0,$0,$-1,$15,$19,$-0,$0,$0,$0,$7,$7,$-13,$-6,$-0,$-1,$-1,$0,$0,$-1,$-10,$-12,$1,$0,$-1
27,2011-12-31,14.63,$19.40,0.75,$9.00,1.63,$5.02,2.92,$1.74,8.41,$0.78B,$0.93B,0.84,$0.02B,$0.13B,0.19,$0.06B,$0.06B,94.92%,$0.06B,$0.02B,30.51%,$0.06B,0,0.00%,$0.06B,0,0.00%,$0.06B,$0.02B,30.51%,$0.06B,$0.01B,18.64%,$0.01B,$0.13B,9.00%,$0.01B,$0.12B,9.67%,$0.01B,$1.09B,1.02%,$0.02B,$0.15B,12.33%,$15,$1,$15,$0,$9,$11,$5,$0,$5,$2,$3,$3,$3,$0,$0,$6,7,$0.51,$0.50,$92,$0,$0,$782,$28,$228,$8,$39,$304,$1085,$928,$23,$9,$32,$960,$6,$65,$0,$125,$1085,$12,$2,$-0,$2,$-22,$0,$0,$3,$-19,$-5,$-1,$0,$0,$-12,$-6,$-18,$19,$0,$-1,$3,$3,$0,$0,$-3,$19,$18,$13,$1,$-3
28,2011-09-30,16.05,$19.15,0.84,$9.04,1.78,$8.35,1.92,$1.52,10.56,$0.77B,$0.91B,0.85,$0.02B,$0.12B,0.19,$0.06B,$0.06B,93.22%,$0.06B,$0.02B,25.42%,$0.06B,0,0.00%,$0.06B,0,0.00%,$0.06B,$0.02B,27.12%,$0.06B,$0.01B,16.95%,$0.01B,$0.12B,8.32%,$0.01B,$0.12B,8.97%,$0.01B,$1.07B,0.94%,$0.02B,$0.15B,10.42%,$15,$1,$14,$0,$10,$11,$4,$0,$4,$1,$3,$3,$3,$0,$0,$6,7,$0.39,$0.38,$129,$0,$0,$771,$28,$218,$8,$40,$295,$1066,$911,$23,$8,$32,$942,$6,$63,$1,$123,$1066,$8,$2,$-1,$1,$6,$0,$0,$2,$8,$18,$-1,$0,$0,$-12,$4,$-8,$39,$31,$-1,$4,$3,$0,$0,$-2,$1,$2,$51,$0,$-2
29,2011-06-30,15.64,$18.97,0.82,$9.20,1.7,$4.83,3.24,$1.63,9.59,$0.78B,$0.90B,0.87,$0.02B,$0.12B,0.19,$0.06B,$0.06B,93.22%,$0.06B,$0.02B,27.12%,$0.06B,0,0.00%,$0.06B,0,0.00%,$0.06B,$0.02B,28.81%,$0.06B,$0.01B,16.95%,$0.01B,$0.12B,8.42%,$0.01B,$0.11B,9.11%,$0.01B,$1.05B,0.94%,$0.02B,$0.15B,11.23%,$15,$1,$14,$0,$9,$10,$5,$0,$5,$1,$3,$3,$3,$0,$0,$6,7,$0.49,$0.49,$146,$0,$0,$782,$29,$190,$9,$40,$267,$1049,$896,$23,$8,$32,$927,$6,$61,$1,$122,$1049,$6,$1,$-0,$1,$6,$0,$0,$-0,$6,$13,$-1,$0,$0,$-2,$33,$31,$46,$77,$-1,$-1,$-2,$0,$0,$-2,$-8,$-12,$78,$0,$-2
30,2011-03-31,15.53,$18.47,0.84,$9.41,1.65,$3.34,4.65,$1.47,10.57,$0.82B,$0.95B,0.87,$0.02B,$0.12B,0.2,$0.06B,$0.06B,91.67%,$0.06B,$0.02B,25.00%,$0.06B,0,0.00%,$0.06B,0,0.00%,$0.06B,$0.02B,25.00%,$0.06B,$0.01B,15.00%,$0.01B,$0.12B,7.71%,$0.01B,$0.11B,8.35%,$0.01B,$1.10B,0.86%,$0.02B,$0.14B,10.66%,$14,$1,$13,$0,$10,$11,$4,$0,$4,$1,$3,$3,$2,$0,$0,$6,7,$0.38,$0.37,$168,$0,$0,$824,$29,$190,$9,$45,$272,$1096,$945,$24,$8,$32,$977,$6,$59,$0,$119,$1096,$3,$1,$-0,$1,$6,$0,$0,$1,$7,$10,$-0,$0,$0,$0,$32,$32,$21,$53,$0,$-1,$-1,$0,$0,$-1,$41,$39,$102,$0,$-1
31,2010-12-31,15.73,$18.22,0.86,$9.59,1.64,$2.59,6.06,$1.39,11.32,$0.75B,$0.91B,0.83,$0.02B,$0.12B,0.2,$0.06B,$0.06B,91.80%,$0.06B,$0.01B,22.95%,$0.06B,0,0.00%,$0.06B,0,0.00%,$0.06B,$0.01B,22.95%,$0.06B,$0.01B,14.75%,$0.01B,$0.12B,7.83%,$0.01B,$0.11B,8.49%,$0.01B,$1.06B,0.88%,$0.01B,$0.14B,10.05%,$15,$1,$14,$0,$12,$13,$2,$0,$3,$1,$2,$2,$2,$0,$0,$6,6,$0.28,$0.29,$66,$0,$0,$749,$29,$222,$9,$46,$306,$1055,$905,$24,$8,$32,$937,$6,$57,$1,$117,$1055,$9,$2,$9,$12,$-5,$0,$0,$2,$-3,$18,$-2,$0,$0,$0,$-36,$-36,$-23,$-61,$-0,$6,$6,$0,$0,$-3,$39,$42,$-1,$0,$-3
32,2010-09-30,13.43,$18.23,0.74,$9.67,1.39,$1.60,8.4,$1.41,9.52,$0.74B,$0.89B,0.83,$0.02B,$0.12B,0.21,$0.06B,$0.06B,90.32%,$0.06B,$0.02B,24.19%,$0.06B,0,0.00%,$0.06B,0,0.00%,$0.06B,$0.01B,22.58%,$0.06B,$0.01B,14.52%,$0.01B,$0.12B,7.93%,$0.01B,$0.11B,8.61%,$0.01B,$1.04B,0.89%,$0.02B,$0.14B,10.89%,$15,$1,$14,$0,$9,$11,$5,$0,$5,$2,$3,$3,$3,$0,$0,$6,6,$0.50,$0.49,$83,$0,$0,$736,$29,$215,$9,$49,$302,$1038,$889,$24,$8,$32,$921,$6,$56,$1,$117,$1038,$8,$2,$4,$6,$-19,$0,$0,$1,$-18,$-5,$-2,$0,$0,$0,$-27,$-27,$23,$-6,$-0,$3,$3,$0,$0,$-2,$25,$27,$17,$0,$-2
33,2010-06-30,12.43,$17.85,0.7,$9.89,1.26,$4.21,2.95,$1.22,10.19,$0.74B,$0.86B,0.86,$0.02B,$0.11B,0.21,$0.06B,$0.06B,89.06%,$0.06B,$0.01B,20.31%,$0.06B,0,0.00%,$0.06B,0,0.00%,$0.06B,$0.01B,18.75%,$0.06B,$0.01B,12.50%,$0.01B,$0.11B,7.16%,$0.01B,$0.11B,7.79%,$0.01B,$1.01B,0.80%,$0.01B,$0.14B,9.56%,$16,$1,$14,$0,$10,$12,$4,$-0,$3,$1,$2,$2,$2,$0,$0,$6,6,$0.34,$0.33,$105,$0,$0,$742,$28,$177,$9,$52,$265,$1007,$860,$24,$9,$33,$893,$6,$54,$1,$114,$1007,$4,$1,$5,$6,$-8,$0,$0,$-0,$-8,$2,$-0,$-0,$0,$0,$11,$11,$26,$37,$-0,$2,$2,$0,$0,$-1,$-2,$-1,$38,$0,$-1
34,2010-03-31,13.63,$17.60,0.77,$10.12,1.35,$4.53,3.01,$1.18,11.55,$0.72B,$0.84B,0.86,$0.02B,$0.11B,0.22,$0.07B,$0.06B,89.23%,$0.07B,$0.01B,18.46%,$0.07B,0,0.00%,$0.07B,0,0.00%,$0.07B,$0.01B,18.46%,$0.07B,$0.01B,12.31%,$0.01B,$0.11B,7.26%,$0.01B,$0.10B,7.90%,$0.01B,$0.99B,0.81%,$0.01B,$0.14B,8.74%,$15,$1,$14,$0,$11,$13,$3,$-0,$3,$1,$2,$2,$2,$0,$0,$6,6,$0.30,$0.29,$78,$0,$0,$722,$28,$174,$9,$56,$267,$989,$844,$24,$8,$32,$876,$6,$52,$1,$112,$989,$2,$1,$3,$4,$0,$0,$0,$-1,$-1,$5,$-0,$-0,$0,$0,$14,$14,$9,$23,$2,$2,$5,$0,$0,$-1,$-20,$-16,$11,$0,$-1
35,2009-12-31,13.39,$17.43,0.77,$10.39,1.29,$3.80,3.53,$1.20,11.16,$0.72B,$0.86B,0.84,$0.02B,$0.11B,0.22,$0.07B,$0.06B,88.06%,$0.07B,$0.01B,17.91%,$0.07B,0,0.00%,$0.07B,0,0.00%,$0.07B,$0.01B,17.91%,$0.07B,$0.01B,11.94%,$0.01B,$0.11B,7.36%,$0.01B,$0.10B,8.02%,$0.01B,$1.00B,0.81%,$0.01B,$0.14B,8.68%,$16,$2,$14,$0,$11,$13,$3,$0,$3,$1,$2,$2,$2,$0,$0,$6,6,$0.31,$0.30,$67,$0,$0,$720,$29,$187,$9,$58,$283,$1003,$860,$24,$8,$32,$892,$6,$51,$1,$111,$1003,$8,$2,$7,$9,$1,$0,$0,$-8,$-7,$10,$-0,$0,$0,$10,$-34,$-25,$56,$31,$-24,$5,$-19,$0,$0,$-3,$10,$-12,$29,$1,$-3
36,2009-09-30,12.03,$17.28,0.7,$10.54,1.14,$2.44,4.92,$1.04,11.57,$0.75B,$0.84B,0.89,$0.02B,$0.11B,0.22,$0.07B,$0.06B,86.76%,$0.07B,$0.01B,16.18%,$0.07B,0,0.00%,$0.07B,0,0.00%,$0.07B,$0.01B,16.18%,$0.07B,$0.01B,10.29%,$0.01B,$0.11B,6.53%,$0.01B,$0.10B,7.14%,$0.01B,$0.99B,0.71%,$0.01B,$0.13B,7.71%,$17,$2,$15,$0,$12,$14,$3,$0,$3,$1,$2,$2,$2,$0,$0,$6,6,$0.31,$0.30,$76,$0,$0,$749,$29,$154,$9,$45,$237,$986,$842,$24,$9,$34,$876,$6,$50,$2,$110,$986,$6,$2,$4,$6,$1,$0,$0,$-2,$-1,$11,$-0,$-0,$0,$10,$-0,$9,$46,$55,$-23,$3,$-19,$0,$0,$-2,$-6,$-28,$38,$0,$-2
37,2009-06-30,10.91,$17.05,0.64,$10.66,1.02,$0.03,392.33,$0.98,11.13,$0.76B,$0.82B,0.92,$0.04B,$0.11B,0.32,$0.07B,$0.06B,84.06%,$0.07B,$0.01B,14.49%,$0.07B,0,0.00%,$0.07B,0,0.00%,$0.07B,$0.01B,14.49%,$0.07B,$0.01B,10.14%,$0.01B,$0.11B,6.62%,$0.01B,$0.10B,7.27%,$0.01B,$0.98B,0.70%,$0.01B,$0.14B,6.86%,$17,$2,$15,$0,$13,$14,$3,$0,$3,$1,$2,$2,$2,$0,$0,$6,6,$0.29,$0.29,$67,$0,$0,$755,$29,$137,$9,$45,$220,$976,$824,$35,$9,$44,$868,$6,$49,$1,$108,$976,$4,$1,$4,$5,$-3,$0,$0,$-2,$-4,$5,$-0,$-0,$0,$15,$12,$26,$33,$59,$-6,$-3,$-9,$0,$0,$-1,$-24,$-35,$29,$0,$-1
38,2009-03-31,7.68,$16.77,0.46,$10.76,0.71,$0.23,33.93,$0.92,8.35,$0.77B,$0.84B,0.91,$0.04B,$0.11B,0.33,$0.07B,$0.06B,81.43%,$0.07B,$0.01B,12.86%,$0.07B,0,0.00%,$0.07B,0,0.00%,$0.07B,$0.01B,12.86%,$0.07B,$0.01B,8.57%,$0.01B,$0.11B,5.76%,$0.01B,$0.10B,6.35%,$0.01B,$0.99B,0.59%,$0.01B,$0.14B,6.30%,$17,$2,$15,$0,$12,$14,$3,$0,$3,$1,$2,$2,$2,$0,$0,$6,6,$0.31,$0.31,$85,$0,$0,$769,$30,$138,$9,$47,$224,$993,$842,$35,$10,$45,$886,$6,$47,$1,$106,$993,$2,$1,$1,$1,$-3,$0,$0,$-0,$-3,$0,$-0,$-0,$0,$10,$9,$19,$39,$58,$-14,$0,$-14,$0,$0,$-1,$-2,$-16,$42,$0,$-1
39,2008-12-31,7.93,$16.54,0.48,$11.06,0.72,$0.62,12.82,$0.95,8.35,$0.77B,$0.84B,0.91,$0.05B,$0.11B,0.47,$0.07B,$0.06B,79.17%,$0.07B,$0.01B,12.50%,$0.07B,0,0.00%,$0.07B,0,0.00%,$0.07B,$0.01B,12.50%,$0.07B,$0.01B,8.33%,$0.01B,$0.11B,5.81%,$0.01B,$0.10B,6.43%,$0.01B,$1.01B,0.59%,$0.01B,$0.15B,6.39%,$17,$3,$14,$0,$11,$15,$2,$0,$2,$1,$1,$1,$1,$0,$0,$6,6,$0.15,$0.15,$47,$0,$0,$770,$30,$152,$9,$45,$237,$1006,$843,$49,$10,$58,$902,$6,$46,$1,$105,$1006,$6,$2,$6,$8,$0,$0,$0,$1,$2,$16,$-15,$-0,$0,$-10,$10,$1,$-12,$-27,$26,$-12,$13,$0,$0,$-4,$-24,$-15,$-26,$1,$-4
40,2008-09-30,12.6,$16.41,0.77,$11.69,1.08,$2.40,5.25,$1.15,10.96,$0.81B,$0.85B,0.95,$0.04B,$0.10B,0.41,$0.08B,$0.06B,77.63%,$0.08B,$0.01B,14.47%,$0.08B,0,0.00%,$0.08B,0,0.00%,$0.08B,$0.01B,14.47%,$0.08B,$0.01B,9.21%,$0.01B,$0.10B,6.85%,$0.01B,$0.09B,7.59%,$0.01B,$1.01B,0.69%,$0.01B,$0.15B,8.04%,$18,$4,$14,$0,$12,$15,$2,$0,$2,$1,$2,$2,$2,$0,$0,$6,7,$0.24,$0.24,$95,$0,$0,$807,$30,$116,$9,$46,$202,$1009,$854,$42,$9,$51,$906,$6,$46,$-0,$104,$1009,$5,$1,$4,$5,$1,$0,$0,$-1,$0,$11,$-15,$-0,$0,$-10,$45,$35,$0,$20,$7,$0,$7,$0,$0,$-3,$-13,$-9,$22,$0,$-3
41,2008-06-30,13.67,$16.15,0.85,$12.25,1.12,$4.54,3.01,$1.47,9.3,$0.84B,$0.90B,0.93,$0.03B,$0.10B,0.28,$0.08B,$0.06B,75.95%,$0.08B,$0.02B,18.99%,$0.08B,0,0.00%,$0.08B,0,0.00%,$0.08B,$0.02B,18.99%,$0.08B,$0.01B,11.39%,$0.01B,$0.10B,8.89%,$0.01B,$0.09B,9.76%,$0.01B,$1.04B,0.90%,$0.02B,$0.13B,11.26%,$18,$3,$14,$0,$12,$16,$2,$0,$2,$0,$2,$2,$1,$0,$0,$6,6,$0.23,$0.22,$125,$0,$0,$843,$17,$130,$9,$44,$201,$1043,$902,$29,$11,$39,$941,$6,$45,$-0,$102,$1043,$4,$1,$2,$3,$0,$0,$0,$0,$1,$8,$-2,$-0,$0,$-45,$31,$-14,$-1,$-17,$-6,$0,$-6,$0,$0,$-2,$35,$26,$17,$0,$-2
42,2008-03-31,13.57,$16.10,0.84,$12.70,1.07,$4.74,2.86,$1.73,7.86,$0.81B,$0.86B,0.95,$0.03B,$0.10B,0.31,$0.08B,$0.06B,74.39%,$0.08B,$0.02B,21.95%,$0.08B,0,0.00%,$0.08B,0,0.00%,$0.08B,$0.02B,21.95%,$0.08B,$0.01B,13.41%,$0.01B,$0.10B,10.97%,$0.01B,$0.09B,11.96%,$0.01B,$1.00B,1.12%,$0.02B,$0.13B,13.58%,$19,$4,$15,$0,$11,$15,$3,$0,$3,$1,$2,$2,$2,$0,$0,$6,6,$0.34,$0.34,$92,$0,$0,$811,$17,$126,$10,$39,$191,$1002,$858,$31,$10,$42,$900,$6,$44,$0,$102,$1002,$2,$0,$1,$2,$-0,$0,$0,$-0,$-0,$4,$-1,$-0,$0,$0,$36,$36,$4,$39,$-4,$0,$-4,$0,$0,$-1,$-9,$-14,$28,$0,$-1
43,2007-12-31,15.8,$16.09,0.98,$12.76,1.24,$4.86,3.25,$1.80,8.75,$0.79B,$0.87B,0.91,$0.04B,$0.10B,0.35,$0.08B,$0.06B,72.29%,$0.08B,$0.02B,22.89%,$0.08B,0,0.00%,$0.08B,0,0.00%,$0.08B,$0.02B,22.89%,$0.08B,$0.01B,14.46%,$0.01B,$0.10B,12.12%,$0.01B,$0.09B,13.11%,$0.01B,$1.02B,1.25%,$0.02B,$0.14B,14.59%,$21,$5,$16,$0,$11,$17,$4,$0,$4,$2,$2,$2,$2,$0,$0,$6,6,$0.34,$0.34,$64,$0,$0,$792,$16,$162,$10,$36,$223,$1015,$867,$35,$11,$46,$913,$6,$44,$0,$101,$1015,$12,$1,$6,$7,$-0,$0,$0,$-2,$-3,$16,$-4,$-0,$13,$0,$-36,$-36,$8,$-20,$5,$0,$5,$-3,$-3,$-4,$25,$23,$20,$1,$-4
44,2007-09-30,18.36,$15.87,1.16,$12.70,1.44,$4.74,3.88,$2.03,9.06,$0.82B,$0.82B,1.0,$0.03B,$0.10B,0.31,$0.08B,$0.06B,71.08%,$0.08B,$0.02B,25.30%,$0.08B,0,0.00%,$0.08B,0,0.00%,$0.08B,$0.02B,25.30%,$0.08B,$0.01B,16.87%,$0.01B,$0.10B,14.36%,$0.01B,$0.09B,15.38%,$0.01B,$0.96B,1.50%,$0.02B,$0.13B,16.67%,$21,$6,$15,$0,$9,$15,$6,$-0,$6,$2,$4,$4,$4,$0,$0,$6,6,$0.57,$0.56,$105,$0,$0,$816,$14,$91,$7,$31,$143,$959,$818,$31,$10,$41,$859,$6,$43,$0,$100,$959,$9,$1,$3,$4,$-1,$0,$0,$-1,$-2,$11,$-2,$-0,$0,$0,$11,$11,$17,$26,$6,$0,$6,$-3,$-3,$-3,$23,$23,$60,$0,$-3
45,2007-06-30,19.99,$16.13,1.24,$12.50,1.6,$4.80,4.16,$2.00,9.99,$0.82B,$0.81B,1.01,$0.03B,$0.10B,0.3,$0.08B,$0.06B,70.73%,$0.08B,$0.02B,25.61%,$0.08B,0,0.00%,$0.08B,0,0.00%,$0.08B,$0.02B,25.61%,$0.08B,$0.01B,15.85%,$0.01B,$0.10B,13.61%,$0.01B,$0.09B,14.65%,$0.01B,$0.95B,1.41%,$0.02B,$0.13B,17.18%,$21,$6,$15,$0,$10,$16,$5,$-0,$5,$2,$3,$3,$3,$0,$0,$6,7,$0.49,$0.48,$101,$0,$0,$817,$13,$79,$7,$31,$130,$947,$808,$30,$11,$41,$849,$6,$46,$-0,$98,$947,$6,$1,$1,$2,$-0,$0,$0,$-0,$-0,$8,$-1,$0,$0,$0,$21,$21,$14,$34,$5,$0,$5,$-1,$-1,$-2,$13,$15,$57,$0,$-2
46,2007-03-31,21.52,$15.82,1.36,$12.18,1.77,$4.69,4.59,$1.97,10.94,$0.78B,$0.78B,1.0,$0.03B,$0.10B,0.28,$0.08B,$0.06B,70.00%,$0.08B,$0.02B,26.25%,$0.08B,0,0.00%,$0.08B,0,0.00%,$0.08B,$0.02B,26.25%,$0.08B,$0.01B,16.25%,$0.01B,$0.10B,13.98%,$0.01B,$0.09B,15.07%,$0.01B,$0.91B,1.44%,$0.02B,$0.12B,17.72%,$20,$6,$14,$0,$9,$15,$4,$-0,$4,$2,$3,$3,$3,$0,$0,$6,7,$0.42,$0.42,$43,$0,$0,$777,$13,$84,$7,$30,$134,$911,$775,$27,$12,$39,$814,$6,$44,$-0,$97,$911,$3,$0,$0,$1,$-1,$0,$0,$0,$-0,$3,$-0,$0,$0,$0,$16,$16,$-3,$13,$2,$0,$2,$0,$0,$-1,$-20,$-18,$-2,$0,$-1
47,2006-12-31,19.28,$15.61,1.24,$11.87,1.62,$4.93,3.91,$1.99,9.67,$0.78B,$0.80B,0.98,$0.03B,$0.10B,0.26,$0.08B,$0.06B,71.43%,$0.08B,$0.02B,28.57%,$0.08B,0,0.00%,$0.08B,0,0.00%,$0.08B,$0.02B,28.57%,$0.08B,$0.01B,16.88%,$0.01B,$0.10B,14.40%,$0.01B,$0.09B,15.57%,$0.01B,$0.93B,1.45%,$0.02B,$0.12B,19.13%,$21,$6,$15,$0,$8,$14,$6,$-0,$6,$2,$4,$4,$4,$0,$0,$6,7,$0.58,$0.57,$44,$0,$0,$775,$13,$100,$7,$30,$150,$926,$795,$25,$10,$35,$830,$6,$43,$-0,$95,$926,$13,$2,$1,$3,$-1,$0,$0,$-1,$-1,$15,$-3,$-0,$0,$0,$-45,$-45,$-22,$-71,$-2,$0,$-2,$-0,$-0,$-3,$15,$10,$-45,$0,$-3
