,Date,Stock Price,Book Value per Share,Price to Book Ratio,TTM Sales per Share,Price to Sales Ratio,TTM FCF per Share,Price to FCF Ratio,TTM Net EPS,PE Ratio,Current Assets,Current Liabilities,Current Ratio,Long Term Debt,Shareholder's Equity_x,Debt to Equity Ratio,TTM Revenue_x,TTM Gross Profit,Gross Margin,TTM Revenue_y,TTM Operating Income,Operating Margin,TTM Revenue_x,TTM EBIT,EBIT Margin,TTM Revenue_y,TTM EBITDA,EBITDA Margin,TTM Revenue_x,TTM Pre-Tax Income,Pre-Tax Margin,TTM Revenue_y,TTM Net Income_x,Net Margin,TTM Net Income_y,Shareholder's Equity_y,Return on Equity,TTM Net Income_x,Tangible Equity,Return on Tangible Equity,TTM Net Income_y,Total Assets,Return on Assets,TTM Net Income,LT Investments & Debt,Return on Investment,revenue,cost-goods-sold,gross-profit,research-development-expenses,selling-general-administrative-expenses,operating-expenses,operating-income,total-non-operating-income-expense,pre-tax-income,total-provision-income-taxes,income-after-taxes,income-from-continuous-operations,net-income,ebitda,ebit,basic-shares-outstanding,shares-outstanding,eps-basic-net-earnings-per-share,eps-earnings-per-share-diluted,cash-on-hand,inventory,other-current-assets,total-current-assets,net-property-plant-equipment,long-term-investments,goodwill-intangible-assets-total,other-long-term-assets,total-long-term-assets,total-assets,total-current-liabilities,long-term-debt,other-non-current-liabilities,total-long-term-liabilities,total-liabilities,common-stock-net,retained-earnings-accumulated-deficit,comprehensive-income,total-share-holder-equity,total-liabilities-share-holders-equity,net-income-loss,total-depreciation-amortization-cash-flow,other-non-cash-items,total-non-cash-items,change-in-accounts-receivable,change-in-inventories,change-in-accounts-payable,change-in-assets-liabilities,total-change-in-assets-liabilities,cash-flow-from-operating-activities,net-change-in-property-plant-equipment,net-change-in-intangible-assets,net-acquisitions-divestitures,net-change-in-short-term-investments,net-change-in-long-term-investments,net-change-in-investments-total,investing-activities-other,cash-flow-from-investing-activities,net-long-term-debt,net-current-debt,debt-issuance-retirement-net-total,net-common-equity-issued-repurchased,net-total-equity-issued-repurchased,total-common-preferred-stock-dividends-paid,financial-activities-other,cash-flow-from-financial-activities,net-cash-flow,stock-based-compensation,common-stock-dividends-paid
0,2018-09-30,31.0,$31.34,0.99,$18.17,1.71,$14.09,2.2,$5.46,5.68,$0.13B,$0.10B,1.29,$0.72B,$0.38B,1.87,$0.40B,$0.40B,100.00%,$0.40B,$0.20B,49.75%,$0.40B,$0.20B,49.75%,$0.40B,$0.24B,59.34%,$0.40B,$0.13B,31.57%,$0.40B,$0.09B,22.98%,$0.09B,$0.38B,26.00%,$0.09B,$0.34B,30.18%,$0.09B,$1.41B,6.51%,$0.20B,$1.10B,18.36%,$95,$0,$95,$0,$3,$49,$46,$-18,$29,$0,$29,$29,$21,$55,$46,$12,22,$1.71,$1.30,$63,$10,$0,$134,$48,$243,$47,$6,$1278,$1412,$104,$717,$2,$924,$1028,$320,$0,$-4,$384,$1412,$91,$27,$-0,$27,$-7,$0,$1,$8,$-10,$108,$-9,$0,$0,$0,$0,$0,$5,$-4,$-21,$0,$-21,$0,$-9,$-40,$-1,$-70,$34,$1,$-17
1,2018-06-30,30.96,$31.84,0.97,$17.71,1.75,$12.72,2.43,$5.23,5.92,$0.13B,$0.12B,1.1,$0.72B,$0.39B,1.86,$0.39B,$0.39B,100.00%,$0.39B,$0.20B,50.25%,$0.39B,$0.20B,50.25%,$0.39B,$0.24B,60.41%,$0.39B,$0.12B,30.96%,$0.39B,$0.09B,22.34%,$0.09B,$0.39B,27.91%,$0.09B,$0.34B,33.11%,$0.09B,$1.41B,6.20%,$0.20B,$1.11B,18.86%,$111,$0,$111,$0,$3,$54,$57,$-18,$39,$0,$39,$39,$30,$67,$57,$12,21,$2.46,$1.75,$53,$8,$0,$126,$48,$246,$48,$6,$1286,$1412,$115,$723,$2,$907,$1022,$326,$0,$-5,$390,$1412,$65,$18,$-4,$15,$-9,$0,$1,$7,$-6,$74,$-5,$0,$0,$0,$0,$0,$3,$-2,$-13,$0,$-13,$0,$-9,$-27,$-1,$-49,$23,$1,$-11
2,2018-03-31,27.92,$29.74,0.94,$16.75,1.67,$11.77,2.37,$4.61,6.06,$0.09B,$0.11B,0.84,$0.73B,$0.36B,1.99,$0.38B,$0.38B,100.00%,$0.38B,$0.19B,50.53%,$0.38B,$0.19B,50.53%,$0.38B,$0.23B,61.38%,$0.38B,$0.11B,28.84%,$0.38B,$0.08B,20.11%,$0.08B,$0.36B,28.38%,$0.08B,$0.32B,34.94%,$0.08B,$1.38B,5.34%,$0.19B,$1.09B,19.16%,$89,$0,$89,$0,$4,$45,$44,$-18,$26,$0,$26,$26,$18,$53,$44,$12,22,$1.49,$1.15,$21,$8,$0,$89,$47,$242,$49,$6,$1288,$1377,$106,$725,$2,$907,$1013,$301,$0,$-4,$364,$1377,$26,$9,$0,$9,$-5,$0,$1,$5,$-15,$20,$-3,$0,$0,$0,$0,$0,$3,$-0,$-6,$0,$-6,$0,$-9,$-13,$-0,$-28,$-9,$1,$-6
3,2017-12-31,24.91,$21.40,1.16,$18.66,1.33,$12.19,2.04,$3.48,7.16,$0.09B,$0.12B,0.76,$0.73B,$0.26B,2.79,$0.38B,$0.38B,100.00%,$0.38B,$0.18B,48.68%,$0.38B,$0.18B,48.68%,$0.38B,$0.23B,60.32%,$0.38B,$0.09B,23.54%,$0.38B,$0.06B,16.14%,$0.06B,$0.26B,28.21%,$0.06B,$0.21B,36.91%,$0.06B,$1.39B,4.19%,$0.18B,$0.99B,19.55%,$101,$0,$101,$0,$5,$51,$50,$-19,$31,$0,$31,$31,$22,$60,$50,$12,22,$1.83,$1.48,$30,$8,$0,$91,$46,$245,$50,$7,$1298,$1389,$121,$730,$3,$1007,$1127,$200,$0,$-3,$262,$1389,$89,$44,$15,$59,$3,$0,$1,$-16,$-21,$127,$-5,$0,$0,$0,$6,$6,$3,$4,$-312,$0,$-312,$0,$242,$-31,$-40,$-141,$-11,$0,$-22
4,2017-09-30,23.3,$20.00,1.17,$21.26,1.1,$20.12,1.16,$2.50,9.32,$0.19B,$0.21B,0.89,$0.76B,$0.25B,3.12,$0.37B,$0.37B,100.00%,$0.37B,$0.16B,44.11%,$0.37B,$0.16B,44.11%,$0.37B,$0.21B,56.99%,$0.37B,$0.06B,16.99%,$0.37B,$0.04B,11.51%,$0.04B,$0.25B,22.37%,$0.04B,$0.19B,30.88%,$0.04B,$1.50B,2.86%,$0.16B,$1.01B,16.47%,$93,$0,$93,$0,$4,$47,$47,$-20,$26,$0,$26,$26,$18,$58,$47,$12,24,$1.48,$1.07,$121,$8,$0,$186,$48,$245,$50,$9,$1309,$1496,$210,$762,$3,$1041,$1251,$183,$0,$-3,$245,$1496,$58,$34,$13,$46,$1,$0,$0,$-12,$-24,$81,$-5,$0,$0,$0,$0,$0,$8,$4,$-184,$0,$-184,$0,$242,$-22,$-40,$-4,$81,$-0,$-17
5,2017-06-30,25.53,$16.35,1.56,$25.37,1.01,$27.88,0.92,$3.32,7.69,$0.11B,$0.22B,0.49,$0.70B,$0.20B,3.5,$0.37B,$0.37B,100.00%,$0.37B,$0.15B,41.35%,$0.37B,$0.15B,41.35%,$0.37B,$0.21B,56.22%,$0.37B,$0.05B,14.05%,$0.37B,$0.05B,12.70%,$0.05B,$0.20B,28.70%,$0.05B,$0.15B,42.25%,$0.05B,$1.43B,3.18%,$0.15B,$0.90B,14.95%,$95,$0,$95,$0,$3,$45,$50,$-25,$26,$0,$26,$26,$18,$61,$50,$12,22,$1.47,$1.13,$41,$8,$0,$107,$49,$249,$51,$10,$1322,$1429,$217,$700,$40,$1012,$1229,$204,$0,$-3,$200,$1429,$32,$22,$12,$34,$-4,$0,$0,$-3,$-11,$55,$-4,$0,$0,$0,$0,$0,$5,$1,$-245,$0,$-245,$0,$242,$-12,$-41,$-56,$0,$0,$-11
6,2017-03-31,33.06,$12.94,2.56,$30.81,1.07,$31.79,1.04,$5.91,5.59,$0.20B,$0.31B,0.64,$0.71B,$0.16B,4.47,$0.39B,$0.39B,100.00%,$0.39B,$0.17B,44.27%,$0.39B,$0.17B,44.27%,$0.39B,$0.23B,58.27%,$0.39B,$0.08B,19.08%,$0.39B,$0.08B,19.08%,$0.08B,$0.16B,51.11%,$0.08B,$0.11B,80.43%,$0.08B,$1.51B,4.95%,$0.17B,$0.87B,15.90%,$89,$0,$89,$0,$7,$52,$37,$-31,$6,$0,$6,$6,$3,$49,$37,$12,15,$0.28,$0.28,$113,$8,$18,$195,$49,$253,$52,$53,$1314,$1509,$305,$707,$65,$1046,$1351,$163,$0,$-3,$158,$1509,$6,$11,$12,$23,$-1,$0,$1,$-1,$-9,$20,$-2,$0,$0,$0,$0,$0,$0,$-2,$-147,$0,$-147,$0,$242,$-6,$-35,$54,$73,$0,$-6
7,2016-12-31,29.18,$12.11,2.41,$32.71,0.89,$35.35,0.83,$7.77,3.76,$0.11B,$0.19B,0.56,$0.99B,$0.15B,6.69,$0.40B,$0.40B,100.00%,$0.40B,$0.19B,46.50%,$0.40B,$0.19B,46.50%,$0.40B,$0.24B,59.75%,$0.40B,$0.10B,23.75%,$0.40B,$0.10B,23.75%,$0.10B,$0.15B,73.22%,$0.10B,$0.10B,126.25%,$0.10B,$1.45B,6.15%,$0.19B,$1.14B,15.60%,$88,$0,$88,$0,$7,$61,$27,$-23,$4,$0,$4,$4,$3,$40,$27,$12,12,$0.24,$0.24,$40,$7,$0,$105,$49,$256,$53,$8,$1343,$1449,$189,$990,$5,$1111,$1301,$152,$0,$-2,$148,$1449,$97,$55,$1,$56,$0,$0,$1,$-50,$-44,$108,$57,$0,$0,$0,$0,$0,$110,$167,$-163,$0,$-163,$0,$0,$-22,$-101,$-286,$-11,$0,$-22
8,2016-09-30,24.85,$12.18,2.04,$33.04,0.75,$38.90,0.64,$5.75,4.32,$0.16B,$0.21B,0.76,$1.04B,$0.15B,6.99,$0.40B,$0.40B,100.00%,$0.40B,$0.20B,49.01%,$0.40B,$0.20B,49.01%,$0.40B,$0.24B,60.40%,$0.40B,$0.11B,26.73%,$0.40B,$0.07B,17.33%,$0.07B,$0.15B,63.06%,$0.07B,$0.10B,126.13%,$0.07B,$1.52B,4.37%,$0.20B,$1.19B,16.13%,$98,$0,$98,$0,$5,$59,$39,$-22,$16,$0,$16,$16,$23,$58,$39,$12,12,$1.89,$1.89,$92,$7,$6,$161,$53,$258,$54,$47,$1360,$1521,$211,$1042,$4,$1161,$1372,$154,$0,$-3,$149,$1521,$93,$41,$-9,$32,$-1,$0,$1,$-49,$-43,$83,$51,$0,$0,$0,$0,$0,$109,$160,$-86,$0,$-86,$0,$0,$-17,$-99,$-202,$41,$0,$-17
9,2016-06-30,12.56,$10.76,1.17,$34.37,0.37,$40.75,0.31,$-44.04,0.0,$0.20B,$0.28B,0.71,$1.05B,$0.13B,7.98,$0.42B,$0.42B,100.00%,$0.42B,$-0.15B,-35.48%,$0.42B,$-0.15B,-35.48%,$0.42B,$-0.11B,-25.00%,$0.42B,$-0.24B,-56.90%,$0.42B,$-0.54B,-128.33%,$-0.54B,$0.13B,-545.82%,$-0.54B,$0.08B,-1314.63%,$-0.54B,$1.59B,-32.44%,$-0.15B,$1.18B,-11.54%,$118,$0,$118,$0,$4,$48,$71,$-22,$49,$0,$49,$49,$46,$82,$71,$12,12,$3.73,$3.73,$21,$8,$0,$197,$56,$260,$55,$46,$1388,$1585,$278,$1051,$4,$1176,$1453,$137,$0,$-2,$132,$1585,$70,$22,$-2,$20,$2,$0,$0,$-44,$-46,$44,$31,$0,$0,$0,$0,$0,$8,$39,$-78,$0,$-78,$0,$0,$-11,$-23,$-112,$-28,$0,$-11
10,2016-03-31,6.35,$7.40,0.86,$34.81,0.18,$43.38,0.15,$-45.26,0.0,$0.12B,$0.20B,0.59,$1.17B,$0.09B,12.93,$0.43B,$0.43B,100.00%,$0.43B,$-0.16B,-38.03%,$0.43B,$-0.16B,-38.03%,$0.43B,$-0.12B,-28.87%,$0.43B,$-0.25B,-59.15%,$0.43B,$-0.55B,-130.05%,$-0.55B,$0.09B,-227.28%,$-0.55B,$0.03B,-301.50%,$-0.55B,$1.63B,-29.76%,$-0.16B,$1.26B,-10.86%,$96,$0,$96,$0,$4,$47,$49,$-23,$26,$0,$26,$26,$23,$59,$49,$12,12,$1.92,$1.92,$52,$7,$0,$119,$57,$259,$56,$48,$1506,$1625,$203,$1167,$6,$1331,$1535,$97,$0,$-3,$90,$1625,$23,$11,$-7,$4,$3,$0,$1,$-6,$-1,$27,$31,$0,$0,$0,$0,$0,$7,$39,$-41,$0,$-41,$0,$0,$-6,$-18,$-65,$0,$0,$-6
11,2015-12-31,10.34,$5.96,1.73,$35.94,0.29,$43.41,0.24,$-45.74,0.0,$0.12B,$0.14B,0.89,$1.21B,$0.07B,16.54,$0.44B,$0.40B,90.68%,$0.44B,$-0.17B,-38.86%,$0.44B,$-0.17B,-38.86%,$0.44B,$-0.12B,-26.36%,$0.44B,$-0.26B,-59.32%,$0.44B,$-0.56B,-127.27%,$-0.56B,$0.07B,-142.04%,$-0.56B,$0.02B,-171.78%,$-0.56B,$1.67B,-27.27%,$-0.17B,$1.28B,-10.20%,$92,$0,$92,$0,$3,$54,$39,$-22,$17,$0,$17,$17,$-22,$45,$39,$12,12,$-1.75,$-1.75,$41,$8,$0,$121,$61,$262,$57,$50,$1549,$1670,$136,$1207,$90,$1461,$1597,$79,$0,$-2,$73,$1670,$-572,$54,$711,$765,$11,$0,$-4,$2,$11,$203,$5,$0,$-0,$0,$0,$0,$-35,$-30,$-66,$0,$-66,$0,$0,$-72,$-34,$-171,$2,$0,$-72
12,2015-09-30,20.2,$8.19,2.46,$36.21,0.56,$44.86,0.45,$-43.30,0.0,$0.13B,$0.15B,0.89,$1.34B,$0.10B,13.41,$0.44B,$0.40B,90.60%,$0.44B,$-0.19B,-44.04%,$0.44B,$-0.19B,-44.04%,$0.44B,$-0.13B,-29.82%,$0.44B,$-0.28B,-64.45%,$0.44B,$-0.53B,-121.56%,$-0.53B,$0.10B,-95.32%,$-0.53B,$0.04B,-111.87%,$-0.53B,$1.77B,-23.58%,$-0.19B,$1.44B,-10.18%,$114,$0,$114,$0,$4,$422,$-308,$-23,$-331,$0,$-331,$-331,$-586,$-291,$-308,$12,12,$-47.91,$-47.91,$61,$7,$3,$133,$71,$262,$63,$67,$1633,$1766,$150,$1344,$10,$1516,$1666,$106,$0,$-2,$100,$1766,$-550,$47,$646,$693,$6,$0,$-1,$4,$18,$161,$-5,$11,$-0,$0,$0,$0,$-30,$-24,$-41,$0,$-41,$0,$0,$-66,$-19,$-126,$11,$0,$-66
13,2015-06-30,29.09,$58.20,0.5,$35.12,0.83,$46.19,0.63,$7.80,3.73,$0.10B,$0.22B,0.46,$1.28B,$0.71B,1.79,$0.41B,$0.36B,87.92%,$0.41B,$0.17B,41.30%,$0.41B,$0.17B,41.30%,$0.41B,$0.24B,56.76%,$0.41B,$0.09B,20.77%,$0.41B,$0.09B,21.98%,$0.09B,$0.71B,13.26%,$0.09B,$0.65B,15.03%,$0.09B,$2.39B,3.97%,$0.17B,$1.99B,8.84%,$124,$0,$124,$0,$2,$65,$58,$-22,$36,$0,$36,$36,$31,$64,$58,$12,12,$2.51,$2.51,$28,$7,$3,$100,$77,$264,$64,$67,$2285,$2385,$220,$1276,$10,$1454,$1673,$703,$0,$-1,$712,$2385,$50,$31,$9,$39,$8,$0,$1,$8,$17,$106,$2,$-5,$-0,$0,$0,$0,$-19,$-23,$-33,$0,$-33,$0,$0,$-55,$-18,$-106,$-23,$0,$-55
14,2015-03-31,51.13,$56.61,0.9,$33.21,1.54,$46.37,1.1,$8.10,6.31,$0.10B,$0.23B,0.45,$1.30B,$0.69B,1.88,$0.38B,$0.32B,85.04%,$0.38B,$0.16B,42.78%,$0.38B,$0.16B,42.78%,$0.38B,$0.24B,62.47%,$0.38B,$0.08B,21.26%,$0.38B,$0.09B,23.88%,$0.09B,$0.69B,13.73%,$0.09B,$0.60B,15.61%,$0.09B,$2.39B,4.18%,$0.16B,$2.00B,8.81%,$110,$40,$69,$0,$3,$69,$40,$-23,$17,$0,$17,$17,$17,$66,$40,$12,12,$1.40,$1.40,$33,$6,$4,$101,$79,$263,$89,$63,$2293,$2394,$225,$1303,$8,$1477,$1702,$683,$0,$-1,$692,$2394,$17,$25,$-3,$23,$19,$0,$-3,$4,$15,$55,$3,$0,$-17,$0,$0,$0,$2,$-12,$-16,$0,$-16,$0,$0,$-44,$-1,$-60,$-17,$0,$-44
15,2014-12-31,67.09,$59.03,1.14,$31.56,2.13,$45.11,1.49,$9.60,6.99,$0.14B,$0.15B,0.92,$1.39B,$0.72B,1.94,$0.35B,$0.33B,94.02%,$0.35B,$0.18B,49.86%,$0.35B,$0.18B,49.86%,$0.35B,$0.24B,68.09%,$0.35B,$0.10B,27.64%,$0.35B,$0.11B,30.20%,$0.11B,$0.72B,16.47%,$0.11B,$0.61B,18.61%,$0.11B,$2.45B,5.13%,$0.18B,$2.11B,9.91%,$88,$0,$88,$0,$-12,$70,$18,$-22,$-3,$0,$-3,$-3,$8,$31,$18,$11,11,$0.52,$0.52,$50,$6,$0,$136,$60,$264,$113,$65,$2309,$2445,$148,$1394,$22,$1577,$1725,$709,$0,$-0,$720,$2445,$109,$62,$22,$84,$3,$0,$-8,$18,$18,$211,$-1,$0,$-174,$0,$0,$0,$-345,$-521,$199,$0,$199,$127,$127,$-162,$103,$267,$-42,$0,$-162
16,2014-09-30,91.96,$55.90,1.65,$32.39,2.84,$49.18,1.87,$13.10,7.02,$0.12B,$0.13B,0.97,$1.02B,$0.62B,1.64,$0.36B,$0.31B,86.59%,$0.36B,$0.22B,62.57%,$0.36B,$0.22B,62.57%,$0.36B,$0.29B,80.73%,$0.36B,$0.15B,41.06%,$0.36B,$0.14B,40.22%,$0.14B,$0.62B,23.30%,$0.14B,$0.56B,25.93%,$0.14B,$1.94B,7.37%,$0.22B,$1.64B,13.47%,$92,$8,$83,$0,$8,$37,$55,$-19,$36,$0,$36,$36,$35,$74,$55,$11,11,$3.20,$3.20,$78,$0,$1,$124,$23,$262,$59,$61,$1815,$1939,$128,$1017,$17,$1188,$1316,$613,$0,$-0,$622,$1939,$100,$50,$5,$55,$-8,$0,$0,$7,$2,$157,$-0,$-14,$0,$0,$0,$0,$5,$-10,$-67,$0,$-67,$25,$25,$-118,$-1,$-162,$-14,$0,$-118
17,2014-06-30,114.38,$55.73,2.05,$31.65,3.61,$52.39,2.18,$13.10,8.73,$0.12B,$0.12B,0.94,$1.03B,$0.62B,1.67,$0.35B,$0.30B,87.36%,$0.35B,$0.22B,63.51%,$0.35B,$0.22B,63.51%,$0.35B,$0.28B,81.61%,$0.35B,$0.15B,42.24%,$0.35B,$0.14B,41.38%,$0.14B,$0.62B,23.20%,$0.14B,$0.56B,25.92%,$0.14B,$1.94B,7.36%,$0.22B,$1.65B,13.13%,$91,$7,$84,$0,$9,$40,$50,$-19,$31,$0,$31,$31,$31,$67,$50,$11,11,$2.80,$2.80,$70,$0,$1,$115,$24,$263,$60,$62,$1824,$1939,$122,$1033,$16,$1199,$1321,$609,$0,$-1,$618,$1939,$64,$31,$10,$41,$-4,$0,$-1,$8,$-5,$100,$-0,$-9,$0,$0,$0,$0,$4,$-5,$-51,$0,$-51,$14,$14,$-79,$-1,$-117,$-23,$0,$-79
18,2014-03-31,107.5,$55.80,1.93,$31.35,3.43,$54.65,1.97,$14.00,7.68,$0.11B,$0.13B,0.84,$1.05B,$0.62B,1.7,$0.34B,$0.30B,87.79%,$0.34B,$0.23B,65.70%,$0.34B,$0.23B,65.70%,$0.34B,$0.29B,84.30%,$0.34B,$0.16B,45.64%,$0.34B,$0.15B,44.48%,$0.15B,$0.62B,24.26%,$0.15B,$0.55B,27.16%,$0.15B,$1.95B,7.78%,$0.23B,$1.66B,13.24%,$80,$5,$75,$0,$6,$28,$52,$-20,$33,$0,$33,$33,$32,$67,$52,$11,11,$2.90,$2.90,$55,$0,$2,$106,$25,$267,$66,$63,$1841,$1947,$125,$1045,$15,$1207,$1332,$606,$0,$-0,$615,$1947,$33,$15,$3,$17,$-7,$0,$0,$4,$-11,$39,$0,$-2,$0,$0,$0,$0,$0,$-2,$-39,$0,$-39,$5,$5,$-39,$-1,$-75,$-38,$0,$-39
19,2013-12-31,131.79,$56.17,2.35,$32.70,4.03,$55.18,2.39,$15.40,8.56,$0.14B,$0.12B,1.1,$1.08B,$0.62B,1.76,$0.36B,$0.32B,88.27%,$0.36B,$0.24B,66.20%,$0.36B,$0.24B,66.20%,$0.36B,$0.30B,83.80%,$0.36B,$0.17B,48.04%,$0.36B,$0.17B,46.93%,$0.17B,$0.62B,25.98%,$0.17B,$0.55B,29.05%,$0.17B,$1.99B,8.50%,$0.24B,$1.70B,13.66%,$95,$27,$68,$0,$-13,$28,$67,$-20,$47,$0,$47,$47,$46,$81,$67,$11,11,$4.19,$4.19,$93,$0,$2,$136,$26,$269,$67,$64,$1856,$1992,$123,$1084,$25,$1252,$1375,$607,$0,$-0,$617,$1992,$172,$64,$-26,$38,$6,$0,$1,$20,$37,$247,$0,$11,$-365,$0,$0,$0,$51,$-303,$181,$0,$181,$75,$75,$-247,$-10,$-1,$-57,$0,$-247
20,2013-09-30,122.64,$57.63,2.13,$33.72,3.64,$60.50,2.03,$16.80,7.3,$0.14B,$0.08B,1.67,$1.09B,$0.63B,1.72,$0.37B,$0.35B,94.52%,$0.37B,$0.24B,66.58%,$0.37B,$0.24B,66.58%,$0.37B,$0.31B,84.38%,$0.37B,$0.19B,50.68%,$0.37B,$0.18B,49.59%,$0.18B,$0.63B,27.99%,$0.18B,$0.57B,31.34%,$0.18B,$1.95B,9.43%,$0.24B,$1.72B,14.40%,$82,$5,$77,$0,$7,$31,$52,$-15,$36,$0,$36,$36,$35,$69,$52,$11,11,$3.20,$3.20,$100,$0,$0,$139,$28,$242,$68,$66,$1811,$1951,$83,$1089,$9,$1235,$1318,$621,$0,$-0,$633,$1951,$125,$50,$-5,$45,$9,$0,$0,$14,$19,$190,$1,$-38,$-293,$0,$0,$0,$50,$-281,$161,$0,$161,$75,$75,$-186,$-8,$42,$-50,$0,$-186
21,2013-06-30,128.9,$59.95,2.15,$35.11,3.67,$62.84,2.05,$18.40,7.01,$0.15B,$0.09B,1.75,$1.09B,$0.66B,1.65,$0.38B,$0.36B,94.43%,$0.38B,$0.26B,68.17%,$0.38B,$0.26B,68.17%,$0.38B,$0.32B,84.62%,$0.38B,$0.20B,53.32%,$0.38B,$0.20B,52.25%,$0.20B,$0.66B,30.65%,$0.20B,$0.59B,34.41%,$0.20B,$1.98B,10.59%,$0.26B,$1.75B,15.82%,$87,$5,$82,$0,$9,$31,$55,$-14,$41,$0,$41,$41,$40,$73,$55,$11,11,$3.70,$3.70,$105,$0,$4,$153,$29,$280,$69,$60,$1823,$1976,$87,$1089,$8,$1230,$1318,$646,$0,$-0,$658,$1976,$89,$32,$-6,$26,$4,$0,$0,$6,$8,$124,$0,$0,$-293,$0,$0,$0,$11,$-281,$163,$0,$163,$75,$75,$-125,$-0,$114,$-44,$0,$-125
22,2013-03-31,143.13,$61.82,2.32,$35.76,4.0,$63.99,2.24,$19.30,7.42,$0.13B,$0.08B,1.51,$1.09B,$0.68B,1.6,$0.38B,$0.36B,94.49%,$0.38B,$0.27B,69.55%,$0.38B,$0.27B,69.55%,$0.38B,$0.33B,85.30%,$0.38B,$0.21B,55.12%,$0.38B,$0.21B,54.07%,$0.21B,$0.68B,32.47%,$0.21B,$0.61B,36.57%,$0.21B,$1.99B,11.51%,$0.27B,$1.77B,17.08%,$94,$5,$89,$0,$12,$32,$63,$-15,$48,$0,$48,$48,$47,$77,$63,$11,11,$4.30,$4.30,$76,$0,$1,$125,$31,$299,$70,$61,$1861,$1985,$83,$1089,$7,$1224,$1307,$667,$0,$-0,$679,$1985,$48,$15,$-15,$0,$-1,$0,$0,$5,$-4,$44,$0,$0,$-293,$0,$0,$0,$0,$-292,$163,$0,$163,$75,$75,$-63,$-0,$175,$-73,$0,$-63
23,2012-12-31,110.62,$58.23,1.9,$35.76,3.09,$64.61,1.71,$19.70,5.62,$0.20B,$0.12B,1.67,$0.90B,$0.62B,1.45,$0.38B,$0.36B,94.20%,$0.38B,$0.27B,70.45%,$0.38B,$0.27B,70.45%,$0.38B,$0.33B,85.75%,$0.38B,$0.21B,56.20%,$0.38B,$0.21B,55.15%,$0.21B,$0.62B,33.53%,$0.21B,$0.55B,37.93%,$0.21B,$1.77B,12.21%,$0.27B,$1.51B,18.05%,$102,$5,$97,$0,$6,$29,$73,$-13,$60,$0,$60,$60,$59,$89,$73,$11,11,$5.60,$5.60,$149,$0,$1,$196,$32,$0,$71,$60,$1568,$1765,$118,$897,$9,$1029,$1147,$605,$0,$-0,$617,$1765,$213,$58,$-10,$48,$-1,$0,$0,$11,$10,$271,$24,$-181,$0,$0,$-59,$-59,$3,$-213,$117,$-1,$117,$0,$0,$-238,$-3,$-124,$-65,$0,$-238
24,2012-09-30,120.52,$58.18,2.07,$34.88,3.46,$66.05,1.82,$12.80,9.42,$0.17B,$0.11B,1.51,$0.85B,$0.62B,1.38,$0.37B,$0.35B,94.32%,$0.37B,$0.19B,51.62%,$0.37B,$0.19B,51.62%,$0.37B,$0.25B,66.76%,$0.37B,$0.14B,37.03%,$0.37B,$0.13B,35.95%,$0.13B,$0.62B,21.10%,$0.13B,$0.55B,23.89%,$0.13B,$1.71B,7.89%,$0.19B,$1.47B,12.98%,$94,$6,$88,$0,$8,$29,$66,$-14,$52,$0,$52,$52,$51,$80,$66,$11,11,$4.80,$4.80,$122,$0,$0,$169,$34,$0,$72,$61,$1544,$1714,$112,$852,$9,$985,$1097,$604,$0,$-0,$617,$1714,$153,$42,$-8,$34,$1,$0,$0,$12,$7,$194,$14,$-134,$0,$0,$-59,$-59,$2,$-177,$72,$-1,$72,$0,$0,$-181,$-0,$-110,$-93,$0,$-181
25,2012-06-30,125.42,$58.91,2.13,$35.73,3.51,$67.49,1.86,$5.30,23.66,$0.17B,$0.11B,1.48,$0.83B,$0.63B,1.33,$0.38B,$0.36B,94.72%,$0.38B,$0.11B,28.23%,$0.38B,$0.11B,28.23%,$0.38B,$0.17B,44.59%,$0.38B,$0.05B,14.25%,$0.38B,$0.05B,13.72%,$0.05B,$0.63B,7.93%,$0.05B,$0.55B,9.08%,$0.05B,$1.69B,3.10%,$0.11B,$1.45B,7.23%,$91,$5,$86,$0,$7,$27,$63,$-14,$50,$0,$50,$50,$49,$79,$63,$11,11,$4.60,$4.60,$122,$0,$1,$168,$43,$0,$73,$61,$1526,$1694,$114,$830,$8,$956,$1070,$612,$0,$-0,$625,$1694,$101,$28,$-4,$24,$6,$0,$0,$7,$7,$132,$-0,$-94,$0,$0,$-59,$-59,$1,$-153,$50,$-1,$49,$0,$0,$-122,$0,$-72,$-93,$0,$-122
26,2012-03-31,132.64,$59.81,2.22,$36.28,3.66,$68.21,1.94,$5.50,24.12,$0.16B,$0.08B,2.07,$0.85B,$0.63B,1.34,$0.39B,$0.37B,95.06%,$0.39B,$0.11B,29.35%,$0.39B,$0.11B,29.35%,$0.39B,$0.18B,45.71%,$0.39B,$0.06B,15.58%,$0.39B,$0.06B,15.06%,$0.06B,$0.63B,8.28%,$0.06B,$0.56B,9.72%,$0.06B,$1.67B,3.41%,$0.11B,$1.48B,7.45%,$92,$6,$86,$0,$9,$27,$65,$-14,$51,$0,$51,$51,$50,$77,$65,$11,11,$4.70,$4.70,$107,$0,$1,$155,$54,$0,$74,$53,$1517,$1672,$75,$847,$7,$963,$1038,$621,$0,$-0,$634,$1672,$51,$12,$0,$13,$-1,$0,$0,$-2,$-14,$49,$0,$-68,$0,$0,$-59,$-59,$0,$-127,$32,$0,$32,$0,$0,$-62,$0,$-30,$-108,$0,$-62
27,2011-12-31,146.93,$60.83,2.42,$35.62,4.12,$67.97,2.16,$5.00,29.39,$0.26B,$0.06B,4.32,$0.84B,$0.65B,1.3,$0.38B,$0.36B,95.24%,$0.38B,$0.10B,27.51%,$0.38B,$0.10B,27.51%,$0.38B,$0.17B,44.71%,$0.38B,$0.05B,14.29%,$0.38B,$0.05B,13.76%,$0.05B,$0.65B,6.98%,$0.05B,$0.57B,8.39%,$0.05B,$1.67B,3.04%,$0.10B,$1.48B,6.79%,$93,$4,$89,$0,$7,$96,$-3,$-13,$-16,$0,$-16,$-16,$-17,$11,$-3,$11,11,$-1.60,$-1.60,$215,$0,$1,$257,$46,$0,$75,$5,$1409,$1666,$59,$836,$12,$961,$1021,$629,$0,$-0,$645,$1666,$54,$65,$159,$224,$-7,$0,$0,$33,$28,$306,$5,$-120,$0,$0,$0,$0,$0,$-115,$174,$-8,$167,$0,$0,$-235,$-3,$-71,$119,$0,$-235
28,2011-09-30,134.93,$67.70,1.99,$36.30,3.72,$69.70,1.94,$10.20,13.23,$0.20B,$0.05B,3.68,$0.79B,$0.72B,1.1,$0.36B,$0.35B,95.04%,$0.36B,$0.16B,44.08%,$0.36B,$0.16B,44.08%,$0.36B,$0.22B,61.71%,$0.36B,$0.11B,31.13%,$0.36B,$0.11B,30.58%,$0.11B,$0.72B,14.05%,$0.11B,$0.61B,17.26%,$0.11B,$1.68B,6.48%,$0.16B,$1.50B,10.44%,$103,$5,$98,$0,$6,$121,$-18,$-13,$-31,$0,$-31,$-31,$-30,$2,$-18,$11,11,$-2.80,$-2.80,$150,$0,$0,$197,$49,$0,$110,$5,$1479,$1676,$54,$786,$10,$905,$958,$702,$0,$-1,$718,$1676,$71,$52,$87,$139,$-13,$0,$0,$25,$8,$218,$5,$-108,$0,$0,$0,$0,$0,$-102,$124,$-8,$117,$0,$0,$-175,$-3,$-61,$55,$0,$-175
29,2011-06-30,173.45,$75.97,2.28,$36.94,4.7,$70.72,2.45,$18.00,9.64,$0.18B,$0.06B,3.05,$0.79B,$0.81B,0.99,$0.34B,$0.32B,94.43%,$0.34B,$0.23B,66.86%,$0.34B,$0.23B,66.86%,$0.34B,$0.29B,84.75%,$0.34B,$0.18B,53.96%,$0.34B,$0.18B,52.79%,$0.18B,$0.81B,21.90%,$0.18B,$0.65B,27.19%,$0.18B,$1.79B,10.62%,$0.23B,$1.60B,15.00%,$97,$4,$93,$0,$6,$28,$69,$-12,$56,$0,$56,$56,$55,$86,$69,$11,11,$5.20,$5.20,$146,$0,$0,$183,$57,$0,$157,$4,$1610,$1793,$60,$794,$11,$927,$987,$788,$0,$-1,$806,$1793,$101,$32,$-3,$29,$-4,$0,$0,$13,$8,$139,$1,$-99,$0,$0,$0,$0,$0,$-99,$132,$-4,$128,$0,$0,$-117,$-1,$10,$50,$0,$-117
30,2011-03-31,180.36,$76.59,2.36,$38.59,4.67,$72.63,2.48,$17.00,10.61,$0.11B,$0.05B,2.12,$0.73B,$0.81B,0.9,$0.32B,$0.30B,93.83%,$0.32B,$0.21B,65.12%,$0.32B,$0.21B,65.12%,$0.32B,$0.27B,83.64%,$0.32B,$0.17B,52.47%,$0.32B,$0.15B,47.22%,$0.15B,$0.81B,18.32%,$0.15B,$0.65B,22.72%,$0.15B,$1.72B,9.26%,$0.21B,$1.54B,14.19%,$85,$4,$80,$0,$10,$29,$56,$-11,$45,$0,$45,$45,$44,$70,$56,$11,11,$4.20,$4.20,$69,$0,$1,$108,$60,$0,$159,$3,$1610,$1718,$51,$731,$9,$855,$906,$794,$0,$-1,$812,$1718,$45,$14,$0,$14,$-5,$0,$0,$6,$-13,$47,$-0,$-85,$0,$0,$0,$0,$0,$-85,$70,$0,$70,$0,$0,$-58,$-0,$11,$-26,$0,$-58
31,2010-12-31,168.23,$77.83,2.16,$39.73,4.23,$74.23,2.27,$15.20,11.07,$0.13B,$0.06B,2.29,$0.66B,$0.83B,0.8,$0.30B,$0.28B,93.40%,$0.30B,$0.20B,64.69%,$0.30B,$0.20B,64.69%,$0.30B,$0.25B,83.50%,$0.30B,$0.16B,51.16%,$0.30B,$0.13B,41.58%,$0.13B,$0.83B,15.36%,$0.13B,$0.66B,19.17%,$0.13B,$1.66B,7.83%,$0.20B,$1.49B,13.48%,$78,$4,$74,$0,$8,$25,$53,$-10,$43,$0,$43,$43,$42,$66,$53,$8,8,$4.10,$4.10,$96,$0,$1,$131,$62,$0,$162,$3,$1534,$1664,$57,$661,$11,$782,$839,$807,$0,$-1,$825,$1664,$154,$57,$1,$58,$-3,$0,$0,$42,$47,$259,$-4,$-166,$0,$0,$0,$0,$0,$-171,$34,$-9,$25,$110,$110,$-210,$-0,$-75,$13,$0,$-210
32,2010-09-30,133.14,$79.56,1.67,$40.00,3.33,$74.13,1.8,$15.20,8.76,$0.11B,$0.05B,2.26,$0.61B,$0.84B,0.72,$0.29B,$0.27B,92.78%,$0.29B,$0.19B,64.26%,$0.29B,$0.19B,64.26%,$0.29B,$0.24B,83.16%,$0.29B,$0.15B,49.83%,$0.29B,$0.11B,38.14%,$0.11B,$0.84B,13.78%,$0.11B,$0.68B,17.30%,$0.11B,$1.60B,7.05%,$0.19B,$1.45B,13.08%,$81,$5,$75,$0,$9,$30,$50,$-10,$40,$0,$40,$40,$39,$67,$50,$8,8,$5.10,$5.10,$72,$0,$0,$109,$64,$0,$161,$3,$1494,$1603,$48,$606,$9,$711,$759,$822,$0,$-1,$844,$1603,$112,$44,$0,$44,$-5,$0,$0,$30,$19,$176,$-4,$-111,$0,$0,$0,$0,$0,$-115,$-21,$-9,$-30,$110,$110,$-151,$0,$-71,$-10,$0,$-151
33,2010-06-30,115.05,$116.13,0.99,$38.84,2.96,$71.85,1.6,$13.70,8.4,$0.12B,$0.06B,1.97,$0.61B,$0.86B,0.71,$0.27B,$0.25B,92.70%,$0.27B,$0.18B,64.96%,$0.27B,$0.18B,64.96%,$0.27B,$0.23B,83.58%,$0.27B,$0.14B,49.64%,$0.27B,$0.10B,35.40%,$0.10B,$0.86B,12.31%,$0.10B,$0.70B,15.54%,$0.10B,$1.62B,6.26%,$0.18B,$1.47B,12.57%,$80,$4,$75,$0,$7,$28,$52,$-10,$42,$0,$42,$42,$28,$68,$52,$7,7,$3.80,$3.80,$78,$0,$0,$115,$62,$0,$165,$4,$1507,$1622,$59,$610,$6,$704,$763,$825,$0,$-1,$860,$1622,$72,$28,$0,$28,$-5,$0,$0,$21,$14,$114,$-2,$-110,$0,$0,$0,$0,$0,$-113,$-18,$-3,$-21,$110,$110,$-97,$2,$-5,$-4,$0,$-97
34,2010-03-31,124.84,$108.29,1.15,$36.98,3.38,$71.66,1.74,$10.60,11.78,$0.10B,$0.05B,1.96,$0.66B,$0.75B,0.87,$0.25B,$0.23B,92.49%,$0.25B,$0.15B,60.87%,$0.25B,$0.15B,60.87%,$0.25B,$0.21B,83.40%,$0.25B,$0.11B,43.87%,$0.25B,$0.07B,29.25%,$0.07B,$0.75B,9.58%,$0.07B,$0.59B,12.16%,$0.07B,$1.55B,4.86%,$0.15B,$1.41B,11.00%,$64,$5,$59,$0,$7,$23,$41,$-11,$30,$0,$30,$30,$17,$52,$41,$7,7,$2.40,$2.40,$63,$0,$1,$97,$62,$0,$164,$3,$1448,$1545,$50,$657,$6,$743,$793,$727,$0,$-1,$752,$1545,$30,$11,$0,$12,$-2,$0,$0,$13,$0,$42,$0,$-46,$0,$0,$0,$0,$0,$-46,$31,$-3,$28,$0,$0,$-43,$0,$-16,$-20,$0,$-43
35,2009-12-31,112.85,$110.18,1.02,$38.11,2.96,$72.16,1.56,$11.50,9.81,$0.12B,$0.06B,2.01,$0.63B,$0.77B,0.82,$0.26B,$0.24B,92.58%,$0.26B,$0.15B,60.16%,$0.26B,$0.15B,60.16%,$0.26B,$0.21B,83.20%,$0.26B,$0.11B,44.53%,$0.26B,$0.08B,30.86%,$0.08B,$0.77B,10.30%,$0.08B,$0.60B,12.93%,$0.08B,$1.52B,5.27%,$0.15B,$1.39B,11.13%,$66,$5,$61,$0,$5,$22,$44,$-11,$33,$0,$33,$33,$27,$55,$44,$7,7,$4.10,$4.10,$83,$0,$1,$115,$64,$0,$165,$3,$1409,$1524,$57,$627,$7,$701,$758,$747,$0,$-1,$765,$1524,$114,$60,$1,$61,$1,$0,$0,$26,$35,$211,$-1,$-119,$0,$0,$0,$0,$0,$-120,$163,$-72,$91,$0,$0,$-188,$-1,$-98,$-7,$0,$-188
36,2009-09-30,94.83,$111.68,0.85,$40.06,2.37,$75.03,1.26,$13.10,7.24,$0.09B,$0.06B,1.63,$0.62B,$0.78B,0.8,$0.27B,$0.25B,93.23%,$0.27B,$0.17B,62.03%,$0.27B,$0.17B,62.03%,$0.27B,$0.23B,86.09%,$0.27B,$0.13B,48.50%,$0.27B,$0.09B,33.46%,$0.09B,$0.78B,11.69%,$0.09B,$0.61B,14.33%,$0.09B,$1.51B,6.16%,$0.17B,$1.40B,12.30%,$64,$5,$59,$0,$5,$23,$41,$-11,$31,$0,$31,$31,$25,$54,$41,$7,7,$3.60,$3.60,$61,$0,$0,$93,$69,$0,$163,$4,$1417,$1510,$57,$621,$6,$677,$734,$758,$0,$-1,$776,$1510,$81,$48,$1,$49,$-0,$0,$0,$11,$8,$139,$-1,$-115,$0,$0,$0,$0,$0,$-116,$157,$-63,$94,$0,$0,$-145,$-1,$-52,$-29,$0,$-145
37,2009-06-30,93.29,$114.57,0.81,$42.60,2.19,$78.20,1.19,$15.00,6.22,$0.11B,$0.05B,2.16,$0.61B,$0.80B,0.76,$0.28B,$0.26B,94.24%,$0.28B,$0.18B,64.03%,$0.28B,$0.18B,64.03%,$0.28B,$0.25B,88.49%,$0.28B,$0.15B,52.16%,$0.28B,$0.10B,35.97%,$0.10B,$0.80B,13.29%,$0.10B,$0.63B,15.96%,$0.10B,$1.51B,7.19%,$0.18B,$1.40B,13.72%,$59,$4,$55,$0,$6,$32,$28,$-11,$17,$0,$17,$17,$5,$50,$28,$7,7,$0.70,$0.70,$81,$0,$1,$112,$71,$0,$164,$4,$1396,$1508,$52,$606,$5,$660,$712,$770,$0,$-1,$796,$1508,$51,$35,$1,$36,$2,$0,$0,$9,$14,$101,$-1,$-96,$0,$0,$0,$0,$0,$-97,$142,$-60,$82,$0,$0,$-94,$-1,$-12,$-8,$0,$-94
38,2009-03-31,96.86,$112.50,0.86,$45.36,2.14,$77.73,1.25,$19.00,5.1,$0.14B,$0.06B,2.18,$0.62B,$0.73B,0.84,$0.30B,$0.28B,94.24%,$0.30B,$0.20B,66.78%,$0.30B,$0.20B,66.78%,$0.30B,$0.26B,88.14%,$0.30B,$0.17B,56.95%,$0.30B,$0.13B,42.37%,$0.13B,$0.73B,16.95%,$0.13B,$0.60B,19.94%,$0.13B,$1.46B,9.32%,$0.20B,$1.35B,15.73%,$67,$5,$62,$0,$8,$25,$41,$-8,$33,$0,$33,$33,$22,$54,$41,$6,6,$3.30,$3.30,$101,$0,$1,$138,$66,$0,$132,$4,$1321,$1459,$64,$616,$4,$666,$729,$706,$0,$-1,$730,$1459,$33,$13,$1,$14,$-3,$0,$0,$6,$-4,$44,$-1,$-96,$0,$0,$0,$0,$0,$-97,$152,$-40,$112,$0,$0,$-47,$-1,$64,$11,$0,$-47
39,2008-12-31,73.99,$114.55,0.65,$44.95,1.65,$76.81,0.96,$19.70,3.76,$0.12B,$0.03B,3.63,$0.48B,$0.74B,0.64,$0.29B,$0.28B,94.52%,$0.29B,$0.20B,67.47%,$0.29B,$0.20B,67.47%,$0.29B,$0.26B,89.73%,$0.29B,$0.17B,57.88%,$0.29B,$0.13B,43.84%,$0.13B,$0.74B,17.31%,$0.13B,$0.64B,20.14%,$0.13B,$1.30B,9.83%,$0.20B,$1.22B,16.08%,$76,$4,$72,$0,$1,$21,$55,$-7,$48,$0,$48,$48,$37,$71,$55,$6,6,$5.60,$5.60,$90,$0,$1,$124,$67,$0,$103,$3,$1177,$1301,$34,$479,$4,$524,$558,$719,$0,$-1,$743,$1301,$170,$64,$0,$65,$-5,$0,$0,$5,$-5,$230,$-11,$-6,$0,$0,$0,$0,$6,$-10,$-17,$0,$-17,$0,$0,$-171,$0,$-189,$32,$0,$-171
40,2008-09-30,105.05,$114.08,0.92,$42.15,2.49,$66.70,1.57,$17.70,5.93,$0.11B,$0.03B,3.42,$0.48B,$0.74B,0.65,$0.27B,$0.26B,94.51%,$0.27B,$0.18B,65.20%,$0.27B,$0.18B,65.20%,$0.27B,$0.24B,88.28%,$0.27B,$0.15B,54.95%,$0.27B,$0.11B,38.46%,$0.11B,$0.74B,14.19%,$0.11B,$0.64B,16.54%,$0.11B,$1.30B,8.03%,$0.18B,$1.22B,14.48%,$76,$4,$73,$0,$2,$22,$54,$-7,$47,$0,$47,$47,$36,$71,$54,$6,6,$5.50,$5.50,$71,$0,$0,$111,$68,$0,$104,$3,$1187,$1297,$32,$479,$6,$525,$557,$726,$0,$-1,$740,$1297,$122,$49,$0,$49,$-11,$0,$0,$5,$-12,$159,$-10,$0,$0,$0,$0,$0,$0,$-10,$-17,$0,$-17,$0,$0,$-126,$0,$-143,$6,$0,$-126
41,2008-06-30,168.6,$113.58,1.48,$39.09,4.31,$58.98,2.86,$15.70,10.74,$0.11B,$0.04B,2.83,$0.49B,$0.74B,0.66,$0.25B,$0.24B,93.68%,$0.25B,$0.16B,62.85%,$0.25B,$0.16B,62.85%,$0.25B,$0.22B,86.17%,$0.25B,$0.13B,52.17%,$0.25B,$0.09B,36.36%,$0.09B,$0.74B,12.37%,$0.09B,$0.63B,14.45%,$0.09B,$1.31B,7.04%,$0.16B,$1.22B,12.91%,$76,$5,$71,$0,$7,$28,$47,$-7,$40,$0,$40,$40,$30,$64,$47,$6,6,$4.60,$4.60,$67,$0,$0,$105,$67,$0,$105,$3,$1201,$1306,$37,$487,$6,$532,$569,$724,$0,$-1,$737,$1306,$74,$32,$0,$32,$-9,$0,$0,$3,$-5,$101,$-7,$0,$0,$0,$0,$0,$0,$-7,$-10,$0,$-10,$0,$0,$-82,$0,$-91,$2,$0,$-82
42,2008-03-31,114.23,$113.76,1.0,$35.32,3.23,$55.09,2.07,$13.80,8.28,$0.09B,$0.03B,3.07,$0.50B,$0.74B,0.67,$0.23B,$0.21B,93.42%,$0.23B,$0.14B,61.84%,$0.23B,$0.14B,61.84%,$0.23B,$0.20B,85.96%,$0.23B,$0.12B,50.44%,$0.23B,$0.08B,35.09%,$0.08B,$0.74B,10.67%,$0.08B,$0.63B,12.47%,$0.08B,$1.31B,6.13%,$0.14B,$1.23B,11.42%,$64,$4,$60,$0,$4,$23,$41,$-7,$34,$0,$34,$34,$25,$56,$41,$6,6,$3.80,$3.80,$61,$0,$1,$94,$63,$0,$106,$4,$1213,$1307,$31,$496,$4,$538,$569,$725,$0,$-1,$738,$1307,$34,$15,$0,$15,$-4,$0,$0,$3,$-10,$39,$-3,$0,$0,$0,$0,$0,$0,$-3,$-0,$0,$-0,$0,$0,$-40,$0,$-40,$-4,$0,$-40
43,2007-12-31,128.74,$114.74,1.12,$33.38,3.86,$54.34,2.37,$12.60,10.22,$0.09B,$0.04B,2.57,$0.50B,$0.75B,0.67,$0.21B,$0.20B,93.46%,$0.21B,$0.13B,59.81%,$0.21B,$0.13B,59.81%,$0.21B,$0.18B,84.11%,$0.21B,$0.10B,48.13%,$0.21B,$0.07B,34.11%,$0.07B,$0.75B,9.63%,$0.07B,$0.64B,11.25%,$0.07B,$1.32B,5.61%,$0.13B,$1.24B,10.36%,$57,$4,$54,$0,$4,$22,$36,$-6,$29,$0,$29,$29,$14,$50,$36,$6,6,$2.00,$2.00,$65,$0,$1,$94,$61,$0,$106,$4,$1226,$1320,$37,$496,$6,$539,$575,$731,$0,$-1,$745,$1320,$102,$51,$-1,$51,$-5,$0,$0,$16,$15,$168,$-15,$-58,$0,$0,$0,$0,$-6,$-80,$49,$0,$49,$0,$0,$-147,$1,$-96,$-8,$0,$-147
44,2007-09-30,121.98,$116.26,1.05,$32.72,3.73,$54.64,2.23,$12.90,9.46,$0.09B,$0.03B,2.81,$0.47B,$0.75B,0.63,$0.20B,$0.19B,93.47%,$0.20B,$0.12B,60.30%,$0.20B,$0.12B,60.30%,$0.20B,$0.17B,82.91%,$0.20B,$0.10B,48.74%,$0.20B,$0.08B,39.20%,$0.08B,$0.75B,11.46%,$0.08B,$0.64B,13.04%,$0.08B,$1.30B,6.47%,$0.12B,$1.23B,10.46%,$56,$4,$52,$0,$4,$21,$35,$-6,$29,$0,$29,$29,$23,$48,$35,$6,6,$3.50,$3.50,$61,$0,$0,$92,$62,$0,$111,$4,$1205,$1297,$33,$473,$6,$510,$543,$661,$0,$-1,$754,$1297,$73,$37,$0,$38,$-8,$0,$0,$12,$4,$115,$-16,$-24,$0,$0,$0,$0,$-6,$-46,$26,$0,$26,$0,$0,$-108,$1,$-80,$-12,$0,$-108
45,2007-06-30,146.96,$117.60,1.25,$32.22,4.56,$60.54,2.43,$13.65,10.77,$0.09B,$0.03B,3.18,$0.47B,$0.76B,0.62,$0.18B,$0.17B,94.02%,$0.18B,$0.11B,61.96%,$0.18B,$0.11B,61.96%,$0.18B,$0.15B,83.15%,$0.18B,$0.09B,50.54%,$0.18B,$0.08B,41.30%,$0.08B,$0.76B,12.64%,$0.08B,$0.65B,13.89%,$0.08B,$1.30B,7.06%,$0.11B,$1.24B,11.12%,$51,$4,$47,$0,$6,$22,$29,$-6,$23,$0,$23,$23,$18,$42,$29,$6,6,$2.80,$2.80,$61,$0,$1,$87,$55,$0,$112,$4,$1211,$1299,$28,$474,$5,$508,$536,$667,$0,$-1,$763,$1299,$45,$24,$0,$24,$-3,$0,$0,$8,$8,$77,$-8,$-24,$0,$0,$0,$0,$-6,$-39,$20,$0,$20,$0,$0,$-70,$1,$-49,$-12,$0,$-70
46,2007-03-31,128.19,$120.58,1.06,$32.43,3.95,$54.47,2.35,$15.15,8.46,$0.09B,$0.03B,3.54,$0.47B,$0.77B,0.61,$0.17B,$0.17B,94.83%,$0.17B,$0.11B,64.94%,$0.17B,$0.11B,64.94%,$0.17B,$0.15B,83.91%,$0.17B,$0.10B,54.60%,$0.17B,$0.08B,45.98%,$0.08B,$0.77B,15.39%,$0.08B,$0.66B,16.23%,$0.08B,$1.29B,8.57%,$0.11B,$1.23B,12.75%,$50,$3,$47,$0,$7,$22,$28,$-7,$22,$0,$22,$22,$18,$40,$28,$6,6,$2.80,$2.80,$62,$0,$1,$90,$49,$0,$107,$4,$1198,$1288,$25,$465,$4,$493,$519,$669,$0,$-1,$769,$1288,$22,$12,$0,$12,$-4,$0,$0,$4,$-3,$31,$0,$-14,$0,$0,$0,$0,$-5,$-19,$11,$0,$11,$0,$0,$-34,$1,$-22,$-10,$0,$-34
47,2006-12-31,108.97,$110.79,0.98,$33.68,3.24,$57.62,1.89,$17.40,6.26,$0.09B,$0.02B,3.74,$0.45B,$0.44B,1.04,$0.17B,$0.16B,94.74%,$0.17B,$0.12B,68.42%,$0.17B,$0.12B,68.42%,$0.17B,$0.15B,84.80%,$0.17B,$0.10B,59.65%,$0.17B,$0.09B,51.46%,$0.09B,$0.44B,20.18%,$0.09B,$0.44B,20.18%,$0.09B,$0.94B,11.09%,$0.12B,$0.89B,15.59%,$42,$2,$40,$0,$5,$14,$28,$-4,$23,$0,$23,$23,$19,$35,$28,$5,5,$3.80,$3.80,$66,$0,$1,$91,$30,$0,$0,$3,$849,$939,$24,$454,$5,$480,$504,$339,$0,$-1,$436,$939,$102,$30,$-3,$27,$-1,$0,$0,$5,$10,$139,$-17,$-241,$0,$0,$0,$0,$0,$-258,$230,$0,$230,$0,$0,$-92,$-0,$137,$18,$0,$-92
