,Date,Stock Price,Book Value per Share,Price to Book Ratio,TTM Sales per Share,Price to Sales Ratio,TTM FCF per Share,Price to FCF Ratio,TTM Net EPS,PE Ratio,Current Assets,Current Liabilities,Current Ratio,Long Term Debt,Shareholder's Equity_x,Debt to Equity Ratio,TTM Revenue_x,TTM Gross Profit,Gross Margin,TTM Revenue_y,TTM Operating Income,Operating Margin,TTM Revenue_x,TTM EBIT,EBIT Margin,TTM Revenue_y,TTM EBITDA,EBITDA Margin,TTM Revenue_x,TTM Pre-Tax Income,Pre-Tax Margin,TTM Revenue_y,TTM Net Income_x,Net Margin,TTM Net Income_y,Shareholder's Equity_y,Return on Equity,TTM Net Income_x,Tangible Equity,Return on Tangible Equity,TTM Net Income_y,Total Assets,Return on Assets,TTM Net Income,LT Investments & Debt,Return on Investment,revenue,cost-goods-sold,gross-profit,research-development-expenses,selling-general-administrative-expenses,operating-expenses,operating-income,total-non-operating-income-expense,pre-tax-income,total-provision-income-taxes,income-after-taxes,income-from-continuous-operations,net-income,ebitda,ebit,basic-shares-outstanding,shares-outstanding,eps-basic-net-earnings-per-share,eps-earnings-per-share-diluted,cash-on-hand,inventory,other-current-assets,total-current-assets,net-property-plant-equipment,long-term-investments,goodwill-intangible-assets-total,other-long-term-assets,total-long-term-assets,total-assets,total-current-liabilities,long-term-debt,other-non-current-liabilities,total-long-term-liabilities,total-liabilities,common-stock-net,retained-earnings-accumulated-deficit,comprehensive-income,total-share-holder-equity,total-liabilities-share-holders-equity,net-income-loss,total-depreciation-amortization-cash-flow,other-non-cash-items,total-non-cash-items,change-in-accounts-receivable,change-in-inventories,change-in-accounts-payable,change-in-assets-liabilities,total-change-in-assets-liabilities,cash-flow-from-operating-activities,net-change-in-property-plant-equipment,net-change-in-intangible-assets,net-acquisitions-divestitures,net-change-in-short-term-investments,net-change-in-long-term-investments,net-change-in-investments-total,investing-activities-other,cash-flow-from-investing-activities,net-long-term-debt,net-current-debt,debt-issuance-retirement-net-total,net-common-equity-issued-repurchased,net-total-equity-issued-repurchased,total-common-preferred-stock-dividends-paid,financial-activities-other,cash-flow-from-financial-activities,net-cash-flow,stock-based-compensation,common-stock-dividends-paid
0,2018-07-31,7.83,$0.01,544.02,$0.86,9.15,0.0,0.0,$0.77,10.17,$0.00B,$0.00B,1.08,$0.00B,$0.00B,0.0,$0.01B,$0.01B,100.00%,$0.01B,$0.01B,100.00%,$0.01B,$0.01B,100.00%,$0.01B,$0.01B,100.00%,$0.01B,$0.01B,87.50%,$0.01B,$0.01B,87.50%,$0.01B,$0.00B,inf%,$0.01B,$0.00B,inf%,$0.01B,$0.00B,350.00%,$0.01B,$0.00B,inf%,$2,$0,$2,$0,$0,$0,$2,$-0,$2,$0,$2,$2,$2,$2,$2,$9,9,$0.19,$0.19,$2,$0,$0,$2,$0,$0,$0,$0,$0,$2,$2,$0,$0,$0,$2,$0,$0,$0,$0,$2,$0,$0,$0,$0,$0,$0,$0,$0,$0,$0,$0,$0,$0,$0,$0,$0,$0,$0,$0,$0,$0,$0,$0,$0,$0,$0,$0,$0,$0
1,2018-04-30,8.34,$0.01,689.23,$0.86,9.65,0.0,0.0,$0.78,10.69,$0.00B,$0.00B,1.06,$0.00B,$0.00B,0.0,$0.01B,$0.01B,100.00%,$0.01B,$0.01B,100.00%,$0.01B,$0.01B,100.00%,$0.01B,$0.01B,100.00%,$0.01B,$0.01B,87.50%,$0.01B,$0.01B,87.50%,$0.01B,$0.00B,inf%,$0.01B,$0.00B,inf%,$0.01B,$0.00B,350.00%,$0.01B,$0.00B,inf%,$2,$0,$2,$0,$0,$0,$2,$-0,$2,$0,$2,$2,$2,$2,$2,$9,9,$0.20,$0.20,$2,$0,$0,$2,$0,$0,$0,$0,$0,$2,$2,$0,$0,$0,$2,$0,$0,$0,$0,$2,$0,$0,$0,$0,$0,$0,$0,$0,$0,$0,$0,$0,$0,$0,$0,$0,$0,$0,$0,$0,$0,$0,$0,$0,$0,$0,$0,$0,$0
2,2018-01-31,8.02,$0.00,2004.55,$0.85,9.44,0.0,0.0,$0.77,10.41,$0.00B,$0.00B,1.02,$0.00B,$0.00B,0.0,$0.01B,$0.01B,100.00%,$0.01B,$0.01B,100.00%,$0.01B,$0.01B,100.00%,$0.01B,$0.01B,100.00%,$0.01B,$0.01B,87.50%,$0.01B,$0.01B,87.50%,$0.01B,$0.00B,inf%,$0.01B,$0.00B,inf%,$0.01B,$0.00B,350.00%,$0.01B,$0.00B,inf%,$2,$0,$2,$0,$0,$0,$2,$-0,$1,$0,$1,$1,$1,$2,$2,$9,9,$0.16,$0.16,$2,$0,$0,$2,$0,$0,$0,$0,$0,$2,$2,$0,$0,$0,$2,$0,$0,$0,$0,$2,$0,$0,$0,$0,$0,$0,$0,$0,$0,$0,$0,$0,$0,$0,$0,$0,$0,$0,$0,$0,$0,$0,$0,$0,$0,$0,$0,$0,$0
3,2017-10-31,6.04,$0.01,534.87,$0.84,7.16,0.0,0.0,$0.75,8.06,$0.00B,$0.00B,1.05,$0.00B,$0.00B,0.0,$0.01B,$0.01B,100.00%,$0.01B,$0.01B,100.00%,$0.01B,$0.01B,100.00%,$0.01B,$0.01B,100.00%,$0.01B,$0.01B,87.50%,$0.01B,$0.01B,87.50%,$0.01B,$0.00B,inf%,$0.01B,$0.00B,inf%,$0.01B,$0.00B,350.00%,$0.01B,$0.00B,inf%,$2,$0,$2,$0,$0,$0,$2,$-0,$2,$0,$2,$2,$2,$2,$2,$9,9,$0.22,$0.22,$2,$0,$0,$2,$0,$0,$0,$0,$0,$2,$2,$0,$0,$0,$2,$0,$0,$0,$0,$2,$0,$0,$0,$0,$0,$0,$0,$0,$0,$0,$0,$0,$0,$0,$0,$0,$0,$0,$0,$0,$0,$0,$0,$0,$0,$0,$0,$0,$0
4,2017-07-31,5.41,$0.01,432.46,$0.75,7.25,0.0,0.0,$0.65,8.32,$0.00B,$0.00B,1.06,$0.00B,$0.00B,0.0,$0.01B,$0.01B,100.00%,$0.01B,$0.01B,100.00%,$0.01B,$0.01B,100.00%,$0.01B,$0.01B,100.00%,$0.01B,$0.01B,85.71%,$0.01B,$0.01B,85.71%,$0.01B,$0.00B,inf%,$0.01B,$0.00B,inf%,$0.01B,$0.00B,342.86%,$0.01B,$0.00B,inf%,$2,$0,$2,$0,$0,$0,$2,$-0,$2,$0,$2,$2,$2,$2,$2,$9,9,$0.20,$0.20,$2,$0,$0,$2,$0,$0,$0,$0,$0,$2,$2,$0,$0,$0,$2,$0,$0,$0,$0,$2,$0,$0,$0,$0,$0,$0,$0,$0,$0,$0,$0,$0,$0,$0,$0,$0,$0,$0,$0,$0,$0,$0,$0,$0,$0,$0,$0,$0,$0
5,2017-04-30,6.1,$0.01,495.95,$0.70,8.71,0.0,0.0,$0.60,10.17,$0.00B,$0.00B,1.06,$0.00B,$0.00B,0.0,$0.01B,$0.01B,100.00%,$0.01B,$0.01B,100.00%,$0.01B,$0.01B,100.00%,$0.01B,$0.01B,100.00%,$0.01B,$0.01B,71.43%,$0.01B,$0.01B,71.43%,$0.01B,$0.00B,inf%,$0.01B,$0.00B,inf%,$0.01B,$0.00B,333.33%,$0.01B,$0.00B,inf%,$2,$0,$2,$0,$0,$0,$2,$-0,$2,$0,$2,$2,$2,$2,$2,$9,9,$0.18,$0.18,$2,$0,$0,$2,$0,$0,$0,$0,$0,$2,$2,$0,$0,$0,$2,$0,$0,$0,$0,$2,$0,$0,$0,$0,$0,$0,$0,$0,$0,$0,$0,$0,$0,$0,$0,$0,$0,$0,$0,$0,$0,$0,$0,$0,$0,$0,$0,$0,$0
6,2017-01-31,5.8,$0.02,335.14,$0.75,7.78,0.0,0.0,$0.65,8.92,$0.00B,$0.00B,1.12,$0.00B,$0.00B,0.0,$0.01B,$0.01B,100.00%,$0.01B,$0.01B,100.00%,$0.01B,$0.01B,100.00%,$0.01B,$0.01B,100.00%,$0.01B,$0.01B,71.43%,$0.01B,$0.01B,71.43%,$0.01B,$0.00B,inf%,$0.01B,$0.00B,inf%,$0.01B,$0.00B,333.33%,$0.01B,$0.00B,inf%,$2,$0,$2,$0,$0,$0,$2,$-0,$1,$0,$1,$1,$1,$2,$2,$9,9,$0.16,$0.16,$2,$0,$0,$2,$0,$0,$0,$0,$0,$2,$1,$0,$0,$0,$1,$0,$0,$0,$0,$2,$0,$0,$0,$0,$0,$0,$0,$0,$0,$0,$0,$0,$0,$0,$0,$0,$0,$0,$0,$0,$0,$0,$0,$0,$0,$0,$0,$0,$0
7,2016-10-31,6.42,$0.01,943.82,$0.76,8.47,0.0,0.0,$0.66,9.72,$0.00B,$0.00B,1.06,$0.00B,$0.00B,0.0,$0.01B,$0.01B,100.00%,$0.01B,$0.01B,100.00%,$0.01B,$0.01B,100.00%,$0.01B,$0.01B,100.00%,$0.01B,$0.01B,85.71%,$0.01B,$0.01B,85.71%,$0.01B,$0.00B,inf%,$0.01B,$0.00B,inf%,$0.01B,$0.00B,400.00%,$0.01B,$0.00B,inf%,$1,$0,$1,$0,$0,$0,$1,$-0,$1,$0,$1,$1,$1,$1,$1,$9,9,$0.12,$0.12,$1,$0,$0,$1,$0,$0,$0,$0,$0,$1,$1,$0,$0,$0,$1,$0,$0,$0,$0,$1,$0,$0,$0,$0,$0,$0,$0,$0,$0,$0,$0,$0,$0,$0,$0,$0,$0,$0,$0,$0,$0,$0,$0,$0,$0,$0,$0,$0,$0
8,2016-07-31,7.84,$0.01,825.23,$0.87,9.03,0.0,0.0,$0.77,10.18,$0.00B,$0.00B,1.06,$0.00B,$0.00B,0.0,$0.01B,$0.01B,100.00%,$0.01B,$0.01B,100.00%,$0.01B,$0.01B,100.00%,$0.01B,$0.01B,100.00%,$0.01B,$0.01B,87.50%,$0.01B,$0.01B,87.50%,$0.01B,$0.00B,inf%,$0.01B,$0.00B,inf%,$0.01B,$0.00B,400.00%,$0.01B,$0.00B,inf%,$2,$0,$2,$0,$0,$0,$2,$-0,$1,$0,$1,$1,$1,$2,$2,$9,9,$0.15,$0.15,$1,$0,$0,$1,$0,$0,$0,$0,$0,$1,$1,$0,$0,$0,$1,$0,$0,$0,$0,$1,$0,$0,$0,$0,$0,$0,$0,$0,$0,$0,$0,$0,$0,$0,$0,$0,$0,$0,$0,$0,$0,$0,$0,$0,$0,$0,$0,$0,$0
9,2016-04-30,7.41,$0.01,881.73,$1.07,6.89,0.0,0.0,$0.98,7.56,$0.00B,$0.00B,1.04,$0.00B,$0.00B,0.0,$0.01B,$0.01B,100.00%,$0.01B,$0.01B,100.00%,$0.01B,$0.01B,100.00%,$0.01B,$0.01B,100.00%,$0.01B,$0.01B,100.00%,$0.01B,$0.01B,100.00%,$0.01B,$0.00B,inf%,$0.01B,$0.00B,inf%,$0.01B,$0.00B,400.00%,$0.01B,$0.00B,inf%,$2,$0,$2,$0,$0,$0,$2,$-0,$2,$0,$2,$2,$2,$2,$2,$9,9,$0.23,$0.23,$2,$0,$0,$2,$0,$0,$0,$0,$0,$2,$2,$0,$0,$0,$2,$0,$0,$0,$0,$2,$0,$0,$0,$0,$0,$0,$0,$0,$0,$0,$0,$0,$0,$0,$0,$0,$0,$0,$0,$0,$0,$0,$0,$0,$0,$0,$0,$0,$0
10,2016-01-31,6.44,$0.02,325.37,$1.17,5.49,0.0,0.0,$1.08,5.97,$0.00B,$0.00B,1.12,$0.00B,$0.00B,0.0,$0.01B,$0.01B,100.00%,$0.01B,$0.01B,100.00%,$0.01B,$0.01B,100.00%,$0.01B,$0.01B,100.00%,$0.01B,$0.01B,100.00%,$0.01B,$0.01B,100.00%,$0.01B,$0.00B,inf%,$0.01B,$0.00B,inf%,$0.01B,$0.00B,400.00%,$0.01B,$0.00B,inf%,$2,$0,$2,$0,$0,$0,$2,$-0,$2,$0,$2,$2,$2,$2,$2,$9,9,$0.17,$0.17,$2,$0,$0,$2,$0,$0,$0,$0,$0,$2,$1,$0,$0,$0,$1,$0,$0,$0,$0,$2,$0,$0,$0,$0,$0,$0,$0,$0,$0,$0,$0,$0,$0,$0,$0,$0,$0,$0,$0,$0,$0,$0,$0,$0,$0,$0,$0,$0,$0
11,2015-10-31,7.49,$0.01,870.87,$1.35,5.56,0.0,0.0,$1.27,5.9,$0.00B,$0.00B,1.04,$0.00B,$0.00B,0.0,$0.01B,$0.01B,100.00%,$0.01B,$0.01B,100.00%,$0.01B,$0.01B,100.00%,$0.01B,$0.01B,100.00%,$0.01B,$0.01B,100.00%,$0.01B,$0.01B,100.00%,$0.01B,$0.00B,inf%,$0.01B,$0.00B,inf%,$0.01B,$0.00B,400.00%,$0.01B,$0.00B,inf%,$2,$0,$2,$0,$0,$0,$2,$-0,$2,$0,$2,$2,$2,$2,$2,$9,9,$0.23,$0.23,$2,$0,$0,$2,$0,$0,$0,$0,$0,$2,$2,$0,$0,$0,$2,$0,$0,$0,$0,$2,$0,$0,$0,$0,$0,$0,$0,$0,$0,$0,$0,$0,$0,$0,$0,$0,$0,$0,$0,$0,$0,$0,$0,$0,$0,$0,$0,$0,$0
12,2015-07-31,7.35,$0.01,706.36,$1.52,4.84,0.0,0.0,$1.43,5.14,$0.00B,$0.00B,1.03,$0.00B,$0.00B,0.0,$0.01B,$0.01B,100.00%,$0.01B,$0.01B,100.00%,$0.01B,$0.01B,100.00%,$0.01B,$0.01B,100.00%,$0.01B,$0.01B,100.00%,$0.01B,$0.01B,100.00%,$0.01B,$0.00B,inf%,$0.01B,$0.00B,inf%,$0.01B,$0.00B,400.00%,$0.01B,$0.00B,inf%,$3,$0,$3,$0,$0,$0,$3,$-0,$3,$0,$3,$3,$3,$3,$3,$9,9,$0.36,$0.36,$3,$0,$0,$3,$0,$0,$0,$0,$0,$3,$3,$0,$0,$0,$3,$0,$0,$0,$0,$3,$0,$0,$0,$0,$0,$0,$0,$0,$0,$0,$0,$0,$0,$0,$0,$0,$0,$0,$0,$0,$0,$0,$0,$0,$0,$0,$0,$0,$0
13,2015-04-30,10.04,$0.01,1004.49,$1.63,6.17,0.0,0.0,$1.53,6.57,$0.00B,$0.00B,1.03,$0.00B,$0.00B,0.0,$0.01B,$0.01B,100.00%,$0.01B,$0.01B,100.00%,$0.01B,$0.01B,100.00%,$0.01B,$0.01B,100.00%,$0.01B,$0.01B,100.00%,$0.01B,$0.01B,100.00%,$0.01B,$0.00B,inf%,$0.01B,$0.00B,inf%,$0.01B,$0.00B,400.00%,$0.01B,$0.00B,inf%,$3,$0,$3,$0,$0,$0,$3,$-0,$3,$0,$3,$3,$3,$3,$3,$9,9,$0.33,$0.33,$3,$0,$0,$3,$0,$0,$0,$0,$0,$3,$3,$0,$0,$0,$3,$0,$0,$0,$0,$3,$0,$0,$0,$0,$0,$0,$0,$0,$0,$0,$0,$0,$0,$0,$0,$0,$0,$0,$0,$0,$0,$0,$0,$0,$0,$0,$0,$0,$0
14,2015-01-31,9.25,$0.01,1681.76,$1.86,4.98,0.0,0.0,$1.76,5.26,$0.00B,$0.00B,1.02,$0.00B,$0.00B,0.0,$0.02B,$0.02B,100.00%,$0.02B,$0.02B,100.00%,$0.02B,$0.02B,100.00%,$0.02B,$0.02B,100.00%,$0.02B,$0.02B,100.00%,$0.02B,$0.02B,100.00%,$0.02B,$0.00B,inf%,$0.02B,$0.00B,inf%,$0.02B,$0.00B,400.00%,$0.02B,$0.00B,inf%,$3,$0,$3,$0,$0,$0,$3,$-0,$3,$0,$3,$3,$3,$3,$3,$9,9,$0.34,$0.34,$3,$0,$0,$3,$0,$0,$0,$0,$0,$3,$3,$0,$0,$0,$3,$0,$0,$0,$0,$3,$0,$0,$0,$0,$0,$0,$0,$0,$0,$0,$0,$0,$0,$0,$0,$0,$0,$0,$0,$0,$0,$0,$0,$0,$0,$0,$0,$0,$0
15,2014-10-31,12.44,$0.02,672.58,$2.06,6.04,0.0,0.0,$1.95,6.38,$0.00B,$0.00B,1.05,$0.00B,$0.00B,0.0,$0.02B,$0.02B,100.00%,$0.02B,$0.02B,100.00%,$0.02B,$0.02B,100.00%,$0.02B,$0.02B,100.00%,$0.02B,$0.02B,100.00%,$0.02B,$0.02B,100.00%,$0.02B,$0.00B,inf%,$0.02B,$0.00B,inf%,$0.02B,$0.00B,400.00%,$0.02B,$0.00B,inf%,$4,$0,$4,$0,$0,$0,$4,$-0,$4,$0,$4,$4,$4,$4,$4,$9,9,$0.39,$0.39,$4,$0,$0,$4,$0,$0,$0,$0,$0,$4,$4,$0,$0,$0,$4,$0,$0,$0,$0,$4,$0,$0,$0,$0,$0,$0,$0,$0,$0,$0,$0,$0,$0,$0,$0,$0,$0,$0,$0,$0,$0,$0,$0,$0,$0,$0,$0,$0,$0
16,2014-07-31,15.48,$0.01,1474.44,$2.19,7.07,0.0,0.0,$2.09,7.41,$0.00B,$0.00B,1.02,$0.00B,$0.00B,0.0,$0.02B,$0.02B,100.00%,$0.02B,$0.02B,100.00%,$0.02B,$0.02B,100.00%,$0.02B,$0.02B,100.00%,$0.02B,$0.02B,100.00%,$0.02B,$0.02B,100.00%,$0.02B,$0.00B,inf%,$0.02B,$0.00B,inf%,$0.02B,$0.00B,400.00%,$0.02B,$0.00B,inf%,$4,$0,$4,$0,$0,$0,$4,$-0,$4,$0,$4,$4,$4,$4,$4,$9,9,$0.47,$0.47,$4,$0,$0,$4,$0,$0,$0,$0,$0,$4,$4,$0,$0,$0,$4,$0,$0,$0,$0,$4,$0,$0,$0,$0,$0,$0,$0,$0,$0,$0,$0,$0,$0,$0,$0,$0,$0,$0,$0,$0,$0,$0,$0,$0,$0,$0,$0,$0,$0
17,2014-04-30,15.66,$0.00,3915.1,$2.21,7.07,0.0,0.0,$2.12,7.39,$0.01B,$0.01B,1.01,$0.00B,$0.00B,0.0,$0.02B,$0.02B,100.00%,$0.02B,$0.02B,100.00%,$0.02B,$0.02B,100.00%,$0.02B,$0.02B,100.00%,$0.02B,$0.02B,95.00%,$0.02B,$0.02B,95.00%,$0.02B,$0.00B,inf%,$0.02B,$0.00B,inf%,$0.02B,$0.01B,380.00%,$0.02B,$0.00B,inf%,$5,$0,$5,$0,$0,$0,$5,$-0,$5,$0,$5,$5,$5,$5,$5,$9,9,$0.56,$0.56,$5,$0,$0,$5,$0,$0,$0,$0,$0,$5,$5,$0,$0,$0,$5,$0,$0,$0,$0,$5,$0,$0,$0,$0,$0,$0,$0,$0,$0,$0,$0,$0,$0,$0,$0,$0,$0,$0,$0,$0,$0,$0,$0,$0,$0,$0,$0,$0,$0
18,2014-01-31,13.64,$0.00,2901.51,$2.29,5.96,0.0,0.0,$2.20,6.2,$0.01B,$0.01B,1.01,$0.00B,$0.00B,0.0,$0.02B,$0.02B,100.00%,$0.02B,$0.02B,100.00%,$0.02B,$0.02B,100.00%,$0.02B,$0.02B,100.00%,$0.02B,$0.02B,95.24%,$0.02B,$0.02B,95.24%,$0.02B,$0.00B,inf%,$0.02B,$0.00B,inf%,$0.02B,$0.01B,380.95%,$0.02B,$0.00B,inf%,$5,$0,$5,$0,$0,$0,$5,$-0,$5,$0,$5,$5,$5,$5,$5,$9,9,$0.54,$0.54,$5,$0,$0,$5,$0,$0,$0,$0,$0,$5,$5,$0,$0,$0,$5,$0,$0,$0,$0,$5,$0,$0,$0,$0,$0,$0,$0,$0,$0,$0,$0,$0,$0,$0,$0,$0,$0,$0,$0,$0,$0,$0,$0,$0,$0,$0,$0,$0,$0
19,2013-10-31,14.18,$0.01,2727.17,$2.34,6.05,0.0,0.0,$2.25,6.3,$0.01B,$0.01B,1.01,$0.00B,$0.00B,0.0,$0.02B,$0.02B,100.00%,$0.02B,$0.02B,100.00%,$0.02B,$0.02B,100.00%,$0.02B,$0.02B,100.00%,$0.02B,$0.02B,90.91%,$0.02B,$0.02B,90.91%,$0.02B,$0.00B,inf%,$0.02B,$0.00B,inf%,$0.02B,$0.01B,363.64%,$0.02B,$0.00B,inf%,$5,$0,$5,$0,$0,$0,$5,$-0,$5,$0,$5,$5,$5,$5,$5,$9,9,$0.52,$0.52,$5,$0,$0,$5,$0,$0,$0,$0,$0,$5,$5,$0,$0,$0,$5,$0,$0,$0,$0,$5,$0,$0,$0,$0,$0,$0,$0,$0,$0,$0,$0,$0,$0,$0,$0,$0,$0,$0,$0,$0,$0,$0,$0,$0,$0,$0,$0,$0,$0
20,2013-07-31,15.79,$0.01,2506.14,$2.33,6.79,0.0,0.0,$2.23,7.08,$0.01B,$0.01B,1.01,$0.00B,$0.00B,0.0,$0.02B,$0.02B,100.00%,$0.02B,$0.02B,100.00%,$0.02B,$0.02B,100.00%,$0.02B,$0.02B,100.00%,$0.02B,$0.02B,90.91%,$0.02B,$0.02B,90.91%,$0.02B,$0.00B,inf%,$0.02B,$0.00B,inf%,$0.02B,$0.01B,363.64%,$0.02B,$0.00B,inf%,$5,$0,$5,$0,$0,$0,$5,$-0,$4,$0,$4,$4,$4,$5,$5,$9,9,$0.49,$0.49,$5,$0,$0,$5,$0,$0,$0,$0,$0,$5,$5,$0,$0,$0,$5,$0,$0,$0,$0,$5,$0,$0,$0,$0,$0,$0,$0,$0,$0,$0,$0,$0,$0,$0,$0,$0,$0,$0,$0,$0,$0,$0,$0,$0,$0,$0,$0,$0,$0
21,2013-04-30,14.69,$0.01,1323.38,$2.45,5.99,0.0,0.0,$2.35,6.25,$0.01B,$0.01B,1.02,$0.00B,$0.00B,0.0,$0.02B,$0.02B,100.00%,$0.02B,$0.02B,100.00%,$0.02B,$0.02B,100.00%,$0.02B,$0.02B,100.00%,$0.02B,$0.02B,95.65%,$0.02B,$0.02B,95.65%,$0.02B,$0.00B,inf%,$0.02B,$0.00B,inf%,$0.02B,$0.01B,382.61%,$0.02B,$0.00B,inf%,$6,$0,$6,$0,$0,$0,$6,$-0,$6,$0,$6,$6,$6,$6,$6,$9,9,$0.64,$0.64,$6,$0,$0,$6,$0,$0,$0,$0,$0,$6,$6,$0,$0,$0,$6,$0,$0,$0,$0,$6,$0,$0,$0,$0,$0,$0,$0,$0,$0,$0,$0,$0,$0,$0,$0,$0,$0,$0,$0,$0,$0,$0,$0,$0,$0,$0,$0,$0,$0
22,2013-01-31,14.89,$0.02,966.71,$2.49,5.97,0.0,0.0,$2.39,6.23,$0.01B,$0.01B,1.03,$0.00B,$0.00B,0.0,$0.02B,$0.02B,100.00%,$0.02B,$0.02B,100.00%,$0.02B,$0.02B,100.00%,$0.02B,$0.02B,100.00%,$0.02B,$0.02B,95.65%,$0.02B,$0.02B,95.65%,$0.02B,$0.00B,inf%,$0.02B,$0.00B,inf%,$0.02B,$0.01B,382.61%,$0.02B,$0.00B,inf%,$6,$0,$6,$0,$0,$0,$6,$-0,$5,$0,$5,$5,$5,$6,$6,$9,9,$0.60,$0.60,$6,$0,$0,$6,$0,$0,$0,$0,$0,$6,$5,$0,$0,$0,$5,$0,$0,$0,$0,$6,$0,$0,$0,$0,$0,$0,$0,$0,$0,$0,$0,$0,$0,$0,$0,$0,$0,$0,$0,$0,$0,$0,$0,$0,$0,$0,$0,$0,$0
23,2012-10-31,16.08,$0.01,1624.23,$2.58,6.24,0.0,0.0,$2.46,6.54,$0.01B,$0.01B,1.02,$0.00B,$0.00B,0.0,$0.02B,$0.02B,100.00%,$0.02B,$0.02B,100.00%,$0.02B,$0.02B,100.00%,$0.02B,$0.02B,100.00%,$0.02B,$0.02B,95.83%,$0.02B,$0.02B,95.83%,$0.02B,$0.00B,inf%,$0.02B,$0.00B,inf%,$0.02B,$0.01B,400.00%,$0.02B,$0.00B,inf%,$5,$0,$5,$0,$0,$0,$5,$-0,$5,$0,$5,$5,$5,$5,$5,$9,9,$0.51,$0.51,$5,$0,$0,$5,$0,$0,$0,$0,$0,$5,$5,$0,$0,$0,$5,$0,$0,$0,$0,$5,$0,$0,$0,$0,$0,$0,$0,$0,$0,$0,$0,$0,$0,$0,$0,$0,$0,$0,$0,$0,$0,$0,$0,$0,$0,$0,$0,$0,$0
24,2012-07-31,17.37,$0.01,1623.25,$2.71,6.42,0.0,0.0,$2.59,6.71,$0.01B,$0.01B,1.02,$0.00B,$0.00B,0.0,$0.03B,$0.03B,100.00%,$0.03B,$0.03B,100.00%,$0.03B,$0.03B,100.00%,$0.03B,$0.03B,100.00%,$0.03B,$0.02B,92.00%,$0.03B,$0.02B,96.00%,$0.02B,$0.00B,inf%,$0.02B,$0.00B,inf%,$0.02B,$0.01B,400.00%,$0.03B,$0.00B,inf%,$6,$0,$6,$0,$0,$0,$6,$-0,$6,$0,$6,$6,$6,$6,$6,$9,9,$0.61,$0.61,$6,$0,$0,$6,$0,$0,$0,$0,$0,$6,$6,$0,$0,$0,$6,$0,$0,$0,$0,$6,$0,$0,$0,$0,$0,$0,$0,$0,$0,$0,$0,$0,$0,$0,$0,$0,$0,$0,$0,$0,$0,$0,$0,$0,$0,$0,$0,$0,$0
25,2012-04-30,18.11,$0.01,1437.5,$2.80,6.46,0.0,0.0,$2.69,6.73,$0.01B,$0.01B,1.02,$0.00B,$0.00B,0.0,$0.03B,$0.03B,100.00%,$0.03B,$0.03B,100.00%,$0.03B,$0.03B,100.00%,$0.03B,$0.03B,100.00%,$0.03B,$0.02B,92.31%,$0.03B,$0.03B,96.15%,$0.03B,$0.00B,inf%,$0.03B,$0.00B,inf%,$0.03B,$0.01B,400.00%,$0.03B,$0.00B,inf%,$6,$0,$6,$0,$0,$0,$6,$-0,$6,$0,$6,$6,$6,$6,$6,$9,9,$0.68,$0.68,$6,$0,$0,$6,$0,$0,$0,$0,$0,$6,$6,$0,$0,$0,$6,$0,$0,$0,$0,$6,$0,$0,$0,$0,$0,$0,$0,$0,$0,$0,$0,$0,$0,$0,$0,$0,$0,$0,$0,$0,$0,$0,$0,$0,$0,$0,$0,$0,$0
26,2012-01-31,17.3,$0.01,1544.21,$2.86,6.05,0.0,0.0,$2.74,6.31,$0.01B,$0.01B,1.02,$0.00B,$0.00B,0.0,$0.03B,$0.03B,100.00%,$0.03B,$0.03B,100.00%,$0.03B,$0.03B,100.00%,$0.03B,$0.03B,100.00%,$0.03B,$0.03B,92.59%,$0.03B,$0.03B,96.30%,$0.03B,$0.00B,inf%,$0.03B,$0.00B,inf%,$0.03B,$0.01B,400.00%,$0.03B,$0.00B,inf%,$7,$0,$7,$0,$0,$0,$7,$-0,$6,$0,$6,$6,$6,$7,$7,$9,9,$0.66,$0.66,$6,$0,$0,$6,$0,$0,$0,$0,$0,$6,$6,$0,$0,$0,$6,$0,$0,$0,$0,$6,$0,$0,$0,$0,$0,$0,$0,$0,$0,$0,$0,$0,$0,$0,$0,$0,$0,$0,$0,$0,$0,$0,$0,$0,$0,$0,$0,$0,$0
27,2011-10-31,17.42,$0.01,1777.38,$2.74,6.37,0.0,0.0,$2.63,6.62,$0.01B,$0.01B,1.02,$0.00B,$0.00B,0.0,$0.03B,$0.03B,100.00%,$0.03B,$0.03B,100.00%,$0.03B,$0.03B,100.00%,$0.03B,$0.03B,100.00%,$0.03B,$0.02B,96.00%,$0.03B,$0.03B,100.00%,$0.03B,$0.00B,inf%,$0.03B,$0.00B,inf%,$0.03B,$0.01B,400.00%,$0.03B,$0.00B,inf%,$6,$0,$6,$0,$0,$0,$6,$-1,$5,$0,$5,$5,$6,$6,$6,$9,9,$0.64,$0.64,$6,$0,$0,$6,$0,$0,$0,$0,$0,$6,$6,$0,$0,$0,$6,$0,$0,$0,$0,$6,$0,$0,$0,$0,$0,$0,$0,$0,$0,$0,$0,$0,$0,$0,$0,$0,$0,$0,$0,$0,$0,$0,$0,$0,$0,$0,$0,$0,$0
28,2011-07-31,16.62,$0.01,1445.33,$2.66,6.25,0.0,0.0,$2.55,6.52,$0.01B,$0.01B,1.02,$0.00B,$0.00B,0.0,$0.02B,$0.02B,100.00%,$0.02B,$0.02B,100.00%,$0.02B,$0.02B,100.00%,$0.02B,$0.02B,100.00%,$0.02B,$0.02B,100.00%,$0.02B,$0.02B,100.00%,$0.02B,$0.00B,inf%,$0.02B,$0.00B,inf%,$0.02B,$0.01B,400.00%,$0.02B,$0.00B,inf%,$7,$0,$7,$0,$0,$0,$7,$0,$7,$0,$7,$7,$7,$7,$7,$9,9,$0.71,$0.71,$7,$0,$0,$7,$0,$0,$0,$0,$0,$7,$7,$0,$0,$0,$7,$0,$0,$0,$0,$7,$0,$0,$0,$0,$0,$0,$0,$0,$0,$0,$0,$0,$0,$0,$0,$0,$0,$0,$0,$0,$0,$0,$0,$0,$0,$0,$0,$0,$0
29,2011-04-30,15.85,$0.01,2264.14,$2.41,6.57,0.0,0.0,$2.31,6.86,$0.01B,$0.01B,1.01,$0.00B,$0.00B,0.0,$0.02B,$0.02B,100.00%,$0.02B,$0.02B,100.00%,$0.02B,$0.02B,100.00%,$0.02B,$0.02B,100.00%,$0.02B,$0.02B,100.00%,$0.02B,$0.02B,100.00%,$0.02B,$0.00B,inf%,$0.02B,$0.00B,inf%,$0.02B,$0.01B,400.00%,$0.02B,$0.00B,inf%,$7,$0,$7,$0,$0,$0,$7,$0,$7,$0,$7,$7,$7,$7,$7,$9,9,$0.73,$0.73,$7,$0,$0,$7,$0,$0,$0,$0,$0,$7,$7,$0,$0,$0,$7,$0,$0,$0,$0,$7,$0,$0,$0,$0,$0,$0,$0,$0,$0,$0,$0,$0,$0,$0,$0,$0,$0,$0,$0,$0,$0,$0,$0,$0,$0,$0,$0,$0,$0
30,2011-01-31,14.93,$0.01,1449.23,$2.19,6.81,0.0,0.0,$2.08,7.18,$0.01B,$0.01B,1.02,$0.00B,$0.00B,0.0,$0.02B,$0.02B,100.00%,$0.02B,$0.02B,100.00%,$0.02B,$0.02B,100.00%,$0.02B,$0.02B,100.00%,$0.02B,$0.02B,100.00%,$0.02B,$0.02B,100.00%,$0.02B,$0.00B,inf%,$0.02B,$0.00B,inf%,$0.02B,$0.01B,400.00%,$0.02B,$0.00B,inf%,$5,$0,$5,$0,$0,$0,$5,$0,$5,$0,$5,$5,$5,$5,$5,$9,9,$0.55,$0.55,$5,$0,$0,$5,$0,$0,$0,$0,$0,$5,$5,$0,$0,$0,$5,$0,$0,$0,$0,$5,$0,$0,$0,$0,$0,$0,$0,$0,$0,$0,$0,$0,$0,$0,$0,$0,$0,$0,$0,$0,$0,$0,$0,$0,$0,$0,$0,$0,$0
31,2010-10-31,13.83,$0.01,1948.35,$2.14,6.47,0.0,0.0,$2.03,6.81,$0.01B,$0.01B,1.01,$0.00B,$0.00B,0.0,$0.02B,$0.02B,100.00%,$0.02B,$0.02B,100.00%,$0.02B,$0.02B,100.00%,$0.02B,$0.02B,100.00%,$0.02B,$0.02B,100.00%,$0.02B,$0.02B,100.00%,$0.02B,$0.00B,inf%,$0.02B,$0.00B,inf%,$0.02B,$0.01B,400.00%,$0.02B,$0.00B,inf%,$5,$0,$5,$0,$0,$0,$5,$-0,$5,$0,$5,$5,$5,$5,$5,$9,9,$0.57,$0.57,$5,$0,$0,$5,$0,$0,$0,$0,$0,$5,$5,$0,$0,$0,$5,$0,$0,$0,$0,$5,$0,$0,$0,$0,$0,$0,$0,$0,$0,$0,$0,$0,$0,$0,$0,$0,$0,$0,$0,$0,$0,$0,$0,$0,$0,$0,$0,$0,$0
32,2010-07-31,12.66,$0.00,2694.26,$1.95,6.48,0.0,0.0,$1.85,6.84,$0.00B,$0.00B,1.01,$0.00B,$0.00B,0.0,$0.02B,$0.02B,100.00%,$0.02B,$0.02B,100.00%,$0.02B,$0.02B,100.00%,$0.02B,$0.02B,100.00%,$0.02B,$0.02B,94.44%,$0.02B,$0.02B,94.44%,$0.02B,$0.00B,inf%,$0.02B,$0.00B,inf%,$0.02B,$0.00B,377.78%,$0.02B,$0.00B,inf%,$4,$0,$4,$0,$0,$0,$4,$-0,$4,$0,$4,$4,$4,$4,$4,$9,9,$0.47,$0.47,$4,$0,$0,$4,$0,$0,$0,$0,$0,$4,$4,$0,$0,$0,$4,$0,$0,$0,$0,$4,$0,$0,$0,$0,$0,$0,$0,$0,$0,$0,$0,$0,$0,$0,$0,$0,$0,$0,$0,$0,$0,$0,$0,$0,$0,$0,$0,$0,$0
33,2010-04-30,13.86,$0.01,2772.54,$2.06,6.73,0.0,0.0,$1.95,7.11,$0.01B,$0.01B,1.01,$0.00B,$0.00B,0.0,$0.02B,$0.02B,100.00%,$0.02B,$0.02B,100.00%,$0.02B,$0.02B,100.00%,$0.02B,$0.02B,100.00%,$0.02B,$0.02B,94.74%,$0.02B,$0.02B,94.74%,$0.02B,$0.00B,inf%,$0.02B,$0.00B,inf%,$0.02B,$0.01B,378.95%,$0.02B,$0.00B,inf%,$5,$0,$5,$0,$0,$0,$5,$-0,$5,$0,$5,$5,$5,$5,$5,$9,9,$0.50,$0.50,$5,$0,$0,$5,$0,$0,$0,$0,$0,$5,$5,$0,$0,$0,$5,$0,$0,$0,$0,$5,$0,$0,$0,$0,$0,$0,$0,$0,$0,$0,$0,$0,$0,$0,$0,$0,$0,$0,$0,$0,$0,$0,$0,$0,$0,$0,$0,$0,$0
34,2010-01-31,14.09,$0.01,1127.38,$2.55,5.53,0.0,0.0,$2.44,5.78,$0.01B,$0.01B,1.03,$0.00B,$0.00B,0.0,$0.02B,$0.02B,100.00%,$0.02B,$0.02B,100.00%,$0.02B,$0.02B,100.00%,$0.02B,$0.02B,100.00%,$0.02B,$0.02B,95.65%,$0.02B,$0.02B,95.65%,$0.02B,$0.00B,inf%,$0.02B,$0.00B,inf%,$0.02B,$0.01B,382.61%,$0.02B,$0.00B,inf%,$5,$0,$5,$0,$0,$0,$5,$-0,$5,$0,$5,$5,$5,$5,$5,$9,9,$0.50,$0.50,$5,$0,$0,$5,$0,$0,$0,$0,$0,$5,$5,$0,$0,$0,$5,$0,$0,$0,$0,$5,$0,$0,$0,$0,$0,$0,$0,$0,$0,$0,$0,$0,$0,$0,$0,$0,$0,$0,$0,$0,$0,$0,$0,$0,$0,$0,$0,$0,$0
35,2009-10-31,14.23,$0.01,1395.5,$3.13,4.55,0.0,0.0,$3.01,4.73,$0.00B,$0.00B,1.03,$0.00B,$0.00B,0.0,$0.03B,$0.03B,100.00%,$0.03B,$0.03B,100.00%,$0.03B,$0.03B,100.00%,$0.03B,$0.03B,100.00%,$0.03B,$0.03B,96.43%,$0.03B,$0.03B,96.43%,$0.03B,$0.00B,inf%,$0.03B,$0.00B,inf%,$0.03B,$0.00B,385.71%,$0.03B,$0.00B,inf%,$4,$0,$4,$0,$0,$0,$4,$-0,$3,$0,$3,$3,$3,$4,$4,$9,9,$0.38,$0.38,$4,$0,$0,$4,$0,$0,$0,$0,$0,$4,$3,$0,$0,$0,$3,$0,$0,$0,$0,$4,$0,$0,$0,$0,$0,$0,$0,$0,$0,$0,$0,$0,$0,$0,$0,$0,$0,$0,$0,$0,$0,$0,$0,$0,$0,$0,$0,$0,$0
36,2009-07-31,15.88,$0.01,1456.77,$3.77,4.21,0.0,0.0,$3.65,4.35,$0.01B,$0.01B,1.02,$0.00B,$0.00B,0.0,$0.03B,$0.03B,100.00%,$0.03B,$0.03B,100.00%,$0.03B,$0.03B,100.00%,$0.03B,$0.03B,100.00%,$0.03B,$0.03B,97.06%,$0.03B,$0.03B,97.06%,$0.03B,$0.00B,inf%,$0.03B,$0.00B,inf%,$0.03B,$0.01B,388.24%,$0.03B,$0.00B,inf%,$5,$0,$5,$0,$0,$0,$5,$-0,$5,$0,$5,$5,$5,$5,$5,$9,9,$0.57,$0.57,$5,$0,$0,$5,$0,$0,$0,$0,$0,$5,$5,$0,$0,$0,$5,$0,$0,$0,$0,$5,$0,$0,$0,$0,$0,$0,$0,$0,$0,$0,$0,$0,$0,$0,$0,$0,$0,$0,$0,$0,$0,$0,$0,$0,$0,$0,$0,$0,$0
37,2009-04-30,12.58,$0.02,619.64,$4.10,3.07,0.0,0.0,$3.98,3.16,$0.01B,$0.01B,1.02,$0.00B,$0.00B,0.0,$0.04B,$0.04B,100.00%,$0.04B,$0.04B,100.00%,$0.04B,$0.04B,100.00%,$0.04B,$0.04B,100.00%,$0.04B,$0.04B,97.30%,$0.04B,$0.04B,97.30%,$0.04B,$0.00B,inf%,$0.04B,$0.00B,inf%,$0.04B,$0.01B,389.19%,$0.04B,$0.00B,inf%,$9,$0,$9,$0,$0,$0,$9,$-0,$9,$0,$9,$9,$9,$9,$9,$9,9,$0.99,$0.99,$9,$0,$0,$9,$0,$0,$0,$0,$0,$9,$9,$0,$0,$0,$9,$0,$0,$0,$0,$9,$0,$0,$0,$0,$0,$0,$0,$0,$0,$0,$0,$0,$0,$0,$0,$0,$0,$0,$0,$0,$0,$0,$0,$0,$0,$0,$0,$0,$0
38,2009-01-31,11.17,$0.02,630.87,$4.09,2.73,0.0,0.0,$3.97,2.81,$0.01B,$0.01B,1.02,$0.00B,$0.00B,0.0,$0.04B,$0.04B,100.00%,$0.04B,$0.04B,100.00%,$0.04B,$0.04B,100.00%,$0.04B,$0.04B,100.00%,$0.04B,$0.04B,97.30%,$0.04B,$0.04B,97.30%,$0.04B,$0.00B,inf%,$0.04B,$0.00B,inf%,$0.04B,$0.01B,389.19%,$0.04B,$0.00B,inf%,$10,$0,$10,$0,$0,$0,$10,$-0,$10,$0,$10,$10,$10,$10,$10,$9,9,$1.07,$1.07,$10,$0,$0,$10,$0,$0,$0,$0,$0,$10,$10,$0,$0,$0,$10,$0,$0,$0,$0,$10,$0,$0,$0,$0,$0,$0,$0,$0,$0,$0,$0,$0,$0,$0,$0,$0,$0,$0,$0,$0,$0,$0,$0,$0,$0,$0,$0,$0,$0
39,2008-10-31,12.14,$0.01,1927.21,$3.77,3.22,0.0,0.0,$3.66,3.32,$0.01B,$0.01B,1.01,$0.00B,$0.00B,0.0,$0.03B,$0.03B,100.00%,$0.03B,$0.03B,100.00%,$0.03B,$0.03B,100.00%,$0.03B,$0.03B,100.00%,$0.03B,$0.03B,97.06%,$0.03B,$0.03B,97.06%,$0.03B,$0.00B,inf%,$0.03B,$0.00B,inf%,$0.03B,$0.01B,388.24%,$0.03B,$0.00B,inf%,$10,$0,$10,$0,$0,$0,$10,$-0,$9,$0,$9,$9,$9,$10,$10,$9,9,$1.02,$1.02,$10,$0,$0,$10,$0,$0,$0,$0,$0,$10,$9,$0,$0,$0,$9,$0,$0,$0,$0,$10,$0,$0,$0,$0,$0,$0,$0,$0,$0,$0,$0,$0,$0,$0,$0,$0,$0,$0,$0,$0,$0,$0,$0,$0,$0,$0,$0,$0,$0
40,2008-07-31,13.64,$0.01,1091.19,$3.38,4.03,0.0,0.0,$3.28,4.16,$0.01B,$0.01B,1.01,$0.00B,$0.00B,0.0,$0.03B,$0.03B,100.00%,$0.03B,$0.03B,100.00%,$0.03B,$0.03B,100.00%,$0.03B,$0.03B,100.00%,$0.03B,$0.03B,100.00%,$0.03B,$0.03B,100.00%,$0.03B,$0.00B,inf%,$0.03B,$0.00B,inf%,$0.03B,$0.01B,400.00%,$0.03B,$0.00B,inf%,$8,$0,$8,$0,$0,$0,$8,$-0,$8,$0,$8,$8,$8,$8,$8,$9,9,$0.90,$0.90,$8,$0,$0,$8,$0,$0,$0,$0,$0,$8,$8,$0,$0,$0,$8,$0,$0,$0,$0,$8,$0,$0,$0,$0,$0,$0,$0,$0,$0,$0,$0,$0,$0,$0,$0,$0,$0,$0,$0,$0,$0,$0,$0,$0,$0,$0,$0,$0,$0
41,2008-04-30,13.99,$0.01,1890.54,$3.05,4.59,0.0,0.0,$2.95,4.74,$0.01B,$0.01B,1.01,$0.00B,$0.00B,0.0,$0.03B,$0.03B,100.00%,$0.03B,$0.03B,100.00%,$0.03B,$0.03B,100.00%,$0.03B,$0.03B,100.00%,$0.03B,$0.03B,100.00%,$0.03B,$0.03B,100.00%,$0.03B,$0.00B,inf%,$0.03B,$0.00B,inf%,$0.03B,$0.01B,400.00%,$0.03B,$0.00B,inf%,$9,$0,$9,$0,$0,$0,$9,$-0,$9,$0,$9,$9,$9,$9,$9,$9,9,$0.98,$0.98,$9,$0,$0,$9,$0,$0,$0,$0,$0,$9,$9,$0,$0,$0,$9,$0,$0,$0,$0,$9,$0,$0,$0,$0,$0,$0,$0,$0,$0,$0,$0,$0,$0,$0,$0,$0,$0,$0,$0,$0,$0,$0,$0,$0,$0,$0,$0,$0,$0
42,2008-01-31,12.59,$0.00,5245.79,$2.85,4.41,0.0,0.0,$2.77,4.55,$0.01B,$0.01B,1.0,$0.00B,$0.00B,0.0,$0.03B,$0.03B,100.00%,$0.03B,$0.03B,100.00%,$0.03B,$0.03B,100.00%,$0.03B,$0.03B,100.00%,$0.03B,$0.03B,96.15%,$0.03B,$0.03B,96.15%,$0.03B,$0.00B,inf%,$0.03B,$0.00B,inf%,$0.03B,$0.01B,400.00%,$0.03B,$0.00B,inf%,$7,$0,$7,$0,$0,$0,$7,$-0,$7,$0,$7,$7,$7,$7,$7,$9,9,$0.76,$0.76,$7,$0,$0,$7,$0,$0,$0,$0,$0,$7,$7,$0,$0,$0,$7,$0,$0,$0,$0,$7,$0,$0,$0,$0,$0,$0,$0,$0,$0,$0,$0,$0,$0,$0,$0,$0,$0,$0,$0,$0,$0,$0,$0,$0,$0,$0,$0,$0,$0
43,2007-10-31,12.84,$0.00,3891.58,$2.99,4.29,0.0,0.0,$2.91,4.41,$0.01B,$0.01B,1.01,$0.00B,$0.00B,0.0,$0.03B,$0.03B,100.00%,$0.03B,$0.03B,100.00%,$0.03B,$0.03B,100.00%,$0.03B,$0.03B,100.00%,$0.03B,$0.03B,96.30%,$0.03B,$0.03B,96.30%,$0.03B,$0.00B,inf%,$0.03B,$0.00B,inf%,$0.03B,$0.01B,400.00%,$0.03B,$0.00B,inf%,$6,$0,$6,$0,$0,$0,$6,$-0,$6,$0,$6,$6,$6,$6,$6,$9,9,$0.64,$0.64,$6,$0,$0,$6,$0,$0,$0,$0,$0,$6,$6,$0,$0,$0,$6,$0,$0,$0,$0,$6,$0,$0,$0,$0,$0,$0,$0,$0,$0,$0,$0,$0,$0,$0,$0,$0,$0,$0,$0,$0,$0,$0,$0,$0,$0,$0,$0,$0,$0
44,2007-07-31,13.17,$0.00,3872.38,$3.12,4.21,0.0,0.0,$3.04,4.33,$0.01B,$0.01B,1.01,$0.00B,$0.00B,0.0,$0.03B,$0.03B,100.00%,$0.03B,$0.03B,100.00%,$0.03B,$0.03B,100.00%,$0.03B,$0.03B,100.00%,$0.03B,$0.03B,96.43%,$0.03B,$0.03B,96.43%,$0.03B,$0.00B,inf%,$0.03B,$0.00B,inf%,$0.03B,$0.01B,400.00%,$0.03B,$0.00B,inf%,$5,$0,$5,$0,$0,$0,$5,$-0,$5,$0,$5,$5,$5,$5,$5,$9,9,$0.57,$0.57,$5,$0,$0,$5,$0,$0,$0,$0,$0,$5,$5,$0,$0,$0,$5,$0,$0,$0,$0,$5,$0,$0,$0,$0,$0,$0,$0,$0,$0,$0,$0,$0,$0,$0,$0,$0,$0,$0,$0,$0,$0,$0,$0,$0,$0,$0,$0,$0,$0
45,2007-04-30,14.16,$0.01,1336.25,$3.33,4.25,0.0,0.0,$3.25,4.36,$0.01B,$0.01B,1.01,$0.00B,$0.00B,0.0,$0.03B,$0.03B,100.00%,$0.03B,$0.03B,100.00%,$0.03B,$0.03B,100.00%,$0.03B,$0.03B,100.00%,$0.03B,$0.03B,96.67%,$0.03B,$0.03B,96.67%,$0.03B,$0.00B,inf%,$0.03B,$0.00B,inf%,$0.03B,$0.01B,400.00%,$0.03B,$0.00B,inf%,$8,$0,$8,$0,$0,$0,$8,$-0,$7,$0,$7,$7,$7,$8,$8,$9,9,$0.80,$0.80,$7,$0,$0,$7,$0,$0,$0,$0,$0,$7,$7,$0,$0,$0,$7,$0,$0,$0,$0,$7,$0,$0,$0,$0,$0,$0,$0,$0,$0,$0,$0,$0,$0,$0,$0,$0,$0,$0,$0,$0,$0,$0,$0,$0,$0,$0,$0,$0,$0
46,2007-01-31,13.17,$0.01,1044.87,$3.41,3.86,0.0,0.0,$3.33,3.95,$0.01B,$0.01B,1.01,$0.00B,$0.00B,0.0,$0.03B,$0.03B,100.00%,$0.03B,$0.03B,100.00%,$0.03B,$0.03B,100.00%,$0.03B,$0.03B,100.00%,$0.03B,$0.03B,100.00%,$0.03B,$0.03B,100.00%,$0.03B,$0.00B,inf%,$0.03B,$0.00B,inf%,$0.03B,$0.01B,400.00%,$0.03B,$0.00B,inf%,$8,$0,$8,$0,$0,$0,$8,$-0,$8,$0,$8,$8,$8,$8,$8,$9,9,$0.90,$0.90,$8,$0,$0,$8,$0,$0,$0,$0,$0,$8,$8,$0,$0,$0,$8,$0,$0,$0,$0,$8,$0,$0,$0,$0,$0,$0,$0,$0,$0,$0,$0,$0,$0,$0,$0,$0,$0,$0,$0,$0,$0,$0,$0,$0,$0,$0,$0,$0,$0
47,2006-10-31,13.27,$0.00,3402.1,$3.38,3.92,0.0,0.0,$3.29,4.03,$0.01B,$0.01B,1.01,$0.00B,$0.00B,0.0,$0.03B,$0.03B,100.00%,$0.03B,$0.03B,100.00%,$0.03B,$0.03B,100.00%,$0.03B,$0.03B,100.00%,$0.03B,$0.03B,100.00%,$0.03B,$0.03B,100.00%,$0.03B,$0.00B,inf%,$0.03B,$0.00B,inf%,$0.03B,$0.01B,400.00%,$0.03B,$0.00B,inf%,$7,$0,$7,$0,$0,$0,$7,$-0,$7,$0,$7,$7,$7,$7,$7,$9,9,$0.76,$0.76,$7,$0,$0,$7,$0,$0,$0,$0,$0,$7,$7,$0,$0,$0,$7,$0,$0,$0,$0,$7,$0,$0,$0,$0,$0,$0,$0,$0,$0,$0,$0,$0,$0,$0,$0,$0,$0,$0,$0,$0,$0,$0,$0,$0,$0,$0,$0,$0,$0
