,Date,Stock Price,Book Value per Share,Price to Book Ratio,TTM Sales per Share,Price to Sales Ratio,TTM FCF per Share,Price to FCF Ratio,TTM Net EPS,PE Ratio,Current Assets,Current Liabilities,Current Ratio,Long Term Debt,Shareholder's Equity_x,Debt to Equity Ratio,TTM Revenue_x,TTM Gross Profit,Gross Margin,TTM Revenue_y,TTM Operating Income,Operating Margin,TTM Revenue_x,TTM EBIT,EBIT Margin,TTM Revenue_y,TTM EBITDA,EBITDA Margin,TTM Revenue_x,TTM Pre-Tax Income,Pre-Tax Margin,TTM Revenue_y,TTM Net Income_x,Net Margin,TTM Net Income_y,Shareholder's Equity_y,Return on Equity,TTM Net Income_x,Tangible Equity,Return on Tangible Equity,TTM Net Income_y,Total Assets,Return on Assets,TTM Net Income,LT Investments & Debt,Return on Investment,revenue,cost-goods-sold,gross-profit,research-development-expenses,selling-general-administrative-expenses,operating-expenses,operating-income,total-non-operating-income-expense,pre-tax-income,total-provision-income-taxes,income-after-taxes,income-from-continuous-operations,net-income,ebitda,ebit,basic-shares-outstanding,shares-outstanding,eps-basic-net-earnings-per-share,eps-earnings-per-share-diluted,cash-on-hand,inventory,other-current-assets,total-current-assets,net-property-plant-equipment,long-term-investments,goodwill-intangible-assets-total,other-long-term-assets,total-long-term-assets,total-assets,total-current-liabilities,long-term-debt,other-non-current-liabilities,total-long-term-liabilities,total-liabilities,common-stock-net,retained-earnings-accumulated-deficit,comprehensive-income,total-share-holder-equity,total-liabilities-share-holders-equity,net-income-loss,total-depreciation-amortization-cash-flow,other-non-cash-items,total-non-cash-items,change-in-accounts-receivable,change-in-inventories,change-in-accounts-payable,change-in-assets-liabilities,total-change-in-assets-liabilities,cash-flow-from-operating-activities,net-change-in-property-plant-equipment,net-change-in-intangible-assets,net-acquisitions-divestitures,net-change-in-short-term-investments,net-change-in-long-term-investments,net-change-in-investments-total,investing-activities-other,cash-flow-from-investing-activities,net-long-term-debt,net-current-debt,debt-issuance-retirement-net-total,net-common-equity-issued-repurchased,net-total-equity-issued-repurchased,total-common-preferred-stock-dividends-paid,financial-activities-other,cash-flow-from-financial-activities,net-cash-flow,stock-based-compensation,common-stock-dividends-paid
0,2018-09-30,27.8,$27.15,1.02,$20.10,1.38,$0.35,80.12,$1.30,21.38,$0.28B,$0.32B,0.87,$3.38B,$1.59B,2.12,$1.90B,$1.23B,64.42%,$1.90B,$0.35B,18.23%,$1.90B,$0.35B,18.23%,$1.90B,$0.65B,34.10%,$1.90B,$0.24B,12.66%,$1.90B,$-0.24B,-12.51%,$-0.24B,$2.91B,-8.89%,$-0.24B,$1.07B,-29.17%,$-0.24B,$6.72B,-3.59%,$0.35B,$6.28B,5.78%,$490,$167,$323,$0,$28,$395,$95,$-44,$51,$3,$48,$48,$-363,$173,$95,$104,104,$-3.49,$-3.49,$25,$25,$63,$277,$4485,$0,$1841,$119,$6444,$6721,$317,$3377,$97,$3497,$3814,$1652,$0,$-62,$2907,$6721,$204,$230,$-70,$160,$12,$2,$18,$-26,$1,$363,$-336,$0,$-38,$0,$-3,$-3,$60,$-317,$-230,$-25,$-255,$10,$566,$-297,$-60,$-45,$0,$9,$-237
1,2018-06-30,22.15,$30.21,0.73,$20.13,1.1,$1.08,20.5,$1.45,15.27,$0.22B,$0.31B,0.7,$3.38B,$1.70B,1.99,$1.85B,$1.21B,64.99%,$1.85B,$0.34B,18.55%,$1.85B,$0.34B,18.55%,$1.85B,$0.64B,34.41%,$1.85B,$0.23B,12.46%,$1.85B,$0.14B,7.50%,$0.14B,$2.83B,5.44%,$0.14B,$0.97B,20.40%,$0.14B,$6.65B,2.12%,$0.34B,$6.21B,5.88%,$486,$171,$315,$0,$28,$406,$80,$-48,$32,$3,$29,$29,$13,$158,$80,$93,93,$0.15,$0.15,$20,$28,$27,$217,$4460,$0,$1853,$117,$6430,$6647,$311,$3380,$105,$3508,$3820,$1741,$0,$-67,$2827,$6647,$156,$152,$-75,$77,$35,$-1,$5,$-32,$11,$244,$-246,$0,$-38,$0,$0,$0,$59,$-225,$-228,$28,$-200,$10,$381,$-205,$2,$-23,$-4,$4,$-172
2,2018-03-31,19.38,$26.74,0.72,$19.74,0.98,$2.24,8.66,$1.35,14.36,$0.23B,$0.65B,0.35,$3.31B,$1.74B,1.91,$1.80B,$1.18B,65.50%,$1.80B,$0.34B,18.69%,$1.80B,$0.34B,18.69%,$1.80B,$0.62B,34.55%,$1.80B,$0.23B,12.59%,$1.80B,$0.13B,7.27%,$0.13B,$2.49B,5.30%,$0.13B,$0.63B,22.10%,$0.13B,$6.59B,2.02%,$0.34B,$5.80B,5.92%,$476,$177,$299,$0,$20,$377,$98,$32,$130,$4,$126,$126,$110,$172,$98,$93,93,$1.15,$1.15,$15,$30,$26,$228,$4387,$0,$1866,$105,$6359,$6587,$653,$3306,$113,$3442,$4095,$1773,$0,$-64,$2492,$6587,$126,$73,$-76,$-2,$20,$-3,$-8,$2,$11,$123,$-138,$0,$0,$0,$0,$0,$66,$-71,$40,$35,$75,$0,$0,$-132,$-4,$-61,$-9,$2,$-115
3,2017-12-31,27.51,$26.62,1.03,$20.83,1.32,$2.91,9.47,$0.69,39.87,$0.25B,$0.65B,0.38,$3.26B,$1.72B,1.89,$1.81B,$1.16B,64.06%,$1.81B,$0.34B,18.52%,$1.81B,$0.34B,18.52%,$1.81B,$0.61B,33.46%,$1.81B,$0.16B,8.71%,$1.81B,$0.06B,3.36%,$0.06B,$2.48B,2.72%,$0.06B,$0.60B,9.76%,$0.06B,$6.54B,1.01%,$0.34B,$5.74B,6.25%,$451,$161,$289,$0,$29,$377,$74,$-46,$28,$3,$25,$25,$2,$146,$74,$89,89,$-0.05,$-0.05,$24,$27,$23,$250,$4301,$0,$1882,$102,$6285,$6535,$652,$3263,$118,$3404,$4055,$1771,$0,$-85,$2480,$6535,$148,$270,$13,$284,$0,$0,$0,$-26,$-26,$407,$-383,$0,$-1462,$0,$0,$0,$148,$-1696,$48,$-19,$29,$658,$1196,$-485,$536,$1276,$-12,$8,$-446
4,2017-09-30,36.03,$26.01,1.39,$21.79,1.65,$5.61,6.42,$0.38,94.82,$0.23B,$0.64B,0.37,$3.23B,$1.83B,1.77,$1.84B,$1.15B,62.83%,$1.84B,$0.35B,18.91%,$1.84B,$0.35B,18.91%,$1.84B,$0.60B,32.92%,$1.84B,$0.12B,6.65%,$1.84B,$0.04B,1.91%,$0.04B,$2.42B,1.73%,$0.04B,$0.53B,5.21%,$0.04B,$6.42B,0.62%,$0.35B,$5.65B,6.81%,$441,$138,$302,$0,$25,$349,$92,$-50,$41,$3,$39,$39,$14,$162,$92,$93,93,$0.15,$0.15,$34,$23,$25,$234,$4188,$0,$1893,$102,$6185,$6419,$641,$3233,$102,$3358,$3999,$1873,$0,$-83,$2420,$6419,$123,$198,$12,$211,$25,$15,$-53,$-2,$-21,$311,$-219,$0,$-1462,$0,$0,$0,$123,$-1557,$562,$14,$576,$657,$1029,$-358,$-5,$1242,$-2,$7,$-331
5,2017-06-30,40.35,$26.88,1.5,$22.71,1.78,$6.78,5.95,$0.72,56.04,$0.23B,$0.66B,0.35,$3.07B,$1.91B,1.61,$1.84B,$1.14B,61.96%,$1.84B,$0.34B,18.69%,$1.84B,$0.34B,18.69%,$1.84B,$0.59B,31.93%,$1.84B,$0.13B,7.30%,$1.84B,$0.06B,3.32%,$0.06B,$2.50B,3.41%,$0.06B,$0.62B,8.61%,$0.06B,$6.36B,1.15%,$0.34B,$5.58B,7.09%,$435,$144,$291,$0,$34,$362,$73,$-46,$28,$2,$26,$26,$5,$143,$73,$90,90,$0.05,$0.05,$29,$26,$28,$231,$4147,$0,$1881,$99,$6128,$6359,$655,$3074,$107,$3204,$3858,$1958,$0,$-89,$2501,$6359,$84,$128,$5,$133,$49,$13,$-58,$3,$-7,$209,$-107,$0,$-1477,$0,$0,$0,$117,$-1467,$458,$-9,$449,$657,$1029,$-227,$-1,$1250,$-7,$5,$-216
6,2017-03-31,43.91,$19.96,2.2,$23.51,1.87,$7.19,6.11,$1.19,36.9,$0.25B,$0.25B,1.0,$2.95B,$1.35B,2.18,$1.84B,$1.13B,61.26%,$1.84B,$0.36B,19.64%,$1.84B,$0.36B,19.64%,$1.84B,$0.59B,32.10%,$1.84B,$0.16B,8.87%,$1.84B,$0.10B,5.33%,$0.10B,$1.57B,6.38%,$0.10B,$0.75B,13.51%,$0.10B,$4.90B,1.96%,$0.36B,$4.52B,7.82%,$487,$208,$280,$0,$25,$390,$97,$-36,$61,$3,$58,$58,$40,$156,$97,$79,79,$0.49,$0.49,$27,$37,$22,$254,$3723,$0,$816,$100,$4642,$4895,$254,$2952,$96,$3071,$3325,$1410,$0,$-90,$1570,$4895,$58,$58,$3,$61,$4,$2,$-12,$-2,$-39,$84,$-44,$0,$0,$0,$0,$0,$103,$59,$-63,$18,$-45,$0,$0,$-105,$-2,$-152,$-9,$3,$-99
7,2016-12-31,41.23,$20.50,2.01,$22.52,1.83,$7.39,5.58,$1.27,32.46,$0.38B,$0.29B,1.3,$3.01B,$1.61B,1.87,$1.76B,$1.12B,63.92%,$1.76B,$0.36B,20.43%,$1.76B,$0.36B,20.43%,$1.76B,$0.58B,33.24%,$1.76B,$0.16B,9.22%,$1.76B,$0.11B,5.98%,$0.11B,$1.61B,6.85%,$0.11B,$0.79B,14.48%,$0.11B,$5.03B,2.08%,$0.36B,$4.63B,7.71%,$472,$192,$280,$0,$25,$386,$85,$-94,$-8,$3,$-11,$-11,$-24,$143,$85,$78,78,$-0.31,$-0.31,$36,$38,$133,$377,$3722,$0,$824,$105,$4653,$5031,$289,$3014,$93,$3130,$3419,$1674,$0,$-94,$1612,$5031,$150,$224,$66,$290,$0,$0,$0,$4,$4,$437,$-204,$0,$-96,$0,$0,$0,$-11,$-311,$-19,$-30,$-49,$28,$247,$-393,$-16,$-211,$-83,$8,$-393
8,2016-09-30,40.04,$18.73,2.14,$22.45,1.78,$7.20,5.56,$2.19,18.28,$0.25B,$0.21B,1.2,$3.15B,$1.47B,2.15,$1.75B,$1.14B,65.03%,$1.75B,$0.37B,21.26%,$1.75B,$0.37B,21.26%,$1.75B,$0.59B,33.94%,$1.75B,$0.23B,13.37%,$1.75B,$0.18B,10.17%,$0.18B,$1.47B,11.62%,$0.18B,$0.67B,24.44%,$0.18B,$4.99B,3.51%,$0.37B,$4.62B,7.96%,$441,$155,$286,$0,$27,$353,$88,$-35,$53,$2,$51,$51,$40,$144,$88,$78,78,$0.49,$0.49,$33,$35,$26,$254,$3673,$0,$798,$263,$4736,$4990,$211,$3153,$130,$3309,$3520,$1565,$0,$-129,$1470,$4990,$161,$167,$8,$174,$-15,$4,$8,$9,$-12,$315,$-145,$0,$0,$0,$0,$0,$-16,$-161,$113,$-77,$36,$28,$28,$-294,$-14,$-243,$-86,$5,$-294
9,2016-06-30,39.32,$19.13,2.06,$23.13,1.7,$7.00,5.62,$2.38,16.52,$0.31B,$0.19B,1.61,$3.21B,$1.49B,2.15,$1.80B,$1.15B,63.89%,$1.80B,$0.39B,21.35%,$1.80B,$0.39B,21.35%,$1.80B,$0.61B,33.61%,$1.80B,$0.25B,13.87%,$1.80B,$0.19B,10.65%,$0.19B,$1.49B,12.17%,$0.19B,$0.69B,24.98%,$0.19B,$5.06B,3.76%,$0.39B,$4.70B,8.16%,$438,$158,$280,$0,$23,$347,$91,$-34,$57,$4,$53,$53,$42,$147,$91,$78,78,$0.52,$0.52,$103,$39,$26,$313,$3674,$0,$802,$264,$4742,$5055,$194,$3206,$139,$3371,$3565,$1582,$0,$-127,$1490,$5055,$110,$111,$5,$116,$-1,$0,$-5,$5,$-15,$215,$-95,$0,$0,$0,$0,$0,$-13,$-108,$165,$-84,$81,$0,$0,$-196,$-12,$-127,$-16,$3,$-196
10,2016-03-31,31.2,$20.00,1.56,$24.84,1.26,$6.55,4.76,$2.40,13.0,$0.33B,$0.27B,1.22,$3.13B,$1.56B,2.01,$1.94B,$1.16B,59.97%,$1.94B,$0.39B,19.94%,$1.94B,$0.39B,19.94%,$1.94B,$0.61B,31.30%,$1.94B,$0.25B,12.91%,$1.94B,$0.19B,10.02%,$0.19B,$1.56B,11.87%,$0.19B,$0.75B,23.68%,$0.19B,$5.10B,3.78%,$0.39B,$4.68B,8.13%,$406,$129,$277,$0,$24,$311,$95,$-34,$60,$3,$57,$57,$47,$150,$95,$78,78,$0.57,$0.57,$131,$41,$26,$334,$3687,$0,$805,$270,$4762,$5096,$273,$3126,$114,$3265,$3538,$1626,$0,$-104,$1558,$5096,$57,$55,$2,$57,$12,$-2,$-3,$5,$-12,$102,$-46,$0,$0,$0,$0,$0,$-13,$-59,$74,$-3,$71,$0,$0,$-98,$-9,$-35,$12,$1,$-98
11,2015-12-31,29.96,$20.67,1.45,$26.76,1.12,$6.49,4.61,$3.30,9.08,$0.33B,$0.33B,1.01,$3.09B,$1.61B,1.92,$2.09B,$1.18B,56.40%,$2.09B,$0.39B,18.71%,$2.09B,$0.39B,18.71%,$2.09B,$0.61B,29.26%,$2.09B,$0.32B,15.35%,$2.09B,$0.26B,12.66%,$0.26B,$1.61B,15.75%,$0.26B,$0.80B,30.90%,$0.26B,$5.13B,5.15%,$0.39B,$4.70B,8.18%,$465,$170,$295,$0,$27,$367,$98,$-34,$64,$5,$59,$59,$49,$153,$98,$78,78,$0.61,$0.61,$119,$39,$31,$334,$3684,$0,$809,$297,$4792,$5126,$332,$3088,$71,$3183,$3516,$1662,$0,$-89,$1610,$5126,$307,$219,$-53,$166,$0,$0,$0,$51,$51,$525,$-308,$0,$-143,$0,$-4,$-4,$2,$-452,$360,$7,$367,$0,$0,$-392,$-4,$-29,$31,$0,$-392
12,2015-09-30,32.71,$21.23,1.54,$29.54,1.11,$6.11,5.35,$3.23,10.13,$0.34B,$0.26B,1.33,$3.14B,$1.65B,1.9,$2.30B,$1.17B,51.00%,$2.30B,$0.37B,16.20%,$2.30B,$0.37B,16.20%,$2.30B,$0.59B,25.59%,$2.30B,$0.31B,13.51%,$2.30B,$0.26B,11.21%,$0.26B,$1.65B,15.16%,$0.26B,$0.83B,28.22%,$0.26B,$5.14B,5.08%,$0.37B,$4.79B,7.91%,$494,$194,$300,$0,$24,$393,$101,$-32,$69,$4,$65,$65,$54,$156,$101,$78,78,$0.68,$0.68,$116,$54,$34,$338,$3656,$0,$820,$317,$4797,$5135,$255,$3140,$61,$3226,$3481,$1699,$0,$-83,$1654,$5135,$247,$164,$-55,$109,$76,$2,$-46,$6,$20,$376,$-224,$0,$-143,$0,$-4,$-4,$-8,$-377,$382,$-35,$347,$0,$0,$-294,$-13,$40,$29,$0,$-294
13,2015-06-30,42.41,$21.99,1.93,$33.40,1.27,$5.58,7.59,$3.19,13.29,$0.38B,$0.27B,1.38,$3.11B,$1.71B,1.82,$2.60B,$1.16B,44.54%,$2.60B,$0.37B,14.10%,$2.60B,$0.37B,14.10%,$2.60B,$0.58B,22.25%,$2.60B,$0.31B,11.72%,$2.60B,$0.26B,9.80%,$0.26B,$1.71B,14.73%,$0.26B,$0.89B,26.07%,$0.26B,$5.17B,5.09%,$0.37B,$4.83B,7.89%,$571,$282,$289,$0,$27,$478,$92,$-35,$57,$3,$54,$54,$44,$147,$92,$78,78,$0.54,$0.54,$112,$65,$34,$376,$3641,$0,$823,$330,$4797,$5173,$271,$3112,$51,$3189,$3460,$1732,$0,$-57,$1713,$5173,$182,$110,$-54,$56,$45,$-10,$-35,$6,$-9,$237,$-152,$0,$-143,$0,$-3,$-3,$-8,$-306,$339,$-31,$308,$0,$0,$-196,$-14,$98,$24,$0,$-196
14,2015-03-31,42.64,$22.16,1.92,$35.70,1.19,$5.73,7.45,$3.21,13.28,$0.34B,$0.26B,1.29,$3.02B,$1.73B,1.75,$2.78B,$1.15B,41.21%,$2.78B,$0.36B,13.09%,$2.78B,$0.36B,13.09%,$2.78B,$0.57B,20.57%,$2.78B,$0.31B,11.04%,$2.78B,$0.26B,9.21%,$0.26B,$1.73B,14.59%,$0.26B,$0.89B,24.68%,$0.26B,$5.08B,5.18%,$0.36B,$4.75B,7.93%,$555,$263,$292,$0,$25,$456,$99,$30,$130,$2,$127,$127,$117,$154,$99,$78,78,$1.47,$1.47,$78,$44,$25,$336,$3592,$0,$833,$318,$4748,$5084,$260,$3023,$50,$3098,$3358,$1774,$0,$-88,$1726,$5084,$128,$55,$-54,$0,$20,$12,$-22,$10,$-8,$123,$-72,$0,$-143,$0,$-2,$-2,$-13,$-230,$247,$-31,$216,$0,$0,$-98,$-14,$104,$-10,$0,$-98
15,2014-12-31,39.87,$22.03,1.81,$39.48,1.01,$5.19,7.69,$2.10,18.99,$0.39B,$0.37B,1.07,$2.78B,$1.72B,1.62,$3.08B,$1.11B,36.03%,$3.08B,$0.35B,11.25%,$3.08B,$0.35B,11.25%,$3.08B,$0.55B,17.82%,$3.08B,$0.22B,7.28%,$3.08B,$0.17B,5.46%,$0.17B,$1.72B,9.42%,$0.17B,$1.04B,15.22%,$0.17B,$4.92B,3.43%,$0.35B,$4.50B,7.60%,$682,$389,$293,$0,$27,$600,$81,$-26,$55,$0,$55,$55,$43,$132,$81,$78,78,$0.54,$0.54,$88,$56,$37,$389,$3461,$74,$676,$314,$4530,$4919,$365,$2783,$27,$2837,$3203,$1745,$0,$-68,$1716,$4919,$210,$201,$7,$207,$72,$82,$-154,$60,$82,$519,$-331,$0,$0,$0,$0,$0,$-9,$-340,$120,$77,$197,$0,$0,$-392,$7,$-188,$-13,$0,$-392
16,2014-09-30,44.71,$22.71,1.97,$40.81,1.1,$6.13,7.3,$-3.17,0.0,$0.41B,$0.30B,1.36,$2.76B,$1.77B,1.56,$3.18B,$1.08B,33.83%,$3.18B,$0.04B,1.16%,$3.18B,$0.04B,1.16%,$3.18B,$0.24B,7.49%,$3.18B,$-0.10B,-3.21%,$3.18B,$-0.25B,-7.90%,$-0.25B,$1.77B,-13.71%,$-0.25B,$1.09B,-21.88%,$-0.25B,$4.88B,-5.09%,$0.04B,$4.53B,0.81%,$794,$510,$285,$0,$25,$699,$95,$-32,$63,$4,$59,$59,$51,$146,$95,$78,78,$0.64,$0.64,$26,$118,$40,$408,$3391,$73,$679,$321,$4469,$4877,$299,$2762,$20,$2810,$3109,$1788,$0,$-60,$1769,$4877,$157,$150,$5,$155,$60,$20,$-135,$61,$1,$315,$-204,$0,$0,$0,$0,$0,$-3,$-207,$86,$21,$108,$0,$0,$-294,$3,$-184,$-75,$0,$-294
17,2014-06-30,41.32,$23.23,1.78,$40.60,1.02,$7.70,5.36,$-3.53,0.0,$0.47B,$0.27B,1.72,$2.77B,$1.81B,1.53,$3.16B,$1.04B,32.92%,$3.16B,$0.01B,0.35%,$3.16B,$0.01B,0.35%,$3.16B,$0.21B,6.64%,$3.16B,$-0.13B,-4.08%,$3.16B,$-0.28B,-8.82%,$-0.28B,$1.81B,-14.06%,$-0.28B,$1.13B,-23.02%,$-0.28B,$4.90B,-5.56%,$0.01B,$4.58B,0.24%,$750,$474,$276,$0,$23,$660,$89,$-30,$59,$2,$57,$57,$45,$140,$89,$78,78,$0.56,$0.56,$49,$113,$47,$468,$3345,$73,$682,$322,$4428,$4896,$272,$2767,$18,$2815,$3086,$1823,$0,$-56,$1809,$4896,$95,$99,$8,$107,$27,$25,$-116,$54,$-12,$200,$-104,$0,$0,$0,$0,$0,$-27,$-132,$73,$0,$73,$0,$0,$-196,$3,$-120,$-52,$0,$-196
18,2014-03-31,35.93,$23.67,1.52,$42.56,0.84,$8.85,4.06,$-3.81,0.0,$0.51B,$0.28B,1.81,$2.75B,$1.84B,1.49,$3.31B,$1.02B,30.72%,$3.31B,$-0.00B,-0.03%,$3.31B,$-0.00B,-0.03%,$3.31B,$0.20B,5.88%,$3.31B,$-0.15B,-4.47%,$3.31B,$-0.30B,-9.11%,$-0.30B,$1.84B,-14.10%,$-0.30B,$1.16B,-23.56%,$-0.30B,$4.92B,-5.86%,$-0.00B,$4.59B,-0.02%,$849,$595,$254,$0,$21,$768,$81,$-34,$47,$4,$43,$43,$29,$130,$81,$78,78,$0.36,$0.36,$43,$103,$57,$510,$3320,$70,$686,$325,$4405,$4915,$281,$2750,$12,$2790,$3071,$1865,$0,$-65,$1843,$4915,$40,$49,$12,$60,$-23,$35,$-93,$55,$-39,$63,$-54,$0,$0,$0,$0,$0,$-22,$-76,$56,$0,$56,$0,$0,$-98,$-1,$-43,$-58,$0,$-98
19,2013-12-31,32.66,$24.44,1.34,$44.47,0.73,$11.36,2.88,$-4.00,0.0,$0.63B,$0.39B,1.61,$2.70B,$1.90B,1.42,$3.46B,$1.01B,29.17%,$3.46B,$-0.02B,-0.55%,$3.46B,$-0.02B,-0.55%,$3.46B,$0.17B,4.91%,$3.46B,$-0.17B,-4.97%,$3.46B,$-0.32B,-9.15%,$-0.32B,$1.90B,-13.73%,$-0.32B,$1.22B,-23.31%,$-0.32B,$5.03B,-5.97%,$-0.02B,$4.60B,-0.40%,$785,$526,$260,$0,$25,$1014,$-228,$-43,$-271,$5,$-276,$-276,$-376,$-178,$-228,$78,78,$-4.73,$-4.73,$101,$138,$62,$634,$3311,$69,$689,$159,$4399,$5032,$393,$2697,$12,$2736,$3128,$1922,$0,$-63,$1904,$5032,$-285,$189,$440,$629,$107,$32,$-96,$92,$113,$485,$-224,$0,$0,$0,$0,$0,$-87,$-311,$-412,$0,$-412,$0,$0,$-392,$655,$-149,$17,$0,$-392
20,2013-09-30,25.05,$30.57,0.82,$47.03,0.53,$7.12,3.52,$0.46,54.45,$0.46B,$0.36B,1.29,$2.47B,$2.38B,1.04,$3.66B,$1.15B,31.45%,$3.66B,$0.42B,11.58%,$3.66B,$0.42B,11.58%,$3.66B,$0.60B,16.46%,$3.66B,$0.14B,3.85%,$3.66B,$0.05B,1.31%,$0.05B,$2.38B,1.94%,$0.05B,$1.35B,3.33%,$0.05B,$5.24B,0.88%,$0.42B,$4.85B,8.84%,$778,$527,$251,$0,$19,$709,$69,$-33,$36,$0,$36,$36,$23,$118,$69,$78,78,$0.28,$0.28,$25,$123,$44,$460,$3362,$71,$1033,$165,$4782,$5243,$357,$2469,$6,$2505,$2862,$2375,$0,$-58,$2381,$5243,$91,$139,$20,$159,$146,$47,$-176,$129,$117,$379,$-144,$0,$0,$0,$0,$0,$-53,$-198,$-598,$0,$-598,$0,$0,$-294,$657,$-235,$-59,$0,$-294
21,2013-06-30,27.81,$31.33,0.89,$59.06,0.47,$9.96,2.79,$0.09,309.01,$0.62B,$0.44B,1.41,$2.50B,$2.44B,1.02,$4.48B,$1.17B,26.01%,$4.48B,$0.41B,9.24%,$4.48B,$0.41B,9.24%,$4.48B,$0.58B,13.02%,$4.48B,$0.12B,2.68%,$4.48B,$0.02B,0.42%,$0.02B,$2.44B,0.74%,$0.02B,$1.41B,1.22%,$0.02B,$5.41B,0.35%,$0.41B,$4.94B,8.94%,$902,$649,$253,$0,$20,$825,$77,$-37,$40,$5,$35,$35,$22,$125,$77,$78,78,$0.28,$0.28,$42,$175,$47,$621,$3300,$77,$1034,$183,$4793,$5413,$441,$2496,$6,$2532,$2973,$2438,$0,$-64,$2440,$5413,$57,$90,$16,$106,$110,$-2,$-82,$60,$60,$232,$-47,$0,$0,$0,$0,$0,$-98,$-145,$-289,$0,$-289,$0,$0,$-196,$361,$-125,$-41,$0,$-196
22,2013-03-31,31.78,$32.22,0.99,$72.46,0.44,$5.49,5.78,$-3.75,0.0,$0.82B,$0.85B,0.97,$2.16B,$2.51B,0.86,$5.35B,$1.15B,21.55%,$5.35B,$0.13B,2.47%,$5.35B,$0.13B,2.47%,$5.35B,$0.30B,5.56%,$5.35B,$-0.15B,-2.77%,$5.35B,$-0.26B,-4.86%,$-0.26B,$2.51B,-10.21%,$-0.26B,$1.47B,-16.24%,$-0.26B,$5.55B,-4.68%,$0.13B,$4.66B,2.92%,$998,$752,$246,$0,$27,$935,$63,$-41,$23,$3,$20,$20,$14,$105,$63,$78,78,$0.17,$0.17,$117,$228,$49,$821,$3240,$88,$1040,$197,$4726,$5547,$846,$2155,$6,$2191,$3038,$2502,$0,$-61,$2509,$5547,$24,$42,$5,$47,$0,$0,$0,$74,$74,$144,$60,$0,$0,$0,$0,$0,$-63,$-3,$-384,$-1,$-385,$0,$0,$-98,$375,$-108,$33,$0,$-98
23,2012-12-31,24.76,$33.19,0.75,$84.18,0.29,$1.32,18.83,$-3.69,0.0,$0.94B,$0.85B,1.11,$2.14B,$2.59B,0.83,$6.08B,$1.15B,18.94%,$6.08B,$0.12B,1.92%,$6.08B,$0.12B,1.92%,$6.08B,$0.28B,4.64%,$6.08B,$-0.14B,-2.32%,$6.08B,$-0.25B,-4.08%,$-0.25B,$2.59B,-9.50%,$-0.25B,$1.54B,-14.56%,$-0.25B,$5.61B,-4.36%,$0.12B,$4.73B,2.61%,$985,$583,$402,$0,$153,$770,$215,$-37,$42,$4,$38,$14,$-11,$255,$215,$78,78,$-0.27,$-0.27,$84,$173,$184,$939,$3238,$103,$1043,$190,$4674,$5613,$846,$2143,$7,$2182,$3028,$2573,$0,$-59,$2585,$5613,$-227,$164,$287,$164,$160,$113,$-43,$-147,$90,$299,$-368,$0,$120,$0,$-3,$-3,$-96,$-346,$-99,$0,$-99,$344,$344,$-365,$232,$111,$66,$0,$-365
24,2012-09-30,28.94,$0.00,0.0,$100.63,0.29,$-1.44,0.0,$-3.12,0.0,$0.86B,$1.11B,0.78,$1.52B,$2.67B,0.57,$7.03B,$1.30B,18.49%,$7.03B,$0.26B,3.76%,$7.03B,$0.26B,3.76%,$7.03B,$0.42B,5.99%,$7.03B,$-0.15B,-2.14%,$7.03B,$-0.21B,-2.95%,$-0.21B,$2.67B,-7.72%,$-0.21B,$1.82B,-11.42%,$-0.21B,$5.36B,-3.59%,$0.26B,$4.19B,5.87%,$1594,$1329,$264,$0,$25,$1534,$59,$-45,$15,$1,$14,$14,$-6,$98,$59,$72,72,$-0.09,$-0.09,$107,$241,$63,$864,$4171,$116,$849,$377,$5516,$5364,$1110,$1519,$32,$1581,$2692,$2680,$0,$0,$2672,$5364,$-216,$124,$267,$391,$0,$0,$0,$109,$109,$272,$151,$0,$0,$0,$-2,$-2,$-171,$-22,$-482,$0,$-482,$344,$344,$-267,$242,$-163,$90,$0,$-267
25,2012-06-30,30.04,$0.00,0.0,$106.85,0.28,$-9.49,0.0,$-2.11,0.0,$1.50B,$1.12B,1.34,$2.11B,$2.42B,0.87,$7.26B,$1.32B,18.25%,$7.26B,$0.30B,4.11%,$7.26B,$0.30B,4.11%,$7.26B,$0.46B,6.31%,$7.26B,$-0.09B,-1.24%,$7.26B,$-0.13B,-1.81%,$-0.13B,$2.42B,-4.96%,$-0.13B,$1.57B,-7.42%,$-0.13B,$5.72B,-2.23%,$0.30B,$4.53B,6.45%,$1768,$1528,$240,$0,$23,$1973,$-205,$-23,$-228,$16,$-244,$-244,$-257,$-161,$-205,$71,71,$-3.56,$-3.56,$34,$254,$729,$1504,$4059,$68,$851,$215,$5193,$5718,$1123,$2107,$35,$2174,$3296,$2427,$0,$0,$2421,$5718,$-221,$86,$247,$332,$0,$0,$0,$-76,$-76,$32,$-180,$0,$0,$0,$-2,$-2,$0,$-182,$102,$0,$102,$0,$0,$-178,$241,$165,$17,$0,$-178
26,2012-03-31,32.28,$0.00,0.0,$106.46,0.3,$-9.79,0.0,$2.72,11.87,$1.37B,$1.49B,0.92,$1.69B,$2.76B,0.61,$7.08B,$1.40B,19.84%,$7.08B,$0.62B,8.76%,$7.08B,$0.62B,8.76%,$7.08B,$0.78B,10.99%,$7.08B,$0.24B,3.34%,$7.08B,$0.21B,2.94%,$0.21B,$2.76B,7.70%,$0.21B,$1.88B,11.46%,$0.21B,$6.08B,3.51%,$0.62B,$4.45B,13.19%,$1736,$1490,$246,$0,$153,$1687,$48,$-19,$30,$3,$26,$26,$26,$90,$48,$71,71,$0.23,$0.23,$38,$774,$61,$1368,$4526,$69,$886,$250,$5742,$6083,$1493,$1690,$100,$1827,$3319,$2756,$0,$0,$2764,$6083,$26,$42,$0,$42,$0,$0,$0,$0,$-76,$-10,$-100,$0,$0,$0,$0,$-0,$0,$-100,$0,$0,$248,$0,$0,$-89,$-29,$130,$20,$0,$0
27,2011-12-31,30.39,$40.48,0.75,$101.04,0.3,$-11.93,0.0,$2.79,10.89,$1.20B,$0.94B,1.27,$1.94B,$2.86B,0.68,$6.58B,$1.40B,21.29%,$6.58B,$0.63B,9.55%,$6.58B,$0.63B,9.55%,$6.58B,$0.78B,11.92%,$6.58B,$0.24B,3.62%,$6.58B,$0.21B,3.21%,$0.21B,$2.86B,7.87%,$0.21B,$1.98B,11.80%,$0.21B,$5.88B,3.62%,$0.63B,$4.81B,12.96%,$1927,$1378,$549,$0,$149,$1565,$362,$-12,$33,$5,$27,$30,$30,$394,$362,$66,66,$0.30,$0.30,$17,$588,$44,$1201,$4413,$67,$886,$288,$5663,$5881,$944,$1943,$95,$2073,$3017,$2817,$0,$-27,$2864,$5881,$222,$156,$7,$156,$-231,$-160,$141,$-3,$-265,$94,$-336,$0,$-99,$0,$-9,$-9,$0,$-443,$148,$0,$148,$324,$324,$-322,$37,$187,$-164,$0,$-322
28,2011-09-30,27.51,$0.00,0.0,$90.42,0.3,$-6.82,0.0,$3.14,8.76,$1.20B,$0.98B,1.22,$2.17B,$2.53B,0.86,$5.84B,$1.12B,19.14%,$5.84B,$0.34B,5.75%,$5.84B,$0.34B,5.75%,$5.84B,$0.49B,8.42%,$5.84B,$0.26B,4.43%,$5.84B,$0.23B,3.99%,$0.23B,$2.53B,8.82%,$0.23B,$1.64B,13.27%,$0.23B,$5.85B,4.09%,$0.34B,$4.70B,6.92%,$1824,$1536,$289,$0,$153,$1731,$93,$-18,$75,$4,$70,$70,$70,$135,$93,$65,65,$0.92,$0.92,$59,$604,$69,$1200,$4329,$67,$889,$297,$5592,$5848,$983,$2170,$134,$2340,$3323,$2554,$0,$0,$2525,$5848,$191,$124,$0,$124,$0,$0,$0,$0,$-216,$102,$-244,$0,$-101,$0,$0,$-8,$0,$-353,$0,$0,$359,$0,$2,$-241,$12,$132,$-122,$0,$0
29,2011-06-30,33.4,$0.00,0.0,$79.81,0.42,$-4.78,0.0,$3.12,10.7,$1.32B,$0.89B,1.49,$2.19B,$2.66B,0.82,$5.16B,$1.11B,21.45%,$5.16B,$0.33B,6.46%,$5.16B,$0.33B,6.46%,$5.16B,$0.45B,8.67%,$5.16B,$0.26B,4.97%,$5.16B,$0.23B,4.48%,$0.23B,$2.66B,8.61%,$0.23B,$1.76B,12.80%,$0.23B,$5.90B,4.17%,$0.33B,$4.85B,6.86%,$1589,$1269,$320,$0,$161,$1472,$117,$-20,$98,$5,$93,$82,$82,$159,$117,$65,65,$1.27,$1.27,$129,$668,$61,$1315,$4275,$67,$895,$247,$5494,$5897,$885,$2186,$130,$2352,$3238,$2561,$0,$0,$2659,$5897,$121,$82,$0,$82,$0,$0,$0,$0,$-202,$2,$-156,$0,$-100,$0,$0,$-6,$0,$-262,$0,$0,$360,$0,$0,$-159,$6,$207,$-52,$0,$0
30,2011-03-31,34.47,$0.00,0.0,$73.27,0.47,$-2.39,0.0,$3.28,10.51,$1.13B,$0.46B,2.45,$2.36B,$2.68B,0.88,$4.69B,$1.07B,22.76%,$4.69B,$0.32B,6.78%,$4.69B,$0.32B,6.78%,$4.69B,$0.39B,8.31%,$4.69B,$0.26B,5.50%,$4.69B,$0.25B,5.29%,$0.25B,$2.68B,9.21%,$0.25B,$1.78B,27.51%,$0.25B,$5.67B,6.11%,$0.32B,$5.04B,6.66%,$1235,$992,$242,$0,$146,$1179,$56,$-24,$32,$4,$29,$29,$29,$96,$56,$65,65,$0.30,$0.30,$70,$599,$65,$1131,$4134,$69,$904,$293,$5408,$5665,$461,$2361,$129,$2525,$2987,$2549,$0,$0,$2679,$5665,$29,$40,$0,$40,$0,$0,$0,$0,$-233,$-166,$-73,$0,$-53,$0,$0,$-1,$0,$-126,$0,$-32,$293,$0,$0,$-80,$-1,$181,$-111,$0,$0
31,2010-12-31,34.73,$41.83,0.83,$69.87,0.5,$1.00,34.79,$3.17,10.96,$0.94B,$0.39B,2.39,$2.15B,$2.70B,0.79,$4.40B,$1.05B,23.89%,$4.40B,$0.30B,6.86%,$4.40B,$0.30B,6.86%,$4.40B,$0.37B,8.45%,$4.40B,$0.25B,5.70%,$4.40B,$0.24B,5.43%,$0.24B,$2.70B,9.09%,$0.24B,$1.85B,28.03%,$0.24B,$5.39B,6.19%,$0.30B,$4.85B,6.57%,$1194,$928,$267,$0,$157,$1124,$70,$-16,$54,$3,$52,$52,$52,$102,$70,$65,65,$0.65,$0.65,$181,$414,$43,$940,$4021,$70,$856,$325,$5281,$5386,$393,$2146,$115,$2290,$2684,$2599,$0,$47,$2703,$5386,$239,$146,$-16,$146,$0,$0,$0,$-7,$-7,$363,$-267,$0,$-43,$0,$-3,$-3,$14,$-300,$-305,$-20,$-305,$245,$245,$-305,$441,$56,$119,$0,$-305
32,2010-09-30,30.33,$0.00,0.0,$68.47,0.44,$-0.45,0.0,$3.02,10.04,$0.93B,$0.38B,2.42,$1.99B,$2.69B,0.74,$4.19B,$1.02B,24.40%,$4.19B,$0.28B,6.66%,$4.19B,$0.28B,6.66%,$4.19B,$0.35B,8.28%,$4.19B,$0.23B,5.56%,$4.19B,$0.22B,5.34%,$0.22B,$2.69B,8.70%,$0.22B,$1.83B,28.02%,$0.22B,$5.19B,6.04%,$0.28B,$4.68B,6.24%,$1138,$861,$277,$0,$149,$1048,$90,$-18,$72,$4,$68,$68,$68,$90,$90,$65,65,$0.90,$0.90,$86,$502,$47,$932,$3943,$69,$859,$178,$5058,$5191,$384,$1990,$97,$2117,$2501,$2626,$0,$0,$2690,$5191,$187,$115,$0,$115,$0,$0,$0,$0,$-113,$181,$-191,$0,$-43,$0,$0,$-3,$15,$-222,$0,$-29,$75,$0,$245,$-226,$0,$66,$24,$0,$0
33,2010-06-30,27.71,$0.00,0.0,$73.82,0.38,$1.33,20.9,$3.15,8.8,$0.00B,$0.00B,0.0,$1.85B,$0.00B,0.0,$4.31B,$1.01B,23.39%,$4.31B,$0.28B,6.41%,$4.31B,$0.28B,6.41%,$4.31B,$0.38B,8.85%,$4.31B,$0.23B,5.32%,$4.31B,$0.22B,5.11%,$0.22B,$2.70B,8.95%,$0.22B,$-1.85B,32.23%,$0.22B,$0.00B,6.15%,$0.28B,$4.54B,6.37%,$1125,$843,$282,$0,$142,$1023,$102,$-2,$100,$1,$99,$99,$99,$102,$102,$62,62,$1.43,$1.43,$0,$0,$0,$0,$0,$0,$0,$0,$0,$0,$0,$1846,$0,$1846,$1846,$0,$0,$0,$2695,$4541,$0,$0,$0,$0,$0,$0,$0,$0,$0,$0,$0,$0,$0,$0,$0,$0,$0,$0,$0,$0,$0,$0,$0,$0,$0,$0,$0,$0,$0
34,2010-03-31,28.67,$0.00,0.0,$73.90,0.39,$-0.24,0.0,$3.10,9.25,$0.81B,$0.41B,1.97,$1.90B,$2.43B,0.78,$4.17B,$0.98B,23.54%,$4.17B,$0.26B,6.19%,$4.17B,$0.26B,6.19%,$4.17B,$0.40B,9.57%,$4.17B,$0.22B,5.16%,$4.17B,$0.21B,4.92%,$0.21B,$2.43B,8.78%,$0.21B,$1.58B,13.83%,$0.21B,$4.86B,4.28%,$0.26B,$4.33B,6.03%,$946,$719,$226,$0,$149,$906,$40,$-15,$25,$5,$20,$20,$20,$78,$40,$60,60,$0.19,$0.19,$20,$504,$45,$805,$3769,$69,$850,$79,$4782,$4858,$408,$1897,$95,$2020,$2428,$2371,$0,$0,$2430,$4858,$20,$38,$0,$38,$0,$0,$0,$0,$-18,$37,$-56,$0,$0,$0,$0,$-1,$0,$-57,$0,$-25,$76,$0,$0,$-73,$-0,$-22,$-42,$0,$0
35,2009-12-31,26.1,$41.27,0.63,$69.84,0.37,$-0.04,0.0,$3.49,7.48,$0.74B,$0.34B,2.17,$1.84B,$2.49B,0.74,$3.86B,$0.97B,25.21%,$3.86B,$0.27B,7.08%,$3.86B,$0.27B,7.08%,$3.86B,$0.41B,10.68%,$3.86B,$0.24B,6.12%,$3.86B,$0.22B,5.81%,$0.22B,$2.49B,9.86%,$0.22B,$1.63B,15.81%,$0.22B,$4.78B,4.76%,$0.27B,$4.32B,6.48%,$983,$745,$238,$0,$154,$936,$47,$-11,$36,$-2,$37,$37,$37,$77,$47,$58,58,$0.50,$0.50,$62,$388,$84,$735,$3722,$69,$852,$77,$4734,$4775,$339,$1837,$87,$1951,$2290,$2424,$0,$8,$2485,$4775,$225,$139,$-33,$139,$0,$0,$0,$-143,$-152,$181,$-179,$0,$0,$0,$-0,$-0,$11,$-168,$-31,$-2,$-31,$295,$295,$-264,$-1,$-3,$17,$0,$-264
36,2009-09-30,23.65,$0.00,0.0,$71.73,0.33,$6.06,3.9,$3.46,6.83,$0.68B,$0.41B,1.66,$1.92B,$2.22B,0.86,$3.91B,$0.94B,24.04%,$3.91B,$0.26B,6.53%,$3.91B,$0.26B,6.53%,$3.91B,$0.39B,10.06%,$3.91B,$0.23B,5.97%,$3.91B,$0.22B,5.63%,$0.22B,$2.22B,9.99%,$0.22B,$1.36B,16.35%,$0.22B,$4.67B,4.76%,$0.26B,$4.13B,6.14%,$1251,$990,$261,$0,$137,$1164,$87,$-19,$68,$3,$64,$64,$64,$124,$87,$54,54,$1.03,$1.03,$13,$399,$55,$682,$3632,$70,$854,$80,$4646,$4670,$411,$1915,$101,$2041,$2452,$2164,$0,$0,$2217,$4670,$188,$108,$0,$108,$0,$0,$0,$0,$-61,$206,$-119,$0,$0,$0,$0,$0,$40,$-78,$0,$-18,$49,$0,$0,$-198,$0,$-166,$-33,$0,$0
37,2009-06-30,24.18,$0.00,0.0,$82.27,0.29,$6.11,3.96,$5.03,4.81,$0.90B,$0.41B,2.17,$2.11B,$2.21B,0.96,$4.48B,$1.04B,23.13%,$4.48B,$0.34B,7.66%,$4.48B,$0.34B,7.66%,$4.48B,$0.48B,10.71%,$4.48B,$0.32B,7.12%,$4.48B,$0.31B,6.85%,$0.31B,$2.21B,13.86%,$0.31B,$1.35B,22.50%,$0.31B,$4.86B,6.55%,$0.34B,$4.32B,8.18%,$988,$732,$256,$0,$136,$904,$84,$2,$86,$2,$84,$84,$84,$120,$84,$54,54,$1.38,$1.38,$55,$483,$83,$899,$3573,$70,$856,$79,$4587,$4862,$414,$2110,$103,$2238,$2652,$2165,$0,$0,$2209,$4862,$123,$72,$0,$72,$0,$0,$0,$0,$-239,$-69,$-16,$0,$0,$0,$0,$0,$-13,$-30,$0,$-11,$247,$0,$0,$-132,$0,$105,$9,$0,$0
38,2009-03-31,20.23,$0.00,0.0,$89.46,0.23,$6.49,3.12,$3.80,5.32,$0.56B,$0.30B,1.88,$1.90B,$2.18B,0.88,$4.87B,$0.98B,20.16%,$4.87B,$0.30B,6.14%,$4.87B,$0.30B,6.14%,$4.87B,$0.44B,8.93%,$4.87B,$0.25B,5.15%,$4.87B,$0.24B,4.87%,$0.24B,$2.18B,10.73%,$0.24B,$1.32B,17.35%,$0.24B,$4.51B,5.02%,$0.30B,$4.08B,7.11%,$634,$417,$217,$0,$126,$579,$55,$-10,$46,$7,$39,$39,$39,$91,$55,$54,54,$0.58,$0.58,$13,$338,$52,$559,$3521,$70,$858,$85,$4543,$4505,$297,$1903,$103,$2033,$2331,$2148,$0,$0,$2175,$4505,$39,$36,$0,$36,$0,$0,$0,$0,$-54,$22,$-28,$0,$0,$0,$0,$0,$8,$-20,$0,$-11,$43,$0,$0,$-66,$0,$-33,$-33,$0,$0
39,2008-12-31,17.63,$40.52,0.43,$89.82,0.2,$5.72,3.08,$4.27,4.13,$0.49B,$0.25B,1.93,$1.88B,$2.21B,0.85,$4.83B,$0.97B,19.98%,$4.83B,$0.31B,6.40%,$4.83B,$0.31B,6.40%,$4.83B,$0.44B,9.09%,$4.83B,$0.27B,5.49%,$4.83B,$0.26B,5.30%,$0.26B,$2.21B,11.83%,$0.26B,$1.35B,19.28%,$0.26B,$4.46B,5.36%,$0.31B,$4.09B,7.38%,$1033,$828,$205,$0,$140,$1004,$29,$4,$33,$-0,$33,$33,$33,$58,$29,$54,54,$0.47,$0.47,$45,$221,$42,$486,$3508,$69,$858,$92,$4539,$4460,$252,$1879,$95,$2001,$2253,$2173,$0,$-14,$2207,$4460,$254,$129,$-32,$129,$0,$0,$0,$133,$133,$485,$-151,$0,$-810,$0,$0,$0,$5,$-957,$83,$11,$83,$241,$241,$-242,$347,$440,$-44,$0,$-242
40,2008-09-30,17.81,$0.00,0.0,$81.27,0.22,$-1.00,0.0,$4.27,4.17,$0.98B,$0.53B,1.83,$2.03B,$2.27B,0.89,$4.30B,$0.99B,23.13%,$4.30B,$0.37B,8.54%,$4.30B,$0.37B,8.54%,$4.30B,$0.50B,11.56%,$4.30B,$0.26B,6.12%,$4.30B,$0.25B,5.84%,$0.25B,$2.27B,11.89%,$0.25B,$1.44B,19.60%,$0.25B,$4.93B,5.45%,$0.37B,$4.29B,9.12%,$1825,$1467,$358,$0,$147,$1650,$175,$-21,$154,$3,$151,$151,$151,$211,$175,$54,54,$2.60,$2.60,$41,$548,$56,$980,$3510,$86,$827,$0,$4491,$4932,$534,$2026,$73,$2131,$2666,$2206,$0,$0,$2266,$4932,$221,$100,$0,$100,$0,$0,$0,$0,$-77,$231,$-142,$0,$-803,$0,$0,$0,$7,$-938,$0,$13,$583,$0,$236,$-171,$-0,$661,$-49,$0,$0
41,2008-06-30,19.45,$0.00,0.0,$56.18,0.35,$-3.16,0.0,$2.64,7.37,$1.04B,$0.53B,1.94,$2.17B,$2.19B,0.99,$2.87B,$0.83B,29.01%,$2.87B,$0.25B,8.72%,$2.87B,$0.25B,8.72%,$2.87B,$0.37B,13.01%,$2.87B,$0.16B,5.72%,$2.87B,$0.15B,5.26%,$0.15B,$2.19B,7.50%,$0.15B,$1.36B,12.79%,$0.15B,$5.00B,3.52%,$0.25B,$4.36B,6.58%,$1378,$1176,$202,$0,$126,$1337,$40,$-23,$18,$4,$14,$14,$14,$75,$40,$54,54,$0.15,$0.15,$61,$548,$69,$1035,$3493,$84,$829,$0,$4472,$4995,$534,$2166,$71,$2272,$2806,$2118,$0,$0,$2189,$4995,$70,$65,$0,$65,$0,$0,$0,$0,$-98,$28,$-93,$0,$-803,$0,$0,$0,$6,$-890,$0,$2,$706,$0,$236,$-116,$5,$833,$-29,$0,$0
42,2008-03-31,19.51,$0.00,0.0,$37.69,0.52,$-2.11,0.0,$3.23,6.04,$0.77B,$0.60B,1.3,$2.02B,$1.99B,1.01,$1.81B,$0.80B,44.28%,$1.81B,$0.25B,13.91%,$1.81B,$0.25B,13.91%,$1.81B,$0.37B,20.27%,$1.81B,$0.19B,10.33%,$1.81B,$0.18B,9.77%,$0.18B,$1.99B,9.17%,$0.18B,$1.16B,16.14%,$0.18B,$4.71B,4.51%,$0.25B,$4.01B,7.13%,$593,$393,$200,$0,$105,$528,$65,$-5,$60,$5,$56,$58,$58,$95,$65,$49,49,$1.05,$1.05,$75,$428,$68,$773,$3443,$82,$831,$0,$4420,$4714,$597,$2020,$70,$2124,$2721,$1927,$0,$0,$1992,$4714,$56,$30,$0,$30,$0,$0,$0,$0,$-83,$-3,$-40,$0,$-656,$0,$0,$0,$4,$-692,$0,$174,$563,$0,$0,$-55,$-0,$682,$-15,$0,$0
43,2007-12-31,21.09,$40.37,0.52,$32.03,0.66,$-0.09,0.0,$2.75,7.67,$0.35B,$0.24B,1.43,$1.45B,$2.00B,0.73,$1.52B,$0.77B,50.89%,$1.52B,$0.23B,15.31%,$1.52B,$0.23B,15.31%,$1.52B,$0.35B,22.77%,$1.52B,$0.16B,10.69%,$1.52B,$0.15B,9.90%,$0.15B,$2.00B,7.91%,$0.15B,$1.16B,14.14%,$0.15B,$3.78B,4.14%,$0.23B,$3.44B,6.94%,$502,$268,$234,$0,$118,$415,$87,$-17,$31,$2,$28,$28,$28,$116,$87,$48,48,$0.47,$0.47,$90,$89,$38,$347,$2944,$80,$833,$0,$3888,$3783,$242,$1446,$66,$1546,$1788,$1926,$0,$27,$1995,$3783,$150,$114,$-14,$114,$0,$0,$0,$-21,$-21,$223,$-251,$0,$0,$0,$-0,$-0,$13,$-238,$92,$-4,$92,$146,$143,$-197,$3,$37,$21,$0,$-197
44,2007-09-30,23.15,$0.00,0.0,$27.83,0.83,$3.21,7.21,$2.98,7.77,$0.27B,$0.16B,1.69,$1.51B,$1.87B,0.81,$1.30B,$0.82B,62.58%,$1.30B,$0.20B,15.26%,$1.30B,$0.20B,15.26%,$1.30B,$0.31B,23.70%,$1.30B,$0.17B,13.19%,$1.30B,$0.16B,12.19%,$0.16B,$1.87B,8.51%,$0.16B,$1.04B,15.40%,$0.16B,$3.65B,4.48%,$0.20B,$3.39B,6.04%,$395,$199,$196,$0,$108,$337,$58,$-3,$55,$4,$51,$51,$51,$87,$58,$47,47,$0.97,$0.97,$76,$33,$34,$268,$2866,$79,$836,$0,$3811,$3653,$158,$1513,$71,$1621,$1779,$1807,$0,$0,$1873,$3653,$122,$85,$0,$85,$0,$0,$0,$0,$-43,$147,$-170,$0,$0,$0,$0,$-0,$12,$-158,$0,$-0,$160,$0,$0,$-145,$-0,$15,$8,$0,$0
45,2007-06-30,26.28,$0.00,0.0,$25.71,1.02,$6.14,4.28,$2.80,9.39,$0.22B,$0.14B,1.51,$1.44B,$1.86B,0.77,$1.20B,$0.77B,64.08%,$1.20B,$0.20B,16.25%,$1.20B,$0.20B,16.25%,$1.20B,$0.30B,25.08%,$1.20B,$0.16B,13.17%,$1.20B,$0.15B,12.42%,$0.15B,$1.86B,7.96%,$0.15B,$1.03B,14.36%,$0.15B,$3.56B,4.30%,$0.20B,$3.31B,6.07%,$321,$148,$172,$0,$103,$279,$42,$-0,$41,$2,$40,$40,$40,$69,$42,$47,47,$0.74,$0.74,$64,$13,$32,$216,$2798,$77,$838,$0,$3746,$3561,$143,$1442,$78,$1556,$1699,$1806,$0,$0,$1862,$3561,$71,$55,$0,$55,$0,$0,$0,$0,$-11,$107,$-114,$0,$0,$0,$0,$-0,$2,$-112,$0,$-4,$94,$0,$0,$-95,$-0,$-6,$-5,$0,$0
46,2007-03-31,25.2,$0.00,0.0,$24.85,1.01,$7.65,3.29,$2.65,9.51,$0.21B,$0.16B,1.33,$1.39B,$1.86B,0.75,$1.16B,$0.68B,58.67%,$1.16B,$0.20B,17.26%,$1.16B,$0.20B,17.26%,$1.16B,$0.30B,26.23%,$1.16B,$0.15B,12.86%,$1.16B,$0.14B,12.17%,$0.14B,$1.86B,7.51%,$0.14B,$1.02B,13.48%,$0.14B,$3.51B,4.15%,$0.20B,$3.25B,6.35%,$297,$128,$169,$0,$96,$251,$45,$-11,$35,$4,$31,$31,$31,$73,$45,$47,47,$0.57,$0.57,$64,$7,$37,$205,$2725,$76,$842,$0,$3676,$3507,$155,$1386,$72,$1492,$1647,$1814,$0,$0,$1860,$3507,$31,$27,$0,$27,$0,$0,$0,$0,$5,$58,$-5,$0,$0,$0,$0,$-0,$-42,$-46,$0,$-2,$33,$0,$0,$-48,$0,$-17,$-5,$0,$0
47,2006-12-31,20.8,$40.07,0.52,$24.36,0.85,$7.40,2.81,$2.83,7.35,$0.21B,$0.16B,1.36,$1.35B,$1.88B,0.72,$1.14B,$0.67B,59.07%,$1.14B,$0.21B,18.57%,$1.14B,$0.21B,18.57%,$1.14B,$0.31B,27.38%,$1.14B,$0.16B,13.73%,$1.14B,$0.15B,13.12%,$0.15B,$1.88B,7.89%,$0.15B,$1.05B,14.08%,$0.15B,$3.48B,4.45%,$0.21B,$3.23B,6.79%,$291,$12,$279,$0,$199,$237,$54,$-12,$41,$4,$37,$37,$37,$80,$54,$47,47,$0.70,$0.70,$69,$17,$21,$213,$2694,$74,$828,$0,$3619,$3483,$157,$1354,$75,$1450,$1607,$1830,$0,$7,$1876,$3483,$150,$100,$-1,$100,$0,$0,$0,$11,$11,$251,$-124,$0,$-154,$0,$-11,$-11,$76,$-213,$186,$-6,$186,$1,$0,$-183,$0,$-4,$33,$0,$-183
