,Date,Stock Price,Book Value per Share,Price to Book Ratio,TTM Sales per Share,Price to Sales Ratio,TTM FCF per Share,Price to FCF Ratio,TTM Net EPS,PE Ratio,Current Assets,Current Liabilities,Current Ratio,Long Term Debt,Shareholder's Equity_x,Debt to Equity Ratio,TTM Revenue_x,TTM Gross Profit,Gross Margin,TTM Revenue_y,TTM Operating Income,Operating Margin,TTM Revenue_x,TTM EBIT,EBIT Margin,TTM Revenue_y,TTM EBITDA,EBITDA Margin,TTM Revenue_x,TTM Pre-Tax Income,Pre-Tax Margin,TTM Revenue_y,TTM Net Income_x,Net Margin,TTM Net Income_y,Shareholder's Equity_y,Return on Equity,TTM Net Income_x,Tangible Equity,Return on Tangible Equity,TTM Net Income_y,Total Assets,Return on Assets,TTM Net Income,LT Investments & Debt,Return on Investment,revenue,cost-goods-sold,gross-profit,research-development-expenses,selling-general-administrative-expenses,operating-expenses,operating-income,total-non-operating-income-expense,pre-tax-income,total-provision-income-taxes,income-after-taxes,income-from-continuous-operations,net-income,ebitda,ebit,basic-shares-outstanding,shares-outstanding,eps-basic-net-earnings-per-share,eps-earnings-per-share-diluted,cash-on-hand,inventory,other-current-assets,total-current-assets,net-property-plant-equipment,long-term-investments,goodwill-intangible-assets-total,other-long-term-assets,total-long-term-assets,total-assets,total-current-liabilities,long-term-debt,other-non-current-liabilities,total-long-term-liabilities,total-liabilities,common-stock-net,retained-earnings-accumulated-deficit,comprehensive-income,total-share-holder-equity,total-liabilities-share-holders-equity,net-income-loss,total-depreciation-amortization-cash-flow,other-non-cash-items,total-non-cash-items,change-in-accounts-receivable,change-in-inventories,change-in-accounts-payable,change-in-assets-liabilities,total-change-in-assets-liabilities,cash-flow-from-operating-activities,net-change-in-property-plant-equipment,net-change-in-intangible-assets,net-acquisitions-divestitures,net-change-in-short-term-investments,net-change-in-long-term-investments,net-change-in-investments-total,investing-activities-other,cash-flow-from-investing-activities,net-long-term-debt,net-current-debt,debt-issuance-retirement-net-total,net-common-equity-issued-repurchased,net-total-equity-issued-repurchased,total-common-preferred-stock-dividends-paid,financial-activities-other,cash-flow-from-financial-activities,net-cash-flow,stock-based-compensation,common-stock-dividends-paid
0,2018-09-30,117.95,$3.63,32.46,$88.81,1.33,$5.81,20.29,$2.98,39.58,$0.85B,$0.70B,1.21,$0.10B,$0.15B,0.69,$3.69B,$0.66B,18.01%,$3.69B,$0.17B,4.64%,$3.69B,$0.17B,4.64%,$3.69B,$0.19B,5.21%,$3.69B,$0.17B,4.67%,$3.69B,$0.12B,3.36%,$0.12B,$0.15B,112.98%,$0.12B,$0.14B,127.84%,$0.12B,$1.14B,11.42%,$0.17B,$0.26B,79.91%,$925,$759,$166,$0,$112,$877,$48,$1,$49,$13,$36,$36,$36,$54,$48,$41,42,$0.86,$0.86,$408,$0,$24,$846,$101,$0,$13,$172,$291,$1137,$697,$104,$183,$287,$985,$1,$382,$0,$152,$1137,$111,$16,$14,$30,$-66,$0,$-1,$-2,$-71,$70,$-22,$0,$0,$-36,$0,$-36,$0,$-57,$0,$0,$0,$-16,$-16,$-25,$2,$-40,$-27,$15,$-25
1,2018-06-30,95.25,$2.81,33.88,$85.84,1.11,$5.65,16.85,$2.58,36.99,$0.75B,$0.66B,1.15,$0.10B,$0.12B,0.89,$3.56B,$0.64B,17.93%,$3.56B,$0.15B,4.30%,$3.56B,$0.15B,4.30%,$3.56B,$0.17B,4.83%,$3.56B,$0.15B,4.30%,$3.56B,$0.11B,3.01%,$0.11B,$0.12B,110.03%,$0.11B,$0.11B,126.63%,$0.11B,$1.05B,10.31%,$0.15B,$0.22B,75.93%,$922,$768,$155,$0,$115,$889,$34,$1,$34,$10,$25,$25,$24,$39,$34,$41,42,$0.59,$0.58,$358,$0,$23,$750,$99,$0,$13,$185,$301,$1051,$655,$104,$174,$278,$933,$1,$354,$0,$118,$1051,$75,$11,$9,$19,$-18,$0,$-2,$-4,$-77,$17,$-14,$0,$0,$-5,$0,$-5,$0,$-19,$0,$0,$0,$-16,$-16,$-17,$1,$-32,$-34,$9,$-17
2,2018-03-31,69.41,$2.45,28.35,$82.81,0.84,$5.70,12.18,$2.33,29.85,$0.80B,$0.71B,1.13,$0.10B,$0.10B,1.02,$3.43B,$0.61B,17.89%,$3.43B,$0.14B,4.14%,$3.43B,$0.14B,4.14%,$3.43B,$0.16B,4.66%,$3.43B,$0.14B,4.14%,$3.43B,$0.10B,2.83%,$0.10B,$0.10B,109.30%,$0.10B,$0.09B,127.63%,$0.10B,$1.09B,9.73%,$0.14B,$0.21B,73.58%,$1014,$815,$200,$0,$130,$950,$65,$0,$65,$15,$50,$50,$49,$70,$65,$41,42,$1.20,$1.18,$398,$0,$28,$801,$97,$0,$13,$181,$290,$1091,$710,$104,$172,$279,$989,$1,$338,$0,$103,$1091,$50,$5,$10,$15,$-3,$0,$-1,$-35,$-42,$24,$-7,$0,$0,$0,$0,$0,$0,$-7,$0,$0,$0,$-9,$-9,$-8,$0,$-17,$0,$3,$-8
3,2017-12-31,57.07,$1.60,35.69,$79.85,0.71,$6.07,9.41,$1.99,28.68,$0.78B,$0.73B,1.07,$0.10B,$0.07B,1.57,$3.30B,$0.57B,17.36%,$3.30B,$0.13B,3.94%,$3.30B,$0.13B,3.94%,$3.30B,$0.15B,4.48%,$3.30B,$0.13B,3.94%,$3.30B,$0.08B,2.51%,$0.08B,$0.07B,98.22%,$0.08B,$0.05B,115.68%,$0.08B,$1.06B,8.68%,$0.13B,$0.17B,68.78%,$826,$684,$143,$0,$114,$803,$24,$0,$24,$9,$16,$16,$15,$29,$24,$41,41,$0.38,$0.37,$397,$0,$27,$779,$96,$0,$13,$172,$285,$1064,$726,$104,$166,$271,$997,$1,$297,$0,$66,$1064,$84,$18,$34,$52,$-64,$0,$2,$-14,$68,$204,$-33,$0,$0,$-0,$0,$-0,$0,$-33,$0,$0,$0,$-39,$-39,$-66,$2,$-103,$68,$24,$-66
4,2017-09-30,42.92,$2.45,17.55,$77.28,0.56,$4.28,10.03,$1.86,23.14,$0.67B,$0.58B,1.16,$0.10B,$0.10B,1.02,$3.20B,$0.54B,16.89%,$3.20B,$0.12B,3.75%,$3.20B,$0.12B,3.75%,$3.20B,$0.14B,4.31%,$3.20B,$0.12B,3.75%,$3.20B,$0.08B,2.40%,$0.08B,$0.10B,92.49%,$0.08B,$0.09B,110.00%,$0.08B,$0.95B,8.39%,$0.12B,$0.21B,64.00%,$796,$656,$140,$0,$105,$766,$30,$0,$30,$11,$19,$19,$19,$34,$30,$41,41,$0.46,$0.46,$330,$0,$19,$671,$94,$0,$13,$162,$276,$947,$579,$104,$162,$266,$845,$0,$329,$0,$102,$947,$69,$13,$22,$36,$-32,$0,$-1,$-7,$-36,$68,$-27,$0,$0,$-0,$0,$-0,$0,$-27,$0,$0,$0,$-27,$-27,$-18,$1,$-44,$-2,$16,$-18
5,2017-06-30,34.5,$2.01,17.18,$74.84,0.46,$3.59,9.62,$1.73,19.94,$0.60B,$0.54B,1.1,$0.10B,$0.08B,1.25,$3.11B,$0.52B,16.68%,$3.11B,$0.11B,3.63%,$3.11B,$0.11B,3.63%,$3.11B,$0.13B,4.21%,$3.11B,$0.11B,3.60%,$3.11B,$0.07B,2.31%,$0.07B,$0.08B,95.68%,$0.07B,$0.07B,116.60%,$0.07B,$0.89B,8.19%,$0.11B,$0.19B,62.95%,$796,$665,$131,$0,$103,$773,$23,$-0,$23,$9,$14,$14,$14,$27,$23,$41,41,$0.33,$0.33,$286,$0,$18,$599,$93,$0,$13,$176,$287,$886,$543,$104,$154,$259,$802,$0,$316,$0,$84,$886,$50,$9,$18,$27,$9,$0,$-1,$-13,$-51,$26,$-21,$0,$0,$-0,$0,$-0,$0,$-21,$0,$0,$0,$-26,$-26,$-12,$1,$-36,$-31,$10,$-12
6,2017-03-31,42.92,$2.05,20.94,$72.59,0.59,$4.61,9.31,$1.63,26.41,$0.65B,$0.59B,1.1,$0.10B,$0.09B,1.21,$3.02B,$0.50B,16.58%,$3.02B,$0.11B,3.51%,$3.02B,$0.11B,3.51%,$3.02B,$0.12B,4.10%,$3.02B,$0.11B,3.47%,$3.02B,$0.07B,2.22%,$0.07B,$0.09B,95.04%,$0.07B,$0.07B,117.54%,$0.07B,$0.93B,7.71%,$0.11B,$0.19B,60.66%,$883,$723,$159,$0,$102,$829,$53,$-0,$53,$18,$36,$36,$35,$58,$53,$41,41,$0.85,$0.85,$348,$0,$23,$650,$88,$0,$13,$167,$278,$929,$591,$104,$147,$251,$842,$0,$309,$0,$86,$929,$36,$4,$8,$13,$6,$0,$0,$-11,$-5,$43,$-12,$0,$0,$-0,$0,$-0,$0,$-12,$0,$0,$0,$-9,$-9,$-5,$0,$-14,$18,$5,$-5
7,2016-12-31,34.25,$1.44,23.8,$70.36,0.49,$5.99,5.72,$1.55,22.17,$0.64B,$0.60B,1.07,$0.10B,$0.06B,1.73,$2.94B,$0.49B,16.73%,$2.94B,$0.11B,3.60%,$2.94B,$0.11B,3.60%,$2.94B,$0.12B,4.18%,$2.94B,$0.11B,3.57%,$2.94B,$0.06B,2.18%,$0.06B,$0.06B,101.99%,$0.06B,$0.05B,129.95%,$0.06B,$0.91B,7.47%,$0.11B,$0.17B,63.47%,$729,$619,$111,$0,$92,$715,$14,$-0,$14,$5,$10,$10,$9,$19,$14,$42,42,$0.23,$0.22,$331,$0,$20,$640,$80,$0,$13,$159,$267,$907,$601,$104,$141,$246,$847,$1,$278,$-0,$61,$907,$66,$17,$20,$36,$-70,$0,$-1,$-24,$30,$133,$-34,$0,$0,$8,$0,$8,$0,$-26,$104,$0,$104,$-175,$-175,$-21,$1,$-90,$16,$17,$-21
8,2016-09-30,34.95,$1.64,21.37,$66.27,0.53,$4.85,7.2,$1.45,24.1,$0.55B,$0.49B,1.13,$0.10B,$0.07B,1.5,$2.86B,$0.48B,16.70%,$2.86B,$0.10B,3.56%,$2.86B,$0.10B,3.56%,$2.86B,$0.12B,4.12%,$2.86B,$0.10B,3.53%,$2.86B,$0.06B,2.13%,$0.06B,$0.07B,67.40%,$0.06B,$0.06B,78.96%,$0.06B,$0.80B,7.38%,$0.10B,$0.17B,60.44%,$703,$585,$118,$0,$91,$680,$23,$-0,$22,$8,$14,$14,$14,$27,$23,$42,42,$0.33,$0.33,$267,$0,$18,$549,$73,$0,$13,$151,$246,$795,$485,$104,$136,$240,$725,$0,$274,$0,$70,$795,$56,$12,$20,$32,$-41,$0,$-1,$-16,$-54,$35,$-21,$0,$0,$8,$0,$8,$0,$-13,$104,$0,$104,$-158,$-158,$-15,$1,$-67,$-46,$13,$-15
9,2016-06-30,37.02,$1.52,24.42,$62.45,0.59,$4.04,9.17,$1.36,27.22,$0.61B,$0.54B,1.13,$0.10B,$0.07B,1.61,$2.79B,$0.47B,16.77%,$2.79B,$0.10B,3.55%,$2.79B,$0.10B,3.55%,$2.79B,$0.12B,4.17%,$2.79B,$0.10B,3.55%,$2.79B,$0.06B,2.12%,$0.06B,$0.07B,50.43%,$0.06B,$0.05B,56.87%,$0.06B,$0.85B,7.17%,$0.10B,$0.17B,58.49%,$707,$594,$113,$0,$93,$691,$16,$-0,$16,$6,$10,$10,$9,$20,$16,$42,42,$0.23,$0.23,$315,$0,$19,$611,$68,$0,$13,$146,$235,$846,$542,$104,$136,$240,$782,$0,$265,$0,$65,$846,$42,$8,$18,$26,$-44,$0,$-2,$-20,$-8,$61,$-13,$0,$0,$8,$0,$8,$0,$-5,$104,$0,$104,$-149,$-149,$-10,$1,$-54,$2,$8,$-10
10,2016-03-31,24.71,$1.29,19.1,$58.19,0.42,$1.33,18.63,$1.28,19.31,$0.64B,$0.59B,1.08,$0.10B,$0.06B,1.89,$2.71B,$0.46B,16.93%,$2.71B,$0.10B,3.51%,$2.71B,$0.10B,3.51%,$2.71B,$0.11B,4.18%,$2.71B,$0.10B,3.51%,$2.71B,$0.06B,2.11%,$0.06B,$0.06B,38.38%,$0.06B,$0.04B,42.22%,$0.06B,$0.88B,7.13%,$0.10B,$0.16B,54.36%,$802,$652,$150,$0,$93,$749,$53,$-0,$53,$20,$33,$33,$32,$57,$53,$42,42,$0.77,$0.77,$361,$0,$28,$636,$64,$0,$13,$154,$244,$881,$590,$104,$130,$235,$825,$0,$261,$0,$55,$881,$33,$4,$9,$13,$-35,$0,$-0,$-22,$50,$95,$-5,$0,$0,$8,$0,$8,$0,$3,$104,$0,$104,$-149,$-149,$-5,$0,$-49,$49,$4,$-5
11,2015-12-31,22.9,$3.55,6.44,$53.21,0.43,$-1.64,0.0,$0.79,29.18,$0.54B,$0.49B,1.11,$0.00B,$0.17B,0.0,$2.60B,$0.44B,16.83%,$2.60B,$0.07B,2.54%,$2.60B,$0.07B,2.54%,$2.60B,$0.09B,3.27%,$2.60B,$0.07B,2.54%,$2.60B,$0.04B,1.46%,$0.04B,$0.17B,20.21%,$0.04B,$0.16B,21.81%,$0.04B,$0.79B,4.81%,$0.07B,$0.17B,35.11%,$650,$553,$97,$0,$83,$640,$10,$-0,$10,$4,$6,$6,$6,$14,$10,$49,49,$0.14,$0.14,$317,$0,$17,$542,$62,$0,$14,$151,$243,$785,$488,$0,$125,$125,$612,$0,$233,$0,$172,$785,$39,$19,$9,$28,$-26,$0,$1,$-1,$-3,$65,$-6,$0,$0,$18,$0,$18,$0,$12,$0,$0,$0,$-67,$-67,$-21,$4,$-84,$-7,$13,$-21
12,2015-09-30,20.79,$3.60,5.78,$51.90,0.4,$-0.38,0.0,$0.79,26.32,$0.57B,$0.49B,1.16,$0.00B,$0.18B,0.0,$2.55B,$0.44B,17.34%,$2.55B,$0.07B,2.71%,$2.55B,$0.07B,2.71%,$2.55B,$0.09B,3.53%,$2.55B,$0.07B,2.71%,$2.55B,$0.04B,1.53%,$0.04B,$0.18B,19.90%,$0.04B,$0.16B,21.43%,$0.04B,$0.78B,4.93%,$0.07B,$0.18B,35.20%,$626,$520,$107,$0,$82,$606,$20,$0,$20,$8,$12,$12,$12,$25,$20,$48,48,$0.24,$0.24,$254,$0,$15,$568,$58,$0,$14,$135,$212,$780,$492,$0,$112,$112,$604,$0,$232,$0,$176,$780,$33,$15,$13,$28,$-98,$0,$-2,$-2,$-87,$-26,$2,$0,$0,$18,$0,$18,$0,$20,$0,$0,$0,$-58,$-58,$-16,$4,$-70,$-75,$10,$-16
13,2015-06-30,23.97,$3.86,6.21,$50.24,0.48,$-0.14,0.0,$0.72,33.53,$0.55B,$0.46B,1.19,$0.00B,$0.19B,0.0,$2.48B,$0.44B,17.56%,$2.48B,$0.06B,2.54%,$2.48B,$0.06B,2.54%,$2.48B,$0.09B,3.42%,$2.48B,$0.06B,2.58%,$2.48B,$0.04B,1.41%,$0.04B,$0.19B,16.36%,$0.04B,$0.18B,17.52%,$0.04B,$0.75B,4.42%,$0.06B,$0.19B,29.44%,$628,$524,$104,$0,$86,$616,$12,$-0,$12,$5,$7,$7,$7,$17,$12,$50,50,$0.15,$0.15,$238,$0,$28,$552,$58,$0,$14,$125,$201,$753,$463,$0,$99,$99,$562,$0,$225,$0,$191,$753,$21,$11,$12,$23,$-91,$0,$-2,$5,$-115,$-71,$-6,$0,$0,$6,$0,$6,$0,$0,$0,$0,$0,$-31,$-31,$-10,$4,$-38,$-109,$6,$-10
14,2015-03-31,24.52,$4.18,5.87,$48.96,0.5,$0.70,35.24,$0.61,40.53,$0.63B,$0.53B,1.19,$0.00B,$0.21B,0.0,$2.42B,$0.43B,17.64%,$2.42B,$0.05B,2.23%,$2.42B,$0.05B,2.23%,$2.42B,$0.08B,3.18%,$2.42B,$0.06B,2.27%,$2.42B,$0.03B,1.24%,$0.03B,$0.21B,13.16%,$0.03B,$0.20B,14.05%,$0.03B,$0.84B,3.81%,$0.05B,$0.21B,23.68%,$699,$570,$130,$0,$91,$676,$24,$0,$24,$10,$14,$14,$13,$29,$24,$49,49,$0.27,$0.27,$303,$0,$35,$634,$59,$0,$14,$130,$207,$841,$532,$0,$96,$96,$628,$0,$223,$0,$213,$841,$14,$6,$18,$23,$-85,$0,$-2,$-22,$-75,$-38,$-2,$0,$0,$-1,$0,$-1,$0,$-3,$0,$0,$0,$-5,$-5,$-5,$3,$-7,$-48,$2,$-5
15,2014-12-31,15.84,$4.03,3.93,$47.64,0.33,$1.64,9.64,$0.52,30.45,$0.56B,$0.50B,1.13,$0.00B,$0.20B,0.0,$2.36B,$0.40B,17.09%,$2.36B,$0.05B,1.99%,$2.36B,$0.05B,1.99%,$2.36B,$0.07B,2.97%,$2.36B,$0.05B,2.04%,$2.36B,$0.03B,1.10%,$0.03B,$0.20B,10.99%,$0.03B,$0.19B,11.76%,$0.03B,$0.79B,3.35%,$0.05B,$0.20B,19.87%,$596,$495,$101,$0,$82,$583,$13,$0,$13,$5,$8,$8,$7,$19,$13,$49,49,$0.14,$0.14,$349,$0,$18,$563,$84,$0,$14,$128,$229,$793,$496,$0,$92,$92,$588,$0,$214,$0,$204,$793,$28,$23,$13,$36,$35,$0,$2,$-40,$77,$142,$-19,$0,$0,$16,$0,$16,$0,$-3,$0,$0,$0,$-20,$-20,$-69,$2,$-88,$51,$11,$-69
16,2014-09-30,11.95,$4.90,2.44,$46.79,0.26,$-0.37,0.0,$0.49,24.39,$0.57B,$0.46B,1.26,$0.00B,$0.25B,0.0,$2.32B,$0.39B,16.90%,$2.32B,$0.04B,1.77%,$2.32B,$0.04B,1.77%,$2.32B,$0.06B,2.76%,$2.32B,$0.04B,1.81%,$2.32B,$0.02B,1.03%,$0.02B,$0.25B,9.65%,$0.02B,$0.23B,10.33%,$0.02B,$0.78B,3.11%,$0.04B,$0.25B,16.48%,$560,$459,$101,$0,$81,$546,$14,$0,$15,$6,$8,$8,$8,$20,$14,$49,49,$0.17,$0.17,$283,$0,$13,$574,$83,$0,$15,$108,$206,$779,$455,$0,$73,$77,$531,$0,$262,$0,$248,$779,$20,$17,$15,$32,$-35,$0,$1,$-38,$-53,$-1,$-11,$0,$0,$-1,$0,$-1,$0,$-12,$0,$0,$0,$-20,$-20,$-14,$1,$-33,$-46,$8,$-14
17,2014-06-30,14.34,$4.85,2.95,$46.28,0.31,$-1.01,0.0,$0.52,27.57,$0.53B,$0.41B,1.3,$0.00B,$0.25B,0.0,$2.30B,$0.39B,16.88%,$2.30B,$0.04B,1.91%,$2.30B,$0.04B,1.91%,$2.30B,$0.07B,2.91%,$2.30B,$0.04B,1.91%,$2.30B,$0.03B,1.13%,$0.03B,$0.25B,10.44%,$0.03B,$0.23B,11.28%,$0.03B,$0.74B,3.45%,$0.04B,$0.25B,17.67%,$565,$469,$95,$0,$84,$561,$3,$0,$3,$2,$2,$2,$2,$9,$3,$50,50,$0.04,$0.04,$266,$0,$13,$534,$83,$0,$15,$105,$203,$737,$413,$0,$73,$77,$490,$0,$258,$0,$247,$737,$11,$12,$13,$24,$-13,$0,$-1,$-25,$-65,$-29,$-7,$0,$0,$2,$0,$2,$0,$-5,$0,$0,$0,$-14,$-14,$-9,$1,$-23,$-57,$6,$-9
18,2014-03-31,13.38,$4.84,2.76,$45.90,0.29,$-0.75,0.0,$0.56,24.11,$0.60B,$0.48B,1.26,$0.00B,$0.25B,0.0,$2.28B,$0.39B,17.14%,$2.28B,$0.05B,2.24%,$2.28B,$0.05B,2.24%,$2.28B,$0.07B,3.24%,$2.28B,$0.05B,2.15%,$2.28B,$0.03B,1.18%,$0.03B,$0.25B,10.91%,$0.03B,$0.23B,11.88%,$0.03B,$0.80B,3.62%,$0.05B,$0.25B,20.61%,$637,$531,$106,$0,$84,$620,$17,$0,$17,$7,$10,$10,$9,$22,$17,$50,50,$0.19,$0.19,$313,$0,$19,$598,$84,$0,$18,$99,$201,$799,$475,$0,$71,$77,$552,$0,$261,$0,$247,$799,$10,$6,$9,$15,$-12,$0,$-0,$-35,$-15,$9,$-2,$0,$0,$-1,$0,$-1,$0,$-3,$0,$0,$0,$-14,$-14,$-4,$0,$-18,$-12,$2,$-4
19,2013-12-31,15.51,$4.95,3.13,$45.34,0.34,$-0.59,0.0,$0.63,24.82,$0.57B,$0.44B,1.3,$0.00B,$0.25B,0.0,$2.26B,$0.39B,17.42%,$2.26B,$0.06B,2.48%,$2.26B,$0.06B,2.48%,$2.26B,$0.08B,3.55%,$2.26B,$0.05B,2.39%,$2.26B,$0.03B,1.37%,$0.03B,$0.25B,12.63%,$0.03B,$0.24B,13.84%,$0.03B,$0.77B,4.21%,$0.06B,$0.25B,22.81%,$557,$467,$90,$0,$74,$550,$7,$0,$7,$2,$5,$5,$5,$13,$7,$50,50,$0.11,$0.11,$324,$0,$12,$565,$86,$0,$18,$96,$201,$767,$437,$0,$69,$77,$513,$0,$256,$0,$253,$767,$32,$23,$15,$38,$-20,$0,$-1,$-20,$-35,$35,$-12,$0,$0,$-32,$0,$-32,$0,$-43,$0,$0,$0,$-16,$-16,$-17,$3,$-30,$-39,$11,$-17
20,2013-09-30,16.07,$4.86,3.3,$44.76,0.36,$0.41,39.27,$0.69,23.28,$0.51B,$0.39B,1.32,$0.00B,$0.25B,0.0,$2.23B,$0.40B,17.79%,$2.23B,$0.07B,2.91%,$2.23B,$0.07B,2.91%,$2.23B,$0.09B,3.94%,$2.23B,$0.06B,2.82%,$2.23B,$0.04B,1.57%,$0.04B,$0.25B,14.43%,$0.04B,$0.23B,15.95%,$0.04B,$0.71B,4.78%,$0.07B,$0.25B,26.80%,$540,$442,$97,$0,$75,$523,$17,$0,$17,$7,$10,$10,$10,$23,$17,$50,50,$0.20,$0.20,$260,$0,$10,$509,$89,$0,$22,$90,$201,$710,$387,$0,$67,$75,$462,$0,$255,$0,$249,$710,$27,$17,$14,$31,$-29,$0,$-0,$-17,$-93,$-34,$-9,$0,$0,$-32,$0,$-32,$0,$-41,$0,$0,$0,$-16,$-16,$-13,$2,$-27,$-103,$8,$-13
21,2013-06-30,12.88,$4.71,2.73,$44.15,0.29,$1.55,8.32,$0.72,17.89,$0.51B,$0.39B,1.3,$0.00B,$0.24B,0.0,$2.20B,$0.40B,18.07%,$2.20B,$0.07B,3.04%,$2.20B,$0.07B,3.04%,$2.20B,$0.09B,4.04%,$2.20B,$0.07B,2.95%,$2.20B,$0.04B,1.63%,$0.04B,$0.24B,14.68%,$0.04B,$0.22B,16.27%,$0.04B,$0.71B,4.88%,$0.07B,$0.24B,27.32%,$547,$450,$98,$0,$82,$537,$10,$-3,$8,$4,$3,$3,$3,$16,$10,$50,50,$0.07,$0.07,$279,$0,$9,$510,$91,$0,$23,$84,$198,$708,$392,$0,$67,$75,$467,$0,$249,$-0,$241,$708,$17,$11,$11,$22,$-10,$0,$-1,$-8,$-60,$-21,$-2,$0,$0,$-41,$0,$-41,$0,$-43,$0,$0,$0,$-14,$-14,$-9,$2,$-21,$-86,$6,$-9
22,2013-03-31,11.99,$4.69,2.56,$43.46,0.28,$2.06,5.82,$0.76,15.78,$0.56B,$0.45B,1.25,$0.00B,$0.24B,0.0,$2.18B,$0.39B,17.79%,$2.18B,$0.07B,3.03%,$2.18B,$0.07B,3.03%,$2.18B,$0.09B,4.00%,$2.18B,$0.07B,3.08%,$2.18B,$0.04B,1.75%,$0.04B,$0.24B,15.31%,$0.04B,$0.22B,17.06%,$0.04B,$0.76B,5.20%,$0.07B,$0.24B,26.59%,$612,$504,$108,$0,$81,$590,$22,$0,$22,$9,$13,$13,$13,$28,$22,$50,50,$0.26,$0.26,$326,$0,$14,$561,$92,$0,$23,$84,$200,$761,$447,$0,$66,$74,$521,$0,$250,$0,$239,$761,$13,$6,$6,$11,$-11,$0,$-1,$-9,$-7,$17,$-3,$0,$0,$-35,$0,$-35,$0,$-38,$0,$0,$0,$-13,$-13,$-4,$1,$-17,$-37,$2,$-4
23,2012-12-31,13.68,$4.69,2.91,$43.02,0.32,$2.36,5.8,$0.78,17.65,$0.55B,$0.44B,1.27,$0.00B,$0.24B,0.0,$2.16B,$0.38B,17.70%,$2.16B,$0.07B,3.10%,$2.16B,$0.07B,3.10%,$2.16B,$0.09B,4.03%,$2.16B,$0.07B,3.15%,$2.16B,$0.04B,1.76%,$0.04B,$0.24B,15.05%,$0.04B,$0.22B,16.83%,$0.04B,$0.75B,5.23%,$0.07B,$0.24B,26.53%,$532,$439,$94,$0,$69,$517,$16,$0,$16,$7,$9,$9,$9,$21,$16,$50,50,$0.18,$0.18,$329,$0,$10,$551,$94,$0,$24,$81,$199,$750,$436,$0,$65,$74,$509,$0,$241,$0,$241,$750,$40,$21,$8,$29,$-19,$0,$-1,$-8,$22,$91,$-18,$0,$0,$38,$-2,$35,$0,$18,$0,$0,$0,$-15,$-15,$-43,$2,$-55,$53,$10,$-43
24,2012-09-30,10.21,$5.07,2.01,$42.11,0.24,$1.73,5.88,$0.82,12.52,$0.54B,$0.40B,1.35,$0.00B,$0.26B,0.0,$2.12B,$0.38B,17.82%,$2.12B,$0.07B,3.21%,$2.12B,$0.07B,3.21%,$2.12B,$0.09B,4.10%,$2.12B,$0.07B,3.25%,$2.12B,$0.04B,1.89%,$0.04B,$0.26B,15.78%,$0.04B,$0.23B,17.72%,$0.04B,$0.73B,5.58%,$0.07B,$0.26B,26.82%,$512,$414,$98,$0,$75,$493,$19,$0,$19,$8,$11,$11,$11,$24,$19,$50,50,$0.23,$0.23,$300,$0,$8,$536,$93,$0,$27,$74,$195,$730,$396,$0,$63,$74,$470,$0,$262,$0,$260,$730,$31,$15,$10,$25,$-32,$0,$-2,$-7,$-31,$25,$-12,$0,$-1,$4,$0,$4,$0,$-10,$0,$0,$0,$-13,$-13,$-13,$1,$-24,$-9,$7,$-13
25,2012-06-30,10.87,$4.91,2.21,$41.11,0.26,$1.27,8.53,$0.67,16.22,$0.49B,$0.35B,1.38,$0.00B,$0.25B,0.0,$2.08B,$0.37B,17.64%,$2.08B,$0.06B,3.03%,$2.08B,$0.06B,3.03%,$2.08B,$0.08B,3.89%,$2.08B,$0.06B,2.74%,$2.08B,$0.03B,1.59%,$0.03B,$0.25B,13.31%,$0.03B,$0.23B,15.00%,$0.03B,$0.68B,4.76%,$0.06B,$0.25B,25.40%,$519,$432,$87,$0,$73,$510,$9,$0,$10,$4,$6,$6,$5,$14,$9,$50,50,$0.11,$0.11,$282,$0,$8,$488,$93,$0,$28,$73,$194,$682,$354,$0,$64,$75,$430,$0,$255,$0,$253,$682,$20,$10,$6,$16,$-5,$0,$-2,$2,$-38,$-3,$5,$0,$-1,$-15,$0,$-15,$0,$-11,$0,$0,$0,$-11,$-11,$-8,$2,$-17,$-31,$5,$-8
26,2012-03-31,12.22,$4.93,2.48,$39.95,0.31,$2.12,5.78,$0.69,17.85,$0.55B,$0.41B,1.33,$0.00B,$0.26B,0.0,$2.04B,$0.36B,17.89%,$2.04B,$0.07B,3.19%,$2.04B,$0.07B,3.19%,$2.04B,$0.08B,4.03%,$2.04B,$0.06B,2.90%,$2.04B,$0.04B,1.72%,$0.04B,$0.26B,14.14%,$0.04B,$0.23B,15.96%,$0.04B,$0.74B,5.05%,$0.07B,$0.26B,26.26%,$595,$492,$103,$0,$76,$572,$23,$0,$23,$9,$14,$14,$13,$28,$23,$50,50,$0.27,$0.27,$337,$0,$12,$549,$93,$0,$28,$72,$192,$742,$413,$0,$62,$72,$485,$0,$254,$0,$256,$742,$14,$5,$7,$12,$-5,$0,$-2,$-7,$7,$33,$-3,$0,$-1,$-1,$0,$-1,$0,$-5,$0,$0,$0,$-2,$-2,$-4,$2,$-5,$23,$2,$-4
27,2011-12-31,10.06,$4.77,2.11,$38.59,0.26,$2.61,3.85,$0.58,17.35,$0.52B,$0.40B,1.32,$0.00B,$0.25B,0.0,$1.98B,$0.35B,17.81%,$1.98B,$0.06B,2.88%,$1.98B,$0.06B,2.88%,$1.98B,$0.07B,3.74%,$1.98B,$0.05B,2.58%,$1.98B,$0.03B,1.57%,$0.03B,$0.25B,12.63%,$0.03B,$0.22B,14.29%,$0.03B,$0.71B,4.49%,$0.06B,$0.25B,23.22%,$495,$405,$90,$0,$69,$478,$17,$0,$17,$6,$11,$11,$11,$21,$17,$51,51,$0.21,$0.21,$313,$0,$11,$523,$93,$0,$28,$68,$189,$712,$396,$0,$60,$71,$467,$0,$244,$0,$245,$712,$30,$17,$13,$30,$-29,$0,$2,$-3,$13,$74,$-31,$0,$0,$-16,$-15,$-30,$0,$-62,$0,$0,$0,$-21,$-21,$-16,$1,$-36,$-24,$9,$-16
28,2011-09-30,8.77,$4.62,1.9,$37.46,0.23,$3.20,2.74,$0.52,16.87,$0.46B,$0.33B,1.39,$0.00B,$0.24B,0.0,$1.92B,$0.34B,17.89%,$1.92B,$0.05B,2.76%,$1.92B,$0.05B,2.76%,$1.92B,$0.07B,3.65%,$1.92B,$0.05B,2.45%,$1.92B,$0.03B,1.41%,$0.03B,$0.24B,11.05%,$0.03B,$0.21B,12.41%,$0.03B,$0.64B,3.99%,$0.05B,$0.24B,21.70%,$472,$385,$87,$0,$69,$458,$14,$-7,$7,$3,$4,$4,$4,$18,$14,$51,51,$0.08,$0.08,$268,$0,$11,$459,$88,$0,$29,$60,$177,$636,$330,$0,$59,$68,$398,$0,$237,$0,$238,$636,$20,$13,$11,$24,$-20,$0,$-1,$11,$-30,$13,$-23,$0,$-13,$-14,$0,$-14,$0,$-50,$0,$0,$0,$-19,$-19,$-12,$2,$-28,$-65,$6,$-12
29,2011-06-30,11.6,$4.74,2.45,$36.36,0.32,$4.25,2.73,$0.58,20.0,$0.52B,$0.36B,1.42,$0.00B,$0.25B,0.0,$1.86B,$0.33B,17.75%,$1.86B,$0.05B,2.74%,$1.86B,$0.05B,2.74%,$1.86B,$0.07B,3.66%,$1.86B,$0.05B,2.80%,$1.86B,$0.03B,1.61%,$0.03B,$0.25B,12.36%,$0.03B,$0.22B,13.81%,$0.03B,$0.68B,4.45%,$0.05B,$0.25B,21.01%,$473,$389,$84,$0,$69,$462,$11,$0,$12,$5,$7,$7,$7,$15,$11,$51,52,$0.13,$0.13,$344,$0,$10,$515,$81,$0,$29,$58,$169,$684,$362,$0,$61,$70,$432,$0,$236,$0,$251,$684,$16,$9,$6,$14,$7,$0,$-1,$5,$25,$54,$-8,$0,$-11,$5,$0,$5,$0,$-15,$0,$0,$0,$-3,$-3,$-8,$2,$-9,$30,$4,$-8
30,2011-03-31,11.85,$4.68,2.53,$35.29,0.34,$3.11,3.8,$0.56,21.34,$0.55B,$0.41B,1.34,$0.00B,$0.25B,0.0,$1.80B,$0.32B,17.63%,$1.80B,$0.05B,2.73%,$1.80B,$0.05B,2.73%,$1.80B,$0.07B,3.67%,$1.80B,$0.05B,2.73%,$1.80B,$0.03B,1.56%,$0.03B,$0.25B,11.79%,$0.03B,$0.22B,12.96%,$0.03B,$0.73B,4.27%,$0.05B,$0.25B,20.63%,$536,$445,$91,$0,$72,$521,$15,$0,$15,$7,$9,$9,$9,$20,$15,$51,51,$0.17,$0.17,$361,$0,$12,$553,$79,$0,$30,$66,$175,$729,$412,$0,$59,$68,$480,$0,$234,$0,$248,$729,$9,$4,$4,$8,$-14,$0,$-1,$-4,$42,$59,$-3,$0,$-11,$1,$0,$1,$0,$-14,$0,$0,$0,$-1,$-1,$-4,$2,$-3,$43,$2,$-4
31,2010-12-31,11.37,$4.61,2.47,$33.91,0.34,$2.18,5.22,$0.44,26.13,$0.50B,$0.35B,1.41,$0.00B,$0.24B,0.0,$1.72B,$0.30B,17.38%,$1.72B,$0.04B,2.21%,$1.72B,$0.04B,2.21%,$1.72B,$0.05B,3.14%,$1.72B,$0.04B,2.21%,$1.72B,$0.02B,1.22%,$0.02B,$0.24B,9.06%,$0.02B,$0.22B,9.74%,$0.02B,$0.66B,3.33%,$0.04B,$0.24B,16.40%,$436,$355,$81,$0,$65,$423,$13,$0,$13,$5,$8,$8,$7,$17,$13,$51,51,$0.15,$0.15,$319,$0,$9,$498,$76,$0,$21,$64,$162,$660,$354,$0,$57,$66,$419,$0,$229,$0,$240,$660,$22,$17,$9,$26,$-19,$0,$1,$-13,$30,$79,$-7,$0,$0,$-39,$-13,$-52,$0,$-59,$0,$0,$0,$-1,$-1,$-14,$2,$-13,$8,$8,$-14
32,2010-09-30,10.4,$4.46,2.33,$33.27,0.31,$0.61,17.0,$0.23,45.21,$0.47B,$0.33B,1.42,$0.00B,$0.23B,0.0,$1.68B,$0.28B,16.61%,$1.68B,$0.02B,1.25%,$1.68B,$0.02B,1.25%,$1.68B,$0.04B,2.20%,$1.68B,$0.02B,1.25%,$1.68B,$0.01B,0.65%,$0.01B,$0.23B,4.84%,$0.01B,$0.21B,5.13%,$0.01B,$0.63B,1.80%,$0.02B,$0.23B,9.23%,$414,$340,$74,$0,$58,$402,$12,$0,$12,$5,$7,$7,$7,$16,$12,$51,51,$0.14,$0.14,$291,$0,$9,$467,$76,$0,$22,$60,$159,$626,$330,$0,$56,$65,$394,$0,$225,$0,$232,$626,$15,$12,$8,$20,$-29,$0,$0,$2,$13,$48,$-4,$0,$-13,$-38,$0,$-38,$0,$-55,$0,$0,$0,$-2,$-2,$-10,$1,$-11,$-19,$6,$-10
33,2010-06-30,9.27,$4.39,2.11,$32.94,0.28,$-1.21,0.0,$0.21,45.24,$0.46B,$0.31B,1.46,$0.00B,$0.23B,0.0,$1.66B,$0.28B,16.66%,$1.66B,$0.02B,1.15%,$1.66B,$0.02B,1.15%,$1.66B,$0.04B,2.11%,$1.66B,$0.02B,1.15%,$1.66B,$0.01B,0.60%,$0.01B,$0.23B,4.42%,$0.01B,$0.22B,4.61%,$0.01B,$0.61B,1.67%,$0.02B,$0.23B,8.40%,$412,$341,$71,$0,$59,$404,$9,$0,$9,$4,$5,$5,$5,$13,$9,$51,51,$0.10,$0.10,$248,$0,$8,$458,$78,$0,$13,$59,$149,$608,$314,$0,$54,$63,$378,$0,$221,$0,$230,$608,$7,$8,$9,$17,$-54,$0,$-1,$-1,$-35,$-10,$-2,$0,$-6,$-36,$0,$-36,$0,$-44,$0,$0,$0,$2,$2,$-7,$1,$-4,$-58,$4,$-7
34,2010-03-31,8.15,$4.30,1.89,$32.93,0.25,$-2.23,0.0,$0.22,37.89,$0.47B,$0.34B,1.38,$0.00B,$0.23B,0.0,$1.65B,$0.28B,16.80%,$1.65B,$0.02B,1.15%,$1.65B,$0.02B,1.15%,$1.65B,$0.04B,2.12%,$1.65B,$0.02B,1.15%,$1.65B,$0.01B,0.61%,$0.01B,$0.23B,4.47%,$0.01B,$0.22B,4.65%,$0.01B,$0.63B,1.70%,$0.02B,$0.23B,8.49%,$458,$385,$73,$0,$65,$454,$4,$0,$4,$2,$2,$2,$2,$8,$4,$50,50,$0.05,$0.05,$275,$0,$11,$472,$78,$0,$8,$72,$158,$630,$342,$0,$53,$63,$405,$0,$219,$-0,$225,$630,$2,$4,$4,$8,$-49,$0,$0,$-4,$-2,$8,$-1,$0,$0,$-21,$0,$-21,$0,$-22,$0,$0,$0,$2,$2,$-3,$0,$-1,$-15,$2,$-3
35,2009-12-31,8.94,$4.36,2.05,$33.13,0.27,$-3.41,0.0,$0.34,26.69,$0.42B,$0.29B,1.44,$0.00B,$0.22B,0.0,$1.65B,$0.29B,17.42%,$1.65B,$0.03B,1.69%,$1.65B,$0.03B,1.69%,$1.65B,$0.04B,2.66%,$1.65B,$0.03B,1.69%,$1.65B,$0.02B,0.97%,$0.02B,$0.22B,7.24%,$0.02B,$0.22B,7.53%,$0.02B,$0.58B,2.75%,$0.03B,$0.22B,12.67%,$396,$335,$61,$0,$61,$400,$-4,$0,$-4,$-1,$-3,$-3,$-3,$-0,$-4,$50,50,$-0.07,$-0.07,$270,$0,$6,$418,$81,$0,$8,$69,$158,$576,$291,$0,$52,$63,$353,$0,$220,$0,$223,$576,$17,$17,$6,$22,$3,$0,$-1,$16,$-38,$1,$-8,$0,$0,$-6,$-1,$-7,$0,$-15,$-1,$0,$-1,$1,$1,$-13,$2,$-11,$-25,$10,$-13
36,2009-09-30,9.9,$4.43,2.24,$33.55,0.3,$-1.48,0.0,$0.59,16.93,$0.42B,$0.29B,1.45,$0.00B,$0.23B,0.0,$1.68B,$0.32B,18.72%,$1.68B,$0.05B,2.79%,$1.68B,$0.05B,2.79%,$1.68B,$0.06B,3.74%,$1.68B,$0.05B,2.79%,$1.68B,$0.03B,1.66%,$0.03B,$0.23B,12.89%,$0.03B,$0.22B,13.41%,$0.03B,$0.58B,4.73%,$0.05B,$0.23B,21.63%,$391,$320,$71,$0,$57,$381,$10,$0,$10,$4,$6,$6,$6,$14,$10,$50,50,$0.12,$0.12,$230,$0,$11,$420,$84,$0,$9,$66,$158,$578,$290,$0,$50,$61,$351,$0,$226,$0,$227,$578,$19,$13,$5,$18,$-43,$0,$-1,$19,$-79,$-42,$-6,$0,$-1,$0,$0,$0,$0,$-7,$0,$0,$0,$1,$1,$-10,$1,$-8,$-58,$8,$-10
37,2009-06-30,8.72,$4.31,2.02,$33.90,0.26,$-0.37,0.0,$0.70,12.46,$0.42B,$0.29B,1.44,$0.00B,$0.22B,0.0,$1.71B,$0.33B,19.19%,$1.71B,$0.05B,3.15%,$1.71B,$0.05B,3.15%,$1.71B,$0.07B,4.08%,$1.71B,$0.06B,3.27%,$1.71B,$0.03B,1.98%,$0.03B,$0.22B,15.81%,$0.03B,$0.21B,16.46%,$0.03B,$0.57B,5.70%,$0.05B,$0.22B,25.12%,$404,$332,$72,$0,$59,$396,$9,$0,$9,$4,$5,$5,$5,$13,$9,$49,50,$0.11,$0.11,$217,$0,$9,$415,$86,$0,$9,$63,$157,$572,$289,$0,$51,$63,$352,$0,$224,$0,$220,$572,$14,$8,$6,$14,$-44,$0,$-2,$16,$-87,$-59,$-4,$0,$-1,$0,$0,$0,$0,$-5,$0,$0,$0,$-1,$-1,$-7,$0,$-7,$-71,$6,$-7
38,2009-03-31,7.88,$4.21,1.87,$33.98,0.23,$0.58,13.49,$0.81,9.78,$0.43B,$0.33B,1.32,$0.00B,$0.21B,0.0,$1.73B,$0.34B,19.71%,$1.73B,$0.06B,3.53%,$1.73B,$0.06B,3.53%,$1.73B,$0.08B,4.39%,$1.73B,$0.06B,3.70%,$1.73B,$0.04B,2.31%,$0.04B,$0.21B,18.89%,$0.04B,$0.21B,19.68%,$0.04B,$0.60B,6.74%,$0.06B,$0.21B,28.77%,$462,$378,$84,$0,$66,$449,$13,$1,$13,$5,$8,$8,$8,$17,$13,$49,50,$0.17,$0.17,$232,$0,$10,$433,$88,$0,$8,$74,$170,$603,$328,$0,$49,$60,$388,$0,$222,$0,$214,$603,$8,$4,$3,$7,$-47,$0,$-2,$3,$-64,$-49,$-2,$0,$0,$0,$0,$0,$0,$-2,$0,$0,$0,$-1,$-1,$-3,$0,$-4,$-56,$3,$-3
39,2008-12-31,8.03,$3.98,2.02,$33.53,0.24,$1.61,4.98,$0.90,8.97,$0.45B,$0.35B,1.28,$0.00B,$0.21B,0.0,$1.72B,$0.34B,19.95%,$1.72B,$0.07B,3.83%,$1.72B,$0.07B,3.83%,$1.72B,$0.08B,4.70%,$1.72B,$0.07B,4.12%,$1.72B,$0.05B,2.61%,$0.05B,$0.21B,21.69%,$0.05B,$0.20B,22.50%,$0.05B,$0.62B,7.68%,$0.07B,$0.21B,31.73%,$426,$338,$88,$0,$69,$411,$15,$1,$15,$6,$10,$10,$9,$19,$15,$50,51,$0.18,$0.18,$289,$0,$7,$450,$89,$0,$9,$69,$167,$617,$351,$0,$47,$57,$408,$0,$217,$0,$208,$617,$46,$16,$15,$31,$10,$0,$-2,$-13,$41,$118,$-27,$0,$0,$75,$0,$75,$-4,$44,$-1,$0,$-1,$-35,$-35,$-12,$2,$-46,$116,$10,$-12
40,2008-09-30,9.99,$4.30,2.32,$32.55,0.31,$0.96,10.4,$0.95,10.52,$0.43B,$0.33B,1.34,$0.00B,$0.22B,0.0,$1.70B,$0.34B,20.00%,$1.70B,$0.07B,4.06%,$1.70B,$0.07B,4.06%,$1.70B,$0.09B,5.00%,$1.70B,$0.08B,4.47%,$1.70B,$0.05B,2.88%,$0.05B,$0.22B,23.87%,$0.05B,$0.21B,24.69%,$0.05B,$0.60B,8.56%,$0.07B,$0.22B,33.54%,$422,$336,$85,$0,$65,$405,$17,$2,$19,$7,$12,$12,$12,$21,$17,$51,52,$0.24,$0.23,$225,$0,$9,$434,$89,$0,$9,$63,$161,$595,$325,$0,$44,$52,$377,$0,$210,$0,$218,$595,$36,$11,$12,$23,$-41,$0,$-1,$-3,$-30,$29,$-22,$0,$-4,$75,$0,$75,$0,$48,$0,$0,$0,$-20,$-20,$-9,$5,$-24,$54,$8,$-9
41,2008-06-30,10.19,$3.98,2.56,$31.51,0.32,$1.50,6.79,$0.95,10.78,$0.39B,$0.30B,1.28,$0.00B,$0.21B,0.0,$1.66B,$0.33B,19.87%,$1.66B,$0.07B,4.09%,$1.66B,$0.07B,4.09%,$1.66B,$0.08B,5.06%,$1.66B,$0.08B,4.58%,$1.66B,$0.05B,2.95%,$0.05B,$0.21B,24.32%,$0.05B,$0.20B,25.03%,$0.05B,$0.56B,8.75%,$0.07B,$0.21B,33.66%,$420,$336,$84,$0,$65,$405,$16,$2,$17,$6,$11,$11,$11,$19,$16,$51,52,$0.22,$0.22,$197,$0,$8,$387,$78,$8,$9,$78,$173,$560,$302,$0,$43,$51,$352,$0,$202,$0,$207,$560,$24,$7,$8,$16,$-25,$0,$-2,$-16,$-48,$-8,$-8,$0,$-4,$63,$0,$63,$0,$52,$0,$0,$0,$-17,$-17,$-6,$1,$-21,$23,$5,$-6
42,2008-03-31,8.59,$3.78,2.27,$30.21,0.28,$2.19,3.92,$0.98,8.77,$0.41B,$0.33B,1.26,$0.00B,$0.20B,0.0,$1.62B,$0.32B,20.02%,$1.62B,$0.07B,4.33%,$1.62B,$0.07B,4.33%,$1.62B,$0.09B,5.38%,$1.62B,$0.08B,4.94%,$1.62B,$0.05B,3.21%,$0.05B,$0.20B,25.90%,$0.05B,$0.19B,26.53%,$0.05B,$0.57B,9.48%,$0.07B,$0.20B,34.78%,$456,$369,$87,$0,$65,$438,$18,$2,$20,$7,$13,$13,$13,$22,$18,$51,52,$0.26,$0.26,$220,$0,$8,$410,$79,$8,$5,$72,$163,$573,$326,$0,$42,$49,$376,$0,$194,$0,$197,$573,$13,$4,$5,$8,$-25,$0,$-1,$2,$-17,$4,$-5,$0,$0,$41,$0,$41,$0,$36,$0,$0,$0,$-15,$-15,$-3,$1,$-17,$24,$2,$-3
43,2007-12-31,10.25,$3.79,2.71,$28.59,0.36,$2.42,4.23,$0.88,11.71,$0.41B,$0.32B,1.31,$0.00B,$0.20B,0.0,$1.57B,$0.31B,19.43%,$1.57B,$0.06B,3.95%,$1.57B,$0.06B,3.95%,$1.57B,$0.08B,5.03%,$1.57B,$0.07B,4.65%,$1.57B,$0.05B,2.99%,$0.05B,$0.20B,22.62%,$0.05B,$0.19B,23.18%,$0.05B,$0.56B,8.61%,$0.06B,$0.20B,29.77%,$402,$318,$84,$0,$61,$384,$18,$2,$20,$7,$13,$13,$13,$23,$18,$53,55,$0.25,$0.25,$246,$0,$6,$413,$78,$0,$5,$65,$147,$561,$316,$1,$39,$46,$362,$0,$183,$0,$199,$561,$47,$17,$12,$28,$-12,$0,$1,$-3,$-1,$75,$-13,$0,$0,$11,$0,$11,$0,$-2,$-1,$0,$-1,$-77,$-77,$-12,$4,$-85,$-13,$8,$-12
44,2007-09-30,13.11,$3.79,3.46,$27.43,0.48,$2.62,5.01,$0.86,15.25,$0.41B,$0.30B,1.37,$0.00B,$0.20B,0.0,$1.52B,$0.30B,19.46%,$1.52B,$0.06B,4.01%,$1.52B,$0.06B,4.01%,$1.52B,$0.08B,5.06%,$1.52B,$0.07B,4.80%,$1.52B,$0.05B,3.09%,$0.05B,$0.20B,21.86%,$0.05B,$0.20B,22.35%,$0.05B,$0.55B,8.61%,$0.06B,$0.20B,28.24%,$383,$308,$75,$0,$55,$368,$16,$3,$19,$7,$12,$12,$12,$20,$16,$53,54,$0.23,$0.23,$240,$0,$8,$408,$79,$0,$5,$55,$139,$546,$297,$1,$40,$46,$344,$0,$173,$-0,$203,$546,$34,$11,$6,$17,$-20,$0,$1,$10,$-6,$46,$-10,$0,$0,$-4,$0,$-4,$0,$-13,$-1,$0,$-1,$-59,$-59,$-9,$2,$-66,$-33,$6,$-9
45,2007-06-30,12.06,$3.78,3.19,$26.29,0.46,$2.49,4.85,$0.85,14.19,$0.38B,$0.26B,1.45,$0.00B,$0.20B,0.0,$1.48B,$0.29B,19.85%,$1.48B,$0.06B,4.13%,$1.48B,$0.06B,4.13%,$1.48B,$0.08B,5.22%,$1.48B,$0.07B,4.95%,$1.48B,$0.05B,3.18%,$0.05B,$0.20B,21.58%,$0.05B,$0.20B,22.07%,$0.05B,$0.52B,8.77%,$0.06B,$0.21B,27.85%,$377,$298,$78,$0,$56,$358,$18,$3,$21,$8,$14,$14,$14,$22,$18,$55,55,$0.26,$0.25,$241,$0,$7,$382,$79,$0,$5,$48,$133,$515,$263,$1,$40,$47,$311,$0,$164,$-0,$204,$515,$22,$7,$7,$14,$1,$0,$-0,$16,$-9,$27,$-5,$0,$0,$-1,$0,$-1,$0,$-6,$-0,$0,$-0,$-46,$-46,$-6,$2,$-50,$-29,$4,$-6
46,2007-03-31,12.64,$4.04,3.13,$25.35,0.5,$2.45,5.15,$0.79,16.1,$0.41B,$0.29B,1.41,$0.00B,$0.23B,0.01,$1.44B,$0.28B,19.69%,$1.44B,$0.06B,3.97%,$1.44B,$0.06B,3.97%,$1.44B,$0.07B,5.08%,$1.44B,$0.07B,4.80%,$1.44B,$0.04B,2.99%,$0.04B,$0.23B,19.59%,$0.04B,$0.22B,20.02%,$0.04B,$0.56B,8.15%,$0.06B,$0.23B,25.82%,$408,$340,$68,$0,$54,$398,$10,$3,$13,$5,$8,$8,$8,$14,$10,$55,56,$0.16,$0.15,$268,$0,$7,$409,$79,$0,$5,$68,$152,$561,$289,$1,$41,$47,$336,$0,$153,$-0,$225,$561,$8,$4,$0,$4,$-3,$0,$-0,$-2,$2,$14,$-2,$0,$0,$-5,$0,$-5,$0,$-7,$-0,$0,$-0,$-12,$-12,$-3,$0,$-15,$-7,$1,$-3
47,2006-12-31,15.31,$4.13,3.71,$24.47,0.63,$2.48,6.17,$0.82,18.67,$0.42B,$0.29B,1.45,$0.00B,$0.23B,0.01,$1.39B,$0.28B,20.36%,$1.39B,$0.06B,4.39%,$1.39B,$0.06B,4.39%,$1.39B,$0.08B,5.54%,$1.39B,$0.07B,5.25%,$1.39B,$0.05B,3.31%,$0.05B,$0.23B,21.45%,$0.05B,$0.22B,21.93%,$0.05B,$0.56B,8.85%,$0.06B,$0.23B,27.29%,$353,$278,$75,$0,$54,$336,$17,$3,$20,$7,$13,$13,$13,$21,$17,$55,57,$0.24,$0.24,$271,$0,$5,$415,$81,$0,$5,$60,$146,$562,$287,$1,$40,$46,$333,$0,$148,$-0,$228,$562,$47,$16,$8,$23,$-24,$0,$-1,$-3,$19,$88,$-13,$0,$0,$-28,$0,$-28,$0,$-40,$-33,$0,$-33,$-7,$-7,$-10,$13,$-37,$11,$3,$-10
