,Date,Stock Price,Book Value per Share,Price to Book Ratio,TTM Sales per Share,Price to Sales Ratio,TTM FCF per Share,Price to FCF Ratio,TTM Net EPS,PE Ratio,Current Assets,Current Liabilities,Current Ratio,Long Term Debt,Shareholder's Equity_x,Debt to Equity Ratio,TTM Revenue_x,TTM Gross Profit,Gross Margin,TTM Revenue_y,TTM Operating Income,Operating Margin,TTM Revenue_x,TTM EBIT,EBIT Margin,TTM Revenue_y,TTM EBITDA,EBITDA Margin,TTM Revenue_x,TTM Pre-Tax Income,Pre-Tax Margin,TTM Revenue_y,TTM Net Income_x,Net Margin,TTM Net Income_y,Shareholder's Equity_y,Return on Equity,TTM Net Income_x,Tangible Equity,Return on Tangible Equity,TTM Net Income_y,Total Assets,Return on Assets,TTM Net Income,LT Investments & Debt,Return on Investment,revenue,cost-goods-sold,gross-profit,research-development-expenses,selling-general-administrative-expenses,operating-expenses,operating-income,total-non-operating-income-expense,pre-tax-income,total-provision-income-taxes,income-after-taxes,income-from-continuous-operations,net-income,ebitda,ebit,basic-shares-outstanding,shares-outstanding,eps-basic-net-earnings-per-share,eps-earnings-per-share-diluted,cash-on-hand,inventory,other-current-assets,total-current-assets,net-property-plant-equipment,long-term-investments,goodwill-intangible-assets-total,other-long-term-assets,total-long-term-assets,total-assets,total-current-liabilities,long-term-debt,other-non-current-liabilities,total-long-term-liabilities,total-liabilities,common-stock-net,retained-earnings-accumulated-deficit,comprehensive-income,total-share-holder-equity,total-liabilities-share-holders-equity,net-income-loss,total-depreciation-amortization-cash-flow,other-non-cash-items,total-non-cash-items,change-in-accounts-receivable,change-in-inventories,change-in-accounts-payable,change-in-assets-liabilities,total-change-in-assets-liabilities,cash-flow-from-operating-activities,net-change-in-property-plant-equipment,net-change-in-intangible-assets,net-acquisitions-divestitures,net-change-in-short-term-investments,net-change-in-long-term-investments,net-change-in-investments-total,investing-activities-other,cash-flow-from-investing-activities,net-long-term-debt,net-current-debt,debt-issuance-retirement-net-total,net-common-equity-issued-repurchased,net-total-equity-issued-repurchased,total-common-preferred-stock-dividends-paid,financial-activities-other,cash-flow-from-financial-activities,net-cash-flow,stock-based-compensation,common-stock-dividends-paid
0,2018-09-30,14.95,$3.41,4.39,$4.99,2.99,$0.80,18.6,$0.45,33.22,$0.06B,$0.01B,4.33,$0.00B,$0.06B,0.0,$0.09B,$0.04B,43.01%,$0.09B,$0.01B,9.68%,$0.09B,$0.01B,9.68%,$0.09B,$0.01B,11.83%,$0.09B,$0.01B,9.68%,$0.09B,$0.01B,9.68%,$0.01B,$0.06B,14.63%,$0.01B,$0.06B,16.74%,$0.01B,$0.08B,12.41%,$0.01B,$0.06B,14.40%,$23,$14,$10,$2,$6,$22,$2,$-0,$2,$0,$2,$2,$2,$2,$2,$19,19,$0.08,$0.08,$7,$25,$0,$57,$7,$0,$7,$0,$20,$77,$13,$0,$0,$0,$14,$0,$60,$0,$64,$77,$2,$0,$0,$0,$2,$-2,$0,$0,$1,$3,$-0,$0,$0,$0,$0,$0,$0,$-0,$0,$0,$0,$-1,$-1,$0,$0,$-1,$2,$0,$0
1,2018-06-30,14.65,$3.39,4.32,$4.87,3.01,$0.71,20.56,$0.42,34.88,$0.05B,$0.01B,5.71,$0.00B,$0.06B,0.0,$0.09B,$0.04B,41.76%,$0.09B,$0.01B,8.79%,$0.09B,$0.01B,8.79%,$0.09B,$0.01B,10.99%,$0.09B,$0.01B,8.79%,$0.09B,$0.01B,8.79%,$0.01B,$0.06B,13.33%,$0.01B,$0.06B,15.31%,$0.01B,$0.07B,11.31%,$0.01B,$0.06B,12.96%,$27,$13,$14,$3,$6,$23,$4,$-0,$4,$1,$4,$4,$4,$5,$4,$19,19,$0.19,$0.19,$5,$25,$0,$54,$7,$0,$8,$0,$20,$73,$9,$0,$0,$0,$10,$0,$59,$0,$63,$73,$8,$1,$1,$2,$-3,$1,$0,$0,$-2,$8,$-1,$0,$0,$0,$0,$0,$0,$-1,$-4,$0,$-4,$0,$0,$0,$-1,$-5,$2,$0,$0
2,2018-03-31,11.7,$3.19,3.67,$4.78,2.45,$0.42,28.01,$0.39,30.0,$0.05B,$0.01B,5.76,$0.00B,$0.06B,0.03,$0.09B,$0.04B,43.33%,$0.09B,$0.01B,7.78%,$0.09B,$0.01B,7.78%,$0.09B,$0.01B,10.00%,$0.09B,$0.01B,7.78%,$0.09B,$0.01B,7.78%,$0.01B,$0.06B,11.97%,$0.01B,$0.05B,13.86%,$0.01B,$0.07B,9.96%,$0.01B,$0.06B,11.48%,$22,$13,$9,$2,$5,$20,$2,$-0,$2,$0,$2,$2,$2,$2,$2,$19,19,$0.10,$0.10,$4,$25,$0,$49,$7,$0,$8,$0,$21,$70,$9,$2,$0,$2,$11,$0,$56,$0,$60,$70,$4,$1,$-0,$1,$2,$-0,$0,$0,$-0,$5,$-1,$0,$0,$0,$0,$0,$0,$-1,$-2,$0,$-2,$-1,$-1,$0,$0,$-3,$1,$0,$0
3,2017-12-31,8.75,$3.13,2.79,$4.71,1.86,$0.22,40.6,$0.34,25.74,$0.05B,$0.01B,5.16,$0.00B,$0.06B,0.03,$0.09B,$0.04B,42.70%,$0.09B,$0.01B,6.74%,$0.09B,$0.01B,6.74%,$0.09B,$0.01B,8.99%,$0.09B,$0.01B,6.74%,$0.09B,$0.01B,6.74%,$0.01B,$0.06B,10.53%,$0.01B,$0.05B,12.24%,$0.01B,$0.07B,8.66%,$0.01B,$0.06B,10.04%,$21,$14,$7,$0,$6,$20,$1,$-0,$1,$-0,$1,$1,$1,$2,$1,$19,19,$0.07,$0.07,$4,$27,$0,$49,$7,$0,$8,$0,$21,$70,$10,$2,$0,$2,$12,$0,$54,$0,$59,$70,$2,$1,$-1,$0,$3,$-1,$0,$0,$1,$3,$-1,$0,$0,$0,$0,$0,$0,$-1,$-2,$0,$-2,$-0,$-0,$0,$0,$-2,$0,$0,$0
4,2017-09-30,9.7,$3.07,3.16,$4.69,2.07,$0.23,42.79,$0.32,30.31,$0.05B,$0.01B,5.89,$0.00B,$0.06B,0.06,$0.09B,$0.04B,42.70%,$0.09B,$0.01B,6.74%,$0.09B,$0.01B,6.74%,$0.09B,$0.01B,7.87%,$0.09B,$0.01B,6.74%,$0.09B,$0.01B,6.74%,$0.01B,$0.06B,10.81%,$0.01B,$0.05B,12.63%,$0.01B,$0.07B,8.86%,$0.01B,$0.06B,10.30%,$21,$13,$8,$2,$6,$20,$1,$-0,$1,$0,$1,$1,$1,$1,$1,$19,19,$0.05,$0.05,$4,$26,$0,$50,$7,$0,$8,$0,$20,$70,$8,$4,$0,$4,$12,$0,$53,$0,$58,$70,$1,$0,$0,$1,$3,$-1,$0,$0,$0,$2,$-1,$0,$0,$0,$0,$0,$0,$-1,$0,$0,$0,$0,$0,$0,$0,$0,$1,$0,$0
5,2017-06-30,9.4,$3.02,3.11,$4.64,2.03,$0.27,34.92,$0.30,31.33,$0.05B,$0.01B,4.9,$0.00B,$0.06B,0.06,$0.09B,$0.04B,40.91%,$0.09B,$0.01B,6.82%,$0.09B,$0.01B,6.82%,$0.09B,$0.01B,7.95%,$0.09B,$0.01B,6.82%,$0.09B,$0.01B,6.82%,$0.01B,$0.06B,11.11%,$0.01B,$0.05B,13.04%,$0.01B,$0.07B,9.06%,$0.01B,$0.06B,10.57%,$26,$11,$15,$5,$6,$22,$3,$-0,$3,$0,$3,$3,$3,$4,$3,$19,19,$0.17,$0.17,$3,$26,$0,$51,$7,$0,$8,$0,$20,$71,$10,$4,$0,$4,$14,$0,$52,$0,$57,$71,$6,$1,$0,$2,$-1,$-5,$0,$-0,$-5,$2,$-1,$0,$0,$0,$0,$0,$0,$-1,$-1,$0,$-1,$0,$0,$0,$-0,$-1,$-0,$0,$0
6,2017-03-31,10.2,$2.85,3.57,$4.55,2.24,$0.66,15.4,$0.31,32.9,$0.05B,$0.01B,5.29,$0.00B,$0.05B,0.07,$0.09B,$0.03B,36.05%,$0.09B,$0.01B,8.14%,$0.09B,$0.01B,8.14%,$0.09B,$0.01B,8.14%,$0.09B,$0.01B,8.14%,$0.09B,$0.01B,6.98%,$0.01B,$0.05B,11.43%,$0.01B,$0.05B,13.48%,$0.01B,$0.07B,9.27%,$0.01B,$0.06B,12.56%,$21,$12,$8,$2,$6,$20,$1,$-0,$1,$0,$1,$1,$1,$1,$1,$19,19,$0.05,$0.05,$2,$25,$0,$46,$7,$0,$8,$0,$20,$66,$9,$4,$0,$4,$12,$0,$49,$0,$54,$66,$2,$1,$0,$1,$2,$-4,$0,$-0,$-3,$1,$-1,$0,$0,$0,$0,$0,$0,$-1,$-1,$0,$-1,$0,$0,$0,$0,$-1,$-1,$0,$0
7,2016-12-31,8.5,$2.81,3.02,$4.49,1.89,$0.95,8.96,$0.32,26.56,$0.04B,$0.01B,4.86,$0.00B,$0.05B,0.04,$0.09B,$0.03B,34.12%,$0.09B,$0.01B,8.24%,$0.09B,$0.01B,8.24%,$0.09B,$0.01B,9.41%,$0.09B,$0.01B,8.24%,$0.09B,$0.01B,7.06%,$0.01B,$0.05B,11.76%,$0.01B,$0.05B,14.04%,$0.01B,$0.06B,9.41%,$0.01B,$0.06B,12.73%,$21,$14,$7,$0,$6,$20,$1,$-0,$1,$0,$1,$1,$1,$1,$1,$19,19,$0.05,$0.05,$4,$24,$0,$44,$6,$0,$8,$0,$20,$64,$9,$2,$0,$2,$11,$0,$48,$0,$53,$64,$1,$1,$0,$1,$3,$-2,$0,$0,$1,$3,$-1,$0,$0,$0,$0,$0,$0,$-1,$-2,$0,$-2,$0,$0,$0,$0,$-2,$-0,$0,$0
8,2016-09-30,7.19,$2.76,2.6,$4.48,1.61,$0.98,7.32,$0.32,22.47,$0.05B,$0.01B,5.19,$0.00B,$0.05B,0.07,$0.08B,$0.03B,33.33%,$0.08B,$0.01B,8.33%,$0.08B,$0.01B,8.33%,$0.08B,$0.01B,9.52%,$0.08B,$0.01B,8.33%,$0.08B,$0.01B,7.14%,$0.01B,$0.05B,12.12%,$0.01B,$0.04B,14.55%,$0.01B,$0.06B,9.52%,$0.01B,$0.06B,12.79%,$20,$14,$6,$0,$6,$19,$1,$-0,$1,$0,$1,$1,$1,$1,$1,$19,19,$0.03,$0.03,$5,$22,$0,$45,$6,$0,$8,$0,$19,$64,$9,$4,$0,$4,$12,$0,$47,$0,$52,$64,$1,$0,$0,$0,$2,$-0,$0,$-0,$1,$2,$-0,$0,$0,$0,$0,$0,$0,$-0,$-1,$0,$-1,$0,$0,$0,$0,$-1,$1,$0,$0
9,2016-06-30,6.36,$2.73,2.33,$4.36,1.46,$0.99,6.43,$0.31,20.52,$0.05B,$0.01B,5.1,$0.01B,$0.05B,0.09,$0.08B,$0.03B,34.15%,$0.08B,$0.01B,7.32%,$0.08B,$0.01B,7.32%,$0.08B,$0.01B,9.76%,$0.08B,$0.01B,7.32%,$0.08B,$0.01B,6.10%,$0.01B,$0.05B,10.36%,$0.01B,$0.04B,12.58%,$0.01B,$0.07B,7.97%,$0.01B,$0.06B,11.01%,$24,$14,$10,$0,$6,$20,$4,$-0,$4,$0,$3,$3,$3,$4,$4,$19,19,$0.18,$0.18,$4,$21,$0,$46,$6,$0,$8,$0,$19,$65,$9,$5,$0,$5,$13,$0,$46,$0,$51,$65,$6,$1,$-0,$1,$-1,$2,$0,$0,$2,$9,$-1,$0,$0,$0,$0,$0,$0,$-1,$-6,$0,$-6,$-1,$-1,$0,$0,$-7,$1,$0,$0
10,2016-03-31,6.25,$2.55,2.46,$4.29,1.46,$0.71,8.85,$0.31,20.16,$0.04B,$0.01B,5.26,$0.01B,$0.05B,0.14,$0.08B,$0.03B,33.33%,$0.08B,$0.01B,6.17%,$0.08B,$0.01B,6.17%,$0.08B,$0.01B,9.88%,$0.08B,$0.01B,6.17%,$0.08B,$0.01B,6.17%,$0.01B,$0.05B,10.58%,$0.01B,$0.04B,12.99%,$0.01B,$0.06B,7.97%,$0.01B,$0.05B,9.17%,$20,$14,$6,$0,$5,$19,$1,$-0,$1,$0,$1,$1,$1,$2,$1,$19,19,$0.06,$0.06,$3,$21,$0,$42,$6,$0,$8,$0,$20,$62,$8,$7,$0,$7,$15,$0,$43,$0,$48,$62,$2,$1,$-0,$1,$2,$1,$0,$-0,$2,$6,$-0,$0,$0,$0,$0,$0,$0,$-0,$-3,$0,$-3,$-1,$-1,$0,$0,$-4,$1,$0,$0
11,2015-12-31,5.9,$2.50,2.36,$4.17,1.41,$0.55,10.79,$0.27,21.85,$0.04B,$0.01B,5.4,$0.01B,$0.05B,0.14,$0.08B,$0.03B,32.91%,$0.08B,$0.00B,5.06%,$0.08B,$0.00B,5.06%,$0.08B,$0.01B,8.86%,$0.08B,$0.00B,5.06%,$0.08B,$0.00B,5.06%,$0.00B,$0.05B,8.70%,$0.00B,$0.04B,10.74%,$0.00B,$0.06B,6.37%,$0.00B,$0.05B,7.41%,$20,$14,$6,$0,$5,$19,$1,$-0,$1,$0,$1,$1,$1,$1,$1,$19,19,$0.05,$0.05,$2,$22,$0,$41,$6,$0,$9,$0,$20,$61,$8,$7,$0,$7,$14,$0,$42,$0,$47,$61,$1,$1,$-0,$1,$2,$0,$0,$0,$1,$3,$-0,$0,$0,$0,$0,$0,$0,$-0,$-3,$0,$-3,$-1,$-1,$0,$0,$-3,$-0,$0,$0
12,2015-09-30,6.05,$2.47,2.45,$4.11,1.47,$0.46,13.12,$0.27,22.41,$0.04B,$0.01B,4.81,$0.01B,$0.05B,0.17,$0.08B,$0.03B,32.91%,$0.08B,$0.00B,5.06%,$0.08B,$0.00B,5.06%,$0.08B,$0.01B,8.86%,$0.08B,$0.00B,5.06%,$0.08B,$0.00B,5.06%,$0.00B,$0.05B,8.84%,$0.00B,$0.04B,11.11%,$0.00B,$0.06B,6.35%,$0.00B,$0.05B,7.44%,$18,$13,$6,$0,$5,$18,$0,$-0,$0,$-0,$0,$0,$0,$1,$0,$19,19,$0.02,$0.02,$3,$23,$0,$43,$6,$0,$9,$0,$20,$63,$9,$8,$0,$8,$17,$0,$41,$0,$47,$63,$0,$0,$-0,$0,$3,$-1,$0,$0,$1,$2,$-0,$0,$0,$0,$0,$0,$0,$-0,$-1,$0,$-1,$-0,$-0,$0,$0,$-1,$0,$0,$0
13,2015-06-30,5.73,$2.45,2.34,$4.05,1.42,$0.47,12.2,$0.26,22.04,$0.05B,$0.01B,4.77,$0.01B,$0.05B,0.2,$0.08B,$0.03B,32.05%,$0.08B,$0.00B,5.13%,$0.08B,$0.00B,5.13%,$0.08B,$0.01B,8.97%,$0.08B,$0.00B,5.13%,$0.08B,$0.00B,5.13%,$0.00B,$0.05B,9.04%,$0.00B,$0.04B,11.43%,$0.00B,$0.07B,6.35%,$0.00B,$0.06B,7.48%,$23,$14,$9,$0,$6,$19,$3,$-0,$3,$0,$3,$3,$3,$4,$3,$19,19,$0.17,$0.17,$2,$23,$0,$45,$6,$0,$9,$0,$20,$65,$9,$9,$0,$9,$19,$0,$40,$0,$47,$65,$5,$2,$-0,$1,$-1,$-1,$0,$-0,$-2,$4,$-1,$0,$0,$0,$0,$0,$0,$-1,$-1,$0,$-1,$-2,$-2,$0,$0,$-3,$-0,$0,$0
14,2015-03-31,5.79,$2.29,2.53,$3.96,1.46,$0.51,11.34,$0.20,28.95,$0.04B,$0.01B,4.57,$0.01B,$0.04B,0.21,$0.08B,$0.02B,31.17%,$0.08B,$0.00B,5.19%,$0.08B,$0.00B,5.19%,$0.08B,$0.01B,7.79%,$0.08B,$0.00B,5.19%,$0.08B,$0.00B,3.90%,$0.00B,$0.04B,6.90%,$0.00B,$0.03B,8.82%,$0.00B,$0.06B,4.80%,$0.00B,$0.05B,7.55%,$18,$13,$5,$0,$5,$17,$0,$-0,$0,$0,$0,$0,$0,$1,$0,$19,19,$0.02,$0.02,$2,$23,$0,$41,$6,$0,$9,$0,$20,$62,$9,$9,$0,$9,$18,$0,$37,$0,$43,$62,$2,$1,$0,$1,$2,$-2,$0,$-0,$-0,$3,$-1,$0,$0,$0,$0,$0,$0,$-1,$-1,$0,$-1,$-2,$-2,$0,$0,$-3,$-1,$0,$0
15,2014-12-31,4.7,$2.28,2.06,$3.91,1.2,$0.58,8.12,$0.21,22.38,$0.04B,$0.01B,4.84,$0.01B,$0.04B,0.22,$0.08B,$0.02B,31.58%,$0.08B,$0.01B,6.58%,$0.08B,$0.01B,6.58%,$0.08B,$0.01B,7.89%,$0.08B,$0.01B,6.58%,$0.08B,$0.00B,5.26%,$0.00B,$0.04B,9.30%,$0.00B,$0.03B,12.03%,$0.00B,$0.06B,6.43%,$0.01B,$0.05B,9.43%,$20,$13,$6,$0,$5,$18,$1,$-0,$1,$0,$1,$1,$1,$1,$1,$19,19,$0.05,$0.05,$2,$22,$0,$41,$6,$0,$9,$0,$21,$62,$9,$9,$0,$10,$18,$0,$37,$0,$44,$62,$1,$1,$0,$1,$2,$-1,$0,$-0,$-0,$2,$-0,$0,$0,$0,$0,$0,$0,$-0,$-1,$0,$-1,$-1,$-1,$0,$0,$-2,$-1,$0,$0
16,2014-09-30,4.7,$2.25,2.09,$3.83,1.23,$0.70,6.75,$0.18,26.11,$0.04B,$0.01B,4.57,$0.01B,$0.04B,0.23,$0.07B,$0.02B,31.08%,$0.07B,$0.01B,6.76%,$0.07B,$0.01B,6.76%,$0.07B,$0.01B,8.11%,$0.07B,$0.00B,5.41%,$0.07B,$0.00B,4.05%,$0.00B,$0.04B,7.10%,$0.00B,$0.03B,9.23%,$0.00B,$0.06B,4.86%,$0.01B,$0.05B,9.48%,$17,$12,$5,$0,$5,$17,$0,$-0,$0,$0,$0,$0,$0,$1,$0,$19,19,$0.01,$0.01,$4,$23,$0,$42,$6,$0,$9,$0,$20,$63,$9,$10,$0,$10,$19,$0,$36,$0,$43,$63,$0,$0,$0,$0,$3,$-1,$0,$0,$2,$2,$-0,$0,$0,$0,$0,$0,$0,$-0,$-0,$0,$-0,$-1,$-1,$0,$0,$-1,$1,$0,$0
17,2014-06-30,5.43,$2.25,2.41,$3.83,1.42,$0.77,7.01,$0.18,30.17,$0.04B,$0.01B,4.62,$0.01B,$0.04B,0.23,$0.07B,$0.02B,31.08%,$0.07B,$0.01B,6.76%,$0.07B,$0.01B,6.76%,$0.07B,$0.01B,8.11%,$0.07B,$0.00B,5.41%,$0.07B,$0.00B,4.05%,$0.00B,$0.04B,7.23%,$0.00B,$0.03B,9.52%,$0.00B,$0.06B,4.88%,$0.01B,$0.05B,9.52%,$22,$13,$8,$0,$5,$19,$3,$-0,$3,$0,$2,$2,$2,$3,$3,$19,19,$0.12,$0.12,$2,$21,$0,$43,$6,$0,$10,$0,$21,$63,$9,$10,$0,$10,$20,$0,$36,$0,$44,$63,$3,$2,$-0,$1,$1,$-2,$0,$0,$-0,$5,$-1,$0,$0,$0,$0,$0,$0,$-1,$-5,$0,$-5,$-0,$-0,$0,$0,$-5,$-1,$0,$0
18,2014-03-31,6.63,$2.12,3.12,$3.85,1.72,$0.80,8.27,$0.23,28.83,$0.04B,$0.01B,4.53,$0.01B,$0.04B,0.26,$0.07B,$0.02B,31.08%,$0.07B,$0.01B,8.11%,$0.07B,$0.01B,8.11%,$0.07B,$0.01B,9.46%,$0.07B,$0.00B,5.41%,$0.07B,$0.00B,5.41%,$0.00B,$0.04B,9.88%,$0.00B,$0.03B,13.11%,$0.00B,$0.06B,6.48%,$0.01B,$0.05B,11.37%,$17,$12,$5,$0,$5,$17,$1,$-0,$1,$0,$1,$1,$1,$1,$1,$19,19,$0.03,$0.03,$2,$21,$0,$40,$7,$0,$10,$0,$21,$61,$9,$11,$0,$11,$20,$0,$33,$0,$41,$61,$1,$1,$0,$1,$4,$-3,$0,$-0,$2,$4,$-1,$0,$0,$0,$0,$0,$0,$-1,$-4,$0,$-4,$-0,$-0,$0,$0,$-4,$-1,$0,$0
19,2013-12-31,6.28,$2.09,3.01,$3.84,1.63,$0.75,8.36,$0.21,29.9,$0.04B,$0.01B,4.8,$0.01B,$0.04B,0.28,$0.07B,$0.02B,31.08%,$0.07B,$0.01B,6.76%,$0.07B,$0.01B,6.76%,$0.07B,$0.01B,9.46%,$0.07B,$0.00B,4.05%,$0.07B,$0.00B,4.05%,$0.00B,$0.04B,7.59%,$0.00B,$0.03B,10.17%,$0.00B,$0.06B,4.88%,$0.01B,$0.05B,9.48%,$18,$13,$5,$0,$5,$18,$1,$-0,$0,$0,$0,$0,$0,$1,$1,$19,19,$0.02,$0.02,$3,$20,$0,$39,$7,$0,$10,$0,$21,$60,$8,$12,$0,$12,$20,$0,$33,$0,$41,$60,$0,$1,$0,$1,$4,$-1,$0,$-0,$3,$4,$-0,$0,$0,$0,$0,$0,$0,$-0,$-3,$0,$-3,$-0,$-0,$0,$0,$-4,$0,$0,$0
20,2013-09-30,5.31,$2.07,2.56,$3.78,1.4,$0.70,7.57,$0.20,26.55,$0.04B,$0.01B,4.21,$0.01B,$0.04B,0.3,$0.07B,$0.02B,31.51%,$0.07B,$0.00B,5.48%,$0.07B,$0.00B,5.48%,$0.07B,$0.01B,9.59%,$0.07B,$0.00B,4.11%,$0.07B,$0.00B,4.11%,$0.00B,$0.04B,7.79%,$0.00B,$0.03B,10.62%,$0.00B,$0.06B,4.86%,$0.00B,$0.05B,7.55%,$17,$12,$5,$0,$5,$17,$0,$-0,$0,$0,$0,$0,$0,$1,$0,$19,19,$0.01,$0.01,$4,$20,$0,$40,$6,$0,$10,$0,$22,$62,$9,$12,$0,$12,$22,$0,$32,$0,$40,$62,$0,$0,$0,$0,$4,$-2,$0,$-0,$3,$4,$-0,$0,$0,$0,$0,$0,$0,$-0,$-3,$0,$-3,$-0,$-0,$0,$0,$-3,$0,$0,$0
21,2013-06-30,4.78,$2.09,2.29,$3.69,1.3,$0.59,8.09,$0.17,28.12,$0.04B,$0.01B,4.86,$0.02B,$0.04B,0.37,$0.07B,$0.02B,30.99%,$0.07B,$0.00B,5.63%,$0.07B,$0.00B,5.63%,$0.07B,$0.01B,8.45%,$0.07B,$0.00B,2.82%,$0.07B,$0.00B,4.23%,$0.00B,$0.04B,7.95%,$0.00B,$0.03B,11.01%,$0.00B,$0.06B,4.86%,$0.00B,$0.06B,7.48%,$22,$14,$8,$0,$5,$18,$4,$-0,$3,$0,$3,$3,$3,$4,$4,$19,19,$0.16,$0.16,$3,$18,$0,$42,$7,$0,$10,$0,$22,$64,$9,$15,$0,$15,$24,$0,$32,$0,$40,$64,$3,$2,$1,$3,$-2,$1,$0,$-0,$-1,$5,$-0,$0,$0,$0,$0,$0,$0,$-0,$-4,$0,$-4,$-0,$-0,$0,$0,$-4,$0,$0,$0
22,2013-03-31,4.0,$1.93,2.07,$3.59,1.11,$0.54,7.43,$0.09,44.44,$0.04B,$0.01B,4.84,$0.02B,$0.04B,0.41,$0.07B,$0.02B,30.43%,$0.07B,$0.00B,2.90%,$0.07B,$0.00B,2.90%,$0.07B,$0.01B,7.25%,$0.07B,$0.00B,1.45%,$0.07B,$0.00B,2.90%,$0.00B,$0.04B,5.37%,$0.00B,$0.03B,7.62%,$0.00B,$0.06B,3.23%,$0.00B,$0.05B,3.72%,$17,$13,$5,$0,$4,$17,$0,$-0,$0,$0,$0,$0,$0,$1,$0,$19,19,$0.01,$0.01,$2,$17,$0,$35,$7,$0,$11,$0,$25,$60,$7,$15,$0,$15,$23,$0,$29,$0,$37,$60,$-0,$1,$-0,$1,$2,$1,$0,$0,$2,$3,$-0,$0,$0,$0,$0,$0,$0,$-0,$-3,$0,$-3,$-0,$-0,$0,$0,$-4,$-1,$0,$0
23,2012-12-31,3.64,$1.92,1.89,$3.60,1.01,$0.54,6.8,$0.10,36.4,$0.04B,$0.01B,4.41,$0.02B,$0.04B,0.42,$0.07B,$0.02B,30.43%,$0.07B,$0.00B,4.35%,$0.07B,$0.00B,4.35%,$0.07B,$0.01B,7.25%,$0.07B,$0.00B,1.45%,$0.07B,$0.00B,2.90%,$0.00B,$0.04B,5.41%,$0.00B,$0.03B,7.84%,$0.00B,$0.06B,3.19%,$0.00B,$0.05B,5.77%,$17,$13,$5,$0,$4,$17,$0,$-0,$0,$0,$0,$0,$0,$1,$0,$19,19,$0.01,$0.01,$2,$18,$0,$36,$7,$0,$11,$0,$25,$61,$8,$16,$0,$16,$24,$0,$29,$0,$37,$61,$-0,$1,$0,$1,$3,$0,$0,$-0,$2,$3,$-0,$0,$0,$0,$0,$0,$0,$-0,$-3,$0,$-3,$-0,$-0,$0,$0,$-3,$-1,$0,$0
24,2012-09-30,3.37,$1.95,1.73,$3.63,0.93,$0.44,7.6,$0.11,30.64,$0.04B,$0.01B,4.55,$0.02B,$0.04B,0.44,$0.07B,$0.02B,30.00%,$0.07B,$0.00B,5.71%,$0.07B,$0.00B,5.71%,$0.07B,$0.01B,7.14%,$0.07B,$0.00B,2.86%,$0.07B,$0.00B,2.86%,$0.00B,$0.04B,5.44%,$0.00B,$0.03B,8.00%,$0.00B,$0.06B,3.14%,$0.00B,$0.05B,8.00%,$15,$11,$4,$0,$5,$16,$-0,$-0,$-1,$-0,$-0,$-0,$-0,$0,$-0,$19,19,$-0.02,$-0.02,$2,$19,$0,$37,$7,$0,$11,$0,$25,$62,$8,$17,$0,$17,$25,$0,$29,$0,$37,$62,$-0,$0,$0,$1,$2,$-0,$0,$-0,$1,$2,$-0,$0,$0,$0,$0,$0,$0,$-0,$-2,$0,$-2,$0,$0,$0,$0,$-2,$-1,$0,$0
25,2012-06-30,2.94,$1.98,1.49,$3.68,0.8,$0.41,7.24,$0.12,24.5,$0.04B,$0.01B,4.91,$0.02B,$0.04B,0.5,$0.07B,$0.02B,29.58%,$0.07B,$0.00B,5.63%,$0.07B,$0.00B,5.63%,$0.07B,$0.01B,7.04%,$0.07B,$0.00B,4.23%,$0.07B,$0.00B,2.82%,$0.00B,$0.04B,5.52%,$0.00B,$0.03B,8.25%,$0.00B,$0.07B,3.07%,$0.00B,$0.06B,8.33%,$20,$13,$7,$0,$5,$18,$2,$-0,$2,$0,$2,$2,$2,$3,$2,$19,19,$0.09,$0.09,$3,$19,$0,$40,$7,$0,$11,$0,$24,$65,$8,$19,$0,$19,$27,$0,$29,$0,$38,$65,$2,$2,$1,$3,$1,$0,$0,$0,$-1,$4,$-1,$0,$0,$0,$0,$0,$0,$-1,$-4,$0,$-4,$0,$0,$0,$-0,$-4,$-0,$0,$0
26,2012-03-31,3.13,$1.88,1.67,$3.73,0.84,$0.41,7.55,$0.10,31.3,$0.04B,$0.02B,2.05,$0.01B,$0.04B,0.25,$0.07B,$0.02B,27.78%,$0.07B,$0.00B,5.56%,$0.07B,$0.00B,5.56%,$0.07B,$0.01B,6.94%,$0.07B,$0.00B,4.17%,$0.07B,$0.00B,1.39%,$0.00B,$0.04B,2.82%,$0.00B,$0.02B,4.26%,$0.00B,$0.06B,1.51%,$0.00B,$0.05B,8.33%,$17,$12,$5,$0,$4,$17,$1,$-0,$0,$0,$0,$0,$0,$1,$1,$19,19,$0.02,$0.02,$3,$20,$0,$38,$7,$0,$12,$0,$25,$63,$19,$9,$0,$9,$28,$0,$27,$0,$36,$63,$0,$2,$0,$2,$4,$-0,$0,$0,$1,$3,$-0,$0,$0,$0,$0,$0,$0,$-0,$-3,$0,$-3,$0,$0,$0,$0,$-3,$-0,$0,$0
27,2011-12-31,2.48,$1.86,1.33,$3.77,0.66,$0.37,6.63,$0.12,20.67,$0.04B,$0.02B,1.99,$0.01B,$0.04B,0.28,$0.07B,$0.02B,28.77%,$0.07B,$0.00B,5.48%,$0.07B,$0.00B,5.48%,$0.07B,$0.01B,6.85%,$0.07B,$0.00B,4.11%,$0.07B,$0.00B,2.74%,$0.00B,$0.04B,5.71%,$0.00B,$0.02B,8.79%,$0.00B,$0.07B,2.95%,$0.00B,$0.05B,7.84%,$18,$13,$5,$0,$4,$17,$1,$-0,$1,$0,$0,$0,$0,$1,$1,$19,19,$0.02,$0.02,$2,$21,$0,$39,$7,$0,$12,$0,$26,$65,$20,$10,$0,$10,$30,$0,$27,$0,$36,$65,$0,$1,$0,$1,$3,$-1,$0,$0,$-0,$1,$-0,$0,$0,$0,$0,$0,$0,$-0,$-2,$0,$-2,$0,$0,$0,$0,$-2,$-1,$0,$0
28,2011-09-30,2.29,$1.85,1.24,$3.78,0.61,$0.37,6.14,$0.11,20.82,$0.04B,$0.02B,1.93,$0.01B,$0.04B,0.3,$0.07B,$0.02B,28.77%,$0.07B,$0.00B,5.48%,$0.07B,$0.00B,5.48%,$0.07B,$0.01B,6.85%,$0.07B,$0.00B,2.74%,$0.07B,$0.00B,2.74%,$0.00B,$0.04B,5.84%,$0.00B,$0.02B,9.20%,$0.00B,$0.07B,2.93%,$0.00B,$0.05B,7.41%,$16,$12,$4,$0,$4,$16,$-0,$-0,$-0,$-0,$-0,$-0,$-0,$0,$-0,$19,19,$-0.01,$-0.01,$3,$22,$0,$42,$8,$0,$12,$0,$26,$68,$22,$11,$0,$11,$33,$0,$27,$0,$35,$68,$-0,$1,$0,$1,$2,$-2,$0,$0,$0,$1,$-0,$0,$0,$0,$0,$0,$0,$-0,$-1,$0,$-1,$0,$0,$0,$0,$-1,$-0,$0,$0
29,2011-06-30,2.97,$1.86,1.6,$3.73,0.8,$0.34,8.84,$0.06,49.5,$0.04B,$0.01B,3.25,$0.02B,$0.04B,0.57,$0.07B,$0.02B,27.78%,$0.07B,$0.00B,4.17%,$0.07B,$0.00B,4.17%,$0.07B,$0.01B,6.94%,$0.07B,$0.00B,1.39%,$0.07B,$0.00B,1.39%,$0.00B,$0.04B,2.96%,$0.00B,$0.02B,4.76%,$0.00B,$0.07B,1.45%,$0.00B,$0.06B,5.24%,$21,$14,$6,$0,$4,$19,$2,$-0,$2,$0,$1,$1,$1,$3,$2,$19,19,$0.07,$0.07,$3,$20,$0,$42,$8,$0,$12,$0,$27,$69,$13,$20,$0,$20,$33,$0,$27,$0,$35,$69,$1,$3,$0,$3,$0,$-1,$0,$-0,$0,$4,$-1,$0,$0,$0,$0,$0,$0,$-1,$-6,$0,$-6,$0,$0,$0,$0,$-6,$-2,$0,$0
30,2011-03-31,2.27,$1.78,1.27,$3.73,0.61,$0.41,5.57,$-0.11,0.0,$0.04B,$0.01B,3.33,$0.02B,$0.03B,0.66,$0.07B,$0.02B,23.61%,$0.07B,$-0.00B,-1.39%,$0.07B,$-0.00B,-1.39%,$0.07B,$0.00B,1.39%,$0.07B,$-0.00B,-4.17%,$0.07B,$-0.00B,-2.78%,$-0.00B,$0.03B,-5.97%,$-0.00B,$0.02B,-9.88%,$-0.00B,$0.07B,-2.85%,$-0.00B,$0.06B,-1.93%,$18,$12,$6,$0,$5,$17,$1,$-0,$0,$-0,$1,$1,$1,$1,$1,$19,19,$0.04,$0.04,$4,$18,$0,$40,$8,$0,$13,$0,$29,$69,$12,$23,$0,$23,$35,$0,$25,$0,$34,$69,$-0,$2,$0,$2,$2,$-0,$0,$0,$0,$2,$-0,$0,$0,$0,$0,$0,$0,$-0,$-4,$0,$-4,$0,$0,$0,$0,$-4,$-2,$0,$0
31,2010-12-31,1.76,$1.74,1.01,$3.64,0.48,$0.54,3.23,$-0.25,0.0,$0.04B,$0.01B,3.9,$0.02B,$0.03B,0.71,$0.07B,$0.02B,21.43%,$0.07B,$-0.00B,-5.71%,$0.07B,$-0.00B,-5.71%,$0.07B,0,0.00%,$0.07B,$-0.01B,-7.14%,$0.07B,$-0.01B,-7.14%,$-0.01B,$0.03B,-14.71%,$-0.01B,$0.02B,-24.39%,$-0.01B,$0.07B,-6.99%,$-0.00B,$0.06B,-8.60%,$18,$13,$5,$0,$4,$17,$1,$-0,$0,$-0,$0,$0,$0,$1,$1,$19,19,$0.01,$0.01,$3,$19,$0,$38,$8,$0,$13,$0,$29,$67,$10,$23,$0,$24,$33,$0,$25,$0,$33,$67,$-1,$1,$0,$1,$4,$-0,$0,$0,$1,$1,$-0,$0,$0,$0,$0,$0,$0,$-0,$-4,$0,$-4,$0,$0,$0,$0,$-4,$-3,$0,$0
32,2010-09-30,1.95,$1.74,1.12,$3.59,0.54,$0.78,2.49,$-0.31,0.0,$0.04B,$0.01B,3.45,$0.03B,$0.03B,0.77,$0.07B,$0.01B,20.29%,$0.07B,$-0.01B,-7.25%,$0.07B,$-0.01B,-7.25%,$0.07B,$-0.00B,-1.45%,$0.07B,$-0.01B,-8.70%,$0.07B,$-0.01B,-8.70%,$-0.01B,$0.03B,-17.02%,$-0.01B,$0.02B,-28.57%,$-0.01B,$0.07B,-8.14%,$-0.01B,$0.06B,-11.98%,$15,$12,$3,$0,$4,$16,$-1,$-1,$-1,$-0,$-1,$-1,$-1,$-0,$-1,$19,19,$-0.06,$-0.06,$5,$20,$0,$42,$8,$0,$14,$0,$29,$71,$12,$25,$0,$26,$38,$0,$25,$0,$33,$71,$-1,$1,$0,$1,$3,$-1,$0,$-0,$1,$0,$-0,$0,$0,$0,$0,$0,$0,$-0,$-1,$0,$-1,$0,$0,$0,$0,$-1,$-1,$0,$0
33,2010-06-30,1.8,$1.79,1.0,$3.55,0.51,$0.94,1.92,$-0.35,0.0,$0.04B,$0.04B,1.09,$0.00B,$0.03B,0.0,$0.07B,$0.01B,20.59%,$0.07B,$-0.01B,-7.35%,$0.07B,$-0.01B,-7.35%,$0.07B,$-0.00B,-2.94%,$0.07B,$-0.01B,-10.29%,$0.07B,$-0.01B,-10.29%,$-0.01B,$0.03B,-19.05%,$-0.01B,$0.02B,-32.18%,$-0.01B,$0.07B,-9.27%,$-0.01B,$0.03B,-13.61%,$21,$18,$3,$0,$5,$22,$-2,$-1,$-2,$-0,$-2,$-2,$-2,$-1,$-2,$19,19,$-0.09,$-0.09,$6,$17,$0,$43,$8,$0,$14,$0,$31,$74,$39,$0,$0,$0,$39,$0,$26,$0,$34,$74,$-7,$4,$1,$4,$2,$4,$0,$-0,$8,$5,$-0,$0,$0,$0,$0,$0,$0,$-0,$-4,$0,$-4,$0,$0,$0,$0,$-4,$1,$0,$0
34,2010-03-31,2.3,$1.89,1.22,$3.46,0.66,$1.00,2.3,$-0.73,0.0,$0.04B,$0.04B,1.09,$0.00B,$0.04B,0.0,$0.07B,$0.01B,21.21%,$0.07B,$-0.01B,-21.21%,$0.07B,$-0.01B,-21.21%,$0.07B,$-0.00B,-1.52%,$0.07B,$-0.02B,-25.76%,$0.07B,$-0.01B,-21.21%,$-0.01B,$0.04B,-36.36%,$-0.01B,$0.02B,-61.54%,$-0.01B,$0.07B,-18.06%,$-0.01B,$0.04B,-32.56%,$16,$12,$4,$0,$5,$18,$-2,$-1,$-2,$-0,$-2,$-2,$-2,$-0,$-2,$19,19,$-0.10,$-0.10,$6,$18,$0,$42,$8,$0,$14,$0,$33,$74,$38,$0,$0,$0,$38,$0,$28,$0,$36,$74,$-5,$3,$0,$3,$4,$3,$0,$-0,$6,$5,$-0,$0,$0,$0,$0,$0,$0,$-0,$-3,$0,$-3,$0,$0,$0,$0,$-3,$2,$0,$0
35,2009-12-31,1.67,$1.89,0.89,$3.36,0.5,$0.96,1.74,$-0.89,0.0,$0.04B,$0.04B,1.11,$0.00B,$0.04B,0.0,$0.06B,$0.01B,15.63%,$0.06B,$-0.02B,-26.56%,$0.06B,$-0.02B,-26.56%,$0.06B,$-0.01B,-9.38%,$0.06B,$-0.02B,-32.81%,$0.06B,$-0.02B,-26.56%,$-0.02B,$0.04B,-40.72%,$-0.02B,$0.02B,-73.91%,$-0.02B,$0.08B,-20.54%,$-0.02B,$0.04B,-36.76%,$17,$13,$4,$0,$4,$17,$-0,$-1,$-1,$-0,$-1,$-1,$-1,$0,$-0,$19,19,$-0.05,$-0.05,$8,$17,$0,$42,$9,$0,$15,$0,$34,$76,$38,$0,$0,$0,$39,$0,$29,$0,$38,$76,$-3,$1,$0,$1,$4,$4,$0,$0,$7,$6,$-0,$0,$0,$0,$0,$0,$0,$-0,$-2,$0,$-2,$0,$0,$0,$0,$-2,$4,$0,$0
36,2009-09-30,1.33,$2.03,0.66,$3.48,0.38,$0.82,1.62,$-0.82,0.0,$0.04B,$0.04B,1.08,$0.00B,$0.04B,0.0,$0.07B,$0.01B,18.18%,$0.07B,$-0.02B,-24.24%,$0.07B,$-0.02B,-24.24%,$0.07B,$-0.01B,-7.58%,$0.07B,$-0.02B,-30.30%,$0.07B,$-0.02B,-24.24%,$-0.02B,$0.04B,-34.97%,$-0.02B,$0.02B,-65.31%,$-0.02B,$0.08B,-17.83%,$-0.02B,$0.04B,-27.12%,$14,$11,$3,$0,$5,$16,$-1,$-1,$-2,$-0,$-2,$-2,$-2,$-1,$-1,$19,19,$-0.10,$-0.10,$6,$17,$0,$42,$9,$0,$16,$0,$36,$78,$39,$0,$0,$0,$39,$0,$30,$0,$39,$78,$-2,$1,$-0,$1,$3,$2,$0,$0,$4,$3,$-0,$0,$0,$0,$0,$0,$0,$-0,$-1,$0,$-1,$0,$0,$0,$0,$-1,$2,$0,$0
37,2009-06-30,1.18,$2.12,0.56,$3.62,0.33,$0.69,1.71,$-0.70,0.0,$0.05B,$0.02B,2.01,$0.02B,$0.04B,0.46,$0.07B,$0.02B,21.74%,$0.07B,$-0.01B,-20.29%,$0.07B,$-0.01B,-20.29%,$0.07B,$-0.00B,-4.35%,$0.07B,$-0.02B,-26.09%,$0.07B,$-0.01B,-20.29%,$-0.01B,$0.04B,-28.28%,$-0.01B,$0.02B,-54.90%,$-0.01B,$0.08B,-14.51%,$-0.01B,$0.06B,-19.51%,$19,$16,$3,$0,$5,$30,$-11,$-0,$-12,$-3,$-9,$-9,$-9,$-0,$-11,$19,19,$-0.48,$-0.48,$4,$19,$0,$45,$9,$0,$16,$0,$37,$82,$22,$19,$0,$19,$41,$0,$32,$0,$41,$82,$-13,$12,$-3,$10,$8,$5,$0,$1,$10,$7,$-1,$0,$-25,$0,$0,$0,$0,$-25,$-5,$0,$-5,$0,$0,$0,$25,$20,$1,$0,$0
38,2009-03-31,1.09,$2.59,0.42,$3.75,0.29,$0.51,2.15,$-0.28,0.0,$0.05B,$0.04B,1.15,$0.00B,$0.05B,0.0,$0.07B,$0.02B,22.22%,$0.07B,$-0.00B,-5.56%,$0.07B,$-0.00B,-5.56%,$0.07B,$-0.00B,-4.17%,$0.07B,$-0.01B,-9.72%,$0.07B,$-0.01B,-8.33%,$-0.01B,$0.05B,-11.37%,$-0.01B,$0.02B,-19.67%,$-0.01B,$0.10B,-6.30%,$-0.00B,$0.05B,-5.44%,$14,$14,$-0,$0,$5,$19,$-5,$-1,$-6,$-1,$-5,$-5,$-5,$-5,$-5,$19,19,$-0.26,$-0.26,$3,$26,$0,$50,$9,$0,$27,$0,$45,$95,$43,$0,$0,$2,$45,$0,$41,$0,$49,$95,$-4,$1,$0,$2,$9,$-1,$0,$1,$7,$4,$-0,$0,$-25,$0,$0,$0,$0,$-25,$-4,$0,$-4,$0,$0,$0,$25,$21,$-0,$0,$0
39,2008-12-31,1.28,$2.85,0.45,$3.84,0.33,$0.34,3.76,$0.15,8.53,$0.06B,$0.01B,4.55,$0.04B,$0.05B,0.64,$0.07B,$0.02B,29.73%,$0.07B,$0.00B,4.05%,$0.07B,$0.00B,4.05%,$0.07B,$0.00B,5.41%,$0.07B,0,0.00%,$0.07B,$0.00B,2.70%,$0.00B,$0.05B,3.69%,$0.00B,$0.03B,5.56%,$0.00B,$0.10B,2.19%,$0.00B,$0.09B,3.83%,$19,$13,$6,$0,$5,$18,$1,$-0,$0,$0,$0,$0,$0,$1,$1,$19,19,$0.02,$0.02,$6,$28,$0,$58,$9,$0,$27,$0,$46,$104,$13,$35,$0,$37,$50,$0,$46,$0,$54,$104,$1,$1,$0,$1,$5,$-3,$0,$0,$1,$3,$-0,$0,$-25,$0,$0,$0,$0,$-25,$-0,$0,$-0,$0,$0,$0,$25,$25,$3,$0,$0
40,2008-09-30,2.93,$2.83,1.04,$3.66,0.8,$0.23,12.49,$0.19,15.42,$0.06B,$0.01B,4.33,$0.04B,$0.05B,0.66,$0.07B,$0.02B,29.58%,$0.07B,$0.00B,4.23%,$0.07B,$0.00B,4.23%,$0.07B,$0.01B,7.04%,$0.07B,$0.00B,1.41%,$0.07B,$0.00B,4.23%,$0.00B,$0.05B,5.61%,$0.00B,$0.03B,7.59%,$0.00B,$0.11B,3.55%,$0.00B,$0.09B,4.17%,$17,$12,$6,$0,$5,$17,$1,$-0,$0,$0,$0,$0,$0,$1,$1,$19,19,$0.02,$0.02,$4,$27,$0,$60,$10,$0,$27,$1,$45,$105,$14,$36,$0,$38,$51,$0,$46,$0,$54,$105,$0,$0,$0,$1,$1,$-1,$0,$-0,$-0,$1,$-0,$0,$-25,$0,$0,$0,$0,$-25,$1,$0,$1,$0,$0,$0,$25,$26,$2,$0,$0
41,2008-06-30,4.53,$2.80,1.62,$3.45,1.31,$0.28,15.93,$0.19,23.84,$0.05B,$0.01B,5.73,$0.01B,$0.05B,0.23,$0.07B,$0.02B,29.41%,$0.07B,$0.00B,4.41%,$0.07B,$0.00B,4.41%,$0.07B,$0.01B,7.35%,$0.07B,$0.00B,2.94%,$0.07B,$0.00B,4.41%,$0.00B,$0.05B,5.66%,$0.00B,$0.04B,6.94%,$0.00B,$0.08B,3.88%,$0.00B,$0.07B,4.60%,$22,$18,$4,$0,$5,$23,$-1,$-0,$-1,$0,$-1,$-1,$-1,$-0,$-1,$19,20,$-0.06,$-0.06,$3,$10,$0,$50,$9,$0,$10,$0,$27,$77,$9,$12,$0,$14,$23,$0,$46,$0,$54,$77,$4,$1,$1,$2,$-0,$1,$0,$-0,$-2,$4,$-1,$0,$0,$0,$0,$0,$0,$-1,$2,$0,$2,$-3,$-3,$0,$0,$-2,$1,$0,$0
42,2008-03-31,4.92,$2.86,1.72,$3.33,1.48,$-0.10,0.0,$0.30,16.4,$0.05B,$0.01B,5.59,$0.01B,$0.06B,0.26,$0.07B,$0.02B,34.33%,$0.07B,$0.01B,8.96%,$0.07B,$0.01B,8.96%,$0.07B,$0.01B,10.45%,$0.07B,$0.01B,7.46%,$0.07B,$0.01B,7.46%,$0.01B,$0.06B,9.48%,$0.01B,$0.05B,11.56%,$0.01B,$0.08B,6.47%,$0.01B,$0.07B,9.27%,$16,$11,$6,$0,$4,$15,$2,$-0,$1,$-2,$3,$3,$3,$2,$2,$19,20,$0.17,$0.17,$2,$26,$0,$52,$9,$0,$10,$0,$28,$80,$9,$14,$0,$16,$25,$0,$47,$0,$55,$80,$5,$1,$1,$2,$4,$-7,$0,$-0,$-6,$1,$-1,$0,$0,$0,$0,$0,$0,$-1,$3,$0,$3,$-3,$-3,$0,$0,$-0,$0,$0,$0
43,2007-12-31,6.25,$2.69,2.33,$3.26,1.92,$-0.38,0.0,$0.19,32.89,$0.05B,$0.01B,5.58,$0.01B,$0.05B,0.24,$0.07B,$0.02B,32.84%,$0.07B,$0.01B,7.46%,$0.07B,$0.01B,7.46%,$0.07B,$0.01B,10.45%,$0.07B,$0.01B,7.46%,$0.07B,$0.00B,4.48%,$0.00B,$0.05B,5.71%,$0.00B,$0.04B,6.98%,$0.00B,$0.08B,3.92%,$0.01B,$0.06B,7.87%,$16,$11,$5,$0,$4,$15,$1,$-0,$1,$-0,$1,$1,$1,$2,$1,$19,20,$0.06,$0.06,$1,$25,$0,$49,$9,$0,$10,$0,$27,$76,$9,$12,$3,$16,$25,$0,$43,$0,$51,$76,$2,$1,$-0,$0,$4,$-4,$0,$-0,$-1,$1,$-0,$0,$0,$0,$0,$0,$0,$-0,$2,$0,$2,$-3,$-3,$0,$0,$-2,$-1,$0,$0
44,2007-09-30,5.57,$2.67,2.09,$3.22,1.73,$-0.67,0.0,$0.19,29.32,$0.05B,$0.01B,5.13,$0.01B,$0.05B,0.21,$0.07B,$0.02B,34.33%,$0.07B,$0.01B,8.96%,$0.07B,$0.01B,8.96%,$0.07B,$0.01B,10.45%,$0.07B,$0.01B,8.96%,$0.07B,$0.00B,4.48%,$0.00B,$0.05B,5.66%,$0.00B,$0.04B,6.90%,$0.00B,$0.08B,3.92%,$0.01B,$0.06B,9.56%,$14,$9,$5,$0,$4,$13,$1,$-0,$1,$0,$0,$0,$0,$1,$1,$20,20,$0.02,$0.02,$2,$23,$0,$49,$9,$0,$10,$0,$27,$76,$10,$11,$3,$15,$24,$0,$42,$0,$52,$76,$0,$0,$-0,$0,$4,$-2,$0,$-0,$1,$2,$-0,$0,$0,$0,$0,$0,$0,$-0,$0,$0,$0,$-1,$-1,$0,$0,$-1,$0,$0,$0
45,2007-06-30,6.3,$2.71,2.33,$3.21,1.96,$-0.83,0.0,$0.22,28.64,$0.05B,$0.01B,5.31,$0.01B,$0.05B,0.21,$0.07B,$0.02B,35.82%,$0.07B,$0.01B,10.45%,$0.07B,$0.01B,10.45%,$0.07B,$0.01B,11.94%,$0.07B,$0.01B,8.96%,$0.07B,$0.00B,5.97%,$0.00B,$0.05B,7.55%,$0.00B,$0.04B,9.20%,$0.00B,$0.08B,5.28%,$0.01B,$0.06B,11.43%,$21,$13,$7,$0,$5,$19,$2,$-0,$2,$1,$1,$1,$1,$2,$2,$20,21,$0.04,$0.03,$2,$20,$0,$50,$9,$0,$10,$0,$27,$77,$9,$11,$2,$14,$24,$0,$42,$0,$53,$77,$4,$1,$0,$2,$-0,$-6,$0,$-0,$-9,$-4,$-1,$0,$0,$0,$0,$0,$0,$-1,$6,$0,$6,$-2,$-2,$0,$0,$4,$-1,$0,$0
46,2007-03-31,5.3,$2.69,1.97,$3.23,1.64,$-0.68,0.0,$0.30,17.67,$0.06B,$0.01B,5.74,$0.01B,$0.05B,0.17,$0.07B,$0.03B,38.81%,$0.07B,$0.01B,13.43%,$0.07B,$0.01B,13.43%,$0.07B,$0.01B,14.93%,$0.07B,$0.01B,11.94%,$0.07B,$0.01B,7.46%,$0.01B,$0.05B,9.52%,$0.01B,$0.04B,11.70%,$0.01B,$0.08B,6.73%,$0.01B,$0.06B,15.19%,$16,$10,$5,$0,$4,$14,$1,$-0,$1,$0,$1,$1,$1,$2,$1,$20,21,$0.06,$0.06,$1,$32,$0,$58,$9,$0,$10,$0,$19,$77,$10,$9,$2,$13,$23,$0,$41,$0,$54,$77,$3,$1,$-0,$1,$3,$-9,$0,$-0,$-8,$-4,$-1,$0,$0,$0,$0,$0,$0,$-1,$5,$0,$5,$-1,$-1,$0,$0,$4,$-2,$0,$0
47,2006-12-31,5.87,$2.66,2.21,$3.30,1.78,$-0.55,0.0,$0.31,18.74,$0.06B,$0.01B,5.34,$0.01B,$0.05B,0.14,$0.07B,$0.03B,39.71%,$0.07B,$0.01B,14.71%,$0.07B,$0.01B,14.71%,$0.07B,$0.01B,16.18%,$0.07B,$0.01B,13.24%,$0.07B,$0.01B,7.35%,$0.01B,$0.05B,9.80%,$0.01B,$0.04B,12.05%,$0.01B,$0.08B,6.99%,$0.01B,$0.06B,17.70%,$16,$10,$6,$0,$4,$14,$2,$-0,$2,$1,$1,$1,$1,$2,$2,$20,21,$0.06,$0.06,$1,$31,$0,$57,$9,$0,$10,$0,$19,$76,$11,$8,$2,$12,$23,$0,$40,$0,$53,$76,$2,$1,$0,$1,$2,$-8,$0,$-1,$-7,$-5,$-1,$0,$0,$0,$0,$0,$0,$-1,$3,$0,$3,$0,$0,$0,$0,$3,$-2,$0,$0
