,Date,Stock Price,Book Value per Share,Price to Book Ratio,TTM Sales per Share,Price to Sales Ratio,TTM FCF per Share,Price to FCF Ratio,TTM Net EPS,PE Ratio,Current Assets,Current Liabilities,Current Ratio,Long Term Debt,Shareholder's Equity_x,Debt to Equity Ratio,TTM Revenue_x,TTM Gross Profit,Gross Margin,TTM Revenue_y,TTM Operating Income,Operating Margin,TTM Revenue_x,TTM EBIT,EBIT Margin,TTM Revenue_y,TTM EBITDA,EBITDA Margin,TTM Revenue_x,TTM Pre-Tax Income,Pre-Tax Margin,TTM Revenue_y,TTM Net Income_x,Net Margin,TTM Net Income_y,Shareholder's Equity_y,Return on Equity,TTM Net Income_x,Tangible Equity,Return on Tangible Equity,TTM Net Income_y,Total Assets,Return on Assets,TTM Net Income,LT Investments & Debt,Return on Investment,revenue,cost-goods-sold,gross-profit,research-development-expenses,selling-general-administrative-expenses,operating-expenses,operating-income,total-non-operating-income-expense,pre-tax-income,total-provision-income-taxes,income-after-taxes,income-from-continuous-operations,net-income,ebitda,ebit,basic-shares-outstanding,shares-outstanding,eps-basic-net-earnings-per-share,eps-earnings-per-share-diluted,cash-on-hand,inventory,other-current-assets,total-current-assets,net-property-plant-equipment,long-term-investments,goodwill-intangible-assets-total,other-long-term-assets,total-long-term-assets,total-assets,total-current-liabilities,long-term-debt,other-non-current-liabilities,total-long-term-liabilities,total-liabilities,common-stock-net,retained-earnings-accumulated-deficit,comprehensive-income,total-share-holder-equity,total-liabilities-share-holders-equity,net-income-loss,total-depreciation-amortization-cash-flow,other-non-cash-items,total-non-cash-items,change-in-accounts-receivable,change-in-inventories,change-in-accounts-payable,change-in-assets-liabilities,total-change-in-assets-liabilities,cash-flow-from-operating-activities,net-change-in-property-plant-equipment,net-change-in-intangible-assets,net-acquisitions-divestitures,net-change-in-short-term-investments,net-change-in-long-term-investments,net-change-in-investments-total,investing-activities-other,cash-flow-from-investing-activities,net-long-term-debt,net-current-debt,debt-issuance-retirement-net-total,net-common-equity-issued-repurchased,net-total-equity-issued-repurchased,total-common-preferred-stock-dividends-paid,financial-activities-other,cash-flow-from-financial-activities,net-cash-flow,stock-based-compensation,common-stock-dividends-paid
0,2018-10-31,78.49,$6.02,13.03,$22.89,3.43,$12.11,6.48,$1.06,74.05,$5.47B,$3.31B,1.65,$1.14B,$1.53B,0.75,$6.17B,$3.91B,63.44%,$6.17B,$1.31B,21.23%,$6.17B,$1.31B,21.23%,$6.17B,$1.50B,24.38%,$6.17B,$1.36B,22.12%,$6.17B,$0.30B,4.78%,$0.30B,$1.53B,14.93%,$0.30B,$-0.28B,198.32%,$0.30B,$8.55B,3.17%,$1.31B,$2.67B,38.30%,$1517,$543,$974,$211,$477,$1231,$286,$7,$293,$52,$241,$241,$241,$335,$286,$258,264,$0.93,$0.91,$4299,$86,$321,$5471,$770,$0,$1811,$499,$3080,$8551,$3310,$1144,$899,$3711,$7021,$1605,$0,$-75,$1530,$8551,$524,$98,$64,$162,$269,$36,$-127,$-148,$-195,$491,$-107,$0,$-3,$509,$-20,$489,$2,$381,$-135,$0,$-135,$-1085,$-1085,$-207,$-2,$-1429,$-582,$78,$-207
1,2018-07-31,77.52,$7.39,10.49,$22.29,3.48,$12.47,6.22,$0.79,98.13,$5.85B,$2.84B,2.06,$1.54B,$1.92B,0.8,$6.06B,$3.84B,63.29%,$6.06B,$1.24B,20.43%,$6.06B,$1.24B,20.43%,$6.06B,$1.44B,23.66%,$6.06B,$1.29B,21.32%,$6.06B,$0.23B,3.76%,$0.23B,$1.92B,9.97%,$0.23B,$0.10B,50.84%,$0.23B,$8.91B,2.34%,$1.24B,$3.46B,32.36%,$1474,$511,$963,$208,$482,$1220,$254,$18,$272,$-11,$283,$283,$283,$303,$254,$262,269,$1.08,$1.05,$4811,$97,$329,$5853,$768,$0,$1820,$464,$3052,$8905,$2840,$1542,$964,$4143,$6983,$1992,$0,$-70,$1922,$8905,$283,$49,$22,$71,$423,$25,$-177,$-82,$-27,$326,$-64,$0,$0,$267,$-19,$248,$2,$186,$-185,$0,$-185,$-521,$-521,$-105,$-1,$-812,$-314,$40,$-105
2,2018-04-30,66.24,$8.65,7.65,$21.57,3.07,$12.27,5.4,$0.23,288.0,$6.95B,$3.53B,1.97,$1.54B,$2.28B,0.68,$5.91B,$3.70B,62.58%,$5.91B,$1.13B,19.03%,$5.91B,$1.13B,19.03%,$5.91B,$1.32B,22.38%,$5.91B,$1.17B,19.73%,$5.91B,$0.08B,1.29%,$0.08B,$2.28B,3.04%,$0.08B,$0.44B,11.54%,$0.08B,$9.99B,0.77%,$1.13B,$3.82B,29.29%,$1652,$618,$1034,$203,$533,$1354,$298,$16,$314,$37,$277,$277,$277,$346,$298,$268,276,$1.03,$1.07,$5391,$122,$392,$6952,$756,$0,$1833,$450,$3039,$9991,$3531,$1541,$992,$4184,$7715,$2355,$-9,$-70,$2276,$9991,$76,$198,$193,$391,$-272,$37,$262,$117,$1020,$1478,$65,$0,$-75,$1379,$-1389,$-10,$-1,$-21,$45,$0,$45,$-696,$-696,$-214,$-121,$-986,$497,$161,$-214
3,2018-01-31,60.99,$8.12,7.51,$20.85,2.93,$9.56,6.38,$-0.08,0.0,$6.77B,$3.55B,1.91,$1.54B,$2.18B,0.71,$5.74B,$3.58B,62.33%,$5.74B,$1.07B,18.71%,$5.74B,$1.07B,18.71%,$5.74B,$1.28B,22.25%,$5.74B,$1.10B,19.16%,$5.74B,$-0.01B,-0.19%,$-0.01B,$2.18B,-0.42%,$-0.01B,$0.33B,-1.39%,$-0.01B,$9.79B,-0.11%,$1.07B,$3.72B,28.51%,$1523,$582,$941,$193,$495,$1052,$471,$14,$485,$991,$-506,$-506,$-506,$519,$471,$268,268,$-1.89,$-1.89,$5619,$98,$295,$6766,$741,$0,$1845,$435,$3021,$9787,$3548,$1540,$973,$4063,$7611,$2707,$-489,$-42,$2176,$9787,$-195,$150,$157,$307,$-8,$65,$115,$-74,$879,$984,$113,$0,$-75,$1084,$-1262,$-178,$-1,$-141,$177,$0,$177,$-360,$-360,$-161,$-6,$-350,$530,$125,$-161
4,2017-10-31,43.9,$10.40,4.22,$20.16,2.18,$7.19,6.1,$2.33,18.84,$7.02B,$4.21B,1.67,$1.54B,$2.78B,0.56,$5.62B,$3.49B,62.05%,$5.62B,$0.79B,13.98%,$5.62B,$0.79B,13.98%,$5.62B,$1.00B,17.74%,$5.62B,$0.80B,14.20%,$5.62B,$0.64B,11.40%,$0.64B,$2.78B,23.27%,$0.64B,$0.92B,69.32%,$0.64B,$10.31B,6.67%,$0.79B,$4.32B,21.25%,$1415,$515,$900,$194,$490,$1199,$216,$6,$222,$48,$174,$174,$174,$267,$216,$269,275,$0.65,$0.63,$5965,$108,$363,$7020,$795,$0,$1859,$634,$3288,$10308,$4214,$1540,$255,$3317,$7531,$2779,$17,$-19,$2777,$10308,$305,$102,$122,$224,$146,$58,$34,$-134,$38,$564,$-65,$0,$-75,$657,$-609,$48,$0,$-92,$1013,$0,$1013,$-303,$-303,$-108,$-1,$601,$1086,$87,$-108
5,2017-07-31,42.72,$10.25,4.17,$19.74,2.16,$6.41,6.66,$2.07,20.64,$6.30B,$4.29B,1.47,$0.75B,$2.77B,0.27,$5.55B,$3.42B,61.61%,$5.55B,$0.71B,12.84%,$5.55B,$0.71B,12.84%,$5.55B,$0.93B,16.75%,$5.55B,$0.72B,12.95%,$5.55B,$0.58B,10.39%,$0.58B,$2.77B,20.89%,$0.58B,$0.94B,61.67%,$0.58B,$9.60B,6.24%,$0.71B,$3.51B,19.30%,$1321,$497,$824,$193,$491,$1181,$140,$5,$145,$14,$131,$131,$131,$191,$140,$270,278,$0.49,$0.47,$5321,$143,$316,$6298,$799,$0,$1825,$677,$3301,$9599,$4287,$745,$250,$2544,$6831,$2771,$10,$-13,$2768,$9599,$131,$51,$53,$104,$226,$24,$-58,$-41,$16,$250,$-36,$0,$-24,$387,$-275,$112,$1,$53,$394,$0,$394,$-159,$-159,$-54,$0,$181,$503,$48,$-54
6,2017-04-30,39.01,$10.33,3.77,$19.57,1.99,$6.32,6.17,$1.81,21.55,$6.20B,$4.12B,1.5,$0.74B,$2.78B,0.27,$5.52B,$3.39B,61.42%,$5.52B,$0.67B,12.05%,$5.52B,$0.67B,12.05%,$5.52B,$0.89B,16.14%,$5.52B,$0.67B,12.05%,$5.52B,$0.51B,9.22%,$0.51B,$2.78B,18.42%,$0.51B,$0.97B,54.44%,$0.51B,$9.49B,5.64%,$0.67B,$3.52B,17.13%,$1481,$568,$913,$191,$475,$1234,$247,$0,$248,$58,$190,$190,$190,$300,$247,$275,281,$0.70,$0.68,$4921,$163,$383,$6198,$799,$0,$1815,$681,$3295,$9493,$4122,$744,$249,$2591,$6713,$2769,$40,$-29,$2780,$9493,$509,$226,$269,$495,$81,$-65,$94,$-36,$-18,$986,$-175,$0,$-8,$1934,$-1977,$-43,$6,$-220,$0,$-850,$-850,$-613,$-613,$-208,$492,$-1179,$-424,$195,$-208
7,2017-01-31,37.34,$9.94,3.76,$18.95,1.97,$6.52,5.72,$1.10,33.95,$5.65B,$3.84B,1.47,$0.74B,$2.69B,0.28,$5.42B,$3.30B,60.82%,$5.42B,$0.48B,8.90%,$5.42B,$0.48B,8.90%,$5.42B,$0.73B,13.51%,$5.42B,$0.48B,8.80%,$5.42B,$0.31B,5.74%,$0.31B,$2.69B,11.15%,$0.31B,$0.87B,32.74%,$0.31B,$9.06B,3.40%,$0.48B,$3.44B,11.78%,$1404,$553,$851,$181,$445,$1221,$183,$0,$183,$37,$146,$146,$146,$239,$183,$274,281,$0.53,$0.52,$4639,$125,$277,$5646,$892,$0,$1821,$696,$3409,$9055,$3844,$744,$238,$2517,$6361,$2731,$0,$-37,$2694,$9055,$319,$173,$204,$377,$208,$-27,$13,$-132,$-75,$621,$-137,$0,$0,$1385,$-1383,$2,$2,$-133,$392,$-850,$-458,$-506,$-506,$-157,$-7,$-1128,$-655,$149,$-157
8,2016-10-31,32.9,$10.11,3.26,$18.64,1.77,$6.50,5.06,$1.10,29.91,$5.22B,$2.53B,2.07,$1.49B,$2.79B,0.54,$5.40B,$3.30B,61.09%,$5.40B,$0.46B,8.59%,$5.40B,$0.46B,8.59%,$5.40B,$0.72B,13.41%,$5.40B,$0.46B,8.46%,$5.40B,$0.32B,5.89%,$0.32B,$2.79B,10.99%,$0.32B,$0.96B,25.58%,$0.32B,$8.76B,3.50%,$0.46B,$4.28B,10.59%,$1340,$511,$829,$200,$487,$1198,$142,$0,$142,$33,$109,$109,$109,$199,$142,$278,284,$0.39,$0.38,$4357,$97,$219,$5220,$949,$0,$1834,$759,$3542,$8762,$2528,$1492,$407,$3445,$5973,$2830,$0,$-41,$2789,$8762,$173,$117,$116,$233,$264,$1,$-13,$-130,$-16,$386,$-92,$0,$0,$985,$-795,$190,$-1,$97,$0,$-850,$-850,$-267,$-267,$-105,$-3,$-1225,$-755,$103,$-105
9,2016-07-31,25.4,$10.04,2.53,$18.80,1.35,$6.11,4.16,$1.11,22.88,$5.22B,$2.52B,2.07,$1.49B,$2.79B,0.53,$5.51B,$3.35B,60.93%,$5.51B,$0.47B,8.48%,$5.51B,$0.47B,8.48%,$5.51B,$0.74B,13.39%,$5.51B,$0.46B,8.34%,$5.51B,$0.32B,5.87%,$0.32B,$2.79B,10.98%,$0.32B,$0.95B,21.80%,$0.32B,$8.79B,3.56%,$0.47B,$4.28B,10.54%,$1294,$497,$797,$207,$497,$1201,$93,$-1,$92,$28,$64,$64,$64,$153,$93,$279,282,$0.23,$0.23,$4421,$81,$220,$5223,$942,$0,$1845,$777,$3564,$8787,$2524,$1491,$404,$3471,$5995,$2823,$0,$-31,$2792,$8787,$64,$60,$64,$124,$311,$17,$-30,$-51,$49,$228,$-36,$0,$0,$598,$-285,$313,$-1,$276,$0,$-850,$-850,$-166,$-166,$-53,$-2,$-1071,$-574,$52,$-53
10,2016-04-30,22.62,$10.25,2.21,$18.60,1.22,$5.73,3.95,$0.78,29.0,$6.45B,$3.66B,1.76,$1.49B,$2.88B,0.52,$5.55B,$3.37B,60.82%,$5.55B,$0.35B,6.27%,$5.55B,$0.35B,6.27%,$5.55B,$0.63B,11.31%,$5.55B,$0.35B,6.22%,$5.55B,$0.23B,4.13%,$0.23B,$2.88B,7.65%,$0.23B,$1.03B,13.30%,$0.23B,$10.04B,2.53%,$0.35B,$4.37B,7.76%,$1380,$562,$818,$201,$518,$1316,$64,$-4,$60,$68,$-8,$-8,$-8,$141,$64,$294,297,$-0.03,$-0.04,$5303,$98,$234,$6448,$937,$0,$1856,$796,$3589,$10037,$3662,$1490,$413,$3494,$7156,$2912,$0,$-31,$2881,$10037,$229,$279,$166,$445,$-16,$49,$-53,$295,$266,$974,$-58,$0,$-842,$2571,$-1589,$982,$3,$85,$0,$850,$850,$-890,$-890,$-210,$141,$-109,$946,$260,$-210
11,2016-01-31,20.84,$10.68,1.95,$18.75,1.11,$6.05,3.45,$1.24,16.81,$6.06B,$2.48B,2.45,$1.49B,$3.11B,0.48,$5.71B,$3.49B,61.16%,$5.71B,$0.45B,7.80%,$5.71B,$0.45B,7.80%,$5.71B,$0.72B,12.60%,$5.71B,$0.45B,7.87%,$5.71B,$0.37B,6.52%,$0.37B,$3.11B,11.89%,$0.37B,$2.05B,18.24%,$0.37B,$8.79B,4.19%,$0.45B,$4.60B,9.64%,$1386,$531,$855,$200,$488,$1221,$165,$-2,$163,$10,$153,$153,$153,$231,$165,$293,296,$0.52,$0.52,$5023,$102,$354,$6064,$873,$0,$1064,$784,$2721,$8785,$2476,$1490,$269,$3200,$5676,$3099,$51,$-41,$3109,$8785,$237,$202,$95,$297,$190,$44,$-113,$30,$73,$629,$-125,$0,$0,$2048,$-1169,$879,$-1,$753,$0,$0,$0,$-628,$-628,$-159,$-3,$-790,$573,$199,$-159
12,2015-10-31,32.08,$10.23,3.14,$18.96,1.69,$6.66,4.82,$1.28,25.06,$6.08B,$2.45B,2.48,$1.49B,$2.99B,0.5,$5.87B,$3.61B,61.52%,$5.87B,$0.48B,8.21%,$5.87B,$0.48B,8.21%,$5.87B,$0.77B,13.12%,$5.87B,$0.49B,8.28%,$5.87B,$0.40B,6.75%,$0.40B,$2.99B,12.27%,$0.40B,$1.91B,18.66%,$0.40B,$8.64B,4.40%,$0.48B,$4.48B,10.22%,$1445,$561,$884,$216,$522,$1300,$145,$-1,$144,$30,$114,$114,$114,$212,$145,$294,296,$0.39,$0.39,$4814,$125,$555,$6081,$1004,$0,$1078,$472,$2554,$8635,$2453,$1489,$269,$3195,$5648,$3022,$0,$-35,$2987,$8635,$84,$136,$84,$220,$189,$21,$-60,$-78,$-16,$274,$-84,$0,$0,$1674,$-886,$788,$0,$704,$0,$0,$0,$-588,$-588,$-107,$1,$-694,$276,$136,$-107
13,2015-07-31,29.22,$10.10,2.89,$18.86,1.55,$7.53,3.88,$1.38,21.18,$6.12B,$2.48B,2.47,$1.49B,$3.00B,0.5,$5.97B,$3.71B,62.17%,$5.97B,$0.53B,8.88%,$5.97B,$0.53B,8.88%,$5.97B,$0.83B,13.87%,$5.97B,$0.53B,8.90%,$5.97B,$0.44B,7.40%,$0.44B,$3.00B,13.21%,$0.44B,$1.91B,19.73%,$0.44B,$8.70B,4.84%,$0.53B,$4.49B,10.96%,$1335,$519,$816,$244,$571,$1361,$-26,$4,$-22,$8,$-30,$-30,$-30,$43,$-26,$304,304,$-0.10,$-0.10,$4950,$193,$561,$6119,$1011,$0,$1091,$476,$2578,$8697,$2480,$1488,$302,$3217,$5697,$3065,$-31,$-34,$3000,$8697,$-30,$69,$41,$110,$361,$-47,$-33,$-232,$49,$129,$-38,$0,$0,$1016,$-238,$778,$2,$742,$0,$0,$0,$-411,$-411,$-54,$1,$-464,$402,$77,$-54
14,2015-04-30,33.81,$11.16,3.03,$18.99,1.78,$7.71,4.38,$1.75,19.32,$6.77B,$2.71B,2.5,$1.49B,$3.41B,0.44,$6.12B,$3.83B,62.60%,$6.12B,$0.72B,11.69%,$6.12B,$0.72B,11.69%,$6.12B,$1.02B,16.71%,$6.12B,$0.71B,11.64%,$6.12B,$0.56B,9.15%,$0.56B,$3.41B,15.75%,$0.56B,$2.30B,22.88%,$0.56B,$9.40B,6.01%,$0.72B,$4.90B,14.18%,$1540,$605,$935,$233,$541,$1379,$161,$3,$164,$29,$135,$135,$135,$233,$161,$316,321,$0.43,$0.43,$5326,$146,$522,$6773,$1030,$0,$1117,$481,$2628,$9401,$2709,$1487,$318,$3278,$5987,$3385,$53,$-24,$3414,$9401,$560,$307,$236,$543,$75,$-24,$39,$135,$158,$1268,$-175,$0,$-85,$1952,$-2597,$-645,$2,$-903,$495,$0,$495,$-1008,$-1008,$-208,$46,$-675,$-369,$259,$-208
15,2015-01-31,35.09,$11.26,3.12,$18.93,1.85,$7.55,4.65,$1.91,18.37,$6.56B,$2.49B,2.63,$1.50B,$3.51B,0.43,$6.23B,$3.94B,63.22%,$6.23B,$0.78B,12.48%,$6.23B,$0.78B,12.50%,$6.23B,$1.10B,17.57%,$6.23B,$0.78B,12.45%,$6.23B,$0.62B,10.00%,$0.62B,$3.51B,17.08%,$0.62B,$2.37B,24.50%,$0.62B,$9.24B,6.72%,$0.78B,$5.00B,15.51%,$1551,$574,$977,$230,$545,$1349,$202,$-2,$200,$23,$177,$177,$177,$282,$202,$312,317,$0.57,$0.56,$5253,$118,$518,$6555,$1051,$0,$1136,$493,$2680,$9235,$2491,$1495,$310,$3235,$5727,$0,$70,$-14,$3508,$9235,$425,$235,$172,$407,$187,$5,$-46,$-106,$40,$872,$-138,$0,$-85,$1473,$-1432,$41,$3,$-179,$495,$0,$495,$-773,$-773,$-157,$46,$-389,$249,$196,$-157
16,2014-10-31,39.57,$11.06,3.58,$18.69,2.12,$7.59,5.21,$1.90,20.83,$6.49B,$2.49B,2.61,$1.49B,$3.46B,0.43,$6.29B,$3.97B,63.03%,$6.29B,$0.80B,12.76%,$6.29B,$0.80B,12.78%,$6.29B,$1.12B,17.85%,$6.29B,$0.81B,12.81%,$6.29B,$0.64B,10.14%,$0.64B,$3.46B,17.01%,$0.64B,$2.38B,24.09%,$0.64B,$9.18B,6.92%,$0.80B,$4.96B,16.08%,$1543,$560,$983,$229,$561,$1350,$193,$-4,$189,$29,$160,$160,$160,$270,$193,$318,323,$0.50,$0.49,$5269,$108,$479,$6489,$1082,$0,$1081,$526,$2688,$9178,$2491,$1494,$316,$3225,$5716,$0,$0,$1,$3461,$9178,$248,$155,$131,$286,$222,$15,$-32,$-142,$63,$597,$-109,$0,$0,$964,$-603,$361,$-1,$251,$495,$0,$495,$-648,$-648,$-105,$45,$-213,$614,$130,$-105
17,2014-07-31,35.76,$11.79,3.03,$18.35,1.95,$7.63,4.69,$1.89,18.92,$6.75B,$2.40B,2.81,$1.49B,$3.84B,0.39,$6.30B,$3.95B,62.67%,$6.30B,$0.80B,12.65%,$6.30B,$0.80B,12.67%,$6.30B,$1.11B,17.69%,$6.30B,$0.81B,12.85%,$6.30B,$0.65B,10.24%,$0.65B,$3.84B,16.48%,$0.65B,$2.74B,23.05%,$0.65B,$9.47B,6.99%,$0.80B,$5.33B,15.83%,$1489,$551,$938,$228,$550,$1329,$160,$0,$160,$72,$88,$88,$88,$238,$160,$323,329,$0.27,$0.27,$5564,$104,$494,$6748,$1098,$0,$1095,$531,$2724,$9472,$2401,$1494,$321,$3235,$5636,$0,$36,$9,$3837,$9472,$88,$78,$65,$143,$271,$18,$-62,$-242,$-15,$216,$-58,$0,$0,$523,$-332,$191,$0,$133,$495,$0,$495,$-91,$-91,$-53,$41,$392,$741,$62,$-53
18,2014-04-30,32.64,$11.67,2.8,$18.04,1.81,$7.76,4.21,$1.85,17.64,$6.47B,$2.70B,2.4,$0.99B,$3.79B,0.26,$6.33B,$3.92B,61.96%,$6.33B,$0.73B,11.60%,$6.33B,$0.74B,11.62%,$6.33B,$1.07B,16.87%,$6.33B,$0.74B,11.72%,$6.33B,$0.64B,10.10%,$0.64B,$3.79B,16.14%,$0.64B,$2.68B,22.59%,$0.64B,$9.21B,7.02%,$0.73B,$4.78B,14.82%,$1649,$607,$1042,$231,$549,$1425,$224,$3,$227,$29,$198,$198,$198,$306,$224,$340,348,$0.58,$0.57,$5003,$122,$490,$6471,$1109,$0,$1110,$524,$2743,$9214,$2695,$990,$296,$2733,$5427,$0,$1,$9,$3787,$9214,$638,$334,$172,$506,$-57,$17,$-12,$182,$162,$1350,$-221,$0,$0,$1993,$-1019,$974,$7,$760,$-1265,$0,$-1265,$-1680,$-1680,$-202,$43,$-3104,$-986,$273,$-202
19,2014-01-31,38.65,$11.75,3.29,$17.97,2.15,$7.46,5.18,$1.73,22.34,$6.23B,$2.42B,2.57,$1.00B,$3.92B,0.25,$6.39B,$3.91B,61.15%,$6.39B,$0.72B,11.18%,$6.39B,$0.72B,11.18%,$6.39B,$1.07B,16.77%,$6.39B,$0.70B,11.00%,$6.39B,$0.62B,9.62%,$0.62B,$3.92B,14.67%,$0.62B,$2.79B,20.19%,$0.62B,$9.00B,6.40%,$0.72B,$4.91B,13.78%,$1610,$608,$1002,$230,$545,$1383,$227,$3,$230,$38,$192,$192,$192,$310,$227,$339,346,$0.57,$0.55,$5069,$118,$458,$6229,$1129,$0,$1124,$518,$2771,$9001,$2424,$995,$273,$2661,$5085,$0,$0,$7,$3916,$9001,$441,$252,$150,$402,$213,$21,$-70,$51,$138,$980,$-165,$0,$0,$1464,$-701,$763,$3,$600,$-1265,$0,$-1265,$-1315,$-1315,$-153,$26,$-2707,$-1124,$206,$-153
20,2013-10-31,35.3,$12.06,2.93,$17.79,1.98,$7.00,5.04,$1.61,21.93,$6.42B,$2.41B,2.67,$1.00B,$4.12B,0.24,$6.41B,$3.87B,60.38%,$6.41B,$0.68B,10.54%,$6.41B,$0.68B,10.54%,$6.41B,$1.05B,16.40%,$6.41B,$0.65B,10.12%,$6.41B,$0.58B,9.06%,$0.58B,$4.12B,13.29%,$0.58B,$2.98B,18.09%,$0.58B,$9.20B,5.76%,$0.68B,$5.12B,12.60%,$1550,$585,$965,$228,$549,$1363,$187,$5,$192,$25,$167,$167,$167,$261,$187,$341,349,$0.49,$0.48,$5273,$116,$441,$6420,$1143,$0,$1139,$496,$2777,$9197,$2409,$995,$267,$2668,$5077,$0,$116,$6,$4120,$9197,$248,$168,$108,$277,$209,$24,$-41,$34,$123,$648,$-108,$0,$0,$1148,$-476,$672,$3,$568,$-1265,$0,$-1265,$-876,$-876,$-103,$4,$-2240,$-1017,$134,$-103
21,2013-07-31,37.27,$11.75,3.17,$17.53,2.13,$6.64,5.62,$1.43,26.06,$6.20B,$2.33B,2.66,$1.00B,$4.02B,0.25,$6.40B,$3.82B,59.67%,$6.40B,$0.62B,9.74%,$6.40B,$0.62B,9.74%,$6.40B,$1.03B,16.04%,$6.40B,$0.59B,9.13%,$6.40B,$0.52B,8.18%,$0.52B,$4.02B,11.80%,$0.52B,$2.86B,15.91%,$0.52B,$9.02B,5.15%,$0.62B,$5.01B,12.03%,$1516,$607,$910,$228,$536,$1419,$97,$-5,$92,$11,$82,$82,$82,$191,$97,$351,360,$0.23,$0.23,$5084,$117,$468,$6202,$1163,$0,$1154,$499,$2816,$9018,$2330,$995,$263,$2670,$5000,$0,$2313,$-1,$4018,$9018,$82,$94,$31,$125,$265,$23,$-38,$5,$79,$286,$-65,$0,$0,$625,$-235,$390,$1,$326,$-1265,$0,$-1265,$-778,$-778,$-51,$10,$-2085,$-1480,$66,$-51
22,2013-04-30,31.5,$13.23,2.38,$17.21,1.83,$6.47,4.87,$1.37,22.99,$8.42B,$3.83B,2.2,$1.00B,$4.72B,0.21,$6.33B,$3.76B,59.39%,$6.33B,$0.61B,9.58%,$6.33B,$0.61B,9.58%,$6.33B,$1.01B,16.00%,$6.33B,$0.57B,8.95%,$6.33B,$0.51B,7.99%,$0.51B,$4.72B,11.17%,$0.51B,$3.55B,14.92%,$0.51B,$11.24B,4.93%,$0.61B,$5.71B,12.07%,$1717,$684,$1032,$243,$584,$1512,$204,$-16,$189,$15,$174,$174,$174,$310,$204,$362,368,$0.49,$0.47,$6953,$140,$525,$8418,$1171,$0,$1169,$485,$2824,$11242,$3831,$995,$254,$2694,$6525,$1,$2897,$9,$4718,$11242,$505,$405,$198,$603,$23,$22,$25,$208,$279,$1386,$-303,$0,$-107,$2465,$-2288,$177,$4,$-229,$987,$0,$987,$-479,$-479,$0,$71,$579,$1727,$277,$0
23,2013-01-31,32.5,$12.84,2.53,$16.98,1.91,$6.28,5.18,$1.37,23.72,$8.05B,$3.62B,2.22,$0.99B,$4.63B,0.22,$6.32B,$3.72B,58.93%,$6.32B,$0.62B,9.87%,$6.32B,$0.62B,9.87%,$6.32B,$1.02B,16.16%,$6.32B,$0.59B,9.38%,$6.32B,$0.51B,8.12%,$0.51B,$4.63B,11.60%,$0.51B,$3.45B,15.59%,$0.51B,$10.87B,5.21%,$0.62B,$5.62B,13.31%,$1630,$665,$965,$216,$560,$1442,$188,$-12,$176,$18,$158,$158,$158,$290,$188,$360,365,$0.44,$0.43,$6724,$173,$518,$8049,$1189,$0,$1172,$456,$2817,$10866,$3621,$994,$227,$2620,$6241,$1,$2850,$9,$4625,$10866,$332,$300,$150,$450,$193,$-11,$-16,$19,$150,$931,$-240,$0,$-89,$0,$204,$204,$3,$-122,$987,$0,$987,$-315,$-315,$0,$52,$725,$1532,$212,$0
24,2012-10-31,24.29,$12.29,1.98,$16.70,1.45,$5.98,4.06,$1.26,19.28,$6.89B,$3.57B,1.93,$0.00B,$4.40B,0.0,$6.26B,$3.67B,58.64%,$6.26B,$0.59B,9.48%,$6.26B,$0.59B,9.48%,$6.26B,$0.98B,15.59%,$6.26B,$0.56B,9.02%,$6.26B,$0.48B,7.59%,$0.48B,$4.40B,11.10%,$0.48B,$3.30B,15.09%,$0.48B,$9.55B,5.09%,$0.59B,$4.40B,12.92%,$1541,$627,$914,$224,$555,$1406,$135,$-8,$128,$18,$110,$110,$110,$236,$135,$362,368,$0.30,$0.30,$5571,$213,$489,$6888,$1132,$0,$1098,$436,$2666,$9554,$3574,$0,$216,$1578,$5152,$1,$2735,$8,$4402,$9554,$173,$198,$89,$287,$213,$-52,$14,$-54,$106,$566,$-129,$0,$0,$0,$93,$93,$3,$-33,$0,$0,$0,$-303,$-303,$0,$43,$-260,$267,$144,$0
25,2012-07-31,29.49,$12.05,2.45,$16.52,1.79,$5.91,4.99,$1.40,21.07,$6.74B,$3.46B,1.95,$0.00B,$4.38B,0.0,$6.22B,$3.67B,58.95%,$6.22B,$0.65B,10.45%,$6.22B,$0.65B,10.45%,$6.22B,$1.01B,16.25%,$6.22B,$0.62B,9.97%,$6.22B,$0.53B,8.54%,$0.53B,$4.38B,12.86%,$0.53B,$3.26B,17.84%,$0.53B,$9.41B,5.86%,$0.65B,$4.38B,13.73%,$1445,$595,$850,$221,$549,$1364,$80,$-6,$74,$10,$64,$64,$64,$177,$80,$366,371,$0.17,$0.17,$5441,$204,$512,$6741,$1139,$0,$1120,$406,$2665,$9406,$3460,$0,$207,$1570,$5030,$1,$2766,$5,$4376,$9406,$64,$97,$42,$138,$244,$-42,$42,$-70,$27,$229,$-62,$0,$0,$0,$-66,$-66,$1,$-127,$0,$0,$0,$-115,$-115,$0,$3,$-112,$-20,$79,$0
26,2012-04-30,35.05,$11.78,2.98,$16.22,2.16,$5.81,6.03,$1.57,22.32,$6.83B,$3.52B,1.94,$0.06B,$4.29B,0.02,$6.23B,$3.71B,59.58%,$6.23B,$0.75B,11.97%,$6.23B,$0.75B,11.97%,$6.23B,$1.09B,17.52%,$6.23B,$0.71B,11.44%,$6.23B,$0.61B,9.74%,$0.61B,$4.29B,15.21%,$0.61B,$3.15B,21.54%,$0.61B,$9.53B,6.88%,$0.75B,$4.36B,16.14%,$1703,$708,$995,$222,$550,$1481,$221,$-7,$215,$34,$181,$181,$181,$318,$221,$364,384,$0.49,$0.48,$5399,$162,$436,$6827,$1137,$0,$1141,$427,$2706,$9532,$3520,$63,$207,$1719,$5239,$1,$2805,$5,$4294,$9532,$605,$346,$181,$527,$-90,$-17,$11,$474,$331,$1463,$-407,$0,$-480,$2148,$-3572,$-1425,$2,$-2310,$0,$0,$0,$-458,$-458,$0,$114,$-344,$-1208,$258,$0
27,2012-01-31,34.07,$11.16,3.05,$15.42,2.21,$5.92,5.76,$1.50,22.71,$6.17B,$2.16B,2.86,$1.19B,$4.04B,0.29,$5.96B,$3.65B,61.20%,$5.96B,$0.74B,12.38%,$5.96B,$0.74B,12.38%,$5.96B,$1.04B,17.50%,$5.96B,$0.71B,11.85%,$5.96B,$0.59B,9.85%,$0.59B,$4.04B,15.25%,$0.59B,$2.88B,21.28%,$0.59B,$8.82B,6.85%,$0.74B,$5.23B,16.42%,$1566,$657,$909,$208,$540,$1409,$157,$-10,$147,$27,$120,$120,$120,$244,$157,$360,374,$0.33,$0.32,$4866,$154,$462,$6168,$1082,$0,$1163,$409,$2654,$8822,$2158,$1189,$197,$2623,$4780,$1,$2625,$5,$4042,$8822,$425,$249,$120,$369,$56,$-9,$-10,$210,$86,$880,$-283,$0,$-480,$0,$-21,$-21,$0,$-784,$0,$0,$0,$-499,$-499,$0,$84,$-415,$-336,$198,$0
28,2011-10-31,36.98,$10.61,3.49,$14.41,2.57,$6.14,6.03,$1.60,23.11,$5.83B,$2.12B,2.75,$1.18B,$3.80B,0.31,$5.68B,$3.58B,63.07%,$5.68B,$0.80B,14.11%,$5.68B,$0.80B,14.11%,$5.68B,$1.07B,18.90%,$5.68B,$0.77B,13.58%,$5.68B,$0.65B,11.49%,$0.65B,$3.80B,17.56%,$0.65B,$2.62B,23.97%,$0.65B,$8.50B,7.86%,$0.80B,$4.98B,18.43%,$1507,$594,$913,$200,$519,$1315,$192,$-9,$184,$18,$166,$166,$166,$272,$192,$362,376,$0.46,$0.44,$4642,$163,$400,$5830,$1046,$0,$1183,$445,$2674,$8504,$2122,$1176,$211,$2579,$4701,$1,$2512,$7,$3803,$8504,$305,$162,$41,$203,$116,$-18,$46,$133,$103,$611,$-192,$0,$-480,$0,$40,$40,$2,$-629,$0,$0,$0,$-548,$-548,$0,$86,$-462,$-488,$121,$0
29,2011-07-31,42.9,$10.37,4.14,$13.59,3.16,$6.17,6.95,$1.58,27.15,$5.84B,$3.17B,1.84,$0.10B,$3.83B,0.03,$5.43B,$3.49B,64.27%,$5.43B,$0.82B,15.16%,$5.43B,$0.82B,15.16%,$5.43B,$1.07B,19.70%,$5.43B,$0.79B,14.56%,$5.43B,$0.66B,12.20%,$0.66B,$3.83B,18.55%,$0.66B,$2.62B,24.72%,$0.66B,$8.45B,8.29%,$0.82B,$3.93B,19.65%,$1458,$561,$897,$199,$520,$1282,$176,$-9,$167,$28,$140,$140,$140,$258,$176,$370,406,$0.38,$0.34,$4714,$138,$388,$5838,$993,$60,$1205,$350,$2608,$8446,$3171,$102,$206,$1450,$4621,$1,$2652,$15,$3825,$8446,$140,$82,$24,$106,$145,$7,$23,$69,$-5,$241,$-98,$0,$-480,$0,$246,$246,$2,$-331,$0,$0,$0,$-153,$-153,$0,$32,$-121,$-214,$58,$0
30,2011-04-30,47.04,$10.11,4.65,$13.08,3.6,$6.18,7.61,$1.62,29.04,$6.37B,$3.37B,1.89,$0.12B,$3.73B,0.03,$5.12B,$3.33B,64.98%,$5.12B,$0.83B,16.10%,$5.12B,$0.83B,16.10%,$5.12B,$1.04B,20.34%,$5.12B,$0.79B,15.50%,$5.12B,$0.67B,13.14%,$0.67B,$3.73B,20.24%,$0.67B,$2.92B,26.50%,$0.67B,$8.50B,8.93%,$0.83B,$3.85B,19.65%,$1428,$500,$928,$177,$532,$1215,$213,$-5,$208,$48,$161,$161,$161,$269,$213,$361,394,$0.44,$0.40,$5175,$109,$339,$6365,$912,$0,$813,$409,$2134,$8499,$3373,$115,$193,$1396,$4769,$1,$2674,$13,$3730,$8499,$673,$219,$165,$383,$-263,$4,$39,$391,$290,$1346,$-223,$0,$-137,$0,$-419,$-419,$1,$-777,$0,$0,$0,$324,$324,$0,$127,$451,$1052,$175,$0
31,2011-01-31,49.41,$9.56,5.17,$12.77,3.87,$5.71,8.66,$1.62,30.5,$5.60B,$1.94B,2.88,$1.14B,$3.51B,0.32,$4.87B,$3.15B,64.70%,$4.87B,$0.79B,16.13%,$4.87B,$0.79B,16.13%,$4.87B,$1.00B,20.53%,$4.87B,$0.75B,15.41%,$4.87B,$0.66B,13.50%,$0.66B,$3.51B,21.72%,$0.66B,$2.74B,28.98%,$0.66B,$7.76B,9.34%,$0.79B,$4.65B,18.94%,$1290,$443,$846,$166,$459,$1069,$221,$-8,$213,$26,$186,$186,$186,$275,$221,$365,406,$0.51,$0.46,$4756,$97,$204,$5599,$862,$69,$772,$461,$2165,$7763,$1942,$1138,$204,$2308,$4250,$1,$2480,$7,$3513,$7763,$513,$163,$112,$275,$-78,$19,$-2,$202,$100,$888,$-150,$0,$-75,$0,$-836,$-836,$1,$-1059,$0,$0,$0,$312,$312,$0,$64,$376,$214,$127,$0
32,2010-10-31,48.07,$8.88,5.42,$12.40,3.88,$5.01,9.6,$1.50,32.05,$5.13B,$1.84B,2.8,$1.13B,$3.21B,0.35,$4.59B,$2.95B,64.18%,$4.59B,$0.69B,15.10%,$4.59B,$0.69B,15.10%,$4.59B,$0.91B,19.76%,$4.59B,$0.66B,14.27%,$4.59B,$0.58B,12.62%,$0.58B,$3.21B,21.22%,$0.58B,$2.43B,29.16%,$0.58B,$7.24B,8.79%,$0.69B,$4.33B,17.90%,$1251,$435,$817,$157,$447,$1038,$213,$-11,$202,$27,$175,$175,$175,$267,$213,$359,392,$0.49,$0.45,$4382,$85,$218,$5131,$845,$0,$776,$486,$2107,$7238,$1835,$1125,$204,$2196,$4030,$1,$2307,$11,$3207,$7238,$326,$108,$71,$179,$21,$31,$-19,$90,$28,$533,$-84,$0,$-75,$0,$-595,$-595,$0,$-753,$0,$0,$0,$236,$236,$0,$40,$276,$66,$82,$0
33,2010-07-31,38.19,$7.99,4.78,$11.81,3.23,$4.60,8.3,$1.35,28.29,$4.59B,$1.67B,2.76,$1.11B,$2.85B,0.39,$4.25B,$2.74B,64.38%,$4.25B,$0.60B,14.01%,$4.25B,$0.60B,14.01%,$4.25B,$0.81B,19.07%,$4.25B,$0.56B,13.16%,$4.25B,$0.50B,11.77%,$0.50B,$2.85B,20.39%,$0.50B,$2.07B,28.99%,$0.50B,$6.65B,8.11%,$0.60B,$3.96B,16.44%,$1154,$416,$738,$150,$410,$976,$178,$-7,$171,$20,$151,$151,$151,$231,$178,$352,374,$0.43,$0.40,$3921,$90,$210,$4594,$825,$0,$780,$446,$2052,$6646,$1665,$1113,$196,$2131,$3796,$1,$2143,$5,$2850,$6646,$151,$54,$55,$109,$92,$25,$-34,$58,$-82,$177,$-40,$0,$-75,$0,$-294,$-294,$0,$-409,$0,$0,$0,$140,$140,$0,$0,$140,$-93,$44,$0
34,2010-04-30,31.3,$7.29,4.3,$11.20,2.79,$4.27,7.32,$1.12,27.95,$4.54B,$1.91B,2.37,$1.10B,$2.53B,0.44,$3.93B,$2.52B,64.09%,$3.93B,$0.49B,12.41%,$3.93B,$0.49B,12.41%,$3.93B,$0.71B,17.96%,$3.93B,$0.45B,11.37%,$3.93B,$0.40B,10.20%,$0.40B,$2.53B,18.00%,$0.40B,$1.82B,26.49%,$0.40B,$6.49B,6.87%,$0.49B,$3.63B,14.27%,$1172,$423,$749,$144,$431,$999,$173,$-9,$164,$19,$145,$145,$145,$226,$173,$340,353,$0.43,$0.41,$3724,$113,$229,$4537,$804,$0,$706,$447,$1957,$6494,$1911,$1102,$172,$2053,$3964,$1,$2001,$3,$2531,$6494,$400,$217,$149,$366,$-21,$-52,$43,$187,$209,$975,$-136,$0,$0,$0,$-860,$-860,$8,$-988,$0,$0,$0,$197,$197,$0,$23,$220,$211,$160,$0
35,2010-01-31,26.3,$6.76,3.89,$10.51,2.5,$3.69,7.13,$0.95,27.68,$4.02B,$1.68B,2.39,$1.23B,$2.33B,0.53,$3.64B,$2.31B,63.35%,$3.64B,$0.35B,9.59%,$3.64B,$0.35B,9.59%,$3.64B,$0.57B,15.58%,$3.64B,$0.31B,8.46%,$3.64B,$0.32B,8.90%,$0.32B,$2.33B,15.88%,$0.32B,$1.62B,24.50%,$0.32B,$5.97B,5.83%,$0.35B,$3.56B,10.70%,$1012,$370,$642,$129,$383,$882,$129,$-11,$118,$10,$108,$108,$108,$183,$129,$341,360,$0.32,$0.30,$3233,$72,$0,$4017,$798,$0,$711,$73,$1951,$5969,$1682,$1230,$0,$1960,$3642,$0,$1856,$6,$2327,$5969,$255,$164,$113,$276,$-8,$-11,$-0,$47,$-31,$500,$-97,$0,$0,$0,$-91,$-91,$4,$-185,$0,$0,$0,$157,$157,$0,$1,$158,$482,$122,$0
36,2009-10-31,24.42,$6.23,3.92,$9.97,2.45,$4.21,5.8,$0.42,58.14,$3.59B,$1.54B,2.33,$1.22B,$2.10B,0.58,$3.37B,$2.06B,60.97%,$3.37B,$0.13B,3.82%,$3.37B,$0.13B,3.82%,$3.37B,$0.35B,10.34%,$3.37B,$0.09B,2.70%,$3.37B,$0.13B,3.97%,$0.13B,$2.10B,7.28%,$0.13B,$1.39B,11.99%,$0.13B,$5.57B,2.50%,$0.13B,$3.32B,4.14%,$910,$303,$607,$132,$358,$795,$115,$-9,$106,$10,$96,$96,$96,$170,$115,$337,350,$0.28,$0.27,$2956,$61,$0,$3591,$780,$0,$716,$116,$1974,$5565,$1539,$1217,$0,$1922,$3461,$0,$1748,$6,$2103,$5565,$147,$111,$94,$205,$132,$0,$-17,$-15,$-47,$306,$-48,$0,$0,$0,$-102,$-102,$4,$-146,$0,$0,$0,$60,$60,$0,$1,$62,$235,$85,$0
37,2009-07-31,20.28,$5.80,3.5,$10.10,2.01,$4.53,4.48,$0.30,67.59,$3.33B,$1.46B,2.28,$1.22B,$1.95B,0.63,$3.38B,$2.00B,59.12%,$3.38B,$0.08B,2.37%,$3.38B,$0.08B,2.37%,$3.38B,$0.30B,8.92%,$3.38B,$0.03B,0.80%,$3.38B,$0.08B,2.40%,$0.08B,$1.95B,4.76%,$0.08B,$1.23B,8.38%,$0.08B,$5.32B,1.55%,$0.08B,$3.17B,2.63%,$838,$315,$523,$130,$361,$767,$71,$-12,$59,$8,$52,$52,$52,$127,$71,$335,339,$0.15,$0.15,$2663,$62,$0,$3334,$796,$0,$721,$129,$1981,$5315,$1460,$1220,$0,$1906,$3366,$0,$1652,$4,$1949,$5315,$52,$56,$69,$125,$117,$-0,$-15,$-10,$-139,$38,$-25,$0,$0,$0,$234,$234,$-0,$209,$0,$0,$0,$33,$33,$0,$0,$33,$290,$52,$0
38,2009-04-30,16.52,$5.37,3.08,$10.18,1.62,$5.00,3.3,$0.26,63.54,$3.44B,$1.68B,2.05,$1.22B,$1.78B,0.68,$3.41B,$1.99B,58.41%,$3.41B,$0.05B,1.41%,$3.41B,$0.05B,1.41%,$3.41B,$0.26B,7.60%,$3.41B,$0.01B,0.23%,$3.41B,$0.06B,1.88%,$0.06B,$1.78B,4.07%,$0.06B,$1.06B,7.72%,$0.06B,$5.38B,1.24%,$0.05B,$3.00B,1.61%,$880,$346,$534,$125,$339,$846,$34,$-9,$25,$-44,$68,$68,$68,$87,$34,$330,335,$0.22,$0.21,$2604,$61,$0,$3439,$808,$0,$727,$411,$1946,$5384,$1679,$1219,$0,$1921,$3600,$0,$1601,$-5,$1784,$5384,$65,$212,$83,$294,$129,$9,$-27,$229,$530,$889,$-290,$0,$0,$0,$-117,$-117,$-597,$-1003,$1066,$0,$1066,$-151,$-151,$0,$-218,$697,$558,$141,$0
39,2009-01-31,13.39,$4.62,2.9,$10.15,1.32,$5.48,2.44,$0.29,46.17,$3.16B,$1.56B,2.02,$1.43B,$1.53B,0.94,$3.47B,$2.03B,58.56%,$3.47B,$0.12B,3.38%,$3.47B,$0.12B,3.38%,$3.47B,$0.32B,9.21%,$3.47B,$0.10B,2.83%,$3.47B,$0.09B,2.48%,$0.09B,$1.53B,5.55%,$0.09B,$0.80B,10.80%,$0.09B,$5.19B,1.78%,$0.12B,$2.96B,4.26%,$746,$353,$393,$123,$343,$837,$-91,$-8,$-99,$-17,$-82,$-82,$-82,$-35,$-91,$329,329,$-0.25,$-0.25,$2463,$82,$0,$3162,$705,$0,$732,$199,$2028,$5190,$1563,$1431,$0,$2099,$3662,$0,$1547,$-3,$1527,$5190,$-4,$159,$73,$232,$230,$-12,$-42,$277,$466,$694,$-155,$0,$0,$0,$176,$176,$-598,$-577,$1265,$-173,$1092,$-164,$-164,$0,$-251,$678,$772,$99,$0
40,2008-10-31,12.21,$4.70,2.6,$10.38,1.18,$5.52,2.21,$0.81,15.08,$3.05B,$1.40B,2.18,$1.48B,$1.54B,0.96,$3.60B,$2.18B,60.37%,$3.60B,$0.31B,8.71%,$3.60B,$0.31B,8.71%,$3.60B,$0.50B,13.74%,$3.60B,$0.31B,8.71%,$3.60B,$0.27B,7.49%,$0.27B,$1.54B,17.04%,$0.27B,$0.79B,31.89%,$0.27B,$5.08B,6.03%,$0.31B,$3.02B,12.55%,$912,$365,$546,$125,$355,$846,$66,$-23,$42,$-1,$43,$43,$43,$122,$66,$327,333,$0.13,$0.13,$2301,$78,$0,$3046,$718,$0,$754,$212,$2032,$5078,$1397,$1484,$0,$2142,$3539,$0,$1623,$-10,$1540,$5078,$78,$103,$50,$152,$211,$-8,$-16,$67,$228,$458,$-104,$0,$0,$1,$-220,$-220,$-597,$-921,$1265,$-107,$1158,$-191,$-191,$0,$-250,$717,$235,$64,$0
41,2008-07-31,23.07,$4.39,5.25,$9.82,2.35,$5.43,4.24,$0.89,25.92,$2.87B,$1.35B,2.12,$1.54B,$1.44B,1.07,$3.48B,$2.11B,60.67%,$3.48B,$0.33B,9.42%,$3.48B,$0.33B,9.42%,$3.48B,$0.49B,14.01%,$3.48B,$0.38B,10.94%,$3.48B,$0.31B,8.93%,$0.31B,$1.44B,19.48%,$0.31B,$0.67B,35.36%,$0.31B,$4.98B,7.59%,$0.33B,$2.98B,14.74%,$869,$352,$517,$125,$353,$830,$39,$1,$40,$5,$35,$35,$35,$85,$39,$334,341,$0.10,$0.10,$2125,$63,$0,$2865,$721,$0,$762,$285,$2118,$4983,$1354,$1541,$0,$2192,$3547,$0,$1574,$-1,$1436,$4983,$35,$46,$38,$85,$150,$7,$-30,$62,$131,$250,$-77,$0,$0,$0,$-157,$-157,$0,$-234,$1265,$-42,$1223,$-201,$-201,$0,$-273,$749,$766,$36,$0
42,2008-04-30,21.85,$4.98,4.39,$9.10,2.4,$5.37,4.07,$0.87,25.11,$2.07B,$1.41B,1.46,$0.32B,$1.70B,0.19,$3.30B,$2.01B,60.94%,$3.30B,$0.31B,9.51%,$3.30B,$0.31B,9.51%,$3.30B,$0.46B,13.96%,$3.30B,$0.38B,11.57%,$3.30B,$0.31B,9.39%,$0.31B,$1.70B,18.03%,$0.31B,$0.93B,30.29%,$0.31B,$4.07B,8.29%,$0.31B,$2.02B,15.86%,$938,$365,$573,$125,$344,$835,$103,$12,$115,$25,$90,$90,$90,$147,$103,$352,361,$0.25,$0.25,$1164,$70,$0,$2067,$694,$0,$770,$540,$2004,$4071,$1414,$319,$0,$957,$2371,$0,$1536,$1,$1700,$4071,$310,$148,$88,$236,$-28,$-15,$20,$511,$463,$1009,$-188,$0,$-99,$0,$376,$376,$14,$103,$87,$0,$87,$-795,$-795,$0,$45,$-662,$447,$148,$0
43,2008-01-31,20.96,$6.42,3.27,$8.56,2.45,$4.89,4.28,$0.84,24.96,$1.92B,$1.22B,1.57,$0.33B,$1.66B,0.2,$3.17B,$1.93B,60.83%,$3.17B,$0.29B,9.03%,$3.17B,$0.29B,9.03%,$3.17B,$0.42B,13.33%,$3.17B,$0.36B,11.34%,$3.17B,$0.31B,9.79%,$0.31B,$1.66B,17.31%,$0.31B,$1.00B,27.75%,$0.31B,$3.78B,8.52%,$0.29B,$1.99B,14.48%,$884,$345,$539,$112,$322,$778,$106,$12,$117,$16,$102,$102,$102,$141,$106,$344,353,$0.30,$0.29,$1193,$60,$0,$1917,$661,$0,$663,$313,$1863,$3779,$1224,$330,$0,$894,$2119,$0,$1446,$9,$1661,$3779,$220,$104,$61,$165,$87,$-5,$-34,$324,$330,$716,$-125,$0,$0,$18,$205,$224,$-1,$98,$-56,$250,$193,$-744,$-744,$0,$41,$-509,$287,$113,$0
44,2007-10-31,28.43,$4.58,6.21,$7.93,3.59,$4.61,6.17,$0.72,39.48,$1.77B,$1.13B,1.57,$0.32B,$1.59B,0.2,$3.01B,$1.83B,60.81%,$3.01B,$0.25B,8.37%,$3.01B,$0.25B,8.37%,$3.01B,$0.38B,12.69%,$3.01B,$0.33B,10.99%,$3.01B,$0.28B,9.13%,$0.28B,$1.59B,14.71%,$0.28B,$0.92B,23.13%,$0.28B,$3.56B,7.71%,$0.25B,$1.91B,12.71%,$792,$308,$484,$109,$295,$712,$80,$29,$109,$25,$84,$84,$84,$115,$80,$356,365,$0.24,$0.23,$1067,$63,$0,$1769,$646,$0,$670,$305,$1789,$3558,$1130,$324,$0,$841,$1970,$0,$1344,$4,$1588,$3558,$118,$69,$53,$122,$123,$-8,$-40,$197,$189,$429,$-71,$0,$0,$18,$184,$202,$-1,$129,$-37,$250,$212,$-634,$-634,$0,$10,$-411,$137,$79,$0
45,2007-07-31,25.58,$5.31,4.82,$7.44,3.44,$4.48,5.72,$0.71,36.03,$2.09B,$1.07B,1.95,$0.07B,$1.93B,0.04,$2.87B,$1.75B,60.86%,$2.87B,$0.27B,9.37%,$2.87B,$0.27B,9.37%,$2.87B,$0.39B,13.58%,$2.87B,$0.33B,11.53%,$2.87B,$0.28B,9.68%,$0.28B,$1.93B,14.16%,$0.28B,$1.25B,21.18%,$0.28B,$3.56B,7.93%,$0.27B,$2.00B,13.35%,$689,$272,$417,$107,$286,$665,$25,$17,$41,$7,$34,$34,$34,$58,$25,$364,378,$0.09,$0.09,$1434,$58,$0,$2089,$629,$0,$677,$160,$1467,$3555,$1072,$70,$0,$556,$1628,$0,$1261,$11,$1927,$3555,$34,$34,$21,$54,$145,$-3,$-14,$122,$112,$201,$-34,$0,$0,$0,$129,$129,$-2,$94,$-16,$0,$-16,$-150,$-150,$0,$6,$-160,$135,$40,$0
46,2007-04-30,33.59,$5.42,6.2,$7.21,4.66,$4.39,7.64,$0.76,44.2,$2.24B,$1.19B,1.89,$0.01B,$1.99B,0.01,$2.80B,$1.70B,60.77%,$2.80B,$0.30B,10.73%,$2.80B,$0.30B,10.73%,$2.80B,$0.41B,14.69%,$2.80B,$0.36B,12.84%,$2.80B,$0.30B,10.66%,$0.30B,$1.99B,15.34%,$0.30B,$1.31B,22.51%,$0.30B,$3.66B,8.76%,$0.30B,$2.00B,14.96%,$801,$315,$486,$109,$302,$726,$75,$17,$92,$2,$90,$90,$90,$108,$75,$371,388,$0.24,$0.24,$1427,$55,$0,$2241,$604,$0,$684,$130,$1418,$3658,$1188,$9,$0,$482,$1669,$0,$1226,$6,$1989,$3658,$298,$111,$108,$219,$-175,$10,$37,$415,$348,$864,$-166,$0,$-131,$3,$186,$189,$24,$-84,$0,$-215,$-215,$-590,$-590,$0,$58,$-747,$28,$163,$0
47,2007-01-31,33.94,$5.34,6.36,$6.68,5.08,$3.68,9.22,$0.68,49.92,$2.03B,$1.07B,1.9,$0.05B,$1.98B,0.02,$2.60B,$1.58B,60.55%,$2.60B,$0.31B,12.03%,$2.60B,$0.31B,12.03%,$2.60B,$0.41B,15.92%,$2.60B,$0.37B,14.15%,$2.60B,$0.27B,10.30%,$0.27B,$1.98B,13.86%,$0.27B,$1.28B,19.96%,$0.27B,$3.49B,8.09%,$0.31B,$2.02B,15.44%,$729,$285,$444,$98,$274,$657,$72,$16,$89,$22,$67,$67,$67,$101,$72,$371,389,$0.18,$0.17,$1421,$61,$0,$2033,$587,$0,$691,$182,$1460,$3493,$1073,$47,$0,$445,$1518,$0,$1137,$-1,$1975,$3493,$208,$79,$103,$182,$-16,$3,$4,$256,$264,$654,$-112,$0,$-131,$0,$133,$133,$24,$-86,$-149,$0,$-149,$-428,$-428,$0,$39,$-538,$29,$125,$0
48,2006-10-31,32.95,$5.28,6.24,$6.19,5.32,$3.02,10.89,$0.71,46.41,$2.05B,$0.93B,2.2,$0.08B,$1.96B,0.04,$2.41B,$1.46B,60.52%,$2.41B,$0.32B,13.45%,$2.41B,$0.32B,13.45%,$2.41B,$0.42B,17.35%,$2.41B,$0.37B,15.48%,$2.41B,$0.28B,11.50%,$0.28B,$1.96B,14.56%,$0.28B,$1.41B,20.64%,$0.28B,$3.32B,8.84%,$0.32B,$2.04B,16.31%,$653,$251,$401,$90,$239,$556,$97,$12,$109,$22,$87,$87,$87,$123,$97,$371,388,$0.23,$0.22,$1504,$57,$0,$2051,$556,$0,$551,$163,$1270,$3320,$934,$78,$0,$423,$1358,$0,$1070,$-3,$1963,$3320,$142,$50,$96,$146,$50,$8,$7,$106,$116,$403,$-76,$0,$0,$0,$68,$68,$24,$17,$-107,$0,$-107,$-271,$-271,$0,$20,$-358,$62,$85,$0
