,Date,Stock Price,Book Value per Share,Price to Book Ratio,TTM Sales per Share,Price to Sales Ratio,TTM FCF per Share,Price to FCF Ratio,TTM Net EPS,PE Ratio,Current Assets,Current Liabilities,Current Ratio,Long Term Debt,Shareholder's Equity_x,Debt to Equity Ratio,TTM Revenue_x,TTM Gross Profit,Gross Margin,TTM Revenue_y,TTM Operating Income,Operating Margin,TTM Revenue_x,TTM EBIT,EBIT Margin,TTM Revenue_y,TTM EBITDA,EBITDA Margin,TTM Revenue_x,TTM Pre-Tax Income,Pre-Tax Margin,TTM Revenue_y,TTM Net Income_x,Net Margin,TTM Net Income_y,Shareholder's Equity_y,Return on Equity,TTM Net Income_x,Tangible Equity,Return on Tangible Equity,TTM Net Income_y,Total Assets,Return on Assets,TTM Net Income,LT Investments & Debt,Return on Investment,revenue,cost-goods-sold,gross-profit,research-development-expenses,selling-general-administrative-expenses,operating-expenses,operating-income,total-non-operating-income-expense,pre-tax-income,total-provision-income-taxes,income-after-taxes,income-from-continuous-operations,net-income,ebitda,ebit,basic-shares-outstanding,shares-outstanding,eps-basic-net-earnings-per-share,eps-earnings-per-share-diluted,cash-on-hand,inventory,other-current-assets,total-current-assets,net-property-plant-equipment,long-term-investments,goodwill-intangible-assets-total,other-long-term-assets,total-long-term-assets,total-assets,total-current-liabilities,long-term-debt,other-non-current-liabilities,total-long-term-liabilities,total-liabilities,common-stock-net,retained-earnings-accumulated-deficit,comprehensive-income,total-share-holder-equity,total-liabilities-share-holders-equity,net-income-loss,total-depreciation-amortization-cash-flow,other-non-cash-items,total-non-cash-items,change-in-accounts-receivable,change-in-inventories,change-in-accounts-payable,change-in-assets-liabilities,total-change-in-assets-liabilities,cash-flow-from-operating-activities,net-change-in-property-plant-equipment,net-change-in-intangible-assets,net-acquisitions-divestitures,net-change-in-short-term-investments,net-change-in-long-term-investments,net-change-in-investments-total,investing-activities-other,cash-flow-from-investing-activities,net-long-term-debt,net-current-debt,debt-issuance-retirement-net-total,net-common-equity-issued-repurchased,net-total-equity-issued-repurchased,total-common-preferred-stock-dividends-paid,financial-activities-other,cash-flow-from-financial-activities,net-cash-flow,stock-based-compensation,common-stock-dividends-paid
0,2018-09-30,25.25,$26.21,0.96,$11.12,2.27,$4.39,5.75,$0.10,252.5,$0.72B,$0.34B,2.12,$0.60B,$2.04B,0.3,$0.93B,$0.68B,72.45%,$0.93B,$-0.07B,-7.50%,$0.93B,$-0.07B,-7.50%,$0.93B,$0.12B,12.75%,$0.93B,$-0.09B,-9.54%,$0.93B,$0.02B,1.93%,$0.02B,$2.04B,0.85%,$0.02B,$-0.40B,-4.66%,$0.02B,$3.24B,0.54%,$-0.07B,$2.64B,-2.65%,$224,$64,$160,$56,$97,$247,$-23,$-6,$-29,$-3,$-26,$-26,$-26,$11,$-23,$79,79,$-0.34,$-0.34,$452,$31,$0,$720,$64,$0,$2434,$20,$2523,$3243,$339,$600,$20,$867,$1206,$0,$342,$1,$2037,$3243,$-89,$110,$16,$126,$29,$1,$-10,$-39,$-4,$33,$-12,$0,$-3,$-42,$0,$-42,$0,$-57,$0,$0,$0,$0,$0,$0,$-10,$-10,$-38,$30,$0
1,2018-06-30,29.7,$25.40,1.17,$11.18,2.66,$4.86,6.11,$0.41,72.44,$0.72B,$0.36B,2.0,$0.60B,$2.05B,0.29,$0.97B,$0.70B,72.36%,$0.97B,$-0.05B,-4.97%,$0.97B,$-0.05B,-4.97%,$0.97B,$0.14B,14.91%,$0.97B,$-0.07B,-6.73%,$0.97B,$0.04B,4.35%,$0.04B,$2.05B,1.94%,$0.04B,$-0.43B,-11.05%,$0.04B,$3.28B,1.26%,$-0.05B,$2.65B,-1.83%,$205,$62,$143,$55,$104,$282,$-77,$-5,$-82,$-19,$-63,$-63,$-63,$-1,$-77,$80,80,$-0.78,$-0.78,$459,$33,$0,$718,$60,$0,$2475,$19,$2560,$3278,$360,$600,$15,$873,$1232,$0,$368,$-0,$2045,$3278,$-63,$76,$-1,$75,$48,$-0,$-5,$-33,$13,$26,$-6,$0,$0,$-28,$0,$-28,$0,$-34,$0,$0,$0,$0,$0,$0,$-3,$-3,$-16,$13,$0
2,2018-03-31,26.35,$25.77,1.02,$11.10,2.37,$5.16,5.1,$0.92,28.64,$0.75B,$0.41B,1.82,$0.60B,$2.07B,0.29,$0.99B,$0.72B,72.44%,$0.99B,$-0.01B,-0.51%,$0.99B,$-0.01B,-0.51%,$0.99B,$0.15B,15.10%,$0.99B,$-0.02B,-2.03%,$0.99B,$0.08B,8.21%,$0.08B,$2.07B,3.62%,$0.08B,$-0.48B,-23.24%,$0.08B,$3.37B,2.41%,$-0.01B,$2.67B,-0.19%,$235,$67,$169,$53,$100,$243,$-8,$-5,$-13,$-29,$17,$17,$17,$33,$-8,$87,88,$0.18,$0.18,$448,$35,$0,$752,$53,$0,$2544,$13,$2616,$3369,$413,$600,$8,$887,$1300,$0,$396,$3,$2069,$3369,$80,$154,$-80,$74,$85,$1,$-9,$12,$69,$222,$-16,$-1,$-8,$82,$0,$82,$1,$57,$295,$0,$295,$-501,$-501,$0,$-14,$-221,$65,$47,$0
3,2017-12-31,30.45,$26.72,1.14,$11.87,2.57,$4.94,6.16,$0.96,31.72,$0.71B,$0.42B,1.7,$0.30B,$2.33B,0.13,$1.07B,$0.77B,72.08%,$1.07B,$0.04B,3.92%,$1.07B,$0.04B,3.92%,$1.07B,$0.20B,18.21%,$1.07B,$0.03B,2.80%,$1.07B,$0.09B,8.03%,$0.09B,$2.33B,3.69%,$0.09B,$-0.24B,-30.39%,$0.09B,$3.36B,2.51%,$0.04B,$2.63B,1.60%,$269,$65,$204,$44,$100,$231,$38,$-3,$35,$-55,$90,$90,$90,$76,$38,$87,88,$1.03,$1.02,$380,$37,$0,$714,$54,$3,$2576,$7,$2646,$3359,$419,$300,$7,$608,$1028,$0,$380,$0,$2331,$3359,$63,$113,$-64,$49,$47,$-1,$-5,$17,$37,$149,$-12,$-1,$-8,$109,$0,$109,$1,$88,$0,$0,$0,$-200,$-200,$0,$-14,$-214,$27,$35,$0
4,2017-09-30,32.35,$25.62,1.26,$12.08,2.68,$4.57,7.08,$0.17,190.29,$0.64B,$0.40B,1.6,$0.31B,$2.23B,0.14,$1.10B,$0.79B,71.47%,$1.10B,$0.04B,3.35%,$1.10B,$0.04B,3.35%,$1.10B,$0.19B,17.48%,$1.10B,$0.03B,2.36%,$1.10B,$0.02B,1.54%,$0.02B,$2.23B,0.72%,$0.02B,$-0.37B,-5.81%,$0.02B,$3.32B,0.49%,$0.04B,$2.54B,1.40%,$257,$74,$183,$59,$107,$258,$-1,$-3,$-5,$-2,$-2,$-2,$-2,$36,$-1,$89,89,$-0.03,$-0.03,$307,$37,$0,$637,$57,$6,$2604,$8,$2681,$3318,$398,$305,$5,$688,$1086,$0,$290,$1,$2232,$3318,$-27,$75,$7,$82,$82,$-1,$-8,$-50,$17,$72,$-8,$-1,$-8,$98,$0,$98,$1,$82,$0,$0,$0,$-200,$-200,$0,$-12,$-212,$-53,$23,$0
5,2017-06-30,34.4,$25.88,1.33,$12.14,2.83,$4.24,8.11,$0.19,181.05,$0.71B,$0.40B,1.75,$0.30B,$2.32B,0.13,$1.12B,$0.79B,70.96%,$1.12B,$0.04B,3.49%,$1.12B,$0.04B,3.49%,$1.12B,$0.20B,17.69%,$1.12B,$0.03B,2.59%,$1.12B,$0.02B,1.61%,$0.02B,$2.32B,0.76%,$0.02B,$-0.30B,-6.33%,$0.02B,$3.41B,0.51%,$0.04B,$2.62B,1.45%,$226,$67,$159,$59,$115,$259,$-34,$-3,$-37,$-12,$-24,$-24,$-24,$4,$-34,$91,91,$-0.27,$-0.27,$400,$41,$0,$705,$60,$9,$2622,$8,$2705,$3410,$402,$300,$9,$690,$1092,$0,$292,$-2,$2318,$3410,$-24,$38,$3,$40,$110,$-5,$-7,$-41,$36,$53,$-3,$-0,$0,$12,$0,$12,$0,$9,$0,$0,$0,$-100,$-100,$0,$-5,$-105,$-43,$10,$0
6,2017-03-31,37.95,$26.47,1.43,$12.54,3.03,$4.00,9.48,$0.36,105.42,$0.85B,$0.46B,1.86,$0.30B,$2.44B,0.12,$1.16B,$0.82B,70.31%,$1.16B,$0.06B,5.34%,$1.16B,$0.06B,5.34%,$1.16B,$0.22B,19.19%,$1.16B,$0.05B,4.48%,$1.16B,$0.03B,2.84%,$0.03B,$2.44B,1.38%,$0.03B,$-0.21B,-11.21%,$0.03B,$3.60B,0.94%,$0.06B,$2.74B,2.29%,$319,$93,$226,$53,$115,$280,$39,$-2,$37,$15,$22,$22,$22,$79,$39,$92,93,$0.24,$0.24,$443,$40,$0,$854,$61,$22,$2649,$8,$2747,$3602,$460,$300,$9,$705,$1165,$0,$317,$-3,$2436,$3602,$33,$161,$28,$189,$-48,$12,$0,$31,$4,$227,$-30,$-2,$-5,$-18,$0,$-18,$14,$-42,$0,$0,$0,$-80,$-80,$0,$-10,$-90,$95,$39,$0
7,2016-12-31,31.5,$26.12,1.21,$12.60,2.5,$2.77,11.38,$0.08,393.75,$0.75B,$0.45B,1.65,$0.31B,$2.40B,0.13,$1.13B,$0.78B,68.73%,$1.13B,$0.02B,1.59%,$1.13B,$0.02B,1.59%,$1.13B,$0.18B,16.03%,$1.13B,$0.01B,0.62%,$1.13B,$0.01B,0.62%,$0.01B,$2.40B,0.29%,$0.01B,$-0.28B,-2.18%,$0.01B,$3.51B,0.20%,$0.02B,$2.70B,0.67%,$302,$82,$221,$58,$112,$269,$33,$-3,$31,$9,$21,$21,$21,$74,$33,$92,92,$0.23,$0.23,$360,$54,$0,$746,$62,$17,$2680,$6,$2767,$3513,$453,$305,$3,$662,$1115,$0,$294,$-4,$2398,$3513,$11,$121,$-8,$113,$-39,$-3,$2,$46,$7,$131,$-22,$-2,$-5,$9,$0,$9,$14,$-6,$0,$0,$0,$-79,$-79,$0,$-9,$-88,$35,$30,$0
8,2016-09-30,29.25,$25.87,1.13,$12.44,2.35,$2.02,14.5,$-0.40,0.0,$0.67B,$0.42B,1.57,$0.31B,$2.37B,0.13,$1.14B,$0.76B,66.70%,$1.14B,$-0.01B,-1.15%,$1.14B,$-0.01B,-1.15%,$1.14B,$0.16B,13.66%,$1.14B,$-0.03B,-2.20%,$1.14B,$-0.04B,-3.44%,$-0.04B,$2.37B,-1.60%,$-0.04B,$-0.34B,12.56%,$-0.04B,$3.46B,-1.10%,$-0.01B,$2.68B,-0.48%,$272,$85,$188,$61,$108,$271,$1,$-2,$-2,$-0,$-1,$-1,$-1,$41,$1,$92,92,$-0.01,$-0.01,$295,$53,$0,$665,$64,$9,$2713,$6,$2795,$3460,$423,$305,$3,$663,$1086,$0,$273,$-2,$2374,$3460,$-10,$81,$-6,$75,$7,$0,$4,$-6,$-12,$52,$-16,$-2,$-5,$33,$0,$33,$6,$16,$0,$0,$0,$-77,$-77,$0,$-7,$-83,$-15,$20,$0
9,2016-06-30,22.25,$26.00,0.86,$12.34,1.8,$1.60,13.93,$-0.48,0.0,$0.67B,$0.43B,1.58,$0.31B,$2.39B,0.13,$1.12B,$0.73B,64.95%,$1.12B,$-0.05B,-4.36%,$1.12B,$-0.05B,-4.36%,$1.12B,$0.13B,11.21%,$1.12B,$-0.06B,-5.25%,$1.12B,$-0.05B,-4.09%,$-0.05B,$2.39B,-1.85%,$-0.05B,$-0.34B,16.21%,$-0.05B,$3.49B,-1.28%,$-0.05B,$2.70B,-1.78%,$269,$87,$182,$61,$113,$280,$-11,$-3,$-14,$-5,$-9,$-9,$-9,$29,$-11,$93,93,$-0.10,$-0.10,$320,$59,$0,$669,$64,$15,$2734,$7,$2826,$3494,$425,$305,$3,$678,$1103,$0,$274,$-2,$2392,$3494,$-9,$40,$-3,$37,$51,$-4,$5,$-24,$10,$38,$-9,$-0,$0,$17,$0,$17,$5,$13,$0,$0,$0,$-50,$-50,$0,$-0,$-50,$0,$8,$0
10,2016-03-31,22.97,$25.97,0.88,$11.90,1.93,$1.43,16.02,$-0.19,0.0,$0.74B,$0.46B,1.62,$0.30B,$2.44B,0.12,$0.96B,$0.63B,65.59%,$0.96B,$-0.03B,-2.72%,$0.96B,$-0.03B,-2.72%,$0.96B,$0.11B,11.92%,$0.96B,$-0.03B,-3.45%,$0.96B,$-0.03B,-3.03%,$-0.03B,$2.44B,-1.45%,$-0.03B,$-0.32B,19.56%,$-0.03B,$3.59B,-1.01%,$-0.03B,$2.74B,-1.18%,$286,$101,$185,$60,$120,$291,$-5,$-3,$-8,$-4,$-4,$-4,$-4,$37,$-5,$82,82,$-0.20,$-0.20,$339,$58,$0,$740,$62,$13,$2763,$7,$2852,$3593,$457,$300,$8,$692,$1149,$0,$283,$-2,$2443,$3593,$-28,$140,$-7,$133,$-23,$6,$2,$-29,$-7,$97,$-25,$-6,$28,$18,$0,$18,$9,$25,$295,$0,$295,$-303,$-303,$0,$-9,$-17,$106,$28,$0
11,2015-12-31,30.7,$25.66,1.2,$11.27,2.72,$2.81,10.93,$0.35,87.71,$0.75B,$0.43B,1.74,$0.25B,$2.53B,0.1,$0.79B,$0.54B,68.19%,$0.79B,$0.01B,1.27%,$0.79B,$0.01B,1.27%,$0.79B,$0.11B,14.32%,$0.79B,$0.00B,0.63%,$0.79B,$-0.00B,-0.51%,$-0.00B,$2.53B,-0.27%,$-0.00B,$-0.24B,18.82%,$-0.00B,$3.64B,-0.19%,$0.01B,$2.78B,0.62%,$308,$106,$202,$65,$122,$305,$2,$-3,$-1,$24,$-25,$-25,$-25,$48,$2,$99,99,$-0.25,$-0.25,$358,$63,$0,$754,$59,$18,$2769,$8,$2881,$3635,$433,$250,$7,$673,$1106,$0,$287,$-4,$2529,$3635,$-25,$98,$34,$132,$-27,$5,$14,$-78,$-51,$57,$-14,$-1,$28,$14,$0,$14,$9,$35,$245,$0,$245,$-212,$-212,$0,$2,$34,$126,$20,$0
12,2015-09-30,35.37,$25.96,1.36,$11.12,3.18,$3.55,9.96,$1.02,34.68,$0.70B,$0.37B,1.86,$0.25B,$2.57B,0.1,$0.60B,$0.43B,71.52%,$0.60B,$0.04B,5.96%,$0.60B,$0.04B,5.96%,$0.60B,$0.10B,16.23%,$0.60B,$0.03B,5.46%,$0.60B,$0.04B,6.46%,$0.04B,$2.57B,4.01%,$0.04B,$-0.23B,46.71%,$0.04B,$3.60B,2.81%,$0.04B,$2.82B,3.48%,$261,$100,$161,$66,$120,$296,$-35,$-1,$-36,$-28,$-8,$-8,$-8,$12,$-35,$91,91,$-0.09,$-0.09,$319,$71,$0,$698,$60,$33,$2805,$8,$2907,$3604,$374,$250,$10,$656,$1030,$0,$312,$-3,$2574,$3604,$-0,$52,$23,$75,$53,$7,$-5,$-134,$-68,$7,$-9,$-0,$28,$24,$0,$24,$0,$43,$245,$0,$245,$-185,$-185,$0,$2,$61,$111,$12,$0
13,2015-06-30,36.67,$10.95,3.35,$10.75,3.41,$4.17,8.78,$1.38,26.57,$0.31B,$0.15B,2.07,$0.00B,$0.45B,0.0,$0.45B,$0.35B,78.97%,$0.45B,$0.09B,20.13%,$0.45B,$0.09B,20.13%,$0.45B,$0.11B,24.61%,$0.45B,$0.09B,19.46%,$0.45B,$0.06B,12.98%,$0.06B,$0.45B,13.43%,$0.06B,$0.20B,32.09%,$0.06B,$0.64B,9.13%,$0.09B,$0.45B,20.85%,$101,$21,$79,$18,$48,$88,$12,$-0,$12,$5,$8,$8,$8,$17,$12,$41,41,$0.19,$0.19,$207,$13,$0,$308,$25,$60,$247,$2,$334,$642,$149,$0,$6,$47,$195,$0,$319,$-3,$446,$642,$8,$5,$5,$10,$24,$-2,$-2,$-8,$-8,$9,$-3,$-0,$0,$-13,$0,$-13,$0,$-17,$0,$0,$0,$-3,$-3,$0,$0,$-3,$-11,$5,$0
14,2015-03-31,43.85,$10.68,4.11,$10.89,4.03,$4.66,9.41,$1.46,30.03,$0.34B,$0.19B,1.8,$0.00B,$0.44B,0.0,$0.45B,$0.36B,79.07%,$0.45B,$0.10B,21.59%,$0.45B,$0.10B,21.59%,$0.45B,$0.12B,25.77%,$0.45B,$0.09B,20.70%,$0.45B,$0.06B,13.44%,$0.06B,$0.44B,14.40%,$0.06B,$0.19B,36.04%,$0.06B,$0.67B,9.81%,$0.10B,$0.44B,23.14%,$119,$23,$96,$18,$46,$89,$31,$-1,$30,$9,$21,$21,$21,$36,$31,$41,42,$0.51,$0.51,$206,$12,$0,$337,$24,$59,$248,$2,$332,$669,$188,$0,$6,$46,$233,$0,$312,$-5,$436,$669,$61,$20,$20,$40,$-22,$-0,$1,$15,$6,$107,$-13,$-0,$0,$-43,$0,$-43,$0,$-56,$0,$0,$0,$-52,$-52,$0,$3,$-49,$3,$17,$0
15,2014-12-31,36.54,$10.48,3.49,$10.70,3.41,$4.73,7.72,$1.36,26.87,$0.32B,$0.17B,1.87,$0.00B,$0.43B,0.0,$0.45B,$0.35B,78.52%,$0.45B,$0.09B,20.81%,$0.45B,$0.09B,20.81%,$0.45B,$0.11B,24.83%,$0.45B,$0.09B,20.13%,$0.45B,$0.06B,12.75%,$0.06B,$0.43B,13.68%,$0.06B,$0.18B,35.85%,$0.06B,$0.64B,9.39%,$0.09B,$0.43B,22.32%,$123,$27,$96,$19,$48,$95,$28,$-1,$27,$10,$18,$18,$18,$33,$28,$41,42,$0.43,$0.42,$195,$10,$0,$315,$23,$46,$253,$2,$324,$639,$169,$0,$7,$38,$207,$0,$291,$-2,$432,$639,$40,$14,$15,$29,$-23,$1,$-1,$1,$-12,$57,$-9,$-0,$0,$-17,$0,$-17,$0,$-26,$0,$0,$0,$-31,$-31,$0,$4,$-27,$5,$12,$0
16,2014-09-30,45.8,$10.02,4.57,$10.38,4.41,$4.81,9.53,$1.35,33.93,$0.26B,$0.15B,1.82,$0.00B,$0.41B,0.0,$0.43B,$0.34B,78.80%,$0.43B,$0.09B,21.20%,$0.43B,$0.09B,21.20%,$0.43B,$0.11B,25.35%,$0.43B,$0.09B,20.74%,$0.43B,$0.06B,12.90%,$0.06B,$0.41B,13.73%,$0.06B,$0.16B,37.97%,$0.06B,$0.59B,9.47%,$0.09B,$0.41B,22.56%,$104,$22,$82,$19,$43,$85,$19,$-1,$18,$7,$11,$11,$11,$24,$19,$41,42,$0.27,$0.27,$170,$15,$0,$264,$22,$48,$256,$2,$327,$592,$145,$0,$7,$33,$179,$0,$273,$0,$413,$592,$23,$10,$10,$19,$11,$-3,$-1,$-20,$-13,$29,$-4,$-0,$0,$-21,$0,$-21,$0,$-26,$0,$0,$0,$-31,$-31,$0,$4,$-27,$-23,$8,$0
17,2014-06-30,44.34,$10.05,4.41,$10.09,4.4,$4.70,9.43,$1.32,33.59,$0.25B,$0.14B,1.74,$0.00B,$0.41B,0.0,$0.42B,$0.33B,78.67%,$0.42B,$0.09B,21.09%,$0.42B,$0.09B,21.09%,$0.42B,$0.11B,25.36%,$0.42B,$0.09B,20.85%,$0.42B,$0.06B,13.03%,$0.06B,$0.41B,13.74%,$0.06B,$0.15B,39.86%,$0.06B,$0.59B,9.50%,$0.09B,$0.41B,22.24%,$108,$23,$85,$19,$46,$88,$20,$-0,$19,$8,$11,$11,$11,$24,$20,$41,42,$0.28,$0.27,$178,$11,$0,$247,$23,$57,$260,$2,$341,$588,$142,$0,$7,$34,$176,$0,$262,$2,$413,$588,$11,$5,$5,$10,$28,$1,$-2,$-7,$7,$28,$-2,$-0,$0,$-29,$0,$-29,$0,$-31,$0,$0,$0,$-12,$-12,$0,$1,$-11,$-13,$3,$0
18,2014-03-31,37.58,$9.94,3.78,$9.45,3.98,$4.46,8.43,$1.17,32.12,$0.28B,$0.16B,1.71,$0.00B,$0.41B,0.0,$0.40B,$0.31B,78.79%,$0.40B,$0.08B,19.70%,$0.40B,$0.08B,19.70%,$0.40B,$0.10B,24.49%,$0.40B,$0.08B,19.70%,$0.40B,$0.05B,12.37%,$0.05B,$0.41B,12.56%,$0.05B,$0.15B,38.58%,$0.05B,$0.61B,8.65%,$0.08B,$0.41B,19.99%,$112,$24,$88,$20,$42,$86,$26,$-0,$26,$9,$17,$17,$17,$30,$26,$41,42,$0.40,$0.40,$177,$13,$0,$279,$23,$41,$262,$2,$329,$608,$163,$0,$7,$36,$199,$0,$251,$3,$409,$608,$49,$18,$18,$36,$13,$-7,$1,$10,$26,$111,$-13,$-1,$0,$-62,$0,$-62,$0,$-77,$0,$0,$0,$-34,$-34,$0,$2,$-32,$2,$13,$0
19,2013-12-31,29.59,$9.57,3.09,$9.09,3.25,$4.10,7.21,$1.11,26.66,$0.25B,$0.15B,1.65,$0.00B,$0.40B,0.0,$0.38B,$0.30B,78.80%,$0.38B,$0.07B,19.37%,$0.38B,$0.07B,19.37%,$0.38B,$0.09B,24.35%,$0.38B,$0.07B,19.37%,$0.38B,$0.05B,12.30%,$0.05B,$0.40B,12.34%,$0.05B,$0.13B,40.26%,$0.05B,$0.58B,8.50%,$0.07B,$0.40B,19.42%,$110,$24,$87,$18,$40,$83,$27,$0,$27,$10,$17,$17,$17,$32,$27,$41,42,$0.42,$0.41,$145,$11,$0,$249,$21,$37,$263,$2,$329,$578,$151,$0,$7,$31,$182,$0,$234,$3,$396,$578,$32,$14,$14,$28,$-0,$-5,$-1,$5,$1,$61,$-9,$-1,$0,$-39,$0,$-39,$0,$-49,$0,$0,$0,$-24,$-24,$0,$1,$-23,$-11,$10,$0
20,2013-09-30,25.53,$9.22,2.77,$8.62,2.96,$4.25,6.0,$0.96,26.59,$0.22B,$0.13B,1.74,$0.00B,$0.38B,0.0,$0.36B,$0.29B,78.57%,$0.36B,$0.07B,17.86%,$0.36B,$0.07B,17.86%,$0.36B,$0.08B,22.80%,$0.36B,$0.06B,17.58%,$0.36B,$0.04B,11.26%,$0.04B,$0.38B,11.02%,$0.04B,$0.12B,38.50%,$0.04B,$0.54B,7.58%,$0.07B,$0.38B,17.44%,$92,$20,$72,$17,$39,$76,$16,$-0,$16,$6,$10,$10,$10,$21,$16,$41,42,$0.24,$0.24,$137,$11,$0,$223,$22,$22,$264,$2,$318,$541,$128,$0,$7,$31,$159,$0,$217,$2,$383,$541,$15,$10,$8,$18,$18,$-5,$-2,$-12,$-6,$27,$-6,$-0,$0,$-10,$0,$-10,$0,$-17,$0,$0,$0,$-16,$-16,$0,$1,$-15,$-5,$7,$0
21,2013-06-30,23.34,$9.02,2.59,$8.42,2.77,$4.98,4.68,$0.95,24.57,$0.23B,$0.13B,1.73,$0.00B,$0.37B,0.0,$0.36B,$0.28B,78.99%,$0.36B,$0.07B,18.49%,$0.36B,$0.07B,18.49%,$0.36B,$0.08B,23.53%,$0.36B,$0.07B,18.21%,$0.36B,$0.04B,11.48%,$0.04B,$0.37B,11.26%,$0.04B,$0.11B,38.86%,$0.04B,$0.54B,7.50%,$0.07B,$0.37B,17.31%,$82,$17,$65,$16,$39,$73,$9,$-0,$9,$4,$5,$5,$5,$14,$9,$41,42,$0.13,$0.12,$149,$11,$0,$229,$21,$14,$265,$2,$310,$540,$133,$0,$7,$34,$166,$0,$207,$1,$373,$540,$5,$5,$3,$8,$23,$-5,$2,$-2,$5,$19,$-2,$-0,$0,$-6,$0,$-6,$0,$-8,$0,$0,$0,$-7,$-7,$0,$-0,$-7,$3,$3,$0
22,2013-03-31,24.57,$8.97,2.74,$8.28,2.97,$5.38,4.57,$0.95,25.86,$0.24B,$0.15B,1.64,$0.00B,$0.37B,0.0,$0.35B,$0.28B,78.63%,$0.35B,$0.07B,18.52%,$0.35B,$0.07B,18.52%,$0.35B,$0.08B,23.65%,$0.35B,$0.06B,18.23%,$0.35B,$0.04B,11.68%,$0.04B,$0.37B,11.50%,$0.04B,$0.11B,37.88%,$0.04B,$0.55B,7.44%,$0.07B,$0.37B,16.71%,$98,$21,$77,$17,$37,$76,$22,$-0,$22,$7,$15,$15,$15,$26,$22,$42,42,$0.34,$0.35,$137,$8,$0,$237,$20,$17,$266,$3,$315,$552,$145,$0,$6,$35,$180,$0,$201,$1,$372,$552,$41,$17,$14,$32,$0,$1,$-2,$13,$23,$95,$-12,$-0,$-51,$41,$0,$41,$0,$-22,$-62,$0,$-62,$-27,$-27,$0,$-2,$-91,$-17,$10,$0
23,2012-12-31,25.99,$8.66,3.0,$8.05,3.23,$4.74,5.48,$0.91,28.56,$0.22B,$0.14B,1.56,$0.00B,$0.36B,0.01,$0.34B,$0.27B,78.95%,$0.34B,$0.06B,18.42%,$0.34B,$0.06B,18.42%,$0.34B,$0.08B,23.98%,$0.34B,$0.06B,18.13%,$0.34B,$0.04B,11.40%,$0.04B,$0.36B,11.17%,$0.04B,$0.09B,35.14%,$0.04B,$0.53B,7.03%,$0.06B,$0.36B,15.82%,$92,$19,$72,$15,$39,$74,$18,$-0,$17,$6,$11,$11,$11,$22,$18,$42,42,$0.27,$0.26,$126,$7,$0,$220,$18,$11,$269,$4,$313,$532,$140,$2,$2,$31,$172,$0,$187,$1,$360,$532,$26,$14,$14,$28,$12,$2,$-3,$-4,$13,$67,$-8,$-0,$-51,$50,$0,$50,$0,$-10,$-62,$0,$-62,$-20,$-20,$0,$-1,$-83,$-26,$7,$0
24,2012-09-30,25.51,$8.43,3.03,$7.86,3.25,$4.20,6.07,$0.89,28.66,$0.29B,$0.12B,2.39,$0.07B,$0.35B,0.19,$0.33B,$0.26B,79.28%,$0.33B,$0.06B,18.62%,$0.33B,$0.06B,18.62%,$0.33B,$0.08B,24.62%,$0.33B,$0.06B,18.32%,$0.33B,$0.04B,11.41%,$0.04B,$0.35B,11.16%,$0.04B,$0.12B,33.70%,$0.04B,$0.56B,6.85%,$0.06B,$0.42B,15.28%,$85,$17,$68,$15,$34,$68,$17,$-0,$17,$7,$10,$10,$10,$22,$17,$42,42,$0.24,$0.23,$230,$8,$0,$286,$17,$6,$237,$2,$275,$562,$120,$65,$2,$89,$209,$0,$176,$1,$352,$562,$15,$9,$9,$18,$41,$-1,$1,$-18,$23,$56,$-5,$0,$-15,$21,$0,$21,$0,$1,$0,$0,$0,$-14,$-14,$0,$-1,$-15,$43,$5,$0
25,2012-06-30,21.59,$8.20,2.63,$7.56,2.86,$3.26,6.62,$0.83,26.01,$0.27B,$0.13B,2.16,$0.06B,$0.34B,0.18,$0.32B,$0.25B,78.82%,$0.32B,$0.06B,17.76%,$0.32B,$0.06B,17.76%,$0.32B,$0.08B,23.68%,$0.32B,$0.06B,17.13%,$0.32B,$0.04B,10.90%,$0.04B,$0.34B,10.57%,$0.04B,$0.12B,30.37%,$0.04B,$0.56B,6.49%,$0.06B,$0.40B,14.55%,$76,$17,$59,$14,$37,$68,$8,$-0,$8,$3,$5,$5,$5,$13,$8,$42,42,$0.12,$0.12,$210,$7,$0,$271,$17,$30,$222,$2,$286,$557,$126,$62,$6,$89,$215,$0,$166,$-1,$342,$557,$5,$4,$5,$9,$31,$-0,$1,$-5,$22,$36,$-3,$0,$0,$-8,$0,$-8,$0,$-11,$0,$0,$0,$-6,$-6,$0,$-1,$-8,$18,$2,$0
26,2012-03-31,20.34,$8.19,2.48,$7.22,2.82,$2.53,8.02,$0.77,26.42,$0.29B,$0.13B,2.16,$0.07B,$0.34B,0.2,$0.31B,$0.24B,78.90%,$0.31B,$0.05B,17.21%,$0.31B,$0.05B,17.21%,$0.31B,$0.07B,23.05%,$0.31B,$0.05B,16.56%,$0.31B,$0.03B,10.39%,$0.03B,$0.34B,9.80%,$0.03B,$0.12B,27.12%,$0.03B,$0.57B,6.08%,$0.05B,$0.41B,13.81%,$89,$19,$71,$13,$36,$69,$20,$-0,$20,$7,$13,$13,$13,$25,$20,$42,43,$0.30,$0.29,$197,$8,$0,$290,$16,$17,$225,$2,$278,$568,$134,$67,$2,$91,$225,$0,$161,$0,$342,$568,$32,$17,$15,$32,$-4,$-1,$-2,$10,$4,$68,$-11,$-0,$-47,$67,$0,$67,$0,$9,$-7,$0,$-7,$-20,$-20,$0,$0,$-27,$50,$9,$0
27,2011-12-31,17.6,$7.84,2.24,$6.94,2.53,$2.59,6.81,$0.72,24.44,$0.24B,$0.12B,1.97,$0.07B,$0.33B,0.21,$0.30B,$0.23B,78.79%,$0.30B,$0.05B,16.84%,$0.30B,$0.05B,16.84%,$0.30B,$0.07B,22.22%,$0.30B,$0.05B,15.82%,$0.30B,$0.03B,10.10%,$0.03B,$0.33B,9.35%,$0.03B,$0.10B,24.05%,$0.03B,$0.53B,5.81%,$0.05B,$0.39B,13.34%,$83,$17,$66,$14,$34,$66,$17,$-1,$16,$6,$10,$10,$10,$22,$17,$42,42,$0.24,$0.24,$164,$9,$0,$237,$15,$28,$226,$2,$294,$531,$120,$67,$2,$85,$205,$0,$148,$-2,$326,$531,$19,$12,$10,$22,$16,$-2,$-3,$-8,$2,$44,$-8,$0,$-47,$72,$0,$72,$0,$17,$-7,$0,$-7,$-18,$-18,$0,$-1,$-26,$36,$6,$0
28,2011-09-30,11.42,$7.60,1.5,$6.74,1.69,$2.67,4.27,$0.74,15.43,$0.24B,$0.12B,1.98,$0.05B,$0.32B,0.15,$0.29B,$0.23B,78.62%,$0.29B,$0.05B,16.90%,$0.29B,$0.05B,16.90%,$0.29B,$0.06B,22.07%,$0.29B,$0.05B,16.21%,$0.29B,$0.03B,10.69%,$0.03B,$0.32B,9.83%,$0.03B,$0.13B,23.57%,$0.03B,$0.50B,6.08%,$0.05B,$0.36B,13.36%,$73,$16,$57,$11,$34,$61,$12,$-1,$11,$4,$7,$7,$7,$16,$12,$42,43,$0.17,$0.17,$172,$9,$0,$243,$15,$27,$190,$1,$257,$500,$122,$46,$2,$62,$185,$0,$138,$-1,$315,$500,$9,$8,$5,$13,$14,$-2,$-1,$-10,$-5,$18,$-6,$0,$-17,$66,$0,$66,$0,$44,$-8,$0,$-8,$-18,$-18,$0,$0,$-25,$37,$4,$0
29,2011-06-30,20.89,$7.56,2.76,$6.67,3.13,$3.04,6.87,$0.76,27.49,$0.25B,$0.12B,2.08,$0.05B,$0.32B,0.15,$0.29B,$0.23B,79.02%,$0.29B,$0.05B,17.48%,$0.29B,$0.05B,17.48%,$0.29B,$0.07B,22.73%,$0.29B,$0.05B,17.13%,$0.29B,$0.03B,11.19%,$0.03B,$0.32B,10.37%,$0.03B,$0.13B,25.15%,$0.03B,$0.51B,6.35%,$0.05B,$0.37B,13.76%,$63,$14,$49,$11,$33,$59,$4,$-0,$4,$1,$2,$2,$2,$8,$4,$43,43,$0.06,$0.06,$182,$10,$0,$246,$15,$27,$192,$1,$260,$506,$118,$49,$2,$65,$184,$0,$131,$-1,$323,$506,$2,$4,$2,$6,$22,$-2,$-3,$-11,$-4,$5,$-2,$0,$-17,$-8,$0,$-8,$0,$-27,$-4,$0,$-4,$-1,$-1,$0,$0,$-5,$-28,$2,$0
30,2011-03-31,27.32,$7.51,3.64,$6.78,4.03,$3.49,7.82,$0.87,31.4,$0.28B,$0.14B,2.08,$0.05B,$0.32B,0.17,$0.29B,$0.23B,78.97%,$0.29B,$0.06B,20.00%,$0.29B,$0.06B,20.00%,$0.29B,$0.07B,24.83%,$0.29B,$0.06B,19.31%,$0.29B,$0.04B,12.76%,$0.04B,$0.32B,12.47%,$0.04B,$0.14B,31.22%,$0.04B,$0.53B,7.46%,$0.06B,$0.37B,16.32%,$78,$16,$62,$11,$33,$61,$17,$-0,$16,$6,$11,$11,$11,$20,$17,$42,43,$0.26,$0.25,$201,$9,$0,$284,$13,$28,$176,$1,$244,$528,$137,$53,$2,$71,$208,$0,$128,$-1,$320,$528,$37,$14,$10,$24,$3,$-1,$3,$-2,$6,$67,$-7,$0,$0,$-52,$0,$-52,$0,$-60,$-11,$0,$-11,$-0,$-0,$0,$8,$-3,$4,$6,$0
31,2010-12-31,23.01,$7.20,3.2,$6.68,3.45,$3.07,7.5,$0.79,29.13,$0.26B,$0.13B,2.04,$0.06B,$0.30B,0.19,$0.28B,$0.22B,78.52%,$0.28B,$0.05B,18.66%,$0.28B,$0.05B,18.66%,$0.28B,$0.07B,23.59%,$0.28B,$0.05B,17.96%,$0.28B,$0.03B,11.62%,$0.03B,$0.30B,11.64%,$0.03B,$0.13B,31.81%,$0.03B,$0.50B,6.81%,$0.05B,$0.36B,15.32%,$76,$16,$60,$10,$33,$60,$16,$-0,$16,$5,$11,$11,$11,$20,$16,$42,43,$0.26,$0.26,$186,$9,$0,$259,$12,$24,$177,$2,$245,$504,$127,$57,$1,$74,$201,$0,$118,$-1,$304,$504,$26,$10,$4,$15,$9,$-1,$-2,$-4,$4,$45,$-4,$0,$0,$20,$0,$20,$0,$15,$-8,$0,$-8,$2,$2,$0,$3,$-2,$58,$4,$0
32,2010-09-30,20.51,$6.84,3.0,$6.59,3.11,$2.66,7.7,$0.73,28.1,$0.23B,$0.11B,2.02,$0.06B,$0.29B,0.21,$0.28B,$0.22B,78.14%,$0.28B,$0.05B,18.28%,$0.28B,$0.05B,18.28%,$0.28B,$0.07B,23.30%,$0.28B,$0.05B,17.20%,$0.28B,$0.03B,11.11%,$0.03B,$0.29B,11.44%,$0.03B,$0.11B,34.44%,$0.03B,$0.48B,6.54%,$0.05B,$0.35B,15.12%,$69,$14,$55,$10,$32,$56,$13,$-0,$13,$5,$8,$8,$8,$17,$13,$42,43,$0.20,$0.19,$167,$11,$0,$230,$13,$29,$179,$2,$249,$479,$114,$61,$1,$78,$192,$0,$107,$-1,$287,$479,$15,$7,$5,$12,$24,$-4,$-1,$-14,$3,$31,$-3,$0,$0,$27,$0,$27,$0,$24,$-5,$0,$-5,$1,$1,$0,$1,$-4,$51,$3,$0
33,2010-06-30,14.22,$6.59,2.16,$6.40,2.22,$2.34,6.07,$0.71,20.03,$0.22B,$0.12B,1.91,$0.06B,$0.28B,0.23,$0.27B,$0.21B,77.78%,$0.27B,$0.05B,18.52%,$0.27B,$0.05B,18.52%,$0.27B,$0.06B,23.33%,$0.27B,$0.05B,17.04%,$0.27B,$0.03B,11.11%,$0.03B,$0.28B,11.55%,$0.03B,$0.10B,38.83%,$0.03B,$0.47B,6.50%,$0.05B,$0.34B,15.19%,$67,$15,$52,$10,$30,$55,$12,$-0,$11,$4,$7,$7,$7,$15,$12,$42,42,$0.17,$0.17,$162,$10,$0,$220,$13,$29,$180,$2,$253,$472,$115,$64,$0,$82,$197,$0,$98,$-2,$276,$472,$7,$3,$2,$6,$25,$-1,$1,$-10,$11,$24,$-2,$0,$0,$15,$0,$15,$0,$13,$-3,$0,$-3,$0,$0,$0,$0,$-2,$35,$1,$0
34,2010-03-31,14.79,$6.39,2.32,$6.24,2.37,$2.02,7.32,$0.67,22.07,$0.22B,$0.13B,1.71,$0.07B,$0.27B,0.26,$0.26B,$0.20B,78.16%,$0.26B,$0.05B,18.01%,$0.26B,$0.05B,18.01%,$0.26B,$0.06B,22.99%,$0.26B,$0.04B,16.48%,$0.26B,$0.03B,10.73%,$0.03B,$0.27B,11.24%,$0.03B,$0.09B,43.24%,$0.03B,$0.48B,6.22%,$0.05B,$0.34B,14.62%,$72,$16,$56,$10,$35,$60,$12,$-1,$11,$4,$7,$7,$7,$15,$12,$41,42,$0.17,$0.17,$133,$9,$0,$219,$13,$37,$182,$2,$264,$483,$128,$68,$1,$88,$216,$0,$91,$-2,$267,$483,$28,$14,$11,$25,$-26,$-3,$-0,$28,$-8,$46,$-5,$-0,$0,$-54,$0,$-54,$0,$-60,$-13,$0,$-13,$3,$3,$0,$5,$-5,$-19,$5,$0
35,2009-12-31,14.62,$6.22,2.35,$6.14,2.38,$2.02,7.23,$0.64,22.84,$0.20B,$0.12B,1.64,$0.07B,$0.25B,0.28,$0.26B,$0.20B,78.04%,$0.26B,$0.05B,17.65%,$0.26B,$0.05B,17.65%,$0.26B,$0.06B,22.75%,$0.26B,$0.04B,16.08%,$0.26B,$0.03B,10.59%,$0.03B,$0.25B,11.31%,$0.03B,$0.07B,50.94%,$0.03B,$0.46B,6.15%,$0.05B,$0.33B,14.30%,$71,$15,$55,$9,$32,$57,$14,$-1,$13,$4,$9,$9,$9,$18,$14,$41,42,$0.21,$0.20,$116,$9,$0,$197,$12,$35,$183,$2,$265,$461,$120,$72,$1,$87,$207,$0,$84,$-2,$254,$461,$21,$11,$6,$17,$-18,$-2,$2,$6,$-11,$27,$-5,$-0,$0,$-31,$0,$-31,$0,$-37,$-11,$0,$-11,$2,$2,$0,$2,$-6,$-16,$4,$0
36,2009-09-30,13.51,$5.98,2.26,$6.24,2.16,$2.00,6.75,$0.64,21.11,$0.17B,$0.10B,1.65,$0.07B,$0.24B,0.31,$0.26B,$0.20B,78.13%,$0.26B,$0.04B,17.19%,$0.26B,$0.04B,17.19%,$0.26B,$0.06B,22.27%,$0.26B,$0.04B,15.63%,$0.26B,$0.03B,10.16%,$0.03B,$0.24B,11.32%,$0.03B,$0.06B,62.65%,$0.03B,$0.43B,6.02%,$0.04B,$0.32B,14.24%,$60,$13,$47,$9,$26,$48,$12,$-1,$11,$4,$7,$7,$7,$15,$12,$40,42,$0.18,$0.17,$114,$7,$0,$169,$12,$29,$185,$2,$261,$430,$102,$74,$1,$85,$187,$0,$76,$-2,$242,$430,$12,$7,$5,$12,$7,$-0,$2,$-9,$-7,$17,$-3,$-0,$0,$-5,$0,$-5,$0,$-8,$-8,$0,$-8,$1,$1,$0,$1,$-7,$2,$3,$0
37,2009-06-30,9.38,$5.77,1.63,$6.48,1.45,$1.91,4.92,$0.59,15.9,$0.16B,$0.11B,1.53,$0.08B,$0.23B,0.33,$0.27B,$0.21B,77.36%,$0.27B,$0.04B,15.47%,$0.27B,$0.04B,15.47%,$0.27B,$0.06B,20.75%,$0.27B,$0.04B,13.96%,$0.27B,$0.02B,9.06%,$0.02B,$0.23B,10.86%,$0.02B,$0.05B,78.69%,$0.02B,$0.43B,5.64%,$0.04B,$0.31B,13.50%,$58,$12,$46,$9,$27,$49,$9,$-1,$8,$3,$5,$5,$5,$12,$9,$40,41,$0.13,$0.13,$113,$7,$0,$164,$13,$29,$186,$1,$264,$427,$107,$77,$1,$88,$195,$0,$68,$-2,$233,$427,$5,$4,$2,$6,$11,$-0,$1,$-5,$-1,$10,$-2,$0,$0,$-12,$0,$-12,$0,$-14,$-3,$0,$-3,$0,$0,$0,$0,$-2,$-6,$1,$0
38,2009-03-31,7.16,$5.60,1.28,$6.57,1.09,$1.96,3.66,$0.50,14.32,$0.17B,$0.12B,1.44,$0.08B,$0.23B,0.37,$0.27B,$0.20B,76.12%,$0.27B,$0.04B,13.43%,$0.27B,$0.04B,13.43%,$0.27B,$0.05B,18.66%,$0.27B,$0.03B,11.57%,$0.27B,$0.02B,7.46%,$0.02B,$0.23B,9.40%,$0.02B,$0.04B,98.77%,$0.02B,$0.44B,4.73%,$0.04B,$0.31B,12.04%,$66,$15,$51,$10,$30,$56,$10,$-1,$9,$3,$6,$6,$6,$13,$10,$39,41,$0.14,$0.13,$106,$7,$0,$169,$14,$30,$188,$1,$268,$437,$117,$83,$1,$94,$211,$0,$63,$-1,$226,$437,$20,$14,$13,$27,$-8,$5,$-3,$8,$-3,$44,$-5,$0,$0,$-13,$0,$-13,$0,$-18,$-6,$0,$-6,$5,$5,$0,$0,$-1,$26,$5,$0
39,2008-12-31,8.62,$5.53,1.56,$6.61,1.3,$1.88,4.59,$0.23,37.48,$0.16B,$0.12B,1.31,$0.09B,$0.22B,0.39,$0.26B,$0.19B,73.85%,$0.26B,$0.02B,6.54%,$0.26B,$0.02B,6.54%,$0.26B,$0.03B,11.92%,$0.26B,$0.01B,4.23%,$0.26B,$0.01B,3.46%,$0.01B,$0.22B,4.38%,$0.01B,$0.03B,83.72%,$0.01B,$0.43B,2.15%,$0.02B,$0.30B,5.77%,$72,$16,$56,$10,$32,$59,$13,$-1,$12,$4,$8,$8,$8,$17,$13,$39,41,$0.20,$0.20,$89,$8,$0,$158,$14,$31,$193,$2,$275,$433,$121,$85,$1,$95,$215,$0,$58,$-1,$218,$433,$14,$11,$6,$17,$-14,$4,$-3,$4,$-7,$24,$-4,$0,$0,$-14,$0,$-14,$0,$-18,$-4,$0,$-4,$3,$3,$0,$1,$-1,$7,$4,$0
40,2008-09-30,10.64,$5.28,2.02,$6.30,1.69,$1.67,6.38,$-0.06,0.0,$0.13B,$0.10B,1.26,$0.09B,$0.21B,0.42,$0.24B,$0.17B,71.90%,$0.24B,$0.00B,0.83%,$0.24B,$0.00B,0.83%,$0.24B,$0.01B,5.79%,$0.24B,$-0.01B,-2.07%,$0.24B,$-0.00B,-0.83%,$-0.00B,$0.21B,-1.00%,$-0.00B,$0.01B,-50.00%,$-0.00B,$0.41B,-0.48%,$0.00B,$0.30B,0.68%,$69,$17,$52,$10,$32,$60,$9,$-1,$8,$3,$5,$5,$5,$13,$9,$39,41,$0.13,$0.12,$78,$7,$0,$127,$15,$31,$194,$1,$277,$405,$101,$88,$1,$96,$197,$0,$50,$-2,$207,$405,$6,$7,$4,$11,$6,$5,$-2,$-7,$-5,$13,$-3,$0,$0,$-2,$0,$-2,$0,$-5,$-3,$0,$-3,$2,$2,$0,$0,$0,$8,$2,$0
41,2008-06-30,10.68,$5.13,2.08,$5.50,1.94,$1.64,6.5,$-0.08,0.0,$0.14B,$0.12B,1.16,$0.09B,$0.20B,0.45,$0.20B,$0.15B,71.43%,$0.20B,$-0.00B,-1.48%,$0.20B,$-0.00B,-1.48%,$0.20B,$0.01B,2.96%,$0.20B,$-0.01B,-3.94%,$0.20B,$-0.00B,-1.97%,$-0.00B,$0.20B,-2.15%,$-0.00B,$0.01B,-14.16%,$-0.00B,$0.42B,-1.11%,$-0.00B,$0.29B,-1.17%,$61,$15,$45,$10,$31,$57,$4,$-2,$2,$1,$1,$1,$1,$7,$4,$39,41,$0.04,$0.04,$77,$13,$0,$135,$16,$33,$196,$1,$281,$416,$116,$90,$1,$99,$215,$0,$45,$-1,$200,$416,$1,$3,$2,$5,$6,$-1,$-2,$7,$4,$11,$-1,$0,$0,$2,$0,$2,$0,$0,$-1,$0,$-1,$1,$1,$0,$0,$0,$12,$1,$0
42,2008-03-31,9.3,$5.08,1.83,$4.85,1.92,$1.55,6.0,$-0.04,0.0,$0.14B,$0.12B,1.11,$0.09B,$0.20B,0.47,$0.17B,$0.12B,71.18%,$0.17B,$-0.00B,-2.35%,$0.17B,$-0.00B,-2.35%,$0.17B,$0.00B,1.76%,$0.17B,$-0.01B,-3.53%,$0.17B,$-0.00B,-1.18%,$-0.00B,$0.20B,-1.17%,$-0.00B,$0.00B,-3.76%,$-0.00B,$0.42B,-0.66%,$-0.00B,$0.29B,-1.83%,$58,$19,$39,$11,$37,$67,$-9,$-2,$-11,$-6,$-5,$-5,$-5,$-6,$-9,$35,35,$-0.15,$-0.15,$67,$12,$0,$136,$17,$34,$197,$2,$285,$421,$122,$93,$1,$101,$224,$0,$43,$0,$197,$421,$-2,$9,$1,$9,$7,$-3,$-2,$33,$29,$36,$-5,$0,$-31,$37,$0,$37,$0,$0,$-2,$0,$-2,$3,$3,$0,$0,$0,$38,$2,$0
43,2007-12-31,12.77,$5.19,2.46,$4.02,3.18,$0.99,12.91,$0.15,85.13,$0.16B,$0.11B,1.47,$0.10B,$0.20B,0.48,$0.14B,$0.10B,74.10%,$0.14B,$0.01B,5.04%,$0.14B,$0.01B,5.04%,$0.14B,$0.01B,8.63%,$0.14B,$0.01B,5.76%,$0.14B,$0.01B,3.60%,$0.01B,$0.20B,3.19%,$0.01B,$-0.00B,6.37%,$0.01B,$0.41B,2.07%,$0.01B,$0.30B,3.88%,$54,$16,$38,$9,$31,$56,$-2,$-1,$-4,$-1,$-3,$-3,$-3,$0,$-2,$36,36,$-0.09,$-0.09,$82,$10,$0,$157,$18,$0,$202,$1,$253,$411,$107,$95,$1,$104,$211,$0,$48,$0,$200,$411,$3,$5,$1,$6,$-10,$-1,$3,$11,$5,$14,$-3,$0,$-31,$52,$0,$52,$0,$18,$-1,$0,$-1,$2,$2,$0,$0,$1,$34,$1,$0
44,2007-09-30,10.9,$4.52,2.41,$3.35,3.25,$0.84,12.91,$0.30,36.33,$0.13B,$0.04B,3.38,$0.00B,$0.15B,0.0,$0.11B,$0.09B,76.58%,$0.11B,$0.01B,9.91%,$0.11B,$0.01B,9.91%,$0.11B,$0.02B,13.51%,$0.11B,$0.02B,13.51%,$0.11B,$0.01B,9.01%,$0.01B,$0.15B,7.10%,$0.01B,$0.11B,9.64%,$0.01B,$0.19B,5.49%,$0.01B,$0.15B,7.82%,$30,$7,$23,$5,$14,$26,$4,$1,$5,$1,$3,$3,$3,$5,$4,$32,34,$0.10,$0.10,$103,$5,$0,$132,$9,$6,$37,$2,$59,$191,$39,$0,$1,$5,$45,$0,$51,$-0,$147,$191,$6,$2,$0,$3,$-0,$-0,$1,$-1,$1,$10,$-3,$0,$0,$4,$0,$4,$0,$2,$0,$0,$0,$1,$1,$0,$0,$1,$13,$1,$0
45,2007-06-30,8.67,$4.40,1.97,$3.24,2.68,$0.69,12.6,$0.27,32.11,$0.12B,$0.04B,3.13,$0.00B,$0.14B,0.0,$0.11B,$0.08B,76.42%,$0.11B,$0.01B,9.43%,$0.11B,$0.01B,9.43%,$0.11B,$0.01B,13.21%,$0.11B,$0.01B,13.21%,$0.11B,$0.01B,8.49%,$0.01B,$0.14B,6.57%,$0.01B,$0.11B,9.00%,$0.01B,$0.18B,5.10%,$0.01B,$0.14B,7.30%,$28,$6,$21,$5,$14,$25,$3,$1,$4,$1,$3,$3,$3,$4,$3,$32,33,$0.08,$0.08,$93,$5,$0,$120,$9,$12,$37,$0,$63,$184,$38,$0,$1,$4,$42,$0,$48,$-0,$142,$184,$3,$1,$0,$1,$2,$-0,$-0,$-0,$2,$6,$-1,$0,$0,$-11,$0,$-11,$0,$-13,$0,$0,$0,$0,$0,$0,$0,$0,$-6,$0,$0
46,2007-03-31,9.05,$4.32,2.1,$3.11,2.91,$0.59,15.22,$0.23,39.35,$0.12B,$0.04B,3.09,$0.00B,$0.14B,0.0,$0.10B,$0.08B,76.47%,$0.10B,$0.01B,7.84%,$0.10B,$0.01B,7.84%,$0.10B,$0.01B,11.76%,$0.10B,$0.01B,11.76%,$0.10B,$0.01B,6.86%,$0.01B,$0.14B,5.22%,$0.01B,$0.10B,7.24%,$0.01B,$0.18B,4.06%,$0.01B,$0.14B,5.97%,$27,$7,$21,$5,$14,$26,$2,$1,$3,$1,$2,$2,$2,$3,$2,$32,33,$0.07,$0.06,$88,$5,$0,$118,$8,$12,$37,$0,$63,$180,$38,$0,$1,$4,$42,$0,$45,$-0,$138,$180,$8,$4,$2,$6,$-2,$-2,$0,$2,$1,$14,$-4,$-0,$0,$-55,$0,$-55,$0,$-59,$0,$0,$0,$1,$1,$0,$0,$2,$-43,$1,$0
47,2006-12-31,8.3,$4.26,1.95,$3.09,2.68,$0.62,13.48,$0.23,36.09,$0.11B,$0.04B,3.22,$0.00B,$0.14B,0.0,$0.10B,$0.08B,75.25%,$0.10B,$0.01B,7.92%,$0.10B,$0.01B,7.92%,$0.10B,$0.01B,11.88%,$0.10B,$0.01B,11.88%,$0.10B,$0.01B,6.93%,$0.01B,$0.14B,5.33%,$0.01B,$0.10B,7.47%,$0.01B,$0.17B,4.14%,$0.01B,$0.14B,6.10%,$26,$6,$20,$5,$14,$25,$2,$1,$3,$1,$2,$2,$2,$3,$2,$32,33,$0.06,$0.06,$84,$4,$0,$112,$8,$11,$37,$0,$61,$173,$35,$0,$1,$3,$37,$0,$43,$-0,$136,$173,$6,$3,$1,$4,$0,$-2,$0,$-0,$-1,$8,$-3,$-0,$0,$1,$0,$1,$0,$-2,$0,$0,$0,$2,$2,$0,$1,$2,$8,$1,$0
