,Date,Stock Price,Book Value per Share,Price to Book Ratio,TTM Sales per Share,Price to Sales Ratio,TTM FCF per Share,Price to FCF Ratio,TTM Net EPS,PE Ratio,Current Assets,Current Liabilities,Current Ratio,Long Term Debt,Shareholder's Equity_x,Debt to Equity Ratio,TTM Revenue_x,TTM Gross Profit,Gross Margin,TTM Revenue_y,TTM Operating Income,Operating Margin,TTM Revenue_x,TTM EBIT,EBIT Margin,TTM Revenue_y,TTM EBITDA,EBITDA Margin,TTM Revenue_x,TTM Pre-Tax Income,Pre-Tax Margin,TTM Revenue_y,TTM Net Income_x,Net Margin,TTM Net Income_y,Shareholder's Equity_y,Return on Equity,TTM Net Income_x,Tangible Equity,Return on Tangible Equity,TTM Net Income_y,Total Assets,Return on Assets,TTM Net Income,LT Investments & Debt,Return on Investment,revenue,cost-goods-sold,gross-profit,research-development-expenses,selling-general-administrative-expenses,operating-expenses,operating-income,total-non-operating-income-expense,pre-tax-income,total-provision-income-taxes,income-after-taxes,income-from-continuous-operations,net-income,ebitda,ebit,basic-shares-outstanding,shares-outstanding,eps-basic-net-earnings-per-share,eps-earnings-per-share-diluted,cash-on-hand,inventory,other-current-assets,total-current-assets,net-property-plant-equipment,long-term-investments,goodwill-intangible-assets-total,other-long-term-assets,total-long-term-assets,total-assets,total-current-liabilities,long-term-debt,other-non-current-liabilities,total-long-term-liabilities,total-liabilities,common-stock-net,retained-earnings-accumulated-deficit,comprehensive-income,total-share-holder-equity,total-liabilities-share-holders-equity,net-income-loss,total-depreciation-amortization-cash-flow,other-non-cash-items,total-non-cash-items,change-in-accounts-receivable,change-in-inventories,change-in-accounts-payable,change-in-assets-liabilities,total-change-in-assets-liabilities,cash-flow-from-operating-activities,net-change-in-property-plant-equipment,net-change-in-intangible-assets,net-acquisitions-divestitures,net-change-in-short-term-investments,net-change-in-long-term-investments,net-change-in-investments-total,investing-activities-other,cash-flow-from-investing-activities,net-long-term-debt,net-current-debt,debt-issuance-retirement-net-total,net-common-equity-issued-repurchased,net-total-equity-issued-repurchased,total-common-preferred-stock-dividends-paid,financial-activities-other,cash-flow-from-financial-activities,net-cash-flow,stock-based-compensation,common-stock-dividends-paid
0,2018-09-30,228.25,$0.00,0.0,$73.67,3.1,$13.14,17.37,$4.84,47.16,$9.17B,$4.82B,1.9,$0.00B,$0.00B,0.0,$9.66B,$4.15B,42.97%,$9.66B,$1.14B,11.81%,$9.66B,$1.14B,11.81%,$9.66B,$1.20B,12.42%,$9.66B,$1.26B,13.01%,$9.66B,$0.93B,9.61%,$0.93B,$6.43B,13.53%,$0.93B,$5.91B,13.93%,$0.93B,$11.65B,8.12%,$1.14B,$6.43B,16.64%,$2454,$1355,$1099,$329,$463,$2147,$307,$52,$359,$123,$236,$236,$232,$307,$307,$128,129,$1.81,$1.80,$6899,$916,$0,$9166,$773,$22,$513,$1029,$2481,$11647,$4823,$0,$24,$399,$5222,$0,$0,$0,$6425,$11647,$0,$0,$0,$0,$0,$0,$0,$0,$0,$0,$0,$0,$0,$0,$0,$0,$0,$0,$0,$0,$0,$0,$0,$0,$0,$0,$0,$0,$0
1,2018-06-30,252.67,$0.00,0.0,$68.89,3.67,$13.14,19.23,$7.70,32.81,$9.43B,$4.48B,2.11,$0.00B,$0.00B,0.0,$9.08B,$3.95B,43.45%,$9.08B,$1.22B,13.40%,$9.08B,$1.22B,13.40%,$9.08B,$1.28B,14.05%,$9.08B,$1.31B,14.47%,$9.08B,$1.08B,11.85%,$1.08B,$6.68B,15.44%,$1.08B,$6.60B,15.64%,$1.08B,$11.40B,9.77%,$1.22B,$6.68B,17.46%,$2461,$1366,$1095,$290,$452,$2108,$353,$53,$406,$64,$342,$342,$318,$353,$353,$130,131,$2.45,$2.44,$7316,$858,$0,$9426,$736,$23,$89,$1001,$1969,$11395,$4476,$0,$22,$234,$4711,$0,$0,$0,$6684,$11395,$0,$0,$0,$0,$0,$0,$0,$0,$0,$0,$0,$0,$0,$0,$0,$0,$0,$0,$0,$0,$0,$0,$0,$0,$0,$0,$0,$0,$0
2,2018-03-31,280.11,$0.00,0.0,$64.92,4.31,$13.14,21.32,$8.57,32.68,$10.11B,$4.45B,2.27,$0.00B,$7.18B,0.0,$8.59B,$3.85B,44.75%,$8.59B,$1.37B,15.90%,$8.59B,$1.37B,15.90%,$8.59B,$1.43B,16.58%,$8.59B,$1.45B,16.91%,$8.59B,$1.20B,13.92%,$1.20B,$7.18B,17.26%,$1.20B,$7.09B,17.49%,$1.20B,$11.76B,11.31%,$1.37B,$7.18B,19.71%,$2260,$1310,$949,$233,$524,$2067,$192,$-19,$173,$45,$128,$128,$120,$251,$192,$131,132,$0.91,$0.91,$7828,$816,$0,$10105,$679,$24,$94,$724,$1657,$11762,$4445,$0,$23,$133,$4577,$0,$0,$0,$7184,$11762,$128,$58,$157,$216,$-142,$56,$-4,$-30,$-40,$304,$-106,$-54,$0,$-203,$208,$5,$-15,$-170,$0,$494,$494,$-371,$-371,$-50,$-73,$-0,$127,$93,$-50
3,2017-12-31,344.3,$54.34,6.34,$62.78,5.48,$15.70,21.92,$11.95,28.81,$9.52B,$3.65B,2.61,$0.00B,$7.14B,0.0,$8.32B,$3.98B,47.90%,$8.32B,$1.87B,22.45%,$8.32B,$1.87B,22.45%,$8.32B,$1.89B,22.72%,$8.32B,$2.00B,24.05%,$8.32B,$1.65B,19.80%,$1.65B,$7.14B,24.72%,$1.65B,$7.05B,25.05%,$1.65B,$10.92B,16.60%,$1.87B,$7.14B,28.04%,$2485,$1477,$1008,$209,$509,$2196,$289,$30,$319,$58,$261,$261,$258,$289,$289,$132,133,$1.96,$1.95,$7537,$841,$0,$9521,$579,$428,$91,$171,$1396,$10917,$3650,$0,$3,$130,$3780,$0,$6568,$6,$7137,$10917,$1667,$123,$268,$391,$87,$-599,$169,$136,$-231,$1827,$-283,$-105,$0,$306,$-1860,$-1554,$-95,$-2036,$0,$477,$477,$-317,$-317,$-501,$140,$-200,$-411,$308,$-501
4,2017-09-30,262.65,$0.00,0.0,$55.70,4.72,$19.69,13.34,$14.47,18.15,$8.84B,$3.02B,2.93,$0.00B,$0.00B,0.0,$7.37B,$3.79B,51.40%,$7.37B,$2.07B,28.03%,$7.37B,$2.07B,28.03%,$7.37B,$2.09B,28.33%,$7.37B,$2.27B,30.79%,$7.37B,$1.86B,25.20%,$1.86B,$6.87B,29.69%,$1.86B,$6.78B,30.10%,$1.86B,$10.00B,20.03%,$2.07B,$6.87B,33.03%,$1875,$982,$894,$173,$337,$1492,$383,$33,$416,$34,$382,$382,$380,$383,$383,$132,132,$2.88,$2.86,$7059,$0,$0,$8842,$504,$8,$90,$457,$1153,$9995,$3020,$0,$2,$103,$3124,$0,$0,$0,$6871,$9995,$0,$0,$0,$0,$0,$0,$0,$0,$0,$0,$0,$0,$0,$0,$0,$0,$0,$0,$0,$0,$0,$0,$0,$0,$0,$0,$0,$0,$0
5,2017-06-30,298.41,$0.00,0.0,$51.92,5.75,$19.69,15.16,$14.72,20.27,$8.50B,$2.98B,2.85,$0.00B,$6.52B,0.0,$6.88B,$3.70B,53.73%,$6.88B,$2.11B,30.69%,$6.88B,$2.11B,30.69%,$6.88B,$2.13B,31.01%,$6.88B,$2.34B,33.97%,$6.88B,$1.89B,27.46%,$1.89B,$6.52B,32.22%,$1.89B,$6.44B,32.70%,$1.89B,$9.62B,21.87%,$2.11B,$6.52B,36.01%,$1973,$979,$994,$155,$336,$1471,$502,$43,$545,$104,$442,$442,$438,$502,$502,$132,133,$3.33,$3.31,$6897,$0,$0,$8499,$440,$7,$86,$492,$1118,$9618,$2978,$0,$0,$116,$3094,$0,$0,$0,$6524,$9618,$0,$0,$0,$0,$0,$0,$0,$0,$0,$0,$0,$0,$0,$0,$0,$0,$0,$0,$0,$0,$0,$0,$0,$0,$0,$0,$0,$0,$0
6,2017-03-31,280.85,$0.00,0.0,$47.25,5.94,$19.69,14.27,$14.51,19.36,$7.87B,$2.93B,2.68,$0.00B,$6.10B,0.0,$6.25B,$3.50B,55.93%,$6.25B,$2.07B,33.07%,$6.25B,$2.07B,33.07%,$6.25B,$2.09B,33.42%,$6.25B,$2.25B,35.98%,$6.25B,$1.86B,29.75%,$1.86B,$6.10B,34.01%,$1.86B,$6.01B,34.56%,$1.86B,$9.13B,23.38%,$2.07B,$6.10B,37.81%,$1982,$894,$1087,$134,$260,$1288,$693,$26,$720,$137,$583,$583,$570,$715,$693,$132,133,$4.33,$4.29,$6382,$0,$0,$7872,$390,$73,$85,$620,$1259,$9132,$2933,$0,$0,$100,$3033,$0,$0,$0,$6099,$9132,$583,$21,$20,$41,$82,$0,$25,$-259,$-39,$586,$-47,$0,$0,$88,$-835,$-747,$-22,$-816,$0,$100,$100,$-24,$-24,$-133,$73,$16,$-215,$60,$-133
7,2016-12-31,212.24,$42.21,5.03,$41.58,5.1,$15.63,13.58,$13.10,16.2,$7.19B,$2.81B,2.56,$0.00B,$5.54B,0.0,$5.50B,$3.12B,56.76%,$5.50B,$1.82B,33.10%,$5.50B,$1.82B,33.10%,$5.50B,$1.82B,33.10%,$5.50B,$2.00B,36.37%,$5.50B,$1.67B,30.41%,$1.67B,$5.54B,32.45%,$1.67B,$5.46B,32.98%,$1.67B,$8.36B,22.75%,$1.82B,$5.54B,35.32%,$1543,$728,$815,$110,$216,$1054,$489,$101,$589,$117,$472,$472,$470,$489,$489,$131,132,$3.58,$3.54,$5740,$227,$0,$7190,$348,$363,$85,$369,$1168,$8358,$2814,$0,$0,$5,$2819,$0,$5088,$9,$5540,$8358,$1699,$47,$105,$152,$-237,$-110,$87,$498,$380,$2231,$-163,$-1,$0,$-955,$-565,$-1520,$-333,$-2017,$0,$215,$215,$-173,$-173,$-367,$0,$-324,$-91,$143,$-367
8,2016-09-30,236.52,$0.00,0.0,$37.97,6.23,$8.42,28.09,$11.61,20.37,$5.98B,$2.15B,2.78,$0.00B,$5.29B,0.0,$5.02B,$2.83B,56.37%,$5.02B,$1.60B,31.87%,$5.02B,$1.60B,31.87%,$5.02B,$1.60B,31.87%,$5.02B,$1.80B,35.76%,$5.02B,$1.51B,30.12%,$1.51B,$5.29B,30.86%,$1.51B,$5.20B,31.31%,$1.51B,$7.45B,22.08%,$1.60B,$5.29B,32.66%,$1381,$582,$800,$123,$250,$954,$427,$56,$483,$64,$419,$419,$411,$427,$427,$131,132,$3.13,$3.11,$4862,$0,$0,$5978,$324,$181,$89,$870,$1468,$7446,$2154,$0,$0,$7,$2161,$5249,$0,$0,$5286,$7446,$0,$0,$0,$0,$0,$0,$0,$0,$0,$0,$0,$0,$0,$0,$0,$0,$0,$0,$0,$0,$0,$0,$0,$0,$0,$0,$0,$0,$0
9,2016-06-30,189.11,$0.00,0.0,$35.45,5.33,$8.42,22.46,$10.74,17.61,$5.56B,$1.93B,2.88,$0.00B,$4.95B,0.0,$4.69B,$2.64B,56.22%,$4.69B,$1.50B,32.03%,$4.69B,$1.50B,32.03%,$4.69B,$1.50B,32.03%,$4.69B,$1.68B,35.81%,$4.69B,$1.40B,29.79%,$1.40B,$4.95B,30.08%,$1.40B,$4.86B,30.43%,$1.40B,$6.89B,21.66%,$1.50B,$4.95B,32.34%,$1347,$553,$795,$109,$227,$889,$459,$-0,$458,$40,$419,$419,$409,$459,$459,$131,132,$3.12,$3.10,$4456,$0,$0,$5560,$310,$244,$90,$679,$1327,$6886,$1928,$0,$0,$6,$1934,$4924,$0,$0,$4952,$6886,$0,$0,$0,$0,$0,$0,$0,$0,$0,$0,$0,$0,$0,$0,$0,$0,$0,$0,$0,$0,$0,$0,$0,$0,$0,$0,$0,$0,$0
10,2016-03-31,139.9,$0.00,0.0,$31.14,4.49,$8.42,16.61,$9.38,14.92,$5.60B,$1.86B,3.01,$0.00B,$0.00B,0.0,$4.12B,$2.34B,56.84%,$4.12B,$1.32B,32.02%,$4.12B,$1.32B,32.02%,$4.12B,$1.32B,32.02%,$4.12B,$1.48B,35.83%,$4.12B,$1.22B,29.55%,$1.22B,$4.83B,27.37%,$1.22B,$4.77B,27.58%,$1.22B,$6.71B,19.84%,$1.32B,$4.83B,29.66%,$1228,$516,$711,$97,$170,$783,$445,$26,$470,$82,$388,$388,$382,$445,$445,$132,133,$2.90,$2.88,$4564,$0,$0,$5598,$312,$219,$65,$508,$1108,$6706,$1861,$0,$1,$14,$1875,$0,$0,$0,$4831,$6706,$0,$0,$0,$0,$0,$0,$0,$0,$0,$0,$0,$0,$0,$0,$0,$0,$0,$0,$0,$0,$0,$0,$0,$0,$0,$0,$0,$0,$0
11,2015-12-31,175.8,$34.43,5.11,$26.64,6.6,$10.63,16.53,$8.05,21.84,$5.31B,$1.80B,2.95,$0.00B,$4.53B,0.0,$3.52B,$2.07B,58.79%,$3.52B,$1.12B,31.92%,$3.52B,$1.12B,31.92%,$3.52B,$1.13B,32.09%,$3.52B,$1.25B,35.56%,$3.52B,$1.04B,29.54%,$1.04B,$4.53B,24.53%,$1.04B,$4.49B,24.64%,$1.04B,$6.35B,18.15%,$1.12B,$4.53B,26.51%,$1064,$540,$524,$82,$173,$795,$269,$36,$384,$76,$308,$318,$310,$269,$269,$131,132,$2.35,$2.33,$4303,$126,$0,$5312,$323,$444,$37,$234,$1042,$6354,$1801,$0,$13,$26,$1827,$0,$4078,$4,$4527,$6354,$1055,$28,$58,$87,$-269,$-122,$38,$396,$105,$1247,$-134,$-25,$0,$-463,$368,$-95,$-137,$-392,$0,$13,$13,$-20,$-20,$-227,$-18,$-252,$625,$106,$-227
12,2015-09-30,116.12,$0.00,0.0,$23.11,5.03,$8.76,13.26,$7.09,16.38,$5.23B,$1.56B,3.36,$0.00B,$4.27B,0.0,$3.05B,$1.98B,65.00%,$3.05B,$1.09B,35.86%,$3.05B,$1.09B,35.86%,$3.05B,$1.10B,36.05%,$3.05B,$1.10B,36.12%,$3.05B,$0.94B,30.65%,$0.94B,$4.27B,23.09%,$0.94B,$4.25B,23.17%,$0.94B,$5.85B,17.43%,$1.09B,$4.27B,27.01%,$1050,$444,$606,$98,$179,$721,$329,$38,$367,$63,$304,$304,$296,$329,$329,$132,132,$2.25,$2.24,$4322,$0,$0,$5227,$286,$83,$18,$236,$627,$5854,$1557,$0,$11,$32,$1589,$0,$0,$0,$4266,$5854,$0,$0,$0,$0,$0,$0,$0,$0,$0,$0,$0,$0,$0,$0,$0,$0,$0,$0,$0,$0,$0,$0,$0,$0,$0,$0,$0,$0,$0
13,2015-06-30,139.49,$0.00,0.0,$19.30,7.23,$8.76,15.93,$6.29,22.18,$5.05B,$1.46B,3.46,$0.00B,$0.00B,0.0,$2.54B,$1.78B,69.96%,$2.54B,$0.99B,39.09%,$2.54B,$0.99B,39.09%,$2.54B,$1.00B,39.32%,$2.54B,$0.96B,37.67%,$2.54B,$0.83B,32.56%,$0.83B,$4.18B,21.28%,$0.83B,$4.16B,21.34%,$0.83B,$5.65B,16.37%,$0.99B,$4.18B,25.54%,$780,$278,$502,$80,$145,$503,$277,$22,$256,$24,$233,$230,$230,$277,$277,$132,132,$1.75,$1.74,$4214,$0,$548,$5048,$0,$45,$13,$272,$334,$5645,$1459,$0,$9,$9,$1468,$0,$0,$0,$4177,$5645,$0,$0,$0,$0,$0,$0,$0,$0,$0,$0,$0,$0,$0,$0,$0,$0,$0,$0,$0,$0,$0,$0,$0,$0,$0,$0,$0,$0,$0
14,2015-03-31,101.12,$0.00,0.0,$17.04,5.93,$8.76,11.55,$6.03,16.77,$4.67B,$1.06B,4.39,$0.00B,$0.00B,0.0,$2.24B,$1.63B,72.76%,$2.24B,$0.94B,41.80%,$2.24B,$0.94B,41.80%,$2.24B,$0.94B,42.07%,$2.24B,$0.92B,40.87%,$2.24B,$0.79B,35.37%,$0.79B,$3.99B,21.36%,$0.79B,$3.98B,21.41%,$0.79B,$5.07B,16.68%,$0.94B,$3.99B,25.24%,$627,$189,$438,$73,$116,$378,$249,$33,$245,$35,$211,$204,$204,$255,$249,$131,132,$1.56,$1.55,$4211,$0,$316,$4671,$0,$63,$12,$101,$180,$5065,$1064,$0,$9,$9,$1072,$0,$0,$0,$3992,$5065,$211,$6,$0,$6,$0,$0,$0,$0,$61,$311,$-19,$0,$0,$0,$0,$-52,$222,$151,$0,$-134,$-134,$0,$0,$-51,$0,$-184,$277,$0,$0
15,2014-12-31,94.88,$0.00,0.0,$15.38,6.17,$8.54,11.11,$5.86,16.19,$4.47B,$1.09B,4.11,$0.00B,$3.77B,0.0,$2.02B,$1.49B,73.87%,$2.02B,$0.90B,44.42%,$2.02B,$0.90B,44.42%,$2.02B,$0.90B,44.72%,$2.02B,$0.88B,43.63%,$2.02B,$0.77B,38.13%,$0.77B,$3.77B,21.80%,$0.77B,$3.75B,21.84%,$0.77B,$4.89B,17.02%,$0.90B,$3.77B,25.40%,$594,$156,$437,$63,$136,$354,$239,$35,$234,$30,$204,$205,$205,$239,$239,$131,131,$1.57,$1.56,$4062,$0,$267,$4470,$-156,$108,$13,$92,$60,$4892,$1089,$0,$17,$39,$1128,$0,$3421,$0,$3765,$4892,$773,$28,$0,$28,$0,$0,$0,$0,$103,$947,$-86,$0,$0,$0,$0,$-510,$-132,$-729,$0,$173,$0,$0,$0,$-320,$21,$-125,$91,$0,$0
16,2014-09-30,81.7,$0.00,0.0,$14.14,5.78,$8.35,9.79,$5.87,13.92,$4.26B,$0.99B,4.31,$0.00B,$0.00B,0.0,$1.85B,$1.36B,73.51%,$1.85B,$1.23B,66.54%,$1.85B,$1.23B,66.54%,$1.85B,$1.24B,66.86%,$1.85B,$0.87B,47.03%,$1.85B,$0.77B,41.51%,$0.77B,$3.63B,22.46%,$0.77B,$3.63B,22.48%,$0.77B,$4.63B,17.82%,$1.23B,$3.63B,36.00%,$542,$140,$402,$65,$108,$312,$229,$28,$223,$32,$191,$189,$189,$229,$229,$131,131,$1.45,$1.44,$3890,$0,$247,$4262,$0,$105,$7,$90,$205,$4634,$988,$0,$14,$14,$1002,$0,$0,$0,$3632,$4634,$0,$0,$0,$0,$0,$0,$0,$0,$0,$0,$0,$0,$0,$0,$0,$0,$0,$0,$0,$0,$0,$0,$0,$0,$0,$0,$0,$0,$0
17,2014-06-30,74.43,$0.00,0.0,$13.16,5.66,$8.35,8.91,$5.74,12.97,$4.01B,$0.94B,4.25,$0.00B,$0.00B,0.0,$1.72B,$1.27B,73.82%,$1.72B,$0.83B,48.34%,$1.72B,$0.83B,48.34%,$1.72B,$0.84B,48.69%,$1.72B,$0.85B,49.51%,$1.72B,$0.75B,43.63%,$0.75B,$3.44B,29.87%,$0.75B,$3.44B,22.86%,$0.75B,$4.40B,18.34%,$0.83B,$3.44B,33.09%,$476,$124,$352,$47,$86,$257,$219,$23,$213,$16,$197,$194,$194,$219,$219,$131,131,$1.48,$1.48,$3694,$0,$221,$4007,$0,$160,$2,$73,$239,$4397,$943,$0,$12,$12,$955,$0,$0,$0,$3442,$4397,$0,$0,$0,$0,$0,$0,$0,$0,$0,$0,$0,$0,$0,$0,$0,$0,$0,$0,$0,$0,$0,$0,$0,$0,$0,$0,$0,$0,$0
18,2014-03-31,63.62,$0.00,0.0,$12.54,5.07,$8.35,7.62,$5.63,11.3,$3.81B,$0.87B,4.37,$0.00B,$0.00B,0.0,$1.64B,$1.22B,74.45%,$1.64B,$0.81B,49.57%,$1.64B,$0.81B,49.57%,$1.64B,$0.82B,49.94%,$1.64B,$0.84B,51.10%,$1.64B,$0.73B,44.87%,$0.73B,$3.27B,30.89%,$0.73B,$3.27B,23.33%,$0.73B,$4.15B,18.89%,$0.81B,$3.27B,34.13%,$405,$106,$299,$39,$52,$196,$209,$26,$210,$29,$181,$181,$181,$215,$209,$130,131,$1.39,$1.38,$3545,$0,$206,$3809,$0,$142,$2,$58,$205,$4153,$871,$0,$12,$12,$883,$0,$0,$0,$3270,$4153,$181,$6,$0,$6,$0,$0,$0,$0,$64,$265,$-5,$0,$0,$0,$0,$10,$-16,$-12,$0,$128,$128,$0,$0,$-181,$0,$-53,$202,$0,$0
19,2013-12-31,72.79,$0.00,0.0,$12.24,5.95,$8.23,8.84,$5.57,13.07,$3.77B,$0.70B,5.39,$0.00B,$3.33B,0.0,$1.60B,$1.19B,74.29%,$1.60B,$0.80B,49.84%,$1.60B,$0.80B,49.84%,$1.60B,$0.80B,50.16%,$1.60B,$0.82B,51.47%,$1.60B,$0.72B,45.39%,$0.72B,$3.33B,32.47%,$0.72B,$3.33B,24.14%,$0.72B,$4.06B,19.62%,$0.80B,$3.33B,35.65%,$427,$120,$307,$-337,$70,$-147,$574,$-342,$224,$9,$215,$204,$204,$574,$574,$130,131,$1.57,$1.57,$3489,$0,$210,$3766,$0,$83,$2,$57,$145,$4055,$699,$0,$24,$24,$723,$0,$3057,$0,$3332,$4055,$734,$28,$0,$28,$0,$0,$0,$0,$3,$865,$-35,$0,$0,$0,$0,$-597,$-268,$-901,$0,$166,$0,$0,$-18,$-135,$1,$14,$-22,$0,$0
20,2013-09-30,67.23,$0.00,0.0,$11.74,5.72,$6.82,9.86,$5.23,12.86,$3.49B,$0.65B,5.37,$0.00B,$0.00B,0.0,$1.53B,$1.13B,73.84%,$1.53B,$0.38B,24.72%,$1.53B,$0.38B,24.72%,$1.53B,$0.38B,25.05%,$1.53B,$0.80B,51.92%,$1.53B,$0.68B,44.49%,$0.68B,$0.00B,33.71%,$0.68B,$3.09B,24.42%,$0.68B,$3.76B,19.77%,$0.38B,$0.00B,18.73%,$411,$100,$311,$421,$62,$582,$-171,$401,$204,$34,$171,$171,$171,$-171,$-171,$130,130,$1.32,$1.31,$3221,$0,$207,$3493,$0,$74,$2,$54,$130,$3756,$651,$0,$19,$19,$670,$0,$0,$0,$0,$670,$0,$0,$0,$0,$0,$0,$0,$0,$0,$0,$0,$0,$0,$0,$0,$0,$0,$0,$0,$0,$0,$0,$0,$0,$0,$0,$0,$0,$0
21,2013-06-30,58.5,$0.00,0.0,$11.01,5.31,$6.82,8.58,$4.90,11.94,$3.41B,$0.67B,5.13,$0.00B,$0.00B,0.0,$1.44B,$1.04B,72.03%,$1.44B,$0.68B,47.26%,$1.44B,$0.68B,47.26%,$1.44B,$0.69B,47.61%,$1.44B,$0.75B,51.91%,$1.44B,$0.64B,44.41%,$0.64B,$2.90B,24.13%,$0.64B,$2.90B,24.15%,$0.64B,$3.58B,19.73%,$0.68B,$2.90B,25.68%,$393,$92,$301,$36,$66,$194,$199,$24,$198,$21,$177,$178,$178,$199,$199,$130,130,$1.37,$1.37,$3146,$0,$213,$3413,$0,$18,$2,$15,$36,$3582,$665,$0,$14,$14,$680,$0,$0,$0,$2902,$3582,$0,$0,$0,$0,$0,$0,$0,$0,$0,$0,$0,$0,$0,$0,$0,$0,$0,$0,$0,$0,$0,$0,$0,$0,$0,$0,$0,$0,$0
22,2013-03-31,50.72,$0.00,0.0,$10.34,4.91,$6.82,7.44,$4.58,11.07,$3.20B,$0.67B,4.78,$0.00B,$0.00B,0.0,$1.36B,$0.95B,69.64%,$1.36B,$0.62B,45.76%,$1.36B,$0.62B,45.76%,$1.36B,$0.63B,46.13%,$1.36B,$0.71B,52.25%,$1.36B,$0.60B,43.99%,$0.60B,$2.69B,23.72%,$0.60B,$2.68B,23.74%,$0.60B,$3.37B,19.65%,$0.62B,$2.69B,24.67%,$364,$98,$266,$33,$41,$171,$193,$20,$195,$23,$172,$171,$171,$198,$193,$130,130,$1.32,$1.32,$2947,$0,$221,$3200,$0,$18,$2,$14,$35,$3366,$669,$0,$11,$11,$680,$0,$0,$0,$2686,$3366,$172,$6,$0,$6,$0,$0,$0,$0,$19,$249,$-6,$0,$0,$0,$0,$9,$-230,$-226,$0,$162,$0,$0,$-17,$-131,$0,$13,$34,$0,$0
23,2012-12-31,38.52,$0.00,0.0,$9.91,3.89,$6.53,5.9,$4.40,8.76,$2.87B,$0.57B,5.0,$0.00B,$2.50B,0.0,$1.31B,$0.89B,68.20%,$1.31B,$0.58B,44.67%,$1.31B,$0.58B,44.67%,$1.31B,$0.59B,45.52%,$1.31B,$0.69B,52.72%,$1.31B,$0.58B,44.14%,$0.58B,$2.50B,23.94%,$0.58B,$2.50B,23.97%,$0.58B,$3.09B,20.16%,$0.58B,$2.50B,24.23%,$365,$110,$254,$31,$64,$206,$158,$28,$199,$31,$168,$162,$162,$158,$158,$131,131,$1.23,$1.23,$2622,$0,$203,$2868,$0,$79,$2,$15,$95,$3094,$574,$0,$16,$16,$590,$0,$2297,$0,$2504,$3094,$576,$37,$0,$37,$0,$0,$0,$0,$34,$678,$-29,$0,$0,$0,$0,$-640,$-46,$-715,$0,$0,$0,$0,$-63,$0,$0,$-63,$-100,$0,$0
24,2012-09-30,50.85,$0.00,0.0,$9.74,5.22,$6.02,8.44,$4.26,11.94,$2.70B,$0.40B,6.7,$0.00B,$0.00B,0.0,$1.28B,$0.87B,67.76%,$1.28B,$0.57B,44.42%,$1.28B,$0.57B,44.42%,$1.28B,$0.61B,47.93%,$1.28B,$0.66B,51.83%,$1.28B,$0.56B,43.48%,$0.56B,$2.52B,24.21%,$0.56B,$2.51B,24.27%,$0.56B,$2.93B,20.65%,$0.57B,$2.52B,24.73%,$319,$102,$217,$32,$53,$187,$131,$24,$156,$31,$125,$129,$129,$131,$131,$131,132,$0.98,$0.98,$2451,$0,$204,$2704,$0,$86,$2,$14,$102,$2934,$404,$0,$15,$15,$419,$0,$0,$0,$2516,$2934,$0,$0,$0,$0,$0,$0,$0,$0,$0,$0,$0,$0,$0,$0,$0,$0,$0,$0,$0,$0,$0,$0,$0,$0,$0,$0,$0,$0,$0
25,2012-06-30,53.31,$0.00,0.0,$9.73,5.48,$6.99,7.63,$4.27,12.48,$2.54B,$0.38B,6.64,$0.00B,$0.00B,0.0,$1.28B,$0.87B,67.89%,$1.28B,$0.59B,46.20%,$1.28B,$0.59B,46.20%,$1.28B,$0.64B,49.73%,$1.28B,$0.66B,51.53%,$1.28B,$0.56B,43.62%,$0.56B,$2.36B,25.92%,$0.56B,$2.36B,26.05%,$0.56B,$2.76B,22.01%,$0.59B,$2.36B,27.46%,$309,$101,$208,$27,$42,$170,$139,$20,$159,$24,$135,$135,$135,$139,$139,$131,132,$1.05,$1.05,$2341,$0,$158,$2542,$0,$75,$4,$11,$91,$2758,$383,$0,$12,$12,$395,$0,$0,$0,$2363,$2758,$0,$0,$0,$0,$0,$0,$0,$0,$0,$0,$0,$0,$0,$0,$0,$0,$0,$0,$0,$0,$0,$0,$0,$0,$0,$0,$0,$0,$0
26,2012-03-31,52.63,$0.00,0.0,$9.43,5.58,$6.99,7.53,$4.13,12.74,$2.43B,$0.39B,6.21,$0.00B,$-0.01B,0.0,$1.24B,$0.84B,67.72%,$1.24B,$0.57B,46.36%,$1.24B,$0.57B,46.36%,$1.24B,$0.62B,50.00%,$1.24B,$0.63B,51.05%,$1.24B,$0.54B,43.85%,$0.54B,$2.24B,27.15%,$0.54B,$2.24B,27.37%,$0.54B,$2.64B,23.00%,$0.57B,$2.24B,28.71%,$312,$101,$211,$25,$32,$157,$155,$19,$174,$26,$148,$150,$150,$166,$155,$131,131,$1.14,$1.14,$2245,$0,$150,$2427,$0,$0,$7,$79,$86,$2642,$391,$0,$8,$8,$399,$0,$0,$0,$2243,$2642,$148,$11,$0,$11,$0,$0,$0,$0,$47,$212,$-4,$0,$0,$0,$0,$-254,$10,$-248,$0,$0,$0,$0,$3,$0,$0,$3,$-32,$0,$0
27,2011-12-31,40.62,$0.00,0.0,$8.80,4.62,$6.36,6.38,$3.85,10.55,$2.30B,$0.36B,6.34,$0.00B,$2.08B,0.0,$1.15B,$0.78B,67.30%,$1.15B,$0.52B,45.45%,$1.15B,$0.52B,45.45%,$1.15B,$0.57B,49.26%,$1.15B,$0.58B,49.87%,$1.15B,$0.51B,43.80%,$0.51B,$2.08B,27.48%,$0.51B,$2.07B,27.77%,$0.51B,$2.45B,23.26%,$0.52B,$2.08B,28.52%,$341,$110,$232,$24,$64,$198,$144,$19,$175,$20,$155,$143,$143,$178,$144,$131,131,$1.09,$1.09,$2102,$0,$161,$2300,$0,$0,$10,$9,$19,$2454,$363,$0,$10,$10,$373,$0,$1851,$0,$2081,$2454,$512,$47,$0,$47,$0,$0,$0,$0,$57,$647,$-65,$0,$0,$0,$0,$-407,$-37,$-510,$0,$0,$0,$0,$12,$0,$0,$12,$148,$0,$0
28,2011-09-30,34.56,$0.00,0.0,$8.09,4.27,$4.89,7.06,$3.59,9.63,$2.12B,$0.35B,5.98,$0.00B,$1.91B,0.0,$1.06B,$0.71B,66.51%,$1.06B,$0.49B,46.51%,$1.06B,$0.49B,46.51%,$1.06B,$0.50B,47.45%,$1.06B,$0.53B,49.81%,$1.06B,$0.47B,44.34%,$0.47B,$1.91B,27.88%,$0.47B,$1.89B,28.26%,$0.47B,$2.27B,23.54%,$0.49B,$1.91B,29.25%,$315,$99,$216,$19,$45,$163,$152,$6,$150,$22,$128,$129,$129,$152,$152,$131,131,$0.99,$0.99,$1909,$0,$172,$2117,$0,$0,$21,$10,$32,$2268,$354,$0,$5,$5,$359,$0,$0,$0,$1908,$2268,$128,$12,$0,$12,$0,$0,$0,$0,$-15,$136,$-10,$0,$0,$0,$0,$-66,$-47,$-123,$0,$0,$0,$0,$4,$0,$0,$4,$16,$0,$0
29,2011-06-30,40.84,$0.00,0.0,$7.29,5.6,$3.93,10.39,$3.27,12.49,$1.91B,$0.31B,6.23,$0.00B,$1.75B,0.0,$0.95B,$0.63B,66.25%,$0.95B,$0.43B,44.97%,$0.95B,$0.43B,44.97%,$0.95B,$0.44B,46.02%,$0.95B,$0.48B,50.10%,$0.95B,$0.43B,44.86%,$0.43B,$1.75B,27.71%,$0.43B,$1.73B,28.14%,$0.43B,$2.06B,23.41%,$0.43B,$1.75B,27.78%,$268,$90,$178,$16,$41,$146,$122,$10,$132,$14,$117,$120,$120,$122,$122,$131,131,$0.92,$0.91,$1766,$0,$112,$1907,$0,$0,$24,$10,$35,$2062,$306,$0,$4,$4,$310,$0,$0,$0,$1752,$2062,$0,$0,$0,$0,$0,$0,$0,$0,$0,$0,$0,$0,$0,$0,$0,$0,$0,$0,$0,$0,$0,$0,$0,$0,$0,$0,$0,$0,$0
30,2011-03-31,44.85,$0.00,0.0,$6.73,6.66,$3.93,11.41,$2.91,15.41,$1.75B,$0.29B,6.12,$0.00B,$1.61B,0.0,$0.88B,$0.58B,66.44%,$0.88B,$0.40B,45.16%,$0.88B,$0.40B,45.16%,$0.88B,$0.41B,46.30%,$0.88B,$0.43B,48.81%,$0.88B,$0.38B,43.23%,$0.38B,$1.61B,26.84%,$0.38B,$1.59B,27.31%,$0.38B,$1.90B,22.67%,$0.40B,$1.61B,28.04%,$229,$79,$150,$15,$30,$123,$106,$12,$118,$6,$112,$113,$113,$116,$106,$130,131,$0.86,$0.86,$1603,$0,$122,$1753,$0,$0,$21,$8,$30,$1900,$286,$0,$4,$5,$291,$0,$0,$0,$1609,$1900,$112,$10,$0,$10,$0,$0,$0,$0,$26,$148,$-22,$0,$0,$0,$0,$329,$-403,$-95,$0,$0,$0,$0,$5,$0,$-0,$5,$59,$0,$0
31,2010-12-31,32.74,$0.00,0.0,$6.29,5.21,$3.66,8.95,$2.56,12.79,$1.61B,$0.28B,5.81,$0.00B,$1.47B,0.0,$0.82B,$0.55B,66.75%,$0.82B,$0.37B,45.31%,$0.82B,$0.37B,45.31%,$0.82B,$0.38B,46.41%,$0.82B,$0.39B,47.62%,$0.82B,$0.33B,40.56%,$0.33B,$1.47B,25.57%,$0.33B,$1.45B,26.11%,$0.33B,$1.76B,21.64%,$0.37B,$1.47B,28.57%,$248,$87,$161,$16,$33,$135,$113,$2,$128,$14,$115,$108,$108,$113,$113,$130,131,$0.83,$0.83,$1458,$0,$114,$1610,$0,$0,$24,$7,$31,$1756,$277,$0,$5,$5,$282,$0,$1298,$0,$1473,$1756,$338,$35,$0,$35,$0,$0,$0,$0,$28,$433,$-45,$0,$0,$0,$0,$-348,$-4,$-397,$0,$0,$0,$0,$4,$0,$0,$4,$37,$0,$0
32,2010-09-30,35.72,$0.00,0.0,$5.80,6.16,$2.59,13.8,$2.37,15.07,$1.46B,$0.25B,5.88,$0.00B,$-0.00B,0.0,$0.76B,$0.51B,67.59%,$0.76B,$0.35B,46.03%,$0.76B,$0.35B,46.03%,$0.76B,$0.36B,47.22%,$0.76B,$0.36B,46.96%,$0.76B,$0.31B,40.87%,$0.31B,$1.34B,25.62%,$0.31B,$1.32B,26.26%,$0.31B,$1.60B,21.73%,$0.35B,$1.34B,28.86%,$209,$66,$143,$12,$43,$122,$88,$12,$100,$14,$86,$87,$87,$88,$88,$130,131,$0.67,$0.67,$1317,$0,$115,$1460,$0,$0,$26,$7,$33,$1596,$249,$0,$4,$4,$252,$0,$0,$0,$1344,$1596,$0,$0,$0,$0,$0,$0,$0,$0,$0,$0,$0,$0,$0,$0,$0,$0,$0,$0,$0,$0,$0,$0,$0,$0,$0,$0,$0,$0,$0
33,2010-06-30,28.72,$0.00,0.0,$5.17,5.56,$2.59,11.1,$2.14,13.42,$1.32B,$0.21B,6.17,$0.00B,$-0.00B,0.0,$0.67B,$0.46B,68.25%,$0.67B,$0.32B,47.48%,$0.67B,$0.32B,47.48%,$0.67B,$0.33B,48.81%,$0.67B,$0.32B,47.77%,$0.67B,$0.28B,41.54%,$0.28B,$1.24B,24.97%,$0.28B,$1.21B,25.70%,$0.28B,$1.45B,21.31%,$0.32B,$1.24B,28.54%,$193,$63,$130,$11,$29,$103,$90,$-7,$83,$11,$72,$72,$72,$90,$90,$130,130,$0.55,$0.55,$1226,$0,$65,$1320,$0,$0,$28,$6,$35,$1453,$214,$0,$2,$2,$216,$0,$0,$0,$1237,$1453,$0,$0,$0,$0,$0,$0,$0,$0,$0,$0,$0,$0,$0,$0,$0,$0,$0,$0,$0,$0,$0,$0,$0,$0,$0,$0,$0,$0,$0
34,2010-03-31,32.17,$0.00,0.0,$4.66,6.9,$2.93,10.98,$2.12,15.18,$1.23B,$0.19B,6.35,$0.00B,$0.00B,0.0,$0.61B,$0.43B,71.00%,$0.61B,$0.31B,50.41%,$0.61B,$0.31B,50.41%,$0.61B,$0.32B,51.89%,$0.61B,$0.32B,53.38%,$0.61B,$0.28B,45.63%,$0.28B,$1.16B,26.42%,$0.28B,$1.13B,27.07%,$0.28B,$1.35B,22.64%,$0.31B,$1.16B,29.18%,$171,$56,$114,$10,$23,$89,$81,$-2,$80,$14,$66,$66,$66,$90,$81,$130,130,$0.51,$0.51,$1130,$0,$79,$1229,$0,$0,$31,$6,$37,$1349,$194,$0,$0,$0,$194,$0,$0,$0,$1155,$1349,$66,$9,$0,$9,$0,$0,$0,$0,$16,$99,$-9,$0,$0,$0,$0,$-45,$13,$-41,$0,$0,$0,$0,$1,$0,$0,$1,$59,$0,$0
35,2009-12-31,34.08,$0.00,0.0,$4.24,8.04,$2.86,11.93,$2.08,16.38,$1.17B,$0.20B,5.79,$0.00B,$1.09B,0.0,$0.55B,$0.41B,74.91%,$0.55B,$0.30B,54.18%,$0.55B,$0.30B,54.18%,$0.55B,$0.30B,54.73%,$0.55B,$0.31B,57.09%,$0.55B,$0.27B,49.45%,$0.27B,$1.09B,27.83%,$0.27B,$1.06B,28.36%,$0.27B,$1.29B,23.98%,$0.30B,$1.09B,30.49%,$183,$60,$124,$9,$26,$94,$89,$3,$92,$10,$82,$84,$84,$89,$89,$130,130,$0.65,$0.64,$1046,$0,$94,$1168,$0,$0,$33,$6,$40,$1290,$202,$0,$0,$0,$202,$0,$941,$0,$1088,$1290,$269,$21,$0,$21,$0,$0,$0,$0,$17,$307,$-60,$0,$0,$0,$0,$-189,$-30,$-279,$0,$0,$0,$0,$6,$0,$0,$6,$36,$0,$0
36,2009-09-30,41.38,$0.00,0.0,$3.74,11.05,$3.10,13.34,$2.09,19.8,$1.03B,$0.16B,6.46,$0.00B,$0.00B,0.0,$0.49B,$0.38B,78.97%,$0.49B,$0.28B,57.53%,$0.49B,$0.28B,57.53%,$0.49B,$0.28B,58.14%,$0.49B,$0.30B,61.03%,$0.49B,$0.27B,56.08%,$0.27B,$1.01B,29.97%,$0.27B,$0.97B,30.32%,$0.27B,$1.16B,26.05%,$0.28B,$1.01B,30.74%,$127,$35,$92,$9,$23,$67,$60,$8,$67,$10,$58,$58,$58,$60,$60,$129,130,$0.45,$0.44,$939,$0,$73,$1030,$0,$0,$36,$20,$57,$1164,$159,$0,$0,$0,$159,$0,$0,$0,$1005,$1164,$0,$0,$0,$0,$0,$0,$0,$0,$0,$0,$0,$0,$0,$0,$0,$0,$0,$0,$0,$0,$0,$0,$0,$0,$0,$0,$0,$0,$0
37,2009-06-30,31.87,$0.00,0.0,$3.70,8.62,$3.10,10.27,$2.01,15.85,$0.96B,$0.15B,6.65,$0.00B,$0.00B,0.0,$0.48B,$0.39B,80.92%,$0.48B,$0.29B,60.59%,$0.48B,$0.29B,60.59%,$0.48B,$0.29B,61.22%,$0.48B,$0.29B,61.64%,$0.48B,$0.26B,54.51%,$0.26B,$0.95B,30.92%,$0.26B,$0.94B,31.03%,$0.26B,$1.09B,26.78%,$0.29B,$0.95B,34.36%,$126,$25,$101,$8,$18,$51,$76,$10,$85,$17,$69,$69,$69,$76,$76,$129,130,$0.53,$0.53,$909,$0,$35,$964,$0,$0,$2,$54,$57,$1091,$145,$0,$0,$0,$145,$0,$0,$0,$946,$1091,$69,$3,$0,$3,$0,$0,$0,$0,$12,$80,$-35,$0,$0,$0,$0,$51,$-30,$-14,$0,$0,$0,$0,$5,$0,$0,$5,$72,$0,$0
38,2009-03-31,24.32,$0.00,0.0,$3.53,6.89,$2.76,8.82,$1.97,12.35,$0.93B,$0.12B,7.64,$0.00B,$0.00B,0.0,$0.46B,$0.37B,81.32%,$0.46B,$0.28B,60.88%,$0.46B,$0.28B,60.88%,$0.46B,$0.28B,61.54%,$0.46B,$0.29B,64.40%,$0.46B,$0.26B,56.04%,$0.26B,$0.87B,33.60%,$0.26B,$0.87B,33.73%,$0.26B,$0.99B,28.40%,$0.28B,$0.87B,36.50%,$114,$20,$95,$7,$15,$42,$73,$-2,$70,$9,$61,$61,$61,$76,$73,$128,129,$0.48,$0.47,$883,$0,$26,$925,$0,$0,$2,$24,$28,$992,$121,$0,$0,$0,$121,$0,$0,$0,$870,$992,$61,$3,$0,$3,$0,$0,$0,$0,$9,$83,$-3,$0,$0,$0,$0,$0,$-80,$-84,$0,$0,$0,$0,$0,$0,$0,$0,$-0,$0,$0
39,2008-12-31,20.02,$0.00,0.0,$3.35,5.97,$2.67,7.5,$1.80,11.12,$0.88B,$0.12B,7.21,$0.00B,$0.81B,0.0,$0.43B,$0.35B,81.06%,$0.43B,$0.26B,60.51%,$0.43B,$0.26B,60.51%,$0.43B,$0.27B,61.20%,$0.43B,$0.28B,64.20%,$0.43B,$0.23B,53.58%,$0.23B,$0.81B,34.61%,$0.23B,$0.81B,34.80%,$0.23B,$0.93B,28.04%,$0.26B,$0.81B,39.09%,$118,$23,$95,$8,$17,$48,$70,$4,$74,$-11,$86,$84,$84,$70,$70,$128,129,$0.66,$0.65,$823,$0,$19,$876,$0,$0,$2,$13,$17,$930,$122,$0,$0,$0,$122,$0,$695,$0,$809,$930,$234,$13,$0,$13,$0,$0,$0,$0,$12,$296,$-20,$0,$0,$0,$0,$-475,$-5,$-500,$0,$0,$0,$0,$-22,$0,$-1,$-23,$-248,$0,$0
40,2008-09-30,20.65,$0.00,0.0,$3.07,6.72,$1.91,10.8,$1.56,13.24,$0.82B,$0.13B,6.26,$0.00B,$0.00B,0.0,$0.40B,$0.32B,80.86%,$0.40B,$0.23B,58.94%,$0.40B,$0.23B,58.94%,$0.40B,$0.25B,62.22%,$0.40B,$0.26B,64.48%,$0.40B,$0.20B,50.63%,$0.20B,$0.74B,34.39%,$0.20B,$0.73B,34.63%,$0.20B,$0.87B,26.61%,$0.23B,$0.74B,40.03%,$119,$24,$95,$8,$16,$48,$70,$-4,$65,$19,$46,$46,$46,$70,$70,$128,128,$0.36,$0.36,$777,$0,$13,$822,$0,$0,$6,$7,$16,$870,$131,$0,$0,$0,$131,$0,$0,$0,$739,$870,$0,$0,$0,$0,$0,$0,$0,$0,$0,$0,$0,$0,$0,$0,$0,$0,$0,$0,$0,$0,$0,$0,$0,$0,$0,$0,$0,$0,$0
41,2008-06-30,19.74,$0.00,0.0,$2.71,7.29,$2.24,8.8,$1.47,13.43,$0.77B,$0.18B,4.26,$0.00B,$0.00B,0.0,$0.35B,$0.29B,81.20%,$0.35B,$0.20B,56.70%,$0.35B,$0.20B,56.70%,$0.35B,$0.21B,60.40%,$0.35B,$0.23B,64.96%,$0.35B,$0.19B,54.13%,$0.19B,$0.62B,37.98%,$0.19B,$0.62B,38.23%,$0.19B,$0.80B,27.88%,$0.20B,$0.62B,39.78%,$104,$19,$85,$8,$14,$41,$64,$1,$84,$20,$64,$64,$64,$64,$64,$121,129,$0.53,$0.49,$722,$0,$15,$766,$0,$0,$2,$3,$8,$800,$180,$0,$1,$2,$181,$0,$0,$0,$618,$800,$0,$0,$0,$0,$0,$0,$0,$0,$0,$0,$0,$0,$0,$0,$0,$0,$0,$0,$0,$0,$0,$0,$0,$0,$0,$0,$0,$0,$0
42,2008-03-31,17.4,$0.00,0.0,$2.43,7.16,$2.56,6.79,$1.29,13.49,$0.67B,$0.19B,3.51,$0.00B,$0.00B,0.0,$0.32B,$0.26B,81.39%,$0.32B,$0.17B,54.89%,$0.32B,$0.17B,54.89%,$0.32B,$0.19B,58.99%,$0.32B,$0.19B,58.36%,$0.32B,$0.17B,52.68%,$0.17B,$0.52B,37.76%,$0.17B,$0.51B,38.06%,$0.17B,$0.71B,26.95%,$0.17B,$0.52B,37.46%,$92,$16,$76,$7,$12,$34,$58,$-3,$55,$16,$38,$38,$38,$61,$58,$121,129,$0.32,$0.30,$640,$0,$17,$673,$0,$0,$4,$3,$10,$709,$192,$0,$1,$1,$194,$0,$0,$0,$515,$709,$38,$3,$0,$3,$0,$0,$0,$0,$19,$71,$-2,$0,$0,$0,$0,$0,$-78,$-81,$0,$0,$0,$0,$-11,$0,$0,$-11,$-32,$0,$0
43,2007-12-31,17.17,$0.00,0.0,$2.23,7.71,$2.27,7.56,$1.28,13.42,$0.61B,$0.18B,3.48,$0.00B,$0.47B,0.0,$0.29B,$0.24B,80.95%,$0.29B,$0.16B,53.06%,$0.29B,$0.16B,53.06%,$0.29B,$0.17B,57.82%,$0.29B,$0.17B,58.84%,$0.29B,$0.17B,57.14%,$0.17B,$0.47B,40.41%,$0.17B,$0.46B,40.65%,$0.17B,$0.64B,28.71%,$0.16B,$0.47B,33.91%,$82,$17,$65,$7,$16,$40,$42,$1,$52,$-7,$58,$53,$53,$52,$42,$121,130,$0.44,$0.41,$570,$0,$15,$608,$0,$0,$4,$3,$9,$642,$175,$0,$1,$1,$176,$0,$465,$0,$466,$642,$173,$14,$0,$14,$0,$0,$0,$0,$-17,$189,$-10,$0,$0,$0,$0,$122,$18,$131,$0,$0,$0,$0,$-132,$0,$0,$-132,$175,$0,$0
44,2007-09-30,15.31,$0.00,0.0,$2.10,7.28,$2.25,6.81,$1.17,13.08,$0.54B,$0.17B,3.17,$0.00B,$0.00B,0.0,$0.28B,$0.23B,81.49%,$0.28B,$0.15B,54.45%,$0.28B,$0.15B,54.45%,$0.28B,$0.17B,58.72%,$0.28B,$0.17B,60.14%,$0.28B,$0.16B,55.52%,$0.16B,$0.40B,39.77%,$0.16B,$0.40B,39.92%,$0.16B,$0.58B,27.62%,$0.15B,$0.40B,33.15%,$73,$14,$59,$6,$18,$38,$35,$2,$37,$3,$35,$35,$35,$35,$35,$122,130,$0.28,$0.27,$511,$0,$12,$541,$0,$0,$4,$2,$7,$575,$171,$0,$1,$1,$172,$0,$0,$0,$402,$575,$35,$3,$0,$3,$0,$0,$0,$0,$2,$45,$-2,$0,$0,$0,$0,$-0,$24,$21,$0,$0,$0,$0,$-28,$0,$0,$-28,$38,$0,$0
45,2007-06-30,15.42,$0.00,0.0,$2.04,7.56,$2.18,7.07,$1.19,12.95,$0.42B,$0.08B,5.49,$0.09B,$0.00B,0.0,$0.28B,$0.23B,81.95%,$0.28B,$0.16B,57.04%,$0.28B,$0.16B,57.04%,$0.28B,$0.17B,61.37%,$0.28B,$0.18B,63.18%,$0.28B,$0.16B,58.12%,$0.16B,$0.39B,41.98%,$0.16B,$0.38B,42.06%,$0.16B,$0.55B,29.06%,$0.16B,$0.48B,34.90%,$70,$13,$58,$6,$13,$32,$39,$3,$41,$0,$41,$41,$41,$39,$39,$124,133,$0.33,$0.31,$392,$0,$12,$420,$0,$0,$4,$102,$106,$553,$76,$89,$1,$90,$167,$0,$0,$0,$386,$553,$41,$3,$0,$3,$0,$0,$0,$0,$-6,$43,$-1,$0,$0,$0,$0,$0,$-46,$-47,$0,$0,$0,$0,$-73,$0,$-0,$-73,$-77,$0,$0
46,2007-03-31,16.07,$0.00,0.0,$2.18,7.38,$2.17,7.42,$1.16,13.85,$0.54B,$0.07B,7.45,$0.09B,$0.00B,0.0,$0.28B,$0.23B,82.08%,$0.28B,$0.16B,58.06%,$0.28B,$0.16B,58.06%,$0.28B,$0.18B,62.72%,$0.28B,$0.18B,63.44%,$0.28B,$0.15B,54.48%,$0.15B,$0.41B,41.05%,$0.15B,$0.41B,41.05%,$0.15B,$0.57B,28.16%,$0.16B,$0.50B,38.83%,$69,$13,$56,$5,$10,$29,$40,$3,$43,$4,$39,$39,$39,$44,$40,$126,136,$0.31,$0.29,$521,$0,$10,$541,$0,$0,$0,$2,$2,$571,$73,$89,$1,$90,$163,$0,$0,$0,$409,$571,$39,$3,$0,$3,$0,$0,$0,$0,$-8,$37,$-4,$0,$0,$0,$0,$0,$28,$23,$0,$0,$0,$0,$-21,$0,$-0,$-21,$39,$0,$0
47,2006-12-31,16.93,$0.00,0.0,$2.18,7.78,$2.30,7.36,$1.13,14.98,$0.53B,$0.09B,6.11,$0.10B,$0.37B,0.27,$0.28B,$0.23B,82.61%,$0.28B,$0.16B,59.06%,$0.28B,$0.16B,59.06%,$0.28B,$0.17B,63.04%,$0.28B,$0.18B,63.41%,$0.28B,$0.15B,54.35%,$0.15B,$0.37B,42.49%,$0.15B,$0.37B,42.49%,$0.15B,$0.56B,28.67%,$0.16B,$0.47B,43.12%,$69,$13,$56,$5,$12,$30,$39,$3,$48,$5,$43,$41,$41,$47,$39,$127,137,$0.32,$0.30,$505,$0,$8,$529,$0,$0,$0,$2,$3,$560,$87,$100,$1,$101,$188,$0,$321,$0,$372,$560,$159,$11,$0,$11,$0,$0,$0,$0,$19,$205,$-18,$0,$0,$0,$0,$0,$-138,$-156,$0,$0,$0,$0,$-106,$0,$0,$-106,$-61,$0,$0
