,Date,Stock Price,Book Value per Share,Price to Book Ratio,TTM Sales per Share,Price to Sales Ratio,TTM FCF per Share,Price to FCF Ratio,TTM Net EPS,PE Ratio,Current Assets,Current Liabilities,Current Ratio,Long Term Debt,Shareholder's Equity_x,Debt to Equity Ratio,TTM Revenue_x,TTM Gross Profit,Gross Margin,TTM Revenue_y,TTM Operating Income,Operating Margin,TTM Revenue_x,TTM EBIT,EBIT Margin,TTM Revenue_y,TTM EBITDA,EBITDA Margin,TTM Revenue_x,TTM Pre-Tax Income,Pre-Tax Margin,TTM Revenue_y,TTM Net Income_x,Net Margin,TTM Net Income_y,Shareholder's Equity_y,Return on Equity,TTM Net Income_x,Tangible Equity,Return on Tangible Equity,TTM Net Income_y,Total Assets,Return on Assets,TTM Net Income,LT Investments & Debt,Return on Investment,revenue,cost-goods-sold,gross-profit,research-development-expenses,selling-general-administrative-expenses,operating-expenses,operating-income,total-non-operating-income-expense,pre-tax-income,total-provision-income-taxes,income-after-taxes,income-from-continuous-operations,net-income,ebitda,ebit,basic-shares-outstanding,shares-outstanding,eps-basic-net-earnings-per-share,eps-earnings-per-share-diluted,cash-on-hand,inventory,other-current-assets,total-current-assets,net-property-plant-equipment,long-term-investments,goodwill-intangible-assets-total,other-long-term-assets,total-long-term-assets,total-assets,total-current-liabilities,long-term-debt,other-non-current-liabilities,total-long-term-liabilities,total-liabilities,common-stock-net,retained-earnings-accumulated-deficit,comprehensive-income,total-share-holder-equity,total-liabilities-share-holders-equity,net-income-loss,total-depreciation-amortization-cash-flow,other-non-cash-items,total-non-cash-items,change-in-accounts-receivable,change-in-inventories,change-in-accounts-payable,change-in-assets-liabilities,total-change-in-assets-liabilities,cash-flow-from-operating-activities,net-change-in-property-plant-equipment,net-change-in-intangible-assets,net-acquisitions-divestitures,net-change-in-short-term-investments,net-change-in-long-term-investments,net-change-in-investments-total,investing-activities-other,cash-flow-from-investing-activities,net-long-term-debt,net-current-debt,debt-issuance-retirement-net-total,net-common-equity-issued-repurchased,net-total-equity-issued-repurchased,total-common-preferred-stock-dividends-paid,financial-activities-other,cash-flow-from-financial-activities,net-cash-flow,stock-based-compensation,common-stock-dividends-paid
0,2018-08-31,36.4,$12.29,2.96,$11.01,3.31,$-0.64,0.0,$0.99,36.77,$0.03B,$0.01B,3.95,$0.00B,$0.06B,0.0,$0.05B,$0.02B,32.69%,$0.05B,$0.01B,13.46%,$0.05B,$0.01B,13.46%,$0.05B,$0.01B,19.23%,$0.05B,$0.01B,13.46%,$0.05B,$0.01B,11.54%,$0.01B,$0.06B,11.06%,$0.01B,$0.06B,11.27%,$0.01B,$0.06B,9.84%,$0.01B,$0.06B,12.90%,$15,$10,$5,$1,$5,$13,$2,$0,$2,$-0,$2,$2,$2,$2,$2,$5,5,$0.48,$0.44,$7,$9,$0,$31,$7,$23,$1,$0,$33,$64,$8,$0,$0,$0,$8,$0,$42,$-4,$56,$64,$7,$1,$-3,$-2,$-5,$-2,$2,$-1,$-4,$1,$-1,$-0,$0,$0,$0,$0,$0,$-0,$0,$0,$0,$0,$0,$-2,$0,$-2,$-2,$0,$-2
1,2018-05-31,31.46,$12.08,2.6,$10.25,3.07,$0.43,72.95,$1.29,24.39,$0.03B,$0.01B,4.59,$0.00B,$0.06B,0.0,$0.05B,$0.02B,33.33%,$0.05B,$0.01B,14.58%,$0.05B,$0.01B,14.58%,$0.05B,$0.01B,20.83%,$0.05B,$0.01B,14.58%,$0.05B,$0.01B,10.42%,$0.01B,$0.06B,9.39%,$0.01B,$0.05B,9.62%,$0.01B,$0.06B,8.44%,$0.01B,$0.06B,13.15%,$13,$9,$4,$1,$5,$10,$2,$0,$2,$0,$2,$2,$2,$3,$2,$5,5,$0.47,$0.46,$8,$9,$0,$29,$7,$22,$1,$0,$32,$61,$6,$0,$0,$0,$6,$0,$40,$-3,$55,$61,$5,$1,$-2,$-1,$-3,$-2,$1,$-1,$-4,$-0,$-1,$-0,$0,$0,$0,$0,$0,$-0,$0,$0,$0,$0,$0,$-2,$0,$-2,$-2,$0,$-2
2,2018-02-28,22.11,$11.88,1.86,$9.73,2.27,$1.02,21.73,$1.13,19.57,$0.03B,$0.01B,4.3,$0.00B,$0.05B,0.0,$0.05B,$0.02B,33.33%,$0.05B,$0.01B,15.56%,$0.05B,$0.01B,15.56%,$0.05B,$0.01B,20.00%,$0.05B,$0.01B,15.56%,$0.05B,$0.00B,8.89%,$0.00B,$0.05B,7.73%,$0.00B,$0.05B,7.92%,$0.00B,$0.06B,6.96%,$0.01B,$0.05B,13.53%,$12,$8,$4,$1,$4,$10,$2,$0,$2,$1,$1,$1,$1,$3,$2,$5,5,$0.29,$0.29,$8,$9,$0,$29,$7,$22,$1,$0,$32,$61,$7,$0,$0,$0,$7,$0,$39,$-2,$54,$61,$3,$1,$-1,$-0,$-2,$-2,$2,$-1,$-3,$-1,$-0,$-0,$0,$0,$0,$0,$0,$0,$0,$0,$0,$0,$0,$-1,$0,$-1,$-1,$0,$-1
3,2017-11-30,19.64,$11.54,1.7,$9.03,2.18,$0.86,22.82,$0.93,21.12,$0.03B,$0.01B,4.5,$0.00B,$0.05B,0.0,$0.04B,$0.01B,33.33%,$0.04B,$0.01B,14.29%,$0.04B,$0.01B,14.29%,$0.04B,$0.01B,16.67%,$0.04B,$0.01B,14.29%,$0.04B,$0.00B,7.14%,$0.00B,$0.05B,6.00%,$0.00B,$0.05B,6.15%,$0.00B,$0.06B,5.43%,$0.01B,$0.05B,12.00%,$12,$8,$4,$1,$5,$10,$1,$0,$1,$0,$1,$1,$1,$2,$1,$5,5,$0.24,$0.24,$8,$8,$0,$26,$7,$22,$1,$0,$32,$58,$6,$0,$0,$0,$6,$0,$38,$-3,$52,$58,$1,$0,$-2,$-1,$-1,$-1,$1,$-0,$-1,$-1,$-0,$-0,$0,$-0,$0,$-0,$0,$-0,$0,$0,$0,$0,$0,$-0,$0,$-0,$-2,$0,$-0
4,2017-08-31,17.33,$11.40,1.52,$8.65,2.0,$0.96,18.01,$0.76,22.8,$0.03B,$0.01B,5.33,$0.00B,$0.05B,0.0,$0.04B,$0.01B,32.50%,$0.04B,$0.01B,15.00%,$0.04B,$0.01B,15.00%,$0.04B,$0.01B,15.00%,$0.04B,$0.01B,15.00%,$0.04B,$0.00B,5.00%,$0.00B,$0.05B,4.12%,$0.00B,$0.05B,4.23%,$0.00B,$0.06B,3.76%,$0.01B,$0.05B,12.37%,$11,$7,$4,$1,$4,$9,$2,$0,$2,$0,$2,$2,$1,$2,$2,$5,5,$0.30,$0.29,$10,$7,$0,$26,$7,$20,$1,$0,$31,$57,$5,$0,$0,$0,$5,$0,$37,$-2,$52,$57,$4,$1,$1,$2,$-1,$0,$-0,$0,$0,$6,$-1,$-0,$0,$-2,$0,$-2,$0,$-3,$0,$0,$0,$-0,$-0,$-0,$0,$-0,$3,$0,$-0
5,2017-05-31,16.74,$10.87,1.54,$8.37,2.0,$0.22,75.49,$0.14,119.54,$0.03B,$0.01B,5.14,$0.00B,$0.05B,0.0,$0.04B,$0.01B,30.77%,$0.04B,$0.00B,10.26%,$0.04B,$0.00B,10.26%,$0.04B,$0.00B,10.26%,$0.04B,$0.00B,5.13%,$0.04B,0,0.00%,$0.00B,$0.05B,0.00%,$0.00B,$0.05B,0.00%,$0.00B,$0.05B,0.00%,$0.00B,$0.05B,8.47%,$10,$7,$3,$1,$4,$8,$2,$0,$2,$0,$1,$1,$1,$2,$2,$5,5,$0.30,$0.30,$7,$8,$0,$25,$7,$19,$1,$0,$29,$54,$5,$0,$0,$0,$5,$0,$36,$-3,$49,$54,$2,$1,$1,$2,$-2,$-0,$1,$0,$-1,$3,$-1,$-0,$0,$-2,$0,$-2,$0,$-2,$0,$0,$0,$-0,$-0,$-0,$0,$-0,$0,$0,$-0
6,2017-02-28,15.26,$10.35,1.47,$8.05,1.9,$0.33,45.77,$0.04,381.46,$0.02B,$0.01B,4.1,$0.00B,$0.05B,0.0,$0.04B,$0.01B,31.58%,$0.04B,$0.00B,7.89%,$0.04B,$0.00B,7.89%,$0.04B,$0.00B,7.89%,$0.04B,$0.00B,2.63%,$0.04B,0,0.00%,$0.00B,$0.05B,0.00%,$0.00B,$0.05B,0.00%,$0.00B,$0.05B,0.00%,$0.00B,$0.05B,6.35%,$9,$6,$3,$1,$4,$8,$1,$0,$1,$0,$0,$0,$0,$1,$1,$5,5,$0.09,$0.09,$4,$8,$0,$20,$7,$21,$1,$0,$31,$52,$5,$0,$0,$0,$5,$0,$34,$-4,$47,$52,$1,$0,$-2,$-1,$-1,$-0,$1,$-0,$-0,$-1,$-1,$-0,$0,$1,$0,$1,$0,$1,$0,$0,$0,$-0,$-0,$-0,$0,$-0,$-0,$0,$-0
7,2016-11-30,13.73,$10.17,1.35,$7.83,1.75,$0.84,16.27,$-0.07,0.0,$0.02B,$0.00B,4.86,$0.00B,$0.05B,0.0,$0.04B,$0.01B,29.73%,$0.04B,$0.00B,5.41%,$0.04B,$0.00B,5.41%,$0.04B,$0.00B,5.41%,$0.04B,0,0.00%,$0.04B,0,0.00%,$0.00B,$0.05B,0.00%,$0.00B,$0.05B,0.00%,$0.00B,$0.05B,0.00%,$0.00B,$0.05B,4.23%,$10,$7,$3,$1,$5,$9,$1,$-0,$1,$0,$0,$0,$0,$1,$1,$5,5,$0.07,$0.07,$4,$7,$0,$20,$7,$20,$1,$0,$30,$50,$4,$0,$0,$0,$4,$0,$34,$-4,$46,$50,$0,$0,$-1,$-1,$-1,$0,$0,$-0,$-0,$-1,$-0,$-0,$0,$0,$0,$0,$0,$0,$0,$0,$0,$-0,$-0,$-0,$0,$-0,$-1,$0,$-0
8,2016-08-31,13.67,$10.39,1.32,$7.25,1.89,$0.85,16.12,$-0.19,0.0,$0.02B,$0.00B,5.24,$0.00B,$0.05B,0.0,$0.03B,$0.01B,29.41%,$0.03B,$0.00B,2.94%,$0.03B,$0.00B,2.94%,$0.03B,$0.00B,2.94%,$0.03B,$-0.00B,-2.94%,$0.03B,0,0.00%,$0.00B,$0.05B,0.00%,$0.00B,$0.05B,0.00%,$0.00B,$0.05B,0.00%,$0.00B,$0.05B,2.11%,$10,$6,$3,$1,$4,$9,$0,$-2,$-2,$0,$-2,$-2,$-1,$0,$0,$5,5,$-0.32,$-0.32,$6,$8,$0,$21,$7,$20,$1,$0,$30,$51,$4,$0,$0,$0,$4,$0,$34,$-3,$47,$51,$-1,$1,$3,$4,$-1,$-0,$1,$0,$-1,$2,$-1,$-0,$0,$-0,$0,$-0,$0,$-1,$0,$0,$0,$-0,$-0,$-0,$0,$-0,$1,$0,$-0
9,2016-05-31,12.31,$10.76,1.14,$6.89,1.79,$0.06,189.9,$0.13,94.66,$0.02B,$0.00B,5.65,$0.00B,$0.05B,0.0,$0.03B,$0.01B,31.25%,$0.03B,$0.00B,3.13%,$0.03B,$0.00B,3.13%,$0.03B,$0.00B,3.13%,$0.03B,$0.00B,3.13%,$0.03B,$0.00B,3.13%,$0.00B,$0.05B,2.09%,$0.00B,$0.05B,2.14%,$0.00B,$0.05B,1.94%,$0.00B,$0.05B,2.09%,$9,$6,$3,$1,$3,$7,$1,$0,$1,$0,$1,$1,$1,$1,$1,$5,5,$0.20,$0.20,$7,$7,$0,$22,$7,$20,$1,$0,$30,$53,$4,$0,$0,$0,$4,$0,$35,$-3,$49,$53,$1,$1,$2,$3,$-1,$0,$1,$-0,$-1,$3,$-0,$-0,$0,$-0,$0,$-0,$0,$-1,$0,$0,$0,$-0,$-0,$-0,$0,$-0,$2,$0,$-0
10,2016-02-29,12.26,$10.42,1.18,$6.79,1.8,$-0.73,0.0,$0.13,94.28,$0.02B,$0.00B,7.37,$0.00B,$0.05B,0.0,$0.03B,$0.01B,32.26%,$0.03B,$0.00B,3.23%,$0.03B,$0.00B,3.23%,$0.03B,$0.00B,3.23%,$0.03B,$0.00B,3.23%,$0.03B,$0.00B,3.23%,$0.00B,$0.05B,2.11%,$0.00B,$0.05B,2.15%,$0.00B,$0.05B,1.95%,$0.00B,$0.05B,2.11%,$8,$5,$2,$1,$3,$8,$-0,$0,$-0,$0,$-0,$-0,$-0,$0,$-0,$5,5,$-0.02,$-0.02,$5,$7,$0,$20,$7,$20,$1,$0,$30,$50,$3,$0,$0,$0,$3,$0,$34,$-4,$47,$50,$-0,$0,$2,$3,$-0,$0,$-0,$-0,$-1,$1,$-0,$-0,$0,$-1,$0,$-1,$0,$-1,$0,$0,$0,$-0,$-0,$-0,$0,$-0,$-0,$0,$-0
11,2015-11-30,16.54,$10.37,1.59,$6.58,2.51,$-1.04,0.0,$0.12,137.82,$0.02B,$0.00B,5.18,$0.00B,$0.05B,0.0,$0.03B,$0.01B,33.33%,$0.03B,$0.00B,3.33%,$0.03B,$0.00B,3.33%,$0.03B,$0.00B,3.33%,$0.03B,$0.00B,3.33%,$0.03B,$0.00B,3.33%,$0.00B,$0.05B,2.09%,$0.00B,$0.05B,2.15%,$0.00B,$0.05B,1.95%,$0.00B,$0.05B,2.09%,$7,$5,$2,$1,$4,$7,$-0,$0,$-0,$-0,$-0,$-0,$-0,$0,$-0,$5,5,$-0.05,$-0.05,$4,$8,$0,$18,$7,$22,$1,$0,$32,$51,$4,$0,$0,$0,$4,$0,$34,$-4,$47,$51,$-0,$0,$-1,$-0,$0,$-0,$0,$-0,$-0,$-1,$-0,$-0,$0,$1,$0,$1,$0,$1,$0,$0,$0,$-0,$-0,$0,$0,$-0,$0,$0,$0
12,2015-08-31,15.34,$10.55,1.45,$6.58,2.33,$-1.00,0.0,$0.39,39.33,$0.02B,$0.00B,5.25,$0.00B,$0.05B,0.0,$0.03B,$0.01B,33.33%,$0.03B,$0.00B,10.00%,$0.03B,$0.00B,10.00%,$0.03B,$0.00B,10.00%,$0.03B,$0.00B,10.00%,$0.03B,$0.00B,6.67%,$0.00B,$0.05B,4.15%,$0.00B,$0.05B,4.26%,$0.00B,$0.05B,3.86%,$0.00B,$0.05B,6.22%,$8,$5,$3,$1,$3,$8,$0,$0,$0,$0,$0,$0,$0,$0,$0,$5,5,$0.01,$-0.01,$5,$7,$0,$19,$7,$22,$1,$0,$32,$52,$4,$0,$0,$0,$4,$0,$35,$-3,$48,$52,$3,$1,$-2,$-2,$1,$-2,$0,$0,$-2,$-1,$-1,$-0,$0,$3,$0,$3,$0,$2,$0,$0,$0,$0,$0,$-1,$0,$-1,$0,$0,$-1
13,2015-05-31,16.74,$10.68,1.57,$6.45,2.6,$0.74,22.47,$0.66,25.36,$0.02B,$0.00B,5.91,$0.00B,$0.05B,0.0,$0.03B,$0.01B,31.03%,$0.03B,$0.01B,17.24%,$0.03B,$0.01B,17.24%,$0.03B,$0.01B,17.24%,$0.03B,$0.01B,17.24%,$0.03B,$0.00B,10.34%,$0.00B,$0.05B,6.15%,$0.00B,$0.05B,6.35%,$0.00B,$0.05B,5.74%,$0.01B,$0.05B,10.26%,$8,$6,$3,$1,$3,$7,$1,$0,$1,$0,$1,$1,$1,$1,$1,$5,5,$0.20,$0.20,$6,$7,$0,$21,$7,$22,$1,$0,$31,$52,$4,$0,$0,$0,$4,$0,$35,$-3,$48,$52,$2,$0,$-2,$-1,$0,$-1,$0,$-0,$-1,$0,$-1,$-0,$0,$3,$0,$3,$0,$2,$0,$0,$0,$0,$0,$-1,$0,$-0,$1,$0,$-1
14,2015-02-28,20.19,$10.52,1.92,$6.15,3.28,$2.34,8.62,$0.67,30.13,$0.02B,$0.00B,8.02,$0.00B,$0.05B,0.0,$0.03B,$0.01B,28.57%,$0.03B,$0.01B,21.43%,$0.03B,$0.01B,21.43%,$0.03B,$0.01B,21.43%,$0.03B,$0.01B,21.43%,$0.03B,$0.00B,10.71%,$0.00B,$0.05B,6.15%,$0.00B,$0.05B,6.35%,$0.00B,$0.05B,5.74%,$0.01B,$0.05B,12.31%,$7,$5,$2,$1,$3,$7,$0,$0,$0,$0,$-0,$-0,$-0,$0,$0,$5,5,$-0.03,$-0.03,$7,$6,$0,$20,$7,$20,$1,$0,$30,$50,$3,$0,$0,$0,$3,$0,$34,$-3,$48,$50,$1,$0,$-0,$0,$1,$-0,$-1,$-0,$-1,$0,$-1,$-0,$0,$2,$0,$2,$0,$1,$0,$0,$0,$0,$0,$-1,$0,$-0,$1,$0,$-1
15,2014-11-30,22.98,$10.94,2.1,$6.02,3.81,$3.20,7.17,$0.92,24.97,$0.02B,$0.00B,5.79,$0.00B,$0.05B,0.0,$0.03B,$0.01B,29.63%,$0.03B,$0.01B,29.63%,$0.03B,$0.01B,29.63%,$0.03B,$0.01B,29.63%,$0.03B,$0.01B,29.63%,$0.03B,$0.00B,14.81%,$0.00B,$0.05B,8.21%,$0.00B,$0.05B,8.42%,$0.00B,$0.05B,7.62%,$0.01B,$0.05B,16.41%,$7,$5,$2,$1,$3,$6,$2,$0,$2,$0,$1,$1,$1,$2,$2,$5,5,$0.22,$0.22,$7,$6,$0,$21,$7,$23,$1,$0,$32,$53,$4,$0,$0,$0,$4,$0,$34,$-1,$49,$53,$1,$0,$-1,$-1,$0,$0,$-0,$-0,$-1,$-0,$-0,$-0,$0,$1,$0,$1,$0,$1,$0,$0,$0,$0,$0,$-1,$0,$-0,$0,$0,$-1
16,2014-08-31,20.39,$11.01,1.85,$5.86,3.48,$3.30,6.17,$0.89,22.91,$0.02B,$0.00B,5.0,$0.00B,$0.05B,0.0,$0.03B,$0.01B,30.77%,$0.03B,$0.01B,30.77%,$0.03B,$0.01B,30.77%,$0.03B,$0.01B,30.77%,$0.03B,$0.01B,30.77%,$0.03B,$0.00B,15.38%,$0.00B,$0.05B,8.29%,$0.00B,$0.05B,8.56%,$0.00B,$0.05B,7.66%,$0.01B,$0.05B,16.58%,$7,$5,$2,$1,$3,$6,$2,$-0,$2,$0,$1,$1,$1,$2,$2,$4,5,$0.28,$0.28,$8,$6,$0,$22,$6,$23,$1,$0,$32,$54,$4,$0,$0,$0,$4,$0,$33,$0,$50,$54,$6,$1,$2,$2,$-0,$-1,$0,$-0,$-0,$7,$-2,$-0,$0,$-6,$-0,$-6,$0,$-7,$-1,$0,$-1,$1,$1,$-1,$0,$-2,$-2,$0,$-1
17,2014-05-31,20.92,$10.80,1.94,$5.61,3.73,$2.13,9.83,$0.98,21.35,$0.02B,$0.00B,5.85,$0.00B,$0.05B,0.0,$0.03B,$0.01B,32.00%,$0.03B,$0.01B,32.00%,$0.03B,$0.01B,32.00%,$0.03B,$0.01B,32.00%,$0.03B,$0.01B,32.00%,$0.03B,$0.01B,20.00%,$0.01B,$0.05B,10.64%,$0.01B,$0.05B,10.99%,$0.01B,$0.05B,9.80%,$0.01B,$0.05B,17.02%,$7,$5,$2,$1,$3,$5,$2,$-0,$2,$0,$1,$1,$1,$2,$2,$4,5,$0.22,$0.21,$9,$6,$0,$22,$5,$22,$1,$0,$30,$52,$4,$0,$0,$0,$4,$0,$31,$1,$48,$52,$4,$0,$3,$4,$-0,$-0,$-0,$-0,$-1,$7,$-0,$-0,$0,$0,$0,$0,$0,$-0,$-1,$0,$-1,$0,$0,$-1,$0,$-2,$4,$0,$-1
18,2014-02-28,22.11,$10.85,2.04,$5.42,4.08,$-0.18,0.0,$0.98,22.56,$0.02B,$0.00B,7.56,$0.00B,$0.05B,0.0,$0.02B,$0.01B,33.33%,$0.02B,$0.01B,29.17%,$0.02B,$0.01B,29.17%,$0.02B,$0.01B,33.33%,$0.02B,$0.01B,29.17%,$0.02B,$0.01B,20.83%,$0.01B,$0.05B,10.93%,$0.01B,$0.05B,11.30%,$0.01B,$0.05B,10.05%,$0.01B,$0.05B,15.22%,$6,$4,$2,$1,$3,$5,$2,$-0,$2,$0,$1,$1,$1,$2,$2,$4,5,$0.23,$0.22,$7,$5,$0,$20,$5,$23,$1,$0,$30,$51,$3,$0,$0,$0,$3,$0,$31,$1,$48,$51,$3,$0,$3,$3,$-0,$-0,$-1,$-1,$-2,$4,$-0,$-0,$0,$0,$0,$0,$0,$-0,$-1,$0,$-1,$0,$0,$0,$0,$-1,$3,$0,$0
19,2013-11-30,17.09,$10.49,1.63,$5.23,3.27,$-1.72,0.0,$0.86,19.87,$0.02B,$0.00B,3.99,$0.00B,$0.05B,0.02,$0.02B,$0.01B,34.78%,$0.02B,$0.01B,26.09%,$0.02B,$0.01B,26.09%,$0.02B,$0.01B,30.43%,$0.02B,$0.01B,26.09%,$0.02B,$0.00B,17.39%,$0.00B,$0.05B,9.04%,$0.00B,$0.05B,9.36%,$0.00B,$0.05B,8.29%,$0.01B,$0.05B,13.41%,$6,$4,$2,$1,$3,$5,$2,$-0,$2,$0,$1,$1,$1,$2,$2,$4,5,$0.19,$0.19,$4,$5,$0,$18,$5,$27,$1,$0,$34,$52,$4,$1,$0,$1,$5,$0,$29,$1,$47,$52,$1,$0,$-1,$-1,$-1,$-0,$1,$-0,$-0,$-0,$-0,$-0,$0,$0,$0,$0,$0,$-0,$-0,$0,$-0,$0,$0,$0,$0,$0,$-0,$0,$0
20,2013-08-31,14.69,$10.05,1.46,$5.04,2.92,$-1.99,0.0,$0.76,19.33,$0.02B,$0.00B,4.62,$0.00B,$0.05B,0.02,$0.02B,$0.01B,36.36%,$0.02B,$0.01B,22.73%,$0.02B,$0.01B,22.73%,$0.02B,$0.01B,27.27%,$0.02B,$0.01B,22.73%,$0.02B,$0.00B,13.64%,$0.00B,$0.05B,6.98%,$0.00B,$0.04B,7.19%,$0.00B,$0.05B,6.38%,$0.01B,$0.05B,11.43%,$6,$4,$2,$1,$2,$4,$2,$1,$2,$0,$2,$2,$2,$2,$2,$4,4,$0.36,$0.35,$4,$5,$0,$17,$5,$25,$1,$0,$32,$49,$4,$1,$0,$1,$5,$0,$29,$0,$45,$49,$5,$1,$-2,$-1,$-1,$-1,$0,$0,$-2,$2,$-1,$-0,$0,$0,$0,$0,$2,$-0,$-0,$0,$-0,$0,$0,$-2,$0,$-2,$0,$0,$-2
21,2013-05-31,10.57,$9.68,1.09,$4.84,2.19,$-2.40,0.0,$0.50,21.15,$0.02B,$0.00B,5.76,$0.00B,$0.04B,0.02,$0.02B,$0.01B,33.33%,$0.02B,$0.00B,14.29%,$0.02B,$0.00B,14.29%,$0.02B,$0.01B,23.81%,$0.02B,$0.00B,14.29%,$0.02B,$0.00B,4.76%,$0.00B,$0.04B,2.44%,$0.00B,$0.04B,2.50%,$0.00B,$0.05B,2.21%,$0.00B,$0.04B,7.14%,$6,$4,$2,$1,$2,$4,$1,$-0,$1,$0,$1,$1,$1,$2,$1,$4,4,$0.21,$0.21,$3,$5,$0,$16,$5,$23,$1,$0,$31,$47,$3,$1,$0,$1,$4,$0,$27,$0,$43,$47,$3,$0,$-4,$-3,$-1,$-1,$-1,$0,$-3,$-3,$-1,$-0,$0,$0,$0,$0,$5,$3,$-0,$0,$-0,$0,$0,$-1,$0,$-1,$-1,$0,$-1
22,2013-02-28,12.8,$9.55,1.34,$5.27,2.43,$-1.81,0.0,$0.62,20.64,$0.02B,$0.00B,7.23,$0.00B,$0.04B,0.02,$0.02B,$0.01B,39.13%,$0.02B,$0.00B,17.39%,$0.02B,$0.00B,17.39%,$0.02B,$0.01B,26.09%,$0.02B,$0.00B,17.39%,$0.02B,$0.00B,4.35%,$0.00B,$0.04B,2.55%,$0.00B,$0.04B,2.61%,$0.00B,$0.05B,2.29%,$0.00B,$0.04B,9.94%,$5,$4,$2,$1,$2,$4,$1,$0,$1,$0,$1,$1,$0,$1,$1,$4,4,$0.10,$0.10,$4,$5,$0,$17,$4,$22,$1,$0,$29,$45,$2,$1,$0,$1,$3,$0,$26,$1,$42,$45,$2,$0,$-2,$-2,$-0,$-1,$-1,$-0,$-3,$-3,$-0,$-0,$0,$0,$0,$0,$5,$4,$-0,$0,$-0,$0,$0,$-1,$0,$-1,$0,$0,$-1
23,2012-11-30,10.24,$9.55,1.07,$5.22,1.96,$-1.66,0.0,$0.66,15.51,$0.02B,$0.00B,4.82,$0.00B,$0.04B,0.02,$0.02B,$0.01B,34.78%,$0.02B,$0.00B,17.39%,$0.02B,$0.00B,17.39%,$0.02B,$0.01B,26.09%,$0.02B,$0.00B,17.39%,$0.02B,$0.00B,8.70%,$0.00B,$0.04B,5.30%,$0.00B,$0.04B,5.44%,$0.00B,$0.05B,4.73%,$0.00B,$0.04B,10.32%,$5,$4,$2,$1,$2,$4,$1,$0,$1,$0,$1,$1,$0,$1,$1,$4,4,$0.09,$0.09,$7,$5,$0,$19,$4,$21,$1,$0,$28,$47,$4,$1,$0,$1,$5,$0,$26,$1,$42,$47,$1,$0,$-1,$-1,$-0,$-1,$0,$-0,$-1,$-1,$-0,$-0,$0,$0,$0,$0,$4,$4,$-0,$0,$-0,$0,$0,$-0,$0,$0,$3,$0,$-0
24,2012-08-31,10.09,$8.35,1.21,$5.11,1.97,$-1.73,0.0,$0.79,12.77,$0.01B,$0.00B,3.52,$0.00B,$0.04B,0.03,$0.02B,$0.01B,34.78%,$0.02B,$0.00B,17.39%,$0.02B,$0.00B,17.39%,$0.02B,$0.01B,26.09%,$0.02B,$0.00B,17.39%,$0.02B,$0.00B,13.04%,$0.00B,$0.04B,8.33%,$0.00B,$0.04B,8.57%,$0.00B,$0.04B,7.45%,$0.00B,$0.04B,10.81%,$5,$4,$1,$1,$2,$5,$0,$0,$0,$0,$0,$0,$0,$1,$0,$4,4,$0.10,$0.09,$4,$4,$0,$14,$4,$21,$1,$0,$28,$42,$4,$1,$0,$1,$5,$0,$25,$0,$37,$42,$4,$0,$-5,$-5,$1,$-0,$-0,$-0,$1,$-0,$-1,$-0,$0,$0,$-0,$-0,$3,$1,$-0,$0,$-0,$0,$0,$0,$0,$0,$1,$0,$0
25,2012-05-31,12.27,$8.20,1.5,$4.90,2.5,$-1.78,0.0,$0.90,13.63,$0.02B,$0.00B,3.94,$0.00B,$0.04B,0.03,$0.02B,$0.01B,31.82%,$0.02B,$0.01B,40.91%,$0.02B,$0.01B,40.91%,$0.02B,$0.01B,45.45%,$0.02B,$0.01B,22.73%,$0.02B,$0.00B,18.18%,$0.00B,$0.04B,11.27%,$0.00B,$0.04B,11.59%,$0.00B,$0.04B,10.06%,$0.01B,$0.04B,24.66%,$8,$4,$4,$1,$2,$5,$2,$0,$2,$1,$2,$2,$1,$3,$2,$4,4,$0.33,$0.33,$4,$4,$0,$15,$4,$20,$1,$0,$26,$41,$4,$1,$0,$1,$5,$0,$25,$-0,$36,$41,$3,$0,$-4,$-4,$-0,$-0,$-0,$-1,$-1,$-1,$-0,$-0,$0,$0,$0,$0,$3,$3,$-0,$0,$-0,$0,$0,$0,$0,$0,$1,$0,$0
26,2012-02-29,15.18,$0.00,0.0,$4.30,3.53,$-1.91,0.0,$0.80,18.97,$0.01B,$0.00B,5.6,$0.00B,$0.04B,0.03,$0.02B,$0.01B,26.32%,$0.02B,$0.01B,42.11%,$0.02B,$0.01B,42.11%,$0.02B,$0.01B,42.11%,$0.02B,$0.00B,21.05%,$0.02B,$0.00B,21.05%,$0.00B,$0.04B,11.51%,$0.00B,$0.04B,11.76%,$0.00B,$0.04B,10.19%,$0.01B,$0.04B,22.22%,$5,$3,$1,$1,$2,$4,$1,$0,$1,$0,$1,$1,$1,$1,$1,$4,4,$0.14,$0.14,$3,$4,$4,$14,$0,$19,$1,$0,$21,$39,$3,$1,$0,$1,$4,$0,$23,$0,$36,$39,$2,$0,$-2,$-2,$-0,$-0,$-1,$-0,$-2,$-3,$-0,$-0,$0,$0,$0,$0,$3,$3,$-0,$0,$-0,$0,$0,$0,$0,$-0,$0,$0,$0
27,2011-11-30,13.21,$0.00,0.0,$4.27,3.09,$-1.82,0.0,$0.88,15.01,$0.01B,$0.00B,4.84,$0.00B,$0.04B,0.03,$0.02B,$0.01B,31.58%,$0.02B,$0.01B,31.58%,$0.02B,$0.01B,31.58%,$0.02B,$0.01B,31.58%,$0.02B,$0.00B,21.05%,$0.02B,$0.00B,21.05%,$0.00B,$0.04B,11.85%,$0.00B,$0.03B,12.12%,$0.00B,$0.04B,10.32%,$0.01B,$0.04B,17.14%,$5,$3,$2,$1,$2,$4,$1,$0,$1,$0,$1,$1,$1,$1,$1,$4,4,$0.22,$0.22,$3,$4,$4,$14,$0,$19,$1,$0,$21,$39,$3,$1,$0,$1,$4,$0,$23,$0,$35,$39,$1,$0,$-1,$-1,$-0,$-0,$-0,$-0,$-2,$-2,$-0,$-0,$0,$0,$0,$0,$2,$2,$-0,$0,$-0,$0,$0,$0,$0,$0,$0,$0,$0
28,2011-08-31,16.19,$7.95,2.04,$4.13,3.92,$-1.88,0.0,$0.87,18.61,$0.01B,$0.00B,3.06,$0.00B,$0.04B,0.03,$0.02B,$0.01B,27.78%,$0.02B,$0.00B,16.67%,$0.02B,$0.00B,16.67%,$0.02B,$0.00B,16.67%,$0.02B,$0.00B,22.22%,$0.02B,$0.00B,22.22%,$0.00B,$0.04B,12.31%,$0.00B,$0.03B,12.60%,$0.00B,$0.04B,10.67%,$0.00B,$0.04B,8.89%,$4,$4,$0,$1,$-6,$-1,$5,$-5,$1,$0,$1,$1,$1,$5,$5,$4,4,$0.21,$0.21,$3,$4,$0,$13,$4,$21,$1,$0,$27,$40,$4,$1,$0,$1,$5,$0,$22,$2,$35,$40,$4,$0,$-5,$0,$-1,$-0,$0,$-0,$-1,$-1,$-0,$-0,$0,$0,$-0,$-0,$3,$2,$-0,$0,$-0,$1,$1,$-0,$0,$0,$1,$0,$-0
29,2011-05-31,15.76,$0.00,0.0,$4.49,3.51,$-1.84,0.0,$0.86,18.33,$0.01B,$0.00B,3.13,$0.00B,$0.03B,0.03,$0.02B,$0.01B,35.00%,$0.02B,$0.00B,15.00%,$0.02B,$0.00B,15.00%,$0.02B,$0.00B,15.00%,$0.02B,$0.00B,20.00%,$0.02B,$0.00B,20.00%,$0.00B,$0.03B,13.01%,$0.00B,$0.03B,13.33%,$0.00B,$0.04B,11.19%,$0.00B,$0.04B,9.45%,$5,$3,$2,$1,$2,$4,$1,$0,$1,$0,$1,$1,$1,$1,$1,$4,4,$0.24,$0.23,$3,$4,$4,$13,$0,$20,$1,$0,$22,$39,$4,$1,$0,$1,$5,$0,$21,$0,$33,$39,$3,$0,$-4,$-4,$-1,$-1,$-0,$-0,$-1,$-2,$-0,$-0,$0,$0,$-0,$-0,$3,$2,$-0,$0,$-0,$0,$0,$0,$0,$0,$1,$0,$0
30,2011-02-28,15.86,$0.00,0.0,$4.09,3.88,$-1.70,0.0,$0.85,18.66,$0.01B,$0.00B,3.47,$0.00B,$0.03B,0.04,$0.02B,$0.01B,33.33%,$0.02B,0,0.00%,$0.02B,0,0.00%,$0.02B,$0.00B,5.56%,$0.02B,$0.00B,22.22%,$0.02B,$0.00B,22.22%,$0.00B,$0.03B,13.79%,$0.00B,$0.03B,14.16%,$0.00B,$0.04B,11.94%,$0.00B,$0.03B,0.00%,$5,$3,$2,$1,$2,$6,$-1,$2,$1,$0,$1,$1,$1,$-1,$-1,$4,4,$0.22,$0.22,$2,$4,$4,$13,$0,$18,$1,$0,$20,$37,$4,$1,$0,$1,$5,$0,$20,$0,$32,$37,$2,$0,$0,$0,$0,$0,$0,$0,$-2,$-2,$-0,$0,$0,$0,$0,$-0,$2,$2,$0,$-0,$0,$0,$0,$0,$0,$0,$0,$0,$0
31,2010-11-30,13.77,$0.00,0.0,$3.68,3.74,$-1.48,0.0,$0.71,19.4,$0.01B,$0.00B,3.83,$0.00B,$0.03B,0.04,$0.02B,$0.01B,31.25%,$0.02B,$0.00B,6.25%,$0.02B,$0.00B,6.25%,$0.02B,$0.00B,12.50%,$0.02B,$0.00B,18.75%,$0.02B,$0.00B,18.75%,$0.00B,$0.03B,10.81%,$0.00B,$0.03B,11.11%,$0.00B,$0.03B,9.45%,$0.00B,$0.03B,3.57%,$4,$3,$1,$1,$2,$6,$-2,$3,$1,$0,$1,$1,$1,$-2,$-2,$4,4,$0.21,$0.21,$1,$4,$4,$11,$0,$17,$1,$0,$19,$34,$3,$1,$0,$1,$4,$0,$19,$0,$30,$34,$1,$0,$0,$0,$0,$0,$0,$0,$-1,$-2,$-0,$0,$0,$0,$0,$-0,$1,$1,$0,$-0,$0,$0,$0,$0,$0,$0,$-0,$0,$0
32,2010-08-31,9.62,$6.54,1.47,$3.38,2.84,$-1.06,0.0,$0.60,16.03,$0.01B,$0.01B,2.23,$0.00B,$0.03B,0.0,$0.02B,$0.01B,33.33%,$0.02B,$0.00B,13.33%,$0.02B,$0.00B,13.33%,$0.02B,$0.00B,26.67%,$0.02B,$0.00B,13.33%,$0.02B,$0.00B,13.33%,$0.00B,$0.03B,7.41%,$0.00B,$0.03B,7.62%,$0.00B,$0.03B,6.50%,$0.00B,$0.03B,7.41%,$6,$4,$2,$2,$-5,$1,$5,$-4,$1,$-0,$1,$1,$1,$5,$5,$4,4,$0.20,$0.20,$2,$4,$1,$11,$5,$16,$1,$0,$24,$33,$5,$0,$0,$0,$5,$0,$18,$1,$28,$33,$3,$1,$-4,$1,$-0,$-2,$1,$0,$-0,$-1,$-0,$-0,$0,$0,$-0,$-0,$1,$1,$-1,$0,$-1,$3,$3,$0,$0,$2,$2,$0,$0
33,2010-05-31,10.63,$0.00,0.0,$2.58,4.12,$-1.24,0.0,$0.08,132.9,$0.01B,$0.00B,2.49,$0.00B,$0.03B,0.0,$0.01B,$0.00B,36.36%,$0.01B,$-0.00B,-18.18%,$0.01B,$-0.00B,-18.18%,$0.01B,0,0.00%,$0.01B,0,0.00%,$0.01B,0,0.00%,$0.00B,$0.03B,0.00%,$0.00B,$0.03B,0.00%,$0.00B,$0.03B,0.00%,$-0.00B,$0.03B,-7.77%,$3,$2,$1,$1,$2,$5,$-2,$2,$1,$-0,$1,$1,$1,$-1,$-2,$4,4,$0.22,$0.22,$1,$3,$3,$9,$0,$15,$1,$0,$17,$30,$4,$0,$0,$0,$4,$0,$17,$0,$26,$30,$2,$0,$0,$0,$0,$0,$0,$0,$-1,$-1,$-0,$0,$0,$0,$0,$-0,$0,$0,$0,$-1,$0,$0,$3,$0,$0,$2,$1,$0,$0
34,2010-02-28,8.58,$0.00,0.0,$2.27,3.77,$-1.36,0.0,$-0.31,0.0,$0.01B,$0.00B,2.65,$0.00B,$0.03B,0.0,$0.01B,$0.00B,40.00%,$0.01B,$-0.00B,-10.00%,$0.01B,$-0.00B,-10.00%,$0.01B,$0.00B,10.00%,$0.01B,$-0.00B,-20.00%,$0.01B,$-0.00B,-20.00%,$-0.00B,$0.03B,-7.92%,$-0.00B,$0.03B,-8.25%,$-0.00B,$0.03B,-7.08%,$-0.00B,$0.03B,-3.92%,$3,$2,$1,$0,$1,$3,$-0,$1,$0,$-0,$0,$0,$0,$-0,$-0,$4,4,$0.08,$0.08,$1,$2,$4,$9,$0,$15,$1,$0,$17,$30,$4,$0,$0,$0,$4,$0,$16,$0,$27,$30,$1,$0,$0,$0,$0,$0,$0,$0,$-1,$-1,$-0,$0,$0,$0,$0,$0,$0,$-0,$0,$-1,$0,$0,$4,$0,$0,$2,$1,$0,$0
35,2009-11-30,7.48,$0.00,0.0,$1.60,4.67,$-1.03,0.0,$-0.39,0.0,$0.01B,$0.00B,2.78,$0.00B,$0.03B,0.0,$0.01B,$0.00B,44.44%,$0.01B,$-0.00B,-22.22%,$0.01B,$-0.00B,-22.22%,$0.01B,0,0.00%,$0.01B,$-0.00B,-44.44%,$0.01B,$-0.00B,-44.44%,$-0.00B,$0.03B,-16.49%,$-0.00B,$0.03B,-17.20%,$-0.00B,$0.03B,-14.68%,$-0.00B,$0.03B,-8.08%,$3,$2,$1,$0,$2,$3,$-1,$1,$0,$-0,$0,$0,$0,$-0,$-1,$4,4,$0.11,$0.10,$2,$2,$3,$9,$0,$15,$1,$0,$18,$30,$3,$0,$0,$0,$3,$0,$16,$0,$27,$30,$0,$0,$0,$0,$0,$0,$0,$0,$-0,$-0,$-0,$0,$0,$0,$0,$0,$-0,$-0,$0,$-1,$0,$0,$4,$0,$0,$2,$2,$0,$0
36,2009-08-31,8.86,$6.05,1.46,$0.95,9.3,$-0.97,0.0,$-0.49,0.0,$0.01B,$0.00B,1.73,$0.00B,$0.02B,0.0,$0.01B,$0.00B,44.44%,$0.01B,$-0.00B,-22.22%,$0.01B,$-0.00B,-22.22%,$0.01B,$-0.00B,-11.11%,$0.01B,$-0.00B,-44.44%,$0.01B,$-0.00B,-44.44%,$-0.00B,$0.02B,-16.84%,$-0.00B,$0.02B,-17.58%,$-0.00B,$0.03B,-14.95%,$-0.00B,$0.02B,-8.16%,$2,$1,$1,$0,$-1,$1,$1,$0,$-1,$0,$-1,$-1,$-1,$1,$1,$4,4,$-0.32,$-0.32,$0,$2,$3,$6,$5,$14,$1,$0,$21,$26,$4,$0,$0,$0,$4,$0,$15,$2,$23,$26,$-3,$1,$-0,$1,$2,$1,$-1,$0,$1,$-2,$-0,$-0,$0,$0,$-1,$-1,$3,$2,$-0,$-0,$0,$0,$0,$0,$0,$-0,$-0,$0,$0
37,2009-05-31,5.32,$0.00,0.0,$0.45,11.92,$-0.46,0.0,$-0.17,0.0,$0.01B,$0.00B,3.37,$0.00B,$0.02B,0.05,$0.01B,$0.00B,40.00%,$0.01B,$-0.00B,-30.00%,$0.01B,$-0.00B,-30.00%,$0.01B,$-0.00B,-20.00%,$0.01B,$-0.00B,-30.00%,$0.01B,$-0.00B,-30.00%,$-0.00B,$0.02B,-12.24%,$-0.00B,$0.02B,-12.77%,$-0.00B,$0.03B,-10.71%,$-0.00B,$0.03B,-11.76%,$2,$1,$1,$0,$1,$2,$-1,$-0,$-1,$0,$-1,$-1,$-1,$-0,$-1,$4,4,$-0.17,$-0.17,$0,$2,$3,$7,$0,$14,$1,$0,$16,$27,$2,$1,$0,$1,$3,$0,$17,$0,$24,$27,$-2,$0,$0,$0,$0,$0,$0,$0,$0,$-2,$-0,$0,$0,$0,$0,$-1,$2,$1,$0,$0,$0,$0,$0,$0,$0,$0,$-0,$0,$0
38,2009-02-28,7.08,$0.00,0.0,0,0.0,0,0.0,0,0.0,$0.01B,$0.00B,3.74,$0.00B,$0.02B,0.05,$0.01B,$0.00B,36.36%,$0.01B,$-0.00B,-18.18%,$0.01B,$-0.00B,-18.18%,$0.01B,$-0.00B,-18.18%,$0.01B,$-0.00B,-9.09%,$0.01B,$-0.00B,-9.09%,$-0.00B,$0.02B,-4.00%,$-0.00B,$0.02B,-4.17%,$-0.00B,$0.03B,-3.45%,$-0.00B,$0.02B,-7.62%,$2,$1,$1,$0,$1,$2,$-1,$-1,$-2,$-0,$-2,$-2,$-2,$-1,$-1,$0,0,$0.00,$0.00,$0,$2,$3,$8,$0,$13,$1,$0,$15,$26,$2,$1,$0,$1,$3,$0,$17,$0,$23,$26,$-2,$0,$0,$0,$0,$0,$0,$0,$-0,$-1,$-0,$0,$0,$0,$0,$0,$2,$2,$0,$-1,$0,$0,$0,$0,$0,$-1,$-0,$0,$0
39,2008-11-30,8.61,$0.00,0.0,0,0.0,0,0.0,0,0.0,$0.01B,$0.00B,4.32,$0.00B,$0.03B,0.05,$0.01B,$0.00B,33.33%,$0.01B,$-0.00B,-16.67%,$0.01B,$-0.00B,-16.67%,$0.01B,$-0.00B,-8.33%,$0.01B,$0.00B,16.67%,$0.01B,$0.00B,16.67%,$0.00B,$0.03B,7.84%,$0.00B,$0.02B,8.16%,$0.00B,$0.03B,6.72%,$-0.00B,$0.03B,-7.41%,$3,$2,$1,$0,$2,$4,$-1,$1,$0,$0,$0,$0,$0,$-1,$-1,$0,0,$0.00,$0.00,$0,$2,$3,$9,$0,$13,$1,$0,$16,$28,$2,$1,$0,$1,$3,$0,$19,$0,$25,$28,$0,$0,$0,$0,$0,$0,$0,$0,$-0,$-1,$-0,$0,$0,$0,$0,$0,$2,$2,$0,$-1,$0,$0,$0,$0,$0,$-1,$0,$0,$0
40,2008-08-31,12.86,$0.00,0.0,0,0.0,0,0.0,0,0.0,$0.01B,$0.00B,2.24,$0.00B,$0.03B,0.05,$0.01B,$0.00B,33.33%,$0.01B,$-0.00B,-8.33%,$0.01B,$-0.00B,-8.33%,$0.01B,0,0.00%,$0.01B,$0.00B,25.00%,$0.01B,$0.00B,25.00%,$0.00B,$0.03B,11.88%,$0.00B,$0.03B,12.37%,$0.00B,$0.03B,10.08%,$-0.00B,$0.03B,-3.70%,$3,$2,$1,$0,$2,$4,$-0,$1,$0,$-0,$0,$0,$0,$-0,$-0,$0,0,$0.00,$0.00,$0,$3,$3,$9,$0,$16,$1,$0,$19,$31,$4,$1,$0,$1,$5,$0,$19,$0,$26,$31,$3,$1,$0,$1,$0,$0,$0,$0,$-2,$-3,$-0,$0,$0,$0,$0,$-0,$2,$2,$0,$1,$0,$0,$0,$0,$0,$1,$0,$0,$0
41,2008-05-31,14.73,$0.00,0.0,0,0.0,0,0.0,0,0.0,$0.01B,$0.00B,2.85,$0.00B,$0.03B,0.05,$0.01B,$0.00B,30.77%,$0.01B,$-0.00B,-7.69%,$0.01B,$-0.00B,-7.69%,$0.01B,0,0.00%,$0.01B,$0.00B,30.77%,$0.01B,$0.00B,30.77%,$0.00B,$0.03B,16.49%,$0.00B,$0.03B,17.20%,$0.00B,$0.03B,14.04%,$-0.00B,$0.03B,-3.81%,$3,$2,$1,$0,$2,$4,$-0,$1,$1,$0,$1,$1,$1,$-0,$-0,$0,0,$0.00,$0.00,$0,$2,$3,$8,$0,$16,$1,$1,$18,$31,$3,$1,$0,$1,$4,$0,$18,$0,$26,$31,$2,$0,$0,$0,$0,$0,$0,$0,$-1,$-2,$-0,$0,$0,$0,$0,$2,$-0,$2,$0,$0,$0,$0,$0,$0,$0,$0,$0,$0,$0
42,2008-02-29,7.76,$0.00,0.0,0,0.0,0,0.0,0,0.0,$0.01B,$0.00B,3.27,$0.00B,$0.03B,0.05,$0.01B,$0.01B,35.71%,$0.01B,$-0.00B,-7.14%,$0.01B,$-0.00B,-7.14%,$0.01B,0,0.00%,$0.01B,$0.00B,28.57%,$0.01B,$0.00B,28.57%,$0.00B,$0.03B,17.39%,$0.00B,$0.02B,18.18%,$0.00B,$0.03B,14.68%,$-0.00B,$0.03B,-4.04%,$3,$2,$1,$0,$2,$3,$-1,$1,$1,$0,$1,$1,$1,$-0,$-1,$0,0,$0.00,$0.00,$0,$2,$1,$7,$0,$15,$1,$1,$18,$29,$2,$1,$0,$1,$3,$0,$17,$0,$25,$29,$1,$0,$0,$0,$0,$0,$0,$0,$-1,$-1,$-0,$0,$0,$0,$0,$-0,$2,$1,$0,$0,$0,$0,$0,$0,$0,$0,$0,$0,$0
43,2007-11-30,11.07,$0.00,0.0,0,0.0,0,0.0,0,0.0,$0.01B,$0.00B,2.3,$0.00B,$0.02B,0.05,$0.02B,$0.01B,33.33%,$0.02B,0,0.00%,$0.02B,0,0.00%,$0.02B,0,0.00%,$0.02B,$0.00B,26.67%,$0.02B,$0.00B,20.00%,$0.00B,$0.02B,13.79%,$0.00B,$0.02B,14.46%,$0.00B,$0.03B,11.54%,$0.00B,$0.03B,0.00%,$3,$2,$1,$0,$2,$4,$-0,$1,$1,$0,$1,$1,$1,$-0,$-0,$0,0,$0.00,$0.00,$0,$2,$3,$7,$0,$15,$1,$1,$18,$28,$3,$1,$0,$1,$4,$0,$17,$0,$24,$28,$1,$0,$0,$0,$0,$0,$0,$0,$-1,$-1,$-0,$0,$0,$0,$0,$0,$-0,$-0,$0,$1,$0,$0,$0,$0,$0,$1,$-0,$0,$0
44,2007-08-31,9.6,$0.00,0.0,0,0.0,0,0.0,0,0.0,$0.01B,$0.00B,2.44,$0.00B,$0.02B,0.05,$0.02B,$0.01B,35.29%,$0.02B,0,0.00%,$0.02B,0,0.00%,$0.02B,0,0.00%,$0.02B,$0.00B,23.53%,$0.02B,$0.00B,17.65%,$0.00B,$0.02B,14.46%,$0.00B,$0.02B,15.38%,$0.00B,$0.03B,11.88%,$0.00B,$0.02B,0.00%,$4,$3,$1,$0,$2,$4,$-0,$1,$1,$-0,$1,$1,$1,$-0,$-0,$0,0,$0.00,$0.00,$0,$2,$2,$6,$0,$14,$1,$0,$16,$26,$3,$1,$0,$1,$4,$0,$16,$0,$22,$26,$3,$0,$0,$0,$0,$0,$0,$0,$-0,$-1,$-1,$0,$0,$0,$0,$-0,$2,$2,$0,$-1,$0,$0,$0,$0,$0,$-1,$-0,$0,$0
45,2007-05-31,8.86,$0.00,0.0,0,0.0,0,0.0,0,0.0,$0.01B,$0.00B,2.02,$0.00B,$0.02B,0.06,$0.02B,$0.01B,41.18%,$0.02B,0,0.00%,$0.02B,0,0.00%,$0.02B,0,0.00%,$0.02B,$0.00B,17.65%,$0.02B,$0.00B,11.76%,$0.00B,$0.02B,10.13%,$0.00B,$0.02B,10.81%,$0.00B,$0.03B,8.16%,$0.00B,$0.02B,0.00%,$4,$3,$2,$0,$2,$4,$-0,$1,$1,$0,$1,$1,$1,$0,$-0,$0,0,$0.00,$0.00,$1,$2,$2,$6,$0,$13,$1,$1,$15,$26,$3,$1,$0,$1,$4,$0,$15,$0,$21,$26,$2,$0,$0,$0,$0,$0,$0,$0,$-1,$-1,$-1,$0,$0,$0,$0,$-1,$3,$1,$0,$0,$0,$0,$0,$0,$0,$0,$0,$0,$0
46,2007-02-28,7.82,$0.00,0.0,0,0.0,0,0.0,0,0.0,$0.01B,$0.00B,2.07,$0.00B,$0.02B,0.06,$0.02B,$0.01B,41.18%,$0.02B,0,0.00%,$0.02B,0,0.00%,$0.02B,0,0.00%,$0.02B,$0.00B,17.65%,$0.02B,$0.00B,11.76%,$0.00B,$0.02B,10.53%,$0.00B,$0.02B,11.43%,$0.00B,$0.02B,8.51%,$0.00B,$0.02B,0.00%,$4,$2,$1,$0,$2,$4,$-0,$1,$1,$0,$0,$0,$0,$-0,$-0,$0,0,$0.00,$0.00,$0,$2,$2,$6,$0,$12,$1,$0,$14,$24,$3,$1,$0,$1,$4,$0,$14,$0,$20,$24,$1,$0,$0,$0,$0,$0,$0,$0,$-1,$-1,$-1,$0,$0,$0,$0,$-1,$2,$1,$0,$0,$0,$0,$0,$0,$0,$0,$-0,$0,$0
47,2006-11-30,8.12,$0.00,0.0,0,0.0,0,0.0,0,0.0,$0.01B,$0.00B,1.57,$0.00B,$0.02B,0.06,$0.02B,$0.01B,41.18%,$0.02B,0,0.00%,$0.02B,0,0.00%,$0.02B,0,0.00%,$0.02B,$0.00B,11.76%,$0.02B,$0.00B,11.76%,$0.00B,$0.02B,10.96%,$0.00B,$0.02B,12.12%,$0.00B,$0.03B,8.89%,$0.00B,$0.02B,0.00%,$5,$3,$2,$0,$2,$5,$0,$1,$1,$0,$1,$1,$1,$0,$0,$0,0,$0.00,$0.00,$1,$1,$3,$7,$0,$12,$1,$1,$15,$25,$4,$1,$0,$1,$6,$0,$14,$0,$20,$25,$1,$0,$0,$0,$0,$0,$0,$0,$-0,$-0,$-1,$0,$0,$0,$0,$-0,$1,$0,$0,$0,$0,$0,$0,$0,$0,$0,$0,$0,$0
