,Date,Stock Price,Book Value per Share,Price to Book Ratio,TTM Sales per Share,Price to Sales Ratio,TTM FCF per Share,Price to FCF Ratio,TTM Net EPS,PE Ratio,Current Assets,Current Liabilities,Current Ratio,Long Term Debt,Shareholder's Equity_x,Debt to Equity Ratio,TTM Revenue_x,TTM Gross Profit,Gross Margin,TTM Revenue_y,TTM Operating Income,Operating Margin,TTM Revenue_x,TTM EBIT,EBIT Margin,TTM Revenue_y,TTM EBITDA,EBITDA Margin,TTM Revenue_x,TTM Pre-Tax Income,Pre-Tax Margin,TTM Revenue_y,TTM Net Income_x,Net Margin,TTM Net Income_y,Shareholder's Equity_y,Return on Equity,TTM Net Income_x,Tangible Equity,Return on Tangible Equity,TTM Net Income_y,Total Assets,Return on Assets,TTM Net Income,LT Investments & Debt,Return on Investment,revenue,cost-goods-sold,gross-profit,research-development-expenses,selling-general-administrative-expenses,operating-expenses,operating-income,total-non-operating-income-expense,pre-tax-income,total-provision-income-taxes,income-after-taxes,income-from-continuous-operations,net-income,ebitda,ebit,basic-shares-outstanding,shares-outstanding,eps-basic-net-earnings-per-share,eps-earnings-per-share-diluted,cash-on-hand,inventory,other-current-assets,total-current-assets,net-property-plant-equipment,long-term-investments,goodwill-intangible-assets-total,other-long-term-assets,total-long-term-assets,total-assets,total-current-liabilities,long-term-debt,other-non-current-liabilities,total-long-term-liabilities,total-liabilities,common-stock-net,retained-earnings-accumulated-deficit,comprehensive-income,total-share-holder-equity,total-liabilities-share-holders-equity,net-income-loss,total-depreciation-amortization-cash-flow,other-non-cash-items,total-non-cash-items,change-in-accounts-receivable,change-in-inventories,change-in-accounts-payable,change-in-assets-liabilities,total-change-in-assets-liabilities,cash-flow-from-operating-activities,net-change-in-property-plant-equipment,net-change-in-intangible-assets,net-acquisitions-divestitures,net-change-in-short-term-investments,net-change-in-long-term-investments,net-change-in-investments-total,investing-activities-other,cash-flow-from-investing-activities,net-long-term-debt,net-current-debt,debt-issuance-retirement-net-total,net-common-equity-issued-repurchased,net-total-equity-issued-repurchased,total-common-preferred-stock-dividends-paid,financial-activities-other,cash-flow-from-financial-activities,net-cash-flow,stock-based-compensation,common-stock-dividends-paid
0,2018-09-30,37.05,$4.78,7.75,$23.17,1.6,$7.04,5.27,$1.86,19.92,$0.15B,$0.05B,2.85,$0.00B,$0.14B,0.0,$0.69B,$0.37B,53.18%,$0.69B,$0.07B,10.55%,$0.69B,$0.07B,10.55%,$0.69B,$0.09B,12.86%,$0.69B,$0.07B,10.69%,$0.69B,$0.06B,8.09%,$0.06B,$0.14B,42.11%,$0.06B,$0.13B,46.67%,$0.06B,$0.20B,28.39%,$0.07B,$0.14B,54.89%,$159,$76,$83,$0,$59,$139,$20,$0,$21,$5,$16,$16,$16,$24,$20,$29,30,$0.54,$0.54,$93,$30,$0,$151,$28,$0,$12,$1,$44,$195,$53,$0,$2,$2,$55,$0,$106,$-0,$141,$195,$45,$12,$7,$19,$-1,$14,$1,$6,$12,$76,$-6,$0,$0,$-7,$0,$-7,$0,$-13,$0,$0,$0,$-24,$-24,$-23,$-2,$-49,$14,$8,$-23
1,2018-06-30,38.27,$4.44,8.61,$23.01,1.66,$7.06,5.42,$1.81,21.14,$0.14B,$0.06B,2.55,$0.00B,$0.13B,0.0,$0.69B,$0.37B,53.69%,$0.69B,$0.07B,10.71%,$0.69B,$0.07B,10.71%,$0.69B,$0.09B,13.02%,$0.69B,$0.07B,10.71%,$0.69B,$0.06B,7.96%,$0.06B,$0.13B,41.90%,$0.06B,$0.12B,46.61%,$0.06B,$0.19B,27.88%,$0.07B,$0.13B,56.38%,$191,$88,$103,$0,$65,$157,$34,$0,$34,$8,$26,$26,$26,$38,$34,$29,30,$0.88,$0.87,$84,$33,$0,$143,$29,$0,$13,$1,$45,$189,$56,$0,$2,$2,$58,$0,$98,$-0,$131,$189,$29,$8,$6,$13,$-0,$11,$0,$9,$14,$56,$-4,$0,$0,$-8,$0,$-8,$0,$-12,$0,$0,$0,$-23,$-23,$-15,$-2,$-40,$4,$5,$-15
2,2018-03-31,26.58,$4.14,6.42,$23.02,1.15,$7.20,3.69,$1.74,15.28,$0.16B,$0.08B,2.0,$0.00B,$0.12B,0.0,$0.70B,$0.37B,53.81%,$0.70B,$0.08B,10.94%,$0.70B,$0.08B,10.94%,$0.70B,$0.09B,13.24%,$0.70B,$0.08B,10.94%,$0.70B,$0.05B,7.63%,$0.05B,$0.12B,41.09%,$0.05B,$0.11B,45.79%,$0.05B,$0.20B,26.94%,$0.08B,$0.12B,58.91%,$211,$99,$112,$0,$106,$209,$2,$0,$2,$-1,$3,$3,$3,$6,$2,$30,30,$0.09,$0.09,$76,$42,$0,$156,$30,$0,$13,$1,$47,$203,$78,$0,$2,$2,$79,$0,$79,$-0,$124,$203,$3,$4,$2,$6,$-4,$2,$22,$9,$16,$24,$-2,$0,$0,$0,$-5,$-5,$0,$-7,$0,$0,$0,$-9,$-9,$-8,$-2,$-18,$-1,$2,$-8
3,2017-12-31,51.48,$4.52,11.39,$23.11,2.23,$7.74,6.65,$1.90,27.1,$0.15B,$0.06B,2.38,$0.00B,$0.14B,0.0,$0.70B,$0.38B,53.95%,$0.70B,$0.08B,11.91%,$0.70B,$0.08B,11.91%,$0.70B,$0.10B,14.20%,$0.70B,$0.08B,11.91%,$0.70B,$0.06B,8.18%,$0.06B,$0.14B,46.44%,$0.06B,$0.12B,52.17%,$0.06B,$0.20B,29.57%,$0.08B,$0.14B,67.62%,$131,$62,$70,$0,$49,$114,$17,$0,$17,$6,$11,$11,$11,$21,$17,$30,30,$0.36,$0.36,$72,$44,$0,$153,$32,$0,$13,$1,$49,$202,$64,$0,$2,$2,$66,$0,$83,$-0,$136,$202,$58,$15,$15,$30,$-0,$-6,$2,$-2,$-8,$80,$-13,$0,$0,$-24,$0,$-24,$0,$-37,$0,$0,$0,$-2,$-2,$-21,$-5,$-27,$15,$11,$-21
4,2017-09-30,54.52,$4.45,12.25,$22.45,2.43,$6.76,8.06,$1.83,29.79,$0.14B,$0.06B,2.38,$0.00B,$0.13B,0.0,$0.68B,$0.36B,53.78%,$0.68B,$0.08B,11.70%,$0.68B,$0.08B,11.70%,$0.68B,$0.10B,14.07%,$0.68B,$0.08B,11.70%,$0.68B,$0.06B,8.15%,$0.06B,$0.13B,48.89%,$0.06B,$0.12B,55.84%,$0.06B,$0.20B,30.43%,$0.08B,$0.13B,70.22%,$158,$72,$86,$0,$61,$137,$21,$0,$21,$6,$15,$15,$15,$25,$21,$30,30,$0.50,$0.49,$90,$24,$7,$141,$31,$0,$13,$1,$54,$195,$59,$0,$2,$2,$61,$0,$77,$-0,$134,$195,$47,$11,$7,$18,$-1,$15,$1,$5,$16,$81,$-9,$0,$0,$-18,$0,$-18,$0,$-27,$0,$0,$0,$2,$2,$-16,$-2,$-16,$38,$8,$-16
5,2017-06-30,50.59,$4.08,12.42,$21.44,2.36,$5.92,8.54,$1.61,31.43,$0.13B,$0.06B,2.12,$0.00B,$0.12B,0.0,$0.64B,$0.34B,53.58%,$0.64B,$0.07B,10.90%,$0.64B,$0.07B,10.90%,$0.64B,$0.09B,13.55%,$0.64B,$0.07B,10.90%,$0.64B,$0.05B,7.48%,$0.05B,$0.12B,47.64%,$0.05B,$0.11B,55.33%,$0.05B,$0.19B,28.74%,$0.07B,$0.12B,69.48%,$195,$89,$106,$0,$66,$159,$36,$0,$36,$11,$24,$24,$24,$40,$36,$30,30,$0.82,$0.80,$81,$28,$9,$133,$32,$0,$14,$1,$54,$187,$63,$0,$2,$2,$65,$0,$69,$-0,$122,$187,$32,$8,$5,$12,$2,$11,$-0,$3,$19,$63,$-6,$0,$0,$-11,$0,$-11,$0,$-17,$0,$0,$0,$3,$3,$-11,$-2,$-9,$36,$5,$-11
6,2017-03-31,53.75,$3.30,16.28,$20.07,2.68,$5.15,10.44,$1.35,39.82,$0.13B,$0.09B,1.54,$0.00B,$0.10B,0.0,$0.60B,$0.32B,53.43%,$0.60B,$0.06B,9.88%,$0.60B,$0.06B,9.88%,$0.60B,$0.08B,12.56%,$0.60B,$0.06B,9.88%,$0.60B,$0.04B,6.70%,$0.04B,$0.10B,44.08%,$0.04B,$0.09B,52.46%,$0.04B,$0.19B,25.85%,$0.06B,$0.10B,65.01%,$213,$98,$114,$0,$101,$203,$9,$0,$9,$2,$7,$7,$7,$13,$9,$30,30,$0.25,$0.25,$66,$31,$9,$133,$32,$0,$14,$1,$54,$187,$87,$0,$2,$2,$88,$0,$50,$-0,$99,$187,$7,$4,$2,$6,$-9,$7,$23,$11,$28,$41,$-2,$0,$0,$0,$-5,$-5,$0,$-7,$0,$0,$0,$1,$1,$-5,$-1,$-6,$28,$2,$-5
7,2016-12-31,33.44,$3.18,10.5,$18.50,1.81,$4.45,7.51,$1.19,28.1,$0.10B,$0.06B,1.72,$0.00B,$0.10B,0.0,$0.55B,$0.29B,52.93%,$0.55B,$0.05B,9.89%,$0.55B,$0.05B,9.89%,$0.55B,$0.07B,12.64%,$0.55B,$0.05B,9.89%,$0.55B,$0.04B,6.59%,$0.04B,$0.10B,43.50%,$0.04B,$0.08B,52.94%,$0.04B,$0.15B,25.09%,$0.05B,$0.10B,65.26%,$109,$52,$57,$0,$40,$96,$13,$-0,$13,$4,$9,$9,$9,$17,$13,$29,30,$0.29,$0.29,$33,$39,$10,$100,$33,$0,$14,$1,$55,$154,$58,$0,$2,$2,$60,$0,$49,$-0,$95,$154,$35,$14,$8,$21,$1,$-8,$-5,$2,$-6,$51,$-15,$0,$0,$-15,$0,$-15,$0,$-29,$0,$0,$0,$3,$3,$-21,$0,$-18,$3,$7,$-21
8,2016-09-30,28.49,$2.94,9.68,$17.90,1.59,$3.86,7.38,$1.03,27.66,$0.09B,$0.05B,1.74,$0.00B,$0.09B,0.0,$0.53B,$0.28B,52.75%,$0.53B,$0.05B,8.92%,$0.53B,$0.05B,8.92%,$0.53B,$0.06B,11.39%,$0.53B,$0.05B,8.92%,$0.53B,$0.03B,5.88%,$0.03B,$0.09B,40.52%,$0.03B,$0.07B,50.20%,$0.03B,$0.14B,22.55%,$0.05B,$0.09B,61.44%,$125,$58,$67,$0,$50,$112,$12,$0,$12,$4,$8,$8,$8,$17,$12,$29,30,$0.27,$0.27,$46,$19,$7,$88,$32,$0,$14,$1,$52,$140,$51,$0,$2,$2,$53,$0,$45,$0,$87,$140,$27,$10,$7,$17,$7,$11,$-7,$3,$12,$56,$-10,$0,$0,$0,$-10,$-10,$0,$-20,$0,$0,$0,$2,$2,$-16,$-1,$-15,$21,$5,$-16
9,2016-06-30,24.19,$2.77,8.72,$17.28,1.4,$3.36,7.2,$1.01,23.95,$0.08B,$0.05B,1.55,$0.00B,$0.08B,0.0,$0.51B,$0.26B,52.07%,$0.51B,$0.05B,9.07%,$0.51B,$0.05B,9.07%,$0.51B,$0.06B,11.05%,$0.51B,$0.05B,9.07%,$0.51B,$0.03B,5.92%,$0.03B,$0.08B,41.52%,$0.03B,$0.07B,49.18%,$0.03B,$0.14B,22.73%,$0.05B,$0.08B,63.67%,$150,$69,$81,$0,$53,$125,$25,$-0,$25,$9,$16,$16,$16,$28,$25,$29,29,$0.55,$0.54,$38,$22,$7,$84,$33,$0,$15,$1,$54,$138,$54,$0,$2,$2,$56,$0,$42,$0,$82,$138,$19,$6,$4,$10,$3,$8,$-10,$6,$11,$39,$-7,$0,$0,$0,$-8,$-8,$0,$-14,$0,$0,$0,$1,$1,$-10,$-1,$-11,$14,$4,$-10
10,2016-03-31,19.78,$2.28,8.66,$16.68,1.19,$3.10,6.39,$0.88,22.47,$0.09B,$0.07B,1.22,$0.00B,$0.07B,0.0,$0.49B,$0.25B,51.54%,$0.49B,$0.04B,8.01%,$0.49B,$0.04B,8.01%,$0.49B,$0.05B,10.06%,$0.49B,$0.04B,8.01%,$0.49B,$0.03B,5.34%,$0.03B,$0.07B,38.38%,$0.03B,$0.05B,43.15%,$0.03B,$0.14B,20.35%,$0.04B,$0.07B,57.56%,$162,$79,$84,$0,$77,$158,$4,$-0,$4,$1,$3,$3,$3,$7,$4,$29,29,$0.09,$0.09,$26,$28,$10,$89,$31,$0,$15,$1,$53,$142,$73,$0,$2,$2,$75,$0,$32,$0,$67,$142,$3,$3,$2,$5,$-5,$2,$11,$6,$13,$20,$-3,$0,$0,$0,$-2,$-2,$0,$-5,$0,$0,$0,$0,$0,$-5,$-2,$-7,$8,$1,$-5
11,2015-12-31,20.33,$2.39,8.5,$15.90,1.28,$2.96,6.86,$0.89,22.84,$0.08B,$0.06B,1.33,$0.00B,$0.07B,0.0,$0.46B,$0.24B,51.52%,$0.46B,$0.04B,8.66%,$0.46B,$0.04B,8.66%,$0.46B,$0.05B,10.61%,$0.46B,$0.04B,8.44%,$0.46B,$0.03B,5.63%,$0.03B,$0.07B,40.31%,$0.03B,$0.06B,42.80%,$0.03B,$0.13B,21.05%,$0.04B,$0.07B,62.02%,$90,$44,$46,$0,$37,$84,$6,$-0,$6,$2,$4,$4,$4,$8,$6,$29,29,$0.13,$0.13,$16,$31,$10,$77,$31,$0,$15,$1,$53,$130,$58,$0,$2,$2,$60,$0,$34,$-0,$70,$130,$26,$9,$5,$14,$-6,$-4,$4,$-3,$-9,$31,$-13,$0,$-15,$7,$0,$7,$0,$-21,$0,$0,$0,$3,$3,$-21,$0,$-17,$-6,$5,$-21
12,2015-09-30,24.74,$2.39,10.35,$15.56,1.59,$3.19,7.75,$0.94,26.31,$0.09B,$0.05B,1.86,$0.00B,$0.07B,0.0,$0.45B,$0.23B,51.66%,$0.45B,$0.04B,9.31%,$0.45B,$0.04B,9.31%,$0.45B,$0.05B,11.31%,$0.45B,$0.04B,9.09%,$0.45B,$0.03B,5.99%,$0.03B,$0.07B,44.26%,$0.03B,$0.07B,44.44%,$0.03B,$0.12B,22.78%,$0.04B,$0.07B,68.85%,$105,$52,$53,$0,$40,$94,$11,$-0,$11,$4,$7,$7,$7,$13,$11,$29,29,$0.25,$0.25,$47,$17,$6,$85,$27,$0,$0,$1,$33,$118,$46,$0,$2,$2,$48,$0,$36,$0,$70,$118,$22,$7,$4,$11,$2,$9,$-7,$3,$3,$37,$-6,$0,$0,$0,$-3,$-3,$0,$-9,$0,$0,$0,$3,$3,$-15,$0,$-12,$15,$4,$-15
13,2015-06-30,23.07,$2.21,10.45,$15.13,1.52,$3.13,7.37,$0.86,26.83,$0.09B,$0.05B,1.63,$0.00B,$0.06B,0.0,$0.44B,$0.23B,51.95%,$0.44B,$0.04B,8.70%,$0.44B,$0.04B,8.70%,$0.44B,$0.05B,10.76%,$0.44B,$0.04B,8.47%,$0.44B,$0.03B,5.72%,$0.03B,$0.06B,43.67%,$0.03B,$0.06B,43.86%,$0.03B,$0.12B,21.74%,$0.04B,$0.06B,66.38%,$130,$63,$68,$0,$47,$112,$18,$-0,$18,$6,$12,$12,$12,$21,$18,$29,29,$0.42,$0.41,$45,$22,$6,$89,$27,$0,$0,$1,$32,$121,$54,$0,$2,$2,$57,$0,$33,$0,$64,$121,$15,$4,$3,$8,$-2,$5,$-1,$4,$6,$29,$-4,$0,$0,$0,$5,$5,$0,$1,$0,$0,$0,$1,$1,$-10,$-1,$-9,$20,$3,$-10
14,2015-03-31,18.39,$1.86,9.89,$14.54,1.27,$3.11,5.91,$0.75,24.52,$0.09B,$0.07B,1.36,$0.00B,$0.05B,0.0,$0.42B,$0.22B,51.67%,$0.42B,$0.03B,7.89%,$0.42B,$0.03B,7.89%,$0.42B,$0.04B,9.81%,$0.42B,$0.03B,7.66%,$0.42B,$0.02B,5.26%,$0.02B,$0.05B,40.37%,$0.02B,$0.05B,40.55%,$0.02B,$0.13B,19.60%,$0.03B,$0.05B,60.55%,$137,$66,$71,$0,$65,$133,$5,$-0,$4,$2,$3,$3,$3,$7,$5,$28,29,$0.10,$0.10,$37,$24,$6,$94,$27,$0,$0,$1,$32,$125,$69,$0,$2,$2,$71,$0,$26,$0,$54,$125,$3,$2,$2,$4,$-11,$3,$15,$5,$9,$16,$-3,$0,$0,$0,$5,$5,$0,$2,$0,$0,$0,$-2,$-2,$-5,$1,$-6,$12,$1,$-5
15,2014-12-31,17.83,$1.93,9.23,$14.08,1.27,$2.95,6.03,$0.66,27.01,$0.08B,$0.05B,1.48,$0.00B,$0.06B,0.0,$0.40B,$0.21B,50.87%,$0.40B,$0.03B,6.95%,$0.40B,$0.03B,6.95%,$0.40B,$0.04B,8.93%,$0.40B,$0.03B,6.95%,$0.40B,$0.02B,4.71%,$0.02B,$0.06B,35.85%,$0.02B,$0.06B,36.02%,$0.02B,$0.11B,17.35%,$0.03B,$0.06B,52.83%,$79,$38,$41,$0,$30,$71,$8,$-0,$8,$3,$5,$5,$5,$10,$8,$28,29,$0.18,$0.18,$29,$27,$7,$76,$27,$0,$0,$1,$33,$110,$52,$0,$3,$3,$54,$0,$29,$0,$56,$110,$19,$8,$5,$13,$-4,$-1,$5,$-1,$0,$33,$-8,$0,$0,$-0,$0,$-0,$0,$-8,$0,$0,$0,$0,$0,$-20,$-2,$-22,$3,$6,$-20
16,2014-09-30,13.88,$1.90,7.29,$13.80,1.01,$3.08,4.5,$0.52,26.69,$0.07B,$0.05B,1.49,$0.00B,$0.06B,0.0,$0.39B,$0.20B,50.00%,$0.39B,$0.02B,5.33%,$0.39B,$0.02B,5.33%,$0.39B,$0.03B,7.36%,$0.39B,$0.02B,5.33%,$0.39B,$0.02B,3.81%,$0.02B,$0.06B,28.85%,$0.02B,$0.06B,28.85%,$0.02B,$0.10B,13.95%,$0.02B,$0.06B,40.38%,$91,$44,$47,$0,$37,$83,$7,$-0,$7,$2,$5,$5,$5,$9,$7,$28,29,$0.18,$0.17,$39,$17,$6,$70,$26,$0,$0,$1,$34,$104,$47,$0,$3,$3,$49,$0,$28,$0,$55,$104,$14,$6,$3,$9,$1,$9,$-1,$1,$10,$33,$-5,$0,$0,$0,$-0,$-0,$0,$-5,$0,$0,$0,$-0,$-0,$-15,$0,$-16,$12,$4,$-15
17,2014-06-30,15.29,$1.86,8.24,$13.66,1.12,$3.43,4.46,$0.36,42.46,$0.08B,$0.05B,1.4,$0.00B,$0.05B,0.0,$0.39B,$0.19B,48.45%,$0.39B,$0.02B,4.12%,$0.39B,$0.02B,4.12%,$0.39B,$0.02B,5.93%,$0.39B,$0.02B,3.87%,$0.39B,$0.01B,2.58%,$0.01B,$0.05B,19.32%,$0.01B,$0.05B,19.32%,$0.01B,$0.11B,9.28%,$0.02B,$0.05B,30.92%,$111,$54,$57,$0,$42,$98,$13,$-0,$13,$4,$9,$9,$9,$15,$13,$28,29,$0.30,$0.30,$39,$20,$4,$76,$26,$0,$0,$1,$34,$110,$54,$0,$3,$3,$57,$0,$28,$0,$53,$110,$9,$4,$2,$5,$-3,$6,$3,$3,$13,$27,$-3,$0,$0,$0,$0,$0,$0,$-3,$0,$0,$0,$0,$0,$-10,$-1,$-11,$13,$3,$-10
18,2014-03-31,13.32,$1.67,7.98,$13.26,1.0,$3.53,3.77,$0.28,47.57,$0.08B,$0.06B,1.28,$0.00B,$0.05B,0.0,$0.37B,$0.18B,48.40%,$0.37B,$0.01B,3.48%,$0.37B,$0.01B,3.48%,$0.37B,$0.02B,5.35%,$0.37B,$0.01B,3.21%,$0.37B,$0.01B,1.87%,$0.01B,$0.05B,13.21%,$0.01B,$0.05B,13.21%,$0.01B,$0.11B,6.56%,$0.01B,$0.05B,24.53%,$122,$62,$60,$0,$58,$122,$0,$-0,$0,$0,$0,$0,$0,$2,$0,$28,28,$0.01,$0.01,$29,$24,$6,$81,$26,$0,$0,$1,$33,$114,$63,$0,$3,$3,$66,$0,$25,$0,$48,$114,$0,$2,$1,$2,$-10,$2,$14,$4,$7,$10,$-1,$0,$0,$0,$-0,$-0,$0,$-1,$0,$0,$0,$-0,$-0,$-5,$0,$-5,$3,$1,$-5
19,2013-12-31,14.35,$1.82,7.9,$12.77,1.12,$3.98,3.6,$0.25,57.41,$0.07B,$0.05B,1.46,$0.00B,$0.05B,0.0,$0.36B,$0.17B,48.74%,$0.36B,$0.01B,3.36%,$0.36B,$0.01B,3.36%,$0.36B,$0.02B,5.32%,$0.36B,$0.01B,3.08%,$0.36B,$0.01B,1.68%,$0.01B,$0.05B,10.96%,$0.01B,$0.05B,10.96%,$0.01B,$0.10B,5.63%,$0.01B,$0.05B,21.92%,$70,$37,$33,$0,$31,$69,$1,$0,$1,$-1,$1,$1,$1,$3,$1,$28,28,$0.05,$0.04,$26,$26,$6,$69,$26,$0,$0,$1,$33,$102,$48,$0,$3,$3,$50,$0,$30,$0,$52,$102,$7,$9,$4,$13,$1,$-2,$6,$2,$15,$35,$-8,$0,$0,$0,$-13,$-13,$0,$-21,$0,$0,$0,$0,$0,$-20,$-1,$-21,$-6,$6,$-20
20,2013-09-30,12.45,$1.89,6.6,$12.57,0.99,$3.48,3.58,$0.03,414.83,$0.07B,$0.05B,1.53,$0.00B,$0.05B,0.0,$0.35B,$0.17B,48.86%,$0.35B,$0.01B,1.43%,$0.35B,$0.01B,1.43%,$0.35B,$0.01B,3.43%,$0.35B,$0.00B,0.57%,$0.35B,0,0.00%,$0.00B,$0.05B,0.00%,$0.00B,$0.05B,0.00%,$0.00B,$0.11B,0.00%,$0.01B,$0.05B,8.81%,$85,$48,$38,$0,$34,$84,$2,$-0,$1,$1,$0,$0,$0,$3,$2,$28,28,$0.01,$0.01,$41,$16,$4,$73,$27,$0,$0,$5,$32,$105,$48,$0,$3,$3,$51,$0,$33,$0,$54,$105,$6,$7,$4,$10,$-1,$8,$1,$5,$27,$44,$-6,$0,$0,$0,$-20,$-20,$0,$-26,$0,$0,$0,$-1,$-1,$-15,$0,$-15,$2,$4,$-15
21,2013-06-30,10.05,$2.01,4.99,$12.47,0.81,$3.13,3.21,$0.11,91.39,$0.07B,$0.05B,1.64,$0.00B,$0.06B,0.0,$0.35B,$0.17B,49.13%,$0.35B,$0.01B,1.45%,$0.35B,$0.01B,1.45%,$0.35B,$0.01B,3.76%,$0.35B,$0.00B,0.87%,$0.35B,$0.00B,0.58%,$0.00B,$0.06B,3.31%,$0.00B,$0.06B,3.31%,$0.00B,$0.11B,1.77%,$0.01B,$0.06B,7.35%,$97,$48,$50,$0,$38,$88,$10,$-0,$10,$3,$6,$6,$6,$12,$10,$28,28,$0.22,$0.22,$35,$23,$5,$73,$27,$0,$0,$6,$32,$106,$45,$0,$3,$3,$48,$0,$38,$-0,$58,$106,$6,$5,$2,$7,$1,$1,$7,$2,$17,$30,$-4,$0,$0,$0,$-15,$-15,$0,$-19,$0,$0,$0,$0,$0,$-10,$-0,$-10,$1,$3,$-10
22,2013-03-31,7.09,$1.94,3.66,$13.50,0.53,$3.05,2.32,$0.03,236.45,$0.08B,$0.06B,1.48,$0.00B,$0.06B,0.0,$0.37B,$0.18B,47.59%,$0.37B,$0.00B,0.53%,$0.37B,$0.00B,0.53%,$0.37B,$0.01B,2.94%,$0.37B,$0.00B,0.00%,$0.37B,0,0.00%,$0.00B,$0.06B,0.00%,$0.00B,$0.06B,0.00%,$0.00B,$0.11B,0.00%,$0.00B,$0.06B,2.54%,$105,$52,$53,$0,$52,$106,$-1,$-0,$-1,$-0,$-1,$-1,$-1,$1,$-1,$28,28,$-0.02,$-0.02,$35,$23,$4,$81,$27,$0,$0,$5,$32,$113,$55,$0,$3,$3,$58,$0,$37,$0,$55,$113,$-1,$3,$1,$4,$-4,$1,$14,$5,$20,$22,$-2,$0,$0,$0,$-11,$-11,$0,$-13,$0,$0,$0,$-0,$-0,$-5,$0,$-5,$5,$2,$-5
23,2012-12-31,6.69,$2.10,3.18,$14.41,0.46,$2.80,2.39,$-0.11,0.0,$0.07B,$0.04B,1.9,$0.00B,$0.06B,0.0,$0.40B,$0.18B,45.98%,$0.40B,$-0.00B,-1.01%,$0.40B,$-0.00B,-1.01%,$0.40B,$0.01B,1.51%,$0.40B,$-0.01B,-1.51%,$0.40B,$-0.00B,-0.75%,$-0.00B,$0.06B,-4.49%,$-0.00B,$0.06B,-4.49%,$-0.00B,$0.10B,-2.21%,$-0.00B,$0.06B,-4.48%,$63,$32,$30,$0,$34,$69,$-6,$-1,$-8,$-3,$-5,$-5,$-5,$-4,$-6,$27,27,$-0.17,$-0.17,$19,$24,$7,$66,$28,$0,$0,$4,$32,$98,$35,$0,$4,$4,$38,$0,$42,$-0,$60,$98,$-3,$11,$11,$22,$3,$8,$-9,$3,$4,$23,$-10,$0,$0,$0,$7,$7,$0,$-3,$-30,$0,$-30,$0,$0,$-20,$-2,$-51,$-31,$10,$-20
24,2012-09-30,8.42,$2.43,3.46,$14.58,0.58,$3.77,2.24,$0.03,280.67,$0.10B,$0.03B,3.11,$0.03B,$0.07B,0.43,$0.40B,$0.18B,45.77%,$0.40B,$-0.00B,0.00%,$0.40B,$-0.00B,0.00%,$0.40B,$0.01B,2.49%,$0.40B,$-0.00B,0.00%,$0.40B,$0.00B,0.25%,$0.00B,$0.07B,1.42%,$0.00B,$0.07B,1.42%,$0.00B,$0.14B,0.67%,$-0.00B,$0.10B,0.00%,$81,$44,$37,$0,$33,$79,$2,$-0,$2,$-1,$3,$3,$2,$4,$2,$28,28,$0.09,$0.09,$69,$17,$7,$101,$30,$0,$0,$5,$35,$136,$33,$30,$4,$34,$67,$0,$52,$-0,$69,$136,$2,$8,$4,$12,$6,$15,$-11,$5,$21,$35,$-8,$0,$0,$0,$-10,$-10,$0,$-18,$0,$0,$0,$-1,$-1,$-15,$0,$-16,$1,$8,$-15
25,2012-06-30,9.09,$2.48,3.66,$14.79,0.61,$4.55,2.0,$0.15,60.58,$0.12B,$0.05B,2.5,$0.03B,$0.07B,0.42,$0.41B,$0.19B,46.93%,$0.41B,$0.01B,1.97%,$0.41B,$0.01B,1.97%,$0.41B,$0.02B,4.67%,$0.41B,$0.01B,1.97%,$0.41B,$0.01B,1.23%,$0.01B,$0.07B,6.85%,$0.01B,$0.07B,6.85%,$0.01B,$0.15B,3.32%,$0.01B,$0.10B,7.77%,$125,$66,$58,$0,$49,$118,$7,$-0,$7,$2,$4,$4,$4,$10,$7,$27,28,$0.14,$0.14,$71,$23,$9,$116,$31,$0,$0,$5,$36,$152,$46,$30,$5,$35,$81,$0,$55,$-0,$71,$152,$-0,$6,$3,$9,$2,$8,$1,$3,$20,$29,$-5,$0,$0,$0,$-9,$-9,$0,$-14,$0,$0,$0,$0,$0,$-10,$-1,$-11,$4,$7,$-10
26,2012-03-31,8.69,$2.36,3.67,$14.54,0.6,$4.98,1.75,$0.39,22.27,$0.12B,$0.06B,2.2,$0.03B,$0.07B,0.45,$0.40B,$0.19B,48.24%,$0.40B,$0.02B,4.52%,$0.40B,$0.02B,4.52%,$0.40B,$0.03B,7.29%,$0.40B,$0.02B,4.52%,$0.40B,$0.01B,2.76%,$0.01B,$0.07B,14.77%,$0.01B,$0.07B,14.77%,$0.01B,$0.16B,7.35%,$0.02B,$0.10B,17.22%,$129,$71,$58,$0,$62,$135,$-7,$-0,$-7,$-3,$-4,$-4,$-4,$-4,$-7,$27,27,$-0.16,$-0.16,$66,$26,$9,$122,$30,$0,$0,$5,$35,$157,$56,$30,$5,$35,$90,$0,$56,$-0,$67,$157,$-4,$3,$1,$4,$-3,$6,$10,$2,$16,$15,$-1,$0,$0,$0,$-0,$-0,$0,$-1,$0,$0,$0,$-0,$-0,$-5,$0,$-5,$9,$2,$-5
27,2011-12-31,9.85,$2.66,3.7,$14.79,0.67,$4.92,2.0,$0.43,22.9,$0.12B,$0.04B,2.88,$0.03B,$0.08B,0.4,$0.40B,$0.20B,50.50%,$0.40B,$0.02B,4.98%,$0.40B,$0.02B,4.98%,$0.40B,$0.03B,7.71%,$0.40B,$0.02B,4.98%,$0.40B,$0.01B,2.99%,$0.01B,$0.08B,15.95%,$0.01B,$0.08B,15.95%,$0.01B,$0.15B,8.05%,$0.02B,$0.11B,19.00%,$67,$36,$31,$0,$31,$69,$-2,$-0,$-2,$-1,$-1,$-1,$-1,$0,$-2,$27,27,$-0.05,$-0.04,$58,$32,$12,$117,$30,$0,$0,$4,$33,$150,$41,$30,$5,$35,$75,$0,$65,$-0,$75,$150,$12,$12,$9,$21,$-2,$-3,$7,$14,$14,$47,$-8,$0,$0,$0,$11,$11,$0,$3,$0,$0,$0,$0,$0,$-19,$-4,$-23,$27,$10,$-19
28,2011-09-30,9.08,$2.82,3.22,$15.40,0.59,$5.12,1.77,$0.72,12.61,$0.11B,$0.03B,3.88,$0.03B,$0.08B,0.38,$0.42B,$0.22B,52.48%,$0.42B,$0.03B,7.80%,$0.42B,$0.03B,7.80%,$0.42B,$0.05B,10.64%,$0.42B,$0.03B,7.80%,$0.42B,$0.02B,4.96%,$0.02B,$0.08B,27.91%,$0.02B,$0.08B,27.91%,$0.02B,$0.14B,14.09%,$0.03B,$0.11B,31.35%,$86,$41,$44,$0,$32,$76,$10,$-0,$10,$4,$6,$6,$6,$13,$10,$27,27,$0.22,$0.21,$72,$25,$6,$111,$31,$0,$0,$2,$32,$144,$29,$30,$6,$36,$65,$0,$71,$-0,$79,$144,$13,$9,$7,$16,$3,$4,$-6,$18,$25,$54,$-7,$0,$0,$0,$21,$21,$0,$14,$0,$0,$0,$-3,$-3,$-14,$0,$-17,$52,$8,$-14
29,2011-06-30,10.4,$2.77,3.75,$16.67,0.62,$5.82,1.79,$0.83,12.53,$0.12B,$0.04B,3.22,$0.03B,$0.08B,0.39,$0.46B,$0.25B,53.93%,$0.46B,$0.04B,8.08%,$0.46B,$0.04B,8.08%,$0.46B,$0.05B,10.70%,$0.46B,$0.04B,8.08%,$0.46B,$0.02B,5.24%,$0.02B,$0.08B,32.76%,$0.02B,$0.08B,32.76%,$0.02B,$0.15B,16.38%,$0.04B,$0.11B,36.72%,$116,$58,$59,$0,$38,$99,$17,$-0,$17,$6,$11,$11,$10,$20,$17,$27,27,$0.39,$0.38,$66,$29,$8,$115,$31,$0,$0,$2,$33,$148,$36,$30,$5,$35,$71,$0,$70,$-0,$77,$148,$7,$6,$5,$12,$-0,$-1,$-0,$16,$19,$38,$-3,$0,$0,$0,$21,$21,$0,$18,$0,$0,$0,$0,$0,$-10,$-1,$-11,$45,$5,$-10
30,2011-03-31,10.59,$2.48,4.26,$17.12,0.62,$6.55,1.62,$0.85,12.46,$0.12B,$0.05B,2.44,$0.03B,$0.07B,0.43,$0.48B,$0.27B,55.37%,$0.48B,$0.04B,8.26%,$0.48B,$0.04B,8.26%,$0.48B,$0.05B,10.74%,$0.48B,$0.04B,8.26%,$0.48B,$0.03B,5.58%,$0.03B,$0.07B,32.34%,$0.03B,$0.07B,32.34%,$0.03B,$0.15B,17.56%,$0.04B,$0.10B,38.65%,$133,$64,$69,$0,$71,$138,$-5,$-0,$-5,$-2,$-3,$-3,$-3,$-2,$-5,$27,27,$-0.12,$-0.12,$48,$24,$24,$119,$33,$0,$0,$2,$35,$154,$49,$30,$5,$35,$84,$0,$64,$-0,$70,$154,$-3,$3,$4,$7,$-3,$4,$7,$3,$10,$13,$-1,$0,$0,$0,$21,$21,$0,$20,$0,$0,$0,$-0,$-0,$-5,$0,$-5,$28,$3,$-5
31,2010-12-31,15.18,$2.67,5.69,$17.46,0.87,$7.23,2.1,$1.12,13.56,$0.11B,$0.04B,2.87,$0.03B,$0.08B,0.4,$0.51B,$0.29B,56.08%,$0.51B,$0.05B,10.39%,$0.51B,$0.05B,10.39%,$0.51B,$0.07B,12.75%,$0.51B,$0.05B,10.39%,$0.51B,$0.04B,6.86%,$0.04B,$0.08B,35.62%,$0.04B,$0.08B,35.62%,$0.04B,$0.15B,21.64%,$0.05B,$0.11B,47.86%,$88,$38,$50,$0,$36,$76,$11,$-0,$11,$4,$7,$7,$8,$14,$11,$28,29,$0.25,$0.25,$41,$29,$27,$114,$34,$0,$0,$2,$36,$150,$40,$30,$5,$35,$75,$0,$72,$-0,$75,$150,$34,$12,$15,$27,$4,$23,$-7,$-16,$6,$67,$-20,$0,$0,$0,$9,$9,$0,$-10,$30,$0,$30,$-75,$-75,$-21,$-3,$-69,$-12,$11,$-21
32,2010-09-30,13.77,$2.39,5.76,$17.94,0.77,$7.25,1.9,$0.96,14.35,$0.10B,$0.04B,2.5,$0.02B,$0.07B,0.28,$0.53B,$0.29B,55.60%,$0.53B,$0.05B,9.68%,$0.53B,$0.05B,9.68%,$0.53B,$0.06B,11.95%,$0.53B,$0.05B,9.68%,$0.53B,$0.03B,5.69%,$0.03B,$0.07B,26.85%,$0.03B,$0.07B,26.85%,$0.03B,$0.13B,17.96%,$0.05B,$0.09B,43.68%,$121,$53,$69,$0,$51,$107,$14,$-0,$14,$5,$9,$9,$9,$17,$14,$27,28,$0.32,$0.32,$57,$17,$7,$95,$34,$0,$0,$5,$39,$134,$38,$20,$5,$25,$63,$0,$71,$-0,$71,$134,$27,$9,$9,$18,$4,$35,$-6,$1,$40,$84,$-17,$0,$0,$0,$10,$10,$0,$-7,$20,$0,$20,$-75,$-75,$-16,$-2,$-73,$4,$8,$-16
33,2010-06-30,16.27,$3.88,4.19,$17.77,0.92,$7.42,2.19,$0.91,17.88,$0.14B,$0.05B,2.57,$0.00B,$0.12B,0.0,$0.53B,$0.29B,55.08%,$0.53B,$0.05B,9.59%,$0.53B,$0.05B,9.59%,$0.53B,$0.06B,11.84%,$0.53B,$0.05B,9.59%,$0.53B,$0.03B,5.45%,$0.03B,$0.12B,22.92%,$0.03B,$0.12B,23.15%,$0.03B,$0.18B,16.38%,$0.05B,$0.12B,40.32%,$142,$62,$80,$0,$57,$122,$20,$0,$20,$7,$13,$13,$13,$23,$20,$30,30,$0.40,$0.40,$89,$24,$7,$136,$34,$0,$0,$6,$40,$177,$53,$0,$5,$5,$58,$0,$118,$-0,$118,$177,$17,$6,$5,$11,$0,$28,$8,$2,$43,$72,$-11,$0,$0,$0,$-0,$-0,$-0,$-12,$0,$0,$0,$-21,$-21,$-11,$-2,$-34,$26,$5,$-11
34,2010-03-31,12.54,$4.11,3.05,$17.48,0.72,$7.03,1.78,$0.79,15.88,$0.15B,$0.05B,2.99,$0.00B,$0.13B,0.0,$0.52B,$0.28B,54.51%,$0.52B,$0.04B,8.25%,$0.52B,$0.04B,8.25%,$0.52B,$0.06B,10.56%,$0.52B,$0.04B,7.68%,$0.52B,$0.03B,4.80%,$0.03B,$0.13B,19.49%,$0.03B,$0.13B,19.88%,$0.03B,$0.19B,14.37%,$0.04B,$0.13B,33.53%,$159,$72,$87,$0,$76,$151,$8,$0,$8,$3,$5,$5,$5,$11,$8,$30,30,$0.16,$0.15,$90,$41,$6,$154,$25,$0,$0,$6,$32,$186,$52,$0,$5,$5,$57,$0,$122,$-0,$129,$186,$5,$3,$2,$5,$-1,$11,$7,$4,$28,$37,$-3,$0,$0,$0,$-0,$-0,$-0,$-3,$0,$0,$0,$-1,$-1,$-5,$0,$-7,$27,$2,$-5
35,2009-12-31,21.7,$4.17,5.21,$17.67,1.23,$7.37,2.94,$0.93,23.34,$0.14B,$0.04B,3.57,$0.00B,$0.13B,0.0,$0.52B,$0.28B,54.01%,$0.52B,$0.05B,9.54%,$0.52B,$0.05B,9.54%,$0.52B,$0.06B,11.83%,$0.52B,$0.05B,8.97%,$0.52B,$0.03B,5.53%,$0.03B,$0.13B,23.06%,$0.03B,$0.13B,23.77%,$0.03B,$0.17B,16.96%,$0.05B,$0.13B,39.76%,$105,$48,$57,$0,$45,$97,$9,$0,$9,$3,$6,$6,$3,$12,$9,$29,30,$0.08,$0.08,$63,$52,$11,$144,$21,$0,$0,$6,$27,$171,$40,$0,$2,$2,$42,$0,$123,$-0,$129,$171,$29,$11,$16,$27,$4,$-1,$1,$-4,$2,$57,$-8,$0,$0,$0,$-30,$-30,$-0,$-39,$0,$0,$0,$-1,$-1,$-21,$-2,$-25,$-6,$9,$-21
36,2009-09-30,10.54,$4.19,2.51,$17.76,0.59,$8.34,1.26,$0.73,14.44,$0.14B,$0.04B,3.36,$0.00B,$0.13B,0.0,$0.53B,$0.29B,53.95%,$0.53B,$0.05B,9.40%,$0.53B,$0.05B,9.40%,$0.53B,$0.06B,11.47%,$0.53B,$0.04B,7.52%,$0.53B,$0.02B,4.32%,$0.02B,$0.13B,18.78%,$0.02B,$0.13B,19.57%,$0.02B,$0.17B,13.69%,$0.05B,$0.13B,40.82%,$126,$57,$69,$0,$53,$113,$14,$0,$14,$5,$9,$9,$8,$17,$14,$30,30,$0.27,$0.27,$98,$20,$6,$144,$23,$0,$5,$2,$30,$174,$43,$0,$2,$2,$45,$0,$125,$-0,$130,$174,$26,$8,$12,$20,$6,$31,$4,$-2,$39,$85,$-6,$0,$0,$0,$-30,$-30,$-0,$-37,$0,$0,$0,$-2,$-2,$-16,$-1,$-19,$29,$7,$-16
37,2009-06-30,9.89,$4.05,2.44,$18.90,0.52,$8.63,1.15,$0.91,10.87,$0.13B,$0.04B,3.44,$0.00B,$0.13B,0.0,$0.57B,$0.30B,53.43%,$0.57B,$0.06B,10.19%,$0.57B,$0.06B,10.19%,$0.57B,$0.07B,12.13%,$0.57B,$0.05B,8.44%,$0.57B,$0.03B,5.10%,$0.03B,$0.13B,23.77%,$0.03B,$0.12B,24.79%,$0.03B,$0.17B,17.26%,$0.06B,$0.13B,47.54%,$131,$60,$71,$0,$56,$119,$12,$-4,$9,$-1,$9,$9,$9,$15,$12,$29,30,$0.29,$0.28,$74,$30,$8,$133,$24,$0,$5,$3,$33,$165,$39,$0,$1,$1,$40,$0,$122,$-0,$125,$165,$18,$5,$8,$13,$9,$21,$-2,$-7,$23,$53,$-5,$0,$0,$0,$-10,$-10,$-0,$-15,$0,$0,$0,$-2,$-2,$-11,$-0,$-13,$25,$4,$-11
38,2009-03-31,9.62,$3.88,2.48,$20.74,0.46,$9.18,1.05,$1.34,7.18,$0.14B,$0.05B,2.52,$0.00B,$0.12B,0.0,$0.63B,$0.33B,52.85%,$0.63B,$0.08B,12.97%,$0.63B,$0.08B,12.97%,$0.63B,$0.09B,14.56%,$0.63B,$0.07B,11.71%,$0.63B,$0.04B,6.65%,$0.04B,$0.12B,33.80%,$0.04B,$0.11B,34.85%,$0.04B,$0.17B,24.49%,$0.08B,$0.12B,66.00%,$162,$75,$86,$0,$68,$146,$15,$-0,$15,$6,$9,$9,$9,$18,$15,$29,30,$0.29,$0.29,$74,$35,$8,$135,$24,$4,$5,$5,$38,$174,$54,$0,$1,$1,$55,$0,$119,$-0,$119,$174,$9,$2,$2,$4,$1,$16,$10,$-1,$32,$46,$-2,$0,$0,$0,$0,$0,$-0,$-2,$0,$0,$0,$-2,$-2,$-5,$-1,$-8,$35,$2,$-5
39,2008-12-31,9.7,$3.76,2.58,$21.71,0.45,$8.93,1.09,$1.47,6.6,$0.12B,$0.04B,2.85,$0.00B,$0.12B,0.0,$0.69B,$0.36B,52.62%,$0.69B,$0.09B,13.12%,$0.69B,$0.09B,13.12%,$0.69B,$0.10B,14.43%,$0.69B,$0.08B,11.81%,$0.69B,$0.05B,6.85%,$0.05B,$0.12B,38.21%,$0.05B,$0.11B,39.00%,$0.05B,$0.16B,26.82%,$0.09B,$0.12B,73.17%,$113,$52,$61,$0,$49,$104,$9,$-7,$2,$5,$-3,$-3,$-3,$11,$9,$31,31,$-0.09,$-0.08,$38,$51,$9,$121,$24,$4,$5,$5,$39,$159,$42,$0,$1,$1,$44,$0,$116,$0,$116,$159,$46,$8,$19,$27,$2,$31,$-14,$8,$19,$92,$-10,$0,$0,$0,$2,$2,$-6,$-14,$0,$0,$0,$-64,$-64,$-16,$0,$-80,$-3,$8,$-16
40,2008-09-30,11.64,$4.15,2.81,$21.99,0.53,$8.84,1.32,$1.89,6.16,$0.13B,$0.04B,2.94,$0.00B,$0.13B,0.0,$0.71B,$0.38B,53.94%,$0.71B,$0.10B,13.66%,$0.71B,$0.10B,13.66%,$0.71B,$0.11B,14.93%,$0.71B,$0.10B,13.38%,$0.71B,$0.06B,8.45%,$0.06B,$0.13B,46.33%,$0.06B,$0.12B,46.78%,$0.06B,$0.17B,32.39%,$0.10B,$0.13B,74.90%,$163,$76,$86,$0,$62,$141,$22,$-0,$22,$8,$14,$14,$14,$25,$22,$30,30,$0.44,$0.43,$58,$39,$8,$130,$24,$11,$6,$3,$44,$174,$44,$0,$1,$1,$46,$0,$128,$-0,$128,$174,$50,$6,$8,$14,$3,$43,$-16,$7,$33,$97,$-9,$0,$-4,$0,$2,$2,$0,$-11,$0,$0,$0,$-59,$-59,$-11,$1,$-69,$17,$6,$-11
41,2008-06-30,9.2,$4.27,2.15,$21.99,0.42,$9.46,0.97,$2.08,4.42,$0.14B,$0.04B,3.25,$0.00B,$0.13B,0.0,$0.74B,$0.40B,54.01%,$0.74B,$0.11B,14.97%,$0.74B,$0.11B,14.97%,$0.74B,$0.12B,15.92%,$0.74B,$0.11B,14.83%,$0.74B,$0.07B,9.25%,$0.07B,$0.13B,50.09%,$0.07B,$0.13B,50.09%,$0.07B,$0.18B,35.32%,$0.11B,$0.13B,81.03%,$194,$93,$101,$0,$63,$158,$36,$-1,$35,$13,$22,$22,$22,$38,$36,$31,31,$0.70,$0.69,$62,$45,$9,$141,$23,$11,$0,$3,$38,$179,$43,$0,$1,$1,$44,$0,$131,$-0,$134,$179,$36,$4,$5,$9,$-0,$37,$-14,$1,$28,$72,$-5,$0,$0,$0,$2,$2,$0,$-4,$0,$0,$0,$-45,$-45,$-5,$3,$-47,$21,$4,$-5
42,2008-03-31,9.72,$3.71,2.62,$21.81,0.45,$9.87,0.98,$2.33,4.17,$0.15B,$0.07B,2.04,$0.00B,$0.11B,0.0,$0.75B,$0.41B,54.77%,$0.75B,$0.13B,16.84%,$0.75B,$0.13B,16.84%,$0.75B,$0.13B,17.64%,$0.75B,$0.13B,16.98%,$0.75B,$0.08B,10.61%,$0.08B,$0.11B,59.48%,$0.08B,$0.11B,59.48%,$0.08B,$0.19B,41.78%,$0.13B,$0.11B,94.42%,$216,$103,$113,$0,$88,$193,$23,$-1,$22,$8,$14,$14,$14,$25,$23,$33,34,$0.42,$0.41,$43,$70,$10,$151,$22,$12,$0,$4,$39,$189,$74,$0,$1,$1,$75,$0,$114,$0,$114,$189,$14,$2,$2,$4,$-3,$12,$7,$2,$25,$43,$-2,$0,$0,$0,$2,$2,$0,$-1,$0,$0,$0,$-41,$-41,$0,$1,$-40,$3,$2,$0
43,2007-12-31,17.4,$4.17,4.18,$21.93,0.79,$10.39,1.68,$2.95,5.9,$0.16B,$0.06B,2.84,$0.00B,$0.14B,0.0,$0.78B,$0.43B,55.03%,$0.78B,$0.16B,21.13%,$0.78B,$0.16B,21.13%,$0.78B,$0.17B,21.78%,$0.78B,$0.17B,21.52%,$0.78B,$0.10B,13.40%,$0.10B,$0.14B,78.05%,$0.10B,$0.14B,78.05%,$0.10B,$0.20B,55.25%,$0.16B,$0.14B,123.08%,$137,$54,$83,$0,$65,$121,$16,$-0,$16,$5,$11,$11,$10,$18,$16,$34,35,$0.33,$0.32,$42,$82,$12,$159,$22,$13,$0,$4,$39,$199,$56,$0,$0,$1,$57,$0,$141,$0,$142,$199,$104,$6,$5,$11,$-2,$-10,$1,$-3,$-7,$108,$-19,$0,$0,$0,$50,$50,$2,$33,$0,$0,$0,$-120,$-120,$0,$6,$-114,$27,$4,$0
44,2007-09-30,30.24,$4.43,6.82,$21.56,1.4,$9.46,3.2,$3.17,9.54,$0.18B,$0.05B,3.73,$0.00B,$0.15B,0.0,$0.77B,$0.42B,54.03%,$0.77B,$0.18B,23.12%,$0.77B,$0.18B,23.12%,$0.77B,$0.18B,23.64%,$0.77B,$0.18B,23.64%,$0.77B,$0.11B,14.81%,$0.11B,$0.15B,85.07%,$0.11B,$0.15B,85.07%,$0.11B,$0.20B,60.64%,$0.18B,$0.15B,132.84%,$188,$88,$100,$0,$64,$154,$35,$1,$36,$13,$22,$22,$22,$36,$35,$34,35,$0.65,$0.64,$118,$39,$9,$182,$17,$0,$0,$4,$21,$203,$49,$0,$1,$1,$50,$0,$151,$0,$153,$203,$94,$4,$2,$6,$3,$33,$-13,$-1,$36,$136,$-12,$0,$0,$0,$-10,$-10,$-0,$-22,$0,$0,$0,$-96,$-96,$0,$7,$-89,$25,$3,$0
45,2007-06-30,45.05,$3.76,11.98,$20.36,2.21,$8.31,5.42,$3.16,14.26,$0.16B,$0.05B,3.48,$0.00B,$0.13B,0.0,$0.74B,$0.40B,54.00%,$0.74B,$0.18B,24.42%,$0.74B,$0.18B,24.42%,$0.74B,$0.18B,24.83%,$0.74B,$0.18B,24.97%,$0.74B,$0.12B,15.60%,$0.12B,$0.13B,92.37%,$0.12B,$0.13B,92.74%,$0.12B,$0.18B,65.16%,$0.18B,$0.13B,144.58%,$213,$96,$117,$0,$63,$161,$53,$1,$54,$20,$34,$34,$34,$54,$53,$34,35,$0.98,$0.96,$83,$48,$7,$158,$14,$0,$0,$3,$17,$175,$45,$0,$1,$1,$46,$0,$129,$0,$129,$175,$71,$3,$1,$4,$0,$25,$-15,$1,$23,$98,$-7,$0,$0,$0,$-10,$-10,$0,$-17,$0,$0,$0,$-97,$-97,$0,$7,$-90,$-9,$2,$0
46,2007-03-31,33.8,$3.17,10.67,$17.82,1.9,$6.86,4.92,$2.73,12.38,$0.16B,$0.07B,2.44,$0.00B,$0.11B,0.0,$0.66B,$0.35B,53.27%,$0.66B,$0.16B,24.05%,$0.66B,$0.16B,24.05%,$0.66B,$0.16B,24.51%,$0.66B,$0.16B,24.66%,$0.66B,$0.10B,15.37%,$0.10B,$0.11B,80.48%,$0.10B,$0.11B,81.12%,$0.10B,$0.18B,58.30%,$0.16B,$0.11B,125.90%,$238,$112,$127,$0,$66,$178,$60,$1,$61,$23,$38,$38,$38,$61,$60,$35,36,$1.07,$1.04,$69,$57,$8,$161,$12,$0,$0,$3,$15,$176,$66,$0,$1,$1,$67,$0,$109,$0,$109,$176,$38,$1,$-0,$0,$-6,$15,$-10,$0,$28,$66,$-3,$0,$0,$0,$14,$14,$0,$11,$0,$0,$0,$-76,$-76,$0,$1,$-76,$1,$1,$0
47,2006-12-31,40.88,$4.05,10.11,$15.21,2.69,$5.85,6.98,$2.29,17.85,$0.19B,$0.05B,3.59,$0.00B,$0.15B,0.0,$0.57B,$0.30B,52.30%,$0.57B,$0.13B,23.50%,$0.57B,$0.13B,23.50%,$0.57B,$0.14B,24.03%,$0.57B,$0.14B,24.20%,$0.57B,$0.09B,15.02%,$0.09B,$0.15B,68.55%,$0.09B,$0.15B,69.39%,$0.09B,$0.20B,51.20%,$0.13B,$0.15B,107.26%,$131,$60,$72,$0,$41,$101,$30,$1,$31,$11,$20,$20,$20,$31,$30,$36,37,$0.55,$0.53,$80,$72,$11,$186,$9,$0,$0,$1,$12,$198,$52,$0,$1,$1,$53,$0,$85,$0,$145,$198,$85,$2,$9,$11,$-10,$-38,$20,$-8,$-31,$66,$-6,$0,$0,$0,$-24,$-24,$-2,$-32,$0,$0,$0,$-42,$-42,$0,$18,$-24,$10,$6,$0
