,Date,Stock Price,Book Value per Share,Price to Book Ratio,TTM Sales per Share,Price to Sales Ratio,TTM FCF per Share,Price to FCF Ratio,TTM Net EPS,PE Ratio,Current Assets,Current Liabilities,Current Ratio,Long Term Debt,Shareholder's Equity_x,Debt to Equity Ratio,TTM Revenue_x,TTM Gross Profit,Gross Margin,TTM Revenue_y,TTM Operating Income,Operating Margin,TTM Revenue_x,TTM EBIT,EBIT Margin,TTM Revenue_y,TTM EBITDA,EBITDA Margin,TTM Revenue_x,TTM Pre-Tax Income,Pre-Tax Margin,TTM Revenue_y,TTM Net Income_x,Net Margin,TTM Net Income_y,Shareholder's Equity_y,Return on Equity,TTM Net Income_x,Tangible Equity,Return on Tangible Equity,TTM Net Income_y,Total Assets,Return on Assets,TTM Net Income,LT Investments & Debt,Return on Investment,revenue,cost-goods-sold,gross-profit,research-development-expenses,selling-general-administrative-expenses,operating-expenses,operating-income,total-non-operating-income-expense,pre-tax-income,total-provision-income-taxes,income-after-taxes,income-from-continuous-operations,net-income,ebitda,ebit,basic-shares-outstanding,shares-outstanding,eps-basic-net-earnings-per-share,eps-earnings-per-share-diluted,cash-on-hand,inventory,other-current-assets,total-current-assets,net-property-plant-equipment,long-term-investments,goodwill-intangible-assets-total,other-long-term-assets,total-long-term-assets,total-assets,total-current-liabilities,long-term-debt,other-non-current-liabilities,total-long-term-liabilities,total-liabilities,common-stock-net,retained-earnings-accumulated-deficit,comprehensive-income,total-share-holder-equity,total-liabilities-share-holders-equity,net-income-loss,total-depreciation-amortization-cash-flow,other-non-cash-items,total-non-cash-items,change-in-accounts-receivable,change-in-inventories,change-in-accounts-payable,change-in-assets-liabilities,total-change-in-assets-liabilities,cash-flow-from-operating-activities,net-change-in-property-plant-equipment,net-change-in-intangible-assets,net-acquisitions-divestitures,net-change-in-short-term-investments,net-change-in-long-term-investments,net-change-in-investments-total,investing-activities-other,cash-flow-from-investing-activities,net-long-term-debt,net-current-debt,debt-issuance-retirement-net-total,net-common-equity-issued-repurchased,net-total-equity-issued-repurchased,total-common-preferred-stock-dividends-paid,financial-activities-other,cash-flow-from-financial-activities,net-cash-flow,stock-based-compensation,common-stock-dividends-paid
0,2018-06-30,1.59,$0.00,0.0,$9.76,0.16,$-1.43,0.0,$-0.64,0.0,$0.23B,$0.22B,1.02,$0.02B,$0.11B,0.18,$0.53B,$0.16B,31.00%,$0.53B,$-0.03B,-6.43%,$0.53B,$-0.03B,-6.24%,$0.53B,$-0.02B,-2.84%,$0.53B,$-0.03B,-5.67%,$0.53B,$-0.04B,-6.62%,$-0.04B,$0.11B,-28.28%,$-0.04B,$0.11B,-28.69%,$-0.04B,$0.40B,-9.19%,$-0.03B,$0.13B,-23.17%,$129,$87,$42,$0,$48,$138,$-9,$2,$-7,$2,$-9,$-9,$-9,$-4,$-8,$53,53,$-0.17,$-0.17,$43,$93,$0,$228,$126,$0,$0,$50,$176,$404,$224,$21,$36,$67,$291,$65,$34,$0,$113,$404,$-15,$7,$1,$9,$-11,$3,$-2,$-2,$-13,$-18,$-4,$0,$0,$0,$0,$0,$-0,$-4,$-0,$0,$-0,$0,$0,$0,$0,$-0,$-23,$0,$0
1,2018-03-31,1.64,$0.00,0.0,$9.59,0.17,$-1.23,0.0,$-0.55,0.0,$0.25B,$0.19B,1.32,$0.02B,$0.13B,0.2,$0.53B,$0.17B,31.51%,$0.53B,$-0.03B,-5.28%,$0.53B,$-0.03B,-5.28%,$0.53B,$-0.01B,-1.89%,$0.53B,$-0.03B,-5.09%,$0.53B,$-0.03B,-5.66%,$-0.03B,$0.13B,-22.99%,$-0.03B,$0.13B,-23.30%,$-0.03B,$0.39B,-8.07%,$-0.03B,$0.15B,-18.39%,$145,$100,$45,$0,$49,$151,$-6,$1,$-5,$0,$-6,$-6,$-6,$-1,$-5,$54,54,$-0.11,$-0.11,$55,$96,$1,$249,$131,$0,$0,$8,$139,$389,$189,$24,$40,$75,$264,$67,$43,$0,$125,$389,$-6,$4,$-1,$3,$-13,$2,$2,$-1,$-10,$-13,$-0,$0,$0,$0,$0,$0,$0,$-0,$0,$0,$0,$0,$0,$0,$0,$0,$-13,$0,$0
2,2017-12-31,1.6,$2.24,0.72,$9.24,0.17,$-1.30,0.0,$-0.65,0.0,$0.23B,$0.17B,1.37,$0.02B,$0.12B,0.19,$0.51B,$0.16B,30.65%,$0.51B,$-0.03B,-6.48%,$0.51B,$-0.03B,-6.48%,$0.51B,$-0.02B,-3.14%,$0.51B,$-0.03B,-6.48%,$0.51B,$-0.04B,-6.88%,$-0.04B,$0.12B,-25.78%,$-0.04B,$0.12B,-26.12%,$-0.04B,$0.36B,-9.52%,$-0.03B,$0.15B,-21.46%,$142,$99,$43,$0,$52,$151,$-8,$1,$-7,$-0,$-7,$-7,$-7,$-5,$-11,$55,55,$-0.12,$-0.12,$62,$91,$0,$229,$122,$0,$6,$2,$130,$359,$167,$24,$38,$70,$237,$62,$45,$0,$123,$359,$-36,$14,$-3,$11,$12,$-4,$12,$-1,$19,$-6,$-7,$0,$-6,$0,$0,$0,$-1,$-13,$9,$2,$10,$0,$0,$0,$0,$10,$-11,$0,$0
3,2017-09-30,2.05,$0.00,0.0,$6.64,0.31,$-1.08,0.0,$-0.51,0.0,$0.24B,$0.16B,1.48,$0.03B,$0.13B,0.19,$0.50B,$0.16B,31.67%,$0.50B,$-0.02B,-4.58%,$0.50B,$-0.02B,-4.58%,$0.50B,$-0.01B,-1.00%,$0.50B,$-0.02B,-4.58%,$0.50B,$-0.03B,-5.38%,$-0.03B,$0.13B,-18.34%,$-0.03B,$0.13B,-18.49%,$-0.03B,$0.37B,-7.22%,$-0.02B,$0.16B,-14.26%,$113,$79,$34,$0,$44,$123,$-11,$0,$-11,$2,$-13,$-13,$-13,$-5,$-9,$55,55,$-0.24,$-0.24,$56,$99,$1,$235,$128,$0,$0,$9,$137,$372,$159,$25,$44,$80,$238,$65,$56,$0,$134,$372,$-31,$12,$-4,$7,$12,$-5,$-15,$7,$-1,$-24,$-6,$0,$-2,$0,$0,$0,$-1,$-8,$8,$8,$16,$0,$0,$0,$0,$15,$-20,$0,$0
4,2017-06-30,2.65,$0.00,0.0,$4.58,0.58,$-0.53,0.0,$-0.28,0.0,$0.24B,$0.16B,1.52,$0.02B,$0.14B,0.12,$0.50B,$0.16B,32.60%,$0.50B,$-0.01B,-2.78%,$0.50B,$-0.02B,-2.98%,$0.50B,$0.00B,0.40%,$0.50B,$-0.02B,-3.38%,$0.50B,$-0.02B,-3.98%,$-0.02B,$0.14B,-12.94%,$-0.02B,$0.14B,-13.05%,$-0.02B,$0.37B,-5.35%,$-0.01B,$0.16B,-8.51%,$130,$84,$45,$0,$49,$132,$-3,$-1,$-4,$1,$-4,$-4,$-4,$1,$-3,$57,57,$-0.08,$-0.08,$61,$93,$1,$237,$122,$0,$0,$9,$131,$367,$156,$16,$44,$71,$227,$60,$67,$0,$140,$367,$-16,$7,$-4,$3,$7,$-5,$-3,$5,$5,$-8,$-4,$0,$-2,$0,$0,$0,$-1,$-6,$0,$6,$7,$0,$0,$0,$0,$7,$-10,$0,$0
5,2017-03-31,2.87,$0.00,0.0,$2.31,1.25,$-0.31,0.0,$-0.20,0.0,$0.24B,$0.16B,1.5,$0.01B,$0.15B,0.06,$0.50B,$0.16B,32.60%,$0.50B,$-0.01B,-2.21%,$0.50B,$-0.01B,-2.21%,$0.50B,$0.01B,1.21%,$0.50B,$-0.01B,-2.82%,$0.50B,$-0.02B,-3.42%,$-0.02B,$0.15B,-10.41%,$-0.02B,$0.15B,-10.49%,$-0.02B,$0.37B,-4.48%,$-0.01B,$0.16B,-6.34%,$124,$90,$34,$0,$44,$135,$-11,$0,$-11,$0,$-12,$-12,$-11,$-7,$-10,$54,54,$-0.21,$-0.21,$58,$91,$1,$243,$122,$0,$0,$7,$128,$372,$163,$9,$43,$63,$225,$59,$76,$0,$146,$372,$-12,$4,$-1,$2,$-4,$-8,$-1,$8,$-5,$-14,$-3,$0,$0,$0,$0,$0,$-0,$-3,$2,$4,$6,$0,$0,$0,$0,$6,$-11,$0,$0
6,2016-12-31,2.26,$3.08,0.73,0,0.0,0,0.0,$0.01,226.0,$0.25B,$0.17B,1.5,$0.01B,$0.17B,0.04,$0.51B,$0.17B,34.39%,$0.51B,0,0.00%,$0.51B,0,0.00%,$0.51B,$0.02B,3.56%,$0.51B,$-0.00B,-0.59%,$0.51B,$-0.01B,-1.19%,$-0.01B,$0.17B,-3.53%,$-0.01B,$0.16B,-3.56%,$-0.01B,$0.38B,-1.57%,$0.00B,$0.18B,0.00%,$135,$89,$46,$0,$46,$133,$2,$1,$3,$3,$0,$0,$1,$6,$-1,$0,0,$0.00,$0.00,$72,$87,$0,$249,$128,$0,$5,$2,$135,$384,$166,$7,$34,$49,$216,$61,$92,$0,$169,$384,$-7,$14,$-3,$11,$11,$4,$11,$-2,$25,$29,$-6,$0,$-5,$0,$0,$0,$-1,$-12,$-1,$-1,$-2,$0,$0,$0,$0,$-2,$14,$0,$0
7,2016-09-30,1.75,$0.00,0.0,0,0.0,0,0.0,0,0.0,$0.24B,$0.14B,1.66,$0.01B,$0.16B,0.05,$0.52B,$0.18B,34.37%,$0.52B,$-0.02B,-4.08%,$0.52B,$-0.02B,-3.50%,$0.52B,$-0.00B,-0.58%,$0.52B,$-0.00B,-0.78%,$0.52B,$-0.01B,-2.33%,$-0.01B,$0.16B,-6.98%,$-0.01B,$0.16B,-7.01%,$-0.01B,$0.37B,-3.13%,$-0.02B,$0.17B,-11.21%,$114,$75,$39,$0,$40,$116,$-2,$-3,$-5,$1,$-6,$-6,$-6,$2,$-1,$0,0,$0.00,$0.00,$63,$89,$1,$236,$128,$0,$0,$8,$136,$372,$142,$8,$45,$66,$208,$61,$89,$0,$163,$372,$-7,$11,$1,$11,$15,$2,$-6,$2,$13,$17,$-6,$0,$-2,$0,$0,$0,$-6,$-14,$0,$3,$3,$0,$0,$0,$0,$3,$5,$0,$0
8,2016-06-30,1.45,$0.00,0.0,0,0.0,0,0.0,0,0.0,$0.25B,$0.14B,1.75,$0.02B,$0.18B,0.1,$0.53B,$0.18B,34.59%,$0.53B,$-0.02B,-3.97%,$0.53B,$-0.02B,-3.59%,$0.53B,$-0.00B,-0.57%,$0.53B,$-0.00B,-0.76%,$0.53B,$-0.01B,-2.27%,$-0.01B,$0.18B,-6.84%,$-0.01B,$0.18B,-6.87%,$-0.01B,$0.39B,-3.10%,$-0.02B,$0.19B,-10.91%,$124,$81,$43,$0,$44,$124,$-0,$-0,$-1,$0,$-1,$-1,$-1,$5,$1,$0,0,$0.00,$0.00,$66,$96,$0,$252,$131,$0,$0,$7,$138,$390,$144,$17,$45,$71,$215,$62,$106,$0,$175,$390,$-1,$7,$-0,$7,$11,$-7,$-2,$-1,$1,$7,$-3,$0,$0,$0,$0,$0,$-5,$-7,$1,$7,$8,$0,$0,$0,$0,$8,$6,$0,$0
9,2016-03-31,1.46,$0.00,0.0,0,0.0,0,0.0,0,0.0,$0.25B,$0.14B,1.75,$0.02B,$0.17B,0.1,$0.54B,$0.18B,33.71%,$0.54B,$-0.00B,-0.56%,$0.54B,$-0.00B,-0.37%,$0.54B,$0.01B,2.61%,$0.54B,$-0.01B,-1.30%,$0.54B,$-0.01B,-1.30%,$-0.01B,$0.17B,-3.93%,$-0.01B,$0.17B,-3.95%,$-0.01B,$0.39B,-1.79%,$-0.00B,$0.19B,-1.56%,$133,$87,$46,$0,$44,$133,$0,$0,$0,$0,$-0,$-0,$-0,$5,$1,$0,0,$0.00,$0.00,$56,$92,$1,$252,$127,$0,$0,$8,$134,$386,$144,$18,$45,$71,$214,$61,$96,$0,$172,$386,$-0,$4,$-1,$3,$-5,$-4,$1,$-0,$-9,$-7,$-0,$0,$0,$0,$0,$0,$-2,$-3,$1,$7,$8,$0,$0,$0,$0,$8,$-2,$0,$0
10,2015-12-31,1.61,$0.00,0.0,$2.51,0.64,$-0.20,0.0,$-0.20,0.0,$0.25B,$0.14B,1.76,$0.02B,$0.18B,0.1,$0.54B,$0.18B,32.29%,$0.54B,$-0.01B,-1.66%,$0.54B,$-0.01B,-1.66%,$0.54B,$0.01B,1.29%,$0.54B,$-0.02B,-3.32%,$0.54B,$-0.02B,-3.32%,$-0.02B,$0.18B,-9.73%,$-0.02B,$0.18B,-9.77%,$-0.02B,$0.39B,-4.47%,$-0.01B,$0.20B,-4.59%,$144,$95,$49,$0,$73,$163,$-19,$20,$2,$-1,$2,$-5,$-5,$-15,$-19,$0,0,$0.00,$0.00,$58,$88,$2,$245,$401,$0,$4,$5,$409,$388,$139,$17,$45,$71,$210,$61,$110,$0,$178,$388,$-18,$15,$0,$15,$0,$0,$0,$0,$9,$9,$0,$0,$0,$0,$0,$0,$2,$2,$0,$-2,$11,$0,$0,$0,$0,$9,$22,$0,$0
11,2015-09-30,2.05,$0.00,0.0,$5.67,0.36,$-1.26,0.0,$-0.55,0.0,$0.24B,$0.14B,1.76,$0.02B,$0.18B,0.08,$0.57B,$0.17B,30.47%,$0.57B,$-0.00B,-0.53%,$0.57B,$-0.00B,-0.53%,$0.57B,$0.01B,2.28%,$0.57B,$-0.04B,-6.83%,$0.57B,$-0.03B,-5.60%,$-0.03B,$0.18B,-16.22%,$-0.03B,$0.18B,-16.22%,$-0.03B,$0.39B,-7.41%,$-0.00B,$0.19B,-1.46%,$128,$83,$45,$0,$43,$130,$-2,$-3,$-5,$1,$-6,$-6,$-6,$2,$-2,$0,0,$0.00,$0.00,$45,$99,$3,$241,$0,$0,$0,$9,$9,$386,$137,$15,$45,$72,$209,$61,$111,$0,$177,$386,$-20,$12,$0,$12,$0,$0,$0,$0,$17,$6,$2,$0,$0,$0,$0,$0,$-3,$-1,$0,$-4,$7,$0,$0,$0,$0,$2,$9,$0,$0
12,2015-06-30,2.14,$0.00,0.0,$8.39,0.26,$-2.16,0.0,$-0.78,0.0,$0.25B,$0.16B,1.63,$0.01B,$0.19B,0.03,$0.59B,$0.17B,28.76%,$0.59B,$-0.01B,-2.03%,$0.59B,$-0.01B,-2.03%,$0.59B,$0.01B,1.02%,$0.59B,$-0.05B,-7.78%,$0.59B,$-0.04B,-6.60%,$-0.04B,$0.19B,-18.20%,$-0.04B,$0.19B,-18.20%,$-0.04B,$0.40B,-8.38%,$-0.01B,$0.19B,-5.42%,$132,$91,$41,$0,$22,$114,$18,$-21,$-4,$0,$-4,$4,$4,$22,$18,$0,0,$0.00,$0.00,$26,$106,$2,$254,$0,$0,$0,$10,$10,$404,$156,$6,$45,$63,$219,$61,$120,$0,$185,$404,$-15,$8,$0,$8,$0,$0,$0,$0,$-6,$-14,$-876,$0,$0,$0,$0,$0,$872,$-4,$0,$8,$-2,$0,$0,$0,$0,$5,$-10,$0,$0
13,2015-03-31,1.7,$0.00,0.0,$11.22,0.15,$-2.46,0.0,$-1.15,0.0,$0.27B,$0.17B,1.64,$0.01B,$0.20B,0.03,$0.61B,$0.17B,27.52%,$0.61B,$-0.05B,-7.33%,$0.61B,$-0.05B,-7.33%,$0.61B,$-0.03B,-4.40%,$0.61B,$-0.06B,-10.10%,$0.61B,$-0.06B,-10.26%,$-0.06B,$0.20B,-27.27%,$-0.06B,$0.20B,-27.27%,$-0.06B,$0.43B,-12.60%,$-0.05B,$0.21B,-18.97%,$138,$98,$40,$0,$46,$144,$-6,$-5,$-11,$0,$-11,$-11,$-11,$-2,$-6,$55,55,$-0.20,$-0.20,$32,$104,$3,$274,$0,$0,$0,$11,$11,$433,$167,$6,$47,$66,$233,$62,$83,$0,$200,$433,$-11,$4,$0,$4,$0,$0,$0,$0,$-2,$-10,$-1,$0,$0,$0,$0,$0,$0,$-1,$0,$4,$-1,$0,$0,$0,$0,$3,$-5,$0,$0
14,2014-12-31,1.55,$0.00,0.0,$11.12,0.14,$-2.41,0.0,$-1.19,0.0,$0.32B,$0.20B,1.63,$0.01B,$0.23B,0.04,$0.61B,$0.17B,27.33%,$0.61B,$-0.05B,-8.51%,$0.61B,$-0.05B,-8.51%,$0.61B,$-0.03B,-5.40%,$0.61B,$-0.06B,-10.47%,$0.61B,$-0.07B,-10.64%,$-0.07B,$0.23B,-26.18%,$-0.07B,$0.23B,-26.18%,$-0.07B,$0.51B,-12.24%,$-0.05B,$0.24B,-20.47%,$173,$125,$48,$0,$60,$186,$-13,$-8,$-19,$1,$-19,$-19,$-19,$-9,$-13,$55,55,$-0.35,$-0.35,$44,$120,$3,$324,$0,$0,$0,$7,$7,$505,$199,$8,$56,$79,$278,$73,$86,$0,$227,$505,$-66,$19,$0,$19,$0,$0,$0,$0,$14,$-48,$-10,$0,$0,$0,$0,$0,$16,$6,$0,$-6,$0,$0,$0,$0,$2,$-3,$-37,$0,$0
15,2014-09-30,2.03,$0.00,0.0,$11.04,0.18,$-1.61,0.0,$-1.58,0.0,$0.33B,$0.18B,1.89,$0.01B,$0.25B,0.04,$0.61B,$0.17B,28.22%,$0.61B,$-0.05B,-8.09%,$0.61B,$-0.05B,-8.09%,$0.61B,$-0.03B,-4.62%,$0.61B,$-0.08B,-13.86%,$0.61B,$-0.09B,-14.19%,$-0.09B,$0.25B,-32.98%,$-0.09B,$0.25B,-32.98%,$-0.09B,$0.52B,-15.79%,$-0.05B,$0.25B,-18.42%,$148,$107,$41,$0,$50,$159,$-11,$-1,$-12,$1,$-12,$-13,$-13,$-5,$-11,$54,54,$-0.23,$-0.23,$44,$125,$2,$332,$0,$0,$0,$10,$10,$519,$175,$9,$76,$100,$275,$73,$104,$0,$245,$519,$-45,$14,$0,$14,$0,$0,$0,$0,$-15,$-40,$-9,$0,$0,$0,$0,$0,$6,$-3,$0,$-2,$0,$0,$0,$0,$3,$1,$-37,$0,$0
16,2014-06-30,2.57,$0.00,0.0,$10.80,0.24,$-1.00,0.0,$-1.80,0.0,$0.34B,$0.19B,1.76,$0.00B,$0.25B,0.01,$0.60B,$0.17B,28.74%,$0.60B,$-0.05B,-8.40%,$0.60B,$-0.05B,-8.40%,$0.60B,$-0.03B,-4.87%,$0.60B,$-0.10B,-16.13%,$0.60B,$-0.10B,-16.47%,$-0.10B,$0.25B,-35.13%,$-0.10B,$0.25B,-35.13%,$-0.10B,$0.54B,-17.41%,$-0.05B,$0.26B,-17.61%,$155,$115,$40,$0,$54,$170,$-15,$-5,$-20,$0,$-20,$-20,$-20,$-11,$-15,$55,55,$-0.37,$-0.37,$57,$117,$3,$339,$0,$0,$0,$11,$11,$543,$193,$3,$80,$99,$292,$75,$106,$0,$252,$543,$-34,$9,$0,$9,$0,$0,$0,$0,$10,$-9,$-7,$0,$0,$0,$0,$0,$-1,$-8,$0,$-8,$0,$0,$0,$0,$0,$-8,$-26,$0,$0
17,2014-03-31,2.82,$0.00,0.0,$10.71,0.26,$-1.06,0.0,$-1.77,0.0,$0.35B,$0.19B,1.88,$0.00B,$0.27B,0.02,$0.59B,$0.18B,29.71%,$0.59B,$-0.05B,-7.98%,$0.59B,$-0.05B,-7.98%,$0.59B,$-0.03B,-4.24%,$0.59B,$-0.09B,-15.62%,$0.59B,$-0.10B,-16.47%,$-0.10B,$0.27B,-32.09%,$-0.10B,$0.27B,-32.09%,$-0.10B,$0.56B,-16.77%,$-0.05B,$0.27B,-15.25%,$135,$96,$38,$0,$50,$148,$-13,$0,$-13,$1,$-13,$-13,$-13,$-8,$-13,$56,56,$-0.24,$-0.24,$76,$107,$3,$352,$0,$0,$0,$12,$12,$558,$187,$4,$82,$102,$288,$75,$124,$0,$269,$558,$-13,$5,$0,$5,$0,$0,$0,$0,$3,$-4,$-5,$0,$0,$0,$0,$0,$1,$-4,$0,$4,$0,$0,$0,$0,$-2,$2,$-8,$0,$0
18,2013-12-31,2.59,$0.00,0.0,$10.88,0.24,$-1.21,0.0,$-1.67,0.0,$0.36B,$0.18B,1.97,$0.01B,$0.28B,0.02,$0.60B,$0.18B,29.83%,$0.60B,$-0.04B,-7.17%,$0.60B,$-0.04B,-7.17%,$0.60B,$-0.02B,-3.50%,$0.60B,$-0.09B,-14.33%,$0.60B,$-0.09B,-15.33%,$-0.09B,$0.28B,-28.03%,$-0.09B,$0.28B,-28.01%,$-0.09B,$0.56B,-15.39%,$-0.04B,$0.28B,-12.82%,$168,$116,$52,$0,$69,$178,$-10,$-28,$-39,$1,$-40,$-40,$-40,$-4,$-10,$55,55,$-0.74,$-0.74,$81,$105,$4,$357,$0,$0,$0,$12,$12,$559,$181,$6,$79,$100,$281,$73,$137,$0,$277,$559,$-91,$22,$0,$22,$0,$0,$0,$0,$30,$-3,$-11,$0,$0,$0,$0,$0,$-0,$-11,$0,$-3,$-4,$0,$0,$0,$0,$-7,$-22,$0,$0
19,2013-09-30,1.8,$0.00,0.0,$10.84,0.17,$-1.31,0.0,$-1.22,0.0,$0.38B,$0.18B,2.13,$0.01B,$0.32B,0.02,$0.60B,$0.18B,30.03%,$0.60B,$-0.04B,-7.38%,$0.60B,$-0.04B,-7.38%,$0.60B,$-0.02B,-3.69%,$0.60B,$-0.06B,-10.07%,$0.60B,$-0.07B,-11.41%,$-0.07B,$0.32B,-19.41%,$-0.07B,$0.32B,-19.40%,$-0.07B,$0.59B,-11.13%,$-0.04B,$0.33B,-12.28%,$137,$96,$41,$0,$50,$148,$-12,$-13,$-24,$1,$-25,$-25,$-25,$-6,$-12,$55,55,$-0.45,$-0.45,$84,$111,$4,$377,$0,$0,$0,$11,$11,$592,$176,$6,$74,$97,$274,$73,$178,$0,$318,$592,$-52,$16,$0,$16,$0,$0,$0,$0,$11,$-9,$-8,$0,$0,$0,$0,$0,$0,$-8,$0,$2,$-4,$0,$0,$-0,$0,$-2,$-19,$0,$0
20,2013-06-30,2.17,$0.00,0.0,$10.83,0.2,$-1.34,0.0,$-0.88,0.0,$0.39B,$0.17B,2.27,$0.01B,$0.35B,0.02,$0.60B,$0.19B,31.61%,$0.60B,$-0.03B,-5.32%,$0.60B,$-0.03B,-5.32%,$0.60B,$-0.01B,-1.83%,$0.60B,$-0.04B,-6.99%,$0.60B,$-0.05B,-8.32%,$-0.05B,$0.35B,-13.78%,$-0.05B,$0.35B,-13.77%,$-0.05B,$0.60B,-8.12%,$-0.03B,$0.35B,-8.62%,$149,$105,$44,$0,$53,$161,$-12,$-4,$-16,$3,$-18,$-19,$-19,$-7,$-12,$54,54,$-0.34,$-0.34,$88,$110,$4,$389,$0,$0,$0,$10,$10,$604,$171,$7,$65,$88,$259,$72,$206,$0,$345,$604,$-26,$10,$0,$10,$0,$0,$0,$0,$-1,$-15,$-4,$0,$0,$0,$0,$0,$0,$-4,$0,$7,$-3,$0,$0,$-0,$0,$3,$-14,$0,$0
21,2013-03-31,2.24,$0.00,0.0,$11.18,0.2,$-1.30,0.0,$-0.55,0.0,$0.41B,$0.19B,2.21,$0.01B,$0.37B,0.02,$0.61B,$0.20B,32.67%,$0.61B,$-0.02B,-3.47%,$0.61B,$-0.02B,-3.47%,$0.61B,$0.00B,0.17%,$0.61B,$-0.03B,-4.13%,$0.61B,$-0.03B,-5.28%,$-0.03B,$0.37B,-8.57%,$-0.03B,$0.37B,-8.56%,$-0.03B,$0.64B,-5.12%,$-0.02B,$0.38B,-5.48%,$146,$104,$42,$0,$49,$155,$-9,$3,$-7,$1,$-8,$-8,$-8,$-4,$-9,$56,56,$-0.14,$-0.14,$95,$117,$3,$413,$0,$0,$0,$10,$10,$636,$187,$8,$56,$76,$263,$73,$230,$0,$373,$636,$-8,$5,$0,$5,$0,$0,$0,$0,$-14,$-16,$-2,$0,$0,$0,$0,$0,$0,$-2,$0,$9,$-1,$0,$0,$0,$0,$7,$-8,$0,$0
22,2012-12-31,1.92,$0.00,0.0,$11.22,0.17,$-1.21,0.0,$-0.61,0.0,$0.40B,$0.17B,2.33,$0.01B,$0.37B,0.03,$0.61B,$0.20B,33.39%,$0.61B,$-0.02B,-3.14%,$0.61B,$-0.02B,-3.14%,$0.61B,$0.00B,0.66%,$0.61B,$-0.03B,-4.63%,$0.61B,$-0.04B,-5.79%,$-0.04B,$0.37B,-9.26%,$-0.04B,$0.37B,-9.26%,$-0.04B,$0.61B,-5.59%,$-0.02B,$0.37B,-4.89%,$164,$112,$52,$0,$59,$175,$-11,$-2,$-13,$2,$-15,$-16,$-16,$-5,$-11,$54,54,$-0.29,$-0.29,$100,$106,$4,$395,$0,$0,$0,$9,$9,$612,$170,$9,$55,$78,$247,$71,$225,$0,$365,$612,$-34,$22,$0,$22,$0,$0,$0,$0,$5,$-11,$-8,$0,$0,$0,$0,$0,$-0,$-8,$0,$4,$-5,$0,$0,$0,$0,$-1,$-21,$0,$0
23,2012-09-30,2.25,$0.00,0.0,$11.45,0.2,$-1.87,0.0,$-0.72,0.0,$0.40B,$0.15B,2.66,$0.01B,$0.37B,0.03,$0.62B,$0.21B,33.77%,$0.62B,$-0.02B,-3.73%,$0.62B,$-0.02B,-3.73%,$0.62B,$-0.00B,-0.16%,$0.62B,$-0.03B,-4.38%,$0.62B,$-0.04B,-6.49%,$-0.04B,$0.37B,-10.13%,$-0.04B,$0.37B,-10.13%,$-0.04B,$0.61B,-6.13%,$-0.02B,$0.38B,-5.65%,$142,$90,$52,$0,$50,$143,$-0,$-3,$-6,$1,$-7,$-7,$-7,$5,$-0,$58,58,$-0.11,$-0.11,$101,$107,$72,$397,$0,$0,$0,$8,$8,$610,$149,$10,$60,$93,$243,$69,$272,$0,$368,$610,$-18,$16,$0,$16,$0,$0,$0,$0,$-15,$-18,$-1,$0,$-0,$0,$0,$0,$0,$-2,$0,$6,$-4,$0,$0,$0,$0,$3,$-16,$0,$0
24,2012-06-30,2.43,$0.00,0.0,$11.78,0.21,$-1.20,0.0,$-0.86,0.0,$0.42B,$0.16B,2.69,$0.01B,$0.39B,0.03,$0.63B,$0.19B,30.88%,$0.63B,$-0.05B,-7.36%,$0.63B,$-0.05B,-7.36%,$0.63B,$-0.02B,-3.68%,$0.63B,$-0.04B,-5.76%,$0.63B,$-0.05B,-7.52%,$-0.05B,$0.39B,-11.29%,$-0.05B,$0.39B,-11.29%,$-0.05B,$0.64B,-6.89%,$-0.05B,$0.40B,-10.69%,$154,$103,$52,$0,$50,$155,$-1,$1,$1,$1,$-1,$-1,$-1,$5,$-1,$50,50,$-0.01,$-0.01,$108,$116,$66,$417,$0,$0,$0,$8,$8,$640,$155,$11,$61,$96,$251,$71,$252,$0,$388,$640,$-11,$11,$0,$11,$0,$0,$0,$0,$-16,$-15,$-0,$0,$0,$0,$0,$-0,$0,$-1,$0,$4,$-3,$0,$0,$0,$0,$1,$-13,$0,$0
25,2012-03-31,2.7,$0.00,0.0,$12.49,0.22,$-0.33,0.0,$-0.55,0.0,$0.41B,$0.15B,2.69,$0.01B,$0.39B,0.03,$0.65B,$0.20B,30.96%,$0.65B,$-0.05B,-8.20%,$0.65B,$-0.05B,-8.20%,$0.65B,$-0.03B,-4.33%,$0.65B,$-0.02B,-3.25%,$0.65B,$-0.03B,-4.95%,$-0.03B,$0.39B,-7.34%,$-0.03B,$0.39B,-7.34%,$-0.03B,$0.64B,-4.56%,$-0.05B,$0.40B,-11.75%,$145,$98,$46,$0,$53,$152,$-7,$-3,$-10,$1,$-11,$-11,$-11,$-1,$-7,$55,55,$-0.20,$-0.20,$103,$124,$63,$412,$0,$0,$0,$8,$8,$643,$153,$13,$63,$100,$253,$72,$291,$0,$391,$643,$-11,$6,$0,$6,$0,$0,$0,$0,$-6,$-12,$-1,$0,$0,$0,$0,$-0,$0,$-1,$0,$-4,$-1,$0,$0,$0,$0,$-5,$-20,$0,$0
26,2011-12-31,2.25,$0.00,0.0,$13.80,0.16,$0.87,2.59,$-0.45,0.0,$0.46B,$0.18B,2.64,$0.02B,$0.43B,0.04,$0.67B,$0.21B,31.93%,$0.67B,$-0.05B,-7.35%,$0.67B,$-0.05B,-7.35%,$0.67B,$-0.02B,-3.45%,$0.67B,$-0.01B,-2.10%,$0.67B,$-0.03B,-3.75%,$-0.03B,$0.43B,-5.60%,$-0.03B,$0.43B,-5.60%,$-0.03B,$0.72B,-3.46%,$-0.05B,$0.45B,-10.58%,$175,$117,$58,$0,$66,$189,$-15,$2,$-12,$11,$-23,$-21,$-21,$-10,$-15,$54,54,$-0.40,$-0.40,$131,$130,$73,$463,$0,$0,$0,$9,$9,$717,$176,$15,$67,$109,$285,$76,$326,$0,$432,$717,$-27,$26,$0,$26,$0,$0,$0,$0,$-7,$-28,$-26,$0,$0,$0,$0,$65,$0,$39,$0,$34,$-1,$0,$0,$0,$0,$32,$46,$0,$0
27,2011-09-30,2.85,$0.00,0.0,$14.40,0.2,$1.41,2.03,$-0.09,0.0,$0.48B,$0.18B,2.68,$0.02B,$0.45B,0.04,$0.67B,$0.22B,33.38%,$0.67B,$-0.03B,-5.07%,$0.67B,$-0.03B,-5.07%,$0.67B,$-0.01B,-0.89%,$0.67B,$-0.00B,-0.45%,$0.67B,$-0.01B,-0.89%,$-0.01B,$0.45B,-1.35%,$-0.01B,$0.45B,-1.35%,$-0.01B,$0.73B,-0.84%,$-0.03B,$0.47B,-7.35%,$151,$114,$37,$0,$61,$175,$-23,$-2,$-15,$-0,$-14,$-14,$-14,$-17,$-23,$54,54,$-0.25,$-0.25,$140,$128,$6,$478,$0,$0,$0,$8,$8,$727,$179,$17,$59,$94,$272,$78,$363,$0,$454,$727,$-5,$21,$0,$21,$0,$0,$0,$0,$-11,$-25,$43,$0,$0,$0,$0,$0,$0,$43,$0,$35,$0,$0,$0,$0,$0,$35,$53,$0,$0
28,2011-06-30,3.52,$0.00,0.0,$14.39,0.24,$0.55,6.4,$0.03,117.33,$0.46B,$0.15B,3.02,$0.02B,$0.47B,0.04,$0.67B,$0.25B,36.70%,$0.67B,$-0.01B,-1.34%,$0.67B,$-0.01B,-1.34%,$0.67B,$0.02B,3.12%,$0.67B,$0.01B,0.74%,$0.67B,$0.00B,0.15%,$0.00B,$0.47B,0.23%,$0.00B,$0.47B,0.23%,$0.00B,$0.72B,0.15%,$-0.01B,$0.48B,-2.00%,$175,$116,$59,$0,$63,$183,$-8,$24,$16,$1,$15,$14,$14,$-0,$-8,$46,46,$0.30,$0.30,$109,$136,$6,$460,$0,$0,$0,$9,$9,$717,$153,$17,$62,$97,$250,$79,$357,$0,$467,$717,$9,$15,$0,$15,$0,$0,$0,$0,$-19,$-22,$48,$0,$0,$0,$0,$0,$0,$48,$0,$-1,$0,$0,$0,$0,$-0,$-2,$21,$0,$0
29,2011-03-31,4.62,$0.00,0.0,$13.89,0.33,$-0.34,0.0,$-0.33,0.0,$0.45B,$0.20B,2.26,$0.02B,$0.43B,0.04,$0.68B,$0.26B,37.63%,$0.68B,$0.00B,0.15%,$0.68B,$0.00B,0.15%,$0.68B,$0.03B,4.39%,$0.68B,$-0.01B,-1.46%,$0.68B,$-0.02B,-2.49%,$-0.02B,$0.43B,-3.99%,$-0.02B,$0.43B,-3.99%,$-0.02B,$0.73B,-2.54%,$0.00B,$0.45B,0.23%,$166,$107,$59,$0,$59,$169,$-3,$0,$-3,$1,$-4,$-4,$-4,$4,$-3,$42,42,$-0.10,$-0.10,$130,$121,$5,$452,$0,$0,$0,$12,$12,$731,$200,$17,$64,$98,$298,$75,$329,$0,$434,$731,$-4,$7,$0,$7,$0,$0,$0,$0,$-8,$-9,$50,$0,$0,$0,$0,$0,$0,$50,$0,$0,$7,$0,$0,$0,$0,$7,$47,$0,$0
30,2010-12-31,3.27,$0.00,0.0,$13.14,0.25,$-1.47,0.0,$-0.26,0.0,$0.40B,$0.14B,2.75,$0.02B,$0.43B,0.04,$0.69B,$0.27B,38.29%,$0.69B,$0.00B,0.58%,$0.69B,$0.00B,0.58%,$0.69B,$0.04B,5.06%,$0.69B,$-0.01B,-0.72%,$0.69B,$-0.02B,-2.17%,$-0.02B,$0.43B,-3.48%,$-0.02B,$0.43B,-3.48%,$-0.02B,$0.67B,-2.26%,$0.00B,$0.45B,0.91%,$179,$110,$69,$0,$71,$180,$-0,$-1,$-1,$1,$-2,$-2,$-2,$7,$-0,$46,46,$-0.04,$-0.04,$81,$116,$3,$397,$0,$0,$0,$12,$12,$669,$144,$17,$62,$95,$240,$73,$344,$0,$429,$669,$-15,$31,$0,$31,$0,$0,$0,$0,$-13,$2,$-24,$0,$0,$0,$0,$0,$0,$-24,$0,$-3,$0,$0,$0,$0,$13,$10,$-7,$0,$0
31,2010-09-30,3.71,$0.00,0.0,$12.98,0.29,$-0.42,0.0,$-0.28,0.0,$0.37B,$0.13B,2.87,$0.01B,$0.41B,0.02,$0.72B,$0.26B,36.73%,$0.72B,$-0.01B,-1.82%,$0.72B,$-0.01B,-1.82%,$0.72B,$0.02B,2.65%,$0.72B,$-0.00B,-0.56%,$0.72B,$-0.02B,-2.23%,$-0.02B,$0.41B,-3.66%,$-0.02B,$0.41B,-3.66%,$-0.02B,$0.63B,-2.37%,$-0.01B,$0.42B,-2.92%,$153,$93,$60,$0,$58,$152,$2,$-3,$-7,$1,$-7,$-7,$-7,$10,$2,$55,55,$-0.13,$-0.13,$64,$110,$3,$365,$0,$0,$0,$13,$13,$625,$127,$8,$60,$85,$212,$71,$332,$0,$413,$625,$-12,$23,$0,$23,$0,$0,$0,$0,$-24,$-15,$-13,$0,$0,$0,$0,$0,$0,$-13,$0,$3,$0,$0,$0,$0,$1,$5,$-21,$0,$0
32,2010-06-30,2.95,$0.00,0.0,$13.41,0.22,$0.61,4.81,$-0.17,0.0,$0.40B,$0.15B,2.71,$0.01B,$0.43B,0.02,$0.74B,$0.28B,37.62%,$0.74B,$-0.00B,-0.54%,$0.74B,$-0.00B,-0.54%,$0.74B,$0.03B,4.06%,$0.74B,$0.01B,0.81%,$0.74B,$-0.01B,-1.35%,$-0.01B,$0.43B,-2.22%,$-0.01B,$0.43B,-2.22%,$-0.01B,$0.66B,-1.43%,$-0.00B,$0.43B,-0.87%,$185,$116,$69,$0,$65,$182,$2,$-2,$1,$4,$-3,$-4,$-4,$9,$2,$56,56,$-0.06,$-0.06,$75,$112,$3,$395,$0,$0,$0,$14,$14,$657,$146,$7,$61,$84,$230,$70,$330,$0,$427,$657,$-5,$16,$0,$16,$0,$0,$0,$0,$-28,$-15,$-4,$0,$0,$0,$0,$0,$0,$-4,$0,$3,$-0,$0,$0,$0,$0,$3,$-9,$0,$0
33,2010-03-31,4.5,$0.00,0.0,$13.43,0.34,$1.50,2.99,$-0.21,0.0,$0.42B,$0.16B,2.66,$0.01B,$0.46B,0.02,$0.74B,$0.28B,37.77%,$0.74B,$-0.01B,-0.68%,$0.74B,$-0.01B,-0.68%,$0.74B,$0.03B,4.35%,$0.74B,$0.00B,0.41%,$0.74B,$-0.01B,-1.49%,$-0.01B,$0.46B,-2.41%,$-0.01B,$0.46B,-2.41%,$-0.01B,$0.71B,-1.55%,$-0.01B,$0.47B,-1.08%,$175,$108,$67,$0,$67,$174,$0,$1,$2,$4,$-2,$-2,$-2,$9,$0,$55,55,$-0.03,$-0.03,$89,$124,$3,$423,$0,$0,$0,$16,$16,$707,$159,$8,$66,$92,$251,$76,$310,$0,$457,$707,$-2,$9,$0,$9,$0,$0,$0,$0,$-14,$-7,$-1,$0,$0,$0,$0,$0,$0,$-1,$0,$2,$0,$0,$0,$0,$0,$2,$-3,$0,$0
34,2009-12-31,3.23,$0.00,0.0,$12.38,0.26,$1.98,1.63,$-0.38,0.0,$0.42B,$0.16B,2.64,$0.01B,$0.45B,0.02,$0.71B,$0.25B,34.99%,$0.71B,$-0.03B,-3.82%,$0.71B,$-0.03B,-3.82%,$0.71B,$0.01B,1.42%,$0.71B,$-0.01B,-1.42%,$0.71B,$-0.02B,-3.26%,$-0.02B,$0.45B,-5.09%,$-0.02B,$0.45B,-4.67%,$-0.02B,$0.71B,-3.26%,$-0.03B,$0.46B,-5.89%,$203,$137,$67,$0,$84,$220,$-17,$-1,$0,$5,$-4,$-3,$-3,$-9,$-17,$55,55,$-0.06,$-0.06,$92,$114,$3,$421,$0,$0,$0,$18,$18,$709,$159,$8,$70,$96,$256,$77,$305,$0,$453,$709,$-25,$37,$0,$37,$0,$0,$0,$0,$37,$45,$-13,$0,$0,$0,$0,$0,$3,$-10,$0,$-12,$4,$0,$0,$0,$0,$-8,$26,$0,$0
35,2009-09-30,2.67,$0.00,0.0,$13.27,0.2,$0.17,15.74,$-0.82,0.0,$0.43B,$0.17B,2.56,$0.01B,$0.47B,0.02,$0.74B,$0.26B,34.54%,$0.74B,$-0.02B,-2.55%,$0.74B,$-0.02B,-2.55%,$0.74B,$0.02B,2.96%,$0.74B,$-0.04B,-5.24%,$0.74B,$-0.05B,-6.18%,$-0.05B,$0.47B,-9.89%,$-0.05B,$0.47B,-9.09%,$-0.05B,$0.73B,-6.33%,$-0.02B,$0.48B,-4.03%,$176,$101,$75,$0,$64,$165,$11,$-1,$3,$4,$-1,$-1,$-1,$21,$11,$55,55,$-0.02,$-0.02,$101,$118,$5,$429,$0,$0,$0,$18,$19,$728,$167,$9,$67,$94,$262,$78,$376,$0,$467,$728,$-22,$30,$0,$30,$0,$0,$0,$0,$34,$37,$-9,$0,$0,$0,$0,$3,$0,$-6,$0,$-2,$5,$0,$0,$0,$0,$3,$33,$0,$0
36,2009-06-30,1.9,$0.00,0.0,$13.97,0.14,$-1.36,0.0,$-1.25,0.0,$0.41B,$0.16B,2.52,$0.01B,$0.45B,0.02,$0.78B,$0.24B,30.31%,$0.78B,$-0.05B,-6.14%,$0.78B,$-0.05B,-6.14%,$0.78B,$-0.01B,-0.90%,$0.78B,$-0.07B,-8.57%,$0.78B,$-0.07B,-8.82%,$-0.07B,$0.45B,-14.09%,$-0.07B,$0.45B,-13.01%,$-0.07B,$0.70B,-9.12%,$-0.05B,$0.46B,-9.69%,$182,$113,$69,$0,$67,$181,$1,$-4,$-2,$3,$-5,$-5,$-5,$11,$1,$55,55,$-0.10,$-0.10,$99,$105,$6,$409,$0,$0,$0,$17,$18,$701,$162,$9,$64,$91,$253,$75,$304,$0,$449,$701,$-19,$19,$0,$19,$0,$0,$0,$0,$38,$35,$-5,$0,$0,$0,$0,$0,$3,$-2,$0,$-3,$5,$0,$0,$0,$0,$2,$35,$0,$0
37,2009-03-31,1.15,$0.00,0.0,$15.14,0.08,$-2.48,0.0,$-1.21,0.0,$0.39B,$0.16B,2.41,$0.00B,$0.44B,0.01,$0.85B,$0.23B,26.68%,$0.85B,$-0.07B,-8.74%,$0.85B,$-0.07B,-8.74%,$0.85B,$-0.03B,-3.66%,$0.85B,$-0.07B,-7.91%,$0.85B,$-0.07B,-8.03%,$-0.07B,$0.44B,-12.86%,$-0.07B,$0.60B,-11.94%,$-0.07B,$0.68B,-8.44%,$-0.07B,$0.44B,-13.86%,$145,$108,$36,$0,$59,$167,$-22,$10,$-11,$2,$-13,$-14,$-14,$-13,$-22,$68,68,$-0.20,$-0.20,$85,$111,$70,$392,$0,$0,$0,$17,$17,$680,$162,$4,$60,$80,$80,$72,$298,$0,$437,$680,$-14,$9,$0,$9,$0,$0,$0,$0,$28,$25,$-3,$0,$0,$0,$0,$0,$0,$-3,$0,$0,$-0,$0,$0,$0,$0,$-0,$23,$0,$0
38,2008-12-31,2.4,$0.00,0.0,$12.99,0.18,$-2.82,0.0,$-1.01,0.0,$0.47B,$0.20B,2.34,$0.01B,$0.51B,0.01,$0.96B,$0.26B,26.64%,$0.96B,$-0.07B,-7.28%,$0.96B,$-0.07B,-7.28%,$0.96B,$-0.03B,-2.60%,$0.96B,$-0.09B,-9.37%,$0.96B,$-0.09B,-9.26%,$-0.09B,$0.51B,-15.79%,$-0.09B,$0.51B,-15.79%,$-0.09B,$0.80B,-10.36%,$-0.07B,$0.51B,-12.31%,$241,$164,$77,$0,$86,$250,$-9,$-22,$-29,$-1,$-28,$-26,$-26,$3,$-9,$52,52,$-0.50,$-0.50,$70,$135,$15,$469,$597,$0,$0,$20,$617,$800,$201,$5,$68,$92,$292,$81,$415,$0,$508,$800,$-91,$46,$0,$46,$0,$0,$0,$0,$-22,$-47,$-17,$0,$3,$0,$0,$0,$-6,$-20,$0,$3,$2,$0,$0,$0,$1,$6,$-59,$0,$0
39,2008-09-30,3.23,$0.00,0.0,$13.05,0.25,$-2.62,0.0,$-1.55,0.0,$0.49B,$0.19B,2.54,$0.01B,$0.57B,0.01,$0.98B,$0.24B,24.90%,$0.98B,$-0.09B,-9.22%,$0.98B,$-0.09B,-9.22%,$0.98B,$-0.05B,-4.61%,$0.98B,$-0.09B,-9.53%,$0.98B,$-0.12B,-12.30%,$-0.12B,$0.57B,-20.77%,$-0.12B,$0.57B,-20.77%,$-0.12B,$0.85B,-13.79%,$-0.09B,$0.57B,-15.46%,$214,$159,$55,$0,$74,$233,$-18,$-6,$-25,$-0,$-25,$-24,$-24,$-8,$-18,$55,55,$-0.45,$-0.45,$86,$156,$6,$487,$0,$0,$0,$20,$20,$846,$192,$5,$65,$90,$282,$83,$469,$0,$565,$846,$-63,$34,$0,$34,$0,$0,$0,$0,$-13,$-39,$-16,$0,$2,$0,$0,$2,$0,$-12,$0,$1,$2,$0,$1,$0,$0,$4,$-46,$0,$0
40,2008-06-30,3.19,$0.00,0.0,$12.75,0.25,$-2.37,0.0,$-1.46,0.0,$0.52B,$0.20B,2.6,$0.01B,$0.61B,0.01,$0.96B,$0.24B,25.21%,$0.96B,$-0.09B,-9.10%,$0.96B,$-0.09B,-9.10%,$0.96B,$-0.04B,-4.29%,$0.96B,$-0.09B,-9.41%,$0.96B,$-0.12B,-12.03%,$-0.12B,$0.61B,-19.39%,$-0.12B,$0.61B,-19.39%,$-0.12B,$0.90B,-13.12%,$-0.09B,$0.61B,-14.58%,$247,$188,$58,$0,$83,$272,$-25,$6,$-2,$2,$-4,$-4,$-4,$-13,$-25,$55,55,$-0.06,$-0.06,$109,$158,$9,$519,$0,$0,$0,$22,$22,$898,$199,$5,$68,$94,$293,$86,$506,$0,$605,$898,$-40,$23,$0,$23,$0,$0,$0,$0,$1,$-21,$-11,$0,$2,$0,$0,$0,$2,$-7,$0,$-2,$3,$0,$1,$0,$0,$2,$-27,$0,$0
41,2008-03-31,3.7,$0.00,0.0,$12.25,0.3,$-2.39,0.0,$-1.50,0.0,$0.53B,$0.23B,2.33,$0.00B,$0.58B,0.01,$0.93B,$0.24B,26.29%,$0.93B,$-0.07B,-7.97%,$0.93B,$-0.07B,-7.97%,$0.93B,$-0.03B,-3.23%,$0.93B,$-0.10B,-10.45%,$0.93B,$-0.12B,-12.61%,$-0.12B,$0.58B,-19.43%,$-0.12B,$0.58B,-19.43%,$-0.12B,$0.89B,-13.31%,$-0.07B,$0.58B,-12.23%,$259,$193,$66,$0,$84,$277,$-18,$-16,$-34,$1,$-35,$-35,$-35,$-7,$-18,$0,0,$0.00,$0.00,$117,$158,$8,$527,$0,$0,$0,$22,$22,$891,$226,$3,$65,$88,$314,$82,$482,$0,$577,$891,$-35,$11,$0,$11,$0,$0,$0,$0,$20,$-7,$-4,$0,$2,$0,$0,$0,$0,$-2,$0,$-3,$0,$0,$0,$0,$0,$-3,$-14,$0,$0
42,2007-12-31,4.61,$0.00,0.0,$16.15,0.29,$-2.70,0.0,$-1.62,0.0,$0.50B,$0.20B,2.49,$0.00B,$0.56B,0.01,$0.87B,$0.24B,27.55%,$0.87B,$-0.07B,-7.58%,$0.87B,$-0.07B,-7.58%,$0.87B,$-0.02B,-2.76%,$0.87B,$-0.07B,-8.15%,$0.87B,$-0.09B,-10.10%,$-0.09B,$0.56B,-14.34%,$-0.09B,$0.56B,-14.34%,$-0.09B,$0.85B,-10.00%,$-0.07B,$0.57B,-10.70%,$256,$192,$64,$0,$92,$285,$-29,$-3,$-32,$23,$-55,$-57,$-57,$-17,$-29,$55,55,$-1.04,$-1.04,$120,$147,$5,$499,$0,$0,$0,$24,$24,$847,$200,$3,$61,$82,$282,$75,$478,$0,$564,$847,$-86,$42,$0,$42,$0,$0,$0,$0,$8,$-21,$-36,$0,$-0,$0,$0,$0,$0,$-36,$0,$5,$-0,$0,$0,$0,$0,$5,$-56,$0,$0
43,2007-09-30,5.9,$0.00,0.0,$16.05,0.37,$-0.58,0.0,$-0.70,0.0,$0.51B,$0.16B,3.09,$0.00B,$0.63B,0.01,$0.86B,$0.25B,29.17%,$0.86B,$-0.04B,-4.75%,$0.86B,$-0.04B,-4.75%,$0.86B,$-0.00B,-0.23%,$0.86B,$-0.04B,-5.09%,$0.86B,$-0.04B,-4.40%,$-0.04B,$0.63B,-6.10%,$-0.04B,$0.63B,-6.10%,$-0.04B,$0.87B,-4.32%,$-0.04B,$0.63B,-6.55%,$194,$141,$53,$0,$68,$209,$-15,$-7,$-22,$-3,$-20,$-19,$-19,$-4,$-15,$54,54,$-0.36,$-0.36,$134,$152,$25,$509,$0,$0,$0,$25,$28,$871,$164,$3,$58,$80,$245,$75,$539,$0,$626,$871,$-32,$31,$0,$31,$0,$0,$0,$0,$-7,$-15,$-26,$0,$-0,$0,$0,$0,$0,$-26,$0,$1,$-0,$0,$0,$0,$0,$1,$-42,$0,$0
44,2007-06-30,7.95,$0.00,0.0,$16.12,0.49,$1.16,6.86,$-0.32,0.0,$0.54B,$0.18B,2.97,$0.00B,$0.64B,0.01,$0.87B,$0.26B,30.20%,$0.87B,$-0.03B,-3.33%,$0.87B,$-0.03B,-3.33%,$0.87B,$0.01B,1.15%,$0.87B,$-0.02B,-2.41%,$0.87B,$-0.02B,-2.07%,$-0.02B,$0.64B,-2.90%,$-0.02B,$0.64B,-2.90%,$-0.02B,$0.91B,-2.06%,$-0.03B,$0.65B,-4.64%,$219,$158,$61,$0,$73,$231,$-12,$4,$-9,$-3,$-6,$-6,$-6,$-2,$-12,$55,55,$-0.10,$-0.10,$151,$153,$26,$544,$0,$0,$0,$25,$28,$908,$183,$3,$61,$82,$266,$74,$557,$0,$642,$908,$-12,$20,$0,$20,$0,$0,$0,$0,$-20,$-16,$-17,$0,$0,$0,$0,$0,$0,$-17,$0,$10,$-0,$0,$0,$0,$0,$9,$-22,$0,$0
45,2007-03-31,8.17,$0.00,0.0,$16.65,0.49,$2.42,3.37,$0.01,817.0,$0.54B,$0.19B,2.89,$0.00B,$0.62B,0.01,$0.90B,$0.29B,32.41%,$0.90B,$-0.00B,-0.11%,$0.90B,$-0.00B,-0.11%,$0.90B,$0.04B,4.23%,$0.90B,$0.00B,0.33%,$0.90B,$0.00B,0.11%,$0.00B,$0.62B,0.16%,$0.00B,$0.62B,0.16%,$0.00B,$0.89B,0.12%,$-0.00B,$0.63B,-0.16%,$202,$140,$62,$0,$72,$212,$-10,$3,$-8,$-1,$-6,$-6,$-6,$-1,$-10,$52,52,$-0.12,$-0.12,$162,$154,$24,$544,$0,$0,$0,$24,$27,$893,$189,$3,$60,$82,$270,$72,$540,$0,$623,$893,$-6,$9,$0,$9,$0,$0,$0,$0,$-9,$-9,$-8,$0,$0,$0,$0,$0,$0,$-8,$0,$10,$0,$0,$0,$0,$0,$10,$-6,$0,$0
46,2006-12-31,8.51,$0.00,0.0,$16.62,0.51,$3.15,2.7,$0.27,31.52,$0.51B,$0.17B,3.06,$0.00B,$0.60B,0.01,$0.92B,$0.31B,33.26%,$0.92B,$0.02B,2.17%,$0.92B,$0.02B,2.17%,$0.92B,$0.06B,6.39%,$0.92B,$0.02B,2.60%,$0.92B,$0.02B,1.63%,$0.02B,$0.60B,2.50%,$0.02B,$0.60B,2.50%,$0.02B,$0.85B,1.78%,$0.02B,$0.60B,3.31%,$249,$173,$76,$0,$80,$253,$-4,$-1,$-5,$1,$-6,$-7,$-7,$5,$-4,$55,55,$-0.12,$-0.12,$161,$126,$19,$512,$510,$0,$0,$24,$536,$847,$167,$3,$57,$79,$246,$69,$522,$0,$601,$847,$15,$38,$0,$38,$0,$0,$0,$0,$32,$78,$-18,$0,$-0,$0,$0,$0,$-4,$-22,$0,$-5,$-2,$0,$0,$0,$0,$-7,$48,$0,$0
