,Date,Stock Price,Book Value per Share,Price to Book Ratio,TTM Sales per Share,Price to Sales Ratio,TTM FCF per Share,Price to FCF Ratio,TTM Net EPS,PE Ratio,Current Assets,Current Liabilities,Current Ratio,Long Term Debt,Shareholder's Equity_x,Debt to Equity Ratio,TTM Revenue_x,TTM Gross Profit,Gross Margin,TTM Revenue_y,TTM Operating Income,Operating Margin,TTM Revenue_x,TTM EBIT,EBIT Margin,TTM Revenue_y,TTM EBITDA,EBITDA Margin,TTM Revenue_x,TTM Pre-Tax Income,Pre-Tax Margin,TTM Revenue_y,TTM Net Income_x,Net Margin,TTM Net Income_y,Shareholder's Equity_y,Return on Equity,TTM Net Income_x,Tangible Equity,Return on Tangible Equity,TTM Net Income_y,Total Assets,Return on Assets,TTM Net Income,LT Investments & Debt,Return on Investment,revenue,cost-goods-sold,gross-profit,research-development-expenses,selling-general-administrative-expenses,operating-expenses,operating-income,total-non-operating-income-expense,pre-tax-income,total-provision-income-taxes,income-after-taxes,income-from-continuous-operations,net-income,ebitda,ebit,basic-shares-outstanding,shares-outstanding,eps-basic-net-earnings-per-share,eps-earnings-per-share-diluted,cash-on-hand,inventory,other-current-assets,total-current-assets,net-property-plant-equipment,long-term-investments,goodwill-intangible-assets-total,other-long-term-assets,total-long-term-assets,total-assets,total-current-liabilities,long-term-debt,other-non-current-liabilities,total-long-term-liabilities,total-liabilities,common-stock-net,retained-earnings-accumulated-deficit,comprehensive-income,total-share-holder-equity,total-liabilities-share-holders-equity,net-income-loss,total-depreciation-amortization-cash-flow,other-non-cash-items,total-non-cash-items,change-in-accounts-receivable,change-in-inventories,change-in-accounts-payable,change-in-assets-liabilities,total-change-in-assets-liabilities,cash-flow-from-operating-activities,net-change-in-property-plant-equipment,net-change-in-intangible-assets,net-acquisitions-divestitures,net-change-in-short-term-investments,net-change-in-long-term-investments,net-change-in-investments-total,investing-activities-other,cash-flow-from-investing-activities,net-long-term-debt,net-current-debt,debt-issuance-retirement-net-total,net-common-equity-issued-repurchased,net-total-equity-issued-repurchased,total-common-preferred-stock-dividends-paid,financial-activities-other,cash-flow-from-financial-activities,net-cash-flow,stock-based-compensation,common-stock-dividends-paid
0,2018-09-30,17.32,$5.97,2.9,$6.99,2.48,$3.06,5.66,$-0.43,0.0,$0.93B,$0.76B,1.22,$2.19B,$1.72B,1.27,$2.05B,$1.18B,57.36%,$2.05B,$-0.09B,-4.19%,$2.05B,$-0.09B,-4.19%,$2.05B,$0.29B,14.33%,$2.05B,$-0.22B,-10.53%,$2.05B,$-0.16B,-7.80%,$-0.16B,$1.72B,-8.66%,$-0.16B,$-2.34B,7.05%,$-0.16B,$5.30B,-2.92%,$-0.09B,$3.90B,-2.08%,$533,$210,$323,$82,$148,$528,$5,$-31,$-26,$9,$-35,$-35,$-35,$87,$5,$291,291,$-0.12,$-0.12,$452,$0,$0,$929,$156,$22,$4054,$142,$4374,$5302,$764,$2185,$96,$2821,$3585,$0,$-741,$-123,$1717,$5302,$-160,$381,$125,$506,$20,$0,$-14,$66,$98,$444,$-49,$0,$-110,$122,$0,$122,$0,$-37,$-481,$0,$-481,$-118,$-118,$0,$-81,$-680,$-276,$151,$0
1,2018-06-30,13.89,$6.12,2.27,$6.77,2.05,$2.80,4.96,$-0.66,0.0,$0.99B,$0.73B,1.35,$2.32B,$1.76B,1.32,$1.99B,$1.11B,55.82%,$1.99B,$-0.11B,-5.49%,$1.99B,$-0.11B,-5.49%,$1.99B,$0.25B,12.54%,$1.99B,$-0.25B,-12.39%,$1.99B,$-0.19B,-9.57%,$-0.19B,$1.76B,-9.99%,$-0.19B,$-2.37B,8.38%,$-0.19B,$5.45B,-3.37%,$-0.11B,$4.08B,-2.60%,$503,$213,$289,$76,$147,$474,$29,$-32,$-3,$11,$-14,$-14,$-14,$83,$29,$293,293,$-0.05,$-0.05,$485,$0,$0,$986,$173,$24,$4123,$140,$4460,$5446,$731,$2324,$97,$2957,$3688,$0,$-706,$-121,$1758,$5446,$-125,$299,$56,$355,$2,$0,$-4,$66,$65,$295,$-39,$0,$-109,$101,$0,$101,$0,$-47,$-331,$0,$-331,$-103,$-103,$0,$-74,$-507,$-261,$107,$0
2,2018-03-31,15.75,$6.43,2.45,$6.74,2.34,$3.13,5.03,$-0.71,0.0,$1.14B,$0.74B,1.54,$2.31B,$1.89B,1.22,$1.97B,$1.09B,55.34%,$1.97B,$-0.12B,-6.30%,$1.97B,$-0.12B,-6.30%,$1.97B,$0.24B,12.14%,$1.97B,$-0.27B,-13.62%,$1.97B,$-0.20B,-10.37%,$-0.20B,$1.89B,-10.45%,$-0.20B,$-2.18B,9.03%,$-0.20B,$5.56B,-3.54%,$-0.12B,$4.21B,-2.94%,$514,$229,$285,$74,$168,$644,$-129,$-32,$-162,$3,$-164,$-164,$-164,$61,$-129,$294,294,$-0.56,$-0.56,$622,$0,$0,$1141,$173,$27,$4069,$147,$4416,$5557,$741,$2311,$98,$2922,$3663,$0,$-692,$-96,$1894,$5557,$-111,$245,$9,$254,$-12,$0,$-4,$63,$52,$195,$-25,$0,$-13,$102,$0,$102,$0,$64,$-331,$0,$-331,$9,$9,$0,$-62,$-383,$-124,$72,$0
3,2017-12-31,16.35,$6.90,2.37,$6.71,2.44,$3.35,4.88,$-0.27,0.0,$1.05B,$0.72B,1.46,$2.30B,$2.03B,1.14,$1.95B,$1.09B,55.78%,$1.95B,$0.04B,1.89%,$1.95B,$0.04B,1.89%,$1.95B,$0.27B,13.72%,$1.95B,$-0.13B,-6.70%,$1.95B,$-0.07B,-3.79%,$-0.07B,$2.03B,-3.77%,$-0.07B,$-2.20B,3.23%,$-0.07B,$5.64B,-1.27%,$0.04B,$4.33B,0.88%,$502,$221,$280,$73,$155,$493,$9,$-34,$-25,$-79,$53,$53,$53,$63,$9,$291,296,$0.18,$0.18,$511,$0,$0,$1048,$173,$42,$4228,$146,$4589,$5638,$719,$2300,$105,$2893,$3612,$0,$-528,$-100,$2025,$5638,$53,$54,$-45,$9,$-36,$0,$-12,$69,$24,$86,$-13,$0,$-9,$127,$0,$127,$0,$106,$-348,$0,$-348,$0,$0,$0,$-39,$-387,$-194,$38,$0
4,2017-09-30,15.72,$6.66,2.36,$6.70,2.35,$3.49,4.5,$-0.53,0.0,$1.33B,$1.11B,1.2,$2.24B,$1.93B,1.16,$1.94B,$1.09B,55.93%,$1.94B,$0.05B,2.68%,$1.94B,$0.05B,2.68%,$1.94B,$0.29B,14.79%,$1.94B,$-0.12B,-6.19%,$1.94B,$-0.15B,-7.78%,$-0.15B,$1.93B,-7.78%,$-0.15B,$-2.32B,6.49%,$-0.15B,$5.93B,-2.52%,$0.05B,$4.17B,1.27%,$466,$212,$254,$67,$149,$484,$-18,$-38,$-56,$10,$-65,$-65,$-65,$42,$-18,$289,289,$-0.22,$-0.22,$844,$0,$0,$1328,$177,$30,$4255,$143,$4604,$5932,$1112,$2241,$92,$2889,$4001,$0,$-580,$-101,$1931,$5932,$-151,$234,$262,$496,$-6,$0,$-1,$32,$34,$379,$-62,$0,$-114,$-159,$0,$-159,$0,$-334,$203,$0,$203,$-82,$-82,$0,$-55,$67,$111,$154,$0
5,2017-06-30,17.41,$6.78,2.57,$6.83,2.55,$4.15,4.2,$-0.24,0.0,$1.32B,$1.10B,1.2,$2.23B,$1.96B,1.14,$1.98B,$1.13B,56.92%,$1.98B,$0.12B,5.81%,$1.98B,$0.12B,5.81%,$1.98B,$0.35B,17.63%,$1.98B,$-0.06B,-2.83%,$1.98B,$-0.07B,-3.43%,$-0.07B,$1.96B,-3.50%,$-0.07B,$-2.33B,2.92%,$-0.07B,$5.94B,-1.15%,$0.12B,$4.18B,2.77%,$486,$216,$270,$67,$139,$472,$14,$-39,$-25,$3,$-28,$-28,$-28,$73,$14,$288,288,$-0.10,$-0.10,$869,$0,$0,$1320,$162,$32,$4287,$137,$4618,$5937,$1103,$2229,$96,$2880,$3983,$0,$-515,$-116,$1955,$5937,$-86,$175,$211,$386,$28,$0,$12,$46,$82,$382,$-34,$0,$-110,$-86,$0,$-86,$0,$-230,$204,$0,$204,$-90,$-90,$0,$-53,$61,$212,$122,$0
6,2017-03-31,17.31,$6.78,2.55,$6.85,2.53,$4.32,4.01,$-0.18,0.0,$1.27B,$1.08B,1.17,$2.22B,$1.95B,1.14,$1.97B,$1.13B,57.15%,$1.97B,$0.13B,6.59%,$1.97B,$0.13B,6.59%,$1.97B,$0.36B,18.36%,$1.97B,$-0.04B,-1.77%,$1.97B,$-0.05B,-2.64%,$-0.05B,$1.95B,-2.74%,$-0.05B,$-2.31B,2.24%,$-0.05B,$5.87B,-0.90%,$0.13B,$4.17B,3.12%,$500,$213,$286,$66,$135,$468,$32,$-56,$-25,$9,$-34,$-34,$-34,$90,$32,$291,291,$-0.12,$-0.12,$786,$0,$0,$1265,$168,$45,$4262,$135,$4610,$5874,$1080,$2218,$90,$2845,$3925,$0,$-487,$-129,$1950,$5874,$-58,$117,$144,$260,$-1,$0,$-1,$61,$48,$250,$-19,$0,$-73,$-84,$0,$-84,$0,$-176,$205,$0,$205,$-90,$-90,$0,$-44,$71,$144,$79,$0
7,2016-12-31,14.9,$6.61,2.25,$6.74,2.21,$4.42,3.37,$-0.08,0.0,$1.57B,$1.70B,0.93,$1.96B,$1.93B,1.02,$1.95B,$1.11B,57.10%,$1.95B,$0.13B,6.71%,$1.95B,$0.13B,6.71%,$1.95B,$0.36B,18.55%,$1.95B,$-0.01B,-0.41%,$1.95B,$-0.03B,-1.28%,$-0.03B,$1.93B,-1.34%,$-0.03B,$-2.34B,1.08%,$-0.03B,$6.20B,-0.44%,$0.13B,$3.89B,3.19%,$488,$212,$275,$66,$141,$464,$24,$-38,$-14,$10,$-24,$-24,$-24,$82,$24,$289,289,$-0.08,$-0.08,$1095,$0,$0,$1574,$178,$42,$4266,$135,$4622,$6195,$1698,$1961,$87,$2571,$4269,$0,$-453,$-147,$1926,$6195,$-24,$58,$56,$114,$-10,$0,$-21,$60,$35,$125,$-11,$0,$-23,$-63,$0,$-63,$0,$-97,$495,$0,$495,$0,$0,$0,$-40,$455,$480,$39,$0
8,2016-09-30,14.5,$6.71,2.16,$6.63,2.19,$4.42,3.28,$-0.04,0.0,$1.04B,$0.69B,1.5,$2.43B,$1.93B,1.26,$1.95B,$1.12B,57.47%,$1.95B,$0.14B,7.13%,$1.95B,$0.14B,7.13%,$1.95B,$0.37B,18.98%,$1.95B,$0.00B,0.10%,$1.95B,$-0.01B,-0.67%,$-0.01B,$1.93B,-0.67%,$-0.01B,$-2.34B,0.59%,$-0.01B,$5.66B,-0.24%,$0.14B,$4.36B,3.29%,$506,$211,$296,$66,$143,$461,$45,$-38,$8,$-11,$18,$18,$18,$104,$45,$292,292,$0.06,$0.06,$580,$0,$0,$1039,$185,$28,$4271,$139,$4623,$5661,$691,$2433,$104,$3039,$3730,$0,$-429,$-116,$1931,$5661,$-12,$231,$203,$435,$25,$0,$38,$52,$144,$566,$-55,$0,$-173,$-35,$0,$-35,$0,$-263,$448,$0,$448,$-683,$-683,$0,$-70,$-305,$2,$164,$0
9,2016-06-30,15.63,$6.42,2.44,$6.49,2.41,$4.03,3.88,$-0.14,0.0,$1.05B,$0.67B,1.56,$2.44B,$1.79B,1.36,$1.95B,$1.12B,57.37%,$1.95B,$0.12B,6.32%,$1.95B,$0.12B,6.32%,$1.95B,$0.35B,18.13%,$1.95B,$-0.01B,-0.31%,$1.95B,$-0.04B,-2.16%,$-0.04B,$1.79B,-2.07%,$-0.04B,$-2.28B,2.01%,$-0.04B,$5.48B,-0.77%,$0.12B,$4.24B,2.91%,$478,$208,$270,$68,$136,$449,$29,$-33,$-4,$8,$-12,$-12,$-12,$86,$29,$279,279,$-0.04,$-0.04,$597,$0,$0,$1045,$187,$20,$4069,$157,$4433,$5477,$668,$2443,$82,$3015,$3683,$0,$-1120,$-118,$1794,$5477,$-31,$173,$168,$341,$23,$0,$25,$49,$116,$427,$-41,$0,$-28,$30,$0,$30,$0,$-40,$448,$0,$448,$-691,$-691,$0,$-68,$-311,$80,$123,$0
10,2016-03-31,18.69,$6.44,2.9,$6.30,2.96,$3.57,5.24,$-0.23,0.0,$0.77B,$0.77B,0.99,$2.13B,$1.80B,1.19,$1.95B,$1.12B,57.58%,$1.95B,$0.11B,5.55%,$1.95B,$0.11B,5.55%,$1.95B,$0.34B,17.41%,$1.95B,$-0.04B,-1.80%,$1.95B,$-0.07B,-3.54%,$-0.07B,$1.80B,-3.19%,$-0.07B,$-2.32B,3.45%,$-0.07B,$5.26B,-1.26%,$0.11B,$3.93B,2.52%,$479,$206,$273,$67,$139,$446,$33,$-31,$2,$9,$-7,$-7,$-7,$90,$33,$298,298,$-0.02,$-0.02,$310,$0,$0,$768,$189,$31,$4114,$154,$4489,$5257,$772,$2132,$78,$2690,$3462,$0,$-1108,$-108,$1795,$5257,$-19,$116,$110,$226,$22,$0,$3,$62,$94,$301,$-32,$0,$-27,$-0,$0,$-0,$0,$-60,$152,$0,$152,$-566,$-566,$0,$-58,$-472,$-229,$81,$0
11,2015-12-31,19.89,$7.45,2.67,$6.17,3.22,$3.24,6.14,$-0.25,0.0,$1.04B,$0.60B,1.72,$2.12B,$2.27B,0.94,$1.94B,$1.12B,57.64%,$1.94B,$0.10B,5.20%,$1.94B,$0.10B,5.20%,$1.94B,$0.33B,17.09%,$1.94B,$-0.04B,-2.06%,$1.94B,$-0.08B,-3.91%,$-0.08B,$2.27B,-3.28%,$-0.08B,$-1.86B,4.06%,$-0.08B,$5.53B,-1.36%,$0.10B,$4.39B,2.28%,$486,$206,$281,$71,$141,$455,$32,$-36,$-4,$8,$-12,$-12,$-12,$90,$32,$308,308,$-0.04,$-0.04,$566,$0,$0,$1035,$187,$29,$4124,$156,$4496,$5531,$603,$2120,$69,$2660,$3263,$0,$-861,$-126,$2268,$5531,$-12,$58,$56,$114,$-4,$0,$-6,$49,$39,$141,$-21,$0,$-1,$-3,$0,$-3,$0,$-24,$152,$0,$152,$-190,$-190,$0,$-52,$-90,$27,$42,$0
12,2015-09-30,16.37,$7.31,2.24,$6.06,2.7,$3.09,5.29,$-0.37,0.0,$0.99B,$0.63B,1.58,$2.10B,$2.27B,0.93,$1.93B,$1.10B,57.12%,$1.93B,$0.05B,2.80%,$1.93B,$0.05B,2.80%,$1.93B,$0.29B,14.76%,$1.93B,$-0.08B,-4.19%,$1.93B,$-0.11B,-5.90%,$-0.11B,$2.27B,-4.77%,$-0.11B,$-1.91B,6.22%,$-0.11B,$5.51B,-2.02%,$0.05B,$4.37B,1.20%,$504,$211,$293,$72,$155,$475,$29,$-29,$0,$11,$-11,$-11,$-11,$87,$29,$317,317,$-0.03,$-0.03,$537,$0,$0,$987,$186,$32,$4175,$133,$4525,$5512,$626,$2103,$69,$2620,$3247,$0,$-417,$-117,$2265,$5512,$-115,$231,$250,$481,$42,$0,$-3,$131,$122,$488,$-58,$0,$-83,$-65,$0,$-65,$0,$-206,$-11,$0,$-11,$-273,$-273,$0,$-58,$-341,$-68,$177,$0
13,2015-06-30,17.51,$7.48,2.34,$6.06,2.89,$2.68,6.54,$-0.33,0.0,$0.97B,$0.60B,1.61,$2.11B,$2.33B,0.91,$1.93B,$1.10B,57.23%,$1.93B,$0.04B,1.81%,$1.93B,$0.04B,1.81%,$1.93B,$0.27B,13.74%,$1.93B,$-0.10B,-5.34%,$1.93B,$-0.10B,-5.39%,$-0.10B,$2.33B,-4.22%,$-0.10B,$-1.91B,5.80%,$-0.10B,$5.59B,-1.82%,$0.04B,$4.44B,0.76%,$478,$204,$274,$78,$141,$464,$14,$-47,$-33,$7,$-39,$-39,$-39,$72,$14,$313,313,$-0.13,$-0.13,$452,$0,$0,$966,$192,$37,$4240,$154,$4623,$5589,$601,$2114,$57,$2661,$3262,$0,$-715,$-85,$2327,$5589,$-104,$172,$173,$345,$51,$0,$-15,$102,$95,$336,$-48,$0,$-82,$-65,$0,$-65,$0,$-195,$-6,$0,$-6,$-226,$-226,$0,$-54,$-285,$-150,$120,$0
14,2015-03-31,14.35,$7.55,1.9,$6.03,2.38,$2.45,5.85,$-0.37,0.0,$1.08B,$0.60B,1.82,$2.14B,$2.40B,0.89,$1.93B,$1.09B,56.51%,$1.93B,$0.01B,0.26%,$1.93B,$0.01B,0.26%,$1.93B,$0.23B,12.09%,$1.93B,$-0.12B,-6.07%,$1.93B,$-0.12B,-6.18%,$-0.12B,$2.40B,-4.70%,$-0.12B,$-1.81B,6.87%,$-0.12B,$5.65B,-2.04%,$0.01B,$4.54B,0.11%,$475,$203,$272,$74,$140,$449,$26,$-30,$-3,$11,$-14,$-14,$-14,$83,$26,$323,323,$-0.04,$-0.04,$538,$0,$0,$1080,$186,$29,$4207,$147,$4570,$5650,$595,$2138,$59,$2653,$3248,$0,$-631,$-102,$2402,$5650,$-65,$114,$101,$215,$17,$0,$2,$96,$65,$216,$-31,$0,$-32,$-68,$0,$-68,$0,$-131,$-2,$0,$-2,$-101,$-101,$0,$-49,$-152,$-73,$78,$0
15,2014-12-31,14.27,$7.86,1.82,$6.06,2.36,$2.32,6.14,$-0.45,0.0,$1.16B,$0.60B,1.92,$2.13B,$2.56B,0.83,$1.93B,$1.08B,56.12%,$1.93B,$-0.02B,-1.04%,$1.93B,$-0.02B,-1.04%,$1.93B,$0.21B,10.63%,$1.93B,$-0.15B,-7.62%,$1.93B,$-0.14B,-7.47%,$-0.14B,$2.56B,-5.58%,$-0.14B,$-1.71B,8.45%,$-0.14B,$5.79B,-2.43%,$-0.02B,$4.69B,-0.42%,$474,$210,$264,$83,$162,$489,$-15,$-30,$-45,$6,$-50,$-50,$-50,$43,$-15,$322,322,$-0.16,$-0.16,$579,$0,$0,$1155,$191,$27,$4262,$151,$4631,$5786,$602,$2133,$57,$2628,$3230,$0,$-581,$-52,$2556,$5786,$-50,$57,$56,$114,$7,$0,$-3,$64,$33,$96,$-17,$0,$-8,$-54,$0,$-54,$0,$-79,$-1,$0,$-1,$-42,$-42,$0,$-1,$-45,$-29,$47,$0
16,2014-09-30,15.42,$8.05,1.92,$6.08,2.54,$2.28,6.75,$-0.47,0.0,$1.17B,$0.64B,1.81,$2.13B,$2.58B,0.82,$1.92B,$1.08B,56.13%,$1.92B,$-0.02B,-1.09%,$1.92B,$-0.02B,-1.09%,$1.92B,$0.20B,10.45%,$1.92B,$-0.15B,-8.00%,$1.92B,$-0.15B,-7.74%,$-0.15B,$2.58B,-5.74%,$-0.15B,$-1.74B,8.75%,$-0.15B,$5.82B,-2.49%,$-0.02B,$4.71B,-0.45%,$502,$208,$294,$82,$167,$492,$10,$-33,$-22,$-21,$-1,$-1,$-1,$67,$10,$317,317,$0.00,$0.00,$588,$0,$0,$1165,$191,$0,$4326,$138,$4656,$5820,$642,$2127,$63,$2596,$3238,$0,$-531,$-24,$2582,$5820,$-150,$222,$200,$422,$-40,$0,$-29,$141,$87,$358,$-60,$0,$-253,$2,$0,$2,$0,$-311,$-258,$0,$-258,$-4,$-4,$0,$-45,$-307,$-261,$193,$0
17,2014-06-30,18.77,$8.13,2.31,$6.00,3.13,$2.42,7.74,$-0.57,0.0,$1.47B,$0.88B,1.68,$2.12B,$2.59B,0.82,$1.89B,$1.06B,55.97%,$1.89B,$-0.03B,-1.43%,$1.89B,$-0.03B,-1.43%,$1.89B,$0.19B,10.08%,$1.89B,$-0.17B,-8.71%,$1.89B,$-0.18B,-9.50%,$-0.18B,$2.59B,-6.90%,$-0.18B,$-1.67B,10.79%,$-0.18B,$6.07B,-3.00%,$-0.03B,$4.72B,-0.57%,$476,$216,$259,$87,$144,$492,$-16,$-31,$-47,$7,$-54,$-54,$-54,$40,$-16,$318,318,$-0.17,$-0.17,$888,$0,$0,$1471,$155,$0,$4262,$184,$4600,$6072,$875,$2122,$60,$2603,$3478,$0,$-529,$23,$2594,$6072,$-149,$165,$174,$339,$-5,$0,$-25,$98,$72,$262,$-41,$0,$-136,$13,$0,$13,$0,$-164,$-6,$0,$-6,$-13,$-13,$0,$-41,$-60,$39,$148,$0
18,2014-03-31,17.17,$8.17,2.1,$5.99,2.87,$2.55,6.73,$-0.51,0.0,$1.39B,$0.83B,1.67,$2.12B,$2.60B,0.82,$1.89B,$1.08B,57.04%,$1.89B,$0.02B,0.79%,$1.89B,$0.02B,0.79%,$1.89B,$0.23B,12.18%,$1.89B,$-0.13B,-6.67%,$1.89B,$-0.16B,-8.53%,$-0.16B,$2.60B,-6.13%,$-0.16B,$-1.70B,9.80%,$-0.16B,$6.01B,-2.69%,$0.02B,$4.72B,0.31%,$476,$210,$265,$85,$142,$475,$1,$-33,$-33,$6,$-39,$-39,$-39,$55,$1,$317,317,$-0.12,$-0.12,$810,$0,$0,$1386,$144,$0,$4300,$182,$4626,$6012,$832,$2118,$64,$2580,$3413,$0,$-475,$12,$2599,$6012,$-95,$109,$110,$219,$7,$0,$-32,$76,$41,$165,$-25,$0,$-136,$10,$0,$10,$0,$-150,$-3,$0,$-3,$-15,$-15,$0,$-38,$-55,$-40,$92,$0
19,2013-12-31,15.2,$8.22,1.85,$5.92,2.57,$2.70,5.63,$-0.47,0.0,$1.36B,$0.84B,1.63,$2.11B,$2.61B,0.81,$1.86B,$1.07B,57.54%,$1.86B,$0.03B,1.40%,$1.86B,$0.03B,1.40%,$1.86B,$0.24B,12.88%,$1.86B,$-0.12B,-6.33%,$1.86B,$-0.15B,-7.94%,$-0.15B,$2.61B,-5.55%,$-0.15B,$-1.70B,9.40%,$-0.15B,$5.99B,-2.46%,$0.03B,$4.72B,0.53%,$470,$208,$262,$80,$163,$486,$-16,$-37,$-52,$3,$-55,$-55,$-55,$39,$-16,$315,315,$-0.18,$-0.18,$775,$0,$0,$1361,$143,$0,$4305,$177,$4625,$5986,$836,$2113,$62,$2541,$3377,$0,$-433,$13,$2609,$5986,$-55,$55,$49,$104,$-7,$0,$-28,$56,$29,$78,$-14,$0,$-99,$8,$0,$8,$0,$-105,$-1,$0,$-1,$-17,$-17,$0,$-28,$-47,$-73,$47,$0
20,2013-09-30,18.68,$8.36,2.23,$5.90,3.16,$2.84,6.57,$-0.36,0.0,$1.41B,$0.81B,1.75,$2.11B,$2.64B,0.8,$1.86B,$1.09B,58.76%,$1.86B,$0.05B,2.59%,$1.86B,$0.05B,2.59%,$1.86B,$0.26B,13.91%,$1.86B,$-0.10B,-5.23%,$1.86B,$-0.12B,-6.20%,$-0.12B,$2.64B,-4.24%,$-0.12B,$-1.61B,7.57%,$-0.12B,$5.96B,-1.91%,$0.05B,$4.75B,0.96%,$472,$199,$274,$78,$157,$469,$4,$-37,$-33,$-1,$-32,$-32,$-32,$57,$4,$314,314,$-0.11,$-0.11,$847,$0,$0,$1410,$161,$0,$4246,$142,$4549,$5959,$805,$2108,$84,$2515,$3321,$0,$-369,$7,$2638,$5959,$-115,$209,$191,$400,$25,$0,$-27,$96,$110,$395,$-56,$0,$-608,$-31,$0,$-31,$0,$-694,$198,$0,$198,$-154,$-154,$0,$-64,$-21,$-322,$159,$0
21,2013-06-30,18.4,$8.48,2.17,$5.86,3.14,$3.04,6.06,$0.10,184.0,$1.43B,$0.59B,2.42,$2.34B,$2.65B,0.88,$1.85B,$1.11B,60.10%,$1.85B,$0.09B,4.91%,$1.85B,$0.09B,4.91%,$1.85B,$0.30B,15.93%,$1.85B,$-0.04B,-2.27%,$1.85B,$0.03B,1.78%,$0.03B,$2.66B,1.21%,$0.03B,$-1.57B,-2.36%,$0.03B,$5.99B,0.55%,$0.09B,$5.00B,1.85%,$470,$194,$276,$73,$150,$444,$26,$-34,$-8,$27,$-35,$-35,$-35,$79,$26,$315,315,$-0.11,$-0.11,$873,$0,$0,$1425,$138,$0,$4224,$201,$4562,$5987,$589,$2344,$80,$2743,$3331,$0,$-302,$-22,$2655,$5987,$-83,$155,$132,$287,$27,$0,$-20,$61,$97,$302,$-42,$0,$-575,$-0,$0,$-0,$0,$-617,$204,$0,$204,$-84,$-84,$0,$-59,$61,$-257,$114,$0
22,2013-03-31,20.18,$8.72,2.31,$5.72,3.53,$3.09,6.54,$0.46,43.87,$1.57B,$0.57B,2.76,$2.34B,$2.76B,0.85,$1.81B,$1.11B,61.25%,$1.81B,$0.10B,5.62%,$1.81B,$0.10B,5.62%,$1.81B,$0.30B,16.70%,$1.81B,$-0.00B,-0.17%,$1.81B,$0.15B,8.05%,$0.15B,$2.77B,5.36%,$0.15B,$-1.43B,-11.52%,$0.15B,$6.09B,2.56%,$0.10B,$5.11B,2.20%,$451,$191,$260,$70,$131,$439,$12,$-38,$-25,$1,$-26,$-26,$-26,$65,$12,$315,315,$-0.08,$-0.08,$1005,$0,$0,$1569,$133,$0,$4193,$196,$4522,$6091,$568,$2337,$89,$2753,$3322,$0,$-209,$-18,$2769,$6091,$-48,$103,$69,$172,$30,$0,$2,$50,$92,$216,$-30,$-474,$0,$0,$0,$0,$0,$-504,$206,$0,$206,$13,$13,$0,$-55,$165,$-124,$75,$0
23,2012-12-31,22.32,$8.81,2.53,$5.50,4.06,$2.97,7.52,$0.54,41.33,$1.56B,$0.59B,2.65,$2.33B,$2.78B,0.84,$1.75B,$1.10B,62.81%,$1.75B,$0.12B,6.90%,$1.75B,$0.12B,6.90%,$1.75B,$0.31B,17.86%,$1.75B,$0.03B,1.94%,$1.75B,$0.17B,9.87%,$0.17B,$2.78B,6.51%,$0.17B,$-1.47B,-16.31%,$0.17B,$6.10B,3.23%,$0.12B,$5.11B,2.84%,$462,$183,$280,$69,$162,$456,$6,$-37,$-31,$-9,$-22,$-22,$-22,$57,$6,$313,313,$-0.07,$-0.07,$961,$0,$0,$1564,$129,$0,$4254,$153,$4536,$6100,$589,$2330,$85,$2728,$3318,$0,$-183,$0,$2782,$6100,$-22,$50,$49,$100,$9,$0,$-19,$46,$45,$123,$-15,$0,$-446,$0,$0,$0,$0,$-461,$208,$0,$208,$2,$2,$0,$-40,$170,$-169,$45,$0
24,2012-09-30,24.89,$8.74,2.85,$5.14,4.84,$2.82,8.82,$0.64,38.89,$1.70B,$0.97B,1.76,$1.75B,$2.72B,0.64,$1.65B,$1.05B,63.38%,$1.65B,$0.13B,7.63%,$1.65B,$0.13B,7.63%,$1.65B,$0.31B,18.95%,$1.65B,$0.07B,3.93%,$1.65B,$0.20B,12.35%,$0.20B,$2.73B,7.94%,$0.20B,$-1.13B,-23.65%,$0.20B,$5.80B,4.09%,$0.13B,$4.48B,3.24%,$469,$171,$297,$63,$149,$422,$47,$-25,$22,$-96,$118,$118,$116,$94,$47,$306,321,$0.38,$0.37,$1130,$0,$0,$1701,$116,$0,$3862,$120,$4098,$5799,$965,$1754,$83,$2106,$3071,$0,$-161,$-7,$2728,$5799,$207,$187,$49,$236,$-55,$0,$23,$53,$30,$473,$-63,$0,$-885,$17,$0,$17,$7,$-924,$1350,$0,$1350,$-222,$-222,$0,$5,$1133,$683,$175,$0
25,2012-06-30,23.82,$8.49,2.81,$4.84,4.92,$2.56,9.29,$0.26,91.62,$0.98B,$0.69B,1.42,$1.26B,$2.60B,0.48,$1.55B,$0.98B,63.23%,$1.55B,$0.09B,5.61%,$1.55B,$0.09B,5.61%,$1.55B,$0.27B,17.61%,$1.55B,$0.05B,2.90%,$1.55B,$0.08B,5.35%,$0.08B,$2.61B,3.30%,$0.08B,$-1.04B,-11.44%,$0.08B,$4.82B,1.82%,$0.09B,$3.87B,2.42%,$432,$158,$274,$56,$136,$394,$37,$-6,$31,$-48,$79,$79,$78,$87,$37,$307,321,$0.26,$0.25,$540,$0,$0,$980,$112,$0,$3646,$80,$3838,$4818,$688,$1261,$82,$1521,$2209,$0,$-279,$-23,$2608,$4818,$89,$140,$72,$211,$-33,$0,$22,$30,$31,$332,$-52,$0,$-666,$26,$0,$26,$7,$-685,$663,$0,$663,$-220,$-220,$0,$5,$448,$92,$116,$0
26,2012-03-31,25.58,$8.18,3.13,$4.53,5.64,$2.43,10.52,$0.14,182.71,$1.38B,$0.88B,1.57,$1.05B,$2.50B,0.42,$1.45B,$0.91B,63.17%,$1.45B,$0.08B,5.25%,$1.45B,$0.08B,5.25%,$1.45B,$0.25B,17.48%,$1.45B,$0.03B,2.21%,$1.45B,$0.05B,3.18%,$0.05B,$2.51B,1.86%,$0.05B,$-0.60B,-7.42%,$0.05B,$4.71B,1.05%,$0.08B,$3.56B,2.20%,$390,$141,$250,$54,$126,$360,$31,$-18,$12,$11,$1,$1,$1,$75,$31,$305,323,$0.00,$0.00,$977,$0,$0,$1378,$100,$0,$3105,$124,$3329,$4707,$878,$1050,$100,$1325,$2203,$0,$-358,$4,$2505,$4707,$10,$90,$77,$167,$-34,$0,$16,$34,$12,$190,$-38,$0,$-127,$21,$0,$21,$7,$-137,$667,$0,$667,$-183,$-183,$0,$-20,$465,$520,$71,$0
27,2011-12-31,25.16,$8.03,3.13,$4.34,5.8,$2.41,10.42,$0.15,167.73,$1.28B,$0.67B,1.9,$1.19B,$2.44B,0.49,$1.38B,$0.86B,62.35%,$1.38B,$0.06B,4.00%,$1.38B,$0.06B,4.00%,$1.38B,$0.23B,16.72%,$1.38B,$0.02B,1.74%,$1.38B,$0.05B,3.42%,$0.05B,$2.44B,1.92%,$0.05B,$-0.68B,-8.43%,$0.05B,$4.61B,1.13%,$0.06B,$3.63B,1.63%,$361,$135,$226,$52,$122,$349,$11,$-11,$-0,$-9,$9,$9,$9,$57,$11,$304,321,$0.03,$0.03,$884,$0,$0,$1277,$98,$0,$3121,$112,$3331,$4608,$673,$1192,$125,$1494,$2167,$0,$-359,$-12,$2441,$4608,$9,$46,$28,$74,$-24,$0,$11,$26,$6,$90,$-26,$0,$-112,$21,$0,$21,$7,$-110,$672,$0,$672,$-193,$-193,$0,$-33,$447,$426,$33,$0
28,2011-09-30,20.34,$8.08,2.52,$4.23,4.81,$2.40,8.48,$0.12,169.5,$0.86B,$0.48B,1.8,$0.85B,$2.49B,0.34,$1.32B,$0.82B,62.09%,$1.32B,$0.05B,3.94%,$1.32B,$0.05B,3.94%,$1.32B,$0.22B,16.98%,$1.32B,$0.03B,2.27%,$1.32B,$0.04B,2.88%,$0.04B,$2.49B,1.58%,$0.04B,$-0.59B,-7.68%,$0.04B,$4.10B,0.96%,$0.05B,$3.35B,1.59%,$367,$137,$230,$49,$124,$359,$8,$-7,$2,$7,$-5,$-5,$-5,$54,$8,$302,316,$-0.02,$-0.02,$485,$0,$0,$855,$78,$0,$3079,$83,$3240,$4095,$475,$853,$111,$1127,$1602,$0,$-243,$2,$2493,$4095,$38,$171,$144,$315,$-26,$0,$-8,$45,$4,$357,$-35,$-409,$0,$1,$0,$1,$17,$-426,$-21,$0,$-21,$37,$37,$0,$-10,$6,$-69,$147,$0
29,2011-06-30,21.47,$8.10,2.65,$4.14,5.18,$2.32,9.27,$0.15,143.13,$0.82B,$0.47B,1.76,$0.85B,$2.46B,0.35,$1.26B,$0.79B,62.44%,$1.26B,$0.08B,5.94%,$1.26B,$0.08B,5.94%,$1.26B,$0.24B,19.10%,$1.26B,$0.04B,3.49%,$1.26B,$0.05B,3.57%,$0.05B,$2.46B,1.90%,$0.05B,$-0.61B,-9.68%,$0.05B,$4.05B,1.16%,$0.08B,$3.32B,2.33%,$329,$121,$208,$42,$109,$303,$26,$-8,$18,$-23,$42,$42,$41,$67,$26,$303,318,$0.14,$0.13,$491,$0,$0,$819,$80,$0,$3076,$75,$3231,$4050,$465,$852,$115,$1122,$1587,$0,$-238,$32,$2463,$4050,$43,$126,$88,$213,$-4,$0,$-10,$27,$3,$260,$-24,$0,$-320,$-4,$0,$-4,$17,$-331,$-14,$0,$-14,$22,$22,$0,$-12,$-4,$-70,$110,$0
30,2011-03-31,19.55,$7.86,2.49,$4.05,4.83,$2.15,9.07,$0.01,1955.0,$0.98B,$0.41B,2.42,$0.85B,$2.37B,0.36,$1.21B,$0.75B,62.27%,$1.21B,$0.05B,4.48%,$1.21B,$0.05B,4.48%,$1.21B,$0.22B,17.99%,$1.21B,$0.03B,2.16%,$1.21B,$0.00B,0.17%,$0.00B,$2.38B,0.09%,$0.00B,$-0.35B,-0.45%,$0.00B,$3.86B,0.05%,$0.05B,$3.23B,1.72%,$319,$125,$194,$46,$111,$309,$10,$-6,$4,$2,$2,$2,$2,$52,$10,$301,315,$0.01,$0.01,$675,$0,$0,$982,$69,$11,$2727,$72,$2879,$3861,$407,$852,$84,$1079,$1486,$0,$-280,$26,$2376,$3861,$2,$85,$83,$168,$-3,$0,$-1,$25,$-10,$159,$-17,$0,$-18,$-4,$0,$-4,$17,$-21,$-9,$0,$-9,$15,$15,$0,$-23,$-18,$125,$76,$0
31,2010-12-31,18.18,$7.72,2.36,$3.99,4.56,$2.10,8.67,$-0.05,0.0,$0.88B,$0.40B,2.23,$0.85B,$2.31B,0.37,$1.16B,$0.73B,62.59%,$1.16B,$0.04B,3.28%,$1.16B,$0.04B,3.28%,$1.16B,$0.20B,17.07%,$1.16B,$0.01B,0.78%,$1.16B,$-0.02B,-1.29%,$-0.02B,$2.32B,-0.67%,$-0.02B,$-0.43B,3.01%,$-0.02B,$3.79B,-0.40%,$0.04B,$3.17B,1.23%,$304,$117,$187,$41,$110,$296,$8,$-2,$6,$6,$-0,$-0,$-0,$51,$8,$299,299,$0.00,$0.00,$566,$0,$0,$880,$64,$32,$2743,$70,$2910,$3789,$395,$851,$86,$1078,$1473,$0,$-281,$7,$2316,$3789,$-0,$43,$35,$78,$-13,$0,$-2,$17,$-15,$63,$-9,$0,$-13,$-4,$0,$-4,$17,$-9,$-5,$0,$-5,$-14,$-14,$0,$3,$-16,$38,$32,$0
32,2010-09-30,15.64,$7.71,2.03,$3.91,3.99,$2.14,7.32,$-0.07,0.0,$0.84B,$0.38B,2.2,$0.85B,$2.29B,0.37,$1.12B,$0.71B,63.27%,$1.12B,$0.03B,3.04%,$1.12B,$0.03B,3.04%,$1.12B,$0.19B,16.89%,$1.12B,$-0.00B,-0.09%,$1.12B,$-0.02B,-1.70%,$-0.02B,$2.30B,-0.87%,$-0.02B,$-0.47B,3.48%,$-0.02B,$3.77B,-0.52%,$0.03B,$3.15B,1.12%,$310,$110,$199,$38,$103,$279,$31,$-15,$16,$14,$2,$2,$2,$71,$31,$287,287,$0.01,$0.01,$546,$0,$0,$842,$62,$28,$2764,$74,$2928,$3770,$382,$851,$99,$1090,$1473,$0,$-281,$9,$2297,$3770,$-19,$157,$125,$282,$-1,$0,$5,$36,$33,$296,$-26,$0,$-219,$-48,$0,$-48,$-22,$-316,$-18,$0,$-18,$42,$42,$0,$-14,$10,$-10,$100,$0
33,2010-06-30,14.95,$7.48,2.0,$3.88,3.86,$2.14,6.99,$-0.06,0.0,$0.80B,$0.37B,2.18,$0.85B,$2.19B,0.39,$1.07B,$0.68B,63.15%,$1.07B,$0.04B,3.26%,$1.07B,$0.04B,3.26%,$1.07B,$0.19B,17.44%,$1.07B,$0.01B,1.03%,$1.07B,$-0.02B,-1.59%,$-0.02B,$2.20B,-0.80%,$-0.02B,$-0.51B,2.99%,$-0.02B,$3.63B,-0.47%,$0.04B,$3.05B,1.17%,$273,$102,$171,$39,$97,$269,$5,$-4,$0,$2,$-2,$-2,$-2,$43,$5,$292,292,$-0.01,$-0.01,$514,$8,$0,$797,$56,$0,$2709,$68,$2833,$3631,$366,$850,$99,$1070,$1436,$0,$-283,$-22,$2195,$3631,$-21,$117,$89,$206,$-13,$0,$-4,$25,$0,$185,$-16,$-15,$-156,$-15,$0,$-15,$-22,$-224,$-14,$0,$-14,$35,$35,$0,$-12,$10,$-35,$73,$0
34,2010-03-31,16.64,$7.51,2.22,$3.86,4.31,$2.21,7.54,$-0.05,0.0,$0.75B,$0.40B,1.9,$0.87B,$2.16B,0.4,$1.04B,$0.65B,62.79%,$1.04B,$0.05B,4.52%,$1.04B,$0.05B,4.52%,$1.04B,$0.20B,18.85%,$1.04B,$0.02B,1.44%,$1.04B,$-0.02B,-1.73%,$-0.02B,$2.16B,-0.88%,$-0.02B,$-0.58B,2.95%,$-0.02B,$3.63B,-0.51%,$0.05B,$3.03B,1.61%,$273,$104,$169,$38,$95,$279,$-6,$-7,$-13,$2,$-15,$-15,$-15,$33,$-6,$285,285,$-0.05,$-0.05,$462,$8,$0,$750,$53,$0,$2746,$78,$2877,$3627,$395,$870,$81,$1069,$1464,$0,$-282,$-3,$2162,$3627,$-20,$78,$58,$136,$-9,$0,$-2,$26,$5,$121,$-8,$-7,$-159,$-15,$0,$-15,$0,$-190,$-9,$0,$-9,$9,$9,$0,$4,$4,$-65,$45,$0
35,2009-12-31,15.53,$7.48,2.07,$3.76,4.13,$2.25,6.9,$0.03,517.67,$0.72B,$0.42B,1.71,$0.85B,$2.12B,0.4,$1.00B,$0.63B,62.75%,$1.00B,$0.07B,6.83%,$1.00B,$0.07B,6.83%,$1.00B,$0.21B,21.18%,$1.00B,$0.03B,3.21%,$1.00B,$0.00B,0.20%,$0.00B,$2.12B,0.10%,$0.00B,$-0.62B,-0.32%,$0.00B,$3.58B,0.06%,$0.07B,$2.97B,2.40%,$263,$94,$169,$37,$93,$259,$4,$-8,$-4,$0,$-4,$-4,$-4,$42,$4,$279,279,$-0.02,$-0.02,$427,$8,$0,$718,$53,$0,$2743,$69,$2866,$3584,$419,$849,$92,$1043,$1463,$0,$-267,$8,$2122,$3584,$-4,$38,$24,$62,$-6,$0,$-4,$10,$7,$65,$-3,$0,$-142,$-15,$0,$-15,$0,$-159,$-2,$0,$-2,$-2,$-2,$0,$-2,$-6,$-100,$20,$0
36,2009-09-30,14.96,$7.38,2.03,$3.73,4.01,$2.33,6.41,$-0.05,0.0,$0.80B,$0.42B,1.9,$0.85B,$2.04B,0.42,$0.95B,$0.59B,62.21%,$0.95B,$0.06B,6.00%,$0.95B,$0.06B,6.00%,$0.95B,$0.19B,20.21%,$0.95B,$0.02B,2.21%,$0.95B,$-0.02B,-2.11%,$-0.02B,$2.04B,-1.10%,$-0.02B,$-0.56B,2.87%,$-0.02B,$3.50B,-0.61%,$0.06B,$2.89B,2.11%,$263,$95,$168,$31,$82,$231,$32,$-5,$28,$23,$4,$4,$4,$69,$32,$254,254,$0.02,$0.02,$527,$0,$0,$796,$53,$0,$2598,$52,$2704,$3499,$419,$849,$98,$1037,$1456,$0,$-262,$8,$2043,$3499,$-19,$134,$104,$238,$33,$0,$27,$-15,$40,$259,$-20,$-66,$-99,$0,$-0,$-0,$0,$-185,$-16,$0,$-16,$215,$215,$0,$-10,$189,$265,$71,$0
37,2009-06-30,12.1,$7.01,1.72,$3.90,3.1,$2.24,5.4,$0.02,605.0,$0.66B,$0.37B,1.78,$0.89B,$1.87B,0.48,$0.94B,$0.59B,62.98%,$0.94B,$0.06B,6.06%,$0.94B,$0.06B,6.06%,$0.94B,$0.18B,19.57%,$0.94B,$0.01B,0.85%,$0.94B,$-0.01B,-0.96%,$-0.01B,$1.88B,-0.54%,$-0.01B,$-0.68B,1.18%,$-0.01B,$3.31B,-0.29%,$0.06B,$2.77B,2.23%,$241,$94,$147,$28,$75,$224,$17,$-13,$4,$7,$-3,$-3,$-3,$52,$17,$261,261,$-0.01,$-0.01,$419,$9,$0,$657,$52,$0,$2554,$43,$2649,$3306,$369,$890,$97,$1060,$1430,$0,$-254,$-0,$1877,$3306,$-24,$97,$64,$161,$48,$-2,$23,$-12,$47,$184,$-16,$-65,$-114,$0,$-0,$-0,$0,$-195,$-5,$0,$-5,$180,$180,$0,$-7,$168,$157,$53,$0
38,2009-03-31,10.84,$6.77,1.6,$3.99,2.72,$2.14,5.07,$-0.03,0.0,$0.65B,$0.37B,1.74,$0.92B,$1.77B,0.52,$0.92B,$0.58B,63.65%,$0.92B,$0.05B,5.57%,$0.92B,$0.05B,5.57%,$0.92B,$0.17B,18.12%,$0.92B,$0.00B,0.33%,$0.92B,$-0.02B,-1.75%,$-0.02B,$1.77B,-1.04%,$-0.02B,$-0.67B,2.07%,$-0.02B,$3.18B,-0.54%,$0.05B,$2.69B,2.09%,$229,$88,$141,$27,$75,$214,$15,$-11,$4,$-1,$5,$5,$5,$48,$15,$251,269,$0.02,$0.02,$421,$9,$0,$647,$52,$0,$2443,$40,$2535,$3181,$372,$919,$57,$1035,$1407,$0,$-253,$-18,$1774,$3181,$-21,$63,$37,$100,$34,$-1,$25,$-3,$52,$131,$-13,$-63,$-62,$0,$-0,$-0,$0,$-137,$-4,$0,$-4,$177,$177,$0,$-5,$169,$159,$35,$0
39,2008-12-31,10.36,$6.49,1.6,$4.13,2.51,$2.06,5.02,$-0.19,0.0,$0.48B,$0.42B,1.14,$0.89B,$1.57B,0.57,$0.89B,$0.56B,63.15%,$0.89B,$0.02B,2.47%,$0.89B,$0.02B,2.47%,$0.89B,$0.13B,14.61%,$0.89B,$-0.03B,-3.03%,$0.89B,$-0.05B,-5.39%,$-0.05B,$1.57B,-3.49%,$-0.05B,$-0.89B,6.34%,$-0.05B,$3.03B,-1.74%,$0.02B,$2.47B,0.97%,$217,$82,$135,$31,$86,$224,$-7,$-7,$-15,$12,$-26,$-26,$-26,$23,$-7,$236,236,$-0.11,$-0.11,$239,$8,$0,$480,$53,$0,$2459,$40,$2552,$3032,$421,$893,$58,$1040,$1460,$0,$-260,$-3,$1572,$3032,$-26,$30,$20,$50,$23,$-1,$22,$2,$57,$81,$-9,$-50,$-37,$0,$-0,$-0,$0,$-96,$-2,$0,$-2,$-2,$-2,$0,$-2,$-6,$-22,$17,$0
40,2008-09-30,12.19,$6.21,1.96,$4.21,2.9,$1.95,6.24,$-0.17,0.0,$0.52B,$0.38B,1.35,$0.89B,$1.42B,0.63,$0.87B,$0.55B,63.71%,$0.87B,$0.03B,3.69%,$0.87B,$0.03B,3.69%,$0.87B,$0.13B,15.09%,$0.87B,$-0.02B,-2.65%,$0.87B,$-0.04B,-4.26%,$-0.04B,$1.43B,-2.93%,$-0.04B,$-0.82B,5.38%,$-0.04B,$2.85B,-1.42%,$0.03B,$2.32B,1.48%,$253,$84,$169,$27,$77,$221,$32,$-17,$15,$0,$15,$15,$15,$61,$32,$210,210,$0.08,$0.08,$262,$7,$0,$515,$46,$0,$2241,$44,$2331,$2846,$382,$894,$80,$1040,$1421,$0,$-235,$13,$1425,$2846,$-37,$99,$90,$189,$62,$0,$-12,$9,$44,$196,$-18,$-36,$-393,$3,$-2,$0,$0,$-446,$-19,$0,$-19,$358,$358,$0,$-12,$327,$77,$69,$0
41,2008-06-30,15.67,$6.08,2.58,$4.02,3.9,$1.63,9.6,$-0.28,0.0,$0.49B,$0.31B,1.6,$0.90B,$1.38B,0.65,$0.80B,$0.50B,63.27%,$0.80B,$0.01B,1.13%,$0.80B,$0.01B,1.13%,$0.80B,$0.10B,11.95%,$0.80B,$-0.04B,-4.91%,$0.80B,$-0.06B,-6.92%,$-0.06B,$1.38B,-4.89%,$-0.06B,$-0.71B,8.15%,$-0.06B,$2.71B,-2.26%,$0.01B,$2.28B,0.44%,$217,$79,$138,$27,$83,$206,$11,$-12,$-1,$9,$-10,$-10,$-10,$34,$11,$214,214,$-0.05,$-0.05,$266,$8,$0,$494,$43,$0,$2094,$75,$2212,$2706,$308,$896,$75,$1016,$1325,$0,$-257,$25,$1381,$2706,$-52,$70,$66,$136,$75,$0,$-13,$3,$46,$130,$-14,$-6,$-355,$3,$-2,$0,$0,$-374,$-6,$0,$-6,$334,$334,$0,$-4,$324,$81,$53,$0
42,2008-03-31,17.41,$5.36,3.25,$3.88,4.49,$1.55,11.25,$-0.27,0.0,$0.60B,$0.32B,1.87,$0.90B,$1.12B,0.8,$0.74B,$0.47B,63.95%,$0.74B,$0.01B,1.36%,$0.74B,$0.01B,1.36%,$0.74B,$0.09B,11.70%,$0.74B,$-0.03B,-4.49%,$0.74B,$-0.05B,-7.21%,$-0.05B,$1.13B,-5.48%,$-0.05B,$-0.61B,8.91%,$-0.05B,$2.45B,-2.46%,$0.01B,$2.02B,0.57%,$203,$84,$120,$31,$85,$217,$-14,$-12,$-26,$1,$-27,$-27,$-27,$12,$-14,$206,206,$-0.13,$-0.13,$354,$8,$0,$596,$38,$0,$1739,$74,$1851,$2447,$319,$897,$64,$1001,$1319,$0,$-247,$22,$1127,$2447,$-42,$46,$44,$91,$44,$1,$-4,$9,$34,$82,$-7,$-4,$-22,$3,$-2,$0,$0,$-32,$-4,$0,$-4,$128,$128,$0,$-5,$119,$170,$38,$0
43,2007-12-31,18.68,$5.36,3.49,$3.66,5.1,$1.51,12.36,$-0.15,0.0,$0.59B,$0.32B,1.84,$0.90B,$1.11B,0.81,$0.66B,$0.44B,65.96%,$0.66B,$0.03B,4.52%,$0.66B,$0.03B,4.52%,$0.66B,$0.09B,13.70%,$0.66B,$-0.01B,-1.20%,$0.66B,$-0.03B,-4.22%,$-0.03B,$1.12B,-3.34%,$-0.03B,$-0.61B,5.25%,$-0.03B,$2.43B,-1.51%,$0.03B,$2.01B,2.02%,$195,$69,$126,$28,$81,$192,$3,$-14,$-11,$5,$-15,$-15,$-15,$24,$3,$195,195,$-0.08,$-0.08,$324,$7,$0,$590,$39,$0,$1727,$73,$1839,$2429,$321,$899,$55,$994,$1314,$0,$-220,$18,$1115,$2429,$-15,$20,$20,$40,$21,$1,$-8,$0,$16,$41,$-3,$-2,$-17,$2,$-2,$-0,$0,$-22,$-2,$0,$-2,$125,$125,$0,$-3,$120,$139,$15,$0
44,2007-09-30,19.31,$4.55,4.25,$3.44,5.61,$1.46,13.27,$-0.08,0.0,$0.42B,$0.26B,1.64,$0.90B,$0.87B,1.03,$0.60B,$0.41B,67.28%,$0.60B,$0.04B,6.48%,$0.60B,$0.04B,6.48%,$0.60B,$0.09B,14.95%,$0.60B,$0.01B,1.33%,$0.60B,$-0.01B,-2.33%,$-0.01B,$0.88B,-1.97%,$-0.01B,$-0.76B,3.03%,$-0.01B,$2.17B,-0.89%,$0.04B,$1.78B,3.20%,$180,$61,$119,$26,$75,$171,$9,$-10,$-1,$3,$-3,$-3,$-3,$25,$9,$176,176,$-0.02,$-0.02,$187,$8,$0,$422,$38,$0,$1641,$73,$1751,$2173,$257,$900,$99,$1038,$1295,$0,$-204,$15,$878,$2173,$-14,$50,$69,$119,$-14,$-1,$11,$-4,$1,$106,$-13,$-8,$-564,$6,$0,$6,$1,$-578,$-18,$551,$533,$24,$24,$0,$-16,$541,$72,$48,$0
45,2007-06-30,16.73,$4.07,4.11,$3.21,5.22,$1.25,13.38,$-0.10,0.0,$0.34B,$0.23B,1.5,$0.44B,$0.75B,0.59,$0.55B,$0.37B,67.45%,$0.55B,$0.04B,6.73%,$0.55B,$0.04B,6.73%,$0.55B,$0.09B,15.64%,$0.55B,$0.01B,1.45%,$0.55B,$-0.02B,-3.27%,$-0.02B,$0.75B,-2.83%,$-0.02B,$-0.39B,5.05%,$-0.02B,$1.56B,-1.35%,$0.04B,$1.19B,3.68%,$157,$52,$105,$20,$66,$145,$12,$-7,$5,$12,$-8,$-8,$-8,$25,$12,$180,180,$-0.04,$-0.04,$176,$8,$0,$340,$37,$0,$1143,$37,$1216,$1556,$227,$436,$100,$580,$807,$0,$-201,$6,$750,$1556,$-11,$34,$51,$86,$4,$-1,$9,$3,$16,$92,$-9,$-3,$-96,$0,$0,$0,$1,$-107,$-5,$88,$83,$15,$15,$0,$-27,$71,$56,$33,$0
46,2007-03-31,15.31,$3.52,4.35,$3.01,5.08,$0.95,16.08,$-0.12,0.0,$0.24B,$0.21B,1.15,$0.35B,$0.61B,0.57,$0.51B,$0.34B,67.59%,$0.51B,$0.03B,5.34%,$0.51B,$0.03B,5.34%,$0.51B,$0.07B,14.62%,$0.51B,$-0.00B,-0.40%,$0.51B,$-0.02B,-3.75%,$-0.02B,$0.62B,-3.22%,$-0.02B,$-0.37B,5.48%,$-0.02B,$1.27B,-1.52%,$0.03B,$0.96B,2.87%,$132,$44,$88,$18,$59,$126,$6,$-7,$-1,$1,$-2,$-2,$-2,$17,$6,$172,172,$-0.01,$-0.01,$89,$8,$0,$235,$32,$0,$981,$26,$1039,$1274,$205,$349,$63,$454,$659,$0,$-193,$4,$615,$1274,$-3,$22,$29,$50,$8,$-1,$5,$5,$14,$61,$-5,$-3,$-59,$0,$0,$0,$1,$-67,$-3,$0,$-3,$10,$10,$0,$-24,$-17,$-23,$21,$0
47,2006-12-31,11.46,$3.47,3.3,$2.68,4.27,$0.69,16.67,$-0.12,0.0,$0.29B,$0.22B,1.3,$0.35B,$0.59B,0.59,$0.45B,$0.31B,68.61%,$0.45B,$0.02B,5.16%,$0.45B,$0.02B,5.16%,$0.45B,$0.07B,14.57%,$0.45B,0,0.00%,$0.45B,$-0.02B,-4.04%,$-0.02B,$0.60B,-3.11%,$-0.02B,$-0.32B,5.13%,$-0.02B,$1.27B,-1.44%,$0.02B,$0.95B,2.47%,$133,$41,$93,$17,$59,$122,$12,$-7,$5,$6,$-1,$-1,$-1,$23,$12,$170,170,$-0.01,$-0.01,$130,$8,$0,$292,$31,$0,$923,$24,$977,$1269,$224,$349,$65,$446,$671,$0,$-191,$3,$598,$1269,$-1,$11,$14,$25,$-9,$-1,$7,$6,$3,$26,$-3,$-2,$-4,$0,$0,$0,$-0,$-8,$-1,$0,$-1,$4,$4,$0,$-3,$0,$17,$9,$0
