,Date,Stock Price,Book Value per Share,Price to Book Ratio,TTM Sales per Share,Price to Sales Ratio,TTM FCF per Share,Price to FCF Ratio,TTM Net EPS,PE Ratio,Current Assets,Current Liabilities,Current Ratio,Long Term Debt,Shareholder's Equity_x,Debt to Equity Ratio,TTM Revenue_x,TTM Gross Profit,Gross Margin,TTM Revenue_y,TTM Operating Income,Operating Margin,TTM Revenue_x,TTM EBIT,EBIT Margin,TTM Revenue_y,TTM EBITDA,EBITDA Margin,TTM Revenue_x,TTM Pre-Tax Income,Pre-Tax Margin,TTM Revenue_y,TTM Net Income_x,Net Margin,TTM Net Income_y,Shareholder's Equity_y,Return on Equity,TTM Net Income_x,Tangible Equity,Return on Tangible Equity,TTM Net Income_y,Total Assets,Return on Assets,TTM Net Income,LT Investments & Debt,Return on Investment,revenue,cost-goods-sold,gross-profit,research-development-expenses,selling-general-administrative-expenses,operating-expenses,operating-income,total-non-operating-income-expense,pre-tax-income,total-provision-income-taxes,income-after-taxes,income-from-continuous-operations,net-income,ebitda,ebit,basic-shares-outstanding,shares-outstanding,eps-basic-net-earnings-per-share,eps-earnings-per-share-diluted,cash-on-hand,inventory,other-current-assets,total-current-assets,net-property-plant-equipment,long-term-investments,goodwill-intangible-assets-total,other-long-term-assets,total-long-term-assets,total-assets,total-current-liabilities,long-term-debt,other-non-current-liabilities,total-long-term-liabilities,total-liabilities,common-stock-net,retained-earnings-accumulated-deficit,comprehensive-income,total-share-holder-equity,total-liabilities-share-holders-equity,net-income-loss,total-depreciation-amortization-cash-flow,other-non-cash-items,total-non-cash-items,change-in-accounts-receivable,change-in-inventories,change-in-accounts-payable,change-in-assets-liabilities,total-change-in-assets-liabilities,cash-flow-from-operating-activities,net-change-in-property-plant-equipment,net-change-in-intangible-assets,net-acquisitions-divestitures,net-change-in-short-term-investments,net-change-in-long-term-investments,net-change-in-investments-total,investing-activities-other,cash-flow-from-investing-activities,net-long-term-debt,net-current-debt,debt-issuance-retirement-net-total,net-common-equity-issued-repurchased,net-total-equity-issued-repurchased,total-common-preferred-stock-dividends-paid,financial-activities-other,cash-flow-from-financial-activities,net-cash-flow,stock-based-compensation,common-stock-dividends-paid
0,2018-09-30,63.45,$32.41,1.96,$74.76,0.85,$7.60,8.34,$6.56,9.67,$8.84B,$2.81B,3.15,$4.23B,$10.17B,0.42,$23.86B,$3.70B,15.52%,$23.86B,$2.77B,11.62%,$23.86B,$2.77B,11.62%,$23.86B,$3.50B,14.66%,$23.86B,$2.68B,11.21%,$23.86B,$2.09B,8.76%,$2.09B,$10.17B,21.82%,$2.09B,$7.13B,32.12%,$2.09B,$17.96B,12.41%,$2.77B,$14.41B,20.82%,$6742,$5452,$1290,$0,$234,$5796,$946,$-24,$923,$216,$706,$706,$674,$1126,$946,$316,317,$2.13,$2.13,$1932,$4106,$170,$8844,$5151,$0,$3042,$926,$9119,$17963,$2808,$4233,$0,$4981,$7788,$152,$9814,$-275,$10174,$17963,$1800,$541,$225,$766,$-615,$-645,$230,$0,$-688,$1901,$-597,$0,$0,$50,$-112,$-62,$25,$-633,$496,$-0,$496,$-327,$-327,$-365,$-84,$-281,$983,$66,$-365
1,2018-06-30,62.5,$30.77,2.03,$69.60,0.9,$5.03,12.44,$5.26,11.88,$8.40B,$2.75B,3.06,$4.23B,$9.74B,0.44,$22.29B,$2.99B,13.43%,$22.29B,$2.23B,10.02%,$22.29B,$2.23B,10.02%,$22.29B,$2.96B,13.27%,$22.29B,$2.12B,9.52%,$22.29B,$1.67B,7.49%,$1.67B,$9.74B,18.06%,$1.67B,$6.68B,27.17%,$1.67B,$17.45B,10.13%,$2.23B,$13.97B,17.53%,$6461,$5294,$1167,$0,$234,$5529,$932,$-19,$914,$200,$714,$714,$680,$1112,$932,$318,319,$2.14,$2.13,$1486,$4133,$144,$8401,$5122,$0,$3054,$874,$9050,$17452,$2750,$4232,$0,$4966,$7716,$152,$9258,$-296,$9735,$17452,$1094,$361,$107,$468,$-602,$-676,$368,$0,$-700,$871,$-344,$0,$0,$50,$-73,$-23,$1,$-366,$496,$6,$502,$-158,$-158,$-244,$-71,$29,$537,$52,$-244
2,2018-03-31,60.72,$29.31,2.07,$65.48,0.93,$3.92,15.49,$4.13,14.7,$7.08B,$2.85B,2.49,$3.24B,$9.32B,0.35,$21.01B,$2.54B,12.07%,$21.01B,$1.84B,8.76%,$21.01B,$1.84B,8.76%,$21.01B,$2.57B,12.23%,$21.01B,$1.72B,8.17%,$21.01B,$1.31B,6.25%,$1.31B,$9.32B,14.59%,$1.31B,$6.24B,22.34%,$1.31B,$16.12B,8.13%,$1.84B,$12.57B,15.04%,$5568,$4842,$726,$0,$183,$5025,$543,$-28,$516,$136,$380,$380,$353,$725,$543,$319,320,$1.11,$1.10,$760,$3709,$239,$7079,$5091,$0,$3088,$863,$9042,$16121,$2845,$3243,$0,$3954,$6798,$152,$8696,$-249,$9323,$16121,$380,$181,$56,$237,$-344,$-247,$158,$0,$-518,$128,$-166,$0,$0,$50,$-56,$-6,$1,$-171,$0,$21,$21,$-14,$-14,$-122,$-31,$-146,$-189,$10,$-122
3,2017-12-31,62.79,$28.57,2.2,$63.10,1.0,$4.53,13.85,$4.14,15.17,$6.82B,$2.83B,2.42,$3.24B,$9.09B,0.36,$20.25B,$2.57B,12.69%,$20.25B,$1.88B,9.29%,$20.25B,$1.88B,9.29%,$20.25B,$2.61B,12.88%,$20.25B,$1.75B,8.64%,$20.25B,$1.32B,6.49%,$1.32B,$9.09B,14.98%,$1.32B,$5.97B,23.30%,$1.32B,$15.84B,8.18%,$1.88B,$12.33B,15.49%,$5092,$4572,$521,$0,$168,$4740,$352,$-30,$322,$-73,$395,$395,$383,$536,$352,$320,321,$1.21,$1.20,$999,$3462,$335,$6824,$5093,$0,$3111,$813,$9017,$15841,$2825,$3242,$0,$3932,$6756,$152,$8464,$-255,$9085,$15841,$1381,$727,$-149,$578,$-330,$-901,$315,$0,$-940,$1051,$-423,$0,$-544,$100,$-59,$41,$7,$-919,$-600,$35,$-565,$-79,$-79,$-485,$-109,$-1238,$-1097,$64,$-485
4,2017-09-30,55.02,$27.82,1.98,$59.59,0.92,$6.21,8.86,$3.44,16.0,$7.50B,$3.56B,2.11,$3.24B,$8.85B,0.37,$19.12B,$2.49B,13.04%,$19.12B,$1.82B,9.50%,$19.12B,$1.82B,9.50%,$19.12B,$2.53B,13.26%,$19.12B,$1.68B,8.80%,$19.12B,$1.09B,5.70%,$1.09B,$8.85B,12.72%,$1.09B,$5.70B,19.87%,$1.09B,$16.50B,6.84%,$1.82B,$12.09B,15.06%,$5170,$4591,$579,$0,$173,$4764,$406,$-36,$371,$105,$266,$266,$254,$586,$406,$320,321,$0.79,$0.79,$1626,$3522,$239,$7501,$5096,$0,$3149,$759,$9003,$16504,$3555,$3241,$0,$4103,$7658,$152,$8202,$-218,$8846,$16504,$985,$543,$31,$574,$-407,$-957,$452,$0,$-868,$767,$-273,$0,$-543,$100,$-19,$81,$-1,$-737,$0,$32,$32,$-85,$-85,$-364,$-101,$-518,$-470,$51,$-364
5,2017-06-30,56.44,$27.27,2.07,$56.88,0.99,$7.39,7.64,$3.45,16.36,$7.18B,$3.33B,2.16,$3.24B,$8.71B,0.37,$18.24B,$2.60B,14.23%,$18.24B,$1.92B,10.54%,$18.24B,$1.92B,10.54%,$18.24B,$2.63B,14.44%,$18.24B,$1.80B,9.85%,$18.24B,$1.14B,6.25%,$1.14B,$8.71B,13.60%,$1.14B,$5.59B,21.16%,$1.14B,$16.11B,7.32%,$1.92B,$11.95B,15.83%,$5175,$4465,$710,$0,$170,$4635,$539,$-31,$508,$166,$342,$342,$322,$722,$539,$320,321,$1.00,$1.00,$1561,$3327,$214,$7183,$5062,$0,$3127,$741,$8930,$16113,$3325,$3241,$0,$4076,$7401,$152,$8068,$-293,$8712,$16113,$719,$364,$62,$426,$-396,$-782,$371,$0,$-823,$351,$-177,$0,$-478,$100,$-19,$81,$-1,$-575,$0,$21,$21,$4,$4,$-243,$-94,$-312,$-535,$41,$-243
6,2017-03-31,57.86,$26.54,2.18,$54.06,1.07,$8.89,6.51,$3.18,18.2,$6.88B,$2.84B,2.42,$3.74B,$8.47B,0.44,$17.31B,$2.47B,14.27%,$17.31B,$1.81B,10.45%,$17.31B,$1.81B,10.45%,$17.31B,$2.51B,14.48%,$17.31B,$1.68B,9.69%,$17.31B,$1.06B,6.14%,$1.06B,$8.47B,12.98%,$1.06B,$5.32B,20.12%,$1.06B,$15.88B,6.95%,$1.81B,$12.21B,14.79%,$4815,$4055,$760,$0,$176,$4231,$584,$-35,$549,$171,$378,$378,$356,$765,$584,$320,321,$1.11,$1.11,$1708,$3064,$126,$6878,$5133,$0,$3147,$717,$8997,$15875,$2838,$3740,$0,$4570,$7407,$152,$7866,$-317,$8468,$15875,$378,$181,$24,$205,$-290,$-520,$413,$0,$-342,$244,$-86,$0,$-485,$100,$-14,$86,$0,$-485,$0,$30,$30,$7,$7,$-121,$-63,$-147,$-388,$10,$-121
7,2016-12-31,57.31,$25.90,2.21,$50.70,1.13,$9.88,5.8,$2.29,25.03,$6.51B,$2.39B,2.72,$3.74B,$8.26B,0.45,$16.21B,$2.03B,12.49%,$16.21B,$1.43B,8.82%,$16.21B,$1.43B,8.82%,$16.21B,$2.12B,13.06%,$16.21B,$1.30B,8.01%,$16.21B,$0.79B,4.89%,$0.79B,$8.26B,9.90%,$0.79B,$5.34B,15.26%,$0.79B,$15.22B,5.32%,$1.43B,$11.99B,11.71%,$3957,$3513,$443,$0,$156,$3669,$287,$-32,$255,$80,$175,$175,$158,$461,$287,$320,320,$0.50,$0.50,$2196,$2480,$199,$6506,$5079,$0,$2920,$719,$8717,$15224,$2390,$3739,$0,$4579,$6969,$152,$7631,$-318,$8255,$15224,$900,$687,$130,$817,$-218,$-133,$237,$0,$24,$1750,$-586,$0,$-340,$-50,$-63,$-113,$14,$-1025,$0,$-33,$-33,$11,$11,$-481,$-122,$-626,$106,$57,$-481
8,2016-09-30,47.32,$25.40,1.86,$49.11,0.96,$11.93,3.97,$1.60,29.57,$6.70B,$1.90B,3.53,$4.34B,$8.09B,0.54,$15.71B,$1.50B,9.53%,$15.71B,$0.73B,4.65%,$15.71B,$0.73B,4.65%,$15.71B,$1.42B,9.04%,$15.71B,$0.60B,3.79%,$15.71B,$0.30B,1.88%,$0.30B,$8.09B,3.74%,$0.30B,$5.31B,5.77%,$0.30B,$15.11B,2.01%,$0.73B,$12.43B,5.97%,$4290,$3608,$682,$0,$169,$3777,$513,$-29,$484,$153,$331,$331,$304,$685,$513,$320,320,$0.95,$0.95,$2355,$2338,$157,$6700,$4913,$0,$2784,$715,$8413,$15114,$1898,$4338,$0,$5125,$7023,$152,$7470,$-289,$8091,$15114,$725,$513,$139,$652,$-328,$-289,$216,$0,$-269,$1182,$-313,$0,$-48,$-550,$-48,$-598,$13,$-945,$0,$-22,$-22,$1,$1,$-361,$-101,$-483,$-235,$44,$-361
9,2016-06-30,46.93,$24.88,1.89,$48.87,0.96,$13.89,3.38,$1.47,31.92,$6.54B,$1.94B,3.38,$4.34B,$7.92B,0.55,$15.65B,$1.34B,8.56%,$15.65B,$0.62B,3.94%,$15.65B,$0.62B,3.94%,$15.65B,$1.31B,8.36%,$15.65B,$0.47B,2.98%,$15.65B,$0.22B,1.39%,$0.22B,$7.92B,2.76%,$0.22B,$5.15B,4.27%,$0.22B,$14.93B,1.48%,$0.62B,$12.26B,5.04%,$4246,$3661,$585,$0,$162,$3822,$424,$-34,$390,$119,$271,$271,$244,$595,$424,$319,320,$0.76,$0.76,$2331,$2288,$129,$6538,$4817,$0,$2771,$798,$8386,$14925,$1936,$4338,$0,$5068,$7004,$152,$7320,$-281,$7921,$14925,$394,$342,$70,$412,$-398,$-183,$453,$0,$33,$866,$-216,$0,$0,$-450,$-13,$-463,$6,$-672,$0,$-31,$-31,$-3,$-3,$-240,$-92,$-367,$-158,$38,$-240
10,2016-03-31,44.57,$24.46,1.82,$49.17,0.91,$15.08,2.95,$1.13,39.44,$6.01B,$1.55B,3.88,$4.34B,$7.78B,0.56,$15.76B,$1.14B,7.23%,$15.76B,$0.45B,2.86%,$15.76B,$0.45B,2.86%,$15.76B,$1.15B,7.27%,$15.76B,$0.29B,1.85%,$15.76B,$0.10B,0.62%,$0.10B,$7.78B,1.24%,$0.10B,$5.00B,1.92%,$0.10B,$14.40B,0.66%,$0.45B,$12.12B,3.68%,$3716,$3401,$315,$0,$110,$3510,$205,$-36,$170,$47,$122,$122,$87,$376,$205,$319,319,$0.27,$0.27,$2328,$2008,$176,$6006,$4814,$0,$2782,$793,$8389,$14395,$1550,$4338,$0,$5067,$6617,$151,$7207,$-296,$7778,$14395,$122,$170,$50,$220,$-104,$114,$197,$0,$181,$551,$-75,$0,$-1,$50,$-6,$44,$1,$-32,$0,$-15,$-15,$-5,$-5,$-120,$-50,$-190,$339,$7,$-120
11,2015-12-31,37.68,$24.69,1.53,$51.26,0.73,$15.12,2.49,$1.12,33.64,$5.85B,$1.39B,4.23,$4.34B,$7.85B,0.55,$16.44B,$1.11B,6.77%,$16.44B,$0.41B,2.49%,$16.44B,$0.41B,2.49%,$16.44B,$1.11B,6.75%,$16.44B,$0.24B,1.47%,$16.44B,$0.08B,0.47%,$0.08B,$7.85B,0.98%,$0.08B,$5.07B,1.53%,$0.08B,$14.33B,0.52%,$0.41B,$12.19B,3.33%,$3457,$3541,$-85,$0,$81,$3868,$-411,$-37,$-448,$-129,$-318,$-318,$-339,$-236,$-411,$321,321,$-1.06,$-1.06,$2039,$2245,$186,$5854,$4891,$0,$2782,$799,$8473,$14327,$1385,$4337,$0,$5092,$6477,$151,$7317,$-351,$7850,$14327,$193,$700,$54,$754,$655,$1061,$-439,$0,$1284,$2169,$-345,$0,$-19,$-0,$-80,$-81,$3,$-442,$-16,$-156,$-172,$-66,$-66,$-479,$-84,$-801,$915,$46,$-479
12,2015-09-30,34.78,$25.18,1.38,$56.11,0.62,$11.65,2.98,$1.96,17.75,$6.47B,$1.85B,3.5,$4.36B,$8.05B,0.54,$17.99B,$1.66B,9.20%,$17.99B,$1.15B,6.39%,$17.99B,$1.15B,6.39%,$17.99B,$1.86B,10.34%,$17.99B,$0.98B,5.47%,$17.99B,$0.59B,3.29%,$0.59B,$8.05B,7.40%,$0.59B,$5.23B,11.54%,$0.59B,$15.27B,3.89%,$1.15B,$12.41B,9.30%,$4226,$3702,$524,$0,$124,$3826,$399,$-45,$354,$87,$268,$268,$226,$573,$399,$321,321,$0.71,$0.71,$1995,$2361,$393,$6466,$5041,$0,$2817,$946,$8804,$15269,$1847,$4361,$0,$5375,$7222,$151,$7438,$-302,$8047,$15269,$511,$525,$0,$525,$329,$370,$-83,$0,$713,$1757,$-258,$0,$-0,$-0,$-41,$-42,$3,$-297,$-16,$-153,$-169,$0,$0,$-359,$-56,$-584,$871,$40,$-359
13,2015-06-30,40.41,$24.95,1.62,$60.75,0.67,$8.19,4.93,$2.01,20.11,$6.16B,$1.69B,3.64,$4.36B,$7.98B,0.55,$19.46B,$1.73B,8.89%,$19.46B,$1.20B,6.16%,$19.46B,$1.20B,6.16%,$19.46B,$1.91B,9.82%,$19.46B,$1.03B,5.31%,$19.46B,$0.61B,3.14%,$0.61B,$7.98B,7.64%,$0.61B,$5.11B,11.92%,$0.61B,$15.07B,4.00%,$1.20B,$12.34B,9.70%,$4358,$3971,$386,$0,$129,$4100,$258,$-41,$216,$57,$159,$159,$124,$433,$258,$321,321,$0.39,$0.39,$1689,$2267,$407,$6155,$5121,$0,$2865,$927,$8913,$15068,$1690,$4361,$0,$5403,$7093,$151,$7331,$-237,$7975,$15068,$244,$351,$10,$362,$254,$472,$-160,$0,$618,$1195,$-157,$0,$-0,$-12,$-24,$-36,$2,$-191,$-8,$-164,$-172,$0,$0,$-239,$-39,$-451,$552,$34,$-239
14,2015-03-31,43.24,$24.77,1.75,$63.69,0.68,$4.99,8.67,$2.08,20.79,$5.86B,$1.53B,3.85,$4.36B,$7.91B,0.55,$20.40B,$1.76B,8.63%,$20.40B,$1.22B,6.00%,$20.40B,$1.22B,6.00%,$20.40B,$1.94B,9.53%,$20.40B,$1.06B,5.19%,$20.40B,$0.63B,3.11%,$0.63B,$7.91B,7.94%,$0.63B,$5.03B,12.36%,$0.63B,$14.86B,4.14%,$1.22B,$12.27B,9.90%,$4399,$4111,$288,$0,$125,$4236,$164,$-45,$119,$35,$84,$84,$67,$340,$164,$320,320,$0.21,$0.21,$1266,$2406,$480,$5863,$5184,$0,$2878,$930,$8992,$14855,$1525,$4361,$0,$5425,$6950,$151,$7326,$-265,$7906,$14855,$84,$177,$-3,$173,$343,$331,$-238,$0,$354,$564,$-75,$0,$0,$-12,$-21,$-33,$2,$-106,$0,$-180,$-180,$0,$0,$-120,$-25,$-325,$130,$6,$-120
15,2014-12-31,44.27,$25.31,1.75,$65.94,0.67,$3.13,14.13,$2.22,19.94,$6.44B,$2.10B,3.07,$4.36B,$8.08B,0.54,$21.11B,$1.85B,8.77%,$21.11B,$1.30B,6.17%,$21.11B,$1.30B,6.17%,$21.11B,$2.03B,9.61%,$21.11B,$1.15B,5.44%,$21.11B,$0.68B,3.21%,$0.68B,$8.08B,8.50%,$0.68B,$5.14B,13.20%,$0.68B,$15.62B,4.41%,$1.30B,$12.44B,10.56%,$5004,$4547,$457,$0,$102,$4675,$329,$-35,$294,$86,$208,$208,$175,$513,$329,$320,320,$0.55,$0.54,$1124,$2745,$504,$6442,$5288,$0,$2931,$956,$9174,$15616,$2098,$4361,$0,$5443,$7541,$151,$7378,$-146,$8075,$15616,$779,$724,$183,$907,$-179,$11,$-112,$0,$-323,$1343,$-631,$0,$-769,$-72,$-98,$-170,$132,$-1438,$-5,$178,$173,$6,$6,$-475,$-62,$-359,$-459,$46,$-475
16,2014-09-30,48.62,$25.13,1.93,$65.64,0.74,$0.65,75.32,$2.10,23.15,$6.80B,$2.16B,3.15,$4.36B,$8.02B,0.54,$21.00B,$1.78B,8.47%,$21.00B,$1.24B,5.92%,$21.00B,$1.24B,5.92%,$21.00B,$1.95B,9.27%,$21.00B,$1.09B,5.20%,$21.00B,$0.67B,3.21%,$0.67B,$8.02B,8.48%,$0.67B,$5.21B,13.16%,$0.67B,$15.49B,4.40%,$1.24B,$12.38B,10.09%,$5702,$5102,$600,$0,$153,$5255,$447,$-43,$404,$130,$274,$274,$245,$625,$447,$320,320,$0.76,$0.76,$1396,$2683,$473,$6796,$4884,$0,$2802,$1011,$8697,$15494,$2156,$4361,$0,$5321,$7478,$151,$7288,$-85,$8016,$15494,$571,$541,$20,$560,$-418,$-81,$84,$0,$-255,$926,$-539,$0,$-38,$-72,$-94,$-167,$27,$-717,$-3,$12,$9,$4,$4,$-356,$-50,$-393,$-187,$40,$-356
17,2014-06-30,43.82,$24.92,1.76,$63.31,0.69,$-0.48,0.0,$1.80,24.34,$6.50B,$2.02B,3.22,$4.37B,$7.95B,0.55,$20.24B,$1.59B,7.85%,$20.24B,$1.08B,5.33%,$20.24B,$1.08B,5.33%,$20.24B,$1.76B,8.68%,$20.24B,$0.94B,4.62%,$20.24B,$0.58B,2.84%,$0.58B,$7.95B,7.28%,$0.58B,$5.13B,11.37%,$0.58B,$15.31B,3.79%,$1.08B,$12.32B,8.79%,$5291,$4875,$416,$0,$133,$5008,$283,$-41,$242,$75,$167,$167,$147,$466,$283,$320,320,$0.46,$0.46,$1168,$2739,$517,$6495,$4972,$0,$2814,$1030,$8816,$15311,$2017,$4369,$0,$5348,$7365,$151,$7161,$-4,$7946,$15311,$297,$363,$42,$404,$-249,$-130,$90,$0,$-277,$443,$-434,$0,$-38,$-72,$-68,$-141,$15,$-598,$0,$13,$13,$0,$0,$-237,$-36,$-260,$-416,$34,$-237
18,2014-03-31,44.64,$24.68,1.81,$61.39,0.73,$-0.91,0.0,$1.61,27.72,$6.31B,$1.90B,3.33,$4.38B,$7.86B,0.56,$19.61B,$1.49B,7.57%,$19.61B,$0.99B,5.02%,$19.61B,$0.99B,5.02%,$19.61B,$1.63B,8.29%,$19.61B,$0.85B,4.31%,$19.61B,$0.51B,2.62%,$0.51B,$7.86B,6.53%,$0.51B,$5.05B,10.27%,$0.51B,$15.12B,3.47%,$0.99B,$12.24B,8.22%,$5108,$4731,$377,$0,$133,$4865,$244,$-36,$208,$78,$130,$130,$111,$424,$244,$320,320,$0.35,$0.35,$1253,$2724,$433,$6310,$4961,$0,$2810,$1037,$8808,$15118,$1896,$4377,$0,$5362,$7257,$151,$7133,$-36,$7861,$15118,$130,$180,$19,$199,$-97,$-123,$7,$0,$-215,$149,$-254,$0,$-1,$-72,$-7,$-80,$3,$-332,$0,$-2,$-2,$0,$0,$-119,$-25,$-146,$-331,$6,$-119
19,2013-12-31,46.8,$24.85,1.88,$59.69,0.78,$-1.21,0.0,$1.52,30.79,$6.41B,$1.96B,3.27,$4.38B,$7.91B,0.55,$19.05B,$1.41B,7.41%,$19.05B,$0.93B,4.87%,$19.05B,$0.93B,4.87%,$19.05B,$1.54B,8.07%,$19.05B,$0.79B,4.15%,$19.05B,$0.49B,2.55%,$0.49B,$7.91B,6.20%,$0.49B,$5.06B,9.82%,$0.49B,$15.20B,3.35%,$0.93B,$12.29B,7.92%,$4895,$4509,$386,$0,$103,$4626,$268,$-31,$237,$47,$190,$190,$170,$432,$268,$319,319,$0.53,$0.53,$1511,$2606,$482,$6410,$4917,$0,$2848,$1028,$8793,$15203,$1960,$4377,$0,$5333,$7293,$151,$7140,$9,$7910,$15203,$586,$610,$117,$728,$-104,$-298,$39,$0,$-277,$1078,$-1163,$0,$0,$73,$64,$137,$186,$-840,$749,$-1,$748,$0,$0,$-471,$-81,$196,$430,$47,$-471
20,2013-09-30,42.69,$24.71,1.73,$58.35,0.73,$0.01,3027.33,$1.42,30.06,$6.47B,$1.99B,3.25,$4.38B,$7.86B,0.56,$18.61B,$1.41B,7.57%,$18.61B,$0.92B,4.96%,$18.61B,$0.92B,4.96%,$18.61B,$1.53B,8.21%,$18.61B,$0.77B,4.15%,$18.61B,$0.45B,2.43%,$0.45B,$7.86B,5.77%,$0.45B,$4.98B,9.20%,$0.45B,$15.09B,3.17%,$0.92B,$12.24B,8.05%,$4941,$4532,$409,$0,$125,$4658,$283,$-35,$248,$70,$178,$178,$147,$434,$283,$319,320,$0.46,$0.46,$1771,$2440,$339,$6469,$4697,$0,$2880,$1046,$8623,$15092,$1993,$4380,$0,$5235,$7229,$151,$7089,$23,$7863,$15092,$395,$447,$70,$517,$-205,$-129,$123,$0,$-128,$884,$-859,$0,$0,$54,$84,$138,$173,$-548,$749,$8,$757,$0,$0,$-353,$-69,$336,$670,$41,$-353
21,2013-06-30,37.44,$24.42,1.53,$57.96,0.65,$1.67,22.38,$1.31,28.58,$5.18B,$1.74B,2.98,$3.38B,$7.77B,0.44,$18.47B,$1.35B,7.30%,$18.47B,$0.87B,4.73%,$18.47B,$0.87B,4.73%,$18.47B,$1.48B,8.02%,$18.47B,$0.72B,3.88%,$18.47B,$0.42B,2.25%,$0.42B,$7.77B,5.30%,$0.42B,$4.88B,8.49%,$0.42B,$13.77B,2.91%,$0.87B,$11.15B,7.80%,$4666,$4352,$313,$0,$123,$4476,$190,$-38,$152,$46,$106,$106,$85,$336,$190,$319,319,$0.27,$0.27,$678,$2280,$458,$5183,$4609,$0,$2896,$1079,$8583,$13767,$1741,$3380,$0,$4255,$5995,$151,$7059,$-9,$7771,$13767,$217,$296,$54,$350,$-71,$36,$-45,$0,$-111,$485,$-611,$0,$0,$54,$105,$159,$86,$-366,$-250,$2,$-248,$0,$0,$-235,$-55,$-539,$-422,$34,$-235
22,2013-03-31,39.56,$24.55,1.61,$59.38,0.67,$2.33,16.95,$1.39,28.46,$5.55B,$1.99B,2.79,$3.38B,$7.80B,0.43,$18.91B,$1.44B,7.60%,$18.91B,$0.94B,4.98%,$18.91B,$0.94B,4.98%,$18.91B,$1.55B,8.20%,$18.91B,$0.78B,4.13%,$18.91B,$0.44B,2.34%,$0.44B,$7.80B,5.64%,$0.44B,$4.88B,9.08%,$0.44B,$14.04B,3.05%,$0.94B,$11.18B,8.39%,$4551,$4248,$303,$0,$116,$4364,$187,$-34,$153,$43,$111,$111,$84,$336,$187,$319,319,$0.26,$0.26,$932,$2382,$442,$5547,$4451,$0,$2925,$1116,$8492,$14039,$1987,$3380,$0,$4250,$6237,$151,$7092,$6,$7802,$14039,$111,$149,$25,$175,$-91,$-63,$-0,$0,$-217,$129,$-328,$0,$0,$73,$128,$201,$-13,$-139,$0,$13,$13,$0,$0,$-118,$-34,$-139,$-150,$6,$-118
23,2012-12-31,36.7,$24.82,1.48,$61.07,0.6,$3.11,11.81,$1.59,23.08,$5.66B,$2.03B,2.79,$3.38B,$7.89B,0.43,$19.43B,$1.51B,7.79%,$19.43B,$1.03B,5.29%,$19.43B,$1.03B,5.29%,$19.43B,$1.64B,8.42%,$19.43B,$0.85B,4.39%,$19.43B,$0.50B,2.59%,$0.50B,$7.89B,6.42%,$0.50B,$4.92B,10.19%,$0.50B,$14.15B,3.43%,$1.03B,$11.27B,9.11%,$4451,$4067,$384,$0,$121,$4188,$263,$-44,$220,$60,$160,$160,$136,$422,$263,$318,318,$0.42,$0.42,$1157,$2324,$473,$5661,$4283,$0,$2964,$1244,$8491,$14152,$2030,$3380,$0,$4237,$6267,$151,$7125,$57,$7885,$14152,$593,$607,$86,$693,$148,$-66,$-111,$0,$-117,$1200,$-897,$0,$-761,$1258,$179,$1437,$17,$-204,$-650,$28,$-622,$11,$11,$-466,$-69,$-1147,$-148,$51,$-466
24,2012-09-30,32.26,$24.76,1.3,$62.31,0.52,$4.10,7.87,$1.59,20.29,$6.62B,$2.89B,2.29,$3.38B,$7.86B,0.43,$19.81B,$1.48B,7.47%,$19.81B,$1.02B,5.17%,$19.81B,$1.02B,5.17%,$19.81B,$1.62B,8.18%,$19.81B,$0.86B,4.33%,$19.81B,$0.50B,2.54%,$0.50B,$7.86B,6.47%,$0.50B,$4.88B,10.12%,$0.50B,$15.00B,3.41%,$1.02B,$11.24B,9.07%,$4801,$4452,$349,$0,$114,$4567,$234,$-43,$192,$62,$130,$130,$110,$388,$234,$318,319,$0.35,$0.35,$2123,$2217,$482,$6622,$4106,$0,$2989,$1280,$8375,$14997,$2887,$3380,$0,$4247,$7134,$151,$7129,$51,$7864,$14997,$433,$448,$57,$505,$63,$42,$22,$102,$187,$1125,$-571,$0,$-764,$933,$144,$1076,$-6,$-265,$0,$29,$29,$11,$11,$-350,$-61,$-371,$493,$43,$-350
25,2012-06-30,31.65,$24.52,1.29,$63.79,0.5,$3.55,8.91,$1.81,17.49,$6.49B,$2.76B,2.35,$3.38B,$7.78B,0.43,$20.26B,$1.59B,7.84%,$20.26B,$1.13B,5.56%,$20.26B,$1.13B,5.56%,$20.26B,$1.72B,8.49%,$20.26B,$0.95B,4.68%,$20.26B,$0.58B,2.84%,$0.58B,$7.78B,7.43%,$0.58B,$4.80B,11.45%,$0.58B,$14.77B,3.90%,$1.13B,$11.16B,9.89%,$5104,$4704,$400,$0,$113,$4847,$257,$-41,$216,$77,$140,$140,$112,$404,$257,$318,318,$0.35,$0.35,$1681,$2406,$479,$6486,$3959,$0,$2979,$1342,$8280,$14767,$2757,$3380,$0,$4227,$6984,$151,$7136,$-20,$7783,$14767,$303,$294,$51,$345,$-76,$-152,$42,$64,$-202,$446,$-362,$0,$-746,$791,$29,$820,$22,$-267,$0,$5,$5,$6,$6,$-233,$-48,$-270,$-89,$37,$-233
26,2012-03-31,35.52,$24.59,1.44,$63.86,0.56,$3.60,9.87,$2.40,14.8,$6.86B,$2.55B,2.69,$3.63B,$7.80B,0.47,$20.26B,$1.84B,9.07%,$20.26B,$1.39B,6.85%,$20.26B,$1.39B,6.85%,$20.26B,$1.98B,9.78%,$20.26B,$1.21B,5.97%,$20.26B,$0.76B,3.76%,$0.76B,$7.80B,9.88%,$0.76B,$5.15B,15.02%,$0.76B,$14.81B,5.17%,$1.39B,$11.43B,11.98%,$5073,$4692,$381,$0,$107,$4799,$273,$-48,$225,$62,$163,$163,$145,$421,$273,$318,318,$0.46,$0.46,$2378,$2259,$431,$6859,$3817,$0,$2648,$1490,$7955,$14814,$2549,$3630,$0,$4470,$7019,$151,$7140,$24,$7796,$14814,$163,$148,$-8,$140,$-75,$-263,$223,$60,$-101,$202,$-154,$0,$-59,$165,$-0,$165,$-39,$-87,$0,$6,$6,$6,$6,$-116,$-34,$-139,$-21,$7,$-116
27,2011-12-31,32.44,$24.33,1.33,$63.15,0.51,$3.30,9.82,$2.44,13.3,$6.71B,$2.40B,2.8,$3.63B,$7.71B,0.47,$20.02B,$1.88B,9.39%,$20.02B,$1.43B,7.13%,$20.02B,$1.43B,7.13%,$20.02B,$2.02B,10.08%,$20.02B,$1.25B,6.25%,$20.02B,$0.78B,3.88%,$0.78B,$7.71B,10.17%,$0.78B,$5.09B,15.60%,$0.78B,$14.57B,5.31%,$1.43B,$11.34B,12.25%,$4830,$4480,$350,$0,$90,$4570,$260,$-36,$224,$66,$158,$158,$137,$407,$260,$317,317,$0.44,$0.44,$2563,$1987,$447,$6708,$3756,$0,$2615,$1491,$7862,$14570,$2396,$3630,$0,$4468,$6864,$150,$7112,$-38,$7707,$14570,$861,$590,$131,$721,$-275,$-434,$62,$-35,$-551,$1031,$-414,$0,$-4,$-209,$-613,$-822,$580,$-660,$0,$-11,$-11,$8,$8,$-462,$-30,$-495,$-125,$49,$-462
28,2011-09-30,25.7,$24.25,1.06,$60.10,0.43,$3.11,8.28,$1.97,13.05,$6.89B,$2.36B,2.92,$3.93B,$7.68B,0.51,$19.05B,$1.60B,8.42%,$19.05B,$1.20B,6.29%,$19.05B,$1.20B,6.29%,$19.05B,$1.79B,9.38%,$19.05B,$1.02B,5.33%,$19.05B,$0.63B,3.29%,$0.63B,$7.68B,8.32%,$0.63B,$5.05B,12.90%,$0.63B,$14.81B,4.34%,$1.20B,$11.61B,10.22%,$5252,$4794,$458,$0,$109,$4916,$336,$-51,$284,$84,$200,$200,$181,$488,$336,$317,317,$0.57,$0.57,$2414,$2189,$453,$6894,$3767,$0,$2632,$1514,$7913,$14807,$2358,$3930,$0,$4770,$7128,$150,$7091,$-22,$7679,$14807,$703,$444,$109,$553,$-401,$-634,$291,$29,$-572,$683,$-306,$0,$0,$-159,$-623,$-782,$554,$-535,$0,$-6,$-6,$7,$7,$-346,$-25,$-370,$-224,$40,$-346
29,2011-06-30,33.11,$24.25,1.37,$56.61,0.58,$1.91,17.36,$1.47,22.52,$6.72B,$2.00B,3.35,$4.28B,$7.68B,0.56,$17.94B,$1.34B,7.45%,$17.94B,$0.96B,5.37%,$17.94B,$0.96B,5.37%,$17.94B,$1.55B,8.63%,$17.94B,$0.79B,4.40%,$17.94B,$0.47B,2.61%,$0.47B,$7.68B,6.28%,$0.47B,$5.00B,9.81%,$0.47B,$14.73B,3.33%,$0.96B,$11.96B,8.30%,$5108,$4458,$649,$0,$130,$4589,$519,$-42,$477,$156,$322,$322,$299,$665,$519,$317,317,$0.94,$0.94,$2282,$2222,$375,$6716,$3805,$0,$2673,$1540,$8017,$14734,$2003,$4280,$0,$5055,$7058,$150,$7025,$60,$7675,$14734,$503,$291,$12,$302,$-393,$-661,$246,$69,$-512,$293,$-194,$0,$0,$61,$-50,$11,$22,$-161,$0,$1,$1,$3,$3,$-231,$-43,$-269,$-136,$32,$-231
30,2011-03-31,36.63,$23.58,1.55,$53.76,0.68,$0.20,181.26,$0.82,44.67,$6.30B,$1.79B,3.52,$4.28B,$7.45B,0.57,$17.02B,$1.00B,5.84%,$17.02B,$0.64B,3.78%,$17.02B,$0.64B,3.78%,$17.02B,$1.23B,7.21%,$17.02B,$0.47B,2.75%,$17.02B,$0.26B,1.53%,$0.26B,$7.45B,3.52%,$0.26B,$4.76B,5.53%,$0.26B,$14.34B,1.93%,$0.64B,$11.73B,5.73%,$4834,$4410,$424,$0,$111,$4521,$313,$-47,$266,$85,$181,$181,$159,$458,$313,$317,317,$0.50,$0.50,$2296,$1959,$336,$6296,$3832,$0,$2693,$1524,$8049,$14344,$1788,$4280,$0,$5103,$6891,$150,$6841,$44,$7454,$14344,$181,$145,$18,$163,$-260,$-398,$216,$51,$-296,$47,$-92,$0,$0,$11,$-24,$-14,$22,$-84,$0,$4,$4,$3,$3,$-115,$-30,$-139,$-172,$10,$-115
31,2010-12-31,34.61,$23.21,1.49,$50.06,0.69,$0.17,202.05,$0.42,82.41,$5.86B,$1.50B,3.9,$4.28B,$7.33B,0.58,$15.85B,$0.78B,4.95%,$15.85B,$0.45B,2.85%,$15.85B,$0.45B,2.85%,$15.85B,$1.04B,6.53%,$15.85B,$0.27B,1.69%,$15.85B,$0.13B,0.83%,$0.13B,$7.33B,1.78%,$0.13B,$4.64B,2.80%,$0.13B,$13.92B,1.00%,$0.45B,$11.61B,4.11%,$3854,$3781,$73,$0,$42,$3823,$30,$-41,$-11,$-19,$9,$9,$-12,$175,$30,$316,317,$-0.04,$-0.04,$2479,$1558,$385,$5861,$3852,$0,$2692,$1516,$8061,$13922,$1504,$4280,$0,$5087,$6591,$150,$6796,$-28,$7331,$13922,$206,$583,$213,$796,$-310,$-232,$180,$-11,$-136,$867,$-314,$0,$-65,$-929,$-434,$-1363,$-515,$-2256,$1193,$12,$1205,$5,$5,$-457,$-60,$692,$-692,$43,$-457
32,2010-09-30,29.93,$23.53,1.27,$47.22,0.63,$0.95,31.64,$0.64,46.76,$5.76B,$1.48B,3.9,$3.68B,$7.43B,0.5,$14.93B,$0.93B,6.24%,$14.93B,$0.56B,3.75%,$14.93B,$0.56B,3.75%,$14.93B,$1.14B,7.66%,$14.93B,$0.37B,2.47%,$14.93B,$0.20B,1.35%,$0.20B,$7.43B,2.70%,$0.20B,$4.73B,4.23%,$0.20B,$13.26B,1.57%,$0.56B,$11.11B,5.22%,$4140,$3950,$190,$0,$89,$4039,$101,$-43,$58,$8,$50,$50,$23,$249,$101,$316,317,$0.07,$0.07,$2007,$1650,$636,$5761,$3848,$0,$2702,$950,$7500,$13261,$1478,$3680,$0,$4352,$5831,$150,$6923,$-37,$7430,$13261,$197,$438,$96,$534,$-341,$-326,$108,$5,$-515,$216,$-219,$0,$-65,$69,$-428,$-359,$49,$-595,$593,$1,$594,$4,$4,$-343,$-48,$207,$-167,$34,$-343
33,2010-06-30,29.71,$23.62,1.26,$44.05,0.67,$3.00,9.9,$0.47,63.21,$5.19B,$1.51B,3.43,$3.08B,$7.46B,0.41,$13.91B,$0.86B,6.19%,$13.91B,$0.48B,3.47%,$13.91B,$0.48B,3.47%,$13.91B,$1.06B,7.63%,$13.91B,$0.29B,2.08%,$13.91B,$0.15B,1.07%,$0.15B,$7.46B,1.98%,$0.15B,$4.74B,3.09%,$0.15B,$12.69B,1.17%,$0.48B,$10.54B,4.54%,$4196,$3888,$308,$0,$108,$3996,$200,$-45,$156,$49,$106,$106,$91,$345,$200,$316,316,$0.29,$0.29,$1142,$1952,$672,$5187,$3904,$0,$2714,$883,$7501,$12688,$1512,$3080,$0,$3721,$5233,$150,$7014,$-98,$7455,$12688,$147,$291,$55,$346,$-291,$-629,$178,$-99,$-787,$-294,$-148,$0,$-64,$-115,$-402,$-518,$49,$-680,$-6,$1,$-5,$2,$2,$-228,$-13,$-245,$-1215,$25,$-228
34,2010-03-31,34.91,$23.83,1.46,$38.66,0.9,$5.67,6.16,$-0.25,0.0,$5.46B,$1.54B,3.54,$3.08B,$7.51B,0.41,$12.19B,$0.49B,4.03%,$12.19B,$0.14B,1.11%,$12.19B,$0.14B,1.11%,$12.19B,$0.71B,5.82%,$12.19B,$-0.07B,-0.56%,$12.19B,$-0.08B,-0.62%,$-0.08B,$7.51B,-1.00%,$-0.08B,$4.77B,-1.56%,$-0.08B,$12.80B,-0.60%,$0.14B,$10.59B,1.26%,$3655,$3442,$213,$0,$93,$3535,$120,$-56,$64,$23,$41,$41,$30,$266,$120,$315,316,$0.10,$0.10,$2000,$1625,$534,$5462,$3963,$0,$2736,$641,$7341,$12803,$1541,$3080,$0,$3752,$5293,$150,$7037,$-59,$7509,$12803,$41,$146,$31,$177,$-179,$-303,$233,$-25,$-222,$-3,$-51,$0,$-56,$-115,$-80,$-196,$49,$-254,$0,$7,$7,$1,$1,$-114,$0,$-105,$-357,$10,$-114
35,2009-12-31,35.6,$24.09,1.48,$35.55,1.0,$5.49,6.48,$-0.95,0.0,$5.18B,$1.23B,4.22,$3.08B,$7.58B,0.41,$11.19B,$0.15B,1.38%,$11.19B,$-0.20B,-1.75%,$11.19B,$-0.20B,-1.75%,$11.19B,$0.37B,3.31%,$11.19B,$-0.41B,-3.70%,$11.19B,$-0.30B,-2.65%,$-0.30B,$7.58B,-3.85%,$-0.30B,$4.88B,-5.93%,$-0.30B,$12.57B,-2.36%,$-0.20B,$10.66B,-1.82%,$2938,$2717,$221,$0,$82,$2799,$139,$-49,$90,$4,$86,$86,$58,$283,$139,$315,315,$0.19,$0.19,$2242,$1313,$511,$5182,$4014,$0,$2706,$670,$7390,$12572,$1227,$3080,$0,$3761,$4988,$150,$7120,$-41,$7584,$12572,$-237,$566,$226,$792,$141,$1118,$170,$31,$618,$1173,$-379,$0,$-33,$-225,$-64,$-289,$0,$-700,$-180,$-7,$-187,$4,$4,$-443,$-193,$-820,$-338,$55,$-443
36,2009-09-30,35.6,$24.09,1.48,$39.83,0.89,$7.89,4.51,$-0.79,0.0,$5.20B,$1.31B,3.96,$3.09B,$7.58B,0.41,$12.40B,$0.41B,3.33%,$12.40B,$-0.07B,-0.55%,$12.40B,$-0.07B,-0.55%,$12.40B,$0.50B,4.01%,$12.40B,$-0.30B,-2.39%,$12.40B,$-0.25B,-2.01%,$-0.25B,$7.58B,-3.17%,$-0.25B,$4.87B,-4.82%,$-0.25B,$12.67B,-1.93%,$-0.07B,$10.67B,-0.62%,$3120,$3001,$119,$0,$96,$3097,$23,$-44,$-21,$-16,$-5,$-5,$-30,$167,$23,$315,315,$-0.10,$-0.10,$2221,$1310,$515,$5203,$4071,$0,$2711,$685,$7467,$12670,$1313,$3086,$0,$3774,$5086,$150,$7175,$-63,$7584,$12670,$-324,$422,$164,$586,$92,$1113,$212,$18,$688,$950,$-306,$0,$-25,$-261,$-60,$-322,$0,$-652,$-180,$-5,$-186,$4,$4,$-332,$-189,$-703,$-397,$43,$-332
37,2009-06-30,33.4,$24.48,1.36,$53.42,0.63,$7.50,4.45,$1.62,20.62,$4.93B,$0.95B,5.19,$3.09B,$7.70B,0.4,$16.73B,$1.75B,10.47%,$16.73B,$1.15B,6.87%,$16.73B,$1.15B,6.87%,$16.73B,$1.71B,10.24%,$16.73B,$0.94B,5.63%,$16.73B,$0.51B,3.07%,$0.51B,$7.70B,6.41%,$0.51B,$5.01B,9.69%,$0.51B,$12.41B,3.79%,$1.15B,$10.79B,10.37%,$2478,$2540,$-62,$0,$85,$2625,$-147,$-54,$-201,$-73,$-128,$-128,$-134,$-6,$-147,$315,315,$-0.43,$-0.43,$2197,$1268,$503,$4928,$4118,$0,$2699,$667,$7483,$12411,$949,$3086,$0,$3758,$4707,$150,$7316,$-151,$7704,$12411,$-318,$278,$60,$338,$278,$1147,$-122,$-13,$613,$633,$-232,$0,$-25,$-136,$-58,$-194,$0,$-451,$-175,$-3,$-178,$2,$2,$-221,$-84,$-481,$-295,$32,$-221
38,2009-03-31,28.47,$25.03,1.14,$69.29,0.41,$7.34,3.88,$3.99,7.14,$5.19B,$0.94B,5.52,$3.09B,$7.86B,0.39,$21.34B,$3.02B,14.17%,$21.34B,$2.29B,10.72%,$21.34B,$2.29B,10.72%,$21.34B,$2.85B,13.35%,$21.34B,$2.11B,9.87%,$21.34B,$1.23B,5.74%,$1.23B,$7.86B,15.21%,$1.23B,$5.21B,22.88%,$1.23B,$12.59B,8.63%,$2.29B,$10.95B,20.54%,$2654,$2778,$-124,$0,$87,$2866,$-211,$-70,$-282,$-91,$-191,$-191,$-190,$-74,$-211,$314,314,$-0.60,$-0.60,$1900,$1884,$472,$5190,$4126,$0,$2654,$616,$7397,$12586,$940,$3086,$0,$3782,$4722,$150,$7560,$-249,$7864,$12586,$-191,$138,$-3,$134,$292,$523,$-128,$-8,$70,$14,$-124,$0,$0,$0,$-8,$-8,$0,$-132,$-175,$-2,$-177,$1,$1,$-111,$-50,$-337,$-455,$10,$-111
39,2008-12-31,34.17,$26.30,1.3,$78.04,0.44,$9.22,3.71,$6.00,5.69,$6.40B,$1.85B,3.45,$3.09B,$8.26B,0.37,$23.66B,$4.05B,17.12%,$23.66B,$3.23B,13.66%,$23.66B,$3.23B,13.66%,$23.66B,$3.78B,15.97%,$23.66B,$3.10B,13.12%,$23.66B,$1.82B,7.70%,$1.82B,$8.26B,24.49%,$1.82B,$5.58B,38.30%,$1.82B,$13.87B,13.13%,$3.23B,$11.34B,31.13%,$4151,$3671,$480,$0,$108,$3884,$267,$-59,$207,$44,$164,$164,$105,$410,$267,$305,305,$0.32,$0.32,$2355,$2408,$405,$6397,$4132,$0,$2679,$667,$7477,$13874,$1854,$3086,$0,$3764,$5618,$150,$7861,$-190,$8257,$13874,$2145,$549,$-102,$447,$856,$-364,$-861,$-129,$-90,$2502,$-1002,$0,$-1826,$210,$-721,$-510,$18,$-3321,$990,$-150,$840,$1873,$1873,$-658,$-271,$1783,$961,$50,$-658
40,2008-09-30,28.99,$26.04,1.11,$79.23,0.37,$9.07,3.19,$6.92,4.19,$7.63B,$3.12B,2.45,$3.09B,$8.18B,0.38,$23.91B,$4.35B,18.19%,$23.91B,$3.62B,15.14%,$23.91B,$3.62B,15.14%,$23.91B,$4.14B,17.31%,$23.91B,$3.74B,15.63%,$23.91B,$2.08B,8.70%,$2.08B,$8.18B,31.23%,$2.08B,$5.39B,48.19%,$2.08B,$15.34B,16.15%,$3.62B,$11.26B,38.57%,$7448,$5990,$1457,$0,$216,$6206,$1241,$-23,$1218,$408,$811,$811,$732,$1383,$1241,$317,317,$2.31,$2.31,$1679,$3146,$255,$7633,$4075,$0,$2788,$841,$7704,$15337,$3122,$3086,$0,$4038,$7160,$150,$7865,$63,$8176,$15337,$1981,$405,$-73,$332,$-438,$-1084,$199,$3,$-991,$1322,$-797,$0,$-1827,$158,$-705,$-547,$18,$-3154,$990,$-143,$846,$1988,$1988,$-493,$-249,$2093,$260,$38,$-493
41,2008-06-30,54.16,$25.00,2.17,$70.17,0.77,$11.01,4.92,$5.90,9.18,$8.18B,$2.97B,2.76,$3.09B,$7.91B,0.39,$20.72B,$3.70B,17.87%,$20.72B,$3.04B,14.69%,$20.72B,$3.04B,14.69%,$20.72B,$3.53B,17.05%,$20.72B,$3.10B,14.98%,$20.72B,$1.73B,8.34%,$1.73B,$7.91B,29.61%,$1.73B,$5.24B,44.68%,$1.73B,$14.99B,15.55%,$3.04B,$11.01B,37.94%,$7091,$5880,$1211,$0,$220,$6100,$991,$-27,$964,$295,$669,$669,$578,$1131,$991,$298,299,$1.94,$1.94,$2792,$2498,$282,$8184,$3829,$0,$2675,$304,$6809,$14992,$2969,$3092,$0,$4110,$7078,$150,$7295,$260,$7914,$14992,$1170,$263,$-36,$228,$-591,$-571,$495,$-11,$-570,$828,$-495,$0,$-1592,$182,$-28,$155,$18,$-1915,$990,$-21,$968,$1995,$1995,$-327,$-151,$2485,$1398,$31,$-327
42,2008-03-31,48.79,$18.80,2.59,$60.18,0.81,$11.68,4.18,$5.10,9.57,$4.88B,$2.37B,2.06,$2.49B,$5.43B,0.46,$17.80B,$3.26B,18.29%,$17.80B,$2.67B,14.99%,$17.80B,$2.67B,14.99%,$17.80B,$3.12B,17.52%,$17.80B,$2.67B,15.01%,$17.80B,$1.50B,8.40%,$1.50B,$5.43B,29.01%,$1.50B,$2.83B,41.28%,$1.50B,$11.34B,15.76%,$2.67B,$7.92B,39.24%,$4974,$4072,$903,$0,$170,$4241,$733,$-18,$715,$213,$502,$502,$408,$856,$733,$288,289,$1.42,$1.41,$734,$1877,$298,$4875,$3632,$0,$2593,$241,$6466,$11341,$2370,$2492,$0,$3545,$5915,$149,$6881,$186,$5426,$11341,$502,$123,$1,$124,$33,$8,$16,$-42,$42,$667,$-225,$0,$-1402,$182,$-17,$165,$0,$-1462,$400,$-11,$389,$6,$6,$-177,$-85,$134,$-660,$10,$-177
43,2007-12-31,42.34,$17.75,2.39,$55.40,0.76,$11.71,3.62,$4.95,8.55,$5.07B,$1.58B,3.21,$2.25B,$5.11B,0.44,$16.59B,$3.13B,18.86%,$16.59B,$2.58B,15.52%,$16.59B,$2.58B,15.52%,$16.59B,$3.00B,18.10%,$16.59B,$2.55B,15.35%,$16.59B,$1.47B,8.85%,$1.47B,$5.11B,28.89%,$1.47B,$3.80B,37.03%,$1.47B,$9.83B,16.74%,$2.58B,$7.36B,40.67%,$4397,$3618,$779,$0,$123,$3741,$656,$184,$840,$182,$658,$658,$361,$770,$656,$296,297,$1.25,$1.25,$1576,$1602,$283,$5073,$3233,$0,$1318,$202,$4753,$9826,$1582,$2250,$0,$3131,$4713,$149,$6622,$163,$5113,$9826,$1765,$428,$-13,$415,$-174,$-102,$57,$4,$-245,$1935,$-518,$0,$-1543,$1200,$-2,$1198,$6,$-856,$1322,$-66,$1257,$-742,$-742,$-726,$-259,$-471,$608,$44,$-726
44,2007-09-30,42.1,$16.98,2.48,$51.81,0.81,$13.13,3.21,$5.04,8.35,$3.76B,$1.67B,2.26,$0.92B,$4.89B,0.19,$15.67B,$3.16B,20.20%,$15.67B,$2.59B,16.54%,$15.67B,$2.59B,16.54%,$15.67B,$3.00B,19.12%,$15.67B,$2.32B,14.80%,$15.67B,$1.51B,9.65%,$1.51B,$4.89B,30.14%,$1.51B,$3.60B,36.06%,$1.51B,$8.30B,18.25%,$2.59B,$5.81B,43.63%,$4259,$3449,$810,$0,$145,$3595,$664,$-80,$584,$203,$381,$381,$381,$775,$664,$293,295,$1.30,$1.29,$272,$1605,$257,$3763,$3102,$0,$1284,$151,$4537,$8300,$1668,$922,$0,$1744,$3412,$149,$6433,$140,$4889,$8300,$1107,$314,$144,$458,$-239,$-128,$168,$9,$-174,$1391,$-330,$0,$-1411,$1411,$-28,$1383,$35,$-322,$0,$-66,$-66,$-744,$-744,$-550,$-222,$-1582,$-513,$34,$-550
45,2007-06-30,41.1,$17.30,2.38,$50.15,0.82,$14.25,2.88,$5.43,7.57,$4.40B,$1.57B,2.8,$0.92B,$5.18B,0.18,$15.34B,$3.36B,21.93%,$15.34B,$2.78B,18.11%,$15.34B,$2.78B,18.11%,$15.34B,$3.16B,20.62%,$15.34B,$2.54B,16.54%,$15.34B,$1.65B,10.78%,$1.65B,$5.18B,33.32%,$1.65B,$4.25B,37.08%,$1.65B,$8.47B,20.19%,$2.78B,$6.11B,47.20%,$4168,$3404,$764,$0,$149,$3553,$615,$-83,$533,$188,$345,$345,$345,$718,$615,$301,303,$1.14,$1.14,$975,$1565,$327,$4396,$2997,$0,$928,$147,$4072,$8468,$1573,$922,$0,$1713,$3286,$149,$6229,$47,$5183,$8468,$726,$203,$105,$308,$-196,$-145,$204,$-22,$-296,$738,$-198,$0,$-1084,$1060,$-15,$1045,$35,$-201,$0,$-64,$-64,$-127,$-127,$-366,$-140,$-697,$-161,$23,$-366
46,2007-03-31,45.17,$17.03,2.65,$48.58,0.93,$15.05,3.0,$5.74,7.87,$4.43B,$1.68B,2.64,$0.92B,$5.14B,0.18,$14.98B,$3.48B,23.22%,$14.98B,$2.89B,19.31%,$14.98B,$2.89B,19.31%,$14.98B,$3.27B,21.81%,$14.98B,$2.69B,17.98%,$14.98B,$1.76B,11.74%,$1.76B,$5.14B,36.42%,$1.76B,$4.20B,38.58%,$1.76B,$8.49B,21.96%,$2.89B,$6.06B,50.30%,$3769,$2992,$777,$0,$136,$3128,$641,$-51,$590,$209,$381,$381,$381,$741,$641,$301,303,$1.27,$1.26,$1369,$1408,$219,$4428,$2979,$0,$933,$145,$4057,$8486,$1679,$922,$0,$1670,$3349,$149,$6068,$23,$5137,$8486,$381,$100,$50,$150,$-123,$-5,$220,$-30,$34,$566,$-91,$0,$-1060,$923,$-9,$914,$35,$-201,$0,$6,$6,$7,$7,$-181,$-100,$-268,$96,$8,$-181
47,2006-12-31,37.55,$16.14,2.33,$47.46,0.79,$15.07,2.49,$5.69,6.6,$4.68B,$1.42B,3.29,$0.92B,$4.86B,0.19,$14.75B,$3.47B,23.50%,$14.75B,$2.88B,19.49%,$14.75B,$2.88B,19.49%,$14.75B,$3.24B,21.96%,$14.75B,$2.69B,18.26%,$14.75B,$1.76B,11.91%,$1.76B,$4.86B,37.51%,$1.76B,$4.71B,37.81%,$1.76B,$7.89B,22.64%,$2.88B,$5.78B,51.28%,$3469,$2656,$813,$0,$142,$2798,$671,$-60,$611,$205,$405,$405,$405,$761,$671,$307,309,$1.35,$1.33,$2196,$1141,$278,$4683,$2856,$0,$148,$205,$3210,$7893,$1422,$922,$0,$1614,$3036,$149,$5840,$4,$4857,$7893,$1757,$365,$213,$578,$-34,$-144,$-9,$23,$-84,$2251,$-336,$0,$-224,$-553,$-34,$-588,$0,$-1148,$-1,$0,$-1,$-562,$-562,$-578,$-157,$-1298,$-194,$40,$-578
