,Date,Stock Price,Book Value per Share,Price to Book Ratio,TTM Sales per Share,Price to Sales Ratio,TTM FCF per Share,Price to FCF Ratio,TTM Net EPS,PE Ratio,Current Assets,Current Liabilities,Current Ratio,Long Term Debt,Shareholder's Equity_x,Debt to Equity Ratio,TTM Revenue_x,TTM Gross Profit,Gross Margin,TTM Revenue_y,TTM Operating Income,Operating Margin,TTM Revenue_x,TTM EBIT,EBIT Margin,TTM Revenue_y,TTM EBITDA,EBITDA Margin,TTM Revenue_x,TTM Pre-Tax Income,Pre-Tax Margin,TTM Revenue_y,TTM Net Income_x,Net Margin,TTM Net Income_y,Shareholder's Equity_y,Return on Equity,TTM Net Income_x,Tangible Equity,Return on Tangible Equity,TTM Net Income_y,Total Assets,Return on Assets,TTM Net Income,LT Investments & Debt,Return on Investment,revenue,cost-goods-sold,gross-profit,research-development-expenses,selling-general-administrative-expenses,operating-expenses,operating-income,total-non-operating-income-expense,pre-tax-income,total-provision-income-taxes,income-after-taxes,income-from-continuous-operations,net-income,ebitda,ebit,basic-shares-outstanding,shares-outstanding,eps-basic-net-earnings-per-share,eps-earnings-per-share-diluted,cash-on-hand,inventory,other-current-assets,total-current-assets,net-property-plant-equipment,long-term-investments,goodwill-intangible-assets-total,other-long-term-assets,total-long-term-assets,total-assets,total-current-liabilities,long-term-debt,other-non-current-liabilities,total-long-term-liabilities,total-liabilities,common-stock-net,retained-earnings-accumulated-deficit,comprehensive-income,total-share-holder-equity,total-liabilities-share-holders-equity,net-income-loss,total-depreciation-amortization-cash-flow,other-non-cash-items,total-non-cash-items,change-in-accounts-receivable,change-in-inventories,change-in-accounts-payable,change-in-assets-liabilities,total-change-in-assets-liabilities,cash-flow-from-operating-activities,net-change-in-property-plant-equipment,net-change-in-intangible-assets,net-acquisitions-divestitures,net-change-in-short-term-investments,net-change-in-long-term-investments,net-change-in-investments-total,investing-activities-other,cash-flow-from-investing-activities,net-long-term-debt,net-current-debt,debt-issuance-retirement-net-total,net-common-equity-issued-repurchased,net-total-equity-issued-repurchased,total-common-preferred-stock-dividends-paid,financial-activities-other,cash-flow-from-financial-activities,net-cash-flow,stock-based-compensation,common-stock-dividends-paid
0,2018-09-30,1.88,$-0.33,-5.68,$0.11,16.62,$-1.34,0.0,$-0.42,0.0,$0.16B,$0.05B,3.44,$0.32B,$-0.13B,-2.52,$0.04B,$0.04B,100.00%,$0.04B,$-0.18B,-451.28%,$0.04B,$-0.18B,-451.28%,$0.04B,$-0.17B,-425.64%,$0.04B,$-0.19B,-476.92%,$0.04B,$-0.19B,-476.92%,$-0.19B,$-0.13B,178.85%,$-0.19B,$-0.19B,113.41%,$-0.19B,$0.25B,-66.79%,$-0.18B,$0.19B,-82.05%,$8,$0,$8,$41,$8,$50,$-42,$-3,$-45,$0,$-45,$-45,$-45,$-40,$-42,$382,382,$-0.12,$-0.12,$145,$0,$0,$161,$29,$0,$59,$2,$90,$250,$47,$319,$9,$330,$377,$4,$-1250,$-11,$-127,$250,$-135,$7,$9,$17,$0,$0,$0,$-9,$-19,$-140,$-1,$0,$0,$-19,$0,$-19,$0,$-20,$0,$0,$0,$99,$99,$0,$0,$99,$-60,$14,$0
1,2018-06-30,1.34,$-0.23,-5.83,$0.12,11.07,$-1.32,0.0,$-0.57,0.0,$0.19B,$0.04B,4.52,$0.32B,$-0.09B,-3.63,$0.04B,$0.04B,100.00%,$0.04B,$-0.18B,-451.28%,$0.04B,$-0.18B,-451.28%,$0.04B,$-0.16B,-420.51%,$0.04B,$-0.19B,-476.92%,$0.04B,$-0.19B,-476.92%,$-0.19B,$-0.09B,204.96%,$-0.19B,$-0.15B,122.77%,$-0.19B,$0.29B,-62.10%,$-0.18B,$0.23B,-77.45%,$11,$0,$11,$45,$8,$53,$-42,$-2,$-44,$0,$-44,$-44,$-44,$-40,$-42,$376,376,$-0.12,$-0.12,$177,$0,$0,$194,$31,$0,$59,$2,$91,$286,$43,$318,$10,$330,$374,$4,$-1205,$-11,$-88,$286,$-91,$5,$5,$10,$0,$0,$0,$-18,$-24,$-106,$-0,$0,$0,$-27,$0,$-27,$0,$-28,$0,$0,$0,$98,$98,$0,$0,$98,$-36,$9,$0
2,2018-03-31,2.1,$-0.29,-7.33,$0.12,18.08,$-1.25,0.0,$-0.61,0.0,$0.18B,$0.05B,4.03,$0.32B,$-0.10B,-3.2,$0.04B,$0.04B,100.00%,$0.04B,$-0.18B,-500.00%,$0.04B,$-0.18B,-500.00%,$0.04B,$-0.16B,-465.71%,$0.04B,$-0.19B,-531.43%,$0.04B,$-0.19B,-531.43%,$-0.19B,$-0.10B,222.75%,$-0.19B,$-0.16B,128.06%,$-0.19B,$0.28B,-58.68%,$-0.18B,$0.22B,-74.79%,$10,$0,$10,$45,$9,$53,$-44,$-3,$-46,$0,$-46,$-46,$-46,$-41,$-44,$337,337,$-0.14,$-0.14,$163,$0,$0,$181,$32,$0,$61,$2,$95,$276,$45,$318,$10,$331,$375,$3,$-1161,$-9,$-99,$276,$-46,$2,$1,$3,$0,$0,$0,$-9,$-23,$-66,$-0,$0,$0,$21,$0,$21,$0,$21,$0,$0,$0,$44,$44,$0,$0,$44,$-2,$5,$0
3,2017-12-31,1.24,$-0.31,-3.94,$0.11,11.46,$-1.22,0.0,$-0.63,0.0,$0.20B,$0.07B,2.76,$0.32B,$-0.10B,-3.12,$0.03B,$0.03B,100.00%,$0.03B,$-0.17B,-554.84%,$0.03B,$-0.17B,-554.84%,$0.03B,$-0.16B,-516.13%,$0.03B,$-0.18B,-593.55%,$0.03B,$-0.18B,-593.55%,$-0.18B,$-0.10B,278.79%,$-0.18B,$-0.16B,144.03%,$-0.18B,$0.30B,-54.36%,$-0.17B,$0.22B,-68.46%,$10,$0,$10,$50,$9,$58,$-48,$-3,$-51,$0,$-51,$-51,$-51,$-45,$-48,$293,293,$-0.16,$-0.16,$186,$0,$0,$203,$36,$0,$61,$2,$99,$302,$74,$318,$10,$331,$404,$3,$-1114,$-9,$-102,$302,$-184,$11,$22,$33,$0,$0,$0,$4,$9,$-139,$-4,$0,$0,$40,$0,$40,$0,$36,$-0,$0,$-0,$65,$65,$0,$0,$65,$-38,$20,$0
4,2017-09-30,1.14,$-0.24,-4.77,$0.09,12.31,$-1.74,0.0,$-0.68,0.0,$0.23B,$0.07B,3.31,$0.32B,$-0.07B,-4.28,$0.03B,$0.03B,100.00%,$0.03B,$-0.18B,-684.62%,$0.03B,$-0.18B,-684.62%,$0.03B,$-0.17B,-638.46%,$0.03B,$-0.19B,-730.77%,$0.03B,$-0.19B,-730.77%,$-0.19B,$-0.07B,452.38%,$-0.19B,$-0.14B,183.57%,$-0.19B,$0.33B,-52.56%,$-0.18B,$0.24B,-64.73%,$8,$0,$8,$42,$8,$50,$-42,$-3,$-45,$0,$-45,$-45,$-45,$-38,$-42,$296,296,$-0.15,$-0.15,$205,$0,$0,$226,$37,$0,$62,$9,$108,$334,$68,$317,$16,$340,$408,$3,$-1064,$-8,$-74,$334,$-133,$9,$15,$24,$0,$0,$0,$5,$6,$-101,$-4,$0,$0,$23,$0,$23,$0,$19,$-0,$0,$-0,$47,$47,$0,$0,$47,$-35,$13,$0
5,2017-06-30,1.15,$-0.20,-5.65,$0.08,15.07,$-2.16,0.0,$-0.77,0.0,$0.24B,$0.07B,3.54,$0.32B,$-0.06B,-5.37,$0.02B,$0.02B,100.00%,$0.02B,$-0.20B,-947.62%,$0.02B,$-0.20B,-947.62%,$0.02B,$-0.19B,-900.00%,$0.02B,$-0.21B,-1004.76%,$0.02B,$-0.21B,-1004.76%,$-0.21B,$-0.06B,1918.18%,$-0.21B,$-0.12B,290.03%,$-0.21B,$0.36B,-53.69%,$-0.20B,$0.26B,-65.09%,$7,$0,$7,$39,$9,$48,$-41,$-3,$-44,$0,$-44,$-44,$-44,$-39,$-41,$283,283,$-0.16,$-0.16,$217,$0,$0,$237,$39,$0,$62,$18,$119,$356,$67,$317,$15,$348,$415,$3,$-1019,$-10,$-59,$356,$-88,$5,$11,$15,$0,$0,$0,$15,$15,$-57,$-2,$0,$0,$-20,$0,$-20,$0,$-23,$-0,$0,$-0,$24,$24,$0,$0,$23,$-56,$9,$0
6,2017-03-31,1.28,$-0.10,-12.43,$0.06,20.7,$-2.48,0.0,$-0.90,0.0,$0.26B,$0.06B,4.57,$0.32B,$-0.03B,-10.88,$0.02B,$0.02B,100.00%,$0.02B,$-0.23B,-1376.47%,$0.02B,$-0.23B,-1376.47%,$0.02B,$-0.22B,-1317.65%,$0.02B,$-0.25B,-1447.06%,$0.02B,$-0.25B,-1447.06%,$-0.25B,$-0.03B,-787.20%,$-0.25B,$-0.09B,806.56%,$-0.25B,$0.36B,-56.52%,$-0.23B,$0.29B,-67.29%,$6,$0,$6,$38,$9,$47,$-41,$-3,$-44,$0,$-44,$-44,$-44,$-38,$-41,$274,274,$-0.16,$-0.16,$238,$0,$0,$258,$39,$0,$61,$3,$103,$362,$56,$317,$15,$334,$391,$3,$-974,$-11,$-29,$362,$-44,$2,$6,$8,$0,$0,$0,$-4,$-9,$-44,$-1,$0,$0,$-24,$0,$-24,$0,$-25,$-0,$0,$-0,$15,$15,$0,$0,$15,$-54,$4,$0
7,2016-12-31,1.26,$-0.02,-61.76,$0.06,22.21,$-2.59,0.0,$-1.03,0.0,$0.29B,$0.07B,4.33,$0.32B,$-0.01B,-57.04,$0.02B,$0.02B,100.00%,$0.02B,$-0.27B,-1786.67%,$0.02B,$-0.27B,-1786.67%,$0.02B,$-0.26B,-1726.67%,$0.02B,$-0.28B,-1860.00%,$0.02B,$-0.28B,-1860.00%,$-0.28B,$-0.01B,-329.20%,$-0.28B,$-0.07B,-1253.93%,$-0.28B,$0.39B,-56.59%,$-0.27B,$0.31B,-66.83%,$5,$0,$5,$51,$8,$59,$-54,$-3,$-57,$0,$-57,$-57,$-57,$-51,$-54,$271,271,$-0.21,$-0.21,$266,$0,$0,$288,$40,$0,$61,$5,$106,$394,$66,$316,$15,$333,$400,$3,$-930,$-12,$-6,$394,$-280,$10,$21,$31,$0,$0,$0,$-3,$-7,$-255,$-18,$0,$0,$46,$0,$46,$0,$28,$315,$0,$315,$4,$4,$0,$-39,$279,$51,$19,$0
8,2016-09-30,2.08,$0.18,11.34,$0.06,35.2,$-2.13,0.0,$-1.11,0.0,$0.35B,$0.08B,4.68,$0.32B,$0.05B,6.35,$0.02B,$0.02B,100.00%,$0.02B,$-0.29B,-1831.25%,$0.02B,$-0.29B,-1831.25%,$0.02B,$-0.29B,-1787.50%,$0.02B,$-0.30B,-1881.25%,$0.02B,$-0.30B,-1881.25%,$-0.30B,$0.05B,-188.71%,$-0.30B,$-0.01B,-313.54%,$-0.30B,$0.46B,-61.30%,$-0.29B,$0.37B,-73.90%,$3,$0,$3,$53,$14,$67,$-63,$-3,$-66,$0,$-66,$-66,$-66,$-61,$-63,$271,271,$-0.24,$-0.24,$332,$0,$0,$354,$41,$0,$63,$2,$106,$460,$76,$316,$3,$334,$410,$3,$-873,$-10,$50,$460,$-223,$7,$17,$25,$0,$0,$0,$-3,$3,$-194,$-15,$0,$0,$-43,$0,$-43,$0,$-58,$315,$0,$315,$4,$4,$0,$-39,$279,$27,$15,$0
9,2016-06-30,7.27,$0.41,17.88,$0.07,101.84,$-1.67,0.0,$-0.99,0.0,$0.42B,$0.08B,5.13,$0.32B,$0.11B,2.87,$0.02B,$0.02B,100.00%,$0.02B,$-0.26B,-1315.00%,$0.02B,$-0.26B,-1315.00%,$0.02B,$-0.26B,-1280.00%,$0.02B,$-0.27B,-1340.00%,$0.02B,$-0.27B,-1340.00%,$-0.27B,$0.11B,-112.25%,$-0.27B,$0.05B,-153.14%,$-0.27B,$0.53B,-56.16%,$-0.26B,$0.43B,-66.29%,$3,$0,$3,$65,$14,$79,$-76,$-3,$-79,$0,$-79,$-79,$-79,$-74,$-76,$271,271,$-0.29,$-0.29,$400,$0,$0,$420,$40,$0,$63,$2,$105,$525,$82,$316,$3,$333,$415,$3,$-807,$-9,$110,$525,$-157,$5,$12,$17,$0,$0,$0,$-1,$8,$-132,$-11,$0,$0,$-139,$0,$-139,$0,$-150,$315,$0,$315,$2,$2,$0,$-39,$279,$-4,$10,$0
10,2016-03-31,5.16,$0.68,7.54,$0.11,45.13,$-1.34,0.0,$-0.78,0.0,$0.49B,$0.07B,6.82,$0.32B,$0.19B,1.7,$0.03B,$0.03B,100.00%,$0.03B,$-0.21B,-670.97%,$0.03B,$-0.21B,-670.97%,$0.03B,$-0.20B,-648.39%,$0.03B,$-0.21B,-677.42%,$0.03B,$-0.21B,-677.42%,$-0.21B,$0.19B,-68.13%,$-0.21B,$0.12B,-86.07%,$-0.21B,$0.59B,-46.43%,$-0.21B,$0.50B,-53.71%,$4,$0,$4,$69,$11,$79,$-75,$-2,$-77,$0,$-77,$-77,$-77,$-73,$-75,$270,270,$-0.29,$-0.29,$463,$0,$0,$485,$37,$0,$65,$7,$108,$593,$71,$315,$3,$336,$407,$3,$-727,$-8,$185,$593,$-77,$2,$5,$7,$0,$0,$0,$-1,$0,$-70,$-6,$0,$0,$-164,$0,$-164,$0,$-169,$315,$0,$315,$2,$2,$0,$-39,$278,$39,$5,$0
11,2015-12-31,8.39,$1.08,7.74,$0.14,60.07,$-1.21,0.0,$-0.59,0.0,$0.29B,$0.08B,3.76,$0.00B,$0.29B,0.0,$0.04B,$0.04B,100.00%,$0.04B,$-0.16B,-424.32%,$0.04B,$-0.16B,-424.32%,$0.04B,$-0.15B,-408.11%,$0.04B,$-0.16B,-424.32%,$0.04B,$-0.16B,-424.32%,$-0.16B,$0.29B,-43.37%,$-0.16B,$0.23B,-52.73%,$-0.16B,$0.39B,-37.95%,$-0.16B,$0.29B,-43.37%,$6,$0,$6,$76,$9,$85,$-79,$0,$-79,$0,$-79,$-79,$-79,$-78,$-79,$262,262,$-0.30,$-0.30,$266,$0,$0,$287,$32,$0,$64,$3,$99,$386,$76,$0,$13,$17,$93,$3,$-650,$-9,$293,$386,$-157,$6,$17,$23,$0,$0,$0,$-3,$7,$-126,$-18,$0,$0,$-3,$0,$-3,$0,$-21,$-1,$0,$-1,$209,$209,$0,$-0,$208,$61,$13,$0
12,2015-09-30,7.08,$1.36,5.21,$0.15,48.12,$-0.98,0.0,$-0.43,0.0,$0.31B,$0.03B,12.47,$0.00B,$0.37B,0.0,$0.04B,$0.04B,100.00%,$0.04B,$-0.11B,-289.47%,$0.04B,$-0.11B,-289.47%,$0.04B,$-0.10B,-271.05%,$0.04B,$-0.11B,-289.47%,$0.04B,$-0.11B,-289.47%,$-0.11B,$0.37B,-31.77%,$-0.11B,$0.30B,-39.15%,$-0.11B,$0.41B,-28.48%,$-0.11B,$0.37B,-31.77%,$7,$0,$7,$31,$9,$40,$-33,$0,$-33,$0,$-33,$-33,$-33,$-31,$-33,$270,270,$-0.12,$-0.12,$290,$0,$0,$310,$29,$0,$64,$1,$95,$405,$25,$0,$3,$13,$38,$3,$-571,$-9,$367,$405,$-78,$5,$9,$14,$6,$0,$0,$-6,$-7,$-71,$-14,$0,$0,$-17,$0,$-17,$0,$-31,$-1,$0,$-1,$209,$209,$0,$-0,$208,$106,$9,$0
13,2015-06-30,11.14,$1.44,7.72,$0.16,70.78,$-0.89,0.0,$-0.39,0.0,$0.33B,$0.03B,12.31,$0.00B,$0.39B,0.0,$0.04B,$0.04B,89.74%,$0.04B,$-0.10B,-248.72%,$0.04B,$-0.10B,-248.72%,$0.04B,$-0.09B,-233.33%,$0.04B,$-0.10B,-248.72%,$0.04B,$-0.10B,-248.72%,$-0.10B,$0.39B,-30.31%,$-0.10B,$0.32B,-38.30%,$-0.10B,$0.43B,-27.08%,$-0.10B,$0.39B,-30.31%,$14,$0,$14,$28,$7,$35,$-21,$0,$-21,$0,$-21,$-21,$-21,$-19,$-21,$268,268,$-0.08,$-0.08,$315,$0,$0,$333,$26,$0,$65,$1,$92,$425,$27,$0,$0,$10,$37,$3,$-538,$-9,$388,$425,$-45,$3,$4,$8,$6,$0,$0,$-3,$-5,$-43,$-9,$0,$0,$-12,$0,$-12,$0,$-22,$-0,$0,$-0,$200,$200,$0,$0,$200,$135,$5,$0
14,2015-03-31,8.27,$1.49,5.54,$0.14,57.75,$-0.85,0.0,$-0.39,0.0,$0.35B,$0.03B,12.17,$0.00B,$0.40B,0.0,$0.03B,$0.02B,72.73%,$0.03B,$-0.09B,-284.85%,$0.03B,$-0.09B,-284.85%,$0.03B,$-0.09B,-269.70%,$0.03B,$-0.09B,-284.85%,$0.03B,$-0.09B,-284.85%,$-0.09B,$0.40B,-32.03%,$-0.09B,$0.34B,-41.82%,$-0.09B,$0.44B,-28.48%,$-0.09B,$0.40B,-32.00%,$10,$0,$10,$28,$6,$34,$-24,$-0,$-24,$0,$-24,$-24,$-24,$-23,$-24,$241,241,$-0.10,$-0.10,$328,$0,$0,$350,$24,$0,$64,$1,$89,$439,$29,$0,$0,$10,$39,$3,$-517,$-10,$400,$439,$-24,$2,$2,$3,$-0,$0,$0,$-2,$-10,$-30,$-5,$0,$0,$23,$0,$23,$0,$18,$-0,$0,$-0,$196,$196,$0,$0,$195,$183,$2,$0
15,2014-12-31,5.93,$0.96,6.17,$0.14,42.98,$-0.80,0.0,$-0.36,0.0,$0.19B,$0.03B,5.52,$0.00B,$0.23B,0.0,$0.03B,$0.02B,60.00%,$0.03B,$-0.08B,-280.00%,$0.03B,$-0.08B,-280.00%,$0.03B,$-0.08B,-263.33%,$0.03B,$-0.08B,-280.00%,$0.03B,$-0.08B,-280.00%,$-0.08B,$0.23B,-34.82%,$-0.08B,$0.16B,-49.41%,$-0.08B,$0.28B,-30.55%,$-0.08B,$0.23B,-34.75%,$7,$0,$7,$45,$5,$38,$-32,$0,$-32,$0,$-32,$-32,$-32,$-30,$-32,$226,226,$-0.14,$-0.14,$168,$0,$0,$188,$20,$0,$67,$1,$88,$276,$34,$0,$2,$12,$46,$2,$-493,$-7,$230,$276,$-83,$5,$6,$11,$-4,$0,$0,$-6,$5,$-67,$-7,$0,$0,$-123,$0,$-123,$0,$-130,$-1,$0,$-1,$111,$111,$0,$-0,$110,$-87,$6,$0
16,2014-09-30,4.17,$1.10,3.8,$0.16,26.1,$-0.77,0.0,$-0.30,0.0,$0.19B,$0.02B,10.3,$0.00B,$0.26B,0.0,$0.03B,$0.02B,62.50%,$0.03B,$-0.07B,-206.25%,$0.03B,$-0.07B,-206.25%,$0.03B,$-0.06B,-193.75%,$0.03B,$-0.07B,-206.25%,$0.03B,$-0.07B,-206.25%,$-0.07B,$0.26B,-28.14%,$-0.07B,$0.19B,-40.87%,$-0.07B,$0.29B,-24.93%,$-0.07B,$0.26B,-28.06%,$8,$4,$4,$19,$5,$28,$-20,$0,$-20,$0,$-20,$-20,$-20,$-19,$-20,$238,238,$-0.08,$-0.08,$178,$0,$0,$192,$17,$12,$70,$1,$101,$293,$19,$1,$1,$12,$31,$2,$-462,$-4,$262,$293,$-51,$3,$4,$7,$-0,$0,$0,$-2,$-3,$-47,$-5,$0,$0,$-142,$0,$-142,$0,$-147,$-1,$0,$-1,$110,$110,$0,$-0,$109,$-85,$5,$0
17,2014-06-30,4.62,$1.18,3.9,$0.15,30.04,$-0.78,0.0,$-0.31,0.0,$0.17B,$0.02B,9.53,$0.00B,$0.28B,0.0,$0.03B,$0.02B,65.52%,$0.03B,$-0.06B,-210.34%,$0.03B,$-0.06B,-210.34%,$0.03B,$-0.06B,-200.00%,$0.03B,$-0.06B,-210.34%,$0.03B,$-0.06B,-210.34%,$-0.06B,$0.28B,-27.32%,$-0.06B,$0.21B,-41.01%,$-0.06B,$0.31B,-24.13%,$-0.06B,$0.28B,-27.20%,$8,$5,$3,$15,$6,$26,$-18,$-0,$-18,$0,$-18,$-18,$-18,$-17,$-18,$217,217,$-0.08,$-0.08,$153,$0,$0,$167,$15,$56,$73,$1,$145,$312,$17,$1,$2,$13,$30,$2,$-442,$-1,$282,$312,$-32,$2,$2,$4,$-2,$0,$0,$-1,$-4,$-31,$-2,$0,$0,$-91,$0,$-91,$0,$-93,$-0,$0,$-0,$109,$109,$0,$-0,$109,$-16,$3,$0
18,2014-03-31,4.53,$0.91,4.96,$0.14,32.6,$-0.77,0.0,$-0.31,0.0,$0.13B,$0.01B,9.4,$0.00B,$0.19B,0.01,$0.03B,$0.02B,72.00%,$0.03B,$-0.06B,-224.00%,$0.03B,$-0.06B,-224.00%,$0.03B,$-0.05B,-212.00%,$0.03B,$-0.06B,-224.00%,$0.03B,$-0.06B,-224.00%,$-0.06B,$0.19B,-32.94%,$-0.06B,$0.12B,-53.08%,$-0.06B,$0.22B,-28.28%,$-0.06B,$0.19B,-32.70%,$7,$3,$4,$15,$4,$22,$-14,$1,$-14,$0,$-14,$-14,$-14,$-13,$-14,$209,209,$-0.07,$-0.07,$113,$0,$1,$129,$14,$0,$75,$1,$90,$219,$14,$1,$2,$14,$28,$2,$-424,$0,$191,$219,$-14,$1,$1,$2,$-4,$0,$0,$-1,$-8,$-20,$-1,$0,$0,$11,$0,$11,$0,$10,$-0,$0,$-0,$1,$1,$0,$-0,$1,$-10,$1,$0
19,2013-12-31,5.12,$0.97,5.26,$0.13,39.67,$-0.75,0.0,$-0.31,0.0,$0.15B,$0.02B,8.0,$0.00B,$0.20B,0.01,$0.02B,$0.02B,72.73%,$0.02B,$-0.05B,-236.36%,$0.02B,$-0.05B,-236.36%,$0.02B,$-0.05B,-222.73%,$0.02B,$-0.05B,-236.36%,$0.02B,$-0.05B,-236.36%,$-0.05B,$0.20B,-36.68%,$-0.05B,$0.13B,-59.60%,$-0.05B,$0.24B,-30.95%,$-0.05B,$0.20B,-36.36%,$9,$0,$9,$25,$4,$23,$-14,$0,$-14,$0,$-14,$-14,$-14,$-13,$-14,$170,170,$-0.07,$-0.07,$134,$0,$0,$145,$14,$0,$75,$1,$90,$235,$18,$1,$2,$14,$32,$2,$-410,$1,$203,$235,$-52,$3,$4,$7,$-4,$0,$0,$-0,$-0,$-45,$-6,$0,$3,$19,$0,$19,$0,$16,$1,$0,$1,$130,$130,$0,$-0,$131,$102,$2,$0
20,2013-09-30,3.15,$1.04,3.03,$0.11,28.09,$-0.61,0.0,$-0.30,0.0,$0.16B,$0.01B,10.87,$0.00B,$0.22B,0.01,$0.02B,$0.01B,55.56%,$0.02B,$-0.05B,-261.11%,$0.02B,$-0.05B,-261.11%,$0.02B,$-0.05B,-250.00%,$0.02B,$-0.05B,-255.56%,$0.02B,$-0.05B,-255.56%,$-0.05B,$0.22B,-41.44%,$-0.05B,$0.14B,-68.66%,$-0.05B,$0.25B,-34.14%,$-0.05B,$0.22B,-41.87%,$5,$2,$3,$14,$4,$20,$-15,$-0,$-15,$0,$-15,$-15,$-15,$-15,$-15,$169,169,$-0.09,$-0.09,$147,$0,$0,$155,$14,$0,$75,$1,$90,$245,$14,$2,$2,$14,$29,$2,$-396,$1,$217,$245,$-38,$2,$3,$5,$-0,$0,$0,$-0,$0,$-33,$-5,$0,$3,$9,$0,$9,$0,$7,$1,$0,$1,$130,$130,$0,$-0,$131,$105,$2,$0
21,2013-06-30,2.05,$0.45,4.52,$0.13,16.19,$-0.52,0.0,$-0.26,0.0,$0.05B,$0.01B,4.03,$0.00B,$0.07B,0.03,$0.02B,$0.01B,47.37%,$0.02B,$-0.04B,-205.26%,$0.02B,$-0.04B,-205.26%,$0.02B,$-0.04B,-189.47%,$0.02B,$-0.04B,-200.00%,$0.02B,$-0.04B,-200.00%,$-0.04B,$0.07B,-52.78%,$-0.04B,$0.04B,-98.06%,$-0.04B,$0.09B,-40.53%,$-0.04B,$0.07B,-53.24%,$4,$2,$2,$11,$4,$16,$-13,$0,$-13,$0,$-13,$-13,$-13,$-12,$-13,$152,152,$-0.08,$-0.08,$41,$0,$0,$45,$13,$0,$33,$1,$48,$93,$11,$2,$0,$12,$24,$2,$-381,$1,$69,$93,$-23,$1,$2,$3,$0,$0,$0,$1,$1,$-18,$-3,$0,$0,$-5,$0,$-5,$0,$-8,$1,$0,$1,$10,$10,$0,$-0,$12,$-15,$1,$0
22,2013-03-31,2.28,$0.51,4.45,$0.16,14.3,$-0.46,0.0,$-0.23,0.0,$0.05B,$0.01B,5.59,$0.00B,$0.08B,0.02,$0.02B,$0.01B,40.91%,$0.02B,$-0.03B,-145.45%,$0.02B,$-0.03B,-145.45%,$0.02B,$-0.03B,-131.82%,$0.02B,$-0.03B,-140.91%,$0.02B,$-0.03B,-140.91%,$-0.03B,$0.08B,-44.29%,$-0.03B,$0.04B,-84.35%,$-0.03B,$0.10B,-34.54%,$-0.03B,$0.08B,-45.23%,$4,$2,$2,$9,$3,$14,$-10,$0,$-10,$0,$-10,$-10,$-10,$-9,$-10,$148,148,$-0.07,$-0.07,$44,$0,$1,$52,$12,$1,$33,$1,$47,$99,$9,$2,$0,$12,$21,$2,$-368,$0,$78,$99,$-10,$1,$1,$2,$-2,$0,$0,$1,$-3,$-11,$-1,$0,$0,$-3,$0,$-3,$0,$-5,$1,$0,$1,$6,$6,$0,$-0,$7,$-8,$0,$0
23,2012-12-31,1.89,$0.54,3.48,$0.17,10.98,$-0.42,0.0,$-0.22,0.0,$0.05B,$0.01B,4.32,$0.00B,$0.08B,0.01,$0.02B,$0.01B,34.78%,$0.02B,$-0.03B,-126.09%,$0.02B,$-0.03B,-126.09%,$0.02B,$-0.03B,-117.39%,$0.02B,$-0.03B,-121.74%,$0.02B,$-0.03B,-121.74%,$-0.03B,$0.08B,-43.75%,$-0.03B,$0.05B,-90.32%,$-0.03B,$0.10B,-34.04%,$-0.03B,$0.08B,-44.79%,$5,$2,$3,$10,$3,$14,$-9,$1,$-8,$0,$-8,$-8,$-8,$-9,$-9,$132,132,$-0.06,$-0.06,$45,$0,$0,$50,$11,$6,$33,$1,$52,$102,$12,$1,$0,$10,$22,$1,$-358,$0,$80,$102,$-29,$2,$6,$8,$1,$0,$0,$-1,$3,$-18,$-4,$0,$0,$-28,$0,$-28,$0,$-32,$0,$0,$0,$54,$54,$0,$-1,$54,$3,$2,$0
24,2012-09-30,2.16,$0.45,4.77,$0.19,11.44,$-0.47,0.0,$-0.19,0.0,$0.04B,$0.01B,3.49,$0.00B,$0.06B,0.02,$0.02B,$0.01B,33.33%,$0.02B,$-0.02B,-100.00%,$0.02B,$-0.02B,-100.00%,$0.02B,$-0.02B,-91.67%,$0.02B,$-0.02B,-100.00%,$0.02B,$-0.02B,-100.00%,$-0.02B,$0.06B,-41.74%,$-0.02B,$0.03B,-97.96%,$-0.02B,$0.08B,-32.65%,$-0.02B,$0.06B,-41.38%,$6,$4,$2,$7,$2,$13,$-7,$-0,$-7,$0,$-7,$-7,$-7,$-6,$-7,$134,134,$-0.05,$-0.05,$29,$0,$0,$36,$10,$0,$33,$1,$44,$81,$10,$1,$0,$9,$19,$1,$-350,$1,$61,$81,$-20,$1,$5,$6,$-1,$0,$0,$-0,$-1,$-15,$-2,$0,$0,$-13,$0,$-13,$0,$-15,$1,$0,$1,$27,$27,$0,$-1,$27,$-3,$2,$0
25,2012-06-30,1.56,$0.46,3.38,$0.19,8.24,$-0.53,0.0,$-0.17,0.0,$0.04B,$0.01B,3.71,$0.00B,$0.06B,0.01,$0.02B,$0.01B,39.13%,$0.02B,$-0.02B,-91.30%,$0.02B,$-0.02B,-91.30%,$0.02B,$-0.02B,-82.61%,$0.02B,$-0.02B,-86.96%,$0.02B,$-0.02B,-86.96%,$-0.02B,$0.06B,-35.71%,$-0.02B,$0.03B,-87.91%,$-0.02B,$0.08B,-28.57%,$-0.02B,$0.06B,-37.33%,$7,$5,$2,$5,$2,$13,$-6,$-0,$-6,$0,$-6,$-6,$-6,$-5,$-6,$127,127,$-0.05,$-0.05,$27,$0,$0,$35,$8,$0,$33,$1,$42,$77,$9,$0,$0,$6,$16,$1,$-343,$1,$61,$77,$-13,$1,$4,$4,$0,$0,$0,$-2,$-1,$-10,$-1,$0,$0,$-7,$0,$-7,$0,$-8,$0,$0,$0,$20,$20,$0,$-1,$19,$1,$1,$0
26,2012-03-31,1.26,$0.44,2.83,$0.16,7.87,$-0.60,0.0,$-0.16,0.0,$0.03B,$0.01B,3.37,$0.00B,$0.05B,0.01,$0.02B,$0.01B,47.37%,$0.02B,$-0.02B,-110.53%,$0.02B,$-0.02B,-110.53%,$0.02B,$-0.02B,-100.00%,$0.02B,$-0.02B,-100.00%,$0.02B,$-0.02B,-100.00%,$-0.02B,$0.05B,-34.70%,$-0.02B,$0.02B,-88.37%,$-0.02B,$0.07B,-27.94%,$-0.02B,$0.06B,-38.01%,$5,$4,$1,$5,$3,$12,$-7,$0,$-7,$0,$-7,$-7,$-7,$-7,$-7,$121,121,$-0.06,$-0.06,$21,$0,$0,$26,$8,$0,$33,$1,$42,$69,$8,$0,$0,$6,$14,$1,$-337,$1,$54,$69,$-7,$0,$2,$3,$0,$0,$0,$1,$0,$-4,$-1,$0,$0,$-2,$0,$-2,$0,$-3,$0,$0,$0,$8,$8,$0,$-1,$7,$-0,$1,$0
27,2011-12-31,1.26,$0.46,2.74,$0.13,9.76,$-0.64,0.0,$-0.17,0.0,$0.03B,$0.01B,3.45,$0.00B,$0.05B,0.01,$0.02B,$0.01B,53.33%,$0.02B,$-0.02B,-140.00%,$0.02B,$-0.02B,-140.00%,$0.02B,$-0.02B,-126.67%,$0.02B,$-0.02B,-126.67%,$0.02B,$-0.02B,-126.67%,$-0.02B,$0.05B,-34.70%,$-0.02B,$0.02B,-89.41%,$-0.02B,$0.07B,-27.84%,$-0.02B,$0.05B,-38.18%,$6,$3,$3,$5,$2,$10,$-4,$1,$-4,$0,$-4,$-4,$-4,$-4,$-4,$114,114,$-0.03,$-0.03,$18,$0,$2,$26,$7,$0,$33,$0,$40,$67,$8,$0,$0,$5,$13,$1,$-330,$1,$54,$67,$-19,$2,$-0,$2,$-2,$0,$0,$-1,$-6,$-24,$-1,$0,$0,$19,$0,$19,$0,$19,$-0,$0,$-0,$11,$11,$0,$0,$11,$6,$2,$0
28,2011-09-30,1.6,$0.48,3.37,$0.08,20.49,$-0.75,0.0,$-0.20,0.0,$0.03B,$0.01B,3.9,$0.00B,$0.06B,0.01,$0.01B,$0.01B,55.56%,$0.01B,$-0.02B,-266.67%,$0.01B,$-0.02B,-266.67%,$0.01B,$-0.02B,-244.44%,$0.01B,$-0.02B,-244.44%,$0.01B,$-0.02B,-233.33%,$-0.02B,$0.06B,-37.50%,$-0.02B,$0.02B,-93.33%,$-0.02B,$0.07B,-29.89%,$-0.02B,$0.06B,-42.67%,$5,$2,$3,$4,$3,$9,$-4,$1,$-3,$0,$-3,$-3,$-3,$-3,$-4,$115,115,$-0.03,$-0.03,$20,$0,$0,$26,$8,$0,$33,$0,$41,$67,$7,$0,$1,$6,$12,$1,$-326,$1,$55,$67,$-16,$2,$-0,$1,$0,$0,$0,$-2,$-6,$-21,$-0,$0,$0,$18,$0,$18,$0,$18,$-0,$0,$-0,$9,$9,$0,$0,$9,$6,$2,$0
29,2011-06-30,2.02,$0.49,4.12,$0.04,55.77,$-0.83,0.0,$-0.27,0.0,$0.03B,$0.01B,3.16,$0.00B,$0.06B,0.01,$0.00B,$0.00B,50.00%,$0.00B,$-0.03B,-775.00%,$0.00B,$-0.03B,-775.00%,$0.00B,$-0.03B,-725.00%,$0.00B,$-0.03B,-725.00%,$0.00B,$-0.03B,-700.00%,$-0.03B,$0.06B,-47.46%,$-0.03B,$0.02B,-108.74%,$-0.03B,$0.07B,-38.23%,$-0.03B,$0.06B,-52.32%,$3,$1,$2,$4,$3,$9,$-6,$1,$-5,$0,$-5,$-5,$-5,$-5,$-6,$113,113,$-0.04,$-0.04,$22,$0,$0,$28,$8,$0,$33,$0,$41,$69,$9,$0,$2,$4,$13,$1,$-323,$1,$56,$69,$-12,$1,$-0,$1,$-2,$0,$0,$-0,$-6,$-17,$-0,$0,$0,$14,$0,$14,$0,$14,$-0,$0,$-0,$8,$8,$0,$0,$8,$5,$1,$0
30,2011-03-31,2.59,$0.48,5.4,$0.01,0.0,$-0.87,0.0,$-0.32,0.0,$0.03B,$0.01B,2.6,$0.00B,$0.05B,0.01,$0.00B,0,0.00%,$0.00B,$-0.03B,-3400.00%,$0.00B,$-0.03B,-3400.00%,$0.00B,$-0.03B,-3300.00%,$0.00B,$-0.03B,-3300.00%,$0.00B,$-0.03B,-3200.00%,$-0.03B,$0.05B,-53.78%,$-0.03B,$0.02B,-123.08%,$-0.03B,$0.07B,-43.69%,$-0.03B,$0.05B,-57.14%,$1,$0,$0,$5,$3,$8,$-7,$-0,$-7,$0,$-7,$-7,$-7,$-7,$-7,$111,111,$-0.07,$-0.07,$24,$0,$0,$29,$8,$0,$33,$0,$41,$70,$11,$0,$3,$5,$17,$1,$-318,$1,$54,$70,$-7,$1,$0,$1,$0,$0,$0,$-1,$-3,$-9,$-0,$0,$0,$8,$0,$8,$0,$8,$-0,$0,$-0,$1,$1,$0,$0,$1,$0,$0,$0
31,2010-12-31,2.43,$0.53,4.57,$0.00,0.0,$-0.89,0.0,$-0.36,0.0,$0.03B,$0.01B,3.25,$0.00B,$0.06B,0.01,$0.00B,0,nan%,$0.00B,$-0.04B,inf%,$0.00B,$-0.04B,inf%,$0.00B,$-0.04B,inf%,$0.00B,$-0.04B,inf%,$0.00B,$-0.04B,inf%,$-0.04B,$0.06B,-56.68%,$-0.04B,$0.03B,-122.81%,$-0.04B,$0.08B,-46.98%,$-0.04B,$0.06B,-61.29%,$0,$0,$0,$5,$2,$7,$-7,$0,$-7,$-0,$-6,$-6,$-6,$-7,$-7,$105,105,$-0.05,$-0.05,$32,$0,$0,$33,$8,$0,$33,$0,$42,$75,$10,$0,$3,$6,$16,$1,$-310,$1,$59,$75,$-36,$2,$-0,$1,$0,$0,$0,$-0,$2,$-33,$-2,$0,$0,$-20,$0,$-20,$0,$-21,$-0,$0,$-0,$24,$24,$0,$0,$23,$-31,$1,$0
32,2010-09-30,2.19,$0.61,3.62,$0.00,0.0,$-0.95,0.0,$-0.45,0.0,$0.04B,$0.01B,3.97,$0.00B,$0.07B,0.01,$0.00B,0,nan%,$0.00B,$-0.05B,inf%,$0.00B,$-0.05B,inf%,$0.00B,$-0.04B,inf%,$0.00B,$-0.05B,inf%,$0.00B,$-0.05B,inf%,$-0.05B,$0.07B,-69.77%,$-0.05B,$0.03B,-144.00%,$-0.05B,$0.08B,-58.25%,$-0.05B,$0.07B,-69.50%,$0,$0,$0,$8,$3,$11,$-11,$0,$-10,$-0,$-10,$-10,$-10,$-10,$-11,$107,107,$-0.10,$-0.10,$37,$0,$0,$38,$8,$0,$33,$0,$42,$79,$10,$0,$0,$3,$12,$1,$-305,$1,$67,$79,$-29,$1,$-1,$0,$-0,$0,$0,$1,$2,$-27,$-1,$0,$0,$-17,$0,$-17,$0,$-18,$-0,$0,$-0,$23,$23,$0,$0,$22,$-23,$1,$0
33,2010-06-30,2.17,$0.56,3.84,$0.00,0.0,$-0.91,0.0,$-0.43,0.0,$0.03B,$0.01B,3.24,$0.00B,$0.06B,0.01,$0.00B,0,nan%,$0.00B,$-0.04B,inf%,$0.00B,$-0.04B,inf%,$0.00B,$-0.04B,inf%,$0.00B,$-0.04B,inf%,$0.00B,$-0.04B,inf%,$-0.04B,$0.06B,-66.67%,$-0.04B,$0.02B,-137.60%,$-0.04B,$0.07B,-56.21%,$-0.04B,$0.06B,-64.86%,$0,$0,$0,$6,$3,$9,$-9,$1,$-9,$0,$-9,$-9,$-9,$-9,$-9,$101,101,$-0.09,$-0.09,$27,$0,$0,$28,$8,$0,$33,$0,$41,$69,$9,$0,$0,$3,$11,$1,$-295,$1,$58,$69,$-19,$1,$-1,$-0,$-0,$0,$0,$1,$1,$-19,$-1,$0,$0,$-13,$0,$-13,$0,$-14,$-0,$0,$-0,$3,$3,$0,$0,$3,$-29,$1,$0
34,2010-03-31,2.31,$0.63,3.67,$0.00,0.0,$-0.88,0.0,$-0.44,0.0,$0.03B,$0.01B,3.66,$0.00B,$0.06B,0.01,$0.00B,0,nan%,$0.00B,$-0.04B,inf%,$0.00B,$-0.04B,inf%,$0.00B,$-0.04B,inf%,$0.00B,$-0.04B,inf%,$0.00B,$-0.04B,inf%,$-0.04B,$0.06B,-66.15%,$-0.04B,$0.03B,-134.38%,$-0.04B,$0.08B,-55.48%,$-0.04B,$0.06B,-62.84%,$0,$0,$0,$9,$3,$12,$-11,$1,$-10,$0,$-10,$-10,$-10,$-11,$-11,$100,100,$-0.10,$-0.10,$33,$0,$0,$34,$8,$0,$33,$0,$42,$75,$9,$0,$0,$3,$12,$1,$-286,$1,$63,$75,$-10,$0,$-1,$-1,$0,$0,$0,$1,$2,$-9,$-1,$0,$0,$-14,$0,$-14,$0,$-15,$-0,$0,$-0,$0,$0,$0,$0,$0,$-24,$0,$0
35,2009-12-31,2.66,$0.70,3.81,$0.00,0.0,$-0.88,0.0,$-0.45,0.0,$0.05B,$0.01B,5.54,$0.00B,$0.07B,0.01,$0.00B,0,nan%,$0.00B,$-0.04B,inf%,$0.00B,$-0.04B,inf%,$0.00B,$-0.04B,inf%,$0.00B,$-0.04B,inf%,$0.00B,$-0.04B,inf%,$-0.04B,$0.07B,-69.79%,$-0.04B,$0.04B,-159.22%,$-0.04B,$0.09B,-54.13%,$-0.04B,$0.07B,-62.98%,$0,$0,$0,$11,$3,$14,$-14,$-2,$-16,$0,$-16,$-16,$-16,$-14,$-14,$86,86,$-0.17,$-0.17,$43,$0,$0,$45,$8,$0,$33,$0,$41,$86,$8,$0,$5,$8,$16,$1,$-275,$1,$70,$86,$-40,$2,$4,$5,$0,$0,$0,$-0,$2,$-33,$-1,$0,$0,$3,$0,$3,$0,$2,$-15,$0,$-15,$57,$57,$0,$0,$42,$12,$2,$0
36,2009-09-30,3.96,$0.72,5.52,$0.00,0.0,$-0.93,0.0,$-0.45,0.0,$0.04B,$0.01B,6.19,$0.00B,$0.07B,0.01,$0.00B,0,nan%,$0.00B,$-0.03B,inf%,$0.00B,$-0.03B,inf%,$0.00B,$-0.03B,inf%,$0.00B,$-0.03B,inf%,$0.00B,$-0.04B,inf%,$-0.04B,$0.07B,-66.67%,$-0.04B,$0.03B,-179.49%,$-0.04B,$0.08B,-47.62%,$-0.03B,$0.07B,-60.66%,$0,$0,$0,$5,$3,$8,$-8,$1,$-8,$0,$-8,$-8,$-8,$-8,$-8,$92,92,$-0.08,$-0.08,$34,$0,$0,$35,$8,$0,$33,$0,$41,$76,$6,$0,$0,$3,$9,$1,$-260,$1,$67,$76,$-24,$1,$2,$3,$0,$0,$0,$1,$1,$-20,$-0,$0,$0,$3,$0,$3,$0,$2,$-15,$0,$-15,$36,$36,$0,$0,$21,$3,$1,$0
37,2009-06-30,3.28,$0.67,4.88,$0.00,0.0,$-0.99,0.0,$-0.49,0.0,$0.03B,$0.01B,3.14,$0.00B,$0.06B,0.01,$0.00B,0,nan%,$0.00B,$-0.03B,inf%,$0.00B,$-0.03B,inf%,$0.00B,$-0.03B,inf%,$0.00B,$-0.04B,inf%,$0.00B,$-0.04B,inf%,$-0.04B,$0.06B,-70.35%,$-0.04B,$0.03B,-208.96%,$-0.04B,$0.07B,-45.45%,$-0.03B,$0.06B,-68.00%,$0,$0,$0,$5,$3,$8,$-8,$-1,$-9,$0,$-9,$-9,$-9,$-7,$-8,$85,85,$-0.10,$-0.10,$31,$0,$0,$32,$8,$0,$33,$0,$41,$73,$10,$0,$0,$3,$14,$1,$-253,$0,$60,$73,$-17,$1,$2,$3,$0,$0,$0,$-0,$-0,$-14,$-0,$0,$0,$0,$0,$0,$0,$-0,$-12,$0,$-12,$25,$25,$0,$0,$12,$-2,$1,$0
38,2009-03-31,1.02,$0.55,1.86,$0.01,0.0,$-1.01,0.0,$-0.54,0.0,$0.03B,$0.03B,0.99,$0.00B,$0.04B,0.01,$0.00B,0,nan%,$0.00B,$-0.03B,inf%,$0.00B,$-0.03B,inf%,$0.00B,$-0.03B,inf%,$0.00B,$-0.04B,inf%,$0.00B,$-0.04B,inf%,$-0.04B,$0.04B,-75.27%,$-0.04B,$0.01B,-259.26%,$-0.04B,$0.07B,-44.30%,$-0.03B,$0.04B,-65.07%,$0,$0,$0,$4,$3,$7,$-7,$-1,$-8,$0,$-8,$-8,$-8,$-7,$-7,$69,69,$-0.12,$-0.12,$26,$0,$0,$27,$8,$0,$33,$0,$41,$68,$27,$0,$0,$3,$30,$1,$-244,$0,$38,$68,$-8,$0,$1,$2,$0,$0,$0,$-0,$-0,$-7,$-0,$0,$0,$0,$0,$0,$0,$0,$-1,$0,$-1,$0,$0,$0,$0,$-1,$-7,$0,$0
39,2008-12-31,1.89,$0.66,2.86,$0.02,111.22,$-1.02,0.0,$-0.55,0.0,$0.04B,$0.03B,1.27,$0.00B,$0.05B,0.01,$0.00B,0,nan%,$0.00B,$-0.03B,inf%,$0.00B,$-0.03B,inf%,$0.00B,$-0.03B,inf%,$0.00B,$-0.03B,inf%,$0.00B,$-0.04B,inf%,$-0.04B,$0.05B,-68.63%,$-0.04B,$0.01B,-194.44%,$-0.04B,$0.08B,-41.92%,$-0.03B,$0.05B,-54.62%,$0,$0,$0,$6,$3,$9,$-9,$0,$-9,$0,$-9,$-9,$-10,$-9,$-9,$68,68,$-0.11,$-0.11,$34,$0,$0,$35,$8,$0,$33,$0,$42,$77,$28,$0,$0,$3,$31,$1,$-236,$0,$45,$77,$-35,$1,$8,$9,$0,$0,$0,$1,$1,$-24,$-6,$0,$0,$34,$0,$34,$1,$30,$-1,$0,$-1,$18,$18,$0,$0,$17,$23,$2,$0
40,2008-09-30,2.9,$0.82,3.55,$0.02,129.25,$-1.05,0.0,$-0.55,0.0,$0.05B,$0.03B,1.55,$0.00B,$0.06B,0.0,$0.00B,0,nan%,$0.00B,$-0.03B,inf%,$0.00B,$-0.03B,inf%,$0.00B,$-0.03B,inf%,$0.00B,$-0.03B,inf%,$0.00B,$-0.03B,inf%,$-0.03B,$0.06B,-61.26%,$-0.03B,$0.02B,-151.11%,$-0.03B,$0.09B,-39.08%,$-0.03B,$0.06B,-44.44%,$0,$0,$0,$9,$1,$10,$-10,$-1,$-10,$0,$-10,$-10,$-8,$-9,$-10,$67,67,$-0.12,$-0.12,$45,$0,$0,$47,$8,$0,$33,$1,$43,$90,$30,$0,$0,$3,$33,$1,$-225,$0,$56,$90,$-25,$1,$3,$4,$0,$-0,$0,$0,$3,$-18,$-1,$0,$0,$34,$0,$34,$1,$33,$-1,$0,$-1,$18,$18,$0,$0,$17,$32,$2,$0
41,2008-06-30,2.49,$0.76,3.27,$0.03,75.96,$-1.14,0.0,$-0.58,0.0,$0.04B,$0.01B,4.24,$0.02B,$0.05B,0.46,$0.00B,$0.00B,100.00%,$0.00B,$-0.03B,-3000.00%,$0.00B,$-0.03B,-3000.00%,$0.00B,$-0.03B,-3000.00%,$0.00B,$-0.03B,-2900.00%,$0.00B,$-0.04B,-3500.00%,$-0.04B,$0.05B,-58.82%,$-0.04B,$0.01B,-133.33%,$-0.04B,$0.08B,-39.11%,$-0.03B,$0.07B,-36.81%,$0,$0,$0,$5,$3,$9,$-8,$-0,$-8,$0,$-8,$-8,$-9,$-8,$-8,$61,61,$-0.15,$-0.15,$36,$0,$0,$38,$8,$0,$33,$1,$42,$81,$9,$22,$0,$25,$34,$1,$-217,$0,$47,$81,$-17,$1,$8,$8,$1,$-0,$0,$0,$2,$-7,$-4,$0,$0,$30,$0,$30,$1,$27,$-1,$0,$-1,$0,$0,$0,$0,$-1,$19,$1,$0
42,2008-03-31,2.66,$0.90,2.95,$0.02,112.34,$-1.18,0.0,$-0.56,0.0,$0.04B,$0.01B,5.17,$0.02B,$0.06B,0.39,$0.00B,$0.00B,100.00%,$0.00B,$-0.03B,-3000.00%,$0.00B,$-0.03B,-3000.00%,$0.00B,$-0.03B,-3000.00%,$0.00B,$-0.03B,-2800.00%,$0.00B,$-0.03B,-3400.00%,$-0.03B,$0.06B,-50.18%,$-0.03B,$0.02B,-99.27%,$-0.03B,$0.09B,-35.32%,$-0.03B,$0.08B,-33.43%,$0,$0,$0,$4,$3,$8,$-7,$0,$-7,$0,$-7,$-7,$-8,$-7,$-7,$61,61,$-0.13,$-0.13,$41,$0,$0,$43,$8,$0,$33,$2,$43,$86,$8,$22,$0,$22,$30,$1,$-207,$0,$56,$86,$-8,$0,$3,$4,$0,$-0,$0,$0,$-1,$-5,$-2,$0,$0,$16,$0,$16,$1,$16,$-1,$1,$-0,$0,$0,$0,$0,$-0,$10,$0,$0
43,2007-12-31,3.33,$1.02,3.27,$0.02,140.3,$-1.18,0.0,$-0.57,0.0,$0.05B,$0.01B,7.9,$0.02B,$0.06B,0.34,$0.00B,$0.00B,100.00%,$0.00B,$-0.03B,-3100.00%,$0.00B,$-0.03B,-3100.00%,$0.00B,$-0.03B,-3100.00%,$0.00B,$-0.03B,-2800.00%,$0.00B,$-0.03B,-3400.00%,$-0.03B,$0.06B,-45.03%,$-0.03B,$0.03B,-81.44%,$-0.03B,$0.09B,-32.85%,$-0.03B,$0.09B,-31.71%,$0,$0,$0,$4,$3,$7,$-7,$0,$-6,$0,$-6,$-6,$-9,$-7,$-7,$61,61,$-0.15,$-0.15,$46,$0,$0,$49,$6,$0,$33,$2,$42,$91,$6,$22,$0,$22,$28,$1,$-200,$0,$63,$91,$-35,$-1,$8,$7,$-0,$0,$0,$1,$1,$-27,$-2,$0,$0,$27,$0,$27,$-0,$25,$-1,$0,$-1,$0,$0,$0,$0,$-1,$-3,$2,$0
44,2007-09-30,3.59,$1.16,3.1,$0.02,143.74,$-0.72,0.0,$-0.52,0.0,$0.06B,$0.01B,9.85,$0.02B,$0.07B,0.3,$0.00B,$0.00B,100.00%,$0.00B,$-0.03B,-3000.00%,$0.00B,$-0.03B,-3000.00%,$0.00B,$-0.02B,-2400.00%,$0.00B,$-0.03B,-2700.00%,$0.00B,$-0.03B,-3100.00%,$-0.03B,$0.07B,-37.24%,$-0.03B,$0.04B,-62.94%,$-0.03B,$0.10B,-27.87%,$-0.03B,$0.09B,-28.44%,$1,$0,$1,$6,$3,$9,$-8,$0,$-8,$0,$-8,$-8,$-9,$-8,$-8,$61,61,$-0.15,$-0.15,$52,$0,$0,$55,$9,$0,$34,$1,$44,$100,$6,$22,$0,$22,$28,$1,$-191,$0,$72,$100,$-26,$-1,$4,$3,$-1,$0,$0,$2,$0,$-22,$-1,$0,$0,$32,$0,$32,$-0,$31,$-1,$0,$-0,$0,$0,$0,$0,$-0,$9,$1,$0
45,2007-06-30,2.9,$1.29,2.24,$0.03,93.2,$-0.56,0.0,$-0.45,0.0,$0.06B,$0.01B,11.25,$0.02B,$0.08B,0.27,$0.00B,0,0.00%,$0.00B,$-0.03B,-2800.00%,$0.00B,$-0.03B,-2800.00%,$0.00B,$-0.02B,-2100.00%,$0.00B,$-0.02B,-2400.00%,$0.00B,$-0.03B,-2700.00%,$-0.03B,$0.08B,-30.00%,$-0.03B,$0.05B,-48.21%,$-0.03B,$0.11B,-22.98%,$-0.03B,$0.10B,-24.89%,$-0,$0,$-0,$4,$3,$7,$-8,$1,$-7,$0,$-7,$-7,$-8,$-8,$-8,$61,61,$-0.13,$-0.13,$61,$0,$0,$63,$10,$0,$34,$1,$45,$108,$6,$22,$0,$22,$28,$1,$-182,$0,$80,$108,$-14,$-1,$2,$1,$-0,$0,$0,$0,$1,$-13,$-1,$0,$0,$14,$0,$14,$-0,$13,$-0,$0,$-0,$0,$0,$0,$0,$-0,$0,$1,$0
46,2007-03-31,2.59,$1.41,1.84,$0.05,53.63,$-0.50,0.0,$-0.42,0.0,$0.07B,$0.01B,12.53,$0.02B,$0.09B,0.26,$0.00B,0,0.00%,$0.00B,$-0.03B,-1350.00%,$0.00B,$-0.03B,-1350.00%,$0.00B,$-0.02B,-950.00%,$0.00B,$-0.02B,-1150.00%,$0.00B,$-0.03B,-1250.00%,$-0.03B,$0.09B,-26.04%,$-0.03B,$0.05B,-40.32%,$-0.03B,$0.12B,-20.28%,$-0.03B,$0.11B,-22.78%,$0,$0,$0,$4,$5,$8,$-8,$1,$-7,$0,$-7,$-7,$-8,$-8,$-8,$61,61,$-0.14,$-0.14,$68,$1,$0,$71,$10,$0,$34,$1,$44,$115,$6,$22,$0,$23,$28,$1,$-173,$0,$87,$115,$-7,$-0,$2,$1,$-0,$0,$0,$0,$-1,$-7,$-1,$0,$0,$7,$0,$7,$0,$7,$-0,$1,$1,$0,$0,$0,$0,$1,$1,$0,$0
47,2006-12-31,4.1,$0.00,0.0,$0.07,62.41,$-0.47,0.0,$-0.39,0.0,$0.08B,$0.01B,14.49,$0.02B,$0.09B,0.24,$0.00B,0,0.00%,$0.00B,$-0.02B,-800.00%,$0.00B,$-0.02B,-800.00%,$0.00B,$-0.02B,-500.00%,$0.00B,$-0.02B,-700.00%,$0.00B,$-0.02B,-733.33%,$-0.02B,$0.09B,-21.67%,$-0.02B,$0.06B,-32.59%,$-0.02B,$0.12B,-17.15%,$-0.02B,$0.12B,-19.35%,$0,$0,$0,$3,$3,$6,$-6,$1,$-5,$0,$-5,$-5,$-6,$0,$-6,$61,61,$-0.10,$-0.10,$74,$0,$0,$77,$10,$0,$34,$1,$45,$122,$5,$22,$0,$23,$28,$1,$-165,$0,$94,$122,$-23,$0,$5,$5,$3,$-0,$0,$-0,$3,$-15,$-1,$0,$0,$-65,$0,$-65,$-0,$-67,$-1,$0,$-1,$58,$58,$0,$0,$57,$-25,$2,$0
