,Date,Stock Price,Book Value per Share,Price to Book Ratio,TTM Sales per Share,Price to Sales Ratio,TTM FCF per Share,Price to FCF Ratio,TTM Net EPS,PE Ratio,Current Assets,Current Liabilities,Current Ratio,Long Term Debt,Shareholder's Equity_x,Debt to Equity Ratio,TTM Revenue_x,TTM Gross Profit,Gross Margin,TTM Revenue_y,TTM Operating Income,Operating Margin,TTM Revenue_x,TTM EBIT,EBIT Margin,TTM Revenue_y,TTM EBITDA,EBITDA Margin,TTM Revenue_x,TTM Pre-Tax Income,Pre-Tax Margin,TTM Revenue_y,TTM Net Income_x,Net Margin,TTM Net Income_y,Shareholder's Equity_y,Return on Equity,TTM Net Income_x,Tangible Equity,Return on Tangible Equity,TTM Net Income_y,Total Assets,Return on Assets,TTM Net Income,LT Investments & Debt,Return on Investment,revenue,cost-goods-sold,gross-profit,research-development-expenses,selling-general-administrative-expenses,operating-expenses,operating-income,total-non-operating-income-expense,pre-tax-income,total-provision-income-taxes,income-after-taxes,income-from-continuous-operations,net-income,ebitda,ebit,basic-shares-outstanding,shares-outstanding,eps-basic-net-earnings-per-share,eps-earnings-per-share-diluted,cash-on-hand,inventory,other-current-assets,total-current-assets,net-property-plant-equipment,long-term-investments,goodwill-intangible-assets-total,other-long-term-assets,total-long-term-assets,total-assets,total-current-liabilities,long-term-debt,other-non-current-liabilities,total-long-term-liabilities,total-liabilities,common-stock-net,retained-earnings-accumulated-deficit,comprehensive-income,total-share-holder-equity,total-liabilities-share-holders-equity,net-income-loss,total-depreciation-amortization-cash-flow,other-non-cash-items,total-non-cash-items,change-in-accounts-receivable,change-in-inventories,change-in-accounts-payable,change-in-assets-liabilities,total-change-in-assets-liabilities,cash-flow-from-operating-activities,net-change-in-property-plant-equipment,net-change-in-intangible-assets,net-acquisitions-divestitures,net-change-in-short-term-investments,net-change-in-long-term-investments,net-change-in-investments-total,investing-activities-other,cash-flow-from-investing-activities,net-long-term-debt,net-current-debt,debt-issuance-retirement-net-total,net-common-equity-issued-repurchased,net-total-equity-issued-repurchased,total-common-preferred-stock-dividends-paid,financial-activities-other,cash-flow-from-financial-activities,net-cash-flow,stock-based-compensation,common-stock-dividends-paid
0,2018-09-30,52.4,$1.24,42.4,$2.56,20.5,$-1.23,0.0,$-0.65,0.0,$0.30B,$0.05B,6.17,$0.15B,$0.12B,1.3,$0.23B,$0.16B,68.67%,$0.23B,$-0.03B,-12.88%,$0.23B,$-0.03B,-12.88%,$0.23B,$-0.02B,-7.73%,$0.23B,$-0.04B,-18.45%,$0.23B,$-0.06B,-25.75%,$-0.06B,$0.12B,-53.69%,$-0.06B,$0.12B,-53.69%,$-0.06B,$0.32B,-20.10%,$-0.03B,$0.26B,-12.11%,$65,$19,$46,$13,$38,$70,$-5,$-2,$-8,$4,$-12,$-12,$-12,$-3,$-5,$93,93,$-0.13,$-0.13,$230,$22,$0,$297,$16,$0,$0,$3,$19,$316,$48,$149,$1,$152,$201,$0,$-628,$-1,$115,$316,$-48,$8,$30,$38,$-5,$0,$3,$-1,$-9,$-19,$-5,$0,$0,$1,$0,$1,$0,$-4,$49,$0,$49,$18,$18,$0,$0,$67,$44,$29,$0
1,2018-06-30,31.3,$1.21,25.83,$2.42,12.93,$-1.37,0.0,$-0.65,0.0,$0.29B,$0.05B,6.41,$0.15B,$0.11B,1.33,$0.22B,$0.15B,68.35%,$0.22B,$-0.03B,-14.22%,$0.22B,$-0.03B,-14.22%,$0.22B,$-0.02B,-8.72%,$0.22B,$-0.04B,-19.72%,$0.22B,$-0.06B,-27.06%,$-0.06B,$0.11B,-52.56%,$-0.06B,$0.11B,-52.56%,$-0.06B,$0.31B,-20.70%,$-0.03B,$0.26B,-13.18%,$62,$20,$42,$11,$37,$69,$-7,$-3,$-10,$6,$-16,$-16,$-16,$-5,$-7,$91,91,$-0.17,$-0.17,$221,$20,$0,$290,$17,$0,$0,$3,$20,$310,$45,$149,$1,$153,$198,$0,$-616,$-1,$112,$310,$-36,$7,$19,$25,$-8,$2,$3,$-2,$-13,$-24,$-4,$0,$0,$1,$0,$1,$0,$-3,$49,$0,$49,$14,$14,$0,$0,$63,$36,$19,$0
2,2018-03-31,21.8,$1.17,18.57,$2.18,9.99,$-1.48,0.0,$-0.72,0.0,$0.28B,$0.05B,6.32,$0.15B,$0.11B,1.41,$0.19B,$0.13B,68.04%,$0.19B,$-0.04B,-20.62%,$0.19B,$-0.04B,-20.62%,$0.19B,$-0.03B,-14.43%,$0.19B,$-0.05B,-26.29%,$0.19B,$-0.06B,-32.99%,$-0.06B,$0.11B,-56.26%,$-0.06B,$0.11B,-56.26%,$-0.06B,$0.30B,-23.55%,$-0.04B,$0.26B,-17.90%,$52,$18,$34,$11,$35,$65,$-13,$-5,$-18,$3,$-21,$-21,$-21,$-8,$-13,$90,90,$-0.23,$-0.23,$218,$20,$0,$283,$18,$0,$0,$3,$21,$303,$45,$149,$1,$153,$197,$0,$-601,$-1,$106,$303,$-21,$5,$9,$13,$-4,$2,$2,$-9,$-9,$-17,$-2,$0,$0,$0,$0,$0,$0,$-2,$49,$0,$49,$3,$3,$0,$0,$52,$33,$9,$0
3,2017-12-31,20.2,$1.27,15.92,$2.00,10.09,$-1.61,0.0,$-0.70,0.0,$0.25B,$0.05B,4.88,$0.10B,$0.11B,0.86,$0.18B,$0.12B,68.36%,$0.18B,$-0.04B,-22.60%,$0.18B,$-0.04B,-22.60%,$0.18B,$-0.03B,-18.08%,$0.18B,$-0.05B,-27.68%,$0.18B,$-0.06B,-34.46%,$-0.06B,$0.11B,-51.05%,$-0.06B,$0.11B,-51.05%,$-0.06B,$0.27B,-23.26%,$-0.04B,$0.21B,-18.52%,$54,$16,$38,$10,$32,$58,$-5,$-2,$-7,$4,$-11,$-11,$-11,$-2,$-5,$89,89,$-0.12,$-0.12,$185,$22,$0,$245,$18,$0,$0,$2,$20,$265,$50,$97,$2,$102,$152,$0,$-582,$-1,$114,$265,$-62,$8,$27,$35,$-21,$4,$-1,$-2,$-7,$-33,$-7,$0,$0,$16,$0,$16,$-2,$7,$-0,$0,$-0,$5,$5,$0,$0,$5,$-21,$27,$0
4,2017-09-30,19.85,$1.31,15.2,$1.75,11.35,$-2.61,0.0,$-0.84,0.0,$0.24B,$0.04B,5.9,$0.10B,$0.12B,0.83,$0.15B,$0.10B,66.67%,$0.15B,$-0.05B,-34.64%,$0.15B,$-0.05B,-34.64%,$0.15B,$-0.05B,-30.07%,$0.15B,$-0.06B,-41.18%,$0.15B,$-0.07B,-47.06%,$-0.07B,$0.12B,-56.92%,$-0.07B,$0.12B,-56.92%,$-0.07B,$0.26B,-27.02%,$-0.05B,$0.21B,-23.77%,$50,$15,$35,$9,$32,$56,$-6,$-2,$-8,$3,$-11,$-11,$-11,$-4,$-6,$89,89,$-0.13,$-0.13,$189,$25,$0,$242,$18,$0,$0,$2,$20,$262,$41,$97,$5,$105,$146,$0,$-571,$-1,$117,$262,$-51,$6,$21,$27,$-12,$1,$-4,$1,$-6,$-30,$-5,$0,$0,$16,$0,$16,$0,$11,$-0,$0,$-0,$4,$4,$0,$0,$4,$-16,$21,$0
5,2017-06-30,17.3,$1.33,13.04,$1.44,12.01,$-3.47,0.0,$-1.10,0.0,$0.24B,$0.04B,6.72,$0.10B,$0.12B,0.82,$0.13B,$0.08B,62.40%,$0.13B,$-0.08B,-60.00%,$0.13B,$-0.08B,-60.00%,$0.13B,$-0.07B,-55.20%,$0.13B,$-0.09B,-68.00%,$0.13B,$-0.10B,-76.00%,$-0.10B,$0.12B,-69.47%,$-0.10B,$0.12B,-69.47%,$-0.10B,$0.26B,-34.70%,$-0.08B,$0.21B,-32.19%,$38,$13,$25,$9,$31,$54,$-16,$-2,$-18,$3,$-21,$-21,$-21,$-14,$-16,$88,88,$-0.24,$-0.24,$186,$25,$0,$236,$19,$0,$0,$2,$21,$257,$35,$97,$5,$104,$139,$0,$-560,$-2,$118,$257,$-39,$4,$12,$16,$-9,$0,$-5,$1,$-10,$-33,$-4,$0,$0,$16,$0,$16,$0,$12,$-0,$0,$-0,$2,$2,$0,$0,$2,$-18,$12,$0
6,2017-03-31,8.1,$1.46,5.54,$1.22,6.67,$-3.88,0.0,$-1.34,0.0,$0.24B,$0.03B,7.63,$0.10B,$0.13B,0.75,$0.11B,$0.06B,52.38%,$0.11B,$-0.10B,-91.43%,$0.11B,$-0.10B,-91.43%,$0.11B,$-0.09B,-86.67%,$0.11B,$-0.11B,-100.00%,$0.11B,$-0.12B,-109.52%,$-0.12B,$0.13B,-74.68%,$-0.12B,$0.13B,-74.68%,$-0.12B,$0.27B,-42.24%,$-0.10B,$0.23B,-41.38%,$35,$12,$23,$9,$27,$48,$-13,$-2,$-16,$2,$-18,$-18,$-18,$-12,$-13,$87,87,$-0.21,$-0.21,$191,$26,$0,$243,$19,$0,$0,$2,$21,$265,$32,$96,$5,$104,$136,$0,$-539,$-2,$129,$265,$-18,$2,$5,$6,$-10,$-0,$-4,$-2,$-15,$-27,$-2,$0,$0,$15,$0,$15,$0,$13,$-0,$0,$-0,$0,$0,$0,$0,$0,$-14,$5,$0
7,2016-12-31,7.85,$1.63,4.8,$0.97,8.08,$-3.94,0.0,$-1.55,0.0,$0.26B,$0.04B,7.1,$0.10B,$0.14B,0.68,$0.08B,$0.04B,44.58%,$0.08B,$-0.12B,-138.55%,$0.08B,$-0.12B,-138.55%,$0.08B,$-0.11B,-132.53%,$0.08B,$-0.12B,-145.78%,$0.08B,$-0.13B,-159.04%,$-0.13B,$0.14B,-74.68%,$-0.13B,$0.14B,-74.68%,$-0.13B,$0.28B,-47.87%,$-0.12B,$0.24B,-48.57%,$30,$11,$19,$8,$29,$48,$-18,$-3,$-21,$1,$-22,$-22,$-22,$-16,$-18,$86,86,$-0.25,$-0.25,$220,$26,$0,$262,$19,$0,$0,$2,$20,$282,$37,$96,$4,$103,$140,$0,$-520,$-2,$142,$282,$-132,$6,$29,$34,$-6,$-12,$2,$0,$-9,$-108,$-18,$0,$0,$31,$0,$31,$-0,$13,$73,$0,$73,$2,$2,$0,$1,$75,$-20,$22,$0
8,2016-09-30,8.54,$1.84,4.63,$1.02,8.33,$-6.10,0.0,$1.25,6.83,$0.27B,$0.03B,9.14,$0.10B,$0.16B,0.61,$0.07B,$0.02B,36.92%,$0.07B,$-0.13B,-196.92%,$0.07B,$-0.13B,-196.92%,$0.07B,$-0.12B,-189.23%,$0.07B,$-0.13B,-201.54%,$0.07B,$-0.14B,-220.00%,$-0.14B,$0.16B,-70.10%,$-0.14B,$0.16B,-70.10%,$-0.14B,$0.29B,-50.71%,$-0.13B,$0.25B,-52.14%,$22,$11,$11,$10,$29,$50,$-28,$-2,$-30,$3,$-34,$-34,$-34,$-27,$-28,$86,86,$-0.39,$-0.39,$236,$24,$0,$271,$18,$0,$0,$2,$20,$291,$30,$96,$4,$103,$133,$0,$-498,$-2,$158,$291,$-110,$4,$23,$27,$-2,$-10,$-3,$0,$-12,$-94,$-14,$0,$0,$31,$0,$31,$0,$16,$73,$0,$73,$1,$1,$0,$0,$74,$-4,$17,$0
