,Date,Stock Price,Book Value per Share,Price to Book Ratio,TTM Sales per Share,Price to Sales Ratio,TTM FCF per Share,Price to FCF Ratio,TTM Net EPS,PE Ratio,Current Assets,Current Liabilities,Current Ratio,Long Term Debt,Shareholder's Equity_x,Debt to Equity Ratio,TTM Revenue_x,TTM Gross Profit,Gross Margin,TTM Revenue_y,TTM Operating Income,Operating Margin,TTM Revenue_x,TTM EBIT,EBIT Margin,TTM Revenue_y,TTM EBITDA,EBITDA Margin,TTM Revenue_x,TTM Pre-Tax Income,Pre-Tax Margin,TTM Revenue_y,TTM Net Income_x,Net Margin,TTM Net Income_y,Shareholder's Equity_y,Return on Equity,TTM Net Income_x,Tangible Equity,Return on Tangible Equity,TTM Net Income_y,Total Assets,Return on Assets,TTM Net Income,LT Investments & Debt,Return on Investment,revenue,cost-goods-sold,gross-profit,research-development-expenses,selling-general-administrative-expenses,operating-expenses,operating-income,total-non-operating-income-expense,pre-tax-income,total-provision-income-taxes,income-after-taxes,income-from-continuous-operations,net-income,ebitda,ebit,basic-shares-outstanding,shares-outstanding,eps-basic-net-earnings-per-share,eps-earnings-per-share-diluted,cash-on-hand,inventory,other-current-assets,total-current-assets,net-property-plant-equipment,long-term-investments,goodwill-intangible-assets-total,other-long-term-assets,total-long-term-assets,total-assets,total-current-liabilities,long-term-debt,other-non-current-liabilities,total-long-term-liabilities,total-liabilities,common-stock-net,retained-earnings-accumulated-deficit,comprehensive-income,total-share-holder-equity,total-liabilities-share-holders-equity,net-income-loss,total-depreciation-amortization-cash-flow,other-non-cash-items,total-non-cash-items,change-in-accounts-receivable,change-in-inventories,change-in-accounts-payable,change-in-assets-liabilities,total-change-in-assets-liabilities,cash-flow-from-operating-activities,net-change-in-property-plant-equipment,net-change-in-intangible-assets,net-acquisitions-divestitures,net-change-in-short-term-investments,net-change-in-long-term-investments,net-change-in-investments-total,investing-activities-other,cash-flow-from-investing-activities,net-long-term-debt,net-current-debt,debt-issuance-retirement-net-total,net-common-equity-issued-repurchased,net-total-equity-issued-repurchased,total-common-preferred-stock-dividends-paid,financial-activities-other,cash-flow-from-financial-activities,net-cash-flow,stock-based-compensation,common-stock-dividends-paid
0,2018-09-30,47.14,$0.00,0.0,$7.21,6.54,$5.93,7.95,$2.52,18.71,$8.45B,$7.71B,1.1,$0.00B,$7.41B,0.0,$17.61B,$14.79B,83.98%,$17.61B,$7.47B,42.43%,$17.61B,$7.47B,42.43%,$17.61B,$7.95B,45.15%,$17.61B,$7.68B,43.59%,$17.61B,$6.16B,34.98%,$6.16B,$7.41B,81.76%,$6.16B,$6.69B,89.36%,$6.16B,$15.90B,38.86%,$7.47B,$7.41B,99.17%,$4331,$689,$3642,$568,$1257,$2488,$1843,$-105,$1738,$328,$1410,$1410,$1410,$1959,$1843,$2414,2419,$0.58,$0.58,$2597,$2484,$0,$8445,$6171,$241,$719,$0,$7451,$15896,$7710,$0,$521,$773,$8484,$76,$7645,$0,$7412,$15896,$4700,$356,$1830,$2186,$0,$0,$0,$-103,$-103,$5804,$-1071,$-242,$57,$0,$8,$8,$3,$-1245,$0,$0,$0,$-1766,$-1766,$-2971,$0,$-4738,$-171,$0,$-2971
1,2018-06-30,46.12,$0.00,0.0,$7.12,6.48,$5.89,7.82,$2.56,18.02,$9.21B,$7.87B,1.17,$0.00B,$7.86B,0.0,$17.49B,$14.68B,83.95%,$17.49B,$7.53B,43.08%,$17.49B,$7.53B,43.08%,$17.49B,$8.02B,45.89%,$17.49B,$7.91B,45.23%,$17.49B,$6.30B,36.00%,$6.30B,$7.86B,83.53%,$6.30B,$7.19B,90.28%,$6.30B,$16.53B,39.97%,$7.53B,$7.86B,99.95%,$4388,$697,$3691,$528,$1271,$2434,$1954,$47,$2001,$345,$1656,$1656,$1656,$2073,$1954,$2426,2431,$0.68,$0.68,$3048,$2583,$0,$9206,$6079,$244,$672,$0,$7324,$16530,$7874,$0,$523,$799,$8672,$78,$8112,$0,$7858,$16530,$3377,$240,$1353,$1593,$0,$0,$0,$4,$4,$4096,$-714,$-170,$59,$0,$3,$3,$2,$-819,$0,$0,$0,$-1241,$-1241,$-1891,$0,$-3132,$158,$0,$-1891
2,2018-03-31,49.25,$0.00,0.0,$7.02,7.01,$5.64,8.74,$2.47,19.94,$8.24B,$7.29B,1.13,$0.00B,$7.30B,0.0,$17.33B,$14.57B,84.06%,$17.33B,$7.56B,43.61%,$17.33B,$7.56B,43.61%,$17.33B,$8.06B,46.51%,$17.33B,$7.78B,44.87%,$17.33B,$6.11B,35.26%,$6.11B,$7.30B,83.00%,$6.11B,$6.64B,88.96%,$6.11B,$15.45B,40.12%,$7.56B,$7.30B,102.66%,$4446,$693,$3753,$548,$1208,$2391,$2055,$192,$2247,$472,$1775,$1775,$1775,$2176,$2055,$2437,2442,$0.73,$0.73,$2103,$2620,$0,$8241,$5966,$258,$666,$0,$7205,$15446,$7292,$0,$523,$851,$8143,$83,$7207,$0,$7304,$15446,$1775,$121,$336,$457,$0,$0,$0,$106,$106,$1620,$-341,$-146,$61,$0,$0,$0,$2,$-425,$0,$0,$0,$-716,$-716,$-1950,$331,$-2334,$-1135,$0,$-1950
3,2017-12-31,52.79,$3.10,17.05,$6.83,7.72,$5.72,9.24,$2.32,22.76,$9.13B,$7.15B,1.28,$0.00B,$7.57B,0.0,$16.97B,$14.29B,84.20%,$16.97B,$7.44B,43.84%,$16.97B,$7.44B,43.84%,$16.97B,$7.92B,46.68%,$16.97B,$7.40B,43.58%,$16.97B,$5.79B,34.14%,$5.79B,$7.57B,82.96%,$5.79B,$7.06B,88.36%,$5.79B,$15.55B,39.27%,$7.44B,$7.57B,106.53%,$4446,$742,$3704,$626,$1481,$2825,$1621,$70,$1691,$371,$1320,$1320,$1320,$1744,$1621,$2473,2478,$0.54,$0.54,$3214,$2335,$0,$9126,$5354,$268,$505,$0,$6422,$15548,$7148,$0,$502,$833,$7981,$76,$7440,$0,$7567,$15548,$5792,$483,$1528,$2011,$10,$-157,$-61,$38,$-170,$6253,$-1157,$-155,$0,$305,$5,$310,$4,$-998,$0,$0,$0,$-2559,$-2559,$-2862,$0,$-5421,$-198,$0,$-2862
4,2017-09-30,47.36,$0.00,0.0,$6.73,7.04,$6.08,7.79,$2.29,20.68,$9.02B,$7.13B,1.27,$0.00B,$7.42B,0.0,$16.81B,$14.15B,84.21%,$16.81B,$7.43B,44.22%,$16.81B,$7.43B,44.22%,$16.81B,$7.96B,47.34%,$16.81B,$7.28B,43.32%,$16.81B,$5.73B,34.07%,$5.73B,$7.42B,84.54%,$5.73B,$7.00B,89.87%,$5.73B,$15.47B,39.52%,$7.43B,$7.42B,109.75%,$4205,$675,$3530,$526,$1168,$2302,$1903,$66,$1969,$425,$1544,$1544,$1544,$2030,$1903,$2466,2469,$0.63,$0.63,$3430,$2406,$0,$9021,$5234,$350,$413,$0,$6446,$15467,$7130,$0,$494,$919,$8049,$79,$7151,$0,$7417,$15467,$4721,$360,$1589,$1949,$0,$0,$0,$-290,$-290,$5551,$-805,$-50,$0,$317,$-5,$312,$4,$-538,$0,$0,$0,$-1934,$-1934,$-2977,$0,$-4912,$65,$0,$-2977
5,2017-06-30,41.75,$0.00,0.0,$6.66,6.27,$6.09,6.86,$2.25,18.56,$8.72B,$6.48B,1.35,$0.00B,$7.16B,0.0,$16.73B,$14.16B,84.60%,$16.73B,$7.39B,44.18%,$16.73B,$7.39B,44.18%,$16.73B,$7.90B,47.19%,$16.73B,$7.16B,42.77%,$16.73B,$5.65B,33.78%,$5.65B,$7.16B,87.38%,$5.65B,$6.77B,93.21%,$5.65B,$14.47B,40.67%,$7.39B,$7.16B,114.30%,$4236,$652,$3583,$505,$1127,$2256,$1980,$-110,$1870,$398,$1472,$1472,$1472,$2111,$1980,$2480,2484,$0.59,$0.59,$3415,$2223,$0,$8722,$4716,$296,$391,$0,$5746,$14468,$6482,$0,$538,$823,$7305,$74,$6953,$0,$7164,$14468,$2974,$232,$1036,$1268,$0,$0,$0,$-249,$-249,$3286,$-466,$-38,$0,$297,$-4,$292,$2,$-210,$0,$0,$0,$-1184,$-1184,$-1693,$0,$-2877,$175,$0,$-1693
6,2017-03-31,33.37,$0.00,0.0,$6.60,5.06,$6.10,5.47,$2.26,14.77,$7.98B,$7.01B,1.14,$0.00B,$5.78B,0.0,$16.67B,$14.13B,84.78%,$16.67B,$7.31B,43.86%,$16.67B,$7.31B,43.86%,$16.67B,$7.80B,46.77%,$16.67B,$7.20B,43.20%,$16.67B,$5.69B,34.16%,$5.69B,$5.78B,90.46%,$5.69B,$5.38B,96.39%,$5.69B,$13.51B,41.77%,$7.31B,$5.78B,116.15%,$4080,$610,$3470,$472,$1104,$2146,$1934,$-70,$1865,$408,$1456,$1456,$1456,$2036,$1934,$2496,2500,$0.58,$0.58,$2591,$2157,$0,$7980,$4459,$293,$397,$0,$5530,$13510,$7013,$0,$518,$718,$7731,$73,$5842,$0,$5779,$13510,$1456,$102,$694,$796,$0,$0,$0,$-13,$-13,$1735,$-230,$-15,$0,$144,$0,$144,$2,$-99,$0,$0,$0,$-609,$-609,$-1642,$282,$-1968,$-331,$0,$-1642
7,2016-12-31,34.22,$2.69,12.74,$6.54,5.23,$5.87,5.83,$2.23,15.34,$8.88B,$7.05B,1.26,$0.00B,$6.73B,0.0,$16.61B,$14.06B,84.62%,$16.61B,$7.20B,43.33%,$16.61B,$7.20B,43.33%,$16.61B,$7.67B,46.19%,$16.61B,$7.10B,42.76%,$16.61B,$5.64B,33.92%,$5.64B,$6.73B,90.49%,$5.64B,$6.32B,96.16%,$5.64B,$14.49B,42.38%,$7.20B,$6.73B,115.57%,$4284,$715,$3569,$651,$1317,$2669,$1615,$-40,$1576,$323,$1253,$1253,$1253,$1778,$1615,$2530,2535,$0.50,$0.50,$3154,$2131,$0,$8881,$4485,$326,$403,$0,$5613,$14494,$7049,$0,$501,$718,$7767,$76,$6852,$0,$6727,$14494,$5636,$474,$1440,$1914,$-706,$-235,$161,$833,$53,$7179,$-1049,$-178,$0,$307,$-92,$215,$4,$-1009,$0,$0,$0,$-2237,$-2237,$-3541,$0,$-5779,$388,$55,$-3541
8,2016-09-30,39.68,$0.00,0.0,$6.49,6.11,$5.36,7.4,$2.20,18.04,$7.74B,$6.24B,1.24,$0.00B,$6.20B,0.0,$16.56B,$14.05B,84.81%,$16.56B,$7.20B,43.49%,$16.56B,$7.20B,43.49%,$16.56B,$7.67B,46.28%,$16.56B,$7.03B,42.45%,$16.56B,$5.59B,33.73%,$5.59B,$6.20B,88.77%,$5.59B,$5.77B,93.95%,$5.59B,$13.10B,42.68%,$7.20B,$6.20B,114.45%,$4131,$598,$3533,$519,$1181,$2268,$1863,$-18,$1845,$375,$1470,$1470,$1470,$1971,$1863,$2527,2531,$0.58,$0.58,$2571,$2138,$0,$7736,$4233,$300,$427,$0,$5365,$13101,$6239,$0,$431,$663,$6902,$77,$6158,$0,$6199,$13101,$4384,$312,$1358,$1670,$0,$0,$0,$-528,$-528,$5574,$-684,$-141,$0,$304,$-92,$212,$4,$-609,$0,$0,$0,$-1644,$-1644,$-3575,$0,$-5219,$-265,$0,$-3575
9,2016-06-30,50.82,$0.00,0.0,$6.42,7.92,$4.89,10.4,$2.11,24.09,$7.99B,$6.31B,1.27,$0.00B,$6.47B,0.0,$16.43B,$13.93B,84.83%,$16.43B,$7.13B,43.38%,$16.43B,$7.13B,43.38%,$16.43B,$7.58B,46.12%,$16.43B,$6.70B,40.77%,$16.43B,$5.37B,32.67%,$5.37B,$6.47B,84.50%,$5.37B,$6.15B,88.62%,$5.37B,$13.41B,41.31%,$7.13B,$6.47B,112.20%,$4171,$614,$3557,$506,$1176,$2273,$1898,$16,$1914,$400,$1514,$1514,$1514,$2010,$1898,$2536,2541,$0.60,$0.60,$2402,$2071,$0,$7994,$4120,$296,$320,$0,$5414,$13408,$6308,$0,$423,$631,$6939,$77,$6457,$0,$6469,$13408,$2950,$204,$812,$1016,$0,$0,$0,$-170,$-170,$3338,$-422,$-18,$0,$307,$-81,$226,$4,$-210,$0,$0,$0,$-1118,$-1118,$-2465,$0,$-3584,$-469,$0,$-2465
10,2016-03-31,51.21,$0.00,0.0,$6.33,8.09,$4.56,11.24,$1.99,25.73,$6.86B,$6.08B,1.13,$0.00B,$5.51B,0.0,$16.26B,$13.82B,84.94%,$16.26B,$7.08B,43.51%,$16.26B,$7.08B,43.51%,$16.26B,$7.51B,46.18%,$16.26B,$6.35B,39.01%,$16.26B,$5.09B,31.28%,$5.09B,$5.51B,82.31%,$5.09B,$5.20B,86.05%,$5.09B,$12.18B,40.22%,$7.08B,$5.51B,114.48%,$4025,$626,$3398,$489,$1131,$2204,$1821,$-53,$1768,$369,$1398,$1398,$1398,$1913,$1821,$2544,2550,$0.55,$0.55,$1518,$1922,$0,$6860,$3825,$290,$319,$0,$5322,$12182,$6075,$0,$402,$593,$6668,$77,$5335,$0,$5514,$12182,$1398,$92,$370,$462,$0,$0,$0,$-524,$-524,$1106,$-161,$-7,$0,$0,$-72,$-72,$4,$-238,$0,$0,$0,$-555,$-555,$-2400,$416,$-2540,$-1692,$0,$-2400
11,2015-12-31,53.94,$2.74,19.66,$6.21,8.68,$4.38,12.31,$2.01,26.83,$8.21B,$6.08B,1.35,$0.00B,$6.99B,0.0,$16.06B,$13.65B,85.00%,$16.06B,$7.36B,45.81%,$16.06B,$7.36B,45.81%,$16.06B,$7.80B,48.56%,$16.06B,$6.47B,40.29%,$16.06B,$5.19B,32.30%,$5.19B,$6.99B,86.16%,$5.19B,$6.67B,89.75%,$5.19B,$13.66B,41.37%,$7.36B,$6.99B,122.20%,$4234,$676,$3558,$592,$1352,$2614,$1620,$-117,$1503,$299,$1204,$1204,$1204,$1771,$1620,$2571,2578,$0.47,$0.47,$3090,$1898,$0,$8205,$3801,$320,$321,$0,$5455,$13660,$6082,$0,$411,$589,$6671,$77,$6966,$0,$6989,$13660,$5187,$440,$1729,$2169,$-364,$-208,$-3,$312,$-264,$5697,$-775,$-176,$343,$223,$-522,$-299,$0,$-907,$0,$0,$0,$-2559,$-2559,$-1920,$0,$-4479,$323,$0,$-1920
12,2015-09-30,50.37,$0.00,0.0,$6.15,8.18,$4.35,11.58,$1.92,26.23,$7.68B,$5.74B,1.34,$0.00B,$6.43B,0.0,$15.99B,$13.58B,84.94%,$15.99B,$7.28B,45.55%,$15.99B,$7.28B,45.55%,$15.99B,$7.57B,47.36%,$15.99B,$6.36B,39.81%,$15.99B,$5.08B,31.75%,$5.08B,$6.43B,83.64%,$5.08B,$6.21B,86.81%,$5.08B,$12.70B,40.42%,$7.28B,$6.43B,119.97%,$3995,$574,$3421,$490,$1178,$2208,$1786,$-275,$1511,$261,$1250,$1250,$1250,$1882,$1786,$2566,2572,$0.49,$0.49,$2698,$1903,$0,$7677,$3575,$310,$218,$0,$5026,$12703,$5744,$0,$357,$531,$6275,$78,$6381,$0,$6428,$12703,$3966,$290,$1395,$1684,$0,$0,$0,$-285,$-285,$4200,$-451,$-29,$343,$225,$-297,$-72,$0,$-209,$0,$0,$0,$-1901,$-1901,$-1924,$0,$-3825,$176,$0,$-1924
13,2015-06-30,50.85,$0.00,0.0,$6.11,8.32,$4.38,11.61,$1.85,27.49,$7.02B,$5.72B,1.23,$0.00B,$5.80B,0.0,$15.95B,$13.51B,84.68%,$15.95B,$7.02B,44.01%,$15.95B,$7.02B,44.01%,$15.95B,$7.21B,45.23%,$15.95B,$6.36B,39.86%,$15.95B,$4.98B,31.24%,$4.98B,$5.80B,81.00%,$4.98B,$5.58B,84.14%,$4.98B,$12.05B,39.69%,$7.02B,$5.80B,114.12%,$4010,$572,$3438,$450,$1195,$2160,$1850,$-287,$1563,$327,$1236,$1236,$1236,$1944,$1850,$2578,2584,$0.48,$0.48,$1811,$1901,$0,$7015,$3502,$329,$216,$0,$5035,$12051,$5719,$0,$354,$535,$6254,$77,$5832,$0,$5796,$12051,$2700,$194,$958,$1152,$0,$0,$0,$-451,$-451,$2383,$-264,$-23,$341,$223,$4,$227,$0,$281,$0,$0,$0,$-1150,$-1150,$-1913,$0,$-3062,$-382,$0,$-1913
14,2015-03-31,49.58,$0.00,0.0,$6.07,8.17,$4.31,11.52,$1.85,26.8,$6.59B,$6.37B,1.04,$0.00B,$4.87B,0.0,$15.92B,$13.37B,84.00%,$15.92B,$6.78B,42.57%,$15.92B,$6.78B,42.57%,$15.92B,$6.88B,43.20%,$15.92B,$6.45B,40.51%,$15.92B,$5.03B,31.62%,$5.03B,$4.87B,78.79%,$5.03B,$4.66B,82.05%,$5.03B,$11.74B,40.36%,$6.78B,$4.87B,106.07%,$3820,$587,$3233,$493,$1061,$1720,$2101,$-208,$1893,$396,$1497,$1497,$1497,$2201,$2101,$2597,2604,$0.58,$0.58,$1128,$1863,$0,$6589,$3557,$279,$208,$0,$5154,$11742,$6366,$0,$309,$509,$6875,$80,$5274,$0,$4868,$11742,$1497,$101,$364,$465,$0,$0,$0,$-434,$-434,$622,$-116,$-5,$349,$46,$4,$50,$0,$279,$0,$0,$0,$-576,$-576,$-1956,$355,$-2178,$-1256,$0,$-1956
15,2014-12-31,38.71,$2.77,13.97,$6.01,6.44,$4.34,8.91,$1.73,22.38,$8.25B,$6.01B,1.37,$0.00B,$7.18B,0.0,$15.83B,$13.24B,83.60%,$15.83B,$6.15B,38.84%,$15.83B,$6.15B,38.84%,$15.83B,$6.15B,38.84%,$15.83B,$6.08B,38.39%,$15.83B,$4.72B,29.82%,$4.72B,$7.18B,70.33%,$4.72B,$6.94B,73.39%,$4.72B,$13.74B,37.96%,$6.15B,$7.18B,91.62%,$4161,$675,$3486,$656,$1316,$2618,$1544,$-146,$1397,$305,$1093,$1093,$1093,$1544,$1544,$2621,2630,$0.42,$0.42,$2841,$2025,$0,$8254,$4125,$153,$246,$0,$5486,$13740,$6007,$0,$364,$549,$6556,$94,$7360,$0,$7184,$13740,$4722,$612,$1523,$2136,$-380,$-322,$153,$743,$194,$5651,$-711,$-62,$0,$398,$6,$404,$0,$-368,$0,$0,$0,$-2615,$-2615,$-2116,$0,$-4731,$564,$66,$-2116
16,2014-09-30,43.56,$0.00,0.0,$5.90,7.39,$3.97,10.97,$1.77,24.61,$7.33B,$5.35B,1.37,$0.00B,$6.76B,0.0,$15.63B,$13.09B,83.73%,$15.63B,$5.95B,38.08%,$15.63B,$5.95B,38.08%,$15.63B,$5.95B,38.08%,$15.63B,$6.11B,39.07%,$15.63B,$4.74B,30.30%,$4.74B,$6.76B,69.51%,$4.74B,$6.51B,72.60%,$4.74B,$12.69B,39.02%,$5.95B,$6.76B,87.38%,$3960,$610,$3350,$650,$1205,$2435,$1525,$-20,$1505,$348,$1157,$1157,$1157,$1525,$1525,$2614,2622,$0.44,$0.44,$2426,$2009,$0,$7328,$4025,$147,$249,$0,$5360,$12688,$5346,$0,$408,$585,$5930,$94,$6896,$0,$6758,$12688,$3551,$0,$2023,$2023,$0,$0,$0,$-412,$-412,$4342,$-442,$-41,$0,$396,$0,$396,$0,$-87,$0,$0,$0,$-1922,$-1922,$-2112,$0,$-4034,$233,$0,$-2112
17,2014-06-30,42.26,$0.00,0.0,$5.74,7.36,$3.68,11.48,$1.79,23.61,$6.29B,$4.37B,1.44,$0.00B,$6.74B,0.0,$15.31B,$12.75B,83.29%,$15.31B,$5.85B,38.18%,$15.31B,$5.85B,38.18%,$15.31B,$5.85B,38.18%,$15.31B,$6.08B,39.67%,$15.31B,$4.72B,30.81%,$4.72B,$6.74B,68.77%,$4.72B,$6.42B,71.94%,$4.72B,$11.71B,39.35%,$5.85B,$6.74B,85.22%,$3975,$675,$3301,$565,$1168,$2370,$1605,$47,$1652,$367,$1285,$1285,$1285,$1605,$1605,$2629,2637,$0.49,$0.49,$1239,$1966,$0,$6289,$4074,$142,$314,$0,$5416,$11705,$4365,$0,$365,$601,$4966,$97,$6636,$0,$6738,$11705,$2472,$0,$1081,$1081,$0,$0,$0,$-550,$-550,$2241,$-275,$-33,$0,$408,$0,$408,$0,$101,$0,$0,$0,$-1257,$-1257,$-2181,$0,$-3438,$-1088,$0,$-2181
18,2014-03-31,41.76,$0.00,0.0,$5.62,7.43,$3.77,11.09,$1.76,23.75,$6.34B,$4.85B,1.31,$0.00B,$6.17B,0.0,$15.08B,$12.57B,83.31%,$15.08B,$5.75B,38.09%,$15.08B,$5.75B,38.09%,$15.08B,$5.75B,38.09%,$15.08B,$5.94B,39.41%,$15.08B,$4.61B,30.58%,$4.61B,$6.17B,68.59%,$4.61B,$5.86B,71.75%,$4.61B,$11.62B,38.83%,$5.75B,$6.17B,85.44%,$3737,$637,$3100,$582,$1082,$2261,$1476,$49,$1525,$339,$1186,$1186,$1186,$1476,$1476,$2642,2653,$0.45,$0.45,$1122,$1892,$0,$6339,$4024,$138,$309,$0,$5279,$11617,$4849,$0,$367,$599,$5448,$101,$5945,$0,$6169,$11617,$1186,$0,$372,$372,$0,$0,$0,$-218,$-218,$747,$-127,$-19,$0,$223,$0,$223,$0,$76,$0,$0,$0,$-627,$-627,$-2180,$386,$-2420,$-1594,$0,$-2180
19,2013-12-31,33.18,$2.76,12.03,$5.51,6.02,$3.94,8.42,$1.69,19.58,$7.49B,$4.31B,1.74,$0.00B,$7.58B,0.0,$14.89B,$12.37B,83.08%,$14.89B,$5.61B,37.68%,$14.89B,$5.61B,37.68%,$14.89B,$5.61B,37.68%,$14.89B,$5.80B,38.93%,$14.89B,$4.49B,30.13%,$4.49B,$7.58B,67.16%,$4.49B,$7.29B,70.19%,$4.49B,$12.53B,38.21%,$5.61B,$7.58B,83.98%,$3957,$621,$3335,$647,$1375,$2610,$1346,$78,$1424,$318,$1107,$1107,$1107,$1346,$1346,$2679,2694,$0.42,$0.42,$2848,$1701,$0,$7491,$3897,$98,$288,$0,$5036,$12527,$4314,$0,$389,$631,$4945,$98,$7327,$0,$7582,$12527,$4485,$499,$1261,$1760,$-226,$-2,$41,$292,$106,$4620,$-571,$-72,$0,$144,$5,$150,$0,$-494,$0,$0,$0,$-2480,$-2480,$-1730,$0,$-4210,$-96,$73,$-1730
20,2013-09-30,30.39,$0.00,0.0,$5.37,5.66,$3.62,8.39,$1.66,18.33,$7.27B,$4.56B,1.59,$0.00B,$6.95B,0.0,$14.58B,$12.14B,83.22%,$14.58B,$5.59B,38.30%,$14.58B,$5.59B,38.30%,$14.58B,$5.59B,38.30%,$14.58B,$5.67B,38.90%,$14.58B,$4.38B,30.06%,$4.38B,$6.95B,67.04%,$4.38B,$6.65B,70.04%,$4.38B,$12.10B,38.30%,$5.59B,$6.95B,85.43%,$3643,$626,$3017,$496,$1128,$2223,$1419,$55,$1474,$335,$1139,$1139,$1139,$1419,$1419,$2668,2682,$0.43,$0.43,$2604,$1659,$0,$7265,$3884,$36,$299,$0,$4836,$12101,$4557,$0,$383,$595,$5152,$98,$6716,$0,$6949,$12101,$3398,$0,$1395,$1395,$0,$0,$0,$-98,$-98,$3653,$-438,$-50,$0,$88,$0,$88,$0,$-400,$0,$0,$0,$-1937,$-1937,$-1725,$0,$-3662,$-408,$0,$-1725
21,2013-06-30,27.83,$0.00,0.0,$5.23,5.32,$3.55,7.84,$1.58,17.63,$6.40B,$4.45B,1.44,$0.00B,$6.20B,0.0,$14.27B,$11.87B,83.14%,$14.27B,$5.49B,38.45%,$14.27B,$5.49B,38.45%,$14.27B,$5.49B,38.45%,$14.27B,$5.44B,38.08%,$14.27B,$4.20B,29.40%,$4.20B,$6.20B,66.63%,$4.20B,$5.91B,69.58%,$4.20B,$11.26B,37.42%,$5.49B,$6.20B,86.83%,$3746,$632,$3114,$476,$1165,$2242,$1504,$17,$1521,$341,$1180,$1180,$1180,$1504,$1504,$2689,2703,$0.44,$0.44,$2100,$1692,$0,$6399,$3811,$35,$286,$0,$4864,$11263,$4454,$0,$329,$615,$5069,$96,$5980,$0,$6195,$11263,$2228,$0,$878,$878,$0,$0,$0,$-367,$-367,$2515,$-273,$-34,$0,$263,$0,$263,$0,$-44,$0,$0,$0,$-1414,$-1414,$-1702,$0,$-3116,$-648,$0,$-1702
22,2013-03-31,29.0,$0.00,0.0,$5.06,5.73,$3.43,8.45,$1.45,20.0,$6.34B,$4.54B,1.4,$0.00B,$5.99B,0.0,$13.89B,$11.53B,82.97%,$13.89B,$5.31B,38.19%,$13.89B,$5.31B,38.19%,$13.89B,$5.31B,38.19%,$13.89B,$5.11B,36.81%,$13.89B,$3.94B,28.37%,$3.94B,$5.99B,64.56%,$3.94B,$5.71B,67.42%,$3.94B,$11.06B,35.71%,$5.31B,$5.99B,86.32%,$3539,$639,$2900,$471,$1121,$2200,$1339,$37,$1376,$316,$1059,$1059,$1059,$1339,$1339,$2708,2724,$0.39,$0.39,$2086,$1699,$0,$6340,$3868,$43,$277,$0,$4719,$11059,$4538,$0,$326,$535,$5073,$99,$5757,$0,$5986,$11059,$1059,$0,$636,$636,$0,$0,$0,$-323,$-323,$1252,$-138,$-19,$0,$88,$0,$88,$0,$-70,$0,$0,$0,$-507,$-507,$-1721,$305,$-1923,$-738,$0,$-1721
23,2012-12-31,28.74,$2.51,11.46,$4.88,5.89,$3.43,8.39,$1.36,21.13,$6.94B,$3.74B,1.86,$0.00B,$7.02B,0.0,$13.48B,$11.16B,82.74%,$13.48B,$5.09B,37.77%,$13.48B,$5.09B,37.77%,$13.48B,$5.09B,37.77%,$13.48B,$4.81B,35.64%,$13.48B,$3.70B,27.47%,$3.70B,$7.02B,61.39%,$3.70B,$6.76B,64.08%,$3.70B,$11.35B,33.77%,$5.09B,$7.02B,83.51%,$3653,$549,$3104,$558,$1250,$2330,$1323,$-22,$1301,$296,$1005,$1005,$1005,$1323,$1323,$2742,2758,$0.37,$0.37,$2944,$1649,$0,$6940,$3722,$39,$258,$0,$4407,$11348,$3739,$0,$330,$587,$4326,$97,$6739,$0,$7021,$11348,$3703,$465,$1248,$1713,$-50,$-19,$98,$250,$279,$3839,$-574,$-43,$0,$-87,$0,$-87,$0,$-703,$-87,$0,$-87,$-2056,$-2056,$-1338,$0,$-3480,$-346,$53,$-1338
24,2012-09-30,27.79,$0.00,0.0,$4.70,5.92,$3.46,8.02,$1.27,21.85,$6.87B,$4.41B,1.56,$0.09B,$5.99B,0.01,$13.04B,$10.70B,82.03%,$13.04B,$4.83B,37.06%,$13.04B,$4.83B,37.06%,$13.04B,$4.45B,34.08%,$13.04B,$4.56B,34.97%,$13.04B,$3.53B,27.07%,$3.53B,$5.99B,58.56%,$3.53B,$5.75B,61.18%,$3.53B,$11.20B,31.65%,$4.83B,$6.08B,79.01%,$3336,$586,$2750,$440,$1020,$2014,$1322,$-85,$1237,$284,$953,$953,$953,$1322,$1322,$2723,2739,$0.35,$0.35,$2967,$1582,$0,$6874,$3584,$44,$247,$0,$4324,$11199,$4409,$85,$324,$796,$5204,$94,$5817,$0,$5994,$11199,$2635,$0,$1516,$1516,$0,$0,$0,$-112,$-112,$3480,$-389,$-25,$0,$2,$0,$2,$0,$-412,$0,$0,$0,$-1797,$-1797,$-1301,$0,$-3098,$-27,$0,$-1301
25,2012-06-30,25.59,$0.00,0.0,$4.57,5.6,$3.38,7.58,$1.19,21.54,$6.21B,$4.12B,1.51,$0.09B,$5.42B,0.02,$12.80B,$10.42B,81.44%,$12.80B,$4.51B,35.23%,$12.80B,$4.51B,35.23%,$12.80B,$4.23B,33.08%,$12.80B,$4.36B,34.07%,$12.80B,$3.36B,26.28%,$3.36B,$5.42B,54.13%,$3.36B,$5.16B,56.56%,$3.36B,$10.54B,29.76%,$4.51B,$5.50B,71.53%,$3364,$592,$2772,$443,$1034,$2042,$1322,$-123,$1200,$276,$924,$924,$924,$1322,$1322,$2746,2762,$0.34,$0.33,$2146,$1630,$0,$6207,$3643,$42,$250,$0,$4330,$10537,$4122,$87,$347,$1001,$5122,$97,$5329,$0,$5415,$10537,$1730,$0,$1270,$1270,$0,$0,$0,$-299,$-299,$2201,$-237,$-10,$0,$130,$0,$130,$0,$-117,$0,$0,$0,$-1505,$-1505,$-1338,$0,$-2843,$-756,$0,$-1338
26,2012-03-31,24.43,$0.00,0.0,$4.42,5.52,$3.24,7.55,$1.15,21.28,$6.41B,$3.88B,1.65,$0.09B,$5.71B,0.02,$12.52B,$10.14B,80.99%,$12.52B,$4.18B,33.41%,$12.52B,$4.18B,33.41%,$12.52B,$4.07B,32.53%,$12.52B,$4.20B,33.51%,$12.52B,$3.24B,25.85%,$3.24B,$5.71B,48.73%,$3.24B,$5.45B,50.84%,$3.24B,$10.79B,27.82%,$4.18B,$5.80B,62.11%,$3130,$600,$2530,$442,$992,$2004,$1126,$-58,$1068,$246,$822,$822,$822,$1126,$1126,$2784,2803,$0.30,$0.29,$2361,$1683,$0,$6409,$3655,$53,$259,$0,$4382,$10791,$3877,$90,$375,$1209,$5087,$102,$5516,$0,$5705,$10791,$822,$0,$660,$660,$0,$0,$0,$-102,$-102,$1219,$-91,$-6,$0,$-141,$0,$-141,$0,$-238,$0,$0,$0,$-499,$-499,$-1365,$0,$-1863,$-883,$0,$-1365
27,2011-12-31,19.94,$0.00,0.0,$4.31,4.63,$3.12,6.39,$1.11,17.97,$7.40B,$3.88B,1.91,$0.09B,$7.00B,0.01,$12.27B,$9.92B,80.82%,$12.27B,$4.05B,33.02%,$12.27B,$4.05B,33.02%,$12.27B,$4.05B,33.02%,$12.27B,$4.10B,33.40%,$12.27B,$3.16B,25.77%,$3.16B,$7.00B,46.43%,$3.16B,$6.72B,48.41%,$3.16B,$12.09B,27.16%,$4.05B,$7.09B,58.68%,$3211,$565,$2646,$501,$1082,$2148,$1063,$-90,$1055,$203,$852,$831,$831,$675,$1063,$2788,2810,$0.30,$0.30,$3271,$1763,$618,$7400,$0,$7,$278,$44,$780,$12092,$3884,$94,$516,$1209,$5093,$108,$6936,$0,$6999,$12092,$3195,$0,$0,$0,$0,$0,$0,$0,$81,$3995,$-561,$0,$0,$0,$0,$-37,$-48,$-646,$0,$-95,$0,$0,$-1980,$-1065,$0,$-3140,$205,$0,$0
28,2011-09-30,17.22,$0.00,0.0,$4.19,4.11,$2.91,5.91,$1.07,16.15,$7.37B,$3.87B,1.91,$0.10B,$6.73B,0.01,$12.04B,$9.68B,80.44%,$12.04B,$3.90B,32.36%,$12.04B,$3.90B,32.36%,$12.04B,$4.41B,36.67%,$12.04B,$3.91B,32.46%,$12.04B,$3.06B,25.42%,$3.06B,$6.73B,45.62%,$3.06B,$6.45B,47.56%,$3.06B,$11.78B,26.94%,$3.90B,$6.83B,57.26%,$3093,$618,$2475,$430,$1047,$2095,$998,$-10,$1037,$238,$798,$786,$786,$1110,$998,$2818,2841,$0.28,$0.28,$3402,$1720,$528,$7371,$0,$8,$278,$49,$553,$11782,$3867,$95,$507,$1184,$5051,$110,$6625,$0,$6731,$11782,$2358,$389,$0,$389,$0,$0,$0,$0,$-37,$3305,$-346,$0,$0,$0,$0,$210,$-40,$-176,$0,$0,$0,$0,$-1547,$-1083,$0,$-2630,$493,$0,$0
29,2011-06-30,21.68,$0.00,0.0,$4.10,5.28,$2.62,8.28,$1.02,21.25,$7.31B,$3.59B,2.04,$0.10B,$7.13B,0.01,$11.85B,$9.61B,81.06%,$11.85B,$3.97B,33.54%,$11.85B,$3.97B,33.54%,$11.85B,$4.49B,37.88%,$11.85B,$3.68B,31.02%,$11.85B,$2.94B,24.83%,$2.94B,$7.13B,45.21%,$2.94B,$6.85B,47.09%,$2.94B,$11.88B,27.03%,$3.97B,$7.23B,60.03%,$3088,$598,$2490,$448,$1044,$2091,$997,$39,$1036,$238,$798,$798,$798,$1162,$997,$2846,2869,$0.28,$0.28,$3183,$1735,$570,$7310,$0,$8,$285,$49,$671,$11875,$3590,$97,$456,$1151,$4740,$112,$7025,$0,$7134,$11875,$1584,$276,$0,$276,$0,$0,$0,$0,$-184,$1860,$-227,$0,$0,$0,$0,$197,$-32,$-63,$0,$0,$0,$0,$-632,$-1100,$0,$-1732,$59,$0,$0
30,2011-03-31,21.67,$0.00,0.0,$3.95,5.48,$2.46,8.81,$0.95,22.76,$6.51B,$3.35B,1.94,$0.09B,$6.38B,0.01,$11.48B,$9.33B,81.24%,$11.48B,$3.90B,33.97%,$11.48B,$3.90B,33.97%,$11.48B,$4.34B,37.82%,$11.48B,$3.43B,29.85%,$11.48B,$2.77B,24.13%,$2.77B,$6.38B,44.97%,$2.77B,$6.10B,46.79%,$2.77B,$10.82B,26.76%,$3.90B,$6.47B,61.98%,$2878,$572,$2306,$420,$893,$1884,$994,$-23,$970,$223,$747,$747,$747,$1105,$994,$2858,2884,$0.26,$0.26,$2678,$1643,$510,$6505,$0,$8,$272,$47,$608,$10821,$3348,$92,$458,$1097,$4444,$110,$6100,$0,$6376,$10821,$747,$111,$0,$111,$0,$0,$0,$0,$-1,$937,$-101,$0,$0,$0,$0,$92,$-10,$-19,$0,$0,$0,$0,$-236,$-1045,$0,$-1282,$-376,$0,$0
31,2010-12-31,19.2,$0.00,0.0,$3.78,5.08,$2.39,8.02,$0.89,21.47,$6.65B,$3.29B,2.02,$0.09B,$6.59B,0.01,$11.06B,$8.97B,81.17%,$11.06B,$3.59B,32.46%,$11.06B,$3.59B,32.46%,$11.06B,$4.03B,36.43%,$11.06B,$3.26B,29.49%,$11.06B,$2.62B,23.70%,$2.62B,$6.59B,42.96%,$2.62B,$6.33B,44.60%,$2.62B,$10.95B,25.77%,$3.59B,$6.68B,57.39%,$2978,$567,$2411,$108,$1397,$2072,$906,$-29,$864,$141,$723,$729,$729,$1037,$906,$2864,2888,$0.25,$0.25,$2862,$1728,$544,$6649,$0,$8,$260,$45,$642,$10948,$3294,$90,$462,$1063,$4357,$107,$6436,$0,$6591,$10948,$2568,$440,$0,$440,$0,$0,$0,$0,$53,$3509,$-590,$0,$206,$0,$0,$-519,$-91,$-995,$0,$0,$0,$0,$-1573,$-785,$0,$-2357,$165,$0,$0
32,2010-09-30,16.79,$0.00,0.0,$3.62,4.64,$2.18,7.69,$0.80,21.04,$5.87B,$2.93B,2.0,$0.17B,$5.93B,0.03,$10.66B,$8.63B,80.89%,$10.66B,$3.21B,30.14%,$10.66B,$3.21B,30.14%,$10.66B,$4.00B,37.50%,$10.66B,$3.00B,28.13%,$10.66B,$2.35B,22.05%,$2.35B,$5.93B,38.39%,$2.35B,$5.71B,39.74%,$2.35B,$9.89B,23.53%,$3.21B,$6.10B,51.01%,$2905,$508,$2398,$791,$530,$1829,$1077,$-62,$805,$185,$620,$668,$668,$1184,$1077,$2888,2912,$0.23,$0.23,$2247,$1689,$459,$5869,$0,$47,$221,$30,$560,$9889,$2929,$172,$351,$1033,$3961,$104,$5828,$0,$5928,$9889,$1809,$308,$0,$308,$0,$0,$0,$0,$-84,$2556,$-375,$0,$0,$0,$0,$87,$-52,$-340,$0,$0,$0,$0,$-1267,$-761,$0,$-2028,$194,$0,$0
33,2010-06-30,13.82,$0.00,0.0,$3.45,4.01,$2.08,6.64,$0.75,18.42,$5.78B,$3.13B,1.85,$0.17B,$5.75B,0.03,$10.24B,$8.20B,80.02%,$10.24B,$2.94B,28.74%,$10.24B,$2.94B,28.74%,$10.24B,$3.62B,35.36%,$10.24B,$2.89B,28.20%,$10.24B,$2.23B,21.78%,$2.23B,$5.75B,35.31%,$2.23B,$5.55B,36.46%,$2.23B,$9.76B,22.20%,$2.94B,$5.93B,45.30%,$2721,$508,$2213,$416,$874,$1798,$924,$-47,$788,$181,$607,$627,$627,$1017,$924,$2920,2945,$0.21,$0.21,$2049,$1718,$529,$5776,$0,$48,$203,$24,$549,$9755,$3127,$174,$305,$876,$4004,$103,$5652,$0,$5752,$9755,$1175,$201,$0,$201,$0,$0,$0,$0,$-222,$1446,$-241,$0,$0,$0,$0,$86,$-33,$-189,$0,$0,$0,$0,$-539,$-752,$14,$-1277,$-20,$0,$0
34,2010-03-31,13.15,$0.00,0.0,$3.31,3.97,$2.02,6.51,$0.72,18.32,$5.84B,$2.89B,2.02,$0.18B,$6.12B,0.03,$9.90B,$7.88B,79.64%,$9.90B,$2.77B,27.96%,$9.90B,$2.77B,27.96%,$9.90B,$3.35B,33.87%,$9.90B,$2.81B,28.39%,$9.90B,$2.15B,21.72%,$2.15B,$6.12B,33.40%,$2.15B,$5.91B,34.42%,$2.15B,$10.07B,21.61%,$2.77B,$6.30B,41.83%,$2451,$500,$1951,$396,$873,$1770,$681,$30,$803,$185,$618,$596,$596,$789,$681,$2965,2965,$0.20,$0.20,$1893,$1911,$519,$5837,$0,$52,$210,$25,$606,$10073,$2887,$180,$308,$1064,$3950,$115,$6013,$0,$6122,$10073,$618,$108,$0,$108,$0,$0,$0,$0,$-118,$787,$-124,$0,$0,$0,$0,$93,$-29,$-60,$0,$0,$0,$0,$-212,$-818,$0,$-1030,$-318,$0,$0
35,2009-12-31,10.7,$0.00,0.0,$3.21,3.33,$2.01,5.32,$0.67,15.87,$6.12B,$2.51B,2.44,$0.18B,$6.69B,0.03,$9.67B,$7.72B,79.80%,$9.67B,$2.77B,28.68%,$9.67B,$2.77B,28.68%,$9.67B,$3.25B,33.62%,$9.67B,$2.62B,27.09%,$9.67B,$2.03B,21.03%,$2.03B,$6.69B,32.40%,$2.03B,$6.50B,33.35%,$2.03B,$10.25B,21.13%,$2.77B,$6.88B,42.96%,$2586,$523,$2063,$468,$1064,$2055,$532,$-68,$604,$135,$469,$460,$460,$1009,$532,$2950,2976,$0.16,$0.16,$2402,$1876,$517,$6118,$0,$33,$194,$34,$534,$10253,$2513,$182,$302,$1048,$3560,$116,$6450,$0,$6693,$10253,$2017,$478,$0,$478,$0,$0,$0,$0,$-52,$2880,$-493,$0,$0,$0,$0,$0,$-78,$-571,$0,$0,$0,$0,$-1198,$-684,$0,$-1881,$432,$0,$0
36,2009-09-30,10.55,$0.00,0.0,$3.07,3.44,$1.92,5.49,$0.65,16.17,$5.95B,$2.48B,2.4,$0.19B,$6.70B,0.03,$9.31B,$7.44B,79.86%,$9.31B,$2.76B,29.68%,$9.31B,$2.76B,29.68%,$9.31B,$3.25B,34.85%,$9.31B,$2.50B,26.86%,$9.31B,$1.99B,21.33%,$1.99B,$6.70B,31.89%,$1.99B,$6.50B,32.77%,$1.99B,$10.10B,20.78%,$2.76B,$6.88B,43.11%,$2483,$516,$1968,$362,$800,$1677,$806,$-33,$693,$164,$529,$547,$547,$806,$806,$2982,3007,$0.18,$0.18,$2278,$1872,$98,$5954,$0,$31,$192,$36,$525,$10097,$2484,$185,$274,$918,$3401,$119,$6444,$0,$6696,$10097,$1621,$0,$0,$0,$0,$0,$0,$0,$-91,$2265,$-326,$0,$0,$0,$0,$-36,$3,$-358,$0,$0,$0,$0,$0,$0,$0,$-1635,$276,$0,$0
37,2009-06-30,9.12,$0.00,0.0,$2.97,3.07,$1.84,4.95,$0.64,14.17,$5.44B,$2.28B,2.38,$0.18B,$6.23B,0.03,$9.10B,$7.21B,79.27%,$9.10B,$2.62B,28.78%,$9.10B,$2.62B,28.78%,$9.10B,$3.10B,34.06%,$9.10B,$2.52B,27.65%,$9.10B,$1.98B,21.72%,$1.98B,$6.23B,32.00%,$1.98B,$6.07B,32.86%,$1.98B,$9.37B,20.80%,$2.62B,$6.41B,41.15%,$2379,$477,$1902,$338,$814,$1630,$749,$-38,$710,$163,$547,$547,$547,$749,$749,$3015,3015,$0.18,$0.18,$1821,$1811,$479,$5437,$0,$31,$167,$35,$505,$9373,$2282,$179,$246,$857,$3139,$113,$6103,$0,$6234,$9373,$1041,$0,$0,$0,$0,$0,$0,$0,$-155,$1236,$-177,$0,$0,$0,$0,$0,$-18,$-195,$0,$0,$0,$0,$0,$0,$0,$-1073,$-28,$0,$0
38,2009-03-31,8.04,$0.00,0.0,$2.66,3.02,$1.86,4.32,$0.57,14.1,$5.02B,$2.48B,2.03,$0.18B,$5.49B,0.03,$8.21B,$6.27B,76.30%,$8.21B,$1.61B,19.58%,$8.21B,$1.61B,19.58%,$8.21B,$2.09B,25.44%,$8.21B,$2.49B,30.31%,$8.21B,$1.76B,21.46%,$1.76B,$5.49B,27.73%,$1.76B,$5.33B,28.46%,$1.76B,$8.79B,18.15%,$1.61B,$5.66B,24.57%,$2223,$439,$1784,$305,$792,$1536,$687,$-38,$613,$141,$472,$480,$480,$687,$687,$3037,3064,$0.16,$0.16,$1630,$1738,$166,$5016,$0,$28,$160,$37,$500,$8786,$2475,$177,$237,$826,$3301,$111,$5546,$0,$5485,$8786,$472,$0,$0,$0,$0,$0,$0,$0,$127,$726,$-72,$0,$0,$0,$0,$0,$-19,$-91,$0,$0,$0,$0,$0,$0,$0,$-785,$-149,$0,$0
39,2008-12-31,8.42,$0.00,0.0,$2.62,3.22,$1.83,4.6,$0.55,15.2,$5.73B,$2.55B,2.24,$0.19B,$6.50B,0.03,$8.12B,$6.13B,75.47%,$8.12B,$1.47B,18.13%,$8.12B,$1.47B,18.13%,$8.12B,$1.95B,24.05%,$8.12B,$2.45B,30.19%,$8.12B,$1.72B,21.18%,$1.72B,$6.50B,26.24%,$1.72B,$6.34B,26.89%,$1.72B,$9.97B,17.37%,$1.47B,$6.69B,21.82%,$2227,$444,$1783,$439,$822,$1705,$522,$-46,$485,$129,$356,$412,$412,$1003,$522,$3047,3072,$0.14,$0.13,$2001,$1893,$199,$5726,$0,$44,$155,$38,$571,$9969,$2553,$193,$253,$919,$3472,$125,$6586,$0,$6497,$9969,$1900,$481,$0,$481,$0,$0,$0,$0,$-111,$2534,$-346,$0,$0,$0,$0,$92,$-19,$-272,$0,$0,$-30,$0,$-871,$-551,$0,$-1452,$809,$0,$0
40,2008-09-30,8.39,$0.00,0.0,$2.57,3.27,$1.57,5.35,$0.48,17.48,$5.48B,$2.49B,2.2,$0.20B,$6.50B,0.03,$8.02B,$5.97B,74.43%,$8.02B,$1.17B,14.63%,$8.02B,$1.17B,14.63%,$8.02B,$1.73B,21.54%,$8.02B,$2.24B,27.99%,$8.02B,$1.50B,18.68%,$1.50B,$6.50B,23.37%,$1.50B,$6.33B,23.93%,$1.50B,$9.90B,15.60%,$1.17B,$6.70B,17.77%,$2272,$526,$1745,$319,$765,$1611,$661,$47,$708,$170,$538,$538,$538,$661,$661,$3071,3093,$0.18,$0.17,$1777,$1866,$68,$5483,$0,$39,$170,$42,$609,$9896,$2488,$197,$263,$909,$3397,$128,$6452,$0,$6499,$9896,$1478,$0,$0,$0,$0,$0,$0,$0,$-257,$1951,$-200,$0,$0,$0,$0,$-49,$34,$-215,$0,$0,$0,$0,$0,$0,$0,$-1247,$488,$0,$0
41,2008-06-30,10.81,$0.00,0.0,$2.44,4.42,$1.35,8.03,$0.43,24.97,$5.51B,$2.32B,2.38,$0.20B,$6.94B,0.03,$7.69B,$5.70B,74.14%,$7.69B,$1.00B,13.03%,$7.69B,$1.00B,13.03%,$7.69B,$1.56B,20.24%,$7.69B,$2.06B,26.84%,$7.69B,$1.36B,17.74%,$1.36B,$6.94B,21.58%,$1.36B,$6.77B,22.08%,$1.36B,$10.18B,14.56%,$1.00B,$7.14B,15.39%,$1489,$536,$953,$416,$799,$1751,$-262,$101,$683,$164,$519,$332,$332,$-262,$-262,$3093,3118,$0.11,$0.11,$1841,$1940,$42,$5506,$0,$50,$168,$43,$684,$10180,$2315,$195,$265,$925,$3241,$133,$6542,$0,$6940,$10180,$977,$0,$0,$0,$0,$0,$0,$0,$-180,$1257,$-114,$0,$0,$0,$0,$-48,$36,$-126,$0,$0,$0,$0,$0,$0,$0,$-889,$245,$0,$0
42,2008-03-31,11.34,$0.00,0.0,$1.97,5.77,$0.98,11.58,$0.33,34.69,$4.98B,$2.33B,2.13,$0.19B,$6.28B,0.03,$8.11B,$6.23B,76.84%,$8.11B,$1.76B,21.71%,$8.11B,$1.76B,21.71%,$8.11B,$2.32B,28.54%,$8.11B,$2.18B,26.82%,$8.11B,$1.69B,20.87%,$1.69B,$6.28B,27.76%,$1.69B,$6.14B,28.38%,$1.69B,$9.55B,18.79%,$1.76B,$6.47B,27.98%,$2133,$485,$1648,$373,$724,$1582,$551,$26,$576,$138,$438,$438,$438,$551,$551,$3105,3132,$0.14,$0.14,$1486,$1869,$84,$4975,$0,$82,$141,$34,$754,$9554,$2331,$187,$272,$942,$3273,$130,$5931,$0,$6281,$9554,$438,$0,$0,$0,$0,$0,$0,$0,$-37,$617,$-43,$0,$0,$0,$0,$-11,$0,$-54,$0,$0,$0,$0,$0,$0,$0,$-678,$-120,$0,$0
43,2007-12-31,10.49,$0.00,0.0,$1.83,5.75,$0.91,11.5,$0.28,37.34,$4.47B,$1.96B,2.28,$0.18B,$5.92B,0.03,$7.71B,$5.90B,76.61%,$7.71B,$1.59B,20.69%,$7.71B,$1.59B,20.69%,$7.71B,$2.15B,27.88%,$7.71B,$2.02B,26.19%,$7.71B,$1.56B,20.18%,$1.56B,$5.92B,26.65%,$1.56B,$5.80B,27.24%,$1.56B,$8.78B,18.10%,$1.59B,$6.10B,26.41%,$2124,$502,$1622,$645,$754,$1900,$223,$64,$277,$75,$202,$190,$190,$777,$223,$3122,3148,$0.06,$0.06,$1358,$1660,$59,$4472,$0,$92,$123,$24,$704,$8783,$1958,$177,$295,$903,$2861,$119,$5642,$0,$5921,$8783,$1568,$553,$0,$553,$0,$0,$0,$0,$-190,$1838,$-417,$0,$-11,$0,$0,$-100,$249,$-279,$0,$0,$-3,$0,$-845,$-409,$0,$-1257,$300,$0,$0
44,2007-09-30,9.79,$0.00,0.0,$1.78,5.5,$0.72,13.56,$0.31,31.18,$4.30B,$1.99B,2.16,$0.21B,$6.14B,0.03,$7.59B,$5.84B,77.01%,$7.59B,$1.92B,25.37%,$7.59B,$1.92B,25.37%,$7.59B,$2.28B,30.10%,$7.59B,$2.15B,28.35%,$7.59B,$1.66B,21.91%,$1.66B,$6.14B,29.58%,$1.66B,$6.00B,30.24%,$1.66B,$8.96B,20.09%,$1.92B,$6.34B,33.03%,$1943,$465,$1478,$319,$669,$1453,$490,$38,$528,$124,$404,$404,$404,$490,$490,$3160,3182,$0.13,$0.13,$1117,$1642,$62,$4303,$0,$378,$139,$30,$889,$8958,$1992,$209,$243,$832,$2823,$120,$5872,$0,$6135,$8958,$1396,$0,$0,$0,$0,$0,$0,$0,$-318,$1385,$-287,$0,$0,$0,$0,$-23,$0,$-309,$0,$0,$0,$0,$0,$0,$0,$-878,$198,$0,$0
45,2007-06-30,8.78,$0.00,0.0,$1.66,5.29,$0.67,13.19,$0.28,31.36,$4.15B,$1.91B,2.17,$0.21B,$6.06B,0.04,$7.24B,$5.56B,76.82%,$7.24B,$1.81B,25.02%,$7.24B,$1.81B,25.02%,$7.24B,$2.17B,29.98%,$7.24B,$2.06B,28.39%,$7.24B,$1.56B,21.55%,$1.56B,$6.06B,29.46%,$1.56B,$5.93B,30.12%,$1.56B,$8.74B,19.74%,$1.81B,$6.27B,32.93%,$1912,$427,$1485,$317,$670,$1415,$497,$298,$795,$134,$661,$661,$661,$497,$497,$0,0,$0.00,$0.00,$1005,$1618,$60,$4148,$0,$381,$133,$28,$907,$8742,$1909,$210,$234,$774,$2683,$117,$5812,$0,$6059,$8742,$970,$0,$0,$0,$0,$0,$0,$0,$-364,$722,$-172,$0,$0,$0,$0,$-19,$0,$-192,$0,$0,$0,$0,$0,$0,$0,$-384,$142,$0,$0
46,2007-03-31,7.32,$0.00,0.0,$2.01,3.65,$0.80,9.12,$0.37,19.79,$3.68B,$1.88B,1.97,$0.21B,$5.22B,0.04,$6.44B,$4.81B,74.70%,$6.44B,$1.23B,19.06%,$6.44B,$1.23B,19.06%,$6.44B,$1.59B,24.63%,$6.44B,$1.68B,26.04%,$6.44B,$1.19B,18.47%,$1.19B,$5.22B,23.83%,$1.19B,$5.11B,24.35%,$1.19B,$7.88B,15.81%,$1.23B,$5.43B,23.64%,$1726,$408,$1318,$290,$645,$1343,$384,$33,$418,$117,$301,$300,$300,$384,$384,$3191,3191,$0.09,$0.09,$850,$1517,$56,$3683,$0,$129,$112,$28,$614,$7875,$1875,$206,$220,$777,$2652,$119,$5005,$0,$5223,$7875,$301,$0,$0,$0,$0,$0,$0,$0,$-11,$449,$-78,$0,$0,$0,$0,$-1,$0,$-79,$0,$0,$0,$0,$0,$0,$0,$-372,$-2,$0,$0
47,2006-12-31,6.67,$0.00,0.0,$1.91,3.49,$0.76,8.76,$0.34,19.84,$3.50B,$1.71B,2.05,$0.20B,$5.06B,0.04,$6.16B,$4.55B,73.86%,$6.16B,$1.14B,18.45%,$6.16B,$1.14B,18.45%,$6.16B,$1.50B,24.28%,$6.16B,$1.54B,24.98%,$6.16B,$1.09B,17.62%,$1.09B,$5.06B,22.71%,$1.09B,$4.95B,23.19%,$1.09B,$7.51B,15.03%,$1.14B,$5.26B,22.83%,$2004,$444,$1560,$326,$681,$1451,$553,$65,$409,$117,$293,$297,$297,$912,$553,$3194,3194,$0.09,$0.09,$857,$1411,$65,$3500,$0,$132,$107,$28,$589,$7508,$1706,$197,$208,$741,$2448,$113,$4840,$0,$5060,$7508,$1084,$360,$0,$360,$0,$0,$0,$0,$-174,$1300,$-468,$0,$0,$0,$0,$86,$-41,$-423,$0,$0,$-4,$0,$-469,$-327,$0,$-799,$84,$0,$0
