,Date,Stock Price,Book Value per Share,Price to Book Ratio,TTM Sales per Share,Price to Sales Ratio,TTM FCF per Share,Price to FCF Ratio,TTM Net EPS,PE Ratio,Current Assets,Current Liabilities,Current Ratio,Long Term Debt,Shareholder's Equity_x,Debt to Equity Ratio,TTM Revenue_x,TTM Gross Profit,Gross Margin,TTM Revenue_y,TTM Operating Income,Operating Margin,TTM Revenue_x,TTM EBIT,EBIT Margin,TTM Revenue_y,TTM EBITDA,EBITDA Margin,TTM Revenue_x,TTM Pre-Tax Income,Pre-Tax Margin,TTM Revenue_y,TTM Net Income_x,Net Margin,TTM Net Income_y,Shareholder's Equity_y,Return on Equity,TTM Net Income_x,Tangible Equity,Return on Tangible Equity,TTM Net Income_y,Total Assets,Return on Assets,TTM Net Income,LT Investments & Debt,Return on Investment,revenue,cost-goods-sold,gross-profit,research-development-expenses,selling-general-administrative-expenses,operating-expenses,operating-income,total-non-operating-income-expense,pre-tax-income,total-provision-income-taxes,income-after-taxes,income-from-continuous-operations,net-income,ebitda,ebit,basic-shares-outstanding,shares-outstanding,eps-basic-net-earnings-per-share,eps-earnings-per-share-diluted,cash-on-hand,inventory,other-current-assets,total-current-assets,net-property-plant-equipment,long-term-investments,goodwill-intangible-assets-total,other-long-term-assets,total-long-term-assets,total-assets,total-current-liabilities,long-term-debt,other-non-current-liabilities,total-long-term-liabilities,total-liabilities,common-stock-net,retained-earnings-accumulated-deficit,comprehensive-income,total-share-holder-equity,total-liabilities-share-holders-equity,net-income-loss,total-depreciation-amortization-cash-flow,other-non-cash-items,total-non-cash-items,change-in-accounts-receivable,change-in-inventories,change-in-accounts-payable,change-in-assets-liabilities,total-change-in-assets-liabilities,cash-flow-from-operating-activities,net-change-in-property-plant-equipment,net-change-in-intangible-assets,net-acquisitions-divestitures,net-change-in-short-term-investments,net-change-in-long-term-investments,net-change-in-investments-total,investing-activities-other,cash-flow-from-investing-activities,net-long-term-debt,net-current-debt,debt-issuance-retirement-net-total,net-common-equity-issued-repurchased,net-total-equity-issued-repurchased,total-common-preferred-stock-dividends-paid,financial-activities-other,cash-flow-from-financial-activities,net-cash-flow,stock-based-compensation,common-stock-dividends-paid
0,2018-09-30,2470.8,$467.96,5.28,$1679.02,1.47,$303.96,8.13,$165.55,14.92,$2.40B,$0.64B,3.74,$0.60B,$1.68B,0.36,$6.98B,$1.45B,20.70%,$6.98B,$0.97B,13.87%,$6.98B,$0.98B,14.02%,$6.98B,$1.00B,14.32%,$6.98B,$0.94B,13.52%,$6.98B,$0.69B,9.88%,$0.69B,$1.68B,43.38%,$0.69B,$1.63B,44.75%,$0.69B,$3.09B,23.13%,$0.97B,$2.28B,44.29%,$1852,$1473,$380,$0,$131,$1597,$256,$-6,$250,$54,$196,$196,$196,$264,$259,$4,4,$54.21,$48.28,$955,$1421,$0,$2403,$49,$0,$49,$589,$687,$3090,$642,$598,$168,$765,$1408,$0,$6799,$0,$1682,$3090,$565,$15,$88,$103,$-7,$-175,$18,$-7,$-170,$492,$-14,$0,$0,$8,$0,$8,$0,$-6,$0,$0,$0,$-542,$-542,$0,$-0,$-542,$-57,$52,$0
1,2018-06-30,2970.35,$443.10,6.7,$1613.56,1.84,$261.39,11.36,$155.29,19.13,$2.32B,$0.63B,3.67,$0.60B,$1.61B,0.37,$6.80B,$1.43B,20.97%,$6.80B,$0.96B,14.18%,$6.80B,$0.97B,14.31%,$6.80B,$0.99B,14.62%,$6.80B,$0.94B,13.79%,$6.80B,$0.66B,9.65%,$0.66B,$1.61B,41.45%,$0.66B,$1.56B,42.78%,$0.66B,$3.01B,22.06%,$0.96B,$2.21B,44.22%,$1787,$1417,$371,$0,$128,$1539,$248,$-6,$242,$38,$203,$203,$203,$256,$251,$4,4,$55.90,$49.05,$857,$1434,$0,$2321,$49,$0,$49,$591,$688,$3009,$632,$597,$172,$769,$1402,$0,$6603,$0,$1608,$3009,$369,$10,$-21,$-11,$-10,$-187,$22,$9,$-178,$169,$-9,$0,$0,$6,$0,$6,$0,$-3,$0,$0,$0,$-397,$-397,$0,$0,$-397,$-231,$28,$0
2,2018-03-31,2800.0,$405.31,6.91,$1549.62,1.81,$262.80,10.65,$141.43,19.8,$2.16B,$0.62B,3.52,$0.60B,$1.47B,0.41,$6.56B,$1.38B,21.06%,$6.56B,$0.93B,14.20%,$6.56B,$0.94B,14.31%,$6.56B,$0.96B,14.64%,$6.56B,$0.91B,13.80%,$6.56B,$0.60B,9.17%,$0.60B,$1.47B,38.41%,$0.60B,$1.42B,42.16%,$0.60B,$2.85B,20.37%,$0.93B,$2.06B,43.06%,$1529,$1212,$317,$0,$125,$1332,$197,$-6,$191,$25,$166,$166,$166,$204,$199,$4,4,$45.19,$39.34,$794,$1344,$0,$2160,$48,$0,$49,$589,$686,$2846,$615,$597,$167,$765,$1379,$0,$6400,$0,$1467,$2846,$166,$5,$15,$20,$-5,$-98,$17,$9,$-102,$78,$-3,$0,$0,$2,$0,$2,$0,$-0,$0,$0,$0,$-316,$-316,$0,$0,$-316,$-239,$10,$0
3,2017-12-31,3508.22,$434.97,8.07,$1498.91,2.34,$270.21,12.98,$127.21,27.58,$2.31B,$0.64B,3.62,$0.60B,$1.61B,0.37,$6.31B,$1.32B,20.86%,$6.31B,$0.87B,13.83%,$6.31B,$0.88B,13.94%,$6.31B,$0.90B,14.29%,$6.31B,$0.85B,13.42%,$6.31B,$0.54B,8.53%,$0.54B,$1.61B,34.71%,$0.54B,$1.56B,38.15%,$0.54B,$2.99B,18.39%,$0.87B,$2.20B,40.61%,$1816,$1438,$378,$0,$116,$1549,$268,$-6,$261,$137,$125,$125,$125,$276,$270,$4,4,$33.50,$28.44,$1041,$1246,$0,$2307,$50,$0,$49,$584,$682,$2989,$637,$597,$150,$747,$1384,$0,$6232,$0,$1605,$2989,$538,$23,$118,$141,$-1,$-154,$28,$8,$-108,$569,$-19,$0,$0,$3,$0,$3,$0,$-16,$0,$0,$0,$-282,$-282,$0,$0,$-282,$271,$45,$0
4,2017-09-30,2855.0,$441.83,6.46,$1497.62,1.91,$232.42,12.28,$136.13,20.97,$2.30B,$0.64B,3.6,$0.60B,$1.65B,0.36,$6.24B,$1.28B,20.44%,$6.24B,$0.84B,13.44%,$6.24B,$0.85B,13.55%,$6.24B,$0.87B,13.91%,$6.24B,$0.81B,13.04%,$6.24B,$0.56B,9.04%,$0.56B,$1.65B,38.24%,$0.56B,$1.60B,42.25%,$0.56B,$3.05B,19.87%,$0.84B,$2.25B,40.50%,$1668,$1308,$360,$0,$114,$1417,$251,$-6,$244,$82,$162,$162,$162,$258,$253,$4,4,$43.26,$38.02,$901,$1377,$0,$2298,$50,$0,$50,$649,$751,$3050,$639,$597,$163,$760,$1399,$0,$6107,$0,$1651,$3050,$413,$17,$139,$156,$0,$-284,$40,$11,$-218,$336,$-15,$0,$0,$7,$0,$7,$0,$-8,$0,$0,$0,$-100,$-100,$0,$0,$-100,$228,$33,$0
5,2017-06-30,2410.61,$409.76,5.88,$1479.11,1.63,$178.20,13.53,$126.57,19.05,$2.18B,$0.62B,3.51,$0.60B,$1.54B,0.39,$6.11B,$1.21B,19.81%,$6.11B,$0.78B,12.75%,$6.11B,$0.79B,12.86%,$6.11B,$0.81B,13.22%,$6.11B,$0.76B,12.35%,$6.11B,$0.52B,8.49%,$0.52B,$1.54B,37.43%,$0.52B,$1.13B,41.63%,$0.52B,$2.92B,18.93%,$0.78B,$2.13B,39.27%,$1544,$1218,$326,$0,$115,$1330,$215,$-6,$209,$61,$148,$148,$148,$222,$216,$4,4,$39.46,$35.19,$788,$1365,$0,$2175,$50,$0,$409,$283,$743,$2918,$619,$597,$167,$763,$1382,$0,$5945,$0,$1536,$2918,$251,$11,$144,$155,$-2,$-273,$43,$18,$-216,$178,$-9,$0,$0,$5,$0,$5,$0,$-5,$0,$0,$0,$-42,$-42,$0,$0,$-42,$132,$21,$0
6,2017-03-31,2106.88,$376.95,5.59,$1444.84,1.46,$138.31,15.23,$113.39,18.58,$1.98B,$0.59B,3.36,$0.60B,$1.41B,0.42,$5.96B,$1.15B,19.26%,$5.96B,$0.71B,11.99%,$5.96B,$0.72B,12.11%,$5.96B,$0.74B,12.46%,$5.96B,$0.69B,11.60%,$5.96B,$0.46B,7.77%,$0.46B,$1.41B,34.49%,$0.46B,$1.36B,35.86%,$0.46B,$2.74B,17.23%,$0.71B,$2.01B,36.83%,$1277,$1026,$251,$0,$116,$1139,$138,$-6,$132,$29,$103,$103,$103,$145,$140,$4,4,$27.78,$25.12,$723,$1232,$0,$1975,$51,$0,$51,$664,$767,$2742,$588,$597,$149,$746,$1334,$0,$5797,$0,$1408,$2742,$103,$6,$162,$168,$1,$-140,$26,$8,$-143,$108,$-5,$0,$0,$2,$0,$2,$0,$-3,$0,$0,$0,$-10,$-10,$0,$0,$-10,$95,$11,$0
7,2016-12-31,1669.0,$353.22,4.73,$1409.80,1.18,$102.16,16.34,$104.06,16.04,$1.88B,$0.62B,3.03,$0.60B,$1.30B,0.46,$5.82B,$1.11B,19.13%,$5.82B,$0.68B,11.75%,$5.82B,$0.69B,11.87%,$5.82B,$0.71B,12.24%,$5.82B,$0.66B,11.37%,$5.82B,$0.43B,7.30%,$0.43B,$1.30B,32.59%,$0.43B,$1.26B,35.25%,$0.43B,$2.64B,16.12%,$0.68B,$1.90B,35.99%,$1753,$1413,$339,$0,$108,$1518,$235,$-6,$229,$78,$151,$151,$151,$243,$237,$4,4,$39.78,$37.35,$767,$1092,$0,$1878,$51,$0,$49,$496,$766,$2644,$621,$596,$122,$719,$1340,$0,$5695,$0,$1304,$2644,$425,$22,$3,$25,$-9,$-85,$11,$-32,$-57,$398,$-21,$0,$0,$12,$0,$12,$0,$-9,$0,$0,$0,$-417,$-417,$0,$-0,$-417,$-29,$44,$0
8,2016-09-30,1639.87,$342.87,4.78,$1348.23,1.22,$59.51,27.56,$98.18,16.7,$1.88B,$0.62B,3.03,$0.60B,$1.30B,0.46,$5.63B,$1.09B,19.41%,$5.63B,$0.66B,11.77%,$5.63B,$0.67B,11.89%,$5.63B,$0.69B,12.27%,$5.63B,$0.64B,11.38%,$5.63B,$0.41B,7.25%,$0.41B,$1.30B,31.68%,$0.41B,$1.25B,34.34%,$0.41B,$2.66B,15.67%,$0.66B,$1.90B,35.14%,$1538,$1242,$295,$0,$108,$1347,$191,$-6,$185,$68,$117,$117,$117,$198,$193,$4,4,$30.43,$28.46,$553,$1317,$0,$1883,$50,$0,$52,$677,$780,$2663,$622,$596,$146,$742,$1364,$0,$5544,$0,$1299,$2663,$274,$17,$71,$87,$-3,$-310,$34,$-33,$-252,$102,$-16,$0,$0,$9,$0,$9,$0,$-7,$0,$0,$0,$-258,$-258,$0,$-0,$-258,$-163,$32,$0
9,2016-06-30,1780.34,$348.28,5.11,$1301.91,1.37,$39.11,45.52,$96.83,18.39,$1.90B,$0.60B,3.16,$0.60B,$1.36B,0.44,$5.49B,$1.09B,19.82%,$5.49B,$0.66B,12.06%,$5.49B,$0.67B,12.19%,$5.49B,$0.69B,12.57%,$5.49B,$0.64B,11.66%,$5.49B,$0.41B,7.41%,$0.41B,$1.36B,31.97%,$0.41B,$1.31B,34.69%,$0.41B,$2.70B,15.77%,$0.66B,$1.95B,35.40%,$1388,$1126,$262,$0,$115,$1239,$150,$-5,$145,$53,$92,$92,$92,$156,$151,$4,4,$23.51,$22.01,$638,$1248,$0,$1903,$51,$0,$52,$690,$795,$2698,$602,$596,$143,$739,$1341,$0,$5427,$0,$1358,$2698,$157,$11,$75,$86,$-7,$-241,$31,$-30,$-212,$13,$-11,$0,$0,$7,$0,$7,$0,$-5,$0,$0,$0,$-69,$-69,$0,$-0,$-69,$-61,$21,$0
10,2016-03-31,1732.4,$322.67,5.37,$1260.41,1.37,$27.39,63.24,$96.73,17.91,$1.59B,$0.56B,2.84,$0.60B,$1.26B,0.47,$5.35B,$1.08B,20.26%,$5.35B,$0.67B,12.48%,$5.35B,$0.67B,12.61%,$5.35B,$0.70B,13.00%,$5.35B,$0.64B,12.05%,$5.35B,$0.41B,7.63%,$0.41B,$1.26B,32.57%,$0.41B,$1.02B,35.41%,$0.41B,$2.54B,15.97%,$0.67B,$1.85B,36.05%,$1144,$926,$218,$0,$113,$1036,$108,$-5,$103,$38,$65,$65,$65,$116,$110,$4,4,$16.81,$15.79,$318,$1261,$0,$1593,$50,$0,$242,$655,$949,$2542,$561,$596,$128,$724,$1285,$0,$5335,$0,$1256,$2542,$65,$5,$147,$152,$-4,$-255,$16,$-2,$-247,$-40,$-5,$0,$0,$4,$0,$4,$0,$-1,$0,$0,$0,$-65,$-65,$0,$-0,$-65,$-106,$11,$0
11,2015-12-31,1643.0,$318.47,5.16,$1209.90,1.36,$36.83,44.61,$90.16,18.22,$1.79B,$0.57B,3.17,$0.60B,$1.24B,0.48,$5.16B,$1.04B,20.18%,$5.16B,$0.63B,12.15%,$5.16B,$0.63B,12.27%,$5.16B,$0.65B,12.68%,$5.16B,$0.60B,11.69%,$5.16B,$0.38B,7.40%,$0.38B,$1.24B,31.06%,$0.38B,$1.19B,32.48%,$0.38B,$2.51B,15.20%,$0.63B,$1.84B,34.30%,$1555,$1239,$317,$0,$107,$1343,$213,$-6,$207,$73,$134,$134,$134,$220,$215,$4,4,$33.86,$31.75,$769,$1007,$0,$1787,$50,$0,$53,$458,$724,$2512,$565,$596,$112,$708,$1273,$0,$5270,$0,$1239,$2512,$383,$22,$-59,$-37,$-2,$-135,$4,$-38,$-114,$227,$-18,$0,$0,$17,$0,$17,$0,$-1,$0,$-0,$-0,$-345,$-345,$0,$-0,$-346,$-120,$54,$0
12,2015-09-30,1525.22,$311.52,4.9,$1143.82,1.33,$22.39,68.13,$81.48,18.72,$1.82B,$0.60B,3.04,$0.60B,$1.24B,0.48,$4.93B,$0.98B,19.89%,$4.93B,$0.57B,11.58%,$4.93B,$0.58B,11.70%,$4.93B,$0.60B,12.12%,$4.93B,$0.55B,11.09%,$4.93B,$0.35B,7.04%,$0.35B,$1.24B,28.89%,$0.35B,$1.19B,30.25%,$0.35B,$2.57B,14.03%,$0.57B,$1.84B,31.72%,$1402,$1112,$291,$0,$103,$1211,$191,$-6,$185,$69,$116,$116,$116,$198,$193,$4,4,$28.75,$27.11,$646,$1161,$0,$1818,$50,$0,$53,$648,$753,$2571,$597,$599,$134,$733,$1330,$0,$5136,$0,$1240,$2571,$249,$16,$-29,$-13,$0,$-290,$25,$-14,$-199,$16,$-13,$0,$0,$12,$0,$12,$0,$-1,$0,$-0,$-0,$-187,$-187,$0,$14,$-173,$-158,$40,$0
13,2015-06-30,1340.0,$313.32,4.28,$1093.73,1.23,$6.04,221.96,$75.07,17.85,$1.86B,$0.58B,3.2,$0.60B,$1.28B,0.47,$4.73B,$0.93B,19.71%,$4.73B,$0.53B,11.20%,$4.73B,$0.54B,11.30%,$4.73B,$0.56B,11.75%,$4.73B,$0.51B,10.69%,$4.73B,$0.32B,6.78%,$0.32B,$1.28B,27.23%,$0.32B,$1.22B,28.54%,$0.32B,$2.60B,13.19%,$0.53B,$1.87B,29.81%,$1244,$987,$257,$0,$105,$1089,$155,$-6,$149,$55,$93,$93,$93,$161,$156,$4,4,$22.97,$21.91,$761,$1085,$0,$1862,$51,$0,$54,$627,$734,$2596,$582,$599,$140,$739,$1321,$0,$5020,$0,$1275,$2596,$132,$11,$-44,$-34,$-7,$-214,$32,$-1,$-124,$-40,$-8,$0,$0,$9,$0,$9,$0,$1,$0,$-0,$-0,$-18,$-18,$0,$10,$-8,$-48,$26,$0
14,2015-03-31,1328.66,$286.79,4.63,$1047.10,1.27,$9.11,145.91,$68.33,19.44,$1.65B,$0.48B,3.41,$0.60B,$1.17B,0.51,$4.59B,$0.90B,19.49%,$4.59B,$0.49B,10.67%,$4.59B,$0.49B,10.76%,$4.59B,$0.52B,11.22%,$4.59B,$0.47B,10.15%,$4.59B,$0.30B,6.45%,$0.30B,$1.17B,26.09%,$0.30B,$1.11B,27.39%,$0.30B,$2.38B,12.43%,$0.49B,$1.76B,28.26%,$958,$782,$176,$0,$110,$889,$68,$-6,$62,$23,$39,$39,$39,$75,$69,$4,4,$9.63,$9.22,$686,$955,$0,$1650,$52,$0,$54,$616,$726,$2376,$484,$599,$128,$727,$1211,$0,$4926,$0,$1165,$2376,$39,$5,$62,$67,$0,$-84,$19,$-0,$-97,$-2,$-5,$0,$0,$5,$0,$5,$0,$1,$0,$-0,$-0,$-19,$-19,$0,$8,$-12,$-13,$13,$0
15,2014-12-31,1275.33,$277.66,4.59,$996.56,1.28,$6.05,210.97,$64.27,19.84,$1.63B,$0.52B,3.14,$0.60B,$1.12B,0.53,$4.44B,$0.88B,19.69%,$4.44B,$0.48B,10.76%,$4.44B,$0.48B,10.85%,$4.44B,$0.50B,11.25%,$4.44B,$0.45B,10.22%,$4.44B,$0.28B,6.32%,$0.28B,$1.12B,23.91%,$0.28B,$1.07B,25.08%,$0.28B,$2.35B,11.62%,$0.48B,$1.72B,26.94%,$1328,$1071,$257,$0,$103,$1171,$157,$-6,$151,$52,$99,$99,$99,$164,$159,$4,4,$23.32,$22.47,$751,$869,$0,$1630,$52,$0,$54,$446,$721,$2351,$519,$599,$108,$708,$1227,$0,$4887,$0,$1124,$2351,$282,$18,$66,$83,$-1,$-128,$6,$-58,$-180,$185,$-31,$0,$0,$12,$0,$12,$0,$-19,$0,$-3,$-3,$-491,$-491,$0,$9,$-486,$-321,$63,$0
16,2014-09-30,1130.02,$276.31,4.09,$952.60,1.19,$23.14,48.84,$62.18,18.17,$1.69B,$0.54B,3.12,$0.60B,$1.15B,0.52,$4.36B,$0.86B,19.71%,$4.36B,$0.48B,10.99%,$4.36B,$0.48B,11.06%,$4.36B,$0.50B,11.45%,$4.36B,$0.46B,10.44%,$4.36B,$0.28B,6.42%,$0.28B,$1.15B,23.15%,$0.28B,$1.10B,24.25%,$0.28B,$2.41B,11.42%,$0.48B,$1.75B,26.49%,$1203,$960,$243,$0,$96,$1054,$150,$-6,$144,$54,$90,$90,$90,$156,$151,$4,4,$21.49,$20.70,$662,$1014,$0,$1687,$53,$0,$55,$612,$726,$2413,$540,$599,$122,$722,$1262,$0,$4788,$0,$1151,$2413,$182,$13,$53,$65,$-2,$-272,$22,$-43,$-276,$-42,$-27,$0,$0,$9,$0,$9,$0,$-18,$0,$-3,$-3,$-344,$-344,$0,$7,$-340,$-400,$45,$0
17,2014-06-30,1150.6,$260.91,4.41,$929.50,1.24,$54.75,21.02,$59.15,19.45,$1.69B,$0.55B,3.06,$0.60B,$1.10B,0.55,$4.34B,$0.84B,19.36%,$4.34B,$0.47B,10.73%,$4.34B,$0.47B,10.82%,$4.34B,$0.49B,11.16%,$4.34B,$0.44B,10.20%,$4.34B,$0.27B,6.28%,$0.27B,$1.10B,22.01%,$0.27B,$1.04B,23.04%,$0.27B,$2.38B,11.02%,$0.47B,$1.70B,25.34%,$1102,$883,$219,$0,$106,$988,$115,$-6,$109,$41,$68,$68,$68,$120,$115,$4,4,$15.68,$15.17,$722,$953,$0,$1690,$51,$0,$55,$580,$692,$2382,$552,$599,$132,$731,$1283,$0,$4698,$0,$1099,$2382,$92,$8,$-1009,$-1001,$-6,$-213,$-13,$1100,$903,$-17,$-20,$0,$0,$8,$0,$8,$0,$-12,$0,$-2,$-2,$-287,$-287,$0,$6,$-283,$-313,$27,$0
18,2014-03-31,1147.0,$295.14,3.89,$885.79,1.29,$43.48,26.38,$54.09,21.21,$1.85B,$0.48B,3.89,$0.60B,$1.33B,0.45,$4.25B,$0.80B,18.77%,$4.25B,$0.44B,10.28%,$4.25B,$0.44B,10.40%,$4.25B,$0.46B,10.70%,$4.25B,$0.41B,9.74%,$4.25B,$0.26B,6.02%,$0.26B,$1.33B,19.76%,$0.26B,$1.27B,20.65%,$0.26B,$2.53B,10.18%,$0.44B,$1.93B,23.07%,$811,$655,$156,$0,$103,$756,$56,$-6,$50,$26,$24,$24,$24,$60,$57,$4,5,$5.34,$5.16,$1002,$842,$0,$1854,$39,$0,$55,$569,$670,$2525,$477,$599,$123,$722,$1199,$0,$4629,$0,$1326,$2525,$24,$4,$96,$100,$-0,$-103,$-37,$-7,$-129,$-16,$-5,$0,$0,$5,$0,$5,$0,$0,$0,$-1,$-1,$24,$24,$0,$6,$29,$13,$11,$0
19,2013-12-31,1026.01,$284.47,3.61,$860.56,1.19,$32.14,31.92,$55.77,18.4,$1.82B,$0.52B,3.51,$0.60B,$1.26B,0.48,$4.21B,$0.79B,18.71%,$4.21B,$0.44B,10.50%,$4.21B,$0.45B,10.62%,$4.21B,$0.46B,10.90%,$4.21B,$0.42B,9.95%,$4.21B,$0.27B,6.34%,$0.27B,$1.26B,19.75%,$0.27B,$1.21B,20.61%,$0.27B,$2.49B,10.47%,$0.44B,$1.86B,22.66%,$1242,$1001,$241,$0,$86,$1085,$158,$-6,$152,$54,$98,$98,$98,$163,$159,$5,5,$20.76,$20.19,$1076,$739,$0,$1824,$37,$0,$56,$399,$662,$2486,$520,$599,$106,$705,$1225,$0,$4606,$0,$1261,$2486,$266,$13,$-28,$-15,$-0,$-53,$113,$-40,$21,$270,$-18,$0,$0,$-16,$0,$-16,$0,$-34,$0,$-2,$-2,$-541,$-541,$0,$19,$-523,$-287,$34,$0
20,2013-09-30,919.19,$280.43,3.28,$788.61,1.17,$29.42,31.24,$46.60,19.73,$1.90B,$0.52B,3.65,$0.60B,$1.28B,0.47,$3.91B,$0.73B,18.76%,$3.91B,$0.39B,9.86%,$3.91B,$0.39B,9.99%,$3.91B,$0.40B,10.25%,$3.91B,$0.36B,9.28%,$3.91B,$0.23B,5.88%,$0.23B,$1.28B,16.35%,$0.23B,$1.22B,17.04%,$0.23B,$2.52B,8.91%,$0.39B,$1.87B,19.24%,$1189,$964,$225,$0,$90,$1052,$137,$-6,$132,$49,$83,$83,$83,$142,$139,$5,5,$18.08,$17.67,$966,$917,$0,$1896,$36,$0,$56,$521,$623,$2519,$519,$599,$125,$724,$1244,$0,$4508,$0,$1275,$2519,$169,$9,$42,$51,$-4,$-232,$114,$-22,$-121,$88,$-14,$0,$0,$-5,$0,$-5,$0,$-19,$0,$-4,$-4,$-428,$-428,$0,$24,$-409,$-339,$30,$0
21,2013-06-30,922.0,$280.91,3.28,$705.02,1.31,$46.38,19.88,$39.26,23.48,$1.91B,$0.47B,4.06,$0.60B,$1.32B,0.45,$3.60B,$0.68B,18.83%,$3.60B,$0.34B,9.32%,$3.60B,$0.34B,9.43%,$3.60B,$0.35B,9.68%,$3.60B,$0.32B,8.76%,$3.60B,$0.20B,5.56%,$0.20B,$1.32B,13.96%,$0.20B,$1.26B,14.52%,$0.20B,$2.53B,7.78%,$0.34B,$1.92B,16.49%,$1010,$834,$176,$0,$92,$924,$86,$-5,$80,$29,$51,$51,$51,$90,$87,$5,5,$10.37,$10.11,$954,$940,$0,$1909,$33,$0,$57,$522,$623,$2531,$470,$599,$142,$741,$1211,$0,$4425,$0,$1320,$2531,$86,$6,$-5,$1,$-6,$-257,$0,$-12,$-168,$-91,$-8,$0,$0,$-9,$0,$-9,$0,$-17,$0,$-3,$-3,$-288,$-288,$0,$24,$-268,$-375,$19,$0
22,2013-03-31,1080.11,$310.60,3.48,$651.01,1.66,$78.76,13.71,$38.12,28.33,$2.07B,$0.38B,5.39,$0.60B,$1.55B,0.39,$3.36B,$0.65B,19.25%,$3.36B,$0.31B,9.33%,$3.36B,$0.32B,9.45%,$3.36B,$0.33B,9.69%,$3.36B,$0.30B,8.91%,$3.36B,$0.20B,5.84%,$0.20B,$1.55B,13.21%,$0.20B,$1.49B,13.71%,$0.20B,$2.67B,8.05%,$0.31B,$2.15B,16.20%,$770,$624,$146,$0,$88,$710,$61,$-6,$55,$20,$35,$35,$35,$64,$62,$5,5,$7.04,$6.84,$1215,$842,$0,$2072,$31,$0,$58,$494,$593,$2665,$384,$599,$130,$729,$1113,$0,$4374,$0,$1552,$2665,$35,$3,$-466,$-464,$-5,$-160,$0,$509,$357,$-78,$-3,$0,$0,$-11,$0,$-11,$0,$-14,$0,$-2,$-2,$5,$5,$0,$23,$26,$-66,$8,$0
23,2012-12-31,920.0,$301.28,3.05,$617.02,1.49,$111.74,8.23,$35.18,26.15,$2.03B,$0.42B,4.84,$0.60B,$1.48B,0.41,$3.19B,$0.61B,19.12%,$3.19B,$0.28B,8.89%,$3.19B,$0.29B,9.04%,$3.19B,$0.30B,9.29%,$3.19B,$0.28B,8.63%,$3.19B,$0.18B,5.68%,$0.18B,$1.48B,12.48%,$0.18B,$1.42B,12.94%,$0.18B,$2.61B,8.11%,$0.28B,$2.08B,16.18%,$944,$756,$187,$0,$88,$842,$102,$-5,$96,$35,$61,$61,$61,$105,$103,$5,5,$12.28,$11.92,$1342,$678,$0,$2029,$29,$0,$58,$327,$576,$2605,$419,$599,$106,$705,$1124,$0,$4339,$0,$1480,$2605,$181,$8,$127,$135,$-2,$-98,$72,$-54,$-43,$264,$-12,$0,$-14,$4,$0,$4,$0,$-23,$577,$-1,$576,$-154,$-154,$0,$9,$431,$673,$65,$0
24,2012-09-30,844.5,$282.94,2.98,$565.29,1.49,$60.98,13.85,$29.52,28.61,$1.92B,$0.41B,4.73,$0.60B,$1.38B,0.43,$2.98B,$0.55B,18.34%,$2.98B,$0.23B,7.78%,$2.98B,$0.24B,7.98%,$2.98B,$0.25B,8.22%,$2.98B,$0.23B,7.68%,$2.98B,$0.15B,5.10%,$0.15B,$1.38B,10.68%,$0.15B,$1.33B,11.06%,$0.15B,$2.48B,7.50%,$0.23B,$1.98B,14.75%,$871,$702,$168,$0,$84,$785,$86,$-2,$84,$31,$53,$53,$53,$89,$87,$5,5,$10.60,$10.33,$1206,$700,$0,$1916,$29,$0,$49,$470,$565,$2481,$405,$599,$97,$696,$1101,$0,$4278,$0,$1379,$2481,$120,$6,$-1409,$-1404,$-3,$-163,$0,$1541,$1473,$178,$-10,$0,$0,$5,$0,$5,$0,$-5,$599,$-5,$594,$-171,$-171,$0,$2,$425,$598,$50,$0
25,2012-06-30,850.0,$296.19,2.87,$525.77,1.62,$25.80,32.95,$27.17,31.28,$1.45B,$0.38B,3.87,$0.00B,$1.52B,0.0,$2.82B,$0.51B,18.24%,$2.82B,$0.22B,7.63%,$2.82B,$0.22B,7.88%,$2.82B,$0.23B,8.13%,$2.82B,$0.21B,7.59%,$2.82B,$0.14B,5.04%,$0.14B,$1.52B,10.03%,$0.14B,$1.47B,10.39%,$0.14B,$1.99B,7.65%,$0.22B,$1.52B,15.19%,$770,$625,$145,$0,$82,$706,$64,$-0,$64,$17,$47,$47,$47,$67,$65,$5,5,$9.17,$8.97,$743,$701,$0,$1454,$27,$0,$49,$445,$537,$1991,$376,$0,$93,$93,$469,$0,$4225,$0,$1522,$1991,$67,$4,$130,$133,$-3,$-164,$0,$-23,$-120,$72,$-6,$0,$0,$3,$0,$3,$0,$-2,$0,$-4,$-4,$42,$42,$0,$5,$42,$112,$33,$0
26,2012-03-31,726.33,$279.95,2.59,$495.70,1.47,$7.57,95.98,$24.68,29.43,$1.33B,$0.35B,3.8,$0.00B,$1.42B,0.0,$2.74B,$0.51B,18.44%,$2.74B,$0.22B,7.84%,$2.74B,$0.22B,8.09%,$2.74B,$0.23B,8.35%,$2.74B,$0.21B,7.76%,$2.74B,$0.13B,4.85%,$0.13B,$1.42B,9.19%,$0.13B,$1.37B,9.51%,$0.13B,$1.85B,6.99%,$0.22B,$1.42B,14.85%,$600,$492,$109,$0,$80,$569,$31,$-0,$31,$11,$20,$20,$20,$35,$33,$5,5,$3.99,$3.90,$688,$636,$0,$1330,$26,$0,$49,$429,$521,$1851,$350,$0,$83,$83,$433,$0,$4179,$0,$1418,$1851,$20,$2,$-379,$-377,$1,$-100,$32,$523,$456,$91,$-3,$0,$0,$2,$0,$2,$0,$-0,$0,$-3,$-3,$6,$6,$0,$1,$4,$94,$16,$0
27,2011-12-31,686.0,$276.18,2.48,$464.77,1.48,$-11.15,0.0,$23.30,29.44,$1.27B,$0.34B,3.77,$0.00B,$1.38B,0.0,$2.66B,$0.49B,18.58%,$2.66B,$0.21B,7.86%,$2.66B,$0.22B,8.09%,$2.66B,$0.22B,8.35%,$2.66B,$0.21B,7.78%,$2.66B,$0.13B,4.81%,$0.13B,$1.38B,8.27%,$0.13B,$1.33B,8.54%,$0.13B,$1.78B,6.38%,$0.21B,$1.38B,13.51%,$741,$617,$125,$0,$76,$690,$51,$-0,$50,$18,$32,$32,$32,$54,$53,$5,6,$6.21,$6.03,$733,$533,$0,$1273,$25,$0,$49,$257,$507,$1779,$337,$0,$67,$67,$405,$0,$4158,$0,$1375,$1779,$129,$7,$11,$17,$0,$-100,$-3,$-42,$-144,$1,$-11,$0,$0,$-51,$0,$-51,$0,$-62,$0,$-93,$-93,$-582,$-582,$0,$23,$-653,$-713,$64,$0
28,2011-09-30,603.98,$268.45,2.25,$464.51,1.3,$-1.50,0.0,$26.94,22.42,$1.28B,$0.38B,3.36,$0.00B,$1.35B,0.0,$2.73B,$0.53B,19.24%,$2.73B,$0.25B,8.98%,$2.73B,$0.25B,9.20%,$2.73B,$0.26B,9.45%,$2.73B,$0.24B,8.94%,$2.73B,$0.16B,5.68%,$0.16B,$1.35B,9.46%,$0.16B,$1.30B,9.75%,$0.16B,$1.80B,7.28%,$0.25B,$1.35B,14.95%,$707,$572,$135,$0,$68,$638,$69,$-0,$69,$26,$43,$43,$43,$73,$71,$5,5,$8.19,$7.98,$689,$581,$0,$1277,$24,$0,$49,$428,$522,$1800,$380,$0,$73,$73,$454,$0,$4126,$0,$1346,$1800,$97,$5,$29,$34,$0,$-148,$-34,$0,$-141,$-5,$-8,$0,$0,$-52,$0,$-52,$0,$-60,$0,$-92,$-92,$-561,$-561,$0,$21,$-632,$-697,$48,$0
29,2011-06-30,725.48,$295.89,2.45,$446.87,1.62,$-14.01,0.0,$26.27,27.62,$1.65B,$0.45B,3.68,$0.00B,$1.65B,0.0,$2.70B,$0.53B,19.46%,$2.70B,$0.24B,8.97%,$2.70B,$0.25B,9.15%,$2.70B,$0.25B,9.41%,$2.70B,$0.24B,8.90%,$2.70B,$0.16B,5.78%,$0.16B,$1.65B,9.05%,$0.16B,$1.60B,9.31%,$0.16B,$2.18B,6.96%,$0.24B,$1.65B,14.04%,$696,$559,$137,$0,$76,$632,$64,$-1,$63,$25,$38,$38,$38,$67,$65,$6,6,$6.65,$6.48,$1111,$535,$0,$1654,$25,$0,$49,$425,$522,$2176,$450,$0,$75,$75,$525,$0,$4083,$0,$1651,$2176,$54,$3,$-820,$-816,$-0,$-104,$0,$803,$728,$-25,$-7,$0,$0,$-54,$0,$-54,$0,$-61,$0,$-2,$-2,$-196,$-196,$0,$21,$-177,$-263,$32,$0
30,2011-03-31,756.0,$309.90,2.44,$480.09,1.57,$-19.32,0.0,$30.92,24.45,$1.83B,$0.39B,4.73,$0.00B,$1.82B,0.0,$2.97B,$0.58B,19.58%,$2.97B,$0.30B,10.04%,$2.97B,$0.30B,10.25%,$2.97B,$0.31B,10.48%,$2.97B,$0.30B,9.94%,$2.97B,$0.19B,6.37%,$0.19B,$1.82B,10.71%,$0.19B,$1.77B,11.01%,$0.19B,$2.28B,8.27%,$0.30B,$1.82B,16.88%,$515,$418,$97,$0,$74,$489,$25,$-0,$25,$10,$15,$15,$15,$28,$26,$6,6,$2.61,$2.52,$1326,$492,$0,$1825,$20,$0,$49,$359,$450,$2276,$386,$0,$71,$71,$458,$0,$4044,$0,$1818,$2276,$15,$2,$-345,$-343,$0,$-61,$0,$404,$316,$-9,$-1,$0,$0,$4,$0,$4,$0,$4,$0,$-15,$-15,$29,$29,$0,$18,$32,$27,$16,$0
31,2010-12-31,691.02,$307.27,2.25,$486.86,1.42,$-36.26,0.0,$33.41,20.68,$1.81B,$0.46B,3.95,$0.00B,$1.74B,0.0,$3.04B,$0.60B,19.82%,$3.04B,$0.33B,10.78%,$3.04B,$0.33B,10.98%,$3.04B,$0.34B,11.21%,$3.04B,$0.32B,10.62%,$3.04B,$0.21B,6.77%,$0.21B,$1.74B,11.59%,$0.21B,$1.69B,11.91%,$0.21B,$2.26B,8.82%,$0.33B,$1.74B,18.11%,$811,$655,$156,$0,$72,$724,$87,$-1,$87,$28,$59,$59,$59,$90,$89,$6,6,$10.38,$9.97,$1371,$431,$0,$1809,$20,$0,$49,$174,$451,$2260,$458,$0,$62,$62,$520,$0,$4029,$0,$1740,$2260,$206,$7,$-2147,$-2140,$2,$-9,$-54,$2014,$2010,$55,$-6,$0,$0,$219,$0,$219,$0,$212,$-133,$85,$-48,$-340,$-340,$0,$64,$-324,$-56,$53,$0
32,2010-09-30,647.53,$299.53,2.16,$476.60,1.36,$-5.27,0.0,$33.06,19.59,$1.82B,$0.49B,3.76,$0.00B,$1.69B,0.0,$2.98B,$0.60B,20.19%,$2.98B,$0.33B,11.02%,$2.98B,$0.33B,11.19%,$2.98B,$0.34B,11.45%,$2.98B,$0.32B,10.78%,$2.98B,$0.21B,6.99%,$0.21B,$1.69B,11.67%,$0.21B,$1.64B,12.00%,$0.21B,$2.25B,8.78%,$0.33B,$1.69B,17.74%,$676,$541,$135,$0,$75,$611,$66,$-1,$65,$21,$44,$44,$44,$69,$67,$6,6,$7.65,$7.31,$1251,$562,$0,$1824,$20,$0,$49,$334,$426,$2250,$485,$0,$78,$78,$563,$0,$3970,$0,$1687,$2250,$147,$6,$-1600,$-1594,$-2,$-140,$0,$1409,$1356,$-86,$-4,$0,$0,$193,$0,$193,$0,$189,$-133,$95,$-39,$-320,$-320,$0,$62,$-297,$-194,$41,$0
33,2010-06-30,655.03,$306.41,2.14,$494.92,1.32,$28.43,23.04,$37.34,17.54,$1.95B,$0.48B,4.1,$0.00B,$1.82B,0.0,$3.12B,$0.64B,20.64%,$3.12B,$0.38B,12.17%,$3.12B,$0.38B,12.30%,$3.12B,$0.39B,12.58%,$3.12B,$0.37B,11.85%,$3.12B,$0.24B,7.58%,$0.24B,$1.82B,13.27%,$0.24B,$1.77B,13.65%,$0.24B,$2.36B,9.83%,$0.38B,$1.82B,20.18%,$965,$771,$193,$0,$76,$844,$120,$-2,$118,$47,$71,$71,$71,$124,$122,$6,6,$11.64,$11.13,$1510,$421,$0,$1946,$20,$0,$49,$322,$414,$2359,$475,$0,$69,$69,$544,$0,$3926,$0,$1815,$2359,$103,$4,$-239,$-235,$-6,$-2,$-19,$0,$64,$-66,$-3,$0,$0,$43,$0,$43,$0,$40,$-133,$67,$-67,$-125,$-125,$0,$59,$-133,$-159,$21,$0
34,2010-03-31,726.5,$303.91,2.39,$446.84,1.63,$35.53,20.45,$33.00,22.02,$2.06B,$0.40B,5.12,$0.13B,$1.87B,0.07,$2.78B,$0.58B,20.94%,$2.78B,$0.33B,11.96%,$2.78B,$0.33B,12.04%,$2.78B,$0.34B,12.40%,$2.78B,$0.32B,11.57%,$2.78B,$0.21B,7.42%,$0.21B,$1.87B,12.03%,$0.21B,$1.82B,12.39%,$0.21B,$2.48B,8.69%,$0.33B,$2.00B,17.99%,$590,$471,$119,$0,$67,$535,$55,$-2,$53,$21,$32,$32,$32,$58,$56,$6,6,$5.29,$5.01,$1551,$500,$0,$2059,$20,$0,$49,$325,$418,$2476,$402,$133,$72,$206,$608,$0,$3855,$0,$1869,$2476,$32,$2,$-73,$-71,$0,$-81,$0,$-11,$-68,$-118,$-1,$0,$0,$94,$0,$94,$0,$93,$0,$44,$44,$42,$42,$0,$32,$118,$92,$6,$0
35,2009-12-31,710.71,$295.34,2.41,$448.36,1.59,$54.33,13.08,$31.01,22.92,$1.94B,$0.38B,5.16,$0.13B,$1.76B,0.08,$2.74B,$0.56B,20.34%,$2.74B,$0.31B,11.33%,$2.74B,$0.31B,11.37%,$2.74B,$0.32B,11.77%,$2.74B,$0.30B,10.90%,$2.74B,$0.19B,7.00%,$0.19B,$1.76B,11.90%,$0.19B,$1.71B,12.27%,$0.19B,$2.40B,8.40%,$0.31B,$1.89B,17.73%,$746,$592,$154,$0,$70,$659,$87,$-2,$85,$24,$61,$61,$61,$90,$88,$6,6,$10.45,$9.86,$1510,$419,$0,$1936,$21,$0,$49,$119,$459,$2396,$376,$133,$130,$263,$639,$0,$3823,$0,$1757,$2396,$192,$10,$-1995,$-1985,$4,$-18,$83,$2005,$2073,$242,$-2,$0,$0,$-220,$0,$-220,$0,$-222,$-30,$-33,$-63,$79,$79,$0,$66,$82,$103,$46,$0
36,2009-09-30,637.37,$282.03,2.26,$480.82,1.33,$92.54,6.89,$15.86,40.19,$1.97B,$0.45B,4.38,$0.13B,$1.67B,0.08,$2.91B,$0.44B,15.06%,$2.91B,$0.18B,6.02%,$2.91B,$0.18B,6.05%,$2.91B,$0.20B,6.88%,$2.91B,$0.16B,5.54%,$2.91B,$0.10B,3.47%,$0.10B,$1.67B,6.66%,$0.10B,$1.62B,6.88%,$0.10B,$2.38B,4.57%,$0.18B,$1.81B,10.50%,$814,$637,$177,$0,$64,$697,$117,$-3,$113,$41,$72,$72,$72,$120,$117,$6,6,$12.29,$11.59,$1485,$479,$0,$1973,$21,$0,$49,$274,$402,$2375,$450,$133,$120,$253,$703,$0,$3762,$0,$1672,$2375,$132,$8,$-1492,$-1484,$3,$-78,$3,$1422,$1437,$118,$-1,$0,$0,$-281,$0,$-281,$0,$-282,$-30,$31,$1,$73,$73,$0,$59,$132,$-32,$35,$0
37,2009-06-30,502.39,$266.91,1.88,$507.39,0.99,$108.98,4.61,$10.39,48.35,$1.84B,$0.42B,4.35,$0.14B,$1.55B,0.09,$3.03B,$0.39B,12.99%,$3.03B,$0.12B,4.02%,$3.03B,$0.12B,4.09%,$3.03B,$0.15B,4.88%,$3.03B,$0.11B,3.59%,$3.03B,$0.07B,2.18%,$0.07B,$1.55B,4.58%,$0.07B,$1.50B,4.75%,$0.07B,$2.24B,3.01%,$0.12B,$1.68B,7.59%,$625,$494,$131,$0,$61,$553,$73,$-3,$70,$28,$41,$41,$41,$76,$73,$6,6,$7.17,$6.79,$1365,$461,$0,$1835,$22,$0,$49,$265,$402,$2237,$422,$135,$131,$266,$688,$0,$3690,$0,$1549,$2237,$59,$5,$-81,$-76,$3,$-60,$2,$0,$-24,$-22,$-0,$0,$0,$-658,$0,$-658,$0,$-658,$-28,$52,$24,$46,$46,$0,$46,$116,$-564,$23,$0
38,2009-03-31,427.75,$257.59,1.66,$565.83,0.76,$129.02,3.32,$12.24,34.95,$1.73B,$0.37B,4.67,$0.16B,$1.48B,0.11,$3.36B,$0.45B,13.26%,$3.36B,$0.14B,4.13%,$3.36B,$0.14B,4.22%,$3.36B,$0.17B,4.93%,$3.36B,$0.13B,3.72%,$3.36B,$0.08B,2.26%,$0.08B,$1.48B,5.49%,$0.08B,$1.43B,5.72%,$0.08B,$2.13B,3.43%,$0.14B,$1.64B,8.88%,$559,$463,$96,$0,$65,$525,$34,$-3,$31,$13,$18,$18,$18,$37,$34,$6,6,$3.19,$3.02,$1352,$371,$0,$1731,$24,$0,$49,$257,$400,$2131,$370,$163,$122,$286,$656,$0,$3649,$0,$1475,$2131,$18,$3,$-427,$-425,$3,$30,$0,$374,$389,$1,$0,$0,$0,$-708,$0,$-708,$0,$-708,$0,$31,$31,$31,$31,$0,$40,$102,$-605,$12,$0
39,2008-12-31,456.25,$248.33,1.84,$623.62,0.73,$141.28,3.23,$16.64,27.42,$1.63B,$0.40B,4.11,$0.16B,$1.37B,0.12,$3.69B,$0.51B,13.84%,$3.69B,$0.18B,4.93%,$3.69B,$0.19B,5.01%,$3.69B,$0.21B,5.69%,$3.69B,$0.17B,4.52%,$3.69B,$0.10B,2.73%,$0.10B,$1.37B,7.64%,$0.10B,$1.33B,7.99%,$0.10B,$2.10B,4.52%,$0.18B,$1.54B,12.04%,$910,$876,$34,$0,$76,$960,$-49,$-3,$-53,$-22,$-30,$-30,$-30,$-33,$-48,$5,6,$-5.86,$-5.14,$1220,$401,$0,$1632,$26,$0,$49,$57,$471,$2103,$397,$163,$169,$332,$729,$0,$3631,$0,$1374,$2103,$101,$25,$-1941,$-1916,$-1,$288,$-157,$2120,$2250,$462,$-5,$0,$0,$0,$0,$0,$0,$-5,$-36,$-39,$-76,$52,$52,$0,$50,$27,$483,$41,$0
40,2008-09-30,572.0,$251.74,2.27,$701.29,0.82,$153.19,3.73,$33.90,16.87,$1.83B,$0.52B,3.49,$0.20B,$1.37B,0.15,$4.21B,$0.68B,16.15%,$4.21B,$0.34B,8.12%,$4.21B,$0.35B,8.22%,$4.21B,$0.36B,8.55%,$4.21B,$0.33B,7.79%,$4.21B,$0.20B,4.70%,$0.20B,$1.37B,15.71%,$0.20B,$1.31B,16.50%,$0.20B,$2.31B,8.77%,$0.34B,$1.57B,23.42%,$939,$806,$133,$0,$75,$875,$64,$-3,$61,$24,$37,$37,$37,$68,$65,$5,6,$6.72,$6.12,$1079,$738,$0,$1827,$28,$0,$61,$392,$481,$2308,$524,$200,$211,$411,$936,$0,$3661,$0,$1372,$2308,$131,$11,$38,$49,$1,$78,$0,$5,$30,$216,$-5,$0,$0,$0,$0,$0,$1,$-4,$0,$7,$7,$44,$44,$0,$38,$89,$301,$30,$0
41,2008-06-30,500.08,$242.62,2.06,$760.39,0.66,$147.05,3.4,$43.04,11.62,$1.65B,$0.56B,2.96,$0.20B,$1.32B,0.15,$4.56B,$0.75B,16.48%,$4.56B,$0.43B,9.36%,$4.56B,$0.43B,9.45%,$4.56B,$0.45B,9.80%,$4.56B,$0.41B,9.05%,$4.56B,$0.25B,5.52%,$0.25B,$1.32B,21.35%,$0.25B,$1.26B,22.51%,$0.25B,$2.31B,11.24%,$0.43B,$1.52B,30.94%,$956,$772,$183,$0,$98,$866,$90,$-3,$86,$35,$51,$51,$51,$94,$91,$5,6,$9.58,$8.64,$1003,$626,$0,$1645,$30,$0,$61,$433,$669,$2314,$555,$200,$243,$443,$998,$0,$3625,$0,$1316,$2314,$95,$7,$-994,$-987,$-5,$63,$-38,$970,$990,$101,$-4,$0,$0,$0,$0,$0,$1,$-3,$0,$33,$33,$40,$40,$0,$33,$106,$204,$18,$0
42,2008-03-31,597.5,$232.15,2.57,$804.52,0.74,$147.94,4.04,$48.54,12.31,$1.50B,$0.52B,2.9,$0.20B,$1.22B,0.16,$4.92B,$0.82B,16.73%,$4.92B,$0.49B,9.91%,$4.92B,$0.49B,9.99%,$4.92B,$0.51B,10.34%,$4.92B,$0.48B,9.65%,$4.92B,$0.29B,5.93%,$0.29B,$1.22B,24.93%,$0.29B,$1.16B,26.29%,$0.29B,$2.21B,12.76%,$0.49B,$1.42B,35.59%,$888,$727,$161,$0,$92,$811,$77,$-3,$73,$30,$43,$43,$43,$81,$77,$5,6,$8.32,$7.42,$860,$631,$0,$1499,$32,$0,$61,$455,$710,$2210,$518,$200,$267,$467,$985,$0,$3573,$0,$1224,$2210,$43,$4,$-464,$-460,$3,$58,$0,$482,$510,$75,$-2,$0,$0,$0,$0,$0,$0,$-2,$0,$-15,$-15,$27,$27,$0,$18,$30,$103,$6,$0
43,2007-12-31,524.0,$219.81,2.38,$820.00,0.64,$146.31,3.58,$54.08,9.69,$1.47B,$0.58B,2.56,$0.20B,$1.13B,0.18,$5.13B,$0.90B,17.61%,$5.13B,$0.55B,10.78%,$5.13B,$0.56B,10.88%,$5.13B,$0.58B,11.21%,$5.13B,$0.54B,10.53%,$5.13B,$0.33B,6.51%,$0.33B,$1.13B,28.33%,$0.33B,$1.07B,29.87%,$0.33B,$2.19B,14.19%,$0.55B,$1.33B,40.10%,$1427,$1224,$203,$0,$98,$1316,$111,$-3,$108,$41,$67,$67,$67,$117,$113,$5,6,$13.19,$11.78,$772,$689,$0,$1471,$34,$0,$61,$237,$723,$2194,$575,$200,$290,$490,$1065,$0,$3530,$0,$1129,$2194,$334,$17,$-2288,$-2271,$3,$45,$-39,$2491,$2500,$559,$-9,$0,$0,$0,$0,$0,$0,$-9,$0,$-70,$-70,$-440,$-440,$0,$69,$-441,$108,$14,$0
44,2007-09-30,470.25,$204.84,2.3,$832.46,0.56,$156.21,3.01,$63.22,7.44,$1.45B,$0.61B,2.36,$0.20B,$1.05B,0.19,$5.33B,$1.03B,19.33%,$5.33B,$0.67B,12.50%,$5.33B,$0.67B,12.59%,$5.33B,$0.69B,12.91%,$5.33B,$0.65B,12.23%,$5.33B,$0.40B,7.54%,$0.40B,$1.05B,33.93%,$0.40B,$0.99B,35.77%,$0.40B,$2.25B,16.59%,$0.67B,$1.25B,48.10%,$1292,$1087,$205,$0,$61,$1143,$149,$-4,$146,$55,$91,$91,$91,$155,$150,$5,6,$17.25,$15.26,$455,$979,$0,$1452,$36,$0,$61,$495,$795,$2247,$614,$200,$380,$580,$1195,$0,$3463,$0,$1052,$2247,$267,$13,$-1658,$-1645,$-4,$-246,$0,$1778,$1574,$181,$-7,$0,$0,$0,$0,$0,$2,$-5,$0,$-42,$-42,$-441,$-441,$0,$68,$-414,$-239,$6,$0
45,2007-06-30,679.75,$228.18,2.98,$851.78,0.8,$162.95,4.17,$67.59,10.06,$1.63B,$0.63B,2.61,$0.20B,$1.28B,0.16,$5.59B,$1.14B,20.39%,$5.59B,$0.73B,13.11%,$5.59B,$0.74B,13.22%,$5.59B,$0.76B,13.51%,$5.59B,$0.72B,12.84%,$5.59B,$0.44B,7.87%,$0.44B,$1.28B,36.87%,$0.44B,$1.22B,38.85%,$0.44B,$2.50B,17.75%,$0.73B,$1.48B,52.60%,$1317,$1062,$255,$0,$110,$1166,$151,$-3,$148,$57,$91,$91,$91,$156,$152,$6,6,$16.19,$14.14,$733,$887,$0,$1633,$37,$0,$61,$573,$870,$2503,$626,$200,$398,$598,$1224,$0,$3372,$0,$1280,$2503,$176,$9,$-1098,$-1089,$-0,$-153,$0,$1136,$1039,$115,$-4,$0,$0,$0,$0,$0,$1,$-3,$0,$-18,$-18,$-143,$-143,$0,$67,$-94,$18,$29,$0
46,2007-03-31,665.0,$233.56,2.85,$904.69,0.74,$162.94,4.08,$81.53,8.16,$1.47B,$0.55B,2.67,$0.20B,$1.26B,0.16,$6.02B,$1.33B,22.09%,$6.02B,$0.90B,14.98%,$6.02B,$0.91B,15.09%,$6.02B,$0.92B,15.34%,$6.02B,$0.88B,14.66%,$6.02B,$0.54B,8.95%,$0.54B,$1.26B,47.98%,$0.54B,$1.19B,50.73%,$0.54B,$2.47B,21.68%,$0.90B,$1.46B,68.15%,$1093,$853,$240,$0,$107,$952,$142,$-3,$138,$53,$85,$85,$85,$147,$143,$6,7,$14.98,$12.96,$659,$802,$0,$1473,$39,$0,$61,$615,$995,$2468,$551,$200,$462,$662,$1213,$0,$3281,$0,$1255,$2468,$85,$4,$-498,$-493,$2,$-69,$0,$567,$518,$73,$-2,$0,$0,$0,$0,$0,$1,$-1,$0,$-75,$-75,$-37,$-37,$0,$40,$-71,$1,$14,$0
47,2006-12-31,645.0,$208.78,3.09,$914.69,0.71,$143.68,4.49,$88.05,7.33,$1.48B,$0.71B,2.08,$0.20B,$1.15B,0.17,$6.13B,$1.43B,23.38%,$6.13B,$0.99B,16.06%,$6.13B,$0.99B,16.17%,$6.13B,$1.01B,16.40%,$6.13B,$0.96B,15.70%,$6.13B,$0.59B,9.57%,$0.59B,$1.15B,58.51%,$0.59B,$1.09B,62.30%,$0.59B,$2.47B,23.90%,$0.99B,$1.35B,81.86%,$1627,$1297,$330,$0,$114,$1404,$224,$-4,$220,$85,$135,$135,$135,$230,$226,$6,7,$24.53,$20.86,$735,$734,$0,$1480,$42,$0,$61,$445,$993,$2474,$712,$200,$410,$610,$1322,$0,$3196,$0,$1152,$2474,$587,$14,$-2606,$-2592,$28,$60,$-59,$2650,$2679,$683,$-23,$0,$0,$0,$0,$0,$0,$-23,$0,$-107,$-107,$-271,$-271,$0,$96,$-282,$379,$58,$0
