,Date,Stock Price,Book Value per Share,Price to Book Ratio,TTM Sales per Share,Price to Sales Ratio,TTM FCF per Share,Price to FCF Ratio,TTM Net EPS,PE Ratio,Current Assets,Current Liabilities,Current Ratio,Long Term Debt,Shareholder's Equity_x,Debt to Equity Ratio,TTM Revenue_x,TTM Gross Profit,Gross Margin,TTM Revenue_y,TTM Operating Income,Operating Margin,TTM Revenue_x,TTM EBIT,EBIT Margin,TTM Revenue_y,TTM EBITDA,EBITDA Margin,TTM Revenue_x,TTM Pre-Tax Income,Pre-Tax Margin,TTM Revenue_y,TTM Net Income_x,Net Margin,TTM Net Income_y,Shareholder's Equity_y,Return on Equity,TTM Net Income_x,Tangible Equity,Return on Tangible Equity,TTM Net Income_y,Total Assets,Return on Assets,TTM Net Income,LT Investments & Debt,Return on Investment,revenue,cost-goods-sold,gross-profit,research-development-expenses,selling-general-administrative-expenses,operating-expenses,operating-income,total-non-operating-income-expense,pre-tax-income,total-provision-income-taxes,income-after-taxes,income-from-continuous-operations,net-income,ebitda,ebit,basic-shares-outstanding,shares-outstanding,eps-basic-net-earnings-per-share,eps-earnings-per-share-diluted,cash-on-hand,inventory,other-current-assets,total-current-assets,net-property-plant-equipment,long-term-investments,goodwill-intangible-assets-total,other-long-term-assets,total-long-term-assets,total-assets,total-current-liabilities,long-term-debt,other-non-current-liabilities,total-long-term-liabilities,total-liabilities,common-stock-net,retained-earnings-accumulated-deficit,comprehensive-income,total-share-holder-equity,total-liabilities-share-holders-equity,net-income-loss,total-depreciation-amortization-cash-flow,other-non-cash-items,total-non-cash-items,change-in-accounts-receivable,change-in-inventories,change-in-accounts-payable,change-in-assets-liabilities,total-change-in-assets-liabilities,cash-flow-from-operating-activities,net-change-in-property-plant-equipment,net-change-in-intangible-assets,net-acquisitions-divestitures,net-change-in-short-term-investments,net-change-in-long-term-investments,net-change-in-investments-total,investing-activities-other,cash-flow-from-investing-activities,net-long-term-debt,net-current-debt,debt-issuance-retirement-net-total,net-common-equity-issued-repurchased,net-total-equity-issued-repurchased,total-common-preferred-stock-dividends-paid,financial-activities-other,cash-flow-from-financial-activities,net-cash-flow,stock-based-compensation,common-stock-dividends-paid
0,2018-09-30,86.16,$0.00,0.0,$22.54,3.82,$12.21,7.06,$5.70,15.12,$34.11B,$28.33B,1.2,$22.61B,$78.02B,0.29,$52.67B,$34.70B,65.88%,$52.67B,$8.94B,16.97%,$52.67B,$8.94B,16.97%,$52.67B,$10.66B,20.25%,$52.67B,$14.87B,28.24%,$52.67B,$13.39B,25.43%,$13.39B,$78.02B,17.83%,$13.39B,$5.03B,216.33%,$13.39B,$142.99B,9.68%,$8.94B,$100.62B,9.12%,$13121,$4649,$8472,$2279,$3951,$11182,$1939,$4,$1943,$319,$1624,$1624,$1623,$1939,$1939,$2315,2338,$0.70,$0.69,$14710,$6952,$2790,$34113,$15745,$10807,$72989,$1178,$108881,$142994,$28327,$22605,$6391,$36648,$64975,$944,$77063,$0,$78019,$142994,$11420,$4842,$-3914,$928,$0,$0,$0,$-598,$-1842,$10506,$-1068,$-621,$1044,$32,$-24,$8,$-19,$-656,$2490,$1204,$3694,$-1787,$-1787,$-6966,$362,$-4697,$5140,$0,$-6966
1,2018-06-30,75.54,$33.12,2.28,$22.30,3.39,$11.65,6.48,$5.89,12.83,$32.07B,$27.94B,1.15,$22.76B,$76.90B,0.3,$52.24B,$34.59B,66.22%,$52.24B,$9.36B,17.91%,$52.24B,$9.36B,17.91%,$52.24B,$11.08B,21.21%,$52.24B,$15.37B,29.41%,$52.24B,$13.85B,26.51%,$13.85B,$76.90B,18.80%,$13.85B,$2.29B,187.47%,$13.85B,$142.06B,10.15%,$9.36B,$99.66B,9.67%,$13452,$4477,$8975,$2276,$4193,$10968,$2484,$5735,$8219,$451,$7768,$7768,$7768,$2484,$2484,$2327,2346,$3.34,$3.31,$13146,$7097,$2833,$32065,$15957,$10359,$74610,$843,$109993,$142058,$27943,$22760,$6823,$37214,$65157,$944,$75934,$0,$76901,$142058,$9796,$0,$-1441,$-1441,$0,$0,$0,$-916,$-1899,$6456,$-639,$-313,$1141,$68,$-18,$50,$-9,$230,$2491,$1801,$4292,$-774,$-774,$-6966,$372,$-3076,$3586,$0,$-6966
2,2018-03-31,80.85,$30.55,2.65,$21.83,3.7,$11.27,7.18,$3.41,23.71,$33.05B,$28.22B,1.17,$23.20B,$71.21B,0.33,$51.28B,$33.85B,66.02%,$51.28B,$9.15B,17.85%,$51.28B,$9.15B,17.85%,$51.28B,$10.88B,21.21%,$51.28B,$9.46B,18.45%,$51.28B,$8.06B,15.72%,$8.06B,$71.21B,11.21%,$8.06B,$4.96B,94.41%,$8.06B,$135.52B,6.00%,$9.15B,$94.41B,9.63%,$12929,$4355,$8574,$2120,$3923,$10482,$2447,$-38,$2409,$381,$2028,$2028,$2025,$2447,$2447,$2326,2347,$0.87,$0.86,$6422,$7227,$2829,$33051,$16677,$10521,$66250,$818,$102473,$135524,$28223,$23199,$6955,$36090,$64313,$969,$70222,$0,$71211,$135524,$2028,$0,$2138,$2138,$0,$0,$0,$-1185,$-1652,$2514,$-314,$-245,$-3508,$12,$-36,$-24,$-4,$-4095,$2765,$2539,$5304,$258,$258,$-6966,$-142,$-1546,$-3047,$0,$-6966
3,2017-12-31,81.04,$0.00,0.0,$21.26,3.81,$11.05,7.34,$3.25,24.94,$28.21B,$23.40B,1.21,$23.22B,$74.23B,0.31,$50.14B,$32.96B,65.74%,$50.14B,$8.63B,17.21%,$50.14B,$8.63B,17.21%,$50.14B,$10.35B,20.65%,$50.14B,$9.00B,17.95%,$50.14B,$7.70B,15.36%,$7.70B,$74.23B,10.84%,$7.70B,$12.48B,90.31%,$7.70B,$133.08B,5.77%,$8.63B,$97.45B,9.17%,$13164,$4489,$8675,$2502,$4041,$11094,$2070,$231,$2301,$325,$1976,$1976,$1976,$3794,$2070,$2317,2317,$0.85,$0.84,$9485,$6867,$3054,$28208,$16464,$17613,$61747,$818,$104871,$133079,$23403,$23224,$7057,$35449,$58852,$969,$73299,$0,$74227,$133079,$7703,$6332,$830,$7162,$-204,$-247,$58,$-240,$-2244,$12621,$-1604,$-410,$-895,$-31,$-138,$-169,$-41,$-3119,$4745,$-755,$3990,$-5490,$-5490,$-6495,$262,$-7733,$1853,$0,$-6495
4,2017-09-30,82.87,$0.00,0.0,$20.89,3.97,$10.41,7.96,$2.81,29.49,$27.47B,$25.38B,1.08,$23.16B,$0.00B,0.0,$49.58B,$32.40B,65.36%,$49.58B,$8.01B,16.16%,$49.58B,$8.01B,16.16%,$49.58B,$9.85B,19.86%,$49.58B,$7.78B,15.68%,$49.58B,$6.68B,13.48%,$6.68B,$72.37B,9.38%,$6.68B,$9.82B,78.15%,$6.68B,$134.97B,5.04%,$8.01B,$95.53B,8.62%,$12692,$4323,$8369,$2239,$3678,$10335,$2357,$79,$2436,$353,$2083,$2083,$2081,$2357,$2357,$2335,2359,$0.89,$0.88,$9421,$6954,$2609,$27466,$16263,$0,$62551,$28692,$107506,$134972,$25379,$23163,$14060,$37223,$62602,$0,$0,$0,$72370,$134972,$5727,$4608,$1064,$5672,$0,$0,$0,$-1061,$-2186,$9213,$-996,$-178,$-856,$-24,$-18,$-42,$-51,$-2123,$4745,$694,$5439,$-4564,$-4564,$-6495,$283,$-5337,$1803,$0,$-6495
5,2017-06-30,80.57,$29.87,2.7,$20.65,3.9,$9.80,8.22,$2.74,29.4,$26.54B,$26.15B,1.02,$23.00B,$0.00B,0.0,$49.23B,$32.01B,65.02%,$49.23B,$7.93B,16.10%,$49.23B,$7.93B,16.10%,$49.23B,$11.27B,22.89%,$49.23B,$7.61B,15.47%,$49.23B,$6.54B,13.29%,$6.54B,$69.98B,9.10%,$6.54B,$6.90B,74.24%,$6.54B,$133.75B,4.94%,$7.93B,$92.98B,8.58%,$12494,$4258,$8236,$2062,$3806,$10214,$2280,$35,$2315,$336,$1979,$1979,$1980,$2280,$2280,$2354,2373,$0.84,$0.83,$8437,$6901,$2820,$26538,$16206,$27926,$63079,$0,$107211,$133749,$26146,$22999,$14626,$37625,$63771,$0,$0,$0,$69978,$133749,$3644,$0,$4114,$4114,$0,$0,$0,$-1227,$-2131,$5627,$-660,$-48,$-712,$-7,$31,$24,$-42,$-1438,$4745,$1270,$6015,$-3168,$-3168,$-6495,$248,$-3400,$849,$0,$-6495
6,2017-03-31,71.69,$28.60,2.51,$20.66,3.47,$9.55,7.5,$2.66,26.95,$25.77B,$26.33B,0.98,$22.93B,$0.00B,0.0,$49.41B,$32.00B,64.76%,$49.41B,$7.74B,15.66%,$49.41B,$7.74B,15.66%,$49.41B,$12.55B,25.39%,$49.41B,$7.41B,15.00%,$49.41B,$6.37B,12.89%,$6.37B,$67.65B,8.78%,$6.37B,$4.92B,70.46%,$6.37B,$131.99B,4.83%,$7.74B,$90.58B,8.47%,$11785,$4105,$7680,$2169,$3472,$9863,$1922,$25,$1947,$282,$1665,$1665,$1666,$1922,$1922,$2372,2389,$0.70,$0.70,$8237,$6583,$2712,$25766,$15772,$0,$62726,$27722,$106220,$131986,$26330,$22933,$15077,$38010,$64340,$0,$0,$0,$67646,$131986,$1665,$0,$2226,$2226,$0,$0,$0,$-1409,$-1846,$2045,$-335,$-7,$-706,$-15,$9,$-6,$-47,$-1101,$4930,$2304,$7234,$-1058,$-1058,$-6495,$-69,$-388,$565,$0,$-6495
7,2016-12-31,67.87,$31.55,2.15,$20.66,3.29,$9.54,7.11,$2.80,24.24,$24.93B,$22.21B,1.12,$17.90B,$74.89B,0.24,$49.44B,$31.92B,64.56%,$49.44B,$8.27B,16.72%,$49.44B,$8.27B,16.72%,$49.44B,$14.44B,29.22%,$49.44B,$7.82B,15.81%,$49.44B,$6.71B,13.58%,$6.71B,$74.89B,9.12%,$6.71B,$12.57B,72.06%,$6.71B,$130.12B,5.08%,$8.27B,$92.79B,9.10%,$12606,$4489,$8117,$2584,$3838,$11151,$1455,$-377,$1078,$142,$936,$936,$957,$3287,$1455,$2374,2374,$0.40,$0.40,$7777,$6255,$2541,$24931,$15641,$16500,$62320,$698,$105193,$130124,$22209,$17897,$8470,$33024,$55233,$972,$73936,$0,$74891,$130124,$6698,$6175,$2326,$8501,$-229,$-235,$-587,$-562,$-3724,$11475,$-1701,$-170,$-1513,$92,$0,$92,$-149,$-3441,$239,$1816,$2055,$-1109,$-1109,$-6475,$215,$-5314,$2333,$0,$-6475
8,2016-09-30,73.57,$31.60,2.33,$20.67,3.56,$9.49,7.75,$2.84,25.91,$25.88B,$24.60B,1.05,$18.26B,$75.07B,0.24,$49.63B,$32.05B,64.58%,$49.63B,$8.49B,17.11%,$49.63B,$8.49B,17.11%,$49.63B,$12.83B,25.86%,$49.63B,$7.87B,15.86%,$49.63B,$6.81B,13.72%,$6.81B,$75.07B,9.18%,$6.81B,$10.86B,74.79%,$6.81B,$134.01B,5.14%,$8.49B,$93.33B,9.33%,$12341,$4368,$7973,$2224,$3400,$10072,$2269,$5,$2274,$329,$1945,$1945,$1940,$3777,$2269,$2401,2401,$0.81,$0.81,$7785,$6773,$2778,$25883,$16199,$0,$64202,$27723,$108124,$134007,$24604,$18259,$16078,$34337,$58941,$0,$0,$0,$75066,$134007,$5762,$4343,$1593,$5936,$0,$0,$0,$-2494,$-3814,$7884,$-986,$-154,$-1052,$89,$-265,$-176,$0,$-2368,$0,$4163,$4163,$-690,$-690,$-6475,$-9,$-3011,$2500,$0,$-6475
9,2016-06-30,76.88,$30.46,2.52,$20.66,3.72,$9.48,8.11,$2.80,27.46,$23.72B,$26.27B,0.9,$16.28B,$72.53B,0.22,$49.78B,$32.18B,64.64%,$49.78B,$8.46B,16.99%,$49.78B,$8.46B,16.99%,$49.78B,$12.65B,25.40%,$49.78B,$7.77B,15.60%,$49.78B,$6.76B,13.57%,$6.76B,$72.53B,9.06%,$6.76B,$7.79B,74.41%,$6.76B,$131.44B,5.12%,$8.46B,$88.81B,9.37%,$12679,$4451,$8228,$2190,$3649,$10586,$2093,$20,$2113,$307,$1806,$1806,$1804,$3559,$2093,$2381,2401,$0.76,$0.75,$5740,$6674,$2702,$23722,$16067,$0,$64743,$26904,$107714,$131436,$26271,$16276,$16357,$32633,$58904,$0,$0,$0,$72532,$131436,$3817,$2835,$1376,$4211,$0,$0,$0,$-2394,$-3375,$4653,$-214,$-551,$-885,$34,$0,$34,$0,$-1616,$0,$4081,$4081,$-280,$-280,$-6475,$5,$-2669,$362,$0,$-6475
10,2016-03-31,67.5,$30.19,2.24,$20.64,3.27,$9.27,7.28,$2.80,24.11,$22.99B,$27.82B,0.83,$16.47B,$71.89B,0.23,$50.00B,$32.36B,64.72%,$50.00B,$8.64B,17.29%,$50.00B,$8.64B,17.29%,$50.00B,$12.88B,25.75%,$50.00B,$7.81B,15.62%,$50.00B,$6.79B,13.58%,$6.79B,$71.89B,8.91%,$6.79B,$6.03B,67.65%,$6.79B,$132.45B,5.10%,$8.64B,$88.35B,9.49%,$11810,$4212,$7598,$2041,$3305,$9359,$2451,$-99,$2352,$341,$2011,$2011,$2011,$3820,$2451,$2379,2398,$0.85,$0.84,$5086,$6630,$2813,$22993,$16248,$0,$65856,$27351,$109455,$132448,$27817,$16465,$16277,$32742,$60559,$0,$0,$0,$71889,$132448,$2011,$1369,$825,$2194,$0,$0,$0,$-2144,$-2663,$1542,$144,$-324,$-622,$30,$0,$30,$0,$-772,$0,$5661,$5661,$-184,$-184,$-6475,$-29,$-1027,$-217,$0,$-6475
11,2015-12-31,77.2,$32.49,2.38,$20.70,3.73,$9.19,8.4,$7.28,10.6,$22.85B,$23.71B,0.96,$16.33B,$77.12B,0.21,$50.39B,$32.98B,65.46%,$50.39B,$8.98B,17.82%,$50.39B,$8.98B,17.82%,$50.39B,$13.12B,26.04%,$50.39B,$8.13B,16.14%,$50.39B,$17.78B,35.29%,$17.78B,$77.12B,23.01%,$17.78B,$11.73B,164.59%,$17.78B,$131.56B,13.30%,$8.98B,$93.45B,9.78%,$12804,$4549,$8255,$2472,$3885,$11127,$1677,$-546,$1131,$77,$1054,$1054,$1054,$1677,$1677,$2403,2403,$0.45,$0.45,$5447,$6226,$2992,$22845,$15982,$17780,$65391,$601,$108711,$131556,$23708,$16327,$8044,$30726,$54434,$991,$76156,$0,$77122,$131556,$7028,$0,$9393,$9393,$0,$0,$0,$-2070,$-4524,$11897,$-2130,$-517,$-7625,$-333,$-98,$-431,$-81,$-10784,$1510,$451,$1961,$-6071,$-6071,$-6647,$1581,$-9176,$-8349,$0,$-6647
12,2015-09-30,82.47,$32.05,2.57,$20.88,3.95,$9.80,8.42,$7.45,11.07,$24.05B,$28.16B,0.85,$13.41B,$76.79B,0.18,$50.94B,$33.67B,66.09%,$50.94B,$9.65B,18.95%,$50.94B,$9.65B,18.95%,$50.94B,$13.80B,27.09%,$50.94B,$9.76B,19.16%,$50.94B,$18.22B,35.77%,$18.22B,$76.79B,24.06%,$18.22B,$10.77B,148.16%,$18.22B,$132.93B,13.79%,$9.65B,$90.20B,10.78%,$12485,$4388,$8097,$2190,$3463,$10251,$2234,$-65,$2169,$357,$1812,$1812,$1888,$3589,$2234,$2405,2438,$0.79,$0.77,$6064,$6562,$2924,$24045,$15796,$0,$66014,$27072,$108882,$132927,$28158,$13412,$14572,$27984,$56142,$0,$0,$0,$76785,$132927,$5974,$4146,$2764,$6910,$0,$0,$0,$-3218,$-5144,$7740,$-748,$-923,$-7277,$-146,$0,$-146,$0,$-9094,$0,$2692,$2692,$-2417,$-2417,$-6643,$-33,$-6401,$-7695,$0,$-6643
13,2015-06-30,88.23,$0.00,0.0,$21.16,4.17,$9.89,8.92,$7.99,11.04,$24.75B,$29.39B,0.84,$13.30B,$78.83B,0.17,$51.75B,$34.45B,66.56%,$51.75B,$10.16B,19.62%,$51.75B,$10.16B,19.62%,$51.75B,$14.11B,27.27%,$51.75B,$11.12B,21.49%,$51.75B,$19.56B,37.79%,$19.56B,$78.83B,26.29%,$19.56B,$11.60B,139.93%,$19.56B,$135.41B,15.01%,$10.16B,$92.13B,11.54%,$12896,$4487,$8409,$2206,$3617,$10615,$2281,$-125,$2156,$300,$1856,$1856,$1836,$3790,$2281,$2418,2451,$0.76,$0.75,$5875,$6614,$3222,$24746,$15870,$0,$67228,$27569,$110667,$135413,$29389,$13301,$13891,$27192,$56581,$0,$0,$0,$78832,$135413,$4162,$2791,$1887,$4678,$0,$0,$0,$-3124,$-4226,$4614,$-600,$-722,$-6909,$-110,$0,$-110,$0,$-8341,$0,$3020,$3020,$-542,$-542,$-6643,$-40,$-4205,$-7805,$0,$-6643
14,2015-03-31,88.48,$31.58,2.8,$21.55,4.11,$9.98,8.86,$8.27,10.7,$25.71B,$29.05B,0.89,$14.83B,$76.44B,0.19,$52.81B,$35.61B,67.44%,$52.81B,$11.06B,20.94%,$52.81B,$11.06B,20.94%,$52.81B,$14.68B,27.81%,$52.81B,$12.11B,22.94%,$52.81B,$20.27B,38.39%,$20.27B,$76.44B,28.04%,$20.27B,$9.11B,135.52%,$20.27B,$134.94B,15.86%,$11.06B,$91.28B,12.88%,$12202,$3980,$8222,$2067,$3282,$9417,$2785,$-107,$2678,$372,$2306,$2306,$13005,$4067,$2785,$2409,2446,$5.40,$5.32,$7363,$6271,$3065,$25710,$15421,$0,$67331,$26473,$109225,$134935,$29053,$14834,$14604,$29438,$58491,$0,$0,$0,$76444,$134935,$2306,$1282,$1345,$2627,$0,$0,$0,$-2651,$-3229,$1704,$-185,$-246,$-6131,$5,$0,$5,$0,$-6557,$0,$4998,$4998,$82,$82,$-6643,$-192,$-1755,$-6550,$0,$-6643
15,2014-12-31,80.86,$29.54,2.74,$21.81,3.71,$9.74,8.3,$4.14,19.53,$37.56B,$26.97B,1.39,$13.80B,$70.84B,0.2,$53.63B,$36.29B,67.66%,$53.63B,$11.09B,20.68%,$53.63B,$11.09B,20.68%,$53.63B,$14.55B,27.13%,$53.63B,$12.27B,22.88%,$53.63B,$10.21B,19.04%,$10.21B,$70.84B,14.42%,$10.21B,$17.70B,65.28%,$10.21B,$125.39B,8.14%,$11.09B,$84.64B,13.14%,$13354,$4416,$8938,$2537,$3965,$11003,$2351,$405,$2756,$308,$2448,$2448,$1491,$2351,$2351,$2426,2426,$0.62,$0.60,$13862,$6093,$2530,$37561,$15983,$10152,$53143,$554,$87826,$125387,$26973,$13799,$7672,$27570,$54543,$1001,$69868,$0,$70844,$125387,$10727,$0,$7099,$7099,$0,$0,$0,$-1750,$-3929,$13897,$-2564,$-534,$558,$1917,$1562,$3479,$-58,$881,$3425,$-107,$3318,$-6915,$-6915,$-6950,$2400,$-8147,$6336,$0,$-6950
16,2014-09-30,82.14,$29.53,2.78,$21.28,3.86,$9.23,8.9,$4.35,18.88,$36.79B,$26.62B,1.38,$12.67B,$0.00B,0.0,$52.60B,$35.92B,68.27%,$52.60B,$11.23B,21.36%,$52.60B,$11.23B,21.36%,$52.60B,$15.91B,30.24%,$52.60B,$11.96B,22.74%,$52.60B,$10.75B,20.43%,$10.75B,$71.42B,14.99%,$10.75B,$17.48B,71.10%,$10.75B,$125.38B,8.55%,$11.23B,$84.09B,13.27%,$13300,$4421,$8879,$2161,$3565,$10561,$2739,$793,$3532,$430,$3102,$3102,$3223,$3906,$2739,$2422,2460,$1.33,$1.31,$10427,$6512,$2755,$36788,$15905,$0,$53944,$18740,$88589,$125377,$26616,$12670,$14667,$27337,$53953,$0,$0,$0,$71424,$125377,$8279,$3460,$1539,$4999,$0,$0,$0,$-2966,$-4586,$8692,$-1421,$-775,$1040,$2956,$0,$2956,$0,$1800,$0,$2161,$2161,$-2616,$-2616,$-6810,$-140,$-7405,$2954,$0,$-6810
17,2014-06-30,79.0,$29.07,2.72,$21.08,3.75,$9.17,8.62,$3.94,20.05,$34.97B,$27.56B,1.27,$12.87B,$0.00B,0.0,$52.21B,$35.82B,68.60%,$52.21B,$11.05B,21.17%,$52.21B,$11.05B,21.17%,$52.21B,$15.65B,29.98%,$52.21B,$10.92B,20.91%,$52.21B,$9.76B,18.69%,$9.76B,$70.52B,13.57%,$9.76B,$15.55B,70.38%,$9.76B,$125.77B,7.78%,$11.05B,$83.39B,13.08%,$13949,$4378,$9571,$2178,$3826,$10765,$3184,$-37,$3147,$424,$2723,$2723,$2555,$4359,$3184,$2436,2471,$1.05,$1.03,$7335,$6880,$3515,$34973,$16434,$0,$54969,$19392,$90795,$125768,$27556,$12874,$14821,$27695,$55251,$0,$0,$0,$70517,$125768,$5177,$2293,$2074,$4367,$0,$0,$0,$-3062,$-4288,$5256,$-967,$-444,$21,$1879,$0,$1879,$0,$489,$0,$2447,$2447,$-1860,$-1860,$-6810,$-102,$-6325,$110,$0,$-6810
18,2014-03-31,74.19,$28.74,2.58,$20.77,3.57,$8.84,8.4,$3.94,18.83,$29.69B,$24.76B,1.2,$15.20B,$0.00B,0.0,$51.54B,$35.44B,68.76%,$51.54B,$10.90B,21.15%,$51.54B,$10.90B,21.15%,$51.54B,$15.29B,29.66%,$51.54B,$10.81B,20.96%,$51.54B,$9.72B,18.85%,$9.72B,$70.34B,13.56%,$9.72B,$11.84B,78.45%,$9.72B,$125.33B,7.82%,$10.90B,$85.54B,12.99%,$13031,$4130,$8901,$2210,$3637,$10216,$2815,$22,$2837,$383,$2454,$2454,$2941,$3933,$2815,$2440,2479,$1.21,$1.19,$7721,$7860,$3783,$29688,$18278,$0,$58501,$18865,$95644,$125332,$24760,$15202,$15034,$30236,$54996,$0,$0,$0,$70336,$125332,$2454,$1118,$952,$2070,$0,$0,$0,$-2501,$-3183,$1341,$-400,$-126,$1464,$1885,$0,$1885,$0,$2823,$0,$3191,$3191,$10,$10,$-6810,$-78,$-3687,$483,$0,$-6810
19,2013-12-31,67.88,$30.70,2.21,$21.25,3.19,$9.04,7.5,$3.72,18.25,$30.54B,$26.37B,1.16,$11.24B,$74.47B,0.15,$52.72B,$36.14B,68.55%,$52.72B,$10.98B,20.83%,$52.72B,$10.98B,20.83%,$52.72B,$15.45B,29.30%,$52.72B,$10.81B,20.50%,$52.72B,$9.18B,17.40%,$9.18B,$74.47B,12.95%,$9.18B,$15.61B,82.69%,$9.18B,$126.25B,7.45%,$10.98B,$85.71B,13.35%,$12324,$3760,$8564,$2311,$3565,$9828,$2496,$-50,$2446,$305,$2141,$2141,$2029,$3707,$2496,$2441,2479,$0.84,$0.82,$9222,$7267,$3392,$30542,$18197,$10748,$58867,$525,$95712,$126254,$26368,$11242,$7268,$25414,$51782,$1001,$73431,$0,$74472,$126254,$9309,$4462,$3182,$7644,$0,$0,$0,$-1725,$-3779,$13174,$-2855,$-379,$-175,$-29,$109,$80,$-23,$-3352,$-1929,$596,$-1333,$-1233,$-1233,$-6100,$-103,$-8769,$1135,$0,$-6100
20,2013-09-30,64.78,$29.64,2.19,$20.16,3.21,$9.72,6.67,$3.73,17.37,$28.77B,$25.81B,1.12,$11.12B,$0.00B,0.0,$49.87B,$34.85B,69.89%,$49.87B,$11.20B,22.46%,$49.87B,$11.20B,22.46%,$49.87B,$14.45B,28.98%,$49.87B,$11.02B,22.10%,$49.87B,$9.13B,18.31%,$9.13B,$72.18B,13.13%,$9.13B,$12.47B,99.75%,$9.13B,$124.59B,7.44%,$11.20B,$83.30B,13.73%,$12906,$4126,$8780,$2216,$3674,$10348,$2558,$-70,$2488,$329,$2159,$2159,$2232,$3655,$2558,$2442,2480,$0.91,$0.90,$7339,$7516,$3413,$28770,$17575,$0,$59712,$18537,$95824,$124594,$25812,$11119,$15484,$26603,$52415,$0,$0,$0,$72179,$124594,$7294,$3251,$2333,$5584,$0,$0,$0,$-2609,$-4154,$8724,$-1562,$-447,$-131,$1443,$0,$1443,$0,$-697,$0,$-587,$-587,$-526,$-526,$-6100,$-38,$-7251,$811,$0,$-6100
21,2013-06-30,59.71,$28.45,2.1,$20.70,2.89,$10.22,5.84,$3.84,15.55,$26.85B,$24.39B,1.1,$11.62B,$0.00B,0.0,$51.00B,$35.54B,69.68%,$51.00B,$11.59B,22.73%,$51.00B,$11.59B,22.73%,$51.00B,$14.98B,29.37%,$51.00B,$11.32B,22.18%,$51.00B,$9.29B,18.21%,$9.29B,$69.63B,13.60%,$9.29B,$9.65B,126.25%,$9.29B,$121.07B,7.62%,$11.59B,$81.24B,14.22%,$13280,$4087,$9193,$2247,$3784,$10247,$3033,$1,$3034,$447,$2587,$2587,$2516,$3993,$3033,$2453,2490,$1.03,$1.01,$5250,$7263,$3540,$26845,$16832,$0,$59983,$17412,$94227,$121072,$24388,$11615,$15441,$27056,$51444,$0,$0,$0,$69628,$121072,$5135,$2154,$1608,$3762,$0,$0,$0,$-3373,$-4499,$4398,$-894,$-327,$-32,$1350,$0,$1350,$0,$97,$0,$-213,$-213,$471,$471,$-6100,$-17,$-5859,$-1475,$0,$-6100
22,2013-03-31,60.16,$27.33,2.2,$21.32,2.82,$10.73,5.61,$3.92,15.35,$26.80B,$26.37B,1.02,$11.61B,$0.00B,0.0,$52.26B,$36.28B,69.41%,$52.26B,$11.67B,22.32%,$52.26B,$11.67B,22.32%,$52.26B,$15.29B,29.25%,$52.26B,$11.42B,21.84%,$52.26B,$9.42B,18.03%,$9.42B,$67.15B,14.07%,$9.42B,$6.66B,160.62%,$9.42B,$121.01B,7.77%,$11.67B,$78.76B,14.46%,$14206,$4606,$9600,$2297,$4218,$11310,$2896,$-57,$2839,$417,$2422,$2422,$2398,$4090,$2896,$2441,2473,$0.98,$0.97,$6035,$7021,$3255,$26795,$16585,$0,$60485,$17146,$94216,$121011,$26369,$11610,$15884,$27494,$53863,$0,$0,$0,$67148,$121011,$2422,$1194,$988,$2182,$0,$0,$0,$-2279,$-2776,$1828,$-377,$-153,$0,$1226,$0,$1226,$0,$696,$0,$1699,$1699,$1215,$1215,$-6106,$-148,$-3340,$-846,$0,$-6106
23,2012-12-31,51.5,$28.61,1.8,$21.29,2.42,$11.07,4.65,$3.90,13.21,$28.00B,$24.05B,1.16,$13.78B,$69.26B,0.2,$51.97B,$36.11B,69.47%,$51.97B,$11.51B,22.14%,$51.97B,$11.51B,22.14%,$51.97B,$15.08B,29.01%,$51.97B,$11.24B,21.62%,$51.97B,$9.27B,17.84%,$9.27B,$69.26B,14.05%,$9.27B,$7.84B,202.71%,$9.27B,$124.19B,7.67%,$11.51B,$83.04B,14.33%,$9478,$2197,$7281,$1877,$2467,$6763,$2715,$-54,$2661,$492,$2169,$2169,$1985,$2715,$2715,$2418,2445,$0.82,$0.80,$8119,$6744,$3090,$28004,$16939,$9957,$61421,$505,$96187,$124191,$24051,$13781,$9810,$30877,$54928,$1001,$68228,$0,$69263,$124191,$9530,$0,$5953,$5953,$0,$0,$0,$-1289,$-1289,$14194,$-2376,$-197,$-1993,$-1123,$54,$-1069,$-40,$-5675,$1275,$-1737,$-462,$-97,$-97,$-6030,$-86,$-6675,$1843,$0,$-6030
24,2012-09-30,49.84,$27.78,1.79,$23.63,2.11,$11.30,4.41,$3.55,14.04,$26.15B,$21.86B,1.2,$15.82B,$67.21B,0.24,$57.49B,$38.70B,67.32%,$57.49B,$9.89B,17.21%,$57.49B,$9.89B,17.21%,$57.49B,$15.43B,26.83%,$57.49B,$9.62B,16.73%,$57.49B,$8.29B,14.41%,$8.29B,$67.21B,12.72%,$8.29B,$5.28B,228.95%,$8.29B,$121.22B,6.95%,$9.89B,$83.03B,12.44%,$14039,$4575,$9464,$2191,$4086,$11091,$2948,$-167,$2781,$364,$2417,$2417,$2390,$4180,$2948,$2419,2445,$0.99,$0.98,$5801,$6845,$2983,$26148,$16182,$0,$61924,$16965,$95071,$121219,$21859,$15823,$16332,$32155,$54014,$0,$0,$0,$67205,$121219,$7361,$3570,$2487,$6057,$0,$0,$0,$-2158,$-3851,$9567,$-1282,$-415,$-1558,$116,$0,$116,$0,$-3139,$0,$649,$649,$-97,$-97,$-6030,$-53,$-5531,$882,$0,$-6030
25,2012-06-30,45.48,$26.57,1.71,$24.02,1.89,$11.55,3.94,$3.55,12.81,$26.12B,$24.92B,1.05,$13.75B,$64.24B,0.21,$58.48B,$39.48B,67.51%,$58.48B,$9.89B,16.92%,$58.48B,$9.89B,16.92%,$58.48B,$15.62B,26.71%,$58.48B,$9.75B,16.66%,$58.48B,$8.36B,14.30%,$8.36B,$64.24B,12.89%,$8.36B,$3.68B,281.75%,$8.36B,$118.49B,7.01%,$9.89B,$78.00B,12.57%,$14541,$4610,$9931,$2285,$4350,$11433,$3108,$27,$3135,$460,$2675,$2675,$2648,$4302,$3108,$2421,2441,$1.09,$1.09,$6106,$6420,$3109,$26122,$15584,$0,$60566,$16220,$92370,$118492,$24920,$13754,$15577,$29331,$54251,$0,$0,$0,$64241,$118492,$4944,$2338,$1897,$4235,$0,$0,$0,$-2359,$-3678,$5501,$-812,$-322,$-43,$9,$0,$9,$0,$-1168,$0,$2704,$2704,$-61,$-61,$-6030,$-27,$-3414,$889,$0,$-6030
26,2012-03-31,45.08,$26.09,1.73,$24.30,1.86,$11.77,3.83,$3.55,12.7,$25.79B,$27.36B,0.94,$13.90B,$63.20B,0.22,$59.07B,$40.06B,67.82%,$59.07B,$10.11B,17.11%,$59.07B,$10.11B,17.11%,$59.07B,$16.03B,27.13%,$59.07B,$9.86B,16.69%,$59.07B,$8.42B,14.25%,$8.42B,$63.20B,12.83%,$8.42B,$1.49B,330.79%,$8.42B,$119.41B,6.95%,$10.11B,$77.10B,12.72%,$13913,$4484,$9429,$2235,$4214,$11177,$2736,$-77,$2659,$390,$2269,$2269,$2247,$3880,$2736,$2415,2435,$0.93,$0.92,$5388,$6458,$3336,$25787,$16012,$0,$61707,$15905,$93624,$119411,$27356,$13896,$14958,$28854,$56210,$0,$0,$0,$63201,$119411,$2269,$1144,$1309,$2453,$0,$0,$0,$-1859,$-2206,$2516,$-248,$-212,$0,$15,$0,$15,$0,$-445,$0,$4183,$4183,$211,$211,$-6010,$-126,$-1742,$332,$0,$-6010
27,2011-12-31,44.52,$27.40,1.63,$24.76,1.8,$11.58,3.85,$3.80,11.72,$24.08B,$23.15B,1.04,$13.86B,$65.94B,0.21,$59.38B,$40.39B,68.03%,$59.38B,$10.78B,18.16%,$59.38B,$10.78B,18.16%,$59.38B,$16.76B,28.23%,$59.38B,$10.56B,17.78%,$59.38B,$8.94B,15.06%,$8.94B,$65.94B,13.52%,$8.94B,$4.03B,411.27%,$8.94B,$117.50B,7.27%,$10.78B,$79.80B,13.45%,$14996,$5118,$9878,$2523,$4803,$13897,$1099,$-56,$1043,$6,$1037,$1037,$1002,$3063,$1099,$2382,2413,$0.39,$0.38,$5075,$5930,$2756,$24084,$15627,$9560,$61912,$456,$93412,$117496,$23148,$13855,$7792,$28408,$51556,$1016,$64949,$0,$65940,$117496,$9072,$5980,$-2113,$3867,$-732,$45,$195,$379,$1370,$14309,$-2106,$423,$-569,$1595,$-92,$1503,$-43,$-792,$253,$-3054,$-2801,$-6652,$-6652,$-5368,$-203,$-15024,$-1610,$0,$-5368
28,2011-09-30,43.43,$27.35,1.59,$24.83,1.75,$11.92,3.64,$4.26,10.2,$25.56B,$25.83B,0.99,$13.74B,$0.00B,0.0,$58.84B,$40.45B,68.75%,$58.84B,$12.15B,20.64%,$58.84B,$12.15B,20.64%,$58.84B,$17.08B,29.02%,$58.84B,$11.93B,20.28%,$58.84B,$10.11B,17.18%,$10.11B,$66.14B,15.07%,$10.11B,$2.67B,424.98%,$10.11B,$121.38B,8.12%,$12.15B,$79.88B,14.96%,$15034,$4788,$10246,$2475,$4386,$12083,$2951,$-43,$2908,$420,$2488,$2488,$2464,$4379,$2951,$2424,2450,$1.02,$1.01,$5570,$6605,$2685,$25563,$16089,$0,$63468,$16257,$95814,$121377,$25830,$13738,$15668,$29406,$55236,$0,$0,$0,$66141,$121377,$8035,$4016,$2267,$6283,$0,$0,$0,$-2966,$-4731,$9587,$-661,$-332,$-569,$1594,$0,$1594,$0,$32,$0,$648,$648,$-5964,$-5964,$-5368,$-120,$-10804,$-1233,$0,$-5368
29,2011-06-30,47.59,$27.65,1.72,$24.26,1.96,$12.04,3.95,$4.24,11.22,$26.63B,$29.54B,0.9,$13.92B,$0.00B,0.0,$56.63B,$39.37B,69.52%,$56.63B,$11.78B,20.81%,$56.63B,$11.78B,20.81%,$56.63B,$16.52B,29.18%,$56.63B,$11.82B,20.87%,$56.63B,$9.92B,17.51%,$9.92B,$67.09B,14.78%,$9.92B,$1.98B,503.32%,$9.92B,$125.92B,7.92%,$11.78B,$81.02B,14.48%,$15123,$4619,$10504,$2397,$4642,$11801,$3322,$-76,$3246,$520,$2726,$2726,$2704,$4705,$3322,$2399,2426,$1.13,$1.11,$5604,$7095,$3015,$26629,$16925,$0,$65110,$17251,$99286,$125915,$29536,$13924,$15362,$29286,$58822,$0,$0,$0,$67093,$125915,$5547,$2588,$1440,$4028,$0,$0,$0,$-2778,$-4222,$5353,$-176,$-258,$-569,$1604,$0,$1604,$0,$601,$0,$3672,$3672,$-5312,$-5312,$-5368,$-36,$-7044,$-1088,$0,$-5368
30,2011-03-31,42.33,$28.58,1.48,$23.22,1.82,$12.39,3.42,$4.19,10.1,$29.10B,$32.22B,0.9,$14.53B,$0.00B,0.0,$53.43B,$37.58B,70.33%,$53.43B,$11.42B,21.38%,$53.43B,$11.42B,21.38%,$53.43B,$15.44B,28.91%,$53.43B,$11.53B,21.58%,$53.43B,$9.63B,18.03%,$9.63B,$65.34B,14.98%,$9.63B,$0.01B,95.89%,$9.63B,$127.22B,8.16%,$11.42B,$79.87B,14.57%,$14222,$4458,$9764,$2188,$4218,$10814,$3408,$-50,$3358,$537,$2821,$2821,$2770,$4613,$3408,$2290,2305,$1.21,$1.20,$8764,$6621,$2854,$29100,$16344,$0,$65329,$16445,$98118,$127218,$32216,$14532,$15130,$29662,$61878,$0,$0,$0,$65340,$127218,$2821,$1205,$942,$2147,$0,$0,$0,$-2291,$-3061,$1907,$-198,$-87,$-589,$1365,$0,$1365,$0,$491,$0,$7718,$7718,$-2829,$-2829,$-5352,$-24,$-487,$1855,$0,$-5352
31,2010-12-31,44.02,$30.47,1.44,$22.44,1.96,$12.98,3.39,$4.28,10.29,$26.69B,$24.66B,1.08,$14.36B,$69.77B,0.21,$51.56B,$37.07B,71.90%,$51.56B,$11.53B,22.35%,$51.56B,$11.53B,22.35%,$51.56B,$15.10B,29.29%,$51.56B,$11.70B,22.70%,$51.56B,$9.79B,18.99%,$9.79B,$69.77B,15.86%,$9.79B,$4.85B,53.08%,$9.79B,$123.32B,8.89%,$11.53B,$84.13B,15.25%,$14464,$4524,$9940,$2592,$4784,$11997,$2467,$-47,$2420,$155,$2265,$2265,$2169,$3381,$2467,$2286,2301,$0.94,$0.94,$8134,$6093,$2585,$26685,$15840,$10225,$64923,$405,$96633,$123318,$24658,$14360,$6842,$28891,$53549,$957,$62364,$0,$69769,$123318,$9969,$3577,$1375,$4952,$26,$965,$490,$281,$-854,$14067,$-1642,$-9,$-26666,$12631,$-58,$12573,$-12,$-15756,$5669,$2610,$8279,$387,$387,$-4550,$0,$4116,$2425,$0,$-4550
32,2010-09-30,43.07,$28.92,1.49,$21.93,1.96,$12.12,3.55,$4.35,9.9,$27.72B,$27.66B,1.0,$14.33B,$0.00B,0.0,$50.24B,$36.61B,72.87%,$50.24B,$11.70B,23.28%,$50.24B,$11.70B,23.28%,$50.24B,$14.36B,28.58%,$50.24B,$11.97B,23.83%,$50.24B,$9.93B,19.76%,$9.93B,$66.22B,16.92%,$9.93B,$1.04B,38.17%,$9.93B,$124.63B,9.62%,$11.70B,$80.55B,16.45%,$12820,$3662,$9158,$2548,$3741,$10233,$2587,$207,$2794,$475,$2319,$2319,$2275,$3824,$2587,$2288,2300,$0.99,$0.99,$7994,$6756,$2575,$27716,$15904,$0,$65176,$15832,$96912,$124628,$27657,$14331,$16422,$30753,$58410,$0,$0,$0,$66218,$124628,$7704,$2663,$2473,$5136,$0,$0,$0,$-1264,$-3350,$9490,$-841,$0,$-26666,$12821,$-483,$12338,$0,$-15169,$0,$12258,$12258,$438,$438,$-4486,$-34,$8176,$2492,$0,$-4486
33,2010-06-30,36.08,$24.40,1.48,$21.30,1.69,$11.24,3.21,$4.28,8.43,$38.67B,$17.83B,2.17,$13.24B,$0.00B,0.0,$48.71B,$35.64B,73.16%,$48.71B,$11.74B,24.11%,$48.71B,$11.74B,24.11%,$48.71B,$13.78B,28.29%,$48.71B,$11.67B,23.96%,$48.71B,$9.75B,20.02%,$9.75B,$55.82B,17.59%,$9.75B,$34.28B,29.12%,$9.75B,$96.92B,10.30%,$11.74B,$69.05B,17.67%,$11921,$3206,$8715,$1893,$3688,$8960,$2961,$-3,$2958,$521,$2437,$2437,$2417,$3626,$2961,$2288,2297,$1.06,$1.05,$22998,$5540,$2331,$38667,$13165,$0,$21539,$23553,$58257,$96924,$17829,$13235,$10044,$23279,$41108,$0,$0,$0,$55816,$96924,$5385,$1426,$2537,$3963,$0,$0,$0,$-1637,$-3085,$6263,$-555,$-437,$-499,$-3016,$0,$-3016,$0,$-4507,$0,$5181,$5181,$307,$307,$-4486,$-30,$972,$2664,$0,$-4486
34,2010-03-31,40.4,$24.13,1.67,$20.82,1.94,$10.41,3.88,$4.11,9.83,$35.80B,$17.43B,2.05,$13.45B,$0.00B,0.0,$47.53B,$34.84B,73.30%,$47.53B,$11.15B,23.45%,$47.53B,$11.15B,23.45%,$47.53B,$13.07B,27.50%,$47.53B,$11.16B,23.47%,$47.53B,$9.37B,19.71%,$9.37B,$55.22B,17.32%,$9.37B,$33.65B,28.93%,$9.37B,$95.80B,10.23%,$11.15B,$68.66B,17.38%,$12356,$3096,$9260,$2037,$3584,$8845,$3511,$19,$3530,$582,$2948,$2948,$2933,$4272,$3511,$2279,2290,$1.29,$1.28,$19898,$5658,$2471,$35800,$13577,$0,$21571,$24847,$59995,$95795,$17432,$13445,$9702,$23147,$40579,$0,$0,$0,$55216,$95795,$2948,$761,$1133,$1894,$0,$0,$0,$-1066,$-1535,$3307,$-260,$-144,$-413,$-319,$0,$-319,$0,$-1136,$0,$4234,$4234,$368,$368,$-4468,$-112,$22,$2172,$0,$-4468
35,2009-12-31,39.21,$25.26,1.55,$19.77,1.98,$9.80,4.0,$3.69,10.63,$33.69B,$19.47B,1.73,$8.68B,$57.46B,0.15,$45.10B,$32.92B,73.00%,$45.10B,$9.98B,22.13%,$45.10B,$9.98B,22.13%,$45.10B,$11.69B,25.93%,$45.10B,$9.92B,22.00%,$45.10B,$8.40B,18.62%,$8.40B,$57.46B,16.19%,$8.40B,$35.09B,27.51%,$8.40B,$95.51B,9.64%,$9.98B,$66.14B,16.56%,$13145,$3667,$9478,$2148,$4168,$10508,$2637,$55,$2692,$369,$2323,$2323,$2305,$2637,$2637,$2268,2277,$1.00,$1.02,$17449,$5830,$2102,$33691,$14075,$20426,$22370,$328,$61814,$95505,$19470,$8675,$5491,$18573,$38043,$957,$56562,$0,$57462,$95505,$8454,$0,$4672,$4672,$-934,$237,$512,$873,$-935,$12191,$-1839,$-795,$-925,$-10468,$-172,$-10640,$-20,$-14219,$7030,$-491,$6539,$263,$263,$-3941,$-52,$2809,$856,$0,$-3941
36,2009-09-30,36.29,$23.47,1.55,$18.53,1.96,$8.64,4.2,$3.34,10.87,$30.44B,$17.90B,1.7,$8.71B,$0.00B,0.0,$42.31B,$30.96B,73.18%,$42.31B,$9.03B,21.33%,$42.31B,$9.03B,21.33%,$42.31B,$10.74B,25.38%,$42.31B,$8.99B,21.25%,$42.31B,$7.63B,18.04%,$7.63B,$53.31B,15.23%,$7.63B,$30.96B,26.17%,$7.63B,$90.69B,9.22%,$9.03B,$62.02B,15.87%,$11290,$3103,$8187,$1825,$3405,$8656,$2634,$-143,$2491,$379,$2112,$2112,$2098,$3248,$2634,$2268,2285,$0.93,$0.92,$14166,$6308,$2149,$30440,$13870,$0,$22352,$24024,$60246,$90686,$17902,$8706,$10765,$19471,$37373,$0,$0,$0,$53313,$90686,$6131,$1712,$2176,$3888,$0,$0,$0,$-1077,$-2294,$7725,$-1157,$-471,$-890,$-7508,$0,$-7508,$0,$-10026,$0,$6810,$6810,$80,$80,$-3941,$1,$2950,$735,$0,$-3941
37,2009-06-30,29.38,$22.29,1.32,$18.42,1.6,$8.11,3.62,$3.34,8.8,$27.17B,$15.36B,1.77,$9.20B,$0.00B,0.0,$42.05B,$30.78B,73.21%,$42.05B,$8.73B,20.75%,$42.05B,$8.73B,20.75%,$42.05B,$10.69B,25.41%,$42.05B,$8.92B,21.21%,$42.05B,$7.63B,18.14%,$7.63B,$50.49B,15.41%,$7.63B,$29.85B,26.48%,$7.63B,$84.27B,9.46%,$8.73B,$59.68B,15.99%,$10742,$2824,$7918,$1802,$3532,$8378,$2364,$79,$2443,$399,$2044,$2044,$2035,$2914,$2364,$2263,2280,$0.90,$0.89,$11815,$6130,$2060,$27172,$13445,$0,$20640,$23017,$57102,$84274,$15358,$9196,$9232,$18428,$33786,$0,$0,$0,$50488,$84274,$4019,$1098,$1676,$2774,$0,$0,$0,$-1294,$-2222,$4571,$-779,$-370,$-31,$-4394,$0,$-4394,$0,$-5574,$0,$6648,$6648,$-196,$-196,$-3941,$-4,$2507,$1552,$0,$-3941
38,2009-03-31,27.25,$20.43,1.33,$18.52,1.47,$7.65,3.56,$3.44,7.92,$22.48B,$14.99B,1.5,$6.98B,$0.00B,0.0,$42.29B,$30.92B,73.10%,$42.29B,$8.82B,20.86%,$42.29B,$8.82B,20.86%,$42.29B,$10.86B,25.67%,$42.29B,$9.08B,21.47%,$42.29B,$7.84B,18.54%,$7.84B,$46.23B,15.76%,$7.84B,$26.25B,27.18%,$7.84B,$77.97B,9.75%,$8.82B,$53.21B,16.62%,$9926,$2585,$7341,$1694,$3226,$7579,$2347,$-51,$2296,$321,$1975,$1975,$1962,$2895,$2347,$2266,2283,$0.87,$0.86,$7839,$5764,$2128,$22482,$12516,$0,$19977,$22995,$55488,$77970,$14990,$6978,$9774,$16752,$31742,$0,$0,$0,$46228,$77970,$1975,$548,$898,$1446,$0,$0,$0,$-1131,$-1468,$1953,$-311,$-136,$0,$-2395,$0,$-2395,$0,$-2842,$0,$4705,$4705,$-240,$-240,$-3931,$-82,$452,$-463,$0,$-3931
39,2008-12-31,34.33,$22.27,1.54,$18.67,1.84,$7.49,4.58,$3.59,9.56,$20.88B,$16.50B,1.27,$2.18B,$50.44B,0.04,$42.58B,$31.15B,73.14%,$42.58B,$8.96B,21.05%,$42.58B,$8.96B,21.05%,$42.58B,$11.08B,26.03%,$42.58B,$9.50B,22.31%,$42.58B,$8.20B,19.24%,$8.20B,$50.44B,16.22%,$8.20B,$29.62B,28.13%,$8.20B,$78.30B,10.24%,$8.96B,$52.62B,17.14%,$10348,$2834,$7514,$1834,$3683,$8668,$1680,$79,$1759,$252,$1507,$1507,$1539,$1680,$1680,$2265,2284,$0.69,$0.67,$6117,$5792,$1946,$20881,$13100,$17712,$20819,$1364,$57418,$78299,$16504,$2178,$5036,$11358,$27862,$959,$49468,$0,$50437,$78299,$8163,$0,$4175,$4175,$-431,$-571,$246,$126,$-2569,$9769,$-2048,$-41,$-1079,$3282,$-10479,$-7197,$-2,$-10367,$1413,$-118,$1295,$-473,$-473,$-3345,$-50,$-2573,$-3322,$0,$-3345
40,2008-09-30,36.45,$22.40,1.63,$18.50,1.97,$7.03,5.18,$3.34,10.91,$23.30B,$19.95B,1.17,$2.06B,$0.00B,0.0,$42.41B,$30.79B,72.60%,$42.41B,$8.18B,19.29%,$42.41B,$8.18B,19.29%,$42.41B,$10.30B,24.29%,$42.41B,$8.93B,21.05%,$42.41B,$7.56B,17.83%,$7.56B,$50.74B,15.04%,$7.56B,$29.47B,26.28%,$7.56B,$82.02B,9.53%,$8.18B,$52.80B,15.83%,$11030,$3021,$8009,$1942,$3415,$8695,$2335,$85,$2420,$338,$2082,$2082,$2090,$3196,$2335,$2264,2283,$0.92,$0.92,$8137,$5958,$1951,$23297,$12989,$0,$21268,$24466,$58723,$82020,$19954,$2063,$9266,$11329,$31283,$0,$0,$0,$50737,$82020,$6656,$2119,$1413,$3532,$0,$0,$0,$-2053,$-3623,$6565,$-1201,$-276,$-691,$-6470,$0,$-6470,$0,$-8638,$0,$5040,$5040,$-483,$-483,$-3345,$-116,$1096,$-911,$0,$-3345
41,2008-06-30,37.97,$22.80,1.67,$17.90,2.12,$6.60,5.75,$5.39,7.04,$32.09B,$19.68B,1.63,$2.17B,$0.00B,0.0,$41.20B,$29.56B,71.77%,$41.20B,$7.30B,17.72%,$41.20B,$7.30B,17.72%,$41.20B,$9.51B,23.08%,$41.20B,$8.12B,19.70%,$41.20B,$12.34B,29.94%,$12.34B,$51.61B,24.70%,$12.34B,$30.04B,43.28%,$12.34B,$83.40B,15.81%,$7.30B,$53.78B,14.31%,$10990,$2936,$8054,$1767,$3665,$8529,$2461,$143,$2604,$338,$2266,$2266,$2249,$3085,$2461,$2267,2286,$0.99,$0.98,$16198,$6450,$2295,$32085,$13727,$0,$21563,$16024,$51314,$83399,$19683,$2172,$9939,$12111,$31794,$0,$0,$0,$51605,$83399,$4574,$1258,$724,$1982,$0,$0,$0,$-1839,$-3015,$3541,$-801,$-166,$0,$5452,$0,$5452,$0,$4485,$0,$4367,$4367,$-512,$-512,$-3345,$49,$559,$8709,$0,$-3345
42,2008-03-31,35.34,$21.67,1.63,$17.17,2.06,$6.58,5.37,$5.26,6.72,$26.29B,$17.06B,1.54,$0.75B,$0.00B,0.0,$39.79B,$28.60B,71.87%,$39.79B,$6.93B,17.43%,$39.79B,$6.93B,17.43%,$39.79B,$9.10B,22.87%,$39.79B,$7.74B,19.45%,$39.79B,$12.09B,30.40%,$12.09B,$49.27B,25.22%,$12.09B,$27.42B,45.40%,$12.09B,$76.32B,16.16%,$6.93B,$50.01B,14.26%,$10216,$2648,$7568,$1674,$3334,$7728,$2488,$228,$2716,$408,$2308,$2308,$2317,$3122,$2488,$2268,2273,$1.02,$1.02,$10850,$6241,$2313,$26287,$13499,$0,$21850,$14682,$50031,$76318,$17056,$748,$9248,$9996,$27052,$0,$0,$0,$49266,$76318,$2308,$634,$713,$1347,$0,$0,$0,$-1456,$-1966,$1689,$-403,$0,$0,$3837,$0,$3837,$0,$3434,$0,$-409,$-409,$142,$142,$-3342,$-29,$-3638,$1571,$0,$-3342
43,2007-12-31,36.4,$21.81,1.67,$16.64,2.19,$6.66,5.46,$5.16,7.05,$27.43B,$16.64B,1.65,$0.68B,$49.40B,0.01,$38.95B,$27.92B,71.67%,$38.95B,$6.78B,17.41%,$38.95B,$6.78B,17.41%,$38.95B,$8.85B,22.73%,$38.95B,$7.49B,19.22%,$38.95B,$11.95B,30.67%,$11.95B,$49.40B,26.10%,$11.95B,$28.15B,48.61%,$11.95B,$75.45B,16.40%,$6.78B,$50.07B,14.61%,$10171,$3013,$7158,$1847,$3679,$9274,$897,$288,$1185,$254,$931,$931,$904,$897,$897,$2317,2329,$0.40,$0.40,$13201,$5455,$2126,$27430,$12633,$6945,$21249,$3628,$48022,$75452,$16641,$677,$4272,$9415,$26056,$990,$48408,$0,$49396,$75452,$6540,$0,$4786,$4786,$-204,$-747,$323,$93,$-2116,$9210,$-2415,$-477,$-52,$-3331,$57,$-3274,$-26,$-6244,$-48,$-2111,$-2159,$-4599,$-4599,$-2598,$38,$-9318,$1545,$0,$-2598
44,2007-09-30,36.83,$21.56,1.71,$16.20,2.27,$6.54,5.63,$5.45,6.76,$28.68B,$17.50B,1.64,$0.67B,$0.00B,0.0,$38.04B,$27.54B,72.41%,$38.04B,$7.53B,19.78%,$38.04B,$7.53B,19.78%,$38.04B,$9.60B,25.23%,$38.04B,$8.05B,21.17%,$38.04B,$12.70B,33.38%,$12.70B,$49.49B,29.03%,$12.70B,$28.39B,56.29%,$12.70B,$76.94B,17.89%,$7.53B,$50.16B,16.95%,$9818,$3034,$6784,$1552,$3181,$8366,$1452,$159,$1611,$37,$1574,$1574,$6865,$2405,$1452,$2312,2322,$2.97,$2.96,$14532,$5268,$2069,$28682,$12029,$0,$21106,$15119,$48254,$76936,$17501,$667,$9275,$9942,$27443,$0,$0,$0,$49493,$76936,$5609,$2073,$1731,$3804,$0,$0,$0,$-1548,$-3166,$6247,$-1795,$0,$-52,$-2716,$0,$-2716,$0,$-4563,$0,$-666,$-666,$-3099,$-3099,$-2598,$8177,$1814,$3599,$0,$-2598
45,2007-06-30,37.58,$18.70,2.01,$15.79,2.38,$6.67,5.64,$3.28,11.46,$23.98B,$17.66B,1.36,$0.63B,$0.00B,0.0,$37.24B,$27.25B,73.18%,$37.24B,$8.05B,21.62%,$37.24B,$8.05B,21.62%,$37.24B,$9.74B,26.14%,$37.24B,$8.50B,22.83%,$37.24B,$7.70B,20.67%,$7.70B,$43.66B,18.77%,$7.70B,$22.61B,39.11%,$7.70B,$70.62B,11.25%,$8.05B,$44.30B,19.18%,$9584,$2497,$7087,$1529,$3329,$7487,$2097,$128,$2225,$282,$1943,$1943,$2008,$2677,$2097,$2339,2352,$0.86,$0.85,$7548,$5022,$1834,$23977,$11352,$0,$21057,$14235,$46644,$70621,$17663,$632,$8662,$9294,$26957,$0,$0,$0,$43664,$70621,$4035,$1120,$1030,$2150,$0,$0,$0,$-1292,$-2265,$3920,$-1145,$0,$-52,$-778,$0,$-778,$0,$-1975,$0,$92,$92,$-783,$-783,$-2598,$168,$-3121,$-1203,$0,$-2598
46,2007-03-31,36.61,$17.31,2.12,$15.39,2.38,$6.74,5.43,$3.15,11.62,$21.33B,$17.55B,1.22,$0.66B,$0.00B,0.0,$36.33B,$26.61B,73.25%,$36.33B,$7.92B,21.80%,$36.33B,$7.92B,21.80%,$36.33B,$9.43B,25.96%,$36.33B,$8.25B,22.70%,$36.33B,$7.40B,20.36%,$7.40B,$40.50B,18.78%,$7.40B,$19.17B,41.28%,$7.40B,$68.32B,10.99%,$7.92B,$41.16B,19.50%,$9374,$2488,$6886,$1502,$3070,$7039,$2335,$131,$2466,$374,$2092,$2092,$2169,$2875,$2335,$2345,2359,$0.92,$0.92,$6957,$4982,$2292,$21334,$11265,$0,$21335,$14390,$46990,$68324,$17549,$661,$9612,$10273,$27822,$0,$0,$0,$40502,$68324,$2092,$540,$662,$1202,$0,$0,$0,$-960,$-1243,$2051,$-522,$0,$-48,$-597,$0,$-597,$0,$-1167,$0,$0,$0,$0,$0,$0,$0,$-2479,$-1525,$0,$0
47,2006-12-31,37.78,$17.59,2.15,$14.88,2.54,$6.86,5.5,$3.06,12.35,$21.40B,$16.23B,1.32,$0.66B,$41.29B,0.02,$35.11B,$25.69B,73.19%,$35.11B,$7.64B,21.77%,$35.11B,$7.64B,21.77%,$35.11B,$9.04B,25.75%,$35.11B,$7.99B,22.77%,$35.11B,$7.18B,20.44%,$7.18B,$41.29B,19.03%,$7.18B,$20.06B,33.27%,$7.18B,$68.01B,11.05%,$7.64B,$41.95B,19.55%,$9260,$2475,$6785,$1533,$3387,$7619,$1641,$109,$1750,$208,$1542,$1542,$1654,$1641,$1641,$2345,2360,$0.70,$0.70,$7955,$4498,$2054,$21404,$10945,$6111,$21230,$4415,$46604,$68008,$16234,$656,$4534,$10480,$26714,$990,$40261,$0,$41294,$68008,$6825,$0,$3469,$3469,$-543,$-87,$245,$110,$-1990,$8304,$-1696,$-338,$-4522,$376,$-177,$199,$0,$-6357,$358,$-3227,$-2869,$254,$254,$-2049,$-267,$-4931,$-2506,$0,$-2049
