,Date,Stock Price,Book Value per Share,Price to Book Ratio,TTM Sales per Share,Price to Sales Ratio,TTM FCF per Share,Price to FCF Ratio,TTM Net EPS,PE Ratio,Current Assets,Current Liabilities,Current Ratio,Long Term Debt,Shareholder's Equity_x,Debt to Equity Ratio,TTM Revenue_x,TTM Gross Profit,Gross Margin,TTM Revenue_y,TTM Operating Income,Operating Margin,TTM Revenue_x,TTM EBIT,EBIT Margin,TTM Revenue_y,TTM EBITDA,EBITDA Margin,TTM Revenue_x,TTM Pre-Tax Income,Pre-Tax Margin,TTM Revenue_y,TTM Net Income_x,Net Margin,TTM Net Income_y,Shareholder's Equity_y,Return on Equity,TTM Net Income_x,Tangible Equity,Return on Tangible Equity,TTM Net Income_y,Total Assets,Return on Assets,TTM Net Income,LT Investments & Debt,Return on Investment,revenue,cost-goods-sold,gross-profit,research-development-expenses,selling-general-administrative-expenses,operating-expenses,operating-income,total-non-operating-income-expense,pre-tax-income,total-provision-income-taxes,income-after-taxes,income-from-continuous-operations,net-income,ebitda,ebit,basic-shares-outstanding,shares-outstanding,eps-basic-net-earnings-per-share,eps-earnings-per-share-diluted,cash-on-hand,inventory,other-current-assets,total-current-assets,net-property-plant-equipment,long-term-investments,goodwill-intangible-assets-total,other-long-term-assets,total-long-term-assets,total-assets,total-current-liabilities,long-term-debt,other-non-current-liabilities,total-long-term-liabilities,total-liabilities,common-stock-net,retained-earnings-accumulated-deficit,comprehensive-income,total-share-holder-equity,total-liabilities-share-holders-equity,net-income-loss,total-depreciation-amortization-cash-flow,other-non-cash-items,total-non-cash-items,change-in-accounts-receivable,change-in-inventories,change-in-accounts-payable,change-in-assets-liabilities,total-change-in-assets-liabilities,cash-flow-from-operating-activities,net-change-in-property-plant-equipment,net-change-in-intangible-assets,net-acquisitions-divestitures,net-change-in-short-term-investments,net-change-in-long-term-investments,net-change-in-investments-total,investing-activities-other,cash-flow-from-investing-activities,net-long-term-debt,net-current-debt,debt-issuance-retirement-net-total,net-common-equity-issued-repurchased,net-total-equity-issued-repurchased,total-common-preferred-stock-dividends-paid,financial-activities-other,cash-flow-from-financial-activities,net-cash-flow,stock-based-compensation,common-stock-dividends-paid
0,2018-09-30,21.98,$5.93,3.71,$3.86,5.7,$-9.04,0.0,$-3.34,0.0,$0.12B,$0.02B,7.63,$0.04B,$0.10B,0.42,$0.05B,$0.03B,54.00%,$0.05B,$-0.04B,-82.00%,$0.05B,$-0.04B,-82.00%,$0.05B,$-0.04B,-76.00%,$0.05B,$-0.05B,-90.00%,$0.05B,$-0.05B,-90.00%,$-0.05B,$0.10B,-67.42%,$-0.05B,$0.07B,-165.14%,$-0.05B,$0.16B,-37.89%,$-0.04B,$0.15B,-39.71%,$14,$7,$8,$4,$15,$26,$-12,$-1,$-13,$-0,$-13,$-13,$-13,$-11,$-12,$15,15,$-0.87,$-0.87,$102,$4,$0,$119,$6,$0,$39,$0,$45,$164,$16,$44,$1,$44,$60,$0,$-113,$0,$104,$164,$-35,$2,$3,$5,$-1,$-0,$-1,$-0,$-1,$-31,$-1,$0,$0,$0,$0,$0,$0,$-1,$17,$0,$17,$89,$89,$0,$-0,$106,$74,$2,$0
1,2018-06-30,20.53,$3.62,5.67,$3.61,5.68,$-10.64,0.0,$-3.56,0.0,$0.06B,$0.02B,4.09,$0.04B,$0.05B,0.75,$0.04B,$0.02B,50.00%,$0.04B,$-0.04B,-90.91%,$0.04B,$-0.04B,-90.91%,$0.04B,$-0.04B,-84.09%,$0.04B,$-0.04B,-100.00%,$0.04B,$-0.04B,-100.00%,$-0.04B,$0.05B,-80.37%,$-0.04B,$0.01B,-293.33%,$-0.04B,$0.11B,-43.35%,$-0.04B,$0.09B,-46.78%,$13,$6,$7,$4,$13,$24,$-11,$-1,$-12,$0,$-12,$-12,$-12,$-10,$-11,$14,14,$-0.83,$-0.83,$44,$5,$0,$60,$6,$0,$39,$0,$45,$106,$15,$39,$1,$39,$54,$0,$-100,$0,$52,$106,$-22,$1,$2,$3,$1,$-0,$-1,$-1,$-1,$-20,$-0,$0,$0,$0,$0,$0,$0,$-0,$12,$0,$12,$24,$24,$0,$-0,$36,$16,$1,$0
2,2018-03-31,13.02,$4.42,2.95,$3.38,3.85,$-12.02,0.0,$-3.80,0.0,$0.07B,$0.01B,5.5,$0.04B,$0.06B,0.61,$0.04B,$0.02B,50.00%,$0.04B,$-0.04B,-105.26%,$0.04B,$-0.04B,-105.26%,$0.04B,$-0.04B,-97.37%,$0.04B,$-0.04B,-113.16%,$0.04B,$-0.04B,-113.16%,$-0.04B,$0.06B,-74.14%,$-0.04B,$0.02B,-232.43%,$-0.04B,$0.11B,-43.99%,$-0.04B,$0.10B,-48.48%,$11,$5,$6,$3,$12,$20,$-10,$-1,$-11,$0,$-11,$-11,$-11,$-9,$-10,$13,13,$-0.84,$-0.84,$54,$4,$0,$68,$6,$0,$40,$0,$46,$114,$12,$38,$1,$39,$51,$0,$-88,$0,$63,$114,$-11,$1,$1,$1,$2,$0,$-1,$0,$-1,$-10,$-0,$0,$0,$0,$0,$0,$0,$-0,$12,$0,$12,$24,$24,$0,$-0,$36,$26,$1,$0
3,2017-12-31,7.76,$4.44,1.75,$3.02,2.57,$-12.74,0.0,$-4.23,0.0,$0.05B,$0.02B,2.81,$0.03B,$0.05B,0.54,$0.03B,$0.02B,50.00%,$0.03B,$-0.04B,-134.38%,$0.03B,$-0.04B,-134.38%,$0.03B,$-0.04B,-125.00%,$0.03B,$-0.05B,-140.63%,$0.03B,$-0.05B,-140.63%,$-0.05B,$0.05B,-73.47%,$-0.05B,$0.01B,-206.90%,$-0.05B,$0.09B,-47.24%,$-0.04B,$0.07B,-53.92%,$12,$6,$6,$3,$11,$20,$-8,$-1,$-9,$0,$-9,$-9,$-9,$-8,$-8,$11,11,$-0.79,$-0.79,$28,$5,$0,$45,$6,$0,$40,$0,$46,$91,$16,$26,$1,$27,$43,$0,$-78,$-0,$48,$91,$-45,$2,$4,$6,$-8,$-0,$-2,$-0,$-9,$-48,$-1,$0,$0,$0,$0,$0,$0,$-1,$13,$0,$13,$1,$1,$0,$-0,$14,$-36,$2,$0
4,2017-09-30,13.26,$5.22,2.54,$2.29,5.78,$-10.97,0.0,$-4.70,0.0,$0.05B,$0.02B,2.9,$0.02B,$0.06B,0.37,$0.02B,$0.01B,50.00%,$0.02B,$-0.05B,-200.00%,$0.02B,$-0.05B,-200.00%,$0.02B,$-0.05B,-187.50%,$0.02B,$-0.05B,-204.17%,$0.02B,$-0.05B,-204.17%,$-0.05B,$0.06B,-68.53%,$-0.05B,$0.02B,-154.33%,$-0.05B,$0.10B,-47.92%,$-0.05B,$0.08B,-55.33%,$8,$4,$3,$3,$11,$19,$-11,$-1,$-12,$0,$-12,$-12,$-12,$-10,$-11,$11,11,$-1.09,$-1.09,$38,$3,$0,$48,$6,$0,$40,$0,$46,$95,$17,$21,$1,$22,$39,$0,$-69,$0,$56,$95,$-36,$2,$2,$4,$-4,$2,$-6,$-1,$-7,$-39,$-1,$0,$0,$0,$0,$0,$0,$-1,$13,$0,$13,$1,$1,$0,$0,$14,$-26,$2,$0
5,2017-06-30,13.28,$6.23,2.13,$1.95,6.81,$-8.95,0.0,$-4.53,0.0,$0.04B,$0.01B,3.8,$0.01B,$0.07B,0.19,$0.02B,$0.01B,55.00%,$0.02B,$-0.05B,-230.00%,$0.02B,$-0.05B,-230.00%,$0.02B,$-0.04B,-215.00%,$0.02B,$-0.05B,-230.00%,$0.02B,$-0.05B,-230.00%,$-0.05B,$0.07B,-55.59%,$-0.05B,$0.03B,-106.98%,$-0.05B,$0.09B,-41.72%,$-0.05B,$0.08B,-47.79%,$7,$4,$4,$3,$11,$18,$-11,$-1,$-11,$0,$-11,$-11,$-11,$-10,$-11,$10,10,$-1.07,$-1.07,$34,$4,$0,$44,$6,$0,$40,$1,$47,$91,$12,$13,$1,$14,$25,$0,$-58,$0,$65,$91,$-24,$1,$2,$3,$-2,$1,$-7,$-0,$-7,$-29,$-1,$0,$0,$0,$0,$0,$0,$-1,$0,$0,$0,$0,$0,$0,$-0,$0,$-29,$1,$0
6,2017-03-31,6.83,$7.35,0.93,$1.51,4.53,$-7.10,0.0,$-4.31,0.0,$0.06B,$0.01B,4.51,$0.01B,$0.08B,0.18,$0.02B,$0.01B,50.00%,$0.02B,$-0.04B,-268.75%,$0.02B,$-0.04B,-268.75%,$0.02B,$-0.04B,-256.25%,$0.02B,$-0.04B,-275.00%,$0.02B,$-0.04B,-275.00%,$-0.04B,$0.08B,-46.81%,$-0.04B,$0.04B,-81.48%,$-0.04B,$0.10B,-36.44%,$-0.04B,$0.09B,-40.00%,$5,$2,$3,$4,$11,$18,$-13,$-1,$-13,$0,$-13,$-13,$-13,$-12,$-13,$10,10,$-1.27,$-1.27,$48,$4,$0,$57,$6,$0,$40,$1,$47,$104,$13,$14,$1,$15,$28,$0,$-46,$-0,$76,$104,$-13,$1,$1,$1,$-1,$1,$-3,$0,$-3,$-15,$-1,$0,$0,$0,$0,$0,$0,$-1,$0,$0,$0,$0,$0,$0,$-0,$0,$-16,$0,$0
7,2016-12-31,5.03,$8.58,0.59,$1.22,4.12,$-5.99,0.0,$-3.74,0.0,$0.07B,$0.02B,4.52,$0.01B,$0.09B,0.16,$0.01B,$0.01B,46.15%,$0.01B,$-0.04B,-284.62%,$0.01B,$-0.04B,-284.62%,$0.01B,$-0.04B,-276.92%,$0.01B,$-0.04B,-292.31%,$0.01B,$-0.04B,-292.31%,$-0.04B,$0.09B,-36.36%,$-0.04B,$0.05B,-58.91%,$-0.04B,$0.12B,-29.40%,$-0.04B,$0.10B,-31.42%,$4,$2,$2,$4,$10,$17,$-13,$0,$-13,$0,$-13,$-13,$-13,$-13,$-13,$10,10,$-1.27,$-1.27,$64,$5,$0,$73,$6,$0,$40,$1,$47,$119,$16,$14,$1,$15,$31,$0,$-33,$-0,$89,$119,$-38,$2,$3,$6,$-3,$-5,$13,$1,$7,$-26,$-4,$0,$0,$0,$0,$0,$0,$-4,$15,$0,$15,$0,$0,$0,$78,$93,$64,$2,$0
