,Date,Stock Price,Book Value per Share,Price to Book Ratio,TTM Sales per Share,Price to Sales Ratio,TTM FCF per Share,Price to FCF Ratio,TTM Net EPS,PE Ratio,Current Assets,Current Liabilities,Current Ratio,Long Term Debt,Shareholder's Equity_x,Debt to Equity Ratio,TTM Revenue_x,TTM Gross Profit,Gross Margin,TTM Revenue_y,TTM Operating Income,Operating Margin,TTM Revenue_x,TTM EBIT,EBIT Margin,TTM Revenue_y,TTM EBITDA,EBITDA Margin,TTM Revenue_x,TTM Pre-Tax Income,Pre-Tax Margin,TTM Revenue_y,TTM Net Income_x,Net Margin,TTM Net Income_y,Shareholder's Equity_y,Return on Equity,TTM Net Income_x,Tangible Equity,Return on Tangible Equity,TTM Net Income_y,Total Assets,Return on Assets,TTM Net Income,LT Investments & Debt,Return on Investment,revenue,cost-goods-sold,gross-profit,research-development-expenses,selling-general-administrative-expenses,operating-expenses,operating-income,total-non-operating-income-expense,pre-tax-income,total-provision-income-taxes,income-after-taxes,income-from-continuous-operations,net-income,ebitda,ebit,basic-shares-outstanding,shares-outstanding,eps-basic-net-earnings-per-share,eps-earnings-per-share-diluted,cash-on-hand,inventory,other-current-assets,total-current-assets,net-property-plant-equipment,long-term-investments,goodwill-intangible-assets-total,other-long-term-assets,total-long-term-assets,total-assets,total-current-liabilities,long-term-debt,other-non-current-liabilities,total-long-term-liabilities,total-liabilities,common-stock-net,retained-earnings-accumulated-deficit,comprehensive-income,total-share-holder-equity,total-liabilities-share-holders-equity,net-income-loss,total-depreciation-amortization-cash-flow,other-non-cash-items,total-non-cash-items,change-in-accounts-receivable,change-in-inventories,change-in-accounts-payable,change-in-assets-liabilities,total-change-in-assets-liabilities,cash-flow-from-operating-activities,net-change-in-property-plant-equipment,net-change-in-intangible-assets,net-acquisitions-divestitures,net-change-in-short-term-investments,net-change-in-long-term-investments,net-change-in-investments-total,investing-activities-other,cash-flow-from-investing-activities,net-long-term-debt,net-current-debt,debt-issuance-retirement-net-total,net-common-equity-issued-repurchased,net-total-equity-issued-repurchased,total-common-preferred-stock-dividends-paid,financial-activities-other,cash-flow-from-financial-activities,net-cash-flow,stock-based-compensation,common-stock-dividends-paid
0,2018-09-30,58.66,$37.76,1.55,$24.77,2.37,$9.07,6.47,$3.59,16.34,$0.25B,$0.35B,0.71,$2.04B,$1.90B,1.07,$1.23B,$0.92B,74.78%,$1.23B,$0.27B,21.56%,$1.23B,$0.27B,21.56%,$1.23B,$0.44B,35.96%,$1.23B,$0.19B,15.13%,$1.23B,$0.18B,14.48%,$0.18B,$1.90B,9.58%,$0.18B,$1.54B,11.87%,$0.18B,$5.50B,3.27%,$0.27B,$3.94B,6.90%,$280,$72,$208,$0,$116,$232,$48,$-20,$28,$-0,$28,$28,$28,$93,$48,$50,50,$0.56,$0.56,$14,$53,$52,$247,$4460,$0,$358,$51,$5253,$5500,$350,$2037,$840,$3250,$3600,$1,$509,$-10,$1900,$5500,$130,$134,$8,$143,$54,$-0,$-19,$-15,$73,$346,$-193,$0,$-19,$0,$0,$0,$0,$-212,$0,$-98,$-98,$47,$47,$-82,$-0,$-133,$2,$5,$-82
1,2018-06-30,57.25,$37.72,1.52,$25.61,2.24,$8.23,6.95,$3.78,15.15,$0.23B,$0.30B,0.77,$2.03B,$1.90B,1.07,$1.26B,$0.92B,73.31%,$1.26B,$0.28B,22.32%,$1.26B,$0.28B,22.32%,$1.26B,$0.46B,36.22%,$1.26B,$0.20B,15.65%,$1.26B,$0.19B,14.77%,$0.19B,$1.90B,10.25%,$0.19B,$1.54B,12.77%,$0.19B,$5.44B,3.40%,$0.28B,$3.93B,7.51%,$262,$32,$230,$0,$117,$193,$69,$-22,$47,$3,$44,$44,$44,$114,$69,$50,50,$0.88,$0.87,$13,$47,$42,$232,$4418,$0,$358,$56,$5207,$5439,$300,$2031,$845,$3241,$3541,$1,$509,$-11,$1898,$5439,$102,$90,$7,$97,$52,$6,$-24,$9,$48,$247,$-116,$0,$-19,$0,$0,$0,$0,$-135,$0,$-104,$-104,$47,$47,$-54,$-0,$-111,$1,$4,$-54
2,2018-03-31,53.25,$37.08,1.44,$26.22,2.03,$6.86,7.76,$3.35,15.9,$0.26B,$0.33B,0.79,$2.04B,$1.84B,1.11,$1.28B,$0.89B,69.71%,$1.28B,$0.26B,20.14%,$1.28B,$0.26B,20.14%,$1.28B,$0.43B,33.65%,$1.28B,$0.17B,13.43%,$1.28B,$0.16B,12.80%,$0.16B,$1.84B,9.28%,$0.16B,$1.48B,11.64%,$0.16B,$5.40B,2.98%,$0.26B,$3.87B,7.09%,$342,$96,$245,$0,$117,$257,$85,$-24,$60,$2,$58,$58,$58,$129,$85,$49,49,$1.18,$1.18,$11,$44,$33,$258,$4365,$0,$358,$54,$5142,$5400,$326,$2038,$846,$3239,$3566,$1,$492,$-11,$1835,$5400,$58,$45,$4,$49,$12,$9,$-22,$25,$66,$173,$-52,$0,$0,$0,$0,$0,$0,$-52,$0,$-97,$-97,$2,$2,$-27,$-0,$-122,$-1,$2,$-27
3,2017-12-31,58.46,$36.44,1.6,$26.90,2.17,$6.60,8.86,$3.34,17.5,$0.30B,$0.63B,0.47,$1.82B,$1.80B,1.01,$1.31B,$0.90B,68.53%,$1.31B,$0.26B,19.98%,$1.31B,$0.26B,19.98%,$1.31B,$0.43B,33.08%,$1.31B,$0.18B,13.40%,$1.31B,$0.16B,12.48%,$0.16B,$1.80B,9.39%,$0.16B,$1.44B,11.83%,$0.16B,$5.42B,2.95%,$0.26B,$3.62B,7.35%,$345,$109,$236,$0,$131,$281,$63,$-12,$51,$3,$48,$48,$48,$106,$63,$49,49,$0.98,$0.98,$12,$52,$50,$296,$4358,$0,$358,$54,$5125,$5421,$632,$1816,$833,$2990,$3622,$1,$458,$-9,$1799,$5421,$163,$171,$12,$183,$-23,$-3,$4,$-4,$-22,$324,$-276,$0,$0,$0,$0,$0,$0,$-276,$0,$19,$19,$55,$55,$-101,$-16,$-44,$3,$6,$-101
4,2017-09-30,55.28,$35.54,1.56,$26.64,2.08,$5.67,9.75,$3.31,16.7,$0.25B,$0.60B,0.42,$1.82B,$1.73B,1.05,$1.29B,$0.88B,68.27%,$1.29B,$0.26B,20.28%,$1.29B,$0.26B,20.28%,$1.29B,$0.43B,33.36%,$1.29B,$0.17B,12.93%,$1.29B,$0.16B,12.31%,$0.16B,$1.73B,9.33%,$0.16B,$1.37B,11.80%,$0.16B,$5.63B,2.87%,$0.26B,$3.54B,7.44%,$310,$98,$212,$0,$107,$246,$64,$-25,$39,$3,$36,$36,$36,$107,$64,$48,49,$0.75,$0.75,$15,$57,$53,$254,$4309,$0,$358,$50,$5375,$5629,$602,$1817,$850,$3301,$3903,$1,$436,$-10,$1726,$5629,$115,$128,$10,$138,$30,$-7,$-13,$-6,$50,$303,$-197,$0,$0,$0,$0,$0,$0,$-197,$0,$-31,$-31,$6,$6,$-76,$-0,$-101,$5,$5,$-76
5,2017-06-30,58.73,$35.25,1.67,$26.46,2.22,$4.62,12.72,$3.48,16.88,$0.25B,$0.58B,0.43,$1.82B,$1.71B,1.06,$1.28B,$0.88B,68.20%,$1.28B,$0.25B,19.80%,$1.28B,$0.25B,19.80%,$1.28B,$0.42B,32.66%,$1.28B,$0.16B,12.70%,$1.28B,$0.17B,13.09%,$0.17B,$1.71B,9.97%,$0.17B,$1.35B,12.65%,$0.17B,$5.56B,3.06%,$0.25B,$3.53B,7.25%,$284,$84,$200,$0,$112,$238,$46,$-24,$22,$1,$22,$22,$22,$89,$46,$48,49,$0.45,$0.44,$22,$51,$51,$248,$4262,$0,$358,$48,$5309,$5557,$578,$1817,$837,$3270,$3848,$1,$425,$-10,$1709,$5557,$78,$85,$7,$93,$36,$-1,$-20,$-2,$8,$179,$-119,$0,$0,$0,$0,$0,$0,$-119,$0,$3,$3,$0,$0,$-50,$-0,$-47,$13,$4,$-50
6,2017-03-31,56.02,$35.28,1.59,$26.68,2.1,$3.79,14.79,$3.77,14.86,$0.25B,$0.55B,0.45,$1.82B,$1.71B,1.06,$1.29B,$0.89B,68.58%,$1.29B,$0.27B,21.05%,$1.29B,$0.27B,21.05%,$1.29B,$0.44B,33.67%,$1.29B,$0.18B,13.93%,$1.29B,$0.18B,14.09%,$0.18B,$1.71B,10.93%,$0.18B,$1.35B,13.91%,$0.18B,$5.50B,3.35%,$0.27B,$3.53B,7.82%,$367,$120,$247,$0,$118,$280,$88,$-25,$63,$7,$57,$57,$57,$130,$88,$48,48,$1.17,$1.17,$17,$42,$43,$245,$4224,$0,$358,$46,$5256,$5500,$545,$1817,$825,$3246,$3791,$1,$428,$-10,$1709,$5500,$57,$43,$7,$49,$17,$7,$-16,$10,$51,$157,$-51,$0,$0,$0,$0,$0,$0,$-51,$0,$-72,$-72,$-1,$-1,$-25,$-0,$-98,$8,$2,$-25
7,2016-12-31,53.78,$34.68,1.55,$25.96,2.07,$3.48,15.44,$3.39,15.86,$0.28B,$0.61B,0.46,$1.82B,$1.68B,1.08,$1.26B,$0.86B,68.04%,$1.26B,$0.25B,19.55%,$1.26B,$0.25B,19.55%,$1.26B,$0.41B,32.43%,$1.26B,$0.16B,12.56%,$1.26B,$0.17B,13.12%,$0.17B,$1.68B,10.05%,$0.17B,$1.32B,12.85%,$0.17B,$5.50B,3.08%,$0.25B,$3.49B,7.13%,$331,$108,$223,$0,$119,$266,$64,$-22,$43,$-2,$44,$44,$44,$105,$64,$48,48,$0.91,$0.92,$10,$49,$62,$280,$4215,$0,$358,$44,$5219,$5499,$614,$1818,$816,$3209,$3823,$1,$397,$-10,$1676,$5499,$164,$161,$-6,$155,$-5,$4,$4,$-58,$-31,$289,$-287,$0,$0,$0,$0,$0,$0,$-287,$24,$71,$95,$-1,$-1,$-96,$-8,$-9,$-7,$7,$-96
8,2016-09-30,53.93,$34.12,1.58,$25.96,2.08,$5.24,10.29,$3.36,16.05,$0.24B,$0.55B,0.44,$1.82B,$1.65B,1.1,$1.25B,$0.85B,67.97%,$1.25B,$0.25B,20.29%,$1.25B,$0.25B,20.29%,$1.25B,$0.41B,33.07%,$1.25B,$0.17B,13.18%,$1.25B,$0.17B,13.26%,$0.17B,$1.65B,10.23%,$0.17B,$1.29B,13.12%,$0.17B,$5.39B,3.13%,$0.25B,$3.47B,7.42%,$301,$96,$205,$0,$109,$245,$56,$-21,$35,$-10,$45,$45,$45,$95,$56,$48,48,$0.92,$0.92,$12,$54,$55,$238,$4162,$0,$358,$44,$5156,$5394,$547,$1819,$803,$3198,$3745,$1,$372,$-10,$1649,$5394,$120,$120,$-5,$115,$38,$-1,$-17,$-58,$23,$258,$-203,$0,$0,$0,$0,$0,$0,$-203,$24,$-8,$17,$-1,$-1,$-72,$-7,$-62,$-7,$4,$-72
9,2016-06-30,58.61,$33.69,1.74,$25.52,2.3,$6.88,8.52,$2.95,19.87,$0.24B,$0.52B,0.46,$1.80B,$1.63B,1.11,$1.22B,$0.85B,69.04%,$1.22B,$0.25B,20.10%,$1.22B,$0.25B,20.10%,$1.22B,$0.40B,33.01%,$1.22B,$0.16B,13.07%,$1.22B,$0.15B,11.85%,$0.15B,$1.63B,9.12%,$0.15B,$1.27B,11.76%,$0.15B,$5.31B,2.75%,$0.25B,$3.43B,7.26%,$293,$82,$211,$0,$108,$229,$64,$-25,$39,$3,$36,$36,$36,$105,$64,$48,48,$0.74,$0.73,$16,$50,$57,$238,$4110,$0,$358,$45,$5070,$5308,$521,$1799,$806,$3159,$3680,$1,$352,$-9,$1628,$5308,$75,$82,$7,$88,$39,$4,$-18,$-48,$-23,$141,$-121,$0,$0,$0,$0,$0,$0,$-121,$5,$27,$32,$-2,$-2,$-48,$-5,$-23,$-3,$3,$-48
10,2016-03-31,56.91,$33.43,1.7,$25.18,2.26,$7.72,7.37,$2.87,19.83,$0.25B,$0.52B,0.48,$1.79B,$1.62B,1.11,$1.20B,$0.83B,68.64%,$1.20B,$0.24B,20.22%,$1.20B,$0.24B,20.22%,$1.20B,$0.40B,32.95%,$1.20B,$0.16B,13.31%,$1.20B,$0.14B,11.65%,$0.14B,$1.62B,8.96%,$0.14B,$1.26B,11.60%,$0.14B,$5.26B,2.69%,$0.24B,$3.41B,7.26%,$333,$115,$217,$0,$115,$271,$62,$-21,$41,$1,$40,$40,$40,$103,$62,$48,48,$0.83,$0.82,$16,$47,$53,$250,$4069,$0,$358,$49,$5011,$5261,$518,$1794,$807,$3128,$3647,$1,$340,$-9,$1615,$5261,$40,$41,$5,$45,$19,$7,$-11,$4,$57,$142,$-51,$0,$0,$0,$0,$0,$0,$-51,$0,$-68,$-68,$-2,$-2,$-24,$-0,$-94,$-3,$2,$-24
11,2015-12-31,49.59,$33.22,1.49,$25.64,1.93,$7.33,6.76,$3.17,15.64,$0.29B,$0.57B,0.5,$1.80B,$1.60B,1.12,$1.22B,$0.84B,69.30%,$1.22B,$0.27B,21.81%,$1.22B,$0.27B,21.81%,$1.22B,$0.41B,33.99%,$1.22B,$0.18B,14.81%,$1.22B,$0.15B,12.43%,$0.15B,$1.60B,9.83%,$0.15B,$1.24B,12.80%,$0.15B,$5.27B,2.94%,$0.27B,$3.40B,8.05%,$325,$107,$218,$0,$108,$253,$72,$-22,$50,$5,$45,$45,$45,$111,$72,$47,48,$0.94,$0.92,$19,$53,$60,$287,$4059,$0,$358,$44,$4978,$5265,$571,$1795,$797,$3093,$3665,$1,$326,$-9,$1600,$5265,$151,$147,$30,$177,$9,$2,$-11,$35,$11,$340,$-253,$0,$-147,$0,$0,$0,$16,$-384,$120,$-38,$82,$56,$56,$-90,$-12,$36,$-8,$5,$-90
12,2015-09-30,48.76,$32.27,1.51,$26.61,1.83,$5.05,9.65,$3.10,15.73,$0.32B,$0.58B,0.55,$1.81B,$1.52B,1.19,$1.20B,$0.83B,68.91%,$1.20B,$0.24B,20.28%,$1.20B,$0.24B,20.28%,$1.20B,$0.39B,32.00%,$1.20B,$0.17B,13.80%,$1.20B,$0.14B,11.89%,$0.14B,$1.52B,9.50%,$0.14B,$1.16B,12.43%,$0.14B,$5.24B,2.82%,$0.24B,$3.33B,7.54%,$273,$74,$199,$0,$115,$224,$48,$-18,$30,$6,$24,$24,$24,$85,$48,$47,47,$0.51,$0.51,$29,$59,$49,$316,$4005,$0,$355,$57,$4919,$5235,$575,$1809,$782,$3141,$3716,$1,$304,$-9,$1519,$5235,$106,$109,$24,$132,$46,$-4,$-22,$26,$66,$304,$-173,$0,$-143,$0,$0,$0,$12,$-305,$120,$-50,$70,$-1,$-1,$-67,$-12,$-10,$-10,$3,$-67
13,2015-06-30,43.74,$32.23,1.36,$27.26,1.6,$2.77,15.81,$3.36,13.02,$0.31B,$0.51B,0.61,$1.74B,$1.52B,1.15,$1.18B,$0.79B,66.58%,$1.18B,$0.23B,19.20%,$1.18B,$0.23B,19.20%,$1.18B,$0.36B,30.71%,$1.18B,$0.15B,12.52%,$1.18B,$0.15B,12.61%,$0.15B,$1.52B,10.68%,$0.15B,$1.16B,14.32%,$0.15B,$5.06B,3.15%,$0.23B,$3.26B,7.62%,$271,$80,$191,$0,$94,$209,$61,$-22,$39,$8,$31,$31,$31,$97,$61,$47,47,$0.66,$0.65,$53,$51,$42,$312,$3843,$0,$355,$55,$4748,$5060,$510,$1739,$778,$3033,$3543,$1,$302,$-9,$1517,$5060,$82,$72,$18,$90,$41,$4,$-30,$34,$18,$190,$-131,$0,$-0,$0,$0,$0,$9,$-122,$50,$-48,$2,$-1,$-1,$-45,$-12,$-55,$13,$2,$-45
14,2015-03-31,47.81,$32.02,1.49,$28.43,1.68,$1.84,26.03,$2.91,16.43,$0.32B,$0.55B,0.58,$1.69B,$1.51B,1.12,$1.18B,$0.75B,63.84%,$1.18B,$0.19B,16.17%,$1.18B,$0.19B,16.17%,$1.18B,$0.32B,27.35%,$1.18B,$0.12B,9.99%,$1.18B,$0.13B,10.67%,$0.13B,$1.51B,9.82%,$0.13B,$1.15B,13.57%,$0.13B,$4.99B,2.86%,$0.19B,$3.20B,6.99%,$346,$112,$234,$0,$114,$262,$84,$-22,$61,$10,$51,$51,$51,$120,$84,$47,47,$1.09,$1.09,$37,$48,$44,$318,$3781,$0,$355,$56,$4671,$4989,$545,$1690,$751,$2938,$3483,$1,$294,$-9,$1506,$4989,$51,$36,$8,$45,$15,$7,$-23,$20,$31,$127,$-56,$0,$0,$0,$0,$0,$5,$-52,$-0,$-58,$-58,$-2,$-2,$-22,$-1,$-83,$-8,$1,$-22
15,2014-12-31,49.82,$31.50,1.58,$30.59,1.63,$1.90,26.18,$2.99,16.66,$0.35B,$0.62B,0.57,$1.69B,$1.48B,1.14,$1.21B,$0.72B,59.92%,$1.21B,$0.18B,14.77%,$1.21B,$0.18B,14.77%,$1.21B,$0.31B,25.39%,$1.21B,$0.11B,9.21%,$1.21B,$0.12B,10.04%,$0.12B,$1.48B,10.30%,$0.12B,$1.12B,14.75%,$0.12B,$4.97B,2.95%,$0.18B,$3.17B,7.12%,$313,$108,$205,$0,$122,$262,$51,$-14,$36,$-1,$37,$37,$37,$83,$51,$40,40,$0.87,$0.85,$50,$55,$61,$351,$3758,$0,$355,$54,$4623,$4974,$615,$1690,$745,$2882,$3496,$1,$265,$-9,$1478,$4974,$121,$129,$-14,$115,$13,$1,$-10,$2,$15,$250,$-269,$0,$-904,$0,$0,$0,$-35,$-1207,$506,$127,$633,$398,$398,$-65,$-5,$961,$4,$3,$-65
16,2014-09-30,39.64,$27.63,1.43,$31.16,1.27,$1.51,26.31,$2.82,14.06,$0.32B,$0.49B,0.65,$1.21B,$1.08B,1.12,$1.21B,$0.70B,57.80%,$1.21B,$0.18B,14.62%,$1.21B,$0.18B,14.62%,$1.21B,$0.30B,24.86%,$1.21B,$0.11B,8.75%,$1.21B,$0.11B,9.08%,$0.11B,$1.08B,10.34%,$0.11B,$0.73B,15.53%,$0.11B,$3.87B,2.91%,$0.18B,$2.29B,7.83%,$252,$95,$157,$0,$96,$221,$31,$-19,$12,$-18,$30,$30,$30,$63,$31,$39,39,$0.77,$0.77,$56,$63,$55,$320,$2800,$0,$355,$50,$3554,$3874,$493,$1211,$653,$2300,$2793,$0,$246,$1,$1082,$3874,$84,$96,$27,$123,$55,$-7,$-30,$-46,$-2,$205,$-186,$0,$1,$0,$0,$0,$-39,$-224,$26,$29,$55,$12,$12,$-46,$-1,$20,$1,$2,$-46
17,2014-06-30,45.24,$27.27,1.66,$31.54,1.43,$1.57,28.87,$2.45,18.46,$0.29B,$0.43B,0.68,$1.21B,$1.07B,1.14,$1.22B,$0.70B,57.41%,$1.22B,$0.18B,14.50%,$1.22B,$0.18B,14.50%,$1.22B,$0.30B,24.41%,$1.22B,$0.11B,9.09%,$1.22B,$0.10B,7.86%,$0.10B,$1.07B,9.20%,$0.10B,$0.71B,13.93%,$0.10B,$3.79B,2.58%,$0.18B,$2.28B,8.01%,$270,$112,$158,$0,$102,$245,$25,$-16,$9,$1,$8,$8,$8,$57,$25,$39,39,$0.20,$0.20,$32,$53,$63,$291,$2748,$0,$355,$61,$3501,$3792,$431,$1211,$657,$2294,$2725,$0,$231,$2,$1067,$3792,$53,$64,$31,$95,$45,$3,$-26,$-32,$-24,$125,$-112,$0,$1,$0,$0,$0,$0,$-110,$-0,$5,$5,$12,$12,$-31,$-0,$-14,$0,$2,$-31
18,2014-03-31,40.77,$27.45,1.49,$31.45,1.3,$2.34,17.41,$2.62,15.56,$0.32B,$0.42B,0.76,$1.19B,$1.07B,1.1,$1.21B,$0.70B,57.47%,$1.21B,$0.19B,15.28%,$1.21B,$0.19B,15.28%,$1.21B,$0.30B,24.94%,$1.21B,$0.12B,9.74%,$1.21B,$0.10B,8.42%,$0.10B,$1.07B,9.92%,$0.10B,$0.72B,15.16%,$0.10B,$3.75B,2.78%,$0.19B,$2.26B,8.55%,$370,$167,$202,$0,$101,$298,$71,$-18,$54,$8,$46,$46,$46,$103,$71,$39,39,$1.17,$1.17,$32,$38,$58,$317,$2707,$0,$355,$34,$3434,$3751,$419,$1185,$647,$2258,$2677,$0,$239,$3,$1074,$3751,$46,$32,$27,$58,$4,$18,$-18,$-29,$8,$112,$-52,$0,$1,$0,$0,$0,$0,$-50,$-0,$-56,$-56,$12,$12,$-15,$-0,$-59,$3,$1,$-15
19,2013-12-31,36.91,$26.60,1.39,$30.31,1.22,$2.75,13.41,$2.46,15.01,$0.32B,$0.46B,0.69,$1.19B,$1.03B,1.15,$1.15B,$0.68B,58.49%,$1.15B,$0.17B,14.82%,$1.15B,$0.17B,14.82%,$1.15B,$0.29B,24.78%,$1.15B,$0.11B,9.27%,$1.15B,$0.09B,8.15%,$0.09B,$1.03B,9.37%,$0.09B,$0.68B,14.51%,$0.09B,$3.72B,2.61%,$0.17B,$2.22B,8.09%,$319,$136,$183,$0,$105,$269,$50,$-19,$31,$5,$26,$26,$26,$78,$50,$38,38,$0.67,$0.68,$23,$56,$53,$321,$2690,$0,$355,$32,$3394,$3715,$464,$1185,$641,$2221,$2685,$0,$209,$3,$1031,$3715,$94,$115,$51,$166,$-31,$0,$6,$-44,$-66,$194,$-227,$0,$-69,$0,$0,$0,$0,$-295,$100,$18,$118,$56,$56,$-58,$-8,$108,$7,$2,$-58
20,2013-09-30,37.93,$26.11,1.45,$29.56,1.28,$4.49,8.44,$3.35,11.32,$0.28B,$0.42B,0.67,$1.09B,$1.00B,1.08,$1.12B,$0.71B,63.17%,$1.12B,$0.21B,18.82%,$1.12B,$0.21B,18.82%,$1.12B,$0.32B,29.03%,$1.12B,$0.15B,13.53%,$1.12B,$0.13B,11.38%,$0.13B,$1.00B,12.97%,$0.13B,$0.65B,20.36%,$0.13B,$3.63B,3.59%,$0.21B,$2.09B,10.17%,$262,$104,$158,$0,$98,$231,$31,$-14,$17,$2,$16,$16,$16,$60,$31,$38,39,$0.41,$0.40,$19,$63,$39,$281,$2574,$0,$355,$29,$3353,$3634,$418,$1085,$728,$2211,$2629,$0,$198,$2,$1004,$3634,$68,$87,$37,$124,$15,$-8,$-20,$-29,$-20,$171,$-150,$0,$0,$0,$0,$0,$0,$-150,$-0,$-20,$-20,$43,$43,$-43,$0,$-20,$1,$0,$-43
21,2013-06-30,33.39,$26.06,1.28,$29.12,1.15,$5.69,5.87,$2.85,11.71,$0.25B,$0.35B,0.7,$1.09B,$1.00B,1.08,$1.09B,$0.69B,63.30%,$1.09B,$0.18B,16.79%,$1.09B,$0.18B,16.79%,$1.09B,$0.30B,27.16%,$1.09B,$0.12B,11.19%,$1.09B,$0.11B,9.82%,$0.11B,$1.00B,11.26%,$0.11B,$0.65B,17.98%,$0.11B,$3.55B,3.10%,$0.18B,$2.09B,8.98%,$260,$107,$153,$0,$93,$228,$33,$-16,$16,$2,$14,$14,$14,$61,$33,$38,38,$0.37,$0.37,$16,$48,$44,$246,$2532,$0,$355,$27,$3305,$3551,$352,$1086,$729,$2196,$2549,$0,$196,$2,$1002,$3551,$52,$58,$29,$88,$27,$7,$-24,$-11,$-10,$130,$-88,$0,$0,$0,$0,$0,$0,$-88,$-0,$-58,$-58,$43,$43,$-29,$0,$-44,$-2,$0,$-29
22,2013-03-31,33.04,$25.75,1.28,$28.96,1.14,$5.88,5.62,$2.79,11.84,$0.27B,$0.38B,0.71,$1.09B,$0.98B,1.11,$1.08B,$0.69B,63.72%,$1.08B,$0.18B,16.65%,$1.08B,$0.18B,16.65%,$1.08B,$0.29B,27.07%,$1.08B,$0.12B,11.16%,$1.08B,$0.10B,9.67%,$0.10B,$0.98B,11.24%,$0.10B,$0.62B,18.25%,$0.10B,$3.48B,3.08%,$0.18B,$2.06B,9.07%,$313,$132,$181,$0,$95,$256,$57,$-14,$43,$5,$38,$38,$38,$87,$57,$37,37,$1.01,$1.01,$16,$39,$39,$265,$2444,$0,$355,$27,$3215,$3481,$376,$1086,$660,$2129,$2505,$0,$197,$2,$976,$3481,$38,$30,$26,$56,$0,$15,$-14,$-8,$18,$112,$-38,$0,$0,$0,$0,$0,$0,$-38,$-0,$-79,$-79,$16,$16,$-14,$0,$-77,$-3,$0,$-14
23,2012-12-31,28.51,$25.09,1.14,$29.08,0.98,$5.91,4.82,$2.66,10.72,$0.30B,$0.45B,0.68,$1.09B,$0.93B,1.16,$1.07B,$0.68B,63.03%,$1.07B,$0.18B,16.53%,$1.07B,$0.18B,16.53%,$1.07B,$0.29B,26.80%,$1.07B,$0.12B,10.92%,$1.07B,$0.10B,9.15%,$0.10B,$0.93B,10.88%,$0.10B,$0.58B,17.95%,$0.10B,$3.49B,2.96%,$0.18B,$2.02B,9.25%,$281,$68,$213,$0,$98,$192,$89,$-14,$75,$16,$59,$59,$59,$116,$89,$37,37,$1.58,$1.57,$17,$54,$52,$303,$2436,$0,$355,$24,$3182,$3486,$449,$1087,$652,$2102,$2552,$0,$173,$2,$934,$3486,$98,$109,$23,$132,$3,$5,$11,$-13,$21,$251,$-219,$0,$-103,$0,$0,$0,$0,$-322,$146,$-44,$102,$28,$28,$-54,$-1,$75,$4,$0,$-54
24,2012-09-30,29.43,$23.88,1.23,$29.21,1.01,$6.27,4.69,$2.02,14.57,$0.29B,$0.32B,0.89,$1.09B,$0.89B,1.22,$1.07B,$0.62B,57.88%,$1.07B,$0.14B,12.77%,$1.07B,$0.14B,12.77%,$1.07B,$0.25B,22.93%,$1.07B,$0.08B,7.18%,$1.07B,$0.07B,6.80%,$0.07B,$0.89B,8.27%,$0.07B,$0.53B,13.85%,$0.07B,$3.31B,2.25%,$0.14B,$1.98B,7.38%,$236,$93,$143,$0,$88,$231,$4,$-17,$-12,$-9,$-4,$-4,$-4,$32,$4,$37,37,$-0.10,$-0.10,$26,$59,$50,$287,$2319,$0,$355,$25,$3020,$3307,$322,$1087,$670,$2096,$2418,$0,$128,$3,$889,$3307,$40,$82,$42,$124,$38,$0,$-10,$2,$59,$223,$-158,$0,$-18,$0,$0,$0,$0,$-176,$146,$-167,$-21,$28,$28,$-41,$-1,$-34,$12,$0,$-41
25,2012-06-30,29.5,$24.22,1.22,$29.55,1.0,$6.89,4.28,$2.53,11.66,$0.23B,$0.40B,0.59,$0.94B,$0.90B,1.04,$1.08B,$0.62B,57.72%,$1.08B,$0.17B,15.26%,$1.08B,$0.17B,15.26%,$1.08B,$0.27B,25.16%,$1.08B,$0.11B,9.71%,$1.08B,$0.09B,8.51%,$0.09B,$0.90B,10.58%,$0.09B,$0.55B,17.88%,$0.09B,$3.22B,2.89%,$0.17B,$1.84B,9.13%,$245,$96,$148,$0,$93,$216,$29,$-15,$14,$3,$11,$11,$11,$56,$29,$37,37,$0.31,$0.31,$16,$43,$53,$234,$2266,$0,$355,$48,$2990,$3224,$395,$937,$669,$1928,$2323,$0,$145,$3,$901,$3224,$43,$55,$25,$80,$44,$17,$-17,$-7,$22,$145,$-98,$0,$0,$0,$0,$0,$0,$-98,$-4,$-37,$-41,$23,$23,$-27,$-1,$-45,$2,$0,$-27
26,2012-03-31,28.21,$24.17,1.17,$29.80,0.95,$8.11,3.48,$2.52,11.2,$0.26B,$0.42B,0.64,$0.94B,$0.88B,1.07,$1.09B,$0.62B,56.71%,$1.09B,$0.16B,14.89%,$1.09B,$0.16B,14.89%,$1.09B,$0.27B,24.63%,$1.09B,$0.10B,9.28%,$1.09B,$0.09B,8.46%,$0.09B,$0.88B,10.77%,$0.09B,$0.53B,18.44%,$0.09B,$3.22B,2.94%,$0.16B,$1.82B,9.04%,$309,$138,$171,$0,$89,$254,$55,$-15,$40,$8,$32,$32,$32,$83,$55,$36,37,$0.88,$0.88,$17,$42,$49,$264,$2231,$0,$355,$46,$2954,$3217,$415,$938,$664,$1922,$2338,$0,$147,$4,$880,$3217,$32,$28,$19,$47,$16,$18,$-16,$4,$41,$120,$-47,$0,$0,$0,$0,$0,$0,$-47,$-4,$-54,$-58,$0,$0,$-13,$0,$-71,$2,$0,$-13
27,2011-12-31,28.18,$23.68,1.19,$30.61,0.92,$8.43,3.34,$2.53,11.14,$0.29B,$0.48B,0.61,$0.94B,$0.86B,1.09,$1.12B,$0.62B,55.68%,$1.12B,$0.17B,14.77%,$1.12B,$0.17B,14.77%,$1.12B,$0.27B,24.08%,$1.12B,$0.10B,9.22%,$1.12B,$0.09B,8.33%,$0.09B,$0.86B,11.02%,$0.09B,$0.50B,19.01%,$0.09B,$3.21B,3.03%,$0.17B,$1.80B,9.25%,$283,$124,$159,$0,$84,$234,$49,$-14,$35,$1,$34,$34,$34,$75,$49,$36,37,$0.94,$0.93,$19,$60,$58,$290,$2213,$0,$355,$43,$2920,$3210,$476,$938,$655,$1875,$2351,$0,$129,$4,$859,$3210,$93,$104,$63,$167,$-4,$-9,$-2,$-13,$-26,$234,$-189,$0,$0,$0,$0,$0,$0,$-189,$-7,$14,$7,$0,$0,$-52,$-1,$-46,$-0,$0,$-52
28,2011-09-30,24.89,$23.11,1.08,$30.92,0.8,$6.93,3.59,$2.23,11.16,$0.27B,$0.43B,0.63,$0.94B,$0.84B,1.12,$1.13B,$0.61B,54.53%,$1.13B,$0.16B,14.30%,$1.13B,$0.16B,14.30%,$1.13B,$0.26B,23.36%,$1.13B,$0.10B,8.70%,$1.13B,$0.08B,7.28%,$0.08B,$0.84B,9.83%,$0.08B,$0.48B,17.10%,$0.08B,$3.06B,2.71%,$0.16B,$1.78B,8.88%,$244,$98,$146,$0,$89,$212,$32,$-16,$16,$1,$15,$15,$15,$58,$32,$36,37,$0.41,$0.41,$18,$72,$53,$269,$2171,$0,$355,$41,$2793,$3062,$427,$938,$596,$1797,$2224,$0,$107,$4,$838,$3062,$58,$78,$31,$109,$36,$-21,$-13,$4,$43,$211,$-124,$0,$0,$0,$0,$0,$0,$-124,$-7,$-40,$-47,$0,$0,$-39,$-1,$-86,$-0,$0,$-39
29,2011-06-30,25.51,$23.14,1.1,$30.86,0.83,$4.85,5.26,$2.22,11.49,$0.24B,$0.37B,0.65,$0.94B,$0.84B,1.12,$1.12B,$0.60B,53.70%,$1.12B,$0.16B,14.43%,$1.12B,$0.16B,14.43%,$1.12B,$0.26B,23.33%,$1.12B,$0.10B,8.99%,$1.12B,$0.08B,7.21%,$0.08B,$0.84B,9.79%,$0.08B,$0.48B,17.14%,$0.08B,$3.01B,2.71%,$0.16B,$1.78B,8.83%,$252,$110,$141,$0,$90,$226,$26,$-16,$10,$-1,$11,$11,$11,$52,$26,$36,37,$0.30,$0.30,$19,$44,$53,$244,$2141,$0,$355,$40,$2763,$3007,$373,$939,$600,$1795,$2168,$0,$106,$8,$839,$3007,$44,$52,$25,$77,$37,$6,$-19,$11,$43,$163,$-72,$0,$0,$0,$0,$0,$0,$-72,$-4,$-63,$-67,$0,$0,$-26,$-1,$-94,$-2,$0,$-26
30,2011-03-31,23.09,$23.19,1.0,$30.69,0.75,$2.79,8.28,$2.24,10.31,$0.27B,$0.40B,0.69,$0.94B,$0.84B,1.12,$1.12B,$0.59B,53.27%,$1.12B,$0.16B,14.62%,$1.12B,$0.16B,14.62%,$1.12B,$0.26B,23.41%,$1.12B,$0.10B,9.33%,$1.12B,$0.08B,7.35%,$0.08B,$0.84B,10.00%,$0.08B,$0.49B,17.64%,$0.08B,$3.02B,2.78%,$0.16B,$1.78B,8.81%,$338,$162,$176,$0,$93,$280,$58,$-16,$42,$9,$33,$33,$33,$84,$58,$36,36,$0.90,$0.89,$20,$27,$59,$271,$2127,$0,$355,$38,$2745,$3016,$395,$939,$593,$1781,$2176,$0,$108,$8,$841,$3016,$33,$26,$19,$46,$-1,$24,$-17,$12,$44,$122,$-38,$0,$0,$0,$0,$0,$0,$-38,$-4,$-67,$-71,$0,$0,$-13,$0,$-84,$1,$0,$-13
31,2010-12-31,21.7,$22.64,0.96,$30.56,0.71,$1.80,12.08,$2.14,10.14,$0.30B,$0.30B,1.0,$1.10B,$0.82B,1.34,$1.11B,$0.58B,52.12%,$1.11B,$0.16B,14.58%,$1.11B,$0.16B,14.58%,$1.11B,$0.26B,23.22%,$1.11B,$0.10B,9.27%,$1.11B,$0.08B,7.02%,$0.08B,$0.82B,9.62%,$0.08B,$0.47B,17.12%,$0.08B,$3.04B,2.69%,$0.16B,$1.92B,8.75%,$292,$140,$151,$0,$83,$246,$45,$-15,$30,$8,$23,$23,$23,$69,$45,$36,36,$0.63,$0.63,$19,$51,$66,$303,$2118,$0,$355,$39,$2735,$3038,$304,$1096,$585,$1913,$2217,$0,$88,$9,$820,$3038,$77,$95,$42,$137,$0,$-3,$-13,$-11,$4,$219,$-228,$0,$-12,$0,$0,$0,$0,$-241,$-6,$87,$81,$-0,$-0,$-49,$-8,$24,$2,$0,$-49
32,2010-09-30,21.2,$22.37,0.95,$30.88,0.69,$0.06,385.44,$2.21,9.59,$0.25B,$0.30B,0.85,$1.05B,$0.81B,1.3,$1.12B,$0.58B,51.47%,$1.12B,$0.17B,14.81%,$1.12B,$0.17B,14.81%,$1.12B,$0.26B,23.28%,$1.12B,$0.11B,9.46%,$1.12B,$0.08B,7.23%,$0.08B,$0.81B,10.10%,$0.08B,$0.46B,18.11%,$0.08B,$2.90B,2.86%,$0.17B,$1.86B,9.10%,$241,$106,$135,$0,$79,$208,$33,$-14,$19,$5,$14,$14,$14,$57,$33,$36,36,$0.40,$0.40,$18,$65,$61,$254,$2075,$0,$355,$36,$2646,$2899,$299,$1052,$543,$1790,$2089,$0,$78,$9,$810,$2899,$55,$71,$27,$99,$45,$-17,$-31,$-3,$35,$188,$-178,$0,$0,$0,$0,$0,$0,$-178,$-6,$43,$37,$-0,$-0,$-37,$-8,$-8,$2,$0,$-37
33,2010-06-30,19.26,$22.33,0.86,$30.73,0.63,$0.16,123.12,$2.33,8.26,$0.23B,$0.27B,0.84,$1.03B,$0.81B,1.28,$1.11B,$0.57B,51.21%,$1.11B,$0.16B,14.38%,$1.11B,$0.16B,14.38%,$1.11B,$0.25B,22.82%,$1.11B,$0.10B,8.72%,$1.11B,$0.09B,7.73%,$0.09B,$0.81B,10.83%,$0.09B,$0.45B,19.60%,$0.09B,$2.83B,3.07%,$0.16B,$1.84B,8.98%,$244,$112,$132,$0,$82,$217,$27,$-14,$13,$1,$12,$12,$12,$51,$27,$36,36,$0.32,$0.32,$21,$42,$55,$225,$2034,$0,$355,$35,$2607,$2832,$269,$1033,$538,$1755,$2024,$0,$76,$9,$808,$2832,$40,$48,$18,$66,$52,$5,$-29,$-14,$26,$132,$-116,$0,$0,$0,$0,$0,$0,$-116,$-3,$20,$17,$0,$0,$-24,$-7,$-14,$2,$0,$-24
34,2010-03-31,19.45,$22.22,0.88,$30.57,0.64,$0.79,24.58,$2.18,8.92,$0.25B,$0.30B,0.83,$0.98B,$0.80B,1.22,$1.11B,$0.57B,51.31%,$1.11B,$0.16B,14.48%,$1.11B,$0.16B,14.48%,$1.11B,$0.25B,22.99%,$1.11B,$0.09B,8.51%,$1.11B,$0.08B,7.24%,$0.08B,$0.80B,10.20%,$0.08B,$0.45B,18.65%,$0.08B,$2.82B,2.89%,$0.16B,$1.79B,9.20%,$334,$173,$161,$0,$81,$277,$57,$-16,$41,$12,$29,$29,$29,$81,$57,$36,37,$0.79,$0.79,$21,$28,$62,$252,$1996,$0,$355,$30,$2562,$2815,$303,$983,$543,$1707,$2011,$0,$76,$9,$804,$2815,$29,$24,$16,$40,$9,$19,$-17,$5,$38,$106,$-58,$0,$0,$0,$0,$0,$0,$-58,$-3,$-30,$-33,$0,$0,$-12,$-0,$-46,$3,$0,$-12
35,2009-12-31,18.63,$21.86,0.85,$31.73,0.59,$0.77,24.2,$2.02,9.22,$0.27B,$0.30B,0.9,$1.02B,$0.79B,1.29,$1.14B,$0.57B,49.82%,$1.14B,$0.15B,13.40%,$1.14B,$0.15B,13.40%,$1.14B,$0.25B,21.63%,$1.14B,$0.09B,7.79%,$1.14B,$0.07B,6.48%,$0.07B,$0.79B,9.53%,$0.07B,$0.43B,17.56%,$0.07B,$2.80B,2.68%,$0.15B,$1.80B,8.92%,$302,$154,$149,$0,$78,$253,$49,$-16,$33,$7,$26,$26,$26,$72,$49,$36,36,$0.70,$0.70,$18,$47,$55,$265,$1964,$0,$355,$29,$2530,$2795,$295,$1017,$535,$1713,$2008,$0,$60,$10,$787,$2795,$73,$93,$45,$137,$12,$23,$-9,$-72,$-94,$117,$-189,$0,$0,$0,$0,$0,$0,$-189,$167,$-42,$125,$-1,$-1,$-48,$-11,$65,$-7,$0,$-48
36,2009-09-30,17.27,$19.62,0.88,$31.94,0.54,$4.72,3.66,$1.91,9.04,$0.24B,$0.33B,0.73,$0.92B,$0.78B,1.19,$1.17B,$0.56B,47.68%,$1.17B,$0.16B,13.29%,$1.17B,$0.16B,13.29%,$1.17B,$0.25B,21.36%,$1.17B,$0.09B,7.80%,$1.17B,$0.07B,5.92%,$0.07B,$0.78B,8.95%,$0.07B,$0.42B,16.61%,$0.07B,$2.75B,2.50%,$0.16B,$1.70B,9.55%,$233,$105,$128,$0,$79,$206,$27,$-17,$10,$-9,$19,$19,$19,$50,$27,$36,36,$0.53,$0.52,$20,$62,$42,$237,$1900,$0,$355,$29,$2517,$2754,$327,$920,$583,$1652,$1979,$0,$46,$12,$776,$2754,$48,$70,$25,$95,$65,$8,$-34,$-66,$-14,$129,$-116,$0,$0,$0,$0,$0,$0,$-116,$112,$-84,$28,$-1,$-1,$-36,$-10,$-19,$-5,$0,$-36
37,2009-06-30,15.87,$19.48,0.81,$32.62,0.49,$6.85,2.32,$1.74,9.12,$0.26B,$0.32B,0.81,$0.90B,$0.77B,1.17,$1.21B,$0.57B,47.30%,$1.21B,$0.16B,13.53%,$1.21B,$0.16B,13.53%,$1.21B,$0.26B,21.33%,$1.21B,$0.10B,8.46%,$1.21B,$0.06B,5.23%,$0.06B,$0.77B,8.23%,$0.06B,$0.41B,15.37%,$0.06B,$2.72B,2.32%,$0.16B,$1.67B,10.20%,$236,$107,$129,$0,$79,$208,$27,$-18,$10,$4,$6,$6,$6,$51,$27,$36,36,$0.17,$0.17,$40,$47,$49,$260,$1852,$0,$355,$29,$2460,$2720,$321,$899,$588,$1630,$1951,$0,$39,$12,$769,$2720,$29,$47,$17,$65,$58,$23,$-39,$-40,$-8,$86,$-47,$0,$0,$0,$0,$0,$0,$-47,$115,$-108,$7,$0,$0,$-24,$-10,$-27,$12,$0,$-24
38,2009-03-31,14.76,$19.62,0.75,$33.16,0.45,$7.87,1.88,$1.81,8.15,$0.35B,$0.37B,0.94,$0.92B,$0.78B,1.18,$1.25B,$0.57B,45.59%,$1.25B,$0.17B,13.48%,$1.25B,$0.17B,13.48%,$1.25B,$0.26B,20.95%,$1.25B,$0.11B,8.67%,$1.25B,$0.07B,5.38%,$0.07B,$0.78B,8.58%,$0.07B,$0.42B,15.74%,$0.07B,$2.79B,2.50%,$0.17B,$1.69B,10.61%,$371,$208,$163,$0,$90,$320,$50,$-15,$36,$13,$23,$23,$23,$74,$50,$36,36,$0.63,$0.63,$98,$35,$64,$349,$1840,$0,$355,$22,$2443,$2792,$371,$917,$596,$1646,$2017,$0,$45,$12,$775,$2792,$23,$24,$14,$37,$13,$36,$-29,$-28,$5,$65,$-18,$0,$0,$0,$0,$0,$0,$-18,$147,$-108,$39,$0,$0,$-12,$-2,$25,$72,$0,$-12
39,2008-12-31,15.84,$21.25,0.75,$32.63,0.49,$8.18,1.94,$1.77,8.95,$0.31B,$0.59B,0.53,$0.67B,$0.76B,0.88,$1.26B,$0.56B,44.57%,$1.26B,$0.17B,13.48%,$1.26B,$0.17B,13.48%,$1.26B,$0.26B,20.78%,$1.26B,$0.11B,8.64%,$1.26B,$0.07B,5.31%,$0.07B,$0.76B,8.42%,$0.07B,$0.41B,15.20%,$0.07B,$2.76B,2.56%,$0.17B,$1.43B,10.84%,$326,$190,$136,$0,$64,$275,$51,$-17,$35,$13,$21,$21,$21,$74,$51,$38,38,$0.59,$0.59,$26,$71,$58,$313,$1840,$0,$355,$21,$2449,$2762,$589,$671,$624,$1410,$1999,$0,$34,$12,$764,$2762,$68,$91,$42,$132,$-12,$-7,$3,$24,$-2,$198,$-124,$0,$0,$0,$0,$0,$0,$-124,$-41,$96,$55,$-79,$-79,$-50,$-2,$-75,$-1,$0,$-50
40,2008-09-30,16.69,$19.12,0.87,$32.45,0.51,$8.60,1.94,$1.69,9.88,$0.28B,$0.37B,0.76,$0.84B,$0.75B,1.12,$1.24B,$0.57B,45.45%,$1.24B,$0.16B,13.11%,$1.24B,$0.16B,13.11%,$1.24B,$0.26B,20.51%,$1.24B,$0.10B,8.37%,$1.24B,$0.06B,5.15%,$0.06B,$0.75B,7.89%,$0.06B,$0.40B,14.04%,$0.06B,$2.59B,2.50%,$0.16B,$1.60B,10.05%,$272,$131,$142,$0,$85,$237,$35,$-14,$21,$8,$13,$13,$13,$58,$35,$38,38,$0.35,$0.35,$25,$91,$36,$278,$1816,$0,$355,$20,$2316,$2594,$368,$843,$513,$1471,$1840,$0,$25,$13,$754,$2594,$46,$68,$24,$93,$35,$-27,$-20,$-0,$38,$177,$-81,$0,$0,$0,$0,$0,$0,$-81,$-34,$52,$18,$-79,$-79,$-38,$-2,$-100,$-4,$0,$-38
