,Date,Stock Price,Book Value per Share,Price to Book Ratio,TTM Sales per Share,Price to Sales Ratio,TTM FCF per Share,Price to FCF Ratio,TTM Net EPS,PE Ratio,Current Assets,Current Liabilities,Current Ratio,Long Term Debt,Shareholder's Equity_x,Debt to Equity Ratio,TTM Revenue_x,TTM Gross Profit,Gross Margin,TTM Revenue_y,TTM Operating Income,Operating Margin,TTM Revenue_x,TTM EBIT,EBIT Margin,TTM Revenue_y,TTM EBITDA,EBITDA Margin,TTM Revenue_x,TTM Pre-Tax Income,Pre-Tax Margin,TTM Revenue_y,TTM Net Income_x,Net Margin,TTM Net Income_y,Shareholder's Equity_y,Return on Equity,TTM Net Income_x,Tangible Equity,Return on Tangible Equity,TTM Net Income_y,Total Assets,Return on Assets,TTM Net Income,LT Investments & Debt,Return on Investment,revenue,cost-goods-sold,gross-profit,research-development-expenses,selling-general-administrative-expenses,operating-expenses,operating-income,total-non-operating-income-expense,pre-tax-income,total-provision-income-taxes,income-after-taxes,income-from-continuous-operations,net-income,ebitda,ebit,basic-shares-outstanding,shares-outstanding,eps-basic-net-earnings-per-share,eps-earnings-per-share-diluted,cash-on-hand,inventory,other-current-assets,total-current-assets,net-property-plant-equipment,long-term-investments,goodwill-intangible-assets-total,other-long-term-assets,total-long-term-assets,total-assets,total-current-liabilities,long-term-debt,other-non-current-liabilities,total-long-term-liabilities,total-liabilities,common-stock-net,retained-earnings-accumulated-deficit,comprehensive-income,total-share-holder-equity,total-liabilities-share-holders-equity,net-income-loss,total-depreciation-amortization-cash-flow,other-non-cash-items,total-non-cash-items,change-in-accounts-receivable,change-in-inventories,change-in-accounts-payable,change-in-assets-liabilities,total-change-in-assets-liabilities,cash-flow-from-operating-activities,net-change-in-property-plant-equipment,net-change-in-intangible-assets,net-acquisitions-divestitures,net-change-in-short-term-investments,net-change-in-long-term-investments,net-change-in-investments-total,investing-activities-other,cash-flow-from-investing-activities,net-long-term-debt,net-current-debt,debt-issuance-retirement-net-total,net-common-equity-issued-repurchased,net-total-equity-issued-repurchased,total-common-preferred-stock-dividends-paid,financial-activities-other,cash-flow-from-financial-activities,net-cash-flow,stock-based-compensation,common-stock-dividends-paid
0,2018-09-30,39.16,$18.62,2.1,$7.73,5.07,$6.99,5.6,$1.09,35.93,$0.83B,$0.99B,0.84,$0.04B,$0.12B,0.31,$0.05B,$0.04B,89.80%,$0.05B,$0.02B,32.65%,$0.05B,0,0.00%,$0.05B,0,0.00%,$0.05B,$0.02B,32.65%,$0.05B,$0.01B,22.45%,$0.01B,$0.12B,9.50%,$0.01B,$0.11B,10.60%,$0.01B,$1.16B,0.96%,$0.02B,$0.15B,10.70%,$13,$1,$11,$0,$7,$8,$4,$0,$4,$1,$4,$4,$4,$0,$0,$6,6,$0.59,$0.58,$17,$0,$0,$832,$14,$251,$12,$42,$325,$1157,$994,$37,$9,$46,$1040,$1,$77,$-8,$117,$1157,$10,$2,$0,$2,$-0,$0,$0,$0,$0,$14,$0,$0,$0,$0,$25,$25,$-56,$-31,$1,$10,$11,$0,$0,$-4,$10,$17,$1,$0,$-4
1,2018-06-30,35.8,$18.45,1.94,$7.58,4.73,$6.78,5.28,$1.56,22.95,$0.82B,$1.00B,0.82,$0.03B,$0.12B,0.26,$0.05B,$0.04B,91.67%,$0.05B,$0.02B,33.33%,$0.05B,0,0.00%,$0.05B,0,0.00%,$0.05B,$0.02B,33.33%,$0.05B,$0.01B,20.83%,$0.01B,$0.12B,8.62%,$0.01B,$0.10B,9.62%,$0.01B,$1.15B,0.88%,$0.02B,$0.15B,10.77%,$12,$1,$11,$0,$7,$8,$4,$0,$4,$1,$4,$4,$4,$0,$0,$6,6,$0.57,$0.56,$16,$0,$0,$815,$14,$262,$12,$42,$335,$1151,$996,$30,$9,$39,$1035,$1,$74,$-7,$116,$1151,$7,$1,$0,$2,$0,$0,$0,$0,$0,$9,$0,$0,$0,$0,$17,$17,$-40,$-24,$-6,$1,$-5,$0,$0,$-3,$22,$14,$-1,$0,$-3
2,2018-03-31,29.69,$18.21,1.63,$7.43,4.0,$6.77,4.39,$1.43,20.71,$0.78B,$0.97B,0.81,$0.03B,$0.11B,0.29,$0.05B,$0.04B,91.49%,$0.05B,$0.02B,34.04%,$0.05B,0,0.00%,$0.05B,0,0.00%,$0.05B,$0.02B,34.04%,$0.05B,$0.01B,19.15%,$0.01B,$0.11B,7.76%,$0.01B,$0.10B,8.65%,$0.01B,$1.13B,0.80%,$0.02B,$0.15B,10.87%,$12,$1,$11,$0,$7,$8,$4,$0,$4,$1,$3,$3,$3,$0,$0,$6,6,$0.50,$0.50,$12,$0,$0,$783,$14,$268,$12,$44,$344,$1127,$972,$33,$9,$42,$1013,$1,$72,$-6,$114,$1127,$3,$1,$0,$1,$0,$0,$0,$0,$0,$2,$0,$0,$0,$0,$11,$11,$-12,$-0,$-3,$-13,$-15,$-0,$-0,$-1,$11,$-6,$-5,$0,$-1
3,2017-12-31,32.34,$18.51,1.75,$7.33,4.41,$6.98,4.63,$1.31,24.62,$0.78B,$0.97B,0.8,$0.04B,$0.12B,0.31,$0.05B,$0.04B,91.30%,$0.05B,$0.02B,32.61%,$0.05B,0,0.00%,$0.05B,0,0.00%,$0.05B,$0.02B,32.61%,$0.05B,$0.01B,17.39%,$0.01B,$0.12B,6.91%,$0.01B,$0.10B,7.71%,$0.01B,$1.13B,0.71%,$0.02B,$0.15B,10.27%,$12,$1,$11,$0,$6,$7,$4,$0,$4,$4,$0,$0,$0,$0,$0,$6,6,$0.03,$0.03,$17,$0,$0,$777,$14,$285,$12,$41,$356,$1133,$973,$36,$8,$44,$1017,$1,$70,$-3,$116,$1133,$8,$3,$4,$7,$-0,$0,$0,$0,$0,$16,$2,$0,$0,$0,$21,$21,$-52,$-29,$4,$10,$14,$-0,$-0,$-5,$4,$12,$-0,$0,$-5
4,2017-09-30,29.68,$18.88,1.57,$7.32,4.06,$6.05,4.91,$1.66,17.91,$0.77B,$0.97B,0.79,$0.03B,$0.12B,0.27,$0.05B,$0.04B,91.11%,$0.05B,$0.01B,31.11%,$0.05B,0,0.00%,$0.05B,0,0.00%,$0.05B,$0.01B,31.11%,$0.05B,$0.01B,22.22%,$0.01B,$0.12B,8.73%,$0.01B,$0.11B,9.76%,$0.01B,$1.13B,0.89%,$0.01B,$0.15B,9.74%,$12,$1,$11,$0,$7,$8,$4,$0,$4,$1,$3,$3,$3,$0,$0,$6,6,$0.47,$0.47,$14,$0,$0,$766,$13,$289,$12,$44,$366,$1132,$972,$32,$10,$42,$1014,$1,$71,$-1,$118,$1132,$8,$2,$1,$3,$-0,$0,$0,$0,$0,$12,$0,$0,$0,$0,$19,$19,$-43,$-24,$-0,$14,$14,$-1,$-1,$-4,$-1,$8,$-3,$0,$-4
5,2017-06-30,27.18,$18.60,1.46,$7.11,3.83,$5.35,5.08,$1.29,21.13,$0.75B,$0.98B,0.77,$0.03B,$0.12B,0.22,$0.04B,$0.04B,90.70%,$0.04B,$0.01B,27.91%,$0.04B,0,0.00%,$0.04B,0,0.00%,$0.04B,$0.01B,25.58%,$0.04B,$0.01B,18.60%,$0.01B,$0.12B,7.02%,$0.01B,$0.10B,7.86%,$0.01B,$1.13B,0.72%,$0.01B,$0.14B,8.22%,$11,$1,$10,$0,$7,$8,$4,$0,$4,$1,$3,$3,$3,$0,$0,$6,6,$0.44,$0.43,$16,$0,$0,$747,$13,$303,$12,$44,$380,$1127,$976,$25,$10,$36,$1011,$0,$70,$-2,$116,$1127,$5,$2,$1,$2,$0,$0,$-0,$0,$0,$9,$0,$0,$0,$0,$4,$4,$-21,$-17,$-7,$9,$3,$-0,$-0,$-3,$7,$7,$-1,$0,$-3
6,2017-03-31,26.73,$18.09,1.48,$6.84,3.91,$4.75,5.63,$1.19,22.4,$0.74B,$0.96B,0.77,$0.03B,$0.11B,0.26,$0.04B,$0.04B,92.50%,$0.04B,$0.01B,25.00%,$0.04B,0,0.00%,$0.04B,0,0.00%,$0.04B,$0.01B,22.50%,$0.04B,$0.01B,17.50%,$0.01B,$0.11B,6.29%,$0.01B,$0.10B,7.04%,$0.01B,$1.11B,0.68%,$0.01B,$0.14B,6.85%,$11,$1,$10,$0,$7,$8,$3,$0,$3,$1,$2,$2,$2,$0,$0,$6,6,$0.38,$0.38,$20,$0,$0,$736,$13,$298,$12,$44,$376,$1112,$961,$29,$9,$38,$999,$0,$68,$-3,$113,$1112,$2,$1,$0,$1,$0,$0,$-0,$0,$-0,$3,$0,$0,$0,$0,$8,$8,$-6,$2,$-3,$-4,$-8,$-0,$-0,$-1,$6,$-3,$3,$0,$-1
7,2016-12-31,20.94,$26.70,0.78,$6.54,3.2,$4.65,4.5,$1.15,18.16,$0.73B,$0.96B,0.76,$0.03B,$0.11B,0.29,$0.04B,$0.03B,91.89%,$0.04B,$0.01B,24.32%,$0.04B,0,0.00%,$0.04B,0,0.00%,$0.04B,$0.01B,21.62%,$0.04B,$0.01B,18.92%,$0.01B,$0.11B,6.44%,$0.01B,$0.10B,7.18%,$0.01B,$1.11B,0.74%,$0.01B,$0.14B,6.16%,$11,$1,$10,$0,$7,$8,$3,$-0,$3,$1,$2,$2,$2,$0,$0,$6,6,$0.38,$0.37,$17,$0,$0,$728,$14,$305,$12,$44,$383,$1111,$959,$32,$9,$41,$1000,$0,$67,$-4,$111,$1111,$7,$2,$2,$4,$0,$0,$0,$0,$0,$11,$0,$0,$11,$0,$38,$38,$-45,$4,$-29,$-22,$-51,$1,$1,$-5,$47,$-8,$7,$0,$-5
8,2016-09-30,18.18,$18.71,0.97,$6.13,2.96,$5.29,3.43,$0.81,22.53,$0.74B,$0.96B,0.77,$0.04B,$0.12B,0.37,$0.03B,$0.03B,91.18%,$0.03B,$0.01B,17.65%,$0.03B,0,0.00%,$0.03B,0,0.00%,$0.03B,$0.01B,14.71%,$0.03B,$0.01B,14.71%,$0.01B,$0.12B,4.71%,$0.01B,$0.10B,5.24%,$0.01B,$1.13B,0.59%,$0.01B,$0.16B,4.12%,$10,$1,$9,$0,$6,$7,$2,$-2,$1,$0,$1,$1,$1,$0,$0,$6,6,$0.10,$0.10,$33,$0,$0,$737,$14,$312,$12,$44,$388,$1125,$956,$43,$10,$53,$1009,$0,$66,$2,$116,$1125,$4,$2,$1,$3,$-1,$0,$0,$0,$-1,$8,$0,$0,$11,$0,$41,$41,$-37,$15,$-18,$-21,$-40,$-0,$-0,$-3,$44,$0,$23,$0,$-3
9,2016-06-30,17.31,$18.89,0.92,$5.90,2.93,$5.83,2.97,$1.03,16.86,$0.59B,$0.62B,0.95,$0.04B,$0.11B,0.35,$0.03B,$0.03B,90.63%,$0.03B,$0.01B,18.75%,$0.03B,0,0.00%,$0.03B,0,0.00%,$0.03B,$0.01B,18.75%,$0.03B,$0.01B,18.75%,$0.01B,$0.11B,5.84%,$0.01B,$0.10B,6.47%,$0.01B,$0.77B,0.79%,$0.01B,$0.14B,4.32%,$8,$1,$8,$0,$5,$6,$2,$0,$2,$1,$2,$2,$2,$0,$0,$6,6,$0.34,$0.34,$13,$0,$0,$590,$6,$132,$10,$27,$178,$768,$623,$37,$3,$40,$663,$0,$67,$3,$105,$768,$4,$1,$1,$2,$0,$0,$-0,$0,$0,$5,$0,$0,$0,$0,$14,$14,$-27,$-13,$-5,$-15,$-20,$-0,$-0,$-2,$33,$11,$3,$0,$-2
10,2016-03-31,16.73,$18.56,0.9,$5.82,2.87,$6.30,2.65,$1.04,16.09,$0.57B,$0.61B,0.93,$0.04B,$0.10B,0.38,$0.03B,$0.03B,87.50%,$0.03B,$0.01B,21.88%,$0.03B,0,0.00%,$0.03B,0,0.00%,$0.03B,$0.01B,21.88%,$0.03B,$0.01B,18.75%,$0.01B,$0.10B,5.91%,$0.01B,$0.09B,6.56%,$0.01B,$0.76B,0.80%,$0.01B,$0.14B,5.07%,$8,$1,$7,$0,$5,$6,$2,$0,$2,$1,$2,$2,$2,$0,$0,$6,6,$0.34,$0.34,$9,$0,$0,$570,$6,$147,$10,$24,$191,$760,$614,$39,$4,$43,$657,$0,$66,$2,$103,$760,$2,$0,$-0,$0,$-0,$0,$-0,$0,$-0,$3,$-0,$0,$0,$0,$-3,$-3,$-6,$-9,$-2,$-1,$-3,$-0,$-0,$-1,$10,$5,$-1,$0,$-1
11,2015-12-31,17.39,$18.19,0.96,$5.87,2.96,$6.66,2.61,$1.07,16.3,$0.57B,$0.61B,0.93,$0.04B,$0.10B,0.41,$0.03B,$0.03B,90.63%,$0.03B,$0.01B,25.00%,$0.03B,0,0.00%,$0.03B,0,0.00%,$0.03B,$0.01B,25.00%,$0.03B,$0.01B,18.75%,$0.01B,$0.10B,5.96%,$0.01B,$0.09B,6.61%,$0.01B,$0.75B,0.80%,$0.01B,$0.14B,5.95%,$8,$1,$7,$0,$7,$8,$-0,$0,$-0,$-0,$0,$0,$0,$0,$0,$6,6,$0.03,$0.03,$10,$0,$0,$565,$6,$142,$10,$23,$186,$751,$605,$41,$3,$44,$650,$0,$65,$0,$101,$751,$6,$2,$3,$5,$-0,$0,$-0,$0,$-0,$10,$4,$0,$0,$0,$16,$16,$-66,$-46,$19,$28,$46,$0,$0,$-5,$-9,$33,$-2,$0,$-5
12,2015-09-30,17.35,$18.44,0.94,$5.90,2.94,$6.11,2.84,$1.32,13.15,$0.55B,$0.61B,0.9,$0.03B,$0.10B,0.29,$0.03B,$0.03B,90.63%,$0.03B,$0.01B,31.25%,$0.03B,0,0.00%,$0.03B,0,0.00%,$0.03B,$0.01B,31.25%,$0.03B,$0.01B,25.00%,$0.01B,$0.10B,7.98%,$0.01B,$0.09B,8.86%,$0.01B,$0.75B,1.09%,$0.01B,$0.13B,7.74%,$8,$1,$7,$0,$5,$6,$2,$0,$2,$1,$2,$2,$2,$0,$0,$6,6,$0.32,$0.32,$12,$0,$0,$552,$7,$156,$10,$22,$197,$749,$614,$29,$4,$33,$647,$0,$66,$1,$102,$749,$6,$1,$1,$3,$-1,$0,$1,$0,$-0,$8,$2,$0,$0,$0,$2,$2,$-45,$-40,$7,$16,$23,$0,$0,$-3,$11,$31,$-1,$0,$-3
13,2015-06-30,17.36,$18.10,0.96,$5.96,2.91,$5.72,3.03,$1.39,12.52,$0.56B,$0.61B,0.91,$0.04B,$0.10B,0.37,$0.03B,$0.03B,90.63%,$0.03B,$0.01B,34.38%,$0.03B,0,0.00%,$0.03B,0,0.00%,$0.03B,$0.01B,34.38%,$0.03B,$0.01B,25.00%,$0.01B,$0.10B,8.08%,$0.01B,$0.09B,8.99%,$0.01B,$0.75B,1.10%,$0.01B,$0.14B,8.70%,$8,$1,$7,$0,$5,$5,$3,$0,$3,$1,$2,$2,$2,$0,$0,$6,6,$0.35,$0.35,$20,$0,$0,$556,$7,$154,$10,$22,$196,$752,$610,$37,$4,$41,$652,$0,$66,$-1,$100,$752,$4,$1,$0,$1,$-0,$0,$0,$0,$-0,$5,$2,$0,$0,$0,$3,$3,$-39,$-34,$15,$8,$23,$0,$0,$-2,$16,$37,$8,$0,$-2
14,2015-03-31,16.22,$18.20,0.89,$6.05,2.68,$5.26,3.09,$1.41,11.53,$0.54B,$0.60B,0.89,$0.03B,$0.10B,0.28,$0.03B,$0.03B,93.75%,$0.03B,$0.01B,34.38%,$0.03B,0,0.00%,$0.03B,0,0.00%,$0.03B,$0.01B,34.38%,$0.03B,$0.01B,25.00%,$0.01B,$0.10B,8.16%,$0.01B,$0.09B,9.09%,$0.01B,$0.73B,1.11%,$0.01B,$0.13B,9.02%,$8,$1,$8,$0,$5,$6,$3,$0,$3,$1,$2,$2,$2,$0,$0,$6,6,$0.37,$0.37,$20,$0,$0,$535,$7,$158,$10,$22,$199,$734,$602,$28,$4,$32,$634,$0,$65,$1,$100,$734,$2,$0,$-0,$0,$-0,$0,$1,$0,$0,$3,$2,$0,$0,$0,$1,$1,$-18,$-15,$6,$5,$10,$0,$0,$-1,$10,$20,$7,$0,$-1
15,2014-12-31,16.85,$17.96,0.94,$6.00,2.81,$4.88,3.45,$1.40,12.03,$0.51B,$0.59B,0.87,$0.02B,$0.10B,0.22,$0.03B,$0.03B,90.63%,$0.03B,$0.01B,34.38%,$0.03B,0,0.00%,$0.03B,0,0.00%,$0.03B,$0.01B,34.38%,$0.03B,$0.01B,25.00%,$0.01B,$0.10B,8.29%,$0.01B,$0.09B,9.25%,$0.01B,$0.71B,1.12%,$0.01B,$0.12B,9.21%,$8,$1,$7,$0,$5,$6,$2,$0,$2,$0,$2,$2,$2,$0,$0,$5,5,$0.28,$0.28,$12,$0,$0,$510,$7,$158,$10,$23,$202,$712,$587,$22,$4,$26,$613,$0,$64,$0,$99,$712,$8,$2,$1,$2,$0,$0,$-0,$0,$0,$11,$1,$0,$0,$0,$8,$8,$-4,$5,$-2,$-24,$-26,$1,$1,$-4,$19,$-11,$5,$0,$-4
16,2014-09-30,16.41,$17.81,0.92,$6.02,2.72,$5.15,3.19,$1.52,10.8,$0.51B,$0.59B,0.86,$0.02B,$0.10B,0.23,$0.03B,$0.03B,90.63%,$0.03B,$0.01B,37.50%,$0.03B,0,0.00%,$0.03B,0,0.00%,$0.03B,$0.01B,37.50%,$0.03B,$0.01B,25.00%,$0.01B,$0.10B,8.44%,$0.01B,$0.09B,9.44%,$0.01B,$0.72B,1.12%,$0.01B,$0.12B,10.15%,$8,$1,$7,$0,$5,$5,$3,$0,$3,$1,$2,$2,$2,$0,$0,$5,5,$0.39,$0.39,$13,$0,$0,$511,$7,$162,$10,$25,$207,$718,$594,$23,$4,$27,$621,$0,$64,$-0,$97,$718,$6,$1,$-0,$1,$-0,$0,$1,$0,$1,$8,$0,$0,$0,$0,$3,$3,$-4,$0,$-1,$-5,$-6,$0,$0,$-3,$7,$-2,$5,$0,$-3
17,2014-06-30,16.19,$17.63,0.92,$6.06,2.67,$5.43,2.98,$1.53,10.6,$0.51B,$0.59B,0.87,$0.02B,$0.10B,0.24,$0.03B,$0.03B,90.63%,$0.03B,$0.01B,37.50%,$0.03B,0,0.00%,$0.03B,0,0.00%,$0.03B,$0.01B,37.50%,$0.03B,$0.01B,25.00%,$0.01B,$0.10B,8.58%,$0.01B,$0.09B,9.61%,$0.01B,$0.72B,1.13%,$0.01B,$0.12B,10.34%,$8,$1,$8,$0,$5,$6,$3,$0,$3,$1,$2,$2,$2,$0,$0,$5,5,$0.37,$0.37,$15,$0,$0,$514,$7,$157,$10,$24,$202,$717,$594,$23,$4,$27,$621,$0,$63,$0,$96,$717,$4,$1,$-0,$1,$-0,$0,$0,$0,$0,$5,$0,$0,$0,$0,$8,$8,$-4,$4,$-1,$-12,$-13,$-0,$-0,$-2,$14,$-2,$8,$0,$-2
18,2014-03-31,16.08,$17.27,0.93,$6.04,2.66,$5.68,2.83,$1.49,10.77,$0.50B,$0.58B,0.86,$0.02B,$0.09B,0.25,$0.03B,$0.03B,87.50%,$0.03B,$0.01B,34.38%,$0.03B,0,0.00%,$0.03B,0,0.00%,$0.03B,$0.01B,34.38%,$0.03B,$0.01B,25.00%,$0.01B,$0.09B,8.72%,$0.01B,$0.08B,9.79%,$0.01B,$0.70B,1.14%,$0.01B,$0.12B,9.65%,$8,$1,$7,$0,$5,$5,$3,$0,$3,$1,$2,$2,$2,$0,$0,$5,5,$0.36,$0.36,$9,$0,$0,$501,$7,$159,$10,$21,$202,$703,$581,$23,$4,$28,$609,$0,$62,$-1,$94,$703,$2,$0,$-0,$0,$-0,$0,$1,$0,$0,$3,$-0,$0,$0,$0,$4,$4,$6,$11,$-0,$-10,$-10,$-0,$-0,$-1,$-1,$-12,$1,$0,$-1
19,2013-12-31,14.97,$16.81,0.89,$6.21,2.41,$5.78,2.59,$1.52,9.88,$0.51B,$0.59B,0.86,$0.02B,$0.09B,0.26,$0.03B,$0.03B,87.88%,$0.03B,$0.01B,33.33%,$0.03B,0,0.00%,$0.03B,0,0.00%,$0.03B,$0.01B,33.33%,$0.03B,$0.01B,24.24%,$0.01B,$0.09B,8.74%,$0.01B,$0.08B,9.82%,$0.01B,$0.71B,1.15%,$0.01B,$0.12B,9.65%,$8,$1,$7,$0,$4,$5,$3,$0,$3,$1,$2,$2,$2,$0,$0,$5,5,$0.39,$0.40,$8,$0,$0,$508,$7,$161,$10,$20,$204,$711,$592,$24,$3,$27,$619,$0,$61,$-3,$92,$711,$8,$2,$2,$3,$1,$0,$0,$0,$1,$13,$0,$0,$0,$0,$-21,$-21,$-31,$-53,$1,$21,$22,$0,$0,$-4,$17,$36,$-4,$0,$-4
20,2013-09-30,15.94,$16.79,0.95,$6.21,2.57,$6.08,2.62,$1.44,11.1,$0.51B,$0.59B,0.87,$0.02B,$0.09B,0.22,$0.03B,$0.03B,87.88%,$0.03B,$0.01B,33.33%,$0.03B,0,0.00%,$0.03B,0,0.00%,$0.03B,$0.01B,30.30%,$0.03B,$0.01B,24.24%,$0.01B,$0.09B,8.74%,$0.01B,$0.08B,9.82%,$0.01B,$0.70B,1.16%,$0.01B,$0.11B,9.67%,$8,$1,$7,$0,$5,$5,$3,$0,$3,$1,$2,$2,$2,$0,$0,$5,5,$0.39,$0.39,$27,$0,$0,$511,$7,$153,$10,$22,$193,$704,$588,$20,$4,$24,$612,$0,$60,$-2,$91,$704,$6,$1,$1,$2,$0,$0,$1,$0,$1,$10,$-0,$0,$0,$0,$-12,$-12,$-11,$-23,$-3,$10,$7,$0,$0,$-3,$24,$28,$15,$0,$-3
21,2013-06-30,15.82,$16.65,0.95,$6.34,2.49,$6.47,2.45,$1.45,10.91,$0.51B,$0.58B,0.87,$0.02B,$0.09B,0.22,$0.03B,$0.03B,88.24%,$0.03B,$0.01B,32.35%,$0.03B,0,0.00%,$0.03B,0,0.00%,$0.03B,$0.01B,29.41%,$0.03B,$0.01B,23.53%,$0.01B,$0.09B,8.72%,$0.01B,$0.08B,9.79%,$0.01B,$0.70B,1.16%,$0.01B,$0.11B,9.50%,$8,$1,$7,$0,$5,$6,$2,$0,$2,$1,$2,$2,$2,$0,$0,$5,5,$0.34,$0.34,$27,$0,$0,$505,$7,$153,$10,$22,$193,$698,$583,$20,$4,$24,$607,$0,$59,$-1,$90,$698,$4,$1,$0,$1,$0,$0,$0,$0,$1,$6,$0,$0,$0,$0,$-11,$-11,$-4,$-16,$-2,$3,$1,$-0,$-0,$-2,$26,$25,$15,$0,$-2
22,2013-03-31,15.02,$15.52,0.97,$6.42,2.34,$6.64,2.26,$1.53,9.83,$0.49B,$0.56B,0.88,$0.03B,$0.09B,0.27,$0.04B,$0.03B,85.71%,$0.04B,$0.01B,34.29%,$0.04B,0,0.00%,$0.04B,0,0.00%,$0.04B,$0.01B,31.43%,$0.04B,$0.01B,22.86%,$0.01B,$0.09B,8.72%,$0.01B,$0.08B,9.79%,$0.01B,$0.68B,1.17%,$0.01B,$0.12B,10.21%,$9,$1,$8,$0,$5,$6,$3,$0,$3,$1,$2,$2,$2,$0,$0,$5,5,$0.43,$0.42,$16,$0,$0,$491,$7,$151,$10,$21,$189,$681,$559,$25,$4,$29,$588,$0,$58,$2,$93,$681,$2,$0,$-0,$0,$-1,$0,$1,$0,$0,$3,$0,$0,$0,$0,$-4,$-4,$-1,$-5,$3,$-7,$-4,$-0,$-0,$-1,$11,$6,$4,$0,$-1
23,2012-12-31,14.45,$18.69,0.77,$6.24,2.32,$6.69,2.16,$1.55,9.32,$0.49B,$0.55B,0.88,$0.02B,$0.09B,0.24,$0.04B,$0.03B,82.86%,$0.04B,$0.01B,34.29%,$0.04B,0,0.00%,$0.04B,0,0.00%,$0.04B,$0.01B,31.43%,$0.04B,$0.01B,22.86%,$0.01B,$0.09B,8.82%,$0.01B,$0.08B,9.94%,$0.01B,$0.67B,1.17%,$0.01B,$0.12B,10.26%,$8,$1,$7,$0,$5,$6,$3,$0,$2,$1,$2,$2,$2,$0,$0,$5,5,$0.36,$0.36,$12,$0,$0,$486,$7,$148,$10,$18,$186,$672,$554,$22,$3,$26,$580,$0,$67,$3,$92,$672,$8,$2,$1,$3,$1,$0,$-1,$0,$-0,$11,$3,$0,$0,$0,$5,$5,$-26,$-17,$-5,$7,$2,$0,$0,$-4,$-1,$-3,$-9,$0,$-4
24,2012-09-30,14.54,$17.00,0.86,$6.15,2.36,$6.15,2.37,$1.60,9.08,$0.51B,$0.58B,0.89,$0.03B,$0.09B,0.3,$0.04B,$0.03B,80.00%,$0.04B,$0.01B,25.71%,$0.04B,0,0.00%,$0.04B,0,0.00%,$0.04B,$0.01B,34.29%,$0.04B,$0.01B,22.86%,$0.01B,$0.09B,8.91%,$0.01B,$0.08B,10.06%,$0.01B,$0.70B,1.17%,$0.01B,$0.12B,7.68%,$9,$1,$8,$0,$5,$6,$3,$0,$3,$1,$2,$2,$2,$0,$0,$5,5,$0.41,$0.41,$35,$0,$0,$512,$7,$151,$10,$18,$187,$699,$575,$28,$4,$31,$607,$0,$66,$4,$92,$699,$7,$1,$-0,$1,$1,$0,$-0,$0,$1,$9,$3,$0,$0,$0,$3,$3,$-24,$-18,$-0,$11,$10,$-0,$-0,$-3,$16,$23,$14,$0,$-3
25,2012-06-30,13.58,$16.68,0.81,$6.18,2.2,$5.74,2.37,$1.60,8.49,$0.50B,$0.56B,0.89,$0.03B,$0.09B,0.31,$0.04B,$0.03B,80.00%,$0.04B,$0.01B,25.71%,$0.04B,0,0.00%,$0.04B,0,0.00%,$0.04B,$0.01B,34.29%,$0.04B,$0.01B,22.86%,$0.01B,$0.09B,9.04%,$0.01B,$0.08B,10.22%,$0.01B,$0.69B,1.18%,$0.01B,$0.12B,7.74%,$9,$1,$7,$0,$4,$6,$3,$0,$3,$1,$2,$2,$2,$0,$0,$5,5,$0.42,$0.42,$24,$0,$0,$500,$7,$148,$10,$18,$184,$685,$563,$28,$4,$32,$595,$0,$65,$3,$90,$685,$4,$1,$-0,$1,$1,$0,$-1,$0,$-0,$5,$2,$0,$0,$0,$7,$7,$-23,$-13,$-0,$5,$5,$-0,$-0,$-2,$8,$12,$3,$0,$-2
26,2012-03-31,12.48,$16.45,0.76,$6.15,2.03,$5.41,2.31,$1.48,8.41,$0.50B,$0.56B,0.88,$0.03B,$0.09B,0.31,$0.03B,$0.03B,79.41%,$0.03B,$0.01B,23.53%,$0.03B,0,0.00%,$0.03B,0,0.00%,$0.03B,$0.01B,32.35%,$0.03B,$0.01B,20.59%,$0.01B,$0.09B,8.02%,$0.01B,$0.08B,9.12%,$0.01B,$0.69B,1.02%,$0.01B,$0.12B,6.75%,$9,$1,$7,$0,$4,$6,$3,$0,$3,$1,$2,$2,$2,$0,$0,$6,6,$0.37,$0.37,$20,$0,$0,$496,$7,$152,$10,$19,$189,$686,$563,$28,$6,$33,$597,$0,$64,$3,$89,$686,$2,$0,$-0,$0,$-0,$0,$-0,$0,$-1,$2,$2,$0,$0,$0,$4,$4,$-22,$-16,$-0,$-6,$-6,$-0,$-0,$-1,$20,$13,$-1,$0,$-1
27,2011-12-31,12.8,$16.25,0.79,$6.27,2.04,$5.22,2.45,$1.08,11.86,$0.48B,$0.55B,0.87,$0.03B,$0.09B,0.31,$0.03B,$0.03B,81.25%,$0.03B,$0.01B,25.00%,$0.03B,0,0.00%,$0.03B,0,0.00%,$0.03B,$0.01B,31.25%,$0.03B,$0.01B,21.88%,$0.01B,$0.09B,8.51%,$0.01B,$0.08B,9.40%,$0.01B,$0.67B,1.08%,$0.01B,$0.12B,6.93%,$8,$1,$6,$0,$6,$7,$0,$0,$3,$1,$2,$2,$2,$0,$0,$5,5,$0.37,$0.37,$21,$0,$0,$476,$7,$154,$11,$20,$192,$669,$549,$28,$4,$32,$581,$0,$62,$3,$88,$669,$7,$1,$0,$1,$2,$0,$-1,$0,$2,$11,$1,$0,$5,$0,$14,$26,$12,$31,$-18,$-30,$0,$-0,$-0,$-4,$-7,$-37,$5,$0,$-4
28,2011-09-30,11.06,$0.00,0.0,$6.43,1.72,$4.96,2.23,$1.10,10.03,$0.49B,$0.56B,0.88,$0.03B,$0.09B,0.32,$0.03B,$0.03B,83.87%,$0.03B,$0.01B,32.26%,$0.03B,0,0.00%,$0.03B,0,0.00%,$0.03B,$0.01B,29.03%,$0.03B,$0.01B,22.58%,$0.01B,$0.09B,9.06%,$0.01B,$0.08B,9.72%,$0.01B,$0.68B,1.14%,$0.01B,$0.12B,8.85%,$9,$1,$8,$0,$5,$6,$3,$-0,$3,$1,$2,$2,$2,$0,$0,$5,5,$0.41,$0.41,$38,$0,$0,$490,$0,$150,$10,$18,$178,$679,$560,$28,$4,$32,$592,$0,$61,$0,$87,$679,$5,$1,$0,$1,$2,$0,$1,$0,$3,$9,$0,$0,$5,$0,$16,$16,$16,$37,$-18,$-1,$-19,$-0,$-0,$-3,$-3,$-25,$21,$0,$-3
29,2011-06-30,11.91,$0.00,0.0,$6.36,1.87,$4.71,2.53,$1.11,10.74,$0.51B,$0.57B,0.89,$0.04B,$0.09B,0.51,$0.03B,$0.02B,82.76%,$0.03B,$0.01B,34.48%,$0.03B,0,0.00%,$0.03B,0,0.00%,$0.03B,$0.01B,31.03%,$0.03B,$0.01B,24.14%,$0.01B,$0.09B,9.66%,$0.01B,$0.07B,10.04%,$0.01B,$0.70B,1.21%,$0.01B,$0.13B,9.03%,$8,$1,$6,$0,$4,$5,$2,$-0,$2,$0,$1,$1,$1,$0,$0,$5,5,$0.30,$0.30,$45,$0,$0,$507,$0,$156,$10,$20,$187,$704,$572,$43,$4,$47,$619,$0,$60,$0,$85,$704,$3,$1,$0,$1,$-0,$0,$1,$0,$1,$5,$-0,$0,$5,$0,$8,$8,$9,$21,$-3,$-1,$-4,$-0,$-0,$-2,$9,$3,$29,$0,$-2
30,2011-03-31,12.28,$0.00,0.0,$6.42,1.91,$4.75,2.59,$1.21,10.19,$0.37B,$0.42B,0.86,$0.04B,$0.07B,0.51,$0.03B,$0.02B,85.71%,$0.03B,$0.01B,39.29%,$0.03B,0,0.00%,$0.03B,0,0.00%,$0.03B,$0.01B,35.71%,$0.03B,$0.01B,28.57%,$0.01B,$0.07B,11.76%,$0.01B,$0.07B,11.76%,$0.01B,$0.53B,1.49%,$0.01B,$0.10B,10.33%,$7,$1,$6,$0,$3,$5,$3,$-0,$2,$1,$2,$2,$2,$0,$0,$5,5,$0.36,$0.36,$20,$0,$0,$366,$0,$146,$0,$13,$159,$531,$424,$35,$3,$38,$462,$0,$60,$0,$69,$531,$2,$0,$-0,$0,$-1,$0,$1,$0,$0,$2,$-0,$0,$0,$0,$3,$3,$6,$10,$-3,$-8,$-11,$-0,$-0,$-1,$3,$-9,$3,$0,$-1
31,2010-12-31,12.39,$0.00,0.0,$6.51,1.9,$4.85,2.55,$1.60,7.74,$0.37B,$0.43B,0.86,$0.04B,$0.07B,0.56,$0.03B,$0.02B,82.76%,$0.03B,$0.01B,37.93%,$0.03B,0,0.00%,$0.03B,0,0.00%,$0.03B,$0.01B,37.93%,$0.03B,$0.01B,27.59%,$0.01B,$0.07B,11.94%,$0.01B,$0.07B,11.94%,$0.01B,$0.54B,1.49%,$0.01B,$0.11B,10.23%,$7,$1,$6,$0,$4,$5,$2,$0,$2,$1,$2,$2,$2,$0,$0,$5,5,$0.39,$0.39,$17,$0,$0,$370,$0,$149,$0,$12,$161,$537,$429,$38,$3,$41,$469,$0,$59,$0,$68,$537,$7,$1,$0,$1,$1,$0,$-1,$0,$-0,$9,$-0,$0,$0,$0,$-16,$-11,$5,$-11,$-5,$3,$0,$-1,$-0,$-3,$5,$2,$-1,$0,$-3
32,2010-09-30,12.36,$0.00,0.0,$6.81,1.81,$4.28,2.89,$1.60,7.72,$0.38B,$0.43B,0.88,$0.04B,$0.07B,0.56,$0.03B,$0.03B,80.65%,$0.03B,$0.01B,35.48%,$0.03B,0,0.00%,$0.03B,0,0.00%,$0.03B,$0.01B,35.48%,$0.03B,$0.01B,25.81%,$0.01B,$0.07B,12.12%,$0.01B,$0.07B,12.12%,$0.01B,$0.54B,1.50%,$0.01B,$0.11B,10.21%,$7,$1,$6,$0,$3,$5,$3,$0,$3,$1,$2,$2,$2,$0,$0,$5,5,$0.41,$0.41,$20,$0,$0,$375,$0,$144,$0,$11,$155,$535,$425,$38,$3,$41,$466,$0,$58,$0,$68,$535,$6,$1,$0,$1,$0,$0,$0,$0,$1,$7,$-0,$0,$0,$0,$0,$-3,$0,$-3,$0,$-1,$-5,$0,$-0,$-2,$7,$-2,$2,$0,$0
33,2010-06-30,11.02,$0.00,0.0,$6.87,1.6,$4.26,2.59,$1.58,6.99,$0.39B,$0.43B,0.89,$0.04B,$0.07B,0.64,$0.03B,$0.03B,78.13%,$0.03B,$0.01B,31.25%,$0.03B,0,0.00%,$0.03B,0,0.00%,$0.03B,$0.01B,31.25%,$0.03B,$0.01B,25.00%,$0.01B,$0.07B,12.31%,$0.01B,$0.07B,12.31%,$0.01B,$0.55B,1.51%,$0.01B,$0.11B,9.26%,$7,$2,$6,$0,$3,$5,$3,$0,$3,$1,$2,$2,$2,$0,$0,$5,5,$0.40,$0.40,$35,$0,$0,$385,$0,$145,$0,$11,$156,$547,$434,$43,$3,$46,$480,$0,$57,$0,$67,$547,$4,$0,$0,$0,$0,$0,$0,$0,$0,$5,$-0,$0,$0,$0,$0,$-0,$0,$-0,$0,$0,$0,$0,$-2,$-2,$16,$13,$17,$0,$0
34,2010-03-31,11.67,$0.00,0.0,$7.00,1.67,$4.30,2.71,$1.56,7.49,$0.38B,$0.42B,0.92,$0.04B,$0.07B,0.66,$0.03B,$0.03B,75.76%,$0.03B,$0.01B,27.27%,$0.03B,0,0.00%,$0.03B,0,0.00%,$0.03B,$0.01B,27.27%,$0.03B,$0.01B,24.24%,$0.01B,$0.07B,12.60%,$0.01B,$0.07B,12.60%,$0.01B,$0.53B,1.54%,$0.01B,$0.11B,8.45%,$8,$2,$6,$0,$3,$5,$3,$0,$3,$1,$2,$2,$2,$0,$0,$5,5,$0.39,$0.39,$26,$0,$0,$380,$0,$130,$0,$11,$141,$527,$415,$43,$3,$46,$461,$0,$55,$0,$65,$527,$2,$0,$0,$0,$0,$0,$0,$0,$0,$2,$-0,$0,$0,$0,$0,$11,$0,$11,$0,$-4,$0,$0,$-1,$-1,$0,$-5,$8,$0,$0
35,2009-12-31,12.23,$0.00,0.0,$7.08,1.73,$4.22,2.9,$1.55,7.91,$0.38B,$0.42B,0.9,$0.04B,$0.06B,0.67,$0.03B,$0.03B,75.76%,$0.03B,$0.01B,24.24%,$0.03B,0,0.00%,$0.03B,0,0.00%,$0.03B,$0.01B,24.24%,$0.03B,$0.01B,24.24%,$0.01B,$0.06B,12.85%,$0.01B,$0.06B,12.85%,$0.01B,$0.53B,1.55%,$0.01B,$0.11B,7.60%,$9,$2,$7,$0,$5,$7,$2,$0,$2,$0,$2,$2,$2,$0,$0,$5,5,$0.39,$0.39,$17,$0,$0,$378,$0,$135,$0,$12,$147,$530,$419,$43,$3,$46,$465,$0,$54,$0,$64,$530,$7,$1,$0,$1,$0,$0,$0,$0,$-2,$6,$-0,$0,$0,$0,$0,$-14,$1,$-13,$0,$-12,$0,$0,$1,$-3,$32,$17,$11,$0,$0
36,2009-09-30,13.18,$0.00,0.0,$6.93,1.9,$4.45,2.96,$1.50,8.77,$0.37B,$0.41B,0.91,$0.04B,$0.06B,0.68,$0.03B,$0.02B,75.00%,$0.03B,$0.01B,25.00%,$0.03B,0,0.00%,$0.03B,0,0.00%,$0.03B,$0.01B,25.00%,$0.03B,$0.01B,25.00%,$0.01B,$0.06B,13.11%,$0.01B,$0.06B,13.11%,$0.01B,$0.52B,1.57%,$0.01B,$0.11B,7.69%,$8,$2,$6,$0,$3,$5,$2,$0,$2,$1,$2,$2,$2,$0,$0,$5,5,$0.39,$0.39,$12,$0,$0,$369,$0,$131,$0,$9,$140,$515,$405,$43,$3,$46,$451,$0,$53,$0,$64,$515,$5,$1,$0,$1,$0,$0,$0,$0,$-0,$7,$-0,$0,$0,$0,$0,$-4,$0,$-4,$0,$-19,$0,$0,$0,$-2,$24,$3,$6,$0,$0
37,2009-06-30,13.18,$0.00,0.0,$7.02,1.88,$4.09,3.22,$1.47,8.99,$0.37B,$0.40B,0.91,$0.04B,$0.06B,0.7,$0.03B,$0.02B,75.00%,$0.03B,$0.01B,25.00%,$0.03B,0,0.00%,$0.03B,0,0.00%,$0.03B,$0.01B,25.00%,$0.03B,$0.01B,25.00%,$0.01B,$0.06B,13.56%,$0.01B,$0.06B,13.56%,$0.01B,$0.51B,1.58%,$0.01B,$0.10B,7.84%,$8,$2,$6,$0,$4,$5,$2,$0,$2,$1,$2,$2,$2,$0,$0,$5,5,$0.39,$0.38,$8,$0,$0,$366,$0,$128,$0,$10,$137,$508,$401,$43,$3,$46,$447,$0,$52,$0,$61,$508,$3,$0,$0,$0,$0,$0,$0,$0,$1,$5,$-0,$0,$0,$0,$0,$-4,$0,$-4,$0,$-14,$0,$0,$0,$-1,$15,$-0,$1,$0,$0
38,2009-03-31,10.21,$0.00,0.0,$7.13,1.43,$3.74,2.73,$1.47,6.94,$0.37B,$0.40B,0.91,$0.04B,$0.06B,0.72,$0.03B,$0.02B,75.00%,$0.03B,$0.01B,28.13%,$0.03B,0,0.00%,$0.03B,0,0.00%,$0.03B,$0.01B,25.00%,$0.03B,$0.01B,25.00%,$0.01B,$0.06B,13.85%,$0.01B,$0.06B,13.85%,$0.01B,$0.51B,1.60%,$0.01B,$0.10B,9.40%,$8,$2,$6,$0,$4,$6,$2,$0,$2,$1,$2,$2,$2,$0,$0,$5,5,$0.38,$0.38,$18,$0,$0,$367,$0,$129,$0,$9,$139,$511,$402,$43,$7,$50,$451,$0,$51,$0,$60,$511,$2,$0,$0,$0,$0,$0,$0,$0,$0,$2,$-0,$0,$0,$0,$0,$5,$0,$5,$0,$-9,$0,$0,$-0,$-1,$15,$5,$12,$0,$0
39,2008-12-31,11.33,$0.00,0.0,$7.21,1.57,$3.63,3.12,$1.48,7.66,$0.35B,$0.40B,0.89,$0.04B,$0.06B,0.73,$0.03B,$0.02B,75.00%,$0.03B,$0.01B,31.25%,$0.03B,0,0.00%,$0.03B,0,0.00%,$0.03B,$0.01B,28.13%,$0.03B,$0.01B,25.00%,$0.01B,$0.06B,14.04%,$0.01B,$0.06B,14.04%,$0.01B,$0.50B,1.62%,$0.01B,$0.10B,11.11%,$8,$2,$6,$0,$3,$6,$2,$0,$2,$1,$2,$2,$2,$0,$0,$5,5,$0.35,$0.35,$6,$0,$0,$354,$0,$135,$0,$10,$145,$504,$400,$43,$3,$46,$446,$0,$50,$0,$59,$504,$7,$1,$0,$1,$0,$0,$0,$0,$-1,$7,$-0,$0,$0,$0,$0,$-27,$0,$-27,$0,$31,$0,$0,$-1,$-3,$-10,$17,$-3,$0,$0
40,2008-09-30,11.84,$0.00,0.0,$7.28,1.63,$2.86,4.14,$1.49,7.94,$0.35B,$0.40B,0.88,$0.04B,$0.06B,0.77,$0.03B,$0.02B,71.88%,$0.03B,$0.01B,31.25%,$0.03B,0,0.00%,$0.03B,0,0.00%,$0.03B,$0.01B,28.13%,$0.03B,$0.01B,25.00%,$0.01B,$0.06B,14.22%,$0.01B,$0.06B,14.22%,$0.01B,$0.50B,1.64%,$0.01B,$0.10B,11.87%,$8,$2,$6,$0,$3,$6,$2,$0,$2,$1,$2,$2,$2,$0,$0,$5,5,$0.35,$0.35,$10,$0,$0,$349,$0,$133,$0,$11,$144,$499,$396,$43,$3,$46,$443,$0,$50,$0,$56,$499,$5,$1,$0,$1,$0,$0,$0,$0,$-0,$5,$-0,$0,$0,$0,$0,$-19,$0,$-19,$0,$7,$20,$0,$-1,$-2,$-9,$15,$1,$0,$0
41,2008-06-30,11.74,$0.00,0.0,$7.30,1.61,$2.05,5.72,$1.53,7.69,$0.34B,$0.41B,0.83,$0.02B,$0.06B,0.41,$0.03B,$0.02B,68.75%,$0.03B,$0.01B,34.38%,$0.03B,0,0.00%,$0.03B,0,0.00%,$0.03B,$0.01B,31.25%,$0.03B,$0.01B,25.00%,$0.01B,$0.06B,14.29%,$0.01B,$0.06B,14.29%,$0.01B,$0.49B,1.66%,$0.01B,$0.08B,13.92%,$8,$2,$6,$0,$3,$5,$3,$0,$2,$1,$2,$2,$2,$0,$0,$5,5,$0.39,$0.39,$10,$0,$0,$340,$0,$135,$0,$10,$146,$492,$410,$23,$3,$26,$436,$0,$49,$0,$56,$492,$4,$1,$0,$1,$0,$0,$0,$0,$-0,$3,$-0,$0,$0,$0,$0,$-11,$0,$-11,$0,$15,$0,$0,$-1,$-1,$-5,$9,$1,$0,$0
42,2008-03-31,12.49,$0.00,0.0,$7.16,1.74,$1.28,9.77,$1.47,8.48,$0.34B,$0.40B,0.84,$0.02B,$0.06B,0.41,$0.03B,$0.02B,65.63%,$0.03B,$0.01B,31.25%,$0.03B,0,0.00%,$0.03B,0,0.00%,$0.03B,$0.01B,31.25%,$0.03B,$0.01B,25.00%,$0.01B,$0.06B,14.48%,$0.01B,$0.06B,14.48%,$0.01B,$0.48B,1.67%,$0.01B,$0.08B,12.78%,$8,$3,$6,$0,$3,$6,$3,$0,$3,$1,$2,$2,$2,$0,$0,$5,5,$0.39,$0.39,$8,$0,$0,$336,$0,$133,$0,$9,$142,$484,$402,$23,$3,$26,$427,$0,$48,$0,$57,$484,$2,$0,$0,$0,$0,$0,$0,$0,$-0,$1,$-0,$0,$0,$0,$0,$-3,$0,$-3,$0,$1,$0,$0,$-1,$-1,$1,$1,$-1,$0,$0
43,2007-12-31,12.45,$0.00,0.0,$7.01,1.77,$0.75,16.49,$1.39,8.93,$0.34B,$0.40B,0.85,$0.02B,$0.06B,0.41,$0.03B,$0.02B,62.50%,$0.03B,$0.01B,28.13%,$0.03B,0,0.00%,$0.03B,0,0.00%,$0.03B,$0.01B,28.13%,$0.03B,$0.01B,21.88%,$0.01B,$0.06B,12.90%,$0.01B,$0.06B,12.90%,$0.01B,$0.48B,1.48%,$0.01B,$0.08B,11.65%,$8,$3,$5,$0,$3,$6,$2,$0,$2,$1,$2,$2,$2,$0,$0,$5,5,$0.36,$0.36,$9,$0,$0,$339,$0,$127,$0,$9,$136,$481,$400,$23,$2,$25,$425,$0,$47,$0,$56,$481,$7,$1,$0,$1,$0,$0,$0,$0,$-4,$4,$-0,$0,$0,$0,$0,$-25,$0,$-26,$0,$4,$10,$0,$-2,$-3,$13,$22,$-0,$0,$0
44,2007-09-30,12.13,$0.00,0.0,$6.85,1.77,$2.48,4.89,$1.36,8.9,$0.34B,$0.39B,0.86,$0.02B,$0.06B,0.42,$0.03B,$0.02B,62.50%,$0.03B,$0.01B,28.13%,$0.03B,0,0.00%,$0.03B,0,0.00%,$0.03B,$0.01B,28.13%,$0.03B,$0.01B,21.88%,$0.01B,$0.06B,13.15%,$0.01B,$0.06B,13.15%,$0.01B,$0.47B,1.50%,$0.01B,$0.08B,12.20%,$8,$3,$5,$0,$3,$6,$3,$0,$3,$1,$2,$2,$2,$0,$0,$5,5,$0.39,$0.39,$9,$0,$0,$336,$0,$121,$0,$10,$131,$473,$393,$23,$2,$25,$418,$0,$46,$0,$55,$473,$5,$1,$0,$1,$0,$0,$0,$0,$-4,$2,$-0,$0,$0,$0,$0,$-18,$0,$-19,$0,$-0,$10,$0,$-1,$-2,$10,$16,$-1,$0,$0
45,2007-06-30,12.85,$0.00,0.0,$6.65,1.93,$3.53,3.64,$1.30,9.91,$0.34B,$0.40B,0.86,$0.02B,$0.05B,0.43,$0.03B,$0.02B,62.50%,$0.03B,$0.01B,25.00%,$0.03B,0,0.00%,$0.03B,0,0.00%,$0.03B,$0.01B,25.00%,$0.03B,$0.01B,21.88%,$0.01B,$0.05B,13.40%,$0.01B,$0.05B,13.40%,$0.01B,$0.47B,1.52%,$0.01B,$0.08B,11.19%,$8,$3,$5,$0,$3,$6,$2,$0,$2,$1,$2,$2,$2,$0,$0,$5,5,$0.33,$0.33,$19,$0,$0,$339,$0,$119,$0,$10,$129,$474,$396,$23,$2,$25,$421,$0,$45,$0,$53,$474,$3,$0,$0,$0,$0,$0,$0,$0,$-4,$-0,$-0,$0,$0,$0,$0,$-10,$0,$-10,$0,$-4,$10,$0,$-1,$-1,$16,$20,$9,$0,$0
46,2007-03-31,12.16,$0.00,0.0,$6.50,1.87,$4.50,2.7,$1.28,9.51,$0.33B,$0.38B,0.86,$0.02B,$0.05B,0.43,$0.03B,$0.02B,64.52%,$0.03B,$0.01B,25.81%,$0.03B,0,0.00%,$0.03B,0,0.00%,$0.03B,$0.01B,25.81%,$0.03B,$0.01B,19.35%,$0.01B,$0.05B,11.71%,$0.01B,$0.05B,11.71%,$0.01B,$0.46B,1.32%,$0.01B,$0.08B,10.88%,$8,$3,$5,$0,$3,$6,$2,$0,$2,$1,$1,$1,$1,$0,$0,$5,5,$0.31,$0.31,$12,$0,$0,$331,$0,$115,$0,$9,$125,$461,$383,$23,$2,$25,$408,$0,$44,$0,$53,$461,$1,$0,$0,$0,$0,$0,$0,$0,$-3,$-1,$-0,$0,$0,$0,$0,$-5,$0,$-5,$0,$-3,$10,$0,$-0,$-1,$2,$8,$2,$0,$0
47,2006-12-31,12.18,$0.00,0.0,$6.53,1.87,$5.25,2.32,$1.28,9.53,$0.32B,$0.38B,0.84,$0.01B,$0.05B,0.25,$0.03B,$0.02B,67.74%,$0.03B,$0.01B,29.03%,$0.03B,0,0.00%,$0.03B,0,0.00%,$0.03B,$0.01B,25.81%,$0.03B,$0.01B,19.35%,$0.01B,$0.05B,12.00%,$0.01B,$0.05B,11.94%,$0.01B,$0.45B,1.34%,$0.01B,$0.07B,12.46%,$8,$3,$5,$0,$3,$6,$2,$0,$2,$1,$2,$2,$2,$0,$0,$5,5,$0.33,$0.33,$10,$0,$0,$323,$0,$116,$0,$9,$125,$454,$384,$13,$5,$18,$402,$0,$43,$0,$52,$454,$6,$1,$0,$1,$0,$0,$0,$0,$5,$13,$-1,$0,$0,$0,$0,$-21,$0,$-22,$0,$4,$-10,$0,$-1,$-2,$18,$9,$-0,$0,$0
