,Date,Stock Price,Book Value per Share,Price to Book Ratio,TTM Sales per Share,Price to Sales Ratio,TTM FCF per Share,Price to FCF Ratio,TTM Net EPS,PE Ratio,Current Assets,Current Liabilities,Current Ratio,Long Term Debt,Shareholder's Equity_x,Debt to Equity Ratio,TTM Revenue_x,TTM Gross Profit,Gross Margin,TTM Revenue_y,TTM Operating Income,Operating Margin,TTM Revenue_x,TTM EBIT,EBIT Margin,TTM Revenue_y,TTM EBITDA,EBITDA Margin,TTM Revenue_x,TTM Pre-Tax Income,Pre-Tax Margin,TTM Revenue_y,TTM Net Income_x,Net Margin,TTM Net Income_y,Shareholder's Equity_y,Return on Equity,TTM Net Income_x,Tangible Equity,Return on Tangible Equity,TTM Net Income_y,Total Assets,Return on Assets,TTM Net Income,LT Investments & Debt,Return on Investment,revenue,cost-goods-sold,gross-profit,research-development-expenses,selling-general-administrative-expenses,operating-expenses,operating-income,total-non-operating-income-expense,pre-tax-income,total-provision-income-taxes,income-after-taxes,income-from-continuous-operations,net-income,ebitda,ebit,basic-shares-outstanding,shares-outstanding,eps-basic-net-earnings-per-share,eps-earnings-per-share-diluted,cash-on-hand,inventory,other-current-assets,total-current-assets,net-property-plant-equipment,long-term-investments,goodwill-intangible-assets-total,other-long-term-assets,total-long-term-assets,total-assets,total-current-liabilities,long-term-debt,other-non-current-liabilities,total-long-term-liabilities,total-liabilities,common-stock-net,retained-earnings-accumulated-deficit,comprehensive-income,total-share-holder-equity,total-liabilities-share-holders-equity,net-income-loss,total-depreciation-amortization-cash-flow,other-non-cash-items,total-non-cash-items,change-in-accounts-receivable,change-in-inventories,change-in-accounts-payable,change-in-assets-liabilities,total-change-in-assets-liabilities,cash-flow-from-operating-activities,net-change-in-property-plant-equipment,net-change-in-intangible-assets,net-acquisitions-divestitures,net-change-in-short-term-investments,net-change-in-long-term-investments,net-change-in-investments-total,investing-activities-other,cash-flow-from-investing-activities,net-long-term-debt,net-current-debt,debt-issuance-retirement-net-total,net-common-equity-issued-repurchased,net-total-equity-issued-repurchased,total-common-preferred-stock-dividends-paid,financial-activities-other,cash-flow-from-financial-activities,net-cash-flow,stock-based-compensation,common-stock-dividends-paid
0,2018-09-30,20.3,$12.91,1.57,$28.84,0.7,$-1.35,0.0,$-11.34,0.0,$12.21B,$4.10B,2.98,$9.30B,$6.03B,1.54,$13.98B,$4.83B,34.53%,$13.98B,$-6.87B,-49.11%,$13.98B,$-6.87B,-49.11%,$13.98B,$2.88B,20.61%,$13.98B,$-7.32B,-52.36%,$13.98B,$-5.47B,-39.15%,$-5.47B,$6.03B,-45.26%,$-5.47B,$-2.72B,127.29%,$-5.47B,$22.40B,-18.06%,$-6.87B,$15.32B,-31.75%,$2277,$1460,$817,$0,$576,$10181,$-7904,$-110,$-8013,$-1218,$-6795,$-6795,$-7311,$941,$-7904,$471,471,$-15.52,$-15.52,$1444,$1858,$6612,$12209,$917,$0,$8745,$322,$10190,$22398,$4097,$9297,$1415,$12275,$16372,$490,$-2695,$-1037,$6026,$22398,$-7126,$9586,$-1622,$7964,$-122,$-262,$-61,$0,$-657,$182,$-274,$0,$2775,$0,$0,$0,$58,$2559,$-2,$-904,$-906,$-511,$-511,$-332,$-19,$-1768,$958,$58,$-332
1,2018-06-30,25.79,$28.79,0.9,$29.03,0.89,$-1.80,0.0,$4.24,6.08,$13.75B,$4.34B,3.17,$9.30B,$13.99B,0.67,$14.17B,$4.88B,34.41%,$14.17B,$1.18B,8.33%,$14.17B,$1.18B,8.33%,$14.17B,$2.24B,15.79%,$14.17B,$0.67B,4.75%,$14.17B,$2.07B,14.62%,$2.07B,$13.99B,15.04%,$2.07B,$-2.94B,-31.22%,$2.07B,$32.19B,6.25%,$1.18B,$23.29B,5.02%,$2203,$1428,$775,$0,$614,$2119,$84,$-107,$-23,$53,$-76,$-76,$132,$675,$84,$486,486,$0.27,$0.27,$2279,$1860,$7368,$13747,$929,$0,$16931,$368,$18444,$32191,$4343,$9301,$1459,$13857,$18200,$509,$4625,$-990,$13991,$32191,$185,$740,$-460,$281,$-111,$-250,$-214,$0,$-856,$-391,$-201,$0,$2665,$0,$0,$0,$-4,$2460,$-1,$-18,$-20,$0,$0,$-225,$-19,$-263,$1794,$38,$-225
2,2018-03-31,25.25,$29.17,0.87,$29.70,0.85,$-1.41,0.0,$4.43,5.7,$8.47B,$4.92B,1.72,$9.62B,$14.17B,0.68,$14.49B,$4.98B,34.34%,$14.49B,$1.19B,8.20%,$14.49B,$1.19B,8.20%,$14.49B,$1.87B,12.90%,$14.49B,$0.64B,4.42%,$14.49B,$2.16B,14.92%,$2.16B,$14.17B,16.20%,$2.16B,$-8.65B,-24.00%,$2.16B,$33.47B,6.44%,$1.19B,$23.79B,5.10%,$3017,$2012,$1005,$0,$880,$2900,$117,$-115,$2,$-51,$53,$53,$53,$267,$117,$486,487,$0.11,$0.11,$459,$2585,$2654,$8471,$1565,$0,$22815,$393,$24998,$33469,$4918,$9624,$1480,$14384,$19302,$509,$4543,$-712,$14167,$33469,$53,$150,$-84,$66,$256,$-309,$-286,$0,$-521,$-402,$-95,$0,$0,$0,$0,$0,$-10,$-105,$-1,$603,$602,$0,$0,$-113,$-15,$475,$-27,$10,$-113
3,2017-12-31,30.36,$29.23,1.04,$30.23,1.0,$-1.14,0.0,$5.63,5.39,$11.25B,$4.96B,2.27,$9.89B,$14.18B,0.7,$14.74B,$5.09B,34.52%,$14.74B,$1.23B,8.31%,$14.74B,$1.23B,8.31%,$14.74B,$1.95B,13.20%,$14.74B,$1.43B,9.69%,$14.74B,$2.75B,18.65%,$2.75B,$14.18B,21.45%,$2.75B,$-2.89B,-27.69%,$2.75B,$33.14B,8.19%,$1.23B,$24.07B,5.34%,$6482,$4252,$2230,$0,$1354,$5644,$838,$-125,$714,$-1269,$1983,$1983,$1653,$998,$838,$487,488,$3.39,$3.38,$486,$1662,$6894,$11250,$972,$0,$17073,$3700,$21886,$33136,$4958,$9889,$1370,$13997,$18954,$508,$4611,$-763,$14181,$33136,$2749,$721,$-2417,$-1697,$289,$-350,$211,$0,$-120,$932,$-406,$0,$1473,$0,$0,$0,$12,$1079,$-1512,$112,$-1400,$-171,$-171,$-590,$0,$-2162,$-102,$71,$-590
4,2017-09-30,41.61,$26.06,1.6,$26.72,1.56,$1.09,38.06,$2.59,16.06,$6.95B,$4.77B,1.46,$10.18B,$12.77B,0.8,$12.40B,$4.38B,35.35%,$12.40B,$0.90B,7.26%,$12.40B,$0.90B,7.26%,$12.40B,$1.59B,12.83%,$12.40B,$1.11B,8.94%,$12.40B,$1.26B,10.18%,$1.26B,$12.77B,10.42%,$1.26B,$-12.06B,-10.14%,$1.26B,$33.89B,3.74%,$0.90B,$22.95B,3.98%,$2467,$1602,$865,$0,$688,$2326,$141,$-161,$-20,$-131,$111,$111,$234,$297,$141,$490,492,$0.48,$0.48,$792,$2862,$4,$6949,$1675,$0,$24834,$394,$26939,$33888,$4774,$10184,$1271,$16344,$21118,$513,$3068,$-772,$12770,$33888,$1096,$561,$-744,$-183,$54,$-707,$136,$0,$-937,$-24,$-293,$0,$1467,$0,$0,$0,$9,$1183,$-1194,$686,$-508,$0,$0,$-479,$-20,$-1006,$205,$61,$-479
5,2017-06-30,52.03,$25.40,2.05,$29.83,1.74,$2.89,17.99,$2.49,20.9,$7.13B,$4.79B,1.49,$10.17B,$12.28B,0.83,$13.88B,$4.79B,34.51%,$13.88B,$1.08B,7.80%,$13.88B,$1.08B,7.80%,$13.88B,$1.76B,12.65%,$13.88B,$1.33B,9.56%,$13.88B,$1.22B,8.75%,$1.22B,$12.28B,10.31%,$1.22B,$-12.45B,-9.57%,$1.22B,$33.95B,3.59%,$1.08B,$22.45B,4.76%,$2527,$1650,$877,$0,$696,$2435,$92,$-147,$-55,$-72,$17,$17,$223,$308,$92,$484,486,$0.46,$0.46,$780,$2650,$359,$7131,$1653,$0,$24729,$398,$26819,$33950,$4791,$10173,$1777,$16881,$21672,$506,$2947,$-825,$12278,$33950,$862,$405,$-775,$-370,$-49,$-499,$177,$0,$-698,$-207,$-191,$0,$1344,$0,$0,$0,$5,$1158,$-1194,$620,$-574,$0,$0,$-204,$-20,$-798,$193,$40,$-204
6,2017-03-31,45.58,$24.90,1.83,$33.20,1.37,$4.09,11.14,$2.33,19.56,$6.49B,$4.32B,1.5,$10.33B,$12.03B,0.86,$15.22B,$5.01B,32.93%,$15.22B,$1.13B,7.42%,$15.22B,$1.13B,7.42%,$15.22B,$1.71B,11.25%,$15.22B,$1.55B,10.21%,$15.22B,$1.13B,7.41%,$1.13B,$12.03B,9.75%,$1.13B,$-12.30B,-8.68%,$1.13B,$33.34B,3.33%,$1.13B,$22.36B,4.91%,$3266,$2149,$1117,$0,$932,$3112,$154,$636,$790,$152,$639,$639,$639,$343,$154,$484,486,$1.32,$1.31,$688,$2477,$467,$6489,$1564,$0,$24331,$860,$26847,$33335,$4318,$10332,$1771,$16987,$21306,$506,$2836,$-949,$12030,$33335,$639,$189,$-921,$-732,$306,$-361,$-143,$0,$-170,$-264,$-101,$0,$1306,$0,$0,$0,$1,$1206,$-998,$246,$-752,$0,$0,$-93,$-15,$-860,$100,$20,$-93
7,2016-12-31,42.97,$23.59,1.82,$31.35,1.37,$3.68,11.66,$1.17,36.73,$7.49B,$4.29B,1.74,$11.29B,$11.38B,0.99,$13.27B,$4.40B,33.17%,$13.27B,$1.10B,8.29%,$13.27B,$1.10B,8.29%,$13.27B,$1.54B,11.59%,$13.27B,$0.82B,6.14%,$13.27B,$0.53B,3.99%,$0.53B,$11.38B,5.88%,$0.53B,$-12.95B,-5.07%,$0.53B,$33.84B,1.80%,$1.10B,$22.68B,5.37%,$4136,$2613,$1523,$0,$974,$3623,$513,$-121,$393,$227,$166,$166,$166,$643,$513,$421,423,$0.41,$0.42,$588,$2116,$1746,$7485,$1543,$0,$24331,$384,$26353,$33838,$4292,$11291,$1787,$18161,$22453,$505,$2290,$-1045,$11384,$33838,$528,$437,$31,$468,$-325,$785,$282,$0,$844,$1840,$-441,$0,$-8408,$0,$0,$0,$25,$-8825,$8315,$-641,$7673,$-16,$-16,$-329,$0,$7329,$313,$64,$-329
8,2016-09-30,50.48,$23.76,2.12,$27.32,1.85,$1.78,28.32,$0.88,57.36,$7.88B,$4.07B,1.94,$12.04B,$11.46B,1.05,$10.69B,$3.47B,32.50%,$10.69B,$0.69B,6.45%,$10.69B,$0.69B,6.45%,$10.69B,$1.04B,9.72%,$10.69B,$0.33B,3.08%,$10.69B,$0.38B,3.52%,$0.38B,$11.46B,5.69%,$0.38B,$-13.11B,-4.88%,$0.38B,$34.42B,1.65%,$0.69B,$23.51B,4.32%,$3955,$2680,$1275,$0,$938,$3631,$324,$-124,$200,$14,$187,$187,$187,$462,$324,$484,486,$0.39,$0.38,$670,$2434,$1712,$7881,$1514,$0,$24569,$453,$26535,$34416,$4067,$12043,$1794,$18887,$22953,$503,$2216,$-881,$11462,$34416,$362,$307,$-67,$240,$-226,$428,$206,$0,$246,$849,$-288,$0,$-8399,$0,$0,$0,$13,$-8674,$-750,$-183,$-933,$9415,$9415,$-237,$-13,$8231,$395,$48,$-237
9,2016-06-30,46.4,$23.52,1.97,$24.83,1.87,$1.14,40.81,$1.00,46.4,$6.82B,$4.19B,1.63,$12.05B,$11.34B,1.06,$8.27B,$2.80B,33.85%,$8.27B,$0.55B,6.68%,$8.27B,$0.55B,6.68%,$8.27B,$0.81B,9.76%,$8.27B,$0.29B,3.50%,$8.27B,$0.32B,3.91%,$0.32B,$11.34B,7.72%,$0.32B,$-13.59B,-6.70%,$0.32B,$33.96B,2.04%,$0.55B,$23.39B,5.00%,$3859,$2763,$1096,$0,$947,$3721,$138,$33,$170,$35,$136,$136,$135,$264,$138,$448,450,$0.30,$0.30,$627,$2909,$0,$6819,$1709,$0,$24934,$428,$27136,$33955,$4185,$12045,$1823,$18427,$22612,$503,$2122,$-881,$11343,$33955,$176,$169,$-14,$155,$-256,$315,$243,$0,$5,$336,$-164,$0,$-8361,$0,$0,$0,$7,$-8519,$8665,$47,$8712,$0,$0,$-145,$-18,$8549,$353,$29,$-145
10,2016-03-31,42.14,$6.63,6.35,$22.01,1.91,$0.25,169.58,$1.25,33.71,$10.49B,$2.20B,4.78,$10.61B,$1.78B,5.96,$5.97B,$2.32B,38.93%,$5.97B,$0.63B,10.54%,$5.97B,$0.63B,10.54%,$5.97B,$0.80B,13.42%,$5.97B,$0.31B,5.21%,$5.97B,$0.34B,5.65%,$0.34B,$1.78B,18.78%,$0.34B,$-2.11B,-18.51%,$0.34B,$15.33B,3.71%,$0.63B,$12.39B,10.22%,$1315,$809,$506,$0,$363,$1190,$125,$-74,$52,$11,$40,$40,$41,$168,$125,$269,270,$0.15,$0.15,$8181,$872,$103,$10489,$625,$0,$3888,$293,$4844,$15333,$2195,$10607,$549,$11359,$13554,$289,$2081,$-874,$1779,$15333,$41,$43,$67,$110,$70,$-138,$7,$0,$-412,$-261,$-52,$0,$-21,$0,$0,$0,$3,$-70,$7931,$379,$8310,$0,$0,$-53,$-18,$8239,$7906,$10,$-53
11,2015-12-31,41.73,$6.84,6.11,$21.77,1.92,$0.65,63.73,$1.30,32.1,$2.49B,$1.99B,1.25,$2.67B,$1.83B,1.46,$5.92B,$2.31B,38.96%,$5.92B,$0.60B,10.18%,$5.92B,$0.60B,10.18%,$5.92B,$0.77B,13.07%,$5.92B,$0.34B,5.71%,$5.92B,$0.35B,5.92%,$0.35B,$1.83B,19.73%,$0.35B,$-2.03B,-20.50%,$0.35B,$7.26B,5.07%,$0.60B,$4.50B,15.01%,$1561,$964,$597,$0,$428,$1459,$102,$-195,$-93,$-13,$-80,$-80,$13,$145,$102,$269,272,$0.05,$0.04,$275,$722,$98,$2494,$599,$0,$3855,$273,$4766,$7260,$1989,$2669,$549,$3445,$5433,$288,$2091,$-834,$1826,$7260,$350,$172,$132,$303,$-34,$-98,$20,$0,$-61,$593,$-211,$0,$-359,$0,$0,$0,$-80,$-650,$595,$-57,$538,$-186,$-186,$-206,$0,$145,$75,$29,$-206
12,2015-09-30,37.43,$6.70,5.59,$21.50,1.74,$1.01,37.03,$1.44,26.0,$2.59B,$2.14B,1.21,$2.10B,$1.79B,1.17,$5.88B,$2.28B,38.80%,$5.88B,$0.61B,10.42%,$5.88B,$0.61B,10.44%,$5.88B,$0.78B,13.31%,$5.88B,$0.49B,8.35%,$5.88B,$0.39B,6.61%,$0.39B,$1.79B,21.84%,$0.39B,$-1.57B,-24.40%,$0.39B,$6.79B,5.78%,$0.61B,$3.89B,15.84%,$1530,$931,$599,$0,$391,$1343,$187,$-27,$160,$26,$134,$134,$134,$230,$187,$269,271,$0.50,$0.50,$266,$899,$0,$2586,$594,$0,$3356,$258,$4208,$6794,$2141,$2097,$511,$2864,$5006,$287,$2142,$-909,$1788,$6794,$337,$129,$63,$192,$33,$-240,$25,$0,$-240,$288,$-150,$0,$-4,$0,$0,$0,$14,$-140,$0,$242,$242,$-166,$-166,$-155,$11,$-70,$67,$22,$-155
13,2015-06-30,38.58,$6.66,5.79,$21.22,1.82,$1.38,27.98,$1.38,27.96,$2.75B,$2.31B,1.19,$2.08B,$1.78B,1.17,$5.84B,$2.26B,38.73%,$5.84B,$0.60B,10.26%,$5.84B,$0.60B,10.28%,$5.84B,$0.77B,13.11%,$5.84B,$0.48B,8.26%,$5.84B,$0.38B,6.46%,$0.38B,$1.78B,20.47%,$0.38B,$-1.58B,-25.33%,$0.38B,$6.96B,5.70%,$0.60B,$3.86B,15.93%,$1561,$940,$621,$0,$393,$1346,$215,$-23,$192,$44,$148,$148,$149,$258,$215,$270,272,$0.55,$0.55,$239,$936,$0,$2753,$572,$0,$3363,$271,$4206,$6959,$2307,$2081,$553,$2869,$5176,$288,$2098,$-860,$1783,$6959,$203,$86,$41,$126,$-77,$-246,$92,$0,$-380,$-52,$-86,$0,$3,$0,$0,$0,$6,$-77,$0,$386,$386,$-124,$-124,$-104,$5,$163,$39,$14,$-104
14,2015-03-31,36.49,$6.32,5.77,$20.85,1.75,$1.66,21.98,$1.37,26.64,$2.42B,$2.04B,1.19,$2.09B,$1.70B,1.23,$5.78B,$2.24B,38.69%,$5.78B,$0.60B,10.33%,$5.78B,$0.60B,10.35%,$5.78B,$0.76B,13.12%,$5.78B,$0.49B,8.50%,$5.78B,$0.38B,6.56%,$0.38B,$1.70B,19.72%,$0.38B,$-1.65B,-29.01%,$0.38B,$6.61B,5.89%,$0.60B,$3.79B,16.24%,$1264,$777,$488,$0,$362,$1166,$98,$-19,$79,$22,$57,$57,$54,$140,$98,$271,273,$0.20,$0.20,$215,$852,$0,$2423,$563,$0,$3352,$267,$4182,$6605,$2044,$2094,$536,$2861,$4906,$289,$2047,$-888,$1699,$6605,$54,$42,$30,$72,$170,$-165,$-39,$0,$-281,$-154,$-51,$0,$2,$0,$0,$0,$-0,$-49,$0,$343,$343,$-74,$-74,$-53,$2,$218,$16,$7,$-53
15,2014-12-31,35.41,$6.89,5.14,$20.49,1.73,$1.98,17.92,$1.36,26.03,$2.29B,$1.89B,1.21,$2.09B,$1.86B,1.12,$5.73B,$2.20B,38.48%,$5.73B,$0.60B,10.55%,$5.73B,$0.61B,10.56%,$5.73B,$0.76B,13.29%,$5.73B,$0.46B,8.07%,$5.73B,$0.38B,6.60%,$0.38B,$1.86B,18.75%,$0.38B,$-1.58B,-33.84%,$0.38B,$6.56B,6.02%,$0.60B,$3.94B,16.49%,$1526,$952,$574,$0,$386,$1413,$114,$-54,$60,$10,$49,$49,$52,$155,$114,$276,279,$0.19,$0.18,$199,$709,$0,$2292,$559,$0,$3433,$241,$4272,$6564,$1889,$2085,$631,$2821,$4709,$289,$2111,$-794,$1855,$6564,$378,$156,$242,$398,$-141,$-28,$87,$0,$-142,$634,$-143,$0,$-602,$0,$0,$0,$-7,$-752,$842,$-248,$594,$-303,$-303,$-183,$10,$119,$-27,$30,$-183
16,2014-09-30,31.83,$7.48,4.25,$19.91,1.6,$2.47,12.91,$1.58,20.15,$2.38B,$2.19B,1.09,$1.42B,$2.03B,0.7,$5.63B,$2.15B,38.14%,$5.63B,$0.64B,11.45%,$5.63B,$0.64B,11.45%,$5.63B,$0.80B,14.20%,$5.63B,$0.54B,9.60%,$5.63B,$0.44B,7.87%,$0.44B,$2.03B,21.40%,$0.44B,$-1.14B,-46.74%,$0.44B,$6.35B,7.19%,$0.64B,$3.45B,17.82%,$1485,$908,$577,$0,$384,$1311,$173,$-22,$151,$28,$123,$123,$122,$212,$173,$274,276,$0.45,$0.44,$133,$789,$0,$2377,$525,$0,$3173,$273,$3972,$6349,$2189,$1419,$713,$2132,$4320,$291,$2197,$-689,$2029,$6349,$326,$114,$89,$203,$-41,$-112,$12,$0,$-186,$343,$-101,$0,$-305,$0,$0,$0,$-3,$-408,$0,$343,$343,$-263,$-263,$-136,$53,$-3,$-94,$21,$-136
17,2014-06-30,28.53,$7.68,3.71,$19.54,1.46,$2.32,12.27,$1.80,15.85,$2.46B,$1.99B,1.24,$1.42B,$2.10B,0.68,$5.61B,$2.12B,37.85%,$5.61B,$0.65B,11.57%,$5.61B,$0.65B,11.57%,$5.61B,$0.81B,14.36%,$5.61B,$0.55B,9.83%,$5.61B,$0.51B,9.17%,$0.51B,$2.10B,24.34%,$0.51B,$-0.85B,-60.03%,$0.51B,$6.22B,8.41%,$0.65B,$3.53B,17.46%,$1502,$907,$596,$0,$371,$1289,$213,$-12,$201,$52,$149,$149,$151,$251,$213,$277,280,$0.54,$0.54,$143,$812,$0,$2459,$543,$0,$2955,$262,$3760,$6218,$1986,$1424,$704,$2128,$4115,$293,$2215,$-621,$2104,$6218,$204,$76,$70,$146,$-122,$-123,$33,$0,$-345,$4,$-67,$0,$3,$0,$0,$0,$-0,$-64,$0,$215,$215,$-159,$-159,$-90,$36,$3,$-84,$15,$-90
18,2014-03-31,27.36,$7.49,3.65,$19.18,1.43,$2.15,12.71,$1.63,16.79,$2.23B,$1.55B,1.44,$1.67B,$2.07B,0.8,$5.58B,$2.11B,37.80%,$5.58B,$0.62B,11.13%,$5.58B,$0.62B,11.13%,$5.58B,$0.78B,13.96%,$5.58B,$0.52B,9.25%,$5.58B,$0.47B,8.48%,$0.47B,$2.07B,22.57%,$0.47B,$-0.90B,-53.78%,$0.47B,$5.99B,7.68%,$0.62B,$3.74B,16.50%,$1214,$757,$457,$0,$340,$1110,$105,$-54,$50,$-2,$52,$52,$53,$143,$105,$281,284,$0.19,$0.19,$137,$801,$0,$2231,$541,$0,$2969,$253,$3763,$5994,$1553,$1667,$701,$2368,$3920,$296,$2213,$-636,$2074,$5994,$53,$38,$65,$104,$131,$-116,$-16,$0,$-249,$-92,$-32,$0,$0,$0,$0,$0,$-0,$-32,$0,$145,$145,$-44,$-44,$-43,$16,$74,$-90,$7,$-43
19,2013-12-31,29.52,$7.45,3.96,$19.13,1.54,$2.05,14.37,$1.63,18.11,$2.29B,$1.61B,1.42,$1.66B,$2.08B,0.8,$5.61B,$2.13B,37.92%,$5.61B,$0.61B,10.95%,$5.61B,$0.61B,10.95%,$5.61B,$0.77B,13.80%,$5.61B,$0.54B,9.56%,$5.61B,$0.47B,8.45%,$0.47B,$2.08B,22.85%,$0.47B,$-0.90B,-52.42%,$0.47B,$6.07B,7.64%,$0.61B,$3.74B,16.37%,$1425,$909,$516,$0,$350,$1272,$153,$-16,$138,$24,$114,$114,$117,$193,$153,$289,292,$0.40,$0.41,$226,$684,$0,$2286,$540,$0,$2976,$269,$3784,$6070,$1605,$1662,$620,$2390,$3995,$298,$2242,$-645,$2075,$6070,$475,$159,$75,$234,$-19,$-62,$59,$0,$-103,$605,$52,$0,$0,$0,$0,$0,$2,$53,$0,$-36,$-36,$-418,$-418,$-174,$15,$-614,$43,$37,$-174
20,2013-09-30,24.92,$7.64,3.26,$18.94,1.32,$1.31,19.07,$1.57,15.88,$2.38B,$1.44B,1.65,$1.67B,$2.19B,0.76,$5.56B,$2.10B,37.86%,$5.56B,$0.61B,10.99%,$5.56B,$0.61B,10.99%,$5.56B,$0.77B,13.91%,$5.56B,$0.53B,9.48%,$5.56B,$0.46B,8.26%,$0.46B,$2.19B,22.33%,$0.46B,$-0.78B,-49.09%,$0.46B,$6.15B,7.35%,$0.61B,$3.86B,16.33%,$1466,$914,$553,$0,$343,$1288,$179,$-16,$162,$40,$122,$122,$193,$218,$179,$290,293,$0.67,$0.66,$197,$823,$0,$2384,$523,$0,$2971,$275,$3769,$6153,$1443,$1671,$846,$2517,$3960,$306,$2416,$-778,$2193,$6153,$357,$119,$49,$169,$36,$-196,$75,$0,$-225,$301,$-86,$0,$181,$0,$0,$0,$2,$97,$0,$-181,$-181,$-119,$-119,$-132,$50,$-382,$14,$28,$-132
21,2013-06-30,23.65,$7.09,3.34,$18.91,1.25,$1.35,17.56,$1.28,18.48,$2.60B,$1.84B,1.41,$1.67B,$2.04B,0.82,$5.55B,$2.11B,38.02%,$5.55B,$0.62B,11.17%,$5.55B,$0.62B,11.17%,$5.55B,$0.78B,14.11%,$5.55B,$0.53B,9.53%,$5.55B,$0.37B,6.74%,$0.37B,$2.04B,18.48%,$0.37B,$-0.94B,-38.24%,$0.37B,$6.40B,5.94%,$0.62B,$3.71B,17.06%,$1475,$892,$583,$0,$365,$1289,$185,$-19,$166,$50,$117,$117,$110,$225,$185,$291,294,$0.38,$0.37,$154,$885,$0,$2600,$533,$0,$2984,$285,$3803,$6403,$1841,$1669,$852,$2521,$4362,$307,$2308,$-819,$2041,$6403,$164,$80,$110,$190,$-125,$-202,$135,$0,$-413,$-60,$-57,$0,$0,$0,$0,$0,$-0,$-57,$0,$202,$202,$-72,$-72,$-88,$49,$91,$-30,$20,$-88
22,2013-03-31,23.38,$6.89,3.39,$18.74,1.25,$1.64,14.22,$1.29,18.13,$2.36B,$1.68B,1.41,$1.70B,$1.99B,0.86,$5.50B,$2.08B,37.83%,$5.50B,$0.61B,11.13%,$5.50B,$0.61B,11.13%,$5.50B,$0.78B,14.13%,$5.50B,$0.52B,9.44%,$5.50B,$0.38B,6.84%,$0.38B,$1.99B,18.73%,$0.38B,$-0.99B,-37.50%,$0.38B,$6.20B,5.93%,$0.61B,$3.69B,17.27%,$1241,$767,$474,$0,$341,$1143,$98,$-28,$70,$6,$64,$64,$54,$138,$98,$290,293,$0.19,$0.19,$174,$815,$0,$2357,$550,$0,$2983,$308,$3841,$6197,$1675,$1700,$834,$2534,$4209,$307,$2276,$-811,$1989,$6197,$54,$40,$70,$109,$80,$-123,$45,$0,$-287,$-123,$-34,$0,$0,$0,$0,$0,$-0,$-34,$0,$201,$201,$-34,$-34,$-45,$26,$148,$-10,$9,$-45
23,2012-12-31,19.82,$6.97,2.84,$18.75,1.06,$1.85,10.69,$1.37,14.47,$2.27B,$1.57B,1.45,$1.71B,$2.00B,0.85,$5.51B,$2.09B,38.01%,$5.51B,$0.64B,11.56%,$5.51B,$0.64B,11.56%,$5.51B,$0.80B,14.56%,$5.51B,$0.55B,10.02%,$5.51B,$0.40B,7.28%,$0.40B,$2.00B,20.07%,$0.40B,$-1.02B,-38.88%,$0.40B,$6.22B,6.30%,$0.64B,$3.71B,17.89%,$1376,$881,$494,$0,$326,$1226,$150,$-21,$129,$29,$100,$100,$102,$192,$150,$291,294,$0.36,$0.35,$184,$696,$0,$2271,$560,$0,$3024,$281,$3951,$6222,$1571,$1707,$945,$2651,$4222,$305,$2295,$-789,$2000,$6222,$401,$164,$122,$286,$-101,$8,$56,$0,$-69,$619,$-177,$0,$17,$0,$0,$0,$-3,$-163,$842,$-1097,$-256,$-92,$-92,$-126,$28,$-446,$14,$33,$-126
24,2012-09-30,16.87,$7.19,2.35,$17.93,0.94,$1.64,10.27,$1.29,13.08,$2.42B,$2.15B,1.13,$1.37B,$2.07B,0.66,$5.28B,$2.05B,38.92%,$5.28B,$0.67B,12.66%,$5.28B,$0.67B,12.66%,$5.28B,$0.83B,15.77%,$5.28B,$0.58B,11.01%,$5.28B,$0.38B,7.18%,$0.38B,$2.07B,19.32%,$0.38B,$-0.95B,-35.40%,$0.38B,$6.36B,5.97%,$0.67B,$3.43B,18.82%,$1457,$898,$559,$0,$360,$1270,$187,$-24,$164,$57,$106,$106,$108,$228,$187,$291,293,$0.37,$0.37,$250,$823,$0,$2424,$550,$0,$3017,$372,$3939,$6363,$2146,$1366,$784,$2150,$4297,$305,$2259,$-676,$2067,$6363,$299,$122,$111,$233,$-62,$-120,$59,$0,$-175,$357,$-130,$0,$-6,$0,$0,$0,$-3,$-139,$495,$-510,$-15,$-67,$-67,$-82,$23,$-142,$80,$26,$-82
25,2012-06-30,15.94,$6.84,2.33,$18.28,0.87,$1.31,12.17,$0.31,51.43,$2.66B,$2.45B,1.09,$1.37B,$1.98B,0.7,$5.37B,$2.07B,38.62%,$5.37B,$0.29B,5.38%,$5.37B,$0.29B,5.38%,$5.37B,$0.45B,8.40%,$5.37B,$0.20B,3.67%,$5.37B,$0.09B,1.73%,$0.09B,$1.98B,4.85%,$0.09B,$-1.04B,-8.35%,$0.09B,$6.59B,1.47%,$0.29B,$3.35B,7.99%,$1425,$873,$553,$0,$365,$1248,$177,$-21,$156,$50,$106,$106,$112,$219,$177,$292,294,$0.38,$0.38,$371,$860,$0,$2659,$552,$0,$3018,$362,$3932,$6591,$2448,$1372,$795,$2168,$4616,$307,$2201,$-706,$1975,$6591,$191,$81,$57,$138,$-109,$-167,$89,$0,$-273,$56,$-85,$0,$3,$0,$0,$0,$-0,$-82,$0,$-179,$-179,$454,$454,$-53,$7,$228,$201,$18,$-53
26,2012-03-31,15.57,$6.73,2.31,$18.50,0.84,$1.04,14.92,$0.42,37.08,$2.29B,$1.73B,1.33,$1.80B,$1.95B,0.92,$5.49B,$2.10B,38.34%,$5.49B,$0.31B,5.61%,$5.49B,$0.31B,5.61%,$5.49B,$0.47B,8.55%,$5.49B,$0.21B,3.86%,$5.49B,$0.13B,2.33%,$0.13B,$1.95B,6.49%,$0.13B,$-1.11B,-10.90%,$0.13B,$6.29B,2.00%,$0.31B,$3.75B,8.15%,$1251,$763,$488,$0,$353,$1127,$123,$-20,$103,$25,$78,$78,$79,$163,$123,$292,295,$0.27,$0.27,$190,$859,$0,$2292,$562,$0,$3060,$375,$3997,$6289,$1728,$1803,$807,$2610,$4338,$308,$2153,$-661,$1951,$6289,$79,$39,$30,$69,$72,$-149,$54,$0,$-196,$-47,$-48,$0,$6,$0,$0,$0,$0,$-42,$0,$142,$142,$-16,$-16,$-24,$4,$106,$20,$9,$-24
27,2011-12-31,14.06,$6.43,2.19,$18.53,0.76,$0.85,16.45,$0.40,35.15,$2.15B,$1.66B,1.29,$1.81B,$1.85B,0.98,$5.51B,$2.10B,38.12%,$5.51B,$0.31B,5.68%,$5.51B,$0.31B,5.68%,$5.51B,$0.48B,8.62%,$5.51B,$0.21B,3.79%,$5.51B,$0.13B,2.27%,$0.13B,$1.85B,6.27%,$0.13B,$-1.18B,-9.99%,$0.13B,$6.16B,1.93%,$0.31B,$3.66B,8.24%,$1142,$690,$453,$0,$300,$961,$181,$-24,$158,$23,$134,$134,$80,$222,$181,$294,296,$0.28,$0.29,$170,$700,$0,$2148,$551,$0,$3032,$309,$4013,$6161,$1661,$1809,$838,$2647,$4308,$305,$2097,$-707,$1853,$6161,$125,$162,$458,$620,$-18,$-22,$3,$0,$-184,$561,$-179,$0,$-20,$0,$0,$0,$-8,$-206,$3,$-185,$-182,$-52,$-52,$-85,$-6,$-325,$31,$43,$-85
28,2011-09-30,10.28,$6.56,1.57,$19.22,0.53,$0.99,10.42,$0.38,27.05,$2.29B,$1.78B,1.29,$1.81B,$1.90B,0.95,$5.76B,$2.17B,37.75%,$5.76B,$0.25B,4.29%,$5.76B,$0.25B,4.29%,$5.76B,$0.41B,7.12%,$5.76B,$0.14B,2.45%,$5.76B,$0.12B,2.10%,$0.12B,$1.90B,6.03%,$0.12B,$-1.12B,-9.10%,$0.12B,$6.21B,1.85%,$0.25B,$3.71B,6.37%,$1550,$971,$579,$0,$383,$1742,$-192,$-28,$-220,$-54,$-166,$-166,$-178,$-153,$-192,$291,291,$-0.61,$-0.61,$139,$873,$0,$2289,$537,$0,$3022,$363,$3923,$6212,$1776,$1811,$726,$2537,$4313,$306,$2041,$-613,$1899,$6212,$45,$121,$454,$575,$5,$-188,$55,$0,$-340,$280,$-151,$0,$19,$0,$0,$0,$-7,$-139,$3,$-52,$-49,$-24,$-24,$-62,$-8,$-142,$-1,$28,$-62
29,2011-06-30,13.58,$7.50,1.81,$18.76,0.72,$1.44,9.43,$1.08,12.58,$2.53B,$2.12B,1.19,$1.81B,$2.19B,0.83,$5.68B,$2.16B,38.03%,$5.68B,$0.61B,10.82%,$5.68B,$0.61B,10.82%,$5.68B,$0.78B,13.76%,$5.68B,$0.29B,5.11%,$5.68B,$0.33B,5.76%,$0.33B,$2.19B,16.34%,$0.33B,$-1.28B,-22.88%,$0.33B,$6.89B,4.93%,$0.61B,$3.99B,15.58%,$1545,$961,$584,$0,$388,$1349,$196,$-25,$171,$26,$145,$145,$147,$237,$196,$294,305,$0.50,$0.49,$144,$933,$0,$2532,$545,$0,$3469,$347,$4360,$6893,$2123,$1806,$779,$2585,$4708,$308,$2242,$-541,$2185,$6893,$222,$82,$87,$168,$-123,$-215,$178,$0,$-406,$-16,$-96,$0,$-15,$0,$0,$0,$-5,$-116,$1,$177,$178,$0,$0,$-38,$-8,$132,$4,$17,$-38
30,2011-03-31,16.39,$7.00,2.34,$18.44,0.89,$2.20,7.47,$1.00,16.39,$2.30B,$2.01B,1.15,$1.80B,$2.04B,0.88,$5.63B,$2.16B,38.41%,$5.63B,$0.62B,11.06%,$5.63B,$0.62B,11.06%,$5.63B,$0.79B,14.04%,$5.63B,$0.30B,5.24%,$5.63B,$0.31B,5.51%,$0.31B,$2.04B,16.07%,$0.31B,$-1.42B,-21.11%,$0.31B,$6.64B,4.74%,$0.62B,$3.84B,15.83%,$1274,$789,$485,$0,$351,$1146,$128,$-28,$100,$26,$74,$74,$76,$169,$128,$294,298,$0.26,$0.25,$140,$845,$0,$2304,$535,$0,$3454,$343,$4333,$6637,$2005,$1796,$797,$2594,$4599,$308,$2118,$-555,$2039,$6637,$76,$41,$52,$93,$45,$-132,$70,$0,$-277,$-108,$-45,$0,$-16,$0,$0,$0,$0,$-61,$0,$190,$190,$0,$0,$-15,$-7,$168,$0,$8,$-15
31,2010-12-31,15.54,$6.56,2.37,$18.41,0.84,$2.70,5.75,$0.94,16.53,$2.13B,$1.67B,1.28,$2.06B,$1.91B,1.08,$5.66B,$2.15B,37.96%,$5.66B,$0.62B,11.03%,$5.66B,$0.62B,11.03%,$5.66B,$0.80B,14.05%,$5.66B,$0.29B,5.18%,$5.66B,$0.29B,5.16%,$0.29B,$1.91B,15.59%,$0.29B,$-1.49B,-19.42%,$0.29B,$6.41B,4.50%,$0.62B,$3.97B,15.88%,$1390,$864,$526,$0,$387,$1275,$115,$-25,$90,$19,$71,$71,$76,$157,$115,$282,305,$0.27,$0.27,$140,$702,$0,$2132,$529,$0,$3398,$308,$4273,$6405,$1666,$2064,$770,$2834,$4500,$307,$2057,$-605,$1906,$6405,$293,$172,$277,$450,$-104,$-15,$39,$0,$-160,$583,$-148,$0,$-2,$0,$0,$0,$-4,$-153,$547,$-577,$-30,$-500,$-500,$-55,$14,$-572,$-139,$37,$-55
32,2010-09-30,15.18,$6.45,2.35,$18.36,0.83,$2.87,5.3,$0.89,17.05,$2.33B,$1.88B,1.23,$2.10B,$1.87B,1.12,$5.59B,$2.13B,38.04%,$5.59B,$0.64B,11.42%,$5.59B,$0.64B,11.42%,$5.59B,$0.81B,14.53%,$5.59B,$0.30B,5.27%,$5.59B,$0.28B,4.95%,$0.28B,$1.87B,15.03%,$0.28B,$-1.53B,-18.05%,$0.28B,$6.57B,4.27%,$0.64B,$3.97B,16.44%,$1466,$902,$563,$0,$373,$1291,$175,$-245,$-71,$-99,$28,$28,$28,$218,$175,$273,301,$0.10,$0.09,$154,$831,$0,$2326,$533,$0,$3398,$313,$4245,$6570,$1884,$2097,$697,$2813,$4697,$307,$1996,$-569,$1873,$6570,$217,$130,$268,$399,$-108,$-141,$119,$0,$-238,$378,$-108,$0,$8,$0,$0,$0,$-2,$-102,$547,$-421,$126,$-500,$-500,$-41,$10,$-404,$-125,$28,$-41
33,2010-06-30,12.43,$6.82,1.82,$18.29,0.68,$2.99,4.16,$1.08,11.51,$2.40B,$1.76B,1.36,$2.05B,$1.90B,1.08,$5.58B,$2.11B,37.80%,$5.58B,$0.63B,11.28%,$5.58B,$0.63B,11.28%,$5.58B,$0.81B,14.45%,$5.58B,$0.50B,8.88%,$5.58B,$0.34B,6.01%,$0.34B,$1.90B,18.26%,$0.34B,$-1.44B,-21.68%,$0.34B,$6.57B,5.15%,$0.63B,$3.95B,16.29%,$1496,$909,$587,$0,$363,$1293,$204,$-27,$176,$46,$130,$130,$130,$246,$204,$282,315,$0.46,$0.41,$260,$802,$0,$2401,$536,$0,$3338,$289,$4164,$6565,$1764,$2049,$826,$2901,$4666,$295,$1982,$-645,$1899,$6565,$189,$87,$50,$137,$-165,$-132,$172,$0,$-142,$183,$-61,$0,$-2,$0,$0,$0,$-2,$-64,$2,$-108,$-106,$0,$0,$-28,$-3,$-137,$-19,$19,$-28
34,2010-03-31,12.87,$6.53,1.97,$18.80,0.68,$2.68,4.8,$1.04,12.38,$2.24B,$1.70B,1.31,$2.01B,$1.82B,1.11,$5.59B,$2.08B,37.22%,$5.59B,$0.63B,11.19%,$5.59B,$0.63B,11.19%,$5.59B,$0.80B,14.36%,$5.59B,$0.48B,8.54%,$5.59B,$0.31B,5.57%,$0.31B,$1.82B,17.23%,$0.31B,$-1.56B,-19.66%,$0.31B,$6.42B,4.72%,$0.63B,$3.83B,15.95%,$1306,$835,$472,$0,$326,$1176,$130,$-32,$98,$40,$58,$58,$58,$174,$130,$281,308,$0.21,$0.19,$253,$729,$0,$2237,$550,$0,$3373,$256,$4179,$6416,$1704,$2013,$865,$2896,$4601,$295,$1865,$-604,$1816,$6416,$58,$44,$42,$86,$-29,$-46,$71,$0,$-115,$29,$-32,$0,$-2,$0,$0,$0,$0,$-33,$1,$-3,$-2,$0,$0,$-14,$-3,$-18,$-25,$11,$-14
35,2009-12-31,12.66,$6.42,1.97,$18.84,0.67,$2.53,5.0,$0.97,13.06,$2.18B,$1.76B,1.24,$2.02B,$1.78B,1.13,$5.48B,$2.03B,37.02%,$5.48B,$0.58B,10.51%,$5.48B,$0.58B,10.51%,$5.48B,$0.75B,13.70%,$5.48B,$0.43B,7.82%,$5.48B,$0.29B,5.23%,$0.29B,$1.78B,16.34%,$0.29B,$-1.62B,-17.77%,$0.29B,$6.42B,4.24%,$0.58B,$3.80B,14.27%,$1326,$820,$506,$0,$364,$1197,$130,$-38,$92,$31,$61,$61,$61,$175,$130,$281,294,$0.22,$0.20,$278,$688,$0,$2182,$578,$0,$3401,$263,$4242,$6424,$1760,$2015,$867,$2882,$4642,$294,$1821,$-585,$1782,$6424,$286,$175,$104,$279,$98,$243,$-104,$0,$39,$603,$-136,$0,$-14,$0,$0,$0,$0,$-149,$635,$-921,$-286,$33,$33,$-71,$-103,$-427,$3,$35,$-71
36,2009-09-30,13.19,$6.63,1.99,$19.52,0.68,$2.04,6.46,$-0.16,0.0,$2.26B,$1.93B,1.17,$2.03B,$1.84B,1.1,$5.61B,$1.96B,34.93%,$5.61B,$0.21B,3.71%,$5.61B,$0.21B,3.71%,$5.61B,$0.38B,6.85%,$5.61B,$0.06B,1.07%,$5.61B,$-0.03B,-0.55%,$-0.03B,$1.84B,-1.82%,$-0.03B,$-1.57B,1.88%,$-0.03B,$6.62B,-0.45%,$0.21B,$3.87B,5.18%,$1449,$906,$543,$0,$350,$1284,$165,$-36,$129,$44,$86,$86,$86,$211,$165,$281,302,$0.30,$0.28,$313,$784,$0,$2262,$597,$0,$3407,$336,$4361,$6623,$1931,$2033,$818,$2851,$4782,$294,$1774,$-470,$1841,$6623,$225,$130,$81,$211,$50,$154,$-88,$0,$-20,$416,$-108,$0,$-6,$0,$0,$0,$0,$-114,$635,$-777,$-142,$33,$33,$-57,$-102,$-269,$38,$26,$-57
37,2009-06-30,8.72,$6.42,1.36,$21.01,0.42,$1.45,6.0,$-0.24,0.0,$2.60B,$1.87B,1.4,$2.39B,$1.78B,1.34,$5.92B,$1.99B,33.63%,$5.92B,$0.21B,3.55%,$5.92B,$0.21B,3.55%,$5.92B,$0.39B,6.52%,$5.92B,$0.00B,0.07%,$5.92B,$-0.06B,-1.05%,$-0.06B,$1.78B,-3.43%,$-0.06B,$-1.59B,3.82%,$-0.06B,$6.92B,-0.88%,$0.21B,$4.18B,5.03%,$1504,$946,$558,$0,$329,$1305,$200,$-42,$158,$52,$106,$106,$106,$242,$200,$281,287,$0.38,$0.37,$418,$848,$0,$2603,$603,$0,$3368,$327,$4313,$6916,$1866,$2394,$874,$3267,$5133,$294,$1703,$-450,$1783,$6916,$139,$84,$58,$142,$-115,$78,$-78,$0,$-193,$88,$-65,$0,$-12,$0,$0,$0,$0,$-77,$760,$-517,$243,$33,$33,$-43,$-102,$130,$143,$17,$-43
38,2009-03-31,5.32,$5.83,0.91,$22.28,0.24,$0.66,8.06,$-0.28,0.0,$2.81B,$2.00B,1.4,$2.68B,$1.62B,1.66,$6.24B,$2.06B,32.94%,$6.24B,$0.17B,2.74%,$6.24B,$0.17B,2.74%,$6.24B,$0.35B,5.64%,$6.24B,$-0.03B,-0.51%,$6.24B,$-0.08B,-1.20%,$-0.08B,$1.62B,-3.87%,$-0.08B,$-1.69B,4.73%,$-0.08B,$7.14B,-1.04%,$0.17B,$4.30B,4.07%,$1204,$781,$423,$0,$312,$1123,$81,$-31,$50,$16,$34,$34,$34,$123,$81,$281,281,$0.12,$0.12,$756,$928,$0,$2808,$607,$0,$3310,$327,$4329,$7137,$2000,$2679,$841,$3520,$5520,$294,$1611,$-513,$1618,$7137,$34,$42,$15,$57,$77,$-30,$-86,$0,$-102,$-11,$-32,$0,$-1,$0,$0,$0,$0,$-34,$758,$-133,$626,$33,$33,$-29,$-101,$528,$481,$9,$-29
39,2008-12-31,8.01,$5.42,1.48,$23.12,0.35,$0.23,34.67,$-0.20,0.0,$2.39B,$2.23B,1.07,$2.12B,$1.59B,1.33,$6.47B,$2.12B,32.81%,$6.47B,$0.20B,3.11%,$6.47B,$0.20B,3.11%,$6.47B,$0.38B,5.93%,$6.47B,$0.00B,0.06%,$6.47B,$-0.05B,-0.80%,$-0.05B,$1.59B,-2.48%,$-0.05B,$-1.75B,3.73%,$-0.05B,$6.79B,-0.72%,$0.20B,$3.71B,4.82%,$1452,$1017,$435,$0,$355,$1690,$-238,$-39,$-277,$-21,$-256,$-256,$-257,$-192,$-238,$280,280,$-0.91,$-0.91,$275,$912,$0,$2394,$631,$0,$3339,$429,$4399,$6793,$2234,$2118,$852,$2970,$5204,$293,$1607,$-502,$1589,$6793,$-50,$183,$413,$597,$168,$31,$-106,$0,$-92,$455,$-148,$0,$-656,$0,$0,$0,$0,$-804,$1318,$-773,$546,$0,$0,$-235,$-5,$306,$-54,$36,$-235
40,2008-09-30,13.88,$8.05,1.72,$23.64,0.59,$0.86,16.14,$1.11,12.5,$2.68B,$2.12B,1.26,$2.30B,$2.23B,1.03,$6.66B,$2.26B,33.98%,$6.66B,$0.61B,9.19%,$6.66B,$0.61B,9.19%,$6.66B,$0.79B,11.87%,$6.66B,$0.43B,6.50%,$6.66B,$0.31B,4.65%,$0.31B,$2.23B,13.73%,$0.31B,$-1.46B,-26.45%,$0.31B,$7.26B,4.32%,$0.61B,$4.53B,14.90%,$1760,$1186,$575,$0,$394,$1593,$167,$-94,$73,$18,$56,$56,$55,$213,$167,$280,280,$0.20,$0.20,$221,$1061,$0,$2678,$656,$0,$3692,$233,$4580,$7258,$2124,$2297,$567,$2902,$5026,$293,$1950,$-193,$2232,$7258,$204,$138,$145,$283,$37,$-85,$-45,$0,$-244,$243,$-122,$0,$-654,$0,$0,$0,$0,$-776,$1318,$-711,$607,$0,$0,$-176,$-3,$428,$-109,$28,$-176
41,2008-06-30,13.34,$8.31,1.6,$23.25,0.57,$1.63,8.2,$1.52,8.78,$2.91B,$2.69B,1.08,$1.96B,$2.30B,0.85,$6.59B,$2.29B,34.75%,$6.59B,$0.66B,10.00%,$6.59B,$0.66B,10.00%,$6.59B,$0.83B,12.66%,$6.59B,$0.54B,8.26%,$6.59B,$0.43B,6.45%,$0.43B,$2.30B,18.96%,$0.43B,$-1.44B,-40.96%,$0.43B,$7.56B,6.06%,$0.66B,$4.26B,17.12%,$1825,$1202,$623,$0,$393,$1664,$161,$-39,$122,$29,$93,$93,$93,$208,$161,$280,280,$0.33,$0.33,$211,$1141,$0,$2912,$675,$0,$3744,$232,$4652,$7564,$2693,$1960,$606,$2567,$5260,$293,$1954,$-115,$2303,$7564,$149,$91,$92,$183,$-88,$-133,$-8,$0,$-454,$-121,$-78,$0,$-644,$0,$0,$0,$0,$-722,$920,$-82,$838,$0,$0,$-117,$0,$721,$-118,$17,$-117
42,2008-03-31,17.98,$8.13,2.21,$22.65,0.79,$2.69,6.68,$1.70,10.57,$3.10B,$2.30B,1.35,$1.95B,$2.25B,0.87,$6.46B,$2.27B,35.20%,$6.46B,$0.73B,11.32%,$6.46B,$0.73B,11.32%,$6.46B,$0.91B,14.02%,$6.46B,$0.63B,9.69%,$6.46B,$0.47B,7.34%,$0.47B,$2.25B,21.83%,$0.47B,$-0.92B,-51.75%,$0.47B,$7.21B,7.03%,$0.73B,$4.20B,18.99%,$1434,$943,$491,$0,$361,$1323,$111,$-26,$86,$28,$58,$58,$57,$155,$111,$280,280,$0.20,$0.20,$752,$1092,$0,$3103,$690,$0,$3174,$214,$4103,$7206,$2303,$1947,$706,$2653,$4956,$293,$1920,$-124,$2250,$7206,$57,$44,$28,$73,$156,$-132,$-53,$0,$-253,$-123,$-40,$0,$-28,$0,$0,$0,$0,$-68,$747,$-80,$668,$0,$0,$-59,$-1,$608,$423,$8,$-59
43,2007-12-31,20.17,$7.68,2.63,$22.51,0.9,$3.18,6.33,$1.68,12.0,$2.65B,$2.56B,1.03,$1.20B,$2.25B,0.53,$6.41B,$2.26B,35.24%,$6.41B,$0.74B,11.57%,$6.41B,$0.74B,11.57%,$6.41B,$0.92B,14.31%,$6.41B,$0.63B,9.88%,$6.41B,$0.47B,7.27%,$0.47B,$2.25B,22.38%,$0.47B,$-0.86B,-49.56%,$0.47B,$6.68B,7.17%,$0.74B,$3.45B,19.23%,$1643,$1067,$576,$0,$371,$1470,$173,$-21,$152,$48,$104,$104,$105,$216,$173,$279,288,$0.36,$0.37,$329,$940,$0,$2652,$689,$0,$3111,$203,$4031,$6683,$2564,$1197,$674,$1872,$4436,$293,$1923,$-123,$2247,$6683,$470,$177,$30,$207,$-8,$-54,$54,$0,$-22,$655,$-160,$0,$-106,$0,$0,$0,$0,$-266,$421,$-478,$-58,$25,$25,$-235,$0,$-267,$128,$36,$-235
44,2007-09-30,22.28,$7.82,2.85,$22.74,0.98,$3.97,5.61,$1.67,13.34,$2.57B,$2.30B,1.12,$1.33B,$2.16B,0.62,$6.40B,$2.22B,34.71%,$6.40B,$0.74B,11.48%,$6.40B,$0.74B,11.48%,$6.40B,$0.92B,14.29%,$6.40B,$0.62B,9.62%,$6.40B,$0.46B,7.23%,$0.46B,$2.16B,23.23%,$0.46B,$-0.92B,-47.46%,$0.46B,$6.59B,7.22%,$0.74B,$3.50B,18.57%,$1687,$1086,$601,$0,$365,$1474,$214,$-30,$184,$14,$170,$170,$170,$256,$214,$276,286,$0.62,$0.61,$170,$1000,$0,$2570,$697,$0,$3085,$238,$4021,$6591,$2299,$1332,$796,$2128,$4427,$292,$1876,$-146,$2164,$6591,$362,$134,$74,$208,$24,$-119,$59,$0,$-114,$456,$-113,$0,$-102,$0,$0,$0,$0,$-215,$355,$-474,$-119,$18,$18,$-176,$0,$-277,$-32,$28,$-176
45,2007-06-30,22.57,$6.93,3.26,$22.60,1.0,$4.07,5.54,$1.45,15.57,$2.59B,$1.45B,1.79,$2.23B,$2.03B,1.1,$6.30B,$2.16B,34.22%,$6.30B,$0.70B,11.09%,$6.30B,$0.70B,11.09%,$6.30B,$0.89B,14.05%,$6.30B,$0.57B,9.11%,$6.30B,$0.40B,6.38%,$0.40B,$2.03B,21.07%,$0.40B,$-0.96B,-40.12%,$0.40B,$6.50B,6.29%,$0.70B,$4.26B,17.27%,$1693,$1088,$606,$0,$357,$1460,$233,$-29,$204,$61,$143,$143,$142,$279,$233,$276,286,$0.52,$0.51,$163,$974,$0,$2587,$707,$0,$2980,$229,$3917,$6504,$1449,$2232,$797,$3029,$4478,$292,$1765,$-163,$2025,$6504,$192,$92,$78,$171,$-80,$-103,$82,$0,$-189,$173,$-72,$0,$-50,$0,$0,$0,$0,$-121,$353,$-345,$8,$17,$17,$-117,$0,$-92,$-38,$19,$-117
46,2007-03-31,23.68,$6.85,3.46,$22.44,1.06,$3.99,5.94,$1.37,17.29,$2.36B,$1.30B,1.82,$2.32B,$1.89B,1.23,$6.24B,$2.11B,33.85%,$6.24B,$0.67B,10.70%,$6.24B,$0.67B,10.70%,$6.24B,$0.86B,13.75%,$6.24B,$0.53B,8.55%,$6.24B,$0.38B,6.09%,$0.38B,$1.89B,20.73%,$0.38B,$-1.02B,-36.53%,$0.38B,$6.24B,5.94%,$0.67B,$4.21B,16.80%,$1384,$910,$475,$0,$338,$1264,$121,$-28,$93,$28,$65,$65,$49,$167,$121,$276,278,$0.18,$0.18,$218,$934,$0,$2355,$736,$0,$2914,$233,$3882,$6237,$1296,$2321,$727,$3048,$4344,$292,$1681,$-197,$1893,$6237,$49,$46,$59,$106,$140,$-78,$3,$0,$-140,$15,$-40,$0,$-8,$0,$0,$0,$0,$-48,$350,$-253,$97,$12,$12,$-59,$0,$50,$17,$9,$-59
47,2006-12-31,21.91,$6.87,3.19,$22.20,0.99,$4.05,5.41,$1.39,15.76,$2.48B,$1.90B,1.31,$1.97B,$1.89B,1.04,$6.20B,$2.07B,33.38%,$6.20B,$0.66B,10.60%,$6.20B,$0.66B,10.60%,$6.20B,$0.85B,13.71%,$6.20B,$0.52B,8.31%,$6.20B,$0.39B,6.22%,$0.39B,$1.89B,21.75%,$0.39B,$-1.00B,-36.07%,$0.39B,$6.31B,6.00%,$0.66B,$3.86B,16.77%,$1638,$1099,$540,$0,$357,$1471,$167,$-32,$135,$43,$92,$92,$102,$213,$167,$275,276,$0.37,$0.38,$201,$851,$0,$2477,$747,$0,$2895,$191,$3834,$6311,$1897,$1972,$551,$2524,$4420,$291,$1690,$-185,$1890,$6311,$385,$193,$26,$220,$25,$-32,$-51,$0,$39,$643,$49,$0,$-61,$0,$0,$0,$0,$-12,$177,$-511,$-334,$17,$17,$-233,$0,$-550,$86,$44,$-233
