,Date,Stock Price,Book Value per Share,Price to Book Ratio,TTM Sales per Share,Price to Sales Ratio,TTM FCF per Share,Price to FCF Ratio,TTM Net EPS,PE Ratio,Current Assets,Current Liabilities,Current Ratio,Long Term Debt,Shareholder's Equity_x,Debt to Equity Ratio,TTM Revenue_x,TTM Gross Profit,Gross Margin,TTM Revenue_y,TTM Operating Income,Operating Margin,TTM Revenue_x,TTM EBIT,EBIT Margin,TTM Revenue_y,TTM EBITDA,EBITDA Margin,TTM Revenue_x,TTM Pre-Tax Income,Pre-Tax Margin,TTM Revenue_y,TTM Net Income_x,Net Margin,TTM Net Income_y,Shareholder's Equity_y,Return on Equity,TTM Net Income_x,Tangible Equity,Return on Tangible Equity,TTM Net Income_y,Total Assets,Return on Assets,TTM Net Income,LT Investments & Debt,Return on Investment,revenue,cost-goods-sold,gross-profit,research-development-expenses,selling-general-administrative-expenses,operating-expenses,operating-income,total-non-operating-income-expense,pre-tax-income,total-provision-income-taxes,income-after-taxes,income-from-continuous-operations,net-income,ebitda,ebit,basic-shares-outstanding,shares-outstanding,eps-basic-net-earnings-per-share,eps-earnings-per-share-diluted,cash-on-hand,inventory,other-current-assets,total-current-assets,net-property-plant-equipment,long-term-investments,goodwill-intangible-assets-total,other-long-term-assets,total-long-term-assets,total-assets,total-current-liabilities,long-term-debt,other-non-current-liabilities,total-long-term-liabilities,total-liabilities,common-stock-net,retained-earnings-accumulated-deficit,comprehensive-income,total-share-holder-equity,total-liabilities-share-holders-equity,net-income-loss,total-depreciation-amortization-cash-flow,other-non-cash-items,total-non-cash-items,change-in-accounts-receivable,change-in-inventories,change-in-accounts-payable,change-in-assets-liabilities,total-change-in-assets-liabilities,cash-flow-from-operating-activities,net-change-in-property-plant-equipment,net-change-in-intangible-assets,net-acquisitions-divestitures,net-change-in-short-term-investments,net-change-in-long-term-investments,net-change-in-investments-total,investing-activities-other,cash-flow-from-investing-activities,net-long-term-debt,net-current-debt,debt-issuance-retirement-net-total,net-common-equity-issued-repurchased,net-total-equity-issued-repurchased,total-common-preferred-stock-dividends-paid,financial-activities-other,cash-flow-from-financial-activities,net-cash-flow,stock-based-compensation,common-stock-dividends-paid
0,2018-09-30,319.2,$517.88,0.62,$208.18,1.53,$192.96,1.65,$27.97,11.41,$0.16B,$9.94B,0.02,$0.00B,$1.88B,0.0,$0.76B,$0.38B,50.07%,$0.76B,$0.16B,20.48%,$0.76B,$0.16B,20.48%,$0.76B,$0.17B,21.93%,$0.76B,$0.16B,20.48%,$0.76B,$0.14B,17.83%,$0.14B,$1.88B,7.31%,$0.14B,$1.88B,7.31%,$0.14B,$12.09B,1.11%,$0.16B,$1.88B,8.39%,$225,$130,$96,$0,$27,$181,$45,$0,$45,$9,$36,$36,$36,$48,$45,$4,4,$9.80,$9.80,$155,$0,$0,$155,$0,$10814,$0,$280,$11936,$12092,$9935,$0,$253,$273,$10209,$0,$1876,$-34,$1883,$12092,$95,$9,$149,$158,$0,$0,$-4,$-26,$-31,$222,$-3,$0,$0,$2,$25,$26,$-3,$21,$0,$0,$0,$0,$0,$0,$-306,$-306,$-62,$0,$0
1,2018-06-30,307.26,$507.95,0.6,$202.28,1.52,$186.19,1.65,$34.14,9.0,$0.14B,$9.95B,0.01,$0.00B,$1.85B,0.0,$0.74B,$0.36B,48.64%,$0.74B,$0.14B,19.57%,$0.74B,$0.14B,19.57%,$0.74B,$0.15B,20.92%,$0.74B,$0.14B,19.57%,$0.74B,$0.12B,16.44%,$0.12B,$1.85B,6.62%,$0.12B,$1.85B,6.62%,$0.12B,$12.09B,1.00%,$0.14B,$1.85B,7.88%,$175,$78,$96,$0,$31,$134,$40,$0,$40,$8,$32,$32,$32,$43,$40,$4,4,$8.93,$8.93,$127,$0,$0,$140,$0,$10818,$0,$279,$11946,$12086,$9954,$0,$260,$285,$10239,$0,$1840,$-35,$1847,$12086,$59,$6,$37,$43,$0,$0,$-2,$62,$43,$145,$-3,$0,$0,$1,$-51,$-51,$2,$-52,$0,$0,$0,$0,$0,$0,$-186,$-186,$-91,$0,$0
2,2018-03-31,304.88,$502.81,0.61,$208.76,1.46,$183.73,1.66,$32.17,9.48,$0.09B,$9.99B,0.01,$0.00B,$1.83B,0.0,$0.76B,$0.36B,47.43%,$0.76B,$0.14B,18.84%,$0.76B,$0.14B,18.84%,$0.76B,$0.15B,20.03%,$0.76B,$0.14B,18.84%,$0.76B,$0.11B,15.02%,$0.11B,$1.83B,6.30%,$0.11B,$1.83B,6.30%,$0.11B,$12.13B,0.94%,$0.14B,$1.83B,7.90%,$109,$20,$89,$0,$32,$75,$34,$0,$34,$7,$27,$27,$27,$37,$34,$4,4,$7.39,$7.39,$83,$0,$0,$94,$0,$10912,$0,$281,$12033,$12126,$9992,$0,$277,$306,$10298,$0,$1807,$-21,$1828,$12126,$27,$3,$-11,$-8,$0,$0,$-3,$71,$54,$73,$-3,$0,$0,$1,$-109,$-108,$-0,$-111,$0,$0,$0,$0,$0,$0,$-98,$-98,$-135,$0,$0
3,2017-12-31,331.02,$503.90,0.66,$240.43,1.38,$189.77,1.74,$31.22,10.6,$0.22B,$10.10B,0.02,$0.00B,$1.83B,0.0,$0.87B,$0.37B,41.88%,$0.87B,$0.14B,16.48%,$0.87B,$0.14B,16.48%,$0.87B,$0.15B,17.51%,$0.87B,$0.14B,16.48%,$0.87B,$0.11B,12.70%,$0.11B,$1.83B,6.20%,$0.11B,$1.83B,6.20%,$0.11B,$12.23B,0.92%,$0.14B,$1.83B,8.04%,$248,$150,$98,$0,$28,$211,$36,$0,$36,$-3,$40,$40,$40,$38,$36,$4,4,$10.89,$10.89,$218,$0,$0,$218,$0,$10915,$0,$273,$12007,$12225,$10098,$0,$266,$294,$10393,$0,$1776,$14,$1832,$12225,$110,$10,$380,$390,$0,$0,$2,$-229,$-224,$276,$-6,$0,$0,$2,$50,$52,$9,$55,$0,$0,$0,$-1,$-1,$0,$-163,$-165,$166,$0,$0
4,2017-09-30,348.63,$495.79,0.7,$223.00,1.56,$187.12,1.86,$26.70,13.06,$0.18B,$9.99B,0.02,$0.00B,$1.80B,0.0,$0.81B,$0.37B,45.31%,$0.81B,$0.15B,18.02%,$0.81B,$0.15B,18.02%,$0.81B,$0.16B,19.14%,$0.81B,$0.15B,18.02%,$0.81B,$0.10B,11.73%,$0.10B,$1.80B,5.39%,$0.10B,$1.80B,5.39%,$0.10B,$12.14B,0.79%,$0.15B,$1.80B,8.28%,$204,$129,$75,$0,$19,$170,$34,$0,$34,$12,$22,$22,$22,$36,$34,$4,4,$6.00,$6.00,$171,$0,$0,$178,$0,$10872,$0,$274,$11960,$12138,$9992,$0,$288,$344,$10336,$0,$1740,$21,$1803,$12138,$71,$8,$255,$263,$0,$0,$-4,$-128,$-140,$193,$1,$0,$0,$1,$59,$60,$5,$66,$0,$0,$0,$0,$0,$0,$-140,$-140,$119,$0,$0
5,2017-06-30,319.29,$489.65,0.65,$216.91,1.47,$201.36,1.59,$30.07,10.62,$0.12B,$9.92B,0.01,$0.00B,$1.78B,0.0,$0.79B,$0.39B,49.37%,$0.79B,$0.16B,20.43%,$0.79B,$0.16B,20.43%,$0.79B,$0.17B,21.57%,$0.79B,$0.16B,20.43%,$0.79B,$0.11B,13.58%,$0.11B,$1.78B,6.13%,$0.11B,$1.78B,6.13%,$0.11B,$12.02B,0.89%,$0.16B,$1.78B,9.22%,$198,$100,$98,$0,$33,$159,$39,$0,$39,$13,$25,$25,$25,$41,$39,$4,4,$7.01,$7.01,$109,$0,$0,$123,$0,$10816,$0,$274,$11898,$12021,$9917,$0,$266,$324,$10241,$0,$1719,$20,$1780,$12021,$49,$5,$160,$165,$0,$0,$1,$-69,$-83,$131,$2,$0,$0,$1,$41,$42,$0,$45,$0,$0,$0,$0,$0,$0,$-117,$-117,$58,$0,$0
6,2017-03-31,303.84,$481.09,0.63,$208.35,1.46,$215.72,1.41,$30.29,10.03,$0.09B,$9.91B,0.01,$0.00B,$1.75B,0.0,$0.76B,$0.38B,50.20%,$0.76B,$0.16B,21.40%,$0.76B,$0.16B,21.40%,$0.76B,$0.17B,22.59%,$0.76B,$0.16B,21.40%,$0.76B,$0.11B,14.27%,$0.11B,$1.75B,6.26%,$0.11B,$1.75B,6.26%,$0.11B,$12.03B,0.91%,$0.16B,$1.75B,9.38%,$224,$130,$95,$0,$34,$189,$35,$0,$35,$12,$24,$24,$24,$38,$35,$4,4,$6.47,$6.47,$87,$0,$0,$87,$0,$10845,$0,$279,$11945,$12033,$9911,$0,$298,$373,$10284,$0,$1693,$14,$1749,$12033,$24,$3,$95,$98,$0,$0,$-3,$-44,$-29,$92,$-0,$0,$0,$1,$-7,$-6,$0,$-6,$0,$0,$0,$0,$0,$0,$-50,$-50,$36,$0,$0
7,2016-12-31,310.47,$473.55,0.66,$187.64,1.65,$218.74,1.42,$28.52,10.89,$0.05B,$9.86B,0.01,$0.00B,$1.72B,0.0,$0.68B,$0.37B,54.11%,$0.68B,$0.15B,22.43%,$0.68B,$0.15B,22.43%,$0.68B,$0.16B,23.61%,$0.68B,$0.15B,22.43%,$0.68B,$0.10B,14.81%,$0.10B,$1.72B,5.93%,$0.10B,$1.72B,5.93%,$0.10B,$11.90B,0.85%,$0.15B,$1.72B,8.99%,$184,$86,$99,$0,$33,$146,$38,$0,$38,$14,$24,$24,$24,$40,$38,$4,4,$6.49,$6.48,$51,$0,$0,$51,$0,$10727,$0,$282,$11844,$11895,$9859,$0,$248,$314,$10173,$0,$1670,$11,$1722,$11895,$101,$8,$190,$198,$0,$0,$0,$-4,$10,$309,$-49,$0,$0,$3,$-239,$-235,$-25,$-310,$0,$0,$0,$-1,$-1,$0,$-53,$-54,$-55,$0,$0
8,2016-09-30,204.82,$477.26,0.43,$186.57,1.1,$242.33,0.85,$30.89,6.63,$0.18B,$9.80B,0.02,$0.00B,$1.74B,0.0,$0.68B,$0.37B,54.64%,$0.68B,$0.16B,23.86%,$0.68B,$0.16B,23.86%,$0.68B,$0.17B,25.04%,$0.68B,$0.16B,23.86%,$0.68B,$0.11B,16.05%,$0.11B,$1.74B,6.51%,$0.11B,$1.74B,6.51%,$0.11B,$11.88B,0.93%,$0.16B,$1.74B,9.67%,$182,$85,$97,$0,$24,$133,$49,$0,$49,$15,$34,$34,$34,$51,$49,$4,4,$9.28,$9.28,$177,$0,$0,$177,$0,$10678,$0,$231,$11703,$11881,$9798,$0,$253,$347,$10145,$0,$1647,$46,$1735,$11881,$77,$6,$134,$140,$0,$0,$-2,$9,$29,$246,$0,$0,$0,$-12,$-90,$-102,$-24,$-126,$0,$0,$0,$0,$0,$0,$-49,$-49,$71,$0,$0
9,2016-06-30,194.75,$467.66,0.42,$165.73,1.18,$242.59,0.8,$25.94,7.51,$0.09B,$9.76B,0.01,$0.00B,$1.70B,0.0,$0.60B,$0.35B,58.04%,$0.60B,$0.14B,22.89%,$0.60B,$0.14B,22.89%,$0.60B,$0.15B,24.05%,$0.60B,$0.14B,22.89%,$0.60B,$0.09B,15.09%,$0.09B,$1.70B,5.54%,$0.09B,$1.70B,5.54%,$0.09B,$11.80B,0.78%,$0.14B,$1.70B,8.41%,$167,$78,$89,$0,$29,$127,$40,$0,$40,$14,$26,$26,$26,$42,$40,$4,4,$7.23,$7.23,$94,$0,$0,$94,$0,$10679,$0,$234,$11707,$11801,$9759,$0,$248,$341,$10101,$0,$1613,$45,$1700,$11801,$44,$4,$95,$99,$0,$0,$1,$20,$43,$185,$0,$0,$0,$-68,$-70,$-138,$-20,$-158,$0,$0,$0,$0,$0,$0,$-40,$-40,$-12,$0,$0
10,2016-03-31,230.01,$454.69,0.51,$162.45,1.42,$235.07,0.98,$26.67,8.62,$0.14B,$9.70B,0.02,$0.00B,$1.65B,0.0,$0.59B,$0.35B,59.39%,$0.59B,$0.14B,23.86%,$0.59B,$0.14B,23.86%,$0.59B,$0.15B,24.87%,$0.59B,$0.14B,23.86%,$0.59B,$0.09B,15.91%,$0.09B,$1.65B,5.82%,$0.09B,$1.65B,5.82%,$0.09B,$11.68B,0.81%,$0.14B,$1.65B,8.73%,$149,$65,$84,$0,$35,$123,$26,$0,$26,$9,$17,$17,$17,$28,$26,$4,4,$4.75,$4.75,$142,$0,$0,$144,$0,$10483,$0,$241,$11540,$11684,$9703,$0,$257,$327,$10030,$0,$1587,$24,$1653,$11684,$17,$2,$41,$43,$0,$0,$-2,$36,$43,$103,$0,$0,$0,$1,$-9,$-8,$-20,$-28,$0,$0,$0,$0,$0,$0,$-40,$-40,$36,$0,$0
11,2015-12-31,251.27,$443.34,0.57,$162.15,1.55,$231.62,1.08,$27.82,9.03,$0.12B,$9.70B,0.01,$0.00B,$1.61B,0.0,$0.59B,$0.35B,58.81%,$0.59B,$0.15B,24.75%,$0.59B,$0.15B,24.75%,$0.59B,$0.15B,25.59%,$0.59B,$0.15B,24.75%,$0.59B,$0.10B,16.61%,$0.10B,$1.61B,6.13%,$0.10B,$1.61B,6.13%,$0.10B,$11.61B,0.85%,$0.15B,$1.61B,9.14%,$181,$80,$101,$0,$33,$133,$47,$0,$47,$15,$32,$32,$32,$49,$47,$4,4,$8.79,$8.80,$106,$0,$0,$119,$0,$10389,$0,$252,$11494,$11613,$9699,$0,$252,$301,$10001,$0,$1570,$0,$1612,$11613,$98,$4,$149,$153,$0,$0,$-3,$114,$95,$346,$0,$0,$0,$2,$-526,$-524,$-1,$-524,$0,$0,$0,$-1,$-1,$0,$8,$7,$-171,$0,$0
12,2015-09-30,221.81,$440.25,0.5,$163.18,1.36,$222.56,1.0,$26.72,8.3,$0.11B,$9.64B,0.01,$0.00B,$1.60B,0.0,$0.59B,$0.34B,57.84%,$0.59B,$0.14B,23.61%,$0.59B,$0.14B,23.61%,$0.59B,$0.14B,24.28%,$0.59B,$0.14B,23.61%,$0.59B,$0.09B,15.85%,$0.09B,$1.60B,5.93%,$0.09B,$1.60B,5.93%,$0.09B,$11.55B,0.82%,$0.14B,$1.60B,8.84%,$106,$30,$76,$0,$32,$81,$25,$0,$25,$9,$16,$16,$16,$26,$25,$4,4,$4.46,$4.46,$86,$0,$0,$106,$0,$10354,$0,$251,$11440,$11546,$9642,$0,$252,$303,$9945,$4,$1539,$20,$1601,$11546,$66,$2,$95,$98,$0,$0,$-5,$110,$83,$247,$0,$0,$0,$2,$-452,$-450,$1,$-449,$0,$0,$0,$0,$0,$0,$11,$11,$-191,$0,$0
13,2015-06-30,238.53,$437.88,0.54,$177.88,1.34,$217.72,1.1,$30.18,7.9,$0.08B,$9.62B,0.01,$0.00B,$1.59B,0.0,$0.65B,$0.35B,54.71%,$0.65B,$0.16B,24.42%,$0.65B,$0.16B,24.42%,$0.65B,$0.16B,25.04%,$0.65B,$0.16B,24.42%,$0.65B,$0.11B,16.38%,$0.11B,$1.59B,6.76%,$0.11B,$1.59B,6.76%,$0.11B,$11.52B,0.93%,$0.16B,$1.59B,10.08%,$155,$66,$90,$0,$28,$112,$43,$0,$43,$14,$29,$29,$29,$44,$43,$4,4,$7.94,$7.94,$72,$0,$0,$79,$0,$10357,$0,$253,$11436,$11515,$9622,$0,$262,$302,$9923,$4,$1523,$27,$1592,$11515,$50,$2,$85,$87,$0,$0,$-3,$35,$21,$158,$0,$0,$0,$2,$-371,$-369,$-0,$-370,$0,$0,$0,$0,$0,$0,$6,$6,$-205,$0,$0
14,2015-03-31,253.28,$436.37,0.58,$192.08,1.32,$216.22,1.17,$30.27,8.37,$0.07B,$9.54B,0.01,$0.00B,$1.59B,0.0,$0.70B,$0.35B,50.64%,$0.70B,$0.16B,22.60%,$0.70B,$0.16B,22.60%,$0.70B,$0.16B,23.03%,$0.70B,$0.16B,22.60%,$0.70B,$0.11B,15.16%,$0.11B,$1.59B,6.85%,$0.11B,$1.59B,6.85%,$0.11B,$11.46B,0.94%,$0.16B,$1.59B,10.21%,$148,$68,$80,$0,$28,$116,$31,$0,$31,$10,$21,$21,$21,$32,$31,$4,4,$5.87,$5.86,$71,$0,$0,$71,$0,$10346,$0,$252,$11391,$11462,$9542,$0,$288,$333,$9875,$4,$1494,$51,$1587,$11462,$21,$1,$44,$45,$0,$0,$-5,$33,$24,$91,$0,$0,$0,$-15,$-256,$-271,$-0,$-272,$0,$0,$0,$0,$0,$0,$-25,$-25,$-206,$0,$0
15,2014-12-31,268.17,$428.03,0.63,$194.87,1.38,$211.34,1.27,$29.85,8.98,$0.28B,$9.52B,0.03,$0.00B,$1.56B,0.0,$0.71B,$0.36B,50.21%,$0.71B,$0.16B,22.14%,$0.71B,$0.16B,22.14%,$0.71B,$0.16B,22.57%,$0.71B,$0.16B,22.14%,$0.71B,$0.11B,14.81%,$0.11B,$1.56B,6.90%,$0.11B,$1.56B,6.90%,$0.11B,$11.35B,0.94%,$0.16B,$1.56B,10.32%,$184,$87,$97,$0,$36,$143,$41,$0,$41,$13,$28,$28,$28,$42,$41,$4,4,$7.73,$7.74,$277,$0,$0,$277,$0,$10023,$0,$249,$11075,$11352,$9523,$0,$238,$273,$9796,$4,$1473,$42,$1556,$11352,$106,$3,$274,$277,$0,$0,$-1,$-61,$-69,$313,$0,$0,$0,$2,$-265,$-263,$3,$-260,$0,$0,$0,$-1,$-1,$0,$104,$103,$156,$0,$0
16,2014-09-30,246.02,$421.93,0.58,$215.14,1.14,$194.90,1.26,$29.78,8.26,$0.13B,$9.41B,0.01,$0.00B,$1.53B,0.0,$0.78B,$0.35B,44.70%,$0.78B,$0.16B,19.92%,$0.78B,$0.16B,19.92%,$0.78B,$0.16B,20.31%,$0.78B,$0.16B,19.92%,$0.78B,$0.11B,13.41%,$0.11B,$1.53B,7.03%,$0.11B,$1.53B,7.03%,$0.11B,$11.26B,0.95%,$0.16B,$1.53B,10.44%,$160,$72,$87,$0,$23,$116,$43,$0,$43,$15,$28,$28,$28,$44,$43,$4,4,$7.83,$7.82,$121,$0,$0,$127,$0,$10078,$0,$258,$11132,$11259,$9405,$0,$284,$320,$9725,$4,$1445,$48,$1534,$11259,$77,$2,$208,$210,$0,$0,$-5,$-37,$-57,$230,$0,$0,$0,$2,$-295,$-293,$3,$-289,$0,$0,$0,$0,$0,$0,$61,$61,$1,$0,$0
17,2014-06-30,248.41,$416.91,0.6,$222.98,1.11,$185.03,1.34,$28.73,8.65,$0.14B,$9.29B,0.02,$0.00B,$1.52B,0.0,$0.81B,$0.35B,42.79%,$0.81B,$0.15B,18.50%,$0.81B,$0.15B,18.50%,$0.81B,$0.15B,18.74%,$0.81B,$0.15B,18.50%,$0.81B,$0.10B,12.58%,$0.10B,$1.52B,6.96%,$0.10B,$1.52B,6.96%,$0.10B,$11.10B,0.94%,$0.15B,$1.52B,10.23%,$207,$117,$90,$0,$27,$164,$43,$0,$43,$14,$29,$29,$29,$43,$43,$4,4,$8.03,$8.02,$134,$0,$0,$137,$0,$9930,$0,$254,$10959,$11096,$9293,$0,$257,$287,$9580,$4,$1417,$57,$1516,$11096,$49,$1,$152,$153,$0,$0,$-0,$-35,$-49,$153,$0,$0,$0,$1,$-152,$-151,$1,$-150,$0,$0,$0,$0,$0,$0,$10,$10,$13,$0,$0
18,2014-03-31,243.52,$406.52,0.6,$216.32,1.13,$188.71,1.29,$28.10,8.67,$0.14B,$9.16B,0.02,$0.00B,$1.48B,0.0,$0.79B,$0.35B,44.47%,$0.79B,$0.15B,18.55%,$0.79B,$0.15B,18.55%,$0.79B,$0.15B,18.93%,$0.79B,$0.15B,18.55%,$0.79B,$0.10B,12.71%,$0.10B,$1.48B,6.96%,$0.10B,$1.48B,6.96%,$0.10B,$10.91B,0.93%,$0.15B,$1.48B,10.16%,$158,$76,$82,$0,$29,$128,$30,$0,$30,$10,$20,$20,$20,$31,$30,$4,4,$5.45,$5.45,$133,$0,$0,$135,$0,$9745,$0,$258,$10778,$10913,$9158,$0,$254,$277,$9435,$4,$1388,$48,$1478,$10913,$20,$1,$57,$58,$0,$0,$-3,$10,$-5,$73,$0,$0,$0,$1,$-36,$-36,$0,$-35,$0,$0,$0,$0,$0,$0,$-25,$-25,$12,$0,$0
19,2013-12-31,222.66,$398.34,0.56,$236.34,0.94,$191.24,1.16,$27.19,8.19,$0.12B,$9.13B,0.01,$0.00B,$1.45B,0.0,$0.86B,$0.35B,40.23%,$0.86B,$0.14B,16.40%,$0.86B,$0.14B,16.40%,$0.86B,$0.14B,16.74%,$0.86B,$0.14B,16.40%,$0.86B,$0.10B,11.28%,$0.10B,$1.45B,6.83%,$0.10B,$1.45B,6.83%,$0.10B,$10.83B,0.91%,$0.14B,$1.45B,9.93%,$258,$167,$91,$0,$24,$218,$40,$0,$40,$12,$28,$28,$28,$41,$40,$4,4,$7.65,$7.66,$121,$0,$0,$121,$0,$9656,$0,$268,$10710,$10830,$9125,$0,$240,$257,$9382,$4,$1368,$38,$1448,$10830,$96,$3,$431,$434,$0,$0,$-2,$-290,$-277,$254,$0,$0,$0,$6,$-380,$-374,$11,$-363,$0,$0,$0,$-1,$-1,$0,$107,$105,$-4,$0,$0
20,2013-09-30,200.62,$391.15,0.51,$206.50,0.97,$201.41,1.0,$26.46,7.58,$0.10B,$8.93B,0.01,$0.00B,$1.42B,0.0,$0.75B,$0.35B,46.21%,$0.75B,$0.14B,18.51%,$0.75B,$0.14B,18.51%,$0.75B,$0.14B,19.04%,$0.75B,$0.14B,18.51%,$0.75B,$0.09B,12.52%,$0.09B,$1.42B,6.69%,$0.09B,$1.42B,6.69%,$0.09B,$10.67B,0.90%,$0.14B,$1.42B,9.89%,$188,$104,$84,$0,$24,$151,$37,$0,$37,$12,$25,$25,$25,$37,$37,$4,4,$6.82,$6.81,$94,$0,$0,$103,$0,$9531,$0,$267,$10566,$10668,$8934,$0,$290,$312,$9247,$4,$1341,$40,$1422,$10668,$68,$2,$282,$283,$0,$0,$-4,$-140,$-158,$194,$0,$0,$0,$3,$-306,$-303,$11,$-292,$0,$0,$0,$0,$0,$0,$68,$68,$-30,$0,$0
21,2013-06-30,188.77,$385.19,0.49,$207.32,0.91,$209.66,0.9,$26.34,7.17,$0.07B,$8.81B,0.01,$0.00B,$1.40B,0.0,$0.75B,$0.35B,46.68%,$0.75B,$0.14B,18.70%,$0.75B,$0.14B,18.70%,$0.75B,$0.15B,19.36%,$0.75B,$0.14B,18.70%,$0.75B,$0.09B,12.33%,$0.09B,$1.40B,6.68%,$0.09B,$1.40B,6.68%,$0.09B,$10.51B,0.90%,$0.14B,$1.40B,10.13%,$183,$90,$93,$0,$29,$144,$39,$0,$39,$12,$27,$27,$27,$40,$39,$4,4,$7.43,$7.41,$68,$0,$0,$68,$0,$9442,$0,$249,$10445,$10513,$8808,$0,$276,$305,$9113,$4,$1317,$42,$1400,$10513,$44,$1,$201,$202,$0,$0,$-2,$-77,$-79,$166,$0,$0,$0,$1,$-263,$-262,$10,$-252,$0,$0,$0,$0,$0,$0,$29,$29,$-56,$0,$0
22,2013-03-31,175.0,$387.05,0.45,$192.22,0.91,$203.01,0.86,$25.30,6.92,$0.09B,$8.73B,0.01,$0.00B,$1.41B,0.0,$0.70B,$0.35B,49.64%,$0.70B,$0.14B,19.46%,$0.70B,$0.14B,19.46%,$0.70B,$0.14B,20.17%,$0.70B,$0.14B,19.46%,$0.70B,$0.09B,12.73%,$0.09B,$1.41B,6.48%,$0.09B,$1.41B,6.48%,$0.09B,$10.48B,0.87%,$0.14B,$1.41B,9.89%,$231,$153,$78,$0,$31,$206,$25,$0,$25,$9,$17,$17,$17,$26,$25,$4,4,$4.58,$4.57,$87,$0,$0,$87,$0,$9445,$0,$235,$10390,$10477,$8725,$0,$288,$344,$9070,$4,$1290,$75,$1407,$10477,$17,$1,$134,$135,$0,$0,$-5,$-73,$-70,$82,$0,$0,$0,$0,$-141,$-141,$3,$-138,$0,$0,$0,$0,$0,$0,$17,$17,$-38,$0,$0
23,2012-12-31,156.84,$382.86,0.41,$182.85,0.86,$201.32,0.78,$26.18,5.99,$0.13B,$8.57B,0.02,$0.00B,$1.39B,0.0,$0.67B,$0.35B,52.63%,$0.67B,$0.14B,21.20%,$0.67B,$0.14B,21.20%,$0.67B,$0.15B,21.80%,$0.67B,$0.14B,21.20%,$0.67B,$0.09B,13.83%,$0.09B,$1.39B,6.82%,$0.09B,$1.39B,6.82%,$0.09B,$10.26B,0.91%,$0.14B,$1.39B,10.45%,$149,$57,$92,$0,$30,$111,$38,$0,$38,$13,$25,$25,$25,$40,$38,$4,4,$6.94,$6.94,$125,$0,$0,$130,$0,$9194,$0,$234,$10134,$10264,$8569,$0,$248,$303,$8872,$4,$1273,$77,$1392,$10264,$93,$4,$234,$239,$0,$0,$-5,$-26,$-41,$290,$0,$0,$0,$3,$-435,$-432,$3,$-428,$0,$0,$0,$-1,$-1,$0,$144,$143,$5,$0,$0
24,2012-09-30,142.07,$376.45,0.38,$185.71,0.77,$188.76,0.75,$20.27,7.01,$0.13B,$8.47B,0.02,$0.00B,$1.37B,0.0,$0.68B,$0.32B,47.34%,$0.68B,$0.11B,16.12%,$0.68B,$0.11B,16.12%,$0.68B,$0.11B,16.57%,$0.68B,$0.11B,16.12%,$0.68B,$0.07B,10.50%,$0.07B,$1.37B,5.38%,$0.07B,$1.37B,5.38%,$0.07B,$10.17B,0.71%,$0.11B,$1.37B,8.26%,$191,$102,$89,$0,$28,$152,$39,$0,$39,$14,$24,$24,$24,$40,$39,$4,4,$6.69,$6.69,$128,$0,$0,$129,$0,$9104,$0,$234,$10037,$10166,$8468,$0,$277,$330,$8798,$4,$1248,$79,$1368,$10166,$67,$3,$198,$200,$0,$0,$-6,$-24,$-44,$224,$0,$0,$0,$1,$-310,$-309,$4,$-305,$0,$0,$0,$0,$0,$0,$90,$90,$9,$0,$0
25,2012-06-30,140.75,$366.25,0.38,$158.57,0.89,$174.63,0.81,$18.84,7.47,$0.11B,$8.32B,0.01,$0.00B,$1.33B,0.0,$0.58B,$0.31B,53.55%,$0.58B,$0.10B,17.16%,$0.58B,$0.10B,17.16%,$0.58B,$0.10B,18.02%,$0.58B,$0.10B,17.16%,$0.58B,$0.07B,11.44%,$0.07B,$1.33B,5.09%,$0.07B,$1.33B,5.09%,$0.07B,$9.96B,0.68%,$0.10B,$1.33B,7.63%,$128,$40,$88,$0,$31,$94,$34,$0,$34,$11,$23,$23,$23,$35,$34,$4,4,$6.40,$6.40,$111,$0,$0,$111,$0,$8900,$0,$236,$9844,$9955,$8317,$0,$262,$307,$8624,$4,$1225,$65,$1331,$9955,$43,$1,$113,$114,$0,$0,$-2,$-0,$-16,$142,$0,$0,$0,$1,$-179,$-178,$-1,$-179,$0,$0,$0,$0,$0,$0,$29,$29,$-8,$0,$0
26,2012-03-31,135.74,$358.69,0.38,$161.99,0.84,$160.48,0.85,$16.16,8.4,$0.08B,$8.27B,0.01,$0.00B,$1.30B,0.0,$0.59B,$0.30B,50.59%,$0.59B,$0.08B,14.26%,$0.59B,$0.08B,14.26%,$0.59B,$0.09B,14.94%,$0.59B,$0.08B,14.26%,$0.59B,$0.06B,9.68%,$0.06B,$1.30B,4.46%,$0.06B,$1.30B,4.46%,$0.06B,$9.89B,0.59%,$0.08B,$1.30B,6.57%,$197,$115,$81,$0,$32,$167,$30,$0,$30,$10,$20,$20,$20,$30,$30,$4,4,$5.43,$5.43,$75,$0,$0,$75,$0,$8860,$0,$236,$9809,$9885,$8265,$0,$256,$316,$8581,$4,$1202,$60,$1304,$9885,$20,$1,$97,$98,$0,$0,$-4,$-41,$-41,$76,$0,$0,$0,$0,$-121,$-121,$-1,$-122,$0,$0,$0,$0,$0,$0,$2,$2,$-44,$0,$0
27,2011-12-31,135.03,$351.25,0.38,$157.46,0.86,$153.31,0.88,$15.73,8.58,$0.12B,$8.16B,0.02,$0.00B,$1.28B,0.0,$0.57B,$0.29B,51.22%,$0.57B,$0.08B,14.34%,$0.57B,$0.08B,14.34%,$0.57B,$0.09B,14.86%,$0.57B,$0.08B,14.34%,$0.57B,$0.06B,9.62%,$0.06B,$1.28B,4.36%,$0.06B,$1.28B,4.36%,$0.06B,$9.73B,0.59%,$0.08B,$1.28B,6.50%,$160,$98,$62,$0,$37,$154,$6,$0,$6,$2,$4,$4,$4,$7,$6,$4,4,$1.20,$1.21,$119,$0,$0,$119,$0,$8652,$0,$234,$9609,$9728,$8163,$0,$235,$288,$8451,$4,$1182,$53,$1277,$9728,$56,$3,$222,$225,$0,$0,$-8,$-20,$-36,$245,$0,$0,$0,$3,$-866,$-862,$-6,$-868,$0,$0,$0,$-1,$-1,$0,$663,$662,$39,$0,$0
28,2011-09-30,134.05,$351.42,0.38,$164.00,0.82,$135.19,0.99,$20.22,6.63,$0.10B,$7.91B,0.01,$0.00B,$1.28B,0.0,$0.60B,$0.30B,50.84%,$0.60B,$0.10B,17.28%,$0.60B,$0.10B,17.28%,$0.60B,$0.11B,17.62%,$0.60B,$0.10B,17.28%,$0.60B,$0.07B,11.91%,$0.07B,$1.28B,5.69%,$0.07B,$1.28B,5.69%,$0.07B,$9.50B,0.78%,$0.10B,$1.28B,8.26%,$92,$14,$78,$0,$30,$63,$29,$0,$29,$10,$19,$19,$19,$32,$29,$4,4,$5.30,$5.30,$92,$0,$0,$100,$0,$8452,$0,$235,$9402,$9502,$7912,$0,$248,$313,$8225,$4,$1178,$58,$1277,$9502,$51,$2,$139,$141,$0,$0,$-10,$-6,$-20,$172,$0,$0,$0,$4,$-661,$-657,$-6,$-663,$0,$0,$0,$1,$1,$0,$501,$502,$12,$0,$0
29,2011-06-30,157.76,$345.67,0.46,$180.23,0.88,$137.18,1.15,$18.58,8.49,$0.08B,$7.70B,0.01,$0.00B,$1.26B,0.0,$0.66B,$0.28B,42.14%,$0.66B,$0.10B,14.50%,$0.66B,$0.10B,14.50%,$0.66B,$0.09B,14.35%,$0.66B,$0.10B,14.50%,$0.66B,$0.07B,9.92%,$0.07B,$1.26B,5.28%,$0.07B,$1.26B,5.28%,$0.07B,$9.26B,0.73%,$0.10B,$1.26B,7.71%,$140,$63,$77,$0,$39,$121,$19,$0,$19,$6,$14,$14,$14,$19,$19,$4,4,$3.79,$3.79,$81,$0,$0,$81,$0,$8249,$0,$230,$9182,$9262,$7700,$0,$256,$306,$8006,$4,$1160,$55,$1257,$9262,$32,$-1,$127,$126,$0,$0,$-6,$-53,$-67,$90,$0,$0,$0,$3,$-403,$-401,$-4,$-405,$0,$0,$0,$1,$1,$0,$314,$315,$0,$0,$0
30,2011-03-31,160.51,$340.26,0.47,$168.30,0.95,$146.02,1.1,$20.56,7.81,$0.06B,$7.48B,0.01,$0.00B,$1.24B,0.0,$0.61B,$0.26B,43.14%,$0.61B,$0.11B,17.32%,$0.61B,$0.11B,17.32%,$0.61B,$0.11B,17.81%,$0.61B,$0.11B,17.32%,$0.61B,$0.07B,11.76%,$0.07B,$1.24B,5.94%,$0.07B,$1.24B,5.94%,$0.07B,$9.03B,0.84%,$0.11B,$1.24B,8.74%,$180,$104,$76,$0,$27,$153,$28,$0,$28,$10,$18,$18,$18,$27,$28,$4,4,$5.02,$5.00,$62,$0,$0,$62,$0,$8019,$0,$239,$8968,$9030,$7476,$0,$251,$317,$7794,$4,$1146,$49,$1236,$9030,$18,$-0,$82,$82,$0,$0,$-8,$-52,$-50,$50,$0,$0,$0,$1,$-207,$-206,$1,$-205,$0,$0,$0,$1,$1,$0,$136,$137,$-18,$0,$0
31,2010-12-31,164.93,$335.85,0.49,$158.37,1.04,$153.26,1.08,$20.61,8.0,$0.08B,$7.25B,0.01,$0.00B,$1.22B,0.0,$0.58B,$0.26B,44.44%,$0.58B,$0.11B,18.23%,$0.58B,$0.11B,18.23%,$0.58B,$0.11B,18.40%,$0.58B,$0.11B,18.23%,$0.58B,$0.07B,12.50%,$0.07B,$1.22B,6.05%,$0.07B,$1.22B,6.05%,$0.07B,$8.77B,0.87%,$0.11B,$1.22B,8.82%,$184,$112,$72,$0,$22,$157,$27,$0,$27,$6,$20,$20,$20,$27,$27,$4,4,$5.57,$5.56,$80,$0,$0,$81,$0,$7777,$0,$224,$8693,$8774,$7248,$0,$250,$307,$7555,$4,$1128,$50,$1219,$8774,$73,$3,$224,$227,$0,$0,$-8,$-107,$-121,$179,$0,$0,$0,$-0,$-1065,$-1065,$3,$-1062,$0,$0,$0,$-1,$-1,$0,$856,$855,$-29,$0,$0
32,2010-09-30,138.86,$334.83,0.41,$150.09,0.93,$141.93,0.98,$18.48,7.51,$0.03B,$6.89B,0.0,$0.00B,$1.22B,0.0,$0.55B,$0.26B,48.07%,$0.55B,$0.10B,18.35%,$0.55B,$0.10B,18.35%,$0.55B,$0.10B,18.72%,$0.55B,$0.10B,18.35%,$0.55B,$0.07B,11.93%,$0.07B,$1.22B,5.58%,$0.07B,$1.22B,5.58%,$0.07B,$8.41B,0.82%,$0.10B,$1.22B,8.59%,$151,$100,$51,$0,$33,$131,$21,$0,$21,$7,$13,$13,$13,$21,$21,$4,4,$3.71,$3.70,$29,$0,$0,$30,$0,$7547,$0,$200,$8376,$8406,$6885,$0,$243,$306,$7191,$4,$1107,$67,$1215,$8406,$53,$2,$138,$139,$0,$0,$-9,$7,$-12,$179,$0,$0,$0,$-0,$-860,$-860,$3,$-857,$0,$0,$0,$0,$0,$0,$598,$598,$-80,$0,$0
33,2010-06-30,150.79,$326.10,0.46,$153.36,0.98,$125.74,1.2,$14.35,10.51,$0.07B,$6.55B,0.01,$0.00B,$1.18B,0.0,$0.56B,$0.27B,49.01%,$0.56B,$0.08B,13.64%,$0.56B,$0.08B,13.64%,$0.56B,$0.08B,13.64%,$0.56B,$0.08B,13.64%,$0.56B,$0.05B,9.16%,$0.05B,$1.18B,4.49%,$0.05B,$1.18B,4.49%,$0.05B,$8.05B,0.67%,$0.08B,$1.18B,6.70%,$97,$31,$65,$0,$18,$67,$30,$0,$30,$9,$21,$21,$21,$34,$30,$4,4,$5.74,$5.72,$58,$0,$0,$71,$0,$7137,$0,$200,$7974,$8045,$6552,$0,$253,$311,$6863,$4,$1095,$47,$1182,$8045,$39,$1,$62,$63,$0,$0,$-4,$42,$20,$123,$0,$0,$0,$0,$-506,$-505,$-23,$-528,$0,$0,$0,$0,$0,$0,$355,$355,$-51,$0,$0
34,2010-03-31,181.97,$315.73,0.58,$165.51,1.1,$117.51,1.55,$13.81,13.18,$0.05B,$6.30B,0.01,$0.00B,$1.15B,0.0,$0.60B,$0.28B,46.76%,$0.60B,$0.07B,12.31%,$0.60B,$0.07B,12.31%,$0.60B,$0.07B,11.98%,$0.60B,$0.07B,12.31%,$0.60B,$0.05B,8.15%,$0.05B,$1.15B,4.43%,$0.05B,$1.15B,4.43%,$0.05B,$7.77B,0.66%,$0.07B,$1.15B,6.70%,$144,$76,$68,$0,$24,$117,$27,$0,$27,$9,$18,$18,$18,$24,$27,$4,4,$5.08,$5.06,$52,$0,$0,$52,$0,$6902,$0,$192,$7717,$7769,$6302,$0,$274,$322,$6624,$4,$1074,$30,$1145,$7769,$18,$-3,$53,$51,$0,$0,$-5,$17,$7,$76,$0,$0,$0,$-1,$-256,$-257,$1,$-257,$0,$0,$0,$0,$0,$0,$123,$123,$-57,$0,$0
35,2009-12-31,171.38,$307.24,0.56,$156.61,1.09,$107.58,1.59,$12.87,13.32,$0.11B,$6.12B,0.02,$0.00B,$1.11B,0.0,$0.57B,$0.28B,48.51%,$0.57B,$0.07B,12.30%,$0.57B,$0.07B,12.30%,$0.57B,$0.07B,11.78%,$0.57B,$0.07B,12.30%,$0.57B,$0.05B,8.08%,$0.05B,$1.11B,4.29%,$0.05B,$1.11B,4.29%,$0.05B,$7.52B,0.64%,$0.07B,$1.11B,6.53%,$153,$75,$78,$0,$30,$132,$22,$0,$22,$9,$13,$13,$13,$23,$22,$4,4,$3.51,$3.50,$109,$0,$0,$109,$0,$6598,$0,$186,$7410,$7519,$6122,$0,$237,$283,$6405,$4,$1056,$18,$1114,$7519,$45,$-3,$192,$190,$0,$0,$-7,$-68,$-98,$138,$0,$0,$0,$1,$-414,$-413,$-19,$-433,$0,$0,$0,$-1,$-1,$0,$337,$336,$41,$0,$0
36,2009-09-30,173.36,$302.96,0.57,$144.85,1.2,$123.08,1.41,$12.34,14.05,$0.04B,$5.90B,0.01,$0.00B,$1.10B,0.0,$0.53B,$0.26B,48.96%,$0.53B,$0.07B,12.33%,$0.53B,$0.07B,12.33%,$0.53B,$0.06B,11.57%,$0.53B,$0.07B,12.33%,$0.53B,$0.04B,8.35%,$0.04B,$1.10B,4.23%,$0.04B,$1.10B,4.23%,$0.04B,$7.29B,0.63%,$0.07B,$1.10B,6.25%,$163,$101,$62,$0,$28,$165,$-3,$0,$-3,$-2,$-1,$-1,$-1,$-5,$-3,$4,4,$-0.31,$-0.31,$36,$0,$0,$36,$0,$6454,$0,$180,$7258,$7294,$5900,$0,$235,$295,$6195,$4,$1043,$15,$1099,$7294,$33,$-4,$133,$130,$0,$0,$-7,$-28,$-42,$120,$0,$0,$0,$3,$-287,$-283,$-50,$-333,$0,$0,$0,$0,$0,$0,$181,$181,$-32,$0,$0
37,2009-06-30,115.01,$293.20,0.39,$124.21,0.93,$143.76,0.8,$9.88,11.64,$0.06B,$5.70B,0.01,$0.00B,$1.06B,0.0,$0.45B,$0.24B,51.99%,$0.45B,$0.05B,11.50%,$0.45B,$0.05B,11.50%,$0.45B,$0.05B,10.84%,$0.45B,$0.05B,11.50%,$0.45B,$0.04B,7.74%,$0.04B,$1.06B,3.45%,$0.04B,$1.06B,3.45%,$0.04B,$7.04B,0.51%,$0.05B,$1.06B,5.13%,$141,$68,$73,$0,$29,$113,$28,$0,$28,$9,$19,$19,$19,$30,$28,$4,4,$5.20,$5.19,$55,$0,$0,$55,$0,$6137,$0,$186,$6982,$7037,$5704,$0,$216,$270,$5974,$4,$1046,$-23,$1063,$7037,$34,$-1,$68,$66,$0,$0,$-2,$-12,$-9,$92,$0,$0,$0,$1,$-137,$-136,$-37,$-173,$0,$0,$0,$0,$0,$0,$68,$68,$-13,$0,$0
38,2009-03-31,111.32,$279.08,0.4,$116.49,0.96,$145.22,0.77,$6.69,16.64,$0.03B,$5.61B,0.01,$0.00B,$1.01B,0.0,$0.42B,$0.23B,55.19%,$0.42B,$0.05B,12.03%,$0.42B,$0.05B,12.03%,$0.42B,$0.05B,10.61%,$0.42B,$0.05B,12.03%,$0.42B,$0.03B,8.02%,$0.03B,$1.01B,3.38%,$0.03B,$1.01B,3.38%,$0.03B,$6.85B,0.50%,$0.05B,$1.01B,5.07%,$112,$48,$63,$0,$28,$89,$23,$0,$23,$8,$15,$15,$15,$19,$23,$4,4,$4.14,$4.14,$28,$0,$0,$28,$0,$5942,$0,$187,$6825,$6853,$5608,$0,$196,$233,$5841,$4,$1026,$-55,$1012,$6853,$15,$-3,$25,$22,$0,$0,$-2,$-2,$4,$40,$0,$0,$0,$2,$-94,$-92,$-8,$-101,$0,$0,$0,$0,$0,$0,$21,$21,$-40,$0,$0
39,2008-12-31,166.66,$287.86,0.58,$112.80,1.48,$152.51,1.09,$6.53,25.52,$0.07B,$5.56B,0.01,$0.00B,$0.99B,0.0,$0.41B,$0.23B,56.69%,$0.41B,$0.05B,12.17%,$0.41B,$0.05B,12.17%,$0.41B,$0.05B,11.44%,$0.41B,$0.05B,12.17%,$0.41B,$0.03B,8.03%,$0.03B,$0.99B,3.27%,$0.03B,$0.99B,3.27%,$0.03B,$6.79B,0.48%,$0.05B,$0.99B,4.95%,$111,$51,$60,$0,$33,$94,$17,$0,$17,$6,$11,$11,$11,$17,$17,$4,4,$2.99,$2.99,$68,$0,$0,$70,$0,$5838,$0,$177,$6717,$6786,$5562,$0,$211,$238,$5800,$4,$1011,$-65,$986,$6786,$34,$-2,$128,$126,$0,$0,$0,$33,$36,$195,$0,$0,$0,$4,$-58,$-54,$1,$-53,$0,$0,$0,$-1,$-1,$0,$-118,$-119,$23,$0,$0
40,2008-09-30,238.05,$274.76,0.87,$109.52,2.17,$170.10,1.4,$11.69,20.36,$0.04B,$5.56B,0.01,$0.00B,$1.00B,0.0,$0.40B,$0.24B,60.75%,$0.40B,$0.08B,19.25%,$0.40B,$0.08B,19.25%,$0.40B,$0.07B,18.50%,$0.40B,$0.08B,19.25%,$0.40B,$0.05B,12.75%,$0.05B,$1.00B,5.02%,$0.05B,$1.00B,5.02%,$0.05B,$6.80B,0.75%,$0.08B,$1.00B,7.58%,$88,$49,$39,$0,$37,$104,$-16,$0,$-16,$-6,$-10,$-10,$-10,$-17,$-16,$4,4,$-2.70,$-2.70,$35,$0,$0,$40,$0,$5910,$0,$162,$6761,$6801,$5557,$0,$211,$247,$5805,$4,$1000,$-44,$996,$6801,$23,$-3,$90,$87,$0,$0,$-2,$87,$85,$195,$0,$0,$0,$3,$-67,$-65,$-46,$-111,$0,$0,$0,$0,$0,$0,$-95,$-95,$-10,$0,$0
41,2008-06-30,214.87,$283.93,0.76,$115.86,1.85,$168.33,1.28,$18.75,11.46,$0.04B,$5.56B,0.01,$0.00B,$1.03B,0.0,$0.42B,$0.27B,62.97%,$0.42B,$0.12B,27.59%,$0.42B,$0.12B,27.59%,$0.42B,$0.11B,26.89%,$0.42B,$0.12B,27.59%,$0.42B,$0.08B,18.16%,$0.08B,$1.03B,7.61%,$0.08B,$1.03B,7.61%,$0.08B,$6.83B,1.13%,$0.12B,$1.03B,11.56%,$113,$41,$72,$0,$30,$86,$27,$0,$27,$9,$18,$18,$18,$26,$27,$4,4,$5.00,$4.97,$33,$0,$0,$40,$0,$5951,$0,$156,$6787,$6826,$5558,$0,$181,$239,$5797,$4,$1011,$-22,$1030,$6826,$33,$-2,$50,$48,$0,$0,$0,$9,$18,$98,$0,$0,$0,$2,$-20,$-18,$-30,$-48,$0,$0,$0,$0,$0,$0,$-63,$-62,$-12,$0,$0
42,2008-03-31,213.19,$283.30,0.75,$125.37,1.7,$173.60,1.23,$22.58,9.44,$0.10B,$5.56B,0.02,$0.00B,$1.03B,0.0,$0.46B,$0.27B,57.83%,$0.46B,$0.12B,25.87%,$0.46B,$0.12B,25.87%,$0.46B,$0.12B,25.22%,$0.46B,$0.12B,25.87%,$0.46B,$0.08B,17.61%,$0.08B,$1.03B,8.14%,$0.08B,$1.03B,8.14%,$0.08B,$6.86B,1.19%,$0.12B,$1.03B,11.96%,$99,$37,$62,$0,$26,$77,$22,$0,$22,$7,$14,$14,$14,$21,$22,$4,4,$3.99,$3.96,$94,$0,$0,$100,$0,$5947,$0,$151,$6761,$6861,$5562,$0,$206,$272,$5834,$4,$993,$-7,$1027,$6861,$14,$-1,$17,$16,$0,$0,$1,$26,$35,$67,$0,$0,$0,$-2,$34,$32,$-14,$19,$0,$0,$0,$0,$0,$0,$-37,$-37,$49,$0,$0
43,2007-12-31,203.93,$279.32,0.73,$129.43,1.58,$172.30,1.18,$23.59,8.64,$0.06B,$5.58B,0.01,$0.00B,$1.01B,0.0,$0.48B,$0.27B,56.84%,$0.48B,$0.13B,26.32%,$0.48B,$0.13B,26.32%,$0.48B,$0.12B,25.68%,$0.48B,$0.13B,26.32%,$0.48B,$0.09B,18.11%,$0.09B,$1.01B,8.81%,$0.09B,$1.01B,8.81%,$0.09B,$6.84B,1.27%,$0.13B,$1.01B,12.80%,$100,$30,$70,$0,$14,$55,$44,$0,$44,$15,$29,$29,$29,$44,$44,$4,4,$8.07,$7.99,$45,$0,$0,$55,$0,$5970,$0,$146,$6780,$6835,$5581,$0,$181,$243,$5824,$4,$979,$-7,$1012,$6835,$85,$-3,$136,$133,$0,$0,$-1,$23,$42,$260,$0,$0,$0,$3,$-177,$-174,$3,$-171,$0,$0,$0,$-1,$-1,$0,$-93,$-94,$-5,$0,$0
44,2007-09-30,251.3,$270.59,0.93,$144.66,1.74,$142.05,1.77,$21.93,11.46,$0.05B,$5.59B,0.01,$0.00B,$0.98B,0.0,$0.53B,$0.27B,51.51%,$0.53B,$0.12B,22.45%,$0.53B,$0.12B,22.45%,$0.53B,$0.11B,21.32%,$0.53B,$0.12B,22.45%,$0.53B,$0.08B,15.28%,$0.08B,$0.98B,8.47%,$0.08B,$0.98B,8.47%,$0.08B,$6.82B,1.20%,$0.12B,$0.98B,12.44%,$112,$50,$63,$0,$25,$88,$24,$0,$24,$9,$16,$16,$16,$23,$24,$4,4,$4.31,$4.26,$41,$0,$0,$52,$0,$5960,$0,$149,$6763,$6815,$5594,$0,$195,$241,$5835,$4,$950,$-9,$980,$6815,$56,$-3,$113,$110,$0,$0,$1,$17,$24,$191,$0,$0,$0,$2,$-129,$-127,$-9,$-136,$0,$0,$0,$0,$0,$0,$-64,$-64,$-9,$0,$0
45,2007-06-30,248.31,$265.17,0.94,$149.59,1.66,$136.41,1.82,$22.05,11.26,$0.04B,$5.57B,0.01,$0.00B,$0.96B,0.0,$0.55B,$0.27B,49.64%,$0.55B,$0.12B,21.90%,$0.55B,$0.12B,21.90%,$0.55B,$0.11B,20.80%,$0.55B,$0.12B,21.90%,$0.55B,$0.08B,14.78%,$0.08B,$0.96B,8.61%,$0.08B,$0.96B,8.61%,$0.08B,$6.76B,1.21%,$0.12B,$0.96B,12.75%,$149,$78,$71,$0,$26,$120,$29,$0,$29,$7,$22,$22,$22,$28,$29,$4,4,$6.03,$5.96,$29,$0,$0,$37,$0,$5926,$0,$146,$6728,$6764,$5574,$0,$198,$230,$5804,$4,$935,$-15,$960,$6764,$41,$-2,$83,$81,$0,$0,$-0,$-3,$-5,$118,$0,$0,$0,$-1,$-72,$-73,$-14,$-88,$0,$0,$0,$0,$0,$0,$-52,$-52,$-21,$0,$0
46,2007-03-31,240.34,$263.41,0.91,$136.50,1.76,$134.44,1.79,$22.14,10.86,$0.04B,$5.54B,0.01,$0.00B,$0.95B,0.0,$0.50B,$0.27B,54.00%,$0.50B,$0.12B,24.80%,$0.50B,$0.12B,24.80%,$0.50B,$0.12B,23.60%,$0.50B,$0.12B,24.80%,$0.50B,$0.08B,16.20%,$0.08B,$0.95B,8.77%,$0.08B,$0.95B,8.77%,$0.08B,$6.73B,1.22%,$0.12B,$0.95B,13.43%,$114,$48,$66,$0,$24,$86,$28,$0,$28,$9,$19,$19,$19,$27,$28,$4,4,$5.16,$5.09,$35,$0,$0,$35,$0,$5914,$0,$140,$6692,$6727,$5539,$0,$191,$234,$5773,$4,$913,$1,$954,$6727,$19,$-1,$29,$28,$0,$0,$1,$9,$18,$63,$0,$0,$0,$-1,$-41,$-41,$-10,$-52,$0,$0,$0,$0,$0,$0,$-26,$-26,$-15,$0,$0
47,2006-12-31,225.95,$257.66,0.88,$142.68,1.58,$135.77,1.66,$23.10,9.78,$0.05B,$5.53B,0.01,$0.00B,$0.93B,0.0,$0.52B,$0.27B,52.30%,$0.52B,$0.12B,22.41%,$0.52B,$0.12B,22.41%,$0.52B,$0.11B,21.26%,$0.52B,$0.12B,22.41%,$0.52B,$0.08B,14.56%,$0.08B,$0.93B,8.41%,$0.08B,$0.93B,8.41%,$0.08B,$6.69B,1.16%,$0.12B,$0.93B,12.95%,$155,$82,$73,$0,$21,$117,$38,$0,$38,$14,$24,$24,$24,$35,$38,$4,4,$6.63,$6.57,$50,$0,$0,$50,$0,$5855,$0,$144,$6644,$6693,$5533,$0,$193,$227,$5760,$4,$897,$-4,$933,$6693,$76,$-5,$180,$177,$0,$0,$-3,$-28,$-28,$149,$0,$0,$0,$-0,$-241,$-241,$10,$-231,$0,$0,$0,$-1,$-1,$0,$25,$25,$149,$0,$0
