,Date,Stock Price,Book Value per Share,Price to Book Ratio,TTM Sales per Share,Price to Sales Ratio,TTM FCF per Share,Price to FCF Ratio,TTM Net EPS,PE Ratio,Current Assets,Current Liabilities,Current Ratio,Long Term Debt,Shareholder's Equity_x,Debt to Equity Ratio,TTM Revenue_x,TTM Gross Profit,Gross Margin,TTM Revenue_y,TTM Operating Income,Operating Margin,TTM Revenue_x,TTM EBIT,EBIT Margin,TTM Revenue_y,TTM EBITDA,EBITDA Margin,TTM Revenue_x,TTM Pre-Tax Income,Pre-Tax Margin,TTM Revenue_y,TTM Net Income_x,Net Margin,TTM Net Income_y,Shareholder's Equity_y,Return on Equity,TTM Net Income_x,Tangible Equity,Return on Tangible Equity,TTM Net Income_y,Total Assets,Return on Assets,TTM Net Income,LT Investments & Debt,Return on Investment,revenue,cost-goods-sold,gross-profit,research-development-expenses,selling-general-administrative-expenses,operating-expenses,operating-income,total-non-operating-income-expense,pre-tax-income,total-provision-income-taxes,income-after-taxes,income-from-continuous-operations,net-income,ebitda,ebit,basic-shares-outstanding,shares-outstanding,eps-basic-net-earnings-per-share,eps-earnings-per-share-diluted,cash-on-hand,inventory,other-current-assets,total-current-assets,net-property-plant-equipment,long-term-investments,goodwill-intangible-assets-total,other-long-term-assets,total-long-term-assets,total-assets,total-current-liabilities,long-term-debt,other-non-current-liabilities,total-long-term-liabilities,total-liabilities,common-stock-net,retained-earnings-accumulated-deficit,comprehensive-income,total-share-holder-equity,total-liabilities-share-holders-equity,net-income-loss,total-depreciation-amortization-cash-flow,other-non-cash-items,total-non-cash-items,change-in-accounts-receivable,change-in-inventories,change-in-accounts-payable,change-in-assets-liabilities,total-change-in-assets-liabilities,cash-flow-from-operating-activities,net-change-in-property-plant-equipment,net-change-in-intangible-assets,net-acquisitions-divestitures,net-change-in-short-term-investments,net-change-in-long-term-investments,net-change-in-investments-total,investing-activities-other,cash-flow-from-investing-activities,net-long-term-debt,net-current-debt,debt-issuance-retirement-net-total,net-common-equity-issued-repurchased,net-total-equity-issued-repurchased,total-common-preferred-stock-dividends-paid,financial-activities-other,cash-flow-from-financial-activities,net-cash-flow,stock-based-compensation,common-stock-dividends-paid
0,2018-09-30,13.6,$17.83,0.76,$16.26,0.84,$1.73,7.86,$-2.55,0.0,$4.47B,$3.55B,1.26,$1.19B,$10.43B,0.11,$9.49B,$4.40B,46.32%,$9.49B,$0.64B,6.79%,$9.49B,$0.64B,6.79%,$9.49B,$1.18B,12.46%,$9.49B,$-1.05B,-11.09%,$9.49B,$-1.48B,-15.61%,$-1.48B,$10.43B,-14.07%,$-1.48B,$2.67B,-41.37%,$-1.48B,$16.29B,-9.81%,$0.64B,$11.62B,5.70%,$2524,$1340,$1184,$0,$826,$2329,$195,$-17,$178,$50,$128,$128,$101,$358,$195,$584,586,$0.17,$0.17,$3534,$388,$547,$4469,$2512,$390,$7760,$897,$11819,$16288,$3545,$1186,$485,$2313,$5858,$6,$-2032,$-970,$10430,$16288,$128,$163,$18,$181,$-21,$-23,$-152,$0,$-196,$113,$-128,$0,$1,$0,$-10,$-10,$16,$-121,$-61,$0,$-61,$0,$0,$-23,$-40,$-124,$-148,$0,$-23
1,2018-06-30,15.85,$18.00,0.88,$15.48,1.02,$1.64,9.65,$-2.60,0.0,$4.39B,$3.30B,1.33,$1.49B,$10.48B,0.14,$9.02B,$4.12B,45.67%,$9.02B,$0.60B,6.65%,$9.02B,$0.60B,6.65%,$9.02B,$1.07B,11.88%,$9.02B,$-1.09B,-12.07%,$9.02B,$-1.51B,-16.78%,$-1.51B,$10.50B,-14.12%,$-1.51B,$2.61B,-36.39%,$-1.51B,$16.35B,-10.31%,$0.60B,$11.99B,5.33%,$2693,$1464,$1229,$0,$916,$2555,$138,$-430,$-292,$63,$-355,$-355,$-371,$313,$138,$583,583,$-0.64,$-0.64,$3646,$376,$372,$4394,$2560,$393,$7889,$831,$11952,$16346,$3295,$1490,$430,$2554,$5849,$6,$-2163,$-874,$10497,$16346,$-1444,$472,$1818,$2290,$-128,$-14,$53,$0,$-89,$757,$-227,$0,$-76,$0,$-18,$-18,$0,$-321,$-118,$0,$-118,$0,$0,$-158,$-122,$-398,$18,$0,$-158
2,2018-03-31,16.1,$17.17,0.94,$14.44,1.12,$1.33,12.11,$-2.70,0.0,$3.99B,$2.47B,1.62,$0.18B,$9.99B,0.02,$8.41B,$3.83B,45.50%,$8.41B,$0.58B,6.86%,$8.41B,$0.58B,6.86%,$8.41B,$0.97B,11.58%,$8.41B,$-1.21B,-14.33%,$8.41B,$-1.58B,-18.81%,$-1.58B,$10.01B,-14.55%,$-1.58B,$4.06B,-33.29%,$-1.58B,$13.37B,-11.11%,$0.58B,$10.20B,5.20%,$2093,$1151,$942,$0,$760,$2011,$82,$-1189,$-1107,$3,$-1110,$-1110,$-1128,$182,$82,$583,583,$-1.94,$-1.94,$2112,$0,$546,$3986,$1642,$957,$5950,$467,$9386,$13372,$2467,$184,$354,$894,$3361,$6,$-1792,$-829,$10011,$13372,$-1089,$297,$1405,$1702,$-86,$-14,$-48,$0,$-148,$465,$-63,$0,$-62,$0,$-42,$-42,$23,$-144,$-93,$0,$-93,$0,$0,$-99,$-42,$-234,$96,$0,$-99
3,2017-12-31,16.5,$19.18,0.86,$14.25,1.16,$1.13,14.65,$-0.77,0.0,$3.72B,$2.27B,1.64,$0.19B,$11.16B,0.02,$8.30B,$3.76B,45.35%,$8.30B,$0.60B,7.24%,$8.30B,$0.60B,7.24%,$8.30B,$1.01B,12.14%,$8.30B,$-0.05B,-0.64%,$8.30B,$-0.45B,-5.41%,$-0.45B,$11.18B,-4.00%,$-0.45B,$4.98B,-8.89%,$-0.45B,$14.36B,-3.07%,$0.60B,$11.37B,5.23%,$2180,$1139,$1041,$0,$712,$1951,$229,$-60,$169,$235,$-66,$-66,$-83,$329,$229,$583,583,$-0.14,$-0.14,$1856,$0,$483,$3718,$1631,$2019,$6198,$444,$10641,$14359,$2270,$187,$360,$911,$3181,$6,$-664,$-832,$11178,$14359,$21,$197,$252,$449,$-73,$-8,$-185,$0,$-266,$204,$-113,$0,$-53,$0,$-33,$-33,$23,$-176,$-93,$0,$-93,$0,$0,$-80,$-29,$-202,$-160,$0,$-80
4,2017-09-30,13.57,$19.25,0.7,$14.15,0.96,$0.89,15.29,$-1.13,0.0,$3.77B,$2.42B,1.56,$0.28B,$11.20B,0.03,$8.23B,$3.71B,45.08%,$8.23B,$0.58B,7.01%,$8.23B,$0.58B,7.01%,$8.23B,$1.00B,12.18%,$8.23B,$-0.47B,-5.75%,$8.23B,$-0.66B,-7.96%,$-0.66B,$11.22B,-5.82%,$-0.66B,$4.99B,-12.85%,$-0.66B,$14.66B,-4.47%,$0.58B,$11.50B,5.01%,$2058,$1149,$909,$0,$661,$1907,$151,$-10,$141,$54,$87,$87,$68,$248,$151,$582,583,$0.12,$0.12,$1877,$0,$526,$3768,$1636,$2044,$6223,$438,$10894,$14662,$2417,$281,$362,$1029,$3446,$6,$-581,$-852,$11216,$14662,$87,$97,$7,$104,$-73,$-16,$-106,$0,$-195,$-4,$-62,$0,$-54,$0,$-12,$-12,$7,$-121,$0,$0,$0,$0,$0,$-21,$-10,$-31,$-139,$0,$-21
5,2017-06-30,13.96,$19.06,0.73,$14.00,1.0,$0.49,28.42,$-1.28,0.0,$3.82B,$2.45B,1.56,$0.28B,$11.07B,0.03,$8.14B,$3.61B,44.35%,$8.14B,$0.44B,5.36%,$8.14B,$0.44B,5.36%,$8.14B,$0.89B,10.87%,$8.14B,$-0.62B,-7.56%,$8.14B,$-0.74B,-9.07%,$-0.74B,$11.09B,-6.48%,$-0.74B,$4.97B,-14.13%,$-0.74B,$14.55B,-4.98%,$0.44B,$11.37B,3.73%,$2080,$1145,$935,$0,$720,$1965,$115,$-523,$-408,$16,$-424,$-424,$-439,$215,$115,$581,581,$-0.73,$-0.73,$2016,$208,$315,$3815,$1624,$2027,$6119,$442,$10737,$14552,$2452,$276,$351,$1007,$3459,$6,$-648,$-964,$11093,$14552,$-643,$449,$852,$1301,$-58,$15,$137,$-258,$-164,$494,$-147,$0,$-185,$0,$-59,$-59,$286,$-105,$-23,$0,$-23,$0,$0,$-152,$-42,$-217,$184,$0,$-152
6,2017-03-31,13.32,$19.66,0.68,$14.25,0.94,$1.03,12.9,$-0.39,0.0,$3.76B,$2.46B,1.53,$0.27B,$11.42B,0.02,$8.29B,$3.65B,44.04%,$8.29B,$0.43B,5.13%,$8.29B,$0.43B,5.13%,$8.29B,$0.91B,10.97%,$8.29B,$-0.01B,-0.08%,$8.29B,$-0.21B,-2.52%,$-0.21B,$11.44B,-1.81%,$-0.21B,$5.26B,-3.84%,$-0.21B,$14.89B,-1.39%,$0.43B,$11.71B,3.58%,$1978,$1101,$877,$0,$662,$1872,$106,$-61,$45,$45,$0,$0,$5,$215,$106,$582,582,$-0.01,$-0.01,$1850,$0,$586,$3762,$1961,$2010,$6175,$442,$11124,$14886,$2461,$273,$328,$988,$3449,$6,$-219,$-1045,$11437,$14886,$-219,$349,$390,$739,$-126,$-8,$89,$-256,$-301,$219,$64,$0,$-345,$0,$-93,$-93,$325,$-49,$-23,$0,$-23,$0,$0,$-93,$-36,$-152,$18,$0,$-93
7,2016-12-31,11.55,$19.35,0.6,$14.10,0.82,$1.14,10.16,$-0.64,0.0,$3.59B,$2.33B,1.55,$0.27B,$11.23B,0.02,$8.20B,$3.58B,43.66%,$8.20B,$0.35B,4.28%,$8.20B,$0.35B,4.28%,$8.20B,$0.85B,10.39%,$8.20B,$-0.28B,-3.39%,$8.20B,$-0.36B,-4.43%,$-0.36B,$11.25B,-3.11%,$-0.36B,$5.16B,-6.46%,$-0.36B,$14.53B,-2.38%,$0.35B,$11.52B,2.92%,$2116,$1126,$990,$0,$665,$1911,$205,$-456,$-251,$-32,$-219,$-219,$-289,$325,$205,$581,581,$-0.50,$-0.50,$1564,$0,$499,$3591,$1981,$1932,$6089,$385,$10936,$14527,$2325,$268,$331,$954,$3279,$6,$-213,$-1289,$11248,$14527,$-219,$240,$318,$558,$-131,$-9,$52,$-250,$-338,$1,$-49,$0,$-342,$0,$-39,$-39,$312,$-118,$-23,$0,$-23,$0,$0,$-77,$-21,$-121,$-268,$0,$-77
8,2016-09-30,13.92,$20.24,0.69,$14.17,0.98,$1.61,8.66,$-0.03,0.0,$3.33B,$2.29B,1.46,$0.38B,$11.75B,0.03,$8.24B,$3.56B,43.15%,$8.24B,$0.30B,3.68%,$8.24B,$0.30B,3.68%,$8.24B,$0.81B,9.79%,$8.24B,$0.13B,1.55%,$8.24B,$-0.01B,-0.13%,$-0.01B,$11.77B,-0.09%,$-0.01B,$5.50B,-0.18%,$-0.01B,$15.27B,-0.07%,$0.30B,$12.14B,2.50%,$1965,$1157,$808,$0,$678,$1955,$10,$-11,$-1,$-1,$0,$0,$-15,$130,$10,$581,581,$-0.03,$-0.03,$1499,$0,$535,$3328,$2367,$2269,$6270,$407,$11941,$15269,$2287,$377,$336,$1216,$3503,$6,$76,$-986,$11766,$15269,$0,$120,$-40,$80,$-64,$-16,$-21,$-250,$-351,$-271,$-25,$0,$-283,$0,$0,$0,$297,$-11,$-23,$0,$-23,$0,$0,$-18,$-18,$-59,$-333,$0,$-18
9,2016-06-30,11.35,$20.34,0.56,$14.25,0.8,$2.25,5.04,$0.30,37.82,$3.89B,$2.44B,1.59,$0.37B,$11.78B,0.03,$8.29B,$3.56B,42.98%,$8.29B,$0.34B,4.06%,$8.29B,$0.34B,4.06%,$8.29B,$0.84B,10.15%,$8.29B,$0.18B,2.18%,$8.29B,$0.18B,2.16%,$0.18B,$11.80B,1.51%,$0.18B,$5.88B,2.84%,$0.18B,$15.48B,1.18%,$0.34B,$12.17B,2.80%,$2226,$1252,$974,$0,$735,$2122,$104,$96,$200,$86,$114,$114,$90,$239,$104,$581,583,$0.15,$0.15,$2147,$0,$513,$3889,$2405,$2270,$5921,$396,$11594,$15483,$2442,$369,$349,$1239,$3681,$6,$150,$-1026,$11802,$15483,$250,$505,$-250,$255,$22,$35,$58,$258,$373,$878,$-215,$0,$-519,$0,$-51,$-51,$-326,$-1111,$342,$0,$342,$-41,$-41,$-147,$-4,$150,$-119,$0,$-147
10,2016-03-31,12.88,$20.46,0.63,$14.06,0.92,$2.32,5.55,$-0.50,0.0,$3.91B,$2.65B,1.48,$0.37B,$11.85B,0.03,$8.18B,$3.49B,42.67%,$8.18B,$0.33B,3.97%,$8.18B,$0.33B,3.97%,$8.18B,$0.82B,10.00%,$8.18B,$0.05B,0.60%,$8.18B,$-0.29B,-3.52%,$-0.29B,$11.87B,-2.41%,$-0.29B,$5.96B,-4.39%,$-0.29B,$15.72B,-1.91%,$0.33B,$12.23B,2.70%,$1891,$1084,$807,$0,$649,$1859,$32,$-258,$-226,$-98,$-128,$-128,$-149,$158,$32,$580,580,$-0.26,$-0.26,$1972,$0,$679,$3905,$2499,$2264,$5910,$472,$11811,$15716,$2648,$369,$353,$1203,$3851,$6,$60,$-845,$11865,$15716,$141,$370,$-329,$41,$-12,$-37,$132,$258,$341,$523,$-180,$0,$-482,$0,$-62,$-62,$36,$-688,$342,$0,$342,$-41,$-41,$-88,$-9,$204,$21,$0,$-88
11,2015-12-31,13.46,$20.64,0.65,$14.30,0.94,$2.77,4.85,$-0.20,0.0,$3.80B,$2.10B,1.81,$0.00B,$11.98B,0.0,$8.33B,$3.52B,42.27%,$8.33B,$0.35B,4.24%,$8.33B,$0.35B,4.24%,$8.33B,$0.84B,10.13%,$8.33B,$0.36B,4.27%,$8.33B,$-0.12B,-1.39%,$-0.12B,$12.00B,-0.96%,$-0.12B,$6.75B,-1.72%,$-0.12B,$14.88B,-0.77%,$0.35B,$12.00B,2.91%,$2161,$1193,$968,$0,$688,$2004,$157,$-2,$155,$49,$106,$106,$63,$280,$157,$581,583,$0.11,$0.11,$1883,$0,$563,$3795,$2554,$2288,$5254,$984,$11080,$14875,$2096,$0,$344,$780,$2876,$6,$268,$-923,$11999,$14875,$271,$244,$-112,$132,$-97,$72,$-32,$0,$-57,$346,$-120,$0,$-99,$0,$-36,$-36,$5,$-250,$0,$0,$0,$-18,$-18,$-74,$-7,$-99,$-68,$0,$-74
12,2015-09-30,12.35,$20.30,0.61,$14.47,0.85,$3.06,4.03,$-0.07,0.0,$3.89B,$2.17B,1.8,$0.00B,$11.78B,0.0,$8.43B,$3.56B,42.24%,$8.43B,$0.42B,4.99%,$8.43B,$0.42B,4.99%,$8.43B,$0.92B,10.87%,$8.43B,$0.45B,5.31%,$8.43B,$-0.04B,-0.44%,$-0.04B,$11.80B,-0.30%,$-0.04B,$6.65B,-0.55%,$-0.04B,$14.76B,-0.24%,$0.42B,$11.80B,3.42%,$2014,$1199,$815,$0,$650,$1970,$44,$8,$52,$-91,$143,$143,$175,$165,$44,$581,583,$0.30,$0.30,$1898,$0,$690,$3889,$2553,$2196,$5155,$963,$10867,$14756,$2166,$0,$320,$789,$2955,$6,$204,$-1025,$11801,$14756,$189,$121,$-168,$-47,$-94,$30,$74,$-11,$-1,$141,$-63,$0,$-14,$0,$-14,$-14,$5,$-86,$0,$0,$0,$-15,$-15,$-16,$-6,$-37,$-53,$0,$-16
13,2015-06-30,13.62,$20.87,0.65,$14.64,0.93,$3.15,4.33,$-0.26,0.0,$4.01B,$2.11B,1.9,$0.00B,$12.12B,0.0,$8.52B,$3.57B,41.91%,$8.52B,$0.45B,5.24%,$8.52B,$0.45B,5.24%,$8.52B,$0.95B,11.09%,$8.52B,$0.55B,6.48%,$8.52B,$-0.15B,-1.72%,$-0.15B,$12.14B,-1.17%,$-0.15B,$6.87B,-2.08%,$-0.15B,$15.04B,-0.94%,$0.45B,$12.14B,3.54%,$2117,$1215,$902,$0,$687,$2025,$92,$-24,$68,$48,$20,$20,$-377,$215,$92,$581,583,$-0.65,$-0.65,$1951,$0,$780,$4014,$2690,$2379,$5266,$467,$11021,$15035,$2110,$0,$318,$789,$2899,$6,$88,$-582,$12136,$15035,$-78,$498,$352,$850,$29,$18,$12,$0,$59,$831,$-126,$0,$-1190,$0,$-146,$-146,$-279,$-1741,$-129,$0,$-129,$-30,$-30,$-30,$-1,$-190,$-1194,$0,$-30
14,2015-03-31,15.18,$21.52,0.71,$14.63,1.04,$3.09,4.91,$0.41,37.03,$4.09B,$2.27B,1.8,$0.00B,$12.53B,0.0,$8.51B,$3.52B,41.41%,$8.51B,$0.54B,6.40%,$8.51B,$0.54B,6.40%,$8.51B,$1.05B,12.35%,$8.51B,$0.73B,8.55%,$8.51B,$0.24B,2.87%,$0.24B,$12.55B,1.89%,$0.24B,$6.72B,3.26%,$0.24B,$15.69B,1.52%,$0.54B,$12.55B,4.20%,$2041,$1204,$837,$0,$653,$1981,$60,$21,$81,$25,$56,$56,$23,$184,$60,$582,583,$0.04,$0.04,$2027,$0,$753,$4088,$2699,$2382,$5823,$694,$11598,$15686,$2273,$0,$306,$867,$3140,$6,$467,$-554,$12546,$15686,$285,$375,$74,$449,$51,$-43,$102,$-18,$92,$826,$-218,$0,$-1054,$0,$-257,$-257,$16,$-1513,$-129,$0,$-129,$0,$0,$-29,$-2,$-160,$-1118,$0,$-29
15,2014-12-31,14.43,$22.02,0.66,$14.71,0.98,$3.02,4.78,$0.45,32.06,$4.05B,$2.33B,1.74,$0.00B,$12.77B,0.0,$8.54B,$3.50B,41.02%,$8.54B,$0.52B,6.05%,$8.54B,$0.52B,6.05%,$8.54B,$1.04B,12.19%,$8.54B,$0.71B,8.29%,$8.54B,$0.27B,3.15%,$0.27B,$12.79B,2.05%,$0.27B,$6.86B,3.41%,$0.27B,$15.97B,1.65%,$0.52B,$12.79B,3.95%,$2258,$1251,$1007,$0,$655,$2033,$225,$22,$247,$65,$182,$182,$142,$352,$225,$580,583,$0.24,$0.24,$1918,$0,$684,$4052,$2809,$2466,$5926,$717,$11918,$15970,$2329,$0,$307,$854,$3183,$6,$444,$-261,$12787,$15970,$251,$251,$75,$326,$-56,$65,$-30,$-12,$-33,$544,$-150,$0,$-1069,$0,$-246,$-246,$0,$-1465,$-129,$0,$-129,$0,$0,$-17,$-10,$-156,$-1227,$0,$-17
16,2014-09-30,15.43,$22.41,0.69,$14.70,1.05,$2.79,5.54,$0.47,32.83,$4.87B,$2.29B,2.12,$0.00B,$12.98B,0.0,$8.52B,$3.46B,40.61%,$8.52B,$0.48B,5.64%,$8.52B,$0.48B,5.64%,$8.52B,$1.02B,11.92%,$8.52B,$0.42B,4.88%,$8.52B,$0.28B,3.25%,$0.28B,$13.00B,2.11%,$0.28B,$7.85B,3.39%,$0.28B,$16.12B,1.70%,$0.48B,$13.00B,3.66%,$2108,$1282,$826,$0,$632,$2038,$70,$86,$156,$47,$109,$109,$65,$194,$70,$580,580,$0.11,$0.11,$2735,$0,$719,$4865,$2910,$2497,$5155,$696,$11258,$16123,$2293,$0,$302,$828,$3121,$6,$302,$152,$13002,$16123,$88,$124,$-4,$120,$17,$41,$-40,$-6,$12,$220,$-94,$0,$-300,$0,$-115,$-115,$0,$-509,$0,$0,$0,$0,$0,$-17,$-9,$-26,$-410,$0,$-17
17,2014-06-30,16.7,$23.18,0.72,$14.64,1.14,$2.56,6.53,$0.41,40.72,$5.27B,$2.26B,2.33,$0.00B,$13.40B,0.0,$8.49B,$3.41B,40.21%,$8.49B,$0.41B,4.84%,$8.49B,$0.41B,4.84%,$8.49B,$0.96B,11.35%,$8.49B,$-0.18B,-2.10%,$8.49B,$0.24B,2.82%,$0.24B,$13.42B,1.82%,$0.24B,$8.50B,2.91%,$0.24B,$16.49B,1.46%,$0.41B,$13.42B,3.13%,$2098,$1246,$852,$0,$532,$1909,$189,$54,$243,$72,$171,$171,$14,$320,$189,$579,580,$0.02,$0.02,$3145,$0,$737,$5270,$3009,$2609,$4919,$682,$11219,$16489,$2264,$0,$310,$806,$3070,$6,$237,$610,$13419,$16489,$294,$552,$260,$812,$-102,$24,$104,$-103,$-77,$1029,$-358,$0,$157,$0,$-1,$-1,$-83,$-285,$0,$0,$0,$0,$0,$-24,$213,$189,$764,$0,$-24
18,2014-03-31,15.98,$22.78,0.7,$14.92,1.07,$1.69,9.45,$-1.55,0.0,$5.37B,$2.50B,2.15,$0.00B,$13.17B,0.0,$8.65B,$3.44B,39.76%,$8.65B,$0.20B,2.34%,$8.65B,$0.20B,2.34%,$8.65B,$0.77B,8.94%,$8.65B,$-1.88B,-21.76%,$8.65B,$-0.90B,-10.40%,$-0.90B,$13.19B,-6.95%,$-0.90B,$8.31B,-11.17%,$-0.90B,$16.54B,-5.57%,$0.20B,$13.19B,1.56%,$2078,$1259,$819,$0,$644,$2045,$33,$29,$62,$1,$61,$61,$48,$175,$33,$579,580,$0.08,$0.08,$3207,$0,$769,$5370,$2959,$2551,$4879,$784,$11173,$16543,$2498,$0,$309,$857,$3355,$6,$225,$482,$13188,$16543,$265,$421,$43,$464,$-140,$-32,$281,$-35,$74,$803,$-244,$0,$70,$0,$-12,$-12,$0,$-186,$0,$0,$0,$0,$0,$-23,$214,$191,$826,$0,$-23
