,Date,Stock Price,Book Value per Share,Price to Book Ratio,TTM Sales per Share,Price to Sales Ratio,TTM FCF per Share,Price to FCF Ratio,TTM Net EPS,PE Ratio,Current Assets,Current Liabilities,Current Ratio,Long Term Debt,Shareholder's Equity_x,Debt to Equity Ratio,TTM Revenue_x,TTM Gross Profit,Gross Margin,TTM Revenue_y,TTM Operating Income,Operating Margin,TTM Revenue_x,TTM EBIT,EBIT Margin,TTM Revenue_y,TTM EBITDA,EBITDA Margin,TTM Revenue_x,TTM Pre-Tax Income,Pre-Tax Margin,TTM Revenue_y,TTM Net Income_x,Net Margin,TTM Net Income_y,Shareholder's Equity_y,Return on Equity,TTM Net Income_x,Tangible Equity,Return on Tangible Equity,TTM Net Income_y,Total Assets,Return on Assets,TTM Net Income,LT Investments & Debt,Return on Investment,revenue,cost-goods-sold,gross-profit,research-development-expenses,selling-general-administrative-expenses,operating-expenses,operating-income,total-non-operating-income-expense,pre-tax-income,total-provision-income-taxes,income-after-taxes,income-from-continuous-operations,net-income,ebitda,ebit,basic-shares-outstanding,shares-outstanding,eps-basic-net-earnings-per-share,eps-earnings-per-share-diluted,cash-on-hand,inventory,other-current-assets,total-current-assets,net-property-plant-equipment,long-term-investments,goodwill-intangible-assets-total,other-long-term-assets,total-long-term-assets,total-assets,total-current-liabilities,long-term-debt,other-non-current-liabilities,total-long-term-liabilities,total-liabilities,common-stock-net,retained-earnings-accumulated-deficit,comprehensive-income,total-share-holder-equity,total-liabilities-share-holders-equity,net-income-loss,total-depreciation-amortization-cash-flow,other-non-cash-items,total-non-cash-items,change-in-accounts-receivable,change-in-inventories,change-in-accounts-payable,change-in-assets-liabilities,total-change-in-assets-liabilities,cash-flow-from-operating-activities,net-change-in-property-plant-equipment,net-change-in-intangible-assets,net-acquisitions-divestitures,net-change-in-short-term-investments,net-change-in-long-term-investments,net-change-in-investments-total,investing-activities-other,cash-flow-from-investing-activities,net-long-term-debt,net-current-debt,debt-issuance-retirement-net-total,net-common-equity-issued-repurchased,net-total-equity-issued-repurchased,total-common-preferred-stock-dividends-paid,financial-activities-other,cash-flow-from-financial-activities,net-cash-flow,stock-based-compensation,common-stock-dividends-paid
0,2018-09-30,85.5,$36.56,2.34,$27.76,3.08,$18.78,4.55,$8.10,10.56,$4.40B,$3.60B,1.22,$5.35B,$10.81B,0.5,$9.46B,$4.85B,51.27%,$9.46B,$2.70B,28.50%,$9.46B,$2.70B,28.50%,$9.46B,$4.72B,49.92%,$9.46B,$2.36B,24.94%,$9.46B,$2.69B,28.38%,$2.69B,$10.81B,20.60%,$2.69B,$-2.82B,-234.81%,$2.69B,$21.06B,11.69%,$2.70B,$16.16B,14.58%,$2445,$1189,$1256,$433,$252,$234,$2211,$-119,$2092,$311,$1781,$1833,$1820,$2708,$2211,$323,325,$5.64,$5.60,$1944,$1284,$330,$4403,$2394,$0,$13627,$632,$16653,$21056,$3596,$5354,$799,$6655,$10251,$71,$-996,$126,$10805,$21056,$1969,$1484,$86,$1570,$136,$-70,$0,$-26,$99,$3638,$-440,$-46,$-7,$0,$145,$145,$0,$-348,$-1274,$1000,$-274,$-4582,$-4582,$-54,$25,$-4885,$-1603,$221,$-54
1,2018-06-30,109.27,$39.87,2.74,$27.14,4.03,$12.68,8.62,$2.81,38.89,$5.51B,$1.85B,2.98,$5.34B,$13.73B,0.39,$9.40B,$4.81B,51.15%,$9.40B,$0.65B,6.89%,$9.40B,$0.65B,6.89%,$9.40B,$2.71B,28.87%,$9.40B,$0.35B,3.77%,$9.40B,$0.97B,10.35%,$0.97B,$13.73B,7.16%,$0.97B,$-0.26B,-99.79%,$0.97B,$22.64B,4.11%,$0.65B,$19.07B,3.38%,$2290,$1110,$1180,$438,$242,$2153,$137,$-71,$66,$4,$62,$66,$54,$633,$137,$344,347,$0.16,$0.16,$2981,$1326,$414,$5511,$2352,$0,$13988,$793,$17133,$22644,$1850,$5341,$985,$7064,$8914,$71,$-2368,$120,$13730,$22644,$136,$987,$174,$1161,$167,$-112,$0,$-99,$-295,$1023,$-285,$-28,$14,$0,$-7,$-7,$0,$-306,$-1274,$0,$-1274,$-2,$-2,$0,$0,$-1276,$-566,$138,$0
2,2018-03-31,117.0,$40.14,2.91,$26.92,4.35,$12.90,9.07,$2.79,41.94,$6.56B,$3.17B,2.07,$5.33B,$13.89B,0.38,$9.31B,$4.71B,50.59%,$9.31B,$0.56B,6.02%,$9.31B,$0.56B,6.02%,$9.31B,$2.69B,28.89%,$9.31B,$0.26B,2.82%,$9.31B,$0.97B,10.39%,$0.97B,$13.89B,7.25%,$0.97B,$-0.48B,-61.70%,$0.97B,$24.13B,4.05%,$0.56B,$19.22B,2.95%,$2269,$1097,$1172,$426,$248,$2131,$138,$-68,$70,$2,$68,$70,$58,$629,$138,$344,347,$0.17,$0.17,$3983,$1251,$536,$6561,$2307,$0,$14371,$888,$17566,$24127,$3165,$5329,$1093,$7072,$10237,$71,$-2389,$212,$13890,$24127,$70,$491,$72,$563,$81,$-36,$0,$-42,$-23,$620,$-156,$-18,$0,$0,$0,$0,$0,$-174,$0,$0,$0,$-10,$-10,$0,$0,$-10,$436,$69,$0
3,2017-12-31,117.09,$40.00,2.93,$26.81,4.37,$12.91,9.07,$6.41,18.27,$6.04B,$2.72B,2.22,$5.81B,$13.72B,0.42,$9.26B,$4.62B,49.90%,$9.26B,$2.10B,22.71%,$9.26B,$2.10B,22.71%,$9.26B,$4.28B,46.19%,$9.26B,$1.74B,18.76%,$9.26B,$2.22B,23.93%,$2.22B,$13.72B,16.99%,$2.22B,$-1.01B,-98.35%,$2.22B,$24.05B,9.32%,$2.10B,$19.53B,11.05%,$2456,$1214,$1242,$414,$269,$2246,$210,$-79,$131,$-629,$760,$768,$753,$752,$210,$339,346,$2.19,$2.17,$3547,$1236,$382,$6044,$2295,$0,$14729,$981,$18005,$24049,$2718,$5814,$1100,$7615,$10333,$71,$-2339,$177,$13716,$24049,$2272,$2173,$-1277,$896,$31,$-120,$0,$-897,$-761,$2447,$-550,$-66,$2682,$0,$0,$0,$6,$2072,$-2744,$0,$-2744,$-53,$-53,$-89,$0,$-2886,$1653,$281,$-89
4,2017-09-30,113.09,$38.31,2.95,$26.73,4.23,$12.93,8.74,$4.61,24.53,$5.51B,$2.70B,2.04,$5.80B,$12.99B,0.45,$9.24B,$4.57B,49.42%,$9.24B,$2.07B,22.35%,$9.24B,$2.07B,22.35%,$9.24B,$4.23B,45.74%,$9.24B,$1.68B,18.20%,$9.24B,$1.98B,21.45%,$1.98B,$12.99B,15.98%,$1.98B,$-2.15B,-60.86%,$1.98B,$23.79B,8.26%,$2.07B,$18.79B,10.80%,$2387,$1172,$1215,$392,$292,$2224,$163,$-76,$87,$-30,$117,$123,$108,$700,$163,$339,346,$0.32,$0.31,$3065,$1205,$321,$5506,$2288,$862,$15137,$0,$18287,$23793,$2703,$5802,$974,$8101,$10804,$71,$-2700,$180,$12989,$23793,$1504,$1631,$-1528,$103,$56,$-89,$0,$-8,$102,$1709,$-418,$-56,$0,$0,$2682,$2682,$-1,$2207,$-2740,$0,$-2740,$-38,$-38,$-89,$104,$-2763,$1171,$203,$-89
5,2017-06-30,109.45,$37.95,2.88,$27.00,4.05,$13.00,8.42,$4.56,24.0,$5.07B,$2.71B,1.87,$5.79B,$12.83B,0.45,$9.32B,$4.54B,48.65%,$9.32B,$2.08B,22.27%,$9.32B,$2.08B,22.27%,$9.32B,$4.23B,45.33%,$9.32B,$1.65B,17.74%,$9.32B,$1.97B,21.08%,$1.97B,$12.83B,16.59%,$1.97B,$-2.63B,-47.09%,$1.97B,$23.63B,8.11%,$2.08B,$18.62B,10.76%,$2202,$1119,$1083,$381,$263,$2152,$50,$-75,$-25,$-54,$29,$63,$49,$610,$50,$338,345,$0.15,$0.14,$2642,$1178,$336,$5071,$2306,$0,$15466,$785,$18557,$23628,$2714,$5790,$913,$8082,$10796,$71,$-2766,$159,$12832,$23628,$1381,$1094,$-1426,$-332,$53,$-65,$0,$-98,$-3,$1066,$-257,$-40,$2668,$0,$0,$0,$-1,$2370,$-2736,$0,$-2736,$32,$32,$0,$0,$-2704,$748,$135,$0
6,2017-03-31,103.5,$37.46,2.76,$27.55,3.76,$12.68,8.16,$4.38,23.63,$4.68B,$2.07B,2.27,$6.50B,$12.62B,0.52,$9.49B,$4.55B,47.98%,$9.49B,$2.00B,21.09%,$9.49B,$2.00B,21.09%,$9.49B,$4.21B,44.39%,$9.49B,$1.53B,16.10%,$9.49B,$1.90B,20.06%,$1.90B,$12.62B,16.69%,$1.90B,$-3.21B,-38.63%,$1.90B,$23.61B,7.78%,$2.00B,$19.12B,10.27%,$2211,$1132,$1079,$367,$266,$532,$1679,$-136,$1543,$230,$1313,$1318,$1305,$2213,$1679,$336,344,$3.88,$3.79,$2238,$1144,$317,$4682,$2279,$0,$15837,$816,$18932,$23614,$2065,$6498,$939,$8926,$10991,$71,$-2737,$100,$12623,$23614,$1318,$534,$-1481,$-947,$4,$-28,$0,$24,$244,$625,$-161,$-24,$2614,$0,$0,$0,$-1,$2428,$-2732,$0,$-2732,$10,$10,$0,$0,$-2722,$344,$68,$0
7,2016-12-31,98.01,$33.26,2.95,$27.62,3.55,$12.28,7.98,$-0.57,0.0,$5.40B,$2.43B,2.22,$8.77B,$11.16B,0.79,$9.50B,$4.07B,42.84%,$9.50B,$-0.15B,-1.58%,$9.50B,$-0.15B,-1.58%,$9.50B,$2.06B,21.64%,$9.50B,$-0.60B,-6.35%,$9.50B,$0.20B,2.11%,$0.20B,$11.16B,1.80%,$0.20B,$-5.03B,-3.53%,$0.20B,$24.90B,0.80%,$-0.15B,$19.92B,-0.76%,$2440,$1251,$1189,$362,$292,$2267,$173,$-96,$77,$-456,$533,$537,$520,$703,$173,$338,348,$1.52,$1.52,$1894,$1113,$254,$5398,$2352,$962,$16186,$0,$19500,$24898,$2433,$8766,$884,$11309,$13742,$71,$-3934,$34,$11156,$24898,$259,$2205,$364,$2569,$-51,$568,$0,$-920,$-559,$2303,$-388,$-59,$-182,$0,$0,$0,$2,$-627,$-3333,$-6,$-3339,$2094,$2094,$-126,$-21,$-1392,$280,$338,$-126
8,2016-09-30,102.01,$32.25,3.16,$27.03,3.77,$10.76,9.48,$2.62,38.94,$5.20B,$2.56B,2.03,$8.76B,$10.75B,0.82,$8.66B,$3.50B,40.39%,$8.66B,$0.69B,7.96%,$8.66B,$0.69B,7.96%,$8.66B,$2.60B,29.95%,$8.66B,$0.16B,1.84%,$8.66B,$0.65B,7.53%,$0.65B,$10.75B,5.82%,$0.65B,$-5.81B,-10.79%,$0.65B,$24.79B,2.58%,$0.69B,$19.52B,3.50%,$2469,$1285,$1184,$379,$270,$2295,$174,$-115,$59,$-44,$103,$108,$91,$700,$174,$336,344,$0.27,$0.26,$1569,$1141,$244,$5203,$2366,$0,$16566,$657,$19589,$24792,$2563,$8761,$904,$11475,$14038,$71,$-4282,$232,$10754,$24792,$-278,$1675,$293,$1968,$-118,$544,$0,$-457,$-148,$1566,$-257,$-34,$-182,$0,$0,$0,$3,$-470,$-3324,$194,$-3130,$2131,$2131,$-126,$-21,$-1146,$-45,$256,$-126
9,2016-06-30,78.34,$32.63,2.4,$26.14,3.0,$10.32,7.59,$3.85,20.35,$4.94B,$2.59B,1.91,$8.27B,$11.07B,0.75,$7.72B,$3.06B,39.59%,$7.72B,$0.89B,11.55%,$7.72B,$0.89B,11.55%,$7.72B,$2.36B,30.63%,$7.72B,$0.49B,6.36%,$7.72B,$0.92B,11.95%,$0.92B,$11.07B,10.47%,$0.92B,$-5.65B,-18.92%,$0.92B,$24.58B,4.36%,$0.89B,$19.34B,5.49%,$2365,$1266,$1099,$416,$283,$2391,$-26,$-126,$-152,$-152,$0,$1,$-13,$594,$-26,$341,341,$-0.04,$-0.04,$1335,$1167,$251,$4939,$2403,$0,$16720,$519,$19642,$24581,$2592,$8272,$781,$10920,$13512,$71,$-4350,$201,$11069,$24581,$-386,$1149,$200,$1349,$-61,$487,$0,$-389,$-130,$848,$-159,$-25,$16,$0,$0,$0,$3,$-165,$-348,$-6,$-354,$-591,$-591,$0,$-10,$-955,$-279,$179,$0
10,2016-03-31,81.07,$33.55,2.42,$25.40,3.19,$10.57,7.67,$5.12,15.83,$4.25B,$2.70B,1.57,$8.27B,$11.49B,0.72,$6.86B,$2.68B,39.08%,$6.86B,$1.25B,18.21%,$6.86B,$1.25B,18.21%,$6.86B,$2.20B,32.08%,$6.86B,$0.98B,14.25%,$6.86B,$1.24B,18.01%,$1.24B,$11.49B,19.71%,$1.24B,$-6.19B,-32.37%,$1.24B,$25.37B,7.25%,$1.25B,$19.76B,9.70%,$2224,$1627,$597,$403,$296,$2695,$-471,$-116,$-587,$-199,$-388,$-387,$-398,$58,$-471,$342,342,$-1.16,$-1.16,$1488,$1452,$243,$4245,$2848,$0,$17685,$595,$21128,$25373,$2698,$8270,$870,$11184,$13882,$71,$-4290,$241,$11491,$25373,$-387,$529,$87,$616,$0,$441,$0,$-217,$177,$414,$-88,$-18,$-2,$0,$0,$0,$2,$-106,$-218,$-5,$-223,$-221,$-221,$0,$3,$-441,$-126,$99,$0
11,2015-12-31,84.25,$33.67,2.5,$25.19,3.34,$10.85,7.77,$5.82,14.48,$4.81B,$2.55B,1.89,$8.66B,$11.52B,0.75,$6.10B,$2.79B,45.68%,$6.10B,$2.02B,33.03%,$6.10B,$2.02B,33.03%,$6.10B,$2.53B,41.50%,$6.10B,$1.49B,24.36%,$6.10B,$1.53B,25.01%,$1.53B,$11.52B,42.66%,$1.53B,$-6.50B,-56.28%,$1.53B,$26.35B,12.24%,$2.02B,$20.17B,22.08%,$1606,$987,$619,$318,$413,$593,$1013,$-174,$839,$-148,$987,$989,$972,$1243,$1013,$240,250,$3.97,$3.84,$1614,$1879,$257,$4812,$2922,$0,$18018,$602,$21542,$26354,$2548,$8656,$1054,$12291,$14839,$68,$-3542,$181,$11515,$26354,$1599,$517,$-818,$-301,$-78,$82,$0,$-138,$-7,$1330,$-334,$-12,$-87,$0,$1,$1,$2,$-430,$62,$-2,$60,$-424,$-424,$-51,$-34,$-449,$429,$216,$-51
12,2015-09-30,87.07,$5.01,17.37,$24.95,3.49,$11.46,7.6,$2.87,30.34,$4.40B,$1.78B,2.48,$4.52B,$1.16B,3.91,$6.03B,$2.87B,47.61%,$6.03B,$1.31B,21.75%,$6.03B,$1.31B,21.75%,$6.03B,$1.70B,28.12%,$6.03B,$0.82B,13.59%,$6.03B,$0.70B,11.65%,$0.70B,$1.16B,78.24%,$0.70B,$-1.15B,-45.09%,$0.70B,$8.25B,9.26%,$1.31B,$5.68B,24.90%,$1522,$782,$740,$178,$162,$1147,$375,$16,$391,$15,$376,$379,$361,$469,$375,$232,242,$1.56,$1.49,$2492,$751,$140,$4399,$1097,$78,$2303,$373,$3851,$8250,$1777,$4518,$528,$5316,$7093,$51,$-4318,$191,$1157,$8250,$610,$287,$296,$583,$-149,$-72,$0,$27,$-162,$1059,$-243,$-7,$-104,$0,$1,$1,$0,$-353,$976,$-1,$975,$-291,$-291,$-51,$-12,$621,$1307,$105,$-51
13,2015-06-30,98.2,$3.88,25.32,$24.81,3.96,$10.90,9.01,$1.87,52.51,$4.26B,$1.32B,3.23,$5.01B,$0.90B,5.57,$6.03B,$2.85B,47.22%,$6.03B,$1.24B,20.65%,$6.03B,$1.24B,20.65%,$6.03B,$1.64B,27.17%,$6.03B,$0.57B,9.43%,$6.03B,$0.46B,7.68%,$0.46B,$0.90B,56.67%,$0.46B,$-1.42B,-26.25%,$0.46B,$8.19B,6.53%,$1.24B,$5.92B,24.86%,$1506,$782,$724,$195,$167,$1174,$332,$2,$334,$14,$320,$321,$300,$430,$332,$233,243,$1.29,$1.23,$2435,$756,$125,$4257,$1078,$75,$2321,$462,$3936,$8193,$1320,$5014,$686,$5972,$7292,$51,$-4670,$198,$901,$8193,$231,$193,$337,$530,$-53,$-67,$0,$22,$-61,$719,$-169,$-6,$-104,$0,$1,$1,$1,$-277,$982,$0,$982,$-141,$-141,$0,$-12,$829,$1250,$71,$0
14,2015-03-31,100.36,$2.92,34.38,$24.01,4.18,$10.14,9.89,$1.28,78.41,$2.89B,$1.33B,2.18,$4.01B,$0.74B,5.46,$5.87B,$2.76B,47.02%,$5.87B,$1.16B,19.79%,$5.87B,$1.16B,19.79%,$5.87B,$1.56B,26.57%,$5.87B,$0.42B,7.21%,$5.87B,$0.32B,5.49%,$0.32B,$0.74B,35.57%,$0.32B,$-1.78B,-17.46%,$0.32B,$7.07B,4.83%,$1.16B,$4.75B,24.57%,$1467,$763,$704,$199,$180,$1172,$295,$-373,$-78,$15,$-93,$-90,$-107,$390,$295,$233,233,$-0.46,$-0.46,$1355,$772,$115,$2894,$1107,$73,$2512,$479,$4171,$7065,$1325,$4012,$726,$5005,$6330,$51,$-4950,$189,$735,$7065,$-90,$95,$345,$440,$-64,$-53,$0,$15,$8,$368,$-80,$-2,$-103,$0,$1,$1,$1,$-183,$-10,$-1,$-11,$12,$12,$0,$0,$1,$170,$35,$0
15,2014-12-31,76.4,$3.44,22.18,$22.60,3.38,$9.78,7.81,$2.17,35.21,$2.63B,$1.32B,1.99,$3.94B,$0.80B,4.91,$5.65B,$2.64B,46.75%,$5.65B,$1.05B,18.58%,$5.65B,$1.05B,18.58%,$5.65B,$1.45B,25.75%,$5.65B,$0.64B,11.32%,$5.65B,$0.54B,9.54%,$0.54B,$0.80B,51.72%,$0.54B,$-1.89B,-29.23%,$0.54B,$6.85B,8.26%,$1.05B,$4.74B,22.10%,$1537,$833,$704,$198,$46,$1227,$310,$-137,$173,$9,$164,$167,$149,$407,$310,$238,249,$0.65,$0.61,$1185,$755,$97,$2630,$1123,$0,$2694,$403,$4220,$6850,$1320,$3936,$717,$4729,$6049,$51,$-4804,$210,$801,$6850,$607,$405,$370,$775,$-111,$-42,$0,$14,$83,$1468,$-325,$-36,$-1,$0,$0,$0,$-25,$-387,$1043,$-167,$876,$-1156,$-1156,$-50,$-224,$-554,$515,$133,$-50
16,2014-09-30,68.43,$3.60,19.0,$21.49,3.18,$7.86,8.71,$1.93,35.46,$2.18B,$1.27B,1.73,$3.79B,$0.83B,4.56,$5.40B,$2.53B,46.73%,$5.40B,$0.94B,17.34%,$5.40B,$0.94B,17.34%,$5.40B,$1.36B,25.13%,$5.40B,$0.59B,10.83%,$5.40B,$0.49B,9.00%,$0.49B,$0.83B,39.56%,$0.49B,$-1.97B,-27.57%,$0.49B,$6.27B,7.56%,$0.94B,$4.62B,19.65%,$1515,$802,$713,$196,$211,$1208,$307,$-168,$139,$4,$135,$138,$121,$410,$307,$235,247,$0.51,$0.49,$594,$748,$99,$2183,$1087,$59,$2796,$141,$4083,$6266,$1265,$3790,$140,$4170,$5435,$51,$-4777,$307,$831,$6266,$440,$308,$232,$540,$-216,$-15,$0,$17,$-68,$912,$-220,$-26,$2,$0,$0,$0,$-11,$-255,$-102,$583,$481,$-1158,$-1158,$-50,$0,$-727,$-76,$99,$-50
17,2014-06-30,66.18,$5.25,12.6,$20.21,3.27,$6.76,9.79,$2.04,32.44,$2.22B,$1.29B,1.72,$3.54B,$1.25B,2.83,$5.14B,$2.38B,46.37%,$5.14B,$0.80B,15.53%,$5.14B,$0.80B,15.53%,$5.14B,$1.25B,24.39%,$5.14B,$0.62B,12.01%,$5.14B,$0.52B,10.12%,$0.52B,$1.25B,37.67%,$0.52B,$-1.74B,-30.78%,$0.52B,$6.50B,7.95%,$0.80B,$4.80B,16.69%,$1349,$711,$638,$180,$216,$1100,$249,$-60,$189,$12,$177,$178,$159,$352,$249,$240,250,$0.66,$0.64,$661,$751,$121,$2216,$1079,$56,$2995,$150,$4280,$6496,$1286,$3543,$165,$3956,$5242,$51,$-4891,$350,$1254,$6496,$302,$205,$84,$289,$-135,$-9,$0,$15,$-76,$515,$-139,$-18,$2,$0,$0,$0,$-10,$-165,$-97,$350,$253,$-609,$-609,$0,$0,$-356,$-9,$65,$0
18,2014-03-31,58.81,$5.31,11.07,$19.47,3.02,$6.01,9.78,$1.83,32.14,$2.19B,$1.24B,1.77,$3.55B,$1.28B,2.76,$4.98B,$2.28B,45.80%,$4.98B,$0.72B,14.45%,$4.98B,$0.72B,14.45%,$4.98B,$1.20B,24.18%,$4.98B,$0.55B,11.09%,$4.98B,$0.47B,9.49%,$0.47B,$1.28B,33.71%,$0.47B,$-1.78B,-27.85%,$0.47B,$6.49B,7.27%,$0.72B,$4.83B,15.14%,$1246,$661,$585,$189,$213,$1063,$183,$-45,$138,$15,$123,$124,$110,$285,$183,$245,255,$0.45,$0.43,$720,$740,$112,$2187,$1045,$53,$3061,$143,$4302,$6489,$1235,$3546,$179,$3971,$5206,$51,$-5044,$350,$1283,$6489,$124,$102,$37,$139,$-47,$1,$0,$4,$10,$273,$-50,$-9,$3,$0,$0,$0,$0,$-56,$-93,$349,$256,$-418,$-418,$0,$0,$-162,$50,$28,$0
19,2013-12-31,45.93,$6.24,7.36,$18.93,2.43,$5.46,8.41,$1.34,34.28,$2.09B,$1.19B,1.75,$3.28B,$1.55B,2.12,$4.82B,$2.18B,45.21%,$4.82B,$0.65B,13.52%,$4.82B,$0.65B,13.52%,$4.82B,$1.17B,24.20%,$4.82B,$0.38B,7.83%,$4.82B,$0.35B,7.23%,$0.35B,$1.55B,24.89%,$0.35B,$-1.57B,-20.37%,$0.35B,$6.45B,5.40%,$0.65B,$4.83B,14.01%,$1293,$704,$589,$168,$-8,$1095,$198,$-79,$119,$10,$109,$115,$96,$311,$198,$249,255,$0.40,$0.39,$670,$740,$116,$2092,$1048,$52,$3113,$144,$4357,$6449,$1193,$3281,$182,$3710,$4903,$51,$-5105,$347,$1546,$6449,$415,$514,$114,$628,$-37,$-22,$0,$-25,$-152,$891,$-209,$-35,$2,$0,$4,$4,$-2,$-240,$-196,$-91,$-287,$-228,$-228,$-48,$-35,$-598,$53,$88,$-48
20,2013-09-30,37.21,$5.84,6.37,$18.36,2.03,$4.69,7.93,$0.50,74.42,$2.41B,$1.61B,1.5,$3.23B,$1.44B,2.25,$4.64B,$2.08B,44.80%,$4.64B,$0.49B,10.48%,$4.64B,$0.49B,10.48%,$4.64B,$1.02B,21.97%,$4.64B,$0.14B,2.98%,$4.64B,$0.14B,2.93%,$0.14B,$1.44B,10.21%,$0.14B,$-1.67B,-7.53%,$0.14B,$6.74B,2.11%,$0.49B,$4.67B,10.67%,$1249,$679,$570,$163,$239,$1081,$168,$3,$171,$1,$170,$172,$155,$305,$168,$249,257,$0.62,$0.60,$941,$754,$118,$2413,$1032,$50,$3110,$139,$4331,$6744,$1605,$3232,$200,$3701,$5306,$51,$-5105,$307,$1438,$6744,$300,$401,$32,$433,$-83,$-35,$0,$10,$-156,$577,$-139,$-27,$-1,$0,$1,$1,$1,$-165,$362,$-239,$123,$-163,$-163,$-47,$0,$-87,$324,$57,$-47
21,2013-06-30,31.02,$5.35,5.8,$18.12,1.71,$4.39,7.07,$0.35,88.63,$2.00B,$1.18B,1.69,$3.33B,$1.33B,2.5,$4.56B,$2.04B,44.83%,$4.56B,$0.49B,10.66%,$4.56B,$0.49B,10.66%,$4.56B,$1.01B,22.15%,$4.56B,$0.10B,2.24%,$4.56B,$0.10B,2.11%,$0.10B,$1.33B,7.25%,$0.10B,$-1.76B,-5.18%,$0.10B,$6.30B,1.50%,$0.49B,$4.66B,10.62%,$1188,$653,$535,$155,$211,$1018,$170,$-46,$124,$-2,$126,$129,$111,$302,$170,$249,255,$0.44,$0.43,$569,$742,$121,$1997,$1030,$47,$3094,$128,$4299,$6296,$1181,$3331,$191,$3782,$4963,$51,$-5247,$264,$1333,$6296,$128,$264,$67,$331,$-70,$-30,$0,$14,$-180,$279,$-85,$-17,$0,$0,$1,$1,$2,$-99,$-131,$-57,$-188,$-33,$-33,$0,$0,$-221,$-48,$37,$0
22,2013-03-31,30.29,$5.10,5.94,$17.87,1.69,$4.65,6.52,$0.25,121.16,$1.96B,$1.40B,1.39,$3.15B,$1.28B,2.47,$4.47B,$2.05B,45.85%,$4.47B,$0.47B,10.57%,$4.47B,$0.47B,10.57%,$4.47B,$1.00B,22.46%,$4.47B,$-0.04B,-0.99%,$4.47B,$-0.11B,-2.35%,$-0.11B,$1.28B,-8.11%,$-0.11B,$-1.83B,5.47%,$-0.11B,$6.28B,-1.63%,$0.47B,$4.42B,10.14%,$1085,$602,$483,$153,$222,$970,$115,$-152,$-37,$11,$-48,$-1,$-14,$247,$115,$250,250,$-0.06,$-0.06,$595,$730,$99,$1956,$1039,$46,$3109,$131,$4325,$6281,$1403,$3149,$189,$3603,$5006,$51,$-5352,$270,$1275,$6281,$-1,$132,$57,$189,$-23,$-20,$0,$2,$-69,$119,$-39,$-6,$0,$0,$0,$0,$2,$-43,$6,$-101,$-95,$5,$5,$0,$0,$-90,$-22,$17,$0
23,2012-12-31,26.32,$5.16,5.1,$17.47,1.51,$4.56,5.77,$0.21,125.33,$1.95B,$1.50B,1.31,$3.19B,$1.28B,2.48,$4.36B,$1.99B,45.62%,$4.36B,$0.41B,9.45%,$4.36B,$0.41B,9.45%,$4.36B,$0.95B,21.68%,$4.36B,$-0.03B,-0.57%,$4.36B,$-0.12B,-2.64%,$-0.12B,$1.28B,-8.75%,$-0.12B,$-1.96B,5.79%,$-0.12B,$6.44B,-1.76%,$0.41B,$4.47B,8.68%,$1116,$626,$490,$171,$288,$1083,$33,$-153,$-120,$-7,$-113,$-98,$-116,$165,$33,$248,248,$-0.46,$-0.45,$617,$715,$90,$1954,$1070,$45,$3242,$128,$4485,$6439,$1496,$3185,$205,$3659,$5155,$51,$-5334,$300,$1284,$6439,$-52,$533,$213,$746,$2,$-61,$0,$26,$28,$722,$-249,$-29,$24,$0,$12,$12,$-1,$-243,$-729,$230,$-499,$-26,$-26,$-40,$-9,$-574,$-126,$52,$-40
24,2012-09-30,25.01,$5.59,4.48,$16.72,1.5,$2.53,9.88,$-0.05,0.0,$1.97B,$1.31B,1.51,$3.34B,$1.40B,2.38,$4.17B,$1.89B,45.22%,$4.17B,$0.39B,9.25%,$4.17B,$0.39B,9.25%,$4.17B,$0.94B,22.48%,$4.17B,$-0.06B,-1.51%,$4.17B,$-0.18B,-4.34%,$-0.18B,$1.40B,-13.58%,$-0.18B,$-1.85B,9.01%,$-0.18B,$6.50B,-2.75%,$0.39B,$4.74B,7.87%,$1170,$634,$536,$153,$236,$1002,$168,$-33,$135,$6,$129,$131,$115,$296,$168,$247,253,$0.46,$0.45,$702,$671,$105,$1971,$1086,$42,$3258,$144,$4530,$6501,$1309,$3338,$226,$3788,$5097,$51,$-5218,$343,$1404,$6501,$46,$401,$129,$530,$-14,$-20,$0,$-2,$-18,$558,$-204,$-21,$25,$0,$0,$0,$2,$-198,$-423,$130,$-293,$-32,$-32,$-40,$0,$-365,$-41,$36,$-40
25,2012-06-30,23.23,$4.92,4.72,$16.36,1.42,$1.31,17.79,$0.71,32.72,$2.06B,$1.11B,1.87,$3.77B,$1.22B,3.1,$4.06B,$1.84B,45.26%,$4.06B,$0.33B,8.05%,$4.06B,$0.33B,8.05%,$4.06B,$0.90B,22.22%,$4.06B,$-0.26B,-6.47%,$4.06B,$0.01B,0.12%,$0.01B,$1.22B,0.36%,$0.01B,$-2.03B,-0.24%,$0.01B,$6.54B,0.07%,$0.33B,$4.98B,6.47%,$1094,$556,$538,$156,$231,$938,$156,$-178,$-22,$7,$-29,$-74,$-90,$295,$156,$248,248,$-0.36,$-0.36,$837,$644,$96,$2061,$1044,$39,$3247,$145,$4475,$6536,$1105,$3767,$447,$4214,$5319,$51,$-5333,$303,$1217,$6536,$-85,$273,$168,$441,$-15,$0,$0,$5,$10,$366,$-112,$-14,$-2,$0,$0,$0,$1,$-127,$-359,$326,$-33,$-35,$-35,$-39,$0,$-107,$94,$24,$-39
26,2012-03-31,26.61,$5.50,4.84,$16.33,1.63,$0.11,240.16,$0.71,37.48,$1.99B,$1.40B,1.42,$3.45B,$1.35B,2.55,$4.09B,$1.82B,44.60%,$4.09B,$0.30B,7.43%,$4.09B,$0.30B,7.43%,$4.09B,$0.88B,21.61%,$4.09B,$-0.13B,-3.11%,$4.09B,$0.18B,4.38%,$0.18B,$1.35B,12.60%,$0.18B,$-2.11B,-8.26%,$0.18B,$6.68B,2.55%,$0.30B,$4.80B,5.87%,$978,$554,$424,$148,$222,$923,$55,$-73,$-18,$-5,$-13,$-12,$-24,$189,$55,$248,248,$-0.10,$-0.10,$782,$619,$117,$1989,$1049,$38,$3461,$145,$4693,$6682,$1404,$3447,$477,$3924,$5328,$51,$-5243,$359,$1354,$6682,$-11,$134,$-3,$131,$30,$12,$0,$5,$-23,$97,$-39,$-7,$0,$0,$0,$0,$1,$-45,$-355,$325,$-30,$2,$2,$0,$0,$-28,$39,$9,$0
27,2011-12-31,15.37,$5.48,2.81,$16.60,0.93,$-0.34,0.0,$1.54,9.98,$1.97B,$1.05B,1.87,$3.75B,$1.36B,2.76,$4.19B,$1.91B,45.45%,$4.19B,$0.36B,8.51%,$4.19B,$0.36B,8.51%,$4.19B,$0.95B,22.60%,$4.19B,$0.10B,2.38%,$4.19B,$0.39B,9.30%,$0.39B,$1.36B,27.34%,$0.39B,$-2.05B,-17.23%,$0.39B,$6.61B,5.35%,$0.36B,$5.10B,6.65%,$931,$542,$389,$151,$236,$924,$7,$-165,$-158,$2,$-160,$-175,$-182,$158,$7,$249,249,$-0.73,$-0.70,$743,$618,$82,$1966,$1063,$37,$3402,$144,$4646,$6612,$1049,$3747,$241,$4206,$5255,$51,$-5219,$323,$1357,$6612,$436,$591,$-394,$197,$-32,$-104,$0,$51,$-458,$175,$-206,$-10,$11,$0,$0,$0,$3,$-202,$-429,$-383,$-812,$-47,$-47,$-67,$0,$-926,$-165,$31,$-67
28,2011-09-30,14.12,$6.32,2.24,$17.87,0.79,$0.40,35.61,$1.80,7.84,$2.08B,$1.23B,1.69,$3.77B,$1.56B,2.42,$4.34B,$2.01B,46.35%,$4.34B,$0.46B,10.67%,$4.34B,$0.46B,10.67%,$4.34B,$1.09B,25.04%,$4.34B,$0.17B,3.96%,$4.34B,$0.45B,10.46%,$0.45B,$1.56B,32.62%,$0.45B,$-2.03B,-18.96%,$0.45B,$7.01B,6.01%,$0.46B,$5.33B,8.52%,$1060,$572,$488,$165,$219,$951,$109,$-174,$-65,$20,$-85,$-110,$301,$261,$109,$248,248,$1.21,$1.21,$865,$610,$111,$2077,$1107,$89,$3590,$151,$4937,$7014,$1230,$3772,$452,$4224,$5454,$51,$-5037,$364,$1560,$7014,$609,$440,$-490,$-50,$8,$-90,$0,$20,$-350,$209,$-166,$-5,$0,$0,$2,$2,$0,$-169,$-417,$-382,$-799,$-48,$-48,$-67,$0,$-914,$-43,$21,$-67
29,2011-06-30,26.73,$5.67,4.72,$18.29,1.46,$0.47,56.82,$2.14,12.49,$2.16B,$1.84B,1.18,$4.07B,$1.41B,2.88,$4.40B,$2.00B,45.44%,$4.40B,$0.46B,10.45%,$4.40B,$0.46B,10.45%,$4.40B,$1.09B,24.70%,$4.40B,$0.62B,14.13%,$4.40B,$0.52B,11.86%,$0.52B,$1.41B,39.31%,$0.52B,$-2.48B,-20.08%,$0.52B,$7.80B,6.71%,$0.46B,$5.48B,8.42%,$1121,$598,$523,$165,$229,$988,$133,$-19,$114,$0,$114,$99,$84,$276,$133,$250,256,$0.34,$0.33,$859,$571,$122,$2159,$1156,$114,$3894,$173,$5639,$7798,$1835,$4065,$466,$4552,$6387,$51,$-5338,$472,$1411,$7798,$298,$288,$-193,$95,$27,$-40,$0,$9,$-315,$78,$-122,$-4,$0,$0,$1,$1,$0,$-125,$-185,$212,$27,$9,$9,$-67,$0,$-31,$-41,$0,$-67
