,Date,Stock Price,Book Value per Share,Price to Book Ratio,TTM Sales per Share,Price to Sales Ratio,TTM FCF per Share,Price to FCF Ratio,TTM Net EPS,PE Ratio,Current Assets,Current Liabilities,Current Ratio,Long Term Debt,Shareholder's Equity_x,Debt to Equity Ratio,TTM Revenue_x,TTM Gross Profit,Gross Margin,TTM Revenue_y,TTM Operating Income,Operating Margin,TTM Revenue_x,TTM EBIT,EBIT Margin,TTM Revenue_y,TTM EBITDA,EBITDA Margin,TTM Revenue_x,TTM Pre-Tax Income,Pre-Tax Margin,TTM Revenue_y,TTM Net Income_x,Net Margin,TTM Net Income_y,Shareholder's Equity_y,Return on Equity,TTM Net Income_x,Tangible Equity,Return on Tangible Equity,TTM Net Income_y,Total Assets,Return on Assets,TTM Net Income,LT Investments & Debt,Return on Investment,revenue,cost-goods-sold,gross-profit,research-development-expenses,selling-general-administrative-expenses,operating-expenses,operating-income,total-non-operating-income-expense,pre-tax-income,total-provision-income-taxes,income-after-taxes,income-from-continuous-operations,net-income,ebitda,ebit,basic-shares-outstanding,shares-outstanding,eps-basic-net-earnings-per-share,eps-earnings-per-share-diluted,cash-on-hand,inventory,other-current-assets,total-current-assets,net-property-plant-equipment,long-term-investments,goodwill-intangible-assets-total,other-long-term-assets,total-long-term-assets,total-assets,total-current-liabilities,long-term-debt,other-non-current-liabilities,total-long-term-liabilities,total-liabilities,common-stock-net,retained-earnings-accumulated-deficit,comprehensive-income,total-share-holder-equity,total-liabilities-share-holders-equity,net-income-loss,total-depreciation-amortization-cash-flow,other-non-cash-items,total-non-cash-items,change-in-accounts-receivable,change-in-inventories,change-in-accounts-payable,change-in-assets-liabilities,total-change-in-assets-liabilities,cash-flow-from-operating-activities,net-change-in-property-plant-equipment,net-change-in-intangible-assets,net-acquisitions-divestitures,net-change-in-short-term-investments,net-change-in-long-term-investments,net-change-in-investments-total,investing-activities-other,cash-flow-from-investing-activities,net-long-term-debt,net-current-debt,debt-issuance-retirement-net-total,net-common-equity-issued-repurchased,net-total-equity-issued-repurchased,total-common-preferred-stock-dividends-paid,financial-activities-other,cash-flow-from-financial-activities,net-cash-flow,stock-based-compensation,common-stock-dividends-paid
0,2018-09-30,81.4,$38.42,2.12,$55.41,1.47,$20.65,3.94,$12.96,6.28,$0.77B,$0.37B,2.09,$4.11B,$1.75B,2.34,$2.62B,$2.62B,100.00%,$2.62B,$0.64B,24.22%,$2.62B,$0.64B,24.22%,$2.62B,$0.98B,37.41%,$2.62B,$0.41B,15.56%,$2.62B,$0.62B,23.46%,$0.62B,$1.75B,37.52%,$0.62B,$-3.74B,-15.90%,$0.62B,$7.12B,8.43%,$0.64B,$5.86B,10.84%,$693,$0,$693,$0,$140,$500,$193,$-58,$135,$35,$100,$100,$101,$275,$193,$46,47,$2.21,$2.12,$118,$0,$52,$766,$724,$0,$5487,$142,$6353,$7119,$367,$4106,$254,$5000,$5367,$0,$484,$6,$1752,$7119,$234,$244,$1,$245,$29,$0,$0,$-19,$20,$500,$-59,$0,$-103,$0,$1,$1,$0,$-162,$-234,$0,$-234,$-45,$-45,$-52,$-5,$-335,$3,$23,$-52
1,2018-06-30,73.04,$34.73,2.1,$53.67,1.36,$12.00,6.09,$11.82,6.18,$0.72B,$0.30B,2.43,$4.25B,$1.64B,2.59,$2.54B,$2.54B,100.00%,$2.54B,$0.57B,22.35%,$2.54B,$0.57B,22.35%,$2.54B,$0.91B,35.89%,$2.54B,$0.35B,13.66%,$2.54B,$0.56B,22.04%,$0.56B,$1.64B,37.31%,$0.56B,$-3.87B,-13.93%,$0.56B,$7.12B,7.58%,$0.57B,$5.89B,9.86%,$660,$0,$660,$0,$139,$486,$174,$-55,$120,$33,$87,$87,$88,$255,$174,$46,47,$1.92,$1.86,$148,$0,$0,$717,$720,$0,$5510,$172,$6402,$7119,$295,$4246,$304,$5182,$5477,$0,$401,$6,$1642,$7119,$134,$162,$-5,$156,$57,$0,$0,$-8,$34,$324,$-33,$0,$-86,$0,$0,$0,$0,$-118,$-87,$0,$-87,$-48,$-48,$-34,$-4,$-174,$32,$15,$-34
2,2018-03-31,65.79,$33.44,1.97,$52.65,1.25,$7.84,8.39,$10.87,6.05,$1.00B,$0.69B,1.46,$4.24B,$1.58B,2.68,$2.51B,$2.51B,100.00%,$2.51B,$0.53B,21.14%,$2.51B,$0.53B,21.14%,$2.51B,$0.88B,34.94%,$2.51B,$0.31B,12.29%,$2.51B,$0.52B,20.58%,$0.52B,$1.58B,37.09%,$0.52B,$-3.96B,-12.44%,$0.52B,$7.46B,6.90%,$0.53B,$5.83B,9.32%,$615,$0,$615,$0,$142,$498,$118,$-53,$65,$18,$47,$47,$48,$198,$118,$46,48,$1.04,$1.01,$109,$0,$306,$1002,$725,$0,$5544,$186,$6456,$7458,$685,$4243,$320,$5191,$5876,$0,$330,$6,$1582,$7458,$47,$81,$-6,$75,$43,$0,$0,$-17,$57,$179,$-18,$0,$-83,$0,$0,$0,$0,$-101,$-31,$0,$-31,$-32,$-32,$-17,$-4,$-85,$-7,$6,$-17
3,2017-12-31,76.97,$34.40,2.24,$51.65,1.49,$3.11,24.71,$9.99,7.71,$1.06B,$0.67B,1.58,$4.27B,$1.58B,2.7,$2.43B,$2.43B,100.00%,$2.43B,$0.52B,21.38%,$2.43B,$0.52B,21.38%,$2.43B,$0.87B,35.90%,$2.43B,$0.24B,9.95%,$2.43B,$0.47B,19.49%,$0.47B,$1.58B,36.43%,$0.47B,$-3.91B,-11.14%,$0.47B,$7.48B,6.32%,$0.52B,$5.85B,9.20%,$654,$0,$654,$0,$127,$504,$150,$-62,$88,$-292,$380,$380,$378,$253,$150,$46,47,$8.29,$8.05,$116,$0,$306,$1056,$734,$0,$5492,$199,$6425,$7482,$671,$4270,$341,$5230,$5900,$0,$300,$6,$1581,$7482,$475,$354,$-514,$-161,$-56,$0,$0,$-17,$-178,$137,$-52,$0,$-2493,$0,$0,$0,$484,$-2062,$2505,$0,$2505,$-91,$-91,$-56,$-404,$1953,$28,$24,$-56
4,2017-09-30,61.04,$26.31,2.32,$47.57,1.28,$8.60,7.1,$2.66,22.95,$1.03B,$0.77B,1.35,$4.29B,$1.20B,3.58,$2.09B,$2.09B,100.00%,$2.09B,$0.46B,22.13%,$2.09B,$0.46B,22.13%,$2.09B,$0.76B,36.40%,$2.09B,$0.20B,9.63%,$2.09B,$0.12B,5.56%,$0.12B,$1.20B,11.88%,$0.12B,$-4.34B,-3.28%,$0.12B,$7.51B,1.82%,$0.46B,$5.49B,9.54%,$612,$0,$612,$0,$140,$486,$126,$-52,$74,$32,$42,$42,$46,$206,$126,$46,47,$1.01,$0.98,$136,$0,$341,$1029,$738,$0,$5535,$202,$6475,$7505,$765,$4287,$353,$5541,$6306,$0,$-79,$0,$1198,$7505,$95,$250,$-41,$209,$-7,$0,$0,$-26,$-241,$63,$-32,$0,$-2489,$0,$1,$1,$479,$-2042,$1637,$0,$1637,$-95,$-95,$-42,$-400,$1099,$-880,$18,$-42
5,2017-06-30,58.32,$26.04,2.24,$43.37,1.34,$12.73,4.58,$2.46,23.71,$1.08B,$0.79B,1.36,$4.38B,$1.20B,3.64,$1.75B,$1.75B,100.00%,$1.75B,$0.41B,23.34%,$1.75B,$0.41B,23.34%,$1.75B,$0.66B,37.61%,$1.75B,$0.17B,9.70%,$1.75B,$0.10B,5.42%,$0.10B,$1.20B,12.76%,$0.10B,$-4.38B,-3.48%,$0.10B,$7.47B,1.82%,$0.41B,$5.58B,9.93%,$626,$0,$626,$0,$147,$491,$136,$-55,$81,$32,$48,$48,$44,$219,$136,$47,48,$0.94,$0.91,$86,$0,$459,$1079,$739,$0,$5583,$69,$6391,$7470,$794,$4378,$207,$5472,$6266,$0,$-125,$0,$1204,$7470,$53,$170,$-230,$-60,$13,$0,$0,$-20,$118,$111,$-13,$0,$-2489,$0,$0,$0,$0,$-2502,$1686,$0,$1686,$-55,$-55,$-28,$-142,$1462,$-930,$11,$-28
6,2017-03-31,68.08,$25.86,2.63,$38.66,1.76,$13.70,4.97,$2.33,29.22,$1.08B,$0.55B,1.96,$4.48B,$1.22B,3.67,$1.39B,$1.39B,100.00%,$1.39B,$0.34B,24.28%,$1.39B,$0.34B,24.28%,$1.39B,$0.54B,38.54%,$1.39B,$0.13B,9.51%,$1.39B,$0.08B,5.48%,$0.08B,$1.22B,15.91%,$0.08B,$-4.39B,-3.96%,$0.08B,$7.52B,1.99%,$0.34B,$5.70B,10.79%,$540,$0,$540,$0,$177,$433,$108,$-109,$-1,$-6,$5,$5,$6,$195,$108,$44,45,$0.14,$0.13,$73,$0,$442,$1082,$741,$0,$5611,$88,$6441,$7523,$551,$4481,$208,$5751,$6302,$0,$-169,$0,$1221,$7523,$5,$87,$-54,$33,$7,$0,$0,$-31,$-86,$-48,$-14,$0,$-2489,$0,$0,$0,$0,$-2503,$1761,$0,$1761,$3,$3,$-14,$-141,$1608,$-943,$5,$-14
7,2016-12-31,61.15,$9.25,6.61,$34.87,1.75,$16.44,3.72,$2.89,21.16,$0.36B,$0.19B,1.92,$2.31B,$0.28B,8.14,$1.10B,$1.10B,100.00%,$1.10B,$0.29B,26.00%,$1.10B,$0.29B,26.00%,$1.10B,$0.43B,38.86%,$1.10B,$0.17B,15.40%,$1.10B,$0.09B,8.33%,$0.09B,$0.28B,45.54%,$0.09B,$-1.06B,-8.25%,$0.09B,$2.97B,3.80%,$0.29B,$2.60B,13.68%,$310,$0,$310,$0,$66,$217,$92,$-45,$47,$27,$20,$20,$20,$140,$92,$31,32,$0.66,$0.64,$114,$0,$0,$363,$276,$0,$1341,$986,$2603,$2966,$190,$2314,$46,$2492,$2682,$0,$-177,$0,$284,$2966,$93,$141,$49,$190,$-27,$0,$0,$4,$-22,$262,$-31,$0,$-104,$0,$0,$0,$-5,$-140,$-25,$0,$-25,$1,$1,$-29,$-23,$-77,$44,$11,$-29
8,2016-09-30,55.47,$8.72,6.36,$32.95,1.68,$14.77,3.75,$3.11,17.84,$0.29B,$0.18B,1.58,$2.32B,$0.27B,8.67,$1.05B,$1.05B,100.00%,$1.05B,$0.26B,25.05%,$1.05B,$0.26B,25.05%,$1.05B,$0.39B,37.19%,$1.05B,$0.17B,16.25%,$1.05B,$0.10B,9.46%,$0.10B,$0.27B,64.92%,$0.10B,$-1.10B,-8.66%,$0.10B,$2.92B,4.63%,$0.26B,$2.59B,14.29%,$276,$0,$276,$0,$64,$203,$73,$-30,$43,$18,$26,$26,$25,$105,$73,$31,32,$0.81,$0.78,$29,$0,$15,$287,$284,$0,$1367,$983,$2634,$2921,$181,$2320,$41,$2472,$2653,$0,$-197,$0,$268,$2921,$73,$94,$26,$119,$-23,$0,$0,$-8,$-16,$176,$-25,$0,$-104,$0,$0,$0,$0,$-129,$-18,$0,$-18,$0,$0,$-22,$-22,$-62,$-14,$9,$-22
9,2016-06-30,45.52,$4.50,10.11,$31.19,1.46,$13.78,3.3,$2.87,15.86,$0.26B,$0.16B,1.68,$1.46B,$0.14B,10.58,$0.99B,$0.99B,100.00%,$0.99B,$0.24B,23.87%,$0.99B,$0.24B,23.87%,$0.99B,$0.36B,36.56%,$0.99B,$0.16B,15.61%,$0.99B,$0.09B,9.16%,$0.09B,$0.14B,90.10%,$0.09B,$-1.14B,-7.80%,$0.09B,$1.90B,4.86%,$0.24B,$1.60B,15.11%,$262,$0,$262,$0,$66,$198,$64,$-21,$43,$18,$25,$25,$25,$95,$64,$31,32,$0.80,$0.78,$27,$0,$13,$262,$284,$0,$1274,$79,$1637,$1898,$156,$1462,$40,$1604,$1760,$0,$-222,$0,$138,$1898,$47,$62,$16,$78,$-14,$0,$0,$-7,$-16,$109,$-15,$0,$-104,$0,$0,$0,$0,$-119,$8,$0,$8,$0,$0,$-15,$-0,$-7,$-16,$6,$-15
10,2016-03-31,42.16,$3.83,11.0,$29.68,1.42,$12.93,3.26,$2.72,15.5,$0.23B,$0.15B,1.62,$1.49B,$0.12B,12.68,$0.95B,$0.95B,100.00%,$0.95B,$0.23B,23.79%,$0.95B,$0.23B,23.79%,$0.95B,$0.35B,36.74%,$0.95B,$0.14B,15.16%,$0.95B,$0.09B,9.05%,$0.09B,$0.12B,95.03%,$0.09B,$-1.17B,-7.32%,$0.09B,$1.89B,4.62%,$0.23B,$1.61B,14.46%,$256,$0,$256,$0,$68,$198,$58,$-21,$37,$15,$22,$22,$22,$89,$58,$31,32,$0.71,$0.69,$13,$0,$15,$234,$288,$0,$1285,$85,$1658,$1892,$145,$1490,$45,$1630,$1775,$0,$-246,$0,$118,$1892,$22,$31,$5,$35,$-7,$0,$0,$7,$-6,$52,$-8,$0,$-104,$0,$0,$0,$0,$-112,$37,$0,$37,$0,$0,$-7,$-0,$29,$-31,$3,$-7
11,2015-12-31,55.53,$2.82,19.69,$27.83,2.0,$12.90,4.31,$2.43,22.85,$0.26B,$0.15B,1.78,$1.45B,$0.09B,16.84,$0.90B,$0.90B,100.00%,$0.90B,$0.21B,22.99%,$0.90B,$0.21B,22.99%,$0.90B,$0.33B,36.61%,$0.90B,$0.13B,13.95%,$0.90B,$0.08B,8.59%,$0.08B,$0.09B,97.78%,$0.08B,$-1.17B,-6.50%,$0.08B,$1.84B,4.13%,$0.21B,$1.54B,13.20%,$252,$0,$252,$0,$62,$185,$67,$-21,$47,$19,$27,$27,$27,$100,$67,$31,32,$0.89,$0.85,$43,$0,$16,$260,$267,$0,$1255,$53,$1575,$1835,$146,$1454,$47,$1603,$1749,$0,$-268,$0,$86,$1835,$76,$122,$38,$159,$-30,$0,$0,$6,$-30,$205,$-25,$0,$-449,$0,$0,$0,$0,$-474,$253,$0,$253,$-45,$-45,$-24,$-3,$181,$-88,$11,$-24
12,2015-09-30,44.64,$2.02,22.14,$25.97,1.72,$11.85,3.77,$2.53,17.64,$0.29B,$0.14B,2.02,$1.47B,$0.06B,23.74,$0.84B,$0.84B,100.00%,$0.84B,$0.21B,24.85%,$0.84B,$0.21B,24.85%,$0.84B,$0.32B,37.87%,$0.84B,$0.13B,15.65%,$0.84B,$0.08B,9.68%,$0.08B,$0.06B,113.29%,$0.08B,$-1.19B,-7.56%,$0.08B,$1.86B,4.60%,$0.21B,$1.53B,13.95%,$223,$0,$223,$0,$56,$175,$48,$-21,$28,$11,$17,$17,$17,$79,$48,$31,32,$0.55,$0.54,$23,$0,$19,$289,$272,$0,$1256,$44,$1571,$1860,$143,$1465,$51,$1655,$1798,$0,$-295,$0,$62,$1860,$49,$89,$15,$104,$-12,$0,$0,$10,$-12,$141,$-19,$0,$-435,$0,$0,$0,$0,$-454,$263,$0,$263,$-45,$-45,$-18,$5,$205,$-109,$9,$-18
13,2015-06-30,52.61,$3.04,17.28,$23.95,2.2,$11.39,4.62,$2.47,21.3,$0.27B,$0.12B,2.16,$1.48B,$0.10B,15.4,$0.77B,$0.77B,100.00%,$0.77B,$0.20B,26.17%,$0.77B,$0.20B,26.17%,$0.77B,$0.30B,38.73%,$0.77B,$0.13B,16.71%,$0.77B,$0.08B,10.23%,$0.08B,$0.10B,128.46%,$0.08B,$-1.17B,-8.42%,$0.08B,$1.87B,4.94%,$0.20B,$1.58B,14.59%,$219,$0,$219,$0,$57,$167,$53,$-21,$32,$12,$20,$20,$20,$81,$53,$31,32,$0.65,$0.63,$27,$0,$14,$267,$276,$0,$1266,$57,$1599,$1866,$123,$1482,$46,$1646,$1769,$0,$-313,$0,$96,$1866,$32,$58,$7,$65,$-7,$0,$0,$10,$-16,$81,$-11,$0,$-433,$0,$0,$0,$0,$-444,$262,$0,$262,$3,$3,$-12,$5,$259,$-105,$6,$-12
14,2015-03-31,53.57,$2.28,23.46,$21.78,2.46,$11.27,4.75,$2.18,24.57,$0.28B,$0.14B,2.07,$1.53B,$0.07B,21.37,$0.70B,$0.70B,100.00%,$0.70B,$0.18B,26.29%,$0.70B,$0.18B,26.29%,$0.70B,$0.27B,38.71%,$0.70B,$0.12B,16.57%,$0.70B,$0.07B,10.00%,$0.07B,$0.07B,176.10%,$0.07B,$-1.21B,-8.59%,$0.07B,$1.90B,4.89%,$0.18B,$1.60B,14.57%,$202,$0,$202,$0,$57,$164,$38,$-19,$18,$7,$12,$12,$13,$68,$38,$31,32,$0.41,$0.40,$45,$0,$17,$282,$278,$0,$1278,$65,$1622,$1903,$136,$1527,$51,$1695,$1832,$0,$-333,$0,$71,$1903,$12,$30,$4,$33,$1,$0,$0,$14,$4,$50,$-6,$0,$-433,$0,$0,$0,$0,$-439,$307,$0,$307,$1,$1,$-6,$-1,$302,$-87,$3,$-6
15,2014-12-31,48.31,$1.81,26.64,$19.72,2.45,$11.18,4.32,$2.01,24.03,$0.28B,$0.10B,2.84,$1.21B,$0.06B,21.31,$0.63B,$0.63B,100.00%,$0.63B,$0.17B,27.53%,$0.63B,$0.17B,27.53%,$0.63B,$0.25B,39.40%,$0.63B,$0.11B,17.41%,$0.63B,$0.06B,10.13%,$0.06B,$0.06B,320.00%,$0.06B,$-0.72B,-9.46%,$0.06B,$1.41B,5.15%,$0.17B,$1.26B,15.44%,$193,$0,$193,$0,$38,$124,$69,$-16,$53,$22,$31,$31,$31,$89,$69,$31,32,$1.00,$0.96,$132,$0,$11,$276,$238,$0,$773,$128,$1138,$1414,$97,$1205,$44,$1260,$1358,$0,$-346,$0,$57,$1414,$65,$74,$32,$106,$-10,$0,$0,$2,$-4,$167,$-20,$0,$-210,$0,$0,$0,$0,$-230,$163,$0,$163,$2,$2,$-18,$8,$155,$92,$8,$-18
16,2014-09-30,37.57,$0.72,52.28,$18.25,2.06,$6.90,5.44,$0.64,58.7,$0.23B,$0.08B,2.8,$1.08B,$0.02B,48.65,$0.58B,$0.58B,100.00%,$0.58B,$0.14B,23.74%,$0.58B,$0.14B,23.74%,$0.58B,$0.21B,36.74%,$0.58B,$0.04B,6.59%,$0.58B,$0.02B,3.64%,$0.02B,$0.02B,840.00%,$0.02B,$-0.66B,-3.17%,$0.02B,$1.22B,1.78%,$0.14B,$1.10B,12.75%,$158,$0,$158,$0,$44,$116,$42,$-16,$26,$11,$15,$15,$15,$61,$42,$31,32,$0.50,$0.48,$69,$0,$0,$230,$216,$0,$682,$80,$990,$1220,$82,$1080,$36,$1116,$1198,$0,$-377,$0,$22,$1220,$34,$55,$15,$70,$1,$0,$0,$10,$17,$121,$-14,$0,$-85,$0,$0,$0,$0,$-99,$15,$0,$15,$1,$1,$-14,$4,$7,$29,$5,$-14
17,2014-06-30,47.81,$0.31,156.09,$17.32,2.76,$4.51,10.59,$0.27,177.07,$0.19B,$0.07B,2.59,$1.08B,$0.01B,114.36,$0.55B,$0.55B,100.00%,$0.55B,$0.12B,22.02%,$0.55B,$0.12B,22.02%,$0.55B,$0.20B,36.15%,$0.55B,$0.02B,3.49%,$0.55B,$0.01B,1.83%,$0.01B,$0.01B,-4000.00%,$0.01B,$-0.68B,-1.52%,$0.01B,$1.19B,0.86%,$0.12B,$1.09B,11.39%,$147,$0,$147,$0,$44,$112,$35,$-16,$19,$8,$11,$11,$11,$53,$35,$31,32,$0.36,$0.34,$32,$0,$0,$190,$219,$0,$688,$70,$999,$1189,$73,$1082,$25,$1106,$1180,$0,$-392,$0,$9,$1189,$18,$36,$6,$42,$4,$0,$0,$-0,$13,$73,$-9,$0,$-85,$0,$0,$0,$0,$-94,$17,$0,$17,$1,$1,$-9,$4,$13,$-8,$4,$-9
18,2014-03-31,34.63,$-0.28,-125.6,$16.75,2.07,$2.56,13.55,$0.13,266.37,$0.21B,$0.07B,2.93,$1.06B,$-0.01B,-125.73,$0.52B,$0.52B,100.00%,$0.52B,$0.11B,21.56%,$0.52B,$0.11B,21.56%,$0.52B,$0.19B,36.45%,$0.52B,$0.01B,2.10%,$0.52B,$0.01B,0.95%,$0.01B,$-0.01B,-500.00%,$0.01B,$-0.65B,-0.79%,$0.01B,$1.15B,0.44%,$0.11B,$1.05B,10.98%,$134,$0,$134,$0,$41,$106,$28,$-15,$12,$5,$7,$7,$7,$46,$28,$31,32,$0.24,$0.23,$51,$0,$0,$205,$205,$0,$643,$69,$944,$1149,$70,$1061,$26,$1087,$1157,$0,$-403,$0,$-8,$1149,$7,$18,$4,$22,$4,$0,$0,$10,$16,$45,$-4,$0,$-22,$0,$0,$0,$0,$-26,$-4,$0,$-4,$0,$0,$-5,$0,$-8,$11,$2,$-5
19,2013-12-31,51.25,$-0.43,-118.52,$16.17,3.17,$1.48,34.58,$-0.08,0.0,$0.20B,$0.08B,2.4,$1.06B,$-0.01B,-80.44,$0.50B,$0.50B,100.00%,$0.50B,$0.10B,20.52%,$0.50B,$0.10B,20.52%,$0.50B,$0.18B,36.25%,$0.50B,0,0.00%,$0.50B,$-0.00B,-0.20%,$-0.00B,$-0.01B,-57.14%,$-0.00B,$-0.66B,0.16%,$-0.00B,$1.16B,-0.09%,$0.10B,$1.05B,10.32%,$138,$0,$138,$0,$34,$106,$32,$-51,$-19,$-6,$-12,$-12,$-12,$52,$32,$30,30,$-0.41,$-0.41,$40,$0,$0,$201,$212,$0,$650,$70,$963,$1164,$84,$1064,$29,$1093,$1177,$0,$-410,$0,$-13,$1164,$-2,$79,$-8,$71,$-38,$0,$0,$-9,$-42,$27,$-19,$0,$-229,$0,$0,$0,$0,$-248,$215,$0,$215,$-1,$-1,$-14,$-7,$192,$-29,$2,$-14
20,2013-09-30,40.82,$0.37,109.29,$15.35,2.66,$3.21,12.71,$5.49,7.44,$0.15B,$0.10B,1.51,$1.01B,$0.01B,88.64,$0.48B,$0.48B,100.00%,$0.48B,$0.11B,22.08%,$0.48B,$0.11B,22.08%,$0.48B,$0.18B,37.71%,$0.48B,$0.04B,7.92%,$0.48B,$0.17B,35.83%,$0.17B,$0.01B,3127.27%,$0.17B,$-0.64B,-30.03%,$0.17B,$1.15B,16.31%,$0.11B,$1.02B,11.16%,$126,$0,$126,$0,$38,$101,$25,$-18,$7,$4,$4,$4,$4,$46,$25,$30,32,$0.12,$0.11,$25,$0,$8,$149,$219,$0,$648,$59,$999,$1148,$99,$1007,$31,$1038,$1137,$0,$-398,$0,$11,$1148,$11,$59,$-9,$50,$-28,$0,$0,$8,$-17,$44,$-14,$0,$-221,$0,$0,$0,$0,$-235,$152,$0,$152,$-2,$-2,$-11,$8,$147,$-44,$2,$-11
21,2013-06-30,32.4,$0.20,162.15,$14.29,2.27,$4.15,7.8,$5.69,5.69,$0.17B,$0.06B,2.66,$0.99B,$0.01B,165.19,$0.44B,$0.44B,100.00%,$0.44B,$0.11B,23.65%,$0.44B,$0.11B,23.65%,$0.44B,$0.17B,38.96%,$0.44B,$0.04B,9.46%,$0.44B,$0.18B,40.09%,$0.18B,$0.01B,-477.85%,$0.18B,$-0.57B,-33.10%,$0.18B,$1.09B,19.35%,$0.11B,$1.00B,12.99%,$126,$0,$126,$0,$38,$98,$28,$-17,$11,$5,$6,$6,$6,$47,$28,$30,31,$0.22,$0.20,$46,$0,$7,$168,$210,$0,$580,$54,$918,$1087,$63,$990,$27,$1017,$1081,$0,$-401,$0,$6,$1087,$7,$39,$-8,$31,$-30,$0,$0,$0,$-26,$12,$-10,$0,$-155,$0,$0,$0,$0,$-165,$136,$0,$136,$-4,$-4,$-7,$5,$129,$-23,$1,$-7
22,2013-03-31,16.38,$0.09,190.66,$13.19,1.24,$5.26,3.12,$5.78,2.83,$0.13B,$0.08B,1.7,$0.92B,$0.00B,361.97,$0.41B,$0.41B,100.00%,$0.41B,$0.10B,24.57%,$0.41B,$0.10B,24.57%,$0.41B,$0.16B,40.05%,$0.41B,$0.04B,10.07%,$0.41B,$0.18B,44.47%,$0.18B,$0.00B,-222.09%,$0.18B,$-0.59B,-34.84%,$0.18B,$1.04B,22.92%,$0.10B,$0.93B,14.95%,$112,$0,$112,$0,$36,$94,$18,$-17,$1,$0,$1,$1,$1,$37,$18,$29,31,$0.02,$0.02,$23,$0,$8,$134,$214,$0,$595,$20,$902,$1036,$79,$924,$30,$954,$1033,$0,$-408,$0,$3,$1036,$1,$20,$-4,$16,$-18,$0,$0,$15,$-3,$13,$-7,$0,$-121,$0,$0,$0,$0,$-128,$70,$0,$70,$1,$1,$-4,$0,$68,$-46,$0,$-4
23,2012-12-31,9.56,$0.08,125.44,$12.31,0.78,$5.77,1.66,$5.86,1.63,$0.16B,$0.06B,2.82,$0.86B,$0.00B,382.08,$0.38B,$0.38B,100.00%,$0.38B,$0.10B,26.39%,$0.38B,$0.10B,26.39%,$0.38B,$0.16B,41.69%,$0.38B,$0.05B,11.87%,$0.38B,$0.18B,48.28%,$0.18B,$0.00B,-143.81%,$0.18B,$-0.49B,-36.55%,$0.18B,$0.95B,27.10%,$0.10B,$0.86B,18.27%,$116,$0,$116,$0,$28,$81,$35,$-16,$19,$-137,$156,$156,$161,$51,$35,$29,31,$5.53,$5.16,$69,$0,$8,$163,$180,$0,$491,$39,$782,$946,$58,$855,$30,$886,$944,$0,$-409,$0,$2,$946,$182,$57,$-157,$-99,$-5,$0,$0,$-5,$-3,$80,$-17,$0,$-222,$0,$0,$0,$0,$-239,$231,$0,$231,$2,$2,$0,$-13,$220,$61,$1,$0
24,2012-09-30,9.59,$-5.52,-1.74,$11.60,0.83,$4.71,2.04,$0.81,11.83,$0.10B,$0.07B,1.53,$0.61B,$-0.16B,-3.83,$0.35B,$0.35B,100.00%,$0.35B,$0.08B,23.78%,$0.35B,$0.08B,23.78%,$0.35B,$0.14B,39.83%,$0.35B,$0.03B,8.88%,$0.35B,$0.03B,7.16%,$0.03B,$-0.16B,-14.41%,$0.03B,$-0.50B,-4.90%,$0.03B,$0.61B,4.28%,$0.08B,$0.45B,18.59%,$90,$0,$90,$0,$28,$66,$24,$-12,$11,$2,$10,$10,$10,$38,$24,$29,31,$0.33,$0.31,$12,$0,$19,$101,$140,$0,$335,$35,$510,$611,$66,$614,$48,$705,$772,$0,$-569,$0,$-160,$611,$21,$42,$-1,$41,$2,$0,$0,$4,$6,$69,$-11,$0,$-29,$0,$0,$0,$0,$-40,$-25,$0,$-25,$1,$1,$0,$-0,$-25,$5,$1,$0
25,2012-06-30,6.08,$-5.90,-1.03,$11.27,0.54,$3.66,1.66,$0.28,21.73,$0.09B,$0.05B,1.83,$0.61B,$-0.17B,-3.56,$0.33B,$0.33B,100.00%,$0.33B,$0.07B,20.06%,$0.33B,$0.07B,20.06%,$0.33B,$0.13B,37.72%,$0.33B,$0.02B,4.49%,$0.33B,$0.01B,2.69%,$0.01B,$-0.17B,-4.99%,$0.01B,$-0.50B,-1.74%,$0.01B,$0.57B,1.56%,$0.07B,$0.44B,15.17%,$89,$0,$89,$0,$27,$65,$23,$-13,$10,$2,$9,$9,$9,$37,$23,$29,30,$0.31,$0.29,$12,$0,$9,$89,$141,$0,$330,$6,$477,$566,$49,$608,$38,$688,$737,$0,$-579,$0,$-171,$566,$12,$28,$-1,$27,$4,$0,$0,$0,$4,$42,$-7,$0,$0,$0,$0,$0,$0,$-7,$-31,$0,$-31,$1,$1,$0,$0,$-30,$5,$0,$0
26,2012-03-31,7.5,$-6.23,-1.2,$10.99,0.68,$3.04,2.47,$-0.10,0.0,$0.09B,$0.06B,1.62,$0.62B,$-0.18B,-3.45,$0.32B,$0.32B,100.00%,$0.32B,$0.06B,17.76%,$0.32B,$0.06B,17.76%,$0.32B,$0.12B,36.45%,$0.32B,$0.00B,1.25%,$0.32B,$-0.00B,-0.93%,$-0.00B,$-0.18B,1.64%,$-0.00B,$-0.52B,0.58%,$-0.00B,$0.58B,-0.52%,$0.06B,$0.44B,12.95%,$84,$0,$84,$0,$27,$66,$18,$-13,$5,$2,$3,$3,$3,$32,$18,$29,31,$0.10,$0.10,$12,$0,$12,$90,$144,$0,$337,$7,$488,$578,$56,$621,$39,$702,$758,$0,$-587,$0,$-180,$578,$3,$14,$-0,$14,$6,$0,$0,$5,$9,$26,$-4,$0,$0,$0,$0,$0,$0,$-4,$-18,$0,$-18,$0,$0,$0,$0,$-18,$4,$0,$0
27,2011-12-31,7.08,$-6.37,-1.11,$10.72,0.66,$2.80,2.53,$-0.42,0.0,$0.09B,$0.05B,1.85,$0.64B,$-0.18B,-3.48,$0.31B,$0.31B,100.00%,$0.31B,$0.05B,15.64%,$0.31B,$0.05B,15.64%,$0.31B,$0.11B,35.18%,$0.31B,$-0.01B,-1.95%,$0.31B,$-0.01B,-3.91%,$-0.01B,$-0.18B,6.54%,$-0.01B,$-0.53B,2.29%,$-0.01B,$0.58B,-2.08%,$0.05B,$0.46B,10.88%,$86,$0,$86,$0,$29,$69,$18,$-13,$5,$1,$3,$3,$3,$32,$18,$29,29,$0.11,$0.11,$8,$0,$5,$86,$147,$0,$342,$7,$495,$581,$46,$639,$39,$718,$764,$0,$-590,$0,$-183,$581,$-12,$61,$-4,$57,$-8,$0,$0,$2,$-5,$40,$-13,$0,$-41,$0,$0,$0,$0,$-55,$-1,$0,$-1,$0,$0,$0,$-1,$-2,$-16,$1,$0
28,2011-09-30,5.97,$-6.49,-0.92,$11.12,0.54,$3.47,1.72,$-0.04,0.0,$0.09B,$0.07B,1.41,$0.62B,$-0.19B,-3.32,$0.32B,$0.32B,100.00%,$0.32B,$0.06B,19.18%,$0.32B,$0.06B,19.18%,$0.32B,$0.12B,38.68%,$0.32B,$0.00B,1.57%,$0.32B,$-0.00B,-0.31%,$-0.00B,$-0.19B,0.55%,$-0.00B,$-0.53B,0.19%,$-0.00B,$0.58B,-0.17%,$0.06B,$0.43B,13.73%,$75,$0,$75,$0,$26,$67,$8,$-13,$-5,$1,$-6,$-6,$-6,$25,$8,$29,29,$-0.22,$-0.22,$8,$0,$21,$91,$142,$0,$342,$7,$492,$583,$65,$621,$44,$705,$770,$0,$-594,$0,$-187,$583,$-15,$46,$-4,$42,$1,$0,$0,$-1,$8,$35,$-11,$0,$-21,$0,$0,$0,$0,$-32,$-19,$0,$-19,$0,$0,$0,$-1,$-19,$-16,$1,$0
29,2011-06-30,7.41,$-6.44,-1.15,$11.10,0.67,$3.87,1.91,$0.07,105.86,$0.09B,$0.05B,1.72,$0.62B,$-0.18B,-3.35,$0.32B,$0.32B,100.00%,$0.32B,$0.07B,20.89%,$0.32B,$0.07B,20.89%,$0.32B,$0.13B,40.19%,$0.32B,$0.01B,2.53%,$0.32B,$0.00B,0.63%,$0.00B,$-0.18B,-1.10%,$0.00B,$-0.52B,-0.38%,$0.00B,$0.56B,0.34%,$0.07B,$0.43B,14.68%,$76,$0,$76,$0,$25,$63,$13,$-14,$-1,$1,$-3,$-3,$-3,$28,$13,$28,28,$-0.09,$-0.09,$13,$0,$12,$85,$134,$0,$332,$7,$473,$558,$49,$615,$39,$692,$741,$0,$-587,$0,$-183,$558,$-9,$30,$-3,$27,$3,$0,$0,$2,$4,$22,$-7,$0,$-1,$0,$0,$0,$0,$-8,$-25,$0,$-25,$0,$0,$0,$-1,$-25,$-11,$1,$0
30,2011-03-31,7.83,$-6.37,-1.23,$11.07,0.71,$3.86,2.02,$-0.17,0.0,$0.10B,$0.06B,1.69,$0.63B,$-0.18B,-3.46,$0.32B,$0.32B,100.00%,$0.32B,$0.07B,21.27%,$0.32B,$0.07B,21.27%,$0.32B,$0.13B,40.95%,$0.32B,$0.00B,0.32%,$0.32B,$-0.00B,-1.27%,$-0.00B,$-0.18B,2.18%,$-0.00B,$-0.52B,0.75%,$-0.00B,$0.58B,-0.67%,$0.07B,$0.45B,14.62%,$70,$0,$70,$0,$25,$61,$9,$-14,$-5,$1,$-6,$-6,$-6,$23,$9,$28,28,$-0.22,$-0.22,$21,$0,$15,$98,$136,$0,$342,$6,$484,$583,$58,$626,$32,$705,$764,$0,$-585,$0,$-181,$583,$-6,$14,$-0,$14,$4,$0,$0,$5,$10,$18,$-4,$0,$0,$0,$0,$0,$0,$-4,$-16,$0,$-16,$0,$0,$0,$0,$-16,$-3,$0,$0
31,2010-12-31,5.41,$-6.16,-0.88,$11.02,0.49,$3.76,1.44,$-0.08,0.0,$0.11B,$0.05B,2.0,$0.64B,$-0.18B,-3.67,$0.31B,$0.31B,100.00%,$0.31B,$0.07B,21.66%,$0.31B,$0.07B,21.66%,$0.31B,$0.13B,42.04%,$0.31B,$0.00B,1.27%,$0.31B,$-0.00B,-0.64%,$-0.00B,$-0.18B,1.09%,$-0.00B,$-0.53B,0.37%,$-0.00B,$0.60B,-0.33%,$0.07B,$0.47B,14.58%,$97,$0,$97,$0,$29,$66,$31,$-15,$16,$2,$14,$14,$14,$47,$31,$28,28,$0.51,$0.51,$24,$0,$18,$107,$137,$0,$351,$7,$495,$603,$54,$642,$45,$724,$778,$0,$-578,$0,$-175,$603,$-2,$66,$-1,$65,$-3,$0,$0,$-0,$-4,$59,$-13,$0,$0,$0,$0,$0,$0,$-13,$-28,$0,$-28,$0,$0,$0,$-7,$-35,$11,$3,$0
32,2010-09-30,4.65,$-6.68,-0.7,$10.21,0.46,$2.29,2.03,$-0.54,0.0,$0.10B,$0.07B,1.45,$0.65B,$-0.19B,-3.4,$0.29B,$0.29B,100.00%,$0.29B,$0.05B,17.53%,$0.29B,$0.05B,17.53%,$0.29B,$0.12B,39.86%,$0.29B,$-0.01B,-3.44%,$0.29B,$-0.02B,-5.15%,$-0.02B,$-0.19B,8.19%,$-0.02B,$-0.55B,2.74%,$-0.02B,$0.61B,-2.48%,$0.05B,$0.46B,10.82%,$73,$0,$73,$0,$24,$60,$13,$-14,$-2,$1,$-3,$-3,$-3,$29,$13,$28,28,$-0.11,$-0.11,$18,$0,$21,$100,$140,$0,$360,$8,$507,$608,$69,$645,$39,$728,$797,$0,$-593,$0,$-190,$608,$-16,$49,$-1,$48,$2,$0,$0,$10,$15,$47,$-12,$0,$0,$0,$0,$0,$0,$-11,$-24,$0,$-24,$0,$0,$0,$-7,$-31,$5,$2,$0
33,2010-06-30,3.95,$-6.58,-0.6,$9.76,0.4,$0.89,4.44,$-1.08,0.0,$0.08B,$0.04B,1.75,$0.65B,$-0.19B,-3.49,$0.28B,$0.28B,100.00%,$0.28B,$0.02B,8.63%,$0.28B,$0.02B,8.63%,$0.28B,$0.11B,39.21%,$0.28B,$-0.03B,-10.79%,$0.28B,$-0.03B,-10.79%,$-0.03B,$-0.19B,16.64%,$-0.03B,$-0.55B,5.46%,$-0.03B,$0.58B,-4.93%,$0.02B,$0.47B,4.99%,$75,$0,$75,$0,$25,$61,$14,$-22,$-8,$2,$-9,$-9,$-9,$30,$14,$28,28,$-0.33,$-0.33,$8,$0,$9,$77,$142,$0,$358,$7,$507,$584,$44,$654,$31,$728,$772,$0,$-590,$0,$-187,$584,$-13,$33,$1,$34,$3,$0,$0,$1,$3,$24,$-9,$0,$0,$0,$0,$0,$0,$-8,$-14,$0,$-14,$0,$0,$0,$-6,$-20,$-5,$2,$0
34,2010-03-31,4.45,$-6.32,-0.7,$9.33,0.48,$0.10,44.9,$-0.79,0.0,$0.09B,$0.05B,1.7,$0.66B,$-0.18B,-3.66,$0.27B,$0.27B,100.00%,$0.27B,$0.02B,7.17%,$0.27B,$0.02B,7.17%,$0.27B,$0.11B,39.62%,$0.27B,$-0.02B,-8.30%,$0.27B,$-0.02B,-8.30%,$-0.02B,$-0.18B,12.68%,$-0.02B,$-0.55B,3.97%,$-0.02B,$0.60B,-3.55%,$0.02B,$0.48B,3.86%,$69,$0,$69,$0,$23,$59,$10,$-12,$-2,$2,$-4,$-4,$-4,$26,$10,$28,28,$-0.13,$-0.13,$11,$0,$12,$86,$143,$0,$365,$8,$517,$603,$51,$657,$33,$732,$783,$0,$-580,$0,$-180,$603,$-4,$17,$-0,$16,$4,$0,$0,$-1,$2,$14,$-4,$0,$0,$0,$0,$0,$0,$-4,$-12,$0,$-12,$0,$0,$0,$0,$-12,$-2,$0,$0
35,2009-12-31,3.66,$-6.20,-0.59,$8.86,0.41,$-0.51,0.0,$-0.45,0.0,$0.09B,$0.06B,1.66,$0.66B,$-0.18B,-3.76,$0.25B,$0.25B,100.00%,$0.25B,$0.01B,3.19%,$0.25B,$0.01B,3.19%,$0.25B,$0.09B,36.25%,$0.25B,$-0.01B,-5.18%,$0.25B,$-0.01B,-4.78%,$-0.01B,$-0.18B,7.13%,$-0.01B,$-0.55B,2.16%,$-0.01B,$0.62B,-1.93%,$0.01B,$0.49B,1.62%,$74,$0,$74,$0,$23,$60,$14,$-12,$2,$1,$1,$1,$1,$31,$14,$28,28,$0.04,$0.04,$13,$0,$15,$93,$144,$0,$373,$9,$527,$620,$56,$663,$36,$740,$796,$0,$-577,$0,$-176,$620,$-13,$83,$-31,$52,$-10,$0,$0,$-5,$-16,$23,$-19,$0,$-21,$0,$0,$0,$4,$-36,$33,$0,$33,$0,$0,$0,$-23,$10,$-3,$1,$0
36,2009-09-30,3.09,$-6.25,-0.49,$9.09,0.34,$0.40,7.8,$-0.29,0.0,$0.10B,$0.06B,1.74,$0.67B,$-0.18B,-3.78,$0.26B,$0.26B,100.00%,$0.26B,$-0.02B,-8.95%,$0.26B,$-0.02B,-8.95%,$0.26B,$0.09B,36.19%,$0.26B,$-0.04B,-16.34%,$0.26B,$-0.03B,-13.23%,$-0.03B,$-0.18B,20.54%,$-0.03B,$-0.56B,6.07%,$-0.03B,$0.63B,-5.44%,$-0.02B,$0.49B,-4.63%,$60,$0,$60,$0,$22,$74,$-14,$-9,$-22,$-4,$-18,$-18,$-18,$22,$-14,$28,28,$-0.65,$-0.65,$19,$0,$19,$96,$146,$0,$382,$4,$532,$628,$55,$672,$39,$751,$806,$0,$-578,$0,$-178,$628,$-14,$66,$-31,$35,$-3,$0,$0,$-7,$-11,$10,$-14,$0,$-21,$0,$0,$0,$5,$-30,$41,$0,$41,$0,$0,$0,$-18,$24,$3,$1,$0
37,2009-06-30,0.68,$-5.62,-0.12,$9.44,0.07,$1.35,0.5,$-1.23,0.0,$0.08B,$0.04B,1.89,$0.67B,$-0.16B,-4.19,$0.27B,$0.27B,100.00%,$0.27B,$-0.05B,-17.23%,$0.27B,$-0.05B,-17.23%,$0.27B,$0.10B,36.33%,$0.27B,$-0.07B,-25.47%,$0.27B,$-0.06B,-22.85%,$-0.06B,$-0.16B,38.85%,$-0.06B,$-0.56B,10.76%,$-0.06B,$0.63B,-9.62%,$-0.05B,$0.51B,-9.15%,$62,$0,$62,$0,$21,$53,$9,$-9,$0,$1,$-1,$-1,$-1,$26,$9,$28,28,$-0.04,$-0.04,$14,$0,$9,$79,$145,$0,$401,$4,$551,$630,$42,$669,$34,$747,$789,$0,$-559,$0,$-160,$630,$5,$30,$-24,$6,$1,$0,$0,$-6,$-9,$2,$-9,$0,$-21,$0,$0,$0,$2,$-28,$42,$0,$42,$0,$0,$0,$-18,$25,$-2,$1,$0
38,2009-03-31,0.61,$-5.58,-0.11,$9.73,0.06,$2.34,0.26,$-1.05,0.0,$0.07B,$0.05B,1.48,$0.65B,$-0.16B,-4.09,$0.28B,$0.28B,100.00%,$0.28B,$-0.04B,-14.13%,$0.28B,$-0.04B,-14.13%,$0.28B,$0.10B,36.59%,$0.28B,$-0.06B,-22.46%,$0.28B,$-0.06B,-20.29%,$-0.06B,$-0.16B,39.44%,$-0.06B,$-0.55B,9.75%,$-0.06B,$0.62B,-8.59%,$-0.04B,$0.49B,-7.54%,$55,$0,$55,$0,$23,$57,$-1,$9,$7,$1,$6,$6,$6,$12,$-1,$28,28,$0.21,$0.21,$12,$0,$11,$74,$141,$0,$395,$4,$541,$615,$50,$649,$34,$724,$774,$0,$-558,$0,$-159,$615,$6,$13,$-20,$-7,$4,$0,$0,$-5,$-3,$-4,$-3,$0,$-5,$0,$0,$0,$0,$-8,$25,$0,$25,$0,$0,$0,$-18,$7,$-4,$0,$0
39,2008-12-31,0.46,$-5.81,-0.08,$10.02,0.05,$2.80,0.16,$-1.80,0.0,$0.09B,$0.06B,1.48,$0.66B,$-0.17B,-3.99,$0.29B,$0.29B,100.00%,$0.29B,$-0.04B,-13.33%,$0.29B,$-0.04B,-13.33%,$0.29B,$0.11B,37.54%,$0.29B,$-0.08B,-29.12%,$0.29B,$-0.08B,-27.02%,$-0.08B,$-0.17B,60.04%,$-0.08B,$-0.57B,13.12%,$-0.08B,$0.63B,-11.24%,$-0.04B,$0.49B,-7.06%,$80,$0,$80,$0,$25,$98,$-17,$-9,$-27,$-6,$-21,$-21,$-21,$33,$-17,$28,28,$-0.76,$-0.76,$16,$0,$14,$85,$136,$0,$400,$5,$542,$627,$57,$659,$35,$734,$792,$0,$-564,$0,$-165,$627,$-78,$145,$-10,$135,$2,$0,$0,$4,$4,$61,$-31,$0,$-8,$0,$0,$0,$1,$-38,$-57,$0,$-57,$0,$0,$0,$35,$-23,$-0,$2,$0
40,2008-09-30,2.0,$-5.08,-0.39,$9.72,0.21,$2.41,0.83,$-2.08,0.0,$0.09B,$0.07B,1.36,$0.66B,$-0.14B,-4.59,$0.28B,$0.28B,100.00%,$0.28B,$-0.01B,-2.89%,$0.28B,$-0.01B,-2.89%,$0.28B,$0.10B,37.55%,$0.28B,$-0.06B,-20.58%,$0.28B,$-0.06B,-21.30%,$-0.06B,$-0.14B,54.00%,$-0.06B,$-0.59B,9.94%,$-0.06B,$0.67B,-8.36%,$-0.01B,$0.52B,-1.45%,$70,$0,$70,$0,$23,$107,$-37,$-12,$-48,$-3,$-45,$-45,$-45,$26,$-37,$28,28,$-1.59,$-1.59,$12,$0,$18,$87,$128,$0,$443,$5,$578,$665,$65,$663,$36,$745,$810,$0,$-543,$0,$-144,$665,$-57,$94,$-0,$94,$0,$0,$0,$3,$4,$41,$-18,$0,$-8,$0,$0,$0,$0,$-26,$-20,$0,$-20,$0,$0,$0,$0,$-20,$-5,$2,$0
41,2008-06-30,3.69,$-3.50,-1.05,$9.52,0.39,$1.84,2.0,$-0.73,0.0,$0.08B,$0.05B,1.54,$0.67B,$-0.10B,-6.71,$0.27B,$0.27B,100.00%,$0.27B,$0.04B,13.65%,$0.27B,$0.04B,13.65%,$0.27B,$0.10B,38.38%,$0.27B,$-0.01B,-5.17%,$0.27B,$-0.02B,-7.75%,$-0.02B,$-0.10B,22.11%,$-0.02B,$-0.59B,3.52%,$-0.02B,$0.70B,-2.93%,$0.04B,$0.57B,6.65%,$71,$0,$71,$0,$22,$54,$16,$-11,$6,$2,$4,$4,$4,$30,$16,$28,28,$0.14,$0.14,$16,$0,$6,$79,$121,$0,$493,$6,$620,$700,$52,$668,$30,$747,$799,$0,$-497,$0,$-100,$700,$-11,$31,$4,$35,$0,$0,$0,$4,$5,$29,$-8,$0,$-8,$0,$0,$0,$0,$-16,$-49,$0,$-49,$0,$0,$0,$35,$-14,$-1,$1,$0
42,2008-03-31,5.33,$-3.66,-1.45,$9.45,0.56,$1.24,4.3,$-0.92,0.0,$0.12B,$0.09B,1.3,$0.68B,$-0.10B,-6.52,$0.27B,$0.27B,100.00%,$0.27B,$0.03B,12.64%,$0.27B,$0.03B,12.64%,$0.27B,$0.11B,39.03%,$0.27B,$-0.02B,-7.43%,$0.27B,$-0.03B,-9.67%,$-0.03B,$-0.10B,28.81%,$-0.03B,$-0.60B,4.36%,$-0.03B,$0.75B,-3.62%,$0.03B,$0.57B,6.16%,$64,$0,$64,$0,$21,$64,$-0,$-14,$-14,$2,$-15,$-15,$-15,$18,$-0,$28,28,$-0.54,$-0.54,$58,$0,$10,$122,$120,$0,$500,$6,$626,$748,$94,$678,$31,$758,$852,$0,$-501,$0,$-104,$748,$-15,$18,$7,$24,$5,$0,$0,$-3,$1,$10,$-4,$0,$-8,$0,$0,$0,$0,$-12,$44,$0,$44,$0,$0,$0,$0,$44,$42,$1,$0
43,2007-12-31,8.25,$-3.15,-2.62,$9.39,0.88,$0.94,8.77,$-0.70,0.0,$0.09B,$0.10B,0.89,$0.63B,$-0.09B,-7.06,$0.27B,$0.27B,100.00%,$0.27B,$0.04B,14.98%,$0.27B,$0.04B,14.98%,$0.27B,$0.11B,41.20%,$0.27B,$-0.01B,-5.24%,$0.27B,$-0.02B,-7.49%,$-0.02B,$-0.09B,23.74%,$-0.02B,$-0.59B,3.36%,$-0.02B,$0.71B,-2.83%,$0.04B,$0.54B,7.17%,$72,$0,$72,$0,$23,$59,$13,$-14,$-1,$2,$-3,$-3,$-3,$30,$13,$28,28,$-0.09,$-0.09,$16,$0,$14,$88,$112,$0,$502,$6,$620,$709,$100,$631,$21,$698,$798,$0,$-486,$0,$-89,$709,$-20,$70,$-2,$67,$-8,$0,$0,$-0,$-10,$37,$-18,$0,$-0,$0,$0,$0,$0,$-19,$-13,$0,$-13,$0,$0,$0,$0,$-13,$5,$2,$0
44,2007-09-30,9.47,$-3.08,-3.07,$9.60,0.99,$1.36,6.95,$-0.45,0.0,$0.08B,$0.10B,0.81,$0.63B,$-0.09B,-7.19,$0.27B,$0.27B,100.00%,$0.27B,$0.05B,16.91%,$0.27B,$0.05B,16.91%,$0.27B,$0.12B,42.28%,$0.27B,$-0.01B,-2.57%,$0.27B,$-0.01B,-4.41%,$-0.01B,$-0.09B,14.95%,$-0.01B,$-0.60B,2.00%,$-0.01B,$0.71B,-1.69%,$0.05B,$0.54B,8.01%,$64,$0,$64,$0,$22,$56,$8,$-14,$-5,$2,$-7,$-7,$-7,$26,$8,$28,28,$-0.24,$-0.24,$6,$0,$18,$80,$111,$0,$509,$7,$628,$708,$99,$629,$22,$697,$796,$0,$-483,$0,$-87,$708,$-17,$52,$-2,$50,$-6,$0,$0,$-3,$-12,$20,$-13,$0,$-0,$0,$0,$0,$0,$-14,$-12,$0,$-12,$0,$0,$0,$0,$-12,$-5,$1,$0
45,2007-06-30,11.86,$-2.86,-4.15,$9.57,1.24,$1.63,7.28,$-0.35,0.0,$0.07B,$0.09B,0.78,$0.63B,$-0.08B,-7.79,$0.27B,$0.27B,100.00%,$0.27B,$0.05B,17.65%,$0.27B,$0.05B,17.65%,$0.27B,$0.12B,42.28%,$0.27B,$-0.01B,-1.84%,$0.27B,$-0.01B,-3.31%,$-0.01B,$-0.08B,11.54%,$-0.01B,$-0.60B,1.52%,$-0.01B,$0.70B,-1.28%,$0.05B,$0.55B,8.30%,$69,$0,$69,$0,$22,$55,$13,$-14,$-0,$1,$-1,$-1,$-1,$31,$13,$28,28,$-0.05,$-0.05,$9,$0,$7,$70,$112,$0,$514,$7,$634,$704,$90,$632,$19,$695,$785,$0,$-477,$0,$-81,$704,$-10,$34,$-2,$32,$-5,$0,$0,$1,$-9,$14,$-10,$0,$-0,$0,$0,$0,$0,$-10,$-6,$0,$-6,$0,$0,$0,$0,$-6,$-2,$1,$0
46,2007-03-31,8.67,$-2.83,-3.07,$9.42,0.92,$1.81,4.78,$-0.38,0.0,$0.07B,$0.05B,1.5,$0.68B,$-0.08B,-8.47,$0.27B,$0.27B,100.00%,$0.27B,$0.05B,17.16%,$0.27B,$0.05B,17.16%,$0.27B,$0.11B,41.42%,$0.27B,$-0.01B,-2.61%,$0.27B,$-0.01B,-3.73%,$-0.01B,$-0.08B,13.07%,$-0.01B,$-0.60B,1.71%,$-0.01B,$0.71B,-1.44%,$0.05B,$0.60B,7.91%,$62,$0,$62,$0,$20,$56,$6,$-14,$-8,$2,$-9,$-9,$-9,$23,$6,$28,28,$-0.32,$-0.32,$8,$0,$11,$69,$112,$0,$521,$7,$640,$709,$46,$680,$20,$743,$789,$0,$-475,$0,$-80,$709,$-9,$17,$-0,$17,$-0,$0,$0,$-3,$-5,$3,$-6,$0,$0,$0,$0,$0,$0,$-6,$-1,$0,$-1,$0,$0,$0,$0,$-1,$-3,$0,$0
47,2006-12-31,4.2,$-2.58,-1.63,$9.35,0.45,$2.01,2.09,$-0.32,0.0,$0.08B,$0.06B,1.4,$0.68B,$-0.07B,-9.25,$0.27B,$0.27B,100.00%,$0.27B,$0.05B,17.29%,$0.27B,$0.05B,17.29%,$0.27B,$0.11B,41.35%,$0.27B,$-0.01B,-1.88%,$0.27B,$-0.01B,-3.01%,$-0.01B,$-0.07B,10.70%,$-0.01B,$-0.60B,1.39%,$-0.01B,$0.73B,-1.17%,$0.05B,$0.60B,8.02%,$77,$0,$77,$0,$24,$58,$19,$-13,$6,$1,$5,$5,$5,$35,$19,$28,28,$0.16,$0.16,$11,$0,$15,$77,$111,$0,$529,$7,$648,$725,$55,$678,$24,$743,$798,$0,$-468,$0,$-73,$725,$-9,$64,$-1,$63,$-3,$0,$0,$1,$1,$54,$-24,$0,$-56,$0,$0,$0,$0,$-79,$23,$0,$23,$0,$0,$0,$-0,$23,$-2,$2,$0
