,Date,Stock Price,Book Value per Share,Price to Book Ratio,TTM Sales per Share,Price to Sales Ratio,TTM FCF per Share,Price to FCF Ratio,TTM Net EPS,PE Ratio,Current Assets,Current Liabilities,Current Ratio,Long Term Debt,Shareholder's Equity_x,Debt to Equity Ratio,TTM Revenue_x,TTM Gross Profit,Gross Margin,TTM Revenue_y,TTM Operating Income,Operating Margin,TTM Revenue_x,TTM EBIT,EBIT Margin,TTM Revenue_y,TTM EBITDA,EBITDA Margin,TTM Revenue_x,TTM Pre-Tax Income,Pre-Tax Margin,TTM Revenue_y,TTM Net Income_x,Net Margin,TTM Net Income_y,Shareholder's Equity_y,Return on Equity,TTM Net Income_x,Tangible Equity,Return on Tangible Equity,TTM Net Income_y,Total Assets,Return on Assets,TTM Net Income,LT Investments & Debt,Return on Investment,revenue,cost-goods-sold,gross-profit,research-development-expenses,selling-general-administrative-expenses,operating-expenses,operating-income,total-non-operating-income-expense,pre-tax-income,total-provision-income-taxes,income-after-taxes,income-from-continuous-operations,net-income,ebitda,ebit,basic-shares-outstanding,shares-outstanding,eps-basic-net-earnings-per-share,eps-earnings-per-share-diluted,cash-on-hand,inventory,other-current-assets,total-current-assets,net-property-plant-equipment,long-term-investments,goodwill-intangible-assets-total,other-long-term-assets,total-long-term-assets,total-assets,total-current-liabilities,long-term-debt,other-non-current-liabilities,total-long-term-liabilities,total-liabilities,common-stock-net,retained-earnings-accumulated-deficit,comprehensive-income,total-share-holder-equity,total-liabilities-share-holders-equity,net-income-loss,total-depreciation-amortization-cash-flow,other-non-cash-items,total-non-cash-items,change-in-accounts-receivable,change-in-inventories,change-in-accounts-payable,change-in-assets-liabilities,total-change-in-assets-liabilities,cash-flow-from-operating-activities,net-change-in-property-plant-equipment,net-change-in-intangible-assets,net-acquisitions-divestitures,net-change-in-short-term-investments,net-change-in-long-term-investments,net-change-in-investments-total,investing-activities-other,cash-flow-from-investing-activities,net-long-term-debt,net-current-debt,debt-issuance-retirement-net-total,net-common-equity-issued-repurchased,net-total-equity-issued-repurchased,total-common-preferred-stock-dividends-paid,financial-activities-other,cash-flow-from-financial-activities,net-cash-flow,stock-based-compensation,common-stock-dividends-paid
0,2018-09-30,10.37,$13.86,0.75,$3.55,2.92,$4.09,2.54,$0.86,12.06,$41.41B,$30.32B,1.37,$13.84B,$6.29B,2.2,$1.73B,$1.15B,66.32%,$1.73B,$0.57B,32.93%,$1.73B,0,0.00%,$1.73B,0,0.00%,$1.73B,$0.57B,32.93%,$1.73B,$0.42B,24.49%,$0.42B,$6.79B,6.24%,$0.42B,$4.36B,9.75%,$0.42B,$51.25B,0.85%,$0.57B,$20.63B,2.81%,$448,$176,$272,$0,$136,$311,$137,$0,$137,$30,$107,$107,$99,$0,$0,$488,488,$0.20,$0.20,$1732,$0,$0,$41410,$353,$5451,$2437,$1595,$9836,$51247,$30319,$13840,$293,$14133,$44453,$5,$287,$-91,$6794,$51247,$321,$21,$79,$99,$35,$0,$0,$-235,$-200,$220,$-8,$0,$0,$0,$-1422,$-1422,$-1453,$-2883,$927,$0,$927,$-2,$-2,$-275,$1217,$1867,$-796,$28,$-250
1,2018-06-30,10.86,$13.85,0.78,$3.66,2.97,$6.30,1.72,$0.87,12.49,$41.49B,$29.56B,1.4,$13.79B,$6.29B,2.19,$1.79B,$1.26B,70.60%,$1.79B,$0.61B,34.21%,$1.79B,0,0.00%,$1.79B,0,0.00%,$1.79B,$0.61B,34.21%,$1.79B,$0.43B,23.91%,$0.43B,$6.79B,6.30%,$0.43B,$4.35B,9.84%,$0.43B,$50.47B,0.86%,$0.61B,$20.58B,3.07%,$440,$153,$287,$0,$143,$296,$144,$0,$144,$36,$107,$107,$99,$0,$0,$489,489,$0.20,$0.20,$2204,$0,$0,$41492,$360,$4808,$2440,$1370,$8978,$50469,$29556,$13794,$330,$14124,$43680,$5,$272,$-72,$6789,$50469,$214,$13,$-76,$-63,$35,$0,$0,$160,$196,$347,$-8,$0,$0,$0,$-750,$-750,$-1062,$-1819,$880,$0,$880,$-2,$-2,$-183,$454,$1149,$-324,$19,$-167
2,2018-03-31,12.64,$13.83,0.91,$3.68,3.43,$6.66,1.9,$0.89,14.2,$41.44B,$29.24B,1.42,$13.34B,$6.28B,2.13,$1.80B,$1.31B,73.05%,$1.80B,$0.65B,36.08%,$1.80B,0,0.00%,$1.80B,0,0.00%,$1.80B,$0.65B,36.08%,$1.80B,$0.44B,24.22%,$0.44B,$6.78B,6.43%,$0.44B,$4.34B,10.05%,$0.44B,$49.66B,0.89%,$0.65B,$20.12B,3.32%,$427,$134,$293,$0,$149,$283,$144,$0,$144,$38,$107,$107,$98,$0,$0,$488,488,$0.20,$0.20,$2681,$0,$0,$41440,$364,$4047,$2441,$1362,$8214,$49655,$29235,$13344,$295,$13639,$42874,$5,$256,$-56,$6781,$49655,$107,$6,$23,$29,$-0,$0,$0,$13,$13,$148,$-4,$0,$0,$0,$35,$35,$-496,$-466,$430,$0,$430,$-2,$-2,$-91,$133,$470,$153,$10,$-83
3,2017-12-31,12.47,$13.91,0.9,$3.69,3.38,$7.10,1.76,$0.90,13.86,$40.79B,$29.10B,1.4,$12.91B,$6.29B,2.05,$1.80B,$1.35B,74.78%,$1.80B,$0.67B,37.11%,$1.80B,0,0.00%,$1.80B,0,0.00%,$1.80B,$0.67B,37.11%,$1.80B,$0.44B,24.50%,$0.44B,$6.80B,6.55%,$0.44B,$4.35B,10.41%,$0.44B,$49.12B,0.91%,$0.67B,$19.71B,3.43%,$416,$119,$296,$0,$151,$271,$145,$0,$145,$8,$137,$137,$128,$0,$0,$487,487,$0.26,$0.26,$2528,$0,$0,$40793,$369,$4135,$2442,$1385,$8331,$49124,$29102,$12914,$313,$13227,$42329,$5,$238,$-15,$6795,$49124,$466,$28,$65,$93,$292,$0,$0,$475,$767,$1327,$-28,$0,$0,$0,$376,$376,$714,$1062,$-300,$-460,$-760,$-18,$484,$-357,$214,$-418,$1970,$36,$-332
4,2017-09-30,12.18,$13.82,0.88,$3.76,3.24,$5.81,2.09,$0.87,14.0,$40.73B,$28.89B,1.41,$12.36B,$6.26B,1.98,$1.83B,$1.40B,76.31%,$1.83B,$0.70B,38.37%,$1.83B,0,0.00%,$1.83B,0,0.00%,$1.83B,$0.70B,38.05%,$1.83B,$0.43B,23.36%,$0.43B,$6.76B,6.52%,$0.43B,$4.32B,10.66%,$0.43B,$48.46B,0.88%,$0.70B,$19.12B,3.61%,$503,$117,$385,$0,$207,$324,$178,$0,$178,$68,$110,$110,$102,$0,$0,$487,487,$0.21,$0.21,$3277,$0,$0,$40730,$375,$3611,$2436,$1306,$7728,$48458,$28893,$12364,$441,$12805,$41698,$5,$193,$-4,$6760,$48458,$330,$22,$20,$42,$225,$0,$0,$718,$943,$1315,$-27,$0,$0,$0,$913,$913,$1596,$2483,$-850,$-460,$-1310,$-11,$492,$-266,$5,$-1078,$2720,$27,$-249
5,2017-06-30,12.25,$13.77,0.89,$3.67,3.33,$3.84,3.19,$0.92,13.31,$40.03B,$28.89B,1.39,$12.36B,$6.23B,1.98,$1.79B,$1.37B,76.82%,$1.79B,$0.73B,40.59%,$1.79B,0,0.00%,$1.79B,0,0.00%,$1.79B,$0.72B,40.09%,$1.79B,$0.45B,25.25%,$0.45B,$6.74B,7.05%,$0.45B,$4.30B,11.88%,$0.45B,$48.35B,0.92%,$0.73B,$19.10B,3.68%,$450,$111,$338,$0,$157,$269,$181,$0,$181,$65,$115,$115,$107,$0,$0,$487,487,$0.22,$0.22,$1130,$0,$0,$40030,$380,$3760,$2436,$1741,$8318,$48348,$28894,$12364,$356,$12719,$41613,$5,$173,$-1,$6735,$48348,$219,$14,$7,$21,$143,$0,$0,$153,$296,$536,$-23,$0,$0,$0,$770,$770,$275,$1022,$-850,$-460,$-1310,$-11,$492,$-174,$6,$-986,$572,$18,$-166
6,2017-03-31,12.86,$13.60,0.95,$3.69,3.48,$3.26,3.95,$0.96,13.4,$39.96B,$28.73B,1.39,$13.21B,$6.14B,2.15,$1.79B,$1.40B,77.91%,$1.79B,$0.75B,41.61%,$1.79B,0,0.00%,$1.79B,0,0.00%,$1.79B,$0.74B,41.05%,$1.79B,$0.47B,26.21%,$0.47B,$6.65B,7.55%,$0.47B,$3.98B,13.15%,$0.47B,$48.83B,0.96%,$0.75B,$19.86B,3.74%,$431,$104,$327,$0,$163,$267,$164,$0,$164,$60,$104,$104,$104,$0,$0,$487,487,$0.21,$0.21,$984,$0,$0,$39958,$379,$4270,$2670,$1547,$8867,$48825,$28727,$13213,$237,$13451,$42177,$5,$149,$-56,$6647,$48825,$104,$7,$26,$33,$197,$0,$0,$35,$233,$370,$-14,$0,$0,$0,$140,$140,$141,$268,$0,$-460,$-460,$-10,$493,$-83,$-161,$-211,$426,$9,$-83
7,2016-12-31,14.48,$12.57,1.15,$3.75,3.86,$3.14,4.61,$1.02,14.2,$39.87B,$28.89B,1.38,$13.67B,$6.12B,2.23,$1.82B,$1.43B,78.69%,$1.82B,$0.79B,43.27%,$1.82B,0,0.00%,$1.82B,0,0.00%,$1.82B,$0.78B,42.67%,$1.82B,$0.50B,27.18%,$0.50B,$6.12B,8.17%,$0.50B,$3.45B,14.50%,$0.50B,$48.93B,1.01%,$0.79B,$19.80B,3.98%,$448,$100,$348,$0,$167,$267,$180,$-6,$174,$60,$114,$114,$115,$0,$0,$485,485,$0.22,$0.22,$558,$0,$0,$39866,$374,$4408,$2670,$1609,$9061,$48927,$28888,$13673,$241,$13915,$42803,$5,$128,$-57,$6124,$48927,$495,$9,$78,$87,$-149,$0,$0,$322,$173,$756,$-84,$0,$0,$0,$2453,$2453,$-1151,$1218,$1181,$-3256,$-2075,$-9,$-9,$-331,$461,$-1954,$20,$33,$-331
8,2016-09-30,12.8,$12.50,1.02,$3.91,3.28,$0.75,17.15,$-0.08,0.0,$40.44B,$29.14B,1.39,$14.00B,$6.09B,2.3,$1.86B,$0.70B,37.43%,$1.86B,$0.06B,3.18%,$1.86B,0,0.00%,$1.86B,0,0.00%,$1.86B,$-0.09B,-4.90%,$1.86B,$-0.02B,-1.18%,$-0.02B,$6.09B,-0.37%,$-0.02B,$3.46B,-0.65%,$-0.02B,$49.46B,-0.04%,$0.06B,$20.09B,0.29%,$457,$98,$359,$0,$159,$257,$200,$-2,$197,$72,$125,$125,$125,$0,$0,$485,485,$0.26,$0.26,$772,$0,$0,$40443,$367,$4399,$2634,$1619,$9020,$49463,$29140,$14002,$231,$14233,$43372,$5,$97,$-51,$6091,$49463,$382,$1,$62,$64,$-392,$0,$0,$342,$-50,$396,$-70,$0,$0,$0,$2467,$2467,$-1268,$1129,$181,$-1928,$-1747,$-9,$-9,$-248,$713,$-1291,$234,$25,$-248
9,2016-06-30,13.32,$12.40,1.07,$3.99,3.34,$0.62,21.48,$-0.08,0.0,$39.80B,$28.88B,1.38,$13.91B,$6.04B,2.3,$1.85B,$0.65B,35.22%,$1.85B,$0.04B,2.05%,$1.85B,0,0.00%,$1.85B,0,0.00%,$1.85B,$-0.11B,-5.88%,$1.85B,$-0.03B,-1.78%,$-0.03B,$6.04B,-0.55%,$-0.03B,$3.41B,-1.00%,$-0.03B,$49.04B,-0.07%,$0.04B,$19.95B,0.19%,$457,$94,$363,$0,$160,$255,$202,$-1,$201,$75,$126,$126,$126,$0,$0,$485,485,$0.26,$0.26,$674,$0,$0,$39796,$367,$4564,$2631,$1678,$9240,$49036,$28883,$13908,$206,$14114,$42997,$5,$55,$-52,$6039,$49036,$256,$2,$37,$39,$-284,$0,$0,$276,$-8,$288,$-61,$0,$0,$0,$2294,$2294,$-826,$1407,$181,$-2021,$-1840,$-8,$-8,$-165,$456,$-1558,$137,$16,$-165
10,2016-03-31,13.97,$12.29,1.14,$4.14,3.37,$0.50,27.86,$-0.06,0.0,$39.11B,$28.98B,1.35,$13.35B,$5.99B,2.23,$1.88B,$0.64B,33.86%,$1.88B,$0.03B,1.65%,$1.88B,0,0.00%,$1.88B,0,0.00%,$1.88B,$-0.12B,-6.11%,$1.88B,$-0.04B,-1.91%,$-0.04B,$5.99B,-0.61%,$-0.04B,$3.33B,-1.12%,$-0.04B,$48.52B,-0.07%,$0.03B,$19.33B,0.15%,$459,$96,$363,$0,$156,$253,$206,$-1,$205,$75,$130,$130,$129,$0,$0,$485,485,$0.27,$0.27,$651,$0,$0,$39105,$325,$4772,$2651,$1662,$9411,$48516,$28982,$13345,$204,$13548,$42531,$5,$11,$-55,$5985,$48516,$130,$0,$26,$26,$-117,$0,$0,$273,$155,$312,$-11,$0,$0,$0,$2076,$2076,$-325,$1741,$0,$-2404,$-2404,$-8,$-8,$-83,$556,$-1939,$113,$8,$-83
11,2015-12-31,14.18,$12.24,1.16,$4.28,3.31,$0.03,487.24,$-0.06,0.0,$38.55B,$28.43B,1.36,$15.75B,$5.94B,2.65,$1.90B,$0.62B,32.53%,$1.90B,$0.01B,0.68%,$1.90B,0,0.00%,$1.90B,0,0.00%,$1.90B,$-0.13B,-6.94%,$1.90B,$-0.05B,-2.47%,$-0.05B,$5.94B,-0.80%,$-0.05B,$3.25B,-1.49%,$-0.05B,$50.32B,-0.10%,$0.01B,$21.68B,0.06%,$484,$874,$-390,$0,$157,$1032,$-549,$0,$-694,$-289,$-405,$-405,$-402,$0,$0,$449,449,$-0.92,$-0.92,$538,$0,$0,$38550,$322,$6838,$2686,$1922,$11768,$50318,$28427,$15748,$208,$15956,$44383,$5,$-37,$-57,$5935,$50318,$-47,$29,$-20,$9,$-200,$0,$0,$-181,$-382,$-420,$-35,$0,$0,$0,$787,$787,$-2149,$-1397,$754,$768,$1522,$623,$623,$-454,$101,$1791,$-26,$30,$-454
12,2015-09-30,15.45,$13.11,1.18,$4.33,3.57,$2.51,6.14,$1.11,13.92,$37.08B,$28.28B,1.31,$14.72B,$5.83B,2.53,$1.91B,$1.36B,71.29%,$1.91B,$0.77B,40.17%,$1.91B,0,0.00%,$1.91B,0,0.00%,$1.91B,$0.77B,40.17%,$1.91B,$0.49B,25.37%,$0.49B,$5.83B,8.36%,$0.49B,$3.15B,15.50%,$0.49B,$49.05B,1.00%,$0.77B,$20.55B,3.87%,$454,$137,$317,$0,$137,$275,$179,$0,$179,$64,$115,$115,$114,$0,$0,$443,443,$0.26,$0.26,$586,$0,$0,$37078,$328,$7298,$2676,$1665,$11967,$49045,$28280,$14724,$215,$14938,$43219,$4,$489,$-53,$5827,$49045,$358,$22,$-1,$21,$-187,$0,$0,$82,$-105,$274,$-32,$0,$0,$0,$318,$318,$-649,$-363,$700,$-202,$497,$-7,$-7,$-333,$-46,$111,$22,$23,$-333
13,2015-06-30,15.51,$13.09,1.19,$4.36,3.56,$2.98,5.21,$1.12,13.85,$36.58B,$28.60B,1.28,$14.01B,$5.82B,2.41,$1.93B,$1.38B,71.44%,$1.93B,$0.78B,40.39%,$1.93B,0,0.00%,$1.93B,0,0.00%,$1.93B,$0.78B,40.39%,$1.93B,$0.49B,25.44%,$0.49B,$5.82B,8.46%,$0.49B,$3.12B,15.73%,$0.49B,$48.65B,1.01%,$0.78B,$19.83B,3.94%,$484,$137,$347,$0,$151,$289,$195,$0,$195,$71,$124,$124,$123,$0,$0,$443,443,$0.28,$0.28,$589,$0,$0,$36581,$326,$7334,$2695,$1713,$12067,$48649,$28597,$14011,$225,$14237,$42834,$4,$486,$-54,$5815,$48649,$243,$15,$13,$28,$-107,$0,$0,$12,$-95,$176,$-22,$0,$0,$0,$282,$282,$-238,$22,$402,$-617,$-215,$-7,$-7,$-222,$270,$-173,$25,$15,$-222
14,2015-03-31,13.92,$13.04,1.07,$4.34,3.21,$2.79,4.99,$1.11,12.54,$36.10B,$28.93B,1.25,$13.26B,$5.80B,2.29,$1.91B,$1.37B,71.39%,$1.91B,$0.77B,40.32%,$1.91B,0,0.00%,$1.91B,0,0.00%,$1.91B,$0.77B,40.32%,$1.91B,$0.49B,25.37%,$0.49B,$5.80B,8.39%,$0.49B,$3.13B,15.62%,$0.49B,$48.25B,1.00%,$0.77B,$19.06B,3.84%,$481,$136,$345,$0,$155,$293,$188,$0,$188,$69,$119,$119,$118,$0,$0,$442,442,$0.27,$0.27,$583,$0,$0,$36102,$322,$7426,$2663,$1740,$12150,$48252,$28931,$13264,$261,$13526,$42457,$4,$473,$-53,$5795,$48252,$119,$8,$16,$24,$-109,$0,$0,$42,$-67,$76,$-11,$0,$0,$0,$191,$191,$238,$418,$199,$-1161,$-962,$-7,$-7,$-111,$604,$-476,$18,$7,$-111
15,2014-12-31,13.1,$13.06,1.0,$4.27,3.07,$3.04,4.31,$1.10,11.91,$36.21B,$28.33B,1.28,$14.23B,$5.78B,2.46,$1.88B,$1.34B,71.18%,$1.88B,$0.77B,41.03%,$1.88B,0,0.00%,$1.88B,0,0.00%,$1.88B,$0.77B,41.03%,$1.88B,$0.48B,25.53%,$0.48B,$5.78B,8.34%,$0.48B,$3.11B,15.59%,$0.48B,$48.56B,0.99%,$0.77B,$20.01B,3.78%,$493,$139,$354,$0,$146,$287,$206,$0,$206,$75,$131,$131,$130,$0,$0,$441,441,$0.29,$0.29,$564,$0,$0,$36212,$319,$7612,$2671,$1745,$12347,$48559,$28329,$14226,$222,$14449,$42777,$4,$465,$-56,$5782,$48559,$485,$28,$17,$45,$103,$0,$0,$90,$192,$722,$-73,$0,$0,$0,$928,$928,$-3000,$-2146,$-111,$-768,$-879,$-7,$-7,$-442,$2671,$1343,$-80,$27,$-442
16,2014-09-30,12.79,$13.05,0.98,$4.23,3.03,$4.62,2.77,$1.07,11.95,$35.91B,$28.31B,1.27,$14.40B,$5.78B,2.49,$1.86B,$1.32B,71.09%,$1.86B,$0.76B,40.62%,$1.86B,0,0.00%,$1.86B,0,0.00%,$1.86B,$0.76B,40.62%,$1.86B,$0.47B,25.20%,$0.47B,$5.78B,8.15%,$0.47B,$3.10B,15.28%,$0.47B,$48.68B,0.98%,$0.76B,$20.18B,3.66%,$468,$138,$330,$0,$139,$279,$189,$0,$189,$69,$120,$120,$119,$0,$0,$441,441,$0.27,$0.27,$663,$0,$0,$35914,$301,$8032,$2683,$1750,$12766,$48680,$28308,$14397,$197,$14594,$42902,$4,$444,$-32,$5778,$48680,$354,$21,$-3,$18,$26,$0,$0,$95,$121,$494,$-48,$0,$0,$0,$496,$496,$-2528,$-2079,$-5,$-703,$-708,$-6,$-6,$-332,$2649,$1603,$18,$21,$-332
17,2014-06-30,12.68,$13.01,0.97,$4.25,2.98,$6.58,1.93,$1.06,11.96,$35.37B,$27.35B,1.29,$15.30B,$5.76B,2.66,$1.87B,$1.34B,71.51%,$1.87B,$0.75B,39.93%,$1.87B,0,0.00%,$1.87B,0,0.00%,$1.87B,$0.75B,39.93%,$1.87B,$0.46B,24.75%,$0.46B,$5.76B,8.07%,$0.46B,$3.08B,15.19%,$0.46B,$48.61B,0.98%,$0.75B,$21.06B,3.61%,$470,$134,$336,$0,$146,$282,$188,$0,$188,$69,$119,$119,$118,$0,$0,$441,441,$0.27,$0.27,$669,$0,$0,$35371,$288,$8365,$2677,$1903,$13233,$48605,$27352,$15302,$190,$15491,$42844,$4,$434,$-33,$5761,$48605,$234,$14,$-3,$11,$-87,$0,$0,$-60,$-147,$98,$-29,$0,$0,$0,$162,$162,$-1869,$-1737,$-3,$200,$197,$-6,$-6,$-221,$1693,$1663,$24,$14,$-221
18,2014-03-31,12.54,$12.97,0.97,$4.30,2.92,$7.89,1.59,$1.07,11.72,$34.31B,$26.75B,1.28,$14.83B,$5.74B,2.58,$1.89B,$1.36B,71.71%,$1.89B,$0.75B,39.71%,$1.89B,0,0.00%,$1.89B,0,0.00%,$1.89B,$0.75B,39.71%,$1.89B,$0.47B,24.75%,$0.47B,$5.74B,8.19%,$0.47B,$3.06B,15.44%,$0.47B,$47.57B,1.02%,$0.75B,$20.57B,3.74%,$453,$131,$321,$0,$129,$263,$190,$0,$190,$74,$115,$115,$114,$0,$0,$441,441,$0.26,$0.26,$673,$0,$0,$34313,$278,$8498,$2688,$1791,$13254,$47567,$26754,$14827,$244,$15071,$41825,$4,$426,$-35,$5743,$47567,$115,$7,$-6,$1,$-23,$0,$0,$95,$72,$188,$-12,$0,$0,$0,$23,$23,$-871,$-860,$-2,$-276,$-278,$-6,$-6,$-110,$1094,$700,$28,$7,$-110
19,2013-12-31,12.94,$13.01,0.99,$4.39,2.95,$8.91,1.45,$1.08,11.98,$33.37B,$25.66B,1.3,$15.11B,$5.74B,2.63,$1.93B,$1.39B,71.96%,$1.93B,$0.75B,38.73%,$1.93B,0,0.00%,$1.93B,0,0.00%,$1.93B,$0.75B,38.73%,$1.93B,$0.47B,24.56%,$0.47B,$5.74B,8.30%,$0.47B,$3.04B,15.64%,$0.47B,$46.69B,1.04%,$0.75B,$20.84B,3.80%,$470,$134,$336,$0,$144,$280,$189,$0,$189,$69,$120,$120,$118,$0,$0,$439,439,$0.27,$0.27,$645,$0,$0,$33372,$273,$8512,$2693,$1837,$13316,$46688,$25661,$15105,$187,$15292,$40953,$4,$423,$-36,$5736,$46688,$476,$40,$58,$98,$845,$0,$0,$-43,$802,$1376,$-37,$0,$0,$0,$-3113,$-3113,$-2023,$-5173,$-791,$2466,$1675,$-5,$-5,$-440,$785,$2015,$-1783,$22,$-440
20,2013-09-30,11.42,$12.92,0.88,$4.47,2.56,$7.09,1.61,$1.09,10.48,$33.40B,$25.31B,1.32,$14.57B,$5.70B,2.56,$1.96B,$1.40B,71.25%,$1.96B,$0.75B,38.10%,$1.96B,0,0.00%,$1.96B,0,0.00%,$1.96B,$0.75B,38.10%,$1.96B,$0.47B,24.16%,$0.47B,$5.70B,8.33%,$0.47B,$3.01B,15.64%,$0.47B,$45.76B,1.06%,$0.75B,$20.26B,3.88%,$478,$133,$345,$0,$161,$298,$180,$0,$180,$66,$114,$114,$113,$0,$0,$439,439,$0.26,$0.26,$1254,$0,$0,$33396,$264,$7636,$2684,$1784,$12368,$45764,$25309,$14565,$192,$14758,$40067,$4,$413,$-60,$5697,$45764,$355,$32,$65,$97,$882,$0,$0,$-5,$877,$1329,$-21,$0,$0,$0,$-2238,$-2238,$-1477,$-3736,$-790,$1925,$1135,$-4,$-4,$-330,$433,$1234,$-1174,$17,$-330
21,2013-06-30,10.41,$12.90,0.81,$4.57,2.28,$5.30,1.97,$1.12,9.3,$32.96B,$25.29B,1.3,$12.99B,$5.69B,2.28,$2.00B,$1.42B,70.71%,$2.00B,$0.77B,38.22%,$2.00B,0,0.00%,$2.00B,0,0.00%,$2.00B,$0.77B,38.22%,$2.00B,$0.49B,24.40%,$0.49B,$5.69B,8.63%,$0.49B,$3.01B,16.12%,$0.49B,$44.19B,1.11%,$0.77B,$18.68B,4.04%,$490,$137,$354,$0,$157,$298,$192,$0,$192,$70,$123,$123,$123,$0,$0,$439,439,$0.28,$0.28,$1320,$0,$0,$32959,$265,$6424,$2675,$1863,$11227,$44186,$25288,$12992,$217,$13210,$38497,$4,$409,$-58,$5688,$44186,$241,$21,$21,$43,$400,$0,$0,$-25,$375,$659,$-15,$0,$0,$0,$-1022,$-1022,$-477,$-1515,$-738,$300,$-438,$-4,$-4,$-220,$411,$-252,$-1108,$11,$-220
22,2013-03-31,10.48,$12.85,0.82,$4.72,2.22,$4.71,2.23,$1.14,9.19,$33.86B,$25.48B,1.33,$13.18B,$5.67B,2.33,$2.07B,$1.46B,70.54%,$2.07B,$0.78B,37.74%,$2.07B,0,0.00%,$2.07B,0,0.00%,$2.07B,$0.78B,37.74%,$2.07B,$0.50B,24.04%,$0.50B,$5.67B,8.81%,$0.50B,$3.03B,16.41%,$0.50B,$44.51B,1.13%,$0.78B,$18.84B,4.14%,$488,$138,$351,$0,$161,$303,$185,$0,$185,$66,$119,$119,$119,$0,$0,$439,439,$0.27,$0.27,$2055,$0,$0,$33858,$265,$5921,$2637,$1831,$10653,$44512,$25478,$13179,$190,$13368,$38846,$4,$396,$-63,$5666,$44512,$119,$11,$6,$17,$474,$0,$0,$22,$497,$632,$-7,$0,$0,$0,$-525,$-525,$-706,$-1239,$-27,$-225,$-252,$-4,$-4,$-110,$600,$234,$-372,$6,$-110
23,2012-12-31,9.39,$12.88,0.73,$4.77,1.97,$4.97,1.89,$1.14,8.23,$34.01B,$24.88B,1.37,$13.43B,$5.66B,2.37,$2.09B,$1.46B,69.78%,$2.09B,$0.78B,37.36%,$2.09B,0,0.00%,$2.09B,0,0.00%,$2.09B,$0.78B,37.36%,$2.09B,$0.50B,23.75%,$0.50B,$5.66B,8.82%,$0.50B,$3.04B,16.47%,$0.50B,$44.15B,1.14%,$0.78B,$19.09B,4.08%,$502,$157,$345,$0,$152,$313,$189,$0,$189,$66,$123,$123,$118,$0,$0,$438,438,$0.27,$0.27,$2427,$0,$0,$34008,$264,$5383,$2613,$1878,$10137,$44145,$24878,$13430,$181,$13611,$38489,$4,$388,$-62,$5656,$44145,$501,$42,$120,$163,$-128,$0,$0,$40,$-88,$576,$-39,$0,$0,$0,$-328,$-328,$-1364,$-1731,$-218,$-312,$-530,$-4,$-4,$-439,$2552,$1580,$426,$21,$-439
24,2012-09-30,9.96,$12.85,0.78,$4.83,2.06,$5.55,1.8,$1.13,8.82,$33.78B,$24.52B,1.38,$13.60B,$5.64B,2.41,$2.11B,$1.47B,69.73%,$2.11B,$0.77B,36.57%,$2.11B,0,0.00%,$2.11B,0,0.00%,$2.11B,$0.77B,36.57%,$2.11B,$0.49B,23.40%,$0.49B,$5.64B,8.82%,$0.49B,$3.05B,16.52%,$0.49B,$44.09B,1.14%,$0.77B,$19.24B,4.02%,$524,$158,$367,$0,$161,$324,$200,$0,$200,$72,$129,$129,$129,$0,$0,$438,438,$0.29,$0.29,$2538,$0,$0,$33780,$254,$5618,$2595,$1847,$10314,$44094,$24522,$13601,$328,$13930,$38451,$4,$374,$-58,$5642,$44094,$378,$31,$104,$135,$-181,$0,$0,$205,$24,$538,$-21,$0,$0,$0,$-567,$-567,$-970,$-1558,$-97,$-262,$-359,$-3,$-3,$-329,$2248,$1557,$537,$16,$-329
25,2012-06-30,8.65,$12.78,0.68,$4.82,1.79,$5.77,1.5,$1.11,7.79,$34.04B,$25.00B,1.36,$12.59B,$5.61B,2.24,$2.11B,$1.46B,69.20%,$2.11B,$0.75B,35.79%,$2.11B,0,0.00%,$2.11B,0,0.00%,$2.11B,$0.75B,35.79%,$2.11B,$0.48B,22.97%,$0.48B,$5.61B,8.67%,$0.48B,$3.00B,16.27%,$0.48B,$43.49B,1.14%,$0.75B,$18.20B,3.94%,$553,$158,$395,$0,$184,$347,$206,$0,$206,$75,$131,$131,$131,$0,$0,$438,438,$0.30,$0.30,$3161,$0,$0,$34039,$251,$4689,$2614,$1894,$9448,$43487,$24997,$12589,$291,$12879,$37876,$4,$355,$-64,$5612,$43487,$249,$21,$71,$93,$-70,$0,$0,$123,$53,$396,$-12,$0,$0,$0,$351,$351,$-705,$-366,$-95,$-1277,$-1372,$-3,$-3,$-219,$2722,$1129,$1159,$10,$-219
26,2012-03-31,9.42,$12.71,0.74,$4.77,1.98,$7.05,1.34,$1.08,8.72,$32.89B,$22.94B,1.43,$14.28B,$5.58B,2.56,$2.08B,$1.42B,68.40%,$2.08B,$0.73B,35.06%,$2.08B,0,0.00%,$2.08B,0,0.00%,$2.08B,$0.73B,35.06%,$2.08B,$0.47B,22.67%,$0.47B,$5.58B,8.47%,$0.47B,$2.96B,15.95%,$0.47B,$43.04B,1.13%,$0.73B,$19.86B,3.79%,$509,$158,$350,$0,$160,$323,$185,$0,$185,$67,$118,$118,$118,$0,$0,$437,437,$0.27,$0.27,$2356,$0,$0,$32893,$251,$5382,$2623,$1889,$10145,$43038,$22941,$14276,$241,$14517,$37458,$4,$334,$-69,$5580,$43038,$118,$11,$29,$40,$504,$0,$0,$80,$584,$742,$-6,$0,$0,$0,$-348,$-348,$-904,$-1258,$-2,$318,$316,$-2,$-2,$-110,$666,$870,$354,$5,$-110
27,2011-12-31,8.21,$12.73,0.65,$4.82,1.71,$7.28,1.13,$1.09,7.54,$32.15B,$22.33B,1.44,$13.96B,$5.57B,2.51,$2.10B,$1.44B,68.28%,$2.10B,$0.73B,34.90%,$2.10B,0,0.00%,$2.10B,0,0.00%,$2.10B,$0.73B,34.90%,$2.10B,$0.48B,22.68%,$0.48B,$5.57B,8.58%,$0.48B,$2.96B,16.02%,$0.48B,$42.02B,1.15%,$0.73B,$19.53B,3.88%,$525,$165,$360,$0,$174,$344,$181,$0,$181,$63,$118,$118,$116,$0,$0,$436,436,$0.27,$0.27,$2002,$0,$0,$32154,$251,$5031,$2605,$1984,$9870,$42024,$22326,$13960,$173,$14133,$36459,$4,$325,$-72,$5566,$42024,$480,$48,$117,$165,$185,$0,$0,$-0,$185,$830,$-41,$0,$100,$0,$218,$218,$-1488,$-1211,$-638,$1062,$424,$-0,$-0,$-437,$468,$455,$74,$17,$-437
28,2011-09-30,7.75,$12.74,0.61,$4.96,1.56,$5.19,1.49,$1.16,6.68,$31.45B,$22.75B,1.38,$13.42B,$5.57B,2.41,$2.16B,$1.48B,68.64%,$2.16B,$0.78B,36.26%,$2.16B,0,0.00%,$2.16B,0,0.00%,$2.16B,$0.78B,36.26%,$2.16B,$0.51B,23.64%,$0.51B,$5.57B,9.21%,$0.51B,$2.99B,17.24%,$0.51B,$41.97B,1.24%,$0.78B,$18.99B,4.17%,$520,$167,$353,$0,$165,$338,$182,$0,$182,$63,$120,$120,$119,$0,$0,$436,436,$0.27,$0.27,$1597,$0,$0,$31447,$245,$5590,$2589,$2097,$10522,$41969,$22753,$13415,$228,$13643,$36395,$4,$317,$-52,$5574,$41969,$362,$37,$104,$142,$223,$0,$0,$-86,$137,$642,$-29,$0,$100,$0,$-349,$-349,$-1192,$-1471,$-121,$0,$-121,$1,$1,$-328,$946,$498,$-331,$12,$-328
29,2011-06-30,9.58,$12.71,0.75,$5.09,1.88,$2.85,3.36,$1.20,7.98,$29.55B,$21.80B,1.36,$13.02B,$5.56B,2.34,$2.22B,$1.52B,68.74%,$2.22B,$0.81B,36.63%,$2.22B,0,0.00%,$2.22B,0,0.00%,$2.22B,$0.81B,36.63%,$2.22B,$0.53B,23.82%,$0.53B,$5.56B,9.55%,$0.53B,$2.93B,17.83%,$0.53B,$40.60B,1.28%,$0.81B,$18.58B,4.31%,$528,$167,$361,$0,$172,$346,$182,$0,$182,$63,$119,$119,$119,$0,$0,$436,437,$0.27,$0.27,$710,$0,$0,$29549,$246,$6094,$2627,$2087,$11054,$40603,$21798,$13017,$228,$13245,$35043,$4,$306,$-50,$5560,$40603,$243,$26,$76,$101,$714,$0,$0,$-96,$619,$963,$-24,$0,$100,$0,$-857,$-857,$-653,$-1434,$-19,$-500,$-519,$1,$1,$-218,$-9,$-745,$-1217,$8,$-218
30,2011-03-31,10.86,$12.67,0.86,$5.16,2.11,$0.04,252.04,$1.24,8.76,$30.87B,$22.20B,1.39,$13.02B,$5.54B,2.35,$2.25B,$1.53B,68.15%,$2.25B,$0.83B,37.10%,$2.25B,0,0.00%,$2.25B,0,0.00%,$2.25B,$0.83B,37.10%,$2.25B,$0.54B,24.05%,$0.54B,$5.54B,9.81%,$0.54B,$3.03B,18.26%,$0.54B,$41.05B,1.30%,$0.83B,$18.56B,4.39%,$530,$168,$362,$0,$165,$340,$189,$0,$189,$66,$123,$123,$123,$0,$0,$436,436,$0.28,$0.28,$2352,$0,$0,$30867,$247,$5218,$2507,$2209,$10180,$41047,$22198,$13020,$289,$13308,$35506,$4,$296,$-51,$5541,$41047,$123,$14,$36,$50,$694,$0,$0,$-13,$682,$855,$-19,$0,$0,$0,$18,$18,$-194,$-196,$-17,$-500,$-517,$-0,$-0,$-109,$391,$-235,$424,$4,$-109
31,2010-12-31,11.7,$12.69,0.92,$5.19,2.26,$-2.35,0.0,$1.25,9.36,$30.97B,$21.81B,1.42,$13.54B,$5.53B,2.45,$2.25B,$1.52B,67.41%,$2.25B,$0.84B,37.17%,$2.25B,0,0.00%,$2.25B,0,0.00%,$2.25B,$0.84B,37.17%,$2.25B,$0.54B,24.02%,$0.54B,$5.53B,9.89%,$0.54B,$2.91B,18.54%,$0.54B,$41.19B,1.29%,$0.84B,$19.06B,4.37%,$584,$176,$408,$0,$170,$353,$231,$0,$231,$81,$150,$150,$150,$0,$0,$434,434,$0.34,$0.34,$1928,$0,$0,$30969,$234,$5235,$2621,$2132,$10222,$41191,$21809,$13536,$319,$13855,$35664,$4,$282,$-46,$5526,$41191,$541,$55,$132,$187,$-866,$0,$0,$69,$-797,$-70,$-49,$0,$141,$0,$1033,$1033,$173,$1299,$-1173,$500,$-673,$30,$30,$-434,$-896,$-1973,$-743,$16,$-434
32,2010-09-30,9.95,$12.62,0.79,$5.46,1.82,$-1.49,0.0,$1.36,7.31,$31.53B,$22.23B,1.42,$13.60B,$5.50B,2.47,$2.24B,$1.50B,67.22%,$2.24B,$0.85B,38.19%,$2.24B,0,0.00%,$2.24B,0,0.00%,$2.24B,$0.85B,38.19%,$2.24B,$0.55B,24.42%,$0.55B,$5.50B,10.05%,$0.55B,$2.97B,18.84%,$0.55B,$41.71B,1.30%,$0.85B,$19.09B,4.43%,$575,$181,$393,$0,$175,$364,$210,$0,$210,$75,$136,$136,$136,$0,$0,$434,435,$0.31,$0.31,$2235,$0,$0,$31526,$200,$5173,$2522,$2285,$10180,$41706,$22227,$13595,$389,$13984,$36211,$4,$246,$-36,$5495,$41706,$391,$41,$91,$132,$-1039,$0,$0,$114,$-924,$-401,$-9,$0,$141,$0,$1089,$1089,$135,$1356,$-914,$300,$-614,$30,$30,$-326,$-478,$-1387,$-433,$12,$-326
33,2010-06-30,9.21,$12.51,0.74,$5.34,1.72,$-0.24,0.0,$1.33,6.93,$31.62B,$22.44B,1.41,$13.67B,$5.45B,2.51,$2.08B,$1.35B,64.98%,$2.08B,$0.78B,37.28%,$2.08B,0,0.00%,$2.08B,0,0.00%,$2.08B,$0.78B,37.28%,$2.08B,$0.51B,24.48%,$0.51B,$5.45B,9.90%,$0.51B,$2.92B,19.48%,$0.51B,$42.01B,1.28%,$0.78B,$19.11B,4.07%,$556,$189,$367,$0,$155,$352,$203,$0,$203,$72,$131,$131,$131,$0,$0,$434,435,$0.30,$0.30,$2614,$0,$0,$31624,$200,$5144,$2530,$2513,$10387,$42011,$22444,$13666,$454,$14121,$36564,$4,$219,$-53,$5446,$42011,$256,$28,$61,$89,$-580,$0,$0,$-45,$-624,$-280,$-5,$0,$141,$0,$1092,$1092,$-10,$1218,$-543,$0,$-543,$30,$30,$-217,$-262,$-992,$-53,$8,$-217
34,2010-03-31,9.83,$12.43,0.79,$5.18,1.9,$0.35,28.24,$1.18,8.33,$31.35B,$22.73B,1.38,$13.88B,$5.41B,2.56,$1.91B,$1.18B,62.09%,$1.91B,$0.65B,34.19%,$1.91B,0,0.00%,$1.91B,0,0.00%,$1.91B,$0.65B,34.19%,$1.91B,$0.43B,22.76%,$0.43B,$5.41B,8.98%,$0.43B,$2.88B,18.80%,$0.43B,$42.43B,1.15%,$0.65B,$19.29B,3.46%,$537,$188,$350,$0,$149,$345,$193,$0,$193,$69,$124,$124,$124,$0,$0,$432,432,$0.29,$0.29,$2548,$0,$0,$31352,$203,$5994,$2538,$2345,$11079,$42431,$22731,$13876,$410,$14286,$37017,$4,$191,$-54,$5413,$42431,$124,$15,$26,$41,$-446,$0,$0,$76,$-370,$-205,$-2,$0,$141,$0,$244,$244,$87,$469,$-333,$0,$-333,$30,$30,$-108,$25,$-387,$-123,$4,$-108
35,2009-12-31,8.48,$12.39,0.68,$5.17,1.64,$0.60,14.19,$1.15,7.38,$30.94B,$22.32B,1.39,$14.17B,$5.37B,2.64,$1.79B,$1.06B,59.32%,$1.79B,$0.59B,33.04%,$1.79B,0,0.00%,$1.79B,0,0.00%,$1.79B,$0.59B,33.04%,$1.79B,$0.40B,22.27%,$0.40B,$5.37B,8.79%,$0.40B,$2.83B,19.77%,$0.40B,$42.15B,1.14%,$0.59B,$19.53B,3.20%,$568,$175,$393,$0,$138,$320,$248,$0,$248,$93,$155,$155,$155,$0,$0,$352,352,$0.43,$0.43,$2671,$0,$0,$30936,$205,$6239,$2542,$2231,$11218,$42154,$22316,$14165,$306,$14471,$36787,$4,$175,$-50,$5367,$42154,$399,$39,$18,$57,$-53,$0,$0,$-187,$-240,$215,$-7,$0,$4030,$0,$887,$887,$-1161,$3748,$-861,$-1013,$-1874,$1011,$1011,$-348,$-286,$-1496,$2468,$13,$-348
36,2009-09-30,6.52,$12.20,0.53,$4.87,1.34,$0.67,9.74,$1.00,6.52,$23.09B,$14.47B,1.6,$13.86B,$4.34B,3.19,$1.66B,$0.90B,54.15%,$1.66B,$0.48B,28.97%,$1.66B,0,0.00%,$1.66B,0,0.00%,$1.66B,$0.48B,28.97%,$1.66B,$0.35B,20.79%,$0.35B,$4.34B,8.14%,$0.35B,$1.83B,19.93%,$0.35B,$32.88B,1.06%,$0.48B,$18.20B,2.67%,$418,$177,$241,$0,$105,$287,$131,$0,$131,$32,$99,$99,$99,$0,$0,$346,346,$0.28,$0.28,$154,$0,$0,$23086,$208,$5878,$2508,$1205,$9799,$32884,$14468,$13864,$212,$14076,$28544,$4,$110,$-68,$4341,$32884,$244,$25,$41,$66,$-2,$0,$0,$-199,$-201,$109,$-5,$0,$0,$0,$402,$402,$-863,$-466,$40,$367,$406,$63,$63,$-258,$96,$308,$-49,$10,$-258
37,2009-06-30,5.97,$12.20,0.49,$4.77,1.25,$0.23,26.29,$0.89,6.71,$22.84B,$14.35B,1.59,$14.06B,$4.21B,3.34,$1.63B,$0.82B,50.65%,$1.63B,$0.43B,26.40%,$1.63B,0,0.00%,$1.63B,0,0.00%,$1.63B,$0.43B,26.40%,$1.63B,$0.31B,18.77%,$0.31B,$4.21B,7.21%,$0.31B,$1.70B,17.83%,$0.31B,$32.86B,0.94%,$0.43B,$18.27B,2.39%,$384,$184,$200,$0,$114,$304,$80,$0,$80,$24,$56,$56,$56,$0,$0,$344,344,$0.16,$0.16,$163,$0,$0,$22842,$211,$6078,$2513,$1216,$10018,$32860,$14354,$14059,$236,$14295,$28649,$3,$97,$-76,$4211,$32860,$145,$16,$48,$65,$-8,$0,$0,$-221,$-229,$-19,$-3,$0,$0,$0,$204,$204,$-590,$-390,$562,$0,$562,$-1,$-1,$-172,$-20,$369,$-40,$7,$-172
38,2009-03-31,6.1,$12.28,0.5,$4.77,1.28,$-0.27,0.0,$0.26,23.47,$22.37B,$14.09B,1.59,$13.87B,$4.24B,3.27,$1.61B,$0.73B,45.35%,$1.61B,$0.08B,5.09%,$1.61B,0,0.00%,$1.61B,0,0.00%,$1.61B,$0.08B,5.09%,$1.61B,$0.09B,5.83%,$0.09B,$4.24B,2.21%,$0.09B,$1.72B,5.45%,$0.09B,$32.40B,0.29%,$0.08B,$18.10B,0.46%,$422,$193,$229,$0,$90,$289,$133,$0,$133,$45,$89,$89,$89,$0,$0,$343,343,$0.26,$0.26,$167,$0,$0,$22365,$213,$6171,$2518,$1134,$10037,$32403,$14093,$13866,$208,$14074,$28167,$3,$126,$-78,$4236,$32403,$89,$10,$7,$16,$-2,$0,$0,$-181,$-183,$-78,$-1,$0,$0,$0,$145,$145,$-104,$41,$50,$160,$210,$-1,$-1,$-86,$-121,$2,$-36,$3,$-86
39,2008-12-31,6.4,$12.23,0.52,$4.87,1.31,$0.16,39.15,$0.22,29.1,$22.30B,$14.38B,1.55,$13.50B,$4.22B,3.2,$1.62B,$0.69B,42.69%,$1.62B,$0.05B,3.33%,$1.62B,0,0.00%,$1.62B,0,0.00%,$1.62B,$0.05B,3.33%,$1.62B,$0.08B,4.75%,$0.08B,$4.22B,1.82%,$0.08B,$1.70B,4.53%,$0.08B,$32.47B,0.24%,$0.05B,$17.72B,0.31%,$440,$209,$231,$0,$87,$302,$138,$0,$138,$36,$102,$102,$102,$0,$0,$335,335,$0.31,$0.31,$203,$0,$0,$22301,$218,$6302,$2524,$1121,$10166,$32467,$14376,$13497,$375,$13872,$28248,$3,$124,$-87,$4219,$32467,$78,$29,$94,$123,$-0,$0,$0,$45,$44,$245,$-23,$0,$0,$0,$-189,$-189,$-1907,$-2118,$-432,$1013,$581,$352,$352,$-334,$1141,$1741,$-133,$14,$-334
40,2008-09-30,8.83,$12.39,0.71,$4.93,1.79,$0.75,11.75,$0.13,67.91,$21.70B,$14.22B,1.53,$13.45B,$4.26B,3.16,$1.61B,$0.64B,39.95%,$1.61B,$0.01B,0.56%,$1.61B,0,0.00%,$1.61B,0,0.00%,$1.61B,$0.01B,0.56%,$1.61B,$0.04B,2.61%,$0.04B,$4.26B,0.99%,$0.04B,$1.73B,2.49%,$0.04B,$32.14B,0.13%,$0.01B,$17.72B,0.05%,$379,$217,$163,$0,$79,$301,$78,$0,$78,$20,$58,$58,$58,$0,$0,$342,342,$0.17,$0.17,$276,$0,$0,$21696,$210,$6525,$2530,$1179,$10443,$32140,$14216,$13451,$209,$13661,$27876,$3,$107,$-26,$4263,$32140,$-24,$31,$75,$106,$-1,$0,$0,$-119,$-120,$-38,$-10,$0,$0,$0,$-384,$-384,$-1221,$-1615,$-916,$1320,$404,$352,$352,$-248,$1086,$1594,$-59,$10,$-248
41,2008-06-30,9.24,$12.48,0.74,$5.36,1.72,$2.13,4.34,$0.32,28.87,$21.11B,$13.38B,1.58,$13.22B,$4.29B,3.08,$1.71B,$0.72B,41.99%,$1.71B,$0.09B,5.38%,$1.71B,0,0.00%,$1.71B,0,0.00%,$1.71B,$0.09B,5.38%,$1.71B,$0.10B,5.56%,$0.10B,$4.29B,2.28%,$0.10B,$1.75B,5.78%,$0.10B,$31.08B,0.31%,$0.09B,$17.51B,0.54%,$371,$263,$108,$0,$370,$638,$-267,$0,$-267,$-113,$-155,$-155,$-155,$0,$0,$331,331,$-0.47,$-0.47,$280,$0,$0,$21113,$210,$6051,$2536,$1173,$9971,$31084,$13383,$13224,$187,$13412,$26794,$3,$135,$-17,$4289,$31084,$-82,$22,$39,$60,$-2,$0,$0,$-156,$-158,$-180,$-6,$0,$0,$0,$146,$146,$-633,$-493,$-817,$1021,$204,$349,$349,$-162,$226,$617,$-56,$7,$-162
42,2008-03-31,9.31,$12.80,0.73,$5.45,1.71,$3.28,2.84,$0.91,10.23,$20.97B,$13.54B,1.55,$12.99B,$4.16B,3.13,$1.72B,$0.75B,43.53%,$1.72B,$0.41B,24.01%,$1.72B,0,0.00%,$1.72B,0,0.00%,$1.72B,$0.41B,24.01%,$1.72B,$0.29B,16.67%,$0.29B,$4.16B,7.00%,$0.29B,$1.62B,18.06%,$0.29B,$30.91B,0.94%,$0.41B,$17.15B,2.49%,$431,$241,$190,$0,$79,$326,$105,$0,$105,$33,$72,$72,$72,$0,$0,$323,324,$0.22,$0.22,$552,$0,$0,$20970,$212,$6135,$2542,$1051,$9940,$30910,$13536,$12992,$223,$13216,$26752,$3,$370,$-33,$4158,$30910,$72,$13,$6,$19,$-3,$0,$0,$-20,$-23,$68,$-2,$0,$0,$0,$84,$84,$-215,$-134,$-75,$0,$-75,$4,$4,$-81,$436,$283,$217,$3,$-81
43,2007-12-31,8.86,$12.92,0.69,$5.46,1.62,$3.16,2.8,$0.91,9.73,$20.61B,$13.16B,1.57,$12.99B,$4.18B,3.11,$1.68B,$0.73B,43.33%,$1.68B,$0.40B,24.02%,$1.68B,0,0.00%,$1.68B,0,0.00%,$1.68B,$0.40B,24.02%,$1.68B,$0.28B,16.63%,$0.28B,$4.18B,7.03%,$0.28B,$1.63B,18.05%,$0.28B,$30.58B,0.94%,$0.40B,$17.18B,2.50%,$426,$245,$181,$0,$82,$333,$93,$0,$93,$26,$67,$67,$67,$0,$0,$310,310,$0.20,$0.21,$336,$0,$0,$20606,$215,$6167,$2549,$1043,$9974,$30580,$13157,$12994,$246,$13240,$26398,$3,$391,$-21,$4182,$30580,$279,$40,$35,$75,$-4,$0,$0,$-54,$-58,$296,$91,$0,$159,$0,$540,$540,$1226,$2016,$401,$-308,$92,$44,$44,$-310,$-2033,$-2207,$105,$12,$-310
44,2007-09-30,9.46,$12.81,0.74,$5.45,1.74,$2.89,3.27,$0.88,10.75,$20.19B,$13.59B,1.49,$12.20B,$4.03B,3.03,$1.64B,$0.71B,43.18%,$1.64B,$0.40B,24.06%,$1.64B,0,0.00%,$1.64B,0,0.00%,$1.64B,$0.40B,24.06%,$1.64B,$0.27B,16.14%,$0.27B,$4.03B,6.89%,$0.27B,$1.57B,17.71%,$0.27B,$30.04B,0.91%,$0.40B,$16.23B,2.52%,$482,$242,$239,$0,$73,$321,$161,$0,$161,$50,$111,$111,$111,$0,$0,$312,314,$0.36,$0.35,$1280,$0,$0,$20193,$197,$6273,$2462,$914,$9847,$30040,$13590,$12198,$220,$12419,$26008,$3,$404,$-29,$4031,$30040,$212,$29,$29,$58,$-4,$0,$0,$29,$25,$295,$92,$0,$139,$0,$301,$301,$1921,$2454,$-496,$0,$-496,$41,$41,$-230,$-1015,$-1699,$1049,$7,$-230
45,2007-06-30,8.33,$12.62,0.66,$5.22,1.59,$2.38,3.5,$0.73,11.4,$19.91B,$13.80B,1.44,$11.64B,$3.96B,2.94,$1.55B,$0.63B,40.97%,$1.55B,$0.33B,21.10%,$1.55B,0,0.00%,$1.55B,0,0.00%,$1.55B,$0.33B,21.10%,$1.55B,$0.22B,13.98%,$0.22B,$3.96B,5.73%,$0.22B,$1.52B,14.73%,$0.22B,$29.62B,0.75%,$0.33B,$15.60B,2.12%,$377,$240,$137,$0,$79,$325,$53,$0,$53,$17,$36,$36,$36,$0,$0,$311,311,$0.12,$0.12,$1080,$0,$0,$19910,$227,$6078,$2447,$962,$9714,$29624,$13799,$11638,$225,$11863,$25662,$3,$371,$-41,$3961,$29624,$101,$20,$71,$91,$-3,$0,$0,$2,$-1,$191,$-7,$0,$23,$0,$334,$334,$1798,$2148,$-733,$-146,$-878,$26,$26,$-152,$-486,$-1490,$849,$4,$-152
46,2007-03-31,8.48,$12.52,0.68,$5.31,1.6,$2.31,3.67,$0.79,10.74,$19.45B,$12.44B,1.56,$11.64B,$3.71B,3.14,$1.54B,$0.66B,43.01%,$1.54B,$0.35B,22.47%,$1.54B,0,0.00%,$1.54B,0,0.00%,$1.54B,$0.35B,22.47%,$1.54B,$0.23B,14.96%,$0.23B,$3.71B,6.24%,$0.23B,$1.47B,15.98%,$0.23B,$27.98B,0.81%,$0.35B,$15.35B,2.28%,$393,$223,$170,$0,$69,$298,$96,$0,$96,$31,$65,$65,$65,$0,$0,$293,295,$0.22,$0.22,$247,$0,$0,$19449,$195,$5133,$2246,$955,$8529,$27978,$12443,$11635,$188,$11823,$24266,$3,$413,$-60,$3712,$27978,$65,$11,$6,$18,$-1,$0,$0,$-53,$-54,$28,$-3,$0,$0,$0,$209,$209,$366,$573,$-255,$-146,$-401,$15,$15,$-74,$-125,$-585,$16,$2,$-74
47,2006-12-31,7.65,$12.49,0.61,$5.27,1.45,$2.50,3.06,$0.82,9.33,$19.80B,$12.64B,1.57,$11.96B,$3.69B,3.24,$1.50B,$0.65B,43.39%,$1.50B,$0.35B,23.23%,$1.50B,0,0.00%,$1.50B,0,0.00%,$1.50B,$0.35B,23.23%,$1.50B,$0.23B,15.49%,$0.23B,$3.69B,6.43%,$0.23B,$1.44B,16.64%,$0.23B,$28.48B,0.82%,$0.35B,$15.65B,2.32%,$390,$227,$163,$0,$73,$305,$85,$0,$85,$32,$53,$53,$53,$0,$0,$285,286,$0.18,$0.17,$231,$0,$0,$19798,$196,$5330,$2254,$903,$8684,$28482,$12639,$11955,$199,$12153,$24793,$3,$421,$-68,$3690,$28482,$233,$30,$63,$93,$-1,$0,$0,$-34,$-35,$291,$-12,$-1,$-326,$0,$1784,$1784,$-1415,$31,$1242,$-407,$835,$412,$412,$-287,$-1282,$-322,$-1,$12,$-287
