,Date,Stock Price,Book Value per Share,Price to Book Ratio,TTM Sales per Share,Price to Sales Ratio,TTM FCF per Share,Price to FCF Ratio,TTM Net EPS,PE Ratio,Current Assets,Current Liabilities,Current Ratio,Long Term Debt,Shareholder's Equity_x,Debt to Equity Ratio,TTM Revenue_x,TTM Gross Profit,Gross Margin,TTM Revenue_y,TTM Operating Income,Operating Margin,TTM Revenue_x,TTM EBIT,EBIT Margin,TTM Revenue_y,TTM EBITDA,EBITDA Margin,TTM Revenue_x,TTM Pre-Tax Income,Pre-Tax Margin,TTM Revenue_y,TTM Net Income_x,Net Margin,TTM Net Income_y,Shareholder's Equity_y,Return on Equity,TTM Net Income_x,Tangible Equity,Return on Tangible Equity,TTM Net Income_y,Total Assets,Return on Assets,TTM Net Income,LT Investments & Debt,Return on Investment,revenue,cost-goods-sold,gross-profit,research-development-expenses,selling-general-administrative-expenses,operating-expenses,operating-income,total-non-operating-income-expense,pre-tax-income,total-provision-income-taxes,income-after-taxes,income-from-continuous-operations,net-income,ebitda,ebit,basic-shares-outstanding,shares-outstanding,eps-basic-net-earnings-per-share,eps-earnings-per-share-diluted,cash-on-hand,inventory,other-current-assets,total-current-assets,net-property-plant-equipment,long-term-investments,goodwill-intangible-assets-total,other-long-term-assets,total-long-term-assets,total-assets,total-current-liabilities,long-term-debt,other-non-current-liabilities,total-long-term-liabilities,total-liabilities,common-stock-net,retained-earnings-accumulated-deficit,comprehensive-income,total-share-holder-equity,total-liabilities-share-holders-equity,net-income-loss,total-depreciation-amortization-cash-flow,other-non-cash-items,total-non-cash-items,change-in-accounts-receivable,change-in-inventories,change-in-accounts-payable,change-in-assets-liabilities,total-change-in-assets-liabilities,cash-flow-from-operating-activities,net-change-in-property-plant-equipment,net-change-in-intangible-assets,net-acquisitions-divestitures,net-change-in-short-term-investments,net-change-in-long-term-investments,net-change-in-investments-total,investing-activities-other,cash-flow-from-investing-activities,net-long-term-debt,net-current-debt,debt-issuance-retirement-net-total,net-common-equity-issued-repurchased,net-total-equity-issued-repurchased,total-common-preferred-stock-dividends-paid,financial-activities-other,cash-flow-from-financial-activities,net-cash-flow,stock-based-compensation,common-stock-dividends-paid
0,2018-09-30,9.3,$5.65,1.65,$4.86,1.91,$-24.29,0.0,$-2.17,0.0,$0.04B,$0.10B,0.38,$0.54B,$0.19B,2.91,$0.16B,$0.03B,15.82%,$0.16B,$-0.07B,-43.67%,$0.16B,$-0.07B,-43.67%,$0.16B,$-0.04B,-27.22%,$0.16B,$-0.10B,-65.82%,$0.16B,$-0.10B,-65.82%,$-0.10B,$0.19B,-44.83%,$-0.10B,$0.14B,-56.91%,$-0.10B,$0.83B,-12.75%,$-0.07B,$0.72B,-9.69%,$60,$48,$12,$0,$20,$78,$-18,$-16,$-34,$0,$-34,$-34,$-34,$-7,$-18,$33,33,$-1.03,$-1.03,$19,$2,$0,$38,$660,$0,$47,$67,$794,$831,$100,$539,$8,$546,$646,$0,$-393,$-0,$185,$831,$-92,$28,$2,$30,$-10,$-2,$8,$-2,$20,$-42,$-150,$0,$0,$0,$0,$0,$129,$-20,$79,$15,$94,$0,$0,$-0,$-2,$93,$30,$2,$0
1,2018-06-30,19.8,$6.65,2.98,$3.63,5.46,$-25.74,0.0,$-2.52,0.0,$0.03B,$0.09B,0.32,$0.46B,$0.22B,2.13,$0.12B,$0.02B,13.68%,$0.12B,$-0.06B,-49.57%,$0.12B,$-0.06B,-49.57%,$0.12B,$-0.04B,-35.04%,$0.12B,$-0.08B,-69.23%,$0.12B,$-0.08B,-69.23%,$-0.08B,$0.22B,-32.73%,$-0.08B,$0.17B,-41.06%,$-0.08B,$0.78B,-10.03%,$-0.06B,$0.68B,-8.21%,$49,$45,$4,$1,$17,$72,$-22,$-15,$-37,$0,$-37,$-37,$-37,$-12,$-22,$33,33,$-1.14,$-1.14,$18,$2,$0,$30,$661,$0,$48,$33,$752,$782,$94,$463,$8,$470,$564,$0,$-359,$-0,$218,$782,$-58,$17,$1,$18,$-3,$-2,$7,$-2,$12,$-28,$-124,$0,$0,$0,$87,$87,$35,$-1,$3,$15,$18,$0,$0,$-0,$-2,$16,$-13,$1,$0
2,2018-03-31,17.25,$7.81,2.21,$2.68,6.44,$-25.45,0.0,$-1.77,0.0,$0.04B,$0.09B,0.42,$0.46B,$0.25B,1.82,$0.09B,$0.02B,17.65%,$0.09B,$-0.04B,-50.59%,$0.09B,$-0.04B,-50.59%,$0.09B,$-0.03B,-40.00%,$0.09B,$-0.06B,-65.88%,$0.09B,$-0.06B,-65.88%,$-0.06B,$0.25B,-21.77%,$-0.06B,$0.20B,-27.12%,$-0.06B,$0.82B,-6.91%,$-0.04B,$0.72B,-6.01%,$34,$28,$6,$11,$8,$52,$-19,$-2,$-21,$0,$-21,$-21,$-21,$-13,$-19,$33,33,$-0.64,$-0.64,$31,$1,$0,$39,$652,$0,$50,$71,$779,$819,$93,$463,$8,$471,$564,$0,$-322,$-0,$254,$819,$-21,$6,$1,$7,$-1,$0,$10,$-3,$16,$2,$-97,$0,$0,$0,$0,$0,$96,$-1,$-0,$13,$13,$0,$0,$-0,$-2,$11,$12,$1,$0
3,2017-12-31,27.0,$8.33,3.24,$2.12,12.71,$-24.27,0.0,$-1.50,0.0,$0.02B,$0.10B,0.17,$0.46B,$0.27B,1.68,$0.07B,$0.01B,18.18%,$0.07B,$-0.03B,-45.45%,$0.07B,$-0.03B,-45.45%,$0.07B,$-0.03B,-39.39%,$0.07B,$-0.05B,-69.70%,$0.07B,$-0.05B,-69.70%,$-0.05B,$0.27B,-17.62%,$-0.05B,$0.22B,-21.90%,$-0.05B,$0.83B,-5.79%,$-0.03B,$0.73B,-4.24%,$15,$13,$3,$8,$4,$25,$-10,$-2,$-12,$0,$-12,$-12,$-12,$-11,$-10,$31,31,$-0.39,$-0.39,$11,$0,$0,$16,$27,$0,$51,$172,$816,$832,$96,$455,$9,$465,$561,$0,$-301,$-0,$271,$832,$-46,$4,$7,$10,$-0,$0,$0,$1,$2,$-34,$-302,$0,$0,$0,$0,$0,$-130,$-432,$498,$0,$498,$0,$0,$-0,$-32,$466,$-1,$3,$0
4,2017-09-30,22.35,$7.92,2.82,$2.18,10.27,$-19.52,0.0,$-1.30,0.0,$0.01B,$0.08B,0.14,$0.46B,$0.25B,1.85,$0.07B,$0.01B,16.67%,$0.07B,$-0.03B,-39.39%,$0.07B,$-0.03B,-39.39%,$0.07B,$-0.02B,-31.82%,$0.07B,$-0.04B,-62.12%,$0.07B,$-0.04B,-62.12%,$-0.04B,$0.25B,-15.57%,$-0.04B,$0.20B,-19.32%,$-0.04B,$0.80B,-6.11%,$-0.03B,$0.70B,-4.36%,$19,$15,$3,$5,$5,$26,$-7,$-4,$-11,$0,$-11,$-11,$-11,$-5,$-7,$31,31,$-0.35,$-0.35,$7,$0,$0,$12,$27,$0,$51,$270,$786,$797,$84,$457,$9,$466,$550,$0,$-289,$-0,$247,$797,$-34,$5,$5,$10,$-0,$-0,$-0,$1,$0,$-24,$-203,$0,$0,$0,$0,$0,$-210,$-413,$474,$0,$474,$0,$0,$-0,$-23,$451,$14,$2,$0
5,2017-06-30,23.9,$8.26,2.89,$2.17,11.0,$-16.06,0.0,$-1.13,0.0,$0.01B,$0.07B,0.16,$0.46B,$0.26B,1.77,$0.07B,$0.01B,18.18%,$0.07B,$-0.02B,-36.36%,$0.07B,$-0.02B,-36.36%,$0.07B,$-0.02B,-31.82%,$0.07B,$-0.04B,-53.03%,$0.07B,$-0.04B,-53.03%,$-0.04B,$0.26B,-12.82%,$-0.04B,$0.21B,-15.77%,$-0.04B,$0.79B,-6.28%,$-0.02B,$0.71B,-4.88%,$17,$14,$3,$4,$5,$24,$-7,$-5,$-12,$0,$-12,$-12,$-12,$-5,$-7,$31,31,$-0.39,$-0.39,$7,$0,$0,$12,$27,$0,$51,$363,$781,$792,$71,$455,$9,$464,$535,$0,$-278,$-0,$257,$792,$-23,$3,$3,$7,$0,$-0,$1,$1,$1,$-16,$-119,$0,$0,$0,$-276,$-276,$-20,$-415,$442,$0,$442,$0,$0,$-0,$9,$451,$21,$1,$0
6,2017-03-31,24.25,$8.63,2.81,$2.18,11.13,$-14.04,0.0,$-0.97,0.0,$0.01B,$0.06B,0.24,$0.42B,$0.27B,1.56,$0.07B,$0.01B,19.70%,$0.07B,$-0.02B,-36.36%,$0.07B,$-0.02B,-36.36%,$0.07B,$-0.02B,-34.85%,$0.07B,$-0.03B,-45.45%,$0.07B,$-0.03B,-45.45%,$-0.03B,$0.27B,-10.67%,$-0.03B,$0.22B,-13.03%,$-0.03B,$0.76B,-6.75%,$-0.02B,$0.69B,-6.21%,$15,$12,$3,$4,$4,$21,$-6,$-5,$-11,$0,$-11,$-11,$-11,$-5,$-6,$31,31,$-0.37,$-0.37,$9,$0,$0,$14,$27,$0,$51,$409,$742,$755,$57,$420,$9,$429,$486,$0,$-266,$-0,$269,$755,$-11,$2,$1,$3,$0,$0,$1,$0,$4,$-5,$-50,$0,$0,$0,$0,$0,$-386,$-435,$439,$0,$439,$0,$0,$-0,$-21,$418,$-22,$1,$0
7,2016-12-31,22.75,$8.97,2.54,$2.51,9.07,$-13.66,0.0,$-0.86,0.0,$0.02B,$0.05B,0.34,$0.00B,$0.28B,0.0,$0.07B,$0.01B,19.40%,$0.07B,$-0.02B,-34.33%,$0.07B,$-0.02B,-34.33%,$0.07B,$-0.02B,-32.84%,$0.07B,$-0.02B,-35.82%,$0.07B,$-0.02B,-35.82%,$-0.02B,$0.28B,-8.33%,$-0.02B,$0.23B,-10.12%,$-0.02B,$0.34B,-7.07%,$-0.02B,$0.28B,-7.98%,$15,$13,$2,$4,$5,$22,$-6,$-0,$-7,$0,$-7,$-7,$-7,$-6,$-6,$28,28,$-0.19,$-0.19,$12,$0,$0,$17,$26,$0,$51,$43,$322,$340,$52,$0,$9,$9,$60,$0,$-255,$0,$280,$340,$-24,$1,$3,$4,$0,$0,$1,$1,$7,$-13,$-159,$-51,$0,$0,$0,$0,$-26,$-236,$0,$0,$0,$286,$255,$-0,$-1,$254,$5,$3,$0
8,2016-09-30,20.24,$9.18,2.21,$3.48,5.82,$-10.93,0.0,$-3.55,0.0,$0.02B,$0.05B,0.32,$0.00B,$0.29B,0.0,$0.07B,$0.01B,20.59%,$0.07B,$-0.03B,-41.18%,$0.07B,$-0.03B,-41.18%,$0.07B,$-0.03B,-39.71%,$0.07B,$-0.03B,-42.65%,$0.07B,$-0.03B,-42.65%,$-0.03B,$0.29B,-13.30%,$-0.03B,$0.24B,-16.13%,$-0.03B,$0.34B,-10.72%,$-0.03B,$0.29B,-12.60%,$19,$14,$4,$3,$6,$24,$-5,$0,$-5,$0,$-5,$-5,$-5,$-5,$-5,$31,31,$-0.18,$-0.18,$10,$0,$0,$16,$26,$0,$51,$97,$325,$341,$50,$0,$5,$5,$56,$0,$-248,$0,$286,$341,$-18,$1,$2,$3,$0,$0,$1,$0,$-5,$-20,$-100,$-51,$0,$0,$0,$0,$-82,$-233,$0,$0,$0,$286,$255,$-0,$-0,$255,$3,$2,$0
9,2016-06-30,15.8,$9.33,1.69,$4.67,3.38,$-8.71,0.0,$-4.77,0.0,$0.02B,$0.05B,0.38,$0.00B,$0.29B,0.0,$0.07B,$0.01B,20.29%,$0.07B,$-0.04B,-50.72%,$0.07B,$-0.04B,-50.72%,$0.07B,$-0.03B,-49.28%,$0.07B,$-0.04B,-53.62%,$0.07B,$-0.04B,-53.62%,$-0.04B,$0.29B,-24.83%,$-0.04B,$0.24B,-29.96%,$-0.04B,$0.34B,-18.18%,$-0.04B,$0.29B,-22.84%,$17,$14,$4,$3,$7,$24,$-7,$0,$-7,$0,$-7,$-7,$-7,$-7,$-7,$31,31,$-0.23,$-0.23,$13,$0,$0,$18,$25,$0,$51,$142,$323,$341,$48,$0,$3,$3,$51,$0,$-243,$0,$290,$341,$-12,$1,$1,$2,$0,$0,$1,$1,$-5,$-15,$-57,$-51,$0,$0,$0,$0,$-127,$-234,$0,$0,$0,$286,$255,$-0,$0,$255,$5,$1,$0
10,2016-03-31,13.65,$9.57,1.43,$5.76,2.37,$-7.27,0.0,$-5.34,0.0,$0.02B,$0.04B,0.58,$0.00B,$0.30B,0.0,$0.07B,$0.01B,20.00%,$0.07B,$-0.04B,-50.00%,$0.07B,$-0.04B,-50.00%,$0.07B,$-0.03B,-48.57%,$0.07B,$-0.04B,-54.29%,$0.07B,$-0.04B,-54.29%,$-0.04B,$0.30B,-46.06%,$-0.04B,$0.25B,-54.48%,$-0.04B,$0.34B,-27.39%,$-0.04B,$0.30B,-40.35%,$16,$13,$3,$3,$4,$21,$-5,$-0,$-5,$0,$-5,$-5,$-5,$-4,$-5,$20,20,$-0.26,$-0.26,$14,$0,$0,$21,$25,$0,$51,$186,$314,$335,$36,$0,$2,$2,$38,$0,$-235,$0,$297,$335,$-5,$0,$1,$1,$0,$0,$1,$-1,$-8,$-12,$-15,$-51,$0,$0,$0,$0,$-170,$-236,$0,$0,$0,$286,$255,$-0,$0,$255,$6,$1,$0
11,2015-12-31,18.0,$-0.15,-117.96,$6.35,2.84,$-6.35,0.0,$-5.53,0.0,$0.01B,$0.02B,0.67,$0.02B,$-0.00B,-11.94,$0.07B,$0.01B,18.84%,$0.07B,$-0.03B,-47.83%,$0.07B,$-0.03B,-47.83%,$0.07B,$-0.03B,-47.83%,$0.07B,$-0.04B,-53.62%,$0.07B,$-0.04B,-53.62%,$-0.04B,$-0.00B,-238.71%,$-0.04B,$-0.00B,-238.71%,$-0.04B,$0.07B,-48.68%,$-0.03B,$0.02B,-167.09%,$16,$13,$3,$10,$4,$27,$-11,$-1,$-12,$0,$-12,$-12,$-12,$-11,$-11,$11,11,$-1.11,$-1.11,$8,$0,$0,$14,$26,$0,$0,$15,$52,$65,$20,$17,$0,$46,$67,$0,$-230,$0,$-1,$65,$-37,$1,$2,$3,$-0,$0,$-1,$-0,$2,$-31,$-5,$0,$0,$0,$0,$0,$-15,$-20,$0,$0,$0,$52,$52,$0,$0,$52,$-0,$1,$0
12,2015-09-30,21.05,$1.05,20.03,$6.52,3.23,$-4.82,0.0,$-3.05,0.0,$0.01B,$0.04B,0.39,$0.00B,$0.01B,0.0,$0.07B,$0.01B,18.84%,$0.07B,$-0.03B,-36.23%,$0.07B,$-0.03B,-36.23%,$0.07B,$-0.02B,-34.78%,$0.07B,$-0.03B,-40.58%,$0.07B,$-0.03B,-40.58%,$-0.03B,$0.01B,-243.48%,$-0.03B,$0.01B,-243.48%,$-0.03B,$0.07B,-40.14%,$-0.03B,$0.01B,-158.73%,$20,$15,$4,$13,$3,$32,$-12,$-1,$-13,$0,$-13,$-13,$-13,$-12,$-12,$11,11,$-1.21,$-1.21,$7,$0,$0,$13,$26,$0,$0,$0,$60,$73,$35,$0,$0,$29,$63,$0,$-218,$0,$10,$73,$-25,$1,$1,$2,$0,$0,$-0,$-0,$5,$-17,$-1,$0,$0,$0,$0,$0,$-34,$-35,$0,$0,$0,$52,$52,$0,$0,$52,$-0,$0,$0
13,2015-06-30,25.45,$2.50,10.18,$7.11,3.58,$-4.94,0.0,$-2.25,0.0,$0.01B,$0.03B,0.44,$0.00B,$0.02B,0.0,$0.07B,$0.01B,19.12%,$0.07B,$-0.02B,-22.06%,$0.07B,$-0.02B,-22.06%,$0.07B,$-0.01B,-20.59%,$0.07B,$-0.02B,-29.41%,$0.07B,$-0.02B,-29.41%,$-0.02B,$0.02B,-363.64%,$-0.02B,$0.02B,-363.64%,$-0.02B,$0.08B,-32.26%,$-0.02B,$0.02B,-153.85%,$18,$14,$4,$7,$3,$25,$-7,$-1,$-8,$0,$-8,$-8,$-8,$-7,$-7,$11,11,$-0.71,$-0.71,$8,$0,$0,$13,$26,$0,$0,$42,$69,$82,$30,$0,$0,$28,$58,$0,$-205,$0,$24,$82,$-12,$1,$1,$2,$-0,$0,$0,$0,$1,$-9,$-0,$0,$0,$0,$0,$0,$-42,$-43,$0,$0,$0,$52,$52,$0,$0,$52,$-0,$0,$0
14,2015-03-31,23.0,$3.06,7.51,$7.57,3.04,$-5.13,0.0,$-2.80,0.0,$0.01B,$0.03B,0.43,$0.00B,$0.03B,0.0,$0.07B,$0.01B,16.67%,$0.07B,$-0.02B,-22.73%,$0.07B,$-0.02B,-22.73%,$0.07B,$-0.01B,-21.21%,$0.07B,$-0.02B,-33.33%,$0.07B,$-0.02B,-33.33%,$-0.02B,$0.03B,733.33%,$-0.02B,$0.03B,733.33%,$-0.02B,$0.08B,-41.51%,$-0.02B,$0.03B,-1200.00%,$15,$12,$2,$2,$3,$18,$-3,$-1,$-4,$0,$-4,$-4,$-4,$-3,$-3,$10,10,$-0.39,$-0.39,$6,$0,$0,$11,$26,$0,$0,$47,$73,$84,$26,$0,$0,$30,$56,$0,$-198,$0,$29,$84,$-4,$0,$1,$1,$-0,$0,$0,$0,$-1,$-5,$-0,$0,$0,$0,$0,$0,$-47,$-47,$0,$0,$0,$50,$50,$0,$0,$50,$-2,$0,$0
15,2014-12-31,38.8,$-2.16,-17.93,$8.17,4.75,$-5.00,0.0,$-3.10,0.0,$0.01B,$0.01B,1.31,$0.02B,$-0.02B,-1.02,$0.07B,$0.01B,16.67%,$0.07B,$-0.01B,-21.21%,$0.07B,$-0.01B,-21.21%,$0.07B,$-0.01B,-19.70%,$0.07B,$-0.02B,-34.85%,$0.07B,$-0.02B,-34.85%,$-0.02B,$-0.02B,167.27%,$-0.02B,$-0.02B,167.27%,$-0.02B,$0.04B,-55.09%,$-0.01B,$0.00B,147.37%,$16,$13,$3,$1,$4,$18,$-3,$-1,$-3,$0,$-3,$-3,$-3,$-2,$-3,$9,9,$0.10,$0.10,$8,$0,$0,$13,$26,$0,$0,$0,$26,$40,$10,$17,$0,$47,$57,$0,$-193,$0,$-17,$40,$-24,$1,$8,$10,$0,$0,$-0,$-2,$-1,$-15,$-2,$0,$0,$0,$0,$0,$-0,$-2,$0,$0,$0,$16,$16,$0,$0,$16,$-1,$1,$0
16,2014-09-30,33.55,$-1.81,-18.51,$8.32,4.03,$-3.80,0.0,$-5.35,0.0,$0.02B,$0.03B,0.63,$0.00B,$-0.01B,0.0,$0.07B,$0.01B,15.15%,$0.07B,$-0.03B,-45.45%,$0.07B,$-0.03B,-45.45%,$0.07B,$-0.03B,-45.45%,$0.07B,$-0.04B,-59.09%,$0.07B,$-0.04B,-59.09%,$-0.04B,$-0.01B,325.00%,$-0.04B,$-0.01B,325.00%,$-0.04B,$0.04B,-93.98%,$-0.03B,$-0.01B,400.00%,$19,$15,$4,$3,$3,$21,$-2,$-3,$-5,$0,$-5,$-5,$-5,$-2,$-2,$8,8,$-0.60,$-0.60,$11,$0,$0,$17,$26,$0,$0,$0,$26,$42,$26,$0,$0,$30,$57,$0,$-190,$0,$-14,$42,$-20,$1,$8,$9,$0,$0,$-1,$-2,$-2,$-13,$-1,$0,$0,$0,$0,$0,$0,$-1,$2,$0,$2,$13,$13,$0,$0,$16,$2,$0,$0
17,2014-06-30,35.8,$-1.21,-29.63,$8.65,4.14,$-2.73,0.0,$-4.85,0.0,$0.02B,$0.03B,0.74,$0.00B,$-0.01B,0.0,$0.07B,$0.01B,14.93%,$0.07B,$-0.03B,-41.79%,$0.07B,$-0.03B,-41.79%,$0.07B,$-0.03B,-41.79%,$0.07B,$-0.04B,-52.24%,$0.07B,$-0.04B,-52.24%,$-0.04B,$-0.01B,538.46%,$-0.04B,$-0.01B,538.46%,$-0.04B,$0.05B,-75.68%,$-0.03B,$-0.01B,-1120.00%,$16,$14,$2,$6,$3,$24,$-7,$-3,$-10,$0,$-10,$-10,$-10,$-7,$-7,$8,8,$-1.35,$-1.35,$17,$0,$0,$20,$26,$0,$0,$0,$26,$46,$28,$0,$0,$28,$56,$0,$-185,$0,$-10,$46,$-16,$1,$6,$6,$1,$0,$0,$-1,$1,$-8,$-0,$0,$0,$0,$0,$0,$-0,$-0,$0,$0,$0,$16,$16,$0,$0,$16,$7,$0,$0
18,2014-03-31,35.3,$-1.89,-18.65,$9.42,3.75,$-2.29,0.0,$-4.45,0.0,$0.01B,$0.03B,0.47,$0.00B,$-0.01B,0.0,$0.07B,$0.01B,17.14%,$0.07B,$-0.02B,-31.43%,$0.07B,$-0.02B,-31.43%,$0.07B,$-0.02B,-30.00%,$0.07B,$-0.03B,-37.14%,$0.07B,$-0.03B,-44.29%,$-0.03B,$-0.01B,1771.43%,$-0.03B,$-0.01B,1771.43%,$-0.03B,$0.04B,-62.31%,$-0.02B,$-0.01B,-191.30%,$15,$12,$2,$2,$3,$17,$-2,$-3,$-5,$0,$-5,$-5,$-5,$-2,$-2,$7,7,$-0.75,$-0.75,$7,$0,$0,$13,$26,$0,$0,$0,$26,$39,$27,$0,$0,$25,$53,$0,$-175,$0,$-14,$39,$-5,$0,$3,$3,$-1,$0,$1,$-1,$-0,$-2,$-0,$0,$0,$0,$0,$0,$-0,$-0,$0,$0,$0,$1,$1,$0,$0,$1,$-1,$0,$0
19,2013-12-31,24.2,$-1.34,-18.07,$10.22,2.37,$-2.53,0.0,$-3.85,0.0,$0.01B,$0.01B,1.49,$0.02B,$-0.01B,-1.78,$0.07B,$0.01B,18.06%,$0.07B,$-0.02B,-27.78%,$0.07B,$-0.02B,-27.78%,$0.07B,$-0.02B,-26.39%,$0.07B,$-0.02B,-29.17%,$0.07B,$-0.03B,-37.50%,$-0.03B,$-0.01B,-348.39%,$-0.03B,$-0.01B,-348.39%,$-0.03B,$0.04B,-50.70%,$-0.02B,$0.01B,-78.43%,$16,$14,$2,$17,$3,$34,$-19,$-0,$-19,$0,$-19,$-19,$-19,$-19,$-19,$9,9,$-1.98,$-1.98,$9,$0,$0,$13,$26,$0,$0,$0,$26,$39,$9,$17,$0,$40,$49,$0,$-169,$0,$-10,$39,$-22,$1,$16,$18,$-0,$0,$-0,$0,$-1,$-4,$-1,$0,$0,$0,$0,$0,$-6,$-7,$0,$0,$0,$12,$9,$0,$0,$9,$-2,$0,$0
20,2013-09-30,18.6,$1.15,16.23,$11.09,1.68,$-1.48,0.0,$-1.55,0.0,$0.02B,$0.01B,1.52,$0.02B,$0.01B,2.1,$0.07B,$0.01B,19.44%,$0.07B,$-0.00B,-2.78%,$0.07B,$-0.00B,-2.78%,$0.07B,$-0.00B,-1.39%,$0.07B,$-0.00B,-5.56%,$0.07B,$-0.01B,-13.89%,$-0.01B,$0.01B,-60.61%,$-0.01B,$0.01B,-60.61%,$-0.01B,$0.06B,-17.70%,$-0.00B,$0.03B,-5.88%,$20,$16,$4,$1,$3,$20,$-0,$-0,$-1,$0,$-1,$-1,$-1,$-0,$-0,$7,7,$-0.10,$-0.10,$12,$0,$0,$19,$26,$0,$0,$0,$42,$61,$12,$17,$0,$40,$52,$0,$-150,$0,$8,$61,$-2,$1,$0,$1,$-0,$0,$0,$-3,$-3,$-4,$-1,$0,$0,$0,$0,$0,$-3,$-4,$0,$0,$0,$11,$10,$0,$0,$10,$1,$0,$0
21,2013-06-30,14.6,$1.24,11.78,$11.62,1.26,$-0.92,0.0,$-1.40,0.0,$0.02B,$0.01B,1.64,$0.02B,$0.01B,1.94,$0.07B,$0.01B,19.44%,$0.07B,$-0.00B,-1.39%,$0.07B,$-0.00B,-1.39%,$0.07B,0,0.00%,$0.07B,$-0.00B,-2.78%,$0.07B,$-0.01B,-12.50%,$-0.01B,$0.01B,-42.86%,$-0.01B,$0.01B,-42.86%,$-0.01B,$0.06B,-16.59%,$-0.00B,$0.03B,-2.60%,$19,$15,$4,$0,$4,$20,$-1,$-0,$-1,$0,$-1,$-1,$-6,$-0,$-1,$7,7,$-0.95,$-0.95,$13,$0,$0,$18,$26,$0,$0,$0,$42,$60,$11,$17,$0,$40,$52,$0,$-149,$0,$9,$60,$-2,$1,$0,$1,$-1,$0,$0,$-1,$-3,$-4,$-0,$0,$0,$0,$0,$0,$-3,$-3,$0,$0,$0,$11,$10,$0,$0,$10,$2,$0,$0
22,2013-03-31,9.6,$4.05,2.37,$11.89,0.81,$-0.30,0.0,$-0.45,0.0,$0.01B,$0.01B,1.05,$0.02B,$0.02B,0.99,$0.07B,$0.01B,19.44%,$0.07B,0,0.00%,$0.07B,0,0.00%,$0.07B,$0.00B,1.39%,$0.07B,$-0.00B,-1.39%,$0.07B,$-0.00B,-4.17%,$-0.00B,$0.02B,-11.88%,$-0.00B,$0.02B,-11.88%,$-0.00B,$0.05B,-5.71%,$0.00B,$0.04B,0.00%,$17,$14,$3,$0,$3,$17,$-0,$-0,$-0,$0,$-0,$-0,$-1,$0,$-0,$6,6,$-0.15,$-0.15,$7,$0,$0,$11,$27,$0,$0,$0,$41,$53,$11,$17,$0,$17,$28,$0,$-129,$0,$24,$53,$-0,$0,$0,$0,$-0,$0,$1,$-0,$-3,$-3,$-0,$0,$0,$0,$0,$0,$-0,$-1,$0,$0,$0,$0,$0,$0,$0,$0,$-4,$0,$0
23,2012-12-31,11.0,$4.13,2.67,$11.97,0.92,$0.03,325.44,$-0.30,0.0,$0.01B,$0.01B,1.39,$0.02B,$0.02B,0.97,$0.07B,$0.02B,20.83%,$0.07B,$0.00B,1.39%,$0.07B,$0.00B,1.39%,$0.07B,$0.00B,2.78%,$0.07B,$-0.00B,-1.39%,$0.07B,$-0.00B,-2.78%,$-0.00B,$0.03B,-7.84%,$-0.00B,$0.03B,-7.84%,$-0.00B,$0.05B,-3.86%,$0.00B,$0.04B,2.33%,$16,$13,$3,$0,$4,$18,$-1,$-0,$-2,$0,$-2,$-2,$-2,$-1,$-1,$6,6,$-0.41,$-0.41,$10,$0,$0,$14,$27,$0,$0,$0,$38,$52,$10,$17,$0,$17,$28,$0,$-128,$0,$25,$52,$-1,$1,$1,$2,$0,$0,$1,$1,$2,$3,$-1,$0,$0,$0,$0,$0,$-8,$-9,$0,$0,$0,$0,$0,$0,$0,$0,$-6,$1,$0
24,2012-09-30,8.3,$4.41,1.88,$12.33,0.67,$0.09,94.02,$-0.25,0.0,$0.02B,$0.01B,2.23,$0.02B,$0.02B,0.89,$0.07B,$0.02B,20.55%,$0.07B,$0.00B,1.37%,$0.07B,$0.00B,1.37%,$0.07B,$0.00B,4.11%,$0.07B,0,0.00%,$0.07B,$-0.00B,-1.37%,$-0.00B,$0.03B,-3.92%,$-0.00B,$0.03B,-3.92%,$-0.00B,$0.05B,-1.95%,$0.00B,$0.04B,2.33%,$20,$15,$4,$0,$3,$19,$1,$-0,$1,$0,$1,$1,$0,$1,$1,$6,6,$0.05,$0.05,$12,$0,$0,$18,$27,$0,$0,$1,$34,$52,$8,$17,$0,$17,$25,$0,$-126,$0,$26,$52,$1,$1,$1,$2,$-0,$0,$-0,$-2,$-3,$-1,$-0,$0,$0,$0,$0,$0,$-4,$-4,$0,$0,$0,$0,$0,$0,$0,$0,$-5,$1,$0
25,2012-06-30,9.39,$4.29,2.19,$12.43,0.76,$0.62,15.23,$-0.30,0.0,$0.02B,$0.01B,2.0,$0.02B,$0.02B,0.92,$0.07B,$0.02B,21.92%,$0.07B,$0.00B,1.37%,$0.07B,$0.00B,1.37%,$0.07B,$0.00B,4.11%,$0.07B,0,0.00%,$0.07B,$-0.00B,-1.37%,$-0.00B,$0.03B,-3.92%,$-0.00B,$0.03B,-3.92%,$-0.00B,$0.05B,-1.96%,$0.00B,$0.04B,2.34%,$19,$15,$4,$0,$4,$18,$0,$-0,$0,$0,$0,$0,$-0,$1,$0,$6,6,$-0.03,$-0.03,$14,$0,$0,$19,$27,$0,$0,$1,$33,$53,$10,$17,$0,$17,$27,$0,$-127,$0,$26,$53,$1,$1,$0,$1,$-0,$0,$0,$-1,$-2,$0,$-0,$0,$0,$0,$0,$0,$-3,$-3,$0,$0,$0,$0,$0,$0,$0,$0,$-3,$0,$0
26,2012-03-31,11.3,$4.22,2.68,$11.71,0.96,$0.76,14.87,$-0.30,0.0,$0.02B,$0.01B,2.69,$0.02B,$0.02B,0.94,$0.07B,$0.02B,21.92%,$0.07B,$0.00B,2.74%,$0.07B,$0.00B,2.74%,$0.07B,$0.00B,4.11%,$0.07B,$0.00B,1.37%,$0.07B,$-0.00B,-1.37%,$-0.00B,$0.03B,-3.96%,$-0.00B,$0.03B,-3.96%,$-0.00B,$0.05B,-2.00%,$0.00B,$0.04B,4.71%,$17,$14,$4,$0,$3,$17,$1,$-0,$0,$0,$0,$0,$-0,$1,$1,$6,6,$-0.02,$-0.02,$14,$0,$0,$21,$27,$0,$0,$0,$30,$50,$8,$17,$0,$17,$25,$0,$-127,$0,$25,$50,$0,$0,$0,$1,$-0,$0,$0,$-1,$-2,$-1,$-0,$0,$0,$0,$0,$0,$-1,$-1,$0,$0,$0,$0,$0,$0,$0,$0,$-2,$0,$0
27,2011-12-31,7.5,$4.16,1.8,$12.04,0.62,$0.63,11.99,$-0.45,0.0,$0.02B,$0.01B,2.68,$0.02B,$0.02B,0.97,$0.07B,$0.02B,21.13%,$0.07B,$0.00B,1.41%,$0.07B,$0.00B,1.41%,$0.07B,$0.00B,2.82%,$0.07B,0,0.00%,$0.07B,$-0.00B,-2.82%,$-0.00B,$0.03B,-9.76%,$-0.00B,$0.03B,-9.76%,$-0.00B,$0.05B,-4.04%,$0.00B,$0.04B,3.01%,$17,$13,$3,$0,$4,$17,$-1,$-0,$-1,$0,$-1,$-1,$-1,$-0,$-1,$5,5,$-0.25,$-0.25,$16,$0,$0,$20,$27,$0,$0,$1,$30,$50,$8,$17,$0,$17,$25,$0,$-127,$0,$25,$50,$-0,$1,$1,$3,$-0,$0,$0,$1,$1,$3,$-1,$0,$0,$0,$0,$0,$-1,$-1,$0,$0,$0,$0,$0,$0,$-0,$-0,$2,$1,$0
28,2011-09-30,11.85,$4.30,2.76,$12.46,0.95,$-0.92,0.0,$-1.50,0.0,$0.02B,$0.01B,2.94,$0.02B,$0.02B,0.93,$0.07B,$0.02B,21.43%,$0.07B,$0.00B,1.43%,$0.07B,$0.00B,1.43%,$0.07B,$0.00B,1.43%,$0.07B,$-0.01B,-7.14%,$0.07B,$-0.01B,-10.00%,$-0.01B,$0.03B,-44.44%,$-0.01B,$0.03B,-44.44%,$-0.01B,$0.05B,-14.29%,$0.00B,$0.04B,4.12%,$20,$15,$5,$0,$3,$19,$1,$-0,$1,$0,$1,$1,$0,$1,$1,$6,6,$0.10,$0.10,$18,$0,$0,$22,$28,$0,$0,$1,$29,$51,$7,$17,$0,$17,$25,$1,$-126,$0,$26,$51,$1,$1,$1,$2,$0,$0,$-0,$-0,$0,$3,$-1,$0,$0,$0,$0,$0,$0,$-1,$0,$0,$0,$0,$0,$0,$-0,$-0,$2,$1,$0
29,2011-06-30,14.14,$4.10,3.44,$13.31,1.06,$-2.30,0.0,$-1.80,0.0,$0.02B,$0.01B,2.98,$0.02B,$0.02B,0.99,$0.07B,$0.02B,21.74%,$0.07B,$0.00B,1.45%,$0.07B,$0.00B,1.45%,$0.07B,$0.00B,2.90%,$0.07B,$-0.01B,-10.14%,$0.07B,$-0.01B,-11.59%,$-0.01B,$0.03B,-65.31%,$-0.01B,$0.03B,-65.31%,$-0.01B,$0.05B,-14.55%,$0.00B,$0.04B,6.06%,$19,$14,$4,$0,$3,$18,$1,$-0,$1,$0,$1,$1,$0,$1,$1,$5,8,$0.05,$0.05,$16,$0,$0,$20,$28,$0,$0,$1,$28,$49,$7,$17,$0,$17,$24,$1,$-127,$0,$25,$49,$0,$1,$1,$1,$-0,$0,$-0,$0,$0,$1,$-0,$0,$0,$0,$0,$0,$0,$-0,$0,$0,$0,$0,$0,$0,$-0,$-0,$1,$1,$0
30,2011-03-31,9.3,$1.31,7.09,$14.68,0.63,$-2.95,0.0,$-3.75,0.0,$0.02B,$0.04B,0.44,$0.00B,$-0.00B,0.0,$0.07B,$0.02B,22.06%,$0.07B,0,0.00%,$0.07B,0,0.00%,$0.07B,$0.00B,1.47%,$0.07B,$-0.02B,-25.00%,$0.07B,$-0.02B,-25.00%,$-0.02B,$0.01B,-188.89%,$-0.02B,$0.01B,-188.89%,$-0.02B,$0.05B,-26.46%,$0.00B,$0.01B,0.00%,$15,$12,$3,$0,$2,$15,$-0,$-0,$-1,$0,$-1,$-1,$-1,$0,$-0,$5,5,$-0.20,$-0.20,$14,$0,$0,$18,$28,$0,$0,$1,$29,$48,$41,$0,$0,$0,$41,$1,$-128,$0,$6,$48,$-1,$0,$0,$1,$-0,$0,$-0,$-1,$-2,$-1,$-0,$0,$0,$0,$0,$0,$0,$-0,$0,$0,$0,$0,$0,$0,$0,$0,$-2,$0,$0
31,2010-12-31,15.45,$1.36,11.38,$14.81,1.04,$-3.26,0.0,$-4.20,0.0,$0.02B,$0.04B,0.46,$0.00B,$-0.00B,0.0,$0.07B,$0.02B,22.06%,$0.07B,$-0.00B,-1.47%,$0.07B,$-0.00B,-1.47%,$0.07B,$0.00B,1.47%,$0.07B,$-0.02B,-26.47%,$0.07B,$-0.02B,-27.94%,$-0.02B,$0.01B,-172.73%,$-0.02B,$0.01B,-172.73%,$-0.02B,$0.05B,-25.68%,$-0.00B,$0.01B,-9.09%,$16,$13,$3,$0,$4,$17,$-1,$-5,$-6,$0,$-6,$-6,$-6,$-1,$-1,$5,5,$-1.30,$-1.30,$15,$0,$0,$19,$28,$0,$0,$1,$29,$48,$42,$0,$0,$0,$42,$0,$-127,$0,$6,$48,$-18,$2,$3,$4,$0,$0,$-1,$1,$-1,$-4,$-0,$0,$0,$0,$0,$0,$-0,$-1,$-65,$35,$-30,$0,$0,$0,$-2,$-32,$-37,$3,$0
32,2010-09-30,16.65,$2.53,6.58,$17.00,0.98,$-3.96,0.0,$-3.45,0.0,$0.04B,$0.06B,0.7,$0.00B,$0.01B,0.0,$0.07B,$0.02B,22.39%,$0.07B,$-0.00B,-1.49%,$0.07B,$-0.00B,-1.49%,$0.07B,$0.00B,1.49%,$0.07B,$-0.02B,-22.39%,$0.07B,$-0.02B,-23.88%,$-0.02B,$0.01B,-118.52%,$-0.02B,$0.01B,-118.52%,$-0.02B,$0.08B,-18.99%,$-0.00B,$0.01B,-7.41%,$19,$15,$5,$0,$3,$18,$1,$-2,$-1,$0,$-1,$-1,$-1,$2,$1,$5,5,$-0.30,$-0.30,$39,$0,$0,$44,$28,$0,$0,$1,$31,$75,$63,$0,$0,$0,$63,$1,$-122,$0,$12,$75,$-12,$1,$2,$3,$0,$0,$-0,$-1,$-2,$-4,$-0,$0,$0,$0,$0,$0,$-0,$-0,$-10,$0,$-10,$0,$0,$0,$0,$-10,$-15,$2,$0
33,2010-06-30,24.45,$2.67,9.17,$21.22,1.15,$-5.14,0.0,$-3.90,0.0,$0.06B,$0.07B,0.75,$0.00B,$0.01B,0.0,$0.07B,$0.02B,21.74%,$0.07B,$-0.00B,-2.90%,$0.07B,$-0.00B,-2.90%,$0.07B,0,0.00%,$0.07B,$-0.02B,-23.19%,$0.07B,$-0.02B,-24.64%,$-0.02B,$0.01B,-453.33%,$-0.02B,$0.01B,-453.33%,$-0.02B,$0.09B,-21.73%,$-0.00B,$0.01B,-53.33%,$18,$14,$4,$0,$3,$18,$-0,$-9,$-9,$0,$-9,$-9,$-9,$0,$-0,$5,5,$-1.95,$-1.95,$51,$0,$0,$55,$28,$0,$0,$1,$31,$86,$74,$0,$0,$0,$74,$1,$-121,$0,$12,$86,$-11,$1,$2,$3,$1,$0,$-1,$-0,$0,$-2,$-0,$0,$0,$0,$0,$0,$-0,$-0,$0,$0,$0,$0,$0,$0,$0,$0,$-2,$2,$0
34,2010-03-31,27.3,$3.11,8.77,$24.82,1.1,$-5.78,0.0,$-4.05,0.0,$0.06B,$0.07B,0.76,$0.00B,$0.01B,0.0,$0.07B,$0.02B,22.06%,$0.07B,$-0.01B,-7.35%,$0.07B,$-0.01B,-7.35%,$0.07B,$-0.00B,-2.94%,$0.07B,$-0.01B,-16.18%,$0.07B,$-0.01B,-19.12%,$-0.01B,$0.01B,157.58%,$-0.01B,$0.01B,157.58%,$-0.01B,$0.09B,-19.05%,$-0.01B,$0.01B,60.61%,$15,$13,$3,$0,$3,$16,$-1,$-1,$-2,$0,$-2,$-2,$-3,$-0,$-1,$5,5,$-0.60,$-0.60,$50,$0,$0,$55,$29,$0,$0,$2,$32,$87,$72,$0,$0,$0,$72,$1,$-112,$0,$14,$87,$-2,$0,$1,$1,$0,$0,$-0,$-1,$-2,$-3,$-0,$0,$0,$0,$0,$0,$0,$-0,$0,$0,$0,$0,$0,$0,$0,$0,$-3,$1,$0
35,2009-12-31,31.65,$3.37,9.38,$27.97,1.13,$-6.73,0.0,$-4.50,0.0,$0.06B,$0.07B,0.78,$0.00B,$0.01B,0.0,$0.07B,$0.02B,22.06%,$0.07B,$-0.01B,-7.35%,$0.07B,$-0.01B,-7.35%,$0.07B,$-0.00B,-2.94%,$0.07B,$-0.01B,-16.18%,$0.07B,$-0.01B,-17.65%,$-0.01B,$0.02B,59.26%,$-0.01B,$0.02B,59.26%,$-0.01B,$0.09B,-20.78%,$-0.01B,$0.02B,24.69%,$15,$12,$3,$0,$4,$16,$-1,$-1,$-3,$0,$-3,$-3,$-3,$-1,$-1,$3,3,$-0.60,$-0.60,$53,$0,$0,$57,$29,$0,$0,$1,$32,$89,$74,$0,$0,$0,$74,$1,$-110,$0,$16,$89,$-11,$2,$6,$8,$-1,$0,$-1,$-2,$-3,$-5,$-0,$0,$0,$0,$0,$0,$-0,$-0,$0,$-8,$-8,$55,$55,$0,$-2,$45,$40,$6,$0
36,2009-09-30,44.72,$-10.04,-4.45,$29.20,1.53,$-10.01,0.0,$-5.25,0.0,$0.02B,$0.08B,0.25,$0.00B,$-0.03B,0.0,$0.07B,$0.01B,20.59%,$0.07B,$-0.01B,-7.35%,$0.07B,$-0.01B,-7.35%,$0.07B,$-0.00B,-2.94%,$0.07B,$-0.01B,-16.18%,$0.07B,$-0.01B,-17.65%,$-0.01B,$-0.03B,37.21%,$-0.01B,$-0.03B,37.21%,$-0.01B,$0.05B,-25.13%,$-0.01B,$-0.03B,15.50%,$21,$16,$5,$0,$4,$21,$0,$-2,$-2,$0,$-2,$-2,$-2,$1,$0,$2,2,$-0.75,$-0.75,$14,$0,$0,$19,$29,$0,$0,$1,$32,$51,$79,$0,$0,$0,$79,$0,$-107,$0,$-27,$51,$-8,$1,$5,$6,$-1,$0,$-1,$-2,$-3,$-5,$-0,$0,$0,$0,$0,$0,$-0,$-0,$0,$-3,$-3,$9,$9,$0,$0,$6,$1,$4,$0
37,2009-06-30,27.15,$-15.73,-1.73,$30.06,0.9,$-11.77,0.0,$-5.55,0.0,$0.01B,$0.08B,0.17,$0.00B,$-0.04B,0.0,$0.07B,$0.01B,20.59%,$0.07B,$-0.01B,-8.82%,$0.07B,$-0.01B,-8.82%,$0.07B,$-0.00B,-4.41%,$0.07B,$-0.01B,-16.18%,$0.07B,$-0.01B,-17.65%,$-0.01B,$-0.04B,36.36%,$-0.01B,$-0.04B,36.36%,$-0.01B,$0.05B,-25.00%,$-0.01B,$-0.04B,18.18%,$17,$13,$4,$0,$6,$20,$-3,$-1,$-4,$0,$-4,$-4,$-5,$-2,$-3,$2,2,$-2.10,$-2.10,$9,$0,$0,$14,$29,$0,$0,$1,$32,$46,$81,$0,$0,$0,$81,$0,$-105,$0,$-36,$46,$-6,$1,$3,$4,$-0,$0,$-1,$-0,$-0,$-3,$-0,$0,$0,$0,$0,$0,$-0,$-0,$0,$-1,$-1,$0,$0,$0,$0,$-1,$-3,$3,$0
38,2009-03-31,11.55,$-15.01,-0.77,$31.33,0.37,$-13.12,0.0,$-4.65,0.0,$0.01B,$0.08B,0.16,$0.00B,$-0.04B,0.0,$0.07B,$0.01B,18.84%,$0.07B,$-0.00B,-5.80%,$0.07B,$-0.00B,-5.80%,$0.07B,$-0.00B,-1.45%,$0.07B,$-0.01B,-13.04%,$0.07B,$-0.01B,-13.04%,$-0.01B,$-0.03B,28.57%,$-0.01B,$-0.03B,28.57%,$-0.01B,$0.05B,-18.09%,$-0.00B,$-0.03B,26.23%,$15,$12,$3,$0,$3,$15,$-1,$-1,$-2,$0,$-2,$-2,$-2,$-0,$-1,$2,2,$-1.05,$-1.05,$8,$0,$0,$12,$30,$0,$0,$1,$33,$45,$80,$0,$0,$0,$80,$0,$-101,$0,$-34,$45,$-2,$0,$0,$1,$-0,$0,$-0,$-0,$-2,$-4,$0,$0,$0,$0,$0,$0,$-0,$-0,$0,$0,$0,$0,$0,$0,$0,$0,$-4,$0,$0
39,2008-12-31,16.35,$-14.32,-1.14,$32.75,0.5,$-14.09,0.0,$-5.70,0.0,$0.02B,$0.08B,0.19,$0.00B,$-0.04B,0.0,$0.07B,$0.01B,15.71%,$0.07B,$-0.01B,-7.14%,$0.07B,$-0.01B,-7.14%,$0.07B,$-0.00B,-4.29%,$0.07B,$-0.01B,-15.71%,$0.07B,$-0.01B,-15.71%,$-0.01B,$-0.03B,35.48%,$-0.01B,$-0.03B,35.48%,$-0.01B,$0.05B,-21.67%,$-0.01B,$-0.03B,-142.86%,$15,$13,$2,$0,$3,$16,$-1,$-1,$-3,$0,$-3,$-3,$-3,$-1,$-1,$2,2,$-1.35,$-1.35,$11,$0,$0,$16,$30,$0,$0,$1,$33,$49,$81,$0,$0,$0,$81,$0,$-99,$0,$-32,$49,$-11,$2,$1,$3,$-0,$0,$-1,$-2,$-3,$-10,$-0,$0,$0,$0,$0,$0,$0,$-0,$0,$0,$0,$5,$5,$0,$-0,$5,$-5,$1,$0
40,2008-09-30,37.8,$-13.24,-2.86,$34.51,1.1,$-12.97,0.0,$-12.15,0.0,$0.02B,$0.08B,0.24,$0.00B,$-0.04B,0.0,$0.07B,$0.01B,15.28%,$0.07B,$-0.02B,-25.00%,$0.07B,$-0.02B,-25.00%,$0.07B,$-0.02B,-20.83%,$0.07B,$-0.02B,-31.94%,$0.07B,$-0.02B,-31.94%,$-0.02B,$-0.03B,76.67%,$-0.02B,$-0.03B,76.67%,$-0.02B,$0.05B,-44.23%,$-0.02B,$-0.03B,-79.12%,$21,$16,$5,$0,$5,$21,$-1,$-1,$-2,$0,$-2,$-2,$-2,$-0,$-1,$2,2,$-1.05,$-1.05,$13,$0,$0,$19,$30,$0,$0,$0,$33,$52,$82,$0,$0,$0,$82,$0,$-96,$0,$-30,$52,$-8,$1,$1,$2,$-0,$0,$-0,$-2,$-3,$-9,$-0,$0,$0,$0,$0,$0,$0,$0,$0,$0,$0,$5,$5,$0,$-0,$5,$-3,$1,$0
41,2008-06-30,43.95,$-14.18,-3.1,$36.61,1.2,$-12.95,0.0,$-12.45,0.0,$0.02B,$0.02B,1.09,$0.07B,$-0.04B,-1.75,$0.07B,$0.01B,12.33%,$0.07B,$-0.02B,-24.66%,$0.07B,$-0.02B,-24.66%,$0.07B,$-0.02B,-20.55%,$0.07B,$-0.02B,-31.51%,$0.07B,$-0.02B,-32.88%,$-0.02B,$-0.03B,93.20%,$-0.02B,$-0.03B,93.20%,$-0.02B,$0.05B,-42.67%,$-0.02B,$0.04B,-41.62%,$18,$15,$3,$0,$3,$18,$-1,$-1,$-2,$0,$-2,$-2,$-2,$-0,$-1,$2,2,$-1.20,$-1.20,$15,$0,$0,$20,$30,$0,$0,$0,$33,$53,$19,$65,$0,$65,$84,$0,$-94,$0,$-30,$53,$-6,$1,$1,$1,$-0,$0,$-1,$-1,$-0,$-5,$-0,$0,$0,$0,$0,$0,$0,$0,$0,$0,$0,$3,$3,$0,$-0,$3,$-2,$1,$0
42,2008-03-31,20.55,$-15.94,-1.29,$37.93,0.54,$-13.43,0.0,$-13.05,0.0,$0.02B,$0.01B,1.94,$0.07B,$-0.04B,-1.89,$0.08B,$0.01B,12.00%,$0.08B,$-0.02B,-25.33%,$0.08B,$-0.02B,-25.33%,$0.08B,$-0.02B,-22.67%,$0.08B,$-0.02B,-32.00%,$0.08B,$-0.03B,-34.67%,$-0.03B,$-0.03B,122.35%,$-0.03B,$-0.03B,122.35%,$-0.03B,$0.05B,-42.80%,$-0.02B,$0.04B,-39.79%,$16,$14,$1,$0,$3,$18,$-2,$-1,$-4,$0,$-4,$-4,$-4,$-2,$-2,$2,2,$-2.10,$-2.10,$11,$0,$0,$16,$31,$0,$0,$0,$33,$49,$8,$73,$0,$73,$81,$0,$-92,$0,$-32,$49,$-4,$0,$0,$1,$-0,$0,$0,$-1,$-2,$-5,$-0,$0,$0,$0,$0,$0,$0,$0,$0,$0,$0,$0,$0,$0,$-0,$0,$-5,$0,$0
43,2007-12-31,51.15,$-14.24,-3.59,$40.35,1.27,$-14.56,0.0,$-13.35,0.0,$0.02B,$0.01B,1.96,$0.07B,$-0.04B,-2.08,$0.08B,$0.01B,12.99%,$0.08B,$-0.02B,-25.97%,$0.08B,$-0.02B,-25.97%,$0.08B,$-0.02B,-22.08%,$0.08B,$-0.02B,-31.17%,$0.08B,$-0.03B,-35.06%,$-0.03B,$-0.03B,171.43%,$-0.03B,$-0.03B,152.11%,$-0.03B,$0.05B,-40.75%,$-0.02B,$0.05B,-39.02%,$17,$15,$2,$0,$3,$31,$-14,$-1,$-15,$0,$-15,$-15,$-15,$-13,$-14,$2,2,$-7.58,$-7.58,$16,$0,$0,$19,$31,$0,$0,$2,$35,$54,$10,$73,$0,$73,$82,$0,$-88,$0,$-28,$54,$-25,$2,$17,$19,$2,$0,$-1,$1,$-2,$-7,$-0,$0,$0,$0,$0,$0,$-6,$-6,$0,$0,$0,$19,$19,$0,$-0,$19,$6,$3,$0
44,2007-09-30,74.1,$-6.80,-10.89,$43.32,1.71,$-7.85,0.0,$-8.55,0.0,$0.02B,$0.02B,1.3,$0.07B,$-0.02B,-3.21,$0.08B,$0.01B,14.81%,$0.08B,$-0.01B,-12.35%,$0.08B,$-0.01B,-12.35%,$0.08B,$-0.01B,-8.64%,$0.08B,$-0.01B,-17.28%,$0.08B,$-0.02B,-20.99%,$-0.02B,$-0.01B,111.48%,$-0.02B,$-0.01B,98.55%,$-0.02B,$0.07B,-25.00%,$-0.01B,$0.05B,-19.32%,$22,$19,$3,$0,$4,$23,$-1,$-1,$-2,$0,$-2,$-2,$-3,$-0,$-1,$2,2,$-1.35,$-1.35,$18,$0,$0,$23,$31,$0,$0,$0,$46,$69,$18,$65,$0,$65,$83,$0,$-73,$0,$-13,$69,$-10,$1,$4,$5,$2,$0,$-1,$0,$-3,$-8,$-0,$-3,$0,$0,$0,$0,$-1,$-4,$0,$0,$0,$19,$19,$0,$-0,$19,$7,$3,$0
45,2007-06-30,109.05,$-6.05,-18.01,$47.95,2.27,$-1.78,0.0,$-7.35,0.0,$0.03B,$0.02B,1.55,$0.07B,$-0.02B,-3.46,$0.09B,$0.02B,17.05%,$0.09B,$-0.01B,-7.95%,$0.09B,$-0.01B,-7.95%,$0.09B,$-0.01B,-5.68%,$0.09B,$-0.01B,-13.64%,$0.09B,$-0.01B,-15.91%,$-0.01B,$-0.01B,76.71%,$-0.01B,$-0.01B,63.64%,$-0.01B,$0.07B,-21.21%,$-0.01B,$0.05B,-14.36%,$20,$17,$3,$0,$4,$22,$-2,$-1,$-3,$0,$-3,$-3,$-4,$-2,$-2,$2,2,$-1.80,$-1.80,$22,$0,$0,$27,$31,$0,$0,$0,$43,$71,$18,$65,$0,$65,$83,$0,$-71,$0,$-12,$71,$-8,$1,$3,$4,$2,$0,$-1,$0,$-2,$-6,$-0,$-1,$0,$0,$0,$0,$-1,$-2,$0,$0,$0,$19,$19,$0,$-0,$19,$11,$2,$0
46,2007-03-31,140.85,$-5.21,-27.04,$52.55,2.68,$3.48,40.46,$-6.00,0.0,$0.03B,$0.02B,1.73,$0.07B,$-0.02B,-3.8,$0.09B,$0.02B,18.09%,$0.09B,$-0.00B,-4.26%,$0.09B,$-0.00B,-4.26%,$0.09B,$-0.00B,-1.06%,$0.09B,$-0.01B,-9.57%,$0.09B,$-0.01B,-11.70%,$-0.01B,$-0.01B,50.57%,$-0.01B,$-0.02B,43.14%,$-0.01B,$0.07B,-17.25%,$-0.00B,$0.06B,-8.84%,$18,$17,$2,$0,$4,$21,$-3,$-1,$-4,$0,$-4,$-4,$-5,$-2,$-3,$2,2,$-2.63,$-2.63,$23,$0,$0,$29,$31,$0,$8,$0,$43,$71,$17,$65,$0,$65,$82,$0,$-68,$0,$-10,$71,$-4,$0,$1,$2,$1,$0,$-1,$-1,$-4,$-7,$-0,$-1,$0,$0,$0,$0,$-0,$-1,$0,$0,$0,$19,$19,$0,$-0,$19,$11,$1,$0
47,2006-12-31,130.05,$-13.11,-9.92,$55.12,2.36,$7.76,16.77,$-4.80,0.0,$0.02B,$0.01B,1.32,$0.07B,$-0.03B,-2.23,$0.10B,$0.02B,18.18%,$0.10B,$-0.00B,-1.01%,$0.10B,$-0.00B,-1.01%,$0.10B,$0.00B,1.01%,$0.10B,$-0.01B,-7.07%,$0.10B,$-0.01B,-8.08%,$-0.01B,$-0.03B,30.48%,$-0.01B,$-0.03B,28.57%,$-0.01B,$0.06B,-13.28%,$-0.00B,$0.05B,-2.45%,$21,$17,$4,$0,$7,$24,$-4,$-2,$-5,$0,$-5,$-5,$-5,$-3,$-4,$2,2,$-3.00,$-3.00,$11,$0,$0,$18,$32,$0,$0,$0,$43,$61,$14,$73,$0,$73,$86,$0,$-63,$0,$-26,$61,$-7,$2,$8,$10,$-1,$0,$0,$2,$3,$5,$-0,$0,$0,$0,$0,$0,$-3,$-3,$0,$0,$0,$1,$1,$0,$-1,$0,$2,$7,$0
