,Date,Stock Price,Book Value per Share,Price to Book Ratio,TTM Sales per Share,Price to Sales Ratio,TTM FCF per Share,Price to FCF Ratio,TTM Net EPS,PE Ratio,Current Assets,Current Liabilities,Current Ratio,Long Term Debt,Shareholder's Equity_x,Debt to Equity Ratio,TTM Revenue_x,TTM Gross Profit,Gross Margin,TTM Revenue_y,TTM Operating Income,Operating Margin,TTM Revenue_x,TTM EBIT,EBIT Margin,TTM Revenue_y,TTM EBITDA,EBITDA Margin,TTM Revenue_x,TTM Pre-Tax Income,Pre-Tax Margin,TTM Revenue_y,TTM Net Income_x,Net Margin,TTM Net Income_y,Shareholder's Equity_y,Return on Equity,TTM Net Income_x,Tangible Equity,Return on Tangible Equity,TTM Net Income_y,Total Assets,Return on Assets,TTM Net Income,LT Investments & Debt,Return on Investment,revenue,cost-goods-sold,gross-profit,research-development-expenses,selling-general-administrative-expenses,operating-expenses,operating-income,total-non-operating-income-expense,pre-tax-income,total-provision-income-taxes,income-after-taxes,income-from-continuous-operations,net-income,ebitda,ebit,basic-shares-outstanding,shares-outstanding,eps-basic-net-earnings-per-share,eps-earnings-per-share-diluted,cash-on-hand,inventory,other-current-assets,total-current-assets,net-property-plant-equipment,long-term-investments,goodwill-intangible-assets-total,other-long-term-assets,total-long-term-assets,total-assets,total-current-liabilities,long-term-debt,other-non-current-liabilities,total-long-term-liabilities,total-liabilities,common-stock-net,retained-earnings-accumulated-deficit,comprehensive-income,total-share-holder-equity,total-liabilities-share-holders-equity,net-income-loss,total-depreciation-amortization-cash-flow,other-non-cash-items,total-non-cash-items,change-in-accounts-receivable,change-in-inventories,change-in-accounts-payable,change-in-assets-liabilities,total-change-in-assets-liabilities,cash-flow-from-operating-activities,net-change-in-property-plant-equipment,net-change-in-intangible-assets,net-acquisitions-divestitures,net-change-in-short-term-investments,net-change-in-long-term-investments,net-change-in-investments-total,investing-activities-other,cash-flow-from-investing-activities,net-long-term-debt,net-current-debt,debt-issuance-retirement-net-total,net-common-equity-issued-repurchased,net-total-equity-issued-repurchased,total-common-preferred-stock-dividends-paid,financial-activities-other,cash-flow-from-financial-activities,net-cash-flow,stock-based-compensation,common-stock-dividends-paid
0,2018-09-30,23.15,$6.10,3.79,$10.42,2.22,$0.49,47.41,$0.07,330.71,$0.78B,$0.40B,1.94,$0.25B,$1.01B,0.24,$1.73B,$1.47B,85.03%,$1.73B,$0.14B,8.15%,$1.73B,$0.14B,8.15%,$1.73B,$0.20B,11.56%,$1.73B,$0.10B,5.84%,$1.73B,$0.01B,0.81%,$0.01B,$1.01B,1.46%,$0.01B,$0.87B,1.71%,$0.01B,$2.14B,0.66%,$0.14B,$1.25B,11.65%,$417,$20,$397,$0,$298,$376,$41,$-6,$35,$10,$25,$25,$25,$56,$41,$165,167,$0.15,$0.15,$554,$0,$44,$783,$646,$240,$141,$185,$1359,$2141,$403,$246,$77,$732,$1135,$17,$1457,$3,$1007,$2141,$70,$44,$-9,$35,$27,$0,$0,$13,$11,$116,$-62,$0,$0,$-40,$0,$-40,$-2,$-104,$-0,$0,$-0,$41,$41,$-20,$-9,$11,$23,$10,$-20
1,2018-06-30,25.86,$5.94,4.35,$10.27,2.52,$0.77,33.54,$0.12,215.51,$0.73B,$0.36B,2.02,$0.25B,$0.98B,0.26,$1.70B,$1.44B,84.99%,$1.70B,$0.13B,7.77%,$1.70B,$0.13B,7.77%,$1.70B,$0.19B,11.24%,$1.70B,$0.13B,7.42%,$1.70B,$0.02B,1.24%,$0.02B,$0.98B,2.24%,$0.02B,$0.84B,2.64%,$0.02B,$2.10B,0.98%,$0.13B,$1.23B,11.10%,$415,$18,$397,$0,$296,$375,$40,$-6,$34,$10,$24,$24,$24,$54,$40,$165,167,$0.14,$0.14,$530,$0,$35,$730,$646,$249,$142,$184,$1369,$2099,$362,$252,$77,$758,$1119,$17,$1439,$3,$980,$2099,$46,$29,$-0,$29,$47,$0,$0,$22,$3,$78,$-46,$0,$0,$5,$0,$5,$-1,$-42,$-0,$0,$-0,$41,$41,$-13,$-9,$18,$54,$7,$-13
2,2018-03-31,24.02,$5.81,4.13,$10.27,2.34,$1.06,22.77,$0.07,343.18,$0.74B,$0.37B,2.0,$0.25B,$0.96B,0.26,$1.69B,$1.44B,85.04%,$1.69B,$0.12B,6.98%,$1.69B,$0.12B,6.98%,$1.69B,$0.18B,10.59%,$1.69B,$0.11B,6.74%,$1.69B,$0.01B,0.77%,$0.01B,$0.96B,1.42%,$0.01B,$0.81B,1.68%,$0.01B,$2.10B,0.60%,$0.12B,$1.21B,10.13%,$414,$62,$352,$0,$301,$380,$34,$-7,$27,$5,$22,$22,$22,$49,$34,$164,166,$0.13,$0.13,$514,$0,$52,$740,$646,$237,$146,$179,$1357,$2097,$370,$251,$77,$769,$1139,$17,$1422,$7,$958,$2097,$22,$15,$3,$18,$33,$0,$0,$11,$-22,$18,$-25,$0,$0,$13,$-0,$12,$1,$-12,$-0,$0,$-0,$40,$40,$-7,$-9,$25,$31,$4,$-7
3,2017-12-31,18.4,$5.53,3.33,$10.23,1.8,$1.23,14.93,$0.02,920.13,$0.75B,$0.42B,1.8,$0.25B,$0.90B,0.28,$1.68B,$1.42B,84.90%,$1.68B,$0.11B,6.68%,$1.68B,$0.11B,6.68%,$1.68B,$0.17B,10.38%,$1.68B,$0.11B,6.62%,$1.68B,$0.00B,0.24%,$0.00B,$0.90B,0.45%,$0.00B,$0.75B,0.53%,$0.00B,$2.10B,0.18%,$0.11B,$1.15B,9.84%,$484,$159,$325,$0,$305,$458,$26,$-21,$5,$63,$-58,$-58,$-57,$41,$26,$162,164,$-0.35,$-0.34,$492,$0,$50,$750,$641,$241,$144,$171,$1350,$2100,$416,$250,$82,$787,$1202,$17,$1310,$5,$897,$2100,$7,$62,$18,$80,$12,$0,$0,$-22,$0,$87,$-85,$0,$0,$82,$16,$98,$8,$21,$-1,$0,$-1,$5,$5,$-26,$-4,$-26,$82,$15,$-26
4,2017-09-30,19.46,$5.67,3.43,$9.98,1.95,$1.67,11.62,$0.60,32.43,$0.77B,$0.42B,1.83,$0.25B,$0.92B,0.27,$1.63B,$1.47B,89.83%,$1.63B,$0.14B,8.70%,$1.63B,$0.14B,8.70%,$1.63B,$0.20B,12.50%,$1.63B,$0.16B,9.74%,$1.63B,$0.10B,6.00%,$0.10B,$0.92B,11.19%,$0.10B,$0.78B,13.28%,$0.10B,$2.24B,4.46%,$0.14B,$1.17B,12.63%,$386,$16,$370,$0,$276,$354,$32,$28,$60,$23,$36,$36,$32,$47,$32,$162,164,$0.20,$0.20,$581,$0,$26,$768,$619,$262,$143,$156,$1471,$2239,$419,$249,$79,$902,$1320,$17,$1373,$5,$919,$2239,$65,$47,$-40,$7,$55,$0,$0,$8,$76,$148,$-48,$0,$0,$56,$0,$56,$1,$9,$-0,$0,$-0,$4,$4,$-19,$-4,$-20,$137,$11,$-19
5,2017-06-30,17.53,$5.46,3.21,$9.87,1.78,$1.46,12.03,$0.40,43.83,$0.78B,$0.40B,1.95,$0.25B,$0.88B,0.28,$1.61B,$1.39B,86.58%,$1.61B,$0.12B,7.39%,$1.61B,$0.12B,7.39%,$1.61B,$0.18B,11.24%,$1.61B,$0.10B,6.15%,$1.61B,$0.07B,4.10%,$0.07B,$0.88B,7.82%,$0.07B,$0.75B,9.28%,$0.07B,$2.20B,2.96%,$0.12B,$1.13B,10.90%,$407,$16,$391,$0,$303,$381,$26,$-4,$22,$7,$16,$16,$16,$42,$26,$162,164,$0.10,$0.09,$587,$0,$26,$775,$595,$237,$139,$154,$1420,$2195,$398,$249,$75,$913,$1311,$17,$1354,$1,$884,$2195,$29,$31,$-3,$28,$48,$0,$0,$15,$43,$99,$-21,$0,$0,$32,$0,$32,$0,$11,$-0,$0,$-0,$3,$3,$-13,$-4,$-14,$96,$8,$-13
6,2017-03-31,14.22,$5.31,2.68,$9.70,1.47,$1.14,12.44,$0.31,45.88,$0.77B,$0.39B,1.98,$0.25B,$0.86B,0.29,$1.58B,$1.31B,83.38%,$1.58B,$0.10B,6.47%,$1.58B,$0.10B,6.47%,$1.58B,$0.16B,10.34%,$1.58B,$0.08B,4.89%,$1.58B,$0.05B,3.17%,$0.05B,$0.86B,6.07%,$0.05B,$0.72B,7.19%,$0.05B,$2.17B,2.21%,$0.10B,$1.11B,9.53%,$399,$62,$337,$0,$290,$371,$28,$-4,$24,$11,$13,$13,$13,$44,$28,$161,163,$0.08,$0.08,$543,$0,$31,$768,$589,$226,$136,$153,$1402,$2170,$388,$248,$74,$925,$1313,$17,$1339,$-0,$857,$2170,$13,$16,$-1,$15,$20,$0,$0,$16,$2,$30,$-8,$0,$0,$37,$0,$37,$1,$30,$-0,$0,$-0,$0,$0,$-6,$-4,$-10,$50,$4,$-6
7,2016-12-31,13.1,$5.24,2.5,$9.60,1.36,$0.87,15.1,$0.18,72.76,$0.80B,$0.40B,2.0,$0.25B,$0.84B,0.29,$1.56B,$1.29B,82.92%,$1.56B,$0.10B,6.55%,$1.56B,$0.10B,6.55%,$1.56B,$0.16B,10.40%,$1.56B,$0.03B,1.93%,$1.56B,$0.03B,1.86%,$0.03B,$0.84B,3.59%,$0.03B,$0.71B,4.25%,$0.03B,$2.19B,1.26%,$0.10B,$1.09B,9.69%,$440,$72,$368,$0,$275,$384,$56,$-2,$53,$13,$40,$40,$37,$71,$56,$161,163,$0.23,$0.23,$550,$0,$33,$796,$597,$203,$135,$154,$1389,$2185,$399,$247,$79,$942,$1341,$17,$1332,$-2,$844,$2185,$24,$62,$33,$94,$10,$0,$0,$8,$-14,$104,$-30,$0,$-40,$159,$-2,$157,$42,$128,$-190,$0,$-190,$-15,$-15,$-26,$-6,$-237,$-5,$12,$-26
8,2016-09-30,11.73,$4.92,2.38,$9.57,1.23,$1.33,8.83,$0.26,45.11,$0.96B,$0.57B,1.68,$0.25B,$0.79B,0.31,$1.56B,$1.30B,83.03%,$1.56B,$0.13B,8.58%,$1.56B,$0.13B,8.58%,$1.56B,$0.19B,12.42%,$1.56B,$0.06B,3.65%,$1.56B,$0.04B,2.82%,$0.04B,$0.79B,5.48%,$0.04B,$0.67B,6.43%,$0.04B,$2.36B,1.87%,$0.13B,$1.04B,12.79%,$364,$66,$298,$0,$276,$355,$9,$-9,$0,$0,$0,$0,$0,$24,$9,$161,163,$0.00,$0.00,$746,$0,$50,$963,$602,$213,$123,$154,$1394,$2357,$573,$246,$86,$991,$1564,$17,$1301,$1,$793,$2357,$-14,$46,$63,$109,$55,$0,$0,$-18,$-9,$86,$-22,$0,$-15,$8,$-2,$6,$41,$10,$-0,$0,$-0,$-15,$-15,$-19,$-10,$-45,$51,$9,$-19
9,2016-06-30,11.84,$4.96,2.39,$9.54,1.24,$1.46,8.13,$0.32,36.99,$0.94B,$0.53B,1.79,$0.25B,$0.80B,0.31,$1.57B,$1.30B,83.26%,$1.57B,$0.15B,9.39%,$1.57B,$0.15B,9.39%,$1.57B,$0.21B,13.23%,$1.57B,$0.07B,4.47%,$1.57B,$0.05B,3.39%,$0.05B,$0.80B,6.55%,$0.05B,$0.68B,7.63%,$0.05B,$2.33B,2.26%,$0.15B,$1.04B,13.36%,$373,$62,$311,$0,$263,$363,$9,$-10,$-0,$0,$-0,$-0,$-0,$24,$9,$161,161,$0.00,$0.00,$728,$0,$46,$939,$611,$201,$120,$155,$1390,$2329,$526,$245,$85,$1004,$1530,$17,$1314,$1,$799,$2329,$-14,$31,$63,$94,$57,$0,$-79,$-17,$-39,$41,$-15,$0,$-12,$282,$-1,$280,$38,$292,$-0,$0,$-0,$-16,$-16,$-13,$-9,$-38,$294,$6,$-13
10,2016-03-31,12.15,$4.93,2.47,$9.50,1.28,$1.60,7.6,$0.42,28.93,$0.85B,$0.51B,1.65,$0.24B,$0.79B,0.31,$1.58B,$1.31B,83.24%,$1.58B,$0.18B,11.17%,$1.58B,$0.18B,11.17%,$1.58B,$0.24B,15.05%,$1.58B,$0.10B,6.22%,$1.58B,$0.07B,4.38%,$0.07B,$0.79B,8.40%,$0.07B,$0.67B,9.75%,$0.07B,$2.31B,2.92%,$0.18B,$1.04B,15.21%,$380,$65,$314,$0,$271,$352,$28,$-51,$-23,$-9,$-14,$-14,$-8,$43,$28,$161,161,$-0.05,$-0.05,$622,$0,$32,$846,$622,$263,$123,$153,$1466,$2312,$513,$244,$85,$1006,$1519,$17,$1314,$1,$793,$2312,$-14,$15,$41,$57,$37,$0,$-94,$2,$-55,$-12,$-11,$0,$-12,$109,$0,$109,$37,$123,$-0,$0,$-0,$-16,$-16,$-6,$-9,$-31,$80,$3,$-6
11,2015-12-31,13.05,$5.13,2.54,$9.49,1.37,$1.75,7.44,$0.38,34.33,$0.86B,$0.56B,1.53,$0.24B,$0.83B,0.29,$1.58B,$1.32B,83.28%,$1.58B,$0.14B,8.68%,$1.58B,$0.14B,8.68%,$1.58B,$0.20B,12.54%,$1.58B,$0.10B,6.14%,$1.58B,$0.06B,3.99%,$0.06B,$0.83B,7.59%,$0.06B,$0.72B,8.74%,$0.06B,$2.42B,2.66%,$0.14B,$1.07B,11.30%,$445,$71,$374,$0,$267,$357,$88,$-8,$80,$28,$52,$52,$52,$103,$88,$164,166,$0.31,$0.31,$613,$0,$23,$863,$632,$314,$109,$191,$1555,$2418,$564,$243,$92,$1026,$1589,$17,$1329,$0,$828,$2418,$63,$62,$48,$110,$6,$0,$0,$24,$6,$179,$-27,$0,$0,$-1,$-5,$-6,$2,$-31,$-224,$0,$-224,$34,$34,$-27,$-1,$-218,$-71,$11,$-27
12,2015-09-30,11.44,$5.02,2.28,$9.57,1.2,$1.12,10.23,$0.29,39.46,$0.91B,$0.32B,2.82,$0.43B,$0.82B,0.53,$1.58B,$1.31B,82.96%,$1.58B,$0.11B,7.03%,$1.58B,$0.11B,7.03%,$1.58B,$0.18B,11.27%,$1.58B,$0.06B,3.80%,$1.58B,$0.05B,2.91%,$0.05B,$0.82B,5.71%,$0.05B,$0.71B,6.63%,$0.05B,$2.34B,1.91%,$0.11B,$1.25B,9.00%,$367,$63,$304,$0,$267,$345,$22,$-9,$13,$4,$9,$9,$9,$37,$22,$165,167,$0.06,$0.06,$644,$0,$27,$914,$639,$251,$110,$186,$1426,$2340,$324,$430,$95,$1198,$1521,$17,$1284,$1,$819,$2340,$11,$46,$60,$106,$55,$0,$-77,$12,$-9,$108,$-21,$0,$0,$72,$-4,$68,$-2,$45,$-224,$0,$-224,$59,$59,$-20,$0,$-184,$-32,$8,$-20
13,2015-06-30,13.19,$5.08,2.59,$9.79,1.35,$0.67,19.77,$0.15,87.92,$0.92B,$0.31B,2.97,$0.43B,$0.84B,0.51,$1.58B,$1.30B,82.44%,$1.58B,$0.08B,5.07%,$1.58B,$0.08B,5.07%,$1.58B,$0.15B,9.58%,$1.58B,$0.02B,1.52%,$1.58B,$0.03B,1.59%,$0.03B,$0.84B,3.07%,$0.03B,$0.73B,3.57%,$0.03B,$2.37B,1.03%,$0.08B,$1.27B,6.45%,$383,$64,$319,$0,$265,$345,$38,$-10,$28,$12,$16,$16,$16,$54,$38,$166,168,$0.10,$0.10,$655,$0,$26,$923,$646,$248,$110,$193,$1444,$2366,$310,$429,$98,$1212,$1522,$17,$1281,$2,$844,$2366,$2,$31,$54,$84,$58,$0,$-88,$9,$-21,$66,$-14,$0,$0,$77,$-3,$73,$-2,$57,$-224,$0,$-224,$93,$93,$-13,$0,$-144,$-22,$5,$-13
14,2015-03-31,13.26,$4.99,2.66,$9.92,1.34,$0.30,44.2,$0.11,120.51,$0.94B,$0.31B,3.07,$0.43B,$0.83B,0.52,$1.58B,$1.30B,82.12%,$1.58B,$0.06B,3.66%,$1.58B,$0.06B,3.66%,$1.58B,$0.13B,8.40%,$1.58B,$-0.00B,-0.06%,$1.58B,$0.02B,1.14%,$0.02B,$0.83B,2.20%,$0.02B,$0.72B,2.57%,$0.02B,$2.36B,0.73%,$0.06B,$1.26B,4.65%,$384,$66,$318,$0,$269,$395,$-11,$-13,$-24,$-9,$-14,$-14,$-14,$4,$-11,$164,164,$-0.09,$-0.09,$664,$0,$24,$944,$656,$205,$109,$195,$1416,$2360,$307,$428,$99,$1223,$1530,$17,$1271,$0,$830,$2360,$-14,$15,$50,$65,$47,$0,$-99,$12,$-39,$11,$-9,$0,$0,$221,$0,$221,$-1,$211,$-224,$0,$-224,$99,$99,$-7,$0,$-132,$90,$2,$-7
15,2014-12-31,12.7,$4.84,2.62,$9.99,1.27,$0.19,65.61,$0.21,60.46,$1.15B,$0.60B,1.91,$0.43B,$0.73B,0.59,$1.59B,$1.30B,81.94%,$1.59B,$0.09B,5.73%,$1.59B,$0.09B,5.73%,$1.59B,$0.17B,10.76%,$1.59B,$0.03B,1.89%,$1.59B,$0.03B,2.14%,$0.03B,$0.73B,4.13%,$0.03B,$0.61B,4.85%,$0.03B,$2.57B,1.36%,$0.09B,$1.16B,7.24%,$445,$76,$369,$0,$286,$382,$62,$-20,$43,$9,$34,$34,$35,$83,$62,$151,161,$0.23,$0.21,$813,$0,$33,$1148,$666,$190,$116,$194,$1418,$2566,$601,$426,$108,$1238,$1838,$15,$1292,$6,$728,$2566,$32,$79,$12,$91,$-10,$0,$-34,$1,$-43,$80,$-35,$0,$0,$-264,$0,$-264,$-25,$-325,$-39,$0,$-39,$1,$1,$-25,$1,$-61,$-306,$9,$-25
16,2014-09-30,10.74,$5.69,1.89,$10.04,1.07,$0.46,23.25,$0.40,26.85,$1.09B,$0.59B,1.85,$0.43B,$0.86B,0.5,$1.59B,$1.30B,81.68%,$1.59B,$0.10B,6.17%,$1.59B,$0.10B,6.17%,$1.59B,$0.18B,11.21%,$1.59B,$0.04B,2.64%,$1.59B,$0.07B,4.09%,$0.07B,$0.86B,7.63%,$0.07B,$0.74B,8.93%,$0.07B,$2.44B,2.60%,$0.10B,$1.28B,7.26%,$365,$70,$294,$0,$284,$374,$-9,$-14,$-23,$-10,$-12,$-12,$-12,$10,$-9,$151,151,$-0.08,$-0.08,$787,$0,$48,$1086,$675,$218,$119,$192,$1358,$2444,$589,$425,$118,$1001,$1589,$15,$1264,$8,$855,$2444,$-2,$59,$-4,$55,$42,$0,$-54,$-5,$-17,$36,$-26,$0,$0,$-17,$0,$-17,$-26,$-69,$-19,$0,$-19,$1,$1,$-18,$0,$-36,$-68,$6,$-18
17,2014-06-30,14.52,$5.71,2.54,$10.04,1.45,$0.38,37.99,$0.32,45.37,$1.04B,$0.55B,1.89,$0.44B,$0.86B,0.52,$1.59B,$1.30B,81.70%,$1.59B,$0.12B,7.57%,$1.59B,$0.12B,7.57%,$1.59B,$0.20B,12.74%,$1.59B,$0.06B,3.91%,$1.59B,$0.05B,3.34%,$0.05B,$0.86B,6.54%,$0.05B,$0.73B,7.74%,$0.05B,$2.46B,2.08%,$0.12B,$1.30B,8.74%,$389,$70,$319,$0,$274,$372,$16,$-13,$3,$-6,$9,$9,$9,$36,$16,$151,162,$0.06,$0.06,$758,$0,$36,$1044,$688,$252,$125,$192,$1420,$2464,$552,$442,$119,$1055,$1607,$15,$1282,$12,$858,$2464,$11,$39,$-3,$36,$43,$0,$-78,$-4,$-39,$8,$-18,$0,$0,$-60,$0,$-60,$-26,$-105,$-0,$0,$-0,$1,$1,$-12,$0,$-11,$-108,$5,$-12
18,2014-03-31,16.3,$5.65,2.89,$10.13,1.61,$0.23,70.63,$0.39,41.8,$1.03B,$0.55B,1.87,$0.44B,$0.85B,0.52,$1.59B,$1.30B,81.60%,$1.59B,$0.15B,9.45%,$1.59B,$0.15B,9.45%,$1.59B,$0.23B,14.74%,$1.59B,$0.09B,5.67%,$1.59B,$0.06B,4.03%,$0.06B,$0.85B,8.29%,$0.06B,$0.72B,9.89%,$0.06B,$2.51B,2.47%,$0.15B,$1.29B,10.74%,$390,$70,$320,$0,$275,$368,$22,$-15,$7,$4,$3,$3,$2,$42,$22,$151,162,$0.01,$0.01,$728,$0,$38,$1033,$699,$283,$126,$192,$1475,$2508,$552,$441,$145,$1107,$1659,$15,$1279,$13,$849,$2508,$2,$20,$6,$26,$27,$-1,$-55,$-2,$-32,$-4,$-11,$0,$0,$-126,$0,$-126,$-28,$-164,$-0,$0,$-0,$1,$1,$-6,$0,$-5,$-174,$4,$-6
19,2013-12-31,15.07,$5.65,2.67,$10.17,1.48,$-0.27,0.0,$0.40,37.68,$1.17B,$0.35B,3.36,$0.68B,$0.85B,0.81,$1.58B,$1.28B,81.24%,$1.58B,$0.16B,9.89%,$1.58B,$0.16B,9.89%,$1.58B,$0.24B,15.34%,$1.58B,$0.09B,5.96%,$1.58B,$0.07B,4.18%,$0.07B,$0.85B,9.15%,$0.07B,$0.72B,11.04%,$0.07B,$2.57B,2.51%,$0.16B,$1.53B,11.06%,$444,$80,$364,$0,$272,$375,$69,$-14,$55,$16,$39,$39,$66,$90,$69,$150,158,$0.43,$0.42,$848,$0,$36,$1172,$713,$216,$126,$165,$1400,$2573,$349,$684,$158,$1378,$1726,$15,$1284,$13,$847,$2573,$65,$85,$-39,$47,$3,$0,$-83,$3,$-77,$35,$52,$0,$0,$-401,$0,$-401,$-4,$-354,$-20,$0,$-20,$5,$5,$-6,$2,$-19,$-338,$9,$-6
20,2013-09-30,11.9,$4.59,2.59,$9.16,1.3,$-0.53,0.0,$1.13,10.53,$1.15B,$0.37B,3.15,$0.68B,$0.69B,1.0,$1.41B,$1.14B,80.84%,$1.41B,$0.13B,8.87%,$1.41B,$0.13B,8.87%,$1.41B,$0.21B,14.98%,$1.41B,$0.23B,16.04%,$1.41B,$0.18B,12.70%,$0.18B,$0.69B,26.49%,$0.18B,$0.56B,32.34%,$0.18B,$2.63B,6.67%,$0.13B,$1.37B,9.13%,$362,$70,$292,$0,$252,$349,$13,$-16,$-3,$3,$-5,$-5,$-24,$34,$13,$150,150,$-0.16,$-0.16,$773,$9,$144,$1148,$721,$202,$125,$165,$1480,$2628,$365,$683,$145,$1577,$1942,$15,$1224,$12,$686,$2628,$-1,$65,$-7,$58,$40,$0,$-92,$5,$-47,$10,$-12,$0,$0,$-414,$0,$-414,$2,$-425,$-20,$0,$-20,$4,$4,$0,$0,$-16,$-430,$7,$0
21,2013-06-30,10.47,$4.73,2.21,$9.15,1.14,$0.12,87.68,$1.31,7.99,$1.05B,$0.35B,2.98,$0.69B,$0.71B,0.99,$1.40B,$1.13B,80.31%,$1.40B,$0.12B,8.63%,$1.40B,$0.12B,8.63%,$1.40B,$0.21B,15.05%,$1.40B,$0.22B,15.91%,$1.40B,$0.21B,14.69%,$0.21B,$0.71B,33.07%,$0.21B,$0.58B,41.08%,$0.21B,$2.65B,7.61%,$0.12B,$1.40B,9.16%,$391,$72,$319,$0,$254,$345,$46,$-15,$31,$14,$17,$17,$20,$68,$46,$149,157,$0.14,$0.13,$747,$9,$47,$1054,$822,$210,$121,$164,$1594,$2648,$353,$694,$145,$1590,$1943,$15,$1254,$10,$705,$2648,$23,$43,$-65,$-21,$46,$0,$-78,$4,$-29,$-27,$-7,$0,$0,$-424,$0,$-424,$1,$-430,$-6,$0,$-6,$1,$1,$0,$0,$-5,$-462,$5,$0
22,2013-03-31,9.28,$4.34,2.14,$9.92,0.94,$0.70,13.28,$0.58,15.99,$0.99B,$0.34B,2.93,$0.70B,$0.65B,1.08,$1.50B,$1.20B,80.01%,$1.50B,$0.12B,7.93%,$1.50B,$0.12B,7.93%,$1.50B,$0.21B,14.12%,$1.50B,$0.26B,17.26%,$1.50B,$0.10B,6.53%,$0.10B,$0.65B,17.39%,$0.10B,$0.53B,24.75%,$0.10B,$2.65B,3.60%,$0.12B,$1.34B,9.42%,$381,$73,$307,$0,$260,$353,$28,$-17,$11,$5,$6,$6,$4,$50,$28,$149,155,$0.02,$0.02,$675,$11,$56,$991,$842,$231,$120,$166,$1660,$2651,$338,$698,$145,$1667,$2005,$15,$1223,$9,$646,$2651,$3,$22,$-57,$-35,$47,$0,$-104,$1,$-56,$-88,$-5,$0,$0,$-422,$0,$-422,$2,$-425,$-0,$0,$-0,$1,$1,$0,$0,$0,$-512,$3,$0
23,2012-12-31,8.07,$4.48,1.8,$10.60,0.76,$1.17,6.92,$0.84,9.61,$1.40B,$0.42B,3.3,$0.70B,$0.67B,1.05,$1.60B,$1.28B,79.94%,$1.60B,$0.10B,6.52%,$1.60B,$0.10B,6.52%,$1.60B,$0.21B,12.98%,$1.60B,$0.26B,16.18%,$1.60B,$0.14B,8.53%,$0.14B,$0.67B,25.14%,$0.14B,$0.54B,49.10%,$0.14B,$2.81B,4.92%,$0.10B,$1.36B,8.38%,$275,$54,$221,$0,$126,$237,$38,$149,$187,$67,$120,$120,$179,$59,$38,$148,153,$1.21,$1.18,$955,$0,$163,$1398,$773,$45,$123,$166,$1410,$2807,$423,$697,$174,$1719,$2142,$15,$1230,$11,$666,$2807,$136,$104,$-186,$-83,$5,$7,$18,$-5,$26,$79,$-35,$0,$456,$221,$0,$221,$5,$647,$-82,$0,$-82,$1,$1,$0,$0,$-81,$645,$5,$0
24,2012-09-30,9.24,$3.20,2.88,$13.09,0.71,$1.14,8.08,$0.09,102.64,$1.20B,$0.46B,2.58,$0.70B,$0.48B,1.48,$1.96B,$1.67B,85.18%,$1.96B,$0.17B,8.81%,$1.96B,$0.17B,8.81%,$1.96B,$0.28B,14.47%,$1.96B,$0.17B,8.46%,$1.96B,$0.02B,0.82%,$0.02B,$0.48B,3.19%,$0.02B,$0.35B,6.72%,$0.02B,$2.73B,0.57%,$0.17B,$1.18B,14.39%,$355,$77,$279,$0,$250,$346,$9,$-15,$-6,$-3,$-3,$-3,$3,$34,$9,$148,148,$0.02,$0.02,$638,$14,$274,$1195,$878,$43,$121,$145,$1531,$2726,$463,$702,$155,$1787,$2250,$15,$1043,$11,$475,$2726,$-42,$83,$69,$152,$49,$3,$-40,$2,$15,$124,$-30,$0,$140,$-78,$0,$-78,$3,$35,$-0,$0,$-0,$1,$1,$0,$0,$0,$159,$6,$0
25,2012-06-30,7.38,$3.15,2.34,$13.68,0.54,$0.69,10.75,$0.17,43.43,$0.96B,$0.44B,2.17,$0.70B,$0.47B,1.5,$2.06B,$1.75B,84.95%,$2.06B,$0.19B,8.98%,$2.06B,$0.19B,8.98%,$2.06B,$0.30B,14.56%,$2.06B,$0.19B,9.27%,$2.06B,$0.03B,1.41%,$0.03B,$0.47B,5.46%,$0.03B,$0.16B,17.13%,$0.03B,$2.72B,1.03%,$0.19B,$1.17B,14.81%,$490,$95,$394,$0,$327,$446,$44,$23,$67,$29,$38,$38,$-88,$69,$44,$148,150,$-0.59,$-0.59,$594,$16,$51,$962,$896,$44,$306,$161,$1754,$2717,$444,$701,$155,$1806,$2250,$15,$1041,$10,$467,$2717,$-45,$58,$141,$198,$36,$1,$-116,$-0,$-79,$74,$-19,$0,$140,$-82,$0,$-82,$3,$42,$-0,$0,$-0,$0,$0,$0,$0,$-0,$115,$4,$0
26,2012-03-31,6.43,$3.76,1.71,$13.79,0.47,$0.50,12.98,$-0.04,0.0,$0.85B,$0.45B,1.89,$0.70B,$0.56B,1.26,$2.08B,$1.77B,84.82%,$2.08B,$0.17B,8.26%,$2.08B,$0.17B,8.26%,$2.08B,$0.29B,14.02%,$2.08B,$0.13B,6.39%,$2.08B,$-0.00B,-0.14%,$-0.00B,$0.56B,-0.54%,$-0.00B,$0.05B,-2.11%,$-0.00B,$2.82B,-0.10%,$0.17B,$1.26B,13.30%,$475,$94,$381,$0,$339,$463,$13,$-3,$10,$1,$9,$9,$42,$45,$13,$148,151,$0.28,$0.28,$459,$20,$67,$848,$912,$45,$506,$210,$1969,$2818,$448,$699,$151,$1814,$2262,$15,$1129,$16,$556,$2818,$42,$33,$-15,$17,$34,$-3,$-103,$2,$-69,$-10,$-9,$0,$140,$-90,$0,$-90,$0,$41,$-0,$0,$-0,$0,$0,$0,$0,$-0,$31,$3,$0
27,2011-12-31,7.32,$3.45,2.12,$13.90,0.53,$0.27,26.79,$-0.28,0.0,$1.26B,$0.51B,2.46,$0.70B,$0.51B,1.37,$2.11B,$1.78B,84.58%,$2.11B,$0.19B,8.78%,$2.11B,$0.19B,8.78%,$2.11B,$0.30B,14.33%,$2.11B,$0.12B,5.88%,$2.11B,$-0.04B,-1.90%,$-0.04B,$0.51B,-6.76%,$-0.04B,$0.39B,-30.30%,$-0.04B,$2.88B,-1.34%,$0.19B,$1.21B,13.20%,$643,$25,$618,$0,$256,$536,$107,$-11,$95,$36,$59,$59,$59,$136,$107,$147,150,$0.40,$0.39,$280,$18,$646,$1264,$937,$82,$122,$198,$1620,$2883,$514,$698,$177,$1860,$2374,$15,$1087,$10,$510,$2883,$-38,$116,$80,$197,$13,$-5,$-97,$5,$-85,$74,$-34,$0,$0,$43,$0,$43,$-28,$-18,$-251,$0,$-251,$0,$0,$0,$0,$-250,$-195,$8,$0
28,2011-09-30,5.5,$4.02,1.37,$13.99,0.39,$0.81,6.77,$-0.23,0.0,$0.68B,$0.44B,1.54,$0.77B,$0.59B,1.3,$2.13B,$1.78B,83.69%,$2.13B,$0.19B,8.93%,$2.13B,$0.19B,8.93%,$2.13B,$0.31B,14.48%,$2.13B,$0.11B,5.36%,$2.13B,$-0.03B,-1.50%,$-0.03B,$0.59B,-5.08%,$-0.03B,$0.08B,-103.23%,$-0.03B,$2.84B,-1.04%,$0.19B,$1.37B,12.55%,$452,$94,$357,$0,$312,$431,$21,$-2,$19,$12,$6,$6,$16,$50,$21,$147,151,$0.11,$0.10,$292,$19,$49,$680,$1100,$85,$514,$182,$2155,$2835,$440,$772,$194,$1802,$2242,$15,$1028,$12,$593,$2835,$-99,$88,$101,$189,$51,$-3,$-86,$4,$-34,$56,$-29,$0,$0,$-25,$0,$-25,$-29,$-82,$-250,$0,$-250,$0,$0,$0,$0,$-250,$-276,$6,$0
29,2011-06-30,8.25,$3.90,2.12,$14.81,0.56,$1.15,7.21,$-0.36,0.0,$0.82B,$0.66B,1.24,$0.77B,$0.57B,1.34,$2.23B,$1.86B,83.62%,$2.23B,$0.18B,7.99%,$2.23B,$0.18B,7.99%,$2.23B,$0.30B,13.32%,$2.23B,$0.09B,3.99%,$2.23B,$-0.05B,-2.33%,$-0.05B,$0.57B,-8.03%,$-0.05B,$0.05B,-866.67%,$-0.05B,$3.06B,-1.66%,$0.18B,$1.34B,11.62%,$512,$102,$410,$0,$338,$480,$31,$-22,$9,$2,$8,$8,$-120,$61,$31,$147,152,$-0.81,$-0.81,$432,$15,$49,$824,$1119,$133,$520,$186,$2233,$3057,$663,$771,$203,$1820,$2484,$15,$1012,$15,$573,$3057,$-115,$58,$123,$181,$44,$1,$-70,$4,$-21,$45,$-19,$0,$0,$-189,$0,$-189,$-29,$-237,$-0,$0,$-0,$0,$0,$0,$0,$-0,$-191,$7,$0
30,2011-03-31,8.96,$4.69,1.91,$15.29,0.59,$1.30,6.89,$0.66,13.58,$0.77B,$0.43B,1.8,$1.00B,$0.69B,1.45,$2.31B,$1.93B,83.70%,$2.31B,$0.21B,9.02%,$2.31B,$0.21B,9.02%,$2.31B,$0.33B,14.17%,$2.31B,$0.14B,5.94%,$2.31B,$0.10B,4.33%,$0.10B,$0.69B,14.97%,$0.10B,$0.01B,-769.23%,$0.10B,$3.17B,3.21%,$0.21B,$1.69B,13.39%,$501,$103,$398,$0,$347,$475,$26,$-24,$1,$-1,$2,$2,$5,$55,$26,$147,154,$0.04,$0.04,$352,$21,$60,$768,$1139,$130,$681,$203,$2403,$3171,$426,$999,$206,$2056,$2482,$15,$1132,$15,$690,$3171,$5,$29,$-39,$-11,$36,$-4,$-76,$5,$-40,$-45,$-8,$0,$0,$-164,$0,$-164,$0,$-172,$-0,$0,$-0,$0,$0,$0,$0,$0,$-217,$7,$0
31,2010-12-31,9.28,$4.54,2.04,$15.86,0.59,$2.06,4.49,$0.70,13.25,$0.86B,$0.50B,1.7,$1.00B,$0.66B,1.5,$2.39B,$2.01B,83.92%,$2.39B,$0.24B,9.82%,$2.39B,$0.24B,9.82%,$2.39B,$0.36B,14.83%,$2.39B,$0.18B,7.39%,$2.39B,$0.11B,4.51%,$0.11B,$0.66B,16.56%,$0.11B,$-0.02B,-357.02%,$0.11B,$3.29B,3.51%,$0.24B,$1.66B,15.87%,$662,$47,$615,$0,$273,$550,$112,$-26,$85,$18,$67,$67,$67,$142,$112,$146,151,$0.46,$0.44,$400,$16,$70,$857,$1157,$135,$680,$202,$2429,$3286,$504,$996,$217,$2117,$2622,$15,$1126,$10,$664,$3286,$109,$121,$-91,$30,$40,$0,$0,$-5,$15,$153,$-31,$0,$0,$-21,$12,$-9,$0,$-41,$220,$0,$220,$1,$1,$0,$0,$221,$333,$7,$0
32,2010-09-30,7.33,$4.54,1.61,$16.13,0.45,$2.78,2.64,$0.87,8.42,$0.54B,$0.46B,1.17,$0.77B,$0.66B,1.17,$2.41B,$1.96B,81.14%,$2.41B,$0.26B,10.73%,$2.41B,$0.26B,10.73%,$2.41B,$0.38B,15.75%,$2.41B,$0.21B,8.58%,$2.41B,$0.13B,5.47%,$0.13B,$0.66B,20.69%,$0.13B,$-0.02B,-273.58%,$0.13B,$3.02B,4.35%,$0.26B,$1.44B,18.37%,$554,$114,$441,$0,$379,$545,$9,$-15,$-6,$-2,$-4,$-4,$-4,$39,$9,$146,146,$-0.03,$-0.03,$129,$22,$69,$535,$1170,$142,$684,$198,$2482,$3017,$456,$774,$253,$1898,$2354,$15,$1059,$-325,$662,$3017,$42,$91,$-87,$3,$71,$-5,$-16,$-2,$48,$93,$-18,$0,$0,$14,$0,$14,$5,$0,$-0,$0,$-0,$1,$1,$0,$0,$0,$92,$6,$0
33,2010-06-30,8.19,$4.51,1.82,$16.27,0.5,$3.10,2.64,$0.65,12.6,$0.48B,$0.44B,1.08,$0.77B,$0.66B,1.18,$2.43B,$1.98B,81.34%,$2.43B,$0.23B,9.31%,$2.43B,$0.23B,9.31%,$2.43B,$0.35B,14.37%,$2.43B,$0.18B,7.25%,$2.43B,$0.10B,4.12%,$0.10B,$0.66B,16.79%,$0.10B,$-0.02B,-104.71%,$0.10B,$2.99B,3.27%,$0.23B,$1.43B,16.55%,$590,$113,$477,$0,$386,$529,$61,$-4,$57,$25,$32,$32,$32,$91,$61,$146,153,$0.22,$0.21,$102,$18,$57,$481,$1204,$140,$679,$196,$2511,$2992,$444,$773,$248,$1891,$2335,$15,$1063,$-331,$656,$2992,$46,$61,$-111,$-51,$84,$-2,$-16,$-1,$65,$61,$-10,$0,$0,$0,$0,$0,$16,$6,$-0,$0,$-0,$1,$1,$0,$0,$1,$66,$4,$0
34,2010-03-31,10.53,$4.31,2.44,$16.45,0.64,$2.99,3.53,$0.71,14.84,$0.48B,$0.44B,1.11,$0.77B,$0.63B,1.23,$2.42B,$1.96B,80.88%,$2.42B,$0.19B,7.77%,$2.42B,$0.19B,7.77%,$2.42B,$0.32B,13.05%,$2.42B,$0.12B,4.96%,$2.42B,$0.11B,4.42%,$0.11B,$0.63B,19.19%,$0.11B,$-0.06B,-76.84%,$0.11B,$3.03B,3.44%,$0.19B,$1.40B,14.17%,$588,$112,$476,$0,$393,$535,$53,$-11,$41,$27,$14,$14,$13,$83,$53,$145,154,$0.09,$0.08,$100,$19,$53,$483,$1226,$138,$688,$186,$2547,$3030,$435,$771,$236,$1967,$2402,$15,$1031,$-327,$627,$3030,$14,$30,$-8,$23,$76,$-3,$-41,$-1,$32,$69,$-5,$0,$0,$0,$0,$0,$-1,$-5,$-0,$0,$-0,$1,$1,$0,$0,$1,$64,$2,$0
35,2009-12-31,11.7,$4.20,2.78,$16.85,0.69,$2.54,4.6,$0.11,106.35,$0.50B,$0.50B,1.0,$0.77B,$0.61B,1.27,$2.44B,$1.95B,79.71%,$2.44B,$0.07B,2.99%,$2.44B,$0.07B,2.99%,$2.44B,$0.21B,8.52%,$2.44B,$0.00B,0.16%,$2.44B,$0.02B,0.82%,$0.02B,$0.61B,3.89%,$0.02B,$-0.09B,-10.68%,$0.02B,$3.09B,0.62%,$0.07B,$1.38B,5.69%,$681,$117,$564,$0,$432,$545,$136,$-21,$115,$44,$71,$71,$91,$167,$136,$144,146,$0.64,$0.64,$37,$16,$61,$501,$1250,$131,$696,$193,$2588,$3089,$501,$769,$245,$1981,$2481,$15,$1019,$16,$607,$3089,$20,$134,$94,$228,$53,$8,$-75,$13,$-1,$247,$-25,$0,$45,$-1,$-12,$-13,$0,$8,$83,$-380,$-297,$20,$20,$0,$0,$-277,$-20,$11,$0
36,2009-09-30,7.69,$3.41,2.26,$17.50,0.44,$1.57,4.89,$-0.31,0.0,$0.45B,$0.56B,0.79,$0.77B,$0.49B,1.56,$2.52B,$1.97B,78.03%,$2.52B,0,0.00%,$2.52B,0,0.00%,$2.52B,$0.14B,5.55%,$2.52B,$-0.06B,-2.34%,$2.52B,$-0.04B,-1.70%,$-0.04B,$0.49B,-8.79%,$-0.04B,$-0.21B,19.84%,$-0.04B,$3.13B,-1.30%,$0.00B,$1.26B,0.00%,$569,$112,$458,$0,$379,$593,$-24,$-14,$-37,$-2,$-35,$-35,$-36,$8,$-24,$144,144,$-0.25,$-0.25,$28,$17,$77,$445,$1277,$133,$704,$194,$2684,$3129,$562,$767,$244,$2075,$2637,$15,$928,$-349,$492,$3129,$-71,$103,$118,$220,$123,$8,$-152,$9,$-12,$138,$-18,$0,$0,$0,$0,$0,$-13,$-31,$118,$-276,$-158,$21,$21,$0,$0,$-137,$-29,$9,$0
37,2009-06-30,5.22,$3.50,1.49,$18.33,0.28,$0.81,6.42,$-0.01,0.0,$0.51B,$0.69B,0.74,$0.77B,$0.50B,1.53,$2.64B,$2.02B,76.63%,$2.64B,$-0.13B,-4.77%,$2.64B,$-0.13B,-4.77%,$2.64B,$0.02B,0.57%,$2.64B,$-0.18B,-6.70%,$2.64B,$-0.11B,-4.28%,$-0.11B,$0.50B,-19.98%,$-0.11B,$-0.20B,75.84%,$-0.11B,$3.21B,-3.39%,$-0.13B,$1.27B,-9.97%,$583,$123,$460,$0,$395,$559,$23,$-22,$1,$-38,$39,$39,$39,$58,$23,$144,145,$0.27,$0.27,$37,$30,$111,$511,$1305,$124,$702,$194,$2700,$3210,$687,$768,$246,$2020,$2707,$15,$963,$-369,$504,$3210,$-35,$71,$42,$113,$114,$-5,$-135,$-0,$-26,$52,$-21,$0,$0,$0,$-13,$-13,$-1,$-34,$121,$-180,$-59,$21,$21,$0,$0,$-38,$-19,$7,$0
38,2009-03-31,4.28,$3.15,1.36,$19.45,0.22,$0.57,7.55,$-0.13,0.0,$0.77B,$1.03B,0.75,$0.77B,$0.45B,1.69,$2.80B,$2.14B,76.31%,$2.80B,$-0.11B,-3.89%,$2.80B,$-0.11B,-3.89%,$2.80B,$0.03B,1.07%,$2.80B,$-0.14B,-5.00%,$2.80B,$-0.13B,-4.68%,$-0.13B,$0.45B,-19.66%,$-0.13B,$-0.25B,169.58%,$-0.13B,$3.50B,-3.89%,$-0.11B,$1.22B,-8.12%,$607,$145,$463,$0,$471,$669,$-62,$-14,$-75,$-1,$-74,$-74,$-74,$-25,$-62,$144,144,$-0.52,$-0.52,$294,$32,$89,$772,$1340,$115,$706,$188,$2730,$3502,$1030,$767,$241,$2018,$3048,$15,$924,$-377,$454,$3502,$-74,$37,$27,$64,$90,$-7,$-53,$-1,$28,$17,$-22,$0,$0,$0,$0,$0,$-1,$-22,$121,$-160,$-39,$20,$20,$0,$0,$-19,$-23,$5,$0
39,2008-12-31,6.94,$3.53,1.97,$20.43,0.34,$0.40,17.19,$0.39,17.79,$0.62B,$1.03B,0.6,$0.58B,$0.51B,1.15,$2.94B,$2.25B,76.53%,$2.94B,$-0.04B,-1.39%,$2.94B,$-0.04B,-1.39%,$2.94B,$0.10B,3.50%,$2.94B,$-0.07B,-2.45%,$2.94B,$-0.06B,-1.94%,$-0.06B,$0.51B,-7.21%,$-0.06B,$-0.21B,-321.13%,$-0.06B,$3.40B,-1.71%,$-0.04B,$1.09B,-2.84%,$763,$176,$587,$0,$469,$700,$63,$-10,$52,$25,$27,$27,$28,$99,$63,$144,144,$0.19,$0.19,$57,$25,$87,$624,$1354,$113,$713,$221,$2777,$3402,$1033,$580,$276,$1861,$2895,$15,$999,$14,$507,$3402,$-57,$144,$174,$318,$42,$2,$-61,$2,$-15,$246,$-167,$0,$-6,$12,$0,$12,$0,$-161,$-161,$185,$24,$-0,$-0,$-109,$4,$-81,$5,$15,$-109
40,2008-09-30,13.41,$5.54,2.42,$21.06,0.64,$-1.39,0.0,$0.57,23.53,$0.58B,$0.95B,0.61,$0.68B,$0.80B,0.85,$3.03B,$2.34B,77.21%,$3.03B,$-0.04B,-1.42%,$3.03B,$-0.04B,-1.42%,$3.03B,$0.07B,2.14%,$3.03B,$-0.09B,-2.80%,$3.03B,$-0.03B,-1.06%,$-0.03B,$0.80B,-3.52%,$-0.03B,$0.06B,-28.89%,$-0.03B,$3.22B,-0.95%,$-0.04B,$1.48B,-2.71%,$687,$174,$513,$0,$469,$837,$-150,$-5,$-155,$-40,$-115,$-115,$-106,$-117,$-150,$144,144,$-0.74,$-0.74,$46,$28,$59,$577,$1355,$146,$737,$256,$2644,$3222,$949,$679,$290,$1476,$2425,$15,$976,$-56,$797,$3222,$-85,$108,$182,$290,$81,$-1,$-140,$-2,$-61,$144,$-134,$0,$-6,$0,$0,$0,$-2,$-142,$-0,$91,$91,$-0,$-0,$-100,$0,$-9,$-6,$13,$-100
41,2008-06-30,14.19,$6.31,2.25,$21.51,0.66,$-3.35,0.0,$0.61,23.27,$0.58B,$0.96B,0.61,$0.68B,$0.91B,0.75,$3.10B,$2.41B,77.90%,$3.10B,$0.14B,4.36%,$3.10B,$0.14B,4.36%,$3.10B,$0.21B,6.78%,$3.10B,$0.09B,3.00%,$3.10B,$0.09B,2.81%,$0.09B,$0.91B,9.26%,$0.09B,$0.09B,72.05%,$0.09B,$3.36B,2.54%,$0.14B,$1.59B,8.28%,$742,$169,$573,$0,$500,$702,$40,$-2,$38,$17,$21,$21,$21,$73,$40,$144,144,$0.15,$0.15,$42,$29,$62,$582,$1450,$143,$818,$267,$2776,$3358,$959,$679,$309,$1492,$2451,$15,$1082,$-50,$907,$3358,$21,$75,$22,$97,$85,$-2,$-95,$-5,$-18,$100,$-104,$0,$-5,$0,$0,$0,$-2,$-111,$-0,$67,$67,$-0,$-0,$-67,$0,$0,$-10,$11,$-67
42,2008-03-31,17.19,$6.61,2.6,$21.84,0.79,$-4.97,0.0,$1.28,13.43,$0.61B,$0.94B,0.65,$0.68B,$0.95B,0.72,$3.15B,$2.46B,78.29%,$3.15B,$0.14B,4.39%,$3.15B,$0.14B,4.39%,$3.15B,$0.18B,5.72%,$3.15B,$0.10B,3.05%,$3.15B,$0.18B,5.85%,$0.18B,$0.95B,19.75%,$0.18B,$0.13B,161.76%,$0.18B,$3.38B,5.35%,$0.14B,$1.63B,8.44%,$748,$171,$577,$0,$511,$742,$6,$-14,$-7,$-8,$0,$0,$-0,$48,$6,$144,144,$0.00,$0.00,$47,$32,$64,$612,$1444,$137,$822,$272,$2772,$3384,$943,$679,$308,$1490,$2434,$15,$1128,$-51,$950,$3384,$-0,$42,$24,$66,$65,$-5,$-87,$-5,$-31,$35,$-63,$0,$-5,$0,$0,$0,$-2,$-70,$-112,$175,$63,$-0,$-0,$-33,$0,$30,$-5,$9,$-33
43,2007-12-31,15.76,$6.81,2.32,$22.10,0.71,$-5.32,0.0,$1.45,10.87,$0.66B,$0.98B,0.68,$0.68B,$0.98B,0.69,$3.18B,$2.49B,78.30%,$3.18B,$0.19B,5.84%,$3.18B,$0.19B,5.84%,$3.18B,$0.19B,5.84%,$3.18B,$0.14B,4.52%,$3.18B,$0.21B,6.53%,$0.21B,$0.98B,23.28%,$0.21B,$0.17B,243.99%,$0.21B,$3.47B,5.87%,$0.19B,$1.66B,11.44%,$855,$177,$678,$0,$521,$795,$61,$-22,$39,$8,$31,$31,$53,$61,$61,$144,144,$0.37,$0.37,$52,$27,$56,$664,$1468,$138,$812,$279,$2809,$3473,$976,$679,$340,$1519,$2495,$15,$1170,$20,$978,$3473,$209,$190,$-143,$47,$-63,$10,$-86,$-6,$-145,$111,$-289,$0,$441,$0,$0,$0,$-4,$148,$-413,$195,$-218,$-4,$-4,$-125,$66,$-281,$-21,$13,$-125
44,2007-09-30,17.53,$6.41,2.73,$22.61,0.78,$-3.45,0.0,$-3.42,0.0,$0.62B,$0.88B,0.7,$0.73B,$0.92B,0.79,$3.26B,$2.54B,77.94%,$3.26B,$-0.56B,-17.18%,$3.26B,$-0.56B,-17.18%,$3.26B,$-0.56B,-17.18%,$3.26B,$-0.59B,-18.13%,$3.26B,$-0.49B,-15.12%,$-0.49B,$0.92B,-57.73%,$-0.49B,$0.10B,-939.05%,$-0.49B,$3.48B,-13.54%,$-0.56B,$1.65B,-34.66%,$754,$169,$586,$0,$506,$726,$28,$-5,$23,$9,$14,$14,$13,$28,$28,$144,144,$0.09,$0.09,$53,$27,$76,$619,$1424,$150,$823,$265,$2860,$3479,$879,$728,$395,$1677,$2556,$15,$1151,$-95,$922,$3479,$0,$0,$0,$0,$0,$0,$0,$0,$0,$29,$-301,$0,$532,$0,$0,$0,$-3,$228,$-433,$205,$-228,$-2,$-2,$-92,$45,$-276,$-19,$0,$-92
45,2007-06-30,22.3,$6.09,3.66,$22.49,0.99,$-1.58,0.0,$-3.41,0.0,$0.61B,$0.85B,0.72,$0.73B,$0.88B,0.83,$3.25B,$2.51B,77.42%,$3.25B,$-0.57B,-17.56%,$3.25B,$-0.57B,-17.56%,$3.25B,$-0.57B,-17.56%,$3.25B,$-0.60B,-18.55%,$3.25B,$-0.49B,-15.19%,$-0.49B,$0.88B,-48.85%,$-0.49B,$0.06B,-3585.45%,$-0.49B,$3.43B,-12.69%,$-0.57B,$1.60B,-31.88%,$789,$167,$622,$0,$503,$746,$43,$-2,$41,$19,$22,$22,$118,$43,$43,$144,144,$0.82,$0.82,$58,$28,$87,$611,$1400,$147,$815,$261,$2821,$3432,$848,$728,$380,$1707,$2555,$15,$1137,$-125,$876,$3432,$0,$0,$0,$0,$0,$0,$0,$0,$0,$-12,$-226,$0,$539,$0,$0,$0,$-7,$305,$-287,$0,$-287,$-0,$-0,$-59,$37,$-309,$-15,$0,$-59
46,2007-03-31,20.33,$5.55,3.66,$22.67,0.9,$0.27,75.26,$-3.81,0.0,$1.01B,$1.18B,0.86,$0.80B,$0.80B,1.0,$3.28B,$2.52B,76.84%,$3.28B,$-0.53B,-16.08%,$3.28B,$-0.53B,-16.08%,$3.28B,$-0.53B,-16.08%,$3.28B,$-0.56B,-17.12%,$3.28B,$-0.55B,-16.81%,$-0.55B,$0.80B,-46.91%,$-0.55B,$0.01B,706.41%,$-0.55B,$3.80B,-13.19%,$-0.53B,$1.59B,-26.75%,$786,$179,$607,$0,$508,$732,$54,$-13,$41,$21,$20,$20,$24,$54,$54,$144,144,$0.17,$0.17,$54,$31,$466,$1012,$1448,$142,$784,$251,$2788,$3800,$1175,$795,$379,$1826,$3001,$15,$1085,$-148,$798,$3800,$0,$0,$0,$0,$0,$0,$0,$0,$0,$35,$-113,$0,$-2,$0,$0,$0,$-7,$-122,$70,$0,$70,$-0,$-0,$-25,$24,$68,$-18,$0,$-25
47,2006-12-31,20.91,$5.71,3.67,$22.71,0.92,$0.89,23.57,$-3.74,0.0,$1.19B,$1.30B,0.91,$0.80B,$0.82B,0.97,$3.29B,$2.52B,76.60%,$3.29B,$-0.52B,-15.84%,$3.29B,$-0.52B,-15.84%,$3.29B,$-0.52B,-15.84%,$3.29B,$-0.55B,-16.78%,$3.29B,$-0.54B,-16.50%,$-0.54B,$0.82B,-40.02%,$-0.54B,$0.04B,337.27%,$-0.54B,$3.86B,-12.45%,$-0.52B,$1.62B,-23.92%,$931,$206,$726,$0,$542,$1617,$-685,$-10,$-696,$-35,$-661,$-661,$-648,$-685,$-685,$145,145,$-4.48,$-4.48,$72,$37,$600,$1185,$1375,$145,$784,$240,$2671,$3856,$1298,$795,$296,$1738,$3036,$15,$1111,$21,$820,$3856,$-543,$170,$737,$907,$37,$-8,$23,$0,$58,$422,$-332,$0,$-36,$0,$100,$100,$-21,$-289,$-15,$0,$-15,$-36,$-36,$-100,$45,$-106,$27,$23,$-100
