,Date,Stock Price,Book Value per Share,Price to Book Ratio,TTM Sales per Share,Price to Sales Ratio,TTM FCF per Share,Price to FCF Ratio,TTM Net EPS,PE Ratio,Current Assets,Current Liabilities,Current Ratio,Long Term Debt,Shareholder's Equity_x,Debt to Equity Ratio,TTM Revenue_x,TTM Gross Profit,Gross Margin,TTM Revenue_y,TTM Operating Income,Operating Margin,TTM Revenue_x,TTM EBIT,EBIT Margin,TTM Revenue_y,TTM EBITDA,EBITDA Margin,TTM Revenue_x,TTM Pre-Tax Income,Pre-Tax Margin,TTM Revenue_y,TTM Net Income_x,Net Margin,TTM Net Income_y,Shareholder's Equity_y,Return on Equity,TTM Net Income_x,Tangible Equity,Return on Tangible Equity,TTM Net Income_y,Total Assets,Return on Assets,TTM Net Income,LT Investments & Debt,Return on Investment,revenue,cost-goods-sold,gross-profit,research-development-expenses,selling-general-administrative-expenses,operating-expenses,operating-income,total-non-operating-income-expense,pre-tax-income,total-provision-income-taxes,income-after-taxes,income-from-continuous-operations,net-income,ebitda,ebit,basic-shares-outstanding,shares-outstanding,eps-basic-net-earnings-per-share,eps-earnings-per-share-diluted,cash-on-hand,inventory,other-current-assets,total-current-assets,net-property-plant-equipment,long-term-investments,goodwill-intangible-assets-total,other-long-term-assets,total-long-term-assets,total-assets,total-current-liabilities,long-term-debt,other-non-current-liabilities,total-long-term-liabilities,total-liabilities,common-stock-net,retained-earnings-accumulated-deficit,comprehensive-income,total-share-holder-equity,total-liabilities-share-holders-equity,net-income-loss,total-depreciation-amortization-cash-flow,other-non-cash-items,total-non-cash-items,change-in-accounts-receivable,change-in-inventories,change-in-accounts-payable,change-in-assets-liabilities,total-change-in-assets-liabilities,cash-flow-from-operating-activities,net-change-in-property-plant-equipment,net-change-in-intangible-assets,net-acquisitions-divestitures,net-change-in-short-term-investments,net-change-in-long-term-investments,net-change-in-investments-total,investing-activities-other,cash-flow-from-investing-activities,net-long-term-debt,net-current-debt,debt-issuance-retirement-net-total,net-common-equity-issued-repurchased,net-total-equity-issued-repurchased,total-common-preferred-stock-dividends-paid,financial-activities-other,cash-flow-from-financial-activities,net-cash-flow,stock-based-compensation,common-stock-dividends-paid
0,2018-09-30,56.89,$26.13,2.18,$4.57,12.46,$-6.05,0.0,$1.19,47.81,$0.14B,$0.12B,1.2,$6.78B,$7.71B,0.88,$1.30B,$1.23B,94.98%,$1.30B,$0.31B,23.53%,$1.30B,$0.31B,23.53%,$1.30B,$0.86B,66.20%,$1.30B,$0.35B,26.85%,$1.30B,$0.34B,26.16%,$0.34B,$7.71B,4.53%,$0.34B,$6.48B,5.43%,$0.34B,$15.10B,2.33%,$0.31B,$14.49B,2.18%,$338,$16,$322,$0,$16,$245,$93,$8,$101,$1,$99,$99,$99,$235,$93,$291,291,$0.34,$0.34,$7,$0,$0,$143,$13687,$0,$1228,$38,$14953,$15095,$119,$6780,$485,$7265,$7384,$10220,$-2544,$0,$7711,$15095,$279,$419,$-3,$416,$-2,$0,$0,$0,$-6,$690,$-1377,$0,$0,$0,$0,$0,$9,$-1368,$671,$0,$671,$596,$596,$-565,$-21,$681,$4,$0,$-565
1,2018-06-30,53.58,$25.90,2.07,$4.52,11.86,$-4.65,0.0,$1.17,45.79,$0.16B,$0.12B,1.28,$6.54B,$7.51B,0.87,$1.27B,$1.20B,94.78%,$1.27B,$0.30B,23.48%,$1.27B,$0.30B,23.48%,$1.27B,$0.84B,66.48%,$1.27B,$0.34B,26.56%,$1.27B,$0.33B,25.93%,$0.33B,$7.51B,4.44%,$0.33B,$6.27B,5.32%,$0.33B,$14.67B,2.31%,$0.30B,$14.05B,2.18%,$329,$16,$313,$0,$18,$239,$90,$8,$98,$1,$97,$97,$96,$231,$90,$285,285,$0.34,$0.34,$31,$0,$0,$157,$13230,$0,$1243,$44,$14517,$14674,$122,$6540,$499,$7039,$7162,$9926,$-2450,$0,$7512,$14674,$180,$276,$0,$277,$3,$0,$0,$0,$21,$477,$-847,$0,$48,$0,$0,$0,$9,$-790,$432,$0,$432,$303,$303,$-373,$-16,$346,$33,$0,$-373
2,2018-03-31,50.89,$25.66,1.98,$4.46,11.4,$-4.25,0.0,$1.13,45.03,$0.15B,$0.09B,1.58,$6.59B,$7.30B,0.9,$1.24B,$1.17B,94.66%,$1.24B,$0.29B,23.14%,$1.24B,$0.29B,23.14%,$1.24B,$0.82B,66.18%,$1.24B,$0.32B,25.89%,$1.24B,$0.31B,25.32%,$0.31B,$7.30B,4.30%,$0.31B,$6.02B,5.17%,$0.31B,$14.47B,2.24%,$0.29B,$13.89B,2.14%,$318,$17,$302,$0,$16,$237,$81,$3,$85,$1,$83,$83,$83,$217,$81,$284,284,$0.29,$0.29,$21,$0,$0,$146,$13002,$0,$1277,$49,$14328,$14474,$92,$6594,$490,$7084,$7176,$9625,$-2357,$0,$7298,$14474,$83,$136,$7,$143,$-2,$0,$0,$0,$-13,$214,$-494,$0,$0,$0,$0,$0,$1,$-493,$484,$0,$484,$2,$2,$-186,$-7,$294,$14,$0,$-186
3,2017-12-31,55.38,$26.00,2.13,$4.47,12.38,$-3.76,0.0,$1.11,49.89,$0.13B,$0.11B,1.15,$6.11B,$7.39B,0.83,$1.22B,$1.15B,94.33%,$1.22B,$0.29B,23.44%,$1.22B,$0.29B,23.44%,$1.22B,$0.81B,66.28%,$1.22B,$0.33B,26.73%,$1.22B,$0.30B,24.84%,$0.30B,$7.39B,4.19%,$0.30B,$6.18B,5.01%,$0.30B,$14.06B,2.21%,$0.29B,$13.50B,2.19%,$311,$17,$294,$0,$15,$269,$41,$23,$64,$3,$61,$61,$61,$175,$41,$273,274,$0.21,$0.21,$7,$0,$0,$126,$12677,$0,$1210,$45,$13932,$14058,$110,$6111,$446,$6558,$6667,$9624,$-2253,$0,$7391,$14058,$319,$521,$9,$531,$-0,$0,$0,$0,$26,$876,$-1262,$0,$0,$0,$0,$0,$7,$-1255,$158,$0,$158,$1397,$988,$-695,$-76,$375,$-4,$0,$-689
4,2017-09-30,54.91,$26.17,2.1,$4.47,12.29,$-5.92,0.0,$1.22,45.01,$0.12B,$0.09B,1.26,$5.79B,$7.37B,0.79,$1.19B,$1.12B,94.13%,$1.19B,$0.33B,27.66%,$1.19B,$0.33B,27.66%,$1.19B,$0.84B,70.41%,$1.19B,$0.35B,29.67%,$1.19B,$0.33B,27.41%,$0.33B,$7.37B,4.63%,$0.33B,$6.19B,5.53%,$0.33B,$13.70B,2.43%,$0.33B,$13.16B,2.57%,$307,$17,$290,$0,$14,$222,$85,$4,$89,$1,$88,$88,$88,$218,$85,$276,276,$0.32,$0.32,$3,$0,$0,$117,$12348,$0,$1180,$57,$13585,$13701,$93,$5787,$448,$6235,$6327,$9488,$-2134,$0,$7374,$13701,$258,$388,$-14,$374,$-1,$0,$0,$0,$9,$642,$-907,$0,$0,$0,$0,$0,$13,$-894,$-49,$0,$-49,$1261,$852,$-516,$-20,$267,$15,$0,$-510
5,2017-06-30,52.39,$25.62,2.05,$4.43,11.84,$-6.72,0.0,$1.17,44.78,$0.12B,$0.12B,1.02,$5.99B,$7.02B,0.85,$1.16B,$1.09B,94.07%,$1.16B,$0.32B,27.43%,$1.16B,$0.32B,27.43%,$1.16B,$0.81B,69.99%,$1.16B,$0.34B,29.49%,$1.16B,$0.31B,26.57%,$0.31B,$7.02B,4.47%,$0.31B,$5.83B,5.35%,$0.31B,$13.57B,2.35%,$0.32B,$13.01B,2.55%,$300,$16,$284,$0,$16,$221,$79,$3,$82,$0,$81,$81,$81,$208,$79,$273,273,$0.30,$0.30,$11,$0,$0,$118,$12207,$0,$1195,$54,$13456,$13574,$116,$5988,$449,$6437,$6553,$9047,$-2045,$0,$7021,$13574,$170,$255,$-8,$247,$3,$0,$0,$0,$45,$462,$-705,$0,$44,$0,$0,$0,$0,$-661,$153,$0,$153,$817,$408,$-342,$-14,$206,$7,$0,$-335
6,2017-03-31,55.9,$25.84,2.16,$4.39,12.72,$-6.85,0.0,$1.14,49.03,$0.13B,$0.09B,1.52,$5.42B,$7.06B,0.77,$1.13B,$1.07B,94.00%,$1.13B,$0.31B,27.16%,$1.13B,$0.31B,27.16%,$1.13B,$0.79B,69.66%,$1.13B,$0.34B,29.81%,$1.13B,$0.30B,26.19%,$0.30B,$7.06B,4.33%,$0.30B,$5.93B,5.16%,$0.30B,$13.42B,2.31%,$0.31B,$12.48B,2.52%,$298,$19,$279,$0,$14,$218,$80,$11,$90,$1,$89,$89,$72,$205,$80,$263,264,$0.27,$0.27,$28,$0,$0,$131,$12096,$0,$1123,$72,$13291,$13422,$87,$5424,$448,$6281,$6367,$8988,$-1953,$0,$7055,$13422,$89,$126,$-8,$118,$3,$0,$0,$0,$9,$216,$-347,$0,$0,$0,$0,$0,$0,$-347,$-410,$0,$-410,$762,$762,$-169,$-13,$170,$39,$0,$-163
7,2016-12-31,53.41,$26.09,2.05,$4.33,12.33,$-7.06,0.0,$1.12,47.69,$0.11B,$0.12B,0.94,$5.84B,$6.39B,0.91,$1.10B,$1.04B,94.20%,$1.10B,$0.30B,26.93%,$1.10B,$0.30B,26.93%,$1.10B,$0.77B,69.45%,$1.10B,$0.32B,28.92%,$1.10B,$0.29B,26.11%,$0.29B,$6.79B,4.29%,$0.29B,$5.69B,5.10%,$0.29B,$13.15B,2.31%,$0.30B,$12.63B,2.47%,$288,$17,$270,$0,$14,$201,$86,$7,$93,$0,$93,$93,$86,$209,$86,$255,256,$0.34,$0.34,$9,$0,$0,$114,$11904,$0,$1097,$38,$13039,$13153,$121,$5840,$405,$6245,$6366,$8229,$-1857,$0,$6787,$13153,$316,$467,$-13,$454,$-5,$0,$0,$0,$29,$800,$-1713,$0,$0,$0,$0,$0,$13,$-1701,$977,$0,$977,$552,$552,$-638,$-25,$866,$-35,$0,$-611
8,2016-09-30,61.54,$26.18,2.35,$4.32,14.24,$-5.68,0.0,$1.10,55.94,$0.12B,$0.10B,1.27,$5.25B,$6.38B,0.82,$1.08B,$1.02B,94.53%,$1.08B,$0.29B,26.88%,$1.08B,$0.29B,26.88%,$1.08B,$0.75B,69.05%,$1.08B,$0.31B,28.73%,$1.08B,$0.28B,25.76%,$0.28B,$6.77B,4.17%,$0.28B,$5.67B,4.97%,$0.28B,$12.54B,2.28%,$0.29B,$12.02B,2.48%,$277,$16,$261,$0,$12,$203,$74,$4,$78,$1,$77,$77,$70,$192,$74,$258,259,$0.27,$0.27,$30,$0,$0,$124,$11264,$0,$1103,$46,$12412,$12536,$98,$5251,$418,$5668,$5766,$8145,$-1786,$0,$6770,$12536,$224,$345,$-0,$345,$3,$0,$0,$0,$10,$579,$-1033,$0,$0,$0,$55,$55,$5,$-973,$395,$0,$395,$469,$469,$-474,$-6,$384,$-10,$0,$-454
9,2016-06-30,63.21,$26.44,2.39,$4.34,14.56,$-6.44,0.0,$1.09,57.99,$0.11B,$0.13B,0.83,$4.95B,$6.43B,0.77,$1.06B,$1.00B,94.63%,$1.06B,$0.28B,26.20%,$1.06B,$0.28B,26.20%,$1.06B,$0.72B,67.86%,$1.06B,$0.30B,28.37%,$1.06B,$0.27B,25.35%,$0.27B,$6.82B,4.15%,$0.27B,$5.74B,4.95%,$0.27B,$12.25B,2.25%,$0.28B,$11.77B,2.41%,$271,$15,$256,$0,$14,$203,$68,$9,$77,$1,$76,$76,$69,$184,$68,$253,254,$0.27,$0.27,$20,$0,$0,$108,$11008,$0,$1078,$55,$12142,$12249,$130,$4948,$352,$5299,$5429,$8105,$-1700,$0,$6820,$12249,$147,$227,$-0,$227,$7,$0,$0,$0,$-12,$361,$-621,$0,$0,$0,$35,$35,$-5,$-591,$93,$0,$93,$434,$434,$-312,$-5,$210,$-20,$0,$-299
10,2016-03-31,56.42,$25.89,2.18,$4.37,12.93,$-8.02,0.0,$1.07,52.73,$0.09B,$0.09B,1.06,$5.11B,$6.11B,0.84,$1.04B,$0.99B,94.54%,$1.04B,$0.27B,26.15%,$1.04B,$0.27B,26.15%,$1.04B,$0.71B,67.62%,$1.04B,$0.29B,27.87%,$1.04B,$0.26B,24.81%,$0.26B,$6.50B,4.13%,$0.26B,$5.47B,4.96%,$0.26B,$12.04B,2.19%,$0.27B,$11.61B,2.40%,$267,$15,$252,$0,$12,$198,$69,$2,$71,$1,$70,$70,$63,$181,$69,$250,251,$0.25,$0.25,$9,$0,$0,$92,$10868,$0,$1033,$44,$11945,$12037,$86,$5105,$345,$5450,$5537,$7700,$-1616,$0,$6500,$12037,$70,$112,$2,$114,$5,$0,$0,$0,$-48,$136,$-314,$0,$0,$0,$11,$11,$8,$-295,$251,$0,$251,$34,$34,$-154,$-4,$127,$-32,$0,$-147
11,2015-12-31,46.13,$26.17,1.76,$4.39,10.5,$-7.69,0.0,$1.09,42.32,$0.12B,$0.12B,1.05,$4.82B,$6.16B,0.78,$1.02B,$0.97B,94.53%,$1.02B,$0.27B,25.88%,$1.02B,$0.27B,25.88%,$1.02B,$0.69B,67.09%,$1.02B,$0.29B,28.22%,$1.02B,$0.26B,25.00%,$0.26B,$6.55B,4.22%,$0.26B,$5.50B,5.11%,$0.26B,$11.85B,2.21%,$0.27B,$11.37B,2.37%,$264,$13,$251,$0,$13,$185,$79,$5,$84,$1,$83,$83,$76,$188,$79,$236,236,$0.30,$0.31,$40,$0,$0,$122,$10619,$0,$1050,$55,$11723,$11845,$116,$4821,$355,$5176,$5292,$7666,$-1530,$0,$6553,$11845,$285,$421,$-17,$404,$-1,$0,$0,$0,$5,$694,$-1213,$0,$0,$0,$0,$0,$0,$-1213,$-83,$0,$-83,$1193,$1186,$-560,$-19,$523,$4,$0,$-533
12,2015-09-30,41.87,$25.47,1.64,$4.41,9.5,$-8.27,0.0,$1.10,38.06,$0.08B,$0.10B,0.84,$5.25B,$5.67B,0.93,$1.01B,$0.94B,93.65%,$1.01B,$0.24B,23.81%,$1.01B,$0.24B,23.81%,$1.01B,$0.65B,64.78%,$1.01B,$0.28B,28.17%,$1.01B,$0.25B,24.90%,$0.25B,$6.06B,4.30%,$0.25B,$5.01B,5.25%,$0.25B,$11.74B,2.20%,$0.24B,$11.32B,2.19%,$259,$14,$245,$0,$11,$197,$62,$6,$69,$1,$68,$68,$61,$167,$62,$236,237,$0.26,$0.26,$7,$0,$0,$82,$10509,$0,$1059,$88,$11657,$11739,$97,$5252,$326,$5578,$5675,$7108,$-1463,$0,$6064,$11739,$202,$312,$-7,$305,$2,$0,$0,$0,$-34,$473,$-1068,$0,$0,$0,$52,$52,$21,$-995,$325,$0,$325,$637,$631,$-413,$-17,$526,$3,$0,$-393
13,2015-06-30,38.74,$25.48,1.52,$4.38,8.85,$-8.64,0.0,$1.10,35.22,$0.09B,$0.11B,0.79,$5.31B,$5.59B,0.95,$0.99B,$0.92B,93.60%,$0.99B,$0.24B,24.47%,$0.99B,$0.24B,24.47%,$0.99B,$0.64B,65.38%,$0.99B,$0.29B,29.34%,$0.99B,$0.25B,25.18%,$0.25B,$5.98B,4.33%,$0.25B,$4.92B,5.33%,$0.25B,$11.73B,2.22%,$0.24B,$11.29B,2.25%,$254,$15,$239,$0,$13,$191,$63,$4,$67,$1,$66,$66,$59,$170,$63,$232,233,$0.26,$0.25,$19,$0,$0,$89,$10490,$0,$1067,$82,$11639,$11728,$113,$5306,$325,$5631,$5744,$6954,$-1389,$0,$5984,$11728,$134,$207,$-9,$199,$2,$0,$0,$0,$-11,$322,$-927,$0,$0,$0,$30,$30,$21,$-875,$378,$0,$378,$484,$478,$-272,$-15,$568,$15,$0,$-258
14,2015-03-31,44.48,$24.99,1.78,$4.32,10.3,$-8.76,0.0,$1.08,41.19,$0.08B,$0.08B,1.02,$5.03B,$5.28B,0.95,$0.96B,$0.90B,93.96%,$0.96B,$0.24B,24.90%,$0.96B,$0.24B,24.90%,$0.96B,$0.63B,65.63%,$0.96B,$0.29B,29.69%,$0.96B,$0.24B,25.00%,$0.24B,$5.67B,4.22%,$0.24B,$4.60B,5.19%,$0.24B,$11.09B,2.19%,$0.24B,$10.70B,2.27%,$247,$14,$233,$0,$13,$185,$61,$7,$69,$1,$68,$68,$60,$162,$61,$225,226,$0.27,$0.27,$12,$0,$0,$79,$9853,$0,$1072,$88,$11013,$11092,$78,$5025,$315,$5340,$5418,$6570,$-1315,$0,$5674,$11092,$68,$101,$-7,$94,$1,$0,$0,$0,$-44,$118,$-204,$0,$18,$0,$22,$22,$0,$-164,$96,$0,$96,$102,$95,$-133,$-3,$54,$8,$0,$-127
15,2014-12-31,40.68,$25.08,1.62,$4.29,9.47,$-10.75,0.0,$1.04,39.12,$0.07B,$0.12B,0.55,$4.93B,$5.25B,0.94,$0.94B,$0.88B,94.12%,$0.94B,$0.23B,24.92%,$0.94B,$0.23B,24.92%,$0.94B,$0.62B,65.88%,$0.94B,$0.27B,29.09%,$0.94B,$0.23B,24.28%,$0.23B,$5.64B,4.04%,$0.23B,$4.59B,4.97%,$0.23B,$11.01B,2.10%,$0.23B,$10.57B,2.24%,$248,$20,$227,$0,$16,$193,$54,$25,$79,$1,$78,$78,$71,$154,$54,$218,219,$0.32,$0.32,$4,$0,$0,$68,$9782,$0,$1055,$108,$10944,$11013,$123,$4931,$317,$5248,$5372,$6465,$-1247,$0,$5641,$11013,$272,$382,$-43,$339,$-3,$0,$0,$0,$17,$628,$-1234,$0,$7,$0,$89,$89,$-36,$-1175,$608,$0,$608,$687,$467,$-518,$-17,$541,$-6,$0,$-479
16,2014-09-30,34.38,$25.11,1.37,$4.29,8.02,$-12.77,0.0,$0.98,35.08,$0.07B,$0.08B,0.83,$4.76B,$5.20B,0.92,$0.90B,$0.86B,94.80%,$0.90B,$0.23B,25.36%,$0.90B,$0.23B,25.36%,$0.90B,$0.60B,66.89%,$0.90B,$0.24B,26.91%,$0.90B,$0.21B,23.26%,$0.21B,$5.59B,3.78%,$0.21B,$4.52B,4.63%,$0.21B,$10.94B,1.99%,$0.23B,$10.35B,2.26%,$236,$13,$223,$0,$11,$172,$63,$11,$74,$1,$74,$74,$58,$158,$63,$222,222,$0.26,$0.26,$17,$0,$0,$65,$9702,$0,$1075,$98,$10875,$10940,$78,$4762,$289,$5271,$5349,$6361,$-1195,$0,$5590,$10940,$194,$283,$-18,$265,$12,$0,$0,$0,$-18,$440,$-1081,$0,$7,$0,$47,$47,$-27,$-1054,$438,$0,$438,$585,$585,$-388,$-14,$621,$7,$0,$-357
17,2014-06-30,36.97,$26.34,1.4,$4.26,8.68,$-14.70,0.0,$0.93,39.75,$0.05B,$0.10B,0.53,$4.59B,$5.26B,0.87,$0.87B,$0.83B,95.17%,$0.87B,$0.21B,24.40%,$0.87B,$0.21B,24.40%,$0.87B,$0.58B,66.74%,$0.87B,$0.22B,24.74%,$0.87B,$0.19B,22.21%,$0.19B,$5.86B,3.56%,$0.19B,$4.80B,4.36%,$0.19B,$10.81B,1.88%,$0.21B,$10.46B,2.13%,$229,$10,$219,$0,$12,$168,$61,$2,$63,$1,$62,$62,$51,$156,$61,$221,221,$0.23,$0.23,$9,$0,$0,$53,$9621,$0,$1064,$75,$10760,$10812,$99,$4593,$256,$4849,$4948,$6357,$-1131,$0,$5864,$10812,$120,$188,$-7,$182,$13,$0,$0,$0,$-3,$299,$-902,$0,$7,$0,$13,$13,$-5,$-887,$271,$0,$271,$583,$583,$-256,$-11,$587,$-1,$0,$-235
18,2014-03-31,33.58,$25.79,1.3,$4.17,8.04,$-14.68,0.0,$0.93,36.11,$0.05B,$0.07B,0.77,$4.82B,$4.75B,1.02,$0.83B,$0.79B,95.28%,$0.83B,$0.20B,24.70%,$0.83B,$0.20B,24.70%,$0.83B,$0.55B,67.07%,$0.83B,$0.21B,24.82%,$0.83B,$0.19B,22.76%,$0.19B,$5.36B,3.59%,$0.19B,$4.35B,4.42%,$0.19B,$10.48B,1.89%,$0.20B,$10.17B,2.12%,$222,$11,$211,$0,$13,$167,$55,$1,$56,$1,$55,$55,$47,$148,$55,$207,207,$0.23,$0.23,$14,$0,$0,$54,$9353,$0,$1002,$71,$10426,$10481,$70,$4818,$238,$5056,$5126,$5774,$-1058,$0,$5355,$10481,$58,$93,$-3,$90,$10,$0,$0,$0,$-33,$114,$-605,$0,$7,$0,$6,$6,$-0,$-593,$610,$0,$610,$2,$2,$-124,$-6,$483,$4,$0,$-113
19,2013-12-31,30.28,$26.13,1.16,$4.13,7.34,$-12.58,0.0,$1.06,28.57,$0.05B,$0.10B,0.48,$4.17B,$4.81B,0.87,$0.78B,$0.74B,95.13%,$0.78B,$0.18B,23.46%,$0.78B,$0.18B,23.46%,$0.78B,$0.51B,65.51%,$0.78B,$0.18B,23.46%,$0.78B,$0.20B,26.15%,$0.20B,$5.42B,3.94%,$0.20B,$4.47B,4.82%,$0.20B,$9.92B,2.15%,$0.18B,$9.59B,1.98%,$216,$13,$203,$0,$17,$166,$50,$0,$50,$1,$50,$50,$54,$142,$50,$192,192,$0.25,$0.26,$10,$0,$0,$50,$8797,$0,$951,$127,$9875,$9924,$103,$4167,$234,$4401,$4503,$5768,$-992,$0,$5421,$9924,$246,$327,$-72,$256,$-2,$0,$0,$0,$17,$519,$-1438,$0,$127,$0,$0,$0,$-21,$-1332,$105,$0,$105,$1189,$1189,$-451,$-25,$818,$5,$0,$-409
20,2013-09-30,31.8,$25.70,1.24,$4.07,7.82,$-13.02,0.0,$1.01,31.49,$0.04B,$0.07B,0.61,$4.55B,$4.44B,1.03,$0.71B,$0.67B,94.19%,$0.71B,$0.17B,23.51%,$0.71B,$0.17B,23.51%,$0.71B,$0.45B,63.46%,$0.71B,$0.17B,23.51%,$0.71B,$0.18B,25.35%,$0.18B,$5.05B,4.04%,$0.18B,$4.08B,4.90%,$0.18B,$9.88B,2.14%,$0.17B,$9.60B,2.04%,$202,$8,$194,$0,$17,$156,$46,$0,$46,$1,$46,$46,$41,$134,$46,$196,197,$0.21,$0.21,$10,$0,$0,$42,$8721,$0,$972,$146,$9839,$9881,$69,$4549,$216,$4765,$4835,$5334,$-933,$0,$5046,$9881,$182,$235,$-50,$186,$1,$0,$0,$0,$-22,$346,$-1292,$0,$99,$0,$0,$0,$-18,$-1211,$462,$0,$462,$759,$759,$-330,$-20,$870,$5,$0,$-299
21,2013-06-30,33.1,$26.01,1.27,$3.92,8.44,$-11.56,0.0,$1.00,33.1,$0.05B,$0.08B,0.65,$4.05B,$4.50B,0.9,$0.62B,$0.59B,94.52%,$0.62B,$0.15B,24.80%,$0.62B,$0.15B,24.80%,$0.62B,$0.39B,63.12%,$0.62B,$0.15B,24.80%,$0.62B,$0.17B,26.57%,$0.17B,$5.11B,4.37%,$0.17B,$4.12B,5.09%,$0.17B,$9.42B,2.30%,$0.15B,$9.15B,2.21%,$186,$8,$179,$0,$12,$134,$53,$0,$53,$1,$52,$52,$46,$130,$53,$196,196,$0.23,$0.23,$23,$0,$0,$50,$8231,$0,$988,$147,$9365,$9416,$77,$4048,$185,$4233,$4310,$5330,$-870,$0,$5105,$9416,$130,$148,$-43,$105,$-6,$0,$0,$0,$-14,$221,$-752,$0,$76,$0,$0,$0,$-24,$-699,$-42,$0,$-42,$757,$757,$-213,$-7,$495,$17,$0,$-192
22,2013-03-31,35.39,$26.20,1.35,$3.82,9.26,$-9.36,0.0,$1.02,34.7,$0.03B,$0.05B,0.56,$3.40B,$4.53B,0.75,$0.55B,$0.52B,94.71%,$0.55B,$0.14B,25.55%,$0.55B,$0.14B,25.55%,$0.55B,$0.34B,61.68%,$0.55B,$0.14B,25.55%,$0.55B,$0.15B,27.74%,$0.15B,$5.14B,4.88%,$0.15B,$4.28B,5.37%,$0.15B,$8.76B,2.55%,$0.14B,$8.54B,2.41%,$176,$10,$166,$0,$12,$142,$34,$0,$34,$1,$33,$33,$63,$105,$34,$172,172,$0.37,$0.36,$4,$0,$0,$29,$7703,$0,$865,$167,$8735,$8764,$52,$3401,$170,$3570,$3622,$5326,$-808,$0,$5141,$8764,$73,$71,$-39,$32,$-3,$0,$0,$0,$-49,$56,$-102,$0,$59,$0,$0,$0,$-47,$-89,$-625,$0,$-625,$756,$756,$-95,$-4,$32,$-1,$0,$-85
23,2012-12-31,31.0,$18.08,1.71,$3.65,8.5,$-8.78,0.0,$0.86,36.05,$0.03B,$0.07B,0.38,$2.87B,$1.80B,1.59,$0.48B,$0.46B,95.66%,$0.48B,$0.14B,29.55%,$0.48B,$0.14B,29.55%,$0.48B,$0.31B,63.64%,$0.48B,$0.14B,29.55%,$0.48B,$0.12B,23.76%,$0.12B,$2.41B,4.70%,$0.12B,$2.15B,4.85%,$0.12B,$5.43B,2.37%,$0.14B,$5.28B,3.01%,$142,$16,$126,$0,$10,$109,$33,$0,$33,$-0,$33,$33,$29,$79,$33,$133,133,$0.21,$0.21,$5,$0,$0,$27,$5042,$0,$259,$101,$5402,$5429,$70,$2870,$76,$2946,$3017,$2572,$-769,$0,$2413,$5429,$159,$164,$-5,$159,$1,$0,$0,$0,$9,$326,$-1022,$0,$51,$0,$0,$0,$-37,$-1008,$709,$0,$709,$2,$270,$-276,$-20,$683,$1,$0,$-236
24,2012-09-30,31.17,$18.30,1.7,$3.43,9.09,$-8.76,0.0,$0.91,34.25,$0.02B,$0.04B,0.53,$2.49B,$1.83B,1.36,$0.45B,$0.43B,96.66%,$0.45B,$0.14B,31.18%,$0.45B,$0.14B,31.18%,$0.45B,$0.30B,65.92%,$0.45B,$0.14B,31.18%,$0.45B,$0.12B,26.95%,$0.12B,$2.44B,5.02%,$0.12B,$2.43B,5.06%,$0.12B,$5.04B,2.63%,$0.14B,$4.94B,3.11%,$117,$2,$116,$0,$9,$83,$34,$0,$34,$0,$34,$34,$27,$78,$34,$133,133,$0.20,$0.20,$3,$0,$0,$20,$4735,$0,$17,$265,$5016,$5036,$38,$2492,$63,$2556,$2594,$2570,$-737,$0,$2443,$5036,$120,$118,$-5,$113,$4,$0,$0,$0,$-25,$209,$-655,$0,$34,$0,$0,$0,$-5,$-626,$360,$0,$360,$2,$270,$-205,$-10,$416,$-1,$0,$-176
25,2012-06-30,31.49,$18.53,1.7,$3.39,9.3,$-9.88,0.0,$0.98,32.14,$0.02B,$0.06B,0.4,$1.99B,$1.86B,1.07,$0.44B,$0.42B,96.58%,$0.44B,$0.14B,32.65%,$0.44B,$0.14B,32.65%,$0.44B,$0.29B,65.75%,$0.44B,$0.14B,32.65%,$0.44B,$0.13B,29.45%,$0.13B,$2.47B,5.45%,$0.13B,$2.46B,5.49%,$0.13B,$4.58B,2.92%,$0.14B,$4.46B,3.31%,$113,$2,$111,$0,$9,$75,$39,$0,$39,$0,$38,$38,$33,$76,$39,$133,133,$0.25,$0.25,$6,$0,$0,$24,$4304,$0,$17,$232,$4553,$4577,$59,$1990,$54,$2044,$2104,$2567,$-704,$0,$2473,$4577,$83,$74,$-2,$72,$2,$0,$0,$0,$1,$156,$-222,$0,$19,$0,$0,$0,$-10,$-214,$-65,$0,$-65,$2,$269,$-135,$-10,$60,$2,$0,$-117
26,2012-03-31,28.88,$18.45,1.57,$3.34,8.65,$-10.71,0.0,$0.99,29.17,$0.02B,$0.03B,0.66,$1.85B,$1.89B,0.98,$0.43B,$0.41B,96.49%,$0.43B,$0.14B,33.26%,$0.43B,$0.14B,33.26%,$0.43B,$0.28B,65.57%,$0.43B,$0.14B,33.26%,$0.43B,$0.13B,30.21%,$0.13B,$2.46B,5.68%,$0.13B,$2.44B,5.72%,$0.13B,$4.40B,3.02%,$0.14B,$4.31B,3.40%,$112,$2,$110,$0,$9,$75,$37,$0,$37,$0,$37,$37,$26,$75,$37,$133,133,$0.20,$0.20,$5,$0,$0,$23,$4138,$0,$17,$221,$4376,$4398,$34,$1850,$53,$1903,$1937,$2564,$-678,$0,$2461,$4398,$39,$37,$0,$38,$-0,$0,$0,$0,$-27,$50,$-9,$0,$4,$0,$0,$0,$-4,$-9,$-205,$0,$-205,$1,$234,$-66,$-3,$-40,$1,$0,$-58
27,2011-12-31,25.77,$16.93,1.52,$3.31,7.78,$-11.93,0.0,$1.04,24.77,$0.02B,$0.06B,0.33,$2.06B,$1.92B,1.07,$0.41B,$0.40B,96.60%,$0.41B,$0.14B,34.22%,$0.41B,$0.14B,34.22%,$0.41B,$0.27B,65.53%,$0.41B,$0.14B,34.22%,$0.41B,$0.13B,32.28%,$0.13B,$2.26B,6.09%,$0.13B,$2.24B,6.14%,$0.13B,$4.42B,3.23%,$0.14B,$4.31B,3.50%,$107,$10,$97,$0,$8,$77,$30,$0,$30,$0,$30,$30,$35,$67,$30,$126,126,$0.27,$0.27,$4,$0,$0,$20,$4160,$0,$17,$223,$4400,$4419,$59,$2055,$51,$2106,$2165,$2563,$-646,$0,$2255,$4419,$157,$129,$2,$131,$3,$0,$0,$0,$11,$299,$-957,$0,$22,$0,$2,$2,$-2,$-935,$387,$0,$387,$491,$491,$-244,$-12,$622,$-13,$0,$-219
28,2011-09-30,23.36,$17.08,1.37,$3.23,7.23,$-11.18,0.0,$1.06,22.04,$0.02B,$0.04B,0.51,$1.92B,$1.94B,0.99,$0.39B,$0.38B,98.71%,$0.39B,$0.14B,35.92%,$0.39B,$0.14B,35.92%,$0.39B,$0.25B,65.63%,$0.39B,$0.14B,35.92%,$0.39B,$0.13B,33.59%,$0.13B,$2.28B,6.25%,$0.13B,$2.26B,6.30%,$0.13B,$4.28B,3.34%,$0.14B,$4.19B,3.65%,$106,$2,$105,$0,$7,$69,$37,$0,$37,$0,$37,$37,$35,$70,$37,$126,127,$0.27,$0.27,$6,$0,$0,$18,$4018,$0,$17,$222,$4257,$4275,$35,$1915,$50,$1965,$1999,$2561,$-623,$0,$2276,$4275,$116,$93,$-3,$90,$9,$0,$0,$0,$-7,$199,$-766,$0,$12,$0,$1,$1,$-3,$-757,$246,$0,$246,$490,$490,$-179,$-12,$545,$-12,$0,$-161
29,2011-06-30,23.95,$16.48,1.45,$3.23,7.42,$-8.13,0.0,$1.04,23.03,$0.17B,$0.05B,3.21,$1.81B,$1.75B,1.03,$0.37B,$0.36B,98.37%,$0.37B,$0.13B,35.87%,$0.37B,$0.13B,35.87%,$0.37B,$0.24B,64.95%,$0.37B,$0.13B,35.87%,$0.37B,$0.12B,32.88%,$0.12B,$2.09B,6.31%,$0.12B,$2.07B,6.36%,$0.12B,$3.99B,3.32%,$0.13B,$3.90B,3.70%,$102,$2,$100,$0,$8,$64,$38,$0,$38,$0,$37,$37,$33,$68,$38,$126,126,$0.26,$0.26,$156,$0,$0,$167,$3633,$0,$17,$174,$3824,$3991,$52,$1810,$38,$1848,$1900,$2355,$-601,$0,$2091,$3991,$75,$59,$-0,$59,$8,$0,$0,$0,$3,$137,$-304,$0,$4,$0,$1,$1,$-6,$-305,$150,$0,$150,$286,$286,$-118,$-12,$306,$138,$0,$-106
30,2011-03-31,24.69,$16.64,1.48,$3.22,7.68,$-8.54,0.0,$1.02,24.21,$0.14B,$0.02B,5.89,$1.60B,$1.77B,0.9,$0.35B,$0.34B,98.56%,$0.35B,$0.12B,35.34%,$0.35B,$0.12B,35.34%,$0.35B,$0.23B,64.66%,$0.35B,$0.12B,35.34%,$0.35B,$0.11B,32.47%,$0.11B,$2.11B,6.43%,$0.11B,$2.09B,6.49%,$0.11B,$3.77B,3.29%,$0.12B,$3.71B,3.66%,$97,$2,$96,$0,$8,$61,$36,$0,$36,$0,$36,$36,$30,$65,$36,$119,119,$0.25,$0.25,$130,$0,$0,$140,$3497,$0,$17,$116,$3630,$3771,$24,$1600,$37,$1637,$1660,$2352,$-580,$0,$2110,$3771,$36,$29,$0,$29,$8,$0,$0,$0,$-24,$42,$-151,$0,$1,$0,$0,$0,$-6,$-156,$0,$0,$0,$286,$286,$-57,$-2,$226,$112,$0,$-51
31,2010-12-31,23.86,$15.64,1.53,$3.20,7.47,$-7.55,0.0,$1.00,23.86,$0.03B,$0.05B,0.62,$1.60B,$1.51B,1.06,$0.33B,$0.33B,98.20%,$0.33B,$0.12B,35.03%,$0.33B,$0.12B,35.03%,$0.33B,$0.21B,64.07%,$0.33B,$0.12B,35.03%,$0.33B,$0.11B,32.04%,$0.11B,$1.85B,6.70%,$0.11B,$1.83B,6.77%,$0.11B,$3.54B,3.33%,$0.12B,$3.45B,3.71%,$82,$0,$81,$0,$6,$54,$28,$0,$28,$1,$28,$28,$32,$51,$28,$106,106,$0.30,$0.30,$18,$0,$0,$29,$3405,$0,$17,$85,$3507,$3536,$47,$1600,$42,$1642,$1689,$2066,$-557,$0,$1847,$3536,$131,$98,$-3,$95,$5,$0,$0,$0,$18,$243,$-717,$0,$26,$0,$0,$0,$-6,$-697,$242,$0,$242,$433,$433,$-207,$-6,$462,$8,$0,$-183
32,2010-09-30,23.24,$14.70,1.58,$3.17,7.33,$-1.49,0.0,$1.00,23.24,$0.17B,$0.03B,6.18,$1.60B,$1.29B,1.24,$0.33B,$0.32B,98.18%,$0.33B,$0.12B,35.56%,$0.33B,$0.12B,35.56%,$0.33B,$0.21B,65.05%,$0.33B,$0.12B,35.56%,$0.33B,$0.10B,31.61%,$0.10B,$1.63B,6.90%,$0.10B,$1.61B,6.98%,$0.10B,$3.29B,3.40%,$0.12B,$3.23B,3.90%,$87,$2,$85,$0,$6,$57,$30,$0,$30,$0,$30,$30,$26,$55,$30,$104,104,$0.25,$0.25,$156,$0,$0,$166,$3040,$0,$17,$63,$3120,$3286,$27,$1600,$32,$1632,$1659,$1829,$-540,$0,$1627,$3286,$93,$75,$-3,$72,$7,$0,$0,$0,$-8,$157,$-305,$0,$15,$0,$0,$0,$-6,$-295,$242,$0,$242,$197,$197,$-153,$-2,$284,$146,$0,$-135
33,2010-06-30,20.63,$13.87,1.49,$3.12,6.6,$1.24,16.6,$1.01,20.42,$0.01B,$0.04B,0.29,$1.63B,$1.11B,1.46,$0.32B,$0.32B,98.45%,$0.32B,$0.12B,36.53%,$0.32B,$0.12B,36.53%,$0.32B,$0.21B,65.94%,$0.32B,$0.12B,36.53%,$0.32B,$0.11B,32.51%,$0.11B,$1.45B,7.11%,$0.11B,$1.43B,7.19%,$0.11B,$3.14B,3.54%,$0.12B,$3.08B,4.06%,$82,$2,$81,$0,$7,$53,$29,$0,$29,$0,$29,$29,$25,$54,$29,$104,104,$0.24,$0.24,$1,$0,$0,$11,$3056,$0,$17,$59,$3132,$3143,$38,$1627,$29,$1656,$1694,$1631,$-520,$0,$1449,$3143,$61,$50,$-2,$48,$6,$0,$0,$0,$1,$111,$-291,$0,$6,$0,$0,$0,$-0,$-285,$269,$0,$269,$0,$0,$-102,$-2,$165,$-9,$0,$-90
34,2010-03-31,20.59,$14.06,1.47,$3.12,6.61,$3.98,5.17,$1.03,19.99,$0.01B,$0.02B,0.53,$1.39B,$1.13B,1.23,$0.32B,$0.32B,98.45%,$0.32B,$0.12B,36.96%,$0.32B,$0.12B,36.96%,$0.32B,$0.21B,66.15%,$0.32B,$0.12B,36.96%,$0.32B,$0.11B,32.92%,$0.11B,$1.47B,7.10%,$0.11B,$1.45B,7.18%,$0.11B,$2.91B,3.64%,$0.12B,$2.86B,4.17%,$83,$2,$81,$0,$7,$53,$30,$0,$30,$0,$29,$29,$24,$54,$30,$104,104,$0.22,$0.22,$1,$0,$0,$10,$2821,$0,$17,$57,$2895,$2906,$19,$1390,$29,$1419,$1438,$1629,$-500,$0,$1467,$2906,$30,$25,$-0,$24,$6,$0,$0,$0,$-18,$37,$-29,$0,$1,$0,$0,$0,$-1,$-29,$35,$0,$35,$-2,$-2,$-51,$0,$-17,$-9,$0,$-45
35,2009-12-31,17.13,$14.27,1.2,$3.12,5.5,$4.23,4.05,$1.03,16.63,$0.02B,$0.04B,0.53,$1.36B,$1.15B,1.18,$0.32B,$0.32B,98.14%,$0.32B,$0.12B,36.96%,$0.32B,$0.12B,36.96%,$0.32B,$0.21B,66.15%,$0.32B,$0.12B,36.96%,$0.32B,$0.11B,32.92%,$0.11B,$1.49B,7.02%,$0.11B,$1.47B,7.10%,$0.11B,$2.92B,3.63%,$0.12B,$2.84B,4.16%,$77,$1,$76,$0,$5,$49,$28,$0,$28,$-0,$28,$28,$29,$51,$28,$104,104,$0.28,$0.28,$10,$0,$0,$20,$2817,$0,$17,$60,$2894,$2915,$38,$1355,$34,$1388,$1427,$1629,$-479,$0,$1488,$2915,$131,$95,$-4,$91,$4,$0,$0,$0,$4,$227,$-61,$0,$20,$0,$0,$0,$-4,$-46,$-15,$0,$-15,$0,$0,$-202,$-0,$-218,$-37,$0,$-178
36,2009-09-30,16.67,$14.41,1.16,$3.14,5.31,$3.14,5.3,$1.02,16.34,$0.03B,$0.02B,1.43,$1.35B,$1.17B,1.16,$0.32B,$0.32B,98.14%,$0.32B,$0.12B,35.60%,$0.32B,$0.12B,35.60%,$0.32B,$0.21B,64.71%,$0.32B,$0.12B,35.60%,$0.32B,$0.11B,32.51%,$0.11B,$1.50B,6.87%,$0.11B,$1.49B,6.95%,$0.11B,$2.90B,3.57%,$0.12B,$2.85B,3.99%,$81,$1,$80,$0,$5,$50,$31,$0,$31,$0,$31,$31,$27,$54,$31,$103,103,$0.26,$0.26,$20,$0,$0,$30,$2801,$0,$17,$54,$2872,$2901,$21,$1350,$28,$1378,$1399,$1628,$-464,$0,$1502,$2901,$96,$72,$-3,$69,$5,$0,$0,$0,$-16,$149,$-14,$0,$10,$0,$0,$0,$0,$-4,$-20,$0,$-20,$0,$0,$-152,$-0,$-172,$-27,$0,$-133
37,2009-06-30,14.01,$14.56,0.96,$3.17,4.41,$1.67,8.38,$1.05,13.34,$0.05B,$0.04B,1.27,$1.35B,$1.18B,1.14,$0.32B,$0.32B,97.84%,$0.32B,$0.11B,34.88%,$0.32B,$0.11B,34.88%,$0.32B,$0.21B,63.89%,$0.32B,$0.11B,34.88%,$0.32B,$0.11B,33.02%,$0.11B,$1.52B,6.93%,$0.11B,$1.50B,7.01%,$0.11B,$2.93B,3.58%,$0.11B,$2.87B,3.86%,$81,$2,$80,$0,$5,$51,$30,$0,$30,$0,$30,$30,$26,$54,$30,$103,103,$0.26,$0.26,$36,$0,$0,$46,$2815,$0,$17,$54,$2886,$2933,$37,$1350,$27,$1377,$1414,$1627,$-446,$0,$1519,$2933,$63,$48,$-2,$47,$3,$0,$0,$0,$-3,$107,$-3,$0,$6,$0,$0,$0,$0,$3,$-20,$0,$-20,$0,$0,$-101,$-0,$-121,$-11,$0,$-89
38,2009-03-31,11.79,$14.72,0.8,$3.21,3.68,$0.11,108.8,$1.06,11.13,$0.02B,$0.02B,1.15,$1.35B,$1.20B,1.13,$0.33B,$0.32B,97.85%,$0.33B,$0.11B,34.15%,$0.33B,$0.11B,34.15%,$0.33B,$0.21B,63.38%,$0.33B,$0.11B,34.15%,$0.33B,$0.11B,33.23%,$0.11B,$1.54B,7.00%,$0.11B,$1.52B,7.08%,$0.11B,$2.93B,3.58%,$0.11B,$2.89B,3.75%,$83,$2,$80,$0,$6,$52,$30,$0,$30,$0,$30,$30,$24,$54,$30,$103,103,$0.23,$0.23,$10,$0,$0,$21,$2840,$0,$17,$53,$2911,$2932,$18,$1350,$28,$1378,$1396,$1626,$-428,$0,$1535,$2932,$30,$24,$0,$25,$4,$0,$0,$0,$-19,$36,$-2,$0,$1,$0,$0,$0,$0,$-1,$-20,$0,$-20,$0,$0,$-50,$-0,$-71,$-36,$0,$-44
39,2008-12-31,14.17,$14.92,0.95,$3.23,4.39,$-1.53,0.0,$1.07,13.24,$0.06B,$0.04B,1.51,$1.37B,$1.22B,1.13,$0.33B,$0.32B,98.15%,$0.33B,$0.11B,34.15%,$0.33B,$0.11B,34.15%,$0.33B,$0.21B,63.38%,$0.33B,$0.11B,34.15%,$0.33B,$0.11B,33.23%,$0.11B,$1.56B,7.02%,$0.11B,$1.54B,7.10%,$0.11B,$2.99B,3.55%,$0.11B,$2.93B,3.72%,$78,$1,$77,$0,$5,$54,$24,$0,$24,$0,$24,$24,$28,$47,$24,$101,101,$0.26,$0.26,$47,$0,$0,$57,$2862,$0,$17,$57,$2937,$2994,$38,$1370,$31,$1401,$1440,$1625,$-408,$0,$1555,$2994,$132,$94,$19,$114,$-1,$0,$0,$0,$1,$246,$-194,$0,$27,$0,$0,$0,$-3,$-170,$-100,$0,$-100,$75,$75,$-194,$-3,$-223,$-146,$0,$-170
40,2008-09-30,15.37,$15.05,1.02,$3.22,4.77,$-3.92,0.0,$1.07,14.37,$0.12B,$0.02B,5.54,$1.47B,$1.23B,1.19,$0.32B,$0.32B,98.45%,$0.32B,$0.11B,35.29%,$0.32B,$0.11B,35.29%,$0.32B,$0.21B,64.40%,$0.32B,$0.11B,35.29%,$0.32B,$0.11B,33.13%,$0.11B,$1.57B,6.97%,$0.11B,$1.55B,7.05%,$0.11B,$3.09B,3.49%,$0.11B,$3.04B,3.79%,$82,$2,$80,$0,$5,$53,$29,$0,$29,$0,$28,$28,$29,$52,$29,$100,100,$0.29,$0.29,$113,$0,$0,$121,$2887,$0,$17,$64,$2969,$3090,$22,$1470,$29,$1499,$1521,$1624,$-392,$0,$1570,$3090,$98,$71,$22,$94,$1,$0,$0,$0,$-17,$174,$-191,$0,$8,$0,$0,$0,$0,$-183,$0,$0,$0,$74,$74,$-144,$-3,$-72,$-81,$0,$-126
41,2008-06-30,13.44,$14.88,0.9,$3.14,4.29,$-5.34,0.0,$1.06,12.68,$0.05B,$0.04B,1.3,$1.47B,$1.17B,1.26,$0.32B,$0.31B,98.73%,$0.32B,$0.12B,36.83%,$0.32B,$0.12B,36.83%,$0.32B,$0.21B,65.71%,$0.32B,$0.12B,36.83%,$0.32B,$0.11B,33.65%,$0.11B,$1.51B,6.93%,$0.11B,$1.49B,7.01%,$0.11B,$3.04B,3.47%,$0.12B,$2.98B,3.87%,$82,$1,$81,$0,$6,$54,$28,$0,$28,$0,$28,$28,$27,$53,$28,$100,100,$0.27,$0.27,$39,$0,$0,$49,$2914,$0,$17,$63,$2994,$3043,$37,$1470,$27,$1497,$1535,$1548,$-378,$0,$1508,$3043,$63,$48,$23,$71,$-0,$0,$0,$0,$-5,$129,$-185,$0,$0,$0,$0,$0,$0,$-184,$0,$0,$0,$0,$0,$-95,$-3,$-98,$-154,$0,$-83
42,2008-03-31,14.88,$15.02,0.99,$3.02,4.93,$-4.04,0.0,$1.10,13.53,$0.02B,$0.02B,1.06,$1.47B,$1.18B,1.24,$0.30B,$0.30B,98.68%,$0.30B,$0.12B,39.60%,$0.30B,$0.12B,39.60%,$0.30B,$0.21B,67.99%,$0.30B,$0.12B,39.60%,$0.30B,$0.11B,36.30%,$0.11B,$1.52B,7.13%,$0.11B,$1.50B,7.21%,$0.11B,$3.04B,3.75%,$0.12B,$2.99B,4.17%,$83,$1,$81,$0,$6,$52,$30,$0,$30,$0,$30,$30,$24,$54,$30,$100,100,$0.24,$0.24,$13,$0,$0,$22,$2966,$0,$17,$35,$3018,$3039,$21,$1470,$28,$1498,$1518,$1546,$-363,$0,$1521,$3039,$30,$23,$17,$41,$-0,$0,$0,$0,$-22,$48,$-181,$0,$-0,$0,$0,$0,$0,$-180,$0,$0,$0,$0,$0,$-48,$-0,$-48,$-180,$0,$-42
43,2007-12-31,15.43,$15.22,1.01,$2.91,5.31,$-2.78,0.0,$1.51,10.22,$0.20B,$0.04B,5.25,$1.47B,$1.20B,1.23,$0.29B,$0.29B,98.97%,$0.29B,$0.13B,42.96%,$0.29B,$0.13B,42.96%,$0.29B,$0.21B,70.79%,$0.29B,$0.13B,42.96%,$0.29B,$0.12B,39.86%,$0.12B,$1.54B,7.46%,$0.12B,$1.52B,7.54%,$0.12B,$3.08B,4.12%,$0.13B,$3.01B,4.52%,$76,$1,$76,$0,$5,$49,$27,$0,$27,$0,$27,$27,$27,$49,$27,$100,100,$0.27,$0.27,$193,$0,$0,$200,$2824,$0,$17,$36,$2877,$3077,$38,$1470,$31,$1501,$1539,$1545,$-345,$0,$1538,$3077,$140,$80,$76,$156,$-0,$0,$0,$0,$22,$318,$-506,$0,$3,$0,$4,$4,$0,$-499,$544,$0,$544,$1,$1,$-182,$0,$363,$183,$0,$-158
44,2007-09-30,15.73,$15.35,1.02,$2.89,5.45,$-7.21,0.0,$1.53,10.28,$0.27B,$0.03B,9.33,$1.47B,$1.21B,1.21,$0.28B,$0.28B,98.58%,$0.28B,$0.13B,45.74%,$0.28B,$0.13B,45.74%,$0.28B,$0.21B,72.70%,$0.28B,$0.13B,45.74%,$0.28B,$0.12B,41.49%,$0.12B,$1.55B,7.48%,$0.12B,$1.53B,7.56%,$0.12B,$3.08B,4.36%,$0.13B,$3.02B,4.89%,$74,$1,$73,$0,$6,$43,$31,$0,$31,$0,$30,$30,$28,$51,$31,$100,100,$0.28,$0.28,$267,$0,$0,$273,$2746,$0,$17,$40,$2804,$3076,$29,$1470,$26,$1496,$1525,$1544,$-331,$0,$1551,$3076,$107,$59,$53,$112,$1,$0,$0,$0,$-0,$219,$-378,$0,$0,$0,$4,$4,$0,$-373,$544,$0,$544,$1,$1,$-135,$0,$410,$256,$0,$-116
45,2007-06-30,13.97,$15.46,0.9,$2.82,4.96,$-6.94,0.0,$1.52,9.19,$0.02B,$0.03B,0.57,$0.93B,$1.23B,0.76,$0.27B,$0.26B,98.50%,$0.27B,$0.12B,46.44%,$0.27B,$0.12B,46.44%,$0.27B,$0.20B,73.03%,$0.27B,$0.12B,46.44%,$0.27B,$0.11B,42.32%,$0.11B,$1.56B,7.65%,$0.11B,$1.55B,7.74%,$0.11B,$2.55B,4.60%,$0.12B,$2.49B,5.14%,$70,$1,$69,$0,$6,$38,$32,$0,$32,$0,$32,$32,$31,$52,$32,$100,100,$0.31,$0.31,$9,$0,$0,$15,$2480,$0,$17,$32,$2530,$2545,$26,$930,$26,$956,$982,$1543,$-318,$0,$1563,$2545,$73,$39,$57,$96,$1,$0,$0,$0,$3,$172,$-98,$0,$-1,$0,$4,$4,$0,$-95,$10,$0,$10,$1,$1,$-89,$0,$-79,$-2,$0,$-77
46,2007-03-31,15.42,$15.53,0.99,$2.75,5.6,$-8.38,0.0,$1.48,10.42,$0.01B,$0.02B,0.68,$0.97B,$1.23B,0.78,$0.25B,$0.25B,98.81%,$0.25B,$0.12B,46.25%,$0.25B,$0.12B,46.25%,$0.25B,$0.18B,72.73%,$0.25B,$0.12B,46.25%,$0.25B,$0.11B,41.90%,$0.11B,$1.57B,7.79%,$0.11B,$1.55B,7.89%,$0.11B,$2.58B,4.58%,$0.12B,$2.54B,5.15%,$71,$1,$70,$0,$5,$37,$35,$0,$35,$0,$35,$35,$30,$54,$35,$100,100,$0.30,$0.30,$5,$0,$0,$11,$2511,$0,$17,$36,$2564,$2575,$16,$966,$24,$990,$1006,$1541,$-310,$0,$1569,$2575,$36,$19,$7,$26,$0,$0,$0,$0,$-8,$54,$-61,$0,$-3,$0,$2,$2,$0,$-61,$46,$0,$46,$0,$0,$-45,$0,$1,$-5,$0,$-38
47,2006-12-31,14.94,$15.64,0.95,$2.70,5.53,$-8.91,0.0,$1.10,13.58,$0.02B,$0.03B,0.61,$0.92B,$1.24B,0.74,$0.24B,$0.23B,98.73%,$0.24B,$0.11B,44.30%,$0.24B,$0.11B,44.30%,$0.24B,$0.17B,70.46%,$0.24B,$0.11B,44.30%,$0.24B,$0.10B,41.77%,$0.10B,$1.58B,7.96%,$0.10B,$1.56B,8.07%,$0.10B,$2.55B,4.60%,$0.11B,$2.50B,4.98%,$67,$1,$66,$0,$5,$35,$31,$0,$31,$0,$31,$31,$28,$48,$31,$90,90,$0.29,$0.30,$11,$0,$0,$17,$2485,$0,$17,$28,$2530,$2547,$27,$920,$24,$944,$971,$1540,$-302,$0,$1576,$2547,$111,$62,$-93,$-32,$4,$0,$0,$0,$8,$87,$-654,$0,$9,$0,$0,$0,$0,$-645,$25,$0,$25,$403,$617,$-139,$0,$503,$-55,$0,$-130
