,Date,Stock Price,Book Value per Share,Price to Book Ratio,TTM Sales per Share,Price to Sales Ratio,TTM FCF per Share,Price to FCF Ratio,TTM Net EPS,PE Ratio,Current Assets,Current Liabilities,Current Ratio,Long Term Debt,Shareholder's Equity_x,Debt to Equity Ratio,TTM Revenue_x,TTM Gross Profit,Gross Margin,TTM Revenue_y,TTM Operating Income,Operating Margin,TTM Revenue_x,TTM EBIT,EBIT Margin,TTM Revenue_y,TTM EBITDA,EBITDA Margin,TTM Revenue_x,TTM Pre-Tax Income,Pre-Tax Margin,TTM Revenue_y,TTM Net Income_x,Net Margin,TTM Net Income_y,Shareholder's Equity_y,Return on Equity,TTM Net Income_x,Tangible Equity,Return on Tangible Equity,TTM Net Income_y,Total Assets,Return on Assets,TTM Net Income,LT Investments & Debt,Return on Investment,revenue,cost-goods-sold,gross-profit,research-development-expenses,selling-general-administrative-expenses,operating-expenses,operating-income,total-non-operating-income-expense,pre-tax-income,total-provision-income-taxes,income-after-taxes,income-from-continuous-operations,net-income,ebitda,ebit,basic-shares-outstanding,shares-outstanding,eps-basic-net-earnings-per-share,eps-earnings-per-share-diluted,cash-on-hand,inventory,other-current-assets,total-current-assets,net-property-plant-equipment,long-term-investments,goodwill-intangible-assets-total,other-long-term-assets,total-long-term-assets,total-assets,total-current-liabilities,long-term-debt,other-non-current-liabilities,total-long-term-liabilities,total-liabilities,common-stock-net,retained-earnings-accumulated-deficit,comprehensive-income,total-share-holder-equity,total-liabilities-share-holders-equity,net-income-loss,total-depreciation-amortization-cash-flow,other-non-cash-items,total-non-cash-items,change-in-accounts-receivable,change-in-inventories,change-in-accounts-payable,change-in-assets-liabilities,total-change-in-assets-liabilities,cash-flow-from-operating-activities,net-change-in-property-plant-equipment,net-change-in-intangible-assets,net-acquisitions-divestitures,net-change-in-short-term-investments,net-change-in-long-term-investments,net-change-in-investments-total,investing-activities-other,cash-flow-from-investing-activities,net-long-term-debt,net-current-debt,debt-issuance-retirement-net-total,net-common-equity-issued-repurchased,net-total-equity-issued-repurchased,total-common-preferred-stock-dividends-paid,financial-activities-other,cash-flow-from-financial-activities,net-cash-flow,stock-based-compensation,common-stock-dividends-paid
0,2018-06-30,1.32,$0.00,0.0,$0.01,0.0,$-0.67,0.0,$-0.18,0.0,$0.01B,$0.03B,0.23,$0.00B,$0.04B,0.0,$0.00B,0,nan%,$0.00B,$-0.01B,inf%,$0.00B,$-0.01B,inf%,$0.00B,$-0.01B,inf%,$0.00B,$-0.02B,inf%,$0.00B,$-0.02B,inf%,$-0.02B,$0.04B,-34.88%,$-0.02B,$0.03B,-40.00%,$-0.02B,$0.06B,-22.30%,$-0.01B,$0.04B,-27.91%,$0,$0,$-0,$0,$0,$3,$-3,$-1,$-4,$0,$-4,$-4,$-4,$-3,$-3,$59,59,$-0.06,$-0.06,$0,$1,$0,$6,$2,$0,$5,$49,$57,$62,$25,$0,$0,$0,$25,$2,$-108,$0,$37,$62,$-3,$0,$0,$0,$0,$-0,$1,$0,$1,$-2,$0,$-0,$0,$0,$0,$0,$0,$-0,$0,$0,$0,$0,$0,$0,$1,$1,$-2,$0,$0
1,2018-04-30,1.63,$0.70,2.34,$0.01,0.0,$-0.73,0.0,$-0.27,0.0,$0.01B,$0.03B,0.36,$0.00B,$0.04B,0.0,$0.00B,0,nan%,$0.00B,$-0.01B,inf%,$0.00B,$-0.01B,inf%,$0.00B,$-0.01B,inf%,$0.00B,$-0.02B,inf%,$0.00B,$-0.02B,inf%,$-0.02B,$0.04B,-32.97%,$-0.02B,$0.04B,-37.27%,$-0.02B,$0.07B,-21.43%,$-0.01B,$0.04B,-26.37%,$0,$0,$0,$0,$2,$4,$-3,$-0,$-4,$0,$-4,$-4,$-4,$-3,$-3,$55,55,$-0.06,$-0.06,$2,$1,$0,$10,$2,$0,$6,$51,$59,$69,$27,$0,$0,$0,$27,$2,$-109,$0,$42,$69,$-13,$0,$-0,$-0,$-0,$0,$-1,$-1,$-2,$-15,$0,$-3,$0,$0,$-0,$-0,$0,$-3,$-2,$0,$-2,$19,$19,$0,$-1,$16,$-1,$0,$0
2,2018-01-31,1.44,$0.00,0.0,$0.01,0.0,$-0.87,0.0,$-0.32,0.0,$0.01B,$0.02B,0.38,$0.00B,$0.04B,0.0,$0.00B,0,nan%,$0.00B,$-0.01B,inf%,$0.00B,$-0.01B,inf%,$0.00B,$-0.01B,inf%,$0.00B,$-0.02B,inf%,$0.00B,$-0.02B,inf%,$-0.02B,$0.04B,-36.78%,$-0.02B,$0.04B,-41.29%,$-0.02B,$0.07B,-23.62%,$-0.01B,$0.04B,-29.89%,$0,$0,$-0,$0,$2,$3,$-3,$-0,$-4,$0,$-4,$-4,$-4,$-3,$-3,$54,54,$-0.07,$-0.07,$6,$1,$0,$9,$2,$0,$6,$51,$59,$68,$24,$0,$0,$0,$24,$2,$-106,$0,$44,$68,$-9,$0,$-1,$-1,$-0,$0,$-1,$-1,$-2,$-11,$0,$-2,$0,$0,$-0,$-0,$0,$-2,$-2,$0,$-2,$19,$19,$0,$-1,$16,$2,$0,$0
3,2017-10-31,0.98,$0.00,0.0,$0.00,0.0,$-0.78,0.0,$-0.37,0.0,$0.01B,$0.02B,0.54,$0.00B,$0.05B,0.0,$0.00B,0,nan%,$0.00B,$-0.01B,inf%,$0.00B,$-0.01B,inf%,$0.00B,$-0.01B,inf%,$0.00B,$-0.02B,inf%,$0.00B,$-0.02B,inf%,$-0.02B,$0.05B,-39.26%,$-0.02B,$0.04B,-43.84%,$-0.02B,$0.07B,-24.62%,$-0.01B,$0.05B,-34.36%,$0,$0,$0,$0,$2,$3,$-3,$-0,$-3,$0,$-3,$-3,$-3,$-3,$-3,$59,59,$-0.05,$-0.05,$9,$2,$0,$12,$2,$0,$4,$52,$59,$70,$22,$0,$0,$0,$22,$2,$-104,$0,$49,$70,$-6,$0,$-1,$-1,$-0,$0,$-1,$-1,$-2,$-9,$0,$-1,$0,$0,$-0,$-0,$0,$-1,$-4,$0,$-4,$20,$20,$0,$-1,$14,$5,$0,$0
4,2017-07-31,0.98,$0.00,0.0,$0.00,0.0,$-0.83,0.0,$-0.46,0.0,$0.02B,$0.03B,0.69,$0.00B,$0.05B,0.0,$0.00B,0,nan%,$0.00B,$-0.02B,inf%,$0.00B,$-0.02B,inf%,$0.00B,$-0.02B,inf%,$0.00B,$-0.02B,inf%,$0.00B,$-0.02B,inf%,$-0.02B,$0.05B,-48.32%,$-0.02B,$0.04B,-54.14%,$-0.02B,$0.07B,-28.69%,$-0.02B,$0.05B,-40.27%,$0,$0,$-0,$0,$2,$3,$-3,$-0,$-4,$0,$-4,$-4,$-4,$-3,$-3,$46,46,$-0.08,$-0.08,$15,$2,$0,$17,$2,$0,$4,$49,$55,$73,$25,$0,$0,$0,$25,$2,$-95,$0,$47,$73,$-3,$0,$-0,$-0,$0,$0,$-0,$-1,$-1,$-5,$0,$-0,$0,$0,$-0,$-0,$0,$-0,$-1,$0,$-1,$18,$18,$0,$-0,$17,$12,$0,$0
5,2017-04-30,2.11,$0.60,3.53,$0.00,0.0,$-0.85,0.0,$-0.49,0.0,$0.01B,$0.03B,0.23,$0.00B,$0.03B,0.0,$0.00B,0,nan%,$0.00B,$-0.02B,inf%,$0.00B,$-0.02B,inf%,$0.00B,$-0.02B,inf%,$0.00B,$-0.02B,inf%,$0.00B,$-0.02B,inf%,$-0.02B,$0.03B,-52.55%,$-0.02B,$0.03B,-58.06%,$-0.02B,$0.06B,-29.88%,$-0.02B,$0.03B,-46.72%,$0,$0,$-0,$0,$2,$4,$-4,$-1,$-5,$0,$-5,$-5,$-5,$-4,$-4,$38,38,$-0.12,$-0.12,$3,$2,$0,$6,$2,$0,$4,$48,$54,$60,$25,$0,$0,$0,$25,$1,$-90,$0,$34,$60,$-16,$0,$1,$1,$-0,$-0,$-1,$0,$-1,$-15,$0,$-1,$0,$2,$-0,$2,$0,$1,$17,$0,$17,$0,$0,$0,$-3,$14,$0,$0,$0
6,2017-01-31,2.79,$0.00,0.0,$0.00,0.0,$-0.91,0.0,$-0.48,0.0,$0.01B,$0.02B,0.23,$0.00B,$0.03B,0.0,$0.00B,0,nan%,$0.00B,$-0.02B,inf%,$0.00B,$-0.02B,inf%,$0.00B,$-0.02B,inf%,$0.00B,$-0.02B,inf%,$0.00B,$-0.02B,inf%,$-0.02B,$0.03B,-47.55%,$-0.02B,$0.03B,-51.52%,$-0.02B,$0.06B,-27.87%,$-0.02B,$0.03B,-44.76%,$0,$0,$-0,$0,$2,$4,$-4,$-1,$-4,$0,$-4,$-4,$-4,$-4,$-4,$39,39,$-0.11,$-0.11,$3,$2,$0,$6,$2,$0,$4,$46,$52,$57,$24,$0,$0,$0,$24,$1,$-82,$0,$33,$57,$-4,$0,$0,$0,$0,$-0,$-1,$0,$-1,$-5,$0,$-0,$0,$0,$-0,$-0,$0,$-0,$0,$0,$0,$4,$4,$0,$-0,$4,$-1,$0,$0
7,2016-10-31,3.37,$0.98,3.43,$0.02,156.78,$-1.08,0.0,$-0.45,0.0,$0.01B,$0.03B,0.26,$0.00B,$0.04B,0.0,$0.00B,$0.00B,100.00%,$0.00B,$-0.02B,-1500.00%,$0.00B,$-0.02B,-1500.00%,$0.00B,$-0.02B,-1500.00%,$0.00B,$-0.02B,-1600.00%,$0.00B,$-0.02B,-1600.00%,$-0.02B,$0.04B,-42.67%,$-0.02B,$0.03B,-45.07%,$-0.02B,$0.06B,-25.91%,$-0.02B,$0.04B,-40.00%,$0,$0,$-0,$0,$3,$4,$-4,$-1,$-5,$0,$-5,$-5,$-5,$-4,$-4,$35,35,$-0.14,$-0.14,$4,$2,$0,$7,$2,$0,$4,$48,$55,$61,$26,$0,$0,$0,$26,$1,$-82,$0,$35,$61,$-8,$0,$0,$0,$-0,$0,$1,$0,$1,$-7,$0,$-0,$0,$2,$-0,$2,$0,$2,$3,$0,$3,$4,$4,$0,$-1,$6,$1,$0,$0
8,2016-07-31,3.18,$0.99,3.22,$0.02,147.9,$-1.03,0.0,$-0.36,0.0,$0.01B,$0.03B,0.32,$0.00B,$0.04B,0.0,$0.00B,$0.00B,100.00%,$0.00B,$-0.02B,-1600.00%,$0.00B,$-0.02B,-1600.00%,$0.00B,$-0.02B,-1600.00%,$0.00B,$-0.02B,-1600.00%,$0.00B,$-0.02B,-1600.00%,$-0.02B,$0.04B,-40.51%,$-0.02B,$0.03B,-42.11%,$-0.02B,$0.06B,-25.60%,$-0.02B,$0.04B,-37.87%,$0,$0,$-0,$0,$2,$4,$-4,$-1,$-4,$0,$-4,$-4,$-4,$-4,$-4,$36,36,$-0.12,$-0.12,$5,$2,$0,$9,$3,$0,$1,$50,$54,$63,$28,$0,$0,$0,$28,$1,$-81,$0,$35,$63,$-4,$0,$0,$0,$-0,$-0,$-1,$-0,$-1,$-5,$0,$-0,$0,$0,$-0,$-0,$0,$-0,$5,$0,$5,$0,$0,$0,$-1,$5,$-0,$0,$0
