,Date,Stock Price,Book Value per Share,Price to Book Ratio,TTM Sales per Share,Price to Sales Ratio,TTM FCF per Share,Price to FCF Ratio,TTM Net EPS,PE Ratio,Current Assets,Current Liabilities,Current Ratio,Long Term Debt,Shareholder's Equity_x,Debt to Equity Ratio,TTM Revenue_x,TTM Gross Profit,Gross Margin,TTM Revenue_y,TTM Operating Income,Operating Margin,TTM Revenue_x,TTM EBIT,EBIT Margin,TTM Revenue_y,TTM EBITDA,EBITDA Margin,TTM Revenue_x,TTM Pre-Tax Income,Pre-Tax Margin,TTM Revenue_y,TTM Net Income_x,Net Margin,TTM Net Income_y,Shareholder's Equity_y,Return on Equity,TTM Net Income_x,Tangible Equity,Return on Tangible Equity,TTM Net Income_y,Total Assets,Return on Assets,TTM Net Income,LT Investments & Debt,Return on Investment,revenue,cost-goods-sold,gross-profit,research-development-expenses,selling-general-administrative-expenses,operating-expenses,operating-income,total-non-operating-income-expense,pre-tax-income,total-provision-income-taxes,income-after-taxes,income-from-continuous-operations,net-income,ebitda,ebit,basic-shares-outstanding,shares-outstanding,eps-basic-net-earnings-per-share,eps-earnings-per-share-diluted,cash-on-hand,inventory,other-current-assets,total-current-assets,net-property-plant-equipment,long-term-investments,goodwill-intangible-assets-total,other-long-term-assets,total-long-term-assets,total-assets,total-current-liabilities,long-term-debt,other-non-current-liabilities,total-long-term-liabilities,total-liabilities,common-stock-net,retained-earnings-accumulated-deficit,comprehensive-income,total-share-holder-equity,total-liabilities-share-holders-equity,net-income-loss,total-depreciation-amortization-cash-flow,other-non-cash-items,total-non-cash-items,change-in-accounts-receivable,change-in-inventories,change-in-accounts-payable,change-in-assets-liabilities,total-change-in-assets-liabilities,cash-flow-from-operating-activities,net-change-in-property-plant-equipment,net-change-in-intangible-assets,net-acquisitions-divestitures,net-change-in-short-term-investments,net-change-in-long-term-investments,net-change-in-investments-total,investing-activities-other,cash-flow-from-investing-activities,net-long-term-debt,net-current-debt,debt-issuance-retirement-net-total,net-common-equity-issued-repurchased,net-total-equity-issued-repurchased,total-common-preferred-stock-dividends-paid,financial-activities-other,cash-flow-from-financial-activities,net-cash-flow,stock-based-compensation,common-stock-dividends-paid
0,2018-06-30,8.55,$0.00,0.0,$3.25,2.63,$1.10,7.76,$-0.45,0.0,$0.02B,$0.01B,1.38,$0.15B,$0.00B,0.0,$0.02B,$0.01B,81.25%,$0.02B,$0.01B,43.75%,$0.02B,$0.01B,43.75%,$0.02B,$0.01B,43.75%,$0.02B,$0.00B,25.00%,$0.02B,$-0.00B,-18.75%,$-0.00B,$0.08B,-3.91%,$-0.00B,$0.08B,-3.91%,$-0.00B,$0.25B,-1.16%,$0.01B,$0.22B,3.04%,$4,$1,$3,$0,$1,$3,$1,$-1,$1,$0,$0,$-1,$-1,$1,$1,$5,5,$-0.21,$-0.21,$17,$0,$0,$18,$212,$19,$0,$0,$230,$248,$13,$146,$0,$160,$173,$0,$0,$0,$75,$248,$0,$0,$0,$0,$0,$0,$0,$0,$0,$0,$0,$0,$0,$0,$0,$0,$0,$0,$0,$0,$0,$0,$0,$0,$0,$0,$0,$0,$0
1,2018-03-31,8.2,$0.00,0.0,$3.26,2.52,$1.10,7.44,$-0.25,0.0,$0.02B,$0.01B,1.72,$0.16B,$0.00B,0.0,$0.02B,$0.01B,81.25%,$0.02B,$0.01B,50.00%,$0.02B,$0.01B,50.00%,$0.02B,$0.01B,50.00%,$0.02B,$0.00B,25.00%,$0.02B,$-0.00B,-12.50%,$-0.00B,$0.08B,-2.59%,$-0.00B,$0.08B,-2.59%,$-0.00B,$0.26B,-0.76%,$0.01B,$0.24B,3.43%,$4,$1,$4,$0,$1,$3,$2,$-1,$1,$0,$1,$-0,$-1,$2,$2,$5,5,$-0.13,$-0.13,$21,$0,$0,$22,$221,$20,$0,$0,$241,$263,$13,$157,$0,$172,$185,$0,$0,$0,$78,$263,$0,$0,$0,$0,$0,$0,$0,$0,$0,$0,$0,$0,$0,$0,$0,$0,$0,$0,$0,$0,$0,$0,$0,$0,$0,$0,$0,$0,$0
2,2017-12-31,7.96,$0.00,0.0,$3.20,2.48,$1.10,7.22,$-0.22,0.0,$0.02B,$0.01B,1.72,$0.16B,$0.00B,0.0,$0.02B,$0.01B,75.00%,$0.02B,$0.01B,50.00%,$0.02B,$0.01B,50.00%,$0.02B,$0.01B,50.00%,$0.02B,$0.00B,25.00%,$0.02B,$-0.00B,-12.50%,$-0.00B,$0.08B,-2.61%,$-0.00B,$0.08B,-2.61%,$-0.00B,$0.26B,-0.76%,$0.01B,$0.23B,3.44%,$4,$1,$3,$0,$1,$2,$2,$-1,$1,$0,$1,$0,$-1,$2,$2,$5,5,$-0.10,$-0.10,$21,$0,$0,$21,$217,$21,$0,$0,$238,$259,$12,$155,$0,$170,$182,$0,$0,$0,$77,$259,$1,$4,$2,$6,$-1,$0,$0,$-0,$1,$8,$-2,$0,$3,$0,$0,$0,$-0,$1,$-3,$0,$-3,$0,$0,$-2,$0,$-5,$4,$0,$-2
3,2017-09-30,6.8,$0.00,0.0,$3.18,2.14,$0.93,7.3,$-0.43,0.0,$0.02B,$0.02B,1.28,$0.16B,$0.00B,0.0,$0.02B,$0.01B,75.00%,$0.02B,$0.01B,43.75%,$0.02B,$0.01B,43.75%,$0.02B,$0.01B,43.75%,$0.02B,$0.00B,18.75%,$0.02B,$-0.00B,-18.75%,$-0.00B,$0.08B,-3.95%,$-0.00B,$0.08B,-3.95%,$-0.00B,$0.26B,-1.15%,$0.01B,$0.23B,3.05%,$4,$1,$3,$0,$1,$3,$2,$-0,$1,$0,$1,$1,$-0,$2,$2,$5,5,$-0.01,$-0.01,$21,$0,$0,$21,$218,$25,$0,$0,$243,$264,$17,$156,$0,$170,$187,$0,$0,$0,$77,$264,$0,$0,$0,$0,$0,$0,$0,$0,$0,$0,$0,$0,$0,$0,$0,$0,$0,$0,$0,$0,$0,$0,$0,$0,$0,$0,$0,$0,$0
4,2017-06-30,10.0,$0.00,0.0,$3.16,3.17,$0.93,10.73,$-0.40,0.0,$0.02B,$0.02B,1.22,$0.16B,$0.00B,0.0,$0.02B,$0.01B,75.00%,$0.02B,$0.01B,43.75%,$0.02B,$0.01B,43.75%,$0.02B,$0.01B,43.75%,$0.02B,$0.00B,18.75%,$0.02B,$-0.00B,-18.75%,$-0.00B,$0.08B,-3.93%,$-0.00B,$0.08B,-3.93%,$-0.00B,$0.27B,-1.15%,$0.01B,$0.23B,3.05%,$4,$1,$3,$0,$1,$2,$2,$-1,$1,$0,$1,$1,$-0,$2,$2,$5,5,$-0.01,$-0.01,$18,$0,$0,$19,$219,$26,$0,$0,$246,$265,$16,$157,$0,$172,$188,$0,$0,$0,$77,$265,$0,$0,$0,$0,$0,$0,$0,$0,$0,$0,$0,$0,$0,$0,$0,$0,$0,$0,$0,$0,$0,$0,$0,$0,$0,$0,$0,$0,$0
5,2017-03-31,8.8,$0.00,0.0,$3.17,2.78,$0.93,9.44,$-0.21,0.0,$0.02B,$0.02B,1.33,$0.15B,$0.00B,0.0,$0.02B,$0.01B,75.00%,$0.02B,$0.01B,43.75%,$0.02B,$0.01B,43.75%,$0.02B,$0.01B,43.75%,$0.02B,$0.00B,18.75%,$0.02B,$-0.00B,-12.50%,$-0.00B,$0.08B,-2.61%,$-0.00B,$0.08B,-2.61%,$-0.00B,$0.26B,-0.77%,$0.01B,$0.23B,3.04%,$4,$1,$3,$0,$1,$2,$2,$-1,$1,$0,$0,$0,$-1,$2,$2,$5,5,$-0.10,$-0.10,$22,$0,$0,$23,$211,$26,$0,$0,$238,$261,$18,$153,$0,$168,$185,$0,$0,$0,$76,$261,$0,$0,$0,$0,$0,$0,$0,$0,$0,$0,$0,$0,$0,$0,$0,$0,$0,$0,$0,$0,$0,$0,$0,$0,$0,$0,$0,$0,$0
6,2016-12-31,7.75,$14.33,0.54,$3.18,2.44,$0.93,8.32,$0.03,258.33,$0.02B,$0.02B,1.01,$0.15B,$0.07B,1.96,$0.02B,$0.01B,75.00%,$0.02B,$0.01B,43.75%,$0.02B,$0.01B,43.75%,$0.02B,$0.01B,43.75%,$0.02B,$0.00B,18.75%,$0.02B,0,0.00%,$0.00B,$0.07B,0.00%,$0.00B,$0.07B,0.00%,$0.00B,$0.25B,0.00%,$0.01B,$0.22B,3.01%,$4,$1,$3,$0,$1,$3,$1,$-1,$0,$0,$-0,$-1,$-2,$1,$1,$5,5,$-0.30,$-0.30,$16,$0,$0,$17,$208,$26,$0,$0,$234,$250,$17,$146,$0,$160,$176,$1,$-81,$0,$74,$250,$2,$4,$1,$5,$-0,$0,$0,$-0,$0,$7,$-2,$0,$-3,$0,$0,$0,$0,$-5,$-8,$1,$-8,$0,$0,$-2,$0,$-10,$-8,$0,$-2
7,2016-09-30,8.7,$0.00,0.0,$3.19,2.73,$0.34,25.28,$0.36,24.17,$0.02B,$0.02B,1.25,$0.16B,$0.00B,0.0,$0.02B,$0.01B,75.00%,$0.02B,$0.01B,50.00%,$0.02B,$0.01B,50.00%,$0.02B,$0.01B,75.00%,$0.02B,$0.00B,25.00%,$0.02B,$0.00B,12.50%,$0.00B,$0.08B,2.57%,$0.00B,$0.08B,2.57%,$0.00B,$0.27B,0.75%,$0.01B,$0.24B,3.38%,$4,$1,$3,$0,$1,$2,$2,$-1,$1,$0,$1,$1,$0,$2,$2,$5,5,$0.02,$0.02,$19,$0,$0,$20,$218,$28,$0,$0,$246,$266,$16,$157,$1,$172,$188,$0,$0,$0,$78,$266,$0,$0,$0,$0,$0,$0,$0,$0,$0,$0,$0,$0,$0,$0,$0,$0,$0,$0,$0,$0,$0,$0,$0,$0,$0,$0,$0,$0,$0
8,2016-06-30,7.34,$0.00,0.0,$3.21,2.29,$0.34,21.32,$0.43,17.07,$0.02B,$0.02B,1.37,$0.16B,$0.00B,0.0,$0.02B,$0.01B,75.00%,$0.02B,$0.01B,50.00%,$0.02B,$0.01B,50.00%,$0.02B,$0.01B,75.00%,$0.02B,$0.01B,31.25%,$0.02B,$0.00B,12.50%,$0.00B,$0.08B,2.59%,$0.00B,$0.08B,2.59%,$0.00B,$0.27B,0.75%,$0.01B,$0.24B,3.36%,$4,$1,$3,$0,$1,$2,$2,$-0,$1,$0,$1,$1,$1,$2,$2,$5,5,$0.18,$0.18,$20,$0,$0,$21,$216,$28,$0,$0,$244,$265,$15,$156,$1,$171,$186,$0,$0,$0,$79,$265,$0,$0,$0,$0,$0,$0,$0,$0,$0,$0,$0,$0,$0,$0,$0,$0,$0,$0,$0,$0,$0,$0,$0,$0,$0,$0,$0,$0,$0
9,2016-03-31,7.05,$0.00,0.0,$3.12,2.26,$0.34,20.48,$-0.04,0.0,$0.03B,$0.01B,1.77,$0.16B,$0.00B,0.0,$0.02B,$0.01B,75.00%,$0.02B,$0.01B,37.50%,$0.02B,$0.01B,37.50%,$0.02B,$0.01B,62.50%,$0.02B,$0.00B,18.75%,$0.02B,$-0.00B,-6.25%,$-0.00B,$0.08B,-1.29%,$-0.00B,$0.08B,-1.29%,$-0.00B,$0.27B,-0.38%,$0.01B,$0.24B,2.56%,$4,$1,$3,$0,$1,$2,$2,$-0,$1,$0,$1,$1,$1,$2,$2,$5,5,$0.14,$0.14,$24,$0,$0,$25,$220,$25,$0,$0,$245,$270,$14,$163,$1,$178,$192,$0,$0,$0,$78,$270,$0,$0,$0,$0,$0,$0,$0,$0,$0,$0,$0,$0,$0,$0,$0,$0,$0,$0,$0,$0,$0,$0,$0,$0,$0,$0,$0,$0,$0
10,2015-12-31,7.31,$14.72,0.5,$2.97,2.46,$0.34,21.24,$-0.21,0.0,$0.02B,$0.01B,1.74,$0.16B,$0.08B,2.1,$0.02B,$0.01B,80.00%,$0.02B,$0.01B,33.33%,$0.02B,$0.01B,33.33%,$0.02B,$0.01B,60.00%,$0.02B,$0.00B,20.00%,$0.02B,$-0.00B,-13.33%,$-0.00B,$0.08B,-2.58%,$-0.00B,$0.08B,-2.58%,$-0.00B,$0.26B,-0.80%,$0.01B,$0.24B,2.24%,$4,$1,$3,$0,$0,$3,$2,$-1,$1,$0,$1,$0,$0,$6,$2,$5,5,$0.02,$0.02,$24,$0,$0,$24,$215,$23,$0,$0,$239,$263,$14,$159,$0,$173,$187,$1,$-81,$0,$76,$263,$1,$4,$0,$4,$1,$0,$0,$-1,$-1,$4,$-2,$0,$-45,$0,$-3,$-3,$0,$-49,$12,$37,$12,$0,$0,$-2,$0,$47,$1,$0,$-2
11,2015-09-30,6.5,$0.00,0.0,$2.83,2.3,$1.03,6.29,$0.31,20.97,$0.04B,$0.01B,3.04,$0.17B,$0.08B,2.17,$0.01B,$0.01B,85.71%,$0.01B,$0.01B,50.00%,$0.01B,$0.01B,50.00%,$0.01B,$0.01B,50.00%,$0.01B,$0.01B,42.86%,$0.01B,$0.00B,7.14%,$0.00B,$0.08B,1.29%,$0.00B,$0.08B,1.29%,$0.00B,$0.27B,0.42%,$0.01B,$0.24B,3.29%,$4,$1,$3,$0,$0,$2,$2,$-0,$2,$0,$1,$1,$0,$2,$2,$5,5,$0.09,$0.09,$41,$0,$0,$42,$0,$9,$0,$0,$9,$270,$14,$166,$0,$180,$194,$0,$0,$0,$76,$270,$0,$0,$0,$0,$0,$0,$0,$0,$0,$0,$0,$0,$0,$0,$0,$0,$0,$0,$0,$0,$0,$0,$0,$0,$0,$0,$0,$0,$0
12,2015-06-30,8.2,$0.00,0.0,$2.69,3.05,$1.03,7.93,$0.26,31.54,$0.02B,$0.02B,1.22,$0.14B,$0.00B,0.0,$0.01B,$0.01B,92.31%,$0.01B,$0.01B,46.15%,$0.01B,$0.01B,46.15%,$0.01B,$0.01B,46.15%,$0.01B,$0.01B,38.46%,$0.01B,$0.00B,7.69%,$0.00B,$0.08B,1.29%,$0.00B,$0.08B,1.29%,$0.00B,$0.25B,0.44%,$0.01B,$0.22B,2.97%,$4,$1,$3,$0,$1,$4,$-0,$-0,$-1,$0,$-1,$-1,$-2,$-0,$-0,$5,5,$-0.29,$-0.29,$18,$0,$0,$19,$0,$8,$0,$0,$8,$249,$16,$139,$0,$154,$169,$0,$0,$0,$79,$249,$0,$0,$0,$0,$0,$0,$0,$0,$0,$0,$0,$0,$0,$0,$0,$0,$0,$0,$0,$0,$0,$0,$0,$0,$0,$0,$0,$0,$0
13,2015-03-31,6.25,$0.00,0.0,$2.67,2.34,$1.03,6.04,$0.58,10.78,$0.03B,$0.01B,2.49,$0.12B,$0.00B,0.0,$0.01B,$0.01B,92.31%,$0.01B,$0.01B,53.85%,$0.01B,$0.01B,53.85%,$0.01B,$0.01B,53.85%,$0.01B,$0.01B,53.85%,$0.01B,$0.00B,23.08%,$0.00B,$0.08B,3.85%,$0.00B,$0.08B,3.85%,$0.00B,$0.22B,1.33%,$0.01B,$0.20B,3.50%,$3,$1,$3,$0,$0,$2,$1,$-0,$1,$0,$0,$0,$-0,$1,$1,$5,5,$-0.03,$-0.03,$22,$0,$0,$25,$0,$8,$0,$1,$8,$222,$10,$119,$0,$134,$143,$0,$0,$0,$79,$222,$0,$0,$0,$0,$0,$0,$0,$0,$0,$0,$0,$0,$0,$0,$0,$0,$0,$0,$0,$0,$0,$0,$0,$0,$0,$0,$0,$0,$0
14,2014-12-31,6.94,$15.03,0.46,$2.72,2.56,$1.03,6.71,$0.65,10.68,$0.03B,$0.01B,2.44,$0.12B,$0.08B,1.51,$0.01B,$0.01B,85.71%,$0.01B,$0.01B,50.00%,$0.01B,$0.01B,50.00%,$0.01B,$0.01B,50.00%,$0.01B,$0.01B,50.00%,$0.01B,$0.00B,21.43%,$0.00B,$0.08B,3.83%,$0.00B,$0.08B,3.83%,$0.00B,$0.22B,1.30%,$0.01B,$0.19B,3.43%,$3,$1,$3,$0,$-2,$-1,$4,$-0,$4,$0,$4,$3,$3,$4,$4,$5,5,$0.54,$0.54,$23,$0,$0,$25,$196,$8,$0,$0,$204,$218,$10,$117,$0,$131,$141,$1,$-80,$0,$77,$218,$5,$4,$-2,$4,$-1,$0,$0,$-3,$-2,$5,$0,$0,$0,$0,$0,$-1,$6,$5,$-3,$-3,$0,$0,$0,$-2,$0,$-5,$4,$0,$-2
15,2014-09-30,6.5,$0.00,0.0,$2.97,2.19,$1.94,3.36,$0.17,38.24,$0.02B,$0.01B,2.07,$0.12B,$0.00B,0.0,$0.01B,$0.01B,85.71%,$0.01B,$0.00B,28.57%,$0.01B,$0.00B,28.57%,$0.01B,$0.00B,28.57%,$0.01B,$0.00B,28.57%,$0.01B,0,0.00%,$0.00B,$0.08B,0.00%,$0.00B,$0.08B,0.00%,$0.00B,$0.22B,0.00%,$0.00B,$0.20B,1.92%,$3,$1,$3,$0,$0,$2,$1,$-0,$1,$0,$1,$0,$0,$1,$1,$5,5,$0.04,$0.04,$18,$4,$0,$23,$0,$8,$0,$0,$8,$224,$11,$122,$0,$137,$148,$0,$0,$0,$76,$224,$0,$0,$0,$0,$0,$0,$0,$0,$0,$0,$0,$0,$0,$0,$0,$0,$0,$0,$0,$0,$0,$0,$0,$0,$0,$0,$0,$0,$0
16,2014-06-30,5.95,$0.00,0.0,$3.19,1.87,$1.94,3.07,$0.22,27.05,$0.02B,$0.01B,2.08,$0.13B,$0.00B,0.0,$0.01B,$0.01B,85.71%,$0.01B,$0.01B,35.71%,$0.01B,$0.01B,35.71%,$0.01B,$0.01B,35.71%,$0.01B,$0.00B,28.57%,$0.01B,0,0.00%,$0.00B,$0.08B,0.00%,$0.00B,$0.08B,0.00%,$0.00B,$0.24B,0.00%,$0.01B,$0.21B,2.39%,$4,$1,$3,$0,$1,$2,$1,$-0,$1,$0,$1,$0,$0,$1,$1,$5,5,$0.03,$0.03,$21,$0,$0,$22,$0,$8,$0,$0,$8,$239,$10,$131,$1,$148,$158,$0,$0,$0,$80,$239,$0,$0,$0,$0,$0,$0,$0,$0,$0,$0,$0,$0,$0,$0,$0,$0,$0,$0,$0,$0,$0,$0,$0,$0,$0,$0,$0,$0,$0
17,2014-03-31,5.8,$0.00,0.0,$3.38,1.72,$1.94,3.0,$0.35,16.57,$0.02B,$0.01B,2.13,$0.13B,$0.00B,0.0,$0.01B,$0.01B,92.31%,$0.01B,$0.01B,46.15%,$0.01B,$0.01B,46.15%,$0.01B,$0.01B,46.15%,$0.01B,$0.01B,38.46%,$0.01B,$0.00B,7.69%,$0.00B,$0.08B,1.35%,$0.00B,$0.08B,1.35%,$0.00B,$0.24B,0.43%,$0.01B,$0.21B,2.96%,$4,$1,$3,$0,$0,$2,$1,$-0,$1,$0,$1,$0,$0,$1,$1,$5,5,$0.04,$0.04,$19,$0,$0,$21,$0,$218,$0,$1,$219,$240,$10,$133,$1,$150,$160,$0,$0,$0,$80,$240,$0,$0,$0,$0,$0,$0,$0,$0,$0,$0,$0,$0,$0,$0,$0,$0,$0,$0,$0,$0,$0,$0,$0,$0,$0,$0,$0,$0,$0
18,2013-12-31,5.5,$0.00,0.0,$3.58,1.53,$1.94,2.84,$0.38,14.47,$0.02B,$0.01B,2.02,$0.13B,$0.08B,1.68,$0.01B,$0.01B,100.00%,$0.01B,$0.01B,58.33%,$0.01B,$0.01B,58.33%,$0.01B,$0.01B,58.33%,$0.01B,$0.01B,41.67%,$0.01B,$0.00B,8.33%,$0.00B,$0.08B,1.42%,$0.00B,$0.08B,1.42%,$0.00B,$0.24B,0.44%,$0.01B,$0.21B,3.58%,$3,$1,$3,$0,$1,$2,$1,$-0,$1,$0,$1,$0,$0,$1,$1,$4,4,$0.06,$0.06,$19,$0,$1,$20,$0,$8,$0,$1,$9,$239,$10,$132,$2,$150,$160,$1,$-83,$0,$79,$239,$4,$3,$0,$3,$-0,$0,$0,$-1,$0,$7,$0,$0,$0,$0,$-0,$-6,$-0,$-6,$-3,$0,$-3,$0,$0,$0,$0,$-3,$-0,$0,$0
19,2013-09-30,6.3,$0.00,0.0,$3.58,1.76,$1.77,3.55,$0.45,14.0,$0.02B,$0.01B,2.01,$0.13B,$0.00B,0.0,$0.01B,$0.01B,100.00%,$0.01B,$0.01B,66.67%,$0.01B,$0.01B,66.67%,$0.01B,$0.01B,66.67%,$0.01B,$0.01B,50.00%,$0.01B,$0.00B,8.33%,$0.00B,$0.07B,1.48%,$0.00B,$0.07B,1.48%,$0.00B,$0.23B,0.45%,$0.01B,$0.20B,4.16%,$3,$1,$3,$0,$0,$2,$2,$-1,$1,$0,$1,$0,$0,$2,$2,$4,4,$0.09,$0.09,$18,$0,$1,$20,$0,$207,$0,$1,$209,$228,$10,$131,$2,$148,$158,$0,$0,$0,$70,$228,$0,$0,$0,$0,$0,$0,$0,$0,$0,$0,$0,$0,$0,$0,$0,$0,$0,$0,$0,$0,$0,$0,$0,$0,$0,$0,$0,$0,$0
20,2013-06-30,5.2,$0.00,0.0,$3.56,1.46,$1.77,2.93,$0.48,10.83,$0.02B,$0.01B,2.13,$0.12B,$0.00B,0.0,$0.01B,$0.01B,100.00%,$0.01B,$0.01B,66.67%,$0.01B,$0.01B,66.67%,$0.01B,$0.01B,66.67%,$0.01B,$0.01B,50.00%,$0.01B,$0.00B,8.33%,$0.00B,$0.07B,1.52%,$0.00B,$0.07B,1.52%,$0.00B,$0.22B,0.45%,$0.01B,$0.19B,4.23%,$3,$1,$3,$0,$0,$2,$2,$0,$2,$0,$1,$1,$1,$2,$2,$4,4,$0.16,$0.16,$18,$0,$1,$19,$0,$199,$0,$1,$201,$219,$9,$119,$9,$143,$152,$0,$0,$0,$67,$219,$0,$0,$0,$0,$0,$0,$0,$0,$0,$0,$0,$0,$0,$0,$0,$0,$0,$0,$0,$0,$0,$0,$0,$0,$0,$0,$0,$0,$0
21,2013-03-31,5.2,$0.00,0.0,$3.57,1.46,$1.77,2.93,$0.22,23.64,$0.02B,$0.01B,2.29,$0.12B,$0.00B,0.0,$0.01B,$0.01B,100.00%,$0.01B,$0.01B,66.67%,$0.01B,$0.01B,66.67%,$0.01B,$0.01B,66.67%,$0.01B,$0.00B,33.33%,$0.01B,0,0.00%,$0.00B,$0.07B,0.00%,$0.00B,$0.07B,0.00%,$0.00B,$0.22B,0.00%,$0.01B,$0.18B,4.26%,$3,$1,$3,$0,$0,$2,$2,$-0,$1,$1,$1,$0,$0,$2,$2,$4,4,$0.07,$0.07,$19,$0,$1,$21,$0,$196,$0,$1,$197,$218,$9,$119,$9,$143,$152,$0,$0,$0,$66,$218,$0,$0,$0,$0,$0,$0,$0,$0,$0,$0,$0,$0,$0,$0,$0,$0,$0,$0,$0,$0,$0,$0,$0,$0,$0,$0,$0,$0,$0
22,2012-12-31,5.79,$0.00,0.0,$3.58,1.62,$1.77,3.26,$0.40,14.48,$0.02B,$0.01B,2.39,$0.13B,$0.07B,1.98,$0.01B,$0.01B,100.00%,$0.01B,$0.01B,66.67%,$0.01B,$0.01B,66.67%,$0.01B,$0.01B,66.67%,$0.01B,$0.01B,41.67%,$0.01B,$0.00B,8.33%,$0.00B,$0.07B,1.55%,$0.00B,$0.07B,1.55%,$0.00B,$0.23B,0.45%,$0.01B,$0.20B,4.20%,$3,$1,$3,$0,$1,$2,$2,$-0,$2,$0,$1,$0,$0,$2,$2,$4,4,$0.13,$0.13,$19,$0,$1,$21,$0,$204,$0,$0,$204,$225,$9,$132,$3,$150,$158,$1,$-84,$0,$67,$225,$4,$3,$-0,$2,$0,$0,$0,$0,$0,$7,$0,$0,$0,$0,$0,$-8,$-0,$-8,$0,$0,$-3,$0,$0,$0,$0,$-3,$-4,$0,$0
23,2012-09-30,5.65,$0.00,0.0,$3.56,1.59,$0.17,33.67,$0.17,33.24,$0.03B,$0.01B,3.13,$0.12B,$0.02B,6.81,$0.01B,$0.01B,100.00%,$0.01B,$0.01B,66.67%,$0.01B,$0.01B,66.67%,$0.01B,$0.01B,66.67%,$0.01B,$0.00B,25.00%,$0.01B,$0.00B,8.33%,$0.00B,$0.06B,1.59%,$0.00B,$0.06B,1.59%,$0.00B,$0.22B,0.45%,$0.01B,$0.19B,4.28%,$3,$0,$3,$0,$1,$2,$2,$-0,$1,$0,$1,$1,$0,$2,$2,$4,4,$0.12,$0.12,$26,$0,$1,$28,$0,$191,$0,$1,$193,$220,$9,$122,$10,$147,$156,$0,$0,$0,$64,$220,$0,$0,$0,$0,$0,$0,$0,$0,$0,$0,$0,$0,$0,$0,$0,$0,$0,$0,$0,$0,$0,$0,$0,$0,$0,$0,$0,$0,$0
24,2012-06-30,6.15,$0.00,0.0,$3.73,1.65,$0.17,36.65,$-0.25,0.0,$0.03B,$0.01B,2.79,$0.12B,$0.02B,7.08,$0.01B,$0.01B,92.31%,$0.01B,$0.01B,61.54%,$0.01B,$0.01B,61.54%,$0.01B,$0.01B,61.54%,$0.01B,0,0.00%,$0.01B,0,0.00%,$0.00B,$0.06B,0.00%,$0.00B,$0.06B,0.00%,$0.00B,$0.22B,0.00%,$0.01B,$0.18B,4.31%,$3,$1,$3,$0,$1,$2,$2,$-1,$0,$0,$0,$-0,$-0,$2,$2,$4,4,$-0.10,$-0.10,$26,$0,$1,$28,$0,$188,$0,$1,$189,$217,$10,$120,$10,$145,$155,$0,$0,$0,$62,$217,$0,$0,$0,$0,$0,$0,$0,$0,$0,$0,$0,$0,$0,$0,$0,$0,$0,$0,$0,$0,$0,$0,$0,$0,$0,$0,$0,$0,$0
25,2012-03-31,5.55,$0.00,0.0,$3.88,1.43,$0.17,33.08,$-0.20,0.0,$0.03B,$0.01B,2.77,$0.13B,$0.02B,7.29,$0.01B,$0.01B,85.71%,$0.01B,$0.01B,57.14%,$0.01B,$0.01B,57.14%,$0.01B,$0.01B,57.14%,$0.01B,0,0.00%,$0.01B,0,0.00%,$0.00B,$0.07B,0.00%,$0.00B,$0.07B,0.00%,$0.00B,$0.23B,0.00%,$0.01B,$0.19B,4.25%,$3,$0,$3,$0,$0,$2,$2,$0,$2,$1,$2,$1,$1,$2,$2,$4,4,$0.25,$0.25,$26,$0,$1,$28,$0,$0,$0,$2,$2,$229,$10,$128,$11,$154,$164,$0,$0,$0,$65,$229,$0,$0,$0,$0,$0,$0,$0,$0,$0,$0,$0,$0,$0,$0,$0,$0,$0,$0,$0,$0,$0,$0,$0,$0,$0,$0,$0,$0,$0
26,2011-12-31,5.25,$0.00,0.0,$3.38,1.56,$0.17,31.29,$-0.05,0.0,$0.03B,$0.01B,2.69,$0.12B,$0.06B,2.02,$0.01B,$0.01B,83.33%,$0.01B,$0.01B,41.67%,$0.01B,$0.01B,41.67%,$0.01B,$0.01B,41.67%,$0.01B,$0.00B,8.33%,$0.01B,0,0.00%,$0.00B,$0.06B,0.00%,$0.00B,$0.06B,0.00%,$0.00B,$0.22B,0.00%,$0.01B,$0.19B,2.72%,$3,$1,$3,$0,$1,$2,$2,$-1,$0,$0,$0,$-0,$-0,$2,$2,$4,4,$-0.10,$-0.10,$23,$0,$2,$26,$0,$0,$0,$0,$0,$220,$10,$124,$11,$149,$159,$1,$-86,$0,$61,$220,$2,$2,$-0,$2,$0,$0,$0,$0,$2,$2,$-1,$0,$-21,$0,$0,$-1,$-0,$-23,$0,$15,$-6,$0,$5,$0,$0,$14,$-7,$0,$0
27,2011-09-30,7.0,$0.00,0.0,$2.62,2.67,$0.05,133.59,$-0.20,0.0,$0.02B,$0.01B,1.41,$0.11B,$0.07B,1.55,$0.01B,$0.01B,88.89%,$0.01B,$0.01B,66.67%,$0.01B,$0.01B,66.67%,$0.01B,$0.01B,66.67%,$0.01B,$-0.01B,-66.67%,$0.01B,$-0.00B,-11.11%,$-0.00B,$0.07B,-1.59%,$-0.00B,$0.07B,-1.59%,$-0.00B,$0.22B,-0.55%,$0.01B,$0.18B,3.93%,$4,$1,$3,$0,$1,$2,$2,$-4,$-2,$-0,$-2,$-1,$-1,$2,$2,$4,4,$-0.30,$-0.30,$13,$0,$1,$16,$0,$0,$0,$2,$2,$219,$11,$110,$11,$137,$148,$0,$0,$0,$71,$219,$0,$0,$0,$0,$0,$0,$0,$0,$0,$0,$0,$0,$0,$0,$0,$0,$0,$0,$0,$0,$0,$0,$0,$0,$0,$0,$0,$0,$0
28,2011-06-30,7.0,$0.00,0.0,$1.71,4.09,$0.05,133.59,$1.70,4.12,$0.02B,$0.02B,1.21,$0.12B,$0.08B,1.6,$0.01B,$0.01B,100.00%,$0.01B,$0.00B,80.00%,$0.01B,$0.00B,80.00%,$0.01B,$0.00B,80.00%,$0.01B,$0.00B,40.00%,$0.01B,$0.01B,100.00%,$0.01B,$0.08B,9.01%,$0.01B,$0.08B,9.01%,$0.01B,$0.24B,3.47%,$0.00B,$0.19B,3.27%,$4,$0,$3,$0,$1,$2,$2,$-2,$0,$0,$0,$-0,$-0,$2,$2,$4,4,$-0.05,$-0.05,$13,$0,$2,$18,$0,$0,$0,$2,$2,$236,$15,$120,$10,$146,$161,$0,$0,$0,$75,$236,$0,$0,$0,$0,$0,$0,$0,$0,$0,$0,$0,$0,$0,$0,$0,$0,$0,$0,$0,$0,$0,$0,$0,$0,$0,$0,$0,$0,$0
29,2011-03-31,8.65,$0.00,0.0,$0.79,10.99,$0.05,165.08,$1.75,4.94,$0.02B,$0.01B,1.01,$0.11B,$0.07B,1.65,$0.00B,$0.00B,200.00%,$0.00B,$0.00B,200.00%,$0.00B,$0.00B,200.00%,$0.00B,$0.00B,200.00%,$0.00B,$0.00B,200.00%,$0.00B,$0.01B,500.00%,$0.01B,$0.07B,11.05%,$0.01B,$0.07B,11.05%,$0.01B,$0.21B,5.00%,$0.00B,$0.18B,2.31%,$1,$0,$1,$0,$1,$2,$-1,$4,$3,$0,$3,$1,$1,$-1,$-1,$3,3,$0.40,$0.40,$10,$0,$2,$15,$0,$0,$0,$2,$2,$211,$14,$109,$7,$131,$145,$0,$0,$0,$66,$211,$0,$0,$0,$0,$0,$0,$0,$0,$0,$0,$0,$0,$0,$0,$0,$0,$0,$0,$0,$0,$0,$0,$0,$0,$0,$0,$0,$0,$0
30,2010-12-31,6.95,$0.00,0.0,$1.17,5.95,$0.05,132.63,$1.15,6.04,$0.03B,$0.01B,6.14,$0.02B,$0.04B,0.48,$0.00B,$0.00B,100.00%,$0.00B,$0.00B,66.67%,$0.00B,$0.00B,66.67%,$0.00B,$0.00B,66.67%,$0.00B,$-0.00B,-66.67%,$0.00B,$0.00B,100.00%,$0.00B,$0.04B,8.05%,$0.00B,$0.04B,8.05%,$0.00B,$0.07B,4.78%,$0.00B,$0.06B,3.59%,$0,$-1,$1,$-1,$-1,$-2,$3,$-7,$-7,$0,$-7,$-1,$-1,$3,$3,$3,3,$-0.25,$-0.25,$30,$0,$1,$32,$0,$0,$0,$1,$1,$65,$5,$19,$0,$19,$24,$1,$-85,$0,$40,$65,$4,$1,$-6,$-5,$0,$0,$0,$0,$-0,$0,$-0,$0,$0,$0,$0,$-9,$10,$-2,$0,$-0,$0,$0,$0,$0,$0,$-0,$2,$0,$0
31,2010-09-30,7.5,$0.00,0.0,$2.05,3.65,$-8.82,0.0,$1.05,7.14,$0.04B,$0.01B,7.42,$0.02B,$0.00B,0.0,$0.01B,$0.00B,66.67%,$0.01B,$-0.00B,-33.33%,$0.01B,$-0.00B,-33.33%,$0.01B,$-0.00B,-33.33%,$0.01B,$0.00B,66.67%,$0.01B,$0.00B,50.00%,$0.00B,$0.04B,8.33%,$0.00B,$0.04B,8.33%,$0.00B,$0.07B,4.82%,$-0.00B,$0.06B,-4.04%,$0,$0,$0,$0,$0,$1,$-0,$6,$6,$0,$6,$6,$5,$-0,$-0,$3,3,$1.60,$1.60,$39,$0,$0,$41,$0,$1,$0,$1,$1,$65,$6,$19,$0,$19,$24,$0,$0,$0,$41,$65,$0,$0,$0,$0,$0,$0,$0,$0,$0,$0,$0,$0,$0,$0,$0,$0,$0,$0,$0,$0,$0,$0,$0,$0,$0,$0,$0,$0,$0
32,2010-06-30,6.75,$0.00,0.0,$2.89,2.33,$-8.82,0.0,$-0.75,0.0,$0.04B,$0.01B,4.89,$0.02B,$0.00B,0.0,$0.01B,$0.01B,66.67%,$0.01B,$-0.00B,-33.33%,$0.01B,$-0.00B,-33.33%,$0.01B,$-0.00B,-33.33%,$0.01B,$-0.00B,-33.33%,$0.01B,$-0.00B,-33.33%,$-0.00B,$0.03B,-8.63%,$-0.00B,$0.03B,-8.63%,$-0.00B,$0.06B,-5.22%,$-0.00B,$0.05B,-6.90%,$0,$0,$0,$0,$0,$1,$-0,$0,$0,$0,$0,$0,$0,$-0,$-0,$3,3,$0.00,$0.00,$32,$0,$5,$37,$0,$1,$0,$1,$1,$59,$8,$17,$0,$17,$24,$0,$0,$0,$34,$59,$0,$0,$0,$0,$0,$0,$0,$0,$0,$0,$0,$0,$0,$0,$0,$0,$0,$0,$0,$0,$0,$0,$0,$0,$0,$0,$0,$0,$0
33,2010-03-31,7.05,$0.00,0.0,$3.76,1.87,$-8.82,0.0,$-1.05,0.0,$0.04B,$0.01B,4.57,$0.02B,$0.00B,0.0,$0.01B,$0.01B,66.67%,$0.01B,$-0.00B,-33.33%,$0.01B,$-0.00B,-33.33%,$0.01B,$-0.00B,-33.33%,$0.01B,$-0.00B,-33.33%,$0.01B,$-0.00B,-33.33%,$-0.00B,$0.03B,-11.27%,$-0.00B,$0.03B,-11.27%,$-0.00B,$0.06B,-7.34%,$-0.00B,$0.05B,-10.00%,$3,$1,$2,$1,$2,$3,$-1,$0,$-1,$0,$-1,$-1,$-1,$-1,$-1,$3,3,$-0.20,$-0.20,$33,$2,$1,$37,$0,$2,$0,$0,$2,$62,$8,$17,$2,$19,$27,$0,$0,$0,$34,$62,$0,$0,$0,$0,$0,$0,$0,$0,$0,$0,$0,$0,$0,$0,$0,$0,$0,$0,$0,$0,$0,$0,$0,$0,$0,$0,$0,$0,$0
34,2009-12-31,6.65,$0.00,0.0,$4.06,1.64,$-8.82,0.0,$0.05,133.0,$0.04B,$0.01B,4.51,$0.00B,$0.00B,0.0,$0.01B,$0.01B,61.54%,$0.01B,$-0.01B,-38.46%,$0.01B,$-0.01B,-38.46%,$0.01B,$-0.01B,-38.46%,$0.01B,0,0.00%,$0.01B,0,0.00%,$0.00B,$0.04B,0.00%,$0.00B,$0.04B,0.00%,$0.00B,$0.06B,0.00%,$-0.01B,$0.04B,-13.70%,$3,$1,$2,$1,$2,$5,$-1,$0,$-1,$0,$-1,$-1,$-1,$-1,$-1,$3,3,$-0.35,$-0.35,$29,$2,$4,$38,$0,$2,$0,$0,$2,$63,$8,$0,$20,$20,$28,$0,$0,$0,$35,$63,$0,$1,$0,$1,$0,$0,$0,$0,$-3,$-7,$-23,$0,$29,$0,$0,$0,$-1,$6,$0,$18,$0,$0,$0,$0,$0,$18,$17,$0,$0
35,2009-09-30,6.35,$0.00,0.0,$4.11,1.54,$-1.11,0.0,$-0.35,0.0,$0.04B,$0.01B,5.25,$0.00B,$0.00B,0.0,$0.01B,$0.01B,57.14%,$0.01B,$-0.01B,-42.86%,$0.01B,$-0.01B,-42.86%,$0.01B,$-0.01B,-42.86%,$0.01B,0,0.00%,$0.01B,$-0.00B,-14.29%,$-0.00B,$0.04B,-5.48%,$-0.00B,$0.04B,-5.48%,$-0.00B,$0.05B,-4.23%,$-0.01B,$0.04B,-16.44%,$3,$1,$2,$1,$2,$4,$-1,$0,$-1,$0,$-1,$-1,$-1,$-1,$-1,$3,3,$-0.20,$-0.20,$34,$3,$5,$43,$0,$2,$0,$0,$2,$46,$8,$0,$2,$2,$10,$0,$0,$0,$36,$46,$0,$0,$0,$0,$0,$0,$0,$0,$0,$0,$0,$0,$0,$0,$0,$0,$0,$0,$0,$0,$0,$0,$0,$0,$0,$0,$0,$0,$0
36,2009-06-30,6.2,$0.00,0.0,$5.14,1.21,$-1.11,0.0,$-0.70,0.0,$0.04B,$0.01B,5.17,$0.00B,$0.00B,0.0,$0.02B,$0.01B,50.00%,$0.02B,$-0.01B,-33.33%,$0.02B,$-0.01B,-33.33%,$0.02B,$-0.01B,-33.33%,$0.02B,$-0.00B,-5.56%,$0.02B,$-0.00B,-16.67%,$-0.00B,$0.04B,-8.11%,$-0.00B,$0.04B,-8.11%,$-0.00B,$0.05B,-6.19%,$-0.01B,$0.04B,-16.22%,$3,$2,$2,$1,$2,$5,$-1,$0,$-1,$0,$-1,$-1,$-1,$-1,$-1,$3,3,$-0.30,$-0.30,$38,$3,$1,$44,$0,$2,$0,$0,$2,$47,$9,$0,$2,$2,$10,$0,$0,$0,$37,$47,$0,$0,$0,$0,$0,$0,$0,$0,$0,$0,$0,$0,$0,$0,$0,$0,$0,$0,$0,$0,$0,$0,$0,$0,$0,$0,$0,$0,$0
37,2009-03-31,6.0,$0.00,0.0,$6.20,0.97,$-1.11,0.0,$-1.15,0.0,$0.05B,$0.01B,5.26,$0.00B,$0.00B,0.0,$0.02B,$0.01B,47.62%,$0.02B,$-0.01B,-33.33%,$0.02B,$-0.01B,-33.33%,$0.02B,$-0.01B,-33.33%,$0.02B,$-0.00B,-9.52%,$0.02B,$-0.00B,-19.05%,$-0.00B,$0.04B,-10.67%,$-0.00B,$0.04B,-10.67%,$-0.00B,$0.05B,-8.04%,$-0.01B,$0.04B,-18.67%,$4,$2,$2,$1,$2,$5,$-2,$5,$3,$0,$3,$3,$3,$-2,$-2,$3,3,$0.90,$0.90,$29,$4,$11,$45,$0,$2,$0,$0,$2,$49,$9,$0,$2,$2,$10,$0,$0,$0,$38,$49,$0,$0,$0,$0,$0,$0,$0,$0,$0,$0,$0,$0,$0,$0,$0,$0,$0,$0,$0,$0,$0,$0,$0,$0,$0,$0,$0,$0,$0
38,2008-12-31,6.1,$0.00,0.0,$6.59,0.93,$-1.11,0.0,$-3.10,0.0,$0.02B,$0.01B,1.95,$0.00B,$0.04B,0.0,$0.02B,$0.01B,47.62%,$0.02B,$-0.01B,-38.10%,$0.02B,$-0.01B,-38.10%,$0.02B,$-0.01B,-38.10%,$0.02B,$-0.01B,-38.10%,$0.02B,$-0.01B,-47.62%,$-0.01B,$0.04B,-27.03%,$-0.01B,$0.04B,-27.03%,$-0.01B,$0.05B,-20.20%,$-0.01B,$0.04B,-21.62%,$4,$2,$2,$1,$3,$6,$-2,$2,$-1,$0,$-1,$-3,$-3,$-2,$-2,$3,3,$-0.75,$-0.75,$11,$4,$0,$20,$0,$26,$0,$0,$26,$47,$10,$0,$2,$2,$12,$1,$-90,$0,$35,$47,$-10,$1,$0,$1,$0,$0,$0,$0,$3,$-3,$-0,$0,$0,$0,$0,$-0,$0,$-0,$0,$-1,$0,$0,$5,$0,$0,$4,$1,$0,$0
39,2008-09-30,6.7,$0.00,0.0,$7.57,0.88,$-1.75,0.0,$-2.95,0.0,$0.02B,$0.01B,2.24,$0.00B,$0.00B,0.0,$0.02B,$0.01B,47.83%,$0.02B,$-0.01B,-30.43%,$0.02B,$-0.01B,-30.43%,$0.02B,$-0.01B,-30.43%,$0.02B,$-0.01B,-34.78%,$0.02B,$-0.01B,-39.13%,$-0.01B,$0.04B,-23.68%,$-0.01B,$0.04B,-23.68%,$-0.01B,$0.05B,-17.73%,$-0.01B,$0.04B,-18.42%,$7,$3,$3,$2,$3,$8,$-1,$-0,$-2,$0,$-2,$-2,$-2,$-1,$-1,$3,3,$-0.55,$-0.55,$10,$4,$1,$21,$0,$28,$0,$0,$28,$51,$10,$0,$4,$4,$13,$0,$0,$0,$38,$51,$0,$0,$0,$0,$0,$0,$0,$0,$0,$0,$0,$0,$0,$0,$0,$0,$0,$0,$0,$0,$0,$0,$0,$0,$0,$0,$0,$0,$0
40,2008-06-30,8.15,$0.00,0.0,$7.47,1.09,$-1.75,0.0,$-3.00,0.0,$0.02B,$0.01B,2.4,$0.00B,$0.00B,0.0,$0.02B,$0.01B,52.38%,$0.02B,$-0.01B,-33.33%,$0.02B,$-0.01B,-33.33%,$0.02B,$-0.01B,-33.33%,$0.02B,$-0.01B,-38.10%,$0.02B,$-0.01B,-42.86%,$-0.01B,$0.04B,-22.93%,$-0.01B,$0.04B,-22.93%,$-0.01B,$0.05B,-17.48%,$-0.01B,$0.04B,-17.83%,$6,$3,$3,$2,$3,$8,$-2,$-0,$-2,$0,$-2,$-2,$-2,$-2,$-2,$3,3,$-0.75,$-0.75,$12,$4,$0,$22,$0,$29,$0,$0,$29,$52,$9,$0,$4,$4,$13,$0,$0,$0,$39,$52,$0,$0,$0,$0,$0,$0,$0,$0,$0,$0,$0,$0,$0,$0,$0,$0,$0,$0,$0,$0,$0,$0,$0,$0,$0,$0,$0,$0,$0
41,2008-03-31,9.35,$0.00,0.0,$7.89,1.19,$-1.75,0.0,$-2.70,0.0,$0.02B,$0.01B,2.04,$0.00B,$0.00B,0.0,$0.02B,$0.01B,50.00%,$0.02B,$-0.01B,-27.27%,$0.02B,$-0.01B,-27.27%,$0.02B,$-0.01B,-27.27%,$0.02B,$-0.01B,-31.82%,$0.02B,$-0.01B,-36.36%,$-0.01B,$0.04B,-19.88%,$-0.01B,$0.04B,-19.88%,$-0.01B,$0.05B,-15.31%,$-0.01B,$0.04B,-14.91%,$4,$2,$2,$2,$3,$7,$-3,$-0,$-3,$0,$-3,$-3,$-3,$-3,$-3,$3,3,$-1.05,$-1.05,$8,$5,$0,$18,$0,$29,$0,$0,$29,$48,$9,$0,$3,$3,$12,$0,$0,$0,$36,$48,$0,$0,$0,$0,$0,$0,$0,$0,$0,$0,$0,$0,$0,$0,$0,$0,$0,$0,$0,$0,$0,$0,$0,$0,$0,$0,$0,$0,$0
42,2007-12-31,12.6,$0.00,0.0,$8.47,1.49,$-1.75,0.0,$-1.80,0.0,$0.03B,$0.01B,3.05,$0.00B,$0.04B,0.0,$0.02B,$0.01B,50.00%,$0.02B,$-0.00B,-16.67%,$0.02B,$-0.00B,-16.67%,$0.02B,$-0.00B,-16.67%,$0.02B,$-0.00B,-16.67%,$0.02B,$-0.01B,-20.83%,$-0.01B,$0.04B,-11.76%,$-0.01B,$0.04B,-11.76%,$-0.01B,$0.05B,-9.17%,$-0.00B,$0.04B,-9.41%,$6,$3,$3,$2,$3,$7,$-1,$0,$-1,$0,$-1,$-2,$-2,$-1,$-1,$3,3,$-0.60,$-0.60,$19,$5,$0,$30,$0,$20,$0,$0,$20,$52,$10,$0,$3,$3,$13,$1,$-80,$0,$39,$52,$-7,$1,$0,$1,$0,$0,$0,$0,$-3,$-4,$-1,$0,$0,$0,$0,$16,$0,$15,$0,$-3,$0,$0,$0,$0,$0,$-3,$8,$0,$0
43,2007-09-30,17.7,$0.00,0.0,$8.34,2.12,$-1.58,0.0,$-1.25,0.0,$0.03B,$0.01B,3.29,$0.00B,$0.00B,0.0,$0.02B,$0.01B,52.17%,$0.02B,$-0.00B,-13.04%,$0.02B,$-0.00B,-13.04%,$0.02B,$-0.00B,-13.04%,$0.02B,$-0.00B,-13.04%,$0.02B,$-0.00B,-13.04%,$-0.00B,$0.04B,-6.86%,$-0.00B,$0.04B,-6.86%,$-0.00B,$0.05B,-5.29%,$-0.00B,$0.04B,-6.86%,$5,$2,$3,$1,$2,$6,$-1,$-1,$-2,$0,$-2,$-2,$-2,$-1,$-1,$3,3,$-0.60,$-0.60,$20,$5,$0,$30,$0,$23,$0,$0,$23,$54,$9,$0,$3,$3,$12,$0,$0,$0,$43,$54,$0,$0,$0,$0,$0,$0,$0,$0,$0,$0,$0,$0,$0,$0,$0,$0,$0,$0,$0,$0,$0,$0,$0,$0,$0,$0,$0,$0,$0
44,2007-06-30,22.05,$0.00,0.0,$8.05,2.74,$-1.58,0.0,$-0.85,0.0,$0.03B,$0.01B,3.25,$0.00B,$0.00B,0.0,$0.02B,$0.01B,50.00%,$0.02B,$-0.00B,-13.64%,$0.02B,$-0.00B,-13.64%,$0.02B,$-0.00B,-13.64%,$0.02B,$-0.00B,-9.09%,$0.02B,$-0.00B,-9.09%,$-0.00B,$0.04B,-4.55%,$-0.00B,$0.04B,-4.55%,$-0.00B,$0.06B,-3.49%,$-0.00B,$0.04B,-6.82%,$7,$4,$3,$1,$3,$8,$-1,$-0,$-1,$0,$-1,$-1,$-1,$-1,$-1,$3,3,$-0.45,$-0.45,$23,$5,$0,$33,$0,$21,$0,$0,$21,$55,$10,$0,$2,$2,$13,$0,$0,$0,$43,$55,$0,$0,$0,$0,$0,$0,$0,$0,$0,$0,$0,$0,$0,$0,$0,$0,$0,$0,$0,$0,$0,$0,$0,$0,$0,$0,$0,$0,$0
45,2007-03-31,20.15,$0.00,0.0,$7.19,2.8,$-1.58,0.0,$-0.80,0.0,$0.04B,$0.01B,3.39,$0.00B,$0.00B,0.0,$0.02B,$0.01B,52.63%,$0.02B,$-0.00B,-15.79%,$0.02B,$-0.00B,-15.79%,$0.02B,$-0.00B,-15.79%,$0.02B,$-0.00B,-10.53%,$0.02B,$-0.00B,-10.53%,$-0.00B,$0.05B,-4.57%,$-0.00B,$0.05B,-4.57%,$-0.00B,$0.06B,-3.51%,$-0.00B,$0.05B,-6.86%,$6,$3,$3,$1,$2,$6,$-1,$0,$-0,$0,$-0,$-0,$-0,$-1,$-1,$3,3,$-0.15,$-0.15,$26,$5,$0,$35,$0,$21,$0,$0,$21,$57,$10,$0,$2,$2,$13,$0,$0,$0,$45,$57,$0,$0,$0,$0,$0,$0,$0,$0,$0,$0,$0,$0,$0,$0,$0,$0,$0,$0,$0,$0,$0,$0,$0,$0,$0,$0,$0,$0,$0
46,2006-12-31,19.0,$0.00,0.0,$6.52,2.91,$-1.58,0.0,$-1.10,0.0,$0.05B,$0.01B,3.86,$0.00B,$0.05B,0.0,$0.02B,$0.01B,52.94%,$0.02B,$-0.00B,-17.65%,$0.02B,$-0.00B,-17.65%,$0.02B,$-0.00B,-17.65%,$0.02B,$-0.00B,-17.65%,$0.02B,$-0.00B,-17.65%,$-0.00B,$0.04B,-6.90%,$-0.00B,$0.04B,-6.90%,$-0.00B,$0.06B,-5.29%,$-0.00B,$0.04B,-6.90%,$5,$2,$3,$1,$2,$6,$-0,$0,$-0,$0,$-0,$-0,$-0,$-0,$-0,$3,3,$-0.05,$-0.05,$44,$4,$1,$54,$0,$5,$0,$0,$5,$61,$14,$0,$2,$2,$16,$1,$-73,$0,$44,$61,$-3,$1,$0,$1,$0,$0,$0,$0,$-2,$-4,$-1,$0,$0,$0,$0,$2,$0,$1,$0,$2,$0,$0,$0,$0,$0,$3,$0,$0,$0
