,Date,Stock Price,Book Value per Share,Price to Book Ratio,TTM Sales per Share,Price to Sales Ratio,TTM FCF per Share,Price to FCF Ratio,TTM Net EPS,PE Ratio,Current Assets,Current Liabilities,Current Ratio,Long Term Debt,Shareholder's Equity_x,Debt to Equity Ratio,TTM Revenue_x,TTM Gross Profit,Gross Margin,TTM Revenue_y,TTM Operating Income,Operating Margin,TTM Revenue_x,TTM EBIT,EBIT Margin,TTM Revenue_y,TTM EBITDA,EBITDA Margin,TTM Revenue_x,TTM Pre-Tax Income,Pre-Tax Margin,TTM Revenue_y,TTM Net Income_x,Net Margin,TTM Net Income_y,Shareholder's Equity_y,Return on Equity,TTM Net Income_x,Tangible Equity,Return on Tangible Equity,TTM Net Income_y,Total Assets,Return on Assets,TTM Net Income,LT Investments & Debt,Return on Investment,revenue,cost-goods-sold,gross-profit,research-development-expenses,selling-general-administrative-expenses,operating-expenses,operating-income,total-non-operating-income-expense,pre-tax-income,total-provision-income-taxes,income-after-taxes,income-from-continuous-operations,net-income,ebitda,ebit,basic-shares-outstanding,shares-outstanding,eps-basic-net-earnings-per-share,eps-earnings-per-share-diluted,cash-on-hand,inventory,other-current-assets,total-current-assets,net-property-plant-equipment,long-term-investments,goodwill-intangible-assets-total,other-long-term-assets,total-long-term-assets,total-assets,total-current-liabilities,long-term-debt,other-non-current-liabilities,total-long-term-liabilities,total-liabilities,common-stock-net,retained-earnings-accumulated-deficit,comprehensive-income,total-share-holder-equity,total-liabilities-share-holders-equity,net-income-loss,total-depreciation-amortization-cash-flow,other-non-cash-items,total-non-cash-items,change-in-accounts-receivable,change-in-inventories,change-in-accounts-payable,change-in-assets-liabilities,total-change-in-assets-liabilities,cash-flow-from-operating-activities,net-change-in-property-plant-equipment,net-change-in-intangible-assets,net-acquisitions-divestitures,net-change-in-short-term-investments,net-change-in-long-term-investments,net-change-in-investments-total,investing-activities-other,cash-flow-from-investing-activities,net-long-term-debt,net-current-debt,debt-issuance-retirement-net-total,net-common-equity-issued-repurchased,net-total-equity-issued-repurchased,total-common-preferred-stock-dividends-paid,financial-activities-other,cash-flow-from-financial-activities,net-cash-flow,stock-based-compensation,common-stock-dividends-paid
0,2018-09-30,54.27,$38.48,1.41,$61.87,0.88,$5.43,10.0,$3.31,16.4,$2.24B,$1.39B,1.62,$3.67B,$4.21B,0.87,$6.94B,$1.62B,23.35%,$6.94B,$0.71B,10.26%,$6.94B,$0.71B,10.26%,$6.94B,$1.14B,16.39%,$6.94B,$0.63B,9.05%,$6.94B,$0.37B,5.33%,$0.37B,$4.21B,8.85%,$0.37B,$0.45B,59.70%,$0.37B,$10.05B,3.80%,$0.71B,$7.88B,9.43%,$1818,$1370,$448,$21,$159,$1563,$255,$-27,$228,$67,$161,$162,$161,$362,$255,$110,111,$1.46,$1.45,$136,$1032,$113,$2241,$3741,$0,$3759,$234,$7805,$10046,$1386,$3669,$443,$4454,$5840,$1,$1867,$-610,$4206,$10046,$376,$323,$120,$443,$0,$0,$0,$-314,$-314,$506,$-414,$0,$-1143,$0,$0,$0,$6,$-1551,$959,$307,$1266,$-236,$-236,$-70,$-7,$953,$-109,$34,$-70
1,2018-06-30,63.16,$37.57,1.68,$60.59,1.04,$8.57,7.37,$2.71,23.31,$2.20B,$1.38B,1.59,$3.64B,$4.17B,0.87,$6.82B,$1.60B,23.37%,$6.82B,$0.68B,9.96%,$6.82B,$0.68B,9.96%,$6.82B,$1.10B,16.10%,$6.82B,$0.53B,7.74%,$6.82B,$0.31B,4.47%,$0.31B,$4.17B,7.34%,$0.31B,$0.39B,37.35%,$0.31B,$10.05B,3.25%,$0.68B,$7.80B,9.39%,$1824,$1406,$418,$22,$187,$1621,$203,$-30,$173,$49,$124,$122,$121,$310,$203,$111,112,$1.09,$1.08,$149,$984,$114,$2200,$3722,$0,$3779,$234,$7850,$10050,$1381,$3636,$490,$4502,$5883,$1,$1729,$-600,$4167,$10050,$214,$216,$52,$268,$0,$0,$0,$-176,$-176,$306,$-290,$0,$-1143,$0,$0,$0,$3,$-1430,$974,$258,$1232,$-136,$-136,$-46,$1,$1051,$-97,$22,$-46
2,2018-03-31,80.14,$37.31,2.15,$58.41,1.37,$10.42,7.69,$2.48,32.31,$2.23B,$1.38B,1.61,$3.76B,$4.14B,0.91,$6.60B,$1.59B,24.03%,$6.60B,$0.70B,10.55%,$6.60B,$0.70B,10.55%,$6.60B,$1.09B,16.55%,$6.60B,$0.52B,7.85%,$6.60B,$0.28B,4.24%,$0.28B,$4.14B,6.80%,$0.28B,$0.31B,27.67%,$0.28B,$10.21B,3.09%,$0.70B,$7.90B,9.99%,$1691,$1336,$355,$23,$185,$1564,$127,$-24,$103,$11,$92,$92,$92,$236,$127,$112,113,$0.83,$0.82,$140,$943,$81,$2228,$3755,$0,$3834,$241,$7985,$10213,$1384,$3762,$523,$4688,$6072,$1,$1631,$-530,$4141,$10213,$92,$109,$9,$118,$0,$0,$0,$-296,$-296,$-90,$-87,$0,$-1121,$0,$0,$0,$1,$-1207,$989,$368,$1357,$-111,$-111,$-46,$1,$1201,$-106,$9,$-46
3,2017-12-31,91.41,$37.70,2.42,$56.44,1.62,$11.46,7.98,$2.55,35.85,$1.99B,$1.28B,1.55,$2.41B,$4.20B,0.57,$6.38B,$1.57B,24.62%,$6.38B,$0.74B,11.54%,$6.38B,$0.74B,11.54%,$6.38B,$1.11B,17.36%,$6.38B,$0.56B,8.76%,$6.38B,$0.29B,4.53%,$0.29B,$4.20B,7.10%,$0.29B,$1.34B,22.16%,$0.29B,$8.63B,3.41%,$0.74B,$6.61B,11.27%,$1606,$1207,$399,$21,$164,$1479,$127,$-3,$124,$127,$-3,$-3,$-4,$229,$127,$112,113,$-0.03,$-0.04,$246,$841,$80,$1985,$3425,$0,$2867,$211,$6647,$8632,$1282,$2405,$448,$3146,$4428,$1,$1575,$-514,$4204,$8632,$290,$371,$390,$761,$-66,$-57,$0,$-100,$-36,$1016,$-334,$0,$-570,$0,$0,$0,$3,$-901,$237,$1,$238,$-159,$-159,$-89,$13,$3,$135,$44,$-89
4,2017-09-30,76.53,$37.00,2.07,$54.24,1.41,$10.38,7.38,$3.35,22.85,$1.96B,$1.19B,1.66,$2.54B,$4.11B,0.62,$6.16B,$1.49B,24.22%,$6.16B,$0.75B,12.11%,$6.16B,$0.75B,12.11%,$6.16B,$1.12B,18.11%,$6.16B,$0.54B,8.81%,$6.16B,$0.38B,6.15%,$0.38B,$4.11B,9.50%,$0.38B,$1.23B,28.63%,$0.38B,$8.66B,4.59%,$0.75B,$6.65B,11.68%,$1703,$1280,$423,$22,$159,$1480,$223,$-95,$128,$32,$96,$96,$96,$324,$223,$111,113,$0.86,$0.85,$168,$793,$74,$1963,$3314,$0,$2880,$202,$6693,$8656,$1185,$2539,$437,$3357,$4542,$1,$1603,$-605,$4114,$8656,$293,$269,$240,$509,$0,$0,$0,$-98,$-98,$694,$-246,$0,$-566,$0,$0,$0,$2,$-810,$237,$135,$372,$-159,$-159,$-67,$8,$154,$57,$30,$-67
5,2017-06-30,66.01,$36.07,1.83,$52.28,1.26,$9.85,6.7,$3.47,19.02,$1.99B,$1.12B,1.78,$2.69B,$4.02B,0.67,$5.98B,$1.44B,24.15%,$5.98B,$0.73B,12.22%,$5.98B,$0.73B,12.22%,$5.98B,$1.08B,18.12%,$5.98B,$0.59B,9.92%,$5.98B,$0.40B,6.61%,$0.40B,$4.02B,10.01%,$0.40B,$1.17B,28.66%,$0.40B,$8.69B,4.90%,$0.73B,$6.70B,11.69%,$1597,$1189,$408,$21,$155,$1378,$219,$-56,$163,$67,$96,$96,$96,$303,$219,$112,113,$0.86,$0.85,$199,$792,$72,$1988,$3336,$0,$2845,$200,$6702,$8690,$1116,$2686,$426,$3559,$4675,$1,$1529,$-634,$4015,$8690,$197,$168,$134,$302,$0,$0,$0,$-99,$-99,$392,$-167,$0,$-561,$0,$0,$0,$3,$-725,$588,$0,$588,$-134,$-134,$-45,$3,$412,$88,$20,$-45
6,2017-03-31,60.54,$35.20,1.72,$51.43,1.18,$9.05,6.69,$3.81,15.89,$1.83B,$0.98B,1.88,$2.26B,$3.95B,0.57,$5.92B,$1.45B,24.49%,$5.92B,$0.75B,12.68%,$5.92B,$0.75B,12.68%,$5.92B,$1.10B,18.60%,$5.92B,$0.64B,10.82%,$5.92B,$0.44B,7.38%,$0.44B,$3.95B,11.15%,$0.44B,$1.48B,30.39%,$0.44B,$7.97B,5.54%,$0.75B,$6.20B,12.37%,$1478,$1136,$342,$21,$142,$1310,$168,$-24,$144,$43,$101,$101,$101,$252,$168,$112,114,$0.90,$0.89,$101,$726,$76,$1833,$3117,$0,$2470,$197,$6133,$7966,$975,$2256,$393,$3045,$4020,$1,$1455,$-676,$3946,$7966,$101,$84,$45,$129,$0,$0,$0,$-218,$-218,$7,$-67,$0,$0,$0,$0,$0,$0,$-67,$0,$157,$157,$-72,$-72,$-45,$3,$43,$-11,$10,$-45
7,2016-12-31,50.69,$34.51,1.47,$48.98,1.03,$9.28,5.46,$3.41,14.87,$1.59B,$0.96B,1.65,$2.10B,$3.89B,0.54,$5.68B,$1.38B,24.33%,$5.68B,$0.70B,12.31%,$5.68B,$0.70B,12.31%,$5.68B,$1.04B,18.35%,$5.68B,$0.59B,10.39%,$5.68B,$0.39B,6.92%,$0.39B,$3.89B,10.10%,$0.39B,$1.42B,26.46%,$0.39B,$7.74B,5.06%,$0.70B,$5.99B,11.80%,$1383,$1064,$319,$22,$158,$1247,$136,$-28,$108,$16,$92,$88,$86,$237,$136,$114,115,$0.77,$0.76,$112,$710,$74,$1586,$3112,$0,$2474,$194,$6155,$7741,$963,$2099,$387,$2889,$3852,$1,$1377,$-710,$3889,$7741,$399,$343,$193,$536,$55,$5,$0,$-85,$0,$943,$-373,$0,$-452,$0,$0,$0,$10,$-815,$232,$-6,$226,$-247,$-247,$-81,$14,$-88,$22,$41,$-81
8,2016-09-30,52.11,$34.64,1.5,$47.97,1.09,$7.46,6.98,$3.57,14.6,$1.70B,$1.00B,1.7,$2.16B,$3.94B,0.55,$5.59B,$1.36B,24.29%,$5.59B,$0.70B,12.54%,$5.59B,$0.70B,12.54%,$5.59B,$1.02B,18.23%,$5.59B,$0.60B,10.73%,$5.59B,$0.42B,7.44%,$0.42B,$3.94B,10.77%,$0.42B,$1.45B,27.11%,$0.42B,$7.88B,5.43%,$0.70B,$6.10B,12.09%,$1518,$1144,$374,$20,$141,$1311,$207,$-29,$178,$65,$113,$113,$112,$291,$207,$114,115,$0.98,$0.97,$110,$729,$54,$1702,$3090,$0,$2484,$231,$6174,$7876,$1003,$2160,$421,$2938,$3941,$1,$1299,$-632,$3935,$7876,$311,$242,$152,$394,$0,$0,$0,$-47,$-47,$679,$-281,$0,$-450,$0,$0,$0,$2,$-729,$235,$55,$290,$-176,$-176,$-61,$10,$63,$14,$25,$-61
9,2016-06-30,50.12,$33.99,1.47,$47.04,1.07,$5.26,9.53,$3.55,14.12,$1.78B,$1.16B,1.54,$2.10B,$3.91B,0.54,$5.52B,$1.32B,23.99%,$5.52B,$0.69B,12.50%,$5.52B,$0.69B,12.50%,$5.52B,$1.00B,18.06%,$5.52B,$0.59B,10.69%,$5.52B,$0.42B,7.54%,$0.42B,$3.91B,10.89%,$0.42B,$1.41B,26.45%,$0.42B,$7.98B,5.50%,$0.69B,$6.00B,12.08%,$1545,$1129,$416,$21,$151,$1305,$240,$-29,$211,$73,$138,$139,$138,$322,$240,$115,116,$1.20,$1.19,$67,$753,$63,$1775,$3059,$0,$2496,$236,$6202,$7977,$1156,$2099,$410,$2916,$4072,$1,$1208,$-635,$3905,$7977,$198,$158,$98,$256,$0,$0,$0,$-135,$-135,$326,$-187,$0,$-450,$0,$0,$0,$2,$-635,$300,$102,$402,$-87,$-87,$-40,$4,$279,$-29,$17,$-40
10,2016-03-31,45.99,$33.11,1.39,$45.63,1.01,$3.48,13.21,$3.13,14.69,$1.61B,$1.06B,1.52,$1.79B,$3.83B,0.47,$5.38B,$1.22B,22.61%,$5.38B,$0.61B,11.27%,$5.38B,$0.61B,11.27%,$5.38B,$0.91B,16.87%,$5.38B,$0.51B,9.56%,$5.38B,$0.37B,6.86%,$0.37B,$3.83B,9.76%,$0.37B,$1.67B,22.88%,$0.37B,$7.46B,4.92%,$0.61B,$5.61B,10.65%,$1231,$959,$272,$19,$134,$1115,$116,$-23,$93,$34,$59,$59,$57,$192,$116,$116,117,$0.49,$0.49,$54,$708,$50,$1610,$2988,$0,$2163,$219,$5845,$7455,$1059,$1785,$390,$2568,$3627,$1,$1091,$-625,$3828,$7455,$59,$76,$39,$115,$0,$0,$0,$-94,$-94,$63,$-98,$0,$0,$0,$0,$0,$0,$-98,$0,$76,$76,$-43,$-43,$-40,$-1,$-8,$-42,$8,$-40
11,2015-12-31,45.57,$32.61,1.4,$45.22,1.01,$2.05,22.22,$2.79,16.33,$1.51B,$1.06B,1.42,$1.70B,$3.78B,0.45,$5.35B,$1.15B,21.55%,$5.35B,$0.55B,10.24%,$5.35B,$0.55B,10.24%,$5.35B,$0.85B,15.85%,$5.35B,$0.45B,8.47%,$5.35B,$0.33B,6.17%,$0.33B,$3.78B,8.81%,$0.33B,$1.61B,20.99%,$0.33B,$7.33B,4.37%,$0.55B,$5.48B,9.49%,$1297,$1001,$296,$20,$136,$1159,$138,$-20,$118,$8,$110,$110,$109,$214,$138,$117,118,$0.94,$0.92,$96,$644,$47,$1508,$2956,$0,$2166,$204,$5818,$7326,$1063,$1702,$377,$2484,$3547,$1,$1055,$-670,$3779,$7326,$334,$300,$91,$391,$-71,$150,$0,$-99,$8,$742,$-373,$0,$0,$0,$0,$0,$4,$-369,$-8,$-128,$-136,$-138,$-138,$-78,$19,$-333,$29,$30,$-78
12,2015-09-30,40.3,$32.34,1.25,$44.77,0.9,$0.14,291.85,$2.15,18.75,$1.88B,$0.98B,1.91,$1.98B,$3.77B,0.52,$5.30B,$1.10B,20.76%,$5.30B,$0.51B,9.70%,$5.30B,$0.51B,9.70%,$5.30B,$0.81B,15.35%,$5.30B,$0.37B,6.89%,$5.30B,$0.25B,4.79%,$0.25B,$3.77B,6.80%,$0.25B,$1.60B,16.33%,$0.25B,$7.51B,3.34%,$0.51B,$5.75B,8.81%,$1447,$1107,$340,$18,$130,$1251,$196,$-28,$168,$55,$113,$113,$112,$269,$196,$117,118,$0.96,$0.95,$62,$701,$237,$1875,$2885,$0,$2171,$228,$5636,$7511,$984,$1979,$381,$2753,$3737,$1,$966,$-617,$3774,$7511,$224,$224,$95,$319,$0,$0,$0,$-151,$-151,$410,$-263,$0,$0,$0,$0,$0,$0,$-263,$-8,$-13,$-21,$-86,$-86,$-58,$18,$-147,$-5,$22,$-58
13,2015-06-30,39.51,$31.87,1.24,$44.24,0.89,$-1.86,0.0,$1.64,24.09,$1.98B,$0.94B,2.11,$2.17B,$3.75B,0.58,$5.23B,$1.01B,19.32%,$5.23B,$0.43B,8.12%,$5.23B,$0.43B,8.12%,$5.23B,$0.73B,13.87%,$5.23B,$0.28B,5.27%,$5.23B,$0.19B,3.71%,$0.19B,$3.75B,5.15%,$0.19B,$1.57B,12.28%,$0.19B,$7.68B,2.53%,$0.43B,$5.91B,7.19%,$1403,$1095,$308,$18,$130,$1247,$156,$-21,$135,$44,$91,$92,$91,$232,$156,$118,118,$0.77,$0.77,$80,$786,$248,$1980,$2891,$0,$2178,$227,$5699,$7679,$937,$2165,$388,$2994,$3931,$1,$874,$-584,$3748,$7679,$111,$151,$41,$192,$0,$0,$0,$-210,$-210,$106,$-175,$0,$0,$0,$0,$0,$0,$-175,$-8,$166,$158,$-47,$-47,$-39,$11,$83,$13,$14,$-39
14,2015-03-31,41.57,$31.21,1.33,$43.83,0.95,$-2.80,0.0,$1.05,39.59,$2.00B,$0.91B,2.19,$2.27B,$3.68B,0.62,$5.19B,$0.95B,18.34%,$5.19B,$0.34B,6.60%,$5.19B,$0.34B,6.60%,$5.19B,$0.65B,12.44%,$5.19B,$0.18B,3.53%,$5.19B,$0.12B,2.39%,$0.12B,$3.68B,3.26%,$0.12B,$1.50B,7.67%,$0.12B,$7.70B,1.61%,$0.34B,$5.96B,5.72%,$1203,$994,$209,$17,$129,$1145,$58,$-26,$32,$13,$19,$19,$18,$133,$58,$118,119,$0.15,$0.15,$77,$825,$235,$1995,$2851,$0,$2181,$235,$5701,$7696,$912,$2274,$381,$3101,$4013,$1,$803,$-591,$3683,$7696,$19,$75,$17,$92,$0,$0,$0,$-230,$-230,$-116,$-89,$0,$0,$0,$0,$0,$0,$-89,$0,$265,$265,$-19,$-19,$-39,$7,$214,$10,$8,$-39
15,2014-12-31,34.16,$31.66,1.08,$44.45,0.77,$-3.81,0.0,$1.91,17.88,$1.81B,$0.98B,1.84,$1.98B,$3.73B,0.53,$5.26B,$0.98B,18.56%,$5.26B,$0.39B,7.45%,$5.26B,$0.39B,7.45%,$5.26B,$0.70B,13.23%,$5.26B,$0.23B,4.41%,$5.26B,$0.23B,4.30%,$0.23B,$3.73B,5.86%,$0.23B,$1.55B,13.57%,$0.23B,$7.54B,2.92%,$0.39B,$5.71B,6.48%,$1245,$1002,$243,$19,$115,$1141,$104,$-74,$30,$-4,$34,$34,$33,$179,$104,$118,118,$0.28,$0.28,$67,$817,$233,$1807,$2899,$0,$2185,$207,$5735,$7542,$983,$1978,$382,$2829,$3812,$1,$805,$-550,$3730,$7542,$228,$304,$13,$317,$-10,$-29,$0,$-77,$-113,$452,$-309,$0,$-12,$0,$0,$0,$24,$-297,$-12,$-38,$-50,$-44,$-44,$-56,$8,$-142,$10,$29,$-56
16,2014-09-30,29.99,$33.14,0.9,$44.65,0.67,$-4.42,0.0,$2.32,12.93,$2.02B,$0.96B,2.1,$2.17B,$3.90B,0.56,$5.29B,$0.97B,18.25%,$5.29B,$0.39B,7.41%,$5.29B,$0.39B,7.41%,$5.29B,$0.72B,13.57%,$5.29B,$0.28B,5.31%,$5.29B,$0.28B,5.20%,$0.28B,$3.90B,7.08%,$0.28B,$1.70B,16.32%,$0.28B,$7.70B,3.54%,$0.39B,$6.07B,6.44%,$1382,$1131,$251,$18,$110,$1275,$107,$-28,$79,$27,$52,$52,$52,$182,$107,$117,118,$0.44,$0.44,$51,$823,$223,$2017,$2892,$0,$2193,$221,$5678,$7695,$959,$2171,$363,$2839,$3798,$1,$791,$-356,$3897,$7695,$194,$229,$-27,$202,$0,$0,$0,$-324,$-324,$62,$-151,$0,$-12,$0,$0,$0,$1,$-162,$-1,$170,$169,$-44,$-44,$-37,$7,$95,$-6,$21,$-37
17,2014-06-30,36.38,$33.26,1.09,$44.06,0.83,$-3.87,0.0,$2.31,15.75,$2.06B,$0.91B,2.28,$2.27B,$3.91B,0.58,$5.23B,$0.97B,18.51%,$5.23B,$0.39B,7.47%,$5.23B,$0.39B,7.47%,$5.23B,$0.72B,13.76%,$5.23B,$0.28B,5.33%,$5.23B,$0.27B,5.24%,$0.27B,$3.91B,7.17%,$0.27B,$1.72B,16.92%,$0.27B,$7.80B,3.52%,$0.39B,$6.18B,6.48%,$1355,$1107,$248,$20,$130,$1282,$73,$-31,$42,$21,$21,$22,$21,$151,$73,$117,118,$0.18,$0.18,$81,$886,$231,$2060,$2913,$0,$2192,$225,$5736,$7796,$905,$2271,$365,$2980,$3885,$1,$758,$-301,$3911,$7796,$142,$154,$-47,$107,$0,$0,$0,$-372,$-372,$-117,$-63,$0,$0,$0,$0,$0,$-2,$-65,$-1,$263,$262,$-44,$-44,$-19,$7,$206,$24,$14,$-19
18,2014-03-31,40.6,$33.13,1.23,$43.80,0.93,$-3.51,0.0,$2.54,15.98,$2.22B,$0.99B,2.26,$2.36B,$3.90B,0.61,$5.22B,$0.99B,18.90%,$5.22B,$0.44B,8.35%,$5.22B,$0.44B,8.35%,$5.22B,$0.77B,14.67%,$5.22B,$0.33B,6.24%,$5.22B,$0.30B,5.78%,$0.30B,$3.90B,8.05%,$0.30B,$1.69B,19.58%,$0.30B,$7.97B,3.88%,$0.44B,$6.26B,7.32%,$1278,$1044,$234,$19,$132,$1170,$108,$-27,$81,$-39,$120,$120,$120,$184,$108,$118,119,$1.02,$1.01,$65,$910,$298,$2223,$2898,$0,$2205,$220,$5743,$7966,$986,$2358,$372,$3081,$4067,$1,$756,$-310,$3899,$7966,$120,$76,$-78,$-2,$0,$0,$0,$-397,$-397,$-272,$-54,$0,$0,$0,$0,$0,$0,$-54,$0,$359,$359,$-29,$-29,$0,$5,$335,$8,$8,$0
19,2013-12-31,38.16,$32.51,1.17,$44.32,0.86,$-2.63,0.0,$1.71,22.31,$1.85B,$0.99B,1.86,$2.02B,$3.83B,0.53,$5.30B,$0.97B,18.24%,$5.30B,$0.39B,7.27%,$5.30B,$0.39B,7.27%,$5.30B,$0.72B,13.54%,$5.30B,$0.27B,5.16%,$5.30B,$0.20B,3.85%,$0.20B,$3.83B,5.55%,$0.20B,$1.62B,13.86%,$0.20B,$7.65B,2.63%,$0.39B,$5.85B,6.57%,$1278,$1045,$233,$20,$135,$1174,$104,$-25,$79,$-3,$82,$82,$82,$201,$104,$118,119,$0.70,$0.69,$57,$810,$269,$1848,$2932,$0,$2206,$225,$5799,$7647,$992,$2024,$442,$2825,$3817,$1,$655,$-297,$3830,$7647,$205,$332,$23,$355,$-77,$-27,$0,$-57,$-139,$383,$-311,$0,$-62,$0,$0,$0,$90,$-283,$-2,$-44,$-46,$-63,$-63,$0,$13,$-96,$2,$28,$0
20,2013-09-30,35.59,$31.02,1.15,$43.29,0.82,$-2.94,0.0,$0.55,64.71,$1.91B,$0.95B,2.02,$2.18B,$3.65B,0.6,$5.18B,$0.90B,17.45%,$5.18B,$0.30B,5.74%,$5.18B,$0.30B,5.74%,$5.18B,$0.61B,11.82%,$5.18B,$0.11B,2.07%,$5.18B,$0.07B,1.28%,$0.07B,$3.65B,1.83%,$0.07B,$1.44B,4.67%,$0.07B,$7.73B,0.85%,$0.30B,$5.83B,5.11%,$1320,$1067,$253,$19,$128,$1214,$106,$-29,$77,$26,$51,$51,$51,$184,$106,$118,119,$0.43,$0.43,$51,$834,$270,$1913,$2905,$0,$2212,$215,$5814,$7727,$949,$2175,$465,$3127,$4076,$1,$573,$-382,$3651,$7727,$123,$235,$86,$321,$0,$0,$0,$-260,$-260,$158,$-182,$0,$-62,$0,$0,$0,$27,$-217,$-1,$109,$108,$-63,$-63,$0,$12,$57,$-4,$21,$0
21,2013-06-30,36.62,$30.47,1.2,$42.92,0.85,$-3.83,0.0,$0.49,74.73,$1.93B,$0.94B,2.05,$2.25B,$3.63B,0.62,$5.13B,$0.85B,16.60%,$5.13B,$0.25B,4.87%,$5.13B,$0.25B,4.87%,$5.13B,$0.58B,11.22%,$5.13B,$0.06B,1.17%,$5.13B,$0.06B,1.15%,$0.06B,$3.63B,1.63%,$0.06B,$1.41B,4.14%,$0.06B,$7.79B,0.76%,$0.25B,$5.88B,4.29%,$1347,$1080,$267,$20,$134,$1229,$118,$-29,$89,$39,$50,$50,$49,$197,$118,$119,120,$0.41,$0.41,$72,$820,$245,$1926,$2881,$0,$2218,$199,$5859,$7785,$942,$2250,$474,$3214,$4156,$1,$522,$-399,$3629,$7785,$72,$157,$57,$214,$0,$0,$0,$-285,$-285,$-15,$-125,$0,$-52,$0,$0,$0,$15,$-162,$-1,$193,$192,$-9,$-9,$0,$14,$197,$17,$14,$0
22,2013-03-31,36.95,$30.23,1.22,$43.18,0.86,$-4.28,0.0,$0.40,92.37,$1.92B,$0.93B,2.05,$2.30B,$3.59B,0.64,$5.18B,$0.82B,15.92%,$5.18B,$0.22B,4.19%,$5.18B,$0.22B,4.19%,$5.18B,$0.56B,10.72%,$5.18B,$0.03B,0.54%,$5.18B,$0.05B,0.95%,$0.05B,$3.59B,1.35%,$0.05B,$1.41B,3.42%,$0.05B,$7.82B,0.64%,$0.22B,$5.90B,3.73%,$1350,$1137,$213,$18,$133,$1293,$57,$-29,$28,$6,$22,$22,$22,$135,$57,$119,120,$0.19,$0.18,$62,$776,$195,$1917,$2865,$0,$2181,$251,$5900,$7817,$934,$2301,$490,$3289,$4223,$1,$473,$-375,$3594,$7817,$22,$78,$11,$89,$0,$0,$0,$-288,$-288,$-179,$-45,$0,$0,$0,$0,$0,$0,$-45,$0,$232,$232,$-8,$-8,$0,$8,$232,$7,$7,$0
23,2012-12-31,34.66,$30.22,1.15,$43.01,0.81,$-4.56,0.0,$-0.16,0.0,$1.62B,$0.92B,1.77,$2.08B,$3.58B,0.58,$5.17B,$0.80B,15.41%,$5.17B,$0.15B,2.86%,$5.17B,$0.15B,2.86%,$5.17B,$0.50B,9.61%,$5.17B,$-0.04B,-0.77%,$5.17B,$-0.02B,-0.37%,$-0.02B,$3.58B,-0.52%,$-0.02B,$1.39B,-1.30%,$-0.02B,$7.57B,-0.25%,$0.15B,$5.65B,2.54%,$1159,$989,$170,$19,$129,$1143,$16,$-103,$-87,$-36,$-51,$-55,$-56,$96,$16,$119,119,$-0.47,$-0.47,$55,$786,$176,$1617,$2903,$0,$2188,$256,$5951,$7568,$916,$2076,$483,$3077,$3993,$1,$451,$-364,$3575,$7568,$-16,$349,$24,$373,$24,$-4,$0,$-109,$-66,$330,$-294,$0,$0,$0,$0,$0,$41,$-253,$158,$-103,$55,$-113,$-113,$0,$-18,$-76,$3,$24,$0
24,2012-09-30,31.35,$31.13,1.01,$42.99,0.73,$-5.45,0.0,$0.72,43.55,$1.77B,$0.89B,1.98,$2.19B,$3.68B,0.6,$5.21B,$0.86B,16.45%,$5.21B,$0.22B,4.22%,$5.21B,$0.22B,4.22%,$5.21B,$0.56B,10.83%,$5.21B,$0.11B,2.07%,$5.21B,$0.09B,1.67%,$0.09B,$3.68B,2.35%,$0.09B,$1.49B,5.82%,$0.09B,$7.69B,1.13%,$0.22B,$5.87B,3.77%,$1276,$1074,$202,$20,$115,$1217,$59,$-29,$30,$-14,$44,$44,$44,$148,$59,$118,119,$0.37,$0.37,$51,$793,$155,$1769,$2912,$0,$2194,$253,$5923,$7692,$892,$2191,$466,$3120,$4012,$1,$507,$-305,$3680,$7692,$39,$269,$14,$283,$0,$0,$0,$-229,$-229,$93,$-223,$0,$0,$0,$0,$0,$0,$-223,$-13,$267,$254,$-113,$-113,$0,$-13,$128,$-1,$18,$0
25,2012-06-30,26.74,$30.65,0.87,$44.07,0.61,$-5.68,0.0,$1.36,19.66,$1.85B,$0.93B,1.98,$2.21B,$3.65B,0.6,$5.38B,$0.97B,18.06%,$5.38B,$0.34B,6.28%,$5.38B,$0.34B,6.28%,$5.38B,$0.67B,12.47%,$5.38B,$0.23B,4.22%,$5.38B,$0.17B,3.10%,$0.17B,$3.65B,4.48%,$0.17B,$1.45B,11.05%,$0.17B,$7.72B,2.17%,$0.34B,$5.86B,5.86%,$1391,$1152,$239,$21,$128,$1306,$85,$-28,$57,$17,$40,$40,$39,$176,$85,$121,122,$0.32,$0.32,$54,$815,$173,$1846,$2904,$0,$2198,$242,$5869,$7715,$932,$2205,$458,$3132,$4064,$1,$463,$-334,$3651,$7715,$-5,$180,$34,$214,$0,$0,$0,$-249,$-249,$-40,$-156,$0,$0,$0,$0,$0,$0,$-156,$-6,$281,$275,$-82,$-82,$0,$6,$199,$2,$13,$0
26,2012-03-31,33.76,$30.62,1.1,$44.20,0.76,$-6.21,0.0,$1.66,20.34,$1.94B,$0.96B,2.01,$2.20B,$3.72B,0.59,$5.44B,$1.01B,18.59%,$5.44B,$0.39B,7.13%,$5.44B,$0.39B,7.13%,$5.44B,$0.72B,13.14%,$5.44B,$0.28B,5.09%,$5.44B,$0.21B,3.78%,$0.21B,$3.72B,5.47%,$0.21B,$1.51B,13.19%,$0.21B,$7.83B,2.69%,$0.39B,$5.93B,6.82%,$1346,$1160,$186,$19,$137,$1358,$-12,$-28,$-40,$5,$-45,$-45,$-46,$77,$-12,$121,121,$-0.38,$-0.38,$58,$800,$188,$1935,$2922,$0,$2210,$237,$5898,$7833,$963,$2202,$462,$3147,$4110,$1,$424,$-294,$3723,$7833,$-45,$89,$19,$108,$0,$0,$0,$-256,$-256,$-193,$-68,$0,$0,$0,$0,$0,$0,$-68,$-2,$268,$266,$-5,$-5,$0,$5,$266,$6,$7,$0
27,2011-12-31,26.91,$30.94,0.87,$42.96,0.63,$-6.39,0.0,$2.23,12.07,$1.64B,$0.91B,1.8,$1.93B,$3.74B,0.52,$5.34B,$1.03B,19.27%,$5.34B,$0.46B,8.64%,$5.34B,$0.46B,8.64%,$5.34B,$0.78B,14.60%,$5.34B,$0.35B,6.62%,$5.34B,$0.28B,5.17%,$0.28B,$3.74B,7.31%,$0.28B,$1.52B,17.49%,$0.28B,$7.53B,3.65%,$0.46B,$5.67B,8.19%,$1196,$966,$230,$19,$130,$1108,$88,$-27,$61,$11,$50,$51,$50,$163,$88,$123,124,$0.41,$0.41,$52,$795,$179,$1636,$2904,$0,$2217,$232,$5891,$7527,$908,$1930,$462,$2878,$3786,$1,$470,$-315,$3741,$7527,$281,$318,$60,$378,$-48,$-179,$0,$-135,$-403,$289,$-361,$0,$-84,$0,$0,$0,$0,$-445,$-4,$308,$304,$-138,$-138,$0,$8,$174,$0,$21,$0
28,2011-09-30,20.31,$31.27,0.65,$42.50,0.48,$-3.92,0.0,$0.93,21.84,$1.79B,$1.18B,1.51,$1.83B,$3.78B,0.49,$5.31B,$1.00B,18.81%,$5.31B,$0.30B,5.69%,$5.31B,$0.30B,5.69%,$5.31B,$0.62B,11.74%,$5.31B,$0.20B,3.69%,$5.31B,$0.12B,2.19%,$0.12B,$3.78B,3.08%,$0.12B,$1.56B,7.37%,$0.12B,$7.67B,1.55%,$0.30B,$5.61B,5.45%,$1450,$1133,$317,$20,$119,$1273,$177,$-28,$149,$23,$126,$126,$124,$255,$177,$122,123,$1.02,$1.01,$50,$746,$214,$1793,$2839,$0,$2224,$293,$5873,$7666,$1184,$1832,$498,$2701,$3885,$1,$420,$-217,$3781,$7666,$230,$243,$23,$266,$0,$0,$0,$-437,$-437,$59,$-222,$0,$-84,$0,$0,$0,$0,$-306,$-4,$395,$391,$-138,$-138,$0,$12,$265,$-2,$16,$0
29,2011-06-30,35.0,$31.18,1.12,$40.05,0.87,$-1.81,0.0,$0.38,92.1,$1.77B,$1.18B,1.5,$1.73B,$3.82B,0.45,$5.04B,$0.92B,18.18%,$5.04B,$0.19B,3.85%,$5.04B,$0.19B,3.85%,$5.04B,$0.52B,10.31%,$5.04B,$0.09B,1.74%,$5.04B,$0.05B,0.99%,$0.05B,$3.82B,1.32%,$0.05B,$1.65B,3.18%,$0.05B,$7.57B,0.68%,$0.19B,$5.55B,3.51%,$1451,$1172,$279,$19,$141,$1316,$135,$-28,$107,$29,$78,$79,$78,$220,$135,$124,125,$0.63,$0.62,$51,$688,$203,$1767,$2867,$0,$2171,$271,$5806,$7573,$1179,$1725,$448,$2571,$3750,$1,$296,$-132,$3823,$7573,$104,$165,$3,$168,$0,$0,$0,$-406,$-406,$-134,$-135,$0,$0,$0,$0,$0,$0,$-135,$-3,$309,$306,$-53,$-53,$0,$12,$265,$-1,$10,$0
30,2011-03-31,33.72,$30.10,1.12,$39.25,0.86,$0.54,62.15,$7.09,4.76,$1.69B,$1.00B,1.69,$1.92B,$3.76B,0.51,$4.97B,$0.92B,18.55%,$4.97B,$0.18B,3.70%,$4.97B,$0.18B,3.70%,$4.97B,$0.50B,10.14%,$4.97B,$0.08B,1.51%,$4.97B,$0.91B,18.29%,$0.91B,$3.76B,24.11%,$0.91B,$1.58B,59.00%,$0.91B,$7.48B,12.41%,$0.18B,$5.68B,3.34%,$1238,$1036,$202,$19,$135,$1177,$61,$-25,$36,$11,$25,$25,$24,$141,$61,$124,125,$0.19,$0.19,$61,$665,$195,$1689,$2807,$0,$2179,$259,$5795,$7484,$998,$1919,$430,$2729,$3727,$1,$218,$-153,$3757,$7484,$25,$80,$-4,$76,$0,$0,$0,$-314,$-314,$-213,$-79,$0,$0,$0,$0,$0,$0,$-79,$-1,$303,$302,$-10,$-10,$0,$8,$300,$9,$5,$0
31,2010-12-31,29.19,$29.75,0.98,$39.29,0.74,$2.21,13.23,$7.28,4.01,$1.41B,$0.96B,1.47,$1.63B,$3.69B,0.44,$5.00B,$0.96B,19.13%,$5.00B,$0.21B,4.12%,$5.00B,$0.21B,4.12%,$5.00B,$0.53B,10.53%,$5.00B,$0.10B,1.92%,$5.00B,$0.93B,18.67%,$0.93B,$3.69B,26.24%,$0.93B,$1.51B,71.88%,$0.93B,$7.16B,12.84%,$0.21B,$5.32B,3.85%,$1168,$968,$200,$21,$131,$1239,$-71,$-25,$-96,$14,$-110,$-109,$-110,$7,$-71,$126,127,$-0.80,$-0.80,$52,$620,$174,$1408,$2754,$0,$2178,$263,$5750,$7158,$955,$1629,$435,$2517,$3472,$1,$194,$-194,$3686,$7158,$940,$320,$-718,$-398,$0,$0,$0,$-54,$-54,$488,$-249,$0,$0,$0,$0,$0,$0,$-249,$-604,$2,$-602,$-120,$-120,$0,$-28,$-750,$-512,$23,$0
32,2010-09-30,24.02,$30.83,0.78,$39.21,0.61,$2.97,8.09,$8.00,3.0,$1.54B,$0.95B,1.62,$1.72B,$3.84B,0.45,$4.99B,$0.92B,18.37%,$4.99B,$0.28B,5.59%,$4.99B,$0.28B,5.59%,$4.99B,$0.61B,12.18%,$4.99B,$0.16B,3.29%,$4.99B,$1.02B,20.48%,$1.02B,$3.84B,30.53%,$1.02B,$1.56B,96.32%,$1.02B,$7.37B,14.06%,$0.28B,$5.56B,5.28%,$1186,$950,$236,$19,$123,$1117,$69,$-28,$41,$-19,$60,$61,$58,$152,$69,$125,127,$0.46,$0.46,$35,$687,$172,$1537,$2751,$0,$2282,$255,$5828,$7365,$947,$1721,$459,$2577,$3524,$1,$304,$-163,$3841,$7365,$1049,$242,$-845,$-603,$0,$0,$0,$-165,$-165,$281,$-183,$0,$0,$0,$0,$0,$0,$-183,$-605,$83,$-522,$-102,$-102,$0,$2,$-622,$-529,$16,$0
33,2010-06-30,28.03,$29.62,0.95,$40.44,0.69,$3.43,8.17,$8.17,3.43,$1.57B,$0.95B,1.65,$1.67B,$3.80B,0.44,$5.15B,$0.96B,18.65%,$5.15B,$0.33B,6.40%,$5.15B,$0.33B,6.40%,$5.15B,$0.66B,12.73%,$5.15B,$0.21B,4.13%,$5.15B,$1.04B,20.26%,$1.04B,$3.80B,33.59%,$1.04B,$1.52B,127.86%,$1.04B,$7.28B,14.41%,$0.33B,$5.47B,6.39%,$1378,$1094,$284,$18,$138,$1253,$125,$-31,$94,$-844,$938,$939,$937,$204,$125,$127,128,$7.39,$7.33,$30,$623,$175,$1568,$2711,$0,$2282,$222,$5714,$7282,$953,$1667,$459,$2529,$3482,$1,$246,$-237,$3800,$7282,$988,$159,$-834,$-675,$0,$0,$0,$-179,$-179,$134,$-107,$0,$0,$0,$0,$0,$0,$-107,$-603,$51,$-552,$-2,$-2,$0,$0,$-554,$-534,$11,$0
34,2010-03-31,23.84,$22.58,1.06,$39.34,0.61,$1.85,12.9,$1.10,21.67,$1.95B,$0.98B,1.99,$2.18B,$2.90B,0.75,$4.99B,$0.93B,18.56%,$4.99B,$0.29B,5.87%,$4.99B,$0.29B,5.87%,$4.99B,$0.61B,12.29%,$4.99B,$0.18B,3.62%,$4.99B,$0.14B,2.80%,$0.14B,$2.90B,4.91%,$0.14B,$0.61B,25.17%,$0.14B,$7.26B,1.95%,$0.29B,$5.08B,5.80%,$1265,$1029,$236,$18,$124,$1182,$83,$-26,$57,$9,$48,$49,$48,$163,$83,$127,128,$0.38,$0.38,$463,$623,$122,$1951,$2780,$0,$2290,$210,$5304,$7255,$980,$2184,$464,$3378,$4358,$1,$-691,$-194,$2897,$7255,$49,$80,$15,$95,$0,$0,$0,$-171,$-171,$-27,$-58,$0,$0,$0,$0,$0,$0,$-58,$-3,$-9,$-12,$-2,$-2,$0,$0,$-14,$-101,$7,$0
35,2009-12-31,24.03,$22.32,1.08,$38.06,0.63,$-0.10,0.0,$0.49,49.03,$1.85B,$0.94B,1.97,$2.18B,$2.85B,0.76,$4.80B,$0.85B,17.68%,$4.80B,$0.19B,4.00%,$4.80B,$0.19B,4.00%,$4.80B,$0.52B,10.76%,$4.80B,$0.08B,1.69%,$4.80B,$0.06B,1.33%,$0.06B,$2.85B,2.28%,$0.06B,$0.56B,12.72%,$0.06B,$7.17B,0.89%,$0.19B,$5.03B,3.80%,$1162,$1001,$161,$16,$135,$1160,$2,$-30,$-28,$-9,$-19,$-19,$-21,$89,$2,$125,127,$-0.17,$-0.16,$564,$615,$123,$1854,$2806,$0,$2293,$183,$5313,$7167,$943,$2177,$468,$3371,$4314,$1,$-739,$-185,$2853,$7167,$67,$325,$95,$420,$0,$0,$0,$54,$54,$541,$-204,$0,$0,$0,$0,$0,$0,$-204,$335,$-346,$-11,$-3,$-3,$0,$-3,$-17,$328,$52,$0
36,2009-09-30,21.04,$21.88,0.96,$39.05,0.54,$-2.51,0.0,$0.30,70.12,$1.95B,$0.99B,1.97,$2.19B,$2.88B,0.76,$4.93B,$0.89B,18.00%,$4.93B,$0.22B,4.38%,$4.93B,$0.22B,4.38%,$4.93B,$0.55B,11.05%,$4.93B,$0.11B,2.21%,$4.93B,$0.05B,1.03%,$0.05B,$2.88B,1.83%,$0.05B,$0.58B,10.63%,$0.05B,$7.27B,0.71%,$0.22B,$5.07B,4.29%,$1348,$1068,$280,$15,$135,$1228,$120,$-30,$90,$8,$82,$81,$80,$200,$120,$125,127,$0.64,$0.63,$417,$695,$109,$1950,$2790,$0,$2301,$192,$5321,$7271,$991,$2192,$444,$3398,$4389,$1,$-718,$-165,$2882,$7271,$86,$238,$49,$287,$0,$0,$0,$-104,$-104,$269,$-112,$0,$0,$0,$0,$0,$0,$-112,$332,$-344,$-12,$0,$0,$0,$0,$-12,$151,$30,$0
37,2009-06-30,11.98,$21.12,0.57,$41.27,0.29,$-4.07,0.0,$-6.69,0.0,$1.76B,$0.91B,1.94,$2.25B,$2.78B,0.81,$5.21B,$0.88B,16.86%,$5.21B,$0.21B,4.01%,$5.21B,$0.21B,4.01%,$5.21B,$0.54B,10.40%,$5.21B,$0.10B,1.98%,$5.21B,$-0.84B,-16.04%,$-0.84B,$2.78B,-29.43%,$-0.84B,$0.48B,-158.71%,$-0.84B,$7.07B,-11.64%,$0.21B,$5.03B,4.14%,$1219,$969,$250,$15,$128,$1131,$88,$-26,$62,$29,$33,$33,$33,$162,$88,$125,126,$0.27,$0.26,$140,$827,$105,$1756,$2781,$0,$2305,$195,$5309,$7065,$906,$2249,$392,$3377,$4283,$1,$-798,$-172,$2782,$7065,$5,$158,$41,$199,$0,$0,$0,$-302,$-302,$-98,$-75,$0,$0,$0,$0,$0,$0,$-75,$334,$-289,$45,$0,$0,$0,$0,$45,$-126,$21,$0
38,2009-03-31,8.47,$21.13,0.4,$43.73,0.19,$-3.06,0.0,$-6.71,0.0,$1.83B,$0.96B,1.9,$2.37B,$2.70B,0.88,$5.57B,$0.89B,15.91%,$5.57B,$0.20B,3.50%,$5.57B,$0.20B,3.50%,$5.57B,$0.53B,9.57%,$5.57B,$0.09B,1.54%,$5.57B,$-0.83B,-14.87%,$-0.83B,$2.70B,-26.21%,$-0.83B,$0.40B,-100.39%,$-0.83B,$7.11B,-11.16%,$0.20B,$5.07B,3.67%,$1074,$916,$158,$15,$124,$1092,$-18,$-25,$-43,$-14,$-29,$-28,$-28,$66,$-18,$124,124,$-0.23,$-0.23,$121,$928,$95,$1828,$2750,$0,$2308,$183,$5277,$7105,$963,$2366,$386,$3439,$4402,$1,$-831,$-238,$2703,$7105,$-28,$84,$29,$113,$0,$0,$0,$-373,$-373,$-288,$-37,$0,$0,$0,$0,$0,$0,$-37,$-4,$185,$181,$0,$0,$0,$0,$181,$-146,$14,$0
39,2008-12-31,16.21,$21.89,0.74,$45.59,0.36,$-1.67,0.0,$-6.60,0.0,$1.86B,$1.18B,1.58,$2.17B,$2.78B,0.78,$5.85B,$0.92B,15.77%,$5.85B,$0.23B,4.00%,$5.85B,$0.23B,4.00%,$5.85B,$0.57B,9.66%,$5.85B,$0.12B,2.02%,$5.85B,$-0.81B,-13.90%,$-0.81B,$2.78B,-23.28%,$-0.81B,$0.47B,-71.33%,$-0.81B,$7.22B,-10.62%,$0.23B,$4.95B,4.18%,$1291,$1091,$200,$17,$159,$1265,$26,$-26,$0,$35,$-35,$-34,$-34,$117,$26,$127,127,$-0.25,$-0.25,$236,$899,$133,$1857,$2819,$0,$2314,$187,$5365,$7222,$1175,$2172,$387,$3267,$4442,$1,$-803,$-183,$2780,$7222,$-811,$331,$911,$1242,$0,$0,$0,$-238,$-238,$193,$-162,$0,$0,$0,$0,$0,$0,$-162,$3,$164,$167,$-100,$-100,$0,$0,$67,$101,$43,$0
40,2008-09-30,22.4,$23.52,0.95,$45.57,0.49,$0.97,23.05,$-6.60,0.0,$2.00B,$1.38B,1.45,$2.05B,$3.10B,0.66,$5.86B,$0.86B,14.68%,$5.86B,$0.16B,2.75%,$5.86B,$0.16B,2.75%,$5.86B,$0.51B,8.62%,$5.86B,$0.04B,0.67%,$5.86B,$-0.83B,-14.10%,$-0.83B,$3.10B,-21.77%,$-0.83B,$0.77B,-58.00%,$-0.83B,$7.34B,-10.57%,$0.16B,$5.14B,2.75%,$1629,$1358,$271,$16,$151,$1516,$113,$-29,$84,$892,$-808,$-806,$-807,$197,$113,$127,127,$-6.35,$-6.35,$107,$810,$115,$1998,$2782,$0,$2328,$227,$5342,$7340,$1376,$2045,$410,$2867,$4243,$1,$-763,$109,$3097,$7340,$-777,$240,$895,$1135,$-264,$-52,$0,$-113,$-375,$-17,$-25,$0,$0,$0,$0,$0,$0,$-25,$4,$35,$39,$-62,$-62,$0,$0,$-23,$-59,$35,$0
41,2008-06-30,21.32,$30.78,0.69,$42.57,0.5,$3.09,6.89,$0.62,34.38,$2.08B,$1.25B,1.67,$2.05B,$4.05B,0.51,$5.50B,$0.80B,14.58%,$5.50B,$0.13B,2.38%,$5.50B,$0.13B,2.38%,$5.50B,$0.47B,8.58%,$5.50B,$0.01B,0.20%,$5.50B,$0.09B,1.69%,$0.09B,$4.05B,2.32%,$0.09B,$1.67B,5.74%,$0.09B,$8.02B,1.18%,$0.13B,$6.10B,2.18%,$1574,$1317,$257,$17,$165,$1500,$74,$-29,$45,$2,$43,$42,$41,$153,$74,$129,130,$0.32,$0.32,$152,$823,$141,$2079,$2804,$0,$2385,$238,$5939,$8018,$1246,$2049,$508,$2718,$3964,$1,$47,$224,$4054,$8018,$29,$156,$10,$166,$-246,$-24,$0,$-63,$-320,$-125,$78,$0,$0,$0,$0,$0,$0,$78,$6,$40,$46,$-19,$-19,$0,$0,$27,$-14,$25,$0
42,2008-03-31,16.99,$30.65,0.55,$40.35,0.42,$0.82,20.71,$0.60,28.31,$2.01B,$1.20B,1.67,$2.14B,$4.04B,0.53,$5.21B,$0.78B,15.04%,$5.21B,$0.13B,2.55%,$5.21B,$0.13B,2.55%,$5.21B,$0.48B,9.14%,$5.21B,$0.01B,0.21%,$5.21B,$0.08B,1.56%,$0.08B,$4.04B,2.06%,$0.08B,$1.66B,5.38%,$0.08B,$8.03B,1.04%,$0.13B,$6.17B,2.24%,$1353,$1159,$194,$19,$142,$1332,$21,$-32,$-11,$2,$-13,$-13,$-13,$98,$21,$129,129,$-0.10,$-0.10,$151,$883,$115,$2008,$2777,$0,$2381,$194,$6025,$8033,$1202,$2138,$484,$2795,$3997,$1,$16,$225,$4036,$8033,$-13,$77,$22,$99,$-65,$-59,$0,$-21,$-193,$-107,$-50,$0,$0,$0,$0,$0,$0,$-50,$10,$118,$128,$0,$0,$0,$0,$128,$-17,$12,$0
43,2007-12-31,18.95,$30.49,0.62,$38.56,0.49,$-0.41,0.0,$0.73,25.95,$1.86B,$1.25B,1.49,$1.99B,$3.99B,0.5,$4.98B,$0.78B,15.59%,$4.98B,$0.14B,2.89%,$4.98B,$0.14B,2.89%,$4.98B,$0.49B,9.78%,$4.98B,$0.02B,0.44%,$4.98B,$0.10B,1.91%,$0.10B,$3.99B,2.47%,$0.10B,$1.60B,6.95%,$0.10B,$7.87B,1.23%,$0.14B,$5.98B,2.47%,$1304,$1166,$138,$17,$133,$1351,$-47,$-32,$-79,$-38,$-41,$-38,$-47,$57,$-47,$128,129,$-0.37,$-0.36,$168,$821,$92,$1855,$2777,$0,$2384,$199,$6017,$7872,$1246,$1993,$454,$2638,$3884,$1,$31,$173,$3988,$7872,$98,$343,$-12,$331,$0,$0,$0,$-247,$-247,$182,$190,$0,$-620,$0,$0,$0,$0,$-430,$532,$127,$659,$0,$0,$0,$-1390,$-731,$-954,$42,$0
44,2007-09-30,23.47,$30.01,0.78,$39.98,0.59,$-20.85,0.0,$1.09,21.53,$1.91B,$0.97B,1.97,$1.83B,$3.93B,0.47,$5.15B,$0.85B,16.42%,$5.15B,$0.25B,4.76%,$5.15B,$0.25B,4.76%,$5.15B,$0.58B,11.22%,$5.15B,$8.96B,173.89%,$5.15B,$7.84B,152.22%,$7.84B,$3.93B,207.74%,$7.84B,$1.56B,634.77%,$7.84B,$7.51B,99.82%,$0.25B,$5.75B,4.39%,$1268,$1055,$213,$15,$102,$1185,$83,$-27,$56,$16,$40,$38,$112,$164,$83,$128,129,$0.87,$0.87,$504,$662,$65,$1910,$2225,$0,$2367,$218,$5598,$7508,$969,$1827,$536,$2614,$3583,$1,$77,$80,$3925,$7508,$142,$239,$25,$264,$-161,$-31,$0,$-140,$-445,$-39,$270,$0,$-31,$0,$0,$0,$0,$239,$539,$-1387,$-848,$0,$0,$0,$0,$-848,$-639,$34,$0
