,Date,Stock Price,Book Value per Share,Price to Book Ratio,TTM Sales per Share,Price to Sales Ratio,TTM FCF per Share,Price to FCF Ratio,TTM Net EPS,PE Ratio,Current Assets,Current Liabilities,Current Ratio,Long Term Debt,Shareholder's Equity_x,Debt to Equity Ratio,TTM Revenue_x,TTM Gross Profit,Gross Margin,TTM Revenue_y,TTM Operating Income,Operating Margin,TTM Revenue_x,TTM EBIT,EBIT Margin,TTM Revenue_y,TTM EBITDA,EBITDA Margin,TTM Revenue_x,TTM Pre-Tax Income,Pre-Tax Margin,TTM Revenue_y,TTM Net Income_x,Net Margin,TTM Net Income_y,Shareholder's Equity_y,Return on Equity,TTM Net Income_x,Tangible Equity,Return on Tangible Equity,TTM Net Income_y,Total Assets,Return on Assets,TTM Net Income,LT Investments & Debt,Return on Investment,revenue,cost-goods-sold,gross-profit,research-development-expenses,selling-general-administrative-expenses,operating-expenses,operating-income,total-non-operating-income-expense,pre-tax-income,total-provision-income-taxes,income-after-taxes,income-from-continuous-operations,net-income,ebitda,ebit,basic-shares-outstanding,shares-outstanding,eps-basic-net-earnings-per-share,eps-earnings-per-share-diluted,cash-on-hand,inventory,other-current-assets,total-current-assets,net-property-plant-equipment,long-term-investments,goodwill-intangible-assets-total,other-long-term-assets,total-long-term-assets,total-assets,total-current-liabilities,long-term-debt,other-non-current-liabilities,total-long-term-liabilities,total-liabilities,common-stock-net,retained-earnings-accumulated-deficit,comprehensive-income,total-share-holder-equity,total-liabilities-share-holders-equity,net-income-loss,total-depreciation-amortization-cash-flow,other-non-cash-items,total-non-cash-items,change-in-accounts-receivable,change-in-inventories,change-in-accounts-payable,change-in-assets-liabilities,total-change-in-assets-liabilities,cash-flow-from-operating-activities,net-change-in-property-plant-equipment,net-change-in-intangible-assets,net-acquisitions-divestitures,net-change-in-short-term-investments,net-change-in-long-term-investments,net-change-in-investments-total,investing-activities-other,cash-flow-from-investing-activities,net-long-term-debt,net-current-debt,debt-issuance-retirement-net-total,net-common-equity-issued-repurchased,net-total-equity-issued-repurchased,total-common-preferred-stock-dividends-paid,financial-activities-other,cash-flow-from-financial-activities,net-cash-flow,stock-based-compensation,common-stock-dividends-paid
0,2018-07-31,3.8,$3.42,1.11,$11.77,0.32,$-0.59,0.0,$0.09,42.22,$0.03B,$0.01B,4.52,$0.01B,$0.03B,0.46,$0.09B,$0.03B,30.59%,$0.09B,$0.00B,3.53%,$0.09B,$0.00B,3.53%,$0.09B,$0.00B,3.53%,$0.09B,0,0.00%,$0.09B,0,0.00%,$0.00B,$0.03B,0.00%,$0.00B,$0.03B,0.00%,$0.00B,$0.05B,0.00%,$0.00B,$0.04B,8.11%,$23,$16,$7,$0,$6,$22,$1,$-0,$0,$0,$0,$0,$0,$1,$1,$8,8,$0.06,$0.06,$1,$17,$0,$33,$12,$0,$1,$0,$12,$46,$7,$12,$0,$12,$20,$13,$13,$0,$26,$46,$1,$1,$1,$3,$-6,$-1,$0,$-0,$-3,$1,$-1,$-0,$0,$0,$0,$0,$0,$-1,$-0,$0,$-0,$0,$0,$0,$-0,$-0,$0,$1,$0
1,2018-04-30,2.8,$3.28,0.85,$11.30,0.25,$-0.87,0.0,$-0.02,0.0,$0.04B,$0.01B,2.8,$0.01B,$0.03B,0.53,$0.08B,$0.02B,30.77%,$0.08B,$0.00B,2.56%,$0.08B,$0.00B,2.56%,$0.08B,$0.00B,2.56%,$0.08B,0,0.00%,$0.08B,0,0.00%,$0.00B,$0.03B,0.00%,$0.00B,$0.03B,0.00%,$0.00B,$0.05B,0.00%,$0.00B,$0.04B,5.48%,$27,$18,$9,$0,$7,$25,$2,$-0,$1,$0,$1,$1,$1,$2,$2,$8,8,$0.18,$0.18,$0,$19,$0,$40,$12,$0,$1,$0,$13,$53,$14,$13,$0,$13,$28,$12,$13,$0,$25,$53,$1,$1,$1,$2,$-12,$-2,$0,$-0,$-6,$-3,$-0,$-0,$0,$0,$0,$0,$0,$-0,$3,$0,$3,$0,$0,$0,$-0,$3,$-1,$1,$0
2,2018-01-31,2.35,$3.03,0.78,$10.23,0.23,$-0.55,0.0,$-0.24,0.0,$0.03B,$0.01B,4.29,$0.01B,$0.02B,0.53,$0.07B,$0.02B,31.34%,$0.07B,0,0.00%,$0.07B,0,0.00%,$0.07B,0,0.00%,$0.07B,$-0.00B,-1.49%,$0.07B,$-0.00B,-1.49%,$-0.00B,$0.02B,-4.21%,$-0.00B,$0.02B,-4.26%,$-0.00B,$0.04B,-2.40%,$0.00B,$0.04B,0.00%,$18,$12,$5,$0,$6,$18,$-0,$-0,$-0,$-0,$-0,$-0,$-0,$0,$-0,$7,7,$-0.06,$-0.06,$1,$18,$0,$30,$12,$0,$1,$0,$13,$43,$7,$12,$0,$12,$19,$12,$12,$0,$23,$43,$-0,$0,$0,$1,$-2,$-1,$0,$0,$-0,$-0,$-0,$-0,$0,$0,$0,$0,$0,$-0,$0,$0,$0,$0,$0,$0,$-0,$0,$-0,$0,$0
3,2017-10-31,2.45,$3.24,0.76,$9.85,0.25,$-0.52,0.0,$-0.27,0.0,$0.03B,$0.00B,6.46,$0.01B,$0.02B,0.51,$0.06B,$0.02B,32.81%,$0.06B,0,0.00%,$0.06B,0,0.00%,$0.06B,0,0.00%,$0.06B,$-0.00B,-3.13%,$0.06B,$-0.00B,-3.13%,$-0.00B,$0.02B,-8.33%,$-0.00B,$0.02B,-8.42%,$-0.00B,$0.04B,-4.88%,$0.00B,$0.04B,0.00%,$17,$12,$5,$0,$5,$18,$-0,$-0,$-1,$-0,$-1,$-1,$-1,$-0,$-0,$7,7,$-0.09,$-0.09,$1,$17,$0,$27,$12,$0,$1,$0,$13,$40,$4,$12,$0,$12,$16,$12,$12,$0,$24,$40,$-2,$2,$1,$3,$-0,$-2,$0,$0,$-2,$-1,$-1,$-0,$0,$0,$0,$0,$0,$-1,$0,$0,$0,$-0,$-0,$0,$-0,$0,$-1,$1,$0
4,2017-07-31,2.3,$3.29,0.7,$9.91,0.23,$0.06,36.8,$-0.07,0.0,$0.03B,$0.01B,4.86,$0.01B,$0.02B,0.49,$0.06B,$0.02B,34.38%,$0.06B,$0.00B,1.56%,$0.06B,$0.00B,1.56%,$0.06B,$0.00B,1.56%,$0.06B,0,0.00%,$0.06B,0,0.00%,$0.00B,$0.02B,0.00%,$0.00B,$0.02B,0.00%,$0.00B,$0.04B,0.00%,$0.00B,$0.04B,2.80%,$16,$11,$5,$0,$5,$17,$-0,$-0,$-0,$0,$-0,$-0,$-0,$0,$-0,$6,6,$-0.05,$-0.05,$1,$18,$0,$29,$13,$0,$1,$0,$13,$42,$6,$12,$0,$12,$18,$12,$13,$0,$24,$42,$-1,$1,$1,$2,$-0,$-3,$0,$0,$-2,$-1,$-0,$-0,$0,$0,$0,$0,$0,$-0,$0,$0,$0,$-0,$-0,$0,$-0,$0,$-1,$1,$0
5,2017-04-30,2.95,$3.29,0.9,$9.76,0.3,$0.47,6.27,$0.01,295.0,$0.03B,$0.01B,4.62,$0.01B,$0.02B,0.47,$0.07B,$0.02B,33.85%,$0.07B,$0.00B,1.54%,$0.07B,$0.00B,1.54%,$0.07B,$0.00B,3.08%,$0.07B,0,0.00%,$0.07B,0,0.00%,$0.00B,$0.02B,0.00%,$0.00B,$0.02B,0.00%,$0.00B,$0.04B,0.00%,$0.00B,$0.04B,2.80%,$16,$10,$6,$0,$6,$16,$-0,$0,$-0,$0,$-0,$-0,$-0,$0,$-0,$6,6,$-0.04,$-0.04,$1,$18,$0,$28,$13,$0,$1,$0,$14,$42,$6,$11,$0,$12,$18,$11,$13,$0,$24,$42,$-1,$1,$1,$1,$-1,$-3,$0,$0,$-1,$-1,$-0,$-0,$0,$0,$0,$0,$0,$-0,$-0,$0,$-0,$-0,$-0,$0,$-0,$-0,$-1,$0,$0
6,2017-01-31,3.27,$3.30,0.99,$9.89,0.33,$0.59,5.54,$-0.10,0.0,$0.03B,$0.01B,5.75,$0.01B,$0.02B,0.46,$0.07B,$0.02B,32.31%,$0.07B,0,0.00%,$0.07B,0,0.00%,$0.07B,$0.00B,3.08%,$0.07B,$-0.00B,-1.54%,$0.07B,$-0.00B,-1.54%,$-0.00B,$0.02B,-4.12%,$-0.00B,$0.02B,-4.26%,$-0.00B,$0.04B,-2.44%,$0.00B,$0.04B,0.00%,$15,$10,$5,$0,$5,$15,$-0,$-0,$-1,$-0,$-1,$-1,$-1,$0,$-0,$6,6,$-0.09,$-0.09,$1,$16,$0,$26,$13,$0,$1,$0,$14,$40,$5,$11,$0,$11,$16,$11,$13,$0,$24,$40,$-1,$1,$0,$1,$0,$-1,$0,$-0,$-0,$-0,$-0,$0,$0,$0,$0,$0,$0,$-0,$-0,$0,$-0,$-0,$-0,$0,$-0,$-0,$-1,$0,$0
7,2016-10-31,2.8,$3.50,0.8,$9.88,0.28,$0.57,4.94,$-0.29,0.0,$0.03B,$0.00B,6.38,$0.01B,$0.03B,0.47,$0.06B,$0.02B,31.25%,$0.06B,$-0.00B,-3.13%,$0.06B,$-0.00B,-3.13%,$0.06B,$0.00B,1.56%,$0.06B,$-0.00B,-3.13%,$0.06B,$-0.00B,-3.13%,$-0.00B,$0.03B,-8.25%,$-0.00B,$0.02B,-8.51%,$-0.00B,$0.04B,-4.82%,$-0.00B,$0.04B,-5.52%,$17,$11,$6,$0,$5,$16,$1,$-0,$1,$-0,$1,$1,$1,$1,$1,$6,6,$0.12,$0.12,$2,$15,$0,$26,$13,$0,$1,$0,$14,$41,$4,$12,$0,$12,$16,$11,$14,$0,$25,$41,$-2,$2,$1,$3,$0,$3,$0,$-0,$2,$3,$-1,$-0,$0,$0,$0,$0,$0,$-1,$-1,$0,$-1,$-0,$-0,$-0,$-0,$-2,$1,$1,$-0
8,2016-07-31,2.2,$3.36,0.66,$9.89,0.22,$-0.14,0.0,$-0.88,0.0,$0.03B,$0.01B,5.42,$0.01B,$0.02B,0.51,$0.06B,$0.02B,29.69%,$0.06B,$-0.00B,-6.25%,$0.06B,$-0.00B,-6.25%,$0.06B,0,0.00%,$0.06B,$-0.00B,-6.25%,$0.06B,$-0.01B,-9.38%,$-0.01B,$0.02B,-24.49%,$-0.01B,$0.02B,-25.26%,$-0.01B,$0.04B,-14.12%,$-0.00B,$0.04B,-10.81%,$17,$11,$5,$0,$5,$17,$0,$-0,$0,$-0,$0,$0,$0,$1,$0,$7,7,$0.03,$0.03,$2,$15,$0,$26,$14,$0,$1,$0,$15,$41,$5,$12,$0,$12,$17,$11,$13,$0,$24,$41,$-3,$1,$1,$2,$0,$3,$0,$-0,$2,$2,$-1,$-0,$0,$0,$0,$0,$0,$-1,$-0,$0,$-0,$0,$0,$-0,$-0,$-1,$1,$1,$-0
9,2016-04-30,2.51,$3.31,0.76,$10.86,0.23,$-0.62,0.0,$-1.00,0.0,$0.03B,$0.01B,4.36,$0.01B,$0.02B,0.52,$0.07B,$0.02B,29.41%,$0.07B,$-0.00B,-5.88%,$0.07B,$-0.00B,-5.88%,$0.07B,$-0.00B,-1.47%,$0.07B,$-0.01B,-7.35%,$0.07B,$-0.01B,-10.29%,$-0.01B,$0.02B,-27.18%,$-0.01B,$0.02B,-28.00%,$-0.01B,$0.04B,-15.73%,$-0.00B,$0.04B,-10.46%,$16,$12,$5,$0,$5,$17,$-1,$-0,$-1,$-0,$-1,$-1,$-1,$-0,$-1,$6,6,$-0.15,$-0.15,$1,$17,$0,$27,$14,$0,$1,$0,$15,$42,$6,$12,$0,$12,$19,$11,$13,$0,$24,$42,$-3,$1,$1,$2,$0,$1,$0,$-0,$2,$1,$-1,$-0,$0,$0,$0,$0,$0,$-1,$-0,$0,$-0,$0,$0,$-0,$-0,$-0,$-0,$1,$-0
10,2016-01-31,2.4,$3.45,0.7,$11.32,0.21,$-0.87,0.0,$-0.85,0.0,$0.03B,$0.01B,5.5,$0.01B,$0.02B,0.53,$0.07B,$0.02B,29.58%,$0.07B,$-0.00B,-5.63%,$0.07B,$-0.00B,-5.63%,$0.07B,$-0.00B,-1.41%,$0.07B,$-0.01B,-7.04%,$0.07B,$-0.01B,-8.45%,$-0.01B,$0.02B,-22.22%,$-0.01B,$0.02B,-22.64%,$-0.01B,$0.04B,-13.04%,$-0.00B,$0.04B,-10.13%,$14,$11,$4,$0,$5,$16,$-2,$-0,$-2,$0,$-2,$-2,$-2,$-1,$-2,$6,6,$-0.28,$-0.28,$1,$18,$0,$27,$15,$0,$1,$0,$16,$42,$5,$13,$0,$13,$18,$11,$15,$0,$24,$42,$-2,$0,$0,$1,$2,$0,$0,$-0,$1,$0,$-0,$-0,$0,$0,$0,$0,$0,$-0,$-0,$0,$-0,$0,$0,$-0,$-0,$-0,$-1,$0,$-0
11,2015-10-31,3.13,$3.67,0.85,$11.84,0.26,$-0.85,0.0,$-0.61,0.0,$0.03B,$0.01B,5.17,$0.01B,$0.03B,0.5,$0.07B,$0.02B,29.73%,$0.07B,$-0.00B,-2.70%,$0.07B,$-0.00B,-2.70%,$0.07B,0,0.00%,$0.07B,$-0.00B,-4.05%,$0.07B,$-0.00B,-5.41%,$-0.00B,$0.03B,-14.04%,$-0.00B,$0.03B,-14.41%,$-0.00B,$0.05B,-8.51%,$-0.00B,$0.04B,-4.97%,$17,$12,$5,$0,$6,$17,$-1,$-0,$-1,$2,$-3,$-3,$-3,$-0,$-1,$6,6,$-0.48,$-0.48,$1,$18,$0,$29,$14,$0,$1,$1,$16,$45,$6,$13,$1,$13,$19,$10,$16,$0,$26,$45,$-4,$2,$3,$5,$5,$-0,$0,$-0,$0,$1,$-3,$-0,$0,$0,$0,$0,$0,$-3,$3,$0,$3,$-0,$-0,$-1,$-0,$2,$-0,$1,$-1
12,2015-07-31,3.37,$4.07,0.83,$12.87,0.26,$-0.31,0.0,$0.01,336.83,$0.03B,$0.01B,4.35,$0.01B,$0.03B,0.42,$0.08B,$0.03B,31.71%,$0.08B,$0.00B,1.22%,$0.08B,$0.00B,1.22%,$0.08B,$0.00B,2.44%,$0.08B,0,0.00%,$0.08B,0,0.00%,$0.00B,$0.03B,0.00%,$0.00B,$0.03B,0.00%,$0.00B,$0.05B,0.00%,$0.00B,$0.04B,2.47%,$21,$15,$6,$0,$6,$21,$-0,$-0,$-1,$0,$-1,$-1,$-1,$0,$-0,$6,6,$-0.09,$-0.09,$1,$19,$0,$33,$14,$0,$1,$1,$16,$49,$8,$12,$1,$13,$20,$10,$19,$0,$29,$49,$-1,$2,$1,$2,$3,$-1,$0,$-0,$-0,$1,$-3,$-0,$0,$0,$0,$0,$0,$-3,$2,$0,$2,$-0,$-0,$-0,$-0,$1,$-1,$1,$-0
13,2015-04-30,4.04,$4.15,0.97,$12.56,0.32,$-0.02,0.0,$0.14,28.86,$0.03B,$0.01B,5.07,$0.01B,$0.03B,0.39,$0.08B,$0.03B,32.93%,$0.08B,$0.00B,2.44%,$0.08B,$0.00B,2.44%,$0.08B,$0.00B,3.66%,$0.08B,$0.00B,1.22%,$0.08B,$0.00B,1.22%,$0.00B,$0.03B,3.39%,$0.00B,$0.03B,3.42%,$0.00B,$0.05B,2.09%,$0.00B,$0.04B,4.97%,$19,$13,$6,$0,$6,$20,$-1,$-0,$-1,$-0,$-1,$-1,$-0,$-0,$-1,$6,6,$-0.08,$-0.08,$1,$19,$0,$33,$13,$0,$1,$2,$15,$48,$7,$12,$1,$12,$19,$10,$20,$0,$29,$48,$-1,$1,$0,$1,$4,$-1,$0,$-0,$-0,$0,$-2,$-0,$0,$0,$0,$0,$0,$-2,$2,$0,$2,$-0,$-0,$-0,$-0,$1,$-0,$1,$-0
14,2015-01-31,5.12,$4.41,1.16,$12.87,0.4,$0.13,38.4,$0.12,42.69,$0.03B,$0.01B,5.52,$0.01B,$0.03B,0.34,$0.08B,$0.03B,33.73%,$0.08B,$0.00B,3.61%,$0.08B,$0.00B,3.61%,$0.08B,$0.00B,3.61%,$0.08B,$0.00B,2.41%,$0.08B,$0.00B,1.20%,$0.00B,$0.03B,3.39%,$0.00B,$0.03B,3.42%,$0.00B,$0.05B,2.09%,$0.00B,$0.04B,7.55%,$17,$12,$5,$0,$6,$18,$-0,$-0,$-0,$-0,$-0,$-0,$-0,$0,$-0,$6,6,$-0.04,$-0.04,$1,$18,$0,$31,$13,$0,$0,$1,$15,$46,$6,$10,$1,$11,$16,$10,$21,$0,$30,$46,$-0,$0,$0,$1,$5,$-1,$0,$-0,$0,$1,$-1,$-0,$0,$0,$0,$0,$0,$-1,$0,$0,$0,$-0,$-0,$-0,$-0,$-0,$-0,$0,$-0
15,2014-10-31,4.51,$4.43,1.02,$12.86,0.35,$0.28,16.08,$0.09,50.16,$0.04B,$0.01B,3.8,$0.01B,$0.03B,0.32,$0.08B,$0.03B,33.73%,$0.08B,$0.00B,2.41%,$0.08B,$0.00B,2.41%,$0.08B,$0.00B,3.61%,$0.08B,$0.00B,1.20%,$0.08B,$0.00B,1.20%,$0.00B,$0.03B,3.42%,$0.00B,$0.03B,3.42%,$0.00B,$0.05B,2.11%,$0.00B,$0.04B,5.06%,$25,$16,$9,$0,$7,$24,$2,$-0,$2,$1,$1,$1,$1,$2,$2,$7,7,$0.15,$0.15,$1,$18,$0,$35,$13,$0,$0,$1,$15,$50,$9,$10,$1,$10,$20,$10,$21,$0,$30,$50,$1,$2,$1,$3,$-4,$1,$0,$-0,$1,$4,$-3,$-0,$0,$0,$0,$0,$0,$-3,$-0,$0,$-0,$-0,$-0,$-1,$-0,$-1,$0,$1,$-1
16,2014-07-31,4.2,$4.25,0.99,$12.45,0.34,$0.14,31.04,$-0.07,0.0,$0.03B,$0.01B,4.88,$0.01B,$0.03B,0.35,$0.08B,$0.03B,33.77%,$0.08B,0,0.00%,$0.08B,0,0.00%,$0.08B,$0.00B,2.60%,$0.08B,$-0.00B,-1.30%,$0.08B,0,0.00%,$0.00B,$0.03B,0.00%,$0.00B,$0.03B,0.00%,$0.00B,$0.05B,0.00%,$0.00B,$0.04B,0.00%,$21,$14,$7,$0,$7,$20,$1,$-0,$0,$0,$0,$0,$0,$1,$1,$7,7,$0.04,$0.04,$0,$17,$0,$33,$13,$0,$0,$0,$14,$47,$7,$10,$1,$11,$18,$9,$21,$0,$29,$47,$-0,$1,$1,$2,$-2,$1,$0,$-0,$-0,$2,$-2,$-0,$0,$0,$0,$0,$0,$-2,$0,$0,$0,$-0,$-0,$-0,$-0,$-0,$-0,$1,$-0
17,2014-04-30,3.61,$4.20,0.86,$12.81,0.28,$-0.09,0.0,$-0.13,0.0,$0.03B,$0.01B,4.81,$0.01B,$0.03B,0.36,$0.08B,$0.03B,32.89%,$0.08B,$-0.00B,-1.32%,$0.08B,$-0.00B,-1.32%,$0.08B,$0.00B,1.32%,$0.08B,$-0.00B,-1.32%,$0.08B,0,0.00%,$0.00B,$0.03B,0.00%,$0.00B,$0.03B,0.00%,$0.00B,$0.05B,0.00%,$-0.00B,$0.04B,-2.52%,$20,$14,$7,$0,$7,$20,$-0,$-0,$-0,$-0,$-0,$-0,$-0,$0,$-0,$6,6,$-0.02,$-0.02,$0,$18,$0,$34,$13,$0,$0,$0,$14,$48,$7,$10,$1,$11,$18,$9,$21,$0,$29,$48,$-1,$1,$1,$2,$-2,$-0,$0,$-0,$-1,$0,$-1,$-0,$0,$0,$0,$0,$0,$-1,$0,$0,$0,$0,$0,$-0,$-0,$0,$-0,$0,$-0
18,2014-01-31,3.79,$4.45,0.85,$12.54,0.3,$-0.11,0.0,$-0.10,0.0,$0.03B,$0.01B,5.52,$0.01B,$0.03B,0.32,$0.08B,$0.03B,33.33%,$0.08B,$-0.00B,-1.33%,$0.08B,$-0.00B,-1.33%,$0.08B,$0.00B,2.67%,$0.08B,$-0.00B,-1.33%,$0.08B,0,0.00%,$0.00B,$0.03B,0.00%,$0.00B,$0.03B,0.00%,$0.00B,$0.05B,0.00%,$-0.00B,$0.04B,-2.50%,$17,$11,$5,$0,$6,$17,$-1,$-0,$-1,$-0,$-0,$-0,$-0,$-0,$-1,$6,6,$-0.07,$-0.07,$1,$19,$0,$32,$13,$0,$0,$0,$13,$45,$6,$9,$1,$10,$16,$9,$21,$0,$29,$45,$-0,$0,$0,$1,$1,$-1,$0,$-0,$1,$1,$-0,$-0,$0,$0,$0,$0,$0,$-0,$-1,$0,$-1,$0,$0,$-0,$-0,$-1,$-0,$0,$-0
19,2013-10-31,3.69,$4.50,0.82,$12.54,0.29,$-0.22,0.0,$-0.01,0.0,$0.03B,$0.01B,6.59,$0.01B,$0.03B,0.34,$0.08B,$0.03B,36.00%,$0.08B,0,0.00%,$0.08B,0,0.00%,$0.08B,$0.00B,4.00%,$0.08B,0,0.00%,$0.08B,0,0.00%,$0.00B,$0.03B,0.00%,$0.00B,$0.03B,0.00%,$0.00B,$0.05B,0.00%,$0.00B,$0.04B,0.00%,$19,$13,$7,$0,$6,$19,$0,$-0,$0,$0,$-0,$-0,$-0,$1,$0,$6,6,$-0.02,$-0.02,$1,$18,$0,$32,$13,$0,$0,$0,$14,$45,$5,$10,$1,$11,$16,$9,$22,$0,$30,$45,$-0,$2,$2,$4,$3,$0,$0,$0,$-0,$3,$-3,$-0,$0,$0,$0,$0,$0,$-3,$1,$0,$1,$-1,$-1,$-0,$-0,$-0,$0,$1,$-0
20,2013-07-31,4.21,$4.51,0.93,$12.64,0.33,$-0.23,0.0,$0.08,52.57,$0.03B,$0.01B,5.55,$0.01B,$0.03B,0.38,$0.08B,$0.03B,35.90%,$0.08B,$0.00B,1.28%,$0.08B,$0.00B,1.28%,$0.08B,$0.00B,3.85%,$0.08B,$0.00B,1.28%,$0.08B,0,0.00%,$0.00B,$0.03B,0.00%,$0.00B,$0.03B,0.00%,$0.00B,$0.05B,0.00%,$0.00B,$0.04B,2.52%,$20,$13,$6,$0,$6,$20,$-0,$-0,$-0,$-0,$-0,$-0,$-0,$0,$-0,$6,6,$-0.02,$-0.02,$1,$19,$0,$33,$13,$0,$0,$0,$15,$48,$6,$11,$1,$12,$18,$9,$22,$0,$30,$48,$0,$2,$1,$3,$1,$-0,$0,$-0,$-1,$1,$-3,$-0,$0,$0,$0,$0,$0,$-3,$3,$0,$3,$-1,$-1,$-0,$-0,$1,$-0,$1,$-0
21,2013-04-30,3.98,$4.77,0.83,$12.55,0.32,$0.04,101.19,$0.28,14.2,$0.03B,$0.01B,5.22,$0.01B,$0.03B,0.36,$0.08B,$0.03B,38.75%,$0.08B,$0.00B,3.75%,$0.08B,$0.00B,3.75%,$0.08B,$0.01B,6.25%,$0.08B,$0.00B,3.75%,$0.08B,$0.00B,1.25%,$0.00B,$0.03B,3.33%,$0.00B,$0.03B,3.39%,$0.00B,$0.05B,2.09%,$0.00B,$0.04B,7.64%,$19,$12,$7,$0,$6,$19,$0,$-0,$0,$0,$0,$0,$0,$1,$0,$6,6,$0.01,$0.01,$1,$19,$0,$33,$13,$0,$0,$0,$14,$48,$6,$11,$1,$12,$18,$8,$22,$0,$30,$48,$0,$1,$1,$2,$2,$-1,$0,$-0,$-0,$2,$-2,$-0,$0,$0,$0,$0,$0,$-2,$2,$0,$2,$-1,$-1,$-0,$-0,$1,$0,$1,$-0
22,2013-01-31,3.94,$4.76,0.83,$12.92,0.3,$0.07,53.3,$0.42,9.38,$0.03B,$0.01B,5.38,$0.01B,$0.03B,0.33,$0.08B,$0.03B,39.76%,$0.08B,$0.01B,6.02%,$0.08B,$0.01B,6.02%,$0.08B,$0.01B,7.23%,$0.08B,$0.00B,4.82%,$0.08B,$0.00B,2.41%,$0.00B,$0.03B,6.72%,$0.00B,$0.03B,6.84%,$0.00B,$0.05B,4.21%,$0.01B,$0.04B,12.90%,$17,$11,$7,$0,$6,$17,$0,$-0,$0,$0,$0,$0,$0,$1,$0,$6,6,$0.02,$0.02,$1,$19,$0,$32,$12,$0,$0,$1,$14,$46,$6,$10,$1,$11,$17,$8,$22,$0,$30,$46,$0,$0,$0,$1,$3,$-1,$0,$0,$1,$2,$-1,$-0,$0,$0,$0,$0,$0,$-2,$1,$0,$1,$-1,$-1,$-0,$-0,$-0,$-0,$0,$-0
23,2012-10-31,3.91,$4.68,0.83,$12.94,0.3,$0.01,0.0,$0.43,9.09,$0.04B,$0.01B,4.39,$0.01B,$0.03B,0.29,$0.08B,$0.03B,38.55%,$0.08B,$0.01B,6.02%,$0.08B,$0.01B,6.02%,$0.08B,$0.01B,7.23%,$0.08B,$0.00B,4.82%,$0.08B,$0.00B,2.41%,$0.00B,$0.03B,6.84%,$0.00B,$0.03B,6.90%,$0.00B,$0.05B,4.26%,$0.01B,$0.04B,13.16%,$22,$14,$8,$0,$7,$21,$1,$-0,$1,$0,$0,$0,$0,$1,$1,$6,6,$0.07,$0.07,$1,$18,$0,$35,$12,$0,$0,$1,$13,$48,$8,$9,$1,$10,$18,$8,$23,$0,$30,$48,$3,$2,$1,$3,$-2,$-2,$0,$0,$-4,$2,$-1,$-0,$0,$0,$0,$0,$0,$-2,$1,$0,$1,$-1,$-1,$-0,$-0,$-1,$-1,$1,$-0
24,2012-07-31,3.46,$4.58,0.75,$12.63,0.27,$0.31,11.27,$0.40,8.64,$0.04B,$0.01B,3.98,$0.01B,$0.03B,0.31,$0.08B,$0.03B,38.27%,$0.08B,$0.01B,6.17%,$0.08B,$0.01B,6.17%,$0.08B,$0.01B,7.41%,$0.08B,$0.00B,3.70%,$0.08B,$0.00B,2.47%,$0.00B,$0.03B,6.96%,$0.00B,$0.03B,7.08%,$0.00B,$0.05B,4.32%,$0.01B,$0.04B,13.42%,$22,$13,$9,$0,$7,$20,$2,$-0,$2,$1,$1,$1,$1,$2,$2,$7,7,$0.18,$0.18,$1,$19,$0,$36,$12,$0,$0,$0,$13,$49,$9,$9,$1,$10,$19,$8,$23,$0,$30,$49,$2,$2,$1,$2,$-3,$-3,$0,$0,$-3,$1,$-1,$-0,$0,$0,$0,$0,$0,$-1,$1,$0,$1,$-1,$-1,$-0,$-0,$-0,$0,$1,$-0
25,2012-04-30,2.95,$4.35,0.68,$12.27,0.24,$0.22,13.35,$0.24,12.27,$0.03B,$0.01B,4.17,$0.01B,$0.03B,0.3,$0.08B,$0.03B,37.18%,$0.08B,$0.00B,3.85%,$0.08B,$0.00B,3.85%,$0.08B,$0.01B,6.41%,$0.08B,$0.00B,1.28%,$0.08B,$0.00B,1.28%,$0.00B,$0.03B,3.57%,$0.00B,$0.03B,3.60%,$0.00B,$0.05B,2.22%,$0.00B,$0.04B,8.22%,$22,$13,$9,$0,$7,$21,$2,$-0,$1,$0,$1,$1,$1,$2,$2,$6,6,$0.15,$0.15,$1,$18,$0,$34,$12,$0,$0,$0,$13,$47,$8,$9,$1,$10,$18,$7,$22,$0,$29,$47,$1,$1,$0,$2,$-2,$-1,$0,$0,$-3,$0,$-0,$-0,$0,$0,$0,$0,$0,$-1,$1,$0,$1,$0,$0,$-0,$-0,$0,$-0,$1,$-0
26,2012-01-31,3.29,$4.46,0.74,$11.81,0.28,$0.36,9.26,$0.07,47.06,$0.03B,$0.01B,4.34,$0.01B,$0.03B,0.29,$0.07B,$0.03B,35.62%,$0.07B,$0.00B,1.37%,$0.07B,$0.00B,1.37%,$0.07B,$0.00B,5.48%,$0.07B,0,0.00%,$0.07B,0,0.00%,$0.00B,$0.03B,0.00%,$0.00B,$0.03B,0.00%,$0.00B,$0.04B,0.00%,$0.00B,$0.04B,2.78%,$17,$11,$6,$0,$6,$17,$0,$-0,$0,$0,$0,$0,$0,$1,$0,$6,6,$0.03,$0.03,$0,$18,$0,$31,$12,$0,$0,$0,$13,$44,$7,$8,$1,$9,$16,$7,$22,$0,$28,$44,$0,$1,$0,$1,$1,$-1,$0,$-0,$-1,$-0,$-0,$-0,$0,$0,$0,$0,$0,$-0,$-0,$0,$-0,$0,$0,$-0,$-0,$-0,$-1,$0,$-0
27,2011-10-31,3.32,$4.41,0.75,$11.88,0.28,$0.56,5.94,$0.10,33.18,$0.03B,$0.01B,3.85,$0.01B,$0.03B,0.29,$0.07B,$0.03B,35.14%,$0.07B,$0.00B,1.35%,$0.07B,$0.00B,1.35%,$0.07B,$0.00B,5.41%,$0.07B,0,0.00%,$0.07B,0,0.00%,$0.00B,$0.03B,0.00%,$0.00B,$0.03B,0.00%,$0.00B,$0.05B,0.00%,$0.00B,$0.04B,2.78%,$20,$12,$7,$0,$7,$19,$1,$-0,$0,$0,$0,$0,$0,$1,$1,$6,6,$0.04,$0.04,$1,$16,$0,$32,$13,$0,$0,$0,$13,$45,$8,$8,$1,$9,$17,$7,$21,$0,$28,$45,$0,$3,$1,$3,$-0,$-2,$0,$0,$-2,$2,$0,$-0,$0,$0,$0,$0,$-2,$-1,$-1,$0,$-1,$-1,$-1,$-0,$-0,$-2,$-1,$1,$-0
28,2011-07-31,3.72,$0.00,0.0,$11.65,0.32,$0.36,10.25,$0.29,12.81,$0.03B,$0.01B,4.36,$0.01B,$0.03B,0.33,$0.07B,$0.03B,36.11%,$0.07B,$-0.00B,-4.17%,$0.07B,$-0.00B,-4.17%,$0.07B,0,0.00%,$0.07B,$0.00B,2.78%,$0.07B,$0.00B,1.39%,$0.00B,$0.03B,3.60%,$0.00B,$0.03B,3.70%,$0.00B,$0.04B,2.25%,$-0.00B,$0.04B,-8.33%,$19,$12,$7,$0,$6,$18,$0,$-0,$0,$0,$0,$0,$0,$1,$0,$6,6,$0.02,$0.02,$1,$16,$3,$30,$0,$0,$0,$0,$1,$44,$7,$9,$1,$10,$17,$7,$21,$0,$27,$44,$0,$2,$1,$3,$0,$-1,$0,$-0,$-2,$1,$-1,$-0,$0,$0,$0,$0,$0,$-1,$0,$0,$0,$-1,$-1,$-0,$-0,$-1,$-1,$1,$-0
29,2011-04-30,4.13,$0.00,0.0,$11.60,0.36,$0.32,12.84,$0.36,11.48,$0.03B,$0.01B,4.15,$0.01B,$0.03B,0.29,$0.07B,$0.03B,36.11%,$0.07B,$-0.00B,-2.78%,$0.07B,$-0.00B,-2.78%,$0.07B,0,0.00%,$0.07B,$0.00B,4.17%,$0.07B,$0.00B,2.78%,$0.00B,$0.03B,7.27%,$0.00B,$0.03B,7.55%,$0.00B,$0.04B,4.49%,$-0.00B,$0.04B,-5.56%,$17,$11,$6,$0,$6,$17,$-0,$-0,$-0,$-0,$-0,$-0,$-0,$1,$-0,$6,6,$-0.02,$-0.02,$1,$15,$3,$30,$0,$0,$1,$0,$2,$44,$7,$8,$1,$9,$16,$6,$22,$0,$28,$44,$0,$1,$0,$2,$1,$-1,$0,$-0,$-1,$1,$-1,$-0,$0,$0,$0,$0,$0,$-1,$-1,$0,$-1,$-0,$-0,$-0,$-0,$-2,$-1,$0,$-0
30,2011-01-31,5.6,$0.00,0.0,$11.20,0.5,$-0.06,0.0,$-0.89,0.0,$0.03B,$0.01B,4.02,$0.01B,$0.03B,0.29,$0.07B,$0.02B,34.29%,$0.07B,$-0.00B,-5.71%,$0.07B,$-0.00B,-5.71%,$0.07B,$-0.00B,-2.86%,$0.07B,$-0.01B,-7.14%,$0.07B,$-0.01B,-7.14%,$-0.01B,$0.03B,-18.52%,$-0.01B,$0.03B,-19.23%,$-0.01B,$0.05B,-11.24%,$-0.00B,$0.04B,-11.19%,$18,$11,$6,$0,$6,$17,$0,$-0,$0,$0,$0,$0,$0,$1,$0,$6,6,$0.06,$0.06,$2,$14,$2,$30,$0,$0,$1,$0,$1,$45,$8,$8,$1,$9,$17,$6,$22,$0,$28,$45,$0,$1,$0,$1,$0,$-0,$0,$-0,$0,$1,$-0,$-0,$0,$0,$0,$0,$0,$-0,$-1,$0,$-1,$-0,$-0,$-0,$-0,$-1,$-0,$0,$-0
31,2010-10-31,2.95,$0.00,0.0,$10.93,0.27,$-0.46,0.0,$-1.00,0.0,$0.03B,$0.01B,3.95,$0.01B,$0.03B,0.32,$0.07B,$0.02B,35.82%,$0.07B,$-0.01B,-7.46%,$0.07B,$-0.01B,-7.46%,$0.07B,$-0.00B,-4.48%,$0.07B,$-0.01B,-8.96%,$0.07B,$-0.01B,-7.46%,$-0.01B,$0.03B,-17.70%,$-0.01B,$0.03B,-19.42%,$-0.01B,$0.05B,-10.87%,$-0.01B,$0.04B,-13.51%,$18,$11,$7,$0,$5,$22,$-3,$5,$2,$0,$1,$1,$1,$-3,$-3,$6,6,$0.23,$0.23,$3,$14,$2,$31,$0,$0,$1,$0,$1,$45,$8,$9,$0,$10,$18,$6,$22,$0,$28,$45,$-6,$3,$6,$3,$-1,$-2,$0,$0,$-2,$1,$0,$-0,$0,$0,$0,$0,$-1,$-1,$1,$0,$1,$-0,$-0,$0,$-0,$-0,$1,$1,$0
32,2010-07-31,2.74,$0.00,0.0,$10.19,0.27,$-0.32,0.0,$-1.24,0.0,$0.03B,$0.01B,3.77,$0.01B,$0.03B,0.36,$0.06B,$0.02B,34.92%,$0.06B,$-0.00B,-4.76%,$0.06B,$-0.00B,-4.76%,$0.06B,0,0.00%,$0.06B,$-0.01B,-12.70%,$0.06B,$-0.01B,-9.52%,$-0.01B,$0.03B,-20.34%,$-0.01B,$0.03B,-23.53%,$-0.01B,$0.04B,-12.70%,$-0.00B,$0.04B,-7.79%,$19,$12,$7,$0,$6,$18,$1,$0,$1,$0,$1,$1,$1,$1,$1,$6,6,$0.09,$0.09,$2,$13,$3,$29,$0,$0,$1,$0,$2,$44,$8,$9,$1,$10,$18,$6,$21,$0,$26,$44,$-7,$2,$0,$2,$0,$0,$0,$0,$-1,$-0,$-0,$0,$0,$0,$0,$0,$0,$-0,$0,$1,$-0,$0,$-0,$0,$-0,$1,$0,$0,$0
33,2010-04-30,2.89,$0.00,0.0,$9.74,0.3,$-0.02,0.0,$-1.52,0.0,$0.03B,$0.01B,3.65,$0.01B,$0.03B,0.36,$0.06B,$0.02B,32.76%,$0.06B,$-0.01B,-8.62%,$0.06B,$-0.01B,-8.62%,$0.06B,$-0.00B,-1.72%,$0.06B,$-0.01B,-17.24%,$0.06B,$-0.01B,-13.79%,$-0.01B,$0.03B,-25.60%,$-0.01B,$0.03B,-29.36%,$-0.01B,$0.04B,-16.41%,$-0.01B,$0.04B,-12.35%,$15,$11,$4,$0,$6,$17,$-2,$-6,$-8,$-0,$-8,$-7,$-7,$-1,$-2,$6,6,$-1.27,$-1.27,$1,$13,$3,$28,$0,$0,$1,$0,$2,$44,$8,$9,$1,$10,$18,$6,$20,$0,$26,$44,$-8,$1,$0,$1,$0,$0,$0,$0,$-1,$-2,$-0,$0,$0,$0,$0,$0,$0,$-0,$0,$1,$-0,$0,$0,$0,$-0,$1,$-1,$0,$0
34,2010-01-31,3.21,$0.00,0.0,$9.65,0.33,$0.26,12.52,$-0.25,0.0,$0.03B,$0.01B,3.77,$0.01B,$0.03B,0.25,$0.06B,$0.02B,36.21%,$0.06B,$-0.00B,-5.17%,$0.06B,$-0.00B,-5.17%,$0.06B,$0.00B,1.72%,$0.06B,$-0.00B,-3.45%,$0.06B,$-0.00B,-1.72%,$-0.00B,$0.03B,-3.01%,$-0.00B,$0.03B,-3.45%,$-0.00B,$0.05B,-1.98%,$-0.00B,$0.04B,-6.98%,$15,$10,$6,$0,$6,$16,$-1,$0,$-1,$-0,$-0,$-0,$-0,$0,$-1,$6,6,$-0.05,$-0.05,$1,$14,$4,$28,$0,$0,$7,$0,$7,$51,$8,$8,$1,$10,$17,$5,$28,$0,$33,$51,$-0,$1,$0,$1,$0,$0,$0,$0,$-2,$-1,$-0,$0,$0,$0,$0,$0,$0,$-0,$0,$1,$-0,$0,$0,$0,$-0,$1,$-1,$0,$0
35,2009-10-31,2.75,$0.00,0.0,$9.53,0.29,$0.73,3.75,$-0.32,0.0,$0.03B,$0.01B,3.63,$0.01B,$0.03B,0.25,$0.06B,$0.02B,34.48%,$0.06B,$-0.00B,-5.17%,$0.06B,$-0.00B,-5.17%,$0.06B,$0.00B,1.72%,$0.06B,$-0.00B,-3.45%,$0.06B,$-0.00B,-3.45%,$-0.00B,$0.03B,-5.97%,$-0.00B,$0.03B,-6.56%,$-0.00B,$0.05B,-3.92%,$-0.00B,$0.04B,-6.82%,$14,$9,$5,$0,$5,$15,$-1,$1,$-0,$0,$-0,$-0,$-0,$0,$-1,$7,7,$-0.01,$-0.01,$2,$12,$3,$28,$0,$0,$8,$0,$8,$50,$8,$8,$1,$9,$17,$5,$28,$0,$33,$50,$-2,$3,$0,$3,$0,$0,$0,$0,$-0,$3,$-1,$0,$-1,$0,$0,$0,$-0,$-1,$0,$-0,$-2,$0,$-0,$0,$-0,$-3,$-2,$0,$0
36,2009-07-31,3.16,$0.00,0.0,$10.41,0.3,$0.70,4.54,$-0.31,0.0,$0.03B,$0.01B,5.61,$0.01B,$0.03B,0.31,$0.06B,$0.02B,35.48%,$0.06B,$-0.00B,-3.23%,$0.06B,$-0.00B,-3.23%,$0.06B,$0.00B,3.23%,$0.06B,$-0.00B,-3.23%,$0.06B,$-0.00B,-3.23%,$-0.00B,$0.03B,-5.88%,$-0.00B,$0.03B,-6.20%,$-0.00B,$0.05B,-3.83%,$-0.00B,$0.04B,-4.44%,$14,$10,$4,$0,$5,$15,$-1,$-0,$-1,$-0,$-1,$-1,$-1,$-0,$-1,$6,6,$-0.19,$-0.19,$4,$11,$3,$29,$0,$0,$1,$5,$6,$50,$5,$10,$0,$11,$17,$5,$28,$0,$33,$50,$-2,$2,$0,$2,$0,$0,$0,$0,$0,$2,$-1,$0,$0,$0,$0,$-0,$-0,$-1,$0,$-0,$-0,$0,$-0,$0,$-0,$-1,$0,$0,$0
37,2009-04-30,2.7,$0.00,0.0,$10.69,0.25,$0.94,2.87,$-0.04,0.0,$0.03B,$0.01B,5.67,$0.01B,$0.03B,0.31,$0.06B,$0.02B,37.50%,$0.06B,0,0.00%,$0.06B,0,0.00%,$0.06B,$0.00B,4.69%,$0.06B,0,0.00%,$0.06B,$-0.00B,-1.56%,$-0.00B,$0.03B,-2.90%,$-0.00B,$0.03B,-3.10%,$-0.00B,$0.05B,-1.90%,$0.00B,$0.05B,0.00%,$15,$10,$6,$0,$6,$16,$-0,$0,$-0,$-0,$0,$0,$0,$1,$-0,$6,6,$0.00,$0.00,$3,$12,$3,$29,$0,$0,$2,$5,$6,$51,$5,$10,$0,$11,$16,$5,$29,$0,$34,$51,$-1,$2,$0,$2,$0,$0,$0,$0,$-1,$0,$-1,$0,$0,$0,$0,$-0,$0,$-1,$0,$0,$-0,$0,$-0,$0,$-0,$-1,$-1,$0,$0
38,2009-01-31,2.61,$0.00,0.0,$10.43,0.25,$1.27,2.06,$0.11,23.73,$0.03B,$0.01B,4.11,$0.01B,$0.03B,0.31,$0.06B,$0.02B,38.71%,$0.06B,$0.00B,1.61%,$0.06B,$0.00B,1.61%,$0.06B,$0.00B,6.45%,$0.06B,$0.00B,1.61%,$0.06B,0,0.00%,$0.00B,$0.03B,0.00%,$0.00B,$0.03B,0.00%,$0.00B,$0.05B,0.00%,$0.00B,$0.05B,2.38%,$15,$10,$5,$0,$6,$16,$-1,$0,$-1,$-0,$-1,$-1,$-1,$-0,$-1,$6,6,$-0.12,$-0.12,$5,$13,$3,$31,$0,$0,$2,$5,$7,$53,$8,$11,$0,$12,$19,$5,$29,$0,$34,$53,$-1,$1,$0,$1,$0,$0,$0,$0,$1,$2,$-0,$0,$0,$0,$0,$0,$0,$-0,$0,$-0,$-0,$0,$-0,$0,$-0,$-1,$1,$0,$0
39,2008-10-31,4.2,$0.00,0.0,$10.06,0.42,$1.25,3.36,$0.37,11.36,$0.03B,$0.01B,3.92,$0.01B,$0.04B,0.31,$0.06B,$0.02B,40.00%,$0.06B,$0.00B,5.00%,$0.06B,$0.00B,5.00%,$0.06B,$0.01B,10.00%,$0.06B,$0.00B,5.00%,$0.06B,$0.00B,3.33%,$0.00B,$0.04B,5.84%,$0.00B,$0.03B,6.06%,$0.00B,$0.06B,4.30%,$0.00B,$0.05B,7.69%,$18,$12,$7,$0,$7,$19,$-0,$0,$0,$0,$-0,$-0,$-0,$1,$-0,$6,6,$0.00,$0.00,$4,$13,$2,$32,$0,$0,$2,$5,$7,$55,$8,$11,$0,$12,$20,$4,$30,$0,$35,$55,$2,$2,$0,$2,$0,$0,$0,$0,$-1,$3,$-1,$0,$-11,$0,$0,$0,$-1,$-13,$0,$0,$11,$0,$-0,$0,$-0,$11,$1,$0,$0
40,2008-07-31,6.07,$0.00,0.0,$9.23,0.66,$1.82,3.35,$0.50,12.14,$0.03B,$0.01B,3.81,$0.01B,$0.04B,0.25,$0.06B,$0.02B,40.00%,$0.06B,$0.00B,7.27%,$0.06B,$0.00B,7.27%,$0.06B,$0.01B,12.73%,$0.06B,$0.00B,7.27%,$0.06B,$0.00B,5.45%,$0.00B,$0.04B,8.96%,$0.00B,$0.03B,9.16%,$0.00B,$0.05B,7.14%,$0.00B,$0.04B,11.27%,$16,$10,$6,$0,$5,$16,$1,$0,$1,$0,$0,$0,$0,$1,$1,$6,6,$0.08,$0.08,$3,$12,$2,$29,$0,$0,$2,$4,$7,$52,$7,$9,$0,$10,$17,$4,$31,$0,$35,$52,$2,$1,$0,$1,$0,$0,$0,$0,$-0,$4,$-1,$0,$-11,$0,$0,$-0,$-1,$-13,$0,$9,$0,$0,$0,$0,$-0,$9,$-1,$0,$0
41,2008-04-30,4.38,$0.00,0.0,$8.39,0.52,$2.04,2.15,$0.51,8.59,$0.02B,$0.01B,3.99,$0.00B,$0.03B,0.0,$0.05B,$0.02B,41.18%,$0.05B,$0.00B,7.84%,$0.05B,$0.00B,7.84%,$0.05B,$0.01B,13.73%,$0.05B,$0.00B,7.84%,$0.05B,$0.00B,7.84%,$0.00B,$0.03B,12.31%,$0.00B,$0.03B,12.31%,$0.00B,$0.04B,10.60%,$0.00B,$0.03B,12.31%,$13,$8,$6,$0,$4,$12,$1,$0,$1,$0,$1,$1,$1,$2,$1,$6,6,$0.15,$0.15,$4,$8,$1,$23,$0,$0,$0,$5,$5,$40,$6,$0,$0,$0,$6,$4,$30,$0,$34,$40,$2,$1,$0,$1,$0,$0,$0,$0,$-0,$2,$-1,$0,$0,$0,$0,$0,$-1,$-1,$0,$0,$0,$0,$0,$0,$0,$0,$1,$0,$0
42,2008-01-31,3.75,$0.00,0.0,$7.99,0.47,$2.22,1.69,$0.37,10.12,$0.02B,$0.01B,4.16,$0.00B,$0.03B,0.0,$0.05B,$0.02B,38.78%,$0.05B,$0.00B,6.12%,$0.05B,$0.00B,6.12%,$0.05B,$0.01B,12.24%,$0.05B,$0.00B,6.12%,$0.05B,$0.00B,6.12%,$0.00B,$0.03B,9.45%,$0.00B,$0.03B,9.45%,$0.00B,$0.04B,8.28%,$0.00B,$0.03B,9.45%,$13,$7,$5,$0,$4,$11,$1,$0,$1,$1,$1,$1,$1,$2,$1,$6,6,$0.14,$0.14,$4,$8,$1,$22,$0,$0,$0,$4,$4,$39,$5,$0,$0,$0,$6,$4,$29,$0,$33,$39,$1,$0,$0,$0,$0,$0,$0,$0,$0,$1,$-0,$0,$0,$0,$0,$-0,$-0,$-1,$0,$0,$0,$0,$0,$0,$0,$0,$1,$0,$0
43,2007-10-31,4.17,$0.00,0.0,$7.46,0.56,$2.46,1.69,$0.21,19.84,$0.02B,$0.01B,4.27,$0.00B,$0.03B,0.0,$0.05B,$0.02B,37.78%,$0.05B,$0.00B,2.22%,$0.05B,$0.00B,2.22%,$0.05B,$0.00B,8.89%,$0.05B,$0.00B,2.22%,$0.05B,$0.00B,4.44%,$0.00B,$0.03B,6.45%,$0.00B,$0.03B,6.45%,$0.00B,$0.04B,5.76%,$0.00B,$0.03B,3.23%,$13,$8,$5,$0,$4,$12,$1,$0,$1,$0,$1,$1,$1,$2,$1,$6,6,$0.13,$0.13,$3,$7,$1,$21,$0,$0,$0,$4,$4,$37,$5,$0,$0,$0,$5,$4,$28,$0,$32,$37,$1,$2,$0,$2,$0,$0,$0,$0,$2,$6,$-1,$0,$0,$0,$0,$0,$-1,$-2,$0,$-1,$0,$0,$-0,$0,$0,$-1,$3,$0,$0
44,2007-07-31,4.63,$0.00,0.0,$7.44,0.62,$1.21,3.83,$0.21,22.07,$0.02B,$0.00B,5.48,$0.00B,$0.03B,0.0,$0.05B,$0.02B,37.78%,$0.05B,$0.00B,2.22%,$0.05B,$0.00B,2.22%,$0.05B,$0.00B,6.67%,$0.05B,$0.00B,2.22%,$0.05B,$0.00B,4.44%,$0.00B,$0.03B,6.56%,$0.00B,$0.03B,6.56%,$0.00B,$0.04B,5.84%,$0.00B,$0.03B,3.28%,$12,$7,$5,$0,$4,$11,$1,$0,$1,$0,$1,$1,$1,$1,$1,$6,6,$0.09,$0.09,$2,$7,$1,$18,$0,$0,$0,$3,$3,$35,$3,$0,$0,$0,$4,$3,$28,$0,$31,$35,$0,$1,$0,$1,$0,$0,$0,$0,$2,$5,$-1,$0,$0,$0,$0,$0,$-1,$-1,$0,$-1,$0,$0,$-1,$0,$0,$-2,$2,$0,$0
45,2007-04-30,4.83,$0.00,0.0,$7.49,0.64,$0.10,46.28,$0.14,34.48,$0.02B,$0.00B,6.23,$0.00B,$0.03B,0.0,$0.05B,$0.02B,35.56%,$0.05B,0,0.00%,$0.05B,0,0.00%,$0.05B,$0.00B,6.67%,$0.05B,0,0.00%,$0.05B,$0.00B,2.22%,$0.00B,$0.03B,3.33%,$0.00B,$0.03B,3.33%,$0.00B,$0.03B,2.94%,$0.00B,$0.03B,0.00%,$11,$7,$4,$0,$4,$11,$0,$-0,$0,$0,$0,$0,$0,$1,$0,$6,6,$0.01,$0.01,$2,$7,$1,$17,$0,$0,$0,$3,$3,$34,$3,$0,$0,$0,$3,$3,$28,$0,$31,$34,$-0,$1,$0,$1,$0,$0,$0,$0,$2,$3,$-0,$0,$0,$0,$0,$0,$-1,$-1,$0,$-1,$0,$0,$0,$0,$0,$-1,$1,$0,$0
46,2007-01-31,4.75,$0.00,0.0,$7.53,0.63,$-0.90,0.0,$0.08,59.42,$0.02B,$0.00B,5.74,$0.00B,$0.03B,0.0,$0.05B,$0.02B,33.33%,$0.05B,0,0.00%,$0.05B,0,0.00%,$0.05B,$0.00B,4.44%,$0.05B,0,0.00%,$0.05B,$0.00B,2.22%,$0.00B,$0.03B,3.39%,$0.00B,$0.03B,3.39%,$0.00B,$0.03B,2.94%,$0.00B,$0.03B,0.00%,$9,$6,$3,$0,$3,$10,$-1,$-0,$-1,$-0,$-0,$-0,$-0,$-0,$-1,$6,6,$-0.02,$-0.02,$2,$8,$1,$17,$0,$0,$0,$3,$3,$33,$3,$0,$0,$0,$3,$3,$27,$0,$30,$34,$-0,$0,$0,$0,$0,$0,$0,$0,$3,$3,$-0,$0,$0,$0,$0,$0,$-0,$-1,$0,$-1,$0,$0,$0,$0,$0,$-1,$1,$0,$0
47,2006-10-31,4.56,$0.00,0.0,$7.69,0.59,$-1.46,0.0,$0.06,76.02,$0.02B,$0.00B,4.36,$0.00B,$0.03B,0.0,$0.05B,$0.02B,32.61%,$0.05B,$0.00B,2.17%,$0.05B,$0.00B,2.17%,$0.05B,$0.00B,4.35%,$0.05B,$0.00B,2.17%,$0.05B,$0.00B,2.17%,$0.00B,$0.03B,3.42%,$0.00B,$0.03B,3.42%,$0.00B,$0.04B,2.92%,$0.00B,$0.03B,3.39%,$13,$8,$5,$0,$4,$12,$1,$-0,$1,$0,$1,$1,$1,$1,$1,$6,6,$0.13,$0.13,$1,$9,$1,$19,$0,$0,$0,$2,$2,$35,$4,$0,$0,$0,$4,$3,$28,$0,$30,$35,$0,$1,$0,$1,$0,$0,$0,$0,$-2,$-0,$-2,$0,$0,$0,$0,$-0,$-1,$-4,$0,$1,$0,$0,$0,$0,$-0,$1,$-3,$0,$0
