,Date,Stock Price,Book Value per Share,Price to Book Ratio,TTM Sales per Share,Price to Sales Ratio,TTM FCF per Share,Price to FCF Ratio,TTM Net EPS,PE Ratio,Current Assets,Current Liabilities,Current Ratio,Long Term Debt,Shareholder's Equity_x,Debt to Equity Ratio,TTM Revenue_x,TTM Gross Profit,Gross Margin,TTM Revenue_y,TTM Operating Income,Operating Margin,TTM Revenue_x,TTM EBIT,EBIT Margin,TTM Revenue_y,TTM EBITDA,EBITDA Margin,TTM Revenue_x,TTM Pre-Tax Income,Pre-Tax Margin,TTM Revenue_y,TTM Net Income_x,Net Margin,TTM Net Income_y,Shareholder's Equity_y,Return on Equity,TTM Net Income_x,Tangible Equity,Return on Tangible Equity,TTM Net Income_y,Total Assets,Return on Assets,TTM Net Income,LT Investments & Debt,Return on Investment,revenue,cost-goods-sold,gross-profit,research-development-expenses,selling-general-administrative-expenses,operating-expenses,operating-income,total-non-operating-income-expense,pre-tax-income,total-provision-income-taxes,income-after-taxes,income-from-continuous-operations,net-income,ebitda,ebit,basic-shares-outstanding,shares-outstanding,eps-basic-net-earnings-per-share,eps-earnings-per-share-diluted,cash-on-hand,inventory,other-current-assets,total-current-assets,net-property-plant-equipment,long-term-investments,goodwill-intangible-assets-total,other-long-term-assets,total-long-term-assets,total-assets,total-current-liabilities,long-term-debt,other-non-current-liabilities,total-long-term-liabilities,total-liabilities,common-stock-net,retained-earnings-accumulated-deficit,comprehensive-income,total-share-holder-equity,total-liabilities-share-holders-equity,net-income-loss,total-depreciation-amortization-cash-flow,other-non-cash-items,total-non-cash-items,change-in-accounts-receivable,change-in-inventories,change-in-accounts-payable,change-in-assets-liabilities,total-change-in-assets-liabilities,cash-flow-from-operating-activities,net-change-in-property-plant-equipment,net-change-in-intangible-assets,net-acquisitions-divestitures,net-change-in-short-term-investments,net-change-in-long-term-investments,net-change-in-investments-total,investing-activities-other,cash-flow-from-investing-activities,net-long-term-debt,net-current-debt,debt-issuance-retirement-net-total,net-common-equity-issued-repurchased,net-total-equity-issued-repurchased,total-common-preferred-stock-dividends-paid,financial-activities-other,cash-flow-from-financial-activities,net-cash-flow,stock-based-compensation,common-stock-dividends-paid
0,2018-09-30,27.22,$21.29,1.28,$6.51,4.18,$2.87,9.5,$1.24,21.95,$5.71B,$5.92B,0.97,$0.57B,$1.03B,0.56,$0.29B,$0.25B,88.81%,$0.29B,$0.10B,35.66%,$0.29B,0,0.00%,$0.29B,0,0.00%,$0.29B,$0.07B,25.87%,$0.29B,$0.06B,19.23%,$0.06B,$1.03B,6.02%,$0.06B,$0.67B,9.08%,$0.06B,$7.56B,0.78%,$0.10B,$1.60B,7.00%,$80,$10,$70,$0,$39,$50,$30,$-1,$29,$5,$24,$24,$24,$0,$0,$48,49,$0.50,$0.50,$148,$0,$0,$5714,$112,$1050,$356,$271,$1849,$7563,$5915,$573,$45,$617,$6533,$0,$286,$-4,$1030,$7563,$45,$0,$8,$8,$-3,$0,$0,$12,$9,$62,$-3,$0,$-4,$129,$-35,$94,$-50,$38,$-57,$122,$65,$-3,$-3,$-21,$-101,$-61,$39,$4,$-21
1,2018-06-30,29.8,$20.97,1.42,$6.54,4.55,$3.27,9.12,$1.13,26.37,$5.83B,$5.88B,0.99,$0.79B,$1.01B,0.78,$0.26B,$0.23B,89.66%,$0.26B,$0.09B,35.25%,$0.26B,0,0.00%,$0.26B,0,0.00%,$0.26B,$0.06B,24.52%,$0.26B,$0.04B,16.86%,$0.04B,$1.01B,5.47%,$0.04B,$0.66B,8.05%,$0.04B,$7.74B,0.68%,$0.09B,$1.80B,7.15%,$79,$9,$70,$0,$44,$54,$25,$-7,$19,$3,$16,$16,$16,$0,$0,$48,49,$0.33,$0.32,$254,$0,$0,$5828,$114,$1100,$358,$278,$1909,$7737,$5882,$791,$51,$843,$6724,$0,$274,$-4,$1013,$7737,$21,$0,$5,$5,$-1,$0,$0,$9,$8,$34,$-7,$0,$-4,$90,$-45,$46,$-57,$-22,$-41,$326,$284,$5,$5,$-14,$-143,$132,$145,$3,$-14
2,2018-03-31,26.46,$20.94,1.26,$6.55,4.04,$3.55,7.46,$1.04,25.45,$5.55B,$5.99B,0.93,$0.45B,$1.01B,0.45,$0.24B,$0.21B,90.25%,$0.24B,$0.08B,34.32%,$0.24B,0,0.00%,$0.24B,0,0.00%,$0.24B,$0.06B,23.73%,$0.24B,$0.04B,15.25%,$0.04B,$1.01B,5.16%,$0.04B,$0.65B,7.34%,$0.04B,$7.50B,0.61%,$0.08B,$1.46B,7.57%,$72,$7,$65,$0,$39,$47,$25,$-18,$6,$1,$5,$5,$5,$0,$0,$44,45,$0.12,$0.12,$119,$0,$0,$5553,$122,$1129,$357,$274,$1942,$7495,$5990,$453,$45,$498,$6487,$0,$269,$-5,$1007,$7495,$5,$1,$0,$1,$1,$0,$0,$0,$1,$8,$-2,$0,$-4,$27,$-12,$15,$75,$84,$-1,$-27,$-28,$3,$3,$-7,$-51,$-82,$10,$1,$-7
3,2017-12-31,25.82,$18.47,1.4,$6.52,3.96,$3.75,6.88,$1.28,20.17,$4.09B,$4.42B,0.93,$0.36B,$0.60B,0.59,$0.22B,$0.20B,90.28%,$0.22B,$0.07B,33.80%,$0.22B,0,0.00%,$0.22B,0,0.00%,$0.22B,$0.07B,30.56%,$0.22B,$0.04B,19.91%,$0.04B,$0.60B,7.26%,$0.04B,$0.44B,9.91%,$0.04B,$5.42B,0.81%,$0.07B,$0.96B,7.84%,$55,$5,$49,$0,$27,$33,$22,$-2,$20,$10,$10,$10,$10,$0,$0,$32,33,$0.30,$0.30,$110,$0,$0,$4090,$102,$874,$159,$189,$1326,$5416,$4422,$356,$35,$392,$4814,$0,$271,$-5,$602,$5416,$42,$5,$44,$49,$-1,$0,$0,$-11,$-11,$80,$-49,$0,$0,$-107,$-140,$-247,$-160,$-455,$8,$40,$48,$3,$3,$-19,$151,$183,$-192,$2,$-19
4,2017-09-30,26.89,$18.31,1.47,$6.83,3.94,$3.94,6.82,$1.20,22.41,$4.14B,$4.43B,0.94,$0.33B,$0.60B,0.55,$0.21B,$0.19B,90.82%,$0.21B,$0.07B,32.37%,$0.21B,0,0.00%,$0.21B,0,0.00%,$0.21B,$0.06B,26.57%,$0.21B,$0.04B,18.84%,$0.04B,$0.60B,6.67%,$0.04B,$0.44B,9.13%,$0.04B,$5.38B,0.74%,$0.07B,$0.93B,7.32%,$55,$5,$50,$0,$30,$35,$20,$-2,$19,$6,$13,$13,$13,$0,$0,$32,33,$0.40,$0.39,$255,$0,$0,$4139,$64,$828,$158,$165,$1245,$5384,$4426,$330,$32,$362,$4788,$0,$266,$-5,$596,$5384,$33,$2,$8,$11,$-0,$0,$0,$20,$19,$63,$-9,$0,$0,$-25,$-174,$-199,$-65,$-274,$9,$5,$14,$3,$3,$-14,$162,$165,$-46,$2,$-14
5,2017-06-30,26.38,$18.05,1.46,$6.83,3.86,$3.92,6.73,$1.16,22.75,$3.99B,$4.25B,0.94,$0.35B,$0.59B,0.6,$0.20B,$0.18B,91.28%,$0.20B,$0.06B,31.79%,$0.20B,0,0.00%,$0.20B,0,0.00%,$0.20B,$0.05B,25.64%,$0.20B,$0.04B,17.95%,$0.04B,$0.59B,6.48%,$0.04B,$0.43B,8.66%,$0.04B,$5.20B,0.71%,$0.06B,$0.94B,7.15%,$54,$5,$49,$0,$35,$40,$14,$-3,$11,$3,$8,$8,$8,$0,$0,$32,33,$0.24,$0.23,$108,$0,$0,$3990,$60,$803,$159,$162,$1213,$5202,$4252,$349,$14,$363,$4615,$0,$258,$-5,$587,$5202,$20,$2,$7,$9,$0,$0,$0,$1,$2,$30,$-2,$0,$0,$-22,$-151,$-173,$-64,$-239,$4,$28,$32,$3,$3,$-10,$-11,$15,$-194,$2,$-10
6,2017-03-31,27.27,$17.95,1.52,$6.86,3.97,$3.70,7.36,$1.09,25.01,$4.01B,$4.28B,0.94,$0.32B,$0.58B,0.55,$0.18B,$0.16B,91.62%,$0.18B,$0.06B,34.08%,$0.18B,0,0.00%,$0.18B,0,0.00%,$0.18B,$0.05B,25.14%,$0.18B,$0.03B,17.32%,$0.03B,$0.58B,6.26%,$0.03B,$0.42B,8.13%,$0.03B,$5.20B,0.67%,$0.06B,$0.90B,7.43%,$52,$5,$47,$0,$30,$35,$17,$-1,$16,$4,$12,$12,$12,$0,$0,$32,33,$0.38,$0.36,$175,$0,$0,$4013,$71,$762,$158,$158,$1183,$5196,$4276,$321,$16,$338,$4614,$0,$256,$-5,$583,$5196,$12,$1,$-3,$-2,$1,$0,$0,$1,$2,$12,$-1,$0,$0,$-17,$-115,$-132,$-20,$-153,$-0,$7,$7,$2,$2,$-5,$11,$15,$-126,$1,$-5
7,2016-12-31,28.91,$17.80,1.62,$6.84,4.23,$3.78,7.65,$0.98,29.5,$4.12B,$4.26B,0.97,$0.32B,$0.57B,0.56,$0.15B,$0.14B,92.16%,$0.15B,$0.05B,33.99%,$0.15B,0,0.00%,$0.15B,0,0.00%,$0.15B,$0.04B,23.53%,$0.15B,$0.02B,15.03%,$0.02B,$0.57B,5.61%,$0.02B,$0.42B,6.87%,$0.02B,$5.17B,0.58%,$0.05B,$0.89B,7.17%,$46,$4,$42,$0,$26,$30,$16,$-7,$9,$3,$6,$6,$6,$0,$0,$23,24,$0.23,$0.22,$301,$0,$0,$4118,$71,$630,$156,$152,$1049,$5167,$4258,$321,$16,$337,$4595,$0,$238,$-6,$572,$5167,$23,$3,$7,$10,$2,$0,$0,$-2,$0,$33,$-7,$0,$49,$54,$73,$127,$103,$272,$5,$-175,$-170,$2,$2,$-13,$133,$-48,$257,$2,$-13
8,2016-09-30,18.41,$16.14,1.14,$6.50,2.83,$4.10,4.49,$1.07,17.2,$3.37B,$3.39B,0.99,$0.32B,$0.42B,0.76,$0.13B,$0.12B,92.54%,$0.13B,$0.05B,33.58%,$0.13B,0,0.00%,$0.13B,0,0.00%,$0.13B,$0.04B,26.12%,$0.13B,$0.02B,16.42%,$0.02B,$0.42B,6.74%,$0.02B,$0.35B,7.59%,$0.02B,$4.15B,0.66%,$0.05B,$0.73B,6.92%,$43,$3,$40,$0,$24,$28,$15,$-1,$14,$5,$9,$9,$9,$0,$0,$25,26,$0.36,$0.35,$312,$0,$0,$3371,$51,$491,$71,$127,$780,$4151,$3394,$316,$24,$340,$3734,$0,$236,$-6,$417,$4151,$17,$2,$1,$4,$13,$0,$0,$13,$25,$46,$-5,$0,$16,$104,$68,$172,$72,$255,$5,$-176,$-171,$3,$3,$-9,$143,$-34,$268,$1,$-9
9,2016-06-30,17.25,$15.89,1.09,$6.37,2.71,$3.59,4.81,$1.00,17.25,$3.21B,$3.27B,0.98,$0.35B,$0.41B,0.84,$0.12B,$0.11B,92.31%,$0.12B,$0.04B,32.48%,$0.12B,0,0.00%,$0.12B,0,0.00%,$0.12B,$0.03B,23.93%,$0.12B,$0.02B,15.38%,$0.02B,$0.41B,6.41%,$0.02B,$0.34B,6.90%,$0.02B,$4.05B,0.61%,$0.04B,$0.75B,6.41%,$38,$3,$35,$0,$22,$25,$13,$-7,$6,$2,$4,$4,$4,$0,$0,$22,23,$0.16,$0.16,$66,$0,$0,$3212,$49,$547,$72,$130,$836,$4047,$3274,$345,$19,$364,$3638,$0,$231,$-6,$409,$4047,$8,$2,$1,$3,$-3,$0,$0,$8,$5,$16,$-1,$0,$16,$51,$65,$116,$-1,$129,$-28,$-116,$-144,$1,$1,$-5,$26,$-123,$22,$1,$-5
10,2016-03-31,16.66,$13.87,1.2,$6.20,2.69,$3.80,4.38,$1.15,14.49,$2.04B,$2.06B,0.99,$0.28B,$0.24B,1.17,$0.10B,$0.10B,92.31%,$0.10B,$0.03B,31.73%,$0.10B,0,0.00%,$0.10B,0,0.00%,$0.10B,$0.03B,28.85%,$0.10B,$0.02B,18.27%,$0.02B,$0.24B,8.12%,$0.02B,$0.24B,8.20%,$0.02B,$2.59B,0.75%,$0.03B,$0.52B,6.08%,$26,$3,$24,$0,$16,$18,$8,$-1,$7,$2,$4,$4,$4,$0,$0,$17,17,$0.25,$0.25,$34,$0,$0,$2041,$28,$422,$3,$77,$548,$2588,$2055,$282,$10,$292,$2347,$0,$231,$-6,$241,$2588,$4,$2,$0,$2,$-1,$0,$0,$3,$2,$8,$-1,$0,$17,$19,$3,$22,$-27,$11,$10,$-74,$-64,$0,$0,$-2,$38,$-29,$-10,$0,$-2
11,2015-12-31,18.74,$13.79,1.36,$6.11,3.07,$3.61,5.19,$1.22,15.36,$2.02B,$1.99B,1.02,$0.35B,$0.24B,1.49,$0.10B,$0.09B,92.16%,$0.10B,$0.03B,32.35%,$0.10B,0,0.00%,$0.10B,0,0.00%,$0.10B,$0.03B,30.39%,$0.10B,$0.02B,19.61%,$0.02B,$0.24B,8.74%,$0.02B,$0.24B,8.80%,$0.02B,$2.59B,0.81%,$0.03B,$0.59B,6.13%,$27,$2,$25,$0,$16,$19,$9,$-1,$8,$3,$5,$5,$5,$0,$0,$17,17,$0.31,$0.30,$44,$0,$0,$2023,$28,$445,$3,$77,$570,$2593,$1993,$354,$8,$362,$2355,$0,$229,$-6,$238,$2593,$20,$6,$2,$7,$2,$0,$0,$-2,$1,$28,$-4,$0,$4,$30,$40,$70,$-165,$-95,$43,$-28,$15,$-6,$-6,$-9,$74,$75,$8,$1,$-9
12,2015-09-30,16.0,$13.58,1.18,$5.95,2.69,$3.57,4.49,$1.21,13.22,$2.00B,$2.05B,0.98,$0.27B,$0.24B,1.14,$0.10B,$0.09B,92.00%,$0.10B,$0.03B,31.00%,$0.10B,0,0.00%,$0.10B,0,0.00%,$0.10B,$0.03B,30.00%,$0.10B,$0.02B,20.00%,$0.02B,$0.24B,8.94%,$0.02B,$0.23B,8.98%,$0.02B,$2.56B,0.83%,$0.03B,$0.50B,5.85%,$26,$2,$24,$0,$15,$18,$8,$-1,$7,$3,$5,$5,$5,$0,$0,$17,17,$0.28,$0.28,$51,$0,$0,$1998,$29,$439,$3,$71,$560,$2558,$2046,$268,$9,$277,$2323,$0,$226,$-6,$235,$2558,$15,$5,$0,$5,$2,$0,$0,$-1,$2,$22,$-3,$0,$4,$73,$4,$76,$-128,$-51,$39,$-108,$-69,$-6,$-6,$-6,$126,$44,$14,$1,$-6
13,2015-06-30,17.2,$13.25,1.3,$5.94,2.9,$3.18,5.4,$1.24,13.87,$1.82B,$1.83B,0.99,$0.33B,$0.22B,1.49,$0.10B,$0.09B,91.92%,$0.10B,$0.03B,31.31%,$0.10B,0,0.00%,$0.10B,0,0.00%,$0.10B,$0.03B,31.31%,$0.10B,$0.02B,20.20%,$0.02B,$0.22B,9.10%,$0.02B,$0.22B,9.15%,$0.02B,$2.40B,0.85%,$0.03B,$0.55B,5.98%,$25,$2,$23,$0,$15,$17,$8,$-0,$8,$3,$5,$5,$5,$0,$0,$16,17,$0.31,$0.31,$40,$0,$0,$1820,$25,$463,$0,$71,$575,$2395,$1833,$331,$9,$340,$2174,$0,$224,$-7,$222,$2395,$10,$3,$0,$3,$3,$0,$0,$-1,$2,$16,$-2,$0,$0,$54,$-10,$45,$-83,$-40,$35,$-41,$-6,$-4,$-4,$-4,$43,$29,$4,$1,$-4
14,2015-03-31,15.81,$13.06,1.21,$5.91,2.67,$2.68,5.91,$1.23,12.85,$1.78B,$1.87B,0.96,$0.29B,$0.22B,1.3,$0.10B,$0.09B,91.92%,$0.10B,$0.03B,31.31%,$0.10B,0,0.00%,$0.10B,0,0.00%,$0.10B,$0.03B,31.31%,$0.10B,$0.02B,20.20%,$0.02B,$0.22B,9.16%,$0.02B,$0.22B,9.25%,$0.02B,$2.38B,0.85%,$0.03B,$0.51B,5.97%,$24,$2,$22,$0,$14,$16,$8,$-0,$8,$3,$5,$5,$5,$0,$0,$16,17,$0.32,$0.32,$35,$0,$0,$1783,$25,$490,$1,$71,$601,$2384,$1867,$287,$9,$296,$2164,$0,$221,$-7,$220,$2384,$5,$2,$-0,$2,$-2,$0,$0,$-1,$-2,$5,$-1,$0,$0,$26,$-8,$19,$-47,$-30,$20,$-75,$-55,$-1,$-1,$-2,$82,$24,$-1,$0,$-2
15,2014-12-31,15.57,$12.91,1.21,$5.85,2.66,$2.73,5.7,$1.19,13.08,$1.74B,$1.79B,0.97,$0.34B,$0.22B,1.55,$0.10B,$0.09B,91.92%,$0.10B,$0.03B,30.30%,$0.10B,0,0.00%,$0.10B,0,0.00%,$0.10B,$0.03B,30.30%,$0.10B,$0.02B,20.20%,$0.02B,$0.22B,9.21%,$0.02B,$0.22B,9.33%,$0.02B,$2.36B,0.86%,$0.03B,$0.56B,5.85%,$25,$2,$23,$0,$15,$17,$7,$0,$7,$2,$5,$5,$5,$0,$0,$17,17,$0.29,$0.30,$36,$0,$0,$1735,$25,$508,$1,$73,$622,$2357,$1788,$339,$11,$351,$2138,$0,$218,$-7,$218,$2357,$20,$7,$3,$10,$-3,$0,$0,$0,$-3,$28,$-4,$0,$0,$3,$40,$43,$-150,$-111,$105,$25,$130,$-9,$-9,$-8,$-27,$86,$2,$1,$-8
16,2014-09-30,14.34,$12.77,1.12,$5.77,2.48,$3.14,4.56,$1.00,14.34,$1.67B,$1.84B,0.91,$0.24B,$0.22B,1.1,$0.10B,$0.09B,91.84%,$0.10B,$0.03B,26.53%,$0.10B,0,0.00%,$0.10B,0,0.00%,$0.10B,$0.03B,26.53%,$0.10B,$0.02B,17.35%,$0.02B,$0.22B,7.86%,$0.02B,$0.22B,8.01%,$0.02B,$2.31B,0.74%,$0.03B,$0.46B,5.42%,$25,$2,$23,$0,$15,$17,$8,$0,$8,$3,$5,$5,$5,$0,$0,$17,17,$0.31,$0.31,$28,$0,$0,$1668,$25,$522,$4,$74,$640,$2309,$1843,$239,$8,$247,$2090,$0,$215,$-7,$219,$2309,$15,$6,$2,$7,$-3,$0,$0,$-4,$-7,$15,$-3,$0,$0,$62,$-33,$29,$-94,$-68,$115,$-92,$23,$-5,$-5,$-6,$35,$47,$-6,$1,$-6
17,2014-06-30,14.81,$12.59,1.18,$5.67,2.61,$3.85,3.85,$0.98,15.11,$1.68B,$1.77B,0.95,$0.34B,$0.22B,1.57,$0.10B,$0.09B,91.75%,$0.10B,$0.03B,26.80%,$0.10B,0,0.00%,$0.10B,0,0.00%,$0.10B,$0.03B,26.80%,$0.10B,$0.02B,17.53%,$0.02B,$0.22B,7.91%,$0.02B,$0.21B,8.07%,$0.02B,$2.33B,0.74%,$0.03B,$0.56B,5.48%,$25,$2,$23,$0,$15,$17,$8,$0,$8,$3,$5,$5,$5,$0,$0,$17,17,$0.31,$0.30,$44,$0,$0,$1682,$24,$531,$4,$72,$647,$2329,$1768,$339,$6,$345,$2113,$0,$212,$-7,$216,$2329,$10,$4,$0,$4,$-1,$0,$0,$-5,$-6,$8,$-2,$0,$0,$27,$-5,$21,$-92,$-73,$130,$-6,$124,$-5,$-5,$-4,$-41,$74,$10,$0,$-4
18,2014-03-31,15.7,$12.45,1.26,$5.64,2.78,$4.55,3.46,$0.97,16.19,$1.61B,$1.79B,0.9,$0.27B,$0.22B,1.23,$0.10B,$0.09B,90.72%,$0.10B,$0.03B,26.80%,$0.10B,0,0.00%,$0.10B,0,0.00%,$0.10B,$0.03B,26.80%,$0.10B,$0.02B,17.53%,$0.02B,$0.22B,7.91%,$0.02B,$0.21B,8.07%,$0.02B,$2.28B,0.75%,$0.03B,$0.48B,5.58%,$24,$2,$22,$0,$15,$16,$7,$0,$7,$3,$5,$5,$5,$0,$0,$17,17,$0.28,$0.28,$37,$0,$0,$1614,$24,$552,$4,$72,$667,$2282,$1786,$267,$11,$278,$2066,$0,$209,$-7,$216,$2282,$5,$2,$0,$2,$-0,$0,$0,$-1,$-1,$6,$-1,$0,$0,$9,$-8,$1,$-30,$-30,$40,$15,$55,$0,$0,$-2,$-26,$27,$3,$0,$-2
19,2013-12-31,15.1,$12.33,1.23,$5.61,2.69,$4.95,3.05,$0.95,15.9,$1.58B,$1.82B,0.87,$0.21B,$0.21B,0.98,$0.10B,$0.09B,90.63%,$0.10B,$0.03B,27.08%,$0.10B,0,0.00%,$0.10B,0,0.00%,$0.10B,$0.03B,27.08%,$0.10B,$0.02B,16.67%,$0.02B,$0.21B,7.41%,$0.02B,$0.21B,7.57%,$0.02B,$2.25B,0.70%,$0.03B,$0.42B,5.59%,$24,$2,$22,$0,$20,$21,$3,$0,$3,$1,$2,$2,$2,$0,$0,$17,17,$0.12,$0.11,$34,$0,$0,$1582,$24,$554,$4,$71,$668,$2250,$1815,$209,$11,$220,$2035,$0,$206,$-7,$214,$2250,$16,$8,$1,$10,$8,$0,$0,$2,$10,$35,$-4,$0,$0,$78,$-83,$-4,$-23,$-31,$-155,$113,$-42,$-8,$-8,$-8,$26,$-33,$-29,$1,$-8
20,2013-09-30,14.81,$12.30,1.2,$5.63,2.63,$4.72,3.14,$1.07,13.84,$1.58B,$1.84B,0.86,$0.23B,$0.21B,1.05,$0.10B,$0.09B,89.69%,$0.10B,$0.03B,29.90%,$0.10B,0,0.00%,$0.10B,0,0.00%,$0.10B,$0.03B,29.90%,$0.10B,$0.02B,18.56%,$0.02B,$0.21B,8.28%,$0.02B,$0.21B,8.46%,$0.02B,$2.29B,0.79%,$0.03B,$0.44B,6.04%,$24,$2,$22,$0,$14,$17,$8,$0,$8,$3,$5,$5,$5,$0,$0,$17,17,$0.29,$0.29,$44,$0,$0,$1575,$23,$598,$4,$86,$711,$2286,$1839,$225,$9,$234,$2073,$0,$206,$-7,$214,$2286,$14,$7,$2,$9,$5,$0,$0,$-2,$3,$27,$-3,$0,$0,$9,$-58,$-48,$-3,$-54,$-36,$9,$-27,$-8,$-8,$-6,$50,$9,$-18,$1,$-6
21,2013-06-30,13.53,$12.29,1.1,$5.71,2.37,$4.65,2.91,$1.06,12.76,$1.56B,$1.78B,0.88,$0.31B,$0.22B,1.41,$0.10B,$0.09B,88.89%,$0.10B,$0.03B,29.29%,$0.10B,0,0.00%,$0.10B,0,0.00%,$0.10B,$0.03B,29.29%,$0.10B,$0.02B,18.18%,$0.02B,$0.22B,8.22%,$0.02B,$0.21B,8.40%,$0.02B,$2.31B,0.78%,$0.03B,$0.52B,5.92%,$25,$3,$22,$0,$14,$17,$8,$0,$8,$3,$5,$5,$5,$0,$0,$17,17,$0.29,$0.29,$42,$0,$0,$1557,$23,$638,$4,$83,$748,$2306,$1775,$305,$10,$315,$2089,$0,$203,$-5,$216,$2306,$9,$5,$2,$7,$3,$0,$0,$1,$4,$20,$-2,$0,$0,$13,$-97,$-84,$15,$-71,$-36,$91,$55,$-4,$-4,$-4,$-16,$31,$-20,$0,$-4
22,2013-03-31,12.44,$12.43,1.0,$5.75,2.16,$4.89,2.54,$1.07,11.63,$1.58B,$1.81B,0.87,$0.26B,$0.22B,1.19,$0.10B,$0.09B,88.12%,$0.10B,$0.03B,28.71%,$0.10B,0,0.00%,$0.10B,0,0.00%,$0.10B,$0.03B,28.71%,$0.10B,$0.02B,17.82%,$0.02B,$0.22B,8.19%,$0.02B,$0.22B,8.38%,$0.02B,$2.30B,0.79%,$0.03B,$0.48B,5.98%,$23,$3,$21,$0,$14,$17,$7,$0,$7,$2,$4,$4,$4,$0,$0,$17,17,$0.26,$0.26,$71,$0,$0,$1583,$22,$615,$5,$79,$721,$2304,$1812,$260,$12,$273,$2084,$0,$200,$1,$220,$2304,$4,$2,$1,$3,$3,$0,$0,$2,$5,$13,$-1,$0,$0,$0,$-50,$-50,$21,$-30,$0,$11,$11,$-4,$-4,$-2,$21,$26,$9,$0,$-2
23,2012-12-31,11.76,$12.28,0.96,$5.89,2.0,$5.13,2.29,$1.12,10.5,$1.60B,$1.78B,0.9,$0.26B,$0.22B,1.18,$0.11B,$0.09B,86.67%,$0.11B,$0.03B,29.52%,$0.11B,0,0.00%,$0.11B,0,0.00%,$0.11B,$0.03B,29.52%,$0.11B,$0.02B,19.05%,$0.02B,$0.22B,9.10%,$0.02B,$0.22B,9.30%,$0.02B,$2.27B,0.88%,$0.03B,$0.48B,6.32%,$25,$3,$22,$0,$16,$19,$6,$0,$6,$2,$4,$4,$4,$0,$0,$18,18,$0.24,$0.23,$63,$0,$0,$1598,$22,$565,$5,$70,$671,$2269,$1780,$260,$9,$269,$2049,$0,$198,$0,$220,$2269,$20,$9,$3,$12,$6,$0,$0,$-8,$-1,$31,$-3,$0,$0,$0,$-20,$-20,$30,$7,$-41,$-5,$-46,$-11,$-11,$-9,$13,$-53,$-15,$1,$-9
24,2012-09-30,12.44,$12.19,1.02,$6.00,2.07,$4.38,2.84,$1.19,10.46,$1.61B,$1.81B,0.89,$0.26B,$0.22B,1.18,$0.11B,$0.09B,85.19%,$0.11B,$0.03B,30.56%,$0.11B,0,0.00%,$0.11B,0,0.00%,$0.11B,$0.03B,30.56%,$0.11B,$0.02B,19.44%,$0.02B,$0.22B,9.59%,$0.02B,$0.22B,9.80%,$0.02B,$2.30B,0.92%,$0.03B,$0.48B,6.60%,$26,$4,$23,$0,$15,$19,$8,$0,$8,$3,$5,$5,$5,$0,$0,$18,18,$0.28,$0.28,$55,$0,$0,$1614,$22,$586,$5,$78,$691,$2304,$1812,$260,$11,$271,$2085,$0,$196,$0,$220,$2304,$16,$7,$-8,$-2,$6,$0,$0,$6,$11,$26,$-2,$0,$0,$0,$-39,$-39,$10,$-30,$-41,$6,$-35,$-10,$-10,$-6,$34,$-18,$-22,$0,$-6
25,2012-06-30,12.07,$12.02,1.0,$5.99,2.02,$3.86,3.13,$1.19,10.14,$1.60B,$1.78B,0.9,$0.28B,$0.22B,1.29,$0.11B,$0.09B,84.40%,$0.11B,$0.03B,30.28%,$0.11B,0,0.00%,$0.11B,0,0.00%,$0.11B,$0.03B,30.28%,$0.11B,$0.02B,19.27%,$0.02B,$0.22B,9.63%,$0.02B,$0.21B,9.85%,$0.02B,$2.29B,0.92%,$0.03B,$0.50B,6.48%,$27,$4,$23,$0,$15,$18,$8,$0,$8,$3,$5,$5,$5,$0,$0,$18,18,$0.30,$0.30,$40,$0,$0,$1601,$22,$589,$5,$70,$686,$2288,$1776,$283,$10,$293,$2069,$0,$193,$-1,$219,$2288,$11,$4,$4,$8,$3,$0,$0,$2,$5,$24,$-1,$0,$0,$0,$-44,$-44,$9,$-37,$-41,$23,$-18,$-7,$-7,$-4,$4,$-25,$-38,$1,$-4
26,2012-03-31,11.87,$11.86,1.0,$6.05,1.96,$2.77,4.28,$1.17,10.15,$1.60B,$1.75B,0.92,$0.28B,$0.22B,1.27,$0.11B,$0.09B,84.55%,$0.11B,$0.03B,30.00%,$0.11B,0,0.00%,$0.11B,0,0.00%,$0.11B,$0.03B,30.00%,$0.11B,$0.02B,19.09%,$0.02B,$0.22B,9.70%,$0.02B,$0.22B,9.92%,$0.02B,$2.26B,0.92%,$0.03B,$0.50B,6.42%,$27,$4,$23,$0,$15,$18,$9,$0,$9,$3,$6,$6,$6,$0,$0,$18,18,$0.31,$0.31,$38,$0,$0,$1603,$22,$561,$5,$70,$658,$2261,$1749,$281,$11,$292,$2041,$0,$190,$-1,$220,$2261,$6,$2,$1,$3,$6,$0,$0,$2,$9,$17,$-1,$0,$0,$0,$-16,$-16,$6,$-10,$-21,$3,$-18,$-2,$-2,$-2,$-24,$-46,$-39,$0,$-2
27,2011-12-31,10.8,$11.61,0.93,$6.07,1.78,$2.04,5.3,$1.14,9.47,$1.66B,$1.77B,0.94,$0.30B,$0.22B,1.39,$0.11B,$0.09B,83.78%,$0.11B,$0.03B,28.83%,$0.11B,0,0.00%,$0.11B,0,0.00%,$0.11B,$0.03B,28.83%,$0.11B,$0.02B,18.02%,$0.02B,$0.22B,9.39%,$0.02B,$0.21B,9.62%,$0.02B,$2.30B,0.88%,$0.03B,$0.52B,6.13%,$28,$4,$23,$0,$15,$19,$8,$0,$8,$3,$5,$5,$5,$0,$0,$18,18,$0.30,$0.30,$78,$0,$0,$1656,$22,$548,$5,$70,$646,$2302,$1772,$301,$7,$308,$2085,$0,$187,$-2,$217,$2302,$21,$8,$4,$12,$-1,$0,$0,$-15,$-15,$18,$-2,$0,$0,$0,$-90,$-90,$89,$-3,$1,$-2,$-1,$-2,$-2,$-9,$44,$32,$46,$1,$-9
28,2011-09-30,9.56,$11.46,0.83,$6.16,1.55,$3.25,2.94,$1.16,8.24,$1.67B,$1.76B,0.95,$0.30B,$0.22B,1.39,$0.11B,$0.09B,83.04%,$0.11B,$0.03B,27.68%,$0.11B,0,0.00%,$0.11B,0,0.00%,$0.11B,$0.03B,27.68%,$0.11B,$0.02B,18.75%,$0.02B,$0.22B,10.05%,$0.02B,$0.21B,10.29%,$0.02B,$2.28B,0.93%,$0.03B,$0.52B,5.98%,$27,$4,$23,$0,$15,$19,$8,$0,$8,$3,$5,$5,$5,$0,$0,$18,18,$0.28,$0.28,$70,$0,$0,$1668,$22,$521,$5,$65,$614,$2282,$1760,$300,$6,$306,$2066,$0,$183,$-1,$216,$2282,$15,$6,$5,$11,$5,$0,$0,$-14,$-9,$17,$-2,$0,$0,$0,$-65,$-65,$67,$0,$1,$4,$5,$0,$0,$-7,$24,$22,$39,$1,$-7
29,2011-06-30,10.51,$11.32,0.93,$6.32,1.66,$4.04,2.6,$1.17,8.99,$1.66B,$1.71B,0.97,$0.31B,$0.21B,1.45,$0.12B,$0.09B,81.74%,$0.12B,$0.03B,26.96%,$0.12B,0,0.00%,$0.12B,0,0.00%,$0.12B,$0.03B,26.96%,$0.12B,$0.02B,18.26%,$0.02B,$0.21B,10.26%,$0.02B,$0.21B,10.51%,$0.02B,$2.24B,0.94%,$0.03B,$0.52B,5.99%,$28,$5,$24,$0,$16,$20,$8,$0,$8,$3,$5,$5,$5,$0,$0,$18,18,$0.28,$0.28,$29,$0,$0,$1658,$22,$488,$5,$66,$581,$2239,$1712,$309,$4,$314,$2026,$0,$181,$-0,$213,$2239,$10,$4,$3,$7,$3,$0,$0,$-15,$-12,$5,$-1,$0,$0,$0,$-30,$-30,$38,$7,$9,$5,$14,$0,$0,$-4,$-24,$-14,$-3,$1,$-4
30,2011-03-31,11.23,$10.93,1.03,$6.40,1.76,$4.74,2.37,$1.16,9.68,$1.68B,$1.72B,0.97,$0.33B,$0.21B,1.58,$0.12B,$0.09B,80.17%,$0.12B,$0.03B,26.72%,$0.12B,0,0.00%,$0.12B,0,0.00%,$0.12B,$0.03B,26.72%,$0.12B,$0.02B,18.10%,$0.02B,$0.21B,10.49%,$0.02B,$0.20B,10.77%,$0.02B,$2.26B,0.94%,$0.03B,$0.53B,5.77%,$28,$5,$23,$0,$15,$20,$8,$0,$8,$3,$5,$5,$5,$0,$0,$18,18,$0.28,$0.28,$31,$0,$0,$1677,$22,$492,$5,$66,$586,$2263,$1721,$326,$10,$336,$2057,$0,$178,$-4,$206,$2263,$5,$2,$2,$4,$4,$0,$0,$-9,$-5,$4,$-0,$0,$0,$0,$-40,$-40,$22,$-18,$-6,$39,$33,$0,$0,$-2,$-17,$14,$-0,$0,$-2
31,2010-12-31,10.27,$10.69,0.96,$6.42,1.6,$4.95,2.07,$1.12,9.17,$1.71B,$1.73B,0.99,$0.30B,$0.20B,1.49,$0.12B,$0.09B,79.31%,$0.12B,$0.03B,25.86%,$0.12B,0,0.00%,$0.12B,0,0.00%,$0.12B,$0.03B,25.86%,$0.12B,$0.02B,17.24%,$0.02B,$0.20B,10.23%,$0.02B,$0.20B,10.53%,$0.02B,$2.25B,0.90%,$0.03B,$0.50B,5.08%,$29,$6,$23,$0,$16,$22,$7,$0,$7,$2,$6,$6,$6,$0,$0,$18,18,$0.32,$0.32,$31,$0,$0,$1705,$22,$450,$6,$68,$546,$2251,$1732,$299,$19,$318,$2050,$0,$175,$-6,$201,$2251,$20,$7,$0,$8,$1,$0,$0,$11,$12,$40,$-3,$0,$0,$0,$-214,$-214,$-41,$-257,$69,$-134,$-65,$-0,$-0,$-9,$299,$225,$8,$1,$-9
32,2010-09-30,9.7,$10.60,0.92,$6.93,1.4,$4.00,2.42,$0.92,10.54,$1.71B,$1.69B,1.01,$0.32B,$0.20B,1.58,$0.11B,$0.09B,78.95%,$0.11B,$0.03B,26.32%,$0.11B,0,0.00%,$0.11B,0,0.00%,$0.11B,$0.03B,24.56%,$0.11B,$0.02B,14.04%,$0.02B,$0.20B,8.37%,$0.02B,$0.19B,8.64%,$0.02B,$2.23B,0.74%,$0.03B,$0.52B,4.98%,$30,$6,$24,$0,$15,$22,$8,$0,$8,$3,$5,$5,$5,$0,$0,$18,18,$0.29,$0.29,$30,$0,$0,$1707,$22,$430,$6,$61,$519,$2225,$1694,$315,$13,$328,$2026,$0,$171,$-3,$199,$2225,$15,$5,$4,$9,$2,$0,$0,$5,$7,$31,$-1,$0,$0,$0,$-185,$-185,$-43,$-230,$54,$-101,$-47,$-0,$-0,$-7,$260,$206,$7,$1,$-7
33,2010-06-30,9.45,$10.35,0.91,$7.69,1.23,$4.11,2.3,$0.97,9.74,$1.71B,$1.61B,1.06,$0.41B,$0.20B,2.08,$0.11B,$0.09B,77.68%,$0.11B,$0.03B,25.89%,$0.11B,0,0.00%,$0.11B,0,0.00%,$0.11B,$0.03B,24.11%,$0.11B,$0.02B,13.39%,$0.02B,$0.20B,8.20%,$0.02B,$0.19B,8.50%,$0.02B,$2.22B,0.72%,$0.03B,$0.60B,4.98%,$29,$6,$23,$0,$15,$22,$8,$0,$8,$3,$5,$5,$5,$0,$0,$18,18,$0.27,$0.27,$31,$0,$0,$1708,$22,$420,$6,$64,$511,$2220,$1612,$406,$7,$412,$2025,$0,$168,$-5,$195,$2220,$9,$3,$4,$7,$3,$0,$0,$-3,$-0,$16,$0,$0,$0,$0,$-181,$-181,$-44,$-225,$74,$-29,$45,$-0,$-0,$-4,$176,$217,$8,$1,$-4
34,2010-03-31,8.81,$9.94,0.89,$8.49,1.04,$3.75,2.35,$0.96,9.18,$1.67B,$1.45B,1.15,$0.56B,$0.19B,2.97,$0.11B,$0.08B,75.68%,$0.11B,$0.03B,24.32%,$0.11B,0,0.00%,$0.11B,0,0.00%,$0.11B,$0.03B,22.52%,$0.11B,$0.01B,11.71%,$0.01B,$0.19B,7.44%,$0.01B,$0.18B,7.74%,$0.01B,$2.20B,0.65%,$0.03B,$0.74B,4.95%,$28,$6,$22,$0,$15,$21,$7,$0,$7,$3,$4,$4,$4,$0,$0,$18,18,$0.24,$0.24,$21,$0,$0,$1670,$22,$434,$6,$67,$530,$2199,$1449,$557,$6,$563,$2012,$0,$165,$-9,$187,$2199,$4,$2,$2,$3,$4,$0,$0,$-4,$-0,$8,$-0,$0,$0,$0,$-202,$-202,$-14,$-216,$-10,$201,$191,$-0,$-0,$-2,$17,$206,$-2,$0,$-2
35,2009-12-31,8.65,$9.75,0.89,$9.29,0.93,$4.49,1.93,$1.02,8.49,$1.66B,$1.43B,1.17,$0.37B,$0.18B,2.01,$0.11B,$0.08B,72.97%,$0.11B,$0.03B,23.42%,$0.11B,0,0.00%,$0.11B,0,0.00%,$0.11B,$0.02B,21.62%,$0.11B,$0.01B,10.81%,$0.01B,$0.18B,7.16%,$0.01B,$0.18B,7.48%,$0.01B,$2.03B,0.62%,$0.03B,$0.55B,5.33%,$27,$6,$21,$0,$14,$21,$7,$0,$5,$2,$4,$4,$2,$0,$0,$13,13,$0.08,$0.08,$23,$0,$0,$1664,$22,$270,$7,$67,$366,$2030,$1429,$368,$9,$377,$1846,$0,$163,$-11,$184,$2030,$16,$6,$4,$10,$-3,$0,$0,$-6,$-9,$17,$-3,$0,$0,$0,$-129,$-129,$11,$-121,$-30,$5,$-25,$54,$54,$-11,$90,$108,$5,$1,$-9
36,2009-09-30,8.71,$13.37,0.65,$9.54,0.91,$5.04,1.73,$1.20,7.26,$1.66B,$1.43B,1.16,$0.27B,$0.13B,2.06,$0.11B,$0.08B,69.64%,$0.11B,$0.02B,21.43%,$0.11B,0,0.00%,$0.11B,0,0.00%,$0.11B,$0.02B,21.43%,$0.11B,$0.01B,12.50%,$0.01B,$0.17B,9.24%,$0.01B,$0.16B,9.69%,$0.01B,$1.87B,0.74%,$0.02B,$0.43B,5.01%,$28,$7,$21,$0,$14,$21,$7,$0,$7,$3,$5,$5,$4,$0,$0,$12,12,$0.34,$0.34,$22,$0,$0,$1656,$21,$132,$7,$57,$217,$1873,$1431,$266,$10,$276,$1707,$0,$163,$-11,$166,$1873,$12,$5,$1,$6,$0,$0,$0,$2,$2,$20,$0,$0,$-0,$0,$-33,$-33,$21,$-12,$-70,$-49,$-119,$0,$38,$-8,$84,$-5,$3,$1,$-7
37,2009-06-30,8.85,$13.09,0.68,$9.58,0.92,$4.63,1.91,$1.18,7.5,$1.69B,$1.44B,1.17,$0.29B,$0.13B,2.36,$0.11B,$0.08B,66.37%,$0.11B,$0.02B,20.35%,$0.11B,0,0.00%,$0.11B,0,0.00%,$0.11B,$0.02B,20.35%,$0.11B,$0.01B,12.39%,$0.01B,$0.16B,9.93%,$0.01B,$0.16B,10.47%,$0.01B,$1.91B,0.74%,$0.02B,$0.46B,4.67%,$28,$8,$20,$0,$14,$23,$6,$0,$6,$2,$4,$4,$3,$0,$0,$12,12,$0.26,$0.26,$22,$0,$0,$1686,$21,$138,$7,$58,$224,$1910,$1442,$294,$12,$306,$1748,$0,$162,$-13,$162,$1910,$8,$3,$-0,$3,$-9,$0,$0,$5,$-4,$7,$-0,$0,$0,$0,$-41,$-41,$1,$-40,$-35,$-52,$-87,$0,$38,$-5,$92,$37,$4,$0,$-5
38,2009-03-31,7.43,$12.79,0.58,$9.58,0.78,$4.94,1.5,$1.22,6.09,$1.68B,$1.39B,1.21,$0.36B,$0.12B,2.94,$0.11B,$0.07B,63.72%,$0.11B,$0.02B,19.47%,$0.11B,0,0.00%,$0.11B,0,0.00%,$0.11B,$0.02B,19.47%,$0.11B,$0.02B,13.27%,$0.02B,$0.16B,11.41%,$0.02B,$0.15B,12.10%,$0.02B,$1.91B,0.80%,$0.02B,$0.51B,4.40%,$28,$9,$19,$0,$13,$21,$6,$0,$6,$2,$4,$4,$3,$0,$0,$12,12,$0.30,$0.30,$24,$0,$0,$1682,$21,$144,$7,$60,$231,$1914,$1387,$356,$13,$369,$1756,$0,$161,$-16,$158,$1914,$4,$2,$0,$2,$2,$0,$0,$6,$8,$14,$-0,$0,$0,$0,$-52,$-52,$-3,$-55,$-18,$-11,$-29,$0,$38,$-3,$40,$47,$5,$0,$-2
39,2008-12-31,11.9,$9.69,1.23,$9.90,1.2,$4.88,2.44,$1.26,9.45,$1.68B,$1.34B,1.26,$0.40B,$0.12B,3.3,$0.12B,$0.07B,61.21%,$0.12B,$0.02B,18.97%,$0.12B,0,0.00%,$0.12B,0,0.00%,$0.12B,$0.02B,18.97%,$0.12B,$0.02B,13.79%,$0.02B,$0.12B,13.03%,$0.02B,$0.11B,13.91%,$0.02B,$1.86B,0.85%,$0.02B,$0.52B,4.35%,$28,$10,$18,$0,$13,$23,$5,$0,$5,$1,$4,$4,$4,$0,$0,$12,12,$0.31,$0.30,$18,$0,$0,$1677,$21,$96,$7,$56,$181,$1858,$1337,$395,$7,$402,$1738,$0,$160,$-14,$120,$1858,$15,$5,$7,$12,$3,$0,$0,$-5,$-2,$25,$-5,$0,$0,$0,$20,$20,$23,$38,$-59,$7,$-52,$0,$0,$-9,$-10,$-71,$-9,$1,$-9
40,2008-09-30,12.81,$10.03,1.28,$10.28,1.25,$8.67,1.48,$1.22,10.5,$1.69B,$1.38B,1.22,$0.36B,$0.12B,2.9,$0.12B,$0.07B,58.33%,$0.12B,$0.02B,18.33%,$0.12B,0,0.00%,$0.12B,0,0.00%,$0.12B,$0.02B,18.33%,$0.12B,$0.02B,12.50%,$0.02B,$0.12B,12.12%,$0.02B,$0.12B,12.99%,$0.02B,$1.88B,0.79%,$0.02B,$0.48B,4.27%,$29,$11,$18,$0,$13,$23,$6,$0,$6,$2,$4,$4,$4,$0,$0,$12,12,$0.32,$0.32,$27,$0,$0,$1685,$21,$108,$8,$55,$191,$1876,$1383,$359,$10,$369,$1752,$0,$159,$-9,$124,$1876,$11,$4,$2,$5,$2,$0,$0,$-0,$2,$19,$-3,$0,$0,$0,$17,$17,$25,$39,$-34,$-50,$-84,$0,$0,$-7,$32,$-58,$-1,$1,$-7
41,2008-06-30,12.62,$10.06,1.25,$10.64,1.19,$13.47,0.94,$1.17,10.78,$1.68B,$1.37B,1.22,$0.37B,$0.12B,2.94,$0.12B,$0.07B,55.65%,$0.12B,$0.02B,16.94%,$0.12B,0,0.00%,$0.12B,0,0.00%,$0.12B,$0.02B,16.94%,$0.12B,$0.01B,11.29%,$0.01B,$0.12B,11.31%,$0.01B,$0.12B,12.17%,$0.01B,$1.87B,0.73%,$0.02B,$0.49B,3.98%,$28,$11,$17,$0,$12,$23,$5,$0,$5,$2,$4,$4,$4,$0,$0,$12,12,$0.30,$0.30,$29,$0,$0,$1675,$20,$118,$8,$53,$199,$1874,$1373,$366,$11,$377,$1750,$0,$158,$-7,$124,$1874,$8,$3,$1,$4,$0,$0,$0,$1,$1,$12,$-2,$0,$0,$0,$11,$11,$40,$48,$-25,$-46,$-72,$0,$0,$-5,$17,$-59,$1,$0,$-5
42,2008-03-31,12.1,$9.97,1.21,$10.71,1.13,$17.39,0.7,$0.89,13.59,$1.70B,$1.35B,1.26,$0.41B,$0.12B,3.34,$0.13B,$0.07B,52.00%,$0.13B,$0.02B,12.00%,$0.13B,0,0.00%,$0.13B,0,0.00%,$0.13B,$0.02B,12.00%,$0.13B,$0.01B,8.00%,$0.01B,$0.12B,8.08%,$0.01B,$0.12B,8.73%,$0.01B,$1.91B,0.52%,$0.02B,$0.54B,2.73%,$31,$13,$18,$0,$12,$25,$6,$0,$6,$2,$4,$4,$4,$0,$0,$12,12,$0.34,$0.34,$33,$0,$0,$1701,$19,$125,$8,$53,$205,$1905,$1354,$412,$17,$428,$1782,$0,$157,$-6,$123,$1905,$4,$1,$-0,$1,$2,$0,$0,$7,$9,$14,$-1,$0,$0,$0,$5,$5,$18,$22,$14,$-40,$-26,$0,$0,$-2,$-2,$-30,$5,$0,$-2
43,2007-12-31,10.8,$10.07,1.07,$10.13,1.07,$17.77,0.61,$0.08,135.02,$1.72B,$1.37B,1.26,$0.43B,$0.12B,3.44,$0.12B,$0.06B,46.61%,$0.12B,$0.00B,1.69%,$0.12B,0,0.00%,$0.12B,0,0.00%,$0.12B,$0.00B,1.69%,$0.12B,$0.00B,0.85%,$0.00B,$0.12B,0.80%,$0.00B,$0.12B,0.87%,$0.00B,$1.93B,0.05%,$0.00B,$0.55B,0.35%,$32,$15,$17,$0,$13,$27,$5,$0,$5,$1,$3,$3,$3,$0,$0,$12,12,$0.27,$0.27,$28,$0,$0,$1716,$18,$135,$9,$50,$211,$1927,$1366,$428,$10,$438,$1803,$0,$155,$-3,$124,$1927,$1,$7,$7,$14,$67,$0,$0,$-17,$50,$65,$-2,$0,$0,$0,$37,$37,$23,$59,$-65,$34,$-31,$0,$0,$-9,$-88,$-128,$-5,$2,$-9
44,2007-09-30,11.71,$10.01,1.17,$9.59,1.22,$10.70,1.09,$0.22,53.22,$1.72B,$1.39B,1.23,$0.41B,$0.12B,3.3,$0.11B,$0.05B,42.86%,$0.11B,$-0.01B,-4.46%,$0.11B,0,0.00%,$0.11B,0,0.00%,$0.11B,$-0.01B,-4.46%,$0.11B,$-0.00B,-2.68%,$-0.00B,$0.12B,-2.38%,$-0.00B,$0.11B,-2.59%,$-0.00B,$1.94B,-0.15%,$-0.01B,$0.53B,-0.87%,$33,$15,$17,$0,$13,$28,$5,$0,$5,$2,$3,$3,$3,$0,$0,$12,12,$0.27,$0.27,$29,$0,$0,$1720,$17,$138,$9,$52,$217,$1937,$1394,$407,$12,$420,$1813,$0,$154,$-3,$124,$1937,$-2,$6,$4,$10,$79,$0,$0,$-15,$64,$72,$-1,$0,$0,$0,$34,$34,$11,$44,$-55,$4,$-51,$-0,$-0,$-7,$-61,$-119,$-3,$1,$-7
45,2007-06-30,11.72,$10.04,1.17,$9.93,1.18,$4.16,2.82,$0.37,31.68,$1.75B,$1.39B,1.26,$0.45B,$0.12B,3.66,$0.12B,$0.05B,44.83%,$0.12B,$-0.00B,-2.59%,$0.12B,0,0.00%,$0.12B,0,0.00%,$0.12B,$-0.00B,-2.59%,$0.12B,$-0.00B,-0.86%,$-0.00B,$0.12B,-0.77%,$-0.00B,$0.11B,-0.84%,$-0.00B,$1.98B,-0.05%,$-0.00B,$0.58B,-0.51%,$29,$16,$13,$0,$14,$30,$-1,$0,$-1,$-1,$0,$0,$0,$0,$0,$12,12,$0.02,$0.02,$28,$0,$0,$1750,$18,$152,$10,$48,$228,$1978,$1390,$453,$11,$464,$1854,$0,$154,$-1,$124,$1978,$-5,$4,$5,$9,$69,$0,$0,$-17,$52,$55,$-0,$0,$0,$0,$23,$23,$-8,$15,$-9,$3,$-6,$-0,$-0,$-5,$-64,$-75,$-4,$1,$-5
46,2007-03-31,11.42,$10.17,1.12,$10.42,1.1,$-1.95,0.0,$0.76,15.03,$1.81B,$1.43B,1.26,$0.47B,$0.13B,3.75,$0.12B,$0.06B,49.18%,$0.12B,$0.01B,4.10%,$0.12B,0,0.00%,$0.12B,0,0.00%,$0.12B,$0.01B,4.10%,$0.12B,$0.00B,3.28%,$0.00B,$0.13B,3.03%,$0.00B,$0.12B,3.30%,$0.00B,$2.05B,0.19%,$0.01B,$0.60B,0.84%,$24,$16,$8,$0,$14,$31,$-7,$0,$-7,$-2,$-5,$-5,$-5,$0,$0,$11,11,$-0.47,$-0.47,$35,$0,$0,$1810,$18,$162,$10,$48,$239,$2048,$1434,$470,$20,$489,$1923,$0,$156,$-1,$125,$2048,$-5,$3,$3,$6,$30,$0,$0,$-13,$16,$17,$-0,$0,$0,$0,$14,$14,$-16,$-2,$8,$1,$9,$-0,$-0,$-2,$-18,$-12,$3,$0,$-2
47,2006-12-31,14.96,$10.79,1.39,$10.99,1.36,$-2.90,0.0,$1.59,9.41,$1.83B,$1.46B,1.25,$0.46B,$0.13B,3.44,$0.13B,$0.07B,55.38%,$0.13B,$0.02B,14.62%,$0.13B,0,0.00%,$0.13B,0,0.00%,$0.13B,$0.02B,14.62%,$0.13B,$0.01B,10.00%,$0.01B,$0.13B,9.65%,$0.01B,$0.12B,10.51%,$0.01B,$2.08B,0.63%,$0.02B,$0.59B,3.28%,$26,$16,$10,$0,$12,$28,$-2,$0,$-2,$-1,$-1,$-1,$-1,$0,$0,$12,12,$-0.13,$-0.12,$32,$0,$0,$1825,$18,$176,$11,$47,$252,$2077,$1457,$456,$32,$487,$1945,$0,$164,$-0,$132,$2077,$13,$6,$9,$15,$-54,$0,$0,$11,$-43,$-15,$-4,$0,$0,$0,$16,$16,$-48,$-36,$83,$-23,$60,$-16,$-16,$-9,$18,$52,$1,$2,$-9
