,Date,Stock Price,Book Value per Share,Price to Book Ratio,TTM Sales per Share,Price to Sales Ratio,TTM FCF per Share,Price to FCF Ratio,TTM Net EPS,PE Ratio,Current Assets,Current Liabilities,Current Ratio,Long Term Debt,Shareholder's Equity_x,Debt to Equity Ratio,TTM Revenue_x,TTM Gross Profit,Gross Margin,TTM Revenue_y,TTM Operating Income,Operating Margin,TTM Revenue_x,TTM EBIT,EBIT Margin,TTM Revenue_y,TTM EBITDA,EBITDA Margin,TTM Revenue_x,TTM Pre-Tax Income,Pre-Tax Margin,TTM Revenue_y,TTM Net Income_x,Net Margin,TTM Net Income_y,Shareholder's Equity_y,Return on Equity,TTM Net Income_x,Tangible Equity,Return on Tangible Equity,TTM Net Income_y,Total Assets,Return on Assets,TTM Net Income,LT Investments & Debt,Return on Investment,revenue,cost-goods-sold,gross-profit,research-development-expenses,selling-general-administrative-expenses,operating-expenses,operating-income,total-non-operating-income-expense,pre-tax-income,total-provision-income-taxes,income-after-taxes,income-from-continuous-operations,net-income,ebitda,ebit,basic-shares-outstanding,shares-outstanding,eps-basic-net-earnings-per-share,eps-earnings-per-share-diluted,cash-on-hand,inventory,other-current-assets,total-current-assets,net-property-plant-equipment,long-term-investments,goodwill-intangible-assets-total,other-long-term-assets,total-long-term-assets,total-assets,total-current-liabilities,long-term-debt,other-non-current-liabilities,total-long-term-liabilities,total-liabilities,common-stock-net,retained-earnings-accumulated-deficit,comprehensive-income,total-share-holder-equity,total-liabilities-share-holders-equity,net-income-loss,total-depreciation-amortization-cash-flow,other-non-cash-items,total-non-cash-items,change-in-accounts-receivable,change-in-inventories,change-in-accounts-payable,change-in-assets-liabilities,total-change-in-assets-liabilities,cash-flow-from-operating-activities,net-change-in-property-plant-equipment,net-change-in-intangible-assets,net-acquisitions-divestitures,net-change-in-short-term-investments,net-change-in-long-term-investments,net-change-in-investments-total,investing-activities-other,cash-flow-from-investing-activities,net-long-term-debt,net-current-debt,debt-issuance-retirement-net-total,net-common-equity-issued-repurchased,net-total-equity-issued-repurchased,total-common-preferred-stock-dividends-paid,financial-activities-other,cash-flow-from-financial-activities,net-cash-flow,stock-based-compensation,common-stock-dividends-paid
0,2018-09-30,8.94,$3.52,2.54,$3.02,2.96,$1.01,8.88,$0.21,42.57,$0.58B,$0.11B,5.43,$0.00B,$0.61B,0.0,$0.52B,$0.19B,36.03%,$0.52B,$0.05B,9.06%,$0.52B,$0.05B,9.06%,$0.52B,$0.08B,15.22%,$0.52B,$0.06B,10.60%,$0.52B,$0.05B,8.86%,$0.05B,$0.61B,7.85%,$0.05B,$0.61B,7.85%,$0.05B,$0.73B,6.40%,$0.05B,$0.61B,8.00%,$132,$86,$46,$16,$16,$120,$11,$1,$13,$3,$10,$10,$10,$20,$11,$171,173,$0.06,$0.06,$342,$90,$0,$577,$132,$0,$0,$2,$150,$727,$106,$1,$10,$16,$122,$2,$-1145,$43,$605,$727,$10,$8,$4,$12,$-8,$17,$1,$-1,$3,$26,$-4,$0,$0,$74,$0,$74,$0,$70,$-2,$0,$-2,$-2,$-2,$0,$0,$-3,$92,$4,$0
1,2018-06-30,8.93,$3.47,2.57,$3.17,2.81,$1.03,8.7,$0.37,24.14,$0.57B,$0.11B,5.04,$0.00B,$0.59B,0.0,$0.54B,$0.20B,37.57%,$0.54B,$0.07B,12.34%,$0.54B,$0.07B,12.34%,$0.54B,$0.10B,17.68%,$0.54B,$0.08B,13.81%,$0.54B,$0.06B,11.42%,$0.06B,$0.59B,10.86%,$0.06B,$0.59B,10.86%,$0.06B,$0.72B,8.70%,$0.07B,$0.59B,11.71%,$121,$76,$45,$16,$17,$112,$9,$0,$9,$3,$6,$6,$6,$18,$9,$169,172,$0.04,$0.03,$323,$107,$0,$565,$137,$0,$0,$1,$155,$721,$112,$1,$10,$16,$129,$2,$-1156,$43,$592,$721,$62,$29,$28,$57,$24,$-7,$-17,$7,$6,$125,$-58,$0,$0,$-39,$0,$-39,$1,$-96,$-1,$0,$-1,$-1,$-1,$0,$0,$-2,$26,$15,$0
2,2018-03-31,9.56,$3.42,2.79,$3.38,2.83,$0.79,12.11,$0.66,14.48,$0.56B,$0.12B,4.74,$0.00B,$0.58B,0.0,$0.57B,$0.22B,38.53%,$0.57B,$0.09B,15.41%,$0.57B,$0.09B,15.41%,$0.57B,$0.11B,19.96%,$0.57B,$0.10B,16.81%,$0.57B,$0.11B,19.61%,$0.11B,$0.58B,20.31%,$0.11B,$0.58B,20.33%,$0.11B,$0.72B,16.03%,$0.09B,$0.58B,15.93%,$127,$84,$44,$16,$16,$119,$8,$3,$11,$0,$11,$11,$11,$15,$8,$170,171,$0.06,$0.06,$304,$104,$0,$559,$138,$0,$0,$2,$159,$718,$118,$1,$11,$18,$136,$2,$-1162,$42,$582,$718,$56,$20,$21,$42,$13,$-4,$-13,$3,$-2,$95,$-47,$0,$0,$-197,$0,$-197,$112,$-133,$-1,$0,$-1,$-0,$-0,$0,$0,$-1,$-39,$11,$0
3,2017-12-31,6.74,$3.34,2.02,$3.59,1.88,$0.64,10.58,$0.82,8.22,$0.55B,$0.12B,4.48,$0.00B,$0.57B,0.0,$0.61B,$0.24B,40.10%,$0.61B,$0.12B,19.47%,$0.61B,$0.12B,19.47%,$0.61B,$0.14B,23.43%,$0.61B,$0.12B,20.46%,$0.61B,$0.14B,22.94%,$0.14B,$0.57B,26.78%,$0.14B,$0.57B,26.82%,$0.14B,$0.71B,20.70%,$0.12B,$0.57B,22.68%,$139,$88,$52,$15,$17,$120,$19,$3,$22,$3,$19,$19,$19,$26,$19,$169,171,$0.11,$0.11,$290,$104,$0,$551,$136,$0,$0,$1,$156,$708,$123,$1,$11,$18,$142,$2,$-1173,$42,$566,$708,$45,$13,$14,$27,$2,$-1,$-9,$8,$-1,$71,$-36,$0,$0,$-95,$0,$-95,$1,$-131,$-1,$0,$-1,$-2,$-2,$0,$0,$-2,$-62,$7,$0
4,2017-09-30,8.63,$3.22,2.68,$3.68,2.34,$0.49,17.58,$0.89,9.7,$0.55B,$0.14B,3.9,$0.00B,$0.54B,0.0,$0.62B,$0.25B,40.58%,$0.62B,$0.13B,21.26%,$0.62B,$0.13B,21.26%,$0.62B,$0.15B,24.80%,$0.62B,$0.13B,21.26%,$0.62B,$0.15B,24.15%,$0.15B,$0.54B,31.28%,$0.15B,$0.54B,31.35%,$0.15B,$0.70B,23.72%,$0.13B,$0.55B,27.44%,$156,$93,$63,$16,$15,$124,$31,$1,$33,$6,$26,$26,$26,$37,$31,$168,171,$0.16,$0.16,$280,$104,$0,$554,$127,$0,$1,$3,$150,$704,$142,$1,$11,$18,$160,$2,$-1192,$42,$544,$704,$26,$6,$9,$15,$2,$-2,$12,$-6,$6,$47,$-22,$0,$0,$-49,$0,$-49,$0,$-71,$-0,$0,$-0,$-1,$-1,$0,$0,$-2,$-27,$3,$0
5,2017-06-30,9.34,$3.06,3.05,$3.77,2.48,$0.32,28.86,$0.75,12.45,$0.52B,$0.13B,3.92,$0.00B,$0.51B,0.0,$0.60B,$0.24B,39.17%,$0.60B,$0.12B,19.83%,$0.60B,$0.12B,19.83%,$0.60B,$0.14B,23.33%,$0.60B,$0.10B,17.17%,$0.60B,$0.13B,21.17%,$0.13B,$0.51B,29.00%,$0.13B,$0.51B,29.06%,$0.13B,$0.67B,21.71%,$0.12B,$0.52B,27.06%,$149,$88,$61,$16,$16,$119,$30,$0,$30,$-26,$56,$56,$56,$36,$30,$158,165,$0.37,$0.35,$258,$101,$0,$522,$114,$0,$1,$3,$143,$665,$133,$1,$11,$18,$151,$2,$-1218,$41,$514,$665,$128,$21,$-6,$15,$-29,$-27,$18,$-18,$-47,$96,$-70,$0,$0,$-37,$0,$-37,$-0,$-107,$-2,$0,$-2,$136,$136,$0,$0,$133,$123,$11,$0
6,2017-03-31,9.82,$2.70,3.63,$3.97,2.47,$-0.02,0.0,$0.51,19.25,$0.51B,$0.14B,3.64,$0.00B,$0.45B,0.0,$0.58B,$0.21B,37.15%,$0.58B,$0.10B,17.71%,$0.58B,$0.10B,17.71%,$0.58B,$0.12B,21.01%,$0.58B,$0.08B,14.41%,$0.58B,$0.08B,14.41%,$0.08B,$0.45B,23.63%,$0.08B,$0.45B,23.71%,$0.08B,$0.61B,16.32%,$0.10B,$0.45B,27.66%,$162,$95,$67,$14,$15,$124,$38,$1,$39,$1,$38,$38,$38,$43,$38,$167,170,$0.23,$0.22,$255,$89,$0,$506,$100,$0,$1,$2,$104,$609,$139,$2,$11,$18,$157,$2,$-1274,$38,$452,$609,$72,$15,$16,$31,$-32,$-16,$22,$-17,$-31,$72,$-50,$0,$0,$-40,$0,$-40,$-0,$-90,$-2,$0,$-2,$136,$136,$0,$0,$134,$118,$8,$0
7,2016-12-31,8.95,$2.45,3.65,$3.91,2.29,$-0.23,0.0,$0.29,30.86,$0.47B,$0.13B,3.73,$0.00B,$0.41B,0.0,$0.52B,$0.17B,33.79%,$0.52B,$0.07B,12.82%,$0.52B,$0.07B,12.82%,$0.52B,$0.09B,16.50%,$0.52B,$0.05B,8.74%,$0.52B,$0.05B,8.74%,$0.05B,$0.41B,16.27%,$0.05B,$0.41B,16.36%,$0.05B,$0.55B,10.18%,$0.07B,$0.41B,21.32%,$154,$93,$61,$14,$13,$121,$33,$-3,$30,$0,$30,$30,$30,$38,$33,$166,169,$0.18,$0.18,$243,$82,$0,$466,$81,$0,$1,$2,$85,$551,$125,$2,$11,$18,$143,$2,$-1312,$37,$408,$551,$34,$10,$13,$23,$-17,$-12,$17,$-12,$-16,$41,$-31,$0,$0,$-20,$0,$-20,$0,$-51,$-1,$0,$-1,$135,$135,$0,$0,$134,$127,$5,$0
8,2016-09-30,8.55,$2.28,3.75,$3.83,2.23,$-0.28,0.0,$0.11,77.73,$0.43B,$0.12B,3.75,$0.00B,$0.38B,0.01,$0.46B,$0.14B,30.77%,$0.46B,$0.04B,7.91%,$0.46B,$0.04B,7.91%,$0.46B,$0.05B,11.65%,$0.46B,$0.02B,3.52%,$0.46B,$0.02B,3.30%,$0.02B,$0.38B,7.07%,$0.02B,$0.38B,7.13%,$0.02B,$0.52B,3.87%,$0.04B,$0.38B,13.83%,$135,$89,$46,$13,$15,$118,$18,$-14,$4,$0,$3,$3,$3,$23,$18,$132,136,$0.03,$0.02,$229,$80,$0,$434,$77,$0,$1,$2,$81,$515,$116,$2,$12,$20,$136,$2,$-1342,$40,$378,$515,$3,$5,$11,$16,$-3,$-4,$-8,$-6,$-16,$3,$-6,$0,$0,$0,$0,$0,$0,$-6,$-1,$0,$-1,$135,$135,$0,$0,$134,$133,$2,$0
9,2016-06-30,4.88,$1.48,3.29,$3.63,1.34,$-0.32,0.0,$0.06,81.33,$0.29B,$0.11B,2.64,$0.06B,$0.17B,0.39,$0.41B,$0.12B,28.68%,$0.41B,$0.02B,3.92%,$0.41B,$0.02B,3.92%,$0.41B,$0.03B,7.84%,$0.41B,$0.01B,2.21%,$0.41B,$0.01B,1.96%,$0.01B,$0.17B,5.16%,$0.01B,$0.17B,5.23%,$0.01B,$0.36B,2.36%,$0.02B,$0.23B,7.33%,$125,$85,$40,$13,$14,$112,$13,$-2,$10,$-2,$12,$12,$12,$17,$13,$111,113,$0.11,$0.11,$97,$76,$0,$290,$65,$0,$1,$2,$69,$359,$110,$64,$12,$83,$192,$1,$-1346,$40,$167,$359,$9,$17,$8,$25,$-23,$-11,$11,$-2,$-25,$8,$-30,$0,$0,$0,$0,$0,$2,$-27,$-3,$0,$-3,$-1,$-1,$0,$0,$-5,$-16,$8,$0
10,2016-03-31,5.4,$1.36,3.96,$3.29,1.64,$-0.73,0.0,$-0.13,0.0,$0.29B,$0.11B,2.6,$0.06B,$0.15B,0.42,$0.37B,$0.09B,25.48%,$0.37B,$-0.01B,-2.19%,$0.37B,$-0.01B,-2.19%,$0.37B,$0.01B,2.47%,$0.37B,$-0.02B,-4.11%,$0.37B,$-0.02B,-4.93%,$-0.02B,$0.15B,-11.88%,$-0.02B,$0.15B,-12.06%,$-0.02B,$0.34B,-5.44%,$-0.01B,$0.22B,-3.73%,$101,$74,$27,$11,$13,$99,$2,$-2,$1,$0,$0,$0,$0,$7,$2,$111,114,$0.00,$0.00,$107,$72,$0,$285,$54,$0,$2,$2,$58,$343,$110,$64,$9,$81,$190,$1,$-1357,$40,$153,$343,$-3,$12,$6,$19,$-13,$-8,$1,$1,$-12,$3,$-12,$0,$0,$0,$0,$0,$2,$-10,$-2,$0,$-2,$-1,$-1,$0,$0,$-4,$-6,$6,$0
11,2015-12-31,3.48,$1.36,2.55,$3.16,1.1,$-1.13,0.0,$-0.22,0.0,$0.29B,$0.10B,2.74,$0.06B,$0.15B,0.41,$0.35B,$0.08B,22.77%,$0.35B,$-0.02B,-6.63%,$0.35B,$-0.02B,-6.63%,$0.35B,$-0.01B,-2.02%,$0.35B,$-0.03B,-7.78%,$0.35B,$-0.03B,-8.07%,$-0.03B,$0.15B,-18.21%,$-0.03B,$0.15B,-18.51%,$-0.03B,$0.34B,-8.47%,$-0.02B,$0.21B,-10.64%,$94,$68,$27,$11,$13,$92,$3,$-1,$1,$1,$0,$0,$0,$6,$3,$110,112,$0.00,$0.00,$116,$71,$0,$285,$46,$0,$2,$2,$50,$335,$104,$62,$10,$80,$184,$1,$-1358,$39,$151,$335,$-3,$8,$5,$13,$-4,$-6,$2,$2,$-1,$8,$-7,$0,$0,$0,$0,$0,$2,$-5,$-1,$0,$-1,$-0,$-0,$0,$0,$-2,$2,$4,$0
12,2015-09-30,2.3,$1.35,1.7,$3.13,0.73,$-1.50,0.0,$-0.33,0.0,$0.27B,$0.09B,3.02,$0.06B,$0.15B,0.42,$0.34B,$0.07B,19.41%,$0.34B,$-0.03B,-8.82%,$0.34B,$-0.03B,-8.82%,$0.34B,$-0.01B,-3.53%,$0.34B,$-0.03B,-9.41%,$0.34B,$-0.04B,-11.76%,$-0.04B,$0.15B,-25.04%,$-0.04B,$0.15B,-25.48%,$-0.04B,$0.32B,-12.45%,$-0.03B,$0.21B,-14.48%,$88,$65,$23,$11,$13,$90,$-2,$-1,$-3,$1,$-4,$-4,$-4,$2,$-2,$109,109,$-0.03,$-0.03,$108,$67,$0,$274,$42,$0,$2,$3,$46,$320,$91,$62,$9,$80,$171,$1,$-1358,$40,$149,$320,$-4,$4,$2,$6,$-5,$-2,$-1,$2,$-6,$-3,$-4,$0,$0,$0,$0,$0,$1,$-3,$-1,$0,$-1,$0,$0,$0,$0,$-1,$-7,$2,$0
13,2015-06-30,2.26,$1.39,1.62,$3.16,0.71,$-1.54,0.0,$-0.49,0.0,$0.28B,$0.09B,3.02,$0.06B,$0.15B,0.41,$0.34B,$0.06B,16.72%,$0.34B,$-0.05B,-13.20%,$0.34B,$-0.05B,-13.20%,$0.34B,$-0.03B,-7.92%,$0.34B,$-0.05B,-14.08%,$0.34B,$-0.06B,-16.42%,$-0.06B,$0.15B,-33.04%,$-0.06B,$0.15B,-33.68%,$-0.06B,$0.33B,-17.05%,$-0.05B,$0.22B,-22.28%,$82,$66,$16,$9,$15,$93,$-11,$-3,$-14,$-0,$-14,$-14,$-14,$-6,$-11,$108,108,$-0.13,$-0.13,$115,$66,$0,$279,$42,$0,$3,$3,$47,$326,$92,$62,$9,$81,$173,$1,$-1354,$42,$153,$326,$-57,$18,$6,$24,$0,$-5,$-5,$8,$-13,$-46,$-18,$0,$17,$0,$0,$0,$2,$1,$57,$0,$57,$0,$0,$0,$0,$57,$13,$6,$0
14,2015-03-31,1.98,$1.47,1.34,$3.37,0.59,$-1.83,0.0,$-0.62,0.0,$0.30B,$0.10B,3.01,$0.06B,$0.16B,0.39,$0.36B,$0.05B,15.21%,$0.36B,$-0.06B,-16.06%,$0.36B,$-0.06B,-16.06%,$0.36B,$-0.04B,-10.99%,$0.36B,$-0.06B,-16.06%,$0.36B,$-0.07B,-18.59%,$-0.07B,$0.16B,-36.02%,$-0.07B,$0.16B,-36.97%,$-0.07B,$0.34B,-19.50%,$-0.06B,$0.23B,-28.32%,$83,$70,$13,$12,$12,$96,$-13,$3,$-11,$-1,$-10,$-10,$-10,$-9,$-13,$108,108,$-0.09,$-0.09,$124,$65,$0,$295,$41,$0,$3,$3,$47,$342,$98,$63,$10,$82,$180,$1,$-1340,$38,$162,$342,$-43,$14,$4,$18,$-8,$-5,$0,$6,$-14,$-39,$-14,$0,$15,$0,$0,$0,$1,$2,$59,$0,$59,$0,$0,$0,$0,$59,$21,$5,$0
15,2014-12-31,1.78,$1.61,1.11,$3.51,0.51,$-2.00,0.0,$-0.75,0.0,$0.25B,$0.10B,2.5,$0.00B,$0.18B,0.01,$0.37B,$0.05B,14.17%,$0.37B,$-0.07B,-17.98%,$0.37B,$-0.07B,-17.98%,$0.37B,$-0.05B,-12.81%,$0.37B,$-0.07B,-18.53%,$0.37B,$-0.08B,-21.53%,$-0.08B,$0.18B,-39.45%,$-0.08B,$0.17B,-40.72%,$-0.08B,$0.30B,-22.32%,$-0.07B,$0.18B,-32.39%,$87,$73,$14,$12,$14,$91,$-4,$-0,$-4,$-0,$-4,$-4,$-12,$1,$-4,$108,108,$-0.11,$-0.11,$79,$66,$0,$250,$42,$0,$3,$3,$48,$297,$100,$2,$11,$22,$122,$1,$-1330,$43,$175,$297,$-33,$9,$2,$12,$-7,$-4,$-1,$11,$-9,$-29,$-9,$0,$14,$0,$0,$0,$1,$5,$-2,$0,$-2,$0,$0,$0,$0,$-2,$-24,$3,$0
16,2014-09-30,1.43,$1.73,0.83,$3.81,0.38,$-2.18,0.0,$-0.30,0.0,$0.30B,$0.14B,2.18,$0.00B,$0.19B,0.02,$0.38B,$0.06B,14.36%,$0.38B,$-0.09B,-22.72%,$0.38B,$-0.09B,-22.72%,$0.38B,$-0.07B,-17.49%,$0.38B,$-0.10B,-26.37%,$0.38B,$-0.04B,-9.40%,$-0.04B,$0.19B,-16.44%,$-0.04B,$0.18B,-17.06%,$-0.04B,$0.35B,-9.19%,$-0.09B,$0.19B,-38.93%,$89,$75,$14,$14,$15,$107,$-17,$-2,$-19,$1,$-20,$-20,$-20,$-13,$-17,$107,107,$-0.19,$-0.19,$94,$71,$17,$299,$44,$0,$3,$3,$50,$349,$137,$3,$12,$25,$162,$1,$-1318,$45,$188,$349,$-20,$5,$2,$7,$3,$-7,$-2,$-0,$8,$-6,$-5,$0,$0,$0,$0,$0,$0,$-4,$-1,$0,$-1,$0,$0,$0,$0,$-1,$-10,$1,$0
17,2014-06-30,2.2,$1.93,1.14,$4.04,0.54,$-2.29,0.0,$0.26,8.46,$0.30B,$0.13B,2.37,$0.01B,$0.21B,0.02,$0.39B,$0.05B,13.30%,$0.39B,$-0.10B,-26.09%,$0.39B,$-0.10B,-26.09%,$0.39B,$-0.07B,-18.67%,$0.39B,$-0.11B,-28.64%,$0.39B,$0.02B,4.35%,$0.02B,$0.21B,7.74%,$0.02B,$0.20B,8.09%,$0.02B,$0.37B,4.11%,$-0.10B,$0.21B,-44.06%,$96,$83,$13,$15,$14,$119,$-23,$-0,$-23,$-12,$-11,$-11,$-24,$-18,$-23,$99,99,$-0.31,$-0.31,$104,$71,$0,$303,$51,$0,$9,$3,$62,$366,$128,$5,$14,$30,$158,$1,$-1298,$46,$208,$366,$18,$29,$-123,$-94,$27,$16,$-27,$-5,$-5,$-81,$-7,$0,$178,$0,$0,$0,$-2,$169,$-7,$-65,$-72,$-0,$-0,$0,$0,$-72,$14,$6,$0
18,2014-03-31,3.1,$2.15,1.44,$4.57,0.68,$-2.27,0.0,$-0.03,0.0,$0.34B,$0.14B,2.38,$0.01B,$0.23B,0.02,$0.43B,$0.05B,12.06%,$0.43B,$-0.12B,-28.54%,$0.43B,$-0.12B,-28.54%,$0.43B,$-0.09B,-20.88%,$0.43B,$-0.14B,-32.02%,$0.43B,$-0.01B,-1.39%,$-0.01B,$0.23B,-2.91%,$-0.01B,$0.22B,-3.05%,$-0.01B,$0.40B,-1.38%,$-0.12B,$0.24B,-54.61%,$95,$84,$11,$15,$17,$118,$-22,$1,$-22,$1,$-23,$-23,$-23,$-17,$-22,$105,105,$-0.22,$-0.22,$122,$82,$0,$338,$53,$0,$9,$3,$65,$404,$142,$5,$16,$32,$174,$1,$-1273,$45,$230,$404,$42,$24,$-125,$-100,$32,$4,$-8,$-20,$-7,$-65,$-4,$0,$178,$0,$0,$0,$-2,$172,$-6,$-65,$-71,$-0,$-0,$0,$0,$-71,$33,$5,$0
19,2013-12-31,2.49,$2.34,1.06,$4.79,0.52,$-2.46,0.0,$-0.27,0.0,$0.37B,$0.17B,2.24,$0.01B,$0.25B,0.03,$0.44B,$0.05B,10.73%,$0.44B,$-0.13B,-28.77%,$0.44B,$-0.13B,-28.77%,$0.44B,$-0.09B,-20.09%,$0.44B,$-0.15B,-34.93%,$0.44B,$-0.02B,-5.25%,$-0.02B,$0.25B,-11.56%,$-0.02B,$0.24B,-12.81%,$-0.02B,$0.45B,-5.03%,$-0.13B,$0.26B,-55.94%,$103,$86,$17,$16,$19,$128,$-25,$-11,$-37,$1,$-38,$-38,$31,$-19,$-25,$93,93,$0.34,$0.34,$144,$90,$0,$369,$57,$0,$9,$13,$79,$448,$165,$6,$17,$34,$199,$1,$-1251,$45,$250,$448,$65,$19,$-129,$-110,$29,$-5,$8,$-25,$-2,$-47,$-4,$0,$175,$0,$0,$0,$0,$172,$-5,$-65,$-70,$-0,$-0,$0,$0,$-70,$57,$2,$0
20,2013-09-30,1.77,$2.06,0.86,$4.93,0.36,$-2.47,0.0,$-0.75,0.0,$0.35B,$0.19B,1.89,$0.03B,$0.19B,0.17,$0.45B,$0.04B,9.40%,$0.45B,$-0.11B,-23.94%,$0.45B,$-0.11B,-23.94%,$0.45B,$-0.07B,-14.54%,$0.45B,$-0.13B,-28.41%,$0.45B,$-0.06B,-14.32%,$-0.06B,$0.19B,-32.36%,$-0.06B,$0.18B,-38.04%,$-0.06B,$0.44B,-13.13%,$-0.11B,$0.22B,-46.17%,$97,$85,$11,$18,$21,$128,$-32,$2,$-30,$0,$-30,$-30,$33,$-19,$-32,$91,91,$0.37,$0.37,$95,$88,$0,$350,$66,$0,$10,$10,$86,$436,$185,$31,$17,$60,$245,$1,$-1282,$42,$191,$436,$33,$13,$-61,$-49,$-1,$0,$16,$-15,$-2,$-18,$-1,$0,$96,$0,$0,$0,$0,$94,$-1,$-65,$-66,$0,$0,$0,$0,$-66,$7,$1,$0
21,2013-06-30,1.18,$1.66,0.71,$5.06,0.23,$-2.55,0.0,$-1.24,0.0,$0.36B,$0.24B,1.54,$0.03B,$0.15B,0.21,$0.45B,$0.04B,7.85%,$0.45B,$-0.13B,-28.48%,$0.45B,$-0.13B,-28.48%,$0.45B,$-0.09B,-19.28%,$0.45B,$-0.12B,-27.80%,$0.45B,$-0.12B,-27.35%,$-0.12B,$0.15B,-57.34%,$-0.12B,$0.14B,-70.62%,$-0.12B,$0.45B,-23.39%,$-0.13B,$0.19B,-52.32%,$136,$123,$13,$24,$22,$180,$-44,$-5,$-49,$-1,$-47,$-47,$-47,$-35,$-44,$91,91,$-0.52,$-0.52,$88,$86,$0,$363,$72,$0,$10,$4,$87,$450,$237,$33,$16,$59,$296,$1,$-1315,$39,$154,$450,$-123,$41,$-12,$28,$34,$14,$-23,$-15,$7,$-87,$9,$0,$36,$0,$4,$4,$18,$67,$39,$-1,$38,$2,$2,$0,$-9,$31,$23,$7,$0
22,2013-03-31,1.26,$2.17,0.58,$5.62,0.22,$-2.15,0.0,$-0.80,0.0,$0.35B,$0.23B,1.55,$0.03B,$0.20B,0.17,$0.41B,$0.04B,10.39%,$0.41B,$-0.09B,-21.01%,$0.41B,$-0.09B,-21.01%,$0.41B,$-0.05B,-12.08%,$0.41B,$-0.08B,-19.08%,$0.41B,$-0.08B,-19.08%,$-0.08B,$0.20B,-36.53%,$-0.08B,$0.15B,-46.00%,$-0.08B,$0.49B,-16.09%,$-0.09B,$0.24B,-36.55%,$102,$96,$6,$19,$19,$127,$-25,$-12,$-37,$0,$-37,$-37,$-40,$-15,$-25,$90,90,$-0.44,$-0.44,$81,$134,$0,$349,$91,$0,$48,$7,$145,$494,$225,$34,$23,$69,$293,$1,$-1266,$39,$201,$494,$-75,$32,$-40,$-9,$28,$1,$-19,$-10,$-5,$-89,$13,$0,$36,$0,$0,$0,$4,$53,$17,$14,$31,$2,$2,$0,$-9,$24,$-2,$5,$0
23,2012-12-31,1.57,$2.67,0.59,$6.24,0.25,$-2.04,0.0,$-0.68,0.0,$0.39B,$0.25B,1.56,$0.04B,$0.25B,0.15,$0.40B,$0.05B,12.72%,$0.40B,$-0.08B,-19.45%,$0.40B,$-0.08B,-19.45%,$0.40B,$-0.05B,-11.47%,$0.40B,$-0.06B,-14.46%,$0.40B,$-0.06B,-13.97%,$-0.06B,$0.25B,-26.63%,$-0.06B,$0.20B,-32.84%,$-0.06B,$0.57B,-12.53%,$-0.08B,$0.28B,-34.90%,$112,$100,$12,$21,$20,$118,$-6,$-5,$-11,$1,$-12,$-12,$-10,$4,$-6,$90,90,$-0.11,$-0.11,$96,$151,$0,$392,$112,$0,$50,$15,$177,$569,$251,$37,$24,$72,$324,$1,$-1214,$35,$245,$569,$-35,$22,$-45,$-23,$21,$-11,$-3,$-6,$-6,$-65,$15,$0,$36,$0,$0,$0,$3,$54,$19,$15,$34,$1,$1,$0,$-9,$26,$16,$4,$0
24,2012-09-30,2.69,$2.77,0.97,$6.71,0.4,$-2.07,0.0,$-1.16,0.0,$0.39B,$0.27B,1.44,$0.02B,$0.25B,0.06,$0.38B,$0.05B,13.33%,$0.38B,$-0.11B,-28.27%,$0.38B,$-0.11B,-28.27%,$0.38B,$-0.08B,-21.07%,$0.38B,$-0.08B,-20.53%,$0.38B,$-0.08B,-20.53%,$-0.08B,$0.25B,-39.19%,$-0.08B,$0.20B,-47.53%,$-0.08B,$0.57B,-20.08%,$-0.11B,$0.27B,-52.87%,$96,$91,$4,$21,$22,$147,$-52,$24,$-27,$1,$-28,$-28,$-25,$-40,$-52,$80,80,$-0.31,$-0.31,$94,$155,$0,$385,$122,$0,$53,$13,$188,$573,$268,$16,$25,$54,$321,$1,$-1202,$31,$251,$573,$-25,$12,$-22,$-11,$21,$-7,$3,$4,$18,$-17,$-6,$0,$0,$0,$0,$0,$36,$30,$-2,$11,$9,$1,$1,$0,$-9,$1,$12,$2,$0
25,2012-06-30,3.04,$3.25,0.93,$7.65,0.4,$-2.39,0.0,$-1.25,0.0,$0.23B,$0.14B,1.68,$0.00B,$0.17B,0.0,$0.39B,$0.07B,18.18%,$0.39B,$-0.06B,-16.62%,$0.39B,$-0.06B,-16.62%,$0.39B,$-0.04B,-11.43%,$0.39B,$-0.06B,-15.32%,$0.39B,$-0.07B,-17.40%,$-0.07B,$0.17B,-35.54%,$-0.07B,$0.14B,-42.01%,$-0.07B,$0.33B,-20.30%,$-0.06B,$0.17B,-33.95%,$104,$83,$21,$17,$16,$108,$-4,$0,$-4,$0,$-4,$-4,$-4,$1,$-4,$51,51,$-0.08,$-0.08,$62,$78,$0,$228,$60,$0,$28,$13,$100,$328,$136,$0,$12,$25,$161,$1,$-1193,$30,$168,$328,$-67,$21,$-3,$18,$6,$15,$-5,$-1,$22,$-27,$3,$0,$0,$0,$3,$3,$-0,$6,$0,$26,$26,$0,$0,$0,$-3,$23,$-1,$7,$0
26,2012-03-31,3.94,$3.43,1.15,$7.85,0.5,$-2.87,0.0,$-1.92,0.0,$0.22B,$0.12B,1.77,$0.00B,$0.18B,0.0,$0.39B,$0.07B,18.97%,$0.39B,$-0.09B,-24.10%,$0.39B,$-0.09B,-24.10%,$0.39B,$-0.07B,-18.97%,$0.39B,$-0.09B,-23.59%,$0.39B,$-0.10B,-25.64%,$-0.10B,$0.18B,-49.08%,$-0.10B,$0.15B,-57.47%,$-0.10B,$0.32B,-29.26%,$-0.09B,$0.18B,-46.13%,$89,$75,$14,$15,$15,$105,$-16,$-1,$-16,$1,$-17,$-17,$-17,$-11,$-16,$51,51,$-0.34,$-0.34,$51,$73,$20,$218,$59,$0,$28,$13,$100,$318,$123,$0,$6,$18,$141,$1,$-1189,$36,$177,$318,$-63,$16,$7,$22,$21,$10,$-17,$1,$16,$-24,$-13,$0,$0,$0,$3,$3,$-0,$-10,$0,$26,$26,$0,$0,$0,$0,$26,$-12,$5,$0
27,2011-12-31,2.82,$3.69,0.76,$8.49,0.33,$-2.79,0.0,$-1.77,0.0,$0.21B,$0.11B,1.96,$0.00B,$0.19B,0.0,$0.42B,$0.09B,21.10%,$0.42B,$-0.09B,-20.38%,$0.42B,$-0.09B,-20.38%,$0.42B,$-0.07B,-15.59%,$0.42B,$-0.09B,-20.38%,$0.42B,$-0.09B,-22.30%,$-0.09B,$0.19B,-41.33%,$-0.09B,$0.16B,-49.01%,$-0.09B,$0.32B,-25.62%,$-0.09B,$0.19B,-37.78%,$86,$76,$11,$17,$14,$120,$-34,$3,$-30,$0,$-31,$-31,$-31,$-29,$-34,$50,50,$-0.61,$-0.61,$54,$83,$0,$209,$64,$0,$29,$12,$105,$315,$107,$0,$6,$18,$125,$1,$-1171,$34,$190,$315,$-45,$11,$5,$16,$20,$12,$-26,$0,$9,$-21,$-9,$0,$0,$0,$3,$3,$-0,$-6,$0,$20,$20,$0,$0,$0,$0,$20,$-9,$3,$0
28,2011-09-30,3.64,$4.33,0.84,$9.27,0.39,$-2.74,0.0,$-1.15,0.0,$0.25B,$0.12B,2.02,$0.00B,$0.22B,0.0,$0.45B,$0.11B,25.06%,$0.45B,$-0.05B,-10.86%,$0.45B,$-0.05B,-10.86%,$0.45B,$-0.03B,-6.65%,$0.45B,$-0.06B,-12.20%,$0.45B,$-0.06B,-13.75%,$-0.06B,$0.22B,-25.46%,$-0.06B,$0.19B,-30.62%,$-0.06B,$0.36B,-16.15%,$-0.05B,$0.22B,-20.12%,$106,$82,$24,$18,$18,$116,$-10,$1,$-9,$6,$-15,$-15,$-15,$-5,$-10,$49,49,$-0.29,$-0.29,$52,$101,$0,$246,$69,$0,$30,$14,$113,$359,$121,$0,$6,$19,$140,$1,$-1141,$36,$219,$359,$-15,$6,$-2,$3,$-0,$-0,$-14,$0,$-12,$-24,$-6,$0,$0,$0,$0,$0,$-0,$-6,$0,$20,$20,$0,$0,$0,$0,$20,$-12,$2,$0
29,2011-06-30,6.72,$4.54,1.48,$9.51,0.71,$-2.29,0.0,$-0.93,0.0,$0.27B,$0.13B,2.09,$0.00B,$0.23B,0.0,$0.47B,$0.12B,26.61%,$0.47B,$-0.03B,-7.30%,$0.47B,$-0.03B,-7.30%,$0.47B,$-0.02B,-3.43%,$0.47B,$-0.05B,-9.66%,$0.47B,$-0.05B,-10.09%,$-0.05B,$0.23B,-18.50%,$-0.05B,$0.20B,-22.68%,$-0.05B,$0.38B,-11.97%,$-0.03B,$0.23B,-13.39%,$109,$85,$25,$19,$17,$143,$-34,$-3,$-37,$0,$-37,$-37,$-37,$-29,$-34,$48,48,$-0.77,$-0.77,$63,$102,$0,$265,$69,$0,$31,$10,$110,$375,$127,$0,$6,$19,$146,$1,$-1126,$41,$229,$375,$-46,$17,$26,$44,$21,$-31,$11,$-0,$-2,$-5,$-41,$0,$0,$0,$0,$0,$-6,$-48,$0,$0,$0,$3,$3,$0,$0,$3,$-44,$6,$0
30,2011-03-31,11.5,$5.19,2.22,$9.92,1.16,$-1.73,0.0,$0.04,287.5,$0.28B,$0.11B,2.47,$0.00B,$0.26B,0.0,$0.47B,$0.13B,28.30%,$0.47B,$0.01B,1.91%,$0.47B,$0.01B,1.91%,$0.47B,$0.03B,5.32%,$0.47B,$0.00B,0.43%,$0.47B,$0.00B,0.21%,$0.00B,$0.26B,0.38%,$0.00B,$0.21B,0.47%,$0.00B,$0.40B,0.26%,$0.01B,$0.26B,3.46%,$116,$87,$28,$17,$16,$122,$-7,$-3,$-9,$1,$-10,$-10,$-10,$-2,$-7,$49,49,$-0.20,$-0.20,$76,$88,$0,$277,$65,$0,$51,$10,$126,$403,$112,$0,$16,$29,$141,$1,$-1089,$39,$262,$403,$-10,$12,$5,$17,$7,$-18,$10,$-1,$-6,$1,$-33,$0,$-10,$0,$0,$0,$4,$-40,$0,$0,$0,$3,$3,$0,$0,$3,$-32,$5,$0
31,2010-12-31,13.15,$5.28,2.49,$9.85,1.34,$-1.24,0.0,$0.23,57.17,$0.28B,$0.11B,2.63,$0.00B,$0.26B,0.0,$0.46B,$0.13B,29.23%,$0.46B,$0.02B,3.52%,$0.46B,$0.02B,3.52%,$0.46B,$0.03B,6.59%,$0.46B,$0.01B,2.64%,$0.46B,$0.01B,2.42%,$0.01B,$0.26B,4.65%,$0.01B,$0.21B,5.66%,$0.01B,$0.40B,3.08%,$0.02B,$0.26B,6.76%,$120,$85,$36,$16,$15,$119,$2,$-2,$0,$0,$-0,$-0,$-0,$6,$2,$48,48,$0.00,$0.00,$78,$83,$0,$283,$54,$0,$52,$10,$116,$399,$107,$0,$15,$28,$135,$0,$-1080,$34,$264,$399,$0,$8,$3,$11,$-6,$-14,$8,$-0,$-18,$-7,$-19,$0,$-10,$0,$0,$0,$4,$-25,$0,$0,$0,$1,$1,$0,$0,$1,$-30,$3,$0
32,2010-09-30,16.01,$5.23,3.06,$9.82,1.63,$-0.84,0.0,$0.18,88.94,$0.29B,$0.10B,2.85,$0.00B,$0.26B,0.0,$0.43B,$0.12B,28.44%,$0.43B,$0.01B,2.56%,$0.43B,$0.01B,2.56%,$0.43B,$0.02B,5.59%,$0.43B,$0.01B,2.33%,$0.43B,$0.01B,2.10%,$0.01B,$0.26B,4.23%,$0.01B,$0.21B,5.14%,$0.01B,$0.39B,2.76%,$0.01B,$0.26B,5.16%,$121,$87,$35,$14,$15,$116,$5,$-4,$1,$1,$0,$0,$0,$9,$5,$48,51,$0.01,$0.01,$94,$73,$0,$285,$45,$0,$53,$10,$108,$393,$100,$0,$19,$32,$132,$0,$-1079,$33,$261,$393,$0,$4,$1,$5,$-1,$-5,$6,$-0,$-6,$-1,$-7,$0,$-10,$0,$0,$0,$2,$-16,$0,$0,$0,$1,$1,$0,$0,$1,$-16,$1,$0
33,2010-06-30,11.09,$5.11,2.17,$9.67,1.15,$-0.93,0.0,$0.17,65.24,$0.28B,$0.09B,3.3,$0.00B,$0.25B,0.0,$0.39B,$0.11B,27.74%,$0.39B,$0.01B,1.27%,$0.39B,$0.01B,1.27%,$0.39B,$0.02B,4.07%,$0.39B,$0.01B,3.05%,$0.39B,$0.01B,3.31%,$0.01B,$0.25B,7.09%,$0.01B,$0.22B,8.23%,$0.01B,$0.36B,4.55%,$0.01B,$0.25B,2.73%,$113,$79,$34,$12,$14,$104,$9,$2,$10,$-0,$11,$11,$11,$12,$9,$40,42,$0.27,$0.25,$112,$63,$0,$283,$38,$0,$31,$10,$78,$361,$86,$0,$10,$23,$108,$0,$-1080,$27,$253,$361,$12,$11,$-4,$7,$-35,$3,$15,$-1,$-25,$-5,$-11,$-0,$0,$0,$2,$2,$3,$-7,$0,$-0,$-0,$77,$77,$0,$0,$77,$63,$4,$0
34,2010-03-31,13.7,$3.98,3.45,$9.92,1.38,$-1.08,0.0,$-0.50,0.0,$0.21B,$0.09B,2.41,$0.00B,$0.17B,0.0,$0.35B,$0.09B,26.51%,$0.35B,$-0.01B,-3.46%,$0.35B,$-0.01B,-3.46%,$0.35B,$-0.01B,-3.75%,$0.35B,$-0.01B,-2.88%,$0.35B,$-0.01B,-3.75%,$-0.01B,$0.17B,-8.39%,$-0.01B,$0.14B,-9.49%,$-0.01B,$0.28B,-5.12%,$-0.01B,$0.17B,-7.74%,$101,$73,$28,$11,$14,$101,$0,$1,$1,$0,$0,$0,$0,$3,$0,$41,44,$0.01,$0.01,$56,$60,$0,$206,$35,$0,$34,$2,$71,$277,$86,$0,$9,$23,$108,$0,$-1090,$30,$169,$277,$2,$8,$-4,$4,$-19,$6,$11,$2,$-7,$-2,$-5,$-0,$0,$0,$9,$9,$3,$7,$-0,$3,$2,$0,$0,$0,$0,$3,$7,$3,$0
35,2009-12-31,7.35,$3.99,1.84,$9.66,0.76,$-1.13,0.0,$-0.50,0.0,$0.20B,$0.08B,2.58,$0.00B,$0.17B,0.0,$0.29B,$0.07B,25.44%,$0.29B,$-0.02B,-7.32%,$0.29B,$-0.02B,-7.32%,$0.29B,$-0.02B,-6.27%,$0.29B,$-0.02B,-7.32%,$0.29B,$-0.03B,-9.06%,$-0.03B,$0.17B,-18.37%,$-0.03B,$0.14B,-19.73%,$-0.03B,$0.27B,-11.49%,$-0.02B,$0.17B,-14.84%,$94,$69,$25,$10,$15,$96,$-3,$1,$-2,$1,$-2,$-2,$-2,$-0,$-3,$38,38,$-0.07,$-0.07,$56,$61,$0,$202,$34,$0,$34,$2,$70,$272,$78,$0,$10,$25,$103,$2,$-1090,$32,$169,$272,$2,$5,$-5,$-0,$-10,$5,$7,$0,$-5,$-4,$-2,$0,$3,$0,$9,$9,$-0,$11,$-0,$0,$-0,$0,$0,$0,$0,$-0,$7,$2,$0
36,2009-09-30,5.5,$3.80,1.45,$9.36,0.59,$-0.86,0.0,$-0.75,0.0,$0.20B,$0.07B,2.77,$0.00B,$0.14B,0.0,$0.24B,$0.05B,22.88%,$0.24B,$-0.03B,-13.98%,$0.24B,$-0.03B,-13.98%,$0.24B,$-0.02B,-9.75%,$0.24B,$-0.03B,-10.59%,$0.24B,$-0.03B,-12.71%,$-0.03B,$0.14B,-22.86%,$-0.03B,$0.14B,-23.39%,$-0.03B,$0.23B,-14.76%,$-0.03B,$0.14B,-25.14%,$85,$63,$22,$9,$13,$86,$-1,$4,$3,$0,$3,$3,$4,$1,$-1,$37,38,$0.11,$0.11,$53,$63,$0,$198,$30,$0,$2,$2,$35,$233,$71,$0,$4,$19,$91,$2,$-1093,$32,$142,$233,$4,$3,$-6,$-4,$-10,$3,$1,$0,$-9,$-9,$-0,$0,$0,$0,$8,$8,$3,$11,$-0,$0,$-0,$0,$0,$0,$0,$-0,$3,$1,$0
37,2009-06-30,3.19,$3.77,0.84,$10.08,0.32,$-0.68,0.0,$-0.65,0.0,$0.20B,$0.07B,2.72,$0.00B,$0.14B,0.0,$0.21B,$0.05B,22.38%,$0.21B,$-0.04B,-16.67%,$0.21B,$-0.04B,-16.67%,$0.21B,$-0.02B,-11.43%,$0.21B,$-0.03B,-11.90%,$0.21B,$-0.03B,-15.24%,$-0.03B,$0.14B,-24.24%,$-0.03B,$0.14B,-25.45%,$-0.03B,$0.23B,-16.28%,$-0.04B,$0.14B,-26.52%,$67,$50,$17,$8,$11,$74,$-8,$-5,$-12,$1,$-14,$-14,$-15,$-17,$-8,$23,23,$-0.54,$-0.54,$58,$60,$10,$198,$30,$0,$2,$3,$35,$233,$73,$0,$5,$20,$93,$0,$-1092,$31,$140,$233,$-32,$12,$17,$29,$-1,$7,$-6,$1,$1,$-3,$-9,$0,$0,$0,$22,$22,$8,$21,$0,$-0,$-0,$0,$0,$0,$0,$-0,$12,$4,$0
38,2009-03-31,2.15,$5.72,0.38,$8.76,0.25,$-1.34,0.0,$-0.30,0.0,$0.13B,$0.04B,3.77,$0.00B,$0.12B,0.0,$0.17B,$0.03B,18.50%,$0.17B,$-0.03B,-17.92%,$0.17B,$-0.03B,-17.92%,$0.17B,$-0.01B,-4.62%,$0.17B,$-0.02B,-8.67%,$0.17B,$-0.02B,-10.98%,$-0.02B,$0.12B,-14.15%,$-0.02B,$0.11B,-15.26%,$-0.02B,$0.17B,-9.93%,$-0.03B,$0.12B,-23.09%,$41,$32,$9,$5,$8,$50,$-9,$-1,$-10,$0,$-10,$-10,$-13,$-2,$-9,$20,20,$-0.66,$-0.66,$38,$56,$0,$133,$31,$0,$2,$1,$34,$167,$35,$0,$3,$17,$52,$1,$-1077,$25,$115,$167,$-18,$21,$4,$25,$-1,$1,$-6,$1,$-3,$4,$-8,$0,$0,$0,$11,$11,$1,$3,$0,$0,$0,$0,$0,$0,$-0,$-0,$-1,$3,$0
39,2008-12-31,2.25,$6.33,0.36,$9.71,0.23,$-2.30,0.0,$-0.55,0.0,$0.14B,$0.04B,3.85,$0.00B,$0.13B,0.0,$0.19B,$0.04B,18.75%,$0.19B,$-0.03B,-15.10%,$0.19B,$-0.03B,-15.10%,$0.19B,$-0.01B,-4.69%,$0.19B,$-0.01B,-5.21%,$0.19B,$-0.01B,-5.73%,$-0.01B,$0.13B,-7.69%,$-0.01B,$0.12B,-8.49%,$-0.01B,$0.18B,-5.42%,$-0.03B,$0.13B,-20.28%,$43,$37,$6,$6,$8,$59,$-15,$10,$-6,$0,$-6,$-6,$-6,$-5,$-15,$20,20,$-0.30,$-0.30,$45,$58,$0,$141,$33,$0,$6,$0,$39,$180,$37,$0,$2,$16,$52,$1,$-1064,$25,$128,$180,$-4,$14,$3,$17,$2,$-1,$-5,$1,$-3,$10,$-7,$0,$0,$0,$8,$8,$1,$2,$-0,$0,$-0,$0,$0,$0,$0,$-0,$2,$2,$0
40,2008-09-30,5.65,$7.14,0.79,$10.79,0.52,$-3.14,0.0,$-0.55,0.0,$0.16B,$0.04B,3.84,$0.00B,$0.15B,0.0,$0.21B,$0.04B,20.67%,$0.21B,$-0.02B,-10.58%,$0.21B,$-0.02B,-10.58%,$0.21B,$-0.01B,-3.85%,$0.21B,$-0.01B,-4.33%,$0.21B,$-0.01B,-4.81%,$-0.01B,$0.15B,-6.72%,$-0.01B,$0.13B,-7.52%,$-0.01B,$0.21B,-4.70%,$-0.02B,$0.15B,-14.79%,$59,$45,$15,$7,$9,$62,$-3,$6,$3,$-0,$3,$3,$2,$0,$-3,$20,20,$0.10,$0.10,$43,$58,$0,$158,$33,$0,$15,$0,$48,$206,$41,$0,$2,$20,$61,$1,$-1057,$37,$145,$206,$2,$3,$2,$5,$-8,$0,$-0,$1,$-5,$2,$-3,$0,$0,$0,$4,$4,$1,$2,$-0,$0,$-0,$0,$0,$0,$0,$-0,$-3,$1,$0
41,2008-06-30,8.45,$7.40,1.14,$11.13,0.76,$-3.64,0.0,$-1.30,0.0,$0.16B,$0.04B,3.87,$0.00B,$0.15B,0.0,$0.20B,$0.04B,19.70%,$0.20B,$-0.03B,-14.78%,$0.20B,$-0.03B,-14.78%,$0.20B,$-0.01B,-6.90%,$0.20B,$-0.02B,-11.33%,$0.20B,$-0.02B,-11.33%,$-0.02B,$0.15B,-16.31%,$-0.02B,$0.13B,-18.47%,$-0.02B,$0.21B,-11.10%,$-0.03B,$0.15B,-21.28%,$30,$28,$2,$4,$6,$34,$-4,$3,$-2,$0,$-2,$-2,$-2,$-1,$-4,$19,19,$-0.06,$-0.06,$52,$54,$11,$164,$32,$0,$16,$0,$48,$212,$42,$0,$1,$21,$63,$1,$-1060,$44,$149,$212,$-23,$15,$6,$22,$-12,$-2,$-1,$4,$-14,$-16,$-6,$0,$0,$0,$-18,$-18,$5,$-19,$-6,$3,$-4,$41,$41,$0,$0,$37,$-4,$9,$0
42,2008-03-31,6.85,$7.43,0.92,$12.27,0.56,$-6.23,0.0,$-2.05,0.0,$0.16B,$0.04B,3.82,$0.00B,$0.15B,0.0,$0.22B,$0.05B,20.64%,$0.22B,$-0.04B,-18.35%,$0.22B,$-0.04B,-18.35%,$0.22B,$-0.02B,-10.09%,$0.22B,$-0.04B,-16.06%,$0.22B,$-0.04B,-16.06%,$-0.04B,$0.15B,-26.12%,$-0.04B,$0.13B,-30.04%,$-0.04B,$0.21B,-17.03%,$-0.04B,$0.15B,-29.85%,$60,$46,$13,$8,$12,$66,$-7,$1,$-5,$0,$-5,$-5,$-5,$-3,$-7,$20,20,$-0.25,$-0.25,$55,$59,$0,$163,$34,$0,$16,$0,$51,$214,$43,$0,$1,$21,$64,$1,$-1058,$46,$150,$214,$-22,$12,$3,$16,$-11,$-1,$-2,$5,$-13,$-19,$-5,$0,$0,$0,$-14,$-14,$5,$-14,$-0,$-2,$-2,$41,$41,$0,$0,$39,$3,$6,$0
43,2007-12-31,11.9,$7.56,1.57,$12.47,0.95,$-7.85,0.0,$-3.55,0.0,$0.17B,$0.05B,3.65,$0.00B,$0.15B,0.0,$0.20B,$0.04B,17.73%,$0.20B,$-0.06B,-28.57%,$0.20B,$-0.06B,-28.57%,$0.20B,$-0.04B,-19.21%,$0.20B,$-0.05B,-26.60%,$0.20B,$-0.05B,-26.60%,$-0.05B,$0.15B,-41.62%,$-0.05B,$0.14B,-48.76%,$-0.05B,$0.22B,-26.02%,$-0.06B,$0.15B,-44.70%,$59,$46,$13,$8,$12,$67,$-8,$3,$-5,$-0,$-5,$-5,$-5,$-4,$-8,$18,18,$-0.30,$-0.30,$65,$58,$0,$168,$34,$0,$16,$0,$51,$219,$46,$0,$2,$22,$68,$1,$-1052,$43,$151,$219,$-16,$9,$3,$12,$-7,$-5,$4,$5,$-4,$-9,$-4,$0,$0,$0,$0,$0,$4,$1,$-0,$-4,$-4,$41,$41,$0,$0,$37,$26,$4,$0
44,2007-09-30,13.35,$6.79,1.96,$13.34,1.0,$-8.81,0.0,$-4.80,0.0,$0.13B,$0.05B,2.76,$0.00B,$0.11B,0.0,$0.20B,$0.03B,15.50%,$0.20B,$-0.07B,-34.50%,$0.20B,$-0.07B,-34.50%,$0.20B,$-0.05B,-24.50%,$0.20B,$-0.07B,-35.00%,$0.20B,$-0.07B,-35.00%,$-0.07B,$0.11B,-56.22%,$-0.07B,$0.10B,-67.80%,$-0.07B,$0.18B,-33.69%,$-0.07B,$0.11B,-55.42%,$54,$42,$12,$9,$11,$65,$-11,$-0,$-11,$0,$-11,$-11,$-11,$-6,$-11,$17,17,$-0.65,$-0.65,$34,$53,$0,$132,$34,$0,$18,$0,$52,$184,$48,$0,$2,$22,$70,$1,$-1047,$44,$114,$184,$-11,$5,$1,$7,$-5,$-0,$1,$3,$-2,$-7,$-3,$0,$0,$0,$0,$0,$4,$2,$-0,$1,$0,$-0,$-0,$0,$0,$0,$-4,$2,$0
45,2007-06-30,11.25,$7.26,1.55,$14.73,0.76,$-9.47,0.0,$-6.05,0.0,$0.14B,$0.06B,2.26,$0.00B,$0.12B,0.0,$0.20B,$0.03B,13.86%,$0.20B,$-0.08B,-39.11%,$0.20B,$-0.08B,-39.11%,$0.20B,$-0.06B,-28.71%,$0.20B,$-0.08B,-40.59%,$0.20B,$-0.08B,-40.59%,$-0.08B,$0.12B,-61.89%,$-0.08B,$0.10B,-75.23%,$-0.08B,$0.21B,-37.06%,$-0.08B,$0.12B,-59.62%,$45,$38,$7,$9,$11,$59,$-14,$0,$-14,$0,$-14,$-14,$-14,$-9,$-14,$16,16,$-0.85,$-0.85,$43,$52,$0,$138,$34,$0,$20,$0,$67,$205,$61,$0,$2,$23,$84,$1,$-1037,$42,$121,$205,$-82,$22,$5,$27,$3,$4,$-6,$3,$-16,$-71,$8,$0,$0,$0,$0,$0,$-0,$8,$-0,$4,$4,$55,$55,$0,$0,$59,$-1,$7,$0
46,2007-03-31,11.35,$8.00,1.42,$17.89,0.63,$-8.44,0.0,$-7.55,0.0,$0.15B,$0.07B,2.32,$0.00B,$0.13B,0.0,$0.21B,$0.03B,12.26%,$0.21B,$-0.09B,-42.92%,$0.21B,$-0.09B,-42.92%,$0.21B,$-0.07B,-31.60%,$0.21B,$-0.10B,-44.81%,$0.21B,$-0.10B,-44.81%,$-0.10B,$0.13B,-69.85%,$-0.10B,$0.11B,-85.97%,$-0.10B,$0.22B,-41.44%,$-0.09B,$0.13B,-66.91%,$45,$41,$4,$11,$12,$70,$-25,$1,$-24,$0,$-24,$-24,$-24,$-20,$-25,$14,14,$-1.75,$-1.75,$62,$50,$2,$151,$36,$0,$22,$0,$71,$222,$65,$0,$3,$24,$89,$1,$-1023,$42,$133,$222,$-69,$17,$6,$23,$5,$6,$-4,$4,$-0,$-46,$7,$0,$0,$0,$0,$0,$-1,$6,$-0,$0,$-0,$55,$55,$0,$0,$55,$18,$5,$0
47,2006-12-31,20.35,$9.33,2.18,$19.69,1.03,$-5.49,0.0,$-10.30,0.0,$0.15B,$0.07B,2.2,$0.00B,$0.13B,0.0,$0.22B,$0.03B,12.73%,$0.22B,$-0.10B,-43.64%,$0.22B,$-0.10B,-43.64%,$0.22B,$-0.07B,-31.82%,$0.22B,$-0.12B,-54.09%,$0.22B,$-0.12B,-54.09%,$-0.12B,$0.13B,-84.85%,$-0.12B,$0.11B,-105.78%,$-0.12B,$0.22B,-50.69%,$-0.10B,$0.13B,-68.45%,$56,$48,$8,$12,$12,$76,$-19,$-2,$-21,$0,$-21,$-21,$-21,$-14,$-19,$14,14,$-1.55,$-1.55,$52,$50,$6,$145,$37,$0,$25,$0,$75,$220,$66,$0,$3,$24,$90,$1,$-999,$42,$130,$220,$-44,$12,$5,$17,$2,$6,$-6,$3,$-3,$-31,$8,$0,$0,$0,$0,$0,$-1,$8,$-0,$0,$-0,$29,$29,$0,$0,$29,$8,$4,$0
