,Date,Stock Price,Book Value per Share,Price to Book Ratio,TTM Sales per Share,Price to Sales Ratio,TTM FCF per Share,Price to FCF Ratio,TTM Net EPS,PE Ratio,Current Assets,Current Liabilities,Current Ratio,Long Term Debt,Shareholder's Equity_x,Debt to Equity Ratio,TTM Revenue_x,TTM Gross Profit,Gross Margin,TTM Revenue_y,TTM Operating Income,Operating Margin,TTM Revenue_x,TTM EBIT,EBIT Margin,TTM Revenue_y,TTM EBITDA,EBITDA Margin,TTM Revenue_x,TTM Pre-Tax Income,Pre-Tax Margin,TTM Revenue_y,TTM Net Income_x,Net Margin,TTM Net Income_y,Shareholder's Equity_y,Return on Equity,TTM Net Income_x,Tangible Equity,Return on Tangible Equity,TTM Net Income_y,Total Assets,Return on Assets,TTM Net Income,LT Investments & Debt,Return on Investment,revenue,cost-goods-sold,gross-profit,research-development-expenses,selling-general-administrative-expenses,operating-expenses,operating-income,total-non-operating-income-expense,pre-tax-income,total-provision-income-taxes,income-after-taxes,income-from-continuous-operations,net-income,ebitda,ebit,basic-shares-outstanding,shares-outstanding,eps-basic-net-earnings-per-share,eps-earnings-per-share-diluted,cash-on-hand,inventory,other-current-assets,total-current-assets,net-property-plant-equipment,long-term-investments,goodwill-intangible-assets-total,other-long-term-assets,total-long-term-assets,total-assets,total-current-liabilities,long-term-debt,other-non-current-liabilities,total-long-term-liabilities,total-liabilities,common-stock-net,retained-earnings-accumulated-deficit,comprehensive-income,total-share-holder-equity,total-liabilities-share-holders-equity,net-income-loss,total-depreciation-amortization-cash-flow,other-non-cash-items,total-non-cash-items,change-in-accounts-receivable,change-in-inventories,change-in-accounts-payable,change-in-assets-liabilities,total-change-in-assets-liabilities,cash-flow-from-operating-activities,net-change-in-property-plant-equipment,net-change-in-intangible-assets,net-acquisitions-divestitures,net-change-in-short-term-investments,net-change-in-long-term-investments,net-change-in-investments-total,investing-activities-other,cash-flow-from-investing-activities,net-long-term-debt,net-current-debt,debt-issuance-retirement-net-total,net-common-equity-issued-repurchased,net-total-equity-issued-repurchased,total-common-preferred-stock-dividends-paid,financial-activities-other,cash-flow-from-financial-activities,net-cash-flow,stock-based-compensation,common-stock-dividends-paid
0,2018-09-30,3.94,$4.19,0.94,$7.79,0.51,$7.43,0.53,$-0.85,0.0,$5.94B,$0.71B,8.31,$6.60B,$0.56B,11.76,$1.03B,$1.03B,100.00%,$1.03B,$0.23B,22.45%,$1.03B,$0.23B,22.45%,$1.03B,$0.31B,29.83%,$1.03B,$-0.11B,-10.50%,$1.03B,$-0.11B,-10.88%,$-0.11B,$0.56B,-19.14%,$-0.11B,$-0.44B,25.08%,$-0.11B,$8.46B,-1.33%,$0.23B,$7.16B,3.31%,$238,$0,$238,$0,$156,$218,$21,$-61,$-40,$1,$-41,$-41,$-41,$27,$21,$134,134,$-0.31,$-0.31,$255,$0,$0,$5936,$26,$0,$999,$399,$2525,$8461,$714,$6597,$589,$7186,$7900,$1,$6,$-1,$561,$8461,$-68,$20,$9,$29,$127,$0,$0,$204,$330,$292,$-7,$3,$0,$0,$-414,$-414,$46,$-372,$-220,$0,$-220,$0,$0,$0,$278,$58,$-22,$1,$0
1,2018-06-30,3.96,$4.49,0.88,$8.22,0.48,$8.40,0.47,$-0.59,0.0,$5.76B,$0.75B,7.67,$6.48B,$0.60B,10.77,$1.08B,$1.08B,100.00%,$1.08B,$0.22B,20.54%,$1.08B,$0.22B,20.54%,$1.08B,$0.30B,27.79%,$1.08B,$-0.10B,-8.83%,$1.08B,$-0.08B,-7.16%,$-0.08B,$0.60B,-13.00%,$-0.08B,$-0.44B,18.10%,$-0.08B,$8.42B,-0.92%,$0.22B,$7.08B,3.26%,$254,$0,$254,$0,$154,$206,$48,$-76,$-28,$1,$-30,$-30,$-30,$38,$48,$134,134,$-0.22,$-0.22,$228,$0,$0,$5760,$31,$0,$1044,$418,$2660,$8420,$751,$6477,$592,$7068,$7819,$1,$47,$-1,$601,$8420,$-27,$14,$5,$19,$87,$0,$0,$118,$204,$197,$-6,$0,$0,$0,$-301,$-301,$41,$-266,$-255,$0,$-255,$0,$0,$0,$278,$23,$-46,$1,$0
2,2018-03-31,4.12,$4.74,0.87,$8.82,0.47,$9.19,0.45,$-0.73,0.0,$5.62B,$0.80B,7.02,$6.42B,$0.63B,10.16,$1.13B,$1.13B,100.00%,$1.13B,$0.20B,18.01%,$1.13B,$0.20B,18.01%,$1.13B,$0.26B,22.77%,$1.13B,$-0.11B,-9.62%,$1.13B,$-0.09B,-8.12%,$-0.09B,$0.63B,-15.67%,$-0.09B,$-0.44B,22.25%,$-0.09B,$8.46B,-1.12%,$0.20B,$7.05B,3.11%,$260,$0,$260,$0,$170,$207,$54,$-49,$5,$2,$3,$3,$3,$78,$54,$133,135,$0.02,$0.02,$286,$0,$0,$5618,$33,$0,$1074,$456,$2845,$8463,$801,$6422,$608,$7030,$7831,$1,$77,$-1,$632,$8463,$3,$24,$6,$30,$58,$0,$0,$8,$66,$99,$-3,$0,$0,$0,$-168,$-168,$35,$-136,$-223,$0,$-223,$0,$0,$0,$280,$56,$20,$1,$0
3,2017-12-31,3.13,$4.16,0.75,$9.48,0.33,$9.15,0.34,$-1.01,0.0,$5.41B,$1.00B,5.42,$6.09B,$0.55B,11.13,$1.20B,$1.20B,100.00%,$1.20B,$0.20B,16.32%,$1.20B,$0.20B,16.32%,$1.20B,$0.27B,22.93%,$1.20B,$-0.14B,-12.05%,$1.20B,$-0.13B,-10.71%,$-0.13B,$0.55B,-21.89%,$-0.13B,$-0.46B,32.02%,$-0.13B,$8.40B,-1.59%,$0.20B,$6.64B,3.10%,$277,$0,$277,$0,$206,$168,$108,$-154,$-45,$-0,$-45,$-45,$-44,$164,$108,$127,127,$-0.34,$-0.34,$260,$0,$0,$5413,$37,$0,$1009,$555,$2990,$8403,$999,$6088,$769,$6858,$7856,$1,$-2,$-1,$547,$8403,$-128,$78,$24,$102,$202,$0,$0,$236,$438,$412,$-9,$3,$0,$0,$-833,$-833,$0,$-839,$364,$0,$364,$14,$14,$0,$52,$430,$3,$6,$0
4,2017-09-30,3.44,$4.50,0.76,$9.92,0.35,$9.54,0.36,$-0.75,0.0,$5.22B,$1.03B,5.07,$5.79B,$0.59B,9.82,$1.24B,$1.24B,100.00%,$1.24B,$0.17B,13.93%,$1.24B,$0.17B,13.93%,$1.24B,$0.21B,16.59%,$1.24B,$-0.11B,-8.78%,$1.24B,$-0.09B,-7.57%,$-0.09B,$0.59B,-15.37%,$-0.09B,$-0.36B,24.66%,$-0.09B,$8.10B,-1.19%,$0.17B,$6.38B,2.85%,$285,$0,$285,$0,$209,$273,$11,$-38,$-27,$-20,$-6,$-6,$-6,$19,$11,$129,129,$-0.05,$-0.05,$300,$0,$0,$5215,$43,$0,$944,$454,$2883,$8098,$1028,$5787,$693,$6480,$7508,$1,$42,$-1,$589,$8098,$-83,$22,$84,$106,$160,$0,$0,$222,$382,$405,$-7,$1,$0,$0,$-650,$-650,$-2,$-659,$235,$0,$235,$14,$14,$0,$52,$301,$48,$4,$0
5,2017-06-30,2.69,$4.65,0.58,$10.60,0.25,$9.04,0.3,$-0.62,0.0,$4.99B,$1.11B,4.5,$5.59B,$0.58B,9.63,$1.32B,$1.32B,100.00%,$1.32B,$0.25B,19.00%,$1.32B,$0.25B,19.00%,$1.32B,$0.28B,21.35%,$1.32B,$-0.08B,-6.08%,$1.32B,$-0.08B,-6.00%,$-0.08B,$0.58B,-12.53%,$-0.08B,$-0.40B,20.48%,$-0.08B,$7.93B,-1.02%,$0.25B,$6.17B,4.28%,$311,$0,$311,$0,$216,$280,$31,$-72,$-42,$3,$-44,$-44,$-45,$-3,$31,$125,125,$-0.36,$-0.36,$251,$0,$0,$4989,$56,$0,$975,$400,$2943,$7932,$1108,$5586,$657,$6244,$7352,$1,$49,$-1,$580,$7932,$-77,$15,$49,$64,$89,$0,$0,$207,$296,$283,$-7,$-0,$0,$0,$-506,$-506,$-3,$-516,$233,$0,$233,$0,$0,$0,$-2,$230,$-3,$3,$0
6,2017-03-31,5.47,$5.00,1.09,$11.11,0.49,$8.08,0.68,$-0.97,0.0,$4.74B,$1.22B,3.9,$5.38B,$0.62B,8.63,$1.38B,$1.38B,100.00%,$1.38B,$0.21B,15.02%,$1.38B,$0.21B,15.02%,$1.38B,$0.30B,21.70%,$1.38B,$-0.13B,-9.72%,$1.38B,$-0.12B,-8.78%,$-0.12B,$0.62B,-18.66%,$-0.12B,$-0.39B,31.39%,$-0.12B,$7.86B,-1.58%,$0.21B,$6.00B,3.68%,$322,$0,$322,$0,$201,$276,$45,$-76,$-30,$2,$-33,$-33,$-33,$94,$45,$124,124,$-0.26,$-0.26,$268,$0,$0,$4737,$61,$0,$1011,$429,$3127,$7863,$1215,$5381,$644,$6024,$7240,$1,$93,$-1,$623,$7863,$-33,$48,$-60,$-12,$88,$0,$0,$45,$134,$89,$-5,$-1,$0,$0,$-267,$-267,$-3,$-275,$202,$0,$202,$0,$0,$0,$-1,$201,$15,$2,$0
7,2016-12-31,5.39,$5.29,1.02,$11.18,0.48,$8.38,0.64,$-1.61,0.0,$4.40B,$1.28B,3.44,$5.04B,$0.66B,7.69,$1.39B,$1.39B,100.00%,$1.39B,$0.16B,11.82%,$1.39B,$0.16B,11.82%,$1.39B,$0.26B,18.60%,$1.39B,$-0.21B,-14.85%,$1.39B,$-0.20B,-14.35%,$-0.20B,$0.66B,-29.38%,$-0.20B,$-0.39B,53.24%,$-0.20B,$7.66B,-2.64%,$0.16B,$5.69B,3.03%,$324,$0,$324,$0,$197,$238,$86,$-96,$-10,$0,$-10,$-10,$-10,$96,$86,$124,124,$-0.08,$-0.08,$257,$0,$0,$4402,$63,$0,$1043,$438,$3254,$7656,$1281,$5038,$681,$5719,$7000,$1,$126,$-1,$655,$7656,$-199,$95,$-48,$46,$182,$0,$0,$446,$628,$475,$-34,$30,$0,$0,$-855,$-855,$67,$-792,$333,$0,$333,$-6,$-6,$0,$-11,$316,$-1,$5,$0
8,2016-09-30,3.67,$5.35,0.69,$11.46,0.32,$9.16,0.4,$-3.32,0.0,$4.22B,$1.37B,3.09,$4.84B,$0.66B,7.29,$1.43B,$1.43B,100.00%,$1.43B,$0.08B,5.68%,$1.43B,$0.08B,5.68%,$1.43B,$0.19B,13.05%,$1.43B,$-0.33B,-22.81%,$1.43B,$-0.41B,-28.98%,$-0.41B,$0.66B,-56.79%,$-0.41B,$-0.37B,118.76%,$-0.41B,$7.59B,-5.53%,$0.08B,$5.50B,1.54%,$359,$0,$359,$0,$248,$272,$88,$-85,$2,$-7,$9,$9,$9,$94,$88,$124,124,$0.08,$0.08,$264,$0,$0,$4223,$63,$0,$1037,$440,$3363,$7585,$1366,$4838,$719,$5557,$6922,$1,$137,$-2,$663,$7585,$-189,$85,$-33,$52,$122,$0,$0,$365,$487,$350,$-29,$29,$0,$0,$-657,$-657,$84,$-572,$237,$0,$237,$-6,$-6,$0,$-3,$228,$6,$4,$0
9,2016-06-30,1.71,$5.27,0.32,$11.80,0.14,$12.63,0.14,$-3.93,0.0,$3.99B,$1.43B,2.78,$4.65B,$0.65B,7.12,$1.47B,$1.47B,100.00%,$1.47B,$0.01B,0.68%,$1.47B,$0.01B,0.68%,$1.47B,$0.16B,10.81%,$1.47B,$-0.38B,-26.04%,$1.47B,$-0.49B,-33.24%,$-0.49B,$0.65B,-58.81%,$-0.49B,$-0.39B,179.29%,$-0.49B,$7.49B,-6.46%,$0.01B,$5.31B,0.19%,$373,$0,$373,$0,$343,$385,$-12,$-84,$-96,$-9,$-87,$-87,$-87,$15,$-12,$124,124,$-0.71,$-0.71,$219,$0,$0,$3986,$63,$0,$1047,$449,$3503,$7488,$1431,$4652,$752,$5404,$6835,$1,$127,$-2,$653,$7488,$-198,$79,$-49,$30,$75,$0,$0,$266,$341,$172,$-17,$3,$0,$0,$-437,$-437,$75,$-377,$-348,$0,$-348,$-6,$-6,$0,$520,$166,$-38,$3,$0
10,2016-03-31,2.47,$5.96,0.41,$12.43,0.2,$15.56,0.16,$-3.14,0.0,$3.70B,$1.54B,2.41,$4.38B,$0.74B,5.94,$1.56B,$1.56B,100.00%,$1.56B,$0.13B,8.52%,$1.56B,$0.13B,8.52%,$1.56B,$0.28B,17.81%,$1.56B,$-0.27B,-17.55%,$1.56B,$-0.39B,-25.11%,$-0.39B,$0.74B,-41.07%,$-0.39B,$-0.34B,175.59%,$-0.39B,$7.41B,-5.09%,$0.13B,$5.12B,2.52%,$331,$0,$331,$0,$290,$329,$2,$-104,$-102,$9,$-111,$-111,$-111,$53,$2,$124,124,$-0.90,$-0.90,$281,$0,$0,$3698,$72,$0,$1078,$520,$3709,$7407,$1537,$4384,$747,$5132,$6669,$1,$215,$-2,$738,$7407,$-111,$51,$-22,$29,$85,$0,$0,$139,$223,$141,$-20,$11,$0,$0,$-304,$-304,$130,$-183,$74,$0,$74,$-6,$-6,$0,$-3,$65,$23,$1,$0
11,2015-12-31,6.97,$6.85,1.02,$13.78,0.51,$17.12,0.41,$-1.97,0.0,$3.45B,$1.58B,2.18,$4.20B,$0.86B,4.91,$1.74B,$1.74B,100.00%,$1.74B,$0.26B,15.11%,$1.74B,$0.26B,15.11%,$1.74B,$0.42B,24.20%,$1.74B,$-0.13B,-7.41%,$1.74B,$-0.25B,-14.20%,$-0.25B,$0.86B,-23.51%,$-0.25B,$-0.28B,78.91%,$-0.25B,$7.38B,-3.11%,$0.26B,$5.05B,4.89%,$362,$0,$362,$0,$312,$360,$3,$-132,$-129,$95,$-224,$-224,$-224,$24,$3,$125,125,$-1.79,$-1.79,$257,$0,$0,$3447,$58,$0,$1139,$586,$3934,$7380,$1584,$4197,$744,$4942,$6526,$1,$326,$-2,$855,$7380,$-247,$158,$213,$372,$46,$0,$0,$410,$457,$582,$-37,$674,$0,$0,$-857,$-857,$500,$280,$-714,$0,$-714,$-4,$-4,$0,$-16,$-734,$128,$7,$0
12,2015-09-30,6.71,$8.62,0.78,$14.65,0.46,$15.37,0.44,$-4.95,0.0,$3.67B,$1.59B,2.31,$4.31B,$1.08B,3.98,$1.87B,$1.87B,100.00%,$1.87B,$-0.13B,-7.06%,$1.87B,$-0.13B,-7.06%,$1.87B,$0.08B,4.12%,$1.87B,$-0.52B,-27.79%,$1.87B,$-0.55B,-29.13%,$-0.55B,$1.08B,-49.68%,$-0.55B,$-0.07B,118.41%,$-0.55B,$8.01B,-6.67%,$-0.13B,$5.39B,-2.42%,$405,$0,$405,$0,$304,$388,$17,$-73,$-56,$11,$-67,$-67,$-67,$67,$17,$125,125,$-0.53,$-0.53,$459,$0,$0,$3667,$45,$0,$1153,$609,$4344,$8011,$1590,$4305,$1036,$5341,$6931,$1,$550,$-2,$1080,$8011,$-22,$137,$124,$261,$-2,$0,$0,$537,$535,$774,$-14,$588,$0,$0,$-781,$-781,$396,$189,$-622,$0,$-622,$0,$0,$0,$-12,$-634,$329,$5,$0
13,2015-06-30,10.2,$9.13,1.12,$15.35,0.66,$13.53,0.75,$-5.00,0.0,$3.15B,$1.74B,1.81,$4.38B,$1.15B,3.83,$1.98B,$1.98B,100.00%,$1.98B,$-0.09B,-4.55%,$1.98B,$-0.09B,-4.55%,$1.98B,$0.14B,6.92%,$1.98B,$-0.54B,-27.07%,$1.98B,$-0.55B,-27.98%,$-0.55B,$1.15B,-45.02%,$-0.55B,$-0.20B,87.49%,$-0.55B,$8.01B,-6.71%,$-0.09B,$5.53B,-1.62%,$463,$0,$463,$0,$272,$352,$111,$-98,$13,$3,$10,$10,$10,$134,$111,$125,127,$0.08,$0.08,$320,$0,$0,$3149,$40,$0,$1341,$623,$4856,$8005,$1741,$4384,$734,$5118,$6860,$1,$617,$-2,$1145,$8005,$44,$87,$120,$208,$-30,$0,$0,$313,$283,$535,$-3,$383,$0,$0,$-530,$-530,$195,$44,$-377,$0,$-377,$0,$0,$0,$-12,$-388,$191,$4,$0
14,2015-03-31,8.25,$8.95,0.92,$15.73,0.52,$10.84,0.76,$-4.60,0.0,$2.76B,$2.00B,1.38,$4.44B,$1.12B,3.96,$2.07B,$2.07B,100.00%,$2.07B,$0.01B,0.34%,$2.07B,$0.01B,0.34%,$2.07B,$0.28B,13.53%,$2.07B,$-0.47B,-22.80%,$2.07B,$-0.50B,-24.06%,$-0.50B,$1.12B,-34.98%,$-0.50B,$-0.70B,70.12%,$-0.50B,$8.39B,-5.97%,$0.01B,$5.56B,0.12%,$510,$0,$510,$0,$303,$378,$132,$-89,$43,$8,$34,$34,$34,$196,$132,$125,127,$0.27,$0.27,$242,$0,$0,$2758,$43,$0,$1821,$501,$5628,$8387,$2001,$4442,$822,$5265,$7265,$1,$608,$-8,$1122,$8387,$34,$64,$85,$149,$1,$0,$0,$140,$141,$325,$-4,$46,$0,$0,$-235,$-235,$28,$-165,$-36,$0,$-36,$0,$0,$0,$-12,$-47,$113,$2,$0
15,2014-12-31,15.1,$8.32,1.82,$15.61,0.97,$9.67,1.56,$-4.33,0.0,$2.44B,$2.09B,1.17,$4.34B,$1.04B,4.17,$2.11B,$2.11B,100.00%,$2.11B,$0.08B,3.65%,$2.11B,$0.08B,3.65%,$2.11B,$0.36B,16.82%,$2.11B,$-0.44B,-20.99%,$2.11B,$-0.47B,-22.36%,$-0.47B,$1.04B,-29.00%,$-0.47B,$-0.87B,70.82%,$-0.47B,$8.27B,-5.69%,$0.08B,$5.38B,1.39%,$493,$0,$493,$0,$332,$886,$-392,$-128,$-520,$2,$-522,$-522,$-522,$-320,$-392,$131,131,$-3.95,$-3.93,$129,$0,$0,$2439,$43,$0,$1914,$491,$5828,$8267,$2090,$4342,$794,$5136,$7226,$1,$530,$-8,$1041,$8267,$-470,$279,$374,$653,$-37,$0,$0,$207,$169,$353,$-11,$-108,$-62,$0,$-817,$-817,$40,$-958,$726,$0,$726,$-382,$-382,$-1,$214,$557,$-49,$11,$0
16,2014-09-30,26.18,$12.67,2.07,$15.83,1.65,$13.20,1.98,$1.17,22.38,$2.27B,$2.04B,1.11,$4.07B,$1.61B,2.52,$2.17B,$2.17B,100.00%,$2.17B,$0.69B,31.65%,$2.17B,$0.69B,31.65%,$2.17B,$0.99B,45.58%,$2.17B,$0.23B,10.63%,$2.17B,$0.18B,8.46%,$0.18B,$1.61B,10.02%,$0.18B,$-0.77B,-30.54%,$0.18B,$8.36B,2.24%,$0.69B,$5.69B,12.69%,$514,$0,$514,$0,$355,$455,$59,$-131,$-72,$3,$-75,$-75,$-76,$127,$59,$131,131,$-0.58,$-0.58,$299,$0,$0,$2268,$45,$0,$2379,$237,$6087,$8356,$2036,$4074,$632,$4706,$6741,$1,$1052,$-9,$1614,$8356,$52,$206,$5,$212,$-12,$0,$0,$307,$295,$559,$-8,$-103,$-62,$0,$-566,$-566,$7,$-732,$413,$0,$413,$-324,$-324,$-1,$206,$294,$121,$9,$0
17,2014-06-30,37.1,$14.45,2.57,$15.69,2.36,$15.97,2.32,$2.19,16.94,$2.11B,$2.07B,1.02,$3.90B,$1.86B,2.1,$2.19B,$2.19B,100.00%,$2.19B,$0.81B,37.15%,$2.19B,$0.81B,37.15%,$2.19B,$1.14B,51.89%,$2.19B,$0.37B,16.98%,$2.19B,$0.32B,14.38%,$0.32B,$1.92B,16.74%,$0.32B,$-0.50B,-60.43%,$0.32B,$8.37B,4.23%,$0.81B,$5.82B,18.29%,$553,$0,$553,$0,$217,$345,$208,$-130,$77,$10,$67,$67,$66,$277,$208,$134,138,$0.49,$0.48,$259,$0,$0,$2109,$48,$0,$2422,$224,$6256,$8365,$2073,$3899,$475,$4374,$6447,$1,$1128,$-9,$1918,$8365,$127,$138,$-74,$64,$-1,$0,$0,$19,$18,$210,$-5,$-94,$-62,$0,$-357,$-357,$-24,$-542,$308,$0,$308,$-93,$-93,$-1,$200,$413,$81,$8,$0
18,2014-03-31,39.18,$14.31,2.74,$15.44,2.54,$20.34,1.93,$2.22,17.65,$1.73B,$2.36B,0.73,$3.33B,$1.88B,1.77,$2.18B,$2.18B,100.00%,$2.18B,$0.78B,35.55%,$2.18B,$0.78B,35.55%,$2.18B,$1.10B,50.57%,$2.18B,$0.37B,16.90%,$2.18B,$0.31B,14.29%,$0.31B,$1.94B,16.66%,$0.31B,$-0.52B,-66.56%,$0.31B,$8.19B,4.38%,$0.78B,$5.26B,22.39%,$551,$0,$551,$0,$208,$349,$202,$-130,$72,$11,$60,$60,$60,$271,$202,$135,141,$0.44,$0.43,$242,$0,$0,$1732,$52,$0,$2461,$229,$6454,$8186,$2362,$3327,$561,$3888,$6249,$1,$1062,$-10,$1937,$8186,$60,$69,$26,$94,$48,$0,$0,$-7,$41,$196,$-3,$-91,$-62,$0,$-177,$-177,$-46,$-378,$68,$0,$68,$-1,$-1,$-1,$180,$246,$64,$1,$0
19,2013-12-31,55.45,$13.86,4.0,$14.45,3.84,$21.86,2.54,$1.99,27.86,$1.52B,$2.37B,0.64,$3.05B,$1.81B,1.68,$2.04B,$2.04B,100.00%,$2.04B,$0.74B,36.15%,$2.04B,$0.74B,36.15%,$2.04B,$1.05B,51.45%,$2.04B,$0.35B,17.26%,$2.04B,$0.30B,14.62%,$0.30B,$1.87B,16.19%,$0.30B,$-0.62B,-100.59%,$0.30B,$7.93B,4.32%,$0.74B,$4.92B,28.33%,$556,$0,$556,$0,$196,$337,$219,$-65,$154,$18,$135,$135,$134,$316,$219,$136,140,$1.00,$0.96,$179,$0,$0,$1516,$54,$0,$2490,$309,$6411,$7927,$2365,$3045,$645,$3689,$6054,$1,$1003,$-10,$1873,$7927,$310,$311,$-320,$-8,$225,$0,$0,$358,$582,$884,$-29,$-3542,$-2083,$0,$-610,$-610,$3848,$-2415,$1266,$0,$1266,$-216,$-216,$-5,$443,$1489,$-42,$6,$0
20,2013-09-30,55.77,$13.26,4.21,$12.18,4.58,$28.70,1.94,$1.73,32.24,$0.92B,$2.96B,0.31,$0.00B,$1.74B,0.0,$1.72B,$1.72B,100.00%,$1.72B,$0.66B,38.08%,$1.72B,$0.66B,38.08%,$1.72B,$0.89B,51.74%,$1.72B,$0.27B,15.93%,$1.72B,$0.23B,13.31%,$0.23B,$1.80B,12.63%,$0.23B,$-0.44B,5725.00%,$0.23B,$5.31B,3.62%,$0.66B,$1.80B,31.38%,$531,$0,$531,$0,$210,$346,$185,$-116,$69,$9,$61,$61,$55,$273,$185,$136,140,$0.40,$0.39,$357,$0,$0,$916,$57,$0,$2242,$524,$4396,$5312,$2956,$0,$555,$555,$3510,$1,$882,$-7,$1801,$5312,$175,$215,$-105,$110,$266,$0,$0,$454,$719,$1004,$-24,$-1101,$-2050,$3492,$-274,$3218,$6,$50,$-1128,$0,$-1128,$-158,$-158,$-5,$373,$-917,$137,$0,$0
21,2013-06-30,41.22,$13.86,2.97,$10.06,4.1,$31.88,1.29,$1.66,24.83,$1.03B,$4.56B,0.23,$0.00B,$1.73B,0.0,$1.42B,$1.42B,100.00%,$1.42B,$0.61B,42.90%,$1.42B,$0.61B,42.90%,$1.42B,$0.78B,54.92%,$1.42B,$0.29B,20.11%,$1.42B,$0.23B,15.82%,$0.23B,$1.88B,12.90%,$0.23B,$-0.29B,60.44%,$0.23B,$7.08B,3.72%,$0.61B,$1.88B,30.05%,$545,$0,$545,$0,$250,$375,$170,$-96,$74,$8,$66,$66,$63,$244,$170,$136,145,$0.46,$0.45,$440,$0,$0,$1026,$63,$0,$2176,$315,$6056,$7082,$4564,$0,$637,$637,$5201,$1,$821,$-12,$1882,$7082,$115,$127,$49,$176,$112,$0,$0,$465,$577,$868,$-19,$-617,$-1887,$1080,$-63,$1017,$3,$-1504,$721,$0,$721,$0,$0,$-3,$138,$856,$220,$0,$0
22,2013-03-31,37.92,$13.32,2.85,$7.83,4.84,$32.42,1.17,$1.47,25.8,$1.11B,$4.97B,0.22,$0.00B,$1.65B,0.0,$1.09B,$1.09B,100.00%,$1.09B,$0.57B,51.93%,$1.09B,$0.57B,51.93%,$1.09B,$0.68B,62.87%,$1.09B,$0.28B,25.92%,$1.09B,$0.21B,19.03%,$0.21B,$1.81B,12.61%,$0.21B,$0.17B,30.22%,$0.21B,$7.25B,3.69%,$0.57B,$1.81B,29.03%,$407,$0,$407,$0,$163,$244,$163,$-108,$55,$6,$49,$49,$46,$216,$163,$136,140,$0.34,$0.33,$663,$0,$0,$1114,$59,$0,$1640,$373,$6134,$7248,$4971,$0,$471,$471,$5442,$1,$747,$-10,$1806,$7248,$49,$52,$131,$183,$-41,$0,$0,$215,$174,$406,$-4,$-1,$-1989,$714,$0,$714,$1,$-1279,$1240,$0,$1240,$0,$0,$0,$77,$1316,$443,$0,$0
23,2012-12-31,34.59,$13.01,2.66,$6.11,5.66,$32.17,1.08,$1.30,26.61,$0.86B,$2.53B,0.34,$1.10B,$1.61B,0.68,$0.85B,$0.85B,100.00%,$0.85B,$0.48B,56.74%,$0.85B,$0.48B,56.74%,$0.85B,$0.56B,66.55%,$0.85B,$0.26B,30.38%,$0.85B,$0.18B,21.28%,$0.18B,$1.77B,11.64%,$0.18B,$0.58B,19.76%,$0.18B,$5.69B,3.65%,$0.48B,$2.86B,25.66%,$237,$0,$237,$0,$61,$99,$137,$-61,$76,$11,$65,$65,$65,$157,$137,$134,139,$0.50,$0.48,$220,$0,$0,$862,$33,$0,$1180,$279,$4824,$5686,$2533,$1097,$292,$1388,$3921,$1,$705,$-6,$1765,$5686,$181,$82,$151,$233,$-54,$0,$0,$1456,$1402,$1816,$-19,$-2100,$-524,$2825,$0,$2825,$82,$263,$-2283,$0,$-2283,$6,$6,$0,$274,$-2003,$76,$3,$0
24,2012-09-30,27.41,$11.28,2.43,$5.80,4.73,$27.94,0.98,$0.91,30.12,$0.48B,$2.41B,0.2,$0.05B,$1.52B,0.03,$0.77B,$0.77B,100.00%,$0.77B,$0.41B,53.39%,$0.77B,$0.41B,53.39%,$0.77B,$0.49B,63.84%,$0.77B,$0.20B,26.11%,$0.77B,$0.13B,16.32%,$0.13B,$1.52B,8.68%,$0.13B,$1.03B,12.38%,$0.13B,$4.16B,2.67%,$0.41B,$1.57B,27.05%,$233,$0,$233,$0,$56,$93,$140,$-59,$81,$29,$51,$51,$51,$164,$140,$135,139,$0.38,$0.37,$271,$0,$0,$475,$20,$20,$491,$133,$3681,$4156,$2407,$48,$178,$226,$2633,$1,$639,$-7,$1523,$4156,$116,$63,$6,$69,$3,$0,$0,$1247,$1250,$1434,$-23,$-2090,$0,$1084,$0,$1084,$84,$-945,$-514,$0,$-514,$2,$2,$0,$149,$-363,$126,$0,$0
25,2012-06-30,18.78,$10.89,1.72,$5.25,3.58,$25.19,0.75,$0.73,25.73,$0.29B,$3.67B,0.08,$0.08B,$1.47B,0.05,$0.66B,$0.66B,100.00%,$0.66B,$0.33B,49.77%,$0.66B,$0.33B,49.77%,$0.66B,$0.40B,60.31%,$0.66B,$0.15B,22.60%,$0.66B,$0.09B,14.35%,$0.09B,$1.47B,7.21%,$0.09B,$0.96B,10.36%,$0.09B,$5.38B,1.93%,$0.33B,$1.55B,23.32%,$211,$0,$211,$0,$53,$86,$125,$-55,$70,$25,$45,$45,$45,$147,$125,$135,138,$0.33,$0.32,$129,$0,$0,$287,$22,$20,$513,$171,$5088,$5375,$3673,$76,$157,$233,$3905,$1,$588,$-7,$1470,$5375,$64,$39,$3,$42,$24,$0,$0,$771,$795,$901,$-17,$-2003,$0,$93,$0,$93,$82,$-1846,$860,$0,$860,$1,$1,$0,$68,$929,$-16,$0,$0
26,2012-03-31,15.63,$10.58,1.48,$4.70,3.32,$24.63,0.63,$0.66,23.68,$0.82B,$2.83B,0.29,$0.08B,$1.43B,0.06,$0.55B,$0.55B,100.00%,$0.55B,$0.27B,48.18%,$0.55B,$0.27B,48.18%,$0.55B,$0.32B,58.91%,$0.55B,$0.12B,21.64%,$0.55B,$0.08B,13.64%,$0.08B,$1.43B,6.38%,$0.08B,$1.07B,8.73%,$0.08B,$4.50B,1.83%,$0.27B,$1.50B,20.61%,$165,$0,$165,$0,$52,$86,$78,$-48,$30,$11,$19,$19,$19,$95,$78,$131,138,$0.14,$0.14,$685,$0,$0,$823,$17,$22,$356,$168,$3671,$4495,$2831,$78,$160,$238,$3068,$1,$543,$-5,$1426,$4495,$19,$17,$3,$20,$15,$0,$0,$318,$333,$373,$-11,$0,$0,$0,$0,$0,$90,$80,$28,$0,$28,$1,$1,$0,$58,$87,$540,$0,$0
27,2011-12-31,14.48,$10.34,1.4,$4.54,3.19,$25.42,0.57,$0.73,19.84,$0.23B,$3.10B,0.07,$0.08B,$1.34B,0.06,$0.50B,$0.50B,100.00%,$0.50B,$0.26B,51.81%,$0.50B,$0.26B,51.81%,$0.50B,$0.32B,64.92%,$0.50B,$0.12B,24.80%,$0.50B,$0.08B,15.73%,$0.08B,$1.34B,7.42%,$0.08B,$0.98B,10.06%,$0.08B,$4.73B,2.15%,$0.26B,$1.43B,21.81%,$157,$0,$157,$0,$65,$90,$66,$-48,$19,$9,$10,$10,$10,$83,$66,$105,112,$0.07,$0.06,$144,$0,$0,$226,$7,$0,$363,$289,$4502,$4728,$3099,$83,$203,$285,$3385,$1,$524,$-8,$1343,$4728,$78,$66,$36,$102,$-36,$0,$0,$839,$802,$982,$-4,$0,$-2647,$0,$-15,$-15,$11,$-2655,$1358,$0,$1358,$356,$356,$0,$-25,$1689,$16,$0,$0
28,2011-09-30,13.21,$9.67,1.37,$4.19,3.15,$23.43,0.56,$0.74,17.85,$0.29B,$3.64B,0.08,$0.14B,$0.98B,0.14,$0.45B,$0.45B,100.00%,$0.45B,$0.24B,53.32%,$0.45B,$0.24B,53.32%,$0.45B,$0.31B,68.14%,$0.45B,$0.12B,26.33%,$0.45B,$0.08B,17.26%,$0.08B,$0.98B,8.28%,$0.08B,$0.62B,11.07%,$0.08B,$4.90B,2.46%,$0.24B,$1.12B,22.23%,$122,$0,$122,$0,$45,$66,$57,$-28,$29,$9,$20,$20,$20,$70,$57,$101,108,$0.20,$0.19,$153,$0,$0,$288,$28,$23,$357,$186,$4609,$4897,$3635,$138,$146,$284,$3919,$1,$514,$-8,$978,$4897,$69,$49,$5,$54,$-5,$0,$0,$686,$681,$804,$0,$0,$-2646,$0,$-15,$-15,$7,$-2654,$1888,$0,$1888,$1,$1,$0,$-14,$1875,$24,$0,$0
29,2011-06-30,12.76,$9.47,1.35,$4.02,3.18,$20.33,0.63,$0.46,27.74,$0.24B,$1.08B,0.23,$0.14B,$0.96B,0.15,$0.43B,$0.43B,100.00%,$0.43B,$0.19B,43.66%,$0.43B,$0.19B,43.66%,$0.43B,$0.25B,58.92%,$0.43B,$0.07B,16.20%,$0.43B,$0.05B,11.50%,$0.05B,$0.96B,5.33%,$0.05B,$0.77B,6.85%,$0.05B,$2.29B,1.78%,$0.19B,$1.10B,17.48%,$106,$0,$106,$0,$26,$42,$64,$-23,$41,$15,$26,$26,$26,$76,$64,$101,108,$0.26,$0.25,$106,$0,$0,$244,$5,$13,$188,$111,$2044,$2289,$1083,$141,$108,$249,$1333,$1,$494,$-9,$956,$2289,$48,$36,$2,$38,$54,$0,$0,$490,$544,$630,$0,$0,$0,$0,$-3,$-3,$4,$1,$-655,$0,$-655,$1,$1,$0,$-1,$-655,$-24,$0,$0
30,2011-03-31,11.02,$9.22,1.2,$3.74,2.95,$17.85,0.62,$0.36,30.61,$0.27B,$1.37B,0.2,$0.14B,$0.93B,0.15,$0.40B,$0.40B,100.00%,$0.40B,$0.15B,38.64%,$0.40B,$0.15B,38.64%,$0.40B,$0.22B,54.29%,$0.40B,$0.04B,10.35%,$0.40B,$0.04B,9.85%,$0.04B,$0.93B,4.30%,$0.04B,$0.73B,5.44%,$0.04B,$2.57B,1.44%,$0.15B,$1.07B,14.54%,$111,$0,$111,$0,$26,$41,$70,$-35,$34,$12,$22,$22,$22,$93,$70,$101,108,$0.22,$0.21,$130,$0,$0,$271,$5,$12,$197,$129,$2295,$2566,$1367,$143,$125,$268,$1635,$1,$468,$-7,$930,$2566,$22,$23,$-0,$23,$38,$0,$0,$284,$323,$368,$-0,$0,$0,$0,$-1,$-1,$3,$2,$-368,$0,$-368,$1,$1,$0,$-1,$-368,$1,$0,$0
31,2010-12-31,9.54,$8.98,1.06,$3.42,2.79,$16.53,0.58,$0.35,27.26,$0.29B,$1.73B,0.17,$0.15B,$0.91B,0.16,$0.36B,$0.36B,100.00%,$0.36B,$0.12B,34.07%,$0.36B,$0.12B,34.07%,$0.36B,$0.17B,47.09%,$0.36B,$0.04B,10.53%,$0.36B,$0.04B,10.53%,$0.04B,$0.91B,4.24%,$0.04B,$0.70B,5.21%,$0.04B,$2.92B,1.51%,$0.12B,$1.05B,11.78%,$113,$0,$113,$0,$32,$63,$50,$-35,$15,$5,$10,$10,$10,$69,$50,$100,107,$0.10,$0.10,$129,$0,$0,$291,$5,$12,$207,$158,$212,$2921,$1729,$145,$143,$288,$2017,$1,$445,$-9,$905,$2921,$38,$46,$249,$295,$-48,$0,$0,$443,$394,$728,$-1,$-552,$-1167,$0,$6,$6,$11,$-1704,$1035,$0,$1035,$3,$3,$0,$-26,$1013,$37,$0,$0
32,2010-09-30,10.14,$8.84,1.15,$3.29,3.08,$12.40,0.82,$0.35,28.97,$0.38B,$2.05B,0.19,$0.15B,$0.89B,0.17,$0.32B,$0.32B,100.00%,$0.32B,$0.11B,33.96%,$0.32B,$0.11B,33.96%,$0.32B,$0.15B,45.48%,$0.32B,$0.04B,13.40%,$0.32B,$0.04B,11.53%,$0.04B,$0.89B,4.17%,$0.04B,$0.67B,4.99%,$0.04B,$3.26B,1.66%,$0.11B,$1.04B,10.27%,$96,$0,$96,$0,$77,$93,$2,$-23,$-21,$-7,$-13,$-13,$-9,$13,$2,$100,100,$-0.09,$-0.09,$240,$0,$0,$381,$12,$12,$223,$147,$2874,$3256,$2051,$147,$169,$316,$2367,$1,$436,$-13,$889,$3256,$28,$27,$178,$205,$-20,$0,$0,$222,$201,$435,$-0,$-552,$-1167,$0,$0,$0,$8,$-1712,$1350,$0,$1350,$2,$2,$0,$-2,$1350,$73,$0,$0
33,2010-06-30,10.19,$8.98,1.13,$3.36,3.03,$10.83,0.94,$-0.07,0.0,$0.38B,$0.94B,0.41,$0.15B,$0.90B,0.17,$0.31B,$0.31B,100.00%,$0.31B,$0.14B,44.34%,$0.31B,$0.14B,44.34%,$0.31B,$0.17B,56.31%,$0.31B,$0.09B,28.16%,$0.31B,$0.00B,1.29%,$0.00B,$0.90B,0.46%,$0.00B,$0.77B,0.53%,$0.00B,$2.08B,0.21%,$0.14B,$1.05B,12.62%,$76,$0,$76,$0,$31,$45,$31,$-18,$13,$-3,$16,$16,$16,$40,$31,$100,108,$0.16,$0.15,$223,$0,$0,$381,$4,$14,$127,$100,$1697,$2078,$936,$150,$92,$242,$1178,$1,$444,$-8,$900,$2078,$37,$17,$187,$204,$12,$0,$0,$108,$120,$361,$-0,$-552,$0,$0,$0,$0,$5,$-547,$239,$0,$239,$1,$1,$0,$-1,$239,$52,$0,$0
34,2010-03-31,11.09,$8.89,1.25,$4.15,2.67,$10.14,1.09,$0.03,369.67,$0.58B,$0.68B,0.87,$0.15B,$0.89B,0.17,$0.34B,$0.34B,100.00%,$0.34B,$0.14B,41.81%,$0.34B,$0.14B,41.81%,$0.34B,$0.18B,53.22%,$0.34B,$0.10B,29.24%,$0.34B,$0.01B,1.75%,$0.01B,$0.89B,0.73%,$0.01B,$0.78B,0.86%,$0.01B,$1.82B,0.32%,$0.14B,$1.04B,13.38%,$76,$0,$76,$0,$22,$35,$40,$-9,$31,$11,$21,$21,$21,$48,$40,$100,107,$0.21,$0.20,$426,$0,$0,$584,$3,$14,$112,$92,$1231,$1815,$675,$152,$98,$250,$925,$1,$428,$-0,$891,$1815,$21,$8,$141,$149,$13,$0,$0,$43,$56,$226,$-1,$0,$0,$0,$0,$0,$3,$2,$-19,$0,$-19,$1,$1,$0,$-1,$-19,$209,$0,$0
35,2009-12-31,9.57,$8.66,1.1,$5.14,1.86,$9.96,0.96,$0.07,136.71,$0.44B,$0.52B,0.85,$0.25B,$0.87B,0.29,$0.38B,$0.38B,100.00%,$0.38B,$0.15B,38.06%,$0.38B,$0.15B,38.06%,$0.38B,$0.19B,49.87%,$0.38B,$0.09B,24.15%,$0.38B,$-0.00B,0.00%,$-0.00B,$0.87B,0.00%,$-0.00B,$0.75B,0.00%,$-0.00B,$1.77B,0.00%,$0.15B,$1.12B,13.96%,$73,$0,$73,$0,$25,$37,$36,$-16,$20,$13,$7,$7,$9,$45,$36,$78,78,$0.01,$0.01,$342,$0,$0,$442,$3,$15,$118,$90,$1327,$1769,$522,$253,$129,$382,$903,$1,$405,$-0,$866,$1769,$0,$44,$42,$85,$-33,$0,$0,$154,$121,$207,$-1,$-10,$0,$0,$-0,$-0,$8,$-3,$-585,$0,$-585,$327,$327,$0,$-56,$-314,$-110,$0,$0
36,2009-09-30,11.32,$8.59,1.32,$5.98,1.89,$9.33,1.21,$-0.08,0.0,$0.52B,$0.60B,0.86,$0.28B,$0.86B,0.32,$0.42B,$0.42B,100.00%,$0.42B,$0.14B,34.37%,$0.42B,$0.14B,34.37%,$0.42B,$0.20B,46.54%,$0.42B,$0.07B,16.23%,$0.42B,$-0.01B,-3.10%,$-0.01B,$0.86B,-1.86%,$-0.01B,$0.73B,-2.46%,$-0.01B,$1.88B,-0.64%,$0.14B,$1.13B,14.47%,$84,$0,$84,$0,$38,$54,$30,$-7,$23,$65,$-42,$-42,$-42,$41,$30,$83,83,$-0.51,$-0.51,$450,$0,$0,$520,$4,$19,$125,$67,$1355,$1875,$603,$277,$137,$414,$1018,$1,$396,$2,$857,$1875,$-9,$35,$46,$81,$27,$0,$0,$130,$157,$230,$-2,$-10,$0,$0,$0,$0,$5,$-7,$-535,$0,$-535,$327,$327,$0,$-19,$-228,$-5,$0,$0
37,2009-06-30,12.97,$10.29,1.26,$6.70,1.94,$6.90,1.88,$0.65,19.95,$0.55B,$0.89B,0.62,$0.29B,$0.70B,0.41,$0.46B,$0.46B,100.00%,$0.46B,$0.16B,34.65%,$0.46B,$0.16B,34.65%,$0.46B,$0.21B,46.93%,$0.46B,$0.07B,14.91%,$0.46B,$0.04B,9.65%,$0.04B,$0.70B,6.92%,$0.04B,$0.52B,9.84%,$0.04B,$2.03B,2.05%,$0.16B,$0.98B,16.59%,$109,$0,$109,$0,$56,$73,$37,$-10,$26,$9,$17,$17,$18,$48,$37,$67,73,$0.26,$0.26,$461,$0,$0,$548,$11,$21,$179,$77,$1486,$2034,$887,$286,$167,$453,$1340,$1,$438,$2,$695,$2034,$33,$25,$19,$44,$15,$0,$0,$101,$116,$193,$0,$-10,$0,$0,$0,$0,$4,$-6,$-225,$0,$-225,$51,$51,$0,$1,$-174,$13,$0,$0
38,2009-03-31,11.43,$9.95,1.15,$7.28,1.57,$1.85,6.16,$0.40,28.58,$0.50B,$0.93B,0.53,$0.30B,$0.63B,0.47,$0.48B,$0.48B,100.00%,$0.48B,$0.17B,35.77%,$0.48B,$0.17B,35.77%,$0.48B,$0.24B,49.16%,$0.48B,$0.05B,9.41%,$0.48B,$0.02B,4.81%,$0.02B,$0.63B,3.77%,$0.02B,$0.44B,5.58%,$0.02B,$2.03B,1.02%,$0.17B,$0.92B,18.06%,$115,$0,$115,$0,$53,$72,$42,$-19,$23,$8,$15,$15,$15,$56,$42,$63,68,$0.24,$0.24,$401,$0,$0,$495,$12,$22,$186,$93,$1534,$2030,$934,$295,$173,$468,$1403,$1,$419,$2,$627,$2030,$15,$13,$14,$28,$-5,$0,$0,$92,$87,$130,$0,$-10,$0,$0,$0,$0,$3,$-7,$-168,$0,$-168,$1,$1,$0,$1,$-166,$-42,$0,$0
39,2008-12-31,9.18,$9.72,0.94,$7.64,1.2,$-4.94,0.0,$0.25,36.72,$0.54B,$1.08B,0.5,$0.33B,$0.61B,0.55,$0.49B,$0.49B,100.00%,$0.49B,$0.17B,34.42%,$0.49B,$0.17B,34.42%,$0.49B,$0.24B,48.27%,$0.49B,$0.03B,6.11%,$0.49B,$0.01B,2.65%,$0.01B,$0.61B,2.16%,$0.01B,$0.42B,3.33%,$0.01B,$2.24B,0.53%,$0.17B,$0.94B,17.36%,$111,$0,$111,$0,$57,$77,$35,$-39,$-4,$0,$-4,$-4,$-4,$50,$35,$63,63,$-0.07,$-0.06,$445,$0,$0,$535,$13,$26,$186,$100,$1703,$2237,$1079,$334,$215,$549,$1627,$1,$405,$2,$610,$2237,$13,$69,$-153,$-84,$54,$0,$0,$140,$194,$123,$3,$2,$0,$0,$-2,$-2,$37,$40,$-74,$1,$-73,$0,$0,$0,$-4,$-77,$87,$0,$0
40,2008-09-30,8.05,$9.74,0.83,$7.81,1.03,$-15.01,0.0,$0.20,40.25,$0.55B,$1.13B,0.48,$0.35B,$0.61B,0.58,$0.50B,$0.50B,100.00%,$0.50B,$0.17B,34.39%,$0.50B,$0.17B,34.39%,$0.50B,$0.25B,49.90%,$0.50B,$0.02B,3.38%,$0.50B,$0.01B,1.59%,$0.01B,$0.61B,1.34%,$0.01B,$0.41B,2.18%,$0.01B,$2.30B,0.32%,$0.17B,$0.96B,18.77%,$121,$0,$121,$0,$57,$77,$44,$-20,$23,$8,$15,$15,$15,$60,$44,$63,70,$0.24,$0.23,$420,$0,$0,$545,$32,$32,$203,$108,$1757,$2302,$1130,$351,$209,$562,$1692,$1,$428,$2,$611,$2302,$18,$53,$-176,$-123,$20,$0,$0,$107,$127,$21,$1,$2,$0,$0,$-1,$-1,$33,$35,$-9,$0,$-9,$0,$0,$0,$0,$-9,$48,$0,$0
41,2008-06-30,4.65,$9.48,0.49,$7.83,0.59,$-18.97,0.0,$0.07,66.43,$0.54B,$1.30B,0.42,$0.37B,$0.60B,0.62,$0.51B,$0.51B,100.00%,$0.51B,$0.16B,32.15%,$0.51B,$0.16B,32.15%,$0.51B,$0.25B,48.92%,$0.51B,$0.00B,0.79%,$0.51B,$-0.00B,-0.20%,$-0.00B,$0.60B,-0.17%,$-0.00B,$0.38B,-0.28%,$-0.00B,$2.49B,-0.04%,$0.16B,$0.96B,18.80%,$131,$0,$131,$0,$57,$81,$50,$-47,$3,$0,$3,$3,$-3,$69,$50,$63,63,$-0.04,$-0.04,$410,$0,$0,$540,$33,$60,$217,$101,$1946,$2486,$1299,$366,$225,$592,$1892,$1,$413,$2,$595,$2486,$3,$37,$-193,$-156,$27,$0,$0,$-26,$1,$-152,$2,$2,$0,$-1,$0,$-1,$9,$12,$175,$0,$175,$0,$0,$0,$0,$175,$35,$0,$0
42,2008-03-31,4.44,$9.49,0.47,$7.38,0.6,$-18.34,0.0,$0.45,9.87,$0.63B,$1.43B,0.44,$0.43B,$0.59B,0.73,$0.49B,$0.49B,100.00%,$0.49B,$0.14B,28.60%,$0.49B,$0.14B,28.60%,$0.49B,$0.24B,47.67%,$0.49B,$0.04B,8.72%,$0.49B,$0.03B,5.88%,$0.03B,$0.59B,4.92%,$0.03B,$0.35B,8.15%,$0.03B,$2.75B,1.24%,$0.14B,$1.03B,17.39%,$128,$0,$128,$0,$65,$88,$40,$-32,$8,$3,$5,$5,$5,$58,$40,$63,63,$0.08,$0.08,$492,$0,$0,$632,$34,$81,$244,$136,$2122,$2754,$1428,$434,$296,$732,$2159,$1,$413,$2,$594,$2754,$5,$18,$-275,$-257,$-7,$0,$0,$-48,$-55,$-307,$1,$-4,$0,$-1,$0,$-1,$4,$0,$367,$0,$367,$0,$0,$0,$0,$367,$60,$0,$0
43,2007-12-31,5.54,$9.37,0.59,$6.93,0.8,$-15.13,0.0,$0.54,10.26,$0.31B,$1.34B,0.23,$0.15B,$0.59B,0.26,$0.48B,$0.48B,100.00%,$0.48B,$0.13B,26.88%,$0.48B,$0.13B,26.88%,$0.48B,$0.24B,49.79%,$0.48B,$0.05B,11.25%,$0.48B,$0.04B,7.50%,$0.04B,$0.59B,6.17%,$0.04B,$0.33B,10.13%,$0.04B,$2.40B,1.68%,$0.13B,$0.74B,17.58%,$123,$0,$123,$0,$62,$84,$39,$-56,$-17,$-10,$-7,$-7,$-9,$64,$39,$63,63,$-0.15,$-0.09,$156,$0,$0,$311,$36,$76,$256,$119,$2084,$2395,$1341,$150,$315,$467,$1809,$1,$407,$1,$586,$2395,$36,$111,$117,$228,$-79,$0,$0,$-697,$-776,$-512,$-1,$-114,$-49,$0,$-74,$-74,$114,$-123,$516,$0,$516,$-13,$-13,$0,$10,$513,$-122,$0,$0
44,2007-09-30,9.43,$9.48,0.99,$6.57,1.44,$-1.63,0.0,$0.85,11.09,$0.36B,$1.11B,0.32,$0.15B,$0.59B,0.25,$0.47B,$0.47B,100.00%,$0.47B,$0.12B,25.69%,$0.47B,$0.12B,25.69%,$0.47B,$0.24B,50.53%,$0.47B,$0.09B,18.68%,$0.47B,$0.06B,12.53%,$0.06B,$0.59B,10.23%,$0.06B,$0.38B,16.20%,$0.06B,$2.11B,2.88%,$0.12B,$0.74B,16.65%,$125,$0,$125,$0,$59,$92,$34,$-24,$10,$4,$6,$6,$6,$57,$34,$63,71,$0.10,$0.09,$212,$0,$0,$359,$36,$58,$211,$138,$1751,$2110,$1114,$150,$250,$403,$1517,$1,$414,$1,$593,$2110,$46,$86,$97,$183,$-20,$0,$0,$-466,$-486,$-257,$-1,$-109,$-49,$-56,$46,$-10,$68,$-101,$278,$0,$278,$-13,$-13,$0,$1,$265,$-93,$0,$0
45,2007-06-30,13.33,$9.38,1.42,$6.34,2.1,$6.85,1.94,$1.01,13.2,$0.59B,$1.03B,0.57,$0.15B,$0.59B,0.26,$0.46B,$0.46B,100.00%,$0.46B,$0.11B,24.56%,$0.46B,$0.11B,24.56%,$0.46B,$0.24B,51.75%,$0.46B,$0.10B,22.81%,$0.46B,$0.07B,15.35%,$0.07B,$0.59B,12.44%,$0.07B,$0.36B,19.47%,$0.07B,$2.11B,3.51%,$0.11B,$0.74B,15.71%,$117,$0,$117,$0,$51,$89,$28,$14,$42,$15,$27,$27,$27,$56,$28,$63,72,$0.43,$0.39,$419,$0,$0,$587,$37,$0,$227,$171,$1525,$2113,$1025,$150,$349,$501,$1527,$1,$408,$1,$586,$2113,$40,$62,$-34,$29,$-43,$0,$0,$-151,$-193,$-125,$-0,$-103,$-49,$-13,$46,$33,$0,$-118,$191,$0,$191,$-14,$-14,$0,$0,$178,$-65,$0,$0
46,2007-03-31,12.87,$9.02,1.43,$6.17,2.08,$15.27,0.84,$2.86,4.5,$0.64B,$0.91B,0.71,$0.15B,$0.57B,0.26,$0.44B,$0.44B,100.00%,$0.44B,$0.11B,23.65%,$0.44B,$0.11B,23.65%,$0.44B,$0.23B,52.03%,$0.44B,$0.08B,17.79%,$0.44B,$0.20B,45.50%,$0.20B,$0.57B,37.05%,$0.20B,$0.35B,55.96%,$0.20B,$1.95B,10.72%,$0.11B,$0.72B,15.09%,$115,$0,$115,$0,$45,$87,$28,$-9,$19,$6,$13,$13,$12,$62,$28,$63,72,$0.20,$0.18,$467,$0,$0,$644,$34,$0,$221,$85,$1307,$1951,$905,$150,$324,$476,$1381,$1,$381,$1,$570,$1951,$12,$34,$-103,$-70,$-27,$0,$0,$-36,$-62,$-120,$-0,$-69,$0,$0,$46,$46,$0,$-24,$70,$0,$70,$0,$0,$0,$0,$70,$-73,$0,$0
47,2006-12-31,15.86,$8.83,1.8,$6.00,2.64,$19.73,0.8,$2.94,5.39,$0.62B,$0.84B,0.74,$0.15B,$0.56B,0.27,$0.43B,$0.43B,100.00%,$0.43B,$0.09B,21.35%,$0.43B,$0.09B,21.35%,$0.43B,$0.21B,49.19%,$0.43B,$0.08B,18.79%,$0.43B,$0.21B,48.03%,$0.21B,$0.56B,41.88%,$0.21B,$0.37B,63.01%,$0.21B,$2.01B,11.60%,$0.09B,$0.71B,14.27%,$114,$0,$114,$0,$50,$83,$31,$-14,$17,$1,$16,$16,$14,$63,$31,$63,72,$0.22,$0.19,$450,$0,$0,$616,$35,$46,$191,$48,$1394,$2010,$835,$150,$465,$617,$1452,$1,$370,$1,$558,$2010,$207,$120,$285,$405,$3,$0,$0,$-223,$-219,$392,$-2,$-142,$0,$-72,$-45,$-118,$0,$-262,$-162,$0,$-162,$-3,$-3,$0,$2,$-163,$-33,$0,$0
