,Date,Stock Price,Book Value per Share,Price to Book Ratio,TTM Sales per Share,Price to Sales Ratio,TTM FCF per Share,Price to FCF Ratio,TTM Net EPS,PE Ratio,Current Assets,Current Liabilities,Current Ratio,Long Term Debt,Shareholder's Equity_x,Debt to Equity Ratio,TTM Revenue_x,TTM Gross Profit,Gross Margin,TTM Revenue_y,TTM Operating Income,Operating Margin,TTM Revenue_x,TTM EBIT,EBIT Margin,TTM Revenue_y,TTM EBITDA,EBITDA Margin,TTM Revenue_x,TTM Pre-Tax Income,Pre-Tax Margin,TTM Revenue_y,TTM Net Income_x,Net Margin,TTM Net Income_y,Shareholder's Equity_y,Return on Equity,TTM Net Income_x,Tangible Equity,Return on Tangible Equity,TTM Net Income_y,Total Assets,Return on Assets,TTM Net Income,LT Investments & Debt,Return on Investment,revenue,cost-goods-sold,gross-profit,research-development-expenses,selling-general-administrative-expenses,operating-expenses,operating-income,total-non-operating-income-expense,pre-tax-income,total-provision-income-taxes,income-after-taxes,income-from-continuous-operations,net-income,ebitda,ebit,basic-shares-outstanding,shares-outstanding,eps-basic-net-earnings-per-share,eps-earnings-per-share-diluted,cash-on-hand,inventory,other-current-assets,total-current-assets,net-property-plant-equipment,long-term-investments,goodwill-intangible-assets-total,other-long-term-assets,total-long-term-assets,total-assets,total-current-liabilities,long-term-debt,other-non-current-liabilities,total-long-term-liabilities,total-liabilities,common-stock-net,retained-earnings-accumulated-deficit,comprehensive-income,total-share-holder-equity,total-liabilities-share-holders-equity,net-income-loss,total-depreciation-amortization-cash-flow,other-non-cash-items,total-non-cash-items,change-in-accounts-receivable,change-in-inventories,change-in-accounts-payable,change-in-assets-liabilities,total-change-in-assets-liabilities,cash-flow-from-operating-activities,net-change-in-property-plant-equipment,net-change-in-intangible-assets,net-acquisitions-divestitures,net-change-in-short-term-investments,net-change-in-long-term-investments,net-change-in-investments-total,investing-activities-other,cash-flow-from-investing-activities,net-long-term-debt,net-current-debt,debt-issuance-retirement-net-total,net-common-equity-issued-repurchased,net-total-equity-issued-repurchased,total-common-preferred-stock-dividends-paid,financial-activities-other,cash-flow-from-financial-activities,net-cash-flow,stock-based-compensation,common-stock-dividends-paid
0,2018-06-30,4.78,$5.95,0.8,$0.97,4.95,$5.41,0.88,$-0.80,0.0,$0.10B,$0.40B,0.26,$0.40B,$0.84B,0.47,$0.14B,$0.10B,72.26%,$0.14B,$0.09B,68.61%,$0.14B,$0.09B,68.61%,$0.14B,$0.10B,71.53%,$0.14B,$-0.11B,-81.02%,$0.14B,$-0.11B,-81.02%,$-0.11B,$0.84B,-13.24%,$-0.11B,$0.84B,-13.24%,$-0.11B,$1.63B,-7.18%,$0.09B,$1.23B,7.55%,$32,$10,$22,$0,$1,$9,$23,$2,$24,$0,$24,$24,$24,$23,$23,$141,141,$0.17,$0.17,$57,$0,$0,$104,$0,$1521,$0,$3,$1529,$1633,$399,$396,$0,$396,$795,$1,$-19,$0,$838,$1633,$13,$3,$242,$245,$-1,$0,$0,$-132,$-130,$120,$0,$0,$0,$0,$0,$0,$0,$0,$-22,$-45,$-67,$-1,$-1,$-42,$-6,$-116,$4,$0,$-42
1,2018-03-31,4.13,$5.87,0.7,$1.06,3.9,$6.89,0.6,$-1.01,0.0,$0.03B,$0.22B,0.16,$0.40B,$0.83B,0.48,$0.15B,$0.11B,73.33%,$0.15B,$0.10B,68.00%,$0.15B,$0.10B,68.00%,$0.15B,$0.11B,70.67%,$0.15B,$-0.14B,-94.00%,$0.15B,$-0.14B,-94.00%,$-0.14B,$0.83B,-16.00%,$-0.14B,$0.83B,-16.00%,$-0.14B,$1.45B,-8.65%,$0.10B,$1.22B,7.66%,$35,$10,$25,$0,$1,$11,$24,$-4,$20,$0,$20,$20,$20,$24,$24,$141,141,$0.14,$0.14,$8,$0,$0,$34,$0,$1401,$0,$3,$1410,$1445,$221,$396,$0,$396,$617,$1,$-20,$0,$827,$1445,$-11,$2,$180,$182,$-1,$0,$2,$-83,$-81,$85,$0,$0,$0,$0,$0,$0,$0,$0,$-22,$-73,$-95,$-1,$-1,$-29,$-6,$-131,$-45,$0,$-29
2,2017-12-31,4.7,$5.81,0.81,$1.13,4.14,$8.32,0.57,$-1.09,0.0,$0.07B,$0.26B,0.27,$0.42B,$0.82B,0.51,$0.16B,$0.12B,73.29%,$0.16B,$0.11B,67.70%,$0.16B,$0.11B,67.70%,$0.16B,$0.12B,71.43%,$0.16B,$-0.15B,-94.41%,$0.16B,$-0.15B,-94.41%,$-0.15B,$0.82B,-16.35%,$-0.15B,$0.82B,-16.35%,$-0.15B,$1.49B,-8.68%,$0.11B,$1.24B,7.67%,$34,$9,$25,$0,$2,$11,$23,$-53,$-30,$0,$-30,$-30,$-30,$24,$23,$141,141,$-0.22,$-0.22,$46,$0,$0,$69,$0,$1415,$0,$3,$1425,$1494,$256,$418,$0,$418,$675,$1,$-24,$0,$820,$1494,$-30,$1,$118,$119,$-1,$0,$-0,$-19,$-16,$67,$0,$0,$0,$0,$0,$0,$0,$0,$0,$-51,$-51,$-0,$-0,$-17,$-6,$-75,$-8,$0,$-17
3,2017-09-30,5.12,$6.16,0.83,$1.26,4.08,$9.10,0.56,$-1.39,0.0,$0.07B,$0.33B,0.22,$0.42B,$0.87B,0.48,$0.18B,$0.13B,73.18%,$0.18B,$0.12B,68.16%,$0.18B,$0.12B,68.16%,$0.18B,$0.13B,71.51%,$0.18B,$-0.20B,-109.50%,$0.18B,$-0.20B,-109.50%,$-0.20B,$0.87B,-19.95%,$-0.20B,$0.87B,-19.95%,$-0.20B,$1.62B,-10.21%,$0.12B,$1.29B,7.99%,$36,$9,$27,$0,$3,$11,$24,$-150,$-125,$0,$-125,$-125,$-125,$27,$24,$141,141,$-0.89,$-0.89,$60,$0,$0,$72,$0,$1542,$0,$1,$1544,$1616,$329,$419,$0,$419,$748,$1,$-19,$0,$868,$1616,$-197,$6,$363,$369,$19,$0,$-10,$345,$354,$492,$0,$0,$0,$0,$0,$0,$0,$0,$-219,$-260,$-479,$-15,$-15,$-63,$-0,$-557,$-65,$0,$-63
4,2017-06-30,4.45,$7.17,0.62,$1.40,3.19,$6.71,0.66,$-0.52,0.0,$0.17B,$0.39B,0.44,$0.57B,$1.01B,0.56,$0.20B,$0.15B,71.78%,$0.20B,$0.14B,67.82%,$0.20B,$0.14B,67.82%,$0.20B,$0.14B,70.30%,$0.20B,$-0.07B,-36.63%,$0.20B,$-0.07B,-36.63%,$-0.07B,$1.01B,-7.04%,$-0.07B,$1.01B,-7.04%,$-0.07B,$1.97B,-3.52%,$0.14B,$1.58B,8.31%,$45,$12,$33,$0,$2,$14,$31,$-37,$-6,$0,$-6,$-6,$-6,$31,$31,$141,141,$-0.04,$-0.04,$159,$0,$0,$173,$0,$1791,$0,$2,$1794,$1967,$391,$565,$0,$565,$956,$1,$-13,$0,$1011,$1967,$-71,$3,$192,$195,$7,$0,$-7,$214,$219,$327,$0,$0,$0,$0,$0,$0,$0,$0,$-70,$-171,$-241,$-15,$-15,$-46,$0,$-301,$26,$0,$-46
5,2017-03-31,4.21,$7.23,0.58,$1.52,2.78,$4.95,0.85,$-0.52,0.0,$0.14B,$0.35B,0.4,$0.57B,$1.02B,0.55,$0.22B,$0.16B,70.59%,$0.22B,$0.15B,66.97%,$0.22B,$0.15B,66.97%,$0.22B,$0.15B,69.68%,$0.22B,$-0.07B,-33.03%,$0.22B,$-0.07B,-33.03%,$-0.07B,$1.02B,-6.67%,$-0.07B,$1.02B,-6.67%,$-0.07B,$1.93B,-3.28%,$0.15B,$1.59B,8.63%,$46,$13,$33,$0,$2,$14,$31,$-22,$9,$0,$9,$9,$9,$33,$31,$141,141,$0.06,$0.06,$93,$0,$0,$138,$0,$1789,$0,$2,$1792,$1929,$345,$565,$0,$565,$910,$1,$-30,$0,$1020,$1929,$-65,$2,$165,$168,$3,$0,$-5,$193,$191,$288,$0,$0,$0,$0,$0,$0,$0,$0,$-70,$-194,$-264,$-15,$-15,$-43,$0,$-321,$-33,$0,$-43
6,2016-12-31,4.76,$7.31,0.65,$1.57,3.02,$3.45,1.38,$-0.55,0.0,$0.20B,$0.51B,0.39,$0.63B,$1.03B,0.61,$0.24B,$0.16B,69.79%,$0.24B,$0.16B,66.38%,$0.24B,$0.16B,66.38%,$0.24B,$0.16B,68.51%,$0.24B,$-0.08B,-32.77%,$0.24B,$-0.08B,-32.77%,$-0.08B,$1.03B,-6.72%,$-0.08B,$1.03B,-6.72%,$-0.08B,$2.17B,-3.27%,$0.16B,$1.66B,8.59%,$52,$14,$38,$0,$2,$15,$36,$-111,$-74,$0,$-74,$-74,$-74,$37,$36,$143,143,$-0.52,$-0.52,$181,$0,$0,$196,$0,$1952,$0,$0,$1973,$2169,$509,$629,$0,$629,$1139,$1,$-29,$0,$1030,$2169,$-74,$1,$104,$105,$7,$0,$-4,$147,$157,$179,$0,$0,$0,$0,$0,$0,$0,$0,$-5,$-75,$-79,$-14,$-14,$-24,$0,$-117,$62,$0,$-24
7,2016-09-30,4.98,$7.97,0.63,$1.64,3.03,$2.29,2.17,$-0.45,0.0,$0.16B,$0.57B,0.27,$0.63B,$1.14B,0.55,$0.25B,$0.17B,68.15%,$0.25B,$0.16B,64.92%,$0.25B,$0.16B,64.92%,$0.25B,$0.17B,66.94%,$0.25B,$-0.07B,-26.61%,$0.25B,$-0.07B,-26.61%,$-0.07B,$1.14B,-5.48%,$-0.07B,$1.14B,-5.48%,$-0.07B,$2.34B,-2.72%,$0.16B,$1.78B,8.43%,$59,$18,$41,$0,$2,$20,$39,$-43,$-3,$0,$-3,$-3,$-3,$41,$39,$147,151,$-0.02,$-0.02,$130,$0,$0,$155,$0,$2165,$0,$0,$2188,$2343,$568,$633,$0,$633,$1201,$1,$-27,$0,$1142,$2343,$-67,$5,$415,$420,$22,$0,$-0,$-167,$-148,$165,$0,$0,$0,$0,$0,$0,$0,$0,$-130,$89,$-41,$-44,$-44,$-100,$-0,$-185,$-20,$0,$-100
8,2016-06-30,4.03,$8.15,0.49,$1.65,2.44,$2.11,1.91,$-0.45,0.0,$0.19B,$0.64B,0.31,$0.65B,$1.18B,0.55,$0.25B,$0.17B,67.59%,$0.25B,$0.16B,64.82%,$0.25B,$0.16B,64.82%,$0.25B,$0.17B,66.40%,$0.25B,$-0.07B,-25.69%,$0.25B,$-0.07B,-25.69%,$-0.07B,$1.18B,-5.17%,$-0.07B,$1.18B,-5.17%,$-0.07B,$2.47B,-2.62%,$0.16B,$1.84B,8.21%,$64,$20,$44,$0,$2,$22,$42,$-47,$-5,$0,$-5,$-5,$-5,$43,$42,$146,146,$-0.04,$-0.04,$158,$0,$0,$194,$0,$2247,$0,$1,$2280,$2474,$636,$654,$0,$654,$1290,$1,$-26,$0,$1184,$2474,$-63,$4,$372,$376,$14,$0,$1,$-221,$-201,$82,$0,$0,$0,$0,$0,$0,$0,$0,$-117,$141,$24,$-30,$-30,$-75,$0,$-82,$-0,$0,$-75
9,2016-03-31,4.03,$8.33,0.48,$1.64,2.45,$3.11,1.29,$-0.28,0.0,$0.15B,$0.43B,0.36,$0.77B,$1.23B,0.63,$0.26B,$0.18B,67.95%,$0.26B,$0.17B,64.86%,$0.26B,$0.17B,64.86%,$0.26B,$0.17B,66.80%,$0.26B,$-0.04B,-15.06%,$0.26B,$-0.04B,-15.06%,$-0.04B,$1.23B,-2.98%,$-0.04B,$1.23B,-2.98%,$-0.04B,$2.42B,-1.55%,$0.17B,$2.00B,8.07%,$60,$19,$41,$0,$2,$20,$39,$-34,$5,$0,$5,$5,$5,$40,$39,$149,157,$0.03,$0.03,$134,$0,$0,$152,$0,$2255,$0,$1,$2270,$2422,$427,$769,$0,$769,$1196,$1,$-29,$0,$1226,$2422,$-58,$3,$273,$276,$15,$0,$-2,$-127,$-110,$85,$0,$0,$0,$0,$0,$0,$0,$0,$-2,$-30,$-32,$-19,$-19,$-51,$0,$-101,$-16,$0,$-51
10,2015-12-31,4.94,$8.41,0.59,$1.68,2.95,$2.29,2.16,$-0.14,0.0,$0.11B,$0.42B,0.27,$0.77B,$1.26B,0.61,$0.27B,$0.18B,67.92%,$0.27B,$0.17B,64.91%,$0.27B,$0.17B,64.91%,$0.27B,$0.18B,66.79%,$0.27B,$-0.02B,-6.79%,$0.27B,$-0.02B,-6.79%,$-0.02B,$1.26B,-1.33%,$-0.02B,$1.26B,-1.33%,$-0.02B,$2.45B,-0.69%,$0.17B,$2.03B,8.08%,$65,$22,$43,$0,$2,$24,$41,$-104,$-63,$0,$-63,$-63,$-63,$42,$41,$150,150,$-0.42,$-0.42,$95,$0,$0,$113,$0,$2326,$0,$0,$2341,$2454,$421,$770,$0,$770,$1191,$2,$-27,$0,$1263,$2454,$-63,$1,$191,$192,$9,$0,$-13,$-108,$-101,$15,$0,$0,$0,$0,$0,$0,$0,$0,$-2,$-42,$-44,$-2,$-2,$-25,$0,$-71,$-56,$0,$-25
11,2015-09-30,4.64,$8.98,0.52,$1.65,2.82,$0.83,5.56,$0.08,57.99,$0.17B,$0.46B,0.36,$0.77B,$1.35B,0.57,$0.27B,$0.18B,67.92%,$0.27B,$0.17B,64.53%,$0.27B,$0.17B,64.53%,$0.27B,$0.18B,66.79%,$0.27B,$0.02B,6.42%,$0.27B,$0.02B,6.42%,$0.02B,$1.35B,1.22%,$0.02B,$1.35B,1.22%,$0.02B,$2.59B,0.63%,$0.17B,$2.13B,7.90%,$64,$20,$43,$0,$2,$22,$42,$-44,$-2,$0,$-2,$-2,$-2,$43,$42,$153,161,$-0.01,$-0.01,$143,$0,$0,$167,$0,$2402,$0,$0,$2419,$2586,$461,$772,$0,$772,$1233,$2,$-27,$0,$1353,$2586,$15,$5,$850,$855,$20,$0,$-5,$-696,$-681,$146,$0,$0,$0,$0,$0,$0,$0,$0,$-63,$110,$47,$-26,$-26,$-115,$-1,$-95,$52,$0,$-115
12,2015-06-30,4.79,$9.13,0.52,$1.76,2.72,$-3.72,0.0,$0.29,16.52,$0.26B,$0.44B,0.59,$0.77B,$1.40B,0.55,$0.28B,$0.19B,68.59%,$0.28B,$0.18B,64.98%,$0.28B,$0.18B,64.98%,$0.28B,$0.19B,67.15%,$0.28B,$0.05B,16.97%,$0.28B,$0.05B,16.97%,$0.05B,$1.40B,3.30%,$0.05B,$1.40B,3.30%,$0.05B,$2.61B,1.72%,$0.18B,$2.17B,8.14%,$70,$21,$49,$0,$3,$23,$46,$-26,$21,$0,$21,$21,$21,$48,$46,$153,161,$0.13,$0.13,$182,$0,$0,$259,$0,$2335,$0,$0,$2352,$2611,$438,$772,$0,$772,$1210,$2,$-17,$0,$1401,$2611,$18,$4,$711,$715,$18,$0,$-4,$-467,$-447,$252,$0,$0,$0,$0,$0,$0,$0,$0,$-63,$-2,$-65,$-4,$-4,$-89,$0,$-158,$94,$0,$-89
13,2015-03-31,5.2,$9.18,0.57,$1.83,2.84,$-9.70,0.0,$0.31,16.79,$0.17B,$0.55B,0.31,$0.77B,$1.41B,0.55,$0.28B,$0.19B,68.33%,$0.28B,$0.18B,65.12%,$0.28B,$0.18B,65.12%,$0.28B,$0.19B,67.26%,$0.28B,$0.05B,16.37%,$0.28B,$0.05B,16.37%,$0.05B,$1.41B,3.26%,$0.05B,$1.41B,3.26%,$0.05B,$2.73B,1.66%,$0.18B,$2.18B,8.30%,$66,$21,$45,$0,$3,$24,$43,$-17,$26,$0,$26,$26,$26,$44,$43,$153,161,$0.17,$0.17,$115,$0,$0,$172,$0,$2538,$0,$0,$2556,$2728,$548,$772,$0,$772,$1320,$2,$-22,$0,$1408,$2728,$-3,$3,$539,$542,$9,$0,$-4,$-569,$-562,$-45,$0,$0,$0,$0,$0,$0,$0,$0,$-62,$195,$133,$-3,$-3,$-62,$0,$67,$22,$0,$-62
14,2014-12-31,5.6,$9.17,0.61,$1.91,2.93,$-14.57,0.0,$0.35,15.99,$0.21B,$0.77B,0.27,$0.77B,$1.41B,0.55,$0.29B,$0.20B,68.29%,$0.29B,$0.19B,65.16%,$0.29B,$0.19B,65.16%,$0.29B,$0.19B,67.60%,$0.29B,$0.05B,17.42%,$0.29B,$0.05B,17.42%,$0.05B,$1.41B,3.57%,$0.05B,$1.41B,3.57%,$0.05B,$2.95B,1.79%,$0.19B,$2.18B,8.50%,$65,$22,$43,$0,$3,$25,$40,$-69,$-28,$0,$-28,$-28,$-28,$42,$40,$153,161,$-0.19,$-0.19,$111,$0,$0,$209,$0,$2722,$0,$0,$2741,$2950,$772,$772,$0,$772,$1544,$2,$-28,$0,$1406,$2950,$-28,$1,$234,$235,$4,$0,$-1,$-421,$-412,$-218,$0,$0,$0,$0,$0,$0,$0,$0,$-62,$300,$238,$-2,$-2,$-40,$0,$196,$-22,$0,$-40
15,2014-09-30,6.21,$9.64,0.64,$1.98,3.14,$-16.38,0.0,$0.79,7.87,$0.15B,$0.36B,0.43,$0.84B,$1.48B,0.57,$0.29B,$0.20B,68.94%,$0.29B,$0.19B,65.87%,$0.29B,$0.19B,65.87%,$0.29B,$0.20B,68.26%,$0.29B,$0.11B,38.23%,$0.29B,$0.11B,38.23%,$0.11B,$1.48B,8.05%,$0.11B,$1.48B,8.05%,$0.11B,$2.67B,4.20%,$0.19B,$2.31B,9.10%,$76,$23,$53,$0,$2,$25,$51,$-23,$28,$0,$28,$28,$28,$52,$51,$142,150,$0.18,$0.19,$109,$0,$0,$152,$0,$2496,$0,$0,$2516,$2668,$355,$835,$0,$835,$1190,$2,$-21,$0,$1478,$2668,$113,$6,$360,$366,$46,$0,$5,$-1003,$-947,$-546,$0,$0,$0,$0,$0,$0,$0,$0,$366,$129,$495,$130,$130,$-132,$-3,$490,$-57,$0,$-132
16,2014-06-30,6.48,$9.71,0.67,$1.96,3.31,$-16.65,0.0,$0.81,8.0,$0.09B,$0.59B,0.16,$0.80B,$1.35B,0.59,$0.27B,$0.19B,68.61%,$0.27B,$0.18B,65.69%,$0.27B,$0.18B,65.69%,$0.27B,$0.19B,68.25%,$0.27B,$0.11B,40.15%,$0.27B,$0.11B,40.15%,$0.11B,$1.35B,8.07%,$0.11B,$1.35B,8.07%,$0.11B,$2.74B,4.37%,$0.18B,$2.15B,9.01%,$74,$23,$51,$0,$2,$25,$49,$-29,$20,$0,$20,$20,$20,$51,$49,$139,147,$0.15,$0.15,$75,$0,$0,$94,$0,$2628,$0,$1,$2650,$2744,$589,$796,$7,$803,$1392,$1,$-19,$0,$1351,$2744,$84,$5,$255,$260,$31,$0,$5,$-984,$-936,$-649,$0,$0,$0,$0,$0,$0,$0,$0,$333,$347,$681,$-7,$-7,$-95,$-3,$576,$-73,$0,$-95
17,2014-03-31,6.07,$9.81,0.62,$1.91,3.18,$-15.65,0.0,$0.88,6.9,$0.09B,$0.62B,0.14,$0.80B,$1.37B,0.58,$0.26B,$0.18B,68.99%,$0.26B,$0.17B,66.28%,$0.26B,$0.17B,66.28%,$0.26B,$0.18B,68.60%,$0.26B,$0.12B,44.96%,$0.26B,$0.12B,44.96%,$0.12B,$1.37B,8.75%,$0.12B,$1.37B,8.75%,$0.12B,$2.79B,5.04%,$0.17B,$2.16B,9.12%,$72,$23,$49,$0,$2,$25,$47,$-17,$30,$0,$30,$30,$30,$49,$47,$139,147,$0.22,$0.21,$45,$0,$0,$85,$0,$2684,$0,$1,$2707,$2792,$618,$798,$12,$809,$1427,$1,$-19,$0,$1365,$2792,$64,$3,$193,$196,$21,$0,$5,$-1006,$-975,$-756,$0,$0,$0,$0,$0,$0,$0,$0,$335,$389,$724,$-5,$-5,$-62,$-2,$654,$-102,$0,$-62
18,2013-12-31,5.78,$9.85,0.59,$1.90,3.04,$-14.08,0.0,$0.96,6.03,$0.06B,$0.60B,0.1,$0.49B,$1.37B,0.36,$0.24B,$0.17B,69.29%,$0.24B,$0.16B,66.80%,$0.24B,$0.16B,66.80%,$0.24B,$0.17B,68.88%,$0.24B,$0.12B,48.96%,$0.24B,$0.12B,48.96%,$0.12B,$1.37B,9.46%,$0.12B,$1.37B,9.46%,$0.12B,$2.45B,5.73%,$0.16B,$1.86B,9.52%,$71,$22,$49,$0,$3,$25,$46,$-13,$34,$0,$34,$34,$34,$48,$46,$139,150,$0.24,$0.24,$43,$0,$0,$57,$0,$2377,$0,$1,$2397,$2454,$598,$487,$0,$487,$1085,$1,$-18,$0,$1370,$2454,$34,$1,$114,$115,$16,$0,$4,$-628,$-602,$-475,$0,$0,$0,$0,$0,$0,$0,$0,$29,$376,$405,$-2,$-2,$-30,$-2,$371,$-105,$0,$-30
19,2013-09-30,6.28,$9.85,0.64,$1.93,3.25,$-13.63,0.0,$0.91,6.9,$0.16B,$0.25B,0.65,$0.46B,$1.37B,0.34,$0.22B,$0.15B,69.37%,$0.22B,$0.15B,67.12%,$0.22B,$0.15B,67.12%,$0.22B,$0.15B,68.92%,$0.22B,$0.10B,45.95%,$0.22B,$0.10B,45.95%,$0.10B,$1.37B,8.75%,$0.10B,$1.37B,8.75%,$0.10B,$2.07B,5.49%,$0.15B,$1.83B,9.42%,$57,$18,$39,$0,$1,$19,$38,$-12,$26,$0,$26,$26,$26,$39,$38,$110,118,$0.21,$0.20,$147,$0,$0,$160,$0,$1893,$0,$0,$1913,$2072,$245,$458,$0,$458,$703,$1,$-21,$0,$1369,$2072,$102,$5,$74,$79,$36,$0,$5,$-619,$-579,$-462,$0,$0,$0,$0,$0,$0,$0,$0,$188,$-13,$174,$480,$480,$-115,$-7,$532,$71,$0,$-115
20,2013-06-30,6.21,$9.90,0.63,$1.93,3.22,$-10.77,0.0,$1.02,6.09,$0.08B,$0.24B,0.31,$0.46B,$1.20B,0.38,$0.21B,$0.15B,69.71%,$0.21B,$0.14B,67.31%,$0.21B,$0.14B,67.31%,$0.21B,$0.14B,69.23%,$0.21B,$0.10B,49.52%,$0.21B,$0.10B,49.52%,$0.10B,$1.20B,9.81%,$0.10B,$1.20B,9.81%,$0.10B,$1.90B,6.10%,$0.14B,$1.66B,9.88%,$58,$17,$41,$0,$2,$19,$40,$-14,$26,$0,$26,$26,$26,$41,$40,$118,126,$0.22,$0.22,$60,$0,$0,$76,$0,$1802,$0,$0,$1821,$1897,$242,$458,$0,$458,$700,$1,$-15,$0,$1197,$1897,$76,$4,$65,$69,$26,$0,$3,$-560,$-528,$-431,$0,$0,$0,$0,$0,$0,$0,$0,$188,$15,$202,$304,$304,$-85,$-5,$416,$-15,$0,$-85
21,2013-03-31,6.37,$9.90,0.64,$1.92,3.31,$-7.59,0.0,$1.06,6.01,$0.05B,$0.39B,0.13,$0.37B,$1.05B,0.35,$0.19B,$0.13B,69.63%,$0.19B,$0.13B,67.02%,$0.19B,$0.13B,67.02%,$0.19B,$0.13B,69.11%,$0.19B,$0.10B,51.83%,$0.19B,$0.10B,51.83%,$0.10B,$1.05B,10.38%,$0.10B,$1.05B,10.38%,$0.10B,$1.82B,6.41%,$0.13B,$1.42B,10.06%,$55,$17,$38,$0,$2,$18,$37,$-5,$32,$0,$32,$32,$32,$38,$37,$106,114,$0.30,$0.29,$38,$0,$0,$50,$0,$1749,$0,$1,$1767,$1816,$394,$372,$0,$372,$765,$1,$-11,$0,$1051,$1816,$50,$3,$61,$63,$19,$0,$2,$-507,$-487,$-407,$0,$0,$0,$0,$0,$0,$0,$0,$104,$172,$277,$152,$152,$-54,$-4,$371,$-36,$0,$-54
22,2012-12-31,5.87,$9.88,0.59,$1.92,3.05,$-2.94,0.0,$1.01,5.81,$0.05B,$0.23B,0.21,$0.37B,$1.05B,0.36,$0.18B,$0.13B,70.22%,$0.18B,$0.12B,66.85%,$0.18B,$0.12B,66.85%,$0.18B,$0.12B,69.10%,$0.18B,$0.09B,48.88%,$0.18B,$0.09B,48.88%,$0.09B,$1.05B,9.73%,$0.09B,$1.05B,9.73%,$0.09B,$1.65B,6.27%,$0.12B,$1.42B,10.02%,$52,$16,$36,$0,$2,$18,$34,$-16,$18,$0,$18,$18,$18,$35,$34,$95,103,$0.19,$0.19,$37,$0,$0,$48,$0,$1580,$0,$0,$1599,$1647,$228,$372,$0,$372,$600,$1,$-9,$0,$1047,$1647,$18,$1,$43,$44,$10,$0,$-9,$-327,$-325,$-280,$0,$0,$0,$0,$0,$0,$0,$0,$104,$17,$121,$152,$152,$-26,$-4,$243,$-37,$0,$-26
23,2012-09-30,6.02,$9.92,0.61,$1.91,3.16,$-0.16,0.0,$0.95,6.33,$0.09B,$0.22B,0.4,$0.27B,$0.90B,0.29,$0.17B,$0.12B,70.30%,$0.17B,$0.11B,67.88%,$0.17B,$0.11B,67.88%,$0.17B,$0.12B,70.30%,$0.17B,$0.08B,47.88%,$0.17B,$0.08B,47.88%,$0.08B,$0.90B,9.74%,$0.08B,$0.90B,9.74%,$0.08B,$1.39B,6.17%,$0.11B,$1.17B,10.36%,$43,$13,$30,$0,$1,$14,$29,$-2,$27,$0,$27,$27,$27,$30,$29,$80,88,$0.34,$0.34,$74,$0,$0,$87,$0,$1288,$0,$0,$1302,$1389,$220,$265,$0,$265,$485,$1,$-8,$0,$904,$1389,$79,$4,$20,$24,$24,$0,$1,$-171,$-147,$-92,$0,$0,$0,$0,$0,$0,$0,$0,$-18,$23,$5,$189,$189,$-92,$-5,$97,$5,$0,$-92
24,2012-06-30,5.32,$9.85,0.54,$1.97,2.7,$-6.66,0.0,$0.30,17.74,$0.11B,$0.25B,0.45,$0.27B,$0.81B,0.33,$0.16B,$0.11B,70.00%,$0.16B,$0.11B,67.50%,$0.16B,$0.11B,67.50%,$0.16B,$0.11B,70.00%,$0.16B,$0.03B,17.50%,$0.16B,$0.03B,17.50%,$0.03B,$0.81B,3.65%,$0.03B,$0.81B,3.65%,$0.03B,$1.32B,2.26%,$0.11B,$1.08B,10.36%,$41,$12,$29,$0,$2,$13,$28,$-5,$22,$0,$22,$22,$22,$29,$28,$82,90,$0.27,$0.26,$106,$0,$0,$112,$0,$1198,$0,$0,$1212,$1324,$247,$265,$0,$265,$512,$1,$-6,$0,$812,$1324,$52,$3,$25,$28,$20,$0,$1,$-85,$-65,$-22,$0,$0,$0,$0,$0,$0,$0,$0,$-18,$51,$33,$101,$101,$-69,$-4,$60,$38,$0,$-69
25,2012-03-31,5.05,$9.87,0.51,$1.94,2.6,$-12.08,0.0,$0.34,14.85,$0.12B,$0.11B,1.16,$0.27B,$0.81B,0.34,$0.15B,$0.11B,69.54%,$0.15B,$0.10B,67.55%,$0.15B,$0.10B,67.55%,$0.15B,$0.11B,69.54%,$0.15B,$0.03B,17.88%,$0.15B,$0.03B,17.88%,$0.03B,$0.81B,3.56%,$0.03B,$0.81B,3.56%,$0.03B,$1.19B,2.29%,$0.10B,$1.09B,9.79%,$42,$12,$30,$0,$2,$14,$28,$-8,$20,$0,$20,$20,$20,$29,$28,$80,88,$0.25,$0.24,$115,$0,$0,$123,$0,$1056,$0,$0,$1071,$1193,$106,$274,$0,$274,$380,$1,$-4,$0,$813,$1193,$30,$2,$25,$27,$12,$0,$0,$49,$62,$95,$0,$0,$0,$0,$0,$0,$0,$0,$-9,$-91,$-100,$101,$101,$-45,$-3,$-47,$48,$0,$-45
26,2011-12-31,4.81,$9.89,0.49,$1.94,2.48,$-18.68,0.0,$0.37,13.01,$0.09B,$0.23B,0.37,$0.28B,$0.72B,0.38,$0.14B,$0.10B,68.35%,$0.14B,$0.09B,66.91%,$0.14B,$0.09B,66.91%,$0.14B,$0.10B,69.06%,$0.14B,$0.02B,16.55%,$0.14B,$0.02B,16.55%,$0.02B,$0.72B,3.14%,$0.02B,$0.72B,3.14%,$0.02B,$1.22B,2.04%,$0.09B,$0.99B,9.46%,$39,$12,$27,$0,$2,$13,$27,$-17,$10,$0,$10,$10,$10,$28,$27,$72,81,$0.14,$0.13,$70,$0,$0,$85,$0,$1120,$0,$0,$1134,$1218,$228,$275,$0,$275,$503,$1,$-4,$0,$716,$1218,$10,$1,$22,$23,$5,$0,$0,$-23,$-18,$4,$0,$0,$0,$0,$0,$0,$0,$0,$-9,$31,$22,$0,$0,$-23,$-1,$-1,$3,$0,$-23
27,2011-09-30,4.54,$10.07,0.45,$1.92,2.37,$-21.65,0.0,$0.56,8.1,$0.08B,$0.20B,0.38,$0.29B,$0.73B,0.39,$0.13B,$0.09B,68.00%,$0.13B,$0.08B,65.60%,$0.13B,$0.08B,65.60%,$0.13B,$0.08B,67.20%,$0.13B,$0.03B,24.00%,$0.13B,$0.03B,24.00%,$0.03B,$0.73B,4.30%,$0.03B,$0.73B,4.30%,$0.03B,$1.21B,2.93%,$0.08B,$1.01B,9.01%,$38,$12,$26,$0,$2,$12,$25,$-49,$-24,$0,$-24,$-24,$-24,$26,$25,$64,69,$-0.41,$-0.40,$68,$0,$0,$75,$0,$1120,$0,$0,$1135,$1210,$196,$285,$0,$285,$481,$1,$-2,$0,$729,$1210,$30,$3,$37,$40,$20,$0,$5,$-583,$-554,$-518,$0,$0,$0,$0,$0,$0,$0,$0,$214,$178,$392,$207,$207,$-77,$-13,$509,$-9,$0,$-77
28,2011-06-30,5.53,$10.72,0.52,$1.81,3.06,$-19.37,0.0,$0.98,5.65,$0.03B,$0.02B,1.65,$0.30B,$0.78B,0.39,$0.11B,$0.07B,68.22%,$0.11B,$0.07B,65.42%,$0.11B,$0.07B,65.42%,$0.11B,$0.07B,66.36%,$0.11B,$0.06B,55.14%,$0.11B,$0.06B,55.14%,$0.06B,$0.78B,8.97%,$0.06B,$0.78B,8.97%,$0.06B,$1.09B,6.66%,$0.07B,$1.08B,8.57%,$32,$10,$22,$0,$1,$11,$22,$-1,$21,$0,$21,$21,$21,$22,$22,$67,76,$0.31,$0.30,$18,$0,$0,$25,$0,$1053,$0,$2,$1069,$1094,$15,$302,$1,$303,$318,$1,$1,$0,$776,$1094,$54,$2,$-7,$-5,$15,$0,$4,$-479,$-457,$-431,$0,$0,$0,$0,$0,$0,$0,$0,$229,$0,$229,$207,$207,$-54,$-10,$372,$-59,$0,$-54
29,2011-03-31,6.21,$10.68,0.58,$1.80,3.44,$-17.54,0.0,$0.94,6.6,$0.05B,$0.15B,0.31,$0.14B,$0.71B,0.19,$0.09B,$0.07B,69.15%,$0.09B,$0.06B,64.89%,$0.09B,$0.06B,64.89%,$0.09B,$0.06B,65.96%,$0.09B,$0.04B,38.30%,$0.09B,$0.04B,38.30%,$0.04B,$0.71B,5.94%,$0.04B,$0.71B,5.94%,$0.04B,$1.00B,4.71%,$0.06B,$0.85B,8.73%,$30,$9,$20,$0,$1,$10,$19,$-4,$16,$0,$16,$16,$16,$20,$19,$62,62,$0.25,$0.25,$39,$0,$0,$45,$0,$940,$0,$2,$950,$996,$145,$138,$1,$139,$284,$1,$6,$0,$712,$996,$33,$1,$-3,$-2,$12,$0,$3,$-374,$-358,$-343,$0,$0,$0,$0,$0,$0,$0,$0,$65,$134,$199,$144,$144,$-34,$-5,$304,$-38,$0,$-34
30,2010-12-31,5.51,$10.44,0.53,$1.74,3.17,$-15.38,0.0,$0.93,5.93,$0.05B,$0.10B,0.48,$0.12B,$0.58B,0.21,$0.08B,$0.06B,69.51%,$0.08B,$0.05B,64.63%,$0.08B,$0.05B,64.63%,$0.08B,$0.05B,64.63%,$0.08B,$0.03B,35.37%,$0.08B,$0.03B,35.37%,$0.03B,$0.58B,5.28%,$0.03B,$0.58B,5.28%,$0.03B,$0.80B,4.54%,$0.05B,$0.70B,8.73%,$25,$8,$17,$0,$1,$9,$16,$1,$17,$0,$17,$17,$17,$16,$16,$55,55,$0.32,$0.32,$43,$0,$0,$48,$0,$742,$0,$2,$751,$799,$99,$123,$1,$124,$224,$1,$8,$0,$575,$799,$17,$0,$-3,$-3,$7,$0,$2,$-175,$-166,$-159,$0,$0,$0,$0,$0,$0,$0,$0,$50,$89,$139,$5,$5,$-17,$-2,$126,$-34,$0,$-17
31,2010-09-30,4.88,$10.43,0.47,$1.62,3.0,$-15.88,0.0,$0.83,5.87,$0.08B,$0.01B,9.58,$0.07B,$0.57B,0.13,$0.07B,$0.05B,70.00%,$0.07B,$0.05B,64.29%,$0.07B,$0.05B,64.29%,$0.07B,$0.05B,64.29%,$0.07B,$0.02B,30.00%,$0.07B,$0.02B,30.00%,$0.02B,$0.57B,4.13%,$0.02B,$0.57B,4.13%,$0.02B,$0.65B,3.81%,$0.05B,$0.64B,8.41%,$20,$6,$14,$0,$1,$8,$13,$-7,$5,$0,$5,$5,$5,$13,$13,$45,45,$0.06,$0.06,$77,$0,$0,$81,$0,$564,$0,$2,$571,$652,$8,$73,$1,$74,$83,$1,$11,$0,$569,$652,$22,$1,$21,$22,$11,$0,$2,$-280,$-266,$-239,$0,$0,$0,$0,$0,$0,$0,$0,$73,$0,$73,$179,$179,$-42,$-8,$203,$-36,$0,$-42
32,2010-06-30,4.78,$10.43,0.46,$1.69,2.83,$-11.41,0.0,$0.99,4.83,$0.11B,$0.01B,15.49,$0.04B,$0.57B,0.06,$0.06B,$0.04B,70.97%,$0.06B,$0.04B,64.52%,$0.06B,$0.04B,64.52%,$0.06B,$0.04B,64.52%,$0.06B,$0.02B,38.71%,$0.06B,$0.02B,38.71%,$0.02B,$0.57B,5.12%,$0.02B,$0.57B,5.12%,$0.02B,$0.61B,4.87%,$0.04B,$0.60B,8.38%,$19,$6,$14,$0,$1,$7,$13,$-14,$-2,$0,$-2,$-2,$-2,$13,$13,$46,46,$-0.04,$-0.04,$107,$0,$0,$112,$0,$495,$0,$0,$500,$611,$7,$35,$0,$35,$42,$1,$5,$0,$569,$611,$17,$0,$19,$19,$6,$0,$2,$-211,$-203,$-178,$0,$0,$0,$0,$0,$0,$0,$0,$35,$0,$35,$179,$179,$-37,$-6,$171,$-7,$0,$-37
33,2010-03-31,4.9,$10.70,0.46,$1.83,2.67,$-8.42,0.0,$1.08,4.54,$0.03B,$0.01B,4.72,$0.00B,$0.48B,0.0,$0.06B,$0.04B,69.64%,$0.06B,$0.04B,62.50%,$0.06B,$0.04B,62.50%,$0.06B,$0.04B,62.50%,$0.06B,$0.03B,57.14%,$0.06B,$0.03B,57.14%,$0.03B,$0.48B,8.11%,$0.03B,$0.48B,8.11%,$0.03B,$0.49B,7.73%,$0.04B,$0.48B,8.87%,$18,$5,$12,$0,$1,$6,$11,$-2,$9,$0,$9,$9,$9,$11,$11,$43,43,$0.22,$0.22,$23,$0,$0,$30,$0,$461,$0,$0,$461,$491,$6,$0,$0,$0,$6,$0,$8,$0,$484,$491,$19,$0,$5,$5,$5,$0,$2,$-167,$-161,$-144,$0,$0,$0,$0,$0,$0,$0,$0,$0,$0,$0,$78,$78,$-23,$-1,$55,$-90,$0,$-23
34,2009-12-31,4.41,$10.82,0.41,$1.94,2.27,$-6.18,0.0,$1.15,3.84,$0.02B,$0.04B,0.39,$0.00B,$0.41B,0.0,$0.05B,$0.04B,70.00%,$0.05B,$0.03B,64.00%,$0.05B,$0.03B,64.00%,$0.05B,$0.03B,64.00%,$0.05B,$0.03B,52.00%,$0.05B,$0.03B,52.00%,$0.03B,$0.41B,7.61%,$0.03B,$0.41B,7.61%,$0.03B,$0.45B,7.11%,$0.03B,$0.41B,9.37%,$13,$5,$9,$0,$1,$5,$8,$1,$9,$0,$9,$9,$9,$8,$8,$38,38,$0.25,$0.25,$12,$0,$0,$16,$0,$437,$0,$0,$437,$453,$43,$0,$0,$0,$43,$0,$10,$0,$410,$453,$9,$0,$-1,$-1,$4,$0,$0,$-139,$-135,$-129,$0,$0,$0,$0,$0,$0,$0,$0,$0,$38,$38,$0,$0,$-10,$-0,$28,$-101,$0,$-10
35,2009-09-30,4.37,$10.84,0.4,$2.15,2.03,$-3.14,0.0,$1.29,3.39,$0.12B,$0.01B,22.61,$0.00B,$0.41B,0.0,$0.05B,$0.04B,70.00%,$0.05B,$0.03B,64.00%,$0.05B,$0.03B,64.00%,$0.05B,$0.03B,64.00%,$0.05B,$0.01B,14.00%,$0.05B,$0.01B,14.00%,$0.01B,$0.41B,2.29%,$0.01B,$0.41B,2.29%,$0.01B,$0.42B,2.17%,$0.03B,$0.41B,10.45%,$12,$4,$9,$0,$1,$5,$8,$-0,$8,$0,$8,$8,$8,$8,$8,$25,25,$0.33,$0.33,$113,$0,$0,$116,$0,$300,$0,$0,$300,$416,$5,$0,$0,$0,$5,$0,$12,$0,$411,$416,$6,$0,$25,$25,$3,$0,$0,$-43,$-39,$-20,$0,$0,$0,$0,$0,$0,$0,$0,$0,$0,$0,$138,$138,$-27,$-1,$110,$90,$0,$-27
36,2009-06-30,3.91,$11.95,0.33,$2.40,1.63,$-13.87,0.0,$1.22,3.21,$0.01B,$0.02B,0.21,$0.00B,$0.27B,0.0,$0.05B,$0.03B,68.00%,$0.05B,$0.03B,62.00%,$0.05B,$0.03B,62.00%,$0.05B,$0.03B,62.00%,$0.05B,$0.00B,4.00%,$0.05B,$0.00B,4.00%,$0.00B,$0.27B,0.72%,$0.00B,$0.27B,0.72%,$0.00B,$0.30B,0.68%,$0.03B,$0.27B,11.19%,$13,$4,$9,$0,$1,$5,$8,$-2,$6,$0,$6,$6,$6,$8,$8,$23,23,$0.26,$0.26,$2,$0,$0,$5,$0,$291,$0,$0,$291,$296,$23,$0,$0,$0,$23,$0,$12,$0,$273,$296,$-1,$0,$25,$25,$3,$0,$0,$-37,$-34,$-19,$0,$0,$0,$0,$0,$0,$0,$0,$0,$19,$19,$-0,$-0,$-20,$-0,$-2,$-21,$0,$-20
37,2009-03-31,2.94,$11.94,0.25,$2.47,1.19,$-21.44,0.0,$1.23,2.39,$0.01B,$0.03B,0.27,$0.00B,$0.27B,0.0,$0.05B,$0.03B,67.39%,$0.05B,$0.03B,63.04%,$0.05B,$0.03B,63.04%,$0.05B,$0.03B,63.04%,$0.05B,$-0.01B,-19.57%,$0.05B,$-0.01B,-19.57%,$-0.01B,$0.27B,-3.17%,$-0.01B,$0.27B,-3.17%,$-0.01B,$0.30B,-3.05%,$0.03B,$0.27B,10.23%,$12,$4,$8,$0,$1,$4,$8,$-5,$3,$0,$3,$3,$3,$8,$8,$23,23,$0.12,$0.12,$4,$0,$0,$7,$0,$291,$0,$0,$291,$298,$25,$0,$0,$0,$25,$0,$10,$0,$272,$298,$-7,$0,$23,$23,$2,$0,$0,$-41,$-39,$-25,$0,$0,$0,$0,$0,$0,$0,$0,$0,$21,$21,$-0,$-0,$-14,$-0,$6,$-19,$0,$-14
