,Date,Stock Price,Book Value per Share,Price to Book Ratio,TTM Sales per Share,Price to Sales Ratio,TTM FCF per Share,Price to FCF Ratio,TTM Net EPS,PE Ratio,Current Assets,Current Liabilities,Current Ratio,Long Term Debt,Shareholder's Equity_x,Debt to Equity Ratio,TTM Revenue_x,TTM Gross Profit,Gross Margin,TTM Revenue_y,TTM Operating Income,Operating Margin,TTM Revenue_x,TTM EBIT,EBIT Margin,TTM Revenue_y,TTM EBITDA,EBITDA Margin,TTM Revenue_x,TTM Pre-Tax Income,Pre-Tax Margin,TTM Revenue_y,TTM Net Income_x,Net Margin,TTM Net Income_y,Shareholder's Equity_y,Return on Equity,TTM Net Income_x,Tangible Equity,Return on Tangible Equity,TTM Net Income_y,Total Assets,Return on Assets,TTM Net Income,LT Investments & Debt,Return on Investment,revenue,cost-goods-sold,gross-profit,research-development-expenses,selling-general-administrative-expenses,operating-expenses,operating-income,total-non-operating-income-expense,pre-tax-income,total-provision-income-taxes,income-after-taxes,income-from-continuous-operations,net-income,ebitda,ebit,basic-shares-outstanding,shares-outstanding,eps-basic-net-earnings-per-share,eps-earnings-per-share-diluted,cash-on-hand,inventory,other-current-assets,total-current-assets,net-property-plant-equipment,long-term-investments,goodwill-intangible-assets-total,other-long-term-assets,total-long-term-assets,total-assets,total-current-liabilities,long-term-debt,other-non-current-liabilities,total-long-term-liabilities,total-liabilities,common-stock-net,retained-earnings-accumulated-deficit,comprehensive-income,total-share-holder-equity,total-liabilities-share-holders-equity,net-income-loss,total-depreciation-amortization-cash-flow,other-non-cash-items,total-non-cash-items,change-in-accounts-receivable,change-in-inventories,change-in-accounts-payable,change-in-assets-liabilities,total-change-in-assets-liabilities,cash-flow-from-operating-activities,net-change-in-property-plant-equipment,net-change-in-intangible-assets,net-acquisitions-divestitures,net-change-in-short-term-investments,net-change-in-long-term-investments,net-change-in-investments-total,investing-activities-other,cash-flow-from-investing-activities,net-long-term-debt,net-current-debt,debt-issuance-retirement-net-total,net-common-equity-issued-repurchased,net-total-equity-issued-repurchased,total-common-preferred-stock-dividends-paid,financial-activities-other,cash-flow-from-financial-activities,net-cash-flow,stock-based-compensation,common-stock-dividends-paid
0,2018-07-31,42.12,$18.02,2.34,$36.96,1.14,$-1.21,0.0,$1.10,38.29,$0.08B,$0.03B,2.68,$0.01B,$0.13B,0.05,$0.27B,$0.07B,27.34%,$0.27B,$0.02B,5.62%,$0.27B,$0.02B,5.62%,$0.27B,$0.03B,10.11%,$0.27B,$0.02B,5.62%,$0.27B,$0.01B,3.37%,$0.01B,$0.13B,6.99%,$0.01B,$0.12B,7.78%,$0.01B,$0.20B,4.47%,$0.02B,$0.14B,11.13%,$66,$50,$16,$0,$13,$63,$3,$-0,$3,$-0,$3,$3,$3,$6,$3,$7,7,$0.38,$0.35,$20,$23,$0,$83,$87,$0,$13,$5,$112,$195,$31,$6,$4,$32,$63,$1,$159,$-11,$132,$195,$8,$13,$9,$21,$-1,$0,$-2,$-17,$-19,$11,$-15,$0,$-1,$17,$0,$17,$2,$3,$-3,$0,$-3,$-0,$-0,$-6,$0,$-9,$4,$2,$-6
1,2018-04-30,38.3,$17.64,2.17,$37.06,1.03,$1.11,34.53,$0.92,41.63,$0.09B,$0.04B,2.44,$0.01B,$0.13B,0.05,$0.27B,$0.07B,27.34%,$0.27B,$0.02B,5.62%,$0.27B,$0.02B,5.62%,$0.27B,$0.03B,10.11%,$0.27B,$0.02B,5.62%,$0.27B,$0.01B,2.62%,$0.01B,$0.13B,5.50%,$0.01B,$0.12B,6.13%,$0.01B,$0.20B,3.40%,$0.02B,$0.14B,11.19%,$65,$47,$18,$0,$15,$62,$3,$0,$3,$-0,$4,$4,$4,$6,$3,$7,7,$0.50,$0.50,$25,$23,$0,$87,$85,$0,$13,$5,$111,$198,$36,$6,$4,$33,$69,$1,$158,$-12,$129,$198,$6,$9,$7,$17,$0,$-1,$-1,$-17,$-20,$3,$-11,$0,$0,$-29,$38,$9,$2,$1,$-3,$6,$3,$-0,$-0,$-5,$0,$-2,$2,$1,$-5
2,2018-01-31,38.2,$17.26,2.21,$37.12,1.03,$3.67,10.41,$0.88,43.41,$0.09B,$0.03B,2.83,$0.01B,$0.13B,0.05,$0.27B,$0.07B,27.34%,$0.27B,$0.02B,5.99%,$0.27B,$0.02B,5.99%,$0.27B,$0.03B,10.49%,$0.27B,$0.02B,5.99%,$0.27B,$0.01B,2.25%,$0.01B,$0.13B,4.77%,$0.01B,$0.11B,5.33%,$0.01B,$0.21B,2.86%,$0.02B,$0.13B,12.01%,$69,$49,$20,$0,$15,$64,$5,$0,$5,$6,$-1,$-1,$-1,$8,$5,$7,7,$-0.15,$-0.15,$31,$23,$0,$94,$84,$0,$13,$5,$111,$206,$33,$6,$4,$46,$79,$1,$154,$-10,$126,$206,$2,$6,$6,$12,$0,$0,$-1,$1,$-3,$12,$-7,$0,$0,$2,$0,$2,$0,$-5,$-3,$0,$-3,$-0,$-0,$-3,$0,$-6,$0,$1,$-3
3,2017-10-31,41.05,$17.50,2.35,$36.58,1.12,$3.25,12.62,$1.61,25.5,$0.09B,$0.03B,3.2,$0.01B,$0.13B,0.05,$0.26B,$0.07B,27.38%,$0.26B,$0.02B,6.46%,$0.26B,$0.02B,6.46%,$0.26B,$0.03B,11.03%,$0.26B,$0.02B,6.08%,$0.26B,$0.01B,4.18%,$0.01B,$0.13B,8.84%,$0.01B,$0.12B,9.91%,$0.01B,$0.21B,5.24%,$0.02B,$0.13B,12.81%,$67,$48,$19,$0,$15,$63,$4,$-0,$4,$1,$3,$3,$3,$7,$4,$7,7,$0.43,$0.41,$27,$23,$0,$89,$84,$0,$13,$6,$118,$207,$28,$6,$4,$51,$79,$1,$156,$-10,$128,$207,$3,$3,$0,$4,$1,$-0,$-1,$-1,$-4,$3,$-4,$0,$0,$-13,$18,$5,$0,$1,$-3,$0,$-3,$-0,$-0,$-2,$0,$-5,$-1,$0,$-2
4,2017-07-31,40.18,$17.27,2.33,$36.67,1.1,$3.04,13.22,$1.48,27.15,$0.09B,$0.03B,2.86,$0.01B,$0.13B,0.07,$0.26B,$0.07B,28.14%,$0.26B,$0.02B,6.08%,$0.26B,$0.02B,6.08%,$0.26B,$0.03B,10.65%,$0.26B,$0.02B,5.70%,$0.26B,$0.01B,3.80%,$0.01B,$0.13B,8.21%,$0.01B,$0.11B,9.26%,$0.01B,$0.21B,4.81%,$0.02B,$0.14B,12.24%,$66,$50,$16,$0,$13,$63,$3,$0,$3,$2,$1,$1,$1,$6,$3,$7,7,$0.19,$0.15,$33,$23,$0,$94,$84,$0,$13,$6,$118,$213,$33,$9,$4,$54,$87,$1,$155,$-10,$126,$213,$11,$13,$4,$17,$-2,$1,$2,$-0,$-0,$27,$-15,$0,$0,$-13,$0,$-13,$0,$-28,$-3,$0,$-3,$0,$0,$-6,$0,$-9,$-10,$2,$-6
5,2017-04-30,39.29,$16.83,2.33,$36.63,1.07,$3.41,11.53,$2.02,19.45,$0.10B,$0.03B,2.99,$0.01B,$0.12B,0.08,$0.26B,$0.08B,29.39%,$0.26B,$0.02B,6.11%,$0.26B,$0.02B,6.11%,$0.26B,$0.03B,11.07%,$0.26B,$0.02B,5.73%,$0.26B,$0.01B,5.34%,$0.01B,$0.12B,11.74%,$0.01B,$0.11B,13.33%,$0.01B,$0.21B,6.80%,$0.02B,$0.13B,12.40%,$65,$47,$18,$0,$14,$61,$4,$0,$4,$1,$3,$3,$3,$7,$4,$7,7,$0.45,$0.45,$32,$24,$0,$98,$82,$0,$14,$7,$114,$212,$33,$9,$4,$56,$89,$1,$155,$-13,$123,$212,$9,$10,$2,$11,$-2,$-1,$2,$0,$0,$21,$-10,$0,$0,$-33,$25,$-9,$0,$-19,$-3,$0,$-3,$0,$0,$-4,$0,$-7,$-5,$1,$-4
6,2017-01-31,32.29,$16.51,1.96,$36.71,0.88,$3.71,8.71,$1.45,22.27,$0.09B,$0.03B,3.15,$0.01B,$0.12B,0.08,$0.26B,$0.08B,29.89%,$0.26B,$0.01B,4.21%,$0.26B,$0.01B,4.21%,$0.26B,$0.02B,9.20%,$0.26B,$0.01B,3.83%,$0.26B,$0.01B,3.83%,$0.01B,$0.12B,8.49%,$0.01B,$0.11B,9.69%,$0.01B,$0.21B,4.95%,$0.01B,$0.13B,8.58%,$65,$46,$19,$0,$14,$60,$6,$-0,$5,$1,$4,$4,$4,$9,$6,$7,7,$0.60,$0.59,$25,$23,$0,$93,$81,$0,$14,$6,$114,$207,$29,$9,$4,$57,$86,$1,$153,$-13,$121,$207,$6,$6,$1,$8,$-2,$0,$1,$-2,$-5,$9,$-7,$0,$0,$3,$0,$3,$0,$-4,$-3,$0,$-3,$0,$0,$-3,$0,$-6,$-1,$1,$-3
7,2016-10-31,32.22,$16.06,2.01,$36.82,0.88,$5.22,6.18,$1.40,23.01,$0.09B,$0.03B,3.15,$0.01B,$0.12B,0.08,$0.26B,$0.08B,29.89%,$0.26B,$0.01B,3.83%,$0.26B,$0.01B,3.83%,$0.26B,$0.02B,8.81%,$0.26B,$0.01B,3.83%,$0.26B,$0.01B,3.83%,$0.01B,$0.12B,8.55%,$0.01B,$0.10B,9.78%,$0.01B,$0.20B,5.00%,$0.01B,$0.13B,7.80%,$67,$46,$21,$0,$18,$64,$3,$-0,$3,$1,$2,$2,$2,$6,$3,$7,7,$0.28,$0.28,$21,$24,$0,$86,$82,$0,$14,$6,$114,$200,$27,$9,$3,$56,$83,$1,$150,$-14,$117,$200,$2,$3,$1,$4,$-1,$-0,$0,$-0,$-5,$1,$-4,$0,$0,$-5,$10,$5,$0,$1,$-3,$0,$-3,$-0,$-0,$-1,$0,$-5,$-3,$0,$-1
8,2016-07-31,35.53,$15.92,2.23,$37.08,0.96,$6.59,5.39,$1.89,18.8,$0.09B,$0.03B,2.97,$0.01B,$0.12B,0.11,$0.26B,$0.08B,29.77%,$0.26B,$0.02B,5.73%,$0.26B,$0.02B,5.73%,$0.26B,$0.03B,10.69%,$0.26B,$0.02B,5.73%,$0.26B,$0.01B,4.96%,$0.01B,$0.12B,11.16%,$0.01B,$0.10B,12.81%,$0.01B,$0.21B,6.57%,$0.02B,$0.13B,11.65%,$65,$46,$19,$0,$15,$61,$3,$-0,$3,$-2,$5,$5,$5,$7,$3,$7,7,$0.75,$0.74,$29,$23,$0,$91,$81,$0,$14,$6,$114,$205,$31,$12,$3,$59,$89,$1,$150,$-14,$116,$205,$14,$12,$-7,$6,$1,$-2,$-1,$5,$6,$25,$-10,$0,$0,$-8,$0,$-8,$0,$-18,$-3,$0,$-3,$0,$0,$-6,$0,$-8,$-2,$1,$-6
9,2016-04-30,31.43,$16.08,1.95,$37.24,0.84,$6.09,5.16,$1.88,16.72,$0.09B,$0.03B,2.94,$0.01B,$0.12B,0.11,$0.26B,$0.08B,28.90%,$0.26B,$0.02B,6.84%,$0.26B,$0.02B,6.84%,$0.26B,$0.03B,11.41%,$0.26B,$0.02B,6.84%,$0.26B,$0.01B,4.94%,$0.01B,$0.12B,11.28%,$0.01B,$0.10B,13.00%,$0.01B,$0.20B,6.69%,$0.02B,$0.13B,14.04%,$64,$46,$19,$0,$20,$65,$-1,$0,$-1,$-0,$-1,$-1,$-1,$2,$-1,$7,7,$-0.13,$-0.13,$28,$25,$0,$90,$79,$0,$15,$6,$106,$196,$31,$12,$3,$49,$80,$1,$146,$-9,$117,$196,$8,$9,$2,$11,$2,$-4,$-1,$0,$1,$19,$-7,$0,$0,$-8,$0,$-8,$0,$-15,$-3,$0,$-3,$0,$0,$-4,$0,$-7,$-3,$1,$-4
10,2016-01-31,35.13,$16.29,2.16,$37.37,0.94,$4.63,7.58,$2.20,15.97,$0.09B,$0.03B,2.88,$0.01B,$0.12B,0.1,$0.26B,$0.07B,26.89%,$0.26B,$0.02B,7.95%,$0.26B,$0.02B,7.95%,$0.26B,$0.03B,12.50%,$0.26B,$0.02B,7.95%,$0.26B,$0.02B,5.68%,$0.02B,$0.12B,13.30%,$0.02B,$0.10B,15.42%,$0.02B,$0.20B,7.83%,$0.02B,$0.13B,16.57%,$65,$46,$19,$0,$14,$60,$5,$-0,$5,$1,$4,$4,$4,$8,$5,$7,7,$0.54,$0.54,$29,$23,$0,$93,$79,$0,$15,$6,$106,$199,$32,$12,$3,$49,$81,$1,$148,$-9,$118,$199,$9,$6,$1,$7,$1,$-2,$-0,$-1,$1,$17,$-5,$0,$0,$-13,$0,$-13,$0,$-17,$-3,$0,$-3,$0,$0,$-3,$0,$-6,$-6,$1,$-3
11,2015-10-31,29.19,$15.91,1.84,$37.36,0.78,$2.97,9.82,$2.06,14.17,$0.09B,$0.03B,3.0,$0.01B,$0.12B,0.11,$0.26B,$0.07B,25.38%,$0.26B,$0.02B,7.58%,$0.26B,$0.02B,7.58%,$0.26B,$0.03B,12.12%,$0.26B,$0.02B,7.58%,$0.26B,$0.01B,5.30%,$0.01B,$0.12B,12.73%,$0.01B,$0.10B,14.85%,$0.01B,$0.19B,7.46%,$0.02B,$0.13B,16.03%,$68,$47,$21,$0,$13,$60,$8,$-0,$8,$2,$5,$5,$5,$11,$8,$7,7,$0.77,$0.77,$24,$21,$0,$86,$79,$0,$15,$6,$106,$192,$29,$12,$2,$48,$77,$1,$146,$-9,$115,$192,$5,$3,$0,$3,$-0,$-0,$0,$-0,$-0,$9,$-2,$0,$0,$-1,$0,$-1,$0,$-3,$-3,$0,$-3,$0,$0,$-1,$0,$-5,$1,$0,$-1
12,2015-07-31,24.21,$15.64,1.55,$37.17,0.65,$1.45,16.67,$1.59,15.23,$0.08B,$0.03B,2.86,$0.02B,$0.11B,0.14,$0.26B,$0.06B,22.90%,$0.26B,$0.02B,5.73%,$0.26B,$0.02B,5.73%,$0.26B,$0.03B,10.31%,$0.26B,$0.02B,5.73%,$0.26B,$0.01B,4.20%,$0.01B,$0.11B,10.23%,$0.01B,$0.10B,12.02%,$0.01B,$0.19B,5.95%,$0.02B,$0.13B,12.20%,$66,$49,$17,$0,$11,$60,$6,$-0,$6,$0,$5,$5,$5,$9,$6,$7,7,$0.73,$0.74,$22,$21,$0,$83,$80,$0,$16,$6,$107,$190,$29,$15,$2,$51,$80,$1,$142,$-9,$111,$190,$11,$12,$-1,$11,$-1,$3,$1,$3,$5,$27,$-16,$0,$0,$1,$0,$1,$1,$-14,$-4,$0,$-4,$-0,$-0,$-5,$0,$-9,$4,$1,$-5
13,2015-04-30,30.06,$15.19,1.98,$37.29,0.81,$-0.43,0.0,$0.95,31.65,$0.08B,$0.03B,2.73,$0.02B,$0.11B,0.14,$0.26B,$0.06B,20.99%,$0.26B,$0.01B,3.82%,$0.26B,$0.01B,3.82%,$0.26B,$0.02B,8.40%,$0.26B,$0.01B,3.82%,$0.26B,$0.01B,2.29%,$0.01B,$0.11B,5.67%,$0.01B,$0.09B,6.70%,$0.01B,$0.19B,3.26%,$0.01B,$0.12B,8.18%,$65,$51,$14,$0,$13,$63,$2,$-0,$2,$1,$1,$1,$1,$5,$2,$7,7,$0.20,$0.19,$15,$24,$0,$78,$81,$0,$16,$6,$107,$185,$29,$15,$2,$49,$78,$1,$138,$-8,$107,$185,$6,$9,$1,$10,$-1,$0,$-1,$1,$-0,$16,$-14,$0,$0,$2,$0,$2,$1,$-11,$-4,$0,$-4,$-0,$-0,$-4,$0,$-7,$-2,$1,$-4
14,2015-01-31,27.87,$15.10,1.85,$37.65,0.74,$-1.12,0.0,$0.86,32.41,$0.08B,$0.03B,2.78,$0.02B,$0.11B,0.14,$0.26B,$0.06B,20.83%,$0.26B,$0.01B,3.41%,$0.26B,$0.01B,3.41%,$0.26B,$0.02B,7.95%,$0.26B,$0.01B,3.41%,$0.26B,$0.01B,2.27%,$0.01B,$0.11B,5.66%,$0.01B,$0.09B,6.70%,$0.01B,$0.18B,3.26%,$0.01B,$0.12B,7.30%,$65,$49,$15,$0,$11,$60,$4,$-0,$4,$1,$3,$3,$3,$7,$4,$7,7,$0.40,$0.39,$14,$24,$0,$77,$80,$0,$16,$7,$107,$184,$28,$15,$2,$50,$77,$1,$138,$-9,$107,$184,$5,$6,$1,$7,$-1,$1,$-1,$1,$-1,$11,$-10,$0,$0,$-1,$2,$2,$0,$-8,$-4,$0,$-4,$0,$0,$-3,$0,$-6,$-3,$1,$-3
15,2014-10-31,27.29,$14.88,1.83,$38.35,0.71,$-1.84,0.0,$1.07,25.51,$0.07B,$0.03B,2.87,$0.02B,$0.11B,0.15,$0.27B,$0.06B,21.27%,$0.27B,$0.01B,4.10%,$0.27B,$0.01B,4.10%,$0.27B,$0.02B,8.21%,$0.27B,$0.01B,4.10%,$0.27B,$0.01B,2.61%,$0.01B,$0.11B,6.59%,$0.01B,$0.09B,7.82%,$0.01B,$0.18B,3.80%,$0.01B,$0.12B,8.84%,$66,$52,$14,$0,$11,$63,$3,$-0,$3,$1,$2,$2,$2,$6,$3,$7,7,$0.30,$0.30,$10,$24,$0,$74,$78,$0,$17,$7,$106,$181,$26,$15,$2,$49,$75,$1,$137,$-8,$105,$181,$2,$3,$0,$3,$-1,$0,$-2,$1,$-4,$2,$-6,$0,$0,$-1,$1,$1,$0,$-5,$-4,$0,$-4,$0,$0,$-1,$0,$-5,$-8,$0,$-1
16,2014-07-31,26.2,$14.75,1.78,$38.05,0.69,$-1.85,0.0,$1.18,22.21,$0.08B,$0.03B,2.83,$0.02B,$0.10B,0.18,$0.27B,$0.06B,22.56%,$0.27B,$0.01B,4.51%,$0.27B,$0.01B,4.51%,$0.27B,$0.02B,8.65%,$0.27B,$0.01B,4.51%,$0.27B,$0.01B,3.01%,$0.01B,$0.10B,7.53%,$0.01B,$0.09B,8.70%,$0.01B,$0.19B,4.37%,$0.01B,$0.12B,9.58%,$66,$54,$12,$0,$11,$65,$1,$-0,$1,$1,$0,$0,$0,$4,$1,$7,7,$0.07,$0.07,$19,$24,$0,$84,$75,$0,$17,$6,$103,$186,$30,$19,$2,$52,$82,$1,$136,$-8,$104,$186,$8,$10,$2,$12,$0,$-3,$0,$1,$-4,$16,$-18,$0,$-13,$-10,$26,$16,$-0,$-16,$-4,$0,$-4,$0,$0,$-5,$0,$-8,$-8,$1,$-5
17,2014-04-30,29.92,$15.27,1.96,$37.84,0.79,$0.41,72.28,$1.78,16.81,$0.09B,$0.03B,2.95,$0.02B,$0.11B,0.18,$0.26B,$0.06B,24.24%,$0.26B,$0.02B,5.68%,$0.26B,$0.02B,5.68%,$0.26B,$0.03B,9.85%,$0.26B,$0.02B,5.68%,$0.26B,$0.01B,4.92%,$0.01B,$0.11B,12.26%,$0.01B,$0.09B,13.76%,$0.01B,$0.19B,7.11%,$0.02B,$0.13B,11.93%,$67,$54,$14,$0,$13,$66,$1,$-0,$1,$0,$1,$1,$1,$4,$1,$7,7,$0.10,$0.10,$20,$24,$0,$88,$72,$0,$17,$6,$97,$185,$30,$19,$2,$47,$77,$1,$137,$-5,$108,$185,$8,$8,$2,$9,$-2,$-3,$0,$-0,$-7,$11,$-13,$0,$-13,$-10,$25,$15,$-0,$-11,$-4,$0,$-4,$-0,$-0,$-4,$0,$-7,$-8,$1,$-4
18,2014-01-31,30.5,$15.32,1.99,$37.47,0.81,$2.43,12.55,$2.14,14.25,$0.09B,$0.03B,3.07,$0.02B,$0.11B,0.18,$0.26B,$0.07B,25.67%,$0.26B,$0.02B,7.28%,$0.26B,$0.02B,7.28%,$0.26B,$0.03B,11.11%,$0.26B,$0.02B,6.90%,$0.26B,$0.02B,5.75%,$0.02B,$0.11B,14.67%,$0.02B,$0.09B,16.04%,$0.02B,$0.18B,8.25%,$0.02B,$0.13B,15.45%,$69,$52,$17,$0,$11,$64,$6,$-0,$6,$1,$4,$4,$4,$8,$6,$7,7,$0.61,$0.61,$20,$23,$0,$89,$69,$0,$17,$6,$95,$184,$29,$19,$2,$47,$76,$1,$137,$-5,$108,$184,$7,$5,$1,$6,$-6,$-1,$0,$0,$-10,$2,$-7,$0,$-13,$-8,$19,$11,$-1,$-8,$-4,$0,$-4,$0,$0,$-2,$0,$-6,$-12,$1,$-2
19,2013-10-31,31.21,$14.87,2.1,$36.41,0.86,$3.90,8.01,$1.85,16.87,$0.10B,$0.03B,3.54,$0.02B,$0.11B,0.18,$0.25B,$0.07B,26.09%,$0.25B,$0.02B,6.32%,$0.25B,$0.02B,6.32%,$0.25B,$0.03B,10.67%,$0.25B,$0.02B,5.93%,$0.25B,$0.01B,5.14%,$0.01B,$0.11B,13.30%,$0.01B,$0.10B,14.17%,$0.01B,$0.18B,7.23%,$0.02B,$0.12B,13.42%,$64,$47,$17,$0,$12,$59,$4,$-0,$4,$1,$3,$3,$3,$7,$4,$7,7,$0.42,$0.41,$33,$22,$0,$97,$67,$0,$6,$6,$82,$178,$27,$19,$2,$46,$74,$1,$134,$-5,$105,$178,$3,$2,$0,$3,$-1,$-2,$0,$0,$-6,$-1,$-3,$0,$-1,$-5,$9,$3,$0,$-1,$-4,$0,$-4,$0,$0,$-1,$0,$-5,$-6,$0,$-1
20,2013-07-31,27.69,$14.66,1.89,$36.23,0.76,$4.80,5.76,$2.08,13.31,$0.10B,$0.03B,3.29,$0.02B,$0.10B,0.22,$0.25B,$0.07B,26.40%,$0.25B,$0.02B,7.20%,$0.25B,$0.02B,7.20%,$0.25B,$0.03B,11.60%,$0.25B,$0.02B,6.80%,$0.25B,$0.01B,5.60%,$0.01B,$0.10B,14.93%,$0.01B,$0.10B,15.95%,$0.01B,$0.18B,7.82%,$0.02B,$0.13B,15.52%,$64,$48,$16,$0,$12,$59,$4,$-0,$4,$-1,$5,$5,$5,$7,$4,$7,7,$0.69,$0.68,$42,$21,$0,$103,$66,$0,$6,$6,$80,$184,$31,$22,$2,$49,$81,$1,$133,$-5,$103,$184,$15,$9,$0,$9,$-1,$-1,$0,$-1,$-0,$23,$-10,$0,$0,$-34,$25,$-9,$0,$-19,$-4,$0,$-4,$1,$1,$-5,$0,$-7,$-3,$1,$-5
21,2013-04-30,23.91,$13.34,1.79,$35.66,0.67,$5.16,4.63,$1.39,17.2,$0.10B,$0.03B,3.29,$0.02B,$0.09B,0.24,$0.25B,$0.07B,26.72%,$0.25B,$0.01B,5.67%,$0.25B,$0.01B,5.67%,$0.25B,$0.03B,10.12%,$0.25B,$0.01B,5.26%,$0.25B,$0.01B,3.64%,$0.01B,$0.09B,10.08%,$0.01B,$0.09B,10.81%,$0.01B,$0.18B,5.10%,$0.01B,$0.12B,12.44%,$64,$47,$17,$0,$12,$59,$5,$-0,$4,$1,$3,$3,$3,$7,$5,$7,7,$0.47,$0.47,$40,$21,$0,$99,$66,$0,$6,$5,$81,$181,$30,$22,$2,$57,$87,$1,$129,$-11,$93,$181,$10,$7,$-1,$6,$0,$-2,$0,$2,$3,$19,$-8,$0,$0,$-23,$15,$-8,$0,$-16,$-4,$0,$-4,$1,$1,$-5,$0,$-8,$-4,$1,$-5
22,2013-01-31,24.11,$12.85,1.88,$34.81,0.69,$4.93,4.89,$1.19,20.26,$0.10B,$0.03B,3.31,$0.02B,$0.09B,0.25,$0.24B,$0.06B,26.34%,$0.24B,$0.01B,4.94%,$0.24B,$0.01B,4.94%,$0.24B,$0.02B,9.47%,$0.24B,$0.01B,4.94%,$0.24B,$0.01B,3.29%,$0.01B,$0.09B,8.89%,$0.01B,$0.08B,9.52%,$0.01B,$0.18B,4.59%,$0.01B,$0.11B,10.53%,$61,$45,$16,$0,$13,$58,$3,$-0,$3,$1,$2,$2,$2,$6,$3,$7,7,$0.31,$0.31,$36,$22,$0,$97,$65,$0,$6,$5,$79,$176,$29,$22,$2,$57,$87,$1,$126,$-11,$90,$176,$7,$4,$1,$5,$-1,$-3,$-0,$2,$-1,$11,$-5,$0,$0,$-12,$11,$-1,$0,$-6,$-2,$0,$-2,$0,$0,$-5,$0,$-6,$-2,$0,$-5
23,2012-10-31,18.6,$12.84,1.45,$34.43,0.54,$5.04,3.69,$1.33,13.98,$0.10B,$0.03B,3.35,$0.02B,$0.09B,0.25,$0.24B,$0.06B,26.03%,$0.24B,$0.01B,5.79%,$0.24B,$0.01B,5.79%,$0.24B,$0.02B,9.92%,$0.24B,$0.01B,5.37%,$0.24B,$0.01B,3.72%,$0.01B,$0.09B,9.78%,$0.01B,$0.08B,10.50%,$0.01B,$0.18B,5.18%,$0.01B,$0.11B,11.94%,$61,$44,$17,$0,$11,$55,$6,$-0,$6,$2,$4,$4,$4,$9,$6,$7,7,$0.65,$0.65,$35,$21,$0,$96,$64,$0,$6,$5,$79,$175,$29,$22,$2,$57,$86,$1,$126,$-11,$89,$175,$4,$2,$0,$3,$-1,$-1,$0,$1,$-3,$4,$-2,$0,$0,$-3,$5,$1,$0,$-1,$-2,$0,$-2,$0,$0,$-1,$0,$-3,$0,$0,$-1
24,2012-07-31,17.78,$12.32,1.44,$33.89,0.52,$4.54,3.92,$0.84,21.16,$0.10B,$0.03B,3.27,$0.03B,$0.09B,0.3,$0.24B,$0.06B,24.90%,$0.24B,$0.01B,4.15%,$0.24B,$0.01B,4.15%,$0.24B,$0.02B,7.88%,$0.24B,$0.01B,3.32%,$0.24B,$0.01B,2.49%,$0.01B,$0.09B,6.42%,$0.01B,$0.08B,6.88%,$0.01B,$0.17B,3.46%,$0.01B,$0.11B,8.32%,$61,$46,$16,$0,$13,$61,$0,$-1,$-0,$0,$-0,$-0,$-0,$3,$0,$7,7,$-0.01,$-0.01,$36,$20,$0,$95,$64,$0,$6,$5,$79,$174,$29,$26,$2,$60,$89,$1,$123,$-11,$85,$174,$6,$9,$0,$9,$-1,$-0,$0,$7,$8,$23,$-7,$0,$0,$-18,$24,$7,$0,$-0,$-4,$0,$-4,$-6,$-6,$-4,$0,$-14,$9,$1,$-4
25,2012-04-30,16.87,$13.60,1.24,$33.37,0.51,$2.14,7.89,$1.26,13.39,$0.09B,$0.03B,3.39,$0.03B,$0.10B,0.27,$0.24B,$0.06B,23.53%,$0.24B,$0.01B,5.88%,$0.24B,$0.01B,5.88%,$0.24B,$0.02B,9.24%,$0.24B,$0.01B,4.62%,$0.24B,$0.01B,3.78%,$0.01B,$0.10B,9.38%,$0.01B,$0.09B,10.03%,$0.01B,$0.17B,5.20%,$0.01B,$0.12B,11.31%,$60,$45,$15,$0,$12,$57,$3,$-0,$3,$1,$2,$2,$2,$5,$3,$7,7,$0.27,$0.27,$35,$19,$0,$92,$66,$0,$6,$5,$80,$172,$27,$26,$2,$48,$76,$1,$124,$-4,$96,$172,$6,$7,$1,$8,$-1,$-0,$0,$2,$2,$16,$-5,$0,$0,$7,$0,$7,$0,$1,$-4,$0,$-4,$-2,$-2,$-3,$0,$-9,$8,$1,$-3
26,2012-01-31,16.46,$13.62,1.21,$32.81,0.5,$0.85,19.33,$1.26,13.07,$0.09B,$0.03B,3.59,$0.03B,$0.10B,0.28,$0.23B,$0.05B,22.65%,$0.23B,$0.01B,5.98%,$0.23B,$0.01B,5.98%,$0.23B,$0.02B,9.40%,$0.23B,$0.01B,4.70%,$0.23B,$0.01B,3.85%,$0.01B,$0.10B,9.45%,$0.01B,$0.09B,10.11%,$0.01B,$0.17B,5.21%,$0.01B,$0.13B,11.29%,$60,$46,$15,$0,$10,$55,$5,$-1,$4,$1,$3,$3,$3,$7,$5,$7,7,$0.46,$0.45,$36,$22,$0,$94,$67,$0,$6,$4,$80,$174,$26,$27,$1,$50,$76,$1,$123,$-5,$98,$174,$4,$5,$1,$5,$0,$-2,$-0,$3,$1,$10,$-3,$0,$0,$7,$0,$7,$0,$3,$-2,$0,$-2,$0,$0,$-2,$0,$-4,$9,$0,$-2
27,2011-10-31,15.46,$13.30,1.16,$32.43,0.48,$0.27,57.85,$1.06,14.59,$0.09B,$0.03B,3.34,$0.03B,$0.10B,0.29,$0.23B,$0.05B,21.65%,$0.23B,$0.01B,5.19%,$0.23B,$0.01B,5.19%,$0.23B,$0.02B,8.66%,$0.23B,$0.01B,4.33%,$0.23B,$0.01B,3.46%,$0.01B,$0.10B,8.53%,$0.01B,$0.09B,9.14%,$0.01B,$0.17B,4.64%,$0.01B,$0.12B,9.72%,$60,$45,$14,$0,$12,$58,$2,$-0,$1,$0,$1,$1,$1,$4,$2,$7,7,$0.15,$0.15,$29,$22,$0,$92,$67,$0,$7,$4,$81,$173,$27,$27,$1,$50,$77,$1,$121,$-5,$95,$173,$1,$2,$0,$3,$-2,$-3,$0,$1,$-3,$0,$-2,$0,$0,$7,$0,$7,$0,$6,$-2,$0,$-2,$0,$0,$-1,$0,$-3,$3,$0,$-1
28,2011-07-31,15.67,$13.32,1.18,$31.94,0.49,$0.16,97.91,$1.26,12.43,$0.09B,$0.03B,3.47,$0.03B,$0.10B,0.31,$0.23B,$0.05B,21.59%,$0.23B,$0.01B,6.17%,$0.23B,$0.01B,6.17%,$0.23B,$0.02B,9.69%,$0.23B,$0.01B,5.29%,$0.23B,$0.01B,4.41%,$0.01B,$0.10B,10.75%,$0.01B,$0.09B,11.56%,$0.01B,$0.17B,6.00%,$0.01B,$0.13B,11.76%,$58,$45,$12,$0,$8,$54,$4,$-1,$3,$1,$3,$3,$3,$6,$4,$7,7,$0.41,$0.41,$34,$19,$0,$92,$68,$0,$7,$4,$82,$173,$26,$30,$1,$52,$78,$1,$121,$-4,$95,$173,$9,$9,$4,$13,$-2,$-3,$0,$-2,$-8,$13,$-14,$0,$0,$-60,$50,$-10,$0,$-24,$15,$0,$15,$-1,$-1,$-4,$0,$10,$-1,$1,$-4
29,2011-04-30,16.6,$13.09,1.27,$31.32,0.53,$2.46,6.74,$1.19,13.95,$0.09B,$0.03B,3.27,$0.03B,$0.09B,0.32,$0.22B,$0.05B,21.88%,$0.22B,$0.01B,5.80%,$0.22B,$0.01B,5.80%,$0.22B,$0.02B,9.38%,$0.22B,$0.01B,5.36%,$0.22B,$0.01B,4.02%,$0.01B,$0.09B,9.78%,$0.01B,$0.09B,10.56%,$0.01B,$0.17B,5.56%,$0.01B,$0.12B,11.40%,$56,$44,$12,$0,$9,$53,$3,$-0,$3,$1,$2,$2,$2,$5,$3,$7,7,$0.27,$0.26,$36,$18,$0,$90,$67,$0,$7,$4,$82,$171,$27,$30,$1,$51,$78,$1,$120,$-4,$93,$171,$6,$6,$1,$7,$1,$-2,$1,$-0,$-2,$11,$-10,$0,$0,$-15,$0,$-15,$0,$-25,$15,$0,$15,$-1,$-1,$-3,$0,$11,$-3,$0,$-3
30,2011-01-31,14.1,$12.94,1.09,$31.17,0.45,$4.02,3.51,$1.28,11.02,$0.09B,$0.03B,3.42,$0.03B,$0.09B,0.34,$0.22B,$0.05B,22.32%,$0.22B,$0.01B,6.25%,$0.22B,$0.01B,6.25%,$0.22B,$0.02B,9.82%,$0.22B,$0.01B,5.80%,$0.22B,$0.01B,4.46%,$0.01B,$0.09B,10.84%,$0.01B,$0.09B,11.73%,$0.01B,$0.17B,6.34%,$0.01B,$0.12B,12.67%,$57,$45,$12,$0,$9,$54,$3,$-1,$3,$1,$2,$2,$2,$5,$3,$7,7,$0.25,$0.25,$41,$17,$0,$94,$63,$0,$7,$4,$78,$172,$27,$31,$1,$53,$80,$1,$119,$-5,$92,$172,$4,$4,$0,$5,$0,$-1,$1,$0,$-2,$7,$-5,$0,$0,$-16,$0,$-16,$0,$-20,$17,$0,$17,$-2,$-2,$-2,$0,$13,$1,$0,$-2
31,2010-10-31,16.01,$12.89,1.24,$30.64,0.52,$4.93,3.25,$1.34,11.95,$0.07B,$0.03B,2.9,$0.01B,$0.09B,0.14,$0.22B,$0.05B,22.97%,$0.22B,$0.01B,6.31%,$0.22B,$0.01B,6.31%,$0.22B,$0.02B,9.91%,$0.22B,$0.01B,5.86%,$0.22B,$0.01B,4.50%,$0.01B,$0.09B,10.84%,$0.01B,$0.09B,11.73%,$0.01B,$0.15B,6.53%,$0.01B,$0.11B,13.08%,$56,$43,$13,$0,$9,$52,$4,$-0,$3,$1,$3,$3,$3,$6,$4,$7,7,$0.36,$0.35,$20,$17,$0,$74,$62,$0,$7,$4,$77,$151,$26,$13,$1,$34,$59,$1,$118,$-5,$92,$151,$3,$2,$0,$2,$-1,$-1,$0,$-0,$-5,$-0,$-2,$0,$0,$2,$0,$2,$0,$0,$-2,$0,$-2,$-0,$-0,$-1,$0,$-3,$-3,$0,$-1
32,2010-07-31,15.69,$12.94,1.21,$30.11,0.52,$6.08,2.58,$1.29,12.16,$0.08B,$0.03B,2.74,$0.02B,$0.09B,0.16,$0.22B,$0.05B,22.83%,$0.22B,$0.01B,5.94%,$0.22B,$0.01B,5.94%,$0.22B,$0.02B,9.59%,$0.22B,$0.01B,5.94%,$0.22B,$0.01B,4.11%,$0.01B,$0.09B,9.78%,$0.01B,$0.08B,10.59%,$0.01B,$0.15B,5.89%,$0.01B,$0.11B,12.06%,$55,$43,$12,$0,$9,$52,$3,$-0,$3,$0,$2,$2,$2,$5,$3,$7,7,$0.34,$0.34,$25,$16,$0,$76,$63,$0,$7,$4,$78,$154,$28,$15,$1,$36,$63,$1,$117,$-5,$91,$154,$9,$7,$-2,$6,$2,$2,$2,$3,$11,$26,$-10,$0,$0,$2,$0,$2,$0,$-8,$-3,$0,$-3,$-5,$-5,$-4,$0,$-11,$7,$0,$-4
33,2010-04-30,14.49,$13.11,1.11,$30.36,0.48,$3.94,3.68,$1.31,11.06,$0.08B,$0.03B,2.89,$0.02B,$0.09B,0.16,$0.22B,$0.05B,22.73%,$0.22B,$0.01B,6.36%,$0.22B,$0.01B,6.36%,$0.22B,$0.02B,10.00%,$0.22B,$0.01B,6.36%,$0.22B,$0.01B,4.55%,$0.01B,$0.09B,10.90%,$0.01B,$0.09B,11.83%,$0.01B,$0.15B,6.60%,$0.01B,$0.11B,12.90%,$56,$43,$13,$0,$9,$52,$4,$-0,$4,$1,$3,$3,$3,$6,$4,$7,7,$0.36,$0.35,$26,$17,$0,$76,$62,$0,$7,$4,$77,$154,$26,$15,$1,$33,$60,$1,$116,$-4,$94,$154,$7,$6,$0,$6,$2,$0,$1,$2,$7,$20,$-8,$0,$0,$4,$0,$4,$0,$-4,$-3,$0,$-3,$-1,$-1,$-3,$0,$-7,$10,$0,$-3
34,2010-01-31,11.02,$12.95,0.85,$30.74,0.36,$1.62,6.79,$1.29,8.54,$0.08B,$0.03B,3.0,$0.02B,$0.09B,0.18,$0.22B,$0.05B,22.52%,$0.22B,$0.01B,6.31%,$0.22B,$0.01B,6.31%,$0.22B,$0.02B,9.46%,$0.22B,$0.01B,5.86%,$0.22B,$0.01B,4.05%,$0.01B,$0.09B,9.89%,$0.01B,$0.09B,10.75%,$0.01B,$0.15B,6.04%,$0.01B,$0.11B,12.87%,$55,$42,$13,$0,$9,$51,$3,$-0,$3,$1,$2,$2,$2,$5,$3,$7,7,$0.32,$0.31,$27,$17,$0,$78,$60,$0,$7,$4,$76,$154,$26,$17,$1,$36,$62,$1,$114,$-4,$92,$154,$4,$4,$0,$4,$2,$1,$0,$2,$5,$14,$-4,$0,$0,$2,$0,$2,$0,$-2,$-0,$0,$-0,$-0,$-0,$-2,$0,$-2,$9,$0,$-2
35,2009-10-31,10.4,$12.78,0.81,$31.43,0.33,$-0.46,0.0,$1.31,7.94,$0.07B,$0.02B,3.22,$0.02B,$0.09B,0.19,$0.23B,$0.05B,21.68%,$0.23B,$0.02B,6.64%,$0.23B,$0.02B,6.64%,$0.23B,$0.02B,9.29%,$0.23B,$0.01B,5.75%,$0.23B,$0.01B,3.98%,$0.01B,$0.09B,9.94%,$0.01B,$0.08B,10.84%,$0.01B,$0.15B,6.14%,$0.02B,$0.11B,13.73%,$53,$41,$12,$0,$9,$50,$3,$-0,$3,$1,$2,$2,$2,$5,$3,$7,7,$0.31,$0.30,$25,$16,$0,$74,$59,$0,$7,$4,$75,$149,$23,$17,$1,$35,$58,$1,$113,$-4,$91,$149,$2,$2,$0,$2,$3,$1,$-1,$1,$3,$8,$-1,$0,$0,$-1,$0,$-1,$0,$-2,$-0,$0,$-0,$0,$0,$-1,$0,$-1,$4,$0,$-1
36,2009-07-31,10.52,$12.60,0.83,$32.84,0.32,$-2.18,0.0,$1.32,7.97,$0.07B,$0.02B,3.1,$0.02B,$0.09B,0.2,$0.24B,$0.05B,20.76%,$0.24B,$0.02B,6.78%,$0.24B,$0.02B,6.78%,$0.24B,$0.02B,8.90%,$0.24B,$0.01B,5.51%,$0.24B,$0.01B,3.81%,$0.01B,$0.09B,10.03%,$0.01B,$0.08B,10.98%,$0.01B,$0.15B,6.21%,$0.02B,$0.11B,14.61%,$56,$44,$12,$0,$8,$52,$4,$-0,$4,$1,$3,$3,$3,$6,$4,$7,7,$0.37,$0.36,$20,$18,$0,$74,$59,$0,$7,$4,$76,$149,$24,$18,$1,$36,$60,$1,$112,$-4,$90,$149,$10,$7,$-2,$5,$2,$-0,$-2,$2,$1,$16,$-15,$0,$0,$13,$0,$13,$0,$-2,$-6,$0,$-6,$0,$0,$-4,$0,$-9,$5,$0,$-4
37,2009-04-30,10.59,$12.88,0.82,$33.39,0.32,$-1.69,0.0,$1.31,8.09,$0.07B,$0.02B,2.92,$0.02B,$0.09B,0.2,$0.24B,$0.05B,20.00%,$0.24B,$0.02B,6.25%,$0.24B,$0.02B,6.25%,$0.24B,$0.02B,8.33%,$0.24B,$0.01B,5.00%,$0.24B,$0.01B,3.33%,$0.01B,$0.09B,8.96%,$0.01B,$0.08B,9.82%,$0.01B,$0.14B,5.52%,$0.02B,$0.11B,13.67%,$58,$45,$13,$0,$10,$54,$4,$-0,$3,$1,$2,$2,$2,$5,$4,$7,7,$0.34,$0.33,$16,$20,$0,$71,$59,$0,$7,$5,$73,$144,$24,$18,$4,$28,$53,$1,$110,$-0,$91,$144,$7,$5,$0,$6,$3,$-2,$-1,$-1,$-4,$8,$-13,$0,$0,$17,$0,$17,$0,$4,$-6,$0,$-6,$-0,$-0,$-3,$-0,$-9,$5,$0,$-3
38,2009-01-31,10.35,$12.69,0.82,$33.56,0.31,$-0.84,0.0,$1.26,8.22,$0.07B,$0.02B,3.32,$0.02B,$0.09B,0.24,$0.24B,$0.05B,19.01%,$0.24B,$0.01B,5.79%,$0.24B,$0.01B,5.79%,$0.24B,$0.02B,8.26%,$0.24B,$0.01B,4.96%,$0.24B,$0.01B,3.31%,$0.01B,$0.09B,9.09%,$0.01B,$0.08B,9.94%,$0.01B,$0.14B,5.51%,$0.01B,$0.11B,12.81%,$59,$47,$12,$0,$8,$56,$4,$-0,$3,$1,$2,$2,$2,$5,$4,$7,7,$0.34,$0.33,$17,$19,$0,$74,$55,$0,$7,$5,$70,$144,$22,$21,$5,$32,$54,$1,$109,$-0,$90,$144,$5,$4,$0,$4,$-0,$-1,$-1,$-1,$-6,$2,$-8,$0,$0,$7,$0,$7,$0,$-1,$-4,$0,$-4,$-0,$-0,$-2,$-0,$-6,$-5,$0,$-2
39,2008-10-31,10.51,$12.51,0.84,$33.36,0.32,$-0.18,0.0,$1.22,8.61,$0.08B,$0.02B,3.18,$0.02B,$0.09B,0.24,$0.24B,$0.05B,18.67%,$0.24B,$0.01B,5.39%,$0.24B,$0.01B,5.39%,$0.24B,$0.02B,8.30%,$0.24B,$0.01B,4.98%,$0.24B,$0.01B,3.32%,$0.01B,$0.09B,9.22%,$0.01B,$0.08B,10.06%,$0.01B,$0.14B,5.50%,$0.01B,$0.11B,11.98%,$63,$51,$12,$0,$9,$59,$4,$-1,$3,$1,$2,$2,$2,$5,$4,$7,7,$0.32,$0.31,$17,$20,$0,$76,$53,$0,$8,$5,$68,$143,$24,$21,$4,$31,$55,$1,$107,$-0,$88,$143,$2,$2,$0,$2,$-1,$-2,$-0,$-1,$-7,$-3,$-4,$0,$0,$6,$0,$6,$0,$2,$-4,$0,$-4,$-0,$-0,$-1,$-0,$-6,$-6,$0,$-1
40,2008-07-31,10.76,$12.44,0.87,$32.32,0.33,$0.37,28.86,$1.26,8.54,$0.08B,$0.03B,2.75,$0.02B,$0.09B,0.25,$0.23B,$0.05B,19.31%,$0.23B,$0.01B,5.58%,$0.23B,$0.01B,5.58%,$0.23B,$0.02B,8.58%,$0.23B,$0.01B,5.15%,$0.23B,$0.01B,3.43%,$0.01B,$0.09B,9.36%,$0.01B,$0.08B,10.16%,$0.01B,$0.15B,5.50%,$0.01B,$0.11B,12.06%,$60,$48,$11,$0,$8,$56,$3,$-0,$3,$1,$2,$2,$2,$5,$3,$7,7,$0.36,$0.33,$28,$18,$0,$83,$51,$0,$8,$5,$66,$149,$30,$22,$1,$31,$61,$1,$106,$1,$88,$149,$9,$7,$1,$7,$-4,$-3,$1,$-0,$-5,$11,$-7,$-1,$0,$-2,$0,$-2,$0,$-11,$-4,$0,$-4,$1,$1,$-3,$0,$-6,$-5,$1,$-3
41,2008-04-30,10.83,$12.34,0.88,$31.70,0.34,$1.10,9.81,$1.21,8.95,$0.08B,$0.03B,2.8,$0.02B,$0.09B,0.25,$0.23B,$0.05B,20.26%,$0.23B,$0.01B,5.29%,$0.23B,$0.01B,5.29%,$0.23B,$0.02B,8.37%,$0.23B,$0.01B,5.29%,$0.23B,$0.01B,3.52%,$0.01B,$0.09B,9.58%,$0.01B,$0.08B,10.36%,$0.01B,$0.15B,5.57%,$0.01B,$0.11B,11.19%,$60,$48,$11,$0,$8,$57,$3,$-0,$3,$1,$2,$2,$2,$5,$3,$7,7,$0.29,$0.28,$27,$17,$0,$81,$50,$0,$7,$5,$64,$145,$29,$22,$2,$29,$58,$1,$105,$2,$86,$145,$7,$5,$1,$6,$-3,$-2,$1,$-1,$-6,$6,$-4,$0,$0,$-0,$0,$-0,$0,$-5,$-4,$0,$-4,$1,$1,$-3,$0,$-5,$-4,$1,$-3
42,2008-01-31,12.18,$12.15,1.0,$30.98,0.39,$1.36,8.97,$1.21,10.06,$0.08B,$0.03B,2.77,$0.02B,$0.09B,0.27,$0.22B,$0.05B,21.36%,$0.22B,$0.01B,5.45%,$0.22B,$0.01B,5.45%,$0.22B,$0.02B,8.64%,$0.22B,$0.01B,5.45%,$0.22B,$0.01B,3.64%,$0.01B,$0.09B,9.82%,$0.01B,$0.08B,10.67%,$0.01B,$0.15B,5.62%,$0.01B,$0.11B,11.27%,$58,$47,$11,$0,$8,$55,$3,$-0,$3,$1,$2,$2,$2,$5,$3,$7,7,$0.30,$0.29,$29,$16,$0,$81,$52,$0,$7,$4,$64,$145,$29,$23,$3,$31,$60,$1,$103,$2,$85,$145,$5,$3,$0,$4,$-2,$-1,$0,$-0,$-6,$3,$-4,$0,$0,$-6,$0,$-6,$0,$-10,$-0,$0,$-0,$1,$1,$-2,$0,$-1,$-8,$0,$-2
43,2007-10-31,11.75,$11.98,0.98,$30.53,0.38,$1.94,6.05,$1.20,9.79,$0.08B,$0.03B,2.71,$0.02B,$0.08B,0.28,$0.22B,$0.05B,21.86%,$0.22B,$0.01B,5.58%,$0.22B,$0.01B,5.58%,$0.22B,$0.02B,8.37%,$0.22B,$0.01B,5.58%,$0.22B,$0.01B,3.72%,$0.01B,$0.08B,10.13%,$0.01B,$0.08B,11.00%,$0.01B,$0.14B,5.66%,$0.01B,$0.11B,11.32%,$55,$43,$12,$0,$9,$52,$4,$-0,$3,$1,$2,$2,$2,$5,$4,$7,7,$0.36,$0.35,$28,$18,$0,$79,$52,$0,$7,$4,$64,$143,$29,$23,$3,$31,$60,$1,$102,$2,$83,$143,$2,$2,$0,$2,$0,$-2,$0,$0,$-4,$0,$-2,$0,$0,$-4,$0,$-4,$0,$-6,$-0,$0,$-0,$1,$1,$-1,$0,$-0,$-7,$0,$-1
44,2007-07-31,9.85,$11.64,0.85,$30.33,0.32,$2.20,4.48,$1.09,9.04,$0.08B,$0.03B,2.86,$0.03B,$0.08B,0.34,$0.21B,$0.05B,21.70%,$0.21B,$0.01B,5.19%,$0.21B,$0.01B,5.19%,$0.21B,$0.02B,8.02%,$0.21B,$0.01B,5.19%,$0.21B,$0.01B,3.77%,$0.01B,$0.08B,10.46%,$0.01B,$0.07B,11.39%,$0.01B,$0.14B,5.71%,$0.01B,$0.11B,10.43%,$54,$42,$12,$0,$10,$52,$2,$0,$3,$0,$2,$2,$2,$4,$2,$7,7,$0.30,$0.29,$30,$15,$0,$78,$51,$0,$7,$4,$64,$142,$27,$27,$3,$34,$62,$1,$101,$1,$80,$142,$8,$7,$2,$9,$-2,$0,$-1,$1,$0,$17,$-8,$0,$0,$0,$2,$2,$0,$-5,$-4,$0,$-4,$1,$1,$-3,$0,$-6,$6,$1,$-3
45,2007-04-30,10.65,$11.28,0.94,$29.79,0.36,$1.01,10.53,$0.96,11.09,$0.07B,$0.03B,2.86,$0.03B,$0.08B,0.35,$0.21B,$0.04B,20.48%,$0.21B,$0.01B,5.24%,$0.21B,$0.01B,5.24%,$0.21B,$0.02B,7.62%,$0.21B,$0.01B,4.76%,$0.21B,$0.01B,3.33%,$0.01B,$0.08B,9.36%,$0.01B,$0.07B,10.26%,$0.01B,$0.14B,5.02%,$0.01B,$0.11B,10.50%,$53,$41,$12,$0,$9,$50,$3,$-0,$3,$1,$2,$2,$2,$5,$3,$7,7,$0.30,$0.28,$25,$15,$0,$74,$52,$0,$7,$4,$65,$139,$26,$27,$4,$35,$61,$1,$99,$0,$78,$139,$6,$5,$1,$6,$-2,$1,$-2,$-0,$-2,$10,$-7,$0,$0,$5,$0,$5,$0,$-1,$-4,$0,$-4,$1,$1,$-2,$0,$-5,$3,$1,$-2
46,2007-01-31,9.4,$11.03,0.85,$29.41,0.32,$0.22,42.8,$0.85,11.09,$0.08B,$0.03B,2.99,$0.03B,$0.08B,0.41,$0.21B,$0.04B,19.62%,$0.21B,$0.01B,5.26%,$0.21B,$0.01B,5.26%,$0.21B,$0.02B,7.18%,$0.21B,$0.01B,4.31%,$0.21B,$0.01B,2.87%,$0.01B,$0.08B,8.08%,$0.01B,$0.07B,8.86%,$0.01B,$0.14B,4.30%,$0.01B,$0.11B,10.45%,$53,$41,$11,$0,$9,$50,$3,$-0,$3,$1,$2,$2,$2,$4,$3,$7,7,$0.29,$0.28,$28,$14,$0,$77,$51,$0,$7,$4,$64,$141,$26,$31,$4,$40,$65,$1,$98,$0,$75,$141,$4,$3,$1,$4,$-1,$1,$-1,$-0,$-1,$7,$-4,$0,$0,$1,$0,$1,$0,$-3,$-0,$0,$-0,$0,$0,$-2,$0,$-1,$3,$1,$-2
47,2006-10-31,9.17,$10.83,0.85,$29.28,0.31,$-0.65,0.0,$0.82,11.13,$0.07B,$0.03B,2.88,$0.03B,$0.07B,0.42,$0.21B,$0.04B,19.52%,$0.21B,$0.01B,5.24%,$0.21B,$0.01B,5.24%,$0.21B,$0.02B,7.62%,$0.21B,$0.01B,4.29%,$0.21B,$0.01B,2.86%,$0.01B,$0.07B,8.08%,$0.01B,$0.07B,8.89%,$0.01B,$0.14B,4.29%,$0.01B,$0.10B,10.35%,$52,$41,$11,$0,$8,$50,$3,$-0,$2,$1,$2,$2,$2,$4,$3,$7,7,$0.25,$0.24,$25,$16,$0,$74,$52,$0,$7,$4,$65,$138,$26,$31,$4,$39,$65,$1,$97,$0,$73,$138,$2,$2,$0,$2,$0,$-0,$-1,$-0,$-2,$2,$-2,$0,$0,$0,$3,$3,$0,$0,$-0,$0,$-0,$0,$0,$-1,$0,$-1,$2,$0,$-1
