,Date,Stock Price,Book Value per Share,Price to Book Ratio,TTM Sales per Share,Price to Sales Ratio,TTM FCF per Share,Price to FCF Ratio,TTM Net EPS,PE Ratio,Current Assets,Current Liabilities,Current Ratio,Long Term Debt,Shareholder's Equity_x,Debt to Equity Ratio,TTM Revenue_x,TTM Gross Profit,Gross Margin,TTM Revenue_y,TTM Operating Income,Operating Margin,TTM Revenue_x,TTM EBIT,EBIT Margin,TTM Revenue_y,TTM EBITDA,EBITDA Margin,TTM Revenue_x,TTM Pre-Tax Income,Pre-Tax Margin,TTM Revenue_y,TTM Net Income_x,Net Margin,TTM Net Income_y,Shareholder's Equity_y,Return on Equity,TTM Net Income_x,Tangible Equity,Return on Tangible Equity,TTM Net Income_y,Total Assets,Return on Assets,TTM Net Income,LT Investments & Debt,Return on Investment,revenue,cost-goods-sold,gross-profit,research-development-expenses,selling-general-administrative-expenses,operating-expenses,operating-income,total-non-operating-income-expense,pre-tax-income,total-provision-income-taxes,income-after-taxes,income-from-continuous-operations,net-income,ebitda,ebit,basic-shares-outstanding,shares-outstanding,eps-basic-net-earnings-per-share,eps-earnings-per-share-diluted,cash-on-hand,inventory,other-current-assets,total-current-assets,net-property-plant-equipment,long-term-investments,goodwill-intangible-assets-total,other-long-term-assets,total-long-term-assets,total-assets,total-current-liabilities,long-term-debt,other-non-current-liabilities,total-long-term-liabilities,total-liabilities,common-stock-net,retained-earnings-accumulated-deficit,comprehensive-income,total-share-holder-equity,total-liabilities-share-holders-equity,net-income-loss,total-depreciation-amortization-cash-flow,other-non-cash-items,total-non-cash-items,change-in-accounts-receivable,change-in-inventories,change-in-accounts-payable,change-in-assets-liabilities,total-change-in-assets-liabilities,cash-flow-from-operating-activities,net-change-in-property-plant-equipment,net-change-in-intangible-assets,net-acquisitions-divestitures,net-change-in-short-term-investments,net-change-in-long-term-investments,net-change-in-investments-total,investing-activities-other,cash-flow-from-investing-activities,net-long-term-debt,net-current-debt,debt-issuance-retirement-net-total,net-common-equity-issued-repurchased,net-total-equity-issued-repurchased,total-common-preferred-stock-dividends-paid,financial-activities-other,cash-flow-from-financial-activities,net-cash-flow,stock-based-compensation,common-stock-dividends-paid
0,2018-09-30,161.26,$31.96,5.05,$47.53,3.39,$7.53,21.41,$7.83,20.6,$0.70B,$0.36B,1.92,$0.05B,$2.62B,0.02,$3.91B,$3.81B,97.54%,$3.91B,$0.74B,18.94%,$3.91B,$0.74B,18.94%,$3.91B,$0.96B,24.65%,$3.91B,$0.74B,18.97%,$3.91B,$0.64B,16.43%,$0.64B,$2.62B,26.38%,$0.64B,$2.60B,26.59%,$0.64B,$3.49B,19.72%,$0.74B,$2.66B,29.85%,$1058,$25,$1033,$0,$592,$830,$228,$1,$229,$56,$173,$173,$173,$286,$228,$82,82,$2.12,$2.12,$177,$0,$0,$696,$2703,$0,$19,$70,$2793,$3489,$362,$45,$237,$510,$872,$8,$2468,$0,$2617,$3489,$446,$168,$41,$209,$0,$0,$0,$0,$0,$675,$-467,$0,$0,$0,$0,$0,$1,$-466,$-50,$0,$-50,$-77,$-77,$-32,$-1,$-160,$50,$4,$-32
1,2018-06-30,148.96,$30.24,4.93,$45.22,3.29,$6.31,23.62,$6.95,21.43,$0.65B,$0.37B,1.77,$0.05B,$2.48B,0.02,$3.72B,$3.63B,97.47%,$3.72B,$0.68B,18.16%,$3.72B,$0.68B,18.16%,$3.72B,$0.89B,23.99%,$3.72B,$0.68B,18.19%,$3.72B,$0.57B,15.34%,$0.57B,$2.48B,24.81%,$0.57B,$2.46B,25.02%,$0.57B,$3.32B,18.29%,$0.68B,$2.53B,28.81%,$1033,$26,$1007,$0,$578,$813,$220,$1,$221,$58,$163,$163,$163,$277,$220,$82,82,$1.99,$1.99,$141,$0,$0,$648,$2586,$0,$19,$68,$2673,$3321,$366,$45,$231,$473,$839,$8,$2334,$0,$2482,$3321,$273,$110,$3,$113,$0,$0,$0,$0,$0,$425,$-292,$0,$0,$0,$0,$0,$0,$-292,$-50,$0,$-50,$-47,$-47,$-21,$-1,$-120,$13,$2,$-21
2,2018-03-31,146.85,$28.67,5.12,$42.83,3.43,$5.39,27.26,$6.15,23.88,$0.62B,$0.35B,1.78,$0.05B,$2.36B,0.02,$3.53B,$3.44B,97.48%,$3.53B,$0.62B,17.46%,$3.53B,$0.62B,17.46%,$3.53B,$0.83B,23.43%,$3.53B,$0.62B,17.46%,$3.53B,$0.51B,14.34%,$0.51B,$2.36B,23.22%,$0.51B,$2.34B,23.43%,$0.51B,$3.14B,16.86%,$0.62B,$2.40B,27.70%,$925,$22,$903,$0,$560,$776,$149,$-2,$147,$38,$109,$109,$109,$203,$149,$82,82,$1.33,$1.33,$160,$0,$0,$615,$2451,$0,$19,$58,$2529,$3144,$345,$45,$216,$440,$785,$8,$2212,$0,$2359,$3144,$109,$53,$1,$55,$0,$0,$0,$0,$0,$211,$-100,$0,$0,$0,$0,$0,$0,$-100,$-50,$0,$-50,$-17,$-17,$-11,$-1,$-79,$32,$1,$-11
3,2017-12-31,131.32,$27.64,4.75,$40.75,3.22,$4.71,27.86,$5.62,23.37,$0.59B,$0.35B,1.67,$0.05B,$2.28B,0.02,$3.36B,$3.27B,97.47%,$3.36B,$0.58B,17.12%,$3.36B,$0.58B,17.12%,$3.36B,$0.78B,23.29%,$3.36B,$0.58B,17.15%,$3.36B,$0.46B,13.79%,$0.46B,$2.28B,22.41%,$0.46B,$2.26B,22.62%,$0.46B,$3.07B,15.95%,$0.58B,$2.32B,27.23%,$891,$23,$868,$0,$538,$748,$143,$0,$144,$-53,$197,$197,$197,$197,$143,$82,82,$2.39,$2.40,$127,$0,$0,$585,$2404,$0,$19,$60,$2484,$3068,$351,$45,$206,$441,$792,$8,$2130,$0,$2277,$3068,$464,$206,$-78,$128,$-76,$0,$-15,$42,$-55,$536,$-370,$0,$0,$0,$0,$0,$2,$-368,$0,$-10,$-10,$-8,$-8,$-33,$-0,$-51,$117,$3,$-33
4,2017-09-30,109.83,$25.34,4.33,$38.90,2.82,$4.60,23.89,$4.06,27.05,$0.51B,$0.36B,1.44,$0.05B,$2.09B,0.02,$3.21B,$3.13B,97.48%,$3.21B,$0.55B,16.96%,$3.21B,$0.55B,16.96%,$3.21B,$0.75B,23.28%,$3.21B,$0.54B,16.90%,$3.21B,$0.34B,10.43%,$0.34B,$2.09B,17.09%,$0.34B,$2.07B,17.26%,$0.34B,$2.96B,11.92%,$0.55B,$2.13B,26.98%,$873,$23,$850,$0,$514,$709,$164,$1,$165,$62,$102,$102,$102,$216,$164,$82,82,$1.24,$1.24,$78,$0,$0,$513,$2367,$0,$19,$56,$2443,$2956,$356,$45,$194,$514,$869,$8,$1941,$0,$2087,$2956,$267,$153,$5,$158,$0,$0,$0,$0,$0,$388,$-279,$0,$0,$0,$0,$0,$2,$-277,$0,$-10,$-10,$-8,$-8,$-25,$-0,$-43,$68,$2,$-25
5,2017-06-30,94.9,$24.19,3.92,$37.76,2.51,$4.04,23.47,$3.85,24.65,$0.45B,$0.34B,1.29,$0.05B,$1.99B,0.02,$3.12B,$3.05B,97.53%,$3.12B,$0.52B,16.59%,$3.12B,$0.52B,16.59%,$3.12B,$0.72B,22.99%,$3.12B,$0.51B,16.46%,$3.12B,$0.32B,10.21%,$0.32B,$1.99B,16.91%,$0.32B,$1.97B,17.08%,$0.32B,$2.84B,11.64%,$0.52B,$2.04B,26.11%,$840,$21,$819,$0,$495,$679,$160,$-0,$160,$62,$98,$98,$98,$211,$160,$82,82,$1.20,$1.19,$34,$0,$0,$445,$2321,$0,$19,$55,$2396,$2840,$344,$45,$185,$503,$847,$8,$1848,$0,$1993,$2840,$164,$101,$2,$103,$0,$0,$0,$0,$0,$239,$-181,$0,$0,$0,$0,$0,$0,$-181,$0,$-10,$-10,$-7,$-7,$-16,$-0,$-34,$24,$2,$-16
6,2017-03-31,85.17,$23.15,3.68,$36.63,2.33,$3.34,25.49,$3.64,23.4,$0.43B,$0.34B,1.27,$0.05B,$1.91B,0.02,$3.04B,$2.96B,97.56%,$3.04B,$0.49B,16.16%,$3.04B,$0.49B,16.16%,$3.04B,$0.69B,22.61%,$3.04B,$0.49B,16.00%,$3.04B,$0.30B,9.94%,$0.30B,$1.91B,16.56%,$0.30B,$1.89B,16.74%,$0.30B,$2.75B,11.20%,$0.49B,$1.95B,25.00%,$754,$18,$736,$0,$463,$646,$108,$-1,$107,$41,$66,$66,$66,$158,$108,$82,82,$0.80,$0.80,$48,$0,$0,$425,$2246,$0,$19,$54,$2320,$2745,$335,$45,$183,$501,$836,$8,$1765,$0,$1909,$2745,$66,$50,$1,$51,$0,$0,$0,$0,$0,$111,$-55,$0,$0,$0,$0,$0,$0,$-55,$0,$-10,$-10,$-0,$-0,$-8,$0,$-18,$37,$1,$-8
7,2016-12-31,85.3,$22.46,3.8,$35.91,2.38,$3.25,26.27,$3.56,23.96,$0.38B,$0.29B,1.33,$0.11B,$1.85B,0.06,$2.99B,$2.92B,97.49%,$2.99B,$0.48B,16.14%,$2.99B,$0.48B,16.14%,$2.99B,$0.67B,22.49%,$2.99B,$0.48B,15.94%,$2.99B,$0.30B,9.89%,$0.30B,$1.85B,16.71%,$0.30B,$1.83B,16.89%,$0.30B,$2.70B,11.22%,$0.48B,$1.96B,25.08%,$746,$18,$727,$0,$457,$632,$113,$-2,$111,$43,$69,$69,$69,$163,$113,$83,83,$0.83,$0.83,$10,$0,$0,$383,$2241,$0,$19,$53,$2314,$2696,$289,$105,$179,$556,$845,$8,$1707,$0,$1851,$2696,$296,$190,$36,$226,$-11,$0,$22,$11,$44,$566,$-407,$0,$0,$0,$0,$0,$0,$-407,$-26,$-2,$-29,$-130,$-130,$0,$-0,$-159,$-1,$1,$0
8,2016-09-30,68.22,$21.72,3.14,$35.54,1.92,$2.71,25.2,$3.58,19.05,$0.39B,$0.27B,1.45,$0.19B,$1.79B,0.11,$2.98B,$2.90B,97.32%,$2.98B,$0.48B,16.24%,$2.98B,$0.48B,16.24%,$2.98B,$0.67B,22.41%,$2.98B,$0.48B,16.03%,$2.98B,$0.30B,10.03%,$0.30B,$1.79B,17.28%,$0.30B,$1.77B,17.48%,$0.30B,$2.68B,11.58%,$0.48B,$1.99B,25.68%,$783,$19,$764,$0,$471,$645,$137,$-1,$136,$51,$86,$86,$86,$186,$137,$83,83,$1.03,$1.03,$15,$0,$0,$389,$2230,$0,$19,$46,$2295,$2684,$269,$193,$162,$622,$891,$8,$1650,$0,$1793,$2684,$227,$140,$1,$142,$0,$0,$0,$0,$0,$410,$-347,$0,$0,$0,$0,$0,$0,$-347,$-26,$86,$59,$-119,$-119,$0,$-0,$-60,$4,$1,$0
9,2016-06-30,59.96,$20.96,2.86,$35.23,1.7,$2.29,26.22,$3.54,16.94,$0.37B,$0.29B,1.28,$0.22B,$1.74B,0.13,$2.98B,$2.89B,96.94%,$2.98B,$0.49B,16.36%,$2.98B,$0.49B,16.36%,$2.98B,$0.66B,22.30%,$2.98B,$0.48B,16.09%,$2.98B,$0.30B,9.98%,$0.30B,$1.74B,17.54%,$0.30B,$1.72B,17.74%,$0.30B,$2.66B,11.74%,$0.49B,$1.96B,26.71%,$755,$18,$737,$0,$454,$622,$133,$-1,$132,$51,$81,$81,$81,$180,$133,$83,83,$0.98,$0.98,$11,$0,$0,$372,$2225,$0,$19,$44,$2288,$2660,$291,$218,$156,$627,$918,$8,$1599,$0,$1742,$2660,$142,$91,$1,$92,$0,$0,$0,$0,$0,$292,$-293,$0,$0,$0,$0,$0,$0,$-293,$-26,$111,$85,$-85,$-85,$0,$-0,$-0,$-1,$0,$0
10,2016-03-31,69.22,$20.33,3.41,$35.06,1.97,$2.68,25.84,$3.56,19.44,$0.36B,$0.32B,1.1,$0.10B,$1.70B,0.06,$2.98B,$2.88B,96.45%,$2.98B,$0.50B,16.59%,$2.98B,$0.50B,16.59%,$2.98B,$0.67B,22.29%,$2.98B,$0.49B,16.29%,$2.98B,$0.30B,10.12%,$0.30B,$1.70B,18.21%,$0.30B,$1.68B,18.43%,$0.30B,$2.52B,12.28%,$0.50B,$1.80B,28.08%,$708,$18,$689,$0,$446,$608,$100,$-2,$98,$38,$60,$60,$60,$144,$100,$84,84,$0.72,$0.72,$7,$0,$0,$356,$2098,$0,$19,$42,$2160,$2515,$323,$100,$157,$492,$815,$8,$1558,$0,$1700,$2515,$60,$45,$0,$45,$0,$0,$0,$0,$0,$168,$-120,$0,$0,$0,$0,$0,$0,$-120,$-1,$-8,$-8,$-45,$-45,$0,$0,$-53,$-4,$0,$0
11,2015-12-31,58.73,$19.96,2.94,$34.74,1.69,$3.29,17.86,$3.57,16.45,$0.38B,$0.29B,1.34,$0.11B,$1.69B,0.06,$2.97B,$2.86B,96.06%,$2.97B,$0.50B,16.79%,$2.97B,$0.50B,16.79%,$2.97B,$0.66B,22.31%,$2.97B,$0.49B,16.49%,$2.97B,$0.31B,10.26%,$0.31B,$1.69B,18.84%,$0.31B,$1.67B,19.07%,$0.31B,$2.47B,12.63%,$0.50B,$1.79B,28.86%,$735,$23,$711,$0,$446,$621,$114,$-2,$112,$40,$72,$72,$72,$158,$114,$85,85,$0.85,$0.85,$11,$0,$0,$382,$2023,$0,$19,$42,$2085,$2467,$285,$107,$154,$496,$782,$8,$1542,$0,$1685,$2467,$305,$165,$40,$205,$-9,$0,$21,$19,$44,$554,$-438,$0,$0,$0,$0,$0,$0,$-438,$-38,$12,$-25,$-114,$-114,$0,$0,$-140,$-23,$0,$0
12,2015-09-30,60.65,$19.39,3.13,$34.50,1.76,$2.46,24.67,$3.53,17.18,$0.44B,$0.36B,1.2,$0.10B,$1.65B,0.06,$2.96B,$2.83B,95.77%,$2.96B,$0.50B,16.80%,$2.96B,$0.50B,16.80%,$2.96B,$0.66B,22.21%,$2.96B,$0.49B,16.50%,$2.96B,$0.30B,10.24%,$0.30B,$1.65B,19.29%,$0.30B,$1.63B,19.53%,$0.30B,$2.47B,12.89%,$0.50B,$1.74B,29.50%,$779,$30,$749,$0,$454,$640,$140,$-3,$137,$52,$84,$84,$84,$182,$140,$85,85,$0.99,$0.99,$11,$0,$0,$436,$1971,$0,$19,$48,$2038,$2474,$364,$95,$149,$463,$827,$8,$1505,$0,$1647,$2474,$232,$121,$-2,$119,$0,$0,$0,$0,$0,$372,$-343,$0,$0,$0,$0,$0,$0,$-343,$-37,$63,$26,$-79,$-79,$0,$0,$-53,$-23,$0,$0
13,2015-06-30,68.21,$18.71,3.65,$33.99,2.01,$1.94,35.11,$3.44,19.83,$0.42B,$0.30B,1.41,$0.12B,$1.60B,0.07,$2.92B,$2.79B,95.55%,$2.92B,$0.48B,16.52%,$2.92B,$0.48B,16.52%,$2.92B,$0.64B,21.86%,$2.92B,$0.48B,16.25%,$2.92B,$0.30B,10.16%,$0.30B,$1.60B,19.58%,$0.30B,$1.58B,19.84%,$0.30B,$2.38B,13.03%,$0.48B,$1.72B,29.39%,$762,$33,$729,$0,$432,$621,$141,$-2,$139,$54,$86,$86,$86,$181,$141,$86,86,$1.00,$1.00,$13,$0,$0,$422,$1891,$0,$19,$45,$1956,$2378,$299,$118,$150,$479,$778,$9,$1457,$0,$1600,$2378,$148,$79,$-2,$77,$0,$0,$0,$0,$0,$254,$-221,$0,$0,$0,$0,$0,$0,$-221,$-36,$23,$-13,$-42,$-42,$0,$0,$-55,$-22,$0,$0
14,2015-03-31,76.86,$17.96,4.28,$33.26,2.31,$1.34,57.48,$3.30,23.29,$0.50B,$0.32B,1.55,$0.12B,$1.54B,0.08,$2.86B,$2.73B,95.46%,$2.86B,$0.47B,16.24%,$2.86B,$0.47B,16.24%,$2.86B,$0.62B,21.51%,$2.86B,$0.46B,15.96%,$2.86B,$0.29B,9.95%,$0.29B,$1.54B,19.59%,$0.29B,$1.52B,19.86%,$0.29B,$2.34B,12.87%,$0.47B,$1.66B,29.19%,$696,$30,$666,$0,$413,$593,$104,$-2,$102,$39,$63,$63,$63,$142,$104,$86,86,$0.73,$0.73,$113,$0,$0,$500,$1778,$0,$19,$43,$1840,$2340,$322,$121,$149,$475,$797,$9,$1400,$0,$1543,$2340,$63,$39,$-0,$39,$0,$0,$0,$0,$0,$173,$-70,$0,$0,$0,$0,$0,$0,$-70,$-11,$0,$-11,$-13,$-13,$0,$0,$-24,$78,$0,$0
15,2014-12-31,77.19,$17.35,4.45,$32.36,2.39,$0.40,192.89,$3.10,24.9,$0.40B,$0.26B,1.58,$0.12B,$1.49B,0.08,$2.79B,$2.66B,95.37%,$2.79B,$0.44B,15.82%,$2.79B,$0.44B,15.82%,$2.79B,$0.59B,21.09%,$2.79B,$0.43B,15.49%,$2.79B,$0.27B,9.61%,$0.27B,$1.49B,19.30%,$0.27B,$1.48B,19.58%,$0.27B,$2.21B,12.54%,$0.44B,$1.61B,28.77%,$721,$32,$689,$0,$410,$609,$112,$-2,$110,$40,$70,$70,$70,$152,$112,$86,86,$0.81,$0.81,$35,$0,$0,$404,$1743,$0,$19,$40,$1803,$2207,$256,$120,$146,$457,$713,$9,$1351,$0,$1494,$2207,$268,$146,$25,$171,$-54,$0,$9,$36,$-47,$392,$-346,$0,$0,$0,$0,$0,$0,$-346,$-36,$0,$-36,$-6,$-6,$0,$0,$-41,$5,$0,$0
16,2014-09-30,70.23,$16.59,4.23,$30.86,2.28,$0.64,110.21,$2.84,24.73,$0.40B,$0.29B,1.38,$0.15B,$1.43B,0.1,$2.66B,$2.54B,95.34%,$2.66B,$0.41B,15.27%,$2.66B,$0.41B,15.27%,$2.66B,$0.55B,20.57%,$2.66B,$0.40B,14.93%,$2.66B,$0.25B,9.21%,$0.25B,$1.43B,18.52%,$0.25B,$1.41B,18.80%,$0.25B,$2.19B,11.84%,$0.41B,$1.58B,27.50%,$744,$35,$709,$0,$412,$617,$126,$-2,$124,$46,$78,$78,$78,$164,$126,$86,86,$0.90,$0.90,$8,$0,$0,$395,$1731,$0,$19,$44,$1794,$2189,$287,$148,$138,$472,$759,$9,$1287,$0,$1430,$2189,$198,$107,$-9,$97,$0,$0,$0,$0,$0,$278,$-293,$0,$0,$0,$0,$0,$0,$-293,$-36,$28,$-8,$0,$0,$0,$0,$-8,$-22,$0,$0
17,2014-06-30,63.31,$15.69,4.04,$29.39,2.15,$1.19,52.99,$2.64,23.98,$0.38B,$0.30B,1.29,$0.16B,$1.35B,0.12,$2.53B,$2.41B,95.38%,$2.53B,$0.38B,14.93%,$2.53B,$0.38B,14.93%,$2.53B,$0.51B,20.31%,$2.53B,$0.37B,14.54%,$2.53B,$0.23B,8.97%,$0.23B,$1.35B,17.99%,$0.23B,$1.33B,18.27%,$0.23B,$2.12B,11.36%,$0.38B,$1.52B,26.62%,$703,$33,$670,$0,$381,$580,$123,$-2,$121,$47,$74,$74,$74,$158,$123,$86,86,$0.86,$0.86,$20,$0,$0,$382,$1676,$0,$19,$46,$1742,$2124,$298,$164,$133,$475,$772,$9,$1209,$0,$1352,$2124,$120,$69,$-17,$52,$0,$0,$0,$0,$0,$182,$-200,$0,$0,$0,$0,$0,$0,$-200,$-36,$44,$8,$0,$0,$0,$0,$8,$-10,$0,$0
18,2014-03-31,56.41,$14.83,3.8,$28.08,2.01,$1.48,38.05,$2.46,22.93,$0.39B,$0.29B,1.33,$0.15B,$1.28B,0.11,$2.42B,$2.31B,95.41%,$2.42B,$0.35B,14.60%,$2.42B,$0.35B,14.60%,$2.42B,$0.48B,20.02%,$2.42B,$0.34B,14.14%,$2.42B,$0.21B,8.73%,$0.21B,$1.28B,17.51%,$0.21B,$1.26B,17.80%,$0.21B,$2.03B,10.93%,$0.35B,$1.42B,25.77%,$620,$29,$591,$0,$352,$540,$80,$-3,$77,$31,$46,$46,$46,$114,$80,$86,86,$0.53,$0.53,$41,$0,$0,$389,$1586,$0,$19,$37,$1643,$2032,$294,$145,$125,$460,$754,$9,$1135,$0,$1278,$2032,$46,$34,$-1,$33,$0,$0,$0,$0,$0,$100,$-78,$0,$0,$0,$0,$0,$0,$-78,$-11,$0,$-11,$0,$0,$0,$0,$-11,$11,$0,$0
19,2013-12-31,52.72,$14.30,3.69,$27.13,1.94,$1.66,31.68,$2.40,21.96,$0.33B,$0.23B,1.43,$0.16B,$1.23B,0.13,$2.34B,$2.23B,95.51%,$2.34B,$0.34B,14.51%,$2.34B,$0.34B,14.51%,$2.34B,$0.47B,19.95%,$2.34B,$0.33B,14.04%,$2.34B,$0.21B,8.82%,$0.21B,$1.23B,17.88%,$0.21B,$1.21B,18.19%,$0.21B,$1.93B,11.06%,$0.34B,$1.39B,25.57%,$592,$28,$565,$0,$338,$516,$77,$-2,$75,$28,$47,$47,$47,$111,$77,$86,86,$0.54,$0.54,$30,$0,$0,$333,$1543,$0,$19,$37,$1599,$1932,$232,$156,$123,$468,$700,$9,$1089,$0,$1232,$1932,$206,$127,$27,$154,$-30,$0,$-8,$41,$-10,$351,$-284,$0,$0,$0,$0,$0,$0,$-284,$-39,$-10,$-49,$0,$0,$0,$0,$-49,$17,$0,$0
20,2013-09-30,45.73,$13.75,3.33,$26.51,1.72,$0.51,89.64,$2.31,19.79,$0.33B,$0.25B,1.34,$0.17B,$1.19B,0.14,$2.28B,$2.18B,95.31%,$2.28B,$0.33B,14.45%,$2.28B,$0.33B,14.45%,$2.28B,$0.45B,19.80%,$2.28B,$0.32B,13.89%,$2.28B,$0.20B,8.67%,$0.20B,$1.19B,17.99%,$0.20B,$1.17B,18.32%,$0.20B,$1.91B,10.95%,$0.33B,$1.35B,25.67%,$616,$29,$588,$0,$342,$518,$98,$-3,$95,$35,$60,$60,$60,$131,$98,$86,86,$0.70,$0.70,$12,$0,$0,$333,$1509,$0,$19,$43,$1571,$1905,$249,$168,$118,$471,$720,$9,$1042,$0,$1185,$1905,$159,$93,$28,$121,$0,$0,$0,$0,$0,$253,$-220,$0,$0,$0,$0,$0,$0,$-220,$-36,$2,$-34,$0,$0,$0,$0,$-34,$-1,$0,$0
21,2013-06-30,41.38,$13.05,3.17,$25.75,1.61,$-0.82,0.0,$2.20,18.81,$0.32B,$0.27B,1.19,$0.19B,$1.13B,0.17,$2.22B,$2.11B,95.31%,$2.22B,$0.31B,14.11%,$2.22B,$0.31B,14.11%,$2.22B,$0.43B,19.43%,$2.22B,$0.30B,13.53%,$2.22B,$0.19B,8.52%,$0.19B,$1.13B,17.98%,$0.19B,$1.11B,18.32%,$0.19B,$1.86B,10.73%,$0.31B,$1.32B,24.95%,$590,$27,$563,$0,$322,$493,$98,$-3,$95,$37,$58,$58,$58,$128,$98,$86,86,$0.68,$0.68,$7,$0,$0,$324,$1469,$0,$19,$42,$1531,$1855,$273,$190,$112,$457,$730,$9,$982,$0,$1125,$1855,$99,$60,$-0,$60,$0,$0,$0,$0,$0,$154,$-148,$0,$0,$0,$0,$0,$0,$-148,$-36,$25,$-12,$0,$0,$0,$0,$-12,$-5,$0,$0
22,2013-03-31,37.98,$12.38,3.07,$25.25,1.5,$-1.62,0.0,$2.07,18.32,$0.33B,$0.25B,1.28,$0.18B,$1.07B,0.17,$2.18B,$2.07B,95.36%,$2.18B,$0.30B,13.70%,$2.18B,$0.30B,13.70%,$2.18B,$0.41B,18.94%,$2.18B,$0.28B,13.06%,$2.18B,$0.18B,8.23%,$0.18B,$1.07B,17.84%,$0.18B,$1.05B,18.19%,$0.18B,$1.76B,10.48%,$0.30B,$1.25B,24.49%,$538,$23,$515,$0,$306,$472,$66,$-2,$63,$23,$41,$41,$41,$96,$66,$86,86,$0.47,$0.47,$29,$0,$0,$325,$1376,$0,$19,$41,$1436,$1761,$254,$181,$111,$441,$695,$9,$924,$0,$1067,$1761,$41,$30,$-4,$26,$0,$0,$0,$0,$0,$64,$-26,$0,$0,$0,$0,$0,$0,$-26,$-11,$-10,$-21,$0,$0,$0,$0,$-21,$16,$0,$0
23,2012-12-31,34.08,$11.91,2.86,$24.77,1.38,$-2.18,0.0,$1.96,17.36,$0.28B,$0.23B,1.22,$0.20B,$1.03B,0.2,$2.13B,$2.04B,95.60%,$2.13B,$0.29B,13.40%,$2.13B,$0.29B,13.40%,$2.13B,$0.40B,18.56%,$2.13B,$0.27B,12.75%,$2.13B,$0.17B,7.92%,$0.17B,$1.03B,17.63%,$0.17B,$1.01B,17.99%,$0.17B,$1.71B,10.18%,$0.29B,$1.23B,24.20%,$539,$29,$510,$0,$300,$472,$68,$-3,$64,$25,$39,$39,$39,$97,$68,$86,86,$0.46,$0.46,$13,$0,$0,$275,$1379,$0,$19,$39,$1437,$1713,$225,$201,$107,$461,$687,$9,$883,$0,$1026,$1713,$169,$111,$18,$129,$-5,$0,$3,$23,$30,$328,$-361,$0,$0,$0,$0,$0,$0,$-361,$-40,$10,$-30,$0,$0,$0,$-0,$-30,$-63,$0,$0
24,2012-09-30,29.97,$11.45,2.62,$24.42,1.23,$-1.41,0.0,$1.96,15.27,$0.31B,$0.24B,1.29,$0.24B,$0.99B,0.25,$2.10B,$2.00B,95.19%,$2.10B,$0.28B,13.37%,$2.10B,$0.28B,13.37%,$2.10B,$0.39B,18.42%,$2.10B,$0.27B,12.80%,$2.10B,$0.17B,8.09%,$0.17B,$0.99B,18.55%,$0.17B,$0.97B,18.95%,$0.17B,$1.72B,10.56%,$0.28B,$1.23B,24.50%,$551,$24,$526,$0,$305,$470,$81,$-3,$78,$27,$51,$51,$51,$110,$81,$86,86,$0.59,$0.59,$7,$0,$0,$306,$1351,$0,$19,$38,$1409,$1715,$238,$243,$100,$491,$728,$9,$843,$0,$986,$1715,$130,$81,$13,$93,$0,$0,$0,$0,$0,$223,$-304,$0,$0,$0,$0,$0,$0,$-304,$-37,$49,$13,$0,$0,$0,$-0,$13,$-69,$0,$0
25,2012-06-30,28.69,$10.86,2.64,$23.77,1.21,$-0.52,0.0,$1.82,15.77,$0.30B,$0.24B,1.23,$0.23B,$0.94B,0.24,$2.04B,$1.95B,95.50%,$2.04B,$0.27B,13.11%,$2.04B,$0.27B,13.11%,$2.04B,$0.37B,18.05%,$2.04B,$0.25B,12.43%,$2.04B,$0.16B,7.73%,$0.16B,$0.94B,18.07%,$0.16B,$0.92B,18.49%,$0.16B,$1.64B,10.19%,$0.27B,$1.16B,24.36%,$547,$25,$523,$0,$303,$465,$83,$-4,$79,$31,$48,$48,$48,$109,$83,$86,86,$0.56,$0.56,$11,$0,$0,$301,$1283,$0,$19,$37,$1338,$1640,$244,$228,$98,$460,$704,$6,$792,$0,$935,$1640,$79,$52,$-1,$51,$0,$0,$0,$0,$0,$144,$-207,$0,$0,$0,$0,$0,$0,$-207,$-36,$34,$-2,$0,$0,$0,$0,$-2,$-65,$0,$0
26,2012-03-31,31.6,$10.30,3.07,$22.99,1.37,$-0.01,0.0,$1.73,18.3,$0.33B,$0.25B,1.31,$0.22B,$0.89B,0.25,$1.98B,$1.89B,95.70%,$1.98B,$0.25B,12.65%,$1.98B,$0.25B,12.65%,$1.98B,$0.35B,17.55%,$1.98B,$0.24B,11.94%,$1.98B,$0.15B,7.54%,$0.15B,$0.89B,17.84%,$0.15B,$0.87B,18.28%,$0.15B,$1.57B,9.98%,$0.25B,$1.11B,23.57%,$497,$16,$481,$0,$291,$443,$54,$-3,$51,$20,$31,$31,$31,$80,$54,$86,86,$0.36,$0.36,$54,$0,$0,$328,$1190,$0,$19,$37,$1246,$1574,$251,$219,$95,$435,$687,$6,$745,$0,$888,$1574,$31,$26,$-13,$12,$0,$0,$0,$0,$0,$78,$-89,$0,$0,$0,$0,$0,$0,$-89,$-11,$0,$-11,$0,$0,$0,$0,$-11,$-22,$0,$0
27,2011-12-31,26.86,$9.94,2.7,$22.23,1.21,$0.30,88.52,$1.62,16.58,$0.33B,$0.21B,1.62,$0.23B,$0.86B,0.27,$1.90B,$1.82B,95.59%,$1.90B,$0.23B,12.30%,$1.90B,$0.23B,12.30%,$1.90B,$0.33B,17.13%,$1.90B,$0.22B,11.56%,$1.90B,$0.14B,7.36%,$0.14B,$0.86B,17.55%,$0.14B,$0.84B,17.99%,$0.14B,$1.51B,9.69%,$0.23B,$1.09B,22.69%,$506,$37,$470,$0,$276,$443,$63,$-3,$61,$21,$40,$40,$40,$88,$63,$86,86,$0.47,$0.47,$76,$0,$0,$332,$1127,$0,$19,$35,$1181,$1513,$205,$230,$87,$452,$657,$9,$714,$0,$857,$1513,$139,$91,$45,$135,$-40,$0,$13,$27,$3,$278,$-245,$0,$0,$0,$0,$0,$0,$-245,$56,$-66,$-11,$48,$48,$0,$0,$38,$70,$0,$0
28,2011-09-30,19.2,$9.48,2.03,$21.08,0.91,$0.36,53.1,$1.42,13.52,$0.32B,$0.22B,1.45,$0.23B,$0.82B,0.28,$1.80B,$1.73B,96.55%,$1.80B,$0.21B,11.64%,$1.80B,$0.21B,11.64%,$1.80B,$0.30B,16.48%,$1.80B,$0.19B,10.80%,$1.80B,$0.12B,6.79%,$0.12B,$0.82B,16.25%,$0.12B,$0.80B,16.69%,$0.12B,$1.47B,8.86%,$0.21B,$1.04B,21.20%,$494,$17,$478,$0,$279,$426,$68,$-5,$63,$24,$39,$39,$39,$92,$68,$86,86,$0.45,$0.45,$42,$0,$0,$319,$1103,$0,$19,$32,$1155,$1473,$220,$227,$82,$436,$657,$6,$674,$0,$817,$1473,$100,$67,$35,$101,$0,$0,$0,$0,$0,$200,$-205,$0,$0,$0,$0,$0,$0,$-205,$59,$-66,$-7,$48,$48,$0,$0,$41,$37,$0,$0
29,2011-06-30,24.72,$9.03,2.74,$20.06,1.23,$0.91,27.16,$1.27,19.52,$0.30B,$0.21B,1.39,$0.23B,$0.78B,0.29,$1.70B,$1.64B,96.41%,$1.70B,$0.18B,10.84%,$1.70B,$0.18B,10.84%,$1.70B,$0.27B,15.72%,$1.70B,$0.17B,10.13%,$1.70B,$0.11B,6.30%,$0.11B,$0.78B,15.11%,$0.11B,$0.76B,15.54%,$0.11B,$1.41B,8.15%,$0.18B,$1.01B,19.82%,$480,$17,$463,$0,$270,$416,$65,$-4,$61,$21,$39,$39,$39,$87,$65,$86,86,$0.46,$0.46,$29,$0,$0,$296,$1060,$0,$19,$34,$1113,$1410,$212,$227,$81,$419,$631,$6,$635,$0,$778,$1410,$61,$43,$16,$59,$0,$0,$0,$0,$0,$119,$-138,$0,$0,$0,$0,$0,$0,$-138,$60,$-66,$-6,$48,$48,$0,$0,$42,$23,$0,$0
30,2011-03-31,23.26,$8.57,2.71,$18.87,1.23,$1.42,16.36,$1.06,21.85,$0.33B,$0.23B,1.46,$0.25B,$0.74B,0.34,$1.59B,$1.53B,96.47%,$1.59B,$0.16B,10.03%,$1.59B,$0.16B,10.03%,$1.59B,$0.24B,15.13%,$1.59B,$0.15B,9.27%,$1.59B,$0.09B,5.67%,$0.09B,$0.74B,13.45%,$0.09B,$0.72B,13.86%,$0.09B,$1.38B,7.13%,$0.16B,$0.99B,17.75%,$423,$14,$408,$0,$251,$385,$38,$-2,$35,$14,$22,$22,$22,$59,$38,$84,84,$0.25,$0.25,$88,$0,$0,$330,$1001,$0,$19,$34,$1054,$1384,$227,$252,$77,$418,$645,$6,$596,$0,$739,$1384,$22,$21,$-4,$17,$0,$0,$0,$0,$0,$74,$-57,$0,$0,$0,$0,$0,$0,$-57,$84,$-66,$18,$48,$48,$0,$0,$66,$83,$0,$0
31,2010-12-31,21.2,$7.97,2.66,$17.65,1.2,$1.32,16.07,$0.90,23.45,$0.22B,$0.17B,1.31,$0.23B,$0.67B,0.35,$1.48B,$1.43B,96.62%,$1.48B,$0.14B,9.25%,$1.48B,$0.14B,9.25%,$1.48B,$0.22B,14.79%,$1.48B,$0.13B,8.44%,$1.48B,$0.08B,5.13%,$0.08B,$0.67B,11.97%,$0.08B,$0.65B,12.38%,$0.08B,$1.24B,6.26%,$0.14B,$0.90B,15.81%,$399,$14,$385,$0,$244,$361,$38,$-3,$35,$13,$22,$22,$22,$58,$38,$84,84,$0.26,$0.26,$5,$0,$0,$223,$964,$0,$19,$34,$1017,$1240,$170,$234,$76,$401,$571,$6,$574,$0,$669,$1240,$76,$80,$8,$89,$-36,$0,$-4,$20,$-24,$141,$-104,$0,$0,$0,$0,$0,$0,$-104,$-37,$1,$-35,$0,$0,$0,$-0,$-36,$1,$0,$0
32,2010-09-30,16.85,$7.71,2.19,$16.60,1.01,$-0.05,0.0,$0.76,22.17,$0.22B,$0.25B,0.89,$0.17B,$0.65B,0.26,$1.39B,$1.35B,96.84%,$1.39B,$0.12B,8.47%,$1.39B,$0.12B,8.47%,$1.39B,$0.20B,14.64%,$1.39B,$0.11B,7.54%,$1.39B,$0.06B,4.59%,$0.06B,$0.65B,10.39%,$0.06B,$0.63B,10.76%,$0.06B,$1.22B,5.36%,$0.12B,$0.82B,13.78%,$396,$15,$381,$0,$241,$353,$43,$-3,$41,$16,$24,$24,$24,$63,$43,$84,84,$0.29,$0.29,$5,$0,$0,$221,$947,$0,$19,$31,$998,$1219,$249,$168,$73,$324,$572,$6,$552,$0,$647,$1219,$54,$61,$1,$61,$0,$0,$0,$0,$0,$110,$-68,$0,$0,$0,$0,$0,$0,$-68,$-37,$-4,$-41,$0,$0,$0,$-0,$-41,$1,$0,$0
33,2010-06-30,15.53,$7.42,2.09,$15.73,0.99,$-1.59,0.0,$0.59,26.27,$0.21B,$0.18B,1.15,$0.25B,$0.62B,0.41,$1.32B,$1.28B,97.05%,$1.32B,$0.10B,7.20%,$1.32B,$0.10B,7.20%,$1.32B,$0.19B,14.02%,$1.32B,$0.08B,6.14%,$1.32B,$0.05B,3.79%,$0.05B,$0.62B,8.34%,$0.05B,$0.60B,8.65%,$0.05B,$1.20B,4.23%,$0.10B,$0.87B,10.95%,$368,$13,$356,$0,$223,$328,$40,$-4,$36,$14,$22,$22,$22,$60,$40,$84,84,$0.25,$0.25,$5,$0,$0,$207,$943,$0,$19,$34,$996,$1203,$180,$252,$70,$401,$581,$4,$528,$0,$622,$1203,$29,$41,$-4,$37,$0,$0,$0,$3,$3,$69,$-45,$0,$0,$0,$0,$0,$-6,$-51,$-36,$19,$-17,$0,$0,$0,$0,$-17,$1,$0,$0
34,2010-03-31,14.75,$7.16,2.06,$15.11,0.98,$-2.76,0.0,$0.46,31.92,$0.19B,$0.17B,1.13,$0.27B,$0.60B,0.45,$1.27B,$1.23B,97.16%,$1.27B,$0.08B,5.99%,$1.27B,$0.08B,5.99%,$1.27B,$0.17B,13.41%,$1.27B,$0.06B,4.97%,$1.27B,$0.04B,3.08%,$0.04B,$0.60B,6.64%,$0.04B,$0.58B,6.91%,$0.04B,$1.19B,3.34%,$0.08B,$0.87B,8.85%,$318,$9,$309,$0,$205,$301,$16,$-4,$13,$5,$8,$8,$8,$38,$16,$84,84,$0.09,$0.09,$9,$0,$0,$194,$944,$0,$24,$30,$999,$1193,$172,$273,$70,$421,$592,$4,$506,$0,$601,$1193,$8,$22,$-5,$16,$0,$0,$0,$11,$11,$35,$-27,$0,$0,$0,$0,$0,$-6,$-34,$-11,$15,$4,$0,$0,$0,$0,$4,$5,$0,$0
35,2009-12-31,13.57,$7.07,1.92,$14.84,0.91,$-3.39,0.0,$0.42,32.47,$0.17B,$0.15B,1.18,$0.27B,$0.59B,0.45,$1.25B,$1.21B,97.19%,$1.25B,$0.07B,5.62%,$1.25B,$0.07B,5.62%,$1.25B,$0.17B,13.25%,$1.25B,$0.06B,4.58%,$1.25B,$0.04B,2.81%,$0.04B,$0.59B,6.06%,$0.04B,$0.57B,6.31%,$0.04B,$1.16B,3.05%,$0.07B,$0.86B,8.28%,$311,$8,$303,$0,$198,$292,$19,$-3,$15,$6,$10,$10,$10,$43,$19,$84,84,$0.11,$0.11,$4,$0,$0,$174,$939,$0,$19,$26,$985,$1159,$148,$269,$69,$418,$566,$6,$498,$0,$593,$1159,$35,$95,$11,$106,$3,$0,$-8,$-8,$-10,$131,$-209,$0,$0,$5,$0,$5,$0,$-204,$-12,$65,$53,$0,$0,$0,$0,$53,$-20,$0,$0
36,2009-09-30,13.45,$6.95,1.93,$15.14,0.89,$-2.24,0.0,$0.44,30.88,$0.20B,$0.16B,1.2,$0.28B,$0.58B,0.48,$1.27B,$1.23B,97.17%,$1.27B,$0.07B,5.83%,$1.27B,$0.07B,5.83%,$1.27B,$0.17B,13.15%,$1.27B,$0.06B,4.72%,$1.27B,$0.04B,2.83%,$0.04B,$0.58B,6.33%,$0.04B,$0.56B,6.62%,$0.04B,$1.18B,3.20%,$0.07B,$0.86B,8.92%,$323,$9,$313,$0,$209,$303,$20,$-3,$17,$7,$10,$10,$10,$44,$20,$84,84,$0.13,$0.13,$4,$0,$0,$196,$934,$0,$25,$20,$979,$1175,$164,$277,$67,$428,$591,$4,$489,$0,$583,$1175,$25,$71,$12,$83,$0,$0,$0,$-16,$-16,$92,$-179,$0,$0,$5,$0,$5,$0,$-175,$-12,$74,$62,$0,$0,$0,$0,$62,$-20,$0,$0
37,2009-06-30,14.83,$6.83,2.17,$16.25,0.91,$-0.86,0.0,$0.59,25.1,$0.19B,$0.16B,1.19,$0.27B,$0.57B,0.46,$1.36B,$1.33B,97.21%,$1.36B,$0.10B,7.04%,$1.36B,$0.10B,7.04%,$1.36B,$0.19B,13.72%,$1.36B,$0.08B,5.94%,$1.36B,$0.05B,3.60%,$0.05B,$0.57B,8.75%,$0.05B,$0.55B,9.16%,$0.05B,$1.15B,4.45%,$0.10B,$0.84B,11.83%,$316,$9,$307,$0,$206,$295,$21,$-4,$18,$7,$11,$11,$11,$45,$21,$84,84,$0.13,$0.13,$4,$0,$0,$194,$908,$0,$25,$18,$951,$1145,$163,$265,$63,$409,$572,$4,$478,$0,$573,$1145,$15,$47,$8,$55,$0,$0,$0,$-14,$-14,$55,$-129,$0,$0,$5,$0,$5,$0,$-125,$-12,$61,$49,$0,$0,$0,$0,$49,$-20,$0,$0
38,2009-03-31,10.38,$6.70,1.55,$17.46,0.59,$0.28,37.19,$0.75,13.9,$0.19B,$0.15B,1.25,$0.26B,$0.56B,0.46,$1.47B,$1.42B,97.20%,$1.47B,$0.12B,8.05%,$1.47B,$0.12B,8.05%,$1.47B,$0.21B,14.13%,$1.47B,$0.10B,6.96%,$1.47B,$0.06B,4.23%,$0.06B,$0.56B,11.32%,$0.06B,$0.54B,11.87%,$0.06B,$1.11B,5.75%,$0.12B,$0.82B,14.88%,$295,$8,$287,$0,$202,$285,$10,$-4,$7,$3,$4,$4,$4,$33,$10,$84,84,$0.05,$0.05,$4,$0,$0,$188,$880,$0,$25,$16,$921,$1109,$151,$260,$61,$396,$547,$4,$467,$0,$562,$1109,$4,$23,$1,$24,$0,$0,$0,$5,$5,$33,$-77,$0,$0,$5,$0,$5,$0,$-73,$-11,$31,$19,$0,$0,$0,$0,$19,$-20,$0,$0
39,2008-12-31,12.58,$6.65,1.89,$18.33,0.69,$1.07,11.76,$0.82,15.3,$0.21B,$0.14B,1.47,$0.24B,$0.56B,0.43,$1.54B,$1.50B,97.20%,$1.54B,$0.13B,8.39%,$1.54B,$0.13B,8.39%,$1.54B,$0.22B,14.04%,$1.54B,$0.11B,7.28%,$1.54B,$0.07B,4.42%,$0.07B,$0.56B,12.78%,$0.07B,$0.53B,13.43%,$0.07B,$1.08B,6.46%,$0.13B,$0.80B,16.70%,$336,$9,$327,$0,$215,$313,$23,$-5,$18,$7,$11,$11,$11,$45,$23,$84,84,$0.13,$0.13,$29,$0,$0,$209,$824,$0,$26,$16,$866,$1075,$142,$240,$61,$375,$517,$4,$464,$0,$558,$1075,$69,$87,$3,$90,$12,$0,$8,$18,$38,$197,$-178,$0,$-7,$19,$0,$19,$0,$-166,$-13,$0,$-13,$0,$0,$0,$0,$-13,$18,$0,$0
40,2008-09-30,12.52,$6.52,1.92,$18.60,0.67,$0.56,22.2,$0.88,14.3,$0.26B,$0.16B,1.66,$0.24B,$0.55B,0.44,$1.56B,$1.52B,97.12%,$1.56B,$0.14B,8.71%,$1.56B,$0.14B,8.71%,$1.56B,$0.22B,14.22%,$1.56B,$0.12B,7.62%,$1.56B,$0.07B,4.68%,$0.07B,$0.55B,14.17%,$0.07B,$0.52B,14.91%,$0.07B,$1.08B,7.09%,$0.14B,$0.79B,17.94%,$416,$12,$404,$0,$240,$373,$42,$-4,$38,$15,$23,$23,$23,$64,$42,$84,84,$0.28,$0.28,$40,$0,$0,$263,$771,$0,$26,$17,$814,$1076,$159,$240,$58,$371,$529,$4,$452,$0,$547,$1076,$58,$65,$2,$66,$0,$0,$0,$8,$8,$131,$-102,$0,$-7,$15,$0,$15,$0,$-94,$-12,$0,$-12,$0,$0,$0,$0,$-12,$25,$0,$0
41,2008-06-30,13.27,$6.24,2.12,$17.98,0.74,$-0.31,0.0,$0.84,15.88,$0.26B,$0.16B,1.6,$0.24B,$0.52B,0.46,$1.51B,$1.46B,97.08%,$1.51B,$0.13B,8.49%,$1.51B,$0.13B,8.49%,$1.51B,$0.21B,14.12%,$1.51B,$0.11B,7.43%,$1.51B,$0.07B,4.64%,$0.07B,$0.52B,14.09%,$0.07B,$0.50B,14.82%,$0.07B,$1.05B,6.96%,$0.13B,$0.76B,17.22%,$418,$12,$406,$0,$236,$375,$43,$-4,$39,$15,$24,$24,$24,$65,$43,$84,84,$0.28,$0.28,$37,$0,$0,$261,$747,$0,$26,$20,$793,$1054,$163,$240,$57,$368,$530,$4,$429,$0,$524,$1054,$34,$43,$4,$46,$0,$0,$0,$1,$1,$81,$-61,$0,$-7,$22,$0,$22,$0,$-46,$-7,$0,$-7,$0,$0,$0,$0,$-7,$29,$0,$0
42,2008-03-31,14.07,$5.96,2.36,$17.28,0.81,$-1.17,0.0,$0.82,17.2,$0.24B,$0.15B,1.63,$0.24B,$0.50B,0.48,$1.45B,$1.41B,96.97%,$1.45B,$0.13B,8.69%,$1.45B,$0.13B,8.69%,$1.45B,$0.21B,14.41%,$1.45B,$0.11B,7.59%,$1.45B,$0.07B,4.76%,$0.07B,$0.50B,14.40%,$0.07B,$0.47B,15.15%,$0.07B,$1.01B,7.03%,$0.13B,$0.74B,17.27%,$368,$11,$358,$0,$229,$347,$21,$-4,$17,$7,$10,$10,$10,$42,$21,$84,84,$0.12,$0.12,$38,$0,$0,$239,$725,$0,$26,$18,$769,$1008,$146,$241,$55,$362,$508,$4,$405,$0,$500,$1008,$10,$21,$1,$22,$0,$0,$0,$7,$7,$39,$-17,$0,$-7,$21,$0,$21,$0,$-3,$-7,$0,$-7,$0,$0,$0,$0,$-7,$29,$0,$0
43,2007-12-31,10.21,$5.83,1.75,$16.71,0.61,$-1.72,0.0,$0.85,11.97,$0.22B,$0.13B,1.69,$0.25B,$0.49B,0.51,$1.40B,$1.36B,96.86%,$1.40B,$0.13B,9.27%,$1.40B,$0.13B,9.27%,$1.40B,$0.21B,14.98%,$1.40B,$0.12B,8.20%,$1.40B,$0.07B,5.21%,$0.07B,$0.49B,15.80%,$0.07B,$0.47B,16.41%,$0.07B,$0.98B,7.58%,$0.13B,$0.74B,18.16%,$359,$11,$348,$0,$215,$328,$30,$-5,$25,$10,$16,$16,$16,$51,$30,$84,84,$0.19,$0.19,$31,$0,$0,$216,$721,$0,$24,$20,$765,$981,$128,$252,$50,$364,$492,$4,$395,$0,$489,$981,$72,$80,$7,$87,$-9,$0,$-4,$15,$-1,$158,$-182,$0,$-20,$61,$0,$61,$0,$-141,$-13,$0,$-13,$0,$0,$0,$0,$-13,$4,$0,$0
44,2007-09-30,10.59,$5.65,1.88,$16.24,0.65,$-1.90,0.0,$0.88,12.04,$0.22B,$0.15B,1.5,$0.25B,$0.47B,0.54,$1.36B,$1.32B,96.92%,$1.36B,$0.13B,9.69%,$1.36B,$0.13B,9.69%,$1.36B,$0.21B,15.27%,$1.36B,$0.12B,8.66%,$1.36B,$0.08B,5.51%,$0.08B,$0.47B,16.88%,$0.08B,$0.45B,17.50%,$0.08B,$0.98B,7.97%,$0.13B,$0.73B,18.84%,$363,$11,$352,$0,$222,$329,$34,$-3,$31,$11,$20,$20,$20,$55,$34,$84,84,$0.24,$0.24,$17,$0,$0,$219,$724,$0,$23,$16,$763,$982,$146,$254,$48,$362,$508,$4,$379,$0,$474,$982,$56,$59,$6,$65,$0,$0,$0,$-2,$-2,$120,$-164,$0,$-19,$70,$0,$70,$0,$-113,$-12,$4,$-8,$0,$0,$0,$0,$-8,$-2,$0,$0
45,2007-06-30,13.32,$5.41,2.46,$15.93,0.84,$-1.94,0.0,$0.88,15.14,$0.21B,$0.15B,1.44,$0.26B,$0.45B,0.56,$1.34B,$1.29B,96.78%,$1.34B,$0.14B,10.10%,$1.34B,$0.14B,10.10%,$1.34B,$0.21B,15.48%,$1.34B,$0.12B,8.98%,$1.34B,$0.08B,5.61%,$0.08B,$0.45B,17.62%,$0.08B,$0.43B,18.04%,$0.08B,$0.96B,8.17%,$0.14B,$0.71B,19.73%,$360,$12,$348,$0,$216,$319,$41,$-3,$37,$15,$23,$23,$23,$61,$41,$84,84,$0.27,$0.27,$17,$0,$0,$211,$708,$0,$23,$14,$745,$957,$147,$255,$44,$356,$503,$4,$359,$0,$454,$957,$36,$38,$3,$41,$0,$0,$0,$6,$6,$83,$-135,$0,$-12,$70,$0,$70,$0,$-77,$-7,$0,$-7,$0,$0,$0,$0,$-7,$-1,$0,$0
46,2007-03-31,12.73,$5.14,2.48,$15.59,0.82,$-1.92,0.0,$0.87,14.61,$0.23B,$0.15B,1.54,$0.26B,$0.43B,0.59,$1.31B,$1.26B,96.64%,$1.31B,$0.13B,10.17%,$1.31B,$0.13B,10.17%,$1.31B,$0.20B,15.37%,$1.31B,$0.12B,9.10%,$1.31B,$0.07B,5.66%,$0.07B,$0.43B,18.17%,$0.07B,$0.43B,18.36%,$0.07B,$0.93B,8.26%,$0.13B,$0.69B,19.89%,$320,$10,$310,$0,$205,$295,$25,$-3,$22,$8,$14,$14,$14,$43,$25,$84,84,$0.16,$0.16,$56,$0,$0,$234,$670,$0,$0,$29,$699,$934,$152,$255,$41,$350,$502,$4,$337,$0,$431,$934,$14,$18,$1,$20,$0,$0,$0,$23,$23,$57,$-81,$0,$0,$31,$0,$31,$0,$-50,$-7,$0,$-7,$0,$0,$0,$0,$-7,$-1,$0,$0
47,2006-12-31,10.64,$4.98,2.14,$15.25,0.7,$-1.83,0.0,$0.87,12.27,$0.26B,$0.12B,2.11,$0.26B,$0.42B,0.63,$1.28B,$1.24B,96.56%,$1.28B,$0.13B,10.31%,$1.28B,$0.13B,10.31%,$1.28B,$0.20B,15.39%,$1.28B,$0.12B,9.30%,$1.28B,$0.07B,5.70%,$0.07B,$0.42B,18.77%,$0.07B,$0.40B,18.97%,$0.07B,$0.89B,8.70%,$0.13B,$0.68B,21.26%,$319,$10,$310,$0,$199,$288,$32,$-3,$28,$11,$18,$18,$18,$49,$32,$84,84,$0.21,$0.21,$88,$0,$0,$256,$608,$0,$17,$11,$636,$892,$122,$262,$39,$353,$475,$4,$323,$0,$418,$892,$73,$68,$7,$75,$-14,$0,$7,$20,$7,$155,$-193,$0,$-19,$-85,$0,$-85,$0,$-298,$157,$-11,$146,$0,$0,$0,$-1,$145,$2,$0,$0
