,Date,Stock Price,Book Value per Share,Price to Book Ratio,TTM Sales per Share,Price to Sales Ratio,TTM FCF per Share,Price to FCF Ratio,TTM Net EPS,PE Ratio,Current Assets,Current Liabilities,Current Ratio,Long Term Debt,Shareholder's Equity_x,Debt to Equity Ratio,TTM Revenue_x,TTM Gross Profit,Gross Margin,TTM Revenue_y,TTM Operating Income,Operating Margin,TTM Revenue_x,TTM EBIT,EBIT Margin,TTM Revenue_y,TTM EBITDA,EBITDA Margin,TTM Revenue_x,TTM Pre-Tax Income,Pre-Tax Margin,TTM Revenue_y,TTM Net Income_x,Net Margin,TTM Net Income_y,Shareholder's Equity_y,Return on Equity,TTM Net Income_x,Tangible Equity,Return on Tangible Equity,TTM Net Income_y,Total Assets,Return on Assets,TTM Net Income,LT Investments & Debt,Return on Investment,revenue,cost-goods-sold,gross-profit,research-development-expenses,selling-general-administrative-expenses,operating-expenses,operating-income,total-non-operating-income-expense,pre-tax-income,total-provision-income-taxes,income-after-taxes,income-from-continuous-operations,net-income,ebitda,ebit,basic-shares-outstanding,shares-outstanding,eps-basic-net-earnings-per-share,eps-earnings-per-share-diluted,cash-on-hand,inventory,other-current-assets,total-current-assets,net-property-plant-equipment,long-term-investments,goodwill-intangible-assets-total,other-long-term-assets,total-long-term-assets,total-assets,total-current-liabilities,long-term-debt,other-non-current-liabilities,total-long-term-liabilities,total-liabilities,common-stock-net,retained-earnings-accumulated-deficit,comprehensive-income,total-share-holder-equity,total-liabilities-share-holders-equity,net-income-loss,total-depreciation-amortization-cash-flow,other-non-cash-items,total-non-cash-items,change-in-accounts-receivable,change-in-inventories,change-in-accounts-payable,change-in-assets-liabilities,total-change-in-assets-liabilities,cash-flow-from-operating-activities,net-change-in-property-plant-equipment,net-change-in-intangible-assets,net-acquisitions-divestitures,net-change-in-short-term-investments,net-change-in-long-term-investments,net-change-in-investments-total,investing-activities-other,cash-flow-from-investing-activities,net-long-term-debt,net-current-debt,debt-issuance-retirement-net-total,net-common-equity-issued-repurchased,net-total-equity-issued-repurchased,total-common-preferred-stock-dividends-paid,financial-activities-other,cash-flow-from-financial-activities,net-cash-flow,stock-based-compensation,common-stock-dividends-paid
0,2018-09-30,3.21,$4.00,0.8,$19.62,0.16,$1.97,1.63,0,0.0,$3.01B,$2.23B,1.35,$1.65B,$2.20B,0.75,$10.93B,$2.56B,23.40%,$10.93B,$0.30B,2.75%,$10.93B,$0.30B,2.75%,$10.93B,$0.49B,4.50%,$10.93B,$0.21B,1.93%,$10.93B,$0.07B,0.60%,$0.07B,$2.20B,3.06%,$0.07B,$0.86B,7.90%,$0.07B,$6.47B,1.03%,$0.30B,$3.84B,7.85%,$2887,$2201,$686,$0,$567,$2782,$105,$-20,$85,$25,$60,$60,$60,$156,$105,$551,564,$0.11,$0.11,$925,$1023,$0,$3010,$744,$0,$1342,$257,$3462,$6472,$2228,$1646,$0,$2047,$4275,$6,$-160,$-65,$2197,$6472,$118,$149,$88,$237,$0,$0,$0,$200,$200,$555,$-121,$0,$-64,$0,$0,$0,$4,$-181,$-74,$0,$-74,$-22,$-22,$-42,$-21,$-159,$288,$19,$-42
1,2018-06-30,2.55,$3.89,0.66,$19.44,0.13,$1.77,1.44,$0.17,15.0,$2.92B,$2.12B,1.38,$1.67B,$2.16B,0.77,$10.66B,$2.50B,23.49%,$10.66B,$0.30B,2.82%,$10.66B,$0.30B,2.82%,$10.66B,$0.48B,4.49%,$10.66B,$0.23B,2.12%,$10.66B,$0.10B,0.92%,$0.10B,$2.16B,4.63%,$0.10B,$0.84B,9.53%,$0.10B,$6.36B,1.60%,$0.30B,$3.82B,8.25%,$2628,$2032,$596,$0,$534,$2580,$48,$-20,$28,$9,$19,$19,$16,$95,$48,$557,565,$0.03,$0.03,$747,$1122,$0,$2916,$722,$0,$1319,$259,$3443,$6359,$2120,$1668,$0,$2083,$4203,$6,$-220,$-67,$2156,$6359,$57,$98,$51,$149,$0,$0,$0,$45,$45,$251,$-72,$0,$-30,$0,$0,$0,$0,$-102,$-51,$0,$-51,$-8,$-8,$-28,$-20,$-107,$111,$13,$-28
2,2018-03-31,2.13,$3.87,0.55,$19.23,0.11,$1.62,1.31,$0.19,11.19,$2.93B,$2.11B,1.39,$1.69B,$2.16B,0.78,$10.39B,$2.45B,23.60%,$10.39B,$0.29B,2.83%,$10.39B,$0.29B,2.83%,$10.39B,$0.46B,4.46%,$10.39B,$0.23B,2.24%,$10.39B,$0.11B,1.02%,$0.11B,$2.16B,5.11%,$0.11B,$0.83B,8.73%,$0.11B,$6.39B,1.80%,$0.29B,$3.85B,8.48%,$2830,$2163,$667,$0,$573,$2753,$77,$-22,$55,$22,$33,$33,$41,$128,$77,$555,563,$0.07,$0.07,$737,$1033,$0,$2928,$713,$0,$1330,$266,$3462,$6390,$2106,$1688,$0,$2127,$4233,$6,$-236,$-64,$2157,$6390,$41,$51,$29,$80,$0,$0,$0,$86,$86,$207,$-36,$0,$-30,$0,$0,$0,$0,$-66,$-25,$0,$-25,$0,$0,$-14,$-2,$-41,$138,$4,$-14
3,2017-12-31,3.47,$3.83,0.91,$19.23,0.18,$1.45,2.4,$0.34,10.19,$2.87B,$2.05B,1.4,$1.71B,$2.12B,0.81,$10.24B,$2.46B,24.03%,$10.24B,$0.34B,3.33%,$10.24B,$0.34B,3.33%,$10.24B,$0.50B,4.88%,$10.24B,$0.30B,2.92%,$10.24B,$0.18B,1.77%,$0.18B,$2.12B,8.95%,$0.18B,$0.82B,12.95%,$0.18B,$6.32B,3.21%,$0.34B,$3.83B,10.39%,$2581,$1973,$608,$0,$502,$2510,$71,$-28,$43,$90,$-47,$-47,$-51,$113,$71,$522,535,$-0.10,$-0.10,$622,$1093,$0,$2871,$725,$0,$1299,$260,$3452,$6323,$2046,$1712,$0,$2157,$4203,$6,$-273,$-78,$2120,$6323,$181,$159,$202,$361,$15,$160,$0,$2,$-75,$467,$-158,$0,$-875,$0,$0,$0,$0,$-1033,$-123,$4,$-119,$-73,$-73,$-53,$718,$473,$-171,$28,$-53
4,2017-09-30,4.41,$3.96,1.11,$19.37,0.23,$1.61,2.74,$0.59,7.48,$2.83B,$1.86B,1.52,$1.05B,$2.04B,0.51,$10.39B,$2.51B,24.14%,$10.39B,$0.33B,3.16%,$10.39B,$0.33B,3.16%,$10.39B,$0.49B,4.68%,$10.39B,$0.30B,2.91%,$10.39B,$0.31B,3.00%,$0.31B,$2.04B,15.95%,$0.31B,$1.63B,20.05%,$0.31B,$5.40B,5.73%,$0.33B,$3.09B,10.66%,$2620,$1987,$633,$0,$506,$2515,$105,$-5,$100,$2,$98,$98,$92,$143,$105,$518,531,$0.18,$0.17,$788,$1110,$0,$2832,$627,$0,$413,$228,$2565,$5397,$1858,$1046,$0,$1497,$3355,$6,$-221,$-107,$2042,$5397,$233,$117,$74,$191,$0,$0,$0,$-16,$-16,$408,$-106,$0,$-24,$0,$0,$0,$4,$-126,$-109,$0,$-109,$-34,$-34,$-39,$-17,$-199,$17,$24,$-39
5,2017-06-30,5.45,$3.81,1.43,$19.64,0.28,$1.75,3.12,$0.50,10.89,$2.91B,$1.83B,1.59,$1.13B,$1.98B,0.57,$10.60B,$2.60B,24.53%,$10.60B,$0.34B,3.21%,$10.60B,$0.34B,3.21%,$10.60B,$0.50B,4.74%,$10.60B,$0.29B,2.75%,$10.60B,$0.41B,3.90%,$0.41B,$1.98B,21.65%,$0.41B,$1.58B,27.34%,$0.41B,$5.41B,7.42%,$0.34B,$3.11B,11.12%,$2363,$1818,$545,$0,$483,$2322,$41,$-6,$35,$14,$21,$21,$24,$80,$41,$518,532,$0.05,$0.05,$763,$1228,$0,$2912,$580,$0,$395,$226,$2500,$5412,$1827,$1134,$0,$1610,$3437,$6,$-314,$-106,$1975,$5412,$140,$79,$50,$129,$0,$0,$0,$-154,$-154,$115,$-22,$0,$0,$0,$0,$0,$0,$-22,$-15,$0,$-15,$-17,$-17,$-26,$-14,$-72,$13,$17,$-26
6,2017-03-31,4.48,$3.78,1.19,$19.81,0.23,$1.95,2.29,$0.83,5.4,$2.92B,$1.85B,1.58,$1.15B,$1.95B,0.59,$10.82B,$2.67B,24.66%,$10.82B,$0.57B,5.27%,$10.82B,$0.57B,5.27%,$10.82B,$0.74B,6.87%,$10.82B,$0.51B,4.72%,$10.82B,$0.60B,5.54%,$0.60B,$1.95B,31.88%,$0.60B,$1.56B,40.62%,$0.60B,$5.44B,10.40%,$0.57B,$3.10B,18.38%,$2676,$2001,$675,$0,$531,$2552,$124,$-3,$121,$47,$74,$74,$116,$164,$124,$515,532,$0.22,$0.22,$744,$1179,$0,$2924,$586,$0,$395,$219,$2511,$5435,$1846,$1145,$0,$1635,$3481,$6,$-338,$-123,$1954,$5435,$116,$40,$22,$62,$0,$0,$0,$-90,$-90,$88,$-22,$0,$0,$0,$0,$0,$0,$-22,$-6,$0,$-6,$-10,$-10,$-13,$-9,$-38,$-5,$11,$-13
7,2016-12-31,4.32,$3.60,1.2,$19.96,0.22,$1.67,2.59,$0.69,6.26,$2.97B,$2.03B,1.46,$1.16B,$1.85B,0.62,$11.02B,$2.71B,24.57%,$11.02B,$0.53B,4.82%,$11.02B,$0.53B,4.82%,$11.02B,$0.71B,6.46%,$11.02B,$0.46B,4.16%,$11.02B,$0.53B,4.80%,$0.53B,$1.85B,29.30%,$0.53B,$1.46B,37.98%,$0.53B,$5.54B,8.96%,$0.53B,$3.01B,17.12%,$2726,$2072,$654,$0,$547,$2668,$58,$-12,$46,$-9,$55,$55,$80,$99,$58,$539,549,$0.16,$0.15,$763,$1279,$0,$2973,$601,$0,$396,$219,$2567,$5540,$2031,$1156,$0,$1657,$3688,$6,$-453,$-129,$1852,$5540,$529,$181,$61,$242,$55,$56,$0,$-51,$-279,$492,$-84,$0,$0,$0,$0,$0,$0,$-84,$-299,$0,$-299,$-132,$-132,$-26,$-18,$-475,$-262,$40,$-26
8,2016-09-30,3.39,$3.50,0.97,$17.46,0.19,$1.08,3.13,$0.57,5.96,$3.40B,$2.32B,1.46,$1.16B,$1.85B,0.63,$9.66B,$2.38B,24.63%,$9.66B,$0.54B,5.57%,$9.66B,$0.54B,5.57%,$9.66B,$0.73B,7.60%,$9.66B,$0.46B,4.78%,$9.66B,$0.46B,4.80%,$0.46B,$1.85B,26.62%,$0.46B,$1.45B,35.01%,$0.46B,$5.88B,7.57%,$0.54B,$3.01B,17.29%,$2836,$2110,$726,$0,$569,$2719,$117,$-27,$90,$-240,$330,$330,$193,$160,$117,$535,545,$0.36,$0.35,$801,$1216,$0,$3400,$601,$0,$401,$212,$2481,$5881,$2322,$1163,$0,$1710,$4032,$6,$-682,$43,$1849,$5881,$449,$140,$38,$178,$0,$0,$0,$-180,$-180,$447,$-63,$0,$0,$0,$0,$0,$6,$-57,$-292,$0,$-292,$-81,$-81,$-13,$-18,$-404,$-126,$25,$-13
9,2016-06-30,3.13,$3.42,0.91,$17.73,0.18,$0.41,7.68,$0.50,6.25,$3.85B,$2.29B,1.68,$1.43B,$1.86B,0.77,$9.87B,$2.44B,24.72%,$9.87B,$0.50B,5.09%,$9.87B,$0.50B,5.09%,$9.87B,$0.70B,7.11%,$9.87B,$0.44B,4.41%,$9.87B,$0.28B,2.81%,$0.28B,$1.86B,16.53%,$0.28B,$1.44B,22.25%,$0.28B,$6.17B,4.41%,$0.50B,$3.29B,16.09%,$2583,$1970,$613,$0,$535,$2312,$271,$-17,$254,$22,$232,$232,$210,$320,$271,$550,560,$0.38,$0.38,$1118,$1560,$0,$3845,$750,$0,$425,$236,$2328,$6173,$2289,$1425,$0,$2024,$4313,$6,$-727,$41,$1860,$6173,$256,$97,$84,$181,$0,$0,$0,$-189,$-189,$248,$-34,$0,$0,$0,$0,$0,$0,$-34,$-34,$0,$-34,$-26,$-26,$0,$-5,$-65,$49,$14,$0
10,2016-03-31,6.71,$3.02,2.22,$19.41,0.35,$-0.27,0.0,$0.01,0.0,$3.70B,$2.32B,1.6,$1.44B,$1.66B,0.87,$10.73B,$2.64B,24.62%,$10.73B,$0.18B,1.68%,$10.73B,$0.18B,1.68%,$10.73B,$0.41B,3.79%,$10.73B,$0.11B,1.06%,$10.73B,$0.01B,0.08%,$0.01B,$1.66B,0.56%,$0.01B,$1.23B,0.77%,$0.01B,$6.03B,0.14%,$0.18B,$3.10B,5.88%,$2876,$2161,$715,$0,$591,$2791,$85,$-16,$69,$7,$62,$62,$46,$133,$85,$549,555,$0.08,$0.08,$879,$1575,$0,$3696,$754,$0,$429,$231,$2338,$6034,$2315,$1437,$0,$2058,$4373,$6,$-937,$36,$1661,$6034,$46,$48,$32,$80,$0,$0,$0,$-193,$-193,$-67,$-23,$0,$0,$0,$0,$0,$0,$-23,$-26,$0,$-26,$0,$0,$0,$0,$-26,$-190,$0,$0
11,2015-12-31,5.33,$2.92,1.82,$21.24,0.25,$-0.18,0.0,$0.01,532.67,$4.06B,$2.74B,1.48,$1.45B,$1.60B,0.9,$11.73B,$2.86B,24.41%,$11.73B,$0.18B,1.56%,$11.73B,$0.18B,1.56%,$11.73B,$0.44B,3.72%,$11.73B,$0.12B,0.98%,$11.73B,$0.01B,0.07%,$0.01B,$1.60B,0.50%,$0.01B,$1.19B,0.70%,$0.01B,$6.44B,0.12%,$0.18B,$3.05B,5.97%,$1364,$1039,$325,$0,$257,$1299,$65,$-16,$49,$-14,$63,$63,$15,$121,$65,$547,555,$0.03,$0.03,$860,$1406,$0,$4060,$665,$0,$416,$203,$2382,$6442,$2743,$1447,$0,$2096,$4839,$6,$-982,$30,$1603,$6442,$8,$253,$180,$433,$55,$-99,$0,$20,$-303,$138,$-49,$0,$-9,$0,$0,$0,$0,$-58,$-32,$0,$-32,$7,$7,$0,$-1,$-26,$-2,$41,$0
12,2015-09-30,6.06,$2.88,2.11,$19.61,0.31,$-0.34,0.0,$-0.17,0.0,$4.03B,$2.65B,1.52,$1.47B,$1.58B,0.93,$10.81B,$2.63B,24.32%,$10.81B,$0.11B,0.97%,$10.81B,$0.11B,0.97%,$10.81B,$0.35B,3.20%,$10.81B,$0.04B,0.35%,$10.81B,$-0.09B,-0.84%,$-0.09B,$1.58B,-5.68%,$-0.09B,$1.13B,-7.97%,$-0.09B,$6.46B,-1.39%,$0.11B,$3.05B,3.40%,$3046,$2259,$787,$0,$626,$2965,$81,$-18,$63,$21,$42,$42,$6,$128,$81,$548,556,$0.01,$0.01,$958,$1586,$0,$4025,$816,$0,$454,$233,$2434,$6459,$2652,$1467,$0,$2227,$4879,$6,$-997,$34,$1580,$6459,$-7,$197,$118,$315,$0,$0,$0,$-247,$-247,$61,$-46,$0,$-9,$0,$0,$0,$0,$-55,$-24,$0,$-24,$0,$0,$0,$6,$-18,$-113,$0,$0
13,2015-06-30,8.18,$2.89,2.83,$21.60,0.38,$-0.45,0.0,$-0.13,0.0,$3.88B,$2.51B,1.54,$1.48B,$1.58B,0.93,$11.83B,$2.83B,23.91%,$11.83B,$0.07B,0.62%,$11.83B,$0.07B,0.62%,$11.83B,$0.35B,2.92%,$11.83B,$0.01B,0.05%,$11.83B,$-0.07B,-0.57%,$-0.07B,$1.58B,-4.12%,$-0.07B,$1.12B,-5.74%,$-0.07B,$6.36B,-1.03%,$0.07B,$3.06B,2.32%,$3440,$2626,$814,$0,$741,$3491,$-51,$-16,$-67,$-9,$-58,$-58,$-58,$25,$-51,$547,547,$-0.11,$-0.11,$867,$1554,$0,$3878,$842,$0,$460,$239,$2482,$6360,$2511,$1477,$0,$2266,$4777,$6,$-1003,$56,$1583,$6360,$-13,$150,$39,$189,$0,$0,$0,$-311,$-311,$-135,$-29,$0,$-10,$0,$0,$0,$0,$-39,$-12,$0,$-12,$0,$0,$0,$3,$-9,$-204,$0,$0
14,2015-03-31,8.69,$2.97,2.93,$22.49,0.39,$-0.56,0.0,$-0.38,0.0,$4.01B,$2.64B,1.52,$1.49B,$1.62B,0.92,$12.23B,$2.90B,23.69%,$12.23B,$-0.06B,-0.50%,$12.23B,$-0.06B,-0.50%,$12.23B,$0.21B,1.74%,$12.23B,$-0.12B,-1.01%,$12.23B,$-0.20B,-1.63%,$-0.20B,$1.62B,-11.74%,$-0.20B,$1.16B,-16.28%,$-0.20B,$6.55B,-2.96%,$-0.06B,$3.11B,-1.90%,$3877,$2940,$937,$0,$801,$3789,$88,$-18,$70,$25,$45,$45,$45,$162,$88,$544,553,$0.08,$0.08,$927,$1554,$0,$4009,$887,$0,$464,$240,$2539,$6548,$2639,$1492,$0,$2287,$4926,$6,$-945,$53,$1622,$6548,$45,$74,$21,$95,$0,$0,$0,$-186,$-186,$-46,$8,$0,$-10,$0,$0,$0,$-68,$-70,$-9,$0,$-9,$0,$0,$0,$1,$-8,$-144,$0,$0
15,2014-12-31,8.1,$2.97,2.72,$23.69,0.34,$-0.69,0.0,$-0.67,0.0,$4.13B,$2.89B,1.43,$1.51B,$1.62B,0.93,$12.71B,$2.98B,23.41%,$12.71B,$-0.23B,-1.79%,$12.71B,$-0.23B,-1.79%,$12.71B,$0.05B,0.39%,$12.71B,$-0.29B,-2.29%,$12.71B,$-0.35B,-2.79%,$-0.35B,$1.62B,-19.79%,$-0.35B,$1.16B,-27.10%,$-0.35B,$6.76B,-5.13%,$-0.23B,$3.13B,-6.88%,$446,$355,$91,$0,$68,$459,$-13,$-15,$-28,$-3,$-25,$-25,$-84,$31,$-13,$535,535,$-0.14,$-0.14,$1071,$1638,$0,$4131,$963,$0,$463,$238,$2626,$6757,$2890,$1509,$0,$2246,$5136,$6,$-990,$107,$1621,$6757,$-352,$277,$206,$483,$-20,$-8,$0,$23,$-38,$93,$-91,$0,$43,$0,$43,$43,$0,$-5,$-26,$4,$-22,$39,$39,$0,$0,$17,$116,$35,$0
16,2014-09-30,4.85,$3.30,1.47,$33.82,0.14,$-1.45,0.0,$-0.86,0.0,$4.09B,$2.75B,1.49,$1.52B,$1.78B,0.86,$15.75B,$3.67B,23.31%,$15.75B,$-0.33B,-2.11%,$15.75B,$-0.33B,-2.11%,$15.75B,$-0.04B,-0.23%,$15.75B,$-0.40B,-2.52%,$15.75B,$-0.42B,-2.63%,$-0.42B,$1.78B,-21.85%,$-0.42B,$1.30B,-29.53%,$-0.42B,$6.78B,-5.86%,$-0.33B,$3.30B,-9.69%,$4069,$3082,$987,$0,$859,$4020,$49,$-18,$31,$2,$29,$29,$29,$127,$49,$536,545,$0.05,$0.05,$965,$1580,$0,$4089,$1007,$0,$481,$237,$2691,$6780,$2751,$1524,$0,$2250,$5001,$5,$-906,$226,$1779,$6780,$-268,$233,$134,$367,$0,$0,$0,$-64,$-64,$35,$-81,$0,$43,$-4,$43,$39,$0,$1,$-14,$0,$-14,$0,$0,$0,$4,$-10,$17,$0,$0
17,2014-06-30,5.37,$3.33,1.61,$34.20,0.16,$-2.00,0.0,$-0.50,0.0,$4.18B,$2.82B,1.48,$1.53B,$1.79B,0.86,$14.30B,$3.32B,23.20%,$14.30B,$-0.43B,-3.03%,$14.30B,$-0.43B,-3.03%,$14.30B,$-0.17B,-1.16%,$14.30B,$-0.11B,-0.79%,$14.30B,$-0.31B,-2.17%,$-0.31B,$1.79B,-18.86%,$-0.31B,$1.30B,-24.56%,$-0.31B,$6.97B,-4.93%,$-0.43B,$3.33B,-14.84%,$3841,$2958,$883,$0,$863,$4026,$-185,$-12,$-197,$-8,$-189,$-189,$-190,$-107,$-185,$535,535,$-0.36,$-0.36,$768,$1653,$176,$4181,$1095,$0,$491,$236,$2792,$6973,$2822,$1534,$0,$2359,$5181,$5,$-936,$280,$1792,$6973,$-298,$155,$107,$262,$0,$0,$0,$-126,$-126,$-162,$-58,$0,$0,$0,$43,$43,$0,$-15,$-10,$0,$-10,$0,$0,$0,$1,$-9,$-180,$0,$0
18,2014-03-31,3.9,$3.67,1.06,$33.63,0.12,$-2.03,0.0,$-0.37,0.0,$4.25B,$2.72B,1.56,$1.54B,$1.96B,0.78,$12.88B,$2.98B,23.15%,$12.88B,$-0.29B,-2.28%,$12.88B,$-0.29B,-2.28%,$12.88B,$-0.06B,-0.44%,$12.88B,$0.03B,0.23%,$12.88B,$-0.19B,-1.44%,$-0.19B,$1.96B,-13.77%,$-0.19B,$1.47B,-17.39%,$-0.19B,$7.11B,-3.37%,$-0.29B,$3.50B,-12.49%,$4354,$3339,$1015,$0,$943,$4433,$-79,$-18,$-97,$11,$-108,$-108,$-109,$-2,$-79,$530,530,$-0.21,$-0.21,$870,$1613,$160,$4245,$1161,$0,$494,$235,$2866,$7111,$2721,$1539,$0,$2427,$5148,$5,$-745,$273,$1963,$7111,$-108,$77,$70,$147,$0,$0,$0,$-113,$-113,$-74,$-30,$0,$0,$0,$22,$22,$0,$-8,$5,$0,$5,$0,$0,$0,$-3,$2,$-85,$0,$0
19,2013-12-31,5.0,$3.89,1.28,$32.78,0.15,$-2.17,0.0,$-0.22,0.0,$4.40B,$2.92B,1.5,$1.56B,$2.06B,0.75,$11.24B,$2.63B,23.36%,$11.24B,$-0.21B,-1.82%,$11.24B,$-0.21B,-1.82%,$11.24B,$0.00B,0.04%,$11.24B,$0.13B,1.13%,$11.24B,$-0.09B,-0.83%,$-0.09B,$2.06B,-9.19%,$-0.09B,$1.55B,-11.13%,$-0.09B,$7.48B,-1.99%,$-0.21B,$3.62B,-11.67%,$3486,$2699,$787,$0,$782,$3604,$-118,$-16,$-134,$-14,$-120,$-120,$-145,$-54,$-118,$318,318,$-0.42,$-0.41,$955,$1812,$0,$4396,$1309,$0,$511,$281,$3081,$7477,$2922,$1555,$0,$2491,$5413,$5,$-636,$272,$2064,$7477,$-20,$209,$-219,$-10,$-2,$-34,$0,$-2,$-77,$-107,$-135,$0,$1132,$0,$35,$35,$-4,$1028,$-195,$23,$-172,$3,$-404,$-63,$-1,$-640,$284,$38,$0
20,2013-09-30,4.56,$2.69,1.7,$31.18,0.15,$-1.09,0.0,$0.06,76.03,$2.69B,$1.82B,1.48,$0.47B,$0.78B,0.61,$10.38B,$2.45B,23.57%,$10.38B,$-0.08B,-0.79%,$10.38B,$-0.08B,-0.79%,$10.38B,$0.12B,1.11%,$10.38B,$0.26B,2.46%,$10.38B,$0.04B,0.36%,$0.04B,$0.78B,5.60%,$0.04B,$0.74B,6.25%,$0.04B,$3.65B,0.97%,$-0.08B,$1.25B,-7.20%,$2619,$1986,$633,$0,$592,$2671,$-52,$367,$315,$154,$161,$161,$133,$-3,$-52,$284,334,$0.42,$0.41,$725,$1034,$0,$2694,$796,$0,$34,$99,$958,$3652,$1820,$471,$0,$1055,$2875,$3,$-516,$260,$777,$3652,$100,$145,$-282,$-137,$0,$0,$0,$-83,$-83,$-120,$-92,$0,$0,$0,$675,$675,$-1,$582,$-167,$0,$-167,$0,$-203,$-43,$3,$-410,$54,$0,$0
21,2013-06-30,3.66,$1.97,1.86,$30.76,0.12,$-0.38,0.0,$-0.60,0.0,$2.48B,$1.91B,1.3,$0.48B,$0.57B,0.84,$10.45B,$2.48B,23.69%,$10.45B,$-0.09B,-0.81%,$10.45B,$-0.09B,-0.81%,$10.45B,$0.11B,1.07%,$10.45B,$-0.12B,-1.13%,$10.45B,$-0.17B,-1.59%,$-0.17B,$0.57B,-26.10%,$-0.17B,$0.49B,-29.88%,$-0.17B,$3.75B,-4.28%,$-0.09B,$1.04B,-7.61%,$2419,$1873,$546,$0,$560,$2464,$-45,$-9,$-54,$0,$-54,$-54,$-64,$2,$-45,$281,366,$-0.23,$-0.23,$472,$1091,$0,$2475,$810,$0,$79,$353,$1273,$3748,$1908,$475,$0,$1271,$3179,$3,$-677,$194,$569,$3748,$-61,$96,$38,$134,$0,$0,$0,$-167,$-167,$-94,$-67,$0,$0,$0,$0,$0,$0,$-67,$-11,$0,$-11,$0,$0,$-20,$-3,$-34,$-199,$0,$0
22,2013-03-31,3.71,$2.22,1.67,$31.09,0.12,$-0.42,0.0,$-0.60,0.0,$2.50B,$1.86B,1.34,$0.48B,$0.64B,0.76,$10.54B,$2.50B,23.74%,$10.54B,$-0.10B,-0.94%,$10.54B,$-0.10B,-0.94%,$10.54B,$0.10B,0.97%,$10.54B,$-0.14B,-1.28%,$10.54B,$-0.17B,-1.57%,$-0.17B,$0.64B,-24.60%,$-0.17B,$0.56B,-28.11%,$-0.17B,$3.79B,-4.23%,$-0.10B,$1.12B,-8.27%,$2718,$2058,$660,$0,$626,$2708,$10,$-10,$0,$7,$-7,$-7,$-17,$59,$10,$282,369,$-0.06,$-0.06,$549,$1014,$0,$2497,$821,$0,$80,$362,$1295,$3792,$1859,$480,$0,$1297,$3156,$3,$-623,$200,$636,$3792,$-7,$49,$20,$69,$0,$0,$0,$-156,$-156,$-94,$-29,$0,$0,$0,$0,$0,$0,$-29,$17,$0,$17,$0,$0,$-10,$0,$7,$-122,$0,$0
23,2012-12-31,3.1,$2.32,1.34,$31.73,0.1,$-0.41,0.0,$-0.40,0.0,$2.70B,$2.05B,1.32,$0.49B,$0.66B,0.73,$10.70B,$2.54B,23.71%,$10.70B,$-0.03B,-0.29%,$10.70B,$-0.03B,-0.29%,$10.70B,$0.17B,1.61%,$10.70B,$-0.08B,-0.70%,$10.70B,$-0.11B,-1.03%,$-0.11B,$0.66B,-15.28%,$-0.11B,$0.58B,-17.43%,$-0.11B,$4.01B,-2.74%,$-0.03B,$1.15B,-2.42%,$2623,$2016,$607,$0,$536,$2618,$5,$-11,$-6,$2,$-7,$-7,$-15,$57,$5,$280,280,$-0.05,$-0.05,$671,$1051,$0,$2697,$856,$0,$81,$344,$1314,$4011,$2046,$485,$0,$1303,$3349,$3,$-616,$213,$662,$4011,$-77,$203,$89,$292,$44,$53,$0,$0,$-36,$179,$-89,$0,$0,$0,$0,$0,$59,$-30,$-57,$22,$-35,$2,$2,$0,$-22,$-55,$100,$14,$0
24,2012-09-30,2.42,$2.37,1.02,$30.68,0.08,$-0.52,0.0,$-0.30,0.0,$2.60B,$2.02B,1.29,$0.49B,$0.68B,0.72,$11.04B,$2.11B,19.08%,$11.04B,$-0.02B,-0.21%,$11.04B,$-0.02B,-0.21%,$11.04B,$0.18B,1.64%,$11.04B,$-0.06B,-0.53%,$11.04B,$-0.07B,-0.64%,$-0.07B,$0.68B,-9.61%,$-0.07B,$0.60B,-10.98%,$-0.07B,$3.95B,-1.74%,$-0.02B,$1.16B,-1.71%,$2693,$2030,$663,$0,$630,$2748,$-55,$-3,$-58,$3,$-62,$-62,$-70,$-6,$-55,$280,363,$-0.25,$-0.25,$620,$1005,$0,$2599,$871,$0,$81,$358,$1350,$3950,$2020,$486,$0,$1253,$3273,$3,$-609,$214,$677,$3950,$-70,$151,$76,$227,$0,$0,$0,$-73,$-73,$84,$-57,$0,$0,$0,$0,$0,$58,$1,$-268,$0,$-268,$1,$1,$0,$228,$-39,$49,$0,$0
25,2012-06-30,2.04,$2.54,0.8,$31.21,0.07,$-0.76,0.0,$0.23,8.87,$2.51B,$1.82B,1.38,$0.64B,$0.72B,0.88,$11.19B,$2.30B,20.55%,$11.19B,$0.05B,0.46%,$11.19B,$0.05B,0.46%,$11.19B,$0.26B,2.32%,$11.19B,$0.04B,0.37%,$11.19B,$0.08B,0.71%,$0.08B,$0.72B,10.45%,$0.08B,$0.63B,11.98%,$0.08B,$3.96B,1.91%,$0.05B,$1.36B,3.64%,$2507,$1935,$572,$0,$607,$2566,$-59,$-13,$-71,$-14,$-57,$-57,$-64,$-8,$-59,$280,361,$-0.23,$-0.23,$423,$1122,$0,$2508,$972,$0,$94,$342,$1449,$3957,$1824,$639,$0,$1409,$3233,$3,$-547,$195,$724,$3957,$-8,$102,$-28,$74,$0,$0,$0,$-197,$-197,$-132,$-42,$0,$0,$0,$0,$0,$58,$17,$-11,$0,$-11,$1,$1,$0,$-22,$-32,$-148,$0,$0
26,2012-03-31,3.26,$2.87,1.13,$31.87,0.1,$-0.85,0.0,$0.35,9.31,$2.63B,$1.89B,1.39,$0.64B,$0.82B,0.79,$11.39B,$2.52B,22.14%,$11.39B,$0.09B,0.83%,$11.39B,$0.09B,0.83%,$11.39B,$0.31B,2.68%,$11.39B,$0.08B,0.74%,$11.39B,$0.11B,1.00%,$0.11B,$0.82B,15.19%,$0.11B,$0.72B,17.50%,$0.11B,$4.13B,2.70%,$0.09B,$1.46B,6.72%,$2873,$2178,$694,$0,$667,$2795,$78,$-17,$60,$11,$49,$49,$39,$129,$78,$279,359,$0.14,$0.14,$489,$1113,$0,$2628,$1021,$0,$98,$332,$1497,$4125,$1892,$643,$0,$1417,$3309,$3,$-490,$227,$816,$4125,$49,$51,$-67,$-17,$0,$0,$0,$-126,$-126,$-93,$-25,$0,$0,$0,$0,$0,$58,$34,$-6,$0,$-6,$1,$1,$0,$-21,$-27,$-82,$0,$0
27,2011-12-31,2.03,$2.64,0.77,$34.60,0.06,$-0.95,0.0,$0.16,12.69,$2.74B,$2.05B,1.34,$0.65B,$0.74B,0.88,$11.49B,$2.71B,23.54%,$11.49B,$0.03B,0.30%,$11.49B,$0.03B,0.30%,$11.49B,$0.25B,2.14%,$11.49B,$0.03B,0.28%,$11.49B,$0.06B,0.52%,$0.06B,$0.74B,8.24%,$0.06B,$0.64B,9.57%,$0.06B,$4.25B,1.39%,$0.03B,$1.39B,2.46%,$2969,$2791,$178,$0,$103,$2957,$13,$-3,$10,$-11,$21,$21,$24,$66,$13,$278,357,$0.09,$0.10,$571,$1147,$0,$2744,$1067,$0,$97,$295,$1507,$4251,$2047,$648,$0,$1464,$3512,$3,$-539,$195,$739,$4251,$96,$211,$73,$284,$100,$54,$0,$26,$-180,$200,$-122,$0,$-73,$0,$0,$0,$38,$-157,$-69,$10,$-59,$0,$0,$-37,$-2,$-98,$-56,$14,$0
28,2011-09-30,1.95,$2.66,0.73,$34.59,0.06,$-0.97,0.0,$-0.09,0.0,$2.66B,$1.96B,1.36,$0.65B,$0.75B,0.87,$11.48B,$3.38B,29.39%,$11.48B,$-0.05B,-0.46%,$11.48B,$-0.05B,-0.46%,$11.48B,$0.16B,1.38%,$11.48B,$-0.06B,-0.49%,$11.48B,$-0.07B,-0.64%,$-0.07B,$0.75B,-10.18%,$-0.07B,$0.65B,-11.58%,$-0.07B,$4.17B,-1.66%,$-0.05B,$1.39B,-3.86%,$2837,$1982,$855,$0,$831,$2818,$19,$23,$42,$-59,$101,$101,$80,$73,$19,$279,357,$0.29,$0.28,$453,$1124,$0,$2661,$1082,$0,$98,$291,$1510,$4170,$1956,$648,$0,$1468,$3424,$3,$-559,$216,$746,$4170,$75,$158,$48,$206,$0,$0,$0,$-261,$-261,$20,$-81,$0,$-73,$0,$0,$0,$47,$-107,$-59,$0,$-59,$1,$1,$-28,$-12,$-97,$-175,$0,$0
29,2011-06-30,3.99,$2.50,1.59,$37.16,0.11,$-0.48,0.0,$-0.19,0.0,$2.76B,$2.08B,1.32,$0.65B,$0.70B,0.93,$11.55B,$3.35B,29.01%,$11.55B,$-0.06B,-0.55%,$11.55B,$-0.06B,-0.55%,$11.55B,$0.15B,1.26%,$11.55B,$-0.08B,-0.71%,$11.55B,$-0.12B,-1.05%,$-0.12B,$0.70B,-16.68%,$-0.12B,$0.60B,-18.54%,$-0.12B,$4.34B,-2.68%,$-0.06B,$1.35B,-4.63%,$2710,$1916,$794,$0,$810,$2726,$-16,$-12,$-28,$-8,$-20,$-20,$-29,$37,$-16,$277,356,$-0.11,$-0.11,$374,$1253,$0,$2756,$1120,$0,$104,$313,$1579,$4335,$2082,$653,$0,$1552,$3634,$3,$-660,$267,$701,$4335,$-26,$104,$30,$134,$0,$0,$0,$-257,$-257,$-148,$-53,$0,$-73,$0,$0,$0,$47,$-79,$-9,$0,$-9,$1,$1,$-18,$-12,$-39,$-253,$0,$0
30,2011-03-31,4.37,$2.62,1.67,$39.36,0.11,$-0.03,0.0,$-0.15,0.0,$2.89B,$2.21B,1.31,$0.66B,$0.73B,0.91,$11.53B,$3.32B,28.80%,$11.53B,$-0.08B,-0.66%,$11.53B,$-0.08B,-0.66%,$11.53B,$0.13B,1.14%,$11.53B,$-0.09B,-0.81%,$11.53B,$-0.12B,-1.01%,$-0.12B,$0.73B,-16.07%,$-0.12B,$0.62B,-17.44%,$-0.12B,$4.51B,-2.56%,$-0.08B,$1.38B,-5.48%,$2973,$2095,$878,$0,$860,$2954,$18,$-10,$8,$14,$-5,$-5,$-15,$70,$18,$277,277,$-0.05,$-0.05,$494,$1217,$0,$2892,$1139,$0,$104,$328,$1616,$4508,$2212,$657,$0,$1570,$3782,$3,$-640,$266,$726,$4508,$-5,$51,$18,$70,$0,$0,$0,$-159,$-159,$-95,$-24,$0,$-73,$0,$0,$0,$47,$-51,$10,$0,$10,$0,$0,$-9,$-1,$1,$-133,$0,$0
31,2010-12-31,5.1,$2.51,2.03,$39.83,0.13,$0.49,10.43,$-0.03,0.0,$3.03B,$2.34B,1.29,$0.66B,$0.70B,0.95,$11.63B,$3.36B,28.87%,$11.63B,$-0.04B,-0.33%,$11.63B,$-0.04B,-0.33%,$11.63B,$0.17B,1.46%,$11.63B,$-0.06B,-0.49%,$11.63B,$-0.08B,-0.70%,$-0.08B,$0.70B,-11.05%,$-0.08B,$0.66B,-11.72%,$-0.08B,$4.57B,-1.78%,$-0.04B,$1.36B,-2.71%,$2962,$2114,$848,$0,$870,$3035,$-74,$-4,$-78,$22,$-100,$-100,$-109,$-21,$-74,$276,356,$-0.40,$-0.40,$627,$1234,$0,$3028,$1157,$0,$41,$310,$1541,$4569,$2343,$660,$0,$1530,$3873,$3,$-635,$224,$696,$4569,$-46,$208,$135,$343,$60,$-88,$0,$3,$-94,$203,$-134,$0,$-11,$-47,$0,$-47,$0,$-192,$-30,$52,$22,$1,$1,$-28,$-26,$-31,$-32,$21,$0
32,2010-09-30,4.34,$2.81,1.55,$41.31,0.11,$1.30,3.33,$-0.10,0.0,$3.01B,$2.30B,1.31,$0.66B,$0.78B,0.85,$11.74B,$3.37B,28.70%,$11.74B,$-0.04B,-0.32%,$11.74B,$-0.04B,-0.32%,$11.74B,$0.18B,1.53%,$11.74B,$-0.06B,-0.47%,$11.74B,$-0.05B,-0.43%,$-0.05B,$0.78B,-6.54%,$-0.05B,$0.74B,-6.93%,$-0.05B,$4.67B,-1.07%,$-0.04B,$1.44B,-2.67%,$2900,$2071,$829,$0,$821,$2891,$8,$8,$16,$-25,$41,$41,$32,$60,$8,$276,276,$0.12,$0.12,$679,$1184,$0,$3013,$1219,$0,$42,$314,$1656,$4669,$2296,$657,$0,$1595,$3891,$3,$-535,$206,$778,$4669,$54,$156,$43,$198,$0,$0,$0,$-70,$-70,$182,$-95,$0,$-11,$0,$0,$0,$0,$-106,$-3,$0,$-3,$2,$2,$-19,$-28,$-47,$19,$0,$0
33,2010-06-30,3.82,$2.58,1.48,$41.85,0.09,$2.23,1.71,$-1.79,0.0,$2.87B,$2.19B,1.31,$0.66B,$0.71B,0.92,$11.87B,$3.40B,28.64%,$11.87B,$-0.08B,-0.67%,$11.87B,$-0.08B,-0.67%,$11.87B,$0.14B,1.20%,$11.87B,$-0.11B,-0.94%,$11.87B,$-0.50B,-4.17%,$-0.50B,$0.71B,-63.10%,$-0.50B,$0.67B,-66.87%,$-0.50B,$4.51B,-10.45%,$-0.08B,$1.37B,-5.46%,$2699,$1933,$767,$0,$794,$2727,$-28,$-11,$-39,$-23,$-16,$-16,$-25,$23,$-28,$275,275,$-0.09,$-0.09,$578,$1176,$0,$2870,$1230,$0,$42,$305,$1641,$4511,$2193,$657,$0,$1606,$3799,$3,$-577,$155,$713,$4511,$13,$104,$28,$132,$0,$0,$0,$-110,$-110,$35,$-65,$0,$-11,$0,$0,$0,$0,$-76,$-3,$0,$-3,$1,$1,$-9,$-6,$-17,$-82,$0,$0
34,2010-03-31,7.54,$2.83,2.66,$42.49,0.18,$3.09,2.44,$-2.02,0.0,$2.99B,$2.22B,1.34,$0.66B,$0.78B,0.85,$11.99B,$3.40B,28.32%,$11.99B,$-0.15B,-1.24%,$11.99B,$-0.15B,-1.24%,$11.99B,$0.07B,0.62%,$11.99B,$-0.19B,-1.56%,$11.99B,$-0.55B,-4.61%,$-0.55B,$0.78B,-60.31%,$-0.55B,$0.74B,-63.42%,$-0.55B,$4.64B,-11.23%,$-0.15B,$1.44B,-9.42%,$3072,$2158,$914,$0,$858,$3016,$56,$-11,$44,$15,$29,$29,$20,$108,$56,$274,274,$0.07,$0.07,$663,$1142,$0,$2985,$1237,$0,$43,$293,$1650,$4635,$2222,$661,$0,$1632,$3855,$3,$-561,$201,$780,$4635,$29,$53,$12,$65,$0,$0,$0,$-42,$-42,$53,$-28,$0,$0,$0,$0,$0,$0,$-28,$-3,$0,$-3,$1,$1,$0,$-4,$-6,$3,$0,$0
35,2009-12-31,6.09,$2.87,2.12,$43.10,0.14,$3.60,1.69,$-2.29,0.0,$3.21B,$2.43B,1.32,$0.66B,$0.79B,0.84,$12.14B,$3.39B,27.93%,$12.14B,$-0.27B,-2.18%,$12.14B,$-0.27B,-2.18%,$12.14B,$-0.04B,-0.34%,$12.14B,$-0.31B,-2.57%,$12.14B,$-0.63B,-5.17%,$-0.63B,$0.79B,-60.43%,$-0.63B,$0.74B,-63.23%,$-0.63B,$4.89B,-12.61%,$-0.27B,$1.45B,-15.52%,$3066,$2208,$858,$0,$905,$3140,$-74,$-2,$-76,$-15,$-61,$-61,$-77,$-11,$-74,$273,313,$-0.28,$-0.28,$660,$1253,$0,$3206,$1278,$0,$45,$280,$1684,$4890,$2428,$663,$0,$1673,$4101,$3,$-590,$238,$789,$4890,$-599,$224,$464,$688,$126,$38,$0,$28,$207,$296,$19,$0,$0,$0,$0,$0,$6,$25,$-176,$24,$-152,$0,$325,$0,$0,$173,$504,$33,$0
36,2009-09-30,6.25,$3.12,2.01,$45.28,0.14,$3.40,1.84,$-7.65,0.0,$3.23B,$2.38B,1.36,$0.67B,$0.86B,0.78,$12.35B,$3.36B,27.23%,$12.35B,$-1.85B,-14.94%,$12.35B,$-1.85B,-14.94%,$12.35B,$-0.35B,-2.86%,$12.35B,$-1.91B,-15.43%,$12.35B,$-2.09B,-16.92%,$-2.09B,$0.86B,-176.52%,$-2.09B,$0.81B,-183.78%,$-2.09B,$4.91B,-41.20%,$-1.85B,$1.52B,-99.25%,$3029,$2169,$860,$0,$893,$3062,$-33,$-8,$-41,$358,$-399,$-399,$-413,$22,$-33,$274,274,$-1.51,$-1.51,$693,$1177,$0,$3225,$1281,$0,$46,$258,$1681,$4905,$2376,$667,$0,$1673,$4049,$3,$-529,$242,$856,$4905,$-537,$162,$379,$541,$0,$0,$0,$264,$264,$267,$74,$0,$0,$0,$0,$0,$7,$81,$-148,$0,$-148,$0,$325,$0,$0,$177,$537,$0,$0
37,2009-06-30,4.31,$4.52,0.95,$47.63,0.09,$2.91,1.48,$-6.17,0.0,$3.36B,$2.36B,1.42,$0.67B,$1.24B,0.54,$12.98B,$3.53B,27.18%,$12.98B,$-1.81B,-13.92%,$12.98B,$-1.81B,-13.92%,$12.98B,$-0.31B,-2.37%,$12.98B,$-1.87B,-14.41%,$12.98B,$-1.68B,-12.98%,$-1.68B,$1.24B,-96.04%,$-1.68B,$1.20B,-124.01%,$-1.68B,$5.27B,-29.80%,$-1.81B,$1.91B,-75.51%,$2824,$2060,$764,$0,$862,$2922,$-98,$-16,$-114,$-31,$-83,$-83,$-83,$-45,$-98,$270,270,$-0.31,$-0.31,$559,$1264,$0,$3362,$1316,$0,$46,$259,$1905,$5267,$2361,$669,$0,$1663,$4024,$3,$-131,$221,$1243,$5267,$-138,$107,$35,$142,$0,$0,$0,$103,$103,$106,$95,$0,$0,$0,$0,$0,$6,$101,$-139,$0,$-139,$0,$327,$0,$0,$188,$403,$0,$0
38,2009-03-31,1.24,$4.62,0.27,$50.40,0.02,$1.90,0.65,$-5.88,0.0,$2.87B,$2.26B,1.27,$0.68B,$1.27B,0.53,$13.76B,$3.75B,27.23%,$13.76B,$-1.71B,-12.43%,$13.76B,$-1.71B,-12.43%,$13.76B,$-0.20B,-1.43%,$13.76B,$-1.76B,-12.79%,$13.76B,$-1.60B,-11.65%,$-1.60B,$1.27B,-70.94%,$-1.60B,$1.22B,-106.88%,$-1.60B,$4.85B,-26.01%,$-1.71B,$1.94B,-59.28%,$3225,$2315,$910,$0,$971,$3286,$-60,$-20,$-81,$-25,$-55,$-55,$-55,$-7,$-60,$273,273,$-0.20,$-0.20,$176,$1128,$0,$2874,$1417,$0,$47,$246,$1978,$4851,$2262,$675,$0,$1321,$3583,$3,$-48,$171,$1269,$4851,$-55,$54,$24,$77,$0,$0,$0,$76,$76,$98,$67,$0,$0,$0,$0,$0,$0,$67,$-140,$0,$-140,$0,$0,$0,$0,$-140,$20,$0,$0
39,2008-12-31,2.81,$4.98,0.57,$53.11,0.05,$1.40,2.01,$-5.43,0.0,$3.12B,$2.63B,1.19,$0.69B,$1.37B,0.5,$14.50B,$4.01B,27.64%,$14.50B,$-1.55B,-10.66%,$14.50B,$-1.55B,-10.66%,$14.50B,$-0.02B,-0.14%,$14.50B,$-1.58B,-10.89%,$14.50B,$-1.48B,-10.20%,$-1.48B,$1.37B,-53.60%,$-1.48B,$1.32B,-89.57%,$-1.48B,$5.27B,-21.78%,$-1.55B,$2.06B,-45.83%,$3271,$2441,$829,$0,$993,$4925,$-1654,$-15,$-1669,$-129,$-1540,$-1540,$-1539,$-323,$-1654,$273,273,$-5.64,$-5.64,$156,$1332,$0,$3122,$1557,$0,$48,$271,$2146,$5268,$2626,$689,$0,$1275,$3900,$3,$6,$217,$1368,$5268,$-1481,$1524,$238,$1762,$133,$250,$0,$-17,$187,$468,$-248,$0,$-103,$-6,$0,$-6,$18,$-339,$-284,$139,$-145,$-0,$-0,$0,$-41,$-186,$-67,$40,$0
40,2008-09-30,5.5,$11.40,0.48,$55.15,0.1,$0.89,6.2,$0.28,19.63,$3.62B,$2.98B,1.21,$0.52B,$3.13B,0.17,$15.09B,$4.20B,27.83%,$15.09B,$0.10B,0.65%,$15.09B,$0.10B,0.65%,$15.09B,$0.37B,2.43%,$15.09B,$0.07B,0.48%,$15.09B,$0.08B,0.52%,$0.08B,$3.13B,2.48%,$0.08B,$1.69B,4.53%,$0.08B,$7.22B,1.08%,$0.10B,$3.65B,2.59%,$3658,$2633,$1024,$0,$1021,$3652,$6,$-11,$-6,$2,$-7,$-7,$-7,$68,$6,$273,273,$-0.02,$-0.02,$395,$1460,$0,$3616,$1624,$0,$1442,$538,$3603,$7219,$2980,$519,$0,$1105,$4085,$3,$1545,$450,$3134,$7219,$59,$192,$140,$333,$0,$0,$0,$46,$46,$438,$-232,$0,$-102,$0,$0,$0,$18,$-316,$96,$0,$96,$-0,$-0,$0,$-39,$57,$172,$0,$0
41,2008-06-30,10.33,$11.88,0.87,$56.09,0.18,$0.97,10.7,$0.74,13.96,$3.54B,$2.86B,1.24,$0.62B,$3.27B,0.19,$15.37B,$4.29B,27.92%,$15.37B,$0.21B,1.39%,$15.37B,$0.21B,1.39%,$15.37B,$0.49B,3.17%,$15.37B,$0.19B,1.24%,$15.37B,$0.20B,1.32%,$0.20B,$3.27B,6.45%,$0.20B,$1.76B,11.79%,$0.20B,$7.32B,2.81%,$0.21B,$3.88B,5.70%,$3605,$2622,$984,$0,$987,$3607,$-2,$-3,$-4,$-2,$-3,$-3,$-2,$65,$-2,$273,273,$-0.01,$-0.01,$157,$1647,$0,$3541,$1696,$0,$1503,$579,$3777,$7318,$2856,$616,$0,$1195,$4051,$3,$1552,$588,$3267,$7318,$66,$130,$65,$195,$0,$0,$0,$-123,$-123,$138,$-210,$0,$-85,$0,$0,$0,$18,$-276,$69,$0,$69,$-0,$-0,$0,$0,$69,$-66,$0,$0
42,2008-03-31,10.44,$11.97,0.87,$56.04,0.19,$1.78,5.87,$1.15,9.07,$3.67B,$2.89B,1.27,$0.62B,$3.27B,0.19,$15.40B,$4.40B,28.60%,$15.40B,$0.37B,2.37%,$15.40B,$0.37B,2.37%,$15.40B,$0.64B,4.15%,$15.40B,$0.34B,2.18%,$15.40B,$0.31B,2.02%,$0.31B,$3.27B,10.29%,$0.31B,$1.83B,18.99%,$0.31B,$7.35B,4.41%,$0.37B,$3.89B,10.09%,$3962,$2793,$1169,$0,$1065,$3857,$105,$-6,$100,$31,$69,$69,$69,$169,$105,$272,273,$0.25,$0.25,$182,$1644,$0,$3666,$1669,$0,$1440,$578,$3687,$7353,$2889,$623,$0,$1196,$4085,$4,$3853,$584,$3268,$7353,$69,$64,$28,$91,$0,$0,$0,$-33,$-33,$127,$-98,$0,$-0,$0,$0,$0,$18,$-80,$-91,$0,$-91,$-1,$-1,$0,$0,$-92,$-41,$0,$0
43,2007-12-31,13.14,$11.30,1.16,$56.13,0.23,$2.17,6.06,$1.46,9.0,$3.72B,$2.97B,1.25,$0.61B,$3.08B,0.2,$15.53B,$4.50B,29.00%,$15.53B,$0.48B,3.12%,$15.53B,$0.48B,3.12%,$15.53B,$0.77B,4.93%,$15.53B,$0.46B,2.95%,$15.53B,$0.40B,2.55%,$0.40B,$3.08B,13.73%,$0.40B,$1.69B,25.96%,$0.40B,$7.26B,5.75%,$0.48B,$3.69B,13.97%,$3867,$2844,$1023,$0,$1036,$3878,$-11,$-7,$-18,$-36,$18,$18,$19,$64,$-11,$273,276,$0.07,$0.07,$223,$1718,$0,$3716,$1589,$0,$1390,$561,$3541,$7257,$2973,$607,$0,$1199,$4173,$4,$3784,$496,$3084,$7257,$395,$281,$90,$372,$26,$-192,$0,$-12,$-355,$411,$-331,$0,$-48,$-18,$0,$-18,$25,$-373,$-6,$177,$171,$-181,$-181,$0,$18,$8,$49,$38,$0
44,2007-09-30,19.47,$10.91,1.78,$55.47,0.35,$3.93,4.95,$1.87,10.41,$3.55B,$2.83B,1.25,$0.58B,$2.98B,0.2,$15.50B,$4.67B,30.10%,$15.50B,$0.66B,4.26%,$15.50B,$0.66B,4.26%,$15.50B,$0.94B,6.07%,$15.50B,$0.64B,4.12%,$15.50B,$0.50B,3.25%,$0.50B,$2.98B,18.25%,$0.50B,$1.60B,35.41%,$0.50B,$6.95B,7.51%,$0.66B,$3.56B,19.80%,$3935,$2820,$1115,$0,$995,$3813,$122,$-10,$112,$-5,$117,$117,$117,$189,$122,$272,274,$0.43,$0.43,$187,$1609,$0,$3554,$1529,$0,$1376,$487,$3393,$6946,$2833,$581,$0,$1136,$3969,$4,$3765,$420,$2977,$6946,$377,$206,$76,$283,$0,$0,$0,$-205,$-205,$455,$-226,$0,$-48,$0,$0,$0,$0,$-274,$22,$0,$22,$-194,$-194,$0,$0,$-172,$13,$0,$0
45,2007-06-30,28.62,$10.14,2.82,$54.67,0.52,$5.20,5.5,$1.91,14.98,$3.39B,$2.75B,1.23,$0.56B,$2.77B,0.2,$15.43B,$4.73B,30.68%,$15.43B,$0.72B,4.69%,$15.43B,$0.72B,4.69%,$15.43B,$1.00B,6.51%,$15.43B,$0.71B,4.59%,$15.43B,$0.52B,3.35%,$0.52B,$2.77B,19.54%,$0.52B,$1.43B,37.74%,$0.52B,$6.63B,7.85%,$0.72B,$3.33B,22.49%,$3632,$2535,$1096,$0,$949,$3483,$149,$-7,$142,$36,$106,$106,$106,$217,$149,$272,276,$0.39,$0.38,$123,$1586,$0,$3388,$1463,$0,$1337,$440,$3240,$6629,$2749,$564,$0,$1114,$3862,$4,$3648,$341,$2766,$6629,$259,$140,$47,$187,$0,$0,$0,$-153,$-153,$293,$-142,$0,$-48,$0,$0,$0,$0,$-190,$17,$0,$17,$-172,$-172,$0,$0,$-156,$-51,$0,$0
46,2007-03-31,33.19,$9.85,3.37,$53.67,0.62,$5.99,5.54,$1.92,17.29,$3.52B,$2.93B,1.2,$0.57B,$2.71B,0.21,$15.29B,$4.71B,30.83%,$15.29B,$0.75B,4.87%,$15.29B,$0.75B,4.87%,$15.29B,$1.02B,6.68%,$15.29B,$0.73B,4.80%,$15.29B,$0.53B,3.45%,$0.53B,$2.71B,20.41%,$0.53B,$1.38B,38.41%,$0.53B,$6.72B,8.16%,$0.75B,$3.27B,23.53%,$4094,$2824,$1269,$0,$1047,$3870,$224,$-2,$222,$68,$154,$154,$154,$295,$224,$276,280,$0.56,$0.55,$194,$1559,$0,$3523,$1449,$0,$1328,$421,$3198,$6721,$2926,$568,$0,$1088,$4014,$4,$3542,$310,$2706,$6721,$154,$72,$25,$96,$0,$0,$0,$-19,$-19,$231,$-91,$0,$-22,$0,$0,$0,$0,$-113,$-10,$0,$-10,$-85,$-85,$0,$0,$-95,$21,$0,$0
47,2006-12-31,36.05,$9.40,3.84,$51.85,0.7,$6.20,5.82,$1.79,20.14,$3.44B,$2.97B,1.16,$0.57B,$2.60B,0.22,$15.01B,$4.65B,30.96%,$15.01B,$0.71B,4.75%,$15.01B,$0.71B,4.75%,$15.01B,$0.99B,6.62%,$15.01B,$0.71B,4.70%,$15.01B,$0.50B,3.36%,$0.50B,$2.60B,19.79%,$0.50B,$1.28B,34.93%,$0.50B,$6.56B,8.02%,$0.71B,$3.17B,22.81%,$3843,$2656,$1187,$0,$1036,$3678,$165,$-3,$162,$36,$127,$127,$127,$240,$165,$282,288,$0.47,$0.46,$174,$1540,$0,$3442,$1425,$0,$1313,$377,$3115,$6557,$2970,$571,$0,$990,$3960,$4,$3371,$295,$2597,$6557,$503,$279,$64,$343,$-129,$-156,$0,$-23,$-20,$827,$-237,$0,$-248,$0,$0,$0,$0,$-485,$-59,$8,$-50,$-882,$-882,$0,$43,$-889,$-530,$40,$0
