,Date,Stock Price,Book Value per Share,Price to Book Ratio,TTM Sales per Share,Price to Sales Ratio,TTM FCF per Share,Price to FCF Ratio,TTM Net EPS,PE Ratio,Current Assets,Current Liabilities,Current Ratio,Long Term Debt,Shareholder's Equity_x,Debt to Equity Ratio,TTM Revenue_x,TTM Gross Profit,Gross Margin,TTM Revenue_y,TTM Operating Income,Operating Margin,TTM Revenue_x,TTM EBIT,EBIT Margin,TTM Revenue_y,TTM EBITDA,EBITDA Margin,TTM Revenue_x,TTM Pre-Tax Income,Pre-Tax Margin,TTM Revenue_y,TTM Net Income_x,Net Margin,TTM Net Income_y,Shareholder's Equity_y,Return on Equity,TTM Net Income_x,Tangible Equity,Return on Tangible Equity,TTM Net Income_y,Total Assets,Return on Assets,TTM Net Income,LT Investments & Debt,Return on Investment,revenue,cost-goods-sold,gross-profit,research-development-expenses,selling-general-administrative-expenses,operating-expenses,operating-income,total-non-operating-income-expense,pre-tax-income,total-provision-income-taxes,income-after-taxes,income-from-continuous-operations,net-income,ebitda,ebit,basic-shares-outstanding,shares-outstanding,eps-basic-net-earnings-per-share,eps-earnings-per-share-diluted,cash-on-hand,inventory,other-current-assets,total-current-assets,net-property-plant-equipment,long-term-investments,goodwill-intangible-assets-total,other-long-term-assets,total-long-term-assets,total-assets,total-current-liabilities,long-term-debt,other-non-current-liabilities,total-long-term-liabilities,total-liabilities,common-stock-net,retained-earnings-accumulated-deficit,comprehensive-income,total-share-holder-equity,total-liabilities-share-holders-equity,net-income-loss,total-depreciation-amortization-cash-flow,other-non-cash-items,total-non-cash-items,change-in-accounts-receivable,change-in-inventories,change-in-accounts-payable,change-in-assets-liabilities,total-change-in-assets-liabilities,cash-flow-from-operating-activities,net-change-in-property-plant-equipment,net-change-in-intangible-assets,net-acquisitions-divestitures,net-change-in-short-term-investments,net-change-in-long-term-investments,net-change-in-investments-total,investing-activities-other,cash-flow-from-investing-activities,net-long-term-debt,net-current-debt,debt-issuance-retirement-net-total,net-common-equity-issued-repurchased,net-total-equity-issued-repurchased,total-common-preferred-stock-dividends-paid,financial-activities-other,cash-flow-from-financial-activities,net-cash-flow,stock-based-compensation,common-stock-dividends-paid
0,2018-09-30,0.96,$0.65,1.48,$2.04,0.47,$-0.33,0.0,$-0.27,0.0,$0.02B,$0.01B,1.51,$0.00B,$0.02B,0.08,$0.06B,$0.01B,23.73%,$0.06B,$-0.01B,-13.56%,$0.06B,$-0.01B,-13.56%,$0.06B,$-0.01B,-11.86%,$0.06B,$-0.01B,-11.86%,$0.06B,$-0.01B,-11.86%,$-0.01B,$0.02B,-31.82%,$-0.01B,$0.02B,-35.90%,$-0.01B,$0.04B,-16.57%,$-0.01B,$0.02B,-32.00%,$13,$11,$3,$0,$4,$15,$-2,$-0,$-2,$0,$-2,$-2,$-2,$-2,$-2,$29,29,$-0.08,$-0.08,$6,$8,$0,$21,$12,$0,$3,$0,$15,$36,$14,$1,$1,$3,$17,$0,$-100,$0,$19,$36,$-5,$1,$0,$1,$3,$0,$-2,$2,$3,$-1,$-0,$-0,$0,$0,$0,$0,$0,$-0,$-3,$0,$-3,$0,$0,$0,$-0,$-3,$-4,$0,$0
1,2018-06-30,1.1,$0.73,1.51,$2.13,0.52,$-0.46,0.0,$-0.32,0.0,$0.03B,$0.02B,1.64,$0.00B,$0.02B,0.11,$0.06B,$0.02B,24.59%,$0.06B,$-0.01B,-16.39%,$0.06B,$-0.01B,-16.39%,$0.06B,$-0.01B,-11.48%,$0.06B,$-0.01B,-14.75%,$0.06B,$-0.01B,-14.75%,$-0.01B,$0.02B,-37.89%,$-0.01B,$0.02B,-42.35%,$-0.01B,$0.04B,-20.22%,$-0.01B,$0.02B,-37.04%,$14,$10,$3,$0,$6,$16,$-3,$-0,$-3,$0,$-3,$-3,$-3,$-2,$-3,$29,29,$-0.09,$-0.09,$8,$9,$0,$25,$13,$0,$3,$0,$15,$41,$15,$2,$1,$4,$19,$0,$-98,$0,$21,$41,$-3,$0,$0,$1,$2,$-0,$-1,$1,$2,$0,$-0,$0,$0,$0,$0,$0,$0,$-0,$-2,$0,$-2,$0,$0,$0,$-0,$-2,$-2,$0,$0
2,2018-03-31,0.85,$0.81,1.05,$2.10,0.41,$-0.68,0.0,$-0.46,0.0,$0.03B,$0.02B,1.79,$0.00B,$0.02B,0.17,$0.06B,$0.02B,25.00%,$0.06B,$-0.01B,-23.33%,$0.06B,$-0.01B,-23.33%,$0.06B,$-0.01B,-18.33%,$0.06B,$-0.01B,-21.67%,$0.06B,$-0.01B,-21.67%,$-0.01B,$0.02B,-50.49%,$-0.01B,$0.02B,-57.14%,$-0.01B,$0.05B,-27.81%,$-0.01B,$0.03B,-47.86%,$15,$12,$3,$0,$4,$17,$-2,$0,$-1,$0,$-1,$-1,$-1,$-1,$-2,$29,29,$-0.05,$-0.05,$9,$8,$0,$29,$13,$0,$3,$0,$16,$45,$16,$4,$1,$5,$22,$0,$-95,$0,$23,$45,$-13,$2,$3,$5,$0,$5,$0,$0,$4,$-4,$-1,$-0,$0,$0,$0,$0,$0,$-1,$-3,$0,$-3,$0,$0,$0,$-0,$-3,$-8,$1,$0
3,2017-12-31,0.88,$0.85,1.03,$2.12,0.42,$-0.50,0.0,$-0.67,0.0,$0.03B,$0.02B,1.78,$0.00B,$0.03B,0.15,$0.06B,$0.01B,21.67%,$0.06B,$-0.02B,-31.67%,$0.06B,$-0.02B,-31.67%,$0.06B,$-0.02B,-28.33%,$0.06B,$-0.02B,-31.67%,$0.06B,$-0.02B,-31.67%,$-0.02B,$0.03B,-66.09%,$-0.02B,$0.02B,-75.25%,$-0.02B,$0.05B,-37.25%,$-0.02B,$0.03B,-57.58%,$17,$12,$5,$1,$6,$19,$-1,$-0,$-1,$-0,$-1,$-1,$-1,$-2,$-1,$29,29,$-0.05,$-0.05,$11,$9,$0,$31,$13,$0,$3,$0,$16,$47,$17,$4,$1,$5,$22,$0,$-94,$0,$25,$47,$-12,$2,$2,$4,$0,$4,$0,$1,$5,$-3,$-0,$-0,$0,$0,$0,$0,$0,$-1,$-3,$0,$-3,$0,$0,$0,$-0,$-3,$-7,$1,$0
4,2017-09-30,1.12,$0.89,1.25,$2.25,0.5,$-0.29,0.0,$-0.66,0.0,$0.03B,$0.01B,1.97,$0.00B,$0.03B,0.13,$0.06B,$0.01B,21.88%,$0.06B,$-0.02B,-29.69%,$0.06B,$-0.02B,-29.69%,$0.06B,$-0.02B,-23.44%,$0.06B,$-0.02B,-29.69%,$0.06B,$-0.02B,-29.69%,$-0.02B,$0.03B,-57.58%,$-0.02B,$0.02B,-64.96%,$-0.02B,$0.05B,-33.63%,$-0.02B,$0.03B,-50.00%,$15,$12,$4,$0,$6,$19,$-4,$-0,$-4,$0,$-4,$-4,$-4,$-2,$-4,$29,29,$-0.13,$-0.13,$9,$9,$0,$28,$13,$0,$3,$0,$17,$45,$14,$3,$1,$5,$19,$0,$-93,$0,$26,$45,$-10,$2,$1,$3,$1,$4,$-4,$2,$3,$-5,$-0,$-0,$0,$0,$0,$0,$0,$-0,$-4,$0,$-4,$0,$0,$0,$-0,$-4,$-9,$1,$0
5,2017-06-30,1.28,$1.02,1.26,$2.38,0.54,$-0.01,0.0,$-0.56,0.0,$0.03B,$0.02B,2.08,$0.00B,$0.03B,0.14,$0.07B,$0.02B,23.53%,$0.07B,$-0.02B,-23.53%,$0.07B,$-0.02B,-23.53%,$0.07B,$-0.01B,-19.12%,$0.07B,$-0.02B,-23.53%,$0.07B,$-0.02B,-23.53%,$-0.02B,$0.03B,-42.95%,$-0.02B,$0.03B,-48.48%,$-0.02B,$0.05B,-25.60%,$-0.02B,$0.03B,-37.43%,$13,$10,$3,$1,$9,$19,$-7,$-0,$-7,$0,$-7,$-7,$-7,$-6,$-7,$28,28,$-0.23,$-0.23,$8,$12,$0,$33,$14,$0,$4,$0,$18,$50,$16,$4,$1,$6,$21,$0,$-89,$0,$29,$50,$-7,$1,$0,$1,$2,$1,$-2,$-1,$-0,$-6,$-0,$-0,$0,$0,$0,$0,$0,$-0,$-3,$0,$-3,$0,$0,$0,$0,$-3,$-9,$0,$0
6,2017-03-31,1.98,$1.25,1.58,$2.50,0.79,$0.20,9.68,$-0.44,0.0,$0.04B,$0.02B,2.39,$0.01B,$0.04B,0.19,$0.07B,$0.02B,23.94%,$0.07B,$-0.01B,-16.90%,$0.07B,$-0.01B,-16.90%,$0.07B,$-0.01B,-14.08%,$0.07B,$-0.01B,-16.90%,$0.07B,$-0.01B,-16.90%,$-0.01B,$0.04B,-29.45%,$-0.01B,$0.03B,-32.88%,$-0.01B,$0.06B,-18.11%,$-0.01B,$0.04B,-26.09%,$15,$14,$1,$1,$7,$23,$-7,$-0,$-7,$0,$-7,$-7,$-7,$-7,$-7,$28,28,$-0.26,$-0.26,$17,$14,$0,$44,$14,$0,$4,$0,$18,$62,$18,$7,$0,$8,$27,$0,$-82,$0,$35,$62,$-12,$2,$4,$7,$2,$1,$-0,$1,$4,$-2,$2,$-0,$0,$0,$0,$0,$0,$2,$2,$0,$2,$0,$0,$0,$-0,$2,$2,$2,$0
7,2016-12-31,2.17,$1.50,1.45,$2.63,0.83,$0.06,33.8,$-0.57,0.0,$0.05B,$0.02B,2.63,$0.01B,$0.04B,0.14,$0.08B,$0.02B,28.00%,$0.08B,$-0.02B,-21.33%,$0.08B,$-0.02B,-21.33%,$0.08B,$-0.01B,-17.33%,$0.08B,$-0.02B,-21.33%,$0.08B,$-0.02B,-21.33%,$-0.02B,$0.04B,-36.78%,$-0.02B,$0.04B,-41.03%,$-0.02B,$0.07B,-23.36%,$-0.02B,$0.05B,-33.33%,$21,$14,$6,$0,$7,$22,$-1,$-0,$-1,$0,$-1,$-1,$-1,$-0,$-1,$28,28,$-0.04,$-0.04,$19,$17,$0,$50,$14,$0,$5,$0,$19,$69,$19,$6,$0,$8,$27,$0,$-75,$0,$42,$69,$-5,$2,$2,$4,$-1,$-0,$1,$2,$1,$0,$2,$-0,$0,$0,$0,$0,$0,$2,$1,$0,$1,$0,$0,$0,$-0,$1,$4,$1,$0
8,2016-09-30,1.33,$1.53,0.87,$2.50,0.53,$-0.16,0.0,$-0.60,0.0,$0.05B,$0.02B,2.61,$0.01B,$0.04B,0.12,$0.07B,$0.02B,28.17%,$0.07B,$-0.02B,-23.94%,$0.07B,$-0.02B,-23.94%,$0.07B,$-0.01B,-19.72%,$0.07B,$-0.02B,-23.94%,$0.07B,$-0.02B,-23.94%,$-0.02B,$0.04B,-35.98%,$-0.02B,$0.04B,-41.21%,$-0.02B,$0.07B,-23.86%,$-0.02B,$0.05B,-33.01%,$19,$12,$6,$1,$7,$20,$-1,$0,$-1,$0,$-1,$-1,$-1,$-0,$-1,$28,28,$-0.03,$-0.03,$19,$17,$0,$50,$14,$0,$5,$0,$19,$69,$19,$5,$0,$7,$25,$0,$-74,$0,$43,$69,$-4,$1,$1,$3,$-1,$-0,$1,$4,$2,$1,$2,$-0,$0,$0,$0,$0,$0,$2,$0,$0,$0,$0,$0,$0,$-0,$0,$3,$1,$0
9,2016-06-30,1.16,$1.55,0.75,$2.41,0.48,$-0.46,0.0,$-0.70,0.0,$0.05B,$0.02B,2.63,$0.00B,$0.04B,0.06,$0.07B,$0.02B,25.00%,$0.07B,$-0.02B,-29.41%,$0.07B,$-0.02B,-29.41%,$0.07B,$-0.02B,-23.53%,$0.07B,$-0.02B,-29.41%,$0.07B,$-0.02B,-29.41%,$-0.02B,$0.04B,-39.22%,$-0.02B,$0.04B,-45.71%,$-0.02B,$0.07B,-27.30%,$-0.02B,$0.05B,-36.53%,$16,$12,$4,$0,$7,$19,$-3,$0,$-3,$-0,$-3,$-3,$-3,$-3,$-3,$28,28,$-0.11,$-0.11,$14,$15,$0,$46,$14,$0,$5,$0,$19,$65,$17,$3,$0,$4,$22,$0,$-73,$0,$43,$65,$-3,$1,$0,$1,$-2,$1,$-2,$2,$-0,$-2,$3,$0,$0,$0,$0,$0,$0,$3,$-2,$0,$-2,$0,$0,$0,$-0,$-2,$-1,$0,$0
10,2016-03-31,1.39,$1.66,0.84,$2.45,0.57,$-0.55,0.0,$-0.72,0.0,$0.05B,$0.02B,2.52,$0.00B,$0.05B,0.09,$0.07B,$0.02B,24.64%,$0.07B,$-0.02B,-30.43%,$0.07B,$-0.02B,-30.43%,$0.07B,$-0.02B,-21.74%,$0.07B,$-0.02B,-30.43%,$0.07B,$-0.02B,-30.43%,$-0.02B,$0.05B,-37.84%,$-0.02B,$0.04B,-44.92%,$-0.02B,$0.07B,-26.75%,$-0.02B,$0.05B,-35.29%,$19,$14,$5,$0,$9,$29,$-11,$-0,$-11,$0,$-11,$-11,$-11,$-10,$-11,$28,28,$-0.40,$-0.40,$16,$17,$0,$49,$17,$0,$5,$0,$22,$71,$19,$4,$1,$6,$25,$0,$-70,$0,$46,$71,$-20,$4,$9,$13,$7,$-3,$1,$-3,$4,$-3,$-0,$-0,$0,$0,$0,$0,$0,$-0,$-1,$0,$-1,$0,$0,$0,$-0,$-1,$-4,$1,$0
11,2015-12-31,2.17,$2.04,1.06,$2.65,0.82,$-1.03,0.0,$-0.52,0.0,$0.05B,$0.02B,3.0,$0.01B,$0.06B,0.09,$0.07B,$0.02B,21.74%,$0.07B,$-0.02B,-21.74%,$0.07B,$-0.02B,-21.74%,$0.07B,$-0.01B,-13.04%,$0.07B,$-0.02B,-21.74%,$0.07B,$-0.02B,-21.74%,$-0.02B,$0.06B,-24.90%,$-0.02B,$0.05B,-30.00%,$-0.02B,$0.08B,-18.13%,$-0.02B,$0.06B,-23.44%,$17,$12,$5,$0,$6,$19,$-2,$-0,$-2,$0,$-2,$-2,$-2,$-1,$-2,$28,28,$-0.07,$-0.07,$17,$18,$0,$51,$19,$0,$10,$0,$29,$80,$17,$5,$1,$7,$24,$0,$-59,$0,$57,$80,$-9,$3,$1,$5,$4,$-4,$1,$2,$1,$-3,$-0,$-0,$0,$0,$0,$0,$0,$-0,$1,$0,$1,$0,$0,$0,$-0,$1,$-3,$1,$0
12,2015-09-30,1.8,$2.10,0.86,$3.23,0.56,$-1.39,0.0,$-0.66,0.0,$0.05B,$0.02B,3.21,$0.00B,$0.06B,0.05,$0.08B,$0.01B,17.95%,$0.08B,$-0.02B,-23.08%,$0.08B,$-0.02B,-23.08%,$0.08B,$-0.01B,-15.38%,$0.08B,$-0.02B,-23.08%,$0.08B,$-0.02B,-23.08%,$-0.02B,$0.06B,-30.64%,$-0.02B,$0.05B,-37.11%,$-0.02B,$0.08B,-21.75%,$-0.02B,$0.06B,-29.15%,$16,$13,$3,$0,$6,$19,$-4,$-0,$-4,$0,$-4,$-4,$-4,$-2,$-4,$28,28,$-0.13,$-0.13,$13,$16,$0,$47,$20,$0,$10,$0,$30,$77,$15,$3,$1,$4,$19,$0,$-57,$0,$58,$77,$-7,$2,$1,$3,$2,$-2,$-2,$1,$-1,$-5,$-0,$-0,$0,$0,$0,$0,$0,$-0,$-1,$0,$-1,$0,$0,$0,$-0,$-1,$-7,$1,$0
13,2015-06-30,2.51,$2.22,1.13,$3.28,0.77,$-1.43,0.0,$-1.37,0.0,$0.05B,$0.02B,2.87,$0.00B,$0.06B,0.06,$0.08B,$0.00B,0.00%,$0.08B,$-0.03B,-42.67%,$0.08B,$-0.03B,-42.67%,$0.08B,$-0.03B,-36.00%,$0.08B,$-0.03B,-42.67%,$0.08B,$-0.03B,-42.67%,$-0.03B,$0.06B,-54.94%,$-0.03B,$0.05B,-67.37%,$-0.03B,$0.09B,-38.91%,$-0.03B,$0.07B,-52.46%,$17,$13,$4,$0,$7,$20,$-4,$-0,$-4,$0,$-4,$-4,$-4,$-2,$-4,$27,27,$-0.13,$-0.13,$18,$16,$0,$54,$21,$0,$10,$0,$32,$86,$19,$4,$1,$6,$24,$0,$-54,$0,$61,$86,$-4,$1,$1,$2,$-1,$-2,$2,$1,$-0,$-2,$-0,$0,$0,$0,$0,$0,$0,$-0,$0,$0,$0,$0,$0,$0,$-0,$0,$-2,$0,$0
14,2015-03-31,3.14,$2.35,1.33,$3.29,0.95,$-1.37,0.0,$-1.28,0.0,$0.06B,$0.02B,3.01,$0.00B,$0.07B,0.05,$0.07B,$-0.00B,-1.41%,$0.07B,$-0.03B,-45.07%,$0.07B,$-0.03B,-45.07%,$0.07B,$-0.03B,-39.44%,$0.07B,$-0.03B,-45.07%,$0.07B,$-0.03B,-45.07%,$-0.03B,$0.07B,-52.24%,$-0.03B,$0.05B,-63.68%,$-0.03B,$0.09B,-38.21%,$-0.03B,$0.07B,-50.20%,$19,$16,$3,$1,$7,$24,$-5,$-0,$-5,$0,$-5,$-5,$-5,$-4,$-5,$22,22,$-0.18,$-0.18,$20,$14,$0,$55,$21,$0,$11,$0,$33,$88,$18,$3,$1,$5,$23,$0,$-50,$0,$65,$88,$-32,$4,$14,$18,$-2,$-2,$2,$2,$1,$-13,$-1,$-0,$0,$0,$0,$0,$0,$-1,$-2,$0,$-2,$18,$18,$0,$-0,$16,$2,$1,$0
15,2014-12-31,5.5,$2.34,2.35,$3.02,1.82,$-0.30,0.0,$-1.50,0.0,$0.05B,$0.03B,1.87,$0.00B,$0.05B,0.03,$0.07B,$-0.00B,-4.62%,$0.07B,$-0.04B,-55.38%,$0.07B,$-0.04B,-55.38%,$0.07B,$-0.03B,-47.69%,$0.07B,$-0.04B,-55.38%,$0.07B,$-0.04B,-55.38%,$-0.04B,$0.05B,-56.03%,$-0.04B,$0.04B,-67.92%,$-0.04B,$0.08B,-41.62%,$-0.04B,$0.05B,-53.93%,$26,$22,$4,$1,$8,$31,$-5,$0,$-5,$0,$-5,$-5,$-5,$-4,$-5,$22,22,$-0.21,$-0.21,$5,$15,$0,$46,$22,$0,$11,$0,$33,$80,$25,$2,$1,$3,$28,$0,$-45,$0,$51,$80,$-27,$3,$14,$17,$-2,$-3,$8,$-4,$-0,$-10,$-1,$-0,$0,$-0,$0,$-0,$0,$-1,$-2,$0,$-2,$0,$0,$0,$-0,$-2,$-13,$1,$0
16,2014-09-30,5.35,$2.54,2.11,$3.07,1.74,$0.67,7.99,$-1.24,0.0,$0.04B,$0.02B,2.57,$0.00B,$0.06B,0.04,$0.07B,$0.00B,1.49%,$0.07B,$-0.03B,-44.78%,$0.07B,$-0.03B,-44.78%,$0.07B,$-0.03B,-37.31%,$0.07B,$-0.03B,-44.78%,$0.07B,$-0.03B,-44.78%,$-0.03B,$0.06B,-41.38%,$-0.03B,$0.04B,-49.38%,$-0.03B,$0.08B,-31.83%,$-0.03B,$0.06B,-39.74%,$13,$24,$-11,$1,$7,$32,$-18,$0,$-18,$0,$-18,$-18,$-18,$-17,$-18,$22,22,$-0.84,$-0.84,$12,$12,$0,$41,$22,$0,$11,$0,$34,$75,$16,$2,$1,$4,$20,$0,$-41,$0,$56,$75,$-23,$2,$13,$15,$1,$0,$1,$1,$2,$-5,$0,$-0,$0,$-0,$0,$-0,$0,$-0,$-2,$0,$-2,$0,$0,$0,$-0,$-1,$-6,$1,$0
17,2014-06-30,4.07,$3.37,1.21,$3.73,1.09,$1.34,3.04,$-0.29,0.0,$0.04B,$0.02B,3.05,$0.00B,$0.07B,0.04,$0.08B,$0.02B,24.69%,$0.08B,$-0.01B,-14.81%,$0.08B,$-0.01B,-14.81%,$0.08B,$-0.01B,-7.41%,$0.08B,$-0.01B,-14.81%,$0.08B,$-0.01B,-12.35%,$-0.01B,$0.07B,-12.66%,$-0.01B,$0.06B,-14.87%,$-0.01B,$0.09B,-9.71%,$-0.01B,$0.08B,-14.46%,$13,$11,$3,$0,$7,$18,$-4,$0,$-4,$0,$-4,$-4,$-4,$-3,$-4,$22,22,$-0.20,$-0.20,$17,$11,$0,$44,$23,$0,$12,$1,$48,$92,$15,$3,$0,$4,$19,$0,$-22,$0,$73,$92,$-4,$1,$0,$2,$2,$1,$-2,$1,$1,$-1,$1,$-0,$0,$-0,$0,$-0,$0,$1,$-1,$0,$-1,$0,$0,$0,$0,$-1,$-1,$0,$0
18,2014-03-31,7.25,$3.57,2.03,$4.15,1.75,$1.46,4.97,$-0.29,0.0,$0.05B,$0.02B,2.93,$0.00B,$0.08B,0.04,$0.09B,$0.02B,25.84%,$0.09B,$-0.01B,-10.11%,$0.09B,$-0.01B,-10.11%,$0.09B,$-0.00B,-3.37%,$0.09B,$-0.01B,-10.11%,$0.09B,$-0.01B,-7.87%,$-0.01B,$0.08B,-8.75%,$-0.01B,$0.07B,-9.89%,$-0.01B,$0.10B,-6.57%,$-0.01B,$0.08B,-10.68%,$13,$11,$1,$1,$9,$21,$-9,$0,$-9,$0,$-9,$-9,$-9,$-7,$-9,$21,21,$-0.42,$-0.42,$18,$12,$0,$50,$23,$0,$12,$1,$49,$99,$17,$3,$0,$5,$22,$0,$-18,$0,$77,$99,$-6,$5,$3,$8,$8,$4,$-1,$-2,$8,$10,$-0,$-0,$-5,$1,$0,$1,$0,$-5,$-3,$0,$-3,$1,$1,$0,$0,$-2,$3,$2,$0
19,2013-12-31,6.8,$3.96,1.72,$4.61,1.47,$1.01,6.73,$0.15,45.33,$0.06B,$0.02B,2.82,$0.00B,$0.08B,0.05,$0.10B,$0.03B,30.61%,$0.10B,$0.00B,1.02%,$0.10B,$0.00B,1.02%,$0.10B,$0.01B,6.12%,$0.10B,$0.00B,1.02%,$0.10B,$0.00B,3.06%,$0.00B,$0.08B,3.74%,$0.00B,$0.07B,4.08%,$0.00B,$0.11B,2.80%,$0.00B,$0.09B,1.18%,$28,$20,$8,$0,$7,$27,$1,$0,$1,$-0,$1,$1,$1,$2,$1,$21,22,$0.05,$0.05,$19,$14,$0,$59,$25,$0,$12,$2,$52,$111,$21,$4,$1,$6,$27,$0,$-9,$0,$84,$111,$3,$3,$0,$3,$2,$4,$2,$-2,$5,$11,$-0,$-0,$-5,$-0,$0,$-0,$0,$-5,$-2,$0,$-2,$1,$1,$0,$0,$-2,$4,$1,$0
20,2013-09-30,3.76,$3.90,0.96,$4.81,0.78,$0.44,8.46,$0.13,28.92,$0.06B,$0.02B,2.73,$0.01B,$0.08B,0.06,$0.10B,$0.03B,31.31%,$0.10B,$0.00B,1.01%,$0.10B,$0.00B,1.01%,$0.10B,$0.01B,6.06%,$0.10B,$0.00B,1.01%,$0.10B,$0.00B,3.03%,$0.00B,$0.08B,3.82%,$0.00B,$0.07B,4.04%,$0.00B,$0.11B,2.81%,$0.00B,$0.09B,1.20%,$27,$20,$8,$0,$7,$27,$0,$0,$0,$-2,$2,$2,$2,$2,$0,$21,22,$0.11,$0.11,$19,$15,$0,$56,$26,$0,$12,$2,$54,$110,$21,$5,$1,$7,$28,$0,$-10,$0,$82,$110,$2,$3,$-1,$1,$5,$3,$3,$-2,$7,$10,$-0,$-0,$-5,$-0,$0,$-0,$0,$-5,$-1,$0,$-1,$0,$0,$0,$0,$-1,$3,$1,$0
21,2013-06-30,2.48,$3.83,0.65,$4.45,0.56,$-0.18,0.0,$-0.44,0.0,$0.06B,$0.02B,2.63,$0.00B,$0.08B,0.04,$0.09B,$0.03B,31.87%,$0.09B,$-0.00B,-3.30%,$0.09B,$-0.00B,-3.30%,$0.09B,$0.00B,1.10%,$0.09B,$-0.00B,-3.30%,$0.09B,$-0.01B,-9.89%,$-0.01B,$0.08B,-11.69%,$-0.01B,$0.08B,-11.96%,$-0.01B,$0.11B,-8.37%,$-0.00B,$0.08B,-3.68%,$21,$15,$6,$0,$6,$22,$-1,$0,$-1,$0,$-1,$-1,$-1,$0,$-1,$20,20,$-0.04,$-0.04,$16,$15,$0,$61,$27,$0,$2,$2,$45,$106,$23,$3,$0,$5,$28,$0,$-12,$0,$77,$106,$-1,$1,$1,$2,$-4,$1,$3,$1,$1,$2,$-0,$-0,$0,$-0,$0,$-0,$0,$-0,$-1,$0,$-1,$0,$0,$0,$0,$-1,$1,$0,$0
22,2013-03-31,2.48,$3.86,0.64,$4.10,0.61,$-0.32,0.0,$-0.49,0.0,$0.05B,$0.02B,2.81,$0.00B,$0.08B,0.05,$0.09B,$0.03B,31.76%,$0.09B,$-0.01B,-7.06%,$0.09B,$-0.01B,-7.06%,$0.09B,$-0.00B,-1.18%,$0.09B,$-0.01B,-7.06%,$0.09B,$-0.01B,-11.76%,$-0.01B,$0.08B,-12.50%,$-0.01B,$0.08B,-12.82%,$-0.01B,$0.10B,-9.03%,$-0.01B,$0.08B,-7.06%,$22,$14,$8,$0,$7,$22,$1,$0,$1,$0,$1,$1,$1,$2,$1,$21,21,$0.02,$0.02,$15,$14,$0,$53,$28,$0,$2,$2,$49,$102,$19,$4,$0,$6,$24,$0,$-12,$0,$78,$102,$-10,$5,$7,$12,$2,$3,$-7,$-0,$1,$2,$-2,$-0,$0,$-0,$0,$-0,$0,$-2,$-3,$0,$-3,$-6,$-6,$0,$0,$-9,$-9,$1,$0
23,2012-12-31,1.66,$3.81,0.44,$3.95,0.42,$-0.02,0.0,$-0.53,0.0,$0.06B,$0.02B,2.35,$0.01B,$0.08B,0.06,$0.08B,$0.03B,30.95%,$0.08B,$-0.01B,-8.33%,$0.08B,$-0.01B,-8.33%,$0.08B,$-0.00B,-2.38%,$0.08B,$-0.01B,-8.33%,$0.08B,$-0.01B,-13.10%,$-0.01B,$0.08B,-13.13%,$-0.01B,$0.08B,-13.46%,$-0.01B,$0.11B,-9.42%,$-0.01B,$0.08B,-7.84%,$29,$21,$9,$0,$8,$29,$1,$0,$1,$0,$1,$1,$1,$2,$1,$20,20,$0.03,$0.03,$14,$18,$0,$57,$29,$0,$2,$4,$52,$109,$24,$5,$0,$8,$33,$0,$-12,$0,$77,$109,$-11,$3,$6,$9,$-0,$1,$-1,$-1,$2,$-0,$-2,$-0,$0,$-0,$0,$-0,$0,$-2,$-2,$0,$-2,$-6,$-6,$0,$0,$-8,$-10,$1,$0
24,2012-09-30,1.98,$3.66,0.54,$3.70,0.54,$0.21,9.57,$-0.56,0.0,$0.06B,$0.03B,2.07,$0.01B,$0.08B,0.07,$0.08B,$0.03B,30.49%,$0.08B,$-0.01B,-9.76%,$0.08B,$-0.01B,-9.76%,$0.08B,$-0.00B,-3.66%,$0.08B,$-0.01B,-9.76%,$0.08B,$-0.01B,-14.63%,$-0.01B,$0.08B,-13.68%,$-0.01B,$0.07B,-13.99%,$-0.01B,$0.11B,-9.94%,$-0.01B,$0.08B,-8.56%,$19,$14,$6,$1,$9,$24,$-4,$0,$-4,$6,$-10,$-10,$-10,$-3,$-4,$21,21,$-0.46,$-0.46,$14,$18,$0,$59,$30,$0,$2,$4,$55,$113,$28,$5,$0,$9,$37,$0,$-13,$0,$76,$113,$-12,$2,$5,$7,$0,$-0,$1,$-1,$2,$-2,$-2,$-0,$0,$-0,$0,$-0,$0,$-2,$-1,$0,$-1,$-4,$-4,$0,$0,$-6,$-10,$1,$0
25,2012-06-30,2.2,$4.10,0.54,$4.21,0.52,$0.37,5.93,$-0.10,0.0,$0.06B,$0.02B,2.88,$0.01B,$0.09B,0.07,$0.10B,$0.03B,29.17%,$0.10B,$-0.00B,-2.08%,$0.10B,$-0.00B,-2.08%,$0.10B,$0.00B,3.13%,$0.10B,$-0.00B,-2.08%,$0.10B,$-0.00B,-1.04%,$-0.00B,$0.09B,-1.09%,$-0.00B,$0.09B,-1.11%,$-0.00B,$0.12B,-0.81%,$-0.00B,$0.10B,-2.04%,$15,$11,$4,$1,$7,$19,$-4,$0,$-4,$-2,$-2,$-2,$-2,$-2,$-4,$23,23,$-0.09,$-0.09,$20,$16,$0,$59,$30,$0,$2,$4,$60,$119,$20,$6,$0,$10,$30,$0,$-3,$0,$89,$119,$-2,$1,$-1,$0,$3,$1,$-2,$-0,$2,$0,$-1,$-0,$0,$-0,$0,$-0,$0,$-1,$-1,$0,$-1,$-2,$-2,$0,$0,$-3,$-4,$0,$0
26,2012-03-31,2.38,$4.07,0.58,$4.32,0.55,$0.36,6.66,$-0.02,0.0,$0.07B,$0.02B,2.96,$0.01B,$0.09B,0.07,$0.10B,$0.03B,30.30%,$0.10B,$0.00B,1.01%,$0.10B,$0.00B,1.01%,$0.10B,$0.00B,4.04%,$0.10B,$0.00B,1.01%,$0.10B,0,0.00%,$0.00B,$0.09B,0.00%,$0.00B,$0.09B,0.00%,$0.00B,$0.13B,0.00%,$0.00B,$0.10B,1.02%,$21,$14,$7,$1,$7,$22,$-0,$0,$-0,$-0,$-0,$-0,$-0,$1,$-0,$23,23,$-0.01,$-0.01,$24,$18,$0,$67,$30,$0,$2,$4,$58,$126,$23,$7,$0,$10,$33,$0,$-1,$0,$93,$126,$0,$4,$1,$6,$3,$-2,$2,$1,$5,$11,$-4,$-0,$0,$-0,$0,$-0,$0,$-5,$4,$0,$4,$-1,$-1,$0,$1,$4,$11,$1,$0
27,2011-12-31,2.95,$4.04,0.73,$4.51,0.65,$-0.54,0.0,$0.07,42.14,$0.07B,$0.02B,2.73,$0.01B,$0.09B,0.07,$0.10B,$0.03B,29.81%,$0.10B,$0.00B,1.92%,$0.10B,$0.00B,1.92%,$0.10B,$0.01B,4.81%,$0.10B,$0.00B,0.96%,$0.10B,$0.00B,0.96%,$0.00B,$0.09B,1.09%,$0.00B,$0.09B,1.11%,$0.00B,$0.13B,0.80%,$0.00B,$0.10B,2.05%,$27,$20,$8,$1,$7,$27,$0,$0,$0,$0,$0,$0,$0,$1,$0,$23,23,$0.00,$0.00,$19,$19,$0,$65,$31,$0,$2,$3,$59,$125,$24,$6,$0,$8,$32,$0,$-1,$0,$93,$125,$1,$3,$1,$4,$1,$-4,$3,$-0,$2,$6,$-3,$-0,$0,$-0,$0,$-0,$0,$-4,$3,$0,$3,$-0,$-0,$0,$1,$4,$7,$1,$0
28,2011-09-30,2.65,$4.03,0.66,$4.37,0.61,$-1.36,0.0,$0.10,26.5,$0.06B,$0.02B,3.17,$0.01B,$0.09B,0.08,$0.10B,$0.03B,30.69%,$0.10B,$0.00B,2.97%,$0.10B,$0.00B,2.97%,$0.10B,$0.01B,5.94%,$0.10B,$0.00B,1.98%,$0.10B,$0.00B,0.99%,$0.00B,$0.09B,1.10%,$0.00B,$0.09B,1.12%,$0.00B,$0.12B,0.81%,$0.00B,$0.10B,3.12%,$33,$24,$9,$1,$6,$31,$2,$0,$2,$1,$1,$1,$1,$3,$2,$23,23,$0.06,$0.06,$17,$19,$0,$63,$30,$0,$2,$2,$58,$122,$20,$7,$0,$9,$29,$0,$-1,$0,$93,$122,$1,$2,$0,$2,$3,$-3,$-2,$0,$-1,$1,$-2,$-0,$0,$-0,$0,$-0,$0,$-2,$4,$0,$4,$0,$0,$0,$1,$5,$4,$1,$0
29,2011-06-30,3.93,$3.91,1.01,$3.63,1.08,$-1.87,0.0,$0.09,43.67,$0.07B,$0.03B,2.21,$0.01B,$0.09B,0.07,$0.08B,$0.03B,33.33%,$0.08B,0,0.00%,$0.08B,0,0.00%,$0.08B,$0.00B,3.57%,$0.08B,$-0.00B,-1.19%,$0.08B,$0.00B,1.19%,$0.00B,$0.09B,1.12%,$0.00B,$0.09B,1.14%,$0.00B,$0.13B,0.83%,$0.00B,$0.10B,0.00%,$18,$12,$6,$1,$7,$20,$-1,$0,$-1,$-1,$-1,$-1,$-1,$-1,$-1,$23,23,$-0.03,$-0.03,$14,$18,$0,$73,$30,$0,$2,$2,$58,$131,$33,$6,$0,$8,$41,$0,$-3,$0,$90,$131,$-1,$1,$0,$1,$-3,$-3,$4,$1,$-1,$-0,$-1,$-0,$0,$-0,$0,$-0,$0,$-1,$3,$0,$3,$0,$0,$0,$-0,$2,$1,$0,$0
30,2011-03-31,4.04,$3.95,1.02,$3.59,1.12,$-2.12,0.0,$0.05,80.7,$0.06B,$0.02B,2.65,$0.00B,$0.09B,0.05,$0.08B,$0.03B,33.73%,$0.08B,0,0.00%,$0.08B,0,0.00%,$0.08B,$0.00B,3.61%,$0.08B,$-0.00B,-1.20%,$0.08B,$0.00B,1.20%,$0.00B,$0.09B,1.13%,$0.00B,$0.09B,1.15%,$0.00B,$0.12B,0.89%,$0.00B,$0.10B,0.00%,$26,$17,$8,$1,$7,$24,$1,$-1,$0,$-0,$1,$1,$1,$2,$1,$23,23,$0.03,$0.02,$13,$16,$0,$64,$30,$0,$2,$2,$57,$121,$24,$4,$0,$6,$31,$0,$-2,$0,$90,$121,$0,$3,$2,$5,$-13,$-3,$5,$-1,$-14,$-9,$-5,$-0,$0,$-0,$0,$-0,$0,$-5,$2,$0,$2,$1,$1,$0,$-0,$2,$-12,$1,$0
31,2010-12-31,3.34,$3.94,0.85,$3.40,0.98,$-2.40,0.0,$-0.07,0.0,$0.06B,$0.02B,2.77,$0.01B,$0.09B,0.05,$0.08B,$0.03B,35.06%,$0.08B,$-0.00B,-1.30%,$0.08B,$-0.00B,-1.30%,$0.08B,$0.00B,1.30%,$0.08B,$-0.00B,-1.30%,$0.08B,0,0.00%,$0.00B,$0.09B,0.00%,$0.00B,$0.09B,0.00%,$0.00B,$0.12B,0.00%,$-0.00B,$0.09B,-1.09%,$24,$16,$8,$1,$6,$22,$1,$0,$1,$2,$-0,$-0,$-0,$2,$1,$23,23,$-0.01,$-0.01,$11,$19,$0,$64,$31,$0,$2,$2,$55,$119,$23,$5,$0,$6,$29,$0,$-2,$0,$90,$119,$-0,$2,$0,$3,$-10,$-6,$8,$-4,$-13,$-11,$-5,$-0,$0,$-0,$0,$-0,$-0,$-6,$2,$0,$2,$0,$0,$0,$0,$3,$-14,$1,$0
32,2010-09-30,3.17,$3.85,0.82,$3.28,0.97,$-2.14,0.0,$-0.06,0.0,$0.07B,$0.01B,4.64,$0.01B,$0.09B,0.06,$0.07B,$0.03B,35.14%,$0.07B,$-0.00B,-1.35%,$0.07B,$-0.00B,-1.35%,$0.07B,$0.00B,1.35%,$0.07B,$-0.00B,-1.35%,$0.07B,$0.00B,1.35%,$0.00B,$0.09B,1.15%,$0.00B,$0.09B,1.16%,$0.00B,$0.11B,0.95%,$-0.00B,$0.09B,-1.10%,$16,$10,$6,$1,$6,$17,$-1,$0,$-1,$-2,$1,$1,$1,$-0,$-1,$23,23,$0.02,$0.02,$14,$34,$0,$65,$36,$0,$2,$2,$43,$109,$14,$5,$0,$7,$21,$0,$-4,$0,$87,$109,$0,$2,$-1,$1,$3,$-8,$1,$-5,$-10,$-9,$-4,$-0,$0,$-0,$0,$-0,$-0,$-4,$2,$0,$2,$0,$0,$0,$-0,$3,$-10,$1,$0
33,2010-06-30,3.16,$3.85,0.82,$3.27,0.97,$-1.97,0.0,$-0.11,0.0,$0.06B,$0.01B,6.07,$0.00B,$0.09B,0.03,$0.07B,$0.03B,34.25%,$0.07B,$-0.00B,-2.74%,$0.07B,$-0.00B,-2.74%,$0.07B,0,0.00%,$0.07B,$-0.00B,-2.74%,$0.07B,$-0.00B,-1.37%,$-0.00B,$0.09B,-1.15%,$-0.00B,$0.09B,-1.17%,$-0.00B,$0.10B,-0.97%,$-0.00B,$0.09B,-2.22%,$17,$11,$6,$1,$7,$18,$-1,$0,$-1,$-1,$-1,$-1,$-1,$-1,$-1,$23,23,$-0.02,$-0.02,$17,$30,$0,$64,$32,$0,$2,$1,$38,$102,$10,$3,$0,$4,$15,$0,$-4,$0,$87,$102,$-1,$1,$-1,$0,$3,$-4,$-1,$-3,$-6,$-6,$-1,$-0,$0,$-0,$-0,$-0,$0,$-1,$-0,$0,$-0,$0,$0,$0,$-0,$-0,$-7,$0,$0
34,2010-03-31,4.9,$3.94,1.24,$3.10,1.58,$-2.07,0.0,$-0.19,0.0,$0.07B,$0.01B,5.76,$0.00B,$0.09B,0.04,$0.07B,$0.02B,33.33%,$0.07B,$-0.00B,-5.80%,$0.07B,$-0.00B,-5.80%,$0.07B,$-0.00B,-2.90%,$0.07B,$-0.00B,-5.80%,$0.07B,$-0.00B,-4.35%,$-0.00B,$0.09B,-3.46%,$-0.00B,$0.09B,-3.51%,$-0.00B,$0.11B,-2.94%,$-0.00B,$0.09B,-4.43%,$20,$13,$7,$1,$7,$20,$-0,$-0,$-0,$-0,$-0,$-0,$-0,$0,$-0,$22,22,$0.00,$0.00,$24,$26,$0,$72,$28,$0,$2,$0,$33,$105,$12,$3,$0,$4,$16,$0,$-2,$0,$88,$105,$-3,$3,$1,$4,$-5,$-6,$-0,$-2,$-11,$-11,$-8,$-0,$0,$6,$0,$6,$0,$-3,$-1,$0,$-1,$2,$2,$0,$0,$1,$-13,$1,$0
35,2009-12-31,4.39,$3.97,1.11,$2.74,1.6,$-1.56,0.0,$-0.20,0.0,$0.07B,$0.02B,4.46,$0.00B,$0.09B,0.04,$0.06B,$0.02B,32.81%,$0.06B,$-0.01B,-9.38%,$0.06B,$-0.01B,-9.38%,$0.06B,$-0.00B,-4.69%,$0.06B,$-0.01B,-9.38%,$0.06B,$-0.00B,-6.25%,$-0.00B,$0.09B,-4.60%,$-0.00B,$0.09B,-4.68%,$-0.00B,$0.11B,-3.93%,$-0.01B,$0.09B,-6.65%,$21,$13,$7,$0,$6,$20,$1,$0,$1,$0,$1,$1,$1,$2,$1,$22,23,$0.03,$0.03,$33,$25,$0,$73,$31,$0,$2,$0,$34,$107,$16,$3,$1,$4,$20,$0,$-2,$0,$87,$107,$-2,$2,$1,$3,$-3,$-4,$5,$-3,$-4,$-4,$-6,$-0,$0,$6,$0,$6,$0,$-1,$-0,$0,$-0,$1,$1,$0,$0,$0,$-4,$1,$0
36,2009-09-30,3.13,$3.93,0.8,$2.67,1.17,$-1.54,0.0,$-0.20,0.0,$0.07B,$0.01B,7.63,$0.00B,$0.09B,0.04,$0.07B,$0.02B,32.31%,$0.07B,$-0.01B,-7.69%,$0.07B,$-0.01B,-7.69%,$0.07B,$-0.00B,-4.62%,$0.07B,$-0.01B,-7.69%,$0.07B,$-0.00B,-6.15%,$-0.00B,$0.09B,-4.47%,$-0.00B,$0.08B,-4.56%,$-0.00B,$0.10B,-3.87%,$-0.01B,$0.09B,-5.39%,$15,$10,$5,$0,$6,$16,$-2,$0,$-2,$-0,$-1,$-1,$-1,$-1,$-2,$22,22,$-0.06,$-0.06,$34,$20,$0,$69,$26,$0,$1,$0,$29,$98,$9,$3,$1,$4,$13,$0,$-3,$0,$85,$98,$-4,$1,$-0,$1,$-1,$1,$-2,$2,$-1,$-4,$-4,$-0,$0,$6,$0,$6,$0,$1,$-0,$0,$-0,$0,$0,$0,$0,$-0,$-3,$1,$0
37,2009-06-30,3.75,$3.99,0.94,$2.64,1.42,$-1.43,0.0,$-0.12,0.0,$0.07B,$0.01B,9.8,$0.00B,$0.09B,0.04,$0.07B,$0.02B,31.88%,$0.07B,$-0.00B,-4.35%,$0.07B,$-0.00B,-4.35%,$0.07B,$-0.00B,-1.45%,$0.07B,$-0.00B,-2.90%,$0.07B,$-0.00B,-4.35%,$-0.00B,$0.09B,-3.15%,$-0.00B,$0.09B,-3.21%,$-0.00B,$0.10B,-2.73%,$-0.00B,$0.09B,-3.05%,$13,$9,$4,$0,$6,$16,$-3,$0,$-3,$-0,$-3,$-3,$-3,$-3,$-3,$22,22,$-0.13,$-0.13,$34,$21,$0,$70,$25,$0,$1,$0,$28,$98,$7,$3,$0,$4,$11,$0,$-1,$0,$87,$98,$-3,$1,$-1,$0,$0,$-1,$-3,$1,$-4,$-6,$-2,$-0,$0,$-1,$0,$-1,$0,$-3,$-0,$0,$-0,$0,$0,$0,$0,$0,$-9,$0,$0
38,2009-03-31,4.41,$4.12,1.07,$2.59,1.7,$-1.10,0.0,$0.01,0.0,$0.08B,$0.01B,7.16,$0.00B,$0.09B,0.04,$0.07B,$0.02B,31.94%,$0.07B,0,0.00%,$0.07B,0,0.00%,$0.07B,$0.00B,2.78%,$0.07B,$0.00B,1.39%,$0.07B,0,0.00%,$0.00B,$0.09B,0.00%,$0.00B,$0.09B,0.00%,$0.00B,$0.10B,0.00%,$0.00B,$0.09B,0.00%,$15,$11,$5,$1,$6,$17,$-2,$0,$-2,$-0,$-1,$-1,$-1,$-1,$-2,$25,27,$-0.05,$-0.04,$43,$20,$0,$78,$23,$0,$1,$0,$25,$104,$11,$4,$0,$4,$15,$0,$1,$-0,$89,$104,$1,$2,$2,$4,$6,$-3,$0,$-3,$-1,$3,$-13,$-1,$0,$-4,$-0,$-4,$1,$-18,$-1,$0,$-1,$-28,$-28,$0,$1,$-28,$-42,$2,$0
39,2008-12-31,5.41,$4.27,1.27,$2.98,1.82,$-1.01,0.0,$0.11,49.18,$0.09B,$0.01B,7.21,$0.00B,$0.10B,0.04,$0.08B,$0.03B,32.91%,$0.08B,$0.00B,5.06%,$0.08B,$0.00B,5.06%,$0.08B,$0.01B,6.33%,$0.08B,$0.01B,6.33%,$0.08B,$0.00B,2.53%,$0.00B,$0.10B,1.85%,$0.00B,$0.10B,1.86%,$0.00B,$0.11B,1.60%,$0.00B,$0.10B,3.56%,$22,$15,$7,$0,$5,$20,$2,$0,$2,$1,$1,$1,$1,$2,$2,$25,26,$0.05,$0.04,$49,$19,$0,$90,$21,$0,$1,$0,$24,$113,$12,$4,$0,$4,$17,$0,$2,$0,$97,$113,$2,$1,$3,$4,$-2,$-2,$1,$-2,$-6,$-0,$-11,$-1,$0,$-22,$-0,$-23,$1,$-33,$-1,$0,$-1,$-21,$-21,$0,$1,$-20,$-54,$1,$0
40,2008-09-30,5.61,$4.10,1.37,$3.15,1.78,$-0.77,0.0,$0.12,46.75,$0.10B,$0.01B,8.62,$0.00B,$0.11B,0.04,$0.08B,$0.03B,33.75%,$0.08B,$0.00B,5.00%,$0.08B,$0.00B,5.00%,$0.08B,$0.01B,7.50%,$0.08B,$0.01B,6.25%,$0.08B,$0.00B,2.50%,$0.00B,$0.11B,1.79%,$0.00B,$0.11B,1.80%,$0.00B,$0.13B,1.55%,$0.00B,$0.11B,3.44%,$19,$12,$6,$0,$6,$18,$0,$1,$1,$0,$0,$0,$0,$1,$0,$27,29,$0.02,$0.02,$66,$19,$0,$104,$18,$0,$1,$0,$20,$125,$12,$4,$0,$4,$17,$0,$1,$-0,$108,$125,$0,$1,$1,$2,$1,$-2,$-0,$-2,$-3,$-0,$-7,$-1,$0,$-17,$-0,$-18,$1,$-25,$-0,$0,$-0,$-7,$-7,$0,$1,$-7,$-32,$1,$0
