,Date,Stock Price,Book Value per Share,Price to Book Ratio,TTM Sales per Share,Price to Sales Ratio,TTM FCF per Share,Price to FCF Ratio,TTM Net EPS,PE Ratio,Current Assets,Current Liabilities,Current Ratio,Long Term Debt,Shareholder's Equity_x,Debt to Equity Ratio,TTM Revenue_x,TTM Gross Profit,Gross Margin,TTM Revenue_y,TTM Operating Income,Operating Margin,TTM Revenue_x,TTM EBIT,EBIT Margin,TTM Revenue_y,TTM EBITDA,EBITDA Margin,TTM Revenue_x,TTM Pre-Tax Income,Pre-Tax Margin,TTM Revenue_y,TTM Net Income_x,Net Margin,TTM Net Income_y,Shareholder's Equity_y,Return on Equity,TTM Net Income_x,Tangible Equity,Return on Tangible Equity,TTM Net Income_y,Total Assets,Return on Assets,TTM Net Income,LT Investments & Debt,Return on Investment,revenue,cost-goods-sold,gross-profit,research-development-expenses,selling-general-administrative-expenses,operating-expenses,operating-income,total-non-operating-income-expense,pre-tax-income,total-provision-income-taxes,income-after-taxes,income-from-continuous-operations,net-income,ebitda,ebit,basic-shares-outstanding,shares-outstanding,eps-basic-net-earnings-per-share,eps-earnings-per-share-diluted,cash-on-hand,inventory,other-current-assets,total-current-assets,net-property-plant-equipment,long-term-investments,goodwill-intangible-assets-total,other-long-term-assets,total-long-term-assets,total-assets,total-current-liabilities,long-term-debt,other-non-current-liabilities,total-long-term-liabilities,total-liabilities,common-stock-net,retained-earnings-accumulated-deficit,comprehensive-income,total-share-holder-equity,total-liabilities-share-holders-equity,net-income-loss,total-depreciation-amortization-cash-flow,other-non-cash-items,total-non-cash-items,change-in-accounts-receivable,change-in-inventories,change-in-accounts-payable,change-in-assets-liabilities,total-change-in-assets-liabilities,cash-flow-from-operating-activities,net-change-in-property-plant-equipment,net-change-in-intangible-assets,net-acquisitions-divestitures,net-change-in-short-term-investments,net-change-in-long-term-investments,net-change-in-investments-total,investing-activities-other,cash-flow-from-investing-activities,net-long-term-debt,net-current-debt,debt-issuance-retirement-net-total,net-common-equity-issued-repurchased,net-total-equity-issued-repurchased,total-common-preferred-stock-dividends-paid,financial-activities-other,cash-flow-from-financial-activities,net-cash-flow,stock-based-compensation,common-stock-dividends-paid
0,2018-09-30,29.83,$14.79,2.02,$5.95,5.01,$2.49,11.97,$0.64,46.61,$0.17B,$0.09B,1.92,$1.81B,$1.61B,1.12,$0.60B,$0.32B,52.81%,$0.60B,$0.14B,22.52%,$0.60B,$0.14B,22.52%,$0.60B,$0.28B,45.86%,$0.60B,$0.07B,10.76%,$0.60B,$0.07B,10.93%,$0.07B,$1.61B,4.35%,$0.07B,$1.56B,4.51%,$0.07B,$3.65B,1.83%,$0.14B,$3.42B,4.04%,$137,$57,$80,$0,$7,$100,$37,$-18,$20,$-0,$20,$20,$19,$73,$37,$104,105,$0.18,$0.18,$9,$0,$0,$174,$3250,$0,$47,$131,$3477,$3650,$90,$1809,$116,$1950,$2041,$1,$-834,$10,$1610,$3650,$60,$105,$-1,$104,$12,$0,$0,$-6,$-43,$122,$-106,$0,$0,$0,$0,$0,$-47,$-153,$-34,$0,$-34,$161,$161,$-84,$-13,$29,$-2,$5,$-84
1,2018-06-30,28.99,$14.61,1.98,$6.22,4.66,$3.92,7.39,$0.67,43.27,$0.18B,$0.09B,1.98,$1.87B,$1.51B,1.24,$0.62B,$0.32B,51.44%,$0.62B,$0.14B,22.12%,$0.62B,$0.14B,22.12%,$0.62B,$0.28B,44.71%,$0.62B,$0.07B,10.74%,$0.62B,$0.07B,10.90%,$0.07B,$1.51B,4.63%,$0.07B,$1.46B,4.82%,$0.07B,$3.61B,1.89%,$0.14B,$3.38B,4.14%,$147,$66,$80,$0,$8,$108,$38,$-18,$21,$0,$21,$21,$19,$73,$38,$102,102,$0.19,$0.19,$8,$0,$0,$176,$3226,$0,$51,$112,$3436,$3612,$89,$1872,$118,$2015,$2104,$1,$-822,$9,$1508,$3612,$40,$69,$-1,$68,$7,$0,$0,$15,$-27,$81,$-68,$0,$0,$0,$0,$0,$-29,$-97,$27,$0,$27,$51,$51,$-58,$-5,$14,$-2,$3,$-58
2,2018-03-31,25.59,$14.51,1.76,$6.31,4.06,$4.66,5.48,$0.56,45.69,$0.18B,$0.10B,1.88,$1.87B,$1.48B,1.26,$0.63B,$0.32B,51.11%,$0.63B,$0.14B,21.82%,$0.63B,$0.14B,21.82%,$0.63B,$0.28B,44.11%,$0.63B,$0.07B,10.35%,$0.63B,$0.06B,9.08%,$0.06B,$1.48B,3.94%,$0.06B,$1.43B,4.12%,$0.06B,$3.60B,1.59%,$0.14B,$3.35B,4.12%,$155,$77,$78,$0,$7,$120,$36,$-17,$18,$0,$18,$19,$17,$71,$36,$101,101,$0.17,$0.17,$9,$0,$0,$180,$3201,$0,$55,$114,$3417,$3596,$96,$1867,$128,$2018,$2114,$1,$-813,$7,$1482,$3596,$19,$35,$-1,$34,$16,$0,$0,$1,$-27,$26,$-18,$0,$0,$0,$0,$0,$-17,$-35,$22,$0,$22,$19,$19,$-28,$-6,$6,$-2,$2,$-28
3,2017-12-31,28.62,$14.50,1.97,$6.19,4.63,$5.36,5.34,$0.57,50.21,$0.19B,$0.11B,1.74,$1.84B,$1.47B,1.26,$0.61B,$0.32B,52.53%,$0.61B,$0.14B,22.19%,$0.61B,$0.14B,22.19%,$0.61B,$0.28B,45.02%,$0.61B,$0.07B,10.60%,$0.61B,$0.06B,9.46%,$0.06B,$1.47B,3.93%,$0.06B,$1.41B,4.11%,$0.06B,$3.60B,1.60%,$0.14B,$3.31B,4.04%,$165,$83,$81,$0,$7,$140,$25,$-19,$6,$1,$5,$3,$11,$60,$25,$99,99,$0.10,$0.10,$12,$0,$0,$188,$3183,$0,$59,$116,$3407,$3595,$108,$1844,$151,$2019,$2127,$1,$-802,$2,$1468,$3595,$76,$141,$5,$146,$2,$0,$0,$2,$8,$231,$-20,$0,$0,$0,$0,$0,$-70,$-90,$-78,$0,$-78,$68,$-132,$-118,$-10,$-339,$-198,$6,$-109
4,2017-09-30,31.88,$14.20,2.24,$6.03,5.29,$7.23,4.41,$0.69,46.2,$0.19B,$0.12B,1.53,$1.89B,$1.42B,1.34,$0.59B,$0.32B,54.58%,$0.59B,$0.15B,25.08%,$0.59B,$0.15B,25.08%,$0.59B,$0.29B,48.81%,$0.59B,$0.08B,13.22%,$0.59B,$0.07B,11.53%,$0.07B,$1.42B,4.51%,$0.07B,$1.35B,4.73%,$0.07B,$3.56B,1.86%,$0.15B,$3.30B,4.34%,$157,$75,$82,$0,$7,$118,$39,$-17,$22,$0,$22,$22,$21,$75,$39,$99,99,$0.21,$0.21,$17,$0,$0,$186,$3171,$0,$64,$92,$3374,$3560,$121,$1890,$111,$2024,$2145,$1,$-800,$-1,$1415,$3560,$64,$105,$-3,$102,$7,$0,$0,$1,$3,$169,$-13,$0,$0,$0,$0,$0,$-40,$-52,$-33,$0,$-33,$18,$-181,$-91,$-12,$-317,$-200,$4,$-82
5,2017-06-30,33.73,$14.26,2.36,$5.95,5.67,$8.85,3.81,$0.73,46.21,$0.21B,$0.10B,2.15,$1.91B,$1.42B,1.35,$0.58B,$0.32B,56.00%,$0.58B,$0.12B,21.04%,$0.58B,$0.12B,21.04%,$0.58B,$0.26B,45.04%,$0.58B,$0.05B,8.87%,$0.58B,$0.07B,12.35%,$0.07B,$1.42B,4.64%,$0.07B,$1.35B,4.89%,$0.07B,$3.58B,1.93%,$0.12B,$3.33B,3.53%,$151,$71,$80,$0,$8,$115,$37,$-18,$19,$0,$18,$19,$8,$71,$37,$99,99,$0.08,$0.08,$17,$0,$0,$205,$3186,$0,$69,$75,$3370,$3575,$95,$1914,$123,$2061,$2156,$1,$-794,$-1,$1419,$3575,$42,$70,$-1,$69,$-13,$0,$0,$22,$7,$118,$-31,$0,$0,$0,$0,$0,$-28,$-59,$-8,$0,$-8,$18,$-181,$-66,$-3,$-258,$-199,$3,$-57
6,2017-03-31,31.63,$16.12,1.96,$5.97,5.3,$8.56,3.7,$0.11,287.53,$0.41B,$0.08B,4.88,$1.90B,$1.43B,1.33,$0.57B,$0.33B,57.54%,$0.57B,$0.06B,10.00%,$0.57B,$0.06B,10.00%,$0.57B,$0.20B,34.39%,$0.57B,$-0.02B,-2.81%,$0.57B,$0.01B,2.11%,$0.01B,$1.60B,0.77%,$0.01B,$1.53B,0.82%,$0.01B,$3.74B,0.32%,$0.06B,$3.51B,1.63%,$140,$61,$79,$0,$9,$104,$35,$-17,$18,$0,$18,$23,$18,$70,$35,$98,99,$0.18,$0.18,$233,$0,$0,$405,$3134,$0,$74,$85,$3334,$3739,$83,$1904,$127,$2054,$2137,$1,$-774,$-0,$1602,$3739,$23,$35,$-4,$31,$20,$0,$0,$-1,$7,$60,$17,$0,$0,$0,$0,$0,$-15,$2,$-1,$0,$-1,$16,$-10,$-31,$-4,$-46,$16,$1,$-27
7,2016-12-31,29.58,$16.19,1.83,$6.08,4.86,$7.86,3.76,$-0.04,0.0,$0.40B,$0.11B,3.63,$1.90B,$1.42B,1.34,$0.57B,$0.33B,57.67%,$0.57B,$0.05B,9.06%,$0.57B,$0.05B,9.06%,$0.57B,$0.19B,33.62%,$0.57B,$-0.03B,-4.53%,$0.57B,$-0.00B,-0.52%,$-0.00B,$1.60B,-0.19%,$-0.00B,$1.52B,-0.21%,$-0.00B,$3.78B,-0.08%,$0.05B,$3.50B,1.47%,$142,$61,$81,$0,$8,$105,$37,$-19,$19,$0,$18,$20,$21,$72,$37,$95,95,$0.23,$0.23,$218,$0,$0,$395,$3168,$0,$78,$98,$3386,$3781,$109,$1904,$124,$2078,$2186,$1,$-765,$-2,$1595,$3781,$16,$141,$63,$204,$-6,$0,$0,$-25,$13,$233,$145,$0,$0,$0,$0,$0,$-74,$71,$-117,$0,$-117,$107,$107,$-118,$-26,$-154,$150,$7,$-104
8,2016-09-30,26.62,$15.84,1.68,$6.05,4.4,$5.54,4.81,$0.33,80.68,$0.22B,$0.11B,1.96,$1.87B,$1.30B,1.44,$0.58B,$0.34B,58.61%,$0.58B,$0.04B,6.09%,$0.58B,$0.04B,6.09%,$0.58B,$0.18B,31.13%,$0.58B,$-0.05B,-8.00%,$0.58B,$0.03B,5.57%,$0.03B,$1.50B,2.06%,$0.03B,$1.42B,2.19%,$0.03B,$3.63B,0.84%,$0.04B,$3.38B,0.97%,$142,$60,$82,$0,$9,$131,$12,$-16,$-5,$-0,$-5,$-5,$24,$46,$12,$94,95,$0.25,$0.25,$55,$0,$0,$220,$3190,$0,$84,$99,$3415,$3634,$112,$1874,$124,$2021,$2133,$1,$-759,$-16,$1501,$3634,$-11,$106,$68,$174,$4,$0,$0,$-28,$7,$170,$133,$0,$0,$0,$0,$0,$-55,$78,$-146,$0,$-146,$-2,$-2,$-89,$-24,$-261,$-13,$6,$-78
9,2016-06-30,27.51,$15.85,1.74,$6.14,4.48,$2.53,10.88,$0.99,27.78,$0.20B,$0.09B,2.12,$2.09B,$1.30B,1.61,$0.58B,$0.34B,58.39%,$0.58B,$0.06B,9.42%,$0.58B,$0.06B,9.42%,$0.58B,$0.21B,35.27%,$0.58B,$0.05B,9.08%,$0.58B,$0.09B,16.10%,$0.09B,$1.50B,5.99%,$0.09B,$1.41B,6.38%,$0.09B,$3.84B,2.41%,$0.06B,$3.60B,1.50%,$146,$60,$86,$0,$8,$173,$-27,$-21,$-48,$0,$-48,$-48,$-51,$8,$-27,$94,94,$-0.54,$-0.54,$22,$0,$0,$197,$3470,$0,$89,$43,$3645,$3842,$93,$2094,$131,$2248,$2341,$1,$-757,$-18,$1501,$3842,$-40,$72,$76,$148,$7,$0,$0,$-6,$17,$124,$-70,$0,$0,$0,$0,$0,$-34,$-104,$15,$0,$15,$-1,$-1,$-61,$-20,$-67,$-47,$4,$-54
10,2016-03-31,24.18,$16.73,1.45,$6.40,3.78,$2.19,11.03,$1.66,14.57,$0.25B,$0.08B,3.12,$2.14B,$1.39B,1.55,$0.61B,$0.34B,55.59%,$0.61B,$0.12B,19.57%,$0.61B,$0.12B,19.57%,$0.61B,$0.27B,44.57%,$0.61B,$0.12B,19.41%,$0.61B,$0.16B,25.82%,$0.16B,$1.58B,9.97%,$0.16B,$1.49B,10.61%,$0.16B,$3.94B,4.01%,$0.12B,$3.72B,3.22%,$144,$63,$82,$0,$12,$114,$30,$-22,$8,$-0,$8,$8,$3,$67,$30,$94,94,$0.03,$0.03,$70,$0,$0,$245,$3279,$0,$94,$275,$3693,$3938,$79,$2140,$113,$2275,$2354,$1,$-680,$-13,$1584,$3938,$8,$37,$4,$40,$0,$0,$0,$2,$-1,$47,$-40,$0,$0,$0,$0,$0,$-16,$-56,$62,$0,$62,$-1,$-1,$-30,$-20,$11,$2,$2,$-26
11,2015-12-31,19.91,$17.10,1.16,$6.59,3.02,$2.08,9.57,$1.73,11.51,$0.25B,$0.09B,2.73,$2.08B,$1.42B,1.47,$0.63B,$0.33B,52.64%,$0.63B,$0.12B,19.20%,$0.63B,$0.12B,19.20%,$0.63B,$0.27B,42.88%,$0.63B,$0.12B,19.36%,$0.63B,$0.16B,26.24%,$0.16B,$1.62B,10.50%,$0.16B,$1.52B,11.13%,$0.16B,$3.91B,4.23%,$0.12B,$3.69B,3.29%,$143,$56,$87,$0,$8,$123,$20,$-21,$-1,$0,$-1,$-1,$56,$58,$20,$94,98,$0.60,$0.60,$68,$0,$0,$251,$3447,$0,$98,$60,$3659,$3909,$92,$2078,$104,$2201,$2293,$1,$-657,$-3,$1617,$3909,$189,$148,$-123,$24,$-15,$0,$0,$9,$-9,$204,$-41,$0,$-203,$0,$0,$0,$-64,$-308,$259,$0,$259,$26,$26,$-118,$-10,$158,$54,$7,$-104
12,2015-09-30,18.94,$16.71,1.13,$6.79,2.79,$0.99,19.18,$1.15,16.47,$0.18B,$0.10B,1.86,$2.12B,$1.38B,1.54,$0.63B,$0.32B,51.03%,$0.63B,$0.14B,21.78%,$0.63B,$0.14B,21.78%,$0.63B,$0.28B,44.52%,$0.63B,$0.13B,20.35%,$0.63B,$0.11B,17.33%,$0.11B,$1.58B,7.09%,$0.11B,$1.47B,7.45%,$0.11B,$3.92B,2.86%,$0.14B,$3.70B,3.83%,$151,$65,$86,$0,$7,$119,$32,$62,$94,$0,$94,$94,$86,$73,$32,$94,95,$0.91,$0.91,$13,$0,$0,$183,$3348,$0,$106,$217,$3736,$3918,$99,$2121,$99,$2240,$2339,$1,$-687,$-6,$1580,$3918,$126,$110,$-91,$18,$7,$0,$0,$-3,$3,$148,$-129,$0,$-203,$0,$5,$5,$-44,$-371,$295,$0,$295,$26,$26,$-88,$-12,$221,$-2,$5,$-78
13,2015-06-30,20.93,$16.05,1.3,$6.95,3.01,$1.38,15.16,$0.46,45.5,$0.21B,$0.16B,1.35,$2.13B,$1.32B,1.62,$0.63B,$0.31B,49.29%,$0.63B,$0.14B,22.50%,$0.63B,$0.14B,22.50%,$0.63B,$0.28B,43.90%,$0.63B,$0.05B,7.61%,$0.63B,$0.04B,6.66%,$0.04B,$1.52B,2.82%,$0.04B,$1.44B,2.93%,$0.04B,$3.91B,1.12%,$0.14B,$3.65B,4.04%,$170,$88,$83,$0,$8,$133,$37,$-21,$17,$0,$17,$17,$12,$73,$37,$94,94,$0.13,$0.13,$47,$0,$0,$211,$3419,$0,$82,$132,$3700,$3911,$156,$2130,$88,$2237,$2393,$1,$-747,$-3,$1518,$3911,$32,$69,$1,$70,$5,$0,$0,$4,$21,$123,$-100,$0,$-137,$0,$5,$5,$-29,$-261,$210,$0,$210,$26,$26,$-61,$-6,$169,$31,$3,$-54
14,2015-03-31,25.83,$16.18,1.6,$6.74,3.83,$1.13,22.81,$0.35,73.79,$0.20B,$0.14B,1.45,$2.00B,$1.33B,1.5,$0.60B,$0.30B,50.08%,$0.60B,$0.14B,22.80%,$0.60B,$0.14B,22.80%,$0.60B,$0.27B,44.76%,$0.60B,$0.04B,6.66%,$0.60B,$0.03B,5.32%,$0.03B,$1.53B,2.19%,$0.03B,$1.47B,2.27%,$0.03B,$3.78B,0.86%,$0.14B,$3.53B,3.94%,$161,$88,$73,$0,$8,$130,$31,$-20,$11,$0,$11,$11,$10,$64,$31,$93,93,$0.10,$0.10,$16,$0,$0,$201,$3378,$0,$61,$72,$3576,$3777,$138,$2000,$91,$2109,$2247,$1,$-733,$-4,$1530,$3777,$15,$33,$-5,$29,$-7,$0,$0,$-7,$-2,$42,$-45,$0,$-57,$0,$0,$0,$-17,$-118,$79,$0,$79,$26,$26,$-29,$-2,$75,$-2,$2,$-26
15,2014-12-31,24.7,$16.31,1.51,$6.70,3.69,$1.27,19.5,$0.25,98.81,$0.19B,$0.12B,1.58,$1.91B,$1.32B,1.45,$0.59B,$0.31B,52.13%,$0.59B,$0.13B,22.32%,$0.59B,$0.13B,22.32%,$0.59B,$0.28B,47.02%,$0.59B,$0.04B,5.96%,$0.59B,$0.02B,3.75%,$0.02B,$1.52B,1.52%,$0.02B,$1.48B,1.57%,$0.02B,$3.66B,0.60%,$0.13B,$3.44B,3.80%,$147,$68,$79,$0,$9,$110,$37,$-31,$6,$0,$6,$6,$1,$70,$37,$88,88,$0.01,$0.01,$15,$0,$0,$194,$3311,$0,$44,$61,$3470,$3664,$123,$1914,$88,$2020,$2143,$1,$-717,$-1,$1521,$3664,$45,$144,$-6,$138,$-4,$0,$0,$-11,$10,$194,$-143,$0,$0,$0,$0,$0,$-67,$-210,$-9,$0,$-9,$149,$99,$-113,$-9,$-32,$-48,$6,$-96
16,2014-09-30,22.18,$15.93,1.39,$6.54,3.39,$1.93,11.52,$1.18,18.8,$0.22B,$0.12B,1.78,$2.05B,$1.20B,1.71,$0.57B,$0.30B,53.08%,$0.57B,$0.13B,22.67%,$0.57B,$0.13B,22.67%,$0.57B,$0.27B,48.15%,$0.57B,$0.04B,7.56%,$0.57B,$0.10B,18.28%,$0.10B,$1.40B,7.21%,$0.10B,$1.35B,7.49%,$0.10B,$3.68B,2.84%,$0.13B,$3.45B,3.75%,$153,$77,$76,$0,$7,$116,$37,$-24,$14,$0,$14,$14,$19,$70,$37,$87,87,$0.22,$0.22,$54,$0,$0,$221,$3271,$0,$48,$75,$3459,$3680,$124,$2050,$90,$2159,$2283,$1,$-693,$1,$1398,$3680,$39,$111,$-9,$101,$7,$0,$0,$-28,$4,$144,$-93,$0,$0,$0,$0,$0,$-44,$-137,$121,$0,$121,$-0,$-50,$-85,$-7,$-22,$-14,$5,$-72
17,2014-06-30,23.74,$15.97,1.49,$6.25,3.8,$0.93,25.62,$0.87,27.28,$0.27B,$0.11B,2.55,$2.10B,$1.20B,1.75,$0.55B,$0.30B,54.74%,$0.55B,$0.12B,22.45%,$0.55B,$0.12B,22.45%,$0.55B,$0.27B,48.54%,$0.55B,$0.04B,7.30%,$0.55B,$0.08B,14.23%,$0.08B,$1.40B,5.38%,$0.08B,$1.35B,5.60%,$0.08B,$3.71B,2.12%,$0.12B,$3.50B,3.54%,$140,$67,$73,$0,$8,$108,$32,$-22,$9,$0,$9,$9,$2,$65,$32,$87,87,$0.02,$0.02,$88,$0,$0,$269,$3254,$0,$52,$70,$3441,$3710,$105,$2099,$86,$2205,$2310,$1,$-688,$-1,$1400,$3710,$15,$79,$3,$82,$-6,$0,$0,$-1,$7,$103,$-103,$0,$0,$0,$0,$0,$-37,$-140,$171,$0,$171,$-0,$-50,$-60,$-1,$59,$22,$3,$-51
18,2014-03-31,22.51,$16.82,1.34,$6.18,3.64,$0.64,35.04,$0.69,32.63,$0.21B,$0.10B,2.11,$1.93B,$1.22B,1.58,$0.55B,$0.30B,55.60%,$0.55B,$0.13B,24.04%,$0.55B,$0.13B,24.04%,$0.55B,$0.27B,50.09%,$0.55B,$0.03B,5.69%,$0.55B,$0.06B,11.56%,$0.06B,$1.47B,4.32%,$0.06B,$1.42B,4.51%,$0.06B,$3.61B,1.72%,$0.13B,$3.41B,3.76%,$147,$68,$78,$0,$8,$121,$25,$-20,$6,$0,$6,$6,$0,$71,$25,$87,87,$0.00,$0.00,$29,$0,$0,$206,$3225,$0,$56,$54,$3400,$3606,$97,$1932,$86,$2035,$2133,$1,$-666,$2,$1473,$3606,$6,$45,$1,$46,$-2,$0,$0,$-3,$-0,$52,$-42,$0,$0,$0,$0,$0,$-18,$-61,$4,$0,$4,$-1,$-1,$-29,$-1,$-27,$-36,$2,$-24
19,2013-12-31,19.81,$17.13,1.16,$6.05,3.28,$0.57,34.52,$0.80,24.77,$0.24B,$0.10B,2.39,$1.93B,$1.25B,1.54,$0.52B,$0.30B,56.68%,$0.52B,$0.14B,27.10%,$0.52B,$0.14B,27.10%,$0.52B,$0.27B,51.34%,$0.52B,$0.04B,7.06%,$0.52B,$0.07B,13.74%,$0.07B,$1.50B,4.88%,$0.07B,$1.44B,5.11%,$0.07B,$3.63B,1.95%,$0.14B,$3.43B,4.05%,$129,$54,$75,$0,$8,$94,$35,$-20,$14,$2,$12,$14,$83,$68,$35,$85,85,$0.97,$0.97,$66,$0,$0,$236,$3214,$0,$59,$54,$3394,$3630,$99,$1928,$88,$2034,$2133,$1,$-642,$3,$1497,$3630,$102,$126,$-57,$69,$-16,$0,$0,$0,$-12,$159,$-53,$0,$0,$0,$0,$0,$-67,$-120,$65,$0,$65,$155,$71,$-115,$-16,$5,$44,$7,$-93
20,2013-09-30,18.88,$16.41,1.15,$6.15,3.07,$3.65,5.17,$0.02,944.22,$0.19B,$0.09B,2.23,$2.14B,$1.19B,1.8,$0.51B,$0.28B,55.25%,$0.51B,$0.14B,26.26%,$0.51B,$0.14B,26.26%,$0.51B,$0.26B,50.78%,$0.51B,$0.04B,7.98%,$0.51B,$0.00B,0.19%,$0.00B,$1.43B,0.07%,$0.00B,$1.37B,0.07%,$0.00B,$3.76B,0.03%,$0.14B,$3.57B,3.85%,$132,$58,$74,$0,$8,$101,$31,$-20,$11,$0,$11,$11,$-7,$62,$31,$91,91,$-0.09,$-0.09,$42,$0,$0,$190,$3240,$0,$64,$198,$3565,$3756,$85,$2135,$84,$2236,$2322,$1,$-700,$3,$1434,$3756,$9,$93,$15,$108,$2,$0,$0,$-12,$-10,$107,$-144,$0,$0,$0,$0,$0,$-42,$-187,$126,$0,$126,$155,$71,$-86,$-13,$97,$17,$5,$-69
21,2013-06-30,20.37,$16.61,1.23,$6.50,3.13,$8.56,2.38,$-0.28,0.0,$0.14B,$0.08B,1.69,$2.09B,$1.18B,1.78,$0.51B,$0.28B,55.47%,$0.51B,$0.10B,18.55%,$0.51B,$0.10B,18.55%,$0.51B,$0.22B,43.75%,$0.51B,$-0.00B,-0.39%,$0.51B,$-0.02B,-3.91%,$-0.02B,$1.43B,-1.42%,$-0.02B,$1.36B,-1.49%,$-0.02B,$3.70B,-0.55%,$0.10B,$3.52B,2.74%,$137,$61,$76,$0,$7,$96,$40,$-41,$-0,$0,$-0,$-0,$-13,$72,$40,$85,89,$-0.16,$-0.16,$29,$0,$0,$142,$3211,$0,$68,$221,$3557,$3700,$84,$2093,$80,$2189,$2273,$1,$-669,$4,$1426,$3700,$11,$63,$-8,$55,$-4,$0,$0,$1,$-4,$62,$-87,$0,$0,$0,$0,$0,$-28,$-115,$84,$0,$84,$117,$32,$-58,$-5,$52,$-1,$3,$-46
22,2013-03-31,20.85,$17.96,1.16,$6.75,3.09,$11.24,1.85,$-0.03,0.0,$0.14B,$0.09B,1.55,$1.96B,$1.21B,1.62,$0.50B,$0.28B,55.67%,$0.50B,$0.09B,17.50%,$0.50B,$0.09B,17.50%,$0.50B,$0.22B,43.74%,$0.50B,$0.01B,1.59%,$0.50B,$-0.00B,0.00%,$-0.00B,$1.54B,0.00%,$-0.00B,$1.47B,0.00%,$-0.00B,$3.69B,0.00%,$0.09B,$3.50B,2.53%,$126,$54,$72,$0,$8,$90,$36,$-25,$12,$0,$12,$12,$9,$67,$36,$81,81,$0.11,$0.11,$41,$0,$0,$140,$3190,$0,$72,$223,$3545,$3685,$91,$1957,$86,$2054,$2145,$1,$-632,$-4,$1541,$3685,$15,$31,$-6,$25,$6,$0,$0,$3,$7,$47,$-44,$0,$0,$0,$0,$0,$-16,$-60,$-60,$0,$-60,$117,$117,$-28,$-2,$26,$13,$2,$-22
23,2012-12-31,19.12,$17.74,1.08,$7.05,2.71,$12.18,1.57,$-0.10,0.0,$0.17B,$0.10B,1.74,$2.02B,$1.10B,1.83,$0.51B,$0.28B,54.62%,$0.51B,$0.09B,17.29%,$0.51B,$0.09B,17.29%,$0.51B,$0.22B,43.81%,$0.51B,$0.01B,1.77%,$0.51B,$-0.00B,-0.59%,$-0.00B,$1.44B,-0.23%,$-0.00B,$1.36B,-0.24%,$-0.00B,$3.65B,-0.08%,$0.09B,$3.46B,2.51%,$119,$56,$62,$0,$7,$90,$28,$-11,$18,$0,$18,$18,$12,$60,$28,$73,73,$0.17,$0.17,$32,$0,$0,$171,$3303,$0,$76,$44,$3483,$3654,$98,$2019,$90,$2119,$2217,$1,$-617,$-5,$1436,$3654,$20,$134,$44,$178,$-4,$0,$0,$-6,$-6,$192,$125,$0,$-48,$0,$0,$0,$-63,$14,$-395,$0,$-395,$202,$313,$-108,$-10,$-201,$5,$10,$-89
24,2012-09-30,17.94,$17.33,1.04,$6.76,2.65,$7.85,2.29,$-1.47,0.0,$0.13B,$0.09B,1.43,$2.17B,$0.92B,2.37,$0.48B,$0.27B,55.39%,$0.48B,$0.05B,9.34%,$0.48B,$0.05B,9.34%,$0.48B,$0.18B,38.17%,$0.48B,$-0.07B,-13.90%,$0.48B,$-0.10B,-21.37%,$-0.10B,$1.25B,-8.22%,$-0.10B,$1.17B,-8.80%,$-0.10B,$3.60B,-2.75%,$0.05B,$3.42B,1.27%,$130,$56,$74,$0,$6,$139,$-9,$-23,$-32,$0,$-32,$-32,$-28,$25,$-9,$72,72,$-0.39,$-0.39,$26,$0,$0,$125,$3103,$0,$81,$230,$3473,$3598,$87,$2169,$91,$2260,$2347,$1,$-611,$-6,$1250,$3598,$1,$102,$36,$138,$10,$0,$0,$-14,$-0,$140,$183,$0,$-48,$0,$0,$0,$-51,$84,$-244,$0,$-244,$-3,$108,$-82,$-7,$-224,$-1,$8,$-69
25,2012-06-30,17.2,$18.77,0.92,$6.73,2.56,$2.82,6.1,$-1.05,0.0,$0.12B,$0.09B,1.46,$2.19B,$0.97B,2.27,$0.48B,$0.26B,54.28%,$0.48B,$0.08B,17.12%,$0.48B,$0.08B,17.12%,$0.48B,$0.23B,47.18%,$0.48B,$-0.03B,-6.89%,$0.48B,$-0.07B,-15.03%,$-0.07B,$1.35B,-5.68%,$-0.07B,$1.28B,-6.10%,$-0.07B,$3.72B,-1.88%,$0.08B,$3.55B,2.26%,$128,$56,$72,$0,$9,$94,$33,$-24,$10,$0,$10,$10,$7,$68,$33,$72,72,$0.10,$0.10,$27,$0,$0,$124,$3233,$0,$76,$218,$3591,$3715,$85,$2192,$85,$2277,$2362,$1,$-563,$-4,$1353,$3715,$22,$69,$4,$73,$15,$0,$0,$2,$17,$112,$59,$0,$0,$0,$0,$0,$-35,$25,$-236,$0,$-236,$-3,$163,$-58,$-6,$-137,$-1,$7,$-50
26,2012-03-31,16.57,$16.67,0.99,$6.83,2.43,$0.44,38.06,$-1.56,0.0,$0.13B,$0.09B,1.4,$2.42B,$1.20B,2.01,$0.49B,$0.26B,52.87%,$0.49B,$0.06B,12.91%,$0.49B,$0.06B,12.91%,$0.49B,$0.21B,42.62%,$0.49B,$-0.05B,-10.66%,$0.49B,$-0.11B,-21.93%,$-0.11B,$1.20B,-8.45%,$-0.11B,$1.12B,-9.11%,$-0.11B,$3.80B,-2.76%,$0.06B,$3.62B,1.72%,$132,$62,$70,$0,$10,$96,$36,$-23,$13,$0,$13,$13,$6,$70,$36,$71,72,$0.09,$0.09,$30,$0,$0,$130,$3338,$0,$84,$178,$3667,$3797,$93,$2418,$85,$2503,$2597,$1,$-549,$-2,$1201,$3797,$10,$34,$1,$35,$15,$0,$0,$-24,$-1,$44,$26,$0,$0,$0,$0,$0,$-18,$8,$-9,$0,$-9,$-2,$-2,$-34,$-4,$-49,$2,$3,$-30
27,2011-12-31,14.81,$16.75,0.88,$7.04,2.1,$-0.70,0.0,$-1.93,0.0,$0.16B,$0.10B,1.62,$2.43B,$0.99B,2.45,$0.49B,$0.26B,52.33%,$0.49B,$0.03B,6.29%,$0.49B,$0.03B,6.29%,$0.49B,$0.18B,36.31%,$0.49B,$-0.09B,-17.44%,$0.49B,$-0.14B,-27.38%,$-0.14B,$1.21B,-10.51%,$-0.14B,$1.12B,-11.38%,$-0.14B,$3.86B,-3.47%,$0.03B,$3.63B,0.84%,$92,$41,$51,$0,$11,$107,$-15,$-42,$-58,$-1,$-57,$-57,$-88,$21,$-15,$69,69,$-1.25,$-1.25,$42,$0,$0,$155,$3470,$0,$89,$84,$3709,$3864,$96,$2426,$127,$2562,$2658,$1,$-534,$-2,$1206,$3864,$-128,$149,$166,$315,$-16,$0,$0,$-1,$-35,$152,$-153,$0,$-33,$0,$0,$0,$-75,$-260,$111,$0,$111,$144,$144,$-131,$-21,$104,$-5,$12,$-115
28,2011-09-30,14.61,$18.16,0.8,$7.14,2.04,$-2.67,0.0,$-0.54,0.0,$0.16B,$0.12B,1.38,$2.42B,$1.31B,1.85,$0.49B,$0.25B,51.23%,$0.49B,$0.06B,12.76%,$0.49B,$0.06B,12.76%,$0.49B,$0.21B,43.83%,$0.49B,$-0.02B,-4.94%,$0.49B,$-0.04B,-7.41%,$-0.04B,$1.31B,-2.74%,$-0.04B,$1.21B,-2.98%,$-0.04B,$3.97B,-0.93%,$0.06B,$3.73B,1.69%,$127,$60,$67,$0,$6,$99,$28,$-26,$2,$-0,$2,$2,$3,$67,$28,$71,71,$0.03,$0.03,$51,$0,$0,$159,$3469,$0,$98,$169,$3807,$3965,$115,$2420,$123,$2543,$2658,$1,$-416,$-29,$1308,$3965,$-37,$113,$51,$164,$-1,$0,$0,$-9,$-22,$105,$-143,$0,$-33,$6,$0,$6,$-68,$-238,$106,$0,$106,$144,$144,$-97,$-18,$134,$1,$8,$-85
29,2011-06-30,20.11,$18.83,1.07,$7.48,2.69,$-4.12,0.0,$-0.49,0.0,$0.13B,$0.12B,1.15,$2.30B,$1.35B,1.7,$0.48B,$0.25B,51.65%,$0.48B,$0.06B,13.22%,$0.48B,$0.06B,13.22%,$0.48B,$0.21B,43.80%,$0.48B,$-0.02B,-4.55%,$0.48B,$-0.03B,-7.02%,$-0.03B,$1.35B,-2.70%,$-0.03B,$1.25B,-2.96%,$-0.03B,$3.87B,-0.89%,$0.06B,$3.65B,1.76%,$137,$67,$70,$0,$6,$123,$14,$-23,$-9,$-5,$-4,$-4,$-28,$50,$14,$68,73,$-0.42,$-0.42,$35,$0,$0,$133,$3473,$0,$100,$102,$3735,$3868,$115,$2299,$100,$2400,$2515,$1,$-389,$-10,$1353,$3868,$-45,$73,$65,$138,$6,$0,$0,$1,$-1,$92,$-92,$0,$0,$6,$0,$6,$-51,$-137,$-31,$0,$-31,$142,$142,$-63,$-1,$46,$2,$6,$-55
30,2011-03-31,22.75,$18.95,1.2,$7.85,2.9,$-4.33,0.0,0,0.0,$0.14B,$0.10B,1.35,$2.40B,$1.27B,1.89,$0.48B,$0.25B,51.67%,$0.48B,$0.08B,17.29%,$0.48B,$0.08B,17.29%,$0.48B,$0.23B,47.50%,$0.48B,$-0.01B,-1.04%,$0.48B,$-0.00B,-0.42%,$-0.00B,$1.27B,-0.17%,$-0.00B,$1.17B,-0.18%,$-0.00B,$3.87B,-0.05%,$0.08B,$3.67B,2.34%,$137,$68,$70,$0,$7,$133,$4,$-25,$-21,$-1,$-20,$-20,$-22,$41,$4,$66,67,$-0.33,$-0.33,$37,$0,$0,$139,$3469,$0,$106,$91,$3726,$3866,$103,$2397,$94,$2491,$2594,$1,$-331,$-3,$1272,$3866,$-19,$37,$27,$64,$-5,$0,$0,$3,$-13,$33,$-44,$0,$0,$0,$0,$0,$-18,$-61,$68,$0,$68,$-4,$-4,$-34,$-0,$31,$3,$3,$-34
31,2010-12-31,21.5,$19.77,1.09,$8.36,2.57,$-4.26,0.0,$0.43,49.99,$0.13B,$0.10B,1.31,$2.32B,$1.32B,1.76,$0.49B,$0.24B,49.29%,$0.49B,$0.11B,22.31%,$0.49B,$0.11B,22.31%,$0.49B,$0.25B,50.30%,$0.49B,$0.03B,5.27%,$0.49B,$0.03B,5.27%,$0.03B,$1.32B,2.24%,$0.03B,$1.21B,2.47%,$0.03B,$3.85B,0.72%,$0.11B,$3.65B,3.21%,$85,$43,$42,$0,$11,$69,$16,$-12,$4,$0,$4,$3,$11,$55,$16,$60,60,$0.18,$0.18,$33,$0,$0,$131,$3445,$0,$114,$94,$3714,$3845,$100,$2324,$98,$2422,$2521,$1,$-282,$-4,$1323,$3845,$46,$138,$-2,$135,$-7,$0,$0,$3,$-24,$156,$-275,$0,$-146,$0,$0,$0,$-57,$-479,$209,$0,$209,$246,$246,$-110,$-21,$325,$2,$12,$-94
32,2010-09-30,22.43,$18.34,1.22,$9.58,2.34,$-1.94,0.0,$0.33,67.96,$0.13B,$0.09B,1.45,$2.47B,$1.09B,2.27,$0.56B,$0.25B,44.88%,$0.56B,$0.12B,21.36%,$0.56B,$0.12B,21.36%,$0.56B,$0.25B,44.70%,$0.56B,$0.03B,4.49%,$0.56B,$0.02B,3.59%,$0.02B,$1.09B,1.80%,$0.02B,$0.97B,1.99%,$0.02B,$3.74B,0.57%,$0.12B,$3.56B,3.59%,$125,$56,$68,$0,$6,$95,$30,$-26,$4,$0,$4,$5,$5,$66,$30,$59,59,$0.08,$0.08,$33,$0,$0,$129,$3349,$0,$123,$80,$3609,$3737,$88,$2468,$91,$2559,$2648,$1,$-266,$-5,$1090,$3737,$29,$98,$5,$103,$-5,$0,$0,$0,$-36,$96,$-213,$0,$-103,$0,$0,$0,$-33,$-349,$355,$0,$355,$1,$1,$-87,$-11,$257,$3,$9,$-87
33,2010-06-30,22.21,$18.75,1.18,$10.90,2.04,$-0.10,0.0,$0.43,51.66,$0.12B,$0.08B,1.41,$2.18B,$1.11B,1.96,$0.63B,$0.25B,39.46%,$0.63B,$0.12B,19.49%,$0.63B,$0.12B,19.49%,$0.63B,$0.25B,38.99%,$0.63B,$0.04B,5.86%,$0.63B,$0.03B,3.96%,$0.03B,$1.11B,2.23%,$0.03B,$1.02B,2.43%,$0.03B,$3.47B,0.74%,$0.12B,$3.29B,3.87%,$133,$65,$68,$0,$6,$100,$33,$-25,$8,$0,$8,$8,$4,$66,$33,$58,59,$0.07,$0.07,$31,$0,$0,$119,$3131,$0,$96,$66,$3348,$3467,$84,$2182,$89,$2272,$2356,$1,$-246,$-4,$1112,$3467,$20,$63,$5,$67,$22,$0,$0,$-4,$-9,$79,$-90,$0,$-40,$0,$-5,$-5,$-21,$-156,$144,$0,$144,$-1,$-1,$-58,$-7,$79,$2,$6,$-58
34,2010-03-31,23.14,$18.85,1.23,$12.29,1.88,$0.57,40.78,$0.58,39.89,$0.12B,$0.09B,1.35,$2.11B,$1.11B,1.9,$0.71B,$0.25B,35.55%,$0.71B,$0.13B,17.71%,$0.71B,$0.13B,17.71%,$0.71B,$0.25B,34.84%,$0.71B,$0.05B,6.66%,$0.71B,$0.03B,4.82%,$0.03B,$1.11B,3.01%,$0.03B,$1.02B,3.27%,$0.03B,$3.40B,1.03%,$0.13B,$3.22B,4.03%,$150,$85,$65,$0,$6,$118,$31,$-21,$10,$0,$10,$10,$6,$61,$31,$58,58,$0.10,$0.10,$29,$0,$0,$117,$3065,$0,$95,$68,$3281,$3398,$87,$2107,$94,$2201,$2288,$1,$-227,$-3,$1111,$3398,$11,$30,$2,$32,$1,$0,$0,$17,$-7,$36,$-41,$0,$0,$0,$0,$0,$-14,$-55,$52,$0,$52,$-2,$-2,$-29,$-0,$22,$2,$3,$-29
35,2009-12-31,20.72,$19.21,1.08,$13.18,1.57,$1.14,18.22,$0.71,29.19,$0.11B,$0.12B,0.98,$2.05B,$1.12B,1.83,$0.74B,$0.26B,34.60%,$0.74B,$0.13B,17.64%,$0.74B,$0.13B,17.64%,$0.74B,$0.25B,33.92%,$0.74B,$0.06B,7.46%,$0.74B,$0.04B,5.43%,$0.04B,$1.12B,3.57%,$0.04B,$1.02B,3.87%,$0.04B,$3.38B,1.24%,$0.13B,$3.17B,4.29%,$149,$100,$49,$0,$6,$124,$25,$-22,$3,$0,$3,$4,$5,$56,$25,$56,56,$0.07,$0.07,$25,$0,$0,$114,$3030,$0,$101,$84,$3266,$3380,$116,$2054,$89,$2143,$2259,$1,$-210,$-2,$1121,$3380,$61,$119,$4,$124,$-5,$0,$0,$-1,$10,$195,$-176,$0,$-45,$0,$0,$0,$-128,$-349,$192,$0,$192,$75,$75,$-110,$-1,$156,$1,$11,$-110
36,2009-09-30,20.44,$19.51,1.05,$13.94,1.47,$-0.62,0.0,$0.97,21.07,$0.11B,$0.11B,0.98,$1.90B,$1.14B,1.67,$0.75B,$0.27B,35.94%,$0.75B,$0.14B,18.17%,$0.75B,$0.14B,18.17%,$0.75B,$0.26B,33.82%,$0.75B,$0.07B,9.55%,$0.75B,$0.05B,6.63%,$0.05B,$1.14B,4.50%,$0.05B,$1.06B,4.87%,$0.05B,$3.23B,1.58%,$0.14B,$3.03B,4.61%,$199,$132,$67,$0,$6,$165,$34,$-18,$16,$0,$16,$15,$10,$63,$34,$57,58,$0.18,$0.18,$27,$0,$0,$111,$2869,$0,$76,$123,$3120,$3231,$113,$1898,$83,$1981,$2094,$1,$-192,$-2,$1136,$3231,$52,$88,$4,$92,$-24,$0,$0,$3,$-6,$138,$-146,$0,$0,$0,$-3,$-3,$-12,$-161,$39,$0,$39,$74,$74,$-81,$-6,$26,$3,$8,$-81
37,2009-06-30,15.92,$19.76,0.81,$14.47,1.1,$-1.76,0.0,$0.98,16.24,$0.11B,$0.14B,0.78,$1.83B,$1.15B,1.6,$0.75B,$0.27B,36.46%,$0.75B,$0.14B,18.63%,$0.75B,$0.14B,18.63%,$0.75B,$0.26B,34.18%,$0.75B,$0.07B,9.38%,$0.75B,$0.05B,6.43%,$0.05B,$1.15B,4.53%,$0.05B,$1.07B,4.95%,$0.05B,$3.20B,1.53%,$0.14B,$2.98B,4.77%,$208,$138,$70,$0,$6,$173,$35,$-17,$18,$0,$18,$18,$13,$66,$35,$57,57,$0.22,$0.22,$30,$0,$0,$111,$2854,$0,$81,$104,$3088,$3199,$143,$1832,$78,$1910,$2052,$1,$-180,$-1,$1146,$3199,$36,$59,$3,$62,$-3,$0,$0,$-5,$30,$128,$-102,$0,$0,$0,$0,$0,$-11,$-113,$-27,$0,$-27,$72,$72,$-53,$-3,$-11,$5,$5,$-53
38,2009-03-31,13.14,$19.80,0.66,$13.34,0.98,$-3.02,0.0,$0.94,13.98,$0.11B,$0.11B,0.96,$1.87B,$1.08B,1.74,$0.66B,$0.27B,40.43%,$0.66B,$0.14B,20.82%,$0.66B,$0.14B,20.82%,$0.66B,$0.25B,37.84%,$0.66B,$0.07B,9.88%,$0.66B,$0.04B,6.53%,$0.04B,$1.08B,4.41%,$0.04B,$0.99B,4.88%,$0.04B,$3.14B,1.39%,$0.14B,$2.95B,4.81%,$181,$112,$69,$0,$6,$145,$36,$-18,$18,$0,$18,$18,$12,$65,$36,$52,52,$0.23,$0.23,$28,$0,$0,$106,$2809,$0,$86,$89,$3031,$3137,$111,$1869,$81,$1950,$2061,$1,$-171,$-3,$1077,$3137,$18,$29,$2,$31,$-0,$0,$0,$6,$19,$68,$-43,$0,$0,$0,$0,$0,$-3,$-46,$11,$0,$11,$-2,$-2,$-26,$1,$-16,$6,$3,$-26
39,2008-12-31,15.77,$20.90,0.75,$12.15,1.3,$-3.10,0.0,$0.86,18.33,$0.10B,$0.09B,1.05,$1.86B,$1.08B,1.72,$0.59B,$0.26B,44.44%,$0.59B,$0.13B,22.74%,$0.59B,$0.13B,22.74%,$0.59B,$0.24B,41.37%,$0.59B,$0.06B,9.74%,$0.59B,$0.04B,6.50%,$0.04B,$1.08B,4.17%,$0.04B,$0.99B,4.68%,$0.04B,$3.11B,1.25%,$0.13B,$2.94B,4.79%,$166,$101,$65,$0,$6,$134,$32,$-12,$20,$0,$20,$20,$15,$61,$32,$48,49,$0.29,$0.28,$21,$0,$0,$98,$2778,$0,$92,$94,$3016,$3114,$94,$1857,$81,$1938,$2032,$1,$-163,$-5,$1082,$3114,$61,$111,$-7,$104,$1,$0,$0,$-16,$16,$181,$-251,$0,$0,$0,$-6,$-6,$-34,$-291,$53,$0,$53,$140,$140,$-96,$-6,$92,$-18,$9,$-96
40,2008-09-30,20.15,$18.10,1.11,$10.81,1.86,$-5.76,0.0,$0.64,31.49,$0.11B,$0.09B,1.2,$1.86B,$0.93B,1.99,$0.52B,$0.25B,49.13%,$0.52B,$0.13B,24.95%,$0.52B,$0.13B,24.95%,$0.52B,$0.24B,46.62%,$0.52B,$0.04B,8.32%,$0.52B,$0.03B,5.03%,$0.03B,$0.93B,3.07%,$0.03B,$0.83B,3.50%,$0.03B,$3.10B,0.87%,$0.13B,$2.79B,4.77%,$191,$124,$68,$0,$6,$155,$36,$-22,$14,$0,$14,$14,$8,$63,$36,$47,48,$0.17,$0.17,$37,$0,$0,$112,$2737,$0,$98,$100,$2988,$3100,$94,$1856,$76,$2074,$2167,$1,$-153,$-2,$933,$3100,$40,$81,$2,$83,$-24,$0,$0,$-5,$3,$126,$-187,$0,$0,$0,$0,$0,$-37,$-225,$31,$0,$31,$140,$140,$-69,$-6,$95,$-3,$7,$-69
41,2008-06-30,16.84,$17.03,0.99,$9.04,1.86,$-8.60,0.0,$0.60,28.06,$0.12B,$0.08B,1.44,$1.90B,$0.81B,2.35,$0.43B,$0.25B,57.77%,$0.43B,$0.12B,28.77%,$0.43B,$0.12B,28.77%,$0.43B,$0.24B,54.76%,$0.43B,$0.04B,9.05%,$0.43B,$0.03B,5.80%,$0.03B,$0.81B,3.05%,$0.03B,$0.71B,3.51%,$0.03B,$3.01B,0.85%,$0.12B,$2.72B,4.65%,$120,$56,$64,$0,$6,$87,$33,$-21,$13,$-0,$13,$13,$8,$60,$33,$47,48,$0.17,$0.17,$36,$0,$0,$119,$2701,$0,$104,$38,$2892,$3010,$83,$1904,$81,$2116,$2198,$0,$-142,$-3,$812,$3010,$26,$53,$-0,$53,$-4,$0,$0,$5,$5,$84,$-121,$0,$0,$0,$0,$0,$-5,$-126,$79,$0,$79,$0,$0,$-46,$-2,$31,$-12,$5,$-46
42,2008-03-31,16.16,$17.11,0.94,$8.66,1.87,$-11.56,0.0,$0.50,32.32,$0.13B,$0.07B,1.97,$1.85B,$0.82B,2.27,$0.41B,$0.25B,59.81%,$0.41B,$0.12B,29.30%,$0.41B,$0.12B,29.30%,$0.41B,$0.23B,56.42%,$0.41B,$0.04B,8.47%,$0.41B,$0.02B,5.08%,$0.02B,$0.82B,2.54%,$0.02B,$0.71B,2.94%,$0.02B,$2.94B,0.72%,$0.12B,$2.66B,4.60%,$108,$45,$63,$0,$6,$76,$32,$-22,$10,$0,$10,$10,$7,$58,$32,$47,48,$0.14,$0.14,$54,$0,$0,$130,$2617,$0,$103,$38,$2806,$2937,$66,$1846,$81,$2056,$2122,$0,$-135,$-4,$815,$2937,$12,$27,$-2,$25,$2,$0,$0,$3,$6,$43,$-24,$0,$0,$0,$0,$0,$-3,$-27,$20,$0,$20,$-1,$-1,$-23,$1,$-3,$13,$2,$-23
43,2007-12-31,14.85,$17.37,0.85,$8.50,1.75,$-15.19,0.0,$0.38,39.07,$0.12B,$0.08B,1.57,$1.83B,$0.82B,2.22,$0.40B,$0.24B,59.90%,$0.40B,$0.12B,28.71%,$0.40B,$0.12B,28.71%,$0.40B,$0.23B,56.68%,$0.40B,$0.03B,7.67%,$0.40B,$0.02B,3.96%,$0.02B,$0.82B,1.92%,$0.02B,$0.71B,2.25%,$0.02B,$2.93B,0.56%,$0.12B,$2.65B,4.45%,$98,$39,$59,$0,$4,$70,$28,$-22,$6,$0,$6,$8,$3,$60,$28,$47,48,$0.07,$0.07,$40,$0,$0,$118,$2604,$0,$109,$52,$2814,$2932,$76,$1826,$78,$2034,$2109,$0,$-126,$-2,$823,$2932,$36,$113,$-2,$111,$-15,$0,$0,$10,$-9,$138,$-333,$0,$0,$0,$3,$3,$2,$-328,$288,$0,$288,$-0,$7,$-85,$-3,$207,$17,$7,$-85
44,2007-09-30,19.2,$17.59,1.09,$8.50,2.26,$-14.10,0.0,$0.34,56.49,$0.11B,$0.08B,1.38,$1.80B,$0.83B,2.16,$0.40B,$0.23B,58.99%,$0.40B,$0.11B,28.86%,$0.40B,$0.11B,28.86%,$0.40B,$0.22B,54.43%,$0.40B,$0.03B,8.10%,$0.40B,$0.02B,4.30%,$0.02B,$0.83B,2.14%,$0.02B,$0.72B,2.50%,$0.02B,$2.92B,0.62%,$0.11B,$2.63B,4.58%,$105,$42,$63,$0,$6,$74,$31,$-22,$10,$0,$9,$8,$7,$58,$31,$47,48,$0.16,$0.15,$39,$0,$0,$110,$2585,$0,$116,$58,$2806,$2916,$80,$1800,$72,$2003,$2083,$0,$-116,$-1,$833,$2916,$25,$82,$3,$85,$-4,$0,$0,$-6,$-14,$96,$-292,$0,$-1,$0,$3,$3,$4,$-287,$263,$0,$263,$7,$7,$-62,$-2,$206,$14,$5,$-62
45,2007-06-30,18.61,$17.77,1.05,$8.40,2.22,$-12.31,0.0,$0.52,35.79,$0.10B,$0.06B,1.66,$1.75B,$0.84B,2.09,$0.38B,$0.22B,58.38%,$0.38B,$0.11B,28.80%,$0.38B,$0.11B,28.80%,$0.38B,$0.21B,53.93%,$0.38B,$0.03B,8.12%,$0.38B,$0.02B,6.28%,$0.02B,$0.84B,3.14%,$0.02B,$0.71B,3.66%,$0.02B,$2.86B,0.92%,$0.11B,$2.59B,4.66%,$102,$40,$62,$0,$5,$72,$30,$-20,$9,$0,$9,$8,$4,$57,$30,$47,48,$0.08,$0.08,$36,$0,$0,$102,$2525,$0,$124,$57,$2753,$2855,$62,$1752,$72,$1955,$2017,$0,$-107,$-0,$838,$2855,$13,$55,$3,$58,$2,$0,$0,$-4,$-7,$65,$-244,$0,$0,$0,$0,$0,$8,$-236,$215,$0,$215,$6,$6,$-41,$-2,$178,$7,$3,$-41
46,2007-03-31,20.43,$17.82,1.15,$8.22,2.48,$-10.85,0.0,$0.57,35.84,$0.11B,$0.06B,1.8,$1.72B,$0.84B,2.05,$0.37B,$0.21B,57.81%,$0.37B,$0.11B,29.59%,$0.37B,$0.11B,29.59%,$0.37B,$0.20B,53.70%,$0.37B,$0.03B,8.77%,$0.37B,$0.03B,6.85%,$0.03B,$0.84B,3.47%,$0.03B,$0.70B,4.05%,$0.03B,$2.82B,1.01%,$0.11B,$2.55B,4.84%,$99,$41,$58,$0,$5,$72,$27,$-21,$6,$0,$6,$5,$2,$54,$27,$46,47,$0.03,$0.03,$41,$0,$0,$110,$2474,$0,$132,$53,$2705,$2815,$61,$1715,$73,$1918,$1979,$0,$-97,$-1,$835,$2815,$6,$27,$2,$29,$-1,$0,$0,$7,$1,$36,$-188,$0,$0,$0,$0,$0,$4,$-184,$178,$0,$178,$5,$5,$-20,$-1,$162,$14,$1,$-20
47,2006-12-31,22.27,$15.72,1.42,$8.18,2.72,$-7.15,0.0,$0.69,32.27,$0.13B,$0.07B,1.89,$1.50B,$0.67B,2.22,$0.35B,$0.20B,57.39%,$0.35B,$0.11B,30.40%,$0.35B,$0.11B,30.40%,$0.35B,$0.19B,53.13%,$0.35B,$0.04B,9.94%,$0.35B,$0.03B,8.24%,$0.03B,$0.67B,4.42%,$0.03B,$0.59B,5.13%,$0.03B,$2.42B,1.26%,$0.11B,$2.17B,5.14%,$89,$40,$50,$0,$6,$64,$26,$-18,$7,$0,$7,$6,$4,$46,$26,$41,43,$0.09,$0.08,$61,$0,$0,$129,$2111,$0,$87,$48,$2291,$2420,$68,$1499,$62,$1677,$1745,$0,$-84,$-1,$674,$2420,$49,$81,$-7,$74,$-28,$0,$0,$4,$-10,$113,$-244,$0,$-5,$0,$2,$2,$-7,$-254,$111,$0,$111,$89,$107,$-73,$-6,$138,$-3,$4,$-73
