,Date,Stock Price,Book Value per Share,Price to Book Ratio,TTM Sales per Share,Price to Sales Ratio,TTM FCF per Share,Price to FCF Ratio,TTM Net EPS,PE Ratio,Current Assets,Current Liabilities,Current Ratio,Long Term Debt,Shareholder's Equity_x,Debt to Equity Ratio,TTM Revenue_x,TTM Gross Profit,Gross Margin,TTM Revenue_y,TTM Operating Income,Operating Margin,TTM Revenue_x,TTM EBIT,EBIT Margin,TTM Revenue_y,TTM EBITDA,EBITDA Margin,TTM Revenue_x,TTM Pre-Tax Income,Pre-Tax Margin,TTM Revenue_y,TTM Net Income_x,Net Margin,TTM Net Income_y,Shareholder's Equity_y,Return on Equity,TTM Net Income_x,Tangible Equity,Return on Tangible Equity,TTM Net Income_y,Total Assets,Return on Assets,TTM Net Income,LT Investments & Debt,Return on Investment,revenue,cost-goods-sold,gross-profit,research-development-expenses,selling-general-administrative-expenses,operating-expenses,operating-income,total-non-operating-income-expense,pre-tax-income,total-provision-income-taxes,income-after-taxes,income-from-continuous-operations,net-income,ebitda,ebit,basic-shares-outstanding,shares-outstanding,eps-basic-net-earnings-per-share,eps-earnings-per-share-diluted,cash-on-hand,inventory,other-current-assets,total-current-assets,net-property-plant-equipment,long-term-investments,goodwill-intangible-assets-total,other-long-term-assets,total-long-term-assets,total-assets,total-current-liabilities,long-term-debt,other-non-current-liabilities,total-long-term-liabilities,total-liabilities,common-stock-net,retained-earnings-accumulated-deficit,comprehensive-income,total-share-holder-equity,total-liabilities-share-holders-equity,net-income-loss,total-depreciation-amortization-cash-flow,other-non-cash-items,total-non-cash-items,change-in-accounts-receivable,change-in-inventories,change-in-accounts-payable,change-in-assets-liabilities,total-change-in-assets-liabilities,cash-flow-from-operating-activities,net-change-in-property-plant-equipment,net-change-in-intangible-assets,net-acquisitions-divestitures,net-change-in-short-term-investments,net-change-in-long-term-investments,net-change-in-investments-total,investing-activities-other,cash-flow-from-investing-activities,net-long-term-debt,net-current-debt,debt-issuance-retirement-net-total,net-common-equity-issued-repurchased,net-total-equity-issued-repurchased,total-common-preferred-stock-dividends-paid,financial-activities-other,cash-flow-from-financial-activities,net-cash-flow,stock-based-compensation,common-stock-dividends-paid
0,2018-09-30,32.77,$18.86,1.74,$4.24,7.73,$1.50,21.81,$1.12,29.26,$1.06B,$0.25B,4.17,$4.59B,$3.79B,1.21,$0.88B,$0.88B,100.00%,$0.88B,$0.44B,50.06%,$0.88B,$0.44B,50.06%,$0.88B,$0.71B,80.07%,$0.88B,$0.30B,33.52%,$0.88B,$0.28B,31.94%,$0.28B,$3.79B,7.33%,$0.28B,$3.14B,8.80%,$0.28B,$8.64B,3.24%,$0.44B,$8.37B,5.25%,$222,$0,$222,$0,$14,$106,$116,$-57,$59,$1,$59,$59,$57,$187,$116,$201,210,$0.28,$0.28,$11,$0,$0,$1056,$6185,$0,$644,$739,$7586,$8642,$254,$4588,$0,$4602,$4856,$20,$-1538,$-32,$3786,$8642,$229,$210,$35,$245,$2,$0,$0,$-128,$-126,$348,$-176,$0,$0,$0,$51,$51,$-25,$-151,$-2,$70,$68,$27,$27,$-396,$17,$-283,$-86,$12,$-396
1,2018-06-30,30.32,$19.24,1.58,$4.25,7.14,$0.62,48.83,$0.45,67.37,$1.04B,$0.26B,4.03,$4.45B,$3.85B,1.15,$0.88B,$0.88B,100.00%,$0.88B,$0.24B,27.01%,$0.88B,$0.24B,27.01%,$0.88B,$0.50B,57.09%,$0.88B,$0.10B,11.35%,$0.88B,$0.09B,10.56%,$0.09B,$3.85B,2.39%,$0.09B,$3.21B,2.87%,$0.09B,$8.57B,1.06%,$0.24B,$8.30B,2.81%,$220,$0,$220,$0,$15,$84,$136,$-52,$83,$1,$83,$82,$79,$205,$136,$199,208,$0.39,$0.39,$14,$0,$0,$1037,$6096,$0,$644,$793,$7537,$8574,$257,$4448,$0,$4463,$4720,$20,$-1462,$-30,$3854,$8574,$170,$139,$7,$146,$2,$0,$0,$-100,$-99,$217,$-135,$0,$0,$0,$150,$150,$-21,$-6,$-2,$-70,$-72,$28,$28,$-263,$14,$-294,$-83,$8,$-263
2,2018-03-31,25.79,$19.49,1.32,$4.33,5.95,$0.57,45.41,$0.39,66.12,$1.05B,$0.26B,4.01,$4.64B,$3.87B,1.2,$0.90B,$0.90B,100.00%,$0.90B,$0.24B,27.09%,$0.90B,$0.24B,27.09%,$0.90B,$0.52B,57.86%,$0.90B,$0.09B,9.48%,$0.90B,$0.08B,8.81%,$0.08B,$3.87B,1.99%,$0.08B,$3.23B,2.38%,$0.08B,$8.79B,0.89%,$0.24B,$8.51B,2.84%,$220,$0,$220,$0,$16,$100,$121,$-32,$89,$1,$88,$88,$84,$191,$121,$199,208,$0.42,$0.42,$79,$0,$0,$1052,$6191,$0,$645,$761,$7740,$8793,$263,$4644,$0,$4660,$4922,$20,$-1409,$-16,$3870,$8793,$88,$70,$-3,$67,$-5,$0,$0,$-97,$-102,$53,$-61,$0,$0,$0,$39,$39,$21,$-1,$-0,$65,$65,$-2,$-2,$-131,$-1,$-70,$-18,$4,$-131
3,2017-12-31,25.62,$19.61,1.31,$4.40,5.83,$1.00,25.6,$0.50,51.24,$1.05B,$0.30B,3.55,$4.57B,$3.89B,1.18,$0.91B,$0.91B,100.00%,$0.91B,$0.26B,28.71%,$0.91B,$0.26B,28.71%,$0.91B,$0.54B,59.08%,$0.91B,$0.11B,11.66%,$0.91B,$0.10B,10.89%,$0.10B,$3.89B,2.44%,$0.10B,$3.24B,2.90%,$0.10B,$8.77B,1.12%,$0.26B,$8.46B,3.06%,$221,$0,$221,$0,$12,$152,$69,$-4,$65,$1,$65,$65,$62,$124,$69,$198,207,$0.32,$0.32,$97,$0,$0,$1047,$6279,$0,$645,$715,$7726,$8773,$295,$4572,$0,$4590,$4885,$20,$-1371,$-30,$3888,$8773,$105,$276,$285,$561,$-37,$0,$0,$-51,$-88,$578,$-510,$0,$2,$0,$241,$241,$-18,$-285,$94,$71,$165,$22,$22,$-503,$12,$-304,$-10,$15,$-503
4,2017-09-30,29.07,$19.91,1.46,$4.49,6.47,$-1.53,0.0,$0.82,35.46,$0.97B,$0.29B,3.4,$4.65B,$3.94B,1.18,$0.92B,$0.92B,100.00%,$0.92B,$0.34B,36.77%,$0.92B,$0.34B,36.77%,$0.92B,$0.63B,68.00%,$0.92B,$0.17B,18.55%,$0.92B,$0.16B,17.46%,$0.16B,$3.94B,3.89%,$0.16B,$3.30B,4.61%,$0.16B,$8.89B,1.81%,$0.34B,$8.59B,3.95%,$220,$0,$220,$0,$12,$308,$-88,$-49,$-137,$1,$-138,$-138,$-132,$-17,$-88,$198,207,$-0.67,$-0.67,$35,$0,$0,$971,$6545,$0,$645,$713,$7919,$8891,$286,$4645,$0,$4662,$4948,$20,$-1304,$-35,$3943,$8891,$40,$221,$243,$464,$-35,$0,$0,$-41,$-77,$427,$-440,$0,$2,$0,$55,$55,$-17,$-400,$94,$175,$269,$22,$22,$-373,$-18,$-100,$-72,$11,$-373
5,2017-06-30,29.48,$21.17,1.39,$4.53,6.51,$-4.30,0.0,$1.89,15.6,$0.99B,$0.32B,3.04,$4.43B,$4.18B,1.06,$0.93B,$0.93B,100.00%,$0.93B,$0.55B,59.44%,$0.93B,$0.55B,59.44%,$0.93B,$0.83B,89.97%,$0.93B,$0.39B,42.07%,$0.93B,$0.37B,40.13%,$0.37B,$4.18B,8.87%,$0.37B,$3.53B,10.48%,$0.37B,$8.95B,4.17%,$0.55B,$8.61B,6.42%,$236,$0,$236,$0,$12,$95,$141,$-73,$68,$1,$68,$68,$65,$221,$141,$197,207,$0.33,$0.33,$33,$0,$0,$985,$6364,$0,$644,$935,$7962,$8947,$324,$4430,$0,$4448,$4771,$20,$-1046,$-42,$4176,$8947,$177,$149,$16,$166,$-33,$0,$0,$-45,$-79,$264,$-194,$0,$2,$0,$70,$70,$-15,$-136,$95,$-63,$31,$7,$7,$-247,$6,$-203,$-74,$7,$-247
6,2017-03-31,28.91,$21.42,1.35,$4.54,6.37,$-6.58,0.0,$2.13,13.57,$0.97B,$0.32B,3.06,$4.30B,$4.22B,1.02,$0.92B,$0.92B,100.00%,$0.92B,$0.55B,60.00%,$0.92B,$0.55B,60.00%,$0.92B,$0.82B,89.13%,$0.92B,$0.44B,47.39%,$0.92B,$0.42B,45.11%,$0.42B,$4.22B,9.94%,$0.42B,$3.57B,11.75%,$0.42B,$8.84B,4.69%,$0.55B,$8.52B,6.50%,$232,$0,$232,$0,$13,$93,$139,$-30,$110,$1,$108,$109,$104,$209,$139,$197,206,$0.53,$0.53,$53,$0,$0,$970,$6276,$0,$644,$930,$7872,$8842,$317,$4301,$0,$4311,$4628,$20,$-986,$-48,$4215,$8842,$109,$69,$3,$72,$-21,$0,$0,$-47,$-69,$113,$-31,$0,$0,$0,$45,$45,$3,$16,$-0,$-68,$-68,$5,$5,$-122,$2,$-184,$-55,$4,$-122
7,2016-12-31,26.87,$21.47,1.25,$4.49,5.99,$-8.56,0.0,$1.89,14.22,$0.99B,$0.36B,2.74,$4.37B,$4.21B,1.04,$0.90B,$0.90B,100.00%,$0.90B,$0.51B,56.60%,$0.90B,$0.51B,56.60%,$0.90B,$0.76B,84.68%,$0.90B,$0.38B,42.62%,$0.90B,$0.37B,40.73%,$0.37B,$4.21B,8.87%,$0.37B,$3.57B,10.51%,$0.37B,$8.95B,4.18%,$0.51B,$8.58B,6.05%,$234,$0,$234,$0,$11,$88,$147,$-17,$130,$1,$129,$130,$124,$214,$147,$192,202,$0.64,$0.64,$107,$0,$0,$987,$6326,$0,$643,$940,$7963,$8949,$361,$4367,$0,$4377,$4737,$20,$-968,$-54,$4212,$8949,$383,$253,$31,$284,$-5,$0,$0,$-38,$-42,$625,$-1069,$0,$0,$0,$-57,$-57,$13,$-1114,$867,$-52,$815,$20,$20,$-453,$195,$576,$87,$14,$-453
8,2016-09-30,29.89,$21.40,1.4,$4.49,6.66,$-6.55,0.0,$1.57,19.04,$0.89B,$0.36B,2.47,$4.43B,$4.18B,1.06,$0.88B,$0.88B,100.00%,$0.88B,$0.49B,55.58%,$0.88B,$0.49B,55.58%,$0.88B,$0.71B,81.09%,$0.88B,$0.32B,36.22%,$0.88B,$0.30B,34.62%,$0.30B,$4.18B,7.40%,$0.30B,$3.53B,8.78%,$0.30B,$8.98B,3.56%,$0.49B,$8.61B,5.95%,$225,$0,$225,$0,$12,$100,$124,$-42,$82,$0,$82,$82,$79,$190,$124,$194,204,$0.40,$0.40,$45,$0,$0,$894,$6408,$0,$644,$945,$8088,$8982,$362,$4434,$0,$4446,$4807,$20,$-973,$-52,$4175,$8982,$253,$185,$53,$238,$0,$0,$0,$-34,$-34,$457,$-1035,$0,$0,$0,$-130,$-130,$30,$-1135,$867,$-7,$860,$0,$0,$-334,$178,$705,$27,$10,$-334
9,2016-06-30,28.13,$21.54,1.31,$4.42,6.36,$-4.38,0.0,$1.60,17.58,$0.89B,$0.33B,2.69,$4.16B,$4.10B,1.02,$0.86B,$0.86B,100.00%,$0.86B,$0.49B,57.31%,$0.86B,$0.49B,57.31%,$0.86B,$0.71B,82.92%,$0.86B,$0.32B,37.43%,$0.86B,$0.30B,35.56%,$0.30B,$4.10B,7.45%,$0.30B,$3.46B,8.79%,$0.30B,$8.61B,3.60%,$0.49B,$8.26B,6.03%,$229,$0,$229,$0,$12,$87,$142,$-29,$114,$0,$113,$113,$108,$207,$142,$189,199,$0.57,$0.57,$47,$0,$0,$886,$6157,$0,$644,$867,$7721,$8606,$329,$4162,$0,$4175,$4505,$19,$-935,$-46,$4102,$8606,$171,$120,$35,$155,$1,$0,$0,$-41,$-40,$287,$-672,$0,$0,$0,$70,$70,$-107,$-709,$349,$236,$586,$0,$0,$-217,$81,$450,$28,$6,$-217
10,2016-03-31,28.76,$21.54,1.34,$4.29,6.7,$-2.54,0.0,$1.25,23.01,$0.89B,$0.33B,2.71,$4.22B,$4.05B,1.04,$0.82B,$0.82B,100.00%,$0.82B,$0.42B,51.21%,$0.82B,$0.42B,51.21%,$0.82B,$0.64B,77.06%,$0.82B,$0.25B,30.34%,$0.82B,$0.24B,28.76%,$0.24B,$4.05B,5.82%,$0.24B,$3.41B,6.82%,$0.24B,$8.62B,2.87%,$0.42B,$8.27B,5.32%,$213,$0,$213,$0,$10,$116,$97,$-38,$58,$0,$58,$58,$56,$152,$97,$188,198,$0.30,$0.29,$22,$0,$0,$891,$6022,$0,$646,$984,$7725,$8615,$329,$4219,$0,$4234,$4563,$19,$-934,$-22,$4053,$8615,$58,$55,$43,$98,$1,$0,$0,$-29,$-29,$127,$-442,$0,$0,$0,$-112,$-112,$-120,$-674,$350,$296,$646,$-2,$-2,$-108,$14,$551,$4,$3,$-108
11,2015-12-31,28.0,$21.88,1.28,$4.21,6.65,$-0.31,0.0,$1.28,21.87,$0.90B,$0.33B,2.71,$3.54B,$4.10B,0.86,$0.74B,$0.74B,100.00%,$0.74B,$0.41B,55.24%,$0.74B,$0.41B,55.24%,$0.74B,$0.61B,81.85%,$0.74B,$0.24B,31.59%,$0.74B,$0.22B,30.11%,$0.22B,$4.10B,6.39%,$0.22B,$3.46B,7.30%,$0.22B,$7.99B,3.09%,$0.41B,$7.64B,5.90%,$211,$0,$211,$0,$12,$86,$125,$-61,$64,$0,$64,$64,$61,$163,$125,$172,181,$0.32,$0.32,$20,$0,$0,$904,$5725,$0,$646,$709,$7086,$7990,$334,$3540,$0,$3555,$3889,$19,$-882,$-9,$4101,$7990,$233,$197,$51,$248,$0,$0,$0,$-32,$-32,$449,$-485,$0,$85,$0,$15,$15,$-13,$-397,$-349,$90,$-259,$439,$439,$-358,$113,$-65,$-14,$11,$-358
12,2015-09-30,27.69,$21.98,1.26,$4.07,6.8,$1.36,20.39,$1.41,19.64,$0.91B,$0.27B,3.4,$4.25B,$4.07B,1.04,$0.66B,$0.66B,100.00%,$0.66B,$0.38B,57.08%,$0.66B,$0.38B,57.08%,$0.66B,$0.57B,85.84%,$0.66B,$0.23B,34.79%,$0.66B,$0.22B,33.13%,$0.22B,$4.07B,7.78%,$0.22B,$3.51B,8.61%,$0.22B,$8.59B,3.53%,$0.38B,$8.31B,6.31%,$202,$0,$202,$0,$10,$76,$126,$-42,$84,$0,$83,$83,$79,$187,$126,$185,195,$0.43,$0.43,$39,$0,$0,$911,$5765,$0,$555,$1352,$7682,$8593,$268,$4245,$0,$4261,$4529,$18,$-837,$-4,$4065,$8593,$170,$159,$4,$163,$0,$0,$0,$-10,$-10,$323,$-452,$0,$85,$0,$23,$23,$-7,$-351,$-615,$434,$-181,$440,$440,$-253,$33,$39,$11,$7,$-253
13,2015-06-30,26.64,$22.24,1.2,$4.06,6.57,$3.57,7.46,$1.46,18.24,$0.92B,$0.27B,3.38,$3.45B,$4.08B,0.85,$0.59B,$0.59B,100.00%,$0.59B,$0.35B,58.18%,$0.59B,$0.35B,58.18%,$0.59B,$0.50B,84.99%,$0.59B,$0.21B,35.24%,$0.59B,$0.20B,34.23%,$0.20B,$4.08B,9.38%,$0.20B,$3.53B,10.01%,$0.20B,$7.81B,4.02%,$0.35B,$7.53B,7.11%,$198,$0,$198,$0,$10,$123,$74,$-30,$44,$1,$43,$43,$41,$133,$74,$183,194,$0.23,$0.22,$47,$0,$0,$918,$5615,$0,$543,$722,$6896,$7814,$272,$3448,$0,$3465,$3736,$18,$-815,$3,$4077,$7814,$87,$98,$1,$99,$1,$0,$0,$6,$7,$193,$-211,$0,$85,$0,$4,$4,$-3,$-125,$-598,$240,$-358,$433,$433,$-151,$28,$-48,$21,$4,$-151
14,2015-03-31,31.33,$12.76,2.45,$3.99,7.84,$4.73,6.62,$1.61,19.46,$1.56B,$0.20B,7.79,$2.63B,$1.77B,1.48,$0.52B,$0.52B,100.00%,$0.52B,$0.35B,67.89%,$0.52B,$0.35B,67.89%,$0.52B,$0.48B,93.62%,$0.52B,$0.21B,41.01%,$0.52B,$0.21B,40.43%,$0.21B,$1.77B,14.02%,$0.21B,$1.77B,14.02%,$0.21B,$4.60B,5.14%,$0.35B,$4.40B,8.98%,$133,$0,$133,$0,$6,$47,$86,$-43,$43,$0,$43,$43,$43,$126,$86,$134,135,$0.32,$0.32,$728,$0,$0,$1555,$2381,$0,$0,$646,$3043,$4598,$200,$2627,$0,$2627,$2827,$14,$-823,$0,$1771,$4598,$43,$40,$4,$44,$-0,$0,$0,$16,$16,$103,$-18,$0,$0,$0,$2,$2,$-3,$-19,$342,$-106,$236,$440,$440,$-68,$4,$611,$696,$2,$-68
15,2014-12-31,29.55,$10.98,2.69,$3.97,7.44,$4.66,6.34,$1.74,16.98,$0.85B,$0.14B,5.99,$2.38B,$1.40B,1.7,$0.51B,$0.51B,100.00%,$0.51B,$0.35B,68.91%,$0.51B,$0.35B,68.91%,$0.51B,$0.47B,93.86%,$0.51B,$0.22B,43.96%,$0.51B,$0.22B,43.96%,$0.22B,$1.40B,16.01%,$0.22B,$1.40B,16.01%,$0.22B,$3.92B,5.82%,$0.35B,$3.78B,9.48%,$131,$0,$131,$0,$7,$38,$93,$-33,$60,$0,$60,$60,$57,$124,$93,$127,127,$0.45,$0.44,$34,$0,$0,$850,$2402,$0,$0,$657,$3072,$3922,$142,$2379,$0,$2379,$2520,$13,$-748,$0,$1401,$3922,$221,$126,$-1,$125,$-2,$0,$0,$-7,$-9,$338,$-150,$0,$0,$0,$8,$8,$-407,$-548,$600,$-259,$341,$62,$62,$-259,$68,$212,$2,$9,$-259
16,2014-09-30,25.52,$11.04,2.31,$3.88,6.57,$5.01,5.09,$1.68,15.19,$0.84B,$0.15B,5.63,$2.30B,$1.41B,1.64,$0.49B,$0.49B,100.00%,$0.49B,$0.33B,67.22%,$0.49B,$0.33B,67.22%,$0.49B,$0.45B,93.61%,$0.49B,$0.21B,42.89%,$0.49B,$0.21B,43.71%,$0.21B,$1.41B,15.57%,$0.21B,$1.41B,15.57%,$0.21B,$3.86B,5.73%,$0.33B,$3.71B,9.17%,$131,$0,$131,$0,$6,$38,$92,$-30,$62,$0,$62,$62,$62,$121,$92,$127,128,$0.48,$0.48,$32,$0,$0,$842,$2349,$0,$0,$659,$3015,$3858,$150,$2301,$0,$2301,$2451,$13,$-737,$0,$1406,$3858,$164,$95,$1,$96,$-2,$0,$0,$1,$-1,$260,$-60,$0,$0,$0,$5,$5,$-406,$-461,$604,$-340,$264,$62,$62,$-191,$65,$199,$-2,$7,$-191
17,2014-06-30,27.14,$10.92,2.49,$3.74,7.26,$4.80,5.65,$1.52,17.85,$0.87B,$0.15B,5.96,$2.36B,$1.38B,1.71,$0.46B,$0.46B,100.00%,$0.46B,$0.30B,65.65%,$0.46B,$0.30B,65.65%,$0.46B,$0.43B,94.53%,$0.46B,$0.18B,40.26%,$0.46B,$0.19B,41.14%,$0.19B,$1.38B,14.38%,$0.19B,$1.38B,14.38%,$0.19B,$3.89B,5.39%,$0.30B,$3.74B,8.95%,$122,$0,$122,$0,$6,$42,$80,$-33,$47,$0,$47,$47,$47,$113,$80,$126,127,$0.37,$0.37,$63,$0,$0,$870,$2357,$0,$0,$662,$3020,$3889,$146,$2360,$0,$2360,$2506,$13,$-733,$0,$1384,$3889,$103,$67,$1,$67,$1,$0,$0,$-4,$-3,$167,$-30,$0,$0,$0,$1,$1,$-411,$-440,$392,$-69,$323,$56,$56,$-125,$46,$300,$26,$5,$-125
18,2014-03-31,24.33,$10.81,2.25,$3.66,6.65,$4.62,5.27,$1.57,15.5,$0.56B,$0.13B,4.2,$2.09B,$1.36B,1.54,$0.44B,$0.44B,100.00%,$0.44B,$0.29B,65.07%,$0.44B,$0.29B,65.07%,$0.44B,$0.41B,92.69%,$0.44B,$0.19B,42.69%,$0.44B,$0.19B,43.38%,$0.19B,$1.36B,15.25%,$0.19B,$1.36B,15.25%,$0.19B,$3.58B,5.83%,$0.29B,$3.45B,9.12%,$121,$0,$121,$0,$6,$38,$83,$-30,$53,$0,$53,$53,$56,$116,$83,$124,125,$0.45,$0.45,$49,$0,$0,$557,$2369,$0,$0,$653,$3022,$3579,$132,$2091,$0,$2091,$2224,$13,$-716,$0,$1355,$3579,$56,$33,$-3,$30,$-0,$0,$0,$-7,$-8,$78,$-8,$0,$0,$0,$5,$5,$-117,$-120,$393,$-330,$63,$28,$28,$-62,$31,$60,$18,$2,$-62
19,2013-12-31,21.3,$10.52,2.02,$3.59,5.94,$4.49,4.74,$1.46,14.59,$0.42B,$0.14B,3.08,$2.02B,$1.30B,1.56,$0.42B,$0.42B,100.00%,$0.42B,$0.27B,63.48%,$0.42B,$0.27B,63.48%,$0.42B,$0.39B,92.36%,$0.42B,$0.17B,41.05%,$0.42B,$0.17B,41.05%,$0.17B,$1.30B,14.54%,$0.17B,$1.30B,14.54%,$0.17B,$3.46B,5.52%,$0.27B,$3.33B,8.92%,$111,$0,$111,$0,$5,$40,$71,$-25,$46,$0,$46,$46,$47,$104,$71,$117,118,$0.39,$0.38,$34,$0,$0,$423,$2392,$0,$0,$645,$3039,$3462,$138,$2024,$0,$2024,$2162,$12,$-710,$0,$1300,$3462,$173,$121,$1,$122,$1,$0,$0,$-16,$-15,$280,$-64,$0,$0,$0,$-532,$-532,$-3,$-599,$45,$165,$209,$273,$273,$-218,$56,$320,$1,$0,$-218
20,2013-09-30,21.05,$9.96,2.11,$3.52,5.97,$0.65,32.48,$1.38,15.25,$0.48B,$0.13B,3.85,$1.70B,$1.19B,1.43,$0.40B,$0.40B,100.00%,$0.40B,$0.25B,63.03%,$0.40B,$0.25B,63.03%,$0.40B,$0.38B,93.30%,$0.40B,$0.15B,36.72%,$0.40B,$0.16B,39.45%,$0.16B,$1.19B,14.31%,$0.16B,$1.19B,14.31%,$0.16B,$3.02B,5.31%,$0.25B,$2.89B,8.88%,$103,$0,$103,$0,$5,$38,$66,$-28,$38,$0,$38,$38,$38,$99,$66,$118,118,$0.32,$0.32,$97,$0,$0,$480,$2385,$0,$0,$149,$2534,$3015,$125,$1700,$0,$1700,$1825,$12,$-699,$0,$1190,$3015,$125,$88,$2,$90,$-0,$0,$0,$-15,$-15,$200,$-41,$0,$0,$0,$6,$6,$-35,$-70,$-54,$-59,$-113,$160,$160,$-159,$48,$-64,$66,$0,$-159
21,2013-06-30,21.55,$9.71,2.22,$3.45,6.25,$-1.57,0.0,$1.33,16.2,$0.43B,$0.14B,3.14,$1.71B,$1.14B,1.5,$0.39B,$0.39B,100.00%,$0.39B,$0.24B,62.27%,$0.39B,$0.24B,62.27%,$0.39B,$0.36B,92.76%,$0.39B,$0.14B,36.18%,$0.39B,$0.15B,39.02%,$0.15B,$1.14B,14.13%,$0.15B,$1.14B,14.13%,$0.15B,$2.98B,5.15%,$0.24B,$2.84B,8.64%,$103,$0,$103,$0,$5,$38,$65,$-15,$50,$0,$50,$50,$49,$87,$65,$116,117,$0.42,$0.42,$47,$0,$0,$426,$2408,$0,$0,$144,$2553,$2980,$136,$1707,$0,$1707,$1843,$12,$-682,$0,$1137,$2980,$87,$55,$0,$55,$0,$0,$0,$-21,$-21,$121,$-17,$0,$0,$0,$5,$5,$-33,$-45,$-53,$-54,$-107,$98,$98,$-104,$42,$-71,$5,$0,$-104
22,2013-03-31,20.79,$9.52,2.18,$3.36,6.19,$-1.95,0.0,$1.20,17.33,$0.43B,$0.13B,3.23,$1.77B,$1.11B,1.6,$0.37B,$0.37B,100.00%,$0.37B,$0.23B,61.96%,$0.37B,$0.23B,61.96%,$0.37B,$0.35B,95.11%,$0.37B,$0.12B,32.88%,$0.37B,$0.13B,36.14%,$0.13B,$1.11B,13.06%,$0.13B,$1.11B,13.06%,$0.13B,$3.01B,4.71%,$0.23B,$2.87B,8.49%,$102,$0,$102,$0,$5,$37,$64,$-26,$38,$0,$38,$38,$38,$97,$64,$113,114,$0.34,$0.34,$60,$0,$0,$431,$2435,$0,$0,$138,$2574,$3005,$133,$1766,$0,$1766,$1899,$12,$-677,$0,$1106,$3005,$38,$33,$-1,$32,$1,$0,$0,$-13,$-13,$58,$-8,$0,$0,$0,$-1,$-1,$-2,$-11,$-1,$-59,$-59,$51,$51,$-51,$36,$-22,$24,$0,$-51
23,2012-12-31,16.05,$9.00,1.78,$3.28,4.9,$-2.01,0.0,$1.11,14.46,$0.40B,$0.15B,2.76,$1.83B,$1.01B,1.8,$0.35B,$0.35B,100.00%,$0.35B,$0.22B,61.25%,$0.35B,$0.22B,61.25%,$0.35B,$0.34B,96.58%,$0.35B,$0.11B,31.05%,$0.35B,$0.12B,34.47%,$0.12B,$1.01B,12.57%,$0.12B,$1.01B,12.57%,$0.12B,$2.98B,4.47%,$0.22B,$2.84B,8.36%,$95,$0,$95,$0,$6,$36,$59,$-37,$22,$0,$22,$22,$34,$93,$59,$108,108,$0.30,$0.31,$38,$0,$0,$402,$2458,$0,$0,$121,$2580,$2982,$146,$1825,$0,$1825,$1971,$11,$-665,$0,$1011,$2982,$121,$124,$-14,$110,$-0,$0,$0,$-22,$-22,$208,$-426,$0,$0,$0,$35,$35,$1,$-391,$209,$-32,$178,$78,$78,$-182,$111,$184,$1,$0,$-182
24,2012-09-30,15.01,$9.11,1.65,$3.14,4.77,$0.63,23.75,$1.00,15.01,$0.41B,$0.15B,2.7,$1.59B,$1.02B,1.56,$0.33B,$0.33B,100.00%,$0.33B,$0.20B,59.34%,$0.33B,$0.20B,59.34%,$0.33B,$0.31B,94.28%,$0.33B,$0.11B,31.93%,$0.33B,$0.11B,31.93%,$0.11B,$1.02B,11.40%,$0.11B,$1.02B,11.40%,$0.11B,$2.76B,4.07%,$0.20B,$2.61B,7.98%,$87,$0,$87,$0,$5,$34,$53,$-23,$30,$0,$30,$30,$30,$82,$53,$109,110,$0.28,$0.27,$40,$0,$0,$405,$2236,$0,$0,$117,$2355,$2759,$150,$1589,$0,$1589,$1739,$11,$-649,$0,$1021,$2759,$87,$90,$-10,$80,$0,$0,$0,$-10,$-10,$157,$-253,$0,$0,$0,$31,$31,$-7,$-228,$210,$-184,$27,$78,$78,$-133,$106,$78,$7,$0,$-133
25,2012-06-30,14.6,$8.68,1.68,$3.06,4.78,$2.64,5.54,$0.94,15.54,$0.40B,$0.13B,3.14,$1.49B,$0.94B,1.59,$0.32B,$0.32B,100.00%,$0.32B,$0.19B,58.81%,$0.32B,$0.19B,58.81%,$0.32B,$0.30B,95.28%,$0.32B,$0.10B,30.50%,$0.32B,$0.10B,30.50%,$0.10B,$0.94B,10.79%,$0.10B,$0.94B,10.79%,$0.10B,$2.55B,3.93%,$0.19B,$2.43B,7.97%,$84,$0,$84,$0,$5,$32,$52,$-21,$31,$0,$31,$31,$31,$78,$52,$106,106,$0.29,$0.29,$39,$0,$0,$396,$2039,$0,$0,$115,$2156,$2552,$126,$1490,$0,$1490,$1616,$11,$-634,$0,$936,$2552,$57,$61,$-8,$53,$0,$0,$0,$-16,$-15,$94,$-41,$0,$0,$0,$28,$28,$-5,$-17,$211,$-283,$-72,$16,$16,$-87,$69,$-75,$3,$0,$-87
26,2012-03-31,13.53,$8.43,1.61,$2.98,4.55,$2.81,4.81,$0.82,16.5,$0.38B,$0.13B,3.05,$1.53B,$0.88B,1.73,$0.31B,$0.31B,99.67%,$0.31B,$0.17B,56.68%,$0.31B,$0.17B,56.68%,$0.31B,$0.29B,94.14%,$0.31B,$0.08B,27.36%,$0.31B,$0.08B,27.36%,$0.08B,$0.88B,9.44%,$0.08B,$0.88B,9.44%,$0.08B,$2.54B,3.51%,$0.17B,$2.41B,7.66%,$85,$0,$85,$0,$6,$33,$51,$-25,$26,$0,$26,$26,$26,$86,$51,$104,104,$0.25,$0.25,$37,$0,$0,$384,$2035,$0,$0,$112,$2155,$2539,$126,$1530,$0,$1530,$1656,$10,$-620,$0,$883,$2539,$26,$35,$-6,$29,$0,$0,$0,$-6,$-6,$50,$-10,$0,$0,$0,$21,$21,$-1,$10,$224,$-258,$-34,$5,$5,$-43,$14,$-57,$2,$0,$-43
27,2011-12-31,12.08,$8.50,1.42,$2.87,4.21,$2.77,4.36,$0.46,26.26,$0.37B,$0.13B,2.93,$1.55B,$0.88B,1.77,$0.29B,$0.29B,99.66%,$0.29B,$0.14B,47.26%,$0.29B,$0.14B,47.26%,$0.29B,$0.24B,83.56%,$0.29B,$0.05B,17.81%,$0.29B,$0.05B,16.10%,$0.05B,$0.88B,5.26%,$0.05B,$0.88B,5.26%,$0.05B,$2.56B,2.02%,$0.14B,$2.43B,6.26%,$76,$0,$76,$0,$5,$35,$41,$-22,$19,$0,$19,$19,$19,$67,$41,$102,102,$0.19,$0.19,$34,$0,$0,$374,$2067,$0,$0,$114,$2184,$2557,$127,$1551,$0,$1551,$1679,$10,$-603,$0,$878,$2557,$53,$106,$29,$135,$-1,$0,$0,$-17,$-18,$170,$-106,$0,$0,$0,$-21,$-21,$-130,$-258,$-3,$268,$266,$28,$-80,$-162,$58,$81,$-7,$0,$-162
28,2011-09-30,9.73,$8.69,1.12,$2.88,3.38,$-0.20,0.0,$0.30,32.43,$0.25B,$0.11B,2.15,$1.22B,$0.90B,1.36,$0.29B,$0.29B,99.65%,$0.29B,$0.14B,48.43%,$0.29B,$0.14B,48.43%,$0.29B,$0.26B,90.59%,$0.29B,$0.04B,13.24%,$0.29B,$0.03B,10.80%,$0.03B,$0.90B,3.35%,$0.03B,$0.90B,3.35%,$0.03B,$2.23B,1.37%,$0.14B,$2.12B,6.49%,$73,$0,$73,$0,$4,$29,$43,$-22,$21,$0,$21,$21,$21,$72,$43,$103,103,$0.21,$0.21,$31,$0,$0,$246,$1896,$0,$0,$89,$1985,$2232,$114,$1219,$0,$1219,$1334,$10,$-581,$0,$898,$2232,$33,$80,$26,$106,$0,$0,$0,$-11,$-10,$129,$-12,$0,$0,$0,$2,$2,$-10,$-20,$-2,$41,$39,$31,$-77,$-120,$54,$-105,$4,$0,$-120
29,2011-06-30,12.58,$8.79,1.43,$2.90,4.34,$-4.02,0.0,$0.24,52.41,$0.23B,$0.11B,2.11,$1.23B,$0.90B,1.36,$0.28B,$0.28B,99.30%,$0.28B,$0.13B,46.83%,$0.28B,$0.13B,46.83%,$0.28B,$0.25B,88.73%,$0.28B,$0.03B,11.97%,$0.28B,$0.03B,8.80%,$0.03B,$0.90B,2.62%,$0.03B,$0.90B,2.62%,$0.03B,$2.24B,1.10%,$0.13B,$2.13B,6.17%,$73,$0,$72,$0,$5,$34,$39,$-21,$18,$0,$18,$18,$18,$64,$39,$102,102,$0.17,$0.17,$26,$0,$0,$233,$1919,$0,$0,$88,$2008,$2241,$110,$1228,$0,$1228,$1339,$10,$-561,$0,$902,$2241,$12,$51,$28,$79,$0,$0,$0,$-14,$-14,$77,$-8,$0,$0,$0,$-1,$-1,$-5,$-13,$-1,$52,$51,$31,$-77,$-79,$39,$-66,$-2,$0,$-79
30,2011-03-31,13.17,$8.83,1.49,$2.82,4.67,$-7.86,0.0,$0.21,62.7,$0.23B,$0.12B,1.96,$1.25B,$0.90B,1.39,$0.27B,$0.27B,98.52%,$0.27B,$0.13B,47.78%,$0.27B,$0.13B,47.78%,$0.27B,$0.24B,90.37%,$0.27B,$0.03B,11.85%,$0.27B,$0.02B,7.41%,$0.02B,$0.90B,2.06%,$0.02B,$0.90B,2.06%,$0.02B,$2.26B,0.87%,$0.13B,$2.14B,5.95%,$70,$0,$70,$0,$5,$56,$15,$-21,$-6,$0,$-6,$-6,$-11,$41,$15,$100,100,$-0.11,$-0.11,$24,$0,$0,$230,$1940,$0,$0,$87,$2028,$2258,$117,$1245,$0,$1245,$1363,$10,$-540,$0,$895,$2258,$-6,$26,$24,$50,$-0,$0,$0,$-5,$-6,$39,$-4,$0,$0,$0,$0,$0,$-2,$-6,$-1,$68,$68,$28,$-80,$-40,$16,$-37,$-4,$0,$-40
31,2010-12-31,13.01,$10.12,1.29,$2.77,4.69,$-7.87,0.0,$0.53,24.54,$0.23B,$0.12B,1.89,$1.18B,$0.90B,1.31,$0.26B,$0.25B,96.53%,$0.26B,$0.15B,57.53%,$0.26B,$0.15B,57.53%,$0.26B,$0.26B,98.46%,$0.26B,$0.06B,22.78%,$0.26B,$0.05B,19.31%,$0.05B,$1.00B,5.14%,$0.05B,$1.00B,5.14%,$0.05B,$2.30B,2.32%,$0.15B,$2.18B,7.25%,$71,$0,$71,$0,$3,$29,$42,$-37,$5,$0,$5,$5,$3,$83,$42,$94,94,$0.02,$0.02,$29,$0,$0,$231,$1986,$0,$0,$87,$2073,$2304,$122,$1177,$1,$1178,$1300,$10,$-490,$0,$1004,$2304,$58,$106,$1,$108,$-0,$0,$0,$-8,$-8,$158,$-379,$0,$0,$0,$5,$5,$-21,$-395,$309,$-126,$184,$139,$139,$-139,$58,$242,$5,$0,$-139
32,2010-09-30,12.81,$10.39,1.23,$2.61,4.91,$-5.94,0.0,$0.66,19.41,$0.20B,$0.12B,1.66,$1.15B,$0.91B,1.26,$0.24B,$0.22B,94.09%,$0.24B,$0.13B,56.12%,$0.24B,$0.13B,56.12%,$0.24B,$0.21B,89.03%,$0.24B,$0.07B,29.54%,$0.24B,$0.06B,25.74%,$0.06B,$1.02B,6.50%,$0.06B,$1.02B,6.50%,$0.06B,$2.29B,3.06%,$0.13B,$2.17B,6.96%,$70,$0,$69,$0,$4,$33,$37,$-20,$17,$0,$17,$17,$15,$64,$37,$96,96,$0.15,$0.15,$22,$0,$0,$203,$1997,$0,$0,$92,$2090,$2294,$123,$1148,$2,$1150,$1272,$10,$-456,$0,$1021,$2294,$53,$65,$2,$67,$-2,$0,$0,$-8,$-10,$110,$-369,$0,$0,$0,$2,$2,$-2,$-369,$137,$40,$176,$137,$137,$-99,$43,$257,$-1,$0,$-99
33,2010-06-30,11.19,$10.17,1.1,$2.47,4.52,$-2.06,0.0,$0.73,15.33,$0.20B,$0.11B,1.84,$1.23B,$0.85B,1.44,$0.22B,$0.20B,91.71%,$0.22B,$0.13B,58.53%,$0.22B,$0.13B,58.53%,$0.22B,$0.19B,87.56%,$0.22B,$0.07B,34.10%,$0.22B,$0.07B,29.95%,$0.07B,$0.96B,7.33%,$0.07B,$0.96B,7.33%,$0.07B,$2.30B,3.70%,$0.13B,$2.19B,7.49%,$59,$3,$56,$0,$4,$24,$35,$-19,$16,$0,$16,$16,$13,$56,$35,$93,93,$0.14,$0.14,$24,$0,$0,$199,$2014,$0,$0,$83,$2098,$2296,$108,$1227,$0,$1227,$1335,$9,$-436,$0,$961,$2296,$36,$38,$-1,$37,$-1,$0,$0,$-6,$-8,$66,$-360,$0,$0,$0,$0,$0,$0,$-360,$137,$118,$255,$74,$74,$-63,$28,$294,$-0,$0,$-63
34,2010-03-31,10.77,$9.97,1.08,$2.44,4.42,$1.99,5.42,$0.80,13.46,$0.26B,$0.05B,4.85,$0.78B,$0.80B,0.98,$0.21B,$0.19B,90.34%,$0.21B,$0.12B,58.94%,$0.21B,$0.12B,58.94%,$0.21B,$0.18B,85.02%,$0.21B,$0.08B,37.68%,$0.21B,$0.07B,33.82%,$0.07B,$0.91B,8.31%,$0.07B,$0.91B,8.31%,$0.07B,$1.74B,4.61%,$0.12B,$1.69B,8.25%,$59,$5,$54,$0,$4,$23,$35,$-15,$21,$0,$21,$21,$19,$52,$35,$89,89,$0.21,$0.21,$85,$0,$0,$256,$1380,$0,$0,$104,$1485,$1741,$53,$781,$2,$783,$836,$9,$-420,$0,$905,$1741,$21,$17,$-0,$16,$0,$0,$0,$1,$1,$39,$-9,$0,$0,$0,$-14,$-14,$0,$-23,$137,$-98,$39,$37,$37,$-31,$12,$57,$73,$0,$-31
35,2009-12-31,10.57,$9.80,1.08,$2.37,4.45,$2.17,4.88,$0.87,12.15,$0.19B,$0.05B,3.88,$0.74B,$0.76B,0.98,$0.20B,$0.18B,89.85%,$0.20B,$0.12B,59.39%,$0.20B,$0.12B,59.39%,$0.20B,$0.17B,84.26%,$0.20B,$0.08B,41.62%,$0.20B,$0.07B,37.56%,$0.07B,$0.87B,9.10%,$0.07B,$0.87B,9.10%,$0.07B,$1.66B,5.20%,$0.12B,$1.60B,8.43%,$49,$5,$44,$0,$3,$24,$26,$-9,$16,$0,$16,$16,$14,$39,$26,$84,84,$0.16,$0.17,$12,$0,$0,$193,$1373,$0,$0,$87,$1462,$1655,$50,$738,$2,$740,$790,$9,$-410,$0,$865,$1655,$82,$50,$10,$60,$-0,$0,$0,$5,$5,$147,$-183,$0,$0,$0,$-27,$-27,$1,$-209,$100,$23,$123,$23,$23,$-109,$27,$64,$2,$0,$-109
36,2009-09-30,8.54,$9.59,0.89,$2.44,3.5,$2.05,4.17,$0.90,9.49,$0.19B,$0.03B,6.98,$0.49B,$0.71B,0.7,$0.20B,$0.18B,88.83%,$0.20B,$0.12B,58.88%,$0.20B,$0.12B,58.88%,$0.20B,$0.16B,83.25%,$0.20B,$0.08B,41.62%,$0.20B,$0.08B,38.58%,$0.08B,$0.81B,9.57%,$0.08B,$0.81B,9.57%,$0.08B,$1.34B,5.63%,$0.12B,$1.31B,8.78%,$50,$5,$45,$0,$3,$19,$31,$-10,$21,$0,$21,$21,$19,$43,$31,$84,84,$0.23,$0.22,$7,$0,$0,$189,$1101,$0,$0,$46,$1147,$1336,$27,$494,$1,$495,$522,$8,$-398,$0,$814,$1336,$66,$37,$8,$45,$0,$0,$0,$4,$4,$114,$-15,$0,$0,$0,$1,$1,$0,$-14,$0,$-59,$-59,$23,$23,$-81,$17,$-100,$0,$0,$-81
37,2009-06-30,8.12,$9.49,0.86,$2.63,3.09,$0.25,32.05,$1.01,8.04,$0.19B,$0.03B,7.75,$0.53B,$0.68B,0.78,$0.21B,$0.17B,81.64%,$0.21B,$0.11B,53.62%,$0.21B,$0.11B,53.62%,$0.21B,$0.16B,76.33%,$0.21B,$0.09B,43.00%,$0.21B,$0.08B,40.10%,$0.08B,$0.79B,10.49%,$0.08B,$0.79B,10.49%,$0.08B,$1.34B,6.13%,$0.11B,$1.32B,8.38%,$49,$5,$44,$0,$3,$20,$30,$-10,$20,$0,$20,$20,$18,$42,$30,$83,83,$0.21,$0.21,$12,$0,$0,$191,$1105,$0,$0,$47,$1152,$1344,$25,$531,$2,$533,$557,$8,$-392,$0,$786,$1344,$45,$24,$8,$33,$0,$0,$0,$3,$3,$81,$-8,$0,$0,$0,$0,$0,$0,$-7,$0,$-22,$-22,$-0,$-0,$-54,$7,$-69,$5,$0,$-54
38,2009-03-31,7.23,$9.54,0.76,$2.63,2.75,$-0.74,0.0,$1.00,7.23,$0.19B,$0.03B,7.26,$0.54B,$0.68B,0.8,$0.20B,$0.17B,83.66%,$0.20B,$0.11B,53.47%,$0.20B,$0.11B,53.47%,$0.20B,$0.15B,76.24%,$0.20B,$0.09B,42.57%,$0.20B,$0.08B,39.60%,$0.08B,$0.79B,10.42%,$0.08B,$0.79B,10.42%,$0.08B,$1.36B,5.95%,$0.11B,$1.33B,8.21%,$49,$5,$44,$0,$3,$20,$30,$-5,$25,$0,$25,$25,$23,$42,$30,$82,82,$0.27,$0.27,$17,$0,$0,$194,$1112,$0,$0,$48,$1160,$1355,$27,$540,$2,$541,$568,$8,$-385,$0,$787,$1355,$25,$12,$6,$18,$-0,$0,$0,$3,$3,$45,$-3,$0,$0,$0,$17,$17,$-14,$-0,$0,$-9,$-9,$0,$0,$-27,$0,$-35,$10,$0,$-27
39,2008-12-31,8.05,$9.57,0.84,$2.63,3.06,$-0.99,0.0,$0.93,8.66,$0.18B,$0.03B,7.17,$0.55B,$0.68B,0.81,$0.19B,$0.17B,85.57%,$0.19B,$0.11B,54.12%,$0.19B,$0.11B,54.12%,$0.19B,$0.15B,76.80%,$0.19B,$0.08B,40.21%,$0.19B,$0.07B,37.11%,$0.07B,$0.79B,10.02%,$0.07B,$0.79B,10.02%,$0.07B,$1.36B,5.53%,$0.11B,$1.34B,8.24%,$49,$7,$42,$0,$3,$24,$25,$-9,$16,$0,$16,$16,$16,$37,$25,$75,75,$0.20,$0.20,$7,$0,$0,$182,$1120,$0,$0,$62,$1182,$1364,$25,$548,$3,$551,$576,$8,$-383,$0,$788,$1364,$78,$44,$-3,$41,$1,$0,$0,$-31,$-30,$89,$-130,$0,$0,$0,$12,$12,$-69,$-187,$-41,$16,$-25,$196,$188,$-98,$31,$96,$-2,$0,$-98
40,2008-09-30,9.69,$9.79,0.99,$2.58,3.76,$0.11,90.26,$0.96,10.1,$0.18B,$0.03B,6.92,$0.52B,$0.69B,0.76,$0.19B,$0.16B,88.65%,$0.19B,$0.11B,58.38%,$0.19B,$0.11B,58.38%,$0.19B,$0.15B,81.08%,$0.19B,$0.08B,42.70%,$0.19B,$0.07B,38.38%,$0.07B,$0.80B,10.63%,$0.07B,$0.80B,10.63%,$0.07B,$1.35B,5.65%,$0.11B,$1.32B,8.86%,$60,$21,$39,$0,$3,$34,$26,$2,$28,$-0,$28,$28,$26,$37,$26,$77,77,$0.33,$0.33,$9,$0,$0,$182,$1111,$0,$0,$61,$1172,$1354,$26,$519,$5,$524,$550,$8,$-374,$0,$804,$1354,$62,$32,$-20,$12,$1,$0,$0,$-15,$-15,$60,$-106,$0,$0,$0,$22,$22,$-74,$-158,$-39,$-14,$-53,$196,$196,$-71,$28,$100,$2,$0,$-71
41,2008-06-30,8.07,$9.18,0.88,$2.37,3.4,$1.03,7.8,$0.82,9.84,$0.18B,$0.03B,6.96,$0.59B,$0.57B,1.02,$0.16B,$0.16B,100.00%,$0.16B,$0.11B,65.85%,$0.16B,$0.11B,65.85%,$0.16B,$0.15B,90.85%,$0.16B,$0.07B,40.24%,$0.16B,$0.06B,35.37%,$0.06B,$0.69B,9.47%,$0.06B,$0.69B,9.47%,$0.06B,$1.31B,4.77%,$0.11B,$1.28B,9.24%,$44,$0,$44,$0,$3,$17,$27,$-10,$17,$0,$17,$17,$15,$38,$27,$73,73,$0.20,$0.20,$7,$0,$0,$175,$1077,$0,$0,$38,$1132,$1307,$25,$587,$2,$589,$614,$8,$-376,$0,$693,$1307,$34,$21,$5,$26,$-2,$0,$0,$-4,$-6,$55,$-62,$0,$0,$0,$-4,$-4,$-74,$-141,$-39,$54,$15,$99,$99,$-46,$18,$86,$0,$0,$-46
42,2008-03-31,8.28,$8.52,0.97,$2.34,3.54,$1.71,4.83,$0.82,10.09,$0.10B,$0.03B,4.01,$0.57B,$0.47B,1.2,$0.16B,$0.16B,100.00%,$0.16B,$0.11B,68.35%,$0.16B,$0.11B,68.35%,$0.16B,$0.15B,93.04%,$0.16B,$0.07B,41.14%,$0.16B,$0.06B,36.08%,$0.06B,$0.59B,9.74%,$0.06B,$0.59B,9.74%,$0.06B,$1.18B,4.82%,$0.11B,$1.16B,9.61%,$41,$0,$41,$0,$3,$14,$27,$-10,$17,$0,$17,$17,$15,$37,$27,$69,69,$0.21,$0.21,$5,$0,$0,$102,$1037,$0,$0,$28,$1082,$1184,$25,$567,$2,$569,$594,$841,$-370,$0,$589,$1184,$17,$10,$1,$11,$1,$0,$0,$-1,$-0,$28,$-11,$0,$0,$0,$1,$1,$0,$-10,$-39,$34,$-5,$0,$0,$-22,$8,$-19,$-0,$0,$-22
43,2007-12-31,7.52,$8.61,0.87,$2.45,3.06,$1.78,4.22,$0.91,8.26,$0.10B,$0.02B,4.49,$0.53B,$0.47B,1.14,$0.16B,$0.16B,100.00%,$0.16B,$0.11B,70.00%,$0.16B,$0.11B,70.00%,$0.16B,$0.15B,94.38%,$0.16B,$0.07B,41.88%,$0.16B,$0.06B,37.50%,$0.06B,$0.59B,10.81%,$0.06B,$0.59B,10.81%,$0.06B,$1.18B,5.09%,$0.11B,$1.12B,10.10%,$40,$0,$40,$0,$3,$12,$28,$-10,$17,$0,$17,$17,$15,$38,$28,$66,66,$0.21,$0.21,$4,$0,$0,$101,$1053,$0,$0,$25,$1082,$1182,$22,$533,$41,$574,$596,$7,$-365,$0,$586,$1182,$69,$39,$-1,$38,$-2,$0,$0,$-15,$-23,$85,$-48,$0,$0,$0,$18,$18,$0,$-30,$-1,$-102,$-103,$113,$113,$-81,$18,$-53,$1,$0,$-81
44,2007-09-30,7.15,$8.58,0.83,$2.47,2.9,$-0.86,0.0,$0.87,8.22,$0.10B,$0.03B,3.69,$0.54B,$0.47B,1.16,$0.16B,$0.16B,100.00%,$0.16B,$0.11B,68.59%,$0.16B,$0.11B,68.59%,$0.16B,$0.15B,93.59%,$0.16B,$0.06B,41.03%,$0.16B,$0.06B,35.90%,$0.06B,$0.58B,10.67%,$0.06B,$0.58B,10.67%,$0.06B,$1.19B,4.76%,$0.11B,$1.12B,9.69%,$39,$0,$39,$0,$3,$14,$26,$-11,$15,$-0,$15,$15,$13,$36,$26,$68,68,$0.19,$0.19,$4,$0,$0,$98,$1061,$0,$0,$28,$1093,$1191,$27,$537,$44,$581,$608,$825,$-361,$0,$583,$1191,$52,$29,$-0,$29,$-0,$0,$0,$-11,$-14,$67,$-45,$0,$0,$0,$12,$12,$0,$-33,$-1,$-98,$-99,$113,$113,$-60,$11,$-34,$-0,$0,$-60
45,2007-06-30,7.14,$8.59,0.83,$2.48,2.88,$-3.50,0.0,$0.88,8.11,$0.10B,$0.03B,3.78,$0.52B,$0.47B,1.11,$0.15B,$0.15B,100.00%,$0.15B,$0.10B,67.11%,$0.15B,$0.10B,67.11%,$0.15B,$0.14B,94.74%,$0.15B,$0.06B,42.11%,$0.15B,$0.06B,36.18%,$0.06B,$0.58B,11.10%,$0.06B,$0.58B,11.10%,$0.06B,$1.17B,4.68%,$0.10B,$1.10B,9.26%,$38,$0,$38,$0,$3,$12,$27,$-11,$16,$0,$16,$16,$14,$36,$27,$67,67,$0.20,$0.20,$7,$0,$0,$98,$1034,$0,$0,$39,$1073,$1171,$26,$515,$47,$562,$588,$821,$-355,$0,$584,$1171,$37,$19,$-2,$17,$0,$0,$0,$-11,$-11,$43,$-4,$0,$0,$0,$3,$3,$0,$-1,$45,$-166,$-121,$113,$113,$-39,$7,$-40,$2,$0,$-39
46,2007-03-31,7.61,$6.95,1.1,$2.47,3.09,$-3.42,0.0,$0.83,9.17,$0.10B,$0.03B,3.55,$0.63B,$0.35B,1.81,$0.15B,$0.15B,100.00%,$0.15B,$0.10B,66.44%,$0.15B,$0.10B,66.44%,$0.15B,$0.14B,95.21%,$0.15B,$0.07B,45.21%,$0.15B,$0.06B,38.36%,$0.06B,$0.47B,12.22%,$0.06B,$0.47B,12.22%,$0.06B,$1.17B,4.96%,$0.10B,$1.10B,9.18%,$43,$0,$43,$0,$3,$11,$31,$-12,$19,$0,$19,$19,$18,$41,$31,$60,60,$0.30,$0.30,$7,$0,$0,$95,$1042,$0,$0,$35,$1078,$1173,$27,$632,$47,$679,$706,$699,$-351,$0,$467,$1173,$21,$9,$-2,$8,$1,$0,$0,$-8,$-7,$21,$-2,$0,$0,$0,$5,$5,$-0,$3,$-1,$-3,$-4,$0,$0,$-18,$-1,$-23,$2,$0,$-18
47,2006-12-31,7.76,$7.80,0.99,$2.32,3.35,$-3.36,0.0,$0.61,12.71,$0.09B,$0.03B,2.61,$0.64B,$0.35B,1.83,$0.14B,$0.14B,100.00%,$0.14B,$0.09B,65.19%,$0.14B,$0.09B,65.19%,$0.14B,$0.13B,95.56%,$0.14B,$0.06B,42.96%,$0.14B,$0.05B,34.07%,$0.05B,$0.47B,10.24%,$0.05B,$0.47B,10.24%,$0.05B,$1.18B,4.25%,$0.09B,$1.10B,8.70%,$36,$0,$36,$0,$3,$13,$23,$-9,$14,$1,$13,$13,$11,$33,$23,$59,59,$0.18,$0.19,$5,$0,$0,$88,$1048,$0,$0,$35,$1087,$1175,$34,$635,$42,$676,$710,$6,$-353,$0,$465,$1175,$56,$39,$-13,$26,$-0,$0,$0,$-21,$-19,$63,$-186,$0,$0,$0,$13,$13,$11,$-161,$35,$92,$127,$-0,$-0,$-67,$35,$95,$-3,$0,$-67
