,Date,Stock Price,Book Value per Share,Price to Book Ratio,TTM Sales per Share,Price to Sales Ratio,TTM FCF per Share,Price to FCF Ratio,TTM Net EPS,PE Ratio,Current Assets,Current Liabilities,Current Ratio,Long Term Debt,Shareholder's Equity_x,Debt to Equity Ratio,TTM Revenue_x,TTM Gross Profit,Gross Margin,TTM Revenue_y,TTM Operating Income,Operating Margin,TTM Revenue_x,TTM EBIT,EBIT Margin,TTM Revenue_y,TTM EBITDA,EBITDA Margin,TTM Revenue_x,TTM Pre-Tax Income,Pre-Tax Margin,TTM Revenue_y,TTM Net Income_x,Net Margin,TTM Net Income_y,Shareholder's Equity_y,Return on Equity,TTM Net Income_x,Tangible Equity,Return on Tangible Equity,TTM Net Income_y,Total Assets,Return on Assets,TTM Net Income,LT Investments & Debt,Return on Investment,revenue,cost-goods-sold,gross-profit,research-development-expenses,selling-general-administrative-expenses,operating-expenses,operating-income,total-non-operating-income-expense,pre-tax-income,total-provision-income-taxes,income-after-taxes,income-from-continuous-operations,net-income,ebitda,ebit,basic-shares-outstanding,shares-outstanding,eps-basic-net-earnings-per-share,eps-earnings-per-share-diluted,cash-on-hand,inventory,other-current-assets,total-current-assets,net-property-plant-equipment,long-term-investments,goodwill-intangible-assets-total,other-long-term-assets,total-long-term-assets,total-assets,total-current-liabilities,long-term-debt,other-non-current-liabilities,total-long-term-liabilities,total-liabilities,common-stock-net,retained-earnings-accumulated-deficit,comprehensive-income,total-share-holder-equity,total-liabilities-share-holders-equity,net-income-loss,total-depreciation-amortization-cash-flow,other-non-cash-items,total-non-cash-items,change-in-accounts-receivable,change-in-inventories,change-in-accounts-payable,change-in-assets-liabilities,total-change-in-assets-liabilities,cash-flow-from-operating-activities,net-change-in-property-plant-equipment,net-change-in-intangible-assets,net-acquisitions-divestitures,net-change-in-short-term-investments,net-change-in-long-term-investments,net-change-in-investments-total,investing-activities-other,cash-flow-from-investing-activities,net-long-term-debt,net-current-debt,debt-issuance-retirement-net-total,net-common-equity-issued-repurchased,net-total-equity-issued-repurchased,total-common-preferred-stock-dividends-paid,financial-activities-other,cash-flow-from-financial-activities,net-cash-flow,stock-based-compensation,common-stock-dividends-paid
0,2018-06-30,0.2,$0.30,0.64,0.0,0.0,$-0.79,0.0,$-0.20,0.0,$0.01B,$0.00B,5.46,$0.00B,$0.02B,0.0,$0.00B,0,nan%,$0.00B,$-0.01B,inf%,$0.00B,$-0.01B,inf%,$0.00B,$-0.01B,inf%,$0.00B,$-0.01B,inf%,$0.00B,$-0.01B,inf%,$-0.01B,$0.02B,-61.54%,$-0.01B,$0.00B,-228.57%,$-0.01B,$0.02B,-54.55%,$-0.01B,$0.02B,-61.54%,$0,$0,$0,$0,$1,$1,$-1,$1,$-1,$0,$-1,$-1,$-1,$-1,$-1,$56,56,$-0.01,$-0.01,$4,$0,$0,$5,$0,$0,$13,$0,$13,$18,$1,$0,$0,$0,$1,$0,$-115,$0,$17,$18,$-7,$1,$2,$3,$0,$0,$0,$0,$-5,$-9,$1,$0,$0,$0,$0,$0,$0,$1,$0,$-0,$-0,$0,$0,$0,$0,$0,$-8,$1,$0
1,2018-03-31,0.22,$0.31,0.7,0.0,0.0,$-0.90,0.0,$-0.26,0.0,$0.01B,$0.00B,3.37,$0.00B,$0.02B,0.0,$0.00B,0,nan%,$0.00B,$-0.02B,inf%,$0.00B,$-0.02B,inf%,$0.00B,$-0.02B,inf%,$0.00B,$-0.02B,inf%,$0.00B,$-0.02B,inf%,$-0.02B,$0.02B,-67.42%,$-0.02B,$0.00B,-200.00%,$-0.02B,$0.02B,-57.69%,$-0.02B,$0.02B,-67.42%,$0,$0,$0,$2,$1,$2,$-2,$-0,$-2,$0,$-2,$-2,$-2,$-2,$-2,$56,56,$-0.04,$-0.04,$5,$0,$0,$6,$0,$0,$14,$0,$14,$19,$2,$0,$0,$0,$2,$0,$-114,$0,$18,$19,$-6,$1,$3,$3,$0,$0,$0,$-0,$-5,$-8,$0,$0,$0,$0,$0,$0,$0,$0,$0,$-0,$-0,$0,$0,$0,$0,$0,$-8,$1,$0
2,2017-12-31,1.86,$0.35,5.33,0.0,0.0,$-1.03,0.0,$-0.43,0.0,$0.01B,$0.00B,2.45,$0.00B,$0.02B,0.0,$0.00B,0,nan%,$0.00B,$-0.02B,inf%,$0.00B,$-0.02B,inf%,$0.00B,$-0.02B,inf%,$0.00B,$-0.02B,inf%,$0.00B,$-0.02B,inf%,$-0.02B,$0.02B,-93.33%,$-0.02B,$0.01B,-289.66%,$-0.02B,$0.02B,-75.68%,$-0.02B,$0.02B,-93.33%,$0,$0,$0,$2,$2,$4,$-4,$0,$-4,$0,$-4,$-4,$-4,$-4,$-4,$56,56,$-0.07,$-0.07,$9,$0,$0,$9,$0,$0,$15,$0,$15,$23,$4,$0,$0,$0,$4,$0,$-112,$0,$20,$23,$-4,$0,$1,$1,$0,$0,$0,$0,$-1,$-4,$0,$0,$0,$0,$0,$0,$0,$0,$0,$-0,$-0,$0,$0,$0,$0,$0,$-4,$1,$0
3,2017-09-30,0.72,$0.41,1.77,0.0,0.0,$-1.14,0.0,$-0.57,0.0,$0.01B,$0.01B,2.64,$0.00B,$0.02B,0.0,$0.00B,0,nan%,$0.00B,$-0.02B,inf%,$0.00B,$-0.02B,inf%,$0.00B,$-0.02B,inf%,$0.00B,$-0.02B,inf%,$0.00B,$-0.02B,inf%,$-0.02B,$0.02B,-100.00%,$-0.02B,$0.01B,-282.35%,$-0.02B,$0.03B,-81.36%,$-0.02B,$0.02B,-100.00%,$0,$0,$0,$4,$1,$5,$-5,$0,$-5,$0,$-5,$-5,$-5,$-5,$-5,$45,45,$-0.04,$-0.04,$13,$0,$0,$13,$0,$0,$15,$0,$15,$28,$5,$0,$0,$0,$5,$0,$-108,$0,$23,$28,$-24,$1,$2,$3,$0,$0,$0,$1,$1,$-19,$0,$0,$0,$0,$0,$0,$0,$0,$0,$-0,$-0,$20,$20,$0,$0,$19,$0,$2,$0
4,2017-06-30,0.64,$0.50,1.29,0.0,0.0,$-1.22,0.0,$-0.70,0.0,$0.02B,$0.01B,3.31,$0.00B,$0.03B,0.0,$0.00B,0,nan%,$0.00B,$-0.03B,inf%,$0.00B,$-0.03B,inf%,$0.00B,$-0.03B,inf%,$0.00B,$-0.03B,inf%,$0.00B,$-0.03B,inf%,$-0.03B,$0.03B,-106.12%,$-0.03B,$0.01B,-297.14%,$-0.03B,$0.03B,-87.39%,$-0.03B,$0.03B,-106.12%,$0,$0,$0,$2,$1,$4,$-4,$-0,$-4,$0,$-4,$-4,$-4,$-4,$-4,$54,54,$-0.07,$-0.07,$18,$0,$0,$19,$0,$0,$15,$0,$15,$34,$6,$0,$0,$0,$6,$0,$-103,$0,$28,$34,$-19,$1,$2,$3,$0,$0,$0,$0,$2,$-14,$0,$0,$0,$0,$0,$0,$0,$0,$0,$-0,$-0,$20,$20,$0,$0,$19,$6,$2,$0
5,2017-03-31,0.83,$0.52,1.6,0.0,0.0,$-1.31,0.0,$-0.87,0.0,$0.01B,$0.01B,1.43,$0.00B,$0.02B,0.0,$0.00B,0,nan%,$0.00B,$-0.03B,inf%,$0.00B,$-0.03B,inf%,$0.00B,$-0.03B,inf%,$0.00B,$-0.03B,inf%,$0.00B,$-0.03B,inf%,$-0.03B,$0.02B,-121.21%,$-0.03B,$0.00B,-342.86%,$-0.03B,$0.03B,-100.84%,$-0.03B,$0.02B,-121.21%,$0,$0,$0,$6,$1,$8,$-8,$0,$-8,$0,$-8,$-8,$-8,$-7,$-8,$37,37,$-0.21,$-0.21,$10,$0,$0,$10,$0,$0,$15,$0,$16,$26,$7,$0,$0,$0,$7,$0,$-99,$0,$19,$26,$-15,$1,$1,$2,$0,$0,$0,$0,$3,$-10,$-0,$0,$0,$0,$0,$0,$0,$-0,$0,$-0,$-0,$7,$7,$0,$0,$7,$-3,$1,$0
6,2016-12-31,1.5,$0.72,2.09,0.0,0.0,$-1.26,0.0,$-0.83,0.0,$0.01B,$0.00B,3.57,$0.00B,$0.03B,0.0,$0.00B,0,nan%,$0.00B,$-0.03B,inf%,$0.00B,$-0.03B,inf%,$0.00B,$-0.03B,inf%,$0.00B,$-0.03B,inf%,$0.00B,$-0.03B,inf%,$-0.03B,$0.03B,-93.10%,$-0.03B,$0.01B,-211.76%,$-0.03B,$0.03B,-81.82%,$-0.03B,$0.03B,-100.00%,$0,$0,$0,$5,$2,$7,$-7,$0,$-7,$0,$-7,$-7,$-7,$-7,$-7,$33,33,$-0.21,$-0.21,$13,$0,$0,$14,$0,$0,$16,$0,$16,$30,$4,$0,$0,$0,$4,$0,$-91,$0,$26,$30,$-7,$0,$1,$1,$0,$0,$0,$0,$-0,$-6,$-0,$0,$0,$0,$0,$0,$0,$-0,$0,$-0,$-0,$7,$7,$0,$0,$7,$1,$1,$0
7,2016-09-30,2.83,$0.78,3.64,0.0,0.0,$-1.18,0.0,$-0.82,0.0,$0.01B,$0.00B,2.96,$0.00B,$0.03B,0.0,$0.00B,0,nan%,$0.00B,$-0.03B,inf%,$0.00B,$-0.03B,inf%,$0.00B,$-0.02B,inf%,$0.00B,$-0.03B,inf%,$0.00B,$-0.03B,inf%,$-0.03B,$0.03B,-80.62%,$-0.03B,$0.01B,-165.08%,$-0.03B,$0.03B,-71.23%,$-0.03B,$0.03B,-80.62%,$0,$0,$0,$5,$2,$7,$-7,$0,$-7,$0,$-7,$-7,$-7,$-7,$-7,$31,31,$-0.21,$-0.21,$13,$0,$0,$13,$0,$0,$16,$0,$16,$29,$4,$0,$0,$0,$4,$0,$-84,$0,$25,$29,$-26,$1,$4,$5,$0,$0,$0,$1,$5,$-16,$-0,$0,$0,$0,$0,$0,$0,$-0,$0,$-0,$-0,$0,$0,$0,$0,$-0,$-16,$5,$0
8,2016-06-30,2.74,$0.92,2.97,0.0,0.0,$-1.06,0.0,$-0.74,0.0,$0.02B,$0.01B,3.37,$0.00B,$0.03B,0.0,$0.00B,0,nan%,$0.00B,$-0.02B,inf%,$0.00B,$-0.02B,inf%,$0.00B,$-0.02B,inf%,$0.00B,$-0.02B,inf%,$0.00B,$-0.02B,inf%,$-0.02B,$0.03B,-63.01%,$-0.02B,$0.01B,-116.46%,$-0.02B,$0.03B,-56.44%,$-0.02B,$0.03B,-63.01%,$0,$0,$0,$6,$2,$8,$-8,$-0,$-8,$0,$-8,$-8,$-8,$-7,$-8,$32,32,$-0.24,$-0.24,$18,$0,$0,$18,$0,$0,$16,$0,$16,$34,$5,$0,$0,$0,$5,$0,$-78,$0,$29,$34,$-19,$1,$3,$4,$0,$0,$0,$2,$4,$-11,$-0,$0,$0,$0,$0,$0,$0,$-0,$0,$-0,$-0,$0,$0,$0,$0,$-0,$-11,$4,$0
9,2016-03-31,3.21,$1.13,2.84,0.0,0.0,$-0.99,0.0,$-0.61,0.0,$0.02B,$0.00B,6.35,$0.00B,$0.04B,0.0,$0.00B,0,nan%,$0.00B,$-0.02B,inf%,$0.00B,$-0.02B,inf%,$0.00B,$-0.02B,inf%,$0.00B,$-0.02B,inf%,$0.00B,$-0.02B,inf%,$-0.02B,$0.04B,-44.17%,$-0.02B,$0.02B,-76.60%,$-0.02B,$0.04B,-40.45%,$-0.02B,$0.04B,-44.17%,$0,$0,$0,$4,$3,$7,$-7,$1,$-5,$0,$-5,$-5,$-5,$-6,$-7,$31,31,$-0.17,$-0.17,$22,$0,$0,$22,$0,$0,$17,$0,$17,$39,$4,$0,$0,$0,$4,$0,$-70,$0,$36,$39,$-11,$1,$2,$2,$0,$0,$0,$1,$2,$-7,$-0,$0,$0,$0,$0,$0,$0,$-0,$0,$-0,$-0,$0,$0,$0,$0,$-0,$-7,$2,$0
10,2015-12-31,6.14,$1.26,4.89,0.0,0.0,$-1.03,0.0,$-0.56,0.0,$0.03B,$0.01B,5.14,$0.00B,$0.04B,0.0,$0.00B,0,nan%,$0.00B,$-0.02B,inf%,$0.00B,$-0.02B,inf%,$0.00B,$-0.02B,inf%,$0.00B,$-0.02B,inf%,$0.00B,$-0.02B,inf%,$-0.02B,$0.04B,-36.57%,$-0.02B,$0.02B,-60.38%,$-0.02B,$0.04B,-33.68%,$-0.02B,$0.04B,-41.14%,$0,$0,$0,$2,$1,$4,$-4,$-3,$-6,$0,$-6,$-6,$-6,$-3,$-4,$30,30,$-0.20,$-0.20,$25,$0,$0,$27,$0,$0,$17,$0,$17,$44,$5,$0,$0,$0,$5,$0,$-65,$0,$39,$44,$-6,$0,$0,$1,$0,$0,$0,$1,$2,$-3,$-0,$0,$0,$0,$0,$0,$0,$-0,$0,$-0,$-0,$0,$0,$0,$0,$-0,$-3,$0,$0
11,2015-09-30,2.76,$1.40,1.97,0.0,0.0,$-1.03,0.0,$-0.54,0.0,$0.03B,$0.00B,7.48,$0.00B,$0.04B,0.0,$0.00B,0,nan%,$0.00B,$-0.02B,inf%,$0.00B,$-0.02B,inf%,$0.00B,$-0.02B,inf%,$0.00B,$-0.02B,inf%,$0.00B,$-0.02B,inf%,$-0.02B,$0.04B,-37.74%,$-0.02B,$0.03B,-68.18%,$-0.02B,$0.05B,-34.29%,$-0.02B,$0.04B,-45.28%,$0,$0,$0,$1,$2,$4,$-4,$-0,$-4,$0,$-4,$-4,$-4,$-3,$-4,$28,28,$-0.13,$-0.13,$29,$0,$0,$29,$0,$0,$17,$0,$17,$46,$4,$0,$0,$0,$4,$0,$-59,$0,$42,$46,$-15,$2,$4,$6,$0,$0,$0,$-3,$-1,$-11,$-0,$0,$0,$0,$-0,$-0,$0,$-0,$0,$-0,$-0,$27,$27,$0,$0,$26,$15,$4,$0
12,2015-06-30,2.51,$1.50,1.67,0.0,0.0,$-1.04,0.0,$-0.53,0.0,$0.03B,$0.00B,8.45,$0.00B,$0.05B,0.0,$0.00B,0,nan%,$0.00B,$-0.02B,inf%,$0.00B,$-0.02B,inf%,$0.00B,$-0.02B,inf%,$0.00B,$-0.01B,inf%,$0.00B,$-0.01B,inf%,$-0.01B,$0.05B,-38.89%,$-0.01B,$0.03B,-78.87%,$-0.01B,$0.05B,-34.78%,$-0.02B,$0.05B,-47.22%,$0,$0,$0,$1,$2,$3,$-3,$-0,$-3,$0,$-3,$-3,$-3,$-3,$-3,$30,30,$-0.11,$-0.11,$31,$0,$0,$32,$0,$0,$17,$0,$18,$49,$4,$0,$0,$0,$4,$0,$-55,$0,$46,$49,$-11,$1,$4,$5,$0,$0,$0,$-4,$-2,$-8,$-0,$0,$0,$0,$-0,$-0,$0,$-0,$0,$-0,$-0,$27,$27,$0,$0,$27,$18,$3,$0
13,2015-03-31,2.54,$1.61,1.58,0.0,0.0,$-1.07,0.0,$-0.51,0.0,$0.03B,$0.00B,10.23,$0.00B,$0.05B,0.0,$0.00B,0,nan%,$0.00B,$-0.02B,inf%,$0.00B,$-0.02B,inf%,$0.00B,$-0.02B,inf%,$0.00B,$-0.01B,inf%,$0.00B,$-0.01B,inf%,$-0.01B,$0.05B,-40.94%,$-0.01B,$0.03B,-100.00%,$-0.01B,$0.05B,-35.14%,$-0.02B,$0.05B,-50.39%,$0,$0,$0,$3,$3,$7,$-7,$3,$-3,$0,$-3,$-3,$-3,$-6,$-7,$28,28,$-0.12,$-0.12,$33,$0,$0,$34,$0,$0,$18,$0,$18,$51,$3,$0,$0,$0,$3,$0,$-51,$0,$48,$51,$-8,$1,$3,$4,$0,$0,$0,$-4,$-3,$-7,$-0,$0,$0,$0,$-0,$-0,$0,$-0,$0,$-0,$-0,$27,$27,$0,$0,$27,$20,$3,$0
14,2014-12-31,8.34,$0.89,9.32,0.0,0.0,$-0.91,0.0,$-0.49,0.0,$0.01B,$0.01B,1.63,$0.00B,$0.02B,0.0,$0.00B,0,nan%,$0.00B,$-0.01B,inf%,$0.00B,$-0.01B,inf%,$0.00B,$-0.01B,inf%,$0.00B,$-0.01B,inf%,$0.00B,$-0.01B,inf%,$-0.01B,$0.02B,-58.54%,$-0.01B,$0.00B,-200.00%,$-0.01B,$0.03B,-47.52%,$-0.01B,$0.02B,-53.66%,$0,$0,$0,$3,$1,$4,$-4,$-1,$-5,$0,$-5,$-5,$-5,$-4,$-4,$25,25,$-0.18,$-0.18,$10,$0,$0,$11,$0,$0,$18,$0,$18,$29,$7,$0,$0,$0,$7,$0,$-48,$0,$23,$29,$-5,$0,$0,$1,$0,$0,$0,$0,$1,$-3,$0,$0,$0,$0,$0,$0,$0,$0,$0,$-0,$-0,$0,$0,$0,$0,$-0,$-3,$0,$0
15,2014-09-30,7.25,$1.06,6.84,0.0,0.0,$-0.87,0.0,$-0.41,0.0,$0.01B,$0.01B,2.53,$0.00B,$0.03B,0.0,$0.00B,0,nan%,$0.00B,$-0.01B,inf%,$0.00B,$-0.01B,inf%,$0.00B,$-0.01B,inf%,$0.00B,$-0.01B,inf%,$0.00B,$-0.01B,inf%,$-0.01B,$0.03B,-57.14%,$-0.01B,$0.01B,-150.00%,$-0.01B,$0.03B,-46.75%,$-0.01B,$0.03B,-57.14%,$0,$0,$0,$1,$2,$3,$-3,$-0,$-3,$0,$-3,$-3,$-3,$-3,$-3,$22,22,$-0.12,$-0.12,$13,$0,$0,$13,$0,$0,$19,$0,$19,$32,$5,$0,$0,$0,$5,$0,$-43,$0,$27,$32,$-9,$0,$3,$4,$0,$0,$0,$0,$0,$-5,$-4,$0,$0,$0,$-0,$-0,$0,$-4,$0,$-0,$-0,$17,$17,$0,$0,$17,$8,$3,$0
16,2014-06-30,9.51,$1.16,8.21,0.0,0.0,$-0.61,0.0,$-0.29,0.0,$0.02B,$0.01B,2.23,$0.00B,$0.03B,0.0,$0.00B,0,nan%,$0.00B,$-0.01B,inf%,$0.00B,$-0.01B,inf%,$0.00B,$-0.01B,inf%,$0.00B,$-0.01B,inf%,$0.00B,$-0.01B,inf%,$-0.01B,$0.03B,-78.05%,$-0.01B,$0.01B,-152.38%,$-0.01B,$0.04B,-62.75%,$-0.01B,$0.03B,-78.05%,$0,$0,$0,$1,$1,$2,$-2,$0,$-2,$0,$-2,$-2,$-2,$-2,$-2,$23,23,$-0.09,$-0.09,$15,$0,$0,$15,$0,$0,$20,$0,$20,$36,$7,$0,$0,$0,$7,$0,$-40,$0,$29,$36,$-6,$0,$2,$2,$0,$0,$0,$0,$-0,$-4,$-4,$0,$0,$0,$0,$0,$0,$-4,$0,$-0,$-0,$17,$17,$0,$0,$17,$10,$2,$0
17,2014-03-31,13.61,$0.15,89.19,0.0,0.0,$-0.39,0.0,$-0.20,0.0,$0.00B,$0.00B,4.06,$0.00B,$0.00B,0.0,$0.00B,0,nan%,$0.00B,$-0.01B,inf%,$0.00B,$-0.01B,inf%,$0.00B,$-0.01B,inf%,$0.00B,$-0.01B,inf%,$0.00B,$-0.01B,inf%,$-0.01B,$0.00B,-147.37%,$-0.01B,$0.00B,-155.56%,$-0.01B,$0.00B,-127.27%,$-0.01B,$0.00B,-147.37%,$0,$0,$0,$1,$1,$2,$-2,$0,$-2,$0,$-2,$-2,$-2,$-2,$-2,$20,20,$-0.10,$-0.10,$3,$0,$0,$4,$0,$0,$1,$0,$1,$4,$1,$0,$0,$0,$1,$0,$-38,$0,$3,$4,$-4,$0,$2,$2,$0,$0,$0,$0,$0,$-2,$0,$0,$0,$0,$0,$0,$0,$0,$0,$-0,$-0,$0,$0,$0,$0,$0,$-2,$2,$0
18,2013-12-31,7.88,$0.22,36.26,0.0,0.0,$-0.37,0.0,$-0.10,0.0,$0.00B,$0.00B,16.13,$0.00B,$0.00B,0.0,$0.00B,0,nan%,$0.00B,$-0.01B,inf%,$0.00B,$-0.01B,inf%,$0.00B,$-0.01B,inf%,$0.00B,$-0.01B,inf%,$0.00B,$-0.01B,inf%,$-0.01B,$0.00B,-111.11%,$-0.01B,$0.00B,-117.65%,$-0.01B,$0.01B,-95.24%,$-0.01B,$0.00B,-133.33%,$0,$0,$0,$1,$0,$2,$-2,$0,$-2,$0,$-2,$-2,$-2,$-2,$-2,$20,20,$-0.10,$-0.10,$4,$0,$0,$4,$0,$0,$1,$0,$1,$5,$0,$0,$0,$0,$0,$0,$-36,$0,$4,$5,$-2,$0,$1,$1,$0,$0,$0,$0,$-0,$-1,$0,$0,$0,$0,$0,$0,$0,$0,$0,$-0,$-0,$0,$0,$0,$0,$0,$-1,$1,$0
19,2013-09-30,8.11,$0.27,30.42,0.0,0.0,$-0.35,0.0,0,0.0,$0.01B,$0.00B,10.77,$0.00B,$0.01B,0.0,$0.00B,0,nan%,$0.00B,$-0.01B,inf%,$0.00B,$-0.01B,inf%,$0.00B,$-0.01B,inf%,$0.00B,$-0.01B,inf%,$0.00B,$-0.01B,inf%,$-0.01B,$0.01B,-133.33%,$-0.01B,$0.01B,-153.85%,$-0.01B,$0.01B,-105.26%,$-0.01B,$0.01B,-133.33%,$0,$0,$0,$1,$1,$2,$-2,$-0,$-2,$0,$-2,$-2,$-2,$-2,$-2,$19,19,$-0.07,$-0.07,$5,$0,$0,$5,$0,$0,$1,$0,$1,$6,$0,$0,$0,$0,$0,$0,$-34,$0,$5,$6,$-6,$0,$2,$3,$0,$0,$0,$0,$0,$-3,$0,$0,$0,$0,$0,$0,$0,$0,$0,$-0,$-0,$5,$5,$0,$0,$5,$2,$1,$0
20,2013-06-30,8.0,$0.34,23.82,0.0,0.0,$-0.33,0.0,0,0.0,$0.01B,$0.00B,24.64,$0.00B,$0.01B,0.0,$0.00B,0,nan%,$0.00B,$-0.00B,inf%,$0.00B,$-0.00B,inf%,$0.00B,$-0.00B,inf%,$0.00B,$-0.00B,inf%,$0.00B,$-0.00B,inf%,$-0.00B,$0.01B,-100.00%,$-0.00B,$0.01B,-120.00%,$-0.00B,$0.01B,-70.59%,$-0.00B,$0.01B,-133.33%,$0,$0,$0,$0,$1,$1,$-1,$-0,$-1,$0,$-1,$-1,$-1,$-1,$-1,$19,19,$-0.07,$-0.07,$6,$0,$0,$6,$0,$0,$1,$0,$1,$7,$0,$0,$0,$0,$0,$0,$-32,$0,$7,$7,$-4,$0,$2,$2,$0,$0,$0,$0,$-0,$-2,$0,$0,$0,$0,$0,$0,$0,$0,$0,$-0,$-0,$5,$5,$0,$0,$5,$3,$1,$0
21,2013-03-31,5.04,$0.05,109.8,0.0,0.0,$-0.32,0.0,0,0.0,$0.00B,$0.00B,6.21,$0.00B,$0.00B,0.0,$0.00B,0,nan%,$0.00B,$-0.00B,inf%,$0.00B,$-0.00B,inf%,$0.00B,$-0.00B,inf%,$0.00B,$-0.00B,inf%,$0.00B,$-0.00B,inf%,$-0.00B,$0.00B,-160.00%,$-0.00B,$0.00B,-200.00%,$-0.00B,$0.00B,-61.54%,$-0.00B,$0.00B,-320.00%,$0,$0,$0,$0,$0,$1,$-1,$0,$-0,$0,$-0,$-0,$-0,$-1,$-1,$16,16,$-0.02,$-0.02,$2,$0,$0,$2,$0,$0,$1,$0,$1,$3,$0,$0,$0,$0,$0,$0,$-31,$0,$2,$3,$-3,$0,$1,$1,$0,$0,$0,$0,$0,$-1,$0,$0,$0,$0,$0,$0,$0,$0,$0,$-0,$-0,$0,$0,$0,$0,$0,$-1,$0,$0
22,2012-12-31,5.37,$0.01,475.22,0.0,0.0,$-0.28,0.0,0,0.0,$0.00B,$0.00B,0.96,$0.00B,$0.00B,0.0,$0.00B,0,nan%,$0.00B,$-0.00B,inf%,$0.00B,$-0.00B,inf%,$0.00B,$-0.00B,inf%,$0.00B,$-0.00B,inf%,$0.00B,$-0.00B,inf%,$-0.00B,$0.00B,-600.00%,$-0.00B,$0.00B,-1200.00%,$-0.00B,$0.00B,-100.00%,$-0.00B,$0.00B,-800.00%,$0,$0,$0,$1,$0,$1,$-1,$-1,$-2,$0,$-2,$-2,$-2,$-1,$-1,$16,16,$-0.14,$-0.14,$2,$0,$0,$2,$0,$0,$1,$0,$1,$3,$2,$0,$0,$0,$2,$0,$-31,$0,$1,$3,$-2,$0,$2,$2,$0,$0,$0,$0,$-0,$-1,$0,$0,$0,$0,$0,$0,$0,$0,$0,$-0,$-0,$0,$0,$0,$0,$0,$-1,$0,$0
23,2012-09-30,3.03,$0.15,19.68,0.0,0.0,$-0.24,0.0,0,0.0,$0.00B,$0.00B,2.61,$0.00B,$0.00B,0.0,$0.00B,0,nan%,$0.00B,$-0.00B,inf%,$0.00B,$-0.00B,inf%,$0.00B,$-0.00B,inf%,$0.00B,$-0.00B,inf%,$0.00B,$-0.00B,inf%,$-0.00B,$0.00B,200.00%,$-0.00B,$0.00B,133.33%,$-0.00B,$0.00B,-36.36%,$-0.00B,$0.00B,600.00%,$0,$0,$0,$1,$0,$1,$-1,$1,$0,$0,$0,$0,$0,$-1,$-1,$14,14,$-0.05,$-0.05,$3,$0,$0,$3,$0,$0,$1,$0,$1,$4,$1,$0,$0,$0,$1,$0,$-29,$0,$2,$4,$-1,$0,$-0,$-0,$0,$0,$0,$0,$0,$-2,$-0,$0,$0,$0,$0,$0,$0,$-0,$0,$-0,$-0,$4,$4,$0,$0,$4,$2,$1,$0
24,2012-06-30,2.7,$0.00,710.53,0.0,0.0,$-0.14,0.0,0,0.0,$0.00B,$0.00B,0.79,$0.00B,$0.00B,0.0,$0.00B,0,nan%,$0.00B,$-0.00B,inf%,$0.00B,$-0.00B,inf%,$0.00B,$-0.00B,inf%,$0.00B,$-0.00B,inf%,$0.00B,$-0.00B,inf%,$-0.00B,$0.00B,88.89%,$-0.00B,$0.00B,80.00%,$-0.00B,$0.00B,-100.00%,$-0.00B,$0.00B,88.89%,$0,$0,$0,$0,$0,$1,$-1,$0,$-0,$0,$-0,$-0,$-0,$-0,$-1,$14,14,$-0.03,$-0.03,$1,$0,$0,$2,$0,$0,$1,$0,$1,$3,$2,$0,$0,$0,$2,$0,$-29,$0,$0,$3,$-2,$0,$0,$0,$0,$0,$0,$0,$0,$-1,$-0,$0,$0,$0,$0,$0,$0,$-0,$0,$0,$0,$2,$2,$0,$0,$2,$1,$1,$0
25,2012-03-31,2.7,$-0.02,-162.65,0.0,0.0,$-0.06,0.0,0,0.0,$0.00B,$0.00B,0.46,$0.00B,$-0.00B,0.0,$0.00B,0,nan%,$0.00B,$-0.00B,inf%,$0.00B,$-0.00B,inf%,$0.00B,$-0.00B,inf%,$0.00B,$-0.01B,inf%,$0.00B,$-0.01B,inf%,$-0.01B,$-0.00B,153.85%,$-0.01B,$-0.00B,142.86%,$-0.01B,$0.00B,-285.71%,$-0.00B,$-0.00B,30.77%,$0,$0,$0,$0,$0,$1,$-1,$-1,$-1,$0,$-1,$-1,$-1,$-1,$-1,$42,42,$-0.03,$-0.03,$1,$0,$0,$1,$0,$0,$1,$0,$1,$2,$3,$0,$0,$0,$3,$0,$-28,$0,$-1,$2,$-1,$0,$0,$0,$0,$0,$0,$0,$0,$-1,$-0,$0,$0,$0,$0,$0,$0,$-0,$0,$0,$0,$1,$1,$0,$0,$1,$0,$0,$0
26,2011-12-31,1.95,$-0.08,-23.47,0.0,0.0,$-0.05,0.0,0,0.0,$0.00B,$0.01B,0.24,$0.00B,$-0.00B,0.0,$0.00B,0,nan%,$0.00B,0,nan%,$0.00B,0,nan%,$0.00B,0,nan%,$0.00B,$-0.00B,inf%,$0.00B,$-0.00B,inf%,$-0.00B,$-0.00B,133.33%,$-0.00B,$-0.00B,114.29%,$-0.00B,$0.00B,-228.57%,$0.00B,$-0.00B,0.00%,$0,$0,$0,$0,$0,$0,$-0,$1,$0,$0,$0,$0,$0,$-0,$-0,$40,53,$0.01,$0.01,$1,$0,$0,$1,$0,$0,$1,$0,$1,$2,$6,$0,$0,$0,$6,$0,$-27,$0,$-3,$2,$0,$0,$-1,$-1,$0,$0,$0,$0,$0,$-0,$-0,$0,$0,$0,$0,$0,$0,$-0,$0,$0,$0,$1,$1,$0,$0,$1,$1,$0,$0
27,2011-09-30,2.25,$-0.12,-18.69,0.0,0.0,$-0.04,0.0,0,0.0,$0.00B,$0.01B,0.11,$0.00B,$-0.01B,0.0,$0.00B,0,nan%,$0.00B,0,nan%,$0.00B,0,nan%,$0.00B,0,nan%,$0.00B,$-0.00B,inf%,$0.00B,$-0.00B,inf%,$-0.00B,$-0.01B,160.00%,$-0.00B,$-0.01B,133.33%,$-0.00B,$0.00B,-228.57%,$0.00B,$-0.01B,0.00%,$0,$0,$0,$0,$0,$0,$-0,$-1,$-1,$0,$-1,$-1,$-1,$-0,$-0,$39,39,$-0.04,$-0.05,$0,$0,$0,$1,$0,$0,$1,$0,$1,$1,$6,$0,$0,$0,$6,$0,$-27,$0,$-5,$1,$-5,$0,$4,$4,$0,$0,$0,$-0,$-0,$-1,$0,$0,$0,$0,$0,$0,$0,$0,$-0,$-0,$-0,$1,$1,$0,$0,$1,$0,$0,$0
28,2011-06-30,1.8,$-0.09,-20.22,0.0,0.0,$-0.04,0.0,0,0.0,$0.00B,$0.00B,2.8,$0.00B,$-0.00B,0.0,$0.00B,0,nan%,$0.00B,0,nan%,$0.00B,0,nan%,$0.00B,0,nan%,$0.00B,$-0.00B,inf%,$0.00B,$-0.00B,inf%,$-0.00B,$-0.00B,160.00%,$-0.00B,$-0.00B,100.00%,$-0.00B,$0.00B,-114.29%,$0.00B,$-0.00B,0.00%,$0,$0,$0,$0,$0,$0,$-0,$-3,$-3,$0,$-3,$-3,$-3,$-0,$-0,$40,40,$-0.08,$-0.08,$1,$0,$0,$1,$0,$0,$1,$0,$1,$2,$0,$0,$5,$5,$5,$0,$-26,$0,$-4,$2,$-4,$0,$3,$3,$0,$0,$0,$0,$0,$-1,$0,$0,$0,$0,$0,$0,$0,$0,$-0,$-0,$-0,$1,$1,$0,$0,$1,$0,$0,$0
29,2011-03-31,0.75,$-0.01,-68.81,0.0,0.0,$-0.03,0.0,0,0.0,$0.00B,$0.00B,3.51,$0.00B,$0.00B,0.0,$0.00B,0,nan%,$0.00B,0,nan%,$0.00B,0,nan%,$0.00B,0,nan%,$0.00B,$0.00B,inf%,$0.00B,$0.00B,inf%,$0.00B,$0.00B,-200.00%,$0.00B,$-0.00B,-66.67%,$0.00B,$0.00B,57.14%,$0.00B,$0.00B,0.00%,$0,$0,$0,$0,$0,$0,$-0,$0,$-0,$0,$-0,$-0,$-0,$-0,$-0,$40,40,$0.00,$0.00,$1,$0,$0,$1,$0,$0,$1,$0,$1,$2,$0,$0,$2,$2,$2,$0,$-23,$0,$-0,$2,$-1,$0,$0,$0,$0,$0,$0,$0,$0,$-0,$0,$0,$0,$0,$0,$0,$0,$0,$-0,$-0,$-0,$1,$1,$0,$0,$1,$1,$0,$0
30,2010-12-31,0.75,$-0.02,-40.11,0.0,0.0,$-0.03,0.0,0,0.0,$0.00B,$0.00B,2.5,$0.00B,$-0.00B,0.0,$0.00B,0,nan%,$0.00B,0,nan%,$0.00B,0,nan%,$0.00B,0,nan%,$0.00B,$0.00B,inf%,$0.00B,$0.00B,inf%,$0.00B,$-0.00B,-133.33%,$0.00B,$-0.00B,-57.14%,$0.00B,$0.00B,57.14%,$0.00B,$-0.00B,0.00%,$0,$0,$0,$0,$0,$0,$-0,$-0,$-0,$0,$-0,$-0,$-0,$-0,$-0,$36,0,$-0.01,$0.00,$1,$0,$0,$1,$0,$0,$1,$0,$1,$2,$0,$0,$2,$2,$2,$0,$-22,$0,$-1,$2,$-0,$0,$0,$0,$0,$0,$0,$0,$0,$-0,$0,$0,$0,$0,$0,$0,$0,$0,$-0,$-0,$-0,$1,$1,$0,$0,$1,$0,$0,$0
31,2010-09-30,0.75,$-0.01,-69.44,0.0,0.0,$-0.04,0.0,0,0.0,$0.00B,$0.00B,0.34,$0.00B,$0.00B,0.0,$0.00B,0,nan%,$0.00B,0,nan%,$0.00B,0,nan%,$0.00B,0,nan%,$0.00B,$0.00B,inf%,$0.00B,$0.00B,inf%,$0.00B,$0.00B,-400.00%,$0.00B,$-0.00B,-80.00%,$0.00B,$0.00B,66.67%,$0.00B,$0.00B,0.00%,$0,$0,$0,$0,$-0,$0,$-0,$1,$1,$0,$1,$1,$1,$-0,$-0,$33,33,$0.03,$0.03,$0,$0,$0,$1,$0,$0,$1,$0,$1,$1,$2,$0,$0,$0,$2,$0,$-22,$0,$-0,$1,$0,$0,$-1,$-1,$0,$0,$0,$-0,$0,$-1,$-0,$0,$0,$0,$0,$0,$0,$-0,$-0,$0,$-0,$1,$1,$0,$0,$1,$0,$0,$0
32,2010-06-30,1.47,$-0.04,-36.21,0.0,0.0,$-0.04,0.0,0,0.0,$0.00B,$0.00B,4.1,$0.00B,$-0.00B,-0.03,$0.00B,0,nan%,$0.00B,0,nan%,$0.00B,0,nan%,$0.00B,0,nan%,$0.00B,0,nan%,$0.00B,0,nan%,$0.00B,$-0.00B,nan%,$0.00B,$-0.00B,0.00%,$0.00B,$0.00B,0.00%,$0.00B,$-0.00B,nan%,$0,$0,$0,$0,$0,$0,$-0,$0,$-0,$0,$-0,$-0,$-0,$-0,$-0,$35,35,$0.00,$0.00,$1,$0,$0,$1,$0,$0,$1,$0,$1,$2,$0,$0,$3,$3,$3,$0,$-26,$0,$-1,$2,$-0,$0,$0,$0,$0,$0,$0,$-0,$0,$-0,$0,$0,$0,$0,$0,$0,$0,$0,$-0,$0,$-0,$1,$1,$0,$0,$1,$0,$0,$0
33,2010-03-31,1.53,$-0.04,-36.52,0.0,0.0,$-0.04,0.0,0,0.0,$0.00B,$0.00B,4.01,$0.00B,$-0.00B,-0.04,$0.00B,0,nan%,$0.00B,0,nan%,$0.00B,0,nan%,$0.00B,0,nan%,$0.00B,0,nan%,$0.00B,0,nan%,$0.00B,$-0.00B,0.00%,$0.00B,$-0.00B,0.00%,$0.00B,$0.00B,0.00%,$0.00B,$-0.00B,0.00%,$0,$0,$0,$0,$0,$0,$-0,$0,$-0,$0,$-0,$-0,$-0,$-0,$-0,$35,35,$0.00,$0.00,$1,$0,$0,$1,$0,$0,$1,$0,$1,$2,$0,$0,$3,$3,$3,$0,$-26,$0,$-1,$2,$-0,$0,$0,$0,$0,$0,$0,$-0,$-0,$-0,$0,$0,$0,$0,$0,$0,$0,$0,$-0,$0,$-0,$1,$1,$0,$0,$1,$0,$0,$0
34,2009-12-31,1.55,$0.03,49.2,0.0,0.0,$-0.04,0.0,0,0.0,$0.00B,$0.00B,1.52,$0.00B,$0.00B,0.06,$0.00B,0,nan%,$0.00B,0,nan%,$0.00B,0,nan%,$0.00B,0,nan%,$0.00B,0,nan%,$0.00B,0,nan%,$0.00B,$0.00B,0.00%,$0.00B,$0.00B,0.00%,$0.00B,$0.00B,0.00%,$0.00B,$0.00B,0.00%,$0,$0,$0,$0,$0,$0,$-0,$-0,$-0,$0,$-0,$-0,$-0,$-0,$-0,$26,26,$-0.01,$-0.01,$1,$0,$0,$1,$0,$0,$1,$0,$1,$1,$0,$0,$0,$0,$0,$0,$-23,$0,$1,$1,$-0,$0,$0,$0,$0,$0,$0,$-0,$-0,$-0,$0,$0,$0,$0,$0,$0,$0,$0,$-0,$0,$-0,$0,$0,$0,$0,$0,$0,$0,$0
35,2009-09-30,0.42,$0.02,17.28,0.0,0.0,$-0.04,0.0,0,0.0,$0.00B,$0.00B,1.27,$0.00B,$0.00B,0.46,$0.00B,0,nan%,$0.00B,0,nan%,$0.00B,0,nan%,$0.00B,0,nan%,$0.00B,0,nan%,$0.00B,0,nan%,$0.00B,$0.00B,0.00%,$0.00B,$0.00B,0.00%,$0.00B,$0.00B,0.00%,$0.00B,$0.00B,0.00%,$0,$0,$0,$0,$1,$0,$-0,$0,$-0,$0,$-0,$-0,$-0,$-0,$-0,$25,25,$0.00,$0.00,$0,$0,$0,$0,$0,$0,$1,$0,$1,$1,$0,$0,$0,$0,$1,$0,$-22,$0,$1,$1,$-1,$0,$0,$0,$0,$0,$0,$0,$0,$-0,$0,$-0,$0,$0,$0,$0,$0,$-0,$-0,$0,$-0,$0,$1,$0,$0,$1,$0,$0,$0
36,2009-06-30,0.6,$0.03,20.48,0.0,0.0,$-0.04,0.0,0,0.0,$0.00B,$0.00B,1.74,$0.00B,$0.00B,0.59,$0.00B,0,nan%,$0.00B,0,nan%,$0.00B,0,nan%,$0.00B,0,nan%,$0.00B,0,nan%,$0.00B,0,nan%,$0.00B,$0.00B,0.00%,$0.00B,$0.00B,0.00%,$0.00B,$0.00B,0.00%,$0.00B,$0.00B,0.00%,$0,$0,$0,$0,$0,$0,$-0,$-0,$-0,$0,$-0,$-0,$-0,$-0,$-0,$25,25,$-0.01,$-0.01,$1,$0,$0,$1,$0,$0,$1,$0,$1,$1,$0,$0,$0,$0,$1,$23,$-22,$0,$1,$1,$-1,$0,$0,$0,$0,$0,$0,$0,$-0,$-0,$0,$-0,$0,$0,$0,$0,$0,$-0,$-0,$0,$-0,$0,$1,$0,$0,$1,$1,$0,$0
37,2009-03-31,0.75,$-0.00,-300.0,0.0,0.0,$-0.04,0.0,0,0.0,$0.00B,$0.00B,0.04,$0.00B,$0.00B,-4.61,$0.00B,0,nan%,$0.00B,0,nan%,$0.00B,0,nan%,$0.00B,0,nan%,$0.00B,0,nan%,$0.00B,0,nan%,$0.00B,$0.00B,nan%,$0.00B,$-0.00B,0.00%,$0.00B,$0.00B,0.00%,$0.00B,$0.00B,nan%,$0,$0,$0,$0,$0,$0,$-0,$-0,$-0,$0,$-0,$-0,$-0,$-0,$-0,$25,25,$-0.02,$-0.02,$0,$0,$0,$0,$0,$0,$1,$0,$1,$1,$0,$0,$0,$0,$1,$22,$-22,$0,$-0,$1,$-1,$0,$0,$0,$0,$0,$0,$-0,$-0,$-0,$0,$-0,$0,$0,$0,$0,$0,$-0,$0,$0,$0,$0,$0,$0,$0,$0,$-0,$0,$0
38,2008-12-31,2.4,$-0.00,-1846.15,0.0,0.0,$-0.04,0.0,0,0.0,$0.00B,$0.00B,0.18,$0.00B,$0.00B,0.0,$0.00B,0,nan%,$0.00B,0,nan%,$0.00B,0,nan%,$0.00B,0,nan%,$0.00B,0,nan%,$0.00B,0,nan%,$0.00B,$0.00B,nan%,$0.00B,$0.00B,nan%,$0.00B,$0.00B,nan%,$0.00B,$0.00B,nan%,$0,$0,$0,$0,$0,$0,$-0,$0,$-0,$0,$-0,$-0,$-0,$-0,$-0,$25,25,$0.00,$0.00,$0,$0,$0,$0,$0,$0,$0,$0,$0,$0,$0,$0,$0,$0,$0,$22,$-22,$0,$-0,$0,$-0,$0,$0,$0,$0,$0,$0,$0,$-0,$-0,$0,$0,$0,$0,$0,$0,$0,$0,$0,$0,$0,$0,$0,$0,$0,$0,$-0,$0,$0
39,2008-09-30,0.75,$0.00,576.92,0.0,0.0,$-0.05,0.0,0,0.0,$0.00B,$0.00B,0.65,$0.00B,$0.00B,0.0,$0.00B,0,nan%,$0.00B,0,nan%,$0.00B,0,nan%,$0.00B,0,nan%,$0.00B,0,nan%,$0.00B,0,nan%,$0.00B,$0.00B,nan%,$0.00B,$0.00B,nan%,$0.00B,$0.00B,nan%,$0.00B,$0.00B,nan%,$0,$0,$0,$0,$0,$0,$-0,$0,$-0,$0,$-0,$-0,$-0,$-0,$-0,$25,25,$-0.02,$-0.01,$0,$0,$0,$0,$0,$0,$0,$0,$0,$0,$0,$0,$0,$0,$0,$0,$-22,$0,$0,$0,$0,$0,$-0,$-0,$0,$0,$0,$0,$-0,$-1,$0,$0,$0,$0,$0,$0,$0,$0,$0,$0,$0,$0,$0,$0,$0,$0,$-0,$0,$0
40,2008-06-30,1.53,$0.00,900.0,0.0,0.0,$-0.23,0.0,0,0.0,$0.00B,$0.00B,0.79,$0.00B,$0.00B,0.0,$0.00B,0,nan%,$0.00B,0,nan%,$0.00B,0,nan%,$0.00B,0,nan%,$0.00B,0,nan%,$0.00B,$-0.00B,inf%,$-0.00B,$0.00B,inf%,$-0.00B,$0.00B,inf%,$-0.00B,$0.00B,inf%,$0.00B,$0.00B,nan%,$0,$0,$0,$0,$0,$0,$-0,$0,$-0,$0,$-0,$-0,$0,$-0,$-0,$25,38,$0.00,$0.00,$0,$0,$0,$0,$0,$0,$0,$0,$0,$0,$0,$0,$0,$0,$0,$21,$-21,$0,$0,$0,$0,$0,$-1,$-1,$0,$0,$0,$0,$0,$-1,$0,$0,$0,$0,$0,$0,$0,$0,$0,$0,$0,$0,$0,$0,$0,$0,$-0,$0,$0
