,Date,Stock Price,Book Value per Share,Price to Book Ratio,TTM Sales per Share,Price to Sales Ratio,TTM FCF per Share,Price to FCF Ratio,TTM Net EPS,PE Ratio,Current Assets,Current Liabilities,Current Ratio,Long Term Debt,Shareholder's Equity_x,Debt to Equity Ratio,TTM Revenue_x,TTM Gross Profit,Gross Margin,TTM Revenue_y,TTM Operating Income,Operating Margin,TTM Revenue_x,TTM EBIT,EBIT Margin,TTM Revenue_y,TTM EBITDA,EBITDA Margin,TTM Revenue_x,TTM Pre-Tax Income,Pre-Tax Margin,TTM Revenue_y,TTM Net Income_x,Net Margin,TTM Net Income_y,Shareholder's Equity_y,Return on Equity,TTM Net Income_x,Tangible Equity,Return on Tangible Equity,TTM Net Income_y,Total Assets,Return on Assets,TTM Net Income,LT Investments & Debt,Return on Investment,revenue,cost-goods-sold,gross-profit,research-development-expenses,selling-general-administrative-expenses,operating-expenses,operating-income,total-non-operating-income-expense,pre-tax-income,total-provision-income-taxes,income-after-taxes,income-from-continuous-operations,net-income,ebitda,ebit,basic-shares-outstanding,shares-outstanding,eps-basic-net-earnings-per-share,eps-earnings-per-share-diluted,cash-on-hand,inventory,other-current-assets,total-current-assets,net-property-plant-equipment,long-term-investments,goodwill-intangible-assets-total,other-long-term-assets,total-long-term-assets,total-assets,total-current-liabilities,long-term-debt,other-non-current-liabilities,total-long-term-liabilities,total-liabilities,common-stock-net,retained-earnings-accumulated-deficit,comprehensive-income,total-share-holder-equity,total-liabilities-share-holders-equity,net-income-loss,total-depreciation-amortization-cash-flow,other-non-cash-items,total-non-cash-items,change-in-accounts-receivable,change-in-inventories,change-in-accounts-payable,change-in-assets-liabilities,total-change-in-assets-liabilities,cash-flow-from-operating-activities,net-change-in-property-plant-equipment,net-change-in-intangible-assets,net-acquisitions-divestitures,net-change-in-short-term-investments,net-change-in-long-term-investments,net-change-in-investments-total,investing-activities-other,cash-flow-from-investing-activities,net-long-term-debt,net-current-debt,debt-issuance-retirement-net-total,net-common-equity-issued-repurchased,net-total-equity-issued-repurchased,total-common-preferred-stock-dividends-paid,financial-activities-other,cash-flow-from-financial-activities,net-cash-flow,stock-based-compensation,common-stock-dividends-paid
0,2018-09-30,67.79,$16.17,4.19,$35.50,1.91,$4.69,14.46,$2.23,30.4,$1.81B,$2.45B,0.74,$8.33B,$6.65B,1.25,$13.25B,$3.07B,23.17%,$13.25B,$1.75B,13.24%,$13.25B,$1.75B,13.24%,$13.25B,$2.16B,16.27%,$13.25B,$1.45B,10.91%,$13.25B,$0.92B,6.95%,$0.92B,$6.65B,14.14%,$0.92B,$5.68B,16.67%,$0.92B,$17.91B,5.41%,$1.75B,$14.98B,12.39%,$3394,$2561,$833,$0,$230,$2898,$496,$-79,$417,$103,$314,$314,$313,$603,$496,$412,415,$0.76,$0.75,$84,$555,$84,$1808,$13961,$982,$970,$191,$16103,$17911,$2450,$8326,$0,$8808,$11259,$4,$0,$-158,$6653,$17911,$862,$318,$292,$610,$118,$-91,$-42,$60,$45,$1516,$-1309,$0,$-195,$0,$0,$0,$19,$-1485,$315,$-495,$-180,$1195,$1195,$-983,$-17,$16,$47,$24,$-983
1,2018-06-30,68.99,$16.63,4.15,$34.90,1.98,$5.77,11.95,$1.91,36.12,$1.43B,$2.57B,0.56,$7.09B,$6.84B,1.04,$12.76B,$2.91B,22.84%,$12.76B,$1.61B,12.64%,$12.76B,$1.61B,12.64%,$12.76B,$2.03B,15.90%,$12.76B,$1.29B,10.12%,$12.76B,$0.77B,6.06%,$0.77B,$6.84B,12.41%,$0.77B,$5.85B,14.76%,$0.77B,$16.91B,4.62%,$1.61B,$13.93B,11.67%,$2961,$2176,$785,$0,$230,$2512,$448,$-79,$370,$88,$282,$282,$281,$555,$448,$412,415,$0.68,$0.68,$15,$400,$84,$1434,$13304,$987,$988,$170,$15480,$16914,$2572,$7091,$0,$7503,$10075,$4,$0,$-179,$6838,$16914,$548,$211,$179,$390,$268,$49,$-283,$30,$65,$1003,$-615,$0,$0,$0,$0,$0,$13,$-601,$0,$-962,$-962,$1187,$1187,$-643,$-4,$-423,$-22,$16,$-643
2,2018-03-31,55.5,$16.71,3.32,$40.49,1.37,$6.93,8.0,$1.56,35.57,$1.29B,$2.05B,0.63,$7.09B,$6.87B,1.03,$12.53B,$2.76B,22.07%,$12.53B,$1.48B,11.85%,$12.53B,$1.48B,11.85%,$12.53B,$1.89B,15.12%,$12.53B,$1.14B,9.12%,$12.53B,$0.56B,4.49%,$0.56B,$6.87B,9.53%,$0.56B,$5.88B,11.46%,$0.56B,$16.43B,3.38%,$1.48B,$13.96B,10.84%,$3102,$2368,$734,$0,$210,$2682,$420,$-78,$342,$76,$266,$266,$264,$524,$420,$410,412,$0.65,$0.64,$17,$284,$145,$1291,$12878,$997,$990,$159,$15142,$16432,$2051,$7092,$0,$7512,$9563,$4,$0,$-175,$6869,$16432,$266,$104,$74,$179,$359,$150,$-361,$-59,$51,$495,$-264,$0,$0,$0,$0,$0,$9,$-256,$-502,$-615,$-1117,$1182,$1182,$-316,$-9,$-259,$-20,$7,$-316
3,2017-12-31,51.45,$14.63,3.52,$45.84,1.12,$7.11,7.24,$1.33,38.69,$1.76B,$2.67B,0.66,$8.09B,$5.69B,1.42,$12.17B,$2.64B,21.65%,$12.17B,$1.38B,11.34%,$12.17B,$1.38B,11.34%,$12.17B,$1.79B,14.68%,$12.17B,$1.04B,8.55%,$12.17B,$0.39B,3.17%,$0.39B,$5.69B,7.63%,$0.39B,$4.69B,9.50%,$0.39B,$16.85B,2.33%,$1.38B,$13.78B,10.59%,$3792,$3074,$718,$0,$225,$3402,$390,$-74,$316,$251,$65,$65,$63,$473,$390,$297,300,$0.12,$0.12,$37,$433,$92,$1764,$12698,$1003,$993,$181,$15081,$16846,$2667,$8092,$0,$8493,$11161,$4,$0,$-189,$5685,$16846,$594,$406,$508,$914,$-331,$-202,$261,$56,$-193,$1315,$-509,$0,$0,$0,$0,$0,$-59,$-568,$196,$-496,$-300,$471,$471,$-829,$-302,$-959,$-212,$26,$-829
4,2017-09-30,52.6,$14.47,3.64,$45.69,1.15,$7.97,6.6,$1.60,32.87,$1.52B,$2.74B,0.55,$8.09B,$5.52B,1.47,$11.04B,$2.55B,23.12%,$11.04B,$1.32B,11.97%,$11.04B,$1.32B,11.97%,$11.04B,$1.74B,15.79%,$11.04B,$0.98B,8.83%,$11.04B,$0.41B,3.75%,$0.41B,$5.52B,9.21%,$0.41B,$4.52B,11.85%,$0.41B,$16.77B,2.52%,$1.32B,$13.61B,10.62%,$2906,$2229,$677,$0,$204,$2552,$355,$-91,$264,$97,$167,$167,$165,$477,$355,$381,383,$0.43,$0.43,$12,$392,$176,$1519,$12579,$1014,$996,$182,$15246,$16765,$2741,$8092,$0,$8507,$11248,$4,$0,$-182,$5516,$16765,$529,$323,$224,$547,$-33,$-174,$82,$-14,$-140,$936,$-329,$0,$0,$0,$0,$0,$-66,$-395,$197,$-178,$19,$46,$46,$-543,$-300,$-779,$-237,$20,$-543
5,2017-06-30,48.84,$14.65,3.33,$49.18,0.99,$8.49,5.75,$1.60,30.52,$1.45B,$2.86B,0.51,$7.84B,$5.57B,1.41,$10.49B,$2.48B,23.65%,$10.49B,$1.30B,12.35%,$10.49B,$1.30B,12.35%,$10.49B,$1.69B,16.15%,$10.49B,$0.96B,9.16%,$10.49B,$0.34B,3.25%,$0.34B,$5.57B,8.58%,$0.34B,$4.57B,11.47%,$0.34B,$16.67B,2.10%,$1.30B,$13.40B,10.81%,$2726,$2091,$635,$0,$215,$2406,$319,$-100,$220,$44,$176,$176,$71,$420,$319,$212,214,$0.34,$0.33,$332,$275,$91,$1448,$12547,$945,$999,$171,$15225,$16673,$2861,$7836,$0,$8247,$11108,$4,$0,$-176,$5565,$16673,$362,$200,$117,$318,$123,$-60,$-134,$34,$-37,$643,$-194,$0,$0,$0,$0,$0,$10,$-184,$0,$160,$160,$11,$11,$-260,$-287,$-376,$83,$13,$-260
6,2017-03-31,51.31,$14.11,3.64,$46.49,1.1,$7.42,6.92,$1.67,30.73,$1.38B,$2.73B,0.51,$7.92B,$3.47B,2.28,$9.90B,$2.45B,24.78%,$9.90B,$1.29B,13.05%,$9.90B,$1.29B,13.05%,$9.90B,$1.69B,17.07%,$9.90B,$0.97B,9.84%,$9.90B,$0.36B,3.60%,$0.36B,$3.47B,10.30%,$0.36B,$2.47B,14.52%,$0.36B,$16.07B,2.22%,$1.29B,$11.39B,11.15%,$2750,$2144,$606,$0,$189,$2432,$317,$-76,$241,$55,$186,$186,$87,$417,$317,$212,214,$0.41,$0.41,$311,$193,$139,$1378,$12554,$956,$1002,$177,$14689,$16068,$2732,$7920,$0,$9866,$12598,$2,$31,$-139,$3470,$16068,$186,$99,$54,$154,$138,$-53,$-123,$-10,$-71,$269,$-112,$0,$0,$0,$0,$0,$3,$-109,$-2,$180,$179,$4,$4,$-130,$-150,$-98,$62,$6,$-130
7,2016-12-31,52.55,$16.28,3.23,$42.02,1.25,$6.91,7.6,$1.66,31.65,$1.43B,$2.84B,0.5,$7.92B,$3.43B,2.31,$8.92B,$2.43B,27.19%,$8.92B,$1.29B,14.41%,$8.92B,$1.29B,14.41%,$8.92B,$1.68B,18.81%,$8.92B,$0.96B,10.75%,$8.92B,$0.35B,3.95%,$0.35B,$3.43B,10.05%,$0.35B,$2.42B,14.13%,$0.35B,$16.14B,2.22%,$1.29B,$11.35B,10.96%,$2654,$2021,$633,$0,$204,$2325,$330,$-80,$250,$55,$195,$195,$91,$429,$330,$211,212,$0.42,$0.43,$249,$201,$107,$1430,$12571,$959,$1005,$163,$14709,$16139,$2837,$7920,$0,$9873,$12710,$2,$0,$-154,$3429,$16139,$743,$392,$259,$651,$-286,$-12,$288,$-14,$-41,$1353,$-599,$0,$0,$0,$0,$0,$-16,$-615,$-108,$564,$456,$22,$22,$-518,$-547,$-587,$151,$41,$-518
8,2016-09-30,46.45,$16.34,2.84,$38.69,1.2,$2.60,17.89,$1.35,34.41,$1.37B,$2.34B,0.59,$8.32B,$3.44B,2.42,$8.20B,$2.39B,29.16%,$8.20B,$1.20B,14.60%,$8.20B,$1.20B,14.60%,$8.20B,$1.58B,19.32%,$8.20B,$0.70B,8.48%,$8.20B,$0.29B,3.50%,$0.29B,$3.44B,8.00%,$0.29B,$2.43B,11.15%,$0.29B,$15.98B,1.83%,$1.20B,$11.76B,10.05%,$2358,$1752,$606,$0,$184,$2029,$329,$-80,$250,$55,$195,$195,$92,$428,$329,$211,213,$0.44,$0.43,$237,$299,$95,$1369,$12527,$943,$1008,$122,$14613,$15982,$2342,$8320,$0,$10200,$12542,$2,$0,$-154,$3440,$15982,$549,$292,$185,$477,$-145,$-90,$138,$17,$-104,$922,$-472,$0,$0,$0,$0,$0,$-12,$-485,$344,$147,$491,$15,$15,$-388,$-415,$-297,$140,$31,$-388
9,2016-06-30,42.31,$16.60,2.55,$36.64,1.15,$-0.62,0.0,$1.31,32.3,$1.28B,$2.19B,0.59,$8.32B,$3.49B,2.38,$7.74B,$2.32B,30.01%,$7.74B,$1.15B,14.90%,$7.74B,$1.15B,14.90%,$7.74B,$1.53B,19.76%,$7.74B,$0.65B,8.37%,$7.74B,$0.28B,3.58%,$0.28B,$3.49B,7.42%,$0.28B,$2.48B,10.19%,$0.28B,$15.82B,1.78%,$1.15B,$11.81B,9.67%,$2134,$1527,$607,$0,$192,$1819,$315,$-83,$233,$52,$180,$180,$86,$415,$315,$211,213,$0.41,$0.40,$181,$331,$97,$1281,$12485,$914,$1011,$119,$14542,$15823,$2188,$8320,$0,$10142,$12331,$2,$0,$-159,$3492,$15823,$355,$194,$138,$332,$-85,$-118,$104,$-46,$-155,$532,$-315,$0,$0,$0,$0,$0,$17,$-298,$346,$30,$376,$11,$11,$-259,$-278,$-150,$83,$23,$-259
10,2016-03-31,26.17,$17.35,1.51,$36.71,0.71,$-3.04,0.0,$1.27,20.61,$0.99B,$1.76B,0.56,$8.32B,$3.65B,2.28,$7.73B,$2.24B,28.97%,$7.73B,$1.11B,14.37%,$7.73B,$1.11B,14.37%,$7.73B,$1.47B,19.06%,$7.73B,$0.61B,7.94%,$7.73B,$0.27B,3.47%,$0.27B,$3.65B,6.94%,$0.27B,$2.63B,9.43%,$0.27B,$15.50B,1.73%,$1.11B,$11.97B,9.42%,$1774,$1196,$579,$0,$177,$1463,$311,$-85,$226,$50,$176,$176,$83,$406,$311,$211,211,$0.40,$0.40,$137,$239,$93,$991,$12437,$929,$1014,$113,$14510,$15501,$1764,$8320,$0,$10091,$11856,$2,$0,$-135,$3646,$15501,$175,$94,$62,$157,$68,$-28,$-64,$-53,$-101,$231,$-182,$0,$0,$0,$0,$0,$12,$-170,$348,$-102,$246,$4,$4,$-129,$-142,$-21,$40,$8,$-129
11,2015-12-31,21.07,$17.96,1.17,$36.88,0.57,$-4.72,0.0,$1.16,18.17,$0.98B,$1.64B,0.6,$8.32B,$3.77B,2.21,$7.76B,$2.12B,27.33%,$7.76B,$1.00B,12.83%,$7.76B,$1.00B,12.83%,$7.76B,$1.35B,17.39%,$7.76B,$0.52B,6.71%,$7.76B,$0.25B,3.17%,$0.25B,$3.77B,6.27%,$0.25B,$2.75B,8.47%,$0.25B,$15.45B,1.58%,$1.00B,$12.09B,8.58%,$1931,$1333,$598,$0,$185,$1689,$242,$-256,$-14,$13,$-26,$-26,$26,$335,$242,$210,211,$0.13,$0.12,$98,$205,$79,$975,$12374,$948,$1017,$113,$14471,$15446,$1638,$8324,$0,$10042,$11680,$2,$0,$-127,$3766,$15446,$379,$355,$422,$777,$157,$6,$-205,$-115,$-133,$1023,$-1184,$0,$0,$0,$0,$0,$-6,$-1191,$1284,$-509,$775,$21,$21,$-509,$-194,$93,$-75,$16,$-509
12,2015-09-30,27.02,$19.29,1.4,$41.23,0.66,$-6.26,0.0,$1.49,18.13,$0.95B,$1.96B,0.49,$7.77B,$4.04B,1.93,$8.68B,$2.09B,24.05%,$8.68B,$1.06B,12.23%,$8.68B,$1.06B,12.23%,$8.68B,$1.40B,16.16%,$8.68B,$0.79B,9.13%,$8.68B,$0.32B,3.63%,$0.32B,$4.04B,7.91%,$0.32B,$3.02B,10.62%,$0.32B,$15.51B,2.03%,$1.06B,$11.81B,9.33%,$1899,$1361,$538,$0,$164,$1614,$285,$-82,$203,$38,$165,$165,$82,$373,$285,$210,211,$0.39,$0.39,$38,$205,$107,$953,$12279,$1137,$1020,$116,$14556,$15508,$1961,$7774,$0,$9510,$11471,$2,$0,$-136,$4037,$15508,$407,$261,$146,$407,$158,$-8,$-192,$-81,$-120,$695,$-927,$0,$0,$0,$0,$0,$-15,$-942,$1286,$-768,$518,$14,$14,$-380,$-38,$113,$-134,$14,$-380
13,2015-06-30,32.6,$19.14,1.7,$47.01,0.69,$-6.73,0.0,$1.41,23.12,$1.26B,$2.61B,0.49,$7.29B,$4.00B,1.82,$9.90B,$2.09B,21.07%,$9.90B,$1.07B,10.78%,$9.90B,$1.07B,10.78%,$9.90B,$1.40B,14.09%,$9.90B,$0.74B,7.49%,$9.90B,$0.30B,3.00%,$0.30B,$4.00B,7.59%,$0.30B,$2.98B,10.25%,$0.30B,$15.65B,1.96%,$1.07B,$11.29B,9.56%,$2128,$1603,$525,$0,$165,$1855,$273,$-74,$199,$48,$151,$151,$77,$360,$273,$210,210,$0.36,$0.36,$226,$150,$187,$1264,$12076,$1146,$1023,$130,$14387,$15651,$2607,$7291,$0,$9045,$11652,$2,$23,$-135,$3999,$15651,$247,$173,$99,$272,$59,$-16,$-136,$-102,$-185,$334,$-629,$0,$0,$0,$0,$0,$-27,$-656,$795,$-185,$610,$10,$10,$-252,$7,$375,$53,$8,$-252
14,2015-03-31,39.34,$18.65,2.11,$51.47,0.76,$-6.68,0.0,$1.34,29.36,$1.32B,$2.55B,0.52,$7.34B,$3.89B,1.89,$10.84B,$2.06B,18.97%,$10.84B,$1.05B,9.64%,$10.84B,$1.05B,9.64%,$10.84B,$1.36B,12.53%,$10.84B,$0.73B,6.76%,$10.84B,$0.28B,2.60%,$0.28B,$3.89B,7.30%,$0.28B,$2.88B,9.90%,$0.28B,$15.53B,1.90%,$1.05B,$11.23B,9.43%,$1805,$1344,$461,$0,$179,$1609,$196,$-63,$133,$37,$96,$96,$61,$282,$196,$210,210,$0.29,$0.29,$239,$219,$215,$1322,$11891,$1124,$1012,$168,$14211,$15533,$2549,$7340,$0,$9091,$11640,$2,$73,$-140,$3893,$15533,$96,$86,$44,$130,$134,$-85,$-126,$-110,$-187,$39,$-344,$0,$0,$0,$0,$0,$10,$-334,$797,$-230,$567,$4,$4,$-126,$-84,$361,$67,$6,$-126
15,2014-12-31,40.03,$19.23,2.08,$57.94,0.69,$-4.95,0.0,$1.49,26.87,$1.31B,$2.39B,0.55,$7.15B,$4.01B,1.79,$12.20B,$2.11B,17.27%,$12.20B,$1.14B,9.37%,$12.20B,$1.14B,9.37%,$12.20B,$1.45B,11.88%,$12.20B,$0.82B,6.72%,$12.20B,$0.32B,2.58%,$0.32B,$4.01B,8.58%,$0.32B,$2.99B,11.87%,$0.32B,$15.26B,2.19%,$1.14B,$11.16B,10.53%,$2845,$2281,$563,$0,$181,$2538,$307,$-50,$257,$56,$201,$201,$95,$387,$307,$209,210,$0.45,$0.44,$173,$190,$182,$1307,$11662,$1133,$1015,$125,$13955,$15262,$2392,$7150,$0,$8864,$11256,$2,$138,$-136,$4006,$15262,$663,$306,$256,$562,$382,$161,$-418,$-60,$60,$1286,$-1771,$0,$-815,$0,$0,$0,$20,$-2566,$642,$491,$1133,$19,$19,$-444,$596,$1304,$27,$26,$-444
16,2014-09-30,52.18,$18.06,2.89,$60.87,0.86,$-7.16,0.0,$1.47,35.5,$1.71B,$1.78B,0.96,$7.20B,$3.76B,1.91,$12.80B,$1.99B,15.51%,$12.80B,$1.08B,8.45%,$12.80B,$1.08B,8.45%,$12.80B,$1.42B,11.06%,$12.80B,$0.77B,6.01%,$12.80B,$0.31B,2.43%,$0.31B,$3.76B,8.01%,$0.31B,$2.74B,10.87%,$0.31B,$14.31B,2.07%,$1.08B,$10.95B,9.65%,$3120,$2583,$537,$0,$172,$2829,$291,$-139,$152,$38,$114,$114,$64,$366,$291,$209,211,$0.31,$0.31,$151,$338,$194,$1713,$10242,$1129,$1018,$185,$12599,$14312,$1782,$7195,$0,$8771,$10553,$2,$170,$-108,$3759,$14312,$462,$225,$197,$423,$157,$-43,$-111,$-10,$-14,$871,$-1202,$0,$-14,$0,$0,$0,$24,$-1192,$644,$-564,$80,$13,$13,$-321,$553,$324,$6,$23,$-321
17,2014-06-30,53.72,$18.24,2.95,$61.01,0.88,$-8.33,0.0,$1.46,36.79,$2.06B,$1.85B,1.11,$7.20B,$3.79B,1.9,$12.82B,$1.87B,14.61%,$12.82B,$1.02B,7.98%,$12.82B,$1.02B,7.98%,$12.82B,$1.38B,10.74%,$12.82B,$0.82B,6.40%,$12.82B,$0.31B,2.41%,$0.31B,$3.79B,7.51%,$0.31B,$2.78B,9.97%,$0.31B,$14.39B,1.95%,$1.02B,$10.99B,8.82%,$3067,$2571,$495,$0,$172,$2816,$251,$-60,$191,$42,$149,$149,$62,$323,$251,$209,211,$0.29,$0.29,$359,$335,$212,$2060,$9871,$1212,$1019,$193,$12325,$14385,$1851,$7197,$0,$8740,$10591,$2,$225,$-113,$3793,$14385,$347,$151,$79,$230,$18,$-40,$-3,$-15,$-41,$536,$-822,$0,$-14,$0,$0,$0,$15,$-820,$646,$-564,$82,$9,$9,$-200,$603,$494,$213,$17,$-200
18,2014-03-31,46.33,$15.05,3.08,$59.70,0.78,$-8.26,0.0,$1.17,39.6,$1.66B,$1.89B,0.88,$7.20B,$3.13B,2.3,$12.52B,$1.79B,14.30%,$12.52B,$1.00B,7.98%,$12.52B,$1.00B,7.98%,$12.52B,$1.37B,10.97%,$12.52B,$0.83B,6.60%,$12.52B,$0.25B,1.98%,$0.25B,$3.13B,5.89%,$0.25B,$2.11B,7.74%,$0.25B,$13.65B,1.53%,$1.00B,$10.33B,8.68%,$3163,$2653,$511,$0,$149,$2869,$294,$-74,$220,$15,$205,$205,$94,$373,$294,$209,210,$0.45,$0.45,$210,$231,$185,$1656,$9511,$1229,$1022,$203,$11997,$13653,$1892,$7199,$0,$8634,$10525,$2,$280,$-110,$3128,$13653,$207,$79,$17,$95,$113,$64,$28,$-16,$188,$490,$-429,$0,$-14,$0,$0,$0,$4,$-439,$648,$-439,$209,$3,$3,$-83,$-118,$10,$65,$4,$-83
19,2013-12-31,42.47,$23.45,1.81,$56.67,0.75,$-8.67,0.0,$1.27,33.44,$2.41B,$2.73B,0.88,$7.75B,$4.85B,1.6,$11.87B,$1.65B,13.90%,$11.87B,$0.88B,7.41%,$11.87B,$0.88B,7.41%,$11.87B,$1.27B,10.66%,$11.87B,$0.76B,6.36%,$11.87B,$0.27B,2.25%,$0.27B,$4.85B,5.96%,$0.27B,$3.82B,7.68%,$0.27B,$17.74B,1.60%,$0.88B,$12.60B,7.58%,$3450,$3008,$442,$0,$144,$3203,$246,$-40,$206,$39,$167,$167,$91,$354,$246,$206,210,$0.44,$0.43,$146,$188,$213,$2405,$9232,$1230,$1025,$224,$15337,$17741,$2730,$7754,$0,$10166,$12896,$2,$2021,$-122,$4845,$17741,$577,$384,$341,$725,$-190,$100,$165,$-98,$-7,$1295,$-2243,$0,$-395,$0,$0,$0,$-4,$-2642,$1240,$-253,$987,$21,$21,$-305,$210,$913,$-431,$46,$-305
20,2013-09-30,36.18,$22.74,1.59,$45.97,0.79,$-8.28,0.0,$1.37,26.41,$2.88B,$2.62B,1.1,$7.76B,$4.69B,1.65,$9.63B,$1.11B,11.47%,$9.63B,$0.79B,8.15%,$9.63B,$0.79B,8.15%,$9.63B,$1.15B,11.92%,$9.63B,$0.72B,7.44%,$9.63B,$0.29B,2.99%,$0.29B,$4.69B,6.66%,$0.29B,$3.70B,8.64%,$0.29B,$17.61B,1.78%,$0.79B,$12.45B,7.04%,$3135,$2711,$424,$0,$131,$2904,$231,$-29,$203,$45,$158,$158,$62,$326,$231,$206,210,$0.30,$0.30,$780,$664,$271,$2882,$11771,$1202,$990,$765,$14728,$17610,$2622,$7757,$0,$10298,$12920,$2,$2008,$-219,$4691,$17610,$393,$276,$247,$524,$182,$-147,$83,$-58,$105,$1022,$-1596,$0,$-305,$0,$0,$0,$20,$-1881,$1242,$-255,$987,$9,$9,$-226,$286,$1055,$197,$28,$-226
21,2013-06-30,27.83,$20.25,1.37,$45.45,0.61,$-7.80,0.0,$1.38,20.17,$1.89B,$2.65B,0.71,$6.51B,$4.17B,1.56,$9.53B,$1.24B,12.96%,$9.53B,$0.80B,8.37%,$9.53B,$0.80B,8.37%,$9.53B,$1.15B,12.03%,$9.53B,$0.72B,7.58%,$9.53B,$0.29B,3.05%,$0.29B,$4.17B,6.93%,$0.29B,$3.18B,9.09%,$0.29B,$15.84B,1.86%,$0.80B,$10.69B,7.44%,$2769,$2356,$413,$0,$126,$2541,$228,$-32,$197,$43,$154,$154,$1,$320,$228,$206,209,$0.00,$0.00,$34,$435,$262,$1890,$10979,$1209,$992,$772,$13953,$15842,$2649,$6511,$0,$9019,$11668,$2,$2024,$-212,$4174,$15842,$245,$182,$187,$369,$191,$82,$-64,$-33,$174,$788,$-1057,$0,$0,$0,$0,$0,$13,$-1044,$-4,$17,$13,$6,$6,$-148,$-166,$-295,$-550,$19,$-148
22,2013-03-31,31.89,$20.40,1.56,$44.14,0.72,$-7.11,0.0,$1.67,19.09,$1.95B,$2.34B,0.83,$6.51B,$4.20B,1.55,$9.29B,$1.37B,14.76%,$9.29B,$0.80B,8.65%,$9.29B,$0.80B,8.65%,$9.29B,$1.15B,12.33%,$9.29B,$0.71B,7.69%,$9.29B,$0.35B,3.78%,$0.35B,$4.20B,8.35%,$0.35B,$3.21B,10.94%,$0.35B,$15.45B,2.32%,$0.80B,$10.72B,7.72%,$2518,$2147,$371,$0,$141,$2343,$175,$-25,$149,$39,$111,$111,$113,$265,$175,$205,209,$0.55,$0.54,$144,$302,$241,$1950,$10521,$1220,$994,$761,$13497,$15446,$2337,$6513,$0,$8905,$11242,$2,$2098,$-223,$4204,$15446,$166,$90,$71,$161,$91,$215,$-104,$-72,$144,$471,$-498,$0,$0,$0,$0,$0,$4,$-495,$-2,$-266,$-268,$3,$3,$-74,$-78,$-416,$-442,$17,$-74
23,2012-12-31,28.38,$20.65,1.37,$48.24,0.59,$-6.61,0.0,$1.71,16.6,$2.77B,$2.81B,0.98,$6.52B,$4.23B,1.54,$10.18B,$1.64B,16.14%,$10.18B,$0.95B,9.37%,$10.18B,$0.95B,9.37%,$10.18B,$1.30B,12.77%,$10.18B,$0.86B,8.42%,$10.18B,$0.36B,3.54%,$0.36B,$4.23B,8.50%,$0.36B,$3.24B,11.11%,$0.36B,$15.86B,2.44%,$0.95B,$10.75B,9.43%,$1211,$1314,$-103,$0,$-193,$1061,$151,$18,$168,$24,$144,$144,$112,$237,$151,$206,211,$0.55,$0.53,$584,$517,$315,$2765,$10114,$1221,$996,$759,$13091,$15855,$2813,$6515,$0,$8810,$11623,$2,$2059,$-217,$4232,$15855,$744,$346,$258,$604,$-15,$33,$-31,$-351,$-363,$984,$-1854,$0,$33,$0,$0,$0,$7,$-1814,$1633,$-25,$1608,$-134,$-134,$-262,$127,$1339,$520,$37,$-262
24,2012-09-30,31.85,$20.41,1.56,$61.47,0.52,$-2.39,0.0,$1.73,18.46,$2.96B,$2.44B,1.21,$6.52B,$4.18B,1.56,$13.04B,$2.45B,18.75%,$13.04B,$1.17B,8.95%,$13.04B,$1.17B,8.95%,$13.04B,$1.51B,11.55%,$13.04B,$1.03B,7.87%,$13.04B,$0.36B,2.79%,$0.36B,$4.18B,8.79%,$0.36B,$3.18B,11.61%,$0.36B,$15.36B,2.55%,$1.17B,$10.69B,12.28%,$3029,$2475,$554,$0,$229,$2786,$243,$-35,$208,$43,$165,$165,$65,$324,$243,$205,210,$0.32,$0.31,$979,$645,$348,$2956,$9490,$1218,$998,$701,$12408,$15364,$2439,$6517,$0,$8750,$11189,$2,$2015,$-240,$4176,$15364,$548,$260,$215,$475,$350,$-94,$-156,$-359,$-260,$763,$-1237,$0,$33,$0,$0,$0,$5,$-1199,$1635,$-165,$1470,$-143,$-143,$-194,$207,$1340,$913,$36,$-194
25,2012-06-30,27.69,$20.51,1.35,$63.69,0.43,$0.67,41.54,$1.70,16.29,$1.81B,$2.26B,0.8,$5.23B,$4.21B,1.24,$13.54B,$2.43B,17.90%,$13.54B,$1.17B,8.67%,$13.54B,$1.17B,8.67%,$13.54B,$1.51B,11.13%,$13.54B,$1.01B,7.48%,$13.54B,$0.36B,2.65%,$0.36B,$4.21B,8.94%,$0.36B,$3.21B,11.93%,$0.36B,$13.82B,2.61%,$1.17B,$9.43B,13.20%,$2529,$1980,$549,$0,$231,$2295,$234,$-45,$189,$40,$149,$149,$61,$319,$234,$207,212,$0.29,$0.29,$115,$562,$337,$1807,$9098,$1210,$1000,$702,$12010,$13817,$2257,$5225,$0,$7355,$9611,$2,$2017,$-206,$4206,$13817,$383,$178,$145,$323,$541,$-11,$-404,$-179,$-53,$653,$-779,$0,$32,$0,$0,$0,$8,$-738,$343,$-246,$97,$-145,$-145,$-127,$301,$126,$49,$17,$-127
26,2012-03-31,26.53,$21.07,1.26,$67.69,0.39,$2.89,9.16,$1.67,15.93,$2.61B,$2.60B,1.0,$5.23B,$4.38B,1.19,$14.46B,$2.40B,16.56%,$14.46B,$1.16B,7.99%,$14.46B,$1.16B,7.99%,$14.46B,$1.48B,10.26%,$14.46B,$0.99B,6.87%,$14.46B,$0.35B,2.44%,$0.35B,$4.38B,9.08%,$0.35B,$3.38B,12.27%,$0.35B,$14.25B,2.61%,$1.16B,$9.61B,13.42%,$3415,$2771,$644,$0,$224,$3089,$326,$-33,$293,$74,$219,$219,$123,$420,$326,$208,212,$0.59,$0.58,$781,$299,$374,$2609,$8701,$1220,$1002,$720,$11643,$14252,$2600,$5226,$0,$7272,$9873,$1,$2020,$-179,$4379,$14252,$233,$94,$73,$167,$180,$251,$-177,$-229,$26,$426,$-348,$0,$32,$0,$0,$0,$2,$-314,$697,$-422,$274,$2,$2,$-63,$381,$595,$715,$5,$-63
27,2011-12-31,27.96,$18.40,1.52,$68.80,0.41,$4.60,6.07,$1.68,16.64,$2.32B,$3.25B,0.71,$4.53B,$3.80B,1.19,$14.81B,$2.38B,16.08%,$14.81B,$1.16B,7.82%,$14.81B,$1.16B,7.82%,$14.81B,$1.47B,9.94%,$14.81B,$0.98B,6.65%,$14.81B,$0.36B,2.43%,$0.36B,$3.80B,9.51%,$0.36B,$2.79B,13.01%,$0.36B,$13.70B,2.72%,$1.16B,$8.33B,13.71%,$4071,$3372,$699,$0,$256,$3706,$365,$-29,$336,$72,$264,$264,$115,$443,$365,$209,214,$0.56,$0.56,$66,$550,$289,$2319,$8444,$1223,$1014,$696,$11378,$13697,$3246,$4530,$0,$6651,$9897,$2,$1960,$-206,$3800,$13697,$760,$312,$326,$638,$-56,$66,$103,$-154,$-42,$1356,$-1335,$0,$0,$0,$0,$0,$-37,$-1372,$568,$285,$853,$-282,$-282,$-227,$-285,$59,$36,$66,$-227
28,2011-09-30,21.15,$17.88,1.18,$63.76,0.33,$7.66,2.76,$1.52,13.96,$2.31B,$2.98B,0.78,$4.53B,$3.68B,1.23,$13.74B,$2.22B,16.12%,$13.74B,$1.03B,7.52%,$13.74B,$1.03B,7.52%,$13.74B,$1.34B,9.78%,$13.74B,$0.85B,6.19%,$13.74B,$0.33B,2.39%,$0.33B,$3.68B,8.60%,$0.33B,$2.67B,11.74%,$0.33B,$13.17B,2.54%,$1.03B,$8.21B,12.49%,$3529,$2997,$533,$0,$207,$3280,$249,$-54,$195,$34,$161,$161,$60,$325,$249,$207,212,$0.29,$0.28,$148,$658,$364,$2312,$8019,$1224,$1016,$599,$10859,$13171,$2977,$4532,$1,$6512,$9489,$1,$1903,$-175,$3682,$13171,$495,$234,$232,$466,$195,$27,$-0,$-152,$69,$1030,$-861,$0,$0,$0,$0,$0,$-36,$-897,$571,$93,$664,$-293,$-293,$-169,$-217,$-15,$119,$39,$-169
29,2011-06-30,23.52,$17.86,1.32,$60.77,0.39,$10.71,2.2,$1.49,15.84,$2.53B,$2.84B,0.89,$4.62B,$3.70B,1.25,$13.15B,$2.13B,16.22%,$13.15B,$0.97B,7.38%,$13.15B,$0.97B,7.38%,$13.15B,$1.28B,9.75%,$13.15B,$0.81B,6.12%,$13.15B,$0.32B,2.46%,$0.32B,$3.70B,8.35%,$0.32B,$2.68B,11.35%,$0.32B,$13.04B,2.56%,$0.97B,$8.32B,11.97%,$3445,$2926,$519,$0,$224,$3229,$216,$-46,$170,$36,$134,$134,$55,$295,$216,$211,216,$0.26,$0.25,$478,$574,$352,$2529,$7713,$1177,$1021,$596,$10507,$13036,$2841,$4623,$2,$6498,$9339,$1,$1901,$-131,$3698,$13036,$334,$158,$131,$289,$209,$135,$-20,$-71,$253,$876,$-523,$0,$0,$0,$0,$0,$14,$-509,$664,$-30,$634,$-295,$-295,$-111,$-148,$80,$442,$30,$-111
30,2011-03-31,21.09,$18.47,1.14,$57.85,0.36,$10.99,1.92,$1.43,14.8,$2.80B,$2.30B,1.22,$4.98B,$3.96B,1.26,$12.52B,$2.07B,16.55%,$12.52B,$0.93B,7.46%,$12.52B,$0.93B,7.46%,$12.52B,$1.24B,9.92%,$12.52B,$0.75B,6.01%,$12.52B,$0.31B,2.48%,$0.31B,$3.96B,7.93%,$0.31B,$2.94B,10.74%,$0.31B,$13.04B,2.50%,$0.93B,$8.93B,11.79%,$3761,$3131,$630,$0,$222,$3432,$328,$-46,$283,$84,$198,$198,$130,$408,$328,$214,218,$0.61,$0.60,$870,$408,$238,$2796,$7439,$1187,$1021,$597,$10244,$13040,$2302,$4976,$6,$6781,$9083,$1,$1901,$-135,$3957,$13040,$199,$79,$55,$135,$53,$301,$-78,$37,$314,$648,$-194,$0,$0,$0,$0,$0,$5,$-189,$1067,$-557,$510,$5,$5,$-56,$-79,$381,$846,$8,$-56
31,2010-12-31,17.34,$18.35,0.94,$58.89,0.29,$11.20,1.55,$1.55,11.19,$2.38B,$3.15B,0.76,$3.69B,$3.92B,0.94,$12.68B,$2.06B,16.26%,$12.68B,$0.94B,7.44%,$12.68B,$0.94B,7.44%,$12.68B,$1.25B,9.85%,$12.68B,$0.75B,5.94%,$12.68B,$0.34B,2.64%,$0.34B,$3.92B,8.61%,$0.34B,$2.90B,11.69%,$0.34B,$12.50B,2.74%,$0.94B,$7.61B,12.27%,$3005,$2472,$533,$0,$221,$2765,$240,$-38,$202,$55,$147,$147,$83,$316,$240,$213,216,$0.39,$0.38,$30,$707,$299,$2380,$7313,$1188,$1023,$595,$10119,$12499,$3151,$3687,$0,$5427,$8578,$1,$1827,$-109,$3921,$12499,$541,$307,$146,$454,$92,$-165,$-44,$-45,$-161,$834,$-154,$0,$0,$0,$0,$0,$19,$-134,$-263,$-325,$-588,$21,$21,$-194,$62,$-698,$-1,$24,$-194
32,2010-09-30,13.95,$18.29,0.76,$61.05,0.23,$11.21,1.24,$1.61,8.69,$1.99B,$2.60B,0.77,$3.69B,$3.90B,0.95,$13.10B,$2.09B,15.96%,$13.10B,$0.96B,7.36%,$13.10B,$0.96B,7.36%,$13.10B,$1.27B,9.68%,$13.10B,$0.75B,5.70%,$13.10B,$0.35B,2.63%,$0.35B,$3.90B,9.14%,$0.35B,$2.87B,12.57%,$0.35B,$11.93B,2.80%,$0.96B,$7.59B,12.47%,$2943,$2491,$451,$0,$203,$2756,$187,$-37,$150,$30,$120,$120,$55,$264,$187,$213,215,$0.26,$0.26,$50,$704,$376,$1989,$7139,$1194,$1025,$583,$9941,$11930,$2597,$3692,$2,$5437,$8034,$1,$1795,$-90,$3895,$11930,$393,$231,$98,$328,$567,$-159,$-363,$-7,$38,$760,$68,$0,$0,$0,$0,$0,$11,$79,$-260,$-555,$-815,$9,$9,$-142,$130,$-818,$21,$16,$-142
33,2010-06-30,13.26,$18.19,0.73,$58.49,0.23,$10.49,1.26,$1.58,8.42,$1.88B,$2.88B,0.65,$3.70B,$3.87B,0.96,$12.52B,$2.09B,16.70%,$12.52B,$0.95B,7.60%,$12.52B,$0.95B,7.60%,$12.52B,$1.25B,9.98%,$12.52B,$0.73B,5.85%,$12.52B,$0.34B,2.70%,$0.34B,$3.87B,9.26%,$0.34B,$2.84B,12.90%,$0.34B,$12.12B,2.74%,$0.95B,$7.57B,12.24%,$2807,$2349,$458,$0,$204,$2628,$179,$-61,$117,$31,$86,$86,$42,$254,$179,$213,216,$0.20,$0.20,$103,$573,$298,$1878,$7847,$757,$1027,$610,$10242,$12120,$2876,$3698,$5,$5374,$8249,$1,$1789,$-103,$3871,$12120,$273,$153,$54,$208,$532,$2,$-408,$-15,$110,$591,$-179,$0,$0,$0,$0,$0,$9,$-170,$-257,$-202,$-458,$8,$8,$-93,$197,$-347,$74,$10,$-93
34,2010-03-31,13.87,$18.25,0.76,$55.98,0.25,$11.78,1.18,$1.58,8.81,$2.11B,$2.67B,0.79,$4.10B,$3.88B,1.06,$11.94B,$2.07B,17.29%,$11.94B,$0.93B,7.76%,$11.94B,$0.93B,7.76%,$11.94B,$1.22B,10.23%,$11.94B,$0.73B,6.10%,$11.94B,$0.34B,2.83%,$0.34B,$3.88B,9.56%,$0.34B,$2.85B,13.51%,$0.34B,$12.33B,2.76%,$0.93B,$7.98B,11.86%,$3924,$3305,$619,$0,$203,$3587,$337,$-53,$284,$97,$187,$187,$155,$415,$337,$212,215,$0.73,$0.72,$167,$397,$342,$2109,$7794,$762,$1029,$635,$10220,$12329,$2672,$4103,$13,$5778,$8450,$1,$1794,$-106,$3880,$12329,$187,$78,$25,$103,$236,$177,$-269,$125,$269,$559,$-68,$0,$0,$0,$0,$0,$1,$-66,$-3,$-572,$-575,$5,$5,$-47,$263,$-354,$138,$5,$-47
35,2009-12-31,13.41,$16.27,0.82,$50.91,0.26,$12.09,1.11,$1.44,9.34,$2.59B,$3.34B,0.78,$4.33B,$3.45B,1.26,$10.81B,$2.00B,18.48%,$10.81B,$0.88B,8.17%,$10.81B,$0.88B,8.17%,$10.81B,$1.17B,10.84%,$10.81B,$0.69B,6.36%,$10.81B,$0.31B,2.82%,$0.31B,$3.45B,9.04%,$0.31B,$2.42B,13.03%,$0.31B,$12.83B,2.51%,$0.88B,$7.78B,11.35%,$3424,$2861,$562,$0,$229,$3162,$261,$-66,$196,$59,$136,$136,$93,$335,$261,$211,213,$0.44,$0.44,$29,$583,$538,$2588,$7794,$765,$1031,$650,$10239,$12828,$3339,$4334,$9,$6043,$9382,$1,$1686,$-119,$3445,$12828,$491,$289,$194,$483,$-181,$267,$154,$239,$478,$1453,$-780,$0,$0,$0,$0,$0,$-8,$-788,$383,$-1388,$-1005,$17,$17,$-173,$15,$-1146,$-465,$23,$-173
36,2009-09-30,10.89,$16.12,0.68,$48.25,0.23,$4.22,2.58,$1.33,8.22,$1.86B,$2.64B,0.7,$4.34B,$3.40B,1.28,$10.23B,$1.91B,18.67%,$10.23B,$0.84B,8.22%,$10.23B,$0.84B,8.22%,$10.23B,$1.12B,10.95%,$10.23B,$0.66B,6.44%,$10.23B,$0.28B,2.74%,$0.28B,$3.40B,8.47%,$0.28B,$2.37B,12.34%,$0.28B,$12.03B,2.29%,$0.84B,$7.74B,10.99%,$2365,$1913,$452,$0,$205,$2191,$174,$-37,$136,$34,$102,$102,$48,$246,$174,$211,213,$0.23,$0.23,$52,$657,$421,$1857,$7699,$774,$1032,$667,$10173,$12029,$2644,$4340,$13,$5985,$8630,$1,$1637,$-119,$3400,$12029,$347,$216,$61,$276,$533,$192,$-347,$270,$647,$1271,$-604,$0,$0,$0,$0,$0,$-17,$-622,$387,$-1446,$-1059,$6,$6,$-128,$74,$-1107,$-458,$15,$-128
37,2009-06-30,8.66,$16.19,0.53,$57.21,0.15,$-1.52,0.0,$1.38,6.3,$1.79B,$2.44B,0.74,$4.35B,$3.41B,1.27,$12.10B,$1.91B,15.80%,$12.10B,$0.86B,7.10%,$12.10B,$0.86B,7.10%,$12.10B,$1.13B,9.31%,$12.10B,$0.70B,5.79%,$12.10B,$0.29B,2.40%,$0.29B,$3.41B,9.76%,$0.29B,$2.38B,15.01%,$0.29B,$11.83B,2.36%,$0.86B,$7.76B,11.83%,$2228,$1795,$432,$0,$210,$2073,$155,$-43,$112,$30,$81,$81,$42,$226,$155,$211,212,$0.20,$0.20,$47,$565,$411,$1794,$7591,$735,$1034,$679,$10040,$11834,$2437,$4346,$8,$5984,$8421,$1,$1633,$-83,$3413,$11834,$245,$143,$29,$172,$492,$285,$-324,$206,$659,$1076,$-398,$0,$0,$17,$0,$17,$0,$-380,$390,$-1580,$-1190,$4,$4,$-84,$111,$-1159,$-463,$9,$-84
38,2009-03-31,6.54,$15.39,0.43,$66.37,0.1,$-5.22,0.0,$1.38,4.76,$2.04B,$2.45B,0.83,$4.60B,$3.24B,1.42,$14.05B,$1.90B,13.54%,$14.05B,$0.88B,6.24%,$14.05B,$0.88B,6.24%,$14.05B,$1.13B,8.07%,$14.05B,$0.73B,5.21%,$14.05B,$0.29B,2.06%,$0.29B,$3.24B,11.10%,$0.29B,$2.21B,18.43%,$0.29B,$11.94B,2.35%,$0.88B,$7.84B,12.82%,$2790,$2238,$551,$0,$187,$2497,$293,$-50,$243,$79,$164,$164,$122,$365,$293,$210,211,$0.58,$0.58,$179,$443,$402,$2039,$7437,$748,$1036,$680,$9901,$11940,$2448,$4603,$17,$6251,$8699,$1,$1633,$-56,$3241,$11940,$164,$72,$21,$93,$252,$404,$-311,$150,$534,$791,$-242,$0,$0,$3,$0,$3,$0,$-239,$394,$-1283,$-889,$2,$2,$-42,$-57,$-986,$-433,$4,$-42
39,2008-12-31,8.31,$15.11,0.55,$76.34,0.11,$-5.31,0.0,$1.48,5.63,$3.38B,$4.19B,0.81,$4.11B,$3.17B,1.3,$16.16B,$1.94B,11.98%,$16.16B,$0.92B,5.68%,$16.16B,$0.92B,5.68%,$16.16B,$1.16B,7.19%,$16.16B,$0.79B,4.91%,$16.16B,$0.31B,1.93%,$0.31B,$3.17B,13.54%,$0.31B,$2.13B,24.70%,$0.31B,$13.13B,2.56%,$0.92B,$7.28B,14.30%,$2843,$2369,$474,$0,$192,$2625,$219,$-50,$168,$47,$121,$121,$68,$283,$219,$209,212,$0.33,$0.33,$510,$859,$743,$3378,$7264,$755,$1038,$691,$9748,$13126,$4194,$4113,$46,$5765,$9959,$1,$1553,$-71,$3168,$13126,$600,$244,$147,$391,$434,$-371,$-341,$-238,$-515,$476,$-1471,$0,$0,$0,$0,$0,$16,$-1454,$-416,$2067,$1651,$16,$16,$-163,$-35,$1470,$491,$31,$-163
40,2008-09-30,9.68,$9.85,0.98,$81.77,0.12,$0.11,89.76,$1.64,5.91,$3.02B,$3.62B,0.84,$4.10B,$2.06B,1.99,$17.30B,$2.00B,11.56%,$17.30B,$0.95B,5.51%,$17.30B,$0.95B,5.51%,$17.30B,$1.19B,6.90%,$17.30B,$0.84B,4.87%,$17.30B,$0.35B,2.01%,$0.35B,$2.06B,17.31%,$0.35B,$1.02B,36.05%,$0.35B,$12.22B,2.97%,$0.95B,$6.16B,15.54%,$4239,$3784,$455,$0,$204,$4047,$192,$-15,$177,$24,$153,$153,$58,$252,$192,$209,211,$0.28,$0.28,$73,$1120,$761,$3021,$6893,$756,$1040,$512,$9201,$12222,$3617,$4102,$60,$6547,$10164,$1,$1534,$-69,$2058,$12222,$479,$179,$66,$245,$634,$-482,$-211,$-236,$-246,$478,$-1031,$0,$2,$3,$10,$13,$0,$-1016,$-412,$1120,$707,$7,$7,$-121,$-2,$591,$54,$27,$-121
41,2008-06-30,13.63,$9.50,1.43,$74.97,0.18,$4.74,2.88,$1.43,9.53,$3.27B,$3.73B,0.88,$4.11B,$1.98B,2.07,$15.87B,$1.88B,11.87%,$15.87B,$0.87B,5.45%,$15.87B,$0.87B,5.45%,$15.87B,$1.10B,6.93%,$15.87B,$0.73B,4.62%,$15.87B,$0.30B,1.91%,$0.30B,$1.98B,15.47%,$0.30B,$0.94B,33.10%,$0.30B,$12.17B,2.67%,$0.87B,$6.09B,14.13%,$4173,$3752,$421,$0,$188,$4000,$173,$-29,$144,$31,$113,$113,$42,$233,$173,$209,212,$0.20,$0.20,$99,$902,$760,$3269,$6477,$753,$1042,$629,$8901,$12169,$3730,$4105,$127,$6456,$10186,$1,$1518,$-113,$1983,$12169,$326,$119,$61,$180,$194,$-85,$262,$-342,$29,$535,$-640,$0,$2,$6,$10,$16,$0,$-621,$-409,$599,$190,$6,$6,$-79,$49,$166,$80,$14,$-79
42,2008-03-31,12.36,$9.62,1.28,$68.03,0.18,$8.28,1.49,$1.39,8.89,$2.74B,$2.88B,0.95,$4.12B,$2.01B,2.05,$14.57B,$1.83B,12.56%,$14.57B,$0.83B,5.68%,$14.57B,$0.83B,5.68%,$14.57B,$1.06B,7.26%,$14.57B,$0.69B,4.75%,$14.57B,$0.30B,2.03%,$0.30B,$2.01B,15.35%,$0.30B,$0.97B,33.49%,$0.30B,$11.24B,2.74%,$0.83B,$6.13B,13.88%,$4902,$4316,$586,$0,$193,$4569,$333,$-28,$305,$92,$213,$213,$144,$393,$333,$208,212,$0.69,$0.68,$269,$329,$421,$2743,$6206,$754,$1042,$495,$8497,$11240,$2879,$4118,$64,$6354,$9233,$1,$1516,$-75,$2007,$11240,$213,$59,$27,$87,$-7,$488,$120,$-80,$571,$871,$-339,$0,$2,$3,$0,$3,$0,$-334,$-406,$63,$-343,$2,$2,$-40,$93,$-287,$250,$8,$-40
43,2007-12-31,12.29,$9.47,1.3,$61.75,0.2,$9.19,1.34,$1.39,8.84,$2.95B,$2.88B,1.02,$4.22B,$1.97B,2.14,$13.48B,$1.81B,13.43%,$13.48B,$0.82B,6.11%,$13.48B,$0.82B,6.11%,$13.48B,$1.05B,7.79%,$13.48B,$0.68B,5.07%,$13.48B,$0.31B,2.26%,$0.31B,$1.97B,15.41%,$0.31B,$0.93B,32.70%,$0.31B,$11.06B,2.88%,$0.82B,$6.18B,13.96%,$3985,$3448,$537,$0,$222,$3729,$256,$-39,$217,$55,$161,$103,$103,$315,$256,$208,211,$0.50,$0.49,$19,$841,$368,$2951,$5845,$756,$1044,$465,$8111,$11062,$2882,$4215,$27,$6211,$9093,$1,$1411,$-7,$1969,$11062,$498,$228,$100,$328,$-379,$89,$343,$141,$204,$1030,$-880,$0,$-300,$27,$0,$27,$0,$-1152,$585,$197,$781,$-369,$-369,$-150,$-189,$73,$-49,$21,$-150
44,2007-09-30,12.92,$9.04,1.43,$56.51,0.23,$12.01,1.08,$1.23,10.51,$3.28B,$2.51B,1.31,$4.21B,$1.88B,2.25,$12.57B,$1.74B,13.88%,$12.57B,$0.77B,6.13%,$12.57B,$0.77B,6.13%,$12.57B,$0.99B,7.91%,$12.57B,$0.62B,4.97%,$12.57B,$0.28B,2.20%,$0.28B,$1.88B,13.57%,$0.28B,$0.83B,27.91%,$0.28B,$10.92B,2.66%,$0.77B,$6.09B,13.03%,$2810,$2470,$340,$0,$181,$2707,$103,$-36,$67,$8,$59,$14,$14,$159,$103,$208,212,$0.07,$0.07,$834,$972,$549,$3278,$5248,$741,$1046,$609,$7644,$10922,$2505,$4211,$170,$6542,$9047,$1,$1346,$-28,$1876,$10922,$202,$168,$236,$404,$412,$-47,$-97,$33,$344,$950,$-523,$0,$0,$26,$0,$26,$0,$-498,$588,$359,$947,$-379,$-379,$-113,$-142,$313,$765,$22,$-113
45,2007-06-30,13.65,$8.96,1.52,$54.75,0.25,$13.90,0.98,$1.27,10.75,$2.59B,$2.30B,1.13,$3.61B,$1.86B,1.94,$12.40B,$1.75B,14.14%,$12.40B,$0.79B,6.35%,$12.40B,$0.79B,6.35%,$12.40B,$1.01B,8.14%,$12.40B,$0.65B,5.20%,$12.40B,$0.29B,2.31%,$0.29B,$1.86B,13.59%,$0.29B,$0.81B,26.89%,$0.29B,$9.99B,2.81%,$0.79B,$5.47B,13.26%,$2876,$2509,$368,$0,$176,$2740,$136,$-33,$103,$23,$80,$35,$35,$191,$136,$222,226,$0.16,$0.16,$329,$788,$445,$2591,$5044,$742,$1048,$564,$7397,$9989,$2300,$3609,$78,$5827,$8127,$1,$1369,$-58,$1862,$9989,$188,$112,$160,$272,$311,$138,$12,$47,$507,$967,$-278,$0,$0,$-3,$0,$-3,$0,$-280,$-4,$99,$95,$-381,$-381,$-75,$-90,$-452,$235,$17,$-75
46,2007-03-31,12.09,$9.96,1.21,$52.24,0.23,$14.84,0.81,$1.44,8.4,$3.08B,$2.34B,1.31,$3.63B,$2.21B,1.64,$11.96B,$1.78B,14.92%,$11.96B,$0.92B,7.70%,$11.96B,$0.92B,7.70%,$11.96B,$1.16B,9.67%,$11.96B,$0.77B,6.46%,$11.96B,$0.33B,2.76%,$0.33B,$2.21B,14.75%,$0.33B,$1.16B,27.53%,$0.33B,$10.35B,3.21%,$0.92B,$5.84B,15.83%,$3806,$3241,$565,$0,$182,$3478,$328,$-32,$296,$98,$198,$153,$153,$385,$328,$222,225,$0.69,$0.68,$764,$499,$531,$3080,$4902,$746,$1050,$571,$7269,$10349,$2344,$3627,$57,$5794,$8138,$1,$1372,$-65,$2211,$10349,$153,$56,$500,$557,$60,$0,$-3,$58,$160,$869,$-98,$0,$0,$-507,$0,$-507,$0,$-605,$-1,$-6,$-7,$-17,$-17,$-38,$-45,$-107,$157,$9,$-38
47,2006-12-31,11.5,$10.01,1.15,$52.73,0.22,$14.78,0.78,$1.35,8.55,$3.13B,$1.95B,1.6,$4.03B,$2.22B,1.82,$12.00B,$1.72B,14.33%,$12.00B,$0.86B,7.19%,$12.00B,$0.86B,7.19%,$12.00B,$1.10B,9.15%,$12.00B,$0.72B,6.02%,$12.00B,$0.31B,2.55%,$0.31B,$2.22B,13.46%,$0.31B,$1.17B,24.49%,$0.31B,$10.39B,2.95%,$0.86B,$6.25B,15.08%,$3074,$2603,$471,$0,$212,$2871,$203,$-44,$158,$46,$112,$75,$75,$259,$203,$221,225,$0.34,$0.33,$99,$925,$752,$3125,$4845,$749,$1051,$621,$7266,$10391,$1951,$4031,$137,$6225,$8175,$1,$1257,$40,$2216,$10391,$306,$236,$272,$507,$649,$-14,$-426,$-176,$60,$873,$-77,$0,$-96,$-58,$0,$-58,$-6,$-237,$1353,$-1742,$-389,$-271,$-271,$-135,$176,$-619,$60,$16,$-135
