,Date,Stock Price,Book Value per Share,Price to Book Ratio,TTM Sales per Share,Price to Sales Ratio,TTM FCF per Share,Price to FCF Ratio,TTM Net EPS,PE Ratio,Current Assets,Current Liabilities,Current Ratio,Long Term Debt,Shareholder's Equity_x,Debt to Equity Ratio,TTM Revenue_x,TTM Gross Profit,Gross Margin,TTM Revenue_y,TTM Operating Income,Operating Margin,TTM Revenue_x,TTM EBIT,EBIT Margin,TTM Revenue_y,TTM EBITDA,EBITDA Margin,TTM Revenue_x,TTM Pre-Tax Income,Pre-Tax Margin,TTM Revenue_y,TTM Net Income_x,Net Margin,TTM Net Income_y,Shareholder's Equity_y,Return on Equity,TTM Net Income_x,Tangible Equity,Return on Tangible Equity,TTM Net Income_y,Total Assets,Return on Assets,TTM Net Income,LT Investments & Debt,Return on Investment,revenue,cost-goods-sold,gross-profit,research-development-expenses,selling-general-administrative-expenses,operating-expenses,operating-income,total-non-operating-income-expense,pre-tax-income,total-provision-income-taxes,income-after-taxes,income-from-continuous-operations,net-income,ebitda,ebit,basic-shares-outstanding,shares-outstanding,eps-basic-net-earnings-per-share,eps-earnings-per-share-diluted,cash-on-hand,inventory,other-current-assets,total-current-assets,net-property-plant-equipment,long-term-investments,goodwill-intangible-assets-total,other-long-term-assets,total-long-term-assets,total-assets,total-current-liabilities,long-term-debt,other-non-current-liabilities,total-long-term-liabilities,total-liabilities,common-stock-net,retained-earnings-accumulated-deficit,comprehensive-income,total-share-holder-equity,total-liabilities-share-holders-equity,net-income-loss,total-depreciation-amortization-cash-flow,other-non-cash-items,total-non-cash-items,change-in-accounts-receivable,change-in-inventories,change-in-accounts-payable,change-in-assets-liabilities,total-change-in-assets-liabilities,cash-flow-from-operating-activities,net-change-in-property-plant-equipment,net-change-in-intangible-assets,net-acquisitions-divestitures,net-change-in-short-term-investments,net-change-in-long-term-investments,net-change-in-investments-total,investing-activities-other,cash-flow-from-investing-activities,net-long-term-debt,net-current-debt,debt-issuance-retirement-net-total,net-common-equity-issued-repurchased,net-total-equity-issued-repurchased,total-common-preferred-stock-dividends-paid,financial-activities-other,cash-flow-from-financial-activities,net-cash-flow,stock-based-compensation,common-stock-dividends-paid
0,2018-09-30,31.64,$21.20,1.49,$7.56,4.19,$3.39,9.35,$1.59,19.9,$2.45B,$2.52B,0.97,$0.04B,$0.36B,0.11,$0.11B,$0.09B,83.64%,$0.11B,$0.04B,37.27%,$0.11B,0,0.00%,$0.11B,0,0.00%,$0.11B,$0.03B,29.09%,$0.11B,$0.02B,20.91%,$0.02B,$0.36B,8.13%,$0.02B,$0.25B,10.85%,$0.02B,$2.93B,0.90%,$0.04B,$0.40B,12.75%,$34,$6,$28,$0,$14,$21,$13,$-2,$11,$2,$8,$8,$8,$0,$0,$17,17,$0.49,$0.48,$50,$0,$0,$2452,$43,$236,$110,$79,$479,$2931,$2516,$38,$10,$48,$2571,$0,$74,$-7,$360,$2931,$17,$4,$2,$6,$-7,$0,$0,$-2,$-9,$14,$0,$0,$22,$0,$37,$37,$-141,$-82,$0,$39,$39,$1,$1,$-4,$48,$83,$15,$1,$-4
1,2018-06-30,34.91,$20.86,1.67,$7.38,4.73,$3.89,8.97,$1.11,31.45,$2.46B,$2.52B,0.97,$0.04B,$0.35B,0.11,$0.10B,$0.08B,84.69%,$0.10B,$0.04B,36.73%,$0.10B,0,0.00%,$0.10B,0,0.00%,$0.10B,$0.03B,25.51%,$0.10B,$0.02B,17.35%,$0.02B,$0.35B,6.97%,$0.02B,$0.24B,8.83%,$0.02B,$2.93B,0.73%,$0.04B,$0.39B,12.75%,$31,$5,$26,$0,$14,$19,$12,$-7,$5,$2,$3,$3,$3,$0,$0,$16,16,$0.17,$0.17,$66,$0,$0,$2456,$44,$231,$111,$80,$477,$2933,$2524,$38,$11,$49,$2579,$0,$68,$-6,$354,$2933,$9,$3,$2,$4,$-9,$0,$0,$-1,$-12,$1,$-0,$0,$22,$0,$43,$43,$-127,$-62,$0,$81,$81,$1,$1,$-3,$13,$93,$31,$1,$-3
2,2018-03-31,32.9,$16.74,1.97,$7.18,4.58,$4.79,6.86,$1.30,25.31,$1.85B,$1.95B,0.95,$0.04B,$0.21B,0.18,$0.09B,$0.07B,84.88%,$0.09B,$0.03B,34.88%,$0.09B,0,0.00%,$0.09B,0,0.00%,$0.09B,$0.03B,30.23%,$0.09B,$0.02B,20.93%,$0.02B,$0.21B,9.21%,$0.02B,$0.18B,10.67%,$0.02B,$2.21B,0.88%,$0.03B,$0.25B,12.83%,$23,$4,$19,$0,$11,$15,$8,$0,$8,$2,$6,$6,$6,$0,$0,$13,13,$0.48,$0.48,$89,$0,$0,$1854,$41,$224,$31,$52,$356,$2211,$1952,$38,$4,$42,$2000,$0,$67,$-6,$210,$2211,$6,$1,$0,$2,$0,$0,$-0,$-2,$0,$8,$-0,$0,$0,$0,$5,$5,$-60,$-56,$0,$-31,$-31,$1,$1,$-1,$133,$101,$53,$0,$-1
3,2017-12-31,29.28,$16.61,1.76,$7.03,4.17,$5.11,5.74,$1.18,24.82,$1.74B,$1.85B,0.94,$0.04B,$0.21B,0.18,$0.08B,$0.07B,86.42%,$0.08B,$0.03B,34.57%,$0.08B,0,0.00%,$0.08B,0,0.00%,$0.08B,$0.02B,29.63%,$0.08B,$0.02B,19.75%,$0.02B,$0.21B,8.80%,$0.02B,$0.18B,10.03%,$0.02B,$2.11B,0.83%,$0.03B,$0.25B,12.74%,$22,$3,$19,$0,$11,$15,$8,$0,$8,$2,$6,$6,$6,$0,$0,$12,12,$0.48,$0.45,$35,$0,$0,$1741,$41,$233,$31,$51,$364,$2106,$1849,$38,$5,$43,$1898,$0,$61,$-2,$208,$2106,$16,$4,$2,$7,$1,$0,$0,$-2,$2,$24,$-1,$0,$36,$0,$20,$20,$-118,$-63,$0,$4,$5,$1,$1,$-4,$49,$51,$12,$1,$-4
4,2017-09-30,27.78,$16.31,1.7,$6.77,4.1,$4.84,5.73,$1.11,25.02,$1.71B,$1.81B,0.95,$0.04B,$0.20B,0.19,$0.08B,$0.07B,87.01%,$0.08B,$0.03B,35.06%,$0.08B,0,0.00%,$0.08B,0,0.00%,$0.08B,$0.02B,29.87%,$0.08B,$0.01B,18.18%,$0.01B,$0.20B,8.36%,$0.01B,$0.17B,9.35%,$0.01B,$2.06B,0.76%,$0.03B,$0.24B,13.14%,$22,$3,$19,$0,$11,$14,$8,$-4,$4,$2,$2,$2,$2,$0,$0,$12,12,$0.18,$0.18,$34,$0,$0,$1709,$42,$221,$32,$50,$353,$2061,$1809,$38,$5,$44,$1858,$0,$56,$-1,$203,$2061,$10,$3,$1,$4,$4,$0,$-0,$-0,$4,$18,$-2,$0,$36,$0,$35,$35,$-88,$-20,$0,$-36,$-36,$0,$0,$-3,$51,$13,$11,$0,$-3
5,2017-06-30,27.87,$14.70,1.9,$6.58,4.24,$4.71,5.92,$1.43,19.49,$1.48B,$1.59B,0.94,$0.04B,$0.16B,0.24,$0.07B,$0.06B,87.50%,$0.07B,$0.02B,33.33%,$0.07B,0,0.00%,$0.07B,0,0.00%,$0.07B,$0.02B,33.33%,$0.07B,$0.02B,22.22%,$0.02B,$0.16B,10.34%,$0.02B,$0.15B,11.33%,$0.02B,$1.79B,0.92%,$0.02B,$0.20B,12.45%,$19,$3,$16,$0,$10,$13,$6,$0,$6,$2,$4,$4,$4,$0,$0,$11,11,$0.36,$0.36,$26,$0,$0,$1484,$37,$208,$13,$45,$311,$1794,$1586,$38,$4,$42,$1633,$0,$55,$-1,$161,$1794,$8,$2,$1,$3,$1,$0,$0,$-0,$2,$13,$-2,$0,$0,$0,$5,$5,$-85,$-82,$0,$20,$20,$0,$0,$-2,$54,$73,$3,$0,$-2
6,2017-03-31,28.09,$14.17,1.98,$6.44,4.36,$4.60,6.11,$1.35,20.81,$1.45B,$1.56B,0.93,$0.04B,$0.16B,0.24,$0.07B,$0.06B,90.00%,$0.07B,$0.02B,32.86%,$0.07B,0,0.00%,$0.07B,0,0.00%,$0.07B,$0.02B,32.86%,$0.07B,$0.02B,21.43%,$0.02B,$0.16B,9.88%,$0.02B,$0.14B,10.87%,$0.02B,$1.77B,0.89%,$0.02B,$0.19B,12.59%,$18,$2,$16,$0,$10,$12,$6,$0,$6,$2,$4,$4,$4,$0,$0,$11,11,$0.36,$0.36,$29,$0,$0,$1453,$37,$209,$13,$45,$313,$1766,$1563,$38,$4,$42,$1611,$0,$52,$-4,$155,$1766,$4,$1,$0,$2,$5,$0,$-0,$1,$7,$12,$-2,$0,$0,$0,$0,$0,$-55,$-57,$0,$8,$8,$0,$0,$-1,$43,$50,$5,$0,$-1
7,2016-12-31,23.59,$13.81,1.71,$6.24,3.78,$4.55,5.19,$1.19,19.82,$1.40B,$1.51B,0.93,$0.04B,$0.15B,0.25,$0.07B,$0.06B,91.18%,$0.07B,$0.02B,30.88%,$0.07B,0,0.00%,$0.07B,0,0.00%,$0.07B,$0.02B,29.41%,$0.07B,$0.01B,19.12%,$0.01B,$0.15B,8.70%,$0.01B,$0.14B,9.59%,$0.01B,$1.71B,0.80%,$0.02B,$0.19B,12.10%,$18,$2,$16,$0,$9,$11,$7,$0,$7,$2,$4,$4,$4,$0,$0,$11,11,$0.39,$0.40,$23,$0,$0,$1397,$37,$208,$13,$44,$312,$1709,$1509,$38,$6,$43,$1558,$0,$49,$-5,$151,$1709,$13,$4,$8,$12,$-3,$0,$1,$1,$-5,$20,$-2,$0,$0,$0,$-16,$-16,$-214,$-233,$28,$76,$104,$1,$1,$-3,$90,$192,$-20,$1,$-3
8,2016-09-30,19.36,$13.98,1.38,$6.03,3.21,$4.10,4.73,$0.99,19.55,$1.33B,$1.45B,0.92,$0.04B,$0.15B,0.25,$0.07B,$0.06B,92.31%,$0.07B,$0.02B,29.23%,$0.07B,0,0.00%,$0.07B,0,0.00%,$0.07B,$0.02B,24.62%,$0.07B,$0.01B,16.92%,$0.01B,$0.15B,7.45%,$0.01B,$0.14B,8.22%,$0.01B,$1.65B,0.70%,$0.02B,$0.19B,11.53%,$17,$2,$15,$0,$10,$12,$5,$0,$5,$2,$4,$4,$4,$0,$0,$11,11,$0.33,$0.32,$30,$0,$0,$1334,$36,$208,$14,$45,$316,$1650,$1450,$38,$4,$42,$1498,$0,$45,$1,$152,$1650,$9,$3,$0,$4,$-1,$0,$0,$-0,$2,$14,$-1,$0,$0,$0,$-7,$-7,$-145,$-154,$28,$34,$62,$0,$0,$-2,$65,$126,$-14,$0,$-2
9,2016-06-30,17.61,$13.80,1.28,$5.83,3.02,$4.08,4.31,$0.96,18.34,$1.29B,$1.42B,0.9,$0.01B,$0.15B,0.06,$0.06B,$0.06B,93.65%,$0.06B,$0.02B,30.16%,$0.06B,0,0.00%,$0.06B,0,0.00%,$0.06B,$0.02B,25.40%,$0.06B,$0.01B,15.87%,$0.01B,$0.15B,6.93%,$0.01B,$0.14B,7.63%,$0.01B,$1.59B,0.67%,$0.02B,$0.16B,12.40%,$17,$2,$16,$0,$11,$12,$5,$-0,$5,$2,$3,$3,$3,$0,$0,$11,11,$0.29,$0.28,$34,$0,$0,$1285,$37,$198,$14,$44,$305,$1590,$1423,$10,$3,$13,$1441,$0,$42,$1,$149,$1590,$5,$2,$1,$3,$1,$0,$0,$-1,$2,$11,$-2,$0,$0,$0,$4,$4,$-95,$-93,$-0,$46,$46,$0,$0,$-1,$27,$72,$-10,$0,$-1
10,2016-03-31,17.58,$13.54,1.3,$5.56,3.16,$3.86,4.55,$0.92,19.1,$1.22B,$1.36B,0.9,$0.01B,$0.15B,0.07,$0.06B,$0.06B,93.33%,$0.06B,$0.02B,30.00%,$0.06B,0,0.00%,$0.06B,0,0.00%,$0.06B,$0.02B,25.00%,$0.06B,$0.01B,16.67%,$0.01B,$0.15B,7.09%,$0.01B,$0.13B,7.80%,$0.01B,$1.52B,0.70%,$0.02B,$0.16B,12.08%,$16,$2,$15,$0,$11,$13,$4,$-0,$3,$1,$2,$2,$2,$0,$0,$11,11,$0.20,$0.20,$36,$0,$0,$1219,$36,$196,$14,$45,$304,$1523,$1357,$10,$4,$14,$1377,$0,$40,$1,$146,$1523,$2,$1,$1,$2,$4,$0,$0,$0,$5,$10,$-0,$0,$0,$0,$4,$4,$-30,$-26,$-0,$11,$11,$0,$0,$-1,$-2,$8,$-8,$0,$-1
11,2015-12-31,17.07,$13.33,1.28,$5.41,3.16,$2.97,5.74,$0.97,17.6,$1.20B,$1.35B,0.89,$0.01B,$0.14B,0.07,$0.06B,$0.05B,93.10%,$0.06B,$0.02B,31.03%,$0.06B,0,0.00%,$0.06B,0,0.00%,$0.06B,$0.02B,27.59%,$0.06B,$0.01B,18.97%,$0.01B,$0.14B,7.91%,$0.01B,$0.13B,8.68%,$0.01B,$1.51B,0.81%,$0.02B,$0.15B,12.33%,$15,$1,$14,$0,$9,$11,$5,$0,$3,$1,$2,$2,$2,$0,$0,$11,11,$0.18,$0.19,$44,$0,$0,$1203,$36,$200,$14,$44,$307,$1510,$1347,$10,$4,$14,$1366,$0,$38,$0,$144,$1510,$10,$4,$4,$8,$-6,$0,$0,$-2,$-5,$14,$-1,$0,$3,$0,$-9,$-9,$-129,$-135,$-16,$47,$30,$-5,$-5,$-2,$116,$140,$18,$0,$-2
12,2015-09-30,15.74,$13.15,1.2,$5.18,3.04,$2.95,5.35,$0.94,16.75,$1.08B,$1.18B,0.92,$0.01B,$0.14B,0.04,$0.06B,$0.05B,92.86%,$0.06B,$0.02B,26.79%,$0.06B,0,0.00%,$0.06B,0,0.00%,$0.06B,$0.02B,26.79%,$0.06B,$0.01B,19.64%,$0.01B,$0.14B,8.03%,$0.01B,$0.13B,8.80%,$0.01B,$1.33B,0.86%,$0.02B,$0.14B,10.49%,$15,$1,$14,$0,$9,$10,$5,$0,$5,$2,$3,$3,$3,$0,$0,$11,11,$0.30,$0.29,$31,$0,$0,$1079,$34,$155,$12,$39,$252,$1331,$1177,$6,$5,$11,$1193,$0,$37,$0,$138,$1331,$8,$3,$4,$7,$-2,$0,$0,$0,$-2,$14,$-1,$0,$0,$0,$13,$13,$-113,$-102,$-0,$25,$25,$-5,$-5,$-2,$75,$93,$5,$0,$-2
13,2015-06-30,15.34,$12.86,1.19,$4.92,3.12,$2.64,5.81,$0.81,18.93,$1.06B,$1.16B,0.91,$0.01B,$0.14B,0.04,$0.05B,$0.05B,92.45%,$0.05B,$0.01B,22.64%,$0.05B,0,0.00%,$0.05B,0,0.00%,$0.05B,$0.01B,22.64%,$0.05B,$0.01B,18.87%,$0.01B,$0.14B,7.35%,$0.01B,$0.12B,8.10%,$0.01B,$1.31B,0.80%,$0.01B,$0.14B,8.45%,$14,$1,$13,$0,$9,$10,$4,$0,$4,$1,$3,$3,$3,$0,$0,$11,11,$0.25,$0.24,$42,$0,$0,$1061,$34,$155,$12,$37,$251,$1312,$1161,$6,$3,$9,$1176,$0,$34,$-0,$136,$1312,$5,$2,$56,$58,$-55,$0,$0,$-1,$-57,$6,$0,$0,$0,$0,$12,$12,$-82,$-69,$-0,$16,$16,$-4,$-4,$-1,$69,$79,$16,$0,$-1
14,2015-03-31,15.2,$12.79,1.19,$4.86,3.13,$2.39,6.37,$0.73,20.83,$1.02B,$1.12B,0.9,$0.01B,$0.14B,0.04,$0.05B,$0.05B,92.31%,$0.05B,$0.01B,19.23%,$0.05B,0,0.00%,$0.05B,0,0.00%,$0.05B,$0.01B,19.23%,$0.05B,$0.01B,17.31%,$0.01B,$0.14B,6.67%,$0.01B,$0.13B,7.35%,$0.01B,$1.28B,0.73%,$0.01B,$0.14B,7.09%,$14,$1,$13,$0,$9,$10,$4,$0,$4,$1,$3,$3,$3,$0,$0,$11,11,$0.25,$0.25,$39,$0,$0,$1016,$34,$162,$12,$39,$259,$1275,$1123,$6,$3,$9,$1138,$0,$32,$1,$138,$1275,$3,$1,$3,$5,$-4,$0,$0,$-3,$-8,$-1,$1,$0,$0,$0,$7,$7,$-37,$-30,$-0,$10,$10,$-1,$-1,$-1,$36,$44,$13,$0,$-1
15,2014-12-31,15.17,$12.54,1.21,$4.71,3.22,$2.62,5.8,$0.65,23.34,$0.96B,$1.08B,0.89,$0.01B,$0.14B,0.04,$0.05B,$0.05B,92.16%,$0.05B,$0.01B,17.65%,$0.05B,0,0.00%,$0.05B,0,0.00%,$0.05B,$0.01B,17.65%,$0.05B,$0.01B,15.69%,$0.01B,$0.14B,6.02%,$0.01B,$0.12B,6.65%,$0.01B,$1.23B,0.66%,$0.01B,$0.14B,6.47%,$13,$1,$12,$0,$10,$11,$2,$0,$2,$1,$2,$2,$2,$0,$0,$11,11,$0.17,$0.16,$25,$0,$0,$960,$34,$167,$12,$38,$268,$1228,$1077,$6,$4,$10,$1092,$0,$30,$-0,$136,$1228,$7,$4,$-0,$4,$-3,$0,$0,$4,$-1,$10,$3,$0,$0,$0,$15,$15,$-83,$-65,$-0,$11,$11,$0,$0,$-2,$41,$51,$-4,$0,$-2
16,2014-09-30,14.8,$12.38,1.2,$5.46,2.71,$3.47,4.27,$0.90,16.44,$0.94B,$1.06B,0.88,$0.01B,$0.13B,0.05,$0.06B,$0.05B,92.86%,$0.06B,$0.01B,25.00%,$0.06B,0,0.00%,$0.06B,0,0.00%,$0.06B,$0.01B,25.00%,$0.06B,$0.01B,17.86%,$0.01B,$0.13B,7.65%,$0.01B,$0.12B,8.49%,$0.01B,$1.21B,0.84%,$0.01B,$0.14B,10.24%,$12,$1,$11,$0,$9,$10,$2,$0,$2,$1,$2,$2,$2,$0,$0,$11,11,$0.16,$0.16,$43,$0,$0,$935,$34,$168,$12,$38,$273,$1208,$1059,$6,$5,$11,$1074,$0,$29,$-1,$134,$1208,$5,$3,$1,$5,$-3,$0,$-0,$-1,$-3,$7,$3,$0,$0,$0,$14,$14,$-40,$-23,$-0,$-14,$-14,$0,$0,$-1,$45,$30,$14,$0,$-1
17,2014-06-30,15.01,$12.26,1.23,$5.71,2.63,$3.85,3.9,$0.96,15.64,$0.93B,$1.05B,0.89,$0.01B,$0.13B,0.05,$0.06B,$0.05B,93.10%,$0.06B,$0.02B,25.86%,$0.06B,0,0.00%,$0.06B,0,0.00%,$0.06B,$0.02B,25.86%,$0.06B,$0.01B,17.24%,$0.01B,$0.13B,7.81%,$0.01B,$0.12B,8.70%,$0.01B,$1.19B,0.85%,$0.02B,$0.14B,11.19%,$13,$1,$12,$0,$10,$11,$2,$0,$2,$1,$2,$2,$2,$0,$0,$11,11,$0.16,$0.16,$30,$0,$0,$927,$35,$160,$13,$39,$266,$1193,$1045,$6,$5,$11,$1061,$0,$28,$-1,$132,$1193,$4,$2,$1,$3,$-2,$0,$-0,$-2,$-4,$3,$1,$0,$0,$0,$22,$22,$-45,$-22,$-0,$-14,$-14,$0,$0,$-1,$35,$20,$1,$0,$-1
18,2014-03-31,16.39,$12.01,1.36,$5.81,2.82,$4.09,4.01,$0.79,20.75,$0.91B,$1.05B,0.87,$0.01B,$0.13B,0.05,$0.06B,$0.05B,92.86%,$0.06B,$0.02B,26.79%,$0.06B,0,0.00%,$0.06B,0,0.00%,$0.06B,$0.01B,23.21%,$0.06B,$0.01B,14.29%,$0.01B,$0.13B,6.56%,$0.01B,$0.12B,7.36%,$0.01B,$1.19B,0.68%,$0.02B,$0.14B,11.72%,$13,$1,$12,$0,$9,$10,$3,$-0,$3,$1,$2,$2,$2,$0,$0,$11,11,$0.17,$0.17,$54,$0,$0,$909,$35,$176,$13,$40,$284,$1193,$1046,$6,$6,$12,$1063,$0,$26,$-2,$130,$1193,$2,$1,$0,$1,$-0,$0,$-0,$-2,$-2,$1,$1,$0,$0,$0,$4,$4,$-2,$2,$-0,$-11,$-11,$0,$0,$-0,$34,$22,$25,$0,$-0
19,2013-12-31,13.75,$11.74,1.17,$6.09,2.26,$4.45,3.09,$0.81,16.97,$0.88B,$1.02B,0.86,$0.01B,$0.13B,0.05,$0.05B,$0.05B,92.45%,$0.05B,$0.01B,26.42%,$0.05B,0,0.00%,$0.05B,0,0.00%,$0.05B,$0.01B,22.64%,$0.05B,$0.01B,13.21%,$0.01B,$0.13B,6.47%,$0.01B,$0.11B,7.20%,$0.01B,$1.17B,0.64%,$0.01B,$0.13B,12.25%,$18,$1,$17,$0,$9,$11,$7,$-0,$7,$2,$4,$4,$4,$0,$0,$9,9,$0.47,$0.46,$29,$0,$0,$882,$35,$178,$13,$37,$285,$1167,$1024,$6,$6,$12,$1041,$0,$25,$-3,$127,$1167,$8,$4,$-2,$2,$2,$0,$-0,$1,$6,$16,$3,$0,$22,$0,$66,$66,$-92,$-1,$-0,$-49,$-49,$13,$13,$-1,$23,$-15,$0,$0,$-1
20,2013-09-30,12.69,$11.44,1.11,$5.74,2.21,$3.82,3.32,$0.65,19.52,$0.88B,$1.04B,0.85,$0.01B,$0.12B,0.05,$0.05B,$0.04B,91.30%,$0.05B,$0.01B,19.57%,$0.05B,0,0.00%,$0.05B,0,0.00%,$0.05B,$0.01B,15.22%,$0.05B,$0.01B,10.87%,$0.01B,$0.12B,5.25%,$0.01B,$0.11B,5.76%,$0.01B,$1.18B,0.49%,$0.01B,$0.13B,8.89%,$14,$1,$13,$0,$10,$11,$3,$-0,$3,$1,$2,$2,$2,$0,$0,$10,10,$0.22,$0.22,$51,$0,$0,$883,$36,$187,$13,$39,$297,$1180,$1042,$6,$3,$10,$1057,$0,$21,$-3,$123,$1180,$3,$3,$2,$4,$2,$0,$-0,$2,$4,$11,$2,$0,$39,$0,$58,$58,$-74,$24,$-0,$-42,$-42,$13,$13,$-1,$17,$-14,$22,$0,$-1
21,2013-06-30,12.43,$10.97,1.13,$5.90,2.11,$3.68,3.38,$0.72,17.27,$0.85B,$1.03B,0.83,$0.01B,$0.11B,0.06,$0.04B,$0.04B,88.37%,$0.04B,$0.01B,20.93%,$0.04B,0,0.00%,$0.04B,0,0.00%,$0.04B,$0.01B,16.28%,$0.04B,$0.01B,11.63%,$0.01B,$0.11B,6.02%,$0.01B,$0.10B,6.51%,$0.01B,$1.15B,0.53%,$0.01B,$0.11B,10.08%,$11,$1,$10,$0,$8,$9,$2,$-3,$-0,$-0,$-0,$-0,$-0,$0,$0,$9,9,$-0.01,$-0.01,$54,$0,$0,$849,$35,$188,$13,$39,$298,$1147,$1025,$6,$4,$10,$1039,$0,$19,$-4,$108,$1147,$1,$2,$-0,$2,$-1,$0,$-0,$2,$0,$3,$2,$0,$39,$0,$57,$57,$-33,$64,$-0,$-69,$-69,$1,$1,$-1,$27,$-43,$25,$0,$-1
22,2013-03-31,11.67,$0.00,0.0,$6.12,1.91,$3.73,3.13,$1.02,11.44,$0.65B,$0.79B,0.83,$0.01B,$0.08B,0.08,$0.04B,$0.04B,86.05%,$0.04B,$0.01B,23.26%,$0.04B,0,0.00%,$0.04B,0,0.00%,$0.04B,$0.01B,23.26%,$0.04B,$0.01B,16.28%,$0.01B,$0.08B,9.46%,$0.01B,$0.07B,10.04%,$0.01B,$0.87B,0.81%,$0.01B,$0.08B,12.46%,$10,$1,$9,$0,$7,$8,$2,$-0,$2,$1,$1,$1,$1,$0,$0,$7,7,$0.19,$0.19,$38,$0,$0,$652,$0,$157,$4,$30,$192,$869,$786,$6,$2,$8,$794,$0,$20,$0,$75,$869,$1,$1,$0,$1,$0,$0,$-0,$0,$1,$3,$0,$0,$0,$0,$16,$16,$-17,$-0,$-0,$-6,$-6,$0,$0,$-0,$13,$6,$9,$0,$-0
23,2012-12-31,10.58,$10.99,0.96,$6.13,1.72,$3.26,3.25,$1.09,9.7,$0.63B,$0.77B,0.81,$0.01B,$0.08B,0.08,$0.04B,$0.04B,86.05%,$0.04B,$0.01B,25.58%,$0.04B,0,0.00%,$0.04B,0,0.00%,$0.04B,$0.01B,25.58%,$0.04B,$0.01B,18.60%,$0.01B,$0.08B,11.00%,$0.01B,$0.07B,11.72%,$0.01B,$0.86B,0.95%,$0.01B,$0.08B,13.92%,$11,$1,$10,$0,$7,$9,$2,$0,$2,$-0,$2,$2,$2,$0,$0,$7,7,$0.25,$0.25,$29,$0,$0,$626,$25,$175,$4,$24,$235,$862,$773,$6,$2,$9,$787,$0,$19,$2,$75,$862,$7,$3,$0,$3,$-0,$0,$-0,$1,$1,$12,$-2,$0,$0,$0,$-9,$-9,$-116,$-69,$-0,$-1,$-0,$0,$0,$-1,$89,$43,$-15,$0,$-1
24,2012-09-30,10.28,$0.00,0.0,$6.10,1.68,$3.12,3.3,$1.13,9.1,$0.62B,$0.78B,0.79,$0.01B,$0.07B,0.08,$0.04B,$0.04B,83.72%,$0.04B,$0.01B,30.23%,$0.04B,0,0.00%,$0.04B,0,0.00%,$0.04B,$0.01B,25.58%,$0.04B,$0.01B,18.60%,$0.01B,$0.07B,11.27%,$0.01B,$0.07B,12.08%,$0.01B,$0.86B,0.96%,$0.01B,$0.08B,16.77%,$11,$1,$9,$0,$6,$8,$3,$-0,$3,$1,$2,$2,$2,$0,$0,$7,7,$0.30,$0.29,$45,$0,$0,$620,$0,$184,$5,$28,$216,$864,$781,$6,$2,$8,$790,$0,$17,$0,$74,$864,$6,$2,$0,$3,$-0,$0,$-0,$0,$0,$9,$-1,$0,$0,$0,$-17,$-17,$-35,$-53,$-0,$6,$6,$0,$0,$-1,$40,$45,$1,$0,$-1
25,2012-06-30,9.55,$0.00,0.0,$6.12,1.56,$2.86,3.34,$1.09,8.76,$0.61B,$0.77B,0.8,$0.01B,$0.07B,0.09,$0.04B,$0.04B,83.72%,$0.04B,$0.01B,27.91%,$0.04B,0,0.00%,$0.04B,0,0.00%,$0.04B,$0.01B,23.26%,$0.04B,$0.01B,18.60%,$0.01B,$0.07B,11.59%,$0.01B,$0.07B,12.45%,$0.01B,$0.85B,0.98%,$0.01B,$0.08B,15.38%,$11,$1,$9,$0,$6,$8,$3,$-0,$3,$1,$2,$2,$2,$0,$0,$7,7,$0.30,$0.29,$38,$0,$0,$614,$0,$172,$5,$28,$205,$846,$767,$6,$2,$8,$774,$0,$15,$0,$72,$846,$4,$2,$0,$2,$-0,$0,$-0,$-0,$-0,$5,$-1,$0,$0,$0,$-7,$-7,$-35,$-42,$-0,$3,$3,$0,$0,$-1,$29,$32,$-5,$0,$-1
26,2012-03-31,9.73,$0.00,0.0,$5.91,1.64,$2.86,3.41,$0.97,10.03,$0.58B,$0.73B,0.8,$0.01B,$0.07B,0.09,$0.04B,$0.04B,85.37%,$0.04B,$0.01B,26.83%,$0.04B,0,0.00%,$0.04B,0,0.00%,$0.04B,$0.01B,21.95%,$0.04B,$0.01B,17.07%,$0.01B,$0.07B,10.45%,$0.01B,$0.07B,11.24%,$0.01B,$0.81B,0.88%,$0.01B,$0.08B,14.01%,$10,$1,$9,$0,$6,$7,$3,$0,$3,$1,$2,$2,$2,$0,$0,$7,7,$0.26,$0.26,$26,$0,$0,$582,$0,$171,$5,$29,$204,$810,$732,$6,$2,$8,$740,$0,$14,$0,$70,$810,$2,$1,$0,$1,$0,$0,$0,$0,$-1,$1,$-1,$0,$0,$0,$0,$-16,$0,$-16,$0,$2,$-0,$0,$0,$-0,$-4,$-3,$-18,$0,$0
27,2011-12-31,7.47,$10.05,0.74,$5.60,1.33,$2.90,2.57,$0.83,9.0,$1.13B,$1.43B,0.79,$0.01B,$0.07B,0.09,$0.04B,$0.03B,83.33%,$0.04B,$0.01B,25.00%,$0.04B,0,0.00%,$0.04B,0,0.00%,$0.04B,$0.01B,19.44%,$0.04B,$0.01B,16.67%,$0.01B,$0.07B,9.92%,$0.01B,$0.06B,10.53%,$0.01B,$0.81B,0.87%,$0.01B,$0.08B,12.04%,$11,$1,$9,$0,$6,$7,$4,$0,$2,$0,$2,$2,$2,$0,$0,$7,7,$0.29,$0.29,$44,$0,$0,$1125,$28,$166,$5,$32,$237,$811,$1426,$6,$2,$8,$743,$0,$12,$2,$68,$811,$5,$3,$1,$3,$0,$0,$-0,$3,$2,$12,$-3,$0,$42,$0,$-32,$-83,$-50,$-43,$-10,$14,$-10,$6,$6,$-1,$104,$61,$29,$0,$-1
28,2011-09-30,6.27,$0.00,0.0,$5.55,1.13,$2.40,2.61,$0.59,10.63,$0.56B,$0.70B,0.8,$0.02B,$0.07B,0.25,$0.03B,$0.03B,83.87%,$0.03B,$0.01B,22.58%,$0.03B,0,0.00%,$0.03B,0,0.00%,$0.03B,$0.01B,16.13%,$0.03B,$0.00B,12.90%,$0.00B,$0.07B,7.55%,$0.00B,$0.06B,7.88%,$0.00B,$0.79B,0.68%,$0.01B,$0.08B,10.07%,$11,$1,$9,$0,$7,$8,$2,$0,$2,$1,$2,$2,$2,$0,$0,$7,7,$0.25,$0.25,$45,$0,$0,$563,$0,$167,$5,$28,$200,$786,$702,$16,$2,$18,$720,$0,$10,$0,$66,$786,$3,$2,$0,$2,$0,$0,$0,$0,$2,$8,$-2,$0,$42,$0,$0,$-56,$0,$-16,$0,$8,$-0,$0,$6,$0,$24,$38,$31,$0,$0
29,2011-06-30,7.66,$0.00,0.0,$5.28,1.45,$2.10,3.65,$0.42,18.24,$0.55B,$0.68B,0.81,$0.02B,$0.06B,0.26,$0.03B,$0.02B,84.00%,$0.03B,$0.01B,24.00%,$0.03B,0,0.00%,$0.03B,0,0.00%,$0.03B,$0.00B,16.00%,$0.03B,$0.00B,8.00%,$0.00B,$0.06B,4.35%,$0.00B,$0.06B,4.47%,$0.00B,$0.76B,0.40%,$0.01B,$0.08B,9.64%,$9,$1,$8,$0,$6,$8,$2,$0,$2,$1,$1,$1,$1,$0,$0,$7,7,$0.17,$0.17,$49,$0,$0,$552,$0,$152,$5,$29,$186,$759,$678,$16,$1,$18,$696,$0,$9,$0,$64,$759,$0,$0,$0,$0,$0,$0,$0,$0,$0,$5,$-1,$0,$0,$0,$0,$-27,$42,$14,$0,$-0,$-0,$0,$6,$-0,$9,$15,$34,$0,$0
30,2011-03-31,8.53,$0.00,0.0,$5.21,1.64,$1.80,4.74,$0.39,21.88,$0.32B,$0.35B,0.92,$0.02B,$0.04B,0.37,$0.02B,$0.02B,80.95%,$0.02B,$0.01B,23.81%,$0.02B,0,0.00%,$0.02B,0,0.00%,$0.02B,$0.00B,14.29%,$0.02B,$0.00B,9.52%,$0.00B,$0.04B,5.06%,$0.00B,$0.04B,5.06%,$0.00B,$0.41B,0.49%,$0.01B,$0.06B,8.97%,$5,$1,$4,$0,$3,$4,$1,$0,$1,$0,$1,$1,$1,$0,$0,$4,4,$0.12,$0.12,$9,$0,$0,$317,$0,$62,$0,$11,$74,$408,$346,$16,$1,$18,$363,$0,$8,$0,$44,$408,$1,$0,$0,$0,$0,$0,$0,$0,$-1,$1,$-0,$0,$0,$0,$0,$-11,$0,$-11,$0,$1,$-0,$0,$6,$-0,$-2,$5,$-5,$0,$0
31,2010-12-31,7.32,$9.67,0.76,$5.28,1.39,$1.72,4.26,$0.39,18.76,$0.62B,$0.69B,0.9,$0.02B,$0.04B,0.44,$0.02B,$0.02B,76.19%,$0.02B,$0.01B,23.81%,$0.02B,0,0.00%,$0.02B,0,0.00%,$0.02B,$0.00B,14.29%,$0.02B,$0.00B,4.76%,$0.00B,$0.04B,2.65%,$0.00B,$0.04B,2.65%,$0.00B,$0.40B,0.25%,$0.01B,$0.05B,9.30%,$6,$1,$5,$0,$3,$4,$2,$0,$0,$0,$0,$0,$0,$0,$0,$4,4,$0.05,$0.05,$15,$0,$0,$616,$20,$57,$0,$12,$90,$402,$688,$16,$1,$18,$364,$0,$8,$0,$38,$402,$1,$1,$1,$1,$-0,$0,$-0,$0,$-0,$3,$-0,$0,$0,$0,$-6,$-58,$-22,$-43,$-0,$-10,$-0,$0,$0,$-0,$108,$43,$3,$0,$-0
32,2010-09-30,7.35,$0.00,0.0,$4.99,1.47,$-0.65,0.0,$0.46,15.99,$0.33B,$0.36B,0.94,$0.02B,$0.04B,0.43,$0.02B,$0.01B,70.00%,$0.02B,$0.00B,20.00%,$0.02B,0,0.00%,$0.02B,0,0.00%,$0.02B,$0.00B,20.00%,$0.02B,$0.00B,5.00%,$0.00B,$0.04B,2.67%,$0.00B,$0.04B,2.67%,$0.00B,$0.41B,0.26%,$0.00B,$0.05B,7.48%,$5,$1,$4,$0,$3,$4,$1,$0,$1,$0,$0,$0,$0,$0,$0,$4,4,$0.08,$0.08,$35,$0,$0,$333,$0,$51,$0,$11,$62,$411,$356,$16,$1,$18,$373,$0,$7,$0,$38,$411,$1,$1,$0,$1,$0,$0,$0,$0,$0,$3,$-0,$0,$0,$0,$0,$-46,$7,$-39,$0,$-2,$-0,$0,$0,$-0,$55,$52,$15,$0,$0
33,2010-06-30,6.77,$0.00,0.0,$4.96,1.37,$-2.03,0.0,$0.44,15.39,$0.33B,$0.35B,0.92,$0.02B,$0.04B,0.44,$0.02B,$0.01B,65.00%,$0.02B,$0.00B,20.00%,$0.02B,0,0.00%,$0.02B,0,0.00%,$0.02B,$0.00B,20.00%,$0.02B,$0.00B,10.00%,$0.00B,$0.04B,5.41%,$0.00B,$0.04B,5.41%,$0.00B,$0.41B,0.53%,$0.00B,$0.05B,7.34%,$5,$1,$4,$0,$3,$4,$1,$0,$1,$0,$1,$1,$1,$0,$0,$4,4,$0.14,$0.14,$39,$0,$0,$326,$0,$55,$0,$10,$65,$408,$353,$16,$1,$18,$371,$0,$7,$0,$38,$408,$1,$1,$0,$1,$0,$0,$0,$0,$-0,$2,$-0,$0,$0,$0,$0,$-39,$5,$-34,$0,$18,$-0,$0,$0,$-0,$32,$50,$17,$0,$0
34,2010-03-31,6.66,$0.00,0.0,$4.95,1.35,$-3.18,0.0,$0.42,15.87,$0.31B,$0.33B,0.92,$0.02B,$0.04B,0.44,$0.02B,$0.01B,60.00%,$0.02B,$0.00B,20.00%,$0.02B,0,0.00%,$0.02B,0,0.00%,$0.02B,$0.00B,20.00%,$0.02B,$0.00B,10.00%,$0.00B,$0.04B,5.26%,$0.00B,$0.04B,5.26%,$0.00B,$0.39B,0.55%,$0.00B,$0.05B,7.02%,$5,$1,$3,$0,$3,$4,$1,$0,$1,$0,$0,$0,$0,$0,$0,$4,4,$0.12,$0.12,$33,$0,$0,$305,$0,$55,$0,$11,$65,$388,$333,$16,$1,$17,$351,$0,$7,$0,$37,$388,$0,$0,$0,$0,$0,$0,$0,$0,$-1,$0,$-0,$0,$0,$0,$0,$-24,$2,$-22,$0,$15,$-0,$0,$0,$-0,$16,$30,$8,$0,$0
35,2009-12-31,5.89,$0.00,0.0,$5.01,1.18,$-4.13,0.0,$0.41,14.37,$0.29B,$0.30B,0.97,$0.02B,$0.04B,0.45,$0.02B,$0.01B,60.00%,$0.02B,$0.00B,20.00%,$0.02B,0,0.00%,$0.02B,0,0.00%,$0.02B,$0.00B,20.00%,$0.02B,$0.00B,15.00%,$0.00B,$0.04B,7.64%,$0.00B,$0.04B,7.64%,$0.00B,$0.36B,0.86%,$0.00B,$0.05B,6.69%,$5,$1,$3,$0,$3,$4,$1,$0,$1,$0,$0,$0,$0,$0,$0,$4,4,$0.12,$0.12,$26,$0,$0,$293,$0,$37,$0,$11,$47,$357,$303,$16,$1,$17,$321,$0,$6,$0,$37,$357,$2,$1,$0,$1,$0,$0,$0,$0,$-4,$-1,$-6,$0,$0,$0,$0,$-34,$0,$-39,$0,$-2,$-5,$0,$-7,$-1,$55,$40,$0,$0,$0
36,2009-09-30,5.68,$0.00,0.0,$4.89,1.16,$-1.40,0.0,$0.38,14.95,$0.29B,$0.30B,1.0,$0.02B,$0.04B,0.59,$0.02B,$0.01B,63.16%,$0.02B,$0.00B,21.05%,$0.02B,0,0.00%,$0.02B,0,0.00%,$0.02B,$0.00B,21.05%,$0.02B,$0.00B,15.79%,$0.00B,$0.04B,7.41%,$0.00B,$0.04B,7.41%,$0.00B,$0.35B,0.89%,$0.00B,$0.06B,6.43%,$5,$1,$3,$0,$3,$4,$1,$0,$1,$0,$1,$1,$1,$0,$0,$4,4,$0.06,$0.06,$30,$0,$0,$294,$0,$36,$0,$9,$45,$354,$295,$21,$1,$23,$318,$0,$6,$0,$36,$354,$2,$1,$0,$1,$0,$0,$0,$0,$-3,$0,$-3,$0,$0,$0,$0,$-31,$-3,$-37,$0,$-2,$0,$0,$-7,$-1,$47,$37,$-0,$0,$0
37,2009-06-30,5.23,$0.00,0.0,$4.68,1.12,$-0.53,0.0,$0.43,12.16,$0.29B,$0.28B,1.02,$0.02B,$0.04B,0.61,$0.02B,$0.01B,66.67%,$0.02B,$0.00B,22.22%,$0.02B,0,0.00%,$0.02B,0,0.00%,$0.02B,$0.00B,22.22%,$0.02B,$0.00B,11.11%,$0.00B,$0.04B,5.00%,$0.00B,$0.04B,5.00%,$0.00B,$0.35B,0.62%,$0.00B,$0.06B,6.67%,$5,$1,$3,$0,$3,$4,$1,$0,$1,$0,$1,$1,$1,$0,$0,$4,4,$0.12,$0.12,$33,$0,$0,$288,$0,$37,$0,$9,$46,$349,$283,$21,$1,$23,$306,$0,$6,$0,$42,$349,$1,$0,$0,$0,$0,$0,$0,$0,$-3,$-1,$-2,$0,$0,$0,$0,$-24,$-8,$-34,$0,$-2,$-0,$0,$0,$-0,$36,$33,$-2,$0,$0
38,2009-03-31,5.2,$0.00,0.0,$4.45,1.17,$0.30,17.23,$0.44,11.83,$0.27B,$0.27B,1.02,$0.02B,$0.04B,0.61,$0.02B,$0.01B,70.59%,$0.02B,$0.00B,23.53%,$0.02B,0,0.00%,$0.02B,0,0.00%,$0.02B,$0.00B,23.53%,$0.02B,$0.00B,5.88%,$0.00B,$0.04B,2.63%,$0.00B,$0.04B,2.63%,$0.00B,$0.33B,0.33%,$0.00B,$0.06B,7.11%,$5,$1,$3,$0,$2,$4,$1,$0,$1,$0,$1,$1,$1,$0,$0,$4,4,$0.11,$0.11,$22,$0,$0,$270,$0,$39,$0,$11,$49,$331,$266,$22,$1,$23,$289,$0,$6,$0,$42,$331,$1,$0,$0,$0,$0,$0,$0,$0,$-4,$-3,$-0,$0,$0,$0,$0,$-18,$2,$-16,$0,$7,$-0,$0,$0,$-0,$9,$16,$-4,$0,$0
39,2008-12-31,5.32,$0.00,0.0,$4.17,1.27,$1.16,4.59,$0.44,12.1,$0.26B,$0.25B,1.04,$0.02B,$0.04B,0.62,$0.02B,$0.01B,68.75%,$0.02B,$0.00B,25.00%,$0.02B,0,0.00%,$0.02B,0,0.00%,$0.02B,$0.00B,25.00%,$0.02B,0,0.00%,$0.00B,$0.04B,0.00%,$0.00B,$0.04B,0.00%,$0.00B,$0.32B,0.00%,$0.00B,$0.06B,7.62%,$4,$2,$3,$0,$2,$4,$1,$0,$1,$0,$0,$0,$0,$0,$0,$4,4,$0.09,$0.09,$26,$0,$0,$258,$0,$38,$0,$9,$47,$318,$250,$22,$4,$26,$276,$0,$5,$0,$42,$318,$2,$0,$0,$0,$0,$0,$0,$0,$3,$5,$-1,$0,$0,$0,$0,$-66,$-0,$-67,$0,$1,$0,$0,$5,$-0,$54,$60,$-2,$0,$0
40,2008-09-30,6.76,$0.00,0.0,$4.10,1.65,$0.28,23.89,$0.48,14.09,$0.25B,$0.24B,1.07,$0.02B,$0.03B,0.44,$0.02B,$0.01B,62.50%,$0.02B,$0.00B,25.00%,$0.02B,0,0.00%,$0.02B,0,0.00%,$0.02B,$0.00B,25.00%,$0.02B,$0.00B,6.25%,$0.00B,$0.03B,2.92%,$0.00B,$0.03B,2.92%,$0.00B,$0.29B,0.38%,$0.00B,$0.05B,8.12%,$4,$1,$3,$0,$2,$3,$1,$0,$1,$0,$0,$0,$0,$0,$0,$4,4,$0.11,$0.11,$28,$0,$0,$252,$0,$19,$0,$9,$29,$286,$236,$15,$1,$16,$252,$0,$5,$0,$34,$286,$1,$0,$0,$0,$0,$0,$0,$0,$-1,$1,$-1,$0,$0,$0,$0,$-27,$0,$-28,$0,$7,$0,$0,$-2,$-0,$35,$39,$13,$0,$0
41,2008-06-30,5.83,$0.00,0.0,$4.04,1.44,$0.29,20.11,$0.45,12.96,$0.24B,$0.22B,1.08,$0.02B,$0.03B,0.44,$0.02B,$0.01B,56.25%,$0.02B,$0.00B,25.00%,$0.02B,0,0.00%,$0.02B,0,0.00%,$0.02B,$0.00B,18.75%,$0.02B,$0.00B,6.25%,$0.00B,$0.03B,2.88%,$0.00B,$0.03B,2.88%,$0.00B,$0.27B,0.39%,$0.00B,$0.05B,8.70%,$4,$1,$3,$0,$2,$3,$1,$0,$1,$0,$1,$0,$0,$0,$0,$4,4,$0.13,$0.13,$21,$0,$0,$239,$0,$17,$0,$9,$26,$270,$221,$15,$1,$16,$237,$0,$5,$0,$34,$270,$1,$0,$0,$0,$0,$0,$0,$0,$-1,$1,$-1,$0,$0,$0,$0,$-20,$-0,$-21,$0,$6,$0,$0,$-1,$-0,$20,$24,$4,$0,$0
42,2008-03-31,7.01,$0.00,0.0,$3.95,1.77,$0.27,26.35,$0.42,16.7,$0.23B,$0.21B,1.09,$0.02B,$0.03B,0.45,$0.02B,$0.01B,50.00%,$0.02B,$0.00B,25.00%,$0.02B,0,0.00%,$0.02B,0,0.00%,$0.02B,$0.00B,18.75%,$0.02B,$0.00B,6.25%,$0.00B,$0.03B,2.86%,$0.00B,$0.03B,2.86%,$0.00B,$0.26B,0.41%,$0.00B,$0.05B,9.25%,$4,$2,$2,$0,$2,$3,$1,$0,$1,$0,$0,$0,$0,$0,$0,$4,4,$0.11,$0.11,$25,$0,$0,$229,$0,$16,$0,$9,$25,$259,$209,$15,$1,$16,$225,$0,$4,$0,$34,$259,$0,$0,$0,$0,$0,$0,$0,$0,$-0,$0,$-0,$0,$0,$0,$0,$-5,$0,$-5,$0,$5,$0,$0,$-1,$-0,$9,$13,$8,$0,$0
43,2007-12-31,6.95,$0.00,0.0,$3.87,1.8,$0.29,23.84,$0.39,17.81,$0.22B,$0.20B,1.12,$0.02B,$0.04B,0.43,$0.02B,$0.01B,50.00%,$0.02B,$0.00B,18.75%,$0.02B,0,0.00%,$0.02B,0,0.00%,$0.02B,$0.00B,12.50%,$0.02B,$0.00B,6.25%,$0.00B,$0.04B,2.84%,$0.00B,$0.04B,2.84%,$0.00B,$0.25B,0.42%,$0.00B,$0.05B,7.41%,$4,$2,$2,$0,$2,$3,$1,$0,$1,$0,$1,$1,$1,$0,$0,$4,4,$0.13,$0.13,$15,$0,$0,$218,$0,$15,$0,$9,$23,$245,$195,$15,$0,$15,$211,$0,$4,$0,$35,$245,$2,$0,$0,$0,$0,$0,$0,$0,$-1,$1,$-1,$0,$0,$0,$0,$-53,$0,$-53,$0,$7,$12,$0,$-2,$-1,$8,$25,$-27,$0,$0
44,2007-09-30,8.15,$0.00,0.0,$3.69,2.21,$0.28,29.2,$0.35,23.28,$0.21B,$0.20B,1.03,$0.00B,$0.04B,0.0,$0.02B,$0.01B,53.33%,$0.02B,$0.00B,20.00%,$0.02B,0,0.00%,$0.02B,0,0.00%,$0.02B,$0.00B,13.33%,$0.02B,0,0.00%,$0.00B,$0.04B,0.00%,$0.00B,$0.04B,0.00%,$0.00B,$0.24B,0.00%,$0.00B,$0.04B,8.00%,$4,$2,$2,$0,$2,$4,$1,$0,$0,$0,$0,$0,$0,$0,$0,$4,4,$0.08,$0.08,$21,$0,$0,$210,$0,$17,$0,$8,$25,$239,$203,$0,$0,$0,$203,$0,$4,$0,$36,$239,$1,$0,$0,$0,$0,$0,$0,$0,$-1,$1,$-0,$0,$0,$0,$0,$-35,$-4,$-40,$0,$13,$-3,$0,$0,$-0,$10,$20,$-19,$0,$0
45,2007-06-30,8.35,$0.00,0.0,$3.45,2.42,$0.38,22.06,$0.37,22.58,$0.21B,$0.20B,1.04,$0.00B,$0.04B,0.09,$0.01B,$0.01B,57.14%,$0.01B,$0.00B,21.43%,$0.01B,0,0.00%,$0.01B,0,0.00%,$0.01B,$0.00B,21.43%,$0.01B,0,0.00%,$0.00B,$0.04B,0.00%,$0.00B,$0.04B,0.00%,$0.00B,$0.24B,0.00%,$0.00B,$0.04B,7.79%,$4,$2,$2,$0,$2,$3,$1,$0,$1,$0,$0,$0,$0,$0,$0,$4,4,$0.10,$0.10,$38,$0,$0,$210,$0,$17,$0,$8,$25,$240,$201,$3,$0,$3,$205,$0,$4,$0,$35,$240,$1,$0,$0,$0,$0,$0,$0,$0,$-1,$0,$-0,$0,$0,$0,$0,$-23,$0,$-24,$0,$0,$10,$0,$0,$-0,$12,$22,$-2,$0,$0
46,2007-03-31,9.28,$0.00,0.0,$3.15,2.94,$-1.04,0.0,$0.37,25.08,$0.19B,$0.18B,1.05,$0.00B,$0.04B,0.09,$0.01B,$0.01B,61.54%,$0.01B,$0.00B,15.38%,$0.01B,0,0.00%,$0.01B,0,0.00%,$0.01B,$0.00B,23.08%,$0.01B,0,0.00%,$0.00B,$0.04B,0.00%,$0.00B,$0.04B,0.00%,$0.00B,$0.22B,0.00%,$0.00B,$0.04B,5.03%,$4,$1,$2,$0,$2,$3,$0,$0,$0,$0,$0,$0,$0,$0,$0,$4,4,$0.08,$0.08,$32,$0,$0,$191,$0,$17,$0,$8,$25,$221,$182,$3,$0,$3,$185,$0,$3,$0,$35,$221,$0,$0,$0,$0,$0,$0,$0,$0,$-1,$-0,$-0,$0,$0,$0,$0,$-11,$0,$-11,$0,$0,$0,$0,$0,$-0,$2,$2,$-9,$0,$0
47,2006-12-31,9.04,$0.00,0.0,$2.87,3.15,$-0.93,0.0,$0.38,23.79,$0.19B,$0.18B,1.07,$0.00B,$0.04B,0.09,$0.01B,$0.01B,66.67%,$0.01B,$0.00B,25.00%,$0.01B,0,0.00%,$0.01B,0,0.00%,$0.01B,$0.00B,33.33%,$0.01B,0,0.00%,$0.00B,$0.04B,0.00%,$0.00B,$0.04B,0.00%,$0.00B,$0.22B,0.00%,$0.00B,$0.04B,7.55%,$3,$1,$2,$0,$2,$3,$1,$0,$1,$0,$0,$0,$0,$0,$0,$4,4,$0.09,$0.09,$41,$0,$0,$192,$0,$18,$0,$4,$22,$218,$180,$3,$0,$3,$183,$0,$3,$0,$35,$218,$2,$0,$0,$0,$0,$0,$0,$0,$1,$3,$-2,$0,$0,$0,$0,$-48,$0,$-50,$0,$-0,$-3,$0,$0,$-0,$50,$46,$-0,$0,$0
