,Date,Stock Price,Book Value per Share,Price to Book Ratio,TTM Sales per Share,Price to Sales Ratio,TTM FCF per Share,Price to FCF Ratio,TTM Net EPS,PE Ratio,Current Assets,Current Liabilities,Current Ratio,Long Term Debt,Shareholder's Equity_x,Debt to Equity Ratio,TTM Revenue_x,TTM Gross Profit,Gross Margin,TTM Revenue_y,TTM Operating Income,Operating Margin,TTM Revenue_x,TTM EBIT,EBIT Margin,TTM Revenue_y,TTM EBITDA,EBITDA Margin,TTM Revenue_x,TTM Pre-Tax Income,Pre-Tax Margin,TTM Revenue_y,TTM Net Income_x,Net Margin,TTM Net Income_y,Shareholder's Equity_y,Return on Equity,TTM Net Income_x,Tangible Equity,Return on Tangible Equity,TTM Net Income_y,Total Assets,Return on Assets,TTM Net Income,LT Investments & Debt,Return on Investment,revenue,cost-goods-sold,gross-profit,research-development-expenses,selling-general-administrative-expenses,operating-expenses,operating-income,total-non-operating-income-expense,pre-tax-income,total-provision-income-taxes,income-after-taxes,income-from-continuous-operations,net-income,ebitda,ebit,basic-shares-outstanding,shares-outstanding,eps-basic-net-earnings-per-share,eps-earnings-per-share-diluted,cash-on-hand,inventory,other-current-assets,total-current-assets,net-property-plant-equipment,long-term-investments,goodwill-intangible-assets-total,other-long-term-assets,total-long-term-assets,total-assets,total-current-liabilities,long-term-debt,other-non-current-liabilities,total-long-term-liabilities,total-liabilities,common-stock-net,retained-earnings-accumulated-deficit,comprehensive-income,total-share-holder-equity,total-liabilities-share-holders-equity,net-income-loss,total-depreciation-amortization-cash-flow,other-non-cash-items,total-non-cash-items,change-in-accounts-receivable,change-in-inventories,change-in-accounts-payable,change-in-assets-liabilities,total-change-in-assets-liabilities,cash-flow-from-operating-activities,net-change-in-property-plant-equipment,net-change-in-intangible-assets,net-acquisitions-divestitures,net-change-in-short-term-investments,net-change-in-long-term-investments,net-change-in-investments-total,investing-activities-other,cash-flow-from-investing-activities,net-long-term-debt,net-current-debt,debt-issuance-retirement-net-total,net-common-equity-issued-repurchased,net-total-equity-issued-repurchased,total-common-preferred-stock-dividends-paid,financial-activities-other,cash-flow-from-financial-activities,net-cash-flow,stock-based-compensation,common-stock-dividends-paid
0,2018-09-30,117.9,$14.28,8.26,$6.26,18.85,$5.21,22.62,$1.53,77.06,$0.62B,$0.11B,5.41,$0.00B,$0.68B,0.0,$0.29B,$0.24B,81.97%,$0.29B,$0.10B,34.01%,$0.29B,$0.10B,34.01%,$0.29B,$0.07B,23.13%,$0.29B,$0.11B,36.05%,$0.29B,$0.07B,24.49%,$0.07B,$0.68B,10.95%,$0.07B,$0.53B,14.31%,$0.07B,$0.88B,8.75%,$0.10B,$0.68B,15.21%,$78,$16,$61,$14,$12,$52,$26,$2,$28,$5,$23,$23,$23,$8,$26,$47,47,$0.48,$0.48,$494,$69,$12,$618,$67,$0,$145,$39,$266,$884,$114,$0,$53,$94,$208,$0,$112,$-10,$676,$884,$40,$-34,$30,$-4,$9,$-34,$0,$84,$60,$95,$-21,$0,$0,$-85,$0,$-85,$0,$-106,$0,$0,$0,$0,$0,$-8,$-12,$-20,$-31,$13,$-8
1,2018-06-30,86.0,$13.76,6.25,$5.92,14.53,$4.66,18.46,$1.33,64.66,$0.57B,$0.10B,5.61,$0.00B,$0.65B,0.0,$0.28B,$0.23B,82.01%,$0.28B,$0.09B,32.37%,$0.28B,$0.09B,32.37%,$0.28B,$0.08B,28.42%,$0.28B,$0.10B,34.17%,$0.28B,$0.06B,22.30%,$0.06B,$0.65B,9.63%,$0.06B,$0.50B,12.79%,$0.06B,$0.83B,7.91%,$0.09B,$0.65B,13.98%,$56,$12,$45,$13,$12,$45,$11,$2,$13,$2,$11,$11,$11,$1,$11,$47,47,$0.23,$0.23,$457,$56,$20,$569,$62,$0,$151,$40,$264,$833,$102,$0,$53,$81,$183,$0,$92,$-10,$651,$833,$17,$-16,$27,$11,$17,$-20,$0,$38,$22,$50,$-13,$0,$0,$0,$-49,$-49,$0,$-62,$0,$0,$0,$-0,$-0,$-6,$-11,$-17,$-29,$8,$-6
2,2018-03-31,100.94,$13.61,7.42,$6.91,14.6,$4.88,20.68,$2.09,48.3,$0.55B,$0.10B,5.52,$0.00B,$0.64B,0.0,$0.33B,$0.27B,84.31%,$0.33B,$0.14B,43.08%,$0.33B,$0.14B,43.08%,$0.33B,$0.14B,43.69%,$0.33B,$0.14B,44.00%,$0.33B,$0.10B,29.85%,$0.10B,$0.64B,15.32%,$0.10B,$0.49B,20.70%,$0.10B,$0.80B,12.89%,$0.14B,$0.64B,22.11%,$44,$7,$36,$12,$11,$39,$5,$1,$6,$-0,$6,$6,$6,$-1,$5,$47,47,$0.13,$0.13,$457,$54,$14,$548,$58,$0,$156,$2,$247,$795,$99,$0,$34,$53,$152,$0,$84,$-11,$643,$795,$6,$-6,$4,$-2,$30,$-17,$0,$27,$35,$39,$-9,$0,$0,$0,$23,$23,$0,$14,$0,$0,$0,$-0,$-0,$-3,$-6,$-9,$44,$4,$-3
3,2017-12-31,172.46,$13.99,12.33,$7.17,24.05,$4.26,40.47,$2.18,79.11,$0.52B,$0.06B,8.14,$0.00B,$0.66B,0.0,$0.34B,$0.28B,83.38%,$0.34B,$0.15B,43.62%,$0.34B,$0.15B,43.62%,$0.34B,$0.16B,47.18%,$0.34B,$0.15B,44.51%,$0.34B,$0.10B,29.97%,$0.10B,$0.66B,16.46%,$0.10B,$0.50B,22.76%,$0.10B,$0.78B,14.08%,$0.15B,$0.66B,23.95%,$116,$17,$99,$15,$15,$58,$58,$1,$59,$26,$33,$33,$32,$60,$58,$47,47,$0.70,$0.69,$420,$36,$10,$519,$56,$15,$162,$1,$261,$780,$64,$0,$33,$57,$121,$0,$99,$-11,$659,$780,$104,$13,$40,$53,$-27,$-19,$0,$7,$-23,$133,$-30,$0,$0,$0,$-96,$-96,$0,$-126,$0,$0,$0,$1,$1,$-6,$-9,$-14,$-7,$15,$-6
4,2017-09-30,128.69,$13.23,9.73,$6.30,20.44,$3.62,35.57,$2.04,63.08,$0.45B,$0.05B,9.74,$0.00B,$0.62B,0.0,$0.30B,$0.25B,83.45%,$0.30B,$0.12B,41.89%,$0.30B,$0.12B,41.89%,$0.30B,$0.14B,46.62%,$0.30B,$0.13B,42.57%,$0.30B,$0.09B,31.76%,$0.09B,$0.62B,16.18%,$0.09B,$0.46B,23.17%,$0.09B,$0.73B,13.83%,$0.12B,$0.62B,21.34%,$62,$13,$48,$12,$12,$46,$16,$1,$17,$3,$14,$14,$13,$19,$16,$47,47,$0.28,$0.28,$365,$33,$9,$451,$49,$15,$167,$0,$277,$727,$46,$0,$32,$58,$104,$0,$68,$-11,$623,$727,$71,$11,$18,$29,$-18,$-15,$0,$1,$-28,$71,$-23,$0,$0,$-105,$0,$-105,$0,$-128,$0,$0,$0,$1,$1,$-4,$-9,$-13,$-70,$10,$-4
5,2017-06-30,109.09,$12.91,8.45,$5.62,19.39,$3.36,32.47,$1.73,63.06,$0.44B,$0.04B,10.55,$0.00B,$0.61B,0.0,$0.26B,$0.22B,84.47%,$0.26B,$0.11B,39.77%,$0.26B,$0.11B,39.77%,$0.26B,$0.12B,45.45%,$0.26B,$0.11B,40.15%,$0.26B,$0.08B,29.92%,$0.08B,$0.61B,14.38%,$0.08B,$0.44B,21.44%,$0.08B,$0.71B,12.27%,$0.11B,$0.61B,19.12%,$103,$11,$91,$11,$10,$42,$61,$1,$61,$14,$47,$47,$46,$64,$61,$47,47,$0.99,$0.99,$366,$24,$7,$437,$39,$15,$173,$0,$271,$708,$41,$0,$31,$58,$100,$0,$56,$-12,$608,$708,$58,$7,$15,$22,$-15,$-7,$0,$1,$-23,$57,$-10,$0,$0,$0,$-66,$-66,$0,$-76,$0,$0,$0,$0,$0,$-3,$-9,$-11,$-30,$7,$-3
6,2017-03-31,85.95,$12.02,7.15,$4.80,17.89,$3.08,27.89,$1.20,71.63,$0.38B,$0.03B,11.55,$0.00B,$0.57B,0.0,$0.23B,$0.19B,84.89%,$0.23B,$0.08B,34.67%,$0.23B,$0.08B,34.67%,$0.23B,$0.09B,40.89%,$0.23B,$0.08B,34.67%,$0.23B,$0.06B,24.44%,$0.06B,$0.57B,10.56%,$0.06B,$0.39B,16.06%,$0.06B,$0.66B,8.99%,$0.08B,$0.57B,14.98%,$56,$13,$43,$12,$10,$44,$12,$1,$13,$2,$10,$10,$10,$16,$12,$47,47,$0.22,$0.22,$325,$17,$6,$384,$29,$15,$178,$0,$272,$655,$33,$0,$28,$57,$90,$0,$10,$-10,$565,$655,$10,$3,$5,$9,$-11,$1,$0,$2,$-17,$2,$-1,$0,$0,$0,$-39,$-39,$0,$-40,$0,$0,$0,$0,$0,$-1,$-4,$-5,$-43,$4,$-1
7,2016-12-31,56.18,$11.26,4.99,$4.25,13.23,$3.05,18.4,$1.02,55.08,$0.39B,$0.04B,9.59,$0.00B,$0.53B,0.0,$0.20B,$0.17B,86.93%,$0.20B,$0.07B,34.67%,$0.20B,$0.07B,34.67%,$0.20B,$0.08B,40.20%,$0.20B,$0.07B,34.17%,$0.20B,$0.05B,23.62%,$0.05B,$0.53B,9.45%,$0.05B,$0.35B,13.57%,$0.05B,$0.63B,8.00%,$0.07B,$0.53B,13.88%,$75,$9,$65,$11,$10,$40,$35,$1,$35,$10,$26,$26,$25,$39,$35,$46,47,$0.55,$0.55,$328,$17,$6,$385,$27,$15,$184,$0,$242,$628,$40,$0,$28,$59,$99,$0,$-26,$-11,$528,$628,$48,$12,$12,$23,$1,$-4,$0,$8,$9,$80,$-7,$-96,$-33,$0,$98,$98,$0,$-38,$0,$0,$0,$1,$1,$0,$-1,$-0,$42,$13,$0
8,2016-09-30,55.39,$10.26,5.4,$3.96,14.0,$3.77,14.7,$0.86,64.41,$0.34B,$0.03B,11.17,$0.00B,$0.50B,0.0,$0.19B,$0.16B,87.10%,$0.19B,$0.06B,32.80%,$0.19B,$0.06B,32.80%,$0.19B,$0.07B,37.10%,$0.19B,$0.06B,32.26%,$0.19B,$0.04B,21.51%,$0.04B,$0.50B,8.30%,$0.04B,$0.31B,11.15%,$0.04B,$0.59B,7.02%,$0.06B,$0.50B,12.66%,$30,$6,$24,$10,$8,$33,$-3,$1,$-3,$-1,$-2,$-2,$-2,$1,$-3,$47,47,$-0.03,$-0.03,$286,$16,$7,$342,$26,$15,$189,$0,$243,$585,$31,$0,$25,$58,$89,$0,$-51,$-10,$496,$585,$22,$7,$14,$22,$4,$-3,$0,$1,$-4,$40,$-4,$-96,$-33,$54,$0,$54,$0,$-79,$0,$0,$0,$0,$0,$0,$-5,$-4,$-43,$10,$0
9,2016-06-30,67.66,$10.23,6.62,$4.16,16.27,$4.63,14.62,$1.04,65.06,$0.37B,$0.03B,13.21,$0.00B,$0.49B,0.0,$0.20B,$0.17B,87.18%,$0.20B,$0.07B,36.92%,$0.20B,$0.07B,36.92%,$0.20B,$0.08B,40.00%,$0.20B,$0.07B,36.92%,$0.20B,$0.05B,25.13%,$0.05B,$0.49B,10.41%,$0.05B,$0.33B,13.02%,$0.05B,$0.58B,8.79%,$0.07B,$0.49B,15.29%,$64,$6,$59,$11,$8,$30,$34,$-1,$33,$11,$22,$22,$22,$36,$34,$47,47,$0.46,$0.46,$316,$16,$6,$366,$23,$16,$162,$1,$214,$580,$28,$0,$24,$58,$86,$0,$-50,$-10,$494,$580,$24,$3,$11,$14,$7,$-4,$0,$1,$-2,$36,$-2,$-96,$0,$39,$0,$39,$0,$-59,$0,$0,$0,$0,$0,$0,$-5,$-4,$-28,$6,$0
10,2016-03-31,53.99,$9.78,5.52,$4.04,13.36,$5.46,9.89,$0.33,163.6,$0.43B,$0.03B,17.19,$0.00B,$0.47B,0.0,$0.19B,$0.13B,68.78%,$0.19B,$0.03B,17.46%,$0.19B,$0.03B,17.46%,$0.19B,$0.04B,19.58%,$0.19B,$0.04B,18.52%,$0.19B,$0.02B,7.94%,$0.02B,$0.47B,3.28%,$0.02B,$0.40B,3.90%,$0.02B,$0.56B,2.76%,$0.03B,$0.47B,7.21%,$30,$5,$25,$10,$7,$27,$3,$0,$3,$1,$2,$2,$2,$4,$3,$47,47,$0.04,$0.04,$380,$15,$5,$432,$22,$16,$69,$1,$124,$556,$25,$0,$24,$60,$85,$0,$-72,$-11,$471,$556,$2,$1,$3,$4,$4,$-2,$0,$1,$-6,$0,$-1,$0,$0,$0,$15,$15,$0,$14,$0,$0,$0,$0,$0,$0,$-2,$-2,$13,$3,$0
11,2015-12-31,54.33,$9.98,5.44,$4.08,13.3,$6.44,8.44,$0.32,169.77,$0.45B,$0.04B,12.97,$0.00B,$0.47B,0.0,$0.19B,$0.13B,67.37%,$0.19B,$0.03B,16.84%,$0.19B,$0.03B,16.84%,$0.19B,$0.04B,19.47%,$0.19B,$0.03B,17.89%,$0.19B,$0.01B,7.37%,$0.01B,$0.47B,3.10%,$0.01B,$0.40B,3.72%,$0.01B,$0.56B,2.61%,$0.03B,$0.47B,7.08%,$62,$8,$54,$13,$9,$35,$27,$-0,$27,$9,$18,$18,$18,$28,$27,$47,47,$0.38,$0.38,$395,$13,$2,$448,$22,$2,$72,$0,$112,$559,$35,$0,$23,$58,$93,$0,$-74,$-10,$467,$559,$15,$4,$51,$55,$-3,$-9,$0,$54,$44,$114,$-5,$0,$0,$0,$-53,$-53,$0,$-59,$0,$0,$0,$2,$2,$0,$-5,$-3,$52,$10,$0
12,2015-09-30,33.83,$9.51,3.56,$3.97,8.51,$5.03,6.72,$0.21,161.09,$0.42B,$0.04B,9.58,$0.00B,$0.45B,0.0,$0.18B,$0.12B,64.13%,$0.18B,$0.02B,11.96%,$0.18B,$0.02B,11.96%,$0.18B,$0.03B,15.76%,$0.18B,$0.02B,13.04%,$0.18B,$0.01B,4.89%,$0.01B,$0.45B,2.01%,$0.01B,$0.38B,2.44%,$0.01B,$0.53B,1.74%,$0.02B,$0.45B,4.92%,$39,$7,$32,$11,$7,$31,$8,$0,$9,$2,$7,$7,$7,$10,$8,$47,47,$0.15,$0.15,$362,$14,$5,$424,$21,$3,$75,$0,$110,$534,$44,$0,$12,$39,$83,$0,$-92,$-4,$451,$534,$-3,$3,$45,$48,$-6,$-10,$0,$51,$36,$81,$-5,$0,$0,$-28,$0,$-28,$0,$-33,$0,$0,$0,$2,$2,$0,$-5,$-3,$45,$8,$0
13,2015-06-30,51.62,$9.29,5.56,$3.84,13.46,$3.72,13.88,$0.15,344.14,$0.41B,$0.05B,9.09,$0.00B,$0.44B,0.0,$0.18B,$0.11B,62.92%,$0.18B,$0.02B,11.24%,$0.18B,$0.02B,11.24%,$0.18B,$0.03B,14.61%,$0.18B,$0.02B,11.80%,$0.18B,$0.01B,3.37%,$0.01B,$0.44B,1.35%,$0.01B,$0.36B,1.65%,$0.01B,$0.53B,1.19%,$0.02B,$0.44B,4.50%,$58,$39,$19,$11,$7,$63,$-5,$0,$-4,$7,$-12,$-12,$-12,$-5,$-5,$46,46,$-0.25,$-0.25,$356,$17,$5,$410,$21,$4,$78,$0,$115,$525,$45,$0,$12,$39,$84,$0,$-99,$-4,$441,$525,$-10,$2,$42,$43,$5,$-13,$0,$50,$42,$75,$-3,$0,$0,$0,$-4,$-4,$0,$-8,$0,$0,$0,$2,$2,$0,$-5,$-4,$64,$5,$0
14,2015-03-31,46.65,$9.76,4.78,$3.96,11.78,$2.64,17.67,$0.84,55.54,$0.41B,$0.04B,10.34,$0.00B,$0.45B,0.0,$0.18B,$0.15B,78.80%,$0.18B,$0.05B,29.35%,$0.18B,$0.05B,29.35%,$0.18B,$0.06B,33.70%,$0.18B,$0.05B,29.35%,$0.18B,$0.04B,20.65%,$0.04B,$0.45B,8.51%,$0.04B,$0.37B,10.49%,$0.04B,$0.53B,7.70%,$0.05B,$0.45B,12.09%,$31,$9,$23,$10,$6,$29,$2,$0,$2,$1,$1,$1,$1,$4,$2,$46,46,$0.03,$0.03,$329,$39,$4,$407,$20,$4,$80,$0,$118,$525,$39,$0,$11,$37,$76,$0,$-87,$-4,$449,$525,$1,$2,$2,$5,$4,$-2,$0,$48,$41,$47,$-2,$0,$0,$0,$39,$39,$0,$37,$0,$0,$0,$1,$1,$0,$-5,$-4,$80,$2,$0
15,2014-12-31,27.69,$9.82,2.82,$4.10,6.76,$1.49,18.59,$0.90,30.77,$0.37B,$0.03B,13.81,$0.00B,$0.45B,0.0,$0.19B,$0.15B,78.53%,$0.19B,$0.06B,30.89%,$0.19B,$0.06B,30.89%,$0.19B,$0.07B,35.08%,$0.19B,$0.06B,30.89%,$0.19B,$0.04B,21.47%,$0.04B,$0.45B,9.27%,$0.04B,$0.37B,11.53%,$0.04B,$0.49B,8.56%,$0.06B,$0.45B,13.33%,$56,$12,$44,$13,$9,$39,$17,$0,$17,$4,$13,$13,$13,$20,$17,$46,47,$0.28,$0.28,$289,$37,$4,$371,$20,$3,$83,$0,$119,$490,$27,$0,$11,$14,$41,$0,$-88,$-4,$449,$490,$42,$8,$21,$30,$-6,$-30,$0,$10,$-24,$47,$-6,$0,$0,$0,$-36,$-36,$0,$-42,$0,$0,$0,$-27,$-27,$0,$-3,$-30,$-25,$8,$0
16,2014-09-30,32.57,$9.60,3.39,$3.96,8.24,$1.47,22.09,$1.86,17.51,$0.35B,$0.02B,17.65,$0.00B,$0.44B,0.0,$0.18B,$0.15B,80.43%,$0.18B,$0.06B,33.15%,$0.18B,$0.06B,33.15%,$0.18B,$0.07B,36.41%,$0.18B,$0.06B,33.70%,$0.18B,$0.09B,46.74%,$0.09B,$0.44B,19.67%,$0.09B,$0.35B,24.75%,$0.09B,$0.47B,18.22%,$0.06B,$0.44B,13.95%,$33,$7,$26,$8,$7,$27,$6,$0,$6,$2,$4,$4,$4,$7,$6,$46,47,$0.09,$0.09,$268,$30,$13,$351,$18,$3,$86,$1,$121,$472,$20,$0,$10,$13,$32,$0,$-101,$-4,$440,$472,$29,$6,$15,$20,$-6,$-19,$0,$-1,$-30,$19,$-4,$0,$0,$-24,$0,$-24,$0,$-28,$0,$0,$0,$-21,$-21,$0,$-3,$-24,$-33,$6,$0
17,2014-06-30,32.03,$9.69,3.3,$3.95,8.1,$1.56,20.58,$1.89,16.95,$0.36B,$0.03B,14.12,$0.00B,$0.45B,0.0,$0.18B,$0.15B,78.80%,$0.18B,$0.06B,32.07%,$0.18B,$0.06B,32.07%,$0.18B,$0.07B,35.87%,$0.18B,$0.06B,32.61%,$0.18B,$0.09B,47.83%,$0.09B,$0.45B,21.03%,$0.09B,$0.36B,26.97%,$0.09B,$0.49B,19.38%,$0.06B,$0.45B,14.10%,$64,$12,$52,$11,$7,$35,$29,$0,$29,$9,$20,$20,$20,$31,$29,$46,47,$0.44,$0.44,$291,$21,$13,$363,$17,$3,$89,$0,$124,$487,$26,$0,$10,$13,$39,$0,$-106,$-4,$448,$487,$24,$4,$11,$15,$-5,$-10,$0,$-2,$-15,$25,$-3,$0,$0,$-8,$0,$-8,$0,$-11,$0,$0,$0,$-6,$-6,$0,$-3,$-9,$5,$4,$0
18,2014-03-31,31.84,$9.23,3.45,$3.64,8.75,$1.36,23.33,$1.78,17.89,$0.34B,$0.02B,17.11,$0.00B,$0.43B,0.0,$0.17B,$0.13B,79.29%,$0.17B,$0.05B,30.77%,$0.17B,$0.05B,30.77%,$0.17B,$0.06B,34.91%,$0.17B,$0.05B,31.36%,$0.17B,$0.08B,49.11%,$0.08B,$0.43B,20.97%,$0.08B,$0.34B,27.60%,$0.08B,$0.47B,19.27%,$0.05B,$0.43B,13.14%,$38,$10,$28,$10,$6,$31,$7,$0,$7,$3,$4,$4,$4,$9,$7,$46,47,$0.09,$0.09,$267,$15,$11,$338,$15,$3,$91,$1,$128,$466,$20,$0,$10,$13,$33,$0,$-126,$-4,$433,$466,$4,$2,$4,$6,$-9,$-4,$0,$0,$-17,$-7,$-1,$0,$0,$0,$-24,$-24,$0,$-25,$0,$0,$0,$1,$1,$0,$-3,$-2,$-35,$2,$0
19,2013-12-31,34.29,$9.21,3.72,$3.16,10.86,$1.29,26.54,$1.59,21.56,$0.33B,$0.02B,14.08,$0.00B,$0.43B,0.0,$0.15B,$0.12B,80.82%,$0.15B,$0.04B,26.03%,$0.15B,$0.04B,26.03%,$0.15B,$0.05B,30.82%,$0.15B,$0.04B,26.71%,$0.15B,$0.07B,50.68%,$0.07B,$0.43B,19.87%,$0.07B,$0.33B,26.96%,$0.07B,$0.46B,18.22%,$0.04B,$0.43B,10.20%,$49,$8,$42,$10,$7,$30,$19,$0,$20,$-38,$58,$58,$58,$20,$19,$46,47,$1.25,$1.24,$273,$11,$7,$327,$15,$7,$94,$0,$136,$463,$23,$0,$9,$12,$35,$0,$-130,$-4,$428,$463,$74,$7,$-35,$-28,$-7,$0,$0,$2,$-1,$45,$-5,$-0,$0,$0,$-50,$-50,$0,$-55,$0,$0,$0,$-2,$-2,$0,$-3,$-6,$-15,$7,$0
20,2013-09-30,31.96,$7.90,4.05,$2.69,11.87,$0.75,42.81,$0.47,68.01,$0.28B,$0.02B,13.1,$0.00B,$0.37B,0.0,$0.13B,$0.10B,82.40%,$0.13B,$0.03B,21.60%,$0.13B,$0.03B,21.60%,$0.13B,$0.03B,27.20%,$0.13B,$0.03B,22.40%,$0.13B,$0.02B,16.80%,$0.02B,$0.37B,5.95%,$0.02B,$0.27B,8.32%,$0.02B,$0.40B,5.43%,$0.03B,$0.37B,7.65%,$33,$10,$23,$8,$6,$29,$4,$0,$4,$-1,$6,$6,$6,$6,$4,$46,47,$0.12,$0.12,$248,$8,$6,$280,$15,$8,$97,$0,$120,$400,$21,$0,$11,$13,$35,$0,$-188,$-5,$365,$400,$16,$6,$5,$11,$-9,$3,$0,$1,$-5,$23,$-4,$-0,$0,$-30,$0,$-30,$0,$-34,$0,$0,$0,$-4,$-4,$0,$-3,$-7,$-19,$5,$0
21,2013-06-30,28.05,$7.73,3.63,$2.26,12.41,$0.46,61.15,$0.23,121.96,$0.27B,$0.02B,11.87,$0.00B,$0.36B,0.0,$0.11B,$0.09B,86.67%,$0.11B,$0.02B,16.19%,$0.11B,$0.02B,16.19%,$0.11B,$0.02B,22.86%,$0.11B,$0.02B,17.14%,$0.11B,$0.01B,9.52%,$0.01B,$0.36B,2.87%,$0.01B,$0.26B,4.07%,$0.01B,$0.39B,2.62%,$0.02B,$0.36B,4.87%,$49,$8,$41,$7,$6,$28,$22,$0,$22,$7,$15,$15,$15,$24,$22,$46,46,$0.34,$0.33,$245,$9,$6,$274,$14,$6,$99,$0,$119,$394,$23,$0,$10,$13,$36,$0,$-194,$-5,$357,$394,$11,$4,$3,$8,$-6,$2,$0,$1,$-3,$16,$-2,$-0,$0,$0,$-10,$-10,$0,$-13,$0,$0,$0,$-5,$-5,$0,$-3,$-8,$-5,$3,$0
22,2013-03-31,29.37,$7.35,3.99,$1.84,15.97,$0.33,89.13,$0.13,225.91,$0.25B,$0.02B,16.33,$0.00B,$0.34B,0.0,$0.09B,$0.08B,90.70%,$0.09B,$0.01B,9.30%,$0.09B,$0.01B,9.30%,$0.09B,$0.01B,13.95%,$0.09B,$0.01B,10.47%,$0.09B,$0.01B,6.98%,$0.01B,$0.34B,1.72%,$0.01B,$0.24B,2.23%,$0.01B,$0.37B,1.58%,$0.01B,$0.34B,2.30%,$15,$3,$12,$9,$5,$22,$-7,$0,$-7,$-2,$-5,$-5,$-5,$-5,$-7,$46,46,$-0.10,$-0.10,$221,$9,$8,$248,$13,$5,$102,$0,$120,$368,$15,$0,$10,$13,$28,$0,$-209,$-6,$340,$368,$-5,$2,$1,$4,$-2,$2,$0,$-3,$-10,$-11,$-1,$-0,$0,$0,$-21,$-21,$0,$-21,$0,$0,$0,$-5,$-5,$0,$-3,$-8,$-40,$1,$0
23,2012-12-31,25.57,$7.56,3.38,$1.79,14.3,$0.50,51.56,$0.20,127.83,$0.27B,$0.02B,12.0,$0.00B,$0.35B,0.0,$0.08B,$0.08B,92.86%,$0.08B,$0.01B,15.48%,$0.08B,$0.01B,15.48%,$0.08B,$0.02B,17.86%,$0.08B,$0.02B,17.86%,$0.08B,$0.01B,11.90%,$0.01B,$0.35B,2.87%,$0.01B,$0.25B,3.39%,$0.01B,$0.39B,2.63%,$0.01B,$0.35B,3.74%,$28,$1,$27,$8,$5,$20,$8,$0,$9,$3,$5,$5,$5,$9,$8,$46,47,$0.12,$0.13,$244,$11,$4,$268,$12,$1,$105,$0,$118,$386,$22,$0,$10,$13,$35,$0,$-204,$-6,$350,$386,$10,$1,$5,$6,$2,$-7,$0,$3,$2,$18,$-3,$-109,$0,$0,$76,$76,$0,$-36,$0,$0,$0,$-3,$-3,$0,$-4,$-8,$-26,$5,$0
24,2012-09-30,34.26,$7.50,4.57,$1.60,21.4,$0.48,71.22,$0.20,171.29,$0.26B,$0.02B,12.95,$0.00B,$0.35B,0.0,$0.08B,$0.07B,92.00%,$0.08B,$0.01B,12.00%,$0.08B,$0.01B,12.00%,$0.08B,$0.01B,12.00%,$0.08B,$0.01B,13.33%,$0.08B,$0.01B,14.67%,$0.01B,$0.35B,3.18%,$0.01B,$0.24B,3.45%,$0.01B,$0.38B,2.91%,$0.01B,$0.35B,2.60%,$13,$1,$11,$8,$5,$19,$-6,$0,$-6,$-0,$-5,$-5,$-5,$-4,$-6,$46,46,$-0.12,$-0.12,$239,$9,$4,$260,$12,$1,$107,$0,$121,$381,$20,$0,$9,$12,$32,$0,$-210,$-5,$349,$381,$4,$0,$4,$4,$3,$-6,$0,$0,$-1,$7,$-2,$-109,$0,$0,$69,$69,$0,$-42,$0,$0,$0,$2,$2,$0,$-4,$-3,$-38,$4,$0
25,2012-06-30,35.86,$7.60,4.72,$1.79,19.99,$0.49,72.62,$0.45,79.7,$0.37B,$0.02B,17.79,$0.00B,$0.35B,0.0,$0.08B,$0.08B,91.67%,$0.08B,$0.02B,25.00%,$0.08B,$0.02B,25.00%,$0.08B,$0.02B,21.43%,$0.08B,$0.02B,27.38%,$0.08B,$0.02B,26.19%,$0.02B,$0.35B,6.42%,$0.02B,$0.35B,6.42%,$0.02B,$0.39B,5.89%,$0.02B,$0.35B,6.13%,$30,$2,$28,$7,$5,$17,$13,$0,$13,$2,$11,$11,$11,$12,$13,$46,47,$0.24,$0.23,$350,$9,$4,$372,$12,$1,$0,$0,$14,$386,$21,$0,$9,$12,$33,$0,$-204,$-6,$353,$386,$10,$-1,$2,$1,$1,$-5,$0,$0,$-2,$9,$-2,$-0,$0,$221,$-177,$43,$0,$41,$0,$0,$0,$1,$1,$0,$-4,$-2,$48,$2,$0
26,2012-03-31,36.45,$7.34,4.97,$1.40,25.97,$0.35,104.54,$0.19,191.86,$0.36B,$0.02B,20.56,$0.00B,$0.34B,0.0,$0.07B,$0.06B,92.31%,$0.07B,$0.01B,10.77%,$0.07B,$0.01B,10.77%,$0.07B,$0.00B,6.15%,$0.07B,$0.01B,21.54%,$0.07B,$0.01B,21.54%,$0.01B,$0.34B,4.19%,$0.01B,$0.34B,4.19%,$0.01B,$0.37B,3.85%,$0.01B,$0.34B,2.10%,$13,$1,$12,$7,$4,$14,$-2,$0,$-1,$0,$-1,$-1,$-1,$-2,$-2,$46,46,$-0.03,$-0.03,$339,$6,$2,$355,$12,$1,$0,$0,$14,$369,$17,$0,$8,$12,$29,$0,$-215,$-6,$340,$369,$-1,$-1,$1,$0,$2,$-2,$0,$1,$-1,$-2,$-2,$0,$0,$0,$39,$39,$0,$37,$0,$0,$0,$1,$1,$0,$-3,$-3,$32,$1,$0
27,2011-12-31,36.61,$7.42,4.93,$1.37,26.64,$0.46,79.34,$-0.09,0.0,$0.36B,$0.02B,18.56,$0.00B,$0.34B,0.0,$0.06B,$0.06B,91.94%,$0.06B,$0.01B,9.68%,$0.06B,$0.01B,9.68%,$0.06B,$0.00B,4.84%,$0.06B,$0.00B,4.84%,$0.06B,$0.00B,4.84%,$0.00B,$0.34B,0.92%,$0.00B,$0.34B,0.92%,$0.00B,$0.37B,0.84%,$0.01B,$0.34B,1.84%,$19,$1,$18,$6,$6,$15,$4,$0,$4,$-2,$6,$6,$6,$3,$4,$44,45,$0.18,$0.29,$346,$4,$2,$362,$11,$0,$0,$0,$12,$374,$20,$0,$8,$12,$32,$0,$-214,$-6,$342,$374,$3,$-3,$10,$7,$-3,$-4,$0,$6,$6,$16,$-3,$-0,$0,$-181,$0,$-181,$0,$-184,$0,$0,$0,$263,$263,$0,$-4,$259,$91,$6,$0
28,2011-09-30,47.84,$7.29,6.56,$1.25,38.32,$0.03,1386.66,$-0.35,0.0,$0.35B,$0.02B,19.39,$0.00B,$0.34B,0.0,$0.05B,$0.05B,92.59%,$0.05B,$0.00B,3.70%,$0.05B,$0.00B,3.70%,$0.05B,$-0.00B,-1.85%,$0.05B,$-0.01B,-11.11%,$0.05B,$-0.01B,-14.81%,$-0.01B,$0.34B,-3.14%,$-0.01B,$0.34B,-3.15%,$-0.01B,$0.37B,-2.79%,$0.00B,$0.34B,0.79%,$22,$2,$19,$6,$5,$16,$6,$1,$7,$1,$6,$6,$6,$5,$6,$45,47,$0.13,$0.12,$338,$2,$2,$354,$11,$0,$0,$0,$12,$365,$18,$0,$8,$11,$29,$0,$-220,$-6,$336,$365,$-3,$-2,$9,$7,$-5,$-2,$0,$5,$3,$8,$-2,$-0,$0,$0,$-218,$-218,$0,$-220,$0,$0,$0,$263,$263,$0,$-4,$259,$47,$5,$0
29,2011-06-30,35.02,$6.98,5.02,$0.97,36.1,$-0.22,0.0,$-0.67,0.0,$0.34B,$0.02B,18.41,$0.00B,$0.32B,0.0,$0.04B,$0.04B,97.44%,$0.04B,$-0.01B,-20.51%,$0.04B,$-0.01B,-20.51%,$0.04B,$-0.01B,-23.08%,$0.04B,$-0.02B,-51.28%,$0.04B,$-0.02B,-53.85%,$-0.02B,$0.32B,-11.46%,$-0.02B,$0.32B,-11.49%,$-0.02B,$0.35B,-9.73%,$-0.01B,$0.32B,-4.37%,$11,$0,$11,$6,$4,$12,$-1,$5,$4,$0,$3,$3,$3,$-2,$-1,$45,45,$0.07,$-0.03,$326,$0,$3,$336,$10,$0,$0,$0,$11,$347,$18,$0,$8,$11,$29,$0,$-226,$-6,$318,$347,$-9,$-1,$7,$6,$1,$-0,$0,$2,$4,$2,$-2,$-0,$0,$0,$-208,$-208,$0,$-210,$0,$0,$0,$257,$257,$0,$-4,$253,$45,$3,$0
30,2011-03-31,54.92,$6.77,8.12,$0.95,57.98,$-0.31,0.0,$-0.76,0.0,$0.33B,$0.03B,13.08,$0.00B,$0.31B,0.0,$0.04B,$0.04B,97.22%,$0.04B,$-0.01B,-25.00%,$0.04B,$-0.01B,-25.00%,$0.04B,$-0.01B,-30.56%,$0.04B,$-0.03B,-77.78%,$0.04B,$-0.03B,-77.78%,$-0.03B,$0.31B,-23.78%,$-0.03B,$0.31B,-23.88%,$-0.03B,$0.34B,-18.76%,$-0.01B,$0.31B,-7.64%,$10,$0,$9,$7,$4,$12,$-3,$-9,$-12,$0,$-12,$-12,$-12,$-3,$-3,$39,39,$-0.31,$-0.31,$325,$0,$2,$333,$10,$0,$0,$0,$11,$343,$25,$0,$7,$11,$36,$0,$-229,$-6,$307,$343,$-12,$-0,$11,$10,$1,$-0,$0,$2,$3,$2,$-0,$-0,$0,$0,$-14,$-14,$0,$-15,$0,$0,$0,$255,$255,$0,$-4,$251,$238,$2,$0
31,2010-12-31,30.59,$1.47,20.74,$0.82,37.52,$-0.35,0.0,$-0.53,0.0,$0.08B,$0.03B,3.29,$0.00B,$0.06B,0.0,$0.03B,$0.03B,100.00%,$0.03B,$-0.01B,-33.33%,$0.03B,$-0.01B,-33.33%,$0.03B,$-0.01B,-40.00%,$0.03B,$-0.02B,-63.33%,$0.03B,$-0.02B,-63.33%,$-0.02B,$0.06B,-34.08%,$-0.02B,$0.06B,-34.39%,$-0.02B,$0.09B,-22.96%,$-0.01B,$0.06B,-17.94%,$11,$0,$11,$6,$3,$11,$-0,$-5,$-5,$0,$-5,$-5,$-5,$-1,$-0,$38,38,$-0.14,$-0.14,$73,$0,$2,$82,$10,$0,$0,$0,$10,$92,$25,$0,$7,$10,$35,$0,$-217,$-6,$57,$92,$-20,$-2,$17,$15,$-4,$-0,$0,$2,$1,$-4,$-0,$0,$0,$-11,$0,$-11,$0,$-12,$0,$0,$0,$15,$15,$0,$-1,$14,$-2,$6,$0
32,2010-09-30,23.45,$1.33,17.64,$0.66,35.49,$-0.64,0.0,$-0.49,0.0,$0.07B,$0.02B,3.4,$0.00B,$0.05B,0.0,$0.02B,$0.02B,100.00%,$0.02B,$-0.01B,-58.33%,$0.02B,$-0.01B,-58.33%,$0.02B,$-0.02B,-62.50%,$0.02B,$-0.02B,-75.00%,$0.02B,$-0.02B,-75.00%,$-0.02B,$0.05B,-31.86%,$-0.02B,$0.05B,-32.43%,$-0.02B,$0.08B,-22.57%,$-0.01B,$0.05B,-24.78%,$7,$0,$7,$6,$3,$11,$-4,$-3,$-7,$0,$-7,$-7,$-7,$-3,$-4,$38,38,$-0.19,$-0.19,$65,$0,$1,$70,$10,$0,$0,$0,$10,$81,$21,$0,$6,$9,$30,$0,$-212,$-5,$51,$81,$-15,$-1,$9,$8,$-1,$-0,$0,$1,$2,$-5,$-0,$0,$0,$-16,$0,$-16,$0,$-16,$0,$0,$0,$7,$7,$0,$-1,$6,$-14,$3,$0
33,2010-06-30,17.94,$1.46,12.28,$0.61,29.18,$-0.83,0.0,$-0.43,0.0,$0.07B,$0.01B,6.39,$0.00B,$0.06B,0.0,$0.02B,$0.02B,100.00%,$0.02B,$-0.01B,-63.64%,$0.02B,$-0.01B,-63.64%,$0.02B,$-0.02B,-77.27%,$0.02B,$-0.02B,-72.73%,$0.02B,$-0.02B,-72.73%,$-0.02B,$0.06B,-27.00%,$-0.02B,$0.06B,-27.71%,$-0.02B,$0.08B,-20.00%,$-0.01B,$0.06B,-23.63%,$8,$0,$8,$6,$4,$10,$-2,$-3,$-4,$0,$-4,$-4,$-4,$-4,$-2,$37,37,$-0.12,$-0.12,$66,$0,$0,$70,$10,$0,$0,$0,$11,$81,$11,$0,$11,$15,$26,$0,$-205,$-5,$56,$81,$-7,$-2,$4,$2,$-1,$0,$0,$2,$3,$-3,$-0,$0,$0,$-13,$0,$-13,$0,$-13,$0,$0,$0,$6,$6,$0,$-1,$5,$-11,$2,$0
34,2010-03-31,11.75,$1.57,7.5,$0.47,24.99,$-1.00,0.0,$-0.49,0.0,$0.07B,$0.01B,5.34,$0.00B,$0.06B,0.0,$0.02B,$0.02B,100.00%,$0.02B,$-0.02B,-105.88%,$0.02B,$-0.02B,-105.88%,$0.02B,$-0.02B,-111.76%,$0.02B,$-0.02B,-105.88%,$0.02B,$-0.02B,-105.88%,$-0.02B,$0.06B,-29.27%,$-0.02B,$0.06B,-30.13%,$-0.02B,$0.08B,-22.22%,$-0.02B,$0.06B,-29.27%,$4,$0,$4,$5,$3,$8,$-4,$1,$-3,$-0,$-3,$-3,$-3,$-4,$-4,$37,37,$-0.08,$-0.08,$63,$0,$0,$66,$11,$0,$1,$0,$12,$77,$12,$0,$3,$6,$19,$0,$-200,$-0,$59,$77,$-3,$0,$0,$0,$1,$0,$0,$1,$2,$-0,$-0,$0,$0,$-14,$0,$-14,$0,$-14,$0,$0,$0,$1,$1,$0,$-1,$-0,$-15,$1,$0
35,2009-12-31,12.33,$1.62,7.62,$0.43,28.46,$-1.11,0.0,$-0.56,0.0,$0.07B,$0.01B,4.84,$0.00B,$0.06B,0.0,$0.02B,$0.02B,100.00%,$0.02B,$-0.02B,-125.00%,$0.02B,$-0.02B,-125.00%,$0.02B,$-0.02B,-131.25%,$0.02B,$-0.02B,-131.25%,$0.02B,$-0.02B,-131.25%,$-0.02B,$0.06B,-32.68%,$-0.02B,$0.06B,-33.73%,$-0.02B,$0.08B,-24.93%,$-0.02B,$0.06B,-31.13%,$5,$-0,$5,$6,$3,$9,$-4,$0,$-4,$0,$-4,$-4,$-4,$-4,$-4,$36,36,$-0.10,$-0.10,$64,$0,$0,$68,$11,$0,$1,$0,$13,$80,$14,$0,$4,$7,$21,$0,$-197,$0,$60,$80,$-21,$-1,$6,$5,$-1,$0,$0,$2,$0,$-15,$-0,$0,$0,$8,$0,$8,$0,$8,$0,$0,$0,$2,$2,$0,$-1,$1,$-6,$4,$0
36,2009-09-30,11.92,$1.69,7.06,$0.40,29.77,$-0.95,0.0,$-0.57,0.0,$0.07B,$0.01B,5.26,$0.00B,$0.06B,0.0,$0.02B,$0.02B,100.00%,$0.02B,$-0.02B,-146.67%,$0.02B,$-0.02B,-146.67%,$0.02B,$-0.02B,-153.33%,$0.02B,$-0.02B,-146.67%,$0.02B,$-0.02B,-140.00%,$-0.02B,$0.06B,-30.66%,$-0.02B,$0.06B,-31.70%,$-0.02B,$0.08B,-23.80%,$-0.02B,$0.06B,-32.12%,$5,$0,$5,$5,$3,$9,$-4,$-1,$-5,$0,$-5,$-5,$-5,$-5,$-4,$36,36,$-0.13,$-0.13,$66,$0,$1,$68,$12,$0,$2,$0,$13,$82,$13,$0,$4,$7,$20,$0,$-193,$0,$62,$82,$-17,$-1,$4,$3,$1,$0,$0,$0,$2,$-12,$-0,$0,$0,$-6,$0,$-6,$0,$-6,$0,$0,$0,$1,$1,$0,$-1,$0,$-18,$2,$0
37,2009-06-30,9.76,$1.78,5.47,$0.33,29.39,$-0.82,0.0,$-0.59,0.0,$0.07B,$0.01B,5.19,$0.00B,$0.07B,0.0,$0.01B,$0.01B,92.31%,$0.01B,$-0.02B,-184.62%,$0.01B,$-0.02B,-184.62%,$0.01B,$-0.02B,-184.62%,$0.01B,$-0.02B,-169.23%,$0.01B,$-0.02B,-161.54%,$-0.02B,$0.07B,-28.77%,$-0.02B,$0.06B,-29.79%,$-0.02B,$0.09B,-22.76%,$-0.02B,$0.07B,-32.88%,$3,$0,$3,$5,$3,$9,$-6,$-0,$-6,$0,$-6,$-6,$-6,$-6,$-6,$36,36,$-0.18,$-0.18,$68,$0,$1,$70,$12,$0,$2,$0,$14,$85,$14,$0,$3,$6,$20,$0,$-189,$0,$65,$85,$-12,$0,$2,$2,$1,$0,$0,$-0,$1,$-9,$-0,$0,$0,$-9,$0,$-9,$0,$-9,$0,$0,$0,$0,$0,$0,$-1,$-1,$-18,$1,$0
38,2009-03-31,9.15,$1.93,4.74,$0.31,29.46,$-0.75,0.0,$-0.56,0.0,$0.07B,$0.01B,5.6,$0.00B,$0.07B,0.0,$0.01B,$0.01B,91.67%,$0.01B,$-0.02B,-200.00%,$0.01B,$-0.02B,-200.00%,$0.01B,$-0.02B,-191.67%,$0.01B,$-0.02B,-175.00%,$0.01B,$-0.02B,-166.67%,$-0.02B,$0.07B,-25.64%,$-0.02B,$0.07B,-26.67%,$-0.02B,$0.09B,-20.89%,$-0.02B,$0.07B,-30.77%,$3,$0,$3,$5,$3,$9,$-6,$0,$-6,$0,$-6,$-6,$-6,$-6,$-6,$36,36,$-0.15,$-0.15,$72,$0,$0,$74,$12,$0,$3,$0,$15,$90,$13,$0,$3,$6,$19,$0,$-182,$0,$70,$90,$-6,$0,$1,$1,$1,$0,$0,$0,$0,$-5,$-0,$0,$0,$-17,$0,$-17,$0,$-17,$0,$0,$0,$0,$0,$0,$-1,$-1,$-22,$1,$0
39,2008-12-31,9.43,$2.12,4.44,$0.31,30.57,$-0.70,0.0,$-0.53,0.0,$0.08B,$0.02B,5.1,$0.00B,$0.08B,0.0,$0.01B,$0.01B,91.67%,$0.01B,$-0.02B,-191.67%,$0.01B,$-0.02B,-191.67%,$0.01B,$-0.02B,-183.33%,$0.01B,$-0.02B,-158.33%,$0.01B,$-0.02B,-150.00%,$-0.02B,$0.08B,-21.82%,$-0.02B,$0.07B,-22.78%,$-0.02B,$0.10B,-18.18%,$-0.02B,$0.08B,-27.88%,$4,$-0,$4,$6,$3,$9,$-6,$0,$-5,$0,$-4,$-4,$-4,$-6,$-6,$36,36,$-0.11,$-0.11,$77,$0,$0,$80,$13,$0,$3,$0,$16,$96,$16,$0,$0,$4,$20,$0,$-180,$0,$77,$96,$-19,$1,$6,$7,$-0,$0,$0,$4,$5,$-8,$-1,$0,$0,$2,$0,$2,$0,$1,$0,$0,$0,$2,$2,$0,$-1,$2,$-6,$4,$0
40,2008-09-30,10.94,$2.22,4.93,$0.29,37.13,$-0.79,0.0,$-0.51,0.0,$0.08B,$0.01B,5.68,$0.00B,$0.08B,0.0,$0.01B,$0.01B,90.91%,$0.01B,$-0.02B,-200.00%,$0.01B,$-0.02B,-200.00%,$0.01B,$-0.02B,-200.00%,$0.01B,$-0.02B,-163.64%,$0.01B,$-0.02B,-154.55%,$-0.02B,$0.08B,-19.88%,$-0.02B,$0.08B,-20.80%,$-0.02B,$0.10B,-16.79%,$-0.02B,$0.08B,-25.73%,$3,$0,$2,$5,$2,$8,$-6,$1,$-5,$0,$-5,$-5,$-5,$-6,$-6,$36,36,$-0.15,$-0.15,$79,$0,$1,$82,$13,$0,$3,$0,$17,$98,$14,$0,$0,$4,$18,$0,$-176,$-0,$80,$98,$-15,$1,$2,$3,$1,$0,$0,$2,$5,$-6,$-1,$0,$0,$26,$0,$26,$0,$25,$0,$0,$0,$2,$2,$0,$-1,$2,$21,$1,$0
41,2008-06-30,12.29,$2.35,5.23,$0.31,39.72,$-0.88,0.0,$-0.44,0.0,$0.08B,$0.01B,6.73,$0.00B,$0.09B,0.0,$0.01B,$0.01B,100.00%,$0.01B,$-0.02B,-181.82%,$0.01B,$-0.02B,-181.82%,$0.01B,$-0.02B,-172.73%,$0.01B,$-0.02B,-145.45%,$0.01B,$-0.02B,-136.36%,$-0.02B,$0.09B,-17.05%,$-0.02B,$0.08B,-17.91%,$-0.02B,$0.10B,-14.56%,$-0.02B,$0.09B,-22.73%,$2,$0,$2,$4,$3,$8,$-6,$1,$-5,$0,$-5,$-5,$-5,$-5,$-6,$36,36,$-0.15,$-0.15,$80,$0,$1,$82,$13,$0,$4,$0,$17,$99,$12,$0,$0,$2,$15,$0,$-171,$-0,$85,$99,$-9,$1,$2,$3,$1,$0,$0,$-1,$1,$-6,$-0,$0,$0,$10,$0,$10,$0,$10,$0,$0,$0,$2,$2,$0,$-1,$1,$6,$1,$0
42,2008-03-31,14.29,$2.47,5.79,$0.32,44.71,$-0.93,0.0,$-0.45,0.0,$0.09B,$0.01B,7.44,$0.00B,$0.09B,0.0,$0.01B,$0.01B,100.00%,$0.01B,$-0.02B,-181.82%,$0.01B,$-0.02B,-181.82%,$0.01B,$-0.02B,-172.73%,$0.01B,$-0.02B,-145.45%,$0.01B,$-0.02B,-136.36%,$-0.02B,$0.09B,-16.81%,$-0.02B,$0.08B,-17.70%,$-0.02B,$0.10B,-14.32%,$-0.02B,$0.09B,-22.41%,$3,$0,$3,$4,$2,$8,$-5,$1,$-4,$0,$-4,$-4,$-4,$-5,$-5,$36,36,$-0.12,$-0.12,$82,$0,$1,$85,$13,$0,$4,$0,$18,$103,$11,$0,$0,$3,$14,$0,$-166,$0,$88,$103,$-4,$0,$1,$1,$0,$0,$0,$-0,$0,$-3,$-0,$0,$0,$-19,$0,$-19,$0,$-19,$0,$0,$0,$2,$2,$0,$-1,$1,$-21,$1,$0
43,2007-12-31,20.63,$2.51,8.22,$0.34,60.79,$-0.96,0.0,$-0.48,0.0,$0.09B,$0.01B,6.78,$0.00B,$0.09B,0.0,$0.01B,$0.01B,100.00%,$0.01B,$-0.02B,-181.82%,$0.01B,$-0.02B,-181.82%,$0.01B,$-0.02B,-163.64%,$0.01B,$-0.02B,-154.55%,$0.01B,$-0.02B,-145.45%,$-0.02B,$0.09B,-19.88%,$-0.02B,$0.09B,-21.19%,$-0.02B,$0.11B,-16.62%,$-0.02B,$0.09B,-24.84%,$3,$0,$3,$3,$2,$8,$-5,$1,$-4,$0,$-3,$-3,$-3,$-6,$-5,$34,34,$-0.08,$-0.08,$84,$0,$1,$87,$14,$0,$5,$0,$18,$105,$13,$0,$0,$3,$16,$0,$-161,$-0,$89,$105,$-16,$1,$5,$7,$-0,$-0,$0,$1,$-1,$-10,$-1,$0,$0,$-31,$0,$-31,$0,$-33,$0,$0,$0,$47,$47,$0,$-1,$46,$3,$4,$0
44,2007-09-30,17.68,$2.55,6.93,$0.34,52.64,$-0.83,0.0,$-0.53,0.0,$0.09B,$0.01B,6.86,$0.00B,$0.09B,0.0,$0.01B,$0.01B,90.91%,$0.01B,$-0.02B,-190.91%,$0.01B,$-0.02B,-190.91%,$0.01B,$-0.02B,-154.55%,$0.01B,$-0.02B,-163.64%,$0.01B,$-0.02B,-154.55%,$-0.02B,$0.09B,-23.69%,$-0.02B,$0.09B,-25.66%,$-0.02B,$0.11B,-19.32%,$-0.02B,$0.09B,-29.27%,$3,$0,$3,$5,$2,$7,$-4,$1,$-3,$0,$-3,$-3,$-3,$-3,$-4,$35,35,$-0.08,$-0.08,$84,$0,$1,$87,$13,$0,$5,$0,$19,$105,$13,$0,$0,$3,$16,$0,$-158,$-0,$90,$105,$-13,$2,$2,$4,$-0,$0,$0,$-0,$-1,$-9,$-1,$0,$0,$0,$-5,$-5,$0,$-5,$0,$0,$0,$44,$44,$0,$0,$44,$30,$1,$0
45,2007-06-30,15.68,$2.58,6.07,$0.35,45.13,$-0.78,0.0,$-0.54,0.0,$0.09B,$0.01B,6.85,$0.00B,$0.09B,0.0,$0.01B,$0.01B,90.91%,$0.01B,$-0.02B,-190.91%,$0.01B,$-0.02B,-190.91%,$0.01B,$-0.02B,-154.55%,$0.01B,$-0.02B,-163.64%,$0.01B,$-0.02B,-154.55%,$-0.02B,$0.09B,-26.77%,$-0.02B,$0.09B,-29.57%,$-0.02B,$0.11B,-21.25%,$-0.02B,$0.09B,-33.07%,$2,$0,$2,$6,$3,$8,$-6,$1,$-5,$0,$-5,$-5,$-5,$-5,$-6,$33,33,$-0.16,$-0.16,$84,$0,$1,$87,$13,$0,$5,$0,$19,$106,$13,$0,$0,$3,$16,$0,$-155,$-0,$90,$106,$-10,$2,$1,$3,$0,$0,$0,$0,$-0,$-7,$-0,$0,$0,$0,$-5,$-5,$0,$-5,$0,$0,$0,$42,$42,$0,$0,$42,$30,$1,$0
46,2007-03-31,15.06,$1.68,8.97,$0.37,40.2,$-0.80,0.0,$-0.52,0.0,$0.05B,$0.01B,3.94,$0.00B,$0.05B,0.0,$0.01B,$0.01B,91.67%,$0.01B,$-0.02B,-166.67%,$0.01B,$-0.02B,-166.67%,$0.01B,$-0.02B,-133.33%,$0.01B,$-0.02B,-141.67%,$0.01B,$-0.02B,-133.33%,$-0.02B,$0.05B,-28.70%,$-0.02B,$0.05B,-32.49%,$-0.02B,$0.07B,-22.30%,$-0.02B,$0.05B,-35.87%,$3,$0,$3,$5,$2,$8,$-5,$1,$-5,$0,$-5,$-5,$-5,$-4,$-5,$32,32,$-0.15,$-0.15,$47,$0,$1,$49,$14,$0,$6,$0,$20,$69,$12,$0,$0,$3,$16,$0,$-150,$-0,$53,$69,$-5,$1,$0,$1,$0,$0,$0,$1,$0,$-3,$-0,$0,$0,$0,$-4,$-4,$0,$-4,$0,$0,$0,$1,$1,$0,$0,$1,$-7,$0,$0
47,2006-12-31,14.98,$1.73,8.64,$0.39,38.61,$-0.81,0.0,$-0.49,0.0,$0.05B,$0.01B,3.6,$0.00B,$0.05B,0.0,$0.01B,$0.01B,91.67%,$0.01B,$-0.02B,-158.33%,$0.01B,$-0.02B,-158.33%,$0.01B,$-0.02B,-125.00%,$0.01B,$-0.02B,-133.33%,$0.01B,$-0.02B,-125.00%,$-0.02B,$0.05B,-26.20%,$-0.02B,$0.05B,-29.70%,$-0.02B,$0.07B,-20.62%,$-0.02B,$0.05B,-33.19%,$3,$0,$2,$5,$3,$8,$-6,$1,$-5,$0,$-4,$-4,$-4,$-5,$-6,$31,31,$-0.14,$-0.14,$49,$0,$1,$52,$14,$0,$6,$0,$21,$72,$14,$0,$0,$4,$18,$0,$-145,$-0,$54,$72,$-15,$3,$7,$10,$-0,$0,$0,$1,$1,$-4,$-2,$0,$0,$0,$1,$1,$0,$-1,$0,$0,$0,$6,$6,$0,$-1,$6,$0,$4,$0
