,Date,Stock Price,Book Value per Share,Price to Book Ratio,TTM Sales per Share,Price to Sales Ratio,TTM FCF per Share,Price to FCF Ratio,TTM Net EPS,PE Ratio,Current Assets,Current Liabilities,Current Ratio,Long Term Debt,Shareholder's Equity_x,Debt to Equity Ratio,TTM Revenue_x,TTM Gross Profit,Gross Margin,TTM Revenue_y,TTM Operating Income,Operating Margin,TTM Revenue_x,TTM EBIT,EBIT Margin,TTM Revenue_y,TTM EBITDA,EBITDA Margin,TTM Revenue_x,TTM Pre-Tax Income,Pre-Tax Margin,TTM Revenue_y,TTM Net Income_x,Net Margin,TTM Net Income_y,Shareholder's Equity_y,Return on Equity,TTM Net Income_x,Tangible Equity,Return on Tangible Equity,TTM Net Income_y,Total Assets,Return on Assets,TTM Net Income,LT Investments & Debt,Return on Investment,revenue,cost-goods-sold,gross-profit,research-development-expenses,selling-general-administrative-expenses,operating-expenses,operating-income,total-non-operating-income-expense,pre-tax-income,total-provision-income-taxes,income-after-taxes,income-from-continuous-operations,net-income,ebitda,ebit,basic-shares-outstanding,shares-outstanding,eps-basic-net-earnings-per-share,eps-earnings-per-share-diluted,cash-on-hand,inventory,other-current-assets,total-current-assets,net-property-plant-equipment,long-term-investments,goodwill-intangible-assets-total,other-long-term-assets,total-long-term-assets,total-assets,total-current-liabilities,long-term-debt,other-non-current-liabilities,total-long-term-liabilities,total-liabilities,common-stock-net,retained-earnings-accumulated-deficit,comprehensive-income,total-share-holder-equity,total-liabilities-share-holders-equity,net-income-loss,total-depreciation-amortization-cash-flow,other-non-cash-items,total-non-cash-items,change-in-accounts-receivable,change-in-inventories,change-in-accounts-payable,change-in-assets-liabilities,total-change-in-assets-liabilities,cash-flow-from-operating-activities,net-change-in-property-plant-equipment,net-change-in-intangible-assets,net-acquisitions-divestitures,net-change-in-short-term-investments,net-change-in-long-term-investments,net-change-in-investments-total,investing-activities-other,cash-flow-from-investing-activities,net-long-term-debt,net-current-debt,debt-issuance-retirement-net-total,net-common-equity-issued-repurchased,net-total-equity-issued-repurchased,total-common-preferred-stock-dividends-paid,financial-activities-other,cash-flow-from-financial-activities,net-cash-flow,stock-based-compensation,common-stock-dividends-paid
0,2018-09-30,25.68,$17.52,1.47,$41.07,0.63,$4.47,5.74,$4.52,5.68,$1.94B,$1.07B,1.81,$3.34B,$2.92B,1.14,$6.93B,$1.12B,16.10%,$6.93B,$0.70B,10.03%,$6.93B,$0.70B,10.03%,$6.93B,$1.29B,18.66%,$6.93B,$0.42B,6.12%,$6.93B,$0.76B,11.02%,$0.76B,$2.92B,27.28%,$0.76B,$0.28B,602.76%,$0.76B,$9.23B,8.32%,$0.70B,$6.26B,11.03%,$1872,$1442,$431,$0,$111,$1558,$315,$-53,$261,$66,$195,$195,$195,$468,$315,$167,169,$1.17,$1.16,$157,$724,$35,$1938,$3457,$0,$2648,$1160,$7289,$9227,$1074,$3336,$756,$5231,$6304,$167,$1051,$-571,$2923,$9227,$275,$451,$63,$514,$-280,$-45,$0,$-1,$-199,$586,$-272,$0,$0,$0,$0,$0,$0,$-272,$-254,$0,$-254,$-14,$-14,$-100,$-9,$-376,$-62,$9,$-100
1,2018-06-30,28.53,$16.55,1.72,$39.19,0.73,$4.06,7.02,$3.67,7.77,$1.76B,$0.98B,1.8,$3.51B,$2.76B,1.27,$6.61B,$0.89B,13.47%,$6.61B,$0.48B,7.32%,$6.61B,$0.48B,7.32%,$6.61B,$1.07B,16.15%,$6.61B,$0.22B,3.37%,$6.61B,$0.62B,9.41%,$0.62B,$2.76B,23.52%,$0.62B,$0.10B,-1367.03%,$0.62B,$9.14B,6.75%,$0.48B,$6.28B,7.77%,$1728,$1461,$268,$0,$110,$1578,$151,$-76,$74,$16,$59,$59,$59,$301,$151,$167,169,$0.35,$0.35,$144,$716,$48,$1763,$3501,$0,$2664,$1170,$7375,$9138,$982,$3513,$765,$5393,$6375,$167,$889,$-573,$2763,$9138,$80,$297,$12,$309,$-110,$-35,$0,$-10,$-123,$264,$-176,$0,$0,$0,$0,$0,$0,$-176,$-80,$0,$-80,$-7,$-7,$-67,$-9,$-162,$-74,$6,$-67
2,2018-03-31,30.01,$16.53,1.82,$38.14,0.79,$4.00,7.5,$3.28,9.15,$1.70B,$0.97B,1.75,$3.54B,$2.76B,1.28,$6.41B,$0.74B,11.57%,$6.41B,$0.35B,5.52%,$6.41B,$0.35B,5.52%,$6.41B,$0.93B,14.43%,$6.41B,$0.13B,1.98%,$6.41B,$0.56B,8.69%,$0.56B,$2.76B,22.11%,$0.56B,$0.08B,-297.86%,$0.56B,$9.16B,6.10%,$0.35B,$6.30B,5.80%,$1710,$1529,$182,$0,$101,$1625,$85,$-57,$28,$7,$21,$21,$21,$232,$85,$167,169,$0.13,$0.12,$109,$676,$61,$1699,$3539,$0,$2685,$1197,$7461,$9160,$971,$3535,$764,$5426,$6397,$167,$864,$-553,$2763,$9160,$21,$147,$-21,$126,$-103,$15,$0,$-13,$-70,$81,$-89,$0,$0,$0,$0,$0,$0,$-89,$-60,$0,$-60,$1,$1,$-33,$-9,$-101,$-109,$3,$-33
3,2017-12-31,34.91,$16.48,2.12,$37.37,0.93,$4.15,8.41,$3.24,10.77,$1.70B,$0.95B,1.78,$3.61B,$2.75B,1.31,$6.27B,$0.73B,11.64%,$6.27B,$0.33B,5.26%,$6.27B,$0.33B,5.26%,$6.27B,$0.89B,14.18%,$6.27B,$0.12B,1.87%,$6.27B,$0.55B,8.76%,$0.55B,$2.75B,22.91%,$0.55B,$0.06B,-170.36%,$0.55B,$9.22B,6.07%,$0.33B,$6.37B,5.52%,$1620,$1385,$235,$0,$82,$1475,$145,$-84,$61,$-429,$489,$489,$489,$292,$145,$166,169,$2.95,$2.91,$218,$683,$48,$1699,$3576,$0,$2699,$1208,$7519,$9218,$954,$3611,$752,$5510,$6465,$167,$790,$-485,$2754,$9218,$550,$559,$-476,$83,$-50,$-38,$0,$-12,$10,$649,$-289,$0,$0,$0,$-209,$-209,$0,$-499,$-2,$0,$-2,$30,$30,$-133,$-11,$-117,$34,$9,$-133
4,2017-09-30,33.42,$13.81,2.42,$36.14,0.92,$4.23,7.89,$0.45,74.27,$1.72B,$1.00B,1.72,$3.66B,$2.30B,1.59,$6.04B,$0.65B,10.84%,$6.04B,$0.26B,4.23%,$6.04B,$0.26B,4.23%,$6.04B,$0.80B,13.29%,$6.04B,$0.08B,1.33%,$6.04B,$0.08B,1.29%,$0.08B,$2.30B,3.43%,$0.08B,$-0.41B,-17.15%,$0.08B,$9.37B,0.87%,$0.26B,$5.96B,4.37%,$1555,$1349,$206,$0,$91,$1451,$104,$-44,$60,$8,$53,$53,$53,$243,$104,$166,169,$0.32,$0.31,$256,$690,$27,$1718,$3579,$0,$2713,$1216,$7649,$9367,$999,$3664,$731,$6069,$7068,$166,$334,$-470,$2299,$9367,$60,$411,$-34,$378,$-49,$-47,$0,$-3,$6,$455,$-210,$0,$0,$0,$-209,$-209,$0,$-419,$128,$0,$128,$19,$19,$-100,$-11,$35,$71,$6,$-100
5,2017-06-30,29.35,$13.58,2.16,$35.64,0.82,$4.27,6.87,$0.25,117.41,$1.69B,$1.01B,1.68,$3.52B,$2.26B,1.56,$5.93B,$0.62B,10.38%,$5.93B,$0.22B,3.69%,$5.93B,$0.22B,3.69%,$5.93B,$0.76B,12.84%,$5.93B,$0.04B,0.69%,$5.93B,$0.04B,0.72%,$0.04B,$2.26B,1.88%,$0.04B,$-0.47B,-9.31%,$0.04B,$8.79B,0.49%,$0.22B,$5.78B,3.76%,$1527,$1408,$119,$0,$85,$1505,$21,$-43,$-22,$-16,$-6,$-6,$-6,$158,$21,$166,166,$-0.04,$-0.04,$185,$666,$37,$1691,$3627,$0,$2725,$626,$7103,$8794,$1006,$3519,$347,$5529,$6536,$166,$315,$-485,$2259,$8794,$8,$272,$-23,$249,$-98,$-26,$0,$-14,$-35,$227,$-151,$0,$0,$0,$0,$0,$0,$-151,$-15,$0,$-15,$16,$16,$-66,$-11,$-77,$0,$4,$-66
6,2017-03-31,31.65,$13.69,2.31,$34.70,0.91,$4.11,7.71,$0.28,113.04,$1.67B,$0.99B,1.69,$3.53B,$2.27B,1.55,$5.77B,$0.62B,10.81%,$5.77B,$0.22B,3.83%,$5.77B,$0.22B,3.83%,$5.77B,$0.76B,13.17%,$5.77B,$0.04B,0.68%,$5.77B,$0.05B,0.83%,$0.05B,$2.27B,2.09%,$0.05B,$-0.46B,-10.06%,$0.05B,$8.81B,0.54%,$0.22B,$5.80B,3.76%,$1567,$1398,$170,$0,$93,$1506,$61,$-43,$18,$5,$13,$13,$13,$196,$61,$166,168,$0.08,$0.08,$169,$656,$45,$1670,$3659,$0,$2734,$637,$7144,$8813,$985,$3531,$365,$5556,$6542,$166,$354,$-502,$2272,$8813,$13,$135,$4,$139,$-80,$-24,$0,$-10,$-57,$100,$-83,$0,$0,$0,$0,$0,$0,$-83,$2,$0,$2,$9,$9,$-33,$-11,$-33,$-16,$2,$-33
7,2016-12-31,24.49,$13.74,1.78,$33.54,0.73,$3.83,6.39,$-0.03,0.0,$1.55B,$0.92B,1.68,$3.54B,$2.27B,1.56,$5.55B,$0.63B,11.30%,$5.55B,$0.15B,2.76%,$5.55B,$0.15B,2.76%,$5.55B,$0.69B,12.36%,$5.55B,$-0.03B,-0.61%,$5.55B,$-0.00B,-0.05%,$-0.00B,$2.27B,-0.13%,$-0.00B,$-0.48B,0.64%,$-0.00B,$8.76B,-0.03%,$0.15B,$5.81B,2.58%,$1386,$1227,$159,$0,$74,$1317,$69,$-46,$24,$6,$18,$18,$18,$205,$69,$165,165,$0.11,$0.11,$185,$630,$31,$1546,$3705,$0,$2748,$644,$7216,$8763,$923,$3537,$359,$5567,$6490,$165,$374,$-510,$2273,$8763,$-4,$534,$6,$539,$39,$24,$0,$5,$65,$603,$-237,$0,$-61,$0,$-176,$-176,$0,$-474,$-205,$0,$-205,$1,$1,$-132,$-1,$-338,$-208,$8,$-132
8,2016-09-30,19.45,$14.10,1.38,$37.40,0.52,$2.70,7.2,$-0.50,0.0,$1.55B,$0.90B,1.74,$3.60B,$2.33B,1.54,$5.43B,$0.59B,10.81%,$5.43B,$0.06B,1.01%,$5.43B,$0.06B,1.01%,$5.43B,$0.58B,10.60%,$5.43B,$-0.14B,-2.65%,$5.43B,$-0.08B,-1.55%,$-0.08B,$2.33B,-3.55%,$-0.08B,$-0.44B,18.27%,$-0.08B,$8.79B,-0.93%,$0.06B,$5.93B,0.92%,$1453,$1284,$168,$0,$82,$1385,$68,$-47,$21,$4,$18,$18,$18,$203,$68,$165,167,$0.11,$0.11,$127,$617,$16,$1553,$3714,$0,$2773,$640,$7240,$8793,$895,$3598,$336,$5567,$6462,$165,$389,$-467,$2331,$8793,$-21,$397,$13,$410,$18,$46,$0,$16,$18,$407,$-159,$0,$-63,$0,$-176,$-176,$0,$-397,$-176,$0,$-176,$0,$0,$-99,$-1,$-276,$-265,$6,$-99
9,2016-06-30,23.32,$14.11,1.65,$35.49,0.66,$1.98,11.79,$-0.53,0.0,$1.56B,$0.92B,1.7,$3.62B,$2.33B,1.55,$4.51B,$0.49B,10.92%,$4.51B,$0.01B,0.22%,$4.51B,$0.01B,0.22%,$4.51B,$0.43B,9.57%,$4.51B,$-0.16B,-3.46%,$4.51B,$-0.10B,-2.13%,$-0.10B,$2.33B,-4.70%,$-0.10B,$-0.53B,31.74%,$-0.10B,$8.91B,-1.28%,$0.01B,$5.95B,0.20%,$1364,$1237,$127,$0,$79,$1341,$23,$-47,$-24,$-23,$-1,$-1,$-1,$156,$23,$165,165,$-0.01,$-0.01,$67,$636,$24,$1563,$3793,$0,$2858,$589,$7346,$8909,$919,$3616,$348,$5660,$6578,$165,$405,$-479,$2331,$8909,$-39,$262,$28,$290,$-37,$26,$0,$16,$-63,$186,$-137,$0,$-65,$0,$-85,$-85,$0,$-287,$-159,$0,$-159,$0,$0,$-66,$0,$-225,$-325,$4,$-66
10,2016-03-31,16.16,$14.36,1.13,$34.04,0.47,$1.96,8.26,$0.02,808.12,$1.88B,$1.05B,1.79,$3.63B,$2.37B,1.53,$3.68B,$0.46B,12.38%,$3.68B,$0.07B,1.85%,$3.68B,$0.07B,1.85%,$3.68B,$0.39B,10.64%,$3.68B,$-0.07B,-1.85%,$3.68B,$-0.05B,-1.44%,$-0.05B,$2.37B,-3.08%,$-0.05B,$-0.44B,42.91%,$-0.05B,$9.12B,-0.89%,$0.07B,$6.00B,1.79%,$1348,$1175,$173,$0,$88,$1356,$-7,$-48,$-55,$-18,$-38,$-38,$-38,$122,$-7,$165,165,$-0.23,$-0.23,$316,$680,$33,$1877,$3859,$0,$2809,$464,$7240,$9117,$1050,$3628,$340,$5695,$6744,$165,$439,$-470,$2373,$9117,$-38,$130,$55,$184,$-17,$6,$0,$8,$-96,$47,$-76,$0,$2,$0,$0,$0,$0,$-74,$-17,$0,$-17,$0,$0,$-33,$0,$-50,$-76,$2,$-33
11,2015-12-31,15.82,$14.65,1.08,$32.47,0.49,$1.72,9.19,$0.42,37.66,$1.93B,$1.15B,1.69,$3.64B,$2.42B,1.51,$2.85B,$0.37B,12.89%,$2.85B,$0.10B,3.54%,$2.85B,$0.10B,3.54%,$2.85B,$0.33B,11.56%,$2.85B,$0.01B,0.25%,$2.85B,$-0.00B,-0.07%,$-0.00B,$2.42B,-0.14%,$-0.00B,$-0.43B,-8.60%,$-0.00B,$9.29B,-0.05%,$0.10B,$6.06B,3.72%,$1267,$1148,$119,$0,$64,$1297,$-29,$-57,$-86,$-23,$-63,$-63,$-63,$95,$-29,$103,103,$-0.81,$-0.80,$392,$685,$40,$1933,$3953,$0,$2852,$455,$7356,$9289,$1146,$3644,$336,$5724,$6870,$165,$510,$-493,$2419,$9289,$-1,$229,$-46,$183,$-115,$-2,$0,$-26,$30,$217,$-105,$0,$-399,$0,$0,$0,$0,$-504,$544,$0,$544,$2,$2,$-80,$-45,$422,$135,$8,$-80
12,2015-09-30,15.25,$13.48,1.13,$26.49,0.58,$1.80,8.47,$0.95,16.06,$0.87B,$0.58B,1.49,$0.52B,$1.05B,0.5,$2.09B,$0.33B,15.67%,$2.09B,$0.16B,7.47%,$2.09B,$0.16B,7.47%,$2.09B,$0.30B,14.14%,$2.09B,$0.11B,5.37%,$2.09B,$0.07B,3.55%,$0.07B,$1.05B,7.17%,$0.07B,$0.19B,44.25%,$0.07B,$2.70B,2.75%,$0.16B,$1.57B,9.63%,$534,$460,$74,$0,$36,$511,$23,$-14,$9,$3,$6,$6,$6,$59,$23,$78,78,$0.08,$0.08,$254,$233,$12,$868,$914,$0,$860,$47,$1833,$2701,$583,$521,$335,$1072,$1655,$78,$606,$-433,$1046,$2701,$61,$105,$-52,$53,$-37,$-22,$0,$18,$1,$115,$-55,$0,$7,$0,$0,$0,$-3,$-51,$-3,$0,$-3,$2,$2,$-47,$-19,$-67,$-3,$6,$-47
13,2015-06-30,24.24,$13.58,1.78,$27.14,0.89,$1.71,14.19,$1.20,20.2,$0.84B,$0.51B,1.67,$0.52B,$1.05B,0.5,$2.15B,$0.35B,16.49%,$2.15B,$0.19B,8.85%,$2.15B,$0.19B,8.85%,$2.15B,$0.33B,15.28%,$2.15B,$0.14B,6.66%,$2.15B,$0.09B,4.38%,$0.09B,$1.05B,8.94%,$0.09B,$0.19B,43.87%,$0.09B,$2.69B,3.48%,$0.19B,$1.58B,11.33%,$535,$446,$90,$0,$40,$454,$81,$-18,$64,$21,$42,$42,$42,$116,$81,$78,79,$0.55,$0.54,$232,$222,$16,$844,$918,$0,$863,$55,$1849,$2693,$506,$523,$359,$1134,$1641,$78,$615,$-434,$1053,$2693,$55,$69,$-45,$24,$-58,$-12,$0,$15,$-31,$48,$-26,$0,$4,$0,$0,$0,$-1,$-23,$-2,$0,$-2,$2,$2,$-31,$-18,$-49,$-24,$4,$-31
14,2015-03-31,28.62,$13.14,2.18,$27.47,1.04,$1.52,18.88,$1.13,25.33,$0.80B,$0.37B,2.17,$0.65B,$1.02B,0.64,$2.18B,$0.37B,17.00%,$2.18B,$0.17B,7.93%,$2.18B,$0.17B,7.93%,$2.18B,$0.31B,14.25%,$2.18B,$0.13B,6.14%,$2.18B,$0.09B,4.08%,$0.09B,$1.02B,8.33%,$0.09B,$0.15B,34.07%,$0.09B,$2.67B,3.26%,$0.17B,$1.67B,9.98%,$518,$433,$85,$0,$47,$492,$26,$-6,$20,$7,$13,$13,$13,$60,$26,$77,79,$0.17,$0.17,$197,$216,$17,$803,$920,$0,$867,$70,$1870,$2673,$370,$649,$361,$1285,$1655,$78,$588,$-440,$1018,$2673,$13,$34,$-8,$26,$-41,$-6,$0,$-5,$-50,$-10,$-23,$0,$2,$0,$0,$0,$-1,$-22,$-1,$0,$-1,$2,$2,$-16,$-14,$-29,$-60,$2,$-16
15,2014-12-31,20.19,$13.09,1.54,$28.04,0.72,$1.62,12.47,$1.33,15.18,$0.82B,$0.38B,2.16,$0.66B,$1.01B,0.65,$2.24B,$0.39B,17.31%,$2.24B,$0.20B,9.10%,$2.24B,$0.20B,9.10%,$2.24B,$0.34B,15.26%,$2.24B,$0.16B,7.23%,$2.24B,$0.11B,4.73%,$0.11B,$1.01B,9.71%,$0.11B,$0.14B,33.78%,$0.11B,$2.70B,3.85%,$0.20B,$1.67B,11.57%,$500,$422,$78,$0,$39,$474,$26,$-6,$19,$7,$13,$13,$13,$60,$26,$79,80,$0.17,$0.16,$257,$210,$10,$816,$931,$0,$871,$68,$1882,$2698,$378,$659,$359,$1307,$1685,$77,$591,$-443,$1013,$2698,$106,$139,$7,$146,$26,$-24,$0,$-26,$-90,$159,$-66,$0,$0,$0,$0,$0,$5,$-62,$-12,$0,$-12,$-58,$-58,$-63,$-15,$-149,$-51,$5,$-63
16,2014-09-30,22.21,$14.34,1.55,$28.72,0.77,$3.75,5.93,$1.48,15.01,$0.86B,$0.39B,2.19,$0.67B,$1.12B,0.6,$2.30B,$0.40B,17.46%,$2.30B,$0.21B,9.25%,$2.30B,$0.21B,9.25%,$2.30B,$0.35B,15.24%,$2.30B,$0.17B,7.56%,$2.30B,$0.12B,5.12%,$0.12B,$1.12B,10.60%,$0.12B,$0.37B,32.20%,$0.12B,$2.75B,4.25%,$0.21B,$1.79B,11.90%,$594,$492,$101,$0,$42,$536,$57,$-17,$40,$14,$26,$26,$26,$92,$57,$78,80,$0.33,$0.33,$264,$199,$11,$857,$936,$0,$747,$200,$1896,$2753,$392,$673,$364,$1240,$1632,$78,$594,$-356,$1121,$2753,$93,$104,$-3,$102,$-47,$-12,$0,$-14,$-95,$100,$-46,$0,$0,$0,$0,$0,$2,$-44,$1,$0,$1,$-38,$-38,$-47,$-15,$-100,$-44,$4,$-47
17,2014-06-30,23.5,$14.30,1.64,$29.55,0.8,$5.69,4.13,$2.01,11.69,$0.88B,$0.39B,2.23,$0.68B,$1.12B,0.6,$2.38B,$0.44B,18.61%,$2.38B,$0.26B,10.92%,$2.38B,$0.26B,10.92%,$2.38B,$0.40B,16.68%,$2.38B,$0.23B,9.54%,$2.38B,$0.16B,6.81%,$0.16B,$1.12B,14.63%,$0.16B,$0.38B,44.94%,$0.16B,$2.79B,5.79%,$0.26B,$1.80B,14.54%,$570,$464,$107,$0,$42,$507,$64,$-9,$55,$18,$37,$37,$37,$99,$64,$79,80,$0.47,$0.47,$246,$221,$14,$879,$951,$0,$747,$203,$1912,$2791,$394,$677,$377,$1273,$1667,$79,$583,$-356,$1124,$2791,$67,$69,$-3,$66,$-61,$-34,$0,$0,$-96,$37,$-31,$0,$0,$0,$0,$0,$3,$-28,$-0,$0,$-0,$-24,$-24,$-32,$-15,$-72,$-62,$2,$-32
18,2014-03-31,23.93,$14.02,1.71,$30.45,0.79,$6.11,3.92,$2.08,11.5,$0.83B,$0.38B,2.21,$0.68B,$1.11B,0.61,$2.46B,$0.46B,18.56%,$2.46B,$0.27B,10.97%,$2.46B,$0.27B,10.97%,$2.46B,$0.41B,16.49%,$2.46B,$0.24B,9.55%,$2.46B,$0.17B,6.86%,$0.17B,$1.11B,15.54%,$0.17B,$0.36B,49.60%,$0.17B,$2.76B,6.04%,$0.27B,$1.79B,15.24%,$577,$475,$102,$0,$44,$520,$57,$-9,$48,$19,$30,$30,$30,$91,$57,$79,81,$0.37,$0.37,$243,$188,$15,$829,$969,$0,$747,$209,$1935,$2764,$376,$678,$378,$1280,$1656,$79,$562,$-364,$1108,$2764,$30,$34,$0,$35,$-51,$-1,$0,$-4,$-71,$-7,$-18,$0,$0,$0,$0,$0,$1,$-17,$-0,$0,$-0,$-11,$-11,$-16,$-14,$-41,$-65,$2,$-16
19,2013-12-31,24.81,$13.87,1.79,$31.04,0.8,$6.05,4.1,$2.21,11.22,$0.84B,$0.41B,2.06,$0.68B,$1.10B,0.62,$2.52B,$0.48B,19.13%,$2.52B,$0.29B,11.41%,$2.52B,$0.29B,11.41%,$2.52B,$0.42B,16.78%,$2.52B,$0.25B,9.98%,$2.52B,$0.18B,7.16%,$0.18B,$1.10B,16.87%,$0.18B,$0.35B,56.25%,$0.18B,$2.80B,6.45%,$0.29B,$1.78B,16.36%,$562,$470,$92,$0,$56,$527,$35,$-4,$31,$6,$25,$25,$25,$69,$35,$80,81,$0.33,$0.31,$308,$187,$13,$840,$988,$0,$747,$217,$1963,$2803,$408,$678,$383,$1294,$1702,$79,$548,$-365,$1101,$2803,$179,$135,$-14,$122,$19,$9,$0,$-13,$16,$317,$-50,$0,$0,$0,$2,$2,$5,$-44,$-24,$0,$-24,$-27,$-27,$-64,$-16,$-131,$143,$9,$-64
20,2013-09-30,19.67,$13.79,1.43,$31.35,0.63,$3.21,6.13,$2.33,8.44,$0.88B,$0.43B,2.06,$0.69B,$1.10B,0.63,$2.54B,$0.49B,19.24%,$2.54B,$0.32B,12.51%,$2.54B,$0.32B,12.51%,$2.54B,$0.45B,17.75%,$2.54B,$0.28B,10.82%,$2.54B,$0.19B,7.48%,$0.19B,$1.10B,18.25%,$0.19B,$0.35B,64.57%,$0.19B,$2.84B,6.82%,$0.32B,$1.79B,18.37%,$671,$529,$142,$0,$37,$567,$104,$-11,$93,$23,$70,$70,$70,$138,$104,$80,81,$0.87,$0.86,$284,$184,$10,$877,$992,$0,$747,$217,$1966,$2843,$426,$691,$372,$1320,$1746,$80,$539,$-363,$1097,$2843,$154,$101,$12,$113,$-45,$12,$0,$-6,$-25,$242,$-30,$0,$0,$0,$1,$1,$4,$-26,$-11,$0,$-11,$-22,$-22,$-48,$-16,$-97,$119,$6,$-48
21,2013-06-30,20.22,$13.06,1.55,$30.22,0.67,$0.01,1394.63,$1.82,11.11,$0.79B,$0.44B,1.82,$0.69B,$1.05B,0.66,$2.45B,$0.45B,18.44%,$2.45B,$0.27B,10.93%,$2.45B,$0.27B,10.93%,$2.45B,$0.39B,16.03%,$2.45B,$0.23B,9.34%,$2.45B,$0.15B,6.08%,$0.15B,$1.05B,14.38%,$0.15B,$0.30B,51.51%,$0.15B,$2.79B,5.36%,$0.27B,$1.73B,15.50%,$652,$531,$121,$0,$49,$579,$74,$-11,$63,$19,$44,$44,$44,$108,$74,$80,81,$0.54,$0.54,$142,$205,$13,$794,$1014,$0,$747,$221,$1993,$2787,$437,$689,$360,$1305,$1742,$80,$486,$-373,$1045,$2787,$84,$67,$4,$71,$-71,$-10,$0,$1,$-64,$92,$-51,$0,$0,$0,$0,$0,$3,$-47,$-11,$0,$-11,$-9,$-9,$-32,$-16,$-68,$-24,$4,$-32
22,2013-03-31,21.15,$12.76,1.66,$28.49,0.74,$-1.40,0.0,$1.87,11.31,$0.72B,$0.40B,1.83,$0.69B,$1.03B,0.67,$2.31B,$0.45B,19.41%,$2.31B,$0.26B,11.44%,$2.31B,$0.26B,11.44%,$2.31B,$0.38B,16.55%,$2.31B,$0.23B,9.92%,$2.31B,$0.15B,6.63%,$0.15B,$1.03B,14.75%,$0.15B,$0.28B,47.85%,$0.15B,$2.74B,5.66%,$0.26B,$1.71B,15.68%,$630,$504,$126,$0,$49,$556,$74,$-11,$64,$23,$41,$41,$41,$107,$74,$80,81,$0.50,$0.50,$93,$193,$16,$722,$1025,$0,$747,$230,$2014,$2736,$395,$689,$364,$1316,$1712,$80,$458,$-371,$1025,$2736,$41,$33,$6,$39,$-66,$2,$0,$-0,$-81,$-1,$-28,$0,$0,$0,$0,$0,$1,$-27,$-11,$0,$-11,$-0,$-0,$-16,$-16,$-44,$-72,$2,$-16
23,2012-12-31,17.95,$12.45,1.44,$27.00,0.66,$-1.90,0.0,$1.85,9.7,$0.75B,$0.43B,1.73,$0.69B,$1.00B,0.69,$2.19B,$0.44B,19.95%,$2.19B,$0.26B,11.85%,$2.19B,$0.26B,11.85%,$2.19B,$0.37B,16.93%,$2.19B,$0.23B,10.34%,$2.19B,$0.15B,6.91%,$0.15B,$1.00B,14.59%,$0.15B,$0.25B,43.45%,$0.15B,$2.78B,5.74%,$0.26B,$1.69B,15.82%,$588,$488,$100,$0,$37,$522,$66,$-11,$55,$20,$35,$35,$35,$98,$66,$80,81,$0.44,$0.43,$165,$195,$20,$749,$1034,$0,$747,$236,$2029,$2778,$434,$690,$381,$1345,$1779,$80,$433,$-371,$998,$2778,$150,$111,$18,$129,$1,$18,$0,$-18,$1,$279,$-243,$0,$-310,$0,$1,$1,$39,$-512,$180,$0,$180,$-2,$-2,$-64,$-21,$94,$-140,$6,$-64
24,2012-09-30,17.9,$13.42,1.33,$25.27,0.71,$-2.03,0.0,$1.65,10.85,$0.76B,$0.46B,1.64,$0.70B,$1.08B,0.65,$2.04B,$0.41B,20.26%,$2.04B,$0.23B,11.26%,$2.04B,$0.23B,11.26%,$2.04B,$0.33B,16.35%,$2.04B,$0.20B,9.69%,$2.04B,$0.14B,6.61%,$0.14B,$1.08B,13.08%,$0.14B,$0.33B,36.07%,$0.14B,$2.82B,5.30%,$0.23B,$1.78B,14.44%,$581,$476,$105,$0,$42,$528,$54,$-7,$47,$18,$29,$29,$29,$80,$54,$80,81,$0.36,$0.35,$103,$214,$20,$757,$1019,$0,$747,$242,$2060,$2817,$463,$703,$356,$1277,$1740,$80,$415,$-273,$1077,$2817,$115,$79,$17,$95,$-51,$-1,$0,$-5,$-53,$157,$-204,$0,$-310,$0,$1,$1,$33,$-481,$192,$0,$192,$-2,$-2,$-48,$-20,$122,$-202,$4,$-48
25,2012-06-30,17.04,$13.10,1.3,$24.90,0.68,$-1.57,0.0,$1.88,9.06,$0.75B,$0.39B,1.93,$0.50B,$1.05B,0.48,$2.01B,$0.43B,21.22%,$2.01B,$0.25B,12.62%,$2.01B,$0.25B,12.62%,$2.01B,$0.36B,17.74%,$2.01B,$0.22B,10.93%,$2.01B,$0.15B,7.60%,$0.15B,$1.05B,15.09%,$0.15B,$0.42B,39.56%,$0.15B,$2.49B,6.20%,$0.25B,$1.55B,16.66%,$509,$391,$117,$0,$45,$438,$70,$-7,$63,$16,$48,$48,$48,$97,$70,$80,81,$0.59,$0.59,$199,$198,$11,$749,$961,$0,$627,$107,$1737,$2486,$388,$504,$360,$1050,$1438,$80,$402,$-286,$1048,$2486,$86,$52,$8,$60,$-42,$-21,$0,$-1,$-77,$68,$-141,$0,$0,$0,$0,$0,$26,$-116,$-8,$0,$-8,$-3,$-3,$-32,$-17,$-59,$-106,$3,$-32
26,2012-03-31,17.57,$12.69,1.38,$25.12,0.7,$-1.21,0.0,$1.81,9.71,$0.75B,$0.37B,2.03,$0.51B,$1.02B,0.5,$2.03B,$0.43B,20.92%,$2.03B,$0.26B,12.55%,$2.03B,$0.26B,12.55%,$2.03B,$0.36B,17.52%,$2.03B,$0.22B,10.88%,$2.03B,$0.15B,7.23%,$0.15B,$1.02B,14.71%,$0.15B,$0.39B,39.54%,$0.15B,$2.44B,5.97%,$0.26B,$1.53B,16.92%,$507,$393,$114,$0,$44,$438,$69,$-9,$61,$22,$39,$39,$39,$95,$69,$80,81,$0.48,$0.48,$221,$186,$14,$752,$915,$0,$627,$117,$1688,$2440,$370,$512,$366,$1054,$1424,$80,$371,$-286,$1016,$2440,$39,$26,$8,$33,$-43,$-9,$0,$0,$-67,$4,$-75,$0,$0,$0,$0,$0,$18,$-57,$0,$0,$0,$-1,$-1,$-16,$-15,$-32,$-84,$1,$-16
27,2011-12-31,15.73,$12.31,1.28,$24.27,0.65,$-0.88,0.0,$2.99,5.26,$0.78B,$0.40B,1.96,$0.52B,$0.99B,0.53,$1.96B,$0.39B,19.79%,$1.96B,$0.23B,11.47%,$1.96B,$0.23B,11.47%,$1.96B,$0.32B,16.47%,$1.96B,$0.38B,19.38%,$1.96B,$0.24B,12.34%,$0.24B,$0.99B,24.62%,$0.24B,$0.36B,68.17%,$0.24B,$2.45B,9.88%,$0.23B,$1.51B,15.14%,$446,$368,$78,$0,$39,$409,$37,$-10,$27,$8,$19,$19,$19,$62,$37,$80,81,$0.22,$0.23,$305,$177,$10,$780,$885,$0,$627,$137,$1669,$2450,$399,$524,$382,$1065,$1464,$80,$348,$-294,$986,$2450,$242,$99,$-126,$-27,$-26,$-17,$0,$26,$3,$216,$-190,$0,$-123,$0,$2,$2,$52,$-260,$-51,$0,$-51,$4,$4,$-64,$1,$-110,$-154,$6,$-64
28,2011-09-30,14.27,$12.56,1.14,$23.58,0.61,$-0.79,0.0,$2.78,5.13,$0.84B,$0.46B,1.84,$0.50B,$1.01B,0.5,$1.90B,$0.37B,19.58%,$1.90B,$0.18B,9.63%,$1.90B,$0.18B,9.63%,$1.90B,$0.28B,14.63%,$1.90B,$0.35B,18.47%,$1.90B,$0.23B,11.84%,$0.23B,$1.01B,23.84%,$0.23B,$0.38B,56.53%,$0.23B,$2.49B,9.58%,$0.18B,$1.51B,12.88%,$550,$433,$118,$0,$40,$472,$78,$-9,$69,$22,$47,$47,$47,$103,$78,$80,81,$0.59,$0.58,$318,$166,$11,$839,$821,$0,$627,$158,$1653,$2492,$455,$502,$359,$1030,$1485,$80,$345,$-271,$1007,$2492,$223,$74,$-118,$-43,$-80,$-7,$0,$6,$-65,$112,$-122,$0,$-123,$0,$1,$1,$33,$-212,$0,$0,$0,$5,$5,$-48,$2,$-41,$-140,$4,$-48
29,2011-06-30,17.76,$12.32,1.44,$22.17,0.8,$-0.91,0.0,$2.60,6.83,$0.84B,$0.45B,1.85,$0.49B,$0.99B,0.5,$1.78B,$0.32B,17.95%,$1.78B,$0.14B,7.74%,$1.78B,$0.14B,7.74%,$1.78B,$0.23B,12.90%,$1.78B,$0.32B,18.00%,$1.78B,$0.21B,11.78%,$0.21B,$0.99B,23.17%,$0.21B,$0.36B,47.48%,$0.21B,$2.47B,9.47%,$0.14B,$1.48B,10.19%,$529,$414,$115,$0,$43,$458,$71,$-7,$64,$22,$42,$42,$42,$96,$71,$80,81,$0.53,$0.52,$277,$182,$26,$842,$781,$0,$627,$177,$1622,$2465,$454,$494,$358,$1023,$1477,$80,$314,$-260,$988,$2465,$176,$49,$-112,$-63,$-96,$-22,$0,$-2,$-93,$18,$-61,$0,$-123,$0,$1,$1,$7,$-177,$0,$0,$0,$7,$7,$-32,$2,$-23,$-182,$3,$-32
30,2011-03-31,17.81,$11.92,1.49,$20.73,0.86,$-0.94,0.0,$2.29,7.78,$0.80B,$0.43B,1.86,$0.49B,$0.95B,0.52,$1.66B,$0.26B,15.84%,$1.66B,$0.09B,5.36%,$1.66B,$0.09B,5.36%,$1.66B,$0.18B,10.72%,$1.66B,$0.28B,16.99%,$1.66B,$0.19B,11.14%,$0.19B,$0.95B,21.38%,$0.19B,$0.32B,38.30%,$0.19B,$2.39B,8.88%,$0.09B,$1.44B,6.90%,$436,$359,$77,$0,$40,$397,$39,$181,$220,$86,$134,$134,$134,$62,$39,$80,80,$1.68,$1.66,$280,$180,$29,$797,$763,$0,$628,$176,$1594,$2391,$428,$492,$356,$1014,$1441,$80,$288,$-261,$950,$2391,$134,$23,$-110,$-87,$-46,$-20,$0,$-2,$-65,$-20,$-24,$0,$-123,$0,$1,$1,$4,$-142,$0,$0,$0,$0,$0,$-16,$0,$-16,$-178,$1,$-16
31,2010-12-31,15.78,$10.43,1.51,$19.86,0.79,$-0.81,0.0,$0.81,19.48,$0.88B,$0.39B,2.26,$0.42B,$0.83B,0.5,$1.59B,$0.24B,14.88%,$1.59B,$0.07B,4.41%,$1.59B,$0.07B,4.41%,$1.59B,$0.16B,9.90%,$1.59B,$0.08B,4.85%,$1.59B,$0.07B,4.10%,$0.07B,$0.83B,7.80%,$0.07B,$0.53B,12.20%,$0.07B,$2.05B,3.30%,$0.07B,$1.25B,5.67%,$385,$323,$62,$0,$33,$391,$-5,$3,$-2,$-4,$2,$2,$2,$17,$-5,$79,80,$0.03,$0.02,$459,$156,$30,$883,$675,$0,$300,$174,$1166,$2049,$391,$418,$327,$827,$1218,$80,$170,$-262,$830,$2049,$65,$87,$-27,$60,$-4,$-32,$0,$-2,$-10,$116,$-82,$0,$0,$0,$24,$24,$-101,$-160,$96,$0,$96,$12,$12,$-63,$-1,$44,$0,$7,$-63
32,2010-09-30,15.35,$10.77,1.42,$19.52,0.79,$-0.32,0.0,$1.07,14.34,$0.85B,$0.30B,2.85,$0.39B,$0.86B,0.45,$1.55B,$0.24B,15.27%,$1.55B,$0.11B,7.15%,$1.55B,$0.11B,7.15%,$1.55B,$0.20B,12.69%,$1.55B,$0.11B,7.35%,$1.55B,$0.09B,5.48%,$0.09B,$0.86B,10.23%,$0.09B,$0.56B,16.01%,$0.09B,$1.96B,4.38%,$0.11B,$1.24B,9.04%,$433,$367,$66,$0,$33,$400,$33,$6,$39,$7,$32,$32,$32,$55,$33,$79,80,$0.40,$0.40,$393,$157,$18,$853,$684,$0,$300,$92,$1110,$1963,$299,$385,$331,$806,$1105,$80,$184,$-246,$857,$1963,$63,$65,$-22,$43,$-48,$-34,$0,$-1,$-65,$41,$-61,$0,$0,$0,$10,$10,$-1,$-52,$-19,$0,$-19,$12,$12,$-48,$0,$-55,$-65,$5,$-48
33,2010-06-30,13.64,$10.40,1.31,$19.18,0.71,$-0.27,0.0,$1.17,11.66,$0.84B,$0.30B,2.79,$0.40B,$0.82B,0.49,$1.52B,$0.25B,16.62%,$1.52B,$0.13B,8.51%,$1.52B,$0.13B,8.51%,$1.52B,$0.21B,13.85%,$1.52B,$0.13B,8.64%,$1.52B,$0.09B,6.07%,$0.09B,$0.82B,11.15%,$0.09B,$0.52B,17.55%,$0.09B,$1.93B,4.76%,$0.13B,$1.23B,10.54%,$406,$348,$58,$0,$36,$384,$22,$3,$25,$8,$17,$17,$17,$44,$22,$79,80,$0.21,$0.21,$388,$163,$11,$840,$684,$0,$300,$85,$1094,$1934,$301,$402,$326,$809,$1110,$79,$168,$-258,$824,$1934,$31,$43,$-20,$24,$-29,$-39,$0,$-3,$-61,$-6,$-39,$0,$0,$0,$0,$0,$-1,$-40,$0,$0,$0,$8,$8,$-32,$0,$-24,$-70,$4,$-32
34,2010-03-31,14.64,$10.42,1.41,$19.00,0.77,$-0.36,0.0,$1.32,11.09,$0.86B,$0.31B,2.73,$0.40B,$0.82B,0.48,$1.49B,$0.27B,17.75%,$1.49B,$0.14B,9.51%,$1.49B,$0.14B,9.51%,$1.49B,$0.22B,14.60%,$1.49B,$0.15B,10.11%,$1.49B,$0.10B,6.90%,$0.10B,$0.82B,12.61%,$0.10B,$0.52B,19.96%,$0.10B,$1.93B,5.49%,$0.14B,$1.22B,12.05%,$362,$313,$50,$0,$32,$342,$20,$-5,$15,$1,$14,$14,$14,$41,$20,$79,79,$0.18,$0.18,$411,$156,$22,$856,$689,$0,$300,$72,$1075,$1931,$314,$397,$316,$796,$1109,$79,$167,$-251,$822,$1931,$14,$22,$-8,$13,$-14,$-33,$0,$-4,$-42,$-14,$-19,$0,$0,$0,$-0,$-0,$-0,$-20,$0,$0,$0,$2,$2,$-16,$0,$-14,$-48,$2,$-16
35,2009-12-31,12.9,$10.45,1.24,$19.60,0.66,$-0.86,0.0,$1.74,7.42,$0.86B,$0.31B,2.77,$0.40B,$0.82B,0.48,$1.53B,$0.31B,20.17%,$1.53B,$0.18B,11.95%,$1.53B,$0.18B,11.95%,$1.53B,$0.25B,16.58%,$1.53B,$0.21B,13.71%,$1.53B,$0.14B,8.88%,$0.14B,$0.82B,16.97%,$0.14B,$0.52B,27.20%,$0.14B,$1.93B,7.48%,$0.18B,$1.22B,16.23%,$351,$288,$63,$0,$29,$315,$36,$-1,$35,$13,$22,$22,$22,$57,$36,$78,78,$0.28,$0.27,$459,$124,$25,$860,$695,$0,$300,$71,$1072,$1932,$311,$398,$318,$799,$1110,$79,$169,$-248,$822,$1932,$136,$72,$10,$81,$30,$8,$0,$12,$-15,$200,$-129,$0,$0,$0,$37,$37,$5,$-88,$150,$0,$150,$15,$15,$-63,$-3,$100,$212,$6,$-63
36,2009-09-30,12.68,$10.58,1.2,$20.82,0.61,$-2.61,0.0,$2.07,6.13,$0.85B,$0.32B,2.65,$0.40B,$0.83B,0.48,$1.62B,$0.34B,21.30%,$1.62B,$0.21B,13.19%,$1.62B,$0.21B,13.19%,$1.62B,$0.28B,17.34%,$1.62B,$0.25B,15.42%,$1.62B,$0.16B,9.97%,$0.16B,$0.83B,20.85%,$0.16B,$0.53B,34.20%,$0.16B,$1.94B,9.12%,$0.21B,$1.23B,20.07%,$397,$316,$81,$0,$31,$346,$51,$5,$56,$17,$39,$39,$39,$68,$51,$78,79,$0.50,$0.50,$377,$126,$22,$854,$689,$0,$300,$71,$1082,$1936,$322,$400,$308,$783,$1105,$79,$163,$-230,$831,$1936,$114,$51,$0,$51,$-51,$5,$0,$9,$-63,$100,$-115,$0,$0,$0,$29,$29,$3,$-83,$150,$0,$150,$12,$12,$-47,$-3,$113,$130,$4,$-47
37,2009-06-30,8.53,$10.13,0.84,$22.33,0.38,$-3.96,0.0,$2.06,4.14,$0.65B,$0.31B,2.07,$0.25B,$0.79B,0.32,$1.72B,$0.39B,22.43%,$1.72B,$0.25B,14.47%,$1.72B,$0.25B,14.47%,$1.72B,$0.32B,18.36%,$1.72B,$0.26B,15.28%,$1.72B,$0.16B,9.30%,$0.16B,$0.79B,21.06%,$0.16B,$0.49B,34.95%,$0.16B,$1.71B,9.23%,$0.25B,$1.04B,24.62%,$383,$312,$71,$0,$36,$348,$35,$10,$45,$17,$28,$28,$28,$52,$35,$78,78,$0.36,$0.36,$192,$163,$10,$646,$684,$0,$302,$77,$1063,$1710,$313,$251,$311,$605,$917,$78,$139,$-239,$792,$1710,$75,$33,$-2,$31,$1,$-31,$0,$11,$-74,$31,$-82,$0,$0,$0,$14,$14,$3,$-65,$2,$0,$2,$10,$10,$-31,$0,$-20,$-54,$3,$-31
38,2009-03-31,10.07,$9.76,1.03,$23.11,0.44,$-4.66,0.0,$2.17,4.64,$0.63B,$0.33B,1.92,$0.25B,$0.76B,0.33,$1.77B,$0.40B,22.42%,$1.77B,$0.26B,14.72%,$1.77B,$0.26B,14.72%,$1.77B,$0.33B,18.57%,$1.77B,$0.27B,15.46%,$1.77B,$0.17B,9.51%,$0.17B,$0.76B,22.62%,$0.17B,$0.46B,38.12%,$0.17B,$1.69B,9.62%,$0.26B,$1.01B,26.16%,$401,$306,$94,$0,$39,$340,$61,$14,$74,$28,$47,$47,$47,$77,$61,$78,78,$0.60,$0.60,$169,$167,$12,$626,$659,$0,$302,$83,$1068,$1694,$327,$253,$304,$607,$934,$78,$127,$-254,$760,$1694,$47,$17,$-3,$14,$-3,$-35,$0,$0,$-88,$-27,$-44,$0,$0,$0,$1,$1,$-0,$-43,$2,$0,$2,$7,$7,$-16,$0,$-7,$-78,$1,$-16
39,2008-12-31,12.59,$9.12,1.38,$23.26,0.54,$-4.17,0.0,$2.07,6.08,$0.67B,$0.40B,1.68,$0.25B,$0.71B,0.36,$1.76B,$0.39B,21.94%,$1.76B,$0.25B,14.23%,$1.76B,$0.25B,14.23%,$1.76B,$0.32B,18.20%,$1.76B,$0.26B,14.63%,$1.76B,$0.16B,8.96%,$0.16B,$0.71B,21.72%,$0.16B,$0.41B,37.13%,$0.16B,$1.72B,8.96%,$0.25B,$0.96B,25.66%,$434,$336,$98,$0,$33,$368,$66,$8,$74,$26,$47,$47,$47,$83,$66,$76,76,$0.62,$0.61,$247,$131,$11,$670,$630,$0,$300,$71,$1049,$1720,$400,$252,$305,$615,$1015,$77,$96,$-269,$705,$1720,$158,$70,$-4,$66,$-10,$-25,$0,$-7,$-109,$116,$-180,$0,$0,$0,$28,$28,$-4,$-156,$-11,$0,$-11,$47,$47,$-61,$6,$-19,$-60,$6,$-61
40,2008-09-30,13.35,$10.16,1.31,$23.01,0.58,$-1.40,0.0,$1.66,8.04,$0.68B,$0.38B,1.82,$0.25B,$0.78B,0.32,$1.74B,$0.36B,20.69%,$1.74B,$0.22B,12.80%,$1.74B,$0.22B,12.80%,$1.74B,$0.29B,16.77%,$1.74B,$0.23B,13.20%,$1.74B,$0.13B,7.26%,$0.13B,$0.78B,17.57%,$0.13B,$0.48B,30.38%,$0.13B,$1.81B,7.14%,$0.22B,$1.03B,22.95%,$503,$380,$123,$0,$36,$416,$87,$-17,$70,$33,$38,$38,$38,$104,$87,$76,77,$0.49,$0.49,$200,$146,$13,$684,$592,$0,$304,$66,$1123,$1807,$376,$250,$334,$649,$1025,$77,$64,$-154,$782,$1807,$111,$52,$-8,$44,$-61,$-40,$0,$14,$-149,$4,$-123,$0,$0,$0,$21,$21,$-1,$-102,$-10,$0,$-10,$41,$41,$-45,$6,$-8,$-106,$5,$-45
41,2008-06-30,17.89,$9.60,1.86,$21.15,0.85,$1.27,14.08,$0.05,357.85,$0.70B,$0.38B,1.84,$0.25B,$0.72B,0.34,$1.58B,$0.31B,19.28%,$1.58B,$0.17B,10.94%,$1.58B,$0.17B,10.94%,$1.58B,$0.24B,14.98%,$1.58B,$0.21B,13.15%,$1.58B,$0.00B,0.32%,$0.00B,$0.72B,0.77%,$0.00B,$0.42B,1.42%,$0.00B,$1.76B,0.28%,$0.17B,$0.97B,18.60%,$428,$347,$81,$0,$36,$382,$46,$9,$55,$19,$36,$36,$36,$64,$46,$75,75,$0.47,$0.47,$207,$151,$16,$695,$541,$0,$302,$69,$1067,$1761,$378,$249,$338,$659,$1037,$75,$41,$-154,$724,$1761,$73,$35,$-25,$10,$-49,$-44,$0,$10,$-122,$-40,$-62,$0,$0,$0,$5,$5,$1,$-56,$-10,$0,$-10,$14,$14,$-30,$2,$-24,$-120,$3,$-30
42,2008-03-31,13.37,$9.36,1.43,$19.05,0.7,$2.62,5.1,$0.06,222.9,$0.72B,$0.40B,1.82,$0.25B,$0.70B,0.36,$1.42B,$0.28B,19.58%,$1.42B,$0.15B,10.49%,$1.42B,$0.15B,10.49%,$1.42B,$0.20B,14.37%,$1.42B,$0.19B,13.03%,$1.42B,$0.00B,0.35%,$0.00B,$0.70B,0.80%,$0.00B,$0.40B,1.26%,$0.00B,$1.76B,0.28%,$0.15B,$0.95B,16.61%,$399,$314,$85,$0,$33,$347,$52,$7,$59,$22,$37,$37,$37,$70,$52,$75,75,$0.50,$0.50,$276,$130,$23,$723,$518,$0,$302,$71,$1039,$1762,$398,$253,$333,$665,$1063,$75,$21,$-144,$699,$1762,$37,$17,$-7,$10,$-28,$-24,$0,$-3,$-57,$-10,$-23,$0,$0,$0,$-3,$-3,$1,$-25,$-10,$0,$-10,$3,$3,$-15,$0,$-22,$-56,$2,$-15
43,2007-12-31,12.95,$8.91,1.45,$17.19,0.75,$3.30,3.92,$-0.13,0.0,$0.73B,$0.41B,1.78,$0.25B,$0.66B,0.38,$1.28B,$0.24B,18.87%,$1.28B,$0.12B,9.01%,$1.28B,$0.12B,9.01%,$1.28B,$0.16B,12.69%,$1.28B,$0.15B,11.82%,$1.28B,$-0.01B,-0.70%,$-0.01B,$0.66B,-1.54%,$-0.01B,$0.36B,-2.07%,$-0.01B,$1.73B,-0.51%,$0.12B,$0.91B,13.38%,$405,$335,$70,$0,$35,$368,$37,$9,$45,$16,$30,$30,$15,$53,$37,$74,74,$0.21,$0.21,$333,$107,$15,$727,$504,$0,$302,$59,$1004,$1731,$408,$249,$330,$660,$1068,$75,$-2,$-151,$664,$1731,$-9,$48,$71,$119,$-8,$1,$0,$48,$95,$204,$-61,$0,$81,$50,$25,$75,$-5,$90,$-146,$0,$-146,$18,$18,$-59,$-1,$-188,$106,$5,$-59
44,2007-09-30,14.85,$7.03,2.11,$15.12,0.98,$1.42,10.47,$0.04,371.29,$0.85B,$0.61B,1.4,$0.36B,$0.52B,0.69,$1.12B,$0.22B,19.66%,$1.12B,$0.10B,9.20%,$1.12B,$0.10B,9.20%,$1.12B,$0.14B,12.78%,$1.12B,$0.14B,12.24%,$1.12B,$0.00B,0.27%,$0.00B,$0.52B,0.54%,$0.00B,$0.22B,0.62%,$0.00B,$1.96B,0.17%,$0.10B,$0.88B,12.41%,$350,$282,$69,$0,$31,$313,$38,$11,$49,$16,$33,$33,$-83,$50,$38,$74,75,$-1.12,$-1.12,$69,$114,$31,$853,$482,$0,$299,$26,$1104,$1957,$610,$360,$314,$825,$1435,$74,$-2,$-287,$522,$1957,$-25,$31,$116,$148,$-40,$-6,$0,$22,$-20,$109,$-25,$0,$-300,$50,$25,$75,$-12,$-262,$28,$0,$28,$12,$12,$-44,$-1,$-5,$-158,$4,$-44
45,2007-06-30,13.79,$8.11,1.7,$14.18,0.97,$-0.53,0.0,$1.93,7.15,$0.94B,$0.48B,1.99,$0.24B,$0.60B,0.4,$1.04B,$0.21B,20.33%,$1.04B,$0.09B,9.01%,$1.04B,$0.09B,9.01%,$1.04B,$0.12B,11.03%,$1.04B,$0.13B,12.18%,$1.04B,$0.14B,13.61%,$0.14B,$0.60B,25.33%,$0.14B,$0.60B,25.33%,$0.14B,$1.66B,8.20%,$0.09B,$0.84B,11.62%,$266,$212,$54,$0,$33,$245,$22,$11,$32,$10,$22,$22,$36,$31,$22,$74,74,$0.48,$0.48,$257,$106,$26,$943,$240,$0,$0,$19,$717,$1660,$475,$243,$212,$586,$1060,$74,$96,$-301,$600,$1660,$59,$19,$-29,$-10,$-38,$-23,$0,$4,$-45,$8,$-7,$0,$0,$50,$12,$62,$-10,$45,$-1,$0,$-1,$9,$9,$-30,$0,$-22,$31,$3,$-30
46,2007-03-31,11.01,$7.54,1.46,$21.98,0.5,$-2.05,0.0,$1.90,5.79,$0.95B,$0.42B,2.26,$0.25B,$0.56B,0.44,$1.60B,$0.24B,15.16%,$1.60B,$0.11B,7.05%,$1.60B,$0.11B,7.05%,$1.60B,$0.14B,8.92%,$1.60B,$0.15B,9.17%,$1.60B,$0.14B,8.67%,$0.14B,$0.56B,26.18%,$0.14B,$0.56B,27.19%,$0.14B,$1.67B,7.78%,$0.11B,$0.80B,14.46%,$256,$207,$48,$0,$30,$238,$18,$7,$25,$8,$17,$17,$23,$28,$18,$74,74,$0.31,$0.31,$283,$94,$15,$950,$236,$0,$0,$18,$721,$1671,$419,$245,$208,$696,$1115,$74,$75,$-318,$556,$1671,$23,$10,$-1,$9,$-22,$-11,$0,$10,$-19,$12,$6,$0,$0,$50,$3,$53,$-5,$54,$-1,$0,$-1,$6,$6,$-15,$0,$-10,$56,$1,$-15
47,2006-12-31,10.6,$7.41,1.43,$28.53,0.37,$-2.92,0.0,$2.06,5.15,$0.93B,$0.43B,2.18,$0.25B,$0.54B,0.46,$2.07B,$0.30B,14.53%,$2.07B,$0.14B,6.66%,$2.07B,$0.14B,6.66%,$2.07B,$0.18B,8.49%,$2.07B,$0.18B,8.49%,$2.07B,$0.15B,7.24%,$0.15B,$0.54B,29.66%,$0.15B,$0.54B,32.10%,$0.15B,$1.64B,8.21%,$0.14B,$0.80B,18.20%,$247,$198,$49,$0,$30,$222,$25,$6,$31,$16,$16,$16,$27,$34,$25,$73,73,$0.37,$0.37,$276,$83,$19,$925,$251,$0,$0,$12,$717,$1642,$425,$252,$185,$674,$1099,$73,$67,$-319,$543,$1642,$150,$38,$-114,$-77,$-5,$-3,$0,$-27,$-8,$65,$-62,$0,$0,$-77,$44,$-33,$-18,$-112,$-1,$0,$-1,$21,$21,$-58,$-18,$-56,$-104,$6,$-58
