,Date,Stock Price,Book Value per Share,Price to Book Ratio,TTM Sales per Share,Price to Sales Ratio,TTM FCF per Share,Price to FCF Ratio,TTM Net EPS,PE Ratio,Current Assets,Current Liabilities,Current Ratio,Long Term Debt,Shareholder's Equity_x,Debt to Equity Ratio,TTM Revenue_x,TTM Gross Profit,Gross Margin,TTM Revenue_y,TTM Operating Income,Operating Margin,TTM Revenue_x,TTM EBIT,EBIT Margin,TTM Revenue_y,TTM EBITDA,EBITDA Margin,TTM Revenue_x,TTM Pre-Tax Income,Pre-Tax Margin,TTM Revenue_y,TTM Net Income_x,Net Margin,TTM Net Income_y,Shareholder's Equity_y,Return on Equity,TTM Net Income_x,Tangible Equity,Return on Tangible Equity,TTM Net Income_y,Total Assets,Return on Assets,TTM Net Income,LT Investments & Debt,Return on Investment,revenue,cost-goods-sold,gross-profit,research-development-expenses,selling-general-administrative-expenses,operating-expenses,operating-income,total-non-operating-income-expense,pre-tax-income,total-provision-income-taxes,income-after-taxes,income-from-continuous-operations,net-income,ebitda,ebit,basic-shares-outstanding,shares-outstanding,eps-basic-net-earnings-per-share,eps-earnings-per-share-diluted,cash-on-hand,inventory,other-current-assets,total-current-assets,net-property-plant-equipment,long-term-investments,goodwill-intangible-assets-total,other-long-term-assets,total-long-term-assets,total-assets,total-current-liabilities,long-term-debt,other-non-current-liabilities,total-long-term-liabilities,total-liabilities,common-stock-net,retained-earnings-accumulated-deficit,comprehensive-income,total-share-holder-equity,total-liabilities-share-holders-equity,net-income-loss,total-depreciation-amortization-cash-flow,other-non-cash-items,total-non-cash-items,change-in-accounts-receivable,change-in-inventories,change-in-accounts-payable,change-in-assets-liabilities,total-change-in-assets-liabilities,cash-flow-from-operating-activities,net-change-in-property-plant-equipment,net-change-in-intangible-assets,net-acquisitions-divestitures,net-change-in-short-term-investments,net-change-in-long-term-investments,net-change-in-investments-total,investing-activities-other,cash-flow-from-investing-activities,net-long-term-debt,net-current-debt,debt-issuance-retirement-net-total,net-common-equity-issued-repurchased,net-total-equity-issued-repurchased,total-common-preferred-stock-dividends-paid,financial-activities-other,cash-flow-from-financial-activities,net-cash-flow,stock-based-compensation,common-stock-dividends-paid
0,2018-09-30,27.78,$16.47,1.69,$4.27,6.5,$2.53,10.96,$0.76,36.55,$0.04B,$0.02B,2.53,$0.40B,$0.31B,1.31,$0.08B,$0.07B,82.50%,$0.08B,$0.04B,45.00%,$0.08B,$0.04B,45.00%,$0.08B,$0.06B,73.75%,$0.08B,$0.02B,28.75%,$0.08B,$0.03B,31.25%,$0.03B,$0.31B,8.27%,$0.03B,$0.28B,9.14%,$0.03B,$0.74B,3.35%,$0.04B,$0.71B,5.08%,$20,$0,$19,$0,$3,$7,$13,$-3,$10,$0,$10,$10,$10,$18,$13,$19,19,$0.53,$0.52,$18,$0,$0,$42,$664,$0,$26,$10,$700,$742,$17,$403,$15,$418,$435,$19,$-2,$5,$308,$742,$21,$18,$-6,$12,$-1,$0,$0,$-1,$-3,$30,$-8,$0,$1,$0,$0,$0,$0,$-7,$9,$0,$9,$7,$7,$-26,$-10,$-19,$3,$0,$-26
1,2018-06-30,26.41,$16.24,1.63,$4.28,6.17,$2.28,11.58,$1.14,23.17,$0.04B,$0.02B,1.63,$0.41B,$0.30B,1.36,$0.08B,$0.07B,83.54%,$0.08B,$0.04B,44.30%,$0.08B,$0.04B,44.30%,$0.08B,$0.06B,73.42%,$0.08B,$0.02B,25.32%,$0.08B,$0.02B,27.85%,$0.02B,$0.30B,7.35%,$0.02B,$0.27B,8.16%,$0.02B,$0.75B,2.95%,$0.04B,$0.71B,4.96%,$20,$3,$17,$0,$3,$11,$9,$-4,$5,$0,$5,$5,$4,$15,$9,$19,19,$0.23,$0.23,$13,$0,$0,$36,$677,$0,$28,$11,$716,$752,$22,$411,$17,$428,$450,$19,$-4,$4,$302,$752,$11,$12,$-3,$9,$-1,$0,$0,$1,$-1,$19,$-15,$0,$0,$0,$0,$0,$0,$-15,$15,$0,$15,$5,$5,$-17,$-7,$-4,$-1,$0,$-17
2,2018-03-31,21.73,$16.30,1.33,$4.25,5.12,$1.73,12.54,$1.45,14.99,$0.04B,$0.02B,1.55,$0.41B,$0.30B,1.36,$0.08B,$0.07B,84.42%,$0.08B,$0.03B,44.16%,$0.08B,$0.03B,44.16%,$0.08B,$0.06B,74.03%,$0.08B,$0.03B,32.47%,$0.08B,$0.03B,36.36%,$0.03B,$0.30B,9.42%,$0.03B,$0.27B,10.53%,$0.03B,$0.75B,3.75%,$0.03B,$0.71B,4.82%,$20,$0,$19,$0,$3,$11,$9,$-4,$4,$0,$4,$4,$6,$15,$9,$18,18,$0.30,$0.30,$14,$0,$0,$36,$674,$0,$29,$11,$714,$750,$23,$410,$17,$427,$450,$18,$1,$3,$300,$750,$7,$6,$-3,$3,$-0,$0,$0,$0,$-0,$10,$-9,$0,$0,$0,$0,$0,$0,$-9,$10,$0,$10,$1,$1,$-8,$-4,$-1,$-0,$0,$-8
3,2017-12-31,25.0,$16.35,1.53,$4.22,5.92,$2.22,11.27,$1.29,19.38,$0.04B,$0.03B,1.42,$0.40B,$0.30B,1.35,$0.08B,$0.06B,85.33%,$0.08B,$0.03B,42.67%,$0.08B,$0.03B,42.67%,$0.08B,$0.06B,74.67%,$0.08B,$0.02B,32.00%,$0.08B,$0.03B,33.33%,$0.03B,$0.30B,8.48%,$0.03B,$0.27B,9.51%,$0.03B,$0.74B,3.38%,$0.03B,$0.70B,4.57%,$20,$8,$11,$0,$3,$14,$5,$-1,$4,$0,$4,$4,$5,$11,$5,$18,18,$0.22,$0.21,$14,$0,$0,$35,$666,$0,$31,$11,$708,$743,$25,$402,$18,$419,$444,$18,$3,$0,$299,$743,$24,$24,$-9,$15,$-1,$0,$0,$0,$5,$45,$-24,$0,$0,$0,$0,$0,$0,$-23,$8,$0,$8,$10,$10,$-32,$-11,$-25,$-4,$0,$-32
4,2017-09-30,23.1,$16.39,1.41,$4.24,5.44,$-1.88,0.0,$1.31,17.64,$0.04B,$0.02B,1.77,$0.40B,$0.30B,1.36,$0.07B,$0.07B,94.59%,$0.07B,$0.04B,48.65%,$0.07B,$0.04B,48.65%,$0.07B,$0.06B,81.08%,$0.07B,$0.02B,32.43%,$0.07B,$0.02B,32.43%,$0.02B,$0.30B,8.19%,$0.02B,$0.27B,9.20%,$0.02B,$0.74B,3.26%,$0.04B,$0.70B,5.15%,$19,$0,$19,$0,$3,$8,$12,$-4,$7,$0,$7,$7,$7,$17,$12,$18,18,$0.38,$0.38,$15,$0,$0,$35,$660,$0,$32,$11,$702,$738,$20,$403,$18,$421,$441,$18,$8,$-1,$297,$738,$20,$18,$-9,$9,$-1,$0,$0,$0,$1,$30,$-14,$0,$0,$0,$0,$0,$0,$-13,$6,$0,$6,$6,$6,$-24,$-8,$-19,$-2,$0,$-24
5,2017-06-30,21.83,$16.44,1.33,$4.25,5.14,$-6.31,0.0,$1.17,18.65,$0.03B,$0.02B,1.83,$0.42B,$0.29B,1.44,$0.07B,$0.07B,91.78%,$0.07B,$0.03B,43.84%,$0.07B,$0.03B,43.84%,$0.07B,$0.06B,78.08%,$0.07B,$0.02B,28.77%,$0.07B,$0.02B,28.77%,$0.02B,$0.29B,7.31%,$0.02B,$0.26B,8.25%,$0.02B,$0.75B,2.85%,$0.03B,$0.71B,4.59%,$18,$2,$16,$0,$3,$11,$8,$2,$10,$0,$10,$10,$10,$14,$8,$18,18,$0.54,$0.54,$15,$0,$0,$34,$662,$0,$33,$11,$717,$752,$19,$421,$18,$439,$458,$18,$8,$-1,$293,$752,$13,$12,$-6,$7,$-0,$0,$0,$1,$1,$20,$-27,$0,$0,$0,$0,$0,$0,$-27,$22,$0,$22,$3,$3,$-16,$-5,$4,$-3,$0,$-16
6,2017-03-31,21.37,$16.31,1.31,$4.25,5.02,$-5.77,0.0,$1.35,15.83,$0.04B,$0.02B,1.87,$0.40B,$0.29B,1.37,$0.07B,$0.07B,91.67%,$0.07B,$0.03B,44.44%,$0.07B,$0.03B,44.44%,$0.07B,$0.06B,77.78%,$0.07B,$0.02B,31.94%,$0.07B,$0.02B,31.94%,$0.02B,$0.29B,8.20%,$0.02B,$0.26B,9.26%,$0.02B,$0.72B,3.20%,$0.03B,$0.69B,4.71%,$18,$0,$18,$0,$3,$11,$7,$-4,$3,$0,$3,$3,$3,$14,$7,$18,18,$0.15,$0.15,$14,$0,$0,$35,$648,$0,$31,$11,$689,$724,$18,$397,$19,$416,$434,$18,$6,$-1,$290,$724,$3,$6,$1,$7,$-0,$0,$0,$-0,$0,$10,$-0,$0,$0,$0,$0,$0,$0,$-0,$-5,$0,$-5,$2,$2,$-8,$-2,$-14,$-4,$0,$-8
7,2016-12-31,22.54,$16.59,1.36,$4.21,5.35,$-6.22,0.0,$1.39,16.22,$0.04B,$0.02B,2.12,$0.40B,$0.29B,1.38,$0.07B,$0.06B,88.57%,$0.07B,$0.03B,45.71%,$0.07B,$0.03B,45.71%,$0.07B,$0.05B,77.14%,$0.07B,$0.02B,32.86%,$0.07B,$0.02B,32.86%,$0.02B,$0.29B,8.45%,$0.02B,$0.26B,9.56%,$0.02B,$0.73B,3.28%,$0.03B,$0.70B,4.85%,$19,$2,$17,$0,$3,$10,$9,$-4,$4,$0,$4,$4,$4,$15,$9,$17,17,$0.23,$0.25,$18,$0,$0,$39,$651,$0,$33,$11,$695,$733,$18,$404,$19,$423,$442,$18,$12,$-1,$292,$733,$24,$21,$-11,$11,$-2,$0,$0,$-1,$-4,$31,$-81,$0,$1,$0,$0,$0,$-0,$-81,$66,$0,$66,$29,$29,$-28,$-12,$54,$5,$0,$-28
8,2016-09-30,21.31,$16.07,1.33,$4.24,5.03,$-4.57,0.0,$1.46,14.6,$0.04B,$0.03B,1.45,$0.42B,$0.27B,1.53,$0.07B,$0.06B,88.41%,$0.07B,$0.03B,47.83%,$0.07B,$0.03B,47.83%,$0.07B,$0.05B,78.26%,$0.07B,$0.02B,34.78%,$0.07B,$0.02B,34.78%,$0.02B,$0.27B,9.07%,$0.02B,$0.24B,10.26%,$0.02B,$0.74B,3.54%,$0.03B,$0.69B,5.17%,$18,$2,$16,$0,$3,$10,$8,$-4,$4,$0,$4,$4,$4,$14,$8,$17,17,$0.26,$0.24,$18,$0,$0,$38,$657,$0,$34,$11,$701,$739,$26,$419,$20,$439,$465,$17,$15,$-10,$274,$739,$20,$16,$-10,$5,$-2,$0,$0,$-1,$-3,$22,$-82,$0,$0,$0,$0,$0,$0,$-82,$78,$0,$78,$16,$16,$-21,$-9,$64,$5,$0,$-21
9,2016-06-30,20.7,$15.94,1.3,$4.17,4.96,$-2.95,0.0,$1.44,14.37,$0.06B,$0.03B,2.21,$0.38B,$0.27B,1.42,$0.07B,$0.06B,89.55%,$0.07B,$0.03B,49.25%,$0.07B,$0.03B,49.25%,$0.07B,$0.05B,79.10%,$0.07B,$0.02B,35.82%,$0.07B,$0.02B,35.82%,$0.02B,$0.27B,9.21%,$0.02B,$0.24B,10.40%,$0.02B,$0.68B,3.65%,$0.03B,$0.64B,5.32%,$17,$2,$15,$0,$3,$10,$8,$5,$12,$0,$12,$12,$12,$13,$8,$17,17,$0.72,$0.72,$36,$0,$0,$55,$585,$0,$31,$11,$627,$682,$25,$377,$14,$391,$416,$17,$18,$-11,$266,$682,$16,$10,$-10,$0,$-1,$0,$0,$-1,$-4,$12,$-9,$0,$0,$0,$0,$0,$0,$-9,$33,$0,$33,$7,$7,$-14,$-6,$20,$23,$0,$-14
10,2016-03-31,19.11,$15.63,1.22,$4.13,4.63,$-4.27,0.0,$0.94,20.34,$0.03B,$0.03B,1.24,$0.35B,$0.26B,1.37,$0.07B,$0.06B,89.39%,$0.07B,$0.03B,50.00%,$0.07B,$0.03B,50.00%,$0.07B,$0.05B,78.79%,$0.07B,$0.02B,24.24%,$0.07B,$0.02B,24.24%,$0.02B,$0.26B,6.18%,$0.02B,$0.23B,6.96%,$0.02B,$0.65B,2.49%,$0.03B,$0.61B,5.43%,$16,$2,$14,$0,$3,$9,$7,$-4,$3,$0,$3,$3,$3,$12,$7,$16,16,$0.19,$0.18,$12,$0,$0,$30,$577,$0,$29,$11,$617,$647,$25,$351,$14,$365,$390,$16,$13,$-8,$257,$647,$3,$5,$-1,$4,$-1,$0,$0,$-0,$-2,$6,$-5,$0,$0,$0,$0,$0,$0,$-5,$4,$0,$4,$2,$2,$-7,$-3,$-4,$-2,$0,$-7
11,2015-12-31,17.96,$16.11,1.12,$4.10,4.38,$-4.94,0.0,$1.23,14.61,$0.03B,$0.02B,1.53,$0.35B,$0.26B,1.33,$0.07B,$0.06B,90.77%,$0.07B,$0.03B,50.77%,$0.07B,$0.03B,50.77%,$0.07B,$0.05B,80.00%,$0.07B,$0.02B,33.85%,$0.07B,$0.02B,32.31%,$0.02B,$0.26B,8.10%,$0.02B,$0.23B,9.13%,$0.02B,$0.65B,3.29%,$0.03B,$0.61B,5.47%,$18,$2,$16,$0,$2,$9,$10,$-4,$5,$0,$5,$5,$5,$15,$10,$16,16,$0.31,$0.30,$14,$0,$0,$32,$562,$0,$29,$11,$615,$646,$21,$349,$15,$363,$384,$16,$16,$-4,$262,$646,$22,$19,$-6,$13,$-1,$0,$0,$0,$-1,$34,$-55,$0,$-12,$0,$0,$0,$-6,$-73,$57,$0,$57,$11,$11,$-26,$-10,$31,$-8,$0,$-26
12,2015-09-30,17.52,$16.02,1.09,$3.92,4.46,$-2.51,0.0,$1.63,10.75,$0.03B,$0.02B,1.54,$0.36B,$0.26B,1.4,$0.06B,$0.06B,91.94%,$0.06B,$0.03B,48.39%,$0.06B,$0.03B,48.39%,$0.06B,$0.05B,79.03%,$0.06B,$0.03B,46.77%,$0.06B,$0.03B,45.16%,$0.03B,$0.26B,10.86%,$0.03B,$0.23B,12.23%,$0.03B,$0.66B,4.49%,$0.03B,$0.62B,5.08%,$16,$1,$15,$0,$2,$8,$8,$-4,$4,$0,$4,$4,$4,$13,$8,$16,16,$0.22,$0.22,$15,$0,$0,$33,$576,$0,$30,$11,$622,$655,$22,$361,$15,$376,$398,$16,$18,$-6,$257,$655,$17,$14,$-7,$7,$-1,$0,$0,$-0,$-1,$23,$-54,$0,$-12,$0,$0,$0,$-6,$-72,$63,$0,$63,$6,$6,$-19,$-8,$42,$-6,$0,$-19
13,2015-06-30,17.17,$16.30,1.05,$3.89,4.42,$-0.94,0.0,$1.57,10.94,$0.04B,$0.02B,2.03,$0.33B,$0.26B,1.28,$0.06B,$0.06B,91.80%,$0.06B,$0.03B,47.54%,$0.06B,$0.03B,47.54%,$0.06B,$0.05B,77.05%,$0.06B,$0.03B,45.90%,$0.06B,$0.03B,44.26%,$0.03B,$0.26B,10.55%,$0.03B,$0.23B,11.82%,$0.03B,$0.63B,4.44%,$0.03B,$0.59B,5.02%,$16,$1,$14,$0,$2,$8,$8,$-4,$4,$0,$4,$4,$4,$12,$8,$16,16,$0.22,$0.22,$18,$0,$0,$36,$545,$0,$28,$11,$588,$625,$18,$333,$15,$347,$365,$16,$21,$-3,$260,$625,$13,$9,$-6,$3,$-1,$0,$0,$-0,$-1,$14,$-33,$0,$-12,$0,$0,$0,$10,$-35,$32,$0,$32,$3,$3,$-13,$-5,$17,$-3,$0,$-13
14,2015-03-31,19.36,$16.32,1.19,$3.90,4.96,$-0.57,0.0,$1.64,11.81,$0.04B,$0.02B,2.28,$0.33B,$0.26B,1.29,$0.06B,$0.06B,93.44%,$0.06B,$0.03B,49.18%,$0.06B,$0.03B,49.18%,$0.06B,$0.05B,78.69%,$0.06B,$0.03B,47.54%,$0.06B,$0.03B,45.90%,$0.03B,$0.26B,11.03%,$0.03B,$0.23B,12.33%,$0.03B,$0.63B,4.66%,$0.03B,$0.59B,5.24%,$15,$2,$14,$0,$2,$8,$7,$2,$9,$0,$9,$9,$8,$12,$7,$16,16,$0.48,$0.48,$24,$0,$0,$42,$547,$0,$29,$2,$583,$625,$18,$333,$15,$348,$366,$16,$23,$-4,$258,$625,$9,$5,$-6,$-1,$-0,$0,$0,$-0,$-1,$6,$-16,$0,$-3,$0,$0,$0,$-6,$-25,$31,$0,$31,$1,$1,$-6,$-4,$22,$3,$0,$-6
15,2014-12-31,18.47,$16.27,1.14,$3.87,4.77,$0.49,37.59,$1.36,13.58,$0.04B,$0.02B,2.08,$0.31B,$0.26B,1.19,$0.06B,$0.06B,93.33%,$0.06B,$0.03B,50.00%,$0.06B,$0.03B,50.00%,$0.06B,$0.05B,80.00%,$0.06B,$0.02B,38.33%,$0.06B,$0.02B,38.33%,$0.02B,$0.26B,9.15%,$0.02B,$0.23B,10.20%,$0.02B,$0.59B,3.92%,$0.03B,$0.56B,5.35%,$15,$1,$14,$0,$2,$8,$7,$4,$12,$0,$12,$12,$12,$12,$7,$16,16,$0.72,$0.72,$22,$0,$0,$39,$505,$0,$27,$5,$551,$590,$19,$305,$10,$316,$335,$16,$22,$-3,$256,$590,$22,$17,$-8,$10,$-2,$0,$0,$1,$0,$32,$-14,$0,$0,$0,$0,$0,$0,$-14,$12,$0,$12,$8,$8,$-24,$-11,$-14,$4,$0,$-24
16,2014-09-30,15.53,$15.95,0.97,$3.84,4.04,$-6.20,0.0,$0.87,17.86,$0.03B,$0.02B,2.02,$0.32B,$0.25B,1.26,$0.06B,$0.06B,98.31%,$0.06B,$0.03B,52.54%,$0.06B,$0.03B,52.54%,$0.06B,$0.05B,81.36%,$0.06B,$0.01B,23.73%,$0.06B,$0.01B,23.73%,$0.01B,$0.25B,5.60%,$0.01B,$0.23B,6.24%,$0.01B,$0.59B,2.41%,$0.03B,$0.57B,5.55%,$15,$1,$14,$0,$2,$8,$7,$-4,$3,$0,$3,$3,$3,$11,$7,$16,16,$0.16,$0.16,$16,$0,$0,$34,$495,$0,$25,$5,$557,$591,$17,$315,$9,$324,$341,$16,$17,$-2,$250,$591,$11,$13,$-0,$13,$0,$0,$0,$1,$0,$23,$-29,$0,$0,$0,$0,$0,$0,$-28,$19,$0,$19,$7,$7,$-18,$-6,$3,$-2,$0,$-18
17,2014-06-30,16.09,$16.11,1.0,$3.73,4.32,$-11.37,0.0,$0.91,17.69,$0.04B,$0.02B,2.34,$0.32B,$0.25B,1.28,$0.06B,$0.06B,98.25%,$0.06B,$0.03B,54.39%,$0.06B,$0.03B,54.39%,$0.06B,$0.05B,82.46%,$0.06B,$0.01B,24.56%,$0.06B,$0.01B,24.56%,$0.01B,$0.25B,5.61%,$0.01B,$0.23B,6.26%,$0.01B,$0.60B,2.43%,$0.03B,$0.57B,5.59%,$16,$1,$15,$0,$2,$7,$9,$-4,$5,$0,$5,$5,$5,$13,$9,$16,16,$0.29,$0.29,$20,$0,$0,$39,$525,$0,$27,$5,$559,$598,$17,$321,$9,$330,$347,$16,$20,$-2,$251,$598,$8,$9,$-1,$8,$0,$0,$0,$1,$1,$17,$-29,$0,$0,$0,$0,$0,$0,$-28,$24,$0,$24,$6,$6,$-12,$-4,$13,$2,$0,$-12
18,2014-03-31,15.81,$16.15,0.98,$3.53,4.48,$-10.18,0.0,$1.12,14.12,$0.04B,$0.01B,2.6,$0.30B,$0.25B,1.2,$0.05B,$0.05B,98.11%,$0.05B,$0.03B,52.83%,$0.05B,$0.03B,52.83%,$0.05B,$0.04B,81.13%,$0.05B,$0.02B,32.08%,$0.05B,$0.02B,32.08%,$0.02B,$0.25B,6.81%,$0.02B,$0.22B,7.51%,$0.02B,$0.57B,3.08%,$0.03B,$0.55B,5.27%,$14,$1,$13,$0,$2,$7,$7,$-4,$3,$0,$3,$3,$3,$12,$7,$15,15,$0.20,$0.20,$16,$0,$0,$35,$498,$0,$26,$5,$533,$567,$13,$298,$7,$305,$318,$15,$21,$-1,$249,$567,$3,$4,$-0,$4,$0,$0,$0,$1,$0,$7,$0,$0,$0,$0,$0,$0,$0,$0,$-2,$0,$-2,$2,$2,$-6,$-2,$-8,$-0,$0,$-6
19,2013-12-31,14.69,$16.43,0.89,$3.40,4.32,$-10.54,0.0,$1.14,12.88,$0.04B,$0.01B,2.65,$0.30B,$0.25B,1.21,$0.05B,$0.05B,98.04%,$0.05B,$0.03B,52.94%,$0.05B,$0.03B,52.94%,$0.05B,$0.04B,78.43%,$0.05B,$0.02B,33.33%,$0.05B,$0.02B,33.33%,$0.02B,$0.25B,6.88%,$0.02B,$0.22B,7.51%,$0.02B,$0.57B,3.20%,$0.03B,$0.55B,5.28%,$14,$-2,$16,$0,$2,$7,$8,$-4,$3,$0,$3,$3,$3,$12,$8,$15,15,$0.22,$0.22,$17,$0,$0,$36,$496,$0,$26,$5,$536,$572,$14,$301,$7,$308,$322,$15,$24,$-0,$250,$572,$18,$14,$-4,$10,$-1,$0,$0,$-2,$-1,$27,$-110,$0,$5,$0,$0,$0,$13,$-91,$82,$0,$82,$13,$13,$-21,$-7,$67,$2,$0,$-21
20,2013-09-30,14.54,$16.48,0.88,$3.19,4.56,$-4.37,0.0,$1.25,11.63,$0.04B,$0.01B,2.66,$0.30B,$0.25B,1.21,$0.05B,$0.04B,91.67%,$0.05B,$0.02B,50.00%,$0.05B,$0.02B,50.00%,$0.05B,$0.04B,75.00%,$0.05B,$0.02B,33.33%,$0.05B,$0.02B,39.58%,$0.02B,$0.25B,7.79%,$0.02B,$0.22B,8.41%,$0.02B,$0.57B,3.74%,$0.02B,$0.55B,4.90%,$13,$1,$12,$0,$2,$6,$7,$-4,$3,$0,$3,$3,$3,$10,$7,$15,15,$0.20,$0.20,$19,$0,$0,$37,$498,$0,$25,$5,$532,$570,$14,$300,$6,$307,$321,$15,$26,$-1,$249,$570,$14,$10,$-5,$5,$0,$0,$0,$-1,$0,$19,$-103,$0,$5,$0,$0,$0,$13,$-84,$79,$0,$79,$11,$11,$-16,$-5,$69,$4,$0,$-16
21,2013-06-30,15.5,$16.64,0.93,$3.11,4.98,$2.71,5.72,$2.28,6.8,$0.06B,$0.01B,5.17,$0.23B,$0.25B,0.91,$0.05B,$0.04B,93.48%,$0.05B,$0.02B,50.00%,$0.05B,$0.02B,50.00%,$0.05B,$0.04B,76.09%,$0.05B,$0.02B,34.78%,$0.05B,$0.03B,73.91%,$0.03B,$0.25B,14.11%,$0.03B,$0.24B,15.06%,$0.03B,$0.50B,7.04%,$0.02B,$0.48B,4.94%,$12,$1,$11,$0,$2,$6,$6,$1,$8,$0,$8,$8,$8,$9,$6,$15,15,$0.51,$0.50,$41,$0,$0,$59,$413,$0,$15,$5,$436,$496,$12,$228,$6,$234,$245,$15,$28,$-1,$251,$496,$11,$7,$-5,$2,$0,$0,$0,$-0,$0,$13,$-7,$0,$5,$0,$0,$0,$13,$12,$5,$0,$5,$10,$10,$-11,$-3,$1,$26,$0,$-11
22,2013-03-31,15.09,$16.21,0.93,$3.08,4.9,$2.33,6.47,$2.17,6.96,$0.03B,$0.01B,2.75,$0.23B,$0.24B,0.96,$0.05B,$0.04B,93.33%,$0.05B,$0.02B,51.11%,$0.05B,$0.02B,51.11%,$0.05B,$0.04B,77.78%,$0.05B,$0.01B,24.44%,$0.05B,$0.03B,71.11%,$0.03B,$0.24B,13.72%,$0.03B,$0.22B,14.68%,$0.03B,$0.49B,6.71%,$0.02B,$0.47B,5.00%,$12,$1,$11,$0,$2,$6,$6,$-3,$3,$0,$3,$3,$3,$9,$6,$15,15,$0.22,$0.22,$16,$0,$0,$33,$415,$0,$15,$20,$453,$487,$12,$230,$6,$236,$248,$15,$26,$-1,$238,$487,$3,$3,$-0,$3,$0,$0,$0,$-0,$-0,$7,$-5,$0,$0,$0,$0,$0,$-0,$-5,$6,$0,$6,$1,$1,$-5,$-1,$0,$2,$0,$-5
23,2012-12-31,13.88,$16.31,0.85,$3.02,4.59,$1.82,7.65,$2.17,6.4,$0.03B,$0.01B,2.62,$0.23B,$0.24B,0.95,$0.04B,$0.04B,93.18%,$0.04B,$0.02B,52.27%,$0.04B,$0.02B,52.27%,$0.04B,$0.04B,79.55%,$0.04B,$0.01B,25.00%,$0.04B,$0.03B,72.73%,$0.03B,$0.24B,14.02%,$0.03B,$0.22B,15.01%,$0.03B,$0.48B,6.75%,$0.02B,$0.46B,5.02%,$11,$1,$10,$0,$2,$6,$5,$-3,$2,$0,$2,$2,$5,$8,$5,$14,15,$0.33,$0.33,$15,$0,$0,$31,$405,$0,$16,$20,$450,$481,$12,$226,$5,$231,$243,$15,$28,$-2,$238,$481,$32,$12,$-22,$-10,$0,$0,$0,$-0,$-0,$22,$-13,$0,$0,$0,$0,$0,$0,$-12,$14,$0,$14,$6,$6,$-19,$-7,$-7,$2,$0,$-19
24,2012-09-30,12.54,$16.27,0.77,$2.88,4.36,$1.48,8.5,$2.05,6.12,$0.03B,$0.01B,3.11,$0.22B,$0.24B,0.92,$0.04B,$0.04B,92.68%,$0.04B,$0.02B,53.66%,$0.04B,$0.02B,53.66%,$0.04B,$0.03B,80.49%,$0.04B,$0.01B,26.83%,$0.04B,$0.03B,73.17%,$0.03B,$0.24B,13.42%,$0.03B,$0.22B,14.30%,$0.03B,$0.47B,6.42%,$0.02B,$0.45B,4.88%,$11,$1,$11,$0,$2,$5,$6,$-3,$3,$0,$3,$3,$18,$9,$6,$14,15,$1.24,$1.23,$15,$0,$0,$34,$397,$0,$14,$18,$435,$469,$11,$217,$5,$222,$233,$15,$28,$-2,$237,$469,$27,$9,$-19,$-10,$0,$0,$0,$-2,$-2,$15,$8,$0,$0,$0,$0,$0,$-0,$8,$-5,$0,$-5,$5,$5,$-15,$-6,$-20,$3,$0,$-15
25,2012-06-30,12.45,$15.30,0.81,$2.86,4.36,$0.22,55.57,$1.01,12.33,$0.03B,$0.01B,3.03,$0.24B,$0.22B,1.07,$0.04B,$0.04B,90.24%,$0.04B,$0.02B,53.66%,$0.04B,$0.02B,53.66%,$0.04B,$0.03B,80.49%,$0.04B,$0.01B,26.83%,$0.04B,$0.02B,36.59%,$0.02B,$0.22B,6.85%,$0.02B,$0.21B,7.28%,$0.02B,$0.47B,3.24%,$0.02B,$0.46B,4.92%,$11,$1,$10,$0,$2,$5,$6,$-3,$3,$0,$3,$3,$6,$9,$6,$14,14,$0.39,$0.39,$15,$0,$0,$32,$402,$0,$15,$18,$440,$472,$11,$236,$5,$241,$252,$14,$15,$-1,$220,$472,$9,$6,$-4,$2,$0,$0,$0,$-1,$-1,$10,$-9,$0,$0,$0,$0,$0,$-0,$-9,$13,$0,$13,$2,$2,$-10,$-4,$2,$3,$0,$-10
26,2012-03-31,11.89,$15.24,0.78,$2.86,4.15,$1.50,7.9,$0.97,12.25,$0.03B,$0.01B,3.17,$0.24B,$0.22B,1.1,$0.04B,$0.04B,90.24%,$0.04B,$0.02B,53.66%,$0.04B,$0.02B,53.66%,$0.04B,$0.03B,80.49%,$0.04B,$0.01B,29.27%,$0.04B,$0.01B,34.15%,$0.01B,$0.22B,6.39%,$0.01B,$0.20B,6.76%,$0.01B,$0.47B,3.08%,$0.02B,$0.46B,5.01%,$11,$1,$10,$0,$2,$5,$6,$-3,$3,$0,$3,$3,$3,$9,$6,$14,14,$0.22,$0.21,$17,$0,$0,$33,$407,$0,$14,$17,$441,$474,$10,$240,$5,$245,$256,$14,$14,$-1,$218,$474,$3,$3,$-1,$2,$0,$0,$0,$-0,$-0,$5,$-11,$0,$0,$0,$0,$0,$-0,$-11,$16,$0,$16,$1,$1,$-5,$-2,$10,$5,$0,$-5
27,2011-12-31,10.53,$15.40,0.68,$2.96,3.55,$2.12,4.97,$0.96,10.97,$0.03B,$0.01B,2.52,$0.22B,$0.22B,1.0,$0.04B,$0.04B,90.24%,$0.04B,$0.02B,53.66%,$0.04B,$0.02B,53.66%,$0.04B,$0.03B,80.49%,$0.04B,$0.01B,29.27%,$0.04B,$0.01B,34.15%,$0.01B,$0.22B,6.39%,$0.01B,$0.21B,6.73%,$0.01B,$0.45B,3.12%,$0.02B,$0.44B,5.08%,$8,$1,$7,$0,$2,$4,$4,$-2,$2,$0,$2,$2,$3,$6,$4,$14,14,$0.20,$0.21,$13,$0,$0,$27,$376,$0,$11,$7,$426,$453,$11,$218,$5,$223,$234,$14,$16,$-1,$219,$453,$14,$11,$-3,$8,$0,$0,$0,$-0,$-0,$22,$-18,$0,$-1,$0,$0,$0,$-0,$-19,$-19,$0,$-19,$44,$44,$-18,$-5,$2,$5,$0,$-18
28,2011-09-30,9.18,$15.46,0.59,$2.98,3.08,$0.48,18.93,$0.89,10.31,$0.02B,$0.01B,2.28,$0.22B,$0.22B,1.0,$0.04B,$0.04B,90.00%,$0.04B,$0.02B,52.50%,$0.04B,$0.02B,52.50%,$0.04B,$0.03B,80.00%,$0.04B,$0.01B,27.50%,$0.04B,$0.01B,32.50%,$0.01B,$0.22B,6.21%,$0.01B,$0.21B,6.57%,$0.01B,$0.45B,2.91%,$0.02B,$0.44B,4.87%,$11,$1,$10,$0,$2,$5,$6,$-3,$3,$0,$3,$3,$3,$9,$6,$14,14,$0.19,$0.19,$8,$0,$0,$23,$409,$0,$12,$6,$429,$452,$10,$218,$5,$223,$233,$14,$17,$-1,$219,$452,$11,$9,$-3,$6,$0,$0,$0,$-0,$-1,$16,$-11,$0,$-1,$0,$0,$0,$0,$-12,$-28,$0,$-28,$43,$43,$-13,$-5,$-3,$1,$0,$-13
29,2011-06-30,9.46,$15.64,0.6,$3.15,3.0,$-0.45,0.0,$0.95,9.95,$0.03B,$0.01B,2.89,$0.20B,$0.22B,0.92,$0.04B,$0.04B,92.31%,$0.04B,$0.02B,53.85%,$0.04B,$0.02B,53.85%,$0.04B,$0.03B,82.05%,$0.04B,$0.01B,25.64%,$0.04B,$0.01B,33.33%,$0.01B,$0.22B,6.52%,$0.01B,$0.21B,6.87%,$0.01B,$0.44B,2.97%,$0.02B,$0.42B,4.96%,$11,$1,$10,$0,$2,$5,$6,$-2,$4,$0,$4,$4,$5,$9,$6,$14,14,$0.36,$0.35,$11,$0,$0,$26,$392,$0,$11,$6,$411,$437,$9,$203,$5,$208,$217,$14,$19,$-0,$220,$437,$8,$6,$-2,$3,$0,$0,$0,$-1,$-2,$10,$9,$0,$-1,$0,$0,$0,$0,$8,$-45,$0,$-45,$42,$42,$-9,$-3,$-14,$4,$0,$-9
30,2011-03-31,9.05,$15.62,0.58,$3.28,2.76,$-2.39,0.0,$0.81,11.17,$0.03B,$0.01B,2.78,$0.22B,$0.22B,0.99,$0.04B,$0.04B,94.74%,$0.04B,$0.02B,55.26%,$0.04B,$0.02B,55.26%,$0.04B,$0.03B,81.58%,$0.04B,$0.01B,21.05%,$0.04B,$0.01B,26.32%,$0.01B,$0.22B,5.28%,$0.01B,$0.21B,5.56%,$0.01B,$0.45B,2.30%,$0.02B,$0.44B,4.99%,$11,$1,$10,$0,$2,$5,$6,$-4,$3,$0,$3,$3,$3,$9,$6,$13,13,$0.21,$0.21,$12,$0,$0,$26,$405,$0,$12,$6,$426,$452,$9,$216,$7,$223,$233,$14,$19,$-0,$219,$452,$3,$3,$0,$3,$0,$0,$0,$-0,$-0,$5,$-3,$0,$-1,$0,$0,$0,$0,$-3,$-34,$0,$-34,$41,$41,$-4,$-2,$2,$4,$0,$-4
31,2010-12-31,9.8,$15.98,0.61,$3.30,2.97,$-2.72,0.0,$0.81,12.09,$0.02B,$0.01B,2.63,$0.25B,$0.18B,1.4,$0.04B,$0.04B,97.30%,$0.04B,$0.02B,56.76%,$0.04B,$0.02B,56.76%,$0.04B,$0.03B,81.08%,$0.04B,$0.01B,18.92%,$0.04B,$0.01B,24.32%,$0.01B,$0.18B,5.00%,$0.01B,$0.17B,5.26%,$0.01B,$0.45B,2.10%,$0.02B,$0.43B,5.05%,$7,$1,$6,$0,$1,$4,$3,$-2,$1,$0,$1,$1,$2,$5,$3,$11,12,$0.14,$0.14,$8,$0,$0,$24,$392,$0,$11,$5,$421,$445,$9,$252,$5,$256,$265,$11,$21,$-0,$179,$445,$9,$10,$-1,$9,$0,$0,$0,$-1,$1,$19,$-35,$0,$1,$0,$6,$6,$-2,$-29,$6,$0,$6,$1,$1,$-11,$-6,$-10,$-20,$0,$-11
32,2010-09-30,9.16,$16.13,0.57,$3.50,2.62,$2.81,3.26,$1.48,6.19,$0.03B,$0.01B,3.08,$0.22B,$0.18B,1.25,$0.04B,$0.04B,97.44%,$0.04B,$0.02B,61.54%,$0.04B,$0.02B,61.54%,$0.04B,$0.03B,84.62%,$0.04B,$0.01B,23.08%,$0.04B,$0.02B,41.03%,$0.02B,$0.18B,8.88%,$0.02B,$0.17B,9.29%,$0.02B,$0.42B,3.81%,$0.02B,$0.40B,5.89%,$10,$0,$10,$0,$2,$4,$6,$-4,$2,$0,$2,$2,$3,$9,$6,$11,11,$0.25,$0.25,$8,$0,$0,$25,$377,$0,$8,$6,$392,$417,$8,$224,$5,$229,$237,$11,$23,$-1,$180,$417,$8,$8,$-2,$6,$0,$0,$0,$-1,$-1,$13,$-20,$0,$1,$0,$6,$6,$-2,$-14,$-7,$0,$-7,$0,$0,$-7,$-5,$-19,$-20,$0,$-7
33,2010-06-30,8.43,$16.19,0.52,$3.43,2.46,$5.09,1.66,$1.54,5.47,$0.03B,$0.01B,4.55,$0.23B,$0.18B,1.29,$0.04B,$0.04B,97.37%,$0.04B,$0.02B,60.53%,$0.04B,$0.02B,60.53%,$0.04B,$0.03B,84.21%,$0.04B,$0.01B,23.68%,$0.04B,$0.02B,42.11%,$0.02B,$0.18B,8.96%,$0.02B,$0.17B,9.37%,$0.02B,$0.43B,3.80%,$0.02B,$0.41B,5.61%,$10,$1,$10,$0,$2,$5,$6,$-3,$2,$0,$2,$2,$2,$8,$6,$11,11,$0.21,$0.21,$18,$0,$0,$34,$374,$0,$8,$7,$391,$425,$7,$233,$5,$238,$245,$11,$24,$-0,$180,$425,$5,$5,$-1,$4,$0,$0,$0,$0,$0,$9,$-16,$0,$0,$0,$6,$6,$-2,$-12,$1,$0,$1,$0,$0,$-4,$-4,$-7,$-10,$0,$-4
34,2010-03-31,9.24,$16.68,0.55,$3.59,2.57,$6.91,1.34,$1.74,5.31,$0.04B,$0.01B,5.94,$0.23B,$0.18B,1.29,$0.04B,$0.04B,97.44%,$0.04B,$0.03B,64.10%,$0.04B,$0.03B,64.10%,$0.04B,$0.03B,87.18%,$0.04B,$0.01B,28.21%,$0.04B,$0.02B,46.15%,$0.02B,$0.18B,10.23%,$0.02B,$0.17B,10.68%,$0.02B,$0.43B,4.26%,$0.03B,$0.42B,6.06%,$10,$0,$10,$0,$2,$4,$6,$-3,$2,$0,$2,$2,$2,$8,$6,$11,11,$0.21,$0.21,$25,$0,$0,$40,$365,$0,$10,$11,$387,$427,$7,$234,$5,$239,$246,$11,$25,$0,$181,$427,$2,$3,$-0,$2,$0,$0,$0,$0,$-0,$4,$-6,$0,$0,$0,$2,$2,$-2,$-6,$1,$0,$1,$0,$0,$-0,$-2,$-1,$-3,$0,$-0
35,2009-12-31,4.78,$16.56,0.29,$3.68,1.3,$7.67,0.62,$1.78,2.69,$0.04B,$0.01B,6.61,$0.22B,$0.18B,1.21,$0.04B,$0.04B,97.44%,$0.04B,$0.03B,64.10%,$0.04B,$0.03B,64.10%,$0.04B,$0.04B,89.74%,$0.04B,$0.01B,28.21%,$0.04B,$0.02B,48.72%,$0.02B,$0.18B,11.03%,$0.02B,$0.17B,11.52%,$0.02B,$0.41B,4.49%,$0.03B,$0.40B,6.05%,$9,$1,$8,$0,$1,$3,$6,$-3,$3,$0,$3,$3,$9,$8,$6,$11,11,$0.84,$0.84,$28,$0,$0,$41,$342,$0,$7,$13,$368,$409,$6,$218,$5,$222,$229,$11,$26,$0,$180,$409,$20,$11,$-7,$4,$0,$0,$0,$-1,$-2,$22,$23,$0,$0,$0,$-6,$-6,$0,$17,$-12,$0,$-12,$-1,$-1,$-3,$-6,$-22,$17,$0,$-3
36,2009-09-30,4.77,$16.30,0.29,$3.96,1.2,$-0.19,0.0,$0.62,7.7,$0.02B,$0.00B,5.24,$0.24B,$0.17B,1.38,$0.04B,$0.04B,97.56%,$0.04B,$0.02B,48.78%,$0.04B,$0.02B,48.78%,$0.04B,$0.03B,75.61%,$0.04B,$0.00B,9.76%,$0.04B,$0.01B,14.63%,$0.01B,$0.17B,3.57%,$0.01B,$0.17B,3.73%,$0.01B,$0.42B,1.40%,$0.02B,$0.41B,4.79%,$9,$0,$9,$0,$2,$4,$5,$-3,$2,$0,$2,$2,$3,$8,$5,$11,11,$0.32,$0.31,$11,$0,$0,$23,$348,$0,$7,$15,$398,$421,$4,$238,$5,$243,$248,$11,$19,$0,$173,$421,$11,$8,$-1,$7,$0,$0,$0,$-0,$-1,$17,$1,$0,$0,$0,$-9,$-9,$0,$-7,$-1,$0,$-1,$-1,$-1,$-3,$-5,$-10,$-0,$0,$-3
37,2009-06-30,2.97,$16.44,0.18,$3.87,0.77,$-5.55,0.0,$0.55,5.41,$0.03B,$0.01B,6.65,$0.25B,$0.17B,1.48,$0.04B,$0.04B,97.56%,$0.04B,$0.02B,48.78%,$0.04B,$0.02B,48.78%,$0.04B,$0.03B,73.17%,$0.04B,$0.00B,9.76%,$0.04B,$0.01B,12.20%,$0.01B,$0.17B,2.99%,$0.01B,$0.16B,3.13%,$0.01B,$0.43B,1.16%,$0.02B,$0.42B,4.75%,$11,$0,$11,$0,$2,$4,$8,$-3,$4,$0,$4,$4,$4,$10,$8,$10,11,$0.42,$0.41,$18,$0,$0,$31,$373,$0,$8,$9,$401,$432,$5,$252,$5,$257,$262,$10,$18,$-0,$170,$432,$7,$6,$-0,$6,$0,$0,$0,$-1,$-1,$12,$1,$0,$0,$0,$-2,$-2,$0,$-0,$-0,$0,$-0,$-1,$-1,$-2,$-0,$-4,$7,$0,$-2
38,2009-03-31,1.75,$16.76,0.1,$3.66,0.48,$-6.07,0.0,$0.46,3.8,$0.03B,$0.01B,5.7,$0.25B,$0.17B,1.53,$0.04B,$0.04B,97.44%,$0.04B,$0.02B,46.15%,$0.04B,$0.02B,46.15%,$0.04B,$0.03B,71.79%,$0.04B,$0.00B,10.26%,$0.04B,$0.00B,10.26%,$0.00B,$0.17B,2.39%,$0.00B,$0.16B,2.50%,$0.00B,$0.43B,0.94%,$0.02B,$0.42B,4.36%,$10,$0,$10,$0,$2,$4,$6,$-3,$2,$0,$2,$2,$3,$9,$6,$10,10,$0.26,$0.26,$16,$0,$0,$29,$383,$0,$8,$7,$401,$430,$5,$254,$5,$259,$264,$10,$16,$-0,$166,$430,$3,$3,$0,$3,$0,$0,$0,$-0,$-1,$5,$2,$0,$0,$0,$0,$0,$0,$2,$1,$0,$1,$-0,$-0,$-2,$-0,$-2,$5,$0,$-2
39,2008-12-31,4.08,$16.46,0.25,$3.60,1.13,$-6.55,0.0,$0.48,8.51,$0.02B,$0.01B,3.07,$0.25B,$0.16B,1.54,$0.04B,$0.04B,97.44%,$0.04B,$0.02B,46.15%,$0.04B,$0.02B,46.15%,$0.04B,$0.03B,69.23%,$0.04B,$0.01B,12.82%,$0.04B,$0.00B,10.26%,$0.00B,$0.16B,2.37%,$0.00B,$0.16B,2.47%,$0.00B,$0.43B,0.95%,$0.02B,$0.42B,4.42%,$11,$1,$10,$0,$2,$10,$1,$-5,$-4,$0,$-4,$-4,$-4,$4,$1,$10,10,$-0.35,$-0.35,$11,$0,$0,$23,$353,$0,$8,$6,$406,$429,$7,$253,$5,$258,$265,$10,$16,$-0,$164,$429,$5,$10,$3,$13,$0,$0,$0,$1,$1,$19,$-57,$0,$1,$0,$1,$1,$0,$-55,$33,$0,$33,$1,$1,$-15,$2,$21,$-15,$0,$-15
40,2008-09-30,7.97,$17.03,0.47,$3.45,2.31,$-1.14,0.0,$1.06,7.52,$0.03B,$0.01B,3.26,$0.26B,$0.17B,1.51,$0.04B,$0.04B,100.00%,$0.04B,$0.02B,62.16%,$0.04B,$0.02B,62.16%,$0.04B,$0.03B,83.78%,$0.04B,$0.01B,29.73%,$0.04B,$0.01B,27.03%,$0.01B,$0.17B,5.87%,$0.01B,$0.16B,6.08%,$0.01B,$0.44B,2.41%,$0.02B,$0.43B,5.73%,$9,$0,$9,$0,$2,$4,$5,$-3,$2,$0,$2,$2,$2,$7,$5,$11,11,$0.22,$0.22,$14,$0,$0,$26,$395,$0,$9,$7,$413,$440,$8,$257,$6,$262,$270,$10,$21,$0,$170,$440,$8,$7,$-2,$5,$0,$0,$0,$1,$1,$15,$-57,$0,$1,$0,$1,$1,$0,$-55,$32,$0,$32,$0,$0,$-11,$-0,$21,$-19,$0,$-11
41,2008-06-30,7.21,$17.17,0.42,$3.63,1.99,$3.85,1.88,$1.08,6.68,$0.04B,$0.01B,5.74,$0.22B,$0.17B,1.29,$0.04B,$0.04B,97.37%,$0.04B,$0.02B,63.16%,$0.04B,$0.02B,63.16%,$0.04B,$0.03B,84.21%,$0.04B,$0.01B,28.95%,$0.04B,$0.01B,28.95%,$0.01B,$0.17B,6.44%,$0.01B,$0.17B,6.64%,$0.01B,$0.40B,2.69%,$0.02B,$0.39B,6.09%,$9,$0,$9,$0,$2,$4,$6,$-2,$4,$0,$4,$4,$3,$8,$6,$11,11,$0.29,$0.29,$31,$0,$0,$43,$346,$0,$5,$7,$361,$404,$7,$220,$6,$226,$233,$10,$23,$0,$170,$404,$6,$5,$-2,$3,$0,$0,$0,$1,$1,$10,$-2,$0,$1,$0,$1,$1,$0,$-1,$-4,$0,$-4,$0,$0,$-7,$-0,$-12,$-2,$0,$-7
42,2008-03-31,6.98,$17.21,0.41,$3.73,1.87,$3.99,1.75,$1.01,6.91,$0.05B,$0.01B,6.13,$0.22B,$0.17B,1.31,$0.04B,$0.04B,97.44%,$0.04B,$0.02B,61.54%,$0.04B,$0.02B,61.54%,$0.04B,$0.03B,82.05%,$0.04B,$0.01B,25.64%,$0.04B,$0.01B,28.21%,$0.01B,$0.17B,6.35%,$0.01B,$0.17B,6.54%,$0.01B,$0.41B,2.66%,$0.02B,$0.40B,6.03%,$10,$0,$10,$0,$2,$4,$6,$-3,$3,$0,$3,$3,$3,$8,$6,$11,11,$0.26,$0.26,$33,$0,$0,$45,$338,$0,$5,$7,$363,$408,$7,$224,$6,$229,$237,$10,$23,$0,$171,$408,$3,$2,$-1,$2,$0,$0,$0,$1,$-0,$4,$-3,$0,$1,$0,$1,$1,$0,$-1,$-1,$0,$-1,$1,$1,$-4,$-0,$-4,$-1,$0,$-4
43,2007-12-31,7.78,$17.29,0.45,$3.76,2.07,$4.25,1.83,$1.05,7.41,$0.05B,$0.01B,5.81,$0.22B,$0.17B,1.3,$0.04B,$0.04B,97.37%,$0.04B,$0.02B,60.53%,$0.04B,$0.02B,60.53%,$0.04B,$0.03B,84.21%,$0.04B,$0.01B,26.32%,$0.04B,$0.01B,28.95%,$0.01B,$0.17B,6.27%,$0.01B,$0.17B,6.45%,$0.01B,$0.41B,2.64%,$0.02B,$0.39B,5.74%,$9,$0,$9,$0,$2,$4,$6,$-3,$2,$0,$2,$2,$2,$8,$6,$10,10,$0.23,$0.23,$33,$0,$0,$46,$344,$0,$5,$9,$361,$407,$8,$222,$5,$228,$235,$10,$24,$0,$171,$407,$11,$10,$-2,$8,$0,$0,$0,$-0,$-0,$18,$-0,$0,$1,$0,$0,$0,$0,$0,$-6,$0,$-6,$2,$2,$-21,$-1,$-27,$-8,$0,$-21
44,2007-09-30,8.08,$17.40,0.46,$3.76,2.15,$0.06,127.09,$3.28,2.46,$0.05B,$0.01B,3.86,$0.23B,$0.17B,1.33,$0.04B,$0.04B,97.37%,$0.04B,$0.02B,60.53%,$0.04B,$0.02B,60.53%,$0.04B,$0.03B,84.21%,$0.04B,$0.03B,76.32%,$0.04B,$0.03B,86.84%,$0.03B,$0.17B,18.57%,$0.03B,$0.17B,19.10%,$0.03B,$0.42B,7.86%,$0.02B,$0.40B,5.69%,$10,$0,$9,$0,$2,$4,$6,$-3,$2,$0,$2,$2,$3,$8,$6,$10,10,$0.26,$0.26,$43,$0,$0,$54,$336,$0,$5,$10,$364,$418,$14,$227,$6,$233,$247,$10,$25,$0,$171,$418,$8,$7,$-2,$5,$0,$0,$0,$0,$-0,$13,$-0,$0,$0,$0,$-0,$-0,$0,$0,$-1,$0,$-1,$0,$0,$-11,$-1,$-12,$1,$0,$-11
45,2007-06-30,9.3,$18.21,0.51,$3.65,2.55,$-2.74,0.0,$3.60,2.58,$0.05B,$0.01B,6.72,$0.23B,$0.18B,1.26,$0.04B,$0.04B,100.00%,$0.04B,$0.02B,61.11%,$0.04B,$0.02B,61.11%,$0.04B,$0.03B,86.11%,$0.04B,$0.03B,88.89%,$0.04B,$0.04B,100.00%,$0.04B,$0.18B,20.60%,$0.04B,$0.18B,21.21%,$0.04B,$0.42B,8.81%,$0.02B,$0.41B,5.57%,$10,$0,$10,$0,$2,$4,$6,$-3,$3,$0,$3,$3,$3,$8,$6,$10,10,$0.25,$0.25,$40,$0,$0,$52,$348,$0,$5,$11,$367,$419,$8,$226,$6,$231,$239,$10,$1,$33,$180,$419,$6,$5,$-2,$3,$0,$0,$0,$0,$-0,$8,$0,$0,$0,$0,$-0,$-0,$0,$-0,$-2,$0,$-2,$1,$1,$-7,$-1,$-9,$-1,$0,$-7
46,2007-03-31,9.18,$18.31,0.5,$3.55,2.58,$-5.36,0.0,$3.67,2.5,$0.05B,$0.01B,6.53,$0.23B,$0.18B,1.26,$0.04B,$0.03B,97.14%,$0.04B,$0.02B,60.00%,$0.04B,$0.02B,60.00%,$0.04B,$0.03B,85.71%,$0.04B,$0.03B,91.43%,$0.04B,$0.04B,102.86%,$0.04B,$0.18B,21.33%,$0.04B,$0.18B,21.98%,$0.04B,$0.42B,9.09%,$0.02B,$0.41B,5.49%,$9,$0,$9,$0,$2,$4,$5,$-3,$3,$0,$3,$3,$3,$8,$5,$10,10,$0.31,$0.31,$40,$0,$0,$51,$350,$0,$5,$11,$369,$421,$8,$227,$6,$233,$240,$10,$34,$1,$180,$421,$3,$2,$-1,$1,$0,$0,$0,$0,$-0,$4,$-0,$0,$0,$0,$-0,$-0,$0,$-0,$-1,$0,$-1,$0,$0,$-4,$-1,$-5,$-1,$0,$-4
47,2006-12-31,9.96,$18.34,0.54,$3.36,2.96,$-5.38,0.0,$3.67,2.71,$0.05B,$0.01B,6.5,$0.23B,$0.18B,1.27,$0.03B,$0.03B,96.97%,$0.03B,$0.02B,63.64%,$0.03B,$0.02B,63.64%,$0.03B,$0.03B,84.85%,$0.03B,$0.03B,96.97%,$0.03B,$0.04B,109.09%,$0.04B,$0.18B,22.12%,$0.04B,$0.18B,22.64%,$0.04B,$0.42B,9.65%,$0.02B,$0.41B,5.81%,$9,$0,$9,$0,$1,$4,$6,$15,$21,$0,$21,$21,$24,$8,$6,$10,10,$2.46,$2.46,$41,$0,$0,$52,$342,$0,$5,$10,$370,$422,$8,$228,$6,$234,$242,$10,$35,$1,$180,$422,$36,$8,$-6,$3,$0,$0,$0,$-1,$-0,$39,$-63,$0,$20,$0,$-1,$-1,$0,$-45,$33,$0,$33,$1,$1,$-13,$-8,$13,$7,$0,$-13
