,Date,Stock Price,Book Value per Share,Price to Book Ratio,TTM Sales per Share,Price to Sales Ratio,TTM FCF per Share,Price to FCF Ratio,TTM Net EPS,PE Ratio,Current Assets,Current Liabilities,Current Ratio,Long Term Debt,Shareholder's Equity_x,Debt to Equity Ratio,TTM Revenue_x,TTM Gross Profit,Gross Margin,TTM Revenue_y,TTM Operating Income,Operating Margin,TTM Revenue_x,TTM EBIT,EBIT Margin,TTM Revenue_y,TTM EBITDA,EBITDA Margin,TTM Revenue_x,TTM Pre-Tax Income,Pre-Tax Margin,TTM Revenue_y,TTM Net Income_x,Net Margin,TTM Net Income_y,Shareholder's Equity_y,Return on Equity,TTM Net Income_x,Tangible Equity,Return on Tangible Equity,TTM Net Income_y,Total Assets,Return on Assets,TTM Net Income,LT Investments & Debt,Return on Investment,revenue,cost-goods-sold,gross-profit,research-development-expenses,selling-general-administrative-expenses,operating-expenses,operating-income,total-non-operating-income-expense,pre-tax-income,total-provision-income-taxes,income-after-taxes,income-from-continuous-operations,net-income,ebitda,ebit,basic-shares-outstanding,shares-outstanding,eps-basic-net-earnings-per-share,eps-earnings-per-share-diluted,cash-on-hand,inventory,other-current-assets,total-current-assets,net-property-plant-equipment,long-term-investments,goodwill-intangible-assets-total,other-long-term-assets,total-long-term-assets,total-assets,total-current-liabilities,long-term-debt,other-non-current-liabilities,total-long-term-liabilities,total-liabilities,common-stock-net,retained-earnings-accumulated-deficit,comprehensive-income,total-share-holder-equity,total-liabilities-share-holders-equity,net-income-loss,total-depreciation-amortization-cash-flow,other-non-cash-items,total-non-cash-items,change-in-accounts-receivable,change-in-inventories,change-in-accounts-payable,change-in-assets-liabilities,total-change-in-assets-liabilities,cash-flow-from-operating-activities,net-change-in-property-plant-equipment,net-change-in-intangible-assets,net-acquisitions-divestitures,net-change-in-short-term-investments,net-change-in-long-term-investments,net-change-in-investments-total,investing-activities-other,cash-flow-from-investing-activities,net-long-term-debt,net-current-debt,debt-issuance-retirement-net-total,net-common-equity-issued-repurchased,net-total-equity-issued-repurchased,total-common-preferred-stock-dividends-paid,financial-activities-other,cash-flow-from-financial-activities,net-cash-flow,stock-based-compensation,common-stock-dividends-paid
0,2018-09-30,56.95,$8.24,6.91,$7.90,7.21,$8.14,7.0,$2.83,20.12,$0.18B,$0.07B,2.63,$0.24B,$0.41B,0.59,$0.39B,$0.27B,67.60%,$0.39B,$0.20B,50.51%,$0.39B,$0.20B,50.51%,$0.39B,$0.21B,54.59%,$0.39B,$0.19B,48.47%,$0.39B,$0.13B,34.18%,$0.13B,$0.41B,34.60%,$0.13B,$0.41B,34.60%,$0.13B,$0.78B,17.72%,$0.20B,$0.65B,31.67%,$104,$28,$76,$0,$7,$46,$58,$-4,$53,$15,$38,$38,$38,$63,$58,$49,49,$0.78,$0.78,$122,$0,$11,$180,$142,$441,$0,$4,$602,$782,$68,$240,$59,$309,$377,$16,$379,$0,$405,$782,$153,$14,$24,$38,$-4,$0,$3,$-3,$-42,$149,$-8,$0,$0,$0,$-47,$-47,$7,$-47,$1,$0,$1,$0,$0,$-85,$-13,$-96,$-1,$0,$-85
1,2018-06-30,41.65,$7.31,5.7,$7.94,5.25,$7.73,5.39,$2.71,15.37,$0.14B,$0.06B,2.27,$0.24B,$0.36B,0.66,$0.39B,$0.26B,65.23%,$0.39B,$0.19B,47.97%,$0.39B,$0.19B,47.97%,$0.39B,$0.20B,51.78%,$0.39B,$0.18B,46.19%,$0.39B,$0.13B,32.74%,$0.13B,$0.36B,34.06%,$0.13B,$0.36B,34.06%,$0.13B,$0.73B,17.20%,$0.19B,$0.60B,30.42%,$103,$32,$71,$0,$6,$49,$54,$0,$54,$17,$37,$37,$36,$58,$54,$51,51,$0.72,$0.72,$84,$0,$11,$143,$139,$425,$0,$5,$584,$726,$63,$236,$58,$304,$367,$16,$334,$0,$359,$726,$98,$9,$14,$23,$-5,$0,$-2,$-1,$-34,$87,$-5,$0,$0,$0,$-31,$-31,$6,$-30,$1,$0,$1,$0,$0,$-83,$-8,$-90,$-37,$0,$-83
2,2018-03-31,37.82,$8.51,4.44,$7.81,4.84,$7.61,4.97,$2.54,14.89,$0.21B,$0.07B,3.24,$0.24B,$0.42B,0.58,$0.39B,$0.25B,63.90%,$0.39B,$0.18B,46.23%,$0.39B,$0.18B,46.23%,$0.39B,$0.19B,50.13%,$0.39B,$0.17B,43.12%,$0.39B,$0.12B,31.17%,$0.12B,$0.42B,32.37%,$0.12B,$0.42B,32.37%,$0.12B,$0.80B,16.21%,$0.18B,$0.66B,28.90%,$103,$34,$69,$0,$8,$53,$50,$-5,$46,$13,$33,$33,$32,$55,$50,$49,49,$0.66,$0.66,$143,$0,$13,$209,$140,$424,$0,$5,$588,$797,$65,$244,$60,$313,$378,$16,$393,$0,$419,$797,$46,$4,$12,$16,$-8,$0,$2,$1,$-17,$45,$-2,$0,$0,$0,$-18,$-18,$3,$-17,$1,$0,$1,$0,$0,$0,$-4,$-4,$18,$0,$0
3,2017-12-31,39.81,$7.45,5.34,$7.34,5.42,$7.37,5.4,$2.32,17.16,$0.18B,$0.06B,3.17,$0.23B,$0.37B,0.63,$0.36B,$0.23B,63.54%,$0.36B,$0.17B,45.58%,$0.36B,$0.17B,45.58%,$0.36B,$0.18B,49.45%,$0.36B,$0.15B,41.44%,$0.36B,$0.11B,30.11%,$0.11B,$0.37B,30.79%,$0.11B,$0.37B,30.79%,$0.11B,$0.72B,15.29%,$0.17B,$0.60B,27.71%,$82,$32,$49,$0,$6,$46,$36,$1,$37,$10,$27,$27,$28,$38,$36,$49,49,$0.51,$0.51,$121,$0,$16,$177,$132,$388,$0,$5,$542,$720,$56,$232,$55,$297,$353,$15,$341,$0,$366,$720,$150,$15,$-13,$2,$5,$0,$-1,$-6,$-3,$148,$-11,$0,$0,$0,$-69,$-69,$2,$-78,$-2,$0,$-2,$-2,$-2,$-80,$-17,$-100,$-34,$0,$-80
4,2017-09-30,42.6,$7.55,5.64,$6.63,6.42,$6.85,6.22,$2.24,19.02,$0.18B,$0.06B,3.14,$0.26B,$0.37B,0.69,$0.33B,$0.21B,64.83%,$0.33B,$0.15B,45.57%,$0.33B,$0.15B,45.57%,$0.33B,$0.16B,49.54%,$0.33B,$0.14B,41.59%,$0.33B,$0.10B,30.28%,$0.10B,$0.37B,28.82%,$0.10B,$0.37B,28.82%,$0.10B,$0.76B,14.21%,$0.15B,$0.63B,25.57%,$106,$38,$68,$0,$8,$57,$49,$-4,$45,$12,$33,$33,$33,$53,$49,$49,49,$0.66,$0.66,$121,$0,$21,$183,$140,$410,$0,$6,$574,$757,$58,$258,$57,$327,$386,$17,$344,$0,$371,$757,$118,$12,$27,$40,$3,$0,$-1,$1,$-31,$127,$-6,$0,$0,$0,$-60,$-60,$5,$-61,$-2,$0,$-2,$-2,$-2,$-89,$-14,$-107,$-48,$0,$-89
5,2017-06-30,46.24,$6.64,6.97,$6.22,7.44,$6.13,7.55,$2.08,22.23,$0.16B,$0.05B,3.26,$0.25B,$0.33B,0.76,$0.31B,$0.21B,67.65%,$0.31B,$0.15B,47.71%,$0.31B,$0.15B,47.71%,$0.31B,$0.16B,51.96%,$0.31B,$0.13B,42.81%,$0.31B,$0.09B,30.72%,$0.09B,$0.33B,27.83%,$0.09B,$0.33B,27.83%,$0.09B,$0.69B,13.61%,$0.15B,$0.57B,25.23%,$94,$34,$60,$0,$8,$51,$43,$-5,$38,$10,$27,$27,$27,$47,$43,$49,49,$0.57,$0.57,$102,$0,$17,$156,$132,$377,$0,$6,$533,$688,$48,$248,$53,$314,$361,$16,$301,$0,$327,$688,$70,$8,$19,$26,$8,$0,$-5,$-2,$-21,$76,$-3,$0,$0,$0,$-35,$-35,$3,$-35,$-1,$0,$-1,$0,$0,$-85,$-8,$-94,$-60,$0,$-85
6,2017-03-31,39.89,$7.15,5.58,$5.82,6.85,$5.54,7.2,$2.01,19.85,$0.21B,$0.05B,4.49,$0.23B,$0.35B,0.65,$0.29B,$0.20B,69.93%,$0.29B,$0.14B,48.95%,$0.29B,$0.14B,48.95%,$0.29B,$0.15B,53.15%,$0.29B,$0.13B,44.76%,$0.29B,$0.09B,32.17%,$0.09B,$0.35B,27.79%,$0.09B,$0.35B,27.79%,$0.09B,$0.69B,13.43%,$0.14B,$0.58B,24.37%,$80,$27,$53,$0,$7,$43,$37,$-7,$30,$9,$21,$21,$21,$41,$37,$49,49,$0.45,$0.45,$157,$0,$17,$210,$121,$332,$0,$5,$476,$686,$47,$228,$47,$287,$334,$15,$329,$0,$352,$686,$30,$4,$10,$13,$4,$0,$-4,$-3,$-10,$33,$-2,$0,$0,$0,$-15,$-15,$1,$-16,$-1,$0,$-1,$0,$0,$0,$-3,$-4,$8,$0,$0
7,2016-12-31,31.91,$6.57,4.85,$5.47,5.83,$5.28,6.04,$1.98,16.11,$0.20B,$0.05B,3.7,$0.22B,$0.32B,0.69,$0.27B,$0.20B,72.49%,$0.27B,$0.14B,50.56%,$0.27B,$0.14B,50.56%,$0.27B,$0.15B,55.02%,$0.27B,$0.13B,47.21%,$0.27B,$0.09B,34.20%,$0.09B,$0.32B,27.79%,$0.09B,$0.32B,27.79%,$0.09B,$0.66B,13.23%,$0.14B,$0.55B,23.37%,$47,$16,$31,$0,$6,$27,$20,$4,$23,$6,$18,$18,$18,$21,$20,$49,49,$0.34,$0.34,$145,$0,$12,$198,$118,$315,$0,$5,$457,$656,$54,$224,$43,$278,$332,$15,$301,$0,$324,$656,$127,$13,$20,$33,$-15,$0,$-4,$1,$-45,$115,$-4,$0,$0,$0,$-24,$-24,$5,$-23,$-3,$0,$-3,$9,$9,$-66,$-13,$-73,$19,$0,$-66
8,2016-09-30,43.47,$7.07,6.15,$6.08,7.15,$5.46,7.96,$1.88,23.12,$0.20B,$0.05B,3.75,$0.27B,$0.35B,0.76,$0.30B,$0.22B,73.24%,$0.30B,$0.16B,52.17%,$0.30B,$0.16B,52.17%,$0.30B,$0.17B,57.19%,$0.30B,$0.14B,46.15%,$0.30B,$0.10B,33.11%,$0.10B,$0.35B,28.78%,$0.10B,$0.35B,28.78%,$0.10B,$0.73B,13.58%,$0.16B,$0.61B,25.47%,$85,$22,$63,$0,$9,$40,$46,$-6,$40,$12,$28,$28,$28,$50,$46,$49,49,$0.56,$0.56,$149,$0,$8,$203,$138,$364,$0,$6,$530,$733,$54,$265,$51,$331,$385,$17,$323,$0,$348,$733,$74,$12,$52,$64,$-21,$0,$-10,$7,$-49,$89,$-4,$0,$0,$0,$-8,$-8,$1,$-10,$-3,$0,$-3,$10,$10,$-78,$-12,$-82,$-3,$0,$-78
9,2016-06-30,43.82,$6.12,7.16,$5.76,7.61,$5.44,8.06,$1.74,25.19,$0.15B,$0.05B,3.13,$0.26B,$0.30B,0.86,$0.28B,$0.21B,72.18%,$0.28B,$0.14B,50.35%,$0.28B,$0.14B,50.35%,$0.28B,$0.16B,55.28%,$0.28B,$0.13B,44.37%,$0.28B,$0.09B,31.69%,$0.09B,$0.30B,26.30%,$0.09B,$0.30B,26.30%,$0.09B,$0.67B,12.31%,$0.14B,$0.56B,23.23%,$74,$21,$53,$0,$9,$38,$37,$-2,$35,$10,$25,$25,$25,$40,$37,$49,49,$0.50,$0.50,$106,$0,$7,$153,$135,$350,$0,$7,$514,$666,$49,$257,$45,$317,$366,$16,$277,$0,$300,$666,$45,$8,$31,$38,$-19,$0,$-7,$3,$-34,$50,$-6,$0,$0,$0,$-3,$-3,$2,$-7,$-2,$0,$-2,$2,$2,$-77,$-7,$-84,$-41,$0,$-77
10,2016-03-31,40.64,$7.18,5.66,$5.70,7.13,$5.66,7.17,$1.60,25.4,$0.21B,$0.06B,3.64,$0.26B,$0.35B,0.73,$0.28B,$0.20B,70.92%,$0.28B,$0.14B,47.87%,$0.28B,$0.14B,47.87%,$0.28B,$0.15B,53.19%,$0.28B,$0.12B,41.49%,$0.28B,$0.08B,29.43%,$0.08B,$0.35B,23.45%,$0.08B,$0.35B,23.45%,$0.08B,$0.73B,10.92%,$0.14B,$0.61B,21.12%,$63,$14,$48,$0,$8,$30,$33,$-4,$29,$8,$21,$21,$21,$37,$33,$49,49,$0.44,$0.44,$160,$0,$4,$210,$134,$351,$0,$7,$517,$727,$58,$258,$44,$317,$375,$16,$329,$0,$352,$727,$21,$4,$15,$18,$-11,$0,$-7,$14,$-19,$20,$-1,$0,$0,$0,$-1,$-1,$-1,$-3,$-1,$0,$-1,$0,$0,$0,$-4,$-5,$12,$0,$0
11,2015-12-31,34.28,$7.67,4.47,$5.76,5.96,$5.92,5.79,$1.52,22.55,$0.20B,$0.06B,3.63,$0.29B,$0.38B,0.78,$0.29B,$0.20B,69.47%,$0.29B,$0.13B,44.91%,$0.29B,$0.13B,44.91%,$0.29B,$0.14B,50.18%,$0.29B,$0.11B,38.95%,$0.29B,$0.08B,27.72%,$0.08B,$0.38B,21.22%,$0.08B,$0.38B,21.22%,$0.08B,$0.79B,9.94%,$0.13B,$0.67B,19.08%,$77,$21,$55,$0,$-3,$37,$40,$-4,$34,$10,$24,$25,$25,$44,$40,$49,49,$0.50,$0.50,$168,$0,$4,$202,$150,$401,$0,$7,$587,$790,$56,$294,$46,$358,$414,$19,$351,$0,$376,$790,$78,$15,$62,$77,$4,$0,$-9,$-2,$-24,$130,$-10,$0,$0,$0,$-19,$-19,$3,$-27,$-3,$0,$-3,$-15,$-15,$0,$-94,$-112,$-9,$0,$0
12,2015-09-30,35.35,$6.93,5.1,$5.54,6.39,$5.46,6.48,$1.44,24.55,$0.18B,$0.06B,3.26,$0.29B,$0.34B,0.84,$0.27B,$0.18B,63.87%,$0.27B,$0.13B,45.62%,$0.27B,$0.13B,45.62%,$0.27B,$0.14B,50.73%,$0.27B,$0.09B,31.39%,$0.27B,$0.07B,26.64%,$0.07B,$0.34B,19.11%,$0.07B,$0.34B,19.11%,$0.07B,$0.74B,9.03%,$0.13B,$0.63B,18.20%,$70,$21,$49,$0,$8,$37,$33,$-5,$28,$9,$19,$19,$19,$36,$33,$49,49,$0.38,$0.38,$146,$0,$6,$182,$145,$384,$0,$4,$560,$742,$56,$285,$44,$345,$401,$18,$317,$0,$341,$742,$51,$11,$47,$58,$-0,$0,$-6,$2,$-17,$92,$-7,$0,$0,$0,$-14,$-14,$3,$-18,$-2,$0,$-2,$-11,$-11,$0,$-87,$-99,$-26,$0,$0
13,2015-06-30,34.99,$0.00,0.0,$5.62,6.23,$5.43,6.45,$1.49,23.48,$0.18B,$0.06B,2.82,$0.31B,$0.35B,0.88,$0.28B,$0.19B,66.55%,$0.28B,$0.12B,43.88%,$0.28B,$0.12B,43.88%,$0.28B,$0.14B,49.28%,$0.28B,$0.09B,31.29%,$0.28B,$0.07B,26.62%,$0.07B,$0.35B,18.16%,$0.07B,$0.35B,18.16%,$0.07B,$0.78B,8.65%,$0.12B,$0.65B,16.70%,$72,$24,$48,$0,$15,$42,$29,$-4,$26,$7,$18,$18,$18,$33,$29,$49,49,$0.36,$0.36,$133,$0,$7,$181,$0,$410,$0,$3,$445,$780,$64,$305,$47,$369,$433,$19,$316,$0,$347,$780,$35,$8,$0,$8,$0,$0,$0,$0,$0,$63,$-7,$0,$0,$0,$0,$0,$-7,$-15,$0,$0,$0,$0,$-10,$0,$-89,$-99,$-51,$0,$0
14,2015-03-31,34.68,$0.00,0.0,$5.54,6.25,$5.14,6.75,$1.46,23.75,$0.26B,$0.06B,4.3,$0.31B,$0.43B,0.74,$0.28B,$0.19B,69.45%,$0.28B,$0.12B,44.00%,$0.28B,$0.12B,44.00%,$0.28B,$0.14B,49.82%,$0.28B,$0.09B,31.27%,$0.28B,$0.07B,26.55%,$0.07B,$0.43B,17.06%,$0.07B,$0.43B,17.06%,$0.07B,$0.87B,7.84%,$0.12B,$0.74B,15.32%,$66,$20,$46,$0,$16,$40,$26,$-5,$23,$6,$17,$17,$17,$30,$26,$50,50,$0.34,$0.34,$207,$0,$23,$259,$0,$418,$0,$3,$455,$868,$60,$313,$53,$383,$443,$100,$306,$0,$425,$868,$17,$4,$0,$4,$0,$0,$0,$0,$-2,$34,$-3,$0,$0,$0,$0,$-7,$1,$-9,$0,$0,$0,$0,$-2,$0,$-5,$-7,$19,$0,$0
15,2014-12-31,32.39,$0.00,0.0,$5.51,5.88,$4.78,6.77,$1.52,21.31,$0.23B,$0.06B,4.1,$0.32B,$0.42B,0.77,$0.27B,$0.19B,68.13%,$0.27B,$0.12B,43.59%,$0.27B,$0.12B,43.59%,$0.27B,$0.14B,49.45%,$0.27B,$0.09B,31.14%,$0.27B,$0.08B,27.84%,$0.08B,$0.42B,17.02%,$0.08B,$0.42B,17.02%,$0.08B,$0.84B,8.21%,$0.12B,$0.73B,15.14%,$66,$33,$32,$0,$-8,$29,$37,$-6,$9,$-4,$13,$19,$19,$40,$37,$49,49,$0.38,$0.38,$191,$0,$2,$231,$0,$419,$0,$3,$457,$843,$56,$317,$41,$371,$428,$101,$308,$0,$415,$843,$0,$15,$0,$15,$0,$0,$0,$0,$-18,$109,$-12,$0,$0,$0,$0,$-20,$6,$-25,$0,$0,$108,$0,$-91,$0,$-14,$2,$86,$0,$0
16,2014-09-30,31.49,$0.00,0.0,$5.58,5.65,$4.38,7.19,$1.84,17.11,$0.26B,$0.06B,4.12,$0.36B,$0.44B,0.8,$0.28B,$0.20B,71.22%,$0.28B,$0.10B,35.25%,$0.28B,$0.10B,35.25%,$0.28B,$0.12B,41.37%,$0.28B,$0.09B,32.37%,$0.28B,$0.09B,33.09%,$0.09B,$0.44B,19.70%,$0.09B,$0.44B,19.70%,$0.09B,$0.93B,9.90%,$0.10B,$0.80B,12.48%,$74,$15,$59,$0,$25,$44,$30,$-3,$29,$8,$21,$20,$20,$34,$30,$50,50,$0.41,$0.41,$198,$0,$28,$256,$0,$471,$0,$3,$507,$931,$62,$356,$49,$426,$488,$113,$307,$0,$443,$931,$57,$12,$0,$12,$0,$0,$0,$0,$0,$90,$-6,$0,$0,$0,$0,$0,$-13,$-19,$0,$0,$0,$0,$-12,$0,$23,$11,$81,$0,$0
17,2014-06-30,28.76,$0.00,0.0,$5.43,5.3,$3.80,7.58,$1.78,16.16,$0.41B,$0.13B,3.1,$0.46B,$0.43B,1.07,$0.27B,$0.19B,69.37%,$0.27B,$0.10B,35.42%,$0.27B,$0.10B,35.42%,$0.27B,$0.11B,41.70%,$0.27B,$0.09B,31.73%,$0.27B,$0.09B,33.21%,$0.09B,$0.43B,19.13%,$0.09B,$0.43B,19.13%,$0.09B,$1.08B,9.87%,$0.10B,$0.89B,12.67%,$69,$15,$54,$0,$22,$41,$28,$-3,$25,$8,$16,$17,$17,$33,$28,$50,50,$0.33,$0.33,$346,$0,$34,$407,$0,$472,$0,$2,$506,$1082,$131,$460,$42,$522,$653,$114,$289,$0,$429,$1082,$36,$8,$0,$8,$0,$0,$0,$0,$3,$46,$-5,$0,$0,$0,$0,$0,$-9,$-13,$0,$0,$296,$0,$-8,$0,$-92,$195,$228,$0,$0
18,2014-03-31,25.81,$0.00,0.0,$5.32,4.85,$3.82,6.76,$1.78,14.5,$0.18B,$0.07B,2.76,$0.22B,$0.50B,0.45,$0.27B,$0.18B,66.79%,$0.27B,$0.09B,34.70%,$0.27B,$0.09B,34.70%,$0.27B,$0.11B,40.67%,$0.27B,$0.08B,30.97%,$0.27B,$0.09B,33.58%,$0.09B,$0.50B,18.87%,$0.09B,$0.50B,18.87%,$0.09B,$0.85B,10.41%,$0.09B,$0.72B,13.12%,$64,$22,$41,$0,$14,$40,$24,$-1,$22,$3,$20,$20,$20,$28,$24,$49,49,$0.40,$0.40,$116,$0,$38,$182,$0,$463,$0,$2,$499,$846,$66,$224,$38,$281,$347,$203,$268,$0,$499,$846,$19,$4,$0,$4,$0,$0,$0,$0,$-15,$16,$-2,$0,$0,$0,$0,$-5,$1,$-6,$0,$-1,$0,$0,$-5,$0,$-5,$-10,$-0,$0,$0
19,2013-12-31,23.8,$0.00,0.0,$5.33,4.46,$3.95,6.02,$1.75,13.6,$0.17B,$0.07B,2.48,$0.23B,$0.50B,0.47,$0.27B,$0.18B,68.40%,$0.27B,$0.10B,35.32%,$0.27B,$0.10B,35.32%,$0.27B,$0.11B,41.26%,$0.27B,$0.08B,31.23%,$0.27B,$0.09B,33.09%,$0.09B,$0.50B,18.41%,$0.09B,$0.50B,18.41%,$0.09B,$0.86B,10.05%,$0.10B,$0.73B,13.23%,$71,$26,$44,$0,$25,$55,$16,$-3,$14,$-22,$36,$35,$35,$20,$16,$50,50,$0.70,$0.70,$120,$0,$10,$174,$0,$478,$0,$2,$516,$860,$70,$233,$38,$293,$363,$211,$253,$0,$497,$860,$89,$16,$0,$16,$0,$0,$0,$0,$-57,$80,$-1,$0,$0,$0,$0,$-28,$6,$-24,$0,$0,$80,$0,$-2,$0,$-104,$-26,$30,$0,$0
20,2013-09-30,22.95,$0.00,0.0,$5.29,4.34,$4.04,5.68,$1.45,15.83,$0.21B,$0.11B,2.02,$0.23B,$0.46B,0.51,$0.27B,$0.19B,69.29%,$0.27B,$0.10B,38.58%,$0.27B,$0.10B,38.58%,$0.27B,$0.12B,44.57%,$0.27B,$0.09B,34.08%,$0.27B,$0.07B,27.72%,$0.07B,$0.46B,15.38%,$0.07B,$0.46B,15.38%,$0.07B,$0.86B,8.57%,$0.10B,$0.69B,15.00%,$67,$19,$49,$0,$16,$39,$28,$-4,$25,$7,$18,$18,$18,$32,$28,$50,50,$0.35,$0.35,$157,$0,$26,$212,$0,$468,$0,$2,$483,$859,$105,$231,$40,$297,$402,$209,$214,$0,$457,$859,$52,$12,$0,$12,$0,$0,$0,$0,$-41,$56,$-1,$0,$0,$0,$0,$-16,$4,$-12,$0,$79,$0,$0,$0,$-46,$-9,$24,$68,$0,$0
21,2013-06-30,22.31,$0.00,0.0,$5.19,4.3,$4.10,5.44,$1.44,15.49,$0.21B,$0.12B,1.78,$0.24B,$0.46B,0.53,$0.26B,$0.18B,69.47%,$0.26B,$0.10B,38.93%,$0.26B,$0.10B,38.93%,$0.26B,$0.12B,44.66%,$0.26B,$0.09B,34.73%,$0.26B,$0.07B,27.86%,$0.07B,$0.46B,15.07%,$0.07B,$0.46B,15.07%,$0.07B,$0.89B,8.76%,$0.10B,$0.69B,15.44%,$66,$21,$45,$0,$17,$41,$25,$-4,$22,$4,$17,$17,$17,$29,$25,$52,52,$0.33,$0.33,$168,$0,$14,$211,$0,$483,$0,$2,$513,$894,$119,$240,$42,$321,$439,$217,$202,$0,$455,$894,$35,$8,$0,$8,$0,$0,$0,$0,$-20,$44,$1,$0,$0,$0,$0,$-11,$3,$-7,$0,$0,$74,$0,$0,$0,$-36,$39,$76,$0,$0
22,2013-03-31,27.27,$0.00,0.0,$5.00,5.45,$3.93,6.94,$1.35,20.2,$0.27B,$0.10B,2.65,$0.24B,$0.53B,0.45,$0.25B,$0.18B,70.28%,$0.25B,$0.10B,38.55%,$0.25B,$0.10B,38.55%,$0.25B,$0.11B,44.18%,$0.25B,$0.09B,34.94%,$0.25B,$0.07B,27.31%,$0.07B,$0.53B,14.14%,$0.07B,$0.53B,14.14%,$0.07B,$0.93B,8.71%,$0.10B,$0.76B,15.35%,$65,$19,$46,$0,$16,$39,$26,$-1,$23,$5,$18,$19,$19,$30,$26,$50,50,$0.37,$0.37,$229,$0,$17,$269,$0,$474,$0,$2,$491,$931,$101,$236,$41,$304,$406,$308,$183,$0,$525,$931,$18,$4,$0,$4,$0,$0,$0,$0,$-4,$22,$-1,$0,$0,$0,$0,$-4,$1,$-4,$0,$150,$0,$0,$0,$0,$-2,$148,$138,$0,$0
23,2012-12-31,17.76,$0.00,0.0,$4.80,3.7,$3.99,4.45,$1.27,13.98,$0.13B,$0.10B,1.37,$0.12B,$0.49B,0.24,$0.24B,$0.17B,69.75%,$0.24B,$0.09B,37.39%,$0.24B,$0.09B,37.39%,$0.24B,$0.10B,43.28%,$0.24B,$0.09B,35.71%,$0.24B,$0.06B,26.47%,$0.06B,$0.49B,13.39%,$0.06B,$0.49B,13.39%,$0.06B,$0.77B,8.64%,$0.09B,$0.60B,15.22%,$69,$24,$45,$0,$17,$45,$24,$-1,$21,$1,$20,$20,$20,$28,$24,$50,50,$0.40,$0.40,$88,$0,$21,$131,$0,$449,$0,$2,$476,$770,$95,$115,$35,$187,$282,$297,$159,$0,$488,$770,$84,$14,$0,$14,$0,$0,$0,$0,$-8,$89,$-4,$0,$0,$0,$0,$-20,$2,$-22,$0,$0,$-42,$0,$1,$-15,$37,$-19,$48,$0,$0
24,2012-09-30,14.66,$0.00,0.0,$4.64,3.16,$3.35,4.37,$1.23,11.92,$0.11B,$0.08B,1.27,$0.12B,$0.47B,0.25,$0.23B,$0.17B,75.65%,$0.23B,$0.08B,36.52%,$0.23B,$0.08B,36.52%,$0.23B,$0.10B,42.17%,$0.23B,$0.08B,35.65%,$0.23B,$0.06B,26.52%,$0.06B,$0.47B,12.94%,$0.06B,$0.47B,12.94%,$0.06B,$0.74B,8.48%,$0.08B,$0.59B,14.29%,$62,$16,$46,$0,$16,$35,$27,$-1,$25,$8,$17,$17,$17,$30,$27,$50,50,$0.34,$0.34,$60,$0,$21,$106,$0,$441,$0,$2,$467,$737,$84,$115,$31,$183,$267,$296,$140,$0,$470,$737,$63,$10,$0,$10,$0,$0,$0,$0,$-17,$61,$-4,$0,$0,$0,$0,$-10,$1,$-13,$0,$30,$0,$0,$1,$-15,$-44,$-28,$20,$0,$0
25,2012-06-30,13.39,$0.00,0.0,$4.44,3.02,$2.93,4.57,$1.10,12.17,$0.07B,$0.05B,1.35,$0.11B,$0.44B,0.25,$0.22B,$0.16B,72.60%,$0.22B,$0.08B,34.25%,$0.22B,$0.08B,34.25%,$0.22B,$0.09B,40.18%,$0.22B,$0.07B,33.33%,$0.22B,$0.05B,24.66%,$0.05B,$0.44B,11.38%,$0.05B,$0.44B,11.38%,$0.05B,$0.68B,7.52%,$0.08B,$0.55B,12.65%,$53,$15,$38,$0,$16,$34,$19,$-2,$18,$6,$12,$12,$12,$22,$19,$49,49,$0.24,$0.24,$27,$0,$20,$71,$0,$430,$0,$26,$480,$684,$52,$112,$44,$192,$244,$291,$119,$0,$440,$684,$38,$7,$0,$7,$0,$0,$0,$0,$-14,$34,$-1,$0,$0,$0,$0,$-7,$1,$-7,$0,$16,$0,$0,$1,$-15,$-4,$-38,$-12,$0,$0
26,2012-03-31,12.37,$0.00,0.0,$4.54,2.73,$2.73,4.53,$1.08,11.45,$0.11B,$0.06B,1.72,$0.12B,$0.48B,0.24,$0.23B,$0.16B,68.58%,$0.23B,$0.08B,33.63%,$0.23B,$0.08B,33.63%,$0.23B,$0.09B,39.82%,$0.23B,$0.07B,31.42%,$0.23B,$0.05B,23.45%,$0.05B,$0.48B,10.89%,$0.05B,$0.48B,10.89%,$0.05B,$0.72B,7.26%,$0.08B,$0.60B,12.73%,$54,$16,$37,$0,$14,$34,$19,$1,$21,$7,$14,$14,$14,$23,$19,$48,48,$0.29,$0.29,$64,$0,$23,$110,$0,$450,$0,$4,$453,$724,$64,$115,$50,$177,$241,$341,$271,$0,$484,$724,$21,$3,$0,$3,$0,$0,$0,$0,$-3,$23,$-0,$0,$0,$0,$0,$-6,$0,$-6,$0,$16,$0,$0,$0,$-8,$-2,$7,$24,$0,$0
27,2011-12-31,9.57,$0.00,0.0,$4.46,2.15,$2.46,3.89,$1.12,8.54,$0.09B,$0.05B,1.78,$0.12B,$0.49B,0.25,$0.23B,$0.15B,65.93%,$0.23B,$0.08B,33.19%,$0.23B,$0.08B,33.19%,$0.23B,$0.09B,38.94%,$0.23B,$0.07B,28.76%,$0.23B,$0.06B,24.78%,$0.06B,$0.49B,11.42%,$0.06B,$0.49B,11.42%,$0.06B,$0.73B,7.71%,$0.08B,$0.62B,12.67%,$61,$8,$53,$0,$31,$42,$19,$2,$18,$0,$18,$18,$18,$22,$19,$50,50,$0.36,$0.36,$42,$0,$20,$91,$0,$468,$0,$4,$472,$732,$51,$124,$55,$189,$240,$356,$271,$0,$492,$732,$65,$13,$0,$13,$0,$0,$0,$0,$-29,$55,$-3,$0,$0,$0,$0,$-32,$0,$-35,$0,$37,$0,$0,$0,$-32,$-9,$-4,$17,$0,$0
28,2011-09-30,9.81,$0.00,0.0,$4.56,2.15,$2.20,4.45,$1.35,7.27,$0.09B,$0.05B,1.64,$0.12B,$0.48B,0.26,$0.23B,$0.10B,42.67%,$0.23B,$0.05B,21.12%,$0.23B,$0.05B,21.12%,$0.23B,$0.07B,30.17%,$0.23B,$0.05B,22.84%,$0.23B,$0.07B,29.31%,$0.07B,$0.48B,13.02%,$0.07B,$0.48B,13.02%,$0.07B,$0.73B,9.07%,$0.05B,$0.61B,8.01%,$51,$20,$31,$0,$11,$34,$18,$-6,$16,$5,$11,$10,$10,$21,$18,$50,50,$0.21,$0.21,$47,$0,$21,$89,$0,$469,$0,$4,$473,$733,$54,$123,$58,$197,$251,$0,$254,$0,$482,$733,$46,$10,$0,$10,$0,$0,$0,$0,$-23,$38,$-2,$0,$0,$0,$0,$-20,$1,$-21,$0,$35,$0,$0,$-1,$-25,$-6,$4,$21,$0,$0
29,2011-06-30,12.98,$0.00,0.0,$4.34,2.99,$2.03,6.4,$1.32,9.83,$0.07B,$0.09B,0.77,$0.08B,$0.49B,0.16,$0.22B,$0.10B,44.09%,$0.22B,$0.03B,13.18%,$0.22B,$0.03B,13.18%,$0.22B,$0.06B,25.45%,$0.22B,$0.04B,18.18%,$0.22B,$0.07B,30.45%,$0.07B,$0.49B,12.23%,$0.07B,$0.49B,12.23%,$0.07B,$0.73B,8.73%,$0.03B,$0.57B,4.65%,$60,$25,$34,$0,$11,$40,$20,$-3,$16,$5,$11,$11,$11,$24,$20,$51,51,$0.22,$0.22,$22,$0,$22,$69,$0,$483,$0,$3,$486,$732,$89,$80,$60,$155,$244,$0,$252,$0,$488,$732,$31,$7,$0,$7,$0,$0,$0,$0,$-16,$26,$-1,$0,$0,$0,$0,$-16,$0,$-17,$0,$8,$0,$0,$0,$-17,$-4,$-13,$-4,$0,$0
30,2011-03-31,11.14,$0.00,0.0,$3.97,2.81,$1.63,6.82,$1.23,9.06,$0.07B,$0.06B,1.14,$0.08B,$0.50B,0.16,$0.20B,$0.10B,47.03%,$0.20B,$0.02B,10.89%,$0.20B,$0.02B,10.89%,$0.20B,$0.05B,26.73%,$0.20B,$0.04B,17.33%,$0.20B,$0.06B,31.19%,$0.06B,$0.50B,10.95%,$0.06B,$0.50B,10.95%,$0.06B,$0.71B,7.96%,$0.02B,$0.58B,3.41%,$54,$23,$31,$0,$10,$35,$18,$-2,$15,$5,$10,$17,$17,$21,$18,$52,52,$0.33,$0.33,$23,$0,$21,$65,$0,$466,$0,$3,$469,$708,$57,$79,$59,$151,$209,$0,$123,$0,$499,$708,$15,$3,$0,$3,$0,$0,$0,$0,$-8,$12,$-1,$0,$0,$0,$0,$-4,$0,$-5,$0,$1,$0,$0,$-0,$-8,$-2,$-10,$-3,$0,$0
31,2010-12-31,11.32,$0.00,0.0,$3.77,3.0,$1.35,8.38,$1.07,10.58,$0.07B,$0.06B,1.14,$0.08B,$0.62B,0.12,$0.19B,$0.10B,51.05%,$0.19B,$0.02B,10.00%,$0.19B,$0.02B,10.00%,$0.19B,$0.06B,29.47%,$0.19B,$0.03B,16.84%,$0.19B,$0.06B,28.95%,$0.06B,$0.62B,9.12%,$0.06B,$0.62B,9.12%,$0.06B,$0.83B,6.74%,$0.02B,$0.70B,2.86%,$67,$65,$3,$-1,$1,$74,$-7,$-3,$6,$-24,$29,$30,$30,$4,$-7,$51,51,$0.59,$0.59,$25,$0,$23,$66,$0,$574,$0,$3,$577,$826,$59,$76,$4,$148,$206,$0,$97,$0,$620,$826,$32,$37,$0,$37,$0,$0,$0,$0,$-26,$48,$-8,$0,$0,$0,$0,$-35,$1,$-42,$0,$34,$0,$0,$1,$-32,$-7,$-3,$4,$0,$0
32,2010-09-30,10.58,$0.00,0.0,$3.20,3.31,$0.89,11.86,$0.73,14.49,$0.07B,$0.06B,1.19,$0.07B,$0.58B,0.12,$0.16B,$0.12B,75.78%,$0.16B,$0.04B,21.74%,$0.16B,$0.04B,21.74%,$0.16B,$0.07B,42.86%,$0.16B,$0.04B,21.74%,$0.16B,$0.04B,23.60%,$0.04B,$0.58B,6.43%,$0.04B,$0.58B,6.43%,$0.04B,$0.80B,4.75%,$0.04B,$0.65B,5.46%,$39,$10,$29,$0,$22,$41,$-2,$-1,$3,$3,$-0,$9,$9,$7,$-2,$48,48,$0.18,$0.18,$31,$0,$15,$69,$0,$555,$0,$3,$558,$803,$58,$67,$3,$161,$219,$0,$67,$0,$584,$803,$26,$26,$0,$26,$0,$0,$0,$0,$-20,$36,$-9,$0,$0,$0,$0,$-17,$1,$-26,$0,$26,$0,$0,$1,$-23,$-5,$-1,$10,$0,$0
33,2010-06-30,9.1,$0.00,0.0,$3.11,2.92,$0.80,11.31,$0.74,12.3,$0.08B,$0.08B,1.0,$0.06B,$0.60B,0.1,$0.16B,$0.12B,76.88%,$0.16B,$0.05B,31.88%,$0.16B,$0.05B,31.88%,$0.16B,$0.08B,52.50%,$0.16B,$0.04B,26.88%,$0.16B,$0.04B,24.38%,$0.04B,$0.60B,6.67%,$0.04B,$0.60B,6.67%,$0.04B,$0.83B,4.95%,$0.05B,$0.66B,8.15%,$42,$10,$32,$1,$9,$30,$13,$-1,$11,$4,$7,$7,$7,$22,$13,$52,52,$0.13,$0.13,$24,$0,$14,$75,$0,$569,$0,$3,$572,$827,$75,$58,$3,$153,$228,$0,$102,$0,$599,$827,$23,$18,$0,$18,$0,$0,$0,$0,$-32,$12,$-8,$0,$0,$0,$0,$-6,$1,$-13,$0,$22,$0,$0,$1,$-16,$-4,$3,$2,$0,$0
34,2010-03-31,10.68,$0.00,0.0,$3.01,3.55,$0.94,11.41,$0.69,15.48,$0.07B,$0.06B,1.14,$0.04B,$0.61B,0.07,$0.15B,$0.12B,76.82%,$0.15B,$0.05B,30.46%,$0.15B,$0.05B,30.46%,$0.15B,$0.08B,51.66%,$0.15B,$0.04B,26.49%,$0.15B,$0.04B,23.84%,$0.04B,$0.61B,6.29%,$0.04B,$0.61B,6.29%,$0.04B,$0.81B,4.68%,$0.05B,$0.65B,7.58%,$42,$9,$33,$0,$10,$27,$15,$-1,$12,$4,$8,$9,$9,$23,$15,$50,50,$0.17,$0.17,$18,$0,$15,$70,$0,$563,$0,$3,$566,$807,$62,$44,$3,$135,$197,$0,$96,$0,$610,$807,$12,$9,$0,$9,$0,$0,$0,$0,$-26,$-4,$-0,$0,$0,$0,$0,$0,$-4,$-4,$0,$13,$0,$0,$1,$-8,$-2,$5,$-3,$0,$0
35,2009-12-31,9.35,$0.00,0.0,$2.85,3.28,$1.01,9.22,$0.73,12.81,$0.07B,$0.08B,0.85,$0.03B,$0.57B,0.05,$0.15B,$0.11B,76.55%,$0.15B,$0.05B,31.03%,$0.15B,$0.05B,31.03%,$0.15B,$0.08B,52.41%,$0.15B,$0.04B,27.59%,$0.15B,$0.04B,26.21%,$0.04B,$0.57B,6.86%,$0.04B,$0.57B,6.86%,$0.04B,$0.76B,5.13%,$0.05B,$0.60B,7.76%,$38,$10,$28,$0,$10,$28,$9,$0,$9,$-3,$13,$13,$13,$17,$9,$51,51,$0.25,$0.25,$20,$0,$14,$66,$0,$532,$0,$3,$536,$764,$77,$31,$3,$117,$194,$0,$83,$0,$570,$764,$41,$31,$0,$31,$0,$0,$0,$0,$-40,$32,$-16,$0,$0,$0,$0,$0,$-27,$-43,$0,$40,$0,$0,$5,$-31,$-3,$12,$1,$0,$0
36,2009-09-30,8.76,$0.00,0.0,$2.84,3.08,$-1.74,0.0,$0.55,15.92,$0.06B,$0.08B,0.8,$0.03B,$0.56B,0.06,$0.14B,$0.11B,76.43%,$0.14B,$0.04B,30.00%,$0.14B,$0.04B,30.00%,$0.14B,$0.07B,51.43%,$0.14B,$0.04B,26.43%,$0.14B,$0.03B,20.00%,$0.03B,$0.56B,4.81%,$0.03B,$0.56B,4.81%,$0.03B,$0.76B,3.62%,$0.04B,$0.59B,6.98%,$38,$8,$30,$0,$9,$25,$14,$-1,$11,$3,$8,$10,$10,$22,$14,$53,53,$0.19,$0.19,$17,$0,$16,$60,$0,$534,$0,$4,$538,$756,$75,$31,$3,$120,$195,$0,$72,$0,$561,$756,$33,$23,$0,$23,$0,$0,$0,$0,$-29,$25,$0,$0,$0,$0,$0,$-43,$2,$-42,$0,$41,$0,$0,$-0,$-24,$-3,$14,$-2,$0,$0
37,2009-06-30,7.09,$0.00,0.0,$3.03,2.34,$-4.36,0.0,$0.60,11.81,$0.06B,$0.08B,0.78,$0.03B,$0.55B,0.06,$0.15B,$0.11B,75.33%,$0.15B,$0.05B,30.00%,$0.15B,$0.05B,30.00%,$0.15B,$0.08B,50.00%,$0.15B,$0.04B,28.00%,$0.15B,$0.03B,20.67%,$0.03B,$0.55B,4.97%,$0.03B,$0.55B,6.78%,$0.03B,$0.75B,3.79%,$0.05B,$0.58B,7.08%,$33,$9,$25,$0,$9,$25,$8,$0,$8,$5,$4,$4,$4,$16,$8,$47,47,$0.08,$0.08,$23,$0,$13,$59,$0,$530,$0,$3,$533,$747,$76,$33,$3,$121,$198,$460,$64,$0,$549,$747,$21,$15,$0,$15,$0,$0,$0,$0,$-27,$10,$0,$0,$0,$0,$0,$-26,$1,$-25,$0,$38,$0,$0,$-1,$-16,$-2,$18,$4,$0,$0
38,2009-03-31,4.88,$0.00,0.0,$3.33,1.46,$-6.18,0.0,$0.71,6.87,$0.06B,$0.07B,0.91,$0.01B,$0.54B,0.02,$0.17B,$0.13B,75.76%,$0.17B,$0.05B,32.12%,$0.17B,$0.05B,32.12%,$0.17B,$0.09B,51.52%,$0.17B,$0.05B,31.52%,$0.17B,$0.04B,21.82%,$0.04B,$0.54B,5.43%,$0.04B,$0.54B,10.83%,$0.04B,$0.70B,4.19%,$0.05B,$0.55B,7.95%,$36,$7,$28,$0,$7,$21,$14,$-1,$12,$1,$10,$11,$11,$21,$14,$52,52,$0.21,$0.21,$16,$0,$21,$63,$0,$492,$0,$3,$495,$697,$69,$12,$3,$93,$162,$428,$0,$0,$535,$697,$12,$7,$0,$7,$0,$0,$0,$0,$-19,$0,$0,$0,$0,$0,$0,$-7,$0,$-7,$0,$14,$0,$0,$-1,$-7,$-1,$5,$-2,$0,$0
39,2008-12-31,7.33,$0.00,0.0,$3.62,2.03,$-6.33,0.0,$1.02,7.18,$0.09B,$0.11B,0.81,$0.00B,$0.69B,0.0,$0.18B,$0.13B,76.14%,$0.18B,$0.06B,32.95%,$0.18B,$0.06B,32.95%,$0.18B,$0.09B,51.70%,$0.18B,$0.07B,40.34%,$0.18B,$0.05B,28.41%,$0.05B,$0.69B,7.04%,$0.05B,$0.69B,18.57%,$0.05B,$0.90B,5.51%,$0.06B,$0.69B,8.17%,$33,$8,$24,$1,$10,$27,$6,$-5,$6,$4,$2,$3,$3,$13,$6,$45,45,$0.07,$0.07,$23,$0,$26,$85,$0,$633,$0,$4,$637,$898,$105,$0,$4,$108,$212,$0,$126,$0,$685,$898,$71,$33,$0,$33,$0,$0,$0,$0,$0,$69,$-179,$0,$0,$0,$0,$0,$10,$-169,$0,$12,$0,$0,$-5,$-39,$-4,$-36,$-136,$0,$0
40,2008-09-30,7.75,$0.00,0.0,$3.79,2.05,$-3.14,0.0,$0.23,33.69,$0.09B,$0.08B,1.05,$0.00B,$0.73B,0.0,$0.19B,$0.14B,76.60%,$0.19B,$0.06B,34.04%,$0.19B,$0.06B,34.04%,$0.19B,$0.10B,53.72%,$0.19B,$0.08B,44.15%,$0.19B,$0.01B,5.85%,$0.01B,$0.73B,1.55%,$0.01B,$0.06B,6.85%,$0.01B,$0.93B,1.23%,$0.06B,$0.73B,9.02%,$48,$12,$36,$1,$10,$32,$17,$-1,$16,$3,$13,$13,$13,$25,$17,$53,53,$0.24,$0.24,$28,$0,$15,$86,$0,$0,$668,$1,$669,$927,$82,$0,$5,$118,$200,$0,$97,$0,$727,$927,$66,$26,$0,$26,$0,$0,$0,$0,$-32,$43,$-155,$0,$0,$0,$0,$0,$8,$-147,$0,$0,$0,$0,$-4,$-31,$-3,$-38,$-142,$0,$0
41,2008-06-30,10.57,$0.00,0.0,$3.76,2.81,$0.29,36.81,$0.24,44.05,$0.09B,$0.10B,0.96,$0.00B,$0.71B,0.0,$0.18B,$0.14B,77.17%,$0.18B,$0.07B,35.33%,$0.18B,$0.07B,35.33%,$0.18B,$0.10B,54.89%,$0.18B,$0.09B,46.74%,$0.18B,$0.01B,5.43%,$0.01B,$0.71B,1.42%,$0.01B,$0.05B,4.64%,$0.01B,$0.92B,1.15%,$0.07B,$0.71B,9.20%,$48,$11,$37,$2,$10,$32,$16,$2,$18,$9,$9,$9,$9,$26,$16,$48,48,$0.19,$0.19,$38,$0,$13,$93,$0,$0,$656,$1,$657,$917,$97,$0,$5,$114,$210,$0,$84,$0,$707,$917,$50,$17,$0,$17,$0,$0,$0,$0,$-32,$35,$-112,$0,$0,$0,$0,$0,$-29,$-141,$0,$0,$0,$0,$-4,$-20,$0,$-24,$-130,$0,$0
42,2008-03-31,14.11,$0.00,0.0,$3.51,4.02,$2.35,6.0,$0.33,42.75,$0.18B,$0.06B,3.02,$0.00B,$0.72B,0.0,$0.17B,$0.13B,76.30%,$0.17B,$0.06B,35.26%,$0.17B,$0.06B,35.26%,$0.17B,$0.09B,54.34%,$0.17B,$0.09B,50.87%,$0.17B,$0.02B,8.67%,$0.02B,$0.72B,2.13%,$0.02B,$0.28B,5.58%,$0.02B,$0.89B,1.77%,$0.06B,$0.72B,8.65%,$47,$10,$37,$1,$9,$28,$19,$12,$31,$6,$25,$25,$25,$27,$19,$48,48,$0.52,$0.52,$145,$0,$6,$184,$0,$0,$438,$1,$439,$887,$61,$0,$5,$106,$167,$0,$146,$0,$720,$887,$31,$8,$0,$8,$0,$0,$0,$0,$-7,$23,$-30,$0,$0,$0,$0,$0,$4,$-27,$0,$0,$0,$0,$-0,$-14,$-1,$-15,$-19,$0,$0
43,2007-12-31,15.77,$0.00,0.0,$3.29,4.8,$2.75,5.75,$0.03,525.82,$0.19B,$0.04B,5.12,$0.00B,$0.68B,0.0,$0.16B,$0.12B,75.31%,$0.16B,$0.05B,33.33%,$0.16B,$0.05B,33.33%,$0.16B,$0.09B,52.47%,$0.16B,$0.07B,45.68%,$0.16B,$0.00B,0.62%,$0.00B,$0.68B,0.14%,$0.00B,$0.25B,0.37%,$0.00B,$0.84B,0.12%,$0.05B,$0.68B,7.65%,$45,$10,$34,$-1,$12,$32,$12,$2,$18,$53,$-35,$-36,$-36,$23,$12,$50,50,$-0.72,$-0.72,$161,$0,$6,$191,$0,$0,$435,$1,$436,$836,$37,$0,$6,$115,$152,$0,$93,$0,$684,$836,$3,$31,$0,$31,$0,$0,$0,$0,$14,$98,$-60,$0,$0,$0,$0,$0,$0,$-60,$0,$0,$0,$0,$-9,$-21,$0,$-30,$8,$0,$0
44,2007-09-30,17.98,$0.00,0.0,$3.17,5.67,$2.51,7.16,$0.89,20.2,$0.21B,$0.05B,4.38,$0.00B,$0.72B,0.0,$0.16B,$0.13B,81.29%,$0.16B,$0.08B,51.61%,$0.16B,$0.08B,51.61%,$0.16B,$0.10B,64.52%,$0.16B,$0.09B,60.65%,$0.16B,$0.04B,28.39%,$0.04B,$0.72B,6.17%,$0.04B,$0.28B,15.94%,$0.04B,$0.84B,5.40%,$0.08B,$0.72B,11.22%,$44,$9,$34,$0,$9,$26,$18,$1,$19,$7,$12,$12,$12,$25,$18,$49,49,$0.25,$0.25,$173,$0,$9,$208,$0,$0,$436,$1,$437,$835,$47,$0,$6,$72,$120,$0,$136,$0,$715,$835,$38,$20,$0,$20,$0,$0,$0,$0,$37,$102,$-39,$0,$0,$0,$0,$0,$0,$-39,$0,$0,$0,$0,$0,$-39,$0,$-39,$24,$0,$0
