,Date,Stock Price,Book Value per Share,Price to Book Ratio,TTM Sales per Share,Price to Sales Ratio,TTM FCF per Share,Price to FCF Ratio,TTM Net EPS,PE Ratio,Current Assets,Current Liabilities,Current Ratio,Long Term Debt,Shareholder's Equity_x,Debt to Equity Ratio,TTM Revenue_x,TTM Gross Profit,Gross Margin,TTM Revenue_y,TTM Operating Income,Operating Margin,TTM Revenue_x,TTM EBIT,EBIT Margin,TTM Revenue_y,TTM EBITDA,EBITDA Margin,TTM Revenue_x,TTM Pre-Tax Income,Pre-Tax Margin,TTM Revenue_y,TTM Net Income_x,Net Margin,TTM Net Income_y,Shareholder's Equity_y,Return on Equity,TTM Net Income_x,Tangible Equity,Return on Tangible Equity,TTM Net Income_y,Total Assets,Return on Assets,TTM Net Income,LT Investments & Debt,Return on Investment,revenue,cost-goods-sold,gross-profit,research-development-expenses,selling-general-administrative-expenses,operating-expenses,operating-income,total-non-operating-income-expense,pre-tax-income,total-provision-income-taxes,income-after-taxes,income-from-continuous-operations,net-income,ebitda,ebit,basic-shares-outstanding,shares-outstanding,eps-basic-net-earnings-per-share,eps-earnings-per-share-diluted,cash-on-hand,inventory,other-current-assets,total-current-assets,net-property-plant-equipment,long-term-investments,goodwill-intangible-assets-total,other-long-term-assets,total-long-term-assets,total-assets,total-current-liabilities,long-term-debt,other-non-current-liabilities,total-long-term-liabilities,total-liabilities,common-stock-net,retained-earnings-accumulated-deficit,comprehensive-income,total-share-holder-equity,total-liabilities-share-holders-equity,net-income-loss,total-depreciation-amortization-cash-flow,other-non-cash-items,total-non-cash-items,change-in-accounts-receivable,change-in-inventories,change-in-accounts-payable,change-in-assets-liabilities,total-change-in-assets-liabilities,cash-flow-from-operating-activities,net-change-in-property-plant-equipment,net-change-in-intangible-assets,net-acquisitions-divestitures,net-change-in-short-term-investments,net-change-in-long-term-investments,net-change-in-investments-total,investing-activities-other,cash-flow-from-investing-activities,net-long-term-debt,net-current-debt,debt-issuance-retirement-net-total,net-common-equity-issued-repurchased,net-total-equity-issued-repurchased,total-common-preferred-stock-dividends-paid,financial-activities-other,cash-flow-from-financial-activities,net-cash-flow,stock-based-compensation,common-stock-dividends-paid
0,2018-09-30,24.41,$-1.82,-13.44,$0.46,52.61,$-3.56,0.0,$-2.47,0.0,$0.07B,$0.03B,2.68,$0.13B,$-0.09B,-1.48,$0.02B,$0.02B,91.30%,$0.02B,$-0.11B,-469.57%,$0.02B,$-0.11B,-469.57%,$0.02B,$-0.11B,-460.87%,$0.02B,$-0.12B,-521.74%,$0.02B,$-0.12B,-521.74%,$-0.12B,$-0.09B,271.19%,$-0.12B,$-0.09B,271.19%,$-0.12B,$0.08B,-124.03%,$-0.11B,$0.04B,-170.75%,$5,$0,$5,$27,$13,$40,$-35,$-4,$-39,$0,$-39,$-39,$-39,$-35,$-35,$49,49,$-0.81,$-0.81,$55,$0,$0,$66,$3,$0,$0,$6,$10,$76,$25,$132,$0,$140,$165,$0,$-627,$0,$-89,$76,$-103,$1,$13,$14,$15,$0,$-2,$-3,$10,$-79,$-0,$0,$0,$0,$28,$28,$0,$28,$45,$-0,$44,$7,$7,$0,$0,$51,$-1,$9,$0
1,2018-06-30,18.14,$-1.16,-15.63,$0.84,21.66,$-2.62,0.0,$-1.82,0.0,$0.10B,$0.02B,3.95,$0.13B,$-0.06B,-2.31,$0.04B,$0.04B,92.50%,$0.04B,$-0.08B,-195.00%,$0.04B,$-0.08B,-195.00%,$0.04B,$-0.08B,-190.00%,$0.04B,$-0.09B,-220.00%,$0.04B,$-0.09B,-220.00%,$-0.09B,$-0.06B,445.57%,$-0.09B,$-0.06B,445.57%,$-0.09B,$0.11B,-80.55%,$-0.08B,$0.07B,-103.31%,$2,$0,$2,$19,$13,$32,$-31,$-3,$-34,$0,$-34,$-34,$-34,$-30,$-31,$48,48,$-0.70,$-0.70,$88,$0,$0,$97,$2,$0,$0,$6,$10,$106,$24,$130,$0,$138,$163,$0,$-587,$0,$-56,$106,$-64,$0,$8,$9,$16,$0,$-2,$-1,$13,$-42,$-0,$0,$0,$0,$-5,$-5,$0,$-6,$45,$-0,$44,$3,$3,$0,$0,$47,$-1,$6,$0
2,2018-03-31,11.17,$-0.61,-18.46,$1.19,9.37,$-2.22,0.0,$-1.45,0.0,$0.08B,$0.03B,3.2,$0.09B,$-0.03B,-2.91,$0.06B,$0.05B,94.55%,$0.06B,$-0.06B,-107.27%,$0.06B,$-0.06B,-107.27%,$0.06B,$-0.06B,-105.45%,$0.06B,$-0.07B,-123.64%,$0.06B,$-0.07B,-123.64%,$-0.07B,$-0.03B,348.72%,$-0.07B,$-0.03B,348.72%,$-0.07B,$0.09B,-69.57%,$-0.06B,$0.06B,-92.19%,$2,$0,$1,$18,$11,$29,$-28,$-2,$-30,$0,$-30,$-30,$-30,$-27,$-28,$48,48,$-0.62,$-0.62,$73,$0,$0,$79,$2,$0,$0,$6,$10,$89,$25,$85,$0,$94,$118,$0,$-553,$0,$-29,$89,$-30,$0,$4,$4,$17,$0,$-2,$-1,$14,$-11,$-0,$0,$0,$0,$9,$9,$0,$9,$0,$-0,$-0,$1,$1,$0,$0,$1,$-2,$3,$0
3,2017-12-31,19.43,$-0.06,-332.71,$1.44,13.5,$-2.28,0.0,$-1.17,0.0,$0.11B,$0.03B,4.12,$0.08B,$-0.00B,-29.89,$0.07B,$0.06B,96.92%,$0.07B,$-0.04B,-67.69%,$0.07B,$-0.04B,-67.69%,$0.07B,$-0.04B,-67.69%,$0.07B,$-0.05B,-81.54%,$0.07B,$-0.05B,-81.54%,$-0.05B,$-0.00B,218.56%,$-0.05B,$-0.00B,218.56%,$-0.05B,$0.12B,-58.89%,$-0.04B,$0.08B,-75.86%,$14,$0,$13,$15,$12,$28,$-14,$-2,$-17,$0,$-17,$-17,$-17,$-14,$-14,$46,46,$-0.34,$-0.34,$84,$0,$0,$108,$2,$0,$0,$6,$8,$116,$26,$84,$0,$93,$119,$0,$-523,$0,$-3,$116,$-53,$1,$17,$17,$-5,$1,$10,$-5,$-0,$-36,$-0,$0,$0,$0,$-37,$-37,$0,$-38,$-0,$0,$-0,$75,$75,$0,$0,$75,$1,$13,$0
4,2017-09-30,21.62,$0.19,112.6,$1.46,14.85,$-2.75,0.0,$-1.28,0.0,$0.12B,$0.03B,4.78,$0.08B,$0.01B,8.99,$0.06B,$0.06B,98.44%,$0.06B,$-0.04B,-65.63%,$0.06B,$-0.04B,-65.63%,$0.06B,$-0.04B,-65.63%,$0.06B,$-0.06B,-87.50%,$0.06B,$-0.06B,-87.50%,$-0.06B,$0.01B,170.99%,$-0.06B,$0.01B,170.99%,$-0.06B,$0.13B,-72.03%,$-0.04B,$0.09B,-87.05%,$22,$0,$21,$15,$12,$27,$-5,$-2,$-7,$0,$-7,$-7,$-7,$-5,$-5,$46,46,$-0.16,$-0.16,$87,$1,$0,$118,$2,$0,$0,$6,$8,$126,$25,$83,$0,$92,$116,$0,$-507,$0,$9,$126,$-37,$0,$13,$13,$-13,$0,$8,$-4,$-8,$-32,$-0,$0,$0,$0,$-43,$-43,$0,$-43,$0,$-0,$-0,$74,$74,$0,$0,$74,$-1,$9,$0
5,2017-06-30,19.91,$-1.23,-16.13,$1.26,15.76,$-3.04,0.0,$-1.46,0.0,$0.05B,$0.03B,2.15,$0.08B,$-0.06B,-1.49,$0.05B,$0.05B,100.00%,$0.05B,$-0.05B,-92.45%,$0.05B,$-0.05B,-92.45%,$0.05B,$-0.05B,-92.45%,$0.05B,$-0.06B,-118.87%,$0.05B,$-0.06B,-118.87%,$-0.06B,$-0.06B,154.60%,$-0.06B,$-0.06B,154.60%,$-0.06B,$0.06B,-97.67%,$-0.05B,$0.03B,-131.54%,$17,$0,$17,$13,$16,$29,$-12,$-2,$-14,$0,$-14,$-14,$-14,$-12,$-12,$44,44,$-0.33,$-0.33,$30,$1,$0,$53,$1,$0,$0,$6,$7,$60,$25,$82,$0,$90,$115,$0,$-499,$0,$-55,$60,$-29,$0,$8,$9,$-7,$0,$8,$-2,$-0,$-21,$-0,$0,$0,$0,$17,$17,$0,$17,$0,$-0,$-0,$6,$6,$0,$0,$6,$1,$6,$0
6,2017-03-31,15.12,$-1.10,-13.81,$1.13,13.39,$-3.31,0.0,$-1.45,0.0,$0.05B,$0.02B,3.03,$0.08B,$-0.05B,-1.67,$0.05B,$0.05B,100.00%,$0.05B,$-0.05B,-104.35%,$0.05B,$-0.05B,-104.35%,$0.05B,$-0.05B,-104.35%,$0.05B,$-0.06B,-134.78%,$0.05B,$-0.06B,-134.78%,$-0.06B,$-0.05B,157.96%,$-0.06B,$-0.05B,157.96%,$-0.06B,$0.06B,-101.64%,$-0.05B,$0.03B,-134.27%,$12,$0,$12,$12,$12,$25,$-13,$-2,$-15,$0,$-15,$-15,$-15,$-13,$-13,$44,44,$-0.34,$-0.34,$34,$1,$0,$51,$1,$0,$0,$6,$7,$58,$17,$81,$0,$90,$107,$0,$-485,$0,$-48,$58,$-15,$0,$4,$4,$-1,$0,$1,$-1,$-2,$-13,$-0,$0,$0,$0,$11,$11,$0,$11,$0,$-0,$-0,$1,$1,$0,$0,$1,$-1,$3,$0
7,2016-12-31,9.92,$-0.85,-11.61,$1.04,9.51,$-3.45,0.0,$-1.65,0.0,$0.06B,$0.02B,3.75,$0.08B,$-0.04B,-2.12,$0.04B,$0.04B,100.00%,$0.04B,$-0.05B,-131.71%,$0.04B,$-0.05B,-131.71%,$0.04B,$-0.05B,-131.71%,$0.04B,$-0.07B,-165.85%,$0.04B,$-0.07B,-165.85%,$-0.07B,$-0.04B,181.33%,$-0.07B,$-0.04B,181.33%,$-0.07B,$0.07B,-122.52%,$-0.05B,$0.04B,-180.00%,$13,$0,$13,$13,$12,$25,$-12,$-8,$-20,$0,$-20,$-20,$-20,$-12,$-12,$40,40,$-0.45,$-0.45,$45,$1,$0,$60,$1,$0,$0,$6,$7,$67,$16,$80,$0,$89,$105,$0,$-470,$0,$-37,$67,$-67,$0,$21,$21,$-6,$-1,$-0,$0,$-6,$-52,$-0,$0,$0,$0,$-16,$-16,$0,$-16,$24,$0,$24,$41,$41,$0,$3,$69,$1,$14,$0
8,2016-09-30,11.16,$-0.53,-21.03,$0.90,12.38,$-3.92,0.0,$-1.72,0.0,$0.06B,$0.02B,3.78,$0.07B,$-0.02B,-3.09,$0.04B,$0.03B,97.14%,$0.04B,$-0.06B,-171.43%,$0.04B,$-0.06B,-171.43%,$0.04B,$-0.06B,-171.43%,$0.04B,$-0.07B,-194.29%,$0.04B,$-0.07B,-194.29%,$-0.07B,$-0.02B,195.68%,$-0.07B,$-0.02B,195.68%,$-0.07B,$0.07B,-133.33%,$-0.06B,$0.05B,-235.29%,$11,$0,$11,$12,$10,$23,$-12,$-2,$-14,$0,$-14,$-14,$-14,$-12,$-12,$41,41,$-0.34,$-0.34,$47,$1,$0,$61,$1,$0,$0,$11,$12,$73,$16,$70,$0,$79,$96,$0,$-450,$0,$-23,$73,$-47,$0,$11,$11,$-4,$-1,$-0,$1,$-5,$-41,$-0,$0,$0,$0,$-10,$-10,$0,$-10,$20,$0,$20,$40,$40,$0,$-0,$60,$9,$10,$0
9,2016-06-30,10.52,$-1.25,-8.43,$0.71,14.76,$-4.22,0.0,$-1.91,0.0,$0.03B,$0.02B,2.12,$0.07B,$-0.05B,-1.43,$0.03B,$0.03B,96.30%,$0.03B,$-0.07B,-248.15%,$0.03B,$-0.07B,-248.15%,$0.03B,$-0.07B,-248.15%,$0.03B,$-0.07B,-274.07%,$0.03B,$-0.07B,-274.07%,$-0.07B,$-0.05B,236.80%,$-0.07B,$-0.05B,236.80%,$-0.07B,$0.05B,-172.09%,$-0.07B,$0.02B,-418.75%,$10,$0,$10,$10,$10,$21,$-11,$-2,$-13,$0,$-13,$-13,$-13,$-11,$-11,$39,39,$-0.32,$-0.32,$21,$2,$0,$34,$1,$0,$0,$11,$12,$46,$16,$70,$0,$79,$95,$0,$-436,$0,$-49,$46,$-33,$0,$8,$8,$-2,$-1,$-0,$-0,$-4,$-29,$-0,$0,$0,$0,$10,$10,$0,$10,$20,$0,$20,$3,$3,$0,$0,$22,$3,$7,$0
10,2016-03-31,15.34,$-1.04,-14.73,$0.54,28.33,$-4.37,0.0,$-2.03,0.0,$0.02B,$0.02B,1.39,$0.05B,$-0.04B,-1.23,$0.02B,$0.02B,95.00%,$0.02B,$-0.07B,-360.00%,$0.02B,$-0.07B,-360.00%,$0.02B,$-0.07B,-360.00%,$0.02B,$-0.08B,-390.00%,$0.02B,$-0.08B,-390.00%,$-0.08B,$-0.04B,458.82%,$-0.08B,$-0.04B,458.82%,$-0.08B,$0.04B,-168.65%,$-0.07B,$0.01B,-400.00%,$7,$0,$7,$15,$11,$27,$-19,$-1,$-21,$0,$-21,$-21,$-21,$-19,$-19,$38,38,$-0.54,$-0.54,$13,$2,$0,$24,$1,$0,$0,$11,$12,$36,$18,$50,$0,$59,$77,$0,$-424,$0,$-41,$36,$-21,$0,$5,$5,$-0,$-2,$1,$-0,$-1,$-17,$0,$0,$0,$0,$15,$15,$0,$15,$0,$0,$0,$2,$2,$0,$0,$2,$-0,$4,$0
11,2015-12-31,15.73,$-0.69,-22.81,$0.36,43.88,$-4.41,0.0,$-2.00,0.0,$0.04B,$0.02B,2.29,$0.05B,$-0.03B,-1.9,$0.01B,$0.01B,92.31%,$0.01B,$-0.07B,-546.15%,$0.01B,$-0.07B,-546.15%,$0.01B,$-0.07B,-546.15%,$0.01B,$-0.08B,-584.62%,$0.01B,$-0.08B,-584.62%,$-0.08B,$-0.03B,6080.00%,$-0.08B,$-0.03B,6080.00%,$-0.08B,$0.05B,-135.71%,$-0.07B,$0.02B,-260.55%,$7,$0,$6,$15,$9,$25,$-18,$-2,$-20,$0,$-20,$-20,$-20,$-18,$-18,$38,38,$-0.52,$-0.52,$28,$0,$0,$37,$1,$0,$0,$11,$12,$49,$16,$50,$0,$59,$75,$0,$-403,$0,$-26,$49,$-75,$0,$12,$12,$-6,$0,$4,$-1,$-2,$-65,$-0,$0,$0,$0,$-20,$-20,$0,$-21,$15,$0,$15,$82,$82,$0,$-10,$87,$1,$10,$0
12,2015-09-30,10.96,$-0.24,-46.23,$0.19,58.86,$-4.42,0.0,$-2.09,0.0,$0.04B,$0.02B,1.77,$0.02B,$-0.01B,-2.11,$0.01B,$0.01B,100.00%,$0.01B,$-0.07B,-1216.67%,$0.01B,$-0.07B,-1216.67%,$0.01B,$-0.07B,-1216.67%,$0.01B,$-0.08B,-1283.33%,$0.01B,$-0.08B,-1283.33%,$-0.08B,$-0.01B,1400.00%,$-0.08B,$-0.01B,1400.00%,$-0.08B,$0.04B,-165.59%,$-0.07B,$0.01B,-429.41%,$3,$0,$3,$13,$9,$23,$-19,$-1,$-20,$0,$-20,$-20,$-20,$-19,$-19,$38,38,$-0.53,$-0.53,$35,$0,$0,$39,$1,$0,$0,$1,$2,$41,$22,$19,$0,$28,$50,$0,$-383,$0,$-9,$41,$-55,$0,$8,$8,$-2,$0,$1,$-0,$-1,$-49,$-0,$0,$0,$0,$-28,$-28,$0,$-28,$-5,$0,$-5,$82,$82,$0,$0,$77,$0,$7,$0
13,2015-06-30,17.99,$0.21,85.91,$0.11,168.84,$-4.37,0.0,$-2.10,0.0,$0.06B,$0.02B,2.82,$0.02B,$0.01B,2.71,$0.00B,$0.00B,100.00%,$0.00B,$-0.07B,-2366.67%,$0.00B,$-0.07B,-2366.67%,$0.00B,$-0.07B,-2366.67%,$0.00B,$-0.08B,-2500.00%,$0.00B,$-0.08B,-2500.00%,$-0.08B,$0.01B,750.00%,$-0.08B,$0.01B,750.00%,$-0.08B,$0.06B,-176.47%,$-0.07B,$0.03B,-473.33%,$3,$0,$3,$11,$8,$19,$-16,$-1,$-17,$0,$-17,$-17,$-17,$-16,$-16,$38,38,$-0.44,$-0.44,$51,$1,$0,$57,$1,$0,$0,$1,$2,$59,$20,$21,$0,$31,$51,$0,$-363,$0,$8,$59,$-35,$0,$5,$5,$-3,$-0,$-1,$-0,$-4,$-34,$-0,$0,$0,$0,$-42,$-42,$0,$-42,$-2,$0,$-2,$81,$81,$0,$0,$79,$2,$5,$0
14,2015-03-31,22.03,$0.58,38.14,$0.02,930.71,$-4.25,0.0,$-2.19,0.0,$0.07B,$0.02B,3.64,$0.02B,$0.02B,1.09,$0.00B,0,nan%,$0.00B,$-0.07B,inf%,$0.00B,$-0.07B,inf%,$0.00B,$-0.07B,inf%,$0.00B,$-0.08B,inf%,$0.00B,$-0.08B,inf%,$-0.08B,$0.02B,515.25%,$-0.08B,$0.02B,515.25%,$-0.08B,$0.08B,-200.00%,$-0.07B,$0.05B,-564.71%,$0,$0,$0,$9,$9,$18,$-18,$-1,$-19,$0,$-19,$-19,$-19,$-18,$-18,$36,36,$-0.51,$-0.51,$70,$1,$0,$73,$1,$0,$0,$1,$2,$75,$20,$24,$0,$33,$53,$0,$-347,$0,$22,$75,$-19,$0,$3,$3,$-0,$0,$-2,$1,$-2,$-17,$0,$0,$0,$0,$-62,$-62,$0,$-62,$0,$0,$0,$81,$81,$0,$0,$81,$1,$3,$0
15,2014-12-31,24.78,$-1.25,-19.86,$0.02,1522.88,$-4.13,0.0,$-2.22,0.0,$0.01B,$0.02B,0.49,$0.03B,$-0.04B,-0.61,$0.00B,0,nan%,$0.00B,$-0.07B,inf%,$0.00B,$-0.07B,inf%,$0.00B,$-0.07B,inf%,$0.00B,$-0.07B,inf%,$0.00B,$-0.07B,inf%,$-0.07B,$-0.04B,389.47%,$-0.07B,$-0.04B,389.47%,$-0.07B,$0.01B,-222.56%,$-0.07B,$-0.02B,-666.67%,$0,$0,$0,$12,$8,$20,$-20,$-1,$-21,$0,$-21,$-21,$-21,$-20,$-20,$33,33,$-0.61,$-0.61,$7,$1,$0,$9,$1,$0,$0,$1,$2,$11,$18,$26,$0,$35,$53,$0,$-328,$0,$-43,$11,$-74,$0,$11,$11,$-0,$-1,$5,$-0,$5,$-58,$-0,$0,$0,$0,$6,$6,$0,$6,$11,$0,$11,$40,$40,$0,$-0,$51,$-1,$9,$0
16,2014-09-30,12.72,$-0.78,-16.28,$0.02,758.36,$-3.43,0.0,$-1.66,0.0,$0.02B,$0.01B,1.62,$0.03B,$-0.03B,-1.07,$0.00B,0,nan%,$0.00B,$-0.06B,inf%,$0.00B,$-0.06B,inf%,$0.00B,$-0.06B,inf%,$0.00B,$-0.06B,inf%,$0.00B,$-0.06B,inf%,$-0.06B,$-0.03B,431.37%,$-0.06B,$-0.03B,431.37%,$-0.06B,$0.03B,-158.27%,$-0.06B,$0.00B,-457.14%,$0,$0,$0,$12,$6,$17,$-17,$-1,$-18,$0,$-18,$-18,$-18,$-17,$-17,$34,34,$-0.54,$-0.54,$22,$0,$0,$23,$1,$0,$0,$1,$2,$25,$14,$29,$0,$37,$52,$0,$-307,$0,$-27,$25,$-53,$0,$6,$7,$-0,$0,$4,$-0,$4,$-42,$-0,$0,$0,$0,$-8,$-8,$0,$-8,$11,$0,$11,$39,$39,$0,$0,$50,$-1,$5,$0
17,2014-06-30,17.4,$-0.31,-55.66,$0.02,1020.67,$-3.18,0.0,$-1.58,0.0,$0.04B,$0.01B,3.2,$0.03B,$-0.01B,-2.9,$0.00B,0,nan%,$0.00B,$-0.06B,inf%,$0.00B,$-0.06B,inf%,$0.00B,$-0.06B,inf%,$0.00B,$-0.05B,inf%,$0.00B,$-0.05B,inf%,$-0.05B,$-0.01B,425.00%,$-0.05B,$-0.01B,425.00%,$-0.05B,$0.04B,-161.90%,$-0.06B,$0.02B,-521.74%,$0,$0,$0,$12,$5,$17,$-17,$-1,$-18,$0,$-18,$-18,$-18,$-17,$-17,$34,34,$-0.53,$-0.53,$37,$0,$0,$39,$1,$0,$0,$1,$2,$41,$12,$31,$0,$39,$52,$0,$-289,$0,$-11,$41,$-35,$0,$4,$4,$0,$0,$4,$-0,$4,$-26,$-0,$0,$0,$0,$-23,$-23,$0,$-23,$11,$0,$11,$39,$39,$0,$0,$50,$0,$3,$0
18,2014-03-31,12.07,$0.15,78.53,$0.02,583.49,$-3.05,0.0,$-1.53,0.0,$0.05B,$0.01B,5.29,$0.03B,$0.01B,6.18,$0.00B,0,nan%,$0.00B,$-0.06B,inf%,$0.00B,$-0.06B,inf%,$0.00B,$-0.06B,inf%,$0.00B,$-0.05B,inf%,$0.00B,$-0.05B,inf%,$-0.05B,$0.01B,383.67%,$-0.05B,$0.01B,383.67%,$-0.05B,$0.06B,-174.07%,$-0.06B,$0.04B,-700.00%,$0,$0,$0,$12,$4,$16,$-16,$-1,$-17,$0,$-17,$-17,$-17,$-16,$-16,$31,31,$-0.54,$-0.54,$52,$0,$0,$54,$1,$0,$0,$1,$2,$56,$10,$32,$0,$41,$51,$0,$-271,$0,$5,$56,$-17,$0,$2,$2,$0,$0,$4,$-1,$3,$-11,$-0,$0,$0,$0,$-39,$-39,$0,$-39,$11,$0,$11,$38,$38,$0,$0,$49,$-1,$2,$0
19,2013-12-31,11.29,$-0.61,-18.65,$0.06,189.07,$-3.04,0.0,$-1.39,0.0,$0.02B,$0.01B,1.25,$0.02B,$-0.02B,-0.81,$0.00B,$0.00B,100.00%,$0.00B,$-0.05B,-5000.00%,$0.00B,$-0.05B,-5000.00%,$0.00B,$-0.05B,-5000.00%,$0.00B,$-0.04B,-4000.00%,$0.00B,$-0.04B,-4000.00%,$-0.04B,$-0.02B,228.57%,$-0.04B,$-0.02B,228.57%,$-0.04B,$0.02B,-228.57%,$-0.05B,$-0.00B,10000.00%,$0,$0,$0,$10,$4,$14,$-14,$12,$-2,$0,$-2,$-2,$-2,$-14,$-14,$29,29,$-0.05,$-0.05,$14,$0,$0,$15,$1,$0,$0,$1,$2,$17,$12,$15,$0,$23,$35,$0,$-254,$0,$-18,$17,$-40,$0,$7,$7,$2,$0,$-1,$3,$3,$-30,$-0,$0,$0,$0,$8,$8,$0,$8,$0,$0,$0,$22,$22,$0,$0,$22,$-0,$6,$0
20,2013-09-30,9.75,$-0.80,-12.18,$0.12,81.71,$-3.45,0.0,$-1.64,0.0,$0.01B,$0.01B,0.86,$0.02B,$-0.02B,-0.69,$0.00B,$0.00B,100.00%,$0.00B,$-0.04B,-1466.67%,$0.00B,$-0.04B,-1466.67%,$0.00B,$-0.04B,-1433.33%,$0.00B,$-0.05B,-1533.33%,$0.00B,$-0.05B,-1533.33%,$-0.05B,$-0.02B,311.86%,$-0.05B,$-0.02B,311.86%,$-0.05B,$0.01B,-230.00%,$-0.04B,$-0.01B,-1173.33%,$0,$0,$0,$9,$4,$14,$-13,$-0,$-14,$0,$-14,$-14,$-14,$-13,$-13,$30,30,$-0.46,$-0.46,$9,$0,$0,$10,$1,$0,$0,$1,$2,$12,$12,$16,$0,$24,$36,$0,$-253,$0,$-24,$12,$-38,$0,$5,$5,$0,$0,$0,$3,$4,$-29,$-0,$0,$0,$0,$13,$13,$0,$13,$0,$0,$0,$16,$16,$0,$0,$16,$-0,$4,$0
21,2013-06-30,5.04,$-0.41,-12.27,$0.17,30.07,$-3.31,0.0,$-1.69,0.0,$0.02B,$0.01B,1.95,$0.02B,$-0.01B,-1.45,$0.00B,$0.00B,100.00%,$0.00B,$-0.04B,-1100.00%,$0.00B,$-0.04B,-1100.00%,$0.00B,$-0.04B,-1075.00%,$0.00B,$-0.05B,-1125.00%,$0.00B,$-0.05B,-1125.00%,$-0.05B,$-0.01B,500.00%,$-0.05B,$-0.01B,500.00%,$-0.05B,$0.02B,-178.22%,$-0.04B,$0.01B,-567.74%,$0,$0,$0,$10,$4,$13,$-13,$-0,$-14,$0,$-14,$-14,$-14,$-13,$-13,$28,28,$-0.48,$-0.48,$20,$0,$0,$21,$1,$0,$0,$1,$2,$23,$11,$18,$0,$24,$35,$0,$-239,$0,$-12,$23,$-24,$0,$2,$3,$0,$0,$1,$2,$3,$-18,$-0,$0,$0,$0,$2,$2,$0,$2,$0,$0,$0,$16,$16,$0,$0,$16,$0,$2,$0
22,2013-03-31,4.12,$-0.61,-6.73,$0.23,17.87,$-3.30,0.0,$-1.59,0.0,$0.02B,$0.01B,1.49,$0.02B,$-0.02B,-1.21,$0.01B,$0.01B,100.00%,$0.01B,$-0.04B,-650.00%,$0.01B,$-0.04B,-650.00%,$0.01B,$-0.04B,-633.33%,$0.01B,$-0.04B,-666.67%,$0.01B,$-0.04B,-666.67%,$-0.04B,$-0.02B,355.56%,$-0.04B,$-0.02B,355.56%,$-0.04B,$0.02B,-181.82%,$-0.04B,$0.00B,-1040.00%,$1,$0,$1,$7,$4,$11,$-10,$-0,$-10,$0,$-10,$-10,$-10,$-10,$-10,$26,26,$-0.40,$-0.40,$13,$0,$0,$16,$1,$0,$0,$1,$2,$18,$11,$19,$0,$23,$34,$0,$-225,$0,$-16,$18,$-10,$0,$1,$1,$0,$0,$1,$-1,$0,$-9,$-0,$0,$0,$0,$9,$9,$0,$9,$0,$0,$0,$0,$0,$0,$0,$0,$-0,$1,$0
23,2012-12-31,5.19,$-0.25,-20.58,$0.25,20.35,$-3.20,0.0,$-1.59,0.0,$0.03B,$0.01B,2.96,$0.02B,$-0.01B,-3.08,$0.01B,$0.01B,100.00%,$0.01B,$-0.04B,-616.67%,$0.01B,$-0.04B,-616.67%,$0.01B,$-0.04B,-600.00%,$0.01B,$-0.04B,-650.00%,$0.01B,$-0.04B,-650.00%,$-0.04B,$-0.01B,371.43%,$-0.04B,$-0.01B,371.43%,$-0.04B,$0.03B,-171.43%,$-0.04B,$0.01B,-1345.45%,$2,$0,$2,$9,$4,$9,$-8,$-0,$-8,$0,$-8,$-8,$-8,$-7,$-8,$24,24,$-0.30,$-0.30,$22,$0,$0,$25,$1,$0,$0,$1,$2,$27,$8,$20,$0,$25,$33,$0,$-215,$0,$-7,$27,$-38,$0,$5,$5,$0,$0,$-0,$-2,$-2,$-35,$-1,$0,$0,$0,$-0,$-0,$0,$-1,$0,$0,$0,$33,$33,$0,$0,$33,$-2,$4,$0
24,2012-09-30,9.4,$-0.03,-296.53,$0.24,39.02,$-2.96,0.0,$-1.75,0.0,$0.03B,$0.02B,1.44,$0.01B,$-0.00B,-10.58,$0.01B,$0.01B,100.00%,$0.01B,$-0.04B,-780.00%,$0.01B,$-0.04B,-780.00%,$0.01B,$-0.04B,-780.00%,$0.01B,$-0.04B,-820.00%,$0.01B,$-0.04B,-820.00%,$-0.04B,$-0.00B,400.00%,$-0.04B,$-0.00B,400.00%,$-0.04B,$0.03B,-180.22%,$-0.04B,$0.01B,-3120.00%,$1,$0,$1,$8,$3,$14,$-13,$-0,$-13,$0,$-13,$-13,$-13,$-13,$-13,$26,26,$-0.51,$-0.51,$31,$0,$0,$31,$1,$0,$0,$1,$1,$33,$22,$9,$3,$12,$34,$0,$-207,$0,$-1,$33,$-31,$0,$3,$3,$0,$0,$2,$-0,$6,$-22,$-0,$0,$0,$0,$-9,$-9,$0,$-9,$-5,$0,$-5,$33,$33,$0,$0,$28,$-3,$2,$0
25,2012-06-30,10.0,$-0.91,-10.95,$0.23,43.4,$-2.98,0.0,$-1.53,0.0,$0.01B,$0.02B,0.49,$0.01B,$-0.02B,-0.5,$0.01B,$0.01B,100.00%,$0.01B,$-0.03B,-640.00%,$0.01B,$-0.03B,-640.00%,$0.01B,$-0.03B,-640.00%,$0.01B,$-0.04B,-700.00%,$0.01B,$-0.04B,-700.00%,$-0.04B,$-0.02B,388.89%,$-0.04B,$-0.02B,388.89%,$-0.04B,$0.01B,-150.54%,$-0.03B,$-0.01B,-800.00%,$2,$0,$2,$8,$2,$10,$-8,$-0,$-9,$0,$-9,$-9,$-9,$-8,$-8,$22,22,$-0.38,$-0.38,$7,$0,$0,$9,$1,$0,$0,$1,$2,$10,$17,$10,$3,$13,$31,$0,$-194,$0,$-21,$10,$-17,$0,$2,$3,$0,$0,$-0,$1,$0,$-14,$-0,$0,$0,$0,$21,$21,$0,$20,$-3,$0,$-3,$0,$0,$0,$0,$-3,$3,$2,$0
26,2012-03-31,9.93,$-0.56,-17.58,$0.21,46.27,$-3.03,0.0,$-1.39,0.0,$0.02B,$0.02B,1.05,$0.01B,$-0.01B,-0.94,$0.00B,$0.00B,100.00%,$0.00B,$-0.03B,-725.00%,$0.00B,$-0.03B,-725.00%,$0.00B,$-0.03B,-725.00%,$0.00B,$-0.03B,-775.00%,$0.00B,$-0.03B,-775.00%,$-0.03B,$-0.01B,2480.00%,$-0.03B,$-0.01B,2480.00%,$-0.03B,$0.02B,-100.00%,$-0.03B,$-0.00B,-218.87%,$1,$0,$1,$7,$2,$10,$-8,$-1,$-9,$0,$-9,$-9,$-9,$-8,$-8,$22,22,$-0.40,$-0.40,$18,$0,$0,$20,$1,$0,$0,$1,$1,$21,$19,$12,$3,$15,$34,$0,$-185,$0,$-13,$21,$-9,$0,$2,$2,$0,$0,$0,$1,$2,$-6,$-0,$0,$0,$0,$20,$20,$0,$20,$-2,$0,$-2,$0,$0,$0,$0,$-1,$13,$1,$0
27,2011-12-31,3.95,$-0.25,-15.95,$0.20,19.35,$-3.17,0.0,$-1.29,0.0,$0.03B,$0.02B,1.37,$0.01B,$-0.01B,-2.44,$0.00B,$0.00B,100.00%,$0.00B,$-0.03B,-675.00%,$0.00B,$-0.03B,-675.00%,$0.00B,$-0.03B,-675.00%,$0.00B,$-0.03B,-725.00%,$0.00B,$-0.03B,-725.00%,$-0.03B,$-0.01B,-504.35%,$-0.03B,$-0.01B,-504.35%,$-0.03B,$0.03B,-76.82%,$-0.03B,$0.01B,-124.14%,$1,$0,$1,$9,$2,$11,$-10,$-0,$-10,$0,$-10,$-10,$-10,$-10,$-10,$22,22,$-0.46,$-0.46,$25,$0,$0,$26,$1,$0,$0,$0,$1,$27,$19,$14,$0,$14,$33,$0,$-176,$0,$-6,$27,$-29,$0,$2,$3,$0,$0,$0,$-0,$0,$-26,$-1,$0,$0,$0,$18,$18,$0,$17,$9,$0,$9,$1,$1,$0,$0,$9,$1,$2,$0
28,2011-09-30,4.05,$0.18,22.17,$0.20,20.43,$-2.67,0.0,$-1.17,0.0,$0.03B,$0.02B,2.14,$0.02B,$0.00B,3.7,$0.00B,$0.00B,100.00%,$0.00B,$-0.03B,-650.00%,$0.00B,$-0.03B,-650.00%,$0.00B,$-0.03B,-625.00%,$0.00B,$-0.03B,-650.00%,$0.00B,$-0.03B,-650.00%,$-0.03B,$0.00B,-212.24%,$-0.03B,$0.00B,-212.24%,$-0.03B,$0.04B,-61.18%,$-0.03B,$0.02B,-95.41%,$1,$0,$1,$5,$2,$7,$-6,$-0,$-7,$0,$-7,$-7,$-7,$-6,$-6,$22,22,$-0.29,$-0.29,$33,$0,$0,$34,$1,$0,$0,$0,$1,$35,$16,$15,$0,$15,$31,$0,$-166,$0,$4,$35,$-18,$0,$2,$2,$0,$0,$-3,$1,$-2,$-18,$-1,$0,$0,$0,$11,$11,$0,$10,$10,$0,$10,$0,$0,$0,$0,$10,$2,$1,$0
29,2011-06-30,4.12,$0.45,9.14,$0.17,24.87,$-2.82,0.0,$-1.23,0.0,$0.04B,$0.01B,2.77,$0.02B,$0.01B,1.66,$0.00B,$0.00B,100.00%,$0.00B,$-0.03B,-900.00%,$0.00B,$-0.03B,-900.00%,$0.00B,$-0.03B,-866.67%,$0.00B,$-0.03B,-900.00%,$0.00B,$-0.03B,-900.00%,$-0.03B,$0.01B,-158.82%,$-0.03B,$0.01B,-158.82%,$-0.03B,$0.04B,-62.79%,$-0.03B,$0.03B,-88.52%,$1,$0,$1,$4,$2,$6,$-5,$-0,$-5,$0,$-5,$-5,$-5,$-5,$-5,$22,22,$-0.24,$-0.24,$37,$0,$0,$40,$1,$0,$0,$0,$1,$41,$14,$17,$0,$17,$31,$0,$-159,$0,$10,$41,$-12,$0,$1,$1,$0,$0,$-3,$-1,$-4,$-14,$-1,$0,$0,$0,$6,$6,$0,$5,$10,$0,$10,$0,$0,$0,$0,$10,$1,$1,$0
30,2011-03-31,8.0,$0.69,11.53,$0.14,58.48,$-2.86,0.0,$-1.35,0.0,$0.05B,$0.02B,3.01,$0.02B,$0.02B,1.23,$0.00B,$0.00B,100.00%,$0.00B,$-0.03B,-1500.00%,$0.00B,$-0.03B,-1500.00%,$0.00B,$-0.03B,-1400.00%,$0.00B,$-0.03B,-1500.00%,$0.00B,$-0.03B,-1500.00%,$-0.03B,$0.02B,-136.36%,$-0.03B,$0.02B,-136.36%,$-0.03B,$0.05B,-68.18%,$-0.03B,$0.03B,-92.31%,$1,$0,$1,$5,$2,$8,$-6,$-0,$-7,$0,$-7,$-7,$-7,$-6,$-6,$22,22,$-0.30,$-0.30,$44,$0,$0,$45,$2,$0,$0,$0,$2,$48,$15,$18,$0,$18,$33,$0,$-154,$0,$15,$48,$-7,$0,$1,$1,$0,$0,$-1,$-1,$-2,$-8,$-1,$0,$0,$0,$-1,$-1,$0,$-2,$10,$0,$10,$0,$0,$0,$0,$10,$1,$0,$0
31,2010-12-31,8.24,$0.93,8.82,$0.10,83.76,$-2.85,0.0,$-1.36,0.0,$0.04B,$0.02B,2.85,$0.01B,$0.02B,0.48,$0.00B,$0.00B,100.00%,$0.00B,$-0.03B,-3000.00%,$0.00B,$-0.03B,-3000.00%,$0.00B,$-0.03B,-2800.00%,$0.00B,$-0.03B,-3000.00%,$0.00B,$-0.03B,-3000.00%,$-0.03B,$0.02B,-109.09%,$-0.03B,$0.02B,-109.09%,$-0.03B,$0.05B,-66.30%,$-0.03B,$0.03B,-85.71%,$1,$0,$1,$7,$3,$10,$-9,$1,$-7,$0,$-7,$-7,$-7,$-8,$-9,$21,21,$-0.35,$-0.35,$42,$0,$0,$44,$2,$0,$0,$0,$2,$46,$15,$10,$0,$10,$25,$0,$-148,$0,$20,$46,$-29,$0,$3,$3,$0,$0,$1,$10,$12,$-15,$-1,$0,$0,$0,$21,$21,$0,$20,$-3,$0,$-3,$0,$0,$0,$0,$-3,$2,$2,$0
32,2010-09-30,7.29,$1.07,6.84,$0.11,64.55,$-4.81,0.0,$-1.30,0.0,$0.04B,$0.01B,6.61,$0.01B,$0.02B,0.39,$0.00B,0,nan%,$0.00B,$-0.03B,inf%,$0.00B,$-0.03B,inf%,$0.00B,$-0.03B,inf%,$0.00B,$-0.03B,inf%,$0.00B,$-0.03B,inf%,$-0.03B,$0.02B,-87.22%,$-0.03B,$0.02B,-87.22%,$-0.03B,$0.04B,-58.88%,$-0.03B,$0.03B,-64.60%,$0,$0,$0,$5,$2,$8,$-7,$-0,$-8,$0,$-8,$-8,$-8,$-7,$-7,$21,21,$-0.35,$-0.35,$35,$0,$0,$35,$2,$0,$0,$0,$2,$37,$5,$9,$0,$9,$14,$0,$-140,$0,$23,$37,$-22,$0,$2,$2,$0,$0,$-1,$-1,$-1,$-21,$-1,$0,$0,$0,$28,$28,$0,$27,$-4,$0,$-4,$0,$0,$0,$0,$-4,$2,$2,$0
