,Date,Stock Price,Book Value per Share,Price to Book Ratio,TTM Sales per Share,Price to Sales Ratio,TTM FCF per Share,Price to FCF Ratio,TTM Net EPS,PE Ratio,Current Assets,Current Liabilities,Current Ratio,Long Term Debt,Shareholder's Equity_x,Debt to Equity Ratio,TTM Revenue_x,TTM Gross Profit,Gross Margin,TTM Revenue_y,TTM Operating Income,Operating Margin,TTM Revenue_x,TTM EBIT,EBIT Margin,TTM Revenue_y,TTM EBITDA,EBITDA Margin,TTM Revenue_x,TTM Pre-Tax Income,Pre-Tax Margin,TTM Revenue_y,TTM Net Income_x,Net Margin,TTM Net Income_y,Shareholder's Equity_y,Return on Equity,TTM Net Income_x,Tangible Equity,Return on Tangible Equity,TTM Net Income_y,Total Assets,Return on Assets,TTM Net Income,LT Investments & Debt,Return on Investment,revenue,cost-goods-sold,gross-profit,research-development-expenses,selling-general-administrative-expenses,operating-expenses,operating-income,total-non-operating-income-expense,pre-tax-income,total-provision-income-taxes,income-after-taxes,income-from-continuous-operations,net-income,ebitda,ebit,basic-shares-outstanding,shares-outstanding,eps-basic-net-earnings-per-share,eps-earnings-per-share-diluted,cash-on-hand,inventory,other-current-assets,total-current-assets,net-property-plant-equipment,long-term-investments,goodwill-intangible-assets-total,other-long-term-assets,total-long-term-assets,total-assets,total-current-liabilities,long-term-debt,other-non-current-liabilities,total-long-term-liabilities,total-liabilities,common-stock-net,retained-earnings-accumulated-deficit,comprehensive-income,total-share-holder-equity,total-liabilities-share-holders-equity,net-income-loss,total-depreciation-amortization-cash-flow,other-non-cash-items,total-non-cash-items,change-in-accounts-receivable,change-in-inventories,change-in-accounts-payable,change-in-assets-liabilities,total-change-in-assets-liabilities,cash-flow-from-operating-activities,net-change-in-property-plant-equipment,net-change-in-intangible-assets,net-acquisitions-divestitures,net-change-in-short-term-investments,net-change-in-long-term-investments,net-change-in-investments-total,investing-activities-other,cash-flow-from-investing-activities,net-long-term-debt,net-current-debt,debt-issuance-retirement-net-total,net-common-equity-issued-repurchased,net-total-equity-issued-repurchased,total-common-preferred-stock-dividends-paid,financial-activities-other,cash-flow-from-financial-activities,net-cash-flow,stock-based-compensation,common-stock-dividends-paid
0,2018-09-30,33.61,$26.81,1.25,$30.34,1.11,$33.21,1.01,$1.25,26.89,$15.66B,$0.00B,0.0,$15.73B,$3.64B,4.32,$4.12B,$3.27B,79.36%,$4.12B,$0.65B,15.86%,$4.12B,0,0.00%,$4.12B,0,0.00%,$4.12B,$0.60B,14.48%,$4.12B,$0.32B,7.71%,$0.32B,$3.64B,9.22%,$0.32B,$1.82B,19.79%,$0.32B,$20.47B,1.59%,$0.65B,$19.37B,3.46%,$1077,$227,$850,$0,$642,$869,$208,$-9,$199,$51,$148,$148,$148,$0,$0,$136,136,$1.09,$1.09,$1243,$0,$0,$15656,$0,$1707,$1820,$1285,$4812,$20468,$0,$15731,$1073,$16828,$16828,$1,$1983,$-22,$3640,$20468,$279,$191,$912,$1103,$0,$0,$0,$65,$65,$1456,$0,$0,$0,$0,$-1792,$-1792,$-24,$-1816,$622,$0,$622,$0,$0,$0,$-9,$613,$253,$17,$0
1,2018-06-30,33.29,$25.70,1.3,$29.50,1.13,$31.65,1.05,$1.76,18.91,$14.75B,$0.00B,0.0,$15.05B,$3.49B,4.32,$4.01B,$3.18B,79.26%,$4.01B,$0.59B,14.70%,$4.01B,0,0.00%,$4.01B,0,0.00%,$4.01B,$0.52B,12.95%,$4.01B,$0.24B,5.96%,$0.24B,$3.49B,7.15%,$0.24B,$1.66B,16.03%,$0.24B,$19.64B,1.22%,$0.59B,$18.54B,3.18%,$1045,$220,$825,$0,$754,$974,$71,$-28,$43,$36,$7,$7,$7,$0,$0,$136,136,$0.05,$0.05,$556,$0,$0,$14751,$0,$1720,$1831,$1338,$4889,$19640,$0,$15054,$1094,$16151,$16151,$1,$1835,$-21,$3489,$19640,$131,$131,$652,$783,$0,$0,$0,$30,$30,$944,$0,$0,$0,$0,$-94,$-94,$-1146,$-1240,$-37,$0,$-37,$0,$0,$0,$-9,$-46,$-342,$123,$0
2,2018-03-31,29.94,$24.92,1.2,$28.41,1.05,$30.17,0.99,$2.01,14.9,$15.52B,$0.00B,0.0,$15.90B,$3.38B,4.7,$3.86B,$3.04B,78.88%,$3.86B,$0.60B,15.51%,$3.86B,0,0.00%,$3.86B,0,0.00%,$3.86B,$0.54B,14.06%,$3.86B,$0.27B,7.11%,$0.27B,$3.38B,8.40%,$0.27B,$1.53B,19.67%,$0.27B,$20.47B,1.41%,$0.60B,$19.28B,3.28%,$999,$200,$799,$0,$621,$821,$178,$-10,$168,$44,$124,$124,$124,$0,$0,$136,136,$0.91,$0.91,$1807,$0,$0,$15520,$0,$1706,$1850,$1391,$4947,$20467,$0,$15898,$1115,$17085,$17085,$1,$1830,$-12,$3382,$20467,$124,$67,$274,$341,$0,$0,$0,$90,$90,$555,$0,$0,$0,$0,$-33,$-33,$-348,$-381,$833,$0,$833,$0,$0,$0,$-6,$827,$1001,$9,$0
3,2017-12-31,25.99,$24.22,1.07,$27.69,0.94,$29.36,0.89,$1.35,19.25,$14.66B,$0.00B,0.0,$15.05B,$3.28B,4.59,$3.76B,$2.94B,78.27%,$3.76B,$0.50B,13.31%,$3.76B,0,0.00%,$3.76B,0,0.00%,$3.76B,$0.43B,11.47%,$3.76B,$0.18B,4.87%,$0.18B,$3.28B,5.73%,$0.18B,$1.42B,13.95%,$0.18B,$19.43B,0.97%,$0.50B,$18.33B,2.84%,$1003,$204,$799,$0,$602,$806,$197,$-10,$187,$148,$39,$39,$39,$0,$0,$135,136,$0.27,$0.29,$987,$0,$0,$14657,$0,$1697,$1862,$1217,$4776,$19433,$0,$15050,$1060,$16155,$16155,$1,$1706,$11,$3278,$19433,$183,$328,$1031,$1359,$63,$0,$0,$-9,$17,$1555,$4,$0,$0,$0,$86,$86,$-2282,$-2192,$980,$0,$980,$0,$0,$0,$-5,$975,$338,$17,$0
4,2017-09-30,28.19,$23.87,1.18,$27.07,1.04,$27.71,1.02,$1.26,22.37,$14.14B,$0.00B,0.0,$14.62B,$3.23B,4.53,$3.67B,$2.86B,77.84%,$3.67B,$0.37B,9.95%,$3.67B,0,0.00%,$3.67B,0,0.00%,$3.67B,$0.27B,7.44%,$3.67B,$0.17B,4.66%,$0.17B,$3.23B,5.45%,$0.17B,$1.36B,13.73%,$0.17B,$19.05B,0.93%,$0.37B,$17.85B,2.11%,$960,$207,$753,$0,$610,$817,$143,$-22,$121,$52,$69,$69,$69,$0,$0,$135,136,$0.52,$0.51,$916,$0,$0,$14140,$0,$1668,$1874,$1368,$4910,$19050,$0,$14619,$1185,$15820,$15820,$1,$1667,$5,$3230,$19050,$144,$265,$735,$1000,$0,$0,$0,$108,$108,$1240,$0,$0,$0,$0,$-1462,$-1462,$-1,$-1463,$567,$0,$567,$0,$0,$0,$-5,$562,$340,$14,$0
5,2017-06-30,24.59,$23.31,1.05,$26.87,0.92,$27.05,0.91,$0.94,26.16,$13.66B,$0.00B,0.0,$14.41B,$3.15B,4.57,$3.64B,$2.82B,77.42%,$3.64B,$0.28B,7.59%,$3.64B,0,0.00%,$3.64B,0,0.00%,$3.64B,$0.19B,5.09%,$3.64B,$0.13B,3.49%,$0.13B,$3.15B,4.11%,$0.13B,$1.27B,10.71%,$0.13B,$18.70B,0.69%,$0.28B,$17.56B,1.61%,$893,$203,$690,$0,$610,$813,$80,$-14,$66,$24,$42,$42,$42,$0,$0,$135,136,$0.31,$0.30,$862,$0,$0,$13664,$0,$1750,$1886,$1398,$5034,$18698,$0,$14409,$1130,$15544,$15544,$1,$1598,$3,$3154,$18698,$75,$182,$507,$689,$0,$0,$0,$-24,$-24,$740,$0,$0,$0,$0,$37,$37,$-891,$-854,$379,$0,$379,$0,$0,$0,$-5,$374,$260,$9,$0
6,2017-03-31,24.85,$22.95,1.08,$27.00,0.92,$26.47,0.94,$0.83,29.94,$12.95B,$0.00B,0.0,$13.68B,$3.11B,4.41,$3.65B,$2.82B,77.20%,$3.65B,$0.26B,7.10%,$3.65B,0,0.00%,$3.65B,0,0.00%,$3.65B,$0.16B,4.41%,$3.65B,$0.11B,3.04%,$0.11B,$3.11B,3.63%,$0.11B,$1.21B,9.76%,$0.11B,$17.97B,0.61%,$0.26B,$16.78B,1.52%,$900,$202,$698,$0,$618,$820,$80,$-23,$57,$24,$33,$33,$33,$0,$0,$135,136,$0.25,$0.25,$787,$0,$0,$12951,$0,$1755,$1899,$1368,$5022,$17973,$0,$13679,$1181,$14868,$14868,$1,$1556,$-2,$3105,$17973,$33,$98,$277,$375,$0,$0,$0,$36,$36,$444,$0,$0,$0,$0,$30,$30,$29,$59,$-300,$0,$-300,$0,$0,$0,$-5,$-305,$198,$7,$0
7,2016-12-31,22.14,$22.73,0.97,$28.76,0.77,$26.28,0.84,$1.71,12.95,$13.04B,$0.00B,0.0,$13.96B,$3.07B,4.55,$3.88B,$3.03B,77.96%,$3.88B,$0.46B,11.95%,$3.88B,0,0.00%,$3.88B,0,0.00%,$3.88B,$0.36B,9.17%,$3.88B,$0.22B,5.54%,$0.22B,$3.07B,7.13%,$0.22B,$1.15B,19.95%,$0.22B,$18.12B,1.16%,$0.46B,$17.03B,2.68%,$915,$201,$714,$0,$652,$853,$62,$-33,$29,$2,$27,$27,$27,$0,$0,$135,135,$0.20,$0.20,$579,$0,$0,$13036,$0,$1764,$1914,$1409,$5087,$18123,$0,$13959,$1089,$15057,$15057,$1,$1523,$-6,$3066,$18123,$243,$521,$685,$1206,$-47,$0,$0,$-72,$-119,$1322,$8,$0,$26,$0,$1067,$1067,$-1207,$-106,$-1660,$0,$-1660,$0,$0,$0,$-25,$-1685,$-468,$22,$0
8,2016-09-30,30.95,$22.60,1.37,$28.22,1.1,$22.34,1.39,$-0.12,0.0,$13.25B,$0.00B,0.0,$13.99B,$3.05B,4.59,$3.76B,$2.89B,76.89%,$3.76B,$0.14B,3.67%,$3.76B,0,0.00%,$3.76B,0,0.00%,$3.76B,$0.03B,0.80%,$3.76B,$-0.01B,-0.19%,$-0.01B,$3.05B,-0.24%,$-0.01B,$1.12B,-0.72%,$-0.01B,$18.35B,-0.04%,$0.14B,$17.04B,0.76%,$928,$215,$713,$0,$659,$874,$54,$-21,$33,$8,$25,$25,$25,$0,$0,$135,135,$0.19,$0.19,$658,$0,$0,$13248,$0,$1788,$1929,$1388,$5105,$18353,$0,$13994,$1241,$15307,$15307,$1,$1496,$4,$3046,$18353,$216,$416,$417,$833,$49,$0,$0,$35,$86,$1136,$7,$0,$26,$0,$59,$59,$-3,$89,$-1603,$0,$-1603,$0,$0,$0,$-22,$-1625,$-399,$16,$0
