,Date,Stock Price,Book Value per Share,Price to Book Ratio,TTM Sales per Share,Price to Sales Ratio,TTM FCF per Share,Price to FCF Ratio,TTM Net EPS,PE Ratio,Current Assets,Current Liabilities,Current Ratio,Long Term Debt,Shareholder's Equity_x,Debt to Equity Ratio,TTM Revenue_x,TTM Gross Profit,Gross Margin,TTM Revenue_y,TTM Operating Income,Operating Margin,TTM Revenue_x,TTM EBIT,EBIT Margin,TTM Revenue_y,TTM EBITDA,EBITDA Margin,TTM Revenue_x,TTM Pre-Tax Income,Pre-Tax Margin,TTM Revenue_y,TTM Net Income_x,Net Margin,TTM Net Income_y,Shareholder's Equity_y,Return on Equity,TTM Net Income_x,Tangible Equity,Return on Tangible Equity,TTM Net Income_y,Total Assets,Return on Assets,TTM Net Income,LT Investments & Debt,Return on Investment,revenue,cost-goods-sold,gross-profit,research-development-expenses,selling-general-administrative-expenses,operating-expenses,operating-income,total-non-operating-income-expense,pre-tax-income,total-provision-income-taxes,income-after-taxes,income-from-continuous-operations,net-income,ebitda,ebit,basic-shares-outstanding,shares-outstanding,eps-basic-net-earnings-per-share,eps-earnings-per-share-diluted,cash-on-hand,inventory,other-current-assets,total-current-assets,net-property-plant-equipment,long-term-investments,goodwill-intangible-assets-total,other-long-term-assets,total-long-term-assets,total-assets,total-current-liabilities,long-term-debt,other-non-current-liabilities,total-long-term-liabilities,total-liabilities,common-stock-net,retained-earnings-accumulated-deficit,comprehensive-income,total-share-holder-equity,total-liabilities-share-holders-equity,net-income-loss,total-depreciation-amortization-cash-flow,other-non-cash-items,total-non-cash-items,change-in-accounts-receivable,change-in-inventories,change-in-accounts-payable,change-in-assets-liabilities,total-change-in-assets-liabilities,cash-flow-from-operating-activities,net-change-in-property-plant-equipment,net-change-in-intangible-assets,net-acquisitions-divestitures,net-change-in-short-term-investments,net-change-in-long-term-investments,net-change-in-investments-total,investing-activities-other,cash-flow-from-investing-activities,net-long-term-debt,net-current-debt,debt-issuance-retirement-net-total,net-common-equity-issued-repurchased,net-total-equity-issued-repurchased,total-common-preferred-stock-dividends-paid,financial-activities-other,cash-flow-from-financial-activities,net-cash-flow,stock-based-compensation,common-stock-dividends-paid
0,2018-09-30,16.52,$12.73,1.3,$161.78,0.1,$1.71,9.64,$-2.57,0.0,$2.49B,$1.46B,1.71,$1.64B,$0.79B,2.07,$9.69B,$1.32B,13.61%,$9.69B,$-0.14B,-1.40%,$9.69B,$-0.14B,-1.40%,$9.69B,$0.12B,1.26%,$9.69B,$-0.20B,-2.03%,$9.69B,$-0.15B,-1.58%,$-0.15B,$0.79B,-16.87%,$-0.15B,$-0.30B,178.95%,$-0.15B,$4.03B,-4.12%,$-0.14B,$2.43B,-6.23%,$2465,$2112,$353,$0,$325,$2444,$21,$-24,$-2,$-2,$-1,$-1,$-1,$51,$21,$60,60,$-0.01,$-0.01,$125,$1204,$294,$2493,$344,$0,$1093,$102,$1539,$4032,$1457,$1640,$76,$1783,$3240,$125,$467,$-33,$792,$4032,$-175,$239,$10,$249,$-52,$21,$88,$-12,$46,$123,$-47,$0,$-752,$0,$0,$0,$0,$-799,$761,$0,$761,$0,$0,$-32,$-34,$695,$20,$10,$-32
1,2018-06-30,16.71,$12.87,1.3,$159.53,0.1,$-0.07,0.0,$-2.38,0.0,$2.52B,$1.42B,1.77,$1.67B,$0.80B,2.08,$9.56B,$1.27B,13.26%,$9.56B,$-0.13B,-1.33%,$9.56B,$-0.13B,-1.33%,$9.56B,$0.12B,1.22%,$9.56B,$-0.17B,-1.82%,$9.56B,$-0.14B,-1.48%,$-0.14B,$0.80B,-14.69%,$-0.14B,$-0.28B,-1375.61%,$-0.14B,$4.04B,-3.99%,$-0.13B,$2.47B,-6.18%,$2458,$2133,$325,$0,$309,$2630,$-172,$-19,$-191,$-8,$-183,$-183,$-183,$19,$-172,$60,60,$-3.07,$-3.07,$118,$1220,$320,$2515,$344,$0,$1085,$99,$1528,$4043,$1421,$1669,$84,$1820,$3241,$125,$484,$-36,$802,$4043,$-175,$209,$3,$212,$-30,$5,$47,$-15,$7,$46,$-30,$0,$-733,$0,$0,$0,$0,$-763,$690,$101,$791,$0,$0,$-32,$-31,$727,$14,$6,$-32
2,2018-03-31,15.31,$16.48,0.93,$156.24,0.1,$-2.12,0.0,$1.03,14.86,$2.19B,$1.33B,1.65,$0.90B,$1.02B,0.88,$9.36B,$1.22B,12.99%,$9.36B,$0.08B,0.83%,$9.36B,$0.08B,0.83%,$9.36B,$0.14B,1.53%,$9.36B,$0.04B,0.46%,$9.36B,$0.06B,0.66%,$0.06B,$1.02B,6.15%,$0.06B,$0.13B,30.47%,$0.06B,$3.39B,1.92%,$0.08B,$1.92B,4.26%,$2373,$2048,$325,$0,$284,$2348,$24,$-10,$14,$6,$8,$8,$8,$42,$24,$60,60,$0.13,$0.13,$88,$1022,$300,$2188,$207,$0,$894,$102,$1204,$3392,$1326,$897,$76,$1047,$2373,$124,$683,$-16,$1019,$3392,$8,$18,$3,$21,$-19,$-31,$9,$29,$-11,$18,$-14,$0,$0,$0,$0,$0,$0,$-14,$-3,$0,$-3,$0,$0,$-16,$-2,$-22,$-17,$3,$-16
3,2017-12-31,18.3,$16.52,1.11,$155.48,0.12,$-2.87,0.0,$1.21,15.12,$2.18B,$1.31B,1.67,$0.90B,$1.02B,0.89,$9.32B,$1.17B,12.58%,$9.32B,$0.09B,0.97%,$9.32B,$0.09B,0.97%,$9.32B,$0.15B,1.60%,$9.32B,$0.06B,0.62%,$9.32B,$0.07B,0.78%,$0.07B,$1.02B,7.33%,$0.07B,$0.12B,25.13%,$0.07B,$3.38B,2.39%,$0.09B,$1.92B,5.18%,$2390,$2075,$315,$0,$282,$2399,$-9,$-10,$-18,$-41,$23,$23,$23,$10,$-9,$60,60,$0.38,$0.38,$105,$990,$328,$2182,$206,$0,$898,$90,$1194,$3376,$1310,$901,$76,$1051,$2361,$123,$691,$-25,$1015,$3376,$73,$59,$-35,$24,$-100,$-57,$144,$-33,$-46,$57,$-50,$0,$-367,$0,$0,$0,$0,$-417,$351,$0,$351,$-5,$-5,$-63,$-11,$273,$-81,$12,$-63
4,2017-09-30,27.92,$16.39,1.7,$154.42,0.18,$-0.31,0.0,$1.28,21.81,$2.13B,$1.20B,1.77,$0.92B,$1.00B,0.91,$9.30B,$1.15B,12.39%,$9.30B,$0.15B,1.59%,$9.30B,$0.15B,1.59%,$9.30B,$0.20B,2.16%,$9.30B,$0.12B,1.27%,$9.30B,$0.08B,0.83%,$0.08B,$1.00B,7.84%,$0.08B,$0.08B,20.42%,$0.08B,$3.33B,2.67%,$0.15B,$1.92B,9.03%,$2334,$2032,$302,$0,$261,$2304,$30,$-9,$21,$10,$11,$11,$11,$46,$30,$60,60,$0.18,$0.18,$98,$989,$311,$2132,$204,$0,$922,$77,$1202,$3334,$1204,$917,$71,$1126,$2330,$122,$683,$-26,$1004,$3334,$50,$41,$5,$46,$-79,$-56,$80,$-41,$-96,$6,$-37,$0,$-367,$0,$0,$0,$0,$-404,$367,$0,$367,$-5,$-5,$-47,$-9,$306,$-87,$9,$-47
5,2017-06-30,30.5,$16.23,1.88,$155.01,0.2,$2.31,13.18,$1.58,19.3,$2.02B,$1.06B,1.9,$0.58B,$0.99B,0.58,$9.38B,$1.15B,12.22%,$9.38B,$0.17B,1.83%,$9.38B,$0.17B,1.83%,$9.38B,$0.22B,2.37%,$9.38B,$0.14B,1.54%,$9.38B,$0.10B,1.02%,$0.10B,$0.99B,9.82%,$0.10B,$0.49B,20.13%,$0.10B,$2.80B,3.49%,$0.17B,$1.57B,11.12%,$2266,$1992,$274,$0,$237,$2233,$33,$-7,$26,$6,$20,$20,$20,$45,$33,$60,60,$0.33,$0.33,$57,$1004,$306,$2023,$198,$0,$503,$71,$772,$2795,$1063,$579,$69,$738,$1802,$122,$688,$-39,$994,$2795,$39,$25,$-0,$25,$-42,$-86,$42,$-66,$-152,$-82,$-24,$0,$0,$0,$0,$0,$0,$-24,$0,$15,$15,$-5,$-5,$-31,$-6,$-27,$-128,$6,$-31
6,2017-03-31,32.52,$15.85,2.05,$157.54,0.21,$4.65,7.0,$1.69,19.24,$1.94B,$1.01B,1.93,$0.56B,$0.97B,0.58,$9.60B,$1.17B,12.20%,$9.60B,$0.19B,1.99%,$9.60B,$0.19B,1.99%,$9.60B,$0.24B,2.53%,$9.60B,$0.16B,1.70%,$9.60B,$0.10B,1.07%,$0.10B,$0.97B,10.53%,$0.10B,$0.47B,21.62%,$0.10B,$2.70B,3.76%,$0.19B,$1.53B,12.37%,$2329,$2047,$281,$0,$238,$2293,$36,$-7,$29,$10,$19,$19,$19,$48,$36,$60,60,$0.31,$0.31,$127,$949,$261,$1943,$195,$0,$497,$65,$758,$2701,$1008,$564,$69,$723,$1731,$122,$689,$-62,$970,$2701,$19,$13,$1,$14,$2,$-33,$-7,$-25,$-64,$-26,$-14,$0,$0,$0,$0,$0,$0,$-14,$0,$0,$0,$0,$0,$-16,$-3,$-18,$-58,$3,$-16
7,2016-12-31,32.93,$15.73,2.09,$158.55,0.21,$6.02,5.47,$1.77,18.61,$1.96B,$1.04B,1.9,$0.57B,$0.96B,0.59,$9.72B,$1.19B,12.21%,$9.72B,$0.20B,2.06%,$9.72B,$0.20B,2.06%,$9.72B,$0.25B,2.61%,$9.72B,$0.17B,1.77%,$9.72B,$0.11B,1.11%,$0.11B,$0.96B,10.94%,$0.11B,$0.46B,22.44%,$0.11B,$2.72B,3.90%,$0.20B,$1.53B,12.87%,$2368,$2073,$295,$0,$243,$2319,$49,$-7,$42,$15,$27,$27,$27,$62,$49,$61,61,$0.44,$0.44,$185,$916,$254,$1962,$192,$0,$497,$67,$756,$2718,$1035,$565,$68,$723,$1758,$122,$686,$-67,$960,$2718,$109,$55,$17,$72,$-25,$23,$43,$-38,$3,$188,$-25,$0,$0,$0,$0,$0,$0,$-25,$0,$0,$0,$-71,$-71,$-63,$-8,$-143,$24,$12,$-63
8,2016-09-30,32.18,$15.99,2.01,$159.83,0.2,$7.12,4.52,$1.83,17.58,$2.02B,$1.09B,1.85,$0.57B,$0.99B,0.57,$9.84B,$1.20B,12.23%,$9.84B,$0.21B,2.12%,$9.84B,$0.21B,2.12%,$9.84B,$0.26B,2.68%,$9.84B,$0.18B,1.84%,$9.84B,$0.11B,1.15%,$0.11B,$0.99B,11.35%,$0.11B,$0.48B,23.30%,$0.11B,$2.80B,4.06%,$0.21B,$1.55B,13.38%,$2416,$2119,$296,$0,$241,$2362,$54,$-7,$47,$17,$30,$30,$30,$67,$54,$61,61,$0.48,$0.48,$213,$945,$284,$2021,$199,$0,$505,$70,$774,$2795,$1094,$566,$64,$714,$1808,$123,$695,$-49,$987,$2795,$82,$42,$5,$48,$5,$-5,$59,$-45,$14,$145,$-16,$0,$0,$0,$0,$0,$0,$-16,$0,$22,$22,$-49,$-49,$-48,$-8,$-83,$52,$9,$-48
9,2016-06-30,34.37,$15.94,2.16,$160.11,0.21,$7.82,4.4,$1.80,19.1,$1.98B,$1.04B,1.89,$0.57B,$1.00B,0.57,$9.90B,$1.21B,12.26%,$9.90B,$0.21B,2.11%,$9.90B,$0.21B,2.11%,$9.90B,$0.27B,2.69%,$9.90B,$0.18B,1.83%,$9.90B,$0.11B,1.12%,$0.11B,$1.00B,11.16%,$0.11B,$0.49B,23.06%,$0.11B,$2.76B,4.01%,$0.21B,$1.56B,13.36%,$2484,$2184,$299,$0,$243,$2432,$52,$-7,$45,$18,$28,$28,$27,$66,$52,$62,62,$0.45,$0.45,$139,$958,$269,$1975,$202,$0,$508,$72,$781,$2756,$1044,$567,$64,$716,$1760,$125,$707,$-50,$996,$2756,$52,$28,$4,$32,$-30,$-18,$63,$-57,$-42,$43,$-9,$0,$0,$0,$0,$0,$0,$-9,$0,$0,$0,$-21,$-21,$-32,$-6,$-59,$-22,$6,$-32
10,2016-03-31,36.92,$16.00,2.31,$158.65,0.23,$10.87,3.39,$1.74,21.22,$2.00B,$1.07B,1.88,$0.57B,$1.01B,0.57,$9.84B,$1.21B,12.33%,$9.84B,$0.21B,2.08%,$9.84B,$0.21B,2.08%,$9.84B,$0.27B,2.69%,$9.84B,$0.18B,1.80%,$9.84B,$0.11B,1.10%,$0.11B,$1.01B,10.91%,$0.11B,$0.49B,22.85%,$0.11B,$2.80B,3.89%,$0.21B,$1.57B,13.13%,$2456,$2159,$297,$0,$243,$2411,$45,$-7,$38,$14,$24,$24,$24,$59,$45,$62,62,$0.39,$0.39,$190,$926,$270,$2001,$208,$0,$513,$74,$795,$2797,$1067,$568,$64,$725,$1792,$126,$710,$-43,$1005,$2797,$24,$14,$10,$24,$-27,$15,$47,$-38,$-3,$45,$-2,$0,$0,$0,$0,$0,$0,$-2,$0,$8,$8,$-6,$-6,$-16,$-3,$-16,$29,$3,$-16
11,2015-12-31,32.65,$15.80,2.07,$157.25,0.21,$12.71,2.57,$1.65,19.79,$1.98B,$1.06B,1.86,$0.57B,$0.99B,0.57,$9.77B,$1.21B,12.42%,$9.77B,$0.20B,2.06%,$9.77B,$0.20B,2.06%,$9.77B,$0.27B,2.72%,$9.77B,$0.17B,1.77%,$9.77B,$0.10B,1.05%,$0.10B,$0.99B,10.50%,$0.10B,$0.48B,22.32%,$0.10B,$2.77B,3.74%,$0.20B,$1.56B,12.93%,$2488,$2176,$312,$0,$250,$2430,$58,$-7,$51,$19,$32,$32,$32,$72,$58,$62,62,$0.51,$0.51,$161,$941,$285,$1975,$209,$0,$515,$75,$799,$2774,$1064,$568,$63,$718,$1781,$126,$707,$-52,$993,$2774,$103,$66,$5,$71,$18,$-70,$114,$30,$93,$270,$-36,$0,$0,$0,$0,$0,$0,$-36,$-34,$0,$-34,$-20,$-20,$-64,$-8,$-125,$104,$11,$-64
12,2015-09-30,28.78,$15.67,1.84,$157.24,0.18,$7.75,3.72,$1.36,21.16,$1.93B,$1.07B,1.81,$0.57B,$0.99B,0.58,$9.78B,$1.22B,12.44%,$9.78B,$0.18B,1.88%,$9.78B,$0.18B,1.88%,$9.78B,$0.26B,2.63%,$9.78B,$0.16B,1.60%,$9.78B,$0.09B,0.87%,$0.09B,$0.99B,8.67%,$0.09B,$0.47B,18.61%,$0.09B,$2.75B,3.10%,$0.18B,$1.56B,11.77%,$2472,$2165,$306,$0,$247,$2418,$54,$-7,$47,$19,$28,$28,$28,$69,$54,$62,62,$0.45,$0.45,$125,$897,$266,$1928,$215,$0,$519,$90,$823,$2752,$1068,$574,$63,$698,$1766,$126,$695,$-43,$986,$2752,$71,$52,$11,$63,$-14,$-25,$83,$26,$70,$206,$-32,$0,$0,$0,$0,$0,$0,$-32,$-34,$0,$-34,$-16,$-16,$-48,$-6,$-103,$68,$8,$-48
13,2015-06-30,30.41,$15.51,1.96,$155.75,0.2,$5.38,5.66,$1.02,29.82,$1.96B,$1.12B,1.75,$0.58B,$0.98B,0.59,$9.69B,$1.20B,12.40%,$9.69B,$0.17B,1.70%,$9.69B,$0.17B,1.70%,$9.69B,$0.24B,2.45%,$9.69B,$0.13B,1.29%,$9.69B,$0.06B,0.66%,$0.06B,$0.98B,6.49%,$0.06B,$0.45B,12.45%,$0.06B,$2.80B,2.29%,$0.17B,$1.55B,10.53%,$2422,$2124,$298,$0,$247,$2374,$48,$-7,$41,$17,$24,$24,$24,$65,$48,$62,62,$0.39,$0.39,$201,$904,$275,$1961,$219,$0,$523,$92,$834,$2795,$1118,$575,$63,$700,$1818,$126,$690,$-45,$977,$2795,$43,$36,$8,$44,$42,$-32,$146,$3,$158,$247,$-22,$0,$0,$0,$0,$0,$0,$-22,$0,$-32,$-32,$-7,$-7,$-32,$-5,$-76,$144,$5,$-32
14,2015-03-31,30.05,$15.34,1.96,$153.83,0.2,$2.32,12.94,$0.95,31.63,$1.86B,$1.03B,1.81,$0.58B,$0.97B,0.59,$9.58B,$1.19B,12.39%,$9.58B,$0.15B,1.61%,$9.58B,$0.15B,1.61%,$9.58B,$0.22B,2.33%,$9.58B,$0.12B,1.23%,$9.58B,$0.06B,0.63%,$0.06B,$0.97B,6.00%,$0.06B,$0.45B,10.34%,$0.06B,$2.70B,2.23%,$0.15B,$1.54B,10.33%,$2391,$2094,$298,$0,$250,$2350,$41,$-7,$34,$15,$19,$19,$19,$60,$41,$62,62,$0.30,$0.30,$159,$875,$233,$1864,$222,$0,$522,$92,$835,$2700,$1030,$575,$64,$702,$1731,$126,$689,$-52,$968,$2700,$19,$19,$3,$22,$27,$-4,$89,$14,$126,$169,$-12,$0,$0,$0,$0,$0,$0,$-12,$-34,$1,$-33,$0,$0,$-16,$-2,$-50,$102,$3,$-16
15,2014-12-31,30.94,$15.71,1.97,$151.63,0.2,$1.07,29.02,$1.06,29.19,$1.87B,$0.97B,1.94,$0.61B,$0.99B,0.61,$9.44B,$1.17B,12.38%,$9.44B,$0.16B,1.68%,$9.44B,$0.16B,1.68%,$9.44B,$0.22B,2.36%,$9.44B,$0.13B,1.35%,$9.44B,$0.07B,0.70%,$0.07B,$0.99B,6.50%,$0.07B,$0.46B,10.19%,$0.07B,$2.74B,2.54%,$0.16B,$1.60B,11.22%,$2492,$2178,$314,$0,$301,$2451,$41,$-7,$34,$20,$14,$14,$14,$63,$41,$62,62,$0.22,$0.22,$57,$872,$314,$1870,$233,$0,$532,$101,$866,$2735,$967,$609,$68,$778,$1745,$126,$686,$-24,$991,$2735,$67,$63,$20,$84,$-18,$-57,$-52,$-26,$-153,$-4,$-71,$0,$-249,$0,$2,$2,$0,$-317,$364,$0,$364,$-9,$-9,$-63,$-14,$279,$-45,$8,$-63
16,2014-09-30,28.64,$15.97,1.79,$148.59,0.19,$3.59,7.97,$1.28,22.38,$2.33B,$1.28B,1.82,$0.56B,$1.01B,0.56,$9.27B,$1.15B,12.37%,$9.27B,$0.17B,1.82%,$9.27B,$0.17B,1.82%,$9.27B,$0.22B,2.42%,$9.27B,$0.14B,1.52%,$9.27B,$0.08B,0.86%,$0.08B,$1.01B,7.81%,$0.08B,$0.70B,11.26%,$0.08B,$2.94B,3.20%,$0.17B,$1.57B,12.74%,$2386,$2094,$292,$0,$231,$2351,$35,$-19,$16,$9,$7,$7,$7,$49,$35,$62,62,$0.11,$0.11,$610,$834,$295,$2330,$204,$0,$311,$99,$614,$2944,$1279,$564,$52,$658,$1936,$126,$688,$-7,$1008,$2944,$53,$42,$13,$55,$-21,$-64,$55,$3,$-28,$81,$-54,$0,$0,$0,$2,$2,$0,$-52,$548,$0,$548,$-9,$-9,$-47,$-11,$481,$508,$6,$-47
17,2014-06-30,29.52,$16.35,1.8,$146.46,0.2,$5.04,5.86,$1.61,18.33,$1.75B,$1.02B,1.72,$0.22B,$1.03B,0.21,$9.15B,$1.13B,12.31%,$9.15B,$0.18B,2.00%,$9.15B,$0.18B,2.00%,$9.15B,$0.24B,2.59%,$9.15B,$0.17B,1.87%,$9.15B,$0.10B,1.10%,$0.10B,$1.03B,9.87%,$0.10B,$0.72B,14.25%,$0.10B,$2.36B,4.30%,$0.18B,$1.25B,14.77%,$2306,$2024,$282,$0,$226,$2269,$37,$-3,$34,$14,$20,$20,$20,$51,$37,$62,62,$0.32,$0.32,$92,$821,$288,$1746,$207,$0,$315,$96,$618,$2364,$1018,$219,$53,$314,$1332,$126,$697,$10,$1031,$2364,$45,$28,$-1,$27,$28,$-49,$55,$-33,$2,$73,$-39,$0,$0,$0,$2,$2,$0,$-37,$0,$0,$0,$-8,$-8,$-32,$-5,$-45,$-10,$4,$-32
18,2014-03-31,30.21,$16.38,1.84,$145.10,0.21,$6.84,4.42,$1.75,17.26,$1.77B,$1.03B,1.73,$0.22B,$1.03B,0.21,$9.08B,$1.12B,12.31%,$9.08B,$0.20B,2.16%,$9.08B,$0.20B,2.16%,$9.08B,$0.25B,2.73%,$9.08B,$0.18B,2.03%,$9.08B,$0.11B,1.21%,$0.11B,$1.03B,10.85%,$0.11B,$0.72B,15.74%,$0.11B,$2.37B,4.67%,$0.20B,$1.25B,15.96%,$2256,$1975,$281,$0,$226,$2210,$46,$-3,$43,$18,$25,$25,$25,$60,$46,$62,62,$0.41,$0.41,$182,$768,$275,$1769,$192,$0,$315,$93,$600,$2369,$1026,$215,$53,$311,$1336,$126,$697,$10,$1033,$2369,$25,$14,$2,$16,$30,$4,$16,$4,$53,$93,$-14,$0,$0,$0,$2,$2,$0,$-12,$0,$21,$21,$-4,$-4,$-16,$-2,$-1,$80,$3,$-16
19,2013-12-31,31.3,$16.25,1.93,$144.69,0.22,$7.80,4.01,$1.75,17.89,$1.73B,$0.99B,1.74,$0.21B,$1.03B,0.21,$9.07B,$1.12B,12.30%,$9.07B,$0.20B,2.18%,$9.07B,$0.20B,2.18%,$9.07B,$0.25B,2.74%,$9.07B,$0.19B,2.05%,$9.07B,$0.11B,1.22%,$0.11B,$1.03B,11.10%,$0.11B,$0.71B,16.19%,$0.11B,$2.32B,4.74%,$0.20B,$1.24B,16.31%,$2319,$2027,$291,$0,$222,$2268,$51,$-3,$48,$20,$28,$28,$28,$64,$51,$63,63,$0.45,$0.45,$102,$772,$280,$1726,$192,$0,$316,$90,$598,$2324,$990,$213,$52,$309,$1299,$126,$692,$10,$1025,$2324,$111,$51,$11,$61,$-39,$-7,$47,$-32,$-31,$141,$-57,$0,$0,$0,$0,$0,$0,$-57,$0,$0,$0,$-14,$-14,$-61,$-8,$-82,$4,$6,$-61
20,2013-09-30,29.42,$15.93,1.85,$144.05,0.2,$9.38,3.14,$1.70,17.31,$1.76B,$1.04B,1.69,$0.21B,$1.01B,0.21,$9.04B,$1.10B,12.13%,$9.04B,$0.19B,2.12%,$9.04B,$0.19B,2.12%,$9.04B,$0.24B,2.68%,$9.04B,$0.18B,1.99%,$9.04B,$0.11B,1.19%,$0.11B,$1.01B,10.94%,$0.11B,$0.69B,16.07%,$0.11B,$2.35B,4.66%,$0.19B,$1.22B,15.98%,$2271,$1997,$273,$0,$211,$2221,$49,$-3,$46,$18,$28,$28,$28,$62,$49,$63,63,$0.44,$0.44,$154,$788,$246,$1759,$193,$0,$315,$80,$588,$2348,$1041,$214,$56,$300,$1341,$126,$682,$2,$1006,$2348,$83,$37,$14,$51,$-21,$-24,$94,$-21,$28,$161,$-43,$0,$0,$0,$0,$0,$0,$-43,$0,$0,$0,$-11,$-11,$-46,$-6,$-63,$56,$5,$-46
21,2013-06-30,28.58,$15.63,1.83,$142.49,0.2,$9.82,2.91,$1.65,17.32,$1.80B,$1.09B,1.65,$0.22B,$0.99B,0.22,$8.95B,$1.05B,11.75%,$8.95B,$0.19B,2.12%,$8.95B,$0.19B,2.12%,$8.95B,$0.24B,2.65%,$8.95B,$0.18B,1.99%,$8.95B,$0.10B,1.16%,$0.10B,$0.99B,10.66%,$0.10B,$0.68B,15.83%,$0.10B,$2.38B,4.55%,$0.19B,$1.21B,15.96%,$2236,$1963,$273,$0,$213,$2186,$50,$-3,$47,$18,$29,$29,$29,$62,$50,$63,63,$0.46,$0.46,$208,$794,$248,$1801,$188,$0,$313,$79,$579,$2379,$1090,$215,$55,$299,$1390,$127,$676,$-6,$990,$2379,$55,$25,$10,$34,$2,$-31,$191,$-69,$93,$179,$-31,$0,$0,$0,$0,$0,$0,$-31,$0,$0,$0,$-4,$-4,$-30,$-5,$-39,$110,$3,$-30
22,2013-03-31,27.31,$15.43,1.77,$141.60,0.19,$9.44,2.89,$1.67,16.35,$1.75B,$1.04B,1.69,$0.21B,$0.98B,0.22,$8.90B,$0.99B,11.12%,$8.90B,$0.19B,2.17%,$8.90B,$0.19B,2.17%,$8.90B,$0.24B,2.66%,$8.90B,$0.18B,2.03%,$8.90B,$0.11B,1.18%,$0.11B,$0.98B,10.88%,$0.11B,$0.67B,15.96%,$0.11B,$2.32B,4.82%,$0.19B,$1.19B,16.36%,$2246,$1967,$279,$0,$218,$2199,$48,$-3,$45,$19,$26,$26,$26,$61,$48,$63,63,$0.41,$0.41,$219,$743,$205,$1748,$188,$0,$313,$72,$573,$2321,$1037,$214,$64,$307,$1343,$127,$668,$-8,$978,$2321,$26,$13,$2,$15,$-35,$22,$98,$29,$114,$155,$-15,$0,$0,$0,$0,$0,$0,$-15,$0,$0,$0,$-0,$-0,$-15,$-2,$-17,$121,$2,$-15
23,2012-12-31,23.73,$15.39,1.54,$141.06,0.17,$8.70,2.73,$1.72,13.8,$1.63B,$0.93B,1.76,$0.22B,$0.97B,0.22,$8.87B,$0.92B,10.42%,$8.87B,$0.20B,2.22%,$8.87B,$0.20B,2.22%,$8.87B,$0.24B,2.66%,$8.87B,$0.18B,2.07%,$8.87B,$0.11B,1.22%,$0.11B,$0.97B,11.31%,$0.11B,$0.66B,16.41%,$0.11B,$2.21B,5.19%,$0.20B,$1.19B,16.86%,$2285,$2014,$271,$0,$211,$2240,$45,$-3,$42,$17,$25,$25,$25,$57,$45,$63,63,$0.39,$0.39,$98,$764,$231,$1630,$192,$0,$317,$75,$584,$2214,$926,$215,$63,$315,$1241,$127,$659,$-0,$974,$2214,$109,$40,$8,$47,$27,$59,$-19,$-4,$63,$219,$-36,$0,$-155,$0,$0,$0,$0,$-191,$0,$0,$0,$-10,$-10,$-56,$-3,$-68,$-38,$6,$-56
24,2012-09-30,24.68,$15.15,1.63,$139.59,0.18,$6.34,3.89,$1.71,14.43,$1.65B,$0.95B,1.74,$0.22B,$0.96B,0.22,$8.78B,$0.87B,9.88%,$8.78B,$0.20B,2.22%,$8.78B,$0.20B,2.22%,$8.78B,$0.23B,2.63%,$8.78B,$0.18B,2.06%,$8.78B,$0.11B,1.22%,$0.11B,$0.96B,11.37%,$0.11B,$0.63B,16.30%,$0.11B,$2.22B,5.32%,$0.20B,$1.18B,16.89%,$2180,$1952,$228,$0,$165,$2133,$47,$-3,$44,$19,$25,$25,$24,$57,$47,$63,63,$0.39,$0.39,$80,$777,$212,$1652,$176,$0,$330,$64,$570,$2222,$949,$215,$66,$312,$1262,$127,$651,$-5,$960,$2222,$84,$27,$6,$34,$-8,$45,$32,$-16,$54,$170,$-25,$0,$-150,$0,$0,$0,$0,$-174,$0,$0,$0,$-7,$-7,$-42,$-5,$-53,$-56,$5,$-42
25,2012-06-30,25.1,$14.96,1.68,$139.49,0.18,$5.34,4.7,$1.85,13.57,$1.53B,$0.71B,2.16,$0.21B,$0.95B,0.22,$8.78B,$0.86B,9.75%,$8.78B,$0.21B,2.35%,$8.78B,$0.21B,2.35%,$8.78B,$0.24B,2.75%,$8.78B,$0.19B,2.19%,$8.78B,$0.12B,1.32%,$0.12B,$0.95B,12.50%,$0.12B,$0.68B,17.63%,$0.12B,$1.96B,5.97%,$0.21B,$1.16B,18.06%,$2185,$1974,$211,$0,$150,$2132,$53,$-3,$50,$20,$30,$30,$30,$62,$53,$63,63,$0.48,$0.48,$225,$749,$72,$1531,$104,$0,$270,$51,$424,$1955,$708,$212,$60,$298,$1005,$127,$644,$-7,$950,$1955,$59,$17,$3,$20,$21,$58,$-16,$1,$63,$143,$-18,$0,$0,$0,$0,$0,$0,$-18,$0,$0,$0,$-4,$-4,$-28,$-4,$-36,$89,$4,$-28
26,2012-03-31,24.73,$14.73,1.68,$138.46,0.18,$3.77,6.56,$1.83,13.52,$1.50B,$0.69B,2.17,$0.21B,$0.94B,0.23,$8.72B,$0.86B,9.87%,$8.72B,$0.20B,2.34%,$8.72B,$0.20B,2.34%,$8.72B,$0.24B,2.73%,$8.72B,$0.19B,2.18%,$8.72B,$0.12B,1.32%,$0.12B,$0.94B,12.58%,$0.12B,$0.67B,17.85%,$0.12B,$1.93B,5.95%,$0.20B,$1.15B,18.10%,$2218,$2004,$214,$0,$156,$2166,$52,$-3,$48,$19,$29,$29,$29,$60,$52,$63,63,$0.46,$0.46,$214,$724,$67,$1504,$108,$0,$270,$43,$421,$1925,$692,$212,$61,$297,$989,$127,$632,$-7,$936,$1925,$29,$9,$1,$10,$8,$82,$-38,$12,$63,$102,$-8,$0,$0,$0,$0,$0,$0,$-8,$0,$0,$0,$-0,$-0,$-14,$-1,$-16,$78,$2,$-14
27,2011-12-31,22.44,$14.49,1.55,$136.99,0.16,$2.88,7.79,$1.82,12.33,$1.53B,$0.73B,2.08,$0.21B,$0.92B,0.23,$8.63B,$0.86B,9.94%,$8.63B,$0.20B,2.35%,$8.63B,$0.20B,2.35%,$8.63B,$0.24B,2.76%,$8.63B,$0.19B,2.19%,$8.63B,$0.11B,1.32%,$0.11B,$0.92B,12.66%,$0.11B,$0.65B,18.10%,$0.11B,$1.95B,5.91%,$0.20B,$1.13B,18.25%,$2196,$1982,$214,$0,$151,$2153,$43,$-4,$39,$16,$24,$24,$24,$52,$43,$63,63,$0.38,$0.37,$136,$806,$77,$1526,$108,$0,$271,$42,$421,$1947,$732,$213,$61,$295,$1028,$127,$620,$-7,$919,$1947,$115,$34,$22,$56,$-37,$-86,$44,$-25,$-104,$68,$-34,$0,$0,$0,$0,$0,$0,$-34,$0,$0,$0,$-7,$-7,$-51,$0,$-58,$-23,$6,$-51
28,2011-09-30,22.83,$14.30,1.6,$135.18,0.17,$4.02,5.68,$1.78,12.83,$1.53B,$0.76B,2.01,$0.21B,$0.91B,0.24,$8.50B,$0.85B,10.02%,$8.50B,$0.20B,2.34%,$8.50B,$0.20B,2.34%,$8.50B,$0.23B,2.74%,$8.50B,$0.19B,2.19%,$8.50B,$0.11B,1.32%,$0.11B,$0.91B,12.65%,$0.11B,$0.64B,18.24%,$0.11B,$1.95B,5.90%,$0.20B,$1.12B,18.15%,$2177,$1960,$217,$0,$153,$2118,$58,$-3,$55,$22,$33,$33,$33,$67,$58,$63,63,$0.53,$0.53,$197,$761,$65,$1530,$105,$0,$270,$45,$420,$1950,$760,$213,$49,$283,$1043,$127,$608,$-5,$907,$1950,$91,$25,$17,$43,$-37,$-52,$81,$-18,$-26,$108,$-25,$0,$0,$0,$0,$0,$0,$-25,$0,$0,$0,$-8,$-8,$-38,$1,$-45,$38,$4,$-38
29,2011-06-30,27.46,$14.05,1.95,$133.56,0.21,$5.73,4.79,$1.75,15.69,$1.49B,$0.73B,2.03,$0.21B,$0.90B,0.24,$8.39B,$0.84B,10.00%,$8.39B,$0.20B,2.34%,$8.39B,$0.20B,2.34%,$8.39B,$0.23B,2.73%,$8.39B,$0.18B,2.18%,$8.39B,$0.11B,1.31%,$0.11B,$0.90B,12.67%,$0.11B,$0.63B,18.46%,$0.11B,$1.91B,5.88%,$0.20B,$1.11B,18.19%,$2131,$1915,$216,$0,$156,$2080,$51,$-3,$48,$19,$29,$29,$29,$59,$51,$63,63,$0.46,$0.46,$159,$752,$71,$1486,$101,$0,$271,$48,$420,$1906,$733,$212,$49,$277,$1010,$128,$598,$-5,$896,$1906,$58,$17,$14,$31,$-34,$-43,$50,$-23,$-50,$40,$-14,$0,$0,$0,$0,$0,$0,$-14,$0,$0,$0,$2,$2,$-25,$-3,$-26,$-0,$4,$-25
30,2011-03-31,25.7,$13.82,1.86,$132.10,0.19,$7.94,3.24,$1.75,14.69,$1.49B,$0.76B,1.96,$0.21B,$0.88B,0.24,$8.28B,$0.82B,9.93%,$8.28B,$0.20B,2.38%,$8.28B,$0.20B,2.38%,$8.28B,$0.23B,2.77%,$8.28B,$0.18B,2.22%,$8.28B,$0.11B,1.33%,$0.11B,$0.88B,12.97%,$0.11B,$0.61B,19.13%,$0.11B,$1.91B,5.96%,$0.20B,$1.09B,18.65%,$2124,$1913,$211,$0,$151,$2073,$51,$-4,$47,$19,$29,$29,$28,$60,$51,$63,63,$0.45,$0.45,$186,$730,$57,$1493,$101,$0,$272,$46,$418,$1911,$761,$209,$48,$270,$1030,$127,$586,$-5,$881,$1911,$29,$9,$13,$22,$-49,$-21,$73,$-9,$-6,$45,$-7,$0,$0,$0,$0,$0,$0,$-7,$0,$0,$0,$4,$4,$-13,$-1,$-11,$27,$3,$-13
31,2010-12-31,23.14,$13.52,1.71,$129.88,0.18,$9.46,2.45,$1.74,13.3,$1.40B,$0.69B,2.02,$0.21B,$0.86B,0.24,$8.12B,$0.81B,9.95%,$8.12B,$0.20B,2.40%,$8.12B,$0.20B,2.40%,$8.12B,$0.23B,2.77%,$8.12B,$0.18B,2.25%,$8.12B,$0.11B,1.35%,$0.11B,$0.86B,13.32%,$0.11B,$0.59B,19.92%,$0.11B,$1.82B,6.10%,$0.20B,$1.07B,18.85%,$2070,$1862,$208,$0,$142,$2031,$39,$-4,$36,$14,$22,$22,$22,$47,$39,$62,63,$0.35,$0.35,$159,$720,$53,$1404,$102,$0,$272,$45,$418,$1822,$694,$209,$49,$270,$965,$127,$570,$-5,$858,$1822,$111,$29,$27,$56,$25,$-41,$-15,$9,$-23,$143,$-37,$0,$0,$0,$0,$0,$0,$-37,$0,$0,$0,$7,$7,$-45,$-3,$-41,$63,$6,$-45
32,2010-09-30,22.23,$13.19,1.69,$129.66,0.17,$10.82,2.05,$1.91,11.62,$1.43B,$0.74B,1.93,$0.21B,$0.84B,0.25,$8.09B,$0.83B,10.24%,$8.09B,$0.21B,2.62%,$8.09B,$0.21B,2.62%,$8.09B,$0.24B,2.97%,$8.09B,$0.20B,2.47%,$8.09B,$0.12B,1.49%,$0.12B,$0.84B,15.05%,$0.12B,$0.56B,22.85%,$0.12B,$1.84B,6.78%,$0.21B,$1.05B,20.95%,$2064,$1860,$204,$0,$141,$2009,$55,$-4,$52,$20,$32,$32,$31,$63,$55,$62,63,$0.50,$0.50,$145,$733,$49,$1429,$94,$0,$273,$46,$412,$1841,$741,$209,$46,$263,$1004,$127,$560,$-12,$837,$1841,$89,$21,$13,$35,$-5,$-52,$148,$1,$92,$214,$-25,$0,$0,$0,$0,$0,$0,$-25,$0,$-108,$-108,$6,$6,$-34,$-3,$-139,$49,$5,$-34
33,2010-06-30,22.02,$12.85,1.71,$129.41,0.17,$10.05,2.19,$1.97,11.2,$1.39B,$0.72B,1.93,$0.21B,$0.82B,0.26,$8.07B,$0.83B,10.28%,$8.07B,$0.21B,2.65%,$8.07B,$0.21B,2.65%,$8.07B,$0.24B,2.98%,$8.07B,$0.20B,2.49%,$8.07B,$0.12B,1.54%,$0.12B,$0.82B,15.88%,$0.12B,$0.54B,24.51%,$0.12B,$1.81B,7.09%,$0.21B,$1.02B,21.64%,$2020,$1821,$199,$0,$140,$1968,$52,$-4,$49,$19,$29,$29,$29,$59,$52,$62,63,$0.47,$0.46,$158,$712,$54,$1392,$93,$0,$274,$47,$413,$1805,$720,$208,$52,$269,$989,$127,$539,$-13,$816,$1805,$57,$14,$12,$26,$29,$-31,$114,$-11,$101,$183,$-19,$0,$0,$0,$0,$0,$0,$-19,$0,$-82,$-82,$6,$6,$-22,$-3,$-102,$62,$5,$-22
34,2010-03-31,23.72,$12.54,1.89,$129.68,0.18,$9.15,2.59,$1.89,12.57,$1.34B,$0.68B,1.97,$0.21B,$0.79B,0.26,$8.06B,$0.83B,10.27%,$8.06B,$0.21B,2.62%,$8.06B,$0.21B,2.62%,$8.06B,$0.24B,2.93%,$8.06B,$0.20B,2.46%,$8.06B,$0.12B,1.48%,$0.12B,$0.79B,15.75%,$0.12B,$0.52B,24.83%,$0.12B,$1.75B,6.92%,$0.21B,$1.00B,21.89%,$1970,$1773,$197,$0,$141,$1921,$49,$-3,$46,$18,$28,$28,$28,$56,$49,$62,62,$0.44,$0.44,$146,$670,$49,$1343,$87,$0,$274,$45,$406,$1749,$684,$208,$57,$273,$957,$126,$521,$-13,$793,$1749,$28,$7,$6,$13,$18,$12,$67,$1,$98,$139,$-8,$0,$0,$0,$0,$0,$0,$-8,$0,$-72,$-72,$3,$3,$-11,$-0,$-81,$50,$3,$-11
35,2009-12-31,21.82,$12.23,1.78,$129.62,0.17,$8.25,2.64,$1.67,13.04,$1.34B,$0.70B,1.92,$0.21B,$0.77B,0.27,$8.04B,$0.82B,10.14%,$8.04B,$0.20B,2.51%,$8.04B,$0.20B,2.51%,$8.04B,$0.23B,2.81%,$8.04B,$0.19B,2.35%,$8.04B,$0.11B,1.31%,$0.11B,$0.77B,14.35%,$0.11B,$0.49B,23.13%,$0.11B,$1.75B,6.16%,$0.20B,$0.98B,21.47%,$2040,$1812,$229,$0,$167,$1985,$56,$-3,$53,$21,$32,$32,$33,$62,$56,$62,62,$0.51,$0.52,$96,$690,$58,$1342,$85,$0,$275,$45,$405,$1747,$700,$208,$60,$278,$978,$84,$504,$-13,$769,$1747,$105,$25,$36,$61,$19,$-14,$34,$14,$53,$218,$-28,$0,$7,$0,$0,$0,$0,$-21,$-151,$0,$-151,$7,$7,$-38,$1,$-182,$88,$7,$-38
36,2009-09-30,22.88,$11.86,1.93,$128.45,0.18,$5.78,3.96,$1.49,15.39,$1.29B,$0.69B,1.89,$0.21B,$0.75B,0.28,$7.96B,$0.80B,10.09%,$7.96B,$0.19B,2.44%,$7.96B,$0.19B,2.44%,$7.96B,$0.22B,2.74%,$7.96B,$0.18B,2.28%,$7.96B,$0.09B,1.16%,$0.09B,$0.75B,12.93%,$0.09B,$0.47B,21.26%,$0.09B,$1.70B,5.37%,$0.19B,$0.95B,20.24%,$2035,$1830,$204,$0,$142,$1978,$57,$-3,$53,$19,$35,$35,$34,$63,$57,$62,62,$0.56,$0.55,$43,$679,$61,$1293,$83,$0,$276,$46,$404,$1697,$686,$208,$58,$266,$952,$84,$482,$-12,$746,$1697,$72,$19,$27,$45,$8,$-5,$48,$-7,$45,$161,$-21,$0,$7,$0,$0,$0,$0,$-14,$-151,$-13,$-163,$5,$5,$-29,$1,$-186,$35,$6,$-29
37,2009-06-30,22.04,$11.41,1.93,$124.41,0.18,$5.14,4.28,$1.34,16.45,$1.28B,$0.70B,1.83,$0.21B,$0.71B,0.29,$7.71B,$0.78B,10.09%,$7.71B,$0.18B,2.37%,$7.71B,$0.18B,2.37%,$7.71B,$0.21B,2.69%,$7.71B,$0.17B,2.18%,$7.71B,$0.08B,1.08%,$0.08B,$0.71B,11.95%,$0.08B,$0.44B,20.21%,$0.08B,$1.69B,4.94%,$0.18B,$0.92B,19.43%,$2014,$1816,$198,$0,$144,$1965,$49,$-3,$46,$18,$28,$28,$24,$55,$49,$62,62,$0.38,$0.38,$15,$697,$72,$1283,$80,$0,$279,$46,$405,$1689,$703,$208,$64,$272,$975,$83,$457,$-12,$714,$1689,$38,$12,$35,$47,$19,$-34,$71,$-18,$38,$123,$-17,$0,$7,$0,$0,$0,$0,$-10,$-151,$-14,$-165,$2,$2,$-19,$-0,$-182,$7,$4,$-19
38,2009-03-31,16.56,$11.17,1.48,$120.38,0.14,$4.50,3.68,$1.34,12.36,$1.28B,$0.72B,1.79,$0.21B,$0.70B,0.31,$7.47B,$0.76B,10.11%,$7.47B,$0.18B,2.37%,$7.47B,$0.18B,2.37%,$7.47B,$0.20B,2.69%,$7.47B,$0.16B,2.17%,$7.47B,$0.08B,1.11%,$0.08B,$0.70B,12.19%,$0.08B,$0.42B,21.17%,$0.08B,$1.69B,5.01%,$0.18B,$0.91B,19.01%,$1949,$1765,$184,$0,$139,$1909,$40,$-3,$37,$14,$22,$22,$14,$46,$40,$61,62,$0.23,$0.22,$11,$702,$58,$1282,$79,$0,$280,$46,$405,$1687,$716,$213,$61,$274,$990,$83,$443,$-12,$697,$1687,$14,$6,$28,$34,$8,$-40,$60,$6,$35,$83,$-8,$0,$7,$0,$0,$0,$0,$-1,$-146,$-1,$-148,$1,$1,$-10,$0,$-156,$3,$2,$-10
39,2008-12-31,18.68,$11.08,1.69,$116.80,0.16,$5.07,3.68,$1.51,12.4,$1.31B,$0.67B,1.97,$0.36B,$0.69B,0.52,$7.24B,$0.74B,10.23%,$7.24B,$0.18B,2.49%,$7.24B,$0.18B,2.49%,$7.24B,$0.20B,2.80%,$7.24B,$0.16B,2.26%,$7.24B,$0.09B,1.28%,$0.09B,$0.69B,13.97%,$0.09B,$0.41B,25.05%,$0.09B,$1.78B,5.75%,$0.18B,$1.05B,19.66%,$1958,$1741,$217,$0,$165,$1910,$48,$-3,$45,$18,$27,$27,$20,$54,$48,$61,62,$0.32,$0.32,$8,$679,$71,$1312,$77,$0,$280,$45,$464,$1776,$668,$359,$58,$420,$1087,$83,$438,$-12,$689,$1776,$93,$22,$53,$75,$-48,$-56,$-14,$14,$-104,$63,$-27,$0,$-97,$0,$0,$0,$0,$-123,$74,$11,$85,$9,$9,$-33,$4,$65,$-3,$8,$-33
40,2008-09-30,23.93,$10.94,2.19,$112.19,0.21,$7.50,3.19,$1.55,15.47,$1.15B,$0.64B,1.81,$0.21B,$0.68B,0.31,$6.93B,$0.64B,9.30%,$6.93B,$0.17B,2.45%,$6.93B,$0.17B,2.45%,$6.93B,$0.18B,2.58%,$6.93B,$0.15B,2.21%,$6.93B,$0.10B,1.37%,$0.10B,$0.68B,14.69%,$0.10B,$0.38B,26.43%,$0.10B,$1.57B,6.11%,$0.17B,$0.89B,19.36%,$1787,$1608,$179,$0,$129,$1741,$46,$-6,$40,$15,$25,$25,$25,$52,$46,$61,62,$0.41,$0.41,$26,$609,$50,$1153,$78,$0,$297,$44,$419,$1572,$636,$209,$48,$257,$893,$83,$426,$-7,$679,$1572,$73,$16,$23,$39,$-11,$-38,$46,$8,$5,$119,$-18,$0,$0,$0,$0,$0,$0,$-18,$0,$-76,$-76,$8,$8,$-25,$5,$-88,$15,$6,$-25
41,2008-06-30,22.45,$10.62,2.11,$110.97,0.2,$8.84,2.54,$1.49,15.1,$1.17B,$0.66B,1.78,$0.22B,$0.66B,0.34,$6.83B,$0.64B,9.42%,$6.83B,$0.17B,2.42%,$6.83B,$0.17B,2.42%,$6.83B,$0.18B,2.59%,$6.83B,$0.15B,2.18%,$6.83B,$0.09B,1.33%,$0.09B,$0.66B,14.55%,$0.09B,$0.36B,27.12%,$0.09B,$1.59B,5.85%,$0.17B,$0.88B,19.14%,$1771,$1596,$175,$0,$129,$1728,$43,$-3,$40,$16,$24,$24,$24,$49,$43,$61,62,$0.39,$0.38,$5,$633,$54,$1166,$73,$0,$299,$48,$420,$1586,$656,$221,$50,$271,$927,$83,$409,$-7,$659,$1586,$48,$11,$18,$28,$-13,$-61,$81,$-10,$-2,$76,$-8,$0,$0,$0,$0,$0,$0,$-8,$0,$-57,$-57,$7,$7,$-16,$1,$-65,$4,$5,$-16
42,2008-03-31,19.25,$10.31,1.87,$109.95,0.18,$8.96,2.15,$1.41,13.68,$1.11B,$0.64B,1.73,$0.21B,$0.64B,0.33,$6.74B,$0.65B,9.58%,$6.74B,$0.16B,2.36%,$6.74B,$0.16B,2.36%,$6.74B,$0.18B,2.60%,$6.74B,$0.14B,2.06%,$6.74B,$0.09B,1.26%,$0.09B,$0.64B,14.07%,$0.09B,$0.33B,27.20%,$0.09B,$1.54B,5.42%,$0.16B,$0.85B,18.11%,$1727,$1557,$170,$0,$123,$1684,$43,$-4,$39,$15,$24,$24,$24,$48,$43,$61,62,$0.39,$0.39,$3,$608,$41,$1109,$75,$0,$302,$52,$428,$1537,$641,$212,$49,$261,$902,$82,$394,$-7,$635,$1537,$24,$5,$14,$19,$12,$-36,$82,$14,$72,$114,$-4,$0,$0,$0,$0,$0,$0,$-4,$0,$-87,$-87,$2,$2,$-8,$0,$-93,$11,$3,$-8
43,2007-12-31,20.66,$10.02,2.06,$109.69,0.19,$7.01,2.95,$1.19,17.31,$1.10B,$0.58B,1.9,$0.28B,$0.61B,0.46,$6.70B,$0.65B,9.71%,$6.70B,$0.14B,2.11%,$6.70B,$0.14B,2.11%,$6.70B,$0.16B,2.42%,$6.70B,$0.12B,1.76%,$6.70B,$0.07B,1.08%,$0.07B,$0.61B,12.33%,$0.07B,$0.36B,24.78%,$0.07B,$1.53B,4.49%,$0.14B,$0.90B,15.34%,$1643,$1522,$120,$0,$87,$1604,$38,$-4,$34,$13,$21,$21,$22,$30,$38,$60,61,$0.37,$0.37,$10,$578,$47,$1103,$72,$0,$252,$32,$425,$1528,$581,$284,$47,$332,$914,$82,$378,$-7,$614,$1528,$73,$21,$15,$36,$71,$61,$-33,$7,$106,$210,$-27,$0,$15,$0,$0,$0,$0,$-12,$0,$-187,$-187,$10,$10,$-28,$3,$-203,$2,$6,$-28
44,2007-09-30,18.47,$9.70,1.9,$108.30,0.17,$2.38,7.76,$0.95,19.51,$1.15B,$0.70B,1.65,$0.23B,$0.59B,0.39,$6.61B,$0.65B,9.79%,$6.61B,$0.13B,1.92%,$6.61B,$0.13B,1.92%,$6.61B,$0.15B,2.30%,$6.61B,$0.10B,1.56%,$6.61B,$0.06B,0.86%,$0.06B,$0.59B,10.05%,$0.06B,$0.29B,22.03%,$0.06B,$1.57B,3.47%,$0.13B,$0.82B,13.51%,$1687,$1508,$178,$0,$131,$1646,$41,$-5,$36,$14,$21,$21,$21,$50,$41,$60,61,$0.35,$0.35,$4,$581,$54,$1148,$74,$0,$307,$39,$420,$1568,$696,$231,$48,$279,$976,$81,$362,$-9,$593,$1568,$50,$29,$21,$50,$16,$61,$10,$17,$104,$202,$-20,$0,$14,$0,$0,$0,$0,$-6,$0,$-183,$-183,$7,$7,$-21,$1,$-195,$1,$5,$-21
45,2007-06-30,16.87,$9.41,1.79,$102.61,0.16,$-0.38,0.0,$0.84,20.08,$1.23B,$0.64B,1.91,$0.37B,$0.57B,0.64,$6.24B,$0.61B,9.82%,$6.24B,$0.11B,1.79%,$6.24B,$0.11B,1.79%,$6.24B,$0.14B,2.16%,$6.24B,$0.09B,1.44%,$6.24B,$0.05B,0.80%,$0.05B,$0.57B,9.01%,$0.05B,$0.27B,19.53%,$0.05B,$1.64B,3.09%,$0.11B,$0.94B,11.76%,$1679,$1502,$177,$0,$133,$1642,$37,$-7,$30,$12,$18,$18,$18,$47,$37,$60,61,$0.30,$0.30,$4,$635,$70,$1226,$72,$0,$306,$38,$415,$1640,$643,$369,$54,$424,$1067,$81,$348,$-9,$574,$1640,$29,$20,$16,$36,$13,$27,$2,$-19,$22,$86,$-13,$-0,$-2,$0,$0,$0,$0,$-15,$0,$-64,$-64,$5,$5,$-14,$1,$-72,$-1,$4,$-14
46,2007-03-31,17.64,$9.16,1.93,$96.64,0.18,$-1.06,0.0,$0.71,24.73,$1.26B,$0.62B,2.05,$0.46B,$0.55B,0.83,$5.87B,$0.58B,9.84%,$5.87B,$0.11B,1.81%,$5.87B,$0.11B,1.81%,$5.87B,$0.13B,2.13%,$5.87B,$0.08B,1.31%,$5.87B,$0.04B,0.72%,$0.04B,$0.55B,7.71%,$0.04B,$0.25B,16.36%,$0.04B,$1.68B,2.74%,$0.11B,$1.01B,11.79%,$1686,$1512,$175,$0,$143,$1661,$25,$-7,$18,$7,$11,$11,$11,$35,$25,$60,61,$0.18,$0.18,$5,$640,$58,$1264,$72,$0,$309,$37,$418,$1682,$617,$458,$52,$510,$1128,$81,$337,$-9,$554,$1682,$11,$10,$10,$20,$-28,$22,$-29,$3,$-33,$-3,$-7,$-0,$-1,$0,$0,$0,$0,$-8,$0,$17,$17,$1,$1,$-7,$-0,$11,$-0,$1,$-7
47,2006-12-31,14.95,$9.07,1.65,$89.86,0.17,$-0.64,0.0,$0.81,18.53,$1.27B,$0.67B,1.89,$0.43B,$0.55B,0.79,$5.44B,$0.54B,9.89%,$5.44B,$0.11B,2.04%,$5.44B,$0.11B,2.04%,$5.44B,$0.13B,2.32%,$5.44B,$0.09B,1.58%,$5.44B,$0.05B,0.88%,$0.05B,$0.55B,8.92%,$0.05B,$0.24B,18.34%,$0.05B,$1.69B,3.36%,$0.11B,$0.98B,13.39%,$1560,$1443,$117,$0,$96,$1536,$24,$-6,$19,$6,$13,$13,$7,$20,$24,$60,61,$0.12,$0.11,$5,$667,$46,$1267,$71,$0,$312,$36,$419,$1686,$671,$433,$32,$468,$1138,$81,$332,$-9,$547,$1686,$49,$16,$42,$57,$-191,$-107,$136,$-15,$-177,$-71,$-27,$0,$-171,$0,$0,$0,$3,$-194,$-12,$246,$234,$4,$4,$-24,$3,$217,$-66,$5,$-24
