,Date,Stock Price,Book Value per Share,Price to Book Ratio,TTM Sales per Share,Price to Sales Ratio,TTM FCF per Share,Price to FCF Ratio,TTM Net EPS,PE Ratio,Current Assets,Current Liabilities,Current Ratio,Long Term Debt,Shareholder's Equity_x,Debt to Equity Ratio,TTM Revenue_x,TTM Gross Profit,Gross Margin,TTM Revenue_y,TTM Operating Income,Operating Margin,TTM Revenue_x,TTM EBIT,EBIT Margin,TTM Revenue_y,TTM EBITDA,EBITDA Margin,TTM Revenue_x,TTM Pre-Tax Income,Pre-Tax Margin,TTM Revenue_y,TTM Net Income_x,Net Margin,TTM Net Income_y,Shareholder's Equity_y,Return on Equity,TTM Net Income_x,Tangible Equity,Return on Tangible Equity,TTM Net Income_y,Total Assets,Return on Assets,TTM Net Income,LT Investments & Debt,Return on Investment,revenue,cost-goods-sold,gross-profit,research-development-expenses,selling-general-administrative-expenses,operating-expenses,operating-income,total-non-operating-income-expense,pre-tax-income,total-provision-income-taxes,income-after-taxes,income-from-continuous-operations,net-income,ebitda,ebit,basic-shares-outstanding,shares-outstanding,eps-basic-net-earnings-per-share,eps-earnings-per-share-diluted,cash-on-hand,inventory,other-current-assets,total-current-assets,net-property-plant-equipment,long-term-investments,goodwill-intangible-assets-total,other-long-term-assets,total-long-term-assets,total-assets,total-current-liabilities,long-term-debt,other-non-current-liabilities,total-long-term-liabilities,total-liabilities,common-stock-net,retained-earnings-accumulated-deficit,comprehensive-income,total-share-holder-equity,total-liabilities-share-holders-equity,net-income-loss,total-depreciation-amortization-cash-flow,other-non-cash-items,total-non-cash-items,change-in-accounts-receivable,change-in-inventories,change-in-accounts-payable,change-in-assets-liabilities,total-change-in-assets-liabilities,cash-flow-from-operating-activities,net-change-in-property-plant-equipment,net-change-in-intangible-assets,net-acquisitions-divestitures,net-change-in-short-term-investments,net-change-in-long-term-investments,net-change-in-investments-total,investing-activities-other,cash-flow-from-investing-activities,net-long-term-debt,net-current-debt,debt-issuance-retirement-net-total,net-common-equity-issued-repurchased,net-total-equity-issued-repurchased,total-common-preferred-stock-dividends-paid,financial-activities-other,cash-flow-from-financial-activities,net-cash-flow,stock-based-compensation,common-stock-dividends-paid
0,2018-08-31,9.05,$1.01,8.95,$17.11,0.53,$1.00,9.07,$-1.79,0.0,$0.25B,$0.12B,2.07,$0.31B,$0.05B,6.77,$0.77B,$0.19B,25.36%,$0.77B,$0.05B,6.41%,$0.77B,$0.05B,6.41%,$0.77B,$0.08B,10.72%,$0.77B,$-0.00B,-0.39%,$0.77B,$-0.08B,-10.46%,$-0.08B,$0.05B,-176.80%,$-0.08B,$-0.07B,105.26%,$-0.08B,$0.57B,-13.69%,$0.05B,$0.35B,13.46%,$194,$145,$49,$0,$26,$178,$15,$-15,$0,$2,$-2,$-2,$-2,$24,$15,$45,45,$-0.04,$-0.04,$66,$78,$0,$253,$192,$0,$119,$6,$317,$569,$122,$307,$9,$402,$524,$5,$-152,$-127,$45,$569,$14,$24,$1,$25,$-4,$-3,$0,$5,$-2,$37,$-13,$0,$-1,$0,$0,$0,$0,$-13,$-44,$0,$-44,$0,$0,$0,$-1,$-45,$-22,$2,$0
1,2018-05-31,10.2,$1.14,8.98,$17.26,0.59,$0.70,14.52,$-1.57,0.0,$0.25B,$0.12B,2.08,$0.31B,$0.05B,6.05,$0.77B,$0.20B,26.30%,$0.77B,$0.06B,7.12%,$0.77B,$0.06B,7.12%,$0.77B,$0.09B,11.27%,$0.77B,$0.01B,1.42%,$0.77B,$-0.07B,-9.07%,$-0.07B,$0.05B,-106.87%,$-0.07B,$-0.07B,112.90%,$-0.07B,$0.58B,-11.39%,$0.06B,$0.36B,13.93%,$206,$155,$52,$0,$27,$190,$16,$-6,$11,$3,$8,$8,$8,$24,$16,$45,45,$0.19,$0.19,$53,$77,$0,$250,$204,$0,$121,$5,$330,$580,$120,$308,$9,$408,$529,$5,$-150,$-123,$51,$580,$16,$16,$-3,$13,$-15,$-1,$0,$3,$-13,$16,$-7,$0,$-0,$0,$0,$0,$0,$-7,$-42,$0,$-42,$0,$0,$0,$-2,$-44,$-35,$2,$0
2,2018-02-28,10.1,$1.04,9.73,$17.65,0.57,$0.48,21.17,$-1.90,0.0,$0.24B,$0.12B,2.03,$0.31B,$0.05B,6.67,$0.79B,$0.20B,25.92%,$0.79B,$0.05B,6.61%,$0.79B,$0.05B,6.61%,$0.79B,$0.08B,10.55%,$0.79B,$-0.00B,-0.51%,$0.79B,$-0.08B,-10.67%,$-0.08B,$0.05B,-102.75%,$-0.08B,$-0.08B,166.34%,$-0.08B,$0.58B,-13.05%,$0.05B,$0.36B,12.33%,$179,$132,$47,$0,$29,$170,$9,$-7,$2,$-5,$7,$7,$7,$17,$9,$45,45,$0.16,$0.16,$36,$84,$0,$236,$209,$0,$124,$6,$338,$575,$116,$310,$9,$412,$528,$5,$-159,$-118,$47,$575,$7,$8,$-5,$4,$-8,$-7,$0,$-4,$-19,$-8,$-3,$0,$-0,$0,$0,$0,$0,$-3,$-41,$0,$-41,$0,$0,$0,$-1,$-42,$-52,$1,$0
3,2017-11-30,10.7,$0.85,12.55,$17.58,0.61,$0.54,19.89,$-1.98,0.0,$0.28B,$0.12B,2.37,$0.35B,$0.04B,9.16,$0.78B,$0.20B,25.67%,$0.78B,$0.05B,6.39%,$0.78B,$0.05B,6.39%,$0.78B,$0.08B,10.22%,$0.78B,$-0.00B,-0.51%,$0.78B,$-0.09B,-11.11%,$-0.09B,$0.04B,-87.88%,$-0.09B,$-0.08B,240.00%,$-0.09B,$0.61B,-12.94%,$0.05B,$0.39B,11.12%,$186,$140,$46,$0,$29,$177,$9,$-25,$-16,$77,$-93,$-93,$-93,$17,$9,$44,44,$-2.10,$-2.10,$88,$77,$0,$276,$209,$0,$122,$6,$337,$613,$117,$350,$8,$458,$575,$5,$-159,$-125,$38,$613,$-88,$29,$107,$137,$-14,$-0,$0,$13,$-1,$48,$-25,$0,$-7,$0,$0,$0,$4,$-29,$-4,$0,$-4,$0,$0,$0,$-2,$-7,$16,$2,$0
4,2017-08-31,8.7,$2.81,3.09,$17.63,0.49,$0.60,14.46,$-0.13,0.0,$0.27B,$0.12B,2.38,$0.35B,$0.13B,2.78,$0.78B,$0.20B,26.02%,$0.78B,$0.05B,6.25%,$0.78B,$0.05B,6.25%,$0.78B,$0.08B,10.20%,$0.78B,$0.01B,0.77%,$0.78B,$-0.01B,-0.64%,$-0.01B,$0.13B,-4.27%,$-0.01B,$-0.02B,22.73%,$-0.01B,$0.69B,-0.72%,$0.05B,$0.48B,10.46%,$201,$143,$58,$0,$29,$180,$21,$-7,$14,$6,$8,$8,$8,$29,$21,$44,45,$0.18,$0.18,$75,$77,$0,$274,$207,$0,$143,$5,$417,$691,$115,$350,$7,$450,$565,$5,$-66,$-130,$126,$691,$5,$22,$7,$29,$-19,$-1,$0,$14,$-6,$28,$-17,$0,$-7,$0,$0,$0,$4,$-21,$-3,$0,$-3,$0,$0,$0,$-2,$-6,$3,$2,$0
5,2017-05-31,8.65,$2.58,3.35,$17.52,0.49,$0.90,9.62,$-0.21,0.0,$0.28B,$0.12B,2.27,$0.35B,$0.12B,3.03,$0.78B,$0.20B,25.42%,$0.78B,$0.04B,5.39%,$0.78B,$0.04B,5.39%,$0.78B,$0.07B,9.50%,$0.78B,$-0.00B,-0.13%,$0.78B,$-0.01B,-1.03%,$-0.01B,$0.12B,-6.78%,$-0.01B,$-0.02B,39.51%,$-0.01B,$0.70B,-1.09%,$0.04B,$0.47B,8.90%,$221,$168,$53,$0,$30,$209,$13,$-17,$-4,$2,$-6,$-6,$-6,$20,$13,$44,44,$-0.14,$-0.14,$69,$76,$10,$281,$202,$0,$140,$5,$415,$696,$124,$351,$9,$456,$580,$5,$-74,$-132,$116,$696,$-3,$14,$14,$28,$-27,$-1,$0,$11,$-17,$8,$-10,$0,$-3,$0,$0,$0,$4,$-9,$-2,$0,$-2,$0,$0,$0,$-2,$-4,$-3,$1,$0
6,2017-02-28,9.25,$2.59,3.58,$17.08,0.54,$1.26,7.36,$0.09,102.78,$0.28B,$0.12B,2.41,$0.35B,$0.12B,3.03,$0.76B,$0.20B,26.71%,$0.76B,$0.05B,5.92%,$0.76B,$0.05B,5.92%,$0.76B,$0.08B,10.13%,$0.76B,$0.01B,1.71%,$0.76B,$0.01B,0.66%,$0.01B,$0.12B,4.15%,$0.01B,$-0.02B,-27.03%,$0.01B,$0.69B,0.68%,$0.05B,$0.47B,9.48%,$175,$131,$44,$0,$29,$168,$7,$-5,$2,$-2,$4,$4,$4,$14,$7,$44,45,$0.08,$0.08,$70,$90,$0,$277,$204,$0,$136,$4,$412,$689,$115,$352,$10,$458,$573,$5,$-68,$-137,$116,$689,$4,$7,$1,$8,$-3,$-13,$0,$-0,$-16,$-5,$-4,$0,$0,$0,$0,$0,$4,$0,$-1,$0,$-1,$0,$0,$0,$-2,$-3,$-8,$1,$0
7,2016-11-30,9.6,$2.43,3.94,$17.16,0.56,$1.39,6.89,$-0.02,0.0,$0.28B,$0.11B,2.44,$0.35B,$0.11B,3.21,$0.76B,$0.20B,26.71%,$0.76B,$0.04B,5.66%,$0.76B,$0.04B,5.66%,$0.76B,$0.08B,10.26%,$0.76B,$0.01B,1.32%,$0.76B,0,0.00%,$0.00B,$0.11B,0.00%,$0.00B,$-0.03B,0.00%,$0.00B,$0.69B,0.00%,$0.04B,$0.46B,9.05%,$187,$138,$49,$0,$28,$179,$8,$-15,$-6,$5,$-11,$-11,$-11,$17,$8,$44,44,$-0.25,$-0.24,$72,$74,$26,$277,$203,$0,$137,$4,$410,$687,$113,$353,$12,$464,$578,$5,$-74,$-139,$110,$687,$-0,$35,$8,$43,$4,$4,$0,$-1,$8,$51,$-26,$0,$5,$0,$0,$0,$0,$-20,$1,$0,$1,$0,$0,$0,$-1,$1,$33,$4,$0
8,2016-08-31,10.0,$2.89,3.46,$17.29,0.58,$1.25,8.01,$-0.20,0.0,$0.43B,$0.27B,1.62,$0.36B,$0.13B,2.76,$0.77B,$0.20B,26.13%,$0.77B,$0.04B,5.69%,$0.77B,$0.04B,5.69%,$0.77B,$0.08B,10.48%,$0.77B,$-0.00B,-0.52%,$0.77B,$-0.01B,-1.03%,$-0.01B,$0.13B,-6.67%,$-0.01B,$-0.01B,36.78%,$-0.01B,$0.86B,-1.09%,$0.04B,$0.49B,9.26%,$196,$144,$52,$0,$29,$181,$14,$-8,$7,$2,$5,$5,$5,$23,$14,$44,45,$0.11,$0.10,$226,$80,$0,$431,$213,$0,$141,$11,$431,$862,$266,$360,$11,$466,$732,$5,$-63,$-128,$130,$862,$11,$27,$-5,$22,$1,$2,$0,$5,$8,$41,$-17,$0,$5,$0,$0,$0,$0,$-11,$152,$0,$152,$0,$0,$0,$-156,$-4,$25,$2,$0
9,2016-05-31,6.89,$2.79,2.47,$17.51,0.39,$1.19,5.78,$-0.29,0.0,$0.27B,$0.11B,2.46,$0.35B,$0.13B,2.81,$0.79B,$0.20B,25.63%,$0.79B,$0.04B,4.82%,$0.79B,$0.04B,4.82%,$0.79B,$0.08B,9.77%,$0.79B,$-0.01B,-1.40%,$0.79B,$-0.01B,-1.65%,$-0.01B,$0.13B,-10.90%,$-0.01B,$-0.02B,53.61%,$-0.01B,$0.70B,-1.82%,$0.04B,$0.48B,7.82%,$202,$144,$58,$0,$33,$186,$16,$-5,$10,$3,$7,$7,$7,$23,$16,$44,44,$0.16,$0.16,$61,$83,$0,$270,$213,$0,$142,$4,$430,$700,$110,$353,$10,$465,$574,$5,$-68,$-127,$126,$700,$6,$18,$1,$19,$-3,$-1,$0,$-1,$-5,$20,$-5,$0,$0,$0,$0,$0,$0,$-5,$-1,$0,$-1,$0,$0,$0,$-0,$-2,$16,$1,$0
10,2016-02-29,5.24,$2.55,2.05,$17.74,0.3,$0.87,6.02,$-0.36,0.0,$0.25B,$0.10B,2.48,$0.35B,$0.12B,3.08,$0.81B,$0.20B,24.44%,$0.81B,$0.03B,4.22%,$0.81B,$0.03B,4.22%,$0.81B,$0.07B,9.18%,$0.81B,$-0.02B,-2.11%,$0.81B,$-0.02B,-1.99%,$-0.02B,$0.12B,-13.20%,$-0.02B,$-0.03B,71.11%,$-0.02B,$0.68B,-2.18%,$0.03B,$0.47B,6.79%,$175,$131,$44,$0,$28,$171,$5,$-5,$-1,$0,$-1,$-1,$-1,$15,$5,$44,44,$-0.03,$-0.03,$44,$85,$0,$247,$213,$0,$142,$4,$431,$678,$99,$354,$9,$463,$563,$5,$-75,$-130,$115,$678,$-1,$10,$-0,$10,$-2,$-7,$0,$-1,$-10,$-1,$-1,$0,$0,$0,$0,$0,$0,$-1,$-1,$0,$-1,$0,$0,$0,$-0,$-1,$-1,$1,$0
11,2015-11-30,7.52,$2.44,3.09,$18.25,0.41,$0.66,11.32,$-0.40,0.0,$0.25B,$0.11B,2.23,$0.35B,$0.11B,3.25,$0.84B,$0.20B,23.27%,$0.84B,$0.03B,4.06%,$0.84B,$0.03B,4.06%,$0.84B,$0.07B,8.47%,$0.84B,$-0.02B,-2.39%,$0.84B,$-0.02B,-2.15%,$-0.02B,$0.11B,-14.29%,$-0.02B,$-0.03B,97.30%,$-0.02B,$0.69B,-2.36%,$0.03B,$0.46B,6.56%,$200,$152,$48,$0,$28,$191,$9,$-29,$-20,$-1,$-19,$-19,$-19,$20,$9,$45,46,$-0.42,$-0.42,$45,$82,$0,$251,$215,$0,$142,$12,$436,$687,$113,$354,$10,$466,$578,$5,$-74,$-136,$109,$687,$-18,$37,$12,$48,$12,$3,$0,$-1,$13,$44,$-24,$0,$-5,$0,$0,$0,$0,$-29,$-53,$-2,$-54,$-19,$-19,$0,$0,$-73,$-55,$2,$0
12,2015-08-31,6.29,$2.77,2.27,$19.03,0.33,$-0.08,0.0,$0.14,44.93,$0.33B,$0.12B,2.8,$0.41B,$0.13B,3.2,$0.88B,$0.20B,22.25%,$0.88B,$0.04B,4.20%,$0.88B,$0.04B,4.20%,$0.88B,$0.07B,8.29%,$0.88B,$0.00B,0.23%,$0.88B,$0.01B,0.68%,$0.01B,$0.13B,4.40%,$0.01B,$-0.02B,-57.14%,$0.01B,$0.79B,0.75%,$0.04B,$0.53B,6.83%,$211,$159,$52,$0,$30,$203,$8,$-9,$-0,$-1,$0,$0,$0,$19,$8,$45,46,$0.01,$0.01,$102,$93,$0,$332,$223,$0,$147,$8,$453,$785,$119,$405,$8,$539,$658,$5,$-55,$-143,$127,$785,$1,$26,$-1,$24,$14,$-4,$0,$3,$12,$38,$-15,$0,$-5,$0,$0,$0,$0,$-20,$-2,$-2,$-4,$-12,$-12,$0,$0,$-16,$2,$2,$0
13,2015-05-31,7.51,$2.88,2.61,$19.80,0.38,$-0.92,0.0,$0.17,44.18,$0.33B,$0.11B,3.0,$0.41B,$0.13B,3.04,$0.92B,$0.19B,20.93%,$0.92B,$0.04B,4.34%,$0.92B,$0.04B,4.34%,$0.92B,$0.07B,8.03%,$0.92B,$0.00B,0.43%,$0.92B,$0.01B,0.87%,$0.01B,$0.13B,5.32%,$0.01B,$-0.01B,800.00%,$0.01B,$0.79B,0.98%,$0.04B,$0.54B,7.07%,$220,$167,$53,$0,$32,$208,$12,$-9,$4,$1,$3,$3,$4,$20,$12,$46,46,$0.09,$0.09,$91,$91,$0,$334,$229,$0,$143,$7,$456,$789,$111,$405,$8,$545,$656,$5,$-55,$-140,$134,$789,$1,$15,$2,$17,$1,$-2,$0,$-6,$-7,$11,$-11,$0,$0,$0,$0,$0,$0,$-11,$-1,$-2,$-3,$-8,$-8,$0,$0,$-11,$-9,$1,$0
14,2015-02-28,7.97,$2.87,2.78,$20.69,0.39,$-1.57,0.0,$0.15,53.13,$0.33B,$0.11B,2.97,$0.41B,$0.13B,3.02,$0.97B,$0.19B,19.94%,$0.97B,$0.04B,4.13%,$0.97B,$0.04B,4.13%,$0.97B,$0.08B,7.75%,$0.97B,$0.01B,0.52%,$0.97B,$0.01B,0.72%,$0.01B,$0.13B,4.29%,$0.01B,$-0.01B,71.79%,$0.01B,$0.80B,0.83%,$0.04B,$0.54B,6.81%,$207,$165,$42,$0,$30,$202,$5,$-9,$-4,$-1,$-3,$-3,$-3,$12,$5,$46,46,$-0.07,$-0.07,$83,$97,$0,$333,$232,$0,$145,$8,$462,$795,$112,$406,$8,$549,$661,$5,$-59,$-138,$134,$795,$-3,$8,$1,$9,$-1,$-6,$0,$-6,$-13,$-7,$-5,$0,$0,$0,$0,$0,$0,$-5,$-1,$-1,$-2,$-4,$-4,$0,$0,$-6,$-16,$1,$0
15,2014-11-30,6.68,$3.18,2.1,$21.03,0.32,$-1.75,0.0,$0.25,26.72,$0.36B,$0.12B,2.88,$0.41B,$0.15B,2.7,$0.99B,$0.20B,20.26%,$0.99B,$0.05B,4.56%,$0.99B,$0.05B,4.56%,$0.99B,$0.08B,8.31%,$0.99B,$0.01B,1.11%,$0.99B,$0.01B,1.11%,$0.01B,$0.15B,6.28%,$0.01B,$-0.00B,63.77%,$0.01B,$0.83B,1.29%,$0.05B,$0.56B,7.39%,$243,$195,$49,$0,$28,$231,$12,$-10,$2,$-3,$5,$5,$5,$22,$12,$46,47,$0.11,$0.11,$100,$93,$0,$356,$238,$0,$152,$8,$473,$829,$124,$406,$10,$555,$679,$5,$-56,$-129,$151,$829,$12,$38,$-6,$33,$-12,$-7,$0,$-10,$-29,$15,$-30,$0,$0,$0,$0,$0,$5,$-25,$-52,$1,$-51,$-1,$-1,$0,$0,$-53,$-65,$3,$0
16,2014-08-31,8.39,$3.86,2.18,$20.90,0.4,$-0.93,0.0,$0.31,27.06,$0.41B,$0.14B,2.99,$0.44B,$0.18B,2.42,$0.98B,$0.20B,20.76%,$0.98B,$0.05B,4.81%,$0.98B,$0.05B,4.81%,$0.98B,$0.09B,8.69%,$0.98B,$0.02B,1.84%,$0.98B,$0.01B,1.43%,$0.01B,$0.18B,7.69%,$0.01B,$0.03B,65.12%,$0.01B,$0.86B,1.62%,$0.05B,$0.63B,7.52%,$252,$203,$49,$0,$30,$242,$11,$-9,$2,$0,$2,$2,$2,$20,$11,$46,47,$0.04,$0.04,$147,$103,$0,$411,$231,$0,$156,$7,$451,$862,$138,$443,$9,$541,$679,$5,$-61,$-92,$183,$862,$6,$28,$-2,$26,$-14,$-14,$0,$-1,$-29,$3,$-20,$0,$0,$0,$0,$0,$2,$-17,$-2,$-1,$-3,$0,$0,$0,$0,$-2,$-18,$2,$0
17,2014-05-31,9.46,$3.90,2.42,$21.12,0.45,$-0.50,0.0,$0.46,20.57,$0.42B,$0.14B,3.06,$0.44B,$0.19B,2.4,$0.99B,$0.21B,21.18%,$0.99B,$0.05B,5.37%,$0.99B,$0.05B,5.37%,$0.99B,$0.09B,9.12%,$0.99B,$0.03B,2.84%,$0.99B,$0.02B,2.13%,$0.02B,$0.19B,12.19%,$0.02B,$0.03B,200.00%,$0.02B,$0.87B,2.43%,$0.05B,$0.63B,8.62%,$266,$214,$53,$0,$32,$255,$12,$-6,$5,$2,$4,$4,$3,$21,$12,$46,47,$0.07,$0.07,$134,$109,$0,$423,$225,$0,$160,$7,$448,$871,$138,$443,$9,$548,$686,$5,$-63,$-88,$185,$871,$5,$19,$1,$20,$-31,$-20,$0,$7,$-45,$-20,$-11,$0,$0,$0,$0,$0,$2,$-8,$-1,$-1,$-2,$0,$0,$0,$0,$-1,$-31,$1,$0
18,2014-02-28,9.53,$3.83,2.49,$21.25,0.45,$-0.25,0.0,$0.45,21.18,$0.41B,$0.13B,3.1,$0.44B,$0.18B,2.44,$0.99B,$0.21B,21.47%,$0.99B,$0.05B,5.44%,$0.99B,$0.05B,5.44%,$0.99B,$0.09B,9.17%,$0.99B,$0.03B,2.72%,$0.99B,$0.02B,2.12%,$0.02B,$0.18B,13.10%,$0.02B,$0.02B,-840.00%,$0.02B,$0.86B,2.44%,$0.05B,$0.63B,8.96%,$226,$177,$49,$0,$31,$216,$10,$-7,$2,$1,$1,$1,$1,$19,$10,$46,47,$0.03,$0.03,$141,$103,$0,$409,$228,$0,$162,$8,$453,$862,$132,$444,$8,$549,$681,$5,$-66,$-87,$182,$862,$1,$9,$1,$10,$-16,$-14,$0,$3,$-27,$-16,$-5,$0,$0,$0,$0,$0,$0,$-5,$-1,$-2,$-2,$0,$0,$0,$0,$-2,$-24,$1,$0
19,2013-11-30,8.76,$3.77,2.32,$21.81,0.4,$-0.40,0.0,$0.42,20.86,$0.40B,$0.13B,3.17,$0.44B,$0.18B,2.49,$1.02B,$0.21B,20.92%,$1.02B,$0.05B,5.21%,$1.02B,$0.05B,5.21%,$1.02B,$0.09B,8.84%,$1.02B,$0.03B,2.55%,$1.02B,$0.02B,1.96%,$0.02B,$0.18B,13.51%,$0.02B,$0.02B,-131.15%,$0.02B,$0.86B,2.32%,$0.05B,$0.62B,8.98%,$234,$183,$52,$0,$28,$220,$14,$-5,$9,$1,$9,$9,$8,$25,$14,$46,47,$0.17,$0.17,$165,$88,$0,$402,$227,$0,$163,$7,$453,$855,$127,$444,$9,$550,$677,$5,$-68,$-89,$178,$855,$20,$36,$-5,$31,$3,$6,$0,$-14,$-5,$46,$-22,$0,$0,$0,$0,$0,$0,$-22,$-3,$-5,$-7,$0,$0,$0,$6,$-2,$22,$2,$0
20,2013-08-31,7.72,$3.04,2.54,$22.30,0.35,$-0.19,0.0,$0.26,29.69,$0.40B,$0.13B,3.05,$0.44B,$0.14B,3.07,$1.04B,$0.21B,20.23%,$1.04B,$0.05B,4.82%,$1.04B,$0.05B,4.82%,$1.04B,$0.09B,8.19%,$1.04B,$0.02B,1.93%,$1.04B,$0.01B,1.25%,$0.01B,$0.14B,9.56%,$0.01B,$-0.02B,-46.02%,$0.01B,$0.86B,1.50%,$0.05B,$0.59B,8.65%,$261,$207,$55,$0,$29,$244,$17,$-5,$12,$3,$9,$9,$9,$25,$17,$46,47,$0.19,$0.19,$150,$83,$4,$403,$215,$0,$162,$9,$460,$863,$132,$442,$12,$587,$720,$5,$-76,$-114,$144,$863,$12,$26,$-6,$20,$-12,$10,$0,$-10,$-12,$20,$-16,$0,$0,$0,$0,$0,$1,$-15,$-3,$-4,$-6,$0,$0,$0,$6,$-1,$7,$2,$0
21,2013-05-31,7.41,$2.91,2.55,$22.93,0.32,$0.76,9.72,$0.21,35.29,$0.40B,$0.14B,2.91,$0.44B,$0.14B,3.23,$1.07B,$0.21B,20.00%,$1.07B,$0.05B,4.88%,$1.07B,$0.05B,4.88%,$1.07B,$0.09B,8.26%,$1.07B,$0.02B,1.69%,$1.07B,$0.01B,0.94%,$0.01B,$0.14B,7.34%,$0.01B,$-0.03B,-34.48%,$0.01B,$0.87B,1.15%,$0.05B,$0.58B,8.98%,$271,$214,$57,$0,$31,$258,$13,$-9,$4,$1,$3,$3,$3,$22,$13,$46,47,$0.06,$0.06,$134,$97,$0,$400,$214,$0,$164,$12,$466,$865,$137,$442,$11,$591,$728,$5,$-85,$-112,$137,$865,$3,$18,$-2,$16,$-15,$-3,$0,$-11,$-28,$-10,$-9,$0,$0,$0,$0,$0,$0,$-9,$-2,$1,$-1,$0,$0,$0,$0,$-1,$-15,$1,$0
22,2013-02-28,8.01,$2.83,2.83,$23.80,0.34,$1.43,5.6,$0.30,26.7,$0.40B,$0.14B,2.83,$0.44B,$0.13B,3.32,$1.10B,$0.22B,19.60%,$1.10B,$0.06B,5.35%,$1.10B,$0.06B,5.35%,$1.10B,$0.10B,8.62%,$1.10B,$0.02B,2.18%,$1.10B,$0.01B,1.27%,$0.01B,$0.13B,10.28%,$0.01B,$-0.03B,-47.06%,$0.01B,$0.87B,1.60%,$0.06B,$0.58B,10.18%,$252,$203,$49,$0,$31,$242,$9,$-9,$1,$1,$0,$0,$-0,$18,$9,$46,47,$0.00,$0.00,$122,$101,$0,$395,$222,$0,$166,$7,$471,$866,$140,$442,$11,$593,$733,$5,$-87,$-112,$133,$866,$-0,$9,$-2,$7,$-17,$-5,$0,$-7,$-29,$-23,$-5,$0,$0,$0,$0,$0,$0,$-5,$-1,$1,$0,$0,$0,$0,$0,$1,$-27,$1,$0
23,2012-11-30,7.42,$2.78,2.67,$24.41,0.3,$2.23,3.32,$0.58,12.79,$0.40B,$0.15B,2.75,$0.44B,$0.13B,3.4,$1.13B,$0.23B,20.25%,$1.13B,$0.07B,6.48%,$1.13B,$0.07B,6.48%,$1.13B,$0.11B,9.68%,$1.13B,$0.04B,3.29%,$1.13B,$0.03B,2.49%,$0.03B,$0.13B,20.33%,$0.03B,$-0.04B,-91.80%,$0.03B,$0.87B,3.15%,$0.07B,$0.57B,12.56%,$254,$205,$49,$0,$29,$243,$11,$-9,$3,$1,$1,$1,$1,$20,$11,$46,46,$0.03,$0.02,$149,$96,$0,$400,$223,$0,$166,$7,$473,$874,$146,$443,$12,$598,$744,$5,$-87,$-115,$130,$874,$28,$35,$-7,$28,$32,$-16,$0,$-6,$10,$65,$-33,$0,$12,$0,$0,$0,$0,$-20,$-2,$-2,$-4,$2,$2,$0,$-1,$-3,$44,$5,$0
24,2012-08-31,7.79,$3.09,2.52,$25.56,0.3,$1.36,5.74,$0.34,22.91,$0.41B,$0.17B,2.46,$0.44B,$0.15B,3.06,$1.17B,$0.24B,20.03%,$1.17B,$0.08B,7.08%,$1.17B,$0.08B,7.08%,$1.17B,$0.12B,10.32%,$1.17B,$0.05B,3.84%,$1.17B,$0.02B,1.45%,$0.02B,$0.15B,12.52%,$0.02B,$-0.02B,-48.57%,$0.02B,$0.88B,1.92%,$0.08B,$0.59B,14.32%,$288,$230,$58,$0,$30,$269,$19,$-9,$10,$3,$7,$7,$6,$28,$19,$46,46,$0.14,$0.14,$151,$95,$0,$407,$215,$0,$166,$12,$472,$879,$165,$443,$17,$569,$734,$5,$-88,$-98,$145,$879,$27,$26,$-14,$12,$28,$-13,$0,$2,$17,$55,$-7,$0,$0,$0,$0,$0,$0,$-7,$-2,$-2,$-3,$2,$2,$0,$-1,$-2,$47,$3,$0
25,2012-05-31,7.2,$2.94,2.45,$26.40,0.27,$-0.19,0.0,$0.21,34.29,$0.42B,$0.17B,2.46,$0.44B,$0.14B,3.24,$1.20B,$0.23B,18.92%,$1.20B,$0.08B,6.58%,$1.20B,$0.08B,6.58%,$1.20B,$0.12B,9.75%,$1.20B,$0.04B,3.25%,$1.20B,$0.01B,0.92%,$0.01B,$0.14B,8.09%,$0.01B,$-0.03B,-29.33%,$0.01B,$0.89B,1.24%,$0.08B,$0.58B,13.61%,$308,$248,$60,$0,$32,$288,$20,$-10,$10,$3,$7,$7,$7,$29,$20,$46,46,$0.15,$0.15,$133,$104,$0,$415,$213,$0,$167,$12,$473,$887,$169,$444,$16,$582,$750,$5,$-94,$-99,$137,$887,$21,$18,$-4,$13,$9,$-23,$0,$2,$-12,$22,$-10,$0,$12,$0,$0,$0,$0,$2,$-1,$-0,$-1,$1,$1,$0,$-1,$-1,$29,$2,$0
26,2012-02-29,5.1,$3.02,1.69,$26.77,0.19,$-1.21,0.0,$0.20,25.5,$0.43B,$0.18B,2.33,$0.44B,$0.14B,3.19,$1.21B,$0.23B,18.84%,$1.21B,$0.08B,6.72%,$1.21B,$0.08B,6.72%,$1.21B,$0.12B,9.88%,$1.21B,$0.04B,3.40%,$1.21B,$0.01B,0.83%,$0.01B,$0.14B,7.27%,$0.01B,$-0.04B,-25.64%,$0.01B,$0.91B,1.12%,$0.08B,$0.58B,13.92%,$276,$215,$61,$0,$30,$253,$23,$-9,$14,$4,$11,$11,$14,$32,$23,$46,46,$0.29,$0.29,$124,$104,$14,$426,$219,$0,$174,$9,$484,$910,$183,$444,$16,$588,$771,$5,$-101,$-87,$139,$910,$14,$9,$-6,$3,$11,$-19,$0,$6,$-3,$14,$-4,$0,$10,$0,$0,$0,$0,$6,$11,$-12,$-1,$0,$0,$0,$-1,$-2,$20,$1,$0
27,2011-11-30,4.35,$2.66,1.63,$26.85,0.16,$-2.24,0.0,$-0.06,0.0,$0.38B,$0.16B,2.41,$0.44B,$0.12B,3.65,$1.20B,$0.22B,18.15%,$1.20B,$0.07B,6.00%,$1.20B,$0.07B,6.00%,$1.20B,$0.11B,9.08%,$1.20B,$0.03B,2.58%,$1.20B,$-0.00B,-0.25%,$-0.00B,$0.12B,-2.22%,$-0.00B,$-0.05B,7.02%,$-0.00B,$0.87B,-0.34%,$0.07B,$0.57B,12.42%,$301,$246,$56,$0,$26,$281,$21,$-10,$11,$4,$6,$6,$-10,$32,$21,$45,45,$-0.23,$-0.23,$103,$85,$17,$378,$221,$0,$176,$8,$487,$865,$157,$444,$15,$587,$743,$5,$-115,$-90,$122,$865,$-3,$36,$38,$74,$-40,$-8,$0,$-8,$-56,$16,$-23,$0,$-272,$0,$0,$0,$253,$-42,$55,$1,$57,$2,$2,$0,$-20,$39,$28,$3,$0
28,2011-08-31,4.41,$3.20,1.38,$23.37,0.19,$-1.23,0.0,$1.97,2.24,$0.39B,$0.18B,2.2,$0.45B,$0.15B,3.05,$1.04B,$0.18B,17.43%,$1.04B,$0.06B,5.94%,$1.04B,$0.06B,5.94%,$1.04B,$0.09B,8.72%,$1.04B,$0.03B,2.39%,$1.04B,$0.09B,8.24%,$0.09B,$0.15B,63.59%,$0.09B,$-0.03B,34400.00%,$0.09B,$0.90B,10.13%,$0.06B,$0.59B,10.94%,$315,$265,$50,$0,$27,$300,$15,$-12,$4,$2,$1,$1,$0,$24,$15,$44,45,$0.01,$0.01,$95,$107,$0,$390,$239,$0,$176,$11,$507,$897,$177,$445,$17,$574,$751,$5,$-104,$-75,$146,$897,$8,$25,$11,$35,$0,$0,$0,$-51,$-51,$-8,$-15,$0,$-272,$0,$0,$0,$253,$-33,$56,$2,$58,$2,$2,$0,$-10,$50,$19,$3,$0
29,2011-05-31,9.41,$3.13,3.0,$21.49,0.44,$-0.43,0.0,$2.04,4.61,$0.38B,$0.18B,2.16,$0.45B,$0.14B,3.12,$0.96B,$0.17B,17.87%,$0.96B,$0.06B,5.75%,$0.96B,$0.06B,5.75%,$0.96B,$0.08B,8.36%,$0.96B,$0.03B,2.61%,$0.96B,$0.09B,9.40%,$0.09B,$0.14B,81.82%,$0.09B,$-0.04B,507.04%,$0.09B,$0.90B,12.50%,$0.06B,$0.59B,11.83%,$313,$252,$60,$0,$28,$290,$22,$-11,$12,$4,$8,$8,$6,$31,$22,$44,44,$0.14,$0.14,$80,$107,$0,$382,$244,$0,$178,$11,$514,$896,$177,$445,$17,$576,$753,$5,$-105,$-78,$143,$896,$7,$16,$7,$24,$0,$0,$0,$-55,$-55,$-24,$-10,$0,$-272,$0,$0,$0,$253,$-28,$56,$1,$58,$2,$2,$0,$-10,$50,$3,$2,$0
30,2011-02-28,7.04,$2.96,2.38,$19.62,0.36,$0.28,24.94,$2.23,3.16,$0.36B,$0.17B,2.11,$0.45B,$0.13B,3.46,$0.87B,$0.16B,18.16%,$0.87B,$0.05B,5.52%,$0.87B,$0.05B,5.52%,$0.87B,$0.07B,8.05%,$0.87B,$0.03B,3.33%,$0.87B,$0.10B,11.38%,$0.10B,$0.13B,118.56%,$0.10B,$-0.05B,286.96%,$0.10B,$0.88B,16.78%,$0.05B,$0.57B,13.26%,$272,$220,$52,$0,$27,$258,$14,$-10,$4,$3,$2,$2,$1,$22,$14,$44,45,$0.02,$0.02,$74,$98,$0,$363,$243,$0,$179,$11,$514,$877,$173,$446,$17,$576,$749,$5,$-111,$-84,$129,$877,$1,$8,$4,$12,$0,$0,$0,$-45,$-45,$-31,$-5,$0,$-270,$0,$0,$0,$253,$-21,$57,$-1,$55,$1,$1,$0,$-10,$46,$-1,$1,$0
31,2010-11-30,8.78,$2.74,3.2,$17.80,0.49,$1.02,8.6,$2.38,3.69,$0.49B,$0.12B,3.97,$0.39B,$0.12B,3.16,$0.78B,$0.15B,18.67%,$0.78B,$0.04B,5.63%,$0.78B,$0.04B,5.63%,$0.78B,$0.06B,8.18%,$0.78B,$0.03B,4.35%,$0.78B,$0.11B,13.55%,$0.11B,$0.12B,186.78%,$0.11B,$0.12B,205.83%,$0.11B,$0.73B,23.16%,$0.04B,$0.51B,16.99%,$144,$123,$20,$0,$4,$133,$11,$-5,$5,$-86,$91,$91,$79,$14,$11,$45,45,$1.82,$1.82,$324,$41,$0,$492,$120,$0,$6,$1,$235,$727,$124,$389,$8,$480,$604,$5,$-112,$-86,$123,$727,$108,$19,$-74,$-55,$-2,$-6,$0,$2,$-6,$51,$-13,$0,$6,$0,$0,$0,$-253,$-260,$249,$2,$250,$0,$0,$0,$0,$250,$40,$4,$0
32,2010-08-31,6.1,$1.00,6.13,$17.32,0.35,$1.67,3.64,$0.83,7.35,$0.24B,$0.11B,2.16,$0.14B,$0.05B,3.13,$0.76B,$0.15B,19.18%,$0.76B,$0.05B,6.22%,$0.76B,$0.05B,6.22%,$0.76B,$0.07B,8.99%,$0.76B,$0.04B,5.56%,$0.76B,$0.04B,4.89%,$0.04B,$0.05B,124.37%,$0.04B,$0.04B,149.49%,$0.04B,$0.38B,10.26%,$0.05B,$0.18B,27.69%,$228,$189,$39,$0,$24,$220,$8,$-4,$4,$0,$4,$4,$4,$13,$8,$43,44,$0.08,$0.08,$60,$51,$0,$239,$130,$0,$6,$3,$140,$379,$111,$140,$14,$223,$334,$5,$-194,$-82,$45,$379,$26,$16,$-4,$12,$0,$0,$0,$-17,$-17,$22,$-9,$0,$7,$0,$0,$0,$0,$-1,$-1,$2,$0,$0,$0,$0,$0,$0,$18,$3,$0
33,2010-05-31,8.03,$0.83,9.67,$16.47,0.49,$2.62,3.06,$0.98,8.19,$0.24B,$0.11B,2.09,$0.14B,$0.04B,3.78,$0.71B,$0.15B,21.01%,$0.71B,$0.05B,7.14%,$0.71B,$0.05B,7.14%,$0.71B,$0.07B,10.22%,$0.71B,$0.05B,6.72%,$0.71B,$0.04B,6.02%,$0.04B,$0.04B,229.33%,$0.04B,$0.03B,307.14%,$0.04B,$0.38B,12.37%,$0.05B,$0.18B,32.03%,$226,$179,$47,$0,$26,$211,$15,$1,$16,$1,$15,$15,$15,$21,$15,$43,44,$0.34,$0.33,$42,$55,$0,$238,$129,$0,$7,$3,$139,$377,$114,$140,$15,$226,$340,$5,$-197,$-86,$37,$377,$23,$11,$-3,$8,$0,$0,$0,$-28,$-28,$3,$-5,$0,$7,$0,$0,$0,$0,$3,$-1,$1,$0,$0,$0,$0,$0,$0,$1,$2,$0
34,2010-02-28,6.12,$0.49,12.55,$15.07,0.41,$3.52,1.74,$0.77,7.95,$0.20B,$0.10B,2.08,$0.14B,$0.02B,6.45,$0.65B,$0.14B,22.03%,$0.65B,$0.04B,6.78%,$0.65B,$0.04B,6.78%,$0.65B,$0.07B,10.17%,$0.65B,$0.04B,5.86%,$0.65B,$0.03B,5.08%,$0.03B,$0.02B,165.00%,$0.03B,$0.02B,212.90%,$0.03B,$0.35B,9.95%,$0.04B,$0.16B,26.95%,$184,$144,$40,$0,$24,$174,$10,$-2,$9,$1,$8,$8,$8,$16,$10,$43,43,$0.18,$0.17,$35,$48,$0,$201,$138,$0,$4,$3,$147,$348,$97,$141,$15,$229,$326,$5,$-212,$-85,$22,$348,$8,$6,$1,$7,$0,$0,$0,$-15,$-15,$-1,$-3,$0,$0,$0,$0,$0,$0,$-2,$-0,$0,$-0,$0,$0,$0,$0,$-0,$-6,$1,$0
35,2009-11-30,6.62,$0.34,19.46,$14.56,0.45,$3.88,1.71,$0.60,11.03,$0.19B,$0.09B,2.05,$0.14B,$0.02B,9.33,$0.63B,$0.14B,21.60%,$0.63B,$0.04B,5.76%,$0.63B,$0.04B,5.76%,$0.63B,$0.06B,9.28%,$0.63B,$0.03B,4.64%,$0.63B,$0.03B,4.00%,$0.03B,$0.02B,107.53%,$0.03B,$0.01B,136.99%,$0.03B,$0.34B,7.75%,$0.04B,$0.16B,20.75%,$118,$99,$19,$0,$2,$104,$14,$-1,$13,$0,$12,$12,$10,$18,$14,$43,43,$0.24,$0.24,$42,$38,$0,$187,$142,$0,$4,$1,$151,$338,$92,$141,$16,$231,$323,$4,$-220,$-83,$15,$338,$26,$21,$8,$29,$9,$8,$0,$1,$18,$74,$-9,$0,$-1,$0,$0,$0,$1,$-9,$-41,$-3,$-44,$-0,$-0,$0,$0,$-44,$22,$2,$0
36,2009-08-31,4.72,$0.01,417.7,$17.04,0.28,$2.44,1.93,$0.37,12.76,$0.18B,$0.09B,1.87,$0.14B,$0.00B,282.4,$0.73B,$0.15B,20.77%,$0.73B,$0.03B,3.44%,$0.73B,$0.03B,3.44%,$0.73B,$0.05B,6.74%,$0.73B,$0.02B,2.34%,$0.73B,$0.02B,2.20%,$0.02B,$0.00B,55.65%,$0.02B,$-0.00B,68.82%,$0.02B,$0.33B,4.91%,$0.03B,$0.14B,13.21%,$186,$142,$44,$0,$26,$174,$12,$-2,$10,$-0,$10,$10,$10,$18,$12,$43,43,$0.23,$0.23,$30,$41,$0,$175,$143,$0,$5,$4,$152,$327,$94,$141,$14,$233,$326,$4,$-230,$-87,$1,$327,$15,$17,$3,$21,$0,$0,$0,$23,$23,$58,$-5,$0,$1,$0,$0,$0,$0,$-5,$-41,$-3,$-44,$0,$0,$0,$0,$-44,$12,$1,$0
37,2009-05-31,2.51,$0.98,2.56,$18.22,0.14,$0.79,3.17,$0.21,11.95,$0.16B,$0.08B,1.98,$0.15B,$0.04B,3.59,$0.78B,$0.15B,18.69%,$0.78B,$0.02B,2.43%,$0.78B,$0.02B,2.43%,$0.78B,$0.04B,5.51%,$0.78B,$0.01B,1.28%,$0.78B,$0.01B,1.15%,$0.01B,$0.04B,20.69%,$0.01B,$0.04B,23.84%,$0.01B,$0.31B,2.62%,$0.02B,$0.19B,8.74%,$161,$121,$40,$0,$26,$154,$8,$-2,$6,$1,$5,$5,$5,$14,$8,$43,43,$0.12,$0.12,$24,$36,$0,$158,$146,$0,$5,$4,$155,$313,$80,$151,$15,$191,$271,$4,$-240,$-35,$42,$313,$5,$11,$3,$14,$0,$0,$0,$24,$24,$40,$-3,$0,$0,$0,$0,$0,$0,$-3,$-31,$-0,$-32,$0,$0,$0,$0,$-32,$6,$1,$0
38,2009-02-28,0.85,$0.80,1.06,$19.66,0.04,$-0.57,0.0,$0.02,42.5,$0.15B,$0.07B,2.19,$0.17B,$0.04B,4.8,$0.84B,$0.14B,16.67%,$0.84B,$0.01B,1.31%,$0.84B,$0.01B,1.31%,$0.84B,$0.04B,4.17%,$0.84B,$0.00B,0.12%,$0.84B,$0.00B,0.12%,$0.00B,$0.04B,2.06%,$0.00B,$0.03B,2.37%,$0.00B,$0.31B,0.28%,$0.01B,$0.20B,4.73%,$160,$129,$32,$0,$23,$158,$2,$-2,$0,$0,$-0,$-0,$-0,$8,$2,$43,43,$-0.00,$-0.00,$15,$40,$0,$154,$149,$0,$6,$5,$159,$312,$70,$168,$14,$207,$277,$4,$-246,$-36,$35,$312,$-0,$6,$1,$7,$0,$-3,$0,$10,$7,$14,$-1,$0,$0,$0,$0,$0,$0,$-1,$-14,$-0,$-14,$0,$0,$0,$0,$-14,$-2,$1,$0
39,2008-11-30,1.06,$0.84,1.27,$20.45,0.05,$-1.26,0.0,$-0.05,0.0,$0.19B,$0.09B,2.0,$0.18B,$0.04B,4.98,$0.87B,$0.14B,15.96%,$0.87B,$0.01B,1.03%,$0.87B,$0.01B,1.03%,$0.87B,$0.03B,3.67%,$0.87B,$-0.00B,-0.23%,$0.87B,$-0.00B,-0.23%,$-0.00B,$0.04B,-3.65%,$-0.00B,$0.03B,-4.15%,$-0.00B,$0.35B,-0.52%,$0.01B,$0.22B,3.68%,$220,$185,$35,$0,$26,$217,$3,$-3,$1,$-0,$1,$1,$1,$9,$3,$42,42,$0.02,$0.02,$17,$46,$0,$188,$154,$0,$6,$5,$164,$352,$94,$182,$14,$221,$315,$4,$-245,$-34,$37,$352,$-2,$24,$4,$27,$-2,$-4,$0,$-2,$-8,$18,$-15,$0,$-25,$0,$0,$0,$0,$-40,$38,$-3,$35,$0,$0,$0,$0,$35,$5,$2,$0
40,2008-08-31,2.89,$1.39,2.08,$19.95,0.14,$-1.32,0.0,$0.02,144.5,$0.22B,$0.12B,1.87,$0.19B,$0.06B,3.22,$0.85B,$0.14B,16.53%,$0.85B,$0.01B,1.42%,$0.85B,$0.01B,1.42%,$0.85B,$0.03B,4.01%,$0.85B,$0.00B,0.12%,$0.85B,$0.00B,0.12%,$0.00B,$0.06B,1.62%,$0.00B,$0.05B,1.79%,$0.00B,$0.40B,0.27%,$0.01B,$0.26B,4.95%,$240,$200,$39,$0,$27,$234,$6,$-3,$3,$0,$3,$3,$3,$12,$6,$43,43,$0.07,$0.07,$16,$57,$0,$216,$159,$0,$6,$5,$182,$398,$116,$194,$12,$222,$337,$4,$-246,$-8,$60,$398,$-3,$18,$-0,$18,$0,$-0,$0,$-21,$-22,$-7,$-11,$0,$-25,$0,$0,$0,$0,$-36,$50,$-3,$47,$0,$0,$0,$-0,$47,$4,$1,$0
41,2008-05-31,3.61,$1.43,2.52,$19.09,0.19,$-1.14,0.0,$0.06,60.17,$0.20B,$0.11B,1.9,$0.19B,$0.06B,3.12,$0.80B,$0.14B,17.16%,$0.80B,$0.01B,1.74%,$0.80B,$0.01B,1.74%,$0.80B,$0.04B,4.35%,$0.80B,$0.00B,0.37%,$0.80B,$0.00B,0.37%,$0.00B,$0.06B,5.13%,$0.00B,$0.06B,5.66%,$0.00B,$0.39B,0.84%,$0.01B,$0.25B,6.09%,$220,$186,$34,$0,$28,$220,$-0,$-3,$-3,$0,$-3,$-3,$-3,$6,$-0,$42,42,$-0.07,$-0.07,$13,$59,$0,$203,$163,$0,$7,$5,$187,$390,$107,$192,$13,$221,$328,$4,$-249,$-3,$62,$390,$-6,$12,$0,$12,$0,$-1,$0,$-20,$-21,$-15,$-7,$0,$-25,$0,$0,$0,$0,$-32,$47,$-3,$44,$0,$0,$0,$0,$45,$1,$1,$0
42,2008-02-29,3.9,$1.41,2.77,$18.39,0.21,$-1.09,0.0,$-0.10,0.0,$0.20B,$0.11B,1.87,$0.19B,$0.06B,3.18,$0.77B,$0.14B,18.26%,$0.77B,$0.02B,2.72%,$0.77B,$0.02B,2.72%,$0.77B,$0.04B,5.31%,$0.77B,$-0.00B,-0.52%,$0.77B,$-0.00B,-0.52%,$-0.00B,$0.06B,-7.51%,$-0.00B,$0.05B,-8.29%,$-0.00B,$0.39B,-1.17%,$0.02B,$0.25B,9.58%,$191,$160,$31,$0,$25,$191,$0,$-3,$-3,$0,$-3,$-3,$-3,$5,$0,$42,42,$-0.07,$-0.07,$15,$55,$0,$202,$164,$0,$7,$5,$188,$391,$108,$191,$15,$222,$331,$4,$-246,$-7,$60,$391,$-3,$5,$-1,$5,$0,$-3,$0,$-13,$-15,$-14,$-3,$0,$-25,$0,$0,$0,$0,$-28,$46,$-3,$43,$0,$0,$0,$0,$43,$2,$0,$0
43,2007-11-30,5.15,$1.53,3.36,$17.80,0.29,$-1.12,0.0,$-0.15,0.0,$0.15B,$0.09B,1.62,$0.15B,$0.07B,2.21,$0.75B,$0.14B,18.77%,$0.75B,$0.02B,2.68%,$0.75B,$0.02B,2.68%,$0.75B,$0.04B,5.36%,$0.75B,$-0.01B,-0.80%,$0.75B,$-0.01B,-0.80%,$-0.01B,$0.07B,-12.12%,$-0.01B,$0.06B,-13.41%,$-0.01B,$0.33B,-1.83%,$0.02B,$0.21B,9.56%,$196,$160,$36,$0,$25,$190,$6,$-3,$4,$0,$3,$3,$4,$11,$6,$42,42,$0.08,$0.08,$13,$31,$0,$149,$136,$22,$4,$4,$178,$326,$92,$145,$11,$169,$261,$4,$-243,$-4,$65,$326,$-7,$20,$14,$34,$-8,$3,$0,$-8,$-12,$15,$-15,$0,$0,$12,$0,$12,$0,$-2,$-19,$4,$-15,$0,$0,$0,$-12,$-27,$-14,$3,$0
44,2007-08-31,5.91,$1.09,5.41,$17.35,0.34,$-0.31,0.0,$0.17,34.76,$0.16B,$0.10B,1.69,$0.16B,$0.05B,3.34,$0.73B,$0.14B,19.42%,$0.73B,$0.02B,2.62%,$0.73B,$0.02B,2.62%,$0.73B,$0.04B,5.10%,$0.73B,$-0.01B,-1.52%,$0.73B,$0.01B,0.96%,$0.01B,$0.05B,15.38%,$0.01B,$0.04B,17.39%,$0.01B,$0.33B,2.11%,$0.02B,$0.21B,9.04%,$197,$160,$37,$0,$24,$189,$8,$-3,$5,$0,$5,$5,$5,$13,$8,$42,42,$0.11,$0.11,$12,$40,$0,$160,$135,$23,$5,$5,$167,$327,$95,$158,$10,$185,$280,$4,$-247,$-17,$47,$327,$-10,$16,$13,$29,$0,$0,$0,$-18,$-18,$1,$-10,$0,$0,$0,$0,$0,$12,$2,$-7,$2,$-5,$0,$0,$0,$-14,$-20,$-14,$1,$0
45,2007-05-31,5.61,$0.98,5.73,$16.89,0.33,$-0.34,0.0,$0.14,40.07,$0.16B,$0.09B,1.75,$0.17B,$0.04B,4.08,$0.70B,$0.14B,20.17%,$0.70B,$0.02B,2.41%,$0.70B,$0.02B,2.41%,$0.70B,$0.04B,5.11%,$0.70B,$-0.02B,-2.13%,$0.70B,$0.01B,0.71%,$0.01B,$0.04B,15.04%,$0.01B,$0.04B,19.05%,$0.01B,$0.33B,1.46%,$0.02B,$0.21B,8.31%,$188,$151,$37,$0,$25,$181,$7,$-16,$-10,$0,$-10,$-10,$-10,$12,$7,$42,42,$-0.23,$-0.23,$17,$41,$0,$163,$135,$21,$5,$5,$166,$329,$93,$169,$9,$195,$287,$4,$-252,$-18,$41,$329,$-15,$10,$14,$24,$0,$0,$0,$-22,$-22,$-13,$-6,$0,$0,$0,$0,$0,$12,$6,$4,$5,$8,$0,$0,$0,$-15,$-7,$-13,$0,$0
46,2007-02-28,6.08,$1.06,5.71,$16.65,0.37,$-0.03,0.0,$0.50,12.16,$0.15B,$0.09B,1.69,$0.17B,$0.05B,3.7,$0.69B,$0.15B,21.04%,$0.69B,$0.02B,2.74%,$0.69B,$0.02B,2.74%,$0.69B,$0.04B,5.48%,$0.69B,0,0.00%,$0.69B,$0.02B,2.88%,$0.02B,$0.05B,93.02%,$0.02B,$0.04B,156.86%,$0.02B,$0.33B,5.70%,$0.02B,$0.21B,9.66%,$165,$135,$30,$0,$25,$165,$-1,$-5,$-5,$0,$-5,$-5,$-5,$4,$-1,$42,42,$-0.12,$-0.12,$10,$42,$0,$152,$136,$20,$5,$18,$179,$332,$90,$166,$9,$196,$287,$4,$-242,$-24,$45,$332,$-5,$5,$2,$7,$0,$0,$0,$-17,$-17,$-15,$-3,$0,$0,$0,$0,$0,$-0,$-3,$1,$0,$1,$0,$0,$0,$0,$1,$-17,$0,$0
47,2006-11-30,4.78,$1.15,4.14,$16.83,0.28,$0.02,191.97,$0.52,9.19,$0.16B,$0.09B,1.69,$0.17B,$0.05B,3.4,$0.70B,$0.15B,21.46%,$0.70B,$0.02B,3.29%,$0.70B,$0.02B,3.29%,$0.70B,$0.04B,6.01%,$0.70B,$0.00B,0.43%,$0.70B,$0.02B,3.00%,$0.02B,$0.05B,323.08%,$0.02B,$0.04B,-560.00%,$0.02B,$0.34B,5.87%,$0.02B,$0.21B,12.22%,$176,$139,$37,$0,$27,$172,$5,$-6,$-1,$0,$-1,$-1,$17,$8,$5,$41,42,$0.41,$0.40,$26,$33,$0,$158,$139,$19,$6,$18,$181,$339,$94,$165,$12,$197,$290,$4,$-237,$-25,$49,$339,$21,$20,$-7,$13,$-4,$4,$0,$-12,$-12,$22,$12,$0,$-1,$-12,$0,$-12,$1,$-1,$-11,$-0,$-11,$0,$0,$0,$2,$-10,$17,$1,$0
