,Date,Stock Price,Book Value per Share,Price to Book Ratio,TTM Sales per Share,Price to Sales Ratio,TTM FCF per Share,Price to FCF Ratio,TTM Net EPS,PE Ratio,Current Assets,Current Liabilities,Current Ratio,Long Term Debt,Shareholder's Equity_x,Debt to Equity Ratio,TTM Revenue_x,TTM Gross Profit,Gross Margin,TTM Revenue_y,TTM Operating Income,Operating Margin,TTM Revenue_x,TTM EBIT,EBIT Margin,TTM Revenue_y,TTM EBITDA,EBITDA Margin,TTM Revenue_x,TTM Pre-Tax Income,Pre-Tax Margin,TTM Revenue_y,TTM Net Income_x,Net Margin,TTM Net Income_y,Shareholder's Equity_y,Return on Equity,TTM Net Income_x,Tangible Equity,Return on Tangible Equity,TTM Net Income_y,Total Assets,Return on Assets,TTM Net Income,LT Investments & Debt,Return on Investment,revenue,cost-goods-sold,gross-profit,research-development-expenses,selling-general-administrative-expenses,operating-expenses,operating-income,total-non-operating-income-expense,pre-tax-income,total-provision-income-taxes,income-after-taxes,income-from-continuous-operations,net-income,ebitda,ebit,basic-shares-outstanding,shares-outstanding,eps-basic-net-earnings-per-share,eps-earnings-per-share-diluted,cash-on-hand,inventory,other-current-assets,total-current-assets,net-property-plant-equipment,long-term-investments,goodwill-intangible-assets-total,other-long-term-assets,total-long-term-assets,total-assets,total-current-liabilities,long-term-debt,other-non-current-liabilities,total-long-term-liabilities,total-liabilities,common-stock-net,retained-earnings-accumulated-deficit,comprehensive-income,total-share-holder-equity,total-liabilities-share-holders-equity,net-income-loss,total-depreciation-amortization-cash-flow,other-non-cash-items,total-non-cash-items,change-in-accounts-receivable,change-in-inventories,change-in-accounts-payable,change-in-assets-liabilities,total-change-in-assets-liabilities,cash-flow-from-operating-activities,net-change-in-property-plant-equipment,net-change-in-intangible-assets,net-acquisitions-divestitures,net-change-in-short-term-investments,net-change-in-long-term-investments,net-change-in-investments-total,investing-activities-other,cash-flow-from-investing-activities,net-long-term-debt,net-current-debt,debt-issuance-retirement-net-total,net-common-equity-issued-repurchased,net-total-equity-issued-repurchased,total-common-preferred-stock-dividends-paid,financial-activities-other,cash-flow-from-financial-activities,net-cash-flow,stock-based-compensation,common-stock-dividends-paid
0,2018-09-30,2.36,$0.15,15.75,0,0.0,$-5.18,0.0,$-1.40,0.0,$0.14B,$0.01B,13.04,$0.00B,$0.01B,0.0,$0.00B,0,nan%,$0.00B,$-0.06B,inf%,$0.00B,$-0.06B,inf%,$0.00B,$-0.06B,inf%,$0.00B,$-0.06B,inf%,$0.00B,$-0.05B,inf%,$-0.05B,$0.01B,-229.21%,$-0.05B,$0.01B,-229.21%,$-0.05B,$0.14B,-32.33%,$-0.06B,$0.01B,-260.67%,$0,$0,$0,$9,$6,$15,$-15,$1,$-15,$0,$-15,$-15,$-15,$-15,$-15,$36,36,$-0.41,$-0.41,$135,$0,$0,$137,$0,$0,$0,$0,$4,$141,$11,$0,$125,$125,$136,$0,$-526,$0,$5,$141,$-41,$0,$9,$9,$0,$0,$-3,$3,$0,$-32,$0,$0,$0,$0,$0,$0,$0,$0,$0,$0,$0,$0,$0,$0,$0,$0,$-32,$8,$0
1,2018-06-30,2.73,$0.48,5.64,$5.73,0.48,$-7.31,0.0,$4.26,0.64,$0.15B,$0.01B,16.2,$0.00B,$0.02B,0.0,$0.21B,$0.21B,100.00%,$0.21B,$0.15B,70.53%,$0.21B,$0.15B,70.53%,$0.21B,$0.15B,71.01%,$0.21B,$0.15B,71.50%,$0.21B,$0.15B,73.91%,$0.15B,$0.02B,478.13%,$0.15B,$0.02B,478.13%,$0.15B,$0.15B,90.94%,$0.15B,$0.02B,456.25%,$0,$0,$0,$9,$6,$15,$-15,$1,$-14,$-1,$-13,$-13,$-13,$-15,$-15,$36,36,$-0.37,$-0.37,$146,$0,$0,$148,$0,$0,$0,$0,$4,$152,$9,$0,$125,$125,$134,$0,$-511,$0,$18,$152,$-26,$0,$6,$6,$1,$0,$-4,$1,$-1,$-21,$0,$0,$0,$0,$0,$0,$0,$0,$0,$0,$0,$0,$0,$0,$0,$0,$-21,$6,$0
2,2018-03-31,2.74,$0.78,3.53,$5.78,0.47,$-9.31,0.0,$4.01,0.68,$0.16B,$0.01B,18.62,$0.00B,$0.03B,0.0,$0.21B,$0.21B,100.00%,$0.21B,$0.14B,66.03%,$0.21B,$0.14B,66.03%,$0.21B,$0.14B,66.99%,$0.21B,$0.14B,66.99%,$0.21B,$0.14B,68.90%,$0.14B,$0.03B,-1476.92%,$0.14B,$0.03B,-1476.92%,$0.14B,$0.16B,79.67%,$0.14B,$0.03B,-1415.38%,$0,$0,$0,$8,$6,$13,$-13,$0,$-13,$0,$-13,$-13,$-13,$-13,$-13,$36,36,$-0.36,$-0.36,$155,$0,$0,$158,$0,$0,$0,$0,$4,$162,$8,$0,$125,$125,$133,$0,$-498,$0,$28,$162,$-13,$0,$3,$3,$0,$0,$-4,$2,$-2,$-12,$0,$0,$0,$0,$0,$0,$0,$0,$0,$0,$0,$0,$0,$0,$0,$0,$-12,$3,$0
3,2017-12-31,3.12,$1.05,2.96,$5.83,0.54,$-10.69,0.0,$3.17,0.98,$0.17B,$0.01B,13.68,$0.00B,$0.04B,0.0,$0.21B,$0.21B,100.00%,$0.21B,$0.11B,51.18%,$0.21B,$0.11B,51.18%,$0.21B,$0.11B,52.13%,$0.21B,$0.11B,52.13%,$0.21B,$0.11B,54.03%,$0.11B,$0.04B,-229.15%,$0.11B,$0.04B,-229.15%,$0.11B,$0.18B,57.07%,$0.11B,$0.04B,-217.09%,$0,$0,$0,$8,$7,$15,$-15,$0,$-14,$-5,$-10,$-10,$-10,$-14,$-15,$36,36,$-0.26,$-0.26,$167,$0,$0,$172,$1,$0,$0,$0,$4,$176,$13,$0,$125,$125,$138,$0,$-485,$0,$38,$176,$114,$3,$18,$21,$0,$0,$-4,$-253,$-257,$-122,$0,$0,$0,$0,$155,$155,$0,$155,$0,$0,$0,$0,$0,$0,$0,$0,$33,$18,$0
4,2017-09-30,2.82,$1.22,2.32,$5.98,0.47,$-10.39,0.0,$1.57,1.8,$0.18B,$0.01B,12.88,$0.00B,$0.04B,0.0,$0.22B,$0.22B,100.00%,$0.22B,$0.06B,25.93%,$0.22B,$0.06B,25.93%,$0.22B,$0.06B,26.39%,$0.22B,$0.06B,26.39%,$0.22B,$0.06B,26.85%,$0.06B,$0.04B,-69.88%,$0.06B,$0.04B,-69.88%,$0.06B,$0.18B,25.14%,$0.06B,$0.04B,-67.47%,$207,$0,$207,$11,$7,$18,$189,$0,$189,$0,$189,$189,$189,$189,$189,$36,36,$5.26,$5.25,$180,$0,$0,$182,$1,$0,$0,$0,$1,$183,$14,$0,$125,$125,$139,$0,$-475,$0,$44,$183,$124,$2,$18,$20,$0,$0,$-4,$-248,$-253,$-109,$0,$0,$0,$0,$155,$155,$0,$155,$0,$0,$0,$0,$0,$0,$0,$0,$46,$14,$0
5,2017-06-30,2.56,$-4.14,-0.62,$0.29,8.84,$-9.51,0.0,$-5.39,0.0,$0.20B,$0.03B,7.81,$0.00B,$-0.15B,0.0,$0.01B,$0.01B,100.00%,$0.01B,$-0.19B,-1763.64%,$0.01B,$-0.19B,-1763.64%,$0.01B,$-0.19B,-1754.55%,$0.01B,$-0.19B,-1754.55%,$0.01B,$-0.19B,-1745.45%,$-0.19B,$-0.15B,185.96%,$-0.19B,$-0.15B,185.96%,$-0.19B,$0.20B,-70.39%,$-0.19B,$-0.15B,187.89%,$2,$0,$2,$16,$9,$24,$-23,$0,$-22,$-0,$-22,$-22,$-22,$-22,$-23,$36,36,$-0.62,$-0.62,$196,$0,$1,$200,$2,$0,$0,$0,$2,$202,$26,$0,$125,$325,$351,$0,$-664,$-0,$-149,$202,$-65,$2,$14,$15,$-0,$0,$-6,$-37,$-43,$-93,$0,$0,$0,$0,$99,$99,$0,$99,$0,$0,$0,$0,$0,$0,$0,$0,$7,$11,$0
6,2017-03-31,3.66,$-3.68,-1.0,$1.04,3.52,$-8.91,0.0,$-5.62,0.0,$0.24B,$0.04B,5.45,$0.00B,$-0.13B,0.0,$0.04B,$0.04B,100.00%,$0.04B,$-0.20B,-545.95%,$0.04B,$-0.20B,-545.95%,$0.04B,$-0.20B,-543.24%,$0.04B,$-0.20B,-543.24%,$0.04B,$-0.20B,-540.54%,$-0.20B,$-0.13B,321.29%,$-0.20B,$-0.13B,321.29%,$-0.20B,$0.24B,-62.75%,$-0.20B,$-0.13B,324.50%,$2,$0,$2,$32,$13,$45,$-43,$0,$-43,$0,$-43,$-43,$-43,$-43,$-43,$36,36,$-1.20,$-1.20,$228,$0,$4,$236,$2,$0,$0,$0,$2,$238,$43,$0,$125,$327,$370,$0,$-642,$-0,$-132,$238,$-43,$1,$6,$7,$0,$0,$-3,$-22,$-25,$-62,$0,$0,$0,$0,$20,$20,$0,$20,$0,$0,$0,$0,$0,$0,$0,$0,$-41,$6,$0
7,2016-12-31,4.83,$-2.65,-1.82,$1.44,3.36,$-8.24,0.0,$-5.45,0.0,$0.30B,$0.07B,4.49,$0.00B,$-0.10B,0.0,$0.05B,$0.05B,100.00%,$0.05B,$-0.20B,-384.31%,$0.05B,$-0.20B,-384.31%,$0.05B,$-0.19B,-380.39%,$0.05B,$-0.19B,-380.39%,$0.05B,$-0.19B,-378.43%,$-0.19B,$-0.10B,919.05%,$-0.19B,$-0.10B,919.05%,$-0.19B,$0.30B,-53.76%,$-0.20B,$-0.10B,933.33%,$5,$0,$5,$59,$13,$72,$-67,$1,$-67,$-0,$-66,$-66,$-66,$-67,$-67,$35,35,$-1.86,$-1.86,$289,$0,$4,$296,$3,$0,$0,$0,$4,$300,$66,$0,$125,$328,$394,$0,$-599,$-0,$-95,$300,$-193,$1,$55,$57,$0,$0,$0,$28,$28,$-109,$-1,$0,$0,$0,$14,$14,$0,$14,$0,$0,$0,$7,$7,$0,$0,$7,$-88,$32,$0
8,2016-09-30,46.13,$-1.03,-44.94,$1.43,32.31,$-7.51,0.0,$-4.61,0.0,$0.35B,$0.06B,6.07,$0.00B,$-0.04B,0.0,$0.05B,$0.05B,100.00%,$0.05B,$-0.17B,-333.33%,$0.05B,$-0.17B,-333.33%,$0.05B,$-0.17B,-329.41%,$0.05B,$-0.17B,-329.41%,$0.05B,$-0.16B,-319.61%,$-0.16B,$-0.04B,-918.31%,$-0.16B,$-0.04B,-918.31%,$-0.16B,$0.35B,-41.66%,$-0.17B,$-0.04B,-957.75%,$2,$0,$2,$51,$12,$63,$-61,$0,$-61,$0,$-61,$-61,$-61,$-61,$-61,$36,36,$-1.71,$-1.71,$321,$0,$0,$347,$3,$0,$0,$0,$4,$351,$57,$0,$125,$330,$387,$0,$-533,$-0,$-37,$351,$-127,$1,$52,$53,$0,$0,$-2,$-0,$-2,$-76,$-0,$0,$0,$0,$14,$14,$0,$14,$0,$0,$0,$5,$5,$0,$0,$5,$-56,$25,$0
9,2016-06-30,51.03,$0.41,124.92,$1.48,34.48,$-6.55,0.0,$-4.04,0.0,$0.36B,$0.04B,8.95,$0.00B,$0.02B,0.0,$0.05B,$0.05B,100.00%,$0.05B,$-0.16B,-300.00%,$0.05B,$-0.16B,-300.00%,$0.05B,$-0.15B,-296.15%,$0.05B,$-0.15B,-296.15%,$0.05B,$-0.14B,-273.08%,$-0.14B,$0.02B,-297.38%,$-0.14B,$0.02B,-297.38%,$-0.14B,$0.39B,-34.11%,$-0.16B,$0.02B,-326.70%,$28,$0,$28,$48,$10,$59,$-31,$0,$-30,$-0,$-30,$-30,$-30,$-30,$-31,$35,35,$-0.85,$-0.85,$299,$0,$30,$355,$3,$27,$0,$0,$31,$386,$40,$0,$125,$332,$371,$0,$-472,$-0,$15,$386,$-66,$1,$14,$14,$-21,$0,$-4,$7,$-18,$-70,$-0,$0,$0,$0,$38,$38,$0,$38,$0,$0,$0,$4,$4,$0,$0,$4,$-28,$17,$0
10,2016-03-31,42.27,$0.94,44.9,$0.73,57.92,$-5.05,0.0,$-4.27,0.0,$0.33B,$0.03B,9.69,$0.00B,$0.03B,0.0,$0.03B,$0.03B,100.00%,$0.03B,$-0.17B,-642.31%,$0.03B,$-0.17B,-642.31%,$0.03B,$-0.17B,-634.62%,$0.03B,$-0.17B,-638.46%,$0.03B,$-0.15B,-573.08%,$-0.15B,$0.03B,-205.52%,$-0.15B,$0.03B,-205.52%,$-0.15B,$0.40B,-34.06%,$-0.17B,$0.03B,-230.34%,$16,$0,$16,$38,$15,$52,$-37,$0,$-36,$0,$-36,$-36,$-36,$-36,$-37,$35,35,$-1.03,$-1.03,$293,$0,$10,$332,$3,$63,$0,$1,$67,$399,$34,$0,$125,$331,$366,$0,$-442,$0,$33,$399,$-36,$0,$26,$26,$0,$0,$-5,$-22,$-27,$-37,$-0,$0,$0,$0,$-2,$-2,$0,$-2,$0,$0,$0,$1,$1,$0,$0,$1,$-38,$8,$0
11,2015-12-31,78.53,$1.70,46.11,$1.47,53.54,$-4.90,0.0,$-3.02,0.0,$0.31B,$0.04B,8.17,$0.00B,$0.06B,0.0,$0.05B,$0.05B,100.00%,$0.05B,$-0.12B,-234.62%,$0.05B,$-0.12B,-234.62%,$0.05B,$-0.12B,-230.77%,$0.05B,$-0.12B,-234.62%,$0.05B,$-0.11B,-203.85%,$-0.11B,$0.06B,-106.27%,$-0.11B,$0.06B,-106.27%,$-0.11B,$0.43B,-22.92%,$-0.12B,$0.06B,-122.31%,$5,$0,$5,$34,$12,$46,$-41,$0,$-41,$-5,$-36,$-36,$-36,$-41,$-41,$35,35,$-1.03,$-1.03,$297,$0,$4,$306,$3,$95,$0,$0,$122,$429,$38,$0,$125,$331,$369,$0,$-406,$-0,$60,$429,$-106,$4,$3,$6,$0,$0,$3,$18,$21,$-79,$-3,$0,$0,$0,$250,$250,$0,$248,$0,$0,$0,$11,$11,$0,$1,$13,$182,$25,$0
12,2015-09-30,40.52,$2.38,17.02,$1.38,29.38,$0.74,54.99,$-3.06,0.0,$0.29B,$0.04B,8.32,$0.00B,$0.08B,0.0,$0.05B,$0.05B,100.00%,$0.05B,$-0.11B,-228.57%,$0.05B,$-0.11B,-228.57%,$0.05B,$-0.11B,-222.45%,$0.05B,$-0.11B,-228.57%,$0.05B,$-0.10B,-208.16%,$-0.10B,$0.08B,-87.18%,$-0.10B,$0.08B,-87.18%,$-0.10B,$0.45B,-21.46%,$-0.11B,$0.08B,-95.73%,$3,$0,$3,$40,$10,$51,$-47,$0,$-47,$-8,$-40,$-40,$-40,$-47,$-47,$35,35,$-1.14,$-1.14,$281,$0,$0,$288,$3,$145,$0,$0,$163,$451,$35,$0,$125,$333,$368,$0,$-370,$0,$83,$451,$-70,$3,$8,$11,$0,$0,$-1,$21,$20,$-39,$-2,$0,$0,$0,$250,$250,$0,$249,$0,$0,$0,$6,$6,$0,$0,$6,$215,$18,$0
13,2015-06-30,52.06,$3.28,15.87,$2.42,21.56,$4.76,10.94,$-1.61,0.0,$0.46B,$0.02B,20.29,$0.00B,$0.11B,0.0,$0.09B,$0.09B,100.00%,$0.09B,$-0.05B,-59.30%,$0.09B,$-0.05B,-59.30%,$0.09B,$-0.05B,-55.81%,$0.09B,$-0.05B,-59.30%,$0.09B,$-0.05B,-61.63%,$-0.05B,$0.11B,-37.79%,$-0.05B,$0.11B,-37.79%,$-0.05B,$0.47B,-10.93%,$-0.05B,$0.11B,-36.36%,$2,$0,$2,$32,$12,$44,$-42,$0,$-42,$-5,$-37,$-37,$-37,$-41,$-42,$34,34,$-1.08,$-1.08,$449,$0,$0,$460,$2,$0,$0,$0,$11,$471,$23,$0,$125,$335,$357,$0,$-330,$0,$114,$471,$-30,$3,$8,$11,$0,$0,$-3,$7,$4,$-16,$-1,$0,$0,$0,$9,$9,$0,$8,$0,$0,$0,$4,$4,$0,$0,$4,$-3,$11,$0
14,2015-03-31,46.53,$4.15,11.22,$2.37,19.64,$9.55,4.87,$-2.10,0.0,$0.49B,$0.02B,24.03,$0.00B,$0.14B,0.0,$0.08B,$0.08B,100.00%,$0.08B,$-0.05B,-60.71%,$0.08B,$-0.05B,-60.71%,$0.08B,$-0.05B,-57.14%,$0.08B,$-0.05B,-60.71%,$0.08B,$-0.09B,-105.95%,$-0.09B,$0.14B,-58.75%,$-0.09B,$0.14B,-58.75%,$-0.09B,$0.50B,-18.28%,$-0.05B,$0.14B,-33.66%,$42,$0,$42,$25,$10,$34,$8,$0,$8,$1,$7,$7,$7,$9,$8,$34,35,$0.19,$0.19,$433,$0,$50,$493,$2,$0,$0,$0,$6,$499,$20,$0,$125,$336,$357,$0,$-293,$-0,$142,$499,$7,$1,$-44,$-43,$0,$0,$-3,$8,$5,$-32,$-0,$0,$0,$0,$30,$30,$0,$30,$0,$0,$0,$2,$2,$0,$0,$2,$-0,$5,$0
15,2014-12-31,44.87,$3.78,11.87,$1.19,37.84,$9.93,4.52,$-2.96,0.0,$0.47B,$0.02B,23.87,$0.00B,$0.13B,0.0,$0.04B,$0.04B,100.00%,$0.04B,$-0.08B,-190.48%,$0.04B,$-0.08B,-190.48%,$0.04B,$-0.08B,-185.71%,$0.04B,$-0.08B,-190.48%,$0.04B,$-0.12B,-278.57%,$-0.12B,$0.13B,-69.75%,$-0.12B,$0.13B,-69.75%,$-0.12B,$0.48B,-26.82%,$-0.08B,$0.13B,-47.69%,$2,$0,$2,$22,$11,$33,$-31,$0,$-31,$1,$-32,$-32,$-32,$-30,$-31,$33,33,$-0.94,$-0.93,$464,$0,$1,$473,$2,$0,$0,$0,$6,$480,$20,$0,$125,$331,$351,$0,$-300,$-0,$129,$480,$-117,$2,$8,$10,$0,$0,$5,$213,$218,$111,$-2,$0,$0,$0,$-426,$-426,$0,$-428,$0,$0,$0,$58,$58,$0,$88,$146,$-171,$13,$0
16,2014-09-30,38.93,$5.24,7.43,$1.14,34.29,$1.22,32.0,$-2.55,0.0,$0.46B,$0.02B,19.25,$0.00B,$0.18B,0.0,$0.04B,$0.04B,100.00%,$0.04B,$-0.07B,-172.50%,$0.04B,$-0.07B,-172.50%,$0.04B,$-0.07B,-170.00%,$0.04B,$-0.07B,-172.50%,$0.04B,$-0.11B,-262.50%,$-0.11B,$0.18B,-58.99%,$-0.11B,$0.18B,-58.99%,$-0.11B,$0.49B,-28.32%,$-0.07B,$0.18B,-38.76%,$40,$0,$40,$17,$9,$26,$14,$0,$14,$5,$9,$9,$9,$14,$14,$34,35,$0.26,$0.25,$409,$0,$0,$463,$1,$0,$0,$0,$28,$490,$24,$0,$83,$291,$315,$0,$-245,$0,$176,$490,$-85,$1,$-45,$-44,$0,$0,$3,$218,$229,$100,$-1,$0,$0,$0,$-315,$-315,$0,$-317,$0,$0,$0,$57,$57,$0,$44,$101,$-116,$9,$0
17,2014-06-30,42.31,$4.77,8.88,0,0.0,$-14.55,0.0,$-13.12,0.0,$0.44B,$0.04B,12.5,$0.00B,$0.16B,0.0,$0.00B,0,nan%,$0.00B,$-0.10B,inf%,$0.00B,$-0.10B,inf%,$0.00B,$-0.10B,inf%,$0.00B,$-0.10B,inf%,$0.00B,$-0.13B,inf%,$-0.13B,$0.16B,-72.83%,$-0.13B,$0.16B,-72.83%,$-0.13B,$0.48B,-42.89%,$-0.10B,$0.16B,-54.07%,$0,$0,$0,$35,$8,$42,$-42,$0,$-42,$31,$-73,$-73,$-73,$-41,$-42,$33,33,$-2.19,$-2.19,$437,$0,$0,$442,$1,$16,$0,$0,$36,$478,$35,$0,$83,$283,$319,$0,$-256,$0,$159,$478,$-94,$1,$6,$7,$0,$0,$0,$203,$232,$145,$-1,$0,$0,$0,$-205,$-205,$0,$-206,$0,$0,$0,$56,$56,$0,$43,$99,$38,$6,$0
