,Date,Stock Price,Book Value per Share,Price to Book Ratio,TTM Sales per Share,Price to Sales Ratio,TTM FCF per Share,Price to FCF Ratio,TTM Net EPS,PE Ratio,Current Assets,Current Liabilities,Current Ratio,Long Term Debt,Shareholder's Equity_x,Debt to Equity Ratio,TTM Revenue_x,TTM Gross Profit,Gross Margin,TTM Revenue_y,TTM Operating Income,Operating Margin,TTM Revenue_x,TTM EBIT,EBIT Margin,TTM Revenue_y,TTM EBITDA,EBITDA Margin,TTM Revenue_x,TTM Pre-Tax Income,Pre-Tax Margin,TTM Revenue_y,TTM Net Income_x,Net Margin,TTM Net Income_y,Shareholder's Equity_y,Return on Equity,TTM Net Income_x,Tangible Equity,Return on Tangible Equity,TTM Net Income_y,Total Assets,Return on Assets,TTM Net Income,LT Investments & Debt,Return on Investment,revenue,cost-goods-sold,gross-profit,research-development-expenses,selling-general-administrative-expenses,operating-expenses,operating-income,total-non-operating-income-expense,pre-tax-income,total-provision-income-taxes,income-after-taxes,income-from-continuous-operations,net-income,ebitda,ebit,basic-shares-outstanding,shares-outstanding,eps-basic-net-earnings-per-share,eps-earnings-per-share-diluted,cash-on-hand,inventory,other-current-assets,total-current-assets,net-property-plant-equipment,long-term-investments,goodwill-intangible-assets-total,other-long-term-assets,total-long-term-assets,total-assets,total-current-liabilities,long-term-debt,other-non-current-liabilities,total-long-term-liabilities,total-liabilities,common-stock-net,retained-earnings-accumulated-deficit,comprehensive-income,total-share-holder-equity,total-liabilities-share-holders-equity,net-income-loss,total-depreciation-amortization-cash-flow,other-non-cash-items,total-non-cash-items,change-in-accounts-receivable,change-in-inventories,change-in-accounts-payable,change-in-assets-liabilities,total-change-in-assets-liabilities,cash-flow-from-operating-activities,net-change-in-property-plant-equipment,net-change-in-intangible-assets,net-acquisitions-divestitures,net-change-in-short-term-investments,net-change-in-long-term-investments,net-change-in-investments-total,investing-activities-other,cash-flow-from-investing-activities,net-long-term-debt,net-current-debt,debt-issuance-retirement-net-total,net-common-equity-issued-repurchased,net-total-equity-issued-repurchased,total-common-preferred-stock-dividends-paid,financial-activities-other,cash-flow-from-financial-activities,net-cash-flow,stock-based-compensation,common-stock-dividends-paid
0,2018-09-30,3.46,$3.20,1.08,$1.84,1.88,$-0.60,0.0,$-0.52,0.0,$0.29B,$0.32B,0.91,$0.06B,$1.79B,0.03,$1.03B,$0.42B,40.74%,$1.03B,$-0.24B,-23.47%,$1.03B,$-0.24B,-23.47%,$1.03B,$-0.13B,-12.61%,$1.03B,$-0.23B,-22.70%,$1.03B,$-0.30B,-29.00%,$-0.30B,$1.79B,-16.43%,$-0.30B,$0.44B,-67.08%,$-0.30B,$2.48B,-11.75%,$-0.24B,$1.85B,-12.95%,$250,$151,$99,$30,$84,$283,$-33,$-4,$-37,$-12,$-26,$-28,$-28,$-9,$-33,$560,560,$-0.05,$-0.05,$44,$43,$0,$290,$147,$43,$1345,$656,$2191,$2481,$318,$57,$184,$375,$692,$6,$-1109,$-13,$1789,$2481,$-77,$74,$-10,$64,$8,$4,$-9,$-59,$-62,$-74,$-24,$0,$0,$0,$1,$1,$0,$-23,$55,$-6,$49,$1,$1,$0,$0,$50,$-48,$17,$0
1,2018-06-30,4.7,$3.24,1.45,$1.84,2.56,$-0.64,0.0,$-0.55,0.0,$0.32B,$0.31B,1.05,$0.06B,$1.81B,0.03,$1.03B,$0.42B,40.51%,$1.03B,$-0.26B,-25.02%,$1.03B,$-0.26B,-25.02%,$1.03B,$-0.14B,-13.92%,$1.03B,$-0.25B,-24.63%,$1.03B,$-0.31B,-29.89%,$-0.31B,$1.81B,-16.20%,$-0.31B,$0.45B,-61.46%,$-0.31B,$2.53B,-11.78%,$-0.26B,$1.87B,-13.27%,$264,$150,$114,$29,$88,$269,$-5,$8,$3,$2,$1,$-6,$-6,$20,$-5,$560,560,$-0.01,$-0.01,$80,$47,$0,$322,$150,$45,$1363,$651,$2209,$2531,$307,$56,$209,$414,$720,$6,$-1081,$-13,$1810,$2531,$-49,$50,$-8,$42,$12,$1,$-8,$-35,$-45,$-53,$-12,$0,$0,$0,$0,$0,$0,$-12,$55,$-2,$53,$0,$0,$0,$0,$53,$-11,$12,$0
2,2018-03-31,3.17,$3.26,0.97,$1.88,1.68,$-0.65,0.0,$-0.58,0.0,$0.35B,$0.32B,1.1,$0.06B,$1.82B,0.03,$1.06B,$0.44B,41.38%,$1.06B,$-0.28B,-26.33%,$1.06B,$-0.28B,-26.33%,$1.06B,$-0.16B,-15.44%,$1.06B,$-0.28B,-26.33%,$1.06B,$-0.32B,-30.11%,$-0.32B,$1.82B,-16.15%,$-0.32B,$0.44B,-57.45%,$-0.32B,$2.58B,-11.93%,$-0.28B,$1.88B,-13.86%,$255,$154,$101,$33,$92,$298,$-43,$1,$-42,$-1,$-41,$-43,$-43,$-18,$-43,$559,559,$-0.08,$-0.08,$100,$50,$0,$349,$149,$41,$1388,$652,$2230,$2579,$318,$55,$234,$438,$756,$6,$-1075,$-1,$1823,$2579,$-43,$25,$5,$30,$7,$0,$-10,$-10,$-22,$-36,$-5,$0,$0,$0,$0,$0,$0,$-5,$55,$-6,$49,$0,$0,$0,$0,$49,$8,$6,$0
3,2017-12-31,4.9,$3.32,1.48,$1.90,2.57,$-0.65,0.0,$-0.56,0.0,$0.35B,$0.32B,1.1,$0.03B,$1.86B,0.02,$1.07B,$0.45B,41.99%,$1.07B,$-0.28B,-26.24%,$1.07B,$-0.28B,-26.24%,$1.07B,$-0.16B,-15.37%,$1.07B,$-0.28B,-25.77%,$1.07B,$-0.31B,-29.05%,$-0.31B,$1.86B,-15.20%,$-0.31B,$0.46B,-50.99%,$-0.31B,$2.59B,-11.44%,$-0.28B,$1.89B,-13.51%,$262,$157,$106,$33,$202,$424,$-161,$4,$-158,$61,$-219,$-222,$-222,$-123,$-161,$559,559,$-0.40,$-0.39,$91,$49,$0,$349,$147,$41,$1401,$653,$2241,$2590,$317,$29,$240,$418,$734,$6,$-1037,$-1,$1856,$2590,$-309,$116,$49,$165,$58,$-4,$20,$-53,$52,$-92,$-39,$0,$0,$0,$-7,$-7,$0,$-47,$0,$59,$59,$2,$2,$0,$0,$61,$-77,$28,$0
4,2017-09-30,6.86,$3.73,1.84,$1.94,3.54,$-0.39,0.0,$-0.22,0.0,$0.43B,$0.26B,1.66,$0.03B,$2.09B,0.01,$1.08B,$0.46B,42.41%,$1.08B,$-0.17B,-15.65%,$1.08B,$-0.17B,-15.65%,$1.08B,$-0.07B,-6.20%,$1.08B,$-0.16B,-14.81%,$1.08B,$-0.10B,-9.44%,$-0.10B,$2.09B,-4.86%,$-0.10B,$0.66B,-15.69%,$-0.10B,$2.72B,-3.70%,$-0.17B,$2.12B,-7.91%,$246,$151,$95,$33,$103,$294,$-48,$-9,$-56,$-24,$-32,$-36,$-36,$-22,$-48,$559,559,$-0.06,$-0.06,$100,$47,$0,$431,$142,$32,$1430,$687,$2291,$2722,$259,$29,$227,$374,$633,$6,$-792,$-5,$2089,$2722,$-87,$77,$-19,$57,$-14,$2,$12,$-52,$-64,$-94,$-28,$0,$0,$-0,$-5,$-5,$0,$-33,$0,$55,$55,$2,$2,$0,$0,$57,$-68,$22,$0
5,2017-06-30,6.58,$3.77,1.75,$2.04,3.23,$-0.20,0.0,$-0.17,0.0,$0.47B,$0.28B,1.67,$0.04B,$2.11B,0.02,$1.13B,$0.51B,45.05%,$1.13B,$-0.15B,-12.81%,$1.13B,$-0.15B,-12.81%,$1.13B,$-0.04B,-3.80%,$1.13B,$-0.14B,-12.19%,$1.13B,$-0.08B,-7.16%,$-0.08B,$2.11B,-3.85%,$-0.08B,$0.66B,-12.64%,$-0.08B,$2.77B,-2.92%,$-0.15B,$2.14B,-6.76%,$293,$157,$135,$33,$106,$318,$-26,$4,$-22,$-11,$-11,$-17,$-17,$-0,$-26,$559,564,$-0.03,$-0.04,$131,$48,$0,$473,$133,$34,$1443,$685,$2296,$2769,$283,$35,$202,$379,$662,$6,$-746,$-14,$2107,$2769,$-51,$51,$-3,$48,$-31,$-0,$9,$-27,$-53,$-57,$-13,$0,$0,$-0,$-3,$-3,$0,$-16,$0,$32,$32,$2,$2,$0,$0,$34,$-38,$16,$0
6,2017-03-31,8.0,$3.77,2.12,$2.16,3.71,$-0.03,0.0,$-0.11,0.0,$0.46B,$0.27B,1.74,$0.04B,$2.11B,0.02,$1.20B,$0.58B,48.41%,$1.20B,$-0.09B,-7.61%,$1.20B,$-0.09B,-7.61%,$1.20B,$0.01B,0.84%,$1.20B,$-0.08B,-6.94%,$1.20B,$-0.05B,-4.01%,$-0.05B,$2.11B,-2.31%,$-0.05B,$0.65B,-7.93%,$-0.05B,$2.76B,-1.73%,$-0.09B,$2.15B,-4.28%,$266,$155,$112,$27,$110,$312,$-45,$6,$-39,$-7,$-32,$-35,$-35,$-19,$-45,$558,558,$-0.06,$-0.06,$131,$47,$0,$460,$126,$37,$1453,$684,$2300,$2760,$265,$39,$190,$388,$653,$6,$-728,$-25,$2107,$2760,$-35,$26,$-1,$24,$-18,$-0,$20,$-9,$-24,$-34,$-6,$0,$0,$0,$0,$0,$0,$-6,$0,$0,$0,$2,$2,$0,$0,$2,$-38,$10,$0
7,2016-12-31,9.3,$3.75,2.48,$2.21,4.2,$0.01,0.0,$-0.07,0.0,$0.48B,$0.26B,1.84,$0.04B,$2.09B,0.02,$1.22B,$0.61B,50.04%,$1.22B,$-0.07B,-6.06%,$1.22B,$-0.07B,-6.06%,$1.22B,$0.02B,1.97%,$1.22B,$-0.07B,-6.06%,$1.22B,$-0.03B,-2.05%,$-0.03B,$2.09B,-1.22%,$-0.03B,$0.62B,-4.18%,$-0.03B,$2.77B,-0.90%,$-0.07B,$2.14B,-3.52%,$275,$159,$116,$-73,$249,$326,$-50,$8,$-43,$-31,$-11,$-14,$-14,$-26,$-50,$551,551,$-0.03,$-0.02,$169,$47,$0,$484,$123,$41,$1469,$650,$2283,$2767,$263,$44,$202,$412,$675,$6,$-730,$-27,$2092,$2767,$-25,$97,$4,$100,$-26,$-7,$-20,$-59,$-43,$32,$-17,$-5,$16,$-0,$-14,$-14,$0,$-21,$0,$-44,$-44,$9,$9,$0,$0,$-35,$-25,$43,$0
8,2016-09-30,10.59,$3.78,2.8,$2.28,4.65,$0.29,36.28,$-0.03,0.0,$0.50B,$0.26B,1.97,$0.05B,$2.11B,0.02,$1.22B,$0.63B,51.39%,$1.22B,$-0.03B,-2.62%,$1.22B,$-0.03B,-2.62%,$1.22B,$0.06B,5.24%,$1.22B,$-0.06B,-4.50%,$1.22B,$-0.01B,-0.74%,$-0.01B,$2.11B,-0.44%,$-0.01B,$0.62B,-1.52%,$-0.01B,$2.80B,-0.32%,$-0.03B,$2.16B,-1.54%,$298,$151,$147,$24,$125,$322,$-24,$-11,$-34,$-20,$-14,$-15,$-15,$2,$-24,$552,552,$-0.03,$-0.03,$145,$43,$0,$502,$125,$39,$1482,$651,$2298,$2800,$255,$52,$204,$440,$695,$6,$-716,$-16,$2105,$2800,$-11,$73,$34,$106,$-29,$-3,$-16,$-81,$-93,$2,$-16,$-5,$16,$0,$-9,$-9,$0,$-14,$0,$-43,$-43,$6,$6,$0,$0,$-37,$-49,$35,$0
9,2016-06-30,9.34,$3.68,2.54,$2.02,4.63,$0.65,14.47,$0.25,37.36,$0.51B,$0.28B,1.8,$0.05B,$2.02B,0.02,$1.07B,$0.56B,52.20%,$1.07B,$-0.02B,-1.50%,$1.07B,$-0.02B,-1.50%,$1.07B,$0.07B,6.19%,$1.07B,$0.02B,1.69%,$1.07B,$0.13B,12.56%,$0.13B,$2.02B,6.73%,$0.13B,$0.52B,23.39%,$0.13B,$2.77B,4.71%,$-0.02B,$2.06B,-0.79%,$357,$153,$204,$31,$118,$329,$28,$5,$33,$16,$18,$16,$16,$53,$28,$548,557,$0.03,$0.02,$172,$42,$0,$506,$128,$34,$1496,$610,$2268,$2774,$281,$45,$224,$477,$758,$5,$-701,$-23,$2016,$2774,$4,$47,$33,$80,$-18,$-2,$-13,$-50,$-50,$34,$-12,$0,$0,$-16,$-6,$-22,$0,$-34,$0,$-40,$-40,$2,$2,$0,$0,$-38,$-38,$26,$0
10,2016-03-31,10.39,$3.65,2.85,$1.47,7.08,$1.05,9.93,$0.14,74.21,$0.45B,$0.27B,1.7,$0.05B,$2.00B,0.03,$0.75B,$0.38B,50.66%,$0.75B,$-0.07B,-9.18%,$0.75B,$-0.07B,-9.18%,$0.75B,$-0.01B,-1.06%,$0.75B,$-0.06B,-7.58%,$0.75B,$0.08B,9.97%,$0.08B,$2.00B,4.43%,$0.08B,$0.63B,13.54%,$0.08B,$2.79B,2.96%,$-0.07B,$2.05B,-3.93%,$291,$148,$144,$128,$0,$319,$-28,$-3,$-30,$-21,$-10,$-12,$-12,$-5,$-28,$546,546,$-0.02,$-0.02,$175,$41,$0,$454,$134,$35,$1372,$798,$2340,$2793,$267,$50,$276,$528,$795,$5,$-717,$-17,$1998,$2793,$-12,$22,$1,$24,$-10,$-0,$-0,$-23,$-21,$-9,$-10,$0,$0,$0,$-0,$-0,$0,$-10,$0,$-2,$-2,$2,$2,$0,$0,$0,$-19,$17,$0
11,2015-12-31,10.05,$3.63,2.77,$1.00,10.02,$1.62,6.22,$-0.10,0.0,$0.45B,$0.25B,1.8,$0.05B,$1.98B,0.03,$0.49B,$0.26B,52.34%,$0.49B,$-0.10B,-19.96%,$0.49B,$-0.10B,-19.96%,$0.49B,$-0.06B,-11.41%,$0.49B,$-0.14B,-28.11%,$0.49B,$-0.03B,-6.11%,$-0.03B,$1.98B,-2.15%,$-0.03B,$0.60B,-5.66%,$-0.03B,$2.80B,-1.36%,$-0.10B,$2.03B,-6.65%,$276,$143,$133,$25,$103,$284,$-8,$-16,$-24,$-26,$3,$2,$2,$14,$-8,$488,488,$0.03,$0.11,$194,$40,$0,$454,$132,$35,$1382,$797,$2345,$2799,$252,$49,$292,$567,$819,$5,$-705,$-23,$1980,$2799,$-31,$43,$-54,$-10,$-5,$-5,$-18,$224,$206,$164,$-11,$-5,$-79,$0,$-4,$-4,$0,$-99,$0,$7,$7,$26,$26,$0,$0,$33,$97,$26,$0
12,2015-09-30,8.41,$3.61,2.33,$0.50,16.92,$1.08,7.82,$-0.22,0.0,$0.52B,$0.36B,1.45,$0.04B,$1.97B,0.02,$0.24B,$0.14B,57.26%,$0.24B,$-0.12B,-50.62%,$0.24B,$-0.12B,-50.62%,$0.24B,$-0.10B,-41.08%,$0.24B,$-0.17B,-69.29%,$0.24B,$-0.09B,-35.27%,$-0.09B,$1.97B,-7.65%,$-0.09B,$0.55B,-16.43%,$-0.09B,$3.02B,-4.64%,$-0.12B,$2.01B,-10.09%,$143,$67,$76,$19,$55,$151,$-8,$47,$39,$-93,$132,$128,$128,$4,$-8,$501,516,$0.26,$0.18,$212,$41,$0,$517,$127,$35,$1422,$915,$2498,$3016,$358,$44,$236,$689,$1046,$5,$-706,$-21,$1969,$3016,$-33,$21,$-49,$-28,$-6,$-6,$-36,$244,$234,$173,$-4,$-5,$-79,$0,$-3,$-3,$0,$-91,$0,$8,$8,$25,$25,$0,$0,$33,$115,$18,$0
13,2015-06-30,16.08,$1.78,9.01,$0.27,60.47,$0.59,27.31,$-0.58,0.0,$0.28B,$0.18B,1.54,$0.11B,$0.83B,0.13,$0.12B,$0.07B,60.17%,$0.12B,$-0.16B,-137.29%,$0.12B,$-0.16B,-137.29%,$0.12B,$-0.15B,-124.58%,$0.12B,$-0.26B,-216.95%,$0.12B,$-0.26B,-222.03%,$-0.26B,$0.83B,-31.16%,$-0.26B,$0.44B,-49.46%,$-0.26B,$1.53B,-18.71%,$-0.16B,$0.94B,-16.95%,$42,$14,$28,$30,$21,$68,$-25,$-17,$-42,$0,$-42,$-43,$-43,$-21,$-25,$462,462,$-0.09,$-0.09,$221,$21,$0,$278,$23,$21,$384,$818,$1247,$1525,$180,$109,$409,$518,$699,$5,$-835,$-19,$827,$1525,$-161,$9,$89,$98,$-4,$-3,$7,$265,$268,$205,$-1,$0,$-95,$0,$-2,$-2,$0,$-98,$0,$1,$1,$17,$17,$0,$0,$18,$124,$14,$0
14,2015-03-31,14.17,$1.77,7.99,$0.23,61.32,$0.04,368.05,$-0.55,0.0,$0.39B,$0.18B,2.16,$0.11B,$0.81B,0.13,$0.10B,$0.05B,54.00%,$0.10B,$-0.17B,-172.00%,$0.10B,$-0.17B,-172.00%,$0.10B,$-0.16B,-155.00%,$0.10B,$-0.24B,-240.00%,$0.10B,$-0.24B,-244.00%,$-0.24B,$0.81B,-28.30%,$-0.24B,$0.53B,-42.55%,$-0.24B,$1.51B,-18.07%,$-0.17B,$0.92B,-17.56%,$30,$10,$20,$26,$17,$87,$-57,$-54,$-111,$6,$-116,$-118,$-117,$-53,$-57,$446,446,$-0.26,$-0.26,$348,$18,$0,$394,$15,$22,$283,$798,$1118,$1512,$183,$107,$410,$517,$700,$5,$-792,$-18,$813,$1512,$-118,$4,$65,$69,$0,$-2,$2,$283,$287,$239,$-0,$0,$0,$0,$0,$0,$0,$-0,$0,$0,$0,$13,$13,$0,$1,$14,$251,$7,$0
15,2014-12-31,9.99,$1.93,5.17,$0.22,45.9,$-0.55,0.0,$-0.40,0.0,$0.14B,$0.08B,1.72,$0.13B,$0.84B,0.16,$0.09B,$0.04B,47.83%,$0.09B,$-0.15B,-157.61%,$0.09B,$-0.15B,-157.61%,$0.09B,$-0.13B,-140.22%,$0.09B,$-0.17B,-185.87%,$0.09B,$-0.17B,-186.96%,$-0.17B,$0.84B,-19.84%,$-0.17B,$0.55B,-29.95%,$-0.17B,$1.27B,-13.11%,$-0.15B,$0.97B,-14.31%,$26,$12,$14,$26,$15,$58,$-32,$-21,$-53,$-1,$-52,$-53,$-53,$-29,$-32,$422,422,$-0.13,$-0.13,$97,$17,$0,$143,$16,$22,$287,$799,$1125,$1268,$83,$131,$50,$349,$432,$4,$-675,$-12,$836,$1268,$-175,$17,$69,$86,$-3,$-1,$-4,$1,$-2,$-90,$-5,$0,$-2,$0,$1,$1,$0,$-6,$0,$-2,$-2,$13,$13,$0,$-4,$7,$-89,$15,$0
16,2014-09-30,8.51,$2.06,4.14,$0.22,39.5,$-0.49,0.0,$-0.32,0.0,$0.16B,$0.08B,2.12,$0.12B,$0.89B,0.13,$0.09B,$0.04B,44.83%,$0.09B,$-0.15B,-171.26%,$0.09B,$-0.15B,-171.26%,$0.09B,$-0.13B,-150.57%,$0.09B,$-0.13B,-151.72%,$0.09B,$-0.14B,-156.32%,$-0.14B,$0.89B,-15.53%,$-0.14B,$0.60B,-23.45%,$-0.14B,$1.30B,-10.13%,$-0.15B,$1.00B,-14.29%,$20,$11,$9,$21,$14,$68,$-48,$-1,$-50,$0,$-50,$-50,$-49,$-44,$-48,$428,428,$-0.11,$-0.11,$118,$17,$0,$163,$17,$27,$290,$798,$1132,$1295,$77,$115,$216,$331,$408,$4,$-622,$-9,$887,$1295,$-121,$13,$44,$57,$-4,$-1,$-4,$9,$-2,$-66,$-3,$0,$-2,$0,$-1,$-1,$0,$-5,$0,$-2,$-2,$12,$12,$0,$-6,$3,$-68,$10,$0
17,2014-06-30,8.84,$2.14,4.12,$0.23,39.04,$-0.42,0.0,$-0.38,0.0,$0.18B,$0.08B,2.31,$0.12B,$0.91B,0.13,$0.09B,$0.04B,44.32%,$0.09B,$-0.12B,-136.36%,$0.09B,$-0.12B,-136.36%,$0.09B,$-0.10B,-115.91%,$0.09B,$-0.14B,-159.09%,$0.09B,$-0.15B,-167.05%,$-0.15B,$0.91B,-16.87%,$-0.15B,$0.62B,-25.67%,$-0.15B,$1.33B,-10.77%,$-0.12B,$1.03B,-11.30%,$24,$13,$11,$16,$15,$58,$-35,$9,$-26,$0,$-26,$-26,$-25,$-29,$-35,$413,413,$-0.06,$-0.06,$134,$18,$0,$183,$17,$33,$295,$798,$1144,$1327,$79,$116,$218,$335,$414,$4,$-573,$0,$913,$1327,$-71,$9,$23,$33,$-4,$-1,$-3,$6,$-6,$-45,$-1,$0,$-2,$0,$-1,$-1,$0,$-3,$0,$-0,$-0,$3,$3,$0,$-6,$-4,$-52,$7,$0
18,2014-03-31,9.32,$2.01,4.63,$0.24,38.8,$-0.34,0.0,$-0.33,0.0,$0.21B,$0.09B,2.43,$0.23B,$0.83B,0.27,$0.09B,$0.04B,44.32%,$0.09B,$-0.10B,-117.05%,$0.09B,$-0.10B,-117.05%,$0.09B,$-0.09B,-98.86%,$0.09B,$-0.12B,-130.68%,$0.09B,$-0.13B,-142.05%,$-0.13B,$0.83B,-17.34%,$-0.13B,$0.53B,-27.41%,$-0.13B,$1.36B,-10.48%,$-0.10B,$1.06B,-11.08%,$22,$12,$10,$21,$14,$53,$-30,$-12,$-42,$1,$-43,$-45,$-45,$-27,$-30,$413,413,$-0.11,$-0.11,$156,$19,$0,$205,$17,$36,$298,$800,$1150,$1356,$85,$225,$215,$440,$524,$4,$-548,$1,$831,$1356,$-45,$4,$19,$23,$-1,$-2,$1,$2,$-1,$-23,$-1,$0,$-0,$0,$1,$1,$0,$-0,$0,$-2,$-2,$2,$2,$0,$-6,$-7,$-29,$4,$0
19,2013-12-31,8.44,$2.12,3.99,$0.29,29.46,$-0.33,0.0,$-0.33,0.0,$0.24B,$0.09B,2.64,$0.21B,$0.87B,0.24,$0.10B,$0.05B,50.52%,$0.10B,$-0.08B,-82.47%,$0.10B,$-0.08B,-82.47%,$0.10B,$-0.06B,-64.95%,$0.10B,$-0.10B,-107.22%,$0.10B,$-0.12B,-118.56%,$-0.12B,$0.87B,-19.38%,$-0.12B,$0.57B,-31.81%,$-0.12B,$1.39B,-11.30%,$-0.08B,$1.09B,-9.82%,$21,$12,$9,$23,$15,$57,$-36,$21,$-14,$-1,$-14,$-17,$-17,$-31,$-36,$355,355,$-0.03,$-0.03,$186,$18,$0,$243,$17,$31,$301,$800,$1149,$1392,$92,$212,$215,$427,$519,$4,$-503,$3,$873,$1392,$-117,$16,$41,$58,$1,$2,$2,$-4,$4,$-56,$-3,$0,$21,$0,$13,$13,$0,$30,$170,$-4,$166,$23,$23,$-3,$-3,$184,$158,$11,$-3
20,2013-09-30,8.81,$2.13,4.13,$0.28,31.11,$-0.25,0.0,$-0.29,0.0,$0.24B,$0.07B,3.38,$0.21B,$0.87B,0.24,$0.09B,$0.05B,51.09%,$0.09B,$-0.05B,-58.70%,$0.09B,$-0.05B,-58.70%,$0.09B,$-0.04B,-42.39%,$0.09B,$-0.10B,-108.70%,$0.09B,$-0.10B,-107.61%,$-0.10B,$0.87B,-23.59%,$-0.10B,$0.57B,-44.59%,$-0.10B,$1.38B,-13.34%,$-0.05B,$1.08B,-9.18%,$21,$12,$9,$11,$14,$40,$-19,$-39,$-58,$1,$-59,$-61,$-60,$-15,$-19,$361,361,$-0.17,$-0.17,$181,$20,$0,$241,$17,$25,$300,$800,$1142,$1383,$71,$209,$235,$444,$515,$4,$-486,$3,$868,$1383,$-100,$12,$50,$61,$-1,$1,$2,$-3,$9,$-30,$-2,$0,$21,$-25,$-2,$-27,$0,$-9,$170,$-3,$167,$5,$5,$-3,$-3,$167,$128,$7,$-3
21,2013-06-30,7.1,$0.93,7.65,$0.27,26.74,$-0.24,0.0,$-0.15,0.0,$0.23B,$0.06B,3.87,$0.19B,$0.31B,0.6,$0.08B,$0.04B,50.60%,$0.08B,$-0.04B,-53.01%,$0.08B,$-0.04B,-53.01%,$0.08B,$-0.03B,-37.35%,$0.08B,$-0.05B,-61.45%,$0.08B,$-0.05B,-59.04%,$-0.05B,$0.31B,-20.48%,$-0.05B,$0.15B,-58.68%,$-0.05B,$0.64B,-10.68%,$-0.04B,$0.50B,-12.10%,$24,$13,$11,$10,$14,$42,$-18,$17,$-1,$1,$-2,$-4,$-3,$-14,$-18,$337,337,$-0.01,$-0.01,$169,$20,$0,$230,$17,$27,$162,$206,$411,$641,$59,$189,$81,$269,$329,$3,$-426,$3,$312,$641,$-39,$7,$9,$16,$-2,$1,$0,$-2,$5,$-18,$10,$0,$0,$-50,$-13,$-63,$0,$-54,$170,$-2,$168,$2,$2,$-3,$-3,$164,$92,$7,$-3
22,2013-03-31,7.63,$0.95,8.03,$0.23,33.3,$-0.27,0.0,$-0.18,0.0,$0.24B,$0.06B,4.08,$0.28B,$0.32B,0.86,$0.07B,$0.04B,50.72%,$0.07B,$-0.04B,-50.72%,$0.07B,$-0.04B,-50.72%,$0.07B,$-0.02B,-34.78%,$0.07B,$-0.06B,-86.96%,$0.07B,$-0.06B,-82.61%,$-0.06B,$0.32B,-28.61%,$-0.06B,$0.16B,-104.59%,$-0.06B,$0.65B,-16.01%,$-0.04B,$0.60B,-12.41%,$31,$12,$20,$10,$12,$38,$-7,$-24,$-31,$0,$-31,$-35,$-35,$-3,$-7,$313,313,$-0.11,$-0.11,$182,$23,$0,$238,$17,$29,$165,$206,$416,$654,$58,$276,$0,$276,$334,$3,$-423,$8,$320,$654,$-35,$4,$22,$25,$-1,$-1,$-0,$-3,$-5,$-15,$-1,$0,$0,$0,$0,$0,$0,$-1,$170,$1,$172,$1,$1,$-3,$0,$170,$154,$5,$-3
23,2012-12-31,4.81,$0.59,8.15,$0.16,30.38,$-0.26,0.0,$-0.10,0.0,$0.08B,$0.05B,1.5,$0.00B,$0.18B,0.0,$0.05B,$0.02B,40.43%,$0.05B,$-0.04B,-78.72%,$0.05B,$-0.04B,-78.72%,$0.05B,$-0.03B,-59.57%,$0.05B,$-0.04B,-78.72%,$0.05B,$-0.03B,-65.96%,$-0.03B,$0.18B,-19.62%,$-0.03B,$0.01B,-120.39%,$-0.03B,$0.29B,-12.38%,$-0.04B,$0.18B,-20.87%,$16,$9,$7,$7,$10,$26,$-10,$-0,$-10,$-10,$-0,$-1,$-1,$-7,$-10,$296,296,$-0.01,$-0.01,$27,$22,$0,$79,$17,$16,$165,$14,$211,$290,$52,$0,$34,$59,$111,$3,$-389,$7,$179,$290,$-30,$10,$-1,$9,$1,$-6,$1,$-3,$-5,$-25,$-1,$0,$-19,$-1,$-3,$-4,$0,$-25,$0,$4,$4,$2,$2,$0,$0,$6,$-44,$5,$0
24,2012-09-30,4.18,$0.49,8.45,$0.12,33.71,$-0.24,0.0,$-0.04,0.0,$0.09B,$0.05B,1.9,$0.03B,$0.15B,0.23,$0.04B,$0.01B,37.84%,$0.04B,$-0.04B,-94.59%,$0.04B,$-0.04B,-94.59%,$0.04B,$-0.03B,-78.38%,$0.04B,$-0.04B,-97.30%,$0.04B,$-0.01B,-32.43%,$-0.01B,$0.15B,-7.82%,$-0.01B,$0.01B,-36.09%,$-0.01B,$0.25B,-5.10%,$-0.04B,$0.18B,-19.55%,$12,$7,$4,$4,$7,$21,$-9,$-0,$-9,$-0,$-9,$-10,$-10,$-7,$-9,$298,298,$-0.03,$-0.03,$42,$21,$0,$88,$13,$15,$132,$2,$162,$250,$46,$33,$0,$57,$104,$3,$-388,$9,$146,$250,$-29,$7,$7,$15,$-0,$-4,$-0,$-1,$-6,$-20,$-1,$0,$-11,$-19,$-3,$-22,$0,$-33,$0,$3,$3,$2,$2,$0,$0,$5,$-48,$3,$0
25,2012-06-30,4.6,$0.51,8.97,$0.11,42.49,$-0.22,0.0,$-0.04,0.0,$0.09B,$0.03B,2.91,$0.02B,$0.15B,0.15,$0.03B,$0.01B,40.63%,$0.03B,$-0.03B,-100.00%,$0.03B,$-0.03B,-100.00%,$0.03B,$-0.03B,-84.38%,$0.03B,$-0.03B,-103.13%,$0.03B,$-0.01B,-34.38%,$-0.01B,$0.15B,-7.72%,$-0.01B,$0.04B,-21.89%,$-0.01B,$0.23B,-5.23%,$-0.03B,$0.17B,-19.94%,$10,$7,$4,$4,$5,$20,$-9,$-0,$-10,$0,$-10,$-10,$-11,$-7,$-9,$298,298,$-0.04,$-0.04,$55,$17,$0,$92,$5,$0,$117,$1,$138,$230,$32,$23,$0,$47,$79,$3,$-379,$7,$152,$230,$-19,$5,$5,$9,$-3,$-3,$-1,$-1,$-8,$-18,$-0,$0,$-2,$-17,$-3,$-20,$0,$-22,$0,$5,$5,$1,$1,$0,$0,$7,$-33,$2,$0
26,2012-03-31,4.73,$0.53,9.01,$0.10,45.69,$-0.19,0.0,$-0.02,0.0,$0.10B,$0.03B,3.35,$0.02B,$0.16B,0.15,$0.03B,$0.01B,43.33%,$0.03B,$-0.03B,-93.33%,$0.03B,$-0.03B,-93.33%,$0.03B,$-0.02B,-80.00%,$0.03B,$-0.03B,-93.33%,$0.03B,$-0.01B,-20.00%,$-0.01B,$0.16B,-4.54%,$-0.01B,$0.04B,-9.52%,$-0.01B,$0.23B,-3.11%,$-0.03B,$0.18B,-19.28%,$9,$5,$4,$5,$5,$18,$-9,$1,$-8,$0,$-8,$-9,$-9,$-7,$-9,$298,298,$-0.03,$-0.03,$62,$18,$0,$99,$5,$10,$115,$1,$132,$232,$30,$22,$0,$47,$77,$3,$-368,$2,$155,$232,$-9,$2,$2,$4,$-3,$-4,$-0,$-1,$-7,$-11,$-0,$0,$0,$-15,$-3,$-18,$0,$-18,$0,$5,$5,$0,$0,$0,$0,$5,$-24,$1,$0
27,2011-12-31,4.9,$0.54,9.06,$0.10,48.68,$-0.17,0.0,$-0.01,0.0,$0.10B,$0.02B,5.3,$0.03B,$0.16B,0.16,$0.03B,$0.01B,42.86%,$0.03B,$-0.02B,-82.14%,$0.03B,$-0.02B,-82.14%,$0.03B,$-0.02B,-71.43%,$0.03B,$-0.02B,-85.71%,$0.03B,$-0.00B,-10.71%,$-0.00B,$0.16B,-2.41%,$-0.00B,$0.04B,-3.87%,$-0.00B,$0.23B,-1.68%,$-0.02B,$0.19B,-17.39%,$6,$4,$2,$4,$5,$14,$-8,$-0,$-9,$-20,$11,$10,$18,$-8,$-8,$281,281,$0.06,$0.06,$72,$13,$0,$100,$5,$7,$117,$1,$130,$229,$19,$25,$0,$50,$69,$3,$-360,$1,$161,$229,$-1,$4,$-20,$-16,$-2,$2,$-2,$0,$-1,$-19,$-2,$0,$-28,$0,$-2,$-2,$17,$-15,$0,$-5,$-5,$98,$96,$-5,$0,$87,$54,$7,$-5
28,2011-09-30,4.33,$0.36,12.07,$0.11,39.66,$-0.17,0.0,$-0.08,0.0,$0.12B,$0.02B,5.81,$0.00B,$0.10B,0.02,$0.03B,$0.02B,62.07%,$0.03B,$-0.01B,-41.38%,$0.03B,$-0.01B,-41.38%,$0.03B,$-0.01B,-31.03%,$0.03B,$-0.01B,-41.38%,$0.03B,$-0.02B,-75.86%,$-0.02B,$0.10B,-24.44%,$-0.02B,$0.08B,-31.88%,$-0.02B,$0.15B,-15.58%,$-0.01B,$0.11B,-13.11%,$7,$4,$3,$3,$4,$13,$-6,$-1,$-6,$-0,$-6,$-7,$-9,$-5,$-6,$286,286,$-0.03,$-0.03,$87,$11,$0,$118,$3,$6,$20,$1,$33,$151,$20,$2,$0,$28,$49,$3,$-378,$0,$102,$151,$-20,$3,$6,$9,$-3,$4,$-4,$0,$-1,$-12,$-1,$0,$-11,$-40,$-2,$-42,$0,$-54,$0,$-1,$-1,$98,$96,$0,$0,$95,$29,$5,$0
29,2011-06-30,3.69,$0.39,9.56,$0.11,34.3,$-0.20,0.0,$-0.08,0.0,$0.13B,$0.02B,5.93,$0.00B,$0.11B,0.01,$0.03B,$0.02B,60.71%,$0.03B,$-0.01B,-35.71%,$0.03B,$-0.01B,-35.71%,$0.03B,$-0.01B,-28.57%,$0.03B,$-0.01B,-39.29%,$0.03B,$-0.02B,-75.00%,$-0.02B,$0.11B,-30.22%,$-0.02B,$0.09B,-42.42%,$-0.02B,$0.16B,-17.43%,$-0.01B,$0.11B,-14.23%,$8,$5,$4,$3,$5,$13,$-5,$-0,$-5,$-0,$-5,$-5,$-6,$-4,$-5,$285,285,$-0.02,$-0.02,$94,$16,$0,$128,$3,$4,$25,$0,$33,$160,$22,$2,$0,$28,$49,$3,$-370,$3,$111,$160,$-11,$2,$4,$5,$-2,$4,$-4,$0,$-3,$-9,$-1,$0,$-11,$-55,$0,$-55,$0,$-66,$0,$-0,$-0,$97,$96,$0,$0,$95,$21,$4,$0
30,2011-03-31,3.73,$0.43,8.6,$0.11,34.78,$-0.21,0.0,$-0.09,0.0,$0.14B,$0.03B,5.79,$0.00B,$0.12B,0.02,$0.03B,$0.02B,59.26%,$0.03B,$-0.01B,-40.74%,$0.03B,$-0.01B,-40.74%,$0.03B,$-0.01B,-33.33%,$0.03B,$-0.01B,-44.44%,$0.03B,$-0.02B,-81.48%,$-0.02B,$0.12B,-40.55%,$-0.02B,$0.10B,-60.27%,$-0.02B,$0.18B,-22.56%,$-0.01B,$0.13B,-20.18%,$7,$4,$3,$1,$5,$11,$-4,$0,$-4,$0,$-4,$-5,$-6,$-3,$-4,$261,261,$-0.02,$-0.02,$108,$18,$0,$143,$3,$5,$26,$0,$34,$176,$25,$2,$0,$28,$53,$3,$-364,$2,$124,$176,$-6,$1,$2,$2,$-1,$2,$-2,$-0,$-1,$-5,$-0,$0,$-11,$-60,$0,$-60,$0,$-71,$0,$0,$0,$105,$105,$0,$0,$105,$30,$2,$0
31,2010-12-31,3.67,$0.09,40.64,$0.11,32.84,$-0.20,0.0,$-0.09,0.0,$0.06B,$0.03B,2.08,$0.00B,$0.02B,0.0,$0.03B,$0.02B,53.57%,$0.03B,$-0.01B,-39.29%,$0.03B,$-0.01B,-39.29%,$0.03B,$-0.01B,-32.14%,$0.03B,$-0.01B,-42.86%,$0.03B,$-0.02B,-75.00%,$-0.02B,$0.02B,-56.38%,$-0.02B,$0.01B,-96.55%,$-0.02B,$0.08B,-27.91%,$-0.01B,$0.02B,-29.53%,$7,$-0,$8,$2,$4,$5,$3,$0,$3,$-0,$3,$3,$-1,$3,$3,$255,255,$0.00,$0.00,$18,$16,$0,$57,$3,$5,$13,$0,$20,$78,$28,$0,$1,$27,$55,$3,$-358,$3,$23,$78,$-19,$2,$11,$13,$-3,$-8,$1,$0,$-13,$-19,$-1,$0,$-1,$0,$-1,$-1,$-0,$-3,$0,$-3,$-3,$0,$0,$0,$0,$-3,$-25,$7,$0
32,2010-09-30,2.24,$0.08,28.39,$0.08,29.8,$-0.23,0.0,$-0.12,0.0,$0.05B,$0.02B,2.21,$0.00B,$0.02B,0.0,$0.02B,$0.01B,36.84%,$0.02B,$-0.02B,-84.21%,$0.02B,$-0.02B,-84.21%,$0.02B,$-0.02B,-78.95%,$0.02B,$-0.02B,-94.74%,$0.02B,$-0.03B,-157.89%,$-0.03B,$0.02B,-75.95%,$-0.03B,$0.00B,-133.33%,$-0.03B,$0.07B,-38.71%,$-0.02B,$0.02B,-36.99%,$6,$3,$2,$2,$4,$10,$-4,$-0,$-5,$0,$-5,$-5,$-8,$-4,$-4,$255,255,$-0.03,$-0.03,$15,$14,$0,$45,$3,$4,$16,$0,$23,$68,$20,$0,$0,$27,$48,$3,$-358,$2,$20,$68,$-14,$2,$4,$6,$-3,$-4,$1,$-0,$-9,$-17,$-1,$0,$-1,$0,$0,$0,$-0,$-2,$0,$-8,$-8,$0,$0,$0,$0,$-8,$-27,$4,$0
33,2010-06-30,2.26,$0.20,11.52,$0.06,38.4,$-0.24,0.0,$-0.09,0.0,$0.05B,$0.02B,2.7,$0.00B,$0.05B,0.0,$0.02B,$0.01B,33.33%,$0.02B,$-0.02B,-120.00%,$0.02B,$-0.02B,-120.00%,$0.02B,$-0.02B,-106.67%,$0.02B,$-0.02B,-126.67%,$0.02B,$-0.03B,-213.33%,$-0.03B,$0.05B,-63.37%,$-0.03B,$0.03B,-88.89%,$-0.03B,$0.07B,-39.26%,$-0.02B,$0.05B,-31.03%,$7,$5,$3,$2,$6,$13,$-6,$-0,$-6,$0,$-6,$-6,$-7,$-5,$-6,$255,255,$-0.03,$-0.03,$20,$12,$0,$45,$3,$4,$16,$0,$23,$68,$17,$0,$0,$1,$18,$3,$-350,$-0,$50,$68,$-11,$2,$3,$5,$-3,$-1,$1,$-0,$-6,$-11,$-1,$0,$-1,$-10,$0,$-10,$0,$-12,$0,$-10,$-10,$0,$0,$0,$0,$-10,$-33,$3,$0
34,2010-03-31,1.98,$0.22,9.05,$0.04,49.44,$-0.26,0.0,$-0.09,0.0,$0.06B,$0.03B,2.1,$0.00B,$0.06B,0.0,$0.01B,$0.00B,30.00%,$0.01B,$-0.02B,-170.00%,$0.01B,$-0.02B,-170.00%,$0.01B,$-0.02B,-160.00%,$0.01B,$-0.02B,-190.00%,$0.01B,$-0.03B,-310.00%,$-0.03B,$0.06B,-64.92%,$-0.03B,$0.04B,-87.32%,$-0.03B,$0.09B,-38.99%,$-0.02B,$0.06B,-28.94%,$8,$6,$2,$1,$4,$12,$-4,$-0,$-4,$0,$-4,$-5,$-5,$-3,$-4,$254,254,$-0.02,$-0.02,$39,$10,$0,$63,$2,$4,$17,$0,$24,$87,$30,$0,$0,$1,$31,$3,$-344,$1,$56,$87,$-5,$1,$1,$2,$-2,$1,$1,$-0,$-0,$-3,$-0,$0,$-1,$-5,$0,$-5,$0,$-7,$0,$0,$0,$0,$0,$0,$0,$0,$-9,$1,$0
35,2009-12-31,1.83,$0.12,14.7,$0.02,89.53,$-0.29,0.0,$-0.12,0.0,$0.06B,$0.01B,4.9,$0.02B,$0.03B,0.49,$0.00B,$0.00B,50.00%,$0.00B,$-0.02B,-550.00%,$0.00B,$-0.02B,-550.00%,$0.00B,$-0.02B,-525.00%,$0.00B,$-0.02B,-600.00%,$0.00B,$-0.04B,-875.00%,$-0.04B,$0.03B,-110.24%,$-0.04B,$0.01B,-159.09%,$-0.04B,$0.09B,-56.00%,$-0.02B,$0.05B,-47.57%,$-2,$-2,$-0,$-0,$1,$1,$-2,$-1,$-3,$0,$-3,$-3,$-10,$-3,$-2,$233,233,$-0.03,$-0.03,$43,$11,$0,$64,$1,$4,$18,$0,$24,$87,$13,$15,$0,$43,$56,$3,$-339,$1,$32,$87,$-30,$1,$8,$9,$-1,$-1,$-1,$0,$-2,$-23,$-0,$0,$-18,$10,$-15,$-5,$-0,$-23,$0,$0,$0,$52,$82,$0,$0,$82,$36,$4,$0
36,2009-09-30,2.28,$0.25,8.99,$0.04,61.87,$-0.34,0.0,$-0.13,0.0,$0.07B,$0.00B,16.52,$0.02B,$0.06B,0.23,$0.01B,$0.00B,25.00%,$0.01B,$-0.03B,-362.50%,$0.01B,$-0.03B,-362.50%,$0.01B,$-0.03B,-337.50%,$0.01B,$-0.03B,-387.50%,$0.01B,$-0.04B,-437.50%,$-0.04B,$0.06B,-147.37%,$-0.04B,$0.06B,-205.88%,$-0.04B,$0.08B,-75.68%,$-0.03B,$0.08B,-76.32%,$2,$1,$0,$3,$3,$7,$-6,$-0,$-6,$-0,$-6,$-6,$-10,$-5,$-6,$253,253,$-0.04,$-0.04,$63,$5,$0,$72,$1,$5,$6,$0,$12,$84,$4,$15,$0,$15,$19,$3,$-330,$0,$64,$84,$-21,$1,$4,$5,$-0,$-1,$-1,$0,$-4,$-20,$-0,$0,$0,$-5,$-5,$-10,$0,$-10,$0,$-0,$-0,$52,$82,$0,$0,$82,$52,$4,$0
37,2009-06-30,1.77,$0.15,11.49,$0.05,33.71,$-0.38,0.0,$-0.17,0.0,$0.05B,$0.01B,7.92,$0.01B,$0.04B,0.37,$0.01B,$0.00B,30.00%,$0.01B,$-0.03B,-310.00%,$0.01B,$-0.03B,-310.00%,$0.01B,$-0.03B,-300.00%,$0.01B,$-0.03B,-330.00%,$0.01B,$-0.03B,-330.00%,$-0.03B,$0.04B,-330.00%,$-0.03B,$0.03B,-1200.00%,$-0.03B,$0.06B,-100.76%,$-0.03B,$0.05B,-131.91%,$2,$2,$1,$2,$3,$8,$-5,$-0,$-6,$-0,$-6,$-6,$-6,$-5,$-5,$226,226,$-0.03,$-0.03,$41,$5,$0,$50,$1,$2,$7,$0,$10,$60,$6,$14,$0,$14,$21,$3,$-324,$0,$39,$60,$-15,$1,$2,$3,$-1,$-1,$-0,$-0,$-3,$-15,$-0,$0,$0,$-5,$-2,$-7,$0,$-7,$0,$-0,$-0,$52,$52,$0,$0,$52,$29,$2,$0
38,2009-03-31,0.98,$-0.04,-25.26,$0.05,20.9,$-0.40,0.0,$-0.20,0.0,$0.01B,$0.01B,0.88,$0.01B,$-0.01B,-1.81,$0.01B,$0.00B,22.22%,$0.01B,$-0.04B,-411.11%,$0.01B,$-0.04B,-411.11%,$0.01B,$-0.04B,-388.89%,$0.01B,$-0.04B,-422.22%,$0.01B,$-0.04B,-422.22%,$-0.04B,$-0.01B,-7600.00%,$-0.04B,$-0.02B,524.14%,$-0.04B,$0.02B,-165.22%,$-0.04B,$0.01B,-269.09%,$2,$2,$1,$6,$3,$11,$-9,$-0,$-9,$-0,$-9,$-9,$-9,$-8,$-9,$200,200,$-0.05,$-0.05,$2,$5,$0,$11,$1,$0,$7,$0,$8,$19,$13,$14,$0,$14,$27,$2,$-318,$0,$-8,$19,$-9,$0,$1,$1,$-0,$-1,$1,$-1,$0,$-8,$-0,$0,$0,$0,$0,$0,$0,$-0,$3,$0,$3,$0,$0,$0,$0,$3,$-5,$1,$0
39,2008-12-31,1.62,$0.00,900.0,$0.05,31.77,$-0.40,0.0,$-0.21,0.0,$0.01B,$0.01B,1.75,$0.01B,$0.00B,39.24,$0.01B,0,0.00%,$0.01B,$-0.04B,-390.00%,$0.01B,$-0.04B,-390.00%,$0.01B,$-0.04B,-370.00%,$0.01B,$-0.04B,-400.00%,$0.01B,$-0.04B,-400.00%,$-0.04B,$0.00B,-842.11%,$-0.04B,$-0.01B,1066.67%,$-0.04B,$0.02B,-153.85%,$-0.04B,$0.01B,-219.72%,$2,$1,$0,$7,$3,$11,$-9,$-0,$-10,$-0,$-10,$-10,$-10,$-9,$-9,$188,188,$-0.05,$-0.05,$7,$4,$0,$13,$1,$0,$7,$0,$8,$22,$8,$14,$0,$14,$21,$2,$-309,$0,$0,$22,$-40,$2,$9,$11,$1,$-2,$-1,$0,$-0,$-29,$-0,$0,$0,$0,$0,$0,$0,$-0,$0,$-2,$-2,$15,$15,$0,$0,$13,$-17,$7,$0
40,2008-09-30,1.75,$0.05,38.72,$0.04,41.66,$-0.37,0.0,$-0.21,0.0,$0.02B,$0.01B,2.33,$0.01B,$0.01B,1.32,$0.01B,0,0.00%,$0.01B,$-0.04B,-487.50%,$0.01B,$-0.04B,-475.00%,$0.01B,$-0.04B,-462.50%,$0.01B,$-0.04B,-487.50%,$0.01B,$-0.04B,-487.50%,$-0.04B,$0.01B,-433.33%,$-0.04B,$0.00B,15600.00%,$-0.04B,$0.03B,-127.87%,$-0.04B,$0.02B,-179.31%,$4,$3,$1,$5,$4,$12,$-8,$-0,$-8,$-0,$-8,$-8,$-8,$-8,$-8,$188,188,$-0.04,$-0.04,$15,$2,$0,$21,$1,$0,$8,$0,$9,$30,$9,$12,$0,$12,$21,$2,$-300,$0,$9,$30,$-30,$1,$8,$9,$-0,$-0,$-1,$-0,$-0,$-21,$-0,$0,$0,$0,$0,$0,$0,$-0,$0,$-3,$-2,$15,$15,$0,$0,$13,$-9,$6,$0
41,2008-06-30,1.52,$0.00,389.74,$0.02,74.42,$-0.31,0.0,$-0.16,0.0,$0.01B,$0.01B,1.59,$0.01B,$0.00B,18.42,$0.00B,$-0.00B,-25.00%,$0.00B,$-0.03B,-725.00%,$0.00B,$-0.03B,-700.00%,$0.00B,$-0.03B,-675.00%,$0.00B,$-0.03B,-725.00%,$0.00B,$-0.03B,-750.00%,$-0.03B,$0.00B,-500.00%,$-0.03B,$-0.01B,2400.00%,$-0.03B,$0.02B,-116.50%,$-0.03B,$0.01B,-165.71%,$1,$1,$-0,$5,$3,$12,$-11,$-0,$-11,$-0,$-11,$-11,$-11,$-10,$-11,$184,184,$-0.06,$-0.06,$5,$3,$0,$12,$1,$0,$9,$0,$9,$21,$7,$13,$0,$13,$20,$2,$-291,$0,$1,$21,$-22,$1,$6,$7,$1,$-1,$-1,$0,$-0,$-15,$-0,$0,$0,$0,$0,$0,$0,$-0,$0,$-3,$-3,$0,$0,$0,$0,$-2,$-18,$4,$0
42,2008-03-31,2.06,$0.05,42.74,$0.02,131.72,$-0.28,0.0,$-0.19,0.0,$0.02B,$0.01B,2.39,$0.01B,$0.01B,1.53,$0.00B,$-0.00B,-33.33%,$0.00B,$-0.03B,-966.67%,$0.00B,$-0.03B,-933.33%,$0.00B,$-0.03B,-933.33%,$0.00B,$-0.03B,-966.67%,$0.00B,$-0.03B,-1000.00%,$-0.03B,$0.01B,-480.00%,$-0.03B,$-0.00B,-2400.00%,$-0.03B,$0.03B,-127.66%,$-0.03B,$0.02B,-190.16%,$3,$3,$-1,$4,$5,$13,$-11,$-0,$-11,$-0,$-11,$-11,$-11,$-10,$-11,$181,181,$-0.06,$-0.06,$15,$3,$0,$21,$0,$0,$10,$0,$10,$31,$9,$13,$0,$13,$22,$2,$-280,$0,$9,$31,$-11,$0,$3,$3,$-0,$-0,$-1,$0,$1,$-7,$-0,$0,$0,$0,$0,$0,$0,$-0,$0,$-2,$-2,$0,$0,$0,$0,$-2,$-9,$3,$0
43,2007-12-31,2.85,$0.09,30.29,0,0.0,$-0.25,0.0,$-4.00,0.0,$0.03B,$0.01B,3.0,$0.01B,$0.02B,0.78,$0.00B,0,nan%,$0.00B,$-0.27B,inf%,$0.00B,$-0.27B,inf%,$0.00B,$-0.27B,inf%,$0.00B,$-0.27B,inf%,$0.00B,$-0.27B,inf%,$-0.27B,$0.02B,-4678.26%,$-0.27B,$0.01B,-8276.92%,$-0.27B,$0.04B,-1345.00%,$-0.27B,$0.03B,-2101.96%,$0,$0,$0,$4,$4,$9,$-9,$-0,$-9,$0,$-8,$-9,$-9,$-9,$-8,$129,129,$1.86,$1.86,$23,$2,$0,$29,$0,$0,$10,$0,$10,$40,$10,$13,$0,$13,$23,$2,$-269,$0,$17,$40,$-268,$0,$252,$252,$-1,$-0,$-1,$-1,$-1,$-17,$-0,$0,$3,$0,$-5,$-5,$0,$-3,$0,$6,$6,$36,$36,$0,$0,$43,$23,$7,$0
44,2007-09-30,4.04,$-0.02,-207.18,0,0.0,$-0.13,0.0,$-3.96,0.0,$0.01B,$0.01B,0.89,$0.01B,$-0.00B,-2.39,$0.00B,0,nan%,$0.00B,$-0.01B,inf%,$0.00B,$-0.01B,inf%,$0.00B,$-0.01B,inf%,$0.00B,$-0.01B,inf%,$0.00B,$-0.01B,inf%,$-0.01B,$-0.00B,-666.67%,$-0.01B,$-0.00B,-666.67%,$-0.01B,$0.01B,-100.00%,$-0.01B,$0.00B,-171.43%,$0,$0,$0,$-4,$3,$-2,$2,$-0,$2,$0,$2,$1,$1,$2,$2,$163,205,$0.01,$0.01,$5,$0,$0,$6,$0,$5,$0,$0,$5,$11,$6,$8,$0,$8,$14,$2,$-260,$0,$-3,$11,$-259,$0,$250,$250,$0,$0,$-1,$-0,$-1,$-11,$-0,$0,$-4,$0,$0,$0,$0,$-4,$16,$3,$20,$0,$0,$0,$0,$20,$5,$6,$0
45,2007-06-30,3.65,$0.01,357.84,0,0.0,$-0.30,0.0,$-4.00,0.0,$0.01B,$0.01B,1.08,$0.00B,$0.00B,2.21,$0.00B,0,nan%,$0.00B,$-0.01B,inf%,$0.00B,$-0.01B,inf%,$0.00B,$-0.01B,inf%,$0.00B,$-0.01B,inf%,$0.00B,$-0.01B,inf%,$-0.01B,$0.00B,-258.82%,$-0.01B,$0.00B,-258.82%,$-0.01B,$0.01B,-115.79%,$-0.01B,$0.01B,-176.00%,$0,$0,$0,$5,$5,$11,$-11,$-0,$-11,$0,$-11,$-11,$-11,$-11,$-11,$118,118,$-0.09,$-0.09,$6,$0,$0,$7,$0,$5,$0,$0,$5,$12,$6,$4,$0,$4,$10,$2,$-262,$0,$2,$12,$-261,$0,$256,$256,$0,$0,$-1,$0,$-1,$-6,$-0,$0,$-4,$0,$0,$0,$0,$-4,$0,$0,$0,$16,$16,$0,$0,$16,$6,$12,$0
46,2007-03-31,3.71,$0.06,62.35,0,0.0,$-101.35,0.0,$-3.91,0.0,$0.02B,$0.01B,2.94,$0.01B,$0.01B,0.72,$0.00B,0,nan%,$0.00B,0,nan%,$0.00B,0,nan%,$0.00B,0,nan%,$0.00B,0,nan%,$0.00B,0,nan%,$0.00B,$0.01B,0.00%,$0.00B,$0.01B,0.00%,$0.00B,$0.02B,0.00%,$0.00B,$0.01B,0.00%,$0,$0,$0,$6,$0,$250,$-250,$-0,$-250,$0,$-250,$-250,$-250,$-250,$-250,$65,65,$-3.87,$-3.87,$17,$0,$0,$17,$0,$0,$0,$0,$0,$17,$6,$5,$0,$5,$11,$1,$-251,$0,$7,$17,$-250,$0,$250,$250,$0,$0,$-0,$0,$-0,$-0,$0,$0,$1,$0,$0,$0,$0,$1,$0,$0,$0,$16,$16,$0,$0,$16,$17,$6,$0
47,2006-12-31,0.85,$0.00,2833.33,0,0.0,$-101.34,0.0,$-0.06,0.0,$0.00B,$0.00B,1.22,$0.00B,$0.00B,0.0,$0.00B,0,nan%,$0.00B,$-0.00B,inf%,$0.00B,$-0.00B,inf%,$0.00B,$-0.00B,inf%,$0.00B,$-0.00B,inf%,$0.00B,$-0.00B,inf%,$-0.00B,$0.00B,-15.38%,$-0.00B,$0.00B,-15.38%,$-0.00B,$0.00B,-14.81%,$-0.00B,$0.00B,-15.38%,$0,$0,$0,$-6,$-0,$-250,$250,$0,$250,$0,$250,$250,$250,$250,$250,$59,59,$3.67,$3.67,$0,$0,$0,$0,$0,$0,$0,$0,$0,$0,$0,$0,$0,$0,$0,$1,$-1,$0,$0,$0,$-1,$0,$0,$0,$0,$0,$0,$0,$0,$-1,$0,$0,$0,$0,$0,$0,$0,$0,$0,$0,$0,$1,$1,$0,$0,$1,$0,$0,$0
