,Date,Stock Price,Book Value per Share,Price to Book Ratio,TTM Sales per Share,Price to Sales Ratio,TTM FCF per Share,Price to FCF Ratio,TTM Net EPS,PE Ratio,Current Assets,Current Liabilities,Current Ratio,Long Term Debt,Shareholder's Equity_x,Debt to Equity Ratio,TTM Revenue_x,TTM Gross Profit,Gross Margin,TTM Revenue_y,TTM Operating Income,Operating Margin,TTM Revenue_x,TTM EBIT,EBIT Margin,TTM Revenue_y,TTM EBITDA,EBITDA Margin,TTM Revenue_x,TTM Pre-Tax Income,Pre-Tax Margin,TTM Revenue_y,TTM Net Income_x,Net Margin,TTM Net Income_y,Shareholder's Equity_y,Return on Equity,TTM Net Income_x,Tangible Equity,Return on Tangible Equity,TTM Net Income_y,Total Assets,Return on Assets,TTM Net Income,LT Investments & Debt,Return on Investment,revenue,cost-goods-sold,gross-profit,research-development-expenses,selling-general-administrative-expenses,operating-expenses,operating-income,total-non-operating-income-expense,pre-tax-income,total-provision-income-taxes,income-after-taxes,income-from-continuous-operations,net-income,ebitda,ebit,basic-shares-outstanding,shares-outstanding,eps-basic-net-earnings-per-share,eps-earnings-per-share-diluted,cash-on-hand,inventory,other-current-assets,total-current-assets,net-property-plant-equipment,long-term-investments,goodwill-intangible-assets-total,other-long-term-assets,total-long-term-assets,total-assets,total-current-liabilities,long-term-debt,other-non-current-liabilities,total-long-term-liabilities,total-liabilities,common-stock-net,retained-earnings-accumulated-deficit,comprehensive-income,total-share-holder-equity,total-liabilities-share-holders-equity,net-income-loss,total-depreciation-amortization-cash-flow,other-non-cash-items,total-non-cash-items,change-in-accounts-receivable,change-in-inventories,change-in-accounts-payable,change-in-assets-liabilities,total-change-in-assets-liabilities,cash-flow-from-operating-activities,net-change-in-property-plant-equipment,net-change-in-intangible-assets,net-acquisitions-divestitures,net-change-in-short-term-investments,net-change-in-long-term-investments,net-change-in-investments-total,investing-activities-other,cash-flow-from-investing-activities,net-long-term-debt,net-current-debt,debt-issuance-retirement-net-total,net-common-equity-issued-repurchased,net-total-equity-issued-repurchased,total-common-preferred-stock-dividends-paid,financial-activities-other,cash-flow-from-financial-activities,net-cash-flow,stock-based-compensation,common-stock-dividends-paid
0,2018-09-30,54.11,$28.21,1.92,$13.65,3.96,$-4.52,0.0,$2.37,22.83,$0.42B,$0.40B,1.06,$0.96B,$1.43B,0.67,$0.69B,$0.24B,35.01%,$0.69B,$0.17B,23.92%,$0.69B,$0.17B,23.92%,$0.69B,$0.30B,42.51%,$0.69B,$0.13B,18.44%,$0.69B,$0.15B,21.04%,$0.15B,$1.43B,10.56%,$0.15B,$1.19B,12.10%,$0.15B,$3.06B,5.13%,$0.17B,$2.39B,7.25%,$166,$118,$49,$1,$22,$141,$26,$-14,$11,$1,$10,$10,$11,$60,$26,$51,51,$0.21,$0.21,$155,$37,$48,$422,$1836,$68,$243,$20,$2638,$3060,$396,$960,$159,$1234,$1630,$0,$411,$-1,$1430,$3060,$87,$96,$-8,$89,$-10,$-2,$0,$-11,$-73,$103,$-201,$0,$-95,$0,$-4,$-4,$8,$-292,$214,$0,$214,$0,$0,$-22,$27,$220,$58,$7,$-22
1,2018-06-30,53.09,$28.02,1.89,$13.47,3.94,$-2.82,0.0,$2.54,20.9,$0.40B,$0.34B,1.16,$0.97B,$1.42B,0.68,$0.69B,$0.25B,36.93%,$0.69B,$0.18B,26.86%,$0.69B,$0.18B,26.86%,$0.69B,$0.31B,44.53%,$0.69B,$0.15B,21.90%,$0.69B,$0.16B,23.21%,$0.16B,$1.42B,11.92%,$0.16B,$1.17B,13.34%,$0.16B,$2.99B,5.87%,$0.18B,$2.39B,8.34%,$178,$121,$57,$1,$20,$142,$37,$-5,$31,$29,$2,$3,$-0,$69,$37,$51,51,$-0.01,$-0.01,$143,$37,$47,$396,$1841,$67,$247,$21,$2599,$2994,$341,$970,$159,$1234,$1575,$0,$405,$-2,$1419,$2994,$77,$62,$-9,$53,$3,$-1,$0,$-11,$-63,$67,$-139,$0,$-95,$0,$-4,$-4,$2,$-236,$178,$0,$178,$0,$0,$-17,$27,$188,$46,$4,$-17
2,2018-03-31,56.17,$27.36,2.05,$13.51,4.16,$-1.44,0.0,$3.24,17.33,$0.32B,$0.21B,1.57,$0.89B,$1.39B,0.65,$0.69B,$0.27B,38.78%,$0.69B,$0.20B,29.15%,$0.69B,$0.20B,29.15%,$0.69B,$0.32B,46.06%,$0.69B,$0.16B,23.91%,$0.69B,$0.17B,24.49%,$0.17B,$1.39B,13.14%,$0.17B,$1.28B,14.34%,$0.17B,$2.71B,6.49%,$0.20B,$2.28B,9.44%,$184,$111,$73,$1,$18,$129,$55,$-8,$46,$-27,$73,$74,$70,$84,$55,$51,51,$1.37,$1.36,$105,$20,$41,$322,$1724,$63,$106,$21,$2389,$2711,$205,$893,$122,$1121,$1326,$0,$411,$-1,$1385,$2711,$74,$30,$-33,$-4,$10,$-1,$0,$-11,$-51,$20,$-67,$0,$0,$0,$-1,$-1,$0,$-68,$70,$0,$70,$0,$0,$-12,$-2,$57,$8,$2,$-12
3,2017-12-31,63.45,$25.60,2.48,$13.67,4.64,$-0.15,0.0,$3.06,20.74,$0.32B,$0.28B,1.14,$0.80B,$1.30B,0.62,$0.69B,$0.27B,38.58%,$0.69B,$0.20B,29.48%,$0.69B,$0.20B,29.48%,$0.69B,$0.32B,45.95%,$0.69B,$0.17B,24.57%,$0.69B,$0.13B,19.22%,$0.13B,$1.30B,10.80%,$0.13B,$1.19B,11.83%,$0.13B,$2.62B,5.25%,$0.20B,$2.10B,9.88%,$166,$102,$64,$1,$13,$118,$48,$-8,$40,$-28,$68,$68,$65,$82,$48,$50,51,$1.28,$1.27,$97,$20,$41,$322,$1735,$34,$106,$22,$2302,$2624,$283,$804,$121,$1045,$1328,$0,$327,$-5,$1296,$2624,$147,$112,$-38,$74,$-24,$-1,$0,$-2,$24,$246,$-259,$-1,$-35,$0,$-46,$-46,$-26,$-368,$-17,$0,$-17,$16,$16,$-21,$-39,$-60,$-182,$9,$-21
4,2017-09-30,60.49,$24.39,2.48,$13.72,4.41,$0.26,229.03,$2.33,25.96,$0.33B,$0.19B,1.72,$0.82B,$1.23B,0.67,$0.69B,$0.27B,38.96%,$0.69B,$0.21B,29.87%,$0.69B,$0.21B,29.87%,$0.69B,$0.32B,45.45%,$0.69B,$0.17B,24.10%,$0.69B,$0.09B,13.28%,$0.09B,$1.23B,7.67%,$0.09B,$1.13B,8.33%,$0.09B,$2.50B,3.69%,$0.21B,$2.06B,10.10%,$157,$98,$59,$1,$15,$113,$44,$-11,$33,$6,$27,$28,$24,$70,$44,$50,51,$0.48,$0.47,$120,$19,$42,$332,$1621,$25,$107,$17,$2171,$2504,$193,$822,$117,$1076,$1270,$0,$267,$-6,$1234,$2504,$79,$79,$38,$117,$-11,$-0,$0,$-15,$-30,$167,$-177,$-1,$-35,$0,$-38,$-38,$-2,$-253,$-37,$0,$-37,$16,$16,$-17,$-21,$-58,$-145,$7,$-17
5,2017-06-30,58.06,$24.03,2.42,$14.30,4.06,$1.47,39.39,$2.19,26.51,$0.39B,$0.21B,1.81,$0.84B,$1.20B,0.7,$0.72B,$0.29B,39.53%,$0.72B,$0.21B,29.26%,$0.72B,$0.21B,29.26%,$0.72B,$0.32B,44.24%,$0.72B,$0.16B,22.61%,$0.72B,$0.08B,11.10%,$0.08B,$1.20B,6.81%,$0.08B,$1.09B,7.33%,$0.08B,$2.51B,3.28%,$0.21B,$2.04B,10.51%,$179,$109,$70,$1,$16,$126,$53,$-8,$45,$33,$12,$12,$9,$80,$53,$50,51,$0.17,$0.17,$168,$19,$60,$387,$1526,$14,$107,$18,$2123,$2511,$214,$843,$123,$1097,$1311,$0,$247,$-7,$1199,$2511,$51,$53,$32,$85,$-1,$-0,$0,$-17,$-22,$114,$-116,$0,$-35,$0,$-27,$-27,$-0,$-179,$-4,$0,$-4,$1,$1,$-12,$-16,$-32,$-97,$5,$-12
6,2017-03-31,56.39,$24.07,2.34,$13.94,4.04,$2.54,22.17,$1.99,28.34,$0.43B,$0.21B,2.07,$0.86B,$1.20B,0.72,$0.70B,$0.28B,40.03%,$0.70B,$0.21B,29.91%,$0.70B,$0.21B,29.91%,$0.70B,$0.32B,44.87%,$0.70B,$0.15B,21.65%,$0.70B,$0.10B,13.53%,$0.10B,$1.20B,8.23%,$0.10B,$1.09B,8.71%,$0.10B,$2.50B,3.99%,$0.21B,$2.06B,10.61%,$190,$115,$74,$1,$14,$130,$59,$-7,$52,$11,$41,$40,$35,$86,$59,$50,50,$0.71,$0.70,$234,$18,$57,$429,$1543,$3,$107,$20,$2071,$2500,$207,$862,$133,$1096,$1303,$0,$244,$-7,$1197,$2500,$40,$26,$4,$31,$19,$-6,$0,$-13,$1,$71,$-53,$0,$-35,$0,$-15,$-15,$-0,$-103,$16,$0,$16,$0,$0,$-8,$-7,$1,$-30,$2,$-8
7,2016-12-31,52.82,$23.52,2.25,$13.23,3.99,$2.10,25.21,$1.88,28.09,$0.47B,$0.19B,2.5,$0.87B,$1.17B,0.75,$0.66B,$0.27B,40.81%,$0.66B,$0.20B,30.42%,$0.66B,$0.20B,30.42%,$0.66B,$0.31B,45.93%,$0.66B,$0.14B,21.23%,$0.66B,$0.09B,13.40%,$0.09B,$1.17B,7.88%,$0.09B,$1.11B,8.19%,$0.09B,$2.46B,3.84%,$0.20B,$2.04B,10.38%,$167,$100,$67,$1,$14,$115,$51,$-15,$37,$7,$30,$27,$24,$79,$51,$49,50,$0.47,$0.47,$264,$12,$52,$473,$1556,$0,$59,$19,$1989,$2462,$189,$873,$135,$1104,$1293,$0,$215,$-8,$1168,$2462,$96,$103,$29,$132,$-33,$6,$0,$-40,$-69,$159,$-152,$0,$-20,$0,$-4,$-4,$17,$-159,$33,$0,$33,$7,$7,$-26,$29,$44,$44,$5,$-26
8,2016-09-30,47.61,$22.89,2.08,$13.38,3.56,$2.71,17.55,$1.78,26.75,$0.31B,$0.20B,1.53,$0.76B,$1.14B,0.67,$0.67B,$0.27B,40.12%,$0.67B,$0.20B,29.94%,$0.67B,$0.20B,29.94%,$0.67B,$0.30B,45.06%,$0.67B,$0.14B,20.96%,$0.67B,$0.09B,13.32%,$0.09B,$1.14B,8.03%,$0.09B,$1.07B,8.28%,$0.09B,$2.28B,3.92%,$0.20B,$1.89B,10.43%,$185,$110,$74,$1,$24,$136,$48,$-19,$29,$12,$17,$14,$12,$74,$48,$50,50,$0.24,$0.24,$141,$13,$38,$309,$1570,$0,$63,$19,$1970,$2279,$202,$756,$90,$941,$1143,$0,$192,$-12,$1136,$2279,$70,$75,$25,$100,$-14,$5,$0,$-14,$-12,$158,$-108,$0,$-18,$0,$0,$0,$1,$-125,$-95,$0,$-95,$7,$7,$-22,$-19,$-129,$-96,$3,$-22
9,2016-06-30,42.98,$22.54,1.91,$12.90,3.33,$1.82,23.59,$2.95,14.57,$0.38B,$0.19B,1.97,$0.81B,$1.12B,0.72,$0.65B,$0.25B,39.16%,$0.65B,$0.20B,30.65%,$0.65B,$0.20B,30.65%,$0.65B,$0.30B,46.59%,$0.65B,$0.15B,23.22%,$0.65B,$0.15B,23.07%,$0.15B,$1.12B,13.68%,$0.15B,$1.09B,14.00%,$0.15B,$2.27B,6.55%,$0.20B,$1.93B,10.27%,$160,$94,$66,$1,$12,$108,$52,$-18,$34,$9,$25,$24,$24,$76,$52,$49,50,$0.48,$0.47,$231,$17,$15,$380,$1562,$0,$24,$18,$1893,$2273,$193,$808,$75,$962,$1156,$0,$183,$-13,$1117,$2273,$56,$50,$14,$63,$-10,$1,$0,$7,$0,$120,$-68,$0,$0,$0,$0,$0,$12,$-55,$0,$-31,$-31,$6,$6,$-19,$-13,$-58,$7,$2,$-19
10,2016-03-31,40.44,$22.27,1.82,$12.49,3.24,$1.31,30.76,$2.74,14.76,$0.38B,$0.19B,2.05,$0.83B,$1.10B,0.75,$0.63B,$0.24B,38.02%,$0.63B,$0.19B,29.55%,$0.63B,$0.19B,29.55%,$0.63B,$0.29B,46.33%,$0.63B,$0.14B,22.04%,$0.63B,$0.14B,22.20%,$0.14B,$1.10B,13.13%,$0.14B,$1.07B,13.46%,$0.14B,$2.26B,6.11%,$0.19B,$1.93B,9.69%,$152,$88,$64,$0,$12,$101,$51,$-9,$41,$10,$32,$31,$29,$76,$51,$49,50,$0.60,$0.59,$213,$17,$30,$380,$1570,$0,$25,$17,$1881,$2260,$185,$828,$75,$977,$1162,$0,$162,$-11,$1098,$2260,$31,$25,$6,$31,$-22,$1,$0,$-9,$-35,$27,$-31,$0,$0,$0,$0,$0,$-14,$-45,$-3,$0,$-3,$4,$4,$-15,$-6,$-20,$-37,$1,$-15
11,2015-12-31,35.49,$22.07,1.61,$11.94,2.97,$2.24,15.83,$2.36,15.04,$0.38B,$0.19B,1.99,$0.84B,$1.08B,0.77,$0.59B,$0.22B,36.70%,$0.59B,$0.16B,27.61%,$0.59B,$0.16B,27.61%,$0.59B,$0.27B,45.29%,$0.59B,$0.11B,19.19%,$0.59B,$0.12B,20.20%,$0.12B,$1.08B,12.14%,$0.12B,$1.06B,12.47%,$0.12B,$2.27B,5.32%,$0.16B,$1.92B,8.83%,$171,$107,$64,$1,$13,$122,$49,$-13,$36,$11,$26,$25,$24,$75,$49,$49,49,$0.51,$0.55,$235,$18,$25,$375,$1559,$0,$26,$18,$1899,$2274,$189,$839,$72,$1002,$1190,$0,$148,$-8,$1084,$2274,$124,$104,$-37,$67,$-4,$-1,$0,$5,$-1,$190,$-152,$-1,$0,$0,$0,$0,$62,$-91,$-50,$0,$-50,$6,$6,$-13,$103,$47,$146,$4,$-13
12,2015-09-30,33.06,$21.58,1.53,$11.72,2.82,$2.83,11.67,$2.05,16.13,$0.37B,$0.18B,2.05,$0.88B,$1.06B,0.83,$0.57B,$0.21B,36.54%,$0.57B,$0.15B,26.22%,$0.57B,$0.15B,26.22%,$0.57B,$0.25B,44.41%,$0.57B,$0.10B,16.96%,$0.57B,$0.10B,18.01%,$0.10B,$1.06B,11.26%,$0.10B,$1.03B,11.61%,$0.10B,$2.29B,4.65%,$0.15B,$1.94B,8.33%,$163,$104,$59,$0,$12,$116,$46,$-8,$39,$-38,$77,$74,$72,$74,$46,$49,51,$1.47,$1.41,$242,$17,$14,$371,$1580,$0,$26,$18,$1916,$2286,$181,$880,$78,$1048,$1228,$0,$128,$-13,$1058,$2286,$99,$78,$-34,$44,$-3,$0,$0,$4,$-20,$123,$-118,$0,$0,$0,$0,$0,$41,$-77,$-49,$0,$-49,$5,$5,$-10,$140,$85,$131,$3,$-10
13,2015-06-30,36.55,$20.28,1.8,$11.57,3.16,$3.95,9.26,$1.00,36.55,$0.37B,$0.22B,1.7,$0.85B,$0.99B,0.86,$0.55B,$0.21B,37.34%,$0.55B,$0.15B,26.96%,$0.55B,$0.15B,26.96%,$0.55B,$0.25B,45.36%,$0.55B,$0.08B,14.94%,$0.55B,$0.05B,8.74%,$0.05B,$0.99B,5.67%,$0.05B,$0.97B,5.87%,$0.05B,$2.28B,2.19%,$0.15B,$1.85B,8.44%,$140,$90,$51,$0,$12,$102,$39,$-16,$22,$6,$16,$15,$14,$65,$39,$49,51,$0.29,$0.28,$243,$16,$7,$370,$1520,$0,$27,$18,$1907,$2277,$217,$853,$80,$1065,$1283,$0,$59,$-9,$994,$2277,$26,$51,$9,$60,$-13,$1,$0,$42,$27,$113,$-86,$0,$0,$0,$0,$0,$7,$-79,$-50,$0,$-50,$4,$4,$-7,$117,$64,$97,$2,$-7
14,2015-03-31,36.82,$16.78,2.19,$11.57,3.18,$3.73,9.86,$0.92,40.02,$0.31B,$0.25B,1.25,$0.90B,$0.82B,1.1,$0.54B,$0.19B,36.13%,$0.54B,$0.13B,24.39%,$0.54B,$0.13B,24.39%,$0.54B,$0.23B,43.02%,$0.54B,$0.07B,13.78%,$0.54B,$0.04B,8.01%,$0.04B,$0.82B,5.44%,$0.04B,$0.79B,5.65%,$0.04B,$2.18B,1.99%,$0.13B,$1.72B,7.65%,$120,$76,$44,$0,$14,$90,$30,$-13,$17,$5,$11,$10,$10,$55,$30,$47,48,$0.21,$0.21,$186,$17,$7,$307,$1536,$0,$28,$18,$1876,$2183,$245,$899,$90,$1119,$1364,$0,$48,$-12,$819,$2183,$10,$25,$6,$31,$-6,$-0,$0,$53,$42,$83,$-42,$0,$0,$0,$0,$0,$-5,$-47,$-0,$0,$-0,$3,$3,$-4,$-4,$-5,$30,$1,$-4
15,2014-12-31,26.26,$17.28,1.52,$12.19,2.15,$3.65,7.2,$1.18,22.26,$0.27B,$0.21B,1.33,$0.91B,$0.79B,1.16,$0.56B,$0.20B,36.31%,$0.56B,$0.14B,25.76%,$0.56B,$0.14B,25.76%,$0.56B,$0.24B,43.11%,$0.56B,$0.09B,15.21%,$0.56B,$0.06B,9.84%,$0.06B,$0.79B,7.08%,$0.06B,$0.76B,7.37%,$0.06B,$2.12B,2.57%,$0.14B,$1.70B,8.44%,$149,$94,$55,$0,$12,$114,$35,$-16,$19,$10,$9,$7,$7,$60,$35,$46,46,$0.16,$0.15,$133,$17,$29,$274,$1438,$0,$29,$20,$1848,$2122,$206,$910,$93,$1129,$1335,$0,$42,$-9,$787,$2122,$55,$98,$13,$111,$47,$5,$0,$4,$47,$213,$-151,$0,$35,$0,$-1,$-1,$-13,$-129,$-76,$0,$-76,$1,$1,$-10,$-17,$-101,$-17,$6,$-10
16,2014-09-30,25.34,$17.21,1.47,$11.82,2.14,$-0.30,0.0,$1.21,20.94,$0.33B,$0.20B,1.66,$0.97B,$0.78B,1.23,$0.54B,$0.19B,35.30%,$0.54B,$0.13B,24.21%,$0.54B,$0.13B,24.21%,$0.54B,$0.22B,41.40%,$0.54B,$0.07B,13.49%,$0.54B,$0.06B,10.35%,$0.06B,$0.78B,7.31%,$0.06B,$0.75B,7.61%,$0.06B,$2.17B,2.60%,$0.13B,$1.75B,7.62%,$140,$85,$55,$0,$11,$96,$44,$-20,$24,$6,$18,$17,$17,$69,$44,$46,46,$0.36,$0.36,$170,$17,$16,$327,$1459,$1,$29,$22,$1845,$2172,$197,$967,$96,$1191,$1388,$0,$37,$-6,$784,$2172,$48,$73,$7,$79,$22,$5,$0,$36,$52,$179,$-123,$0,$35,$0,$-1,$-1,$-47,$-135,$-37,$0,$-37,$1,$1,$-7,$-15,$-58,$-15,$4,$-7
17,2014-06-30,27.76,$16.93,1.64,$11.65,2.38,$-3.82,0.0,$1.13,24.56,$0.31B,$0.23B,1.36,$0.92B,$0.77B,1.19,$0.53B,$0.18B,33.08%,$0.53B,$0.12B,21.99%,$0.53B,$0.12B,21.99%,$0.53B,$0.21B,39.29%,$0.53B,$0.07B,12.78%,$0.53B,$0.05B,9.77%,$0.05B,$0.77B,6.89%,$0.05B,$0.74B,7.19%,$0.05B,$2.15B,2.42%,$0.12B,$1.69B,6.82%,$128,$88,$40,$0,$9,$105,$22,$-8,$14,$5,$9,$9,$9,$47,$22,$46,46,$0.20,$0.20,$134,$18,$27,$307,$1468,$3,$30,$23,$1838,$2145,$226,$918,$104,$1148,$1374,$0,$23,$-4,$771,$2145,$31,$47,$5,$53,$20,$4,$0,$7,$20,$104,$-89,$0,$35,$0,$-1,$-1,$25,$-29,$-28,$0,$-28,$0,$0,$-5,$-19,$-52,$23,$3,$-5
18,2014-03-31,28.84,$16.84,1.71,$12.23,2.36,$-5.94,0.0,$1.48,19.49,$0.29B,$0.21B,1.38,$0.93B,$0.77B,1.21,$0.56B,$0.19B,33.39%,$0.56B,$0.13B,23.88%,$0.56B,$0.13B,23.88%,$0.56B,$0.22B,39.86%,$0.56B,$0.08B,14.54%,$0.56B,$0.07B,12.21%,$0.07B,$0.77B,9.15%,$0.07B,$0.74B,9.57%,$0.07B,$2.13B,3.16%,$0.13B,$1.69B,7.76%,$142,$89,$53,$-0,$11,$100,$43,$-14,$28,$6,$22,$22,$22,$65,$43,$45,46,$0.47,$0.47,$122,$23,$28,$293,$1464,$8,$31,$25,$1842,$2134,$212,$925,$110,$1157,$1369,$0,$16,$0,$766,$2134,$22,$23,$4,$26,$43,$-0,$0,$-15,$20,$68,$-33,$0,$0,$0,$-1,$-1,$-1,$-35,$-38,$0,$-38,$0,$0,$-3,$-1,$-42,$-9,$1,$-3
19,2013-12-31,26.09,$16.39,1.59,$11.73,2.22,$-7.39,0.0,$0.97,26.9,$0.29B,$0.19B,1.55,$1.00B,$0.75B,1.34,$0.53B,$0.16B,29.96%,$0.53B,$0.10B,18.35%,$0.53B,$0.10B,18.35%,$0.53B,$0.19B,35.02%,$0.53B,$0.05B,9.55%,$0.53B,$0.04B,7.68%,$0.04B,$0.75B,5.63%,$0.04B,$0.71B,5.90%,$0.04B,$2.16B,1.90%,$0.10B,$1.74B,5.71%,$131,$88,$43,$2,$16,$109,$22,$-15,$7,$-1,$8,$8,$8,$43,$22,$45,45,$0.18,$0.19,$108,$22,$22,$289,$1452,$7,$32,$22,$1870,$2159,$186,$997,$112,$1228,$1414,$0,$-3,$0,$745,$2159,$42,$90,$13,$103,$-37,$-2,$0,$-26,$-58,$87,$-205,$0,$8,$0,$-5,$-5,$44,$-157,$48,$0,$48,$1,$1,$-4,$16,$61,$-9,$6,$-4
20,2013-09-30,25.63,$16.21,1.58,$11.28,2.27,$-7.96,0.0,$-4.12,0.0,$0.30B,$0.19B,1.54,$1.00B,$0.74B,1.35,$0.51B,$0.14B,26.90%,$0.51B,$-0.15B,-28.46%,$0.51B,$-0.15B,-28.46%,$0.51B,$-0.05B,-10.14%,$0.51B,$-0.19B,-37.62%,$0.51B,$-0.20B,-38.21%,$-0.20B,$0.74B,-27.37%,$-0.20B,$0.70B,-28.76%,$-0.20B,$2.17B,-9.18%,$-0.15B,$1.74B,-8.61%,$131,$91,$40,$1,$9,$101,$30,$-11,$19,$5,$13,$13,$13,$54,$30,$45,45,$0.29,$0.28,$120,$20,$37,$299,$1383,$5,$33,$31,$1869,$2168,$194,$998,$123,$1237,$1431,$0,$-13,$1,$737,$2168,$34,$69,$14,$82,$-23,$0,$0,$-39,$-84,$32,$-137,$0,$0,$3,$-2,$1,$8,$-128,$45,$0,$45,$0,$0,$-2,$21,$65,$-31,$5,$-2
21,2013-06-30,22.48,$15.93,1.41,$11.32,1.99,$-8.38,0.0,$-4.41,0.0,$0.27B,$0.21B,1.29,$0.96B,$0.72B,1.33,$0.51B,$0.13B,24.90%,$0.51B,$-0.16B,-31.91%,$0.51B,$-0.16B,-31.91%,$0.51B,$-0.07B,-13.42%,$0.51B,$-0.21B,-41.25%,$0.51B,$-0.21B,-40.86%,$-0.21B,$0.72B,-27.54%,$-0.21B,$0.69B,-28.88%,$-0.21B,$2.14B,-9.74%,$-0.16B,$1.69B,-9.53%,$153,$102,$50,$2,$11,$115,$38,$-11,$27,$6,$21,$21,$25,$60,$38,$45,45,$0.55,$0.55,$117,$18,$17,$268,$1415,$4,$34,$38,$1869,$2138,$209,$964,$127,$1206,$1414,$0,$-24,$1,$724,$2138,$21,$44,$7,$52,$-18,$3,$0,$-28,$-52,$20,$-102,$0,$8,$-0,$-1,$-1,$-8,$-103,$52,$-19,$33,$0,$0,$0,$13,$45,$-38,$3,$0
22,2013-03-31,19.74,$15.55,1.27,$10.75,1.84,$-7.85,0.0,$-4.77,0.0,$0.30B,$0.19B,1.54,$1.00B,$0.71B,1.41,$0.49B,$0.12B,23.77%,$0.49B,$-0.18B,-36.48%,$0.49B,$-0.18B,-36.48%,$0.49B,$-0.08B,-16.39%,$0.49B,$-0.23B,-46.52%,$0.49B,$-0.23B,-46.31%,$-0.23B,$0.71B,-27.82%,$-0.23B,$0.67B,-29.10%,$-0.23B,$2.14B,-10.29%,$-0.18B,$1.71B,-10.10%,$119,$92,$27,$1,$18,$111,$8,$-9,$-2,$4,$-6,$-6,$-5,$30,$8,$45,45,$-0.11,$-0.11,$186,$18,$10,$300,$1207,$3,$35,$40,$1844,$2144,$194,$999,$133,$1243,$1437,$0,$-40,$1,$707,$2144,$-5,$22,$10,$32,$11,$2,$0,$-7,$-9,$18,$-50,$0,$0,$0,$-0,$-0,$-48,$-98,$55,$0,$55,$0,$0,$0,$16,$71,$-9,$2,$0
23,2012-12-31,18.43,$15.31,1.2,$11.04,1.67,$-7.68,0.0,$-4.56,0.0,$0.28B,$0.21B,1.3,$0.96B,$0.70B,1.38,$0.50B,$0.13B,25.75%,$0.50B,$-0.16B,-31.94%,$0.50B,$-0.16B,-31.94%,$0.50B,$-0.06B,-11.98%,$0.50B,$-0.21B,-42.12%,$0.50B,$-0.21B,-42.51%,$-0.21B,$0.70B,-24.63%,$-0.21B,$0.66B,-25.72%,$-0.21B,$2.09B,-9.50%,$-0.16B,$1.66B,-8.84%,$110,$90,$21,$2,$11,$333,$-222,$-15,$-237,$-9,$-228,$-229,$-229,$-196,$-222,$45,45,$-5.04,$-5.04,$146,$21,$10,$276,$1253,$3,$35,$36,$1811,$2088,$212,$963,$106,$1180,$1392,$0,$-44,$1,$696,$2088,$-213,$99,$242,$341,$-4,$-8,$0,$-38,$-39,$89,$-233,$0,$0,$16,$-1,$14,$118,$-101,$0,$0,$0,$0,$0,$-4,$-19,$-22,$-33,$6,$-4
24,2012-09-30,17.92,$20.32,0.88,$11.08,1.62,$-7.53,0.0,$-0.60,0.0,$0.27B,$0.19B,1.41,$0.91B,$0.92B,0.99,$0.50B,$0.14B,27.44%,$0.50B,$0.08B,15.31%,$0.50B,$0.08B,15.31%,$0.50B,$0.18B,34.79%,$0.50B,$0.03B,5.96%,$0.50B,$-0.03B,-5.37%,$-0.03B,$0.92B,-2.94%,$-0.03B,$0.89B,-3.07%,$-0.03B,$2.26B,-1.17%,$0.08B,$1.83B,4.13%,$132,$102,$30,$1,$9,$120,$12,$-12,$0,$1,$-1,$-2,$-1,$37,$12,$45,45,$-0.01,$-0.01,$117,$18,$8,$267,$1491,$3,$36,$27,$1992,$2258,$189,$910,$110,$1146,$1335,$0,$185,$1,$923,$2258,$16,$74,$22,$95,$-30,$-5,$0,$-24,$-49,$62,$-186,$0,$0,$16,$-1,$14,$118,$-54,$-54,$0,$-54,$0,$0,$-4,$-13,$-71,$-62,$5,$-4
25,2012-06-30,20.41,$20.34,1.0,$10.61,1.92,$-6.62,0.0,$-0.57,0.0,$0.28B,$0.20B,1.39,$0.93B,$0.92B,1.01,$0.48B,$0.14B,29.88%,$0.48B,$0.09B,18.46%,$0.48B,$0.09B,18.46%,$0.48B,$0.19B,38.38%,$0.48B,$0.03B,6.43%,$0.48B,$-0.03B,-5.19%,$-0.03B,$0.92B,-2.71%,$-0.03B,$0.89B,-2.82%,$-0.03B,$2.29B,-1.09%,$0.09B,$1.86B,4.79%,$127,$88,$38,$1,$11,$102,$24,$-13,$12,$4,$8,$8,$9,$49,$24,$45,45,$0.19,$0.19,$170,$18,$10,$275,$1560,$4,$37,$25,$2019,$2294,$198,$930,$114,$1172,$1370,$0,$187,$0,$924,$2294,$17,$48,$11,$59,$10,$-6,$0,$-23,$-4,$72,$-130,$0,$0,$13,$-0,$13,$50,$-67,$-28,$0,$-28,$0,$0,$-2,$-9,$-38,$-33,$3,$-2
26,2012-03-31,19.19,$20.16,0.95,$10.12,1.9,$-6.89,0.0,$-0.58,0.0,$0.28B,$0.19B,1.47,$0.98B,$0.92B,1.07,$0.46B,$0.14B,30.22%,$0.46B,$0.08B,18.26%,$0.46B,$0.08B,18.26%,$0.46B,$0.18B,38.91%,$0.46B,$0.03B,5.65%,$0.46B,$-0.03B,-5.65%,$-0.03B,$0.92B,-2.80%,$-0.03B,$0.88B,-2.92%,$-0.03B,$2.33B,-1.16%,$0.08B,$1.89B,4.60%,$132,$93,$40,$1,$12,$107,$26,$-12,$14,$5,$8,$8,$8,$50,$26,$45,45,$0.17,$0.17,$175,$17,$9,$275,$1506,$4,$38,$23,$2052,$2328,$188,$978,$118,$1224,$1412,$0,$180,$1,$916,$2328,$8,$24,$6,$30,$9,$-5,$0,$-6,$3,$42,$-65,$0,$0,$3,$-0,$3,$0,$-62,$10,$0,$10,$0,$0,$0,$-5,$5,$-15,$2,$0
27,2011-12-31,17.17,$19.96,0.86,$9.36,1.83,$-7.29,0.0,$-0.95,0.0,$0.29B,$0.19B,1.51,$0.97B,$0.91B,1.07,$0.43B,$0.11B,26.76%,$0.43B,$0.06B,14.32%,$0.43B,$0.06B,14.32%,$0.43B,$0.16B,36.38%,$0.43B,$0.00B,0.94%,$0.43B,$-0.04B,-10.09%,$-0.04B,$0.91B,-4.60%,$-0.04B,$0.87B,-4.79%,$-0.04B,$2.32B,-1.97%,$0.06B,$1.88B,3.42%,$112,$82,$30,$2,$13,$97,$15,$-11,$4,$49,$-45,$-45,$-43,$39,$15,$45,45,$-0.95,$-0.95,$194,$13,$4,$292,$1519,$4,$39,$22,$2023,$2315,$194,$969,$121,$1214,$1408,$0,$172,$1,$907,$2315,$-43,$93,$47,$140,$2,$-0,$0,$27,$35,$133,$-270,$-2,$0,$-18,$-0,$-18,$-52,$-341,$82,$141,$223,$0,$0,$-6,$8,$225,$17,$7,$-6
28,2011-09-30,15.31,$20.87,0.73,$8.94,1.71,$-8.28,0.0,$0.10,153.11,$0.25B,$0.19B,1.33,$0.85B,$0.95B,0.9,$0.41B,$0.10B,25.06%,$0.41B,$0.05B,12.29%,$0.41B,$0.05B,12.29%,$0.41B,$0.14B,34.89%,$0.41B,$-0.00B,-0.74%,$0.41B,$0.00B,0.98%,$0.00B,$0.95B,0.42%,$0.00B,$0.91B,0.44%,$0.00B,$2.21B,0.19%,$0.05B,$1.80B,2.88%,$111,$75,$36,$2,$9,$87,$24,$-23,$1,$-0,$1,$1,$1,$47,$24,$45,45,$0.02,$0.02,$142,$18,$4,$249,$1422,$4,$38,$21,$1962,$2211,$188,$852,$125,$1075,$1263,$0,$215,$1,$948,$2211,$0,$69,$15,$84,$3,$-5,$0,$26,$14,$99,$-181,$0,$0,$-20,$-0,$-21,$-37,$-238,$113,$0,$113,$0,$0,$-6,$9,$116,$-24,$5,$-6
29,2011-06-30,20.91,$20.86,1.0,$8.73,2.4,$-9.01,0.0,$0.79,26.47,$0.22B,$0.15B,1.48,$0.79B,$0.95B,0.83,$0.40B,$0.09B,22.92%,$0.40B,$0.04B,10.33%,$0.40B,$0.04B,10.33%,$0.40B,$0.13B,33.50%,$0.40B,$0.04B,10.08%,$0.40B,$0.04B,8.82%,$0.04B,$0.95B,3.71%,$0.04B,$0.91B,3.87%,$0.04B,$2.11B,1.70%,$0.04B,$1.74B,2.43%,$105,$71,$33,$3,$11,$85,$19,$-12,$7,$-1,$8,$8,$8,$43,$19,$45,45,$0.18,$0.18,$96,$14,$1,$215,$1418,$4,$39,$23,$1895,$2111,$145,$788,$131,$1018,$1163,$0,$216,$1,$948,$2111,$-1,$47,$7,$53,$-17,$-2,$0,$15,$-13,$40,$-110,$0,$0,$-22,$-0,$-22,$-4,$-136,$46,$0,$46,$0,$0,$-4,$15,$58,$-38,$3,$-4
30,2011-03-31,24.02,$20.69,1.16,$8.55,2.81,$-9.23,0.0,$0.58,41.42,$0.23B,$0.14B,1.62,$0.78B,$0.94B,0.83,$0.39B,$0.08B,19.85%,$0.39B,$0.02B,6.19%,$0.39B,$0.02B,6.19%,$0.39B,$0.11B,28.87%,$0.39B,$0.03B,6.96%,$0.39B,$0.03B,6.70%,$0.03B,$0.94B,2.79%,$0.03B,$0.90B,2.91%,$0.03B,$2.09B,1.29%,$0.02B,$1.72B,1.46%,$98,$83,$15,$2,$10,$95,$3,$-11,$-8,$1,$-9,$-9,$-9,$26,$3,$45,45,$-0.20,$-0.20,$120,$15,$4,$231,$1426,$4,$39,$22,$1863,$2094,$143,$775,$135,$1011,$1154,$0,$210,$1,$940,$2094,$-9,$23,$2,$25,$-14,$-2,$0,$17,$-3,$13,$-55,$0,$0,$-23,$0,$-23,$-30,$-108,$34,$0,$34,$0,$0,$-2,$21,$53,$-42,$2,$-2
31,2010-12-31,27.99,$20.81,1.35,$8.21,3.41,$-8.93,0.0,$0.82,34.14,$0.21B,$0.14B,1.49,$0.74B,$0.95B,0.78,$0.37B,$0.08B,20.91%,$0.37B,$0.02B,6.17%,$0.37B,$0.02B,6.17%,$0.37B,$0.11B,28.95%,$0.37B,$0.03B,8.04%,$0.37B,$0.04B,9.92%,$0.04B,$0.95B,4.00%,$0.04B,$0.91B,4.18%,$0.04B,$2.04B,1.89%,$0.02B,$1.69B,1.45%,$93,$75,$18,$2,$12,$89,$4,$-7,$-3,$-7,$4,$5,$4,$26,$4,$45,45,$0.10,$0.10,$106,$13,$6,$205,$1425,$6,$40,$23,$1839,$2043,$138,$741,$118,$960,$1098,$0,$221,$1,$945,$2043,$37,$84,$-41,$43,$1,$3,$0,$8,$22,$101,$-283,$-1,$-45,$0,$1,$1,$125,$-204,$156,$0,$156,$0,$0,$-12,$-4,$139,$37,$7,$-12
32,2010-09-30,27.55,$20.66,1.33,$8.24,3.34,$-8.43,0.0,$1.07,25.75,$0.22B,$0.14B,1.57,$0.67B,$0.94B,0.72,$0.37B,$0.08B,21.93%,$0.37B,$0.03B,7.22%,$0.37B,$0.03B,7.22%,$0.37B,$0.11B,28.07%,$0.37B,$0.05B,14.17%,$0.37B,$0.05B,13.10%,$0.05B,$0.94B,5.34%,$0.05B,$0.90B,5.59%,$0.05B,$1.97B,2.56%,$0.03B,$1.61B,1.75%,$101,$76,$25,$1,$9,$87,$15,$30,$44,$12,$32,$32,$32,$38,$15,$45,45,$0.71,$0.71,$114,$15,$1,$219,$1289,$3,$40,$23,$1746,$1965,$140,$672,$117,$886,$1026,$0,$219,$1,$939,$1965,$33,$62,$-27,$35,$-6,$1,$0,$11,$12,$80,$-195,$-1,$-45,$0,$3,$3,$85,$-153,$87,$0,$87,$0,$0,$-10,$-0,$76,$3,$5,$-10
33,2010-06-30,26.67,$19.97,1.34,$8.62,3.1,$-8.85,0.0,$0.88,30.31,$0.19B,$0.15B,1.26,$0.65B,$0.91B,0.72,$0.39B,$0.10B,24.49%,$0.39B,$0.04B,8.93%,$0.39B,$0.04B,8.93%,$0.39B,$0.11B,27.30%,$0.39B,$0.03B,8.16%,$0.39B,$0.04B,9.95%,$0.04B,$0.91B,4.29%,$0.04B,$0.87B,4.50%,$0.04B,$1.94B,2.07%,$0.04B,$1.56B,2.34%,$96,$78,$19,$4,$10,$94,$2,$-8,$-6,$-3,$-3,$-2,$-1,$22,$2,$45,45,$-0.03,$-0.03,$87,$15,$14,$189,$1319,$31,$40,$21,$1751,$1941,$151,$651,$112,$883,$1034,$0,$190,$0,$907,$1941,$0,$39,$-2,$37,$4,$0,$0,$8,$21,$59,$-139,$0,$20,$0,$3,$3,$7,$-109,$66,$0,$66,$0,$0,$-8,$-0,$58,$8,$3,$-8
34,2010-03-31,26.49,$20.02,1.32,$8.69,3.05,$-9.12,0.0,$1.26,21.02,$0.19B,$0.16B,1.25,$0.59B,$0.91B,0.65,$0.40B,$0.11B,26.58%,$0.40B,$0.05B,12.41%,$0.40B,$0.05B,12.41%,$0.40B,$0.12B,29.37%,$0.40B,$0.06B,14.18%,$0.40B,$0.06B,14.18%,$0.06B,$0.91B,6.21%,$0.06B,$0.87B,6.51%,$0.06B,$1.90B,3.04%,$0.05B,$1.50B,3.38%,$83,$67,$16,$3,$10,$80,$2,$-7,$-5,$-3,$-3,$-2,$2,$22,$2,$45,45,$0.04,$0.04,$95,$20,$4,$193,$1321,$30,$41,$21,$1704,$1897,$155,$594,$114,$833,$987,$0,$193,$1,$909,$1897,$2,$20,$-3,$17,$1,$-5,$0,$18,$30,$48,$-76,$0,$20,$0,$3,$3,$-11,$-65,$19,$0,$19,$0,$0,$-5,$-0,$14,$-3,$1,$-5
35,2009-12-31,35.48,$20.07,1.77,$9.06,3.92,$-9.18,0.0,$1.54,23.04,$0.20B,$0.14B,1.4,$0.57B,$0.91B,0.63,$0.41B,$0.12B,29.20%,$0.41B,$0.07B,16.06%,$0.41B,$0.07B,16.06%,$0.41B,$0.13B,31.14%,$0.41B,$0.08B,18.98%,$0.41B,$0.07B,16.79%,$0.07B,$0.91B,7.74%,$0.07B,$0.87B,8.13%,$0.07B,$1.86B,3.84%,$0.07B,$1.48B,4.72%,$94,$72,$22,$3,$11,$86,$8,$12,$20,$5,$15,$15,$16,$23,$8,$45,46,$0.37,$0.36,$87,$15,$15,$195,$999,$36,$42,$21,$1669,$1864,$140,$572,$114,$813,$952,$0,$197,$1,$912,$1864,$69,$62,$-6,$56,$4,$-2,$0,$-14,$-14,$111,$-271,$0,$0,$2,$-0,$1,$-17,$-286,$221,$0,$221,$1,$1,$-11,$-24,$187,$12,$6,$-11
36,2009-09-30,38.21,$19.92,1.92,$9.12,4.19,$-12.44,0.0,$1.45,26.35,$0.21B,$0.14B,1.54,$0.53B,$0.91B,0.59,$0.41B,$0.12B,29.85%,$0.41B,$0.06B,15.29%,$0.41B,$0.06B,15.29%,$0.41B,$0.13B,30.34%,$0.41B,$0.06B,15.29%,$0.41B,$0.06B,14.08%,$0.06B,$0.91B,6.63%,$0.06B,$0.86B,6.98%,$0.06B,$1.83B,3.33%,$0.06B,$1.44B,4.73%,$119,$80,$39,$4,$10,$96,$23,$-0,$23,$3,$20,$21,$22,$40,$23,$45,46,$0.48,$0.48,$81,$14,$25,$209,$971,$36,$43,$22,$1622,$1831,$136,$530,$143,$791,$927,$0,$191,$0,$905,$1831,$52,$47,$9,$56,$-10,$-0,$0,$-20,$-31,$78,$-212,$0,$0,$0,$0,$0,$-37,$-249,$186,$-17,$169,$1,$1,$-9,$-5,$157,$-14,$4,$-9
37,2009-06-30,37.68,$19.43,1.94,$8.70,4.33,$-14.07,0.0,$1.28,29.44,$0.20B,$0.14B,1.38,$0.49B,$0.88B,0.56,$0.39B,$0.12B,29.26%,$0.39B,$0.06B,15.01%,$0.39B,$0.06B,15.01%,$0.39B,$0.12B,30.53%,$0.39B,$0.06B,15.01%,$0.39B,$0.05B,13.23%,$0.05B,$0.88B,6.06%,$0.05B,$0.84B,6.39%,$0.05B,$1.77B,3.10%,$0.06B,$1.37B,4.71%,$99,$72,$28,$2,$9,$83,$16,$2,$18,$4,$14,$15,$16,$31,$16,$45,45,$0.35,$0.35,$81,$15,$17,$195,$972,$35,$43,$20,$1578,$1773,$142,$490,$144,$749,$891,$0,$170,$-0,$882,$1773,$30,$30,$6,$36,$-7,$-1,$0,$-2,$-11,$55,$-148,$0,$0,$0,$0,$0,$-11,$-158,$141,$-17,$124,$1,$1,$-6,$-5,$115,$12,$3,$-6
38,2009-03-31,25.63,$19.09,1.34,$8.34,3.07,$-14.96,0.0,$1.21,21.18,$0.20B,$0.17B,1.15,$0.43B,$0.87B,0.5,$0.37B,$0.11B,29.41%,$0.37B,$0.06B,15.24%,$0.37B,$0.06B,15.24%,$0.37B,$0.12B,31.28%,$0.37B,$0.06B,14.71%,$0.37B,$0.05B,12.83%,$0.05B,$0.87B,5.70%,$0.05B,$0.82B,6.02%,$0.05B,$1.73B,2.97%,$0.06B,$1.30B,4.80%,$99,$68,$31,$1,$12,$81,$19,$-2,$17,$3,$14,$14,$15,$34,$19,$45,45,$0.32,$0.32,$84,$13,$15,$198,$976,$35,$44,$19,$1530,$1728,$172,$433,$145,$690,$862,$0,$156,$1,$866,$1728,$15,$15,$4,$20,$-2,$1,$0,$8,$8,$43,$-74,$0,$0,$0,$0,$0,$-17,$-91,$68,$0,$68,$0,$0,$-3,$-8,$57,$8,$1,$-3
39,2008-12-31,29.66,$18.68,1.59,$7.79,3.81,$-15.40,0.0,$1.13,26.25,$0.17B,$0.16B,1.02,$0.37B,$0.85B,0.44,$0.34B,$0.10B,29.65%,$0.34B,$0.05B,14.53%,$0.34B,$0.05B,14.53%,$0.34B,$0.11B,31.69%,$0.34B,$0.05B,14.53%,$0.34B,$0.04B,12.50%,$0.04B,$0.85B,5.43%,$0.04B,$0.80B,5.77%,$0.04B,$1.63B,2.83%,$0.05B,$1.22B,4.53%,$95,$70,$25,$1,$9,$90,$5,$-0,$5,$-3,$7,$8,$5,$20,$5,$44,44,$0.12,$0.11,$59,$14,$8,$166,$941,$33,$45,$20,$1465,$1631,$162,$369,$148,$621,$784,$0,$138,$1,$847,$1631,$43,$57,$13,$70,$-6,$-3,$0,$-0,$4,$117,$-417,$0,$0,$13,$0,$13,$5,$-399,$33,$0,$33,$184,$184,$-9,$62,$269,$-13,$4,$-9
40,2008-09-30,33.75,$18.45,1.83,$7.48,4.51,$-12.69,0.0,$1.09,30.96,$0.20B,$0.20B,1.0,$0.29B,$0.84B,0.34,$0.32B,$0.10B,30.31%,$0.32B,$0.06B,17.19%,$0.32B,$0.06B,17.19%,$0.32B,$0.11B,35.00%,$0.32B,$0.05B,16.88%,$0.32B,$0.05B,14.69%,$0.05B,$0.84B,6.40%,$0.05B,$0.79B,6.84%,$0.05B,$1.58B,3.29%,$0.06B,$1.12B,5.33%,$100,$68,$31,$2,$10,$81,$19,$-0,$19,$3,$15,$16,$16,$35,$19,$45,45,$0.35,$0.35,$86,$12,$5,$198,$825,$33,$46,$23,$1381,$1579,$198,$285,$39,$545,$743,$0,$135,$2,$837,$1579,$38,$42,$2,$44,$-26,$-2,$0,$15,$8,$90,$-299,$0,$0,$13,$2,$14,$-19,$-304,$0,$-35,$-35,$184,$184,$-7,$63,$205,$-9,$3,$-7
41,2008-06-30,45.64,$18.10,2.52,$7.36,6.2,$-10.76,0.0,$1.15,39.69,$0.26B,$0.16B,1.61,$0.29B,$0.82B,0.35,$0.30B,$0.10B,31.77%,$0.30B,$0.06B,19.06%,$0.30B,$0.06B,19.06%,$0.30B,$0.11B,36.79%,$0.30B,$0.05B,16.72%,$0.30B,$0.05B,15.72%,$0.05B,$0.82B,7.36%,$0.05B,$0.77B,7.95%,$0.05B,$1.53B,3.53%,$0.06B,$1.11B,5.91%,$80,$57,$23,$1,$8,$66,$14,$-0,$14,$3,$12,$12,$12,$28,$14,$44,44,$0.28,$0.28,$171,$13,$2,$263,$820,$32,$46,$23,$1267,$1530,$163,$287,$39,$547,$710,$0,$121,$1,$821,$1530,$22,$26,$-2,$24,$-10,$-3,$0,$14,$3,$50,$-178,$0,$0,$13,$1,$14,$-4,$-167,$0,$-34,$-34,$183,$183,$-4,$63,$208,$91,$2,$-4
42,2008-03-31,39.87,$15.63,2.55,$7.73,5.16,$-9.27,0.0,$1.09,36.58,$0.15B,$0.18B,0.84,$0.31B,$0.66B,0.46,$0.30B,$0.10B,32.01%,$0.30B,$0.06B,18.81%,$0.30B,$0.06B,18.81%,$0.30B,$0.11B,35.64%,$0.30B,$0.05B,14.85%,$0.30B,$0.04B,14.52%,$0.04B,$0.66B,8.10%,$0.04B,$0.61B,8.88%,$0.04B,$1.34B,3.52%,$0.06B,$0.97B,6.45%,$69,$47,$23,$1,$10,$57,$12,$-1,$12,$2,$9,$10,$10,$26,$12,$42,42,$0.24,$0.24,$64,$13,$4,$148,$789,$35,$47,$21,$1190,$1338,$176,$306,$37,$503,$678,$0,$112,$1,$660,$1338,$10,$13,$-1,$13,$-3,$-3,$0,$12,$11,$34,$-82,$0,$0,$13,$0,$13,$-3,$-72,$0,$-2,$-2,$33,$33,$-2,$-7,$22,$-17,$1,$-2
43,2007-12-31,50.94,$14.88,3.42,$7.71,6.6,$-8.74,0.0,$0.70,72.77,$0.17B,$0.15B,1.15,$0.32B,$0.62B,0.51,$0.30B,$0.08B,27.03%,$0.30B,$0.04B,14.53%,$0.30B,$0.04B,14.53%,$0.30B,$0.09B,30.74%,$0.30B,$0.02B,8.11%,$0.30B,$0.03B,9.46%,$0.03B,$0.62B,5.75%,$0.03B,$0.57B,6.40%,$0.03B,$1.28B,2.33%,$0.04B,$0.93B,5.10%,$71,$51,$20,$1,$8,$60,$10,$-1,$9,$-0,$9,$9,$9,$23,$10,$39,39,$0.23,$0.22,$90,$10,$4,$169,$743,$33,$48,$21,$1106,$1275,$146,$315,$34,$510,$657,$0,$104,$1,$618,$1275,$27,$48,$4,$52,$-14,$-3,$0,$8,$-21,$59,$-216,$-1,$0,$79,$3,$81,$20,$-116,$-51,$-81,$-132,$155,$155,$-9,$69,$85,$27,$4,$-9
44,2007-09-30,42.87,$11.94,3.59,$7.82,5.48,$-7.17,0.0,$0.60,71.44,$0.17B,$0.15B,1.16,$0.40B,$0.46B,0.87,$0.29B,$0.08B,25.68%,$0.29B,$0.04B,13.70%,$0.29B,$0.04B,13.70%,$0.29B,$0.09B,29.45%,$0.29B,$0.02B,5.82%,$0.29B,$0.02B,7.88%,$0.02B,$0.46B,5.20%,$0.02B,$0.41B,5.85%,$0.02B,$1.19B,1.96%,$0.04B,$0.85B,4.90%,$79,$51,$29,$1,$7,$58,$21,$-6,$15,$2,$13,$16,$16,$33,$21,$38,38,$0.41,$0.41,$86,$10,$3,$168,$737,$32,$49,$15,$1020,$1188,$145,$396,$31,$588,$733,$0,$97,$2,$455,$1188,$18,$35,$6,$41,$-18,$-3,$0,$14,$-16,$43,$-145,$-1,$0,$88,$0,$88,$-0,$-59,$0,$-48,$-48,$0,$0,$-6,$69,$15,$0,$3,$-6
45,2007-06-30,34.82,$11.55,3.01,$7.92,4.39,$-6.19,0.0,$0.58,60.03,$0.23B,$0.22B,1.07,$0.35B,$0.44B,0.79,$0.29B,$0.08B,26.80%,$0.29B,$0.04B,15.12%,$0.29B,$0.04B,15.12%,$0.29B,$0.09B,30.24%,$0.29B,$0.02B,6.53%,$0.29B,$0.02B,7.22%,$0.02B,$0.44B,5.06%,$0.02B,$0.39B,5.74%,$0.02B,$1.20B,1.84%,$0.04B,$0.79B,5.46%,$84,$60,$25,$1,$9,$70,$14,$-5,$9,$2,$7,$9,$9,$26,$14,$38,38,$0.22,$0.22,$147,$10,$8,$229,$742,$35,$50,$15,$969,$1198,$215,$347,$33,$542,$757,$0,$83,$2,$441,$1198,$3,$23,$1,$24,$-14,$-2,$0,$7,$-12,$15,$-69,$-1,$0,$49,$1,$49,$-18,$-39,$0,$-36,$-36,$0,$0,$-5,$70,$29,$5,$2,$-5
46,2007-03-31,38.71,$11.35,3.41,$7.55,5.13,$-6.21,0.0,$0.60,64.52,$0.20B,$0.21B,0.95,$0.37B,$0.43B,0.86,$0.27B,$0.08B,28.41%,$0.27B,$0.05B,16.61%,$0.27B,$0.05B,16.61%,$0.27B,$0.09B,32.10%,$0.27B,$0.02B,7.38%,$0.27B,$0.02B,7.38%,$0.02B,$0.43B,5.16%,$0.02B,$0.38B,5.89%,$0.02B,$1.14B,1.81%,$0.05B,$0.80B,5.57%,$62,$56,$6,$1,$8,$64,$-2,$-7,$-9,$-2,$-7,$-6,$-6,$9,$-2,$38,38,$-0.15,$-0.15,$124,$9,$15,$197,$648,$38,$49,$15,$942,$1139,$207,$371,$34,$499,$706,$0,$76,$2,$433,$1139,$-6,$11,$-3,$8,$1,$-1,$0,$3,$6,$8,$-31,$0,$0,$44,$0,$44,$7,$20,$0,$-24,$-24,$0,$0,$-3,$0,$-26,$2,$1,$-3
47,2006-12-31,33.91,$11.57,2.93,$7.83,4.33,$-6.11,0.0,$1.00,33.91,$0.24B,$0.21B,1.17,$0.38B,$0.44B,0.86,$0.27B,$0.09B,34.94%,$0.27B,$0.06B,23.05%,$0.27B,$0.06B,23.05%,$0.27B,$0.10B,37.92%,$0.27B,$0.04B,14.13%,$0.27B,$0.03B,12.64%,$0.03B,$0.44B,10.41%,$0.03B,$0.39B,12.18%,$0.03B,$1.16B,3.21%,$0.06B,$0.82B,7.98%,$67,$52,$15,$0,$7,$60,$7,$-5,$2,$-2,$4,$4,$4,$18,$7,$35,35,$0.12,$0.11,$173,$7,$13,$243,$624,$37,$50,$15,$918,$1160,$208,$380,$30,$511,$719,$0,$85,$2,$441,$1160,$34,$41,$2,$43,$-3,$-2,$0,$-11,$-4,$73,$-159,$0,$-23,$-53,$3,$-50,$-17,$-249,$0,$-52,$-52,$228,$228,$-5,$-1,$169,$-7,$2,$-5
