,Date,Stock Price,Book Value per Share,Price to Book Ratio,TTM Sales per Share,Price to Sales Ratio,TTM FCF per Share,Price to FCF Ratio,TTM Net EPS,PE Ratio,Current Assets,Current Liabilities,Current Ratio,Long Term Debt,Shareholder's Equity_x,Debt to Equity Ratio,TTM Revenue_x,TTM Gross Profit,Gross Margin,TTM Revenue_y,TTM Operating Income,Operating Margin,TTM Revenue_x,TTM EBIT,EBIT Margin,TTM Revenue_y,TTM EBITDA,EBITDA Margin,TTM Revenue_x,TTM Pre-Tax Income,Pre-Tax Margin,TTM Revenue_y,TTM Net Income_x,Net Margin,TTM Net Income_y,Shareholder's Equity_y,Return on Equity,TTM Net Income_x,Tangible Equity,Return on Tangible Equity,TTM Net Income_y,Total Assets,Return on Assets,TTM Net Income,LT Investments & Debt,Return on Investment,revenue,cost-goods-sold,gross-profit,research-development-expenses,selling-general-administrative-expenses,operating-expenses,operating-income,total-non-operating-income-expense,pre-tax-income,total-provision-income-taxes,income-after-taxes,income-from-continuous-operations,net-income,ebitda,ebit,basic-shares-outstanding,shares-outstanding,eps-basic-net-earnings-per-share,eps-earnings-per-share-diluted,cash-on-hand,inventory,other-current-assets,total-current-assets,net-property-plant-equipment,long-term-investments,goodwill-intangible-assets-total,other-long-term-assets,total-long-term-assets,total-assets,total-current-liabilities,long-term-debt,other-non-current-liabilities,total-long-term-liabilities,total-liabilities,common-stock-net,retained-earnings-accumulated-deficit,comprehensive-income,total-share-holder-equity,total-liabilities-share-holders-equity,net-income-loss,total-depreciation-amortization-cash-flow,other-non-cash-items,total-non-cash-items,change-in-accounts-receivable,change-in-inventories,change-in-accounts-payable,change-in-assets-liabilities,total-change-in-assets-liabilities,cash-flow-from-operating-activities,net-change-in-property-plant-equipment,net-change-in-intangible-assets,net-acquisitions-divestitures,net-change-in-short-term-investments,net-change-in-long-term-investments,net-change-in-investments-total,investing-activities-other,cash-flow-from-investing-activities,net-long-term-debt,net-current-debt,debt-issuance-retirement-net-total,net-common-equity-issued-repurchased,net-total-equity-issued-repurchased,total-common-preferred-stock-dividends-paid,financial-activities-other,cash-flow-from-financial-activities,net-cash-flow,stock-based-compensation,common-stock-dividends-paid
0,2018-09-30,10.86,$3.31,3.28,$3.76,2.89,$-1.08,0.0,$-0.36,0.0,$0.16B,$0.06B,2.8,$0.25B,$0.26B,0.95,$0.29B,$0.12B,43.01%,$0.29B,$-0.01B,-2.45%,$0.29B,$-0.01B,-2.45%,$0.29B,$0.04B,14.34%,$0.29B,$-0.03B,-9.09%,$0.29B,$-0.03B,-9.79%,$-0.03B,$0.26B,-11.11%,$-0.03B,$0.01B,320.00%,$-0.03B,$0.59B,-4.71%,$-0.01B,$0.51B,-1.40%,$71,$37,$34,$4,$15,$69,$2,$-4,$-2,$1,$-3,$-3,$-3,$15,$2,$79,79,$-0.04,$-0.04,$46,$37,$0,$161,$165,$0,$256,$13,$434,$594,$57,$247,$7,$276,$334,$0,$-187,$-0,$261,$594,$-20,$37,$1,$38,$-14,$6,$0,$2,$-19,$-1,$-17,$0,$0,$0,$0,$0,$1,$-17,$0,$0,$0,$29,$29,$0,$0,$29,$11,$6,$0
1,2018-06-30,10.1,$3.33,3.03,$3.80,2.66,$-1.23,0.0,$-0.86,0.0,$0.16B,$0.06B,2.53,$0.25B,$0.26B,0.95,$0.28B,$0.12B,40.49%,$0.28B,$-0.04B,-15.14%,$0.28B,$-0.04B,-15.14%,$0.28B,$0.00B,1.41%,$0.28B,$-0.06B,-22.18%,$0.28B,$-0.07B,-22.89%,$-0.07B,$0.26B,-26.08%,$-0.07B,$0.00B,1181.82%,$-0.07B,$0.60B,-10.94%,$-0.04B,$0.51B,-8.67%,$71,$38,$33,$3,$19,$72,$-1,$-5,$-6,$1,$-7,$-7,$-7,$11,$-1,$78,78,$-0.09,$-0.09,$39,$45,$0,$156,$169,$0,$259,$13,$441,$597,$62,$247,$6,$274,$335,$0,$-184,$-0,$262,$597,$-17,$24,$3,$27,$-8,$-2,$0,$1,$-23,$-13,$-12,$0,$0,$0,$0,$0,$0,$-12,$0,$0,$0,$29,$29,$0,$0,$29,$4,$3,$0
2,2018-03-31,9.37,$3.19,2.94,$3.68,2.54,$-1.15,0.0,$-0.92,0.0,$0.15B,$0.07B,2.01,$0.25B,$0.24B,1.03,$0.27B,$0.11B,40.00%,$0.27B,$-0.04B,-16.30%,$0.27B,$-0.04B,-16.30%,$0.27B,$0.01B,1.85%,$0.27B,$-0.07B,-25.19%,$0.27B,$-0.07B,-25.56%,$-0.07B,$0.24B,-26.98%,$-0.07B,$-0.02B,-1150.00%,$-0.07B,$0.59B,-11.46%,$-0.04B,$0.49B,-8.76%,$68,$39,$29,$3,$18,$72,$-4,$-5,$-9,$1,$-10,$-10,$-10,$8,$-4,$75,75,$-0.13,$-0.13,$28,$48,$0,$145,$172,$0,$262,$13,$447,$592,$72,$247,$12,$280,$352,$0,$-176,$1,$239,$592,$-10,$12,$2,$14,$-2,$-6,$0,$0,$-6,$-1,$-6,$0,$0,$0,$0,$0,$0,$-6,$0,$0,$0,$0,$0,$0,$0,$0,$-7,$2,$0
3,2017-12-31,10.18,$3.31,3.07,$3.50,2.91,$-1.13,0.0,$-0.84,0.0,$0.14B,$0.07B,2.08,$0.25B,$0.25B,1.0,$0.25B,$0.10B,40.94%,$0.25B,$-0.04B,-15.75%,$0.25B,$-0.04B,-15.75%,$0.25B,$0.01B,3.15%,$0.25B,$-0.06B,-24.41%,$0.25B,$-0.06B,-24.41%,$-0.06B,$0.25B,-23.31%,$-0.06B,$-0.02B,-186.47%,$-0.06B,$0.60B,-10.67%,$-0.04B,$0.49B,-8.20%,$76,$49,$27,$3,$16,$80,$-4,$-5,$-9,$-2,$-7,$-7,$-8,$7,$-4,$73,73,$-0.10,$-0.10,$35,$42,$0,$143,$174,$0,$266,$12,$452,$595,$69,$246,$14,$280,$349,$0,$-166,$0,$246,$595,$-61,$49,$34,$83,$-10,$-17,$0,$-12,$-27,$-5,$-27,$0,$-68,$0,$0,$0,$-1,$-96,$100,$0,$100,$16,$16,$0,$-6,$110,$10,$6,$0
4,2017-09-30,10.47,$3.37,3.11,$3.12,3.36,$-0.68,0.0,$-0.79,0.0,$0.17B,$0.06B,2.79,$0.25B,$0.25B,0.99,$0.23B,$0.10B,44.89%,$0.23B,$-0.04B,-16.44%,$0.23B,$-0.04B,-16.44%,$0.23B,$0.01B,5.33%,$0.23B,$-0.06B,-24.89%,$0.23B,$-0.06B,-25.33%,$-0.06B,$0.25B,-20.73%,$-0.06B,$0.02B,-95.80%,$-0.06B,$0.59B,-10.20%,$-0.04B,$0.50B,-7.83%,$69,$43,$26,$2,$14,$104,$-34,$-5,$-39,$0,$-40,$-40,$-40,$-22,$-34,$74,74,$-0.54,$-0.54,$72,$36,$0,$173,$176,$0,$232,$11,$419,$592,$62,$246,$12,$281,$343,$0,$-159,$-0,$250,$592,$-54,$37,$36,$73,$-18,$-12,$0,$-6,$-26,$-7,$-21,$0,$-34,$0,$0,$0,$-1,$-56,$100,$0,$100,$16,$16,$0,$-6,$110,$47,$4,$0
5,2017-06-30,11.3,$3.92,2.88,$2.83,3.99,$-0.34,0.0,$-0.45,0.0,$0.17B,$0.06B,2.76,$0.25B,$0.29B,0.86,$0.20B,$0.10B,48.51%,$0.20B,$-0.02B,-7.43%,$0.20B,$-0.02B,-7.43%,$0.20B,$0.03B,16.34%,$0.20B,$-0.03B,-15.35%,$0.20B,$-0.03B,-15.35%,$-0.03B,$0.29B,-10.93%,$-0.03B,$0.05B,-40.66%,$-0.03B,$0.63B,-5.76%,$-0.02B,$0.53B,-3.28%,$57,$31,$26,$2,$13,$59,$-2,$-9,$-11,$0,$-11,$-11,$-11,$12,$-2,$72,72,$-0.15,$-0.15,$84,$30,$0,$170,$212,$0,$239,$9,$460,$630,$62,$246,$12,$280,$342,$0,$-119,$-0,$288,$630,$-14,$25,$3,$29,$-9,$-5,$0,$-2,$-17,$-2,$-14,$0,$-34,$0,$0,$0,$-0,$-49,$100,$0,$100,$16,$16,$0,$-6,$110,$59,$3,$0
6,2017-03-31,9.55,$3.93,2.43,$2.75,3.48,$-0.24,0.0,$-0.36,0.0,$0.09B,$0.05B,1.68,$0.15B,$0.28B,0.53,$0.20B,$0.10B,49.23%,$0.20B,$-0.02B,-7.69%,$0.20B,$-0.02B,-7.69%,$0.20B,$0.03B,15.90%,$0.20B,$-0.02B,-12.31%,$0.20B,$-0.02B,-12.31%,$-0.02B,$0.28B,-8.40%,$-0.02B,$0.09B,-27.35%,$-0.02B,$0.51B,-4.69%,$-0.02B,$0.43B,-3.44%,$52,$27,$25,$2,$12,$52,$-0,$-2,$-3,$1,$-3,$-3,$-3,$11,$-0,$71,71,$-0.05,$-0.05,$20,$23,$0,$88,$214,$0,$194,$10,$419,$507,$53,$149,$3,$174,$226,$0,$-108,$-1,$280,$507,$-3,$11,$1,$12,$-6,$-0,$0,$1,$-9,$1,$-6,$0,$0,$0,$0,$0,$0,$-6,$0,$0,$0,$0,$0,$0,$0,$0,$-5,$2,$0
7,2016-12-31,8.27,$3.96,2.09,$2.63,3.14,$-0.25,0.0,$-0.34,0.0,$0.09B,$0.05B,1.75,$0.15B,$0.28B,0.53,$0.19B,$0.09B,50.27%,$0.19B,$-0.02B,-8.02%,$0.19B,$-0.02B,-8.02%,$0.19B,$0.03B,15.51%,$0.19B,$-0.02B,-12.30%,$0.19B,$-0.02B,-12.30%,$-0.02B,$0.28B,-7.92%,$-0.02B,$0.09B,-25.41%,$-0.02B,$0.51B,-4.46%,$-0.02B,$0.43B,-3.40%,$47,$23,$24,$1,$12,$48,$-1,$-2,$-3,$0,$-3,$-3,$-3,$11,$-1,$71,71,$-0.04,$-0.04,$25,$23,$0,$88,$216,$0,$197,$5,$418,$506,$50,$149,$4,$174,$224,$0,$-105,$-1,$282,$506,$-23,$44,$16,$59,$-2,$-2,$0,$-8,$-7,$29,$-28,$0,$-3,$0,$0,$0,$1,$-31,$0,$0,$0,$0,$0,$0,$-0,$0,$-2,$5,$0
8,2016-09-30,10.25,$4.00,2.56,$2.61,3.92,$-0.88,0.0,$-0.29,0.0,$0.08B,$0.05B,1.81,$0.15B,$0.28B,0.53,$0.19B,$0.09B,50.27%,$0.19B,$-0.01B,-6.49%,$0.19B,$-0.01B,-6.49%,$0.19B,$0.03B,15.14%,$0.19B,$-0.02B,-10.27%,$0.19B,$-0.02B,-10.81%,$-0.02B,$0.28B,-6.78%,$-0.02B,$0.09B,-21.56%,$-0.02B,$0.51B,-3.84%,$-0.01B,$0.44B,-2.69%,$46,$23,$23,$1,$12,$58,$-12,$-2,$-14,$-0,$-14,$-14,$-14,$-1,$-12,$71,71,$-0.20,$-0.20,$21,$22,$0,$82,$219,$0,$200,$7,$426,$508,$46,$151,$4,$178,$224,$0,$-102,$-0,$284,$508,$-20,$32,$15,$48,$-4,$-0,$0,$-3,$-8,$19,$-23,$0,$-3,$0,$0,$0,$1,$-25,$0,$0,$0,$0,$0,$0,$-0,$-0,$-6,$4,$0
9,2016-06-30,9.95,$4.18,2.38,$2.60,3.82,$-1.13,0.0,$-0.07,0.0,$0.08B,$0.05B,1.7,$0.15B,$0.30B,0.51,$0.19B,$0.09B,49.73%,$0.19B,$0.00B,1.62%,$0.19B,$0.00B,1.62%,$0.19B,$0.04B,21.08%,$0.19B,$-0.00B,-1.62%,$0.19B,$-0.00B,-2.16%,$-0.00B,$0.30B,-1.34%,$-0.00B,$0.10B,-4.09%,$-0.00B,$0.52B,-0.77%,$0.00B,$0.45B,0.67%,$50,$27,$24,$2,$11,$52,$-2,$-2,$-4,$0,$-4,$-4,$-4,$10,$-2,$71,71,$-0.06,$-0.06,$15,$20,$0,$82,$232,$0,$202,$8,$442,$524,$48,$151,$4,$179,$227,$0,$-88,$-0,$297,$524,$-6,$21,$3,$24,$-7,$1,$0,$-5,$-10,$8,$-17,$0,$-3,$0,$0,$0,$1,$-20,$0,$0,$0,$0,$0,$0,$-0,$-0,$-12,$3,$0
10,2016-03-31,10.13,$4.23,2.4,$2.53,4.0,$-1.22,0.0,$-0.18,0.0,$0.08B,$0.05B,1.74,$0.15B,$0.30B,0.51,$0.18B,$0.09B,50.00%,$0.18B,$-0.01B,-3.89%,$0.18B,$-0.01B,-3.89%,$0.18B,$0.02B,13.33%,$0.18B,$-0.01B,-6.67%,$0.18B,$-0.01B,-6.67%,$-0.01B,$0.30B,-4.02%,$-0.01B,$0.10B,-12.15%,$-0.01B,$0.53B,-2.31%,$-0.01B,$0.45B,-1.56%,$44,$21,$23,$2,$12,$44,$-0,$-2,$-2,$0,$-2,$-2,$-2,$9,$-0,$71,71,$-0.03,$-0.03,$22,$22,$0,$81,$235,$0,$203,$7,$445,$526,$47,$151,$5,$180,$227,$0,$-84,$-1,$299,$526,$-2,$9,$2,$11,$-1,$-1,$0,$-2,$-5,$4,$-10,$0,$0,$0,$0,$0,$0,$-10,$0,$0,$0,$0,$0,$0,$0,$0,$-6,$1,$0
11,2015-12-31,7.24,$4.25,1.7,$2.52,2.87,$-1.13,0.0,$-0.19,0.0,$0.08B,$0.05B,1.85,$0.15B,$0.30B,0.49,$0.18B,$0.09B,49.44%,$0.18B,$-0.01B,-4.49%,$0.18B,$-0.01B,-4.49%,$0.18B,$0.02B,11.24%,$0.18B,$-0.01B,-6.74%,$0.18B,$-0.01B,-7.30%,$-0.01B,$0.30B,-4.33%,$-0.01B,$0.09B,-12.84%,$-0.01B,$0.52B,-2.49%,$-0.01B,$0.45B,-1.77%,$45,$22,$23,$2,$11,$43,$2,$-1,$1,$1,$0,$0,$0,$10,$2,$70,70,$0.00,$0.00,$28,$21,$0,$84,$230,$0,$206,$3,$439,$523,$46,$148,$6,$178,$223,$0,$-81,$-1,$300,$523,$-13,$27,$17,$44,$8,$-8,$0,$-2,$-5,$26,$-70,$0,$-142,$0,$0,$0,$123,$-89,$0,$0,$0,$0,$0,$0,$-2,$-2,$-64,$5,$0
12,2015-09-30,5.58,$4.24,1.32,$2.40,2.32,$-1.25,0.0,$-0.28,0.0,$0.12B,$0.04B,3.24,$0.15B,$0.30B,0.51,$0.16B,$0.08B,47.53%,$0.16B,$-0.01B,-8.02%,$0.16B,$-0.01B,-8.02%,$0.16B,$0.01B,7.41%,$0.16B,$-0.02B,-11.73%,$0.16B,$-0.02B,-11.73%,$-0.02B,$0.30B,-6.28%,$-0.02B,$0.11B,-13.74%,$-0.02B,$0.52B,-3.67%,$-0.01B,$0.45B,-2.87%,$46,$24,$22,$1,$11,$43,$3,$-1,$2,$0,$2,$2,$2,$10,$3,$70,72,$0.02,$0.02,$58,$17,$0,$118,$195,$0,$194,$8,$397,$516,$36,$151,$6,$180,$217,$0,$-82,$-1,$299,$516,$-13,$20,$15,$35,$3,$-4,$0,$-1,$-10,$11,$-32,$0,$-133,$0,$0,$0,$123,$-42,$-0,$0,$-0,$0,$0,$0,$-2,$-2,$-33,$3,$0
13,2015-06-30,6.75,$4.20,1.61,$2.18,3.1,$-1.61,0.0,$-0.30,0.0,$0.12B,$0.04B,3.04,$0.15B,$0.30B,0.51,$0.14B,$0.07B,48.20%,$0.14B,$-0.02B,-11.51%,$0.14B,$-0.02B,-11.51%,$0.14B,$0.00B,2.88%,$0.14B,$-0.02B,-15.11%,$0.14B,$-0.02B,-15.11%,$-0.02B,$0.30B,-7.32%,$-0.02B,$0.10B,-13.64%,$-0.02B,$0.52B,-4.47%,$-0.02B,$0.45B,-3.89%,$45,$23,$22,$2,$11,$56,$-12,$-1,$-13,$-0,$-12,$-12,$-12,$-5,$-12,$70,70,$-0.17,$-0.17,$65,$17,$0,$121,$190,$0,$196,$9,$395,$516,$40,$151,$4,$180,$220,$0,$-83,$-1,$296,$516,$-15,$13,$14,$27,$8,$-5,$0,$0,$-5,$7,$-23,$0,$-133,$0,$0,$0,$123,$-33,$-0,$0,$-0,$0,$0,$0,$-1,$-1,$-27,$2,$0
14,2015-03-31,5.97,$4.36,1.37,$1.97,3.03,$-1.89,0.0,$-0.11,0.0,$0.13B,$0.04B,3.34,$0.15B,$0.31B,0.49,$0.12B,$0.06B,49.15%,$0.12B,$-0.00B,-1.69%,$0.12B,$-0.00B,-1.69%,$0.12B,$0.01B,11.02%,$0.12B,$-0.01B,-5.08%,$0.12B,$-0.01B,-6.78%,$-0.01B,$0.31B,-2.95%,$-0.01B,$0.11B,-4.68%,$-0.01B,$0.53B,-1.90%,$-0.00B,$0.46B,-0.54%,$42,$22,$21,$2,$11,$44,$-1,$-1,$-2,$0,$-3,$-3,$-3,$5,$-1,$70,70,$-0.04,$-0.04,$81,$16,$0,$132,$188,$0,$200,$9,$397,$530,$40,$151,$7,$183,$223,$0,$-71,$-1,$307,$530,$-3,$7,$1,$8,$11,$-3,$0,$-2,$-0,$5,$-4,$0,$-134,$0,$0,$0,$123,$-15,$-0,$0,$-0,$0,$0,$0,$-1,$-1,$-11,$1,$0
15,2014-12-31,6.54,$4.40,1.49,$1.73,3.78,$-1.93,0.0,$-0.08,0.0,$0.25B,$0.03B,7.75,$0.15B,$0.31B,0.49,$0.10B,$0.05B,49.47%,$0.10B,$-0.00B,-1.05%,$0.10B,$-0.00B,-1.05%,$0.10B,$0.01B,10.53%,$0.10B,$-0.00B,-4.21%,$0.10B,$-0.01B,-5.26%,$-0.01B,$0.31B,-1.98%,$-0.01B,$0.24B,-2.70%,$-0.01B,$0.51B,-1.36%,$-0.00B,$0.46B,-0.31%,$29,$18,$12,$1,$7,$33,$-3,$-3,$-6,$-0,$-6,$-6,$-6,$2,$-3,$57,57,$-0.10,$-0.09,$215,$12,$0,$253,$181,$0,$66,$7,$254,$507,$33,$151,$6,$165,$198,$0,$-68,$-1,$309,$507,$-5,$12,$2,$14,$-7,$-5,$0,$1,$-6,$3,$-46,$0,$-29,$0,$0,$0,$-121,$-196,$220,$0,$220,$0,$0,$0,$-4,$216,$23,$4,$0
16,2014-09-30,5.75,$4.26,1.35,$1.60,3.58,$-1.77,0.0,$0.03,191.67,$0.07B,$0.03B,2.51,$0.05B,$0.23B,0.2,$0.09B,$0.05B,52.94%,$0.09B,$0.00B,4.71%,$0.09B,$0.00B,4.71%,$0.09B,$0.01B,12.94%,$0.09B,$0.00B,4.71%,$0.09B,$0.00B,2.35%,$0.00B,$0.24B,0.89%,$0.00B,$0.17B,1.21%,$0.00B,$0.33B,0.66%,$0.00B,$0.28B,1.48%,$23,$11,$12,$1,$9,$23,$0,$0,$0,$0,$0,$0,$-0,$2,$0,$55,55,$-0.00,$-0.00,$41,$12,$0,$74,$179,$0,$67,$6,$253,$327,$29,$46,$6,$62,$91,$0,$-62,$-0,$235,$327,$1,$6,$3,$9,$-0,$-6,$0,$0,$-4,$6,$-42,$0,$-29,$0,$0,$0,$1,$-70,$-0,$0,$-0,$37,$37,$0,$-0,$37,$-28,$3,$0
17,2014-06-30,6.59,$4.25,1.55,$1.59,4.14,$-1.54,0.0,$0.05,131.8,$0.08B,$0.02B,3.33,$0.05B,$0.23B,0.2,$0.08B,$0.04B,52.44%,$0.08B,$0.01B,6.10%,$0.08B,$0.01B,6.10%,$0.08B,$0.01B,14.63%,$0.08B,$0.01B,6.10%,$0.08B,$0.00B,3.66%,$0.00B,$0.24B,1.41%,$0.00B,$0.17B,1.84%,$0.00B,$0.32B,1.04%,$0.01B,$0.28B,1.93%,$24,$11,$13,$1,$8,$23,$2,$0,$2,$0,$1,$1,$1,$4,$2,$55,57,$0.03,$0.02,$49,$8,$0,$79,$168,$0,$68,$5,$242,$320,$24,$47,$6,$62,$86,$0,$-62,$0,$235,$320,$1,$4,$2,$6,$-2,$-1,$0,$-0,$-3,$4,$-32,$0,$-29,$0,$0,$0,$1,$-60,$-0,$0,$-0,$37,$37,$0,$-0,$37,$-20,$2,$0
18,2014-03-31,6.85,$4.21,1.63,$1.55,4.43,$-1.45,0.0,$0.06,114.17,$0.10B,$0.02B,5.49,$0.05B,$0.23B,0.2,$0.08B,$0.04B,51.95%,$0.08B,$0.01B,6.49%,$0.08B,$0.01B,6.49%,$0.08B,$0.01B,14.29%,$0.08B,$0.01B,6.49%,$0.08B,$0.00B,5.19%,$0.00B,$0.23B,1.99%,$0.00B,$0.16B,2.50%,$0.00B,$0.31B,1.47%,$0.01B,$0.28B,2.02%,$19,$9,$10,$1,$7,$20,$-0,$-0,$-0,$0,$-0,$-0,$-0,$2,$-0,$53,53,$-0.01,$-0.01,$75,$7,$0,$100,$137,$0,$69,$5,$212,$312,$18,$47,$5,$61,$79,$0,$-64,$0,$233,$312,$-0,$2,$1,$2,$1,$-0,$0,$0,$-0,$2,$-4,$0,$-29,$0,$0,$0,$1,$-32,$-0,$0,$-0,$37,$37,$0,$0,$37,$6,$1,$0
19,2013-12-31,6.34,$4.00,1.58,$1.53,4.15,$-1.66,0.0,$0.09,70.44,$0.09B,$0.02B,5.81,$0.05B,$0.19B,0.24,$0.08B,$0.04B,53.33%,$0.08B,$0.01B,8.00%,$0.08B,$0.01B,8.00%,$0.08B,$0.01B,16.00%,$0.08B,$0.01B,8.00%,$0.08B,$0.01B,6.67%,$0.01B,$0.19B,2.65%,$0.01B,$0.16B,3.13%,$0.01B,$0.26B,1.95%,$0.01B,$0.24B,2.55%,$19,$9,$10,$1,$6,$18,$2,$-0,$2,$1,$1,$1,$1,$3,$2,$47,49,$0.02,$0.02,$68,$5,$0,$90,$133,$0,$32,$5,$171,$261,$15,$47,$2,$53,$69,$0,$-63,$0,$193,$261,$5,$6,$3,$9,$-3,$1,$0,$-1,$-5,$9,$-37,$0,$-7,$-51,$79,$28,$0,$-17,$41,$0,$41,$2,$2,$0,$-1,$42,$34,$3,$0
20,2013-09-30,5.24,$3.99,1.31,$1.48,3.55,$-1.55,0.0,$0.11,47.64,$0.10B,$0.02B,4.73,$0.05B,$0.19B,0.25,$0.07B,$0.04B,58.33%,$0.07B,$0.01B,8.33%,$0.07B,$0.01B,8.33%,$0.07B,$0.01B,18.06%,$0.07B,$0.01B,8.33%,$0.07B,$0.01B,8.33%,$0.01B,$0.19B,3.23%,$0.01B,$0.16B,3.76%,$0.01B,$0.26B,2.47%,$0.01B,$0.24B,2.70%,$20,$9,$10,$1,$6,$18,$1,$0,$1,$0,$1,$1,$1,$3,$1,$47,49,$0.02,$0.02,$77,$4,$0,$97,$129,$0,$31,$5,$166,$262,$20,$47,$2,$52,$72,$0,$-64,$0,$190,$262,$4,$4,$2,$6,$-2,$1,$0,$-2,$-5,$5,$-26,$0,$-5,$-51,$79,$28,$0,$-3,$41,$0,$41,$1,$1,$0,$-1,$41,$43,$2,$0
21,2013-06-30,4.49,$3.97,1.13,$1.41,3.18,$-1.19,0.0,$0.14,32.07,$0.10B,$0.02B,6.29,$0.05B,$0.19B,0.25,$0.07B,$0.04B,60.29%,$0.07B,$0.01B,11.76%,$0.07B,$0.01B,11.76%,$0.07B,$0.01B,20.59%,$0.07B,$0.01B,11.76%,$0.07B,$0.01B,10.29%,$0.01B,$0.19B,3.81%,$0.01B,$0.16B,4.40%,$0.01B,$0.26B,3.03%,$0.01B,$0.24B,3.82%,$19,$9,$10,$0,$6,$17,$2,$0,$2,$0,$2,$2,$2,$3,$2,$47,48,$0.04,$0.03,$78,$4,$0,$98,$120,$0,$31,$5,$156,$255,$16,$46,$2,$51,$66,$0,$-65,$0,$188,$255,$3,$3,$1,$4,$-3,$1,$0,$-1,$-5,$2,$-22,$0,$-5,$-51,$47,$-4,$0,$-31,$41,$0,$41,$0,$0,$0,$-1,$40,$11,$1,$0
22,2013-03-31,5.21,$3.92,1.33,$1.37,3.79,$-0.86,0.0,$0.15,34.73,$0.11B,$0.01B,7.7,$0.05B,$0.18B,0.25,$0.07B,$0.04B,61.54%,$0.07B,$0.01B,12.31%,$0.07B,$0.01B,12.31%,$0.07B,$0.02B,23.08%,$0.07B,$0.01B,12.31%,$0.07B,$0.01B,10.77%,$0.01B,$0.18B,3.87%,$0.01B,$0.16B,4.41%,$0.01B,$0.25B,3.22%,$0.01B,$0.23B,4.08%,$17,$7,$10,$1,$6,$15,$1,$-0,$1,$0,$1,$1,$1,$3,$1,$47,48,$0.02,$0.02,$91,$3,$0,$109,$111,$0,$22,$5,$139,$248,$14,$46,$1,$50,$64,$0,$-67,$0,$184,$248,$1,$1,$1,$2,$-2,$1,$0,$0,$-3,$-0,$-12,$0,$0,$-49,$20,$-29,$0,$-41,$41,$0,$41,$0,$0,$0,$-1,$41,$-1,$1,$0
23,2012-12-31,3.92,$3.90,1.0,$1.36,2.87,$-0.72,0.0,$0.18,21.78,$0.08B,$0.02B,4.76,$0.01B,$0.18B,0.03,$0.06B,$0.04B,59.38%,$0.06B,$0.01B,14.06%,$0.06B,$0.01B,14.06%,$0.06B,$0.02B,23.44%,$0.06B,$0.01B,15.63%,$0.06B,$0.01B,12.50%,$0.01B,$0.18B,4.48%,$0.01B,$0.16B,5.12%,$0.01B,$0.21B,3.91%,$0.01B,$0.19B,4.90%,$16,$4,$12,$1,$4,$14,$2,$0,$2,$0,$2,$2,$2,$4,$2,$47,48,$0.05,$0.04,$63,$4,$0,$79,$101,$0,$23,$4,$128,$207,$17,$5,$1,$8,$24,$0,$-68,$1,$182,$207,$9,$6,$0,$6,$-2,$0,$0,$0,$-1,$14,$-37,$0,$-4,$-52,$70,$17,$11,$-12,$-1,$-0,$-1,$0,$0,$0,$-0,$-1,$-0,$2,$0
24,2012-09-30,3.74,$3.86,0.97,$1.33,2.81,$-0.28,0.0,$0.15,24.93,$0.09B,$0.03B,3.59,$0.01B,$0.18B,0.03,$0.06B,$0.03B,53.23%,$0.06B,$0.01B,12.90%,$0.06B,$0.01B,12.90%,$0.06B,$0.01B,20.97%,$0.06B,$0.01B,14.52%,$0.06B,$0.01B,11.29%,$0.01B,$0.18B,3.98%,$0.01B,$0.16B,4.54%,$0.01B,$0.21B,3.47%,$0.01B,$0.19B,4.43%,$16,$7,$9,$1,$5,$14,$3,$0,$3,$0,$2,$2,$2,$4,$3,$47,48,$0.05,$0.05,$74,$4,$0,$91,$97,$0,$23,$4,$123,$214,$25,$5,$1,$9,$34,$0,$-70,$1,$180,$214,$7,$4,$-0,$4,$-2,$1,$0,$1,$-2,$9,$-12,$0,$-4,$-52,$50,$-2,$1,$-17,$-1,$-0,$-1,$0,$0,$0,$-0,$-1,$-9,$1,$0
25,2012-06-30,3.26,$3.80,0.86,$1.30,2.52,$-0.27,0.0,$0.11,29.64,$0.09B,$0.01B,6.37,$0.01B,$0.18B,0.03,$0.06B,$0.03B,51.67%,$0.06B,$0.01B,10.00%,$0.06B,$0.01B,10.00%,$0.06B,$0.01B,20.00%,$0.06B,$0.01B,11.67%,$0.06B,$0.01B,10.00%,$0.01B,$0.18B,3.46%,$0.01B,$0.16B,3.92%,$0.01B,$0.20B,3.07%,$0.01B,$0.18B,3.38%,$16,$8,$9,$1,$6,$14,$2,$0,$2,$0,$2,$2,$2,$4,$2,$47,47,$0.04,$0.04,$73,$3,$0,$90,$84,$0,$23,$4,$110,$200,$14,$5,$1,$8,$23,$0,$-72,$1,$178,$200,$4,$3,$-0,$2,$-2,$1,$0,$1,$-2,$5,$-9,$0,$-4,$-35,$37,$2,$1,$-9,$-1,$0,$-1,$0,$0,$0,$-0,$-1,$-5,$1,$0
26,2012-03-31,3.85,$3.74,1.03,$1.19,3.22,$-0.27,0.0,$0.06,64.17,$0.09B,$0.01B,6.42,$0.01B,$0.17B,0.03,$0.06B,$0.03B,50.91%,$0.06B,$0.00B,7.27%,$0.06B,$0.00B,7.27%,$0.06B,$0.01B,18.18%,$0.06B,$0.01B,9.09%,$0.06B,$0.00B,5.45%,$0.00B,$0.18B,1.76%,$0.00B,$0.15B,1.97%,$0.00B,$0.20B,1.56%,$0.00B,$0.18B,2.28%,$16,$8,$8,$1,$5,$14,$2,$1,$3,$0,$2,$2,$2,$3,$2,$46,47,$0.05,$0.05,$72,$4,$0,$87,$83,$0,$23,$4,$110,$197,$14,$5,$1,$8,$22,$0,$-74,$1,$175,$197,$2,$1,$-1,$0,$-0,$0,$0,$0,$-1,$2,$-7,$0,$-4,$-15,$13,$-1,$1,$-11,$-0,$0,$-0,$0,$0,$0,$-0,$-1,$-10,$0,$0
27,2011-12-31,2.99,$3.74,0.8,$1.04,2.87,$-0.22,0.0,$-0.01,0.0,$0.10B,$0.02B,4.99,$0.01B,$0.17B,0.03,$0.05B,$0.02B,51.06%,$0.05B,$0.00B,2.13%,$0.05B,$0.00B,2.13%,$0.05B,$0.01B,17.02%,$0.05B,$0.00B,2.13%,$0.05B,0,0.00%,$0.00B,$0.17B,0.00%,$0.00B,$0.15B,0.00%,$0.00B,$0.20B,0.00%,$0.00B,$0.18B,0.59%,$14,$6,$7,$0,$6,$13,$1,$0,$1,$0,$1,$1,$1,$2,$1,$45,45,$0.02,$0.02,$82,$3,$0,$95,$80,$0,$18,$4,$102,$197,$19,$5,$0,$7,$27,$0,$-77,$1,$171,$197,$-0,$6,$2,$8,$-2,$-1,$0,$-0,$-2,$6,$-8,$0,$-2,$-81,$102,$21,$1,$12,$-0,$0,$-0,$-0,$-0,$0,$0,$-0,$18,$2,$0
28,2011-09-30,2.55,$3.70,0.69,$0.91,2.8,$-0.27,0.0,$-0.03,0.0,$0.09B,$0.01B,7.27,$0.01B,$0.17B,0.03,$0.04B,$0.02B,51.22%,$0.04B,$-0.00B,-2.44%,$0.04B,$-0.00B,-2.44%,$0.04B,$0.01B,17.07%,$0.04B,$-0.00B,-2.44%,$0.04B,$-0.00B,-4.88%,$-0.00B,$0.17B,-1.23%,$-0.00B,$0.15B,-1.29%,$-0.00B,$0.19B,-1.12%,$-0.00B,$0.17B,-0.60%,$14,$7,$7,$0,$5,$13,$1,$-0,$1,$0,$1,$1,$1,$3,$1,$46,46,$0.01,$0.01,$82,$2,$0,$94,$75,$0,$16,$4,$95,$189,$13,$5,$0,$7,$20,$0,$-77,$1,$169,$189,$-1,$5,$1,$6,$-2,$0,$0,$-0,$-2,$4,$-6,$0,$-2,$-47,$81,$34,$1,$27,$-0,$0,$-0,$-0,$-0,$0,$0,$-0,$31,$1,$0
29,2011-06-30,3.13,$3.67,0.85,$0.93,3.36,$-0.29,0.0,$-0.05,0.0,$0.09B,$0.01B,7.4,$0.01B,$0.17B,0.03,$0.04B,$0.02B,58.54%,$0.04B,$-0.00B,-4.88%,$0.04B,$-0.00B,-4.88%,$0.04B,$0.01B,12.20%,$0.04B,$-0.00B,-4.88%,$0.04B,$-0.00B,-9.76%,$-0.00B,$0.17B,-2.49%,$-0.00B,$0.15B,-2.57%,$-0.00B,$0.19B,-2.29%,$-0.00B,$0.17B,-1.23%,$11,$5,$6,$0,$5,$11,$-0,$-0,$-0,$0,$-1,$-1,$-1,$2,$-0,$44,44,$-0.01,$-0.01,$81,$2,$0,$93,$73,$0,$17,$4,$94,$187,$13,$5,$0,$7,$19,$0,$-78,$1,$168,$187,$-1,$3,$1,$4,$-2,$0,$0,$-0,$-3,$0,$-4,$0,$-2,$-47,$60,$12,$1,$7,$-0,$0,$-0,$-0,$-0,$0,$0,$-0,$8,$1,$0
30,2011-03-31,3.3,$3.69,0.9,$0.87,3.79,$-0.25,0.0,$-0.12,0.0,$0.09B,$0.01B,9.88,$0.00B,$0.16B,0.01,$0.04B,$0.02B,57.89%,$0.04B,$-0.00B,-5.26%,$0.04B,$-0.00B,-5.26%,$0.04B,$0.00B,10.53%,$0.04B,$-0.00B,-5.26%,$0.04B,$-0.01B,-15.79%,$-0.01B,$0.16B,-3.79%,$-0.01B,$0.16B,-3.82%,$-0.01B,$0.17B,-3.47%,$-0.00B,$0.16B,-1.25%,$8,$4,$4,$0,$4,$9,$-1,$0,$-1,$0,$-1,$-1,$-1,$1,$-1,$43,43,$-0.02,$-0.02,$83,$0,$0,$91,$72,$2,$1,$3,$79,$170,$9,$2,$0,$3,$12,$0,$-77,$1,$158,$170,$-1,$2,$0,$2,$-1,$-0,$0,$-0,$-2,$-1,$-2,$0,$0,$-24,$30,$6,$1,$5,$0,$0,$0,$0,$0,$0,$0,$0,$4,$0,$0
31,2010-12-31,2.59,$3.71,0.7,$0.86,3.01,$-0.22,0.0,$-0.12,0.0,$0.09B,$0.01B,8.93,$0.00B,$0.16B,0.01,$0.04B,$0.02B,59.46%,$0.04B,$-0.00B,-2.70%,$0.04B,$-0.00B,-2.70%,$0.04B,$0.00B,10.81%,$0.04B,$-0.00B,-2.70%,$0.04B,$-0.01B,-16.22%,$-0.01B,$0.16B,-3.77%,$-0.01B,$0.16B,-3.81%,$-0.01B,$0.17B,-3.42%,$-0.00B,$0.16B,-0.62%,$8,$4,$4,$0,$5,$8,$-1,$-0,$-1,$0,$-1,$-1,$-1,$1,$-1,$43,43,$-0.01,$-0.01,$86,$0,$0,$92,$72,$2,$1,$4,$79,$171,$10,$1,$0,$3,$13,$0,$-77,$1,$158,$171,$-5,$6,$11,$17,$-1,$-0,$0,$-7,$-8,$3,$-7,$0,$0,$-143,$99,$-44,$-0,$-51,$0,$0,$0,$0,$0,$0,$-1,$-1,$-48,$2,$0
32,2010-09-30,2.27,$3.73,0.61,$0.85,2.67,$-0.82,0.0,$0.06,37.83,$0.09B,$0.01B,9.17,$0.00B,$0.16B,0.01,$0.04B,$0.02B,41.67%,$0.04B,$0.01B,22.22%,$0.04B,$0.01B,22.22%,$0.04B,$0.02B,52.78%,$0.04B,$0.01B,22.22%,$0.04B,$0.00B,5.56%,$0.00B,$0.16B,1.25%,$0.00B,$0.16B,1.27%,$0.00B,$0.17B,1.13%,$0.01B,$0.16B,4.97%,$14,$4,$10,$0,$4,$14,$-0,$0,$-0,$0,$-0,$-0,$-1,$1,$-0,$43,43,$-0.01,$-0.01,$88,$0,$0,$94,$70,$2,$1,$4,$78,$172,$10,$1,$0,$3,$13,$0,$-76,$0,$159,$172,$-4,$4,$11,$15,$-1,$-0,$0,$-6,$-8,$3,$-5,$0,$0,$-114,$81,$-34,$-0,$-39,$0,$0,$0,$0,$0,$0,$0,$0,$-36,$2,$0
33,2010-06-30,1.82,$3.73,0.49,$0.69,2.64,$-1.30,0.0,$0.04,45.5,$0.10B,$0.01B,7.98,$0.00B,$0.16B,0.01,$0.03B,$0.00B,3.45%,$0.03B,$0.01B,24.14%,$0.03B,$0.01B,24.14%,$0.03B,$0.03B,89.66%,$0.03B,$0.01B,24.14%,$0.03B,$0.00B,6.90%,$0.00B,$0.16B,1.26%,$0.00B,$0.16B,1.28%,$0.00B,$0.18B,1.12%,$0.01B,$0.16B,4.38%,$8,$3,$4,$0,$4,$8,$0,$0,$0,$0,$0,$0,$-3,$1,$0,$43,43,$-0.08,$-0.08,$89,$0,$0,$95,$75,$2,$2,$4,$83,$178,$12,$1,$0,$7,$19,$0,$-75,$0,$159,$178,$-4,$3,$4,$7,$-1,$0,$0,$-0,$-2,$1,$-3,$0,$0,$-92,$44,$-48,$-0,$-51,$0,$0,$0,$0,$0,$0,$0,$0,$-50,$1,$0
34,2010-03-31,2.15,$3.78,0.57,$0.67,3.23,$-1.54,0.0,$0.11,19.55,$0.10B,$0.01B,8.23,$0.00B,$0.16B,0.01,$0.03B,0,0.00%,$0.03B,$0.01B,21.43%,$0.03B,$0.01B,21.43%,$0.03B,$0.03B,89.29%,$0.03B,$0.01B,21.43%,$0.03B,$0.01B,17.86%,$0.01B,$0.16B,3.18%,$0.01B,$0.16B,3.24%,$0.01B,$0.18B,2.80%,$0.01B,$0.16B,3.79%,$7,$3,$4,$0,$4,$8,$-0,$-0,$-0,$0,$-0,$-0,$-1,$1,$-0,$43,43,$-0.02,$-0.02,$91,$0,$1,$98,$73,$0,$2,$7,$82,$180,$12,$1,$0,$7,$19,$0,$-72,$0,$161,$180,$-1,$2,$0,$2,$-1,$-0,$0,$-0,$-2,$-1,$-1,$0,$0,$-66,$26,$-40,$0,$-41,$0,$0,$0,$0,$0,$0,$0,$0,$-42,$0,$0
35,2009-12-31,2.7,$3.79,0.71,$0.65,4.15,$-1.70,0.0,$-0.09,0.0,$0.10B,$0.01B,7.84,$0.00B,$0.16B,0.01,$0.03B,$-0.00B,-3.57%,$0.03B,$-0.00B,-10.71%,$0.03B,$-0.00B,-10.71%,$0.03B,$0.02B,60.71%,$0.03B,$-0.00B,-10.71%,$0.03B,$-0.00B,-10.71%,$-0.00B,$0.16B,-1.93%,$-0.00B,$0.16B,-1.97%,$-0.00B,$0.18B,-1.69%,$-0.00B,$0.16B,-1.91%,$7,$10,$-3,$0,$4,$-1,$8,$-0,$8,$0,$8,$8,$7,$16,$8,$42,42,$0.18,$0.18,$92,$0,$1,$98,$73,$0,$3,$7,$83,$181,$13,$1,$0,$8,$20,$0,$-71,$0,$161,$181,$-3,$19,$3,$22,$-1,$0,$0,$-1,$-1,$3,$-32,$0,$0,$-26,$0,$-26,$46,$-13,$0,$0,$0,$0,$0,$0,$0,$0,$-10,$2,$0
36,2009-09-30,2.72,$3.61,0.75,$0.65,4.17,$-1.87,0.0,$-0.31,0.0,$0.09B,$0.02B,6.3,$0.00B,$0.15B,0.01,$0.03B,$0.01B,21.43%,$0.03B,$-0.01B,-39.29%,$0.03B,$-0.01B,-39.29%,$0.03B,$0.00B,7.14%,$0.03B,$-0.01B,-42.86%,$0.03B,$-0.01B,-42.86%,$-0.01B,$0.15B,-7.69%,$-0.01B,$0.15B,-7.86%,$-0.01B,$0.18B,-6.67%,$-0.01B,$0.16B,-7.00%,$7,$11,$-4,$0,$4,$8,$-1,$-0,$-1,$0,$-1,$-1,$-1,$8,$-1,$42,42,$-0.03,$-0.03,$55,$0,$1,$92,$74,$0,$3,$7,$84,$176,$15,$1,$0,$8,$23,$0,$-79,$0,$153,$176,$-11,$12,$2,$14,$-0,$0,$0,$0,$0,$3,$-26,$0,$0,$0,$0,$0,$-1,$-26,$0,$0,$0,$0,$0,$0,$0,$0,$-23,$1,$0
37,2009-06-30,1.76,$3.63,0.49,$0.66,2.65,$-1.86,0.0,$-0.30,0.0,$0.07B,$0.01B,5.24,$0.00B,$0.15B,0.01,$0.03B,$0.01B,48.28%,$0.03B,$-0.01B,-37.93%,$0.03B,$-0.01B,-37.93%,$0.03B,$-0.01B,-20.69%,$0.03B,$-0.01B,-37.93%,$0.03B,$-0.01B,-41.38%,$-0.01B,$0.15B,-7.58%,$-0.01B,$0.15B,-7.70%,$-0.01B,$0.18B,-6.49%,$-0.01B,$0.16B,-6.91%,$7,$3,$3,$0,$4,$8,$-1,$0,$-1,$0,$-1,$-1,$-0,$0,$-1,$42,42,$-0.01,$-0.01,$66,$0,$1,$74,$93,$0,$3,$6,$102,$177,$14,$1,$0,$9,$23,$0,$-77,$-0,$154,$177,$-9,$3,$8,$11,$-0,$0,$0,$1,$0,$2,$-14,$0,$0,$0,$0,$0,$-0,$-14,$0,$0,$0,$0,$0,$0,$0,$0,$-12,$1,$0
38,2009-03-31,1.47,$3.64,0.4,$0.67,2.2,$-1.84,0.0,$-0.31,0.0,$0.08B,$0.01B,6.04,$0.00B,$0.15B,0.01,$0.03B,$0.02B,51.72%,$0.03B,$-0.01B,-37.93%,$0.03B,$-0.01B,-37.93%,$0.03B,$-0.01B,-20.69%,$0.03B,$-0.01B,-34.48%,$0.03B,$-0.01B,-44.83%,$-0.01B,$0.15B,-8.13%,$-0.01B,$0.15B,-8.28%,$-0.01B,$0.18B,-6.91%,$-0.01B,$0.16B,-6.82%,$7,$3,$3,$0,$5,$15,$-9,$-0,$-9,$0,$-9,$-9,$-9,$-7,$-9,$42,42,$-0.22,$-0.22,$69,$2,$0,$79,$87,$0,$4,$5,$97,$176,$13,$1,$0,$9,$22,$0,$-77,$0,$154,$176,$-9,$1,$8,$9,$-1,$0,$0,$0,$-1,$-1,$-7,$0,$0,$0,$0,$0,$-0,$-7,$0,$0,$0,$0,$0,$0,$0,$0,$-8,$0,$0
39,2008-12-31,2.16,$3.87,0.56,$0.65,3.32,$-1.68,0.0,$-0.10,0.0,$0.09B,$0.02B,4.45,$0.00B,$0.16B,0.01,$0.03B,$0.02B,53.57%,$0.03B,$-0.00B,-10.71%,$0.03B,$-0.00B,-10.71%,$0.03B,0,0.00%,$0.03B,$-0.00B,-7.14%,$0.03B,$-0.01B,-17.86%,$-0.01B,$0.16B,-3.09%,$-0.01B,$0.16B,-3.16%,$-0.01B,$0.19B,-2.64%,$-0.00B,$0.16B,-1.84%,$7,$3,$4,$0,$5,$7,$-0,$-1,$-1,$0,$-1,$-1,$-2,$1,$-0,$42,42,$-0.06,$-0.06,$77,$0,$2,$87,$93,$0,$4,$8,$105,$191,$19,$1,$0,$9,$28,$0,$-68,$0,$163,$191,$-4,$3,$3,$6,$2,$0,$0,$0,$2,$4,$-40,$0,$0,$0,$0,$0,$-6,$-46,$0,$0,$0,$0,$0,$0,$-0,$0,$-40,$4,$0
40,2008-09-30,4.93,$3.84,1.28,$0.48,10.34,$-1.22,0.0,$-0.02,0.0,$0.10B,$0.02B,4.04,$0.00B,$0.16B,0.01,$0.02B,$0.02B,71.43%,$0.02B,$-0.00B,-9.52%,$0.02B,$-0.00B,-9.52%,$0.02B,$0.00B,4.76%,$0.02B,$0.00B,4.76%,$0.02B,$-0.00B,-9.52%,$-0.00B,$0.16B,-1.24%,$-0.00B,$0.16B,-1.27%,$-0.00B,$0.20B,-1.07%,$-0.00B,$0.16B,-1.23%,$8,$3,$4,$0,$5,$8,$-1,$0,$-0,$0,$-0,$-0,$-1,$0,$-1,$42,42,$-0.02,$-0.02,$88,$2,$0,$96,$86,$0,$0,$7,$100,$196,$24,$1,$0,$10,$34,$0,$-66,$-1,$162,$196,$-2,$2,$2,$4,$1,$0,$0,$1,$3,$5,$-27,$0,$0,$0,$0,$0,$-6,$-32,$0,$0,$0,$0,$0,$0,$-0,$0,$-27,$3,$0
41,2008-06-30,5.7,$3.84,1.49,$0.46,12.27,$-1.01,0.0,$-0.01,0.0,$0.11B,$0.02B,6.32,$0.00B,$0.16B,0.01,$0.02B,$0.01B,65.00%,$0.02B,$-0.00B,-15.00%,$0.02B,$-0.00B,-15.00%,$0.02B,0,0.00%,$0.02B,$0.00B,5.00%,$0.02B,$-0.00B,-5.00%,$-0.00B,$0.16B,-0.62%,$-0.00B,$0.16B,-0.65%,$-0.00B,$0.19B,-0.54%,$-0.00B,$0.16B,-1.85%,$7,$3,$4,$0,$5,$8,$-1,$0,$-0,$0,$-0,$-1,$-1,$-0,$-1,$42,42,$-0.02,$-0.02,$99,$3,$0,$108,$69,$0,$5,$7,$81,$189,$17,$1,$0,$11,$28,$0,$-65,$-1,$161,$189,$-1,$1,$0,$2,$0,$0,$0,$2,$3,$3,$-14,$0,$0,$0,$0,$0,$-6,$-20,$0,$0,$0,$0,$0,$0,$-0,$0,$-17,$2,$0
42,2008-03-31,4.96,$3.85,1.29,$0.47,10.51,$-0.98,0.0,$-0.02,0.0,$0.12B,$0.02B,7.07,$0.00B,$0.16B,0.01,$0.02B,$0.01B,55.00%,$0.02B,$-0.01B,-25.00%,$0.02B,$-0.01B,-25.00%,$0.02B,$-0.00B,-10.00%,$0.02B,0,0.00%,$0.02B,$-0.00B,-5.00%,$-0.00B,$0.16B,-0.63%,$-0.00B,$0.16B,-0.65%,$-0.00B,$0.18B,-0.55%,$-0.01B,$0.16B,-3.11%,$6,$3,$3,$0,$4,$7,$-1,$1,$-1,$0,$-1,$-1,$-1,$-1,$-1,$42,42,$-0.01,$-0.01,$114,$4,$0,$123,$51,$1,$5,$1,$59,$182,$17,$1,$0,$3,$21,$0,$-64,$-1,$161,$182,$-1,$1,$-0,$1,$1,$-1,$0,$1,$0,$0,$-1,$0,$0,$0,$0,$0,$0,$-1,$0,$0,$0,$0,$0,$0,$-0,$0,$-1,$1,$0
43,2007-12-31,6.29,$3.86,1.63,$0.49,12.78,$-1.01,0.0,$-0.09,0.0,$0.13B,$0.02B,6.89,$0.00B,$0.16B,0.01,$0.02B,$0.01B,50.00%,$0.02B,$-0.01B,-40.00%,$0.02B,$-0.01B,-40.00%,$0.02B,$-0.01B,-25.00%,$0.02B,$-0.00B,-10.00%,$0.02B,$-0.00B,-15.00%,$-0.00B,$0.16B,-1.98%,$-0.00B,$0.16B,-2.06%,$-0.00B,$0.18B,-1.72%,$-0.01B,$0.16B,-5.24%,$-0,$-5,$4,$-0,$4,$-1,$1,$1,$2,$0,$2,$2,$1,$2,$1,$40,40,$0.03,$0.03,$116,$3,$0,$125,$50,$0,$6,$1,$57,$182,$18,$1,$0,$3,$21,$0,$-63,$-1,$161,$182,$-4,$3,$6,$9,$-2,$1,$0,$-0,$-2,$4,$-20,$0,$-0,$39,$0,$39,$0,$19,$0,$0,$0,$32,$32,$0,$-1,$31,$53,$4,$0
44,2007-09-30,7.53,$3.84,1.96,$1.10,6.87,$-3.55,0.0,$-0.42,0.0,$0.13B,$0.01B,9.46,$0.00B,$0.16B,0.01,$0.03B,$0.01B,30.77%,$0.03B,$-0.01B,-53.85%,$0.03B,$-0.01B,-53.85%,$0.03B,$-0.01B,-42.31%,$0.03B,$-0.01B,-30.77%,$0.03B,$-0.02B,-73.08%,$-0.02B,$0.16B,-13.22%,$-0.02B,$0.15B,-13.84%,$-0.02B,$0.18B,-11.43%,$-0.01B,$0.16B,-9.67%,$7,$4,$2,$0,$4,$9,$-2,$2,$-0,$0,$-0,$-0,$-0,$-1,$-2,$41,41,$-0.01,$-0.01,$120,$3,$0,$129,$47,$0,$6,$0,$53,$182,$14,$1,$0,$10,$23,$0,$-65,$-1,$159,$182,$-5,$2,$4,$6,$0,$0,$0,$1,$2,$3,$-15,$0,$0,$30,$0,$30,$0,$14,$0,$0,$0,$32,$32,$0,$-1,$32,$49,$4,$0
