,Date,Stock Price,Book Value per Share,Price to Book Ratio,TTM Sales per Share,Price to Sales Ratio,TTM FCF per Share,Price to FCF Ratio,TTM Net EPS,PE Ratio,Current Assets,Current Liabilities,Current Ratio,Long Term Debt,Shareholder's Equity_x,Debt to Equity Ratio,TTM Revenue_x,TTM Gross Profit,Gross Margin,TTM Revenue_y,TTM Operating Income,Operating Margin,TTM Revenue_x,TTM EBIT,EBIT Margin,TTM Revenue_y,TTM EBITDA,EBITDA Margin,TTM Revenue_x,TTM Pre-Tax Income,Pre-Tax Margin,TTM Revenue_y,TTM Net Income_x,Net Margin,TTM Net Income_y,Shareholder's Equity_y,Return on Equity,TTM Net Income_x,Tangible Equity,Return on Tangible Equity,TTM Net Income_y,Total Assets,Return on Assets,TTM Net Income,LT Investments & Debt,Return on Investment,revenue,cost-goods-sold,gross-profit,research-development-expenses,selling-general-administrative-expenses,operating-expenses,operating-income,total-non-operating-income-expense,pre-tax-income,total-provision-income-taxes,income-after-taxes,income-from-continuous-operations,net-income,ebitda,ebit,basic-shares-outstanding,shares-outstanding,eps-basic-net-earnings-per-share,eps-earnings-per-share-diluted,cash-on-hand,inventory,other-current-assets,total-current-assets,net-property-plant-equipment,long-term-investments,goodwill-intangible-assets-total,other-long-term-assets,total-long-term-assets,total-assets,total-current-liabilities,long-term-debt,other-non-current-liabilities,total-long-term-liabilities,total-liabilities,common-stock-net,retained-earnings-accumulated-deficit,comprehensive-income,total-share-holder-equity,total-liabilities-share-holders-equity,net-income-loss,total-depreciation-amortization-cash-flow,other-non-cash-items,total-non-cash-items,change-in-accounts-receivable,change-in-inventories,change-in-accounts-payable,change-in-assets-liabilities,total-change-in-assets-liabilities,cash-flow-from-operating-activities,net-change-in-property-plant-equipment,net-change-in-intangible-assets,net-acquisitions-divestitures,net-change-in-short-term-investments,net-change-in-long-term-investments,net-change-in-investments-total,investing-activities-other,cash-flow-from-investing-activities,net-long-term-debt,net-current-debt,debt-issuance-retirement-net-total,net-common-equity-issued-repurchased,net-total-equity-issued-repurchased,total-common-preferred-stock-dividends-paid,financial-activities-other,cash-flow-from-financial-activities,net-cash-flow,stock-based-compensation,common-stock-dividends-paid
0,2018-08-31,48.58,$10.12,4.8,$9.59,5.07,$8.56,5.68,$0.93,52.24,$67.01B,$19.56B,3.43,$54.39B,$38.56B,1.41,$39.92B,$31.81B,79.69%,$39.92B,$13.71B,34.34%,$39.92B,$13.71B,34.34%,$39.92B,$16.52B,41.38%,$39.92B,$12.93B,32.39%,$39.92B,$3.95B,9.88%,$3.95B,$38.56B,8.31%,$3.95B,$-11.43B,-165.52%,$3.95B,$128.36B,2.91%,$13.71B,$92.95B,13.22%,$9193,$1953,$7240,$1564,$2360,$6415,$2778,$-238,$2540,$275,$2265,$2265,$2265,$3498,$2778,$3904,3999,$0.58,$0.57,$60094,$0,$0,$67009,$5918,$0,$49997,$4001,$61349,$128358,$19562,$54386,$15846,$70232,$89794,$27811,$12022,$-1766,$38564,$128358,$2265,$720,$376,$1096,$1390,$0,$0,$2522,$3361,$6722,$-383,$0,$-50,$3965,$0,$3965,$0,$3532,$-2500,$0,$-2500,$-10055,$-10055,$-742,$-36,$-13333,$-3165,$436,$-742
1,2018-05-31,46.54,$11.73,3.97,$9.42,4.94,$8.40,5.54,$0.88,52.88,$76.16B,$19.12B,3.98,$56.13B,$46.87B,1.2,$39.83B,$31.75B,79.71%,$39.83B,$13.68B,34.34%,$39.83B,$13.68B,34.34%,$39.83B,$16.46B,41.33%,$39.83B,$12.89B,32.36%,$39.83B,$3.83B,9.60%,$3.83B,$46.87B,7.36%,$3.83B,$-3.55B,189.90%,$3.83B,$137.85B,2.79%,$13.68B,$103.00B,12.83%,$11335,$2186,$9149,$1546,$2636,$6884,$4451,$-227,$4224,$752,$3472,$3472,$3472,$5153,$4451,$4121,4238,$0.85,$0.86,$67261,$0,$0,$76159,$5897,$0,$50425,$3975,$61692,$137851,$19124,$56128,$15726,$71854,$90978,$28950,$19111,$-1689,$46873,$137851,$3825,$2785,$1116,$3901,$-117,$0,$0,$-102,$7660,$15386,$-1736,$0,$-1724,$-2165,$0,$-2165,$0,$-5625,$2643,$0,$2643,$-9451,$-9451,$-3140,$-34,$-9982,$-164,$1607,$-3140
2,2018-02-28,50.26,$11.79,4.26,$9.33,5.39,$8.05,6.25,$0.82,61.3,$77.73B,$17.97B,4.33,$56.22B,$48.27B,1.17,$39.39B,$31.49B,79.95%,$39.39B,$13.30B,33.77%,$39.39B,$13.30B,33.77%,$39.39B,$16.10B,40.88%,$39.39B,$12.43B,31.55%,$39.39B,$3.59B,9.10%,$3.59B,$48.27B,6.66%,$3.59B,$-1.09B,94.77%,$3.59B,$138.20B,2.63%,$13.30B,$104.50B,12.49%,$9771,$2002,$7769,$1498,$2373,$6361,$3410,$-110,$3300,$7324,$-4024,$-4024,$-4024,$4109,$3410,$4122,4122,$-0.98,$-0.98,$70455,$496,$0,$77732,$5904,$0,$49365,$3385,$60469,$138201,$17968,$56224,$15737,$71961,$89929,$29048,$20037,$-1296,$48272,$138201,$418,$2083,$535,$2618,$1484,$-195,$0,$-437,$7690,$10726,$-1358,$0,$0,$-7427,$0,$-7427,$0,$-8785,$2645,$0,$2645,$-4772,$-4772,$-2362,$-34,$-4523,$-2297,$1211,$-2362
3,2017-11-30,48.48,$13.59,3.57,$9.14,5.3,$7.72,6.28,$2.33,20.81,$78.55B,$15.49B,5.07,$58.17B,$56.30B,1.03,$38.82B,$31.03B,79.94%,$38.82B,$12.85B,33.10%,$38.82B,$12.85B,33.10%,$38.82B,$15.61B,40.21%,$38.82B,$11.83B,30.46%,$38.82B,$9.85B,25.37%,$9.85B,$56.30B,18.08%,$9.85B,$6.54B,232.33%,$9.85B,$138.76B,7.39%,$12.85B,$114.47B,12.15%,$9621,$1965,$7656,$1475,$2403,$6552,$3069,$-202,$2867,$634,$2233,$2233,$2233,$3757,$3069,$4160,4283,$0.54,$0.52,$71580,$436,$0,$78545,$5868,$0,$49758,$3369,$60217,$138762,$15494,$58170,$8798,$66968,$82462,$28474,$28296,$-902,$56300,$138762,$4442,$1384,$998,$2382,$1529,$-135,$0,$-206,$592,$7416,$-1072,$0,$0,$-6456,$0,$-6456,$0,$-7528,$2645,$0,$2645,$-1535,$-1535,$-1579,$-34,$-503,$-474,$822,$-1579
4,2017-08-31,49.54,$13.51,3.67,$9.05,5.47,$7.64,6.48,$2.29,21.63,$73.34B,$20.23B,3.63,$48.29B,$56.37B,0.86,$38.24B,$30.62B,80.07%,$38.24B,$12.82B,33.52%,$38.24B,$12.82B,33.52%,$38.24B,$15.43B,40.36%,$38.24B,$11.64B,30.45%,$38.24B,$9.65B,25.23%,$9.65B,$56.37B,18.33%,$9.65B,$6.16B,419.12%,$9.65B,$133.60B,7.46%,$12.82B,$104.66B,12.57%,$9104,$1928,$7176,$1572,$2308,$6355,$2749,$-249,$2500,$356,$2144,$2144,$2144,$3445,$2749,$4156,4284,$0.52,$0.50,$66897,$312,$0,$73335,$5586,$0,$50206,$3289,$60262,$133597,$20226,$48293,$8712,$57005,$77231,$28089,$28586,$-716,$56366,$133597,$2144,$696,$592,$1288,$1804,$0,$0,$2068,$3134,$6566,$-473,$0,$0,$-1345,$0,$-1345,$0,$-1818,$-4800,$0,$-4800,$181,$181,$-788,$-34,$-5441,$-463,$403,$-788
5,2017-05-31,44.51,$13.11,3.39,$8.96,4.97,$7.54,5.9,$2.20,20.23,$74.52B,$24.18B,3.08,$48.11B,$54.25B,0.89,$37.73B,$30.26B,80.20%,$37.73B,$12.71B,33.69%,$37.73B,$12.71B,33.69%,$37.73B,$15.16B,40.19%,$37.73B,$11.52B,30.53%,$37.73B,$9.34B,24.74%,$9.34B,$54.25B,18.49%,$9.34B,$3.52B,357.73%,$9.34B,$134.99B,7.36%,$12.71B,$102.36B,12.58%,$10893,$2004,$8889,$1608,$2631,$6820,$4073,$-312,$3761,$529,$3232,$3232,$3232,$4792,$4073,$4115,4217,$0.78,$0.77,$66078,$0,$0,$74515,$5315,$0,$50724,$3294,$60476,$134991,$24178,$48112,$8455,$56567,$80745,$27065,$27598,$-803,$54246,$134991,$9335,$2451,$1116,$3567,$18,$0,$0,$511,$1224,$14126,$-2021,$0,$-11221,$-8252,$0,$-8252,$0,$-21494,$13638,$0,$13638,$-1663,$-1663,$-2631,$-258,$9086,$1632,$1350,$-2631
6,2017-02-28,41.58,$12.40,3.35,$8.84,4.7,$7.57,5.49,$2.10,19.8,$66.01B,$15.79B,4.18,$50.47B,$51.02B,0.99,$37.43B,$30.03B,80.22%,$37.43B,$12.61B,33.68%,$37.43B,$12.61B,33.68%,$37.43B,$14.92B,39.86%,$37.43B,$11.49B,30.69%,$37.43B,$8.92B,23.83%,$8.92B,$51.02B,18.25%,$8.92B,$0.73B,235.10%,$8.92B,$125.38B,7.36%,$12.61B,$101.49B,12.94%,$9205,$1892,$7313,$1521,$2245,$6246,$2959,$-261,$2698,$459,$2239,$2239,$2239,$3615,$2959,$4107,4204,$0.55,$0.53,$59352,$391,$0,$66011,$5070,$0,$50292,$3091,$59371,$125382,$15790,$50469,$8100,$58569,$74359,$25970,$25576,$-931,$51023,$125382,$6103,$1732,$1224,$2956,$1673,$-178,$0,$-22,$601,$9660,$-1496,$0,$-10406,$-3746,$0,$-3746,$0,$-15648,$9838,$0,$9838,$-1995,$-1995,$-1844,$-200,$5799,$-404,$1017,$-1844
7,2016-11-30,39.09,$11.90,3.28,$8.77,4.46,$7.72,5.06,$2.07,18.88,$64.73B,$16.35B,3.96,$50.49B,$48.85B,1.03,$37.24B,$29.89B,80.26%,$37.24B,$12.67B,34.03%,$37.24B,$12.67B,34.03%,$37.24B,$14.95B,40.16%,$37.24B,$11.52B,30.94%,$37.24B,$8.82B,23.69%,$8.82B,$48.85B,18.49%,$8.82B,$-1.21B,166.08%,$8.82B,$123.60B,7.61%,$12.67B,$99.33B,13.53%,$9035,$1797,$7238,$1510,$2263,$5998,$3037,$-352,$2685,$653,$2032,$2032,$2032,$3580,$3037,$4104,4195,$0.50,$0.48,$58206,$327,$0,$64734,$4882,$0,$50051,$3038,$58866,$123600,$16347,$50489,$7919,$58408,$74755,$25159,$24375,$-1072,$48845,$123600,$3864,$1076,$834,$1910,$1680,$-116,$0,$113,$1187,$6961,$-1056,$0,$-9854,$-4010,$0,$-4010,$0,$-14920,$10182,$0,$10182,$-2011,$-2011,$-1232,$-200,$6739,$-1560,$646,$-1232
8,2016-08-31,39.94,$11.65,3.43,$8.70,4.59,$7.64,5.22,$2.10,19.02,$74.45B,$15.14B,4.92,$53.06B,$47.83B,1.11,$37.19B,$29.79B,80.09%,$37.19B,$12.59B,33.85%,$37.19B,$12.59B,33.85%,$37.19B,$14.96B,40.23%,$37.19B,$11.51B,30.93%,$37.19B,$8.99B,24.16%,$8.99B,$47.83B,19.09%,$8.99B,$7.39B,123.89%,$8.99B,$123.22B,8.05%,$12.59B,$100.89B,13.93%,$8595,$1776,$6819,$1520,$2234,$5954,$2641,$-268,$2373,$541,$1832,$1832,$1832,$3174,$2641,$4119,4221,$0.44,$0.43,$68396,$286,$0,$74451,$4108,$0,$40441,$3081,$48772,$123223,$15142,$53057,$7192,$60249,$75391,$24588,$23380,$-533,$47832,$123223,$1832,$533,$503,$1036,$1993,$-75,$0,$2196,$3007,$5875,$-299,$0,$-1143,$-3761,$0,$-3761,$0,$-5203,$10182,$0,$10182,$-1685,$-1685,$-618,$-167,$7712,$8462,$319,$-618
9,2016-05-31,38.81,$11.57,3.35,$8.58,4.52,$7.56,5.14,$2.07,18.75,$64.31B,$17.21B,3.74,$40.11B,$47.79B,0.84,$37.05B,$29.57B,79.81%,$37.05B,$12.60B,34.02%,$37.05B,$12.60B,34.02%,$37.05B,$15.11B,40.79%,$37.05B,$11.44B,30.89%,$37.05B,$8.90B,24.03%,$8.90B,$47.79B,18.94%,$8.90B,$8.26B,122.47%,$8.90B,$112.18B,8.22%,$12.60B,$87.90B,14.48%,$10594,$1937,$8657,$1534,$2628,$6626,$3968,$-236,$3732,$917,$2815,$2815,$2815,$4551,$3968,$4221,4305,$0.68,$0.66,$56125,$212,$0,$64313,$4000,$0,$39533,$3043,$47867,$112180,$17208,$40105,$7077,$47182,$64390,$24217,$23888,$-816,$47790,$112180,$8901,$2509,$1205,$3714,$96,$0,$0,$674,$1070,$13685,$-1189,$0,$-650,$-3315,$0,$-3315,$0,$-5154,$1750,$0,$1750,$-9104,$-9104,$-2541,$-85,$-9980,$-1564,$1037,$-2541
10,2016-02-29,35.37,$11.15,3.17,$8.49,4.16,$7.58,4.67,$2.03,17.42,$57.07B,$11.83B,4.83,$40.11B,$46.34B,0.87,$37.16B,$29.56B,79.56%,$37.16B,$12.62B,33.96%,$37.16B,$12.62B,33.96%,$37.16B,$15.26B,41.07%,$37.16B,$11.41B,30.70%,$37.16B,$8.84B,23.80%,$8.84B,$46.34B,18.69%,$8.84B,$6.80B,120.23%,$8.84B,$104.89B,8.19%,$12.62B,$86.44B,14.45%,$9012,$1839,$7173,$1419,$2193,$5985,$3027,$-295,$2732,$590,$2142,$2142,$2142,$3649,$3027,$4182,4256,$0.51,$0.50,$50767,$212,$0,$57069,$4011,$0,$39533,$2899,$47825,$104894,$11825,$40106,$6627,$46733,$58558,$23526,$23390,$-1046,$46336,$104894,$6087,$1926,$929,$2855,$1746,$87,$0,$119,$950,$9892,$-1009,$0,$-313,$-2704,$0,$-2704,$0,$-4026,$-2000,$0,$-2000,$-7747,$-7747,$-1918,$-85,$-11750,$-6133,$768,$-1918
11,2015-11-30,37.32,$11.01,3.39,$8.45,4.42,$7.55,4.94,$2.09,17.86,$58.62B,$13.75B,4.26,$39.94B,$46.33B,0.86,$37.47B,$29.82B,79.57%,$37.47B,$12.98B,34.62%,$37.47B,$12.98B,34.62%,$37.47B,$15.70B,41.90%,$37.47B,$11.83B,31.56%,$37.47B,$9.20B,24.54%,$9.20B,$46.33B,19.21%,$9.20B,$6.56B,122.70%,$9.20B,$106.48B,8.64%,$12.98B,$86.27B,15.19%,$8993,$1853,$7140,$1444,$2230,$6038,$2955,$-287,$2668,$471,$2197,$2197,$2197,$3588,$2955,$4239,4316,$0.52,$0.51,$52335,$238,$0,$58618,$3855,$0,$39770,$2899,$47865,$106483,$13754,$39940,$6457,$46397,$60151,$23426,$23737,$-1239,$46332,$106483,$3945,$1304,$648,$1952,$1614,$61,$0,$152,$500,$6397,$-641,$0,$-147,$-2550,$0,$-2550,$0,$-3338,$0,$0,$0,$-5695,$-5695,$-1286,$-85,$-7066,$-4305,$507,$-1286
12,2015-08-31,35.38,$11.10,3.19,$8.50,4.16,$7.86,4.5,$2.14,16.53,$62.12B,$15.39B,4.04,$40.05B,$47.54B,0.84,$38.08B,$30.38B,79.78%,$38.08B,$13.56B,35.62%,$38.08B,$13.56B,35.62%,$38.08B,$16.39B,43.04%,$38.08B,$12.43B,32.63%,$38.08B,$9.50B,24.95%,$9.50B,$47.54B,19.68%,$9.50B,$7.45B,123.27%,$9.50B,$109.71B,9.10%,$13.56B,$87.59B,16.15%,$8448,$1850,$6598,$1390,$1988,$5794,$2654,$-344,$2310,$563,$1747,$1747,$1747,$3325,$2654,$4317,4412,$0.40,$0.40,$55930,$251,$0,$62122,$3896,$0,$40088,$2811,$47584,$109706,$15391,$40050,$6727,$46777,$62168,$23272,$24964,$-1139,$47538,$109706,$1747,$671,$370,$1041,$2150,$50,$0,$2450,$3093,$5881,$-446,$0,$0,$-7025,$0,$-7025,$0,$-7471,$0,$0,$0,$-2620,$-2620,$-650,$-25,$-3295,$-4977,$253,$-650
13,2015-05-31,41.33,$11.31,3.66,$8.47,4.88,$8.06,5.13,$2.22,18.62,$62.52B,$15.21B,4.11,$39.96B,$49.10B,0.81,$38.23B,$30.69B,80.30%,$38.23B,$13.87B,36.29%,$38.23B,$13.87B,36.29%,$38.23B,$16.73B,43.77%,$38.23B,$12.83B,33.57%,$38.23B,$9.94B,26.00%,$9.94B,$49.10B,20.54%,$9.94B,$8.61B,110.43%,$9.94B,$110.90B,9.75%,$13.87B,$89.06B,16.88%,$10705,$2052,$8653,$1436,$2490,$6722,$3983,$-286,$3697,$940,$2757,$2757,$2757,$4700,$3983,$4404,4503,$0.63,$0.61,$54368,$314,$0,$62520,$3686,$0,$40493,$2746,$48383,$110903,$15206,$39959,$6640,$46599,$61805,$23156,$26503,$-996,$49098,$110903,$9938,$2861,$768,$3629,$208,$-96,$0,$268,$1013,$14580,$-1391,$0,$-6239,$-11417,$0,$-11417,$0,$-19047,$18342,$0,$18342,$-6285,$-6285,$-2255,$-196,$9606,$3947,$933,$-2255
14,2015-02-28,41.5,$11.10,3.74,$8.55,4.85,$8.24,5.03,$2.40,17.29,$51.29B,$13.79B,3.72,$30.26B,$48.53B,0.62,$38.84B,$31.43B,80.91%,$38.84B,$14.80B,38.10%,$38.84B,$14.80B,38.10%,$38.84B,$17.67B,45.48%,$38.84B,$13.73B,35.34%,$38.84B,$10.83B,27.87%,$10.83B,$48.53B,22.57%,$10.83B,$7.36B,110.90%,$10.83B,$98.82B,11.19%,$14.80B,$78.79B,19.11%,$9327,$1900,$7427,$1370,$2091,$5944,$3383,$-233,$3150,$655,$2495,$2495,$2495,$4087,$3383,$4389,4494,$0.57,$0.56,$43777,$285,$0,$51294,$3335,$0,$41170,$2343,$47522,$98816,$13792,$30258,$6234,$36492,$50284,$22694,$26165,$-764,$48532,$98816,$7181,$2144,$446,$2590,$1867,$-78,$0,$66,$282,$10053,$-794,$0,$-6232,$-8297,$0,$-8297,$0,$-15323,$8445,$0,$8445,$-4634,$-4634,$-1600,$-29,$2182,$-4068,$689,$-1600
15,2014-11-30,40.06,$10.91,3.67,$8.51,4.7,$8.38,4.78,$2.40,16.69,$52.04B,$11.99B,4.34,$32.46B,$47.96B,0.68,$38.82B,$31.53B,81.23%,$38.82B,$14.98B,38.59%,$38.82B,$14.98B,38.59%,$38.82B,$17.86B,45.99%,$38.82B,$13.83B,35.61%,$38.82B,$10.90B,28.07%,$10.90B,$47.96B,23.11%,$10.90B,$7.41B,106.20%,$10.90B,$98.31B,11.63%,$14.98B,$80.42B,20.05%,$9598,$1899,$7699,$1389,$2169,$6056,$3542,$-273,$3269,$767,$2502,$2502,$2502,$4275,$3542,$4417,4505,$0.57,$0.56,$44733,$208,$0,$52040,$3169,$0,$40550,$2119,$46265,$98305,$11985,$32456,$5902,$38358,$50343,$22039,$25972,$-468,$47962,$98305,$4685,$1440,$299,$1739,$1813,$14,$0,$209,$1366,$7790,$-426,$0,$-5122,$-7361,$0,$-7361,$0,$-12909,$8445,$0,$8445,$-3187,$-3187,$-1070,$-122,$4066,$-1616,$455,$-1070
16,2014-08-31,39.1,$10.80,3.62,$8.40,4.66,$8.30,4.71,$2.40,16.29,$58.19B,$13.38B,4.35,$32.57B,$47.93B,0.68,$38.50B,$31.30B,81.31%,$38.50B,$14.85B,38.57%,$38.50B,$14.85B,38.57%,$38.50B,$17.72B,46.02%,$38.50B,$13.76B,35.74%,$38.50B,$10.95B,28.44%,$10.95B,$47.93B,23.71%,$10.95B,$12.62B,102.06%,$10.95B,$99.73B,12.10%,$14.85B,$80.50B,20.83%,$8596,$1681,$6915,$1329,$1982,$5633,$2963,$-245,$2718,$534,$2184,$2184,$2184,$3670,$2963,$4451,4548,$0.49,$0.48,$51616,$179,$0,$58194,$3086,$0,$35312,$2218,$41532,$99726,$13377,$32567,$5851,$38418,$51795,$21709,$25838,$-193,$47931,$99726,$2184,$707,$238,$945,$2506,$10,$0,$2091,$3599,$6728,$-201,$0,$-37,$-6462,$0,$-6462,$0,$-6700,$8445,$0,$8445,$-1412,$-1412,$-537,$24,$6520,$6410,$215,$-537
17,2014-05-31,39.45,$10.63,3.71,$8.30,4.75,$8.18,4.82,$2.39,16.51,$48.13B,$14.39B,3.35,$22.59B,$47.45B,0.48,$38.28B,$31.04B,81.09%,$38.28B,$14.76B,38.56%,$38.28B,$14.76B,38.56%,$38.28B,$17.67B,46.16%,$38.28B,$13.70B,35.80%,$38.28B,$10.96B,28.62%,$10.96B,$47.45B,24.25%,$10.96B,$11.66B,111.23%,$10.96B,$90.27B,12.57%,$14.76B,$70.04B,21.77%,$11321,$1933,$9388,$1349,$2506,$6412,$4909,$-320,$4589,$943,$3646,$3646,$3646,$5633,$4909,$4528,4604,$0.81,$0.79,$38819,$189,$0,$48128,$3061,$0,$35789,$2451,$42138,$90266,$14389,$22589,$5841,$28430,$42819,$21077,$25965,$-164,$47447,$90266,$10955,$2908,$1220,$4128,$24,$57,$0,$29,$-162,$14921,$-580,$0,$-3488,$-3471,$0,$-3471,$0,$-7539,$5566,$0,$5566,$-7678,$-7678,$-2178,$222,$-4068,$3156,$805,$-2178
18,2014-02-28,36.61,$10.09,3.63,$8.10,4.52,$7.87,4.65,$2.39,15.32,$44.40B,$13.09B,3.39,$22.68B,$45.24B,0.5,$37.90B,$30.50B,80.48%,$37.90B,$14.85B,39.18%,$37.90B,$14.85B,39.18%,$37.90B,$17.78B,46.90%,$37.90B,$13.94B,36.78%,$37.90B,$11.12B,29.33%,$11.12B,$45.24B,24.92%,$11.12B,$9.36B,114.29%,$11.12B,$86.56B,13.08%,$14.85B,$67.91B,22.43%,$9307,$1775,$7532,$1292,$2080,$5740,$3567,$-318,$3249,$684,$2565,$2565,$2565,$4277,$3567,$4496,4575,$0.57,$0.56,$37225,$227,$0,$44404,$3052,$0,$35880,$2506,$42158,$86562,$13092,$22677,$5558,$28235,$41327,$20336,$24606,$-235,$45235,$86562,$7309,$2184,$474,$2658,$2006,$20,$0,$-341,$498,$10465,$-426,$0,$-3066,$-2440,$0,$-2440,$0,$-5932,$5566,$0,$5566,$-6322,$-6322,$-1640,$134,$-2262,$2219,$583,$-1640
19,2013-11-30,32.93,$9.78,3.37,$7.93,4.15,$7.58,4.34,$2.35,14.01,$44.25B,$13.11B,3.38,$22.64B,$44.07B,0.51,$37.55B,$30.21B,80.46%,$37.55B,$14.62B,38.92%,$37.55B,$14.62B,38.92%,$37.55B,$17.56B,46.76%,$37.55B,$13.78B,36.70%,$37.55B,$11.05B,29.44%,$11.05B,$44.07B,24.98%,$11.05B,$9.28B,108.98%,$11.05B,$85.24B,13.28%,$14.62B,$66.71B,22.56%,$9275,$1807,$7468,$1273,$2139,$5865,$3410,$-207,$3203,$650,$2553,$2553,$2553,$4139,$3410,$4535,4600,$0.56,$0.56,$36974,$234,$0,$44252,$3039,$0,$34790,$2397,$40986,$85238,$13110,$22641,$5421,$28062,$41172,$19403,$24386,$-226,$44066,$85238,$4744,$1474,$284,$1758,$1989,$13,$0,$-190,$936,$7438,$-279,$0,$-1748,$-4603,$0,$-4603,$0,$-6630,$5566,$0,$5566,$-5036,$-5036,$-1099,$43,$-526,$281,$382,$-1099
20,2013-08-31,29.62,$9.63,3.08,$7.78,3.81,$7.28,4.07,$2.32,12.77,$45.46B,$14.53B,3.13,$22.58B,$43.99B,0.51,$37.37B,$30.05B,80.40%,$37.37B,$14.68B,39.28%,$37.37B,$14.68B,39.28%,$37.37B,$17.61B,47.12%,$37.37B,$13.86B,37.08%,$37.37B,$11.08B,29.65%,$11.08B,$43.99B,25.14%,$11.08B,$9.11B,104.61%,$11.08B,$86.41B,13.54%,$14.68B,$66.56B,23.08%,$8372,$1721,$6651,$1237,$1880,$5499,$2873,$-210,$2663,$472,$2191,$2191,$2191,$3618,$2873,$4608,4674,$0.48,$0.47,$39104,$243,$0,$45457,$3052,$0,$34879,$2296,$40949,$86406,$14526,$22575,$5319,$27894,$42420,$19055,$24830,$-344,$43986,$86406,$2191,$745,$143,$888,$2707,$5,$0,$1808,$3213,$6292,$-153,$0,$-1314,$-2034,$0,$-2034,$0,$-3501,$5566,$0,$5566,$-2683,$-2683,$-554,$12,$2341,$5051,$200,$-554
21,2013-05-31,31.28,$9.72,3.22,$7.65,4.09,$7.09,4.41,$2.26,13.84,$41.69B,$12.87B,3.24,$18.49B,$45.15B,0.41,$37.18B,$29.80B,80.15%,$37.18B,$14.68B,39.49%,$37.18B,$14.68B,39.49%,$37.18B,$17.62B,47.38%,$37.18B,$13.90B,37.38%,$37.18B,$10.93B,29.38%,$10.93B,$45.15B,24.82%,$10.93B,$11.16B,98.56%,$10.93B,$81.81B,13.76%,$14.68B,$63.64B,23.96%,$10947,$2094,$8853,$1264,$2216,$5947,$5000,$-174,$4826,$1020,$3806,$3806,$3806,$5742,$5000,$4769,4844,$0.80,$0.80,$32216,$240,$0,$41692,$3053,$0,$33983,$2318,$40120,$81812,$12872,$18494,$5301,$23795,$36667,$18893,$25854,$-99,$45145,$81812,$10925,$2931,$1080,$4011,$267,$-66,$0,$-407,$-712,$14224,$-650,$0,$-3305,$-2001,$0,$-2001,$0,$-5956,$2024,$0,$2024,$-9494,$-9494,$-1433,$403,$-8500,$-342,$755,$-1433
22,2013-02-28,31.71,$9.28,3.42,$7.53,4.21,$6.86,4.62,$2.15,14.75,$40.69B,$11.92B,3.41,$18.50B,$43.79B,0.42,$37.15B,$29.72B,80.00%,$37.15B,$14.28B,38.44%,$37.15B,$14.28B,38.44%,$37.15B,$17.24B,46.42%,$37.15B,$13.46B,36.22%,$37.15B,$10.57B,28.45%,$10.57B,$43.79B,24.16%,$10.57B,$11.03B,95.56%,$10.57B,$79.45B,13.47%,$14.28B,$62.29B,23.89%,$8958,$1716,$7242,$1186,$2062,$5624,$3334,$-244,$3090,$586,$2504,$2504,$2504,$4059,$3334,$4735,4812,$0.53,$0.52,$33407,$211,$0,$40686,$3034,$0,$32764,$2315,$38764,$79450,$11916,$18502,$5242,$23744,$35660,$18645,$24549,$154,$43790,$79450,$7119,$2189,$946,$3135,$2269,$-48,$0,$-1050,$-594,$9660,$-467,$0,$-1592,$-1668,$0,$-1668,$0,$-3727,$3274,$0,$3274,$-6904,$-6904,$-1433,$189,$-4874,$1146,$566,$-1433
23,2012-11-30,29.63,$9.14,3.24,$7.45,3.98,$6.77,4.38,$2.12,13.98,$41.13B,$12.35B,3.33,$18.51B,$43.41B,0.43,$37.23B,$29.61B,79.53%,$37.23B,$14.26B,38.31%,$37.23B,$14.26B,38.31%,$37.23B,$17.23B,46.29%,$37.23B,$13.51B,36.30%,$37.23B,$10.56B,28.37%,$10.56B,$43.41B,24.22%,$10.56B,$11.08B,93.46%,$10.56B,$79.66B,13.68%,$14.26B,$61.92B,24.29%,$9094,$1794,$7300,$1199,$2036,$5623,$3471,$-191,$3280,$699,$2581,$2581,$2581,$4189,$3471,$4792,4868,$0.54,$0.53,$33695,$164,$0,$41129,$3093,$0,$32331,$2322,$38528,$79657,$12347,$18507,$5393,$23900,$36247,$18015,$24746,$222,$43410,$79657,$4615,$1464,$510,$1974,$2038,$0,$0,$-812,$-123,$6466,$-351,$0,$-660,$-2051,$0,$-2051,$0,$-3062,$3274,$0,$3274,$-5320,$-5320,$-583,$64,$-2565,$957,$386,$-583
24,2012-08-31,29.09,$9.05,3.21,$7.29,3.99,$6.76,4.3,$2.02,14.4,$38.17B,$13.96B,2.74,$13.52B,$43.74B,0.31,$36.93B,$29.15B,78.93%,$36.93B,$13.90B,37.65%,$36.93B,$13.90B,37.65%,$36.93B,$16.86B,45.64%,$36.93B,$13.19B,35.73%,$36.93B,$10.18B,27.55%,$10.18B,$43.74B,23.48%,$10.18B,$11.07B,86.13%,$10.18B,$76.56B,13.47%,$13.90B,$57.26B,24.18%,$8181,$1775,$6406,$1201,$1820,$5302,$2879,$-177,$2702,$668,$2034,$2034,$2034,$3625,$2879,$4867,4939,$0.42,$0.41,$31607,$148,$0,$38172,$3037,$0,$32664,$2138,$38386,$76558,$13955,$13521,$5346,$18867,$32822,$17901,$25117,$311,$43736,$76558,$2034,$746,$352,$1098,$2630,$10,$0,$1171,$2539,$5671,$-139,$0,$-361,$-10,$0,$-10,$0,$-510,$-1700,$0,$-1700,$-2559,$-2559,$-292,$31,$-4520,$712,$193,$-292
25,2012-05-31,24.28,$8.99,2.7,$7.26,3.34,$6.66,3.65,$1.97,12.32,$40.02B,$15.39B,2.6,$13.52B,$44.09B,0.31,$37.12B,$29.13B,78.46%,$37.12B,$13.71B,36.92%,$37.12B,$13.71B,36.92%,$37.12B,$16.62B,44.78%,$37.12B,$12.96B,34.92%,$37.12B,$9.98B,26.89%,$9.98B,$44.09B,23.37%,$9.98B,$11.07B,83.30%,$9.98B,$78.33B,13.33%,$13.71B,$57.61B,23.97%,$10916,$2143,$8773,$1226,$2240,$6321,$4595,$-212,$4383,$932,$3451,$3451,$3451,$5371,$4595,$5015,5095,$0.70,$0.68,$30676,$158,$0,$40023,$3021,$0,$33018,$1670,$38304,$78327,$15388,$13524,$5328,$18852,$34240,$17489,$26087,$112,$44087,$78327,$9981,$2916,$929,$3845,$-8,$150,$0,$441,$-83,$13743,$-648,$0,$-4702,$-3031,$0,$-3031,$0,$-8381,$295,$0,$295,$-5123,$-5123,$-1205,$-66,$-6099,$-1208,$659,$-1205
26,2012-02-29,26.78,$8.69,3.08,$7.22,3.71,$6.21,4.31,$1.90,14.09,$37.54B,$11.63B,3.23,$14.78B,$43.27B,0.34,$36.98B,$28.96B,78.31%,$36.98B,$13.47B,36.43%,$36.98B,$13.47B,36.43%,$36.98B,$16.29B,44.06%,$36.98B,$12.75B,34.48%,$36.98B,$9.74B,26.34%,$9.74B,$43.27B,23.32%,$9.74B,$11.99B,81.68%,$9.74B,$74.36B,13.22%,$13.47B,$58.04B,23.83%,$9039,$1908,$7131,$1145,$1961,$5722,$3317,$-169,$3148,$650,$2498,$2498,$2498,$4047,$3317,$5007,5080,$0.50,$0.49,$29742,$172,$0,$37538,$2936,$0,$31274,$1636,$36823,$74361,$11632,$14777,$4686,$19463,$31095,$17341,$25116,$416,$43266,$74361,$6529,$2140,$393,$2533,$2028,$139,$0,$-449,$624,$9686,$-431,$0,$-2833,$-3273,$0,$-3273,$0,$-6537,$-1405,$0,$-1405,$-2944,$-2944,$-909,$-92,$-5350,$-2382,$474,$-909
27,2011-11-30,28.63,$8.40,3.41,$7.15,4.01,$5.78,4.96,$1.82,15.73,$38.48B,$11.07B,3.48,$14.78B,$42.27B,0.35,$36.70B,$28.58B,77.87%,$36.70B,$13.14B,35.80%,$36.70B,$13.14B,35.80%,$36.70B,$15.94B,43.41%,$36.70B,$12.40B,33.79%,$36.70B,$9.36B,25.49%,$9.36B,$42.27B,23.27%,$9.36B,$13.12B,87.02%,$9.36B,$72.91B,13.00%,$13.14B,$57.05B,23.90%,$8792,$1956,$6836,$1102,$1974,$5681,$3111,$-151,$2960,$768,$2192,$2192,$2192,$3812,$3111,$5041,5123,$0.43,$0.43,$31012,$218,$0,$38482,$2900,$0,$29146,$1260,$34428,$72910,$11072,$14778,$4793,$19571,$30643,$17245,$24383,$292,$42267,$72910,$4032,$1410,$255,$1665,$2128,$93,$0,$-120,$979,$6676,$-289,$0,$-571,$-5087,$0,$-5087,$0,$-5947,$-1150,$0,$-1150,$-1364,$-1364,$-607,$-110,$-3231,$-2877,$298,$-607
28,2011-08-31,25.59,$8.16,3.13,$7.11,3.6,$5.41,4.73,$1.76,14.54,$39.21B,$13.06B,3.0,$14.79B,$41.24B,0.36,$36.49B,$28.17B,77.19%,$36.49B,$12.80B,35.07%,$36.49B,$12.80B,35.07%,$36.49B,$15.60B,42.75%,$36.49B,$12.09B,33.12%,$36.49B,$9.04B,24.76%,$9.04B,$41.24B,23.56%,$9.04B,$11.75B,102.31%,$9.04B,$73.86B,12.80%,$12.80B,$56.03B,24.09%,$8374,$1988,$6386,$1050,$1941,$5691,$2683,$-212,$2471,$631,$1840,$1840,$1840,$3392,$2683,$5062,5150,$0.36,$0.36,$31660,$259,$0,$39206,$2930,$0,$29493,$1078,$34653,$73859,$13056,$14789,$4775,$19564,$32620,$16915,$23385,$592,$41239,$73859,$1840,$709,$74,$783,$2483,$57,$0,$1473,$2798,$5421,$-160,$0,$-343,$-5820,$0,$-5820,$0,$-6323,$-1150,$0,$-1150,$-618,$-618,$-304,$-139,$-2211,$-3001,$148,$-304
29,2011-05-31,31.14,$7.94,3.92,$6.96,4.48,$5.12,6.08,$1.67,18.64,$39.17B,$14.19B,2.76,$14.77B,$40.25B,0.37,$35.62B,$27.22B,76.42%,$35.62B,$12.03B,33.78%,$35.62B,$12.03B,33.78%,$35.62B,$14.83B,41.63%,$35.62B,$11.41B,32.03%,$35.62B,$8.55B,23.99%,$8.55B,$40.25B,23.63%,$8.55B,$10.83B,131.17%,$8.55B,$73.54B,12.49%,$12.03B,$55.02B,23.62%,$10774,$2167,$8607,$1170,$2354,$6415,$4359,$-188,$4171,$962,$3209,$3209,$3209,$5043,$4359,$5048,5128,$0.63,$0.62,$28848,$303,$0,$39174,$2857,$0,$29413,$1015,$34361,$73535,$14192,$14772,$4326,$19098,$33290,$16653,$22581,$542,$40245,$73535,$8547,$2796,$599,$3395,$-729,$-28,$0,$245,$-728,$11214,$-345,$0,$-1847,$-3889,$0,$-3889,$0,$-6081,$1211,$0,$1211,$216,$216,$-1061,$150,$516,$6249,$510,$-1061
30,2011-02-28,29.88,$7.32,4.08,$6.73,4.44,$4.67,6.4,$1.51,19.79,$32.46B,$11.28B,2.88,$14.75B,$37.06B,0.4,$34.35B,$25.88B,75.34%,$34.35B,$10.98B,31.95%,$34.35B,$10.98B,31.95%,$34.35B,$13.79B,40.15%,$34.35B,$10.32B,30.03%,$34.35B,$7.70B,22.42%,$7.70B,$37.06B,22.72%,$7.70B,$7.31B,184.64%,$7.70B,$67.67B,11.77%,$10.98B,$51.81B,22.93%,$8764,$2012,$6752,$1127,$1904,$5777,$2987,$-188,$2799,$683,$2116,$2116,$2116,$3688,$2987,$5057,5149,$0.42,$0.41,$24355,$276,$0,$32459,$2894,$0,$29749,$1045,$35207,$67666,$11282,$14752,$4223,$19325,$30607,$16131,$20059,$427,$37059,$67666,$5338,$2112,$334,$2446,$1377,$-9,$0,$-303,$-347,$7437,$-287,$0,$-1673,$-3702,$0,$-3702,$0,$-5662,$61,$0,$61,$279,$279,$-757,$74,$-343,$1950,$383,$-757
31,2010-11-30,24.52,$6.90,3.55,$6.29,3.9,$4.46,5.5,$1.33,18.44,$32.72B,$13.34B,2.45,$14.78B,$34.85B,0.42,$31.99B,$24.11B,75.37%,$31.99B,$9.83B,30.73%,$31.99B,$9.83B,30.73%,$31.99B,$12.52B,39.14%,$31.99B,$9.10B,28.44%,$31.99B,$6.78B,21.18%,$6.78B,$34.85B,21.27%,$6.78B,$5.44B,341.18%,$6.78B,$67.24B,10.69%,$9.83B,$49.63B,21.85%,$8582,$2157,$6425,$1119,$1686,$5812,$2770,$-124,$2646,$776,$1870,$1870,$1870,$3479,$2770,$5044,5117,$0.37,$0.37,$24845,$236,$0,$32723,$2870,$0,$29415,$1015,$34520,$67243,$13336,$14780,$3927,$19057,$32393,$15663,$18422,$327,$34850,$67243,$3223,$1411,$258,$1669,$1343,$25,$0,$-266,$-131,$4761,$-239,$0,$-806,$-5649,$0,$-5649,$0,$-6694,$2314,$0,$2314,$230,$230,$-504,$48,$2088,$506,$254,$-504
32,2010-08-31,19.77,$6.47,3.06,$5.77,3.43,$4.42,4.47,$1.25,15.82,$30.26B,$13.80B,2.19,$14.78B,$32.51B,0.46,$29.27B,$22.45B,76.70%,$29.27B,$9.24B,31.57%,$29.27B,$9.24B,31.57%,$29.27B,$11.72B,40.04%,$29.27B,$8.48B,28.96%,$29.27B,$6.36B,21.74%,$6.36B,$32.51B,21.13%,$6.36B,$2.49B,536.85%,$6.36B,$65.26B,10.60%,$9.24B,$47.29B,21.48%,$7502,$2062,$5440,$1103,$1605,$5585,$1917,$-122,$1795,$443,$1352,$1352,$1352,$2619,$1917,$5026,5083,$0.27,$0.27,$23637,$235,$0,$30264,$2835,$0,$30025,$1012,$34991,$65255,$13800,$14778,$3816,$18943,$32743,$14923,$17027,$156,$32512,$65255,$1352,$702,$155,$857,$1942,$11,$0,$1082,$1608,$3817,$-118,$0,$-832,$-2966,$0,$-2966,$0,$-3916,$2319,$0,$2319,$-80,$-80,$-251,$-28,$1960,$2104,$130,$-251
33,2010-05-31,20.38,$6.21,3.28,$5.29,3.85,$4.42,4.61,$1.20,16.99,$27.00B,$14.69B,1.84,$11.51B,$31.20B,0.37,$26.82B,$21.06B,78.51%,$26.82B,$9.06B,33.79%,$26.82B,$9.06B,33.79%,$26.82B,$11.33B,42.26%,$26.82B,$8.24B,30.73%,$26.82B,$6.14B,22.87%,$6.14B,$31.20B,21.44%,$6.14B,$1.45B,821.29%,$6.14B,$61.58B,10.77%,$9.06B,$42.71B,21.98%,$9504,$2241,$7263,$1063,$2037,$6203,$3301,$-225,$3076,$712,$2364,$2364,$2364,$4007,$3301,$5014,5073,$0.47,$0.47,$18469,$259,$0,$27004,$2763,$0,$29746,$798,$34574,$61578,$14691,$11510,$1059,$15688,$30379,$14648,$16146,$4,$31199,$61578,$6135,$2271,$174,$2445,$-362,$73,$0,$489,$101,$8681,$-230,$0,$-5606,$-4483,$0,$-4483,$0,$-10319,$3638,$0,$3638,$-118,$-118,$-1004,$148,$2664,$919,$436,$-1004
34,2010-02-28,22.22,$5.75,3.86,$4.75,4.67,$4.26,5.21,$1.12,19.84,$23.98B,$14.25B,1.68,$11.50B,$28.85B,0.4,$24.18B,$19.48B,80.55%,$24.18B,$8.65B,35.76%,$24.18B,$8.65B,35.76%,$24.18B,$10.71B,44.31%,$24.18B,$7.92B,32.76%,$24.18B,$5.66B,23.42%,$5.66B,$28.85B,20.84%,$5.66B,$-1.43B,2606.21%,$5.66B,$59.39B,10.60%,$8.65B,$40.35B,22.04%,$6404,$1419,$4985,$823,$1477,$4561,$1843,$-261,$1582,$393,$1189,$1189,$1189,$2418,$1843,$5015,5076,$0.24,$0.23,$17489,$315,$0,$23979,$2869,$0,$30283,$2255,$35407,$59386,$14251,$11498,$4447,$16284,$30535,$13973,$14257,$246,$28851,$59386,$3772,$1565,$73,$1638,$1614,$18,$0,$239,$760,$6170,$-161,$0,$-5567,$-4041,$0,$-4041,$0,$-9769,$4712,$0,$4712,$-136,$-136,$-753,$12,$3835,$336,$310,$-753
35,2009-11-30,19.86,$5.57,3.56,$4.57,4.35,$4.22,4.71,$1.15,17.27,$25.24B,$8.53B,2.96,$13.75B,$27.92B,0.49,$23.23B,$18.83B,81.08%,$23.23B,$8.74B,37.64%,$23.23B,$8.74B,37.64%,$23.23B,$10.74B,46.22%,$23.23B,$8.15B,35.09%,$23.23B,$5.80B,24.98%,$5.80B,$27.92B,22.55%,$5.80B,$2.23B,-2397.52%,$5.80B,$53.83B,11.65%,$8.74B,$41.67B,23.33%,$5858,$1096,$4762,$708,$1316,$3680,$2178,$-155,$2023,$565,$1458,$1458,$1458,$2676,$2178,$5010,5064,$0.29,$0.29,$20784,$0,$0,$25235,$1956,$0,$25682,$960,$28598,$53833,$8534,$13751,$3282,$17384,$25918,$13529,$13541,$461,$27915,$53833,$2582,$990,$57,$1047,$1437,$0,$0,$-213,$760,$4389,$-100,$0,$-392,$-2097,$0,$-2097,$0,$-2589,$4461,$0,$4461,$-125,$-125,$-501,$8,$3843,$5924,$188,$-501
36,2009-08-31,19.64,$5.28,3.72,$4.50,4.37,$4.06,4.83,$1.11,17.69,$24.45B,$9.16B,2.67,$13.72B,$26.49B,0.52,$22.98B,$18.48B,80.44%,$22.98B,$8.54B,37.17%,$22.98B,$8.54B,37.17%,$22.98B,$10.53B,45.84%,$22.98B,$7.95B,34.61%,$22.98B,$5.64B,24.55%,$5.64B,$26.49B,23.06%,$5.64B,$0.73B,-319.19%,$5.64B,$53.00B,11.86%,$8.54B,$40.21B,24.18%,$5054,$1008,$4046,$660,$1161,$3314,$1740,$-178,$1562,$438,$1124,$1124,$1124,$2232,$1740,$5009,5063,$0.22,$0.22,$20565,$0,$0,$24445,$1924,$0,$25753,$876,$28553,$52998,$9160,$13723,$3163,$17351,$26511,$13319,$12563,$261,$26487,$52998,$1124,$492,$70,$562,$1870,$0,$0,$833,$2052,$3738,$-55,$0,$-79,$-813,$0,$-813,$0,$-947,$4461,$0,$4461,$3,$3,$-251,$-4,$4209,$7103,$84,$-251
37,2009-05-31,17.54,$5.08,3.45,$4.52,3.88,$3.89,4.5,$1.10,15.95,$18.58B,$9.15B,2.03,$9.24B,$25.45B,0.36,$23.25B,$18.46B,79.38%,$23.25B,$8.32B,35.79%,$23.25B,$8.32B,35.79%,$23.25B,$10.30B,44.28%,$23.25B,$7.83B,33.69%,$23.25B,$5.59B,24.05%,$5.59B,$25.45B,23.51%,$5.59B,$-0.67B,-215.14%,$5.59B,$47.42B,12.13%,$8.32B,$34.68B,24.64%,$6861,$1179,$5682,$731,$1539,$3976,$2885,$-131,$2754,$863,$1891,$1891,$1891,$3387,$2885,$5070,5130,$0.37,$0.37,$12624,$0,$0,$18581,$1922,$0,$26111,$802,$28835,$47416,$9149,$9237,$682,$12822,$21971,$12980,$11894,$216,$25445,$47416,$5593,$1976,$716,$2692,$336,$0,$0,$578,$-30,$8255,$-529,$0,$-1159,$-911,$0,$-911,$0,$-2599,$-1004,$0,$-1004,$-3212,$-3212,$-250,$44,$-4422,$733,$355,$-250
38,2009-02-28,13.88,$4.63,3.0,$4.56,3.04,$3.79,3.67,$1.11,12.5,$15.61B,$7.97B,1.96,$10.24B,$23.08B,0.44,$23.63B,$18.67B,79.03%,$23.63B,$8.41B,35.57%,$23.63B,$8.41B,35.57%,$23.63B,$10.29B,43.55%,$23.63B,$8.02B,33.95%,$23.63B,$5.74B,24.29%,$5.74B,$23.08B,24.76%,$5.74B,$-3.27B,-175.35%,$5.74B,$44.95B,12.46%,$8.41B,$33.31B,25.15%,$5453,$1111,$4342,$677,$1246,$3513,$1940,$-130,$1810,$481,$1329,$1329,$1329,$2441,$1940,$5005,5056,$0.27,$0.26,$11294,$0,$0,$15611,$1914,$0,$26346,$1078,$29338,$44949,$7972,$10236,$2722,$13900,$21872,$12758,$10468,$-149,$23077,$44949,$3702,$1474,$89,$1563,$1848,$0,$0,$282,$982,$6247,$-491,$0,$-1165,$-509,$0,$-509,$0,$-2165,$-4,$0,$-4,$-3256,$-3256,$0,$39,$-3221,$-51,$274,$0
39,2008-11-30,14.37,$4.52,3.18,$4.51,3.19,$3.62,3.97,$1.11,12.94,$15.14B,$7.96B,1.9,$10.24B,$22.82B,0.45,$23.53B,$18.44B,78.37%,$23.53B,$8.34B,35.45%,$23.53B,$8.34B,35.45%,$23.53B,$10.08B,42.85%,$23.53B,$8.09B,34.38%,$23.53B,$5.75B,24.45%,$5.75B,$22.82B,25.43%,$5.75B,$-3.87B,-284.25%,$5.75B,$44.80B,13.02%,$8.34B,$33.06B,26.18%,$5607,$1196,$4411,$651,$1320,$3632,$1975,$-149,$1826,$530,$1296,$1296,$1296,$2471,$1975,$5127,5187,$0.25,$0.25,$10646,$0,$0,$15138,$1907,$0,$26688,$1069,$29664,$44802,$7963,$10236,$2720,$14018,$21981,$12743,$10177,$-99,$22821,$44802,$2373,$973,$116,$1089,$1642,$0,$0,$181,$528,$3990,$-399,$0,$-1065,$-5105,$4362,$-743,$0,$-2207,$-4,$0,$-4,$-1973,$-1973,$0,$49,$-1928,$-909,$186,$0
40,2008-08-31,19.58,$4.62,4.24,$4.44,4.41,$3.52,5.56,$1.11,17.64,$17.85B,$9.25B,1.93,$10.24B,$23.82B,0.43,$23.23B,$18.10B,77.92%,$23.23B,$8.15B,35.07%,$23.23B,$8.15B,35.07%,$23.23B,$9.75B,41.98%,$23.23B,$8.08B,34.77%,$23.23B,$5.76B,24.78%,$5.76B,$23.82B,26.49%,$5.76B,$-2.60B,-538.51%,$5.76B,$47.25B,13.75%,$8.15B,$34.05B,27.18%,$5331,$1308,$4023,$708,$1318,$3810,$1521,$-77,$1444,$367,$1077,$1077,$1077,$1998,$1521,$5152,5235,$0.21,$0.21,$13021,$0,$0,$17851,$1886,$0,$26413,$1103,$29402,$47253,$9247,$10236,$2740,$14190,$23437,$12828,$10593,$395,$23816,$47253,$1077,$477,$93,$570,$1812,$0,$0,$1048,$1593,$3240,$-323,$0,$-395,$1420,$-3188,$-1768,$0,$-2486,$-4,$0,$-4,$-220,$-220,$0,$35,$-189,$291,$91,$0
41,2008-05-31,20.4,$4.47,4.56,$4.29,4.75,$3.47,5.88,$1.06,19.24,$18.10B,$10.03B,1.81,$10.24B,$23.03B,0.45,$22.43B,$17.45B,77.79%,$22.43B,$7.84B,34.97%,$22.43B,$7.84B,34.97%,$22.43B,$9.32B,41.57%,$22.43B,$7.83B,34.93%,$22.43B,$5.52B,24.61%,$5.52B,$23.03B,27.29%,$5.52B,$-3.36B,-654.53%,$5.52B,$47.27B,14.29%,$7.84B,$33.26B,28.56%,$7239,$1341,$5898,$733,$1728,$4269,$2970,$-28,$2942,$904,$2038,$2038,$2038,$3381,$2970,$5133,5229,$0.41,$0.39,$11043,$0,$0,$18103,$1688,$0,$26386,$1091,$29165,$47268,$10029,$10235,$1195,$14214,$24243,$12446,$9961,$618,$23025,$47268,$5521,$1480,$685,$2165,$-825,$0,$0,$461,$-284,$7402,$-90,$0,$-7643,$-1343,$0,$-1343,$0,$-9076,$3611,$0,$3611,$-735,$-735,$0,$405,$3281,$2044,$369,$0
42,2008-02-29,16.79,$4.04,4.15,$4.01,4.19,$3.06,5.49,$0.98,17.13,$15.73B,$6.83B,2.3,$6.24B,$20.82B,0.3,$21.02B,$16.22B,77.18%,$21.02B,$7.15B,34.04%,$21.02B,$7.15B,34.04%,$21.02B,$8.54B,40.64%,$21.02B,$7.16B,34.05%,$21.02B,$5.09B,24.20%,$5.09B,$20.82B,27.20%,$5.09B,$1.73B,-802.05%,$5.09B,$37.32B,14.34%,$7.15B,$27.05B,28.69%,$5349,$1243,$4106,$682,$1289,$3474,$1875,$2,$1877,$537,$1340,$1340,$1340,$2232,$1875,$5148,5235,$0.26,$0.26,$10506,$0,$0,$15731,$1570,$0,$19083,$675,$21585,$37316,$6830,$6237,$2435,$9671,$16501,$11847,$8368,$600,$20815,$37316,$3484,$1069,$180,$1249,$980,$0,$0,$149,$374,$5107,$-42,$0,$-700,$-1097,$0,$-1097,$0,$-1839,$-1362,$0,$-1362,$-473,$-473,$0,$354,$-1481,$2191,$233,$0
43,2007-11-30,18.02,$3.76,4.79,$3.83,4.71,$2.68,6.71,$0.92,19.59,$13.56B,$6.55B,2.07,$6.24B,$19.30B,0.32,$20.08B,$15.50B,77.18%,$20.08B,$6.67B,33.23%,$20.08B,$6.67B,33.23%,$20.08B,$7.99B,39.77%,$20.08B,$6.69B,33.29%,$20.08B,$4.78B,23.80%,$4.78B,$19.30B,27.40%,$4.78B,$-0.05B,-373.00%,$4.78B,$35.65B,14.28%,$6.67B,$25.53B,28.33%,$5313,$1238,$4075,$674,$1301,$3531,$1782,$33,$1815,$512,$1303,$1303,$1303,$2142,$1782,$5125,5232,$0.25,$0.25,$8432,$0,$0,$13558,$1655,$0,$19346,$682,$22095,$35653,$6549,$6236,$2265,$9809,$16358,$11256,$7478,$561,$19295,$35653,$2144,$712,$205,$917,$937,$0,$0,$97,$242,$3303,$-156,$0,$-651,$-680,$0,$-680,$0,$-1487,$-1362,$0,$-1362,$-341,$-341,$0,$159,$-1544,$515,$168,$0
44,2007-08-31,18.11,$3.48,5.21,$3.60,5.03,$2.42,7.5,$0.85,21.31,$12.17B,$6.80B,1.79,$6.24B,$17.79B,0.35,$18.93B,$14.56B,76.92%,$18.93B,$6.25B,33.00%,$18.93B,$6.25B,33.00%,$18.93B,$7.47B,39.45%,$18.93B,$6.22B,32.87%,$18.93B,$4.44B,23.47%,$4.44B,$17.79B,26.93%,$4.44B,$-1.69B,-370.18%,$4.44B,$34.32B,13.98%,$6.25B,$24.02B,27.78%,$4529,$1159,$3370,$652,$1169,$3312,$1217,$-17,$1200,$360,$840,$840,$840,$1569,$1217,$5110,5217,$0.16,$0.16,$7743,$0,$0,$12173,$1633,$0,$19479,$645,$22142,$34315,$6797,$6236,$2106,$9733,$16530,$10759,$6619,$407,$17785,$34315,$840,$352,$191,$543,$1381,$0,$0,$917,$1318,$2701,$-87,$0,$-546,$-335,$0,$-335,$0,$-968,$-1361,$0,$-1361,$-213,$-213,$0,$54,$-1520,$237,$101,$0
45,2007-05-31,17.31,$3.31,5.22,$3.41,5.08,$2.21,7.83,$0.82,21.11,$12.88B,$9.39B,1.37,$6.24B,$16.92B,0.37,$18.00B,$13.81B,76.71%,$18.00B,$5.97B,33.20%,$18.00B,$5.97B,33.20%,$18.00B,$7.10B,39.46%,$18.00B,$5.99B,33.26%,$18.00B,$4.27B,23.75%,$4.27B,$16.92B,27.08%,$4.27B,$-2.52B,-506.10%,$4.27B,$34.57B,14.05%,$5.97B,$23.15B,27.60%,$5828,$1156,$4672,$600,$1465,$3548,$2280,$-16,$2264,$660,$1604,$1604,$1604,$2600,$2280,$5170,5269,$0.31,$0.30,$7020,$0,$0,$12883,$1603,$0,$19443,$643,$21689,$34572,$9387,$6235,$817,$8266,$17653,$10293,$6223,$403,$16919,$34572,$4274,$1127,$730,$1857,$-723,$0,$0,$234,$-611,$5520,$-317,$0,$-5005,$-5405,$5756,$351,$0,$-4971,$1661,$0,$1661,$-3013,$-3013,$0,$213,$-1139,$-441,$207,$0
46,2007-02-28,14.67,$3.07,4.77,$3.22,4.56,$2.06,7.11,$0.75,19.56,$10.66B,$6.33B,1.69,$5.74B,$15.79B,0.36,$17.02B,$13.02B,76.50%,$17.02B,$5.55B,32.61%,$17.02B,$5.55B,32.61%,$17.02B,$6.65B,39.10%,$17.02B,$5.60B,32.90%,$17.02B,$3.97B,23.32%,$3.97B,$15.79B,25.93%,$3.97B,$-0.86B,-8869.27%,$3.97B,$29.37B,13.67%,$5.55B,$21.53B,26.38%,$4414,$1030,$3384,$570,$1142,$3020,$1394,$12,$1406,$373,$1033,$1033,$1033,$1676,$1394,$5159,5257,$0.20,$0.20,$6445,$0,$0,$10664,$1465,$0,$16648,$592,$18705,$29369,$6330,$5736,$505,$7248,$13578,$10004,$5511,$276,$15791,$29369,$2670,$807,$162,$969,$501,$0,$0,$-54,$-480,$3305,$-181,$0,$-2290,$-33,$0,$-33,$0,$-2504,$-175,$0,$-175,$-2249,$-2249,$0,$158,$-2266,$-1409,$146,$0
47,2006-11-30,17.01,$3.00,5.68,$3.04,5.6,$2.01,8.48,$0.69,24.66,$11.66B,$6.10B,1.91,$5.74B,$15.51B,0.37,$16.07B,$12.31B,76.61%,$16.07B,$5.21B,32.40%,$16.07B,$5.21B,32.40%,$16.07B,$6.23B,38.75%,$16.07B,$5.27B,32.79%,$16.07B,$3.70B,23.02%,$3.70B,$15.51B,24.48%,$3.70B,$0.27B,1569.88%,$3.70B,$28.93B,12.84%,$5.21B,$21.25B,24.97%,$4163,$1025,$3138,$519,$1085,$2806,$1357,$-3,$1354,$387,$967,$967,$967,$1625,$1357,$5184,5287,$0.19,$0.18,$7825,$0,$0,$11662,$1446,$0,$15241,$578,$17265,$28927,$6096,$5735,$491,$7317,$13413,$9874,$5367,$273,$15514,$28927,$1637,$525,$115,$640,$681,$0,$0,$-139,$-509,$1866,$-106,$0,$-488,$-2047,$0,$-2047,$0,$-2641,$-8,$0,$-8,$-1370,$-1370,$0,$130,$-1248,$-1975,$98,$0
