,Date,Stock Price,Book Value per Share,Price to Book Ratio,TTM Sales per Share,Price to Sales Ratio,TTM FCF per Share,Price to FCF Ratio,TTM Net EPS,PE Ratio,Current Assets,Current Liabilities,Current Ratio,Long Term Debt,Shareholder's Equity_x,Debt to Equity Ratio,TTM Revenue_x,TTM Gross Profit,Gross Margin,TTM Revenue_y,TTM Operating Income,Operating Margin,TTM Revenue_x,TTM EBIT,EBIT Margin,TTM Revenue_y,TTM EBITDA,EBITDA Margin,TTM Revenue_x,TTM Pre-Tax Income,Pre-Tax Margin,TTM Revenue_y,TTM Net Income_x,Net Margin,TTM Net Income_y,Shareholder's Equity_y,Return on Equity,TTM Net Income_x,Tangible Equity,Return on Tangible Equity,TTM Net Income_y,Total Assets,Return on Assets,TTM Net Income,LT Investments & Debt,Return on Investment,revenue,cost-goods-sold,gross-profit,research-development-expenses,selling-general-administrative-expenses,operating-expenses,operating-income,total-non-operating-income-expense,pre-tax-income,total-provision-income-taxes,income-after-taxes,income-from-continuous-operations,net-income,ebitda,ebit,basic-shares-outstanding,shares-outstanding,eps-basic-net-earnings-per-share,eps-earnings-per-share-diluted,cash-on-hand,inventory,other-current-assets,total-current-assets,net-property-plant-equipment,long-term-investments,goodwill-intangible-assets-total,other-long-term-assets,total-long-term-assets,total-assets,total-current-liabilities,long-term-debt,other-non-current-liabilities,total-long-term-liabilities,total-liabilities,common-stock-net,retained-earnings-accumulated-deficit,comprehensive-income,total-share-holder-equity,total-liabilities-share-holders-equity,net-income-loss,total-depreciation-amortization-cash-flow,other-non-cash-items,total-non-cash-items,change-in-accounts-receivable,change-in-inventories,change-in-accounts-payable,change-in-assets-liabilities,total-change-in-assets-liabilities,cash-flow-from-operating-activities,net-change-in-property-plant-equipment,net-change-in-intangible-assets,net-acquisitions-divestitures,net-change-in-short-term-investments,net-change-in-long-term-investments,net-change-in-investments-total,investing-activities-other,cash-flow-from-investing-activities,net-long-term-debt,net-current-debt,debt-issuance-retirement-net-total,net-common-equity-issued-repurchased,net-total-equity-issued-repurchased,total-common-preferred-stock-dividends-paid,financial-activities-other,cash-flow-from-financial-activities,net-cash-flow,stock-based-compensation,common-stock-dividends-paid
0,2018-09-30,22.38,$17.55,1.28,$21.87,1.02,$4.92,4.55,$2.60,8.61,$5.56B,$12.64B,0.44,$0.98B,$5.31B,0.19,$6.47B,$1.00B,15.39%,$6.47B,$1.00B,15.39%,$6.47B,$1.00B,15.39%,$6.47B,$1.00B,15.39%,$6.47B,$0.93B,14.40%,$6.47B,$0.78B,12.01%,$0.78B,$5.31B,15.39%,$0.78B,$5.31B,15.39%,$0.78B,$19.80B,4.00%,$1.00B,$6.29B,16.20%,$1780,$1430,$349,$0,$0,$1430,$349,$-14,$335,$60,$275,$275,$275,$349,$349,$299,300,$0.92,$0.92,$115,$0,$0,$5564,$0,$13305,$0,$616,$14238,$19802,$12637,$981,$815,$1854,$14491,$303,$4015,$-218,$5311,$19802,$477,$0,$-73,$-73,$-63,$0,$21,$104,$63,$597,$0,$0,$0,$89,$-184,$-95,$-34,$-129,$-5,$0,$-5,$-25,$-25,$-441,$-9,$-479,$-11,$0,$-441
1,2018-06-30,19.91,$16.87,1.18,$21.28,0.94,$4.68,4.25,$1.85,10.76,$5.58B,$12.57B,0.44,$0.97B,$5.10B,0.19,$6.28B,$0.73B,11.61%,$6.28B,$0.73B,11.61%,$6.28B,$0.73B,11.61%,$6.28B,$0.73B,11.61%,$6.28B,$0.66B,10.45%,$6.28B,$0.55B,8.73%,$0.55B,$5.10B,11.18%,$0.55B,$5.10B,11.18%,$0.55B,$19.45B,2.82%,$0.73B,$6.08B,11.88%,$1631,$1368,$263,$0,$0,$1368,$263,$-16,$247,$49,$198,$198,$198,$263,$263,$300,301,$0.66,$0.66,$108,$0,$0,$5577,$0,$12964,$0,$601,$13877,$19454,$12571,$974,$764,$1780,$14351,$302,$3798,$-203,$5103,$19454,$202,$0,$63,$63,$-59,$0,$-47,$0,$-127,$287,$0,$0,$0,$153,$-18,$135,$-16,$119,$-5,$0,$-5,$-28,$-28,$-382,$-10,$-425,$-18,$0,$-382
2,2018-03-31,21.25,$16.71,1.27,$20.89,1.02,$4.60,4.62,$1.54,13.8,$5.17B,$12.15B,0.43,$0.97B,$5.05B,0.19,$6.15B,$0.64B,10.33%,$6.15B,$0.64B,10.33%,$6.15B,$0.64B,10.33%,$6.15B,$0.64B,10.33%,$6.15B,$0.56B,9.03%,$6.15B,$0.45B,7.35%,$0.45B,$5.05B,9.43%,$0.45B,$5.05B,9.43%,$0.45B,$19.00B,2.33%,$0.64B,$6.02B,10.30%,$1330,$1318,$12,$0,$0,$1318,$12,$-18,$-6,$-10,$4,$4,$4,$12,$12,$278,280,$0.01,$0.01,$103,$0,$0,$5170,$0,$12923,$0,$601,$13828,$18999,$12145,$974,$770,$1805,$13950,$302,$3658,$-149,$5049,$18999,$4,$0,$137,$137,$-26,$0,$-69,$0,$-110,$131,$0,$0,$0,$195,$-6,$189,$-10,$179,$-5,$0,$-5,$6,$6,$-324,$-10,$-332,$-23,$0,$-324
3,2017-12-31,19.97,$17.58,1.14,$20.97,0.95,$4.62,4.32,$1.92,10.4,$5.11B,$11.98B,0.43,$1.45B,$4.73B,0.31,$6.26B,$0.81B,12.90%,$6.26B,$0.81B,12.90%,$6.26B,$0.81B,12.90%,$6.26B,$0.81B,12.90%,$6.26B,$0.73B,11.59%,$6.26B,$0.56B,8.96%,$0.56B,$4.73B,11.99%,$0.56B,$4.73B,11.99%,$0.56B,$19.40B,2.90%,$0.81B,$6.18B,13.06%,$1726,$1355,$371,$0,$0,$1355,$371,$-17,$355,$55,$300,$300,$300,$371,$371,$262,299,$1.14,$1.01,$126,$0,$0,$5109,$0,$13410,$0,$586,$14294,$19404,$11981,$1449,$1134,$2689,$14670,$269,$3207,$474,$4733,$19404,$561,$0,$-212,$-212,$-54,$0,$135,$153,$251,$453,$0,$0,$0,$12,$-281,$-270,$-24,$-294,$-4,$0,$-4,$18,$18,$-199,$6,$-179,$-20,$0,$-199
4,2017-09-30,18.23,$17.93,1.02,$20.43,0.89,$5.26,3.47,$1.37,13.3,$5.43B,$12.61B,0.43,$1.53B,$4.73B,0.32,$6.09B,$0.65B,10.65%,$6.09B,$0.65B,10.65%,$6.09B,$0.65B,10.65%,$6.09B,$0.65B,10.65%,$6.09B,$0.56B,9.23%,$6.09B,$0.39B,6.46%,$0.39B,$4.73B,8.52%,$0.39B,$4.73B,8.52%,$0.39B,$19.75B,2.05%,$0.65B,$6.26B,10.56%,$1593,$1510,$83,$0,$0,$1510,$83,$-23,$60,$13,$46,$46,$46,$83,$83,$261,299,$0.18,$0.17,$139,$0,$0,$5428,$0,$13427,$0,$589,$14318,$19747,$12607,$1527,$787,$2410,$15017,$264,$3323,$441,$4730,$19747,$261,$0,$-58,$-58,$-124,$0,$72,$164,$92,$522,$0,$0,$0,$-163,$-209,$-373,$-17,$-390,$-4,$0,$-4,$14,$14,$-148,$-0,$-139,$-6,$0,$-148
5,2017-06-30,17.9,$17.68,1.01,$20.14,0.89,$4.86,3.68,$1.59,11.26,$5.44B,$12.35B,0.44,$1.53B,$4.66B,0.33,$5.99B,$0.75B,12.46%,$5.99B,$0.75B,12.46%,$5.99B,$0.75B,12.46%,$5.99B,$0.75B,12.46%,$5.99B,$0.67B,11.12%,$5.99B,$0.46B,7.65%,$0.46B,$4.66B,10.08%,$0.46B,$4.66B,10.08%,$0.46B,$19.36B,2.42%,$0.75B,$6.19B,12.29%,$1499,$1331,$169,$0,$0,$1331,$169,$-22,$146,$45,$102,$102,$102,$169,$169,$261,298,$0.39,$0.35,$195,$0,$0,$5439,$0,$13033,$0,$590,$13918,$19357,$12345,$1526,$745,$2350,$14695,$264,$3327,$375,$4662,$19357,$215,$0,$-22,$-22,$-85,$0,$14,$0,$-104,$259,$0,$0,$0,$96,$-205,$-109,$-9,$-118,$-4,$0,$-4,$12,$12,$-99,$-1,$-92,$49,$0,$-99
6,2017-03-31,18.59,$17.44,1.07,$19.99,0.93,$4.55,4.09,$1.59,11.69,$5.04B,$11.93B,0.42,$1.53B,$4.60B,0.33,$5.93B,$0.74B,12.51%,$5.93B,$0.74B,12.51%,$5.93B,$0.74B,12.51%,$5.93B,$0.74B,12.51%,$5.93B,$0.67B,11.28%,$5.93B,$0.46B,7.70%,$0.46B,$4.60B,10.22%,$0.46B,$4.60B,10.22%,$0.46B,$18.91B,2.46%,$0.74B,$6.12B,12.66%,$1445,$1259,$185,$0,$0,$1259,$185,$-21,$165,$52,$113,$113,$113,$185,$185,$261,298,$0.43,$0.39,$177,$0,$0,$5043,$0,$12990,$0,$590,$13863,$18905,$11934,$1526,$742,$2375,$14309,$264,$3274,$368,$4597,$18905,$113,$0,$-15,$-15,$-29,$0,$-16,$0,$-19,$146,$0,$0,$0,$27,$-93,$-66,$-7,$-72,$-4,$0,$-4,$11,$11,$-49,$0,$-42,$32,$0,$-49
7,2016-12-31,17.09,$16.98,1.01,$19.93,0.86,$4.49,3.81,$1.63,10.49,$4.91B,$11.77B,0.42,$1.53B,$4.46B,0.34,$5.90B,$0.75B,12.78%,$5.90B,$0.75B,12.78%,$5.90B,$0.75B,12.78%,$5.90B,$0.75B,12.78%,$5.90B,$0.69B,11.63%,$5.90B,$0.47B,7.91%,$0.47B,$4.46B,10.72%,$0.47B,$4.46B,10.72%,$0.47B,$18.59B,2.56%,$0.75B,$5.99B,13.43%,$1549,$1338,$211,$0,$0,$1338,$211,$-20,$191,$59,$132,$132,$132,$211,$211,$259,296,$0.50,$0.45,$146,$0,$0,$4910,$0,$12850,$0,$557,$13681,$18592,$11771,$1529,$788,$2359,$14131,$263,$3200,$324,$4461,$18592,$467,$0,$-73,$-73,$-26,$0,$157,$78,$230,$637,$0,$0,$0,$-12,$-1034,$-1046,$9,$-1036,$573,$0,$573,$8,$8,$-194,$-3,$385,$-14,$0,$-194
8,2016-09-30,15.68,$16.93,0.93,$19.70,0.8,$4.66,3.37,$1.49,10.53,$5.23B,$12.05B,0.43,$1.53B,$4.45B,0.34,$5.83B,$0.70B,12.02%,$5.83B,$0.70B,12.02%,$5.83B,$0.70B,12.02%,$5.83B,$0.70B,12.02%,$5.83B,$0.64B,10.92%,$5.83B,$0.43B,7.30%,$0.43B,$4.45B,10.11%,$0.43B,$4.45B,10.11%,$0.43B,$18.81B,2.39%,$0.70B,$5.97B,13.17%,$1496,$1315,$181,$0,$0,$1315,$181,$-17,$164,$53,$111,$111,$111,$181,$181,$259,296,$0.43,$0.39,$145,$0,$0,$5233,$0,$12726,$0,$574,$13577,$18811,$12050,$1528,$734,$2314,$14364,$263,$3127,$387,$4446,$18811,$335,$0,$-58,$-58,$-86,$0,$125,$87,$121,$402,$0,$0,$0,$-37,$-791,$-829,$-21,$-850,$573,$0,$573,$7,$7,$-145,$-3,$432,$-15,$0,$-145
9,2016-06-30,17.0,$16.68,1.02,$19.88,0.86,$5.22,3.26,$1.54,11.04,$5.18B,$11.88B,0.44,$0.98B,$4.38B,0.23,$5.88B,$0.72B,12.21%,$5.88B,$0.72B,12.21%,$5.88B,$0.72B,12.21%,$5.88B,$0.72B,12.21%,$5.88B,$0.66B,11.19%,$5.88B,$0.44B,7.50%,$0.44B,$4.38B,10.85%,$0.44B,$4.38B,10.85%,$0.44B,$17.99B,2.53%,$0.72B,$5.36B,14.26%,$1442,$1277,$165,$0,$0,$1277,$165,$-16,$149,$48,$101,$101,$101,$165,$165,$259,296,$0.39,$0.35,$169,$0,$0,$5178,$0,$11970,$0,$580,$12812,$17991,$11882,$983,$700,$1731,$13613,$262,$3065,$387,$4378,$17991,$224,$0,$-51,$-51,$-67,$0,$46,$0,$-36,$164,$0,$0,$0,$119,$-187,$-68,$-21,$-89,$29,$0,$29,$5,$5,$-97,$-3,$-66,$9,$0,$-97
10,2016-03-31,15.96,$15.80,1.01,$19.77,0.81,$5.69,2.8,$1.55,10.29,$4.85B,$11.58B,0.42,$0.98B,$4.14B,0.24,$5.85B,$0.72B,12.29%,$5.85B,$0.72B,12.29%,$5.85B,$0.72B,12.29%,$5.85B,$0.72B,12.29%,$5.85B,$0.66B,11.30%,$5.85B,$0.44B,7.56%,$0.44B,$4.14B,11.18%,$0.44B,$4.14B,11.18%,$0.44B,$17.43B,2.56%,$0.72B,$5.13B,14.62%,$1414,$1216,$197,$0,$0,$1216,$197,$-15,$182,$59,$123,$123,$123,$197,$197,$259,296,$0.48,$0.43,$137,$0,$0,$4846,$0,$11751,$0,$575,$12587,$17433,$11580,$982,$699,$1710,$13291,$262,$3012,$210,$4143,$17433,$123,$0,$-44,$-44,$-32,$0,$24,$0,$31,$126,$0,$0,$0,$19,$-141,$-121,$-8,$-129,$29,$0,$29,$2,$2,$-48,$-2,$-20,$-23,$0,$-48
11,2015-12-31,16.1,$14.81,1.09,$19.49,0.83,$5.91,2.72,$1.48,10.88,$5.12B,$11.56B,0.44,$0.95B,$3.88B,0.25,$5.77B,$0.69B,12.00%,$5.77B,$0.69B,12.00%,$5.77B,$0.69B,12.00%,$5.77B,$0.69B,12.00%,$5.77B,$0.63B,10.98%,$5.77B,$0.42B,7.32%,$0.42B,$3.88B,10.76%,$0.42B,$3.88B,10.76%,$0.42B,$17.10B,2.45%,$0.69B,$4.83B,14.18%,$1480,$1322,$158,$0,$0,$1322,$158,$-17,$142,$51,$91,$91,$91,$158,$158,$260,296,$0.36,$0.32,$160,$0,$0,$5118,$0,$11316,$0,$567,$12138,$17102,$11561,$953,$706,$1659,$13221,$262,$2938,$29,$3881,$17102,$422,$0,$-91,$-91,$5,$0,$97,$70,$167,$688,$0,$0,$0,$-56,$-382,$-437,$-13,$-450,$-3,$0,$-3,$-22,$-22,$-191,$1,$-215,$23,$0,$-191
12,2015-09-30,13.38,$14.74,0.91,$19.15,0.7,$2.97,4.5,$1.39,9.63,$5.27B,$11.81B,0.45,$0.96B,$3.85B,0.25,$5.66B,$0.64B,11.27%,$5.66B,$0.64B,11.27%,$5.66B,$0.64B,11.27%,$5.66B,$0.64B,11.27%,$5.66B,$0.58B,10.30%,$5.66B,$0.39B,6.96%,$0.39B,$3.85B,10.02%,$0.39B,$3.85B,10.02%,$0.39B,$17.33B,2.29%,$0.64B,$4.82B,13.03%,$1546,$1347,$198,$0,$0,$1347,$198,$-14,$185,$59,$126,$126,$126,$198,$198,$259,296,$0.48,$0.44,$160,$0,$0,$5271,$0,$11229,$0,$559,$12057,$17328,$11814,$962,$691,$1660,$13474,$261,$2894,$56,$3854,$17328,$331,$0,$-77,$-77,$-49,$0,$72,$0,$37,$567,$0,$0,$0,$9,$-357,$-348,$-17,$-365,$-3,$0,$-3,$-28,$-28,$-144,$-2,$-178,$23,$0,$-144
13,2015-06-30,13.21,$15.07,0.88,$18.64,0.71,$-0.20,0.0,$1.25,10.57,$5.24B,$11.71B,0.45,$0.96B,$3.94B,0.24,$5.51B,$0.57B,10.35%,$5.51B,$0.57B,10.35%,$5.51B,$0.57B,10.35%,$5.51B,$0.57B,10.35%,$5.51B,$0.52B,9.43%,$5.51B,$0.35B,6.43%,$0.35B,$3.94B,8.96%,$0.35B,$3.94B,8.96%,$0.35B,$17.28B,2.07%,$0.57B,$4.90B,11.60%,$1410,$1244,$166,$0,$0,$1244,$166,$-14,$152,$50,$102,$102,$102,$166,$166,$259,296,$0.39,$0.36,$128,$0,$0,$5244,$0,$11221,$0,$561,$12033,$17277,$11711,$962,$667,$1628,$13340,$261,$2816,$188,$3937,$17277,$206,$0,$-36,$-36,$-15,$0,$28,$0,$13,$304,$0,$0,$0,$-44,$-162,$-206,$-10,$-216,$-3,$0,$-3,$4,$4,$-96,$-2,$-97,$-9,$0,$-96
14,2015-03-31,12.48,$15.37,0.81,$18.40,0.68,$-0.64,0.0,$1.13,11.04,$5.08B,$11.52B,0.44,$0.96B,$4.01B,0.24,$5.43B,$0.51B,9.45%,$5.43B,$0.51B,9.45%,$5.43B,$0.51B,9.45%,$5.43B,$0.51B,9.45%,$5.43B,$0.47B,8.60%,$5.43B,$0.32B,5.86%,$0.32B,$4.01B,8.04%,$0.32B,$4.01B,8.04%,$0.32B,$17.20B,1.86%,$0.51B,$4.98B,10.65%,$1330,$1161,$170,$0,$0,$1161,$170,$-16,$154,$50,$103,$103,$103,$170,$170,$259,296,$0.40,$0.36,$150,$0,$0,$5082,$0,$11340,$0,$543,$12119,$17201,$11524,$962,$682,$1662,$13187,$261,$2762,$321,$4014,$17201,$103,$0,$-19,$-19,$7,$0,$29,$10,$88,$191,$0,$0,$0,$28,$-151,$-123,$-4,$-127,$-3,$0,$-3,$2,$2,$-48,$-1,$-50,$14,$0,$-48
15,2014-12-31,12.07,$15.04,0.8,$18.75,0.64,$-0.82,0.0,$1.44,8.38,$5.06B,$11.43B,0.44,$0.97B,$3.92B,0.25,$5.53B,$0.65B,11.75%,$5.53B,$0.65B,11.75%,$5.53B,$0.65B,11.75%,$5.53B,$0.65B,11.75%,$5.53B,$0.61B,11.03%,$5.53B,$0.41B,7.39%,$0.41B,$3.92B,10.44%,$0.41B,$3.92B,10.44%,$0.41B,$16.99B,2.41%,$0.65B,$4.89B,13.88%,$1375,$1271,$104,$0,$0,$1271,$104,$-13,$92,$28,$63,$63,$63,$104,$104,$259,295,$0.24,$0.23,$137,$0,$0,$5062,$0,$11155,$0,$540,$11926,$16988,$11429,$965,$670,$1635,$13064,$261,$2707,$292,$3924,$16988,$410,$0,$-272,$-272,$-27,$0,$36,$104,$201,$-181,$0,$0,$-3,$513,$-521,$-8,$-32,$-43,$390,$0,$390,$6,$6,$-188,$0,$208,$-17,$0,$-188
16,2014-09-30,11.64,$15.04,0.77,$18.63,0.62,$2.13,5.47,$1.54,7.56,$5.34B,$11.52B,0.46,$0.97B,$3.92B,0.25,$5.49B,$0.70B,12.70%,$5.49B,$0.70B,12.70%,$5.49B,$0.70B,12.70%,$5.49B,$0.70B,12.70%,$5.49B,$0.66B,12.03%,$5.49B,$0.44B,8.04%,$0.44B,$3.92B,11.37%,$0.44B,$3.92B,11.37%,$0.44B,$16.99B,2.61%,$0.70B,$4.89B,15.33%,$1391,$1261,$130,$0,$0,$1261,$130,$-9,$121,$36,$86,$86,$86,$130,$130,$259,295,$0.33,$0.30,$220,$0,$0,$5341,$0,$10885,$0,$534,$11646,$16987,$11520,$965,$579,$1544,$13064,$261,$2691,$311,$3923,$16987,$346,$0,$-263,$-263,$-72,$0,$4,$0,$2,$-370,$0,$0,$0,$114,$111,$225,$-41,$183,$391,$0,$391,$5,$5,$-141,$-2,$253,$67,$0,$-141
17,2014-06-30,13.32,$15.16,0.88,$18.61,0.72,$4.95,2.69,$1.60,8.32,$5.20B,$12.10B,0.43,$0.57B,$3.95B,0.14,$5.48B,$0.73B,13.26%,$5.48B,$0.73B,13.26%,$5.48B,$0.73B,13.26%,$5.48B,$0.73B,13.26%,$5.48B,$0.69B,12.58%,$5.48B,$0.46B,8.36%,$0.46B,$3.95B,11.97%,$0.46B,$3.95B,11.97%,$0.46B,$17.18B,2.73%,$0.73B,$4.52B,16.52%,$1334,$1225,$109,$0,$0,$1225,$109,$-9,$100,$34,$66,$66,$66,$109,$109,$258,295,$0.26,$0.24,$146,$0,$0,$5203,$0,$11253,$0,$511,$11980,$17184,$12100,$566,$564,$1130,$13231,$261,$2652,$383,$3953,$17184,$261,$0,$-241,$-241,$-54,$0,$-17,$0,$-66,$172,$0,$0,$0,$-165,$99,$-66,$-19,$-85,$-3,$0,$-3,$4,$4,$-94,$-1,$-94,$-7,$0,$-94
18,2014-03-31,13.07,$14.84,0.88,$19.08,0.68,$5.31,2.46,$2.03,6.44,$4.96B,$11.79B,0.42,$0.57B,$3.87B,0.15,$5.61B,$0.92B,16.47%,$5.61B,$0.92B,16.47%,$5.61B,$0.92B,16.47%,$5.61B,$0.92B,16.47%,$5.61B,$0.89B,15.79%,$5.61B,$0.59B,10.45%,$0.59B,$3.87B,15.69%,$0.59B,$3.87B,15.69%,$0.59B,$16.81B,3.54%,$0.92B,$4.43B,21.45%,$1431,$1124,$307,$0,$0,$1124,$307,$-10,$297,$103,$194,$194,$194,$307,$307,$258,295,$0.75,$0.67,$130,$0,$0,$4955,$0,$11156,$0,$494,$11855,$16811,$11789,$566,$590,$1156,$12945,$261,$2633,$320,$3866,$16811,$194,$0,$-191,$-191,$-26,$0,$-14,$0,$42,$135,$0,$0,$0,$-167,$63,$-103,$-5,$-109,$-3,$0,$-3,$1,$1,$-47,$-1,$-50,$-23,$0,$-47
19,2013-12-31,13.6,$14.49,0.94,$18.57,0.73,$5.34,2.55,$1.57,8.66,$4.91B,$11.57B,0.42,$0.57B,$3.78B,0.15,$5.44B,$0.71B,13.06%,$5.44B,$0.71B,13.06%,$5.44B,$0.71B,13.06%,$5.44B,$0.71B,13.06%,$5.44B,$0.67B,12.36%,$5.44B,$0.45B,8.23%,$0.45B,$3.78B,12.15%,$0.45B,$3.78B,12.15%,$0.45B,$16.53B,2.72%,$0.71B,$4.34B,16.70%,$1332,$1181,$151,$0,$0,$1181,$151,$-8,$142,$48,$95,$95,$95,$151,$151,$257,294,$0.36,$0.33,$153,$0,$0,$4912,$0,$10956,$0,$474,$11622,$16534,$11571,$569,$619,$1188,$12759,$260,$2485,$378,$3775,$16534,$448,$0,$-148,$-148,$-0,$0,$67,$0,$171,$687,$0,$0,$-5,$139,$-576,$-437,$-16,$-458,$-4,$0,$-4,$12,$12,$-185,$-0,$-177,$52,$0,$-185
20,2013-09-30,12.0,$14.29,0.84,$19.06,0.63,$5.08,2.36,$1.16,10.34,$5.06B,$11.60B,0.44,$0.57B,$3.72B,0.15,$5.40B,$0.54B,9.92%,$5.40B,$0.54B,9.92%,$5.40B,$0.54B,9.92%,$5.40B,$0.54B,9.92%,$5.40B,$0.49B,9.16%,$5.40B,$0.33B,6.17%,$0.33B,$3.72B,9.14%,$0.33B,$3.72B,9.14%,$0.33B,$16.53B,2.03%,$0.54B,$4.29B,12.70%,$1380,$1221,$159,$0,$0,$1221,$159,$-9,$150,$47,$103,$103,$103,$159,$159,$257,293,$0.40,$0.36,$156,$0,$0,$5057,$0,$10808,$0,$471,$11469,$16526,$11604,$569,$637,$1206,$12810,$260,$2437,$377,$3716,$16526,$353,$0,$-147,$-147,$-31,$0,$36,$0,$111,$459,$0,$0,$-5,$115,$-373,$-258,$-2,$-266,$-4,$0,$-4,$6,$6,$-138,$-2,$-138,$55,$0,$-138
21,2013-06-30,9.9,$13.80,0.72,$19.45,0.51,$4.78,2.07,$0.74,13.38,$4.96B,$11.44B,0.43,$0.57B,$3.58B,0.16,$5.32B,$0.36B,6.69%,$5.32B,$0.36B,6.69%,$5.32B,$0.36B,6.69%,$5.32B,$0.36B,6.69%,$5.32B,$0.31B,5.88%,$5.32B,$0.22B,4.04%,$0.22B,$3.59B,5.91%,$0.22B,$3.59B,5.91%,$0.22B,$16.30B,1.32%,$0.36B,$4.16B,8.46%,$1462,$1156,$306,$0,$0,$1156,$306,$-9,$296,$102,$194,$194,$194,$306,$306,$257,293,$0.76,$0.67,$113,$0,$0,$4955,$0,$10706,$0,$463,$11344,$16299,$11442,$570,$703,$1273,$12715,$260,$2380,$307,$3585,$16299,$250,$0,$-142,$-142,$-35,$0,$6,$57,$144,$278,$0,$0,$23,$172,$-349,$-177,$-20,$-174,$-3,$0,$-3,$4,$4,$-92,$-2,$-93,$11,$0,$-92
22,2013-03-31,9.65,$14.15,0.68,$19.25,0.5,$4.34,2.22,$-0.06,0.0,$4.92B,$11.46B,0.43,$0.57B,$3.67B,0.16,$5.08B,$0.00B,0.08%,$5.08B,$0.00B,0.08%,$5.08B,$0.00B,0.08%,$5.08B,$0.00B,0.08%,$5.08B,$-0.04B,-0.81%,$5.08B,$-0.01B,-0.26%,$-0.01B,$3.67B,-0.35%,$-0.01B,$3.67B,-0.35%,$-0.01B,$16.41B,-0.08%,$0.00B,$4.24B,0.09%,$1270,$1175,$95,$0,$0,$1175,$95,$-11,$85,$28,$56,$56,$56,$95,$95,$256,292,$0.22,$0.21,$123,$0,$0,$4915,$0,$10864,$0,$464,$11496,$16411,$11455,$570,$712,$1282,$12737,$260,$2232,$548,$3673,$16411,$56,$0,$-5,$-5,$-21,$0,$-16,$0,$10,$143,$0,$0,$0,$65,$-147,$-82,$10,$-72,$-3,$0,$-3,$1,$1,$-46,$-1,$-50,$21,$0,$-46
23,2012-12-31,7.96,$13.86,0.57,$19.43,0.41,$4.04,1.97,$-0.27,0.0,$4.90B,$11.31B,0.43,$0.57B,$3.60B,0.16,$4.97B,$-0.08B,-1.53%,$4.97B,$-0.08B,-1.53%,$4.97B,$-0.08B,-1.53%,$4.97B,$-0.08B,-1.53%,$4.97B,$-0.13B,-2.60%,$4.97B,$-0.07B,-1.39%,$-0.07B,$3.60B,-1.87%,$-0.07B,$3.60B,-1.87%,$-0.07B,$16.23B,-0.43%,$-0.08B,$4.17B,-1.75%,$1283,$1308,$-25,$0,$0,$1308,$-25,$-12,$-37,$-16,$-20,$-20,$-20,$-25,$-25,$256,256,$-0.08,$-0.08,$101,$0,$0,$4895,$0,$10699,$0,$467,$11332,$16227,$11307,$573,$750,$1323,$12631,$259,$2222,$482,$3596,$16227,$-69,$0,$-48,$-48,$-54,$0,$99,$0,$-15,$532,$0,$0,$6,$212,$-211,$1,$-11,$-4,$-340,$0,$-340,$1,$1,$-182,$0,$-520,$8,$0,$-182
24,2012-09-30,6.84,$14.22,0.48,$19.54,0.35,$1.59,4.31,$0.03,227.98,$4.99B,$11.24B,0.44,$0.57B,$3.69B,0.16,$5.00B,$0.05B,0.92%,$5.00B,$0.05B,0.92%,$5.00B,$0.05B,0.92%,$5.00B,$0.05B,0.92%,$5.00B,$-0.01B,-0.26%,$5.00B,$0.01B,0.12%,$0.01B,$3.69B,0.16%,$0.01B,$3.69B,0.16%,$0.01B,$16.19B,0.04%,$0.05B,$4.26B,1.03%,$1305,$1324,$-20,$0,$0,$1324,$-20,$-12,$-31,$-16,$-15,$-15,$-15,$-20,$-20,$256,256,$-0.06,$-0.06,$126,$0,$0,$4988,$0,$10540,$0,$482,$11199,$16188,$11236,$573,$688,$1261,$12497,$259,$2288,$512,$3690,$16188,$-48,$0,$-44,$-44,$-106,$0,$15,$0,$-136,$322,$0,$0,$0,$156,$34,$190,$-4,$186,$-340,$0,$-340,$1,$1,$-136,$-1,$-476,$32,$0,$-136
25,2012-06-30,5.98,$14.31,0.42,$18.80,0.32,$-0.17,0.0,$-0.37,0.0,$4.87B,$10.93B,0.45,$0.57B,$3.71B,0.16,$4.80B,$-0.09B,-1.83%,$4.80B,$-0.09B,-1.83%,$4.80B,$-0.09B,-1.83%,$4.80B,$-0.09B,-1.83%,$4.80B,$-0.17B,-3.43%,$4.80B,$-0.10B,-2.00%,$-0.10B,$3.71B,-2.55%,$-0.10B,$3.71B,-2.55%,$-0.10B,$15.88B,-0.60%,$-0.09B,$4.29B,-1.91%,$1224,$1269,$-46,$0,$0,$1269,$-46,$-13,$-58,$-24,$-34,$-34,$-34,$-46,$-46,$256,256,$-0.13,$-0.13,$109,$0,$0,$4867,$0,$10355,$0,$474,$11008,$15875,$10928,$574,$661,$1235,$12163,$259,$2348,$476,$3712,$15875,$-34,$0,$-25,$-25,$-55,$0,$-21,$0,$-107,$130,$0,$0,$0,$268,$46,$313,$3,$316,$-339,$0,$-339,$1,$1,$-91,$-1,$-430,$16,$0,$-91
26,2012-03-31,7.47,$14.54,0.51,$18.31,0.41,$-1.28,0.0,$-0.50,0.0,$4.87B,$10.76B,0.45,$0.91B,$3.77B,0.24,$4.68B,$-0.13B,-2.82%,$4.68B,$-0.13B,-2.82%,$4.68B,$-0.13B,-2.82%,$4.68B,$-0.13B,-2.82%,$4.68B,$-0.22B,-4.60%,$4.68B,$-0.13B,-2.74%,$-0.13B,$3.77B,-3.34%,$-0.13B,$3.77B,-3.34%,$-0.13B,$16.17B,-0.80%,$-0.13B,$4.68B,-2.78%,$1158,$1143,$15,$0,$0,$1143,$15,$-18,$-3,$-3,$1,$1,$0,$15,$15,$255,256,$0.00,$0.00,$117,$0,$0,$4873,$0,$10622,$0,$480,$11292,$16165,$10758,$910,$723,$1633,$12392,$259,$2428,$459,$3773,$16165,$0,$0,$-3,$-3,$-72,$0,$8,$0,$-72,$49,$0,$0,$0,$41,$-21,$20,$4,$23,$-3,$0,$-3,$0,$0,$-45,$-1,$-48,$24,$0,$-45
27,2011-12-31,6.36,$14.55,0.44,$18.22,0.35,$-1.68,0.0,$-0.55,0.0,$4.78B,$10.63B,0.45,$0.91B,$3.77B,0.24,$4.65B,$-0.16B,-3.40%,$4.65B,$-0.16B,-3.40%,$4.65B,$-0.16B,-3.40%,$4.65B,$-0.16B,-3.40%,$4.65B,$-0.24B,-5.10%,$4.65B,$-0.14B,-3.03%,$-0.14B,$3.77B,-3.61%,$-0.14B,$3.77B,-3.61%,$-0.14B,$16.05B,-0.88%,$-0.16B,$4.69B,-3.26%,$1308,$1210,$97,$0,$0,$1210,$97,$-18,$79,$24,$55,$55,$55,$97,$97,$255,255,$0.22,$0.22,$93,$0,$0,$4776,$0,$10592,$0,$484,$11274,$16050,$10629,$913,$736,$1649,$12278,$259,$2472,$416,$3773,$16050,$-141,$0,$-116,$-116,$-29,$0,$111,$0,$96,$-95,$0,$0,$0,$-476,$308,$-168,$-20,$-187,$425,$0,$425,$1,$1,$-178,$0,$248,$-34,$0,$-178
28,2011-09-30,5.99,$14.76,0.41,$17.96,0.33,$-2.48,0.0,$-0.82,0.0,$4.78B,$10.59B,0.45,$0.91B,$3.83B,0.24,$4.52B,$-0.26B,-5.76%,$4.52B,$-0.26B,-5.76%,$4.52B,$-0.26B,-5.76%,$4.52B,$-0.26B,-5.76%,$4.52B,$-0.34B,-7.53%,$4.52B,$-0.21B,-4.63%,$-0.21B,$3.83B,-5.23%,$-0.21B,$3.83B,-5.23%,$-0.21B,$16.00B,-1.30%,$-0.26B,$4.74B,-5.39%,$1114,$1268,$-154,$0,$0,$1268,$-154,$-28,$-183,$-66,$-117,$-117,$-117,$-154,$-154,$255,255,$-0.46,$-0.46,$109,$0,$0,$4781,$0,$10534,$0,$482,$11217,$15999,$10592,$913,$666,$1579,$12171,$259,$2462,$487,$3828,$15999,$-196,$0,$12,$12,$-37,$0,$74,$0,$28,$-128,$0,$0,$0,$-312,$141,$-171,$-13,$-183,$425,$0,$425,$1,$1,$-134,$0,$292,$-19,$0,$-134
29,2011-06-30,7.74,$15.32,0.51,$17.77,0.44,$-2.71,0.0,$-0.52,0.0,$4.77B,$10.54B,0.45,$0.92B,$3.97B,0.23,$4.39B,$-0.16B,-3.60%,$4.39B,$-0.16B,-3.60%,$4.39B,$-0.16B,-3.60%,$4.39B,$-0.16B,-3.60%,$4.39B,$-0.22B,-4.97%,$4.39B,$-0.13B,-2.99%,$-0.13B,$3.97B,-3.24%,$-0.13B,$3.97B,-3.24%,$-0.13B,$16.09B,-0.84%,$-0.16B,$4.90B,-3.34%,$1095,$1185,$-90,$0,$0,$1185,$-90,$-18,$-108,$-42,$-66,$-66,$-66,$-90,$-90,$255,255,$-0.26,$-0.26,$130,$0,$0,$4765,$0,$10541,$0,$549,$11321,$16087,$10540,$923,$652,$1575,$12115,$259,$2623,$472,$3972,$16087,$-79,$0,$-4,$-4,$-35,$0,$36,$0,$-6,$-153,$0,$0,$0,$-105,$-83,$-187,$-3,$-191,$435,$0,$435,$1,$1,$-89,$-0,$346,$2,$0,$-89
30,2011-03-31,8.24,$15.62,0.53,$17.29,0.48,$-2.90,0.0,$-0.03,0.0,$4.74B,$10.57B,0.45,$1.02B,$4.05B,0.25,$4.30B,$0.02B,0.47%,$4.30B,$0.02B,0.47%,$4.30B,$0.02B,0.47%,$4.30B,$0.02B,0.47%,$4.30B,$-0.03B,-0.67%,$4.30B,$-0.01B,-0.19%,$-0.01B,$4.05B,-0.20%,$-0.01B,$4.05B,-0.20%,$-0.01B,$16.30B,-0.05%,$0.02B,$5.07B,0.44%,$1130,$1140,$-11,$0,$0,$1140,$-11,$-14,$-25,$-12,$-13,$-13,$-13,$-11,$-11,$255,255,$-0.05,$-0.05,$118,$0,$0,$4741,$0,$10773,$0,$554,$11562,$16304,$10565,$1022,$667,$1688,$12254,$259,$2734,$442,$4050,$16304,$-13,$0,$-6,$-6,$-41,$0,$22,$0,$7,$-52,$0,$0,$0,$-390,$-62,$-451,$4,$-447,$534,$0,$534,$1,$1,$-45,$0,$490,$-9,$0,$-45
31,2010-12-31,8.72,$15.90,0.55,$16.80,0.52,$-2.78,0.0,$0.13,67.09,$4.71B,$10.62B,0.44,$0.48B,$4.12B,0.12,$4.10B,$0.07B,1.73%,$4.10B,$0.07B,1.73%,$4.10B,$0.07B,1.73%,$4.10B,$0.07B,1.73%,$4.10B,$0.03B,0.66%,$4.10B,$0.03B,0.73%,$0.03B,$4.12B,0.74%,$0.03B,$4.12B,0.74%,$0.03B,$15.88B,0.21%,$0.07B,$4.60B,1.61%,$1176,$1180,$-5,$0,$0,$1180,$-5,$-20,$-24,$-10,$-13,$-13,$-13,$-5,$-5,$241,241,$-0.06,$-0.05,$127,$0,$0,$4708,$0,$10363,$0,$580,$11174,$15883,$10623,$475,$663,$1138,$11761,$259,$2791,$459,$4121,$15883,$30,$0,$-109,$-109,$33,$0,$92,$0,$225,$-282,$0,$0,$0,$158,$368,$526,$-26,$500,$-4,$0,$-4,$3,$3,$-166,$-1,$-168,$50,$0,$-166
32,2010-09-30,8.75,$16.75,0.52,$16.05,0.54,$0.65,13.47,$0.03,291.53,$3.44B,$8.98B,0.38,$0.35B,$4.04B,0.09,$3.90B,$0.02B,0.51%,$3.90B,$0.02B,0.51%,$3.90B,$0.02B,0.51%,$3.90B,$0.02B,0.51%,$3.90B,$-0.02B,-0.38%,$3.90B,$0.01B,0.15%,$0.01B,$4.04B,0.15%,$0.01B,$4.04B,0.15%,$0.01B,$14.00B,0.04%,$0.02B,$4.38B,0.46%,$987,$1039,$-52,$0,$0,$1039,$-52,$-9,$-61,$-22,$-39,$-39,$-39,$-52,$-52,$237,237,$-0.16,$-0.16,$88,$0,$0,$3441,$0,$9857,$0,$501,$10553,$13995,$8984,$346,$471,$973,$9957,$241,$2849,$568,$4038,$13995,$44,$0,$-80,$-80,$-1,$0,$71,$0,$182,$-173,$0,$0,$0,$-90,$408,$318,$-12,$306,$-3,$0,$-3,$3,$3,$-122,$1,$-122,$11,$0,$-122
33,2010-06-30,7.56,$16.53,0.46,$16.30,0.46,$3.24,2.34,$-0.01,0.0,$3.57B,$9.09B,0.39,$0.35B,$3.98B,0.09,$3.95B,$0.05B,1.37%,$3.95B,$0.05B,1.37%,$3.95B,$0.05B,1.37%,$3.95B,$0.05B,1.37%,$3.95B,$0.02B,0.43%,$3.95B,$0.05B,1.32%,$0.05B,$3.98B,1.32%,$0.05B,$3.98B,1.32%,$0.05B,$13.97B,0.37%,$0.05B,$4.33B,1.26%,$1008,$920,$88,$0,$0,$920,$88,$-7,$81,$23,$58,$58,$57,$88,$88,$237,264,$0.24,$0.23,$65,$0,$0,$3574,$0,$9692,$0,$502,$10395,$13970,$9093,$347,$435,$893,$9986,$241,$2929,$437,$3984,$13970,$83,$0,$-76,$-76,$-36,$0,$19,$0,$112,$-211,$0,$0,$0,$-25,$312,$287,$-7,$280,$-3,$0,$-3,$3,$3,$-81,$1,$-81,$-12,$0,$-81
34,2010-03-31,7.8,$16.58,0.47,$16.35,0.48,$5.23,1.49,$-0.31,0.0,$3.60B,$9.34B,0.39,$0.35B,$4.00B,0.09,$3.86B,$-0.11B,-2.90%,$3.86B,$-0.11B,-2.90%,$3.86B,$-0.11B,-2.90%,$3.86B,$-0.11B,-2.90%,$3.86B,$-0.15B,-3.89%,$3.86B,$-0.02B,-0.54%,$-0.02B,$4.00B,-0.54%,$-0.02B,$4.00B,-0.54%,$-0.02B,$14.24B,-0.15%,$-0.11B,$4.34B,-2.64%,$933,$892,$40,$0,$0,$892,$40,$-9,$31,$6,$25,$25,$25,$40,$40,$236,236,$0.11,$0.11,$75,$0,$0,$3596,$0,$9911,$0,$531,$10644,$14241,$9338,$347,$457,$907,$10245,$241,$2912,$468,$3996,$14241,$25,$0,$-3,$-3,$15,$0,$17,$0,$119,$-19,$0,$0,$0,$44,$16,$59,$-2,$57,$-3,$0,$-3,$2,$2,$-41,$0,$-41,$-2,$0,$-41
35,2009-12-31,6.09,$16.17,0.38,$16.14,0.38,$6.43,0.95,$-0.65,0.0,$3.57B,$9.46B,0.38,$0.35B,$3.89B,0.09,$3.80B,$-0.24B,-6.34%,$3.80B,$-0.24B,-6.34%,$3.80B,$-0.24B,-6.34%,$3.80B,$-0.24B,-6.34%,$3.80B,$-0.27B,-7.20%,$3.80B,$-0.10B,-2.63%,$-0.10B,$3.89B,-2.63%,$-0.10B,$3.89B,-2.63%,$-0.10B,$14.19B,-0.72%,$-0.24B,$4.24B,-5.84%,$972,$1028,$-56,$0,$0,$1028,$-56,$-10,$-66,$-29,$-37,$-37,$-37,$-56,$-56,$236,236,$-0.15,$-0.15,$77,$0,$0,$3573,$0,$9802,$0,$608,$10616,$14190,$9460,$347,$444,$839,$10299,$241,$2927,$354,$3891,$14190,$-99,$0,$-6,$-6,$-14,$0,$87,$0,$115,$533,$0,$0,$-6,$65,$-501,$-436,$-22,$-465,$103,$0,$103,$1,$1,$-160,$0,$-55,$13,$0,$-160
36,2009-09-30,7.27,$16.21,0.45,$15.63,0.47,$6.61,1.1,$-1.04,0.0,$3.71B,$9.54B,0.39,$0.37B,$3.90B,0.1,$3.67B,$-0.37B,-10.06%,$3.67B,$-0.37B,-10.06%,$3.67B,$-0.37B,-10.06%,$3.67B,$-0.37B,-10.06%,$3.67B,$-0.40B,-10.80%,$3.67B,$-0.19B,-5.18%,$-0.19B,$3.90B,-5.05%,$-0.19B,$3.90B,-5.05%,$-0.19B,$14.31B,-1.39%,$-0.37B,$4.27B,-9.09%,$1040,$1058,$-18,$0,$0,$1058,$-18,$-11,$-29,$-37,$7,$7,$7,$-18,$-18,$236,236,$0.03,$0.03,$55,$0,$0,$3708,$0,$9790,$0,$597,$10601,$14309,$9542,$372,$439,$866,$10408,$241,$2951,$343,$3901,$14309,$-62,$0,$1,$1,$-98,$0,$71,$0,$53,$438,$0,$0,$0,$-105,$-333,$-438,$-20,$-458,$129,$0,$129,$1,$1,$-120,$0,$10,$-9,$0,$-120
37,2009-06-30,5.79,$15.60,0.37,$15.31,0.38,$6.78,0.85,$-1.05,0.0,$3.59B,$9.17B,0.39,$0.37B,$3.75B,0.1,$3.57B,$-0.42B,-11.76%,$3.57B,$-0.42B,-11.76%,$3.57B,$-0.42B,-11.76%,$3.57B,$-0.42B,-11.76%,$3.57B,$-0.44B,-12.32%,$3.57B,$-0.25B,-6.86%,$-0.25B,$3.75B,-6.51%,$-0.25B,$3.75B,-6.51%,$-0.25B,$13.72B,-1.83%,$-0.42B,$4.13B,-10.50%,$913,$991,$-78,$0,$0,$991,$-78,$-7,$-86,$-70,$-16,$-16,$-16,$-78,$-78,$236,236,$-0.07,$-0.07,$66,$0,$0,$3587,$0,$9324,$0,$591,$10131,$13719,$9172,$372,$410,$793,$9965,$241,$3037,$112,$3753,$13719,$-70,$0,$-0,$-0,$-17,$0,$26,$0,$130,$280,$0,$0,$0,$-91,$-224,$-315,$-14,$-328,$129,$0,$129,$1,$1,$-80,$-0,$49,$2,$0,$-80
38,2009-03-31,6.26,$15.15,0.41,$13.63,0.46,$7.01,0.89,$-1.18,0.0,$3.50B,$9.00B,0.39,$0.22B,$3.64B,0.06,$3.17B,$-0.85B,-26.98%,$3.17B,$-0.85B,-26.98%,$3.17B,$-0.85B,-26.98%,$3.17B,$-0.85B,-26.98%,$3.17B,$-0.87B,-27.55%,$3.17B,$-0.59B,-18.77%,$-0.59B,$3.64B,-15.47%,$-0.59B,$3.64B,-15.47%,$-0.59B,$13.29B,-4.49%,$-0.85B,$3.86B,-21.35%,$879,$968,$-89,$0,$0,$968,$-89,$-3,$-93,$-39,$-54,$-54,$-54,$-89,$-89,$235,235,$-0.23,$-0.23,$60,$0,$0,$3504,$0,$8993,$0,$579,$9789,$13294,$9001,$221,$404,$649,$9650,$241,$3093,$-51,$3643,$13294,$-54,$0,$0,$0,$3,$0,$11,$0,$215,$263,$0,$0,$0,$-195,$-17,$-212,$-4,$-216,$-12,$0,$-12,$0,$0,$-40,$0,$-52,$-4,$0,$-40
39,2008-12-31,6.77,$15.55,0.44,$14.02,0.48,$6.76,1.0,$-1.03,0.0,$3.43B,$8.80B,0.39,$0.23B,$3.74B,0.06,$3.24B,$-0.80B,-24.77%,$3.24B,$-0.80B,-24.77%,$3.24B,$-0.80B,-24.77%,$3.24B,$-0.80B,-24.77%,$3.24B,$-0.82B,-25.29%,$3.24B,$-0.56B,-17.26%,$-0.56B,$3.74B,-13.90%,$-0.56B,$3.74B,-13.90%,$-0.56B,$13.27B,-4.23%,$-0.80B,$3.97B,-19.35%,$836,$1020,$-184,$0,$0,$1020,$-184,$-5,$-188,$-62,$-126,$-126,$-127,$-184,$-184,$231,231,$-0.54,$-0.54,$64,$0,$0,$3427,$0,$8791,$0,$825,$9839,$13266,$8799,$233,$416,$726,$9526,$241,$3187,$-42,$3740,$13266,$-558,$0,$486,$486,$67,$0,$60,$0,$-116,$566,$0,$0,$-4,$-427,$-198,$-626,$22,$-607,$169,$0,$169,$36,$36,$-155,$2,$52,$10,$0,$-155
40,2008-09-30,7.11,$16.96,0.42,$14.94,0.48,$8.02,0.89,$-0.40,0.0,$3.44B,$8.68B,0.4,$0.12B,$3.91B,0.03,$3.46B,$-0.59B,-17.18%,$3.46B,$-0.59B,-17.18%,$3.46B,$-0.59B,-17.18%,$3.46B,$-0.59B,-17.18%,$3.46B,$-0.61B,-17.65%,$3.46B,$-0.41B,-11.92%,$-0.41B,$3.91B,-9.76%,$-0.41B,$3.91B,-9.76%,$-0.41B,$13.20B,-3.12%,$-0.59B,$4.04B,-13.80%,$943,$1012,$-69,$0,$0,$1012,$-69,$-4,$-73,$-25,$-48,$-48,$-48,$-69,$-69,$231,231,$-0.21,$-0.21,$87,$0,$0,$3440,$0,$8647,$0,$882,$9763,$13204,$8679,$124,$367,$610,$9290,$231,$3353,$1,$3914,$13204,$-432,$0,$423,$423,$49,$0,$31,$0,$-139,$468,$0,$0,$-4,$-267,$-129,$-396,$16,$-385,$60,$0,$60,$3,$3,$-115,$2,$-51,$33,$0,$-115
41,2008-06-30,6.5,$17.59,0.37,$15.29,0.43,$8.76,0.74,$-0.07,0.0,$3.38B,$8.41B,0.4,$0.07B,$4.06B,0.02,$3.54B,$-0.49B,-13.74%,$3.54B,$-0.49B,-13.74%,$3.54B,$-0.49B,-13.74%,$3.54B,$-0.49B,-13.74%,$3.54B,$-0.50B,-14.16%,$3.54B,$-0.34B,-9.45%,$-0.34B,$4.06B,-7.64%,$-0.34B,$4.06B,-7.64%,$-0.34B,$13.11B,-2.54%,$-0.49B,$4.13B,-10.92%,$507,$1019,$-512,$0,$0,$1019,$-512,$-6,$-518,$-153,$-365,$-365,$-365,$-512,$-512,$231,231,$-1.58,$-1.58,$85,$0,$0,$3384,$0,$8606,$0,$874,$9720,$13105,$8411,$66,$380,$634,$9046,$232,$3440,$60,$4059,$13105,$-384,$0,$430,$430,$32,$0,$21,$0,$-126,$329,$0,$0,$-4,$-94,$-168,$-261,$37,$-228,$2,$0,$2,$3,$3,$-76,$2,$-70,$31,$0,$-76
42,2008-03-31,7.01,$18.99,0.37,$17.51,0.4,$9.07,0.77,$0.62,11.31,$3.31B,$8.12B,0.41,$0.07B,$4.38B,0.02,$4.07B,$0.20B,4.84%,$4.07B,$0.20B,4.84%,$4.07B,$0.20B,4.84%,$4.07B,$0.20B,4.84%,$4.07B,$0.18B,4.50%,$4.07B,$0.15B,3.56%,$0.15B,$4.38B,3.22%,$0.15B,$4.38B,3.22%,$0.15B,$13.25B,1.11%,$0.20B,$4.44B,4.32%,$952,$988,$-37,$0,$0,$988,$-37,$-3,$-40,$-21,$-19,$-19,$-19,$-37,$-37,$230,230,$-0.08,$-0.08,$77,$0,$0,$3314,$0,$8818,$0,$878,$9935,$13250,$8124,$67,$353,$749,$8873,$232,$3844,$-21,$4377,$13250,$-19,$0,$-1,$-1,$5,$0,$-3,$0,$13,$199,$0,$0,$-4,$-155,$-6,$-161,$22,$-143,$3,$0,$3,$0,$0,$-37,$0,$-33,$23,$0,$-37
43,2007-12-31,8.27,$19.71,0.42,$17.55,0.47,$9.03,0.92,$1.16,7.13,$3.27B,$7.89B,0.41,$0.06B,$4.54B,0.01,$4.09B,$0.40B,9.66%,$4.09B,$0.40B,9.66%,$4.09B,$0.40B,9.66%,$4.09B,$0.40B,9.66%,$4.09B,$0.38B,9.26%,$4.09B,$0.27B,6.65%,$0.27B,$4.54B,6.01%,$0.27B,$4.54B,6.01%,$0.27B,$13.29B,2.09%,$0.40B,$4.61B,8.58%,$1055,$1031,$24,$0,$0,$1031,$24,$-4,$21,$0,$20,$20,$20,$24,$24,$231,233,$0.08,$0.10,$54,$0,$0,$3270,$0,$8870,$0,$904,$10021,$13291,$7892,$64,$375,$857,$8749,$232,$3900,$93,$4542,$13291,$272,$0,$-70,$-70,$53,$0,$67,$0,$-6,$863,$0,$0,$-4,$32,$-656,$-624,$-15,$-643,$-80,$0,$-80,$-13,$-13,$-145,$2,$-237,$-18,$0,$-145
44,2007-09-30,9.95,$19.81,0.5,$17.04,0.58,$9.64,1.03,$1.52,6.55,$3.35B,$7.68B,0.44,$0.09B,$4.56B,0.02,$3.97B,$0.53B,13.29%,$3.97B,$0.53B,13.29%,$3.97B,$0.53B,13.29%,$3.97B,$0.53B,13.29%,$3.97B,$0.51B,12.86%,$3.97B,$0.36B,8.99%,$0.36B,$4.56B,7.97%,$0.36B,$4.56B,7.97%,$0.36B,$13.17B,2.79%,$0.53B,$4.66B,11.53%,$1030,$992,$38,$0,$0,$992,$38,$-3,$35,$6,$29,$29,$29,$38,$38,$231,232,$0.13,$0.12,$91,$0,$0,$3348,$0,$8672,$0,$899,$9824,$13173,$7680,$94,$362,$929,$8609,$232,$3918,$101,$4564,$13173,$252,$0,$-20,$-20,$18,$0,$28,$0,$-24,$643,$0,$0,$-4,$30,$-473,$-442,$-8,$-454,$-50,$0,$-50,$-14,$-14,$-109,$3,$-170,$19,$0,$-109
45,2007-06-30,11.19,$19.51,0.57,$16.76,0.67,$9.27,1.21,$1.90,5.89,$3.26B,$7.34B,0.44,$0.02B,$4.52B,0.01,$3.91B,$0.66B,16.99%,$3.91B,$0.66B,16.99%,$3.91B,$0.66B,16.99%,$3.91B,$0.66B,16.99%,$3.91B,$0.65B,16.50%,$3.91B,$0.44B,11.36%,$0.44B,$4.52B,10.05%,$0.44B,$4.52B,10.05%,$0.44B,$12.71B,3.54%,$0.66B,$4.54B,14.66%,$1032,$860,$172,$0,$0,$860,$172,$-5,$167,$52,$115,$115,$115,$172,$172,$232,234,$0.50,$0.49,$115,$0,$0,$3256,$0,$8293,$0,$902,$9449,$12706,$7342,$24,$356,$845,$8188,$232,$3925,$27,$4518,$12706,$223,$0,$-16,$-16,$53,$0,$8,$0,$4,$405,$0,$0,$-4,$30,$-200,$-170,$-7,$-181,$-121,$0,$-121,$8,$8,$-72,$3,$-181,$43,$0,$-72
46,2007-03-31,11.56,$19.33,0.6,$16.43,0.7,$8.94,1.29,$1.95,5.93,$3.29B,$7.29B,0.45,$0.14B,$4.47B,0.03,$3.83B,$0.68B,17.86%,$3.83B,$0.68B,17.86%,$3.83B,$0.68B,17.86%,$3.83B,$0.68B,17.86%,$3.83B,$0.66B,17.36%,$3.83B,$0.46B,11.92%,$0.46B,$4.47B,10.55%,$0.46B,$4.47B,10.55%,$0.46B,$12.77B,3.71%,$0.68B,$4.61B,15.30%,$974,$813,$161,$0,$0,$813,$161,$-5,$156,$48,$108,$108,$108,$161,$161,$231,234,$0.47,$0.46,$82,$0,$0,$3289,$0,$8325,$0,$904,$9482,$12772,$7288,$139,$363,$1012,$8300,$231,$3847,$63,$4472,$12772,$108,$0,$-3,$-3,$51,$0,$1,$0,$30,$197,$-4,$0,$0,$-66,$-80,$-146,$-2,$-152,$-6,$0,$-6,$5,$5,$-35,$0,$-35,$11,$0,$-35
47,2006-12-31,12.08,$18.91,0.64,$16.34,0.74,$8.89,1.36,$2.00,6.04,$3.36B,$7.25B,0.46,$0.14B,$4.37B,0.03,$3.79B,$0.70B,18.40%,$3.79B,$0.70B,18.40%,$3.79B,$0.70B,18.40%,$3.79B,$0.70B,18.40%,$3.79B,$0.68B,17.92%,$3.79B,$0.47B,12.26%,$0.47B,$4.37B,11.02%,$0.47B,$4.37B,11.02%,$0.47B,$12.61B,3.88%,$0.70B,$4.51B,16.00%,$938,$781,$157,$0,$0,$781,$157,$-5,$153,$48,$105,$105,$105,$157,$157,$231,233,$0.45,$0.44,$72,$0,$0,$3355,$0,$8159,$0,$833,$9257,$12612,$7247,$144,$382,$996,$8243,$231,$3774,$45,$4369,$12612,$465,$0,$-19,$-19,$-163,$0,$60,$0,$-115,$1005,$0,$0,$-52,$-218,$-602,$-820,$-16,$-887,$2,$0,$2,$19,$19,$-136,$1,$-114,$3,$0,$-136
