,Date,Stock Price,Book Value per Share,Price to Book Ratio,TTM Sales per Share,Price to Sales Ratio,TTM FCF per Share,Price to FCF Ratio,TTM Net EPS,PE Ratio,Current Assets,Current Liabilities,Current Ratio,Long Term Debt,Shareholder's Equity_x,Debt to Equity Ratio,TTM Revenue_x,TTM Gross Profit,Gross Margin,TTM Revenue_y,TTM Operating Income,Operating Margin,TTM Revenue_x,TTM EBIT,EBIT Margin,TTM Revenue_y,TTM EBITDA,EBITDA Margin,TTM Revenue_x,TTM Pre-Tax Income,Pre-Tax Margin,TTM Revenue_y,TTM Net Income_x,Net Margin,TTM Net Income_y,Shareholder's Equity_y,Return on Equity,TTM Net Income_x,Tangible Equity,Return on Tangible Equity,TTM Net Income_y,Total Assets,Return on Assets,TTM Net Income,LT Investments & Debt,Return on Investment,revenue,cost-goods-sold,gross-profit,research-development-expenses,selling-general-administrative-expenses,operating-expenses,operating-income,total-non-operating-income-expense,pre-tax-income,total-provision-income-taxes,income-after-taxes,income-from-continuous-operations,net-income,ebitda,ebit,basic-shares-outstanding,shares-outstanding,eps-basic-net-earnings-per-share,eps-earnings-per-share-diluted,cash-on-hand,inventory,other-current-assets,total-current-assets,net-property-plant-equipment,long-term-investments,goodwill-intangible-assets-total,other-long-term-assets,total-long-term-assets,total-assets,total-current-liabilities,long-term-debt,other-non-current-liabilities,total-long-term-liabilities,total-liabilities,common-stock-net,retained-earnings-accumulated-deficit,comprehensive-income,total-share-holder-equity,total-liabilities-share-holders-equity,net-income-loss,total-depreciation-amortization-cash-flow,other-non-cash-items,total-non-cash-items,change-in-accounts-receivable,change-in-inventories,change-in-accounts-payable,change-in-assets-liabilities,total-change-in-assets-liabilities,cash-flow-from-operating-activities,net-change-in-property-plant-equipment,net-change-in-intangible-assets,net-acquisitions-divestitures,net-change-in-short-term-investments,net-change-in-long-term-investments,net-change-in-investments-total,investing-activities-other,cash-flow-from-investing-activities,net-long-term-debt,net-current-debt,debt-issuance-retirement-net-total,net-common-equity-issued-repurchased,net-total-equity-issued-repurchased,total-common-preferred-stock-dividends-paid,financial-activities-other,cash-flow-from-financial-activities,net-cash-flow,stock-based-compensation,common-stock-dividends-paid
0,2018-09-30,15.55,$12.08,1.29,$3.48,4.47,$3.26,4.77,$0.99,15.71,$3.54B,$2.92B,1.21,$0.53B,$0.56B,0.94,$0.16B,$0.11B,71.34%,$0.16B,$0.07B,46.50%,$0.16B,0,0.00%,$0.16B,0,0.00%,$0.16B,$0.07B,46.50%,$0.16B,$0.04B,28.03%,$0.04B,$0.56B,7.91%,$0.04B,$0.56B,7.91%,$0.04B,$4.11B,1.06%,$0.07B,$1.09B,6.61%,$39,$12,$27,$0,$9,$21,$18,$0,$18,$5,$13,$13,$13,$0,$0,$45,45,$0.30,$0.30,$29,$0,$0,$3542,$13,$396,$0,$133,$568,$4110,$2924,$526,$97,$623,$3547,$1,$183,$11,$563,$4110,$13,$-0,$-1,$-1,$-1,$0,$0,$-2,$-2,$11,$-0,$0,$0,$0,$14,$14,$41,$55,$-70,$0,$-70,$-0,$-0,$-11,$9,$-72,$-6,$1,$-11
1,2018-06-30,15.95,$12.00,1.33,$3.47,4.6,$3.41,4.68,$0.96,16.62,$3.59B,$2.92B,1.23,$0.60B,$0.56B,1.07,$0.16B,$0.11B,72.61%,$0.16B,$0.07B,47.13%,$0.16B,0,0.00%,$0.16B,0,0.00%,$0.16B,$0.07B,47.13%,$0.16B,$0.04B,27.39%,$0.04B,$0.56B,7.72%,$0.04B,$0.56B,7.72%,$0.04B,$4.17B,1.04%,$0.07B,$1.16B,6.66%,$40,$12,$29,$0,$10,$22,$19,$0,$19,$5,$14,$14,$14,$0,$0,$44,45,$0.31,$0.29,$35,$0,$0,$3587,$13,$410,$0,$130,$580,$4167,$2915,$596,$96,$693,$3608,$1,$180,$11,$559,$4167,$43,$-1,$14,$13,$-1,$0,$0,$1,$1,$57,$-0,$0,$0,$0,$-43,$-43,$27,$-16,$-46,$0,$-46,$4,$4,$-57,$59,$-40,$1,$4,$-57
2,2018-03-31,14.87,$11.90,1.25,$3.23,4.6,$2.98,4.99,$0.72,20.65,$3.60B,$2.95B,1.22,$0.53B,$0.56B,0.96,$0.15B,$0.10B,71.23%,$0.15B,$0.06B,40.41%,$0.15B,0,0.00%,$0.15B,0,0.00%,$0.15B,$0.06B,40.41%,$0.15B,$0.03B,21.92%,$0.03B,$0.56B,5.75%,$0.03B,$0.56B,5.75%,$0.03B,$4.14B,0.77%,$0.06B,$1.09B,5.26%,$39,$11,$28,$0,$10,$20,$18,$0,$18,$5,$13,$13,$13,$0,$0,$44,45,$0.30,$0.30,$24,$0,$0,$3601,$14,$377,$0,$125,$541,$4142,$2954,$532,$101,$633,$3588,$1,$177,$10,$555,$4142,$29,$-0,$15,$15,$-1,$0,$0,$5,$4,$48,$-0,$0,$0,$0,$-9,$-9,$2,$-7,$-110,$0,$-110,$4,$4,$-46,$101,$-51,$-10,$3,$-46
3,2017-12-31,15.64,$11.82,1.32,$3.68,4.25,$2.90,5.39,$0.96,16.29,$3.64B,$2.95B,1.23,$0.54B,$0.55B,0.99,$0.17B,$0.13B,75.76%,$0.17B,$0.08B,48.48%,$0.17B,0,0.00%,$0.17B,0,0.00%,$0.17B,$0.08B,48.48%,$0.17B,$0.04B,26.06%,$0.04B,$0.55B,7.71%,$0.04B,$0.55B,7.71%,$0.04B,$4.12B,1.04%,$0.08B,$1.09B,6.74%,$39,$10,$28,$0,$10,$21,$18,$0,$18,$14,$4,$4,$4,$0,$0,$44,45,$0.09,$0.09,$39,$0,$0,$3636,$14,$332,$0,$114,$486,$4122,$2946,$540,$90,$629,$3575,$1,$178,$5,$548,$4122,$16,$-0,$14,$14,$-0,$0,$0,$3,$3,$33,$-0,$0,$0,$0,$37,$37,$-18,$19,$-103,$0,$-103,$4,$4,$-35,$88,$-46,$5,$2,$-35
4,2017-09-30,15.43,$12.27,1.26,$3.65,4.23,$2.74,5.63,$1.13,13.66,$3.60B,$2.92B,1.23,$0.55B,$0.57B,0.96,$0.16B,$0.12B,76.54%,$0.16B,$0.08B,48.15%,$0.16B,0,0.00%,$0.16B,0,0.00%,$0.16B,$0.08B,48.15%,$0.16B,$0.05B,30.86%,$0.05B,$0.57B,9.01%,$0.05B,$0.57B,9.01%,$0.05B,$4.12B,1.22%,$0.08B,$1.11B,6.24%,$39,$10,$29,$0,$10,$20,$19,$0,$19,$7,$12,$12,$12,$0,$0,$44,45,$0.27,$0.27,$31,$0,$0,$3604,$14,$357,$0,$106,$515,$4120,$2920,$546,$87,$633,$3553,$1,$202,$3,$566,$4120,$12,$-0,$-0,$-0,$-1,$0,$0,$6,$5,$17,$0,$0,$0,$0,$13,$13,$5,$18,$-96,$0,$-96,$2,$2,$-8,$63,$-38,$-2,$1,$-8
5,2017-06-30,15.5,$12.16,1.27,$3.59,4.32,$2.67,5.81,$1.10,14.09,$3.61B,$2.86B,1.26,$0.64B,$0.56B,1.15,$0.16B,$0.12B,77.22%,$0.16B,$0.08B,47.47%,$0.16B,0,0.00%,$0.16B,0,0.00%,$0.16B,$0.08B,47.47%,$0.16B,$0.05B,31.01%,$0.05B,$0.56B,8.93%,$0.05B,$0.56B,8.93%,$0.05B,$4.14B,1.22%,$0.08B,$1.20B,5.89%,$29,$10,$19,$0,$15,$25,$4,$0,$4,$1,$3,$3,$3,$0,$0,$43,45,$0.07,$0.06,$34,$0,$0,$3611,$14,$370,$0,$105,$527,$4138,$2856,$642,$80,$722,$3578,$1,$198,$4,$559,$4138,$49,$-0,$-7,$-7,$-1,$0,$0,$-5,$-5,$37,$-0,$0,$0,$0,$-1,$-1,$-432,$-434,$-140,$0,$-140,$8,$8,$-52,$597,$414,$17,$5,$-52
6,2017-03-31,15.29,$12.13,1.26,$3.90,3.92,$2.47,6.19,$1.29,11.85,$3.57B,$2.68B,1.33,$0.79B,$0.56B,1.42,$0.17B,$0.14B,79.53%,$0.17B,$0.09B,51.46%,$0.17B,0,0.00%,$0.17B,0,0.00%,$0.17B,$0.09B,52.05%,$0.17B,$0.06B,33.33%,$0.06B,$0.56B,10.51%,$0.06B,$0.56B,10.51%,$0.06B,$4.13B,1.46%,$0.09B,$1.35B,6.75%,$58,$10,$49,$0,$10,$20,$39,$0,$39,$14,$24,$24,$24,$0,$0,$44,45,$0.56,$0.54,$31,$0,$0,$3573,$14,$396,$0,$103,$553,$4126,$2680,$791,$98,$889,$3570,$1,$203,$-2,$557,$4126,$46,$-0,$-15,$-15,$-1,$0,$0,$14,$13,$44,$-0,$0,$0,$0,$-26,$-26,$-397,$-424,$10,$0,$10,$7,$7,$-44,$423,$394,$14,$4,$-44
7,2016-12-31,16.69,$11.74,1.42,$3.44,4.85,$1.93,8.67,$1.01,16.53,$3.42B,$2.59B,1.32,$0.80B,$0.54B,1.49,$0.15B,$0.12B,76.67%,$0.15B,$0.07B,44.67%,$0.15B,0,0.00%,$0.15B,0,0.00%,$0.15B,$0.07B,45.33%,$0.15B,$0.05B,30.00%,$0.05B,$0.54B,8.40%,$0.05B,$0.54B,8.40%,$0.05B,$4.01B,1.19%,$0.07B,$1.34B,5.20%,$36,$9,$27,$0,$11,$20,$16,$0,$16,$5,$11,$11,$11,$0,$0,$43,44,$0.26,$0.26,$30,$0,$0,$3423,$14,$428,$0,$107,$589,$4012,$2591,$801,$82,$883,$3474,$1,$186,$-2,$538,$4012,$22,$-0,$6,$6,$-0,$0,$0,$-3,$-3,$25,$-0,$0,$0,$0,$-76,$-76,$-250,$-326,$19,$0,$19,$6,$6,$-37,$328,$317,$16,$4,$-37
8,2016-09-30,13.46,$11.94,1.13,$4.04,3.34,$1.71,7.89,$1.12,12.02,$3.24B,$2.50B,1.3,$0.67B,$0.54B,1.24,$0.18B,$0.14B,80.57%,$0.18B,$0.08B,44.00%,$0.18B,0,0.00%,$0.18B,0,0.00%,$0.18B,$0.08B,44.57%,$0.18B,$0.05B,28.57%,$0.05B,$0.54B,9.43%,$0.05B,$0.54B,9.43%,$0.05B,$3.80B,1.37%,$0.08B,$1.21B,6.01%,$35,$9,$27,$0,$10,$19,$16,$0,$16,$6,$11,$11,$11,$0,$0,$43,44,$0.25,$0.24,$25,$0,$0,$3244,$14,$391,$0,$98,$550,$3795,$2496,$668,$91,$759,$3255,$1,$205,$-9,$540,$3795,$11,$-0,$2,$2,$-0,$0,$0,$1,$1,$13,$-0,$0,$0,$0,$-40,$-40,$-77,$-117,$-114,$0,$-114,$-1,$-1,$-7,$234,$112,$9,$1,$-7
9,2016-06-30,13.54,$11.83,1.15,$4.15,3.26,$1.70,7.97,$1.17,11.58,$3.16B,$2.26B,1.4,$0.78B,$0.54B,1.46,$0.18B,$0.14B,80.45%,$0.18B,$0.08B,44.69%,$0.18B,0,0.00%,$0.18B,0,0.00%,$0.18B,$0.08B,45.25%,$0.18B,$0.05B,29.05%,$0.05B,$0.54B,9.89%,$0.05B,$0.54B,9.89%,$0.05B,$3.67B,1.47%,$0.08B,$1.32B,6.18%,$42,$9,$33,$0,$16,$25,$17,$0,$18,$7,$11,$11,$11,$0,$0,$42,43,$0.26,$0.25,$17,$0,$0,$3158,$14,$352,$0,$97,$511,$3669,$2260,$782,$93,$874,$3134,$1,$202,$-10,$535,$3669,$52,$-1,$-26,$-27,$-1,$0,$0,$4,$3,$28,$-1,$0,$0,$0,$102,$102,$-373,$-272,$-15,$0,$-15,$13,$13,$-50,$297,$245,$1,$10,$-50
10,2016-03-31,14.23,$11.73,1.21,$4.20,3.39,$2.20,6.46,$1.29,11.03,$3.04B,$2.23B,1.37,$0.76B,$0.53B,1.44,$0.18B,$0.15B,80.66%,$0.18B,$0.09B,48.62%,$0.18B,0,0.00%,$0.18B,0,0.00%,$0.18B,$0.09B,48.62%,$0.18B,$0.06B,31.49%,$0.06B,$0.53B,10.92%,$0.06B,$0.53B,10.92%,$0.06B,$3.60B,1.65%,$0.09B,$1.29B,6.80%,$37,$8,$28,$0,$10,$19,$18,$0,$18,$6,$12,$12,$12,$0,$0,$42,43,$0.29,$0.28,$11,$0,$0,$3039,$14,$409,$0,$96,$565,$3603,$2225,$763,$87,$850,$3075,$1,$197,$-7,$529,$3603,$41,$-1,$-21,$-22,$-1,$0,$0,$1,$1,$20,$-1,$0,$0,$0,$39,$39,$-259,$-221,$-34,$0,$-34,$11,$11,$-43,$262,$197,$-4,$8,$-43
11,2015-12-31,13.68,$11.68,1.17,$4.24,3.22,$2.61,5.24,$1.29,10.61,$2.93B,$2.12B,1.38,$0.79B,$0.52B,1.53,$0.18B,$0.15B,81.22%,$0.18B,$0.09B,48.07%,$0.18B,0,0.00%,$0.18B,0,0.00%,$0.18B,$0.09B,48.07%,$0.18B,$0.06B,30.94%,$0.06B,$0.52B,10.85%,$0.06B,$0.52B,10.85%,$0.06B,$3.51B,1.66%,$0.09B,$1.31B,6.73%,$61,$8,$53,$0,$27,$35,$26,$0,$26,$9,$16,$16,$16,$0,$0,$42,43,$0.39,$0.38,$10,$0,$0,$2931,$15,$427,$0,$98,$582,$3513,$2120,$794,$80,$874,$2995,$1,$195,$-4,$518,$3513,$29,$-1,$-21,$-22,$-0,$0,$0,$8,$8,$15,$-1,$0,$0,$0,$12,$12,$-154,$-142,$-3,$0,$-3,$4,$4,$-35,$156,$122,$-5,$6,$-35
12,2015-09-30,12.45,$11.88,1.05,$3.66,3.4,$2.79,4.46,$1.16,10.74,$2.78B,$2.01B,1.39,$0.74B,$0.52B,1.41,$0.16B,$0.12B,78.06%,$0.16B,$0.08B,49.68%,$0.16B,0,0.00%,$0.16B,0,0.00%,$0.16B,$0.08B,49.68%,$0.16B,$0.05B,32.26%,$0.05B,$0.52B,9.73%,$0.05B,$0.52B,9.73%,$0.05B,$3.35B,1.51%,$0.08B,$1.26B,5.87%,$39,$9,$30,$0,$11,$20,$19,$0,$19,$7,$13,$13,$13,$0,$0,$41,42,$0.31,$0.30,$10,$0,$0,$2784,$14,$407,$0,$102,$565,$3349,$2008,$739,$79,$818,$2826,$1,$208,$-4,$522,$3349,$13,$-0,$-2,$-2,$-0,$0,$0,$3,$3,$13,$-0,$0,$0,$0,$12,$12,$-8,$4,$-58,$0,$-58,$-1,$-1,$-7,$43,$-22,$-5,$2,$-7
13,2015-06-30,12.64,$11.76,1.07,$3.54,3.57,$2.69,4.7,$1.11,11.39,$2.78B,$1.96B,1.42,$0.80B,$0.52B,1.54,$0.15B,$0.12B,78.00%,$0.15B,$0.07B,49.33%,$0.15B,0,0.00%,$0.15B,0,0.00%,$0.15B,$0.07B,49.33%,$0.15B,$0.05B,31.33%,$0.05B,$0.52B,9.16%,$0.05B,$0.52B,9.16%,$0.05B,$3.35B,1.43%,$0.07B,$1.31B,5.41%,$44,$9,$35,$0,$11,$19,$25,$0,$25,$9,$16,$16,$16,$0,$0,$42,43,$0.39,$0.36,$15,$0,$0,$2781,$14,$414,$0,$103,$572,$3353,$1963,$796,$76,$873,$2835,$1,$203,$-2,$518,$3353,$47,$-2,$-3,$-5,$1,$0,$0,$6,$7,$49,$-1,$0,$0,$0,$68,$68,$-272,$-205,$-171,$0,$-171,$-22,$-22,$-40,$385,$152,$-4,$9,$-40
14,2015-03-31,11.33,$11.51,0.98,$3.27,3.47,$2.85,3.98,$0.97,11.68,$2.74B,$1.95B,1.4,$0.77B,$0.51B,1.53,$0.14B,$0.11B,76.98%,$0.14B,$0.06B,46.04%,$0.14B,0,0.00%,$0.14B,0,0.00%,$0.14B,$0.06B,46.04%,$0.14B,$0.04B,29.50%,$0.04B,$0.51B,7.96%,$0.04B,$0.51B,7.96%,$0.04B,$3.31B,1.27%,$0.06B,$1.28B,4.53%,$37,$9,$29,$0,$12,$20,$17,$0,$17,$6,$11,$11,$11,$0,$0,$41,42,$0.26,$0.26,$13,$0,$0,$2736,$14,$413,$0,$104,$570,$3307,$1950,$774,$75,$849,$2800,$1,$195,$-2,$507,$3307,$31,$-1,$4,$3,$1,$0,$0,$1,$2,$36,$-0,$0,$0,$0,$61,$61,$-231,$-170,$-193,$0,$-193,$-21,$-21,$-32,$375,$128,$-6,$7,$-32
15,2014-12-31,11.85,$11.42,1.04,$3.15,3.77,$3.09,3.83,$0.96,12.34,$2.64B,$1.79B,1.47,$0.89B,$0.51B,1.75,$0.14B,$0.10B,77.04%,$0.14B,$0.06B,46.67%,$0.14B,0,0.00%,$0.14B,0,0.00%,$0.14B,$0.06B,46.67%,$0.14B,$0.04B,30.37%,$0.04B,$0.51B,7.88%,$0.04B,$0.51B,7.88%,$0.04B,$3.25B,1.30%,$0.06B,$1.39B,4.36%,$35,$9,$27,$0,$11,$20,$16,$0,$16,$5,$10,$10,$10,$0,$0,$42,43,$0.24,$0.24,$10,$0,$0,$2636,$14,$459,$0,$104,$615,$3251,$1793,$886,$64,$950,$2743,$1,$191,$-1,$508,$3251,$20,$-1,$5,$5,$1,$0,$0,$-4,$-3,$22,$-0,$0,$0,$0,$11,$11,$-133,$-122,$-81,$0,$-81,$-16,$-16,$-25,$213,$91,$-9,$5,$-25
16,2014-09-30,10.53,$11.60,0.91,$3.09,3.41,$3.21,3.28,$0.95,11.08,$2.61B,$1.68B,1.55,$0.96B,$0.52B,1.84,$0.13B,$0.10B,76.87%,$0.13B,$0.06B,47.01%,$0.13B,0,0.00%,$0.13B,0,0.00%,$0.13B,$0.06B,47.01%,$0.13B,$0.04B,30.60%,$0.04B,$0.52B,7.84%,$0.04B,$0.52B,7.84%,$0.04B,$3.22B,1.33%,$0.06B,$1.48B,4.34%,$34,$8,$26,$0,$10,$19,$16,$0,$16,$6,$10,$10,$10,$0,$0,$42,43,$0.24,$0.24,$19,$0,$0,$2609,$15,$476,$0,$82,$608,$3217,$1679,$958,$60,$1018,$2697,$1,$199,$1,$520,$3217,$10,$-0,$2,$2,$-1,$0,$0,$-3,$-4,$9,$-0,$0,$0,$0,$-5,$-5,$-75,$-80,$-9,$0,$-9,$-10,$-10,$-7,$98,$71,$-0,$2,$-7
17,2014-06-30,11.37,$11.57,0.98,$3.06,3.71,$3.27,3.48,$0.95,11.96,$2.53B,$1.58B,1.6,$0.97B,$0.53B,1.84,$0.13B,$0.10B,76.87%,$0.13B,$0.06B,47.01%,$0.13B,0,0.00%,$0.13B,0,0.00%,$0.13B,$0.06B,47.01%,$0.13B,$0.04B,30.60%,$0.04B,$0.53B,7.81%,$0.04B,$0.53B,7.81%,$0.04B,$3.14B,1.38%,$0.06B,$1.49B,4.44%,$33,$8,$25,$0,$10,$18,$15,$0,$15,$5,$10,$10,$10,$0,$0,$43,44,$0.24,$0.22,$19,$0,$0,$2533,$15,$473,$0,$85,$607,$3140,$1581,$967,$65,$1033,$2614,$1,$196,$2,$526,$3140,$41,$-1,$9,$8,$-0,$0,$0,$8,$8,$57,$-1,$0,$0,$0,$-67,$-67,$-235,$-303,$134,$0,$134,$-1,$-1,$-40,$160,$253,$7,$9,$-40
18,2014-03-31,11.54,$11.50,1.0,$3.10,3.73,$3.30,3.5,$0.99,11.66,$2.41B,$1.53B,1.58,$0.89B,$0.53B,1.68,$0.14B,$0.11B,77.78%,$0.14B,$0.07B,48.15%,$0.14B,0,0.00%,$0.14B,0,0.00%,$0.14B,$0.07B,48.15%,$0.14B,$0.04B,31.85%,$0.04B,$0.53B,8.22%,$0.04B,$0.53B,8.22%,$0.04B,$3.01B,1.48%,$0.07B,$1.41B,4.70%,$33,$8,$26,$0,$10,$18,$16,$0,$16,$5,$11,$11,$11,$0,$0,$43,44,$0.25,$0.25,$15,$0,$0,$2413,$15,$465,$0,$81,$593,$3006,$1531,$886,$63,$949,$2480,$1,$194,$3,$526,$3006,$31,$-1,$7,$6,$1,$0,$0,$10,$11,$48,$-0,$0,$0,$0,$-59,$-59,$-121,$-180,$52,$0,$52,$3,$3,$-33,$112,$134,$3,$7,$-33
19,2013-12-31,11.58,$11.37,1.02,$3.11,3.72,$3.19,3.63,$0.97,11.94,$2.39B,$1.46B,1.63,$0.91B,$0.52B,1.74,$0.14B,$0.11B,77.21%,$0.14B,$0.07B,47.79%,$0.14B,0,0.00%,$0.14B,0,0.00%,$0.14B,$0.07B,47.79%,$0.14B,$0.04B,30.88%,$0.04B,$0.52B,8.08%,$0.04B,$0.52B,8.08%,$0.04B,$2.94B,1.47%,$0.07B,$1.42B,4.72%,$34,$8,$26,$0,$10,$18,$16,$0,$16,$6,$10,$10,$10,$0,$0,$43,44,$0.23,$0.23,$9,$0,$0,$2386,$15,$424,$0,$87,$556,$2942,$1463,$905,$55,$960,$2422,$1,$190,$3,$520,$2942,$20,$-0,$7,$6,$1,$0,$0,$-0,$1,$28,$-0,$0,$0,$0,$-20,$-20,$-101,$-121,$71,$0,$71,$3,$3,$-25,$42,$90,$-3,$5,$-25
20,2013-09-30,11.57,$11.54,1.0,$3.10,3.73,$3.12,3.71,$0.94,12.3,$2.31B,$1.43B,1.62,$0.82B,$0.53B,1.55,$0.13B,$0.10B,77.61%,$0.13B,$0.06B,47.01%,$0.13B,0,0.00%,$0.13B,0,0.00%,$0.13B,$0.06B,47.01%,$0.13B,$0.04B,30.60%,$0.04B,$0.53B,7.95%,$0.04B,$0.53B,7.95%,$0.04B,$2.82B,1.45%,$0.06B,$1.34B,4.60%,$34,$8,$26,$0,$10,$17,$16,$0,$16,$6,$10,$10,$10,$0,$0,$42,44,$0.24,$0.24,$10,$0,$0,$2306,$15,$387,$0,$85,$518,$2824,$1425,$815,$57,$872,$2297,$1,$199,$5,$527,$2824,$10,$-0,$2,$1,$-1,$0,$0,$0,$-0,$11,$-0,$0,$0,$0,$21,$21,$-15,$6,$-19,$0,$-19,$2,$2,$-7,$4,$-19,$-2,$2,$-7
21,2013-06-30,10.9,$11.43,0.95,$3.10,3.51,$3.15,3.46,$0.92,11.85,$2.30B,$1.42B,1.62,$0.83B,$0.52B,1.61,$0.13B,$0.10B,77.44%,$0.13B,$0.06B,46.62%,$0.13B,0,0.00%,$0.13B,0,0.00%,$0.13B,$0.06B,46.62%,$0.13B,$0.04B,30.08%,$0.04B,$0.52B,7.79%,$0.04B,$0.52B,7.79%,$0.04B,$2.83B,1.43%,$0.06B,$1.35B,4.51%,$34,$7,$27,$0,$9,$17,$17,$0,$17,$5,$12,$12,$12,$0,$0,$42,43,$0.28,$0.27,$12,$0,$0,$2298,$15,$409,$0,$80,$534,$2832,$1420,$834,$60,$894,$2313,$1,$197,$4,$519,$2832,$40,$0,$12,$12,$0,$0,$0,$5,$6,$57,$-1,$0,$0,$0,$166,$166,$-299,$-134,$88,$0,$88,$1,$1,$-43,$31,$77,$1,$9,$-43
22,2013-03-31,10.64,$11.28,0.94,$3.04,3.5,$2.83,3.76,$0.84,12.67,$2.24B,$1.37B,1.64,$0.88B,$0.51B,1.71,$0.13B,$0.10B,76.34%,$0.13B,$0.06B,45.04%,$0.13B,0,0.00%,$0.13B,0,0.00%,$0.13B,$0.06B,45.04%,$0.13B,$0.04B,27.48%,$0.04B,$0.51B,7.04%,$0.04B,$0.51B,7.04%,$0.04B,$2.82B,1.30%,$0.06B,$1.39B,4.37%,$34,$7,$26,$0,$11,$18,$16,$0,$16,$6,$10,$10,$10,$0,$0,$42,43,$0.23,$0.23,$9,$0,$0,$2241,$15,$454,$0,$77,$574,$2815,$1366,$877,$61,$938,$2304,$1,$192,$4,$512,$2815,$28,$0,$9,$9,$1,$0,$0,$6,$6,$43,$-0,$0,$0,$0,$125,$125,$-245,$-120,$131,$0,$131,$1,$1,$-36,$-22,$75,$-3,$7,$-36
23,2012-12-31,10.42,$11.15,0.93,$3.01,3.46,$2.82,3.7,$0.81,12.87,$2.20B,$1.35B,1.63,$0.89B,$0.51B,1.77,$0.13B,$0.10B,75.97%,$0.13B,$0.06B,43.41%,$0.13B,0,0.00%,$0.13B,0,0.00%,$0.13B,$0.06B,43.41%,$0.13B,$0.03B,26.36%,$0.03B,$0.51B,6.65%,$0.03B,$0.51B,6.65%,$0.03B,$2.81B,1.24%,$0.06B,$1.40B,4.30%,$32,$8,$25,$0,$11,$19,$14,$0,$14,$5,$9,$9,$9,$0,$0,$42,43,$0.21,$0.20,$10,$0,$0,$2202,$15,$486,$0,$80,$608,$2810,$1352,$894,$58,$952,$2304,$1,$189,$4,$506,$2810,$18,$0,$6,$7,$1,$0,$0,$-2,$-0,$24,$-0,$0,$0,$0,$94,$94,$-202,$-108,$148,$0,$148,$1,$1,$-29,$-37,$83,$-1,$5,$-29
24,2012-09-30,9.87,$11.41,0.86,$2.98,3.31,$2.89,3.41,$0.79,12.49,$2.14B,$1.36B,1.57,$0.84B,$0.52B,1.62,$0.13B,$0.10B,75.00%,$0.13B,$0.05B,42.19%,$0.13B,0,0.00%,$0.13B,0,0.00%,$0.13B,$0.05B,42.19%,$0.13B,$0.03B,25.78%,$0.03B,$0.52B,6.45%,$0.03B,$0.52B,6.45%,$0.03B,$2.77B,1.23%,$0.05B,$1.35B,4.31%,$33,$8,$25,$0,$11,$18,$15,$0,$15,$5,$9,$9,$9,$0,$0,$42,43,$0.22,$0.22,$10,$0,$0,$2137,$15,$526,$0,$65,$634,$2771,$1361,$837,$57,$894,$2255,$1,$203,$4,$516,$2771,$9,$0,$2,$2,$-1,$0,$0,$2,$1,$12,$-0,$0,$0,$0,$55,$55,$-125,$-70,$91,$0,$91,$-0,$-0,$-6,$-29,$56,$-2,$2,$-6
25,2012-06-30,9.33,$11.30,0.83,$2.85,3.27,$2.96,3.15,$0.72,12.96,$2.02B,$1.39B,1.45,$0.75B,$0.51B,1.46,$0.13B,$0.09B,74.02%,$0.13B,$0.05B,39.37%,$0.13B,0,0.00%,$0.13B,0,0.00%,$0.13B,$0.05B,39.37%,$0.13B,$0.03B,24.41%,$0.03B,$0.51B,6.03%,$0.03B,$0.51B,6.03%,$0.03B,$2.70B,1.17%,$0.05B,$1.26B,4.13%,$32,$8,$24,$0,$11,$19,$14,$0,$14,$5,$8,$8,$8,$0,$0,$44,44,$0.19,$0.18,$11,$0,$0,$2015,$15,$581,$0,$64,$686,$2701,$1390,$746,$55,$801,$2190,$1,$201,$4,$511,$2701,$32,$2,$16,$18,$-2,$0,$0,$-2,$-4,$45,$-1,$0,$0,$0,$89,$89,$-327,$-240,$237,$0,$237,$-153,$-153,$-22,$11,$72,$-122,$7,$-22
26,2012-03-31,9.43,$11.24,0.84,$2.72,3.47,$2.84,3.32,$0.67,14.07,$1.93B,$1.39B,1.39,$0.69B,$0.51B,1.35,$0.13B,$0.09B,73.02%,$0.13B,$0.05B,38.10%,$0.13B,0,0.00%,$0.13B,0,0.00%,$0.13B,$0.05B,38.10%,$0.13B,$0.03B,23.81%,$0.03B,$0.51B,5.48%,$0.03B,$0.51B,5.48%,$0.03B,$2.65B,1.15%,$0.05B,$1.20B,4.05%,$32,$8,$24,$0,$10,$19,$13,$0,$13,$5,$8,$8,$8,$0,$0,$42,43,$0.20,$0.20,$11,$0,$0,$1930,$16,$619,$0,$60,$717,$2647,$1389,$691,$55,$746,$2136,$1,$199,$5,$511,$2647,$23,$1,$12,$13,$-1,$0,$0,$7,$6,$43,$-1,$0,$0,$0,$52,$52,$-241,$-191,$182,$0,$182,$-150,$-150,$-16,$10,$26,$-122,$5,$-16
27,2011-12-31,8.12,$11.14,0.73,$2.54,3.2,$2.52,3.23,$0.60,13.54,$1.84B,$1.36B,1.36,$0.69B,$0.51B,1.36,$0.13B,$0.09B,72.00%,$0.13B,$0.05B,36.80%,$0.13B,0,0.00%,$0.13B,0,0.00%,$0.13B,$0.05B,36.80%,$0.13B,$0.03B,23.20%,$0.03B,$0.51B,4.99%,$0.03B,$0.51B,4.99%,$0.03B,$2.60B,1.12%,$0.05B,$1.20B,3.90%,$31,$8,$23,$0,$11,$20,$12,$0,$12,$4,$8,$8,$8,$0,$0,$42,43,$0.18,$0.18,$9,$0,$0,$1841,$16,$666,$0,$59,$762,$2603,$1356,$691,$50,$741,$2096,$1,$196,$5,$507,$2603,$15,$1,$9,$10,$-0,$0,$0,$4,$4,$28,$-1,$0,$0,$0,$6,$6,$-154,$-149,$181,$0,$181,$-150,$-150,$-10,$-25,$-3,$-124,$3,$-10
28,2011-09-30,8.1,$11.12,0.73,$2.39,3.39,$2.27,3.56,$0.55,14.73,$1.75B,$1.39B,1.26,$0.66B,$0.53B,1.25,$0.13B,$0.09B,70.40%,$0.13B,$0.05B,36.00%,$0.13B,0,0.00%,$0.13B,0,0.00%,$0.13B,$0.05B,36.00%,$0.13B,$0.03B,22.40%,$0.03B,$0.53B,4.55%,$0.03B,$0.53B,4.55%,$0.03B,$2.62B,1.08%,$0.05B,$1.18B,3.76%,$32,$9,$23,$0,$12,$20,$11,$0,$11,$4,$7,$7,$7,$0,$0,$49,49,$0.15,$0.15,$8,$0,$0,$1752,$15,$775,$0,$59,$870,$2622,$1387,$657,$52,$708,$2095,$1,$193,$5,$527,$2622,$7,$0,$4,$5,$-0,$0,$0,$7,$6,$18,$-0,$0,$0,$0,$-102,$-102,$-62,$-164,$147,$0,$147,$-126,$-126,$-5,$5,$22,$-125,$1,$-5
29,2011-06-30,8.0,$11.63,0.69,$2.32,3.44,$2.09,3.83,$0.54,14.81,$1.82B,$1.38B,1.31,$0.51B,$0.65B,0.79,$0.12B,$0.09B,69.92%,$0.12B,$0.05B,36.59%,$0.12B,0,0.00%,$0.12B,0,0.00%,$0.12B,$0.05B,36.59%,$0.12B,$0.03B,22.76%,$0.03B,$0.65B,4.34%,$0.03B,$0.65B,4.34%,$0.03B,$2.59B,1.10%,$0.05B,$1.16B,3.80%,$31,$9,$22,$0,$10,$19,$12,$0,$12,$5,$7,$7,$7,$0,$0,$53,53,$0.14,$0.14,$133,$0,$0,$1815,$15,$668,$0,$66,$772,$2587,$1381,$509,$51,$561,$1942,$1,$191,$2,$645,$2587,$29,$1,$17,$17,$0,$0,$0,$1,$1,$47,$-1,$0,$0,$0,$-134,$-134,$-204,$-339,$14,$0,$14,$-9,$-9,$-20,$93,$79,$-213,$2,$-20
30,2011-03-31,7.86,$11.50,0.68,$2.25,3.49,$1.70,4.63,$0.29,27.1,$1.69B,$1.33B,1.27,$0.53B,$0.65B,0.82,$0.12B,$0.08B,68.33%,$0.12B,$0.03B,23.33%,$0.12B,0,0.00%,$0.12B,0,0.00%,$0.12B,$0.03B,23.33%,$0.12B,$0.02B,14.17%,$0.02B,$0.65B,2.64%,$0.02B,$0.65B,2.64%,$0.02B,$2.56B,0.68%,$0.03B,$1.18B,2.37%,$31,$9,$22,$0,$11,$20,$11,$0,$11,$4,$7,$7,$7,$0,$0,$53,53,$0.13,$0.13,$15,$0,$0,$1688,$15,$775,$0,$54,$870,$2557,$1333,$532,$46,$578,$1911,$1,$189,$-3,$646,$2557,$21,$0,$10,$11,$-0,$0,$0,$4,$3,$35,$-1,$0,$0,$0,$-249,$-249,$-177,$-426,$37,$0,$37,$-0,$-0,$-14,$38,$60,$-331,$1,$-14
31,2010-12-31,7.53,$11.42,0.66,$2.20,3.42,$1.39,5.4,$0.25,29.71,$1.66B,$1.26B,1.31,$0.62B,$0.64B,0.97,$0.12B,$0.08B,66.67%,$0.12B,$0.03B,21.37%,$0.12B,0,0.00%,$0.12B,0,0.00%,$0.12B,$0.03B,21.37%,$0.12B,$0.02B,12.82%,$0.02B,$0.64B,2.74%,$0.02B,$0.64B,2.74%,$0.02B,$2.57B,0.63%,$0.03B,$1.26B,2.33%,$31,$9,$21,$0,$10,$19,$11,$0,$11,$4,$7,$7,$7,$0,$0,$53,53,$0.13,$0.13,$6,$0,$0,$1657,$15,$825,$0,$45,$912,$2569,$1260,$622,$45,$667,$1927,$1,$187,$-5,$642,$2569,$14,$0,$7,$7,$-0,$0,$0,$-0,$-0,$21,$-0,$0,$0,$0,$-302,$-302,$-142,$-445,$126,$0,$126,$-0,$-0,$-9,$-33,$84,$-340,$1,$-9
32,2010-09-30,6.08,$11.52,0.53,$2.12,2.87,$1.13,5.36,$0.18,34.44,$1.69B,$1.28B,1.32,$0.50B,$0.65B,0.76,$0.11B,$0.07B,63.72%,$0.11B,$0.02B,16.81%,$0.11B,0,0.00%,$0.11B,0,0.00%,$0.11B,$0.02B,16.81%,$0.11B,$0.01B,9.73%,$0.01B,$0.65B,2.46%,$0.01B,$0.65B,2.46%,$0.01B,$2.47B,0.49%,$0.02B,$1.14B,2.01%,$30,$9,$21,$0,$10,$19,$11,$0,$11,$4,$7,$7,$7,$0,$0,$53,53,$0.14,$0.14,$120,$0,$0,$1693,$15,$690,$0,$46,$773,$2466,$1282,$495,$42,$537,$1819,$1,$185,$2,$647,$2466,$7,$0,$2,$2,$-1,$0,$0,$0,$-0,$9,$-0,$0,$0,$0,$-154,$-154,$-61,$-215,$-1,$0,$-1,$0,$0,$-4,$-16,$-21,$-227,$0,$-4
33,2010-06-30,6.05,$11.45,0.53,$2.07,2.92,$1.19,5.07,$0.12,51.86,$1.86B,$1.29B,1.44,$0.50B,$0.64B,0.77,$0.11B,$0.07B,61.26%,$0.11B,$0.02B,13.51%,$0.11B,0,0.00%,$0.11B,0,0.00%,$0.11B,$0.02B,13.51%,$0.11B,$0.01B,7.21%,$0.01B,$0.64B,2.30%,$0.01B,$0.64B,2.30%,$0.01B,$2.48B,0.38%,$0.02B,$1.14B,1.77%,$28,$10,$18,$0,$23,$32,$-5,$0,$-5,$-1,$-4,$-4,$-4,$0,$0,$54,54,$-0.07,$-0.07,$346,$0,$0,$1862,$15,$536,$0,$42,$616,$2477,$1294,$496,$44,$540,$1834,$1,$182,$2,$643,$2477,$8,$-0,$19,$18,$-1,$0,$0,$3,$1,$28,$-2,$0,$0,$0,$-108,$-108,$-239,$-349,$-13,$0,$-13,$383,$383,$-3,$165,$532,$211,$12,$-3
34,2010-03-31,9.66,$4.57,2.11,$2.00,4.83,$0.99,9.76,$0.25,38.16,$1.47B,$1.27B,1.16,$0.50B,$0.25B,1.96,$0.11B,$0.06B,58.33%,$0.11B,$0.02B,21.30%,$0.11B,0,0.00%,$0.11B,0,0.00%,$0.11B,$0.02B,21.30%,$0.11B,$0.01B,12.04%,$0.01B,$0.25B,5.26%,$0.01B,$0.25B,5.26%,$0.01B,$2.05B,0.65%,$0.02B,$0.75B,3.06%,$28,$10,$18,$0,$10,$20,$8,$0,$8,$3,$5,$5,$5,$0,$0,$54,54,$0.09,$0.09,$40,$0,$0,$1467,$15,$510,$0,$63,$588,$2054,$1267,$497,$37,$533,$1800,$0,$187,$2,$254,$2054,$12,$-0,$8,$8,$-1,$0,$0,$1,$-0,$20,$-2,$0,$0,$0,$-84,$-84,$-147,$-232,$-12,$0,$-12,$-1,$-1,$-2,$132,$116,$-96,$4,$-2
35,2009-12-31,8.22,$4.46,1.84,$1.90,4.32,$0.92,8.94,$0.19,44.02,$1.39B,$1.22B,1.14,$0.51B,$0.25B,2.05,$0.10B,$0.06B,55.34%,$0.10B,$0.02B,17.48%,$0.10B,0,0.00%,$0.10B,0,0.00%,$0.10B,$0.02B,17.48%,$0.10B,$0.01B,8.74%,$0.01B,$0.25B,3.69%,$0.01B,$0.25B,3.69%,$0.01B,$2.01B,0.47%,$0.02B,$0.76B,2.39%,$27,$11,$15,$0,$11,$22,$5,$0,$5,$2,$3,$3,$3,$0,$0,$54,54,$0.05,$0.05,$26,$0,$0,$1392,$15,$538,$0,$62,$615,$2007,$1217,$507,$34,$542,$1759,$0,$183,$1,$248,$2007,$7,$-0,$5,$5,$-1,$0,$0,$-4,$-4,$8,$-1,$0,$0,$0,$-112,$-112,$-84,$-197,$-2,$0,$-2,$-1,$-1,$-2,$84,$80,$-109,$2,$-2
36,2009-09-30,8.09,$4.42,1.83,$1.79,4.51,$0.97,8.37,$0.13,60.63,$1.39B,$1.20B,1.16,$0.51B,$0.25B,2.07,$0.10B,$0.05B,53.61%,$0.10B,$0.01B,13.40%,$0.10B,0,0.00%,$0.10B,0,0.00%,$0.10B,$0.01B,13.40%,$0.10B,$0.01B,6.19%,$0.01B,$0.25B,2.46%,$0.01B,$0.25B,2.46%,$0.01B,$1.99B,0.33%,$0.01B,$0.75B,1.74%,$28,$12,$17,$0,$9,$21,$7,$0,$7,$3,$4,$4,$4,$0,$0,$54,54,$0.08,$0.08,$33,$0,$0,$1385,$14,$532,$0,$54,$600,$1986,$1197,$508,$35,$543,$1740,$0,$180,$2,$246,$1986,$4,$-0,$2,$2,$-0,$0,$0,$7,$7,$13,$-1,$0,$0,$0,$-104,$-104,$-69,$-173,$-1,$0,$-1,$-1,$-1,$-1,$61,$58,$-102,$1,$-1
37,2009-06-30,8.1,$6.47,1.25,$1.65,4.92,$0.84,9.61,$0.10,80.91,$1.42B,$1.13B,1.26,$0.51B,$0.24B,2.12,$0.09B,$0.05B,51.65%,$0.09B,$0.01B,10.99%,$0.09B,0,0.00%,$0.09B,0,0.00%,$0.09B,$0.01B,10.99%,$0.09B,$0.01B,5.49%,$0.01B,$0.24B,2.01%,$0.01B,$0.24B,2.01%,$0.01B,$1.91B,0.29%,$0.01B,$0.75B,1.33%,$25,$12,$13,$0,$10,$22,$3,$0,$3,$1,$2,$2,$1,$0,$0,$55,55,$0.03,$0.03,$135,$0,$0,$1422,$14,$424,$0,$33,$492,$1914,$1130,$509,$34,$543,$1673,$0,$176,$1,$240,$1914,$6,$-0,$12,$12,$-2,$0,$0,$1,$-1,$17,$-2,$0,$0,$0,$-61,$-61,$-283,$-346,$75,$0,$75,$-50,$-50,$0,$430,$455,$126,$5,$0
38,2009-03-31,8.27,$4.34,1.91,$1.54,5.35,$0.75,10.96,$0.10,82.62,$1.30B,$1.01B,1.29,$0.51B,$0.24B,2.11,$0.09B,$0.05B,52.33%,$0.09B,$0.01B,10.47%,$0.09B,0,0.00%,$0.09B,0,0.00%,$0.09B,$0.01B,10.47%,$0.09B,$0.01B,5.81%,$0.01B,$0.24B,1.93%,$0.01B,$0.24B,1.93%,$0.01B,$1.79B,0.31%,$0.01B,$0.75B,1.21%,$23,$12,$12,$0,$9,$21,$3,$0,$3,$1,$2,$2,$1,$0,$0,$54,54,$0.03,$0.03,$58,$0,$0,$1299,$14,$427,$0,$52,$494,$1792,$1010,$510,$30,$540,$1550,$0,$175,$2,$242,$1792,$4,$-0,$8,$8,$-1,$0,$0,$5,$4,$16,$-1,$0,$0,$0,$-65,$-65,$-235,$-301,$76,$0,$76,$-46,$-46,$0,$304,$334,$49,$4,$0
39,2008-12-31,9.95,$4.36,2.28,$1.44,6.92,$0.59,16.94,$0.11,87.78,$1.23B,$0.89B,1.39,$0.49B,$0.25B,1.99,$0.08B,$0.04B,52.44%,$0.08B,$0.01B,12.20%,$0.08B,0,0.00%,$0.08B,0,0.00%,$0.08B,$0.01B,12.20%,$0.08B,$0.01B,7.32%,$0.01B,$0.25B,2.23%,$0.01B,$0.25B,2.23%,$0.01B,$1.66B,0.40%,$0.01B,$0.74B,1.38%,$21,$11,$10,$0,$10,$21,$0,$0,$0,$0,$0,$0,$0,$0,$0,$55,55,$0.00,$0.00,$22,$0,$0,$1232,$14,$360,$0,$49,$423,$1655,$887,$491,$29,$521,$1408,$0,$174,$1,$247,$1655,$3,$-0,$5,$5,$-1,$0,$0,$4,$3,$11,$-1,$0,$0,$0,$2,$2,$-201,$-200,$58,$0,$58,$-38,$-38,$0,$182,$202,$13,$2,$0
40,2008-09-30,9.95,$4.55,2.19,$1.38,7.23,$0.43,23.29,$0.15,64.89,$1.15B,$0.76B,1.51,$0.51B,$0.27B,1.89,$0.08B,$0.04B,53.75%,$0.08B,$0.01B,17.50%,$0.08B,0,0.00%,$0.08B,0,0.00%,$0.08B,$0.01B,17.50%,$0.08B,$0.01B,10.00%,$0.01B,$0.27B,2.88%,$0.01B,$0.27B,2.88%,$0.01B,$1.56B,0.56%,$0.01B,$0.78B,2.04%,$22,$10,$12,$0,$8,$18,$4,$0,$4,$2,$3,$3,$3,$0,$0,$57,57,$0.05,$0.05,$10,$0,$0,$1148,$9,$358,$0,$46,$414,$1562,$758,$507,$29,$536,$1294,$0,$174,$-0,$268,$1562,$3,$-0,$2,$2,$-1,$0,$0,$3,$2,$6,$-0,$0,$0,$0,$7,$7,$-126,$-118,$73,$0,$73,$-14,$-14,$0,$55,$114,$1,$1,$0
41,2008-06-30,9.45,$4.63,2.04,$1.31,7.23,$0.32,29.21,$0.16,59.08,$1.02B,$0.70B,1.45,$0.43B,$0.28B,1.56,$0.08B,$0.04B,53.95%,$0.08B,$0.02B,19.74%,$0.08B,0,0.00%,$0.08B,0,0.00%,$0.08B,$0.02B,19.74%,$0.08B,$0.01B,10.53%,$0.01B,$0.28B,2.86%,$0.01B,$0.28B,2.86%,$0.01B,$1.44B,0.59%,$0.02B,$0.71B,2.41%,$20,$10,$11,$0,$8,$18,$2,$0,$2,$1,$1,$1,$1,$0,$0,$39,59,$0.02,$0.02,$9,$0,$0,$1022,$9,$366,$0,$46,$422,$1443,$703,$434,$28,$461,$1164,$0,$171,$-0,$279,$1443,$9,$-0,$5,$5,$-1,$0,$0,$-0,$-1,$13,$-1,$0,$0,$0,$-50,$-50,$-252,$-303,$237,$0,$237,$-6,$-6,$0,$5,$236,$-55,$2,$0
42,2008-03-31,8.96,$4.66,1.92,$0.96,9.31,$0.13,68.78,$0.27,33.62,$1.00B,$0.71B,1.42,$0.39B,$0.28B,1.37,$0.07B,$0.04B,52.70%,$0.07B,$0.02B,24.32%,$0.07B,0,0.00%,$0.07B,0,0.00%,$0.07B,$0.02B,24.32%,$0.07B,$0.02B,20.27%,$0.02B,$0.28B,5.39%,$0.02B,$0.28B,5.39%,$0.02B,$1.41B,1.17%,$0.02B,$0.67B,3.20%,$19,$10,$10,$0,$6,$15,$4,$0,$4,$2,$2,$2,$2,$0,$0,$59,59,$0.04,$0.04,$85,$0,$0,$1002,$8,$352,$0,$44,$404,$1406,$707,$390,$26,$416,$1123,$0,$170,$1,$283,$1406,$8,$0,$2,$2,$-1,$0,$0,$-1,$-2,$7,$-1,$0,$0,$0,$-36,$-36,$-152,$-186,$193,$0,$193,$0,$0,$0,$8,$201,$22,$1,$0
43,2007-12-31,7.27,$4.60,1.58,$0.64,11.41,$0.02,399.25,$0.17,43.62,$0.90B,$0.69B,1.3,$0.31B,$0.28B,1.09,$0.07B,$0.04B,54.05%,$0.07B,$0.01B,14.86%,$0.07B,0,0.00%,$0.07B,0,0.00%,$0.07B,$0.01B,14.86%,$0.07B,$0.01B,16.22%,$0.01B,$0.28B,4.38%,$0.01B,$0.28B,4.38%,$0.01B,$1.30B,0.97%,$0.01B,$0.59B,2.13%,$19,$9,$10,$0,$6,$15,$4,$0,$4,$2,$2,$2,$2,$0,$0,$59,59,$0.04,$0.04,$27,$0,$0,$898,$8,$348,$0,$44,$401,$1299,$690,$305,$24,$330,$1019,$0,$167,$-0,$280,$1299,$5,$-0,$1,$1,$-1,$0,$0,$-4,$-5,$1,$-0,$0,$0,$0,$-34,$-34,$-107,$-139,$109,$0,$109,$0,$0,$0,$-8,$100,$-37,$1,$0
