,Date,Stock Price,Book Value per Share,Price to Book Ratio,TTM Sales per Share,Price to Sales Ratio,TTM FCF per Share,Price to FCF Ratio,TTM Net EPS,PE Ratio,Current Assets,Current Liabilities,Current Ratio,Long Term Debt,Shareholder's Equity_x,Debt to Equity Ratio,TTM Revenue_x,TTM Gross Profit,Gross Margin,TTM Revenue_y,TTM Operating Income,Operating Margin,TTM Revenue_x,TTM EBIT,EBIT Margin,TTM Revenue_y,TTM EBITDA,EBITDA Margin,TTM Revenue_x,TTM Pre-Tax Income,Pre-Tax Margin,TTM Revenue_y,TTM Net Income_x,Net Margin,TTM Net Income_y,Shareholder's Equity_y,Return on Equity,TTM Net Income_x,Tangible Equity,Return on Tangible Equity,TTM Net Income_y,Total Assets,Return on Assets,TTM Net Income,LT Investments & Debt,Return on Investment,revenue,cost-goods-sold,gross-profit,research-development-expenses,selling-general-administrative-expenses,operating-expenses,operating-income,total-non-operating-income-expense,pre-tax-income,total-provision-income-taxes,income-after-taxes,income-from-continuous-operations,net-income,ebitda,ebit,basic-shares-outstanding,shares-outstanding,eps-basic-net-earnings-per-share,eps-earnings-per-share-diluted,cash-on-hand,inventory,other-current-assets,total-current-assets,net-property-plant-equipment,long-term-investments,goodwill-intangible-assets-total,other-long-term-assets,total-long-term-assets,total-assets,total-current-liabilities,long-term-debt,other-non-current-liabilities,total-long-term-liabilities,total-liabilities,common-stock-net,retained-earnings-accumulated-deficit,comprehensive-income,total-share-holder-equity,total-liabilities-share-holders-equity,net-income-loss,total-depreciation-amortization-cash-flow,other-non-cash-items,total-non-cash-items,change-in-accounts-receivable,change-in-inventories,change-in-accounts-payable,change-in-assets-liabilities,total-change-in-assets-liabilities,cash-flow-from-operating-activities,net-change-in-property-plant-equipment,net-change-in-intangible-assets,net-acquisitions-divestitures,net-change-in-short-term-investments,net-change-in-long-term-investments,net-change-in-investments-total,investing-activities-other,cash-flow-from-investing-activities,net-long-term-debt,net-current-debt,debt-issuance-retirement-net-total,net-common-equity-issued-repurchased,net-total-equity-issued-repurchased,total-common-preferred-stock-dividends-paid,financial-activities-other,cash-flow-from-financial-activities,net-cash-flow,stock-based-compensation,common-stock-dividends-paid
0,2018-09-30,7.55,$8.14,0.93,$20.53,0.37,$0.45,16.94,$0.34,22.21,$0.18B,$0.12B,1.59,$0.06B,$0.24B,0.24,$0.58B,$0.07B,12.16%,$0.58B,$0.02B,2.74%,$0.58B,$0.02B,2.74%,$0.58B,$0.04B,7.53%,$0.58B,$0.01B,1.71%,$0.58B,$0.01B,1.71%,$0.01B,$0.24B,4.24%,$0.01B,$0.15B,6.68%,$0.01B,$0.43B,2.34%,$0.02B,$0.29B,5.43%,$125,$119,$6,$0,$14,$132,$-7,$-2,$-9,$-3,$-6,$-6,$-6,$-0,$-7,$28,28,$-0.22,$-0.22,$3,$4,$57,$184,$144,$0,$85,$7,$241,$425,$116,$56,$4,$73,$189,$0,$63,$0,$236,$425,$-0,$22,$-5,$17,$11,$1,$-14,$-17,$-22,$-5,$-13,$0,$0,$0,$0,$0,$1,$-12,$0,$9,$9,$3,$3,$0,$-1,$10,$-6,$2,$0
1,2018-06-30,8.26,$8.36,0.99,$21.16,0.39,$2.18,3.78,$0.38,21.74,$0.19B,$0.12B,1.63,$0.06B,$0.24B,0.24,$0.60B,$0.08B,12.69%,$0.60B,$0.02B,3.01%,$0.60B,$0.02B,3.01%,$0.60B,$0.05B,7.68%,$0.60B,$0.01B,2.00%,$0.60B,$0.01B,1.84%,$0.01B,$0.24B,4.74%,$0.01B,$0.15B,7.59%,$0.01B,$0.43B,2.57%,$0.02B,$0.30B,6.13%,$160,$139,$21,$0,$17,$155,$5,$-1,$4,$2,$2,$2,$2,$12,$5,$28,29,$0.08,$0.08,$6,$4,$57,$187,$148,$0,$86,$7,$245,$432,$115,$57,$5,$77,$192,$0,$69,$0,$240,$432,$6,$15,$-4,$11,$9,$1,$-7,$-15,$-12,$5,$-11,$0,$0,$0,$0,$0,$1,$-10,$0,$1,$1,$1,$1,$0,$0,$3,$-3,$1,$0
2,2018-03-31,6.59,$8.36,0.79,$20.48,0.32,$3.19,2.06,$0.22,29.95,$0.18B,$0.11B,1.66,$0.06B,$0.24B,0.25,$0.58B,$0.07B,12.15%,$0.58B,$0.01B,1.91%,$0.58B,$0.01B,1.91%,$0.58B,$0.04B,6.77%,$0.58B,$0.00B,0.69%,$0.58B,$0.01B,1.22%,$0.01B,$0.24B,3.06%,$0.01B,$0.15B,4.98%,$0.01B,$0.42B,1.64%,$0.01B,$0.30B,3.74%,$137,$121,$16,$0,$15,$130,$7,$-1,$6,$1,$4,$4,$4,$14,$7,$28,28,$0.15,$0.14,$9,$4,$47,$179,$145,$0,$87,$7,$243,$422,$108,$60,$4,$78,$186,$0,$67,$0,$237,$422,$4,$7,$-5,$2,$11,$1,$-10,$5,$4,$11,$-4,$0,$0,$0,$0,$0,$1,$-3,$0,$-8,$-8,$1,$1,$0,$0,$-8,$0,$0,$0
3,2017-12-31,7.83,$8.22,0.95,$20.65,0.38,$3.31,2.36,$0.01,783.0,$0.19B,$0.12B,1.57,$0.06B,$0.23B,0.27,$0.58B,$0.07B,11.59%,$0.58B,$0.00B,0.52%,$0.58B,$0.00B,0.52%,$0.58B,$0.03B,5.36%,$0.58B,$-0.01B,-0.87%,$0.58B,$0.00B,0.17%,$0.00B,$0.23B,0.44%,$0.00B,$0.14B,0.73%,$0.00B,$0.43B,0.23%,$0.00B,$0.29B,1.01%,$162,$134,$28,$0,$17,$151,$11,$-2,$9,$-0,$10,$10,$10,$18,$11,$28,28,$0.34,$0.34,$9,$4,$46,$192,$146,$0,$88,$3,$241,$433,$122,$63,$4,$80,$202,$0,$63,$-0,$231,$433,$0,$31,$-3,$28,$15,$0,$-6,$-1,$6,$34,$-4,$0,$-7,$0,$0,$0,$0,$-10,$72,$-88,$-16,$1,$1,$0,$-1,$-15,$9,$2,$0
4,2017-09-30,6.56,$7.83,0.84,$20.17,0.33,$2.49,2.64,$-0.56,0.0,$0.18B,$0.12B,1.49,$0.07B,$0.22B,0.3,$0.56B,$0.05B,9.11%,$0.56B,$-0.01B,-2.32%,$0.56B,$-0.01B,-2.32%,$0.56B,$0.02B,2.86%,$0.56B,$-0.02B,-3.75%,$0.56B,$-0.02B,-2.68%,$-0.02B,$0.22B,-6.68%,$-0.02B,$0.13B,-11.01%,$-0.02B,$0.43B,-3.46%,$-0.01B,$0.29B,-4.34%,$140,$129,$11,$0,$17,$146,$-5,$-1,$-7,$-2,$-5,$-5,$-5,$2,$-5,$28,28,$-0.18,$-0.18,$3,$5,$47,$184,$149,$0,$89,$2,$243,$427,$124,$66,$4,$82,$206,$0,$53,$-0,$221,$427,$-9,$23,$-4,$19,$20,$0,$2,$0,$22,$32,$-1,$0,$-7,$0,$0,$0,$-0,$-8,$0,$-22,$-22,$1,$1,$0,$-0,$-22,$2,$2,$0
5,2017-06-30,7.47,$7.98,0.94,$21.12,0.35,$1.34,5.59,$-0.21,0.0,$0.18B,$0.11B,1.65,$0.07B,$0.23B,0.32,$0.58B,$0.06B,10.96%,$0.58B,$0.00B,0.34%,$0.58B,$0.00B,0.34%,$0.58B,$0.03B,5.48%,$0.58B,$-0.01B,-1.03%,$0.58B,$-0.01B,-0.86%,$-0.01B,$0.23B,-2.20%,$-0.01B,$0.14B,-3.61%,$-0.01B,$0.43B,-1.13%,$0.00B,$0.30B,0.65%,$137,$122,$15,$0,$18,$140,$-2,$-1,$-4,$-2,$-2,$-2,$-2,$5,$-2,$28,28,$-0.08,$-0.08,$1,$5,$47,$179,$152,$0,$89,$2,$248,$426,$108,$73,$4,$93,$201,$0,$58,$-0,$225,$426,$-4,$16,$0,$16,$18,$-0,$-4,$-1,$8,$20,$2,$0,$-6,$0,$0,$0,$-0,$-4,$0,$-16,$-16,$1,$1,$0,$0,$-15,$1,$1,$0
6,2017-03-31,7.47,$8.14,0.92,$21.31,0.35,$0.49,15.11,$-0.16,0.0,$0.18B,$0.11B,1.72,$0.08B,$0.23B,0.35,$0.59B,$0.07B,11.24%,$0.59B,$0.00B,0.68%,$0.59B,$0.00B,0.68%,$0.59B,$0.04B,6.13%,$0.59B,$-0.00B,-0.51%,$0.59B,$-0.00B,-0.68%,$-0.00B,$0.23B,-1.76%,$-0.00B,$0.14B,-2.90%,$-0.00B,$0.43B,-0.89%,$0.00B,$0.31B,1.29%,$139,$126,$13,$0,$15,$140,$-1,$-1,$-3,$-1,$-2,$-2,$-2,$6,$-1,$28,28,$-0.07,$-0.07,$2,$6,$53,$181,$154,$0,$87,$1,$250,$431,$106,$79,$3,$100,$205,$0,$61,$-0,$226,$431,$-2,$8,$-1,$7,$18,$-0,$1,$-9,$6,$11,$-1,$0,$0,$0,$0,$0,$-0,$-1,$0,$-9,$-9,$1,$1,$0,$0,$-8,$1,$0,$0
7,2016-12-31,9.95,$8.17,1.22,$21.07,0.47,$-0.22,0.0,$-0.13,0.0,$0.20B,$0.12B,1.66,$0.08B,$0.23B,0.36,$0.58B,$0.07B,11.76%,$0.58B,$0.01B,0.87%,$0.58B,$0.01B,0.87%,$0.58B,$0.04B,6.57%,$0.58B,$-0.00B,-0.35%,$0.58B,$-0.00B,-0.52%,$-0.00B,$0.23B,-1.32%,$-0.00B,$0.14B,-2.20%,$-0.00B,$0.45B,-0.66%,$0.01B,$0.31B,1.59%,$144,$133,$12,$0,$17,$150,$-5,$-1,$-7,$-0,$-6,$-6,$-6,$3,$-5,$28,28,$-0.23,$-0.23,$0,$5,$46,$195,$158,$0,$88,$1,$253,$448,$118,$82,$3,$104,$221,$0,$62,$-0,$226,$448,$-4,$35,$1,$37,$-24,$2,$-6,$20,$-10,$23,$-17,$0,$-0,$0,$0,$0,$-1,$-18,$57,$-63,$-6,$0,$0,$0,$-0,$-7,$-1,$2,$0
8,2016-09-30,6.85,$8.36,0.82,$21.75,0.31,$-0.20,0.0,$0.15,45.67,$0.20B,$0.13B,1.6,$0.09B,$0.23B,0.37,$0.60B,$0.07B,12.25%,$0.60B,$0.01B,2.18%,$0.60B,$0.01B,2.18%,$0.60B,$0.05B,8.05%,$0.60B,$0.01B,1.17%,$0.60B,$0.00B,0.67%,$0.00B,$0.23B,1.76%,$0.00B,$0.14B,2.96%,$0.00B,$0.47B,0.88%,$0.01B,$0.32B,4.09%,$164,$140,$24,$0,$15,$154,$10,$-2,$8,$3,$5,$5,$5,$18,$10,$27,27,$0.17,$0.17,$3,$6,$63,$204,$161,$0,$90,$1,$264,$468,$128,$85,$3,$109,$237,$0,$68,$-1,$231,$468,$3,$27,$2,$28,$-24,$1,$-3,$10,$-18,$13,$-15,$0,$-0,$0,$0,$0,$-1,$-16,$47,$-43,$4,$0,$0,$0,$-0,$4,$2,$2,$0
9,2016-06-30,5.31,$8.16,0.65,$20.81,0.26,$-0.73,0.0,$-0.29,0.0,$0.18B,$0.11B,1.64,$0.09B,$0.23B,0.39,$0.57B,$0.06B,10.02%,$0.57B,$-0.01B,-0.88%,$0.57B,$-0.01B,-0.88%,$0.57B,$0.03B,5.27%,$0.57B,$-0.01B,-1.76%,$0.57B,$-0.01B,-1.41%,$-0.01B,$0.23B,-3.54%,$-0.01B,$0.13B,-6.13%,$-0.01B,$0.44B,-1.72%,$-0.01B,$0.31B,-1.53%,$140,$123,$17,$0,$17,$140,$0,$-2,$-1,$-1,$-1,$-1,$-1,$9,$0,$27,27,$-0.03,$-0.03,$2,$5,$58,$176,$164,$0,$92,$1,$268,$443,$107,$88,$3,$110,$217,$0,$63,$-1,$226,$443,$-2,$18,$-0,$17,$1,$1,$-12,$11,$-5,$10,$-12,$0,$-0,$0,$0,$0,$-0,$-12,$0,$3,$3,$0,$0,$0,$-0,$3,$0,$1,$0
10,2016-03-31,5.18,$8.28,0.63,$18.84,0.27,$-1.06,0.0,$-0.33,0.0,$0.19B,$0.11B,1.66,$0.09B,$0.23B,0.41,$0.52B,$0.05B,8.93%,$0.52B,$-0.01B,-1.55%,$0.52B,$-0.01B,-1.55%,$0.52B,$0.02B,4.47%,$0.52B,$-0.01B,-2.33%,$0.52B,$-0.01B,-1.75%,$-0.01B,$0.23B,-3.95%,$-0.01B,$0.13B,-6.13%,$-0.01B,$0.45B,-2.05%,$-0.01B,$0.32B,-2.61%,$130,$115,$15,$0,$16,$130,$-0,$-2,$-2,$-1,$-1,$-1,$-1,$8,$-0,$27,27,$-0.04,$-0.04,$2,$5,$55,$186,$166,$0,$93,$1,$267,$452,$112,$92,$3,$114,$226,$0,$64,$-1,$226,$452,$-1,$9,$-1,$8,$-3,$0,$-13,$10,$-10,$-3,$-7,$0,$0,$0,$0,$0,$-0,$-7,$22,$-12,$10,$0,$0,$0,$0,$10,$0,$0,$0
11,2015-12-31,4.17,$8.35,0.5,$17.04,0.24,$-0.70,0.0,$-0.30,0.0,$0.19B,$0.12B,1.64,$0.10B,$0.23B,0.42,$0.47B,$0.04B,8.37%,$0.47B,$-0.01B,-1.72%,$0.47B,$-0.01B,-1.72%,$0.47B,$0.02B,4.29%,$0.47B,$-0.01B,-2.15%,$0.47B,$-0.01B,-1.72%,$-0.01B,$0.23B,-3.47%,$-0.01B,$0.13B,-4.87%,$-0.01B,$0.46B,-1.94%,$-0.01B,$0.32B,-2.78%,$162,$144,$17,$0,$16,$159,$3,$-1,$2,$0,$1,$1,$1,$13,$3,$27,27,$0.06,$0.06,$1,$5,$66,$193,$166,$0,$95,$1,$268,$461,$118,$95,$2,$116,$234,$0,$65,$-0,$228,$461,$-8,$29,$-0,$28,$-3,$1,$12,$-7,$5,$25,$-18,$0,$-111,$0,$0,$0,$0,$-129,$117,$-43,$74,$-3,$-3,$0,$-4,$66,$-38,$2,$0
12,2015-09-30,5.98,$8.26,0.72,$14.99,0.4,$-1.17,0.0,$-0.16,0.0,$0.23B,$0.13B,1.74,$0.13B,$0.23B,0.56,$0.41B,$0.04B,9.73%,$0.41B,$-0.00B,-0.73%,$0.41B,$-0.00B,-0.73%,$0.41B,$0.02B,5.11%,$0.41B,$-0.01B,-1.22%,$0.41B,$-0.00B,-0.97%,$-0.00B,$0.23B,-1.72%,$-0.00B,$0.12B,-2.20%,$-0.00B,$0.50B,-1.04%,$-0.00B,$0.35B,-1.12%,$137,$129,$8,$0,$14,$145,$-8,$-1,$-9,$-2,$-7,$-7,$-7,$-0,$-8,$27,27,$-0.27,$-0.27,$18,$8,$54,$229,$164,$0,$102,$5,$276,$504,$131,$126,$2,$148,$279,$0,$64,$-1,$225,$504,$-9,$19,$1,$20,$-33,$-0,$10,$6,$-13,$-3,$-13,$0,$-112,$0,$0,$0,$0,$-125,$-32,$143,$110,$-3,$-3,$0,$0,$107,$-21,$2,$0
13,2015-06-30,7.22,$8.55,0.84,$13.81,0.52,$-1.34,0.0,$0.22,32.82,$0.15B,$0.09B,1.69,$0.00B,$0.23B,0.01,$0.38B,$0.05B,11.81%,$0.38B,$0.01B,2.62%,$0.38B,$0.01B,2.62%,$0.38B,$0.03B,8.40%,$0.38B,$0.01B,2.36%,$0.38B,$0.01B,1.57%,$0.01B,$0.23B,2.56%,$0.01B,$0.20B,2.99%,$0.01B,$0.34B,1.74%,$0.01B,$0.24B,4.22%,$86,$80,$6,$0,$9,$89,$-3,$-0,$-3,$-1,$-2,$-2,$-2,$2,$-3,$27,27,$-0.07,$-0.07,$21,$7,$46,$145,$159,$0,$34,$0,$197,$342,$86,$3,$1,$24,$109,$0,$71,$0,$233,$342,$-2,$11,$0,$11,$-11,$-0,$6,$-5,$-12,$-3,$-7,$0,$0,$0,$0,$0,$0,$-7,$0,$-5,$-5,$-3,$-3,$0,$0,$-8,$-18,$1,$0
14,2015-03-31,8.86,$8.60,1.03,$13.95,0.64,$-1.20,0.0,$0.25,35.44,$0.14B,$0.08B,1.78,$0.00B,$0.24B,0.01,$0.39B,$0.05B,11.69%,$0.39B,$0.01B,2.86%,$0.39B,$0.01B,2.86%,$0.39B,$0.03B,8.57%,$0.39B,$0.01B,2.60%,$0.39B,$0.01B,1.82%,$0.01B,$0.24B,3.00%,$0.01B,$0.20B,3.51%,$0.01B,$0.34B,2.06%,$0.01B,$0.24B,4.68%,$81,$73,$8,$0,$9,$82,$-0,$-0,$-0,$-0,$-0,$-0,$-0,$5,$-0,$28,28,$-0.01,$-0.01,$35,$7,$47,$139,$162,$0,$34,$0,$201,$340,$78,$3,$1,$25,$103,$0,$73,$0,$237,$340,$-0,$5,$1,$6,$11,$-0,$1,$-10,$-1,$5,$-6,$0,$0,$0,$0,$0,$0,$-6,$0,$-4,$-4,$0,$0,$0,$0,$-4,$-4,$1,$0
15,2014-12-31,11.05,$8.60,1.28,$13.97,0.79,$-1.83,0.0,$0.25,44.2,$0.15B,$0.09B,1.67,$0.00B,$0.24B,0.02,$0.39B,$0.05B,11.69%,$0.39B,$0.01B,2.86%,$0.39B,$0.01B,2.86%,$0.39B,$0.03B,8.57%,$0.39B,$0.01B,2.60%,$0.39B,$0.01B,1.82%,$0.01B,$0.24B,3.03%,$0.01B,$0.20B,3.55%,$0.01B,$0.35B,2.10%,$0.01B,$0.24B,4.75%,$107,$89,$18,$0,$11,$100,$8,$-0,$7,$2,$5,$5,$5,$14,$8,$27,28,$0.19,$0.19,$39,$6,$45,$151,$162,$0,$34,$0,$201,$352,$91,$3,$1,$25,$116,$0,$73,$0,$237,$352,$7,$23,$4,$28,$-4,$-4,$-1,$-18,$-22,$12,$-18,$0,$-25,$0,$0,$0,$0,$-43,$30,$-2,$28,$0,$0,$0,$0,$29,$-2,$2,$0
16,2014-09-30,9.98,$8.40,1.19,$13.96,0.71,$-1.59,0.0,$0.14,71.29,$0.14B,$0.10B,1.46,$0.00B,$0.23B,0.0,$0.38B,$0.04B,10.42%,$0.38B,$0.01B,1.82%,$0.38B,$0.01B,1.82%,$0.38B,$0.03B,7.29%,$0.38B,$0.01B,1.56%,$0.38B,$0.00B,1.04%,$0.00B,$0.23B,1.75%,$0.00B,$0.20B,2.05%,$0.00B,$0.35B,1.24%,$0.01B,$0.23B,3.06%,$107,$94,$13,$0,$8,$102,$5,$-0,$5,$2,$3,$3,$3,$11,$5,$27,28,$0.11,$0.11,$46,$4,$39,$141,$164,$0,$34,$0,$206,$346,$97,$0,$0,$19,$115,$0,$68,$0,$231,$346,$2,$18,$1,$19,$1,$-1,$5,$-11,$-1,$19,$-40,$0,$0,$0,$0,$0,$0,$-40,$26,$-1,$25,$1,$1,$0,$0,$26,$5,$1,$0
17,2014-06-30,10.83,$8.29,1.31,$13.37,0.81,$-1.19,0.0,0,0.0,$0.12B,$0.08B,1.55,$0.00B,$0.23B,0.0,$0.37B,$0.03B,9.02%,$0.37B,0,0.00%,$0.37B,0,0.00%,$0.37B,$0.02B,5.46%,$0.37B,$-0.00B,-0.27%,$0.37B,0,0.00%,$0.00B,$0.23B,0.00%,$0.00B,$0.19B,0.00%,$0.00B,$0.32B,0.00%,$0.00B,$0.23B,0.00%,$90,$84,$6,$0,$8,$93,$-2,$0,$-2,$-1,$-1,$-1,$-1,$3,$-2,$27,27,$-0.04,$-0.04,$34,$4,$31,$116,$164,$0,$34,$0,$205,$321,$75,$0,$1,$19,$93,$0,$65,$0,$228,$321,$-1,$11,$-0,$11,$8,$-1,$-3,$-12,$-6,$4,$-10,$0,$-22,$0,$0,$0,$0,$-33,$23,$-0,$22,$0,$0,$0,$0,$22,$-6,$1,$0
18,2014-03-31,12.57,$8.32,1.51,$13.12,0.96,$-0.94,0.0,$0.05,251.4,$0.11B,$0.07B,1.7,$0.00B,$0.23B,0.0,$0.36B,$0.04B,9.72%,$0.36B,$0.00B,0.56%,$0.36B,$0.00B,0.56%,$0.36B,$0.02B,6.11%,$0.36B,$0.00B,0.28%,$0.36B,$0.00B,0.28%,$0.00B,$0.23B,0.44%,$0.00B,$0.19B,0.52%,$0.00B,$0.31B,0.33%,$0.00B,$0.23B,0.88%,$81,$74,$8,$0,$8,$82,$-0,$-0,$-0,$-0,$-0,$-0,$-0,$5,$-0,$27,27,$-0.01,$-0.01,$46,$3,$17,$113,$160,$0,$34,$0,$200,$313,$66,$0,$1,$18,$85,$0,$66,$0,$228,$313,$-0,$6,$0,$6,$9,$-1,$-12,$4,$1,$7,$-24,$0,$0,$0,$0,$0,$0,$-24,$0,$22,$22,$0,$0,$0,$0,$22,$5,$0,$0
19,2013-12-31,12.03,$8.32,1.45,$12.91,0.93,$-0.10,0.0,$0.02,601.5,$0.13B,$0.06B,2.1,$0.00B,$0.23B,0.0,$0.35B,$0.03B,9.32%,$0.35B,0,0.00%,$0.35B,0,0.00%,$0.35B,$0.02B,5.93%,$0.35B,$-0.00B,-0.28%,$0.35B,0,0.00%,$0.00B,$0.23B,0.00%,$0.00B,$0.19B,0.00%,$0.00B,$0.31B,0.00%,$0.00B,$0.23B,0.00%,$106,$94,$13,$0,$9,$102,$4,$-1,$3,$1,$2,$2,$2,$9,$4,$27,28,$0.07,$0.07,$41,$4,$25,$125,$142,$0,$34,$0,$181,$306,$60,$0,$1,$19,$78,$0,$67,$0,$228,$306,$0,$22,$2,$24,$5,$-3,$-6,$-8,$-11,$13,$-12,$0,$0,$0,$0,$0,$0,$-12,$0,$-4,$-4,$1,$1,$0,$-0,$-3,$-2,$2,$0
20,2013-09-30,10.41,$8.26,1.26,$12.69,0.82,$-0.13,0.0,$-0.01,0.0,$0.12B,$0.06B,1.95,$0.00B,$0.23B,0.0,$0.35B,$0.03B,9.51%,$0.35B,$0.00B,0.58%,$0.35B,$0.00B,0.58%,$0.35B,$0.02B,6.63%,$0.35B,0,0.00%,$0.35B,$-0.00B,-0.29%,$-0.00B,$0.23B,-0.44%,$-0.00B,$0.19B,-0.52%,$-0.00B,$0.31B,-0.33%,$0.00B,$0.23B,0.88%,$89,$83,$6,$0,$8,$91,$-2,$-0,$-2,$-2,$-1,$-1,$-1,$3,$-2,$27,27,$-0.03,$-0.03,$31,$5,$26,$121,$147,$0,$35,$0,$184,$305,$62,$0,$1,$17,$79,$0,$65,$0,$226,$305,$-2,$16,$-1,$15,$1,$-1,$-5,$-6,$-11,$2,$-12,$0,$0,$0,$0,$0,$0,$-12,$0,$-3,$-3,$1,$1,$0,$0,$-3,$-12,$2,$0
21,2013-06-30,12.09,$8.28,1.46,$12.22,0.99,$0.24,51.08,$-0.04,0.0,$0.11B,$0.05B,2.16,$0.00B,$0.23B,0.0,$0.33B,$0.03B,9.61%,$0.33B,$0.00B,0.60%,$0.33B,$0.00B,0.60%,$0.33B,$0.02B,6.91%,$0.33B,0,0.00%,$0.33B,$-0.00B,-0.60%,$-0.00B,$0.23B,-0.89%,$-0.00B,$0.19B,-1.05%,$-0.00B,$0.30B,-0.66%,$0.00B,$0.23B,0.88%,$84,$76,$8,$0,$8,$84,$0,$0,$0,$-0,$0,$0,$0,$5,$0,$27,28,$0.01,$0.01,$41,$5,$21,$112,$147,$0,$35,$0,$185,$296,$52,$0,$1,$19,$70,$0,$66,$0,$226,$296,$-1,$11,$0,$11,$15,$-1,$-9,$-5,$-3,$7,$-7,$0,$0,$0,$0,$0,$0,$-7,$0,$-3,$-3,$1,$1,$0,$0,$-3,$-3,$1,$0
22,2013-03-31,9.94,$8.26,1.2,$11.64,0.85,$-0.51,0.0,$-0.25,0.0,$0.12B,$0.05B,2.29,$0.01B,$0.23B,0.04,$0.32B,$0.02B,7.59%,$0.32B,$-0.01B,-1.90%,$0.32B,$-0.01B,-1.90%,$0.32B,$0.02B,5.06%,$0.32B,$-0.01B,-2.53%,$0.32B,$-0.01B,-2.22%,$-0.01B,$0.23B,-3.13%,$-0.01B,$0.19B,-3.67%,$-0.01B,$0.30B,-2.31%,$-0.01B,$0.23B,-2.65%,$75,$69,$6,$0,$8,$77,$-2,$0,$-2,$-1,$-1,$-1,$-1,$4,$-2,$27,27,$-0.04,$-0.04,$46,$5,$21,$117,$148,$0,$35,$0,$186,$303,$51,$8,$1,$27,$78,$0,$66,$0,$225,$303,$-1,$5,$-0,$5,$15,$-1,$-9,$0,$4,$8,$-3,$0,$0,$0,$0,$0,$0,$-3,$0,$-3,$-3,$0,$0,$0,$0,$-3,$3,$1,$0
23,2012-12-31,7.31,$8.25,0.89,$10.76,0.68,$-2.05,0.0,$-0.44,0.0,$0.13B,$0.07B,1.77,$0.00B,$0.23B,0.0,$0.29B,$0.02B,5.14%,$0.29B,$-0.01B,-4.79%,$0.29B,$-0.01B,-4.79%,$0.29B,$0.01B,2.40%,$0.29B,$-0.02B,-5.48%,$0.29B,$-0.01B,-4.11%,$-0.01B,$0.23B,-5.34%,$-0.01B,$0.19B,-6.25%,$-0.01B,$0.32B,-3.99%,$-0.01B,$0.23B,-6.23%,$99,$86,$13,$0,$7,$93,$6,$-2,$4,$2,$1,$1,$1,$11,$6,$27,27,$0.05,$0.05,$43,$4,$20,$129,$151,$0,$34,$0,$188,$316,$73,$0,$1,$19,$92,$0,$66,$0,$225,$316,$-12,$22,$3,$25,$-27,$-0,$19,$6,$11,$24,$-24,$0,$-9,$0,$0,$0,$0,$-33,$0,$13,$13,$0,$0,$0,$0,$13,$4,$3,$0
24,2012-09-30,7.43,$8.21,0.91,$9.18,0.81,$-1.37,0.0,$-0.68,0.0,$0.11B,$0.06B,1.96,$0.00B,$0.22B,0.0,$0.25B,$0.00B,0.81%,$0.25B,$-0.03B,-10.89%,$0.25B,$-0.03B,-10.89%,$0.25B,$-0.01B,-2.42%,$0.25B,$-0.03B,-10.89%,$0.25B,$-0.02B,-7.26%,$-0.02B,$0.22B,-7.93%,$-0.02B,$0.19B,-9.24%,$-0.02B,$0.30B,-6.15%,$-0.03B,$0.22B,-11.89%,$75,$70,$5,$0,$7,$78,$-2,$-0,$-2,$-1,$-2,$-2,$-2,$3,$-2,$27,27,$-0.06,$-0.06,$50,$4,$12,$112,$152,$0,$32,$0,$186,$298,$57,$0,$0,$18,$75,$0,$65,$0,$223,$298,$-13,$16,$-2,$14,$-12,$-0,$7,$15,$22,$23,$-22,$0,$0,$0,$0,$0,$0,$-22,$0,$11,$11,$0,$0,$0,$-0,$11,$11,$2,$0
25,2012-06-30,6.96,$8.24,0.84,$8.43,0.83,$-0.83,0.0,$-0.85,0.0,$0.11B,$0.05B,2.04,$0.00B,$0.22B,0.0,$0.23B,$-0.01B,-2.19%,$0.23B,$-0.03B,-14.91%,$0.23B,$-0.03B,-14.91%,$0.23B,$-0.01B,-5.26%,$0.23B,$-0.03B,-14.91%,$0.23B,$-0.02B,-9.65%,$-0.02B,$0.22B,-9.53%,$-0.02B,$0.19B,-11.08%,$-0.02B,$0.30B,-7.61%,$-0.03B,$0.22B,-14.73%,$67,$67,$-0,$0,$7,$75,$-8,$-0,$-8,$-2,$-5,$-5,$-5,$-2,$-8,$27,27,$-0.20,$-0.20,$32,$4,$9,$108,$154,$0,$32,$0,$188,$295,$53,$0,$1,$19,$72,$0,$67,$0,$223,$295,$-12,$11,$-1,$9,$-14,$-0,$4,$14,$1,$-2,$-18,$0,$0,$0,$0,$0,$0,$-18,$0,$13,$13,$0,$0,$0,$0,$13,$-7,$2,$0
26,2012-03-31,7.23,$8.41,0.86,$8.59,0.84,$0.07,109.21,$-0.77,0.0,$0.10B,$0.04B,2.34,$0.00B,$0.23B,0.0,$0.23B,$-0.00B,-1.29%,$0.23B,$-0.03B,-13.36%,$0.23B,$-0.03B,-13.36%,$0.23B,$-0.01B,-4.31%,$0.23B,$-0.03B,-13.36%,$0.23B,$-0.02B,-8.62%,$-0.02B,$0.23B,-8.48%,$-0.02B,$0.20B,-9.83%,$-0.02B,$0.30B,-6.93%,$-0.03B,$0.23B,-13.15%,$51,$54,$-3,$0,$7,$61,$-10,$0,$-10,$-4,$-6,$-6,$-6,$-5,$-10,$27,27,$-0.23,$-0.23,$30,$3,$17,$104,$157,$0,$32,$0,$191,$295,$44,$0,$1,$22,$67,$0,$72,$0,$228,$295,$-6,$5,$-13,$-8,$-4,$0,$-1,$4,$-6,$-20,$-16,$0,$0,$0,$0,$0,$0,$-16,$0,$13,$13,$0,$0,$0,$0,$13,$-23,$1,$0
27,2011-12-31,6.65,$8.62,0.77,$9.62,0.69,$1.42,4.67,$-0.48,0.0,$0.10B,$0.03B,3.77,$0.00B,$0.23B,0.0,$0.26B,$0.01B,3.85%,$0.26B,$-0.02B,-7.31%,$0.26B,$-0.02B,-7.31%,$0.26B,$0.00B,1.15%,$0.26B,$-0.02B,-7.31%,$0.26B,$-0.01B,-4.62%,$-0.01B,$0.23B,-4.98%,$-0.01B,$0.20B,-5.75%,$-0.01B,$0.28B,-4.13%,$-0.02B,$0.23B,-7.88%,$55,$55,$0,$0,$8,$63,$-7,$0,$-7,$-2,$-5,$-5,$-5,$-2,$-7,$27,27,$-0.20,$-0.20,$39,$3,$15,$103,$146,$0,$32,$0,$180,$283,$27,$0,$1,$22,$49,$0,$79,$0,$234,$283,$-13,$22,$8,$30,$26,$-0,$-13,$12,$15,$33,$-14,$0,$0,$0,$0,$0,$0,$-14,$0,$0,$0,$-3,$-3,$0,$0,$-3,$16,$3,$0
28,2011-09-30,5.77,$8.77,0.66,$10.90,0.53,$0.20,28.26,$-0.18,0.0,$0.10B,$0.02B,4.37,$0.00B,$0.24B,0.0,$0.30B,$0.02B,7.12%,$0.30B,$-0.01B,-2.71%,$0.30B,$-0.01B,-2.71%,$0.30B,$0.01B,4.75%,$0.30B,$-0.01B,-2.71%,$0.30B,$-0.00B,-1.36%,$-0.00B,$0.24B,-1.64%,$-0.00B,$0.21B,-1.88%,$-0.00B,$0.28B,-1.35%,$-0.01B,$0.24B,-3.28%,$55,$57,$-2,$0,$7,$64,$-9,$-0,$-9,$-3,$-6,$-6,$-6,$-3,$-9,$27,27,$-0.23,$-0.23,$35,$3,$14,$100,$150,$0,$32,$0,$183,$283,$23,$0,$1,$22,$45,$0,$84,$0,$238,$283,$-8,$17,$6,$23,$23,$-0,$-15,$13,$12,$27,$-12,$0,$0,$0,$0,$0,$0,$-12,$0,$0,$0,$-3,$-3,$0,$0,$-3,$12,$2,$0
29,2011-06-30,9.41,$9.11,1.03,$12.56,0.75,$-0.56,0.0,$0.31,30.35,$0.11B,$0.03B,3.67,$0.00B,$0.24B,0.0,$0.34B,$0.04B,12.06%,$0.34B,$0.01B,3.53%,$0.34B,$0.01B,3.53%,$0.34B,$0.03B,9.71%,$0.34B,$0.01B,3.53%,$0.34B,$0.01B,2.65%,$0.01B,$0.24B,3.67%,$0.01B,$0.21B,4.22%,$0.01B,$0.29B,2.98%,$0.01B,$0.24B,4.88%,$71,$69,$2,$0,$7,$76,$-5,$-0,$-5,$-2,$-3,$-3,$-3,$0,$-5,$27,27,$-0.12,$-0.12,$25,$4,$25,$109,$153,$0,$32,$0,$185,$294,$30,$0,$1,$21,$50,$0,$90,$0,$243,$294,$-2,$11,$4,$15,$13,$-1,$-11,$2,$1,$14,$-9,$0,$0,$0,$0,$0,$0,$-9,$0,$0,$0,$-3,$-3,$0,$0,$-3,$2,$1,$0
30,2011-03-31,10.74,$9.22,1.16,$13.13,0.82,$-1.40,0.0,$0.69,15.57,$0.12B,$0.03B,3.43,$0.00B,$0.25B,0.0,$0.36B,$0.06B,16.57%,$0.36B,$0.03B,7.87%,$0.36B,$0.03B,7.87%,$0.36B,$0.05B,13.76%,$0.36B,$0.03B,7.87%,$0.36B,$0.02B,5.34%,$0.02B,$0.25B,7.80%,$0.02B,$0.22B,8.98%,$0.02B,$0.30B,6.30%,$0.03B,$0.25B,11.49%,$79,$69,$10,$0,$8,$77,$2,$0,$2,$1,$2,$2,$2,$8,$2,$27,27,$0.06,$0.06,$24,$4,$28,$115,$154,$0,$32,$0,$186,$301,$33,$0,$1,$19,$52,$0,$93,$0,$249,$301,$2,$6,$1,$7,$9,$-1,$-12,$-0,$-3,$6,$-5,$0,$0,$0,$0,$0,$0,$-5,$0,$0,$0,$0,$0,$0,$0,$0,$1,$1,$0
31,2010-12-31,11.6,$9.14,1.27,$13.00,0.89,$-1.85,0.0,$0.81,14.32,$0.12B,$0.04B,2.78,$0.00B,$0.25B,0.0,$0.35B,$0.07B,18.41%,$0.35B,$0.03B,8.78%,$0.35B,$0.03B,8.78%,$0.35B,$0.05B,14.45%,$0.35B,$0.03B,9.63%,$0.35B,$0.02B,6.23%,$0.02B,$0.25B,9.23%,$0.02B,$0.22B,10.65%,$0.02B,$0.31B,7.43%,$0.03B,$0.25B,13.00%,$90,$79,$11,$0,$7,$86,$4,$-0,$4,$1,$3,$3,$3,$9,$4,$27,27,$0.11,$0.11,$23,$3,$26,$120,$155,$0,$32,$0,$188,$308,$43,$0,$1,$18,$61,$0,$92,$0,$247,$308,$22,$20,$5,$25,$-5,$-2,$-8,$-16,$-33,$14,$-28,$0,$-61,$0,$0,$0,$-7,$-96,$0,$0,$0,$1,$1,$0,$-0,$0,$-82,$3,$0
32,2010-09-30,12.41,$9.03,1.37,$12.64,0.98,$-0.54,0.0,$0.85,14.6,$0.11B,$0.05B,2.29,$0.00B,$0.24B,0.0,$0.33B,$0.07B,20.36%,$0.33B,$0.03B,9.88%,$0.33B,$0.03B,9.88%,$0.33B,$0.05B,15.57%,$0.33B,$0.04B,10.78%,$0.33B,$0.02B,6.89%,$0.02B,$0.24B,9.91%,$0.02B,$0.21B,11.21%,$0.02B,$0.31B,8.00%,$0.03B,$0.24B,14.21%,$100,$82,$18,$0,$7,$89,$11,$-0,$11,$4,$7,$7,$7,$16,$11,$27,27,$0.26,$0.26,$29,$2,$29,$114,$160,$0,$32,$0,$192,$306,$50,$1,$0,$13,$63,$0,$89,$0,$243,$306,$19,$14,$-1,$14,$3,$-1,$-3,$-17,$-14,$19,$-25,$0,$-64,$0,$0,$0,$-7,$-95,$0,$0,$0,$1,$1,$0,$-0,$0,$-76,$2,$0
33,2010-06-30,14.2,$8.75,1.62,$12.25,1.16,$0.61,23.41,$0.81,17.53,$0.10B,$0.05B,2.34,$0.00B,$0.24B,0.0,$0.32B,$0.07B,20.95%,$0.32B,$0.03B,9.52%,$0.32B,$0.03B,9.52%,$0.32B,$0.05B,15.56%,$0.32B,$0.03B,10.48%,$0.32B,$0.02B,6.67%,$0.02B,$0.24B,9.31%,$0.02B,$0.20B,10.31%,$0.02B,$0.29B,7.55%,$0.03B,$0.24B,13.30%,$87,$68,$20,$0,$8,$76,$11,$-0,$11,$4,$7,$7,$7,$16,$11,$27,27,$0.26,$0.26,$16,$1,$20,$104,$156,$0,$32,$0,$188,$292,$45,$0,$1,$12,$57,$0,$82,$0,$235,$292,$12,$9,$-1,$8,$-7,$0,$-9,$-5,$-23,$-3,$-16,$0,$-71,$0,$0,$0,$0,$-87,$0,$0,$0,$1,$1,$0,$-0,$0,$-89,$1,$0
34,2010-03-31,18.05,$8.47,2.13,$12.24,1.47,$2.16,8.35,$0.83,21.75,$0.10B,$0.04B,2.48,$0.00B,$0.23B,0.0,$0.30B,$0.07B,21.74%,$0.30B,$0.03B,9.70%,$0.30B,$0.03B,9.70%,$0.30B,$0.05B,16.05%,$0.30B,$0.03B,10.70%,$0.30B,$0.02B,6.69%,$0.02B,$0.23B,10.17%,$0.02B,$0.20B,11.13%,$0.02B,$0.28B,7.91%,$0.03B,$0.23B,14.27%,$76,$60,$16,$0,$10,$70,$5,$2,$8,$3,$5,$5,$5,$10,$5,$27,27,$0.18,$0.18,$23,$2,$21,$97,$151,$0,$31,$0,$182,$279,$39,$0,$1,$12,$51,$0,$75,$0,$228,$279,$5,$5,$-2,$3,$5,$-1,$-10,$-9,$-12,$-5,$-7,$0,$-71,$0,$0,$0,$0,$-78,$0,$0,$0,$0,$0,$0,$0,$0,$-82,$1,$0
35,2009-12-31,21.06,$8.26,2.55,$12.66,1.66,$3.36,6.27,$0.85,24.78,$0.17B,$0.04B,4.34,$0.00B,$0.22B,0.0,$0.29B,$0.06B,21.50%,$0.29B,$0.03B,10.58%,$0.29B,$0.03B,10.58%,$0.29B,$0.05B,17.06%,$0.29B,$0.03B,10.58%,$0.29B,$0.02B,6.48%,$0.02B,$0.22B,11.36%,$0.02B,$0.21B,12.30%,$0.02B,$0.27B,8.27%,$0.03B,$0.22B,17.15%,$71,$58,$14,$0,$7,$65,$6,$-0,$6,$2,$4,$4,$4,$10,$6,$24,24,$0.14,$0.14,$105,$1,$11,$170,$91,$0,$12,$0,$103,$273,$39,$0,$1,$12,$51,$0,$70,$0,$222,$273,$20,$19,$-1,$18,$-2,$-1,$11,$-9,$2,$40,$-22,$0,$0,$0,$0,$0,$0,$-22,$-34,$0,$-34,$93,$93,$0,$1,$60,$79,$2,$0
36,2009-09-30,20.54,$8.11,2.53,$13.30,1.54,$3.30,6.23,$0.95,21.62,$0.18B,$0.04B,4.52,$0.00B,$0.22B,0.0,$0.30B,$0.07B,22.26%,$0.30B,$0.03B,11.30%,$0.30B,$0.03B,11.30%,$0.30B,$0.05B,17.94%,$0.30B,$0.03B,11.30%,$0.30B,$0.02B,6.64%,$0.02B,$0.22B,14.47%,$0.02B,$0.21B,16.06%,$0.02B,$0.27B,9.62%,$0.03B,$0.22B,21.42%,$81,$65,$16,$0,$8,$73,$8,$-0,$8,$3,$5,$5,$5,$13,$8,$24,25,$0.22,$0.22,$109,$2,$9,$175,$80,$0,$12,$0,$93,$268,$39,$0,$0,$12,$51,$0,$66,$0,$217,$268,$16,$15,$-1,$13,$-5,$-1,$8,$-8,$1,$31,$-8,$0,$0,$0,$0,$0,$0,$-8,$-34,$0,$-34,$93,$93,$0,$1,$60,$83,$1,$0
37,2009-06-30,19.0,$5.47,3.47,$12.88,1.48,$2.74,6.93,$0.90,21.11,$0.10B,$0.03B,3.05,$0.03B,$0.12B,0.22,$0.28B,$0.06B,22.61%,$0.28B,$0.03B,10.95%,$0.28B,$0.03B,10.95%,$0.28B,$0.05B,18.02%,$0.28B,$0.03B,10.95%,$0.28B,$0.02B,6.71%,$0.02B,$0.12B,17.43%,$0.02B,$0.11B,20.21%,$0.02B,$0.19B,10.17%,$0.03B,$0.15B,22.59%,$71,$52,$19,$0,$9,$61,$10,$-0,$10,$4,$6,$6,$6,$15,$10,$22,22,$0.29,$0.28,$44,$2,$8,$96,$81,$0,$13,$0,$94,$191,$32,$26,$1,$39,$71,$0,$61,$0,$120,$191,$11,$10,$-1,$9,$6,$-1,$-4,$-3,$4,$24,$-4,$0,$0,$0,$0,$0,$0,$-4,$-4,$0,$-4,$2,$2,$0,$1,$-1,$18,$1,$0
38,2009-03-31,13.1,$5.11,2.56,$12.75,1.03,$2.04,6.43,$0.73,17.95,$0.09B,$0.04B,2.46,$0.03B,$0.11B,0.25,$0.28B,$0.06B,19.71%,$0.28B,$0.03B,8.96%,$0.28B,$0.03B,8.96%,$0.28B,$0.05B,16.13%,$0.28B,$0.03B,8.96%,$0.28B,$0.02B,5.38%,$0.02B,$0.11B,14.56%,$0.02B,$0.10B,17.29%,$0.02B,$0.19B,8.19%,$0.03B,$0.14B,18.83%,$70,$56,$14,$0,$7,$63,$7,$-0,$7,$3,$4,$4,$4,$12,$7,$22,22,$0.20,$0.20,$42,$1,$8,$90,$83,$0,$14,$0,$97,$187,$37,$27,$0,$40,$77,$0,$54,$0,$110,$187,$4,$5,$-0,$5,$10,$-0,$-1,$-1,$10,$19,$-2,$0,$0,$0,$0,$0,$0,$-2,$-1,$0,$-1,$0,$0,$0,$0,$-1,$16,$0,$0
39,2008-12-31,9.66,$4.90,1.97,$11.96,0.81,$1.49,6.47,$0.66,14.64,$0.09B,$0.04B,2.19,$0.03B,$0.11B,0.27,$0.26B,$0.05B,19.47%,$0.26B,$0.02B,8.40%,$0.26B,$0.02B,8.40%,$0.26B,$0.04B,15.65%,$0.26B,$0.02B,8.40%,$0.26B,$0.01B,5.34%,$0.01B,$0.11B,14.18%,$0.01B,$0.09B,17.23%,$0.01B,$0.19B,7.79%,$0.02B,$0.13B,16.96%,$79,$61,$18,$0,$9,$70,$9,$-0,$9,$3,$5,$5,$5,$14,$9,$22,22,$0.25,$0.25,$26,$1,$7,$86,$84,$0,$16,$0,$100,$186,$39,$28,$0,$41,$81,$0,$50,$0,$106,$186,$14,$19,$-2,$17,$-5,$-0,$2,$3,$-5,$26,$-11,$0,$-37,$0,$0,$0,$0,$-47,$34,$0,$34,$-0,$-0,$0,$-0,$34,$13,$1,$0
40,2008-09-30,10.49,$4.63,2.27,$11.13,0.94,$1.32,7.93,$0.69,15.2,$0.08B,$0.04B,2.1,$0.03B,$0.10B,0.32,$0.24B,$0.05B,20.08%,$0.24B,$0.02B,9.02%,$0.24B,$0.07B,30.33%,$0.24B,$0.04B,15.98%,$0.24B,$0.07B,30.33%,$0.24B,$0.02B,6.15%,$0.02B,$0.10B,15.83%,$0.02B,$0.08B,18.63%,$0.02B,$0.18B,9.00%,$0.02B,$0.13B,18.53%,$63,$50,$13,$0,$7,$58,$5,$-0,$5,$1,$4,$4,$4,$10,$5,$22,22,$0.18,$0.17,$19,$1,$6,$80,$85,$0,$17,$0,$102,$183,$38,$32,$0,$45,$83,$0,$45,$0,$100,$183,$9,$14,$-2,$12,$-6,$-0,$-1,$6,$-4,$16,$-8,$0,$-37,$0,$0,$0,$0,$-45,$35,$0,$35,$0,$0,$0,$-0,$35,$6,$1,$0
