,Date,Stock Price,Book Value per Share,Price to Book Ratio,TTM Sales per Share,Price to Sales Ratio,TTM FCF per Share,Price to FCF Ratio,TTM Net EPS,PE Ratio,Current Assets,Current Liabilities,Current Ratio,Long Term Debt,Shareholder's Equity_x,Debt to Equity Ratio,TTM Revenue_x,TTM Gross Profit,Gross Margin,TTM Revenue_y,TTM Operating Income,Operating Margin,TTM Revenue_x,TTM EBIT,EBIT Margin,TTM Revenue_y,TTM EBITDA,EBITDA Margin,TTM Revenue_x,TTM Pre-Tax Income,Pre-Tax Margin,TTM Revenue_y,TTM Net Income_x,Net Margin,TTM Net Income_y,Shareholder's Equity_y,Return on Equity,TTM Net Income_x,Tangible Equity,Return on Tangible Equity,TTM Net Income_y,Total Assets,Return on Assets,TTM Net Income,LT Investments & Debt,Return on Investment,revenue,cost-goods-sold,gross-profit,research-development-expenses,selling-general-administrative-expenses,operating-expenses,operating-income,total-non-operating-income-expense,pre-tax-income,total-provision-income-taxes,income-after-taxes,income-from-continuous-operations,net-income,ebitda,ebit,basic-shares-outstanding,shares-outstanding,eps-basic-net-earnings-per-share,eps-earnings-per-share-diluted,cash-on-hand,inventory,other-current-assets,total-current-assets,net-property-plant-equipment,long-term-investments,goodwill-intangible-assets-total,other-long-term-assets,total-long-term-assets,total-assets,total-current-liabilities,long-term-debt,other-non-current-liabilities,total-long-term-liabilities,total-liabilities,common-stock-net,retained-earnings-accumulated-deficit,comprehensive-income,total-share-holder-equity,total-liabilities-share-holders-equity,net-income-loss,total-depreciation-amortization-cash-flow,other-non-cash-items,total-non-cash-items,change-in-accounts-receivable,change-in-inventories,change-in-accounts-payable,change-in-assets-liabilities,total-change-in-assets-liabilities,cash-flow-from-operating-activities,net-change-in-property-plant-equipment,net-change-in-intangible-assets,net-acquisitions-divestitures,net-change-in-short-term-investments,net-change-in-long-term-investments,net-change-in-investments-total,investing-activities-other,cash-flow-from-investing-activities,net-long-term-debt,net-current-debt,debt-issuance-retirement-net-total,net-common-equity-issued-repurchased,net-total-equity-issued-repurchased,total-common-preferred-stock-dividends-paid,financial-activities-other,cash-flow-from-financial-activities,net-cash-flow,stock-based-compensation,common-stock-dividends-paid
0,2018-09-30,33.17,$12.00,2.76,$28.95,1.15,$8.96,3.7,$6.41,5.17,$0.64B,$0.32B,2.0,$0.55B,$1.04B,0.53,$2.52B,$0.87B,34.58%,$2.52B,$0.72B,28.66%,$2.52B,$0.72B,28.66%,$2.52B,$0.85B,33.78%,$2.52B,$0.69B,27.43%,$2.52B,$0.56B,22.19%,$0.56B,$1.04B,51.36%,$0.56B,$1.02B,52.46%,$0.56B,$2.13B,26.06%,$0.72B,$1.59B,44.10%,$640,$427,$213,$0,$4,$465,$175,$-8,$167,$37,$130,$130,$130,$209,$175,$87,87,$1.50,$1.49,$193,$234,$0,$642,$1458,$0,$21,$5,$1488,$2130,$321,$549,$24,$767,$1088,$1361,$-47,$-183,$1042,$2130,$399,$100,$53,$153,$-25,$-16,$0,$-31,$-70,$482,$-156,$-1,$0,$0,$0,$0,$0,$-157,$0,$0,$0,$4,$4,$-373,$0,$-369,$-48,$0,$-373
1,2018-06-30,41.12,$13.91,2.96,$28.26,1.45,$7.66,5.37,$6.42,6.4,$0.77B,$0.29B,2.69,$0.55B,$1.21B,0.46,$2.46B,$0.86B,34.80%,$2.46B,$0.72B,29.14%,$2.46B,$0.72B,29.14%,$2.46B,$0.84B,34.11%,$2.46B,$0.69B,27.92%,$2.46B,$0.56B,22.75%,$0.56B,$1.21B,53.11%,$0.56B,$1.18B,54.34%,$0.56B,$2.25B,26.62%,$0.72B,$1.76B,44.72%,$707,$430,$277,$0,$5,$471,$236,$-9,$227,$53,$174,$174,$174,$272,$236,$87,87,$2.01,$2.00,$298,$244,$0,$766,$1453,$0,$23,$4,$1484,$2250,$285,$549,$27,$759,$1044,$1356,$121,$-182,$1206,$2250,$269,$66,$33,$99,$-43,$-24,$0,$-38,$-114,$254,$-117,$-1,$0,$0,$0,$0,$0,$-118,$0,$0,$0,$4,$4,$-81,$0,$-77,$57,$0,$-81
2,2018-03-31,35.82,$12.57,2.85,$26.34,1.36,$6.84,5.24,$5.54,6.47,$0.62B,$0.28B,2.22,$0.55B,$1.09B,0.51,$2.29B,$0.74B,32.55%,$2.29B,$0.62B,26.90%,$2.29B,$0.62B,26.90%,$2.29B,$0.73B,31.85%,$2.29B,$0.59B,25.63%,$2.29B,$0.48B,21.08%,$0.48B,$1.09B,50.90%,$0.48B,$1.06B,52.22%,$0.48B,$2.10B,24.33%,$0.62B,$1.64B,41.14%,$576,$402,$174,$0,$5,$437,$139,$-8,$131,$36,$95,$95,$95,$169,$139,$86,87,$1.10,$1.09,$153,$260,$0,$615,$1450,$0,$24,$3,$1482,$2097,$277,$549,$29,$733,$1010,$1353,$-13,$-165,$1087,$2097,$95,$30,$10,$40,$-14,$-36,$0,$-37,$-131,$4,$-56,$0,$0,$0,$0,$0,$0,$-56,$0,$0,$0,$2,$2,$-41,$0,$-39,$-88,$0,$-41
3,2017-12-31,32.87,$11.79,2.79,$25.11,1.31,$7.24,4.54,$5.02,6.55,$0.65B,$0.36B,1.83,$0.55B,$1.02B,0.54,$2.18B,$0.68B,31.14%,$2.18B,$0.55B,25.22%,$2.18B,$0.55B,25.22%,$2.18B,$0.66B,30.13%,$2.18B,$0.52B,23.75%,$2.18B,$0.44B,20.03%,$0.44B,$1.02B,51.31%,$0.44B,$1.00B,52.78%,$0.44B,$2.10B,23.10%,$0.55B,$1.57B,38.87%,$596,$389,$207,$0,$3,$424,$172,$-6,$166,$6,$160,$160,$160,$201,$172,$86,87,$1.85,$1.84,$241,$224,$0,$651,$1421,$0,$24,$3,$1452,$2103,$356,$548,$29,$728,$1084,$1350,$-67,$-176,$1019,$2103,$436,$107,$-5,$102,$-33,$-37,$0,$87,$70,$608,$-240,$-4,$0,$0,$0,$0,$0,$-244,$-200,$0,$-200,$7,$7,$-101,$0,$-294,$80,$0,$-101
4,2017-09-30,36.57,$10.39,3.52,$23.83,1.53,$5.52,6.62,$3.90,9.38,$0.54B,$0.30B,1.83,$0.55B,$0.90B,0.61,$2.06B,$0.59B,28.60%,$2.06B,$0.46B,22.49%,$2.06B,$0.46B,22.49%,$2.06B,$0.57B,27.53%,$2.06B,$0.44B,21.38%,$2.06B,$0.34B,16.34%,$0.34B,$0.90B,44.49%,$0.34B,$0.87B,45.90%,$0.34B,$1.95B,18.60%,$0.46B,$1.45B,35.16%,$578,$381,$197,$0,$-1,$409,$169,$-7,$162,$32,$130,$130,$130,$196,$169,$86,87,$1.51,$1.50,$126,$200,$0,$540,$1382,$0,$24,$1,$1411,$1951,$295,$548,$28,$758,$1053,$1350,$-187,$-177,$898,$1951,$276,$78,$39,$117,$-53,$-9,$0,$43,$-7,$386,$-174,$-3,$0,$0,$0,$0,$0,$-177,$-200,$0,$-200,$7,$7,$-60,$0,$-253,$-35,$0,$-60
5,2017-06-30,29.53,$9.11,3.24,$22.43,1.32,$4.54,6.51,$3.04,9.71,$0.41B,$0.22B,1.84,$0.55B,$0.78B,0.7,$1.94B,$0.51B,26.11%,$1.94B,$0.38B,19.71%,$1.94B,$0.38B,19.71%,$1.94B,$0.48B,24.87%,$1.94B,$0.35B,18.21%,$1.94B,$0.26B,13.52%,$0.26B,$0.78B,38.46%,$0.26B,$0.76B,39.77%,$0.26B,$1.77B,14.94%,$0.38B,$1.33B,30.73%,$536,$370,$166,$0,$2,$401,$135,$-8,$127,$30,$97,$97,$97,$162,$135,$86,87,$1.13,$1.12,$7,$206,$0,$410,$1330,$0,$24,$3,$1362,$1772,$223,$547,$33,$765,$988,$1345,$-282,$-191,$784,$1772,$146,$51,$28,$79,$-37,$-20,$0,$16,$-42,$183,$-118,$-3,$0,$0,$0,$0,$0,$-121,$-200,$0,$-200,$3,$3,$-25,$0,$-222,$-154,$0,$-25
6,2017-03-31,26.83,$8.11,3.31,$21.44,1.25,$4.39,6.11,$2.43,11.04,$0.40B,$0.22B,1.83,$0.61B,$0.70B,0.87,$1.85B,$0.43B,23.47%,$1.85B,$0.31B,16.98%,$1.85B,$0.31B,16.98%,$1.85B,$0.41B,22.23%,$1.85B,$0.28B,15.14%,$1.85B,$0.21B,11.30%,$0.21B,$0.70B,33.52%,$0.21B,$0.68B,34.72%,$0.21B,$1.73B,12.12%,$0.31B,$1.31B,26.50%,$467,$359,$108,$0,$6,$394,$73,$-11,$62,$13,$49,$49,$49,$97,$73,$86,87,$0.57,$0.57,$0,$220,$0,$401,$1294,$0,$23,$2,$1324,$1725,$219,$608,$30,$808,$1027,$1345,$-359,$-200,$698,$1725,$49,$24,$24,$48,$-20,$-34,$0,$3,$-58,$39,$-56,$-2,$0,$0,$0,$0,$0,$-58,$-200,$2,$-198,$3,$3,$-6,$61,$-140,$-161,$0,$-6
7,2016-12-31,23.7,$7.58,3.13,$20.51,1.16,$4.47,5.3,$2.13,11.13,$0.50B,$0.42B,1.19,$0.55B,$0.65B,0.84,$1.77B,$0.39B,21.97%,$1.77B,$0.28B,15.86%,$1.77B,$0.28B,15.86%,$1.77B,$0.37B,21.18%,$1.77B,$0.24B,13.82%,$1.77B,$0.18B,10.36%,$0.18B,$0.65B,31.51%,$0.18B,$0.63B,32.39%,$0.18B,$1.80B,10.70%,$0.28B,$1.20B,24.56%,$482,$363,$119,$0,$6,$395,$87,$3,$90,$29,$61,$61,$61,$113,$87,$86,86,$0.72,$0.71,$161,$185,$0,$497,$1262,$0,$22,$14,$1302,$1799,$419,$546,$27,$730,$1149,$1341,$-402,$-202,$650,$1799,$183,$94,$39,$133,$-20,$-10,$0,$2,$-3,$313,$-95,$-6,$0,$0,$0,$0,$7,$-94,$0,$0,$0,$4,$4,$-26,$-30,$-52,$152,$0,$-26
