,Date,Stock Price,Book Value per Share,Price to Book Ratio,TTM Sales per Share,Price to Sales Ratio,TTM FCF per Share,Price to FCF Ratio,TTM Net EPS,PE Ratio,Current Assets,Current Liabilities,Current Ratio,Long Term Debt,Shareholder's Equity_x,Debt to Equity Ratio,TTM Revenue_x,TTM Gross Profit,Gross Margin,TTM Revenue_y,TTM Operating Income,Operating Margin,TTM Revenue_x,TTM EBIT,EBIT Margin,TTM Revenue_y,TTM EBITDA,EBITDA Margin,TTM Revenue_x,TTM Pre-Tax Income,Pre-Tax Margin,TTM Revenue_y,TTM Net Income_x,Net Margin,TTM Net Income_y,Shareholder's Equity_y,Return on Equity,TTM Net Income_x,Tangible Equity,Return on Tangible Equity,TTM Net Income_y,Total Assets,Return on Assets,TTM Net Income,LT Investments & Debt,Return on Investment,revenue,cost-goods-sold,gross-profit,research-development-expenses,selling-general-administrative-expenses,operating-expenses,operating-income,total-non-operating-income-expense,pre-tax-income,total-provision-income-taxes,income-after-taxes,income-from-continuous-operations,net-income,ebitda,ebit,basic-shares-outstanding,shares-outstanding,eps-basic-net-earnings-per-share,eps-earnings-per-share-diluted,cash-on-hand,inventory,other-current-assets,total-current-assets,net-property-plant-equipment,long-term-investments,goodwill-intangible-assets-total,other-long-term-assets,total-long-term-assets,total-assets,total-current-liabilities,long-term-debt,other-non-current-liabilities,total-long-term-liabilities,total-liabilities,common-stock-net,retained-earnings-accumulated-deficit,comprehensive-income,total-share-holder-equity,total-liabilities-share-holders-equity,net-income-loss,total-depreciation-amortization-cash-flow,other-non-cash-items,total-non-cash-items,change-in-accounts-receivable,change-in-inventories,change-in-accounts-payable,change-in-assets-liabilities,total-change-in-assets-liabilities,cash-flow-from-operating-activities,net-change-in-property-plant-equipment,net-change-in-intangible-assets,net-acquisitions-divestitures,net-change-in-short-term-investments,net-change-in-long-term-investments,net-change-in-investments-total,investing-activities-other,cash-flow-from-investing-activities,net-long-term-debt,net-current-debt,debt-issuance-retirement-net-total,net-common-equity-issued-repurchased,net-total-equity-issued-repurchased,total-common-preferred-stock-dividends-paid,financial-activities-other,cash-flow-from-financial-activities,net-cash-flow,stock-based-compensation,common-stock-dividends-paid
0,2018-09-30,15.45,$7.33,2.11,$4.44,3.48,$3.65,4.23,$0.76,20.33,$1.87B,$2.26B,0.83,$0.12B,$0.22B,0.55,$0.14B,$0.12B,88.89%,$0.14B,$0.04B,31.85%,$0.14B,0,0.00%,$0.14B,0,0.00%,$0.14B,$0.04B,31.85%,$0.14B,$0.02B,16.30%,$0.02B,$0.22B,10.58%,$0.02B,$0.19B,11.89%,$0.02B,$2.61B,0.88%,$0.04B,$0.34B,13.43%,$36,$4,$32,$0,$19,$23,$13,$0,$13,$3,$10,$10,$10,$0,$0,$30,30,$0.32,$0.32,$50,$0,$0,$1869,$43,$553,$30,$93,$744,$2612,$2259,$120,$16,$136,$2394,$35,$167,$-6,$218,$2612,$25,$3,$8,$12,$109,$0,$2,$-109,$3,$40,$-2,$0,$-36,$0,$57,$57,$15,$35,$-5,$-35,$-41,$-1,$-1,$-1,$-39,$-81,$-6,$2,$-1
1,2018-06-30,14.39,$7.05,2.04,$4.26,3.38,$3.30,4.36,$0.71,20.27,$1.90B,$2.29B,0.83,$0.13B,$0.21B,0.6,$0.13B,$0.12B,89.15%,$0.13B,$0.04B,31.01%,$0.13B,0,0.00%,$0.13B,0,0.00%,$0.13B,$0.04B,31.01%,$0.13B,$0.02B,15.50%,$0.02B,$0.21B,9.82%,$0.02B,$0.18B,10.85%,$0.02B,$2.65B,0.82%,$0.04B,$0.34B,12.85%,$36,$4,$32,$0,$24,$28,$8,$0,$8,$2,$6,$6,$6,$0,$0,$30,30,$0.21,$0.21,$65,$0,$0,$1900,$43,$553,$30,$96,$749,$2650,$2293,$125,$22,$147,$2440,$35,$158,$-4,$210,$2650,$16,$2,$4,$6,$70,$0,$8,$-73,$6,$28,$-1,$0,$-36,$0,$61,$61,$-1,$23,$0,$-31,$-31,$-1,$-1,$-1,$-10,$-41,$9,$1,$-1
2,2018-03-31,13.88,$6.86,2.02,$4.05,3.43,$3.55,3.91,$0.68,20.41,$1.63B,$2.05B,0.8,$0.10B,$0.20B,0.5,$0.12B,$0.11B,89.34%,$0.12B,$0.04B,31.97%,$0.12B,0,0.00%,$0.12B,0,0.00%,$0.12B,$0.04B,31.97%,$0.12B,$0.02B,15.57%,$0.02B,$0.20B,9.55%,$0.02B,$0.19B,10.37%,$0.02B,$2.37B,0.80%,$0.04B,$0.31B,12.97%,$32,$4,$28,$0,$17,$20,$11,$0,$11,$2,$9,$9,$9,$0,$0,$30,30,$0.32,$0.31,$48,$0,$0,$1634,$37,$558,$16,$94,$733,$2366,$2048,$102,$12,$114,$2162,$35,$152,$-4,$204,$2366,$9,$1,$1,$2,$-4,$0,$-0,$-0,$-3,$9,$-0,$0,$0,$0,$-16,$-16,$20,$3,$0,$-59,$-59,$-1,$-1,$-0,$39,$-20,$-8,$0,$-0
3,2017-12-31,13.62,$6.76,2.01,$3.93,3.47,$3.47,3.92,$0.52,26.2,$1.66B,$2.07B,0.8,$0.10B,$0.20B,0.51,$0.12B,$0.11B,89.83%,$0.12B,$0.04B,29.66%,$0.12B,0,0.00%,$0.12B,0,0.00%,$0.12B,$0.04B,29.66%,$0.12B,$0.01B,11.86%,$0.01B,$0.20B,7.24%,$0.01B,$0.18B,7.87%,$0.01B,$2.38B,0.59%,$0.04B,$0.30B,11.85%,$31,$3,$28,$0,$17,$20,$11,$0,$11,$13,$-3,$-3,$-3,$0,$0,$30,30,$-0.08,$-0.09,$56,$0,$0,$1660,$38,$552,$16,$93,$723,$2383,$2068,$102,$14,$115,$2183,$35,$143,$1,$200,$2383,$15,$3,$26,$29,$142,$0,$2,$-148,$-7,$37,$-1,$0,$0,$0,$4,$4,$-136,$-132,$0,$49,$49,$-0,$-0,$-1,$56,$104,$8,$1,$-1
4,2017-09-30,13.41,$6.78,1.98,$3.86,3.48,$3.12,4.3,$0.77,17.42,$1.63B,$2.04B,0.8,$0.10B,$0.20B,0.51,$0.12B,$0.10B,89.66%,$0.12B,$0.03B,28.45%,$0.12B,0,0.00%,$0.12B,0,0.00%,$0.12B,$0.03B,27.59%,$0.12B,$0.02B,18.97%,$0.02B,$0.20B,11.75%,$0.02B,$0.19B,12.79%,$0.02B,$2.36B,0.95%,$0.03B,$0.30B,11.42%,$30,$3,$27,$0,$17,$20,$10,$0,$10,$2,$8,$8,$8,$0,$0,$30,30,$0.27,$0.27,$48,$0,$0,$1627,$38,$544,$16,$94,$734,$2360,$2041,$102,$17,$119,$2160,$35,$146,$-1,$201,$2360,$18,$2,$10,$12,$108,$0,$5,$-114,$-1,$29,$-1,$0,$0,$0,$8,$8,$-113,$-106,$0,$56,$56,$-0,$-0,$-1,$22,$77,$0,$1,$-1
5,2017-06-30,11.51,$6.45,1.78,$3.67,3.13,$2.74,4.21,$0.62,18.56,$1.58B,$2.02B,0.78,$0.10B,$0.19B,0.53,$0.11B,$0.10B,90.00%,$0.11B,$0.03B,25.45%,$0.11B,0,0.00%,$0.11B,0,0.00%,$0.11B,$0.03B,24.55%,$0.11B,$0.02B,15.45%,$0.02B,$0.19B,9.44%,$0.02B,$0.18B,10.15%,$0.02B,$2.34B,0.75%,$0.03B,$0.29B,9.92%,$29,$3,$26,$0,$19,$22,$7,$0,$7,$2,$5,$5,$5,$0,$0,$30,30,$0.17,$0.17,$51,$0,$0,$1580,$38,$577,$15,$87,$763,$2343,$2022,$102,$29,$131,$2152,$35,$138,$-3,$191,$2343,$10,$1,$6,$7,$76,$0,$17,$-75,$17,$34,$-0,$0,$0,$0,$-27,$-27,$-61,$-89,$0,$16,$16,$-0,$-0,$-1,$43,$58,$4,$1,$-1
6,2017-03-31,11.2,$6.16,1.82,$3.54,3.16,$1.84,6.07,$0.57,19.65,$1.54B,$2.06B,0.75,$0.10B,$0.18B,0.56,$0.11B,$0.10B,90.57%,$0.11B,$0.03B,25.47%,$0.11B,0,0.00%,$0.11B,0,0.00%,$0.11B,$0.03B,24.53%,$0.11B,$0.02B,15.09%,$0.02B,$0.18B,9.18%,$0.02B,$0.17B,9.74%,$0.02B,$2.35B,0.72%,$0.03B,$0.28B,9.76%,$28,$3,$25,$0,$18,$21,$7,$0,$7,$2,$4,$4,$4,$0,$0,$30,30,$0.15,$0.15,$61,$0,$0,$1537,$39,$620,$16,$93,$816,$2353,$2057,$102,$13,$114,$2171,$35,$133,$-6,$182,$2353,$4,$1,$3,$3,$-2,$0,$1,$-0,$-1,$7,$-0,$0,$0,$0,$-76,$-76,$-11,$-87,$0,$24,$24,$-0,$-0,$-0,$70,$94,$13,$0,$-0
7,2016-12-31,10.99,$5.93,1.85,$3.42,3.22,$1.73,6.36,$0.53,20.74,$1.52B,$1.96B,0.77,$0.10B,$0.18B,0.58,$0.10B,$0.09B,90.20%,$0.10B,$0.03B,24.51%,$0.10B,0,0.00%,$0.10B,0,0.00%,$0.10B,$0.02B,23.53%,$0.10B,$0.02B,14.71%,$0.02B,$0.18B,8.93%,$0.02B,$0.16B,9.35%,$0.02B,$2.25B,0.69%,$0.03B,$0.28B,9.23%,$29,$3,$26,$0,$17,$20,$9,$0,$8,$3,$5,$5,$5,$0,$0,$30,30,$0.17,$0.17,$47,$0,$0,$1515,$39,$540,$16,$89,$736,$2251,$1963,$102,$12,$113,$2076,$35,$129,$-9,$175,$2251,$16,$1,$14,$15,$191,$0,$1,$-196,$-4,$27,$-2,$0,$-181,$0,$178,$178,$-118,$-123,$-2,$47,$45,$-0,$-0,$-1,$59,$103,$7,$1,$-1
8,2016-09-30,8.25,$5.81,1.42,$3.28,2.52,$1.55,5.32,$0.49,16.85,$1.38B,$1.82B,0.76,$0.10B,$0.17B,0.6,$0.10B,$0.09B,90.72%,$0.10B,$0.02B,22.68%,$0.10B,0,0.00%,$0.10B,0,0.00%,$0.10B,$0.02B,22.68%,$0.10B,$0.01B,14.43%,$0.01B,$0.17B,8.58%,$0.01B,$0.17B,8.86%,$0.01B,$2.11B,0.66%,$0.02B,$0.28B,8.26%,$24,$2,$22,$0,$17,$19,$5,$0,$5,$2,$3,$3,$3,$0,$0,$30,30,$0.12,$0.12,$190,$0,$0,$1382,$39,$539,$5,$93,$731,$2113,$1824,$103,$14,$117,$1941,$35,$124,$-7,$172,$2113,$11,$1,$11,$12,$-5,$0,$-0,$-1,$-6,$17,$-1,$0,$0,$0,$185,$185,$-66,$117,$0,$-2,$-2,$-0,$-0,$-1,$18,$15,$150,$0,$-1
9,2016-06-30,6.78,$5.67,1.19,$3.23,2.1,$1.50,4.51,$0.49,13.83,$1.19B,$1.88B,0.64,$0.10B,$0.17B,0.62,$0.10B,$0.09B,89.58%,$0.10B,$0.02B,23.96%,$0.10B,0,0.00%,$0.10B,0,0.00%,$0.10B,$0.02B,23.96%,$0.10B,$0.02B,15.63%,$0.02B,$0.17B,9.45%,$0.02B,$0.16B,9.79%,$0.02B,$2.16B,0.71%,$0.02B,$0.27B,8.78%,$25,$2,$23,$0,$17,$19,$6,$0,$6,$2,$4,$4,$4,$0,$0,$30,30,$0.13,$0.13,$40,$0,$0,$1191,$39,$772,$5,$95,$969,$2160,$1875,$103,$14,$117,$1992,$35,$121,$-8,$168,$2160,$7,$1,$6,$7,$-6,$0,$-0,$0,$-6,$8,$-0,$0,$0,$0,$-48,$-48,$-26,$-74,$0,$44,$44,$-0,$-0,$-0,$23,$67,$-0,$0,$-0
10,2016-03-31,7.1,$5.32,1.34,$3.24,2.19,$1.48,4.81,$0.48,14.8,$1.17B,$1.85B,0.63,$0.10B,$0.16B,0.66,$0.10B,$0.09B,89.58%,$0.10B,$0.02B,25.00%,$0.10B,0,0.00%,$0.10B,0,0.00%,$0.10B,$0.02B,25.00%,$0.10B,$0.01B,14.58%,$0.01B,$0.16B,8.59%,$0.01B,$0.15B,8.90%,$0.01B,$2.12B,0.67%,$0.02B,$0.26B,9.01%,$24,$2,$21,$0,$16,$19,$5,$0,$5,$2,$3,$3,$3,$0,$0,$29,30,$0.11,$0.11,$37,$0,$0,$1165,$39,$755,$5,$92,$956,$2121,$1851,$103,$11,$114,$1965,$34,$118,$-15,$157,$2121,$3,$0,$4,$4,$-2,$0,$-1,$-0,$-4,$3,$-0,$0,$0,$0,$-45,$-45,$-4,$-49,$0,$5,$5,$0,$0,$0,$38,$42,$-4,$0,$0
11,2015-12-31,7.77,$5.29,1.47,$3.28,2.37,$1.48,5.23,$0.46,16.88,$1.16B,$1.81B,0.64,$0.10B,$0.16B,0.66,$0.10B,$0.09B,90.72%,$0.10B,$0.02B,24.74%,$0.10B,0,0.00%,$0.10B,0,0.00%,$0.10B,$0.02B,24.74%,$0.10B,$0.01B,14.43%,$0.01B,$0.16B,8.27%,$0.01B,$0.15B,8.56%,$0.01B,$2.08B,0.68%,$0.02B,$0.26B,8.79%,$24,$2,$22,$0,$16,$18,$6,$0,$6,$2,$4,$4,$4,$0,$0,$29,30,$0.13,$0.13,$40,$0,$0,$1161,$40,$712,$6,$94,$916,$2077,$1808,$103,$10,$113,$1921,$34,$114,$-13,$156,$2077,$15,$3,$11,$13,$186,$0,$-3,$-191,$-7,$21,$-1,$0,$0,$0,$-66,$-66,$35,$-32,$0,$-17,$-17,$-0,$-47,$-2,$74,$7,$-4,$1,$0
12,2015-09-30,6.17,$5.21,1.18,$3.42,1.81,$0.53,11.75,$0.39,15.83,$1.17B,$1.78B,0.66,$0.10B,$0.15B,0.68,$0.10B,$0.09B,89.80%,$0.10B,$0.02B,23.47%,$0.10B,0,0.00%,$0.10B,0,0.00%,$0.10B,$0.02B,23.47%,$0.10B,$0.01B,12.24%,$0.01B,$0.15B,6.71%,$0.01B,$0.15B,6.93%,$0.01B,$2.05B,0.58%,$0.02B,$0.26B,8.13%,$23,$2,$20,$0,$14,$16,$6,$0,$6,$2,$4,$4,$4,$0,$0,$29,30,$0.12,$0.12,$54,$0,$0,$1174,$40,$667,$5,$98,$876,$2050,$1783,$104,$10,$113,$1896,$34,$110,$-11,$154,$2050,$12,$2,$13,$15,$147,$0,$-3,$-155,$-11,$15,$-1,$0,$0,$0,$-17,$-17,$31,$13,$0,$-4,$-4,$-0,$-47,$-2,$35,$-18,$10,$0,$0
13,2015-06-30,6.54,$6.28,1.04,$3.51,1.86,$-0.47,0.0,$0.33,19.81,$1.19B,$1.77B,0.67,$0.10B,$0.15B,0.68,$0.10B,$0.09B,90.10%,$0.10B,$0.02B,21.78%,$0.10B,0,0.00%,$0.10B,0,0.00%,$0.10B,$0.02B,21.78%,$0.10B,$0.01B,9.90%,$0.01B,$0.19B,5.31%,$0.01B,$0.18B,5.46%,$0.01B,$2.07B,0.48%,$0.02B,$0.29B,7.52%,$25,$2,$23,$0,$17,$19,$7,$0,$7,$2,$4,$4,$3,$0,$0,$29,30,$0.12,$0.12,$39,$0,$0,$1185,$42,$662,$6,$105,$880,$2065,$1766,$104,$10,$114,$1880,$34,$107,$-7,$185,$2065,$8,$1,$8,$9,$-7,$0,$-2,$-0,$-9,$7,$-1,$0,$0,$0,$-7,$-7,$-3,$-10,$0,$-14,$-14,$-0,$-16,$-2,$28,$-3,$-6,$0,$0
14,2015-03-31,5.67,$6.17,0.92,$3.51,1.62,$-1.42,0.0,$0.47,12.06,$1.21B,$1.80B,0.67,$0.10B,$0.15B,0.69,$0.10B,$0.09B,89.00%,$0.10B,$0.02B,18.00%,$0.10B,0,0.00%,$0.10B,0,0.00%,$0.10B,$0.02B,18.00%,$0.10B,$0.01B,14.00%,$0.01B,$0.18B,7.35%,$0.01B,$0.18B,7.57%,$0.01B,$2.10B,0.68%,$0.02B,$0.29B,6.12%,$25,$2,$23,$0,$17,$19,$5,$0,$5,$2,$3,$3,$3,$0,$0,$29,30,$0.09,$0.09,$74,$0,$0,$1211,$42,$666,$5,$106,$886,$2098,$1801,$104,$11,$114,$1916,$34,$103,$-7,$182,$2098,$3,$1,$3,$4,$-2,$0,$-2,$-0,$-4,$3,$-0,$0,$0,$0,$-10,$-10,$4,$-7,$0,$-10,$-10,$-0,$-16,$-1,$60,$33,$30,$0,$0
15,2014-12-31,5.32,$6.59,0.81,$4.31,1.24,$-1.90,0.0,$0.42,12.67,$1.19B,$1.75B,0.68,$0.10B,$0.15B,0.71,$0.10B,$0.09B,87.76%,$0.10B,$0.02B,16.33%,$0.10B,0,0.00%,$0.10B,0,0.00%,$0.10B,$0.02B,16.33%,$0.10B,$0.01B,12.24%,$0.01B,$0.19B,6.58%,$0.01B,$0.19B,6.80%,$0.01B,$2.06B,0.59%,$0.02B,$0.30B,5.59%,$25,$2,$22,$0,$17,$20,$5,$0,$5,$2,$3,$3,$2,$0,$0,$25,26,$0.10,$0.10,$44,$0,$0,$1187,$42,$654,$5,$103,$875,$2062,$1751,$104,$13,$117,$1868,$34,$101,$-8,$194,$2062,$10,$2,$6,$8,$120,$0,$-20,$-124,$-24,$-6,$-1,$0,$0,$0,$-13,$-13,$-52,$-66,$0,$38,$38,$64,$40,$-12,$3,$69,$-3,$0,$0
16,2014-09-30,4.77,$6.54,0.73,$4.81,0.99,$0.76,6.23,$0.28,17.02,$1.17B,$1.73B,0.68,$0.10B,$0.15B,0.72,$0.09B,$0.08B,87.23%,$0.09B,$0.01B,11.70%,$0.09B,0,0.00%,$0.09B,0,0.00%,$0.09B,$0.01B,11.70%,$0.09B,$0.01B,9.57%,$0.01B,$0.19B,5.27%,$0.01B,$0.19B,5.47%,$0.01B,$2.03B,0.44%,$0.01B,$0.30B,4.01%,$26,$3,$23,$0,$18,$21,$5,$0,$5,$2,$3,$3,$2,$0,$0,$29,30,$0.06,$0.06,$44,$0,$0,$1165,$43,$634,$6,$114,$868,$2033,$1726,$104,$10,$114,$1840,$34,$99,$-7,$193,$2033,$7,$2,$5,$6,$-6,$0,$-22,$0,$-28,$-14,$-1,$0,$0,$0,$7,$7,$-41,$-34,$0,$42,$42,$64,$40,$-11,$-25,$45,$-4,$0,$0
17,2014-06-30,4.92,$6.54,0.75,$5.74,0.86,$2.56,1.92,$5.30,0.93,$1.21B,$1.74B,0.69,$0.10B,$0.15B,0.72,$0.09B,$0.08B,87.10%,$0.09B,$0.01B,9.68%,$0.09B,0,0.00%,$0.09B,0,0.00%,$0.09B,$0.01B,9.68%,$0.09B,$0.08B,84.95%,$0.08B,$0.19B,50.00%,$0.08B,$0.19B,52.15%,$0.08B,$2.05B,3.88%,$0.01B,$0.30B,3.44%,$24,$3,$21,$0,$18,$21,$3,$0,$3,$1,$2,$2,$7,$0,$0,$28,28,$0.26,$0.26,$93,$0,$0,$1207,$45,$605,$6,$113,$840,$2047,$1739,$104,$11,$115,$1854,$34,$97,$-5,$193,$2047,$4,$1,$2,$3,$47,$0,$-21,$-53,$-27,$-20,$-1,$0,$0,$0,$38,$38,$-31,$6,$0,$11,$11,$64,$40,$-10,$19,$59,$45,$0,$0
18,2014-03-31,4.56,$10.74,0.42,$6.80,0.67,$4.30,1.06,$5.19,0.88,$1.14B,$1.77B,0.65,$0.10B,$0.08B,1.36,$0.10B,$0.08B,86.46%,$0.10B,$0.01B,9.38%,$0.10B,0,0.00%,$0.10B,0,0.00%,$0.10B,$0.01B,9.38%,$0.10B,$0.07B,77.08%,$0.07B,$0.15B,58.04%,$0.07B,$0.14B,61.28%,$0.07B,$2.06B,3.69%,$0.01B,$0.25B,3.89%,$23,$3,$20,$0,$16,$20,$3,$0,$3,$1,$2,$2,$1,$0,$0,$14,14,$0.04,$0.04,$54,$0,$0,$1143,$46,$675,$6,$115,$917,$2059,$1767,$104,$39,$142,$1910,$19,$95,$-7,$149,$2059,$2,$1,$1,$1,$15,$0,$-3,$-20,$-8,$-5,$-0,$0,$0,$0,$-36,$-36,$-10,$-45,$0,$16,$16,$-0,$-0,$0,$42,$58,$7,$0,$0
19,2013-12-31,4.58,$10.61,0.43,$7.10,0.64,$4.75,0.96,$5.45,0.84,$1.13B,$1.71B,0.66,$0.10B,$0.08B,1.39,$0.10B,$0.09B,87.00%,$0.10B,$0.01B,11.00%,$0.10B,0,0.00%,$0.10B,0,0.00%,$0.10B,$0.01B,11.00%,$0.10B,$0.08B,77.00%,$0.08B,$0.15B,70.48%,$0.08B,$0.14B,75.31%,$0.08B,$2.00B,3.89%,$0.01B,$0.25B,5.16%,$21,$3,$18,$0,$17,$21,$-0,$0,$-0,$-0,$0,$0,$-1,$0,$0,$14,14,$-0.08,$-0.08,$48,$0,$0,$1125,$46,$639,$7,$111,$879,$2004,$1710,$104,$43,$147,$1856,$19,$93,$-7,$148,$2004,$82,$4,$-71,$-67,$194,$0,$9,$-183,$20,$35,$-2,$0,$0,$0,$-54,$-54,$65,$10,$0,$-90,$-90,$-0,$-0,$0,$-35,$-126,$-81,$0,$0
20,2013-09-30,5.64,$10.21,0.55,$7.29,0.77,$5.42,1.04,$5.55,1.02,$1.13B,$1.75B,0.65,$0.10B,$0.07B,1.5,$0.10B,$0.09B,86.41%,$0.10B,$0.01B,12.62%,$0.10B,0,0.00%,$0.10B,0,0.00%,$0.10B,$0.01B,12.62%,$0.10B,$0.08B,75.73%,$0.08B,$0.14B,86.19%,$0.08B,$0.14B,93.69%,$0.08B,$2.03B,3.92%,$0.01B,$0.25B,6.69%,$25,$3,$22,$0,$18,$22,$3,$0,$3,$-70,$73,$73,$72,$0,$0,$14,14,$5.08,$5.08,$80,$0,$0,$1131,$46,$642,$7,$127,$901,$2033,$1749,$104,$38,$142,$1891,$19,$93,$-12,$142,$2033,$82,$4,$-73,$-70,$156,$0,$4,$-153,$7,$20,$-2,$0,$0,$0,$-62,$-62,$82,$18,$0,$-42,$-42,$-0,$-0,$0,$-44,$-87,$-48,$0,$0
21,2013-06-30,5.47,$5.12,1.07,$7.52,0.73,$6.12,0.89,$0.39,14.02,$1.14B,$1.72B,0.66,$0.10B,$-0.00B,-80.28,$0.11B,$0.09B,85.98%,$0.11B,$0.01B,9.35%,$0.11B,0,0.00%,$0.11B,0,0.00%,$0.11B,$0.01B,9.35%,$0.11B,$0.01B,4.67%,$0.01B,$0.07B,6.87%,$0.01B,$0.06B,7.66%,$0.01B,$1.93B,0.26%,$0.01B,$0.18B,5.67%,$27,$4,$23,$0,$19,$23,$3,$0,$3,$0,$3,$3,$2,$0,$0,$14,14,$0.15,$0.15,$68,$0,$0,$1140,$47,$595,$8,$143,$793,$1933,$1721,$104,$37,$141,$1862,$19,$20,$-10,$71,$1933,$9,$3,$-3,$-0,$117,$0,$3,$-113,$7,$16,$-1,$0,$0,$0,$-12,$-12,$52,$38,$0,$-87,$-87,$-0,$-0,$0,$-27,$-114,$-61,$0,$0
22,2013-03-31,3.15,$5.46,0.58,$7.74,0.41,$6.34,0.5,$0.24,13.13,$1.16B,$1.74B,0.67,$0.10B,$0.00B,27.89,$0.11B,$0.10B,86.36%,$0.11B,$0.01B,7.27%,$0.11B,0,0.00%,$0.11B,0,0.00%,$0.11B,$0.01B,7.27%,$0.11B,$0.00B,2.73%,$0.00B,$0.08B,4.14%,$0.00B,$0.07B,4.63%,$0.00B,$1.95B,0.15%,$0.01B,$0.18B,4.54%,$27,$4,$24,$0,$18,$22,$5,$0,$5,$0,$5,$5,$4,$0,$0,$14,14,$0.30,$0.30,$81,$0,$0,$1162,$47,$587,$7,$150,$792,$1954,$1739,$104,$35,$139,$1878,$19,$17,$-2,$76,$1954,$5,$2,$-3,$-1,$51,$0,$1,$-54,$-2,$2,$-1,$0,$0,$0,$9,$9,$39,$47,$0,$-97,$-97,$-0,$-0,$0,$1,$-96,$-47,$0,$0
23,2012-12-31,1.21,$5.15,0.23,$7.91,0.15,$7.06,0.17,$-0.36,0.0,$1.25B,$1.84B,0.68,$0.10B,$0.00B,152.09,$0.11B,$0.10B,85.84%,$0.11B,0,0.00%,$0.11B,0,0.00%,$0.11B,0,0.00%,$0.11B,0,0.00%,$0.11B,$-0.01B,-4.42%,$-0.01B,$0.07B,-7.02%,$-0.01B,$0.07B,-7.94%,$-0.01B,$2.05B,-0.25%,$0.00B,$0.18B,0.00%,$24,$4,$20,$0,$18,$22,$2,$0,$2,$0,$2,$2,$0,$0,$0,$14,14,$0.02,$0.02,$129,$0,$0,$1250,$47,$591,$7,$150,$796,$2046,$1835,$104,$34,$138,$1973,$19,$12,$-1,$73,$2046,$-0,$5,$21,$26,$301,$0,$8,$-293,$17,$43,$-0,$0,$0,$0,$-265,$-265,$206,$-59,$0,$117,$117,$-0,$-0,$0,$-24,$93,$78,$0,$0
24,2012-09-30,1.43,$5.02,0.28,$8.29,0.17,$6.02,0.24,$-0.68,0.0,$1.25B,$1.70B,0.73,$0.10B,$-0.00B,-119.4,$0.12B,$0.10B,85.59%,$0.12B,$-0.01B,-4.24%,$0.12B,0,0.00%,$0.12B,0,0.00%,$0.12B,$-0.01B,-4.24%,$0.12B,$-0.01B,-7.63%,$-0.01B,$0.07B,-12.59%,$-0.01B,$0.06B,-14.23%,$-0.01B,$1.90B,-0.46%,$-0.01B,$0.18B,-2.85%,$29,$4,$25,$0,$24,$29,$0,$0,$0,$0,$0,$0,$-1,$0,$0,$14,14,$-0.08,$-0.08,$72,$0,$0,$1245,$49,$424,$7,$178,$658,$1903,$1699,$104,$30,$134,$1833,$19,$12,$-3,$71,$1903,$-2,$4,$18,$22,$4,$0,$5,$-1,$8,$29,$-0,$0,$0,$0,$-100,$-100,$136,$36,$0,$1,$1,$-0,$-0,$0,$-44,$-43,$21,$0,$0
25,2012-06-30,1.29,$4.98,0.26,$8.35,0.15,$5.45,0.24,$-0.78,0.0,$1.33B,$1.78B,0.75,$0.10B,$-0.00B,-85.78,$0.12B,$0.10B,84.03%,$0.12B,$-0.01B,-5.04%,$0.12B,0,0.00%,$0.12B,0,0.00%,$0.12B,$-0.01B,-5.04%,$0.12B,$-0.01B,-9.24%,$-0.01B,$0.07B,-15.02%,$-0.01B,$0.06B,-16.92%,$-0.01B,$1.99B,-0.56%,$-0.01B,$0.17B,-3.39%,$30,$4,$26,$0,$25,$29,$1,$0,$1,$0,$1,$1,$0,$0,$0,$14,14,$0.00,$0.00,$130,$0,$0,$1334,$49,$411,$8,$183,$651,$1986,$1784,$104,$28,$132,$1916,$19,$13,$-4,$70,$1986,$-2,$3,$14,$16,$130,$0,$3,$-131,$3,$18,$-0,$0,$0,$0,$-90,$-90,$109,$19,$0,$13,$13,$-0,$-0,$0,$29,$42,$79,$0,$0
26,2012-03-31,1.82,$5.01,0.36,$8.44,0.22,$4.99,0.36,$-0.79,0.0,$1.36B,$1.78B,0.76,$0.10B,$0.00B,-209.01,$0.12B,$0.10B,83.33%,$0.12B,$-0.01B,-5.00%,$0.12B,0,0.00%,$0.12B,0,0.00%,$0.12B,$-0.01B,-5.00%,$0.12B,$-0.01B,-9.17%,$-0.01B,$0.07B,-14.47%,$-0.01B,$0.06B,-16.30%,$-0.01B,$1.98B,-0.56%,$-0.01B,$0.17B,-3.34%,$30,$4,$26,$0,$28,$33,$-3,$0,$-3,$0,$-3,$-3,$-4,$0,$0,$14,14,$-0.30,$-0.30,$77,$0,$0,$1358,$50,$372,$8,$194,$624,$1982,$1781,$104,$26,$130,$1911,$19,$13,$-3,$71,$1982,$-3,$1,$9,$10,$65,$0,$3,$-65,$4,$11,$-0,$0,$0,$0,$-50,$-50,$25,$-25,$0,$16,$16,$-0,$-0,$0,$23,$39,$26,$0,$0
27,2011-12-31,1.29,$5.27,0.24,$8.54,0.15,$4.66,0.28,$-0.79,0.0,$1.38B,$1.74B,0.79,$0.10B,$0.00B,33.09,$0.12B,$0.10B,81.82%,$0.12B,$-0.01B,-4.96%,$0.12B,0,0.00%,$0.12B,0,0.00%,$0.12B,$-0.01B,-4.96%,$0.12B,$-0.01B,-9.09%,$-0.01B,$0.07B,-14.06%,$-0.01B,$0.07B,-15.77%,$-0.01B,$1.94B,-0.55%,$-0.01B,$0.18B,-3.29%,$29,$5,$24,$0,$27,$32,$-3,$0,$-3,$0,$-3,$-3,$-4,$0,$0,$14,14,$-0.30,$-0.30,$51,$0,$0,$1381,$50,$322,$8,$180,$561,$1941,$1742,$104,$22,$126,$1867,$19,$17,$-4,$74,$1941,$-6,$5,$25,$30,$233,$0,$-3,$-231,$6,$29,$-1,$0,$0,$0,$-160,$-160,$257,$96,$0,$-5,$-5,$-0,$-0,$0,$-168,$-173,$-48,$1,$0
28,2011-09-30,1.25,$5.58,0.22,$9.01,0.14,$7.49,0.17,$-5.97,0.0,$1.48B,$1.74B,0.85,$0.10B,$0.01B,13.57,$0.13B,$0.10B,81.25%,$0.13B,$-0.02B,-11.72%,$0.13B,0,0.00%,$0.13B,0,0.00%,$0.13B,$-0.02B,-11.72%,$0.13B,$-0.09B,-66.41%,$-0.09B,$0.08B,-105.26%,$-0.09B,$0.07B,-118.06%,$-0.09B,$1.94B,-4.17%,$-0.02B,$0.18B,-8.12%,$30,$5,$24,$0,$26,$31,$-1,$0,$-1,$0,$-1,$-1,$-3,$0,$0,$14,14,$-0.18,$-0.18,$109,$0,$0,$1482,$52,$202,$8,$196,$459,$1941,$1735,$104,$24,$127,$1862,$19,$21,$-3,$78,$1941,$-3,$4,$17,$21,$152,$0,$-0,$-154,$3,$21,$-0,$0,$0,$0,$-40,$-40,$209,$169,$0,$1,$1,$-0,$-0,$0,$-180,$-180,$10,$1,$0
29,2011-06-30,0.89,$5.77,0.15,$9.85,0.09,$9.79,0.09,$-5.88,0.0,$1.58B,$1.78B,0.89,$0.10B,$0.01B,9.81,$0.14B,$0.11B,82.01%,$0.14B,$-0.02B,-10.79%,$0.14B,0,0.00%,$0.14B,0,0.00%,$0.14B,$-0.02B,-10.79%,$0.14B,$-0.08B,-59.71%,$-0.08B,$0.08B,-81.57%,$-0.08B,$0.07B,-89.49%,$-0.08B,$1.98B,-3.90%,$-0.02B,$0.19B,-7.30%,$31,$6,$26,$0,$25,$30,$1,$0,$1,$0,$1,$1,$-0,$0,$0,$14,14,$-0.01,$-0.01,$106,$0,$0,$1577,$53,$160,$9,$183,$404,$1981,$1775,$104,$22,$126,$1900,$19,$24,$-3,$81,$1981,$-2,$3,$11,$13,$100,$0,$-1,$-99,$0,$11,$-0,$0,$0,$0,$4,$4,$132,$136,$0,$-1,$-1,$-0,$-0,$0,$-139,$-140,$7,$0,$0
30,2011-03-31,0.99,$5.71,0.17,$10.37,0.1,$12.13,0.08,$-7.62,0.0,$1.76B,$1.93B,0.91,$0.10B,$0.01B,10.35,$0.15B,$0.12B,81.51%,$0.15B,$-0.06B,-37.67%,$0.15B,0,0.00%,$0.15B,0,0.00%,$0.15B,$-0.06B,-37.67%,$0.15B,$-0.11B,-73.97%,$-0.11B,$0.08B,-88.16%,$-0.11B,$0.07B,-95.15%,$-0.11B,$2.12B,-4.80%,$-0.06B,$0.18B,-24.34%,$31,$6,$25,$0,$28,$34,$-3,$0,$-3,$0,$-3,$-3,$-4,$0,$0,$14,14,$-0.30,$-0.30,$174,$0,$0,$1759,$54,$156,$10,$137,$357,$2115,$1931,$104,$0,$104,$2035,$19,$24,$-3,$80,$2115,$-3,$1,$6,$8,$50,$0,$1,$-49,$2,$6,$-0,$0,$0,$0,$6,$6,$69,$75,$0,$0,$0,$-0,$-0,$0,$-6,$-6,$76,$0,$0
31,2010-12-31,1.68,$6.04,0.28,$10.77,0.16,$12.89,0.13,$-8.01,0.0,$1.72B,$1.92B,0.9,$0.10B,$0.01B,7.4,$0.15B,$0.12B,80.92%,$0.15B,$-0.07B,-44.08%,$0.15B,0,0.00%,$0.15B,0,0.00%,$0.15B,$-0.07B,-44.08%,$0.15B,$-0.11B,-75.00%,$-0.11B,$0.08B,-76.25%,$-0.11B,$0.08B,-81.14%,$-0.11B,$2.12B,-4.86%,$-0.07B,$0.19B,-26.48%,$36,$6,$29,$0,$41,$47,$-12,$0,$-12,$65,$-77,$-77,$-78,$0,$0,$14,14,$-5.51,$-5.50,$99,$0,$0,$1723,$55,$162,$9,$174,$401,$2124,$1915,$104,$21,$125,$2040,$18,$28,$-3,$84,$2124,$-109,$6,$158,$164,$1,$0,$5,$-2,$14,$69,$-1,$0,$0,$0,$80,$80,$239,$318,$0,$-67,$-67,$-0,$-0,$-3,$-298,$-368,$19,$1,$-3
32,2010-09-30,1.38,$11.61,0.12,$11.45,0.12,$10.17,0.14,$-2.87,0.0,$1.88B,$2.03B,0.93,$0.10B,$0.09B,1.13,$0.16B,$0.13B,80.75%,$0.16B,$-0.07B,-44.72%,$0.16B,0,0.00%,$0.16B,0,0.00%,$0.16B,$-0.07B,-44.72%,$0.16B,$-0.05B,-29.19%,$-0.05B,$0.16B,-26.44%,$-0.05B,$0.15B,-27.85%,$-0.05B,$2.30B,-1.91%,$-0.07B,$0.27B,-25.60%,$41,$7,$34,$0,$35,$42,$-1,$0,$-1,$-1,$-0,$-0,$-1,$0,$0,$14,14,$-0.09,$-0.09,$70,$0,$0,$1880,$56,$182,$8,$105,$418,$2298,$2032,$104,$0,$104,$2136,$18,$106,$-3,$162,$2298,$-32,$5,$73,$78,$233,$0,$3,$-238,$7,$53,$-1,$0,$0,$0,$60,$60,$147,$207,$0,$-63,$-63,$-0,$-0,$-3,$-204,$-270,$-10,$1,$-3
33,2010-06-30,1.98,$11.75,0.17,$11.56,0.17,$9.27,0.21,$-2.75,0.0,$2.00B,$2.20B,0.91,$0.10B,$0.09B,1.1,$0.16B,$0.13B,78.40%,$0.16B,$-0.07B,-43.21%,$0.16B,0,0.00%,$0.16B,0,0.00%,$0.16B,$-0.07B,-43.21%,$0.16B,$-0.05B,-28.40%,$-0.05B,$0.16B,-24.21%,$-0.05B,$0.16B,-25.41%,$-0.05B,$2.46B,-1.79%,$-0.07B,$0.27B,-23.83%,$38,$7,$31,$0,$70,$77,$-39,$0,$-39,$-16,$-23,$-23,$-25,$0,$0,$14,14,$-1.74,$-1.75,$130,$0,$0,$2004,$57,$231,$8,$98,$459,$2463,$2195,$104,$0,$104,$2299,$18,$108,$-2,$164,$2463,$-32,$3,$57,$61,$138,$0,$3,$-135,$15,$44,$-1,$0,$0,$0,$13,$13,$99,$111,$0,$-48,$-48,$-0,$-0,$-2,$-55,$-106,$50,$0,$-2
34,2010-03-31,6.51,$13.47,0.48,$12.03,0.54,$7.57,0.86,$-5.29,0.0,$2.11B,$2.21B,0.96,$0.10B,$0.12B,0.88,$0.17B,$0.13B,76.19%,$0.17B,$-0.13B,-75.60%,$0.17B,0,0.00%,$0.17B,0,0.00%,$0.17B,$-0.13B,-75.60%,$0.17B,$-0.08B,-48.21%,$-0.08B,$0.19B,-40.35%,$-0.08B,$0.18B,-42.24%,$-0.08B,$2.50B,-3.08%,$-0.13B,$0.29B,-41.67%,$37,$8,$29,$0,$44,$52,$-15,$0,$-15,$-6,$-9,$-9,$-10,$0,$0,$14,14,$-0.69,$-0.69,$98,$0,$0,$2107,$57,$224,$9,$100,$391,$2498,$2206,$104,$0,$104,$2310,$18,$132,$-2,$188,$2498,$-9,$2,$22,$24,$2,$0,$1,$-0,$2,$17,$-0,$0,$0,$0,$18,$18,$73,$91,$0,$-48,$-48,$-0,$-0,$-1,$-42,$-91,$18,$0,$-1
35,2009-12-31,6.79,$14.27,0.48,$12.66,0.54,$5.48,1.24,$-4.59,0.0,$2.20B,$2.30B,0.96,$0.10B,$0.13B,0.81,$0.18B,$0.13B,73.86%,$0.18B,$-0.11B,-63.07%,$0.18B,0,0.00%,$0.18B,0,0.00%,$0.18B,$-0.11B,-63.07%,$0.18B,$-0.07B,-40.34%,$-0.07B,$0.20B,-32.27%,$-0.07B,$0.19B,-36.09%,$-0.07B,$2.60B,-2.60%,$-0.11B,$0.30B,-34.26%,$45,$9,$36,$0,$52,$61,$-17,$0,$-17,$-7,$-10,$-10,$-11,$0,$0,$14,14,$-0.79,$-0.79,$80,$0,$0,$2196,$58,$242,$9,$90,$400,$2597,$2296,$104,$0,$104,$2399,$18,$142,$-2,$197,$2597,$-66,$65,$63,$128,$-0,$0,$-16,$-1,$-32,$31,$-1,$0,$0,$0,$180,$180,$105,$284,$-18,$-176,$-194,$5,$73,$-6,$-181,$-308,$7,$1,$-6
36,2009-09-30,5.64,$15.25,0.37,$12.83,0.44,$5.96,0.95,$-4.13,0.0,$2.30B,$2.38B,0.97,$0.10B,$0.14B,0.73,$0.18B,$0.13B,71.19%,$0.18B,$-0.10B,-58.76%,$0.18B,0,0.00%,$0.18B,0,0.00%,$0.18B,$-0.10B,-58.76%,$0.18B,$-0.07B,-36.72%,$-0.07B,$0.21B,-29.68%,$-0.07B,$0.20B,-35.91%,$-0.07B,$2.70B,-2.30%,$-0.10B,$0.32B,-31.63%,$42,$11,$31,$0,$30,$41,$1,$0,$1,$-0,$1,$1,$0,$0,$0,$14,14,$0.03,$0.03,$118,$0,$0,$2301,$60,$255,$9,$74,$398,$2699,$2384,$104,$0,$104,$2488,$18,$153,$2,$211,$2699,$-56,$63,$102,$165,$-11,$0,$-15,$-1,$-69,$40,$-1,$0,$0,$0,$171,$171,$55,$224,$-18,$-218,$-236,$5,$73,$-5,$-51,$-220,$45,$1,$-5
37,2009-06-30,5.8,$14.99,0.39,$13.20,0.44,$5.08,1.14,$-3.86,0.0,$2.33B,$2.41B,0.97,$0.10B,$0.14B,0.75,$0.18B,$0.13B,69.23%,$0.18B,$-0.10B,-54.95%,$0.18B,0,0.00%,$0.18B,0,0.00%,$0.18B,$-0.10B,-54.95%,$0.18B,$-0.06B,-33.52%,$-0.06B,$0.21B,-28.27%,$-0.06B,$0.20B,-37.48%,$-0.06B,$2.72B,-2.11%,$-0.10B,$0.31B,-30.21%,$44,$12,$32,$0,$70,$140,$-96,$0,$-96,$-38,$-58,$-58,$-60,$0,$0,$14,14,$-4.29,$-4.29,$87,$0,$0,$2327,$61,$259,$9,$65,$394,$2720,$2409,$104,$0,$104,$2513,$18,$152,$-1,$207,$2720,$-57,$61,$97,$158,$-27,$0,$-10,$-0,$-80,$20,$-1,$0,$0,$0,$161,$161,$31,$192,$-18,$-212,$-229,$5,$73,$-4,$-38,$-198,$14,$1,$-4
38,2009-03-31,6.2,$19.17,0.32,$13.64,0.45,$5.33,1.16,$0.96,6.46,$2.33B,$2.53B,0.92,$0.10B,$0.20B,0.53,$0.19B,$0.13B,67.55%,$0.19B,$0.01B,3.72%,$0.19B,0,0.00%,$0.19B,0,0.00%,$0.19B,$0.01B,3.72%,$0.19B,$0.01B,3.19%,$0.01B,$0.27B,2.80%,$0.01B,$0.20B,4.12%,$0.01B,$2.90B,0.20%,$0.01B,$0.37B,2.09%,$45,$14,$31,$0,$30,$44,$1,$0,$1,$-0,$1,$1,$0,$0,$0,$14,14,$0.01,$0.01,$43,$0,$0,$2333,$61,$373,$66,$68,$568,$2902,$2533,$104,$0,$104,$2637,$18,$213,$-3,$265,$2902,$1,$2,$12,$14,$-12,$0,$-12,$-0,$-27,$-12,$-0,$0,$0,$0,$44,$44,$10,$53,$-18,$-176,$-193,$5,$73,$-2,$51,$-71,$-30,$0,$-2
39,2008-12-31,11.27,$14.04,0.8,$14.16,0.8,$7.77,1.45,$1.37,8.22,$2.37B,$2.67B,0.89,$0.13B,$0.19B,0.66,$0.19B,$0.13B,64.77%,$0.19B,$0.01B,7.25%,$0.19B,0,0.00%,$0.19B,0,0.00%,$0.19B,$0.01B,7.25%,$0.19B,$0.01B,6.22%,$0.01B,$0.19B,6.08%,$0.01B,$0.13B,9.36%,$0.01B,$2.99B,0.40%,$0.01B,$0.32B,4.31%,$46,$14,$32,$0,$41,$56,$-10,$0,$-10,$-5,$-5,$-5,$-5,$0,$0,$14,14,$-0.39,$-0.39,$73,$0,$0,$2371,$63,$419,$68,$64,$613,$2985,$2665,$127,$0,$127,$2792,$18,$213,$-2,$193,$2985,$12,$8,$22,$30,$-4,$0,$14,$-1,$0,$42,$-6,$0,$-39,$0,$190,$190,$-117,$28,$45,$-78,$-32,$0,$0,$-8,$-21,$-61,$8,$1,$-8
40,2008-09-30,17.76,$14.41,1.23,$14.60,1.22,$5.75,3.09,$1.77,10.03,$2.33B,$2.63B,0.89,$0.13B,$0.20B,0.64,$0.20B,$0.12B,61.03%,$0.20B,$0.03B,16.92%,$0.20B,0,0.00%,$0.20B,0,0.00%,$0.20B,$0.03B,16.92%,$0.20B,$0.02B,11.79%,$0.02B,$0.20B,12.32%,$0.02B,$0.13B,17.26%,$0.02B,$2.95B,0.80%,$0.03B,$0.32B,10.95%,$47,$16,$31,$0,$26,$42,$5,$0,$5,$1,$4,$4,$4,$0,$0,$14,14,$0.30,$0.30,$56,$0,$0,$2330,$63,$438,$69,$50,$621,$2950,$2626,$126,$0,$126,$2752,$18,$220,$-4,$198,$2950,$17,$5,$9,$14,$11,$0,$-6,$-1,$1,$32,$-6,$0,$-39,$0,$166,$166,$-80,$42,$45,$-43,$2,$0,$0,$-6,$-79,$-83,$-8,$1,$-6
41,2008-06-30,11.05,$14.56,0.76,$15.09,0.73,$5.52,2.0,$1.96,5.64,$2.30B,$2.63B,0.88,$0.13B,$0.20B,0.64,$0.20B,$0.11B,57.65%,$0.20B,$0.04B,18.37%,$0.20B,0,0.00%,$0.20B,0,0.00%,$0.20B,$0.04B,18.37%,$0.20B,$0.03B,12.76%,$0.03B,$0.20B,14.45%,$0.03B,$0.13B,18.45%,$0.03B,$2.96B,0.89%,$0.04B,$0.33B,13.09%,$50,$18,$33,$0,$22,$40,$11,$0,$11,$3,$7,$7,$7,$0,$0,$14,14,$0.53,$0.53,$72,$0,$0,$2304,$62,$472,$70,$49,$652,$2956,$2628,$128,$0,$128,$2756,$18,$219,$-0,$200,$2956,$13,$4,$2,$5,$14,$0,$-6,$-1,$8,$26,$-3,$0,$-39,$0,$140,$140,$-40,$58,$47,$-131,$-84,$0,$0,$-4,$11,$-77,$7,$1,$-4
42,2008-03-31,24.97,$14.47,1.73,$15.12,1.65,$4.96,5.03,$1.88,13.28,$2.27B,$2.67B,0.85,$0.13B,$0.20B,0.65,$0.19B,$0.11B,54.40%,$0.19B,$0.03B,17.10%,$0.19B,0,0.00%,$0.19B,0,0.00%,$0.19B,$0.03B,17.10%,$0.19B,$0.02B,12.44%,$0.02B,$0.20B,15.34%,$0.02B,$0.13B,17.74%,$0.02B,$3.00B,0.88%,$0.03B,$0.33B,13.47%,$50,$21,$29,$0,$21,$42,$8,$0,$8,$2,$6,$6,$6,$0,$0,$13,13,$0.43,$0.42,$73,$0,$0,$2267,$61,$554,$70,$48,$733,$3001,$2673,$129,$0,$129,$2802,$18,$213,$4,$199,$3001,$6,$2,$1,$3,$13,$0,$-3,$-0,$13,$22,$-1,$0,$-39,$0,$64,$64,$-3,$21,$46,$-90,$-44,$0,$0,$-2,$11,$-35,$9,$0,$-2
43,2007-12-31,25.05,$12.34,2.03,$14.74,1.7,$3.55,7.06,$1.89,13.26,$1.99B,$2.43B,0.82,$0.08B,$0.15B,0.51,$0.19B,$0.10B,53.19%,$0.19B,$0.03B,17.55%,$0.19B,0,0.00%,$0.19B,0,0.00%,$0.19B,$0.03B,17.55%,$0.19B,$0.02B,12.77%,$0.02B,$0.15B,16.30%,$0.02B,$0.15B,16.87%,$0.02B,$2.66B,0.93%,$0.03B,$0.23B,15.33%,$48,$22,$26,$0,$17,$39,$9,$0,$9,$3,$6,$6,$6,$0,$0,$13,13,$0.53,$0.52,$65,$0,$0,$1988,$50,$569,$5,$48,$671,$2659,$2433,$76,$0,$76,$2509,$17,$210,$2,$150,$2659,$24,$7,$1,$7,$-9,$0,$-7,$-2,$-17,$14,$-7,$0,$0,$0,$-80,$-80,$-128,$-215,$28,$136,$164,$-31,$-31,$-7,$51,$177,$-24,$1,$-7
44,2007-09-30,26.51,$11.74,2.26,$14.23,1.86,$5.08,5.22,$1.78,14.89,$2.00B,$2.41B,0.83,$0.08B,$0.14B,0.53,$0.18B,$0.10B,53.80%,$0.18B,$0.03B,17.93%,$0.18B,0,0.00%,$0.18B,0,0.00%,$0.18B,$0.03B,17.93%,$0.18B,$0.02B,13.04%,$0.02B,$0.14B,16.05%,$0.02B,$0.14B,16.61%,$0.02B,$2.63B,0.95%,$0.03B,$0.22B,15.68%,$48,$23,$25,$0,$17,$40,$8,$0,$8,$2,$6,$6,$6,$0,$0,$12,12,$0.50,$0.49,$94,$0,$0,$2003,$49,$527,$5,$48,$628,$2632,$2413,$76,$0,$76,$2489,$17,$205,$-0,$143,$2632,$18,$5,$1,$6,$4,$0,$-1,$-2,$2,$25,$-5,$0,$0,$0,$-43,$-43,$-126,$-173,$28,$28,$56,$-31,$-31,$-5,$134,$153,$6,$1,$-5
45,2007-06-30,26.99,$11.06,2.44,$13.56,1.99,$5.40,5.0,$1.66,16.26,$1.94B,$2.35B,0.83,$0.07B,$0.13B,0.55,$0.18B,$0.10B,54.75%,$0.18B,$0.03B,17.88%,$0.18B,0,0.00%,$0.18B,0,0.00%,$0.18B,$0.03B,17.88%,$0.18B,$0.02B,12.85%,$0.02B,$0.13B,15.08%,$0.02B,$0.13B,15.62%,$0.02B,$2.56B,0.93%,$0.03B,$0.21B,15.53%,$47,$22,$25,$0,$17,$39,$8,$0,$8,$2,$6,$6,$6,$0,$0,$13,13,$0.45,$0.45,$83,$0,$0,$1941,$49,$514,$5,$47,$615,$2556,$2347,$74,$0,$74,$2421,$17,$201,$-4,$134,$2556,$11,$3,$0,$4,$1,$0,$2,$-1,$3,$18,$-4,$0,$0,$0,$-36,$-36,$-68,$-107,$26,$59,$85,$-31,$-31,$-4,$34,$84,$-5,$0,$-4
46,2007-03-31,25.23,$12.37,2.04,$13.01,1.94,$5.60,4.5,$1.67,15.11,$1.85B,$2.24B,0.83,$0.05B,$0.16B,0.29,$0.18B,$0.10B,56.00%,$0.18B,$0.03B,18.86%,$0.18B,0,0.00%,$0.18B,0,0.00%,$0.18B,$0.03B,18.86%,$0.18B,$0.02B,13.14%,$0.02B,$0.16B,14.58%,$0.02B,$0.16B,15.08%,$0.02B,$2.44B,0.94%,$0.03B,$0.21B,16.34%,$45,$20,$24,$0,$17,$37,$8,$0,$8,$2,$6,$6,$6,$0,$0,$13,13,$0.44,$0.43,$52,$0,$0,$1847,$50,$496,$5,$46,$597,$2444,$2235,$47,$0,$47,$2282,$17,$197,$-1,$162,$2444,$6,$2,$-0,$1,$4,$0,$-9,$-0,$-3,$4,$-2,$0,$0,$0,$-12,$-12,$-12,$-27,$-1,$-12,$-13,$-2,$-2,$-2,$3,$-13,$-36,$0,$-2
47,2006-12-31,26.84,$12.08,2.22,$12.60,2.13,$6.39,4.2,$1.69,15.88,$1.88B,$2.25B,0.83,$0.05B,$0.16B,0.3,$0.17B,$0.10B,57.89%,$0.17B,$0.03B,19.88%,$0.17B,0,0.00%,$0.17B,0,0.00%,$0.17B,$0.03B,19.88%,$0.17B,$0.02B,13.45%,$0.02B,$0.16B,14.70%,$0.02B,$0.15B,15.21%,$0.02B,$2.46B,0.95%,$0.03B,$0.21B,17.19%,$44,$19,$25,$0,$16,$35,$9,$0,$9,$3,$6,$6,$6,$0,$0,$13,13,$0.48,$0.47,$89,$0,$0,$1878,$48,$482,$5,$46,$581,$2459,$2253,$48,$0,$48,$2301,$17,$193,$-3,$159,$2459,$24,$8,$1,$8,$-1,$0,$8,$-2,$6,$38,$-10,$0,$0,$0,$-2,$-2,$-60,$-72,$13,$-64,$-51,$-13,$-13,$-7,$128,$57,$23,$0,$-7
