,Date,Stock Price,Book Value per Share,Price to Book Ratio,TTM Sales per Share,Price to Sales Ratio,TTM FCF per Share,Price to FCF Ratio,TTM Net EPS,PE Ratio,Current Assets,Current Liabilities,Current Ratio,Long Term Debt,Shareholder's Equity_x,Debt to Equity Ratio,TTM Revenue_x,TTM Gross Profit,Gross Margin,TTM Revenue_y,TTM Operating Income,Operating Margin,TTM Revenue_x,TTM EBIT,EBIT Margin,TTM Revenue_y,TTM EBITDA,EBITDA Margin,TTM Revenue_x,TTM Pre-Tax Income,Pre-Tax Margin,TTM Revenue_y,TTM Net Income_x,Net Margin,TTM Net Income_y,Shareholder's Equity_y,Return on Equity,TTM Net Income_x,Tangible Equity,Return on Tangible Equity,TTM Net Income_y,Total Assets,Return on Assets,TTM Net Income,LT Investments & Debt,Return on Investment,revenue,cost-goods-sold,gross-profit,research-development-expenses,selling-general-administrative-expenses,operating-expenses,operating-income,total-non-operating-income-expense,pre-tax-income,total-provision-income-taxes,income-after-taxes,income-from-continuous-operations,net-income,ebitda,ebit,basic-shares-outstanding,shares-outstanding,eps-basic-net-earnings-per-share,eps-earnings-per-share-diluted,cash-on-hand,inventory,other-current-assets,total-current-assets,net-property-plant-equipment,long-term-investments,goodwill-intangible-assets-total,other-long-term-assets,total-long-term-assets,total-assets,total-current-liabilities,long-term-debt,other-non-current-liabilities,total-long-term-liabilities,total-liabilities,common-stock-net,retained-earnings-accumulated-deficit,comprehensive-income,total-share-holder-equity,total-liabilities-share-holders-equity,net-income-loss,total-depreciation-amortization-cash-flow,other-non-cash-items,total-non-cash-items,change-in-accounts-receivable,change-in-inventories,change-in-accounts-payable,change-in-assets-liabilities,total-change-in-assets-liabilities,cash-flow-from-operating-activities,net-change-in-property-plant-equipment,net-change-in-intangible-assets,net-acquisitions-divestitures,net-change-in-short-term-investments,net-change-in-long-term-investments,net-change-in-investments-total,investing-activities-other,cash-flow-from-investing-activities,net-long-term-debt,net-current-debt,debt-issuance-retirement-net-total,net-common-equity-issued-repurchased,net-total-equity-issued-repurchased,total-common-preferred-stock-dividends-paid,financial-activities-other,cash-flow-from-financial-activities,net-cash-flow,stock-based-compensation,common-stock-dividends-paid
0,2018-09-30,3.15,$3.94,0.8,$4.17,0.76,$1.57,2.0,$0.81,3.89,$0.16B,$0.42B,0.38,$0.00B,$0.33B,0.0,$0.37B,$0.10B,27.84%,$0.37B,$0.03B,6.76%,$0.37B,$0.03B,6.76%,$0.37B,$0.08B,21.08%,$0.37B,$-0.01B,-2.43%,$0.37B,$0.07B,19.73%,$0.07B,$0.33B,22.74%,$0.07B,$0.30B,25.91%,$0.07B,$0.86B,8.29%,$0.03B,$0.33B,4.07%,$81,$65,$15,$0,$6,$85,$-4,$-7,$-11,$-23,$12,$12,$12,$10,$-4,$89,89,$0.13,$0.13,$124,$15,$0,$156,$607,$0,$38,$34,$705,$861,$415,$1,$47,$112,$528,$1,$-248,$-6,$333,$861,$19,$41,$-25,$16,$0,$0,$0,$8,$8,$44,$-10,$0,$0,$0,$0,$0,$0,$-10,$-75,$0,$-75,$0,$0,$0,$-0,$-76,$-42,$2,$0
1,2018-06-30,3.88,$3.97,0.98,$4.32,0.9,$1.62,2.4,$0.61,6.36,$0.17B,$0.04B,4.81,$0.38B,$0.32B,1.17,$0.38B,$0.12B,30.63%,$0.38B,$0.03B,7.85%,$0.38B,$0.03B,7.85%,$0.38B,$0.08B,21.99%,$0.38B,$-0.01B,-1.83%,$0.38B,$0.06B,14.40%,$0.06B,$0.32B,18.18%,$0.06B,$0.28B,20.99%,$0.06B,$0.87B,6.05%,$0.03B,$0.70B,4.28%,$95,$66,$30,$0,$7,$85,$11,$-7,$3,$0,$3,$3,$3,$24,$11,$88,89,$0.03,$0.03,$131,$15,$0,$166,$616,$0,$39,$23,$701,$868,$35,$377,$51,$512,$547,$1,$-260,$-6,$321,$868,$7,$27,$3,$30,$0,$0,$0,$3,$3,$41,$-0,$0,$0,$0,$0,$0,$0,$-0,$-75,$0,$-75,$0,$0,$0,$-0,$-76,$-35,$1,$0
2,2018-03-31,2.84,$4.03,0.7,$4.35,0.65,$1.44,1.97,$0.62,4.58,$0.15B,$0.03B,4.48,$0.38B,$0.32B,1.18,$0.38B,$0.12B,32.11%,$0.38B,$0.03B,8.62%,$0.38B,$0.03B,8.62%,$0.38B,$0.09B,23.76%,$0.38B,$-0.00B,-1.31%,$0.38B,$0.06B,14.36%,$0.06B,$0.32B,19.08%,$0.06B,$0.28B,22.29%,$0.06B,$0.86B,5.81%,$0.03B,$0.69B,4.73%,$101,$68,$33,$0,$7,$87,$14,$-9,$5,$1,$4,$4,$4,$27,$14,$88,89,$0.04,$0.04,$112,$13,$0,$152,$624,$0,$40,$22,$709,$861,$34,$376,$49,$510,$544,$1,$-263,$-6,$317,$861,$4,$13,$5,$18,$0,$0,$0,$-2,$-2,$21,$0,$0,$0,$0,$0,$0,$0,$0,$-75,$0,$-75,$0,$0,$0,$-0,$-76,$-55,$1,$0
3,2017-12-31,2.74,$4.00,0.68,$4.44,0.62,$1.36,2.01,$0.64,4.28,$0.21B,$0.06B,3.32,$0.42B,$0.31B,1.34,$0.39B,$0.13B,34.36%,$0.39B,$0.04B,9.74%,$0.39B,$0.04B,9.74%,$0.39B,$0.10B,25.90%,$0.39B,$-0.00B,-0.26%,$0.39B,$0.06B,14.36%,$0.06B,$0.31B,20.46%,$0.06B,$0.27B,24.22%,$0.06B,$0.93B,5.67%,$0.04B,$0.73B,5.48%,$93,$68,$25,$0,$7,$89,$4,$-10,$-6,$-60,$54,$54,$54,$17,$4,$88,88,$0.61,$0.61,$166,$13,$0,$207,$633,$4,$41,$23,$725,$932,$63,$421,$52,$556,$619,$1,$-266,$-6,$313,$932,$56,$64,$-54,$10,$-1,$0,$0,$-5,$-26,$44,$1,$0,$0,$0,$0,$0,$16,$17,$-84,$0,$-84,$0,$0,$0,$-1,$-85,$-25,$2,$0
4,2017-09-30,2.63,$3.46,0.76,$4.69,0.56,$4.60,0.57,$-3.12,0.0,$0.24B,$0.10B,2.38,$0.42B,$0.26B,1.62,$0.41B,$0.16B,39.32%,$0.41B,$0.05B,10.92%,$0.41B,$0.05B,10.92%,$0.41B,$0.12B,28.64%,$0.41B,$0.01B,1.46%,$0.41B,$-0.27B,-66.26%,$-0.27B,$0.26B,-105.41%,$-0.27B,$0.22B,-126.68%,$-0.27B,$0.98B,-26.98%,$0.05B,$0.68B,6.38%,$93,$65,$29,$0,$6,$93,$1,$-10,$-9,$-3,$-6,$-6,$-6,$16,$1,$88,88,$-0.07,$-0.07,$204,$12,$0,$240,$648,$0,$42,$23,$736,$976,$101,$420,$53,$616,$717,$1,$-319,$-7,$259,$976,$2,$50,$7,$57,$0,$0,$0,$-25,$-25,$37,$-0,$0,$0,$0,$0,$0,$0,$-0,$-39,$0,$-39,$0,$0,$0,$-1,$-40,$-3,$3,$0
5,2017-06-30,2.66,$3.52,0.76,$4.91,0.54,$6.60,0.4,$-4.15,0.0,$0.26B,$0.13B,1.97,$0.42B,$0.26B,1.6,$0.43B,$0.18B,42.26%,$0.43B,$-0.04B,-9.01%,$0.43B,$-0.04B,-9.01%,$0.43B,$0.04B,9.93%,$0.43B,$-0.09B,-20.32%,$0.43B,$-0.37B,-84.53%,$-0.37B,$0.26B,-66.79%,$-0.37B,$0.22B,-72.73%,$-0.37B,$1.02B,-25.15%,$-0.04B,$0.69B,-3.46%,$96,$61,$36,$0,$6,$82,$14,$-10,$5,$2,$3,$3,$3,$31,$14,$88,88,$0.04,$0.04,$211,$12,$0,$262,$664,$0,$43,$22,$756,$1017,$133,$422,$55,$621,$753,$1,$-313,$-7,$264,$1017,$9,$34,$0,$35,$0,$0,$0,$-20,$-20,$25,$-0,$0,$0,$0,$0,$0,$0,$-0,$-20,$0,$-20,$0,$0,$0,$-1,$-21,$4,$2,$0
6,2017-03-31,3.86,$3.52,1.1,$3.94,0.98,$6.52,0.59,$-3.88,0.0,$0.26B,$0.15B,1.7,$0.42B,$0.26B,1.61,$0.46B,$0.20B,44.84%,$0.46B,$-0.03B,-6.59%,$0.46B,$-0.03B,-6.59%,$0.46B,$0.06B,12.97%,$0.46B,$-0.08B,-18.02%,$0.46B,$-0.34B,-74.51%,$-0.34B,$0.26B,-39.01%,$-0.34B,$0.22B,-41.19%,$-0.34B,$1.03B,-17.25%,$-0.03B,$0.68B,-1.86%,$108,$64,$44,$0,$8,$89,$19,$-10,$9,$4,$5,$5,$5,$37,$19,$88,88,$0.06,$0.06,$204,$11,$0,$258,$674,$0,$44,$22,$767,$1025,$151,$417,$55,$614,$766,$1,$-316,$-8,$259,$1025,$5,$18,$1,$19,$0,$0,$0,$-11,$-11,$14,$0,$0,$0,$0,$0,$0,$0,$0,$-15,$0,$-15,$0,$0,$0,$-1,$-16,$-3,$1,$0
7,2016-12-31,3.83,$3.62,1.06,$3.91,0.98,$7.56,0.51,$-3.40,0.0,$0.24B,$0.06B,4.14,$0.53B,$0.25B,2.07,$0.46B,$0.21B,46.10%,$0.46B,$-0.03B,-6.93%,$0.46B,$-0.03B,-6.93%,$0.46B,$0.06B,13.85%,$0.46B,$-0.07B,-14.29%,$0.46B,$-0.29B,-63.42%,$-0.29B,$0.25B,-24.66%,$-0.29B,$0.21B,-25.68%,$-0.29B,$1.03B,-11.83%,$-0.03B,$0.78B,-1.53%,$115,$62,$53,$0,$18,$103,$11,$-10,$1,$-64,$65,$65,$-275,$34,$11,$87,88,$-3.15,$-3.14,$198,$12,$0,$238,$684,$4,$46,$27,$792,$1030,$58,$525,$52,$719,$776,$1,$-322,$-8,$254,$1030,$-294,$96,$533,$629,$-17,$0,$0,$0,$-9,$329,$-1,$0,$0,$0,$0,$0,$-5,$-6,$-175,$0,$-175,$-119,$-119,$-32,$0,$-326,$-3,$7,$-32
8,2016-09-30,3.93,$20.16,0.19,$3.83,1.03,$6.67,0.59,$-0.13,0.0,$0.40B,$0.12B,3.53,$0.96B,$1.42B,0.68,$0.47B,$0.22B,46.57%,$0.47B,$-0.02B,-4.72%,$0.47B,$-0.02B,-4.72%,$0.47B,$0.01B,2.36%,$0.47B,$-0.09B,-18.88%,$0.47B,$-0.01B,-1.93%,$-0.01B,$1.42B,-0.59%,$-0.01B,$1.37B,-0.61%,$-0.01B,$2.75B,-0.30%,$-0.02B,$2.37B,-0.90%,$114,$64,$50,$0,$12,$198,$-83,$-19,$-103,$-50,$-53,$-53,$-99,$-59,$-83,$89,89,$-1.10,$-1.10,$319,$18,$0,$404,$1847,$363,$47,$20,$2346,$2750,$115,$956,$62,$1220,$1335,$1,$-46,$-73,$1415,$2750,$-18,$73,$152,$225,$0,$0,$0,$8,$8,$217,$-1,$0,$0,$0,$0,$0,$5,$4,$-156,$0,$-156,$-119,$-119,$-32,$0,$-307,$-85,$4,$-32
