,Date,Stock Price,Book Value per Share,Price to Book Ratio,TTM Sales per Share,Price to Sales Ratio,TTM FCF per Share,Price to FCF Ratio,TTM Net EPS,PE Ratio,Current Assets,Current Liabilities,Current Ratio,Long Term Debt,Shareholder's Equity_x,Debt to Equity Ratio,TTM Revenue_x,TTM Gross Profit,Gross Margin,TTM Revenue_y,TTM Operating Income,Operating Margin,TTM Revenue_x,TTM EBIT,EBIT Margin,TTM Revenue_y,TTM EBITDA,EBITDA Margin,TTM Revenue_x,TTM Pre-Tax Income,Pre-Tax Margin,TTM Revenue_y,TTM Net Income_x,Net Margin,TTM Net Income_y,Shareholder's Equity_y,Return on Equity,TTM Net Income_x,Tangible Equity,Return on Tangible Equity,TTM Net Income_y,Total Assets,Return on Assets,TTM Net Income,LT Investments & Debt,Return on Investment,revenue,cost-goods-sold,gross-profit,research-development-expenses,selling-general-administrative-expenses,operating-expenses,operating-income,total-non-operating-income-expense,pre-tax-income,total-provision-income-taxes,income-after-taxes,income-from-continuous-operations,net-income,ebitda,ebit,basic-shares-outstanding,shares-outstanding,eps-basic-net-earnings-per-share,eps-earnings-per-share-diluted,cash-on-hand,inventory,other-current-assets,total-current-assets,net-property-plant-equipment,long-term-investments,goodwill-intangible-assets-total,other-long-term-assets,total-long-term-assets,total-assets,total-current-liabilities,long-term-debt,other-non-current-liabilities,total-long-term-liabilities,total-liabilities,common-stock-net,retained-earnings-accumulated-deficit,comprehensive-income,total-share-holder-equity,total-liabilities-share-holders-equity,net-income-loss,total-depreciation-amortization-cash-flow,other-non-cash-items,total-non-cash-items,change-in-accounts-receivable,change-in-inventories,change-in-accounts-payable,change-in-assets-liabilities,total-change-in-assets-liabilities,cash-flow-from-operating-activities,net-change-in-property-plant-equipment,net-change-in-intangible-assets,net-acquisitions-divestitures,net-change-in-short-term-investments,net-change-in-long-term-investments,net-change-in-investments-total,investing-activities-other,cash-flow-from-investing-activities,net-long-term-debt,net-current-debt,debt-issuance-retirement-net-total,net-common-equity-issued-repurchased,net-total-equity-issued-repurchased,total-common-preferred-stock-dividends-paid,financial-activities-other,cash-flow-from-financial-activities,net-cash-flow,stock-based-compensation,common-stock-dividends-paid
0,2018-09-30,11.1,$1.33,8.36,$3.10,3.58,$0.04,289.06,$0.07,158.57,$0.08B,$0.04B,2.19,$0.00B,$0.05B,0.0,$0.14B,$0.10B,71.85%,$0.14B,$0.00B,2.22%,$0.14B,$0.00B,2.22%,$0.14B,$0.00B,2.96%,$0.14B,$0.01B,3.70%,$0.14B,$0.01B,4.44%,$0.01B,$0.05B,14.29%,$0.01B,$0.05B,14.29%,$0.01B,$0.09B,7.45%,$0.00B,$0.05B,7.14%,$36,$10,$27,$2,$20,$33,$4,$-0,$4,$0,$4,$4,$4,$4,$4,$35,35,$0.12,$0.12,$40,$11,$0,$80,$3,$0,$0,$2,$5,$85,$36,$0,$2,$2,$39,$0,$-238,$-0,$46,$85,$4,$1,$1,$2,$7,$-1,$0,$-1,$7,$13,$-0,$0,$0,$16,$0,$16,$0,$16,$0,$0,$0,$0,$0,$0,$0,$0,$29,$0,$0
1,2018-06-30,3.86,$1.21,3.2,$2.78,1.39,$-0.63,0.0,$0.05,77.2,$0.08B,$0.04B,2.09,$0.00B,$0.04B,0.0,$0.13B,$0.09B,71.32%,$0.13B,$-0.00B,-0.78%,$0.13B,$-0.00B,-0.78%,$0.13B,0,0.00%,$0.13B,$-0.00B,-0.78%,$0.13B,$0.01B,7.75%,$0.01B,$0.04B,32.79%,$0.01B,$0.04B,32.79%,$0.01B,$0.08B,16.88%,$-0.00B,$0.04B,-3.28%,$34,$10,$24,$2,$20,$32,$2,$0,$3,$0,$2,$2,$2,$2,$2,$35,35,$0.07,$0.07,$32,$11,$0,$75,$3,$0,$0,$2,$5,$80,$36,$0,$2,$2,$38,$0,$-242,$-0,$42,$80,$0,$0,$0,$1,$3,$-1,$0,$-0,$4,$5,$-0,$0,$0,$15,$0,$15,$0,$15,$0,$0,$0,$0,$0,$0,$0,$0,$20,$0,$0
2,2017-03-31,3.86,$0.00,0.0,$2.48,1.56,$-0.81,0.0,$0.01,0.0,$0.00B,$0.00B,0.0,$0.00B,$0.00B,0.0,$0.09B,$0.06B,65.12%,$0.09B,$-0.04B,-43.02%,$0.09B,$-0.04B,-43.02%,$0.09B,$-0.04B,-40.70%,$0.09B,$-0.04B,-45.35%,$0.09B,$-0.04B,-46.51%,$-0.04B,$0.00B,-77.67%,$-0.04B,$0.00B,-77.67%,$-0.04B,$0.00B,-57.55%,$-0.04B,$0.00B,-71.84%,$32,$9,$23,$2,$24,$34,$-3,$0,$-2,$0,$-2,$-2,$-2,$-2,$-3,$35,35,$-0.07,$-0.07,$28,$11,$0,$73,$3,$0,$0,$2,$5,$79,$37,$0,$2,$2,$40,$0,$-245,$-0,$39,$79,$-2,$0,$0,$0,$-0,$0,$0,$-0,$2,$0,$-0,$0,$0,$0,$0,$0,$0,$-0,$0,$0,$0,$0,$0,$0,$0,$0,$0,$0,$0
3,2015-12-31,10.38,$1.06,9.8,$2.30,4.52,$-0.70,0.0,$0.05,207.6,$0.07B,$0.01B,4.81,$0.00B,$0.04B,0.0,$0.08B,$0.05B,66.25%,$0.08B,$-0.03B,-41.25%,$0.08B,$-0.03B,-41.25%,$0.08B,$-0.03B,-40.00%,$0.08B,$-0.04B,-43.75%,$0.08B,$-0.04B,-46.25%,$-0.04B,$0.04B,-50.68%,$-0.04B,$0.04B,-50.68%,$-0.04B,$0.07B,-38.95%,$-0.03B,$0.04B,-45.21%,$33,$9,$23,$1,$23,$33,$-0,$1,$0,$-1,$2,$2,$2,$-0,$-0,$35,35,$0.06,$0.06,$28,$11,$0,$73,$4,$0,$0,$2,$5,$78,$35,$0,$2,$2,$37,$0,$-242,$-0,$41,$78,$9,$1,$-9,$-9,$-3,$0,$0,$-2,$-5,$-5,$-2,$0,$0,$7,$0,$7,$0,$5,$0,$0,$0,$0,$0,$0,$0,$0,$0,$0,$0
4,2015-09-30,18.47,$2.32,7.97,$2.58,7.16,$-0.48,0.0,$0.07,263.86,$0.10B,$0.02B,5.43,$0.00B,$0.08B,0.0,$0.09B,$0.07B,78.65%,$0.09B,$0.01B,5.62%,$0.09B,$0.01B,5.62%,$0.09B,$0.01B,6.74%,$0.09B,$0.00B,4.49%,$0.09B,$0.00B,2.25%,$0.00B,$0.08B,2.37%,$0.00B,$0.08B,2.37%,$0.00B,$0.10B,1.99%,$0.01B,$0.08B,5.92%,$30,$8,$22,$1,$21,$30,$-0,$-2,$-2,$-0,$-2,$-2,$8,$-0,$-0,$35,35,$0.22,$0.22,$0,$0,$0,$0,$0,$0,$0,$0,$0,$0,$0,$0,$0,$0,$0,$0,$0,$0,$0,$0,$7,$1,$-8,$-7,$1,$-1,$0,$-1,$-2,$-3,$-1,$0,$0,$4,$0,$4,$0,$3,$0,$0,$0,$0,$0,$0,$0,$0,$0,$0,$0
5,2015-06-30,19.46,$2.58,7.55,$2.34,8.31,$-0.63,0.0,$0.11,176.91,$0.10B,$0.01B,9.23,$0.00B,$0.09B,0.0,$0.08B,$0.06B,77.78%,$0.08B,$0.01B,7.41%,$0.08B,$0.01B,7.41%,$0.08B,$0.01B,7.41%,$0.08B,$0.01B,7.41%,$0.08B,$0.00B,4.94%,$0.00B,$0.09B,4.71%,$0.00B,$0.09B,4.71%,$0.00B,$0.10B,4.06%,$0.01B,$0.09B,7.06%,$29,$8,$21,$1,$20,$29,$0,$0,$1,$0,$1,$1,$1,$1,$0,$35,35,$0.02,$0.02,$0,$0,$0,$0,$0,$0,$0,$0,$0,$0,$0,$0,$0,$0,$0,$0,$0,$0,$0,$0,$-1,$0,$0,$1,$0,$-1,$0,$-1,$-4,$-5,$-0,$0,$0,$3,$0,$3,$0,$3,$0,$0,$0,$0,$0,$0,$0,$0,$-1,$0,$0
6,2015-03-31,17.58,$2.51,6.99,$2.05,8.57,$-0.90,0.0,$0.03,586.0,$0.10B,$0.01B,8.61,$0.00B,$0.09B,0.0,$0.07B,$0.05B,77.14%,$0.07B,$0.00B,5.71%,$0.07B,$0.00B,5.71%,$0.07B,$0.00B,5.71%,$0.07B,$0.00B,4.29%,$0.07B,$0.00B,1.43%,$0.00B,$0.09B,1.20%,$0.00B,$0.09B,1.20%,$0.00B,$0.10B,1.05%,$0.00B,$0.09B,4.82%,$27,$8,$19,$1,$20,$29,$-2,$0,$-2,$0,$-2,$-2,$-2,$-1,$-2,$35,35,$-0.05,$-0.05,$0,$0,$0,$0,$0,$0,$0,$0,$0,$0,$0,$0,$0,$0,$0,$0,$0,$0,$0,$0,$-2,$0,$0,$0,$0,$0,$0,$-0,$-3,$-4,$-0,$0,$0,$3,$0,$3,$0,$2,$0,$0,$0,$0,$0,$0,$0,$0,$-2,$0,$0
7,2014-12-31,15.99,$2.42,6.61,$1.74,9.18,$-1.04,0.0,$-0.05,0.0,$0.10B,$0.01B,9.0,$0.00B,$0.08B,0.0,$0.06B,$0.05B,77.97%,$0.06B,$0.00B,1.69%,$0.06B,$0.00B,1.69%,$0.06B,$0.00B,3.39%,$0.06B,0,0.00%,$0.06B,$-0.00B,-1.69%,$-0.00B,$0.08B,-1.22%,$-0.00B,$0.08B,-1.22%,$-0.00B,$0.10B,-1.08%,$0.00B,$0.08B,1.22%,$10,$12,$-2,$-1,$21,$47,$-37,$-1,$-38,$-0,$-38,$-38,$-38,$-37,$-37,$34,34,$-1.09,$-1.09,$53,$10,$0,$67,$2,$0,$0,$0,$7,$74,$14,$0,$23,$23,$37,$0,$-247,$-0,$37,$74,$-36,$1,$20,$21,$-5,$0,$0,$4,$3,$-11,$-1,$0,$0,$19,$0,$19,$6,$24,$0,$0,$0,$1,$1,$-7,$-0,$-6,$7,$3,$-7
8,2014-09-30,12.59,$2.39,5.26,$1.42,8.86,$-1.33,0.0,$1.37,9.19,$0.09B,$0.01B,9.61,$0.00B,$0.08B,0.0,$0.05B,$0.04B,77.08%,$0.05B,$-0.00B,-2.08%,$0.05B,$-0.00B,-2.08%,$0.05B,$0.00B,2.08%,$0.05B,$-0.00B,-2.08%,$0.05B,$0.05B,100.00%,$0.05B,$0.08B,59.08%,$0.05B,$0.08B,59.08%,$0.05B,$0.09B,52.75%,$-0.00B,$0.08B,-1.23%,$25,$5,$20,$2,$17,$25,$0,$-1,$-1,$-0,$-1,$-1,$-1,$1,$0,$34,34,$-0.02,$-0.02,$43,$16,$0,$99,$2,$0,$0,$0,$2,$101,$18,$0,$3,$3,$21,$0,$-204,$-0,$80,$101,$1,$1,$4,$5,$-15,$-5,$0,$-1,$-15,$-9,$-1,$0,$0,$23,$0,$23,$0,$22,$-0,$0,$-0,$1,$1,$0,$0,$1,$14,$0,$0
9,2014-06-30,15.62,$2.36,6.63,$1.13,13.88,$-1.14,0.0,$1.30,12.02,$0.09B,$0.01B,10.78,$0.00B,$0.08B,0.0,$0.04B,$0.03B,76.32%,$0.04B,$-0.00B,-5.26%,$0.04B,$-0.00B,-5.26%,$0.04B,0,0.00%,$0.04B,$-0.00B,-5.26%,$0.04B,$0.05B,118.42%,$0.05B,$0.08B,65.45%,$0.05B,$0.08B,65.45%,$0.05B,$0.09B,57.69%,$-0.00B,$0.08B,-2.91%,$24,$5,$19,$2,$15,$22,$2,$-0,$2,$0,$1,$1,$1,$2,$2,$34,35,$0.03,$0.03,$47,$13,$1,$101,$2,$0,$0,$0,$2,$103,$11,$0,$3,$3,$14,$0,$-201,$-0,$89,$103,$3,$1,$8,$9,$-14,$-2,$0,$-1,$-12,$-1,$-1,$0,$0,$-0,$0,$-0,$0,$-1,$-0,$0,$-0,$1,$1,$0,$0,$1,$-1,$0,$0
10,2014-03-31,13.13,$2.37,5.53,$0.90,14.62,$-1.06,0.0,$1.24,10.59,$0.08B,$0.01B,8.5,$0.00B,$0.08B,0.0,$0.03B,$0.02B,76.67%,$0.03B,$-0.00B,-10.00%,$0.03B,$-0.00B,-10.00%,$0.03B,$-0.00B,-3.33%,$0.03B,$-0.00B,-6.67%,$0.03B,$0.04B,143.33%,$0.04B,$0.08B,76.44%,$0.04B,$0.08B,76.44%,$0.04B,$0.09B,65.90%,$-0.00B,$0.08B,-5.33%,$21,$5,$16,$2,$13,$19,$2,$0,$2,$1,$1,$1,$1,$2,$2,$34,35,$0.04,$0.04,$47,$12,$8,$99,$2,$0,$0,$0,$2,$102,$12,$0,$4,$4,$15,$0,$-202,$-0,$86,$102,$1,$0,$1,$1,$-8,$-1,$0,$5,$-3,$-0,$-0,$0,$0,$2,$0,$2,$0,$1,$-0,$0,$-0,$0,$0,$0,$0,$0,$1,$0,$0
11,2013-12-31,16.08,$2.37,6.78,$0.73,22.12,$-1.04,0.0,$1.20,13.4,$0.08B,$0.01B,7.79,$0.00B,$0.08B,0.0,$0.02B,$0.02B,75.00%,$0.02B,$-0.00B,-12.50%,$0.02B,$-0.00B,-12.50%,$0.02B,$-0.00B,-8.33%,$0.02B,$-0.00B,-8.33%,$0.02B,$0.04B,170.83%,$0.04B,$0.08B,92.13%,$0.04B,$0.08B,92.13%,$0.04B,$0.09B,78.47%,$-0.00B,$0.08B,-6.74%,$19,$4,$15,$4,$10,$18,$1,$-0,$1,$0,$1,$1,$1,$1,$1,$34,34,$0.02,$0.02,$50,$11,$0,$95,$2,$0,$0,$0,$2,$97,$11,$0,$4,$4,$14,$0,$-204,$-0,$83,$97,$-0,$1,$19,$20,$-17,$-9,$0,$-1,$-23,$-3,$-1,$0,$0,$2,$0,$2,$0,$1,$-0,$0,$-0,$2,$2,$0,$0,$2,$-0,$0,$0
12,2013-09-30,16.64,$0.94,17.72,$0.57,29.01,$-1.03,0.0,$-0.32,0.0,$0.04B,$0.01B,4.91,$0.00B,$0.03B,0.0,$0.02B,$0.01B,73.68%,$0.02B,$-0.00B,-10.53%,$0.02B,$-0.00B,-10.53%,$0.02B,$-0.00B,-5.26%,$0.02B,$-0.00B,-10.53%,$0.02B,$-0.01B,-63.16%,$-0.01B,$0.03B,-36.09%,$-0.01B,$0.03B,-36.09%,$-0.01B,$0.04B,-30.38%,$-0.00B,$0.03B,-6.02%,$17,$4,$13,$1,$11,$16,$1,$-0,$1,$0,$1,$1,$1,$1,$1,$34,35,$0.02,$0.02,$58,$9,$0,$90,$2,$0,$0,$0,$2,$92,$9,$0,$0,$0,$10,$0,$-204,$0,$82,$92,$-1,$1,$3,$4,$-14,$-7,$0,$-0,$-17,$-15,$-1,$0,$15,$-3,$0,$-3,$0,$12,$-0,$0,$-0,$1,$1,$0,$0,$2,$-1,$0,$0
13,2013-06-30,10.07,$0.93,10.83,$0.44,22.96,$-1.08,0.0,$-0.36,0.0,$0.04B,$0.01B,5.19,$0.00B,$0.03B,0.01,$0.01B,$0.01B,71.43%,$0.01B,$-0.00B,-14.29%,$0.01B,$-0.00B,-14.29%,$0.01B,$-0.00B,-14.29%,$0.01B,$-0.00B,-14.29%,$0.01B,$-0.01B,-92.86%,$-0.01B,$0.03B,-37.41%,$-0.01B,$0.03B,-37.41%,$-0.01B,$0.04B,-32.10%,$-0.00B,$0.03B,-5.71%,$13,$3,$10,$1,$9,$13,$-0,$-1,$-1,$0,$-1,$-1,$-2,$0,$-0,$34,34,$-0.05,$-0.05,$64,$6,$0,$87,$2,$0,$0,$0,$2,$89,$8,$0,$0,$0,$8,$0,$-205,$0,$81,$89,$-2,$0,$2,$2,$-9,$-4,$0,$0,$-10,$-10,$-0,$0,$15,$-6,$0,$-6,$0,$9,$-0,$0,$-0,$1,$1,$0,$0,$2,$0,$0,$0
14,2013-03-31,10.4,$1.03,10.13,$0.33,31.76,$-1.12,0.0,$-0.38,0.0,$0.04B,$0.01B,7.36,$0.00B,$0.03B,0.0,$0.01B,$0.01B,63.64%,$0.01B,$-0.01B,-45.45%,$0.01B,$-0.01B,-45.45%,$0.01B,$-0.01B,-45.45%,$0.01B,$-0.01B,-45.45%,$0.01B,$-0.01B,-118.18%,$-0.01B,$0.03B,-34.90%,$-0.01B,$0.03B,-34.90%,$-0.01B,$0.04B,-30.41%,$-0.01B,$0.03B,-13.33%,$10,$2,$8,$1,$7,$11,$-1,$-0,$-1,$-0,$-1,$-1,$-1,$-0,$-1,$34,34,$-0.04,$-0.04,$54,$2,$15,$84,$2,$0,$0,$0,$8,$91,$10,$0,$0,$0,$10,$0,$-203,$0,$81,$91,$-1,$0,$0,$0,$-4,$-0,$0,$0,$-5,$-6,$-0,$0,$0,$5,$0,$5,$0,$5,$-0,$0,$-0,$1,$1,$0,$0,$1,$-0,$0,$0
15,2012-12-31,8.98,$1.09,8.23,$0.24,37.59,$-1.10,0.0,$-0.34,0.0,$0.04B,$0.01B,7.74,$0.00B,$0.04B,0.0,$0.01B,$0.01B,62.50%,$0.01B,$-0.01B,-62.50%,$0.01B,$-0.01B,-62.50%,$0.01B,$-0.01B,-62.50%,$0.01B,$-0.01B,-62.50%,$0.01B,$-0.01B,-137.50%,$-0.01B,$0.04B,-27.50%,$-0.01B,$0.04B,-27.50%,$-0.01B,$0.04B,-24.18%,$-0.01B,$0.04B,-12.42%,$8,$2,$6,$2,$5,$9,$-1,$0,$-0,$-1,$1,$1,$50,$-0,$-1,$33,33,$1.50,$1.50,$59,$2,$0,$84,$2,$0,$0,$0,$8,$92,$11,$0,$0,$0,$11,$0,$-202,$-0,$81,$92,$-1,$1,$-10,$-10,$-5,$-1,$0,$0,$-3,$-13,$-1,$0,$19,$-7,$0,$-7,$0,$12,$-0,$0,$-0,$2,$2,$0,$0,$2,$1,$0,$0
16,2012-09-30,11.05,$1.17,9.47,$0.17,63.92,$-1.32,0.0,$-0.11,0.0,$0.04B,$0.01B,8.21,$0.00B,$0.04B,0.01,$0.01B,$0.00B,50.00%,$0.01B,$-0.03B,-433.33%,$0.01B,$-0.03B,-433.33%,$0.01B,$-0.03B,-450.00%,$0.01B,$-0.03B,-433.33%,$0.01B,$-0.00B,-50.00%,$-0.00B,$0.04B,-7.06%,$-0.00B,$0.04B,-7.06%,$-0.00B,$0.04B,-6.15%,$-0.03B,$0.04B,-60.82%,$7,$2,$5,$1,$4,$7,$0,$0,$0,$0,$0,$0,$-2,$0,$0,$33,34,$-0.05,$-0.05,$28,$2,$0,$38,$2,$0,$0,$0,$2,$40,$8,$0,$0,$0,$8,$0,$-252,$-0,$32,$40,$0,$0,$-6,$-6,$-4,$-0,$0,$-0,$-3,$-8,$-0,$0,$0,$6,$0,$6,$0,$5,$-0,$0,$-0,$3,$3,$0,$0,$3,$-0,$0,$0
17,2012-06-30,10.97,$1.25,8.8,$0.12,93.43,$-1.49,0.0,$0.10,109.7,$0.04B,$0.01B,8.51,$0.00B,$0.04B,0.0,$0.00B,$0.00B,50.00%,$0.00B,$-0.02B,-550.00%,$0.00B,$-0.02B,-550.00%,$0.00B,$-0.02B,-550.00%,$0.00B,$-0.02B,-550.00%,$0.00B,$0.00B,100.00%,$0.00B,$0.04B,9.30%,$0.00B,$0.04B,9.30%,$0.00B,$0.05B,7.58%,$-0.02B,$0.04B,-51.16%,$5,$1,$4,$1,$4,$7,$-1,$0,$-1,$0,$-2,$-2,$-4,$-1,$-1,$33,33,$-0.12,$-0.12,$27,$2,$0,$36,$2,$0,$0,$0,$2,$38,$7,$0,$0,$0,$7,$0,$-250,$-0,$31,$38,$-2,$0,$-3,$-3,$-3,$-0,$0,$0,$-2,$-7,$-0,$0,$0,$7,$0,$7,$0,$6,$-0,$0,$-0,$1,$1,$0,$0,$1,$-0,$0,$0
18,2012-03-31,5.12,$1.37,3.74,$0.07,71.25,$-1.58,0.0,$0.28,18.29,$0.05B,$0.01B,9.88,$0.00B,$0.05B,0.0,$0.00B,$0.00B,50.00%,$0.00B,$-0.02B,-800.00%,$0.00B,$-0.02B,-800.00%,$0.00B,$-0.02B,-800.00%,$0.00B,$-0.02B,-800.00%,$0.00B,$0.01B,500.00%,$0.01B,$0.05B,23.95%,$0.01B,$0.05B,23.95%,$0.01B,$0.05B,17.47%,$-0.02B,$0.05B,-38.32%,$4,$1,$3,$1,$2,$5,$-1,$0,$-1,$-0,$-0,$-0,$-3,$-1,$-1,$33,33,$-0.08,$-0.08,$30,$2,$0,$37,$2,$0,$0,$0,$2,$39,$5,$0,$0,$1,$6,$0,$-246,$0,$34,$39,$-0,$0,$-2,$-2,$-2,$-0,$0,$0,$-2,$-5,$-0,$0,$0,$4,$0,$4,$0,$4,$-0,$0,$-0,$0,$0,$0,$0,$0,$-1,$0,$0
19,2011-12-31,5.35,$1.40,3.83,$0.04,139.53,$-1.63,0.0,$0.44,12.16,$0.05B,$0.01B,6.41,$0.00B,$0.05B,0.0,$0.00B,0,0.00%,$0.00B,$-0.01B,-1100.00%,$0.00B,$-0.01B,-1100.00%,$0.00B,$-0.01B,-1100.00%,$0.00B,$-0.01B,-1100.00%,$0.00B,$0.02B,1500.00%,$0.02B,$0.05B,38.96%,$0.02B,$0.05B,38.96%,$0.02B,$0.05B,24.00%,$-0.01B,$0.05B,-28.57%,$3,$1,$2,$-4,$0,$3,$0,$-0,$0,$-0,$0,$0,$-3,$1,$0,$33,33,$-0.08,$-0.08,$34,$1,$0,$39,$2,$0,$0,$0,$2,$41,$5,$0,$1,$1,$6,$0,$-243,$-0,$36,$41,$-6,$1,$-8,$-7,$-2,$-1,$0,$-0,$-0,$-13,$-0,$0,$0,$13,$0,$13,$0,$13,$-0,$0,$-0,$0,$0,$0,$0,$0,$0,$0,$0
20,2011-09-30,5.12,$1.23,4.16,$0.02,291.36,$-1.00,0.0,$0.42,12.19,$0.06B,$0.02B,2.97,$0.00B,$0.04B,0.0,$0.00B,0,nan%,$0.00B,$0.01B,inf%,$0.00B,$0.01B,inf%,$0.00B,$0.01B,inf%,$0.00B,$0.01B,inf%,$0.00B,$0.01B,inf%,$0.01B,$0.04B,41.48%,$0.01B,$0.04B,41.48%,$0.01B,$0.06B,20.44%,$0.01B,$0.04B,41.48%,$2,$1,$1,$1,$1,$3,$-0,$0,$-0,$0,$-0,$-0,$-3,$-1,$-0,$33,33,$-0.09,$-0.09,$37,$1,$0,$41,$2,$0,$0,$0,$3,$44,$5,$0,$0,$1,$6,$0,$-241,$0,$38,$44,$-2,$0,$-7,$-7,$-1,$-1,$0,$-0,$-1,$-10,$-0,$0,$0,$9,$0,$9,$0,$9,$-0,$0,$-0,$0,$0,$0,$0,$0,$-1,$0,$0
21,2011-06-30,7.74,$1.10,7.05,$0.01,732.28,$-1.27,0.0,$0.44,17.59,$0.06B,$0.03B,2.18,$0.00B,$0.04B,0.0,$0.00B,0,nan%,$0.00B,$0.01B,inf%,$0.00B,$0.01B,inf%,$0.00B,$0.01B,inf%,$0.00B,$0.01B,inf%,$0.00B,$0.02B,inf%,$0.02B,$0.04B,50.85%,$0.02B,$0.04B,50.85%,$0.02B,$0.07B,20.07%,$0.01B,$0.04B,47.46%,$2,$1,$1,$4,$1,$6,$-4,$0,$-4,$-0,$-4,$-4,$-4,$-4,$-4,$33,33,$-0.13,$-0.13,$39,$0,$0,$44,$2,$0,$0,$0,$3,$47,$5,$0,$0,$0,$6,$0,$0,$0,$41,$47,$-6,$0,$1,$1,$-1,$0,$0,$-4,$-4,$-8,$-0,$0,$0,$8,$0,$8,$0,$8,$0,$0,$0,$0,$0,$0,$0,$0,$-1,$0,$0
22,2011-03-31,7.26,$0.98,7.42,$0.01,0.0,$-1.43,0.0,$0.44,16.5,$0.07B,$0.04B,1.75,$0.00B,$0.03B,0.0,$0.00B,0,nan%,$0.00B,$0.01B,inf%,$0.00B,$0.01B,inf%,$0.00B,$0.01B,inf%,$0.00B,$0.01B,inf%,$0.00B,$0.02B,inf%,$0.02B,$0.03B,60.00%,$0.02B,$0.03B,60.00%,$0.02B,$0.07B,18.52%,$0.01B,$0.03B,56.00%,$1,$0,$1,$4,$2,$2,$-1,$0,$-1,$0,$-1,$-1,$-1,$-1,$-1,$33,33,$-0.04,$-0.04,$43,$0,$0,$47,$2,$0,$0,$0,$3,$50,$5,$0,$0,$0,$5,$0,$-234,$0,$45,$50,$-1,$0,$0,$1,$-0,$0,$0,$-3,$-3,$-4,$-0,$0,$0,$4,$0,$4,$0,$4,$0,$0,$0,$0,$0,$0,$0,$0,$-0,$0,$0
23,2010-12-31,7.79,$0.84,9.3,$0.01,0.0,$-1.58,0.0,$0.39,19.97,$0.07B,$0.05B,1.59,$0.00B,$0.03B,0.0,$0.00B,0,nan%,$0.00B,$0.01B,inf%,$0.00B,$0.01B,inf%,$0.00B,$0.01B,inf%,$0.00B,$0.01B,inf%,$0.00B,$0.01B,inf%,$0.01B,$0.03B,62.65%,$0.01B,$0.03B,62.65%,$0.01B,$0.08B,14.86%,$0.01B,$0.03B,62.65%,$1,$0,$0,$-11,$1,$21,$-21,$0,$-21,$-1,$-20,$-20,$5,$-21,$-21,$33,33,$0.16,$0.16,$47,$1,$0,$51,$2,$0,$0,$0,$3,$54,$8,$0,$0,$0,$8,$0,$-232,$0,$46,$54,$-10,$1,$-11,$-10,$-1,$-0,$0,$0,$-0,$-20,$-0,$0,$0,$21,$0,$21,$0,$21,$0,$0,$0,$0,$0,$0,$0,$0,$0,$0,$0
24,2010-09-30,7.28,$0.69,10.54,$0.00,0.0,$-1.96,0.0,$0.74,9.84,$0.08B,$0.05B,1.62,$0.00B,$0.02B,0.0,$0.00B,0,nan%,$0.00B,$0.01B,inf%,$0.00B,$0.01B,inf%,$0.00B,$0.01B,inf%,$0.00B,$0.01B,inf%,$0.00B,$0.03B,inf%,$0.03B,$0.02B,144.93%,$0.03B,$0.02B,144.93%,$0.03B,$0.09B,26.32%,$0.01B,$0.02B,46.38%,$0,$0,$0,$5,$1,$-4,$4,$0,$4,$0,$4,$4,$4,$4,$4,$33,33,$0.12,$0.12,$52,$1,$0,$57,$3,$0,$0,$0,$3,$60,$19,$0,$0,$0,$20,$0,$-237,$0,$40,$60,$10,$1,$3,$4,$0,$1,$0,$-31,$-29,$-16,$-0,$0,$0,$16,$0,$16,$0,$16,$0,$0,$0,$0,$0,$0,$0,$0,$-0,$0,$0
25,2010-06-30,5.81,$0.54,10.77,0,0.0,$-1.06,0.0,$0.41,14.17,$0.09B,$0.05B,1.79,$0.00B,$0.02B,0.0,$0.00B,0,nan%,$0.00B,$-0.00B,inf%,$0.00B,$-0.00B,inf%,$0.00B,$-0.00B,inf%,$0.00B,$-0.00B,inf%,$0.00B,$0.01B,inf%,$0.01B,$0.02B,130.23%,$0.01B,$0.02B,130.23%,$0.01B,$0.09B,13.79%,$-0.00B,$0.02B,-27.91%,$0,$0,$0,$5,$3,$-2,$2,$0,$2,$0,$2,$2,$2,$2,$2,$33,33,$0.05,$0.05,$56,$1,$0,$61,$3,$0,$0,$1,$3,$65,$28,$0,$0,$0,$29,$0,$-241,$0,$36,$65,$6,$0,$3,$3,$1,$-0,$0,$-20,$-20,$-11,$-0,$0,$0,$12,$0,$12,$0,$12,$0,$0,$0,$0,$0,$0,$0,$0,$0,$0,$0
26,2010-03-31,7.4,$0.47,15.69,0,0.0,$-1.57,0.0,$0.06,123.33,$0.09B,$0.05B,1.97,$0.00B,$0.02B,0.0,$0.00B,0,nan%,$0.00B,$-0.02B,inf%,$0.00B,$-0.02B,inf%,$0.00B,$-0.02B,inf%,$0.00B,$-0.01B,inf%,$0.00B,$0.00B,inf%,$0.00B,$0.02B,28.57%,$0.00B,$0.02B,28.57%,$0.00B,$0.10B,1.79%,$-0.02B,$0.02B,-214.29%,$0,$0,$0,$5,$2,$-4,$4,$0,$4,$0,$4,$4,$4,$4,$4,$33,33,$0.12,$0.12,$62,$1,$0,$68,$3,$0,$0,$1,$4,$71,$39,$0,$0,$0,$39,$0,$-243,$0,$32,$71,$4,$0,$1,$1,$0,$-0,$0,$-10,$-11,$-6,$-0,$0,$0,$6,$0,$6,$0,$6,$0,$0,$0,$0,$0,$0,$0,$0,$-0,$0,$0
27,2009-12-31,7.14,$0.38,18.63,0,0.0,$-1.75,0.0,$0.44,16.23,$0.10B,$0.05B,2.04,$0.00B,$0.01B,0.0,$0.00B,0,nan%,$0.00B,$-0.03B,inf%,$0.00B,$-0.03B,inf%,$0.00B,$-0.03B,inf%,$0.00B,$-0.03B,inf%,$0.00B,$0.02B,inf%,$0.02B,$0.01B,250.00%,$0.02B,$0.01B,250.00%,$0.02B,$0.11B,12.05%,$-0.03B,$0.01B,-450.00%,$0,$0,$0,$5,$2,$-4,$4,$0,$4,$-0,$4,$4,$4,$4,$4,$33,33,$0.14,$0.14,$68,$1,$0,$74,$3,$0,$0,$1,$4,$78,$47,$0,$0,$4,$50,$0,$-247,$-0,$27,$78,$13,$1,$-2,$-1,$-1,$-1,$0,$-40,$-45,$-33,$33,$0,$0,$-0,$0,$-0,$0,$33,$-0,$0,$-0,$0,$0,$0,$0,$0,$0,$0,$0
28,2009-09-30,6.66,$-0.10,-66.4,0,0.0,$-1.14,0.0,$-0.28,0.0,$0.11B,$0.06B,1.85,$0.00B,$-0.00B,0.0,$0.00B,0,nan%,$0.00B,$-0.04B,inf%,$0.00B,$-0.04B,inf%,$0.00B,$-0.04B,inf%,$0.00B,$-0.04B,inf%,$0.00B,$-0.01B,inf%,$-0.01B,$-0.00B,-600.00%,$-0.01B,$-0.00B,-600.00%,$-0.01B,$0.11B,-6.83%,$-0.04B,$-0.00B,-2533.33%,$0,$0,$0,$5,$1,$-4,$4,$0,$4,$-1,$5,$5,$5,$4,$4,$33,33,$0.14,$0.14,$76,$0,$0,$78,$3,$0,$0,$4,$7,$85,$48,$0,$0,$14,$62,$0,$-252,$0,$23,$85,$9,$1,$1,$1,$1,$0,$0,$-34,$-35,$-25,$-0,$0,$0,$24,$0,$24,$0,$24,$-0,$0,$-0,$0,$0,$0,$0,$0,$-0,$0,$0
29,2009-06-30,13.4,$0.09,150.22,0,0.0,$-2.89,0.0,$0.08,167.5,$0.13B,$0.06B,2.08,$0.00B,$0.00B,0.0,$0.00B,0,nan%,$0.00B,$-0.05B,inf%,$0.00B,$-0.05B,inf%,$0.00B,$-0.05B,inf%,$0.00B,$-0.05B,inf%,$0.00B,$0.00B,inf%,$0.00B,$0.00B,800.00%,$0.00B,$0.00B,800.00%,$0.00B,$0.13B,1.80%,$-0.05B,$0.00B,-6666.67%,$0,$0,$0,$6,$2,$-2,$2,$0,$2,$1,$2,$2,$2,$2,$2,$33,33,$0.05,$0.05,$84,$0,$0,$85,$3,$0,$0,$1,$4,$90,$48,$0,$0,$24,$72,$0,$-256,$0,$18,$90,$4,$0,$0,$1,$1,$0,$0,$-20,$-22,$-17,$-0,$0,$0,$17,$0,$17,$0,$17,$-0,$0,$-0,$0,$0,$0,$0,$-0,$0,$0,$0
30,2009-03-31,13.8,$0.34,40.86,0,0.0,$-2.64,0.0,$-0.10,0.0,$0.14B,$0.06B,2.35,$0.00B,$0.01B,0.0,$0.00B,0,nan%,$0.00B,$-0.06B,inf%,$0.00B,$-0.06B,inf%,$0.00B,$-0.06B,inf%,$0.00B,$-0.06B,inf%,$0.00B,$-0.00B,inf%,$-0.00B,$0.01B,70.59%,$-0.00B,$0.01B,70.59%,$-0.00B,$0.15B,-3.46%,$-0.06B,$0.01B,1933.33%,$0,$0,$0,$7,$2,$-3,$3,$0,$3,$1,$2,$2,$2,$3,$3,$33,33,$0.07,$0.07,$90,$0,$0,$92,$4,$0,$0,$1,$5,$97,$47,$0,$0,$34,$81,$0,$-258,$0,$15,$97,$2,$0,$-0,$0,$-0,$0,$0,$-10,$-14,$-11,$-0,$0,$0,$11,$0,$11,$0,$11,$-0,$0,$-0,$0,$0,$0,$0,$-0,$-0,$0,$0
31,2008-12-31,19.16,$-0.15,-124.74,0,0.0,$-2.52,0.0,$-1.04,0.0,$0.13B,$0.06B,2.21,$0.00B,$-0.01B,0.0,$0.00B,0,nan%,$0.00B,$-0.07B,inf%,$0.00B,$-0.07B,inf%,$0.00B,$-0.07B,inf%,$0.00B,$-0.07B,inf%,$0.00B,$-0.03B,inf%,$-0.03B,$-0.01B,503.70%,$-0.03B,$-0.01B,503.70%,$-0.03B,$0.14B,-59.39%,$-0.07B,$-0.01B,1236.36%,$0,$0,$0,$10,$2,$1,$-1,$1,$-0,$-0,$-0,$-0,$16,$-1,$-1,$33,33,$0.49,$0.49,$101,$0,$0,$103,$4,$0,$0,$1,$5,$108,$50,$0,$0,$45,$95,$0,$-260,$-0,$13,$108,$-24,$1,$-4,$-4,$55,$1,$0,$-39,$15,$-12,$-0,$0,$10,$3,$0,$3,$0,$12,$-0,$0,$-0,$0,$1,$0,$-1,$0,$0,$0,$0
32,2008-09-30,19.29,$-0.26,-74.88,$0.20,95.26,$-4.48,0.0,$-1.53,0.0,$0.02B,$0.03B,0.57,$0.00B,$-0.01B,-0.31,$0.01B,$0.00B,50.00%,$0.01B,$-0.07B,-1233.33%,$0.01B,$-0.07B,-1233.33%,$0.01B,$-0.07B,-1216.67%,$0.01B,$-0.08B,-1316.67%,$0.01B,$-0.05B,-800.00%,$-0.05B,$-0.01B,2400.00%,$-0.05B,$-0.01B,2400.00%,$-0.05B,$0.03B,-148.84%,$-0.07B,$-0.01B,29600.00%,$0,$0,$0,$16,$2,$7,$-7,$0,$-7,$-0,$-7,$-7,$-6,$-7,$-7,$33,33,$-0.19,$-0.19,$103,$0,$0,$106,$4,$0,$0,$1,$5,$111,$57,$0,$3,$57,$114,$0,$-276,$0,$-3,$111,$-23,$0,$-2,$-2,$56,$0,$0,$-30,$30,$5,$-0,$0,$10,$-14,$0,$-14,$0,$-5,$-0,$0,$-0,$1,$1,$0,$-1,$0,$1,$0,$0
33,2008-06-30,12.85,$-0.47,-27.59,$0.20,63.46,$-4.12,0.0,$-2.05,0.0,$0.02B,$0.04B,0.49,$0.00B,$-0.02B,-0.17,$0.01B,$0.00B,50.00%,$0.01B,$-0.07B,-1116.67%,$0.01B,$-0.07B,-1116.67%,$0.01B,$-0.07B,-1083.33%,$0.01B,$-0.07B,-1183.33%,$0.01B,$-0.06B,-1050.00%,$-0.06B,$-0.02B,inf%,$-0.06B,$-0.02B,inf%,$-0.06B,$0.03B,-186.67%,$-0.07B,$-0.01B,-893.33%,$0,$0,$0,$19,$2,$10,$-10,$0,$-10,$-2,$-9,$-9,$-10,$-10,$-10,$33,33,$-0.30,$-0.30,$52,$0,$0,$125,$4,$0,$0,$1,$5,$130,$60,$0,$3,$67,$127,$0,$-270,$1,$3,$130,$-16,$0,$-0,$0,$1,$0,$0,$-22,$-17,$-33,$-0,$0,$10,$24,$0,$24,$0,$33,$-0,$0,$-0,$0,$0,$0,$-1,$-0,$0,$0,$0
34,2008-03-31,12.58,$0.03,438.33,$0.20,62.12,$-4.26,0.0,$-1.94,0.0,$0.02B,$0.03B,0.75,$0.00B,$0.00B,0.01,$0.01B,$0.00B,50.00%,$0.01B,$-0.06B,-1016.67%,$0.01B,$-0.06B,-1016.67%,$0.01B,$-0.06B,-966.67%,$0.01B,$-0.07B,-1083.33%,$0.01B,$-0.06B,-966.67%,$-0.06B,$0.00B,-928.00%,$-0.06B,$0.00B,-928.00%,$-0.06B,$0.03B,-156.76%,$-0.06B,$0.00B,-312.82%,$0,$0,$0,$19,$3,$9,$-9,$0,$-9,$-1,$-8,$-8,$15,$-9,$-9,$33,33,$0.45,$0.45,$55,$0,$0,$144,$4,$0,$0,$1,$5,$149,$61,$0,$2,$77,$138,$0,$-260,$0,$11,$149,$-8,$0,$-1,$-1,$0,$0,$0,$-10,$-8,$-17,$-0,$0,$10,$12,$0,$12,$0,$22,$-0,$0,$-0,$0,$0,$0,$-1,$-0,$4,$0,$0
35,2007-12-31,12.02,$0.46,26.38,$0.20,59.36,$-4.21,0.0,$-1.87,0.0,$0.03B,$0.02B,1.34,$0.00B,$0.01B,0.08,$0.01B,$0.00B,50.00%,$0.01B,$-0.05B,-866.67%,$0.01B,$-0.05B,-866.67%,$0.01B,$-0.05B,-816.67%,$0.01B,$-0.06B,-933.33%,$0.01B,$-0.05B,-900.00%,$-0.05B,$0.01B,-900.00%,$-0.05B,$0.01B,-900.00%,$-0.05B,$0.04B,-140.26%,$-0.05B,$0.02B,-201.94%,$0,$0,$0,$16,$2,$12,$-12,$-0,$-12,$0,$-12,$-12,$-8,$-12,$-12,$32,32,$-0.25,$-0.25,$62,$0,$0,$129,$0,$0,$0,$1,$9,$137,$58,$0,$0,$84,$142,$0,$-275,$0,$-5,$137,$-69,$2,$15,$16,$-61,$-0,$0,$126,$63,$10,$-3,$0,$34,$-44,$0,$-44,$0,$-13,$3,$0,$3,$0,$0,$0,$0,$3,$0,$0,$0
36,2007-09-30,12.88,$0.01,2111.48,$0.11,118.94,$-3.83,0.0,$-1.60,0.0,$0.03B,$0.01B,3.16,$0.03B,$0.00B,141.31,$0.00B,$0.00B,66.67%,$0.00B,$-0.05B,-1566.67%,$0.00B,$-0.05B,-1566.67%,$0.00B,$-0.04B,-1433.33%,$0.00B,$-0.05B,-1566.67%,$0.00B,$-0.05B,-1500.00%,$-0.05B,$0.00B,-857.14%,$-0.05B,$0.00B,-857.14%,$-0.05B,$0.04B,-108.43%,$-0.05B,$0.03B,-151.61%,$0,$0,$0,$19,$2,$19,$-19,$-0,$-20,$0,$-20,$-20,$5,$-19,$-19,$32,32,$0.17,$0.17,$11,$0,$0,$19,$0,$0,$0,$1,$10,$29,$33,$3,$0,$3,$37,$0,$-267,$0,$-8,$29,$-58,$1,$13,$14,$-0,$0,$0,$-0,$-3,$-47,$-4,$0,$34,$12,$0,$12,$0,$42,$9,$0,$9,$0,$0,$0,$0,$9,$5,$0,$0
37,2007-06-30,13.51,$0.35,38.58,$0.23,58.6,$-3.74,0.0,$-2.00,0.0,$0.04B,$0.01B,4.85,$0.03B,$0.01B,2.47,$0.01B,$0.00B,50.00%,$0.01B,$-0.05B,-800.00%,$0.01B,$-0.05B,-800.00%,$0.01B,$-0.04B,-733.33%,$0.01B,$-0.05B,-850.00%,$0.01B,$-0.05B,-850.00%,$-0.05B,$0.01B,-463.64%,$-0.05B,$0.01B,-463.64%,$-0.05B,$0.05B,-106.25%,$-0.05B,$0.04B,-148.84%,$0,$0,$0,$19,$2,$18,$-18,$-0,$-18,$0,$-18,$-18,$-15,$-18,$-18,$32,32,$-0.48,$-0.48,$7,$0,$0,$21,$1,$0,$0,$1,$10,$32,$44,$3,$0,$3,$46,$0,$-272,$-1,$-15,$32,$-38,$1,$7,$8,$-1,$0,$0,$0,$9,$-21,$-4,$0,$0,$12,$0,$12,$0,$9,$14,$0,$14,$0,$0,$0,$0,$14,$2,$0,$0
