,Date,Stock Price,Book Value per Share,Price to Book Ratio,TTM Sales per Share,Price to Sales Ratio,TTM FCF per Share,Price to FCF Ratio,TTM Net EPS,PE Ratio,Current Assets,Current Liabilities,Current Ratio,Long Term Debt,Shareholder's Equity_x,Debt to Equity Ratio,TTM Revenue_x,TTM Gross Profit,Gross Margin,TTM Revenue_y,TTM Operating Income,Operating Margin,TTM Revenue_x,TTM EBIT,EBIT Margin,TTM Revenue_y,TTM EBITDA,EBITDA Margin,TTM Revenue_x,TTM Pre-Tax Income,Pre-Tax Margin,TTM Revenue_y,TTM Net Income_x,Net Margin,TTM Net Income_y,Shareholder's Equity_y,Return on Equity,TTM Net Income_x,Tangible Equity,Return on Tangible Equity,TTM Net Income_y,Total Assets,Return on Assets,TTM Net Income,LT Investments & Debt,Return on Investment,revenue,cost-goods-sold,gross-profit,research-development-expenses,selling-general-administrative-expenses,operating-expenses,operating-income,total-non-operating-income-expense,pre-tax-income,total-provision-income-taxes,income-after-taxes,income-from-continuous-operations,net-income,ebitda,ebit,basic-shares-outstanding,shares-outstanding,eps-basic-net-earnings-per-share,eps-earnings-per-share-diluted,cash-on-hand,inventory,other-current-assets,total-current-assets,net-property-plant-equipment,long-term-investments,goodwill-intangible-assets-total,other-long-term-assets,total-long-term-assets,total-assets,total-current-liabilities,long-term-debt,other-non-current-liabilities,total-long-term-liabilities,total-liabilities,common-stock-net,retained-earnings-accumulated-deficit,comprehensive-income,total-share-holder-equity,total-liabilities-share-holders-equity,net-income-loss,total-depreciation-amortization-cash-flow,other-non-cash-items,total-non-cash-items,change-in-accounts-receivable,change-in-inventories,change-in-accounts-payable,change-in-assets-liabilities,total-change-in-assets-liabilities,cash-flow-from-operating-activities,net-change-in-property-plant-equipment,net-change-in-intangible-assets,net-acquisitions-divestitures,net-change-in-short-term-investments,net-change-in-long-term-investments,net-change-in-investments-total,investing-activities-other,cash-flow-from-investing-activities,net-long-term-debt,net-current-debt,debt-issuance-retirement-net-total,net-common-equity-issued-repurchased,net-total-equity-issued-repurchased,total-common-preferred-stock-dividends-paid,financial-activities-other,cash-flow-from-financial-activities,net-cash-flow,stock-based-compensation,common-stock-dividends-paid
0,2018-09-30,76.31,$26.84,2.84,$58.25,1.31,$11.19,6.82,$-1.57,0.0,$0.70B,$0.51B,1.37,$0.25B,$0.49B,0.52,$1.10B,$0.40B,36.16%,$1.10B,$0.05B,4.83%,$1.10B,$0.05B,4.83%,$1.10B,$0.13B,11.48%,$1.10B,$0.03B,3.01%,$1.10B,$-0.03B,-2.73%,$-0.03B,$0.49B,-6.04%,$-0.03B,$0.04B,-51.72%,$-0.03B,$1.33B,-2.25%,$0.05B,$0.74B,7.11%,$266,$170,$96,$14,$62,$250,$16,$-5,$11,$2,$9,$9,$9,$33,$16,$18,19,$0.52,$0.50,$86,$344,$0,$702,$120,$0,$450,$56,$626,$1328,$511,$251,$64,$330,$841,$157,$344,$-14,$487,$1328,$9,$16,$2,$18,$-9,$-29,$9,$-3,$-31,$-3,$-8,$-4,$-18,$0,$0,$0,$0,$-31,$-0,$53,$53,$-6,$-6,$0,$-13,$35,$2,$5,$0
1,2018-06-30,77.33,$27.14,2.85,$57.17,1.35,$12.34,6.27,$-1.55,0.0,$0.65B,$0.44B,1.47,$0.25B,$0.49B,0.51,$1.09B,$0.39B,36.00%,$1.09B,$0.06B,5.14%,$1.09B,$0.06B,5.14%,$1.09B,$0.14B,12.40%,$1.09B,$0.04B,3.40%,$1.09B,$-0.03B,-2.66%,$-0.03B,$0.49B,-5.60%,$-0.03B,$0.06B,-34.22%,$-0.03B,$1.26B,-2.17%,$0.06B,$0.74B,7.33%,$287,$186,$101,$15,$64,$277,$11,$-5,$6,$1,$5,$5,$5,$27,$11,$19,19,$0.22,$0.25,$85,$314,$0,$651,$116,$0,$434,$55,$605,$1256,$443,$249,$59,$323,$766,$169,$335,$-15,$489,$1256,$-29,$78,$63,$141,$11,$-59,$25,$44,$21,$133,$-43,$-2,$-104,$0,$0,$0,$0,$-149,$-2,$10,$8,$-56,$-56,$0,$-21,$-68,$-85,$24,$0
2,2018-03-31,65.27,$26.70,2.44,$54.53,1.2,$9.82,6.64,$-1.74,0.0,$0.78B,$0.56B,1.39,$0.25B,$0.48B,0.51,$1.05B,$0.38B,35.86%,$1.05B,$0.05B,4.55%,$1.05B,$0.05B,4.55%,$1.05B,$0.13B,12.52%,$1.05B,$0.03B,2.85%,$1.05B,$-0.03B,-3.04%,$-0.03B,$0.48B,-5.95%,$-0.03B,$0.04B,-25.96%,$-0.03B,$1.40B,-2.40%,$0.05B,$0.73B,6.13%,$267,$170,$98,$16,$60,$260,$8,$-5,$3,$1,$3,$3,$3,$24,$8,$19,19,$0.14,$0.13,$194,$304,$0,$776,$114,$0,$448,$56,$620,$1396,$558,$247,$66,$355,$914,$167,$330,$-14,$482,$1396,$-34,$62,$78,$140,$7,$-49,$20,$32,$10,$116,$-36,$-2,$-103,$0,$0,$0,$0,$-142,$-1,$125,$124,$-53,$-53,$0,$-21,$50,$24,$18,$0
3,2017-12-31,64.38,$27.93,2.3,$53.14,1.21,$7.74,8.32,$-1.15,0.0,$0.73B,$0.47B,1.56,$0.25B,$0.53B,0.46,$1.03B,$0.37B,35.47%,$1.03B,$0.06B,5.81%,$1.03B,$0.06B,5.81%,$1.03B,$0.15B,14.05%,$1.03B,$0.05B,4.46%,$1.03B,$-0.02B,-2.03%,$-0.02B,$0.53B,-3.78%,$-0.02B,$0.11B,-12.92%,$-0.02B,$1.35B,-1.63%,$0.06B,$0.78B,7.51%,$278,$176,$102,$15,$60,$259,$18,$-5,$13,$60,$-47,$-47,$-47,$42,$18,$19,19,$-2.47,$-2.47,$212,$281,$0,$733,$143,$0,$425,$44,$614,$1347,$471,$245,$62,$346,$817,$218,$327,$-15,$530,$1347,$-37,$46,$66,$112,$12,$-22,$-7,$25,$9,$85,$-32,$-1,$-84,$0,$0,$0,$0,$-118,$-1,$92,$91,$4,$4,$0,$-20,$75,$42,$12,$0
4,2017-09-30,91.37,$30.14,3.03,$50.85,1.8,$5.67,16.11,$1.57,58.2,$0.70B,$0.46B,1.52,$0.24B,$0.57B,0.43,$1.00B,$0.35B,34.80%,$1.00B,$0.05B,5.12%,$1.00B,$0.05B,5.12%,$1.00B,$0.13B,12.84%,$1.00B,$0.04B,4.01%,$1.00B,$0.03B,3.11%,$0.03B,$0.57B,5.54%,$0.03B,$0.14B,17.22%,$0.03B,$1.35B,2.44%,$0.05B,$0.82B,6.87%,$257,$166,$91,$15,$56,$238,$19,$-4,$15,$5,$10,$10,$10,$42,$19,$19,20,$0.54,$0.52,$192,$271,$0,$701,$151,$0,$428,$42,$651,$1352,$461,$243,$55,$319,$780,$213,$374,$-16,$571,$1352,$10,$22,$11,$34,$16,$-10,$7,$-22,$-9,$35,$-24,$-1,$-84,$0,$0,$0,$0,$-109,$-1,$111,$110,$4,$4,$0,$-19,$95,$22,$5,$0
5,2017-06-30,75.15,$30.46,2.47,$49.00,1.53,$4.85,15.49,$1.08,69.58,$0.65B,$0.35B,1.89,$0.24B,$0.57B,0.43,$0.96B,$0.32B,33.71%,$0.96B,$0.03B,3.54%,$0.96B,$0.03B,3.54%,$0.96B,$0.10B,10.82%,$0.96B,$0.03B,2.71%,$0.96B,$0.02B,2.29%,$0.02B,$0.57B,3.97%,$0.02B,$0.21B,11.72%,$0.02B,$1.23B,1.77%,$0.03B,$0.81B,5.03%,$252,$166,$87,$11,$48,$250,$3,$-4,$-1,$-3,$2,$2,$2,$24,$3,$19,20,$0.09,$0.07,$170,$249,$0,$653,$142,$0,$361,$75,$577,$1230,$346,$242,$52,$315,$661,$223,$364,$-17,$569,$1230,$21,$71,$28,$99,$-44,$31,$3,$-46,$-57,$63,$-17,$-5,$-178,$0,$0,$0,$0,$-201,$276,$-22,$254,$-41,$-41,$0,$-10,$204,$65,$26,$0
6,2017-03-31,72.99,$29.68,2.46,$47.21,1.55,$4.60,15.87,$1.30,56.15,$0.66B,$0.35B,1.89,$0.24B,$0.55B,0.43,$0.93B,$0.31B,33.12%,$0.93B,$0.04B,4.30%,$0.93B,$0.04B,4.30%,$0.93B,$0.10B,11.18%,$0.93B,$0.04B,3.76%,$0.93B,$0.03B,2.80%,$0.03B,$0.55B,4.76%,$0.03B,$0.19B,11.50%,$0.03B,$1.24B,2.19%,$0.04B,$0.79B,6.55%,$245,$159,$86,$14,$49,$225,$20,$-0,$19,$5,$14,$14,$14,$37,$20,$19,20,$0.74,$0.72,$158,$267,$0,$657,$161,$0,$362,$39,$579,$1236,$348,$240,$65,$333,$681,$216,$359,$-20,$554,$1236,$20,$50,$25,$75,$-21,$26,$7,$-54,$-42,$52,$-12,$-4,$-178,$0,$0,$0,$0,$-194,$278,$-32,$246,$-39,$-39,$0,$-10,$197,$54,$20,$0
7,2016-12-31,76.12,$28.50,2.67,$45.22,1.68,$4.11,18.53,$1.05,72.5,$0.65B,$0.61B,1.07,$0.01B,$0.54B,0.01,$0.90B,$0.29B,32.59%,$0.90B,$0.03B,3.68%,$0.90B,$0.03B,3.68%,$0.90B,$0.10B,10.60%,$0.90B,$0.03B,3.24%,$0.90B,$0.02B,2.34%,$0.02B,$0.54B,3.88%,$0.02B,$0.18B,7.90%,$0.02B,$1.26B,1.83%,$0.03B,$0.55B,6.04%,$243,$160,$83,$13,$52,$234,$9,$-2,$7,$2,$5,$5,$5,$25,$9,$19,20,$0.25,$0.25,$138,$284,$0,$653,$167,$0,$369,$35,$605,$1258,$612,$5,$68,$102,$714,$222,$344,$-22,$544,$1258,$6,$32,$20,$52,$-13,$14,$-1,$-42,$-39,$18,$-4,$-3,$-189,$0,$0,$0,$0,$-196,$-1,$224,$223,$-1,$-1,$0,$-9,$213,$34,$14,$0
8,2016-09-30,65.38,$28.89,2.26,$42.56,1.54,$4.12,15.89,$0.81,80.72,$0.64B,$0.60B,1.06,$0.01B,$0.55B,0.01,$0.85B,$0.28B,32.59%,$0.85B,$0.03B,2.94%,$0.85B,$0.03B,2.94%,$0.85B,$0.09B,10.00%,$0.85B,$0.02B,2.59%,$0.85B,$0.02B,1.88%,$0.02B,$0.55B,2.93%,$0.02B,$0.18B,4.90%,$0.02B,$1.25B,1.48%,$0.03B,$0.55B,4.52%,$221,$153,$68,$12,$44,$219,$2,$-1,$1,$0,$1,$1,$1,$18,$2,$19,20,$0.04,$0.03,$123,$290,$0,$636,$179,$0,$372,$32,$617,$1253,$601,$6,$70,$105,$706,$225,$340,$-18,$547,$1253,$1,$15,$12,$27,$-11,$11,$-9,$-15,$-29,$-2,$-3,$-2,$-187,$0,$0,$0,$0,$-192,$-0,$214,$214,$-1,$-1,$0,$-0,$213,$19,$6,$0
9,2016-06-30,58.13,$28.60,2.03,$41.05,1.42,$5.44,10.68,$1.31,44.37,$0.56B,$0.37B,1.51,$0.01B,$0.54B,0.01,$0.83B,$0.28B,33.41%,$0.83B,$0.04B,4.70%,$0.83B,$0.04B,4.70%,$0.83B,$0.10B,11.70%,$0.83B,$0.04B,4.34%,$0.83B,$0.03B,3.14%,$0.03B,$0.54B,4.72%,$0.03B,$0.36B,6.72%,$0.03B,$0.99B,2.54%,$0.04B,$0.55B,6.99%,$221,$151,$71,$12,$44,$213,$9,$-1,$8,$2,$6,$6,$6,$24,$9,$19,20,$0.31,$0.29,$104,$273,$0,$555,$183,$0,$179,$31,$436,$992,$368,$6,$48,$83,$451,$219,$339,$-17,$541,$992,$26,$58,$20,$78,$37,$-38,$7,$-51,$-45,$59,$-18,$-6,$-20,$0,$0,$0,$0,$-43,$-2,$125,$123,$-67,$-67,$0,$-14,$42,$57,$21,$0
10,2016-03-31,65.49,$28.16,2.33,$43.01,1.52,$7.75,8.45,$2.10,31.19,$0.65B,$0.41B,1.59,$0.01B,$0.53B,0.01,$0.88B,$0.30B,33.71%,$0.88B,$0.06B,6.97%,$0.88B,$0.06B,6.97%,$0.88B,$0.12B,13.37%,$0.88B,$0.06B,6.63%,$0.88B,$0.04B,4.80%,$0.04B,$0.53B,7.48%,$0.04B,$0.35B,10.38%,$0.04B,$1.08B,4.16%,$0.06B,$0.54B,10.72%,$211,$141,$70,$13,$39,$197,$13,$-1,$13,$3,$9,$9,$9,$28,$13,$19,20,$0.48,$0.47,$97,$291,$0,$645,$187,$0,$181,$63,$430,$1075,$406,$7,$62,$137,$543,$212,$333,$-13,$532,$1075,$20,$43,$24,$66,$21,$-54,$22,$-36,$-46,$40,$-9,$-4,$-20,$0,$0,$0,$0,$-33,$-2,$125,$123,$-67,$-67,$0,$-13,$43,$50,$14,$0
11,2015-12-31,88.66,$28.73,3.09,$42.93,2.07,$9.96,8.9,$2.27,39.06,$0.61B,$0.31B,1.99,$0.01B,$0.57B,0.01,$0.88B,$0.30B,33.90%,$0.88B,$0.07B,7.51%,$0.88B,$0.07B,7.51%,$0.88B,$0.12B,13.77%,$0.88B,$0.06B,7.17%,$0.88B,$0.05B,5.23%,$0.05B,$0.57B,8.10%,$0.05B,$0.42B,10.97%,$0.05B,$1.01B,4.64%,$0.07B,$0.58B,11.46%,$197,$129,$68,$13,$43,$197,$1,$-1,$0,$0,$0,$0,$0,$15,$1,$20,20,$0.01,$0.01,$80,$281,$0,$607,$192,$0,$149,$62,$403,$1010,$306,$7,$64,$137,$443,$257,$324,$-13,$568,$1010,$11,$28,$19,$47,$19,$-45,$16,$-28,$-38,$20,$-5,$-3,$-2,$0,$0,$0,$0,$-10,$-1,$55,$54,$-18,$-18,$0,$-13,$23,$32,$9,$0
12,2015-09-30,76.96,$28.59,2.69,$45.84,1.68,$11.91,6.46,$3.15,24.43,$0.60B,$0.31B,1.93,$0.01B,$0.56B,0.01,$0.94B,$0.32B,33.94%,$0.94B,$0.09B,9.68%,$0.94B,$0.09B,9.68%,$0.94B,$0.15B,15.53%,$0.94B,$0.09B,9.36%,$0.94B,$0.06B,6.81%,$0.06B,$0.56B,11.41%,$0.06B,$0.42B,15.49%,$0.06B,$1.02B,6.38%,$0.09B,$0.57B,15.97%,$200,$132,$68,$12,$40,$184,$16,$-1,$15,$4,$11,$11,$11,$30,$16,$20,20,$0.55,$0.53,$81,$260,$0,$596,$208,$0,$148,$63,$419,$1015,$309,$8,$69,$142,$451,$252,$324,$-12,$564,$1015,$11,$14,$4,$18,$13,$-24,$24,$-15,$-4,$25,$-3,$-1,$-1,$0,$0,$0,$0,$-4,$-1,$45,$44,$-18,$-18,$0,$-13,$13,$33,$4,$0
13,2015-06-30,70.79,$29.51,2.4,$46.70,1.52,$12.19,5.8,$3.17,22.33,$0.50B,$0.24B,2.06,$0.01B,$0.58B,0.02,$0.96B,$0.33B,33.92%,$0.96B,$0.09B,9.60%,$0.96B,$0.09B,9.60%,$0.96B,$0.15B,15.66%,$0.96B,$0.09B,9.29%,$0.96B,$0.06B,6.68%,$0.06B,$0.58B,11.63%,$0.06B,$0.43B,15.86%,$0.06B,$0.94B,6.36%,$0.09B,$0.59B,16.43%,$267,$177,$89,$13,$42,$236,$31,$-1,$30,$8,$22,$22,$22,$44,$31,$20,21,$1.13,$1.09,$48,$230,$0,$497,$226,$0,$149,$66,$441,$937,$242,$9,$75,$114,$356,$279,$313,$-10,$582,$937,$65,$59,$21,$80,$7,$0,$-15,$-42,$-40,$105,$-15,$-6,$-14,$0,$0,$0,$0,$-35,$-2,$-24,$-26,$-27,$-27,$0,$-7,$-60,$9,$23,$0
14,2015-03-31,74.26,$28.13,2.64,$46.35,1.6,$11.44,6.49,$3.15,23.57,$0.58B,$0.29B,2.04,$0.01B,$0.56B,0.02,$0.95B,$0.32B,33.86%,$0.95B,$0.09B,9.67%,$0.95B,$0.09B,9.67%,$0.95B,$0.15B,15.88%,$0.95B,$0.09B,9.36%,$0.95B,$0.06B,6.73%,$0.06B,$0.56B,11.90%,$0.06B,$0.41B,16.23%,$0.06B,$1.01B,6.24%,$0.09B,$0.57B,16.78%,$215,$143,$73,$13,$38,$197,$18,$-1,$18,$4,$13,$13,$13,$32,$18,$20,21,$0.67,$0.64,$49,$265,$0,$581,$228,$0,$147,$50,$425,$1006,$285,$9,$86,$163,$449,$278,$290,$-12,$557,$1006,$43,$45,$24,$69,$20,$-29,$14,$-29,$-24,$88,$-10,$-5,$-15,$0,$0,$0,$0,$-30,$-1,$-18,$-19,$-20,$-20,$0,$-7,$-46,$10,$18,$0
15,2014-12-31,70.77,$27.35,2.59,$45.78,1.55,$11.35,6.24,$2.74,25.83,$0.62B,$0.34B,1.83,$0.01B,$0.54B,0.02,$0.94B,$0.32B,34.04%,$0.94B,$0.09B,9.79%,$0.94B,$0.09B,9.79%,$0.94B,$0.15B,16.06%,$0.94B,$0.09B,9.36%,$0.94B,$0.06B,5.96%,$0.06B,$0.54B,10.68%,$0.06B,$0.39B,14.58%,$0.06B,$1.06B,5.55%,$0.09B,$0.55B,17.20%,$258,$169,$89,$13,$48,$232,$26,$-1,$25,$7,$18,$18,$18,$40,$26,$20,20,$0.92,$0.89,$45,$264,$0,$619,$240,$0,$147,$50,$437,$1057,$339,$9,$93,$177,$515,$272,$277,$-8,$541,$1057,$29,$32,$13,$45,$0,$-29,$19,$-4,$-14,$61,$-6,$-3,$-15,$0,$0,$0,$0,$-25,$-1,$-1,$-2,$-21,$-21,$0,$-7,$-29,$6,$12,$0
16,2014-09-30,63.48,$26.37,2.41,$44.68,1.42,$10.30,6.16,$2.56,24.8,$0.58B,$0.32B,1.81,$0.01B,$0.52B,0.02,$0.92B,$0.31B,33.99%,$0.92B,$0.09B,9.59%,$0.92B,$0.09B,9.59%,$0.92B,$0.15B,16.01%,$0.92B,$0.08B,9.15%,$0.92B,$0.05B,5.77%,$0.05B,$0.52B,10.35%,$0.05B,$0.38B,14.11%,$0.05B,$1.03B,5.42%,$0.09B,$0.53B,16.81%,$218,$144,$74,$13,$44,$202,$17,$-1,$16,$5,$11,$11,$11,$34,$17,$20,21,$0.57,$0.55,$37,$264,$0,$583,$250,$0,$145,$50,$445,$1028,$322,$11,$99,$184,$506,$269,$259,$-5,$522,$1028,$11,$18,$6,$24,$30,$-29,$3,$-3,$-4,$31,$-3,$-1,$-11,$0,$0,$0,$0,$-15,$-0,$6,$6,$-18,$-18,$0,$-7,$-19,$-2,$6,$0
17,2014-06-30,66.75,$26.69,2.5,$44.05,1.52,$8.84,7.55,$2.32,28.77,$0.57B,$0.30B,1.87,$0.01B,$0.53B,0.02,$0.91B,$0.31B,33.77%,$0.91B,$0.08B,8.94%,$0.91B,$0.08B,8.94%,$0.91B,$0.14B,15.01%,$0.91B,$0.08B,8.50%,$0.91B,$0.05B,5.30%,$0.05B,$0.53B,9.55%,$0.05B,$0.40B,12.98%,$0.05B,$1.01B,5.00%,$0.08B,$0.54B,15.74%,$260,$174,$86,$12,$40,$229,$31,$-1,$30,$8,$22,$22,$22,$45,$31,$20,21,$1.11,$1.08,$39,$234,$0,$566,$260,$0,$136,$48,$445,$1011,$303,$10,$93,$176,$479,$287,$248,$-3,$532,$1011,$48,$54,$30,$84,$26,$-21,$-26,$21,$-3,$129,$-55,$-6,$-12,$0,$0,$0,$0,$-72,$-0,$-35,$-35,$-11,$-11,$0,$-9,$-54,$4,$17,$0
18,2014-03-31,59.86,$25.16,2.38,$42.49,1.41,$0.42,143.45,$1.83,32.71,$0.52B,$0.27B,1.94,$0.01B,$0.50B,0.02,$0.87B,$0.31B,35.13%,$0.87B,$0.08B,8.70%,$0.87B,$0.08B,8.70%,$0.87B,$0.13B,14.53%,$0.87B,$0.07B,8.24%,$0.87B,$0.04B,4.35%,$0.04B,$0.50B,7.77%,$0.04B,$0.37B,10.55%,$0.04B,$0.94B,4.02%,$0.08B,$0.51B,15.17%,$204,$133,$71,$11,$39,$186,$18,$-1,$17,$12,$5,$5,$5,$32,$18,$20,21,$0.24,$0.23,$40,$239,$0,$516,$266,$0,$133,$25,$424,$940,$266,$11,$104,$172,$438,$280,$226,$-4,$502,$940,$26,$40,$41,$81,$68,$-29,$-27,$4,$17,$124,$-48,$-4,$-12,$0,$0,$0,$0,$-64,$0,$-37,$-37,$-11,$-11,$0,$-8,$-56,$5,$14,$0
19,2013-12-31,53.11,$24.75,2.15,$42.22,1.26,$-7.26,0.0,$2.26,23.5,$0.51B,$0.29B,1.77,$0.01B,$0.49B,0.02,$0.87B,$0.31B,35.48%,$0.87B,$0.08B,8.87%,$0.87B,$0.08B,8.87%,$0.87B,$0.12B,13.94%,$0.87B,$0.07B,8.41%,$0.87B,$0.05B,5.41%,$0.05B,$0.49B,9.82%,$0.05B,$0.36B,13.33%,$0.05B,$0.94B,5.09%,$0.08B,$0.51B,15.71%,$236,$155,$81,$11,$46,$214,$22,$-2,$21,$6,$15,$15,$15,$36,$22,$20,21,$0.73,$0.71,$40,$220,$0,$506,$271,$0,$132,$26,$429,$935,$286,$12,$144,$156,$442,$277,$221,$-4,$493,$935,$21,$26,$12,$38,$47,$-9,$-33,$11,$16,$75,$-42,$-2,$-10,$0,$0,$0,$0,$-54,$1,$1,$2,$-11,$-11,$0,$-8,$-17,$5,$11,$0
20,2013-09-30,74.38,$24.15,3.08,$40.15,1.85,$-11.54,0.0,$2.15,34.6,$0.55B,$0.31B,1.79,$0.01B,$0.48B,0.03,$0.83B,$0.30B,35.96%,$0.83B,$0.07B,8.96%,$0.83B,$0.07B,8.96%,$0.83B,$0.11B,13.32%,$0.83B,$0.07B,8.35%,$0.83B,$0.04B,5.33%,$0.04B,$0.48B,9.38%,$0.04B,$0.35B,12.73%,$0.04B,$0.95B,4.92%,$0.07B,$0.50B,15.39%,$206,$138,$68,$11,$42,$196,$10,$-1,$9,$3,$6,$6,$6,$23,$10,$20,21,$0.32,$0.31,$37,$228,$0,$548,$249,$0,$131,$24,$405,$953,$306,$12,$150,$162,$468,$283,$206,$-5,$484,$953,$6,$13,$6,$19,$6,$-16,$-3,$-3,$-19,$6,$-8,$-2,$-9,$0,$0,$0,$0,$-19,$2,$20,$22,$-0,$-0,$0,$-7,$14,$2,$6,$0
21,2013-06-30,64.42,$24.03,2.68,$38.98,1.65,$-12.44,0.0,$2.15,29.96,$0.54B,$0.30B,1.82,$0.01B,$0.48B,0.02,$0.80B,$0.29B,36.16%,$0.80B,$0.07B,9.23%,$0.80B,$0.07B,9.23%,$0.80B,$0.10B,12.72%,$0.80B,$0.07B,8.60%,$0.80B,$0.04B,5.49%,$0.04B,$0.48B,9.60%,$0.04B,$0.36B,13.02%,$0.04B,$0.95B,5.16%,$0.07B,$0.49B,15.74%,$228,$141,$87,$13,$45,$202,$26,$-1,$25,$13,$12,$12,$12,$36,$26,$20,21,$0.59,$0.58,$35,$206,$0,$543,$249,$0,$120,$40,$410,$953,$298,$11,$119,$176,$474,$285,$200,$-6,$478,$953,$44,$28,$27,$55,$-54,$-13,$40,$4,$-40,$59,$-157,$-4,$-6,$0,$0,$0,$0,$-168,$10,$59,$69,$-7,$-7,$0,$-10,$51,$-57,$16,$0
22,2013-03-31,62.29,$23.01,2.71,$39.47,1.58,$-5.08,0.0,$2.35,26.51,$0.47B,$0.26B,1.85,$0.01B,$0.46B,0.02,$0.81B,$0.28B,35.11%,$0.81B,$0.07B,8.65%,$0.81B,$0.07B,8.65%,$0.81B,$0.09B,11.50%,$0.81B,$0.06B,7.91%,$0.81B,$0.05B,5.93%,$0.05B,$0.46B,10.73%,$0.05B,$0.34B,14.68%,$0.05B,$0.86B,5.99%,$0.07B,$0.47B,15.31%,$198,$127,$72,$12,$38,$179,$19,$-1,$18,$5,$14,$14,$14,$26,$19,$20,21,$0.68,$0.66,$48,$198,$0,$472,$239,$0,$121,$24,$383,$856,$256,$11,$130,$141,$397,$278,$188,$-7,$459,$856,$32,$18,$14,$32,$-15,$-5,$25,$-0,$-7,$57,$-139,$-4,$-6,$0,$0,$0,$0,$-149,$10,$55,$65,$-6,$-6,$0,$-10,$49,$-44,$11,$0
23,2012-12-31,64.04,$22.74,2.82,$40.02,1.6,$0.97,66.14,$2.31,27.72,$0.45B,$0.21B,2.18,$0.01B,$0.46B,0.03,$0.82B,$0.28B,34.31%,$0.82B,$0.07B,8.42%,$0.82B,$0.07B,8.42%,$0.82B,$0.09B,10.99%,$0.82B,$0.06B,7.69%,$0.82B,$0.05B,5.74%,$0.05B,$0.46B,10.74%,$0.05B,$0.33B,14.71%,$0.05B,$0.81B,6.12%,$0.07B,$0.47B,15.51%,$194,$124,$70,$12,$37,$175,$19,$-1,$17,$5,$12,$12,$12,$25,$19,$20,21,$0.62,$0.60,$47,$205,$0,$447,$223,$0,$121,$23,$367,$814,$205,$12,$142,$153,$359,$281,$174,$0,$455,$814,$19,$11,$8,$19,$18,$-7,$38,$-6,$25,$63,$-118,$-2,$-6,$0,$0,$0,$0,$-125,$11,$15,$26,$-7,$-7,$0,$-2,$16,$-45,$7,$0
24,2012-09-30,77.84,$22.13,3.52,$39.89,1.95,$3.80,20.51,$2.32,33.55,$0.46B,$0.18B,2.5,$0.01B,$0.44B,0.03,$0.81B,$0.28B,34.07%,$0.81B,$0.07B,8.36%,$0.81B,$0.07B,8.36%,$0.81B,$0.09B,10.82%,$0.81B,$0.06B,7.87%,$0.81B,$0.05B,5.78%,$0.05B,$0.44B,11.09%,$0.05B,$0.32B,15.24%,$0.05B,$0.79B,6.52%,$0.07B,$0.46B,15.85%,$182,$120,$61,$11,$40,$172,$10,$-1,$9,$3,$6,$6,$6,$15,$10,$20,21,$0.32,$0.31,$74,$195,$0,$455,$173,$0,$121,$38,$332,$787,$182,$12,$150,$162,$344,$280,$162,$1,$442,$787,$6,$5,$4,$9,$11,$2,$28,$-9,$27,$42,$-63,$-1,$-2,$0,$0,$0,$0,$-66,$11,$0,$11,$2,$2,$0,$-9,$5,$-18,$4,$0
25,2012-06-30,63.34,$21.90,2.89,$39.09,1.62,$5.13,12.36,$2.25,28.15,$0.48B,$0.16B,3.01,$0.00B,$0.43B,0.01,$0.79B,$0.27B,33.96%,$0.79B,$0.07B,8.33%,$0.79B,$0.07B,8.33%,$0.79B,$0.09B,10.73%,$0.79B,$0.06B,7.83%,$0.79B,$0.05B,5.81%,$0.05B,$0.43B,11.21%,$0.05B,$0.31B,15.44%,$0.05B,$0.75B,6.83%,$0.07B,$0.44B,15.97%,$235,$154,$81,$14,$44,$213,$22,$-2,$20,$4,$16,$16,$16,$27,$22,$20,20,$0.82,$0.77,$91,$195,$0,$483,$112,$0,$120,$35,$267,$750,$161,$2,$153,$155,$316,$283,$156,$-4,$434,$750,$46,$20,$10,$31,$-17,$-25,$-13,$102,$44,$121,$-68,$-5,$-8,$0,$0,$0,$0,$-81,$-0,$0,$-0,$1,$1,$0,$-2,$-2,$36,$9,$0
26,2012-03-31,61.3,$21.08,2.91,$36.90,1.66,$3.93,15.59,$2.08,29.47,$0.49B,$0.16B,3.14,$0.00B,$0.42B,0.01,$0.74B,$0.26B,34.86%,$0.74B,$0.06B,8.24%,$0.74B,$0.06B,8.24%,$0.74B,$0.08B,10.81%,$0.74B,$0.06B,7.97%,$0.74B,$0.04B,5.68%,$0.04B,$0.42B,10.55%,$0.04B,$0.31B,14.50%,$0.04B,$0.72B,6.64%,$0.06B,$0.42B,15.21%,$208,$139,$69,$13,$37,$190,$18,$-1,$17,$5,$13,$13,$13,$23,$18,$20,20,$0.63,$0.62,$91,$202,$0,$486,$91,$0,$111,$34,$236,$722,$155,$3,$146,$148,$303,$279,$140,$-0,$419,$722,$30,$15,$5,$20,$-21,$-33,$-3,$95,$36,$86,$-44,$-3,$-3,$0,$0,$0,$0,$-50,$-0,$0,$-0,$3,$3,$0,$-2,$1,$35,$5,$0
27,2011-12-31,48.78,$20.29,2.4,$35.59,1.37,$2.75,17.75,$1.91,25.54,$0.44B,$0.18B,2.48,$0.00B,$0.40B,0.01,$0.71B,$0.25B,35.50%,$0.71B,$0.06B,7.78%,$0.71B,$0.06B,7.78%,$0.71B,$0.07B,10.33%,$0.71B,$0.05B,7.64%,$0.71B,$0.04B,5.37%,$0.04B,$0.40B,9.92%,$0.04B,$0.29B,13.76%,$0.04B,$0.63B,6.44%,$0.06B,$0.40B,14.26%,$188,$122,$66,$12,$36,$170,$18,$-1,$18,$5,$12,$12,$12,$23,$18,$20,20,$0.62,$0.61,$53,$206,$0,$440,$59,$0,$110,$16,$185,$625,$178,$3,$44,$47,$225,$276,$127,$-3,$400,$625,$17,$10,$3,$13,$-10,$-38,$22,$14,$-18,$12,$-9,$-2,$-3,$0,$0,$0,$0,$-14,$-0,$0,$-0,$0,$0,$0,$0,$0,$-3,$3,$0
28,2011-09-30,33.52,$19.81,1.69,$34.99,0.96,$3.34,10.02,$1.77,18.94,$0.42B,$0.16B,2.58,$0.00B,$0.39B,0.01,$0.69B,$0.25B,35.61%,$0.69B,$0.05B,7.27%,$0.69B,$0.05B,7.27%,$0.69B,$0.07B,9.88%,$0.69B,$0.05B,7.12%,$0.69B,$0.04B,5.09%,$0.04B,$0.39B,9.50%,$0.04B,$0.28B,13.28%,$0.04B,$0.60B,6.18%,$0.05B,$0.39B,13.47%,$161,$108,$53,$11,$34,$154,$8,$-1,$7,$2,$5,$5,$5,$12,$8,$20,20,$0.24,$0.24,$58,$188,$0,$418,$56,$0,$109,$16,$180,$598,$162,$3,$44,$47,$209,$275,$115,$-1,$389,$598,$5,$5,$2,$6,$6,$-17,$5,$9,$-1,$10,$-3,$-1,$-3,$0,$0,$0,$0,$-7,$-0,$0,$-0,$1,$1,$0,$0,$1,$3,$2,$0
29,2011-06-30,43.0,$19.73,2.18,$33.69,1.28,$3.40,12.64,$1.71,25.15,$0.41B,$0.16B,2.52,$0.00B,$0.39B,0.01,$0.66B,$0.24B,36.49%,$0.66B,$0.05B,7.18%,$0.66B,$0.05B,7.18%,$0.66B,$0.07B,10.08%,$0.66B,$0.05B,7.18%,$0.66B,$0.03B,5.04%,$0.03B,$0.39B,9.34%,$0.03B,$0.28B,13.19%,$0.03B,$0.59B,6.06%,$0.05B,$0.39B,13.03%,$183,$113,$70,$12,$40,$166,$17,$-1,$17,$5,$12,$12,$12,$22,$17,$19,20,$0.64,$0.61,$56,$170,$0,$405,$55,$0,$104,$21,$180,$585,$161,$3,$36,$39,$200,$273,$110,$2,$385,$585,$33,$19,$17,$35,$-3,$-40,$14,$-1,$-29,$40,$-13,$-4,$-6,$0,$0,$0,$0,$-24,$-33,$0,$-33,$17,$17,$0,$0,$-16,$4,$6,$0
30,2011-03-31,37.53,$18.77,2.0,$33.30,1.13,$3.89,9.66,$1.52,24.69,$0.37B,$0.16B,2.38,$0.00B,$0.36B,0.01,$0.64B,$0.23B,36.58%,$0.64B,$0.04B,6.75%,$0.64B,$0.04B,6.75%,$0.64B,$0.06B,9.89%,$0.64B,$0.04B,6.75%,$0.64B,$0.03B,4.55%,$0.03B,$0.36B,8.64%,$0.03B,$0.25B,12.37%,$0.03B,$0.55B,5.50%,$0.04B,$0.36B,12.36%,$175,$113,$62,$12,$37,$163,$12,$1,$12,$4,$9,$9,$9,$16,$12,$19,20,$0.46,$0.45,$40,$160,$0,$372,$52,$0,$104,$24,$180,$552,$157,$3,$35,$38,$195,$259,$98,$1,$358,$552,$21,$14,$6,$20,$-2,$-31,$24,$-7,$-16,$25,$-8,$-3,$-6,$0,$0,$0,$0,$-16,$-33,$0,$-33,$10,$10,$0,$0,$-23,$-12,$4,$0
31,2010-12-31,36.36,$18.14,2.0,$32.16,1.13,$4.48,8.11,$1.40,25.97,$0.36B,$0.15B,2.38,$0.00B,$0.34B,0.01,$0.61B,$0.22B,36.90%,$0.61B,$0.04B,6.43%,$0.61B,$0.04B,6.43%,$0.61B,$0.06B,9.88%,$0.61B,$0.04B,6.59%,$0.61B,$0.03B,4.28%,$0.03B,$0.34B,8.06%,$0.03B,$0.24B,11.65%,$0.03B,$0.53B,5.07%,$0.04B,$0.35B,11.42%,$169,$109,$60,$12,$34,$156,$13,$-1,$13,$4,$9,$9,$9,$18,$13,$19,19,$0.49,$0.47,$35,$155,$0,$357,$51,$0,$103,$19,$173,$530,$150,$3,$35,$38,$188,$255,$89,$-2,$342,$530,$13,$9,$3,$12,$7,$-27,$23,$-3,$-5,$19,$-5,$-2,$-5,$0,$0,$0,$0,$-12,$-33,$0,$-33,$8,$8,$0,$0,$-25,$-17,$3,$0
32,2010-09-30,36.32,$17.62,2.06,$31.83,1.14,$4.63,7.84,$1.32,27.52,$0.34B,$0.13B,2.64,$0.02B,$0.33B,0.06,$0.59B,$0.22B,37.35%,$0.59B,$0.04B,6.28%,$0.59B,$0.04B,6.28%,$0.59B,$0.06B,9.68%,$0.59B,$0.04B,6.28%,$0.59B,$0.02B,4.07%,$0.02B,$0.33B,7.74%,$0.02B,$0.23B,11.32%,$0.02B,$0.51B,4.82%,$0.04B,$0.35B,11.01%,$128,$82,$47,$9,$32,$123,$5,$-1,$5,$1,$3,$3,$3,$10,$5,$18,19,$0.18,$0.18,$56,$147,$0,$341,$52,$0,$102,$18,$172,$513,$129,$21,$35,$56,$185,$251,$80,$-2,$329,$513,$3,$4,$1,$6,$34,$-19,$-1,$-3,$1,$10,$-2,$-1,$-2,$0,$0,$0,$0,$-5,$-7,$0,$-7,$5,$5,$0,$0,$-2,$4,$1,$0
33,2010-06-30,27.77,$17.12,1.62,$32.60,0.85,$4.74,5.86,$1.28,21.7,$0.35B,$0.15B,2.42,$0.02B,$0.31B,0.07,$0.60B,$0.22B,36.47%,$0.60B,$0.04B,6.05%,$0.60B,$0.04B,6.05%,$0.60B,$0.06B,9.24%,$0.60B,$0.04B,6.05%,$0.60B,$0.02B,4.03%,$0.02B,$0.31B,8.06%,$0.02B,$0.22B,11.96%,$0.02B,$0.51B,4.91%,$0.04B,$0.34B,11.01%,$165,$101,$64,$11,$38,$152,$13,$-1,$13,$5,$8,$8,$8,$19,$13,$18,18,$0.45,$0.42,$52,$126,$0,$349,$52,$0,$96,$16,$164,$513,$145,$23,$31,$55,$199,$244,$77,$-7,$314,$513,$24,$19,$9,$27,$-23,$20,$-5,$9,$1,$52,$-18,$-3,$-3,$0,$0,$0,$0,$-24,$-12,$-4,$-16,$13,$13,$0,$0,$-3,$27,$5,$0
34,2010-03-31,28.08,$16.72,1.68,$31.52,0.89,$4.93,5.7,$1.10,25.53,$0.33B,$0.13B,2.49,$0.03B,$0.31B,0.09,$0.57B,$0.20B,35.33%,$0.57B,$0.03B,5.27%,$0.57B,$0.03B,5.27%,$0.57B,$0.05B,8.44%,$0.57B,$0.03B,5.10%,$0.57B,$0.02B,3.51%,$0.02B,$0.31B,6.94%,$0.02B,$0.21B,10.42%,$0.02B,$0.49B,4.17%,$0.03B,$0.33B,9.32%,$145,$92,$53,$9,$35,$137,$8,$0,$9,$2,$6,$6,$6,$13,$8,$18,19,$0.34,$0.33,$46,$123,$0,$328,$51,$0,$96,$19,$166,$494,$132,$28,$29,$57,$189,$241,$69,$-4,$305,$494,$16,$13,$1,$14,$-2,$22,$-15,$11,$10,$40,$-12,$-2,$-3,$0,$0,$0,$0,$-18,$-10,$-4,$-14,$12,$12,$0,$0,$-2,$21,$4,$0
35,2009-12-31,27.28,$16.49,1.65,$32.05,0.85,$5.23,5.21,$0.92,29.65,$0.31B,$0.12B,2.58,$0.03B,$0.29B,0.11,$0.57B,$0.20B,34.86%,$0.57B,$0.03B,4.58%,$0.57B,$0.03B,4.58%,$0.57B,$0.04B,7.75%,$0.57B,$0.02B,4.23%,$0.57B,$0.02B,2.99%,$0.02B,$0.29B,6.12%,$0.02B,$0.19B,9.29%,$0.02B,$0.47B,3.58%,$0.03B,$0.32B,8.27%,$151,$94,$56,$10,$35,$140,$11,$-1,$10,$3,$7,$7,$7,$15,$11,$18,18,$0.39,$0.39,$28,$129,$0,$312,$47,$0,$97,$16,$161,$473,$121,$31,$29,$60,$181,$231,$63,$-2,$292,$473,$9,$8,$0,$9,$-6,$20,$-13,$10,$5,$23,$-7,$-1,$-3,$0,$0,$0,$0,$-11,$-10,$-4,$-14,$3,$3,$0,$0,$-10,$2,$2,$0
36,2009-09-30,18.29,$15.95,1.15,$32.75,0.56,$5.91,3.09,$0.77,23.75,$0.32B,$0.13B,2.4,$0.03B,$0.28B,0.12,$0.58B,$0.20B,34.03%,$0.58B,$0.02B,3.82%,$0.58B,$0.02B,3.82%,$0.58B,$0.04B,6.94%,$0.58B,$0.02B,3.47%,$0.58B,$0.01B,2.43%,$0.01B,$0.28B,5.19%,$0.01B,$0.18B,7.92%,$0.01B,$0.48B,2.91%,$0.02B,$0.31B,7.10%,$134,$89,$44,$8,$32,$130,$4,$-1,$4,$1,$3,$3,$3,$8,$4,$18,18,$0.14,$0.14,$25,$142,$0,$318,$42,$0,$98,$18,$157,$475,$132,$34,$29,$63,$195,$228,$56,$-4,$280,$475,$3,$4,$0,$4,$-1,$9,$-2,$3,$4,$11,$-2,$-0,$-3,$0,$0,$0,$0,$-5,$-6,$-2,$-8,$2,$2,$0,$0,$-6,$-1,$1,$0
37,2009-06-30,20.85,$15.85,1.32,$33.40,0.62,$6.10,3.42,$0.64,32.58,$0.32B,$0.14B,2.38,$0.04B,$0.28B,0.14,$0.59B,$0.20B,34.24%,$0.59B,$0.02B,3.22%,$0.59B,$0.02B,3.22%,$0.59B,$0.04B,6.27%,$0.59B,$0.02B,2.71%,$0.59B,$0.01B,1.86%,$0.01B,$0.28B,4.09%,$0.01B,$0.18B,6.23%,$0.01B,$0.48B,2.26%,$0.02B,$0.32B,6.10%,$139,$91,$48,$9,$30,$132,$7,$-1,$6,$2,$4,$4,$4,$12,$7,$18,18,$0.24,$0.23,$25,$151,$0,$323,$42,$0,$93,$17,$152,$475,$136,$40,$23,$63,$199,$225,$53,$-2,$276,$475,$11,$18,$7,$25,$31,$-18,$-15,$9,$8,$45,$-9,$-3,$0,$0,$-0,$-0,$0,$-12,$-7,$-14,$-21,$-4,$-4,$0,$0,$-25,$7,$5,$0
38,2009-03-31,15.26,$15.16,1.01,$35.15,0.43,$3.36,4.54,$0.71,21.49,$0.33B,$0.15B,2.16,$0.04B,$0.26B,0.16,$0.62B,$0.21B,34.41%,$0.62B,$0.02B,3.38%,$0.62B,$0.02B,3.38%,$0.62B,$0.04B,6.27%,$0.62B,$0.02B,2.89%,$0.62B,$0.01B,2.09%,$0.01B,$0.26B,4.83%,$0.01B,$0.17B,7.37%,$0.01B,$0.48B,2.63%,$0.02B,$0.31B,6.68%,$144,$94,$50,$9,$34,$140,$4,$-1,$4,$1,$3,$3,$3,$9,$4,$17,17,$0.15,$0.15,$29,$146,$0,$332,$45,$0,$91,$11,$147,$479,$154,$41,$19,$61,$215,$225,$49,$-10,$264,$479,$7,$13,$8,$21,$17,$-19,$9,$6,$13,$40,$-9,$-3,$0,$0,$0,$0,$0,$-12,$-5,$-9,$-14,$-4,$-4,$0,$0,$-18,$10,$4,$0
39,2008-12-31,13.85,$15.11,0.92,$35.61,0.39,$0.61,22.81,$0.95,14.58,$0.35B,$0.17B,2.04,$0.04B,$0.26B,0.17,$0.64B,$0.22B,34.65%,$0.64B,$0.02B,3.62%,$0.64B,$0.02B,3.62%,$0.64B,$0.04B,6.46%,$0.64B,$0.02B,2.83%,$0.64B,$0.02B,2.68%,$0.02B,$0.26B,6.27%,$0.02B,$0.17B,9.59%,$0.02B,$0.49B,3.40%,$0.02B,$0.30B,7.25%,$159,$105,$54,$9,$36,$152,$7,$-1,$6,$2,$4,$4,$4,$11,$7,$18,18,$0.24,$0.24,$35,$144,$0,$349,$44,$0,$91,$11,$146,$494,$171,$44,$18,$63,$234,$221,$46,$-7,$260,$494,$4,$9,$3,$11,$12,$-14,$19,$-0,$17,$33,$-5,$-2,$0,$0,$0,$0,$0,$-7,$-3,$-3,$-6,$-6,$-6,$0,$0,$-12,$17,$2,$0
40,2008-09-30,23.51,$15.40,1.53,$35.84,0.66,$-2.09,0.0,$0.91,25.84,$0.35B,$0.16B,2.23,$0.05B,$0.28B,0.17,$0.64B,$0.23B,35.16%,$0.64B,$0.02B,3.44%,$0.64B,$0.02B,3.44%,$0.64B,$0.04B,6.41%,$0.64B,$0.02B,2.66%,$0.64B,$0.02B,2.50%,$0.02B,$0.28B,5.92%,$0.02B,$0.18B,9.08%,$0.02B,$0.50B,3.19%,$0.02B,$0.32B,6.93%,$148,$99,$50,$10,$38,$147,$1,$-1,$0,$0,$0,$0,$0,$5,$1,$18,18,$0.01,$0.01,$21,$149,$0,$349,$45,$0,$93,$11,$149,$498,$157,$47,$19,$67,$223,$227,$42,$5,$275,$498,$0,$4,$2,$6,$14,$-9,$-2,$9,$8,$15,$-2,$-1,$0,$0,$0,$0,$0,$-3,$-2,$-9,$-11,$2,$2,$0,$0,$-10,$3,$1,$0
41,2008-06-30,21.42,$15.67,1.37,$35.32,0.61,$-3.14,0.0,$0.78,27.46,$0.36B,$0.16B,2.21,$0.05B,$0.28B,0.18,$0.62B,$0.22B,35.15%,$0.62B,$0.02B,3.05%,$0.62B,$0.02B,3.05%,$0.62B,$0.04B,6.26%,$0.62B,$0.01B,2.25%,$0.62B,$0.01B,2.25%,$0.01B,$0.28B,5.33%,$0.01B,$0.18B,8.12%,$0.01B,$0.51B,2.83%,$0.02B,$0.33B,6.11%,$171,$112,$60,$12,$37,$162,$9,$-1,$8,$3,$6,$6,$6,$14,$9,$17,18,$0.33,$0.31,$18,$145,$0,$356,$47,$0,$95,$9,$151,$508,$161,$49,$18,$68,$230,$225,$42,$11,$278,$508,$14,$19,$-0,$19,$-15,$-26,$14,$-12,$-33,$-1,$-12,$-3,$0,$0,$-16,$-16,$0,$-30,$24,$2,$26,$7,$7,$0,$0,$33,$2,$5,$0
42,2008-03-31,23.02,$15.36,1.5,$34.73,0.66,$-3.48,0.0,$0.71,32.42,$0.35B,$0.16B,2.12,$0.05B,$0.27B,0.17,$0.61B,$0.22B,35.70%,$0.61B,$0.02B,2.48%,$0.61B,$0.02B,2.48%,$0.61B,$0.03B,5.45%,$0.61B,$0.01B,1.65%,$0.61B,$0.01B,1.98%,$0.01B,$0.27B,4.71%,$0.01B,$0.18B,7.11%,$0.01B,$0.50B,2.50%,$0.02B,$0.32B,5.04%,$157,$100,$56,$12,$38,$151,$6,$-1,$4,$-3,$7,$7,$7,$11,$6,$18,18,$0.39,$0.39,$15,$149,$0,$346,$47,$0,$95,$11,$153,$499,$163,$46,$17,$64,$228,$222,$36,$13,$271,$499,$8,$15,$-3,$12,$1,$-29,$12,$-19,$-30,$-10,$-8,$-1,$0,$0,$-15,$-15,$0,$-24,$20,$7,$27,$5,$5,$0,$0,$32,$-1,$3,$0
43,2007-12-31,26.47,$14.71,1.8,$33.33,0.79,$-3.59,0.0,$0.53,49.94,$0.35B,$0.18B,1.97,$0.05B,$0.26B,0.19,$0.57B,$0.20B,35.54%,$0.57B,$0.00B,0.52%,$0.57B,$0.00B,0.52%,$0.57B,$0.02B,3.48%,$0.57B,$0.02B,2.61%,$0.57B,$0.01B,1.57%,$0.01B,$0.26B,3.64%,$0.01B,$0.17B,5.43%,$0.01B,$0.50B,1.94%,$0.00B,$0.31B,1.05%,$164,$105,$59,$12,$39,$158,$6,$-1,$5,$2,$3,$3,$3,$11,$6,$17,18,$0.20,$0.20,$14,$149,$0,$353,$47,$0,$92,$10,$149,$502,$179,$48,$12,$66,$245,$217,$30,$11,$257,$502,$1,$10,$-0,$9,$-10,$-28,$24,$-14,$-25,$-15,$-5,$-1,$0,$0,$-1,$-1,$0,$-6,$21,$-3,$18,$2,$2,$0,$0,$20,$-2,$2,$0
44,2007-09-30,22.51,$14.31,1.57,$32.25,0.7,$-3.23,0.0,$-0.90,0.0,$0.33B,$0.14B,2.27,$0.05B,$0.25B,0.2,$0.55B,$0.18B,33.64%,$0.55B,$-0.04B,-6.40%,$0.55B,$-0.04B,-6.40%,$0.55B,$-0.02B,-3.29%,$0.55B,$-0.02B,-4.20%,$0.55B,$-0.02B,-2.74%,$-0.02B,$0.25B,-6.25%,$-0.02B,$0.17B,-9.16%,$-0.02B,$0.47B,-3.35%,$-0.04B,$0.30B,-12.82%,$131,$87,$44,$10,$36,$133,$-2,$-1,$-3,$-1,$-2,$-2,$-2,$3,$-2,$17,17,$-0.12,$-0.12,$15,$135,$0,$327,$48,$0,$79,$15,$142,$468,$144,$50,$11,$79,$223,$209,$26,$10,$245,$468,$-2,$5,$-2,$2,$5,$-14,$9,$-3,$-4,$-4,$-3,$-1,$0,$0,$-0,$-0,$0,$-4,$22,$-17,$5,$1,$1,$0,$0,$6,$-1,$1,$0
45,2007-06-30,27.35,$14.47,1.89,$31.55,0.87,$-3.84,0.0,$-1.14,0.0,$0.32B,$0.16B,2.02,$0.03B,$0.25B,0.1,$0.53B,$0.18B,33.46%,$0.53B,$-0.04B,-7.89%,$0.53B,$-0.04B,-7.89%,$0.53B,$-0.03B,-4.70%,$0.53B,$-0.03B,-5.64%,$0.53B,$-0.02B,-3.57%,$-0.02B,$0.25B,-7.92%,$-0.02B,$0.17B,-11.84%,$-0.02B,$0.45B,-4.30%,$-0.04B,$0.27B,-15.72%,$153,$96,$57,$11,$39,$148,$5,$-1,$4,$-1,$5,$4,$4,$8,$5,$17,17,$0.27,$0.26,$16,$120,$0,$315,$48,$0,$79,$10,$137,$451,$156,$26,$14,$48,$204,$207,$31,$9,$247,$451,$-19,$18,$-6,$11,$-16,$6,$2,$15,$5,$-2,$-15,$-3,$-23,$0,$-4,$-4,$15,$-30,$22,$6,$28,$8,$8,$0,$0,$36,$2,$5,$0
46,2007-03-31,26.44,$14.06,1.88,$30.08,0.88,$-4.51,0.0,$-1.34,0.0,$0.31B,$0.14B,2.23,$0.03B,$0.24B,0.11,$0.51B,$0.17B,34.06%,$0.51B,$-0.04B,-8.51%,$0.51B,$-0.04B,-8.51%,$0.51B,$-0.03B,-4.95%,$0.51B,$-0.03B,-5.94%,$0.51B,$-0.02B,-4.36%,$-0.02B,$0.24B,-9.15%,$-0.02B,$0.16B,-13.54%,$-0.02B,$0.43B,-5.12%,$-0.04B,$0.27B,-16.38%,$126,$83,$44,$11,$36,$132,$-6,$15,$9,$4,$5,$4,$4,$-2,$-6,$17,17,$0.21,$0.21,$19,$122,$0,$306,$48,$0,$75,$4,$127,$433,$137,$27,$5,$57,$194,$203,$27,$8,$239,$433,$-23,$14,$-1,$13,$6,$3,$-1,$-0,$2,$-8,$-11,$-2,$-23,$0,$0,$0,$15,$-21,$24,$5,$29,$5,$5,$0,$0,$35,$5,$4,$0
47,2006-12-31,20.93,$13.67,1.53,$29.19,0.72,$-4.73,0.0,$-1.49,0.0,$0.31B,$0.15B,2.06,$0.03B,$0.23B,0.12,$0.49B,$0.17B,35.11%,$0.49B,$-0.04B,-7.60%,$0.49B,$-0.04B,-7.60%,$0.49B,$-0.02B,-3.70%,$0.49B,$-0.04B,-8.01%,$0.49B,$-0.03B,-5.13%,$-0.03B,$0.23B,-10.36%,$-0.03B,$0.16B,-15.27%,$-0.03B,$0.44B,-6.01%,$-0.04B,$0.26B,-14.34%,$137,$98,$39,$11,$38,$169,$-32,$-1,$-33,$-12,$-21,$-21,$-21,$-27,$-32,$17,17,$-1.23,$-1.23,$12,$121,$0,$311,$49,$2,$72,$3,$126,$437,$151,$28,$3,$56,$207,$199,$24,$7,$229,$437,$-27,$10,$9,$19,$-7,$3,$4,$-3,$-5,$-13,$0,$-1,$-24,$-8,$0,$-8,$0,$-33,$25,$16,$42,$2,$2,$0,$0,$44,$-2,$3,$0
