,Date,Stock Price,Book Value per Share,Price to Book Ratio,TTM Sales per Share,Price to Sales Ratio,TTM FCF per Share,Price to FCF Ratio,TTM Net EPS,PE Ratio,Current Assets,Current Liabilities,Current Ratio,Long Term Debt,Shareholder's Equity_x,Debt to Equity Ratio,TTM Revenue_x,TTM Gross Profit,Gross Margin,TTM Revenue_y,TTM Operating Income,Operating Margin,TTM Revenue_x,TTM EBIT,EBIT Margin,TTM Revenue_y,TTM EBITDA,EBITDA Margin,TTM Revenue_x,TTM Pre-Tax Income,Pre-Tax Margin,TTM Revenue_y,TTM Net Income_x,Net Margin,TTM Net Income_y,Shareholder's Equity_y,Return on Equity,TTM Net Income_x,Tangible Equity,Return on Tangible Equity,TTM Net Income_y,Total Assets,Return on Assets,TTM Net Income,LT Investments & Debt,Return on Investment,revenue,cost-goods-sold,gross-profit,research-development-expenses,selling-general-administrative-expenses,operating-expenses,operating-income,total-non-operating-income-expense,pre-tax-income,total-provision-income-taxes,income-after-taxes,income-from-continuous-operations,net-income,ebitda,ebit,basic-shares-outstanding,shares-outstanding,eps-basic-net-earnings-per-share,eps-earnings-per-share-diluted,cash-on-hand,inventory,other-current-assets,total-current-assets,net-property-plant-equipment,long-term-investments,goodwill-intangible-assets-total,other-long-term-assets,total-long-term-assets,total-assets,total-current-liabilities,long-term-debt,other-non-current-liabilities,total-long-term-liabilities,total-liabilities,common-stock-net,retained-earnings-accumulated-deficit,comprehensive-income,total-share-holder-equity,total-liabilities-share-holders-equity,net-income-loss,total-depreciation-amortization-cash-flow,other-non-cash-items,total-non-cash-items,change-in-accounts-receivable,change-in-inventories,change-in-accounts-payable,change-in-assets-liabilities,total-change-in-assets-liabilities,cash-flow-from-operating-activities,net-change-in-property-plant-equipment,net-change-in-intangible-assets,net-acquisitions-divestitures,net-change-in-short-term-investments,net-change-in-long-term-investments,net-change-in-investments-total,investing-activities-other,cash-flow-from-investing-activities,net-long-term-debt,net-current-debt,debt-issuance-retirement-net-total,net-common-equity-issued-repurchased,net-total-equity-issued-repurchased,total-common-preferred-stock-dividends-paid,financial-activities-other,cash-flow-from-financial-activities,net-cash-flow,stock-based-compensation,common-stock-dividends-paid
0,2018-09-30,27.7,$8.08,3.43,$65.08,0.43,$-9.95,0.0,$-9.21,0.0,$0.26B,$0.23B,1.09,$0.00B,$0.26B,0.01,$1.83B,$0.36B,19.67%,$1.83B,$-0.19B,-10.52%,$1.83B,$-0.19B,-10.52%,$1.83B,$-0.16B,-8.82%,$1.83B,$-0.20B,-10.68%,$1.83B,$-0.25B,-13.86%,$-0.25B,$0.26B,-114.48%,$-0.25B,$0.21B,-140.56%,$-0.25B,$0.50B,-52.87%,$-0.19B,$0.26B,-79.18%,$441,$354,$87,$0,$135,$488,$-48,$-2,$-49,$-0,$-49,$-49,$-47,$-40,$-48,$30,30,$-1.55,$-1.55,$183,$17,$0,$255,$133,$57,$47,$8,$246,$501,$234,$3,$6,$9,$243,$0,$-413,$-1,$258,$501,$-170,$23,$14,$37,$-0,$-2,$7,$-7,$12,$-120,$-21,$-10,$-13,$-3,$-44,$-46,$0,$-90,$-40,$0,$-40,$145,$145,$0,$85,$190,$-20,$12,$0
1,2018-06-30,33.65,$6.83,4.93,$67.48,0.5,$-8.62,0.0,$-7.69,0.0,$0.22B,$0.25B,0.91,$0.00B,$0.20B,0.02,$1.81B,$0.36B,19.69%,$1.81B,$-0.16B,-8.63%,$1.81B,$-0.16B,-8.63%,$1.81B,$-0.13B,-6.91%,$1.81B,$-0.15B,-8.46%,$1.81B,$-0.21B,-11.45%,$-0.21B,$0.20B,-105.34%,$-0.21B,$0.15B,-128.17%,$-0.21B,$0.45B,-45.80%,$-0.16B,$0.20B,-67.68%,$483,$391,$92,$0,$158,$550,$-67,$1,$-66,$-0,$-66,$-66,$-63,$-59,$-67,$29,29,$-2.20,$-2.20,$153,$15,$0,$223,$132,$44,$48,$6,$230,$453,$246,$3,$6,$9,$255,$0,$-365,$-1,$198,$453,$-120,$15,$10,$25,$2,$1,$7,$-11,$25,$-71,$0,$-9,$-13,$-0,$-30,$-30,$-13,$-65,$-40,$0,$-40,$51,$51,$0,$74,$84,$-51,$9,$0
2,2018-03-31,36.25,$8.87,4.09,$68.05,0.53,$-8.03,0.0,$-5.78,0.0,$0.32B,$0.22B,1.42,$0.04B,$0.26B,0.16,$1.76B,$0.35B,19.81%,$1.76B,$-0.10B,-5.63%,$1.76B,$-0.10B,-5.63%,$1.76B,$-0.07B,-3.87%,$1.76B,$-0.10B,-5.52%,$1.76B,$-0.15B,-8.59%,$-0.15B,$0.26B,-80.75%,$-0.15B,$0.21B,-95.57%,$-0.15B,$0.53B,-34.16%,$-0.10B,$0.30B,-42.35%,$445,$351,$94,$0,$148,$500,$-54,$-0,$-55,$-0,$-54,$-54,$-50,$-47,$-54,$29,29,$-1.74,$-1.74,$260,$12,$0,$317,$127,$0,$47,$36,$209,$526,$224,$40,$7,$47,$270,$0,$-301,$-1,$256,$526,$-54,$7,$14,$21,$8,$2,$4,$-1,$23,$-10,$-4,$-9,$-12,$0,$-17,$-17,$-0,$-42,$-0,$0,$-0,$51,$51,$0,$58,$108,$56,$6,$0
3,2017-12-31,63.9,$6.26,10.21,$69.56,0.92,$-8.90,0.0,$-4.27,0.0,$0.27B,$0.22B,1.24,$0.04B,$0.17B,0.23,$1.74B,$0.34B,19.55%,$1.74B,$-0.05B,-2.69%,$1.74B,$-0.05B,-2.69%,$1.74B,$-0.02B,-0.86%,$1.74B,$-0.05B,-2.81%,$1.74B,$-0.11B,-6.14%,$-0.11B,$0.17B,-64.95%,$-0.11B,$0.15B,-75.75%,$-0.11B,$0.43B,-25.43%,$-0.05B,$0.21B,-21.84%,$456,$370,$86,$0,$109,$479,$-23,$-2,$-25,$72,$-97,$-97,$-93,$-15,$-23,$25,25,$-3.73,$-3.73,$204,$14,$0,$265,$129,$13,$22,$4,$169,$434,$215,$40,$7,$47,$262,$0,$-255,$-1,$172,$434,$-112,$33,$74,$107,$-2,$6,$-21,$-1,$-30,$-35,$-24,$0,$0,$-1,$7,$6,$-0,$-18,$-21,$0,$-21,$96,$96,$-0,$-1,$73,$20,$4,$0
4,2017-09-30,29.7,$6.39,4.65,$72.04,0.41,$-7.83,0.0,$-0.43,0.0,$0.15B,$0.18B,0.86,$0.05B,$0.16B,0.33,$1.81B,$0.35B,19.46%,$1.81B,$-0.02B,-1.32%,$1.81B,$-0.02B,-1.32%,$1.81B,$0.01B,0.44%,$1.81B,$-0.02B,-1.10%,$1.81B,$-0.01B,-0.61%,$-0.01B,$0.16B,-6.67%,$-0.01B,$0.14B,-7.83%,$-0.01B,$0.40B,-2.54%,$-0.02B,$0.21B,-10.93%,$424,$340,$84,$0,$96,$436,$-12,$5,$-7,$-5,$-1,$-1,$-1,$-4,$-12,$25,25,$-0.03,$-0.03,$93,$14,$0,$151,$132,$0,$23,$15,$244,$395,$176,$53,$7,$60,$236,$0,$-159,$-1,$160,$395,$-15,$25,$-4,$21,$4,$5,$-36,$-6,$-69,$-62,$-21,$0,$0,$-1,$7,$7,$-0,$-14,$-3,$0,$-3,$-9,$-9,$0,$-1,$-14,$-91,$3,$0
5,2017-06-30,16.3,$6.40,2.55,$72.49,0.22,$-7.45,0.0,$-0.52,0.0,$0.16B,$0.19B,0.84,$0.05B,$0.16B,0.34,$1.83B,$0.35B,19.05%,$1.83B,$-0.02B,-0.93%,$1.83B,$-0.02B,-0.93%,$1.83B,$0.02B,0.82%,$1.83B,$-0.02B,-0.93%,$1.83B,$-0.01B,-0.71%,$-0.01B,$0.16B,-7.88%,$-0.01B,$0.14B,-9.32%,$-0.01B,$0.41B,-2.95%,$-0.02B,$0.21B,-7.80%,$432,$348,$84,$0,$94,$442,$-10,$0,$-10,$-2,$-8,$-8,$-7,$-2,$-10,$25,25,$-0.29,$-0.29,$104,$15,$0,$162,$135,$10,$24,$14,$251,$413,$192,$54,$7,$61,$253,$0,$-158,$-1,$160,$413,$-14,$17,$4,$21,$7,$5,$-31,$-12,$-53,$-46,$0,$0,$0,$-0,$-3,$-3,$-17,$-20,$-2,$0,$-2,$-9,$-9,$0,$-1,$-13,$-79,$2,$0
6,2017-03-31,17.2,$6.69,2.57,$71.72,0.24,$-8.36,0.0,$-0.27,0.0,$0.19B,$0.21B,0.9,$0.06B,$0.17B,0.33,$1.82B,$0.34B,18.75%,$1.82B,$-0.01B,-0.71%,$1.82B,$-0.01B,-0.71%,$1.82B,$0.02B,1.04%,$1.82B,$-0.01B,-0.44%,$1.82B,$-0.01B,-0.38%,$-0.01B,$0.17B,-4.23%,$-0.01B,$0.14B,-5.04%,$-0.01B,$0.44B,-1.59%,$-0.01B,$0.22B,-6.05%,$432,$346,$87,$0,$89,$435,$-2,$-4,$-7,$-0,$-6,$-6,$-6,$6,$-2,$25,25,$-0.23,$-0.23,$137,$18,$0,$191,$137,$10,$25,$12,$251,$441,$213,$55,$7,$62,$274,$0,$-150,$-1,$167,$441,$-6,$9,$5,$13,$7,$1,$-20,$-3,$-30,$-23,$-11,$0,$0,$0,$-1,$-1,$-0,$-12,$-1,$0,$-1,$-9,$-9,$0,$-1,$-11,$-47,$1,$0
7,2016-12-31,17.5,$6.80,2.57,$70.98,0.25,$-9.13,0.0,$0.49,35.71,$0.24B,$0.25B,0.98,$0.06B,$0.17B,0.32,$1.80B,$0.33B,18.38%,$1.80B,$0.01B,0.39%,$1.80B,$0.01B,0.39%,$1.80B,$0.04B,2.11%,$1.80B,$0.02B,1.17%,$1.80B,$0.01B,0.67%,$0.01B,$0.17B,7.31%,$0.01B,$0.15B,8.76%,$0.01B,$0.49B,2.80%,$0.01B,$0.23B,3.39%,$526,$428,$98,$0,$98,$527,$-0,$4,$4,$1,$3,$3,$3,$8,$-0,$25,25,$0.12,$0.12,$184,$19,$0,$244,$135,$10,$26,$14,$241,$485,$249,$56,$7,$63,$312,$0,$-154,$-2,$173,$485,$11,$31,$16,$47,$-10,$0,$-19,$-7,$-19,$40,$-72,$0,$1,$-4,$-5,$-8,$0,$-79,$46,$0,$46,$-0,$-0,$0,$7,$53,$13,$5,$0
8,2016-09-30,15.32,$6.29,2.44,$69.73,0.22,$-8.05,0.0,$0.37,41.41,$0.20B,$0.21B,0.94,$0.05B,$0.16B,0.3,$1.76B,$0.32B,18.01%,$1.76B,$0.00B,0.23%,$1.76B,$0.00B,0.23%,$1.76B,$0.03B,1.94%,$1.76B,$0.02B,0.85%,$1.76B,$0.01B,0.51%,$0.01B,$0.16B,5.69%,$0.01B,$0.13B,6.92%,$0.01B,$0.42B,2.17%,$0.00B,$0.21B,2.10%,$442,$362,$80,$0,$85,$447,$-5,$1,$-4,$-1,$-3,$-3,$-3,$3,$-5,$25,25,$-0.12,$-0.12,$125,$16,$0,$195,$137,$10,$26,$13,$229,$424,$208,$48,$9,$57,$265,$0,$-157,$-3,$160,$424,$8,$23,$14,$37,$-3,$4,$-40,$-13,$-61,$-15,$-59,$0,$1,$-3,$-4,$-7,$0,$-65,$36,$0,$36,$-1,$-1,$0,$-1,$35,$-46,$4,$0
9,2016-06-30,16.11,$6.38,2.52,$68.17,0.24,$-6.57,0.0,$0.41,39.29,$0.19B,$0.20B,0.96,$0.04B,$0.16B,0.25,$1.70B,$0.31B,18.08%,$1.70B,$0.01B,0.35%,$1.70B,$0.01B,0.35%,$1.70B,$0.03B,2.00%,$1.70B,$0.02B,0.94%,$1.70B,$0.01B,0.59%,$0.01B,$0.16B,6.44%,$0.01B,$0.13B,7.92%,$0.01B,$0.42B,2.55%,$0.01B,$0.20B,3.42%,$419,$342,$76,$0,$82,$424,$-6,$4,$-1,$-0,$-1,$-1,$-1,$2,$-6,$25,25,$-0.04,$-0.04,$123,$18,$0,$194,$126,$10,$27,$15,$220,$415,$203,$41,$10,$50,$253,$0,$-154,$-3,$162,$415,$12,$15,$10,$25,$-1,$3,$-46,$-9,$-63,$-27,$-43,$0,$1,$-3,$-4,$-7,$0,$-49,$29,$0,$29,$-1,$-1,$0,$-0,$28,$-48,$3,$0
10,2016-03-31,14.38,$6.41,2.24,$67.55,0.21,$-6.56,0.0,$0.52,27.65,$0.20B,$0.19B,1.01,$0.03B,$0.16B,0.16,$1.67B,$0.31B,18.29%,$1.67B,$0.01B,0.84%,$1.67B,$0.01B,0.84%,$1.67B,$0.04B,2.39%,$1.67B,$0.02B,1.20%,$1.67B,$0.01B,0.78%,$0.01B,$0.16B,8.78%,$0.01B,$0.13B,10.38%,$0.01B,$0.39B,3.53%,$0.01B,$0.19B,8.85%,$414,$336,$77,$0,$79,$396,$18,$4,$22,$9,$13,$13,$13,$25,$18,$25,25,$0.53,$0.53,$129,$19,$0,$197,$107,$10,$28,$11,$195,$392,$194,$27,$9,$36,$230,$0,$-153,$-2,$162,$392,$13,$7,$9,$16,$-1,$1,$-46,$-4,$-64,$-35,$-20,$0,$1,$-3,$0,$-3,$0,$-21,$14,$0,$14,$-0,$-0,$0,$-0,$14,$-42,$1,$0
11,2015-12-31,12.28,$5.92,2.07,$67.53,0.18,$-6.46,0.0,$0.10,122.8,$0.25B,$0.26B,0.96,$0.01B,$0.15B,0.09,$1.66B,$0.30B,18.35%,$1.66B,0,0.00%,$1.66B,0,0.00%,$1.66B,$0.02B,1.45%,$1.66B,$0.00B,0.12%,$1.66B,$0.00B,0.18%,$0.00B,$0.15B,2.14%,$0.00B,$0.12B,2.43%,$0.00B,$0.43B,0.86%,$0.00B,$0.16B,0.00%,$480,$397,$83,$0,$86,$483,$-3,$1,$-2,$-2,$-0,$-0,$0,$4,$-3,$25,25,$0.00,$0.00,$171,$20,$0,$248,$94,$10,$30,$9,$180,$428,$259,$13,$7,$20,$279,$0,$-166,$-1,$149,$428,$1,$25,$7,$32,$3,$8,$10,$3,$21,$55,$-60,$0,$-11,$-5,$-7,$-12,$-0,$-82,$15,$5,$19,$-2,$-2,$0,$-1,$17,$-11,$4,$0
12,2015-09-30,17.16,$5.88,2.92,$67.43,0.25,$-4.63,0.0,$0.16,107.25,$0.15B,$0.18B,0.86,$0.00B,$0.15B,0.0,$1.65B,$0.31B,18.58%,$1.65B,$0.01B,0.30%,$1.65B,$0.01B,0.30%,$1.65B,$0.03B,1.64%,$1.65B,$0.01B,0.36%,$1.65B,$0.00B,0.24%,$0.00B,$0.15B,2.96%,$0.00B,$0.12B,3.19%,$0.00B,$0.33B,1.19%,$0.01B,$0.15B,3.70%,$391,$319,$72,$0,$76,$395,$-3,$1,$-3,$-0,$-3,$-3,$-2,$3,$-3,$25,25,$-0.08,$-0.08,$82,$23,$0,$152,$79,$10,$31,$10,$180,$332,$176,$0,$7,$7,$183,$0,$-167,$-2,$148,$332,$1,$18,$7,$25,$3,$5,$-47,$-6,$-63,$-36,$0,$0,$-11,$-5,$-7,$-12,$-44,$-66,$-0,$6,$5,$-2,$-2,$0,$-1,$2,$-100,$3,$0
13,2015-06-30,22.54,$5.46,4.13,$66.12,0.34,$-4.52,0.0,$0.31,72.71,$0.18B,$0.18B,1.02,$0.00B,$0.13B,0.0,$1.61B,$0.30B,18.71%,$1.61B,$0.01B,0.62%,$1.61B,$0.01B,0.62%,$1.61B,$0.03B,1.93%,$1.61B,$0.01B,0.68%,$1.61B,$0.01B,0.50%,$0.01B,$0.13B,6.15%,$0.01B,$0.13B,6.29%,$0.01B,$0.32B,2.43%,$0.01B,$0.13B,7.69%,$388,$314,$74,$0,$72,$386,$2,$1,$3,$2,$1,$1,$2,$8,$2,$24,24,$0.07,$0.07,$106,$28,$0,$184,$66,$11,$3,$10,$136,$321,$182,$0,$6,$6,$188,$0,$-149,$-1,$133,$321,$4,$11,$5,$16,$3,$-1,$-44,$-7,$-68,$-48,$-19,$-0,$0,$0,$-7,$-7,$0,$-26,$-0,$1,$0,$-2,$-2,$0,$-0,$-2,$-76,$2,$0
14,2015-03-31,24.22,$5.35,4.53,$63.96,0.38,$-3.61,0.0,$0.32,75.69,$0.20B,$0.18B,1.06,$0.00B,$0.13B,0.0,$1.55B,$0.29B,18.66%,$1.55B,$0.01B,0.64%,$1.55B,$0.01B,0.64%,$1.55B,$0.03B,1.87%,$1.55B,$0.01B,0.64%,$1.55B,$0.01B,0.51%,$0.01B,$0.13B,6.20%,$0.01B,$0.13B,6.34%,$0.01B,$0.32B,2.52%,$0.01B,$0.13B,7.75%,$398,$323,$75,$0,$72,$395,$4,$1,$4,$2,$3,$3,$3,$9,$4,$24,24,$0.11,$0.11,$125,$24,$0,$195,$55,$11,$3,$8,$125,$320,$184,$0,$7,$7,$191,$0,$-151,$-1,$130,$320,$3,$5,$3,$8,$3,$1,$-45,$-2,$-54,$-43,$-7,$-0,$0,$0,$-5,$-5,$0,$-12,$-0,$0,$-0,$-2,$-2,$0,$0,$-3,$-57,$1,$0
15,2014-12-31,24.27,$5.38,4.51,$61.65,0.39,$-3.05,0.0,$0.37,65.59,$0.26B,$0.24B,1.06,$0.00B,$0.13B,0.0,$1.50B,$0.28B,18.64%,$1.50B,$0.01B,0.80%,$1.50B,$0.01B,0.80%,$1.50B,$0.03B,2.00%,$1.50B,$0.01B,0.87%,$1.50B,$0.01B,0.60%,$0.01B,$0.13B,7.03%,$0.01B,$0.13B,7.19%,$0.01B,$0.38B,2.92%,$0.01B,$0.13B,9.38%,$470,$385,$85,$0,$84,$469,$2,$1,$2,$1,$1,$1,$1,$7,$2,$24,24,$0.05,$0.05,$182,$26,$0,$258,$52,$11,$3,$2,$119,$377,$243,$0,$5,$5,$248,$0,$-154,$-1,$129,$377,$9,$18,$9,$27,$-3,$-1,$22,$12,$45,$81,$-41,$0,$0,$0,$-3,$-3,$-0,$-44,$-0,$0,$-0,$-2,$-2,$0,$-1,$-3,$33,$4,$0
16,2014-09-30,16.86,$5.34,3.16,$58.67,0.29,$-1.97,0.0,$3.32,5.08,$0.18B,$0.17B,1.11,$0.00B,$0.13B,0.0,$1.43B,$0.27B,18.67%,$1.43B,$0.01B,0.84%,$1.43B,$0.01B,0.84%,$1.43B,$0.03B,1.96%,$1.43B,$0.01B,0.84%,$1.43B,$0.08B,5.40%,$0.08B,$0.13B,61.35%,$0.08B,$0.13B,62.73%,$0.08B,$0.30B,26.28%,$0.01B,$0.13B,9.56%,$353,$286,$67,$0,$65,$351,$2,$-0,$2,$0,$2,$2,$2,$7,$2,$24,24,$0.07,$0.07,$114,$25,$0,$184,$48,$9,$3,$2,$114,$298,$166,$0,$4,$4,$170,$0,$-154,$0,$128,$298,$7,$13,$6,$19,$1,$2,$-28,$1,$-27,$-0,$-33,$-0,$0,$0,$-0,$-0,$0,$-33,$-0,$0,$-0,$-2,$-2,$0,$-0,$-2,$-36,$3,$0
17,2014-06-30,15.77,$5.36,2.94,$56.46,0.28,$-0.62,0.0,$3.39,4.65,$0.17B,$0.14B,1.19,$0.00B,$0.13B,0.0,$1.37B,$0.26B,18.79%,$1.37B,$0.01B,0.95%,$1.37B,$0.01B,0.95%,$1.37B,$0.03B,2.04%,$1.37B,$0.01B,1.02%,$1.37B,$0.08B,5.75%,$0.08B,$0.13B,74.88%,$0.08B,$0.13B,76.89%,$0.08B,$0.28B,30.01%,$0.01B,$0.13B,12.32%,$333,$270,$63,$0,$61,$331,$2,$1,$2,$0,$2,$2,$2,$6,$2,$24,24,$0.08,$0.08,$103,$20,$0,$171,$35,$10,$3,$2,$105,$277,$144,$0,$4,$4,$148,$0,$-153,$0,$129,$277,$6,$8,$4,$12,$0,$7,$-34,$-6,$-47,$-29,$-15,$-0,$0,$0,$0,$0,$0,$-15,$-0,$0,$-0,$-2,$-2,$0,$-0,$-2,$-47,$2,$0
18,2014-03-31,19.7,$5.24,3.76,$54.79,0.36,$0.98,20.1,$3.46,5.69,$0.18B,$0.15B,1.17,$0.00B,$0.13B,0.0,$1.33B,$0.25B,18.98%,$1.33B,$0.02B,1.13%,$1.33B,$0.02B,1.13%,$1.33B,$0.03B,2.25%,$1.33B,$0.02B,1.20%,$1.33B,$0.08B,6.08%,$0.08B,$0.13B,96.14%,$0.08B,$0.12B,99.39%,$0.08B,$0.28B,34.21%,$0.02B,$0.13B,17.80%,$341,$277,$64,$0,$58,$335,$6,$0,$7,$3,$4,$4,$4,$10,$6,$24,24,$0.17,$0.16,$112,$23,$0,$176,$33,$10,$3,$2,$104,$281,$151,$0,$4,$4,$155,$0,$-155,$0,$126,$281,$4,$4,$3,$7,$0,$4,$-32,$0,$-40,$-30,$-6,$-0,$0,$0,$0,$0,$0,$-6,$0,$0,$0,$-2,$-2,$0,$-0,$-2,$-38,$1,$0
19,2013-12-31,30.79,$4.99,6.17,$53.76,0.57,$2.13,14.44,$3.62,8.51,$0.22B,$0.19B,1.13,$0.00B,$0.12B,0.0,$1.30B,$0.25B,19.02%,$1.30B,$0.02B,1.23%,$1.30B,$0.02B,1.23%,$1.30B,$0.03B,2.38%,$1.30B,$0.02B,1.30%,$1.30B,$0.09B,6.52%,$0.09B,$0.12B,136.55%,$0.09B,$0.12B,142.86%,$0.09B,$0.32B,40.91%,$0.02B,$0.12B,25.70%,$398,$326,$72,$0,$70,$396,$2,$-1,$1,$-68,$69,$69,$69,$5,$2,$24,24,$2.92,$2.86,$150,$27,$0,$219,$27,$10,$3,$2,$97,$316,$194,$0,$3,$3,$197,$0,$-163,$0,$119,$316,$84,$15,$-64,$-50,$3,$-0,$28,$0,$49,$84,$-18,$-0,$0,$0,$-8,$-8,$0,$-26,$-3,$0,$-3,$0,$0,$0,$-0,$-3,$55,$3,$0
20,2013-09-30,29.67,$2.03,14.59,$51.84,0.57,$0.10,305.56,$0.98,30.28,$0.14B,$0.13B,1.07,$0.00B,$0.05B,0.0,$1.25B,$0.24B,18.99%,$1.25B,$0.02B,1.76%,$1.25B,$0.02B,1.76%,$1.25B,$0.04B,3.04%,$1.25B,$0.03B,2.00%,$1.25B,$0.03B,2.00%,$0.03B,$0.05B,62.11%,$0.03B,$0.05B,66.67%,$0.03B,$0.18B,14.35%,$0.02B,$0.05B,54.66%,$301,$242,$59,$0,$56,$298,$3,$0,$4,$0,$4,$4,$4,$7,$3,$24,24,$0.15,$0.14,$87,$23,$0,$139,$27,$9,$3,$2,$40,$179,$130,$0,$1,$1,$131,$0,$-232,$0,$48,$179,$15,$11,$2,$13,$5,$4,$-8,$-13,$-14,$14,$-14,$-0,$0,$0,$-6,$-6,$0,$-20,$-3,$0,$-3,$0,$0,$0,$-0,$-3,$-9,$2,$0
21,2013-06-30,28.2,$1.83,15.39,$50.26,0.56,$-0.90,0.0,$0.95,29.68,$0.14B,$0.13B,1.11,$0.00B,$0.04B,0.0,$1.20B,$0.23B,18.72%,$1.20B,$0.02B,1.75%,$1.20B,$0.02B,1.75%,$1.20B,$0.04B,3.08%,$1.20B,$0.02B,2.00%,$1.20B,$0.02B,2.00%,$0.02B,$0.04B,71.64%,$0.02B,$0.04B,78.69%,$0.02B,$0.17B,14.29%,$0.02B,$0.04B,62.69%,$293,$235,$58,$0,$54,$289,$4,$-0,$4,$0,$4,$4,$4,$8,$4,$24,24,$0.16,$0.15,$87,$21,$0,$141,$26,$0,$3,$2,$31,$171,$126,$0,$1,$1,$128,$0,$-236,$0,$44,$171,$11,$8,$1,$9,$5,$6,$-13,$-14,$-17,$4,$-9,$0,$0,$0,$0,$0,$0,$-9,$-3,$0,$-3,$-0,$-0,$0,$-0,$-3,$-9,$2,$0
22,2013-03-31,12.32,$1.61,7.66,$48.40,0.25,$-2.21,0.0,$0.82,15.02,$0.13B,$0.13B,1.07,$0.00B,$0.04B,0.0,$1.15B,$0.21B,18.28%,$1.15B,$0.02B,1.48%,$1.15B,$0.02B,1.48%,$1.15B,$0.03B,2.87%,$1.15B,$0.02B,1.83%,$1.15B,$0.02B,1.74%,$0.02B,$0.04B,74.07%,$0.02B,$0.04B,83.33%,$0.02B,$0.17B,12.52%,$0.02B,$0.04B,62.96%,$312,$253,$59,$0,$52,$305,$7,$0,$8,$0,$8,$8,$8,$11,$7,$24,24,$0.33,$0.32,$84,$22,$0,$134,$26,$0,$3,$3,$32,$165,$125,$0,$2,$2,$127,$0,$-239,$0,$38,$165,$8,$4,$0,$4,$3,$5,$-16,$-5,$-14,$-2,$-6,$0,$0,$0,$0,$0,$0,$-6,$-3,$0,$-3,$-1,$-1,$0,$-0,$-4,$-12,$1,$0
23,2012-12-31,14.31,$1.32,10.84,$46.61,0.31,$-2.93,0.0,$0.62,23.08,$0.16B,$0.15B,1.05,$0.00B,$0.03B,0.0,$1.10B,$0.20B,18.11%,$1.10B,$0.01B,1.09%,$1.10B,$0.01B,1.09%,$1.10B,$0.03B,2.64%,$1.10B,$0.02B,1.46%,$1.10B,$0.02B,1.36%,$0.02B,$0.03B,69.77%,$0.02B,$0.03B,80.00%,$0.02B,$0.18B,9.74%,$0.01B,$0.03B,55.81%,$342,$281,$61,$0,$53,$334,$8,$1,$9,$0,$9,$9,$9,$12,$8,$23,24,$0.38,$0.37,$95,$26,$0,$156,$21,$0,$3,$2,$26,$182,$149,$0,$3,$3,$151,$0,$-247,$0,$31,$182,$15,$16,$4,$20,$-6,$-4,$-8,$12,$-6,$28,$-12,$-0,$0,$0,$-1,$-1,$0,$-14,$-0,$-17,$-17,$-0,$-0,$0,$-0,$-18,$-3,$4,$0
24,2012-09-30,10.36,$0.91,11.42,$45.67,0.23,$-2.87,0.0,$0.10,103.6,$0.13B,$0.13B,0.97,$0.00B,$0.02B,0.0,$1.07B,$0.19B,17.65%,$1.07B,$0.00B,0.19%,$1.07B,$0.00B,0.19%,$1.07B,$0.02B,1.77%,$1.07B,$0.00B,0.37%,$1.07B,$0.00B,0.28%,$0.00B,$0.02B,17.65%,$0.00B,$0.02B,21.05%,$0.00B,$0.15B,1.95%,$0.00B,$0.02B,11.76%,$255,$209,$47,$0,$45,$254,$2,$1,$3,$0,$3,$3,$3,$6,$2,$23,24,$0.11,$0.11,$75,$21,$0,$125,$23,$0,$3,$3,$29,$154,$130,$0,$3,$3,$132,$0,$-256,$0,$21,$154,$6,$12,$3,$15,$-1,$1,$-27,$0,$-34,$-13,$-11,$-0,$0,$0,$0,$0,$0,$-10,$-0,$0,$-0,$-0,$-0,$0,$-0,$-1,$-25,$3,$0
25,2012-06-30,6.91,$0.75,9.2,$45.22,0.15,$-2.84,0.0,$-0.34,0.0,$0.11B,$0.12B,0.94,$0.00B,$0.02B,0.0,$1.06B,$0.18B,17.05%,$1.06B,$-0.01B,-0.76%,$1.06B,$-0.01B,-0.76%,$1.06B,$0.01B,0.85%,$1.06B,$-0.01B,-0.66%,$1.06B,$-0.01B,-0.76%,$-0.01B,$0.02B,-50.79%,$-0.01B,$0.02B,-61.54%,$-0.01B,$0.14B,-5.18%,$-0.01B,$0.02B,-34.04%,$240,$196,$43,$0,$43,$240,$0,$0,$1,$0,$0,$0,$0,$4,$0,$23,23,$0.02,$0.02,$62,$21,$0,$110,$23,$0,$3,$2,$28,$138,$118,$0,$2,$2,$120,$0,$-259,$0,$18,$138,$3,$8,$2,$10,$3,$1,$-30,$-6,$-43,$-30,$-6,$-0,$0,$0,$0,$0,$0,$-6,$-0,$0,$-0,$-0,$-0,$0,$-0,$-1,$-37,$2,$0
26,2012-03-31,5.24,$0.70,7.53,$45.11,0.12,$-2.47,0.0,$-0.70,0.0,$0.11B,$0.12B,0.93,$0.00B,$0.02B,0.0,$1.05B,$0.18B,16.84%,$1.05B,$-0.02B,-1.43%,$1.05B,$-0.02B,-1.43%,$1.05B,$0.00B,0.19%,$1.05B,$-0.02B,-1.52%,$1.05B,$-0.02B,-1.52%,$-0.02B,$0.02B,-94.12%,$-0.02B,$0.01B,-112.28%,$-0.02B,$0.14B,-9.95%,$-0.02B,$0.02B,-53.10%,$262,$215,$48,$0,$45,$260,$2,$0,$3,$0,$3,$3,$3,$7,$2,$23,23,$0.12,$0.12,$74,$17,$0,$114,$23,$0,$3,$2,$28,$142,$123,$0,$3,$3,$125,$0,$-259,$0,$16,$142,$3,$4,$1,$5,$2,$5,$-28,$2,$-30,$-22,$-2,$0,$0,$0,$0,$0,$0,$-2,$-0,$0,$-0,$-0,$-0,$0,$-0,$-1,$-25,$1,$0
27,2011-12-31,7.84,$0.57,13.79,$45.34,0.17,$-1.90,0.0,$-0.84,0.0,$0.15B,$0.16B,0.91,$0.00B,$0.01B,0.0,$1.05B,$0.18B,16.98%,$1.05B,$-0.02B,-1.61%,$1.05B,$-0.02B,-1.61%,$1.05B,$-0.00B,-0.09%,$1.05B,$-0.02B,-1.80%,$1.05B,$-0.02B,-1.80%,$-0.02B,$0.01B,-92.68%,$-0.02B,$0.01B,-108.57%,$-0.02B,$0.18B,-11.28%,$-0.02B,$0.01B,-48.92%,$314,$263,$51,$0,$53,$316,$-2,$-1,$-3,$0,$-3,$-3,$-3,$2,$-2,$23,23,$-0.15,$-0.15,$99,$23,$0,$149,$25,$0,$3,$2,$30,$180,$163,$0,$3,$3,$166,$0,$-262,$0,$13,$180,$-19,$16,$4,$21,$0,$10,$3,$4,$24,$26,$-9,$-0,$0,$-0,$0,$-0,$0,$-9,$-59,$17,$-42,$-2,$-2,$0,$-0,$-44,$-27,$3,$0
28,2011-09-30,9.27,$0.69,13.48,$46.77,0.2,$-2.81,0.0,$-0.06,0.0,$0.13B,$0.11B,1.17,$0.03B,$0.02B,1.97,$1.09B,$0.19B,17.17%,$1.09B,0,0.00%,$1.09B,0,0.00%,$1.09B,$0.02B,1.47%,$1.09B,$-0.00B,-0.09%,$1.09B,$-0.00B,-0.09%,$-0.00B,$0.02B,-4.00%,$-0.00B,$0.01B,-4.55%,$-0.00B,$0.16B,-0.56%,$0.00B,$0.05B,0.00%,$240,$201,$38,$0,$46,$248,$-8,$-0,$-8,$-0,$-8,$-8,$-8,$-4,$-8,$23,23,$-0.33,$-0.33,$82,$19,$0,$126,$27,$0,$3,$2,$32,$158,$107,$31,$3,$35,$142,$0,$-258,$0,$16,$158,$-16,$13,$2,$15,$5,$14,$-25,$-6,$-15,$-16,$-6,$-0,$0,$-0,$0,$-0,$0,$-6,$-37,$17,$-20,$-2,$-2,$0,$-0,$-22,$-45,$2,$0
29,2011-06-30,15.22,$0.99,15.41,$47.11,0.32,$-4.05,0.0,$0.12,126.83,$0.13B,$0.12B,1.07,$0.01B,$0.02B,0.61,$1.09B,$0.19B,17.37%,$1.09B,$0.01B,0.46%,$1.09B,$0.01B,0.46%,$1.09B,$0.02B,1.92%,$1.09B,$0.00B,0.37%,$1.09B,$0.00B,0.37%,$0.00B,$0.02B,16.33%,$0.00B,$0.02B,18.60%,$0.00B,$0.16B,2.20%,$0.01B,$0.04B,10.99%,$235,$195,$40,$0,$47,$242,$-7,$-0,$-8,$0,$-8,$-8,$-8,$-3,$-7,$23,23,$-0.34,$-0.34,$85,$21,$0,$130,$28,$0,$3,$2,$32,$163,$122,$14,$3,$17,$140,$0,$-251,$0,$23,$163,$-8,$8,$2,$10,$7,$11,$-29,$-6,$-25,$-24,$-4,$0,$0,$-0,$0,$-0,$0,$-4,$-12,$0,$-12,$-2,$-2,$0,$-0,$-14,$-41,$2,$0
30,2011-03-31,15.72,$1.28,12.3,$47.06,0.33,$-5.24,0.0,$0.40,39.3,$0.14B,$0.13B,1.12,$0.01B,$0.03B,0.4,$1.09B,$0.19B,17.61%,$1.09B,$0.01B,1.01%,$1.09B,$0.01B,1.01%,$1.09B,$0.03B,2.39%,$1.09B,$0.01B,1.01%,$1.09B,$0.01B,1.01%,$0.01B,$0.03B,48.35%,$0.01B,$0.03B,55.00%,$0.01B,$0.17B,6.07%,$0.01B,$0.04B,20.75%,$265,$215,$50,$0,$50,$265,$0,$-0,$-0,$0,$-0,$-0,$-0,$4,$0,$23,23,$-0.02,$-0.02,$103,$20,$0,$143,$26,$0,$3,$1,$30,$173,$128,$12,$4,$15,$144,$0,$-243,$0,$30,$173,$-0,$4,$1,$5,$6,$12,$-28,$-0,$-14,$-9,$-2,$0,$0,$-0,$0,$-0,$0,$-2,$-11,$0,$-11,$-2,$-2,$0,$-0,$-13,$-24,$1,$0
31,2010-12-31,16.48,$1.33,12.37,$46.99,0.35,$-6.18,0.0,$0.58,28.41,$0.19B,$0.17B,1.09,$0.01B,$0.03B,0.4,$1.09B,$0.19B,17.36%,$1.09B,$0.02B,1.38%,$1.09B,$0.02B,1.38%,$1.09B,$0.03B,2.66%,$1.09B,$0.02B,1.38%,$1.09B,$0.02B,1.38%,$0.02B,$0.03B,78.95%,$0.02B,$0.03B,92.31%,$0.02B,$0.22B,8.19%,$0.02B,$0.04B,24.49%,$349,$289,$59,$0,$45,$334,$15,$-0,$15,$0,$15,$15,$15,$19,$15,$23,23,$0.65,$0.64,$127,$32,$0,$186,$28,$0,$3,$1,$32,$218,$171,$12,$4,$16,$187,$0,$-242,$0,$31,$218,$14,$15,$4,$19,$-2,$-8,$-9,$5,$-17,$16,$-21,$-0,$0,$-0,$-2,$-2,$0,$-23,$-10,$0,$-10,$1,$1,$0,$-0,$-9,$-16,$5,$0
32,2010-09-30,15.72,$0.62,25.33,$46.04,0.34,$-4.31,0.0,$0.50,31.44,$0.14B,$0.11B,1.28,$0.05B,$0.01B,3.22,$1.06B,$0.19B,17.42%,$1.06B,$0.01B,1.22%,$1.06B,$0.01B,1.22%,$1.06B,$0.03B,2.45%,$1.06B,$0.01B,1.22%,$1.06B,$0.01B,1.22%,$0.01B,$0.01B,92.86%,$0.01B,$0.01B,115.56%,$0.01B,$0.17B,7.10%,$0.01B,$0.06B,19.05%,$245,$204,$41,$0,$45,$249,$-3,$-0,$-3,$-0,$-3,$-3,$-3,$1,$-3,$23,23,$-0.15,$-0.15,$79,$34,$0,$138,$30,$0,$3,$1,$35,$172,$108,$46,$4,$50,$158,$0,$-257,$0,$14,$172,$-1,$11,$3,$14,$3,$-11,$-31,$0,$-45,$-32,$-19,$-0,$0,$-0,$-2,$-2,$0,$-21,$-11,$0,$-11,$1,$1,$0,$-0,$-10,$-63,$4,$0
33,2010-06-30,18.07,$0.71,25.4,$43.89,0.41,$-3.25,0.0,$0.62,29.15,$0.13B,$0.09B,1.41,$0.05B,$0.02B,3.1,$1.01B,$0.18B,17.90%,$1.01B,$0.02B,1.48%,$1.01B,$0.02B,1.48%,$1.01B,$0.03B,2.67%,$1.01B,$0.02B,1.48%,$1.01B,$0.02B,1.48%,$0.02B,$0.02B,157.89%,$0.02B,$0.01B,222.22%,$0.02B,$0.16B,8.52%,$0.02B,$0.07B,22.30%,$231,$190,$42,$0,$43,$233,$-1,$-0,$-1,$-0,$-1,$-1,$-1,$2,$-1,$23,23,$-0.06,$-0.06,$79,$26,$0,$127,$30,$0,$3,$1,$34,$162,$90,$51,$4,$55,$145,$0,$-254,$0,$16,$162,$2,$7,$2,$9,$3,$-2,$-36,$0,$-51,$-40,$-15,$0,$0,$-0,$-0,$-0,$0,$-15,$-9,$0,$-9,$1,$1,$0,$-0,$-9,$-64,$2,$0
34,2010-03-31,16.23,$0.66,24.73,$41.43,0.39,$-2.42,0.0,$0.70,23.19,$0.15B,$0.10B,1.48,$0.06B,$0.02B,4.01,$0.96B,$0.18B,18.32%,$0.96B,$0.02B,1.68%,$0.96B,$0.02B,1.68%,$0.96B,$0.03B,2.93%,$0.96B,$0.02B,1.68%,$0.96B,$0.02B,1.68%,$0.02B,$0.02B,355.56%,$0.02B,$0.01B,1066.67%,$0.02B,$0.18B,9.54%,$0.02B,$0.08B,24.81%,$264,$217,$47,$0,$43,$260,$4,$-0,$4,$0,$4,$4,$4,$7,$4,$23,23,$0.16,$0.16,$109,$20,$0,$150,$27,$0,$3,$1,$31,$181,$102,$60,$4,$64,$166,$0,$-252,$0,$15,$181,$4,$3,$1,$4,$3,$3,$-38,$2,$-36,$-28,$-4,$0,$0,$-0,$0,$-0,$0,$-4,$-0,$0,$-0,$-1,$-1,$0,$-0,$-1,$-34,$1,$0
35,2009-12-31,13.56,$0.47,28.6,$38.20,0.35,$-2.28,0.0,$0.45,30.13,$0.19B,$0.14B,1.36,$0.06B,$0.01B,5.58,$0.88B,$0.16B,18.70%,$0.88B,$0.01B,0.80%,$0.88B,$0.01B,0.80%,$0.88B,$0.02B,2.28%,$0.88B,$0.01B,0.91%,$0.88B,$0.01B,0.91%,$0.01B,$0.01B,-1600.00%,$0.01B,$0.01B,-246.15%,$0.01B,$0.22B,5.11%,$0.01B,$0.07B,11.67%,$322,$267,$55,$0,$42,$309,$13,$-0,$13,$0,$13,$13,$13,$16,$13,$23,23,$0.56,$0.55,$144,$23,$0,$192,$21,$0,$3,$1,$24,$217,$141,$60,$4,$65,$206,$0,$-256,$0,$11,$217,$8,$13,$2,$15,$-5,$-1,$19,$1,$23,$46,$-7,$0,$0,$9,$0,$9,$1,$3,$-5,$0,$-5,$-0,$-0,$0,$-0,$-6,$43,$5,$0
36,2009-09-30,14.67,$-0.17,-87.63,$35.20,0.42,$-4.50,0.0,$-0.06,0.0,$0.12B,$0.09B,1.4,$0.06B,$-0.00B,-15.86,$0.81B,$0.15B,19.11%,$0.81B,$0.00B,0.12%,$0.81B,$0.00B,0.12%,$0.81B,$0.02B,2.11%,$0.81B,$-0.00B,-0.25%,$0.81B,$-0.00B,-0.25%,$-0.00B,$-0.00B,53.33%,$-0.00B,$-0.01B,30.77%,$-0.00B,$0.14B,-1.36%,$0.00B,$0.06B,1.72%,$194,$156,$37,$0,$38,$194,$-1,$-1,$-1,$0,$-1,$-1,$-1,$2,$-1,$23,23,$-0.06,$-0.06,$79,$18,$0,$119,$21,$0,$3,$2,$25,$144,$85,$60,$3,$63,$148,$0,$-268,$0,$-4,$144,$-5,$10,$1,$11,$-2,$3,$-24,$-4,$-26,$-20,$-6,$0,$0,$9,$0,$9,$1,$4,$-5,$0,$-5,$-0,$-0,$0,$-0,$-5,$-21,$3,$0
37,2009-06-30,11.96,$-0.18,-67.23,$34.92,0.34,$-5.82,0.0,$-0.10,0.0,$0.10B,$0.07B,1.48,$0.06B,$-0.00B,-14.9,$0.80B,$0.15B,18.65%,$0.80B,$-0.00B,-0.25%,$0.80B,$-0.00B,-0.25%,$0.80B,$0.02B,2.00%,$0.80B,$-0.00B,-0.38%,$0.80B,$-0.00B,-0.38%,$-0.00B,$-0.00B,80.00%,$-0.00B,$-0.01B,48.00%,$-0.00B,$0.13B,-2.03%,$-0.00B,$0.06B,-3.33%,$175,$139,$36,$0,$36,$175,$0,$0,$0,$0,$0,$0,$0,$3,$0,$23,23,$0.01,$0.01,$70,$12,$0,$103,$21,$0,$3,$3,$26,$129,$70,$60,$3,$64,$133,$0,$-267,$0,$-4,$129,$-4,$7,$-0,$7,$-2,$7,$-34,$-5,$-36,$-32,$-4,$0,$0,$9,$0,$9,$1,$7,$-5,$0,$-5,$-0,$-0,$0,$-0,$-5,$-31,$2,$0
38,2009-03-31,9.15,$-0.20,-45.39,$35.63,0.26,$-6.33,0.0,$-0.40,0.0,$0.11B,$0.08B,1.44,$0.06B,$-0.01B,-13.42,$0.81B,$0.15B,17.96%,$0.81B,$-0.01B,-1.11%,$0.81B,$-0.01B,-1.11%,$0.81B,$0.01B,1.48%,$0.81B,$-0.01B,-1.23%,$0.81B,$-0.01B,-1.23%,$-0.01B,$-0.01B,1333.33%,$-0.01B,$-0.01B,307.69%,$-0.01B,$0.14B,-6.45%,$-0.01B,$0.06B,-13.43%,$186,$150,$36,$0,$41,$191,$-5,$1,$-4,$0,$-4,$-4,$-4,$-1,$-5,$23,23,$-0.17,$-0.17,$79,$12,$0,$110,$21,$0,$3,$3,$26,$136,$76,$62,$3,$65,$141,$0,$-267,$0,$-5,$136,$-4,$4,$-1,$4,$-2,$8,$-29,$-3,$-27,$-27,$-2,$0,$0,$9,$0,$9,$1,$8,$-3,$0,$-3,$-0,$-0,$0,$-0,$-3,$-22,$1,$0
39,2008-12-31,10.78,$-0.10,-108.67,$36.17,0.3,$-6.88,0.0,$-0.48,0.0,$0.15B,$0.11B,1.38,$0.07B,$-0.00B,-29.63,$0.83B,$0.14B,17.35%,$0.83B,$-0.01B,-1.08%,$0.83B,$-0.01B,-1.08%,$0.83B,$0.01B,1.69%,$0.83B,$-0.01B,-1.33%,$0.83B,$-0.01B,-1.33%,$-0.01B,$-0.00B,-314.29%,$-0.01B,$-0.01B,-1100.00%,$-0.01B,$0.18B,-6.79%,$-0.01B,$0.06B,-12.04%,$251,$206,$45,$0,$38,$244,$7,$-5,$3,$0,$3,$3,$3,$13,$7,$23,23,$0.11,$0.11,$110,$25,$0,$153,$25,$0,$3,$1,$28,$181,$111,$67,$6,$72,$183,$0,$-263,$0,$-2,$181,$-11,$23,$4,$28,$5,$6,$-11,$-2,$-10,$6,$-19,$0,$0,$37,$0,$37,$2,$20,$-10,$0,$-10,$-12,$-12,$0,$0,$-22,$4,$4,$0
40,2008-09-30,19.81,$-0.16,-122.44,$37.81,0.52,$-5.88,0.0,$-0.70,0.0,$0.11B,$0.08B,1.42,$0.07B,$-0.00B,-18.06,$0.88B,$0.15B,16.51%,$0.88B,$-0.02B,-2.73%,$0.88B,$-0.02B,-2.73%,$0.88B,0,0.00%,$0.88B,$-0.02B,-2.39%,$0.88B,$-0.02B,-2.39%,$-0.02B,$-0.00B,-247.06%,$-0.02B,$-0.01B,-350.00%,$-0.02B,$0.15B,-12.03%,$-0.02B,$0.06B,-29.18%,$187,$155,$32,$0,$36,$191,$-4,$3,$-2,$0,$-2,$-2,$-2,$1,$-4,$23,23,$-0.07,$-0.07,$70,$17,$0,$114,$25,$0,$3,$0,$32,$145,$80,$66,$3,$69,$149,$0,$-266,$-0,$-4,$145,$-14,$18,$0,$19,$1,$7,$-36,$-7,$-46,$-41,$-15,$0,$0,$19,$0,$19,$2,$5,$-10,$0,$-10,$-12,$-12,$0,$0,$-22,$-58,$4,$0
41,2008-06-30,25.95,$0.36,71.8,$36.35,0.71,$-5.44,0.0,$-0.83,0.0,$0.13B,$0.07B,1.82,$0.08B,$0.01B,9.21,$0.85B,$0.14B,16.45%,$0.85B,$-0.03B,-3.06%,$0.85B,$-0.03B,-3.06%,$0.85B,0,0.00%,$0.85B,$-0.03B,-2.94%,$0.85B,$-0.03B,-2.94%,$-0.03B,$0.01B,-144.93%,$-0.03B,$0.01B,-172.41%,$-0.03B,$0.16B,-13.68%,$-0.03B,$0.08B,-27.96%,$189,$156,$33,$0,$40,$196,$-7,$-0,$-7,$0,$-7,$-7,$-7,$-1,$-7,$23,23,$-0.32,$-0.32,$87,$14,$0,$129,$21,$0,$3,$0,$29,$158,$71,$76,$3,$79,$150,$0,$-254,$-0,$8,$158,$-12,$13,$3,$15,$1,$13,$-39,$-6,$-44,$-41,$-6,$0,$0,$16,$0,$16,$1,$11,$-4,$0,$-4,$-11,$-11,$0,$0,$-15,$-45,$3,$0
42,2008-03-31,11.91,$0.54,21.89,$34.33,0.35,$-5.28,0.0,$-1.13,0.0,$0.14B,$0.07B,1.85,$0.08B,$0.01B,6.13,$0.81B,$0.13B,16.40%,$0.81B,$-0.03B,-4.07%,$0.81B,$-0.03B,-4.07%,$0.81B,$-0.00B,-0.49%,$0.81B,$-0.03B,-3.82%,$0.81B,$-0.03B,-3.95%,$-0.03B,$0.01B,-137.63%,$-0.03B,$0.01B,-156.10%,$-0.03B,$0.16B,-17.09%,$-0.03B,$0.09B,-33.42%,$203,$169,$34,$0,$39,$208,$-5,$0,$-5,$0,$-5,$-5,$-5,$1,$-5,$23,23,$-0.20,$-0.20,$90,$18,$0,$135,$22,$0,$3,$0,$29,$164,$73,$76,$3,$79,$151,$0,$-248,$0,$12,$164,$-5,$7,$1,$8,$2,$9,$-38,$-5,$-44,$-41,$-1,$0,$0,$16,$0,$16,$1,$16,$-4,$0,$-4,$-12,$-12,$0,$0,$-16,$-41,$1,$0
43,2007-12-31,15.53,$0.76,20.31,$32.34,0.48,$-5.96,0.0,$-1.87,0.0,$0.20B,$0.13B,1.47,$0.08B,$0.02B,4.15,$0.77B,$0.12B,16.19%,$0.77B,$-0.05B,-6.01%,$0.77B,$-0.05B,-6.01%,$0.77B,$-0.02B,-1.96%,$0.77B,$-0.04B,-5.74%,$0.77B,$-0.05B,-6.27%,$-0.05B,$0.02B,-154.84%,$-0.05B,$0.02B,-169.91%,$-0.05B,$0.23B,-25.30%,$-0.05B,$0.09B,-43.19%,$299,$253,$46,$0,$53,$307,$-8,$0,$-7,$0,$-7,$-7,$-7,$-1,$-8,$24,24,$-0.30,$-0.30,$147,$26,$0,$197,$27,$0,$3,$0,$34,$231,$134,$76,$3,$79,$213,$0,$-252,$-0,$18,$231,$-48,$30,$20,$50,$5,$-3,$12,$3,$12,$14,$-3,$0,$10,$-46,$0,$-46,$5,$-34,$-5,$0,$-5,$3,$3,$0,$0,$-2,$-22,$4,$0
44,2007-09-30,28.8,$1.29,22.25,$33.80,0.85,$-8.87,0.0,$-3.61,0.0,$0.14B,$0.07B,2.0,$0.08B,$0.03B,2.45,$0.75B,$0.10B,13.28%,$0.75B,$-0.08B,-11.16%,$0.75B,$-0.08B,-11.16%,$0.75B,$-0.05B,-6.37%,$0.75B,$-0.08B,-11.02%,$0.75B,$-0.09B,-12.22%,$-0.09B,$0.03B,-219.05%,$-0.09B,$0.03B,-234.39%,$-0.09B,$0.18B,-46.94%,$-0.08B,$0.11B,-71.04%,$160,$133,$27,$0,$33,$166,$-6,$0,$-6,$0,$-6,$-6,$-6,$1,$-6,$24,24,$-0.24,$-0.24,$91,$22,$0,$138,$33,$0,$3,$0,$40,$178,$69,$76,$3,$79,$147,$0,$-239,$-0,$31,$178,$-42,$23,$21,$44,$8,$-3,$-26,$-8,$-48,$-46,$-2,$0,$10,$-17,$0,$-17,$5,$-4,$-5,$0,$-5,$2,$2,$0,$0,$-3,$-53,$4,$0
45,2007-06-30,18.27,$1.34,13.61,$34.67,0.53,$-11.60,0.0,$-4.60,0.0,$0.13B,$0.07B,1.96,$0.08B,$0.03B,2.37,$0.75B,$0.09B,12.53%,$0.75B,$-0.10B,-13.47%,$0.75B,$-0.10B,-13.47%,$0.75B,$-0.06B,-8.53%,$0.75B,$-0.10B,-13.47%,$0.75B,$-0.11B,-14.80%,$-0.11B,$0.03B,-217.65%,$-0.11B,$0.03B,-242.62%,$-0.11B,$0.18B,-53.62%,$-0.10B,$0.11B,-78.75%,$149,$123,$26,$0,$34,$162,$-14,$0,$-13,$0,$-13,$-13,$-14,$-5,$-14,$24,24,$-0.58,$-0.58,$93,$15,$0,$129,$40,$0,$3,$0,$47,$176,$66,$75,$3,$79,$145,$0,$-234,$-0,$32,$176,$-35,$16,$19,$35,$3,$5,$-33,$-0,$-43,$-43,$-2,$0,$10,$-18,$0,$-18,$5,$-5,$-5,$0,$-5,$2,$2,$0,$0,$-3,$-52,$3,$0
46,2007-03-31,16.6,$1.84,9.04,$36.27,0.46,$-14.20,0.0,$-4.80,0.0,$0.11B,$0.06B,1.97,$0.08B,$0.04B,1.74,$0.76B,$0.09B,11.84%,$0.76B,$-0.10B,-13.55%,$0.76B,$-0.10B,-13.55%,$0.76B,$-0.07B,-8.95%,$0.76B,$-0.10B,-13.55%,$0.76B,$-0.11B,-14.87%,$-0.11B,$0.04B,-174.52%,$-0.11B,$0.04B,-198.25%,$-0.11B,$0.17B,-51.07%,$-0.10B,$0.12B,-72.03%,$158,$133,$25,$0,$37,$176,$-18,$-0,$-18,$0,$-18,$-18,$-21,$-10,$-18,$24,24,$-0.91,$-0.91,$68,$17,$2,$109,$49,$0,$3,$13,$65,$174,$56,$75,$0,$75,$131,$0,$-220,$-0,$43,$174,$-21,$8,$11,$19,$4,$3,$-38,$-1,$-56,$-58,$-0,$0,$0,$0,$0,$0,$4,$3,$-5,$0,$-5,$1,$1,$0,$0,$-4,$-59,$1,$0
47,2006-12-31,15.8,$2.65,5.97,$38.76,0.41,$-15.80,0.0,$-4.71,0.0,$0.18B,$0.12B,1.57,$0.08B,$0.06B,1.28,$0.78B,$0.09B,11.41%,$0.78B,$-0.10B,-12.69%,$0.78B,$-0.10B,-12.69%,$0.78B,$-0.07B,-8.46%,$0.78B,$-0.10B,-12.82%,$0.78B,$-0.11B,-13.85%,$-0.11B,$0.06B,-147.44%,$-0.11B,$0.06B,-172.11%,$-0.11B,$0.26B,-44.81%,$-0.10B,$0.14B,-65.02%,$286,$264,$22,$0,$63,$332,$-46,$-0,$-46,$0,$-46,$-46,$-51,$-34,$-46,$20,20,$-2.46,$-2.46,$127,$20,$5,$180,$56,$0,$3,$17,$76,$256,$115,$79,$0,$79,$194,$0,$-199,$-0,$62,$256,$-107,$33,$16,$49,$-1,$75,$-35,$4,$32,$-26,$-23,$0,$0,$57,$0,$57,$0,$33,$-3,$0,$-3,$67,$67,$0,$0,$64,$71,$4,$0
