,Date,Stock Price,Book Value per Share,Price to Book Ratio,TTM Sales per Share,Price to Sales Ratio,TTM FCF per Share,Price to FCF Ratio,TTM Net EPS,PE Ratio,Current Assets,Current Liabilities,Current Ratio,Long Term Debt,Shareholder's Equity_x,Debt to Equity Ratio,TTM Revenue_x,TTM Gross Profit,Gross Margin,TTM Revenue_y,TTM Operating Income,Operating Margin,TTM Revenue_x,TTM EBIT,EBIT Margin,TTM Revenue_y,TTM EBITDA,EBITDA Margin,TTM Revenue_x,TTM Pre-Tax Income,Pre-Tax Margin,TTM Revenue_y,TTM Net Income_x,Net Margin,TTM Net Income_y,Shareholder's Equity_y,Return on Equity,TTM Net Income_x,Tangible Equity,Return on Tangible Equity,TTM Net Income_y,Total Assets,Return on Assets,TTM Net Income,LT Investments & Debt,Return on Investment,revenue,cost-goods-sold,gross-profit,research-development-expenses,selling-general-administrative-expenses,operating-expenses,operating-income,total-non-operating-income-expense,pre-tax-income,total-provision-income-taxes,income-after-taxes,income-from-continuous-operations,net-income,ebitda,ebit,basic-shares-outstanding,shares-outstanding,eps-basic-net-earnings-per-share,eps-earnings-per-share-diluted,cash-on-hand,inventory,other-current-assets,total-current-assets,net-property-plant-equipment,long-term-investments,goodwill-intangible-assets-total,other-long-term-assets,total-long-term-assets,total-assets,total-current-liabilities,long-term-debt,other-non-current-liabilities,total-long-term-liabilities,total-liabilities,common-stock-net,retained-earnings-accumulated-deficit,comprehensive-income,total-share-holder-equity,total-liabilities-share-holders-equity,net-income-loss,total-depreciation-amortization-cash-flow,other-non-cash-items,total-non-cash-items,change-in-accounts-receivable,change-in-inventories,change-in-accounts-payable,change-in-assets-liabilities,total-change-in-assets-liabilities,cash-flow-from-operating-activities,net-change-in-property-plant-equipment,net-change-in-intangible-assets,net-acquisitions-divestitures,net-change-in-short-term-investments,net-change-in-long-term-investments,net-change-in-investments-total,investing-activities-other,cash-flow-from-investing-activities,net-long-term-debt,net-current-debt,debt-issuance-retirement-net-total,net-common-equity-issued-repurchased,net-total-equity-issued-repurchased,total-common-preferred-stock-dividends-paid,financial-activities-other,cash-flow-from-financial-activities,net-cash-flow,stock-based-compensation,common-stock-dividends-paid
0,2018-09-30,36.65,$24.05,1.52,$12.30,2.98,$8.78,4.17,$1.90,19.29,$0.84B,$0.87B,0.97,$0.05B,$0.11B,0.43,$0.06B,$0.05B,91.38%,$0.06B,$0.01B,24.14%,$0.06B,0,0.00%,$0.06B,0,0.00%,$0.06B,$0.01B,24.14%,$0.06B,$0.01B,15.52%,$0.01B,$0.11B,8.05%,$0.01B,$0.11B,8.67%,$0.01B,$1.03B,0.86%,$0.01B,$0.16B,8.72%,$14,$1,$13,$0,$10,$12,$2,$0,$2,$0,$2,$2,$2,$0,$0,$5,5,$0.37,$0.37,$65,$0,$0,$842,$14,$130,$8,$40,$191,$1034,$871,$49,$0,$49,$920,$5,$78,$-3,$114,$1034,$0,$0,$0,$0,$0,$0,$0,$0,$0,$13,$-1,$0,$0,$0,$-6,$-6,$-15,$-22,$5,$-0,$5,$1,$1,$-3,$-4,$-1,$-9,$0,$-3
1,2018-06-30,52.24,$23.95,2.18,$12.22,4.28,$7.32,7.13,$1.88,27.79,$0.84B,$0.86B,0.97,$0.05B,$0.11B,0.44,$0.06B,$0.05B,91.38%,$0.06B,$0.01B,24.14%,$0.06B,0,0.00%,$0.06B,0,0.00%,$0.06B,$0.01B,24.14%,$0.06B,$0.01B,15.52%,$0.01B,$0.11B,8.13%,$0.01B,$0.11B,8.76%,$0.01B,$1.03B,0.86%,$0.01B,$0.16B,8.83%,$14,$1,$13,$0,$9,$11,$4,$0,$4,$1,$3,$3,$3,$0,$0,$5,5,$0.63,$0.63,$63,$0,$0,$840,$14,$125,$8,$39,$185,$1025,$862,$50,$0,$50,$912,$5,$77,$-3,$113,$1025,$0,$0,$0,$0,$0,$0,$0,$0,$0,$9,$-0,$0,$0,$0,$-1,$-1,$-13,$-15,$6,$-0,$5,$1,$1,$-2,$-10,$-6,$-11,$0,$-2
2,2018-03-31,41.49,$23.56,1.76,$11.95,3.47,$6.44,6.44,$1.62,25.61,$0.91B,$0.93B,0.97,$0.05B,$0.11B,0.46,$0.06B,$0.05B,91.23%,$0.06B,$0.01B,21.05%,$0.06B,0,0.00%,$0.06B,0,0.00%,$0.06B,$0.01B,21.05%,$0.06B,$0.01B,14.04%,$0.01B,$0.11B,7.29%,$0.01B,$0.10B,7.86%,$0.01B,$1.10B,0.78%,$0.01B,$0.16B,7.63%,$16,$1,$15,$0,$10,$12,$4,$0,$4,$1,$3,$3,$3,$0,$0,$5,5,$0.71,$0.71,$144,$0,$0,$907,$13,$130,$8,$38,$190,$1096,$934,$51,$0,$51,$985,$5,$75,$-2,$111,$1096,$0,$0,$0,$0,$0,$0,$0,$0,$0,$6,$-0,$0,$0,$0,$-6,$-6,$1,$-5,$7,$-0,$7,$0,$0,$-1,$63,$69,$70,$0,$-1
3,2017-12-31,39.85,$23.26,1.71,$11.78,3.38,$6.07,6.57,$1.60,24.91,$0.84B,$0.87B,0.96,$0.04B,$0.11B,0.41,$0.06B,$0.05B,91.07%,$0.06B,$0.01B,21.43%,$0.06B,0,0.00%,$0.06B,0,0.00%,$0.06B,$0.01B,21.43%,$0.06B,$0.01B,14.29%,$0.01B,$0.11B,7.34%,$0.01B,$0.10B,7.92%,$0.01B,$1.03B,0.79%,$0.01B,$0.15B,7.72%,$14,$1,$12,$0,$8,$10,$4,$0,$4,$3,$1,$1,$1,$0,$0,$5,5,$0.19,$0.19,$75,$0,$0,$839,$13,$126,$8,$40,$187,$1026,$872,$44,$0,$44,$917,$5,$73,$-1,$109,$1026,$8,$2,$3,$5,$-0,$0,$0,$0,$2,$14,$-0,$0,$0,$0,$-4,$-4,$-38,$-42,$-1,$-0,$-1,$1,$1,$-4,$66,$62,$34,$0,$-4
4,2017-09-30,35.7,$23.44,1.52,$11.70,3.05,$5.81,6.15,$1.84,19.4,$0.82B,$0.86B,0.95,$0.05B,$0.11B,0.41,$0.05B,$0.05B,92.59%,$0.05B,$0.01B,20.37%,$0.05B,0,0.00%,$0.05B,0,0.00%,$0.05B,$0.01B,20.37%,$0.05B,$0.01B,16.67%,$0.01B,$0.11B,8.33%,$0.01B,$0.10B,9.02%,$0.01B,$1.02B,0.90%,$0.01B,$0.16B,7.12%,$14,$1,$13,$0,$11,$12,$2,$0,$2,$0,$2,$2,$2,$0,$0,$5,5,$0.35,$0.35,$50,$0,$0,$824,$13,$132,$8,$43,$196,$1020,$864,$45,$0,$45,$910,$5,$73,$-0,$110,$1020,$0,$0,$0,$0,$0,$0,$0,$0,$0,$6,$-0,$0,$0,$0,$-8,$-8,$-43,$-51,$-0,$-0,$-0,$0,$0,$-3,$59,$56,$10,$0,$-3
5,2017-06-30,35.15,$23.27,1.51,$11.38,3.09,$6.77,5.19,$1.57,22.39,$0.79B,$0.82B,0.96,$0.05B,$0.11B,0.45,$0.05B,$0.05B,92.31%,$0.05B,$0.01B,19.23%,$0.05B,0,0.00%,$0.05B,0,0.00%,$0.05B,$0.01B,17.31%,$0.05B,$0.01B,13.46%,$0.01B,$0.11B,6.54%,$0.01B,$0.10B,7.07%,$0.01B,$0.98B,0.71%,$0.01B,$0.16B,6.53%,$13,$1,$12,$0,$10,$11,$2,$0,$2,$0,$2,$2,$2,$0,$0,$5,5,$0.37,$0.37,$35,$0,$0,$788,$13,$129,$8,$42,$192,$980,$822,$49,$0,$49,$871,$5,$72,$-0,$109,$980,$0,$0,$0,$0,$0,$0,$0,$0,$0,$5,$-0,$0,$0,$0,$-5,$-5,$-24,$-29,$4,$-0,$4,$0,$0,$-2,$18,$19,$-5,$0,$-2
6,2017-03-31,27.54,$23.00,1.2,$11.18,2.46,$7.48,3.68,$1.61,17.1,$0.85B,$0.88B,0.96,$0.05B,$0.11B,0.44,$0.05B,$0.05B,92.00%,$0.05B,$0.01B,20.00%,$0.05B,0,0.00%,$0.05B,0,0.00%,$0.05B,$0.01B,18.00%,$0.05B,$0.01B,14.00%,$0.01B,$0.11B,6.76%,$0.01B,$0.10B,7.20%,$0.01B,$1.04B,0.74%,$0.01B,$0.16B,6.78%,$15,$1,$14,$0,$9,$10,$4,$0,$4,$1,$3,$3,$3,$0,$0,$5,5,$0.69,$0.69,$112,$0,$0,$846,$13,$130,$8,$40,$191,$1037,$881,$48,$0,$48,$929,$5,$71,$-1,$108,$1037,$0,$0,$0,$0,$0,$0,$0,$0,$0,$4,$-0,$0,$0,$0,$-6,$-6,$-4,$-11,$2,$-0,$2,$0,$0,$-1,$78,$79,$72,$0,$-1
7,2016-12-31,26.13,$22.40,1.17,$11.15,2.34,$7.96,3.28,$1.61,16.23,$0.77B,$0.81B,0.96,$0.05B,$0.11B,0.44,$0.05B,$0.04B,91.67%,$0.05B,$0.01B,20.83%,$0.05B,0,0.00%,$0.05B,0,0.00%,$0.05B,$0.01B,18.75%,$0.05B,$0.01B,14.58%,$0.01B,$0.11B,7.00%,$0.01B,$0.10B,7.35%,$0.01B,$0.96B,0.77%,$0.01B,$0.15B,7.08%,$12,$1,$11,$0,$8,$9,$3,$-0,$3,$1,$2,$2,$2,$0,$0,$4,4,$0.41,$0.41,$42,$0,$0,$771,$13,$123,$8,$39,$183,$955,$805,$46,$0,$46,$850,$5,$69,$-1,$105,$955,$7,$2,$2,$4,$-0,$0,$0,$2,$3,$13,$-1,$0,$2,$0,$-1,$-1,$-38,$-38,$13,$0,$13,$0,$0,$-4,$10,$20,$-5,$0,$-4
8,2016-09-30,21.14,$22.67,0.93,$10.86,1.95,$7.35,2.88,$1.64,12.89,$0.78B,$0.82B,0.95,$0.04B,$0.11B,0.42,$0.05B,$0.04B,93.48%,$0.05B,$0.01B,19.57%,$0.05B,0,0.00%,$0.05B,0,0.00%,$0.05B,$0.01B,17.39%,$0.05B,$0.01B,15.22%,$0.01B,$0.11B,7.27%,$0.01B,$0.10B,7.49%,$0.01B,$0.97B,0.81%,$0.01B,$0.15B,6.69%,$12,$1,$11,$0,$10,$11,$1,$-0,$0,$-0,$0,$0,$0,$0,$0,$4,4,$0.08,$0.08,$62,$0,$0,$778,$12,$131,$7,$41,$192,$970,$820,$44,$0,$44,$864,$5,$68,$1,$106,$970,$0,$0,$0,$0,$0,$0,$0,$0,$0,$10,$-0,$0,$2,$0,$-6,$-6,$-24,$-28,$12,$-0,$12,$0,$0,$-3,$26,$35,$16,$0,$-3
9,2016-06-30,20.62,$22.89,0.9,$10.86,1.9,$7.03,2.93,$1.96,10.52,$0.66B,$0.69B,0.95,$0.04B,$0.10B,0.42,$0.05B,$0.04B,93.33%,$0.05B,$0.01B,22.22%,$0.05B,0,0.00%,$0.05B,0,0.00%,$0.05B,$0.01B,22.22%,$0.05B,$0.01B,20.00%,$0.01B,$0.10B,9.76%,$0.01B,$0.09B,9.89%,$0.01B,$0.83B,1.09%,$0.01B,$0.14B,7.83%,$11,$1,$10,$0,$8,$8,$2,$-0,$2,$0,$2,$2,$2,$0,$0,$4,4,$0.41,$0.41,$57,$0,$0,$655,$10,$120,$1,$39,$171,$826,$692,$40,$0,$40,$732,$5,$69,$1,$95,$826,$0,$0,$0,$0,$0,$0,$0,$0,$0,$7,$-0,$0,$0,$0,$-1,$-1,$-18,$-19,$7,$-0,$7,$0,$0,$-2,$18,$23,$12,$0,$-2
10,2016-03-31,20.32,$22.61,0.9,$10.86,1.87,$6.29,3.23,$1.89,10.75,$0.72B,$0.75B,0.96,$0.04B,$0.09B,0.39,$0.05B,$0.04B,93.33%,$0.05B,$0.01B,22.22%,$0.05B,0,0.00%,$0.05B,0,0.00%,$0.05B,$0.01B,22.22%,$0.05B,$0.01B,17.78%,$0.01B,$0.09B,8.82%,$0.01B,$0.09B,8.94%,$0.01B,$0.88B,0.97%,$0.01B,$0.13B,8.03%,$13,$1,$12,$0,$8,$9,$4,$-0,$4,$1,$3,$3,$3,$0,$0,$4,4,$0.69,$0.69,$139,$0,$0,$720,$10,$114,$1,$38,$164,$884,$753,$37,$0,$37,$790,$5,$68,$1,$94,$884,$0,$0,$0,$0,$0,$0,$0,$0,$0,$5,$-0,$0,$0,$0,$5,$5,$-0,$5,$4,$-0,$4,$0,$0,$-1,$80,$84,$94,$0,$-1
11,2015-12-31,22.73,$21.97,1.03,$10.89,2.09,$8.08,2.81,$2.08,10.93,$0.63B,$0.67B,0.93,$0.03B,$0.09B,0.36,$0.05B,$0.04B,93.33%,$0.05B,$0.01B,24.44%,$0.05B,0,0.00%,$0.05B,0,0.00%,$0.05B,$0.01B,24.44%,$0.05B,$0.01B,20.00%,$0.01B,$0.09B,10.06%,$0.01B,$0.09B,10.17%,$0.01B,$0.80B,1.10%,$0.01B,$0.12B,8.98%,$10,$1,$10,$0,$7,$8,$2,$0,$2,$1,$2,$2,$2,$0,$0,$4,4,$0.46,$0.46,$46,$0,$0,$626,$10,$118,$1,$40,$170,$796,$673,$32,$0,$32,$706,$5,$66,$0,$90,$796,$9,$1,$1,$2,$-0,$0,$0,$-1,$-0,$10,$-1,$0,$0,$0,$-5,$-5,$1,$-5,$-1,$0,$-1,$0,$0,$-4,$14,$9,$15,$0,$-4
12,2015-09-30,22.25,$21.84,1.02,$10.96,2.03,$8.72,2.55,$1.72,12.94,$0.64B,$0.69B,0.94,$0.03B,$0.09B,0.36,$0.05B,$0.04B,91.30%,$0.05B,$0.01B,21.74%,$0.05B,0,0.00%,$0.05B,0,0.00%,$0.05B,$0.01B,21.74%,$0.05B,$0.01B,15.22%,$0.01B,$0.09B,7.91%,$0.01B,$0.09B,8.00%,$0.01B,$0.81B,0.86%,$0.01B,$0.12B,8.21%,$11,$1,$10,$0,$8,$8,$2,$0,$2,$1,$2,$2,$2,$0,$0,$4,4,$0.40,$0.40,$64,$0,$0,$644,$10,$116,$1,$37,$164,$808,$686,$33,$0,$33,$719,$5,$65,$1,$90,$808,$0,$0,$0,$0,$0,$0,$0,$0,$0,$9,$-1,$0,$0,$0,$-2,$-2,$6,$4,$-1,$0,$-1,$0,$0,$-3,$25,$21,$33,$0,$-3
13,2015-06-30,20.57,$21.58,0.95,$11.07,1.86,$9.30,2.21,$1.99,10.34,$0.64B,$0.68B,0.94,$0.03B,$0.09B,0.37,$0.05B,$0.04B,91.30%,$0.05B,$0.01B,26.09%,$0.05B,0,0.00%,$0.05B,0,0.00%,$0.05B,$0.01B,26.09%,$0.05B,$0.01B,17.39%,$0.01B,$0.09B,9.14%,$0.01B,$0.09B,9.25%,$0.01B,$0.80B,0.99%,$0.01B,$0.12B,9.94%,$11,$1,$10,$0,$8,$9,$2,$0,$2,$0,$1,$1,$1,$0,$0,$4,4,$0.34,$0.34,$53,$0,$0,$640,$10,$113,$1,$35,$160,$800,$679,$33,$0,$33,$711,$5,$64,$1,$89,$800,$0,$0,$0,$0,$0,$0,$0,$0,$0,$5,$-1,$0,$0,$0,$0,$0,$-0,$-1,$-1,$0,$-1,$0,$0,$-2,$19,$17,$21,$0,$-2
14,2015-03-31,20.24,$21.68,0.93,$11.12,1.82,$9.77,2.07,$1.98,10.22,$0.71B,$0.75B,0.95,$0.03B,$0.09B,0.37,$0.05B,$0.04B,91.30%,$0.05B,$0.01B,26.09%,$0.05B,0,0.00%,$0.05B,0,0.00%,$0.05B,$0.01B,26.09%,$0.05B,$0.01B,17.39%,$0.01B,$0.09B,9.28%,$0.01B,$0.09B,9.38%,$0.01B,$0.87B,1.00%,$0.01B,$0.12B,10.08%,$13,$1,$12,$0,$7,$8,$5,$0,$5,$1,$4,$4,$4,$0,$0,$4,4,$0.88,$0.88,$117,$0,$0,$705,$9,$119,$1,$33,$163,$868,$746,$33,$0,$33,$779,$5,$64,$1,$89,$868,$0,$0,$0,$0,$0,$0,$0,$0,$0,$13,$-0,$0,$0,$0,$-4,$-4,$0,$-4,$-0,$0,$-0,$0,$0,$-1,$78,$76,$85,$0,$-1
15,2014-12-31,21.87,$20.94,1.04,$11.26,1.94,$7.94,2.76,$1.97,11.1,$0.62B,$0.66B,0.94,$0.03B,$0.09B,0.39,$0.05B,$0.04B,91.49%,$0.05B,$0.01B,25.53%,$0.05B,0,0.00%,$0.05B,0,0.00%,$0.05B,$0.01B,25.53%,$0.05B,$0.01B,17.02%,$0.01B,$0.09B,9.44%,$0.01B,$0.09B,9.55%,$0.01B,$0.78B,1.02%,$0.01B,$0.12B,10.30%,$11,$1,$10,$0,$9,$10,$1,$0,$1,$0,$0,$0,$0,$0,$0,$4,4,$0.10,$0.10,$31,$0,$0,$619,$9,$115,$1,$34,$159,$779,$659,$33,$0,$33,$692,$5,$61,$1,$86,$779,$8,$2,$1,$3,$0,$0,$0,$-0,$1,$12,$-0,$0,$1,$0,$0,$0,$-31,$-30,$6,$0,$6,$0,$0,$-3,$18,$21,$3,$0,$-3
16,2014-09-30,20.4,$20.97,0.97,$11.12,1.83,$8.56,2.38,$2.34,8.72,$0.62B,$0.66B,0.94,$0.03B,$0.09B,0.38,$0.05B,$0.04B,91.30%,$0.05B,$0.01B,30.43%,$0.05B,0,0.00%,$0.05B,0,0.00%,$0.05B,$0.01B,30.43%,$0.05B,$0.01B,21.74%,$0.01B,$0.09B,12.01%,$0.01B,$0.09B,12.16%,$0.01B,$0.78B,1.28%,$0.01B,$0.12B,12.33%,$11,$1,$10,$0,$6,$7,$4,$0,$4,$1,$3,$3,$3,$0,$0,$4,4,$0.67,$0.67,$40,$0,$0,$622,$9,$110,$1,$35,$156,$777,$659,$33,$0,$33,$691,$5,$61,$1,$86,$777,$0,$0,$0,$0,$0,$0,$0,$0,$0,$10,$-0,$0,$0,$0,$5,$5,$-23,$-19,$5,$0,$5,$0,$0,$-3,$17,$20,$11,$0,$-3
17,2014-06-30,20.08,$20.58,0.98,$10.97,1.83,$8.79,2.28,$2.02,9.94,$0.60B,$0.65B,0.93,$0.03B,$0.08B,0.36,$0.05B,$0.04B,93.33%,$0.05B,$0.01B,24.44%,$0.05B,0,0.00%,$0.05B,0,0.00%,$0.05B,$0.01B,24.44%,$0.05B,$0.01B,17.78%,$0.01B,$0.08B,9.82%,$0.01B,$0.08B,9.94%,$0.01B,$0.76B,1.04%,$0.01B,$0.12B,9.95%,$11,$1,$10,$0,$8,$9,$2,$0,$2,$0,$1,$1,$1,$0,$0,$4,4,$0.33,$0.33,$23,$0,$0,$604,$9,$115,$1,$34,$159,$764,$649,$30,$0,$30,$679,$5,$59,$1,$84,$764,$0,$0,$0,$0,$0,$0,$0,$0,$0,$7,$-1,$0,$0,$0,$0,$0,$-22,$-23,$3,$0,$3,$0,$0,$-2,$9,$10,$-6,$0,$-2
18,2014-03-31,19.08,$20.35,0.94,$10.97,1.74,$9.31,2.05,$2.17,8.79,$0.67B,$0.71B,0.93,$0.03B,$0.08B,0.34,$0.05B,$0.04B,93.33%,$0.05B,$0.01B,26.67%,$0.05B,0,0.00%,$0.05B,0,0.00%,$0.05B,$0.01B,26.67%,$0.05B,$0.01B,20.00%,$0.01B,$0.08B,11.25%,$0.01B,$0.08B,11.39%,$0.01B,$0.83B,1.17%,$0.01B,$0.11B,11.09%,$14,$1,$13,$0,$8,$9,$5,$0,$5,$2,$4,$4,$4,$0,$0,$4,4,$0.87,$0.87,$96,$0,$0,$665,$9,$118,$1,$31,$160,$826,$713,$29,$0,$29,$742,$5,$59,$1,$83,$826,$0,$0,$0,$0,$0,$0,$0,$0,$0,$6,$-1,$0,$0,$0,$-3,$-3,$-8,$-12,$1,$0,$1,$0,$0,$-1,$73,$74,$67,$0,$-1
19,2013-12-31,18.9,$19.62,0.96,$10.95,1.73,$9.32,2.03,$2.09,9.04,$0.59B,$0.64B,0.92,$0.03B,$0.08B,0.34,$0.04B,$0.04B,93.18%,$0.04B,$0.01B,25.00%,$0.04B,0,0.00%,$0.04B,0,0.00%,$0.04B,$0.01B,25.00%,$0.04B,$0.01B,18.18%,$0.01B,$0.08B,10.13%,$0.01B,$0.08B,10.29%,$0.01B,$0.75B,1.04%,$0.01B,$0.11B,10.40%,$10,$1,$9,$0,$6,$7,$3,$0,$3,$1,$2,$2,$2,$0,$0,$4,4,$0.47,$0.47,$28,$0,$0,$590,$9,$115,$1,$32,$157,$747,$640,$27,$0,$27,$667,$5,$56,$0,$80,$747,$8,$2,$1,$3,$0,$0,$0,$1,$2,$13,$1,$0,$0,$0,$7,$7,$-8,$-1,$-1,$0,$-1,$0,$0,$-3,$-26,$-30,$-17,$0,$-3
20,2013-09-30,17.15,$19.46,0.88,$11.12,1.54,$8.89,1.93,$2.02,8.49,$0.58B,$0.64B,0.91,$0.03B,$0.08B,0.35,$0.05B,$0.04B,91.11%,$0.05B,$0.01B,22.22%,$0.05B,0,0.00%,$0.05B,0,0.00%,$0.05B,$0.01B,22.22%,$0.05B,$0.01B,17.78%,$0.01B,$0.08B,10.26%,$0.01B,$0.08B,10.42%,$0.01B,$0.75B,1.03%,$0.01B,$0.11B,9.55%,$10,$1,$10,$0,$8,$9,$1,$0,$1,$0,$1,$1,$1,$0,$0,$4,4,$0.26,$0.26,$33,$0,$0,$584,$9,$120,$1,$33,$164,$748,$641,$27,$0,$27,$668,$5,$55,$1,$79,$748,$0,$0,$0,$0,$0,$0,$0,$0,$0,$11,$0,$0,$0,$0,$2,$2,$3,$5,$-0,$0,$-0,$0,$0,$-2,$-26,$-29,$-13,$0,$-2
21,2013-06-30,18.86,$19.24,0.98,$11.33,1.66,$8.85,2.13,$1.94,9.72,$0.59B,$0.65B,0.91,$0.03B,$0.08B,0.36,$0.05B,$0.04B,89.13%,$0.05B,$0.01B,21.74%,$0.05B,0,0.00%,$0.05B,0,0.00%,$0.05B,$0.01B,21.74%,$0.05B,$0.01B,17.39%,$0.01B,$0.08B,10.36%,$0.01B,$0.08B,10.56%,$0.01B,$0.75B,1.02%,$0.01B,$0.11B,9.50%,$11,$1,$10,$0,$7,$8,$3,$0,$3,$1,$2,$2,$2,$0,$0,$4,4,$0.48,$0.48,$40,$0,$0,$587,$8,$121,$1,$34,$165,$752,$646,$28,$0,$28,$674,$5,$55,$0,$78,$752,$0,$0,$0,$0,$0,$0,$0,$0,$0,$7,$1,$0,$0,$0,$0,$0,$8,$8,$0,$0,$0,$0,$0,$-1,$-21,$-21,$-6,$0,$-1
22,2013-03-31,15.91,$19.34,0.82,$11.58,1.37,$8.71,1.83,$1.89,8.42,$0.66B,$0.73B,0.9,$0.02B,$0.08B,0.29,$0.05B,$0.04B,87.23%,$0.05B,$0.01B,19.15%,$0.05B,0,0.00%,$0.05B,0,0.00%,$0.05B,$0.01B,19.15%,$0.05B,$0.01B,17.02%,$0.01B,$0.08B,10.46%,$0.01B,$0.08B,10.67%,$0.01B,$0.84B,1.00%,$0.01B,$0.10B,8.51%,$13,$1,$12,$0,$8,$9,$4,$0,$4,$1,$3,$3,$3,$0,$0,$4,4,$0.79,$0.79,$115,$0,$0,$662,$9,$129,$1,$34,$173,$835,$733,$23,$0,$23,$756,$5,$54,$2,$79,$835,$0,$0,$0,$0,$0,$0,$0,$0,$0,$5,$0,$0,$0,$0,$-5,$-5,$8,$3,$-5,$0,$-5,$0,$0,$-0,$67,$62,$70,$0,$-0
23,2012-12-31,15.58,$18.67,0.83,$11.79,1.32,$8.49,1.84,$1.75,8.9,$0.60B,$0.67B,0.9,$0.03B,$0.08B,0.37,$0.05B,$0.04B,85.42%,$0.05B,$0.01B,18.75%,$0.05B,0,0.00%,$0.05B,0,0.00%,$0.05B,$0.01B,18.75%,$0.05B,$0.01B,16.67%,$0.01B,$0.08B,10.63%,$0.01B,$0.08B,10.81%,$0.01B,$0.77B,0.99%,$0.01B,$0.10B,8.41%,$11,$1,$9,$0,$7,$8,$2,$0,$2,$1,$2,$2,$2,$0,$0,$4,4,$0.40,$0.40,$46,$0,$0,$599,$9,$125,$1,$35,$170,$769,$666,$28,$0,$28,$693,$5,$51,$2,$76,$769,$7,$3,$1,$4,$1,$0,$0,$-1,$-0,$11,$1,$0,$0,$0,$-10,$-10,$36,$26,$-6,$-0,$-6,$0,$0,$-4,$-33,$-43,$-6,$0,$-4
24,2012-09-30,15.04,$18.77,0.8,$11.98,1.26,$9.60,1.57,$1.69,8.9,$0.62B,$0.69B,0.9,$0.03B,$0.08B,0.44,$0.05B,$0.04B,85.42%,$0.05B,$0.01B,18.75%,$0.05B,0,0.00%,$0.05B,0,0.00%,$0.05B,$0.01B,18.75%,$0.05B,$0.01B,14.58%,$0.01B,$0.08B,9.43%,$0.01B,$0.07B,9.59%,$0.01B,$0.80B,0.86%,$0.01B,$0.11B,8.37%,$11,$2,$10,$0,$8,$10,$1,$0,$1,$0,$1,$1,$1,$0,$0,$4,4,$0.27,$0.27,$62,$0,$0,$619,$9,$133,$1,$34,$177,$796,$687,$34,$0,$34,$720,$5,$51,$2,$76,$796,$0,$0,$0,$0,$0,$0,$0,$0,$0,$9,$1,$0,$0,$0,$-18,$-18,$32,$15,$0,$-0,$-0,$0,$0,$-3,$-11,$-14,$10,$0,$-3
25,2012-06-30,15.44,$18.57,0.83,$12.17,1.27,$10.45,1.48,$1.64,9.41,$0.63B,$0.69B,0.91,$0.03B,$0.08B,0.45,$0.05B,$0.04B,81.63%,$0.05B,$0.01B,18.37%,$0.05B,0,0.00%,$0.05B,0,0.00%,$0.05B,$0.01B,18.37%,$0.05B,$0.01B,14.29%,$0.01B,$0.08B,9.59%,$0.01B,$0.07B,9.72%,$0.01B,$0.80B,0.85%,$0.01B,$0.11B,8.43%,$12,$2,$10,$0,$7,$9,$2,$0,$2,$1,$2,$2,$2,$0,$0,$4,4,$0.43,$0.43,$74,$0,$0,$633,$9,$124,$1,$34,$169,$801,$693,$34,$0,$34,$727,$5,$51,$1,$75,$801,$0,$0,$0,$0,$0,$0,$0,$0,$0,$6,$1,$0,$0,$0,$-10,$-10,$31,$23,$0,$-0,$-0,$0,$0,$-2,$-5,$-7,$22,$0,$-2
26,2012-03-31,13.85,$18.31,0.76,$12.41,1.12,$11.10,1.25,$1.60,8.66,$0.69B,$0.75B,0.92,$0.03B,$0.07B,0.46,$0.05B,$0.04B,80.00%,$0.05B,$0.01B,18.00%,$0.05B,0,0.00%,$0.05B,0,0.00%,$0.05B,$0.01B,18.00%,$0.05B,$0.01B,14.00%,$0.01B,$0.07B,9.72%,$0.01B,$0.07B,9.86%,$0.01B,$0.85B,0.84%,$0.01B,$0.11B,8.41%,$14,$2,$12,$0,$8,$10,$4,$0,$4,$1,$3,$3,$3,$0,$0,$4,4,$0.65,$0.65,$120,$0,$0,$688,$9,$120,$1,$35,$166,$854,$747,$34,$0,$34,$780,$5,$50,$1,$74,$854,$0,$0,$0,$0,$0,$0,$0,$0,$0,$4,$-0,$0,$0,$0,$-6,$-6,$23,$17,$-0,$0,$-0,$0,$0,$-1,$48,$47,$68,$0,$-1
27,2011-12-31,14.48,$17.84,0.81,$12.81,1.13,$11.59,1.25,$1.46,9.91,$0.65B,$0.70B,0.92,$0.03B,$0.07B,0.47,$0.05B,$0.04B,78.85%,$0.05B,$0.01B,15.38%,$0.05B,0,0.00%,$0.05B,0,0.00%,$0.05B,$0.01B,15.38%,$0.05B,$0.01B,11.54%,$0.01B,$0.07B,8.48%,$0.01B,$0.07B,8.60%,$0.01B,$0.80B,0.72%,$0.01B,$0.11B,7.48%,$11,$2,$9,$0,$7,$9,$2,$0,$2,$1,$1,$1,$1,$0,$0,$4,4,$0.34,$0.34,$52,$0,$0,$645,$9,$115,$1,$33,$159,$804,$699,$34,$0,$34,$732,$5,$48,$1,$72,$804,$6,$2,$6,$8,$-0,$0,$0,$1,$2,$16,$0,$0,$0,$0,$-0,$-0,$32,$32,$-7,$-1,$-7,$0,$0,$-3,$-45,$-56,$-8,$0,$-3
28,2011-09-30,13.18,$17.77,0.74,$13.16,1.0,$10.77,1.22,$1.45,9.09,$0.67B,$0.72B,0.93,$0.04B,$0.07B,0.49,$0.05B,$0.04B,75.93%,$0.05B,$0.01B,14.81%,$0.05B,0,0.00%,$0.05B,0,0.00%,$0.05B,$0.01B,14.81%,$0.05B,$0.01B,11.11%,$0.01B,$0.07B,8.60%,$0.01B,$0.07B,8.73%,$0.01B,$0.82B,0.71%,$0.01B,$0.11B,7.42%,$12,$3,$9,$0,$8,$11,$1,$0,$1,$0,$1,$1,$1,$0,$0,$4,4,$0.22,$0.22,$59,$0,$0,$670,$9,$113,$1,$30,$154,$824,$718,$35,$0,$35,$753,$5,$48,$1,$71,$824,$0,$0,$0,$0,$0,$0,$0,$0,$0,$14,$0,$0,$0,$0,$2,$2,$18,$20,$-7,$0,$-6,$0,$0,$-3,$-25,$-34,$-0,$0,$-3
29,2011-06-30,13.33,$17.70,0.75,$13.44,0.99,$9.77,1.36,$1.33,10.03,$0.67B,$0.73B,0.92,$0.04B,$0.07B,0.54,$0.06B,$0.04B,74.55%,$0.06B,$0.01B,12.73%,$0.06B,0,0.00%,$0.06B,0,0.00%,$0.06B,$0.01B,12.73%,$0.06B,$0.01B,9.09%,$0.01B,$0.07B,7.25%,$0.01B,$0.07B,7.35%,$0.01B,$0.84B,0.58%,$0.01B,$0.11B,6.31%,$13,$3,$10,$0,$7,$10,$2,$0,$2,$1,$2,$2,$2,$0,$0,$4,4,$0.39,$0.39,$48,$0,$0,$667,$10,$128,$1,$32,$171,$838,$729,$38,$0,$38,$767,$5,$48,$1,$71,$838,$0,$0,$0,$0,$0,$0,$0,$0,$0,$10,$-0,$0,$0,$0,$-13,$-13,$11,$-2,$-3,$0,$-3,$0,$0,$-2,$-15,$-19,$-12,$0,$-2
30,2011-03-31,15.96,$17.36,0.92,$13.60,1.17,$8.75,1.82,$1.31,12.18,$0.71B,$0.77B,0.93,$0.04B,$0.07B,0.55,$0.06B,$0.04B,74.55%,$0.06B,$0.01B,12.73%,$0.06B,0,0.00%,$0.06B,0,0.00%,$0.06B,$0.01B,12.73%,$0.06B,$0.00B,7.27%,$0.00B,$0.07B,5.86%,$0.00B,$0.07B,5.95%,$0.00B,$0.87B,0.47%,$0.01B,$0.11B,6.26%,$16,$3,$13,$0,$10,$13,$3,$0,$3,$1,$2,$2,$2,$0,$0,$4,4,$0.51,$0.51,$86,$0,$0,$712,$10,$119,$1,$32,$162,$874,$767,$38,$0,$38,$805,$5,$47,$0,$69,$874,$0,$0,$0,$0,$0,$0,$0,$0,$0,$6,$-0,$0,$0,$0,$-5,$-5,$6,$0,$-3,$-0,$-3,$0,$0,$-1,$24,$20,$26,$0,$-1
31,2010-12-31,14.66,$17.03,0.86,$13.22,1.11,$8.17,1.79,$1.28,11.45,$0.69B,$0.74B,0.94,$0.04B,$0.07B,0.61,$0.05B,$0.04B,71.70%,$0.05B,$0.01B,13.21%,$0.05B,0,0.00%,$0.05B,0,0.00%,$0.05B,$0.01B,13.21%,$0.05B,$0.00B,7.55%,$0.00B,$0.07B,5.90%,$0.00B,$0.07B,5.99%,$0.00B,$0.85B,0.48%,$0.01B,$0.11B,6.07%,$13,$3,$9,$0,$8,$11,$2,$0,$2,$0,$1,$1,$1,$0,$0,$4,4,$0.33,$0.33,$60,$0,$0,$694,$10,$114,$1,$32,$157,$852,$742,$41,$0,$41,$783,$5,$46,$0,$68,$852,$5,$2,$5,$7,$0,$0,$0,$1,$0,$12,$1,$0,$0,$0,$-9,$-9,$5,$-4,$-15,$-0,$-15,$0,$0,$-3,$54,$35,$44,$0,$-3
32,2010-09-30,14.35,$17.06,0.84,$13.36,1.07,$6.12,2.34,$1.33,10.79,$0.70B,$0.74B,0.95,$0.05B,$0.07B,0.75,$0.05B,$0.04B,71.70%,$0.05B,$0.01B,13.21%,$0.05B,0,0.00%,$0.05B,0,0.00%,$0.05B,$0.01B,13.21%,$0.05B,$0.00B,7.55%,$0.00B,$0.07B,5.93%,$0.00B,$0.07B,6.04%,$0.00B,$0.86B,0.48%,$0.01B,$0.12B,5.89%,$13,$3,$9,$0,$9,$12,$0,$0,$0,$-0,$0,$0,$0,$0,$0,$4,4,$0.10,$0.10,$63,$0,$0,$701,$10,$111,$1,$31,$154,$855,$736,$51,$0,$51,$787,$5,$45,$1,$68,$855,$0,$0,$0,$0,$0,$0,$0,$0,$0,$9,$1,$0,$0,$0,$-5,$-5,$4,$-0,$-5,$-0,$-5,$0,$0,$-3,$46,$39,$48,$0,$-3
33,2010-06-30,12.05,$17.15,0.7,$13.63,0.88,$6.30,1.91,$1.66,7.26,$0.68B,$0.71B,0.95,$0.04B,$0.07B,0.64,$0.05B,$0.04B,72.22%,$0.05B,$0.01B,16.67%,$0.05B,0,0.00%,$0.05B,0,0.00%,$0.05B,$0.01B,16.67%,$0.05B,$0.01B,11.11%,$0.01B,$0.07B,8.96%,$0.01B,$0.07B,9.13%,$0.01B,$0.82B,0.73%,$0.01B,$0.11B,7.55%,$13,$3,$10,$0,$7,$11,$2,$0,$2,$1,$1,$1,$1,$0,$0,$4,4,$0.37,$0.37,$30,$0,$0,$678,$10,$102,$1,$32,$146,$824,$712,$44,$0,$44,$755,$5,$46,$1,$68,$824,$0,$0,$0,$0,$0,$0,$0,$0,$0,$5,$0,$0,$0,$0,$5,$5,$-4,$1,$-13,$-0,$-13,$0,$0,$-2,$22,$8,$14,$0,$-2
34,2010-03-31,15.6,$16.93,0.92,$13.73,1.14,$6.01,2.59,$1.64,9.51,$0.69B,$0.72B,0.96,$0.05B,$0.07B,0.8,$0.06B,$0.04B,69.09%,$0.06B,$0.01B,16.36%,$0.06B,0,0.00%,$0.06B,0,0.00%,$0.06B,$0.01B,16.36%,$0.06B,$0.01B,10.91%,$0.01B,$0.07B,9.06%,$0.01B,$0.07B,9.23%,$0.01B,$0.84B,0.73%,$0.01B,$0.12B,7.36%,$14,$4,$10,$0,$8,$11,$3,$0,$3,$1,$2,$2,$2,$0,$0,$4,4,$0.48,$0.48,$44,$0,$0,$689,$10,$103,$1,$32,$147,$836,$715,$54,$0,$54,$769,$5,$45,$1,$67,$836,$0,$0,$0,$0,$0,$0,$0,$0,$0,$4,$0,$0,$0,$0,$3,$3,$-1,$2,$-3,$0,$-2,$0,$0,$-1,$25,$22,$28,$0,$-1
35,2009-12-31,15.78,$16.70,0.95,$13.86,1.14,$5.62,2.81,$1.67,9.45,$0.66B,$0.69B,0.96,$0.06B,$0.07B,0.85,$0.06B,$0.04B,67.86%,$0.06B,$0.01B,16.07%,$0.06B,0,0.00%,$0.06B,0,0.00%,$0.06B,$0.01B,16.07%,$0.06B,$0.01B,10.71%,$0.01B,$0.07B,9.13%,$0.01B,$0.07B,9.34%,$0.01B,$0.81B,0.73%,$0.01B,$0.12B,7.24%,$13,$4,$9,$0,$7,$11,$2,$0,$2,$1,$1,$1,$1,$0,$0,$4,4,$0.38,$0.38,$16,$0,$0,$662,$10,$107,$1,$32,$150,$812,$689,$56,$0,$56,$745,$5,$44,$1,$67,$812,$7,$1,$2,$3,$0,$0,$0,$-4,$-5,$5,$0,$0,$0,$0,$-8,$-8,$-25,$-33,$-10,$-24,$-34,$0,$0,$-3,$63,$26,$-3,$0,$-3
36,2009-09-30,18.82,$16.58,1.13,$13.93,1.35,$6.52,2.89,$1.68,11.2,$0.67B,$0.70B,0.95,$0.06B,$0.07B,0.83,$0.06B,$0.04B,66.67%,$0.06B,$0.01B,15.79%,$0.06B,0,0.00%,$0.06B,0,0.00%,$0.06B,$0.01B,15.79%,$0.06B,$0.01B,12.28%,$0.01B,$0.07B,10.81%,$0.01B,$0.07B,11.02%,$0.01B,$0.82B,0.86%,$0.01B,$0.12B,6.83%,$14,$4,$10,$0,$7,$12,$2,$0,$2,$0,$2,$2,$2,$0,$0,$4,4,$0.43,$0.43,$23,$0,$0,$666,$10,$114,$1,$28,$154,$820,$699,$55,$0,$55,$754,$5,$44,$1,$66,$820,$0,$0,$0,$0,$0,$0,$0,$0,$0,$11,$-1,$0,$0,$0,$-15,$-15,$-20,$-36,$-11,$-24,$-35,$0,$0,$-2,$67,$29,$5,$0,$-2
37,2009-06-30,20.7,$16.41,1.26,$14.01,1.48,$5.78,3.58,$1.72,12.03,$0.67B,$0.70B,0.96,$0.06B,$0.07B,0.9,$0.06B,$0.04B,64.91%,$0.06B,$0.01B,17.54%,$0.06B,0,0.00%,$0.06B,0,0.00%,$0.06B,$0.01B,17.54%,$0.06B,$0.01B,12.28%,$0.01B,$0.07B,10.98%,$0.01B,$0.06B,11.20%,$0.01B,$0.83B,0.87%,$0.01B,$0.12B,7.39%,$14,$4,$9,$0,$7,$12,$2,$0,$2,$1,$1,$1,$1,$0,$0,$4,4,$0.35,$0.35,$46,$0,$0,$673,$11,$112,$1,$28,$152,$825,$701,$59,$0,$59,$760,$5,$43,$1,$65,$825,$0,$0,$0,$0,$0,$0,$0,$0,$0,$5,$-0,$0,$0,$0,$-12,$-12,$-4,$-17,$-8,$-23,$-31,$0,$0,$-2,$72,$39,$27,$0,$-2
38,2009-03-31,14.68,$16.21,0.91,$14.19,1.03,$5.69,2.58,$1.80,8.16,$0.68B,$0.69B,0.98,$0.07B,$0.07B,1.0,$0.06B,$0.04B,64.91%,$0.06B,$0.01B,17.54%,$0.06B,0,0.00%,$0.06B,0,0.00%,$0.06B,$0.01B,17.54%,$0.06B,$0.01B,14.04%,$0.01B,$0.07B,12.70%,$0.01B,$0.06B,13.01%,$0.01B,$0.82B,1.01%,$0.01B,$0.13B,7.25%,$15,$4,$10,$0,$7,$12,$3,$0,$3,$1,$2,$2,$2,$0,$0,$4,4,$0.51,$0.51,$51,$0,$0,$680,$11,$103,$1,$27,$142,$822,$693,$65,$0,$65,$757,$5,$42,$1,$65,$822,$0,$0,$0,$0,$0,$0,$0,$0,$0,$3,$-1,$0,$0,$0,$-4,$-4,$-4,$-8,$-3,$-23,$-26,$0,$0,$-1,$65,$39,$33,$0,$-1
39,2008-12-31,12.45,$15.83,0.79,$14.29,0.87,$5.81,2.14,$1.77,7.03,$0.64B,$0.63B,1.03,$0.09B,$0.06B,1.43,$0.06B,$0.04B,63.16%,$0.06B,$0.01B,17.54%,$0.06B,0,0.00%,$0.06B,0,0.00%,$0.06B,$0.01B,17.54%,$0.06B,$0.01B,14.04%,$0.01B,$0.06B,12.85%,$0.01B,$0.06B,13.11%,$0.01B,$0.78B,1.02%,$0.01B,$0.15B,7.14%,$14,$5,$9,$0,$7,$12,$2,$0,$2,$0,$2,$2,$2,$0,$0,$4,4,$0.39,$0.39,$18,$0,$0,$644,$10,$99,$1,$27,$137,$781,$628,$90,$0,$90,$718,$5,$41,$1,$63,$781,$7,$1,$3,$4,$0,$0,$0,$0,$-2,$9,$-1,$0,$0,$0,$3,$3,$-2,$-0,$-3,$-16,$-19,$-2,$-2,$-3,$16,$-9,$1,$0,$-3
40,2008-09-30,14.07,$15.53,0.91,$14.51,0.97,$7.17,1.96,$1.62,8.69,$0.65B,$0.64B,1.01,$0.07B,$0.06B,1.19,$0.06B,$0.04B,60.34%,$0.06B,$0.01B,15.52%,$0.06B,0,0.00%,$0.06B,0,0.00%,$0.06B,$0.01B,15.52%,$0.06B,$0.01B,12.07%,$0.01B,$0.06B,11.29%,$0.01B,$0.06B,11.57%,$0.01B,$0.78B,0.89%,$0.01B,$0.14B,6.56%,$14,$5,$9,$0,$6,$12,$3,$0,$3,$1,$2,$2,$2,$0,$0,$4,4,$0.47,$0.47,$29,$0,$0,$645,$10,$94,$1,$26,$131,$777,$641,$73,$0,$73,$715,$5,$40,$0,$62,$777,$0,$0,$0,$0,$0,$0,$0,$0,$0,$8,$-0,$0,$0,$0,$7,$7,$2,$9,$-3,$-4,$-7,$-2,$-2,$-2,$-1,$-13,$4,$0,$-2
41,2008-06-30,16.99,$15.32,1.11,$14.69,1.16,$7.85,2.16,$1.60,10.62,$0.66B,$0.66B,1.0,$0.07B,$0.06B,1.19,$0.06B,$0.04B,59.32%,$0.06B,$0.01B,15.25%,$0.06B,0,0.00%,$0.06B,0,0.00%,$0.06B,$0.01B,15.25%,$0.06B,$0.01B,11.86%,$0.01B,$0.06B,11.34%,$0.01B,$0.06B,11.62%,$0.01B,$0.79B,0.89%,$0.01B,$0.14B,6.55%,$14,$5,$9,$0,$6,$12,$2,$0,$2,$1,$2,$2,$2,$0,$0,$4,4,$0.43,$0.43,$37,$0,$0,$657,$10,$96,$1,$26,$134,$791,$656,$73,$0,$73,$729,$5,$39,$0,$62,$791,$0,$0,$0,$0,$0,$0,$0,$0,$0,$4,$-0,$0,$0,$0,$5,$5,$-8,$-3,$-3,$-4,$-7,$-1,$-1,$-2,$14,$4,$5,$0,$-2
42,2008-03-31,16.87,$15.30,1.1,$14.74,1.14,$8.24,2.05,$1.58,10.68,$0.66B,$0.66B,1.01,$0.08B,$0.06B,1.22,$0.06B,$0.04B,58.33%,$0.06B,$0.01B,15.00%,$0.06B,0,0.00%,$0.06B,0,0.00%,$0.06B,$0.01B,15.00%,$0.06B,$0.01B,11.67%,$0.01B,$0.06B,11.38%,$0.01B,$0.06B,11.67%,$0.01B,$0.79B,0.90%,$0.01B,$0.14B,6.45%,$15,$6,$9,$0,$6,$13,$3,$0,$3,$1,$2,$2,$2,$0,$0,$4,4,$0.48,$0.48,$34,$0,$0,$664,$10,$96,$1,$21,$128,$792,$655,$75,$0,$75,$730,$5,$38,$1,$62,$792,$0,$0,$0,$0,$0,$0,$0,$0,$0,$3,$0,$0,$0,$0,$6,$6,$3,$9,$-0,$-5,$-5,$-1,$-1,$-1,$12,$5,$17,$0,$-1
43,2007-12-31,17.07,$15.10,1.13,$14.52,1.18,$7.92,2.16,$1.52,11.23,$0.65B,$0.64B,1.02,$0.08B,$0.06B,1.31,$0.06B,$0.03B,56.67%,$0.06B,$0.01B,15.00%,$0.06B,0,0.00%,$0.06B,0,0.00%,$0.06B,$0.01B,15.00%,$0.06B,$0.01B,11.67%,$0.01B,$0.06B,11.43%,$0.01B,$0.06B,11.72%,$0.01B,$0.78B,0.90%,$0.01B,$0.14B,6.56%,$15,$7,$8,$0,$7,$14,$1,$0,$1,$0,$1,$1,$1,$0,$0,$4,4,$0.24,$0.24,$18,$0,$0,$651,$10,$100,$1,$21,$132,$783,$641,$81,$0,$81,$722,$5,$38,$-0,$62,$783,$6,$1,$3,$5,$-0,$0,$0,$-1,$0,$11,$3,$0,$0,$0,$-9,$-9,$-19,$-25,$6,$-2,$3,$-3,$-3,$-3,$13,$10,$-4,$0,$-3
44,2007-09-30,16.62,$14.93,1.11,$14.42,1.15,$6.85,2.43,$1.28,12.99,$0.65B,$0.64B,1.02,$0.08B,$0.06B,1.23,$0.06B,$0.03B,56.67%,$0.06B,$0.01B,13.33%,$0.06B,0,0.00%,$0.06B,0,0.00%,$0.06B,$0.01B,13.33%,$0.06B,$0.01B,10.00%,$0.01B,$0.06B,9.88%,$0.01B,$0.06B,10.08%,$0.01B,$0.78B,0.78%,$0.01B,$0.14B,5.88%,$15,$7,$9,$0,$6,$13,$3,$0,$3,$1,$2,$2,$2,$0,$0,$4,4,$0.45,$0.45,$29,$0,$0,$653,$10,$92,$1,$23,$126,$779,$644,$75,$0,$75,$718,$5,$37,$-1,$61,$779,$0,$0,$0,$0,$0,$0,$0,$0,$0,$10,$1,$0,$0,$0,$-1,$-1,$-8,$-9,$5,$-7,$-2,$-3,$-3,$-2,$14,$7,$8,$0,$-2
45,2007-06-30,16.57,$14.67,1.13,$14.22,1.17,$6.08,2.72,$1.26,13.15,$0.64B,$0.62B,1.03,$0.08B,$0.06B,1.36,$0.06B,$0.03B,56.67%,$0.06B,$0.01B,13.33%,$0.06B,0,0.00%,$0.06B,0,0.00%,$0.06B,$0.01B,13.33%,$0.06B,$0.01B,10.00%,$0.01B,$0.06B,9.88%,$0.01B,$0.06B,10.08%,$0.01B,$0.76B,0.78%,$0.01B,$0.14B,5.83%,$15,$7,$9,$0,$6,$13,$2,$0,$2,$1,$2,$2,$2,$0,$0,$4,4,$0.41,$0.41,$16,$0,$0,$637,$10,$91,$1,$24,$126,$763,$620,$82,$0,$82,$702,$5,$36,$-1,$61,$763,$0,$0,$0,$0,$0,$0,$0,$0,$0,$5,$1,$0,$0,$0,$-2,$-2,$-4,$-5,$6,$-1,$5,$-2,$-2,$-1,$-8,$-6,$-6,$0,$-1
46,2007-03-31,16.56,$14.61,1.13,$14.02,1.18,$6.09,2.72,$1.28,12.93,$0.64B,$0.64B,1.0,$0.07B,$0.06B,1.1,$0.06B,$0.03B,56.67%,$0.06B,$0.01B,15.00%,$0.06B,0,0.00%,$0.06B,0,0.00%,$0.06B,$0.01B,15.00%,$0.06B,$0.01B,10.00%,$0.01B,$0.06B,9.92%,$0.01B,$0.06B,10.08%,$0.01B,$0.77B,0.78%,$0.01B,$0.13B,6.57%,$15,$6,$8,$0,$6,$12,$3,$0,$3,$1,$2,$2,$2,$0,$0,$4,4,$0.42,$0.42,$20,$0,$0,$643,$10,$90,$1,$25,$126,$769,$642,$67,$0,$67,$708,$5,$35,$-1,$61,$769,$0,$0,$0,$0,$0,$0,$0,$0,$0,$2,$-0,$0,$0,$0,$0,$0,$-6,$-7,$-3,$-7,$-10,$-1,$-1,$-1,$14,$3,$-2,$0,$-1
47,2006-12-31,16.37,$14.38,1.14,$13.75,1.19,$6.37,2.57,$1.27,12.89,$0.64B,$0.63B,1.02,$0.08B,$0.06B,1.28,$0.06B,$0.04B,59.32%,$0.06B,$0.01B,13.56%,$0.06B,0,0.00%,$0.06B,0,0.00%,$0.06B,$0.01B,13.56%,$0.06B,$0.01B,10.17%,$0.01B,$0.06B,9.96%,$0.01B,$0.06B,10.17%,$0.01B,$0.76B,0.79%,$0.01B,$0.14B,5.61%,$15,$7,$8,$0,$8,$15,$-0,$0,$-0,$-0,$0,$0,$0,$0,$0,$4,4,$0.00,$0.00,$21,$0,$0,$640,$10,$90,$1,$23,$124,$764,$627,$77,$0,$77,$704,$5,$34,$-1,$60,$764,$5,$1,$4,$6,$0,$0,$0,$-1,$1,$12,$-2,$0,$0,$0,$-5,$-5,$-11,$-18,$-17,$5,$-13,$-2,$-2,$-3,$24,$7,$1,$0,$-3
