,Date,Stock Price,Book Value per Share,Price to Book Ratio,TTM Sales per Share,Price to Sales Ratio,TTM FCF per Share,Price to FCF Ratio,TTM Net EPS,PE Ratio,Current Assets,Current Liabilities,Current Ratio,Long Term Debt,Shareholder's Equity_x,Debt to Equity Ratio,TTM Revenue_x,TTM Gross Profit,Gross Margin,TTM Revenue_y,TTM Operating Income,Operating Margin,TTM Revenue_x,TTM EBIT,EBIT Margin,TTM Revenue_y,TTM EBITDA,EBITDA Margin,TTM Revenue_x,TTM Pre-Tax Income,Pre-Tax Margin,TTM Revenue_y,TTM Net Income_x,Net Margin,TTM Net Income_y,Shareholder's Equity_y,Return on Equity,TTM Net Income_x,Tangible Equity,Return on Tangible Equity,TTM Net Income_y,Total Assets,Return on Assets,TTM Net Income,LT Investments & Debt,Return on Investment,revenue,cost-goods-sold,gross-profit,research-development-expenses,selling-general-administrative-expenses,operating-expenses,operating-income,total-non-operating-income-expense,pre-tax-income,total-provision-income-taxes,income-after-taxes,income-from-continuous-operations,net-income,ebitda,ebit,basic-shares-outstanding,shares-outstanding,eps-basic-net-earnings-per-share,eps-earnings-per-share-diluted,cash-on-hand,inventory,other-current-assets,total-current-assets,net-property-plant-equipment,long-term-investments,goodwill-intangible-assets-total,other-long-term-assets,total-long-term-assets,total-assets,total-current-liabilities,long-term-debt,other-non-current-liabilities,total-long-term-liabilities,total-liabilities,common-stock-net,retained-earnings-accumulated-deficit,comprehensive-income,total-share-holder-equity,total-liabilities-share-holders-equity,net-income-loss,total-depreciation-amortization-cash-flow,other-non-cash-items,total-non-cash-items,change-in-accounts-receivable,change-in-inventories,change-in-accounts-payable,change-in-assets-liabilities,total-change-in-assets-liabilities,cash-flow-from-operating-activities,net-change-in-property-plant-equipment,net-change-in-intangible-assets,net-acquisitions-divestitures,net-change-in-short-term-investments,net-change-in-long-term-investments,net-change-in-investments-total,investing-activities-other,cash-flow-from-investing-activities,net-long-term-debt,net-current-debt,debt-issuance-retirement-net-total,net-common-equity-issued-repurchased,net-total-equity-issued-repurchased,total-common-preferred-stock-dividends-paid,financial-activities-other,cash-flow-from-financial-activities,net-cash-flow,stock-based-compensation,common-stock-dividends-paid
0,2018-09-30,19.65,$11.68,1.68,$5.37,3.66,$3.42,5.75,$1.26,15.6,$0.82B,$0.98B,0.83,$0.00B,$0.10B,0.0,$0.05B,$0.04B,91.11%,$0.05B,$0.02B,33.33%,$0.05B,0,0.00%,$0.05B,0,0.00%,$0.05B,$0.02B,33.33%,$0.05B,$0.01B,24.44%,$0.01B,$0.10B,11.80%,$0.01B,$0.09B,12.32%,$0.01B,$1.08B,1.04%,$0.02B,$0.10B,16.09%,$12,$0,$11,$0,$7,$7,$4,$0,$4,$1,$3,$3,$3,$0,$0,$8,8,$0.39,$0.39,$163,$0,$0,$817,$15,$208,$4,$32,$259,$1076,$980,$0,$0,$0,$980,$25,$68,$-1,$96,$1076,$9,$1,$0,$1,$-0,$0,$1,$1,$2,$12,$-2,$0,$0,$0,$-30,$-30,$-0,$-31,$0,$0,$0,$0,$0,$-2,$36,$33,$14,$0,$-2
1,2018-06-30,22.74,$11.51,1.98,$5.21,4.37,$3.00,7.58,$1.18,19.27,$0.81B,$0.98B,0.83,$0.00B,$0.09B,0.0,$0.04B,$0.04B,93.02%,$0.04B,$0.02B,34.88%,$0.04B,0,0.00%,$0.04B,0,0.00%,$0.04B,$0.02B,34.88%,$0.04B,$0.01B,23.26%,$0.01B,$0.09B,10.90%,$0.01B,$0.09B,11.27%,$0.01B,$1.07B,0.96%,$0.02B,$0.09B,16.35%,$11,$0,$10,$0,$7,$7,$3,$0,$3,$1,$3,$3,$3,$0,$0,$8,8,$0.32,$0.32,$166,$0,$0,$811,$15,$208,$4,$31,$258,$1070,$975,$0,$0,$0,$975,$25,$66,$-0,$94,$1070,$5,$1,$-0,$1,$-0,$0,$-0,$1,$1,$7,$-1,$0,$0,$0,$-28,$-28,$8,$-21,$0,$0,$0,$0,$0,$-1,$32,$31,$17,$0,$-1
2,2018-03-31,22.17,$11.19,1.98,$5.22,4.25,$3.11,7.14,$1.21,18.32,$0.80B,$0.96B,0.83,$0.00B,$0.09B,0.0,$0.04B,$0.04B,93.02%,$0.04B,$0.02B,37.21%,$0.04B,0,0.00%,$0.04B,0,0.00%,$0.04B,$0.02B,37.21%,$0.04B,$0.01B,23.26%,$0.01B,$0.09B,11.08%,$0.01B,$0.09B,11.33%,$0.01B,$1.05B,0.97%,$0.02B,$0.09B,17.73%,$11,$0,$10,$0,$7,$7,$4,$0,$4,$1,$3,$3,$3,$0,$0,$8,8,$0.35,$0.35,$163,$0,$0,$802,$15,$201,$4,$31,$251,$1053,$961,$0,$0,$0,$961,$25,$63,$0,$92,$1053,$3,$0,$-0,$0,$0,$0,$1,$1,$2,$5,$-1,$0,$0,$0,$-21,$-21,$15,$-7,$0,$0,$0,$0,$0,$-1,$16,$15,$14,$0,$-1
3,2017-12-31,19.31,$11.21,1.72,$5.10,3.78,$3.05,6.34,$1.13,17.09,$0.80B,$0.94B,0.85,$0.00B,$0.09B,0.0,$0.04B,$0.04B,95.24%,$0.04B,$0.02B,35.71%,$0.04B,0,0.00%,$0.04B,0,0.00%,$0.04B,$0.02B,35.71%,$0.04B,$0.01B,21.43%,$0.01B,$0.09B,10.20%,$0.01B,$0.09B,10.32%,$0.01B,$1.04B,0.89%,$0.02B,$0.09B,17.00%,$11,$0,$10,$0,$6,$7,$4,$0,$4,$2,$2,$2,$2,$0,$0,$8,8,$0.20,$0.20,$149,$0,$0,$802,$14,$182,$4,$32,$233,$1035,$944,$0,$0,$0,$944,$25,$61,$1,$91,$1035,$9,$2,$1,$3,$-0,$0,$-0,$-2,$-3,$9,$-2,$0,$0,$0,$-21,$-21,$-51,$-74,$0,$0,$0,$0,$0,$-2,$25,$23,$-42,$0,$-2
4,2017-09-30,16.59,$11.07,1.5,$4.98,3.33,$3.25,5.1,$1.22,13.6,$0.77B,$0.91B,0.85,$0.00B,$0.09B,0.0,$0.04B,$0.04B,95.12%,$0.04B,$0.01B,34.15%,$0.04B,0,0.00%,$0.04B,0,0.00%,$0.04B,$0.01B,34.15%,$0.04B,$0.01B,21.95%,$0.01B,$0.09B,10.47%,$0.01B,$0.09B,10.47%,$0.01B,$1.00B,0.90%,$0.01B,$0.09B,16.28%,$10,$0,$10,$0,$6,$6,$4,$0,$4,$1,$2,$2,$2,$0,$0,$8,8,$0.31,$0.31,$140,$0,$0,$767,$13,$181,$0,$36,$230,$997,$907,$0,$0,$0,$907,$25,$60,$1,$90,$997,$8,$2,$-0,$1,$0,$0,$-0,$-2,$-2,$7,$-0,$0,$0,$0,$-19,$-19,$-25,$-44,$0,$0,$0,$0,$0,$-2,$-12,$-14,$-51,$0,$-2
5,2017-06-30,13.62,$10.89,1.25,$4.85,2.81,$3.24,4.2,$1.15,11.85,$0.80B,$0.93B,0.85,$0.00B,$0.09B,0.0,$0.04B,$0.04B,95.00%,$0.04B,$0.01B,32.50%,$0.04B,0,0.00%,$0.04B,0,0.00%,$0.04B,$0.01B,32.50%,$0.04B,$0.01B,22.50%,$0.01B,$0.09B,10.68%,$0.01B,$0.09B,10.68%,$0.01B,$1.02B,0.91%,$0.01B,$0.09B,15.43%,$11,$0,$10,$0,$6,$6,$4,$0,$4,$2,$3,$3,$3,$0,$0,$8,8,$0.35,$0.35,$182,$0,$0,$796,$13,$175,$0,$36,$224,$1020,$932,$0,$0,$0,$932,$25,$59,$1,$88,$1020,$5,$1,$0,$1,$-0,$0,$1,$-0,$1,$7,$-0,$0,$0,$0,$-13,$-13,$-13,$-26,$0,$0,$0,$0,$0,$-1,$12,$11,$-9,$0,$-1
6,2017-03-31,12.94,$10.40,1.24,$4.68,2.77,$3.00,4.31,$1.04,12.44,$0.77B,$0.91B,0.85,$0.00B,$0.08B,0.0,$0.04B,$0.04B,97.37%,$0.04B,$0.01B,31.58%,$0.04B,0,0.00%,$0.04B,0,0.00%,$0.04B,$0.01B,31.58%,$0.04B,$0.01B,21.05%,$0.01B,$0.08B,9.67%,$0.01B,$0.08B,9.67%,$0.01B,$0.99B,0.83%,$0.01B,$0.08B,14.50%,$10,$0,$10,$0,$6,$6,$3,$0,$3,$1,$2,$2,$2,$0,$0,$8,8,$0.27,$0.27,$168,$0,$0,$771,$13,$170,$0,$36,$219,$990,$906,$0,$0,$0,$906,$25,$56,$0,$84,$990,$2,$1,$-0,$0,$0,$0,$1,$-0,$1,$4,$-0,$0,$0,$0,$-9,$-9,$-2,$-11,$0,$0,$0,$0,$0,$-1,$-15,$-16,$-23,$0,$-1
7,2016-12-31,12.2,$10.19,1.2,$4.55,2.68,$2.85,4.27,$0.96,12.7,$0.79B,$0.92B,0.86,$0.00B,$0.08B,0.0,$0.04B,$0.04B,97.30%,$0.04B,$0.01B,29.73%,$0.04B,0,0.00%,$0.04B,0,0.00%,$0.04B,$0.01B,29.73%,$0.04B,$0.01B,21.62%,$0.01B,$0.08B,9.82%,$0.01B,$0.08B,9.82%,$0.01B,$1.00B,0.85%,$0.01B,$0.08B,13.50%,$10,$0,$9,$0,$6,$6,$3,$0,$3,$1,$2,$2,$2,$0,$0,$8,8,$0.28,$0.28,$191,$0,$0,$792,$14,$160,$0,$36,$210,$1002,$920,$0,$0,$0,$920,$25,$55,$-0,$82,$1002,$8,$2,$0,$2,$-0,$0,$1,$-1,$1,$10,$-1,$0,$0,$0,$-32,$-32,$-74,$-107,$0,$0,$0,$0,$0,$-2,$99,$97,$0,$0,$-2
8,2016-09-30,9.91,$10.24,0.97,$4.34,2.28,$2.07,4.79,$0.73,13.58,$0.74B,$0.86B,0.86,$0.00B,$0.08B,0.0,$0.04B,$0.04B,100.00%,$0.04B,$0.01B,25.71%,$0.04B,0,0.00%,$0.04B,0,0.00%,$0.04B,$0.01B,25.71%,$0.04B,$0.01B,17.14%,$0.01B,$0.08B,7.45%,$0.01B,$0.08B,7.45%,$0.01B,$0.95B,0.65%,$0.01B,$0.08B,11.18%,$9,$0,$9,$0,$6,$6,$3,$0,$3,$1,$2,$2,$2,$0,$0,$8,8,$0.24,$0.24,$147,$0,$0,$740,$14,$160,$0,$33,$207,$947,$864,$0,$0,$0,$864,$25,$52,$3,$83,$947,$5,$1,$1,$2,$0,$0,$0,$-1,$-0,$7,$-0,$0,$0,$0,$-27,$-27,$-66,$-94,$0,$0,$0,$0,$0,$-2,$45,$43,$-43,$0,$-2
9,2016-06-30,9.36,$10.14,0.92,$4.14,2.26,$1.64,5.71,$0.66,14.19,$0.73B,$0.84B,0.87,$0.00B,$0.08B,0.0,$0.03B,$0.03B,100.00%,$0.03B,$0.01B,24.24%,$0.03B,0,0.00%,$0.03B,0,0.00%,$0.03B,$0.01B,24.24%,$0.03B,$0.01B,15.15%,$0.01B,$0.08B,6.33%,$0.01B,$0.08B,6.33%,$0.01B,$0.93B,0.57%,$0.01B,$0.08B,10.13%,$9,$0,$9,$0,$6,$7,$3,$0,$3,$1,$2,$2,$2,$0,$0,$8,8,$0.24,$0.24,$163,$0,$0,$732,$14,$150,$0,$29,$193,$926,$844,$0,$0,$0,$844,$25,$51,$3,$82,$926,$3,$1,$1,$1,$-0,$0,$1,$-1,$0,$5,$-0,$0,$0,$0,$-17,$-17,$-39,$-56,$0,$0,$0,$0,$0,$-1,$24,$23,$-28,$0,$-1
10,2016-03-31,8.9,$9.76,0.91,$3.92,2.27,$1.23,7.21,$0.61,14.59,$0.72B,$0.83B,0.87,$0.00B,$0.08B,0.0,$0.03B,$0.03B,96.88%,$0.03B,$0.01B,21.88%,$0.03B,0,0.00%,$0.03B,0,0.00%,$0.03B,$0.01B,21.88%,$0.03B,$0.01B,15.63%,$0.01B,$0.08B,6.45%,$0.01B,$0.08B,6.45%,$0.01B,$0.91B,0.60%,$0.01B,$0.08B,9.03%,$9,$0,$9,$0,$6,$7,$2,$0,$2,$1,$2,$2,$2,$0,$0,$8,8,$0.19,$0.19,$160,$0,$0,$717,$14,$144,$0,$30,$189,$906,$827,$0,$0,$0,$827,$25,$49,$2,$79,$906,$2,$1,$0,$1,$-0,$0,$0,$-0,$0,$2,$-0,$0,$0,$0,$-13,$-13,$-28,$-40,$0,$0,$0,$0,$0,$-1,$8,$7,$-31,$0,$-1
11,2015-12-31,9.86,$9.69,1.02,$3.75,2.63,$1.11,8.89,$0.61,16.17,$0.72B,$0.82B,0.88,$0.00B,$0.08B,0.0,$0.03B,$0.03B,96.67%,$0.03B,$0.01B,23.33%,$0.03B,0,0.00%,$0.03B,0,0.00%,$0.03B,$0.01B,23.33%,$0.03B,$0.01B,16.67%,$0.01B,$0.08B,6.51%,$0.01B,$0.08B,6.51%,$0.01B,$0.90B,0.62%,$0.01B,$0.08B,9.12%,$8,$0,$8,$0,$7,$7,$1,$0,$1,$0,$0,$0,$0,$0,$0,$8,8,$0.06,$0.06,$191,$0,$0,$721,$14,$132,$0,$30,$176,$897,$819,$0,$0,$0,$819,$25,$49,$2,$78,$897,$5,$1,$-0,$1,$-0,$0,$-1,$-1,$-2,$4,$-1,$0,$23,$0,$-11,$-11,$-41,$-30,$0,$0,$0,$0,$0,$-2,$74,$72,$46,$0,$-2
12,2015-09-30,8.97,$9.55,0.94,$3.77,2.38,$1.48,6.06,$0.75,11.96,$0.63B,$0.72B,0.87,$0.00B,$0.08B,0.0,$0.03B,$0.03B,96.67%,$0.03B,$0.01B,26.67%,$0.03B,0,0.00%,$0.03B,0,0.00%,$0.03B,$0.01B,26.67%,$0.03B,$0.01B,23.33%,$0.01B,$0.08B,9.21%,$0.01B,$0.08B,9.21%,$0.01B,$0.79B,0.91%,$0.01B,$0.08B,10.53%,$7,$0,$7,$0,$5,$5,$2,$0,$2,$1,$1,$1,$1,$0,$0,$8,8,$0.17,$0.17,$157,$0,$0,$626,$14,$129,$0,$24,$167,$794,$717,$0,$0,$0,$717,$25,$48,$1,$77,$794,$4,$1,$-0,$1,$0,$0,$-1,$-1,$-1,$4,$-1,$0,$0,$0,$-10,$-10,$-23,$-33,$0,$0,$0,$0,$0,$-2,$43,$41,$12,$0,$-2
13,2015-06-30,9.24,$9.43,0.98,$3.77,2.45,$1.59,5.83,$0.77,12.0,$0.60B,$0.69B,0.87,$0.00B,$0.08B,0.0,$0.03B,$0.03B,96.67%,$0.03B,$0.01B,26.67%,$0.03B,0,0.00%,$0.03B,0,0.00%,$0.03B,$0.01B,26.67%,$0.03B,$0.01B,26.67%,$0.01B,$0.08B,10.67%,$0.01B,$0.08B,10.67%,$0.01B,$0.76B,1.08%,$0.01B,$0.08B,10.67%,$8,$0,$7,$0,$5,$5,$2,$0,$2,$1,$2,$2,$2,$0,$0,$8,8,$0.19,$0.19,$142,$0,$0,$598,$14,$128,$0,$25,$166,$764,$688,$0,$0,$0,$688,$25,$48,$1,$76,$764,$3,$1,$-0,$0,$-0,$0,$-1,$-0,$-2,$2,$-0,$0,$0,$0,$-9,$-9,$-9,$-18,$0,$0,$0,$0,$0,$-1,$14,$14,$-2,$0,$-1
14,2015-03-31,9.25,$9.39,0.98,$3.75,2.47,$1.66,5.57,$0.90,10.28,$0.60B,$0.68B,0.88,$0.00B,$0.08B,0.0,$0.03B,$0.03B,100.00%,$0.03B,$0.01B,34.48%,$0.03B,0,0.00%,$0.03B,0,0.00%,$0.03B,$0.01B,34.48%,$0.03B,$0.01B,31.03%,$0.01B,$0.08B,12.20%,$0.01B,$0.08B,12.20%,$0.01B,$0.75B,1.25%,$0.01B,$0.08B,13.56%,$7,$0,$7,$0,$5,$5,$2,$0,$2,$1,$2,$2,$2,$0,$0,$8,8,$0.19,$0.19,$150,$0,$0,$595,$14,$121,$0,$23,$159,$754,$678,$0,$0,$0,$678,$25,$46,$2,$76,$754,$2,$0,$-0,$0,$0,$0,$-0,$-0,$-0,$1,$-0,$0,$0,$0,$0,$0,$1,$1,$0,$0,$0,$0,$0,$-1,$3,$3,$5,$0,$-1
15,2014-12-31,9.43,$9.29,1.02,$3.72,2.54,$1.68,5.62,$0.89,10.6,$0.59B,$0.68B,0.88,$0.00B,$0.08B,0.0,$0.03B,$0.03B,100.00%,$0.03B,$0.01B,34.48%,$0.03B,0,0.00%,$0.03B,0,0.00%,$0.03B,$0.01B,34.48%,$0.03B,$0.01B,27.59%,$0.01B,$0.08B,11.15%,$0.01B,$0.08B,11.15%,$0.01B,$0.75B,1.13%,$0.01B,$0.08B,13.94%,$8,$0,$8,$0,$5,$5,$2,$0,$2,$1,$2,$2,$2,$0,$0,$8,8,$0.21,$0.20,$144,$0,$0,$591,$14,$121,$0,$24,$159,$750,$675,$0,$0,$0,$675,$25,$46,$2,$75,$750,$7,$1,$-2,$-1,$-0,$0,$1,$0,$1,$7,$-2,$0,$0,$0,$1,$1,$-34,$-35,$0,$0,$0,$1,$1,$-1,$67,$67,$39,$0,$-1
16,2014-09-30,9.31,$9.01,1.03,$3.67,2.54,$1.85,5.04,$0.91,10.23,$0.55B,$0.63B,0.86,$0.00B,$0.07B,0.0,$0.03B,$0.03B,100.00%,$0.03B,$0.01B,39.29%,$0.03B,0,0.00%,$0.03B,0,0.00%,$0.03B,$0.01B,39.29%,$0.03B,$0.01B,28.57%,$0.01B,$0.07B,11.55%,$0.01B,$0.07B,11.55%,$0.01B,$0.71B,1.17%,$0.01B,$0.07B,15.88%,$7,$0,$7,$0,$5,$5,$2,$0,$2,$1,$2,$2,$2,$0,$0,$8,8,$0.19,$0.19,$118,$0,$0,$546,$14,$124,$0,$23,$161,$707,$634,$0,$0,$0,$634,$25,$44,$1,$73,$707,$5,$0,$-2,$-1,$0,$0,$-0,$0,$0,$4,$-0,$0,$0,$0,$-3,$-3,$-16,$-19,$0,$0,$0,$1,$1,$-1,$28,$27,$13,$0,$-1
17,2014-06-30,9.16,$8.84,1.04,$3.64,2.51,$2.05,4.48,$0.91,10.07,$0.52B,$0.61B,0.85,$0.00B,$0.07B,0.0,$0.03B,$0.03B,100.00%,$0.03B,$0.01B,39.29%,$0.03B,0,0.00%,$0.03B,0,0.00%,$0.03B,$0.01B,39.29%,$0.03B,$0.01B,28.57%,$0.01B,$0.07B,11.99%,$0.01B,$0.07B,11.99%,$0.01B,$0.68B,1.19%,$0.01B,$0.07B,16.48%,$7,$0,$7,$0,$3,$3,$4,$0,$4,$1,$3,$3,$3,$0,$0,$8,8,$0.32,$0.32,$88,$0,$0,$516,$14,$124,$0,$24,$162,$678,$607,$0,$0,$0,$607,$25,$43,$1,$71,$678,$4,$0,$-2,$-2,$0,$0,$0,$-0,$0,$2,$-0,$0,$0,$0,$-4,$-4,$-15,$-20,$0,$0,$0,$1,$1,$-1,$0,$1,$-17,$0,$-1
18,2014-03-31,8.68,$8.40,1.03,$3.63,2.39,$2.16,4.02,$0.77,11.27,$0.53B,$0.62B,0.86,$0.00B,$0.07B,0.0,$0.03B,$0.03B,100.00%,$0.03B,$0.01B,32.14%,$0.03B,0,0.00%,$0.03B,0,0.00%,$0.03B,$0.01B,32.14%,$0.03B,$0.01B,21.43%,$0.01B,$0.07B,9.27%,$0.01B,$0.07B,9.27%,$0.01B,$0.69B,0.90%,$0.01B,$0.07B,13.90%,$7,$0,$7,$0,$5,$5,$2,$0,$2,$1,$1,$1,$1,$0,$0,$8,8,$0.18,$0.18,$116,$0,$0,$530,$14,$120,$0,$24,$158,$688,$620,$0,$0,$0,$620,$25,$40,$0,$68,$688,$1,$0,$0,$0,$0,$0,$-0,$0,$0,$2,$-1,$0,$0,$0,$-0,$-0,$-4,$-5,$0,$0,$0,$1,$1,$-1,$13,$14,$10,$0,$-1
19,2013-12-31,7.63,$8.14,0.94,$3.62,2.11,$2.22,3.44,$0.75,10.18,$0.52B,$0.61B,0.85,$0.00B,$0.07B,0.0,$0.03B,$0.03B,100.00%,$0.03B,$0.01B,32.14%,$0.03B,0,0.00%,$0.03B,0,0.00%,$0.03B,$0.01B,32.14%,$0.03B,$0.01B,21.43%,$0.01B,$0.07B,9.41%,$0.01B,$0.07B,9.41%,$0.01B,$0.67B,0.91%,$0.01B,$0.07B,14.12%,$7,$0,$7,$0,$5,$5,$3,$0,$3,$1,$2,$2,$2,$0,$0,$8,8,$0.22,$0.21,$105,$0,$0,$516,$14,$118,$0,$24,$156,$672,$607,$0,$0,$0,$607,$24,$39,$-1,$65,$672,$6,$1,$1,$2,$-0,$0,$0,$-0,$-0,$8,$-0,$0,$0,$0,$-21,$-21,$-31,$-53,$0,$0,$0,$0,$-7,$-0,$16,$9,$-36,$0,$0
20,2013-09-30,7.26,$7.99,0.91,$3.61,2.01,$2.38,3.05,$0.71,10.22,$0.51B,$0.60B,0.85,$0.00B,$0.06B,0.0,$0.03B,$0.03B,100.00%,$0.03B,$0.01B,28.57%,$0.03B,0,0.00%,$0.03B,0,0.00%,$0.03B,$0.01B,28.57%,$0.03B,$0.01B,17.86%,$0.01B,$0.06B,7.69%,$0.01B,$0.06B,7.69%,$0.01B,$0.66B,0.77%,$0.01B,$0.06B,12.31%,$7,$0,$7,$0,$5,$5,$2,$0,$2,$1,$2,$2,$2,$0,$0,$8,8,$0.19,$0.19,$100,$0,$0,$505,$13,$117,$0,$24,$154,$659,$596,$0,$0,$0,$596,$24,$38,$-1,$63,$659,$4,$1,$0,$2,$-0,$0,$1,$-0,$0,$6,$-0,$0,$0,$0,$-21,$-21,$-24,$-45,$0,$0,$0,$0,$-7,$-0,$5,$-2,$-42,$0,$0
21,2013-06-30,6.99,$8.01,0.87,$3.65,1.92,$2.68,2.61,$0.70,9.99,$0.49B,$0.58B,0.84,$0.00B,$0.06B,0.0,$0.03B,$0.03B,100.00%,$0.03B,$0.01B,28.57%,$0.03B,0,0.00%,$0.03B,0,0.00%,$0.03B,$0.01B,28.57%,$0.03B,$0.00B,14.29%,$0.00B,$0.06B,6.02%,$0.00B,$0.06B,6.02%,$0.00B,$0.64B,0.62%,$0.01B,$0.06B,12.03%,$7,$0,$7,$0,$5,$5,$2,$0,$2,$1,$1,$1,$1,$0,$0,$8,8,$0.18,$0.18,$106,$0,$0,$488,$13,$119,$0,$24,$156,$644,$581,$0,$0,$0,$581,$24,$37,$1,$63,$644,$3,$1,$0,$1,$-0,$0,$0,$-0,$-1,$3,$-0,$0,$0,$0,$-20,$-20,$-2,$-22,$0,$0,$0,$0,$-7,$-0,$-10,$-17,$-36,$0,$0
22,2013-03-31,7.42,$8.10,0.92,$3.67,2.02,$2.73,2.72,$0.68,10.92,$0.50B,$0.58B,0.86,$0.00B,$0.06B,0.0,$0.03B,$0.03B,100.00%,$0.03B,$0.01B,28.57%,$0.03B,0,0.00%,$0.03B,0,0.00%,$0.03B,$0.01B,28.57%,$0.03B,$0.00B,14.29%,$0.00B,$0.06B,5.93%,$0.00B,$0.06B,5.93%,$0.00B,$0.65B,0.63%,$0.01B,$0.06B,11.85%,$7,$0,$7,$0,$5,$5,$2,$0,$2,$1,$1,$1,$1,$0,$0,$8,8,$0.16,$0.16,$118,$0,$0,$500,$13,$115,$0,$21,$149,$648,$584,$0,$0,$0,$584,$24,$35,$3,$64,$648,$1,$0,$0,$0,$-0,$0,$0,$-0,$0,$2,$-0,$0,$0,$0,$-12,$-12,$-0,$-12,$0,$0,$0,$0,$-7,$-0,$-7,$-14,$-23,$0,$0
23,2012-12-31,6.79,$8.85,0.77,$3.75,1.81,$2.72,2.5,$0.69,9.85,$0.52B,$0.59B,0.89,$0.00B,$0.06B,0.0,$0.03B,$0.03B,100.00%,$0.03B,$0.01B,28.57%,$0.03B,0,0.00%,$0.03B,0,0.00%,$0.03B,$0.01B,28.57%,$0.03B,$0.00B,14.29%,$0.00B,$0.07B,5.76%,$0.00B,$0.07B,5.76%,$0.00B,$0.66B,0.65%,$0.01B,$0.07B,11.51%,$7,$0,$7,$0,$5,$5,$2,$0,$2,$1,$1,$1,$1,$0,$0,$8,8,$0.18,$0.18,$141,$0,$0,$524,$13,$104,$0,$20,$137,$661,$591,$0,$0,$0,$591,$24,$34,$3,$70,$661,$6,$1,$1,$2,$0,$0,$1,$-0,$1,$9,$-1,$0,$0,$0,$-13,$-13,$4,$-10,$-3,$0,$-3,$0,$-7,$-0,$51,$41,$40,$0,$0
24,2012-09-30,6.83,$8.70,0.78,$3.77,1.81,$2.41,2.84,$0.68,10.04,$0.49B,$0.56B,0.87,$0.00B,$0.06B,0.0,$0.03B,$0.03B,100.00%,$0.03B,$0.01B,28.57%,$0.03B,0,0.00%,$0.03B,0,0.00%,$0.03B,$0.01B,28.57%,$0.03B,$0.00B,14.29%,$0.00B,$0.07B,5.76%,$0.00B,$0.07B,5.76%,$0.00B,$0.63B,0.66%,$0.01B,$0.07B,11.39%,$7,$0,$7,$0,$5,$5,$2,$0,$2,$1,$1,$1,$1,$0,$0,$8,8,$0.18,$0.18,$107,$0,$0,$488,$13,$106,$0,$21,$140,$628,$559,$0,$0,$0,$559,$24,$33,$4,$69,$628,$4,$1,$1,$2,$-0,$0,$3,$-1,$2,$8,$-0,$0,$0,$0,$-15,$-15,$6,$-9,$-3,$0,$-3,$0,$-7,$-0,$17,$7,$6,$0,$0
25,2012-06-30,6.35,$8.48,0.75,$3.80,1.67,$2.00,3.17,$0.65,9.76,$0.45B,$0.53B,0.86,$0.00B,$0.06B,0.0,$0.03B,$0.03B,100.00%,$0.03B,$0.01B,32.14%,$0.03B,0,0.00%,$0.03B,0,0.00%,$0.03B,$0.01B,32.14%,$0.03B,$0.00B,14.29%,$0.00B,$0.07B,5.73%,$0.00B,$0.07B,5.73%,$0.00B,$0.60B,0.67%,$0.01B,$0.07B,12.50%,$7,$0,$7,$0,$5,$5,$2,$0,$2,$1,$1,$1,$1,$0,$0,$8,8,$0.16,$0.16,$72,$0,$0,$454,$13,$108,$0,$21,$143,$596,$529,$0,$0,$0,$529,$24,$31,$3,$67,$596,$3,$1,$1,$1,$-0,$0,$1,$-1,$-0,$4,$-0,$0,$0,$0,$-18,$-18,$5,$-13,$-3,$0,$-3,$0,$-7,$-0,$-10,$-20,$-29,$0,$0
26,2012-03-31,6.74,$9.08,0.74,$3.83,1.76,$1.87,3.6,$0.65,10.37,$0.45B,$0.52B,0.87,$0.00B,$0.06B,0.0,$0.03B,$0.03B,100.00%,$0.03B,$0.01B,32.14%,$0.03B,0,0.00%,$0.03B,0,0.00%,$0.03B,$0.01B,32.14%,$0.03B,$0.00B,14.29%,$0.00B,$0.07B,5.71%,$0.00B,$0.07B,5.71%,$0.00B,$0.59B,0.68%,$0.01B,$0.07B,12.20%,$7,$0,$7,$0,$5,$5,$2,$0,$2,$1,$1,$1,$1,$0,$0,$8,8,$0.17,$0.17,$69,$0,$0,$454,$13,$105,$0,$21,$140,$594,$522,$0,$0,$0,$522,$24,$30,$2,$72,$594,$1,$0,$0,$1,$-0,$0,$1,$-1,$-0,$2,$-0,$0,$0,$0,$-16,$-16,$3,$-13,$-3,$0,$-3,$0,$0,$-0,$-17,$-21,$-32,$0,$0
27,2011-12-31,6.16,$9.12,0.67,$3.82,1.61,$1.92,3.21,$0.60,10.26,$0.49B,$0.54B,0.91,$0.00B,$0.06B,0.05,$0.03B,$0.03B,100.00%,$0.03B,$0.01B,32.14%,$0.03B,0,0.00%,$0.03B,0,0.00%,$0.03B,$0.01B,32.14%,$0.03B,$0.00B,14.29%,$0.00B,$0.07B,5.84%,$0.00B,$0.07B,5.84%,$0.00B,$0.61B,0.69%,$0.01B,$0.07B,12.12%,$7,$0,$7,$0,$5,$5,$2,$0,$2,$1,$1,$1,$1,$0,$0,$8,8,$0.18,$0.18,$101,$0,$0,$488,$13,$90,$0,$21,$124,$612,$539,$3,$0,$3,$542,$23,$29,$3,$70,$612,$6,$1,$2,$3,$-0,$0,$-0,$2,$1,$10,$-4,$0,$0,$0,$-34,$-34,$7,$-31,$-5,$0,$-5,$-1,$-1,$-1,$59,$53,$32,$0,$0
28,2011-09-30,3.69,$9.01,0.41,$3.86,0.96,$2.09,1.77,$0.60,6.16,$0.46B,$0.51B,0.91,$0.01B,$0.06B,0.11,$0.03B,$0.03B,96.55%,$0.03B,$0.01B,31.03%,$0.03B,0,0.00%,$0.03B,0,0.00%,$0.03B,$0.01B,31.03%,$0.03B,$0.00B,13.79%,$0.00B,$0.07B,5.95%,$0.00B,$0.07B,5.95%,$0.00B,$0.58B,0.70%,$0.01B,$0.08B,12.12%,$7,$0,$7,$0,$5,$5,$3,$0,$3,$1,$2,$2,$1,$0,$0,$8,8,$0.15,$0.15,$81,$0,$0,$463,$13,$87,$0,$21,$121,$584,$508,$6,$0,$6,$514,$23,$28,$3,$70,$584,$4,$1,$1,$2,$-0,$0,$-0,$2,$2,$8,$-4,$0,$0,$0,$-31,$-31,$12,$-22,$-2,$0,$-2,$-1,$-1,$-0,$29,$26,$12,$0,$0
29,2011-06-30,5.33,$8.77,0.61,$3.88,1.37,$3.48,1.53,$0.57,9.36,$0.46B,$0.50B,0.92,$0.01B,$0.06B,0.11,$0.03B,$0.03B,93.33%,$0.03B,$0.01B,26.67%,$0.03B,0,0.00%,$0.03B,0,0.00%,$0.03B,$0.01B,26.67%,$0.03B,$0.00B,13.33%,$0.00B,$0.07B,6.08%,$0.00B,$0.07B,6.08%,$0.00B,$0.57B,0.72%,$0.01B,$0.07B,10.53%,$7,$0,$7,$0,$5,$5,$2,$0,$2,$1,$1,$1,$1,$0,$0,$8,8,$0.16,$0.16,$77,$0,$0,$458,$13,$79,$0,$22,$114,$572,$499,$6,$0,$6,$505,$24,$26,$2,$68,$572,$3,$0,$1,$2,$-0,$0,$-1,$2,$1,$5,$-3,$0,$0,$0,$-24,$-24,$13,$-14,$-2,$0,$-2,$0,$0,$-0,$19,$17,$8,$0,$0
30,2011-03-31,5.46,$8.53,0.64,$3.93,1.39,$3.71,1.47,$0.52,10.5,$0.45B,$0.49B,0.93,$0.01B,$0.05B,0.15,$0.03B,$0.03B,90.32%,$0.03B,$0.01B,25.81%,$0.03B,0,0.00%,$0.03B,0,0.00%,$0.03B,$0.01B,25.81%,$0.03B,$0.00B,12.90%,$0.00B,$0.07B,6.23%,$0.00B,$0.07B,6.23%,$0.00B,$0.56B,0.74%,$0.01B,$0.07B,10.29%,$7,$0,$7,$0,$5,$6,$2,$0,$2,$1,$1,$1,$1,$0,$0,$8,8,$0.12,$0.12,$69,$0,$0,$454,$10,$74,$0,$25,$108,$563,$489,$8,$0,$8,$497,$24,$25,$2,$66,$563,$1,$0,$1,$1,$-0,$0,$0,$-0,$0,$2,$-0,$0,$0,$0,$-20,$-20,$9,$-11,$0,$0,$0,$0,$0,$-0,$9,$9,$-0,$0,$0
31,2010-12-31,5.38,$8.39,0.64,$3.98,1.35,$3.68,1.46,$0.50,10.76,$0.46B,$0.48B,0.97,$0.01B,$0.05B,0.16,$0.03B,$0.03B,87.50%,$0.03B,$0.01B,21.88%,$0.03B,0,0.00%,$0.03B,0,0.00%,$0.03B,$0.01B,21.88%,$0.03B,$0.00B,12.50%,$0.00B,$0.07B,6.35%,$0.00B,$0.07B,6.35%,$0.00B,$0.55B,0.75%,$0.01B,$0.07B,8.67%,$8,$1,$7,$0,$5,$5,$2,$0,$2,$1,$2,$2,$1,$0,$0,$8,8,$0.16,$0.16,$69,$0,$0,$464,$10,$53,$0,$25,$88,$552,$480,$8,$0,$8,$488,$24,$24,$2,$65,$552,$5,$1,$5,$6,$0,$0,$1,$-3,$-2,$8,$-1,$0,$0,$0,$-2,$-2,$20,$17,$-24,$0,$-24,$0,$0,$-1,$48,$23,$47,$0,$0
32,2010-09-30,4.92,$8.32,0.59,$4.01,1.23,$4.05,1.22,$0.40,12.31,$0.45B,$0.45B,0.99,$0.02B,$0.05B,0.36,$0.03B,$0.03B,87.50%,$0.03B,$0.01B,18.75%,$0.03B,0,0.00%,$0.03B,0,0.00%,$0.03B,$0.01B,18.75%,$0.03B,$0.00B,12.50%,$0.00B,$0.06B,6.45%,$0.00B,$0.06B,6.45%,$0.00B,$0.54B,0.76%,$0.01B,$0.08B,7.00%,$8,$1,$7,$0,$5,$6,$2,$0,$2,$1,$1,$1,$1,$0,$0,$8,8,$0.12,$0.12,$46,$0,$0,$447,$10,$55,$0,$23,$88,$535,$452,$19,$0,$19,$471,$24,$23,$2,$64,$535,$3,$1,$3,$4,$0,$0,$1,$0,$1,$8,$7,$0,$0,$0,$-11,$-11,$15,$11,$-14,$0,$-14,$0,$0,$-1,$20,$6,$25,$0,$0
33,2010-06-30,4.79,$8.13,0.59,$4.08,1.17,$2.94,1.63,$0.37,12.94,$0.43B,$0.44B,0.99,$0.02B,$0.05B,0.37,$0.03B,$0.03B,87.50%,$0.03B,$0.01B,15.63%,$0.03B,0,0.00%,$0.03B,0,0.00%,$0.03B,$0.01B,15.63%,$0.03B,$0.00B,12.50%,$0.00B,$0.06B,6.56%,$0.00B,$0.06B,6.56%,$0.00B,$0.52B,0.77%,$0.01B,$0.08B,5.76%,$8,$1,$7,$0,$5,$6,$2,$0,$2,$1,$1,$1,$1,$0,$0,$8,8,$0.11,$0.11,$30,$0,$0,$433,$10,$52,$0,$24,$86,$519,$438,$19,$0,$19,$457,$24,$22,$2,$62,$519,$2,$0,$2,$3,$0,$0,$-0,$0,$-0,$5,$-1,$0,$0,$0,$-1,$-1,$13,$11,$-14,$0,$-14,$0,$0,$-0,$7,$-7,$8,$0,$0
34,2010-03-31,3.74,$7.99,0.47,$4.13,0.9,$2.93,1.28,$0.23,16.26,$0.43B,$0.44B,1.0,$0.02B,$0.05B,0.5,$0.03B,$0.03B,87.50%,$0.03B,$0.00B,9.38%,$0.03B,0,0.00%,$0.03B,0,0.00%,$0.03B,$0.00B,9.38%,$0.03B,$0.00B,9.38%,$0.00B,$0.06B,4.98%,$0.00B,$0.06B,4.98%,$0.00B,$0.52B,0.57%,$0.00B,$0.09B,3.25%,$8,$1,$7,$0,$5,$6,$1,$0,$1,$0,$1,$1,$1,$0,$0,$8,8,$0.10,$0.10,$30,$0,$0,$434,$10,$51,$0,$25,$86,$520,$435,$24,$0,$24,$459,$24,$21,$2,$61,$520,$1,$0,$1,$1,$-0,$0,$0,$-0,$0,$3,$-1,$0,$0,$0,$-0,$-0,$13,$12,$-8,$0,$-8,$0,$0,$-0,$2,$-6,$9,$0,$0
35,2009-12-31,4.02,$7.90,0.51,$4.15,0.97,$3.00,1.34,$0.13,30.93,$0.44B,$0.43B,1.02,$0.03B,$0.05B,0.67,$0.03B,$0.03B,84.38%,$0.03B,$0.00B,6.25%,$0.03B,0,0.00%,$0.03B,0,0.00%,$0.03B,$0.00B,6.25%,$0.03B,$0.00B,6.25%,$0.00B,$0.06B,3.35%,$0.00B,$0.06B,3.35%,$0.00B,$0.53B,0.38%,$0.00B,$0.09B,2.03%,$8,$1,$7,$0,$6,$7,$1,$0,$1,$0,$1,$1,$1,$0,$0,$8,8,$0.06,$0.06,$22,$0,$0,$439,$10,$51,$0,$24,$85,$525,$432,$32,$0,$32,$464,$24,$20,$2,$61,$525,$2,$1,$6,$7,$0,$0,$-0,$1,$1,$10,$-0,$0,$0,$0,$-7,$-7,$-5,$-12,$-37,$0,$-37,$0,$0,$-1,$51,$13,$12,$0,$-0
36,2009-09-30,3.92,$7.82,0.5,$4.15,0.95,$1.74,2.26,$0.09,43.57,$0.43B,$0.43B,1.0,$0.03B,$0.05B,0.57,$0.03B,$0.03B,81.25%,$0.03B,$0.00B,3.13%,$0.03B,0,0.00%,$0.03B,0,0.00%,$0.03B,$0.00B,3.13%,$0.03B,$0.00B,3.13%,$0.00B,$0.06B,1.69%,$0.00B,$0.06B,1.69%,$0.00B,$0.52B,0.19%,$0.00B,$0.09B,0.93%,$8,$1,$7,$0,$6,$7,$1,$0,$1,$0,$1,$1,$1,$0,$0,$8,8,$0.09,$0.09,$15,$0,$0,$433,$10,$54,$0,$24,$88,$521,$434,$27,$0,$27,$461,$24,$20,$2,$60,$521,$1,$1,$7,$8,$-0,$0,$0,$-2,$-2,$7,$-0,$0,$0,$0,$-10,$-10,$-2,$-12,$-42,$0,$-42,$0,$0,$-1,$53,$11,$5,$0,$-0
37,2009-06-30,3.88,$7.65,0.51,$4.12,0.94,$0.90,4.33,0,0.0,$0.44B,$0.42B,1.03,$0.04B,$0.05B,0.96,$0.03B,$0.03B,78.13%,$0.03B,$0.00B,3.13%,$0.03B,0,0.00%,$0.03B,0,0.00%,$0.03B,$0.00B,3.13%,$0.03B,$0.00B,3.13%,$0.00B,$0.06B,1.82%,$0.00B,$0.06B,1.82%,$0.00B,$0.53B,0.20%,$0.00B,$0.10B,0.86%,$8,$2,$7,$0,$7,$8,$-0,$0,$-0,$-0,$-0,$-0,$-0,$0,$0,$8,8,$-0.03,$-0.03,$17,$0,$0,$435,$11,$54,$0,$26,$91,$526,$423,$44,$0,$44,$467,$24,$19,$1,$59,$526,$0,$1,$5,$5,$0,$0,$-0,$-2,$-2,$4,$-0,$0,$0,$0,$-12,$-12,$-1,$-13,$-25,$0,$-25,$0,$0,$-0,$42,$16,$7,$0,$-0
38,2009-03-31,3.42,$7.67,0.45,$4.10,0.83,$0.37,9.28,$0.03,113.98,$0.43B,$0.41B,1.05,$0.05B,$0.05B,1.13,$0.03B,$0.02B,75.00%,$0.03B,$0.00B,6.25%,$0.03B,0,0.00%,$0.03B,0,0.00%,$0.03B,$0.00B,6.25%,$0.03B,$0.00B,6.25%,$0.00B,$0.06B,3.90%,$0.00B,$0.06B,3.90%,$0.00B,$0.52B,0.40%,$0.00B,$0.11B,1.68%,$8,$2,$6,$0,$6,$7,$0,$0,$0,$-0,$0,$0,$0,$0,$0,$8,8,$0.03,$0.03,$11,$0,$0,$434,$11,$52,$0,$26,$90,$524,$413,$52,$0,$52,$465,$24,$19,$1,$59,$524,$0,$0,$2,$2,$0,$0,$-0,$-0,$-0,$3,$-0,$0,$0,$0,$-10,$-10,$-4,$-14,$-17,$0,$-17,$0,$0,$-0,$32,$15,$3,$0,$-0
39,2008-12-31,5.44,$7.57,0.72,$4.12,1.32,$0.07,74.88,$0.03,181.47,$0.43B,$0.38B,1.13,$0.07B,$0.05B,1.52,$0.03B,$0.02B,71.88%,$0.03B,$0.00B,9.38%,$0.03B,0,0.00%,$0.03B,0,0.00%,$0.03B,$0.00B,9.38%,$0.03B,$0.00B,9.38%,$0.00B,$0.06B,8.22%,$0.00B,$0.06B,8.22%,$0.00B,$0.51B,0.81%,$0.00B,$0.13B,3.30%,$8,$2,$6,$0,$6,$8,$0,$0,$0,$-0,$0,$0,$0,$0,$0,$8,8,$0.03,$0.03,$10,$0,$0,$431,$11,$41,$0,$24,$77,$508,$381,$69,$0,$69,$450,$24,$19,$0,$58,$508,$2,$1,$4,$5,$-0,$0,$-1,$-4,$-5,$2,$-2,$0,$0,$0,$-8,$-8,$-49,$-59,$38,$0,$38,$0,$14,$-1,$1,$52,$-4,$0,$-1
40,2008-09-30,5.69,$5.77,0.99,$4.21,1.35,$-0.93,0.0,0,0.0,$0.42B,$0.37B,1.15,$0.08B,$0.04B,1.77,$0.03B,$0.02B,66.67%,$0.03B,$0.01B,15.15%,$0.03B,0,0.00%,$0.03B,0,0.00%,$0.03B,$0.01B,15.15%,$0.03B,$0.00B,12.12%,$0.00B,$0.04B,18.18%,$0.00B,$0.04B,18.18%,$0.00B,$0.49B,1.66%,$0.01B,$0.12B,8.44%,$8,$2,$6,$0,$5,$7,$1,$0,$1,$0,$1,$1,$1,$0,$0,$8,8,$0.07,$0.07,$11,$0,$0,$422,$10,$33,$0,$25,$68,$490,$368,$78,$0,$78,$446,$23,$19,$0,$44,$490,$2,$1,$2,$3,$0,$0,$-1,$-3,$-4,$1,$-1,$0,$0,$0,$1,$1,$-39,$-40,$47,$0,$47,$0,$0,$-0,$-12,$35,$-4,$0,$-0
41,2008-06-30,6.28,$5.71,1.1,$4.34,1.45,$-2.27,0.0,0,0.0,$0.41B,$0.36B,1.13,$0.07B,$0.04B,1.63,$0.03B,$0.02B,61.76%,$0.03B,$0.01B,17.65%,$0.03B,0,0.00%,$0.03B,0,0.00%,$0.03B,$0.01B,17.65%,$0.03B,$0.00B,11.76%,$0.00B,$0.04B,36.36%,$0.00B,$0.04B,36.36%,$0.00B,$0.48B,3.36%,$0.01B,$0.12B,20.87%,$8,$2,$6,$0,$5,$7,$1,$0,$1,$0,$1,$1,$1,$0,$0,$8,8,$0.07,$0.07,$12,$0,$0,$407,$10,$35,$0,$24,$69,$476,$361,$71,$0,$71,$432,$23,$19,$-0,$44,$476,$1,$1,$1,$1,$0,$0,$-1,$-1,$-2,$1,$-1,$0,$0,$0,$-2,$-2,$-22,$-24,$40,$0,$40,$0,$0,$0,$-19,$21,$-2,$0,$0
