,Date,Stock Price,Book Value per Share,Price to Book Ratio,TTM Sales per Share,Price to Sales Ratio,TTM FCF per Share,Price to FCF Ratio,TTM Net EPS,PE Ratio,Current Assets,Current Liabilities,Current Ratio,Long Term Debt,Shareholder's Equity_x,Debt to Equity Ratio,TTM Revenue_x,TTM Gross Profit,Gross Margin,TTM Revenue_y,TTM Operating Income,Operating Margin,TTM Revenue_x,TTM EBIT,EBIT Margin,TTM Revenue_y,TTM EBITDA,EBITDA Margin,TTM Revenue_x,TTM Pre-Tax Income,Pre-Tax Margin,TTM Revenue_y,TTM Net Income_x,Net Margin,TTM Net Income_y,Shareholder's Equity_y,Return on Equity,TTM Net Income_x,Tangible Equity,Return on Tangible Equity,TTM Net Income_y,Total Assets,Return on Assets,TTM Net Income,LT Investments & Debt,Return on Investment,revenue,cost-goods-sold,gross-profit,research-development-expenses,selling-general-administrative-expenses,operating-expenses,operating-income,total-non-operating-income-expense,pre-tax-income,total-provision-income-taxes,income-after-taxes,income-from-continuous-operations,net-income,ebitda,ebit,basic-shares-outstanding,shares-outstanding,eps-basic-net-earnings-per-share,eps-earnings-per-share-diluted,cash-on-hand,inventory,other-current-assets,total-current-assets,net-property-plant-equipment,long-term-investments,goodwill-intangible-assets-total,other-long-term-assets,total-long-term-assets,total-assets,total-current-liabilities,long-term-debt,other-non-current-liabilities,total-long-term-liabilities,total-liabilities,common-stock-net,retained-earnings-accumulated-deficit,comprehensive-income,total-share-holder-equity,total-liabilities-share-holders-equity,net-income-loss,total-depreciation-amortization-cash-flow,other-non-cash-items,total-non-cash-items,change-in-accounts-receivable,change-in-inventories,change-in-accounts-payable,change-in-assets-liabilities,total-change-in-assets-liabilities,cash-flow-from-operating-activities,net-change-in-property-plant-equipment,net-change-in-intangible-assets,net-acquisitions-divestitures,net-change-in-short-term-investments,net-change-in-long-term-investments,net-change-in-investments-total,investing-activities-other,cash-flow-from-investing-activities,net-long-term-debt,net-current-debt,debt-issuance-retirement-net-total,net-common-equity-issued-repurchased,net-total-equity-issued-repurchased,total-common-preferred-stock-dividends-paid,financial-activities-other,cash-flow-from-financial-activities,net-cash-flow,stock-based-compensation,common-stock-dividends-paid
0,2018-09-30,37.96,$28.43,1.34,$9.12,4.16,$7.42,5.12,$3.49,10.88,$17.09B,$18.09B,0.95,$0.34B,$3.66B,0.09,$1.17B,$0.99B,84.59%,$1.17B,$0.55B,47.09%,$1.17B,0,0.00%,$1.17B,0,0.00%,$1.17B,$0.55B,47.09%,$1.17B,$0.45B,38.36%,$0.45B,$3.66B,12.56%,$0.45B,$2.96B,15.65%,$0.45B,$22.09B,2.05%,$0.55B,$4.00B,14.04%,$302,$57,$245,$0,$145,$202,$100,$0,$100,$26,$74,$74,$74,$0,$0,$129,129,$0.58,$0.58,$388,$0,$0,$17091,$539,$2706,$700,$1051,$4995,$22087,$18086,$344,$0,$344,$18430,$1,$1477,$-59,$3657,$22087,$302,$44,$60,$104,$-3,$0,$-11,$-34,$-48,$357,$-52,$0,$0,$0,$-162,$-162,$-715,$-929,$-21,$-17,$-38,$2,$2,$-75,$631,$519,$-53,$11,$-75
1,2018-06-30,44.83,$28.12,1.59,$8.92,5.03,$7.05,6.36,$3.66,12.25,$17.32B,$18.26B,0.95,$0.34B,$3.62B,0.1,$1.14B,$0.99B,86.40%,$1.14B,$0.60B,52.63%,$1.14B,0,0.00%,$1.14B,0,0.00%,$1.14B,$0.60B,52.63%,$1.14B,$0.47B,41.23%,$0.47B,$3.62B,13.48%,$0.47B,$2.91B,16.91%,$0.47B,$22.22B,2.18%,$0.60B,$3.96B,15.60%,$301,$49,$252,$0,$99,$148,$153,$0,$153,$39,$115,$115,$115,$0,$0,$129,129,$0.89,$0.89,$585,$0,$0,$17316,$541,$2618,$703,$1042,$4904,$22220,$18260,$344,$0,$344,$18603,$1,$1429,$-47,$3617,$22220,$228,$29,$7,$37,$1,$0,$-13,$-29,$-41,$224,$-32,$0,$0,$0,$-52,$-52,$-742,$-826,$-21,$111,$90,$2,$2,$-49,$705,$747,$145,$7,$-49
2,2018-03-31,47.85,$27.44,1.74,$8.67,5.52,$6.99,6.84,$3.50,13.67,$17.21B,$18.17B,0.95,$0.34B,$3.53B,0.1,$1.10B,$0.97B,87.99%,$1.10B,$0.59B,53.78%,$1.10B,0,0.00%,$1.10B,0,0.00%,$1.10B,$0.59B,53.78%,$1.10B,$0.45B,40.58%,$0.45B,$3.53B,13.12%,$0.45B,$2.82B,16.59%,$0.45B,$22.04B,2.12%,$0.59B,$3.87B,15.69%,$286,$40,$246,$0,$99,$139,$147,$0,$147,$34,$113,$113,$113,$0,$0,$129,129,$0.88,$0.88,$633,$0,$0,$17213,$532,$2613,$706,$975,$4826,$22039,$18166,$344,$0,$344,$18510,$1,$1339,$-41,$3530,$22039,$113,$15,$-3,$12,$4,$0,$-26,$20,$-2,$123,$-18,$0,$0,$0,$-30,$-30,$-560,$-608,$-20,$80,$59,$2,$2,$-24,$641,$678,$192,$4,$-24
3,2017-12-31,47.85,$27.00,1.77,$8.44,5.67,$7.28,6.57,$3.35,14.28,$16.45B,$17.45B,0.94,$0.36B,$3.46B,0.11,$1.06B,$0.94B,89.11%,$1.06B,$0.58B,55.02%,$1.06B,0,0.00%,$1.06B,0,0.00%,$1.06B,$0.58B,55.02%,$1.06B,$0.42B,39.96%,$0.42B,$3.46B,13.04%,$0.42B,$2.76B,16.73%,$0.42B,$21.28B,2.08%,$0.58B,$3.83B,16.08%,$279,$34,$245,$0,$95,$130,$150,$0,$150,$3,$146,$146,$146,$0,$0,$125,126,$1.15,$1.14,$440,$0,$0,$16454,$520,$2623,$709,$970,$4822,$21276,$17448,$364,$0,$364,$17812,$1,$1250,$-13,$3464,$21276,$422,$50,$204,$254,$-1,$0,$-1,$-240,$-291,$384,$-39,$0,$0,$0,$-1140,$-1140,$-1452,$-2630,$-20,$4,$-15,$307,$307,$-89,$1617,$1820,$-426,$12,$-89
4,2017-09-30,47.26,$26.04,1.81,$8.57,5.51,$6.42,7.37,$2.93,16.13,$16.80B,$17.05B,0.99,$0.38B,$3.34B,0.12,$1.02B,$0.92B,90.03%,$1.02B,$0.57B,55.52%,$1.02B,0,0.00%,$1.02B,0,0.00%,$1.02B,$0.57B,55.52%,$1.02B,$0.36B,35.58%,$0.36B,$3.34B,11.86%,$0.36B,$2.63B,15.48%,$0.36B,$20.77B,1.85%,$0.57B,$3.72B,16.46%,$274,$32,$242,$0,$92,$124,$150,$0,$150,$54,$96,$96,$96,$0,$0,$128,128,$0.75,$0.75,$1057,$0,$0,$16798,$518,$1975,$712,$766,$3970,$20768,$17047,$384,$0,$384,$17431,$1,$1124,$-6,$3338,$20768,$276,$36,$-29,$7,$15,$0,$0,$-9,$6,$289,$-31,$0,$0,$0,$-480,$-480,$-1078,$-1589,$1,$5,$6,$303,$303,$-65,$1248,$1492,$191,$9,$-65
5,2017-06-30,45.92,$25.46,1.8,$8.38,5.48,$5.51,8.34,$2.84,16.17,$15.97B,$16.42B,0.97,$0.38B,$3.26B,0.12,$0.97B,$0.88B,90.75%,$0.97B,$0.54B,55.19%,$0.97B,0,0.00%,$0.97B,0,0.00%,$0.97B,$0.54B,55.19%,$0.97B,$0.34B,35.35%,$0.34B,$3.26B,11.77%,$0.34B,$2.55B,15.61%,$0.34B,$20.07B,1.80%,$0.54B,$3.65B,16.24%,$260,$26,$234,$0,$90,$116,$144,$0,$144,$53,$91,$91,$91,$0,$0,$124,124,$0.73,$0.73,$824,$0,$0,$15965,$517,$2102,$715,$766,$4099,$20065,$16418,$384,$0,$384,$16801,$1,$1052,$-5,$3263,$20065,$180,$23,$-16,$7,$22,$0,$-5,$-3,$14,$201,$-23,$0,$0,$0,$-602,$-602,$-547,$-1173,$1,$3,$4,$301,$301,$-42,$667,$930,$-42,$8,$-42
6,2017-03-31,50.96,$23.66,2.15,$7.97,6.39,$4.66,10.94,$2.71,18.8,$15.69B,$15.89B,0.99,$0.38B,$2.88B,0.13,$0.87B,$0.79B,91.23%,$0.87B,$0.48B,55.25%,$0.87B,0,0.00%,$0.87B,0,0.00%,$0.87B,$0.48B,55.25%,$0.87B,$0.31B,35.41%,$0.31B,$2.88B,12.29%,$0.31B,$2.16B,15.99%,$0.31B,$19.15B,1.79%,$0.48B,$3.26B,16.63%,$243,$23,$220,$0,$83,$106,$137,$0,$137,$47,$89,$89,$89,$0,$0,$122,122,$0.73,$0.73,$929,$0,$0,$15685,$507,$1471,$718,$772,$3467,$19152,$15892,$383,$0,$383,$16276,$1,$982,$-18,$2877,$19152,$89,$11,$-6,$5,$22,$0,$24,$1,$48,$142,$-7,$0,$0,$0,$10,$10,$-217,$-215,$0,$15,$16,$1,$1,$-21,$139,$135,$62,$4,$-21
7,2016-12-31,51.53,$23.05,2.24,$7.53,6.84,$3.98,12.96,$2.55,20.21,$15.41B,$15.71B,0.98,$0.38B,$2.80B,0.14,$0.77B,$0.70B,91.78%,$0.77B,$0.43B,55.48%,$0.77B,0,0.00%,$0.77B,0,0.00%,$0.77B,$0.43B,55.48%,$0.77B,$0.27B,35.25%,$0.27B,$2.80B,12.52%,$0.27B,$2.07B,15.70%,$0.27B,$18.89B,1.77%,$0.43B,$3.18B,17.11%,$246,$21,$225,$0,$88,$109,$137,$0,$137,$49,$88,$88,$88,$0,$0,$104,105,$0.76,$0.75,$866,$0,$0,$15405,$504,$1472,$721,$789,$3485,$18890,$15713,$383,$0,$383,$16095,$1,$914,$-26,$2795,$18890,$270,$32,$-28,$3,$-24,$0,$-8,$1,$-31,$242,$-45,$0,$0,$0,$-469,$-469,$-1770,$-2284,$-164,$-1,$-165,$3,$3,$-62,$3042,$2818,$775,$11,$-62
8,2016-09-30,37.62,$22.78,1.65,$6.84,5.5,$4.21,8.94,$2.40,15.68,$15.09B,$15.31B,0.99,$0.38B,$2.76B,0.14,$0.67B,$0.62B,92.48%,$0.67B,$0.37B,55.34%,$0.67B,0,0.00%,$0.67B,0,0.00%,$0.67B,$0.37B,55.34%,$0.67B,$0.23B,35.04%,$0.23B,$2.76B,12.77%,$0.23B,$2.04B,15.22%,$0.23B,$18.45B,1.79%,$0.37B,$3.14B,17.23%,$224,$19,$204,$0,$86,$105,$119,$0,$119,$42,$76,$76,$76,$0,$0,$115,115,$0.66,$0.66,$970,$0,$0,$15092,$503,$1342,$722,$792,$3359,$18452,$15310,$383,$0,$383,$15692,$1,$847,$14,$2760,$18452,$182,$20,$-17,$3,$-7,$0,$-3,$-15,$-25,$160,$-34,$0,$0,$0,$-237,$-237,$-1398,$-1670,$-164,$5,$-159,$1,$1,$-42,$2588,$2388,$879,$8,$-42
9,2016-06-30,36.76,$17.22,2.14,$6.32,5.82,$5.09,7.23,$2.26,16.27,$10.51B,$10.34B,1.02,$0.38B,$1.56B,0.25,$0.57B,$0.53B,93.47%,$0.57B,$0.32B,56.26%,$0.57B,0,0.00%,$0.57B,0,0.00%,$0.57B,$0.32B,56.26%,$0.57B,$0.20B,35.80%,$0.20B,$1.56B,13.86%,$0.20B,$1.41B,15.48%,$0.20B,$12.28B,1.89%,$0.32B,$1.94B,18.23%,$154,$12,$142,$0,$56,$68,$86,$0,$86,$32,$54,$54,$54,$0,$0,$91,91,$0.60,$0.60,$807,$0,$0,$10507,$305,$824,$150,$493,$1773,$12280,$10337,$382,$0,$382,$10719,$1,$785,$15,$1560,$12280,$106,$10,$-8,$3,$-19,$0,$-5,$-16,$-41,$68,$-15,$0,$0,$0,$-185,$-185,$-1398,$-1598,$60,$-12,$48,$1,$1,$-28,$2224,$2245,$716,$5,$-28
10,2016-03-31,41.12,$16.66,2.47,$6.04,6.8,$5.82,7.07,$2.17,18.95,$9.86B,$9.76B,1.01,$0.16B,$1.51B,0.11,$0.54B,$0.51B,94.22%,$0.54B,$0.30B,56.34%,$0.54B,0,0.00%,$0.54B,0,0.00%,$0.54B,$0.30B,56.34%,$0.54B,$0.19B,36.19%,$0.19B,$1.51B,14.08%,$0.19B,$1.36B,15.84%,$0.19B,$11.43B,1.97%,$0.30B,$1.67B,18.44%,$142,$9,$132,$0,$50,$59,$83,$0,$83,$31,$52,$52,$52,$0,$0,$91,91,$0.57,$0.57,$623,$0,$0,$9864,$300,$628,$151,$485,$1563,$11427,$9756,$160,$0,$160,$9916,$1,$745,$10,$1511,$11427,$52,$5,$-8,$-3,$-10,$0,$12,$-5,$-3,$45,$-7,$0,$0,$0,$-22,$-22,$-965,$-994,$-163,$0,$-163,$0,$0,$-14,$1656,$1480,$532,$2,$-14
11,2015-12-31,48.46,$16.22,2.99,$5.92,8.19,$6.32,7.66,$2.07,23.41,$8.39B,$8.09B,1.04,$0.32B,$1.47B,0.22,$0.52B,$0.49B,94.76%,$0.52B,$0.28B,53.79%,$0.52B,0,0.00%,$0.52B,0,0.00%,$0.52B,$0.28B,53.79%,$0.52B,$0.18B,35.34%,$0.18B,$1.47B,14.05%,$0.18B,$1.32B,15.95%,$0.18B,$9.88B,2.01%,$0.28B,$1.79B,17.48%,$145,$8,$137,$0,$57,$65,$80,$0,$80,$29,$51,$51,$51,$0,$0,$87,87,$0.57,$0.59,$91,$0,$0,$8390,$296,$602,$152,$438,$1489,$9879,$8089,$322,$0,$322,$8412,$1,$707,$8,$1468,$9879,$182,$18,$-34,$-16,$-2,$0,$14,$24,$35,$201,$-17,$0,$0,$0,$271,$271,$-1589,$-1335,$5,$-0,$5,$108,$108,$-47,$1009,$1074,$-59,$8,$-47
12,2015-09-30,42.88,$14.93,2.87,$5.70,7.52,$5.22,8.21,$1.93,22.22,$7.66B,$7.73B,0.99,$0.28B,$1.32B,0.21,$0.48B,$0.46B,95.02%,$0.48B,$0.25B,51.66%,$0.48B,0,0.00%,$0.48B,0,0.00%,$0.48B,$0.25B,51.66%,$0.48B,$0.17B,34.44%,$0.17B,$1.32B,14.35%,$0.17B,$1.16B,16.37%,$0.17B,$9.33B,2.01%,$0.25B,$1.60B,17.42%,$126,$7,$119,$0,$49,$56,$70,$0,$70,$23,$46,$46,$46,$0,$0,$88,88,$0.53,$0.52,$282,$0,$0,$7657,$296,$796,$157,$422,$1672,$9329,$7732,$279,$0,$279,$8012,$1,$668,$12,$1318,$9329,$131,$12,$-21,$-9,$-7,$0,$-2,$25,$16,$138,$37,$0,$0,$0,$83,$83,$-713,$-594,$-31,$14,$-18,$1,$1,$-34,$638,$587,$131,$6,$-34
13,2015-06-30,44.83,$13.97,3.21,$5.51,8.13,$4.40,10.2,$1.81,24.77,$7.08B,$7.22B,0.98,$0.28B,$1.21B,0.23,$0.46B,$0.43B,95.16%,$0.46B,$0.23B,49.89%,$0.46B,0,0.00%,$0.46B,0,0.00%,$0.46B,$0.23B,49.89%,$0.46B,$0.15B,33.41%,$0.15B,$1.21B,14.52%,$0.15B,$1.06B,16.58%,$0.15B,$8.71B,2.00%,$0.23B,$1.49B,16.76%,$123,$6,$117,$0,$48,$54,$69,$0,$69,$24,$45,$45,$45,$0,$0,$87,88,$0.52,$0.51,$515,$0,$0,$7078,$285,$782,$151,$413,$1632,$8710,$7218,$279,$0,$279,$7498,$1,$634,$8,$1213,$8710,$85,$8,$-18,$-11,$-13,$0,$-2,$26,$10,$84,$30,$0,$0,$0,$77,$77,$-186,$-79,$-31,$4,$-27,$1,$1,$-22,$407,$359,$365,$4,$-22
14,2015-03-31,36.18,$13.63,2.65,$5.23,6.92,$3.68,9.84,$1.64,22.06,$6.75B,$6.84B,0.99,$0.28B,$1.18B,0.24,$0.42B,$0.40B,94.99%,$0.42B,$0.20B,47.02%,$0.42B,0,0.00%,$0.42B,0,0.00%,$0.42B,$0.20B,47.02%,$0.42B,$0.13B,31.74%,$0.13B,$1.18B,13.90%,$0.13B,$1.03B,15.88%,$0.13B,$8.30B,1.90%,$0.20B,$1.46B,15.38%,$121,$6,$115,$0,$56,$62,$58,$0,$58,$18,$40,$40,$40,$0,$0,$84,84,$0.48,$0.47,$429,$0,$0,$6753,$282,$784,$156,$328,$1550,$8303,$6842,$279,$0,$279,$7121,$1,$601,$14,$1183,$8303,$40,$4,$-10,$-7,$-7,$0,$8,$29,$30,$64,$15,$0,$0,$0,$80,$80,$114,$210,$-32,$11,$-21,$1,$1,$-10,$36,$5,$279,$2,$-10
15,2014-12-31,37.15,$11.42,3.25,$4.84,7.68,$3.09,12.01,$1.51,24.6,$5.25B,$5.60B,0.94,$0.26B,$0.91B,0.28,$0.38B,$0.36B,94.93%,$0.38B,$0.17B,46.13%,$0.38B,0,0.00%,$0.38B,0,0.00%,$0.38B,$0.17B,46.13%,$0.38B,$0.12B,31.47%,$0.12B,$0.91B,14.28%,$0.12B,$0.81B,15.93%,$0.12B,$6.77B,1.91%,$0.17B,$1.17B,14.81%,$112,$6,$107,$0,$55,$60,$52,$0,$52,$17,$35,$35,$35,$0,$0,$78,78,$0.44,$0.44,$150,$0,$0,$5245,$274,$839,$106,$303,$1521,$6766,$5599,$256,$0,$256,$5855,$1,$571,$14,$912,$6766,$119,$14,$-55,$-41,$3,$0,$18,$-2,$19,$97,$-18,$0,$0,$0,$103,$103,$-649,$-565,$-99,$-4,$-103,$2,$2,$-36,$558,$422,$-46,$6,$-36
16,2014-09-30,30.88,$11.03,2.8,$4.49,6.88,$2.77,11.17,$1.41,21.9,$5.00B,$5.26B,0.95,$0.42B,$0.88B,0.48,$0.34B,$0.32B,94.44%,$0.34B,$0.16B,45.91%,$0.34B,0,0.00%,$0.34B,0,0.00%,$0.34B,$0.16B,45.91%,$0.34B,$0.11B,31.29%,$0.11B,$0.88B,14.14%,$0.11B,$0.77B,15.45%,$0.11B,$6.58B,1.89%,$0.16B,$1.30B,14.01%,$99,$5,$94,$0,$46,$52,$48,$0,$48,$16,$32,$32,$32,$0,$0,$80,80,$0.40,$0.40,$112,$0,$0,$5002,$268,$860,$107,$343,$1578,$6580,$5257,$418,$0,$418,$5701,$1,$547,$11,$879,$6580,$84,$10,$-71,$-61,$-0,$0,$24,$2,$26,$48,$44,$0,$0,$0,$77,$77,$-503,$-382,$71,$4,$76,$2,$2,$-26,$199,$250,$-84,$4,$-26
17,2014-06-30,32.77,$10.72,3.06,$4.31,7.61,$2.75,11.91,$1.32,24.92,$4.66B,$5.07B,0.92,$0.35B,$0.85B,0.41,$0.32B,$0.30B,94.38%,$0.32B,$0.15B,45.63%,$0.32B,0,0.00%,$0.32B,0,0.00%,$0.32B,$0.15B,45.63%,$0.32B,$0.10B,31.56%,$0.10B,$0.85B,14.62%,$0.10B,$0.75B,15.57%,$0.10B,$6.30B,1.94%,$0.15B,$1.20B,14.09%,$87,$5,$82,$0,$43,$48,$39,$0,$39,$12,$26,$26,$26,$0,$0,$77,77,$0.35,$0.34,$111,$0,$0,$4661,$265,$892,$109,$372,$1637,$6298,$5072,$346,$0,$346,$5444,$1,$524,$10,$854,$6298,$52,$-36,$-1,$-37,$-9,$0,$13,$1,$5,$20,$26,$0,$0,$0,$43,$43,$-187,$-119,$-0,$-14,$-14,$2,$2,$-17,$43,$13,$-85,$3,$-17
18,2014-03-31,33.34,$8.94,3.73,$4.12,8.09,$2.93,11.38,$1.26,26.46,$3.79B,$4.00B,0.95,$0.35B,$0.66B,0.52,$0.30B,$0.28B,94.00%,$0.30B,$0.14B,45.67%,$0.30B,0,0.00%,$0.30B,0,0.00%,$0.30B,$0.14B,45.67%,$0.30B,$0.10B,31.67%,$0.10B,$0.66B,15.54%,$0.10B,$0.64B,16.01%,$0.10B,$5.03B,2.05%,$0.14B,$1.01B,13.92%,$77,$5,$73,$0,$39,$43,$34,$0,$34,$9,$25,$25,$25,$0,$0,$74,74,$0.34,$0.34,$188,$0,$0,$3790,$255,$688,$21,$280,$1243,$5033,$4000,$346,$0,$346,$4372,$1,$506,$3,$661,$5033,$25,$3,$-22,$-19,$-1,$0,$15,$-1,$12,$18,$8,$0,$0,$0,$-4,$-4,$34,$38,$-0,$-2,$-2,$2,$2,$-8,$-55,$-64,$-8,$1,$-8
19,2013-12-31,27.72,$8.58,3.23,$3.99,6.94,$3.15,8.81,$1.20,23.1,$3.52B,$3.79B,0.93,$0.35B,$0.63B,0.55,$0.29B,$0.27B,93.40%,$0.29B,$0.13B,45.83%,$0.29B,0,0.00%,$0.29B,0,0.00%,$0.29B,$0.13B,45.83%,$0.29B,$0.09B,31.25%,$0.09B,$0.63B,15.58%,$0.09B,$0.61B,16.01%,$0.09B,$4.79B,2.06%,$0.13B,$0.98B,13.88%,$79,$5,$74,$0,$38,$42,$36,$0,$36,$12,$24,$24,$24,$0,$0,$72,72,$0.34,$0.33,$196,$0,$0,$3524,$245,$669,$19,$333,$1267,$4791,$3787,$346,$0,$346,$4159,$1,$489,$-4,$633,$4791,$91,$11,$-68,$-57,$21,$0,$0,$4,$25,$59,$-10,$0,$0,$0,$-54,$-54,$-20,$-84,$0,$17,$17,$3,$3,$-26,$19,$13,$-12,$4,$-26
20,2013-09-30,23.38,$8.39,2.79,$3.88,6.03,$1.58,14.77,$1.17,20.07,$3.52B,$3.72B,0.95,$0.35B,$0.62B,0.56,$0.28B,$0.26B,93.14%,$0.28B,$0.13B,45.49%,$0.28B,0,0.00%,$0.28B,0,0.00%,$0.28B,$0.13B,45.49%,$0.28B,$0.09B,31.41%,$0.09B,$0.62B,15.90%,$0.09B,$0.60B,16.30%,$0.09B,$4.71B,2.08%,$0.13B,$0.96B,13.68%,$77,$5,$73,$0,$36,$41,$37,$0,$37,$10,$26,$26,$26,$0,$0,$73,73,$0.36,$0.36,$124,$0,$0,$3519,$245,$671,$20,$255,$1192,$4711,$3723,$346,$0,$346,$4095,$1,$472,$-0,$616,$4711,$67,$-27,$-17,$-44,$18,$0,$2,$-1,$20,$43,$40,$0,$0,$0,$-51,$-51,$-69,$-80,$0,$14,$14,$3,$3,$-18,$-46,$-47,$-84,$3,$-18
21,2013-06-30,21.04,$7.54,2.79,$3.73,5.64,$0.36,58.16,$1.14,18.54,$3.10B,$3.03B,1.03,$0.46B,$0.54B,0.85,$0.26B,$0.24B,92.42%,$0.26B,$0.12B,43.94%,$0.26B,0,0.00%,$0.26B,0,0.00%,$0.26B,$0.12B,43.94%,$0.26B,$0.08B,30.30%,$0.08B,$0.54B,15.58%,$0.08B,$0.52B,15.92%,$0.08B,$4.04B,2.02%,$0.12B,$0.99B,13.08%,$67,$4,$62,$0,$33,$37,$30,$0,$30,$10,$20,$20,$20,$0,$0,$71,71,$0.29,$0.29,$61,$0,$0,$3103,$226,$491,$11,$213,$940,$4044,$3027,$457,$0,$457,$3509,$1,$453,$-1,$535,$4044,$40,$-19,$-6,$-25,$17,$0,$4,$-3,$18,$34,$21,$0,$0,$0,$-21,$-21,$-163,$-163,$111,$-5,$106,$2,$2,$-11,$-115,$-18,$-147,$2,$-11
22,2013-03-31,21.45,$7.45,2.88,$3.71,5.79,$-0.66,0.0,$1.13,19.07,$3.01B,$3.05B,0.99,$0.35B,$0.53B,0.66,$0.26B,$0.24B,92.31%,$0.26B,$0.11B,43.85%,$0.26B,0,0.00%,$0.26B,0,0.00%,$0.26B,$0.11B,43.85%,$0.26B,$0.08B,30.38%,$0.08B,$0.53B,15.94%,$0.08B,$0.52B,16.31%,$0.08B,$3.95B,2.03%,$0.11B,$0.87B,13.31%,$65,$5,$60,$0,$32,$37,$29,$0,$29,$9,$20,$20,$20,$0,$0,$71,71,$0.29,$0.28,$163,$0,$0,$3010,$227,$488,$11,$216,$942,$3952,$3054,$346,$0,$346,$3425,$0,$438,$9,$527,$3952,$20,$-10,$-2,$-13,$17,$0,$7,$-0,$24,$31,$9,$0,$0,$0,$2,$2,$24,$35,$-0,$1,$1,$1,$1,$-5,$-109,$-112,$-45,$1,$-5
23,2012-12-31,16.12,$7.25,2.22,$3.71,4.35,$-1.19,0.0,$1.11,14.59,$3.09B,$3.16B,0.98,$0.35B,$0.51B,0.68,$0.26B,$0.24B,91.89%,$0.26B,$0.11B,42.86%,$0.26B,0,0.00%,$0.26B,0,0.00%,$0.26B,$0.11B,42.86%,$0.26B,$0.08B,29.73%,$0.08B,$0.51B,16.20%,$0.08B,$0.50B,16.59%,$0.08B,$4.04B,1.99%,$0.11B,$0.86B,13.28%,$68,$5,$63,$0,$32,$37,$30,$0,$30,$10,$21,$21,$21,$0,$0,$69,70,$0.30,$0.29,$208,$0,$0,$3088,$226,$494,$12,$220,$952,$4040,$3158,$346,$0,$346,$3529,$0,$423,$11,$511,$4040,$77,$-53,$-10,$-63,$-18,$0,$-13,$1,$-29,$-16,$-46,$0,$0,$0,$37,$37,$196,$188,$-21,$-3,$-24,$4,$4,$-17,$15,$-23,$149,$3,$-17
24,2012-09-30,16.53,$6.94,2.38,$3.69,4.48,$0.30,55.89,$1.07,15.52,$2.96B,$2.97B,1.0,$0.35B,$0.48B,0.72,$0.26B,$0.23B,91.41%,$0.26B,$0.11B,41.41%,$0.26B,0,0.00%,$0.26B,0,0.00%,$0.26B,$0.11B,41.41%,$0.26B,$0.07B,28.91%,$0.07B,$0.48B,16.28%,$0.07B,$0.47B,16.69%,$0.07B,$3.82B,1.94%,$0.11B,$0.83B,12.92%,$64,$5,$59,$0,$32,$37,$27,$0,$27,$8,$19,$19,$19,$0,$0,$69,70,$0.28,$0.28,$127,$0,$0,$2960,$222,$430,$11,$201,$863,$3823,$2971,$346,$0,$346,$3342,$0,$408,$13,$481,$3823,$56,$-42,$1,$-41,$-9,$0,$-18,$-0,$-27,$-12,$5,$0,$0,$0,$28,$28,$127,$161,$-21,$-0,$-21,$3,$3,$-12,$-51,$-82,$68,$2,$-12
25,2012-06-30,14.36,$6.69,2.15,$3.76,3.82,$0.73,19.8,$1.07,13.49,$2.94B,$2.87B,1.02,$0.41B,$0.46B,0.87,$0.26B,$0.24B,90.38%,$0.26B,$0.11B,40.77%,$0.26B,0,0.00%,$0.26B,0,0.00%,$0.26B,$0.11B,40.77%,$0.26B,$0.07B,28.46%,$0.07B,$0.46B,16.94%,$0.07B,$0.45B,17.41%,$0.07B,$3.77B,1.93%,$0.11B,$0.87B,13.17%,$63,$5,$58,$0,$30,$36,$28,$0,$28,$9,$19,$19,$19,$0,$0,$69,70,$0.28,$0.28,$66,$0,$0,$2941,$220,$415,$11,$177,$823,$3765,$2872,$405,$0,$405,$3302,$0,$393,$11,$463,$3765,$37,$4,$-33,$-29,$0,$0,$-20,$1,$-19,$-10,$-8,$0,$0,$0,$29,$29,$100,$121,$38,$-1,$37,$2,$2,$-8,$-134,$-103,$7,$1,$-8
26,2012-03-31,14.87,$6.45,2.3,$4.67,3.18,$1.15,12.94,$1.52,9.8,$3.01B,$3.02B,1.0,$0.35B,$0.45B,0.78,$0.32B,$0.30B,91.33%,$0.32B,$0.16B,48.61%,$0.32B,0,0.00%,$0.32B,0,0.00%,$0.32B,$0.16B,48.61%,$0.32B,$0.11B,32.51%,$0.11B,$0.45B,25.10%,$0.11B,$0.43B,25.86%,$0.11B,$3.84B,2.69%,$0.16B,$0.79B,20.26%,$64,$6,$58,$0,$32,$38,$26,$0,$26,$8,$18,$18,$18,$0,$0,$69,70,$0.26,$0.26,$144,$0,$0,$3005,$202,$434,$12,$184,$832,$3837,$3021,$346,$0,$346,$3391,$0,$378,$11,$446,$3837,$18,$2,$-17,$-15,$-2,$0,$-12,$2,$-12,$-8,$11,$0,$0,$0,$7,$7,$104,$122,$-21,$11,$-10,$2,$2,$-4,$-16,$-29,$85,$1,$-4
27,2011-12-31,14.04,$6.21,2.26,$4.59,3.06,$1.30,10.79,$1.47,9.55,$3.00B,$3.02B,0.99,$0.37B,$0.43B,0.86,$0.32B,$0.29B,90.51%,$0.32B,$0.15B,48.10%,$0.32B,0,0.00%,$0.32B,0,0.00%,$0.32B,$0.15B,48.10%,$0.32B,$0.10B,32.28%,$0.10B,$0.43B,26.07%,$0.10B,$0.42B,26.84%,$0.10B,$3.84B,2.70%,$0.15B,$0.80B,20.31%,$65,$7,$59,$0,$34,$40,$25,$0,$25,$8,$18,$18,$18,$0,$0,$69,69,$0.26,$0.25,$59,$0,$0,$3004,$187,$439,$12,$200,$838,$3842,$3022,$367,$0,$367,$3414,$0,$364,$9,$428,$3842,$101,$-59,$-46,$-105,$-2,$0,$15,$11,$24,$21,$21,$0,$0,$0,$112,$112,$660,$793,$-73,$-11,$-84,$4,$4,$-13,$-711,$-804,$10,$2,$-13
28,2011-09-30,9.88,$5.99,1.65,$4.53,2.18,$1.40,7.05,$1.46,6.75,$2.23B,$3.14B,0.71,$0.35B,$0.41B,0.86,$0.31B,$0.28B,89.74%,$0.31B,$0.15B,48.08%,$0.31B,0,0.00%,$0.31B,0,0.00%,$0.31B,$0.15B,48.08%,$0.31B,$0.10B,32.37%,$0.10B,$0.41B,27.65%,$0.10B,$0.40B,28.45%,$0.10B,$3.93B,2.77%,$0.15B,$0.77B,20.91%,$68,$8,$60,$0,$33,$41,$27,$0,$27,$8,$19,$19,$19,$0,$0,$69,69,$0.28,$0.28,$69,$0,$0,$2230,$184,$440,$13,$1067,$1703,$3932,$3143,$354,$0,$354,$3522,$0,$350,$8,$410,$3932,$84,$-43,$-30,$-73,$3,$0,$2,$-2,$4,$14,$9,$0,$0,$0,$110,$110,$586,$705,$-86,$2,$-83,$3,$3,$-9,$-609,$-698,$20,$1,$-9
29,2011-06-30,12.24,$5.68,2.15,$4.52,2.71,$1.51,8.1,$1.49,8.24,$2.22B,$3.26B,0.68,$0.36B,$0.39B,0.92,$0.31B,$0.28B,89.68%,$0.31B,$0.15B,49.35%,$0.31B,0,0.00%,$0.31B,0,0.00%,$0.31B,$0.15B,49.35%,$0.31B,$0.10B,32.90%,$0.10B,$0.39B,29.76%,$0.10B,$0.38B,30.58%,$0.10B,$4.03B,2.96%,$0.15B,$0.75B,21.99%,$126,$8,$118,$0,$39,$47,$79,$0,$79,$28,$50,$50,$50,$0,$0,$68,69,$0.74,$0.73,$81,$0,$0,$2215,$181,$499,$13,$1120,$1813,$4028,$3257,$358,$0,$358,$3639,$0,$334,$3,$389,$4028,$65,$-26,$-29,$-55,$7,$0,$4,$-6,$4,$15,$-3,$0,$0,$0,$42,$42,$555,$593,$-82,$-5,$-87,$2,$2,$-6,$-485,$-576,$32,$1,$-6
30,2011-03-31,10.24,$4.95,2.07,$3.39,3.02,$1.82,5.61,$0.92,11.16,$2.03B,$2.63B,0.77,$0.35B,$0.34B,1.03,$0.23B,$0.20B,85.78%,$0.23B,$0.09B,37.93%,$0.23B,0,0.00%,$0.23B,0,0.00%,$0.23B,$0.09B,37.93%,$0.23B,$0.06B,27.16%,$0.06B,$0.34B,19.72%,$0.06B,$0.33B,20.21%,$0.06B,$3.33B,1.99%,$0.09B,$0.69B,13.14%,$57,$8,$49,$0,$28,$36,$21,$0,$21,$6,$15,$15,$15,$0,$0,$68,69,$0.22,$0.22,$50,$0,$0,$2032,$178,$390,$8,$719,$1295,$3327,$2633,$348,$0,$348,$2988,$0,$287,$1,$338,$3327,$15,$-10,$2,$-8,$10,$0,$0,$0,$11,$18,$-4,$0,$0,$0,$10,$10,$138,$144,$-4,$1,$-4,$1,$1,$-3,$-156,$-161,$1,$0,$-3
31,2010-12-31,10.11,$4.75,2.13,$3.35,3.02,$1.92,5.25,$0.94,10.76,$2.04B,$2.60B,0.79,$0.35B,$0.32B,1.07,$0.23B,$0.20B,85.15%,$0.23B,$0.09B,39.30%,$0.23B,0,0.00%,$0.23B,0,0.00%,$0.23B,$0.09B,39.30%,$0.23B,$0.06B,27.95%,$0.06B,$0.32B,20.86%,$0.06B,$0.32B,21.39%,$0.06B,$3.27B,2.07%,$0.09B,$0.67B,13.40%,$61,$8,$53,$0,$29,$38,$23,$0,$23,$6,$17,$17,$17,$0,$0,$68,68,$0.25,$0.25,$49,$0,$0,$2037,$170,$399,$8,$659,$1236,$3273,$2596,$347,$0,$347,$2950,$0,$275,$-0,$324,$3273,$64,$-13,$-9,$-22,$-6,$0,$1,$4,$-1,$41,$7,$0,$0,$0,$194,$194,$291,$492,$-114,$-1,$-115,$3,$3,$-10,$-440,$-562,$-29,$1,$-10
32,2010-09-30,8.62,$4.70,1.83,$3.22,2.68,$1.80,4.78,$0.84,10.32,$2.04B,$2.49B,0.82,$0.36B,$0.32B,1.13,$0.22B,$0.18B,84.02%,$0.22B,$0.08B,38.36%,$0.22B,0,0.00%,$0.22B,0,0.00%,$0.22B,$0.08B,38.36%,$0.22B,$0.06B,26.03%,$0.06B,$0.32B,19.40%,$0.06B,$0.31B,19.86%,$0.06B,$3.18B,1.93%,$0.08B,$0.68B,12.46%,$66,$8,$58,$0,$28,$36,$30,$0,$30,$10,$20,$20,$20,$0,$0,$68,68,$0.30,$0.30,$54,$0,$0,$2042,$165,$412,$8,$549,$1134,$3176,$2491,$359,$0,$359,$2856,$0,$261,$11,$320,$3176,$47,$-6,$-3,$-8,$-10,$0,$2,$-3,$-11,$27,$4,$0,$0,$0,$191,$191,$181,$375,$-102,$11,$-90,$2,$2,$-7,$-331,$-426,$-24,$1,$-7
33,2010-06-30,8.21,$4.36,1.88,$2.93,2.81,$2.07,3.96,$0.66,12.39,$1.98B,$2.24B,0.89,$0.35B,$0.30B,1.17,$0.20B,$0.16B,80.90%,$0.20B,$0.07B,33.17%,$0.20B,0,0.00%,$0.20B,0,0.00%,$0.20B,$0.07B,33.17%,$0.20B,$0.05B,22.61%,$0.05B,$0.30B,14.95%,$0.05B,$0.29B,15.25%,$0.05B,$2.88B,1.56%,$0.07B,$0.64B,9.45%,$48,$9,$39,$0,$25,$33,$14,$0,$14,$3,$11,$11,$11,$0,$0,$68,68,$0.16,$0.16,$60,$0,$0,$1980,$163,$453,$7,$275,$899,$2878,$2236,$347,$0,$347,$2582,$0,$243,$6,$296,$2878,$27,$-1,$2,$1,$-3,$0,$2,$-1,$-2,$26,$7,$0,$0,$0,$59,$59,$63,$128,$-85,$7,$-77,$1,$1,$-5,$-91,$-172,$-18,$0,$-5
34,2010-03-31,8.11,$4.24,1.91,$3.19,2.54,$1.96,4.13,$0.64,12.62,$2.03B,$2.32B,0.87,$0.41B,$0.29B,1.42,$0.22B,$0.18B,81.02%,$0.22B,$0.07B,30.56%,$0.22B,0,0.00%,$0.22B,0,0.00%,$0.22B,$0.07B,30.56%,$0.22B,$0.04B,20.37%,$0.04B,$0.29B,14.15%,$0.04B,$0.28B,14.40%,$0.04B,$3.02B,1.51%,$0.07B,$0.69B,9.12%,$54,$9,$45,$0,$22,$31,$23,$0,$23,$7,$16,$16,$16,$0,$0,$68,68,$0.24,$0.24,$130,$0,$0,$2030,$157,$540,$7,$285,$989,$3018,$2324,$407,$0,$407,$2731,$0,$235,$6,$287,$3018,$16,$1,$-2,$-1,$2,$0,$1,$1,$4,$19,$1,$0,$0,$0,$-28,$-28,$75,$48,$-24,$8,$-16,$0,$0,$-2,$3,$-16,$52,$0,$-2
35,2009-12-31,6.71,$4.03,1.67,$3.21,2.09,$1.91,3.51,$0.55,12.32,$1.96B,$2.09B,0.94,$0.41B,$0.27B,1.5,$0.22B,$0.17B,78.34%,$0.22B,$0.06B,25.81%,$0.22B,0,0.00%,$0.22B,0,0.00%,$0.22B,$0.06B,25.81%,$0.22B,$0.04B,17.05%,$0.04B,$0.27B,11.37%,$0.04B,$0.27B,11.55%,$0.04B,$2.77B,1.26%,$0.06B,$0.68B,7.48%,$51,$10,$42,$0,$25,$34,$17,$0,$17,$4,$13,$13,$10,$0,$0,$68,68,$0.14,$0.14,$78,$0,$0,$1958,$156,$507,$6,$145,$813,$2771,$2091,$408,$0,$408,$2498,$0,$221,$6,$272,$2771,$43,$-0,$21,$21,$3,$0,$-5,$-15,$-16,$48,$-9,$0,$0,$0,$454,$454,$32,$476,$-82,$-3,$-85,$-2,$-77,$-12,$-312,$-487,$37,$1,$-9
36,2009-09-30,6.05,$5.17,1.17,$3.21,1.89,$1.73,3.49,$0.54,11.26,$1.95B,$2.11B,0.92,$0.43B,$0.28B,1.54,$0.22B,$0.16B,74.19%,$0.22B,$0.05B,22.58%,$0.22B,0,0.00%,$0.22B,0,0.00%,$0.22B,$0.05B,22.58%,$0.22B,$0.04B,16.59%,$0.04B,$0.35B,10.60%,$0.04B,$0.34B,10.78%,$0.04B,$2.89B,1.18%,$0.05B,$0.78B,6.26%,$46,$11,$35,$0,$23,$34,$12,$0,$12,$3,$9,$9,$8,$0,$0,$68,68,$0.13,$0.13,$37,$0,$0,$1945,$157,$646,$6,$137,$945,$2890,$2114,$427,$0,$427,$2540,$0,$214,$16,$349,$2890,$30,$-1,$21,$20,$1,$0,$-4,$-8,$-10,$40,$8,$0,$0,$0,$318,$318,$-8,$318,$-63,$5,$-58,$0,$0,$-9,$-296,$-363,$-4,$1,$-7
37,2009-06-30,4.91,$4.98,0.98,$3.27,1.5,$1.32,3.71,$0.55,9.01,$2.04B,$2.22B,0.92,$0.41B,$0.26B,1.55,$0.22B,$0.16B,70.14%,$0.22B,$0.05B,22.17%,$0.22B,0,0.00%,$0.22B,0,0.00%,$0.22B,$0.05B,22.17%,$0.22B,$0.04B,16.74%,$0.04B,$0.34B,12.05%,$0.04B,$0.33B,12.27%,$0.04B,$2.96B,1.19%,$0.05B,$0.75B,6.39%,$65,$12,$53,$0,$39,$51,$14,$0,$14,$3,$11,$11,$10,$0,$0,$67,68,$0.14,$0.14,$66,$0,$0,$2036,$155,$672,$6,$94,$926,$2962,$2217,$408,$0,$408,$2625,$0,$208,$9,$336,$2962,$21,$-1,$13,$13,$-6,$0,$-2,$-3,$-11,$22,$3,$0,$0,$0,$294,$294,$-7,$289,$-82,$9,$-72,$0,$0,$-6,$-208,$-287,$25,$0,$-4
38,2009-03-31,5.21,$5.11,1.02,$3.07,1.7,$1.14,4.56,$0.53,9.79,$2.02B,$2.37B,0.85,$0.45B,$0.27B,1.64,$0.21B,$0.13B,63.29%,$0.21B,$0.05B,22.71%,$0.21B,0,0.00%,$0.21B,0,0.00%,$0.21B,$0.05B,22.71%,$0.21B,$0.04B,17.39%,$0.04B,$0.35B,13.02%,$0.04B,$0.34B,13.28%,$0.04B,$3.16B,1.15%,$0.05B,$0.79B,6.24%,$55,$15,$40,$0,$27,$42,$13,$0,$13,$3,$10,$10,$9,$0,$0,$67,68,$0.14,$0.14,$49,$0,$0,$2021,$156,$890,$6,$88,$1139,$3160,$2368,$447,$0,$447,$2815,$0,$200,$26,$345,$3160,$10,$-0,$7,$7,$1,$0,$0,$0,$2,$19,$-2,$0,$0,$0,$60,$60,$21,$79,$-43,$8,$-35,$0,$0,$-3,$-51,$-89,$8,$0,$-2
39,2008-12-31,6.66,$4.86,1.37,$3.00,2.22,$0.99,6.75,$0.51,13.05,$2.05B,$2.42B,0.85,$0.49B,$0.26B,1.92,$0.20B,$0.12B,58.42%,$0.20B,$0.05B,22.28%,$0.20B,0,0.00%,$0.20B,0,0.00%,$0.20B,$0.05B,22.28%,$0.20B,$0.04B,17.33%,$0.04B,$0.33B,14.33%,$0.04B,$0.32B,14.64%,$0.04B,$3.23B,1.13%,$0.05B,$0.82B,6.01%,$51,$19,$33,$0,$23,$41,$10,$0,$10,$1,$9,$9,$9,$0,$0,$67,67,$0.14,$0.14,$41,$0,$0,$2052,$153,$945,$6,$79,$1182,$3233,$2416,$490,$0,$490,$2906,$0,$193,$16,$328,$3233,$35,$3,$17,$20,$-1,$0,$-1,$-6,$-8,$46,$-20,$0,$0,$0,$-303,$-303,$-170,$-493,$88,$1,$89,$0,$75,$-8,$285,$441,$-7,$1,$-8
40,2008-09-30,6.04,$3.25,1.86,$3.00,2.01,$1.05,5.74,$0.49,12.32,$2.09B,$2.36B,0.89,$0.49B,$0.22B,2.24,$0.20B,$0.11B,54.95%,$0.20B,$0.05B,22.77%,$0.20B,0,0.00%,$0.20B,0,0.00%,$0.20B,$0.05B,22.77%,$0.20B,$0.03B,16.83%,$0.03B,$0.22B,16.19%,$0.03B,$0.21B,16.61%,$0.03B,$3.07B,1.14%,$0.05B,$0.71B,6.64%,$50,$20,$29,$0,$17,$38,$12,$0,$12,$3,$9,$9,$9,$0,$0,$67,67,$0.13,$0.13,$47,$0,$0,$2092,$147,$721,$6,$104,$978,$3071,$2360,$491,$0,$491,$2851,$0,$186,$-10,$219,$3071,$25,$2,$11,$13,$4,$0,$-0,$-5,$-2,$37,$-16,$0,$0,$0,$-153,$-153,$-198,$-367,$90,$0,$90,$0,$0,$-6,$245,$329,$-1,$1,$-6
41,2008-06-30,3.3,$3.18,1.04,$3.01,1.1,$1.04,3.17,$0.48,6.84,$2.06B,$2.37B,0.87,$0.48B,$0.21B,2.23,$0.20B,$0.11B,52.97%,$0.20B,$0.05B,22.77%,$0.20B,0,0.00%,$0.20B,0,0.00%,$0.20B,$0.05B,22.77%,$0.20B,$0.03B,16.34%,$0.03B,$0.21B,16.30%,$0.03B,$0.21B,16.75%,$0.03B,$3.06B,1.15%,$0.05B,$0.69B,7.01%,$51,$22,$29,$0,$17,$40,$12,$0,$12,$3,$9,$9,$9,$0,$0,$67,67,$0.13,$0.13,$53,$0,$0,$2058,$140,$768,$6,$90,$1004,$3062,$2369,$479,$0,$479,$2848,$0,$179,$-8,$214,$3062,$16,$1,$8,$9,$-1,$0,$1,$-4,$-4,$22,$-9,$0,$0,$0,$-183,$-183,$-146,$-338,$77,$-2,$75,$0,$0,$-4,$251,$322,$6,$0,$-4
42,2008-03-31,5.28,$3.22,1.64,$2.98,1.77,$1.05,5.02,$0.48,11.12,$2.03B,$2.28B,0.89,$0.56B,$0.22B,2.58,$0.20B,$0.10B,51.24%,$0.20B,$0.05B,22.89%,$0.20B,0,0.00%,$0.20B,0,0.00%,$0.20B,$0.05B,22.89%,$0.20B,$0.03B,15.92%,$0.03B,$0.22B,16.54%,$0.03B,$0.21B,17.04%,$0.03B,$3.05B,1.16%,$0.05B,$0.77B,8.02%,$50,$23,$27,$0,$16,$39,$11,$0,$11,$3,$8,$8,$8,$0,$0,$67,67,$0.12,$0.12,$48,$0,$0,$2025,$137,$813,$6,$72,$1027,$3052,$2278,$558,$0,$558,$2836,$0,$173,$1,$216,$3052,$8,$1,$4,$4,$-0,$0,$2,$-1,$0,$12,$-6,$0,$0,$0,$-190,$-190,$-114,$-310,$156,$-0,$156,$0,$0,$-2,$144,$298,$0,$0,$-2
43,2007-12-31,5.76,$2.84,2.03,$2.97,1.94,$1.09,5.28,$0.47,12.19,$1.92B,$2.12B,0.91,$0.40B,$0.19B,2.1,$0.20B,$0.10B,50.00%,$0.20B,$0.05B,23.00%,$0.20B,0,0.00%,$0.20B,0,0.00%,$0.20B,$0.05B,23.00%,$0.20B,$0.03B,16.00%,$0.03B,$0.19B,17.30%,$0.03B,$0.19B,17.88%,$0.03B,$2.71B,1.22%,$0.05B,$0.59B,10.04%,$51,$25,$26,$0,$15,$40,$11,$0,$11,$3,$8,$8,$8,$0,$0,$67,67,$0.12,$0.12,$48,$0,$0,$1917,$130,$578,$6,$80,$794,$2711,$2115,$401,$0,$405,$2520,$0,$167,$-15,$191,$2711,$32,$3,$5,$7,$2,$0,$3,$-2,$4,$43,$-12,$0,$0,$0,$26,$26,$-205,$-191,$142,$5,$147,$1,$1,$-7,$12,$153,$5,$1,$-7
44,2007-09-30,6.68,$2.81,2.38,$2.93,2.28,$0.53,12.54,$0.47,14.3,$1.85B,$2.08B,0.89,$0.38B,$0.19B,1.99,$0.20B,$0.10B,49.49%,$0.20B,$0.05B,23.23%,$0.20B,0,0.00%,$0.20B,0,0.00%,$0.20B,$0.05B,23.23%,$0.20B,$0.03B,15.66%,$0.03B,$0.19B,17.13%,$0.03B,$0.18B,17.74%,$0.03B,$2.65B,1.20%,$0.05B,$0.56B,10.99%,$50,$25,$25,$0,$13,$38,$12,$0,$12,$4,$8,$8,$8,$0,$0,$67,67,$0.13,$0.13,$36,$0,$0,$1851,$128,$591,$6,$76,$801,$2651,$2084,$375,$0,$379,$2463,$0,$161,$-11,$189,$2651,$24,$2,$3,$5,$0,$0,$3,$-1,$2,$31,$-10,$0,$0,$0,$25,$25,$-145,$-130,$116,$2,$117,$0,$0,$-5,$-20,$93,$-7,$1,$-5
45,2007-06-30,6.08,$2.65,2.29,$2.89,2.11,$0.22,27.42,$0.46,13.14,$1.80B,$2.22B,0.81,$0.19B,$0.18B,1.04,$0.20B,$0.10B,49.23%,$0.20B,$0.05B,23.08%,$0.20B,0,0.00%,$0.20B,0,0.00%,$0.20B,$0.05B,23.08%,$0.20B,$0.03B,15.90%,$0.03B,$0.18B,17.66%,$0.03B,$0.17B,18.34%,$0.03B,$2.58B,1.22%,$0.05B,$0.36B,11.53%,$50,$25,$25,$0,$13,$38,$12,$0,$12,$4,$8,$8,$8,$0,$0,$67,67,$0.12,$0.12,$43,$0,$0,$1798,$126,$575,$6,$76,$783,$2581,$2217,$186,$0,$186,$2402,$0,$155,$-15,$178,$2581,$16,$1,$2,$3,$1,$0,$3,$-2,$2,$21,$-8,$0,$0,$0,$34,$34,$-85,$-59,$-74,$4,$-70,$0,$0,$-3,$111,$38,$0,$1,$-3
46,2007-03-31,6.24,$2.72,2.3,$2.78,2.24,$0.03,209.53,$0.46,13.57,$1.76B,$2.23B,0.79,$0.13B,$0.18B,0.71,$0.19B,$0.09B,50.00%,$0.19B,$0.04B,23.40%,$0.19B,0,0.00%,$0.19B,0,0.00%,$0.19B,$0.04B,23.40%,$0.19B,$0.03B,16.49%,$0.03B,$0.18B,18.40%,$0.03B,$0.18B,19.17%,$0.03B,$2.54B,1.24%,$0.04B,$0.31B,10.16%,$49,$25,$24,$0,$13,$38,$11,$0,$11,$3,$8,$8,$8,$0,$0,$67,67,$0.11,$0.11,$37,$0,$0,$1760,$122,$591,$6,$65,$784,$2544,$2233,$129,$0,$129,$2362,$0,$148,$-4,$182,$2544,$8,$1,$1,$1,$1,$0,$3,$2,$5,$14,$-5,$0,$0,$0,$33,$33,$-49,$-21,$-130,$9,$-121,$0,$0,$-2,$125,$2,$-5,$0,$-2
47,2006-12-31,7.16,$2.61,2.75,$2.65,2.7,$-0.04,0.0,$0.47,15.16,$1.72B,$2.10B,0.82,$0.26B,$0.18B,1.49,$0.18B,$0.09B,52.51%,$0.18B,$0.05B,25.14%,$0.18B,0,0.00%,$0.18B,0,0.00%,$0.18B,$0.05B,25.14%,$0.18B,$0.03B,17.32%,$0.03B,$0.18B,19.22%,$0.03B,$0.17B,20.06%,$0.03B,$2.53B,1.28%,$0.05B,$0.43B,9.67%,$49,$25,$24,$0,$13,$38,$11,$0,$11,$3,$7,$7,$7,$0,$0,$67,67,$0.11,$0.11,$43,$0,$0,$1720,$117,$620,$6,$67,$810,$2529,$2095,$260,$0,$260,$2355,$0,$143,$-5,$175,$2529,$32,$2,$-2,$0,$-7,$0,$2,$-5,$-10,$23,$-29,$0,$0,$0,$-47,$-47,$-308,$-385,$-90,$5,$-84,$1,$1,$-7,$454,$364,$2,$1,$-7
