,Date,Stock Price,Book Value per Share,Price to Book Ratio,TTM Sales per Share,Price to Sales Ratio,TTM FCF per Share,Price to FCF Ratio,TTM Net EPS,PE Ratio,Current Assets,Current Liabilities,Current Ratio,Long Term Debt,Shareholder's Equity_x,Debt to Equity Ratio,TTM Revenue_x,TTM Gross Profit,Gross Margin,TTM Revenue_y,TTM Operating Income,Operating Margin,TTM Revenue_x,TTM EBIT,EBIT Margin,TTM Revenue_y,TTM EBITDA,EBITDA Margin,TTM Revenue_x,TTM Pre-Tax Income,Pre-Tax Margin,TTM Revenue_y,TTM Net Income_x,Net Margin,TTM Net Income_y,Shareholder's Equity_y,Return on Equity,TTM Net Income_x,Tangible Equity,Return on Tangible Equity,TTM Net Income_y,Total Assets,Return on Assets,TTM Net Income,LT Investments & Debt,Return on Investment,revenue,cost-goods-sold,gross-profit,research-development-expenses,selling-general-administrative-expenses,operating-expenses,operating-income,total-non-operating-income-expense,pre-tax-income,total-provision-income-taxes,income-after-taxes,income-from-continuous-operations,net-income,ebitda,ebit,basic-shares-outstanding,shares-outstanding,eps-basic-net-earnings-per-share,eps-earnings-per-share-diluted,cash-on-hand,inventory,other-current-assets,total-current-assets,net-property-plant-equipment,long-term-investments,goodwill-intangible-assets-total,other-long-term-assets,total-long-term-assets,total-assets,total-current-liabilities,long-term-debt,other-non-current-liabilities,total-long-term-liabilities,total-liabilities,common-stock-net,retained-earnings-accumulated-deficit,comprehensive-income,total-share-holder-equity,total-liabilities-share-holders-equity,net-income-loss,total-depreciation-amortization-cash-flow,other-non-cash-items,total-non-cash-items,change-in-accounts-receivable,change-in-inventories,change-in-accounts-payable,change-in-assets-liabilities,total-change-in-assets-liabilities,cash-flow-from-operating-activities,net-change-in-property-plant-equipment,net-change-in-intangible-assets,net-acquisitions-divestitures,net-change-in-short-term-investments,net-change-in-long-term-investments,net-change-in-investments-total,investing-activities-other,cash-flow-from-investing-activities,net-long-term-debt,net-current-debt,debt-issuance-retirement-net-total,net-common-equity-issued-repurchased,net-total-equity-issued-repurchased,total-common-preferred-stock-dividends-paid,financial-activities-other,cash-flow-from-financial-activities,net-cash-flow,stock-based-compensation,common-stock-dividends-paid
0,2018-09-30,1.48,$-0.05,-29.37,$3.68,0.4,$0.93,1.59,$-0.01,0.0,$0.71B,$0.42B,1.68,$0.33B,$-0.03B,-13.41,$0.77B,$0.77B,100.00%,$0.77B,$0.16B,20.26%,$0.77B,$0.16B,20.26%,$0.77B,$0.25B,32.99%,$0.77B,$0.34B,44.29%,$0.77B,$-0.02B,-2.21%,$-0.02B,$-0.03B,67.33%,$-0.02B,$-0.03B,67.33%,$-0.02B,$1.42B,-1.15%,$0.16B,$0.31B,35.84%,$94,$0,$94,$0,$125,$125,$-31,$-5,$-36,$-1,$-35,$-35,$-15,$-6,$-31,$193,193,$-0.08,$-0.08,$195,$0,$79,$713,$0,$669,$0,$39,$708,$1422,$424,$333,$105,$1023,$1446,$0,$-3559,$0,$-25,$1422,$-56,$76,$34,$109,$344,$-135,$0,$-115,$94,$148,$-4,$0,$0,$0,$-252,$-252,$0,$-256,$0,$0,$0,$-294,$-294,$-21,$148,$-167,$-274,$0,$-21
1,2018-06-30,1.91,$-0.00,-658.83,$3.90,0.49,$-1.44,0.0,$0.02,95.53,$0.72B,$0.40B,1.84,$0.31B,$-0.00B,-211.69,$0.81B,$0.81B,100.00%,$0.81B,$0.20B,25.12%,$0.81B,$0.20B,25.12%,$0.81B,$0.30B,37.13%,$0.81B,$0.40B,48.89%,$0.81B,$0.00B,0.50%,$0.00B,$-0.00B,-5.65%,$0.00B,$-0.00B,-5.65%,$0.00B,$1.28B,0.26%,$0.20B,$0.31B,45.95%,$110,$0,$110,$0,$123,$123,$-13,$-23,$-36,$-3,$-33,$-33,$-12,$13,$-13,$193,193,$-0.06,$-0.06,$184,$0,$83,$724,$0,$513,$0,$45,$558,$1283,$395,$308,$108,$889,$1284,$0,$-3541,$0,$-1,$1283,$-21,$51,$14,$65,$324,$-23,$0,$-137,$164,$208,$-2,$0,$0,$0,$-198,$-198,$0,$-201,$-276,$0,$-276,$0,$0,$-17,$0,$-293,$-286,$0,$-17
2,2018-03-31,2.62,$0.04,60.71,$4.13,0.63,$-2.60,0.0,$0.15,17.44,$1.17B,$0.37B,3.18,$0.63B,$0.02B,29.62,$0.85B,$0.85B,100.00%,$0.85B,$0.26B,30.70%,$0.85B,$0.26B,30.70%,$0.85B,$0.36B,41.91%,$0.85B,$0.47B,55.49%,$0.85B,$0.03B,3.42%,$0.03B,$0.02B,-22.44%,$0.03B,$0.02B,-22.44%,$0.03B,$1.59B,1.81%,$0.26B,$0.65B,58.89%,$128,$0,$128,$0,$107,$107,$22,$-6,$16,$3,$13,$13,$3,$46,$22,$192,457,$0.02,$0.02,$609,$0,$94,$1166,$0,$377,$0,$42,$419,$1586,$366,$633,$97,$1198,$1564,$0,$-3525,$0,$21,$1586,$13,$25,$12,$37,$315,$-24,$0,$-181,$110,$160,$-1,$0,$0,$0,$-69,$-69,$0,$-70,$60,$0,$60,$0,$0,$-13,$3,$50,$140,$0,$-13
3,2017-12-31,2.39,$-0.18,-13.16,$4.60,0.52,$-2.71,0.0,$0.09,26.53,$1.34B,$0.57B,2.38,$0.57B,$-0.10B,-5.94,$0.86B,$0.86B,100.00%,$0.86B,$0.26B,30.42%,$0.86B,$0.26B,30.42%,$0.86B,$0.36B,41.38%,$0.86B,$0.47B,55.01%,$0.86B,$0.02B,2.21%,$0.02B,$-0.10B,-9.25%,$0.02B,$-0.10B,-9.25%,$0.02B,$1.64B,1.24%,$0.26B,$0.47B,84.26%,$438,$0,$438,$0,$260,$260,$178,$219,$397,$300,$97,$97,$7,$201,$178,$186,187,$0.04,$0.04,$470,$0,$116,$1344,$0,$282,$0,$13,$296,$1639,$565,$569,$155,$1170,$1735,$0,$-3556,$0,$-96,$1639,$154,$95,$309,$404,$-178,$-238,$0,$-426,$-842,$-284,$53,$0,$0,$0,$-171,$-171,$0,$-118,$-13,$0,$-13,$0,$150,$-13,$418,$542,$140,$0,$-13
4,2017-09-30,3.06,$-0.40,-7.73,$2.84,1.08,$-2.08,0.0,$0.08,38.2,$1.19B,$0.76B,1.57,$0.54B,$-0.21B,-2.61,$0.70B,$0.70B,100.00%,$0.70B,$0.09B,12.98%,$0.70B,$0.07B,10.56%,$0.70B,$0.19B,26.53%,$0.70B,$0.05B,6.99%,$0.70B,$0.02B,2.14%,$0.02B,$-0.21B,-5.88%,$0.02B,$-0.21B,-5.88%,$0.02B,$1.54B,1.01%,$0.09B,$0.33B,34.70%,$132,$0,$132,$0,$108,$116,$16,$2,$18,$2,$16,$16,$6,$40,$16,$186,186,$0.03,$0.03,$318,$0,$84,$1185,$0,$346,$0,$12,$358,$1543,$756,$541,$9,$995,$1751,$0,$-3559,$0,$-207,$1543,$57,$71,$31,$102,$99,$-237,$0,$-378,$-517,$-357,$54,$0,$0,$0,$-240,$-240,$0,$-186,$444,$0,$444,$-39,$111,$-9,$-14,$531,$-12,$0,$-9
5,2017-06-30,2.41,$-0.45,-5.38,$2.44,0.99,$-0.29,0.0,$0.10,24.13,$1.20B,$0.76B,1.57,$0.54B,$-0.24B,-2.3,$0.72B,$0.72B,100.00%,$0.72B,$0.10B,14.37%,$0.72B,$0.09B,12.83%,$0.72B,$0.21B,28.73%,$0.72B,$0.07B,10.18%,$0.72B,$0.02B,3.21%,$0.02B,$-0.24B,-8.48%,$0.02B,$-0.24B,-8.48%,$0.02B,$1.62B,1.58%,$0.10B,$0.31B,41.04%,$149,$0,$149,$0,$105,$105,$44,$-5,$39,$3,$36,$36,$13,$68,$44,$186,186,$0.07,$0.07,$276,$0,$126,$1196,$0,$393,$0,$35,$428,$1624,$764,$540,$110,$1095,$1859,$0,$-3560,$0,$-235,$1624,$42,$47,$11,$58,$96,$-82,$0,$-182,$-169,$-69,$54,$0,$0,$0,$-120,$-120,$0,$-66,$-55,$0,$-55,$0,$150,$-6,$-8,$82,$-54,$0,$-6
6,2017-03-31,2.11,$-0.63,-3.37,$1.96,1.08,$-0.17,0.0,$-0.41,0.0,$1.25B,$0.72B,1.73,$0.41B,$-0.28B,-1.45,$0.72B,$0.72B,100.00%,$0.72B,$-0.13B,-17.34%,$0.72B,$-0.13B,-18.03%,$0.72B,$-0.02B,-2.36%,$0.72B,$-0.15B,-20.67%,$0.72B,$-0.07B,-9.57%,$-0.07B,$-0.28B,22.51%,$-0.07B,$-0.28B,22.51%,$-0.07B,$1.31B,-4.97%,$-0.13B,$0.13B,-56.50%,$139,$0,$139,$0,$116,$116,$23,$-5,$18,$12,$6,$6,$-7,$46,$23,$186,186,$-0.04,$-0.04,$352,$0,$133,$1249,$0,$36,$0,$21,$57,$1307,$721,$411,$17,$869,$1591,$0,$-3570,$0,$-284,$1307,$6,$23,$14,$37,$116,$2,$0,$-169,$-51,$-8,$50,$0,$0,$0,$3,$3,$0,$54,$-167,$0,$-167,$0,$150,$-2,$-5,$-24,$22,$0,$-2
7,2016-12-31,3.08,$-0.61,-5.06,$2.24,1.37,$-0.45,0.0,$-0.75,0.0,$1.43B,$0.81B,1.77,$0.58B,$-0.29B,-1.96,$0.77B,$0.77B,100.00%,$0.77B,$-0.29B,-37.27%,$0.77B,$-0.29B,-37.27%,$0.77B,$-0.18B,-22.73%,$0.77B,$-0.31B,-39.61%,$0.77B,$-0.13B,-17.01%,$-0.13B,$-0.29B,45.76%,$-0.13B,$-0.29B,45.76%,$-0.13B,$1.49B,-9.52%,$-0.29B,$0.28B,-115.15%,$281,$0,$281,$0,$290,$273,$8,$-34,$-26,$-29,$3,$3,$3,$32,$-9,$183,480,$0.01,$0.04,$368,$0,$170,$1430,$0,$38,$0,$18,$55,$1486,$807,$577,$111,$973,$1780,$0,$-3563,$0,$-294,$1486,$-316,$95,$-2,$94,$-74,$-11,$0,$26,$-59,$-281,$-9,$0,$0,$0,$-8,$-8,$-0,$-16,$132,$0,$132,$0,$246,$0,$-5,$374,$76,$0,$0
8,2016-09-30,4.04,$-0.57,-7.11,$3.55,1.14,$2.36,1.72,$-0.89,0.0,$1.35B,$1.08B,1.25,$0.56B,$-0.27B,-2.06,$0.83B,$0.83B,100.00%,$0.83B,$-0.36B,-43.03%,$0.83B,$-0.35B,-42.19%,$0.83B,$-0.24B,-28.97%,$0.83B,$-0.39B,-47.24%,$0.83B,$-0.16B,-18.75%,$-0.16B,$-0.27B,-160.00%,$-0.16B,$-0.27B,-160.00%,$-0.16B,$1.39B,-4.24%,$-0.36B,$0.29B,-55.33%,$148,$0,$148,$0,$114,$120,$28,$13,$42,$10,$32,$32,$14,$60,$34,$183,480,$0.08,$0.05,$430,$0,$204,$1349,$0,$37,$0,$3,$39,$1388,$1077,$562,$1,$583,$1661,$0,$-3570,$0,$-272,$1388,$-319,$71,$28,$99,$78,$-11,$0,$242,$309,$89,$-8,$0,$0,$0,$-23,$-23,$-0,$-30,$117,$0,$117,$0,$0,$0,$0,$117,$176,$0,$0
9,2016-06-30,3.54,$-0.79,-4.5,$3.92,0.9,$2.96,1.19,$-0.88,0.0,$1.34B,$1.17B,1.14,$0.56B,$-0.38B,-1.49,$1.01B,$1.01B,100.00%,$1.01B,$-0.28B,-28.02%,$1.01B,$-0.28B,-27.92%,$1.01B,$-0.17B,-16.53%,$1.01B,$-0.36B,-35.45%,$1.01B,$-0.15B,-15.15%,$-0.15B,$-0.38B,-29.28%,$-0.15B,$-0.38B,-29.28%,$-0.15B,$1.38B,-2.57%,$-0.28B,$0.19B,-25.69%,$153,$0,$153,$0,$330,$336,$-184,$1,$-183,$11,$-194,$-194,$-79,$-155,$-178,$182,480,$-0.43,$-0.44,$368,$0,$208,$1337,$0,$29,$0,$9,$38,$1375,$1169,$562,$0,$583,$1752,$0,$-3584,$0,$-376,$1375,$-350,$45,$22,$67,$78,$-4,$0,$231,$305,$22,$-6,$0,$0,$0,$-18,$-18,$-0,$-24,$118,$0,$118,$0,$0,$0,$-2,$117,$114,$0,$0
10,2016-03-31,4.05,$-0.42,-9.54,$5.37,0.76,$3.68,1.1,$-0.41,0.0,$1.22B,$1.00B,1.23,$0.44B,$-0.20B,-2.18,$1.18B,$1.18B,100.00%,$1.18B,$0.05B,4.33%,$1.18B,$0.05B,4.41%,$1.18B,$0.18B,15.03%,$1.18B,$-0.03B,-2.38%,$1.18B,$-0.07B,-5.86%,$-0.07B,$-0.20B,-6.92%,$-0.07B,$-0.20B,-6.92%,$-0.07B,$1.26B,-0.84%,$0.05B,$0.24B,3.16%,$188,$0,$188,$0,$322,$328,$-139,$1,$-138,$19,$-157,$-157,$-69,$-112,$-134,$183,183,$-0.38,$-0.38,$229,$0,$203,$1219,$0,$23,$0,$14,$37,$1255,$995,$443,$2,$464,$1459,$0,$-3506,$0,$-203,$1255,$-157,$22,$15,$37,$49,$2,$0,$61,$112,$-8,$-1,$0,$0,$0,$-12,$-12,$0,$-14,$-1,$0,$-1,$0,$0,$0,$-3,$-4,$-25,$0,$0
11,2015-12-31,5.81,$2.59,2.24,$6.18,0.94,$4.45,1.31,$0.11,52.77,$1.27B,$7.93B,0.16,$0.63B,$1.24B,0.51,$1.32B,$1.32B,100.00%,$1.32B,$0.33B,25.25%,$1.32B,$0.34B,25.32%,$1.32B,$0.47B,35.45%,$1.32B,$0.30B,22.68%,$1.32B,$0.03B,1.97%,$0.03B,$1.24B,1.79%,$0.03B,$1.24B,1.79%,$0.03B,$10.69B,0.25%,$0.33B,$1.87B,15.62%,$343,$0,$343,$0,$331,$406,$-63,$-52,$-114,$13,$-127,$-127,$-22,$-34,$-73,$178,181,$-0.14,$-0.09,$254,$0,$193,$1269,$0,$9072,$0,$345,$9417,$10686,$7931,$634,$47,$1514,$9445,$0,$-3456,$0,$1241,$10686,$167,$124,$130,$254,$346,$-97,$0,$-228,$21,$442,$-44,$0,$0,$0,$16,$16,$0,$-28,$1,$0,$1,$0,$0,$-153,$-258,$-411,$3,$0,$-153
12,2015-09-30,8.08,$2.98,2.71,$8.14,0.99,$7.16,1.13,$0.23,35.14,$1.30B,$7.48B,0.17,$0.68B,$1.43B,0.48,$1.67B,$1.67B,100.00%,$1.67B,$0.71B,42.51%,$1.67B,$0.72B,42.93%,$1.67B,$0.85B,50.78%,$1.67B,$0.74B,44.48%,$1.67B,$0.13B,7.97%,$0.13B,$1.43B,8.50%,$0.13B,$1.43B,8.50%,$0.13B,$10.49B,1.34%,$0.71B,$2.11B,31.10%,$326,$0,$326,$0,$136,$223,$103,$-26,$77,$12,$65,$65,$17,$134,$103,$178,484,$0.10,$0.06,$311,$0,$200,$1302,$0,$8908,$0,$284,$9192,$10494,$7476,$680,$52,$1590,$9066,$0,$-3386,$0,$1428,$10494,$294,$95,$95,$190,$388,$-105,$0,$-356,$-72,$412,$-36,$0,$0,$0,$-2,$-2,$0,$-39,$1,$0,$1,$0,$0,$-146,$-168,$-313,$61,$0,$-146
13,2015-06-30,11.17,$3.17,3.52,$8.11,1.38,$7.94,1.41,$0.26,42.96,$1.28B,$7.10B,0.18,$0.71B,$1.52B,0.46,$1.65B,$1.65B,100.00%,$1.65B,$0.76B,46.09%,$1.65B,$0.77B,46.57%,$1.65B,$0.90B,54.52%,$1.65B,$0.81B,49.36%,$1.65B,$0.14B,8.43%,$0.14B,$1.52B,8.47%,$0.14B,$1.52B,8.47%,$0.14B,$10.25B,1.47%,$0.76B,$2.23B,32.17%,$321,$0,$321,$0,$83,$171,$150,$-3,$147,$82,$65,$65,$5,$189,$156,$178,182,$0.03,$0.03,$279,$0,$213,$1280,$0,$8792,$0,$174,$8967,$10246,$7096,$705,$41,$1629,$8725,$0,$-3402,$0,$1521,$10246,$230,$64,$64,$128,$399,$-304,$0,$-284,$-189,$168,$-32,$0,$0,$0,$-0,$-0,$0,$-32,$2,$0,$2,$0,$0,$-122,$12,$-108,$29,$0,$-122
14,2015-03-31,11.35,$3.38,3.35,$6.89,1.65,$8.43,1.35,$0.28,40.54,$1.39B,$6.58B,0.21,$0.73B,$1.62B,0.45,$1.59B,$1.59B,100.00%,$1.59B,$0.72B,45.28%,$1.59B,$0.72B,45.41%,$1.59B,$0.85B,53.52%,$1.59B,$0.84B,52.96%,$1.59B,$0.15B,9.12%,$0.15B,$1.62B,8.55%,$0.15B,$1.62B,8.55%,$0.15B,$9.68B,1.63%,$0.72B,$2.34B,29.97%,$333,$0,$333,$0,$120,$189,$144,$46,$190,$25,$165,$165,$26,$180,$149,$178,180,$0.15,$0.14,$283,$0,$214,$1390,$0,$8088,$0,$199,$8287,$9676,$6582,$725,$42,$1476,$8059,$0,$-3326,$0,$1618,$9676,$165,$31,$-22,$9,$366,$-127,$0,$-263,$-25,$149,$-20,$0,$0,$0,$0,$0,$-0,$-20,$4,$0,$4,$0,$0,$-83,$-17,$-96,$33,$0,$-83
15,2014-12-31,10.1,$3.54,2.85,$6.67,1.51,$11.07,0.91,$0.28,36.06,$1.74B,$6.27B,0.28,$0.75B,$1.69B,0.44,$1.54B,$1.54B,100.00%,$1.54B,$0.72B,46.37%,$1.54B,$0.71B,46.30%,$1.54B,$0.84B,54.54%,$1.54B,$0.85B,55.19%,$1.54B,$0.14B,9.27%,$0.14B,$1.69B,8.32%,$0.14B,$1.69B,8.32%,$0.14B,$9.30B,1.78%,$0.72B,$2.44B,29.65%,$688,$0,$688,$0,$317,$376,$312,$16,$328,$48,$280,$280,$85,$344,$308,$173,178,$0.49,$0.52,$251,$0,$212,$1744,$0,$7456,$0,$103,$7559,$9303,$6265,$750,$50,$1346,$7611,$0,$-3296,$0,$1692,$9303,$711,$122,$-11,$111,$502,$-412,$0,$38,$128,$950,$-75,$0,$0,$0,$-37,$-37,$8,$-103,$446,$0,$446,$0,$0,$-293,$-939,$-786,$61,$0,$-293
16,2014-09-30,9.1,$3.65,2.49,$5.16,1.77,$8.41,1.08,$1.40,6.5,$1.45B,$5.67B,0.26,$0.71B,$1.73B,0.41,$1.96B,$1.96B,100.00%,$1.96B,$1.03B,52.84%,$1.96B,$1.04B,52.99%,$1.96B,$1.16B,59.49%,$1.96B,$1.29B,65.73%,$1.96B,$0.26B,13.15%,$0.26B,$1.73B,13.90%,$0.26B,$1.73B,13.90%,$0.26B,$8.58B,3.46%,$1.03B,$2.44B,42.15%,$307,$0,$307,$0,$97,$153,$154,$-5,$149,$36,$113,$113,$23,$186,$155,$173,481,$0.13,$0.09,$367,$0,$167,$1448,$0,$6990,$0,$140,$7131,$8579,$5671,$710,$31,$1177,$6848,$0,$-3348,$0,$1731,$8579,$432,$90,$-36,$54,$910,$-422,$0,$-158,$330,$816,$-67,$0,$0,$0,$1,$1,$4,$-63,$49,$0,$49,$0,$0,$-259,$-366,$-576,$177,$0,$-259
17,2014-06-30,11.6,$3.67,3.16,$5.11,2.27,$8.68,1.34,$1.45,8.0,$1.42B,$5.09B,0.28,$0.64B,$1.74B,0.37,$1.93B,$1.93B,100.00%,$1.93B,$1.02B,52.80%,$1.93B,$1.02B,52.90%,$1.93B,$1.16B,59.91%,$1.93B,$1.32B,68.31%,$1.93B,$0.26B,13.64%,$0.26B,$1.74B,14.27%,$0.26B,$1.74B,14.27%,$0.26B,$7.93B,4.28%,$1.02B,$2.38B,41.73%,$262,$0,$262,$0,$110,$152,$110,$64,$175,$21,$153,$153,$11,$141,$110,$173,480,$0.06,$0.05,$337,$0,$141,$1424,$0,$6349,$0,$156,$6505,$7929,$5091,$644,$27,$1097,$6189,$0,$-3303,$0,$1740,$7929,$319,$60,$-75,$-16,$910,$-399,$0,$-171,$340,$644,$-45,$0,$0,$0,$1,$1,$4,$-41,$33,$0,$33,$0,$0,$-229,$-259,$-456,$147,$0,$-229
18,2014-03-31,11.33,$3.62,3.13,$6.03,1.88,$11.65,0.97,$1.43,7.92,$1.42B,$3.65B,0.39,$0.67B,$1.71B,0.39,$1.90B,$1.90B,100.00%,$1.90B,$1.02B,53.93%,$1.90B,$1.02B,54.04%,$1.90B,$1.17B,61.74%,$1.90B,$1.27B,66.86%,$1.90B,$0.26B,13.51%,$0.26B,$1.71B,14.02%,$0.26B,$1.71B,14.02%,$0.26B,$6.36B,5.13%,$1.02B,$2.38B,41.82%,$285,$0,$285,$0,$102,$146,$139,$60,$199,$34,$166,$166,$24,$170,$141,$172,176,$0.14,$0.14,$311,$0,$127,$1423,$0,$4821,$0,$113,$4934,$6358,$3646,$670,$20,$1003,$4648,$0,$-3268,$0,$1710,$6358,$166,$29,$-29,$-0,$878,$-137,$0,$-301,$441,$606,$-16,$0,$0,$0,$-15,$-15,$-2,$-33,$16,$0,$16,$0,$0,$-190,$-277,$-452,$121,$0,$-190
19,2013-12-31,11.28,$4.70,2.4,$6.30,1.79,$12.13,0.93,$1.46,7.73,$2.16B,$4.17B,0.52,$0.38B,$2.22B,0.17,$1.90B,$1.90B,100.00%,$1.90B,$1.08B,56.75%,$1.90B,$1.08B,56.75%,$1.90B,$1.22B,64.24%,$1.90B,$1.35B,71.26%,$1.90B,$0.26B,13.82%,$0.26B,$2.22B,14.58%,$0.26B,$2.22B,14.58%,$0.26B,$6.87B,6.26%,$1.08B,$2.60B,44.57%,$1101,$0,$1101,$0,$399,$471,$630,$132,$762,$45,$717,$717,$199,$666,$630,$156,468,$1.27,$1.25,$190,$0,$86,$2158,$0,$4608,$0,$103,$4711,$6869,$4173,$384,$21,$481,$4654,$0,$-3092,$0,$2215,$6869,$1256,$142,$-185,$-43,$-351,$132,$0,$65,$-154,$1059,$-3,$0,$0,$0,$0,$0,$-1,$-4,$-4,$0,$-4,$0,$0,$-214,$-810,$-1027,$27,$0,$-214
20,2013-09-30,8.22,$3.70,2.22,$9.12,0.9,$7.48,1.1,$0.68,12.09,$1.38B,$0.98B,1.41,$0.69B,$1.71B,0.4,$1.53B,$1.53B,100.00%,$1.53B,$0.68B,44.20%,$1.53B,$0.68B,44.20%,$1.53B,$0.82B,53.59%,$1.53B,$0.94B,61.02%,$1.53B,$0.12B,7.76%,$0.12B,$1.71B,6.91%,$0.12B,$1.71B,6.91%,$0.12B,$3.40B,3.29%,$0.68B,$2.40B,28.31%,$280,$0,$280,$0,$105,$141,$139,$42,$181,$12,$169,$169,$29,$178,$139,$157,475,$0.18,$0.15,$283,$0,$96,$1384,$0,$1964,$0,$52,$2016,$3400,$984,$687,$21,$708,$1691,$0,$-3274,$0,$1709,$3400,$539,$106,$-135,$-30,$530,$-313,$0,$147,$363,$873,$-3,$0,$0,$0,$-16,$-16,$1,$-18,$0,$0,$0,$0,$0,$-174,$-560,$-734,$121,$0,$-174
21,2013-06-30,7.71,$3.72,2.07,$9.70,0.79,$4.61,1.67,$-0.35,0.0,$1.26B,$0.92B,1.38,$0.73B,$1.67B,0.44,$1.42B,$1.42B,100.00%,$1.42B,$0.23B,16.39%,$1.42B,$0.23B,16.39%,$1.42B,$0.36B,25.11%,$1.42B,$0.49B,34.11%,$1.42B,$-0.04B,-2.67%,$-0.04B,$1.67B,-2.39%,$-0.04B,$1.67B,-2.39%,$-0.04B,$3.32B,-1.11%,$0.23B,$2.40B,10.44%,$229,$0,$229,$0,$111,$115,$114,$11,$125,$13,$112,$112,$4,$156,$114,$152,156,$0.03,$0.02,$242,$0,$72,$1262,$0,$2004,$0,$57,$2061,$3323,$917,$728,$6,$735,$1651,$0,$-3277,$0,$1671,$3323,$370,$67,$-104,$-37,$554,$-267,$0,$38,$324,$657,$0,$0,$0,$0,$4,$4,$-4,$-0,$0,$0,$0,$0,$0,$-153,$-424,$-577,$80,$0,$-153
22,2013-03-31,6.74,$3.66,1.84,$9.49,0.71,$0.18,37.53,$-1.20,0.0,$1.32B,$0.89B,1.48,$0.67B,$1.59B,0.42,$1.37B,$1.37B,100.00%,$1.37B,$-0.18B,-12.76%,$1.37B,$-0.18B,-12.76%,$1.37B,$-0.07B,-5.40%,$1.37B,$0.06B,4.67%,$1.37B,$-0.16B,-11.52%,$-0.16B,$1.59B,-11.28%,$-0.16B,$1.59B,-11.28%,$-0.16B,$3.16B,-4.96%,$-0.18B,$2.26B,-8.78%,$286,$0,$286,$0,$89,$93,$193,$90,$283,$25,$258,$258,$30,$218,$193,$151,152,$0.20,$0.20,$225,$0,$70,$1320,$0,$1752,$0,$90,$1842,$3162,$893,$668,$8,$676,$1569,$0,$-3239,$0,$1593,$3162,$258,$25,$-82,$-57,$481,$-45,$0,$-56,$380,$581,$0,$0,$0,$0,$0,$0,$-2,$-2,$0,$0,$0,$0,$0,$-111,$-406,$-517,$63,$0,$-111
23,2012-12-31,6.35,$4.45,1.43,$8.60,0.74,$-3.88,0.0,$-2.24,0.0,$1.75B,$2.05B,0.85,$0.61B,$1.91B,0.32,$1.23B,$1.23B,100.00%,$1.23B,$-0.70B,-56.69%,$1.23B,$-0.70B,-56.69%,$1.23B,$-0.60B,-48.86%,$1.23B,$-0.49B,-39.89%,$1.23B,$-0.31B,-25.37%,$-0.31B,$1.91B,-25.86%,$-0.31B,$1.91B,-25.86%,$-0.31B,$4.60B,-10.62%,$-0.70B,$2.52B,-39.67%,$739,$0,$739,$0,$287,$508,$232,$116,$347,$37,$311,$311,$56,$270,$232,$143,143,$0.41,$0.41,$162,$0,$72,$1747,$0,$2779,$0,$71,$2851,$4598,$2054,$612,$12,$632,$2686,$0,$-3149,$0,$1911,$4598,$-571,$95,$1252,$1348,$-518,$-931,$0,$331,$-1118,$-341,$-2,$0,$0,$0,$0,$0,$-1,$-3,$4,$0,$4,$0,$0,$-57,$410,$357,$13,$0,$-57
24,2012-09-30,6.37,$2.82,2.26,$5.19,1.23,$2.10,3.03,$-3.75,0.0,$1.23B,$0.88B,1.4,$0.56B,$1.18B,0.48,$0.67B,$0.67B,100.00%,$0.67B,$-1.32B,-197.46%,$0.67B,$-1.32B,-197.46%,$0.67B,$-1.23B,-183.98%,$0.67B,$-1.21B,-180.54%,$0.67B,$-0.50B,-75.45%,$-0.50B,$1.18B,-57.09%,$-0.50B,$1.18B,-57.09%,$-0.50B,$2.63B,-22.01%,$-1.32B,$1.74B,-94.16%,$168,$0,$168,$0,$76,$474,$-306,$36,$-270,$19,$-289,$-289,$-128,$-287,$-306,$143,143,$-0.89,$-0.89,$185,$0,$67,$1229,$0,$1382,$0,$23,$1405,$2634,$880,$560,$15,$575,$1454,$0,$-3183,$0,$1179,$2634,$-882,$57,$1232,$1290,$41,$0,$0,$-597,$-556,$-148,$-0,$0,$0,$0,$-1,$-1,$0,$-1,$5,$0,$5,$0,$0,$-39,$220,$186,$36,$0,$-39
25,2012-06-30,4.92,$2.21,2.22,$4.40,1.12,$4.04,1.22,$-3.82,0.0,$1.23B,$0.85B,1.46,$0.53B,$0.92B,0.58,$0.65B,$0.65B,100.00%,$0.65B,$-1.34B,-206.01%,$0.65B,$-1.34B,-206.01%,$0.65B,$-1.23B,-190.14%,$0.65B,$-1.28B,-196.92%,$0.65B,$-0.47B,-72.27%,$-0.47B,$0.92B,-68.57%,$-0.47B,$0.92B,-68.57%,$-0.47B,$2.34B,-22.13%,$-1.34B,$1.45B,-107.63%,$178,$0,$178,$0,$74,$472,$-294,$-3,$-296,$12,$-309,$-309,$-116,$-275,$-294,$142,142,$-0.82,$-0.82,$171,$0,$72,$1233,$0,$1083,$0,$23,$1107,$2340,$847,$531,$43,$574,$1421,$0,$-3036,$0,$920,$2340,$-593,$39,$818,$856,$38,$0,$0,$-331,$-294,$-30,$-0,$0,$0,$0,$-1,$-1,$0,$-1,$6,$0,$6,$0,$0,$-20,$68,$54,$22,$0,$-20
26,2012-03-31,5.95,$1.93,3.08,$4.64,1.28,$7.86,0.76,$-3.96,0.0,$1.20B,$0.83B,1.44,$0.50B,$0.80B,0.62,$0.62B,$0.62B,100.00%,$0.62B,$-1.38B,-223.95%,$0.62B,$-1.38B,-223.95%,$0.62B,$-1.26B,-204.05%,$0.62B,$-1.33B,-214.40%,$0.62B,$-0.45B,-72.17%,$-0.45B,$0.80B,-84.19%,$-0.45B,$0.80B,-84.19%,$-0.45B,$2.14B,-22.30%,$-1.38B,$1.30B,-122.48%,$141,$0,$141,$0,$70,$468,$-327,$58,$-270,$14,$-284,$-284,$-123,$-307,$-327,$141,141,$-0.87,$-0.87,$150,$0,$75,$1197,$0,$911,$0,$33,$944,$2141,$834,$495,$12,$507,$1341,$0,$-2905,$-0,$800,$2141,$-284,$20,$410,$430,$58,$0,$0,$-235,$-178,$-32,$-0,$0,$0,$0,$-0,$-0,$0,$-1,$-2,$0,$-2,$0,$0,$-6,$41,$33,$1,$0,$-6
27,2011-12-31,5.37,$1.53,3.51,$5.07,1.06,$11.41,0.47,$-4.08,0.0,$1.27B,$0.93B,1.37,$0.49B,$0.63B,0.77,$0.62B,$0.62B,100.00%,$0.62B,$-1.41B,-229.11%,$0.62B,$-1.41B,-229.11%,$0.62B,$-1.27B,-206.50%,$0.62B,$-1.40B,-228.29%,$0.62B,$-0.42B,-67.97%,$-0.42B,$0.63B,-107.87%,$-0.42B,$0.63B,-107.87%,$-0.42B,$2.04B,-21.82%,$-1.41B,$1.12B,-135.45%,$181,$0,$181,$0,$173,$573,$-392,$22,$-370,$17,$-388,$-388,$-137,$-360,$-392,$103,103,$-1.19,$-1.16,$149,$0,$80,$1271,$0,$729,$0,$44,$773,$2044,$925,$485,$2,$487,$1412,$0,$-2776,$-0,$632,$2044,$-1464,$139,$1641,$1780,$388,$-225,$0,$-111,$52,$368,$0,$0,$0,$0,$0,$0,$-3,$-3,$-243,$0,$-243,$239,$239,$-104,$-225,$-334,$31,$0,$-104
28,2011-09-30,5.76,$1.02,5.62,$9.78,0.59,$14.01,0.41,$-3.15,0.0,$1.25B,$0.84B,1.49,$0.72B,$0.38B,1.88,$1.00B,$1.00B,100.00%,$1.00B,$-1.05B,-104.49%,$1.00B,$-1.05B,-104.49%,$1.00B,$-0.90B,-89.93%,$1.00B,$-1.07B,-106.98%,$1.00B,$-0.30B,-30.31%,$-0.30B,$0.38B,-90.34%,$-0.30B,$0.38B,-90.34%,$-0.30B,$1.95B,-15.77%,$-1.05B,$1.11B,-101.40%,$149,$0,$149,$0,$64,$473,$-324,$-18,$-342,$24,$-366,$-366,$-93,$-292,$-324,$100,400,$-0.93,$-0.96,$171,$0,$71,$1254,$0,$665,$0,$32,$697,$1951,$844,$721,$3,$724,$1567,$0,$-2630,$-0,$384,$1951,$-1076,$106,$1243,$1349,$430,$0,$0,$-341,$89,$362,$-2,$0,$0,$0,$-2,$-2,$2,$-2,$-7,$0,$-7,$0,$0,$-95,$-205,$-307,$53,$0,$-95
29,2011-06-30,8.65,$0.81,10.66,$9.72,0.89,$14.41,0.6,$-3.24,0.0,$1.26B,$0.86B,1.46,$0.70B,$0.30B,2.31,$0.98B,$0.98B,100.00%,$0.98B,$-1.10B,-112.40%,$0.98B,$-1.10B,-112.40%,$0.98B,$-0.95B,-97.13%,$0.98B,$-1.10B,-113.01%,$0.98B,$-0.31B,-31.25%,$-0.31B,$0.30B,-113.28%,$-0.31B,$0.30B,-113.28%,$-0.31B,$1.86B,-16.55%,$-1.10B,$1.00B,-115.93%,$147,$0,$147,$0,$89,$488,$-341,$-2,$-343,$9,$-352,$-352,$-93,$-302,$-341,$98,98,$-0.96,$-0.96,$168,$0,$75,$1258,$0,$578,$0,$24,$605,$1863,$860,$700,$1,$701,$1560,$0,$-2523,$-0,$303,$1863,$-710,$74,$815,$889,$437,$0,$0,$-263,$174,$353,$-1,$0,$0,$0,$-1,$-1,$2,$-0,$-5,$0,$-5,$0,$0,$-81,$-216,$-302,$51,$0,$-81
30,2011-03-31,10.09,$0.62,16.19,$9.66,1.04,$16.24,0.62,$-3.33,0.0,$1.25B,$0.87B,1.45,$0.70B,$0.23B,3.04,$0.95B,$0.95B,100.00%,$0.95B,$-1.12B,-117.42%,$0.95B,$-1.12B,-117.42%,$0.95B,$-0.98B,-102.62%,$0.95B,$-1.12B,-117.21%,$0.95B,$-0.30B,-31.58%,$-0.30B,$0.23B,-140.49%,$-0.30B,$0.23B,-140.49%,$-0.30B,$1.80B,-17.01%,$-1.12B,$0.94B,-127.52%,$138,$0,$138,$0,$84,$490,$-352,$3,$-349,$9,$-358,$-358,$-95,$-316,$-352,$97,97,$-0.99,$-0.99,$158,$0,$81,$1254,$0,$523,$0,$25,$550,$1804,$868,$704,$0,$705,$1573,$0,$-2417,$-0,$231,$1804,$-358,$36,$410,$446,$440,$0,$0,$-203,$237,$325,$-3,$0,$0,$0,$-1,$-1,$0,$-3,$-2,$0,$-2,$0,$0,$-69,$-211,$-282,$40,$0,$-69
31,2010-12-31,9.24,$1.16,7.98,$9.55,0.97,$17.71,0.52,$-3.41,0.0,$1.65B,$1.00B,1.65,$0.66B,$0.43B,1.55,$0.92B,$0.92B,100.00%,$0.92B,$-1.16B,-125.32%,$0.92B,$-1.16B,-125.32%,$0.92B,$-1.02B,-110.39%,$0.92B,$-1.16B,-125.32%,$0.92B,$-0.30B,-31.93%,$-0.30B,$0.43B,-178.25%,$-0.30B,$0.43B,-178.25%,$-0.30B,$2.09B,-17.35%,$-1.16B,$1.09B,-142.09%,$569,$0,$569,$0,$221,$600,$-31,$-8,$-39,$17,$-57,$-57,$-23,$8,$-31,$88,88,$-0.19,$-0.18,$118,$0,$85,$1653,$0,$419,$0,$22,$441,$2094,$999,$663,$4,$667,$1666,$0,$-2251,$-0,$428,$2094,$-1199,$138,$1647,$1785,$-95,$0,$0,$53,$-42,$544,$-0,$0,$0,$0,$2,$2,$0,$2,$-11,$0,$-11,$0,$0,$-74,$-416,$-501,$44,$0,$-74
32,2010-09-30,8.78,$0.31,27.91,$8.81,1.0,$14.79,0.59,$-3.75,0.0,$1.23B,$0.85B,1.44,$0.64B,$0.12B,5.58,$0.80B,$0.80B,100.00%,$0.80B,$-1.26B,-156.84%,$0.80B,$-1.26B,-156.84%,$0.80B,$-1.13B,-140.42%,$0.80B,$-1.21B,-150.87%,$0.80B,$-0.32B,-39.68%,$-0.32B,$0.12B,-300.94%,$-0.32B,$0.12B,-300.94%,$-0.32B,$1.61B,-18.46%,$-1.26B,$0.76B,-167.52%,$122,$0,$122,$0,$83,$495,$-373,$1,$-372,$7,$-379,$-379,$-94,$-338,$-373,$90,393,$-1.04,$-1.05,$128,$0,$89,$1230,$0,$0,$0,$378,$381,$1611,$854,$641,$0,$641,$1496,$0,$-2218,$-0,$115,$1611,$-1142,$99,$1258,$1357,$343,$0,$0,$-48,$295,$510,$-0,$0,$0,$0,$-2,$-2,$0,$-2,$-9,$0,$-9,$0,$0,$-65,$-380,$-454,$54,$0,$-65
33,2010-06-30,7.36,$0.23,32.04,$8.76,0.84,$14.12,0.52,$-3.76,0.0,$1.22B,$0.84B,1.45,$0.64B,$0.08B,7.72,$0.78B,$0.78B,100.00%,$0.78B,$-1.31B,-166.96%,$0.78B,$-1.31B,-166.96%,$0.78B,$-1.17B,-149.74%,$0.78B,$-1.25B,-159.69%,$0.78B,$-0.31B,-38.90%,$-0.31B,$0.08B,-552.04%,$-0.31B,$0.08B,-552.04%,$-0.31B,$1.57B,-16.76%,$-1.31B,$0.73B,-179.25%,$124,$0,$124,$0,$75,$487,$-363,$6,$-357,$8,$-365,$-365,$-89,$-332,$-363,$85,85,$-1.05,$-1.05,$121,$0,$86,$1220,$0,$0,$0,$347,$350,$1570,$843,$643,$0,$643,$1486,$0,$-2115,$-0,$83,$1570,$-763,$64,$838,$902,$345,$0,$0,$-19,$326,$464,$0,$0,$0,$0,$-0,$-0,$-0,$-0,$-7,$0,$-7,$0,$0,$-55,$-354,$-416,$47,$0,$-55
34,2010-03-31,9.31,$0.10,93.91,$8.56,1.09,$11.49,0.81,$-3.86,0.0,$1.18B,$0.84B,1.4,$0.65B,$0.04B,18.2,$0.76B,$0.76B,100.00%,$0.76B,$-1.37B,-181.61%,$0.76B,$-1.37B,-181.61%,$0.76B,$-1.24B,-163.76%,$0.76B,$-1.32B,-173.94%,$0.76B,$-0.30B,-40.21%,$-0.30B,$0.04B,6400.00%,$-0.30B,$0.04B,6400.00%,$-0.30B,$1.53B,-16.08%,$-1.37B,$0.69B,-196.63%,$109,$0,$109,$0,$76,$501,$-391,$1,$-390,$9,$-399,$-399,$-89,$-358,$-391,$83,83,$-1.07,$-1.07,$120,$0,$92,$1178,$0,$333,$0,$0,$349,$1527,$841,$651,$0,$651,$1491,$0,$-2018,$-0,$36,$1527,$-399,$33,$425,$458,$353,$0,$0,$-15,$338,$397,$-0,$0,$0,$0,$-1,$-1,$1,$-0,$-2,$0,$-2,$0,$0,$-47,$-302,$-351,$46,$0,$-47
35,2009-12-31,7.66,$0.53,14.52,$8.50,0.9,$8.87,0.86,$-3.86,0.0,$1.50B,$1.36B,1.1,$0.65B,$0.19B,3.44,$0.74B,$0.74B,100.00%,$0.74B,$-1.38B,-185.35%,$0.74B,$-1.38B,-185.35%,$0.74B,$-1.25B,-167.61%,$0.74B,$-1.34B,-179.84%,$0.74B,$-0.30B,-39.92%,$-0.30B,$0.19B,509.87%,$-0.30B,$0.19B,509.87%,$-0.30B,$2.21B,-15.12%,$-1.38B,$0.84B,-204.90%,$449,$0,$449,$0,$141,$583,$-134,$40,$-94,$55,$-149,$-149,$-47,$-101,$-134,$78,78,$-0.55,$-0.51,$74,$0,$104,$1501,$0,$300,$0,$0,$705,$2206,$1364,$652,$0,$652,$2017,$0,$-1880,$-0,$190,$2206,$-1375,$131,$1710,$1841,$-338,$0,$0,$129,$-210,$256,$-1,$0,$0,$0,$-2,$-2,$-5,$-9,$-90,$0,$-90,$0,$0,$-15,$-150,$-255,$-8,$0,$-15
36,2009-09-30,6.74,$-0.25,-27.3,$4.74,1.42,$15.32,0.44,$-4.77,0.0,$1.32B,$1.31B,1.01,$0.75B,$-0.09B,-8.54,$0.44B,$0.44B,100.00%,$0.44B,$-1.65B,-373.70%,$0.44B,$-1.65B,-373.70%,$0.44B,$-1.51B,-342.63%,$0.44B,$-1.76B,-399.32%,$0.44B,$-0.36B,-82.09%,$-0.36B,$-0.09B,224.84%,$-0.36B,$-0.09B,224.84%,$-0.36B,$1.98B,-18.92%,$-1.65B,$0.67B,-275.36%,$102,$0,$102,$0,$105,$523,$-421,$10,$-411,$-21,$-390,$-390,$-80,$-383,$-421,$79,388,$-1.02,$-1.06,$184,$0,$103,$1316,$0,$284,$0,$1,$660,$1976,$1310,$754,$0,$754,$2064,$0,$-1827,$-0,$-88,$1976,$-1226,$98,$1235,$1333,$10,$0,$0,$129,$139,$246,$-1,$0,$0,$0,$-1,$-1,$-4,$-7,$-9,$0,$-9,$0,$0,$-9,$-118,$-136,$103,$0,$-9
37,2009-06-30,4.93,$-0.44,-11.17,$4.89,1.01,$16.63,0.3,$-4.78,0.0,$1.26B,$1.26B,1.0,$0.76B,$-0.16B,-4.81,$0.50B,$0.50B,100.00%,$0.50B,$-1.57B,-316.53%,$0.50B,$-1.57B,-316.53%,$0.50B,$-1.45B,-292.14%,$0.50B,$-1.72B,-346.37%,$0.50B,$-0.35B,-70.77%,$-0.35B,$-0.16B,146.40%,$-0.35B,$-0.16B,146.40%,$-0.35B,$1.86B,-17.77%,$-1.57B,$0.60B,-300.33%,$96,$0,$96,$0,$97,$522,$-427,$7,$-420,$0,$-420,$-420,$-88,$-396,$-427,$77,77,$-1.15,$-1.15,$135,$0,$121,$1255,$0,$245,$0,$1,$599,$1855,$1255,$756,$1,$757,$2012,$0,$-1745,$0,$-157,$1855,$-836,$60,$844,$904,$16,$0,$0,$132,$148,$216,$-1,$0,$0,$0,$-2,$-2,$-4,$-7,$-7,$0,$-7,$0,$0,$-8,$-141,$-155,$53,$0,$-8
38,2009-03-31,3.34,$-0.50,-6.7,$4.04,0.83,$15.61,0.21,$-4.68,0.0,$1.25B,$1.24B,1.01,$0.76B,$-0.18B,-4.3,$0.55B,$0.55B,100.00%,$0.55B,$-1.50B,-271.25%,$0.55B,$-1.50B,-271.25%,$0.55B,$-1.38B,-249.73%,$0.55B,$-1.67B,-301.27%,$0.55B,$-0.32B,-58.59%,$-0.32B,$-0.18B,105.80%,$-0.32B,$-0.18B,105.80%,$-0.32B,$1.82B,-15.85%,$-1.50B,$0.59B,-326.80%,$97,$0,$97,$0,$74,$494,$-397,$-16,$-413,$3,$-416,$-416,$-82,$-367,$-397,$77,77,$-1.07,$-1.07,$121,$0,$124,$1248,$0,$223,$0,$1,$574,$1822,$1236,$763,$0,$763,$1999,$0,$-1653,$0,$-178,$1822,$-416,$29,$419,$448,$8,$0,$0,$127,$136,$168,$-0,$0,$0,$0,$-2,$-2,$-1,$-3,$-2,$0,$-2,$0,$0,$-4,$-120,$-125,$39,$0,$-4
39,2008-12-31,2.81,$-0.62,-4.52,$4.77,0.59,$21.55,0.13,$-7.23,0.0,$1.23B,$1.46B,0.85,$0.77B,$-0.22B,-3.46,$0.60B,$0.60B,100.00%,$0.60B,$-1.46B,-241.56%,$0.60B,$-1.46B,-241.56%,$0.60B,$-1.34B,-221.69%,$0.60B,$-1.62B,-268.87%,$0.60B,$-0.51B,-84.44%,$-0.51B,$-0.22B,136.64%,$-0.51B,$-0.22B,136.64%,$-0.51B,$2.00B,-24.13%,$-1.46B,$0.54B,-371.25%,$146,$0,$146,$0,$125,$549,$-403,$-114,$-517,$17,$-534,$-534,$-112,$-365,$-403,$74,74,$-1.48,$-1.12,$81,$0,$138,$1233,$0,$209,$0,$1,$768,$2001,$1457,$765,$0,$765,$2222,$0,$-1567,$0,$-221,$2001,$-1664,$119,$1721,$1840,$617,$0,$0,$-59,$558,$734,$-12,$0,$0,$0,$-7,$-7,$0,$-18,$-2,$0,$-2,$0,$0,$-105,$-1141,$-1248,$-533,$0,$-105
40,2008-09-30,6.34,$-1.14,-5.57,$13.19,0.48,$-16.96,0.0,$-16.89,0.0,$1.99B,$1.63B,1.22,$0.77B,$-0.40B,-1.9,$1.23B,$1.23B,100.00%,$1.23B,$-3.82B,-311.24%,$1.23B,$-0.29B,-23.29%,$1.23B,$-3.65B,-296.99%,$1.23B,$-0.34B,-27.44%,$1.23B,$-1.17B,-95.52%,$-1.17B,$-0.40B,324.71%,$-1.17B,$-0.40B,324.71%,$-1.17B,$2.22B,-47.09%,$-3.82B,$0.36B,-942.54%,$157,$0,$157,$0,$75,$500,$-343,$-25,$-368,$15,$-383,$-383,$-69,$-321,$-343,$74,385,$-0.94,$-1.07,$155,$0,$129,$1992,$0,$231,$0,$1,$232,$2224,$1630,$767,$0,$997,$2628,$0,$-1453,$0,$-403,$2224,$-1129,$82,$1273,$1355,$632,$0,$0,$-101,$530,$756,$-7,$0,$0,$0,$-11,$-11,$0,$-18,$-0,$0,$-0,$0,$0,$-103,$-1094,$-1197,$-460,$0,$-103
