,Date,Stock Price,Book Value per Share,Price to Book Ratio,TTM Sales per Share,Price to Sales Ratio,TTM FCF per Share,Price to FCF Ratio,TTM Net EPS,PE Ratio,Current Assets,Current Liabilities,Current Ratio,Long Term Debt,Shareholder's Equity_x,Debt to Equity Ratio,TTM Revenue_x,TTM Gross Profit,Gross Margin,TTM Revenue_y,TTM Operating Income,Operating Margin,TTM Revenue_x,TTM EBIT,EBIT Margin,TTM Revenue_y,TTM EBITDA,EBITDA Margin,TTM Revenue_x,TTM Pre-Tax Income,Pre-Tax Margin,TTM Revenue_y,TTM Net Income_x,Net Margin,TTM Net Income_y,Shareholder's Equity_y,Return on Equity,TTM Net Income_x,Tangible Equity,Return on Tangible Equity,TTM Net Income_y,Total Assets,Return on Assets,TTM Net Income,LT Investments & Debt,Return on Investment,revenue,cost-goods-sold,gross-profit,research-development-expenses,selling-general-administrative-expenses,operating-expenses,operating-income,total-non-operating-income-expense,pre-tax-income,total-provision-income-taxes,income-after-taxes,income-from-continuous-operations,net-income,ebitda,ebit,basic-shares-outstanding,shares-outstanding,eps-basic-net-earnings-per-share,eps-earnings-per-share-diluted,cash-on-hand,inventory,other-current-assets,total-current-assets,net-property-plant-equipment,long-term-investments,goodwill-intangible-assets-total,other-long-term-assets,total-long-term-assets,total-assets,total-current-liabilities,long-term-debt,other-non-current-liabilities,total-long-term-liabilities,total-liabilities,common-stock-net,retained-earnings-accumulated-deficit,comprehensive-income,total-share-holder-equity,total-liabilities-share-holders-equity,net-income-loss,total-depreciation-amortization-cash-flow,other-non-cash-items,total-non-cash-items,change-in-accounts-receivable,change-in-inventories,change-in-accounts-payable,change-in-assets-liabilities,total-change-in-assets-liabilities,cash-flow-from-operating-activities,net-change-in-property-plant-equipment,net-change-in-intangible-assets,net-acquisitions-divestitures,net-change-in-short-term-investments,net-change-in-long-term-investments,net-change-in-investments-total,investing-activities-other,cash-flow-from-investing-activities,net-long-term-debt,net-current-debt,debt-issuance-retirement-net-total,net-common-equity-issued-repurchased,net-total-equity-issued-repurchased,total-common-preferred-stock-dividends-paid,financial-activities-other,cash-flow-from-financial-activities,net-cash-flow,stock-based-compensation,common-stock-dividends-paid
0,2018-09-30,9.51,$0.20,48.77,$5.92,1.61,$-1.26,0.0,$-1.14,0.0,$0.82B,$0.33B,2.51,$0.26B,$0.05B,4.85,$1.52B,$0.50B,33.09%,$1.52B,$-0.32B,-21.16%,$1.52B,$-0.32B,-21.16%,$1.52B,$-0.24B,-16.08%,$1.52B,$-0.34B,-22.48%,$1.52B,$-0.36B,-23.80%,$-0.36B,$0.05B,-422.22%,$-0.36B,$-0.18B,462.82%,$-0.36B,$1.17B,-31.45%,$-0.32B,$0.31B,-91.78%,$418,$261,$156,$43,$172,$476,$-58,$-5,$-64,$0,$-64,$-64,$-71,$-38,$-58,$268,268,$-0.27,$-0.27,$388,$0,$0,$819,$108,$0,$234,$12,$354,$1173,$326,$255,$26,$794,$1120,$0,$-1579,$-0,$53,$1173,$-287,$58,$103,$161,$-20,$0,$0,$2,$67,$-59,$-7,$0,$-67,$-98,$0,$-98,$20,$-152,$0,$0,$0,$5,$5,$0,$-7,$-2,$-213,$83,$0
1,2018-06-30,7.88,$0.34,23.1,$5.91,1.33,$-1.96,0.0,$-1.48,0.0,$0.81B,$0.30B,2.73,$0.25B,$0.09B,2.76,$1.48B,$0.48B,32.61%,$1.48B,$-0.32B,-21.79%,$1.48B,$-0.32B,-21.79%,$1.48B,$-0.25B,-16.64%,$1.48B,$-0.34B,-23.21%,$1.48B,$-0.38B,-25.37%,$-0.38B,$0.09B,-327.51%,$-0.38B,$-0.15B,2830.19%,$-0.38B,$1.17B,-32.72%,$-0.32B,$0.34B,-84.29%,$385,$260,$125,$40,$179,$479,$-94,$-5,$-99,$-7,$-92,$-92,$-99,$-75,$-94,$260,260,$-0.38,$-0.38,$421,$0,$0,$807,$111,$0,$239,$12,$361,$1168,$295,$250,$26,$782,$1077,$0,$-1508,$-0,$91,$1168,$-224,$37,$71,$109,$16,$0,$0,$34,$83,$-32,$-5,$0,$-67,$-126,$0,$-126,$24,$-174,$0,$0,$0,$3,$3,$0,$-5,$-2,$-208,$54,$0
2,2018-03-31,5.03,$0.18,28.34,$5.99,0.84,$-2.42,0.0,$-2.30,0.0,$0.87B,$0.24B,3.62,$0.28B,$0.05B,6.15,$1.47B,$0.49B,33.33%,$1.47B,$-0.50B,-33.74%,$1.47B,$-0.50B,-33.74%,$1.47B,$-0.28B,-19.32%,$1.47B,$-0.52B,-35.31%,$1.47B,$-0.57B,-38.50%,$-0.57B,$0.05B,-389.67%,$-0.57B,$-0.04B,-1057.94%,$-0.57B,$1.09B,-50.90%,$-0.50B,$0.32B,-113.18%,$319,$244,$75,$36,$166,$446,$-127,$-5,$-132,$0,$-132,$-132,$-139,$-108,$-127,$253,253,$-0.55,$-0.55,$544,$0,$0,$870,$114,$0,$89,$11,$215,$1085,$240,$278,$23,$799,$1040,$0,$-1408,$-0,$45,$1085,$-132,$19,$47,$66,$67,$0,$0,$4,$83,$17,$-3,$0,$0,$-88,$0,$-88,$29,$-62,$0,$0,$0,$0,$0,$0,$-0,$-0,$-45,$26,$0
3,2017-12-31,4.82,$0.61,7.92,$6.06,0.8,$-2.63,0.0,$-2.31,0.0,$0.91B,$0.23B,4.03,$0.27B,$0.15B,1.79,$1.47B,$0.50B,34.01%,$1.47B,$-0.49B,-33.67%,$1.47B,$-0.49B,-33.67%,$1.47B,$-0.28B,-18.95%,$1.47B,$-0.52B,-35.38%,$1.47B,$-0.56B,-38.10%,$-0.56B,$0.15B,-223.82%,$-0.56B,$0.06B,-679.64%,$-0.56B,$1.17B,-50.12%,$-0.49B,$0.43B,-88.25%,$395,$249,$146,$34,$154,$437,$-42,$-5,$-46,$-2,$-45,$-45,$-52,$-23,$-42,$244,244,$-0.19,$-0.19,$501,$0,$0,$912,$117,$0,$91,$11,$254,$1166,$226,$273,$24,$787,$1014,$0,$-1269,$-0,$153,$1166,$-518,$214,$148,$362,$-37,$0,$0,$-7,$-55,$-211,$-16,$0,$124,$42,$0,$42,$-21,$130,$-90,$0,$-90,$11,$21,$480,$-31,$380,$300,$128,$0
4,2017-09-30,7.7,$0.68,11.31,$6.13,1.26,$-2.75,0.0,$-2.48,0.0,$0.91B,$0.22B,4.18,$0.27B,$0.17B,1.58,$1.47B,$0.49B,33.38%,$1.47B,$-0.53B,-36.45%,$1.47B,$-0.53B,-36.45%,$1.47B,$-0.32B,-21.50%,$1.47B,$-0.56B,-38.43%,$1.47B,$-0.60B,-40.75%,$-0.60B,$0.17B,-170.57%,$-0.60B,$0.08B,-563.21%,$-0.60B,$1.17B,-53.30%,$-0.53B,$0.44B,-78.82%,$379,$243,$136,$39,$156,$438,$-59,$-7,$-66,$0,$-66,$-66,$-85,$-40,$-59,$246,246,$-0.34,$-0.34,$499,$0,$0,$912,$118,$0,$93,$9,$253,$1166,$218,$267,$27,$778,$996,$0,$-1217,$-1,$169,$1166,$-474,$196,$118,$314,$-11,$0,$0,$-8,$-60,$-219,$-13,$0,$123,$37,$0,$37,$-14,$133,$-90,$0,$-90,$16,$496,$0,$-29,$377,$291,$98,$0
5,2017-06-30,8.92,$0.88,10.11,$6.11,1.46,$-2.78,0.0,$-2.41,0.0,$0.80B,$0.27B,3.02,$0.35B,$0.21B,1.65,$1.44B,$0.49B,34.01%,$1.44B,$-0.53B,-36.86%,$1.44B,$-0.53B,-36.86%,$1.44B,$-0.31B,-21.56%,$1.44B,$-0.56B,-38.80%,$1.44B,$-0.57B,-39.92%,$-0.57B,$0.21B,-124.92%,$-0.57B,$0.12B,-415.94%,$-0.57B,$1.03B,-50.45%,$-0.53B,$0.57B,-65.90%,$377,$244,$133,$41,$204,$644,$-268,$-7,$-275,$0,$-275,$-275,$-290,$-113,$-268,$241,241,$-1.20,$-1.20,$228,$0,$228,$802,$121,$0,$94,$13,$229,$1031,$266,$352,$26,$551,$817,$0,$-1133,$-1,$214,$1031,$-407,$177,$78,$254,$13,$0,$0,$7,$16,$-137,$-9,$0,$0,$25,$0,$25,$-11,$6,$0,$0,$0,$9,$182,$0,$-13,$169,$10,$68,$0
6,2017-03-31,11.81,$1.93,6.13,$6.04,1.95,$-2.58,0.0,$-1.54,0.0,$0.54B,$0.25B,2.14,$0.35B,$0.46B,0.75,$1.40B,$0.48B,34.33%,$1.40B,$-0.33B,-23.79%,$1.40B,$-0.33B,-23.79%,$1.40B,$-0.25B,-17.81%,$1.40B,$-0.36B,-25.71%,$1.40B,$-0.36B,-25.64%,$-0.36B,$0.46B,-63.94%,$-0.36B,$0.07B,-220.18%,$-0.36B,$1.10B,-30.78%,$-0.33B,$0.81B,-37.92%,$316,$232,$84,$40,$170,$441,$-125,$-7,$-132,$0,$-132,$-132,$-132,$-102,$-125,$238,238,$-0.56,$-0.56,$203,$0,$0,$544,$129,$0,$392,$34,$554,$1098,$254,$347,$34,$381,$635,$0,$-843,$-1,$463,$1098,$-132,$23,$29,$51,$45,$0,$0,$3,$45,$-36,$-2,$0,$0,$11,$0,$11,$-8,$1,$0,$0,$0,$5,$5,$0,$0,$5,$-29,$30,$0
7,2016-12-31,13.04,$2.36,5.53,$6.02,2.17,$-2.54,0.0,$-1.49,0.0,$0.63B,$0.25B,2.46,$0.34B,$0.55B,0.62,$1.39B,$0.49B,35.23%,$1.39B,$-0.32B,-22.96%,$1.39B,$-0.32B,-22.96%,$1.39B,$-0.24B,-17.33%,$1.39B,$-0.34B,-24.84%,$1.39B,$-0.34B,-24.77%,$-0.34B,$0.55B,-55.80%,$-0.34B,$0.16B,-162.75%,$-0.34B,$1.19B,-28.75%,$-0.32B,$0.90B,-35.12%,$393,$257,$136,$38,$180,$475,$-82,$-7,$-90,$0,$-90,$-90,$-90,$-60,$-82,$231,231,$-0.38,$-0.38,$237,$0,$0,$626,$124,$6,$397,$32,$559,$1185,$254,$342,$34,$376,$631,$0,$-710,$-1,$554,$1185,$-343,$79,$142,$221,$-36,$0,$0,$-2,$-61,$-182,$-60,$0,$-1,$39,$0,$39,$-30,$-52,$90,$0,$90,$10,$13,$0,$-3,$100,$-135,$138,$0
8,2016-09-30,14.33,$2.60,5.51,$5.89,2.43,$-1.80,0.0,$-1.20,0.0,$0.68B,$0.26B,2.62,$0.34B,$0.61B,0.56,$1.33B,$0.52B,38.86%,$1.33B,$-0.26B,-19.28%,$1.33B,$-0.26B,-19.28%,$1.33B,$-0.19B,-14.23%,$1.33B,$-0.28B,-20.71%,$1.33B,$-0.27B,-20.48%,$-0.27B,$0.61B,-41.09%,$-0.27B,$0.21B,-107.19%,$-0.27B,$1.24B,-22.53%,$-0.26B,$0.94B,-27.65%,$352,$216,$136,$34,$158,$407,$-55,$-6,$-61,$0,$-62,$-62,$-62,$-35,$-55,$232,232,$-0.27,$-0.27,$258,$0,$0,$677,$118,$6,$402,$33,$560,$1237,$259,$337,$33,$371,$630,$0,$-620,$-1,$607,$1237,$-253,$57,$6,$63,$-8,$0,$0,$4,$10,$-179,$-46,$0,$-1,$26,$0,$26,$-23,$-44,$90,$0,$90,$9,$9,$0,$-3,$96,$-127,$104,$0
9,2016-06-30,12.45,$2.72,4.58,$5.84,2.13,$-0.80,0.0,$-1.33,0.0,$0.60B,$0.26B,2.36,$0.24B,$0.63B,0.39,$1.29B,$0.46B,35.64%,$1.29B,$-0.29B,-22.28%,$1.29B,$-0.29B,-22.28%,$1.29B,$-0.23B,-18.17%,$1.29B,$-0.30B,-23.29%,$1.29B,$-0.30B,-22.98%,$-0.30B,$0.63B,-46.18%,$-0.30B,$0.22B,-91.08%,$-0.30B,$1.16B,-26.83%,$-0.29B,$0.87B,-34.98%,$343,$217,$126,$34,$164,$415,$-72,$-6,$-78,$-2,$-76,$-76,$-76,$-53,$-72,$230,230,$-0.33,$-0.33,$293,$0,$0,$600,$102,$18,$407,$31,$559,$1159,$255,$243,$33,$276,$531,$0,$-558,$-0,$628,$1159,$-191,$37,$72,$109,$12,$0,$0,$-3,$23,$-59,$-35,$0,$-1,$9,$0,$9,$-15,$-40,$0,$0,$0,$6,$6,$0,$-3,$3,$-96,$71,$0
10,2016-03-31,8.95,$2.93,3.05,$5.70,1.57,$-0.38,0.0,$-1.08,0.0,$0.64B,$0.25B,2.53,$0.24B,$0.67B,0.36,$1.23B,$0.47B,38.02%,$1.23B,$-0.23B,-18.77%,$1.23B,$-0.23B,-18.77%,$1.23B,$-0.19B,-15.60%,$1.23B,$-0.24B,-19.33%,$1.23B,$-0.24B,-19.17%,$-0.24B,$0.67B,-37.58%,$-0.24B,$0.26B,-57.04%,$-0.24B,$1.19B,-23.40%,$-0.23B,$0.91B,-30.94%,$297,$207,$90,$36,$164,$407,$-109,$-5,$-115,$0,$-115,$-115,$-115,$-92,$-109,$227,227,$-0.51,$-0.51,$349,$0,$0,$635,$81,$33,$411,$32,$557,$1192,$251,$239,$32,$271,$522,$0,$-482,$-0,$670,$1192,$-115,$18,$39,$57,$39,$0,$0,$10,$45,$-13,$-14,$0,$-1,$-5,$8,$3,$-7,$-19,$0,$0,$0,$2,$2,$0,$-1,$1,$-31,$39,$0
11,2015-12-31,13.41,$3.30,4.06,$5.48,2.45,$-0.15,0.0,$-0.80,0.0,$0.68B,$0.23B,2.95,$0.24B,$0.74B,0.32,$1.17B,$0.47B,40.09%,$1.17B,$-0.17B,-14.59%,$1.17B,$-0.17B,-14.59%,$1.17B,$-0.14B,-12.27%,$1.17B,$-0.17B,-14.68%,$1.17B,$-0.17B,-14.51%,$-0.17B,$0.74B,-28.11%,$-0.17B,$0.33B,-34.53%,$-0.17B,$1.24B,-18.82%,$-0.17B,$0.98B,-25.76%,$336,$172,$164,$28,$156,$356,$-20,$-2,$-21,$-2,$-19,$-19,$-19,$-9,$-20,$214,214,$-0.08,$-0.08,$371,$0,$0,$684,$66,$46,$415,$30,$557,$1241,$232,$235,$31,$265,$497,$0,$-367,$-1,$743,$1241,$-170,$27,$114,$141,$-56,$0,$0,$18,$-14,$-42,$-24,$0,$-270,$199,$0,$199,$-9,$-102,$345,$0,$345,$8,$13,$0,$-55,$303,$159,$112,$0
12,2015-09-30,21.34,$2.45,8.72,$5.22,4.09,$0.13,159.61,$-0.65,0.0,$0.64B,$0.28B,2.3,$0.00B,$0.52B,0.0,$1.10B,$0.44B,39.93%,$1.10B,$-0.14B,-12.49%,$1.10B,$-0.14B,-12.49%,$1.10B,$-0.12B,-10.57%,$1.10B,$-0.14B,-12.49%,$1.10B,$-0.14B,-12.58%,$-0.14B,$0.52B,-24.59%,$-0.14B,$0.49B,-25.03%,$-0.14B,$0.82B,-17.81%,$-0.14B,$0.52B,-24.41%,$312,$233,$79,$22,$143,$397,$-86,$-0,$-86,$0,$-86,$-86,$-86,$-80,$-86,$213,213,$-0.40,$-0.40,$364,$0,$0,$644,$56,$79,$32,$9,$177,$821,$280,$0,$18,$18,$298,$0,$-347,$-1,$523,$821,$-150,$17,$87,$104,$-46,$0,$0,$-4,$74,$29,$-21,$0,$-23,$41,$41,$82,$-6,$32,$0,$0,$0,$9,$9,$0,$-2,$7,$67,$79,$0
13,2015-06-30,15.54,$2.71,5.73,$4.91,3.16,$-0.03,0.0,$-0.26,0.0,$0.62B,$0.19B,3.28,$0.00B,$0.58B,0.0,$1.03B,$0.47B,46.05%,$1.03B,$-0.05B,-5.17%,$1.03B,$-0.05B,-5.17%,$1.03B,$-0.03B,-3.22%,$1.03B,$-0.05B,-5.17%,$1.03B,$-0.05B,-5.27%,$-0.05B,$0.58B,-9.54%,$-0.05B,$0.58B,-9.57%,$-0.05B,$0.78B,-7.25%,$-0.05B,$0.58B,-9.36%,$286,$150,$135,$19,$133,$302,$-16,$0,$-16,$0,$-16,$-16,$-16,$-11,$-16,$212,212,$-0.08,$-0.08,$372,$0,$0,$623,$55,$89,$0,$14,$158,$780,$190,$0,$15,$15,$205,$0,$-261,$-1,$576,$780,$-64,$11,$51,$61,$-16,$0,$0,$10,$19,$17,$-15,$0,$-0,$24,$0,$24,$-3,$6,$0,$0,$0,$6,$6,$0,$-1,$5,$28,$51,$0
14,2015-03-31,16.21,$2.66,6.09,$4.63,3.5,$-0.17,0.0,$-0.24,0.0,$0.59B,$0.17B,3.43,$0.00B,$0.56B,0.0,$0.96B,$0.43B,44.89%,$0.96B,$-0.05B,-5.11%,$0.96B,$-0.05B,-5.11%,$0.96B,$-0.03B,-3.03%,$0.96B,$-0.05B,-5.11%,$0.96B,$-0.05B,-5.22%,$-0.05B,$0.56B,-9.07%,$-0.05B,$0.56B,-9.10%,$-0.05B,$0.75B,-6.94%,$-0.05B,$0.56B,-8.88%,$231,$142,$89,$16,$121,$279,$-48,$0,$-48,$0,$-48,$-48,$-48,$-43,$-48,$210,210,$-0.23,$-0.23,$382,$0,$0,$589,$47,$100,$0,$14,$160,$750,$172,$0,$15,$15,$187,$0,$-245,$-0,$563,$750,$-48,$5,$23,$28,$29,$0,$0,$6,$46,$27,$-4,$0,$0,$22,$0,$22,$-2,$16,$0,$0,$0,$3,$3,$0,$-1,$2,$45,$23,$0
15,2014-12-31,17.83,$2.79,6.39,$4.50,3.96,$-0.35,0.0,$-0.15,0.0,$0.59B,$0.15B,3.95,$0.00B,$0.58B,0.0,$0.92B,$0.41B,44.73%,$0.92B,$-0.03B,-3.26%,$0.92B,$-0.03B,-3.26%,$0.92B,$-0.01B,-1.19%,$0.92B,$-0.03B,-3.26%,$0.92B,$-0.03B,-3.37%,$-0.03B,$0.58B,-5.77%,$-0.03B,$0.58B,-5.79%,$-0.03B,$0.75B,-4.44%,$-0.03B,$0.58B,-5.58%,$268,$133,$135,$15,$108,$255,$13,$0,$13,$0,$12,$12,$12,$18,$13,$205,205,$0.06,$0.06,$355,$0,$0,$588,$43,$104,$7,$7,$161,$749,$149,$0,$17,$17,$166,$0,$-197,$-1,$583,$749,$-30,$18,$58,$76,$-55,$0,$0,$3,$-26,$21,$-25,$0,$0,$-82,$0,$-82,$-5,$-112,$0,$0,$0,$23,$23,$0,$-2,$22,$-70,$87,$0
16,2014-09-30,24.16,$2.61,9.26,$4.26,5.68,$-0.46,0.0,$-0.17,0.0,$0.53B,$0.15B,3.52,$0.00B,$0.54B,0.0,$0.85B,$0.38B,45.44%,$0.85B,$0.02B,2.72%,$0.85B,$-0.05B,-6.39%,$0.85B,$0.04B,5.09%,$0.85B,$-0.02B,-2.25%,$0.85B,$-0.02B,-2.25%,$-0.02B,$0.54B,-3.66%,$-0.02B,$0.54B,-3.66%,$-0.02B,$0.70B,-2.80%,$0.02B,$0.54B,4.43%,$240,$127,$113,$13,$101,$242,$-2,$0,$-2,$0,$-2,$-2,$-2,$3,$-2,$207,207,$-0.01,$-0.01,$316,$0,$0,$525,$42,$121,$0,$14,$177,$702,$149,$0,$11,$11,$160,$0,$-209,$-0,$542,$702,$-43,$13,$36,$49,$-34,$0,$0,$-1,$-11,$-4,$-23,$0,$0,$-87,$0,$-87,$0,$-110,$0,$0,$0,$20,$20,$0,$-2,$18,$-97,$60,$0
17,2014-06-30,29.5,$2.51,11.74,$4.08,7.24,$-0.47,0.0,$-0.16,0.0,$0.51B,$0.15B,3.4,$0.00B,$0.52B,0.0,$0.79B,$0.35B,44.84%,$0.79B,$0.02B,3.06%,$0.79B,$-0.05B,-6.75%,$0.79B,$0.04B,5.22%,$0.79B,$-0.02B,-2.42%,$0.79B,$-0.02B,-2.42%,$-0.02B,$0.52B,-3.76%,$-0.02B,$0.52B,-3.76%,$-0.02B,$0.68B,-2.86%,$0.02B,$0.52B,4.75%,$219,$125,$93,$13,$92,$231,$-12,$0,$-12,$0,$-12,$-12,$-12,$-7,$-12,$206,206,$-0.06,$-0.06,$324,$0,$0,$512,$40,$114,$0,$14,$167,$680,$151,$0,$10,$10,$161,$0,$-207,$-0,$518,$680,$-41,$8,$18,$27,$-14,$0,$0,$-0,$4,$-9,$-16,$0,$0,$-77,$0,$-77,$0,$-94,$0,$0,$0,$15,$15,$0,$0,$15,$-88,$38,$0
18,2014-03-31,30.32,$2.47,12.28,$3.96,7.66,$-0.49,0.0,$-0.11,0.0,$0.51B,$0.15B,3.47,$0.00B,$0.51B,0.0,$0.74B,$0.33B,45.31%,$0.74B,$0.03B,4.35%,$0.74B,$-0.05B,-6.12%,$0.74B,$0.05B,6.39%,$0.74B,$-0.01B,-1.50%,$0.74B,$-0.01B,-1.50%,$-0.01B,$0.51B,-2.93%,$-0.01B,$0.51B,-2.93%,$-0.01B,$0.66B,-2.23%,$0.03B,$0.51B,8.53%,$194,$123,$71,$12,$88,$223,$-29,$0,$-29,$0,$-29,$-29,$-29,$-25,$-29,$200,200,$-0.14,$-0.14,$341,$0,$0,$505,$39,$105,$0,$14,$157,$662,$146,$0,$10,$10,$156,$0,$-196,$-0,$507,$662,$-29,$4,$3,$7,$16,$0,$0,$-5,$20,$-2,$-12,$0,$0,$-82,$0,$-82,$0,$-93,$0,$0,$0,$11,$11,$0,$0,$11,$-85,$17,$0
19,2013-12-31,26.6,$2.60,10.23,$3.88,6.85,$-0.57,0.0,$0.03,886.67,$0.52B,$0.16B,3.33,$0.00B,$0.51B,0.0,$0.70B,$0.33B,46.70%,$0.70B,$0.05B,7.59%,$0.70B,$-0.02B,-3.44%,$0.70B,$0.07B,9.60%,$0.70B,$0.01B,1.43%,$0.70B,$0.01B,1.43%,$0.01B,$0.51B,3.70%,$0.01B,$0.51B,3.70%,$0.01B,$0.67B,2.59%,$0.05B,$0.51B,19.41%,$192,$86,$107,$11,$61,$126,$66,$-0,$24,$0,$20,$-14,$24,$72,$-11,$181,181,$0.14,$0.14,$344,$0,$0,$519,$35,$106,$0,$14,$155,$673,$156,$0,$9,$9,$165,$0,$-167,$-0,$508,$673,$-27,$10,$53,$64,$-61,$0,$0,$-1,$-40,$-3,$-21,$-8,$-0,$-182,$0,$-182,$0,$-212,$0,$0,$0,$396,$396,$0,$-1,$395,$180,$40,$0
20,2013-10-31,25.13,$2.50,10.04,$3.70,6.8,$-0.60,0.0,$-0.05,0.0,$0.60B,$0.14B,4.17,$0.00B,$0.49B,0.0,$0.66B,$0.28B,42.64%,$0.66B,$-0.02B,-3.03%,$0.66B,$-0.02B,-3.03%,$0.66B,$-0.01B,-1.82%,$0.66B,$-0.02B,-3.19%,$0.66B,$-0.02B,-3.19%,$-0.02B,$0.49B,-14.63%,$-0.02B,$0.49B,-14.63%,$-0.02B,$0.64B,-9.62%,$-0.02B,$0.49B,-13.70%,$180,$99,$81,$9,$74,$182,$-1,$-0,$-2,$0,$-2,$-2,$-2,$1,$-1,$185,185,$-0.01,$-0.01,$448,$0,$0,$600,$28,$0,$0,$10,$38,$638,$144,$0,$8,$8,$152,$0,$-178,$-0,$486,$638,$-38,$8,$44,$53,$-38,$0,$0,$-3,$-26,$-11,$-15,$-8,$-0,$18,$0,$18,$0,$-6,$0,$0,$0,$394,$394,$0,$-1,$393,$377,$31,$0
21,2013-09-30,25.13,$0.00,0.0,$3.44,7.3,$-0.56,0.0,$-0.05,0.0,$0.00B,$0.00B,0.0,$0.00B,$0.00B,0.0,$0.61B,$0.23B,38.51%,$0.61B,$-0.05B,-7.77%,$0.61B,$-0.05B,-7.77%,$0.61B,$-0.04B,-6.78%,$0.61B,$-0.05B,-7.93%,$0.61B,$-0.05B,-7.93%,$-0.05B,$0.00B,-113.61%,$-0.05B,$0.00B,-113.61%,$-0.05B,$0.00B,-43.15%,$-0.05B,$0.00B,-105.03%,$169,$96,$74,$9,$68,$173,$-4,$-0,$-4,$0,$-4,$-4,$-4,$-1,$-4,$179,179,$-0.02,$-0.02,$0,$0,$0,$0,$0,$0,$0,$0,$0,$0,$0,$0,$0,$0,$0,$0,$0,$0,$0,$0,$-50,$8,$43,$51,$-27,$0,$0,$-5,$-13,$-12,$-15,$-8,$-0,$20,$0,$20,$0,$-4,$0,$0,$0,$394,$394,$0,$-1,$393,$377,$29,$0
22,2013-07-31,18.34,$0.50,36.62,$3.16,5.8,$-0.51,0.0,$-0.20,0.0,$0.20B,$0.13B,1.49,$0.01B,$0.09B,0.11,$0.55B,$0.18B,32.49%,$0.55B,$-0.08B,-14.88%,$0.55B,$-0.08B,-14.88%,$0.55B,$-0.08B,-13.79%,$0.55B,$-0.08B,-15.06%,$0.55B,$-0.08B,-15.06%,$-0.08B,$0.09B,-196.45%,$-0.08B,$0.09B,-196.45%,$-0.08B,$0.24B,-74.61%,$-0.08B,$0.10B,-183.24%,$157,$93,$64,$8,$64,$165,$-8,$-0,$-8,$0,$-8,$-8,$-8,$-5,$-8,$175,175,$-0.04,$-0.04,$69,$0,$0,$199,$23,$0,$0,$13,$36,$235,$134,$10,$4,$14,$147,$0,$-176,$-0,$88,$235,$-36,$5,$33,$38,$-19,$0,$0,$-0,$-16,$-15,$-11,$-8,$-0,$8,$0,$8,$-3,$-14,$10,$0,$10,$7,$7,$0,$0,$17,$-12,$18,$0
23,2013-06-30,18.4,$0.00,0.0,$3.00,6.14,$-0.41,0.0,$-0.20,0.0,$0.00B,$0.00B,0.0,$0.00B,$0.00B,0.0,$0.52B,$0.15B,29.67%,$0.52B,$-0.09B,-16.96%,$0.52B,$-0.09B,-16.96%,$0.52B,$-0.08B,-15.41%,$0.52B,$-0.09B,-17.34%,$0.52B,$-0.09B,-17.34%,$-0.09B,$0.00B,-200.00%,$-0.09B,$0.00B,-200.00%,$-0.09B,$0.00B,-83.92%,$-0.09B,$0.00B,-195.56%,$153,$91,$62,$8,$61,$160,$-7,$-0,$-7,$0,$-7,$-7,$-7,$-7,$-7,$175,175,$-0.04,$-0.04,$0,$0,$0,$0,$0,$0,$0,$0,$0,$0,$0,$0,$0,$0,$0,$0,$0,$0,$0,$0,$-46,$5,$30,$34,$-14,$0,$0,$-10,$-6,$-18,$-11,$0,$-0,$6,$0,$6,$-3,$-8,$0,$0,$0,$6,$6,$0,$0,$6,$-20,$17,$0
24,2013-04-30,13.93,$0.47,29.85,$2.81,4.95,$-0.30,0.0,$-0.25,0.0,$0.19B,$0.13B,1.49,$0.00B,$0.08B,0.0,$0.50B,$0.14B,28.77%,$0.50B,$-0.08B,-15.90%,$0.50B,$-0.08B,-15.90%,$0.50B,$-0.07B,-14.08%,$0.50B,$-0.08B,-16.30%,$0.50B,$-0.08B,-16.30%,$-0.08B,$0.08B,-180.00%,$-0.08B,$0.08B,-180.00%,$-0.08B,$0.21B,-75.52%,$-0.08B,$0.08B,-175.56%,$126,$93,$33,$7,$54,$154,$-28,$-0,$-29,$0,$-29,$-29,$-29,$-28,$-28,$174,174,$-0.16,$-0.16,$75,$0,$0,$187,$21,$0,$0,$2,$23,$210,$125,$0,$4,$4,$129,$0,$-168,$0,$81,$210,$-29,$2,$15,$18,$-2,$0,$0,$0,$-2,$-13,$-4,$0,$0,$3,$0,$3,$0,$-1,$0,$0,$0,$4,$4,$0,$0,$4,$-10,$7,$0
25,2013-03-31,14.16,$0.00,0.0,$2.72,5.2,$-0.28,0.0,$-0.25,0.0,$0.00B,$0.00B,0.0,$0.00B,$0.00B,0.0,$0.49B,$0.16B,31.77%,$0.49B,$-0.05B,-9.98%,$0.49B,$-0.05B,-9.98%,$0.49B,$-0.03B,-6.92%,$0.49B,$-0.05B,-10.18%,$0.49B,$-0.05B,-10.18%,$-0.05B,$0.00B,-98.04%,$-0.05B,$0.00B,-98.04%,$-0.05B,$0.00B,-47.51%,$-0.05B,$0.00B,-96.08%,$115,$96,$20,$7,$51,$154,$-39,$-0,$-39,$0,$-39,$-39,$-39,$-36,$-39,$173,173,$-0.22,$-0.22,$0,$0,$0,$0,$0,$0,$0,$0,$0,$0,$0,$0,$0,$0,$0,$0,$0,$0,$0,$0,$-39,$2,$14,$16,$4,$0,$0,$-1,$10,$-13,$-4,$0,$0,$5,$0,$5,$0,$1,$0,$0,$0,$4,$4,$0,$0,$4,$-8,$7,$0
26,2013-01-31,11.52,$0.57,20.08,$2.66,4.33,$-0.25,0.0,$-0.09,0.0,$0.20B,$0.12B,1.71,$0.00B,$0.10B,0.0,$0.48B,$0.17B,35.43%,$0.48B,$-0.02B,-3.14%,$0.48B,$-0.02B,-3.14%,$0.48B,$-0.00B,-0.21%,$0.48B,$-0.02B,-3.35%,$0.48B,$-0.02B,-3.35%,$-0.02B,$0.10B,-21.48%,$-0.02B,$0.10B,-21.48%,$-0.02B,$0.22B,-10.58%,$-0.02B,$0.10B,-20.13%,$125,$86,$39,$5,$48,$140,$-14,$-0,$-15,$-0,$-15,$-15,$-15,$-9,$-14,$171,171,$-0.09,$-0.09,$89,$0,$0,$199,$18,$0,$0,$2,$20,$219,$116,$0,$4,$4,$120,$0,$-140,$-0,$99,$219,$0,$0,$0,$0,$0,$0,$0,$0,$0,$0,$0,$0,$0,$0,$0,$0,$0,$0,$0,$0,$0,$0,$0,$0,$0,$0,$0,$0,$0
27,2012-12-31,9.18,$0.00,0.0,$2.42,3.8,$-0.27,0.0,$-0.09,0.0,$0.00B,$0.00B,0.0,$0.00B,$0.00B,0.0,$0.43B,$0.15B,34.18%,$0.43B,$-0.02B,-4.85%,$0.43B,$-0.02B,-4.85%,$0.43B,$-0.02B,-3.70%,$0.43B,$-0.02B,-4.85%,$0.43B,$-0.02B,-4.85%,$-0.02B,$0.00B,-28.87%,$-0.02B,$0.00B,-28.87%,$-0.02B,$0.00B,-15.05%,$-0.02B,$0.00B,-28.87%,$131,$81,$51,$5,$45,$130,$2,$-0,$2,$0,$2,$2,$2,$3,$2,$170,190,$0.01,$0.01,$0,$0,$0,$0,$0,$0,$0,$0,$0,$0,$0,$0,$0,$0,$0,$0,$0,$0,$0,$0,$-24,$7,$34,$41,$-43,$0,$0,$-1,$-14,$2,$-12,$0,$0,$20,$0,$20,$0,$8,$0,$0,$0,$6,$6,$0,$0,$6,$16,$23,$0
28,2012-10-31,8.42,$0.62,13.66,$2.23,3.78,$-0.26,0.0,0,0.0,$0.18B,$0.09B,1.97,$0.00B,$0.11B,0.0,$0.38B,$0.12B,32.11%,$0.38B,$-0.03B,-8.09%,$0.38B,$-0.03B,-8.09%,$0.38B,$-0.03B,-6.79%,$0.38B,$-0.03B,-8.09%,$0.38B,$-0.03B,-8.09%,$-0.03B,$0.11B,-31.31%,$-0.03B,$0.11B,-31.31%,$-0.03B,$0.20B,-16.85%,$-0.03B,$0.11B,-31.31%,$120,$74,$46,$4,$39,$118,$2,$-0,$2,$0,$2,$2,$2,$8,$2,$169,190,$0.01,$0.01,$81,$0,$0,$183,$16,$0,$0,$3,$19,$202,$93,$0,$4,$4,$97,$0,$-125,$-0,$105,$202,$-24,$6,$26,$32,$-31,$0,$0,$-1,$-17,$-9,$-6,$0,$0,$23,$0,$23,$0,$17,$0,$0,$0,$5,$5,$0,$-0,$5,$14,$19,$0
29,2012-07-31,9.87,$0.56,17.65,$1.99,4.97,$-0.21,0.0,0,0.0,$0.17B,$0.09B,1.91,$0.00B,$0.09B,0.0,$0.34B,$0.11B,31.95%,$0.34B,$-0.03B,-9.47%,$0.34B,$-0.03B,-9.47%,$0.34B,$-0.03B,-8.88%,$0.34B,$-0.03B,-9.47%,$0.34B,$-0.03B,-9.47%,$-0.03B,$0.09B,-32.08%,$-0.03B,$0.09B,-32.08%,$-0.03B,$0.18B,-18.18%,$-0.03B,$0.09B,-32.08%,$101,$68,$33,$4,$34,$107,$-5,$-0,$-5,$0,$-5,$-5,$-5,$-3,$-5,$167,167,$-0.03,$-0.03,$82,$0,$0,$166,$16,$0,$0,$2,$18,$184,$87,$0,$3,$3,$90,$0,$-127,$-0,$94,$184,$-26,$4,$16,$20,$-14,$0,$0,$1,$-2,$-8,$-4,$0,$0,$13,$0,$13,$0,$10,$0,$0,$0,$4,$4,$0,$0,$4,$5,$12,$0
30,2012-04-30,8.6,$0.55,15.59,$2.20,3.92,$-0.16,0.0,0,0.0,$0.15B,$0.08B,2.01,$0.00B,$0.09B,0.0,$0.30B,$0.10B,33.88%,$0.30B,$-0.03B,-8.55%,$0.30B,$-0.03B,-8.55%,$0.30B,$-0.03B,-8.22%,$0.30B,$-0.03B,-9.54%,$0.30B,$-0.03B,-9.87%,$-0.03B,$0.09B,-29.34%,$-0.03B,$0.09B,-29.34%,$-0.03B,$0.17B,-17.52%,$-0.03B,$0.09B,-25.43%,$81,$63,$18,$4,$34,$101,$-20,$-0,$-20,$-0,$-20,$-20,$-20,$-24,$-20,$165,165,$-0.12,$-0.12,$81,$0,$0,$154,$15,$0,$0,$2,$17,$172,$77,$0,$3,$3,$80,$0,$-122,$-0,$92,$172,$-20,$2,$8,$10,$-4,$0,$0,$1,$-0,$-11,$-1,$0,$0,$10,$0,$10,$0,$9,$0,$0,$0,$2,$2,$0,$0,$2,$1,$6,$0
