,Date,Stock Price,Book Value per Share,Price to Book Ratio,TTM Sales per Share,Price to Sales Ratio,TTM FCF per Share,Price to FCF Ratio,TTM Net EPS,PE Ratio,Current Assets,Current Liabilities,Current Ratio,Long Term Debt,Shareholder's Equity_x,Debt to Equity Ratio,TTM Revenue_x,TTM Gross Profit,Gross Margin,TTM Revenue_y,TTM Operating Income,Operating Margin,TTM Revenue_x,TTM EBIT,EBIT Margin,TTM Revenue_y,TTM EBITDA,EBITDA Margin,TTM Revenue_x,TTM Pre-Tax Income,Pre-Tax Margin,TTM Revenue_y,TTM Net Income_x,Net Margin,TTM Net Income_y,Shareholder's Equity_y,Return on Equity,TTM Net Income_x,Tangible Equity,Return on Tangible Equity,TTM Net Income_y,Total Assets,Return on Assets,TTM Net Income,LT Investments & Debt,Return on Investment,revenue,cost-goods-sold,gross-profit,research-development-expenses,selling-general-administrative-expenses,operating-expenses,operating-income,total-non-operating-income-expense,pre-tax-income,total-provision-income-taxes,income-after-taxes,income-from-continuous-operations,net-income,ebitda,ebit,basic-shares-outstanding,shares-outstanding,eps-basic-net-earnings-per-share,eps-earnings-per-share-diluted,cash-on-hand,inventory,other-current-assets,total-current-assets,net-property-plant-equipment,long-term-investments,goodwill-intangible-assets-total,other-long-term-assets,total-long-term-assets,total-assets,total-current-liabilities,long-term-debt,other-non-current-liabilities,total-long-term-liabilities,total-liabilities,common-stock-net,retained-earnings-accumulated-deficit,comprehensive-income,total-share-holder-equity,total-liabilities-share-holders-equity,net-income-loss,total-depreciation-amortization-cash-flow,other-non-cash-items,total-non-cash-items,change-in-accounts-receivable,change-in-inventories,change-in-accounts-payable,change-in-assets-liabilities,total-change-in-assets-liabilities,cash-flow-from-operating-activities,net-change-in-property-plant-equipment,net-change-in-intangible-assets,net-acquisitions-divestitures,net-change-in-short-term-investments,net-change-in-long-term-investments,net-change-in-investments-total,investing-activities-other,cash-flow-from-investing-activities,net-long-term-debt,net-current-debt,debt-issuance-retirement-net-total,net-common-equity-issued-repurchased,net-total-equity-issued-repurchased,total-common-preferred-stock-dividends-paid,financial-activities-other,cash-flow-from-financial-activities,net-cash-flow,stock-based-compensation,common-stock-dividends-paid
0,2018-09-30,25.01,$15.63,1.6,$44.26,0.57,$6.78,3.69,$0.59,42.39,$4.13B,$4.66B,0.89,$9.14B,$9.06B,1.01,$32.88B,$2.05B,6.25%,$32.88B,$1.22B,3.72%,$32.88B,$1.22B,3.72%,$32.88B,$1.75B,5.34%,$32.88B,$1.34B,4.07%,$32.88B,$1.08B,3.30%,$1.08B,$11.35B,9.82%,$1.08B,$8.81B,12.76%,$1.08B,$25.93B,4.23%,$1.22B,$20.49B,6.08%,$8792,$8094,$698,$0,$74,$8299,$493,$207,$700,$-10,$710,$710,$658,$624,$493,$726,799,$0.91,$0.87,$29,$824,$320,$4127,$14677,$2539,$2540,$1865,$21800,$25927,$4656,$9140,$781,$9921,$14577,$9058,$0,$0,$11350,$25927,$1099,$306,$-105,$201,$0,$0,$0,$-23,$-23,$1294,$114,$0,$0,$0,$-290,$-290,$-8,$-184,$-342,$0,$-342,$0,$0,$-753,$-20,$-1115,$-8,$59,$-653
1,2018-06-30,23.35,$14.92,1.57,$41.36,0.56,$7.15,3.27,$0.58,40.27,$3.85B,$5.12B,0.75,$8.97B,$8.53B,1.05,$29.96B,$1.62B,5.40%,$29.96B,$0.77B,2.58%,$29.96B,$0.77B,2.58%,$29.96B,$1.33B,4.42%,$29.96B,$0.63B,2.09%,$29.96B,$0.42B,1.40%,$0.42B,$10.82B,3.88%,$0.42B,$8.29B,5.09%,$0.42B,$25.70B,1.64%,$0.77B,$19.79B,3.83%,$8080,$7863,$217,$0,$80,$7992,$88,$-4,$84,$-16,$100,$100,$50,$136,$88,$725,727,$0.07,$0.07,$34,$636,$358,$3852,$14257,$3116,$2535,$1770,$21847,$25699,$5122,$8966,$787,$9753,$14875,$8532,$0,$0,$10824,$25699,$388,$175,$96,$271,$0,$0,$0,$343,$343,$1015,$-298,$0,$0,$0,$-207,$-207,$-1,$-506,$-72,$0,$-72,$0,$0,$-497,$60,$-509,$-3,$36,$-435
2,2018-03-31,21.49,$15.22,1.41,$38.60,0.56,$7.95,2.7,$0.72,29.85,$3.96B,$4.60B,0.86,$9.05B,$8.74B,1.04,$27.95B,$1.86B,6.64%,$27.95B,$0.94B,3.37%,$27.95B,$0.94B,3.37%,$27.95B,$1.58B,5.63%,$27.95B,$0.74B,2.65%,$27.95B,$0.52B,1.85%,$0.52B,$11.04B,4.83%,$0.52B,$8.49B,6.36%,$0.52B,$25.42B,2.04%,$0.94B,$20.09B,4.63%,$8398,$7811,$587,$0,$79,$8017,$381,$-32,$349,$61,$288,$288,$237,$508,$381,$725,727,$0.33,$0.33,$23,$620,$296,$3962,$14114,$2882,$2543,$1763,$21461,$25423,$4601,$9050,$736,$9786,$14387,$8744,$0,$0,$11036,$25423,$288,$127,$110,$237,$0,$0,$0,$-4,$-4,$521,$-183,$0,$0,$0,$-40,$-40,$2,$-221,$-156,$0,$-156,$0,$0,$-218,$63,$-311,$-14,$17,$-218
3,2017-12-31,19.85,$15.11,1.31,$35.85,0.55,$8.41,2.36,$0.97,20.47,$4.00B,$4.53B,0.88,$9.18B,$8.67B,1.06,$26.22B,$2.06B,7.84%,$26.22B,$1.15B,4.40%,$26.22B,$1.15B,4.40%,$26.22B,$1.78B,6.78%,$26.22B,$0.90B,3.44%,$26.22B,$0.69B,2.61%,$0.69B,$10.96B,6.47%,$0.69B,$8.39B,8.57%,$0.69B,$25.35B,2.71%,$1.15B,$20.14B,5.63%,$7605,$7053,$552,$0,$66,$7344,$261,$-57,$204,$13,$191,$191,$139,$486,$261,$717,718,$0.17,$0.17,$37,$713,$221,$4000,$14089,$2756,$2566,$1776,$21351,$25351,$4531,$9183,$679,$9862,$14393,$8665,$0,$0,$10958,$25351,$858,$626,$74,$700,$-511,$605,$847,$0,$941,$2499,$59,$0,$-1280,$0,$-395,$-395,$46,$-1570,$-2040,$36,$-2004,$1664,$2452,$-1386,$-5,$-943,$-10,$41,$-1386
4,2017-09-30,20.08,$14.18,1.42,$38.03,0.53,$4.96,4.05,$0.92,21.82,$4.02B,$4.02B,1.0,$10.49B,$8.77B,1.2,$24.57B,$1.93B,7.86%,$24.57B,$1.11B,4.51%,$24.57B,$1.11B,4.51%,$24.57B,$1.65B,6.73%,$24.57B,$0.84B,3.40%,$24.57B,$0.64B,2.59%,$0.64B,$10.28B,6.34%,$0.64B,$7.68B,8.48%,$0.64B,$25.48B,2.55%,$1.11B,$20.77B,5.50%,$5873,$5610,$263,$0,$68,$5829,$44,$-55,$-11,$-45,$34,$34,$-8,$195,$44,$725,725,$-0.01,$-0.01,$33,$884,$811,$4015,$14269,$2671,$2598,$1795,$21468,$25483,$4016,$10489,$698,$11187,$15203,$8717,$0,$0,$10280,$25483,$667,$401,$90,$491,$0,$0,$0,$741,$741,$1918,$-371,$0,$-1282,$0,$-335,$-335,$25,$-1963,$-508,$0,$-508,$1664,$1664,$-1168,$41,$29,$-14,$33,$-1168
5,2017-06-30,24.38,$14.49,1.68,$42.79,0.57,$3.47,7.03,$1.33,18.33,$3.53B,$3.76B,0.94,$10.04B,$8.99B,1.12,$23.87B,$2.12B,8.89%,$23.87B,$1.41B,5.92%,$23.87B,$1.41B,5.92%,$23.87B,$1.84B,7.71%,$23.87B,$1.15B,4.80%,$23.87B,$0.81B,3.38%,$0.81B,$10.50B,8.28%,$0.81B,$7.91B,11.10%,$0.81B,$25.00B,3.29%,$1.41B,$20.54B,7.19%,$6078,$5624,$454,$0,$68,$5821,$257,$-58,$199,$10,$189,$189,$148,$386,$257,$725,727,$0.21,$0.21,$47,$936,$457,$3528,$14322,$2626,$2596,$1815,$21476,$25004,$3757,$10040,$706,$10746,$14503,$8937,$0,$0,$10501,$25004,$633,$250,$137,$387,$0,$0,$0,$436,$436,$1461,$-160,$0,$-1281,$0,$-229,$-229,$16,$-1654,$-825,$0,$-825,$1664,$1664,$-770,$123,$192,$0,$22,$-770
6,2017-03-31,28.8,$14.64,1.97,$46.86,0.61,$1.88,15.36,$0.92,31.3,$4.21B,$4.16B,1.01,$9.88B,$9.08B,1.09,$22.74B,$2.09B,9.19%,$22.74B,$1.30B,5.73%,$22.74B,$1.30B,5.73%,$22.74B,$1.80B,7.93%,$22.74B,$1.04B,4.59%,$22.74B,$0.58B,2.54%,$0.58B,$10.59B,6.17%,$0.58B,$7.99B,8.33%,$0.58B,$25.27B,2.40%,$1.30B,$20.47B,6.81%,$6667,$5881,$786,$0,$74,$6076,$591,$-81,$510,$66,$444,$444,$406,$712,$591,$691,758,$0.59,$0.58,$38,$1219,$735,$4210,$14060,$2469,$2596,$1803,$21059,$25269,$4156,$9879,$644,$10523,$14679,$9027,$0,$0,$10590,$25269,$444,$121,$74,$195,$0,$0,$0,$177,$177,$816,$-114,$0,$-1254,$0,$-123,$-123,$0,$-1491,$-752,$0,$-752,$1664,$1664,$-371,$125,$666,$-9,$12,$-371
7,2016-12-31,28.91,$13.17,2.19,$48.37,0.6,$2.22,13.0,$0.41,70.52,$4.27B,$4.66B,0.92,$10.12B,$7.31B,1.39,$20.18B,$1.77B,8.76%,$20.18B,$0.99B,4.93%,$20.18B,$0.99B,4.93%,$20.18B,$1.49B,7.37%,$20.18B,$0.76B,3.74%,$20.18B,$0.20B,0.99%,$0.20B,$8.82B,2.21%,$0.20B,$6.47B,2.99%,$0.20B,$24.21B,0.86%,$0.99B,$18.94B,5.33%,$5951,$5522,$429,$0,$69,$5734,$217,$-80,$137,$10,$127,$127,$91,$360,$217,$464,466,$0.16,$0.16,$47,$1343,$603,$4272,$13872,$2343,$2344,$1186,$19938,$24210,$4664,$10124,$606,$10730,$15394,$7251,$0,$0,$8816,$24210,$730,$494,$-12,$482,$-524,$-463,$508,$0,$-479,$733,$-680,$0,$-282,$0,$-301,$-301,$-10,$-1273,$-633,$447,$-186,$796,$2365,$-1062,$-561,$556,$20,$60,$-1062
8,2016-09-30,27.64,$22.23,1.24,$48.22,0.57,$0.30,91.25,$0.51,54.2,$3.77B,$4.08B,0.93,$9.63B,$7.57B,1.27,$19.23B,$1.86B,9.65%,$19.23B,$1.12B,5.83%,$19.23B,$1.12B,5.83%,$19.23B,$1.59B,8.24%,$19.23B,$0.90B,4.68%,$19.23B,$0.20B,1.06%,$0.20B,$9.07B,2.30%,$0.20B,$6.72B,3.15%,$0.20B,$23.51B,0.89%,$1.12B,$18.71B,6.06%,$5170,$4718,$452,$0,$70,$4821,$349,$-50,$299,$1,$298,$298,$162,$381,$349,$401,402,$0.40,$0.40,$31,$1258,$538,$3773,$13811,$2216,$2353,$1208,$19734,$23507,$4077,$9634,$722,$10356,$14433,$7240,$0,$0,$9074,$23507,$602,$351,$-10,$341,$0,$0,$0,$-308,$-308,$648,$-392,$0,$-282,$0,$-171,$-171,$-9,$-854,$-368,$0,$-368,$283,$1852,$-835,$-443,$206,$4,$40,$-835
9,2016-06-30,23.58,$22.55,1.05,$49.27,0.48,$-1.31,0.0,$0.35,67.38,$3.60B,$4.03B,0.89,$9.49B,$7.46B,1.27,$19.61B,$1.91B,9.72%,$19.61B,$1.11B,5.65%,$19.61B,$1.11B,5.65%,$19.61B,$1.65B,8.39%,$19.61B,$0.87B,4.43%,$19.61B,$0.14B,0.71%,$0.14B,$8.97B,1.61%,$0.14B,$6.57B,2.24%,$0.14B,$23.16B,0.62%,$1.11B,$18.46B,6.03%,$4950,$4527,$423,$0,$73,$4804,$146,$-49,$97,$-5,$102,$102,$-81,$351,$146,$398,398,$-0.20,$-0.20,$34,$1085,$469,$3603,$13598,$2161,$2396,$1221,$19560,$23163,$4029,$9486,$678,$10164,$14193,$7085,$0,$0,$8970,$23163,$304,$319,$-11,$308,$0,$0,$0,$-231,$-231,$387,$-308,$0,$-85,$0,$-120,$-120,$-9,$-522,$-592,$0,$-592,$0,$1569,$-557,$-282,$138,$7,$26,$-557
10,2016-03-31,17.47,$23.56,0.74,$53.62,0.33,$-2.44,0.0,$0.49,35.65,$2.78B,$3.06B,0.91,$9.15B,$7.86B,1.16,$21.32B,$1.88B,8.82%,$21.32B,$1.17B,5.50%,$21.32B,$1.17B,5.50%,$21.32B,$1.61B,7.57%,$21.32B,$0.93B,4.35%,$21.32B,$0.20B,0.92%,$0.20B,$9.37B,2.30%,$0.20B,$6.97B,3.21%,$0.20B,$22.30B,0.88%,$1.17B,$18.52B,6.43%,$4111,$3648,$463,$0,$67,$3829,$282,$-60,$222,$19,$203,$203,$28,$396,$282,$398,399,$0.07,$0.07,$36,$877,$318,$2780,$13670,$2097,$2405,$1233,$19517,$22297,$3063,$9153,$710,$9863,$12926,$7474,$0,$0,$9371,$22297,$203,$114,$0,$114,$0,$0,$0,$318,$318,$635,$-126,$0,$-85,$0,$-75,$-75,$-1,$-287,$-1511,$0,$-1511,$0,$1570,$-278,$-124,$-343,$9,$4,$-278
11,2015-12-31,18.56,$19.96,0.93,$58.75,0.32,$-2.96,0.0,$0.77,24.1,$2.97B,$3.41B,0.87,$10.38B,$7.94B,1.31,$23.15B,$1.97B,8.52%,$23.15B,$1.26B,5.45%,$23.15B,$1.26B,5.45%,$23.15B,$1.69B,7.32%,$23.15B,$1.01B,4.35%,$23.15B,$0.31B,1.32%,$0.31B,$7.94B,3.62%,$0.31B,$5.53B,5.08%,$0.31B,$22.29B,1.37%,$1.26B,$18.31B,7.02%,$4996,$4478,$518,$0,$61,$4652,$344,$-62,$282,$34,$248,$248,$94,$457,$344,$394,396,$0.23,$0.24,$27,$916,$241,$2969,$13474,$2027,$2405,$1284,$19319,$22288,$3407,$10375,$567,$10942,$14349,$7580,$0,$0,$7939,$22288,$906,$432,$122,$554,$803,$-90,$-815,$0,$-102,$1358,$-2074,$0,$-105,$0,$-253,$-253,$-98,$-2530,$1080,$300,$1380,$1099,$1099,$-1081,$-598,$800,$-376,$27,$-1081
12,2015-09-30,23.86,$20.66,1.15,$71.76,0.33,$-0.88,0.0,$1.20,19.88,$2.96B,$3.48B,0.85,$9.97B,$8.22B,1.21,$27.61B,$2.15B,7.79%,$27.61B,$1.46B,5.27%,$27.61B,$1.46B,5.27%,$27.61B,$1.87B,6.75%,$27.61B,$1.19B,4.32%,$27.61B,$0.46B,1.68%,$0.46B,$8.22B,5.47%,$0.46B,$5.80B,7.67%,$0.46B,$22.22B,2.08%,$1.46B,$18.19B,8.25%,$5551,$5049,$502,$0,$60,$5216,$335,$-68,$267,$17,$250,$250,$98,$442,$335,$398,399,$0.25,$0.24,$22,$837,$255,$2958,$13350,$1954,$2417,$1372,$19259,$22217,$3478,$9970,$553,$10523,$14001,$7799,$0,$0,$8216,$22217,$659,$319,$3,$322,$0,$0,$0,$246,$246,$1222,$-1613,$0,$-104,$0,$-213,$-213,$-139,$-2069,$600,$0,$600,$1099,$1099,$-802,$-428,$469,$-381,$27,$-802
13,2015-06-30,33.66,$21.89,1.54,$87.84,0.38,$-0.29,0.0,$1.48,22.75,$3.94B,$4.47B,0.88,$9.14B,$8.71B,1.05,$33.19B,$2.23B,6.71%,$33.19B,$1.52B,4.59%,$33.19B,$1.52B,4.59%,$33.19B,$1.92B,5.80%,$33.19B,$1.27B,3.83%,$33.19B,$0.56B,1.69%,$0.56B,$8.71B,6.62%,$0.56B,$6.26B,9.32%,$0.56B,$22.88B,2.53%,$1.52B,$17.84B,8.95%,$6663,$6265,$398,$0,$79,$6452,$211,$-54,$157,$33,$124,$124,$-23,$319,$211,$397,397,$-0.06,$-0.06,$28,$941,$287,$3944,$13028,$1841,$2442,$1470,$18940,$22884,$4474,$9137,$568,$9705,$14179,$8280,$0,$0,$8705,$22884,$408,$212,$35,$247,$0,$0,$0,$11,$11,$660,$-1029,$0,$-64,$0,$-119,$-119,$-131,$-1343,$2,$0,$2,$1099,$1099,$-526,$-266,$309,$-375,$36,$-526
14,2015-03-31,37.17,$22.24,1.67,$101.56,0.37,$0.77,48.14,$1.99,18.68,$3.45B,$3.53B,0.98,$8.76B,$8.84B,0.99,$37.72B,$2.38B,6.32%,$37.72B,$1.68B,4.45%,$37.72B,$1.68B,4.45%,$37.72B,$2.07B,5.49%,$37.72B,$1.42B,3.77%,$37.72B,$0.75B,1.98%,$0.75B,$8.84B,8.99%,$0.75B,$6.40B,12.79%,$0.75B,$21.72B,3.43%,$1.68B,$17.60B,10.21%,$5942,$5388,$554,$0,$78,$5570,$372,$-72,$300,$16,$284,$284,$136,$476,$372,$383,385,$0.36,$0.35,$458,$929,$249,$3453,$12484,$1784,$2435,$1419,$18271,$21724,$3531,$8763,$594,$9357,$12888,$8413,$0,$0,$8836,$21724,$284,$104,$7,$111,$0,$0,$0,$343,$343,$732,$-440,$0,$-64,$0,$-65,$-65,$-97,$-666,$-734,$0,$-734,$1099,$1099,$-254,$-117,$-6,$55,$19,$-254
15,2014-12-31,38.59,$21.84,1.77,$118.31,0.33,$0.99,38.81,$2.38,16.22,$4.18B,$4.76B,0.88,$8.70B,$8.19B,1.06,$43.46B,$2.51B,5.77%,$43.46B,$1.80B,4.14%,$43.46B,$1.80B,4.14%,$43.46B,$2.18B,5.02%,$43.46B,$1.56B,3.58%,$43.46B,$0.88B,2.02%,$0.88B,$8.19B,10.90%,$0.88B,$5.73B,15.76%,$0.88B,$22.20B,4.07%,$1.80B,$16.90B,11.46%,$9458,$8762,$696,$0,$68,$8921,$537,$-67,$470,$81,$389,$389,$253,$628,$537,$367,369,$0.68,$0.68,$403,$891,$270,$4179,$12272,$1735,$2465,$1361,$18019,$22198,$4755,$8704,$548,$9252,$14007,$7793,$0,$0,$8191,$22198,$1386,$384,$501,$885,$1177,$-129,$-1315,$0,$-267,$2004,$-1904,$0,$-1098,$0,$-158,$-158,$-136,$-3296,$2229,$0,$2229,$848,$848,$-934,$-486,$1657,$362,$98,$-934
16,2014-09-30,43.74,$21.89,2.0,$123.68,0.35,$2.30,19.01,$2.30,19.02,$5.16B,$5.57B,0.93,$7.61B,$8.13B,0.94,$44.64B,$2.40B,5.37%,$44.64B,$1.67B,3.73%,$44.64B,$1.67B,3.73%,$44.64B,$2.06B,4.61%,$44.64B,$1.42B,3.19%,$44.64B,$0.83B,1.85%,$0.83B,$8.13B,10.41%,$0.83B,$5.65B,15.19%,$0.83B,$21.84B,3.91%,$1.67B,$15.74B,11.05%,$11127,$10548,$579,$0,$78,$10723,$404,$-60,$344,$20,$324,$324,$194,$501,$404,$370,371,$0.52,$0.52,$34,$1314,$290,$5160,$11965,$582,$2481,$1379,$16677,$21837,$5568,$7613,$526,$8139,$13707,$7740,$0,$0,$8130,$21837,$996,$293,$151,$444,$0,$0,$0,$-172,$-172,$1278,$-1422,$0,$-10,$0,$-98,$-98,$-134,$-1664,$764,$0,$764,$655,$655,$-688,$-351,$380,$-7,$90,$-688
17,2014-06-30,44.14,$22.05,2.0,$124.71,0.35,$3.96,11.14,$2.16,20.44,$5.17B,$5.42B,0.95,$7.41B,$8.11B,0.91,$44.21B,$2.29B,5.17%,$44.21B,$1.56B,3.52%,$44.21B,$1.56B,3.52%,$44.21B,$1.95B,4.40%,$44.21B,$1.33B,3.00%,$44.21B,$0.77B,1.73%,$0.77B,$8.11B,9.78%,$0.77B,$5.61B,14.38%,$0.77B,$21.50B,3.69%,$1.56B,$15.53B,10.52%,$11195,$10640,$555,$0,$90,$10830,$365,$-55,$310,$22,$288,$288,$165,$465,$365,$365,367,$0.45,$0.45,$27,$1096,$315,$5168,$11613,$545,$2502,$1380,$16327,$21495,$5423,$7414,$546,$7960,$13383,$7731,$0,$0,$8112,$21495,$672,$196,$117,$313,$0,$0,$0,$-27,$-27,$963,$-915,$0,$-2,$0,$-67,$-67,$-117,$-1101,$354,$0,$354,$444,$444,$-450,$-224,$124,$-14,$68,$-450
18,2014-03-31,40.07,$21.50,1.86,$124.31,0.32,$5.45,7.35,$2.28,17.57,$4.93B,$5.55B,0.89,$6.82B,$7.78B,0.88,$43.31B,$2.30B,5.30%,$43.31B,$1.58B,3.64%,$43.31B,$1.58B,3.64%,$43.31B,$1.96B,4.51%,$43.31B,$1.33B,3.08%,$43.31B,$0.80B,1.84%,$0.80B,$7.78B,10.34%,$0.80B,$5.30B,15.32%,$0.80B,$20.70B,3.94%,$1.58B,$14.60B,10.93%,$11684,$11006,$678,$0,$89,$11191,$493,$-60,$433,$48,$385,$385,$266,$589,$493,$360,363,$0.74,$0.73,$30,$914,$285,$4932,$11152,$506,$2485,$1363,$15770,$20702,$5554,$6818,$547,$7365,$12919,$7419,$0,$0,$7783,$20702,$385,$96,$93,$189,$0,$0,$0,$254,$254,$822,$-466,$0,$0,$0,$-26,$-26,$-32,$-524,$-128,$0,$-128,$148,$148,$-221,$-106,$-307,$-11,$34,$-221
19,2013-12-31,37.17,$21.45,1.73,$123.45,0.3,$6.30,5.9,$2.81,13.23,$4.96B,$5.41B,0.92,$6.72B,$7.70B,0.87,$42.25B,$2.46B,5.83%,$42.25B,$1.74B,4.11%,$42.25B,$1.74B,4.11%,$42.25B,$2.10B,4.98%,$42.25B,$1.49B,3.53%,$42.25B,$0.96B,2.27%,$0.96B,$7.70B,12.59%,$0.96B,$5.20B,18.77%,$0.96B,$20.36B,4.83%,$1.74B,$14.42B,12.22%,$10631,$10045,$586,$0,$83,$10227,$404,$-67,$337,$19,$318,$318,$201,$504,$404,$341,343,$0.58,$0.58,$41,$1065,$220,$4964,$10819,$485,$2503,$1338,$15396,$20360,$5411,$6715,$531,$7246,$12657,$7349,$0,$0,$7703,$20360,$1391,$365,$124,$489,$-186,$134,$126,$0,$74,$1954,$-1413,$0,$-28,$0,$-133,$-133,$-79,$-1653,$425,$0,$425,$465,$465,$-791,$-380,$-281,$17,$116,$-791
20,2013-09-30,37.37,$22.41,1.67,$121.23,0.31,$4.90,7.63,$2.91,12.84,$5.15B,$5.01B,1.03,$7.02B,$7.68B,0.91,$41.06B,$2.48B,6.05%,$41.06B,$1.74B,4.23%,$41.06B,$1.74B,4.23%,$41.06B,$2.13B,5.18%,$41.06B,$1.50B,3.64%,$41.06B,$0.99B,2.42%,$0.99B,$7.68B,13.25%,$0.99B,$5.17B,19.97%,$0.99B,$20.27B,5.06%,$1.74B,$14.70B,12.42%,$10703,$10235,$468,$0,$79,$10407,$296,$-50,$246,$9,$237,$237,$133,$388,$296,$343,345,$0.38,$0.38,$33,$1198,$352,$5145,$10607,$474,$2519,$1304,$15122,$20267,$5011,$7018,$554,$7572,$12583,$6873,$0,$0,$7684,$20267,$1074,$265,$103,$368,$0,$0,$0,$152,$152,$1594,$-1155,$0,$-28,$0,$-124,$-124,$-33,$-1340,$235,$0,$235,$432,$432,$-585,$-324,$-242,$9,$96,$-585
21,2013-06-30,39.17,$22.33,1.75,$118.47,0.33,$3.77,10.39,$2.80,13.99,$4.84B,$4.92B,0.98,$6.31B,$7.63B,0.83,$39.71B,$2.55B,6.43%,$39.71B,$1.69B,4.25%,$39.71B,$1.69B,4.25%,$39.71B,$2.20B,5.53%,$39.71B,$1.44B,3.61%,$39.71B,$0.95B,2.38%,$0.95B,$7.63B,12.98%,$0.95B,$5.13B,19.41%,$0.95B,$19.42B,4.97%,$1.69B,$13.94B,12.51%,$10295,$9730,$565,$0,$91,$9912,$383,$-65,$318,$18,$300,$300,$196,$474,$383,$340,342,$0.58,$0.57,$16,$892,$430,$4841,$10181,$442,$2503,$1250,$14583,$19424,$4924,$6313,$558,$6871,$11795,$6828,$0,$0,$7629,$19424,$837,$173,$86,$259,$0,$0,$0,$241,$241,$1337,$-782,$0,$-31,$0,$-112,$-112,$-7,$-932,$-186,$0,$-186,$361,$361,$-384,$-201,$-410,$-8,$78,$-384
22,2013-03-31,39.24,$22.17,1.77,$118.38,0.33,$1.60,24.45,$3.16,12.42,$5.14B,$5.02B,1.02,$6.33B,$7.49B,0.85,$39.20B,$2.63B,6.70%,$39.20B,$1.77B,4.51%,$39.20B,$1.77B,4.51%,$39.20B,$2.27B,5.79%,$39.20B,$1.51B,3.86%,$39.20B,$1.05B,2.68%,$1.05B,$7.49B,14.92%,$1.05B,$4.97B,22.24%,$1.05B,$19.44B,5.64%,$1.77B,$13.82B,13.47%,$10620,$9777,$843,$0,$106,$9965,$655,$-66,$589,$53,$536,$536,$430,$737,$655,$336,339,$1.28,$1.27,$24,$1031,$384,$5140,$9883,$392,$2520,$1261,$14300,$19440,$5022,$6331,$598,$6929,$11951,$6724,$0,$0,$7489,$19440,$536,$82,$58,$140,$0,$0,$0,$304,$304,$979,$-361,$0,$-31,$0,$-48,$-48,$-4,$-444,$-380,$0,$-380,$131,$131,$-189,$-97,$-535,$0,$51,$-189
23,2012-12-31,31.1,$21.31,1.46,$116.23,0.27,$-0.05,0.0,$2.40,12.96,$5.15B,$5.18B,0.99,$6.32B,$7.15B,0.88,$37.80B,$2.25B,5.95%,$37.80B,$1.43B,3.77%,$37.80B,$1.43B,3.77%,$37.80B,$1.91B,5.05%,$37.80B,$1.18B,3.12%,$37.80B,$0.78B,2.07%,$0.78B,$7.15B,11.52%,$0.78B,$4.61B,16.87%,$0.78B,$19.24B,4.34%,$1.43B,$13.47B,11.19%,$9439,$8832,$607,$0,$78,$9036,$403,$-61,$342,$11,$331,$331,$233,$529,$403,$325,328,$0.69,$0.69,$24,$1209,$351,$5147,$9643,$343,$2535,$1293,$14088,$19235,$5183,$6320,$586,$6906,$12089,$6388,$0,$0,$7146,$19235,$1127,$482,$103,$585,$218,$-180,$-504,$0,$-466,$1240,$-1182,$0,$-2156,$0,$-76,$-76,$22,$-3392,$2207,$0,$2207,$959,$959,$-684,$-331,$2151,$-2,$101,$-684
24,2012-09-30,29.96,$20.88,1.43,$117.16,0.26,$5.60,5.35,$2.40,12.51,$4.81B,$4.89B,0.99,$5.81B,$6.93B,0.84,$37.24B,$2.15B,5.78%,$37.24B,$1.38B,3.71%,$37.24B,$1.38B,3.71%,$37.24B,$1.79B,4.82%,$37.24B,$1.14B,3.07%,$37.24B,$0.65B,1.75%,$0.65B,$6.93B,10.02%,$0.65B,$4.81B,14.44%,$0.65B,$18.19B,3.82%,$1.38B,$12.74B,11.51%,$9354,$8816,$538,$0,$81,$9107,$247,$-61,$186,$13,$173,$173,$88,$457,$247,$329,331,$0.27,$0.27,$32,$1320,$142,$4813,$9348,$289,$2119,$1331,$13374,$18187,$4886,$5811,$565,$6376,$11262,$6183,$0,$0,$6925,$18187,$797,$356,$183,$539,$0,$0,$0,$-453,$-453,$880,$-831,$0,$-1537,$0,$-24,$-24,$16,$-2376,$1446,$0,$1446,$812,$812,$-502,$-255,$1501,$6,$82,$-502
25,2012-06-30,27.11,$20.44,1.33,$118.36,0.23,$9.83,2.76,$2.86,9.48,$4.68B,$4.81B,0.97,$5.79B,$6.65B,0.87,$36.73B,$2.09B,5.70%,$36.73B,$1.49B,4.06%,$36.73B,$1.49B,4.06%,$36.73B,$1.76B,4.79%,$36.73B,$1.25B,3.41%,$36.73B,$0.79B,2.14%,$0.79B,$6.65B,12.77%,$0.79B,$4.53B,18.38%,$0.79B,$17.81B,4.86%,$1.49B,$12.44B,13.18%,$9786,$9149,$637,$0,$89,$9324,$462,$-66,$396,$10,$386,$386,$301,$548,$462,$323,326,$0.93,$0.93,$12,$1172,$318,$4676,$9244,$193,$2112,$1290,$13130,$17806,$4814,$5793,$554,$6347,$11161,$5909,$0,$0,$6645,$17806,$624,$146,$161,$307,$0,$0,$0,$-580,$-580,$348,$-525,$0,$-1534,$0,$0,$0,$21,$-2038,$1592,$48,$1640,$535,$535,$-328,$-169,$1678,$-14,$60,$-328
26,2012-03-31,25.99,$20.19,1.29,$117.87,0.22,$12.66,2.05,$2.50,10.42,$4.17B,$4.44B,0.94,$5.79B,$6.51B,0.89,$35.80B,$1.89B,5.28%,$35.80B,$1.33B,3.70%,$35.80B,$1.33B,3.70%,$35.80B,$1.57B,4.39%,$35.80B,$1.10B,3.07%,$35.80B,$0.71B,1.98%,$0.71B,$6.51B,12.01%,$0.71B,$4.63B,17.14%,$0.71B,$17.08B,4.59%,$1.33B,$12.31B,12.20%,$9218,$8751,$467,$0,$94,$8905,$313,$-56,$257,$20,$237,$237,$162,$373,$313,$314,316,$0.52,$0.51,$14,$1079,$171,$4166,$7975,$192,$1879,$2723,$12915,$17081,$4442,$5794,$332,$6126,$10568,$5779,$0,$0,$6513,$17081,$237,$60,$4,$64,$0,$0,$0,$20,$20,$317,$-263,$0,$-21,$0,$0,$0,$-1606,$-1890,$1351,$0,$1351,$455,$455,$-159,$-87,$1560,$-12,$39,$-159
27,2011-12-31,24.01,$19.22,1.25,$115.42,0.21,$14.34,1.67,$2.44,9.86,$4.35B,$4.51B,0.97,$4.52B,$5.97B,0.76,$34.28B,$1.84B,5.37%,$34.28B,$1.30B,3.79%,$34.28B,$1.30B,3.79%,$34.28B,$1.55B,4.51%,$34.28B,$1.04B,3.03%,$34.28B,$0.73B,2.13%,$0.73B,$5.97B,12.94%,$0.73B,$4.12B,18.65%,$0.73B,$15.38B,4.91%,$1.30B,$10.49B,12.50%,$8885,$8374,$511,$0,$95,$8527,$358,$-53,$305,$17,$288,$288,$102,$416,$358,$297,299,$0.70,$0.69,$26,$978,$157,$4351,$7740,$191,$1854,$1110,$11030,$15381,$4511,$4520,$376,$4896,$9407,$5249,$0,$0,$5974,$15381,$994,$249,$105,$354,$83,$518,$401,$0,$1002,$2365,$-623,$0,$-1390,$0,$0,$0,$-7,$-2020,$-759,$0,$-759,$1259,$1259,$-575,$-270,$-345,$-10,$110,$-575
28,2011-09-30,18.97,$18.36,1.03,$111.99,0.17,$7.83,2.42,$2.09,9.1,$4.19B,$4.13B,1.02,$4.50B,$5.49B,0.82,$32.62B,$1.69B,5.19%,$32.62B,$1.15B,3.54%,$32.62B,$1.15B,3.54%,$32.62B,$1.41B,4.32%,$32.62B,$0.88B,2.71%,$32.62B,$0.60B,1.82%,$0.60B,$5.49B,11.25%,$0.60B,$3.82B,16.15%,$0.60B,$14.44B,4.12%,$1.15B,$9.99B,11.47%,$8837,$8359,$478,$0,$56,$8480,$357,$-63,$294,$6,$288,$288,$221,$422,$357,$299,300,$0.74,$0.74,$14,$1086,$102,$4190,$7271,$194,$1663,$989,$10253,$14443,$4126,$4500,$332,$4832,$8958,$4830,$0,$0,$5485,$14443,$706,$191,$64,$255,$0,$0,$0,$785,$785,$1752,$-439,$0,$-758,$0,$0,$0,$12,$-1185,$-838,$0,$-838,$503,$503,$-427,$180,$-582,$-22,$56,$-427
29,2011-06-30,20.28,$19.02,1.07,$105.94,0.19,$3.96,5.12,$1.49,13.61,$4.63B,$3.98B,1.16,$5.00B,$5.68B,0.88,$30.20B,$1.48B,4.91%,$30.20B,$0.95B,3.14%,$30.20B,$0.95B,3.14%,$30.20B,$1.20B,3.97%,$30.20B,$0.67B,2.22%,$30.20B,$0.46B,1.51%,$0.46B,$5.68B,9.09%,$0.46B,$3.99B,13.04%,$0.46B,$14.91B,3.24%,$0.95B,$10.68B,9.66%,$8859,$8425,$434,$0,$73,$8561,$298,$-56,$242,$9,$233,$233,$225,$361,$298,$298,300,$0.57,$0.57,$23,$1452,$111,$4633,$7276,$195,$1692,$981,$10280,$14913,$3983,$4995,$252,$5247,$9230,$5022,$0,$0,$5683,$14913,$418,$126,$40,$166,$0,$0,$0,$380,$380,$972,$-286,$0,$-751,$0,$0,$0,$10,$-1027,$-429,$0,$-429,$503,$503,$-280,$249,$43,$-13,$46,$-280
30,2011-03-31,19.89,$18.16,1.1,$98.77,0.2,$1.92,10.35,$1.25,15.92,$4.61B,$4.05B,1.14,$4.98B,$5.42B,0.92,$27.46B,$1.36B,4.96%,$27.46B,$0.84B,3.06%,$27.46B,$0.84B,3.06%,$27.46B,$1.09B,3.98%,$27.46B,$0.56B,2.04%,$27.46B,$0.36B,1.31%,$0.36B,$5.42B,7.70%,$0.36B,$3.73B,11.02%,$0.36B,$14.75B,2.70%,$0.84B,$10.39B,9.02%,$7694,$7276,$418,$0,$70,$7409,$285,$-87,$198,$13,$185,$185,$182,$348,$285,$286,288,$0.45,$0.45,$21,$1386,$73,$4607,$7137,$196,$1693,$978,$10138,$14745,$4051,$4976,$300,$5276,$9327,$4761,$0,$0,$5418,$14745,$185,$63,$19,$82,$0,$0,$0,$384,$384,$654,$-121,$0,$-756,$0,$0,$0,$35,$-842,$-509,$0,$-509,$503,$503,$-135,$312,$171,$-17,$20,$-135
31,2010-12-31,19.31,$16.19,1.19,$94.40,0.2,$1.12,17.26,$1.20,16.09,$4.38B,$4.22B,1.04,$4.63B,$4.57B,1.01,$25.89B,$1.28B,4.96%,$25.89B,$0.77B,2.96%,$25.89B,$0.77B,2.96%,$25.89B,$1.02B,3.95%,$25.89B,$0.51B,1.98%,$25.89B,$0.33B,1.27%,$0.33B,$4.57B,7.53%,$0.33B,$3.20B,10.74%,$0.33B,$13.70B,2.59%,$0.77B,$9.20B,8.70%,$7230,$6866,$364,$0,$86,$7016,$214,$-65,$149,$3,$146,$146,$-33,$278,$214,$274,275,$0.35,$0.34,$56,$1491,$88,$4381,$6691,$200,$1376,$901,$9322,$13703,$4215,$4631,$284,$4915,$9130,$4189,$0,$0,$4573,$13703,$514,$256,$80,$336,$-59,$-336,$-210,$0,$-605,$259,$-448,$0,$-407,$0,$0,$0,$4,$-851,$734,$0,$734,$296,$296,$-512,$86,$604,$11,$98,$-512
32,2010-09-30,19.06,$15.92,1.2,$91.32,0.21,$1.47,13.0,$1.13,16.95,$3.77B,$3.57B,1.06,$4.59B,$4.34B,1.06,$24.74B,$1.22B,4.91%,$24.74B,$0.73B,2.94%,$24.74B,$0.73B,2.94%,$24.74B,$0.98B,3.97%,$24.74B,$0.48B,1.94%,$24.74B,$0.47B,1.91%,$0.47B,$4.34B,11.05%,$0.47B,$3.05B,15.82%,$0.47B,$12.74B,3.82%,$0.73B,$8.94B,8.46%,$6414,$6147,$267,$0,$56,$6264,$150,$-70,$80,$-4,$84,$84,$81,$211,$150,$272,274,$0.14,$0.14,$13,$1556,$58,$3771,$6532,$204,$1294,$816,$8966,$12737,$3567,$4593,$234,$4827,$8394,$4014,$0,$0,$4343,$12737,$368,$192,$32,$224,$0,$0,$0,$-135,$-135,$463,$-323,$0,$-197,$0,$0,$0,$25,$-495,$266,$0,$266,$0,$0,$-382,$137,$21,$-12,$50,$-382
33,2010-06-30,17.52,$16.21,1.08,$86.44,0.2,$0.93,18.85,$1.31,13.37,$3.50B,$3.38B,1.04,$4.35B,$4.42B,0.99,$23.19B,$1.23B,5.28%,$23.19B,$0.74B,3.20%,$23.19B,$0.74B,3.20%,$23.19B,$1.00B,4.30%,$23.19B,$0.52B,2.26%,$23.19B,$0.51B,2.22%,$0.51B,$4.42B,12.09%,$0.51B,$3.13B,17.32%,$0.51B,$12.37B,4.25%,$0.74B,$8.77B,8.80%,$6124,$5812,$312,$0,$56,$5932,$192,$-59,$133,$0,$133,$133,$131,$256,$192,$272,274,$0.33,$0.33,$15,$1483,$63,$3498,$6410,$0,$1285,$1057,$8870,$12368,$3377,$4350,$226,$4576,$7953,$4086,$0,$0,$4415,$12368,$284,$131,$16,$147,$0,$0,$0,$-156,$-156,$283,$-215,$0,$-184,$0,$0,$0,$21,$-378,$155,$0,$155,$0,$0,$-253,$184,$86,$-10,$33,$-253
34,2010-03-31,16.71,$15.46,1.08,$80.56,0.21,$0.91,18.41,$1.38,12.15,$3.34B,$3.50B,0.96,$4.14B,$4.21B,0.99,$21.34B,$1.21B,5.65%,$21.34B,$0.73B,3.44%,$21.34B,$0.73B,3.44%,$21.34B,$0.98B,4.59%,$21.34B,$0.53B,2.46%,$21.34B,$0.52B,2.43%,$0.52B,$4.21B,12.74%,$0.52B,$2.91B,18.50%,$0.52B,$12.10B,4.46%,$0.73B,$8.35B,9.14%,$6125,$5785,$340,$0,$62,$5914,$211,$-60,$151,$0,$151,$151,$151,$278,$211,$272,274,$0.40,$0.40,$16,$1244,$32,$3341,$6412,$0,$1297,$929,$8761,$12102,$3496,$4144,$253,$4397,$7893,$4051,$0,$0,$4209,$12102,$151,$67,$17,$84,$0,$0,$0,$157,$157,$391,$-104,$0,$0,$0,$0,$0,$-4,$-108,$-127,$0,$-127,$0,$0,$-126,$-39,$-292,$-9,$19,$-126
35,2009-12-31,15.26,$15.28,1.0,$71.42,0.21,$1.31,11.66,$1.69,9.05,$3.66B,$3.78B,0.97,$4.14B,$4.16B,1.0,$18.52B,$1.23B,6.62%,$18.52B,$0.78B,4.21%,$18.52B,$0.78B,4.21%,$18.52B,$1.02B,5.48%,$18.52B,$0.59B,3.16%,$18.52B,$0.58B,3.13%,$0.58B,$4.16B,14.63%,$0.58B,$2.87B,21.35%,$0.58B,$12.36B,5.29%,$0.78B,$8.30B,10.14%,$6079,$5783,$296,$0,$59,$5905,$174,$-58,$116,$7,$109,$109,$110,$237,$174,$260,262,$0.24,$0.24,$25,$1157,$223,$3658,$6340,$82,$1287,$870,$8700,$12358,$3782,$4142,$275,$4417,$8199,$4002,$0,$0,$4159,$12358,$580,$236,$29,$265,$-744,$-319,$602,$0,$-461,$365,$-454,$0,$-219,$0,$-4,$-4,$-9,$-686,$471,$0,$471,$458,$458,$-468,$-123,$338,$14,$68,$-468
36,2009-09-30,13.11,$15.52,0.84,$68.65,0.19,$2.97,4.42,$1.71,7.69,$3.02B,$2.86B,1.06,$4.14B,$4.23B,0.98,$17.39B,$1.17B,6.70%,$17.39B,$0.75B,4.30%,$17.39B,$0.75B,4.30%,$17.39B,$0.98B,5.65%,$17.39B,$0.57B,3.28%,$17.39B,$0.57B,3.26%,$0.57B,$4.23B,14.90%,$0.57B,$2.96B,21.98%,$0.57B,$11.49B,5.47%,$0.75B,$8.37B,10.23%,$4857,$4580,$277,$0,$52,$4691,$166,$-42,$124,$2,$122,$122,$122,$225,$166,$260,262,$0.33,$0.33,$16,$1174,$193,$3024,$6197,$68,$1270,$805,$8469,$11493,$2859,$4142,$265,$4407,$7266,$4066,$0,$0,$4227,$11493,$470,$173,$43,$216,$0,$0,$0,$-300,$-300,$347,$-354,$0,$-117,$0,$-4,$-4,$38,$-437,$91,$0,$91,$458,$458,$-344,$-107,$98,$5,$47,$-344
37,2009-06-30,11.83,$14.37,0.82,$85.84,0.14,$2.30,5.14,$1.95,6.07,$2.92B,$3.21B,0.91,$3.40B,$3.71B,0.92,$21.39B,$1.22B,5.70%,$21.39B,$0.83B,3.86%,$21.39B,$0.83B,3.86%,$21.39B,$1.05B,4.91%,$21.39B,$0.66B,3.06%,$21.39B,$0.65B,3.04%,$0.65B,$3.71B,17.78%,$0.65B,$2.48B,26.65%,$0.65B,$10.56B,6.22%,$0.83B,$7.10B,11.89%,$4282,$3989,$293,$0,$54,$4099,$183,$-49,$134,$-2,$136,$136,$136,$239,$183,$258,260,$0.40,$0.39,$7,$995,$246,$2922,$5255,$256,$1226,$773,$7637,$10559,$3208,$3398,$247,$3645,$6853,$3558,$0,$0,$3706,$10559,$347,$114,$30,$144,$0,$0,$0,$-203,$-203,$287,$-228,$0,$-56,$0,$-5,$-5,$36,$-253,$48,$0,$48,$210,$210,$-227,$-69,$-38,$-4,$30,$-227
38,2009-03-31,10.0,$14.53,0.69,$106.81,0.09,$3.28,3.05,$1.73,5.78,$2.01B,$2.21B,0.91,$3.22B,$3.74B,0.86,$26.17B,$1.11B,4.24%,$26.17B,$0.72B,2.76%,$26.17B,$0.72B,2.76%,$26.17B,$0.94B,3.61%,$26.17B,$0.57B,2.17%,$26.17B,$0.56B,2.12%,$0.56B,$3.74B,15.31%,$0.56B,$2.54B,23.13%,$0.56B,$9.39B,5.15%,$0.72B,$6.96B,10.54%,$3302,$2942,$360,$0,$46,$3046,$256,$-44,$212,$-1,$213,$213,$211,$314,$256,$248,250,$0.71,$0.71,$7,$688,$100,$2013,$5083,$250,$1201,$710,$7372,$9385,$2211,$3220,$214,$3434,$5645,$3592,$0,$0,$3740,$9385,$211,$58,$20,$78,$420,$121,$-348,$0,$193,$478,$-116,$0,$0,$0,$0,$0,$28,$-88,$-544,$78,$-466,$210,$210,$-110,$-30,$-396,$-4,$11,$-110
39,2008-12-31,9.22,$14.45,0.64,$124.35,0.07,$3.41,2.71,$1.31,7.07,$2.60B,$2.96B,0.88,$3.26B,$3.55B,0.92,$30.06B,$0.97B,3.21%,$30.06B,$0.59B,1.98%,$30.06B,$0.59B,1.98%,$30.06B,$0.81B,2.68%,$30.06B,$0.45B,1.48%,$30.06B,$0.44B,1.45%,$0.44B,$3.55B,12.38%,$0.44B,$2.34B,18.72%,$0.44B,$10.03B,3.99%,$0.59B,$6.81B,8.98%,$4944,$4709,$235,$0,$30,$4801,$143,$-43,$100,$2,$98,$98,$98,$204,$143,$240,242,$0.30,$0.29,$11,$801,$259,$2596,$5059,$257,$1210,$771,$7436,$10032,$2960,$3259,$261,$3520,$6480,$3469,$0,$0,$3552,$10032,$437,$211,$209,$420,$668,$-120,$-550,$0,$-2,$857,$-538,$0,$-709,$0,$-37,$-37,$-55,$-1339,$687,$0,$687,$315,$315,$-418,$-120,$464,$-13,$24,$-418
40,2008-09-30,10.3,$14.85,0.69,$132.20,0.08,$3.35,3.07,$1.27,8.15,$4.54B,$4.74B,0.96,$3.22B,$3.65B,0.88,$31.56B,$0.92B,2.93%,$31.56B,$0.56B,1.79%,$31.56B,$0.56B,1.79%,$31.56B,$0.76B,2.40%,$31.56B,$0.42B,1.34%,$31.56B,$0.42B,1.32%,$0.42B,$3.65B,11.89%,$0.42B,$2.41B,17.80%,$0.42B,$11.87B,3.81%,$0.56B,$6.87B,8.78%,$8862,$8531,$331,$0,$39,$8619,$243,$-34,$209,$3,$206,$206,$206,$293,$243,$246,248,$0.71,$0.71,$37,$1391,$196,$4535,$5061,$254,$1242,$700,$7335,$11870,$4742,$3220,$257,$3477,$8219,$3566,$0,$0,$3651,$11870,$339,$150,$74,$224,$-410,$-521,$616,$0,$-315,$239,$-410,$0,$-662,$0,$-35,$-35,$-8,$-1115,$967,$0,$967,$315,$315,$-308,$-88,$886,$13,$27,$-308
41,2008-06-30,11.51,$14.59,0.79,$121.24,0.09,$6.53,1.76,$1.03,11.23,$4.60B,$4.75B,0.97,$3.22B,$3.59B,0.9,$28.50B,$0.80B,2.82%,$28.50B,$0.46B,1.60%,$28.50B,$0.46B,1.60%,$28.50B,$0.64B,2.26%,$28.50B,$0.32B,1.11%,$28.50B,$0.31B,1.08%,$0.31B,$3.59B,8.95%,$0.31B,$2.33B,13.24%,$0.31B,$11.89B,3.01%,$0.46B,$6.81B,7.32%,$9060,$8876,$184,$0,$51,$8979,$81,$-35,$46,$5,$41,$41,$41,$133,$81,$240,242,$0.05,$0.05,$11,$1181,$368,$4596,$5016,$251,$1260,$686,$7293,$11889,$4748,$3220,$334,$3554,$8302,$3503,$0,$0,$3587,$11889,$133,$100,$24,$124,$-559,$-234,$1125,$0,$332,$576,$-286,$0,$-661,$0,$-40,$-40,$0,$-987,$393,$-56,$337,$315,$315,$-199,$-57,$396,$-13,$24,$-199
42,2008-03-31,11.91,$14.36,0.83,$101.45,0.12,$5.41,2.2,$1.25,9.57,$3.66B,$3.87B,0.95,$2.64B,$3.33B,0.79,$23.36B,$0.87B,3.73%,$23.36B,$0.53B,2.26%,$23.36B,$0.53B,2.26%,$23.36B,$0.72B,3.06%,$23.36B,$0.39B,1.65%,$23.36B,$0.37B,1.59%,$0.37B,$3.33B,10.96%,$0.37B,$2.26B,15.95%,$0.37B,$9.99B,3.88%,$0.53B,$5.97B,8.75%,$7195,$6980,$215,$0,$40,$7068,$127,$-37,$90,$-2,$92,$92,$92,$175,$127,$232,234,$0.28,$0.28,$17,$776,$114,$3663,$4494,$227,$1071,$451,$6322,$9985,$3865,$2636,$154,$2790,$6655,$3251,$0,$0,$3330,$9985,$92,$48,$6,$54,$-229,$181,$414,$0,$366,$509,$-139,$0,$0,$0,$-13,$-13,$0,$-152,$-181,$-62,$-243,$0,$0,$-99,$-25,$-367,$-7,$6,$-99
43,2007-12-31,12.81,$14.76,0.87,$89.76,0.14,$4.92,2.6,$1.27,10.12,$3.67B,$3.73B,0.99,$2.62B,$3.42B,0.77,$20.39B,$0.86B,4.23%,$20.39B,$0.52B,2.54%,$20.39B,$0.52B,2.54%,$20.39B,$0.70B,3.42%,$20.39B,$0.38B,1.87%,$20.39B,$0.37B,1.79%,$0.37B,$3.42B,11.07%,$0.37B,$2.35B,16.26%,$0.37B,$9.91B,3.96%,$0.52B,$6.05B,8.75%,$6447,$6253,$194,$0,$36,$6334,$113,$-35,$78,$1,$77,$77,$77,$158,$113,$226,228,$0.21,$0.20,$24,$972,$116,$3673,$4419,$215,$1072,$453,$6233,$9906,$3729,$2624,$129,$2753,$6482,$3343,$0,$0,$3424,$9906,$365,$180,$33,$213,$-739,$340,$616,$0,$217,$796,$-508,$0,$-127,$0,$-9,$-9,$-19,$-663,$-54,$0,$-54,$383,$383,$-370,$-83,$-124,$13,$49,$-370
44,2007-09-30,13.22,$14.76,0.9,$88.27,0.15,$-0.08,0.0,$1.21,10.97,$3.19B,$3.02B,1.05,$2.62B,$3.42B,0.77,$18.34B,$0.82B,4.45%,$18.34B,$0.48B,2.61%,$18.34B,$0.48B,2.61%,$18.34B,$0.65B,3.52%,$18.34B,$0.35B,1.90%,$18.34B,$0.33B,1.82%,$0.33B,$3.42B,10.48%,$0.33B,$2.36B,15.57%,$0.33B,$9.19B,3.74%,$0.48B,$6.05B,8.24%,$5799,$5589,$210,$0,$33,$5665,$134,$-33,$101,$3,$98,$98,$98,$177,$134,$232,234,$0.33,$0.33,$13,$965,$109,$3185,$4273,$213,$1059,$395,$6003,$9187,$3020,$2624,$120,$2744,$5764,$3343,$0,$0,$3423,$9187,$288,$135,$56,$191,$-288,$410,$368,$2,$492,$969,$-388,$0,$-69,$0,$-9,$-9,$-18,$-484,$-126,$-417,$-543,$383,$383,$-272,$-59,$-491,$2,$41,$-272
45,2007-06-30,15.23,$14.66,1.04,$91.49,0.17,$-5.04,0.0,$1.32,11.54,$3.46B,$3.12B,1.11,$2.62B,$3.40B,0.77,$17.07B,$0.78B,4.55%,$17.07B,$0.46B,2.68%,$17.07B,$0.46B,2.68%,$17.07B,$0.61B,3.55%,$17.07B,$0.34B,2.01%,$17.07B,$0.33B,1.94%,$0.33B,$3.40B,11.86%,$0.33B,$2.35B,16.82%,$0.33B,$9.26B,4.07%,$0.46B,$6.02B,9.05%,$3918,$3665,$253,$0,$48,$3765,$153,$-36,$117,$12,$105,$105,$105,$205,$153,$220,222,$0.39,$0.39,$45,$1586,$116,$3462,$4087,$200,$1046,$405,$5802,$9264,$3116,$2624,$125,$2749,$5865,$3320,$0,$0,$3400,$9264,$190,$92,$43,$135,$36,$-235,$147,$2,$-50,$273,$-254,$0,$-18,$0,$-9,$-9,$-15,$-296,$-175,$52,$-123,$383,$383,$-176,$-36,$48,$34,$40,$-176
46,2007-03-31,13.59,$13.45,1.01,$105.28,0.13,$-10.02,0.0,$1.34,10.18,$2.81B,$2.85B,0.99,$2.63B,$2.94B,0.89,$18.04B,$0.67B,3.70%,$18.04B,$0.40B,2.23%,$18.04B,$0.40B,2.23%,$18.04B,$0.52B,2.88%,$18.04B,$0.31B,1.70%,$18.04B,$0.31B,1.70%,$0.31B,$2.94B,13.18%,$0.31B,$1.91B,17.83%,$0.31B,$8.51B,4.18%,$0.40B,$5.57B,9.46%,$4230,$4025,$205,$0,$47,$4112,$118,$-33,$85,$0,$85,$85,$85,$158,$118,$218,222,$0.31,$0.31,$17,$968,$159,$2810,$3959,$196,$1035,$438,$5704,$8513,$2851,$2626,$93,$2719,$5569,$2874,$0,$0,$2944,$8513,$85,$40,$30,$70,$61,$323,$-167,$0,$217,$372,$-130,$0,$-17,$0,$-9,$-9,$-4,$-160,$-70,$-32,$-102,$0,$0,$-88,$-17,$-207,$6,$19,$-88
47,2006-12-31,11.91,$13.61,0.88,$143.26,0.08,$-14.55,0.0,$1.39,8.6,$3.16B,$3.03B,1.04,$2.63B,$2.98B,0.88,$22.45B,$0.59B,2.62%,$22.45B,$0.36B,1.59%,$22.45B,$0.36B,1.59%,$22.45B,$0.46B,2.03%,$22.45B,$0.28B,1.24%,$22.45B,$0.28B,1.27%,$0.28B,$2.98B,14.60%,$0.28B,$1.95B,17.77%,$0.28B,$8.72B,4.45%,$0.36B,$5.60B,10.31%,$4392,$4244,$148,$0,$42,$4319,$74,$-27,$46,$0,$46,$46,$46,$106,$74,$162,164,$0.23,$0.24,$11,$1290,$131,$3157,$3842,$183,$1026,$431,$5558,$8715,$3025,$2626,$87,$2713,$5738,$2906,$0,$0,$2977,$8715,$285,$100,$44,$144,$-731,$-325,$351,$0,$-705,$-276,$-337,$0,$-1264,$0,$-46,$-46,$-4,$-1651,$1563,$0,$1563,$643,$643,$-225,$-54,$1927,$1,$43,$-225
