,Date,Stock Price,Book Value per Share,Price to Book Ratio,TTM Sales per Share,Price to Sales Ratio,TTM FCF per Share,Price to FCF Ratio,TTM Net EPS,PE Ratio,Current Assets,Current Liabilities,Current Ratio,Long Term Debt,Shareholder's Equity_x,Debt to Equity Ratio,TTM Revenue_x,TTM Gross Profit,Gross Margin,TTM Revenue_y,TTM Operating Income,Operating Margin,TTM Revenue_x,TTM EBIT,EBIT Margin,TTM Revenue_y,TTM EBITDA,EBITDA Margin,TTM Revenue_x,TTM Pre-Tax Income,Pre-Tax Margin,TTM Revenue_y,TTM Net Income_x,Net Margin,TTM Net Income_y,Shareholder's Equity_y,Return on Equity,TTM Net Income_x,Tangible Equity,Return on Tangible Equity,TTM Net Income_y,Total Assets,Return on Assets,TTM Net Income,LT Investments & Debt,Return on Investment,revenue,cost-goods-sold,gross-profit,research-development-expenses,selling-general-administrative-expenses,operating-expenses,operating-income,total-non-operating-income-expense,pre-tax-income,total-provision-income-taxes,income-after-taxes,income-from-continuous-operations,net-income,ebitda,ebit,basic-shares-outstanding,shares-outstanding,eps-basic-net-earnings-per-share,eps-earnings-per-share-diluted,cash-on-hand,inventory,other-current-assets,total-current-assets,net-property-plant-equipment,long-term-investments,goodwill-intangible-assets-total,other-long-term-assets,total-long-term-assets,total-assets,total-current-liabilities,long-term-debt,other-non-current-liabilities,total-long-term-liabilities,total-liabilities,common-stock-net,retained-earnings-accumulated-deficit,comprehensive-income,total-share-holder-equity,total-liabilities-share-holders-equity,net-income-loss,total-depreciation-amortization-cash-flow,other-non-cash-items,total-non-cash-items,change-in-accounts-receivable,change-in-inventories,change-in-accounts-payable,change-in-assets-liabilities,total-change-in-assets-liabilities,cash-flow-from-operating-activities,net-change-in-property-plant-equipment,net-change-in-intangible-assets,net-acquisitions-divestitures,net-change-in-short-term-investments,net-change-in-long-term-investments,net-change-in-investments-total,investing-activities-other,cash-flow-from-investing-activities,net-long-term-debt,net-current-debt,debt-issuance-retirement-net-total,net-common-equity-issued-repurchased,net-total-equity-issued-repurchased,total-common-preferred-stock-dividends-paid,financial-activities-other,cash-flow-from-financial-activities,net-cash-flow,stock-based-compensation,common-stock-dividends-paid
0,2018-09-30,5.41,$0.89,6.11,$0.69,7.84,$-1.52,0.0,$-0.55,0.0,$0.14B,$0.02B,6.65,$0.01B,$0.13B,0.11,$0.08B,$0.03B,33.33%,$0.08B,$-0.09B,-109.52%,$0.08B,$-0.09B,-109.52%,$0.08B,$-0.08B,-98.81%,$0.08B,$-0.09B,-110.71%,$0.08B,$-0.09B,-110.71%,$-0.09B,$0.13B,-91.63%,$-0.09B,$0.13B,-91.63%,$-0.09B,$0.18B,-59.90%,$-0.09B,$0.15B,-79.48%,$18,$15,$3,$14,$14,$43,$-25,$-0,$-25,$0,$-25,$-25,$-25,$-23,$-25,$135,135,$-0.19,$-0.19,$116,$20,$0,$144,$34,$0,$0,$5,$39,$183,$22,$14,$14,$29,$51,$0,$-951,$-0,$132,$183,$-72,$6,$15,$21,$7,$3,$-3,$-4,$3,$-47,$-2,$0,$0,$-31,$0,$-31,$0,$-33,$0,$0,$0,$102,$102,$0,$0,$102,$22,$16,$0
1,2018-06-30,3.55,$0.65,5.48,$0.76,4.67,$-1.65,0.0,$-0.74,0.0,$0.10B,$0.02B,4.33,$0.01B,$0.09B,0.17,$0.09B,$0.03B,36.67%,$0.09B,$-0.09B,-98.89%,$0.09B,$-0.09B,-98.89%,$0.09B,$-0.08B,-87.78%,$0.09B,$-0.09B,-100.00%,$0.09B,$-0.09B,-100.00%,$-0.09B,$0.09B,-96.00%,$-0.09B,$0.09B,-96.00%,$-0.09B,$0.14B,-60.40%,$-0.09B,$0.10B,-82.98%,$22,$13,$9,$16,$15,$43,$-22,$-1,$-23,$0,$-23,$-23,$-23,$-20,$-22,$132,132,$-0.17,$-0.17,$63,$23,$0,$96,$36,$0,$0,$5,$41,$137,$22,$14,$14,$29,$52,$0,$-926,$-0,$85,$137,$-47,$4,$10,$14,$6,$-1,$-5,$-1,$-1,$-33,$-2,$0,$0,$6,$0,$6,$0,$4,$0,$0,$0,$35,$35,$0,$0,$35,$7,$11,$0
2,2018-03-31,2.05,$0.78,2.63,$0.80,2.56,$-1.75,0.0,$-0.83,0.0,$0.12B,$0.03B,4.64,$0.01B,$0.10B,0.14,$0.09B,$0.03B,36.36%,$0.09B,$-0.09B,-103.41%,$0.09B,$-0.09B,-103.41%,$0.09B,$-0.08B,-92.05%,$0.09B,$-0.09B,-105.68%,$0.09B,$-0.09B,-105.68%,$-0.09B,$0.10B,-91.63%,$-0.09B,$0.10B,-91.63%,$-0.09B,$0.16B,-58.40%,$-0.09B,$0.12B,-80.00%,$19,$12,$7,$16,$15,$43,$-24,$-0,$-24,$0,$-24,$-24,$-24,$-22,$-24,$124,124,$-0.20,$-0.20,$79,$26,$0,$116,$37,$0,$0,$5,$41,$157,$25,$14,$14,$29,$54,$0,$-904,$-0,$103,$157,$-24,$2,$5,$7,$5,$-3,$-1,$-3,$-2,$-19,$-0,$0,$0,$-7,$0,$-7,$0,$-8,$0,$0,$0,$35,$35,$0,$0,$35,$9,$5,$0
3,2017-12-31,2.64,$0.74,3.57,$0.91,2.89,$-1.80,0.0,$-0.89,0.0,$0.10B,$0.03B,3.55,$0.01B,$0.09B,0.16,$0.09B,$0.03B,36.17%,$0.09B,$-0.09B,-95.74%,$0.09B,$-0.09B,-95.74%,$0.09B,$-0.08B,-84.04%,$0.09B,$-0.09B,-98.94%,$0.09B,$-0.09B,-98.94%,$-0.09B,$0.09B,-100.00%,$-0.09B,$0.09B,-100.00%,$-0.09B,$0.14B,-60.39%,$-0.09B,$0.10B,-85.71%,$25,$15,$9,$16,$14,$45,$-21,$-0,$-21,$0,$-21,$-21,$-21,$-18,$-21,$106,106,$-0.16,$-0.16,$63,$23,$0,$102,$38,$0,$0,$5,$42,$144,$29,$14,$15,$29,$58,$0,$-880,$-0,$86,$144,$-92,$10,$21,$31,$-2,$-8,$1,$4,$-6,$-68,$-10,$0,$0,$9,$0,$9,$0,$-2,$-5,$0,$-5,$73,$73,$0,$0,$69,$-0,$20,$0
4,2017-09-30,5.25,$0.87,6.02,$0.97,5.43,$-1.92,0.0,$-0.92,0.0,$0.11B,$0.03B,3.75,$0.01B,$0.10B,0.1,$0.10B,$0.04B,37.89%,$0.10B,$-0.09B,-91.58%,$0.10B,$-0.09B,-91.58%,$0.10B,$-0.08B,-82.11%,$0.10B,$-0.09B,-95.79%,$0.10B,$-0.09B,-95.79%,$-0.09B,$0.10B,-98.11%,$-0.09B,$0.10B,-98.11%,$-0.09B,$0.16B,-59.67%,$-0.09B,$0.11B,-82.66%,$24,$15,$8,$16,$14,$45,$-22,$-0,$-22,$0,$-22,$-22,$-22,$-19,$-22,$116,116,$-0.19,$-0.19,$84,$18,$0,$114,$40,$0,$0,$5,$44,$158,$30,$10,$0,$26,$56,$0,$-859,$-0,$101,$158,$-71,$8,$16,$23,$3,$-4,$0,$2,$1,$-47,$-9,$0,$0,$-3,$0,$-3,$0,$-12,$0,$-5,$-5,$73,$73,$0,$0,$69,$9,$15,$0
5,2017-06-30,3.56,$1.00,3.55,$1.04,3.44,$-2.09,0.0,$-0.92,0.0,$0.13B,$0.04B,3.72,$0.01B,$0.12B,0.09,$0.10B,$0.04B,42.71%,$0.10B,$-0.08B,-85.42%,$0.10B,$-0.08B,-85.42%,$0.10B,$-0.07B,-77.08%,$0.10B,$-0.09B,-89.58%,$0.10B,$-0.09B,-89.58%,$-0.09B,$0.12B,-93.22%,$-0.09B,$0.12B,-93.22%,$-0.09B,$0.18B,-57.05%,$-0.08B,$0.13B,-77.54%,$20,$12,$8,$17,$16,$44,$-24,$-1,$-26,$0,$-26,$-26,$-26,$-22,$-24,$97,97,$-0.26,$-0.26,$103,$17,$0,$133,$40,$0,$0,$5,$45,$178,$36,$10,$15,$26,$62,$0,$-837,$-0,$116,$178,$-49,$5,$11,$16,$2,$-2,$-2,$6,$4,$-29,$-6,$0,$0,$-11,$0,$-11,$0,$-17,$0,$-5,$-5,$71,$71,$0,$0,$66,$20,$10,$0
6,2017-03-31,5.17,$0.74,6.99,$1.06,4.86,$-2.20,0.0,$-0.87,0.0,$0.09B,$0.04B,2.49,$0.01B,$0.07B,0.19,$0.10B,$0.04B,45.36%,$0.10B,$-0.08B,-78.35%,$0.10B,$-0.08B,-78.35%,$0.10B,$-0.07B,-71.13%,$0.10B,$-0.08B,-80.41%,$0.10B,$-0.08B,-80.41%,$-0.08B,$0.07B,-86.43%,$-0.08B,$0.07B,-86.43%,$-0.08B,$0.14B,-53.24%,$-0.08B,$0.08B,-72.21%,$25,$16,$9,$17,$15,$48,$-23,$-1,$-24,$0,$-24,$-24,$-24,$-20,$-23,$93,93,$-0.26,$-0.26,$56,$15,$0,$88,$42,$0,$0,$5,$47,$136,$35,$13,$16,$31,$66,$0,$-811,$-0,$69,$136,$-24,$3,$5,$8,$1,$-0,$-0,$-2,$-1,$-17,$-3,$0,$0,$28,$0,$28,$0,$25,$0,$0,$0,$3,$3,$0,$0,$3,$12,$5,$0
7,2016-12-31,3.8,$0.91,4.16,$1.03,3.71,$-2.24,0.0,$-0.84,0.0,$0.11B,$0.03B,3.23,$0.02B,$0.09B,0.19,$0.09B,$0.05B,49.45%,$0.09B,$-0.07B,-79.12%,$0.09B,$-0.07B,-79.12%,$0.09B,$-0.07B,-72.53%,$0.09B,$-0.07B,-80.22%,$0.09B,$-0.07B,-80.22%,$-0.07B,$0.09B,-76.64%,$-0.07B,$0.09B,-76.64%,$-0.07B,$0.14B,-49.49%,$-0.07B,$0.10B,-65.01%,$26,$14,$11,$16,$13,$44,$-18,$-1,$-19,$0,$-19,$-19,$-19,$-17,$-18,$89,89,$-0.20,$-0.20,$72,$16,$0,$109,$15,$0,$0,$14,$29,$138,$34,$16,$2,$19,$53,$0,$-788,$0,$85,$138,$-74,$5,$19,$24,$-6,$-6,$3,$-9,$-18,$-68,$-8,$0,$0,$-7,$0,$-7,$0,$-15,$0,$0,$0,$66,$66,$0,$0,$66,$-17,$20,$0
8,2016-09-30,8.96,$1.07,8.41,$1.22,7.36,$-2.06,0.0,$-0.65,0.0,$0.12B,$0.03B,3.81,$0.02B,$0.10B,0.16,$0.10B,$0.06B,59.41%,$0.10B,$-0.06B,-54.46%,$0.10B,$-0.06B,-54.46%,$0.10B,$-0.05B,-48.51%,$0.10B,$-0.06B,-54.46%,$0.10B,$-0.06B,-54.46%,$-0.06B,$0.10B,-59.46%,$-0.06B,$0.10B,-59.46%,$-0.06B,$0.15B,-37.74%,$-0.06B,$0.11B,-51.16%,$25,$12,$13,$17,$12,$42,$-17,$-1,$-17,$0,$-17,$-17,$-17,$-15,$-17,$92,92,$-0.19,$-0.19,$87,$16,$0,$122,$14,$0,$0,$14,$28,$151,$32,$16,$2,$20,$52,$0,$-769,$0,$99,$151,$-55,$4,$14,$18,$-7,$-7,$2,$-7,$-18,$-55,$-6,$0,$0,$-16,$0,$-16,$0,$-22,$0,$0,$0,$66,$66,$0,$0,$66,$-11,$15,$0
9,2016-06-30,7.04,$1.19,5.9,$1.12,6.3,$-2.01,0.0,$-0.44,0.0,$0.14B,$0.03B,4.08,$0.02B,$0.11B,0.14,$0.09B,$0.05B,60.00%,$0.09B,$-0.04B,-38.89%,$0.09B,$-0.04B,-38.89%,$0.09B,$-0.03B,-33.33%,$0.09B,$-0.04B,-40.00%,$0.09B,$-0.04B,-40.00%,$-0.04B,$0.11B,-46.15%,$-0.04B,$0.11B,-46.15%,$-0.04B,$0.16B,-27.07%,$-0.04B,$0.12B,-37.63%,$21,$10,$11,$18,$11,$39,$-18,$-0,$-18,$0,$-18,$-18,$-18,$-17,$-18,$88,88,$-0.21,$-0.21,$102,$14,$0,$138,$11,$0,$0,$12,$23,$161,$34,$15,$2,$19,$53,$0,$-751,$0,$108,$161,$-38,$2,$9,$12,$-5,$-4,$1,$-4,$-13,$-39,$-3,$0,$0,$-29,$0,$-29,$0,$-32,$0,$0,$0,$63,$63,$0,$0,$63,$-9,$10,$0
10,2016-03-31,8.5,$1.02,8.33,$1.22,6.99,$-1.97,0.0,$-0.39,0.0,$0.12B,$0.03B,3.72,$0.02B,$0.09B,0.17,$0.09B,$0.06B,61.70%,$0.09B,$-0.03B,-29.79%,$0.09B,$-0.03B,-29.79%,$0.09B,$-0.02B,-24.47%,$0.09B,$-0.03B,-31.91%,$0.09B,$-0.03B,-31.91%,$-0.03B,$0.09B,-50.42%,$-0.03B,$0.09B,-50.42%,$-0.03B,$0.14B,-25.64%,$-0.03B,$0.10B,-37.84%,$19,$10,$10,$16,$12,$38,$-19,$-1,$-19,$0,$-19,$-19,$-19,$-17,$-19,$84,84,$-0.23,$-0.23,$92,$12,$0,$119,$9,$0,$0,$12,$21,$140,$32,$15,$2,$19,$51,$0,$-733,$0,$89,$140,$-19,$1,$5,$6,$-3,$-2,$-0,$-2,$-7,$-20,$-0,$0,$0,$-23,$0,$-23,$0,$-23,$0,$0,$0,$30,$30,$0,$0,$30,$-14,$5,$0
11,2015-12-31,13.13,$0.92,14.28,$1.22,10.72,$-2.06,0.0,$-0.43,0.0,$0.11B,$0.04B,2.9,$0.02B,$0.07B,0.2,$0.09B,$0.05B,58.06%,$0.09B,$-0.03B,-30.11%,$0.09B,$-0.03B,-30.11%,$0.09B,$-0.02B,-25.81%,$0.09B,$-0.03B,-33.33%,$0.09B,$-0.03B,-33.33%,$-0.03B,$0.07B,-65.61%,$-0.03B,$0.07B,-65.61%,$-0.03B,$0.13B,-28.57%,$-0.03B,$0.09B,-45.34%,$36,$10,$26,$15,$13,$37,$-1,$-0,$-1,$0,$-1,$-1,$-1,$0,$-1,$76,76,$-0.01,$-0.01,$82,$11,$0,$111,$9,$0,$0,$12,$21,$131,$38,$15,$2,$19,$58,$0,$-713,$-0,$74,$131,$-32,$5,$11,$15,$-2,$-2,$-1,$-26,$-31,$-48,$-3,$0,$0,$16,$0,$16,$-5,$9,$0,$0,$0,$36,$36,$0,$0,$36,$-3,$14,$0
12,2015-09-30,3.66,$0.55,6.7,$0.98,3.72,$-2.14,0.0,$-0.67,0.0,$0.09B,$0.04B,2.22,$0.02B,$0.04B,0.36,$0.07B,$0.03B,43.24%,$0.07B,$-0.05B,-60.81%,$0.07B,$-0.05B,-60.81%,$0.07B,$-0.04B,-55.41%,$0.07B,$-0.05B,-66.22%,$0.07B,$-0.05B,-66.22%,$-0.05B,$0.04B,-115.29%,$-0.05B,$0.04B,-115.29%,$-0.05B,$0.10B,-45.90%,$-0.05B,$0.06B,-78.95%,$14,$7,$7,$16,$11,$11,$3,$-1,$2,$0,$2,$2,$2,$4,$3,$75,80,$0.02,$0.02,$59,$12,$0,$86,$8,$0,$0,$6,$14,$100,$39,$15,$2,$20,$58,$0,$-712,$0,$41,$100,$-30,$3,$7,$10,$-1,$-2,$0,$-25,$-27,$-47,$-2,$0,$0,$33,$0,$33,$0,$31,$0,$0,$0,$7,$7,$0,$0,$7,$-9,$10,$0
13,2015-06-30,5.76,$0.45,12.76,$1.10,5.22,$-2.05,0.0,$-0.82,0.0,$0.09B,$0.04B,2.31,$0.02B,$0.03B,0.43,$0.08B,$0.04B,46.91%,$0.08B,$-0.06B,-69.14%,$0.08B,$-0.06B,-69.14%,$0.08B,$-0.05B,-64.20%,$0.08B,$-0.06B,-74.07%,$0.08B,$-0.06B,-74.07%,$-0.06B,$0.03B,-131.87%,$-0.06B,$0.03B,-131.87%,$-0.06B,$0.10B,-53.45%,$-0.06B,$0.05B,-93.72%,$25,$10,$15,$15,$11,$36,$-11,$-1,$-12,$0,$-12,$-12,$-12,$-10,$-11,$75,75,$-0.16,$-0.16,$73,$12,$0,$90,$6,$0,$0,$0,$7,$97,$39,$15,$3,$24,$63,$0,$-714,$0,$34,$97,$-32,$2,$7,$9,$-1,$-1,$0,$-7,$-8,$-31,$-2,$0,$0,$18,$0,$18,$0,$16,$0,$0,$0,$4,$4,$0,$0,$4,$-11,$7,$0
14,2015-03-31,5.84,$0.54,10.76,$0.93,6.27,$-2.05,0.0,$-0.93,0.0,$0.10B,$0.04B,2.59,$0.01B,$0.04B,0.35,$0.07B,$0.03B,38.81%,$0.07B,$-0.06B,-94.03%,$0.07B,$-0.06B,-94.03%,$0.07B,$-0.06B,-88.06%,$0.07B,$-0.07B,-100.00%,$0.07B,$-0.07B,-100.00%,$-0.07B,$0.04B,-129.47%,$-0.07B,$0.04B,-129.47%,$-0.07B,$0.11B,-55.83%,$-0.06B,$0.06B,-95.45%,$18,$12,$6,$14,$11,$37,$-19,$-1,$-20,$0,$-20,$-20,$-20,$-18,$-19,$74,74,$-0.27,$-0.27,$79,$13,$0,$100,$7,$0,$0,$0,$7,$106,$38,$14,$3,$28,$66,$0,$-702,$0,$40,$106,$-20,$1,$3,$4,$-2,$-2,$1,$-5,$-8,$-24,$-1,$0,$0,$16,$0,$16,$0,$15,$0,$0,$0,$2,$2,$0,$0,$2,$-6,$3,$0
15,2014-12-31,7.84,$0.74,10.55,$0.86,9.06,$-1.96,0.0,$-0.94,0.0,$0.12B,$0.03B,3.74,$0.01B,$0.06B,0.26,$0.06B,$0.02B,37.70%,$0.06B,$-0.06B,-101.64%,$0.06B,$-0.06B,-101.64%,$0.06B,$-0.06B,-95.08%,$0.06B,$-0.07B,-108.20%,$0.06B,$-0.07B,-108.20%,$-0.07B,$0.06B,-108.64%,$-0.07B,$0.06B,-108.64%,$-0.07B,$0.12B,-51.26%,$-0.06B,$0.07B,-83.22%,$17,$12,$4,$12,$10,$35,$-18,$-1,$-19,$0,$-19,$-19,$-19,$-17,$-18,$70,70,$-0.26,$-0.26,$101,$11,$0,$118,$7,$0,$0,$0,$7,$124,$31,$14,$3,$38,$69,$0,$-681,$0,$55,$124,$-66,$5,$10,$15,$-1,$-1,$4,$-3,$-1,$-51,$-2,$0,$0,$21,$0,$21,$0,$20,$0,$0,$0,$42,$42,$0,$0,$42,$10,$10,$0
16,2014-09-30,4.91,$0.75,6.57,$0.77,6.37,$-1.70,0.0,$-0.94,0.0,$0.11B,$0.03B,3.92,$0.01B,$0.05B,0.26,$0.05B,$0.02B,41.51%,$0.05B,$-0.06B,-115.09%,$0.05B,$-0.06B,-115.09%,$0.05B,$-0.06B,-105.66%,$0.05B,$-0.06B,-120.75%,$0.05B,$-0.06B,-120.75%,$-0.06B,$0.05B,-99.61%,$-0.06B,$0.05B,-99.61%,$-0.06B,$0.12B,-48.58%,$-0.06B,$0.07B,-78.21%,$21,$7,$13,$12,$10,$29,$-8,$-1,$-9,$0,$-9,$-9,$-9,$-7,$-8,$71,71,$-0.13,$-0.13,$99,$11,$0,$114,$7,$0,$0,$0,$8,$122,$29,$14,$3,$39,$69,$0,$-662,$0,$53,$122,$-47,$4,$7,$11,$0,$-1,$4,$-3,$-0,$-36,$-1,$0,$0,$22,$0,$22,$0,$21,$0,$0,$0,$24,$24,$0,$0,$24,$9,$7,$0
17,2014-06-30,6.18,$0.84,7.4,$0.59,10.43,$-1.42,0.0,$-1.12,0.0,$0.12B,$0.03B,4.29,$0.01B,$0.06B,0.23,$0.04B,$0.01B,25.64%,$0.04B,$-0.07B,-187.18%,$0.04B,$-0.07B,-187.18%,$0.04B,$-0.07B,-171.79%,$0.04B,$-0.08B,-192.31%,$0.04B,$-0.08B,-192.31%,$-0.08B,$0.06B,-104.17%,$-0.08B,$0.06B,-104.17%,$-0.08B,$0.13B,-53.76%,$-0.07B,$0.07B,-85.38%,$11,$8,$3,$12,$9,$30,$-18,$-1,$-19,$0,$-19,$-19,$-19,$-17,$-18,$71,71,$-0.27,$-0.27,$105,$9,$0,$120,$8,$0,$0,$0,$8,$128,$28,$14,$4,$41,$69,$0,$-653,$0,$59,$128,$-38,$3,$5,$7,$-2,$1,$4,$-2,$1,$-30,$-1,$0,$0,$9,$0,$9,$0,$8,$0,$0,$0,$23,$23,$0,$0,$23,$2,$4,$0
18,2014-03-31,5.35,$1.07,4.99,$0.53,10.13,$-1.54,0.0,$-1.18,0.0,$0.13B,$0.02B,5.87,$0.01B,$0.08B,0.18,$0.03B,$0.01B,23.53%,$0.03B,$-0.08B,-220.59%,$0.03B,$-0.08B,-220.59%,$0.03B,$-0.07B,-200.00%,$0.03B,$-0.08B,-223.53%,$0.03B,$-0.08B,-223.53%,$-0.08B,$0.08B,-92.40%,$-0.08B,$0.08B,-92.40%,$-0.08B,$0.14B,-53.90%,$-0.08B,$0.09B,-78.53%,$12,$9,$3,$12,$9,$30,$-18,$-1,$-19,$0,$-19,$-19,$-19,$-17,$-18,$68,68,$-0.28,$-0.28,$119,$8,$0,$132,$8,$0,$0,$0,$9,$141,$23,$14,$4,$43,$66,$0,$-634,$0,$76,$141,$-19,$1,$2,$4,$-1,$2,$2,$-4,$-1,$-16,$-0,$0,$0,$9,$0,$9,$0,$8,$0,$0,$0,$23,$23,$0,$0,$23,$15,$2,$0
19,2013-12-31,5.23,$1.04,5.01,$0.45,11.53,$-1.60,0.0,$-1.27,0.0,$0.13B,$0.02B,5.61,$0.01B,$0.07B,0.19,$0.03B,$0.01B,21.43%,$0.03B,$-0.08B,-278.57%,$0.03B,$-0.08B,-278.57%,$0.03B,$-0.07B,-250.00%,$0.03B,$-0.08B,-278.57%,$0.03B,$-0.08B,-278.57%,$-0.08B,$0.07B,-86.67%,$-0.08B,$0.07B,-86.67%,$-0.08B,$0.14B,-55.42%,$-0.08B,$0.08B,-75.18%,$9,$6,$3,$11,$9,$26,$-17,$-0,$-17,$0,$-17,$-17,$-17,$-15,$-17,$63,63,$-0.25,$-0.25,$113,$10,$0,$126,$9,$0,$0,$0,$10,$136,$23,$13,$4,$44,$67,$0,$-615,$0,$69,$136,$-79,$6,$10,$16,$0,$-0,$-1,$35,$34,$-30,$-1,$0,$0,$-32,$0,$-32,$0,$-33,$20,$0,$20,$23,$23,$0,$0,$43,$-20,$10,$0
20,2013-09-30,5.52,$1.26,4.37,$0.41,13.35,$-2.52,0.0,$-1.40,0.0,$0.14B,$0.02B,6.31,$0.01B,$0.08B,0.16,$0.03B,$0.00B,16.00%,$0.03B,$-0.08B,-332.00%,$0.03B,$-0.08B,-332.00%,$0.03B,$-0.08B,-300.00%,$0.03B,$-0.08B,-332.00%,$0.03B,$-0.08B,-332.00%,$-0.08B,$0.08B,-83.00%,$-0.08B,$0.08B,-83.00%,$-0.08B,$0.15B,-59.61%,$-0.08B,$0.10B,-75.28%,$7,$6,$1,$10,$11,$27,$-20,$-1,$-20,$0,$-20,$-20,$-20,$-18,$-20,$66,66,$-0.31,$-0.31,$127,$10,$0,$142,$11,$0,$0,$0,$11,$153,$22,$13,$5,$47,$69,$682,$-598,$0,$84,$153,$-62,$5,$7,$12,$-1,$0,$0,$35,$35,$-15,$-1,$0,$0,$-8,$0,$-8,$0,$-9,$20,$0,$20,$23,$23,$0,$0,$42,$18,$7,$0
21,2013-06-30,2.53,$1.54,1.64,$0.35,7.23,$-3.35,0.0,$-1.50,0.0,$0.12B,$0.02B,8.09,$0.01B,$0.10B,0.13,$0.02B,$0.00B,14.29%,$0.02B,$-0.09B,-409.52%,$0.02B,$-0.09B,-409.52%,$0.02B,$-0.08B,-371.43%,$0.02B,$-0.09B,-409.52%,$0.02B,$-0.09B,-409.52%,$-0.09B,$0.10B,-77.30%,$-0.09B,$0.10B,-77.30%,$-0.09B,$0.13B,-62.32%,$-0.09B,$0.11B,-72.42%,$6,$5,$1,$12,$9,$26,$-20,$-0,$-20,$0,$-20,$-20,$-20,$-18,$-20,$62,62,$-0.33,$-0.33,$107,$10,$0,$122,$12,$0,$0,$1,$12,$134,$15,$13,$5,$19,$34,$678,$-578,$-0,$100,$134,$-42,$3,$5,$8,$-1,$-0,$-0,$1,$-1,$-34,$-1,$0,$0,$-12,$0,$-12,$0,$-13,$20,$0,$20,$21,$21,$0,$0,$41,$-6,$5,$0
22,2013-03-31,2.49,$1.76,1.41,$0.38,6.5,$-3.54,0.0,$-1.57,0.0,$0.13B,$0.01B,9.31,$0.02B,$0.11B,0.14,$0.02B,$0.00B,9.09%,$0.02B,$-0.09B,-404.55%,$0.02B,$-0.09B,-404.55%,$0.02B,$-0.08B,-368.18%,$0.02B,$-0.09B,-400.00%,$0.02B,$-0.09B,-400.00%,$-0.09B,$0.11B,-71.40%,$-0.09B,$0.11B,-71.40%,$-0.09B,$0.14B,-59.86%,$-0.09B,$0.12B,-69.40%,$6,$5,$1,$12,$10,$26,$-21,$-0,$-21,$0,$-21,$-21,$-21,$-19,$-21,$57,57,$-0.37,$-0.37,$112,$11,$0,$126,$13,$0,$0,$1,$13,$140,$14,$15,$4,$19,$33,$664,$-557,$0,$107,$140,$-21,$2,$3,$4,$1,$-1,$0,$-1,$-1,$-18,$-0,$0,$0,$-5,$0,$-5,$0,$-6,$20,$0,$20,$10,$10,$0,$0,$30,$6,$3,$0
23,2012-12-31,1.7,$1.95,0.87,$0.47,3.63,$-3.55,0.0,$-1.70,0.0,$0.12B,$0.02B,7.8,$0.00B,$0.11B,0.0,$0.03B,$0.00B,3.85%,$0.03B,$-0.10B,-369.23%,$0.03B,$-0.10B,-369.23%,$0.03B,$-0.09B,-338.46%,$0.03B,$-0.10B,-365.38%,$0.03B,$-0.10B,-365.38%,$-0.10B,$0.11B,-68.59%,$-0.10B,$0.11B,-68.59%,$-0.10B,$0.13B,-59.10%,$-0.10B,$0.11B,-68.33%,$6,$5,$1,$12,$11,$28,$-22,$0,$-22,$0,$-22,$-22,$-22,$-20,$-22,$56,56,$-0.38,$-0.38,$101,$10,$0,$115,$14,$0,$0,$0,$15,$130,$15,$0,$5,$6,$20,$0,$-536,$0,$109,$130,$-94,$7,$11,$18,$2,$5,$-2,$-5,$-0,$-77,$-2,$0,$0,$63,$0,$63,$0,$62,$0,$0,$0,$3,$3,$0,$0,$3,$-12,$10,$0
24,2012-09-30,1.83,$2.29,0.8,$0.59,3.08,$-4.22,0.0,$-1.73,0.0,$0.13B,$0.01B,9.71,$0.00B,$0.13B,0.02,$0.03B,$0.00B,6.25%,$0.03B,$-0.10B,-303.13%,$0.03B,$-0.10B,-303.13%,$0.03B,$-0.09B,-278.13%,$0.03B,$-0.10B,-300.00%,$0.03B,$-0.10B,-300.00%,$-0.10B,$0.13B,-60.38%,$-0.10B,$0.13B,-60.38%,$-0.10B,$0.15B,-52.53%,$-0.10B,$0.13B,-59.88%,$3,$3,$0,$13,$10,$25,$-23,$-0,$-23,$0,$-23,$-23,$-23,$-21,$-23,$56,56,$-0.41,$-0.41,$119,$10,$0,$132,$16,$0,$0,$0,$16,$148,$14,$2,$3,$6,$20,$643,$-514,$0,$129,$148,$-73,$5,$7,$12,$4,$4,$-2,$-5,$2,$-59,$-1,$0,$0,$31,$0,$31,$0,$30,$0,$0,$0,$3,$3,$0,$0,$3,$-26,$7,$0
25,2012-06-30,2.17,$2.66,0.82,$0.74,2.94,$-4.92,0.0,$-1.86,0.0,$0.15B,$0.02B,10.23,$0.00B,$0.15B,0.02,$0.04B,$0.01B,12.50%,$0.04B,$-0.10B,-257.50%,$0.04B,$-0.10B,-257.50%,$0.04B,$-0.10B,-240.00%,$0.04B,$-0.10B,-255.00%,$0.04B,$-0.10B,-255.00%,$-0.10B,$0.15B,-56.82%,$-0.10B,$0.15B,-56.82%,$-0.10B,$0.17B,-49.70%,$-0.10B,$0.15B,-56.36%,$7,$7,$0,$11,$12,$30,$-23,$0,$-22,$0,$-22,$-22,$-22,$-21,$-23,$56,56,$-0.40,$-0.40,$137,$10,$0,$153,$17,$0,$0,$0,$17,$170,$15,$3,$3,$7,$22,$640,$-492,$0,$148,$170,$-50,$3,$5,$8,$1,$4,$-1,$-4,$1,$-41,$-1,$0,$0,$14,$0,$14,$0,$14,$0,$0,$0,$2,$2,$0,$0,$2,$-25,$5,$0
26,2012-03-31,3.42,$3.02,1.13,$0.81,4.25,$-5.48,0.0,$-1.88,0.0,$0.18B,$0.02B,8.93,$0.00B,$0.17B,0.02,$0.04B,$0.01B,29.55%,$0.04B,$-0.10B,-234.09%,$0.04B,$-0.10B,-234.09%,$0.04B,$-0.10B,-218.18%,$0.04B,$-0.10B,-231.82%,$0.04B,$-0.10B,-231.82%,$-0.10B,$0.17B,-50.81%,$-0.10B,$0.17B,-50.81%,$-0.10B,$0.20B,-44.74%,$-0.10B,$0.17B,-50.43%,$10,$10,$-0,$12,$15,$38,$-28,$-0,$-28,$0,$-28,$-28,$-28,$-26,$-28,$55,55,$-0.50,$-0.50,$161,$12,$0,$177,$18,$0,$0,$0,$18,$195,$20,$3,$3,$7,$27,$637,$-469,$0,$168,$195,$-28,$2,$2,$4,$3,$3,$-0,$1,$6,$-17,$-0,$0,$0,$13,$0,$13,$0,$13,$0,$0,$0,$2,$2,$0,$0,$2,$-3,$2,$0
27,2011-12-31,2.8,$3.48,0.8,$0.63,4.45,$-5.83,0.0,$-2.04,0.0,$0.20B,$0.02B,10.3,$0.00B,$0.19B,0.02,$0.03B,$0.01B,38.24%,$0.03B,$-0.11B,-323.53%,$0.03B,$-0.11B,-323.53%,$0.03B,$-0.10B,-302.94%,$0.03B,$-0.11B,-320.59%,$0.03B,$-0.11B,-320.59%,$-0.11B,$0.19B,-49.32%,$-0.11B,$0.19B,-49.32%,$-0.11B,$0.22B,-43.78%,$-0.11B,$0.20B,-49.00%,$12,$11,$2,$12,$12,$35,$-23,$-0,$-23,$0,$-23,$-23,$-23,$-21,$-23,$54,54,$-0.41,$-0.41,$177,$16,$0,$200,$18,$0,$0,$0,$19,$218,$19,$3,$3,$7,$27,$633,$-442,$0,$191,$218,$-109,$6,$13,$18,$-4,$-11,$-5,$8,$-12,$-103,$-9,$0,$0,$16,$0,$16,$0,$6,$0,$0,$0,$8,$8,$0,$0,$8,$-89,$12,$0
28,2011-09-30,3.21,$3.84,0.83,$0.43,7.53,$-16.55,0.0,$-2.59,0.0,$0.22B,$0.02B,10.42,$0.00B,$0.21B,0.02,$0.02B,$0.01B,50.00%,$0.02B,$-0.12B,-563.64%,$0.02B,$-0.12B,-563.64%,$0.02B,$-0.12B,-531.82%,$0.02B,$-0.12B,-554.55%,$0.02B,$-0.12B,-554.55%,$-0.12B,$0.21B,-50.15%,$-0.12B,$0.21B,-50.15%,$-0.12B,$0.24B,-45.02%,$-0.12B,$0.21B,-50.36%,$11,$7,$3,$20,$13,$40,$-29,$0,$-29,$0,$-29,$-29,$-29,$-28,$-29,$54,54,$-0.54,$-0.54,$194,$20,$0,$220,$17,$0,$0,$0,$18,$238,$21,$3,$3,$6,$27,$0,$-419,$-0,$211,$238,$-87,$4,$9,$13,$-4,$-15,$-1,$5,$-15,$-88,$-8,$0,$0,$-2,$0,$-2,$0,$-9,$0,$0,$0,$7,$7,$0,$0,$7,$-90,$9,$0
