,Date,Stock Price,Book Value per Share,Price to Book Ratio,TTM Sales per Share,Price to Sales Ratio,TTM FCF per Share,Price to FCF Ratio,TTM Net EPS,PE Ratio,Current Assets,Current Liabilities,Current Ratio,Long Term Debt,Shareholder's Equity_x,Debt to Equity Ratio,TTM Revenue_x,TTM Gross Profit,Gross Margin,TTM Revenue_y,TTM Operating Income,Operating Margin,TTM Revenue_x,TTM EBIT,EBIT Margin,TTM Revenue_y,TTM EBITDA,EBITDA Margin,TTM Revenue_x,TTM Pre-Tax Income,Pre-Tax Margin,TTM Revenue_y,TTM Net Income_x,Net Margin,TTM Net Income_y,Shareholder's Equity_y,Return on Equity,TTM Net Income_x,Tangible Equity,Return on Tangible Equity,TTM Net Income_y,Total Assets,Return on Assets,TTM Net Income,LT Investments & Debt,Return on Investment,revenue,cost-goods-sold,gross-profit,research-development-expenses,selling-general-administrative-expenses,operating-expenses,operating-income,total-non-operating-income-expense,pre-tax-income,total-provision-income-taxes,income-after-taxes,income-from-continuous-operations,net-income,ebitda,ebit,basic-shares-outstanding,shares-outstanding,eps-basic-net-earnings-per-share,eps-earnings-per-share-diluted,cash-on-hand,inventory,other-current-assets,total-current-assets,net-property-plant-equipment,long-term-investments,goodwill-intangible-assets-total,other-long-term-assets,total-long-term-assets,total-assets,total-current-liabilities,long-term-debt,other-non-current-liabilities,total-long-term-liabilities,total-liabilities,common-stock-net,retained-earnings-accumulated-deficit,comprehensive-income,total-share-holder-equity,total-liabilities-share-holders-equity,net-income-loss,total-depreciation-amortization-cash-flow,other-non-cash-items,total-non-cash-items,change-in-accounts-receivable,change-in-inventories,change-in-accounts-payable,change-in-assets-liabilities,total-change-in-assets-liabilities,cash-flow-from-operating-activities,net-change-in-property-plant-equipment,net-change-in-intangible-assets,net-acquisitions-divestitures,net-change-in-short-term-investments,net-change-in-long-term-investments,net-change-in-investments-total,investing-activities-other,cash-flow-from-investing-activities,net-long-term-debt,net-current-debt,debt-issuance-retirement-net-total,net-common-equity-issued-repurchased,net-total-equity-issued-repurchased,total-common-preferred-stock-dividends-paid,financial-activities-other,cash-flow-from-financial-activities,net-cash-flow,stock-based-compensation,common-stock-dividends-paid
0,2018-09-30,47.65,$38.46,1.24,$10.30,4.63,$11.11,4.29,$3.45,13.81,$17.47B,$18.07B,0.97,$1.97B,$4.74B,0.42,$1.29B,$1.18B,92.14%,$1.29B,$0.64B,49.57%,$1.29B,0,0.00%,$1.29B,0,0.00%,$1.29B,$0.62B,48.25%,$1.29B,$0.43B,33.39%,$0.43B,$4.74B,8.86%,$0.43B,$2.13B,19.31%,$0.43B,$24.78B,1.74%,$0.64B,$6.71B,10.22%,$330,$32,$297,$0,$128,$171,$158,$-1,$158,$41,$116,$116,$115,$0,$0,$122,122,$0.94,$0.94,$382,$0,$0,$17470,$34,$3851,$2611,$775,$7312,$24782,$18074,$1966,$0,$1966,$20040,$1,$1068,$-44,$4742,$24782,$350,$63,$35,$98,$0,$0,$-36,$52,$16,$464,$-9,$0,$0,$0,$-189,$-189,$196,$-3,$1033,$0,$1033,$-314,$-314,$-214,$-983,$-478,$-17,$23,$-214
1,2018-06-30,48.85,$38.36,1.27,$10.04,4.87,$10.42,4.69,$3.35,14.58,$17.21B,$18.11B,0.95,$1.64B,$4.78B,0.34,$1.25B,$1.16B,93.02%,$1.25B,$0.62B,49.72%,$1.25B,0,0.00%,$1.25B,0,0.00%,$1.25B,$0.60B,48.20%,$1.25B,$0.41B,33.20%,$0.41B,$4.78B,8.61%,$0.41B,$2.16B,18.06%,$0.41B,$24.53B,1.73%,$0.62B,$6.42B,10.54%,$328,$26,$302,$0,$133,$170,$158,$0,$158,$42,$116,$116,$114,$0,$0,$125,125,$0.92,$0.92,$452,$0,$0,$17205,$35,$3884,$2616,$764,$7325,$24530,$18112,$1639,$0,$1639,$19752,$1,$951,$-22,$4778,$24530,$234,$44,$23,$67,$0,$0,$-48,$54,$6,$307,$-7,$0,$0,$0,$-182,$-182,$551,$362,$708,$0,$708,$-249,$-249,$-140,$-934,$-615,$53,$15,$-140
2,2018-03-31,48.42,$39.01,1.24,$9.86,4.91,$9.63,5.03,$3.20,15.13,$16.87B,$18.25B,0.92,$1.03B,$4.87B,0.21,$1.21B,$1.14B,93.57%,$1.21B,$0.61B,50.41%,$1.21B,0,0.00%,$1.21B,0,0.00%,$1.21B,$0.59B,48.76%,$1.21B,$0.39B,32.37%,$0.39B,$4.87B,8.27%,$0.39B,$2.25B,16.79%,$0.39B,$24.15B,1.68%,$0.61B,$5.90B,10.96%,$316,$21,$295,$0,$125,$153,$164,$0,$164,$45,$118,$118,$117,$0,$0,$126,126,$0.93,$0.93,$548,$0,$0,$16869,$34,$3819,$2622,$793,$7281,$24149,$18254,$1028,$0,$1028,$19282,$1,$836,$-12,$4867,$24149,$118,$24,$7,$30,$0,$0,$-51,$38,$-13,$136,$-4,$0,$0,$0,$-102,$-102,$997,$891,$96,$0,$96,$-123,$-123,$-64,$-786,$-877,$149,$7,$-64
3,2017-12-31,48.82,$38.65,1.26,$9.71,5.03,$9.85,4.96,$2.92,16.72,$17.71B,$19.09B,0.93,$0.93B,$4.98B,0.19,$1.18B,$1.11B,93.90%,$1.18B,$0.58B,48.69%,$1.18B,0,0.00%,$1.18B,0,0.00%,$1.18B,$0.55B,46.91%,$1.18B,$0.35B,29.97%,$0.35B,$4.98B,7.59%,$0.35B,$2.35B,15.04%,$0.35B,$25.00B,1.55%,$0.58B,$5.91B,10.53%,$311,$22,$290,$0,$123,$155,$157,$-16,$140,$56,$84,$84,$83,$0,$0,$127,127,$0.66,$0.66,$398,$0,$0,$17713,$32,$3795,$2628,$827,$7282,$24995,$19088,$930,$0,$930,$20017,$1,$723,$31,$4978,$24995,$358,$88,$154,$242,$0,$0,$3,$-118,$-115,$484,$15,$0,$160,$0,$-90,$-90,$-52,$33,$-461,$0,$-461,$-109,$-109,$-247,$280,$-538,$-21,$26,$-247
4,2017-09-30,48.39,$37.96,1.27,$9.67,5.0,$10.75,4.5,$2.97,16.29,$15.80B,$16.93B,0.93,$0.70B,$4.61B,0.15,$1.16B,$1.10B,94.40%,$1.16B,$0.55B,47.63%,$1.16B,0,0.00%,$1.16B,0,0.00%,$1.16B,$0.55B,47.29%,$1.16B,$0.36B,30.66%,$0.36B,$4.61B,7.84%,$0.36B,$2.41B,15.25%,$0.36B,$22.24B,1.61%,$0.55B,$5.31B,10.16%,$292,$19,$273,$0,$124,$151,$141,$-1,$139,$38,$101,$101,$100,$0,$0,$120,120,$0.84,$0.84,$270,$0,$0,$15801,$29,$3549,$2201,$597,$6442,$22243,$16934,$699,$0,$699,$17632,$1,$639,$34,$4611,$22243,$274,$63,$75,$138,$0,$0,$-21,$-33,$-54,$358,$6,$0,$0,$0,$-285,$-285,$-289,$-568,$-655,$0,$-655,$-8,$-8,$-182,$906,$60,$-150,$20,$-182
5,2017-06-30,44.24,$37.55,1.18,$9.52,4.65,$11.30,3.91,$2.90,15.25,$15.86B,$17.02B,0.93,$0.66B,$4.56B,0.15,$1.14B,$1.09B,94.84%,$1.14B,$0.55B,48.43%,$1.14B,0,0.00%,$1.14B,0,0.00%,$1.14B,$0.55B,48.25%,$1.14B,$0.35B,30.59%,$0.35B,$4.56B,7.74%,$0.35B,$2.36B,15.13%,$0.35B,$22.25B,1.60%,$0.55B,$5.22B,10.08%,$295,$17,$278,$0,$124,$145,$150,$-2,$149,$55,$94,$94,$93,$0,$0,$120,120,$0.77,$0.77,$287,$0,$0,$15860,$29,$3497,$2204,$586,$6387,$22247,$17024,$663,$0,$663,$17687,$1,$538,$30,$4560,$22247,$172,$42,$53,$95,$0,$0,$-31,$-51,$-82,$185,$8,$0,$0,$0,$-229,$-229,$-285,$-507,$-688,$0,$-688,$-8,$-8,$-122,$1007,$190,$-132,$14,$-122
6,2017-03-31,49.92,$37.13,1.34,$9.30,5.37,$11.99,4.17,$2.81,17.77,$15.69B,$16.52B,0.95,$0.90B,$4.51B,0.2,$1.12B,$1.06B,95.08%,$1.12B,$0.54B,47.94%,$1.12B,0,0.00%,$1.12B,0,0.00%,$1.12B,$0.54B,47.85%,$1.12B,$0.34B,30.23%,$0.34B,$4.51B,7.49%,$0.34B,$2.30B,14.71%,$0.34B,$21.93B,1.57%,$0.54B,$5.41B,9.47%,$283,$15,$268,$0,$132,$156,$127,$-1,$126,$48,$79,$79,$78,$0,$0,$120,120,$0.65,$0.65,$297,$0,$0,$15692,$29,$3355,$2207,$556,$6235,$21927,$16516,$903,$0,$903,$17419,$1,$444,$13,$4508,$21927,$79,$22,$31,$53,$0,$0,$11,$1,$12,$143,$9,$0,$0,$0,$-109,$-109,$-119,$-219,$-445,$0,$-445,$-2,$-2,$-61,$461,$-48,$-123,$6,$-61
7,2016-12-31,50.58,$36.93,1.37,$9.38,5.39,$11.83,4.27,$2.90,17.44,$15.72B,$16.04B,0.98,$1.35B,$4.48B,0.3,$1.13B,$1.07B,95.13%,$1.13B,$0.56B,49.42%,$1.13B,0,0.00%,$1.13B,0,0.00%,$1.13B,$0.56B,49.34%,$1.13B,$0.35B,30.91%,$0.35B,$4.48B,7.76%,$0.35B,$2.27B,15.30%,$0.35B,$21.87B,1.64%,$0.56B,$5.83B,9.85%,$291,$13,$277,$0,$133,$155,$135,$0,$135,$50,$86,$86,$85,$0,$0,$120,120,$0.71,$0.71,$420,$0,$0,$15718,$39,$3246,$2210,$563,$6151,$21870,$16044,$1347,$0,$1347,$17391,$1,$366,$6,$4479,$21870,$352,$89,$130,$219,$0,$0,$4,$6,$10,$581,$0,$0,$0,$0,$266,$266,$-1225,$-959,$286,$0,$286,$-33,$-33,$-243,$391,$401,$23,$23,$-243
8,2016-09-30,39.45,$37.29,1.06,$9.24,4.27,$12.17,3.24,$2.79,14.14,$15.14B,$15.79B,0.96,$0.98B,$4.54B,0.22,$1.11B,$1.05B,94.95%,$1.11B,$0.56B,50.63%,$1.11B,0,0.00%,$1.11B,0,0.00%,$1.11B,$0.54B,48.92%,$1.11B,$0.34B,30.18%,$0.34B,$4.54B,7.48%,$0.34B,$2.33B,14.85%,$0.34B,$21.32B,1.58%,$0.56B,$5.53B,10.08%,$275,$13,$262,$0,$110,$132,$142,$0,$142,$48,$94,$94,$94,$0,$0,$120,120,$0.77,$0.77,$540,$0,$0,$15135,$39,$3361,$2213,$540,$6180,$21315,$15791,$982,$0,$982,$16773,$1,$280,$72,$4543,$21315,$267,$66,$120,$187,$-1,$0,$-24,$1,$-23,$430,$2,$0,$0,$0,$274,$274,$-282,$-6,$-79,$0,$-79,$-5,$-5,$-183,$-14,$-280,$144,$17,$-183
9,2016-06-30,36.13,$37.05,0.98,$9.15,3.95,$12.66,2.85,$2.70,13.38,$14.94B,$15.28B,0.98,$1.36B,$4.51B,0.3,$1.06B,$1.00B,94.52%,$1.06B,$0.53B,50.09%,$1.06B,0,0.00%,$1.06B,0,0.00%,$1.06B,$0.51B,48.20%,$1.06B,$0.31B,29.40%,$0.31B,$4.51B,7.34%,$0.31B,$2.29B,14.57%,$0.31B,$21.15B,1.55%,$0.53B,$5.87B,9.93%,$269,$13,$256,$0,$114,$137,$132,$0,$132,$50,$82,$82,$81,$0,$0,$120,120,$0.68,$0.68,$445,$0,$0,$14944,$39,$3372,$2220,$549,$6204,$21147,$15276,$1358,$0,$1358,$16634,$1,$187,$82,$4513,$21147,$173,$44,$100,$144,$0,$0,$-41,$-3,$-44,$273,$3,$0,$0,$0,$289,$289,$-175,$116,$298,$0,$298,$-4,$-4,$-122,$-512,$-340,$49,$12,$-122
10,2016-03-31,33.31,$36.60,0.91,$9.24,3.6,$13.22,2.52,$2.85,11.69,$14.87B,$15.58B,0.95,$0.99B,$4.46B,0.22,$1.03B,$0.97B,94.06%,$1.03B,$0.53B,51.51%,$1.03B,0,0.00%,$1.03B,0,0.00%,$1.03B,$0.51B,49.46%,$1.03B,$0.31B,30.57%,$0.31B,$4.46B,7.86%,$0.31B,$2.23B,15.60%,$0.31B,$21.03B,1.66%,$0.53B,$5.45B,10.87%,$294,$15,$279,$0,$121,$145,$149,$-0,$148,$58,$90,$90,$89,$0,$0,$120,120,$0.74,$0.74,$520,$0,$0,$14873,$40,$3258,$2224,$546,$6158,$21031,$15584,$990,$0,$990,$16574,$1,$104,$48,$4457,$21031,$90,$22,$37,$60,$0,$0,$-24,$6,$-18,$132,$2,$0,$0,$0,$355,$355,$-15,$341,$-68,$0,$-68,$-0,$-0,$-61,$-221,$-350,$123,$5,$-61
11,2015-12-31,38.0,$36.22,1.05,$9.11,4.17,$13.41,2.83,$2.82,13.47,$14.76B,$15.83B,0.93,$1.06B,$4.40B,0.24,$0.97B,$0.91B,93.70%,$0.97B,$0.50B,51.76%,$0.97B,0,0.00%,$0.97B,0,0.00%,$0.97B,$0.48B,49.48%,$0.97B,$0.30B,30.68%,$0.30B,$4.40B,7.89%,$0.30B,$2.17B,15.62%,$0.30B,$21.29B,1.66%,$0.50B,$5.46B,10.78%,$272,$14,$257,$0,$109,$133,$139,$-18,$121,$49,$72,$72,$71,$0,$0,$119,119,$0.60,$0.60,$396,$0,$0,$14760,$39,$3579,$2230,$555,$6529,$21288,$15833,$1058,$0,$1058,$16891,$1,$14,$28,$4398,$21288,$300,$54,$208,$262,$0,$0,$-16,$48,$32,$594,$24,$0,$261,$0,$212,$212,$-1139,$-642,$239,$0,$239,$-8,$-8,$-215,$117,$132,$83,$16,$-215
12,2015-09-30,37.33,$34.76,1.07,$9.01,4.14,$11.50,3.25,$2.91,12.83,$12.59B,$12.24B,1.03,$0.99B,$3.58B,0.28,$0.92B,$0.86B,93.46%,$0.92B,$0.48B,52.72%,$0.92B,0,0.00%,$0.92B,0,0.00%,$0.92B,$0.47B,51.42%,$0.92B,$0.30B,32.24%,$0.30B,$3.58B,8.35%,$0.30B,$1.84B,16.43%,$0.30B,$16.81B,1.78%,$0.48B,$4.57B,11.09%,$223,$15,$208,$0,$93,$113,$110,$-1,$109,$40,$70,$70,$70,$0,$0,$102,102,$0.68,$0.68,$236,$0,$0,$12585,$36,$1827,$1741,$455,$4229,$16814,$12244,$988,$0,$988,$13232,$1,$-58,$24,$3582,$16814,$228,$33,$152,$185,$0,$0,$-25,$16,$-10,$403,$13,$0,$0,$0,$-229,$-229,$-628,$-843,$169,$0,$169,$-8,$-8,$-154,$357,$363,$-77,$12,$-154
13,2015-06-30,40.33,$34.46,1.17,$8.97,4.5,$8.88,4.54,$2.83,14.25,$12.58B,$12.71B,0.99,$0.44B,$3.55B,0.12,$0.91B,$0.86B,93.54%,$0.91B,$0.48B,52.95%,$0.91B,0,0.00%,$0.91B,0,0.00%,$0.91B,$0.47B,51.20%,$0.91B,$0.29B,31.51%,$0.29B,$3.55B,8.19%,$0.29B,$1.81B,16.22%,$0.29B,$16.70B,1.76%,$0.48B,$3.99B,11.28%,$238,$16,$222,$0,$86,$107,$131,$-1,$130,$45,$85,$85,$84,$0,$0,$102,102,$0.83,$0.83,$641,$0,$0,$12575,$36,$1715,$1743,$416,$4122,$16697,$12709,$437,$0,$437,$13146,$1,$-128,$16,$3551,$16697,$158,$22,$99,$121,$0,$0,$-27,$26,$-0,$279,$11,$0,$0,$0,$-129,$-129,$-165,$-283,$-381,$0,$-381,$-8,$-8,$-103,$823,$331,$327,$8,$-103
14,2015-03-31,40.01,$34.29,1.17,$8.80,4.54,$6.59,6.07,$2.10,19.05,$12.57B,$12.06B,1.04,$1.05B,$3.53B,0.3,$0.89B,$0.83B,93.81%,$0.89B,$0.47B,52.42%,$0.89B,0,0.00%,$0.89B,0,0.00%,$0.89B,$0.37B,41.06%,$0.89B,$0.21B,24.07%,$0.21B,$3.53B,6.13%,$0.21B,$1.79B,12.25%,$0.21B,$16.64B,1.33%,$0.47B,$4.58B,10.93%,$235,$15,$220,$0,$94,$114,$121,$-2,$119,$46,$73,$73,$72,$0,$0,$102,102,$0.71,$0.71,$392,$0,$0,$12572,$36,$1624,$1744,$432,$4072,$16644,$12061,$1050,$0,$1050,$13111,$1,$-213,$29,$3533,$16644,$73,$11,$53,$63,$0,$0,$-29,$19,$-10,$126,$6,$0,$0,$0,$-12,$-12,$-403,$-409,$235,$0,$235,$0,$0,$-51,$178,$361,$79,$3,$-51
15,2014-12-31,38.36,$34.03,1.13,$8.58,4.47,$5.96,6.44,$1.94,19.77,$12.11B,$11.91B,1.02,$0.82B,$3.51B,0.23,$0.75B,$0.71B,94.38%,$0.75B,$0.39B,51.94%,$0.75B,0,0.00%,$0.75B,0,0.00%,$0.75B,$0.29B,38.42%,$0.75B,$0.17B,22.36%,$0.17B,$3.51B,5.93%,$0.17B,$1.77B,11.50%,$0.17B,$16.24B,1.23%,$0.39B,$4.32B,11.54%,$222,$15,$208,$0,$81,$101,$122,$-7,$114,$43,$71,$71,$70,$0,$0,$102,102,$0.69,$0.69,$313,$0,$0,$12111,$37,$1608,$1738,$457,$4123,$16235,$11911,$817,$0,$817,$12728,$1,$-286,$26,$3506,$16235,$169,$39,$136,$175,$0,$0,$-61,$49,$-12,$332,$1,$0,$346,$0,$870,$870,$-661,$557,$-722,$0,$-722,$-22,$-22,$-114,$136,$-723,$166,$36,$-114
16,2014-09-30,34.42,$33.76,1.02,$8.20,4.2,$4.56,7.54,$1.31,26.27,$11.75B,$11.66B,1.01,$0.80B,$3.48B,0.23,$0.61B,$0.57B,94.88%,$0.61B,$0.28B,46.78%,$0.61B,0,0.00%,$0.61B,0,0.00%,$0.61B,$0.19B,30.74%,$0.61B,$0.10B,16.53%,$0.10B,$3.48B,4.67%,$0.10B,$1.74B,8.66%,$0.10B,$15.94B,0.90%,$0.28B,$4.28B,11.12%,$219,$14,$205,$0,$90,$108,$110,$-5,$105,$43,$62,$62,$62,$0,$0,$102,102,$0.60,$0.60,$261,$0,$0,$11754,$38,$1585,$1741,$489,$4184,$15938,$11663,$797,$0,$797,$12460,$1,$-357,$21,$3478,$15938,$98,$35,$80,$115,$0,$0,$-80,$14,$-65,$147,$1,$0,$346,$0,$886,$886,$-347,$886,$-742,$0,$-742,$-22,$-22,$-63,$-93,$-920,$113,$34,$-63
17,2014-06-30,35.82,$33.37,1.07,$8.09,4.42,$4.55,7.86,$1.24,28.88,$11.47B,$11.81B,0.97,$0.44B,$3.44B,0.13,$0.48B,$0.46B,95.80%,$0.48B,$0.21B,44.96%,$0.48B,0,0.00%,$0.48B,0,0.00%,$0.48B,$0.12B,24.37%,$0.48B,$0.06B,12.82%,$0.06B,$3.44B,4.14%,$0.06B,$1.69B,7.04%,$0.06B,$15.69B,0.69%,$0.21B,$3.88B,12.48%,$213,$12,$201,$0,$83,$100,$113,$-86,$27,$16,$11,$11,$10,$0,$0,$98,98,$0.10,$0.10,$363,$0,$0,$11471,$40,$1602,$1746,$483,$4214,$15685,$11807,$439,$0,$439,$12247,$1,$-419,$20,$3438,$15685,$36,$25,$50,$75,$0,$0,$-87,$30,$-57,$53,$2,$0,$346,$0,$872,$872,$46,$1265,$-1101,$0,$-1101,$-22,$-22,$-37,$58,$-1102,$216,$31,$-37
18,2014-03-31,35.46,$18.21,1.95,$7.78,4.56,$5.05,7.03,$1.25,28.37,$4.42B,$5.43B,0.81,$0.14B,$0.83B,0.17,$0.34B,$0.32B,96.72%,$0.34B,$0.13B,37.31%,$0.34B,0,0.00%,$0.34B,0,0.00%,$0.34B,$0.10B,28.36%,$0.34B,$0.06B,16.42%,$0.06B,$0.83B,6.75%,$0.06B,$0.61B,9.38%,$0.06B,$6.52B,0.83%,$0.13B,$0.97B,12.73%,$93,$2,$91,$0,$46,$50,$43,$-2,$41,$15,$26,$26,$25,$0,$0,$45,45,$0.55,$0.55,$342,$0,$0,$4422,$30,$1502,$225,$339,$2096,$6518,$5433,$139,$0,$251,$5684,$0,$-429,$7,$834,$6518,$25,$7,$11,$18,$0,$0,$-20,$5,$-15,$27,$3,$0,$0,$0,$39,$39,$158,$199,$-108,$0,$-108,$-2,$-2,$-11,$90,$-32,$195,$2,$-11
19,2013-12-31,34.59,$17.66,1.96,$7.71,4.49,$5.08,6.81,$1.07,32.32,$4.38B,$5.48B,0.8,$0.25B,$0.81B,0.31,$0.31B,$0.30B,96.18%,$0.31B,$0.10B,33.12%,$0.31B,0,0.00%,$0.31B,0,0.00%,$0.31B,$0.08B,23.89%,$0.31B,$0.04B,13.69%,$0.04B,$0.81B,5.70%,$0.04B,$0.58B,7.70%,$0.04B,$6.53B,0.68%,$0.10B,$1.06B,11.35%,$80,$3,$77,$0,$59,$63,$17,$-4,$13,$9,$3,$3,$3,$0,$0,$44,44,$0.06,$0.06,$147,$0,$0,$4378,$32,$1523,$226,$295,$2156,$6533,$5478,$246,$0,$246,$5724,$0,$-454,$-3,$809,$6533,$45,$32,$7,$39,$0,$0,$-53,$20,$-34,$50,$33,$0,$273,$0,$-203,$-203,$310,$413,$101,$0,$101,$-14,$-14,$-41,$-527,$-480,$-17,$21,$-41
20,2013-09-30,27.91,$17.71,1.58,$8.03,3.48,$6.39,4.37,$1.55,18.01,$4.53B,$5.50B,0.82,$0.14B,$0.82B,0.17,$0.31B,$0.30B,95.81%,$0.31B,$0.12B,39.03%,$0.31B,0,0.00%,$0.31B,0,0.00%,$0.31B,$0.09B,30.32%,$0.31B,$0.06B,19.03%,$0.06B,$0.82B,8.44%,$0.06B,$0.58B,11.00%,$0.06B,$6.62B,0.98%,$0.12B,$0.96B,14.58%,$90,$3,$87,$0,$45,$49,$41,$-5,$35,$11,$24,$24,$23,$0,$0,$44,44,$0.53,$0.53,$178,$0,$0,$4533,$33,$1512,$235,$304,$2083,$6617,$5504,$141,$0,$297,$5801,$0,$-458,$0,$816,$6617,$42,$24,$-2,$22,$0,$0,$-23,$25,$2,$66,$-2,$0,$273,$0,$-215,$-215,$270,$325,$-4,$0,$-4,$-1,$-1,$-30,$-377,$-412,$-20,$0,$-30
21,2013-06-30,24.77,$17.40,1.42,$8.25,3.0,$6.93,3.57,$1.45,17.08,$4.55B,$5.59B,0.81,$0.14B,$0.80B,0.18,$0.30B,$0.29B,95.02%,$0.30B,$0.11B,36.21%,$0.30B,0,0.00%,$0.30B,0,0.00%,$0.30B,$0.09B,28.57%,$0.30B,$0.05B,17.28%,$0.05B,$0.80B,8.11%,$0.05B,$0.57B,10.13%,$0.05B,$6.71B,0.90%,$0.11B,$0.94B,14.19%,$72,$3,$69,$0,$43,$48,$24,$-18,$6,$2,$4,$4,$4,$0,$0,$39,39,$0.11,$0.11,$219,$0,$0,$4548,$34,$1513,$229,$386,$2161,$6709,$5592,$142,$0,$315,$5907,$0,$-482,$1,$802,$6709,$18,$15,$-1,$14,$0,$0,$-7,$17,$10,$42,$-1,$0,$273,$0,$-175,$-175,$225,$322,$-3,$0,$-3,$-2,$-2,$-18,$-286,$-310,$54,$4,$-18
22,2013-03-31,23.31,$15.91,1.46,$8.58,2.72,$7.25,3.21,$1.78,13.09,$3.51B,$4.59B,0.76,$0.12B,$0.59B,0.2,$0.31B,$0.29B,94.46%,$0.31B,$0.11B,36.48%,$0.31B,0,0.00%,$0.31B,0,0.00%,$0.31B,$0.11B,34.53%,$0.31B,$0.06B,20.52%,$0.06B,$0.59B,10.82%,$0.06B,$0.50B,12.80%,$0.06B,$5.30B,1.17%,$0.11B,$0.71B,15.90%,$72,$4,$69,$0,$45,$50,$22,$-1,$21,$8,$13,$13,$13,$0,$0,$36,36,$0.37,$0.37,$132,$0,$0,$3506,$19,$1396,$93,$285,$1793,$5300,$4591,$119,$0,$119,$4710,$0,$-486,$29,$590,$5300,$13,$7,$11,$19,$0,$0,$-8,$1,$-6,$26,$-1,$0,$0,$0,$-15,$-15,$125,$109,$-1,$0,$-1,$-2,$-2,$-9,$-155,$-168,$-33,$2,$-9
23,2012-12-31,19.65,$15.74,1.25,$8.74,2.25,$6.83,2.88,$1.55,12.68,$3.66B,$4.75B,0.77,$0.12B,$0.59B,0.21,$0.31B,$0.29B,93.29%,$0.31B,$0.10B,31.31%,$0.31B,0,0.00%,$0.31B,0,0.00%,$0.31B,$0.09B,29.71%,$0.31B,$0.06B,17.57%,$0.06B,$0.59B,9.61%,$0.06B,$0.50B,11.30%,$0.06B,$5.46B,1.01%,$0.10B,$0.71B,13.24%,$76,$4,$72,$0,$37,$42,$34,$-1,$32,$13,$20,$20,$19,$0,$0,$36,36,$0.54,$0.54,$164,$0,$0,$3663,$20,$1393,$95,$294,$1801,$5464,$4754,$121,$0,$121,$4875,$0,$-500,$33,$589,$5464,$57,$26,$-5,$20,$0,$0,$-16,$56,$41,$118,$-4,$0,$-87,$0,$31,$31,$231,$171,$-427,$0,$-427,$-1,$-1,$-29,$38,$-420,$-131,$6,$-29
24,2012-09-30,18.34,$15.61,1.17,$8.85,2.07,$8.26,2.22,$1.39,13.19,$3.71B,$4.83B,0.77,$0.13B,$0.58B,0.22,$0.32B,$0.29B,92.41%,$0.32B,$0.09B,28.16%,$0.32B,0,0.00%,$0.32B,0,0.00%,$0.32B,$0.09B,26.90%,$0.32B,$0.05B,15.51%,$0.05B,$0.58B,8.73%,$0.05B,$0.49B,10.09%,$0.05B,$5.54B,0.90%,$0.09B,$0.71B,11.30%,$81,$4,$76,$0,$46,$52,$29,$-2,$27,$11,$16,$16,$16,$0,$0,$36,36,$0.43,$0.43,$160,$0,$0,$3710,$18,$1398,$95,$317,$1829,$5539,$4828,$126,$0,$126,$4954,$0,$-519,$40,$584,$5539,$37,$18,$11,$29,$0,$0,$-19,$26,$7,$73,$-2,$0,$-87,$0,$42,$42,$166,$119,$-422,$0,$-422,$-1,$-1,$-20,$116,$-327,$-135,$5,$-20
25,2012-06-30,18.44,$15.12,1.22,$8.83,2.09,$9.63,1.91,$1.32,13.97,$3.51B,$4.63B,0.76,$0.12B,$0.57B,0.22,$0.32B,$0.29B,91.43%,$0.32B,$0.08B,26.35%,$0.32B,0,0.00%,$0.32B,0,0.00%,$0.32B,$0.08B,25.71%,$0.32B,$0.05B,14.60%,$0.05B,$0.57B,8.36%,$0.05B,$0.49B,9.51%,$0.05B,$5.32B,0.84%,$0.08B,$0.69B,9.96%,$78,$4,$73,$0,$45,$51,$27,$-1,$26,$10,$16,$16,$15,$0,$0,$36,36,$0.42,$0.42,$123,$0,$0,$3505,$22,$1393,$79,$323,$1817,$5322,$4632,$124,$0,$124,$4756,$0,$-536,$32,$566,$5322,$21,$11,$7,$18,$0,$0,$-18,$29,$11,$50,$-1,$0,$-42,$0,$-12,$-12,$253,$197,$-419,$0,$-419,$-1,$-1,$-13,$14,$-420,$-172,$3,$-13
26,2012-03-31,18.78,$14.74,1.27,$9.14,2.05,$9.97,1.88,$1.23,15.27,$3.59B,$4.60B,0.78,$0.30B,$0.55B,0.55,$0.33B,$0.30B,90.77%,$0.33B,$0.08B,24.00%,$0.33B,0,0.00%,$0.33B,0,0.00%,$0.33B,$0.08B,23.69%,$0.33B,$0.04B,13.54%,$0.04B,$0.55B,8.20%,$0.04B,$0.48B,9.27%,$0.04B,$5.45B,0.80%,$0.08B,$0.85B,8.89%,$78,$7,$71,$0,$61,$70,$8,$-0,$8,$3,$5,$5,$5,$0,$0,$36,36,$0.14,$0.14,$134,$0,$0,$3585,$23,$1425,$74,$342,$1864,$5448,$4597,$301,$0,$301,$4898,$0,$-551,$27,$550,$5448,$5,$4,$-1,$3,$0,$0,$-19,$21,$3,$11,$-1,$0,$-28,$0,$-48,$-48,$128,$51,$-195,$0,$-195,$-1,$-1,$-7,$-21,$-223,$-162,$2,$-7
27,2011-12-31,14.53,$14.66,0.99,$9.21,1.58,$10.41,1.4,$1.38,10.53,$3.72B,$4.63B,0.8,$0.35B,$0.55B,0.65,$0.33B,$0.30B,90.49%,$0.33B,$0.09B,26.99%,$0.33B,0,0.00%,$0.33B,0,0.00%,$0.33B,$0.09B,26.69%,$0.33B,$0.05B,15.03%,$0.05B,$0.55B,9.39%,$0.05B,$0.49B,10.63%,$0.05B,$5.53B,0.90%,$0.09B,$0.90B,10.04%,$79,$7,$72,$0,$45,$54,$25,$-1,$24,$11,$14,$14,$13,$0,$0,$36,36,$0.38,$0.38,$296,$0,$0,$3721,$23,$1372,$57,$355,$1807,$5528,$4628,$354,$0,$354,$4982,$0,$-556,$23,$546,$5528,$51,$20,$61,$81,$0,$0,$-1,$39,$39,$170,$-6,$8,$0,$0,$-417,$-417,$515,$99,$0,$0,$0,$-1,$-1,$-8,$-73,$-82,$187,$8,$-8
28,2011-09-30,10.59,$14.48,0.73,$9.31,1.14,$12.25,0.86,$0.78,13.57,$3.73B,$4.60B,0.81,$0.35B,$0.54B,0.66,$0.33B,$0.30B,89.70%,$0.33B,$0.05B,14.85%,$0.33B,0,0.00%,$0.33B,0,0.00%,$0.33B,$0.05B,14.85%,$0.33B,$0.03B,8.48%,$0.03B,$0.54B,5.54%,$0.03B,$0.48B,6.36%,$0.03B,$5.49B,0.51%,$0.05B,$0.89B,5.70%,$80,$8,$72,$0,$47,$57,$23,$0,$23,$9,$13,$13,$13,$0,$0,$35,35,$0.36,$0.36,$167,$0,$0,$3732,$23,$1310,$58,$371,$1762,$5494,$4600,$354,$0,$354,$4954,$0,$-570,$23,$539,$5494,$37,$14,$32,$46,$0,$0,$-2,$43,$41,$124,$-4,$8,$0,$0,$-351,$-351,$380,$32,$0,$0,$0,$-0,$-0,$-1,$-96,$-97,$59,$7,$-1
29,2011-06-30,15.61,$14.95,1.04,$9.47,1.65,$13.10,1.19,$0.52,30.02,$3.77B,$4.53B,0.83,$0.35B,$0.51B,0.69,$0.34B,$0.30B,89.25%,$0.34B,$0.03B,9.25%,$0.34B,0,0.00%,$0.34B,0,0.00%,$0.34B,$0.03B,9.25%,$0.34B,$0.02B,5.67%,$0.02B,$0.51B,3.85%,$0.02B,$0.45B,4.48%,$0.02B,$5.40B,0.34%,$0.03B,$0.87B,3.60%,$88,$9,$80,$0,$56,$66,$22,$0,$22,$9,$13,$13,$13,$0,$0,$35,35,$0.35,$0.35,$151,$0,$0,$3773,$23,$1109,$60,$429,$1622,$5395,$4528,$354,$0,$354,$4883,$0,$-584,$10,$512,$5395,$24,$9,$22,$30,$0,$0,$-6,$16,$10,$64,$-3,$0,$0,$0,$-170,$-170,$316,$142,$0,$0,$0,$-0,$-0,$-1,$-163,$-164,$42,$0,$-1
30,2011-03-31,16.5,$13.20,1.25,$9.22,1.79,$14.78,1.12,$0.24,68.74,$4.01B,$4.63B,0.87,$0.35B,$0.49B,0.72,$0.33B,$0.29B,88.34%,$0.33B,$0.01B,3.99%,$0.33B,0,0.00%,$0.33B,0,0.00%,$0.33B,$0.01B,3.99%,$0.33B,$0.01B,2.76%,$0.01B,$0.49B,1.85%,$0.01B,$0.42B,2.11%,$0.01B,$5.47B,0.16%,$0.01B,$0.85B,1.50%,$79,$9,$71,$0,$50,$61,$18,$0,$18,$8,$11,$11,$10,$0,$0,$35,35,$0.29,$0.29,$194,$0,$0,$4012,$22,$940,$70,$426,$1458,$5471,$4625,$354,$0,$354,$4979,$0,$-596,$5,$491,$5471,$11,$4,$18,$22,$0,$0,$-7,$0,$-7,$26,$-1,$0,$0,$0,$-11,$-11,$136,$124,$0,$0,$0,$-0,$-0,$-0,$-65,$-66,$85,$0,$-0
31,2010-12-31,16.21,$13.06,1.24,$9.60,1.69,$15.60,1.04,$-1.81,0.0,$4.14B,$4.70B,0.88,$0.36B,$0.48B,0.74,$0.34B,$0.30B,87.83%,$0.34B,$-0.11B,-32.64%,$0.34B,0,0.00%,$0.34B,0,0.00%,$0.34B,$-0.11B,-32.64%,$0.34B,$-0.06B,-18.40%,$-0.06B,$0.48B,-12.82%,$-0.06B,$0.41B,-14.36%,$-0.06B,$5.53B,-1.15%,$-0.11B,$0.83B,-12.11%,$83,$9,$73,$0,$84,$96,$-14,$0,$-14,$-6,$-8,$-8,$-8,$0,$0,$35,35,$-0.22,$-0.22,$164,$0,$0,$4135,$23,$874,$73,$425,$1394,$5529,$4696,$355,$0,$355,$5050,$0,$-607,$4,$479,$5529,$-62,$17,$193,$210,$0,$0,$-9,$95,$86,$234,$-5,$0,$171,$0,$-407,$-407,$467,$227,$-388,$0,$-388,$25,$25,$-1,$-199,$-563,$-102,$8,$-1
32,2010-09-30,14.44,$13.45,1.07,$10.15,1.42,$11.28,1.28,$-1.82,0.0,$4.35B,$4.85B,0.9,$0.41B,$0.49B,0.82,$0.35B,$0.31B,87.46%,$0.35B,$-0.11B,-31.34%,$0.35B,0,0.00%,$0.35B,0,0.00%,$0.35B,$-0.11B,-31.34%,$0.35B,$-0.06B,-17.66%,$-0.06B,$0.49B,-12.63%,$-0.06B,$0.42B,-13.82%,$-0.06B,$5.74B,-1.16%,$-0.11B,$0.90B,-11.06%,$85,$10,$75,$0,$67,$80,$5,$0,$5,$2,$4,$4,$4,$0,$0,$35,35,$0.10,$0.10,$160,$0,$0,$4348,$21,$846,$75,$453,$1395,$5743,$4845,$405,$0,$405,$5249,$0,$-599,$11,$494,$5743,$-54,$4,$156,$160,$0,$0,$-9,$54,$45,$151,$-2,$0,$171,$0,$-310,$-310,$291,$151,$-330,$0,$-330,$26,$26,$-1,$-47,$-353,$-51,$0,$-1
33,2010-06-30,13.87,$13.25,1.05,$12.11,1.15,$8.56,1.62,$-1.84,0.0,$4.08B,$4.26B,0.96,$0.41B,$0.49B,0.83,$0.41B,$0.36B,88.42%,$0.41B,$-0.11B,-27.09%,$0.41B,0,0.00%,$0.41B,0,0.00%,$0.41B,$-0.11B,-27.09%,$0.41B,$-0.06B,-15.52%,$-0.06B,$0.49B,-12.68%,$-0.06B,$0.46B,-13.57%,$-0.06B,$5.15B,-1.19%,$-0.11B,$0.89B,-9.86%,$79,$11,$69,$0,$62,$75,$4,$0,$4,$1,$3,$3,$3,$0,$0,$35,35,$0.07,$0.07,$413,$0,$0,$4078,$22,$709,$28,$316,$1075,$5154,$4262,$405,$0,$405,$4667,$0,$-603,$9,$487,$5154,$-58,$-0,$127,$126,$0,$0,$-11,$64,$53,$122,$-2,$0,$0,$0,$-220,$-220,$411,$189,$-260,$0,$-260,$26,$26,$-1,$127,$-108,$202,$0,$-1
34,2010-03-31,17.27,$12.93,1.34,$12.08,1.43,$5.87,2.94,$-2.09,0.0,$4.29B,$4.19B,1.02,$0.54B,$0.48B,1.13,$0.40B,$0.35B,87.37%,$0.40B,$-0.12B,-31.31%,$0.40B,0,0.00%,$0.40B,0,0.00%,$0.40B,$-0.12B,-31.31%,$0.40B,$-0.07B,-18.18%,$-0.07B,$0.48B,-14.66%,$-0.07B,$0.44B,-15.75%,$-0.07B,$5.20B,-1.41%,$-0.12B,$1.01B,-10.44%,$90,$11,$79,$0,$181,$195,$-105,$0,$-105,$-44,$-61,$-61,$-61,$0,$0,$34,34,$-1.76,$-1.76,$519,$0,$0,$4294,$22,$490,$31,$366,$909,$5203,$4192,$536,$0,$536,$4728,$0,$-606,$1,$475,$5203,$-61,$2,$102,$104,$0,$0,$-12,$22,$10,$54,$-1,$0,$0,$0,$-13,$-13,$319,$304,$-135,$0,$-135,$26,$26,$-0,$59,$-50,$308,$0,$-0
35,2009-12-31,15.25,$14.47,1.05,$11.73,1.3,$4.61,3.3,$-0.28,0.0,$4.42B,$4.15B,1.07,$0.67B,$0.51B,1.33,$0.38B,$0.32B,85.64%,$0.38B,$-0.02B,-4.26%,$0.38B,0,0.00%,$0.38B,0,0.00%,$0.38B,$-0.02B,-4.52%,$0.38B,$-0.01B,-2.66%,$-0.01B,$0.51B,-2.04%,$-0.01B,$0.47B,-2.20%,$-0.01B,$5.32B,-0.20%,$-0.02B,$1.18B,-1.34%,$97,$13,$84,$0,$96,$111,$-14,$0,$-14,$-6,$-8,$-8,$-8,$0,$0,$34,34,$-0.23,$-0.23,$211,$0,$0,$4421,$23,$474,$33,$373,$903,$5324,$4145,$673,$0,$673,$4817,$0,$-545,$-0,$507,$5324,$-9,$15,$103,$118,$0,$0,$-19,$-14,$-32,$76,$-3,$0,$252,$0,$-146,$-146,$201,$303,$-213,$0,$-213,$147,$147,$-11,$-251,$-328,$51,$8,$-11
36,2009-09-30,14.4,$14.78,0.97,$11.61,1.24,$6.52,2.21,$0.30,48.01,$4.80B,$4.10B,1.17,$0.87B,$0.52B,1.67,$0.35B,$0.30B,83.33%,$0.35B,$0.01B,3.67%,$0.35B,0,0.00%,$0.35B,0,0.00%,$0.35B,$0.01B,3.39%,$0.35B,$0.01B,2.26%,$0.01B,$0.52B,1.75%,$0.01B,$0.48B,1.91%,$0.01B,$5.48B,0.17%,$0.01B,$1.38B,1.14%,$140,$13,$127,$0,$120,$135,$5,$0,$5,$2,$3,$3,$3,$0,$0,$32,32,$0.08,$0.08,$299,$0,$0,$4800,$23,$412,$36,$209,$680,$5480,$4097,$865,$0,$865,$4962,$0,$-537,$3,$518,$5480,$-2,$11,$36,$47,$14,$0,$-20,$11,$5,$50,$-2,$0,$252,$0,$-79,$-79,$99,$269,$-20,$0,$-20,$148,$148,$-11,$-297,$-180,$139,$6,$-11
37,2009-06-30,9.94,$14.36,0.69,$10.07,0.99,$8.02,1.24,$0.57,17.45,$4.03B,$3.30B,1.22,$0.72B,$0.46B,1.54,$0.29B,$0.23B,78.69%,$0.29B,$0.02B,8.25%,$0.29B,0,0.00%,$0.29B,0,0.00%,$0.29B,$0.02B,7.90%,$0.29B,$0.02B,5.15%,$0.02B,$0.46B,3.56%,$0.02B,$0.43B,3.91%,$0.02B,$4.48B,0.34%,$0.02B,$1.18B,2.23%,$69,$13,$56,$0,$64,$79,$-10,$0,$-10,$-4,$-6,$-6,$-6,$0,$0,$31,31,$-0.18,$-0.18,$182,$0,$0,$4029,$24,$199,$35,$189,$447,$4476,$3297,$715,$0,$715,$4012,$0,$-540,$2,$464,$4476,$-4,$7,$30,$38,$0,$0,$-19,$9,$-10,$24,$-2,$0,$0,$0,$-43,$-43,$42,$-3,$135,$0,$135,$99,$99,$-10,$-222,$1,$22,$4,$-10
38,2009-03-31,10.82,$14.49,0.75,$10.68,1.01,$9.33,1.16,$-16.72,0.0,$4.08B,$3.45B,1.18,$0.58B,$0.47B,1.24,$0.30B,$0.23B,78.26%,$0.30B,$-0.43B,-144.48%,$0.30B,0,0.00%,$0.30B,0,0.00%,$0.30B,$-0.43B,-144.82%,$0.30B,$-0.45B,-151.84%,$-0.45B,$0.47B,-113.78%,$-0.45B,$0.43B,-125.85%,$-0.45B,$4.50B,-10.26%,$-0.43B,$1.05B,-40.77%,$70,$15,$55,$0,$50,$66,$3,$-1,$2,$0,$1,$1,$1,$0,$0,$30,30,$0.04,$0.04,$214,$0,$0,$4082,$24,$175,$38,$178,$414,$4496,$3447,$580,$0,$580,$4027,$0,$-534,$2,$469,$4496,$1,$4,$2,$6,$0,$0,$-5,$7,$2,$9,$-1,$0,$0,$0,$-18,$-18,$49,$30,$0,$0,$0,$99,$99,$-10,$-75,$15,$54,$2,$-10
39,2008-12-31,19.93,$13.18,1.51,$11.49,1.73,$10.44,1.91,$-26.82,0.0,$4.10B,$3.54B,1.16,$0.58B,$0.38B,1.54,$0.31B,$0.24B,77.64%,$0.31B,$-0.71B,-225.88%,$0.31B,0,0.00%,$0.31B,0,0.00%,$0.31B,$-0.71B,-225.88%,$0.31B,$-0.73B,-232.59%,$-0.73B,$0.38B,-146.70%,$-0.73B,$0.34B,-216.99%,$-0.73B,$4.50B,-16.09%,$-0.71B,$0.96B,-59.95%,$75,$18,$57,$0,$40,$60,$15,$0,$15,$5,$10,$10,$10,$0,$0,$27,27,$0.34,$0.34,$160,$0,$0,$4100,$25,$155,$40,$175,$395,$4496,$3540,$580,$0,$580,$4120,$0,$-536,$1,$376,$4496,$-728,$776,$44,$820,$7,$0,$5,$11,$22,$114,$-4,$0,$401,$0,$-15,$-15,$-33,$348,$-170,$0,$-170,$-1,$-1,$-35,$-198,$-404,$58,$1,$-35
40,2008-09-30,20.9,$13.37,1.56,$11.97,1.75,$13.25,1.58,$-26.55,0.0,$4.02B,$3.24B,1.24,$0.75B,$0.38B,2.0,$0.33B,$0.25B,77.44%,$0.33B,$-0.69B,-211.28%,$0.33B,0,0.00%,$0.33B,0,0.00%,$0.33B,$-0.69B,-211.28%,$0.33B,$-0.72B,-219.82%,$-0.72B,$0.38B,-104.99%,$-0.72B,$0.34B,-215.38%,$-0.72B,$4.36B,-15.36%,$-0.69B,$1.13B,-49.06%,$77,$16,$61,$0,$43,$61,$16,$0,$16,$6,$10,$10,$10,$0,$0,$27,27,$0.35,$0.35,$130,$0,$0,$4019,$25,$131,$36,$152,$345,$4363,$3236,$751,$0,$751,$3987,$0,$-545,$-0,$376,$4363,$-738,$773,$37,$809,$7,$0,$-1,$7,$13,$85,$-3,$0,$0,$0,$3,$3,$23,$23,$0,$0,$0,$-0,$-0,$-26,$-53,$-79,$29,$4,$-26
41,2008-06-30,10.71,$13.30,0.81,$12.37,0.87,$15.90,0.67,$-26.13,0.0,$3.99B,$3.24B,1.23,$0.73B,$0.38B,1.95,$0.34B,$0.27B,77.03%,$0.34B,$-0.67B,-195.35%,$0.34B,0,0.00%,$0.34B,0,0.00%,$0.34B,$-0.67B,-195.35%,$0.34B,$-0.71B,-206.10%,$-0.71B,$0.38B,-79.80%,$-0.71B,$0.34B,-206.86%,$-0.71B,$4.34B,-14.54%,$-0.67B,$1.11B,-43.93%,$77,$16,$61,$0,$38,$543,$-466,$-0,$-466,$8,$-475,$-475,$-475,$0,$0,$27,27,$-17.47,$-17.47,$127,$0,$0,$3987,$26,$143,$39,$148,$356,$4343,$3237,$731,$0,$731,$3969,$0,$-555,$-0,$375,$4343,$-747,$769,$24,$793,$7,$0,$1,$4,$11,$57,$-2,$0,$0,$0,$-10,$-10,$71,$59,$-19,$0,$-19,$-0,$-0,$-18,$-53,$-90,$25,$2,$-18
42,2008-03-31,19.04,$30.49,0.62,$12.79,1.49,$18.42,1.03,$-7.88,0.0,$4.05B,$3.36B,1.21,$0.67B,$0.86B,0.78,$0.36B,$0.28B,77.01%,$0.36B,$-0.17B,-46.26%,$0.36B,0,0.00%,$0.36B,0,0.00%,$0.36B,$-0.17B,-46.54%,$0.36B,$-0.21B,-58.45%,$-0.21B,$0.86B,-19.16%,$-0.21B,$0.33B,-58.49%,$-0.21B,$4.89B,-4.16%,$-0.17B,$1.53B,-10.00%,$84,$20,$64,$0,$59,$356,$-272,$0,$-272,$1,$-273,$-273,$-273,$0,$0,$27,27,$-10.05,$-10.05,$130,$0,$0,$4053,$26,$150,$528,$136,$840,$4893,$3364,$670,$0,$670,$4034,$938,$-80,$1,$858,$4893,$-273,$279,$27,$306,$3,$0,$0,$1,$5,$38,$-1,$0,$0,$0,$-15,$-15,$22,$5,$-80,$0,$-80,$-0,$-0,$-9,$74,$-15,$28,$1,$-9
43,2007-12-31,28.97,$40.65,0.71,$13.38,2.16,$18.75,1.55,$3.15,9.2,$4.08B,$3.29B,1.24,$0.75B,$1.14B,0.66,$0.38B,$0.30B,77.60%,$0.38B,$0.15B,40.10%,$0.38B,0,0.00%,$0.38B,0,0.00%,$0.38B,$0.15B,39.58%,$0.38B,$0.09B,23.70%,$0.09B,$1.14B,7.70%,$0.09B,$0.33B,24.14%,$0.09B,$5.18B,1.75%,$0.15B,$1.89B,9.13%,$90,$21,$68,$0,$36,$60,$29,$-0,$29,$12,$17,$17,$17,$0,$0,$28,28,$0.62,$0.62,$102,$0,$0,$4081,$26,$134,$806,$133,$1098,$5179,$3290,$750,$0,$750,$4041,$0,$201,$1,$1138,$5179,$90,$15,$10,$25,$77,$0,$-10,$3,$70,$185,$5,$0,$-2,$0,$-11,$-11,$351,$344,$19,$0,$19,$-123,$-123,$-37,$-437,$-579,$-50,$8,$-37
44,2007-09-30,38.16,$40.49,0.94,$14.15,2.7,$15.57,2.45,$3.35,11.39,$4.04B,$3.49B,1.16,$0.41B,$1.18B,0.35,$0.39B,$0.30B,78.15%,$0.39B,$0.16B,42.16%,$0.39B,0,0.00%,$0.39B,0,0.00%,$0.39B,$0.16B,41.13%,$0.39B,$0.10B,24.94%,$0.10B,$1.18B,8.15%,$0.10B,$0.37B,24.95%,$0.10B,$5.09B,1.84%,$0.16B,$1.60B,9.83%,$93,$21,$72,$0,$32,$56,$37,$0,$37,$15,$22,$22,$22,$0,$0,$29,29,$0.77,$0.77,$160,$0,$0,$4036,$27,$88,$811,$124,$1049,$5085,$3489,$414,$0,$414,$3903,$990,$193,$0,$1183,$5085,$73,$11,$10,$21,$69,$0,$-9,$2,$63,$157,$6,$0,$-2,$0,$34,$34,$468,$507,$-318,$0,$-318,$-68,$-68,$-29,$-240,$-655,$9,$7,$-29
45,2007-06-30,39.66,$40.55,0.98,$14.30,2.77,$12.05,3.29,$3.46,11.46,$4.07B,$3.48B,1.17,$0.44B,$1.23B,0.36,$0.38B,$0.30B,78.84%,$0.38B,$0.16B,43.12%,$0.38B,0,0.00%,$0.38B,0,0.00%,$0.38B,$0.16B,42.06%,$0.38B,$0.10B,25.40%,$0.10B,$1.23B,8.59%,$0.10B,$0.41B,25.75%,$0.10B,$5.14B,1.86%,$0.16B,$1.67B,9.85%,$94,$20,$74,$0,$33,$55,$39,$-1,$38,$15,$23,$23,$23,$0,$0,$29,29,$0.78,$0.78,$143,$0,$0,$4068,$37,$100,$817,$122,$1076,$5144,$3477,$441,$0,$441,$3919,$1045,$181,$-0,$1225,$5144,$51,$7,$12,$19,$56,$0,$8,$1,$64,$135,$-3,$0,$-2,$0,$21,$21,$433,$449,$-291,$0,$-291,$-9,$-9,$-19,$-273,$-592,$-8,$5,$-19
46,2007-03-31,38.97,$39.77,0.98,$14.37,2.71,$9.03,4.32,$3.32,11.74,$4.28B,$3.74B,1.14,$0.41B,$1.18B,0.35,$0.36B,$0.29B,79.67%,$0.36B,$0.15B,41.50%,$0.36B,0,0.00%,$0.36B,0,0.00%,$0.36B,$0.15B,40.39%,$0.36B,$0.09B,24.23%,$0.09B,$1.18B,8.45%,$0.09B,$0.40B,25.46%,$0.09B,$5.33B,1.74%,$0.15B,$1.60B,9.49%,$107,$23,$84,$0,$33,$58,$49,$-0,$48,$20,$29,$29,$29,$0,$0,$29,29,$0.99,$0.98,$352,$0,$0,$4276,$37,$111,$788,$121,$1057,$5333,$3736,$414,$0,$414,$4151,$1015,$167,$-0,$1182,$5333,$29,$4,$17,$21,$7,$0,$-5,$-1,$2,$51,$-2,$0,$0,$0,$10,$10,$399,$407,$-234,$0,$-234,$-9,$-9,$-9,$-5,$-258,$200,$2,$-9
47,2006-12-31,35.82,$39.42,0.91,$14.03,2.55,$8.13,4.41,$3.23,11.09,$4.48B,$3.74B,1.2,$0.65B,$1.17B,0.56,$0.32B,$0.26B,81.13%,$0.32B,$0.13B,40.57%,$0.32B,0,0.00%,$0.32B,0,0.00%,$0.32B,$0.13B,39.62%,$0.32B,$0.08B,23.58%,$0.08B,$1.17B,8.40%,$0.08B,$0.38B,24.88%,$0.08B,$5.55B,1.63%,$0.13B,$1.82B,9.09%,$95,$21,$74,$0,$33,$56,$39,$-1,$37,$15,$23,$23,$23,$0,$0,$23,24,$0.81,$0.81,$151,$0,$0,$4483,$37,$120,$789,$125,$1071,$5553,$3737,$648,$0,$648,$4385,$1020,$148,$-0,$1168,$5553,$76,$12,$17,$28,$1,$0,$-24,$13,$-10,$94,$-7,$0,$-0,$3,$218,$221,$-261,$-47,$285,$0,$285,$111,$111,$-30,$-367,$-1,$46,$7,$-30
