,Date,Stock Price,Book Value per Share,Price to Book Ratio,TTM Sales per Share,Price to Sales Ratio,TTM FCF per Share,Price to FCF Ratio,TTM Net EPS,PE Ratio,Current Assets,Current Liabilities,Current Ratio,Long Term Debt,Shareholder's Equity_x,Debt to Equity Ratio,TTM Revenue_x,TTM Gross Profit,Gross Margin,TTM Revenue_y,TTM Operating Income,Operating Margin,TTM Revenue_x,TTM EBIT,EBIT Margin,TTM Revenue_y,TTM EBITDA,EBITDA Margin,TTM Revenue_x,TTM Pre-Tax Income,Pre-Tax Margin,TTM Revenue_y,TTM Net Income_x,Net Margin,TTM Net Income_y,Shareholder's Equity_y,Return on Equity,TTM Net Income_x,Tangible Equity,Return on Tangible Equity,TTM Net Income_y,Total Assets,Return on Assets,TTM Net Income,LT Investments & Debt,Return on Investment,revenue,cost-goods-sold,gross-profit,research-development-expenses,selling-general-administrative-expenses,operating-expenses,operating-income,total-non-operating-income-expense,pre-tax-income,total-provision-income-taxes,income-after-taxes,income-from-continuous-operations,net-income,ebitda,ebit,basic-shares-outstanding,shares-outstanding,eps-basic-net-earnings-per-share,eps-earnings-per-share-diluted,cash-on-hand,inventory,other-current-assets,total-current-assets,net-property-plant-equipment,long-term-investments,goodwill-intangible-assets-total,other-long-term-assets,total-long-term-assets,total-assets,total-current-liabilities,long-term-debt,other-non-current-liabilities,total-long-term-liabilities,total-liabilities,common-stock-net,retained-earnings-accumulated-deficit,comprehensive-income,total-share-holder-equity,total-liabilities-share-holders-equity,net-income-loss,total-depreciation-amortization-cash-flow,other-non-cash-items,total-non-cash-items,change-in-accounts-receivable,change-in-inventories,change-in-accounts-payable,change-in-assets-liabilities,total-change-in-assets-liabilities,cash-flow-from-operating-activities,net-change-in-property-plant-equipment,net-change-in-intangible-assets,net-acquisitions-divestitures,net-change-in-short-term-investments,net-change-in-long-term-investments,net-change-in-investments-total,investing-activities-other,cash-flow-from-investing-activities,net-long-term-debt,net-current-debt,debt-issuance-retirement-net-total,net-common-equity-issued-repurchased,net-total-equity-issued-repurchased,total-common-preferred-stock-dividends-paid,financial-activities-other,cash-flow-from-financial-activities,net-cash-flow,stock-based-compensation,common-stock-dividends-paid
0,2018-09-30,47.39,$30.78,1.54,$266.22,0.18,$13.71,3.46,$8.22,5.77,$4.87B,$4.83B,1.01,$1.99B,$2.61B,0.76,$22.74B,$3.42B,15.01%,$22.74B,$0.67B,2.93%,$22.74B,$0.67B,2.93%,$22.74B,$0.77B,3.37%,$22.74B,$0.61B,2.66%,$22.74B,$0.70B,3.09%,$0.70B,$2.61B,27.95%,$0.70B,$0.45B,204.81%,$0.70B,$10.53B,6.62%,$0.67B,$4.61B,14.53%,$5659,$4806,$853,$0,$663,$5495,$164,$-7,$157,$27,$130,$130,$130,$190,$164,$85,85,$1.53,$1.53,$38,$3783,$92,$4866,$2178,$1300,$2165,$18,$5661,$10527,$4826,$1993,$548,$3089,$7915,$0,$2299,$-204,$2612,$10527,$373,$77,$-5,$72,$6,$205,$0,$-165,$72,$536,$-178,$0,$-110,$0,$0,$0,$-4,$-292,$-101,$0,$-101,$-56,$-56,$-90,$-6,$-252,$-8,$0,$-90
1,2018-06-30,46.52,$29.76,1.56,$263.80,0.18,$12.83,3.63,$7.79,5.97,$4.96B,$4.91B,1.01,$2.06B,$2.53B,0.82,$22.61B,$3.39B,14.97%,$22.61B,$0.65B,2.89%,$22.61B,$0.65B,2.89%,$22.61B,$0.75B,3.33%,$22.61B,$0.59B,2.60%,$22.61B,$0.67B,2.95%,$0.67B,$2.53B,27.91%,$0.67B,$0.35B,295.46%,$0.67B,$10.57B,6.32%,$0.65B,$4.59B,14.52%,$5940,$5051,$890,$0,$675,$5752,$189,$-13,$176,$41,$135,$135,$135,$214,$189,$85,85,$1.59,$1.58,$46,$3895,$98,$4958,$2145,$1279,$2175,$14,$5613,$10571,$4906,$2060,$548,$3138,$8045,$0,$2200,$-186,$2526,$10571,$243,$51,$3,$54,$40,$93,$0,$-42,$120,$417,$-113,$0,$-110,$0,$0,$0,$-3,$-226,$-70,$0,$-70,$-56,$-56,$-59,$-6,$-191,$0,$0,$-59
2,2018-03-31,43.7,$29.35,1.49,$256.44,0.17,$11.66,3.75,$7.44,5.87,$5.17B,$5.14B,1.01,$2.14B,$2.49B,0.86,$22.05B,$3.31B,15.02%,$22.05B,$0.64B,2.89%,$22.05B,$0.64B,2.89%,$22.05B,$0.74B,3.33%,$22.05B,$0.57B,2.58%,$22.05B,$0.64B,2.89%,$0.64B,$2.49B,28.20%,$0.64B,$0.28B,554.78%,$0.64B,$10.84B,6.17%,$0.64B,$4.63B,14.64%,$5747,$4883,$864,$0,$663,$5571,$176,$-31,$144,$37,$108,$108,$108,$201,$176,$86,86,$1.26,$1.26,$53,$3972,$105,$5165,$2174,$1276,$2213,$15,$5678,$10843,$5139,$2137,$567,$3210,$8349,$0,$2095,$-115,$2494,$10843,$108,$26,$6,$32,$-77,$9,$0,$21,$62,$175,$-65,$0,$-98,$0,$0,$0,$-6,$-169,$80,$0,$80,$-50,$-50,$-29,$0,$1,$7,$0,$-29
3,2017-12-31,46.84,$28.30,1.66,$248.98,0.19,$12.26,3.82,$7.14,6.56,$5.03B,$5.00B,1.01,$2.09B,$2.43B,0.86,$21.39B,$3.22B,15.07%,$21.39B,$0.61B,2.86%,$21.39B,$0.61B,2.86%,$21.39B,$0.71B,3.31%,$21.39B,$0.55B,2.57%,$21.39B,$0.61B,2.87%,$0.61B,$2.43B,29.00%,$0.61B,$0.29B,2694.51%,$0.61B,$10.54B,6.14%,$0.61B,$4.52B,14.67%,$5398,$4590,$808,$0,$646,$5261,$137,$-9,$128,$-201,$329,$329,$330,$162,$137,$86,86,$3.85,$3.85,$46,$3944,$82,$5027,$2109,$1257,$2135,$14,$5514,$10541,$5000,$2090,$540,$3112,$8113,$0,$2009,$-147,$2428,$10541,$613,$95,$-177,$-82,$-73,$-420,$0,$276,$55,$623,$-225,$0,$-689,$0,$0,$0,$-15,$-929,$459,$0,$459,$-19,$-19,$-108,$-10,$323,$22,$0,$-108
4,2017-09-30,46.24,$24.62,1.88,$242.96,0.19,$9.58,4.82,$4.26,10.85,$4.84B,$4.68B,1.04,$2.17B,$2.11B,1.03,$20.88B,$3.14B,15.05%,$20.88B,$0.60B,2.87%,$20.88B,$0.60B,2.87%,$20.88B,$0.69B,3.32%,$20.88B,$0.54B,2.57%,$20.88B,$0.37B,1.75%,$0.37B,$2.11B,18.75%,$0.37B,$-0.02B,-1092.54%,$0.37B,$10.28B,3.83%,$0.60B,$4.28B,15.21%,$5524,$4702,$823,$0,$646,$5372,$152,$-13,$139,$45,$94,$94,$94,$177,$152,$86,86,$1.10,$1.10,$37,$3770,$97,$4843,$2091,$1185,$2134,$30,$5440,$10282,$4677,$2171,$552,$3494,$8170,$0,$1708,$-152,$2112,$10282,$284,$70,$152,$222,$-49,$-227,$0,$138,$-39,$467,$-180,$0,$-680,$0,$0,$0,$4,$-856,$506,$0,$506,$-19,$-19,$-80,$-10,$397,$13,$0,$-80
5,2017-06-30,42.35,$23.44,1.81,$239.19,0.18,$9.67,4.38,$4.19,10.11,$4.67B,$4.56B,1.02,$1.96B,$2.02B,0.97,$20.50B,$3.06B,14.93%,$20.50B,$0.59B,2.87%,$20.50B,$0.59B,2.87%,$20.50B,$0.68B,3.31%,$20.50B,$0.53B,2.57%,$20.50B,$0.36B,1.76%,$0.36B,$2.02B,19.24%,$0.36B,$-0.09B,-3000.00%,$0.36B,$9.71B,3.95%,$0.59B,$3.97B,15.61%,$5383,$4566,$817,$0,$622,$5211,$172,$-15,$157,$50,$107,$107,$106,$195,$172,$86,86,$1.23,$1.23,$21,$3712,$104,$4665,$1990,$922,$2109,$27,$5047,$9712,$4560,$1956,$525,$3136,$7695,$0,$1641,$-186,$2017,$9712,$190,$46,$56,$101,$58,$-178,$0,$63,$29,$321,$-113,$0,$-423,$0,$0,$0,$6,$-530,$269,$0,$269,$-9,$-9,$-52,$-6,$203,$-3,$0,$-52
6,2017-03-31,44.82,$22.02,2.04,$238.26,0.19,$8.84,5.07,$4.06,11.04,$4.59B,$4.42B,1.04,$1.99B,$1.90B,1.05,$20.38B,$3.02B,14.80%,$20.38B,$0.58B,2.85%,$20.38B,$0.58B,2.85%,$20.38B,$0.67B,3.30%,$20.38B,$0.51B,2.52%,$20.38B,$0.35B,1.71%,$0.35B,$1.90B,19.34%,$0.35B,$-0.09B,2530.91%,$0.35B,$9.40B,3.99%,$0.58B,$3.89B,16.07%,$5081,$4307,$774,$0,$602,$4931,$150,$-26,$125,$41,$84,$84,$83,$173,$150,$86,86,$0.96,$0.96,$72,$3566,$99,$4590,$1875,$907,$1985,$39,$4806,$9395,$4420,$1989,$481,$3078,$7499,$0,$1562,$-225,$1897,$9395,$83,$22,$30,$52,$34,$-53,$0,$20,$87,$199,$-37,$0,$-305,$0,$0,$0,$0,$-342,$216,$0,$216,$-3,$-3,$-26,$0,$188,$48,$0,$-26
7,2016-12-31,49.36,$20.88,2.36,$233.54,0.21,$7.35,6.71,$4.00,12.34,$4.39B,$4.23B,1.04,$1.83B,$1.78B,1.03,$20.12B,$2.97B,14.74%,$20.12B,$0.58B,2.86%,$20.12B,$0.58B,2.86%,$20.12B,$0.67B,3.31%,$20.12B,$0.51B,2.53%,$20.12B,$0.34B,1.71%,$0.34B,$1.78B,19.58%,$0.34B,$0.07B,1042.42%,$0.34B,$8.83B,4.09%,$0.58B,$3.61B,16.87%,$4888,$4161,$727,$0,$579,$4763,$125,$-10,$115,$32,$83,$83,$83,$148,$125,$86,86,$0.96,$0.96,$24,$3408,$74,$4394,$1807,$893,$1711,$28,$4440,$8833,$4230,$1829,$431,$2824,$7054,$0,$1505,$-251,$1780,$8833,$346,$90,$113,$203,$-93,$130,$0,$-163,$-143,$371,$-203,$0,$-639,$0,$0,$0,$6,$-837,$724,$0,$724,$-174,$-174,$-95,$-22,$433,$-38,$0,$-95
8,2016-09-30,45.57,$21.00,2.17,$231.53,0.2,$7.61,5.99,$3.81,11.96,$4.34B,$4.16B,1.04,$1.83B,$1.79B,1.03,$20.15B,$2.96B,14.67%,$20.15B,$0.58B,2.86%,$20.15B,$0.58B,2.86%,$20.15B,$0.66B,3.29%,$20.15B,$0.50B,2.47%,$20.15B,$0.33B,1.64%,$0.33B,$1.79B,18.70%,$0.33B,$0.06B,788.10%,$0.33B,$8.56B,4.03%,$0.58B,$3.62B,17.58%,$5152,$4408,$744,$0,$581,$5011,$142,$-11,$130,$42,$88,$88,$88,$163,$142,$85,85,$1.03,$1.03,$89,$3280,$105,$4336,$1588,$891,$1725,$19,$4224,$8559,$4163,$1834,$249,$2608,$6771,$0,$1447,$-189,$1789,$8559,$264,$67,$60,$127,$-67,$247,$0,$-174,$21,$463,$-172,$0,$-605,$0,$0,$0,$-10,$-786,$632,$0,$632,$-174,$-174,$-70,$-23,$366,$27,$0,$-70
9,2016-06-30,29.55,$20.35,1.45,$226.11,0.13,$6.65,4.44,$3.74,7.9,$4.39B,$4.04B,1.09,$1.61B,$1.73B,0.93,$19.96B,$2.94B,14.73%,$19.96B,$0.58B,2.91%,$19.96B,$0.58B,2.91%,$19.96B,$0.67B,3.34%,$19.96B,$0.50B,2.49%,$19.96B,$0.33B,1.65%,$0.33B,$1.73B,18.56%,$0.33B,$0.01B,561.70%,$0.33B,$8.08B,4.13%,$0.58B,$3.35B,18.62%,$5254,$4483,$771,$0,$583,$5090,$164,$-21,$144,$47,$96,$96,$94,$189,$164,$85,85,$1.10,$1.10,$98,$3352,$102,$4386,$1577,$371,$1722,$20,$3690,$8075,$4042,$1613,$238,$2301,$6342,$0,$1383,$-178,$1733,$8075,$175,$45,$5,$50,$-41,$157,$0,$-185,$11,$271,$-137,$0,$-65,$0,$0,$0,$-25,$-227,$238,$0,$238,$-174,$-174,$-46,$-23,$-5,$35,$0,$-46
10,2016-03-31,35.33,$20.21,1.75,$219.07,0.16,$7.16,4.94,$3.68,9.6,$4.51B,$4.44B,1.02,$1.33B,$1.72B,0.77,$19.63B,$2.90B,14.78%,$19.63B,$0.58B,2.93%,$19.63B,$0.58B,2.93%,$19.63B,$0.66B,3.34%,$19.63B,$0.50B,2.53%,$19.63B,$0.33B,1.68%,$0.33B,$1.72B,18.44%,$0.33B,$-0.01B,413.79%,$0.33B,$8.17B,4.22%,$0.58B,$3.05B,19.13%,$4825,$4101,$724,$0,$559,$4681,$144,$-25,$120,$39,$80,$80,$79,$165,$144,$88,88,$0.90,$0.90,$46,$3513,$102,$4506,$1546,$367,$1735,$20,$3667,$8173,$4439,$1330,$242,$2010,$6449,$0,$1313,$-123,$1724,$8173,$80,$21,$-2,$19,$-53,$-50,$0,$15,$-31,$83,$-47,$0,$-0,$0,$0,$0,$-26,$-73,$166,$0,$166,$-168,$-168,$-23,$-5,$-29,$-17,$0,$-23
11,2015-12-31,39.13,$20.50,1.91,$214.08,0.18,$8.52,4.59,$3.61,10.84,$4.41B,$4.29B,1.03,$1.25B,$1.84B,0.68,$19.29B,$2.87B,14.87%,$19.29B,$0.57B,2.94%,$19.29B,$0.57B,2.94%,$19.29B,$0.64B,3.34%,$19.29B,$0.49B,2.56%,$19.29B,$0.33B,1.69%,$0.33B,$1.84B,18.35%,$0.33B,$0.10B,379.07%,$0.33B,$8.01B,4.30%,$0.57B,$3.08B,19.20%,$4921,$4204,$717,$0,$571,$4795,$126,$-23,$104,$30,$74,$74,$70,$146,$126,$90,90,$0.80,$0.80,$62,$3464,$86,$4407,$1520,$336,$1731,$19,$3607,$8013,$4286,$1247,$212,$1893,$6179,$0,$1257,$-123,$1835,$8013,$330,$78,$20,$98,$-24,$-428,$0,$361,$-25,$398,$-200,$0,$-157,$0,$0,$0,$5,$-352,$92,$0,$92,$-49,$-49,$-85,$-14,$-56,$26,$0,$-85
12,2015-09-30,44.54,$20.22,2.2,$208.49,0.21,$8.34,5.34,$3.63,12.27,$4.14B,$4.05B,1.02,$1.16B,$1.82B,0.63,$18.81B,$2.81B,14.95%,$18.81B,$0.56B,2.96%,$18.81B,$0.56B,2.96%,$18.81B,$0.63B,3.37%,$18.81B,$0.51B,2.68%,$18.81B,$0.33B,1.74%,$0.33B,$1.82B,18.87%,$0.33B,$0.13B,496.97%,$0.33B,$7.68B,4.44%,$0.56B,$2.98B,19.00%,$4960,$4231,$729,$0,$563,$4814,$146,$-17,$129,$42,$88,$88,$87,$166,$146,$90,90,$0.96,$0.96,$50,$3188,$109,$4138,$1477,$340,$1690,$30,$3537,$7675,$4047,$1155,$256,$1807,$5854,$0,$1209,$-112,$1821,$7675,$259,$58,$-32,$26,$-17,$-180,$0,$225,$88,$373,$-151,$0,$-85,$0,$0,$0,$0,$-236,$-71,$0,$-71,$-22,$-22,$-62,$-8,$-163,$13,$0,$-62
13,2015-06-30,47.7,$19.75,2.42,$202.13,0.24,$7.38,6.46,$3.50,13.63,$3.98B,$3.94B,1.01,$1.13B,$1.78B,0.64,$18.25B,$2.73B,14.97%,$18.25B,$0.54B,2.95%,$18.25B,$0.54B,2.95%,$18.25B,$0.61B,3.36%,$18.25B,$0.49B,2.70%,$18.25B,$0.32B,1.73%,$0.32B,$1.78B,18.63%,$0.32B,$0.10B,413.07%,$0.32B,$7.43B,4.42%,$0.54B,$2.91B,18.63%,$4921,$4189,$731,$0,$553,$4762,$159,$-15,$144,$48,$96,$96,$94,$178,$159,$90,90,$1.04,$1.04,$37,$3055,$107,$3984,$1378,$359,$1684,$29,$3450,$7434,$3940,$1131,$193,$1715,$5655,$0,$1144,$-69,$1779,$7434,$172,$38,$-34,$4,$-37,$-186,$0,$192,$69,$271,$-84,$0,$-86,$0,$0,$0,$0,$-170,$-74,$0,$-74,$-22,$-22,$-41,$-2,$-138,$3,$0,$-41
14,2015-03-31,46.92,$18.52,2.53,$195.93,0.24,$6.70,7.01,$3.27,14.35,$3.87B,$3.81B,1.02,$1.17B,$1.67B,0.7,$17.70B,$2.66B,15.00%,$17.70B,$0.52B,2.92%,$17.70B,$0.52B,2.92%,$17.70B,$0.59B,3.33%,$17.70B,$0.47B,2.67%,$17.70B,$0.30B,1.67%,$0.30B,$1.67B,17.73%,$0.30B,$0.01B,348.08%,$0.30B,$7.23B,4.23%,$0.52B,$2.85B,18.24%,$4483,$3793,$690,$0,$536,$4347,$136,$-20,$116,$39,$77,$77,$75,$154,$136,$90,90,$0.83,$0.83,$67,$2886,$107,$3868,$1327,$351,$1658,$25,$3360,$7228,$3812,$1174,$185,$1744,$5556,$0,$1071,$-108,$1671,$7228,$76,$19,$-28,$-10,$-44,$-17,$0,$103,$106,$193,$-34,$0,$-86,$0,$0,$0,$0,$-120,$-38,$0,$-38,$-14,$-14,$-20,$-1,$-74,$31,$0,$-20
15,2014-12-31,44.52,$18.63,2.39,$190.65,0.23,$5.95,7.48,$3.19,13.96,$3.86B,$3.63B,1.06,$1.32B,$1.68B,0.78,$17.23B,$2.58B,14.97%,$17.23B,$0.50B,2.91%,$17.23B,$0.50B,2.91%,$17.23B,$0.57B,3.32%,$17.23B,$0.46B,2.66%,$17.23B,$0.29B,1.67%,$0.29B,$1.68B,17.54%,$0.29B,$0.02B,283.74%,$0.29B,$7.23B,4.23%,$0.50B,$3.00B,18.12%,$4450,$3787,$663,$0,$527,$4334,$116,$0,$116,$38,$78,$78,$72,$136,$116,$90,90,$0.78,$0.78,$36,$2836,$125,$3860,$1332,$353,$1657,$27,$3368,$7228,$3630,$1316,$191,$1917,$5547,$0,$1015,$-53,$1681,$7228,$290,$70,$20,$91,$-41,$-121,$0,$141,$-2,$359,$-176,$0,$-355,$0,$0,$0,$-23,$-554,$255,$0,$255,$-16,$-16,$-71,$-4,$165,$-14,$0,$-71
16,2014-09-30,36.66,$18.35,2.0,$182.85,0.2,$5.30,6.92,$3.05,12.02,$3.42B,$3.31B,1.04,$1.16B,$1.66B,0.7,$16.53B,$2.46B,14.89%,$16.53B,$0.49B,2.95%,$16.53B,$0.49B,2.95%,$16.53B,$0.55B,3.35%,$16.53B,$0.43B,2.61%,$16.53B,$0.28B,1.66%,$0.28B,$1.66B,17.17%,$0.28B,$0.17B,232.07%,$0.28B,$6.68B,4.16%,$0.49B,$2.82B,18.47%,$4397,$3749,$648,$0,$502,$4269,$128,$-11,$117,$40,$77,$77,$75,$146,$128,$90,90,$0.83,$0.83,$151,$2479,$100,$3419,$1375,$387,$1483,$19,$3263,$6682,$3305,$1162,$186,$1722,$5027,$0,$963,$-13,$1655,$6682,$217,$51,$-6,$45,$-42,$60,$0,$-77,$10,$276,$-140,$0,$-86,$0,$0,$0,$-25,$-251,$127,$0,$127,$-16,$-16,$-52,$0,$60,$100,$0,$-52
17,2014-06-30,44.52,$18.25,2.44,$175.83,0.25,$4.90,9.09,$2.94,15.14,$3.48B,$3.52B,0.99,$1.01B,$1.65B,0.61,$15.89B,$2.38B,15.00%,$15.89B,$0.47B,2.95%,$15.89B,$0.47B,2.95%,$15.89B,$0.53B,3.35%,$15.89B,$0.41B,2.60%,$15.89B,$0.27B,1.67%,$0.27B,$1.65B,17.07%,$0.27B,$0.13B,296.92%,$0.27B,$6.74B,4.11%,$0.47B,$2.65B,18.35%,$4371,$3716,$655,$0,$502,$4235,$136,$-13,$123,$41,$82,$82,$73,$153,$136,$90,90,$0.81,$0.81,$61,$2616,$111,$3482,$1368,$355,$1518,$19,$3260,$6742,$3524,$1007,$193,$1572,$5096,$0,$906,$37,$1647,$6742,$142,$33,$-1,$32,$-37,$-56,$0,$35,$50,$207,$-82,$0,$-86,$0,$0,$0,$4,$-164,$-5,$0,$-5,$-16,$-16,$-34,$0,$-54,$11,$0,$-34
18,2014-03-31,38.3,$17.48,2.19,$167.69,0.23,$3.84,9.96,$2.82,13.58,$3.44B,$3.46B,0.99,$1.01B,$1.58B,0.64,$15.15B,$2.29B,15.11%,$15.15B,$0.45B,2.94%,$15.15B,$0.45B,2.94%,$15.15B,$0.51B,3.35%,$15.15B,$0.39B,2.56%,$15.15B,$0.25B,1.68%,$0.25B,$1.58B,17.17%,$0.25B,$0.08B,287.01%,$0.25B,$6.61B,4.13%,$0.45B,$2.59B,18.16%,$4015,$3401,$614,$0,$477,$3895,$121,$-18,$102,$35,$68,$68,$68,$137,$121,$90,91,$0.75,$0.75,$55,$2547,$102,$3437,$1301,$352,$1502,$20,$3175,$6612,$3463,$1010,$191,$1566,$5029,$0,$851,$18,$1583,$6612,$68,$16,$-6,$11,$-76,$-1,$0,$37,$45,$133,$-40,$0,$-82,$0,$0,$0,$0,$-122,$-20,$0,$-20,$0,$0,$-16,$0,$-36,$5,$0,$-16
19,2013-12-31,42.06,$16.87,2.49,$160.35,0.26,$3.14,13.38,$2.71,15.52,$3.49B,$3.38B,1.03,$0.98B,$1.52B,0.65,$14.48B,$2.20B,15.20%,$14.48B,$0.43B,2.96%,$14.48B,$0.43B,2.96%,$14.48B,$0.49B,3.38%,$14.48B,$0.37B,2.57%,$14.48B,$0.24B,1.68%,$0.24B,$1.52B,17.30%,$0.24B,$0.09B,276.49%,$0.24B,$6.42B,4.17%,$0.43B,$2.50B,18.31%,$3744,$3200,$544,$0,$425,$3640,$103,$-13,$90,$29,$61,$61,$59,$118,$103,$90,90,$0.66,$0.65,$50,$2501,$88,$3488,$1120,$347,$1430,$31,$2927,$6416,$3384,$982,$167,$1510,$4893,$694,$799,$12,$1522,$6416,$246,$60,$57,$117,$-35,$-391,$0,$291,$-55,$299,$-175,$0,$-314,$0,$0,$0,$-3,$-492,$272,$0,$272,$-16,$-16,$-56,$0,$201,$6,$0,$-56
20,2013-09-30,37.79,$16.16,2.34,$153.17,0.25,$3.72,10.15,$2.59,14.59,$3.04B,$3.04B,1.0,$1.01B,$1.46B,0.7,$13.83B,$2.13B,15.42%,$13.83B,$0.42B,3.02%,$13.83B,$0.42B,3.02%,$13.83B,$0.48B,3.44%,$13.83B,$0.36B,2.61%,$13.83B,$0.23B,1.69%,$0.23B,$1.46B,17.22%,$0.23B,$0.06B,284.50%,$0.23B,$6.01B,4.19%,$0.42B,$2.47B,18.37%,$3759,$3188,$571,$0,$446,$3650,$109,$-12,$98,$31,$66,$66,$65,$125,$109,$90,90,$0.72,$0.72,$71,$2293,$84,$3037,$1211,$333,$1401,$28,$2973,$6011,$3044,$1014,$157,$1509,$4553,$0,$755,$-3,$1457,$6011,$186,$44,$30,$74,$-16,$-153,$0,$127,$23,$297,$-197,$0,$-221,$0,$0,$0,$-16,$-433,$128,$74,$202,$-16,$-16,$-41,$0,$146,$28,$0,$-41
21,2013-06-30,26.79,$15.04,1.78,$148.44,0.18,$4.47,5.99,$2.32,11.55,$2.81B,$2.84B,0.99,$0.88B,$1.36B,0.65,$13.41B,$2.06B,15.38%,$13.41B,$0.40B,2.96%,$13.41B,$0.40B,2.96%,$13.41B,$0.45B,3.37%,$13.41B,$0.32B,2.39%,$13.41B,$0.21B,1.57%,$0.21B,$1.36B,16.01%,$0.21B,$0.13B,254.55%,$0.21B,$5.54B,3.93%,$0.40B,$2.23B,18.23%,$3631,$3071,$560,$0,$433,$3519,$112,$-14,$98,$35,$64,$64,$62,$127,$112,$90,90,$0.69,$0.69,$26,$2126,$90,$2807,$1148,$333,$1231,$19,$2731,$5538,$2837,$875,$155,$1344,$4181,$0,$705,$-42,$1356,$5538,$121,$29,$16,$45,$6,$-140,$0,$77,$1,$174,$-143,$0,$-31,$0,$0,$0,$-10,$-184,$-56,$82,$26,$-16,$-16,$-26,$0,$-15,$-18,$0,$-26
22,2013-03-31,28.98,$14.46,2.0,$144.93,0.2,$5.74,5.05,$2.17,13.36,$2.78B,$2.80B,0.99,$0.86B,$1.31B,0.66,$13.10B,$2.01B,15.33%,$13.10B,$0.38B,2.87%,$13.10B,$0.38B,2.87%,$13.10B,$0.43B,3.28%,$13.10B,$0.30B,2.29%,$13.10B,$0.20B,1.50%,$0.20B,$1.31B,15.45%,$0.20B,$0.08B,353.36%,$0.20B,$5.42B,3.80%,$0.38B,$2.16B,17.72%,$3349,$2823,$527,$0,$407,$3244,$105,$-19,$86,$28,$58,$58,$58,$120,$105,$90,90,$0.64,$0.64,$32,$2024,$89,$2781,$1079,$311,$1226,$19,$2634,$5415,$2798,$859,$155,$1312,$4109,$0,$656,$-44,$1306,$5415,$58,$14,$9,$23,$11,$-58,$0,$29,$12,$98,$-69,$0,$-27,$0,$0,$0,$6,$-90,$-48,$50,$2,$-13,$-13,$-13,$0,$-23,$-12,$0,$-13
23,2012-12-31,25.92,$14.58,1.78,$142.84,0.18,$6.51,3.98,$2.05,12.64,$2.78B,$2.70B,1.03,$0.92B,$1.32B,0.7,$12.90B,$1.98B,15.31%,$12.90B,$0.37B,2.83%,$12.90B,$0.37B,2.83%,$12.90B,$0.42B,3.22%,$12.90B,$0.29B,2.26%,$12.90B,$0.19B,1.44%,$0.19B,$1.32B,14.95%,$0.19B,$0.07B,600.00%,$0.19B,$5.38B,3.70%,$0.37B,$2.23B,17.48%,$3095,$2620,$475,$0,$371,$3003,$92,$-13,$79,$25,$54,$54,$49,$104,$92,$90,90,$0.54,$0.54,$44,$1976,$90,$2784,$1023,$303,$1248,$21,$2595,$5379,$2695,$917,$163,$1368,$4063,$700,$611,$-7,$1316,$5379,$187,$52,$92,$144,$-86,$-312,$0,$400,$15,$326,$-149,$0,$-233,$0,$0,$0,$9,$-374,$115,$0,$115,$-10,$-10,$-42,$-10,$54,$17,$0,$-42
24,2012-09-30,25.67,$14.05,1.83,$141.26,0.18,$4.61,5.56,$2.04,12.59,$2.53B,$2.54B,0.99,$0.82B,$1.27B,0.64,$12.77B,$1.96B,15.32%,$12.77B,$0.35B,2.74%,$12.77B,$0.35B,2.74%,$12.77B,$0.40B,3.13%,$12.77B,$0.28B,2.17%,$12.77B,$0.19B,1.45%,$0.19B,$1.27B,15.38%,$0.19B,$0.06B,902.44%,$0.19B,$5.02B,3.84%,$0.35B,$2.08B,17.25%,$3336,$2835,$501,$0,$400,$3248,$88,$-30,$57,$15,$42,$42,$41,$101,$88,$90,90,$0.45,$0.45,$26,$1865,$91,$2526,$961,$304,$1211,$22,$2498,$5024,$2542,$816,$165,$1213,$3756,$0,$567,$-8,$1268,$5024,$138,$40,$20,$60,$-32,$-191,$0,$256,$71,$263,$-95,$0,$-138,$0,$0,$0,$3,$-229,$-5,$0,$-5,$-10,$-10,$-30,$-9,$-53,$-1,$0,$-30
25,2012-06-30,17.95,$13.42,1.34,$136.02,0.13,$3.85,4.66,$2.20,8.16,$2.46B,$2.50B,0.99,$0.79B,$1.21B,0.66,$12.33B,$1.92B,15.54%,$12.33B,$0.34B,2.77%,$12.33B,$0.34B,2.77%,$12.33B,$0.39B,3.16%,$12.33B,$0.29B,2.35%,$12.33B,$0.20B,1.62%,$0.20B,$1.21B,17.19%,$0.20B,$0.02B,-7272.73%,$0.20B,$4.89B,4.32%,$0.34B,$2.01B,17.08%,$3315,$2810,$505,$0,$401,$3224,$91,$-13,$78,$27,$51,$51,$49,$104,$91,$90,90,$0.54,$0.54,$37,$1831,$92,$2464,$925,$297,$1193,$14,$2429,$4893,$2500,$794,$165,$1182,$3682,$0,$536,$-26,$1211,$4893,$97,$26,$-1,$26,$-8,$-175,$0,$176,$86,$202,$-57,$0,$-112,$0,$0,$0,$-4,$-172,$-9,$0,$-9,$-10,$-10,$-19,$0,$-38,$9,$0,$-19
26,2012-03-31,20.64,$13.09,1.58,$129.89,0.16,$2.14,9.62,$2.09,9.88,$2.42B,$2.42B,1.0,$0.85B,$1.18B,0.72,$11.84B,$1.87B,15.76%,$11.84B,$0.32B,2.70%,$11.84B,$0.32B,2.70%,$11.84B,$0.37B,3.10%,$11.84B,$0.27B,2.30%,$11.84B,$0.19B,1.61%,$0.19B,$1.18B,16.74%,$0.19B,$-0.02B,1317.24%,$0.19B,$4.84B,4.31%,$0.32B,$2.03B,16.39%,$3156,$2663,$494,$0,$387,$3062,$94,$-17,$77,$27,$50,$50,$47,$107,$94,$90,90,$0.52,$0.52,$32,$1770,$92,$2416,$915,$288,$1202,$14,$2419,$4835,$2415,$849,$167,$1238,$3653,$0,$497,$-15,$1182,$4835,$47,$13,$4,$16,$-34,$-101,$0,$134,$73,$125,$-26,$0,$-108,$0,$0,$0,$0,$-134,$9,$0,$9,$-9,$-9,$-9,$0,$-8,$4,$0,$-9
27,2011-12-31,16.0,$12.73,1.26,$124.67,0.13,$0.93,17.22,$1.94,8.25,$2.22B,$2.15B,1.03,$0.85B,$1.15B,0.74,$11.44B,$1.81B,15.84%,$11.44B,$0.30B,2.61%,$11.44B,$0.30B,2.61%,$11.44B,$0.35B,3.03%,$11.44B,$0.25B,2.16%,$11.44B,$0.18B,1.56%,$0.18B,$1.15B,15.89%,$0.18B,$0.03B,515.94%,$0.18B,$4.50B,4.16%,$0.30B,$2.00B,15.56%,$2959,$2503,$456,$0,$367,$2883,$77,$-11,$65,$22,$43,$43,$48,$87,$77,$91,91,$0.53,$0.53,$27,$1535,$73,$2224,$840,$299,$1123,$13,$2275,$4499,$2152,$847,$146,$1198,$3350,$0,$467,$-24,$1150,$4499,$178,$48,$20,$68,$-61,$-88,$0,$79,$-100,$137,$-132,$0,$-232,$0,$0,$0,$3,$-361,$265,$0,$265,$-41,$-41,$-22,$0,$202,$9,$0,$-22
28,2011-09-30,13.18,$12.33,1.07,$120.95,0.11,$2.31,5.71,$1.72,7.66,$2.02B,$2.02B,1.0,$0.84B,$1.11B,0.76,$11.15B,$1.77B,15.90%,$11.15B,$0.29B,2.57%,$11.15B,$0.29B,2.57%,$11.15B,$0.34B,3.01%,$11.15B,$0.24B,2.11%,$11.15B,$0.16B,1.43%,$0.16B,$1.11B,14.53%,$0.16B,$-0.04B,412.99%,$0.16B,$4.30B,3.81%,$0.29B,$1.95B,15.35%,$2898,$2438,$461,$0,$370,$2820,$79,$-8,$70,$13,$57,$57,$56,$91,$79,$91,91,$0.61,$0.61,$8,$1482,$89,$2017,$821,$294,$1148,$15,$2278,$4295,$2018,$842,$139,$1165,$3183,$0,$420,$-12,$1112,$4295,$130,$38,$0,$38,$1,$35,$0,$-15,$36,$180,$-80,$0,$-232,$0,$0,$0,$3,$-309,$163,$0,$163,$-41,$-41,$-14,$0,$108,$-10,$0,$-14
29,2011-06-30,18.56,$12.17,1.53,$118.23,0.16,$1.89,9.83,$1.44,12.89,$1.97B,$1.93B,1.02,$0.71B,$1.12B,0.63,$10.92B,$1.73B,15.84%,$10.92B,$0.28B,2.52%,$10.92B,$0.28B,2.52%,$10.92B,$0.33B,2.99%,$10.92B,$0.22B,2.00%,$10.92B,$0.13B,1.22%,$0.13B,$1.12B,12.41%,$0.13B,$0.09B,271.43%,$0.13B,$4.09B,3.25%,$0.28B,$1.83B,14.89%,$2830,$2374,$456,$0,$374,$2760,$70,$-9,$60,$21,$40,$40,$40,$82,$70,$93,93,$0.43,$0.43,$3,$1456,$92,$1974,$776,$288,$1033,$15,$2113,$4087,$1928,$707,$162,$1038,$2967,$0,$371,$13,$1120,$4087,$74,$25,$7,$32,$20,$10,$0,$-73,$-53,$42,$-51,$0,$-14,$0,$0,$0,$3,$-63,$-4,$0,$-4,$-10,$-10,$-6,$0,$-20,$-13,$0,$-6
30,2011-03-31,16.23,$11.87,1.37,$116.01,0.14,$2.23,7.29,$1.33,12.21,$2.12B,$2.02B,1.05,$0.78B,$1.10B,0.71,$10.71B,$1.69B,15.79%,$10.71B,$0.27B,2.53%,$10.71B,$0.27B,2.53%,$10.71B,$0.32B,3.02%,$10.71B,$0.21B,1.92%,$10.71B,$0.12B,1.14%,$0.12B,$1.10B,11.82%,$0.12B,$0.06B,642.11%,$0.12B,$4.22B,3.03%,$0.27B,$1.88B,14.72%,$2751,$2312,$439,$0,$355,$2679,$72,$-20,$52,$16,$36,$36,$34,$86,$72,$92,93,$0.37,$0.37,$35,$1536,$84,$2118,$766,$281,$1038,$18,$2102,$4220,$2021,$784,$139,$1100,$3121,$0,$338,$15,$1099,$4220,$34,$14,$9,$22,$-29,$-38,$0,$34,$-36,$10,$-21,$0,$-14,$0,$0,$0,$3,$-31,$36,$0,$36,$2,$2,$0,$0,$38,$21,$0,$0
31,2010-12-31,14.13,$11.36,1.24,$113.23,0.12,$2.52,5.59,$1.18,11.97,$2.05B,$1.96B,1.04,$0.77B,$1.05B,0.74,$10.43B,$1.66B,15.93%,$10.43B,$0.26B,2.50%,$10.43B,$0.26B,2.50%,$10.43B,$0.31B,3.01%,$10.43B,$0.19B,1.84%,$10.43B,$0.11B,1.04%,$0.11B,$1.05B,10.87%,$0.11B,$0.04B,-939.13%,$0.11B,$4.07B,2.73%,$0.26B,$1.82B,14.32%,$2670,$2253,$417,$0,$340,$2604,$66,$-13,$53,$17,$35,$35,$29,$77,$66,$92,92,$0.31,$0.31,$20,$1443,$68,$2047,$716,$288,$1004,$15,$2023,$4070,$1961,$769,$115,$1063,$3024,$0,$304,$-2,$1046,$4070,$109,$53,$18,$71,$-70,$-185,$0,$174,$-17,$207,$-75,$0,$-22,$0,$0,$0,$14,$-83,$-122,$0,$-122,$-0,$-0,$0,$0,$-122,$4,$0,$0
32,2010-09-30,10.7,$11.11,0.96,$110.84,0.1,$3.44,3.12,$1.07,10.0,$1.92B,$1.84B,1.04,$0.84B,$1.02B,0.82,$10.20B,$1.64B,16.06%,$10.20B,$0.25B,2.42%,$10.20B,$0.25B,2.42%,$10.20B,$0.30B,2.97%,$10.20B,$0.17B,1.66%,$10.20B,$0.10B,0.96%,$0.10B,$1.02B,10.12%,$0.10B,$0.01B,-254.55%,$0.10B,$3.98B,2.52%,$0.25B,$1.86B,13.44%,$2670,$2252,$418,$0,$339,$2603,$67,$-15,$53,$17,$35,$35,$30,$81,$67,$92,92,$0.33,$0.33,$6,$1438,$109,$1922,$732,$291,$1017,$14,$2054,$3976,$1840,$838,$113,$1113,$2953,$0,$276,$5,$1023,$3976,$80,$42,$12,$54,$-40,$-125,$0,$112,$-18,$119,$-56,$0,$-9,$0,$0,$0,$0,$-66,$-60,$0,$-60,$-0,$-0,$0,$0,$-60,$-6,$0,$0
33,2010-06-30,9.21,$10.44,0.88,$110.12,0.08,$5.45,1.69,$1.04,8.86,$1.84B,$1.76B,1.04,$0.84B,$0.96B,0.88,$10.12B,$1.64B,16.24%,$10.12B,$0.24B,2.38%,$10.12B,$0.24B,2.38%,$10.12B,$0.30B,2.96%,$10.12B,$0.16B,1.57%,$10.12B,$0.10B,0.94%,$0.10B,$0.96B,10.08%,$0.10B,$-0.03B,-151.39%,$0.10B,$3.84B,2.50%,$0.24B,$1.81B,13.09%,$2615,$2198,$417,$0,$340,$2549,$66,$-18,$48,$17,$31,$31,$29,$79,$66,$92,92,$0.32,$0.32,$18,$1365,$106,$1840,$708,$281,$995,$15,$1998,$3839,$1763,$844,$110,$1114,$2877,$0,$246,$-27,$962,$3839,$50,$29,$11,$40,$-26,$-47,$0,$20,$-36,$58,$-36,$0,$-9,$0,$0,$0,$0,$-45,$-22,$0,$-22,$0,$0,$0,$0,$-21,$4,$0,$0
34,2010-03-31,11.69,$10.23,1.14,$107.07,0.11,$7.37,1.59,$0.87,13.44,$1.90B,$1.83B,1.04,$0.86B,$0.94B,0.92,$9.82B,$1.62B,16.49%,$9.82B,$0.23B,2.32%,$9.82B,$0.23B,2.32%,$9.82B,$0.29B,2.96%,$9.82B,$0.14B,1.44%,$9.82B,$0.08B,0.81%,$0.08B,$0.94B,8.63%,$0.08B,$-0.06B,-93.84%,$0.08B,$3.92B,2.11%,$0.23B,$1.81B,12.31%,$2477,$2068,$410,$0,$335,$2415,$62,$-24,$38,$14,$24,$24,$20,$77,$62,$92,92,$0.22,$0.22,$24,$1384,$104,$1896,$721,$276,$1004,$19,$2020,$3916,$1826,$863,$128,$1147,$2973,$0,$217,$-15,$943,$3916,$20,$15,$12,$27,$-51,$-42,$0,$45,$-15,$35,$-18,$0,$-9,$0,$0,$0,$0,$-28,$-11,$0,$-11,$0,$0,$0,$0,$-11,$10,$0,$0
35,2009-12-31,12.31,$10.33,1.19,$103.74,0.12,$8.82,1.4,$0.83,14.83,$1.74B,$1.63B,1.07,$0.93B,$0.95B,0.99,$9.51B,$1.58B,16.61%,$9.51B,$0.21B,2.20%,$9.51B,$0.21B,2.20%,$9.51B,$0.27B,2.87%,$9.51B,$0.13B,1.36%,$9.51B,$0.08B,0.80%,$0.08B,$0.95B,8.47%,$0.08B,$-0.07B,-72.04%,$0.08B,$3.80B,2.03%,$0.21B,$1.88B,11.24%,$2439,$2046,$393,$0,$328,$2387,$52,$-23,$30,$10,$20,$20,$19,$66,$52,$92,92,$0.20,$0.20,$14,$1302,$95,$1744,$727,$295,$1012,$18,$2052,$3796,$1630,$934,$128,$1220,$2850,$0,$196,$9,$946,$3796,$77,$64,$25,$89,$-28,$299,$0,$-189,$125,$302,$-87,$0,$-9,$0,$0,$0,$18,$-77,$-212,$0,$-212,$0,$0,$0,$0,$-211,$2,$0,$0
36,2009-09-30,15.55,$10.04,1.55,$100.74,0.15,$8.98,1.73,$-4.98,0.0,$1.64B,$1.55B,1.06,$0.96B,$0.92B,1.04,$9.23B,$1.53B,16.63%,$9.23B,$-0.48B,-5.18%,$9.23B,$-0.48B,-5.18%,$9.23B,$-0.41B,-4.45%,$9.23B,$-0.57B,-6.13%,$9.23B,$-0.46B,-4.93%,$-0.46B,$0.92B,-52.71%,$-0.46B,$-0.09B,349.33%,$-0.46B,$3.67B,-12.04%,$-0.48B,$1.87B,-25.78%,$2588,$2165,$423,$0,$348,$2527,$61,$-18,$43,$15,$28,$28,$27,$78,$61,$92,92,$0.30,$0.30,$30,$1174,$103,$1636,$712,$297,$1010,$18,$2037,$3673,$1546,$955,$253,$1208,$2754,$0,$178,$2,$919,$3673,$58,$51,$18,$68,$-28,$428,$0,$-256,$202,$314,$-68,$0,$-9,$0,$0,$0,$12,$-64,$-226,$0,$-226,$0,$0,$0,$0,$-226,$11,$0,$0
37,2009-06-30,13.49,$9.81,1.38,$104.16,0.13,$8.65,1.56,$-5.02,0.0,$1.71B,$1.65B,1.04,$0.95B,$0.90B,1.06,$9.61B,$1.57B,16.32%,$9.61B,$-0.48B,-4.95%,$9.61B,$-0.48B,-4.95%,$9.61B,$-0.41B,-4.25%,$9.61B,$-0.57B,-5.95%,$9.61B,$-0.46B,-4.79%,$-0.46B,$0.90B,-46.87%,$-0.46B,$-0.12B,252.40%,$-0.46B,$3.75B,-11.24%,$-0.48B,$1.85B,-23.77%,$2319,$1925,$394,$0,$327,$2266,$53,$-22,$30,$10,$20,$20,$14,$70,$53,$92,92,$0.15,$0.15,$22,$1265,$100,$1714,$711,$287,$1021,$18,$2038,$3752,$1645,$949,$259,$1208,$2854,$0,$150,$10,$898,$3752,$30,$33,$12,$45,$-27,$341,$0,$-188,$159,$241,$-44,$0,$-9,$0,$0,$0,$13,$-40,$-188,$0,$-188,$0,$0,$0,$0,$-188,$3,$0,$0
38,2009-03-31,7.57,$9.05,0.84,$113.73,0.07,$7.41,1.02,$-4.75,0.0,$1.78B,$1.66B,1.07,$1.01B,$0.83B,1.22,$10.62B,$1.67B,15.72%,$10.62B,$-0.44B,-4.13%,$10.62B,$-0.44B,-4.13%,$10.62B,$-0.37B,-3.49%,$10.62B,$-0.54B,-5.09%,$10.62B,$-0.44B,-4.11%,$-0.44B,$0.83B,-38.62%,$-0.44B,$-0.14B,209.87%,$-0.44B,$3.73B,-9.87%,$-0.44B,$1.84B,-20.17%,$2160,$1791,$369,$0,$313,$2117,$43,$-16,$26,$10,$16,$16,$16,$59,$43,$91,92,$0.18,$0.18,$11,$1360,$91,$1783,$667,$285,$971,$19,$1942,$3725,$1660,$1008,$229,$1237,$2897,$0,$136,$-44,$828,$3725,$16,$17,$1,$18,$-18,$249,$0,$-121,$135,$176,$-28,$0,$-11,$0,$0,$0,$13,$-26,$-152,$0,$-152,$0,$0,$0,$0,$-152,$-7,$0,$0
39,2008-12-31,6.23,$8.84,0.7,$123.46,0.05,$5.72,1.09,$-4.57,0.0,$2.01B,$1.88B,1.07,$1.05B,$0.81B,1.3,$11.64B,$1.79B,15.37%,$11.64B,$-0.40B,-3.45%,$11.64B,$-0.40B,-3.45%,$11.64B,$-0.33B,-2.85%,$11.64B,$-0.52B,-4.44%,$11.64B,$-0.42B,-3.61%,$-0.42B,$0.81B,-32.71%,$-0.42B,$-0.17B,186.25%,$-0.42B,$3.96B,-8.89%,$-0.40B,$1.86B,-17.54%,$2160,$1812,$348,$0,$327,$2795,$-635,$-30,$-665,$-158,$-507,$-507,$-512,$-618,$-635,$94,92,$-5.45,$-5.44,$17,$1587,$88,$2007,$663,$296,$973,$22,$1955,$3962,$1881,$1052,$114,$1273,$3154,$0,$120,$-46,$808,$3962,$-419,$68,$531,$599,$145,$145,$0,$-3,$166,$405,$-174,$0,$-366,$0,$0,$0,$-2,$-542,$197,$0,$197,$-53,$-53,$-34,$-1,$110,$3,$0,$-34
40,2008-09-30,9.08,$15.15,0.6,$131.05,0.07,$3.20,2.83,$1.35,6.72,$2.21B,$2.11B,1.05,$1.07B,$1.39B,0.77,$12.43B,$1.88B,15.16%,$12.43B,$0.30B,2.43%,$12.43B,$0.30B,2.43%,$12.43B,$0.29B,2.30%,$12.43B,$0.17B,1.40%,$12.43B,$0.11B,0.92%,$0.11B,$1.39B,7.93%,$0.11B,$-0.30B,-46.44%,$0.11B,$4.93B,2.33%,$0.30B,$2.47B,12.66%,$2970,$2513,$457,$0,$380,$2907,$63,$-26,$37,$13,$24,$24,$22,$81,$63,$94,94,$0.24,$0.24,$28,$1722,$81,$2209,$701,$0,$1691,$328,$2720,$4930,$2113,$1074,$351,$1425,$3538,$0,$660,$41,$1392,$4930,$93,$51,$-0,$51,$71,$37,$0,$100,$182,$366,$-145,$0,$-361,$0,$0,$0,$-2,$-507,$202,$0,$202,$-49,$-49,$-26,$-1,$127,$16,$0,$-26
41,2008-06-30,11.51,$15.60,0.74,$135.17,0.09,$4.32,2.67,$1.55,7.43,$2.34B,$2.19B,1.07,$1.06B,$1.49B,0.71,$12.84B,$1.93B,15.00%,$12.84B,$0.34B,2.61%,$12.84B,$0.34B,2.61%,$12.84B,$0.31B,2.44%,$12.84B,$0.20B,1.58%,$12.84B,$0.14B,1.05%,$0.14B,$1.49B,9.37%,$0.14B,$-0.23B,-60.00%,$0.14B,$5.06B,2.80%,$0.34B,$2.54B,14.46%,$3331,$2835,$496,$0,$393,$3241,$90,$-29,$61,$21,$39,$39,$38,$107,$90,$95,95,$0.40,$0.40,$18,$1790,$91,$2340,$693,$0,$1714,$310,$2716,$5056,$2189,$1055,$325,$1379,$3568,$0,$644,$105,$1488,$5056,$71,$34,$1,$35,$21,$-60,$0,$120,$93,$184,$-96,$0,$-288,$0,$0,$0,$-2,$-385,$195,$0,$195,$1,$1,$-17,$0,$178,$6,$0,$-17
42,2008-03-31,15.07,$15.19,0.99,$135.89,0.11,$6.47,2.33,$1.56,9.66,$2.54B,$2.33B,1.09,$0.83B,$1.45B,0.57,$12.88B,$1.92B,14.93%,$12.88B,$0.34B,2.63%,$12.88B,$0.34B,2.63%,$12.88B,$0.31B,2.44%,$12.88B,$0.21B,1.61%,$12.88B,$0.14B,1.06%,$0.14B,$1.45B,9.75%,$0.14B,$-0.21B,-57.50%,$0.14B,$4.94B,2.90%,$0.34B,$2.28B,15.23%,$3175,$2687,$488,$0,$394,$3094,$81,$-31,$50,$18,$32,$32,$32,$98,$81,$95,95,$0.34,$0.33,$20,$1819,$89,$2542,$650,$0,$1661,$87,$2399,$4941,$2334,$830,$329,$1159,$3493,$0,$613,$99,$1448,$4941,$32,$17,$2,$19,$-53,$-132,$0,$124,$-5,$36,$-43,$0,$0,$0,$0,$0,$-2,$-45,$24,$0,$24,$0,$0,$-9,$0,$16,$7,$0,$-9
43,2007-12-31,13.38,$0.00,0.0,$135.17,0.1,$7.55,1.77,$1.35,9.91,$2.30B,$2.10B,1.1,$0.83B,$1.42B,0.58,$12.78B,$1.90B,14.83%,$12.78B,$0.34B,2.64%,$12.78B,$0.34B,2.64%,$12.78B,$0.31B,2.41%,$12.78B,$0.18B,1.43%,$12.78B,$0.12B,0.94%,$0.12B,$1.42B,8.77%,$0.12B,$-0.25B,-50.58%,$0.12B,$4.67B,2.59%,$0.34B,$2.25B,15.37%,$2951,$2508,$443,$0,$362,$2882,$68,$-42,$26,$6,$20,$22,$22,$0,$68,$95,95,$0.22,$0.23,$15,$1668,$66,$2301,$616,$63,$1667,$22,$2368,$4669,$2096,$830,$321,$1151,$3247,$0,$588,$100,$1421,$4669,$122,$63,$38,$101,$22,$-145,$0,$233,$77,$300,$-63,$0,$-181,$0,$0,$0,$16,$-228,$-160,$0,$-160,$3,$3,$-28,$0,$-186,$-4,$0,$-28
44,2007-09-30,15.37,$14.77,1.04,$131.49,0.12,$7.64,2.01,$1.36,11.3,$2.33B,$2.14B,1.09,$0.79B,$1.40B,0.57,$12.43B,$1.84B,14.82%,$12.43B,$0.34B,2.74%,$12.43B,$0.34B,2.74%,$12.43B,$0.39B,3.12%,$12.43B,$0.20B,1.63%,$12.43B,$0.13B,1.03%,$0.13B,$1.40B,9.57%,$0.13B,$-0.22B,-55.29%,$0.13B,$4.62B,2.79%,$0.34B,$2.20B,15.10%,$3386,$2886,$499,$0,$391,$3289,$96,$-30,$66,$23,$43,$43,$43,$109,$96,$94,95,$0.46,$0.46,$25,$1557,$97,$2330,$566,$0,$1621,$102,$2289,$4619,$2142,$793,$280,$1073,$3215,$0,$567,$107,$1404,$4619,$98,$38,$30,$67,$-28,$-31,$0,$177,$172,$338,$-9,$0,$-155,$0,$0,$0,$16,$-148,$-250,$0,$-250,$3,$3,$-20,$0,$-267,$11,$0,$-20
45,2007-06-30,16.07,$14.20,1.13,$127.23,0.13,$5.74,2.8,$1.26,12.75,$2.37B,$2.19B,1.08,$0.83B,$1.35B,0.62,$12.01B,$1.79B,14.87%,$12.01B,$0.33B,2.71%,$12.01B,$0.33B,2.71%,$12.01B,$0.37B,3.10%,$12.01B,$0.19B,1.61%,$12.01B,$0.12B,0.99%,$0.12B,$1.35B,9.14%,$0.12B,$-0.28B,-50.48%,$0.12B,$4.65B,2.64%,$0.33B,$2.18B,14.60%,$3365,$2873,$492,$0,$385,$3271,$94,$-30,$65,$24,$41,$40,$40,$107,$94,$94,95,$0.43,$0.43,$18,$1636,$100,$2368,$564,$0,$1626,$93,$2283,$4651,$2194,$832,$277,$1109,$3303,$0,$530,$90,$1348,$4651,$55,$25,$29,$54,$14,$-71,$0,$213,$178,$287,$3,$0,$-158,$0,$0,$0,$13,$-142,$-216,$0,$-216,$2,$2,$-13,$0,$-227,$5,$0,$-13
46,2007-03-31,15.22,$14.57,1.04,$121.62,0.13,$3.70,4.11,$1.22,12.47,$2.40B,$2.15B,1.12,$0.87B,$1.30B,0.66,$11.48B,$1.72B,15.00%,$11.48B,$0.32B,2.75%,$11.48B,$0.32B,2.75%,$11.48B,$0.36B,3.13%,$11.48B,$0.19B,1.62%,$11.48B,$0.12B,1.01%,$0.12B,$1.30B,9.13%,$0.12B,$-0.21B,-58.22%,$0.12B,$4.59B,2.66%,$0.32B,$2.17B,14.54%,$3080,$2618,$462,$0,$370,$3000,$80,$-54,$26,$9,$17,$17,$15,$92,$80,$94,94,$0.16,$0.15,$25,$1602,$85,$2403,$585,$0,$1512,$94,$2191,$4594,$2154,$865,$273,$1137,$3291,$0,$496,$82,$1303,$4594,$15,$12,$25,$37,$-39,$-86,$0,$207,$57,$108,$-14,$0,$-7,$0,$0,$0,$9,$-12,$-152,$0,$-152,$0,$0,$-7,$0,$-158,$12,$0,$-7
47,2006-12-31,17.57,$14.53,1.21,$116.07,0.15,$3.45,5.09,$1.33,13.26,$2.25B,$1.75B,1.28,$1.17B,$1.30B,0.9,$10.96B,$1.66B,15.15%,$10.96B,$0.30B,2.76%,$10.96B,$0.30B,2.76%,$10.96B,$0.34B,3.14%,$10.96B,$0.20B,1.84%,$10.96B,$0.13B,1.14%,$0.13B,$1.30B,10.11%,$0.13B,$-0.22B,-67.02%,$0.13B,$4.47B,2.98%,$0.30B,$2.46B,14.42%,$2594,$2206,$388,$0,$308,$2524,$70,$-24,$45,$11,$34,$33,$30,$80,$70,$93,94,$0.33,$0.32,$13,$1506,$71,$2249,$593,$0,$1518,$110,$2220,$4470,$1752,$1169,$254,$1422,$3174,$0,$493,$79,$1296,$4470,$125,$42,$31,$74,$-50,$-210,$0,$126,$-73,$126,$-117,$0,$-368,$0,$0,$0,$0,$-485,$484,$0,$484,$-1,$-1,$-25,$-17,$440,$12,$0,$-25
