,Date,Stock Price,Book Value per Share,Price to Book Ratio,TTM Sales per Share,Price to Sales Ratio,TTM FCF per Share,Price to FCF Ratio,TTM Net EPS,PE Ratio,Current Assets,Current Liabilities,Current Ratio,Long Term Debt,Shareholder's Equity_x,Debt to Equity Ratio,TTM Revenue_x,TTM Gross Profit,Gross Margin,TTM Revenue_y,TTM Operating Income,Operating Margin,TTM Revenue_x,TTM EBIT,EBIT Margin,TTM Revenue_y,TTM EBITDA,EBITDA Margin,TTM Revenue_x,TTM Pre-Tax Income,Pre-Tax Margin,TTM Revenue_y,TTM Net Income_x,Net Margin,TTM Net Income_y,Shareholder's Equity_y,Return on Equity,TTM Net Income_x,Tangible Equity,Return on Tangible Equity,TTM Net Income_y,Total Assets,Return on Assets,TTM Net Income,LT Investments & Debt,Return on Investment,revenue,cost-goods-sold,gross-profit,research-development-expenses,selling-general-administrative-expenses,operating-expenses,operating-income,total-non-operating-income-expense,pre-tax-income,total-provision-income-taxes,income-after-taxes,income-from-continuous-operations,net-income,ebitda,ebit,basic-shares-outstanding,shares-outstanding,eps-basic-net-earnings-per-share,eps-earnings-per-share-diluted,cash-on-hand,inventory,other-current-assets,total-current-assets,net-property-plant-equipment,long-term-investments,goodwill-intangible-assets-total,other-long-term-assets,total-long-term-assets,total-assets,total-current-liabilities,long-term-debt,other-non-current-liabilities,total-long-term-liabilities,total-liabilities,common-stock-net,retained-earnings-accumulated-deficit,comprehensive-income,total-share-holder-equity,total-liabilities-share-holders-equity,net-income-loss,total-depreciation-amortization-cash-flow,other-non-cash-items,total-non-cash-items,change-in-accounts-receivable,change-in-inventories,change-in-accounts-payable,change-in-assets-liabilities,total-change-in-assets-liabilities,cash-flow-from-operating-activities,net-change-in-property-plant-equipment,net-change-in-intangible-assets,net-acquisitions-divestitures,net-change-in-short-term-investments,net-change-in-long-term-investments,net-change-in-investments-total,investing-activities-other,cash-flow-from-investing-activities,net-long-term-debt,net-current-debt,debt-issuance-retirement-net-total,net-common-equity-issued-repurchased,net-total-equity-issued-repurchased,total-common-preferred-stock-dividends-paid,financial-activities-other,cash-flow-from-financial-activities,net-cash-flow,stock-based-compensation,common-stock-dividends-paid
0,2018-06-30,35.77,$0.00,0.0,$36.55,0.98,$-0.59,0.0,$2.37,15.09,$2.36B,$1.64B,1.44,$2.39B,$0.49B,4.87,$2.94B,$1.12B,37.92%,$2.94B,$0.75B,25.52%,$2.94B,$0.75B,25.52%,$2.94B,$0.87B,29.70%,$2.94B,$-0.04B,-1.36%,$2.94B,$0.26B,8.97%,$0.26B,$0.49B,26.43%,$0.26B,$0.42B,29.00%,$0.26B,$5.22B,4.60%,$0.75B,$2.88B,23.89%,$842,$518,$324,$0,$96,$630,$212,$-536,$-324,$-115,$-209,$-209,$-228,$230,$212,$84,84,$-2.73,$-2.73,$1162,$184,$0,$2361,$2012,$292,$68,$45,$2857,$5217,$1641,$2389,$668,$3086,$4727,$84,$8,$-9,$490,$5217,$-80,$77,$556,$633,$-191,$-89,$38,$-87,$-295,$258,$-231,$0,$0,$-302,$0,$-302,$639,$106,$-54,$0,$-54,$-303,$-303,$-3,$50,$-311,$98,$0,$-3
1,2018-03-31,59.6,$14.83,4.02,$38.62,1.54,$-4.03,0.0,$3.75,15.89,$2.28B,$1.84B,1.24,$2.03B,$1.23B,1.65,$3.06B,$1.06B,34.50%,$3.06B,$0.67B,21.82%,$3.06B,$0.67B,21.82%,$3.06B,$0.84B,27.47%,$3.06B,$0.28B,9.18%,$3.06B,$0.37B,12.19%,$0.37B,$1.23B,32.75%,$0.37B,$1.15B,35.98%,$0.37B,$5.95B,6.38%,$0.67B,$3.26B,20.94%,$880,$556,$324,$0,$100,$683,$197,$-530,$-333,$-109,$-224,$-224,$-115,$369,$197,$81,81,$-1.41,$-1.41,$892,$171,$0,$2276,$2160,$329,$80,$1,$3672,$5948,$1842,$2029,$748,$2877,$4719,$106,$317,$23,$1229,$5948,$169,$44,$213,$258,$-198,$-52,$9,$-84,$-255,$172,$-67,$0,$0,$-27,$0,$-27,$16,$-77,$-73,$0,$-73,$-8,$-8,$0,$4,$-77,$15,$0,$0
2,2017-12-31,67.28,$16.56,4.06,$39.26,1.71,$-7.42,0.0,$3.47,19.39,$2.23B,$1.95B,1.14,$2.24B,$1.22B,1.85,$3.04B,$0.96B,31.59%,$3.04B,$0.51B,16.90%,$3.04B,$0.51B,16.90%,$3.04B,$0.72B,23.67%,$3.04B,$0.25B,8.35%,$3.04B,$0.34B,11.21%,$0.34B,$1.22B,31.28%,$0.34B,$1.12B,34.91%,$0.34B,$6.31B,5.96%,$0.51B,$3.46B,16.82%,$988,$593,$394,$0,$114,$663,$324,$-126,$198,$29,$169,$169,$153,$34,$324,$83,83,$1.85,$1.85,$933,$140,$0,$2229,$2489,$357,$96,$0,$4080,$6310,$1953,$2242,$796,$3142,$5095,$126,$196,$15,$1215,$6310,$331,$207,$286,$492,$-222,$-29,$63,$-26,$-296,$647,$-648,$0,$-51,$-147,$0,$-147,$-319,$-1165,$540,$0,$540,$-4,$-4,$0,$-48,$488,$-38,$0,$0
3,2017-09-30,65.1,$14.45,4.51,$50.89,1.28,$-7.44,0.0,$3.32,19.61,$1.90B,$1.50B,1.27,$1.92B,$1.06B,1.81,$3.84B,$1.10B,28.74%,$3.84B,$0.49B,12.73%,$3.84B,$0.49B,12.73%,$3.84B,$0.80B,20.88%,$3.84B,$0.32B,8.20%,$3.84B,$0.26B,6.64%,$0.26B,$1.06B,24.89%,$0.26B,$0.95B,28.30%,$0.26B,$5.49B,4.67%,$0.49B,$2.98B,18.18%,$68,$-18,$86,$-0,$25,$11,$57,$-68,$-11,$-104,$93,$93,$152,$241,$57,$79,79,$1.07,$1.07,$728,$241,$0,$1904,$2732,$329,$111,$0,$3582,$5486,$1503,$1917,$780,$2922,$4425,$112,$100,$17,$1061,$5486,$230,$230,$261,$491,$-151,$-39,$-13,$-73,$-371,$351,$-520,$0,$19,$-93,$0,$-93,$-195,$-789,$395,$0,$395,$-4,$-4,$-5,$-2,$384,$-56,$0,$-5
4,2017-06-30,58.85,$13.55,4.34,$47.66,1.23,$-6.68,0.0,$1.44,40.87,$1.84B,$1.47B,1.26,$2.02B,$1.05B,1.92,$3.50B,$0.91B,25.94%,$3.50B,$0.30B,8.69%,$3.50B,$0.30B,8.69%,$3.50B,$0.63B,17.93%,$3.50B,$0.12B,3.49%,$3.50B,$0.12B,3.40%,$0.12B,$1.05B,11.84%,$0.12B,$0.93B,13.62%,$0.12B,$5.63B,2.21%,$0.30B,$3.07B,12.32%,$1007,$694,$312,$2,$141,$834,$173,$-66,$106,$12,$94,$94,$74,$197,$173,$77,77,$0.96,$0.96,$607,$250,$1,$1842,$2879,$343,$123,$1,$3786,$5628,$1466,$2019,$826,$3112,$4577,$124,$115,$11,$1051,$5628,$150,$161,$159,$320,$-97,$-35,$-2,$-96,$-342,$128,$-368,$0,$21,$-207,$0,$-207,$31,$-524,$339,$0,$339,$-5,$-5,$0,$-3,$332,$-71,$0,$0
5,2017-03-31,54.22,$13.34,4.06,$39.11,1.39,$-3.93,0.0,$0.82,66.12,$1.90B,$1.61B,1.18,$1.69B,$1.03B,1.64,$2.79B,$0.65B,23.27%,$2.79B,$0.14B,5.05%,$2.79B,$0.14B,5.05%,$2.79B,$0.40B,14.46%,$2.79B,$0.03B,0.90%,$2.79B,$0.08B,2.79%,$0.08B,$1.03B,8.84%,$0.08B,$0.91B,10.16%,$0.08B,$5.47B,1.70%,$0.14B,$2.72B,7.18%,$998,$733,$264,$1,$153,$883,$114,$-126,$-12,$-15,$3,$3,$-6,$248,$114,$77,77,$-0.08,$-0.08,$740,$229,$0,$1903,$2694,$327,$124,$2,$3571,$5474,$1614,$1690,$843,$2827,$4441,$124,$121,$-1,$1033,$5474,$147,$79,$31,$110,$-92,$-14,$-36,$-85,$-302,$-46,$-118,$0,$11,$-226,$0,$-226,$52,$-282,$452,$0,$452,$-5,$-5,$0,$0,$448,$105,$0,$0
6,2016-12-31,34.81,$12.97,2.68,$30.94,1.13,$-2.41,0.0,$-0.13,0.0,$1.57B,$2.04B,0.77,$1.04B,$0.95B,1.09,$2.12B,$0.42B,19.68%,$2.12B,$0.00B,0.05%,$2.12B,$0.00B,0.05%,$2.12B,$0.20B,9.63%,$2.12B,$-0.09B,-4.39%,$2.12B,$-0.00B,-0.05%,$-0.00B,$0.95B,-0.13%,$-0.00B,$0.82B,-0.15%,$-0.00B,$5.23B,-0.03%,$0.00B,$1.99B,0.06%,$969,$670,$299,$1,$153,$799,$170,$1,$171,$24,$147,$147,$121,$116,$170,$77,77,$1.57,$1.57,$382,$227,$1,$1569,$2782,$358,$136,$1,$3663,$5232,$2035,$1035,$938,$2244,$4279,$131,$-1,$5,$953,$5232,$-17,$205,$135,$339,$-185,$-4,$220,$28,$97,$405,$-407,$-2,$-598,$238,$0,$238,$9,$-760,$619,$0,$619,$0,$0,$0,$-224,$395,$61,$0,$0
7,2016-09-30,32.4,$14.47,2.24,$21.25,1.52,$-2.75,0.0,$2.22,14.59,$1.86B,$2.04B,0.91,$1.11B,$0.98B,1.13,$1.43B,$0.18B,12.43%,$1.43B,$-0.09B,-6.01%,$1.43B,$-0.09B,-6.01%,$1.43B,$0.06B,4.19%,$1.43B,$0.08B,5.31%,$1.43B,$0.14B,9.78%,$0.14B,$0.98B,18.15%,$0.14B,$0.84B,20.30%,$0.14B,$5.23B,4.31%,$-0.09B,$2.09B,-5.80%,$867,$638,$229,$5,$172,$836,$32,$19,$50,$-38,$88,$88,$66,$66,$32,$69,69,$0.98,$0.98,$462,$226,$222,$1857,$2570,$333,$141,$0,$3376,$5233,$2043,$1109,$775,$2208,$4251,$114,$-67,$-1,$982,$5233,$-103,$120,$160,$281,$-163,$1,$142,$24,$-9,$168,$-264,$-1,$-583,$221,$0,$221,$49,$-578,$638,$0,$638,$0,$0,$-3,$-32,$603,$203,$0,$-3
8,2016-06-30,27.34,$8.26,3.31,$14.72,1.86,$-1.14,0.0,$3.21,8.52,$0.63B,$0.88B,0.72,$0.50B,$0.56B,0.89,$0.98B,$0.07B,6.77%,$0.98B,$-0.14B,-14.05%,$0.98B,$-0.14B,-14.05%,$0.98B,$-0.05B,-5.13%,$0.98B,$0.20B,20.82%,$0.98B,$0.21B,21.13%,$0.21B,$0.56B,31.07%,$0.21B,$0.51B,34.69%,$0.21B,$2.39B,7.96%,$-0.14B,$1.06B,-11.09%,$663,$548,$115,$4,$153,$675,$-12,$-75,$-87,$-12,$-75,$-75,$-62,$-26,$-12,$68,68,$-0.92,$-0.92,$264,$18,$0,$631,$1165,$13,$54,$178,$1761,$2393,$876,$499,$397,$956,$1833,$119,$-4,$-2,$560,$2393,$-30,$42,$70,$111,$36,$-2,$-21,$-1,$22,$104,$-128,$-0,$-181,$97,$0,$97,$34,$-177,$101,$0,$101,$0,$0,$0,$-9,$92,$23,$0,$0
9,2016-03-31,21.44,$9.30,2.3,$13.50,1.59,$-0.10,0.0,$4.01,5.35,$0.74B,$0.67B,1.1,$0.51B,$0.63B,0.81,$0.88B,$0.06B,6.61%,$0.88B,$-0.15B,-16.76%,$0.88B,$-0.15B,-16.76%,$0.88B,$-0.07B,-7.41%,$0.88B,$0.37B,41.62%,$0.88B,$0.26B,29.65%,$0.26B,$0.63B,39.36%,$0.26B,$0.58B,44.77%,$0.26B,$2.20B,10.12%,$-0.15B,$1.14B,-12.05%,$294,$287,$7,$0,$69,$343,$-49,$-59,$-109,$-31,$-77,$-77,$-47,$48,$-49,$68,68,$-0.70,$-0.70,$337,$16,$0,$736,$1083,$13,$51,$0,$1463,$2198,$669,$510,$333,$898,$1567,$118,$256,$-2,$631,$2198,$47,$19,$28,$47,$-16,$-0,$-71,$-6,$-101,$12,$-53,$0,$0,$7,$0,$7,$54,$7,$4,$0,$4,$0,$0,$0,$-0,$3,$27,$0,$0
10,2015-12-31,20.55,$0.00,0.0,$12.22,1.68,$1.98,10.38,$5.02,4.09,$1.06B,$1.04B,1.02,$0.73B,$0.91B,0.8,$0.77B,0,0.00%,$0.77B,$-0.22B,-28.37%,$0.77B,$-0.22B,-28.37%,$0.77B,$-0.14B,-18.13%,$0.77B,$0.48B,62.56%,$0.77B,$0.32B,41.32%,$0.32B,$0.91B,49.94%,$0.32B,$0.83B,58.34%,$0.32B,$3.17B,12.35%,$-0.22B,$1.64B,-18.38%,$295,$229,$66,$0,$55,$265,$30,$24,$53,$6,$47,$47,$42,$-28,$30,$68,68,$0.63,$0.63,$500,$25,$0,$1062,$1886,$318,$80,$127,$2417,$3171,$1044,$727,$408,$1216,$2260,$185,$333,$0,$912,$3171,$419,$78,$0,$78,$0,$0,$0,$0,$-43,$498,$-522,$0,$-0,$0,$0,$-133,$-119,$-774,$0,$0,$194,$0,$0,$-3,$96,$287,$20,$0,$0
11,2015-09-30,15.27,$0.00,0.0,$12.64,1.21,$2.95,5.18,$3.22,4.74,$0.81B,$1.04B,0.79,$0.56B,$0.55B,1.01,$0.78B,$0.00B,0.51%,$0.78B,$-0.23B,-29.54%,$0.78B,$-0.23B,-29.54%,$0.78B,$-0.16B,-20.59%,$0.78B,$0.42B,53.32%,$0.78B,$0.20B,24.94%,$0.20B,$0.55B,37.45%,$0.20B,$0.46B,46.24%,$0.20B,$2.59B,8.44%,$-0.23B,$1.10B,-22.93%,$180,$190,$-10,$0,$45,$235,$-55,$273,$219,$-24,$243,$207,$207,$-44,$-55,$64,64,$3.21,$3.21,$312,$22,$0,$814,$0,$175,$92,$123,$401,$2591,$1036,$556,$376,$1006,$2042,$142,$109,$0,$549,$2591,$167,$52,$0,$52,$0,$0,$0,$0,$198,$298,$-286,$0,$-0,$0,$0,$-8,$-136,$-430,$0,$0,$177,$0,$0,$0,$-49,$128,$37,$0,$0
12,2015-06-30,13.81,$0.00,0.0,$12.75,1.08,$3.58,3.86,$3.35,4.12,$0.66B,$0.88B,0.75,$0.45B,$0.55B,0.81,$0.77B,$0.00B,0.13%,$0.77B,$-0.22B,-28.85%,$0.77B,$-0.22B,-28.85%,$0.77B,$-0.16B,-20.23%,$0.77B,$0.37B,47.78%,$0.77B,$0.20B,26.37%,$0.20B,$0.55B,44.13%,$0.20B,$0.45B,56.86%,$0.20B,$2.32B,9.48%,$-0.22B,$1.00B,-23.98%,$206,$203,$3,$0,$66,$269,$-63,$103,$40,$21,$19,$4,$4,$-41,$-63,$53,63,$0.08,$0.07,$257,$20,$0,$661,$0,$195,$96,$119,$417,$2317,$884,$448,$363,$883,$1767,$147,$108,$0,$550,$2317,$153,$33,$0,$33,$0,$0,$0,$0,$0,$214,$-171,$0,$0,$0,$0,$0,$-76,$-247,$0,$170,$-112,$0,$0,$0,$-36,$22,$-10,$0,$0
13,2015-03-31,17.67,$0.00,0.0,$13.16,1.34,$3.56,4.97,$3.97,4.45,$0.66B,$0.79B,0.83,$0.48B,$0.54B,0.89,$0.76B,$0.00B,0.13%,$0.76B,$-0.21B,-28.08%,$0.76B,$-0.21B,-28.08%,$0.76B,$-0.15B,-20.13%,$0.76B,$0.35B,46.49%,$0.76B,$0.23B,30.86%,$0.23B,$0.54B,57.92%,$0.23B,$0.44B,78.72%,$0.23B,$2.25B,11.67%,$-0.21B,$1.03B,-24.57%,$196,$197,$-1,$0,$59,$256,$-59,$112,$53,$30,$23,$7,$7,$-27,$-59,$53,63,$0.13,$0.11,$244,$17,$0,$655,$0,$216,$100,$116,$444,$2250,$787,$482,$368,$919,$1707,$152,$190,$0,$544,$2250,$134,$15,$0,$15,$0,$0,$0,$0,$0,$91,$0,$0,$0,$0,$0,$-123,$0,$-123,$0,$-13,$0,$0,$95,$0,$-54,$28,$-3,$0,$0
14,2014-12-31,10.02,$0.00,0.0,$13.49,0.74,$2.63,3.81,$1.41,7.11,$0.55B,$0.80B,0.68,$0.46B,$0.44B,1.05,$0.74B,$-0.00B,-0.54%,$0.74B,$-0.21B,-28.49%,$0.74B,$-0.21B,-28.49%,$0.74B,$-0.15B,-20.70%,$0.74B,$0.08B,10.48%,$0.74B,$0.08B,11.16%,$0.08B,$0.44B,24.30%,$0.08B,$0.33B,36.01%,$0.08B,$2.09B,4.43%,$-0.21B,$0.90B,-26.94%,$190,$182,$8,$0,$51,$233,$-42,$207,$171,$37,$134,$101,$101,$-49,$-42,$53,62,$1.92,$1.63,$169,$17,$0,$545,$0,$164,$108,$118,$402,$2089,$797,$462,$318,$852,$1649,$163,$92,$0,$440,$2089,$66,$58,$0,$58,$0,$0,$0,$0,$0,$324,$-289,$0,$9,$0,$0,$-279,$247,$-311,$0,$0,$-279,$0,$0,$-2,$263,$-18,$-1,$0,$0
15,2014-09-30,10.75,$0.00,0.0,$13.61,0.79,$4.13,2.6,$-0.24,0.0,$0.54B,$0.78B,0.7,$0.46B,$0.30B,1.56,$0.73B,$-0.06B,-8.37%,$0.73B,$-0.24B,-33.47%,$0.73B,$-0.24B,-33.47%,$0.73B,$-0.19B,-25.38%,$0.73B,$-0.09B,-11.66%,$0.73B,$-0.01B,-1.78%,$-0.01B,$0.30B,-3.57%,$-0.01B,$0.19B,-5.46%,$-0.01B,$1.86B,-0.67%,$-0.24B,$0.76B,-29.46%,$190,$196,$-6,$0,$60,$256,$-67,$212,$153,$9,$144,$83,$83,$-38,$-67,$53,59,$1.58,$1.41,$206,$20,$0,$540,$0,$144,$106,$50,$305,$1863,$777,$464,$270,$789,$1566,$159,$2,$0,$297,$1863,$-70,$40,$0,$40,$0,$0,$0,$0,$0,$238,$-191,$0,$0,$0,$0,$-40,$6,$-225,$0,$-112,$0,$0,$0,$0,$83,$-29,$-11,$0,$0
16,2014-06-30,9.8,$0.00,0.0,$14.75,0.66,$4.34,2.26,$-0.95,0.0,$0.53B,$0.73B,0.73,$0.43B,$0.33B,1.32,$0.78B,$-0.09B,-10.95%,$0.78B,$-0.26B,-32.99%,$0.78B,$-0.26B,-32.99%,$0.78B,$-0.20B,-25.26%,$0.78B,$-0.17B,-21.91%,$0.78B,$-0.05B,-6.57%,$-0.05B,$0.33B,-12.01%,$-0.05B,$0.22B,-17.97%,$-0.05B,$1.78B,-2.50%,$-0.26B,$0.76B,-28.70%,$190,$190,$0,$0,$53,$243,$-53,$37,$-11,$12,$-23,$11,$11,$-38,$-53,$53,57,$0.21,$0.20,$228,$19,$0,$530,$0,$125,$110,$51,$299,$1783,$728,$434,$244,$727,$1456,$163,$-10,$0,$328,$1783,$-49,$25,$0,$25,$0,$0,$0,$0,$114,$120,$-86,$0,$0,$0,$0,$-15,$-30,$-131,$0,$0,$37,$0,$0,$0,$-9,$28,$21,$0,$0
17,2014-03-31,5.83,$0.00,0.0,$15.15,0.38,$3.57,1.63,$1.53,3.81,$0.51B,$0.72B,0.71,$0.42B,$0.30B,1.4,$0.80B,$-0.11B,-13.93%,$0.80B,$-0.28B,-34.88%,$0.80B,$-0.28B,-34.88%,$0.80B,$-0.21B,-26.73%,$0.80B,$0.14B,17.82%,$0.80B,$0.08B,10.04%,$0.08B,$0.30B,15.84%,$0.08B,$0.18B,23.04%,$0.08B,$1.76B,3.67%,$-0.28B,$0.72B,-27.98%,$185,$186,$-1,$0,$50,$235,$-50,$88,$38,$-3,$40,$38,$38,$-29,$-50,$53,53,$0.73,$0.73,$152,$19,$0,$507,$0,$116,$119,$51,$302,$1755,$718,$422,$256,$736,$1454,$175,$-14,$0,$301,$1755,$-96,$14,$0,$14,$0,$0,$0,$0,$-18,$66,$-38,$0,$0,$0,$0,$4,$-13,$-47,$0,$-55,$0,$0,$0,$0,$13,$-42,$-19,$0,$0
18,2013-12-31,5.24,$0.00,0.0,$16.81,0.31,$3.26,1.61,$1.06,4.94,$0.66B,$0.85B,0.77,$0.54B,$0.53B,1.02,$0.88B,$-0.15B,-16.63%,$0.88B,$-0.32B,-36.43%,$0.88B,$-0.32B,-36.43%,$0.88B,$-0.25B,-28.51%,$0.88B,$0.13B,15.16%,$0.88B,$0.06B,6.22%,$0.06B,$0.53B,10.65%,$0.06B,$0.36B,16.12%,$0.06B,$2.31B,2.36%,$-0.32B,$1.07B,-31.62%,$179,$175,$3,$0,$46,$221,$-42,$-72,$-102,$-6,$-96,$-49,$-49,$-80,$-42,$53,53,$-0.93,$-0.93,$218,$21,$0,$655,$0,$139,$166,$70,$387,$2314,$850,$539,$313,$935,$1784,$242,$53,$0,$530,$2314,$113,$68,$37,$105,$0,$0,$0,$0,$272,$331,$-221,$0,$-23,$0,$0,$-49,$2,$-290,$0,$0,$-23,$0,$0,$0,$5,$-18,$34,$0,$0
19,2013-09-30,5.0,$0.00,0.0,$19.19,0.26,$3.62,1.38,$0.45,11.11,$0.66B,$0.87B,0.76,$0.48B,$0.54B,0.88,$1.07B,$-0.08B,-7.51%,$1.07B,$-0.29B,-26.95%,$1.07B,$-0.29B,-26.95%,$1.07B,$-0.21B,-19.81%,$1.07B,$0.05B,4.88%,$1.07B,$0.02B,1.41%,$0.02B,$0.54B,2.93%,$0.02B,$0.37B,5.37%,$0.02B,$2.32B,0.63%,$-0.29B,$1.02B,-28.64%,$175,$238,$-63,$0,$35,$274,$-99,$36,$-10,$20,$-30,$-13,$-13,$-49,$-99,$53,53,$-0.24,$-0.24,$161,$14,$0,$659,$0,$144,$167,$133,$477,$2319,$873,$476,$348,$906,$1779,$237,$69,$0,$539,$2319,$133,$50,$0,$50,$0,$0,$0,$0,$2,$199,$-144,$0,$-0,$0,$0,$-2,$4,$-141,$0,$34,$0,$0,$0,$0,$-5,$29,$93,$0,$0
20,2013-06-30,3.24,$0.00,0.0,$22.49,0.14,$6.00,0.54,$-0.01,0.0,$0.66B,$0.76B,0.87,$0.52B,$0.65B,0.8,$1.24B,$-0.08B,-6.46%,$1.24B,$-0.30B,-24.56%,$1.24B,$-0.30B,-24.56%,$1.24B,$-0.23B,-18.26%,$1.24B,$0.06B,5.01%,$1.24B,$-0.01B,-0.73%,$-0.01B,$0.65B,-1.71%,$-0.01B,$0.47B,-3.71%,$-0.01B,$2.34B,-0.38%,$-0.30B,$1.17B,-30.01%,$237,$262,$-24,$0,$40,$302,$-65,$-51,$-96,$-28,$-68,$-26,$-27,$-55,$-65,$53,53,$-0.51,$-0.51,$156,$16,$0,$663,$0,$129,$178,$109,$451,$2337,$764,$518,$307,$923,$1687,$252,$104,$0,$650,$2337,$215,$34,$0,$34,$0,$0,$0,$0,$199,$116,$-122,$0,$-0,$0,$0,$-15,$41,$-97,$0,$0,$53,$0,$0,$0,$3,$57,$81,$0,$0
21,2013-03-31,4.02,$0.00,0.0,$27.12,0.15,$7.93,0.51,$-3.64,0.0,$0.42B,$0.71B,0.59,$0.48B,$0.35B,1.38,$1.48B,$-0.05B,-3.05%,$1.48B,$-0.26B,-17.76%,$1.48B,$-0.26B,-17.76%,$1.48B,$-0.18B,-12.07%,$1.48B,$-0.34B,-23.25%,$1.48B,$-0.20B,-13.56%,$-0.20B,$0.35B,-37.07%,$-0.20B,$0.16B,-98.28%,$-0.20B,$2.35B,-8.17%,$-0.26B,$0.82B,-25.56%,$206,$233,$-27,$0,$45,$278,$-72,$410,$350,$21,$329,$168,$169,$-68,$-72,$53,53,$3.21,$3.21,$115,$14,$0,$418,$0,$64,$187,$428,$709,$2351,$710,$476,$712,$1296,$2006,$263,$-232,$0,$346,$2351,$-121,$17,$0,$17,$0,$0,$0,$0,$99,$53,$-41,$0,$3,$0,$0,$-11,$16,$-32,$0,$13,$0,$0,$0,$0,$1,$14,$41,$0,$0
22,2012-12-31,3.44,$0.00,0.0,$27.19,0.13,$8.20,0.42,$-2.47,0.0,$0.47B,$0.71B,0.66,$0.49B,$0.52B,0.95,$1.57B,$0.03B,1.78%,$1.57B,$-0.18B,-11.72%,$1.57B,$-0.18B,-11.72%,$1.57B,$-0.10B,-6.05%,$1.57B,$-0.26B,-16.31%,$1.57B,$-0.14B,-9.04%,$-0.14B,$0.52B,-21.97%,$-0.14B,$0.12B,-54.67%,$-0.14B,$2.50B,-5.53%,$-0.18B,$1.00B,-15.93%,$266,$299,$-33,$0,$53,$352,$-86,$-37,$-110,$-15,$-96,$-57,$-74,$-39,$-86,$53,53,$-1.40,$-1.40,$87,$23,$19,$469,$0,$139,$399,$145,$703,$2502,$712,$490,$587,$1275,$1987,$290,$-170,$0,$515,$2502,$-238,$88,$0,$88,$0,$0,$0,$0,$235,$297,$-144,$0,$-44,$0,$0,$170,$-158,$-175,$0,$0,$-143,$0,$0,$0,$-10,$-153,$-14,$0,$0
23,2012-09-30,3.69,$0.00,0.0,$28.39,0.13,$5.15,0.72,$-4.24,0.0,$0.43B,$0.66B,0.66,$0.46B,$0.60B,0.77,$1.58B,$0.09B,5.58%,$1.58B,$-0.12B,-7.86%,$1.58B,$-0.12B,-7.86%,$1.58B,$-0.06B,-3.80%,$1.58B,$-0.38B,-23.84%,$1.58B,$-0.25B,-15.73%,$-0.25B,$0.60B,-33.20%,$-0.25B,$0.23B,-53.97%,$-0.25B,$2.36B,-9.41%,$-0.12B,$1.06B,-9.53%,$356,$352,$4,$0,$69,$420,$-64,$-50,$-92,$-10,$-82,$-45,$-53,$-64,$-64,$62,62,$-0.85,$-0.85,$63,$23,$114,$434,$0,$55,$371,$196,$640,$2363,$659,$461,$451,$1106,$1765,$286,$-112,$0,$598,$2363,$-141,$63,$-8,$55,$0,$0,$0,$0,$154,$177,$3,$0,$-79,$0,$0,$-0,$12,$-65,$0,$0,$-134,$0,$0,$0,$-1,$-135,$-13,$0,$0
24,2012-06-30,4.15,$0.00,0.0,$30.16,0.14,$1.72,2.41,$-3.77,0.0,$0.50B,$0.70B,0.71,$0.52B,$0.70B,0.74,$1.64B,$0.19B,11.65%,$1.64B,$-0.03B,-1.52%,$1.64B,$-0.03B,-1.52%,$1.64B,$0.02B,1.28%,$1.64B,$-0.32B,-19.76%,$1.64B,$-0.22B,-13.54%,$-0.22B,$0.70B,-28.31%,$-0.22B,$0.31B,-38.85%,$-0.22B,$2.57B,-7.93%,$-0.03B,$1.22B,-1.79%,$410,$435,$-24,$0,$57,$492,$-82,$-52,$-86,$-11,$-74,$-52,$-51,$-7,$-82,$53,53,$-0.97,$-0.97,$129,$18,$116,$500,$0,$69,$385,$257,$729,$2572,$704,$517,$440,$1169,$1873,$297,$-64,$0,$699,$2572,$-68,$45,$0,$45,$0,$0,$0,$0,$133,$156,$-62,$0,$0,$0,$0,$-14,$9,$-67,$0,$0,$-56,$0,$0,$0,$-0,$-56,$33,$0,$0
25,2012-03-31,8.6,$0.00,0.0,$27.95,0.31,$0.54,15.8,$-3.71,0.0,$0.52B,$0.68B,0.77,$0.57B,$0.77B,0.74,$1.59B,$0.22B,14.07%,$1.59B,$-0.03B,-1.64%,$1.59B,$-0.03B,-1.64%,$1.59B,$0.02B,1.51%,$1.59B,$-0.31B,-19.62%,$1.59B,$-0.22B,-14.01%,$-0.22B,$0.77B,-27.55%,$-0.22B,$0.38B,-33.13%,$-0.22B,$2.83B,-7.60%,$-0.03B,$1.34B,-1.80%,$443,$435,$8,$0,$38,$473,$-30,$-44,$-55,$0,$-55,$-25,$-22,$15,$-30,$53,52,$-0.41,$-0.42,$105,$10,$20,$518,$0,$128,$390,$405,$947,$2831,$676,$568,$612,$1382,$2058,$303,$-168,$0,$773,$2831,$-16,$23,$-6,$18,$0,$0,$0,$0,$41,$63,$-28,$0,$0,$0,$0,$0,$7,$-20,$0,$-18,$0,$0,$0,$0,$0,$-18,$25,$0,$0
26,2011-12-31,10.68,$0.00,0.0,$28.05,0.38,$0.61,17.41,$-3.43,0.0,$0.59B,$0.68B,0.88,$0.67B,$0.92B,0.73,$1.61B,$0.25B,15.67%,$1.61B,$0.01B,0.44%,$1.61B,$0.01B,0.44%,$1.61B,$0.06B,3.61%,$1.61B,$-0.28B,-17.48%,$1.61B,$-0.20B,-12.56%,$-0.20B,$0.92B,-24.67%,$-0.20B,$0.91B,-26.58%,$-0.20B,$2.78B,-6.75%,$0.01B,$1.59B,0.48%,$361,$320,$40,$0,$48,$368,$-8,$-27,$-23,$-1,$-22,$-21,$-16,$-4,$-8,$70,70,$-0.23,$-0.23,$127,$9,$176,$594,$0,$166,$4,$154,$324,$2780,$676,$673,$513,$1186,$1862,$319,$-133,$0,$918,$2780,$-226,$111,$0,$111,$0,$0,$0,$0,$-10,$155,$-186,$0,$-270,$0,$0,$-2,$104,$-354,$0,$0,$93,$0,$0,$-4,$0,$88,$-110,$0,$0
27,2011-09-30,11.47,$0.00,0.0,$26.45,0.43,$1.66,6.93,$-0.66,0.0,$0.52B,$0.67B,0.78,$0.68B,$0.00B,0.0,$1.55B,$0.23B,15.10%,$1.55B,$0.02B,0.97%,$1.55B,$0.02B,0.97%,$1.55B,$0.10B,6.13%,$1.55B,$-0.06B,-3.87%,$1.55B,$-0.03B,-2.19%,$-0.03B,$0.75B,-3.77%,$-0.03B,$0.68B,-4.31%,$-0.03B,$3.02B,-1.15%,$0.02B,$1.43B,0.99%,$363,$299,$64,$0,$68,$367,$-4,$-210,$-212,$4,$-216,$-159,$-159,$17,$-4,$53,53,$-3.03,$-2.62,$140,$9,$114,$522,$0,$157,$72,$179,$409,$3019,$667,$682,$505,$1605,$2272,$0,$0,$0,$747,$3019,$0,$0,$0,$0,$0,$0,$0,$0,$0,$0,$0,$0,$0,$0,$0,$0,$0,$0,$0,$0,$0,$0,$0,$0,$0,$0,$0,$0,$0
28,2011-06-30,15.24,$0.00,0.0,$17.17,0.89,$1.73,8.82,$-0.16,0.0,$0.56B,$0.74B,0.75,$0.62B,$0.00B,0.0,$1.43B,$0.21B,14.81%,$1.43B,$0.02B,1.05%,$1.43B,$0.02B,1.05%,$1.43B,$0.12B,8.21%,$1.43B,$-0.02B,-1.54%,$1.43B,$-0.01B,-0.63%,$-0.01B,$0.79B,-0.98%,$-0.01B,$0.71B,-1.16%,$-0.01B,$3.06B,-0.32%,$0.02B,$1.40B,1.02%,$473,$393,$79,$0,$63,$456,$17,$-49,$-34,$-6,$-28,$-25,$-25,$-4,$17,$49,49,$-0.50,$-0.50,$168,$8,$105,$555,$0,$161,$77,$171,$408,$3061,$736,$619,$492,$1539,$2276,$0,$0,$0,$785,$3061,$-20,$51,$0,$51,$0,$0,$0,$0,$22,$107,$-68,$0,$-270,$0,$0,$19,$17,$-302,$0,$112,$0,$0,$0,$-4,$0,$108,$-87,$0,$0
29,2011-03-31,14.08,$0.00,0.0,$11.04,1.27,$1.08,13.08,$0.19,74.09,$0.59B,$0.71B,0.84,$0.64B,$0.83B,0.78,$1.35B,$0.23B,16.69%,$1.35B,$0.07B,4.80%,$1.35B,$0.07B,4.80%,$1.35B,$0.16B,11.96%,$1.35B,$0.01B,0.37%,$1.35B,$-0.01B,-0.66%,$-0.01B,$0.83B,-0.96%,$-0.01B,$0.74B,-1.20%,$-0.01B,$3.12B,-0.33%,$0.07B,$1.47B,4.50%,$388,$349,$40,$0,$71,$420,$-31,$-36,$-42,$-12,$-30,$-22,$-22,$49,$-31,$53,61,$-0.42,$-0.36,$207,$8,$32,$593,$0,$135,$82,$186,$403,$3116,$711,$644,$481,$1581,$2292,$329,$100,$0,$825,$3116,$4,$24,$0,$24,$0,$0,$0,$0,$6,$66,$-24,$0,$-246,$0,$0,$18,$17,$-234,$0,$117,$0,$0,$0,$-5,$0,$112,$-56,$0,$0
30,2010-12-31,16.8,$0.00,0.0,$6.00,2.8,$0.51,32.73,$0.14,119.98,$0.63B,$0.47B,1.33,$0.51B,$1.25B,0.41,$1.24B,$0.21B,17.30%,$1.24B,$0.06B,4.85%,$1.24B,$0.06B,4.85%,$1.24B,$0.16B,12.53%,$1.24B,$0.01B,0.73%,$1.24B,$-0.01B,-0.97%,$-0.01B,$1.25B,-1.27%,$-0.01B,$1.03B,-1.65%,$-0.01B,$2.67B,-0.46%,$0.06B,$1.76B,4.26%,$384,$315,$69,$0,$43,$359,$25,$-27,$7,$4,$4,$4,$4,$33,$25,$49,74,$0.07,$0.05,$300,$8,$115,$627,$0,$0,$216,$147,$363,$2672,$472,$511,$441,$953,$1424,$337,$99,$0,$1248,$2672,$-12,$95,$0,$95,$0,$0,$0,$0,$44,$169,$-144,$0,$-3,$0,$0,$-5,$21,$-132,$0,$88,$0,$0,$0,$-4,$0,$84,$121,$0,$0
31,2010-09-30,11.35,$0.00,0.0,$0.90,12.67,$0.05,210.24,$-0.02,0.0,$0.56B,$0.45B,1.24,$0.43B,$0.00B,0.0,$1.15B,$0.38B,33.28%,$1.15B,$0.27B,23.49%,$1.15B,$0.27B,23.49%,$1.15B,$0.36B,31.44%,$1.15B,$0.21B,18.60%,$1.15B,$-0.03B,-2.71%,$-0.03B,$0.83B,-3.17%,$-0.03B,$0.61B,-4.13%,$-0.03B,$2.58B,-1.21%,$0.27B,$1.26B,18.90%,$305,$259,$46,$0,$41,$300,$4,$-2,$9,$2,$7,$9,$9,$39,$4,$52,57,$0.17,$0.15,$161,$7,$151,$561,$0,$20,$217,$133,$370,$2576,$453,$433,$422,$1293,$1746,$0,$0,$0,$830,$2576,$-21,$66,$0,$66,$0,$0,$0,$0,$-36,$86,$1,$0,$0,$0,$0,$-22,$-93,$-114,$0,$0,$0,$0,$38,$-4,$-3,$31,$3,$0,$0
