,Date,Stock Price,Book Value per Share,Price to Book Ratio,TTM Sales per Share,Price to Sales Ratio,TTM FCF per Share,Price to FCF Ratio,TTM Net EPS,PE Ratio,Current Assets,Current Liabilities,Current Ratio,Long Term Debt,Shareholder's Equity_x,Debt to Equity Ratio,TTM Revenue_x,TTM Gross Profit,Gross Margin,TTM Revenue_y,TTM Operating Income,Operating Margin,TTM Revenue_x,TTM EBIT,EBIT Margin,TTM Revenue_y,TTM EBITDA,EBITDA Margin,TTM Revenue_x,TTM Pre-Tax Income,Pre-Tax Margin,TTM Revenue_y,TTM Net Income_x,Net Margin,TTM Net Income_y,Shareholder's Equity_y,Return on Equity,TTM Net Income_x,Tangible Equity,Return on Tangible Equity,TTM Net Income_y,Total Assets,Return on Assets,TTM Net Income,LT Investments & Debt,Return on Investment,revenue,cost-goods-sold,gross-profit,research-development-expenses,selling-general-administrative-expenses,operating-expenses,operating-income,total-non-operating-income-expense,pre-tax-income,total-provision-income-taxes,income-after-taxes,income-from-continuous-operations,net-income,ebitda,ebit,basic-shares-outstanding,shares-outstanding,eps-basic-net-earnings-per-share,eps-earnings-per-share-diluted,cash-on-hand,inventory,other-current-assets,total-current-assets,net-property-plant-equipment,long-term-investments,goodwill-intangible-assets-total,other-long-term-assets,total-long-term-assets,total-assets,total-current-liabilities,long-term-debt,other-non-current-liabilities,total-long-term-liabilities,total-liabilities,common-stock-net,retained-earnings-accumulated-deficit,comprehensive-income,total-share-holder-equity,total-liabilities-share-holders-equity,net-income-loss,total-depreciation-amortization-cash-flow,other-non-cash-items,total-non-cash-items,change-in-accounts-receivable,change-in-inventories,change-in-accounts-payable,change-in-assets-liabilities,total-change-in-assets-liabilities,cash-flow-from-operating-activities,net-change-in-property-plant-equipment,net-change-in-intangible-assets,net-acquisitions-divestitures,net-change-in-short-term-investments,net-change-in-long-term-investments,net-change-in-investments-total,investing-activities-other,cash-flow-from-investing-activities,net-long-term-debt,net-current-debt,debt-issuance-retirement-net-total,net-common-equity-issued-repurchased,net-total-equity-issued-repurchased,total-common-preferred-stock-dividends-paid,financial-activities-other,cash-flow-from-financial-activities,net-cash-flow,stock-based-compensation,common-stock-dividends-paid
0,2018-09-30,22.22,$3.22,6.9,$13.00,1.71,$-0.80,0.0,$-1.45,0.0,$0.06B,$0.04B,1.47,$0.00B,$0.05B,0.0,$0.21B,$0.05B,21.80%,$0.21B,$-0.01B,-3.32%,$0.21B,$-0.01B,-3.32%,$0.21B,$-0.00B,-0.47%,$0.21B,$-0.01B,-2.84%,$0.21B,$-0.02B,-10.90%,$-0.02B,$0.05B,-35.38%,$-0.02B,$0.03B,-55.76%,$-0.02B,$0.10B,-19.70%,$-0.01B,$0.05B,-10.77%,$46,$38,$9,$3,$8,$49,$-3,$0,$-2,$14,$-17,$-17,$-17,$-1,$-3,$16,16,$-1.04,$-1.04,$6,$24,$5,$63,$12,$0,$24,$5,$40,$103,$43,$0,$3,$8,$51,$0,$12,$-4,$52,$103,$-18,$3,$16,$20,$2,$-4,$-1,$1,$-4,$-2,$-2,$-3,$0,$0,$0,$0,$0,$-5,$-29,$35,$6,$1,$1,$0,$0,$7,$-1,$1,$0
1,2018-06-30,17.68,$4.25,4.16,$13.18,1.34,$-1.26,0.0,$-0.51,0.0,$0.07B,$0.05B,1.45,$0.00B,$0.07B,0.0,$0.21B,$0.05B,21.50%,$0.21B,$-0.01B,-3.27%,$0.21B,$-0.01B,-3.27%,$0.21B,$-0.00B,-0.93%,$0.21B,$-0.01B,-3.27%,$0.21B,$-0.01B,-3.74%,$-0.01B,$0.07B,-11.39%,$-0.01B,$0.05B,-17.11%,$-0.01B,$0.13B,-6.68%,$-0.01B,$0.07B,-9.93%,$53,$41,$11,$3,$9,$54,$-1,$-0,$-2,$-0,$-1,$-1,$-1,$0,$-1,$16,16,$-0.08,$-0.08,$9,$27,$4,$73,$12,$0,$24,$5,$54,$127,$50,$0,$3,$8,$59,$0,$28,$-4,$69,$127,$-1,$2,$1,$4,$-4,$-6,$7,$2,$-2,$1,$-2,$-2,$0,$0,$0,$0,$0,$-4,$-10,$15,$5,$1,$1,$0,$0,$6,$2,$0,$0
2,2018-03-31,14.09,$4.36,3.23,$13.81,1.02,$-1.76,0.0,$-0.31,0.0,$0.07B,$0.04B,1.65,$0.00B,$0.07B,0.0,$0.22B,$0.05B,22.42%,$0.22B,$-0.00B,-1.35%,$0.22B,$-0.00B,-1.35%,$0.22B,$0.00B,0.90%,$0.22B,$-0.00B,-0.90%,$0.22B,$-0.01B,-2.24%,$-0.01B,$0.07B,-6.99%,$-0.01B,$0.05B,-10.36%,$-0.01B,$0.12B,-4.21%,$-0.00B,$0.07B,-4.18%,$56,$44,$12,$3,$9,$56,$0,$0,$0,$0,$0,$0,$0,$1,$0,$16,16,$0.00,$0.00,$6,$22,$5,$69,$11,$0,$23,$4,$53,$122,$42,$0,$7,$10,$52,$0,$30,$-3,$70,$122,$0,$1,$1,$2,$-6,$-1,$3,$1,$-5,$-3,$-1,$-1,$0,$0,$0,$0,$0,$-2,$-2,$5,$3,$0,$0,$0,$0,$3,$-1,$0,$0
3,2017-12-31,9.35,$4.32,2.16,$14.52,0.64,$-1.79,0.0,$-0.22,0.0,$0.06B,$0.04B,1.77,$0.00B,$0.07B,0.0,$0.23B,$0.05B,22.75%,$0.23B,$-0.00B,-0.43%,$0.23B,$-0.00B,-0.43%,$0.23B,$0.00B,1.72%,$0.23B,0,0.00%,$0.23B,$-0.00B,-1.72%,$-0.00B,$0.07B,-5.57%,$-0.00B,$0.05B,-8.16%,$-0.00B,$0.12B,-3.34%,$-0.00B,$0.07B,-1.38%,$56,$42,$14,$6,$11,$58,$-3,$1,$-2,$4,$-5,$-5,$-5,$-1,$-3,$16,16,$-0.33,$-0.33,$7,$22,$5,$64,$10,$0,$23,$4,$51,$115,$36,$0,$7,$10,$46,$0,$30,$-3,$69,$115,$-3,$4,$6,$10,$0,$3,$-2,$-7,$-6,$0,$-5,$-4,$0,$0,$0,$0,$0,$-9,$-22,$23,$1,$2,$2,$0,$4,$6,$-2,$1,$0
4,2017-09-30,10.44,$4.58,2.28,$14.86,0.7,$-1.01,0.0,$0.22,47.45,$0.06B,$0.03B,1.82,$0.00B,$0.07B,0.0,$0.24B,$0.05B,21.94%,$0.24B,$0.00B,1.27%,$0.24B,$0.00B,1.27%,$0.24B,$0.01B,2.95%,$0.24B,$0.01B,2.11%,$0.24B,$0.00B,0.84%,$0.00B,$0.07B,2.78%,$0.00B,$0.05B,4.04%,$0.00B,$0.12B,1.64%,$0.00B,$0.07B,4.14%,$49,$40,$9,$3,$9,$52,$-3,$-0,$-3,$-1,$-2,$-2,$-2,$-2,$-3,$16,16,$-0.10,$-0.10,$1,$27,$4,$60,$10,$0,$23,$4,$54,$115,$33,$0,$8,$8,$41,$0,$34,$-4,$73,$115,$2,$3,$3,$6,$2,$-2,$-7,$-7,$-15,$-7,$-4,$-3,$0,$0,$0,$0,$0,$-7,$-17,$18,$1,$2,$2,$0,$4,$7,$-8,$0,$0
5,2017-06-30,8.51,$4.66,1.83,$15.68,0.54,$-0.60,0.0,$0.35,24.31,$0.07B,$0.04B,1.71,$0.00B,$0.07B,0.0,$0.25B,$0.06B,22.49%,$0.25B,$0.01B,2.81%,$0.25B,$0.01B,2.81%,$0.25B,$0.01B,4.42%,$0.25B,$0.01B,3.61%,$0.25B,$0.01B,2.01%,$0.01B,$0.07B,7.04%,$0.01B,$0.05B,10.31%,$0.01B,$0.12B,4.01%,$0.01B,$0.07B,9.82%,$62,$48,$15,$3,$9,$60,$3,$0,$3,$1,$2,$2,$2,$4,$3,$16,16,$0.12,$0.12,$3,$29,$4,$70,$10,$0,$23,$4,$53,$123,$41,$0,$8,$8,$49,$0,$36,$-3,$74,$123,$3,$2,$3,$5,$-3,$-4,$-3,$-6,$-14,$-6,$-3,$-2,$0,$0,$0,$0,$0,$-6,$-14,$15,$1,$1,$1,$0,$4,$6,$-6,$0,$0
6,2017-03-31,7.17,$4.51,1.59,$15.19,0.47,$-0.05,0.0,$0.23,31.17,$0.07B,$0.05B,1.58,$0.00B,$0.07B,0.01,$0.24B,$0.05B,21.25%,$0.24B,$0.00B,1.67%,$0.24B,$0.00B,1.67%,$0.24B,$0.01B,3.33%,$0.24B,$0.01B,2.50%,$0.24B,$0.00B,1.25%,$0.00B,$0.07B,4.32%,$0.00B,$0.05B,6.35%,$0.00B,$0.13B,2.42%,$0.00B,$0.07B,5.71%,$66,$51,$15,$3,$10,$64,$2,$-0,$2,$1,$1,$1,$1,$3,$2,$16,16,$0.09,$0.09,$5,$25,$4,$73,$9,$0,$22,$4,$52,$126,$46,$0,$8,$8,$54,$0,$34,$-3,$71,$126,$1,$1,$1,$2,$-4,$0,$1,$-2,$-5,$-1,$-2,$-1,$0,$0,$0,$0,$0,$-3,$-5,$6,$1,$0,$0,$0,$0,$1,$-4,$0,$0
7,2016-12-31,5.58,$4.41,1.26,$14.59,0.38,$0.08,66.11,$0.14,39.86,$0.08B,$0.05B,1.75,$0.00B,$0.07B,0.01,$0.23B,$0.05B,20.52%,$0.23B,$0.00B,0.87%,$0.23B,$0.00B,0.87%,$0.23B,$0.01B,2.62%,$0.23B,$0.00B,1.75%,$0.23B,$0.00B,0.87%,$0.00B,$0.07B,2.91%,$0.00B,$0.05B,4.30%,$0.00B,$0.13B,1.64%,$0.00B,$0.07B,2.89%,$60,$48,$13,$3,$8,$59,$1,$2,$3,$1,$2,$2,$1,$2,$1,$16,16,$0.07,$0.07,$9,$26,$4,$82,$7,$0,$22,$4,$42,$125,$47,$0,$8,$8,$55,$0,$32,$-3,$70,$125,$2,$5,$1,$6,$-2,$-6,$5,$8,$3,$11,$-3,$-3,$0,$0,$0,$0,$-1,$-7,$-215,$215,$-0,$0,$0,$0,$-2,$-2,$1,$0,$0
8,2016-09-30,5.36,$4.36,1.23,$14.39,0.37,$-0.47,0.0,$0.09,59.59,$0.08B,$0.05B,1.75,$0.00B,$0.07B,0.01,$0.23B,$0.05B,20.35%,$0.23B,$0.00B,1.33%,$0.23B,$0.00B,1.33%,$0.23B,$0.01B,3.10%,$0.23B,$0.00B,0.88%,$0.23B,$0.00B,0.88%,$0.00B,$0.07B,2.93%,$0.00B,$0.05B,4.35%,$0.00B,$0.13B,1.67%,$0.00B,$0.07B,4.35%,$61,$49,$13,$3,$9,$61,$1,$-0,$1,$0,$1,$1,$1,$2,$1,$16,16,$0.03,$0.03,$3,$30,$5,$82,$6,$0,$22,$4,$43,$125,$47,$0,$9,$9,$56,$0,$31,$-3,$69,$125,$1,$3,$3,$6,$-4,$-10,$8,$-1,$-9,$-3,$-2,$-2,$-1,$0,$0,$0,$0,$-5,$-162,$167,$5,$0,$0,$0,$-2,$3,$-5,$0,$0
9,2016-06-30,4.79,$4.33,1.11,$14.21,0.34,$-0.16,0.0,$-0.04,0.0,$0.08B,$0.04B,1.83,$0.00B,$0.07B,0.01,$0.22B,$0.05B,20.18%,$0.22B,$0.00B,1.79%,$0.22B,$0.00B,1.79%,$0.22B,$0.01B,3.59%,$0.22B,$0.00B,1.35%,$0.22B,0,0.00%,$0.00B,$0.07B,0.00%,$0.00B,$0.05B,0.00%,$0.00B,$0.12B,0.00%,$0.00B,$0.07B,5.82%,$53,$42,$10,$3,$7,$52,$0,$-0,$0,$0,$0,$0,$0,$1,$0,$16,16,$0.01,$0.01,$5,$25,$5,$76,$6,$0,$22,$4,$43,$119,$42,$0,$9,$9,$51,$0,$31,$-3,$68,$119,$0,$2,$1,$3,$-0,$-5,$5,$-0,$-2,$1,$-1,$-1,$-1,$0,$0,$0,$0,$-3,$-108,$108,$-0,$0,$0,$0,$0,$-0,$-3,$0,$0
10,2016-03-31,6.63,$4.36,1.52,$14.61,0.45,$-0.24,0.0,$-0.03,0.0,$0.07B,$0.04B,1.76,$0.00B,$0.07B,0.01,$0.23B,$0.05B,20.52%,$0.23B,$0.01B,2.62%,$0.23B,$0.01B,2.62%,$0.23B,$0.01B,4.37%,$0.23B,$0.01B,2.18%,$0.23B,0,0.00%,$0.00B,$0.07B,0.00%,$0.00B,$0.05B,0.00%,$0.00B,$0.12B,0.00%,$0.01B,$0.07B,8.63%,$55,$45,$11,$3,$8,$55,$0,$-0,$0,$0,$0,$0,$0,$1,$0,$16,16,$0.00,$0.00,$6,$22,$4,$73,$6,$0,$22,$4,$46,$119,$41,$1,$9,$9,$51,$0,$31,$-3,$68,$119,$0,$1,$0,$1,$-5,$-1,$4,$1,$-2,$-1,$-0,$-1,$0,$0,$0,$0,$0,$-1,$-54,$54,$-0,$-0,$-0,$0,$0,$-0,$-2,$0,$0
11,2015-12-31,6.73,$4.35,1.55,$14.61,0.46,$-0.11,0.0,$-0.05,0.0,$0.07B,$0.04B,1.8,$0.00B,$0.07B,0.01,$0.23B,$0.05B,20.09%,$0.23B,$0.01B,3.06%,$0.23B,$0.01B,3.06%,$0.23B,$0.01B,4.37%,$0.23B,$0.01B,2.18%,$0.23B,0,0.00%,$0.00B,$0.07B,0.00%,$0.00B,$0.05B,0.00%,$0.00B,$0.12B,0.00%,$0.01B,$0.07B,9.96%,$57,$45,$12,$2,$7,$55,$2,$-1,$1,$0,$1,$1,$1,$3,$2,$16,16,$0.05,$0.05,$8,$21,$3,$70,$6,$0,$22,$4,$47,$116,$39,$1,$9,$9,$48,$0,$31,$-3,$68,$116,$-1,$3,$4,$7,$-1,$3,$-8,$-1,$-6,$1,$-2,$-2,$12,$-1,$0,$-1,$-1,$6,$-222,$217,$-5,$0,$0,$0,$-3,$-8,$-2,$0,$0
12,2015-09-30,5.29,$4.32,1.22,$14.28,0.37,$0.26,20.35,$-0.24,0.0,$0.09B,$0.05B,1.65,$0.00B,$0.07B,0.01,$0.22B,$0.04B,17.94%,$0.22B,$0.01B,4.04%,$0.22B,$0.01B,4.04%,$0.22B,$0.01B,5.38%,$0.22B,$0.01B,3.59%,$0.22B,$-0.00B,-1.35%,$-0.00B,$0.07B,-4.36%,$-0.00B,$0.05B,-7.95%,$-0.00B,$0.13B,-2.23%,$0.01B,$0.07B,12.68%,$58,$46,$12,$3,$7,$56,$2,$0,$2,$1,$1,$1,$-1,$3,$2,$16,16,$-0.10,$-0.10,$2,$25,$23,$85,$6,$0,$22,$4,$43,$128,$52,$1,$9,$9,$61,$0,$30,$-2,$67,$128,$-2,$2,$5,$7,$-0,$-0,$-3,$0,$-4,$2,$-1,$-2,$0,$0,$0,$0,$-1,$-4,$-159,$157,$-2,$0,$0,$0,$-3,$-5,$-8,$0,$0
13,2015-06-30,4.91,$4.45,1.1,$13.93,0.35,$0.37,13.45,$-0.15,0.0,$0.07B,$0.06B,1.35,$0.00B,$0.07B,0.04,$0.22B,$0.04B,17.89%,$0.22B,$0.01B,3.67%,$0.22B,$0.01B,3.67%,$0.22B,$0.01B,4.59%,$0.22B,$0.01B,3.21%,$0.22B,$-0.00B,-0.92%,$-0.00B,$0.07B,-2.86%,$-0.00B,$0.03B,-5.67%,$-0.00B,$0.14B,-1.47%,$0.01B,$0.07B,10.81%,$59,$47,$12,$3,$7,$57,$2,$-0,$2,$1,$1,$1,$0,$3,$2,$16,16,$0.01,$0.01,$5,$25,$4,$74,$6,$0,$40,$4,$61,$135,$55,$3,$9,$11,$66,$0,$31,$-2,$69,$135,$-0,$1,$2,$4,$-2,$0,$-4,$2,$-4,$-1,$-1,$-1,$0,$0,$0,$0,$-1,$-2,$-102,$100,$-2,$0,$0,$0,$-0,$-2,$-5,$0,$0
14,2015-03-31,4.19,$4.44,0.94,$13.85,0.3,$0.75,5.59,$-0.19,0.0,$0.08B,$0.06B,1.35,$0.00B,$0.07B,0.04,$0.22B,$0.04B,18.06%,$0.22B,$0.01B,2.31%,$0.22B,$0.01B,2.31%,$0.22B,$0.01B,3.24%,$0.22B,$0.00B,1.85%,$0.22B,$-0.00B,-1.39%,$-0.00B,$0.07B,-4.24%,$-0.00B,$0.03B,-7.45%,$-0.00B,$0.14B,-2.26%,$0.01B,$0.07B,6.73%,$55,$45,$10,$2,$7,$55,$1,$-0,$0,$0,$0,$0,$-0,$1,$1,$16,16,$-0.02,$-0.02,$6,$27,$5,$76,$6,$0,$40,$3,$60,$137,$57,$3,$9,$11,$68,$0,$31,$-2,$69,$137,$-0,$1,$1,$2,$1,$-2,$-4,$5,$-1,$1,$-0,$-0,$0,$0,$0,$0,$-0,$-1,$-45,$41,$-4,$-0,$-0,$0,$0,$-4,$-4,$0,$0
15,2014-12-31,6.15,$4.47,1.38,$13.98,0.44,$0.80,7.67,$-0.23,0.0,$0.10B,$0.06B,1.71,$0.00B,$0.07B,0.04,$0.22B,$0.04B,18.81%,$0.22B,$0.00B,1.38%,$0.22B,$0.00B,1.38%,$0.22B,$0.01B,2.75%,$0.22B,$0.00B,1.38%,$0.22B,$-0.00B,-1.83%,$-0.00B,$0.07B,-5.59%,$-0.00B,$0.05B,-8.79%,$-0.00B,$0.14B,-3.10%,$0.00B,$0.07B,4.03%,$51,$45,$6,$-1,$3,$47,$4,$0,$4,$3,$1,$1,$-2,$5,$4,$16,16,$-0.14,$-0.14,$10,$26,$4,$96,$5,$0,$22,$3,$41,$137,$56,$3,$9,$11,$68,$0,$31,$-1,$70,$137,$-4,$2,$5,$7,$-1,$-4,$3,$0,$3,$6,$-2,$-2,$-5,$0,$0,$0,$-2,$-10,$-40,$45,$5,$0,$0,$0,$0,$5,$0,$1,$0
16,2014-09-30,4.9,$4.65,1.05,$14.60,0.34,$0.21,23.02,$-0.08,0.0,$0.08B,$0.05B,1.42,$0.01B,$0.07B,0.1,$0.23B,$0.05B,21.59%,$0.23B,$-0.00B,-0.44%,$0.23B,$-0.00B,-0.44%,$0.23B,$0.00B,0.88%,$0.23B,$-0.00B,-0.44%,$0.23B,$-0.00B,-0.88%,$-0.00B,$0.07B,-2.77%,$-0.00B,$0.04B,-4.32%,$-0.00B,$0.14B,-1.61%,$-0.00B,$0.08B,-1.33%,$53,$41,$11,$2,$8,$51,$1,$-0,$1,$1,$1,$1,$-0,$1,$1,$16,16,$-0.01,$-0.01,$10,$26,$4,$77,$6,$0,$37,$3,$60,$137,$54,$7,$4,$11,$65,$0,$33,$-0,$72,$137,$-2,$1,$4,$5,$-0,$-3,$2,$-0,$-0,$3,$-1,$-1,$-5,$0,$0,$0,$-2,$-9,$6,$0,$6,$0,$0,$0,$0,$6,$0,$1,$0
17,2014-06-30,4.2,$4.61,0.91,$14.83,0.28,$-0.28,0.0,$-0.04,0.0,$0.08B,$0.04B,1.69,$0.00B,$0.07B,0.01,$0.23B,$0.05B,21.74%,$0.23B,$-0.00B,-0.87%,$0.23B,$-0.00B,-0.87%,$0.23B,$0.00B,0.87%,$0.23B,$-0.00B,-0.87%,$0.23B,$-0.00B,-0.87%,$-0.00B,$0.07B,-2.76%,$-0.00B,$0.05B,-3.96%,$-0.00B,$0.12B,-1.69%,$-0.00B,$0.07B,-2.72%,$57,$45,$12,$4,$10,$58,$-1,$0,$-1,$-0,$-1,$-1,$-1,$-0,$-1,$16,16,$-0.03,$-0.03,$13,$22,$3,$75,$6,$0,$23,$3,$46,$121,$44,$1,$4,$5,$49,$0,$34,$-1,$72,$121,$-2,$2,$2,$4,$-1,$1,$1,$3,$3,$6,$-1,$-2,$0,$0,$0,$0,$0,$-3,$-0,$0,$-0,$0,$0,$0,$0,$-0,$3,$1,$0
18,2014-03-31,4.89,$4.62,1.06,$15.03,0.33,$-1.08,0.0,$-0.01,0.0,$0.08B,$0.04B,1.71,$0.00B,$0.07B,0.01,$0.23B,$0.05B,21.89%,$0.23B,$-0.00B,-0.43%,$0.23B,$-0.00B,-0.43%,$0.23B,$0.00B,1.29%,$0.23B,0,0.00%,$0.23B,$-0.00B,-0.43%,$-0.00B,$0.07B,-1.38%,$-0.00B,$0.05B,-1.95%,$-0.00B,$0.12B,-0.85%,$-0.00B,$0.07B,-1.36%,$57,$45,$12,$4,$9,$58,$-1,$-0,$-1,$-0,$-1,$-1,$-1,$-0,$-1,$15,15,$-0.06,$-0.06,$10,$23,$3,$75,$6,$0,$22,$3,$46,$121,$44,$1,$4,$5,$48,$0,$34,$-1,$72,$121,$-1,$1,$1,$2,$-4,$1,$1,$4,$1,$2,$-1,$-1,$0,$0,$0,$0,$0,$-2,$-0,$0,$-0,$0,$0,$0,$0,$-0,$0,$1,$0
19,2013-12-31,5.45,$4.66,1.17,$15.78,0.35,$-1.45,0.0,$0.02,272.5,$0.07B,$0.04B,1.8,$0.00B,$0.07B,0.01,$0.24B,$0.05B,21.40%,$0.24B,$-0.00B,-0.41%,$0.24B,$-0.00B,-0.41%,$0.24B,$0.00B,0.82%,$0.24B,0,0.00%,$0.24B,0,0.00%,$0.00B,$0.07B,0.00%,$0.00B,$0.05B,0.00%,$0.00B,$0.12B,0.00%,$-0.00B,$0.07B,-1.36%,$60,$46,$14,$4,$10,$59,$0,$0,$0,$0,$0,$0,$0,$1,$0,$15,15,$0.02,$0.02,$10,$24,$3,$72,$5,$0,$22,$3,$45,$118,$40,$1,$4,$5,$45,$0,$35,$-1,$73,$118,$0,$2,$2,$4,$-2,$-1,$-4,$0,$-8,$-3,$-1,$-5,$0,$0,$0,$0,$0,$-6,$-0,$0,$-0,$0,$0,$0,$0,$-0,$-9,$0,$0
20,2013-09-30,4.94,$4.68,1.06,$16.27,0.3,$-0.41,0.0,$-0.24,0.0,$0.08B,$0.04B,2.23,$0.00B,$0.07B,0.01,$0.25B,$0.05B,19.28%,$0.25B,$-0.01B,-2.81%,$0.25B,$-0.01B,-2.81%,$0.25B,$0.00B,0.80%,$0.25B,$-0.01B,-2.01%,$0.25B,$-0.00B,-1.61%,$-0.00B,$0.07B,-5.52%,$-0.00B,$0.05B,-7.58%,$-0.00B,$0.11B,-3.38%,$-0.01B,$0.07B,-9.52%,$56,$43,$12,$4,$9,$56,$0,$0,$0,$-0,$0,$0,$0,$1,$0,$15,15,$0.03,$0.03,$10,$25,$4,$80,$6,$0,$21,$3,$33,$113,$36,$1,$4,$5,$40,$0,$35,$-0,$73,$113,$0,$2,$1,$3,$3,$-1,$-9,$1,$-8,$-5,$-1,$-3,$0,$0,$0,$0,$0,$-4,$-0,$0,$-0,$0,$0,$0,$0,$-0,$-9,$-0,$0
21,2013-06-30,4.03,$4.63,0.87,$16.69,0.24,$0.59,6.87,$-0.18,0.0,$0.08B,$0.04B,2.06,$0.00B,$0.07B,0.01,$0.25B,$0.05B,19.69%,$0.25B,$-0.01B,-2.36%,$0.25B,$-0.01B,-2.36%,$0.25B,$0.00B,1.18%,$0.25B,$-0.00B,-1.57%,$0.25B,$-0.00B,-1.18%,$-0.00B,$0.07B,-4.10%,$-0.00B,$0.05B,-5.66%,$-0.00B,$0.12B,-2.49%,$-0.01B,$0.07B,-8.08%,$60,$46,$13,$4,$9,$59,$0,$0,$1,$0,$0,$0,$0,$1,$0,$15,15,$0.00,$0.00,$10,$28,$3,$84,$6,$0,$20,$3,$33,$118,$41,$1,$3,$5,$46,$0,$34,$-1,$72,$118,$-0,$1,$1,$2,$-0,$-3,$-4,$2,$-9,$-7,$-0,$-2,$0,$0,$0,$0,$0,$-2,$-0,$0,$-0,$0,$0,$0,$0,$-0,$-10,$-0,$0
22,2013-03-31,4.71,$4.68,1.01,$16.92,0.28,$1.50,3.15,$-0.21,0.0,$0.09B,$0.04B,2.04,$0.00B,$0.07B,0.02,$0.26B,$0.05B,19.14%,$0.26B,$-0.01B,-2.73%,$0.26B,$-0.01B,-2.73%,$0.26B,$0.00B,0.78%,$0.26B,$-0.01B,-2.34%,$0.26B,$-0.00B,-1.56%,$-0.00B,$0.07B,-5.41%,$-0.00B,$0.05B,-7.58%,$-0.00B,$0.12B,-3.29%,$-0.01B,$0.07B,-9.33%,$67,$54,$13,$4,$10,$68,$-1,$-0,$-1,$-1,$-0,$-0,$-0,$-1,$-1,$15,15,$-0.03,$-0.03,$14,$26,$3,$85,$6,$0,$19,$3,$33,$118,$42,$1,$3,$5,$46,$0,$34,$-0,$72,$118,$-0,$1,$-0,$0,$2,$-0,$-5,$2,$-4,$-4,$-0,$-1,$0,$0,$0,$0,$0,$-1,$-0,$0,$-0,$-0,$-0,$0,$0,$-0,$-5,$-0,$0
23,2012-12-31,4.9,$4.75,1.03,$16.19,0.3,$2.09,2.34,$-0.02,0.0,$0.08B,$0.05B,1.77,$0.00B,$0.07B,0.02,$0.25B,$0.05B,20.82%,$0.25B,$-0.01B,-2.04%,$0.25B,$-0.01B,-2.04%,$0.25B,$0.01B,2.04%,$0.25B,$-0.00B,-1.22%,$0.25B,$-0.00B,-0.82%,$-0.00B,$0.07B,-2.68%,$-0.00B,$0.05B,-3.81%,$-0.00B,$0.12B,-1.64%,$-0.01B,$0.07B,-6.60%,$66,$57,$10,$4,$12,$72,$-6,$0,$-5,$-2,$-4,$-4,$-4,$1,$-6,$15,15,$-0.24,$-0.24,$19,$26,$3,$82,$6,$0,$19,$3,$41,$124,$47,$1,$3,$4,$51,$0,$35,$-0,$73,$124,$-0,$9,$-1,$8,$1,$-4,$5,$2,$6,$13,$-2,$-3,$4,$2,$0,$2,$-1,$-0,$-2,$0,$-2,$0,$0,$0,$0,$-1,$12,$1,$0
24,2012-09-30,5.45,$4.96,1.1,$15.80,0.34,$2.01,2.71,$0.27,20.18,$0.08B,$0.04B,2.04,$0.00B,$0.08B,0.02,$0.24B,$0.06B,23.01%,$0.24B,$0.00B,1.26%,$0.24B,$0.00B,1.26%,$0.24B,$0.01B,2.93%,$0.24B,$0.01B,2.09%,$0.24B,$0.00B,1.26%,$0.00B,$0.08B,4.03%,$0.00B,$0.05B,5.83%,$0.00B,$0.12B,2.50%,$0.00B,$0.08B,3.96%,$61,$47,$14,$3,$9,$60,$1,$0,$1,$0,$1,$1,$1,$2,$1,$15,15,$0.09,$0.09,$18,$25,$4,$84,$6,$0,$24,$2,$38,$122,$41,$1,$3,$4,$46,$0,$38,$-0,$76,$122,$3,$3,$0,$3,$4,$-3,$1,$1,$5,$11,$-2,$-2,$4,$1,$0,$1,$0,$1,$-1,$0,$-1,$0,$0,$0,$0,$-1,$10,$1,$0
25,2012-06-30,4.93,$4.87,1.01,$15.67,0.31,$1.60,3.08,$0.26,18.96,$0.09B,$0.04B,1.96,$0.00B,$0.08B,0.02,$0.24B,$0.06B,23.63%,$0.24B,$0.01B,2.11%,$0.24B,$0.01B,2.11%,$0.24B,$0.01B,3.38%,$0.24B,$0.01B,2.95%,$0.24B,$0.00B,1.27%,$0.00B,$0.08B,4.08%,$0.00B,$0.05B,5.94%,$0.00B,$0.12B,2.52%,$0.01B,$0.08B,6.69%,$62,$50,$12,$3,$9,$63,$-1,$-0,$-1,$-0,$-1,$-1,$-1,$0,$-1,$15,15,$-0.03,$-0.03,$17,$23,$3,$86,$6,$0,$23,$2,$37,$123,$44,$1,$3,$4,$48,$0,$37,$-0,$75,$123,$2,$2,$-1,$1,$-1,$0,$3,$3,$5,$8,$-2,$-2,$4,$2,$0,$2,$0,$3,$-1,$0,$-1,$0,$0,$0,$0,$-1,$9,$0,$0
26,2012-03-31,4.91,$4.94,0.99,$15.32,0.32,$1.17,4.21,$-0.90,0.0,$0.08B,$0.04B,2.08,$0.00B,$0.08B,0.02,$0.23B,$0.05B,22.08%,$0.23B,$-0.02B,-9.09%,$0.23B,$-0.02B,-9.09%,$0.23B,$0.00B,0.87%,$0.23B,$-0.02B,-8.23%,$0.23B,$-0.01B,-6.06%,$-0.01B,$0.08B,-19.31%,$-0.01B,$0.05B,-27.86%,$-0.01B,$0.12B,-11.67%,$-0.02B,$0.08B,-28.47%,$56,$41,$15,$4,$10,$54,$1,$1,$2,$1,$1,$1,$2,$2,$1,$15,15,$0.16,$0.16,$16,$26,$3,$82,$5,$0,$23,$2,$37,$119,$40,$1,$3,$5,$44,$0,$38,$-0,$75,$119,$2,$1,$-1,$-1,$3,$-1,$1,$2,$3,$5,$-0,$-1,$4,$-1,$0,$-1,$0,$2,$-0,$0,$-0,$0,$0,$0,$0,$-0,$7,$0,$0
27,2011-12-31,3.94,$4.77,0.83,$15.25,0.26,$0.56,7.0,$-1.03,0.0,$0.08B,$0.04B,2.0,$0.00B,$0.07B,0.02,$0.23B,$0.05B,21.83%,$0.23B,$-0.02B,-9.17%,$0.23B,$-0.02B,-9.17%,$0.23B,$0.00B,0.87%,$0.23B,$-0.02B,-8.73%,$0.23B,$-0.02B,-6.99%,$-0.02B,$0.07B,-21.12%,$-0.02B,$0.05B,-32.49%,$-0.02B,$0.12B,-12.67%,$-0.02B,$0.07B,-27.18%,$60,$46,$14,$3,$8,$58,$2,$0,$3,$1,$2,$2,$1,$3,$2,$15,15,$0.04,$0.04,$8,$25,$3,$77,$5,$0,$23,$2,$39,$116,$39,$1,$3,$5,$44,$0,$35,$-0,$72,$116,$-16,$23,$3,$27,$5,$1,$-4,$-0,$-0,$11,$-1,$-7,$0,$0,$0,$0,$-0,$-8,$-2,$0,$-2,$0,$0,$0,$0,$-2,$1,$1,$0
28,2011-09-30,3.35,$4.72,0.71,$15.52,0.22,$0.46,7.32,$-1.00,0.0,$0.08B,$0.04B,1.9,$0.00B,$0.07B,0.02,$0.23B,$0.06B,24.89%,$0.23B,$-0.02B,-6.44%,$0.23B,$-0.02B,-6.44%,$0.23B,$0.01B,3.43%,$0.23B,$-0.02B,-8.15%,$0.23B,$-0.02B,-6.87%,$-0.02B,$0.07B,-20.13%,$-0.02B,$0.05B,-32.65%,$-0.02B,$0.12B,-12.14%,$-0.02B,$0.07B,-18.46%,$59,$44,$15,$3,$9,$56,$3,$-0,$3,$1,$2,$2,$1,$3,$3,$15,15,$0.08,$0.08,$3,$30,$3,$83,$6,$0,$23,$2,$36,$119,$44,$1,$3,$4,$48,$0,$34,$-0,$72,$119,$-16,$23,$2,$25,$-0,$-1,$-5,$3,$-5,$4,$-1,$-7,$0,$0,$0,$0,$-0,$-8,$0,$0,$0,$0,$0,$0,$0,$0,$-3,$0,$0
29,2011-06-30,3.83,$4.66,0.82,$15.70,0.24,$0.47,8.15,$-1.04,0.0,$0.09B,$0.05B,1.79,$0.00B,$0.07B,0.03,$0.24B,$0.06B,25.11%,$0.24B,$-0.02B,-7.23%,$0.24B,$-0.02B,-7.23%,$0.24B,$0.01B,2.98%,$0.24B,$-0.02B,-8.94%,$0.24B,$-0.02B,-6.81%,$-0.02B,$0.07B,-19.34%,$-0.02B,$0.05B,-32.65%,$-0.02B,$0.13B,-11.62%,$-0.02B,$0.07B,-19.94%,$56,$50,$7,$3,$10,$84,$-27,$-0,$-27,$-10,$-18,$-18,$-18,$-6,$-27,$15,15,$-1.19,$-1.19,$4,$35,$4,$90,$6,$0,$21,$2,$35,$126,$51,$2,$3,$5,$55,$0,$33,$0,$71,$126,$-17,$22,$-1,$22,$4,$-5,$-2,$0,$-4,$0,$-1,$-5,$0,$0,$0,$0,$-0,$-6,$2,$0,$2,$0,$0,$0,$0,$2,$-3,$0,$0
30,2011-03-31,4.56,$5.84,0.78,$15.68,0.29,$0.64,7.17,$0.21,21.71,$0.10B,$0.05B,1.89,$0.00B,$0.09B,0.03,$0.24B,$0.07B,28.51%,$0.24B,$0.01B,4.68%,$0.24B,$0.01B,4.68%,$0.24B,$0.02B,6.38%,$0.24B,$0.01B,2.98%,$0.24B,$0.00B,1.28%,$0.00B,$0.09B,3.48%,$0.00B,$0.05B,6.12%,$0.00B,$0.14B,2.14%,$0.01B,$0.09B,12.32%,$54,$40,$14,$4,$9,$53,$1,$-0,$1,$0,$1,$1,$0,$2,$1,$15,15,$0.03,$0.03,$4,$39,$4,$95,$6,$0,$40,$2,$48,$144,$51,$2,$3,$5,$56,$0,$51,$0,$88,$144,$0,$1,$1,$2,$0,$-1,$-3,$0,$-6,$-4,$-0,$-3,$0,$0,$0,$0,$-0,$-3,$4,$0,$4,$0,$0,$0,$0,$4,$-2,$0,$0
31,2010-12-31,5.71,$5.77,0.99,$15.97,0.36,$1.20,4.74,$0.22,25.95,$0.09B,$0.05B,1.96,$0.00B,$0.09B,0.03,$0.24B,$0.07B,28.03%,$0.24B,$0.01B,4.60%,$0.24B,$0.01B,4.60%,$0.24B,$0.02B,6.28%,$0.24B,$0.01B,2.93%,$0.24B,$0.00B,1.67%,$0.00B,$0.09B,4.69%,$0.00B,$0.05B,8.16%,$0.00B,$0.14B,2.90%,$0.01B,$0.09B,12.39%,$64,$43,$22,$4,$9,$57,$8,$0,$4,$1,$3,$1,$1,$9,$8,$15,15,$0.08,$0.08,$7,$37,$3,$88,$6,$0,$37,$2,$50,$138,$45,$3,$3,$6,$51,$0,$51,$-1,$87,$138,$3,$3,$5,$3,$2,$-7,$7,$1,$2,$12,$-4,$-2,$-0,$0,$0,$0,$-2,$-6,$-3,$0,$-3,$0,$0,$0,$0,$-3,$3,$0,$0
32,2010-09-30,6.15,$0.00,0.0,$15.66,0.39,$0.97,6.34,$-0.19,0.0,$0.10B,$0.05B,1.89,$0.00B,$0.09B,0.04,$0.23B,$0.06B,24.89%,$0.23B,$0.00B,1.72%,$0.23B,$0.00B,1.72%,$0.23B,$0.01B,3.43%,$0.23B,$-0.00B,-1.29%,$0.23B,$-0.00B,-0.86%,$-0.00B,$0.09B,-2.37%,$-0.00B,$0.05B,-4.08%,$-0.00B,$0.14B,-1.45%,$0.00B,$0.09B,4.53%,$61,$45,$16,$5,$10,$60,$1,$-0,$1,$0,$1,$1,$1,$2,$1,$15,15,$0.04,$0.04,$4,$41,$10,$98,$0,$0,$36,$2,$39,$143,$52,$3,$3,$6,$58,$0,$49,$0,$85,$143,$2,$2,$3,$6,$2,$-9,$11,$-4,$-1,$7,$-4,$-1,$-0,$0,$0,$0,$0,$-4,$-2,$0,$-2,$0,$0,$0,$0,$-2,$0,$0,$0
33,2010-06-30,5.14,$0.00,0.0,$14.96,0.34,$1.05,4.87,$-0.28,0.0,$0.09B,$0.04B,2.05,$0.00B,$0.09B,0.04,$0.22B,$0.05B,23.87%,$0.22B,$0.00B,0.90%,$0.22B,$0.00B,0.90%,$0.22B,$0.01B,2.70%,$0.22B,$-0.01B,-2.25%,$0.22B,$-0.00B,-1.80%,$-0.00B,$0.09B,-4.71%,$-0.00B,$0.05B,-7.96%,$-0.00B,$0.14B,-2.95%,$0.00B,$0.09B,2.25%,$56,$41,$15,$4,$10,$55,$1,$0,$1,$0,$1,$1,$1,$2,$1,$15,15,$0.06,$0.06,$4,$35,$12,$91,$0,$0,$35,$2,$38,$135,$44,$4,$2,$6,$50,$0,$49,$0,$85,$135,$1,$2,$2,$3,$5,$-2,$2,$-4,$-0,$4,$-2,$-0,$-0,$0,$0,$0,$0,$-3,$-2,$0,$-2,$0,$0,$0,$0,$-2,$0,$0,$0
34,2010-03-31,6.05,$0.00,0.0,$14.90,0.41,$1.29,4.71,$-0.32,0.0,$0.09B,$0.05B,1.99,$0.00B,$0.08B,0.05,$0.22B,$0.05B,22.73%,$0.22B,$0.00B,0.45%,$0.22B,$0.00B,0.45%,$0.22B,$0.01B,2.27%,$0.22B,$-0.01B,-2.73%,$0.22B,$-0.01B,-2.27%,$-0.01B,$0.08B,-5.85%,$-0.01B,$0.05B,-9.76%,$-0.01B,$0.14B,-3.66%,$0.00B,$0.09B,1.11%,$58,$44,$14,$3,$10,$57,$1,$0,$1,$0,$1,$1,$1,$2,$1,$15,15,$0.04,$0.04,$6,$33,$11,$92,$0,$0,$36,$2,$39,$136,$46,$4,$2,$6,$52,$0,$48,$0,$84,$136,$1,$1,$1,$2,$3,$-0,$1,$-1,$4,$6,$-2,$-0,$-0,$0,$0,$0,$0,$-2,$-2,$0,$-2,$0,$0,$0,$0,$-2,$2,$-0,$0
35,2009-12-31,5.78,$5.76,1.0,$15.12,0.38,$1.03,5.63,$-0.34,0.0,$0.09B,$0.05B,2.01,$0.00B,$0.08B,0.05,$0.22B,$0.05B,22.52%,$0.22B,0,0.00%,$0.22B,0,0.00%,$0.22B,$0.00B,1.80%,$0.22B,$-0.01B,-3.15%,$0.22B,$-0.01B,-2.70%,$-0.01B,$0.08B,-6.98%,$-0.01B,$0.05B,-11.43%,$-0.01B,$0.14B,-4.33%,$0.00B,$0.09B,0.00%,$58,$45,$13,$4,$8,$57,$1,$-0,$-6,$-1,$-5,$-5,$-5,$2,$1,$15,15,$-0.33,$-0.33,$4,$33,$10,$93,$34,$0,$34,$2,$71,$136,$46,$4,$2,$7,$53,$0,$47,$-0,$83,$136,$-5,$4,$9,$4,$8,$2,$-2,$-4,$-0,$7,$-2,$-1,$0,$0,$0,$0,$-0,$-2,$-8,$-7,$-1,$1,$1,$0,$0,$-7,$-2,$1,$0
36,2009-09-30,6.38,$0.00,0.0,$15.61,0.41,$0.41,15.62,$0.09,70.89,$0.09B,$0.04B,2.3,$0.01B,$0.09B,0.06,$0.23B,$0.05B,23.14%,$0.23B,$0.00B,0.87%,$0.23B,$0.00B,0.87%,$0.23B,$0.01B,2.18%,$0.23B,$0.00B,0.44%,$0.23B,0,0.00%,$0.00B,$0.09B,0.00%,$0.00B,$0.05B,0.00%,$0.00B,$0.14B,0.00%,$0.00B,$0.09B,2.18%,$50,$39,$11,$4,$9,$51,$-1,$-0,$-1,$-1,$-1,$-1,$-1,$-0,$-1,$15,15,$-0.05,$-0.05,$5,$40,$10,$92,$0,$0,$34,$2,$36,$135,$40,$5,$2,$7,$47,$0,$52,$0,$88,$135,$-0,$3,$0,$3,$0,$0,$0,$0,$0,$6,$-2,$0,$-0,$0,$0,$0,$0,$-2,$0,$-6,$-1,$0,$0,$0,$0,$-6,$-1,$0,$0
37,2009-06-30,6.39,$0.00,0.0,$16.15,0.4,$-0.39,0.0,$0.20,31.95,$0.10B,$0.05B,2.08,$0.00B,$0.09B,0.04,$0.24B,$0.06B,24.05%,$0.24B,$0.01B,2.11%,$0.24B,$0.01B,2.11%,$0.24B,$0.01B,3.38%,$0.24B,$0.00B,1.27%,$0.24B,$0.00B,0.84%,$0.00B,$0.09B,2.32%,$0.00B,$0.05B,3.83%,$0.00B,$0.14B,1.37%,$0.01B,$0.09B,5.45%,$54,$42,$12,$3,$9,$54,$0,$0,$0,$0,$0,$0,$0,$1,$0,$15,15,$0.02,$0.02,$8,$42,$8,$96,$0,$0,$34,$2,$36,$139,$46,$4,$2,$5,$52,$0,$53,$0,$87,$139,$0,$2,$0,$2,$0,$0,$0,$0,$2,$7,$-1,$0,$0,$0,$0,$0,$-0,$-1,$0,$-3,$-1,$0,$0,$0,$0,$-4,$2,$0,$0
38,2009-03-31,5.13,$0.00,0.0,$16.34,0.31,$-1.30,0.0,$0.23,22.3,$0.10B,$0.05B,2.0,$0.01B,$0.09B,0.06,$0.24B,$0.06B,24.58%,$0.24B,$0.01B,2.50%,$0.24B,$0.01B,2.50%,$0.24B,$0.01B,3.75%,$0.24B,$0.00B,1.67%,$0.24B,$0.00B,1.25%,$0.00B,$0.09B,3.50%,$0.00B,$0.05B,5.88%,$0.00B,$0.14B,2.03%,$0.01B,$0.09B,6.52%,$60,$47,$14,$3,$10,$60,$0,$-0,$0,$0,$0,$0,$0,$1,$0,$14,15,$0.02,$0.02,$5,$44,$9,$101,$0,$0,$33,$1,$36,$144,$51,$6,$2,$7,$58,$0,$53,$0,$86,$144,$0,$1,$0,$1,$0,$0,$0,$0,$-2,$1,$-1,$0,$-0,$0,$0,$0,$0,$-1,$0,$-1,$-0,$0,$0,$0,$0,$-1,$-2,$0,$0
39,2008-12-31,5.55,$0.00,0.0,$15.85,0.35,$-1.63,0.0,$0.16,34.69,$0.11B,$0.06B,1.84,$0.01B,$0.09B,0.07,$0.23B,$0.06B,24.57%,$0.23B,$0.01B,2.16%,$0.23B,$0.01B,2.16%,$0.23B,$0.01B,3.45%,$0.23B,$0.00B,1.29%,$0.23B,$0.00B,0.86%,$0.00B,$0.09B,2.35%,$0.00B,$0.05B,4.02%,$0.00B,$0.15B,1.36%,$0.01B,$0.09B,5.45%,$65,$49,$16,$4,$10,$63,$3,$-0,$2,$1,$1,$1,$1,$3,$3,$14,15,$0.10,$0.10,$6,$41,$9,$110,$0,$0,$34,$2,$37,$154,$60,$6,$2,$8,$68,$0,$53,$0,$86,$154,$2,$4,$5,$4,$-11,$-3,$-2,$4,$-13,$-2,$-2,$-1,$0,$0,$0,$0,$1,$-0,$6,$6,$-1,$0,$0,$0,$0,$6,$2,$0,$0
40,2008-09-30,7.17,$0.00,0.0,$15.48,0.46,$-0.97,0.0,$0.09,79.67,$0.10B,$0.05B,1.91,$0.01B,$0.09B,0.07,$0.23B,$0.06B,25.11%,$0.23B,$0.00B,0.88%,$0.23B,$0.00B,0.88%,$0.23B,$0.01B,2.64%,$0.23B,$0.00B,0.44%,$0.23B,$0.00B,0.44%,$0.00B,$0.09B,1.18%,$0.00B,$0.05B,2.05%,$0.00B,$0.15B,0.69%,$0.00B,$0.09B,2.18%,$58,$43,$15,$4,$9,$56,$2,$-0,$1,$1,$1,$1,$1,$3,$2,$14,15,$0.06,$0.06,$3,$43,$10,$103,$0,$0,$35,$2,$38,$148,$54,$6,$2,$8,$62,$0,$51,$0,$86,$148,$1,$3,$0,$3,$0,$0,$0,$0,$-13,$-6,$-2,$0,$0,$0,$0,$0,$1,$-0,$0,$5,$-0,$0,$0,$0,$0,$5,$-2,$0,$0
41,2008-06-30,7.49,$0.00,0.0,$15.16,0.49,$-0.33,0.0,$-0.03,0.0,$0.10B,$0.05B,1.94,$0.01B,$0.09B,0.08,$0.22B,$0.05B,24.43%,$0.22B,$-0.00B,-0.45%,$0.22B,$-0.00B,-0.45%,$0.22B,$0.00B,1.36%,$0.22B,$-0.00B,-0.45%,$0.22B,$-0.00B,-0.45%,$-0.00B,$0.09B,-1.18%,$-0.00B,$0.05B,-2.08%,$-0.00B,$0.15B,-0.70%,$-0.00B,$0.09B,-1.09%,$57,$43,$14,$4,$9,$56,$1,$0,$1,$0,$1,$1,$1,$2,$1,$14,15,$0.05,$0.05,$3,$41,$10,$100,$0,$0,$36,$2,$38,$145,$51,$6,$2,$9,$60,$0,$50,$0,$85,$145,$-0,$2,$0,$2,$0,$0,$0,$0,$-10,$-7,$-1,$0,$-0,$0,$0,$0,$2,$0,$0,$5,$-0,$0,$0,$0,$0,$5,$-1,$0,$0
42,2008-03-31,7.91,$0.00,0.0,$14.77,0.54,$0.24,33.18,$-0.15,0.0,$0.10B,$0.05B,1.98,$0.01B,$0.08B,0.08,$0.21B,$0.05B,24.77%,$0.21B,$-0.00B,-1.40%,$0.21B,$-0.00B,-1.40%,$0.21B,$0.00B,0.47%,$0.21B,$-0.00B,-1.40%,$0.21B,$-0.00B,-1.40%,$-0.00B,$0.08B,-3.55%,$-0.00B,$0.05B,-6.28%,$-0.00B,$0.14B,-2.11%,$-0.00B,$0.09B,-3.27%,$52,$40,$12,$4,$9,$53,$-1,$-0,$-1,$-1,$-1,$-1,$-1,$-0,$-1,$14,14,$-0.05,$-0.05,$3,$42,$10,$95,$0,$0,$36,$2,$39,$142,$48,$7,$3,$9,$57,$0,$50,$0,$84,$142,$-1,$1,$0,$1,$0,$0,$0,$0,$-5,$-4,$-0,$0,$-0,$0,$0,$0,$2,$1,$0,$2,$-0,$0,$0,$0,$0,$2,$-1,$0,$0
43,2007-12-31,7.71,$0.00,0.0,$14.49,0.53,$0.42,18.48,$-0.19,0.0,$0.10B,$0.05B,1.87,$0.01B,$0.09B,0.08,$0.21B,$0.05B,24.76%,$0.21B,$-0.00B,-1.90%,$0.21B,$-0.00B,-1.90%,$0.21B,0,0.00%,$0.21B,$-0.00B,-1.90%,$0.21B,$-0.00B,-1.43%,$-0.00B,$0.09B,-3.54%,$-0.00B,$0.05B,-6.25%,$-0.00B,$0.15B,-2.12%,$-0.00B,$0.09B,-4.34%,$60,$44,$16,$4,$11,$60,$0,$0,$0,$-0,$0,$0,$0,$1,$0,$14,15,$0.03,$0.03,$4,$40,$10,$98,$0,$0,$37,$4,$41,$147,$52,$7,$2,$9,$62,$0,$50,$0,$85,$147,$-3,$4,$0,$4,$0,$0,$0,$0,$3,$9,$-3,$0,$0,$0,$0,$0,$-0,$-3,$0,$-5,$-0,$0,$0,$0,$0,$-5,$0,$0,$0
44,2007-09-30,8.02,$0.00,0.0,$14.10,0.57,$-0.28,0.0,$-0.16,0.0,$0.09B,$0.05B,2.06,$0.01B,$0.08B,0.09,$0.20B,$0.05B,24.51%,$0.20B,$-0.00B,-1.47%,$0.20B,$-0.00B,-1.47%,$0.20B,$0.00B,0.49%,$0.20B,$-0.00B,-1.47%,$0.20B,$-0.00B,-0.98%,$-0.00B,$0.08B,-2.35%,$-0.00B,$0.05B,-4.12%,$-0.00B,$0.14B,-1.42%,$-0.00B,$0.09B,-3.23%,$52,$39,$12,$5,$9,$53,$-1,$0,$-1,$-0,$-1,$-1,$-1,$-0,$-1,$14,14,$-0.06,$-0.06,$5,$38,$11,$93,$0,$0,$37,$4,$40,$141,$45,$7,$3,$11,$56,$0,$50,$0,$84,$141,$-3,$3,$0,$3,$0,$0,$0,$0,$2,$4,$-2,$0,$0,$0,$0,$0,$0,$-2,$0,$-2,$-0,$0,$0,$0,$0,$-2,$0,$0,$0
45,2007-06-30,8.53,$0.00,0.0,$13.82,0.62,$-1.08,0.0,$-0.06,0.0,$0.09B,$0.04B,2.11,$0.01B,$0.09B,0.09,$0.20B,$0.05B,24.88%,$0.20B,$-0.00B,-0.50%,$0.20B,$-0.00B,-0.50%,$0.20B,$0.00B,1.49%,$0.20B,$-0.00B,-0.50%,$0.20B,0,0.00%,$0.00B,$0.09B,0.00%,$0.00B,$0.05B,0.00%,$0.00B,$0.14B,0.00%,$-0.00B,$0.09B,-1.10%,$50,$37,$13,$4,$9,$51,$-1,$-0,$-1,$-0,$-1,$-1,$-1,$-0,$-1,$14,14,$-0.07,$-0.07,$3,$38,$10,$90,$0,$0,$37,$3,$40,$138,$43,$7,$3,$10,$53,$0,$51,$0,$85,$138,$-2,$2,$0,$2,$0,$0,$0,$0,$2,$2,$-1,$0,$0,$0,$0,$0,$0,$-1,$0,$-2,$-0,$0,$0,$0,$0,$-2,$-1,$0,$0
46,2007-03-31,9.92,$0.00,0.0,$13.95,0.71,$-1.64,0.0,$0.17,58.35,$0.09B,$0.05B,2.07,$0.01B,$0.09B,0.09,$0.20B,$0.05B,25.49%,$0.20B,$0.00B,1.96%,$0.20B,$0.00B,1.96%,$0.20B,$0.01B,3.92%,$0.20B,$0.00B,1.96%,$0.20B,$0.00B,1.47%,$0.00B,$0.09B,3.55%,$0.00B,$0.05B,5.83%,$0.00B,$0.14B,2.17%,$0.00B,$0.09B,4.47%,$48,$37,$11,$4,$9,$50,$-2,$0,$-2,$-1,$-1,$-1,$-1,$-1,$-2,$14,14,$-0.09,$-0.09,$2,$39,$10,$94,$0,$0,$36,$3,$40,$141,$46,$8,$2,$11,$56,$0,$52,$0,$85,$141,$-1,$1,$0,$1,$0,$0,$0,$0,$-1,$-1,$-1,$0,$0,$0,$0,$0,$0,$-1,$0,$0,$-0,$0,$0,$0,$0,$0,$-2,$0,$0
47,2006-12-31,9.02,$0.00,0.0,$14.16,0.64,$-1.95,0.0,$0.40,22.55,$0.10B,$0.05B,2.07,$0.01B,$0.09B,0.09,$0.21B,$0.06B,26.32%,$0.21B,$0.01B,4.31%,$0.21B,$0.01B,4.31%,$0.21B,$0.01B,6.22%,$0.21B,$0.01B,4.31%,$0.21B,$0.01B,2.87%,$0.01B,$0.09B,7.19%,$0.01B,$0.05B,11.54%,$0.01B,$0.14B,4.45%,$0.01B,$0.09B,10.34%,$54,$40,$14,$3,$9,$53,$1,$-0,$1,$0,$1,$1,$1,$2,$1,$14,15,$0.06,$0.06,$4,$36,$9,$96,$0,$0,$36,$3,$39,$143,$46,$8,$2,$10,$57,$0,$53,$0,$86,$143,$6,$4,$0,$4,$0,$0,$0,$0,$-17,$-4,$-1,$0,$-6,$0,$0,$0,$-1,$-8,$0,$4,$6,$0,$0,$-0,$0,$10,$-1,$0,$0
