,Date,Stock Price,Book Value per Share,Price to Book Ratio,TTM Sales per Share,Price to Sales Ratio,TTM FCF per Share,Price to FCF Ratio,TTM Net EPS,PE Ratio,Current Assets,Current Liabilities,Current Ratio,Long Term Debt,Shareholder's Equity_x,Debt to Equity Ratio,TTM Revenue_x,TTM Gross Profit,Gross Margin,TTM Revenue_y,TTM Operating Income,Operating Margin,TTM Revenue_x,TTM EBIT,EBIT Margin,TTM Revenue_y,TTM EBITDA,EBITDA Margin,TTM Revenue_x,TTM Pre-Tax Income,Pre-Tax Margin,TTM Revenue_y,TTM Net Income_x,Net Margin,TTM Net Income_y,Shareholder's Equity_y,Return on Equity,TTM Net Income_x,Tangible Equity,Return on Tangible Equity,TTM Net Income_y,Total Assets,Return on Assets,TTM Net Income,LT Investments & Debt,Return on Investment,revenue,cost-goods-sold,gross-profit,research-development-expenses,selling-general-administrative-expenses,operating-expenses,operating-income,total-non-operating-income-expense,pre-tax-income,total-provision-income-taxes,income-after-taxes,income-from-continuous-operations,net-income,ebitda,ebit,basic-shares-outstanding,shares-outstanding,eps-basic-net-earnings-per-share,eps-earnings-per-share-diluted,cash-on-hand,inventory,other-current-assets,total-current-assets,net-property-plant-equipment,long-term-investments,goodwill-intangible-assets-total,other-long-term-assets,total-long-term-assets,total-assets,total-current-liabilities,long-term-debt,other-non-current-liabilities,total-long-term-liabilities,total-liabilities,common-stock-net,retained-earnings-accumulated-deficit,comprehensive-income,total-share-holder-equity,total-liabilities-share-holders-equity,net-income-loss,total-depreciation-amortization-cash-flow,other-non-cash-items,total-non-cash-items,change-in-accounts-receivable,change-in-inventories,change-in-accounts-payable,change-in-assets-liabilities,total-change-in-assets-liabilities,cash-flow-from-operating-activities,net-change-in-property-plant-equipment,net-change-in-intangible-assets,net-acquisitions-divestitures,net-change-in-short-term-investments,net-change-in-long-term-investments,net-change-in-investments-total,investing-activities-other,cash-flow-from-investing-activities,net-long-term-debt,net-current-debt,debt-issuance-retirement-net-total,net-common-equity-issued-repurchased,net-total-equity-issued-repurchased,total-common-preferred-stock-dividends-paid,financial-activities-other,cash-flow-from-financial-activities,net-cash-flow,stock-based-compensation,common-stock-dividends-paid
0,2018-09-30,20.4,$10.38,1.97,$69.94,0.29,$2.52,8.11,$1.09,18.72,$0.59B,$0.49B,1.21,$0.40B,$0.48B,0.83,$3.19B,$0.39B,12.30%,$3.19B,$0.08B,2.63%,$3.19B,$0.08B,2.63%,$3.19B,$0.14B,4.23%,$3.19B,$0.04B,1.35%,$3.19B,$0.04B,1.31%,$0.04B,$0.48B,8.98%,$0.04B,$0.30B,13.99%,$0.04B,$1.41B,2.99%,$0.08B,$0.87B,9.77%,$910,$823,$87,$0,$67,$905,$5,$-10,$-5,$0,$-6,$-6,$-6,$18,$5,$46,46,$-0.13,$-0.13,$88,$359,$0,$590,$483,$131,$178,$24,$816,$1406,$489,$395,$45,$440,$929,$0,$-123,$2,$477,$1406,$26,$39,$15,$54,$-13,$-9,$35,$-41,$-28,$52,$-29,$0,$-74,$0,$0,$0,$0,$-104,$-8,$0,$-8,$0,$0,$0,$30,$21,$-31,$5,$0
1,2018-06-30,17.38,$10.47,1.66,$61.78,0.28,$3.67,4.74,$1.50,11.59,$0.64B,$0.53B,1.2,$0.39B,$0.48B,0.82,$2.90B,$0.41B,14.06%,$2.90B,$0.11B,3.66%,$2.90B,$0.11B,3.66%,$2.90B,$0.16B,5.35%,$2.90B,$0.07B,2.35%,$2.90B,$0.07B,2.38%,$0.07B,$0.48B,15.16%,$0.07B,$0.30B,23.10%,$0.07B,$1.45B,5.07%,$0.11B,$0.88B,12.85%,$856,$748,$108,$0,$66,$827,$29,$-12,$17,$0,$16,$16,$16,$42,$29,$46,46,$0.35,$0.35,$83,$334,$0,$638,$478,$130,$179,$27,$814,$1451,$532,$394,$43,$438,$970,$0,$-117,$2,$482,$1451,$31,$26,$8,$34,$-11,$16,$11,$-50,$-34,$31,$-17,$0,$-74,$0,$0,$0,$0,$-91,$-5,$0,$-5,$0,$0,$0,$30,$24,$-36,$3,$0
2,2018-03-31,17.17,$10.08,1.7,$55.43,0.31,$4.46,3.85,$1.30,13.21,$0.59B,$0.51B,1.16,$0.39B,$0.46B,0.85,$2.60B,$0.39B,14.94%,$2.60B,$0.09B,3.57%,$2.60B,$0.09B,3.57%,$2.60B,$0.14B,5.42%,$2.60B,$0.06B,2.23%,$2.60B,$0.06B,2.31%,$0.06B,$0.46B,13.74%,$0.06B,$0.29B,20.62%,$0.06B,$1.41B,4.63%,$0.09B,$0.86B,11.83%,$765,$662,$104,$0,$62,$738,$28,$-12,$15,$0,$15,$15,$15,$41,$28,$46,46,$0.33,$0.33,$66,$296,$0,$588,$479,$133,$179,$29,$820,$1408,$509,$393,$42,$435,$944,$0,$-133,$2,$464,$1408,$15,$13,$-4,$9,$-6,$53,$21,$-81,$-12,$13,$-10,$0,$-75,$0,$0,$0,$0,$-84,$-3,$0,$-3,$0,$0,$0,$21,$18,$-53,$1,$0
3,2017-12-31,19.28,$9.78,1.97,$50.34,0.38,$4.73,4.08,$1.55,12.44,$0.60B,$0.47B,1.28,$0.39B,$0.45B,0.86,$2.44B,$0.39B,15.92%,$2.44B,$0.09B,3.85%,$2.44B,$0.09B,3.85%,$2.44B,$0.14B,5.73%,$2.44B,$0.07B,2.91%,$2.44B,$0.07B,2.95%,$0.07B,$0.45B,17.12%,$0.07B,$0.31B,25.20%,$0.07B,$1.35B,5.78%,$0.09B,$0.83B,12.42%,$663,$570,$94,$0,$60,$641,$22,$-6,$16,$-3,$19,$19,$17,$34,$22,$46,46,$0.42,$0.43,$119,$345,$0,$604,$450,$127,$134,$33,$744,$1347,$471,$386,$43,$429,$900,$0,$-148,$2,$448,$1347,$73,$46,$4,$50,$-19,$-147,$-34,$183,$-16,$106,$-32,$0,$0,$0,$0,$0,$1,$-31,$13,$0,$13,$0,$0,$0,$-18,$-5,$71,$7,$0
4,2017-09-30,20.8,$9.34,2.23,$49.09,0.42,$2.00,10.38,$1.44,14.44,$0.50B,$0.46B,1.09,$0.30B,$0.43B,0.71,$2.34B,$0.39B,16.56%,$2.34B,$0.10B,4.27%,$2.34B,$0.10B,4.27%,$2.34B,$0.15B,6.23%,$2.34B,$0.07B,2.94%,$2.34B,$0.07B,2.94%,$0.07B,$0.43B,17.22%,$0.07B,$0.29B,25.99%,$0.07B,$1.24B,5.78%,$0.10B,$0.73B,13.73%,$611,$509,$101,$0,$63,$584,$27,$-7,$20,$1,$19,$19,$21,$38,$27,$46,52,$0.41,$0.41,$79,$320,$0,$498,$449,$120,$135,$34,$738,$1235,$458,$304,$45,$349,$808,$0,$-167,$2,$427,$1235,$54,$34,$5,$39,$12,$-121,$-15,$136,$13,$105,$-20,$0,$0,$0,$0,$0,$0,$-20,$-53,$0,$-53,$0,$0,$0,$-2,$-56,$30,$6,$0
5,2017-06-30,18.04,$8.90,2.03,$49.62,0.36,$-1.04,0.0,$0.36,50.11,$0.46B,$0.43B,1.07,$0.32B,$0.41B,0.77,$2.24B,$0.34B,15.08%,$2.24B,$0.05B,2.27%,$2.24B,$0.05B,2.27%,$2.24B,$0.10B,4.28%,$2.24B,$0.02B,0.94%,$2.24B,$0.02B,0.89%,$0.02B,$0.41B,5.24%,$0.02B,$0.27B,8.11%,$0.02B,$1.20B,1.71%,$0.05B,$0.72B,7.05%,$564,$474,$90,$0,$62,$548,$16,$-9,$7,$0,$7,$7,$7,$28,$16,$46,46,$0.15,$0.15,$55,$307,$14,$457,$446,$120,$135,$37,$738,$1195,$428,$315,$44,$359,$787,$0,$-186,$2,$408,$1195,$35,$23,$5,$27,$21,$-108,$-22,$109,$0,$62,$-12,$0,$0,$0,$0,$0,$0,$-12,$-41,$0,$-41,$0,$0,$0,$-3,$-44,$6,$4,$0
6,2017-03-31,16.49,$8.72,1.89,$47.33,0.35,$-3.08,0.0,$-0.11,0.0,$0.46B,$0.42B,1.09,$0.34B,$0.40B,0.85,$2.09B,$0.30B,14.20%,$2.09B,$0.03B,1.53%,$2.09B,$0.03B,1.53%,$2.09B,$0.07B,3.35%,$2.09B,$-0.01B,-0.38%,$2.09B,$-0.00B,0.00%,$-0.00B,$0.40B,0.00%,$-0.00B,$0.26B,0.00%,$-0.00B,$1.20B,0.00%,$0.03B,$0.74B,4.69%,$605,$501,$104,$0,$63,$576,$29,$-1,$28,$1,$28,$28,$27,$40,$29,$45,52,$0.60,$0.58,$47,$293,$0,$461,$448,$118,$135,$42,$742,$1204,$423,$340,$42,$382,$805,$0,$-193,$2,$399,$1204,$28,$11,$-4,$7,$6,$-95,$-30,$109,$-10,$25,$-8,$0,$0,$0,$0,$0,$0,$-8,$-17,$0,$-17,$0,$0,$0,$-2,$-19,$-2,$3,$0
7,2016-12-31,14.54,$8.10,1.79,$44.88,0.32,$-3.18,0.0,$-1.15,0.0,$0.40B,$0.38B,1.05,$0.35B,$0.37B,0.95,$1.87B,$0.23B,12.23%,$1.87B,$-0.02B,-0.91%,$1.87B,$-0.02B,-0.91%,$1.87B,$0.02B,0.80%,$1.87B,$-0.05B,-2.90%,$1.87B,$-0.05B,-2.47%,$-0.05B,$0.37B,-13.42%,$-0.05B,$0.23B,-19.31%,$-0.05B,$1.15B,-4.61%,$-0.02B,$0.72B,-2.76%,$563,$470,$93,$0,$51,$535,$28,$-14,$14,$0,$14,$14,$14,$40,$28,$42,42,$0.37,$0.37,$49,$198,$0,$403,$451,$109,$136,$47,$742,$1145,$383,$352,$42,$394,$777,$0,$-221,$2,$369,$1145,$-46,$32,$10,$42,$-17,$49,$-27,$-25,$-20,$-24,$-22,$0,$-209,$0,$-55,$-55,$0,$-286,$153,$0,$153,$49,$49,$0,$-11,$190,$-120,$7,$0
8,2016-09-30,13.08,$7.74,1.69,$43.35,0.3,$0.83,15.79,$-3.17,0.0,$0.39B,$0.39B,1.01,$0.36B,$0.35B,1.02,$1.75B,$0.18B,10.26%,$1.75B,$-0.06B,-3.15%,$1.75B,$-0.06B,-3.15%,$1.75B,$-0.03B,-1.60%,$1.75B,$-0.13B,-7.68%,$1.75B,$-0.13B,-7.28%,$-0.13B,$0.35B,-37.83%,$-0.13B,$0.22B,-51.57%,$-0.13B,$1.15B,-13.58%,$-0.06B,$0.71B,-9.81%,$510,$459,$51,$0,$61,$532,$-22,$-6,$-28,$0,$-28,$-28,$-28,$-12,$-22,$42,42,$-0.67,$-0.67,$68,$197,$0,$390,$457,$116,$135,$48,$755,$1145,$385,$359,$48,$407,$792,$0,$-234,$0,$352,$1145,$-60,$20,$3,$23,$3,$50,$-36,$-22,$-5,$-41,$-17,$0,$-209,$0,$-55,$-55,$-10,$-291,$164,$0,$164,$49,$49,$0,$8,$221,$-112,$5,$0
9,2016-06-30,15.34,$7.94,1.93,$44.33,0.35,$5.66,2.71,$-2.11,0.0,$0.53B,$0.36B,1.46,$0.23B,$0.33B,0.72,$1.73B,$0.22B,12.59%,$1.73B,$-0.01B,-0.40%,$1.73B,$-0.01B,-0.40%,$1.73B,$0.02B,0.87%,$1.73B,$-0.09B,-5.26%,$1.73B,$-0.08B,-4.85%,$-0.08B,$0.33B,-25.42%,$-0.08B,$0.25B,-32.91%,$-0.08B,$0.94B,-9.76%,$-0.01B,$0.56B,-1.41%,$414,$365,$49,$0,$46,$417,$-3,$-18,$-22,$-8,$-13,$-13,$-13,$2,$-3,$41,41,$-0.32,$-0.32,$165,$238,$0,$526,$201,$112,$73,$26,$411,$937,$361,$233,$18,$250,$612,$0,$-207,$0,$326,$937,$-32,$10,$-0,$10,$6,$-19,$-20,$27,$-7,$-29,$-9,$0,$-5,$0,$-55,$-55,$0,$-69,$94,$0,$94,$0,$0,$0,$0,$95,$-4,$3,$0
10,2016-03-31,18.76,$7.88,2.38,$49.86,0.38,$8.97,2.09,$-1.48,0.0,$0.35B,$0.26B,1.35,$0.15B,$0.32B,0.48,$1.90B,$0.25B,13.05%,$1.90B,$0.02B,1.21%,$1.90B,$0.02B,1.21%,$1.90B,$0.05B,2.37%,$1.90B,$-0.08B,-4.00%,$1.90B,$-0.06B,-3.10%,$-0.06B,$0.32B,-18.11%,$-0.06B,$0.25B,-23.96%,$-0.06B,$0.77B,-7.00%,$0.02B,$0.48B,4.93%,$378,$342,$35,$0,$49,$398,$-20,$1,$-18,$0,$-19,$-19,$-19,$-15,$-20,$41,41,$-0.46,$-0.46,$123,$146,$0,$354,$195,$129,$74,$13,$411,$766,$263,$154,$25,$179,$442,$0,$-194,$0,$324,$766,$-19,$5,$-1,$4,$10,$73,$0,$-41,$27,$12,$-2,$0,$0,$0,$-55,$-55,$0,$-57,$-5,$0,$-5,$-0,$-0,$0,$4,$-1,$-46,$2,$0
11,2015-12-31,23.54,$8.31,2.83,$55.19,0.43,$10.92,2.15,$-1.01,0.0,$0.53B,$0.37B,1.46,$0.16B,$0.34B,0.46,$2.07B,$0.28B,13.50%,$2.07B,$0.06B,2.95%,$2.07B,$0.06B,2.95%,$2.07B,$0.08B,3.92%,$2.07B,$-0.06B,-2.76%,$2.07B,$-0.04B,-1.94%,$-0.04B,$0.34B,-12.57%,$-0.04B,$0.27B,-15.98%,$-0.04B,$0.89B,-4.86%,$0.06B,$0.50B,13.89%,$443,$400,$44,$0,$47,$454,$-10,$-55,$-66,$1,$-67,$-67,$-67,$-3,$-10,$38,38,$-1.77,$-1.77,$169,$219,$75,$532,$195,$76,$76,$13,$361,$892,$365,$155,$31,$187,$552,$0,$-175,$0,$341,$892,$-40,$20,$114,$134,$55,$32,$-26,$-22,$38,$132,$-22,$0,$-64,$0,$-28,$-28,$0,$-114,$-6,$0,$-6,$76,$76,$0,$-10,$60,$79,$5,$0
12,2015-09-30,20.83,$8.81,2.36,$65.05,0.32,$5.92,3.52,$1.55,13.44,$0.43B,$0.36B,1.21,$0.13B,$0.33B,0.39,$2.33B,$0.33B,14.11%,$2.33B,$0.11B,4.67%,$2.33B,$0.11B,4.67%,$2.33B,$0.13B,5.45%,$2.33B,$0.04B,1.72%,$2.33B,$0.06B,2.53%,$0.06B,$0.33B,19.28%,$0.06B,$0.25B,23.60%,$0.06B,$0.85B,7.53%,$0.11B,$0.46B,26.33%,$496,$405,$90,$0,$59,$469,$26,$-11,$15,$0,$15,$15,$15,$31,$26,$37,37,$0.39,$0.39,$103,$232,$18,$432,$196,$126,$78,$18,$418,$849,$358,$127,$33,$161,$519,$0,$-108,$-0,$331,$849,$27,$13,$58,$71,$42,$19,$-34,$19,$47,$144,$-16,$0,$-64,$0,$-28,$-28,$0,$-108,$-10,$0,$-10,$1,$1,$0,$-14,$-24,$13,$4,$0
13,2015-06-30,18.72,$8.28,2.26,$77.58,0.24,$-0.02,0.0,$-0.03,0.0,$0.44B,$0.39B,1.12,$0.13B,$0.31B,0.42,$2.69B,$0.26B,9.78%,$2.69B,$0.05B,1.71%,$2.69B,$0.05B,1.71%,$2.69B,$0.06B,2.34%,$2.69B,$-0.02B,-0.56%,$2.69B,$0.01B,0.19%,$0.01B,$0.31B,1.74%,$0.01B,$0.22B,2.06%,$0.01B,$0.86B,0.62%,$0.05B,$0.44B,11.68%,$584,$505,$79,$0,$46,$556,$27,$-34,$-7,$-19,$12,$12,$12,$32,$27,$37,37,$0.31,$0.31,$79,$274,$15,$437,$190,$127,$90,$20,$427,$864,$390,$129,$38,$167,$557,$0,$-123,$-0,$307,$864,$12,$8,$34,$43,$53,$-22,$-28,$41,$44,$99,$-10,$0,$-63,$0,$-28,$-28,$0,$-101,$-3,$0,$-3,$0,$0,$0,$-7,$-9,$-11,$3,$0
14,2015-03-31,23.21,$7.92,2.93,$88.34,0.26,$-4.99,0.0,$-1.15,0.0,$0.39B,$0.28B,1.39,$0.07B,$0.29B,0.25,$2.91B,$0.21B,7.12%,$2.91B,$-0.01B,-0.17%,$2.91B,$-0.01B,-0.17%,$2.91B,$0.01B,0.34%,$2.91B,$-0.03B,-1.13%,$2.91B,$-0.03B,-1.10%,$-0.03B,$0.29B,-12.42%,$-0.03B,$0.27B,-13.97%,$-0.03B,$0.69B,-4.00%,$-0.01B,$0.37B,-1.38%,$544,$478,$66,$0,$44,$526,$18,$-17,$1,$0,$0,$0,$0,$21,$18,$37,37,$0.01,$0.01,$125,$185,$0,$391,$115,$117,$28,$38,$297,$688,$281,$73,$39,$113,$394,$0,$-135,$-0,$294,$688,$0,$3,$20,$24,$47,$58,$-29,$-14,$63,$87,$-5,$0,$-5,$0,$-14,$-14,$0,$-24,$-27,$0,$-27,$0,$0,$0,$-1,$-28,$35,$1,$0
15,2014-12-31,16.25,$7.88,2.06,$98.26,0.17,$-7.51,0.0,$-1.64,0.0,$0.46B,$0.31B,1.48,$0.10B,$0.29B,0.35,$3.11B,$0.17B,5.50%,$3.11B,$-0.04B,-1.22%,$3.11B,$-0.04B,-1.22%,$3.11B,$-0.02B,-0.74%,$3.11B,$-0.05B,-1.58%,$3.11B,$-0.05B,-1.51%,$-0.05B,$0.29B,-19.77%,$-0.05B,$0.26B,-22.57%,$-0.05B,$0.74B,-5.66%,$-0.04B,$0.40B,-10.96%,$708,$615,$94,$0,$48,$670,$38,$-7,$31,$-0,$32,$32,$32,$43,$38,$33,33,$1.04,$1.04,$90,$244,$0,$461,$113,$105,$28,$29,$274,$735,$311,$103,$29,$132,$443,$0,$-135,$-0,$292,$735,$-47,$15,$8,$23,$6,$62,$21,$-119,$-31,$-55,$-14,$0,$-11,$0,$-0,$-0,$0,$-24,$32,$0,$32,$104,$104,$0,$-6,$130,$51,$4,$0
16,2014-09-30,16.85,$6.96,2.42,$114.94,0.15,$-7.48,0.0,$-4.14,0.0,$0.64B,$0.51B,1.24,$0.12B,$0.26B,0.48,$3.16B,$0.08B,2.66%,$3.16B,$-0.11B,-3.58%,$3.16B,$-0.11B,-3.58%,$3.16B,$-0.10B,-3.17%,$3.16B,$-0.13B,-4.15%,$3.16B,$-0.13B,-4.12%,$-0.13B,$0.26B,-58.62%,$-0.13B,$0.23B,-67.97%,$-0.13B,$0.92B,-15.29%,$-0.11B,$0.38B,-34.35%,$854,$830,$24,$0,$52,$891,$-37,$-3,$-40,$-0,$-39,$-39,$-39,$-33,$-37,$33,33,$-1.19,$-1.19,$98,$393,$0,$637,$111,$103,$30,$36,$281,$918,$513,$122,$28,$150,$663,$0,$-167,$-0,$255,$918,$-79,$10,$4,$14,$-21,$-13,$18,$3,$-12,$-77,$-6,$0,$-10,$0,$-0,$-0,$-1,$-17,$57,$0,$57,$101,$101,$0,$-6,$153,$59,$4,$0
17,2014-06-30,20.25,$6.28,3.22,$91.27,0.22,$-4.55,0.0,$-3.82,0.0,$0.58B,$0.52B,1.12,$0.12B,$0.19B,0.64,$2.34B,$0.07B,2.78%,$2.34B,$-0.08B,-3.60%,$2.34B,$-0.08B,-3.60%,$2.34B,$-0.07B,-3.17%,$2.34B,$-0.11B,-4.54%,$2.34B,$-0.11B,-4.54%,$-0.11B,$0.19B,-46.75%,$-0.11B,$0.16B,-53.67%,$-0.11B,$0.86B,-12.80%,$-0.08B,$0.31B,-25.87%,$802,$779,$23,$0,$42,$827,$-24,$-0,$-25,$0,$-25,$-25,$-25,$-21,$-24,$30,30,$-0.81,$-0.81,$68,$409,$0,$583,$112,$102,$29,$34,$278,$861,$520,$121,$30,$151,$671,$0,$-127,$0,$190,$861,$-39,$6,$-0,$6,$20,$-29,$14,$-45,$-40,$-73,$-6,$0,$-10,$0,$0,$0,$-1,$-16,$24,$0,$24,$-0,$-0,$0,$46,$69,$-20,$2,$0
18,2014-03-31,19.98,$7.10,2.81,$66.73,0.3,$-1.04,0.0,$-3.01,0.0,$0.54B,$0.47B,1.15,$0.09B,$0.21B,0.42,$1.56B,$0.05B,3.07%,$1.56B,$-0.07B,-4.16%,$1.56B,$-0.07B,-4.16%,$1.56B,$-0.06B,-3.65%,$1.56B,$-0.09B,-5.76%,$1.56B,$-0.09B,-5.76%,$-0.09B,$0.21B,-44.67%,$-0.09B,$0.18B,-51.28%,$-0.09B,$0.81B,-13.43%,$-0.07B,$0.30B,-21.94%,$743,$713,$30,$0,$39,$758,$-15,$0,$-15,$0,$-15,$-15,$-15,$-12,$-15,$30,30,$-0.48,$-0.48,$21,$417,$0,$543,$109,$102,$31,$25,$267,$810,$474,$90,$32,$123,$596,$0,$-103,$0,$214,$810,$-15,$3,$-1,$2,$21,$-36,$12,$8,$5,$-8,$-2,$0,$0,$0,$0,$0,$-1,$-3,$-7,$0,$-7,$-0,$-0,$0,$0,$-7,$-17,$1,$0
19,2013-12-31,2.23,$7.57,0.29,$46.32,0.05,$-1.07,0.0,$-2.53,0.0,$0.55B,$0.45B,1.2,$0.10B,$0.23B,0.42,$0.89B,$0.03B,3.39%,$0.89B,$-0.05B,-5.31%,$0.89B,$-0.05B,-5.31%,$0.89B,$-0.04B,-4.75%,$0.89B,$-0.08B,-8.93%,$0.89B,$-0.08B,-9.04%,$-0.08B,$0.23B,-46.38%,$-0.08B,$0.20B,-53.24%,$-0.08B,$0.81B,-15.53%,$-0.05B,$0.32B,-18.63%,$756,$749,$7,$0,$36,$793,$-37,$-14,$-51,$0,$-51,$-51,$-51,$-34,$-37,$20,20,$-2.26,$-2.26,$39,$381,$0,$545,$109,$102,$32,$27,$269,$813,$453,$96,$36,$132,$585,$0,$-88,$0,$228,$813,$-79,$6,$31,$37,$-40,$69,$19,$-42,$6,$-36,$-5,$0,$-559,$0,$-0,$-0,$0,$-565,$416,$0,$416,$199,$199,$0,$17,$632,$32,$1,$0
20,2013-09-30,1.81,$9.20,0.2,$8.10,0.22,$-0.72,0.0,$-0.87,0.0,$0.57B,$0.43B,1.32,$0.09B,$0.28B,0.31,$0.13B,$0.03B,19.08%,$0.13B,$-0.01B,-9.92%,$0.13B,$-0.01B,-9.92%,$0.13B,$-0.01B,-8.40%,$0.13B,$-0.04B,-29.01%,$0.13B,$-0.04B,-27.48%,$-0.04B,$0.28B,-25.58%,$-0.04B,$0.25B,-29.45%,$-0.04B,$0.83B,-10.02%,$-0.01B,$0.36B,-6.47%,$35,$31,$5,$0,$5,$44,$-8,$-6,$-15,$0,$-15,$-15,$-15,$-7,$-8,$17,17,$-0.87,$-0.87,$71,$396,$0,$568,$115,$103,$25,$17,$260,$828,$431,$85,$37,$122,$553,$3,$-37,$0,$275,$828,$-29,$3,$19,$22,$-16,$-17,$49,$0,$16,$9,$-2,$0,$-560,$0,$-0,$-0,$-1,$-563,$16,$0,$16,$199,$199,$0,$402,$617,$63,$0,$0
21,2013-06-30,1.63,$5.83,0.28,$6.38,0.26,$2.15,0.76,0,0.0,$0.11B,$0.03B,3.17,$0.11B,$0.09B,1.21,$0.10B,$0.03B,25.49%,$0.10B,$-0.16B,-160.78%,$0.10B,$-0.16B,-160.78%,$0.10B,$-0.16B,-153.92%,$0.10B,$-0.18B,-180.39%,$0.10B,$-0.04B,-38.24%,$-0.04B,$0.09B,-40.52%,$-0.04B,$0.07B,-46.43%,$-0.04B,$0.23B,-21.67%,$-0.16B,$0.20B,-118.41%,$29,$24,$6,$0,$5,$34,$-5,$-4,$-9,$0,$-9,$-9,$-9,$-4,$-5,$16,16,$-0.58,$-0.58,$43,$10,$40,$105,$5,$104,$16,$0,$125,$230,$33,$108,$1,$108,$141,$2,$-23,$0,$89,$230,$-14,$2,$17,$19,$8,$0,$-1,$-0,$7,$12,$3,$0,$-40,$0,$-0,$-0,$0,$-38,$44,$0,$44,$0,$0,$0,$19,$63,$37,$0,$0
