,Date,Stock Price,Book Value per Share,Price to Book Ratio,TTM Sales per Share,Price to Sales Ratio,TTM FCF per Share,Price to FCF Ratio,TTM Net EPS,PE Ratio,Current Assets,Current Liabilities,Current Ratio,Long Term Debt,Shareholder's Equity_x,Debt to Equity Ratio,TTM Revenue_x,TTM Gross Profit,Gross Margin,TTM Revenue_y,TTM Operating Income,Operating Margin,TTM Revenue_x,TTM EBIT,EBIT Margin,TTM Revenue_y,TTM EBITDA,EBITDA Margin,TTM Revenue_x,TTM Pre-Tax Income,Pre-Tax Margin,TTM Revenue_y,TTM Net Income_x,Net Margin,TTM Net Income_y,Shareholder's Equity_y,Return on Equity,TTM Net Income_x,Tangible Equity,Return on Tangible Equity,TTM Net Income_y,Total Assets,Return on Assets,TTM Net Income,LT Investments & Debt,Return on Investment,revenue,cost-goods-sold,gross-profit,research-development-expenses,selling-general-administrative-expenses,operating-expenses,operating-income,total-non-operating-income-expense,pre-tax-income,total-provision-income-taxes,income-after-taxes,income-from-continuous-operations,net-income,ebitda,ebit,basic-shares-outstanding,shares-outstanding,eps-basic-net-earnings-per-share,eps-earnings-per-share-diluted,cash-on-hand,inventory,other-current-assets,total-current-assets,net-property-plant-equipment,long-term-investments,goodwill-intangible-assets-total,other-long-term-assets,total-long-term-assets,total-assets,total-current-liabilities,long-term-debt,other-non-current-liabilities,total-long-term-liabilities,total-liabilities,common-stock-net,retained-earnings-accumulated-deficit,comprehensive-income,total-share-holder-equity,total-liabilities-share-holders-equity,net-income-loss,total-depreciation-amortization-cash-flow,other-non-cash-items,total-non-cash-items,change-in-accounts-receivable,change-in-inventories,change-in-accounts-payable,change-in-assets-liabilities,total-change-in-assets-liabilities,cash-flow-from-operating-activities,net-change-in-property-plant-equipment,net-change-in-intangible-assets,net-acquisitions-divestitures,net-change-in-short-term-investments,net-change-in-long-term-investments,net-change-in-investments-total,investing-activities-other,cash-flow-from-investing-activities,net-long-term-debt,net-current-debt,debt-issuance-retirement-net-total,net-common-equity-issued-repurchased,net-total-equity-issued-repurchased,total-common-preferred-stock-dividends-paid,financial-activities-other,cash-flow-from-financial-activities,net-cash-flow,stock-based-compensation,common-stock-dividends-paid
0,2018-09-30,59.2,$17.25,3.43,$89.68,0.66,$11.24,5.27,$4.93,12.01,$0.39B,$0.17B,2.24,$0.59B,$0.41B,1.44,$2.21B,$0.40B,18.16%,$2.21B,$0.17B,7.88%,$2.21B,$0.17B,7.88%,$2.21B,$0.23B,10.28%,$2.21B,$0.15B,6.88%,$2.21B,$0.12B,5.53%,$0.12B,$0.41B,30.60%,$0.12B,$-0.24B,-68.64%,$0.12B,$1.22B,11.33%,$0.17B,$1.01B,19.79%,$575,$468,$107,$0,$33,$530,$45,$-7,$37,$9,$28,$28,$28,$61,$45,$24,24,$1.17,$1.15,$0,$242,$0,$390,$170,$0,$655,$1,$829,$1219,$174,$594,$15,$631,$805,$163,$226,$0,$414,$1219,$93,$44,$7,$51,$-29,$-13,$0,$4,$-17,$127,$-26,$0,$-290,$0,$0,$0,$5,$-311,$218,$31,$248,$-57,$-57,$0,$-10,$181,$-2,$11,$0
1,2018-06-30,56.85,$16.45,3.46,$82.23,0.69,$7.85,7.25,$4.50,12.63,$0.39B,$0.17B,2.23,$0.58B,$0.40B,1.43,$2.04B,$0.36B,17.79%,$2.04B,$0.16B,7.79%,$2.04B,$0.16B,7.79%,$2.04B,$0.21B,10.04%,$2.04B,$0.14B,7.01%,$2.04B,$0.11B,5.49%,$0.11B,$0.40B,29.43%,$0.11B,$-0.24B,-92.75%,$0.11B,$1.19B,11.75%,$0.16B,$0.98B,20.56%,$605,$490,$115,$0,$34,$552,$53,$-6,$47,$12,$35,$35,$35,$70,$53,$24,25,$1.44,$1.42,$0,$235,$0,$385,$159,$0,$642,$0,$805,$1190,$173,$576,$16,$614,$787,$162,$216,$0,$404,$1190,$65,$28,$6,$34,$-29,$-10,$0,$6,$-8,$91,$-14,$0,$-264,$0,$0,$0,$0,$-278,$173,$58,$230,$-36,$-36,$0,$-10,$185,$-3,$7,$0
2,2018-03-31,61.85,$16.38,3.78,$73.85,0.84,$5.14,12.04,$3.93,15.72,$0.36B,$0.18B,2.01,$0.41B,$0.41B,1.02,$1.84B,$0.32B,17.36%,$1.84B,$0.14B,7.60%,$1.84B,$0.14B,7.60%,$1.84B,$0.18B,9.60%,$1.84B,$0.13B,6.95%,$1.84B,$0.10B,5.32%,$0.10B,$0.41B,27.26%,$0.10B,$-0.13B,-148.48%,$0.10B,$1.03B,11.84%,$0.14B,$0.82B,20.91%,$552,$454,$98,$0,$32,$510,$42,$-4,$37,$7,$30,$30,$30,$53,$42,$25,25,$1.22,$1.20,$0,$206,$0,$361,$129,$0,$537,$0,$669,$1030,$179,$413,$16,$444,$624,$163,$217,$0,$406,$1030,$30,$11,$5,$16,$-48,$-9,$0,$2,$-21,$26,$-8,$0,$-96,$0,$0,$0,$-0,$-104,$137,$-59,$78,$5,$5,$0,$-8,$75,$-3,$4,$0
3,2017-12-31,69.45,$14.63,4.75,$66.68,1.04,$3.80,18.29,$3.48,19.96,$0.27B,$0.14B,2.01,$0.34B,$0.37B,0.91,$1.64B,$0.28B,17.11%,$1.64B,$0.12B,7.46%,$1.64B,$0.12B,7.46%,$1.64B,$0.16B,9.47%,$1.64B,$0.11B,6.91%,$1.64B,$0.09B,5.20%,$0.09B,$0.37B,25.60%,$0.09B,$-0.10B,-303.57%,$0.09B,$0.87B,11.79%,$0.12B,$0.71B,20.76%,$476,$395,$81,$0,$27,$441,$34,$-3,$31,$2,$29,$29,$29,$43,$34,$24,25,$1.19,$1.16,$3,$175,$0,$274,$118,$0,$472,$1,$593,$867,$136,$338,$8,$360,$496,$163,$199,$0,$371,$867,$86,$34,$6,$39,$-12,$-35,$0,$-8,$-25,$100,$-21,$0,$-252,$0,$0,$0,$-0,$-273,$81,$0,$81,$94,$94,$0,$-6,$170,$-4,$10,$0
4,2017-09-30,56.07,$13.51,4.15,$61.53,0.91,$4.19,13.39,$2.91,19.25,$0.27B,$0.12B,2.23,$0.24B,$0.34B,0.72,$1.48B,$0.25B,16.98%,$1.48B,$0.11B,7.41%,$1.48B,$0.11B,7.41%,$1.48B,$0.14B,9.50%,$1.48B,$0.10B,6.87%,$1.48B,$0.07B,4.72%,$0.07B,$0.34B,24.52%,$0.07B,$-0.01B,-280.00%,$0.07B,$0.73B,10.97%,$0.11B,$0.59B,21.11%,$408,$338,$69,$0,$23,$377,$30,$-2,$28,$10,$18,$18,$18,$39,$30,$25,25,$0.73,$0.72,$6,$150,$0,$271,$99,$0,$353,$0,$455,$726,$122,$244,$0,$264,$385,$162,$170,$0,$341,$726,$57,$25,$5,$29,$-57,$-20,$0,$-2,$-53,$33,$-13,$0,$-97,$0,$0,$0,$0,$-110,$-5,$-8,$-13,$94,$94,$0,$-4,$77,$-0,$8,$0
5,2017-06-30,48.57,$12.69,3.83,$58.50,0.83,$5.19,9.37,$2.72,17.86,$0.25B,$0.11B,2.3,$0.24B,$0.32B,0.76,$1.38B,$0.23B,16.81%,$1.38B,$0.10B,7.25%,$1.38B,$0.10B,7.25%,$1.38B,$0.13B,9.35%,$1.38B,$0.09B,6.67%,$1.38B,$0.06B,4.64%,$0.06B,$0.32B,26.34%,$0.06B,$-0.02B,-151.48%,$0.06B,$0.69B,10.84%,$0.10B,$0.57B,20.68%,$407,$336,$72,$0,$22,$373,$34,$-2,$32,$10,$21,$21,$21,$42,$34,$25,25,$0.86,$0.85,$12,$134,$0,$251,$95,$0,$340,$1,$438,$689,$109,$244,$0,$260,$369,$160,$152,$0,$320,$689,$39,$16,$4,$20,$-53,$-5,$0,$2,$-39,$20,$-9,$0,$-84,$0,$0,$0,$0,$-92,$-4,$-9,$-12,$93,$93,$0,$-3,$78,$5,$5,$0
6,2017-03-31,47.27,$11.76,4.02,$56.00,0.84,$5.32,8.88,$2.60,18.18,$0.24B,$0.10B,2.29,$0.20B,$0.30B,0.66,$1.29B,$0.22B,16.69%,$1.29B,$0.09B,7.30%,$1.29B,$0.09B,7.30%,$1.29B,$0.12B,9.39%,$1.29B,$0.09B,6.68%,$1.29B,$0.06B,4.66%,$0.06B,$0.30B,29.67%,$0.06B,$0.02B,-116.50%,$0.06B,$0.60B,11.07%,$0.09B,$0.49B,21.16%,$345,$288,$58,$0,$19,$322,$24,$-2,$22,$4,$17,$17,$17,$31,$24,$23,23,$0.76,$0.75,$11,$128,$0,$237,$88,$0,$274,$1,$366,$603,$103,$196,$0,$204,$307,$156,$131,$0,$296,$603,$17,$7,$3,$11,$-53,$-5,$0,$3,$-39,$-11,$-3,$0,$-10,$0,$0,$0,$-0,$-14,$0,$-61,$-61,$94,$94,$0,$-4,$29,$4,$2,$0
7,2016-12-31,50.87,$8.07,6.3,$53.42,0.95,$6.50,7.83,$2.39,21.31,$0.17B,$0.09B,2.01,$0.26B,$0.19B,1.39,$1.22B,$0.20B,16.53%,$1.22B,$0.09B,7.45%,$1.22B,$0.09B,7.45%,$1.22B,$0.12B,9.49%,$1.22B,$0.08B,6.79%,$1.22B,$0.06B,4.58%,$0.06B,$0.19B,34.30%,$0.06B,$-0.09B,-78.60%,$0.06B,$0.54B,11.09%,$0.09B,$0.44B,21.99%,$324,$271,$53,$0,$17,$302,$22,$-2,$20,$7,$14,$14,$14,$29,$22,$23,23,$0.60,$0.60,$6,$120,$0,$173,$85,$0,$274,$1,$362,$535,$86,$257,$2,$263,$350,$64,$113,$0,$185,$535,$56,$24,$7,$32,$11,$-12,$0,$-2,$10,$97,$-15,$0,$-139,$0,$0,$0,$0,$-154,$69,$0,$69,$-3,$-3,$0,$-2,$63,$6,$6,$0
8,2016-09-30,41.28,$7.43,5.56,$49.96,0.83,$5.45,7.57,$2.31,17.84,$0.20B,$0.10B,2.05,$0.26B,$0.17B,1.55,$1.15B,$0.19B,16.56%,$1.15B,$0.09B,7.67%,$1.15B,$0.09B,7.67%,$1.15B,$0.11B,9.59%,$1.15B,$0.08B,6.97%,$1.15B,$0.05B,4.71%,$0.05B,$0.17B,36.18%,$0.05B,$-0.08B,-88.89%,$0.05B,$0.53B,11.57%,$0.09B,$0.44B,22.93%,$304,$255,$49,$0,$16,$284,$20,$-2,$18,$6,$12,$12,$12,$27,$20,$23,23,$0.53,$0.53,$1,$116,$0,$198,$81,$0,$252,$1,$336,$534,$97,$264,$0,$266,$363,$62,$99,$0,$171,$534,$42,$18,$4,$21,$-27,$-10,$0,$1,$-12,$52,$-11,$0,$-112,$0,$0,$0,$-0,$-123,$53,$24,$76,$-3,$-3,$0,$-1,$73,$1,$5,$0
9,2016-06-30,40.19,$6.83,5.88,$45.94,0.87,$4.56,8.81,$2.17,18.49,$0.20B,$0.09B,2.27,$0.25B,$0.16B,1.6,$1.06B,$0.18B,16.64%,$1.06B,$0.08B,7.84%,$1.06B,$0.08B,7.84%,$1.06B,$0.10B,9.74%,$1.06B,$0.08B,7.18%,$1.06B,$0.05B,4.82%,$0.05B,$0.16B,36.56%,$0.05B,$-0.06B,-98.08%,$0.05B,$0.50B,11.64%,$0.08B,$0.41B,22.96%,$315,$260,$55,$0,$15,$287,$28,$-2,$26,$9,$17,$17,$17,$34,$28,$23,23,$0.75,$0.74,$0,$102,$0,$198,$78,$0,$214,$1,$299,$497,$87,$250,$0,$252,$339,$60,$87,$0,$157,$497,$30,$11,$2,$13,$-46,$-1,$0,$2,$-24,$19,$-6,$0,$-67,$0,$0,$0,$-0,$-73,$-3,$60,$57,$-3,$-3,$0,$-1,$54,$-0,$3,$0
10,2016-03-31,30.26,$6.09,4.97,$42.17,0.72,$5.02,6.03,$1.96,15.44,$0.18B,$0.08B,2.22,$0.23B,$0.14B,1.65,$0.98B,$0.16B,16.50%,$0.98B,$0.08B,7.68%,$0.98B,$0.08B,7.68%,$0.98B,$0.09B,9.53%,$0.98B,$0.07B,7.07%,$0.98B,$0.05B,4.71%,$0.05B,$0.14B,35.25%,$0.05B,$-0.06B,-117.95%,$0.05B,$0.45B,11.60%,$0.08B,$0.37B,23.09%,$279,$233,$45,$0,$14,$258,$21,$-2,$19,$6,$13,$13,$13,$26,$21,$22,23,$0.58,$0.57,$11,$100,$0,$182,$71,$0,$198,$1,$272,$454,$82,$231,$0,$233,$315,$58,$72,$0,$140,$454,$13,$5,$2,$7,$-25,$-2,$0,$3,$-5,$15,$-3,$0,$-36,$0,$0,$0,$-0,$-39,$38,$0,$38,$-3,$-3,$0,$-1,$34,$11,$2,$0
11,2015-12-31,29.0,$5.65,5.13,$39.57,0.73,$4.26,6.8,$1.82,15.91,$0.13B,$0.06B,2.31,$0.19B,$0.13B,1.5,$0.92B,$0.15B,16.41%,$0.92B,$0.07B,7.61%,$0.92B,$0.07B,7.61%,$0.92B,$0.09B,9.35%,$0.92B,$0.07B,7.07%,$0.92B,$0.04B,4.57%,$0.04B,$0.13B,34.29%,$0.04B,$-0.05B,-166.34%,$0.04B,$0.38B,11.55%,$0.07B,$0.32B,23.59%,$249,$207,$41,$0,$13,$230,$19,$-1,$17,$5,$12,$12,$12,$23,$19,$23,23,$0.53,$0.51,$0,$89,$0,$134,$68,$0,$175,$1,$248,$382,$58,$193,$0,$195,$253,$58,$63,$0,$129,$382,$42,$17,$4,$21,$9,$3,$0,$0,$4,$67,$-8,$0,$-140,$0,$0,$0,$1,$-147,$103,$0,$103,$-21,$-21,$0,$-2,$80,$-0,$5,$0
12,2015-09-30,26.33,$5.67,4.64,$36.76,0.72,$3.38,7.78,$1.61,16.36,$0.17B,$0.07B,2.53,$0.21B,$0.13B,1.62,$0.86B,$0.14B,16.26%,$0.86B,$0.06B,7.32%,$0.86B,$0.06B,7.32%,$0.86B,$0.08B,9.06%,$0.86B,$0.06B,6.85%,$0.86B,$0.04B,4.30%,$0.04B,$0.13B,31.90%,$0.04B,$-0.05B,-462.50%,$0.04B,$0.42B,11.14%,$0.06B,$0.35B,23.57%,$215,$180,$35,$0,$11,$200,$15,$-1,$14,$5,$9,$9,$9,$20,$15,$23,23,$0.39,$0.39,$1,$96,$0,$171,$67,$0,$179,$1,$249,$419,$67,$214,$0,$220,$287,$58,$66,$0,$132,$419,$30,$12,$1,$13,$-18,$-4,$0,$3,$-18,$25,$-5,$0,$-139,$0,$0,$0,$1,$-143,$51,$72,$124,$-4,$-4,$0,$-1,$119,$1,$3,$0
13,2015-06-30,25.37,$5.24,4.84,$35.34,0.72,$3.29,7.72,$1.52,16.64,$0.14B,$0.06B,2.16,$0.14B,$0.12B,1.15,$0.83B,$0.14B,16.19%,$0.83B,$0.06B,7.19%,$0.83B,$0.06B,7.19%,$0.83B,$0.07B,8.75%,$0.83B,$0.06B,6.83%,$0.83B,$0.04B,4.20%,$0.04B,$0.12B,32.26%,$0.04B,$-0.01B,358.97%,$0.04B,$0.33B,11.93%,$0.06B,$0.26B,25.75%,$233,$193,$40,$0,$11,$213,$20,$-1,$19,$7,$12,$12,$12,$24,$20,$23,23,$0.53,$0.52,$7,$73,$0,$139,$61,$0,$127,$1,$192,$331,$64,$139,$0,$145,$209,$56,$57,$0,$121,$331,$21,$8,$2,$9,$-13,$-0,$0,$3,$-3,$27,$-3,$0,$-61,$0,$0,$0,$-0,$-64,$75,$-26,$49,$-6,$-6,$0,$-0,$43,$6,$2,$0
14,2015-03-31,27.68,$4.67,5.93,$33.06,0.84,$2.84,9.74,$1.39,19.96,$0.15B,$0.06B,2.51,$0.15B,$0.11B,1.39,$0.79B,$0.13B,16.10%,$0.79B,$0.06B,7.10%,$0.79B,$0.06B,7.10%,$0.79B,$0.07B,8.49%,$0.79B,$0.05B,6.72%,$0.79B,$0.03B,4.06%,$0.03B,$0.11B,31.22%,$0.03B,$-0.00B,203.17%,$0.03B,$0.32B,11.66%,$0.06B,$0.26B,25.75%,$223,$188,$35,$0,$12,$208,$16,$-1,$15,$6,$9,$9,$9,$19,$16,$23,23,$0.40,$0.39,$0,$74,$0,$149,$61,$0,$111,$1,$174,$323,$59,$150,$0,$156,$215,$55,$45,$0,$108,$323,$9,$4,$1,$5,$-32,$-1,$0,$4,$-17,$-3,$-2,$0,$-40,$0,$0,$0,$-0,$-41,$49,$0,$49,$-6,$-6,$0,$1,$44,$-0,$1,$0
15,2014-12-31,19.55,$4.42,4.42,$30.43,0.64,$3.31,5.9,$1.28,15.32,$0.12B,$0.05B,2.54,$0.10B,$0.10B,0.98,$0.74B,$0.12B,16.17%,$0.74B,$0.05B,7.07%,$0.74B,$0.05B,7.07%,$0.74B,$0.06B,8.42%,$0.74B,$0.05B,6.66%,$0.74B,$0.03B,4.08%,$0.03B,$0.10B,30.61%,$0.03B,$0.02B,104.35%,$0.03B,$0.26B,12.40%,$0.05B,$0.20B,27.73%,$190,$160,$30,$0,$10,$178,$12,$-1,$11,$4,$7,$7,$7,$15,$12,$24,24,$0.32,$0.31,$0,$71,$0,$115,$57,$0,$81,$1,$141,$256,$45,$101,$0,$108,$153,$55,$41,$0,$103,$256,$31,$10,$5,$16,$-2,$-2,$0,$-2,$-0,$46,$-6,$0,$-72,$0,$0,$0,$-0,$-79,$46,$0,$46,$-14,$-14,$0,$0,$32,$0,$3,$0
16,2014-09-30,18.83,$4.35,4.33,$28.59,0.66,$2.26,8.31,$1.18,15.99,$0.13B,$0.05B,2.62,$0.11B,$0.10B,1.06,$0.69B,$0.11B,16.02%,$0.69B,$0.05B,7.07%,$0.69B,$0.05B,7.07%,$0.69B,$0.06B,8.37%,$0.69B,$0.05B,6.64%,$0.69B,$0.03B,4.04%,$0.03B,$0.10B,30.19%,$0.03B,$0.03B,84.21%,$0.03B,$0.26B,12.64%,$0.05B,$0.21B,28.70%,$188,$158,$30,$0,$9,$176,$12,$-1,$12,$5,$7,$7,$7,$15,$12,$24,24,$0.30,$0.30,$3,$77,$0,$131,$54,$0,$77,$1,$132,$264,$50,$107,$0,$112,$162,$55,$39,$0,$102,$264,$23,$7,$3,$10,$-15,$-8,$0,$1,$-10,$23,$-4,$0,$-63,$0,$0,$0,$-0,$-67,$52,$0,$52,$-7,$-7,$0,$1,$46,$3,$2,$0
17,2014-06-30,20.71,$4.07,5.09,$26.88,0.77,$2.19,9.46,$1.10,18.79,$0.13B,$0.05B,2.44,$0.10B,$0.10B,1.05,$0.65B,$0.10B,15.80%,$0.65B,$0.05B,7.06%,$0.65B,$0.05B,7.06%,$0.65B,$0.05B,8.28%,$0.65B,$0.04B,6.44%,$0.65B,$0.03B,3.99%,$0.03B,$0.10B,30.06%,$0.03B,$0.02B,73.76%,$0.03B,$0.26B,12.75%,$0.05B,$0.20B,29.97%,$188,$156,$32,$0,$9,$172,$16,$-1,$15,$6,$9,$9,$9,$18,$16,$24,24,$0.38,$0.38,$3,$73,$0,$129,$47,$0,$77,$1,$126,$255,$53,$102,$0,$105,$158,$54,$35,$0,$97,$255,$16,$4,$2,$6,$-18,$-4,$0,$2,$-6,$17,$-2,$0,$-55,$0,$0,$0,$-0,$-57,$47,$0,$47,$-4,$-4,$0,$1,$44,$3,$2,$0
18,2014-03-31,19.7,$3.77,5.23,$25.72,0.77,$2.11,9.33,$1.03,19.11,$0.11B,$0.05B,2.12,$0.05B,$0.09B,0.53,$0.62B,$0.10B,15.38%,$0.62B,$0.04B,6.89%,$0.62B,$0.04B,6.89%,$0.62B,$0.05B,8.17%,$0.62B,$0.04B,6.25%,$0.62B,$0.03B,4.01%,$0.03B,$0.09B,31.25%,$0.03B,$0.05B,60.61%,$0.03B,$0.19B,13.79%,$0.04B,$0.14B,32.33%,$170,$143,$27,$0,$9,$158,$12,$-1,$11,$4,$7,$7,$7,$14,$12,$24,24,$0.28,$0.28,$0,$60,$0,$108,$42,$0,$41,$1,$85,$193,$51,$47,$0,$52,$103,$54,$29,$0,$90,$193,$7,$2,$2,$4,$-20,$-3,$0,$2,$-3,$7,$-1,$0,$0,$0,$0,$0,$-0,$-1,$-8,$0,$-8,$0,$0,$0,$1,$-7,$-0,$1,$0
19,2013-12-31,12.86,$3.46,3.71,$24.47,0.53,$1.85,6.93,$0.99,12.97,$0.09B,$0.03B,2.71,$0.06B,$0.08B,0.67,$0.60B,$0.09B,15.27%,$0.60B,$0.04B,6.88%,$0.60B,$0.04B,6.88%,$0.60B,$0.05B,8.22%,$0.60B,$0.04B,6.38%,$0.60B,$0.02B,4.03%,$0.02B,$0.08B,32.65%,$0.02B,$0.04B,63.58%,$0.02B,$0.17B,13.89%,$0.04B,$0.14B,32.03%,$147,$125,$22,$0,$7,$138,$9,$-1,$8,$3,$5,$5,$5,$11,$9,$24,24,$0.21,$0.21,$0,$57,$0,$88,$42,$0,$42,$1,$86,$174,$32,$55,$0,$59,$92,$54,$22,$0,$82,$174,$24,$8,$5,$13,$-1,$-7,$0,$-2,$-15,$22,$-8,$0,$-17,$0,$0,$0,$-0,$-24,$5,$0,$5,$-6,$-6,$0,$2,$1,$-0,$1,$0
20,2013-09-30,13.36,$3.23,4.13,$22.87,0.58,$1.79,7.44,$0.92,14.59,$0.11B,$0.05B,2.13,$0.06B,$0.08B,0.82,$0.56B,$0.08B,15.14%,$0.56B,$0.04B,6.67%,$0.56B,$0.04B,6.67%,$0.56B,$0.05B,8.11%,$0.56B,$0.03B,5.95%,$0.56B,$0.02B,3.96%,$0.02B,$0.08B,32.23%,$0.02B,$0.03B,61.54%,$0.02B,$0.19B,13.33%,$0.04B,$0.14B,30.45%,$147,$125,$22,$0,$7,$138,$9,$-1,$8,$3,$5,$5,$5,$11,$9,$24,24,$0.23,$0.23,$11,$56,$0,$109,$40,$0,$43,$1,$86,$194,$51,$63,$0,$66,$118,$49,$21,$0,$77,$194,$19,$6,$5,$10,$-14,$-7,$0,$-1,$-8,$21,$-4,$0,$-17,$0,$0,$0,$-0,$-21,$13,$0,$13,$-6,$-6,$0,$2,$9,$10,$1,$0
21,2013-06-30,9.24,$2.99,3.09,$21.38,0.43,$1.46,6.32,$0.96,9.67,$0.10B,$0.04B,2.16,$0.05B,$0.07B,0.65,$0.52B,$0.08B,15.16%,$0.52B,$0.04B,6.72%,$0.52B,$0.04B,6.72%,$0.52B,$0.04B,8.25%,$0.52B,$0.03B,6.14%,$0.52B,$0.02B,4.61%,$0.02B,$0.07B,37.80%,$0.02B,$0.04B,64.86%,$0.02B,$0.16B,16.05%,$0.04B,$0.12B,32.11%,$160,$134,$25,$0,$7,$147,$13,$-1,$12,$5,$8,$8,$8,$15,$13,$24,24,$0.31,$0.31,$5,$52,$0,$95,$38,$0,$29,$1,$69,$164,$44,$46,$0,$49,$93,$49,$15,$0,$71,$164,$14,$4,$2,$6,$-14,$-5,$0,$1,$-4,$15,$-3,$0,$0,$0,$0,$0,$-0,$-3,$-4,$0,$-4,$-6,$-6,$0,$2,$-8,$5,$1,$0
22,2013-03-31,7.0,$2.69,2.61,$19.49,0.36,$1.44,4.87,$1.19,5.9,$0.09B,$0.04B,2.38,$0.05B,$0.06B,0.84,$0.48B,$0.07B,15.09%,$0.48B,$0.03B,6.29%,$0.48B,$0.03B,6.29%,$0.48B,$0.04B,7.76%,$0.48B,$0.03B,5.66%,$0.48B,$0.03B,6.08%,$0.03B,$0.06B,49.79%,$0.03B,$0.04B,84.67%,$0.03B,$0.16B,21.21%,$0.03B,$0.12B,30.46%,$142,$120,$22,$0,$7,$132,$10,$-1,$10,$4,$6,$6,$6,$12,$10,$25,25,$0.24,$0.24,$1,$52,$0,$91,$37,$0,$29,$1,$69,$159,$38,$54,$0,$57,$95,$52,$8,$0,$64,$159,$6,$2,$4,$6,$-15,$-5,$0,$1,$-10,$1,$-1,$0,$0,$0,$0,$0,$-0,$-1,$4,$0,$4,$-4,$-4,$0,$-0,$1,$1,$0,$0
23,2012-12-31,6.92,$2.51,2.75,$18.00,0.38,$1.46,4.72,$1.15,6.01,$0.07B,$0.03B,2.53,$0.05B,$0.06B,0.81,$0.44B,$0.07B,15.07%,$0.44B,$0.03B,6.39%,$0.44B,$0.03B,6.39%,$0.44B,$0.03B,7.76%,$0.44B,$0.02B,5.02%,$0.44B,$0.03B,6.39%,$0.03B,$0.06B,54.63%,$0.03B,$0.03B,94.12%,$0.03B,$0.14B,22.58%,$0.03B,$0.11B,32.28%,$106,$92,$15,$0,$5,$102,$5,$-2,$3,$-0,$3,$3,$3,$7,$5,$24,24,$0.13,$0.16,$0,$47,$0,$74,$37,$0,$30,$1,$70,$143,$29,$50,$0,$53,$82,$56,$2,$0,$61,$143,$28,$7,$-4,$3,$1,$-14,$0,$-2,$-10,$21,$-8,$0,$-29,$0,$0,$0,$-0,$-37,$17,$-1,$16,$0,$0,$0,$-0,$16,$-0,$1,$0
24,2012-09-30,6.88,$2.40,2.87,$16.99,0.4,$1.33,5.17,$1.08,6.37,$0.08B,$0.04B,1.99,$0.03B,$0.06B,0.56,$0.41B,$0.06B,15.12%,$0.41B,$0.03B,6.34%,$0.41B,$0.03B,6.34%,$0.41B,$0.03B,7.80%,$0.41B,$0.02B,4.88%,$0.41B,$0.03B,6.34%,$0.03B,$0.06B,60.12%,$0.03B,$0.04B,104.00%,$0.03B,$0.13B,23.69%,$0.03B,$0.09B,35.02%,$113,$96,$17,$0,$5,$106,$7,$-1,$7,$0,$7,$7,$7,$9,$7,$24,25,$0.27,$0.27,$1,$41,$0,$77,$29,$0,$20,$1,$55,$132,$39,$32,$0,$36,$74,$55,$-2,$-0,$58,$132,$25,$4,$-4,$-0,$-14,$-10,$0,$-0,$-10,$15,$-5,$0,$-9,$0,$0,$0,$-0,$-14,$-0,$0,$-0,$0,$0,$0,$-0,$0,$0,$1,$0
25,2012-06-30,5.67,$2.13,2.66,$15.71,0.36,$1.29,4.4,$1.01,5.62,$0.06B,$0.04B,1.85,$0.02B,$0.05B,0.48,$0.37B,$0.06B,15.51%,$0.37B,$0.02B,6.42%,$0.37B,$0.02B,6.42%,$0.37B,$0.03B,8.02%,$0.37B,$0.02B,4.81%,$0.37B,$0.02B,6.42%,$0.02B,$0.05B,67.61%,$0.02B,$0.03B,131.51%,$0.02B,$0.11B,24.06%,$0.02B,$0.08B,36.09%,$116,$98,$18,$0,$6,$108,$8,$-1,$7,$-7,$13,$13,$13,$9,$8,$24,25,$0.56,$0.54,$1,$34,$0,$64,$24,$0,$18,$1,$49,$113,$35,$24,$0,$28,$63,$56,$-8,$-0,$50,$113,$18,$3,$-4,$-1,$-10,$-6,$0,$-0,$-3,$14,$-2,$0,$-4,$0,$0,$0,$-0,$-6,$-8,$0,$-8,$0,$0,$0,$-0,$-8,$1,$0,$0
26,2012-03-31,5.4,$1.53,3.53,$14.61,0.37,$0.69,7.84,$0.63,8.62,$0.06B,$0.03B,2.06,$0.04B,$0.04B,0.99,$0.34B,$0.05B,15.25%,$0.34B,$0.02B,5.87%,$0.34B,$0.02B,5.87%,$0.34B,$0.03B,7.92%,$0.34B,$0.02B,4.40%,$0.34B,$0.02B,4.40%,$0.02B,$0.04B,52.63%,$0.02B,$0.02B,115.38%,$0.02B,$0.11B,16.00%,$0.02B,$0.07B,31.87%,$103,$86,$16,$0,$5,$95,$8,$-3,$5,$0,$5,$5,$5,$9,$8,$23,24,$0.22,$0.21,$1,$30,$0,$63,$23,$0,$19,$1,$44,$108,$31,$35,$0,$41,$72,$55,$-21,$-0,$36,$108,$5,$2,$2,$3,$-15,$-1,$0,$0,$-7,$2,$-1,$0,$-4,$0,$0,$0,$-0,$-5,$3,$0,$3,$0,$0,$0,$0,$3,$1,$0,$0
27,2011-12-31,1.82,$1.29,1.42,$13.61,0.13,$0.69,2.65,$0.36,5.06,$0.04B,$0.02B,2.24,$0.03B,$0.03B,1.11,$0.31B,$0.04B,14.33%,$0.31B,$0.01B,4.23%,$0.31B,$0.01B,4.23%,$0.31B,$0.02B,6.84%,$0.31B,$0.01B,2.93%,$0.31B,$0.01B,2.93%,$0.01B,$0.03B,37.50%,$0.01B,$0.01B,85.71%,$0.01B,$0.09B,10.08%,$0.01B,$0.06B,22.13%,$78,$67,$11,$0,$4,$75,$3,$-2,$1,$0,$1,$1,$1,$5,$3,$22,23,$0.07,$0.07,$1,$28,$0,$44,$23,$0,$16,$1,$41,$86,$20,$32,$0,$37,$57,$54,$-27,$-0,$29,$86,$8,$7,$2,$8,$-3,$-4,$0,$-0,$-5,$12,$-2,$0,$-7,$0,$0,$0,$-0,$-10,$-4,$1,$-3,$0,$0,$0,$-1,$-3,$-1,$0,$0
28,2011-09-30,0.83,$1.21,0.68,$12.80,0.06,$0.95,0.87,$0.25,3.26,$0.05B,$0.03B,1.83,$0.03B,$0.03B,1.19,$0.29B,$0.04B,13.59%,$0.29B,$0.01B,3.48%,$0.29B,$0.01B,3.48%,$0.29B,$0.02B,6.27%,$0.29B,$0.01B,2.44%,$0.29B,$0.01B,2.44%,$0.01B,$0.03B,32.94%,$0.01B,$0.01B,77.78%,$0.01B,$0.09B,8.09%,$0.01B,$0.06B,20.83%,$77,$64,$13,$0,$4,$72,$5,$-1,$5,$0,$5,$5,$5,$7,$5,$22,23,$0.20,$0.20,$0,$26,$0,$51,$23,$0,$16,$1,$41,$92,$28,$32,$0,$37,$65,$54,$-28,$-0,$27,$92,$7,$5,$0,$5,$-12,$-3,$0,$0,$-3,$10,$-2,$0,$-6,$0,$0,$0,$-0,$-8,$-3,$1,$-2,$0,$0,$0,$-1,$-3,$-2,$0,$0
29,2011-06-30,0.93,$1.01,0.92,$12.93,0.07,$0.96,0.96,$0.03,34.79,$0.05B,$0.02B,2.27,$0.04B,$0.02B,1.73,$0.28B,$0.03B,12.01%,$0.28B,$0.01B,2.12%,$0.28B,$0.01B,2.12%,$0.28B,$0.01B,4.59%,$0.28B,$0.00B,0.35%,$0.28B,$0.00B,0.35%,$0.00B,$0.02B,5.19%,$0.00B,$0.01B,12.12%,$0.00B,$0.09B,1.17%,$0.01B,$0.06B,15.79%,$83,$71,$12,$0,$4,$78,$4,$-1,$4,$0,$4,$4,$4,$6,$4,$22,23,$0.17,$0.16,$1,$24,$0,$53,$23,$0,$11,$1,$36,$89,$23,$38,$0,$43,$67,$54,$-33,$-0,$22,$89,$2,$4,$0,$4,$-16,$-1,$0,$0,$-8,$-1,$-1,$0,$-1,$0,$0,$0,$-0,$-2,$3,$0,$3,$0,$0,$0,$-1,$2,$-1,$0,$0
30,2011-03-31,1.21,$0.82,1.48,$13.09,0.09,$1.25,0.97,$-0.05,0.0,$0.06B,$0.03B,1.9,$0.04B,$0.02B,2.12,$0.28B,$0.03B,11.27%,$0.28B,$0.01B,1.76%,$0.28B,$0.01B,1.76%,$0.28B,$0.01B,4.23%,$0.28B,$-0.00B,-0.35%,$0.28B,$-0.00B,-0.35%,$-0.00B,$0.02B,-5.41%,$-0.00B,$0.01B,-12.90%,$-0.00B,$0.09B,-1.16%,$0.01B,$0.06B,18.02%,$69,$62,$8,$0,$4,$69,$1,$-2,$-1,$0,$-1,$-1,$-1,$3,$1,$21,21,$-0.06,$-0.06,$5,$23,$0,$56,$22,$0,$11,$1,$34,$90,$29,$37,$0,$43,$72,$54,$-36,$-0,$18,$90,$-1,$2,$0,$3,$-16,$-1,$0,$0,$-0,$1,$-0,$0,$0,$0,$0,$0,$-0,$-0,$1,$0,$1,$0,$0,$0,$1,$2,$3,$0,$0
31,2010-12-31,0.84,$0.87,0.97,$12.68,0.07,$1.28,0.66,$0.05,17.22,$0.04B,$0.05B,0.74,$0.00B,$0.02B,0.0,$0.28B,$0.03B,10.75%,$0.28B,$0.01B,2.51%,$0.28B,$0.01B,2.51%,$0.28B,$0.01B,4.66%,$0.28B,$0.00B,0.36%,$0.28B,$0.00B,0.36%,$0.00B,$0.02B,5.48%,$0.00B,$0.01B,12.90%,$0.00B,$0.08B,1.16%,$0.01B,$0.02B,38.36%,$58,$52,$6,$0,$3,$58,$0,$-1,$-1,$0,$-1,$-1,$-1,$2,$0,$21,22,$-0.04,$-0.04,$2,$23,$0,$37,$23,$0,$11,$3,$38,$75,$50,$0,$0,$7,$57,$54,$-35,$-1,$18,$75,$1,$7,$-2,$5,$3,$-2,$0,$-1,$2,$8,$7,$0,$-6,$0,$0,$0,$-0,$1,$-13,$6,$-7,$0,$0,$0,$-0,$-7,$2,$0,$0
32,2010-09-30,0.95,$0.90,1.05,$12.65,0.07,$0.86,1.09,$0.13,7.1,$0.05B,$0.06B,0.8,$0.00B,$0.02B,0.0,$0.27B,$0.03B,10.95%,$0.27B,$0.01B,3.28%,$0.27B,$0.01B,3.28%,$0.27B,$0.02B,5.47%,$0.27B,$0.00B,1.09%,$0.27B,$0.00B,1.09%,$0.00B,$0.02B,16.90%,$0.00B,$0.01B,38.71%,$0.00B,$0.09B,3.47%,$0.01B,$0.02B,40.00%,$73,$65,$8,$0,$4,$72,$1,$-1,$-1,$0,$-1,$-1,$-1,$2,$1,$21,21,$-0.03,$-0.03,$1,$26,$0,$49,$24,$0,$11,$3,$39,$88,$62,$0,$0,$7,$69,$54,$-34,$-1,$19,$88,$2,$5,$-2,$3,$-7,$-5,$0,$-0,$-5,$0,$7,$0,$-6,$0,$0,$0,$-0,$2,$-10,$10,$-1,$0,$0,$0,$-0,$-1,$1,$0,$0
33,2010-06-30,0.82,$0.92,0.89,$12.01,0.07,$0.50,1.63,$0.13,6.17,$0.05B,$0.07B,0.81,$0.00B,$0.02B,0.0,$0.26B,$0.03B,11.20%,$0.26B,$0.01B,3.86%,$0.26B,$0.01B,3.86%,$0.26B,$0.02B,6.18%,$0.26B,$0.00B,1.16%,$0.26B,$0.00B,1.16%,$0.00B,$0.02B,17.91%,$0.00B,$0.01B,41.38%,$0.00B,$0.09B,3.48%,$0.01B,$0.02B,36.04%,$84,$74,$10,$0,$4,$81,$3,$-1,$2,$0,$2,$2,$2,$5,$3,$21,22,$0.09,$0.08,$0,$24,$0,$52,$25,$0,$10,$3,$39,$92,$65,$0,$0,$7,$72,$54,$-33,$-1,$19,$92,$3,$3,$-2,$1,$-14,$-6,$0,$-0,$-7,$-3,$7,$0,$-2,$0,$0,$0,$-0,$5,$-9,$8,$-2,$0,$0,$0,$-0,$-2,$0,$0,$0
34,2010-03-31,1.29,$0.84,1.53,$10.96,0.12,$0.27,4.7,$0.02,72.41,$0.05B,$0.06B,0.77,$0.00B,$0.02B,0.0,$0.23B,$0.03B,10.82%,$0.23B,$0.01B,3.46%,$0.23B,$0.01B,3.46%,$0.23B,$0.01B,5.63%,$0.23B,0,0.00%,$0.23B,0,0.00%,$0.00B,$0.02B,0.00%,$0.00B,$0.01B,0.00%,$0.00B,$0.09B,0.00%,$0.01B,$0.02B,23.70%,$64,$57,$6,$0,$4,$61,$3,$-2,$1,$0,$1,$1,$1,$4,$3,$21,22,$0.04,$0.04,$0,$21,$0,$49,$26,$0,$10,$3,$40,$89,$64,$0,$0,$8,$72,$54,$-35,$-1,$17,$89,$1,$2,$-2,$-0,$-9,$-3,$0,$0,$-3,$-2,$4,$0,$-2,$0,$0,$0,$-0,$2,$-4,$5,$0,$0,$0,$0,$0,$0,$0,$0,$0
35,2009-12-31,1.08,$0.79,1.36,$10.29,0.1,$0.13,8.06,$-0.22,0.0,$0.04B,$0.04B,1.05,$0.02B,$0.02B,1.13,$0.21B,$0.02B,10.85%,$0.21B,$0.00B,0.94%,$0.21B,$0.00B,0.94%,$0.21B,$0.01B,3.77%,$0.21B,$-0.01B,-2.83%,$0.21B,$-0.01B,-2.36%,$-0.01B,$0.02B,-31.75%,$-0.01B,$0.01B,-74.07%,$-0.01B,$0.08B,-5.56%,$0.00B,$0.04B,4.94%,$53,$48,$6,$0,$2,$51,$2,$-1,$1,$0,$1,$1,$1,$4,$2,$21,21,$0.04,$0.04,$0,$17,$5,$37,$26,$0,$9,$3,$40,$77,$35,$18,$0,$26,$61,$54,$-36,$-1,$16,$77,$-5,$7,$0,$8,$-5,$5,$0,$0,$1,$4,$1,$0,$12,$0,$0,$0,$0,$13,$-14,$-5,$-19,$0,$0,$0,$-1,$-20,$-3,$0,$0
36,2009-09-30,1.56,$0.75,2.09,$10.43,0.15,$0.09,17.22,$-0.26,0.0,$0.04B,$0.04B,1.1,$0.03B,$0.02B,1.63,$0.22B,$0.01B,6.51%,$0.22B,$-0.07B,-33.02%,$0.22B,$-0.07B,-33.02%,$0.22B,$-0.04B,-17.21%,$0.22B,$-0.08B,-37.21%,$0.22B,$-0.08B,-34.88%,$-0.08B,$0.02B,-441.18%,$-0.08B,$0.01B,-967.74%,$-0.08B,$0.09B,-78.33%,$-0.07B,$0.04B,-162.29%,$58,$51,$7,$0,$3,$57,$2,$-3,$-1,$-0,$-1,$-1,$-1,$3,$2,$21,21,$-0.03,$-0.03,$0,$20,$2,$42,$31,$0,$9,$3,$45,$87,$38,$25,$0,$33,$71,$54,$-37,$-1,$15,$87,$-5,$5,$1,$6,$-10,$3,$0,$1,$-1,$-0,$-0,$0,$12,$0,$0,$0,$-0,$12,$-10,$-4,$-14,$0,$0,$0,$-0,$-14,$-2,$0,$0
37,2009-06-30,0.66,$0.77,0.85,$11.37,0.06,$0.19,3.41,$-0.35,0.0,$0.05B,$0.05B,1.07,$0.03B,$0.02B,1.68,$0.23B,$0.02B,6.41%,$0.23B,$-0.08B,-32.05%,$0.23B,$-0.08B,-32.05%,$0.23B,$-0.04B,-17.09%,$0.23B,$-0.08B,-35.47%,$0.23B,$-0.08B,-32.48%,$-0.08B,$0.02B,-211.11%,$-0.08B,$0.01B,-620.41%,$-0.08B,$0.10B,-62.30%,$-0.08B,$0.04B,-132.74%,$56,$50,$6,$0,$3,$55,$1,$-2,$-1,$-0,$-1,$-1,$-1,$2,$1,$21,21,$-0.03,$-0.03,$1,$19,$11,$50,$32,$0,$9,$3,$46,$97,$47,$27,$0,$34,$81,$54,$-36,$-1,$16,$97,$-5,$3,$0,$4,$-9,$3,$0,$0,$0,$-1,$-0,$0,$4,$0,$0,$0,$0,$4,$-4,$-1,$-5,$0,$0,$0,$-0,$-5,$-2,$0,$0
38,2009-03-31,0.22,$0.81,0.27,$14.33,0.02,$1.08,0.2,$-0.20,0.0,$0.05B,$0.05B,1.07,$0.03B,$0.02B,1.67,$0.27B,$0.02B,7.30%,$0.27B,$-0.07B,-26.28%,$0.27B,$-0.07B,-26.28%,$0.27B,$-0.04B,-12.77%,$0.27B,$-0.08B,-28.83%,$0.27B,$-0.07B,-26.64%,$-0.07B,$0.02B,-132.13%,$-0.07B,$0.01B,-429.41%,$-0.07B,$0.10B,-48.42%,$-0.07B,$0.04B,-87.27%,$45,$41,$4,$0,$4,$48,$-3,$-2,$-5,$-0,$-4,$-4,$-4,$-1,$-3,$21,21,$-0.20,$-0.20,$2,$20,$14,$51,$33,$0,$9,$3,$48,$99,$47,$28,$0,$35,$82,$54,$-36,$-1,$16,$99,$-4,$2,$-0,$2,$-3,$1,$0,$1,$1,$-1,$-0,$0,$2,$0,$0,$0,$0,$2,$-0,$-1,$-1,$0,$0,$0,$-0,$-1,$-0,$0,$0
39,2008-12-31,0.28,$1.02,0.28,$18.95,0.02,$1.29,0.22,$-0.10,0.0,$0.05B,$0.05B,1.13,$0.03B,$0.02B,1.32,$0.33B,$0.03B,8.28%,$0.33B,$-0.07B,-21.47%,$0.33B,$-0.07B,-21.47%,$0.33B,$-0.03B,-10.12%,$0.33B,$-0.08B,-23.62%,$0.33B,$-0.07B,-21.78%,$-0.07B,$0.02B,-100.35%,$-0.07B,$0.01B,-400.00%,$-0.07B,$0.10B,-40.23%,$-0.07B,$0.05B,-65.57%,$56,$59,$-3,$0,$8,$127,$-71,$-2,$-73,$-8,$-64,$-64,$-69,$-41,$-71,$21,21,$-3.37,$-3.37,$3,$21,$16,$51,$35,$0,$10,$3,$49,$100,$45,$27,$0,$34,$80,$54,$-32,$-1,$21,$100,$-72,$36,$24,$60,$2,$17,$0,$1,$13,$2,$2,$0,$0,$0,$0,$0,$-1,$2,$-38,$17,$-21,$21,$21,$0,$-1,$-1,$3,$1,$0
40,2008-09-30,2.42,$4.46,0.54,$19.55,0.12,$2.76,0.88,$-0.40,0.0,$0.07B,$0.08B,0.85,$0.00B,$0.09B,0.0,$0.31B,$0.04B,11.54%,$0.31B,$-0.00B,-0.96%,$0.31B,$-0.00B,-0.96%,$0.31B,$0.01B,1.92%,$0.31B,$-0.01B,-3.21%,$0.31B,$-0.01B,-1.92%,$-0.01B,$0.09B,-7.19%,$-0.01B,$0.02B,-37.50%,$-0.01B,$0.19B,-2.99%,$-0.00B,$0.09B,-2.30%,$77,$69,$8,$0,$6,$79,$-2,$-1,$-4,$-1,$-2,$-2,$-2,$-0,$-2,$20,20,$-0.12,$-0.12,$0,$39,$0,$70,$51,$0,$67,$3,$123,$192,$82,$0,$0,$20,$102,$54,$37,$-1,$91,$192,$-2,$6,$-4,$2,$-8,$5,$0,$2,$-0,$-1,$3,$0,$0,$0,$0,$0,$-0,$2,$-35,$13,$-22,$20,$20,$0,$-0,$-2,$-0,$1,$0
41,2008-06-30,3.33,$4.58,0.73,$25.70,0.13,$4.26,0.78,$-0.28,0.0,$0.09B,$0.04B,1.98,$0.05B,$0.09B,0.58,$0.37B,$0.05B,12.10%,$0.37B,$0.00B,0.27%,$0.37B,$0.00B,0.27%,$0.37B,$0.01B,2.69%,$0.37B,$-0.01B,-1.61%,$0.37B,$-0.00B,-1.08%,$-0.00B,$0.09B,-5.02%,$-0.00B,$0.03B,-33.33%,$-0.00B,$0.21B,-1.93%,$0.00B,$0.15B,0.69%,$96,$84,$11,$0,$6,$91,$4,$-2,$3,$1,$2,$2,$2,$7,$4,$17,17,$0.11,$0.11,$13,$42,$0,$88,$52,$0,$67,$3,$124,$212,$44,$54,$0,$75,$119,$54,$40,$-1,$93,$212,$-0,$4,$-3,$1,$-10,$2,$0,$3,$9,$11,$3,$0,$0,$0,$0,$0,$-0,$3,$-19,$-1,$-21,$20,$20,$0,$-1,$-1,$13,$1,$0
42,2008-03-31,3.11,$4.82,0.65,$29.19,0.11,$4.78,0.65,$-0.49,0.0,$0.08B,$0.04B,1.89,$0.06B,$0.08B,0.82,$0.39B,$0.05B,11.83%,$0.39B,$-0.00B,-1.03%,$0.39B,$-0.00B,-1.03%,$0.39B,$0.00B,1.03%,$0.39B,$-0.01B,-2.83%,$0.39B,$-0.01B,-1.80%,$-0.01B,$0.08B,-9.27%,$-0.01B,$0.01B,-96.55%,$-0.01B,$0.20B,-3.33%,$-0.00B,$0.14B,-2.71%,$97,$86,$11,$0,$7,$98,$-1,$-2,$-3,$-1,$-2,$-2,$-2,$1,$-1,$14,14,$-0.13,$-0.13,$0,$41,$2,$76,$53,$0,$68,$3,$126,$202,$40,$64,$0,$84,$124,$41,$38,$-1,$78,$202,$-2,$2,$-1,$1,$-11,$2,$0,$3,$4,$3,$-1,$0,$0,$0,$0,$0,$-0,$-1,$-8,$-1,$-9,$8,$8,$0,$-0,$-2,$-0,$0,$0
43,2007-12-31,4.43,$5.33,0.83,$29.46,0.15,$4.66,0.95,$-0.45,0.0,$0.08B,$0.03B,2.5,$0.07B,$0.07B,0.99,$0.37B,$0.04B,11.89%,$0.37B,$-0.00B,-1.08%,$0.37B,$-0.00B,-1.08%,$0.37B,$0.00B,0.81%,$0.37B,$-0.01B,-2.43%,$0.37B,$-0.01B,-1.62%,$-0.01B,$0.07B,-8.28%,$-0.01B,$0.00B,-28.24%,$-0.01B,$0.20B,-3.17%,$-0.00B,$0.14B,-2.99%,$42,$36,$6,$0,$6,$46,$-4,$-2,$-6,$-2,$-4,$-4,$-4,$-2,$-4,$13,13,$-0.31,$-0.31,$0,$35,$24,$80,$44,$0,$68,$3,$116,$196,$32,$72,$0,$92,$124,$33,$40,$-1,$72,$196,$-6,$7,$4,$10,$16,$17,$0,$-0,$18,$23,$-1,$0,$-86,$0,$0,$0,$0,$-87,$64,$-9,$55,$11,$11,$0,$-2,$64,$-0,$2,$0
44,2007-09-30,5.25,$5.64,0.93,$28.63,0.18,$2.25,2.33,$-0.13,0.0,$0.09B,$0.05B,1.9,$0.08B,$0.08B,1.0,$0.36B,$0.04B,12.08%,$0.36B,$-0.00B,-0.28%,$0.36B,$-0.00B,-0.28%,$0.36B,$0.01B,1.40%,$0.36B,$-0.00B,-1.12%,$0.36B,$-0.00B,-0.56%,$-0.00B,$0.08B,-2.82%,$-0.00B,$0.01B,-5.44%,$-0.00B,$0.22B,-1.20%,$-0.00B,$0.15B,-0.85%,$137,$119,$17,$0,$9,$134,$2,$-2,$0,$0,$0,$0,$0,$4,$2,$14,14,$0.01,$0.01,$3,$49,$0,$90,$56,$0,$69,$3,$130,$221,$48,$76,$0,$97,$144,$32,$44,$-0,$76,$221,$-2,$4,$2,$6,$0,$12,$0,$1,$19,$24,$-1,$0,$-86,$0,$0,$0,$-0,$-87,$67,$-10,$57,$11,$11,$0,$-2,$66,$2,$1,$0
45,2007-06-30,7.0,$5.62,1.25,$26.93,0.26,$-0.18,0.0,$-0.11,0.0,$0.09B,$0.05B,1.85,$0.08B,$0.08B,1.03,$0.31B,$0.04B,11.94%,$0.31B,$-0.00B,-0.65%,$0.31B,$-0.00B,-0.65%,$0.31B,$0.00B,0.97%,$0.31B,$-0.00B,-0.97%,$0.31B,$-0.00B,-0.65%,$-0.00B,$0.08B,-2.92%,$-0.00B,$0.01B,-3.90%,$-0.00B,$0.22B,-1.41%,$-0.00B,$0.15B,-2.00%,$113,$101,$12,$0,$7,$114,$-1,$-2,$-2,$-1,$-1,$-1,$-1,$1,$-1,$12,12,$-0.10,$-0.10,$0,$48,$0,$87,$59,$0,$69,$3,$133,$221,$47,$78,$0,$98,$145,$33,$43,$-0,$76,$221,$-2,$2,$2,$4,$2,$12,$0,$-2,$17,$19,$-2,$0,$-86,$0,$0,$0,$-0,$-88,$71,$-10,$61,$11,$11,$0,$-2,$69,$-0,$0,$0
46,2007-03-31,5.33,$5.94,0.9,$26.36,0.2,$-1.73,0.0,$0.12,46.1,$0.07B,$0.03B,2.34,$0.02B,$0.07B,0.31,$0.29B,$0.04B,12.67%,$0.29B,$0.00B,0.68%,$0.29B,$0.00B,0.68%,$0.29B,$0.01B,2.05%,$0.29B,$0.00B,0.34%,$0.29B,0,0.00%,$0.00B,$0.07B,0.00%,$0.00B,$0.07B,0.00%,$0.00B,$0.12B,0.00%,$0.00B,$0.09B,2.44%,$78,$69,$9,$0,$6,$79,$-1,$-1,$-1,$-0,$-1,$-1,$-1,$0,$-1,$11,11,$-0.06,$-0.06,$0,$43,$0,$69,$47,$0,$0,$3,$50,$118,$29,$20,$0,$23,$53,$20,$45,$0,$66,$118,$-1,$1,$0,$1,$-3,$2,$0,$-1,$1,$2,$-1,$0,$-7,$0,$0,$0,$-0,$-9,$7,$0,$7,$0,$0,$0,$-0,$7,$0,$0,$0
47,2006-12-31,5.56,$6.00,0.93,$27.41,0.2,$-1.79,0.0,$0.24,23.14,$0.06B,$0.03B,2.43,$0.01B,$0.07B,0.21,$0.30B,$0.04B,12.87%,$0.30B,$0.01B,1.65%,$0.30B,$0.01B,1.65%,$0.30B,$0.01B,2.97%,$0.30B,$0.00B,0.99%,$0.30B,$0.00B,0.66%,$0.00B,$0.07B,3.07%,$0.00B,$0.07B,3.07%,$0.00B,$0.11B,1.77%,$0.01B,$0.08B,6.21%,$28,$23,$5,$0,$3,$29,$-1,$-1,$-1,$-0,$-1,$-1,$0,$0,$-1,$11,11,$0.01,$0.02,$0,$43,$0,$63,$43,$0,$0,$3,$46,$109,$26,$14,$0,$17,$43,$20,$46,$-0,$66,$109,$3,$4,$1,$5,$2,$-9,$0,$-0,$-8,$-1,$-7,$0,$0,$0,$0,$0,$0,$-7,$-3,$10,$7,$0,$0,$0,$-0,$7,$-1,$0,$0
