,Date,Stock Price,Book Value per Share,Price to Book Ratio,TTM Sales per Share,Price to Sales Ratio,TTM FCF per Share,Price to FCF Ratio,TTM Net EPS,PE Ratio,Current Assets,Current Liabilities,Current Ratio,Long Term Debt,Shareholder's Equity_x,Debt to Equity Ratio,TTM Revenue_x,TTM Gross Profit,Gross Margin,TTM Revenue_y,TTM Operating Income,Operating Margin,TTM Revenue_x,TTM EBIT,EBIT Margin,TTM Revenue_y,TTM EBITDA,EBITDA Margin,TTM Revenue_x,TTM Pre-Tax Income,Pre-Tax Margin,TTM Revenue_y,TTM Net Income_x,Net Margin,TTM Net Income_y,Shareholder's Equity_y,Return on Equity,TTM Net Income_x,Tangible Equity,Return on Tangible Equity,TTM Net Income_y,Total Assets,Return on Assets,TTM Net Income,LT Investments & Debt,Return on Investment,revenue,cost-goods-sold,gross-profit,research-development-expenses,selling-general-administrative-expenses,operating-expenses,operating-income,total-non-operating-income-expense,pre-tax-income,total-provision-income-taxes,income-after-taxes,income-from-continuous-operations,net-income,ebitda,ebit,basic-shares-outstanding,shares-outstanding,eps-basic-net-earnings-per-share,eps-earnings-per-share-diluted,cash-on-hand,inventory,other-current-assets,total-current-assets,net-property-plant-equipment,long-term-investments,goodwill-intangible-assets-total,other-long-term-assets,total-long-term-assets,total-assets,total-current-liabilities,long-term-debt,other-non-current-liabilities,total-long-term-liabilities,total-liabilities,common-stock-net,retained-earnings-accumulated-deficit,comprehensive-income,total-share-holder-equity,total-liabilities-share-holders-equity,net-income-loss,total-depreciation-amortization-cash-flow,other-non-cash-items,total-non-cash-items,change-in-accounts-receivable,change-in-inventories,change-in-accounts-payable,change-in-assets-liabilities,total-change-in-assets-liabilities,cash-flow-from-operating-activities,net-change-in-property-plant-equipment,net-change-in-intangible-assets,net-acquisitions-divestitures,net-change-in-short-term-investments,net-change-in-long-term-investments,net-change-in-investments-total,investing-activities-other,cash-flow-from-investing-activities,net-long-term-debt,net-current-debt,debt-issuance-retirement-net-total,net-common-equity-issued-repurchased,net-total-equity-issued-repurchased,total-common-preferred-stock-dividends-paid,financial-activities-other,cash-flow-from-financial-activities,net-cash-flow,stock-based-compensation,common-stock-dividends-paid
0,2018-08-31,73.25,$6.65,11.02,$9.54,7.68,$7.36,9.95,$2.62,27.96,$5.08B,$4.40B,1.15,$0.00B,$2.39B,0.0,$3.45B,$2.40B,69.52%,$3.45B,$1.29B,37.40%,$3.45B,$1.29B,37.40%,$3.45B,$1.50B,43.34%,$3.45B,$1.30B,37.66%,$3.45B,$0.97B,28.01%,$0.97B,$2.39B,44.16%,$0.97B,$1.44B,75.18%,$0.97B,$7.05B,13.11%,$1.29B,$2.39B,58.96%,$863,$266,$597,$0,$277,$543,$320,$2,$323,$79,$244,$244,$244,$371,$320,$359,362,$0.68,$0.67,$523,$0,$3764,$5076,$389,$265,$949,$16,$1974,$7050,$4397,$0,$110,$266,$4663,$4,$1268,$-36,$2387,$7050,$244,$50,$14,$64,$-40,$0,$0,$21,$-34,$274,$-24,$0,$0,$763,$181,$944,$-1,$919,$0,$-886,$-886,$-33,$-33,$-201,$10,$-1110,$82,$11,$-201
1,2018-05-31,65.05,$6.56,9.91,$9.35,6.96,$7.57,8.59,$2.58,25.21,$5.89B,$5.30B,1.11,$0.00B,$2.36B,0.0,$3.38B,$2.36B,69.90%,$3.38B,$1.29B,38.08%,$3.38B,$1.29B,38.08%,$3.38B,$1.49B,44.09%,$3.38B,$1.30B,38.32%,$3.38B,$0.93B,27.59%,$0.93B,$2.36B,44.88%,$0.93B,$1.40B,76.57%,$0.93B,$7.92B,12.41%,$1.29B,$2.36B,61.95%,$895,$266,$629,$0,$283,$550,$346,$3,$348,$102,$246,$246,$246,$397,$346,$359,362,$0.69,$0.68,$424,$0,$4704,$5894,$394,$296,$955,$16,$2022,$7915,$5297,$0,$108,$262,$5559,$4,$1263,$-36,$2357,$7915,$934,$203,$67,$271,$17,$0,$0,$12,$72,$1276,$-154,$0,$-180,$-1678,$1373,$-305,$-40,$-679,$0,$462,$462,$-143,$-143,$-740,$-3,$-424,$174,$45,$-740
2,2018-02-28,64.02,$5.69,11.25,$9.08,7.05,$6.86,9.34,$2.49,25.71,$5.05B,$4.62B,1.09,$0.00B,$2.05B,0.0,$3.29B,$2.30B,70.05%,$3.29B,$1.24B,37.77%,$3.29B,$1.24B,37.77%,$3.29B,$1.45B,44.04%,$3.29B,$1.25B,38.01%,$3.29B,$0.88B,26.84%,$0.88B,$2.05B,44.58%,$0.88B,$1.11B,74.84%,$0.88B,$6.84B,12.17%,$1.24B,$2.05B,62.72%,$867,$271,$596,$0,$303,$574,$293,$2,$295,$34,$260,$260,$260,$345,$293,$359,362,$0.72,$0.72,$421,$0,$3945,$5049,$397,$405,$933,$59,$1794,$6843,$4624,$0,$132,$174,$4797,$4,$961,$-27,$2046,$6843,$705,$152,$39,$192,$-2,$0,$0,$13,$92,$989,$-122,$0,$-179,$-409,$741,$332,$-7,$24,$0,$-243,$-243,$-94,$-94,$-539,$2,$-874,$139,$29,$-539
3,2017-11-30,65.69,$5.48,11.98,$8.88,7.39,$6.40,10.26,$2.33,28.19,$5.99B,$5.50B,1.09,$0.00B,$1.97B,0.0,$3.22B,$2.27B,70.45%,$3.22B,$1.26B,39.04%,$3.22B,$1.26B,39.04%,$3.22B,$1.46B,45.35%,$3.22B,$1.26B,39.25%,$3.22B,$0.83B,25.66%,$0.83B,$1.97B,42.50%,$0.83B,$1.19B,69.05%,$0.83B,$7.69B,11.21%,$1.26B,$1.97B,64.65%,$827,$249,$578,$0,$246,$494,$332,$2,$334,$117,$217,$217,$217,$383,$332,$359,361,$0.60,$0.60,$339,$0,$4888,$5993,$377,$481,$776,$58,$1692,$7685,$5502,$0,$129,$214,$5716,$4,$881,$-9,$1969,$7685,$445,$100,$89,$189,$-56,$0,$0,$-24,$-114,$519,$-96,$0,$-18,$-1018,$384,$-634,$-4,$-751,$0,$759,$759,$-94,$-94,$-359,$-1,$304,$73,$19,$-359
4,2017-08-31,55.22,$5.42,10.2,$8.72,6.33,$6.24,8.85,$2.29,24.11,$5.97B,$5.46B,1.1,$0.00B,$1.94B,0.0,$3.16B,$2.23B,70.66%,$3.16B,$1.23B,39.06%,$3.16B,$1.23B,39.06%,$3.16B,$1.44B,45.43%,$3.16B,$1.24B,39.25%,$3.16B,$0.81B,25.64%,$0.81B,$1.94B,42.56%,$0.81B,$1.17B,69.25%,$0.81B,$7.62B,11.76%,$1.23B,$1.94B,64.84%,$793,$232,$561,$0,$244,$476,$317,$2,$319,$109,$210,$210,$210,$366,$317,$359,361,$0.59,$0.58,$368,$0,$4953,$5974,$329,$483,$777,$57,$1646,$7620,$5456,$0,$125,$220,$5676,$4,$844,$24,$1944,$7620,$210,$49,$58,$107,$13,$0,$0,$33,$26,$344,$-18,$0,$-8,$-930,$245,$-684,$-0,$-711,$0,$703,$703,$-94,$-94,$-179,$-12,$417,$50,$9,$-179
5,2017-05-31,56.86,$5.44,10.45,$8.69,6.55,$6.09,9.33,$2.26,25.16,$5.27B,$4.73B,1.12,$0.00B,$1.96B,0.0,$3.15B,$2.23B,70.78%,$3.15B,$1.24B,39.34%,$3.15B,$1.24B,39.34%,$3.15B,$1.44B,45.69%,$3.15B,$1.25B,39.53%,$3.15B,$0.82B,25.92%,$0.82B,$1.96B,42.69%,$0.82B,$1.24B,68.40%,$0.82B,$6.83B,12.56%,$1.24B,$1.96B,64.79%,$799,$231,$567,$0,$268,$500,$299,$2,$301,$105,$195,$195,$195,$353,$299,$360,363,$0.55,$0.53,$323,$0,$4302,$5272,$337,$454,$715,$56,$1562,$6834,$4725,$0,$119,$153,$4878,$4,$902,$20,$1955,$6834,$817,$199,$58,$257,$-104,$0,$0,$-50,$-114,$960,$-94,$0,$0,$238,$-559,$-322,$-9,$-425,$0,$317,$317,$-166,$-166,$-662,$29,$-483,$53,$35,$-662
6,2017-02-28,58.5,$5.28,11.08,$8.56,6.83,$6.25,9.37,$2.21,26.47,$5.75B,$5.27B,1.09,$0.00B,$1.90B,0.0,$3.11B,$2.20B,70.74%,$3.11B,$1.22B,39.17%,$3.11B,$1.22B,39.17%,$3.11B,$1.41B,45.45%,$3.11B,$1.22B,39.30%,$3.11B,$0.80B,25.75%,$0.80B,$1.90B,42.03%,$0.80B,$1.18B,67.77%,$0.80B,$7.31B,12.49%,$1.22B,$1.90B,63.94%,$796,$237,$559,$0,$252,$489,$307,$1,$308,$105,$203,$203,$203,$356,$307,$359,362,$0.56,$0.56,$404,$0,$4785,$5752,$342,$440,$719,$58,$1559,$7310,$5274,$0,$122,$140,$5414,$4,$872,$5,$1897,$7310,$622,$146,$30,$176,$-21,$0,$0,$-45,$-28,$769,$-67,$0,$0,$-460,$-412,$-872,$-8,$-947,$0,$875,$875,$-166,$-166,$-497,$24,$236,$58,$27,$-497
7,2016-11-30,55.72,$5.06,11.01,$8.44,6.6,$6.30,8.85,$2.15,25.92,$4.22B,$3.78B,1.11,$0.00B,$1.82B,0.0,$3.06B,$2.17B,70.69%,$3.06B,$1.19B,38.84%,$3.06B,$1.19B,38.84%,$3.06B,$1.39B,45.20%,$3.06B,$1.20B,39.00%,$3.06B,$0.78B,25.36%,$0.78B,$1.82B,40.95%,$0.78B,$1.09B,66.30%,$0.78B,$5.78B,12.24%,$1.19B,$1.82B,62.71%,$771,$226,$545,$0,$234,$460,$311,$1,$312,$110,$202,$202,$202,$360,$311,$360,363,$0.56,$0.56,$293,$0,$3242,$4216,$349,$432,$722,$57,$1560,$5776,$3784,$0,$158,$176,$3961,$4,$835,$-17,$1816,$5776,$420,$97,$44,$141,$-123,$0,$0,$-30,$-147,$413,$-47,$0,$0,$215,$534,$749,$-5,$698,$0,$-591,$-591,$-166,$-166,$-332,$10,$-1078,$34,$18,$-332
8,2016-08-31,56.87,$5.50,10.35,$8.31,6.84,$6.31,9.01,$2.11,26.95,$4.52B,$3.91B,1.16,$0.00B,$1.99B,0.0,$3.02B,$2.14B,70.91%,$3.02B,$1.17B,38.91%,$3.02B,$1.17B,38.91%,$3.02B,$1.37B,45.31%,$3.02B,$1.18B,39.10%,$3.02B,$0.76B,25.34%,$0.76B,$1.99B,40.04%,$0.76B,$1.27B,62.87%,$0.76B,$6.10B,11.93%,$1.17B,$1.99B,61.48%,$786,$225,$560,$0,$237,$463,$323,$2,$325,$107,$217,$217,$217,$371,$323,$361,364,$0.60,$0.60,$498,$0,$3443,$4521,$348,$446,$722,$59,$1576,$6097,$3913,$0,$154,$196,$4109,$4,$959,$39,$1988,$6097,$217,$48,$24,$73,$-74,$0,$0,$18,$5,$295,$-20,$0,$0,$257,$143,$401,$0,$380,$0,$-517,$-517,$0,$0,$-166,$6,$-677,$-2,$9,$-166
9,2016-05-31,50.44,$5.30,9.51,$8.14,6.19,$6.26,8.05,$2.09,24.13,$4.86B,$4.37B,1.11,$0.00B,$1.91B,0.0,$2.95B,$2.10B,70.97%,$2.95B,$1.15B,38.82%,$2.95B,$1.15B,38.82%,$2.95B,$1.34B,45.33%,$2.95B,$1.15B,39.02%,$2.95B,$0.76B,25.61%,$0.76B,$1.91B,40.67%,$0.76B,$1.19B,63.12%,$0.76B,$6.44B,11.85%,$1.15B,$1.91B,61.65%,$754,$220,$534,$0,$257,$478,$276,$-0,$276,$98,$178,$178,$178,$325,$276,$361,363,$0.50,$0.49,$352,$0,$3998,$4864,$353,$441,$727,$57,$1577,$6441,$4366,$0,$141,$163,$4529,$4,$926,$29,$1912,$6441,$757,$191,$44,$235,$-36,$0,$0,$-1,$27,$1018,$-98,$0,$-296,$928,$-588,$340,$-9,$-63,$0,$-305,$-305,$-108,$-108,$-607,$26,$-994,$-39,$35,$-607
10,2016-02-29,47.41,$5.20,9.11,$7.96,5.95,$5.90,8.04,$2.04,23.24,$5.50B,$5.04B,1.09,$0.00B,$1.87B,0.0,$2.89B,$2.05B,70.93%,$2.89B,$1.12B,38.82%,$2.89B,$1.12B,38.82%,$2.89B,$1.31B,45.36%,$2.89B,$1.13B,39.10%,$2.89B,$0.74B,25.57%,$0.74B,$1.87B,40.44%,$0.74B,$1.14B,61.61%,$0.74B,$7.07B,11.58%,$1.12B,$1.87B,61.40%,$753,$226,$527,$0,$247,$473,$280,$2,$282,$101,$180,$180,$180,$329,$280,$361,362,$0.50,$0.50,$327,$0,$4717,$5504,$350,$429,$730,$56,$1564,$7068,$5039,$0,$136,$154,$5193,$4,$900,$38,$1874,$7068,$579,$142,$26,$168,$25,$0,$0,$-9,$45,$791,$-70,$0,$-296,$-793,$603,$-190,$-7,$-564,$0,$404,$404,$-108,$-108,$-455,$15,$-145,$83,$26,$-455
11,2015-11-30,49.6,$5.15,9.63,$7.81,6.35,$5.61,8.85,$2.00,24.8,$4.60B,$4.01B,1.15,$0.00B,$1.86B,0.0,$2.84B,$2.02B,70.96%,$2.84B,$1.11B,38.93%,$2.84B,$1.11B,38.93%,$2.84B,$1.29B,45.48%,$2.84B,$1.11B,39.21%,$2.84B,$0.73B,25.62%,$0.73B,$1.86B,39.85%,$0.73B,$1.27B,59.10%,$0.73B,$6.02B,11.28%,$1.11B,$1.86B,60.54%,$722,$205,$517,$0,$223,$428,$294,$2,$296,$107,$189,$189,$189,$341,$294,$361,362,$0.52,$0.52,$476,$0,$3720,$4603,$353,$437,$593,$32,$1414,$6017,$4010,$0,$134,$149,$4159,$4,$914,$20,$1858,$6017,$398,$93,$40,$133,$-64,$0,$0,$-43,$-112,$420,$-49,$0,$0,$142,$660,$802,$-5,$749,$0,$-571,$-571,$-63,$-63,$-304,$11,$-926,$242,$18,$-304
12,2015-08-31,40.51,$4.97,8.15,$7.68,5.28,$5.57,7.28,$1.95,20.77,$4.59B,$4.05B,1.13,$0.00B,$1.79B,0.0,$2.80B,$1.98B,70.70%,$2.80B,$1.08B,38.71%,$2.80B,$1.08B,38.71%,$2.80B,$1.27B,45.30%,$2.80B,$1.09B,39.00%,$2.80B,$0.71B,25.47%,$0.71B,$1.79B,39.10%,$0.71B,$1.20B,58.21%,$0.71B,$5.98B,10.92%,$1.08B,$1.79B,59.43%,$723,$206,$517,$0,$221,$427,$296,$1,$298,$88,$209,$209,$209,$343,$296,$361,363,$0.58,$0.58,$538,$0,$3748,$4588,$350,$416,$595,$34,$1395,$5983,$4046,$0,$128,$146,$4192,$4,$876,$14,$1791,$5983,$209,$46,$23,$70,$-24,$0,$0,$17,$-1,$278,$-21,$0,$0,$101,$684,$785,$-4,$760,$0,$-533,$-533,$-63,$-63,$-152,$-4,$-752,$286,$9,$-152
13,2015-05-31,44.41,$4.94,8.98,$7.51,5.91,$5.51,8.06,$1.84,24.14,$5.09B,$4.57B,1.11,$0.00B,$1.79B,0.0,$2.74B,$1.93B,70.54%,$2.74B,$1.05B,38.48%,$2.74B,$1.05B,38.48%,$2.74B,$1.24B,45.09%,$2.74B,$1.06B,38.74%,$2.74B,$0.67B,24.61%,$0.67B,$1.79B,37.04%,$0.67B,$1.19B,55.28%,$0.67B,$6.47B,10.22%,$1.05B,$1.79B,57.93%,$692,$204,$489,$0,$237,$441,$252,$2,$254,$92,$161,$161,$161,$298,$252,$363,365,$0.44,$0.45,$537,$0,$4273,$5088,$354,$400,$594,$32,$1379,$6468,$4573,$0,$107,$109,$4682,$4,$894,$8,$1786,$6468,$675,$183,$29,$211,$-30,$0,$0,$-12,$9,$895,$-103,$0,$-27,$149,$-301,$-152,$-3,$-285,$0,$93,$93,$-182,$-182,$-552,$49,$-593,$18,$31,$-552
14,2015-02-28,44.45,$5.15,8.62,$7.36,6.04,$5.52,8.06,$1.80,24.69,$5.96B,$5.35B,1.11,$0.00B,$1.87B,0.0,$2.69B,$1.88B,70.14%,$2.69B,$1.03B,38.35%,$2.69B,$1.03B,38.35%,$2.69B,$1.21B,45.12%,$2.69B,$1.04B,38.61%,$2.69B,$0.66B,24.53%,$0.66B,$1.87B,36.26%,$0.66B,$1.27B,54.01%,$0.66B,$7.34B,10.03%,$1.03B,$1.87B,56.68%,$704,$211,$493,$0,$229,$440,$264,$2,$266,$97,$169,$169,$169,$310,$264,$363,365,$0.47,$0.46,$621,$0,$5091,$5957,$348,$409,$599,$31,$1387,$7344,$5348,$0,$107,$124,$5472,$4,$978,$22,$1872,$7344,$514,$136,$12,$148,$5,$0,$0,$-2,$31,$693,$-72,$0,$-27,$-1079,$153,$-926,$-2,$-1027,$0,$892,$892,$-30,$-30,$-414,$0,$447,$113,$24,$-414
15,2014-11-30,41.94,$5.05,8.3,$7.21,5.82,$5.57,7.53,$1.78,23.56,$4.86B,$4.28B,1.14,$0.00B,$1.83B,0.0,$2.63B,$1.85B,70.29%,$2.63B,$1.02B,38.64%,$2.63B,$1.02B,38.64%,$2.63B,$1.20B,45.48%,$2.63B,$1.02B,38.87%,$2.63B,$0.65B,24.70%,$0.65B,$1.83B,36.19%,$0.65B,$1.23B,53.99%,$0.65B,$6.28B,10.00%,$1.02B,$1.83B,56.62%,$676,$199,$477,$0,$207,$406,$270,$1,$272,$99,$173,$173,$173,$315,$270,$363,365,$0.48,$0.47,$529,$0,$4033,$4860,$344,$399,$603,$30,$1415,$6275,$4279,$0,$102,$161,$4440,$4,$964,$22,$1834,$6275,$344,$90,$30,$120,$-56,$0,$0,$-4,$-60,$405,$-46,$0,$-27,$56,$73,$129,$-2,$55,$0,$-167,$-167,$-28,$-28,$-276,$0,$-472,$-12,$15,$-276
16,2014-08-31,36.54,$4.92,7.43,$7.03,5.2,$5.55,6.58,$1.74,21.0,$4.87B,$4.34B,1.12,$0.00B,$1.79B,0.0,$2.57B,$1.82B,70.61%,$2.57B,$1.00B,38.72%,$2.57B,$1.00B,38.72%,$2.57B,$1.17B,45.65%,$2.57B,$1.00B,38.92%,$2.57B,$0.64B,24.73%,$0.64B,$1.79B,35.78%,$0.64B,$1.18B,53.43%,$0.64B,$6.29B,9.88%,$1.00B,$1.79B,56.03%,$667,$194,$473,$0,$205,$399,$268,$1,$269,$98,$171,$171,$171,$312,$268,$363,365,$0.47,$0.47,$559,$0,$4067,$4872,$347,$397,$606,$29,$1415,$6287,$4344,$0,$97,$157,$4501,$4,$944,$26,$1786,$6287,$171,$45,$18,$63,$-12,$0,$0,$1,$29,$263,$-25,$0,$-28,$-200,$613,$413,$-2,$359,$0,$-137,$-137,$-37,$-37,$-138,$0,$-312,$310,$8,$-138
17,2014-05-31,35.74,$4.90,7.3,$6.88,5.2,$5.56,6.43,$1.71,20.9,$5.00B,$4.44B,1.13,$0.00B,$1.78B,0.0,$2.52B,$1.79B,70.93%,$2.52B,$0.98B,39.04%,$2.52B,$0.98B,39.04%,$2.52B,$1.16B,45.99%,$2.52B,$0.99B,39.24%,$2.52B,$0.63B,24.94%,$0.63B,$1.78B,35.52%,$0.63B,$1.20B,52.85%,$0.63B,$6.37B,9.86%,$0.98B,$1.78B,55.59%,$639,$198,$441,$0,$213,$411,$228,$1,$230,$84,$146,$146,$146,$275,$228,$365,366,$0.40,$0.40,$551,$0,$4199,$5003,$342,$386,$581,$22,$1368,$6370,$4439,$0,$99,$154,$4593,$4,$958,$22,$1777,$6370,$628,$175,$23,$199,$-22,$0,$0,$32,$55,$881,$-84,$0,$-9,$-442,$230,$-211,$-11,$-316,$0,$127,$127,$-136,$-136,$-511,$0,$-520,$45,$26,$-511
18,2014-02-28,36.0,$4.92,7.32,$6.74,5.34,$4.96,7.26,$1.65,21.82,$5.72B,$5.14B,1.11,$0.00B,$1.79B,0.0,$2.46B,$1.76B,71.31%,$2.46B,$0.97B,39.25%,$2.46B,$0.97B,39.25%,$2.46B,$1.14B,46.06%,$2.46B,$0.97B,39.41%,$2.46B,$0.61B,24.59%,$0.61B,$1.79B,34.29%,$0.61B,$1.21B,51.01%,$0.61B,$7.07B,9.59%,$0.97B,$1.79B,54.71%,$650,$191,$459,$0,$209,$400,$251,$2,$252,$92,$160,$160,$160,$295,$251,$364,366,$0.44,$0.44,$586,$0,$4917,$5719,$345,$378,$581,$10,$1350,$7069,$5139,$0,$81,$142,$5281,$4,$984,$25,$1788,$7069,$482,$129,$16,$145,$5,$0,$0,$44,$79,$706,$-63,$0,$-9,$-1370,$555,$-815,$-7,$-894,$0,$841,$841,$-105,$-105,$-383,$0,$352,$164,$22,$-383
19,2013-11-30,37.39,$4.83,7.74,$6.59,5.68,$4.66,8.02,$1.61,23.22,$4.66B,$4.12B,1.13,$0.00B,$1.76B,0.0,$2.41B,$1.72B,71.46%,$2.41B,$0.94B,39.09%,$2.41B,$0.94B,39.09%,$2.41B,$1.10B,45.87%,$2.41B,$0.95B,39.26%,$2.41B,$0.59B,24.55%,$0.59B,$1.76B,34.32%,$0.59B,$1.18B,51.77%,$0.59B,$6.02B,9.19%,$0.94B,$1.76B,54.65%,$616,$174,$443,$0,$194,$368,$249,$1,$250,$91,$159,$159,$159,$292,$249,$365,366,$0.43,$0.43,$463,$0,$3912,$4664,$351,$376,$584,$9,$1356,$6019,$4119,$0,$78,$140,$4259,$4,$993,$14,$1760,$6019,$322,$85,$32,$117,$-49,$0,$0,$18,$-38,$400,$-47,$0,$-9,$-557,$814,$256,$-6,$194,$0,$-150,$-150,$-83,$-83,$-256,$0,$-489,$106,$15,$-256
20,2013-08-31,32.8,$4.79,6.85,$6.47,5.07,$4.44,7.38,$1.59,20.63,$4.70B,$4.15B,1.13,$0.00B,$1.75B,0.0,$2.36B,$1.68B,71.31%,$2.36B,$0.92B,39.07%,$2.36B,$0.92B,39.07%,$2.36B,$1.08B,45.76%,$2.36B,$0.93B,39.28%,$2.36B,$0.58B,24.58%,$0.58B,$1.75B,33.99%,$0.58B,$1.17B,51.29%,$0.58B,$6.03B,9.12%,$0.92B,$1.75B,54.03%,$613,$170,$443,$0,$188,$358,$255,$1,$256,$94,$163,$163,$163,$296,$255,$365,367,$0.45,$0.44,$559,$0,$3912,$4698,$351,$366,$576,$5,$1333,$6031,$4150,$0,$74,$132,$4283,$4,$1034,$-5,$1748,$6031,$163,$41,$18,$60,$-18,$0,$0,$47,$44,$267,$-25,$0,$0,$-267,$324,$57,$-1,$31,$0,$-127,$-127,$-39,$-39,$-128,$0,$-293,$4,$8,$-128
21,2013-05-31,31.29,$4.85,6.45,$6.38,4.9,$4.32,7.24,$1.57,19.93,$4.83B,$4.27B,1.13,$0.00B,$1.77B,0.0,$2.33B,$1.66B,71.18%,$2.33B,$0.91B,38.92%,$2.33B,$0.91B,38.92%,$2.33B,$1.06B,45.55%,$2.33B,$0.91B,39.18%,$2.33B,$0.57B,24.52%,$0.57B,$1.77B,33.86%,$0.57B,$1.20B,51.37%,$0.57B,$6.16B,9.08%,$0.91B,$1.77B,53.77%,$585,$173,$412,$0,$201,$374,$212,$1,$213,$90,$124,$124,$124,$252,$212,$364,365,$0.33,$0.33,$506,$0,$4073,$4833,$346,$369,$579,$3,$1331,$6164,$4268,$0,$69,$122,$4390,$4,$1089,$22,$1774,$6164,$569,$154,$29,$183,$7,$0,$0,$-67,$-77,$675,$-99,$0,$-21,$1019,$-713,$307,$-5,$182,$0,$-455,$-455,$73,$73,$-477,$0,$-859,$-2,$23,$-477
22,2013-02-28,27.82,$4.41,6.3,$6.30,4.42,$4.44,6.26,$1.57,17.72,$6.32B,$5.76B,1.1,$0.00B,$1.61B,0.0,$2.29B,$1.63B,70.90%,$2.29B,$0.89B,38.79%,$2.29B,$0.89B,38.79%,$2.29B,$1.04B,45.33%,$2.29B,$0.90B,39.09%,$2.29B,$0.57B,24.83%,$0.57B,$1.61B,34.67%,$0.57B,$1.02B,53.25%,$0.57B,$7.51B,8.95%,$0.89B,$1.61B,54.17%,$593,$171,$422,$0,$197,$368,$225,$1,$226,$82,$145,$145,$145,$264,$225,$364,365,$0.40,$0.40,$571,$0,$5556,$6320,$342,$227,$584,$3,$1188,$7508,$5757,$0,$98,$145,$5902,$4,$965,$33,$1606,$7508,$446,$115,$12,$127,$23,$0,$0,$14,$34,$606,$-74,$0,$-21,$788,$-1863,$-1075,$-5,$-1176,$0,$1016,$1016,$22,$22,$-477,$0,$561,$-8,$17,$-477
23,2012-11-30,26.81,$4.67,5.74,$6.24,4.3,$4.36,6.15,$1.54,17.41,$4.27B,$3.89B,1.1,$0.00B,$1.70B,0.0,$2.27B,$1.60B,70.43%,$2.27B,$0.87B,38.52%,$2.27B,$0.87B,38.52%,$2.27B,$1.02B,45.00%,$2.27B,$0.88B,38.87%,$2.27B,$0.56B,24.64%,$0.56B,$1.70B,34.12%,$0.56B,$1.13B,52.39%,$0.56B,$5.72B,9.31%,$0.87B,$1.70B,53.35%,$569,$164,$406,$0,$176,$339,$230,$2,$232,$84,$148,$148,$148,$268,$230,$364,364,$0.41,$0.41,$301,$0,$3716,$4269,$352,$504,$564,$4,$1455,$5724,$3889,$0,$91,$137,$4026,$4,$1061,$40,$1698,$5724,$301,$75,$29,$105,$-28,$0,$0,$-10,$-80,$326,$-55,$0,$-12,$777,$28,$805,$-1,$738,$0,$-830,$-830,$16,$16,$-236,$0,$-1050,$14,$12,$-236
24,2012-08-31,27.13,$4.55,5.96,$6.18,4.39,$4.31,6.29,$1.52,17.85,$4.30B,$3.92B,1.1,$0.00B,$1.66B,0.0,$2.25B,$1.58B,70.12%,$2.25B,$0.86B,38.38%,$2.25B,$0.86B,38.38%,$2.25B,$1.01B,44.79%,$2.25B,$0.87B,38.69%,$2.25B,$0.55B,24.53%,$0.55B,$1.66B,34.36%,$0.55B,$1.09B,53.59%,$0.55B,$5.71B,9.49%,$0.86B,$1.66B,53.76%,$578,$164,$415,$0,$177,$340,$238,$2,$240,$87,$153,$153,$153,$275,$238,$363,364,$0.42,$0.42,$391,$0,$3696,$4300,$327,$480,$569,$4,$1411,$5711,$3920,$0,$91,$136,$4056,$4,$1033,$37,$1655,$5711,$153,$37,$17,$54,$-4,$0,$0,$5,$11,$218,$-22,$0,$0,$1157,$-363,$794,$-0,$772,$0,$-848,$-848,$15,$15,$-116,$0,$-949,$40,$6,$-116
25,2012-05-31,24.21,$4.43,5.47,$6.14,3.94,$4.23,5.72,$1.51,16.03,$5.08B,$4.75B,1.07,$0.00B,$1.61B,0.0,$2.23B,$1.56B,69.88%,$2.23B,$0.85B,38.28%,$2.23B,$0.85B,38.28%,$2.23B,$1.00B,44.60%,$2.23B,$0.86B,38.55%,$2.23B,$0.55B,24.52%,$0.55B,$1.61B,34.74%,$0.55B,$1.03B,54.97%,$0.55B,$6.48B,9.72%,$0.85B,$1.61B,54.24%,$552,$169,$382,$0,$187,$356,$196,$2,$198,$74,$123,$123,$123,$232,$196,$362,363,$0.34,$0.34,$316,$0,$4544,$5076,$324,$474,$573,$3,$1404,$6480,$4746,$0,$89,$129,$4875,$4,$1002,$38,$1605,$6480,$548,$140,$35,$175,$16,$0,$0,$-6,$-17,$707,$-90,$0,$-6,$-784,$-363,$-1147,$-1,$-1244,$0,$981,$981,$0,$0,$-461,$8,$528,$-10,$23,$-461
26,2012-02-29,25.02,$4.40,5.68,$6.07,4.12,$4.23,5.91,$1.50,16.68,$4.87B,$4.37B,1.11,$0.00B,$1.60B,0.0,$2.20B,$1.53B,69.66%,$2.20B,$0.84B,38.19%,$2.20B,$0.84B,38.19%,$2.20B,$0.98B,44.50%,$2.20B,$0.85B,38.42%,$2.20B,$0.54B,24.66%,$0.54B,$1.60B,35.09%,$0.54B,$1.02B,56.36%,$0.54B,$6.10B,10.14%,$0.84B,$1.60B,54.35%,$570,$174,$395,$0,$185,$359,$210,$2,$212,$77,$135,$135,$135,$246,$210,$363,363,$0.37,$0.37,$503,$0,$4167,$4872,$317,$295,$579,$3,$1223,$6095,$4372,$0,$87,$127,$4500,$4,$995,$43,$1595,$6095,$425,$104,$23,$127,$33,$0,$0,$-4,$11,$563,$-63,$0,$-6,$182,$-904,$-722,$-1,$-791,$0,$596,$596,$5,$5,$-344,$0,$256,$28,$18,$-344
27,2011-11-30,23.03,$4.30,5.36,$5.96,3.86,$4.16,5.54,$1.49,15.46,$3.74B,$3.25B,1.15,$0.00B,$1.56B,0.0,$2.16B,$1.50B,69.53%,$2.16B,$0.83B,38.37%,$2.16B,$0.83B,38.37%,$2.16B,$0.97B,44.66%,$2.16B,$0.83B,38.56%,$2.16B,$0.54B,24.92%,$0.54B,$1.56B,35.57%,$0.54B,$0.98B,57.91%,$0.54B,$4.93B,10.13%,$0.83B,$1.56B,54.77%,$546,$163,$383,$0,$165,$328,$218,$2,$219,$79,$140,$140,$140,$253,$218,$362,363,$0.39,$0.39,$411,$0,$3033,$3740,$316,$265,$579,$4,$1192,$4932,$3248,$0,$88,$125,$3373,$4,$976,$34,$1559,$4932,$289,$69,$35,$104,$-59,$0,$0,$-14,$-96,$297,$-44,$0,$-1,$520,$-40,$480,$0,$435,$0,$-528,$-528,$2,$2,$-228,$0,$-755,$-23,$12,$-228
28,2011-08-31,21.12,$4.25,4.97,$5.87,3.6,$4.22,5.0,$1.47,14.37,$3.83B,$3.34B,1.15,$0.00B,$1.54B,0.0,$2.13B,$1.47B,69.23%,$2.13B,$0.82B,38.33%,$2.13B,$0.82B,38.33%,$2.13B,$0.95B,44.48%,$2.13B,$0.82B,38.52%,$2.13B,$0.53B,25.04%,$0.53B,$1.54B,35.81%,$0.53B,$0.95B,57.34%,$0.53B,$4.99B,9.98%,$0.82B,$1.54B,54.83%,$563,$164,$399,$0,$169,$333,$230,$2,$231,$82,$149,$149,$149,$264,$230,$362,363,$0.41,$0.41,$485,$0,$3095,$3833,$311,$233,$585,$4,$1158,$4992,$3337,$0,$83,$115,$3452,$4,$952,$44,$1539,$4992,$149,$35,$18,$52,$-30,$0,$0,$-5,$-14,$187,$-20,$0,$0,$-23,$442,$419,$-1,$398,$0,$-480,$-480,$1,$1,$-112,$0,$-591,$-6,$7,$-112
29,2011-05-31,25.01,$4.13,6.05,$5.75,4.35,$4.25,5.88,$1.42,17.61,$4.26B,$3.79B,1.12,$0.00B,$1.50B,0.0,$2.08B,$1.43B,68.76%,$2.08B,$0.79B,37.76%,$2.08B,$0.79B,37.76%,$2.08B,$0.91B,43.86%,$2.08B,$0.79B,37.96%,$2.08B,$0.52B,24.76%,$0.52B,$1.50B,35.28%,$0.52B,$0.91B,55.47%,$0.52B,$5.39B,9.64%,$0.79B,$1.50B,53.80%,$523,$166,$357,$0,$174,$340,$183,$1,$184,$65,$119,$119,$119,$217,$183,$362,362,$0.33,$0.33,$464,$0,$3567,$4258,$309,$207,$591,$4,$1136,$5394,$3788,$0,$86,$109,$3898,$4,$920,$38,$1496,$5394,$515,$128,$39,$167,$23,$0,$0,$8,$34,$715,$-101,$0,$-126,$450,$-630,$-180,$-3,$-410,$0,$-35,$-35,$13,$13,$-449,$0,$-471,$-165,$25,$-449
30,2011-02-28,25.8,$4.06,6.36,$5.68,4.54,$4.08,6.33,$1.41,18.29,$4.87B,$4.39B,1.11,$0.00B,$1.47B,0.0,$2.06B,$1.41B,68.50%,$2.06B,$0.78B,37.82%,$2.06B,$0.78B,37.82%,$2.06B,$0.90B,43.80%,$2.06B,$0.78B,38.02%,$2.06B,$0.51B,24.94%,$0.51B,$1.47B,35.64%,$0.51B,$0.89B,54.94%,$0.51B,$5.96B,9.66%,$0.78B,$1.47B,54.06%,$531,$167,$365,$0,$166,$332,$199,$2,$200,$70,$131,$131,$131,$232,$199,$362,363,$0.36,$0.36,$470,$0,$4191,$4865,$304,$183,$583,$4,$1098,$5963,$4391,$0,$84,$104,$4495,$4,$913,$29,$1468,$5963,$396,$93,$27,$120,$50,$0,$0,$8,$37,$553,$-79,$0,$-115,$-195,$-477,$-672,$-3,$-869,$0,$600,$600,$5,$5,$-336,$0,$268,$-48,$19,$-336
31,2010-11-30,21.68,$4.01,5.41,$5.62,3.86,$4.05,5.36,$1.36,15.94,$4.01B,$3.49B,1.15,$0.00B,$1.45B,0.0,$2.03B,$1.39B,68.19%,$2.03B,$0.75B,36.73%,$2.03B,$0.75B,36.73%,$2.03B,$0.87B,42.67%,$2.03B,$0.75B,36.92%,$2.03B,$0.49B,24.29%,$0.49B,$1.45B,34.75%,$0.49B,$0.97B,52.60%,$0.49B,$5.02B,9.38%,$0.75B,$1.45B,52.55%,$512,$159,$353,$0,$149,$308,$204,$2,$205,$72,$134,$134,$134,$234,$204,$362,362,$0.37,$0.37,$464,$0,$3260,$4014,$280,$226,$476,$4,$1009,$5023,$3486,$0,$78,$88,$3573,$4,$895,$39,$1450,$5023,$266,$61,$24,$84,$-39,$0,$0,$-2,$-31,$319,$-44,$0,$0,$657,$-484,$174,$-1,$129,$0,$-275,$-275,$0,$0,$-224,$0,$-499,$-51,$14,$-224
32,2010-08-31,18.7,$3.97,4.71,$5.58,3.35,$3.99,4.68,$1.34,13.95,$4.00B,$3.52B,1.14,$0.00B,$1.44B,0.0,$2.02B,$1.37B,67.76%,$2.02B,$0.74B,36.45%,$2.02B,$0.74B,36.45%,$2.02B,$0.86B,42.50%,$2.02B,$0.74B,36.65%,$2.02B,$0.49B,24.07%,$0.49B,$1.44B,34.54%,$0.49B,$0.96B,52.80%,$0.49B,$5.04B,9.39%,$0.74B,$1.44B,52.31%,$518,$160,$358,$0,$157,$318,$201,$1,$202,$70,$132,$132,$132,$231,$201,$362,362,$0.36,$0.36,$450,$0,$3290,$4000,$268,$266,$480,$4,$1039,$5039,$3520,$0,$74,$82,$3602,$4,$873,$54,$1437,$5039,$132,$30,$11,$41,$-16,$0,$0,$4,$21,$194,$-17,$0,$0,$598,$-409,$190,$-1,$173,$0,$-266,$-266,$0,$0,$-112,$0,$-378,$-11,$7,$-112
33,2010-05-31,21.19,$3.88,5.46,$5.53,3.83,$3.99,5.31,$1.32,16.05,$4.16B,$3.74B,1.11,$0.00B,$1.40B,0.0,$2.00B,$1.35B,67.32%,$2.00B,$0.73B,36.23%,$2.00B,$0.73B,36.23%,$2.00B,$0.85B,42.33%,$2.00B,$0.73B,36.43%,$2.00B,$0.48B,23.89%,$0.48B,$1.40B,34.41%,$0.48B,$0.92B,53.39%,$0.48B,$5.23B,9.38%,$0.73B,$1.40B,52.20%,$496,$163,$333,$0,$159,$323,$174,$1,$175,$59,$116,$116,$116,$204,$174,$361,362,$0.32,$0.32,$367,$0,$3541,$4159,$269,$290,$483,$4,$1067,$5226,$3742,$0,$74,$82,$3824,$4,$856,$42,$1402,$5226,$477,$122,$40,$161,$-11,$0,$0,$-1,$-27,$611,$-61,$0,$13,$62,$-403,$-341,$-12,$-401,$0,$42,$42,$8,$8,$-449,$0,$-398,$-189,$26,$-449
34,2010-02-28,22.01,$3.87,5.69,$5.53,3.98,$4.20,5.24,$1.32,16.67,$4.72B,$4.31B,1.09,$0.00B,$1.40B,0.0,$2.00B,$1.34B,67.12%,$2.00B,$0.73B,36.23%,$2.00B,$0.73B,36.23%,$2.00B,$0.85B,42.28%,$2.00B,$0.73B,36.43%,$2.00B,$0.48B,23.79%,$0.48B,$1.40B,34.65%,$0.48B,$0.91B,54.49%,$0.48B,$5.79B,9.39%,$0.73B,$1.40B,52.78%,$508,$165,$343,$0,$175,$340,$168,$1,$169,$57,$112,$112,$112,$199,$168,$361,362,$0.31,$0.31,$395,$0,$4092,$4717,$264,$294,$490,$4,$1072,$5788,$4312,$0,$73,$78,$4391,$4,$853,$49,$1397,$5788,$362,$91,$13,$103,$23,$0,$0,$4,$38,$503,$-41,$0,$13,$-60,$-851,$-911,$-11,$-951,$0,$584,$584,$7,$7,$-336,$0,$254,$-194,$19,$-336
35,2009-11-30,22.8,$3.85,5.92,$5.60,4.07,$4.34,5.25,$1.37,16.64,$3.56B,$3.19B,1.12,$0.00B,$1.39B,0.0,$2.02B,$1.35B,66.96%,$2.02B,$0.75B,37.29%,$2.02B,$0.75B,37.29%,$2.02B,$0.87B,43.08%,$2.02B,$0.76B,37.49%,$2.02B,$0.50B,24.48%,$0.50B,$1.39B,36.47%,$0.50B,$0.90B,58.25%,$0.50B,$4.66B,9.77%,$0.75B,$1.39B,55.55%,$497,$163,$334,$0,$141,$304,$193,$1,$194,$68,$126,$126,$126,$224,$193,$361,362,$0.35,$0.35,$287,$0,$2996,$3562,$262,$317,$493,$4,$1095,$4657,$3187,$0,$70,$78,$3265,$4,$853,$50,$1392,$4657,$250,$60,$19,$79,$-46,$0,$0,$-2,$-49,$279,$-23,$0,$13,$698,$-473,$225,$-9,$206,$0,$-515,$-515,$7,$7,$-224,$0,$-732,$-248,$13,$-224
36,2009-08-31,20.35,$3.78,5.39,$5.67,3.59,$4.43,4.59,$1.41,14.43,$3.60B,$3.26B,1.11,$0.00B,$1.37B,0.0,$2.05B,$1.37B,67.01%,$2.05B,$0.77B,37.73%,$2.05B,$0.77B,37.73%,$2.05B,$0.89B,43.19%,$2.05B,$0.78B,37.97%,$2.05B,$0.51B,24.84%,$0.51B,$1.37B,38.26%,$0.51B,$0.86B,62.19%,$0.51B,$4.71B,9.83%,$0.77B,$1.37B,58.10%,$500,$163,$337,$0,$147,$310,$190,$1,$191,$67,$124,$124,$124,$220,$190,$361,361,$0.34,$0.34,$329,$0,$3018,$3604,$268,$305,$509,$4,$1104,$4708,$3260,$0,$70,$83,$3343,$4,$839,$43,$1365,$4708,$124,$30,$12,$41,$-20,$0,$0,$0,$22,$187,$-10,$0,$0,$423,$-161,$262,$-4,$248,$0,$-485,$-485,$6,$6,$-112,$0,$-592,$-158,$7,$-112
37,2009-05-31,19.44,$3.72,5.23,$5.77,3.37,$4.49,4.33,$1.48,13.14,$4.24B,$3.70B,1.15,$0.00B,$1.34B,0.0,$2.08B,$1.40B,67.31%,$2.08B,$0.81B,38.65%,$2.08B,$0.81B,38.65%,$2.08B,$0.91B,43.88%,$2.08B,$0.81B,38.98%,$2.08B,$0.53B,25.64%,$0.53B,$1.34B,41.02%,$0.53B,$0.83B,67.51%,$0.53B,$5.13B,10.05%,$0.81B,$1.34B,61.84%,$496,$167,$329,$0,$155,$322,$174,$1,$175,$61,$114,$114,$114,$203,$174,$361,361,$0.32,$0.32,$492,$0,$3501,$4240,$275,$82,$510,$4,$888,$5127,$3702,$0,$71,$84,$3786,$4,$830,$42,$1341,$5127,$534,$109,$26,$134,$11,$0,$0,$20,$21,$689,$-64,$0,$-6,$-1101,$1593,$491,$-16,$405,$0,$-346,$-346,$9,$9,$-448,$0,$-785,$309,$26,$-448
38,2009-02-28,15.51,$3.69,4.2,$5.80,2.67,$4.50,3.44,$1.54,10.07,$4.87B,$4.37B,1.12,$0.00B,$1.33B,0.0,$2.11B,$1.42B,67.62%,$2.11B,$0.83B,39.36%,$2.11B,$0.83B,39.36%,$2.11B,$0.94B,44.49%,$2.11B,$0.84B,39.79%,$2.11B,$0.56B,26.35%,$0.56B,$1.33B,43.85%,$0.56B,$0.81B,73.49%,$0.56B,$5.78B,10.36%,$0.83B,$1.33B,65.49%,$529,$175,$354,$0,$157,$331,$197,$1,$198,$68,$131,$131,$131,$224,$197,$361,361,$0.36,$0.36,$490,$0,$4153,$4873,$281,$82,$519,$4,$903,$5775,$4366,$0,$68,$79,$4444,$4,$828,$43,$1331,$5775,$420,$80,$13,$93,$30,$0,$0,$18,$51,$563,$-53,$0,$-6,$-1480,$1283,$-197,$-18,$-275,$0,$306,$306,$0,$0,$-336,$6,$-24,$264,$19,$-336
39,2008-11-30,19.63,$3.56,5.51,$5.81,3.38,$4.55,4.32,$1.57,12.5,$4.22B,$3.75B,1.13,$0.00B,$1.29B,0.0,$2.11B,$1.43B,67.85%,$2.11B,$0.84B,39.92%,$2.11B,$0.84B,39.92%,$2.11B,$0.95B,45.00%,$2.11B,$0.85B,40.49%,$2.11B,$0.57B,26.84%,$0.57B,$1.29B,46.36%,$0.57B,$0.77B,79.44%,$0.57B,$5.11B,10.52%,$0.84B,$1.29B,68.96%,$524,$171,$353,$0,$142,$312,$212,$2,$214,$74,$140,$140,$140,$238,$212,$361,361,$0.39,$0.39,$402,$0,$3536,$4220,$283,$77,$511,$5,$892,$5112,$3752,$0,$66,$76,$3827,$4,$809,$21,$1285,$5112,$289,$54,$27,$81,$-31,$0,$0,$8,$-42,$328,$-39,$0,$0,$-821,$1209,$388,$-13,$335,$0,$-279,$-279,$0,$0,$-224,$6,$-497,$166,$14,$-224
40,2008-08-31,23.4,$3.46,6.75,$5.72,4.09,$4.60,5.08,$1.58,14.81,$4.38B,$3.90B,1.12,$0.00B,$1.25B,0.0,$2.09B,$1.42B,67.99%,$2.09B,$0.84B,40.09%,$2.09B,$0.84B,40.09%,$2.09B,$0.94B,45.10%,$2.09B,$0.86B,40.95%,$2.09B,$0.57B,27.38%,$0.57B,$1.25B,47.33%,$0.57B,$0.75B,81.36%,$0.57B,$5.23B,10.69%,$0.84B,$1.25B,69.30%,$534,$168,$366,$0,$144,$313,$222,$3,$225,$76,$149,$149,$149,$249,$222,$361,361,$0.41,$0.41,$464,$0,$3657,$4375,$276,$55,$504,$5,$854,$5230,$3904,$0,$65,$76,$3979,$4,$781,$22,$1250,$5230,$149,$27,$14,$41,$-8,$0,$0,$10,$25,$215,$-16,$0,$0,$600,$-632,$-32,$-1,$-50,$0,$-161,$-161,$5,$5,$-112,$0,$-267,$-103,$7,$-112
41,2008-05-31,23.5,$3.32,7.08,$5.57,4.22,$4.67,5.04,$1.57,14.97,$4.47B,$4.04B,1.11,$0.00B,$1.20B,0.0,$2.07B,$1.41B,68.01%,$2.07B,$0.83B,40.08%,$2.07B,$0.83B,40.08%,$2.07B,$0.93B,44.97%,$2.07B,$0.86B,41.38%,$2.07B,$0.58B,27.83%,$0.58B,$1.20B,43.92%,$0.58B,$0.69B,71.65%,$0.58B,$5.31B,10.57%,$0.83B,$1.20B,63.24%,$519,$168,$351,$0,$153,$321,$198,$3,$201,$66,$135,$135,$135,$226,$198,$368,370,$0.37,$0.37,$393,$0,$3808,$4466,$275,$42,$508,$5,$844,$5310,$4037,$0,$66,$76,$4113,$4,$745,$16,$1197,$5310,$576,$100,$26,$125,$18,$0,$0,$2,$23,$725,$-82,$0,$-33,$-582,$1649,$1067,$-20,$933,$0,$-199,$-199,$-932,$-932,$-442,$0,$-1573,$85,$25,$-442
42,2008-02-29,21.22,$3.20,6.64,$5.44,3.9,$4.37,4.86,$1.55,13.69,$5.05B,$4.65B,1.09,$0.00B,$1.15B,0.0,$2.03B,$1.38B,67.99%,$2.03B,$0.79B,38.84%,$2.03B,$0.79B,38.84%,$2.03B,$0.89B,43.61%,$2.03B,$0.83B,40.61%,$2.03B,$0.56B,27.58%,$0.56B,$1.15B,37.45%,$0.56B,$0.64B,56.13%,$0.56B,$5.87B,9.88%,$0.79B,$1.15B,52.74%,$532,$171,$361,$0,$151,$322,$210,$4,$214,$72,$142,$142,$142,$236,$210,$361,362,$0.39,$0.39,$408,$0,$4407,$5048,$274,$19,$511,$5,$824,$5872,$4648,$0,$65,$72,$4720,$4,$718,$9,$1152,$5872,$441,$72,$13,$85,$49,$0,$0,$12,$65,$590,$-64,$0,$-33,$-807,$1270,$464,$-18,$349,$0,$411,$411,$-936,$-936,$-334,$0,$-859,$80,$19,$-334
43,2007-11-30,26.07,$3.42,7.62,$5.23,4.98,$4.14,6.3,$1.49,17.5,$4.23B,$3.71B,1.14,$0.00B,$1.24B,0.0,$1.99B,$1.35B,67.89%,$1.99B,$0.75B,37.90%,$1.99B,$0.75B,37.90%,$1.99B,$0.85B,42.73%,$1.99B,$0.80B,40.01%,$1.99B,$0.55B,27.48%,$0.55B,$1.24B,32.39%,$0.55B,$0.74B,45.65%,$0.55B,$5.03B,9.66%,$0.75B,$1.24B,44.67%,$508,$162,$345,$0,$136,$298,$209,$8,$217,$70,$147,$147,$147,$233,$209,$370,371,$0.40,$0.40,$467,$0,$3472,$4230,$265,$9,$503,$6,$797,$5026,$3712,$0,$63,$70,$3782,$4,$815,$9,$1244,$5026,$298,$47,$28,$75,$-13,$0,$0,$-3,$-15,$358,$-39,$0,$-33,$44,$1202,$1245,$-5,$1169,$0,$-524,$-524,$-812,$-812,$-226,$8,$-1554,$-26,$13,$-226
44,2007-08-31,29.48,$4.39,6.72,$5.06,5.83,$3.91,7.55,$1.44,20.47,$4.26B,$3.85B,1.11,$0.00B,$1.64B,0.0,$1.93B,$1.31B,67.63%,$1.93B,$0.73B,37.54%,$1.93B,$0.73B,37.54%,$1.93B,$0.82B,42.50%,$1.93B,$0.77B,39.81%,$1.93B,$0.53B,27.51%,$0.53B,$1.64B,29.04%,$0.53B,$1.14B,39.44%,$0.53B,$5.56B,9.08%,$0.73B,$1.64B,39.63%,$507,$159,$348,$0,$137,$297,$211,$12,$223,$72,$151,$151,$151,$234,$211,$381,382,$0.40,$0.40,$449,$0,$3525,$4260,$261,$510,$505,$7,$1298,$5558,$3845,$0,$61,$68,$3914,$4,$1236,$-4,$1644,$5558,$151,$23,$13,$36,$-7,$0,$0,$7,$67,$253,$-20,$0,$-33,$-331,$1080,$749,$-2,$695,$0,$-454,$-454,$-352,$-352,$-115,$4,$-917,$31,$6,$-115
45,2007-05-31,26.62,$5.11,5.21,$4.93,5.4,$3.78,7.05,$1.39,19.15,$4.86B,$4.24B,1.15,$0.00B,$1.95B,0.0,$1.89B,$1.27B,67.39%,$1.89B,$0.70B,37.17%,$1.89B,$0.70B,37.17%,$1.89B,$0.80B,42.31%,$1.89B,$0.74B,39.40%,$1.89B,$0.52B,27.36%,$0.52B,$1.95B,27.78%,$0.52B,$1.48B,37.28%,$0.52B,$6.25B,8.69%,$0.70B,$1.95B,37.74%,$487,$158,$329,$0,$169,$327,$160,$12,$172,$51,$121,$121,$121,$184,$160,$381,383,$0.31,$0.32,$591,$0,$3973,$4861,$256,$633,$475,$6,$1385,$6247,$4237,$0,$47,$57,$4294,$4,$1595,$-10,$1952,$6247,$515,$97,$48,$145,$-14,$0,$0,$1,$-29,$631,$-79,$0,$-3,$424,$-1137,$-713,$-22,$-817,$0,$376,$376,$0,$0,$-301,$53,$128,$-58,$26,$-301
46,2007-02-28,26.62,$4.98,5.34,$4.81,5.53,$3.62,7.36,$1.35,19.72,$4.44B,$3.81B,1.17,$0.00B,$1.90B,0.0,$1.84B,$1.24B,67.21%,$1.84B,$0.71B,38.55%,$1.84B,$0.71B,38.55%,$1.84B,$0.81B,43.83%,$1.84B,$0.75B,40.62%,$1.84B,$0.52B,28.17%,$0.52B,$1.90B,29.05%,$0.52B,$1.43B,39.48%,$0.52B,$5.77B,8.99%,$0.71B,$1.90B,39.76%,$485,$159,$327,$0,$154,$312,$173,$10,$183,$57,$127,$127,$127,$198,$173,$381,383,$0.33,$0.33,$648,$0,$3547,$4444,$253,$579,$476,$6,$1328,$5772,$3811,$0,$46,$57,$3869,$4,$1554,$-4,$1903,$5772,$394,$72,$20,$93,$24,$0,$0,$7,$45,$532,$-61,$0,$-3,$270,$-601,$-330,$-18,$-413,$0,$0,$0,$38,$38,$-221,$7,$-176,$-57,$19,$-221
47,2006-11-30,25.69,$4.80,5.36,$4.68,5.49,$3.44,7.47,$1.32,19.46,$4.59B,$3.99B,1.15,$0.00B,$1.83B,0.0,$1.79B,$1.19B,66.89%,$1.79B,$0.70B,39.05%,$1.79B,$0.70B,39.05%,$1.79B,$0.79B,44.43%,$1.79B,$0.73B,40.95%,$1.79B,$0.51B,28.35%,$0.51B,$1.83B,29.72%,$0.51B,$1.35B,41.04%,$0.51B,$5.87B,8.80%,$0.70B,$1.83B,40.94%,$455,$151,$304,$0,$122,$273,$182,$10,$192,$60,$133,$133,$133,$206,$182,$381,382,$0.35,$0.35,$519,$0,$3770,$4586,$247,$544,$475,$7,$1285,$5871,$3985,$0,$45,$58,$4044,$4,$1508,$-2,$1828,$5871,$268,$47,$18,$66,$-31,$0,$0,$-4,$-55,$279,$-40,$0,$0,$-20,$-92,$-112,$-16,$-167,$0,$0,$0,$18,$18,$-141,$3,$-120,$-8,$12,$-141
