,Date,Stock Price,Book Value per Share,Price to Book Ratio,TTM Sales per Share,Price to Sales Ratio,TTM FCF per Share,Price to FCF Ratio,TTM Net EPS,PE Ratio,Current Assets,Current Liabilities,Current Ratio,Long Term Debt,Shareholder's Equity_x,Debt to Equity Ratio,TTM Revenue_x,TTM Gross Profit,Gross Margin,TTM Revenue_y,TTM Operating Income,Operating Margin,TTM Revenue_x,TTM EBIT,EBIT Margin,TTM Revenue_y,TTM EBITDA,EBITDA Margin,TTM Revenue_x,TTM Pre-Tax Income,Pre-Tax Margin,TTM Revenue_y,TTM Net Income_x,Net Margin,TTM Net Income_y,Shareholder's Equity_y,Return on Equity,TTM Net Income_x,Tangible Equity,Return on Tangible Equity,TTM Net Income_y,Total Assets,Return on Assets,TTM Net Income,LT Investments & Debt,Return on Investment,revenue,cost-goods-sold,gross-profit,research-development-expenses,selling-general-administrative-expenses,operating-expenses,operating-income,total-non-operating-income-expense,pre-tax-income,total-provision-income-taxes,income-after-taxes,income-from-continuous-operations,net-income,ebitda,ebit,basic-shares-outstanding,shares-outstanding,eps-basic-net-earnings-per-share,eps-earnings-per-share-diluted,cash-on-hand,inventory,other-current-assets,total-current-assets,net-property-plant-equipment,long-term-investments,goodwill-intangible-assets-total,other-long-term-assets,total-long-term-assets,total-assets,total-current-liabilities,long-term-debt,other-non-current-liabilities,total-long-term-liabilities,total-liabilities,common-stock-net,retained-earnings-accumulated-deficit,comprehensive-income,total-share-holder-equity,total-liabilities-share-holders-equity,net-income-loss,total-depreciation-amortization-cash-flow,other-non-cash-items,total-non-cash-items,change-in-accounts-receivable,change-in-inventories,change-in-accounts-payable,change-in-assets-liabilities,total-change-in-assets-liabilities,cash-flow-from-operating-activities,net-change-in-property-plant-equipment,net-change-in-intangible-assets,net-acquisitions-divestitures,net-change-in-short-term-investments,net-change-in-long-term-investments,net-change-in-investments-total,investing-activities-other,cash-flow-from-investing-activities,net-long-term-debt,net-current-debt,debt-issuance-retirement-net-total,net-common-equity-issued-repurchased,net-total-equity-issued-repurchased,total-common-preferred-stock-dividends-paid,financial-activities-other,cash-flow-from-financial-activities,net-cash-flow,stock-based-compensation,common-stock-dividends-paid
0,2018-09-30,69.35,$57.21,1.21,$11.87,5.84,$12.16,5.7,$4.39,15.8,$10.56B,$18.54B,0.57,$0.00B,$4.00B,0.0,$0.83B,$0.74B,89.86%,$0.83B,$0.40B,48.43%,$0.83B,0,0.00%,$0.83B,0,0.00%,$0.83B,$0.40B,48.43%,$0.83B,$0.31B,36.96%,$0.31B,$4.00B,7.83%,$0.31B,$2.06B,15.53%,$0.31B,$22.61B,1.36%,$0.40B,$4.00B,10.26%,$215,$27,$188,$0,$79,$111,$104,$0,$104,$21,$83,$83,$83,$0,$0,$70,70,$1.18,$1.18,$294,$0,$0,$10558,$256,$9584,$1935,$279,$12054,$22613,$18536,$0,$81,$81,$18617,$70,$1883,$0,$3996,$22613,$238,$38,$12,$50,$3,$0,$-30,$-36,$-63,$226,$2,$0,$0,$0,$144,$144,$-276,$-130,$-4,$973,$969,$0,$0,$-75,$-1088,$-194,$-98,$8,$-75
1,2018-06-30,68.36,$56.35,1.21,$11.69,5.85,$13.91,4.91,$4.19,16.32,$10.39B,$18.53B,0.56,$0.00B,$3.94B,0.0,$0.81B,$0.74B,91.03%,$0.81B,$0.40B,48.89%,$0.81B,0,0.00%,$0.81B,0,0.00%,$0.81B,$0.40B,48.89%,$0.81B,$0.29B,35.75%,$0.29B,$3.94B,7.55%,$0.29B,$2.00B,15.19%,$0.29B,$22.57B,1.30%,$0.40B,$3.94B,10.33%,$213,$23,$190,$0,$83,$110,$103,$0,$103,$21,$82,$82,$82,$0,$0,$70,70,$1.17,$1.17,$275,$0,$0,$10394,$255,$9697,$1937,$288,$12177,$22571,$18530,$0,$105,$105,$18635,$70,$1825,$0,$3935,$22571,$156,$25,$11,$36,$-29,$0,$-5,$0,$-34,$158,$-4,$0,$0,$0,$36,$36,$-132,$-100,$-0,$719,$719,$0,$0,$-50,$-843,$-175,$-117,$5,$-50
2,2018-03-31,72.27,$55.52,1.3,$11.46,6.31,$14.74,4.9,$4.01,18.02,$10.22B,$18.50B,0.55,$0.00B,$3.88B,0.0,$0.80B,$0.73B,91.72%,$0.80B,$0.40B,49.69%,$0.80B,0,0.00%,$0.80B,0,0.00%,$0.80B,$0.40B,49.69%,$0.80B,$0.28B,34.88%,$0.28B,$3.88B,7.31%,$0.28B,$1.94B,14.92%,$0.28B,$22.47B,1.24%,$0.40B,$3.88B,10.41%,$199,$18,$181,$0,$84,$107,$92,$0,$92,$18,$74,$74,$74,$0,$0,$70,70,$1.07,$1.07,$244,$0,$0,$10223,$257,$9766,$1938,$288,$12249,$22472,$18496,$0,$101,$101,$18596,$70,$1769,$0,$3876,$22472,$74,$13,$9,$22,$-11,$0,$-9,$0,$-19,$78,$-2,$0,$0,$0,$-46,$-46,$6,$-42,$-0,$330,$330,$0,$0,$-25,$-489,$-183,$-148,$3,$-25
3,2017-12-31,69.4,$55.03,1.26,$11.43,6.07,$15.79,4.39,$3.93,17.66,$10.39B,$18.65B,0.56,$0.00B,$3.82B,0.0,$0.79B,$0.73B,92.32%,$0.79B,$0.41B,51.26%,$0.79B,0,0.00%,$0.79B,0,0.00%,$0.79B,$0.41B,51.26%,$0.79B,$0.27B,34.38%,$0.27B,$3.82B,7.27%,$0.27B,$1.88B,15.04%,$0.27B,$22.59B,1.22%,$0.41B,$3.82B,10.83%,$201,$16,$185,$0,$78,$99,$102,$0,$102,$35,$67,$67,$67,$0,$0,$69,69,$0.96,$0.96,$392,$0,$0,$10385,$257,$9722,$1940,$283,$12202,$22587,$18654,$0,$109,$109,$18763,$69,$1720,$-0,$3824,$22587,$272,$58,$11,$69,$18,$0,$32,$0,$49,$391,$-1,$0,$0,$0,$16,$16,$-387,$-373,$-1,$-481,$-482,$0,$0,$-96,$514,$-63,$-45,$7,$-96
4,2017-09-30,64.76,$54.42,1.19,$11.32,5.72,$15.11,4.29,$3.95,16.39,$10.18B,$18.21B,0.56,$0.00B,$3.78B,0.0,$0.79B,$0.73B,92.88%,$0.79B,$0.41B,51.72%,$0.79B,0,0.00%,$0.79B,0,0.00%,$0.79B,$0.41B,51.72%,$0.79B,$0.28B,34.94%,$0.28B,$3.78B,7.41%,$0.28B,$1.84B,15.55%,$0.28B,$22.14B,1.23%,$0.41B,$3.78B,10.96%,$201,$16,$185,$0,$80,$101,$101,$0,$101,$33,$68,$68,$68,$0,$0,$69,69,$0.98,$0.98,$303,$0,$0,$10180,$256,$9472,$1941,$293,$11963,$22143,$18206,$0,$156,$156,$18362,$69,$1677,$1,$3781,$22143,$205,$44,$-1,$43,$0,$0,$89,$9,$99,$346,$2,$0,$0,$0,$289,$289,$-285,$6,$-0,$-16,$-16,$0,$0,$-71,$-400,$-487,$-134,$5,$-71
5,2017-06-30,62.94,$53.77,1.17,$11.22,5.61,$15.21,4.14,$3.96,15.89,$10.16B,$18.46B,0.55,$0.00B,$3.74B,0.0,$0.78B,$0.73B,93.59%,$0.78B,$0.41B,52.31%,$0.78B,0,0.00%,$0.78B,0,0.00%,$0.78B,$0.41B,52.31%,$0.78B,$0.28B,35.38%,$0.28B,$3.74B,7.53%,$0.28B,$1.79B,16.05%,$0.28B,$22.30B,1.25%,$0.41B,$3.74B,11.13%,$196,$16,$180,$0,$74,$95,$101,$0,$101,$32,$69,$69,$69,$0,$0,$69,69,$0.99,$0.99,$323,$0,$0,$10156,$257,$9652,$1943,$290,$12141,$22297,$18455,$0,$105,$105,$18560,$69,$1633,$2,$3736,$22297,$137,$29,$-2,$27,$6,$0,$38,$0,$44,$208,$4,$0,$0,$0,$129,$129,$-242,$-109,$-0,$71,$71,$0,$0,$-47,$-237,$-213,$-115,$3,$-47
6,2017-03-31,67.95,$53.10,1.28,$11.24,6.04,$15.48,4.39,$3.95,17.2,$10.03B,$18.64B,0.54,$0.00B,$3.69B,0.0,$0.78B,$0.74B,94.25%,$0.78B,$0.41B,52.30%,$0.78B,0,0.00%,$0.78B,0,0.00%,$0.78B,$0.41B,52.30%,$0.78B,$0.28B,35.17%,$0.28B,$3.69B,7.60%,$0.28B,$1.74B,16.46%,$0.28B,$22.48B,1.25%,$0.41B,$3.69B,11.31%,$196,$13,$183,$0,$76,$93,$103,$0,$103,$34,$69,$69,$69,$0,$0,$69,69,$0.99,$0.99,$326,$0,$0,$10031,$258,$9928,$1945,$316,$12447,$22477,$18644,$0,$144,$144,$18788,$69,$1588,$1,$3689,$22477,$69,$15,$-2,$13,$-13,$0,$76,$0,$63,$144,$3,$0,$0,$0,$-138,$-138,$-122,$-256,$-0,$295,$295,$0,$0,$-24,$-272,$0,$-112,$2,$-24
7,2016-12-31,69.64,$52.41,1.33,$11.39,6.12,$15.65,4.45,$3.94,17.68,$10.03B,$18.62B,0.54,$0.00B,$3.64B,0.0,$0.79B,$0.75B,94.58%,$0.79B,$0.41B,51.51%,$0.79B,0,0.00%,$0.79B,0,0.00%,$0.79B,$0.41B,51.51%,$0.79B,$0.28B,34.63%,$0.28B,$3.64B,7.70%,$0.28B,$1.70B,16.96%,$0.28B,$22.33B,1.26%,$0.41B,$3.64B,11.45%,$194,$11,$183,$0,$76,$92,$102,$0,$102,$33,$69,$69,$69,$0,$0,$70,70,$0.99,$0.99,$437,$0,$0,$10027,$262,$9782,$1947,$313,$12304,$22331,$18621,$0,$68,$68,$18689,$69,$1543,$1,$3642,$22331,$274,$65,$12,$77,$10,$0,$-27,$0,$-17,$334,$9,$0,$-9,$0,$-23,$-23,$64,$41,$-8,$505,$497,$-50,$-50,$-86,$-863,$-502,$-127,$10,$-86
8,2016-09-30,53.0,$51.74,1.02,$11.36,4.67,$15.22,3.48,$3.96,13.38,$9.85B,$17.67B,0.56,$0.00B,$3.60B,0.0,$0.79B,$0.75B,94.83%,$0.79B,$0.41B,51.95%,$0.79B,0,0.00%,$0.79B,0,0.00%,$0.79B,$0.41B,51.95%,$0.79B,$0.28B,34.80%,$0.28B,$3.60B,7.83%,$0.28B,$1.65B,17.43%,$0.28B,$21.40B,1.27%,$0.41B,$3.60B,11.68%,$194,$10,$184,$0,$76,$92,$102,$0,$102,$34,$69,$69,$69,$0,$0,$69,69,$0.99,$0.99,$342,$0,$0,$9853,$270,$9023,$1948,$309,$11551,$21404,$17669,$0,$140,$140,$17809,$69,$1498,$2,$3595,$21404,$206,$49,$-4,$45,$55,$0,$47,$0,$102,$352,$3,$0,$-9,$0,$727,$727,$136,$857,$-8,$-62,$-70,$-50,$-50,$-63,$-1248,$-1431,$-222,$7,$-63
9,2016-06-30,48.95,$51.02,0.96,$11.38,4.3,$14.11,3.47,$3.98,12.3,$9.95B,$18.15B,0.55,$0.00B,$3.55B,0.0,$0.80B,$0.76B,94.97%,$0.80B,$0.42B,52.26%,$0.80B,0,0.00%,$0.80B,0,0.00%,$0.80B,$0.42B,52.26%,$0.80B,$0.28B,34.92%,$0.28B,$3.55B,7.99%,$0.28B,$1.60B,18.03%,$0.28B,$21.80B,1.27%,$0.42B,$3.55B,11.95%,$198,$11,$187,$0,$80,$96,$102,$0,$102,$34,$68,$68,$68,$0,$0,$70,70,$0.98,$0.98,$334,$0,$0,$9951,$273,$9314,$1948,$309,$11845,$21796,$18147,$0,$104,$104,$18252,$69,$1450,$2,$3545,$21796,$137,$32,$-0,$32,$48,$0,$10,$0,$58,$227,$4,$0,$-9,$0,$452,$452,$28,$474,$-8,$120,$112,$-51,$-51,$-42,$-951,$-931,$-230,$5,$-42
10,2016-03-31,44.27,$50.32,0.88,$11.36,3.9,$13.62,3.25,$4.03,10.99,$9.96B,$18.37B,0.54,$0.01B,$3.50B,0.0,$0.80B,$0.76B,95.23%,$0.80B,$0.42B,53.02%,$0.80B,0,0.00%,$0.80B,0,0.00%,$0.80B,$0.42B,53.02%,$0.80B,$0.28B,35.43%,$0.28B,$3.50B,8.22%,$0.28B,$1.55B,18.83%,$0.28B,$21.98B,1.29%,$0.42B,$3.51B,12.29%,$208,$11,$197,$0,$89,$105,$103,$0,$103,$34,$69,$69,$69,$0,$0,$70,70,$0.98,$0.98,$336,$0,$0,$9957,$278,$9483,$1951,$310,$12022,$21978,$18365,$7,$107,$114,$18479,$70,$1403,$2,$3499,$21978,$69,$16,$1,$17,$63,$0,$12,$0,$75,$161,$0,$0,$-9,$0,$289,$289,$13,$292,$-0,$-316,$-316,$-47,$-47,$-21,$-297,$-681,$-228,$3,$-21
11,2015-12-31,45.37,$49.45,0.92,$11.28,4.02,$13.02,3.48,$4.10,11.07,$9.97B,$18.49B,0.54,$0.00B,$3.46B,0.0,$0.79B,$0.75B,95.19%,$0.79B,$0.43B,54.43%,$0.79B,0,0.00%,$0.79B,0,0.00%,$0.79B,$0.43B,54.43%,$0.79B,$0.29B,36.33%,$0.29B,$3.46B,8.48%,$0.29B,$1.55B,19.77%,$0.29B,$22.04B,1.32%,$0.43B,$3.46B,12.71%,$193,$9,$184,$0,$73,$88,$105,$0,$105,$35,$70,$70,$70,$0,$0,$70,70,$1.00,$1.00,$564,$0,$0,$9973,$268,$9571,$1918,$307,$12064,$22037,$18490,$0,$85,$85,$18574,$70,$1355,$2,$3463,$22037,$287,$80,$-1,$79,$-60,$0,$5,$0,$-55,$311,$4,$0,$0,$0,$-517,$-517,$-137,$-651,$-170,$485,$315,$0,$0,$-78,$-11,$226,$-114,$11,$-78
12,2015-09-30,46.27,$48.70,0.95,$11.66,3.97,$13.83,3.35,$4.21,10.99,$9.47B,$18.04B,0.53,$0.00B,$3.41B,0.0,$0.81B,$0.78B,95.33%,$0.81B,$0.44B,54.37%,$0.81B,0,0.00%,$0.81B,0,0.00%,$0.81B,$0.44B,54.37%,$0.81B,$0.30B,36.29%,$0.30B,$3.41B,8.86%,$0.30B,$1.48B,21.17%,$0.30B,$21.57B,1.37%,$0.44B,$3.41B,13.11%,$197,$9,$188,$0,$76,$91,$106,$0,$106,$36,$71,$71,$71,$0,$0,$70,70,$1.01,$1.01,$301,$0,$0,$9474,$272,$9593,$1934,$295,$12093,$21567,$18039,$0,$117,$117,$18156,$70,$1306,$2,$3411,$21567,$216,$61,$-31,$30,$-5,$0,$38,$0,$33,$279,$2,$0,$0,$0,$-531,$-531,$78,$-451,$-170,$775,$605,$0,$0,$-57,$-752,$-205,$-377,$9,$-57
13,2015-06-30,54.11,$47.93,1.13,$11.97,4.52,$14.02,3.86,$4.30,12.58,$9.44B,$18.23B,0.52,$0.00B,$3.36B,0.0,$0.83B,$0.79B,95.08%,$0.83B,$0.45B,54.08%,$0.83B,0,0.00%,$0.83B,0,0.00%,$0.83B,$0.45B,54.08%,$0.83B,$0.30B,36.09%,$0.30B,$3.36B,9.20%,$0.30B,$1.42B,22.50%,$0.30B,$21.69B,1.40%,$0.45B,$3.36B,13.44%,$198,$10,$189,$0,$74,$90,$108,$0,$108,$36,$72,$72,$72,$0,$0,$70,70,$1.03,$1.03,$354,$0,$0,$9439,$275,$9756,$1936,$280,$12247,$21686,$18225,$0,$104,$104,$18329,$70,$1254,$3,$3357,$21686,$146,$41,$-28,$13,$13,$0,$25,$0,$38,$196,$1,$0,$0,$0,$-683,$-683,$162,$-520,$-170,$899,$729,$0,$0,$-38,$-691,$0,$-323,$6,$-38
14,2015-03-31,48.95,$47.15,1.04,$12.28,3.99,$14.19,3.45,$4.35,11.25,$9.49B,$18.21B,0.52,$0.00B,$3.30B,0.0,$0.86B,$0.81B,94.85%,$0.86B,$0.46B,53.33%,$0.86B,0,0.00%,$0.86B,0,0.00%,$0.86B,$0.46B,53.33%,$0.86B,$0.31B,35.67%,$0.31B,$3.30B,9.49%,$0.31B,$1.36B,23.83%,$0.31B,$21.61B,1.43%,$0.46B,$3.30B,13.66%,$202,$11,$191,$0,$75,$91,$111,$0,$111,$37,$74,$74,$74,$0,$0,$70,70,$1.05,$1.05,$354,$0,$0,$9488,$276,$9606,$1938,$297,$12119,$21607,$18214,$0,$91,$91,$18305,$70,$1201,$3,$3302,$21607,$74,$20,$-17,$2,$29,$0,$12,$0,$41,$117,$2,$0,$0,$0,$-548,$-548,$98,$-448,$-169,$328,$159,$0,$0,$-19,$-131,$8,$-324,$3,$-19
15,2014-12-31,51.38,$46.50,1.1,$12.15,4.23,$14.23,3.61,$4.31,11.92,$9.89B,$18.02B,0.55,$0.17B,$3.25B,0.05,$0.84B,$0.79B,94.74%,$0.84B,$0.45B,53.35%,$0.84B,0,0.00%,$0.84B,0,0.00%,$0.84B,$0.45B,53.35%,$0.84B,$0.30B,35.65%,$0.30B,$3.25B,9.62%,$0.30B,$1.31B,24.40%,$0.30B,$21.51B,1.44%,$0.45B,$3.41B,13.71%,$216,$9,$207,$0,$84,$99,$117,$0,$117,$39,$78,$78,$78,$0,$0,$69,69,$1.13,$1.13,$678,$0,$0,$9893,$282,$9061,$1933,$339,$11615,$21508,$18021,$168,$75,$242,$18263,$70,$1147,$4,$3245,$21508,$297,$73,$-28,$45,$3,$0,$2,$0,$6,$348,$17,$0,$488,$0,$-803,$-803,$226,$-72,$0,$-51,$-51,$4,$4,$-68,$136,$20,$296,$8,$-68
16,2014-09-30,52.79,$45.63,1.16,$12.01,4.4,$13.82,3.82,$4.17,12.66,$9.67B,$17.67B,0.55,$0.17B,$3.18B,0.05,$0.80B,$0.76B,94.38%,$0.80B,$0.42B,52.81%,$0.80B,0,0.00%,$0.80B,0,0.00%,$0.80B,$0.42B,52.81%,$0.80B,$0.28B,35.33%,$0.28B,$3.18B,9.49%,$0.28B,$1.26B,24.36%,$0.28B,$21.12B,1.42%,$0.42B,$3.35B,13.52%,$218,$12,$206,$0,$84,$102,$115,$0,$115,$39,$77,$77,$77,$0,$0,$70,70,$1.10,$1.10,$331,$0,$0,$9673,$283,$8891,$1927,$344,$11445,$21117,$17665,$168,$102,$270,$17934,$70,$1087,$4,$3183,$21117,$219,$56,$-55,$1,$-17,$0,$78,$0,$60,$280,$13,$0,$488,$0,$-590,$-590,$75,$-14,$-1,$274,$273,$3,$3,$-49,$-543,$-316,$-50,$6,$-49
17,2014-06-30,57.58,$44.74,1.29,$11.50,5.01,$13.57,4.24,$3.98,14.47,$9.80B,$17.87B,0.55,$0.17B,$3.12B,0.05,$0.74B,$0.70B,94.20%,$0.74B,$0.39B,52.77%,$0.74B,0,0.00%,$0.74B,0,0.00%,$0.74B,$0.39B,52.77%,$0.74B,$0.26B,35.22%,$0.26B,$3.12B,9.37%,$0.26B,$1.19B,23.71%,$0.26B,$21.25B,1.39%,$0.39B,$3.29B,13.44%,$219,$12,$207,$0,$87,$106,$113,$0,$113,$38,$76,$76,$76,$0,$0,$70,70,$1.08,$1.08,$513,$0,$0,$9802,$286,$8881,$1931,$349,$11446,$21248,$17871,$168,$89,$257,$18128,$70,$1028,$4,$3121,$21248,$143,$37,$-34,$2,$-13,$0,$62,$0,$49,$194,$14,$0,$488,$0,$-581,$-581,$110,$30,$-0,$214,$214,$2,$2,$-33,$-276,$-93,$132,$4,$-33
18,2014-03-31,60.61,$42.87,1.41,$10.91,5.55,$13.27,4.57,$3.79,15.99,$8.08B,$15.85B,0.51,$0.12B,$2.84B,0.04,$0.68B,$0.64B,93.80%,$0.68B,$0.36B,52.88%,$0.68B,0,0.00%,$0.68B,0,0.00%,$0.68B,$0.36B,52.88%,$0.68B,$0.24B,35.30%,$0.24B,$2.84B,9.23%,$0.24B,$1.13B,22.86%,$0.24B,$18.91B,1.37%,$0.36B,$2.97B,13.28%,$183,$11,$172,$0,$66,$82,$101,$0,$101,$34,$67,$67,$67,$0,$0,$66,66,$1.01,$1.01,$350,$0,$0,$8081,$281,$8585,$1712,$255,$10833,$18913,$15852,$124,$96,$220,$16072,$66,$969,$5,$2841,$18913,$67,$18,$-15,$3,$7,$0,$35,$0,$43,$113,$3,$0,$0,$0,$-350,$-350,$34,$-313,$30,$-15,$14,$2,$2,$-16,$169,$169,$-31,$1,$-16
19,2013-12-31,57.86,$42.19,1.37,$10.63,5.44,$13.50,4.28,$3.64,15.9,$8.14B,$15.67B,0.52,$0.12B,$2.79B,0.05,$0.64B,$0.60B,93.70%,$0.64B,$0.33B,51.97%,$0.64B,0,0.00%,$0.64B,0,0.00%,$0.64B,$0.33B,51.97%,$0.64B,$0.22B,34.80%,$0.22B,$2.79B,9.14%,$0.22B,$1.07B,22.44%,$0.22B,$18.64B,1.34%,$0.33B,$2.91B,13.13%,$181,$10,$171,$0,$72,$87,$94,$0,$94,$31,$63,$63,$63,$0,$0,$60,61,$0.98,$0.99,$381,$0,$0,$8139,$283,$8249,$1714,$258,$10503,$18642,$15669,$124,$62,$186,$15855,$66,$918,$5,$2787,$18642,$221,$85,$-21,$64,$31,$0,$-8,$0,$22,$308,$-12,$0,$577,$0,$-509,$-509,$-48,$9,$-41,$-339,$-380,$5,$5,$-54,$167,$-261,$55,$4,$-54
20,2013-09-30,56.01,$39.57,1.42,$10.37,5.4,$12.74,4.4,$3.51,15.96,$6.43B,$13.50B,0.48,$0.09B,$2.39B,0.04,$0.60B,$0.56B,93.29%,$0.60B,$0.31B,51.68%,$0.60B,0,0.00%,$0.60B,0,0.00%,$0.60B,$0.31B,51.68%,$0.60B,$0.21B,34.56%,$0.21B,$2.39B,9.18%,$0.21B,$1.01B,22.19%,$0.21B,$16.05B,1.33%,$0.31B,$2.47B,13.23%,$158,$10,$148,$0,$61,$75,$83,$0,$83,$27,$55,$55,$55,$0,$0,$60,61,$0.92,$0.91,$271,$0,$0,$6432,$232,$7814,$1377,$199,$9622,$16054,$13496,$85,$84,$169,$13665,$60,$870,$6,$2389,$16054,$158,$69,$-29,$40,$28,$0,$23,$0,$51,$249,$-10,$0,$292,$0,$-374,$-374,$-47,$-139,$-41,$327,$286,$3,$3,$-38,$-416,$-165,$-55,$3,$-38
21,2013-06-30,46.57,$38.88,1.2,$10.29,4.53,$12.44,3.74,$3.42,13.62,$6.41B,$13.77B,0.47,$0.09B,$2.35B,0.04,$0.58B,$0.54B,93.09%,$0.58B,$0.29B,50.78%,$0.58B,0,0.00%,$0.58B,0,0.00%,$0.58B,$0.29B,50.78%,$0.58B,$0.20B,34.02%,$0.20B,$2.35B,9.14%,$0.20B,$0.97B,22.44%,$0.20B,$16.27B,1.32%,$0.29B,$2.43B,13.12%,$155,$11,$144,$0,$60,$74,$80,$0,$80,$26,$54,$54,$54,$0,$0,$60,60,$0.89,$0.89,$251,$0,$0,$6411,$227,$8063,$1378,$192,$9860,$16271,$13773,$85,$67,$152,$13925,$60,$828,$6,$2345,$16271,$103,$50,$-19,$31,$28,$0,$6,$0,$34,$168,$-5,$0,$292,$0,$-604,$-604,$-50,$-367,$-41,$551,$510,$2,$2,$-25,$-363,$124,$-75,$2,$-25
22,2013-03-31,42.24,$37.70,1.12,$9.97,4.24,$11.55,3.66,$3.31,12.76,$5.43B,$12.76B,0.43,$0.09B,$2.15B,0.04,$0.53B,$0.49B,92.66%,$0.53B,$0.27B,50.85%,$0.53B,0,0.00%,$0.53B,0,0.00%,$0.53B,$0.27B,50.85%,$0.53B,$0.18B,33.90%,$0.18B,$2.15B,9.09%,$0.18B,$0.89B,22.25%,$0.18B,$15.08B,1.33%,$0.27B,$2.24B,13.07%,$141,$10,$132,$0,$54,$69,$73,$0,$73,$24,$49,$49,$49,$0,$0,$57,57,$0.87,$0.86,$181,$0,$0,$5427,$207,$8021,$1262,$164,$9654,$15081,$12762,$85,$85,$170,$12932,$57,$787,$8,$2149,$15081,$49,$27,$-10,$17,$19,$0,$28,$0,$47,$113,$-0,$0,$3,$0,$-551,$-551,$47,$-500,$279,$16,$295,$1,$1,$-12,$-41,$243,$-145,$1,$-12
23,2012-12-31,37.09,$37.02,1.0,$9.72,3.82,$10.69,3.47,$3.22,11.52,$5.50B,$12.36B,0.45,$0.09B,$2.09B,0.04,$0.50B,$0.46B,91.94%,$0.50B,$0.25B,50.81%,$0.50B,0,0.00%,$0.50B,0,0.00%,$0.50B,$0.25B,50.81%,$0.50B,$0.17B,33.67%,$0.17B,$2.09B,9.05%,$0.17B,$0.85B,22.19%,$0.17B,$14.58B,1.34%,$0.25B,$2.17B,13.06%,$142,$9,$132,$0,$56,$70,$72,$0,$72,$24,$48,$48,$48,$0,$0,$52,52,$0.86,$0.86,$326,$0,$0,$5496,$205,$7477,$1243,$162,$9088,$14584,$12355,$85,$54,$139,$12494,$56,$750,$9,$2089,$14584,$168,$83,$-6,$77,$-35,$0,$0,$0,$-35,$210,$4,$0,$10,$0,$-1248,$-1248,$32,$-1202,$-1,$326,$325,$4,$4,$-42,$818,$1105,$113,$4,$-42
24,2012-09-30,37.26,$36.36,1.02,$9.19,4.05,$11.30,3.3,$3.14,11.86,$5.28B,$11.51B,0.46,$0.09B,$2.04B,0.04,$0.46B,$0.42B,91.27%,$0.46B,$0.25B,53.49%,$0.46B,0,0.00%,$0.46B,0,0.00%,$0.46B,$0.24B,51.31%,$0.46B,$0.16B,33.84%,$0.16B,$2.04B,9.04%,$0.16B,$0.81B,22.25%,$0.16B,$13.71B,1.37%,$0.25B,$2.12B,13.61%,$141,$11,$131,$0,$58,$73,$69,$0,$69,$23,$46,$46,$46,$0,$0,$56,56,$0.83,$0.82,$208,$0,$0,$5276,$201,$6842,$1228,$165,$8436,$13712,$11513,$85,$76,$161,$11674,$56,$714,$11,$2038,$13712,$120,$43,$6,$49,$-10,$0,$43,$0,$32,$201,$4,$0,$0,$0,$-667,$-667,$51,$-612,$-1,$138,$137,$3,$3,$-29,$295,$405,$-6,$3,$-29
25,2012-06-30,36.41,$34.63,1.05,$8.96,4.06,$11.59,3.14,$3.09,11.78,$4.08B,$8.96B,0.46,$0.09B,$1.64B,0.05,$0.43B,$0.38B,90.35%,$0.43B,$0.23B,54.35%,$0.43B,0,0.00%,$0.43B,0,0.00%,$0.43B,$0.22B,52.00%,$0.43B,$0.15B,34.12%,$0.15B,$1.64B,9.12%,$0.15B,$0.69B,22.57%,$0.15B,$10.74B,1.41%,$0.23B,$1.73B,13.79%,$107,$9,$97,$0,$38,$51,$56,$0,$56,$19,$37,$37,$37,$0,$0,$47,48,$0.78,$0.78,$153,$0,$0,$4083,$166,$5444,$951,$96,$6657,$10737,$8957,$85,$52,$137,$9094,$48,$679,$12,$1644,$10737,$73,$29,$2,$31,$-32,$0,$13,$0,$-19,$85,$1,$0,$57,$0,$-766,$-766,$-145,$-853,$-1,$493,$492,$2,$2,$-18,$231,$707,$-61,$2,$-18
26,2012-03-31,39.3,$34.03,1.15,$9.04,4.35,$12.21,3.22,$3.06,12.84,$4.01B,$9.13B,0.44,$0.09B,$1.61B,0.05,$0.43B,$0.38B,89.93%,$0.43B,$0.23B,53.40%,$0.43B,0,0.00%,$0.43B,0,0.00%,$0.43B,$0.22B,51.05%,$0.43B,$0.14B,33.49%,$0.14B,$1.61B,9.18%,$0.14B,$0.66B,23.45%,$0.14B,$10.89B,1.43%,$0.23B,$1.70B,13.88%,$106,$10,$96,$0,$37,$50,$55,$0,$55,$19,$36,$36,$36,$0,$0,$47,47,$0.77,$0.77,$152,$0,$0,$4005,$163,$5682,$948,$92,$6885,$10890,$9133,$85,$62,$147,$9280,$47,$651,$13,$1610,$10890,$36,$13,$1,$14,$-25,$0,$24,$0,$-1,$50,$3,$0,$45,$0,$-998,$-998,$-85,$-1036,$515,$4,$518,$2,$2,$-9,$414,$925,$-62,$1,$-9
27,2011-12-31,34.33,$33.41,1.03,$9.10,3.77,$12.74,2.69,$3.01,11.41,$3.96B,$8.13B,0.49,$0.09B,$1.57B,0.05,$0.43B,$0.38B,89.25%,$0.43B,$0.22B,52.34%,$0.43B,0,0.00%,$0.43B,0,0.00%,$0.43B,$0.21B,50.00%,$0.43B,$0.14B,32.94%,$0.14B,$1.57B,9.25%,$0.14B,$0.62B,24.45%,$0.14B,$9.82B,1.45%,$0.22B,$1.65B,13.91%,$104,$10,$94,$0,$25,$39,$65,$0,$55,$18,$36,$36,$36,$0,$0,$47,47,$0.78,$0.77,$213,$0,$0,$3957,$160,$4671,$946,$90,$5866,$9823,$8131,$85,$40,$125,$8255,$47,$624,$13,$1567,$9823,$142,$45,$12,$56,$21,$0,$-1,$0,$20,$218,$5,$0,$0,$0,$-72,$-72,$-298,$-365,$-9,$-366,$-375,$4,$4,$-34,$606,$202,$54,$4,$-34
28,2011-09-30,27.52,$32.87,0.84,$9.17,3.0,$12.26,2.24,$2.94,9.36,$3.93B,$7.88B,0.5,$0.09B,$1.54B,0.06,$0.43B,$0.38B,88.60%,$0.43B,$0.22B,50.93%,$0.43B,0,0.00%,$0.43B,0,0.00%,$0.43B,$0.21B,48.37%,$0.43B,$0.14B,32.09%,$0.14B,$1.54B,9.22%,$0.14B,$0.59B,25.27%,$0.14B,$9.57B,1.44%,$0.22B,$1.63B,13.83%,$108,$11,$97,$0,$38,$53,$55,$0,$55,$19,$36,$36,$36,$0,$0,$47,47,$0.78,$0.77,$212,$0,$0,$3925,$160,$4445,$947,$90,$5643,$9567,$7882,$85,$59,$144,$8026,$47,$597,$16,$1541,$9567,$105,$32,$7,$38,$19,$0,$19,$0,$39,$182,$3,$0,$0,$0,$169,$169,$-264,$-91,$-8,$-354,$-363,$4,$4,$-25,$344,$-39,$52,$3,$-25
29,2011-06-30,36.54,$32.24,1.13,$9.23,3.96,$11.84,3.09,$2.86,12.78,$3.79B,$8.01B,0.47,$0.09B,$1.51B,0.06,$0.43B,$0.38B,87.50%,$0.43B,$0.21B,49.07%,$0.43B,0,0.00%,$0.43B,0,0.00%,$0.43B,$0.20B,46.53%,$0.43B,$0.13B,31.02%,$0.13B,$1.51B,9.12%,$0.13B,$0.56B,25.96%,$0.13B,$9.66B,1.41%,$0.21B,$1.60B,13.61%,$109,$12,$97,$0,$40,$56,$53,$0,$53,$18,$35,$35,$35,$0,$0,$47,47,$0.75,$0.75,$146,$0,$0,$3789,$160,$4666,$949,$92,$5868,$9657,$8011,$85,$49,$134,$8145,$47,$568,$15,$1512,$9657,$69,$21,$5,$26,$6,$0,$10,$0,$16,$111,$3,$0,$0,$0,$-36,$-36,$-190,$-222,$-8,$-94,$-102,$4,$4,$-16,$213,$98,$-13,$2,$-16
30,2011-03-31,35.37,$31.65,1.12,$9.31,3.8,$11.56,3.06,$2.79,12.68,$3.70B,$8.10B,0.46,$0.09B,$1.48B,0.06,$0.44B,$0.38B,86.01%,$0.44B,$0.21B,47.48%,$0.44B,0,0.00%,$0.44B,0,0.00%,$0.44B,$0.20B,44.95%,$0.44B,$0.13B,30.05%,$0.13B,$1.48B,9.09%,$0.13B,$0.53B,26.84%,$0.13B,$9.72B,1.38%,$0.21B,$1.57B,13.51%,$107,$13,$94,$0,$39,$56,$51,$0,$51,$17,$34,$34,$34,$0,$0,$47,47,$0.72,$0.72,$146,$0,$0,$3697,$159,$4819,$951,$97,$6026,$9723,$8100,$85,$58,$143,$8242,$47,$542,$14,$1480,$9723,$34,$11,$2,$13,$7,$0,$19,$0,$26,$74,$3,$0,$0,$0,$-189,$-189,$-94,$-281,$-8,$-155,$-162,$2,$2,$-8,$362,$193,$-13,$1,$-8
31,2010-12-31,32.19,$31.11,1.03,$9.36,3.44,$11.32,2.84,$2.73,11.79,$3.62B,$7.89B,0.46,$0.09B,$1.45B,0.06,$0.44B,$0.37B,84.93%,$0.44B,$0.20B,46.35%,$0.44B,0,0.00%,$0.44B,0,0.00%,$0.44B,$0.19B,43.84%,$0.44B,$0.13B,29.22%,$0.13B,$1.45B,9.04%,$0.13B,$0.50B,27.26%,$0.13B,$9.48B,1.36%,$0.20B,$1.55B,13.46%,$106,$13,$93,$0,$29,$46,$60,$0,$49,$16,$33,$33,$33,$0,$0,$47,47,$0.70,$0.70,$159,$0,$0,$3623,$159,$4642,$953,$100,$5854,$9477,$7894,$92,$38,$130,$8024,$47,$516,$14,$1452,$9477,$128,$38,$21,$59,$-1,$0,$-9,$0,$-9,$178,$21,$0,$684,$0,$-525,$-525,$-29,$152,$-12,$344,$333,$3,$3,$-30,$-671,$-366,$-36,$3,$-30
32,2010-09-30,26.37,$30.64,0.86,$9.56,2.76,$8.50,3.1,$2.68,9.84,$3.53B,$7.67B,0.46,$0.09B,$1.43B,0.07,$0.45B,$0.37B,83.86%,$0.45B,$0.20B,45.52%,$0.45B,0,0.00%,$0.45B,0,0.00%,$0.45B,$0.19B,42.38%,$0.45B,$0.13B,28.25%,$0.13B,$1.43B,9.06%,$0.13B,$0.48B,27.72%,$0.13B,$9.24B,1.37%,$0.20B,$1.52B,13.69%,$110,$16,$94,$0,$41,$62,$48,$0,$48,$16,$32,$32,$32,$0,$0,$47,47,$0.69,$0.69,$141,$0,$0,$3533,$160,$4488,$955,$103,$5705,$9239,$7665,$92,$52,$144,$7809,$47,$491,$17,$1430,$9239,$95,$26,$16,$42,$7,$0,$5,$0,$12,$149,$16,$0,$684,$0,$-367,$-367,$53,$386,$46,$20,$66,$2,$2,$-22,$-635,$-589,$-54,$2,$-22
33,2010-06-30,27.94,$30.12,0.93,$9.73,2.87,$6.37,4.39,$2.62,10.66,$3.55B,$8.07B,0.44,$0.09B,$1.40B,0.07,$0.45B,$0.37B,82.34%,$0.45B,$0.20B,43.93%,$0.45B,0,0.00%,$0.45B,0,0.00%,$0.45B,$0.19B,40.84%,$0.45B,$0.12B,27.15%,$0.12B,$1.40B,9.01%,$0.12B,$0.45B,28.03%,$0.12B,$9.61B,1.34%,$0.20B,$1.50B,13.66%,$113,$19,$94,$0,$42,$65,$48,$0,$48,$16,$32,$32,$32,$0,$0,$47,47,$0.68,$0.68,$149,$0,$0,$3553,$161,$4833,$955,$107,$6056,$9609,$8068,$92,$44,$136,$8205,$47,$466,$18,$1404,$9609,$63,$15,$11,$26,$3,$0,$-0,$0,$2,$91,$10,$0,$684,$0,$-704,$-704,$53,$43,$-11,$157,$145,$2,$2,$-14,$-312,$-180,$-46,$1,$-14
34,2010-03-31,32.67,$29.58,1.1,$9.88,3.31,$4.88,6.69,$2.51,13.02,$3.50B,$7.69B,0.46,$0.09B,$1.38B,0.07,$0.46B,$0.37B,80.79%,$0.46B,$0.19B,41.48%,$0.46B,0,0.00%,$0.46B,0,0.00%,$0.46B,$0.18B,38.43%,$0.46B,$0.12B,25.76%,$0.12B,$1.38B,8.81%,$0.12B,$0.46B,27.95%,$0.12B,$9.22B,1.32%,$0.19B,$1.47B,13.28%,$109,$19,$91,$0,$40,$63,$47,$0,$47,$16,$31,$31,$31,$0,$0,$47,47,$0.67,$0.66,$170,$0,$0,$3497,$153,$4536,$923,$109,$5722,$9219,$7690,$92,$58,$150,$7841,$47,$442,$18,$1378,$9219,$31,$6,$5,$12,$5,$0,$14,$0,$19,$62,$4,$0,$332,$0,$-408,$-408,$41,$-31,$-10,$-4,$-14,$1,$1,$-7,$-35,$-56,$-25,$1,$-7
35,2009-12-31,32.0,$29.03,1.1,$10.15,3.15,$4.08,7.85,$2.40,13.33,$3.55B,$7.37B,0.48,$0.09B,$1.35B,0.07,$0.47B,$0.37B,78.30%,$0.47B,$0.18B,38.72%,$0.47B,0,0.00%,$0.47B,0,0.00%,$0.47B,$0.17B,35.74%,$0.47B,$0.11B,23.83%,$0.11B,$1.35B,8.52%,$0.11B,$0.44B,28.05%,$0.11B,$8.85B,1.26%,$0.18B,$1.44B,12.94%,$114,$19,$95,$0,$31,$55,$60,$0,$46,$16,$31,$31,$31,$0,$0,$46,46,$0.66,$0.66,$195,$0,$0,$3551,$149,$4134,$912,$104,$5300,$8850,$7365,$92,$42,$135,$7499,$47,$418,$17,$1351,$8850,$112,$12,$30,$42,$-31,$0,$-49,$0,$-80,$74,$-7,$0,$-1,$0,$52,$52,$149,$192,$-3,$-223,$-227,$2,$2,$-26,$-48,$-299,$-33,$2,$-26
36,2009-09-30,27.29,$28.75,0.95,$10.11,2.7,$5.64,4.84,$2.24,12.18,$3.55B,$7.48B,0.47,$0.09B,$1.33B,0.07,$0.47B,$0.35B,75.11%,$0.47B,$0.16B,33.48%,$0.47B,0,0.00%,$0.47B,0,0.00%,$0.47B,$0.16B,33.48%,$0.47B,$0.10B,22.32%,$0.10B,$1.33B,8.06%,$0.10B,$0.41B,27.73%,$0.10B,$8.96B,1.17%,$0.16B,$1.42B,11.28%,$117,$24,$93,$0,$44,$73,$44,$0,$44,$15,$29,$29,$29,$0,$0,$46,46,$0.64,$0.63,$157,$0,$0,$3547,$150,$4273,$915,$73,$5410,$8957,$7481,$92,$57,$150,$7630,$46,$395,$17,$1327,$8957,$81,$7,$20,$28,$3,$0,$-33,$0,$-31,$78,$-14,$0,$-1,$0,$-82,$-82,$126,$29,$-2,$31,$29,$1,$1,$-19,$-190,$-179,$-72,$1,$-19
37,2009-06-30,23.21,$28.17,0.82,$9.70,2.39,$6.48,3.58,$1.94,11.96,$3.71B,$7.39B,0.5,$0.09B,$1.30B,0.07,$0.45B,$0.33B,73.38%,$0.45B,$0.15B,33.33%,$0.45B,0,0.00%,$0.45B,0,0.00%,$0.45B,$0.14B,30.20%,$0.45B,$0.09B,20.13%,$0.09B,$1.30B,7.11%,$0.09B,$0.38B,24.66%,$0.09B,$8.84B,1.07%,$0.15B,$1.39B,10.97%,$118,$27,$91,$0,$47,$78,$39,$0,$39,$13,$27,$27,$27,$0,$0,$46,46,$0.57,$0.57,$271,$0,$0,$3711,$150,$3989,$915,$73,$5127,$8839,$7393,$92,$54,$146,$7540,$46,$372,$13,$1299,$8839,$52,$3,$13,$16,$11,$0,$-30,$0,$-20,$49,$-18,$0,$-0,$0,$186,$186,$91,$259,$-1,$-199,$-201,$0,$0,$-13,$-52,$-265,$43,$1,$-13
38,2009-03-31,21.08,$27.78,0.76,$9.26,2.28,$7.32,2.88,$1.89,11.15,$3.66B,$7.33B,0.5,$0.09B,$1.28B,0.07,$0.42B,$0.30B,71.70%,$0.42B,$0.15B,34.20%,$0.42B,0,0.00%,$0.42B,0,0.00%,$0.42B,$0.13B,30.90%,$0.42B,$0.09B,20.28%,$0.09B,$1.28B,6.90%,$0.09B,$0.36B,23.96%,$0.09B,$8.80B,1.09%,$0.15B,$1.37B,10.84%,$121,$31,$89,$0,$45,$82,$39,$0,$39,$13,$25,$25,$25,$0,$0,$46,46,$0.55,$0.55,$164,$0,$0,$3657,$152,$4000,$918,$73,$5142,$8799,$7329,$92,$97,$190,$7519,$46,$352,$15,$1281,$8799,$25,$1,$6,$7,$8,$0,$13,$0,$21,$54,$-26,$0,$-0,$0,$179,$179,$51,$204,$-1,$-214,$-215,$0,$0,$-6,$-102,$-323,$-65,$0,$-6
39,2008-12-31,22.54,$27.24,0.83,$8.84,2.55,$7.44,3.03,$1.86,12.12,$3.79B,$7.64B,0.5,$0.09B,$1.26B,0.07,$0.40B,$0.28B,70.00%,$0.40B,$0.14B,35.00%,$0.40B,0,0.00%,$0.40B,0,0.00%,$0.40B,$0.13B,31.50%,$0.40B,$0.08B,21.00%,$0.08B,$1.26B,6.93%,$0.08B,$0.34B,23.90%,$0.08B,$9.07B,1.15%,$0.14B,$1.35B,10.69%,$110,$33,$77,$0,$39,$76,$34,$0,$34,$11,$23,$23,$23,$0,$0,$45,45,$0.49,$0.49,$229,$0,$0,$3793,$124,$4176,$913,$67,$5279,$9072,$7643,$92,$82,$174,$7817,$46,$332,$10,$1255,$9072,$85,$12,$27,$39,$3,$0,$-3,$0,$-0,$124,$13,$0,$3345,$0,$-1921,$-1921,$-257,$1180,$-23,$205,$183,$3,$3,$-23,$-1608,$-1446,$-142,$2,$-23
40,2008-09-30,25.64,$26.68,0.96,$8.70,2.95,$9.94,2.58,$1.90,13.49,$3.43B,$5.43B,0.63,$0.09B,$1.23B,0.08,$0.39B,$0.27B,68.89%,$0.39B,$0.14B,36.25%,$0.39B,0,0.00%,$0.39B,0,0.00%,$0.39B,$0.12B,30.08%,$0.39B,$0.08B,20.05%,$0.08B,$1.23B,6.61%,$0.08B,$0.37B,22.43%,$0.08B,$6.79B,1.18%,$0.14B,$1.32B,10.99%,$98,$27,$71,$0,$29,$61,$37,$-14,$23,$8,$15,$15,$15,$0,$0,$46,46,$0.34,$0.33,$185,$0,$0,$3425,$124,$2311,$857,$71,$3363,$6788,$5434,$92,$32,$124,$5559,$46,$316,$1,$1229,$6788,$62,$9,$19,$28,$10,$0,$-5,$0,$5,$95,$8,$0,$177,$0,$-416,$-416,$54,$-177,$-22,$206,$183,$3,$3,$-17,$-273,$-104,$-186,$1,$-17
41,2008-06-30,20.01,$26.44,0.76,$8.89,2.25,$12.14,1.65,$2.11,9.48,$3.49B,$5.45B,0.64,$0.09B,$1.22B,0.08,$0.39B,$0.26B,66.92%,$0.39B,$0.14B,35.37%,$0.39B,0,0.00%,$0.39B,0,0.00%,$0.39B,$0.13B,32.82%,$0.39B,$0.09B,22.14%,$0.09B,$1.22B,7.56%,$0.09B,$0.36B,26.05%,$0.09B,$6.79B,1.35%,$0.14B,$1.31B,11.05%,$95,$28,$67,$0,$27,$60,$35,$0,$35,$12,$23,$23,$23,$0,$0,$45,45,$0.52,$0.52,$185,$0,$0,$3491,$125,$2236,$859,$83,$3303,$6794,$5449,$92,$35,$127,$5576,$46,$306,$-0,$1218,$6794,$46,$6,$3,$9,$11,$0,$-5,$0,$7,$62,$6,$0,$177,$0,$-346,$-346,$-0,$-163,$-22,$27,$5,$2,$2,$-11,$-80,$-85,$-186,$1,$-11
42,2008-03-31,21.26,$25.88,0.82,$9.07,2.35,$14.28,1.49,$2.11,10.08,$3.35B,$5.16B,0.65,$0.11B,$1.15B,0.1,$0.40B,$0.26B,65.41%,$0.40B,$0.14B,34.84%,$0.40B,0,0.00%,$0.40B,0,0.00%,$0.40B,$0.13B,32.33%,$0.40B,$0.09B,21.80%,$0.09B,$1.15B,7.79%,$0.09B,$0.33B,27.34%,$0.09B,$6.47B,1.38%,$0.14B,$1.26B,11.29%,$97,$32,$65,$0,$26,$63,$34,$0,$34,$11,$23,$23,$23,$0,$0,$44,44,$0.52,$0.52,$192,$0,$0,$3347,$124,$2086,$813,$95,$3117,$6465,$5156,$113,$49,$162,$5319,$44,$289,$3,$1146,$6465,$23,$3,$1,$4,$4,$0,$7,$-5,$6,$33,$-1,$0,$112,$0,$-226,$-226,$-32,$-146,$-1,$81,$80,$2,$2,$-6,$-143,$-66,$-179,$0,$-6
43,2007-12-31,21.61,$25.54,0.85,$9.15,2.36,$16.73,1.29,$2.09,10.34,$3.51B,$5.09B,0.69,$0.11B,$1.13B,0.1,$0.39B,$0.25B,64.47%,$0.39B,$0.14B,34.26%,$0.39B,0,0.00%,$0.39B,0,0.00%,$0.39B,$0.13B,31.73%,$0.39B,$0.08B,21.32%,$0.08B,$1.13B,7.66%,$0.08B,$0.33B,27.65%,$0.08B,$6.37B,1.34%,$0.14B,$1.24B,11.07%,$99,$34,$65,$0,$25,$63,$35,$0,$25,$8,$17,$17,$17,$0,$0,$43,43,$0.38,$0.38,$371,$0,$0,$3510,$120,$1863,$800,$79,$2863,$6372,$5094,$113,$38,$151,$5245,$44,$273,$1,$1127,$6372,$84,$9,$12,$21,$136,$0,$-4,$0,$131,$236,$2,$0,$123,$0,$4,$4,$138,$267,$-42,$-192,$-234,$3,$3,$-20,$-151,$-402,$101,$2,$-20
44,2007-09-30,24.18,$25.19,0.96,$9.10,2.66,$13.56,1.78,$2.06,11.74,$3.36B,$4.91B,0.69,$0.11B,$1.11B,0.1,$0.37B,$0.23B,63.93%,$0.37B,$0.13B,34.15%,$0.37B,0,0.00%,$0.37B,0,0.00%,$0.37B,$0.13B,34.15%,$0.37B,$0.08B,22.95%,$0.08B,$1.11B,8.56%,$0.08B,$0.32B,30.41%,$0.08B,$6.17B,1.44%,$0.13B,$1.22B,11.36%,$102,$37,$66,$0,$26,$67,$35,$0,$35,$12,$24,$24,$24,$0,$0,$44,44,$0.54,$0.54,$243,$0,$0,$3364,$121,$1804,$794,$87,$2807,$6171,$4909,$113,$38,$151,$5059,$44,$262,$-2,$1111,$6171,$67,$7,$-0,$7,$105,$0,$1,$15,$120,$194,$2,$0,$123,$0,$61,$61,$177,$362,$-42,$-197,$-239,$3,$3,$-15,$-333,$-584,$-27,$1,$-15
45,2007-06-30,23.72,$24.69,0.96,$8.93,2.66,$10.82,2.19,$2.01,11.8,$3.36B,$4.93B,0.68,$0.12B,$1.08B,0.11,$0.34B,$0.21B,63.58%,$0.34B,$0.12B,34.33%,$0.34B,0,0.00%,$0.34B,0,0.00%,$0.34B,$0.12B,34.33%,$0.34B,$0.08B,22.69%,$0.08B,$1.08B,8.78%,$0.08B,$0.30B,30.74%,$0.08B,$6.19B,1.41%,$0.12B,$1.20B,11.70%,$101,$36,$65,$0,$26,$66,$35,$0,$35,$12,$23,$23,$23,$0,$0,$44,44,$0.53,$0.52,$186,$0,$0,$3362,$121,$1819,$786,$98,$2823,$6185,$4934,$121,$48,$169,$5103,$44,$243,$-3,$1082,$6185,$43,$4,$1,$6,$99,$0,$10,$3,$113,$161,$-1,$0,$112,$0,$22,$22,$103,$237,$-25,$-172,$-197,$2,$2,$-10,$-278,$-482,$-84,$1,$-10
46,2007-03-31,25.07,$24.37,1.03,$8.77,2.86,$8.33,3.01,$1.97,12.73,$3.44B,$5.08B,0.68,$0.15B,$1.07B,0.14,$0.30B,$0.19B,63.82%,$0.30B,$0.10B,34.21%,$0.30B,0,0.00%,$0.30B,0,0.00%,$0.30B,$0.10B,34.21%,$0.30B,$0.07B,22.70%,$0.07B,$1.07B,9.15%,$0.07B,$0.28B,31.40%,$0.07B,$6.33B,1.39%,$0.10B,$1.21B,12.01%,$92,$34,$58,$0,$23,$61,$30,$0,$30,$10,$20,$20,$20,$0,$0,$40,40,$0.51,$0.50,$202,$0,$0,$3441,$118,$1886,$791,$90,$2886,$6327,$5080,$145,$35,$180,$5260,$44,$225,$-2,$1067,$6327,$20,$1,$1,$2,$110,$0,$-3,$0,$106,$129,$-1,$0,$113,$0,$-45,$-45,$43,$110,$0,$-178,$-178,$2,$2,$-5,$-126,$-307,$-68,$0,$-5
47,2006-12-31,24.75,$20.26,1.22,$8.40,2.95,$5.81,4.26,$1.93,12.82,$2.44B,$3.81B,0.64,$0.10B,$0.66B,0.15,$0.27B,$0.17B,65.28%,$0.27B,$0.09B,35.09%,$0.27B,0,0.00%,$0.27B,0,0.00%,$0.27B,$0.09B,35.09%,$0.27B,$0.06B,23.40%,$0.06B,$0.66B,10.23%,$0.06B,$0.22B,31.19%,$0.06B,$4.59B,1.45%,$0.09B,$0.77B,13.30%,$71,$26,$45,$0,$17,$46,$25,$0,$25,$9,$17,$17,$17,$0,$0,$31,32,$0.51,$0.51,$270,$0,$0,$2443,$63,$1590,$447,$43,$2144,$4587,$3808,$101,$14,$115,$3922,$33,$210,$-3,$664,$4587,$62,$9,$1,$10,$-3,$0,$7,$0,$4,$75,$-1,$0,$-76,$-0,$210,$210,$-37,$96,$-18,$-37,$-55,$8,$8,$-13,$61,$1,$172,$1,$-13
