,Date,Stock Price,Book Value per Share,Price to Book Ratio,TTM Sales per Share,Price to Sales Ratio,TTM FCF per Share,Price to FCF Ratio,TTM Net EPS,PE Ratio,Current Assets,Current Liabilities,Current Ratio,Long Term Debt,Shareholder's Equity_x,Debt to Equity Ratio,TTM Revenue_x,TTM Gross Profit,Gross Margin,TTM Revenue_y,TTM Operating Income,Operating Margin,TTM Revenue_x,TTM EBIT,EBIT Margin,TTM Revenue_y,TTM EBITDA,EBITDA Margin,TTM Revenue_x,TTM Pre-Tax Income,Pre-Tax Margin,TTM Revenue_y,TTM Net Income_x,Net Margin,TTM Net Income_y,Shareholder's Equity_y,Return on Equity,TTM Net Income_x,Tangible Equity,Return on Tangible Equity,TTM Net Income_y,Total Assets,Return on Assets,TTM Net Income,LT Investments & Debt,Return on Investment,revenue,cost-goods-sold,gross-profit,research-development-expenses,selling-general-administrative-expenses,operating-expenses,operating-income,total-non-operating-income-expense,pre-tax-income,total-provision-income-taxes,income-after-taxes,income-from-continuous-operations,net-income,ebitda,ebit,basic-shares-outstanding,shares-outstanding,eps-basic-net-earnings-per-share,eps-earnings-per-share-diluted,cash-on-hand,inventory,other-current-assets,total-current-assets,net-property-plant-equipment,long-term-investments,goodwill-intangible-assets-total,other-long-term-assets,total-long-term-assets,total-assets,total-current-liabilities,long-term-debt,other-non-current-liabilities,total-long-term-liabilities,total-liabilities,common-stock-net,retained-earnings-accumulated-deficit,comprehensive-income,total-share-holder-equity,total-liabilities-share-holders-equity,net-income-loss,total-depreciation-amortization-cash-flow,other-non-cash-items,total-non-cash-items,change-in-accounts-receivable,change-in-inventories,change-in-accounts-payable,change-in-assets-liabilities,total-change-in-assets-liabilities,cash-flow-from-operating-activities,net-change-in-property-plant-equipment,net-change-in-intangible-assets,net-acquisitions-divestitures,net-change-in-short-term-investments,net-change-in-long-term-investments,net-change-in-investments-total,investing-activities-other,cash-flow-from-investing-activities,net-long-term-debt,net-current-debt,debt-issuance-retirement-net-total,net-common-equity-issued-repurchased,net-total-equity-issued-repurchased,total-common-preferred-stock-dividends-paid,financial-activities-other,cash-flow-from-financial-activities,net-cash-flow,stock-based-compensation,common-stock-dividends-paid
0,2018-09-30,11.75,$11.19,1.05,$2.81,4.18,$1.64,7.16,$0.35,33.57,$0.37B,$0.37B,0.99,$0.06B,$0.09B,0.73,$0.02B,$0.02B,80.00%,$0.02B,$0.01B,25.00%,$0.02B,0,0.00%,$0.02B,0,0.00%,$0.02B,$0.01B,25.00%,$0.02B,$0.00B,20.00%,$0.00B,$0.09B,4.73%,$0.00B,$0.08B,5.16%,$0.00B,$0.52B,0.76%,$0.01B,$0.15B,3.26%,$5,$1,$4,$0,$3,$3,$2,$0,$2,$0,$1,$1,$1,$0,$0,$7,7,$0.19,$0.19,$17,$0,$0,$366,$3,$126,$7,$17,$154,$520,$369,$62,$4,$66,$434,$0,$30,$-1,$85,$520,$1,$0,$0,$1,$-1,$0,$0,$-0,$-1,$1,$-0,$0,$0,$0,$8,$8,$5,$12,$-0,$0,$-0,$-0,$-0,$-0,$-6,$-7,$7,$0,$-0
1,2018-06-30,11.29,$11.06,1.02,$2.74,4.12,$1.64,6.89,$0.43,26.26,$0.36B,$0.37B,0.98,$0.06B,$0.08B,0.75,$0.02B,$0.02B,80.00%,$0.02B,$0.00B,20.00%,$0.02B,0,0.00%,$0.02B,0,0.00%,$0.02B,$0.00B,20.00%,$0.02B,$0.00B,20.00%,$0.00B,$0.08B,4.73%,$0.00B,$0.08B,5.16%,$0.00B,$0.53B,0.75%,$0.00B,$0.15B,2.55%,$5,$1,$4,$0,$3,$4,$1,$0,$1,$0,$1,$1,$1,$0,$0,$7,7,$0.11,$0.11,$10,$0,$0,$364,$3,$134,$7,$16,$162,$525,$372,$63,$6,$69,$441,$0,$29,$-1,$84,$525,$3,$1,$1,$2,$-0,$0,$0,$-0,$-1,$5,$-0,$0,$0,$0,$40,$40,$-43,$-3,$-5,$0,$-5,$-2,$-2,$-2,$6,$-2,$-0,$0,$-2
2,2018-03-31,10.44,$10.99,0.95,$2.67,3.9,$1.56,6.68,$0.40,26.09,$0.36B,$0.37B,0.97,$0.07B,$0.08B,0.84,$0.02B,$0.02B,80.00%,$0.02B,$0.00B,20.00%,$0.02B,0,0.00%,$0.02B,0,0.00%,$0.02B,$0.00B,20.00%,$0.02B,$0.00B,20.00%,$0.00B,$0.08B,4.72%,$0.00B,$0.08B,5.14%,$0.00B,$0.53B,0.76%,$0.00B,$0.16B,2.53%,$5,$1,$4,$0,$3,$4,$1,$0,$1,$0,$1,$1,$1,$0,$0,$7,7,$0.13,$0.13,$10,$0,$0,$360,$3,$143,$7,$16,$170,$530,$372,$71,$4,$75,$446,$0,$28,$-0,$84,$530,$2,$1,$1,$2,$-0,$0,$0,$-0,$-0,$4,$-0,$0,$0,$0,$31,$31,$-39,$-8,$-3,$6,$3,$-2,$-2,$-1,$4,$4,$-1,$0,$-1
3,2017-12-31,10.58,$10.92,0.97,$2.59,4.08,$1.46,7.23,$0.36,29.4,$0.36B,$0.37B,0.97,$0.08B,$0.09B,0.94,$0.02B,$0.02B,80.00%,$0.02B,$0.00B,20.00%,$0.02B,0,0.00%,$0.02B,0,0.00%,$0.02B,$0.00B,20.00%,$0.02B,$0.00B,20.00%,$0.00B,$0.09B,4.72%,$0.00B,$0.08B,5.14%,$0.00B,$0.54B,0.76%,$0.00B,$0.17B,2.57%,$5,$1,$4,$0,$3,$4,$1,$0,$1,$0,$1,$1,$1,$0,$0,$7,7,$0.11,$0.11,$15,$0,$0,$355,$3,$152,$7,$16,$180,$535,$365,$80,$5,$85,$450,$0,$28,$-0,$85,$535,$1,$1,$1,$1,$-0,$0,$0,$-0,$-0,$3,$-0,$0,$0,$0,$22,$22,$-29,$-8,$8,$6,$14,$-1,$-1,$-1,$-4,$9,$4,$0,$-1
4,2017-09-30,10.29,$10.87,0.95,$2.56,4.02,$1.40,7.37,$0.34,30.27,$0.34B,$0.37B,0.92,$0.08B,$0.09B,0.9,$0.02B,$0.02B,80.00%,$0.02B,$0.00B,20.00%,$0.02B,0,0.00%,$0.02B,0,0.00%,$0.02B,$0.00B,20.00%,$0.02B,$0.00B,20.00%,$0.00B,$0.09B,4.71%,$0.00B,$0.08B,5.13%,$0.00B,$0.53B,0.77%,$0.00B,$0.16B,2.65%,$5,$1,$4,$0,$3,$4,$1,$0,$1,$0,$1,$1,$1,$0,$0,$7,7,$0.08,$0.08,$5,$0,$0,$337,$3,$165,$7,$16,$193,$530,$366,$76,$3,$80,$446,$0,$27,$-0,$85,$530,$1,$0,$1,$1,$0,$0,$0,$-1,$-1,$1,$-0,$0,$0,$0,$9,$9,$-22,$-12,$-0,$9,$9,$-1,$-1,$-0,$-2,$6,$-6,$0,$-0
5,2017-06-30,10.3,$10.80,0.95,$2.50,4.12,$1.24,8.28,$0.32,32.19,$0.32B,$0.37B,0.87,$0.07B,$0.09B,0.79,$0.02B,$0.02B,84.21%,$0.02B,$0.00B,21.05%,$0.02B,0,0.00%,$0.02B,0,0.00%,$0.02B,$0.00B,21.05%,$0.02B,$0.00B,15.79%,$0.00B,$0.09B,3.53%,$0.00B,$0.08B,3.83%,$0.00B,$0.52B,0.58%,$0.00B,$0.15B,2.74%,$5,$1,$4,$0,$3,$4,$1,$0,$1,$0,$1,$1,$1,$0,$0,$7,7,$0.07,$0.07,$10,$0,$0,$321,$3,$175,$7,$16,$203,$524,$367,$67,$5,$72,$440,$0,$27,$-0,$85,$524,$2,$2,$1,$3,$-0,$0,$0,$-0,$-1,$4,$-0,$0,$0,$0,$43,$43,$-62,$-18,$14,$-1,$12,$-2,$-2,$-1,$10,$19,$5,$0,$-1
6,2017-03-31,9.92,$10.72,0.93,$2.40,4.13,$1.15,8.62,$0.26,38.15,$0.30B,$0.36B,0.82,$0.06B,$0.08B,0.72,$0.02B,$0.02B,83.33%,$0.02B,$0.00B,16.67%,$0.02B,0,0.00%,$0.02B,0,0.00%,$0.02B,$0.00B,16.67%,$0.02B,$0.00B,11.11%,$0.00B,$0.08B,2.35%,$0.00B,$0.08B,2.56%,$0.00B,$0.51B,0.39%,$0.00B,$0.14B,2.10%,$5,$1,$4,$0,$3,$4,$1,$0,$1,$0,$1,$1,$1,$0,$0,$7,7,$0.09,$0.09,$5,$0,$0,$298,$4,$184,$7,$16,$213,$511,$362,$60,$5,$65,$427,$0,$27,$-0,$84,$511,$2,$1,$0,$2,$-0,$0,$0,$0,$-0,$3,$-0,$0,$0,$0,$34,$34,$-44,$-10,$6,$-0,$6,$-2,$-2,$-1,$4,$7,$-0,$0,$-1
7,2016-12-31,9.6,$10.86,0.88,$2.33,4.12,$1.12,8.6,$0.21,45.7,$0.30B,$0.37B,0.81,$0.06B,$0.09B,0.72,$0.02B,$0.01B,82.35%,$0.02B,$0.00B,11.76%,$0.02B,0,0.00%,$0.02B,0,0.00%,$0.02B,$0.00B,11.76%,$0.02B,$0.00B,5.88%,$0.00B,$0.09B,1.17%,$0.00B,$0.08B,1.27%,$0.00B,$0.52B,0.20%,$0.00B,$0.15B,1.42%,$5,$1,$4,$0,$3,$4,$1,$0,$1,$0,$1,$1,$1,$0,$0,$7,7,$0.09,$0.09,$10,$0,$0,$298,$4,$194,$7,$16,$223,$521,$368,$62,$6,$67,$435,$0,$27,$-0,$86,$521,$1,$1,$0,$1,$-0,$0,$0,$0,$-0,$2,$-0,$0,$0,$0,$24,$24,$-38,$-14,$10,$-1,$9,$0,$0,$-0,$8,$17,$5,$0,$-0
