,Date,Stock Price,Book Value per Share,Price to Book Ratio,TTM Sales per Share,Price to Sales Ratio,TTM FCF per Share,Price to FCF Ratio,TTM Net EPS,PE Ratio,Current Assets,Current Liabilities,Current Ratio,Long Term Debt,Shareholder's Equity_x,Debt to Equity Ratio,TTM Revenue_x,TTM Gross Profit,Gross Margin,TTM Revenue_y,TTM Operating Income,Operating Margin,TTM Revenue_x,TTM EBIT,EBIT Margin,TTM Revenue_y,TTM EBITDA,EBITDA Margin,TTM Revenue_x,TTM Pre-Tax Income,Pre-Tax Margin,TTM Revenue_y,TTM Net Income_x,Net Margin,TTM Net Income_y,Shareholder's Equity_y,Return on Equity,TTM Net Income_x,Tangible Equity,Return on Tangible Equity,TTM Net Income_y,Total Assets,Return on Assets,TTM Net Income,LT Investments & Debt,Return on Investment,revenue,cost-goods-sold,gross-profit,research-development-expenses,selling-general-administrative-expenses,operating-expenses,operating-income,total-non-operating-income-expense,pre-tax-income,total-provision-income-taxes,income-after-taxes,income-from-continuous-operations,net-income,ebitda,ebit,basic-shares-outstanding,shares-outstanding,eps-basic-net-earnings-per-share,eps-earnings-per-share-diluted,cash-on-hand,inventory,other-current-assets,total-current-assets,net-property-plant-equipment,long-term-investments,goodwill-intangible-assets-total,other-long-term-assets,total-long-term-assets,total-assets,total-current-liabilities,long-term-debt,other-non-current-liabilities,total-long-term-liabilities,total-liabilities,common-stock-net,retained-earnings-accumulated-deficit,comprehensive-income,total-share-holder-equity,total-liabilities-share-holders-equity,net-income-loss,total-depreciation-amortization-cash-flow,other-non-cash-items,total-non-cash-items,change-in-accounts-receivable,change-in-inventories,change-in-accounts-payable,change-in-assets-liabilities,total-change-in-assets-liabilities,cash-flow-from-operating-activities,net-change-in-property-plant-equipment,net-change-in-intangible-assets,net-acquisitions-divestitures,net-change-in-short-term-investments,net-change-in-long-term-investments,net-change-in-investments-total,investing-activities-other,cash-flow-from-investing-activities,net-long-term-debt,net-current-debt,debt-issuance-retirement-net-total,net-common-equity-issued-repurchased,net-total-equity-issued-repurchased,total-common-preferred-stock-dividends-paid,financial-activities-other,cash-flow-from-financial-activities,net-cash-flow,stock-based-compensation,common-stock-dividends-paid
0,2018-09-30,17.12,$17.09,1.0,$5.39,3.18,$4.10,4.18,$1.24,13.81,$32.52B,$34.23B,0.95,$3.26B,$5.72B,0.57,$1.84B,$1.56B,84.84%,$1.84B,$0.56B,30.38%,$1.84B,0,0.00%,$1.84B,0,0.00%,$1.84B,$0.56B,30.38%,$1.84B,$0.43B,23.26%,$0.43B,$5.96B,7.28%,$0.43B,$3.39B,12.90%,$0.43B,$44.13B,0.97%,$0.56B,$9.21B,5.83%,$482,$84,$399,$0,$245,$333,$149,$0,$149,$32,$117,$117,$114,$0,$0,$341,345,$0.33,$0.33,$546,$0,$0,$32523,$244,$7376,$2569,$1421,$11610,$44133,$34233,$3255,$687,$3942,$38174,$4,$1221,$-271,$5959,$44133,$335,$42,$68,$109,$1,$0,$0,$14,$16,$460,$-41,$0,$-36,$-308,$-136,$-444,$436,$-84,$0,$-709,$-709,$25,$25,$-189,$154,$-720,$-345,$20,$-179
1,2018-06-30,17.92,$16.95,1.06,$5.25,3.41,$4.01,4.47,$1.17,15.31,$33.02B,$33.60B,0.98,$4.40B,$5.66B,0.78,$1.79B,$1.54B,85.95%,$1.79B,$0.54B,30.22%,$1.79B,0,0.00%,$1.79B,0,0.00%,$1.79B,$0.54B,30.22%,$1.79B,$0.40B,22.44%,$0.40B,$5.90B,6.88%,$0.40B,$3.33B,12.29%,$0.40B,$44.58B,0.91%,$0.54B,$10.30B,5.56%,$470,$74,$396,$0,$250,$329,$141,$0,$141,$31,$110,$110,$107,$0,$0,$341,345,$0.31,$0.31,$724,$0,$0,$33016,$246,$7316,$2574,$1422,$11558,$44575,$33597,$4399,$678,$5077,$38674,$4,$1168,$-261,$5900,$44575,$218,$28,$44,$72,$-1,$0,$0,$-16,$-16,$274,$-28,$0,$-36,$-213,$-129,$-342,$126,$-280,$0,$537,$537,$16,$16,$-126,$-588,$-161,$-167,$14,$-119
2,2018-03-31,18.31,$16.82,1.09,$5.11,3.58,$3.88,4.71,$1.05,17.44,$32.76B,$34.16B,0.96,$3.50B,$5.60B,0.63,$1.73B,$1.51B,87.06%,$1.73B,$0.50B,28.94%,$1.73B,0,0.00%,$1.73B,0,0.00%,$1.73B,$0.50B,28.94%,$1.73B,$0.36B,20.80%,$0.36B,$5.85B,6.23%,$0.36B,$3.29B,11.07%,$0.36B,$44.10B,0.82%,$0.50B,$9.35B,5.23%,$450,$63,$386,$0,$244,$312,$137,$0,$137,$29,$108,$108,$104,$0,$0,$340,344,$0.31,$0.30,$881,$0,$0,$32760,$250,$7165,$2555,$1371,$11340,$44101,$34160,$3503,$592,$4095,$38255,$4,$1121,$-256,$5846,$44101,$108,$14,$22,$37,$6,$0,$0,$4,$10,$154,$-11,$0,$0,$-134,$-46,$-179,$468,$277,$0,$-226,$-226,$9,$9,$-62,$-163,$-442,$-10,$7,$-59
3,2017-12-31,18.19,$16.79,1.08,$5.01,3.63,$4.01,4.54,$0.97,18.75,$33.25B,$34.39B,0.97,$3.68B,$5.58B,0.66,$1.66B,$1.45B,87.80%,$1.66B,$0.47B,28.20%,$1.66B,0,0.00%,$1.66B,0,0.00%,$1.66B,$0.47B,28.20%,$1.66B,$0.32B,19.50%,$0.32B,$5.82B,5.75%,$0.32B,$3.26B,10.11%,$0.32B,$44.45B,0.75%,$0.47B,$9.50B,5.02%,$438,$58,$380,$0,$239,$306,$132,$0,$132,$26,$106,$106,$103,$0,$0,$330,333,$0.30,$0.30,$891,$0,$0,$33248,$253,$7034,$2560,$1358,$11205,$44453,$34386,$3676,$572,$4248,$38634,$4,$1040,$-182,$5820,$44453,$337,$69,$140,$209,$20,$-1,$0,$37,$56,$602,$-19,$0,$29,$-1580,$1392,$-188,$-515,$-694,$-125,$-675,$-800,$58,$58,$-242,$1343,$360,$269,$26,$-228
4,2017-09-30,17.48,$16.67,1.05,$4.91,3.56,$3.28,5.33,$0.91,19.21,$32.89B,$33.62B,0.98,$3.98B,$5.50B,0.72,$1.59B,$1.41B,88.48%,$1.59B,$0.44B,27.77%,$1.59B,0,0.00%,$1.59B,0,0.00%,$1.59B,$0.44B,27.77%,$1.59B,$0.29B,18.51%,$0.29B,$5.75B,5.40%,$0.29B,$3.18B,9.40%,$0.29B,$44.00B,0.70%,$0.44B,$9.73B,4.77%,$429,$55,$374,$0,$236,$299,$130,$0,$130,$39,$91,$91,$87,$0,$0,$337,339,$0.26,$0.26,$725,$0,$0,$32891,$265,$6906,$2568,$1369,$11107,$43998,$33617,$3980,$655,$4635,$38252,$4,$996,$-170,$5746,$43998,$231,$51,$80,$131,$24,$-2,$0,$16,$38,$401,$-19,$0,$29,$-1236,$1325,$89,$-315,$-216,$-125,$-636,$-761,$25,$25,$-180,$834,$-82,$103,$18,$-169
5,2017-06-30,16.85,$16.57,1.02,$4.88,3.45,$3.02,5.57,$0.89,18.93,$32.09B,$32.77B,0.98,$4.04B,$5.46B,0.74,$1.53B,$1.37B,89.11%,$1.53B,$0.42B,27.18%,$1.53B,0,0.00%,$1.53B,0,0.00%,$1.53B,$0.42B,27.18%,$1.53B,$0.28B,18.32%,$0.28B,$5.70B,5.38%,$0.28B,$3.28B,9.27%,$0.28B,$43.02B,0.68%,$0.42B,$9.74B,4.58%,$414,$47,$367,$0,$257,$312,$102,$0,$102,$33,$69,$69,$66,$0,$0,$337,339,$0.20,$0.19,$680,$0,$0,$32086,$270,$6872,$2426,$1368,$10937,$43023,$32768,$4037,$514,$4551,$37320,$4,$968,$-175,$5704,$43023,$140,$34,$59,$92,$13,$-1,$0,$-34,$-22,$210,$-11,$0,$174,$-774,$818,$45,$-253,$-46,$-125,$14,$-111,$22,$22,$-118,$101,$-106,$58,$13,$-111
6,2017-03-31,17.2,$16.37,1.05,$4.87,3.54,$2.87,6.0,$0.93,18.49,$30.25B,$31.53B,0.96,$3.06B,$4.95B,0.62,$1.48B,$1.33B,89.29%,$1.48B,$0.42B,28.17%,$1.48B,0,0.00%,$1.48B,0,0.00%,$1.48B,$0.42B,28.17%,$1.48B,$0.28B,19.14%,$0.28B,$5.20B,5.67%,$0.28B,$3.06B,9.79%,$0.28B,$40.23B,0.70%,$0.42B,$8.26B,4.63%,$375,$42,$333,$0,$224,$272,$103,$0,$103,$32,$71,$71,$67,$0,$0,$309,311,$0.22,$0.22,$781,$0,$0,$30254,$239,$6416,$2136,$1185,$9976,$40230,$31528,$3064,$442,$3506,$35035,$4,$961,$-182,$5195,$40230,$71,$16,$37,$53,$22,$-1,$0,$32,$53,$177,$-8,$0,$0,$-345,$670,$325,$56,$374,$-125,$-873,$-998,$18,$18,$-56,$645,$-391,$159,$7,$-53
7,2016-12-31,18.13,$16.28,1.11,$4.85,3.74,$2.71,6.7,$0.92,19.71,$30.18B,$30.86B,0.98,$4.09B,$4.90B,0.84,$1.47B,$1.31B,89.45%,$1.47B,$0.41B,27.91%,$1.47B,0,0.00%,$1.47B,0,0.00%,$1.47B,$0.41B,27.91%,$1.47B,$0.28B,19.06%,$0.28B,$5.14B,5.71%,$0.28B,$3.00B,9.95%,$0.28B,$40.61B,0.70%,$0.41B,$9.23B,4.46%,$371,$40,$331,$0,$219,$264,$106,$0,$106,$30,$76,$76,$74,$0,$0,$303,304,$0.24,$0.24,$621,$0,$0,$30176,$245,$6731,$2142,$1316,$10434,$40610,$30857,$4091,$520,$4611,$35468,$4,$949,$-195,$5142,$40610,$281,$61,$103,$164,$-5,$-0,$0,$-104,$-109,$336,$-26,$0,$-60,$-513,$193,$-320,$-1348,$-1753,$0,$-248,$-248,$85,$329,$-208,$1443,$1317,$-101,$21,$-206
8,2016-09-30,14.66,$15.63,0.94,$4.86,3.02,$2.59,5.66,$0.91,16.11,$29.92B,$30.83B,0.97,$4.32B,$4.86B,0.89,$1.47B,$1.32B,89.64%,$1.47B,$0.41B,27.88%,$1.47B,0,0.00%,$1.47B,0,0.00%,$1.47B,$0.41B,27.88%,$1.47B,$0.28B,18.88%,$0.28B,$4.86B,5.77%,$0.28B,$2.79B,10.16%,$0.28B,$40.69B,0.70%,$0.41B,$9.18B,4.45%,$375,$39,$336,$0,$224,$269,$106,$0,$106,$33,$74,$74,$74,$0,$0,$303,303,$0.24,$0.24,$727,$0,$0,$29915,$245,$7040,$2070,$1422,$10777,$40692,$30830,$4316,$684,$5000,$35830,$4,$927,$-120,$4862,$40692,$205,$45,$72,$117,$-12,$-0,$0,$-24,$-36,$286,$-21,$0,$0,$-287,$-225,$-512,$-971,$-1504,$0,$131,$131,$7,$7,$-154,$1238,$1222,$5,$15,$-154
9,2016-06-30,13.44,$15.54,0.86,$4.81,2.8,$2.27,5.91,$0.90,14.93,$29.59B,$30.00B,0.99,$4.62B,$4.83B,0.96,$1.45B,$1.30B,89.79%,$1.45B,$0.41B,27.95%,$1.45B,0,0.00%,$1.45B,0,0.00%,$1.45B,$0.41B,27.95%,$1.45B,$0.27B,18.70%,$0.27B,$4.83B,5.68%,$0.27B,$2.75B,10.08%,$0.27B,$40.15B,0.70%,$0.41B,$9.45B,4.56%,$364,$39,$325,$0,$217,$261,$103,$0,$103,$34,$69,$69,$69,$0,$0,$303,303,$0.23,$0.23,$715,$0,$0,$29594,$250,$6779,$2076,$1452,$10556,$40150,$30000,$4621,$700,$5320,$35320,$4,$906,$-120,$4830,$40150,$131,$30,$49,$79,$-27,$-0,$0,$-39,$-66,$144,$-13,$0,$0,$-184,$-59,$-243,$-634,$-890,$0,$257,$257,$2,$2,$-102,$582,$738,$-8,$10,$-102
10,2016-03-31,14.44,$15.43,0.94,$4.76,3.03,$2.19,6.59,$0.87,16.6,$28.89B,$29.76B,0.97,$4.11B,$4.79B,0.86,$1.43B,$1.29B,89.95%,$1.43B,$0.40B,27.63%,$1.43B,0,0.00%,$1.43B,0,0.00%,$1.43B,$0.40B,27.63%,$1.43B,$0.26B,18.35%,$0.26B,$4.79B,5.55%,$0.26B,$2.71B,9.93%,$0.26B,$39.26B,0.69%,$0.40B,$8.91B,4.60%,$360,$38,$322,$0,$222,$266,$95,$0,$95,$32,$63,$63,$63,$0,$0,$302,302,$0.21,$0.21,$561,$0,$0,$28887,$252,$6725,$2079,$1321,$10377,$39264,$29760,$4114,$599,$4713,$34473,$4,$890,$-135,$4791,$39264,$63,$15,$25,$40,$3,$0,$0,$11,$14,$116,$-2,$0,$0,$-90,$-127,$-217,$-105,$-323,$0,$-589,$-589,$-2,$-2,$-51,$688,$46,$-162,$5,$-51
11,2015-12-31,14.47,$15.26,0.95,$4.74,3.06,$1.76,8.22,$0.86,16.83,$28.96B,$29.26B,0.99,$4.50B,$4.73B,0.95,$1.42B,$1.28B,90.30%,$1.42B,$0.39B,27.50%,$1.42B,0,0.00%,$1.42B,0,0.00%,$1.42B,$0.39B,27.50%,$1.42B,$0.26B,18.21%,$0.26B,$4.73B,5.50%,$0.26B,$2.64B,9.89%,$0.26B,$38.95B,0.69%,$0.39B,$9.23B,4.68%,$368,$35,$332,$0,$221,$262,$105,$0,$105,$35,$71,$71,$71,$0,$0,$300,300,$0.23,$0.23,$722,$0,$0,$28956,$258,$6443,$2088,$1202,$9990,$38947,$29261,$4497,$457,$4954,$34215,$4,$881,$-177,$4732,$38947,$260,$63,$98,$161,$-2,$2,$0,$-93,$-93,$328,$-57,$0,$-10,$-703,$-743,$-1447,$-1834,$-3347,$0,$618,$618,$24,$24,$-201,$2279,$2721,$-298,$23,$-201
12,2015-09-30,13.95,$15.28,0.91,$4.67,2.98,$1.90,7.34,$0.85,16.41,$28.05B,$29.11B,0.96,$3.21B,$4.73B,0.68,$1.40B,$1.27B,90.50%,$1.40B,$0.38B,27.36%,$1.40B,0,0.00%,$1.40B,0,0.00%,$1.40B,$0.38B,27.36%,$1.40B,$0.25B,18.14%,$0.25B,$4.73B,5.42%,$0.25B,$2.65B,9.81%,$0.25B,$37.48B,0.69%,$0.38B,$7.94B,4.77%,$357,$35,$322,$0,$215,$256,$102,$0,$102,$33,$68,$68,$68,$0,$0,$301,301,$0.23,$0.23,$553,$0,$0,$28054,$259,$5913,$2085,$1167,$9424,$37478,$29112,$3209,$426,$3635,$32747,$4,$861,$-146,$4731,$37478,$189,$47,$69,$116,$-4,$0,$0,$-102,$-106,$199,$-32,$0,$0,$-455,$-408,$-863,$-1090,$-1985,$0,$-693,$-693,$19,$19,$-151,$2142,$1317,$-469,$4,$-151
13,2015-06-30,14.23,$15.13,0.94,$4.64,3.07,$2.07,6.88,$0.83,17.15,$27.98B,$28.38B,0.99,$3.65B,$4.69B,0.78,$1.39B,$1.26B,90.76%,$1.39B,$0.37B,26.84%,$1.39B,0,0.00%,$1.39B,0,0.00%,$1.39B,$0.37B,26.84%,$1.39B,$0.25B,17.82%,$0.25B,$4.69B,5.30%,$0.25B,$2.60B,9.63%,$0.25B,$37.18B,0.68%,$0.37B,$8.33B,4.60%,$348,$34,$313,$0,$214,$254,$94,$0,$94,$32,$62,$62,$61,$0,$0,$300,300,$0.20,$0.20,$567,$0,$0,$27980,$263,$5747,$2091,$1102,$9203,$37183,$28382,$3645,$470,$4115,$32498,$4,$844,$-165,$4686,$37183,$121,$32,$48,$79,$-24,$0,$0,$-51,$-75,$125,$-20,$0,$0,$8,$-675,$-667,$-979,$-1666,$0,$-128,$-128,$16,$16,$-100,$1297,$1085,$-455,$3,$-100
14,2015-03-31,13.2,$15.16,0.87,$4.67,2.82,$2.21,5.97,$0.87,15.17,$27.34B,$28.13B,0.97,$3.21B,$4.68B,0.69,$1.40B,$1.27B,91.25%,$1.40B,$0.39B,27.89%,$1.40B,0,0.00%,$1.40B,0,0.00%,$1.40B,$0.39B,27.89%,$1.40B,$0.26B,18.49%,$0.26B,$4.68B,5.55%,$0.26B,$2.59B,10.13%,$0.26B,$36.41B,0.73%,$0.39B,$7.89B,4.79%,$349,$32,$317,$0,$222,$260,$90,$0,$90,$31,$59,$59,$59,$0,$0,$299,299,$0.20,$0.20,$565,$0,$0,$27343,$268,$5568,$2097,$1131,$9064,$36407,$28127,$3208,$390,$3599,$31725,$4,$833,$-141,$4682,$36407,$59,$16,$25,$41,$-17,$0,$0,$-87,$-104,$-4,$-12,$0,$0,$-71,$-443,$-514,$-347,$-872,$0,$-548,$-548,$5,$5,$-50,$1012,$420,$-457,$1,$-50
15,2014-12-31,13.03,$15.05,0.87,$4.63,2.81,$2.58,5.05,$0.85,15.33,$27.55B,$27.54B,1.0,$3.33B,$4.63B,0.72,$1.38B,$1.26B,91.46%,$1.38B,$0.38B,27.52%,$1.38B,0,0.00%,$1.38B,0,0.00%,$1.38B,$0.38B,27.52%,$1.38B,$0.25B,18.25%,$0.25B,$4.63B,5.44%,$0.25B,$2.53B,10.01%,$0.25B,$36.00B,0.73%,$0.38B,$7.96B,4.69%,$346,$32,$315,$0,$211,$249,$97,$0,$97,$33,$65,$65,$66,$0,$0,$298,298,$0.21,$0.21,$1122,$0,$0,$27550,$278,$5004,$2103,$1063,$8447,$35997,$27538,$3325,$501,$3826,$31364,$4,$827,$-168,$4633,$35997,$252,$64,$81,$146,$-10,$0,$0,$-37,$-47,$350,$-39,$0,$0,$-251,$311,$59,$-2230,$-2210,$375,$-1363,$-987,$3,$3,$-197,$3581,$2400,$539,$20,$-197
16,2014-09-30,12.28,$15.13,0.81,$4.55,2.7,$2.54,4.83,$0.83,14.79,$26.62B,$26.21B,1.02,$3.49B,$4.66B,0.75,$1.37B,$1.26B,91.54%,$1.37B,$0.37B,27.13%,$1.37B,0,0.00%,$1.37B,0,0.00%,$1.37B,$0.37B,27.13%,$1.37B,$0.24B,17.80%,$0.24B,$4.66B,5.29%,$0.24B,$2.55B,9.78%,$0.24B,$34.78B,0.72%,$0.37B,$8.14B,4.46%,$343,$30,$313,$0,$215,$252,$91,$0,$91,$30,$62,$62,$61,$0,$0,$298,298,$0.21,$0.21,$828,$0,$0,$26619,$283,$4679,$2109,$1086,$8156,$34775,$26210,$3489,$421,$3910,$30120,$4,$812,$-125,$4655,$34775,$187,$48,$53,$102,$-10,$0,$0,$-42,$-51,$238,$-21,$0,$0,$-348,$471,$122,$-1587,$-1487,$375,$-1639,$-1264,$2,$2,$-147,$2704,$1294,$45,$15,$-147
17,2014-06-30,12.73,$15.07,0.85,$4.50,2.83,$2.65,4.81,$0.81,15.72,$25.87B,$25.06B,1.03,$3.84B,$4.64B,0.83,$1.37B,$1.25B,91.65%,$1.37B,$0.37B,26.79%,$1.37B,0,0.00%,$1.37B,0,0.00%,$1.37B,$0.37B,26.79%,$1.37B,$0.24B,17.72%,$0.24B,$4.64B,5.25%,$0.24B,$2.52B,9.74%,$0.24B,$33.92B,0.73%,$0.37B,$8.47B,4.45%,$357,$29,$328,$0,$211,$246,$111,$0,$111,$39,$72,$72,$72,$0,$0,$298,298,$0.24,$0.24,$571,$0,$0,$25868,$289,$4572,$2115,$1077,$8053,$33921,$25064,$3838,$384,$4222,$29286,$4,$801,$-126,$4636,$33921,$125,$32,$28,$60,$-11,$0,$0,$-21,$-32,$153,$-6,$0,$0,$-35,$511,$476,$-1081,$-611,$394,$-1283,$-888,$1,$1,$-98,$1531,$546,$89,$10,$-98
18,2014-03-31,12.34,$14.95,0.83,$4.38,2.82,$2.51,4.92,$0.77,16.02,$24.97B,$24.93B,1.0,$3.26B,$4.60B,0.71,$1.35B,$1.23B,91.54%,$1.35B,$0.35B,25.91%,$1.35B,0,0.00%,$1.35B,0,0.00%,$1.35B,$0.35B,25.91%,$1.35B,$0.23B,17.22%,$0.23B,$4.60B,5.02%,$0.23B,$2.48B,9.32%,$0.23B,$33.11B,0.72%,$0.35B,$7.85B,4.37%,$335,$28,$307,$0,$220,$255,$81,$0,$81,$28,$53,$53,$53,$0,$0,$298,298,$0.18,$0.18,$509,$0,$0,$24965,$293,$4682,$2121,$1052,$8147,$33112,$24934,$3258,$324,$3583,$28517,$4,$778,$-138,$4596,$33112,$53,$16,$26,$42,$6,$0,$0,$-7,$-1,$94,$-0,$0,$0,$-13,$306,$293,$-251,$41,$0,$-1169,$-1169,$0,$0,$-49,$1108,$-109,$26,$12,$-49
19,2013-12-31,12.4,$14.88,0.83,$4.28,2.9,$2.39,5.2,$0.75,16.54,$24.71B,$23.90B,1.03,$4.36B,$4.57B,0.95,$1.35B,$1.23B,91.38%,$1.35B,$0.35B,25.85%,$1.35B,0,0.00%,$1.35B,0,0.00%,$1.35B,$0.35B,25.85%,$1.35B,$0.23B,17.24%,$0.23B,$4.57B,4.94%,$0.23B,$2.44B,9.08%,$0.23B,$33.21B,0.73%,$0.35B,$8.93B,4.48%,$336,$29,$307,$0,$212,$247,$89,$0,$89,$29,$59,$59,$58,$0,$0,$312,312,$0.19,$0.19,$483,$0,$0,$24709,$304,$5024,$2127,$1049,$8505,$33214,$23895,$4359,$392,$4751,$28645,$4,$779,$-155,$4568,$33214,$232,$67,$109,$176,$48,$-2,$0,$-75,$-29,$379,$-66,$0,$0,$0,$-537,$-537,$-2700,$-3303,$-21,$2674,$2653,$-459,$-459,$-205,$807,$2796,$-127,$19,$-205
20,2013-09-30,11.67,$14.69,0.79,$4.22,2.77,$2.73,4.28,$0.73,15.98,$23.67B,$23.44B,1.01,$3.01B,$4.64B,0.65,$1.35B,$1.24B,91.57%,$1.35B,$0.36B,26.31%,$1.35B,0,0.00%,$1.35B,0,0.00%,$1.35B,$0.36B,26.31%,$1.35B,$0.24B,17.44%,$0.24B,$4.64B,4.91%,$0.24B,$2.50B,8.85%,$0.24B,$31.51B,0.76%,$0.36B,$7.65B,4.91%,$338,$29,$310,$0,$218,$253,$85,$0,$85,$27,$59,$59,$59,$0,$0,$308,308,$0.19,$0.19,$602,$0,$0,$23669,$314,$4373,$2134,$1021,$7841,$31511,$23440,$3010,$423,$3433,$26873,$4,$771,$-203,$4638,$31511,$173,$50,$70,$120,$43,$0,$0,$-46,$-4,$290,$-34,$0,$0,$0,$90,$90,$-1526,$-1469,$-21,$1237,$1217,$-328,$-328,$-155,$439,$1173,$-6,$14,$-155
21,2013-06-30,11.96,$14.72,0.81,$4.13,2.89,$3.06,3.91,$0.72,16.61,$23.25B,$23.40B,0.99,$2.85B,$4.68B,0.61,$1.36B,$1.25B,91.75%,$1.36B,$0.36B,26.75%,$1.36B,0,0.00%,$1.36B,0,0.00%,$1.36B,$0.36B,26.75%,$1.36B,$0.24B,17.61%,$0.24B,$4.68B,4.85%,$0.24B,$2.54B,8.61%,$0.24B,$31.35B,0.79%,$0.36B,$7.52B,5.33%,$338,$29,$309,$0,$208,$244,$94,$0,$94,$32,$62,$62,$62,$0,$0,$313,314,$0.20,$0.20,$506,$0,$0,$23254,$320,$4611,$2140,$1019,$8091,$31345,$23402,$2845,$420,$3266,$26667,$4,$763,$-179,$4678,$31345,$115,$33,$46,$80,$3,$0,$0,$-62,$-59,$135,$-24,$0,$0,$0,$-110,$-110,$-1153,$-1286,$-21,$1241,$1221,$-299,$-299,$-105,$231,$1049,$-102,$10,$-105
22,2013-03-31,10.64,$14.86,0.72,$4.05,2.63,$3.41,3.12,$0.71,14.98,$22.48B,$23.23B,0.97,$2.07B,$4.89B,0.42,$1.36B,$1.25B,91.89%,$1.36B,$0.36B,26.82%,$1.36B,0,0.00%,$1.36B,0,0.00%,$1.36B,$0.36B,26.82%,$1.36B,$0.24B,17.83%,$0.24B,$4.89B,4.80%,$0.24B,$2.74B,8.38%,$0.24B,$30.60B,0.82%,$0.36B,$6.95B,5.70%,$334,$29,$304,$0,$218,$254,$80,$0,$80,$27,$53,$53,$53,$0,$0,$325,325,$0.16,$0.16,$454,$0,$0,$22478,$327,$4710,$2147,$936,$8120,$30598,$23234,$2067,$412,$2479,$25712,$4,$754,$-109,$4886,$30598,$53,$17,$25,$42,$26,$0,$0,$-46,$-19,$75,$-11,$0,$0,$0,$-89,$-89,$-435,$-535,$0,$464,$464,$-146,$-146,$-53,$41,$306,$-154,$5,$-53
23,2012-12-31,9.46,$14.84,0.64,$3.99,2.37,$3.67,2.58,$0.72,13.14,$22.23B,$22.96B,0.97,$1.84B,$5.04B,0.37,$1.36B,$1.25B,92.11%,$1.36B,$0.37B,27.29%,$1.36B,0,0.00%,$1.36B,0,0.00%,$1.36B,$0.37B,27.29%,$1.36B,$0.25B,18.14%,$0.25B,$5.04B,4.81%,$0.25B,$2.89B,8.32%,$0.25B,$30.32B,0.86%,$0.37B,$6.88B,6.09%,$343,$27,$316,$0,$213,$246,$97,$0,$97,$35,$61,$61,$62,$0,$0,$338,338,$0.18,$0.18,$608,$0,$0,$22234,$330,$4662,$2154,$945,$8091,$30324,$22959,$1837,$490,$2327,$25286,$4,$756,$-97,$5039,$30324,$245,$66,$140,$206,$24,$65,$0,$-26,$63,$514,$-59,$0,$0,$0,$-1736,$-1736,$-1108,$-2903,$494,$1534,$2028,$-222,$-222,$-218,$621,$2210,$-180,$19,$-218
24,2012-09-30,9.38,$14.69,0.64,$3.94,2.38,$2.78,3.37,$0.66,14.21,$21.34B,$22.26B,0.96,$0.79B,$5.11B,0.16,$1.35B,$1.24B,91.85%,$1.35B,$0.32B,24.02%,$1.35B,0,0.00%,$1.35B,0,0.00%,$1.35B,$0.33B,24.31%,$1.35B,$0.22B,16.46%,$0.22B,$5.11B,4.30%,$0.22B,$2.95B,7.41%,$0.22B,$28.58B,0.79%,$0.32B,$5.90B,5.61%,$342,$26,$316,$0,$217,$250,$92,$0,$92,$30,$62,$62,$62,$0,$0,$336,337,$0.18,$0.18,$428,$0,$0,$21342,$335,$3781,$2160,$958,$7234,$28576,$22258,$790,$421,$1211,$23469,$4,$750,$-79,$5107,$28576,$184,$49,$76,$126,$41,$66,$0,$15,$121,$431,$-40,$0,$0,$0,$-893,$-893,$-432,$-1365,$0,$671,$671,$-165,$-165,$-164,$233,$575,$-359,$20,$-164
25,2012-06-30,8.84,$14.75,0.6,$3.92,2.26,$1.91,4.63,$0.63,14.04,$20.98B,$21.91B,0.96,$0.67B,$5.15B,0.13,$1.36B,$1.25B,91.34%,$1.36B,$0.33B,24.06%,$1.36B,0,0.00%,$1.36B,0,0.00%,$1.36B,$0.31B,22.89%,$1.36B,$0.21B,15.48%,$0.21B,$5.15B,4.05%,$0.21B,$2.98B,6.93%,$0.21B,$28.15B,0.76%,$0.33B,$5.81B,5.70%,$338,$27,$311,$0,$210,$243,$95,$0,$95,$30,$65,$65,$65,$0,$0,$341,341,$0.19,$0.19,$500,$0,$0,$20983,$337,$3690,$2166,$978,$7172,$28154,$21911,$667,$430,$1097,$23008,$4,$754,$-90,$5147,$28154,$122,$44,$36,$80,$44,$60,$0,$-36,$68,$270,$-29,$0,$0,$0,$-814,$-814,$68,$-775,$0,$105,$105,$-111,$-111,$-110,$329,$213,$-293,$14,$-110
26,2012-03-31,9.95,$14.66,0.68,$3.88,2.56,$1.18,8.42,$0.59,16.86,$21.49B,$21.72B,0.99,$0.52B,$5.18B,0.1,$1.35B,$1.23B,90.99%,$1.35B,$0.32B,23.34%,$1.35B,0,0.00%,$1.35B,0,0.00%,$1.35B,$0.29B,21.71%,$1.35B,$0.20B,14.55%,$0.20B,$5.18B,3.77%,$0.20B,$3.01B,6.34%,$0.20B,$27.81B,0.73%,$0.32B,$5.70B,5.49%,$333,$27,$306,$0,$214,$247,$86,$0,$86,$28,$57,$57,$57,$0,$0,$345,345,$0.17,$0.17,$1131,$0,$0,$21494,$330,$2872,$2169,$942,$6314,$27808,$21720,$518,$389,$907,$22627,$4,$746,$-93,$5181,$27808,$57,$22,$18,$40,$45,$49,$0,$-26,$68,$165,$-8,$0,$0,$0,$-12,$-12,$-113,$-133,$0,$-45,$-45,$-58,$-58,$-55,$452,$295,$328,$7,$-55
27,2011-12-31,9.54,$14.59,0.65,$3.86,2.47,$0.52,18.42,$0.57,16.74,$21.16B,$21.34B,0.99,$0.49B,$5.22B,0.09,$1.35B,$1.22B,90.58%,$1.35B,$0.31B,23.07%,$1.35B,0,0.00%,$1.35B,0,0.00%,$1.35B,$0.29B,21.22%,$1.35B,$0.19B,14.17%,$0.19B,$5.22B,3.66%,$0.19B,$3.04B,6.05%,$0.19B,$27.56B,0.73%,$0.31B,$5.71B,5.38%,$336,$30,$306,$0,$255,$285,$51,$0,$55,$17,$38,$38,$38,$0,$0,$349,349,$0.11,$0.11,$853,$0,$0,$21157,$340,$2860,$2174,$1028,$6402,$27558,$21340,$492,$511,$1003,$22343,$4,$735,$-96,$5215,$27558,$192,$86,$143,$229,$-21,$12,$0,$-238,$-247,$174,$-16,$0,$147,$519,$388,$907,$-1318,$-281,$-44,$-369,$-412,$-248,$-248,$-221,$815,$-67,$-174,$28,$-221
28,2011-09-30,8.36,$13.38,0.63,$3.70,2.26,$0.57,14.8,$0.54,15.49,$21.24B,$21.03B,1.01,$0.49B,$5.29B,0.09,$1.30B,$1.17B,90.12%,$1.30B,$0.35B,26.70%,$1.30B,0,0.00%,$1.30B,0,0.00%,$1.30B,$0.27B,21.14%,$1.30B,$0.18B,13.89%,$0.18B,$5.29B,3.45%,$0.18B,$3.14B,5.60%,$0.18B,$27.21B,0.70%,$0.35B,$5.78B,5.93%,$356,$34,$322,$0,$226,$260,$96,$-20,$76,$25,$52,$52,$51,$0,$0,$358,358,$0.14,$0.14,$1220,$0,$0,$21237,$363,$2470,$2151,$992,$5977,$27213,$21034,$493,$396,$889,$21923,$4,$758,$-37,$5291,$27213,$151,$63,$56,$119,$43,$14,$0,$-207,$-151,$119,$-15,$0,$147,$-1,$1300,$1299,$-1036,$394,$-44,$-346,$-390,$-248,$-248,$-166,$486,$-318,$196,$22,$-166
29,2011-06-30,9.74,$14.63,0.67,$3.49,2.79,$0.75,13.06,$0.46,21.17,$18.79B,$19.13B,0.98,$0.64B,$5.19B,0.12,$1.22B,$1.09B,89.64%,$1.22B,$0.29B,23.60%,$1.22B,0,0.00%,$1.22B,0,0.00%,$1.22B,$0.23B,19.24%,$1.22B,$0.15B,12.58%,$0.15B,$5.19B,2.92%,$0.15B,$3.25B,4.60%,$0.15B,$25.32B,0.63%,$0.29B,$5.83B,4.97%,$329,$32,$298,$0,$215,$246,$83,$-6,$77,$26,$51,$51,$51,$0,$0,$344,344,$0.15,$0.15,$1242,$0,$0,$18789,$324,$3141,$1947,$1122,$6533,$25323,$19132,$637,$360,$997,$20129,$4,$763,$-70,$5194,$25323,$103,$41,$44,$84,$52,$-1,$0,$-228,$-178,$9,$-16,$0,$-215,$519,$-150,$369,$-420,$-281,$0,$299,$299,$-61,$-61,$-109,$345,$474,$202,$15,$-109
30,2011-03-31,9.01,$14.54,0.62,$3.30,2.73,$1.06,8.52,$0.35,25.75,$18.69B,$18.79B,1.0,$0.66B,$5.16B,0.13,$1.16B,$1.04B,89.00%,$1.16B,$0.23B,19.76%,$1.16B,0,0.00%,$1.16B,0,0.00%,$1.16B,$0.18B,15.46%,$1.16B,$0.12B,10.14%,$0.12B,$5.16B,2.23%,$0.12B,$3.21B,3.45%,$0.12B,$24.96B,0.50%,$0.23B,$5.82B,4.02%,$327,$33,$295,$0,$214,$247,$81,$-3,$78,$26,$52,$52,$51,$0,$0,$346,346,$0.15,$0.15,$1326,$0,$0,$18690,$326,$3118,$1953,$875,$6272,$24962,$18786,$658,$358,$1016,$19802,$4,$767,$-98,$5160,$24962,$52,$20,$21,$41,$71,$-1,$0,$-222,$-153,$-60,$-11,$0,$0,$520,$-169,$351,$-197,$143,$-6,$149,$143,$-62,$-62,$-54,$177,$204,$287,$7,$-54
31,2010-12-31,9.92,$14.53,0.68,$3.10,3.2,$1.34,7.43,$0.24,41.32,$18.80B,$18.44B,1.02,$0.69B,$5.22B,0.13,$1.10B,$0.97B,88.13%,$1.10B,$0.18B,16.80%,$1.10B,0,0.00%,$1.10B,0,0.00%,$1.10B,$0.12B,11.14%,$1.10B,$0.08B,7.40%,$0.08B,$5.22B,1.51%,$0.08B,$3.26B,2.28%,$0.08B,$25.04B,0.36%,$0.18B,$5.91B,3.24%,$284,$31,$253,$0,$167,$198,$86,$-5,$43,$14,$29,$29,$27,$0,$0,$353,353,$0.08,$0.08,$1558,$0,$0,$18802,$325,$2950,$1962,$999,$6235,$25037,$18435,$691,$692,$1382,$19818,$4,$773,$-99,$5219,$25037,$83,$73,$84,$157,$-17,$-8,$0,$11,$-14,$226,$-49,$0,$-189,$-120,$-1449,$-1569,$162,$-1644,$-66,$-549,$-615,$-198,$-198,$-218,$-14,$-1045,$-2464,$31,$-218
32,2010-09-30,9.15,$14.67,0.62,$3.00,3.05,$0.99,9.28,$0.22,41.59,$16.66B,$15.92B,1.05,$0.19B,$5.37B,0.04,$1.05B,$0.91B,86.70%,$1.05B,$0.13B,12.73%,$1.05B,0,0.00%,$1.05B,0,0.00%,$1.05B,$0.11B,10.72%,$1.05B,$0.08B,7.37%,$0.08B,$5.37B,1.44%,$0.08B,$3.59B,2.12%,$0.08B,$21.90B,0.36%,$0.13B,$5.56B,2.40%,$276,$32,$244,$0,$207,$239,$37,$-1,$36,$12,$24,$24,$24,$0,$0,$355,355,$0.07,$0.07,$1622,$0,$0,$16664,$254,$2394,$1772,$813,$5233,$21897,$15919,$193,$421,$614,$16533,$4,$799,$-59,$5365,$21897,$54,$54,$73,$127,$1,$-8,$0,$28,$21,$201,$-34,$0,$-260,$0,$-1871,$-1871,$308,$-1857,$0,$-721,$-721,$-82,$-82,$-163,$2,$-964,$-2620,$24,$-163
33,2010-06-30,9.33,$14.72,0.63,$3.04,3.07,$0.95,9.85,$0.23,40.58,$17.42B,$15.97B,1.09,$0.19B,$5.41B,0.04,$1.04B,$0.89B,85.30%,$1.04B,$0.14B,12.97%,$1.04B,0,0.00%,$1.04B,0,0.00%,$1.04B,$0.12B,11.05%,$1.04B,$0.08B,7.68%,$0.08B,$5.41B,1.52%,$0.08B,$3.64B,2.20%,$0.08B,$21.95B,0.37%,$0.14B,$5.60B,2.47%,$277,$33,$244,$0,$218,$251,$26,$-3,$23,$7,$16,$16,$16,$0,$0,$358,358,$0.04,$0.04,$2377,$0,$0,$17420,$255,$1711,$1778,$786,$4531,$21950,$15967,$190,$380,$570,$16537,$4,$831,$-61,$5413,$21950,$30,$35,$44,$79,$0,$0,$0,$8,$9,$117,$-13,$0,$-260,$0,$-1197,$-1197,$329,$-1142,$0,$-834,$-834,$-56,$-56,$-107,$161,$-837,$-1861,$17,$-107
34,2010-03-31,10.69,$14.74,0.73,$3.11,3.44,$0.56,19.06,$0.27,39.6,$18.04B,$15.56B,1.16,$0.19B,$5.48B,0.04,$1.04B,$0.87B,83.57%,$1.04B,$0.15B,13.93%,$1.04B,0,0.00%,$1.04B,0,0.00%,$1.04B,$0.13B,12.30%,$1.04B,$0.09B,8.55%,$0.09B,$5.48B,1.71%,$0.09B,$3.71B,2.45%,$0.09B,$21.59B,0.42%,$0.15B,$5.67B,2.68%,$258,$34,$224,$0,$189,$223,$35,$-15,$20,$7,$14,$14,$14,$0,$0,$345,345,$0.04,$0.04,$2899,$0,$0,$18038,$258,$811,$1767,$715,$3550,$21588,$15562,$193,$355,$548,$16110,$4,$875,$-73,$5479,$21588,$14,$17,$17,$35,$16,$0,$0,$-41,$-24,$24,$1,$0,$-292,$400,$22,$422,$118,$250,$0,$-767,$-767,$-2,$-2,$-51,$-48,$-868,$-594,$8,$-51
35,2009-12-31,11.32,$14.78,0.77,$3.16,3.58,$0.53,21.49,$0.31,36.52,$17.96B,$15.59B,1.15,$0.20B,$5.10B,0.04,$1.05B,$0.86B,82.00%,$1.05B,$0.15B,13.90%,$1.05B,0,0.00%,$1.05B,0,0.00%,$1.05B,$0.14B,13.71%,$1.05B,$0.10B,9.43%,$0.10B,$5.10B,1.93%,$0.10B,$3.59B,2.75%,$0.10B,$21.26B,0.47%,$0.15B,$5.30B,2.74%,$234,$40,$194,$0,$159,$199,$35,$0,$33,$9,$25,$25,$23,$0,$0,$332,332,$0.07,$0.07,$3894,$0,$0,$17955,$265,$826,$1515,$696,$3302,$21257,$15590,$197,$370,$567,$16157,$4,$915,$-75,$5101,$21257,$101,$66,$51,$117,$-40,$-54,$0,$-20,$-114,$104,$-53,$0,$0,$-449,$1092,$643,$281,$871,$0,$-29,$-29,$-2,$-2,$-204,$1195,$960,$1934,$30,$-204
36,2009-09-30,10.45,$14.82,0.71,$3.32,3.14,$0.91,11.43,$0.35,29.86,$17.63B,$15.19B,1.16,$0.20B,$5.12B,0.04,$1.10B,$0.89B,81.13%,$1.10B,$0.15B,13.52%,$1.10B,0,0.00%,$1.10B,0,0.00%,$1.10B,$0.16B,14.61%,$1.10B,$0.11B,9.98%,$0.11B,$5.12B,2.14%,$0.11B,$3.60B,3.04%,$0.11B,$20.81B,0.53%,$0.15B,$5.31B,2.79%,$272,$47,$226,$0,$187,$233,$39,$0,$39,$12,$27,$27,$27,$0,$0,$332,332,$0.08,$0.08,$3498,$0,$0,$17627,$262,$540,$1520,$861,$3183,$20810,$15189,$197,$309,$506,$15695,$4,$943,$-81,$5115,$20810,$76,$49,$45,$94,$-24,$11,$0,$24,$10,$180,$-37,$0,$0,$-49,$-69,$-118,$222,$67,$0,$-35,$-35,$1,$1,$-153,$799,$613,$860,$23,$-153
37,2009-06-30,10.03,$14.89,0.67,$3.40,2.95,$0.83,12.01,$0.41,24.46,$17.81B,$15.17B,1.17,$0.20B,$5.14B,0.04,$1.13B,$0.90B,80.04%,$1.13B,$0.18B,15.88%,$1.13B,0,0.00%,$1.13B,0,0.00%,$1.13B,$0.19B,16.95%,$1.13B,$0.13B,11.45%,$0.13B,$5.14B,2.49%,$0.13B,$3.61B,3.54%,$0.13B,$20.81B,0.63%,$0.18B,$5.33B,3.33%,$277,$51,$226,$0,$190,$241,$36,$0,$36,$11,$25,$25,$25,$0,$0,$332,332,$0.08,$0.08,$3428,$0,$0,$17814,$258,$479,$1525,$736,$2998,$20812,$15169,$196,$311,$506,$15675,$4,$975,$-83,$5137,$20812,$50,$32,$20,$52,$-158,$9,$0,$35,$-114,$-12,$-19,$0,$0,$6,$784,$790,$131,$901,$0,$-28,$-28,$0,$0,$-101,$772,$643,$1532,$16,$-101
38,2009-03-31,11.84,$14.96,0.79,$3.48,3.41,$1.06,11.19,$0.46,25.75,$17.57B,$15.02B,1.17,$0.20B,$5.16B,0.04,$1.15B,$0.91B,78.71%,$1.15B,$0.21B,18.07%,$1.15B,0,0.00%,$1.15B,0,0.00%,$1.15B,$0.22B,19.11%,$1.15B,$0.15B,12.77%,$0.15B,$5.16B,2.83%,$0.15B,$3.63B,4.02%,$0.15B,$20.68B,0.72%,$0.21B,$5.36B,3.86%,$267,$52,$215,$0,$179,$231,$36,$0,$36,$12,$24,$24,$24,$0,$0,$332,332,$0.07,$0.07,$3083,$0,$0,$17572,$260,$789,$1531,$529,$3109,$20681,$15016,$196,$309,$505,$15521,$4,$999,$-75,$5160,$20681,$24,$16,$10,$26,$-69,$5,$0,$42,$-22,$28,$-15,$0,$0,$6,$1068,$1074,$-37,$1022,$0,$-3,$-3,$0,$0,$-50,$586,$533,$1583,$8,$-50
39,2008-12-31,11.65,$15.01,0.78,$3.70,3.15,$1.16,10.07,$0.43,27.1,$15.91B,$14.44B,1.1,$0.20B,$5.17B,0.04,$1.22B,$0.94B,76.99%,$1.22B,$0.23B,18.84%,$1.22B,0,0.00%,$1.22B,0,0.00%,$1.22B,$0.21B,16.79%,$1.22B,$0.14B,11.30%,$0.14B,$5.17B,2.65%,$0.14B,$3.64B,3.76%,$0.14B,$20.17B,0.68%,$0.23B,$5.37B,4.25%,$286,$59,$227,$0,$190,$249,$38,$13,$50,$16,$34,$34,$34,$0,$0,$329,330,$0.09,$0.09,$1505,$0,$0,$15914,$262,$1880,$1536,$576,$4254,$20168,$14442,$196,$356,$552,$14994,$4,$1021,$-75,$5174,$20168,$138,$61,$50,$111,$-59,$-3,$0,$37,$-24,$225,$-47,$0,$-763,$435,$-875,$-440,$64,$-1186,$0,$44,$44,$28,$28,$-194,$-817,$-939,$-1900,$28,$-194
40,2008-09-30,12.47,$15.20,0.82,$3.61,3.46,$1.02,12.28,$0.48,25.97,$17.18B,$14.29B,1.2,$0.20B,$5.24B,0.04,$1.16B,$0.88B,76.08%,$1.16B,$0.26B,22.38%,$1.16B,0,0.00%,$1.16B,0,0.00%,$1.16B,$0.22B,19.19%,$1.16B,$0.15B,12.91%,$0.15B,$5.24B,2.98%,$0.15B,$3.70B,3.90%,$0.15B,$20.04B,0.80%,$0.26B,$5.43B,5.01%,$297,$63,$234,$0,$166,$228,$69,$0,$69,$23,$46,$46,$46,$0,$0,$330,331,$0.14,$0.14,$3004,$0,$0,$17180,$266,$395,$1537,$664,$2862,$20042,$14288,$196,$320,$515,$14803,$4,$1038,$-16,$5239,$20042,$104,$46,$50,$96,$-23,$-15,$0,$-17,$-55,$145,$-28,$0,$-763,$7,$999,$1006,$296,$511,$0,$8,$8,$27,$27,$-144,$-959,$-1068,$-413,$21,$-144
41,2008-06-30,10.01,$15.18,0.66,$3.54,2.83,$0.92,10.84,$0.54,18.54,$17.10B,$14.66B,1.17,$0.20B,$5.21B,0.04,$1.11B,$0.84B,75.57%,$1.11B,$0.28B,25.16%,$1.11B,0,0.00%,$1.11B,0,0.00%,$1.11B,$0.24B,21.81%,$1.11B,$0.16B,14.66%,$0.16B,$5.21B,3.34%,$0.16B,$3.67B,4.02%,$0.16B,$20.39B,0.94%,$0.28B,$5.41B,5.58%,$301,$71,$230,$0,$165,$236,$65,$0,$65,$22,$43,$43,$43,$0,$0,$329,330,$0.13,$0.13,$2880,$0,$0,$17095,$267,$837,$1541,$652,$3298,$20392,$14660,$195,$326,$521,$15181,$4,$1042,$-17,$5211,$20392,$58,$30,$36,$66,$-41,$-11,$0,$-15,$-67,$58,$-16,$0,$-763,$35,$131,$166,$286,$-327,$0,$0,$0,$9,$9,$-94,$-579,$-664,$-933,$14,$-94
42,2008-03-31,11.02,$15.24,0.72,$3.42,3.22,$0.83,13.34,$0.46,23.95,$17.64B,$15.29B,1.15,$0.20B,$5.22B,0.04,$1.04B,$0.78B,75.51%,$1.04B,$0.23B,22.47%,$1.04B,0,0.00%,$1.04B,0,0.00%,$1.04B,$0.20B,18.90%,$1.04B,$0.13B,12.83%,$0.13B,$5.22B,2.84%,$0.13B,$3.68B,3.16%,$0.13B,$21.11B,0.86%,$0.23B,$5.42B,4.88%,$337,$89,$249,$0,$191,$280,$58,$-37,$21,$6,$15,$15,$15,$0,$0,$328,329,$0.05,$0.05,$3303,$0,$0,$17643,$269,$951,$1536,$707,$3464,$21107,$15291,$197,$401,$597,$15888,$4,$1049,$-4,$5219,$21107,$15,$15,$26,$41,$-21,$-6,$0,$25,$-3,$53,$-8,$0,$-763,$7,$77,$84,$145,$-542,$0,$5,$5,$2,$2,$-44,$50,$12,$-476,$7,$-44
43,2007-12-31,11.23,$14.90,0.75,$3.04,3.69,$0.78,14.44,$0.65,17.28,$12.71B,$8.88B,1.43,$0.07B,$4.45B,0.02,$0.89B,$0.67B,75.36%,$0.89B,$0.23B,25.20%,$0.89B,0,0.00%,$0.89B,0,0.00%,$0.89B,$0.23B,25.20%,$0.89B,$0.15B,17.02%,$0.15B,$4.45B,4.10%,$0.15B,$4.34B,4.22%,$0.15B,$13.56B,1.16%,$0.23B,$4.51B,5.96%,$227,$56,$171,$0,$103,$159,$68,$0,$68,$23,$46,$46,$46,$0,$0,$291,292,$0.16,$0.16,$3831,$0,$0,$12708,$157,$43,$104,$543,$847,$13555,$8881,$65,$163,$229,$9109,$3,$1080,$-19,$4445,$13555,$151,$26,$50,$75,$-52,$11,$0,$-5,$-46,$180,$-63,$0,$0,$-428,$11,$-417,$449,$-32,$0,$-4,$-4,$2996,$2996,$-131,$-194,$2666,$2816,$14,$-131
44,2007-09-30,10.82,$15.07,0.72,$2.92,3.71,$0.46,23.73,$0.62,17.37,$12.74B,$8.78B,1.45,$0.07B,$4.53B,0.01,$0.86B,$0.64B,74.59%,$0.86B,$0.21B,24.48%,$0.86B,0,0.00%,$0.86B,0,0.00%,$0.86B,$0.21B,24.48%,$0.86B,$0.15B,16.82%,$0.15B,$4.53B,4.94%,$0.15B,$4.43B,5.12%,$0.15B,$13.55B,1.17%,$0.21B,$4.60B,7.04%,$240,$55,$185,$0,$98,$153,$87,$0,$87,$29,$57,$57,$58,$0,$0,$290,291,$0.20,$0.20,$3877,$0,$0,$12739,$151,$43,$104,$513,$812,$13551,$8782,$65,$170,$235,$9017,$3,$1074,$-41,$4534,$13551,$105,$19,$47,$65,$-44,$7,$0,$-12,$-49,$121,$-45,$0,$0,$-1430,$10,$-1420,$467,$-998,$0,$-4,$-4,$3121,$3121,$-93,$-293,$2731,$1856,$8,$-93
45,2007-06-30,11.02,$14.97,0.74,$2.67,4.13,$0.26,42.43,$0.48,22.93,$13.02B,$9.09B,1.43,$0.07B,$4.50B,0.01,$0.79B,$0.58B,72.60%,$0.79B,$0.15B,18.94%,$0.79B,0,0.00%,$0.79B,0,0.00%,$0.79B,$0.15B,18.94%,$0.79B,$0.10B,13.13%,$0.10B,$4.50B,4.86%,$0.10B,$4.40B,5.11%,$0.10B,$13.82B,0.89%,$0.15B,$4.57B,6.77%,$233,$56,$178,$0,$158,$213,$20,$0,$20,$7,$13,$13,$14,$0,$0,$291,292,$0.05,$0.05,$4042,$0,$0,$13016,$147,$43,$105,$511,$806,$13822,$9091,$65,$162,$227,$9318,$3,$1055,$-49,$4504,$13822,$47,$12,$44,$56,$-38,$3,$0,$-26,$-61,$43,$-34,$0,$0,$-1418,$5,$-1413,$354,$-1094,$0,$-4,$-4,$3121,$3121,$-54,$16,$3079,$2029,$2,$-54
46,2007-03-31,13.05,$9.55,1.37,$2.48,5.25,$0.41,31.8,$0.54,24.17,$10.82B,$9.98B,1.09,$0.07B,$1.36B,0.05,$0.74B,$0.53B,71.60%,$0.74B,$0.18B,24.09%,$0.74B,0,0.00%,$0.74B,0,0.00%,$0.74B,$0.18B,24.09%,$0.74B,$0.12B,16.55%,$0.12B,$1.36B,9.15%,$0.12B,$1.25B,9.93%,$0.12B,$11.60B,1.12%,$0.18B,$1.42B,12.28%,$193,$54,$139,$0,$89,$143,$50,$0,$50,$17,$33,$33,$34,$0,$0,$298,299,$0.11,$0.11,$1584,$0,$0,$10820,$143,$43,$105,$492,$783,$11602,$9975,$65,$203,$268,$10244,$142,$1081,$-46,$1359,$11602,$34,$6,$0,$6,$-21,$0,$0,$24,$3,$43,$-16,$0,$0,$0,$4,$4,$80,$67,$0,$4,$4,$2,$2,$-16,$885,$875,$986,$0,$-16
47,2006-12-31,13.04,$9.42,1.38,$3.11,4.2,$0.54,24.13,$0.41,31.49,$9.90B,$9.09B,1.09,$0.07B,$1.34B,0.05,$0.73B,$0.53B,72.47%,$0.73B,$0.18B,24.66%,$0.73B,0,0.00%,$0.73B,0,0.00%,$0.73B,$0.18B,24.66%,$0.73B,$0.12B,16.99%,$0.12B,$1.34B,9.32%,$0.12B,$1.24B,10.12%,$0.12B,$10.69B,1.14%,$0.18B,$1.41B,12.37%,$196,$55,$141,$0,$87,$142,$54,$0,$54,$16,$39,$39,$39,$0,$0,$297,299,$0.01,$0.00,$598,$0,$0,$9896,$137,$48,$105,$501,$791,$10687,$9087,$65,$195,$261,$9347,$142,$1062,$-48,$1340,$10687,$124,$23,$-27,$-3,$-56,$-2,$0,$-3,$-61,$60,$-37,$0,$0,$25,$1290,$1315,$-806,$472,$-44,$-291,$-334,$6,$6,$-60,$0,$-389,$145,$4,$-60
