,Date,Stock Price,Book Value per Share,Price to Book Ratio,TTM Sales per Share,Price to Sales Ratio,TTM FCF per Share,Price to FCF Ratio,TTM Net EPS,PE Ratio,Current Assets,Current Liabilities,Current Ratio,Long Term Debt,Shareholder's Equity_x,Debt to Equity Ratio,TTM Revenue_x,TTM Gross Profit,Gross Margin,TTM Revenue_y,TTM Operating Income,Operating Margin,TTM Revenue_x,TTM EBIT,EBIT Margin,TTM Revenue_y,TTM EBITDA,EBITDA Margin,TTM Revenue_x,TTM Pre-Tax Income,Pre-Tax Margin,TTM Revenue_y,TTM Net Income_x,Net Margin,TTM Net Income_y,Shareholder's Equity_y,Return on Equity,TTM Net Income_x,Tangible Equity,Return on Tangible Equity,TTM Net Income_y,Total Assets,Return on Assets,TTM Net Income,LT Investments & Debt,Return on Investment,revenue,cost-goods-sold,gross-profit,research-development-expenses,selling-general-administrative-expenses,operating-expenses,operating-income,total-non-operating-income-expense,pre-tax-income,total-provision-income-taxes,income-after-taxes,income-from-continuous-operations,net-income,ebitda,ebit,basic-shares-outstanding,shares-outstanding,eps-basic-net-earnings-per-share,eps-earnings-per-share-diluted,cash-on-hand,inventory,other-current-assets,total-current-assets,net-property-plant-equipment,long-term-investments,goodwill-intangible-assets-total,other-long-term-assets,total-long-term-assets,total-assets,total-current-liabilities,long-term-debt,other-non-current-liabilities,total-long-term-liabilities,total-liabilities,common-stock-net,retained-earnings-accumulated-deficit,comprehensive-income,total-share-holder-equity,total-liabilities-share-holders-equity,net-income-loss,total-depreciation-amortization-cash-flow,other-non-cash-items,total-non-cash-items,change-in-accounts-receivable,change-in-inventories,change-in-accounts-payable,change-in-assets-liabilities,total-change-in-assets-liabilities,cash-flow-from-operating-activities,net-change-in-property-plant-equipment,net-change-in-intangible-assets,net-acquisitions-divestitures,net-change-in-short-term-investments,net-change-in-long-term-investments,net-change-in-investments-total,investing-activities-other,cash-flow-from-investing-activities,net-long-term-debt,net-current-debt,debt-issuance-retirement-net-total,net-common-equity-issued-repurchased,net-total-equity-issued-repurchased,total-common-preferred-stock-dividends-paid,financial-activities-other,cash-flow-from-financial-activities,net-cash-flow,stock-based-compensation,common-stock-dividends-paid
0,2018-09-30,37.89,$23.06,1.64,$19.22,1.97,$9.15,4.14,$6.37,5.95,$0.32B,$0.15B,2.16,$1.90B,$1.19B,1.59,$1.02B,$0.57B,55.59%,$1.02B,$0.21B,20.10%,$1.02B,$0.21B,20.10%,$1.02B,$0.24B,23.92%,$1.02B,$0.10B,9.31%,$1.02B,$0.34B,33.33%,$0.34B,$1.19B,28.63%,$0.34B,$-2.13B,-15.42%,$0.34B,$3.70B,8.99%,$0.21B,$3.09B,6.46%,$239,$102,$137,$0,$61,$168,$71,$-27,$44,$13,$31,$31,$31,$81,$71,$52,52,$0.59,$0.59,$37,$114,$0,$315,$52,$0,$3328,$3,$3383,$3698,$146,$1896,$22,$2358,$2504,$1,$803,$-24,$1193,$3698,$65,$19,$4,$23,$-8,$-4,$4,$0,$7,$95,$-5,$0,$66,$0,$0,$0,$0,$61,$-100,$0,$-100,$-49,$-49,$0,$-2,$-151,$4,$4,$0
1,2018-06-30,38.38,$22.46,1.71,$19.45,1.97,$9.36,4.1,$6.35,6.04,$0.31B,$0.14B,2.21,$1.99B,$1.16B,1.72,$1.04B,$0.57B,55.25%,$1.04B,$0.21B,20.21%,$1.04B,$0.21B,20.21%,$1.04B,$0.25B,23.97%,$1.04B,$0.10B,9.62%,$1.04B,$0.34B,32.72%,$0.34B,$1.16B,30.53%,$0.34B,$-2.17B,-14.61%,$0.34B,$3.77B,8.87%,$0.21B,$3.16B,6.67%,$254,$113,$141,$0,$61,$181,$72,$-26,$46,$12,$34,$34,$34,$82,$72,$53,53,$0.65,$0.65,$34,$119,$0,$314,$52,$0,$3336,$66,$3454,$3769,$142,$1994,$23,$2465,$2607,$1,$772,$-22,$1162,$3769,$34,$9,$8,$18,$-4,$-9,$16,$1,$4,$56,$-2,$0,$0,$0,$0,$0,$0,$-2,$0,$0,$0,$-49,$-49,$0,$-2,$-51,$2,$2,$0
2,2018-03-31,33.72,$22.22,1.52,$19.45,1.73,$9.32,3.62,$6.33,5.33,$0.30B,$0.12B,2.46,$1.99B,$1.18B,1.69,$1.04B,$0.58B,55.28%,$1.04B,$0.22B,20.83%,$1.04B,$0.22B,20.83%,$1.04B,$0.26B,24.57%,$1.04B,$0.11B,10.27%,$1.04B,$0.34B,32.63%,$0.34B,$1.18B,32.76%,$0.34B,$-2.22B,-13.90%,$0.34B,$3.76B,8.80%,$0.22B,$3.17B,6.98%,$256,$115,$141,$0,$57,$278,$-22,$-30,$-53,$-13,$-40,$-40,$-40,$-12,$-22,$53,54,$-0.75,$-0.74,$33,$119,$0,$303,$53,$0,$3401,$4,$3457,$3761,$123,$1993,$23,$2459,$2582,$1,$736,$-19,$1179,$3761,$340,$40,$-154,$-114,$-5,$-2,$-10,$33,$-16,$210,$-13,$0,$1,$0,$0,$0,$0,$-12,$-209,$0,$-209,$2,$2,$0,$-2,$-209,$-9,$9,$0
3,2017-12-31,44.41,$22.95,1.93,$19.18,2.32,$8.36,5.31,$7.29,6.09,$0.33B,$0.15B,2.19,$2.05B,$1.22B,1.69,$1.03B,$0.57B,55.01%,$1.03B,$0.29B,28.43%,$1.03B,$0.29B,28.43%,$1.03B,$0.33B,32.23%,$1.03B,$0.18B,17.43%,$1.03B,$0.39B,38.07%,$0.39B,$1.22B,41.21%,$0.39B,$-2.29B,-15.24%,$0.39B,$3.90B,10.02%,$0.29B,$3.27B,9.51%,$271,$123,$148,$0,$57,$187,$84,$-26,$58,$-257,$315,$315,$315,$93,$84,$53,54,$5.93,$5.88,$45,$115,$0,$332,$51,$0,$3508,$6,$3566,$3898,$152,$2053,$22,$2529,$2680,$1,$776,$-18,$1217,$3898,$379,$30,$-247,$-217,$-14,$1,$-11,$18,$-7,$156,$-10,$0,$1,$0,$0,$0,$0,$-9,$-145,$0,$-145,$1,$1,$0,$-1,$-145,$4,$7,$0
4,2017-09-30,50.09,$16.89,2.97,$18.19,2.75,$8.24,6.08,$2.00,25.05,$0.33B,$0.16B,2.06,$2.09B,$0.90B,2.34,$0.97B,$0.54B,55.70%,$0.97B,$0.28B,28.47%,$0.97B,$0.28B,28.47%,$0.97B,$0.31B,32.27%,$0.97B,$0.17B,17.68%,$0.97B,$0.11B,11.10%,$0.11B,$0.90B,12.79%,$0.11B,$-2.62B,-4.47%,$0.11B,$3.90B,2.97%,$0.28B,$2.99B,9.87%,$258,$114,$144,$0,$61,$182,$76,$-26,$49,$19,$31,$31,$31,$86,$76,$53,54,$0.58,$0.57,$43,$119,$0,$331,$50,$0,$3515,$7,$3571,$3902,$161,$2092,$22,$2846,$3006,$1,$461,$-23,$896,$3902,$64,$21,$23,$44,$-9,$-3,$8,$17,$1,$109,$-5,$0,$1,$0,$0,$0,$0,$-4,$-105,$0,$-105,$1,$1,$0,$-1,$-105,$1,$5,$0
5,2017-06-30,52.81,$16.20,3.26,$17.40,3.04,$8.18,6.46,$2.03,26.01,$0.33B,$0.15B,2.14,$2.15B,$0.86B,2.5,$0.93B,$0.52B,56.13%,$0.93B,$0.27B,29.25%,$0.93B,$0.27B,29.25%,$0.93B,$0.31B,33.12%,$0.93B,$0.17B,18.60%,$0.93B,$0.11B,11.72%,$0.11B,$0.86B,13.39%,$0.11B,$-2.66B,-4.95%,$0.11B,$3.90B,3.24%,$0.27B,$3.00B,10.37%,$257,$113,$143,$0,$57,$178,$79,$-26,$53,$19,$34,$34,$34,$89,$79,$53,54,$0.64,$0.63,$44,$119,$0,$328,$50,$0,$3514,$7,$3571,$3900,$154,$2145,$17,$2887,$3041,$1,$430,$-25,$859,$3900,$34,$10,$12,$22,$2,$-3,$-8,$9,$-2,$54,$-3,$0,$1,$0,$0,$0,$0,$-2,$-50,$0,$-50,$0,$0,$0,$-1,$-51,$2,$2,$0
6,2017-03-31,55.56,$15.53,3.58,$16.57,3.35,$8.17,6.8,$1.30,42.74,$0.33B,$0.16B,2.06,$2.19B,$0.82B,2.67,$0.88B,$0.50B,56.74%,$0.88B,$0.21B,23.22%,$0.88B,$0.21B,23.22%,$0.88B,$0.24B,27.18%,$0.88B,$0.11B,12.57%,$0.88B,$0.07B,7.81%,$0.07B,$0.82B,8.80%,$0.07B,$-2.70B,-3.45%,$0.07B,$3.91B,2.22%,$0.21B,$3.02B,8.37%,$241,$110,$130,$0,$70,$188,$53,$-34,$19,$8,$11,$11,$11,$63,$53,$53,53,$0.20,$0.21,$42,$116,$0,$334,$51,$0,$3519,$7,$3577,$3911,$162,$2194,$18,$2927,$3089,$1,$397,$-26,$823,$3911,$69,$34,$58,$92,$-19,$-10,$21,$-8,$-13,$149,$-3,$0,$-693,$0,$0,$0,$1,$-695,$570,$0,$570,$4,$4,$0,$-13,$561,$15,$8,$0
7,2016-12-31,52.1,$15.11,3.45,$15.97,3.26,$8.69,5.99,$1.35,38.59,$0.29B,$0.13B,2.2,$1.42B,$0.80B,1.77,$0.85B,$0.49B,57.53%,$0.85B,$0.22B,25.53%,$0.85B,$0.22B,25.53%,$0.85B,$0.25B,29.65%,$0.85B,$0.12B,13.76%,$0.85B,$0.07B,8.47%,$0.07B,$0.80B,9.42%,$0.07B,$-1.70B,-3.98%,$0.07B,$2.81B,2.51%,$0.22B,$2.22B,9.48%,$217,$92,$125,$0,$53,$147,$69,$-19,$51,$19,$32,$32,$32,$76,$69,$53,53,$0.60,$0.59,$63,$101,$0,$291,$13,$0,$2502,$5,$2520,$2811,$132,$1416,$3,$1879,$2011,$1,$386,$-35,$800,$2811,$58,$25,$46,$71,$-12,$-17,$7,$11,$12,$141,$-2,$0,$111,$0,$0,$0,$1,$110,$-216,$0,$-216,$3,$3,$0,$-1,$-213,$36,$6,$0
8,2016-09-30,48.27,$14.63,3.3,$15.67,3.08,$8.60,5.61,$1.29,37.42,$0.28B,$0.11B,2.45,$1.48B,$0.78B,1.91,$0.83B,$0.48B,57.74%,$0.83B,$0.21B,25.33%,$0.83B,$0.21B,25.33%,$0.83B,$0.25B,29.53%,$0.83B,$0.11B,13.09%,$0.83B,$0.07B,8.16%,$0.07B,$0.78B,9.14%,$0.07B,$-1.76B,-3.77%,$0.07B,$2.83B,2.41%,$0.21B,$2.25B,9.27%,$215,$91,$124,$0,$47,$144,$71,$-21,$50,$18,$32,$32,$32,$80,$71,$53,53,$0.61,$0.60,$30,$98,$36,$280,$14,$0,$2533,$5,$2551,$2831,$114,$1480,$3,$1942,$2056,$1,$354,$-27,$775,$2831,$27,$18,$49,$67,$0,$-11,$1,$10,$7,$101,$-1,$52,$0,$0,$0,$0,$0,$51,$-151,$0,$-151,$3,$3,$0,$-1,$-148,$3,$4,$0
9,2016-06-30,55.4,$13.94,3.98,$15.51,3.57,$8.41,6.59,$1.29,42.95,$0.28B,$0.10B,2.81,$1.58B,$0.74B,2.14,$0.82B,$0.48B,57.89%,$0.82B,$0.21B,25.49%,$0.82B,$0.21B,25.49%,$0.82B,$0.24B,29.61%,$0.82B,$0.11B,13.11%,$0.82B,$0.07B,8.25%,$0.07B,$0.74B,9.42%,$0.07B,$-1.84B,-3.79%,$0.07B,$2.88B,2.45%,$0.21B,$2.32B,9.32%,$210,$88,$122,$0,$47,$197,$12,$-21,$-9,$-3,$-6,$-6,$-6,$21,$12,$53,53,$-0.10,$-0.10,$29,$93,$42,$281,$15,$0,$2580,$2,$2597,$2878,$100,$1577,$3,$2041,$2141,$1,$322,$-29,$737,$2878,$-6,$9,$48,$57,$5,$-4,$-3,$6,$-1,$51,$-1,$0,$0,$0,$0,$0,$0,$-1,$-50,$0,$-50,$3,$3,$0,$-1,$-48,$2,$2,$0
10,2016-03-31,53.39,$14.11,3.78,$15.18,3.52,$8.27,6.45,$1.88,28.4,$0.25B,$0.11B,2.33,$1.63B,$0.74B,2.18,$0.81B,$0.47B,57.94%,$0.81B,$0.26B,32.38%,$0.81B,$0.26B,32.38%,$0.81B,$0.29B,36.35%,$0.81B,$0.16B,19.48%,$0.81B,$0.10B,12.41%,$0.10B,$0.74B,14.21%,$0.10B,$-1.94B,-5.64%,$0.10B,$2.95B,3.69%,$0.26B,$2.37B,11.78%,$208,$90,$118,$0,$47,$143,$65,$-41,$25,$11,$14,$14,$14,$75,$65,$53,53,$0.26,$0.26,$27,$91,$0,$249,$16,$0,$2683,$1,$2700,$2949,$107,$1625,$3,$2098,$2204,$1,$327,$-24,$744,$2949,$100,$33,$66,$99,$2,$-3,$-11,$-8,$-22,$176,$-3,$0,$-227,$0,$0,$0,$7,$-223,$59,$0,$59,$7,$7,$0,$-14,$52,$6,$10,$0
11,2015-12-31,51.48,$13.67,3.77,$14.88,3.46,$8.06,6.39,$2.07,24.87,$0.23B,$0.09B,2.63,$1.45B,$0.72B,2.01,$0.79B,$0.46B,58.25%,$0.79B,$0.26B,32.61%,$0.79B,$0.26B,32.61%,$0.79B,$0.29B,36.55%,$0.79B,$0.17B,21.45%,$0.79B,$0.11B,13.96%,$0.11B,$0.72B,16.31%,$0.11B,$-1.68B,-6.33%,$0.11B,$2.64B,4.17%,$0.26B,$2.17B,11.84%,$200,$83,$117,$0,$48,$138,$63,$-19,$43,$15,$28,$28,$28,$70,$63,$53,53,$0.53,$0.53,$49,$81,$0,$228,$12,$0,$2399,$1,$2413,$2641,$87,$1447,$3,$1833,$1920,$1,$313,$-30,$721,$2641,$86,$23,$39,$62,$2,$-7,$-18,$5,$-12,$136,$-2,$0,$0,$0,$0,$0,$7,$5,$-116,$0,$-116,$7,$7,$0,$-5,$-114,$28,$7,$0
12,2015-09-30,45.16,$13.00,3.47,$14.86,3.04,$7.63,5.92,$1.94,23.28,$0.21B,$0.09B,2.21,$1.47B,$0.69B,2.15,$0.79B,$0.45B,57.76%,$0.79B,$0.25B,31.93%,$0.79B,$0.25B,31.93%,$0.79B,$0.28B,36.01%,$0.79B,$0.16B,20.36%,$0.79B,$0.10B,13.10%,$0.10B,$0.69B,15.93%,$0.10B,$-1.72B,-5.80%,$0.10B,$2.63B,3.89%,$0.25B,$2.16B,11.46%,$206,$86,$120,$0,$44,$136,$70,$-21,$49,$17,$32,$32,$32,$78,$70,$53,53,$0.60,$0.60,$22,$77,$0,$206,$13,$0,$2407,$1,$2421,$2627,$93,$1472,$2,$1848,$1941,$1,$285,$-35,$686,$2627,$58,$15,$27,$43,$-4,$-4,$-5,$3,$-10,$91,$-1,$0,$0,$0,$0,$0,$0,$-1,$-90,$0,$-90,$7,$7,$0,$-5,$-88,$1,$5,$0
13,2015-06-30,46.24,$12.57,3.68,$14.43,3.2,$7.01,6.6,$1.65,28.02,$0.20B,$0.10B,1.98,$1.51B,$0.66B,2.27,$0.76B,$0.44B,57.42%,$0.76B,$0.23B,29.96%,$0.76B,$0.23B,29.96%,$0.76B,$0.26B,33.77%,$0.76B,$0.14B,18.27%,$0.76B,$0.09B,11.43%,$0.09B,$0.66B,13.95%,$0.09B,$-1.76B,-4.80%,$0.09B,$2.64B,3.26%,$0.23B,$2.17B,10.27%,$192,$80,$112,$0,$44,$130,$63,$-22,$40,$14,$26,$26,$26,$70,$63,$53,53,$0.50,$0.49,$22,$74,$0,$201,$13,$0,$2421,$2,$2435,$2637,$102,$1507,$3,$1872,$1974,$1,$254,$-24,$663,$2637,$26,$8,$15,$23,$3,$-0,$1,$-2,$-6,$44,$-0,$0,$0,$0,$0,$0,$0,$-0,$-45,$0,$-45,$7,$7,$0,$-5,$-43,$0,$3,$0
14,2015-03-31,42.89,$12.00,3.57,$13.58,3.16,$6.75,6.35,$1.48,28.98,$0.20B,$0.10B,2.04,$1.56B,$0.63B,2.49,$0.72B,$0.41B,56.92%,$0.72B,$0.21B,29.09%,$0.72B,$0.21B,29.09%,$0.72B,$0.23B,32.73%,$0.72B,$0.13B,17.76%,$0.72B,$0.08B,10.91%,$0.08B,$0.63B,12.91%,$0.08B,$-1.80B,-4.75%,$0.08B,$2.64B,3.15%,$0.21B,$2.19B,10.06%,$190,$80,$110,$0,$43,$129,$61,$-24,$37,$14,$24,$24,$24,$70,$61,$52,53,$0.45,$0.46,$21,$74,$0,$202,$14,$0,$2425,$1,$2440,$2642,$99,$1561,$2,$1915,$2014,$1,$227,$-23,$628,$2642,$78,$27,$36,$62,$2,$15,$-18,$5,$16,$156,$4,$0,$-809,$0,$0,$0,$0,$-805,$656,$0,$656,$4,$4,$0,$-17,$643,$-7,$7,$0
15,2014-12-31,34.72,$11.65,2.98,$12.70,2.73,$5.79,6.0,$1.33,26.11,$0.20B,$0.09B,2.21,$1.64B,$0.61B,2.69,$0.67B,$0.38B,56.29%,$0.67B,$0.19B,28.74%,$0.67B,$0.19B,28.74%,$0.67B,$0.21B,32.04%,$0.67B,$0.12B,17.51%,$0.67B,$0.07B,10.48%,$0.07B,$0.61B,11.90%,$0.07B,$-1.83B,-4.84%,$0.07B,$2.68B,3.09%,$0.19B,$2.25B,10.13%,$198,$86,$112,$0,$50,$141,$57,$-23,$34,$12,$21,$21,$21,$65,$57,$52,53,$0.41,$0.40,$22,$75,$0,$201,$13,$0,$2436,$31,$2480,$2681,$91,$1638,$0,$1981,$2072,$1,$204,$-16,$609,$2681,$54,$18,$25,$43,$2,$14,$-25,$8,$7,$104,$6,$0,$-809,$0,$0,$0,$0,$-803,$706,$0,$706,$4,$4,$0,$-17,$693,$-6,$5,$0
16,2014-09-30,32.37,$11.39,2.84,$11.72,2.76,$5.18,6.24,$0.99,32.7,$0.22B,$0.11B,1.99,$1.69B,$0.59B,2.84,$0.62B,$0.34B,55.93%,$0.62B,$0.18B,28.46%,$0.62B,$0.18B,28.46%,$0.62B,$0.20B,32.36%,$0.62B,$0.09B,14.15%,$0.62B,$0.05B,8.46%,$0.05B,$0.59B,9.09%,$0.05B,$-1.86B,-4.16%,$0.05B,$2.73B,2.52%,$0.18B,$2.28B,10.21%,$181,$79,$103,$0,$52,$135,$47,$-18,$28,$12,$16,$16,$16,$52,$47,$52,53,$0.32,$0.31,$22,$83,$0,$222,$12,$0,$2458,$33,$2503,$2726,$112,$1685,$0,$2020,$2132,$1,$182,$-7,$594,$2726,$33,$10,$15,$25,$-8,$7,$-6,$3,$-1,$57,$-1,$0,$-809,$0,$0,$0,$0,$-811,$761,$0,$761,$3,$3,$0,$-17,$747,$-7,$3,$0
17,2014-06-30,33.89,$11.27,3.01,$11.47,2.96,$5.15,6.59,$1.31,25.87,$0.16B,$0.08B,2.04,$0.97B,$0.59B,1.66,$0.60B,$0.33B,55.57%,$0.60B,$0.18B,30.28%,$0.60B,$0.18B,30.28%,$0.60B,$0.21B,34.28%,$0.60B,$0.10B,15.97%,$0.60B,$0.07B,11.48%,$0.07B,$0.59B,12.35%,$0.07B,$-1.08B,-6.59%,$0.07B,$1.85B,3.77%,$0.18B,$1.56B,11.94%,$146,$64,$82,$0,$36,$103,$43,$-15,$28,$11,$17,$17,$17,$47,$43,$52,53,$0.32,$0.32,$16,$66,$0,$160,$11,$0,$1661,$22,$1694,$1854,$78,$970,$0,$1190,$1268,$1,$166,$3,$586,$1854,$17,$4,$9,$13,$7,$2,$-3,$-2,$-0,$30,$-0,$0,$-78,$0,$0,$0,$0,$-78,$35,$0,$35,$1,$1,$0,$-0,$36,$-13,$2,$0
18,2014-03-31,27.25,$10.87,2.51,$11.43,2.38,$5.00,5.45,$1.39,19.6,$0.18B,$0.08B,2.1,$0.93B,$0.56B,1.66,$0.60B,$0.34B,56.02%,$0.60B,$0.19B,31.44%,$0.60B,$0.19B,31.44%,$0.60B,$0.21B,35.62%,$0.60B,$0.10B,17.06%,$0.60B,$0.07B,12.21%,$0.07B,$0.56B,13.59%,$0.07B,$-1.02B,-7.03%,$0.07B,$1.80B,4.05%,$0.19B,$1.50B,12.54%,$143,$64,$79,$0,$31,$98,$45,$-18,$27,$11,$16,$16,$16,$50,$45,$52,52,$0.31,$0.30,$28,$66,$0,$177,$10,$0,$1586,$23,$1618,$1796,$84,$934,$0,$1148,$1232,$1,$149,$1,$563,$1796,$73,$24,$27,$51,$10,$-3,$-5,$-2,$-12,$112,$-3,$0,$-55,$0,$0,$0,$0,$-58,$-41,$0,$-41,$6,$6,$0,$-7,$-41,$13,$5,$0
19,2013-12-31,35.8,$10.51,3.41,$11.63,3.08,$5.40,6.63,$1.46,24.52,$0.25B,$0.13B,1.82,$0.98B,$0.54B,1.81,$0.61B,$0.34B,56.27%,$0.61B,$0.19B,31.85%,$0.61B,$0.19B,31.85%,$0.61B,$0.22B,36.14%,$0.61B,$0.11B,17.33%,$0.61B,$0.08B,12.54%,$0.08B,$0.54B,14.74%,$0.08B,$-1.04B,-7.25%,$0.08B,$1.87B,4.25%,$0.19B,$1.53B,12.98%,$145,$64,$80,$0,$36,$104,$40,$-36,$4,$1,$3,$3,$3,$50,$40,$52,52,$0.06,$0.06,$94,$65,$0,$245,$11,$0,$1586,$24,$1620,$1865,$134,$982,$0,$1187,$1321,$1,$133,$-2,$544,$1865,$57,$19,$16,$36,$8,$-2,$-1,$-3,$-11,$81,$-3,$0,$-55,$0,$0,$0,$0,$-58,$55,$0,$55,$6,$6,$0,$-5,$56,$79,$4,$0
20,2013-09-30,30.12,$10.47,2.88,$11.98,2.51,$5.69,5.29,$1.64,18.37,$0.18B,$0.09B,2.05,$0.98B,$0.54B,1.81,$0.62B,$0.35B,55.72%,$0.62B,$0.20B,32.21%,$0.62B,$0.20B,32.21%,$0.62B,$0.23B,36.71%,$0.62B,$0.12B,19.48%,$0.62B,$0.09B,13.69%,$0.09B,$0.54B,17.21%,$0.09B,$-1.05B,-8.02%,$0.09B,$1.81B,4.85%,$0.20B,$1.52B,13.60%,$167,$74,$93,$0,$36,$113,$54,$-16,$37,$5,$33,$33,$33,$59,$54,$51,52,$0.64,$0.63,$27,$62,$0,$183,$11,$0,$1591,$23,$1625,$1808,$89,$979,$0,$1178,$1267,$1,$130,$1,$541,$1808,$53,$9,$7,$16,$-6,$1,$-1,$3,$-14,$56,$-2,$0,$-55,$0,$0,$0,$0,$-58,$7,$0,$7,$5,$5,$0,$1,$13,$11,$2,$0
21,2013-06-30,29.14,$9.78,2.98,$11.94,2.44,$5.75,5.07,$1.39,20.96,$0.16B,$0.08B,1.99,$0.95B,$0.50B,1.91,$0.62B,$0.34B,55.84%,$0.62B,$0.20B,31.98%,$0.62B,$0.20B,31.98%,$0.62B,$0.23B,36.53%,$0.62B,$0.12B,18.67%,$0.62B,$0.07B,11.53%,$0.07B,$0.50B,15.15%,$0.07B,$-1.04B,-6.60%,$0.07B,$1.74B,4.06%,$0.20B,$1.45B,13.40%,$143,$59,$83,$0,$30,$93,$49,$-16,$34,$13,$21,$21,$21,$54,$49,$51,52,$0.40,$0.40,$19,$67,$0,$163,$11,$0,$1538,$24,$1573,$1736,$82,$953,$0,$1154,$1236,$1,$97,$-0,$500,$1736,$21,$5,$8,$12,$11,$-7,$-9,$0,$-10,$23,$-1,$0,$0,$0,$0,$0,$0,$-1,$-18,$0,$-18,$0,$0,$0,$-0,$-18,$4,$1,$0
22,2013-03-31,25.69,$9.35,2.75,$12.08,2.13,$5.60,4.59,$1.28,20.07,$0.16B,$0.10B,1.7,$0.97B,$0.48B,2.03,$0.62B,$0.35B,55.65%,$0.62B,$0.19B,30.97%,$0.62B,$0.19B,30.97%,$0.62B,$0.22B,35.48%,$0.62B,$0.11B,16.94%,$0.62B,$0.07B,10.48%,$0.07B,$0.48B,14.51%,$0.07B,$-1.06B,-5.89%,$0.07B,$1.74B,3.71%,$0.19B,$1.45B,12.93%,$151,$66,$85,$0,$31,$101,$50,$-20,$30,$11,$19,$19,$19,$56,$50,$51,51,$0.38,$0.36,$16,$60,$0,$164,$10,$0,$1541,$25,$1576,$1740,$97,$971,$0,$1165,$1262,$1,$76,$-0,$478,$1740,$66,$28,$32,$59,$-13,$-9,$25,$3,$13,$138,$-10,$0,$21,$0,$0,$0,$0,$11,$-157,$0,$-157,$6,$6,$0,$-1,$-152,$-3,$4,$0
23,2012-12-31,20.03,$8.96,2.23,$11.79,1.7,$4.44,4.51,$0.91,22.01,$0.15B,$0.09B,1.7,$1.00B,$0.46B,2.19,$0.60B,$0.33B,54.39%,$0.60B,$0.17B,27.36%,$0.60B,$0.17B,27.36%,$0.60B,$0.19B,31.67%,$0.60B,$0.08B,12.60%,$0.60B,$0.05B,7.63%,$0.05B,$0.46B,10.72%,$0.05B,$-1.09B,-4.07%,$0.05B,$1.73B,2.62%,$0.17B,$1.46B,10.97%,$160,$75,$85,$0,$35,$114,$47,$-27,$20,$8,$12,$12,$12,$59,$47,$51,52,$0.24,$0.24,$10,$54,$0,$151,$9,$0,$1543,$27,$1580,$1731,$89,$1000,$0,$1185,$1274,$1,$57,$0,$457,$1731,$46,$22,$20,$42,$-14,$-3,$14,$6,$13,$101,$-9,$0,$22,$0,$0,$0,$-0,$13,$-128,$0,$-128,$5,$5,$0,$0,$-122,$-9,$3,$0
24,2012-09-30,16.96,$8.72,1.95,$10.77,1.57,$3.60,4.71,$0.86,19.72,$0.18B,$0.09B,2.03,$1.08B,$0.44B,2.46,$0.55B,$0.30B,54.28%,$0.55B,$0.14B,25.87%,$0.55B,$0.14B,25.87%,$0.55B,$0.16B,28.96%,$0.55B,$0.07B,13.11%,$0.55B,$0.04B,8.01%,$0.04B,$0.44B,10.59%,$0.04B,$-1.12B,-4.43%,$0.04B,$1.79B,2.77%,$0.14B,$1.52B,10.54%,$162,$71,$91,$0,$36,$111,$51,$-20,$31,$12,$19,$19,$19,$56,$51,$50,51,$0.38,$0.38,$29,$54,$0,$180,$6,$0,$1554,$47,$1608,$1788,$88,$1080,$0,$1261,$1349,$1,$45,$0,$439,$1788,$34,$9,$15,$25,$-25,$-3,$15,$6,$2,$60,$-5,$0,$-0,$0,$0,$0,$0,$-5,$-45,$0,$-45,$0,$0,$0,$0,$-45,$10,$2,$0
25,2012-06-30,15.81,$8.32,1.9,$9.70,1.63,$3.18,4.98,$0.74,21.36,$0.14B,$0.06B,2.29,$1.10B,$0.42B,2.62,$0.49B,$0.26B,52.94%,$0.49B,$0.12B,24.34%,$0.49B,$0.12B,24.34%,$0.49B,$0.14B,27.38%,$0.49B,$0.06B,12.58%,$0.49B,$0.04B,7.71%,$0.04B,$0.42B,9.42%,$0.04B,$-1.15B,-4.47%,$0.04B,$1.75B,2.71%,$0.12B,$1.52B,10.19%,$147,$63,$84,$0,$36,$103,$44,$-20,$24,$9,$15,$15,$15,$49,$44,$50,51,$0.29,$0.29,$4,$54,$0,$144,$2,$0,$1571,$35,$1608,$1753,$63,$1096,$0,$1271,$1334,$1,$25,$-0,$418,$1753,$15,$5,$8,$13,$-9,$-3,$0,$0,$-13,$15,$-1,$0,$-0,$0,$0,$0,$0,$-1,$-28,$0,$-28,$0,$0,$0,$0,$-28,$-15,$1,$0
26,2012-03-31,17.48,$8.01,2.18,$8.70,2.01,$3.21,5.44,$0.74,23.62,$0.15B,$0.06B,2.3,$1.12B,$0.40B,2.79,$0.44B,$0.23B,51.47%,$0.44B,$0.10B,23.36%,$0.44B,$0.10B,23.36%,$0.44B,$0.12B,26.30%,$0.44B,$0.06B,14.06%,$0.44B,$0.04B,8.62%,$0.04B,$0.40B,9.66%,$0.04B,$-1.17B,-5.42%,$0.04B,$1.76B,3.10%,$0.10B,$1.53B,10.20%,$134,$66,$68,$0,$43,$111,$23,$-22,$1,$1,$-0,$-0,$-0,$27,$23,$50,51,$0.00,$-0.01,$19,$51,$0,$147,$1,$0,$1574,$36,$1611,$1758,$64,$1124,$0,$1292,$1356,$1,$11,$-0,$403,$1758,$37,$13,$22,$36,$-16,$4,$5,$-3,$-5,$67,$-1,$0,$-662,$0,$0,$0,$0,$-662,$633,$0,$633,$1,$1,$0,$-34,$600,$6,$3,$0
27,2011-12-31,11.27,$7.99,1.41,$7.98,1.41,$3.61,3.12,$0.87,12.95,$0.11B,$0.05B,2.0,$0.43B,$0.40B,1.07,$0.40B,$0.21B,50.87%,$0.40B,$0.10B,24.57%,$0.40B,$0.10B,24.57%,$0.40B,$0.11B,27.54%,$0.40B,$0.07B,17.62%,$0.40B,$0.04B,10.92%,$0.04B,$0.40B,11.48%,$0.04B,$-0.53B,-7.95%,$0.04B,$1.05B,4.18%,$0.10B,$0.83B,11.78%,$106,$51,$55,$0,$29,$83,$24,$-8,$16,$6,$10,$10,$10,$27,$24,$50,51,$0.19,$0.19,$4,$44,$0,$106,$1,$0,$933,$6,$940,$1046,$53,$430,$0,$591,$644,$1,$11,$-0,$402,$1046,$37,$9,$10,$19,$-6,$-4,$2,$3,$-8,$48,$-0,$0,$1,$0,$0,$0,$0,$1,$-58,$0,$-58,$1,$1,$0,$-0,$-58,$-9,$2,$0
28,2011-09-30,9.05,$7.81,1.16,$7.67,1.18,$3.88,2.33,$0.72,12.57,$0.11B,$0.06B,2.0,$0.45B,$0.39B,1.14,$0.39B,$0.19B,50.00%,$0.39B,$0.09B,22.68%,$0.39B,$0.09B,22.68%,$0.39B,$0.10B,25.77%,$0.39B,$0.06B,15.46%,$0.39B,$0.04B,9.28%,$0.04B,$0.39B,9.69%,$0.04B,$-0.54B,-6.56%,$0.04B,$1.06B,3.42%,$0.09B,$0.84B,10.39%,$106,$52,$54,$0,$22,$76,$29,$-8,$21,$8,$13,$13,$13,$32,$29,$50,51,$0.26,$0.26,$8,$46,$0,$112,$1,$0,$935,$6,$943,$1055,$56,$447,$0,$608,$664,$1,$2,$-0,$391,$1055,$28,$6,$8,$14,$-5,$-7,$4,$2,$-8,$33,$-0,$0,$0,$0,$0,$0,$1,$1,$-40,$0,$-40,$1,$1,$0,$-0,$-40,$-5,$2,$0
29,2011-06-30,12.84,$7.52,1.71,$7.15,1.8,$4.07,3.15,$0.68,18.88,$0.10B,$0.05B,2.05,$0.46B,$0.38B,1.23,$0.36B,$0.18B,50.83%,$0.36B,$0.08B,23.06%,$0.36B,$0.08B,23.06%,$0.36B,$0.10B,26.39%,$0.36B,$0.06B,15.83%,$0.36B,$0.03B,9.44%,$0.03B,$0.38B,9.41%,$0.03B,$-0.56B,-6.93%,$0.03B,$1.05B,3.44%,$0.08B,$0.84B,10.40%,$95,$45,$50,$0,$20,$68,$27,$-4,$24,$9,$15,$15,$15,$30,$27,$50,51,$0.29,$0.29,$6,$44,$0,$102,$1,$0,$939,$6,$947,$1049,$50,$464,$0,$621,$671,$1,$-11,$-0,$378,$1049,$15,$3,$4,$7,$1,$-4,$3,$1,$-6,$15,$-0,$0,$0,$0,$0,$0,$0,$-0,$-23,$0,$-23,$1,$1,$0,$-0,$-23,$-7,$1,$0
30,2011-03-31,11.5,$7.22,1.59,$6.69,1.72,$4.18,2.75,$0.58,19.83,$0.11B,$0.05B,1.99,$0.49B,$0.36B,1.35,$0.34B,$0.17B,50.89%,$0.34B,$0.08B,22.92%,$0.34B,$0.08B,22.92%,$0.34B,$0.09B,26.49%,$0.34B,$0.05B,14.29%,$0.34B,$0.03B,8.63%,$0.03B,$0.36B,8.24%,$0.03B,$-0.58B,-6.71%,$0.03B,$1.06B,3.15%,$0.08B,$0.85B,10.33%,$96,$50,$46,$0,$25,$78,$19,$-9,$10,$3,$6,$6,$6,$22,$19,$50,50,$0.13,$0.13,$13,$40,$0,$108,$1,$0,$941,$7,$949,$1057,$54,$487,$0,$641,$695,$1,$-26,$0,$362,$1057,$29,$12,$14,$26,$5,$12,$2,$0,$31,$87,$-1,$0,$-275,$0,$0,$0,$0,$-276,$162,$0,$162,$0,$0,$0,$-1,$161,$-28,$4,$0
31,2010-12-31,11.95,$7.08,1.69,$6.12,1.95,$3.65,3.28,$0.52,22.98,$0.18B,$0.05B,3.99,$0.50B,$0.36B,1.42,$0.31B,$0.16B,51.79%,$0.31B,$0.08B,24.43%,$0.31B,$0.08B,24.43%,$0.31B,$0.09B,29.32%,$0.31B,$0.05B,14.98%,$0.31B,$0.03B,8.47%,$0.03B,$0.36B,7.56%,$0.03B,$-0.51B,-6.99%,$0.03B,$1.05B,3.05%,$0.08B,$0.86B,10.88%,$91,$47,$44,$0,$28,$78,$13,$-8,$5,$3,$2,$2,$2,$16,$13,$50,51,$0.04,$0.04,$83,$48,$0,$180,$1,$0,$866,$7,$874,$1054,$45,$504,$0,$654,$699,$1,$-33,$0,$355,$1054,$23,$9,$10,$18,$7,$4,$-1,$3,$20,$62,$-0,$0,$-198,$0,$0,$0,$0,$-198,$180,$0,$180,$0,$0,$0,$-1,$179,$42,$3,$0
32,2010-09-30,9.89,$7.02,1.41,$5.80,1.71,$3.43,2.88,$0.69,14.33,$0.12B,$0.03B,3.84,$0.29B,$0.35B,0.83,$0.29B,$0.15B,53.10%,$0.29B,$0.09B,29.31%,$0.29B,$0.09B,29.31%,$0.29B,$0.10B,34.48%,$0.29B,$0.06B,20.34%,$0.29B,$0.04B,12.07%,$0.04B,$0.35B,10.41%,$0.04B,$-0.31B,-10.55%,$0.04B,$0.79B,4.45%,$0.09B,$0.64B,13.38%,$78,$36,$43,$0,$16,$54,$24,$-5,$18,$7,$11,$11,$11,$27,$24,$50,50,$0.22,$0.22,$55,$25,$0,$122,$1,$0,$661,$6,$669,$791,$32,$290,$0,$408,$440,$1,$-35,$0,$351,$791,$21,$6,$8,$14,$-2,$4,$1,$2,$8,$43,$-0,$0,$4,$0,$0,$0,$0,$4,$-33,$0,$-33,$0,$0,$0,$-0,$-33,$14,$2,$0
33,2010-06-30,7.08,$6.78,1.04,$5.85,1.21,$3.38,2.1,$0.67,10.57,$0.10B,$0.03B,3.65,$0.29B,$0.34B,0.87,$0.29B,$0.15B,52.56%,$0.29B,$0.08B,27.65%,$0.29B,$0.08B,27.65%,$0.29B,$0.10B,33.11%,$0.29B,$0.06B,18.77%,$0.29B,$0.03B,11.60%,$0.03B,$0.34B,10.41%,$0.03B,$-0.33B,-9.78%,$0.03B,$0.78B,4.31%,$0.08B,$0.63B,12.72%,$71,$33,$38,$0,$15,$51,$21,$-6,$15,$6,$9,$9,$10,$24,$21,$50,50,$0.19,$0.19,$33,$28,$0,$99,$1,$0,$668,$7,$676,$776,$27,$294,$0,$409,$436,$1,$-46,$0,$340,$776,$10,$3,$3,$6,$2,$1,$-1,$2,$5,$21,$-0,$0,$0,$0,$0,$0,$0,$-0,$-28,$0,$-28,$0,$0,$0,$-0,$-29,$-8,$1,$0
34,2010-03-31,9.0,$6.58,1.37,$5.84,1.54,$3.32,2.71,$0.65,13.85,$0.11B,$0.06B,2.02,$0.30B,$0.33B,0.9,$0.29B,$0.15B,52.56%,$0.29B,$0.08B,26.96%,$0.29B,$0.08B,26.96%,$0.29B,$0.10B,32.42%,$0.29B,$0.05B,18.09%,$0.29B,$0.03B,10.92%,$0.03B,$0.33B,10.08%,$0.03B,$-0.34B,-8.85%,$0.03B,$0.79B,4.03%,$0.08B,$0.62B,12.28%,$67,$33,$34,$0,$15,$50,$17,$-9,$8,$3,$5,$5,$3,$23,$17,$50,50,$0.06,$0.06,$41,$28,$0,$112,$1,$0,$666,$7,$679,$791,$56,$295,$0,$407,$462,$1,$-55,$0,$329,$791,$32,$16,$15,$31,$6,$-3,$-3,$-4,$-4,$59,$-1,$0,$8,$0,$0,$0,$0,$7,$-54,$0,$-54,$0,$0,$0,$-7,$-61,$6,$2,$0
35,2009-12-31,7.86,$6.49,1.21,$5.65,1.39,$3.48,2.26,$-3.64,0.0,$0.11B,$0.04B,2.93,$0.32B,$0.33B,0.97,$0.28B,$0.15B,53.00%,$0.28B,$-0.17B,-60.42%,$0.28B,$-0.17B,-60.42%,$0.28B,$0.09B,32.51%,$0.28B,$-0.19B,-68.55%,$0.28B,$-0.18B,-64.31%,$-0.18B,$0.33B,-58.95%,$-0.18B,$-0.35B,48.57%,$-0.18B,$0.79B,-22.86%,$-0.17B,$0.64B,-26.12%,$74,$35,$39,$0,$13,$51,$23,$-6,$18,$8,$10,$10,$11,$26,$23,$50,50,$0.21,$0.21,$34,$34,$0,$106,$1,$0,$676,$3,$681,$787,$36,$316,$0,$426,$462,$1,$-59,$-0,$325,$787,$29,$10,$12,$22,$6,$-8,$1,$-1,$-0,$50,$-0,$0,$8,$0,$0,$0,$0,$8,$-59,$0,$-59,$0,$0,$0,$0,$-59,$-1,$2,$0
36,2009-09-30,7.04,$6.26,1.13,$5.74,1.23,$3.53,1.99,$-3.69,0.0,$0.11B,$0.05B,2.24,$0.34B,$0.31B,1.07,$0.29B,$0.15B,52.96%,$0.29B,$-0.17B,-60.63%,$0.29B,$-0.17B,-60.63%,$0.29B,$0.09B,31.01%,$0.29B,$-0.20B,-69.69%,$0.29B,$-0.19B,-64.46%,$-0.19B,$0.31B,-52.30%,$-0.19B,$-0.37B,46.48%,$-0.19B,$0.80B,-21.45%,$-0.17B,$0.65B,-24.30%,$81,$38,$43,$0,$20,$61,$20,$-6,$14,$5,$9,$9,$10,$24,$20,$50,50,$0.20,$0.20,$35,$25,$2,$108,$1,$0,$686,$4,$691,$799,$48,$335,$0,$438,$486,$1,$-69,$-1,$313,$799,$18,$7,$5,$12,$-3,$0,$6,$-1,$10,$40,$-0,$0,$0,$0,$0,$0,$0,$-0,$-40,$0,$-40,$0,$0,$0,$0,$-40,$-0,$1,$0
37,2009-06-30,6.15,$6.08,1.01,$5.83,1.05,$3.47,1.77,$-3.72,0.0,$0.10B,$0.04B,2.9,$0.36B,$0.30B,1.18,$0.29B,$0.15B,52.74%,$0.29B,$-0.17B,-59.59%,$0.29B,$-0.17B,-59.59%,$0.29B,$0.09B,30.14%,$0.29B,$-0.20B,-68.84%,$0.29B,$-0.19B,-63.70%,$-0.19B,$0.30B,-46.50%,$-0.19B,$-0.39B,44.50%,$-0.19B,$0.80B,-20.12%,$-0.17B,$0.66B,-22.48%,$71,$33,$38,$0,$17,$52,$19,$-6,$13,$5,$8,$8,$8,$22,$19,$50,50,$0.17,$0.17,$36,$26,$0,$103,$1,$0,$689,$4,$695,$797,$35,$358,$0,$458,$494,$1,$-79,$-1,$303,$797,$8,$3,$3,$6,$3,$1,$1,$-1,$3,$18,$-0,$0,$0,$0,$0,$0,$0,$-0,$-17,$0,$-17,$0,$0,$0,$0,$-17,$1,$1,$0
38,2009-03-31,5.18,$5.90,0.88,$5.88,0.88,$3.42,1.51,$-3.73,0.0,$0.10B,$0.03B,3.03,$0.38B,$0.29B,1.27,$0.30B,$0.16B,52.54%,$0.30B,$-0.17B,-58.31%,$0.30B,$-0.17B,-58.31%,$0.30B,$0.09B,30.85%,$0.30B,$-0.20B,-68.14%,$0.30B,$-0.19B,-63.05%,$-0.19B,$0.29B,-41.66%,$-0.19B,$-0.39B,42.51%,$-0.19B,$0.80B,-18.87%,$-0.17B,$0.67B,-20.74%,$57,$28,$30,$0,$11,$290,$-233,$-6,$-239,$-25,$-213,$-213,$-211,$20,$-233,$50,50,$-4.23,$-4.23,$35,$26,$0,$104,$1,$0,$683,$5,$698,$801,$34,$375,$0,$473,$507,$1,$-88,$-1,$294,$801,$-187,$263,$-18,$246,$8,$3,$-2,$0,$8,$67,$-0,$0,$-4,$0,$0,$0,$0,$-5,$-33,$0,$-33,$-0,$-0,$0,$0,$-33,$29,$2,$0
39,2008-12-31,10.55,$10.11,1.04,$6.11,1.73,$2.98,3.54,$0.70,15.07,$0.10B,$0.04B,2.6,$0.38B,$0.51B,0.75,$0.31B,$0.16B,52.44%,$0.31B,$0.08B,27.04%,$0.31B,$0.08B,27.04%,$0.31B,$0.10B,31.27%,$0.31B,$0.05B,16.61%,$0.31B,$0.04B,11.40%,$0.04B,$0.51B,7.10%,$0.04B,$-0.44B,-7.62%,$0.04B,$1.05B,3.34%,$0.08B,$0.89B,9.39%,$78,$36,$41,$0,$20,$58,$20,$-7,$12,$5,$8,$8,$8,$23,$20,$50,50,$0.16,$0.16,$28,$29,$0,$98,$1,$0,$949,$5,$955,$1053,$38,$381,$0,$510,$548,$1,$124,$-2,$505,$1053,$24,$10,$10,$20,$10,$1,$-2,$-1,$9,$53,$-0,$0,$0,$0,$0,$0,$-4,$-5,$-27,$0,$-27,$-0,$-0,$0,$0,$-27,$22,$2,$0
40,2008-09-30,8.88,$9.98,0.89,$6.16,1.44,$2.62,3.38,$0.71,12.51,$0.09B,$0.04B,2.31,$0.38B,$0.50B,0.77,$0.31B,$0.16B,52.10%,$0.31B,$0.09B,27.83%,$0.31B,$0.09B,27.83%,$0.31B,$0.10B,32.04%,$0.31B,$0.05B,17.15%,$0.31B,$0.04B,11.33%,$0.04B,$0.50B,7.24%,$0.04B,$-0.45B,-7.43%,$0.04B,$1.05B,3.34%,$0.09B,$0.88B,9.71%,$86,$40,$45,$0,$23,$66,$20,$-7,$13,$5,$8,$8,$9,$23,$20,$50,50,$0.17,$0.17,$13,$25,$0,$87,$1,$0,$951,$6,$959,$1046,$38,$382,$0,$510,$548,$1,$116,$0,$498,$1046,$16,$7,$7,$13,$2,$4,$-2,$-1,$7,$37,$-0,$0,$-4,$0,$0,$0,$0,$-4,$-26,$0,$-26,$-0,$-0,$0,$0,$-26,$7,$2,$0
41,2008-06-30,10.66,$9.79,1.09,$6.20,1.72,$2.32,4.6,$0.68,15.68,$0.08B,$0.03B,2.5,$0.39B,$0.49B,0.8,$0.31B,$0.16B,51.94%,$0.31B,$0.09B,28.06%,$0.31B,$0.09B,28.06%,$0.31B,$0.10B,32.26%,$0.31B,$0.05B,16.45%,$0.31B,$0.03B,10.65%,$0.03B,$0.49B,6.95%,$0.03B,$-0.46B,-6.84%,$0.03B,$1.04B,3.14%,$0.09B,$0.88B,9.79%,$74,$34,$39,$0,$15,$52,$21,$-9,$13,$5,$8,$8,$8,$25,$21,$50,50,$0.16,$0.16,$6,$29,$0,$81,$1,$0,$953,$7,$962,$1042,$32,$393,$2,$521,$553,$1,$107,$1,$489,$1042,$8,$3,$3,$7,$6,$1,$-1,$-2,$1,$15,$-0,$0,$0,$0,$0,$0,$0,$-0,$-15,$0,$-15,$-0,$-0,$0,$0,$-15,$0,$1,$0
42,2008-03-31,8.18,$9.58,0.85,$6.30,1.3,$2.18,3.75,$0.69,11.86,$0.09B,$0.04B,2.25,$0.41B,$0.48B,0.85,$0.32B,$0.16B,51.75%,$0.32B,$0.09B,28.25%,$0.32B,$0.09B,28.25%,$0.32B,$0.10B,32.38%,$0.32B,$0.05B,16.19%,$0.32B,$0.03B,10.48%,$0.03B,$0.48B,7.09%,$0.03B,$-0.48B,-6.68%,$0.03B,$1.05B,3.13%,$0.09B,$0.89B,9.97%,$69,$33,$36,$0,$13,$47,$22,$-9,$13,$5,$8,$8,$10,$25,$22,$50,50,$0.20,$0.20,$6,$30,$0,$85,$1,$0,$956,$7,$964,$1049,$38,$408,$2,$532,$570,$1,$99,$-1,$479,$1049,$34,$14,$11,$25,$-9,$0,$-1,$-0,$-14,$45,$-0,$-0,$0,$0,$0,$0,$-0,$-1,$-52,$0,$-52,$-0,$-0,$0,$0,$-52,$-8,$1,$0
43,2007-12-31,7.48,$9.39,0.8,$6.48,1.15,$2.72,2.75,$0.65,11.51,$0.09B,$0.04B,2.24,$0.42B,$0.47B,0.9,$0.32B,$0.17B,51.23%,$0.32B,$0.09B,27.78%,$0.32B,$0.09B,27.78%,$0.32B,$0.10B,31.79%,$0.32B,$0.05B,15.74%,$0.32B,$0.03B,9.57%,$0.03B,$0.47B,6.78%,$0.03B,$-0.49B,-6.13%,$0.03B,$1.05B,2.93%,$0.09B,$0.89B,10.03%,$80,$39,$41,$0,$16,$57,$23,$-9,$14,$5,$8,$8,$8,$26,$23,$50,50,$0.17,$0.17,$12,$31,$0,$86,$1,$0,$958,$8,$967,$1053,$39,$423,$3,$546,$584,$1,$89,$0,$469,$1053,$24,$11,$8,$19,$-4,$-0,$-1,$-0,$-7,$35,$-0,$0,$0,$0,$0,$0,$-0,$-0,$-37,$0,$-37,$-0,$-0,$0,$0,$-37,$-2,$1,$0
44,2007-09-30,10.98,$9.23,1.19,$6.48,1.69,$3.11,3.53,$0.69,15.91,$0.09B,$0.05B,1.99,$0.43B,$0.46B,0.94,$0.32B,$0.17B,51.85%,$0.32B,$0.09B,28.40%,$0.32B,$0.09B,28.40%,$0.32B,$0.11B,32.41%,$0.32B,$0.05B,15.74%,$0.32B,$0.03B,10.49%,$0.03B,$0.46B,7.57%,$0.03B,$-0.50B,-6.60%,$0.03B,$1.06B,3.22%,$0.09B,$0.90B,10.21%,$87,$43,$45,$0,$21,$67,$21,$-10,$11,$4,$7,$7,$7,$24,$21,$50,50,$0.14,$0.14,$9,$28,$0,$90,$1,$0,$961,$8,$971,$1061,$45,$434,$3,$554,$599,$1,$80,$0,$461,$1061,$15,$7,$6,$13,$-11,$2,$2,$-2,$-6,$21,$-0,$0,$-0,$0,$0,$0,$0,$-0,$-26,$0,$-26,$-0,$-0,$0,$0,$-26,$-5,$1,$0
45,2007-06-30,12.98,$9.08,1.43,$6.42,2.02,$3.54,3.67,$0.73,17.78,$0.08B,$0.04B,2.2,$0.44B,$0.45B,0.98,$0.32B,$0.17B,51.55%,$0.32B,$0.10B,29.50%,$0.32B,$0.10B,29.50%,$0.32B,$0.11B,33.54%,$0.32B,$0.05B,16.77%,$0.32B,$0.04B,11.18%,$0.04B,$0.45B,8.17%,$0.04B,$-0.51B,-6.86%,$0.04B,$1.05B,3.40%,$0.10B,$0.90B,10.50%,$79,$37,$41,$0,$15,$56,$23,$-10,$13,$5,$8,$8,$8,$27,$23,$50,50,$0.17,$0.17,$6,$29,$0,$77,$1,$0,$965,$9,$976,$1053,$35,$444,$3,$564,$599,$1,$74,$0,$454,$1053,$8,$4,$3,$7,$-2,$2,$-3,$-0,$-7,$8,$-0,$0,$0,$0,$0,$0,$0,$-0,$-16,$0,$-16,$-0,$-0,$0,$0,$-16,$-8,$0,$0
46,2007-03-31,11.85,$8.91,1.33,$6.37,1.86,$3.80,3.12,$0.73,16.23,$0.08B,$0.04B,2.05,$0.46B,$0.45B,1.03,$0.32B,$0.17B,51.72%,$0.32B,$0.10B,29.78%,$0.32B,$0.10B,29.78%,$0.32B,$0.11B,33.86%,$0.32B,$0.06B,17.24%,$0.32B,$0.04B,11.29%,$0.04B,$0.45B,8.34%,$0.04B,$-0.52B,-6.84%,$0.04B,$1.06B,3.41%,$0.10B,$0.91B,10.48%,$78,$39,$39,$0,$14,$55,$23,$-10,$13,$4,$8,$8,$8,$26,$23,$49,50,$0.17,$0.16,$14,$30,$0,$84,$1,$0,$968,$10,$980,$1063,$41,$460,$3,$577,$618,$1,$65,$0,$445,$1063,$36,$14,$10,$24,$5,$4,$-0,$-1,$12,$72,$-1,$0,$-31,$0,$0,$0,$1,$-31,$-35,$0,$-35,$-0,$-0,$0,$0,$-35,$6,$1,$0
47,2006-12-31,13.02,$8.74,1.49,$6.41,2.03,$3.44,3.79,$0.63,20.67,$0.08B,$0.04B,1.93,$0.47B,$0.44B,1.07,$0.32B,$0.17B,52.96%,$0.32B,$0.09B,28.66%,$0.32B,$0.09B,28.66%,$0.32B,$0.12B,35.83%,$0.32B,$0.05B,16.20%,$0.32B,$0.03B,9.97%,$0.03B,$0.44B,7.57%,$0.03B,$-0.53B,-6.07%,$0.03B,$1.05B,3.05%,$0.09B,$0.91B,10.15%,$80,$37,$43,$0,$16,$56,$25,$-10,$14,$4,$11,$11,$11,$28,$25,$50,50,$0.21,$0.21,$5,$32,$0,$76,$1,$0,$964,$11,$976,$1052,$39,$468,$3,$576,$615,$1,$57,$0,$437,$1052,$28,$10,$8,$18,$5,$3,$1,$-1,$9,$55,$-0,$0,$-31,$0,$0,$0,$0,$-31,$-27,$0,$-27,$-0,$-0,$0,$0,$-27,$-3,$0,$0
