,Date,Stock Price,Book Value per Share,Price to Book Ratio,TTM Sales per Share,Price to Sales Ratio,TTM FCF per Share,Price to FCF Ratio,TTM Net EPS,PE Ratio,Current Assets,Current Liabilities,Current Ratio,Long Term Debt,Shareholder's Equity_x,Debt to Equity Ratio,TTM Revenue_x,TTM Gross Profit,Gross Margin,TTM Revenue_y,TTM Operating Income,Operating Margin,TTM Revenue_x,TTM EBIT,EBIT Margin,TTM Revenue_y,TTM EBITDA,EBITDA Margin,TTM Revenue_x,TTM Pre-Tax Income,Pre-Tax Margin,TTM Revenue_y,TTM Net Income_x,Net Margin,TTM Net Income_y,Shareholder's Equity_y,Return on Equity,TTM Net Income_x,Tangible Equity,Return on Tangible Equity,TTM Net Income_y,Total Assets,Return on Assets,TTM Net Income,LT Investments & Debt,Return on Investment,revenue,cost-goods-sold,gross-profit,research-development-expenses,selling-general-administrative-expenses,operating-expenses,operating-income,total-non-operating-income-expense,pre-tax-income,total-provision-income-taxes,income-after-taxes,income-from-continuous-operations,net-income,ebitda,ebit,basic-shares-outstanding,shares-outstanding,eps-basic-net-earnings-per-share,eps-earnings-per-share-diluted,cash-on-hand,inventory,other-current-assets,total-current-assets,net-property-plant-equipment,long-term-investments,goodwill-intangible-assets-total,other-long-term-assets,total-long-term-assets,total-assets,total-current-liabilities,long-term-debt,other-non-current-liabilities,total-long-term-liabilities,total-liabilities,common-stock-net,retained-earnings-accumulated-deficit,comprehensive-income,total-share-holder-equity,total-liabilities-share-holders-equity,net-income-loss,total-depreciation-amortization-cash-flow,other-non-cash-items,total-non-cash-items,change-in-accounts-receivable,change-in-inventories,change-in-accounts-payable,change-in-assets-liabilities,total-change-in-assets-liabilities,cash-flow-from-operating-activities,net-change-in-property-plant-equipment,net-change-in-intangible-assets,net-acquisitions-divestitures,net-change-in-short-term-investments,net-change-in-long-term-investments,net-change-in-investments-total,investing-activities-other,cash-flow-from-investing-activities,net-long-term-debt,net-current-debt,debt-issuance-retirement-net-total,net-common-equity-issued-repurchased,net-total-equity-issued-repurchased,total-common-preferred-stock-dividends-paid,financial-activities-other,cash-flow-from-financial-activities,net-cash-flow,stock-based-compensation,common-stock-dividends-paid
0,2018-09-30,15.05,$14.59,1.03,$8.86,1.7,$3.10,4.86,$0.55,27.36,$0.66B,$0.77B,0.85,$0.08B,$0.06B,1.22,$0.04B,$0.03B,73.68%,$0.04B,$0.00B,10.53%,$0.04B,0,0.00%,$0.04B,0,0.00%,$0.04B,$0.00B,10.53%,$0.04B,$0.00B,10.53%,$0.00B,$0.06B,6.37%,$0.00B,$0.06B,6.90%,$0.00B,$0.92B,0.44%,$0.00B,$0.14B,3.39%,$10,$2,$7,$0,$6,$9,$1,$0,$1,$0,$1,$1,$1,$0,$0,$4,4,$0.23,$0.23,$41,$0,$0,$657,$17,$215,$5,$28,$265,$922,$774,$78,$7,$84,$858,$0,$41,$-6,$64,$922,$3,$2,$2,$4,$0,$0,$0,$-1,$-1,$6,$-2,$0,$0,$0,$25,$25,$-52,$-30,$34,$-29,$6,$0,$0,$-1,$33,$38,$14,$1,$-1
1,2018-06-30,15.91,$14.51,1.1,$8.60,1.85,$2.85,5.58,$0.77,20.66,$0.64B,$0.78B,0.83,$0.06B,$0.06B,0.92,$0.04B,$0.03B,75.68%,$0.04B,$0.00B,10.81%,$0.04B,0,0.00%,$0.04B,0,0.00%,$0.04B,$0.00B,10.81%,$0.04B,$0.00B,10.81%,$0.00B,$0.06B,6.43%,$0.00B,$0.06B,6.93%,$0.00B,$0.90B,0.45%,$0.00B,$0.12B,3.69%,$10,$2,$7,$0,$6,$8,$1,$0,$1,$0,$1,$1,$1,$0,$0,$4,4,$0.23,$0.22,$42,$0,$0,$644,$17,$211,$5,$27,$260,$903,$775,$58,$8,$66,$841,$0,$41,$-5,$63,$903,$2,$2,$1,$3,$0,$0,$0,$-0,$0,$5,$-1,$0,$0,$0,$28,$28,$-36,$-10,$14,$-4,$10,$0,$0,$-1,$9,$19,$15,$0,$-1
2,2018-03-31,15.39,$14.53,1.06,$8.30,1.85,$2.47,6.22,$0.77,19.99,$0.63B,$0.78B,0.8,$0.04B,$0.06B,0.69,$0.04B,$0.03B,80.00%,$0.04B,$0.00B,11.43%,$0.04B,0,0.00%,$0.04B,0,0.00%,$0.04B,$0.00B,11.43%,$0.04B,$0.00B,11.43%,$0.00B,$0.06B,6.45%,$0.00B,$0.06B,6.96%,$0.00B,$0.89B,0.46%,$0.00B,$0.11B,3.82%,$9,$2,$7,$0,$6,$8,$1,$0,$1,$0,$1,$1,$1,$0,$0,$4,4,$0.24,$0.24,$22,$0,$0,$626,$17,$223,$5,$21,$265,$891,$780,$43,$6,$49,$829,$0,$40,$-5,$62,$891,$1,$1,$1,$2,$0,$0,$0,$-1,$-1,$1,$-1,$0,$0,$0,$13,$13,$-27,$-15,$0,$-10,$-10,$0,$0,$-0,$20,$10,$-4,$0,$-0
3,2017-12-31,15.28,$14.52,1.05,$8.03,1.9,$2.29,6.68,$0.72,21.23,$0.60B,$0.77B,0.78,$0.04B,$0.06B,0.7,$0.03B,$0.03B,79.41%,$0.03B,$0.00B,11.76%,$0.03B,0,0.00%,$0.03B,0,0.00%,$0.03B,$0.00B,11.76%,$0.03B,$0.00B,11.76%,$0.00B,$0.06B,6.50%,$0.00B,$0.06B,7.05%,$0.00B,$0.88B,0.47%,$0.00B,$0.11B,3.95%,$9,$2,$7,$0,$6,$8,$1,$0,$1,$0,$1,$1,$1,$0,$0,$4,4,$0.21,$0.20,$26,$0,$0,$603,$16,$237,$5,$20,$279,$881,$769,$43,$6,$50,$819,$0,$39,$-4,$62,$881,$3,$3,$2,$5,$-1,$0,$0,$-1,$-2,$7,$-2,$0,$0,$0,$-40,$-40,$-92,$-134,$26,$-11,$15,$0,$0,$-1,$113,$127,$-0,$1,$-1
4,2017-09-30,15.13,$14.58,1.04,$7.63,1.98,$2.32,6.52,$0.86,17.59,$0.63B,$0.77B,0.82,$0.04B,$0.06B,0.65,$0.03B,$0.03B,81.25%,$0.03B,$0.00B,12.50%,$0.03B,0,0.00%,$0.03B,0,0.00%,$0.03B,$0.00B,12.50%,$0.03B,$0.00B,12.50%,$0.00B,$0.06B,6.61%,$0.00B,$0.06B,7.14%,$0.00B,$0.88B,0.49%,$0.00B,$0.10B,4.27%,$9,$2,$7,$0,$6,$7,$1,$0,$1,$0,$1,$1,$1,$0,$0,$4,4,$0.22,$0.22,$65,$0,$0,$628,$16,$206,$5,$20,$247,$875,$766,$41,$6,$47,$812,$0,$38,$-3,$62,$875,$3,$2,$2,$4,$-0,$0,$0,$-2,$-2,$4,$-2,$0,$0,$0,$-8,$-8,$-77,$-86,$24,$-8,$16,$0,$0,$-1,$105,$121,$39,$1,$-1
5,2017-06-30,15.47,$14.43,1.07,$7.33,2.11,$2.42,6.4,$0.84,18.42,$0.57B,$0.70B,0.81,$0.04B,$0.06B,0.7,$0.03B,$0.03B,83.33%,$0.03B,$0.00B,13.33%,$0.03B,0,0.00%,$0.03B,0,0.00%,$0.03B,$0.00B,13.33%,$0.03B,$0.00B,13.33%,$0.00B,$0.06B,6.69%,$0.00B,$0.06B,7.24%,$0.00B,$0.81B,0.52%,$0.00B,$0.11B,4.60%,$8,$2,$7,$0,$5,$7,$1,$0,$1,$0,$1,$1,$1,$0,$0,$4,4,$0.23,$0.22,$20,$0,$0,$565,$16,$206,$5,$19,$246,$811,$701,$43,$6,$49,$750,$0,$37,$-2,$62,$811,$2,$1,$1,$3,$-0,$0,$0,$-1,$-1,$3,$-1,$0,$0,$0,$-8,$-8,$-60,$-69,$26,$-0,$26,$0,$0,$-0,$33,$58,$-7,$0,$-0
6,2017-03-31,14.34,$14.09,1.02,$7.01,2.04,$2.52,5.68,$0.82,17.49,$0.56B,$0.71B,0.79,$0.03B,$0.06B,0.54,$0.03B,$0.02B,82.76%,$0.03B,$0.00B,13.79%,$0.03B,0,0.00%,$0.03B,0,0.00%,$0.03B,$0.00B,13.79%,$0.03B,$0.00B,13.79%,$0.00B,$0.06B,6.75%,$0.00B,$0.06B,7.31%,$0.00B,$0.80B,0.54%,$0.00B,$0.09B,5.05%,$8,$1,$6,$0,$5,$7,$1,$0,$1,$0,$1,$1,$1,$0,$0,$4,4,$0.20,$0.19,$40,$0,$0,$557,$16,$206,$5,$19,$245,$802,$706,$32,$5,$37,$743,$0,$36,$-3,$60,$802,$1,$1,$1,$1,$-0,$0,$0,$-1,$-2,$1,$-1,$0,$0,$0,$-8,$-8,$-30,$-39,$15,$-21,$-6,$0,$0,$-0,$59,$52,$14,$0,$-0
7,2016-12-31,13.2,$13.77,0.96,$6.73,1.96,$2.63,5.02,$0.78,16.92,$0.51B,$0.67B,0.77,$0.02B,$0.06B,0.29,$0.03B,$0.02B,85.71%,$0.03B,$0.00B,14.29%,$0.03B,0,0.00%,$0.03B,0,0.00%,$0.03B,$0.00B,14.29%,$0.03B,$0.00B,14.29%,$0.00B,$0.06B,6.78%,$0.00B,$0.05B,7.34%,$0.00B,$0.75B,0.57%,$0.00B,$0.08B,5.32%,$7,$1,$6,$0,$5,$6,$1,$0,$1,$0,$1,$1,$1,$0,$0,$4,4,$0.23,$0.23,$26,$0,$0,$514,$15,$197,$5,$18,$235,$749,$668,$17,$6,$23,$691,$0,$36,$-4,$58,$749,$3,$3,$0,$3,$-0,$0,$0,$1,$0,$6,$-1,$0,$0,$0,$-56,$-56,$-64,$-121,$1,$17,$18,$-2,$-15,$-1,$120,$122,$7,$1,$-1
8,2016-09-30,11.85,$14.01,0.85,$6.56,1.81,$2.31,5.12,$0.73,16.23,$0.50B,$0.64B,0.78,$0.02B,$0.06B,0.29,$0.03B,$0.02B,85.71%,$0.03B,$0.00B,14.29%,$0.03B,0,0.00%,$0.03B,0,0.00%,$0.03B,$0.00B,14.29%,$0.03B,$0.00B,14.29%,$0.00B,$0.06B,6.43%,$0.00B,$0.06B,6.96%,$0.00B,$0.72B,0.60%,$0.00B,$0.08B,5.10%,$7,$1,$6,$0,$5,$6,$1,$0,$1,$0,$1,$1,$1,$0,$0,$4,4,$0.20,$0.20,$28,$0,$0,$498,$15,$182,$5,$17,$220,$717,$635,$17,$6,$23,$658,$0,$35,$-2,$59,$717,$2,$2,$1,$2,$-0,$0,$0,$-0,$-1,$4,$-1,$0,$0,$0,$-39,$-39,$-46,$-85,$1,$40,$41,$-2,$-15,$-1,$64,$90,$8,$0,$-1
9,2016-06-30,10.93,$13.80,0.79,$6.41,1.71,$2.57,4.26,$0.73,14.98,$0.48B,$0.59B,0.81,$0.01B,$0.06B,0.23,$0.03B,$0.02B,85.71%,$0.03B,$0.00B,14.29%,$0.03B,0,0.00%,$0.03B,0,0.00%,$0.03B,$0.00B,14.29%,$0.03B,$0.00B,14.29%,$0.00B,$0.06B,6.13%,$0.00B,$0.06B,6.64%,$0.00B,$0.67B,0.62%,$0.00B,$0.07B,4.95%,$7,$1,$6,$0,$5,$6,$1,$0,$1,$0,$1,$1,$1,$0,$0,$4,4,$0.20,$0.20,$29,$0,$0,$476,$15,$159,$5,$17,$195,$671,$591,$14,$6,$20,$611,$0,$34,$-2,$60,$671,$1,$1,$0,$1,$-0,$0,$0,$0,$0,$3,$-1,$0,$0,$0,$-15,$-15,$-22,$-37,$-3,$25,$22,$0,$-13,$-0,$35,$44,$10,$0,$-0
10,2016-03-31,10.65,$13.59,0.78,$6.28,1.7,$2.63,4.04,$0.69,15.43,$0.46B,$0.58B,0.79,$0.02B,$0.06B,0.28,$0.03B,$0.02B,88.89%,$0.03B,$0.00B,14.81%,$0.03B,0,0.00%,$0.03B,0,0.00%,$0.03B,$0.00B,14.81%,$0.03B,$0.00B,14.81%,$0.00B,$0.06B,5.90%,$0.00B,$0.05B,6.37%,$0.00B,$0.67B,0.64%,$0.00B,$0.08B,4.80%,$7,$1,$6,$0,$5,$6,$1,$0,$1,$0,$1,$1,$1,$0,$0,$4,4,$0.16,$0.15,$28,$0,$0,$459,$15,$170,$5,$17,$206,$665,$584,$17,$6,$22,$606,$0,$34,$-2,$59,$665,$1,$0,$0,$1,$-0,$0,$0,$-1,$-1,$0,$-0,$0,$0,$0,$-26,$-26,$-4,$-31,$5,$0,$5,$0,$-13,$0,$49,$40,$10,$0,$0
11,2015-12-31,12.42,$16.36,0.76,$6.11,2.03,$2.82,4.4,$0.66,18.82,$0.44B,$0.53B,0.84,$0.02B,$0.06B,0.28,$0.03B,$0.02B,88.46%,$0.03B,$0.00B,15.38%,$0.03B,0,0.00%,$0.03B,0,0.00%,$0.03B,$0.00B,15.38%,$0.03B,$0.00B,11.54%,$0.00B,$0.07B,4.26%,$0.00B,$0.07B,4.58%,$0.00B,$0.62B,0.49%,$0.00B,$0.09B,4.73%,$7,$1,$6,$0,$5,$6,$1,$0,$1,$0,$1,$1,$1,$0,$0,$4,4,$0.18,$0.18,$18,$0,$0,$444,$15,$143,$5,$16,$179,$623,$530,$17,$5,$22,$552,$0,$33,$-3,$71,$623,$3,$2,$1,$3,$-0,$0,$0,$1,$0,$6,$-3,$0,$-0,$0,$-15,$-15,$-43,$-61,$6,$-30,$-25,$10,$10,$-1,$75,$59,$4,$0,$-1
12,2015-09-30,10.64,$16.36,0.65,$6.00,1.77,$2.58,4.13,$0.67,15.87,$0.43B,$0.52B,0.83,$0.01B,$0.06B,0.24,$0.03B,$0.02B,92.00%,$0.03B,$0.00B,16.00%,$0.03B,0,0.00%,$0.03B,0,0.00%,$0.03B,$0.00B,16.00%,$0.03B,$0.00B,12.00%,$0.00B,$0.07B,4.29%,$0.00B,$0.07B,4.60%,$0.00B,$0.61B,0.51%,$0.00B,$0.09B,4.85%,$7,$1,$6,$0,$5,$5,$1,$0,$1,$0,$1,$1,$1,$0,$0,$4,4,$0.21,$0.20,$19,$0,$0,$430,$14,$142,$5,$16,$177,$607,$517,$14,$5,$19,$536,$0,$33,$-2,$71,$607,$2,$2,$1,$2,$-0,$0,$0,$0,$-0,$4,$-0,$0,$-0,$0,$-13,$-13,$-29,$-42,$3,$-40,$-37,$0,$0,$-0,$81,$43,$6,$0,$-0
13,2015-06-30,11.24,$16.10,0.7,$5.83,1.93,$1.85,6.07,$0.64,17.56,$0.42B,$0.51B,0.82,$0.01B,$0.06B,0.25,$0.02B,$0.02B,91.67%,$0.02B,$0.00B,16.67%,$0.02B,0,0.00%,$0.02B,0,0.00%,$0.02B,$0.00B,16.67%,$0.02B,$0.00B,12.50%,$0.00B,$0.07B,4.72%,$0.00B,$0.07B,5.08%,$0.00B,$0.60B,0.51%,$0.00B,$0.08B,5.21%,$6,$1,$6,$0,$5,$5,$1,$0,$1,$0,$1,$1,$1,$0,$0,$4,4,$0.16,$0.16,$21,$0,$0,$420,$13,$146,$5,$16,$180,$600,$511,$14,$5,$19,$530,$0,$32,$-2,$70,$600,$1,$1,$1,$2,$-0,$0,$0,$1,$1,$3,$-1,$0,$-0,$0,$-18,$-18,$-16,$-35,$3,$-7,$-4,$0,$0,$-0,$42,$38,$6,$0,$-0
14,2015-03-31,9.5,$16.08,0.59,$5.68,1.67,$1.26,7.57,$0.63,15.03,$0.41B,$0.52B,0.79,$0.01B,$0.06B,0.19,$0.02B,$0.02B,87.50%,$0.02B,$0.00B,16.67%,$0.02B,0,0.00%,$0.02B,0,0.00%,$0.02B,$0.00B,16.67%,$0.02B,$0.00B,12.50%,$0.00B,$0.07B,5.24%,$0.00B,$0.07B,5.69%,$0.00B,$0.61B,0.53%,$0.00B,$0.08B,5.63%,$6,$1,$5,$0,$5,$5,$1,$0,$1,$0,$1,$1,$0,$0,$0,$4,4,$0.12,$0.12,$26,$0,$0,$413,$13,$160,$5,$16,$194,$607,$520,$11,$5,$16,$537,$0,$31,$-2,$70,$607,$1,$1,$0,$1,$-0,$0,$0,$0,$-0,$1,$-0,$0,$-0,$0,$-30,$-30,$-4,$-34,$0,$-23,$-23,$0,$0,$-0,$68,$44,$12,$0,$-0
15,2014-12-31,9.31,$15.90,0.59,$5.57,1.67,$1.17,7.98,$0.63,14.84,$0.40B,$0.48B,0.84,$0.01B,$0.06B,0.2,$0.02B,$0.02B,87.50%,$0.02B,$0.00B,16.67%,$0.02B,0,0.00%,$0.02B,0,0.00%,$0.02B,$0.00B,16.67%,$0.02B,$0.00B,12.50%,$0.00B,$0.07B,5.91%,$0.00B,$0.07B,6.49%,$0.00B,$0.56B,0.54%,$0.00B,$0.08B,6.06%,$6,$1,$6,$0,$4,$5,$1,$0,$1,$0,$1,$1,$1,$0,$0,$4,4,$0.20,$0.19,$15,$0,$0,$399,$13,$129,$5,$15,$162,$561,$476,$11,$5,$16,$492,$0,$31,$-2,$69,$561,$3,$2,$1,$3,$-0,$0,$0,$-0,$-1,$5,$-2,$0,$0,$0,$-12,$-12,$-50,$-64,$-6,$31,$25,$24,$24,$-0,$5,$54,$-5,$0,$-0
16,2014-09-30,14.2,$17.28,0.82,$5.44,2.61,$1.22,11.61,$0.66,21.61,$0.40B,$0.50B,0.79,$0.02B,$0.03B,0.53,$0.02B,$0.02B,83.33%,$0.02B,$0.00B,16.67%,$0.02B,0,0.00%,$0.02B,0,0.00%,$0.02B,$0.00B,16.67%,$0.02B,$0.00B,12.50%,$0.00B,$0.05B,6.78%,$0.00B,$0.04B,7.55%,$0.00B,$0.57B,0.56%,$0.00B,$0.06B,6.56%,$6,$1,$5,$0,$4,$5,$1,$0,$1,$0,$1,$1,$1,$0,$0,$4,4,$0.17,$0.17,$27,$0,$0,$398,$13,$137,$5,$18,$172,$570,$502,$17,$5,$22,$525,$0,$30,$-1,$45,$570,$2,$1,$1,$2,$-0,$0,$0,$-1,$-1,$3,$-2,$0,$0,$0,$-20,$-20,$-35,$-58,$-10,$0,$-10,$0,$-0,$-0,$73,$63,$8,$0,$-0
17,2014-06-30,13.78,$10.33,1.33,$6.15,2.24,$2.46,5.59,$0.69,20.06,$0.37B,$0.48B,0.77,$0.02B,$0.03B,0.53,$0.02B,$0.02B,86.96%,$0.02B,$0.00B,17.39%,$0.02B,0,0.00%,$0.02B,0,0.00%,$0.02B,$0.00B,17.39%,$0.02B,$0.00B,13.04%,$0.00B,$0.05B,6.94%,$0.00B,$0.04B,7.74%,$0.00B,$0.55B,0.58%,$0.00B,$0.06B,6.67%,$6,$1,$5,$0,$4,$5,$1,$0,$1,$0,$1,$1,$1,$0,$0,$4,4,$0.15,$0.15,$13,$0,$0,$369,$12,$142,$5,$17,$176,$545,$478,$17,$5,$21,$500,$0,$30,$-1,$45,$545,$1,$1,$1,$1,$-0,$0,$0,$-1,$-1,$2,$-1,$0,$0,$0,$-26,$-26,$-20,$-47,$-0,$1,$1,$0,$0,$-0,$38,$39,$-6,$0,$-0
18,2014-03-31,13.78,$11.75,1.17,$6.20,2.22,$2.87,4.8,$0.87,15.93,$0.37B,$0.46B,0.8,$0.02B,$0.03B,0.55,$0.02B,$0.02B,86.96%,$0.02B,$0.00B,17.39%,$0.02B,0,0.00%,$0.02B,0,0.00%,$0.02B,$0.00B,17.39%,$0.02B,$0.00B,13.04%,$0.00B,$0.04B,7.14%,$0.00B,$0.04B,7.95%,$0.00B,$0.53B,0.59%,$0.00B,$0.06B,6.78%,$6,$1,$5,$0,$4,$5,$1,$0,$1,$0,$1,$1,$0,$0,$0,$4,4,$0.12,$0.12,$21,$0,$0,$366,$12,$127,$5,$16,$159,$526,$461,$17,$5,$21,$482,$0,$29,$-2,$44,$526,$0,$0,$0,$1,$-0,$0,$0,$-0,$-0,$1,$-0,$0,$0,$0,$-11,$-11,$-8,$-20,$-0,$-7,$-7,$0,$0,$-0,$28,$21,$2,$0,$-0
19,2013-12-31,12.82,$16.42,0.78,$6.20,2.07,$2.79,4.59,$0.87,14.72,$0.36B,$0.44B,0.81,$0.02B,$0.03B,0.56,$0.02B,$0.02B,90.91%,$0.02B,$0.00B,18.18%,$0.02B,0,0.00%,$0.02B,0,0.00%,$0.02B,$0.00B,18.18%,$0.02B,$0.00B,18.18%,$0.00B,$0.04B,9.70%,$0.00B,$0.04B,10.74%,$0.00B,$0.50B,0.80%,$0.00B,$0.06B,6.61%,$6,$1,$5,$0,$4,$5,$1,$0,$1,$0,$1,$1,$1,$0,$0,$4,4,$0.05,$0.06,$20,$0,$0,$358,$12,$115,$5,$14,$146,$504,$439,$17,$4,$21,$461,$0,$29,$-2,$43,$504,$2,$2,$0,$2,$0,$0,$0,$0,$1,$5,$-2,$0,$-0,$0,$-9,$-9,$-10,$-21,$-9,$15,$6,$0,$0,$-0,$19,$24,$8,$0,$-0
20,2013-09-30,12.27,$9.45,1.3,$6.14,2.0,$2.72,4.51,$0.80,15.28,$0.35B,$0.43B,0.82,$0.02B,$0.03B,0.61,$0.02B,$0.02B,90.48%,$0.02B,$0.00B,14.29%,$0.02B,0,0.00%,$0.02B,0,0.00%,$0.02B,$0.00B,19.05%,$0.02B,$0.00B,19.05%,$0.00B,$0.04B,9.82%,$0.00B,$0.04B,10.88%,$0.00B,$0.49B,0.81%,$0.00B,$0.06B,4.82%,$5,$1,$5,$0,$4,$5,$1,$0,$1,$0,$1,$1,$1,$0,$0,$3,3,$0.21,$0.20,$16,$0,$0,$351,$10,$115,$4,$12,$142,$493,$431,$17,$4,$21,$452,$0,$28,$-3,$41,$493,$2,$1,$0,$1,$0,$0,$0,$1,$1,$4,$-1,$0,$0,$0,$-10,$-10,$-6,$-16,$-9,$15,$6,$0,$0,$-0,$9,$15,$3,$0,$-0
21,2013-06-30,12.43,$9.31,1.34,$5.30,2.35,$1.61,7.73,$0.74,16.88,$0.35B,$0.43B,0.8,$0.02B,$0.03B,0.62,$0.02B,$0.02B,85.71%,$0.02B,$0.00B,14.29%,$0.02B,0,0.00%,$0.02B,0,0.00%,$0.02B,$0.00B,19.05%,$0.02B,$0.00B,19.05%,$0.00B,$0.04B,9.82%,$0.00B,$0.04B,10.88%,$0.00B,$0.49B,0.82%,$0.00B,$0.06B,4.65%,$6,$1,$5,$0,$4,$5,$1,$0,$1,$0,$1,$1,$1,$0,$0,$4,4,$0.20,$0.20,$14,$0,$0,$349,$10,$119,$4,$12,$146,$494,$433,$17,$4,$21,$454,$0,$28,$-3,$40,$494,$1,$1,$0,$1,$0,$0,$0,$0,$0,$3,$-0,$0,$0,$0,$-14,$-14,$-5,$-19,$-9,$19,$10,$0,$0,$-0,$8,$18,$1,$0,$-0
22,2013-03-31,12.22,$9.52,1.28,$5.22,2.34,$0.99,12.28,$0.56,21.94,$0.35B,$0.43B,0.81,$0.03B,$0.03B,0.93,$0.02B,$0.02B,85.00%,$0.02B,$0.00B,15.00%,$0.02B,0,0.00%,$0.02B,0,0.00%,$0.02B,$0.00B,20.00%,$0.02B,$0.00B,20.00%,$0.00B,$0.04B,9.82%,$0.00B,$0.04B,10.88%,$0.00B,$0.51B,0.83%,$0.00B,$0.07B,4.43%,$5,$1,$5,$0,$4,$5,$1,$0,$1,$0,$1,$1,$1,$0,$0,$4,4,$0.12,$0.12,$17,$0,$0,$353,$10,$126,$4,$12,$152,$505,$434,$26,$4,$30,$464,$0,$27,$-2,$41,$505,$1,$0,$0,$1,$-0,$0,$0,$-1,$-1,$0,$-0,$0,$0,$0,$-18,$-18,$-5,$-23,$-0,$-9,$-9,$0,$0,$-0,$37,$27,$5,$0,$-0
23,2012-12-31,9.69,$9.45,1.03,$5.21,1.86,$0.48,20.3,$0.53,18.2,$0.34B,$0.41B,0.85,$0.03B,$0.03B,0.94,$0.02B,$0.02B,80.00%,$0.02B,$0.00B,15.00%,$0.02B,0,0.00%,$0.02B,0,0.00%,$0.02B,$0.00B,20.00%,$0.02B,$0.00B,15.00%,$0.00B,$0.04B,7.50%,$0.00B,$0.04B,8.33%,$0.00B,$0.48B,0.63%,$0.00B,$0.07B,4.49%,$5,$1,$4,$0,$4,$5,$0,$0,$1,$0,$1,$1,$1,$0,$0,$4,4,$0.16,$0.15,$13,$0,$0,$344,$10,$108,$4,$12,$134,$478,$406,$26,$5,$31,$437,$0,$27,$-1,$41,$478,$3,$2,$-0,$2,$-0,$0,$0,$-2,$-2,$3,$-0,$0,$0,$0,$-7,$-7,$-60,$-38,$-0,$9,$-0,$-1,$-1,$-1,$51,$33,$-2,$0,$-0
24,2012-09-30,9.99,$0.00,0.0,$5.16,1.94,$0.34,28.97,$0.44,22.64,$0.34B,$0.41B,0.83,$0.03B,$0.03B,0.93,$0.02B,$0.02B,80.00%,$0.02B,$0.00B,20.00%,$0.02B,0,0.00%,$0.02B,0,0.00%,$0.02B,$0.00B,20.00%,$0.02B,$0.00B,10.00%,$0.00B,$0.04B,5.10%,$0.00B,$0.04B,5.67%,$0.00B,$0.48B,0.43%,$0.00B,$0.07B,6.06%,$5,$1,$4,$0,$3,$4,$1,$0,$1,$0,$1,$1,$1,$0,$0,$4,4,$0.13,$0.13,$16,$0,$0,$338,$0,$117,$4,$11,$131,$479,$408,$26,$4,$30,$438,$0,$26,$0,$41,$479,$2,$2,$0,$2,$-0,$0,$0,$-2,$-2,$2,$-0,$0,$0,$0,$-13,$-13,$-20,$-33,$-0,$9,$9,$-1,$-1,$-1,$28,$35,$4,$0,$-0
25,2012-06-30,8.42,$0.00,0.0,$5.14,1.64,$0.00,0.0,$0.37,22.47,$0.32B,$0.40B,0.81,$0.03B,$0.03B,1.13,$0.02B,$0.02B,80.00%,$0.02B,$0.00B,20.00%,$0.02B,0,0.00%,$0.02B,0,0.00%,$0.02B,$0.00B,20.00%,$0.02B,$0.00B,10.00%,$0.00B,$0.04B,5.16%,$0.00B,$0.04B,5.71%,$0.00B,$0.48B,0.44%,$0.00B,$0.07B,6.11%,$5,$1,$4,$0,$4,$5,$1,$0,$1,$0,$1,$1,$1,$0,$0,$4,4,$0.15,$0.15,$12,$0,$0,$322,$0,$125,$4,$13,$142,$475,$400,$30,$5,$35,$435,$0,$26,$0,$40,$475,$1,$1,$0,$1,$-0,$0,$0,$-3,$-3,$-0,$-0,$0,$0,$0,$-23,$-23,$-8,$-31,$-1,$0,$-1,$0,$-1,$-0,$34,$32,$-0,$0,$-0
26,2012-03-31,9.09,$0.00,0.0,$5.09,1.79,$-0.16,0.0,$0.34,26.73,$0.31B,$0.40B,0.78,$0.03B,$0.03B,1.01,$0.02B,$0.02B,80.00%,$0.02B,$0.00B,20.00%,$0.02B,0,0.00%,$0.02B,0,0.00%,$0.02B,$0.00B,20.00%,$0.02B,$0.00B,10.00%,$0.00B,$0.04B,5.44%,$0.00B,$0.03B,6.02%,$0.00B,$0.47B,0.46%,$0.00B,$0.06B,6.43%,$5,$1,$4,$0,$4,$5,$1,$0,$1,$0,$1,$1,$0,$0,$0,$4,4,$0.10,$0.10,$11,$0,$0,$313,$0,$129,$4,$11,$144,$468,$401,$25,$5,$30,$430,$0,$25,$0,$38,$468,$1,$1,$0,$1,$-0,$0,$0,$-3,$-3,$-2,$-0,$0,$0,$0,$-27,$-27,$1,$-27,$-1,$0,$-1,$0,$-1,$-0,$29,$27,$-1,$0,$-0
27,2011-12-31,8.28,$8.77,0.94,$5.04,1.64,$0.09,89.99,$0.32,26.22,$0.62B,$0.74B,0.84,$0.03B,$0.03B,1.05,$0.02B,$0.02B,80.00%,$0.02B,$0.00B,20.00%,$0.02B,0,0.00%,$0.02B,0,0.00%,$0.02B,$0.00B,20.00%,$0.02B,$0.00B,10.00%,$0.00B,$0.04B,5.71%,$0.00B,$0.03B,6.35%,$0.00B,$0.44B,0.47%,$0.00B,$0.06B,6.56%,$5,$1,$4,$0,$4,$5,$1,$0,$1,$0,$0,$0,$0,$0,$0,$4,4,$0.06,$0.06,$17,$0,$0,$620,$21,$100,$4,$12,$137,$443,$738,$26,$8,$34,$405,$0,$25,$-3,$38,$443,$2,$2,$1,$2,$0,$0,$0,$-1,$-1,$4,$-2,$0,$0,$0,$-13,$-13,$-44,$-38,$-2,$-13,$-2,$0,$6,$-1,$79,$30,$-4,$0,$-0
28,2011-09-30,7.94,$0.00,0.0,$5.10,1.56,$-0.04,0.0,$0.39,20.11,$0.31B,$0.35B,0.88,$0.03B,$0.03B,0.99,$0.02B,$0.02B,80.00%,$0.02B,$0.00B,20.00%,$0.02B,0,0.00%,$0.02B,0,0.00%,$0.02B,$0.00B,20.00%,$0.02B,$0.00B,15.00%,$0.00B,$0.04B,9.02%,$0.00B,$0.04B,10.08%,$0.00B,$0.42B,0.72%,$0.00B,$0.07B,6.69%,$5,$1,$4,$0,$3,$4,$1,$0,$1,$0,$1,$1,$1,$0,$0,$4,4,$0.07,$0.07,$16,$0,$0,$308,$0,$88,$4,$10,$102,$420,$350,$26,$5,$31,$381,$0,$24,$0,$39,$420,$2,$1,$0,$1,$0,$0,$0,$0,$-0,$3,$-3,$0,$0,$0,$0,$-8,$1,$-10,$0,$-11,$-2,$0,$6,$-0,$17,$9,$2,$0,$0
29,2011-06-30,8.19,$0.00,0.0,$5.11,1.6,$0.58,14.02,$0.46,17.74,$0.30B,$0.36B,0.84,$0.03B,$0.03B,0.96,$0.02B,$0.02B,80.00%,$0.02B,$0.00B,20.00%,$0.02B,0,0.00%,$0.02B,0,0.00%,$0.02B,$0.00B,20.00%,$0.02B,$0.00B,15.00%,$0.00B,$0.03B,9.52%,$0.00B,$0.03B,10.81%,$0.00B,$0.42B,0.73%,$0.00B,$0.06B,6.64%,$5,$1,$4,$0,$4,$5,$1,$0,$1,$0,$1,$1,$1,$0,$0,$4,4,$0.12,$0.12,$13,$0,$0,$300,$0,$92,$4,$11,$107,$419,$357,$25,$4,$29,$386,$0,$25,$0,$32,$419,$1,$1,$0,$1,$0,$0,$0,$0,$-1,$0,$-1,$0,$0,$0,$0,$-8,$-1,$-10,$0,$-6,$-3,$0,$0,$-0,$18,$9,$-1,$0,$0
30,2011-03-31,9.34,$0.00,0.0,$5.10,1.83,$0.75,12.41,$0.45,20.79,$0.30B,$0.35B,0.85,$0.03B,$0.03B,1.08,$0.02B,$0.02B,80.00%,$0.02B,$0.00B,20.00%,$0.02B,0,0.00%,$0.02B,0,0.00%,$0.02B,$0.00B,20.00%,$0.02B,$0.00B,15.00%,$0.00B,$0.03B,9.60%,$0.00B,$0.03B,11.01%,$0.00B,$0.41B,0.74%,$0.00B,$0.06B,6.45%,$5,$1,$4,$0,$4,$5,$1,$0,$1,$0,$0,$0,$0,$0,$0,$4,4,$0.07,$0.07,$12,$0,$0,$297,$0,$91,$4,$10,$105,$412,$350,$27,$4,$31,$381,$0,$24,$0,$31,$412,$0,$0,$0,$0,$0,$0,$0,$0,$-1,$0,$-1,$0,$0,$0,$0,$-5,$0,$-6,$0,$-9,$-1,$0,$0,$-0,$14,$4,$-2,$0,$0
31,2010-12-31,7.79,$7.47,1.04,$5.11,1.52,$0.62,12.58,$0.50,15.66,$0.58B,$0.67B,0.87,$0.03B,$0.02B,1.15,$0.02B,$0.02B,80.00%,$0.02B,$0.00B,20.00%,$0.02B,0,0.00%,$0.02B,0,0.00%,$0.02B,$0.00B,20.00%,$0.02B,$0.00B,20.00%,$0.00B,$0.03B,12.90%,$0.00B,$0.03B,14.81%,$0.00B,$0.41B,1.00%,$0.00B,$0.06B,6.32%,$5,$1,$4,$0,$3,$5,$1,$0,$1,$0,$1,$1,$1,$0,$0,$4,4,$0.14,$0.14,$18,$0,$0,$583,$19,$85,$4,$11,$119,$409,$671,$28,$5,$33,$378,$0,$24,$-2,$31,$409,$3,$1,$1,$1,$-0,$0,$0,$0,$-0,$4,$-3,$0,$0,$0,$-13,$-13,$-48,$-39,$-8,$13,$-8,$0,$0,$-1,$59,$34,$-1,$0,$-0
32,2010-09-30,7.31,$0.00,0.0,$5.09,1.44,$0.56,13.12,$0.45,16.27,$0.30B,$0.33B,0.89,$0.04B,$0.03B,1.38,$0.02B,$0.02B,80.00%,$0.02B,$0.00B,20.00%,$0.02B,0,0.00%,$0.02B,0,0.00%,$0.02B,$0.00B,20.00%,$0.02B,$0.00B,15.00%,$0.00B,$0.03B,9.84%,$0.00B,$0.03B,11.32%,$0.00B,$0.41B,0.77%,$0.00B,$0.07B,6.18%,$5,$1,$4,$0,$3,$4,$1,$0,$1,$0,$1,$1,$1,$0,$0,$4,4,$0.13,$0.13,$20,$0,$0,$297,$0,$86,$4,$11,$101,$406,$333,$35,$6,$41,$374,$0,$24,$0,$32,$406,$2,$1,$0,$1,$0,$0,$0,$0,$1,$4,$-1,$0,$0,$0,$0,$-27,$0,$-28,$0,$0,$-1,$0,$0,$-0,$31,$30,$6,$0,$0
33,2010-06-30,5.45,$0.00,0.0,$5.06,1.08,$0.12,44.63,$0.45,12.14,$0.28B,$0.33B,0.85,$0.03B,$0.03B,1.33,$0.02B,$0.02B,80.00%,$0.02B,$0.00B,20.00%,$0.02B,0,0.00%,$0.02B,0,0.00%,$0.02B,$0.00B,20.00%,$0.02B,$0.00B,15.00%,$0.00B,$0.03B,10.17%,$0.00B,$0.03B,11.65%,$0.00B,$0.40B,0.79%,$0.00B,$0.06B,6.32%,$5,$1,$4,$0,$3,$4,$1,$0,$1,$0,$1,$1,$1,$0,$0,$4,4,$0.10,$0.10,$9,$0,$0,$278,$0,$96,$4,$11,$111,$396,$328,$33,$4,$37,$365,$0,$23,$0,$31,$396,$1,$0,$0,$0,$0,$0,$0,$0,$-2,$1,$-1,$0,$0,$0,$0,$-28,$0,$-29,$0,$7,$-3,$0,$0,$-0,$19,$23,$-5,$0,$0
34,2010-03-31,7.11,$0.00,0.0,$5.04,1.41,$0.16,45.48,$0.35,20.18,$0.28B,$0.32B,0.88,$0.03B,$0.02B,1.38,$0.02B,$0.02B,80.00%,$0.02B,$0.00B,15.00%,$0.02B,0,0.00%,$0.02B,0,0.00%,$0.02B,$0.00B,15.00%,$0.02B,$0.00B,10.00%,$0.00B,$0.03B,7.48%,$0.00B,$0.03B,8.70%,$0.00B,$0.39B,0.54%,$0.00B,$0.06B,4.90%,$5,$1,$4,$0,$3,$4,$1,$0,$1,$0,$1,$1,$1,$0,$0,$4,4,$0.12,$0.12,$21,$0,$0,$282,$0,$82,$4,$11,$97,$387,$320,$33,$4,$37,$357,$0,$23,$0,$30,$387,$1,$0,$0,$0,$0,$0,$0,$0,$-2,$-1,$-1,$0,$0,$0,$0,$-6,$0,$-7,$0,$0,$-3,$0,$0,$-0,$18,$15,$7,$0,$0
35,2009-12-31,5.05,$7.14,0.71,$5.02,1.01,$0.56,9.02,$0.37,13.63,$0.54B,$0.60B,0.9,$0.04B,$0.02B,1.56,$0.02B,$0.02B,75.00%,$0.02B,$0.00B,15.00%,$0.02B,0,0.00%,$0.02B,0,0.00%,$0.02B,$0.00B,15.00%,$0.02B,$0.00B,10.00%,$0.00B,$0.03B,8.25%,$0.00B,$0.03B,9.76%,$0.00B,$0.37B,0.55%,$0.00B,$0.07B,5.04%,$5,$1,$4,$0,$3,$4,$1,$0,$1,$0,$0,$0,$0,$0,$0,$4,4,$0.09,$0.09,$18,$0,$0,$539,$16,$75,$4,$11,$105,$372,$599,$36,$4,$40,$342,$0,$22,$-1,$29,$372,$2,$1,$1,$1,$0,$0,$0,$-3,$-3,$1,$0,$0,$0,$0,$1,$-12,$-13,$-12,$2,$-18,$2,$0,$7,$-1,$55,$18,$7,$0,$-0
36,2009-09-30,6.86,$0.00,0.0,$5.49,1.25,$1.20,5.69,$0.42,16.37,$0.28B,$0.30B,0.93,$0.03B,$0.02B,1.48,$0.02B,$0.02B,72.73%,$0.02B,$0.01B,22.73%,$0.02B,0,0.00%,$0.02B,0,0.00%,$0.02B,$0.00B,13.64%,$0.02B,$0.00B,13.64%,$0.00B,$0.03B,13.79%,$0.00B,$0.03B,16.44%,$0.00B,$0.37B,0.84%,$0.01B,$0.06B,8.81%,$5,$1,$4,$0,$3,$5,$1,$0,$1,$0,$1,$1,$1,$0,$0,$4,4,$0.13,$0.13,$24,$0,$0,$277,$0,$67,$4,$9,$80,$365,$299,$33,$5,$38,$337,$0,$22,$0,$28,$365,$1,$1,$0,$1,$0,$0,$0,$0,$-1,$1,$-0,$0,$0,$0,$0,$4,$0,$4,$0,$-17,$-1,$0,$7,$-0,$23,$12,$17,$0,$0
37,2009-06-30,5.36,$0.00,0.0,$5.09,1.05,$1.86,2.89,$0.08,67.98,$0.26B,$0.29B,0.9,$0.04B,$0.02B,1.76,$0.02B,$0.01B,70.00%,$0.02B,$0.00B,15.00%,$0.02B,0,0.00%,$0.02B,0,0.00%,$0.02B,$0.00B,5.00%,$0.02B,$0.00B,5.00%,$0.00B,$0.02B,5.00%,$0.00B,$0.02B,6.15%,$0.00B,$0.35B,0.28%,$0.00B,$0.06B,5.41%,$5,$2,$4,$0,$3,$5,$0,$0,$0,$0,$0,$0,$0,$0,$0,$4,4,$0.01,$0.01,$8,$0,$0,$257,$0,$69,$4,$10,$83,$347,$287,$35,$5,$40,$327,$0,$22,$0,$20,$347,$1,$0,$0,$0,$0,$0,$0,$0,$-1,$-0,$-0,$0,$0,$0,$0,$5,$0,$5,$0,$-17,$1,$0,$0,$-0,$11,$-4,$1,$0,$0
38,2009-03-31,4.23,$0.00,0.0,$5.11,0.83,$2.30,1.84,$0.15,29.02,$0.26B,$0.30B,0.88,$0.04B,$0.02B,1.84,$0.02B,$0.01B,65.00%,$0.02B,$0.00B,20.00%,$0.02B,0,0.00%,$0.02B,0,0.00%,$0.02B,$0.00B,5.00%,$0.02B,$0.00B,5.00%,$0.00B,$0.02B,4.94%,$0.00B,$0.02B,6.06%,$0.00B,$0.36B,0.28%,$0.00B,$0.06B,7.02%,$5,$2,$3,$0,$3,$4,$1,$0,$1,$0,$1,$1,$1,$0,$0,$4,4,$0.14,$0.14,$17,$0,$0,$264,$0,$76,$4,$10,$90,$362,$299,$36,$6,$43,$342,$0,$22,$0,$20,$362,$1,$0,$0,$0,$0,$0,$0,$0,$-0,$0,$-0,$0,$0,$0,$0,$0,$0,$-0,$0,$-17,$2,$0,$0,$-0,$24,$9,$9,$0,$0
39,2008-12-31,5.47,$0.00,0.0,$5.14,1.07,$2.25,2.43,$0.09,64.41,$0.26B,$0.29B,0.88,$0.03B,$0.02B,1.77,$0.02B,$0.01B,65.00%,$0.02B,$0.00B,15.00%,$0.02B,0,0.00%,$0.02B,0,0.00%,$0.02B,0,0.00%,$0.02B,0,0.00%,$0.00B,$0.02B,0.00%,$0.00B,$0.02B,0.00%,$0.00B,$0.35B,0.00%,$0.00B,$0.05B,5.45%,$7,$2,$5,$0,$3,$5,$3,$0,$1,$0,$1,$1,$1,$0,$0,$4,4,$0.14,$0.14,$8,$0,$0,$257,$0,$75,$4,$10,$88,$353,$292,$34,$7,$41,$333,$0,$21,$0,$19,$353,$0,$1,$0,$1,$0,$0,$0,$0,$-0,$3,$1,$0,$0,$0,$0,$-38,$0,$-37,$0,$-1,$14,$0,$0,$-1,$18,$31,$-3,$0,$0
40,2008-09-30,6.14,$0.00,0.0,$4.70,1.31,$1.80,3.42,$0.07,91.96,$0.25B,$0.29B,0.87,$0.04B,$0.02B,1.72,$0.02B,$0.01B,61.11%,$0.02B,$0.00B,5.56%,$0.02B,0,0.00%,$0.02B,0,0.00%,$0.02B,0,0.00%,$0.02B,$-0.00B,-5.56%,$-0.00B,$0.02B,-4.65%,$-0.00B,$0.02B,-5.71%,$-0.00B,$0.35B,-0.29%,$0.00B,$0.06B,1.92%,$3,$2,$2,$0,$3,$5,$-1,$0,$-1,$-0,$-1,$-1,$-1,$0,$0,$4,4,$-0.21,$-0.21,$12,$0,$0,$254,$0,$78,$4,$9,$91,$353,$292,$35,$5,$41,$332,$0,$21,$0,$21,$353,$-0,$1,$0,$1,$0,$0,$0,$0,$0,$3,$1,$0,$0,$0,$0,$-34,$0,$-34,$0,$3,$15,$0,$0,$-0,$14,$32,$1,$0,$0
41,2008-06-30,6.26,$0.00,0.0,$5.09,1.23,$1.13,5.52,$0.35,18.08,$0.24B,$0.28B,0.87,$0.04B,$0.02B,1.91,$0.02B,$0.01B,60.00%,$0.02B,$0.00B,10.00%,$0.02B,0,0.00%,$0.02B,0,0.00%,$0.02B,$0.00B,5.00%,$0.02B,0,0.00%,$0.00B,$0.02B,0.00%,$0.00B,$0.02B,0.00%,$0.00B,$0.35B,0.00%,$0.00B,$0.06B,4.17%,$5,$2,$3,$0,$3,$4,$1,$0,$0,$0,$0,$0,$0,$0,$0,$4,4,$0.07,$0.07,$11,$0,$0,$243,$0,$82,$4,$9,$95,$346,$280,$40,$5,$45,$325,$0,$22,$0,$21,$346,$1,$0,$0,$0,$0,$0,$0,$0,$-0,$1,$0,$0,$0,$0,$0,$-26,$0,$-26,$0,$-10,$20,$0,$0,$-0,$16,$25,$0,$0,$0
42,2008-03-31,9.47,$0.00,0.0,$5.06,1.87,$0.84,11.26,$0.32,30.0,$0.24B,$0.29B,0.84,$0.03B,$0.02B,1.2,$0.02B,$0.01B,60.00%,$0.02B,$0.00B,5.00%,$0.02B,0,0.00%,$0.02B,0,0.00%,$0.02B,$0.00B,5.00%,$0.02B,0,0.00%,$0.00B,$0.02B,0.00%,$0.00B,$0.02B,0.00%,$0.00B,$0.34B,0.00%,$0.00B,$0.05B,2.38%,$5,$2,$3,$0,$3,$5,$0,$0,$0,$0,$0,$0,$0,$0,$0,$4,4,$0.08,$0.08,$15,$0,$0,$238,$0,$78,$4,$9,$90,$337,$285,$26,$4,$31,$315,$0,$22,$0,$22,$337,$0,$0,$0,$0,$0,$0,$0,$0,$-1,$-0,$0,$0,$0,$0,$0,$-11,$0,$-11,$0,$-10,$6,$0,$0,$-0,$20,$16,$5,$0,$0
43,2007-12-31,8.57,$0.00,0.0,$4.98,1.72,$0.78,10.96,$0.28,30.69,$0.23B,$0.28B,0.85,$0.02B,$0.02B,0.92,$0.02B,$0.01B,60.00%,$0.02B,$0.00B,5.00%,$0.02B,0,0.00%,$0.02B,0,0.00%,$0.02B,$0.00B,5.00%,$0.02B,0,0.00%,$0.00B,$0.02B,0.00%,$0.00B,$0.02B,0.00%,$0.00B,$0.32B,0.00%,$0.00B,$0.04B,2.45%,$5,$2,$3,$0,$3,$5,$1,$0,$1,$0,$0,$0,$0,$0,$0,$4,4,$0.12,$0.12,$10,$0,$0,$233,$0,$67,$4,$8,$79,$321,$275,$20,$4,$24,$299,$0,$22,$0,$22,$321,$1,$1,$0,$1,$0,$0,$0,$0,$0,$3,$-1,$0,$0,$0,$0,$-22,$0,$-23,$0,$18,$-6,$0,$0,$-1,$6,$17,$-4,$0,$0
44,2007-09-30,8.11,$0.00,0.0,$4.90,1.66,$0.82,9.85,$0.24,34.24,$0.23B,$0.27B,0.84,$0.02B,$0.02B,0.9,$0.02B,$0.01B,60.00%,$0.02B,0,0.00%,$0.02B,0,0.00%,$0.02B,0,0.00%,$0.02B,0,0.00%,$0.02B,0,0.00%,$0.00B,$0.02B,0.00%,$0.00B,$0.02B,0.00%,$0.00B,$0.31B,0.00%,$0.00B,$0.04B,0.00%,$5,$2,$3,$0,$3,$5,$0,$0,$0,$0,$0,$0,$0,$0,$0,$4,4,$0.07,$0.07,$11,$0,$0,$227,$0,$67,$4,$8,$79,$314,$270,$19,$4,$23,$293,$0,$21,$0,$21,$314,$1,$1,$0,$1,$0,$0,$0,$0,$-0,$2,$-1,$0,$0,$0,$0,$-16,$0,$-16,$0,$9,$-7,$0,$0,$-0,$10,$12,$-3,$0,$0
45,2007-06-30,9.8,$0.00,0.0,$4.76,2.06,$1.07,9.13,$0.21,47.47,$0.21B,$0.26B,0.81,$0.02B,$0.02B,0.82,$0.02B,$0.01B,60.00%,$0.02B,0,0.00%,$0.02B,0,0.00%,$0.02B,0,0.00%,$0.02B,0,0.00%,$0.02B,0,0.00%,$0.00B,$0.02B,0.00%,$0.00B,$0.02B,0.00%,$0.00B,$0.31B,0.00%,$0.00B,$0.04B,0.00%,$5,$2,$3,$0,$3,$5,$0,$0,$0,$0,$0,$0,$0,$0,$0,$4,4,$0.04,$0.04,$7,$0,$0,$213,$0,$71,$4,$8,$83,$305,$263,$17,$3,$20,$284,$0,$21,$0,$21,$305,$0,$1,$0,$1,$0,$0,$0,$0,$-0,$1,$-0,$0,$0,$0,$0,$-10,$0,$-10,$0,$3,$-9,$0,$0,$-0,$9,$3,$-6,$0,$0
46,2007-03-31,10.59,$0.00,0.0,$4.65,2.28,$1.57,6.76,$0.24,44.71,$0.22B,$0.27B,0.82,$0.02B,$0.02B,1.05,$0.02B,$0.01B,60.00%,$0.02B,0,0.00%,$0.02B,0,0.00%,$0.02B,0,0.00%,$0.02B,0,0.00%,$0.02B,0,0.00%,$0.00B,$0.02B,0.00%,$0.00B,$0.02B,0.00%,$0.00B,$0.32B,0.00%,$0.00B,$0.04B,0.00%,$5,$2,$3,$0,$2,$5,$0,$0,$0,$0,$0,$0,$0,$0,$0,$4,4,$0.04,$0.04,$16,$0,$0,$221,$0,$76,$4,$8,$88,$317,$271,$22,$4,$26,$296,$0,$21,$0,$21,$317,$0,$0,$0,$0,$0,$0,$0,$0,$-1,$-0,$-0,$0,$0,$0,$0,$-13,$0,$-13,$0,$5,$-4,$0,$0,$-0,$15,$16,$3,$0,$0
47,2006-12-31,10.54,$0.00,0.0,$4.57,2.31,$1.60,6.6,$0.26,41.34,$0.22B,$0.25B,0.87,$0.03B,$0.02B,1.27,$0.02B,$0.01B,63.16%,$0.02B,0,0.00%,$0.02B,0,0.00%,$0.02B,0,0.00%,$0.02B,0,0.00%,$0.02B,0,0.00%,$0.00B,$0.02B,0.00%,$0.00B,$0.02B,0.00%,$0.00B,$0.30B,0.00%,$0.00B,$0.05B,0.00%,$5,$2,$3,$0,$3,$5,$0,$0,$0,$0,$0,$0,$0,$0,$0,$4,4,$0.08,$0.08,$14,$0,$0,$217,$0,$64,$4,$8,$76,$301,$251,$26,$3,$30,$281,$0,$21,$0,$21,$301,$1,$1,$0,$1,$0,$0,$0,$0,$0,$2,$-0,$0,$0,$0,$0,$0,$0,$-0,$0,$-2,$-3,$0,$0,$-1,$9,$4,$6,$0,$0
