,Date,Stock Price,Book Value per Share,Price to Book Ratio,TTM Sales per Share,Price to Sales Ratio,TTM FCF per Share,Price to FCF Ratio,TTM Net EPS,PE Ratio,Current Assets,Current Liabilities,Current Ratio,Long Term Debt,Shareholder's Equity_x,Debt to Equity Ratio,TTM Revenue_x,TTM Gross Profit,Gross Margin,TTM Revenue_y,TTM Operating Income,Operating Margin,TTM Revenue_x,TTM EBIT,EBIT Margin,TTM Revenue_y,TTM EBITDA,EBITDA Margin,TTM Revenue_x,TTM Pre-Tax Income,Pre-Tax Margin,TTM Revenue_y,TTM Net Income_x,Net Margin,TTM Net Income_y,Shareholder's Equity_y,Return on Equity,TTM Net Income_x,Tangible Equity,Return on Tangible Equity,TTM Net Income_y,Total Assets,Return on Assets,TTM Net Income,LT Investments & Debt,Return on Investment,revenue,cost-goods-sold,gross-profit,research-development-expenses,selling-general-administrative-expenses,operating-expenses,operating-income,total-non-operating-income-expense,pre-tax-income,total-provision-income-taxes,income-after-taxes,income-from-continuous-operations,net-income,ebitda,ebit,basic-shares-outstanding,shares-outstanding,eps-basic-net-earnings-per-share,eps-earnings-per-share-diluted,cash-on-hand,inventory,other-current-assets,total-current-assets,net-property-plant-equipment,long-term-investments,goodwill-intangible-assets-total,other-long-term-assets,total-long-term-assets,total-assets,total-current-liabilities,long-term-debt,other-non-current-liabilities,total-long-term-liabilities,total-liabilities,common-stock-net,retained-earnings-accumulated-deficit,comprehensive-income,total-share-holder-equity,total-liabilities-share-holders-equity,net-income-loss,total-depreciation-amortization-cash-flow,other-non-cash-items,total-non-cash-items,change-in-accounts-receivable,change-in-inventories,change-in-accounts-payable,change-in-assets-liabilities,total-change-in-assets-liabilities,cash-flow-from-operating-activities,net-change-in-property-plant-equipment,net-change-in-intangible-assets,net-acquisitions-divestitures,net-change-in-short-term-investments,net-change-in-long-term-investments,net-change-in-investments-total,investing-activities-other,cash-flow-from-investing-activities,net-long-term-debt,net-current-debt,debt-issuance-retirement-net-total,net-common-equity-issued-repurchased,net-total-equity-issued-repurchased,total-common-preferred-stock-dividends-paid,financial-activities-other,cash-flow-from-financial-activities,net-cash-flow,stock-based-compensation,common-stock-dividends-paid
0,2018-09-30,7.08,$1.34,5.28,$20.89,0.34,$3.17,2.23,$1.43,4.95,$2.15B,$1.81B,1.19,$3.08B,$0.25B,12.25,$3.93B,$1.79B,45.56%,$3.93B,$0.42B,10.80%,$3.93B,$0.42B,10.80%,$3.93B,$0.63B,15.99%,$3.93B,$0.26B,6.60%,$3.93B,$0.27B,6.85%,$0.27B,$0.25B,126.29%,$0.27B,$-1.75B,-14.46%,$0.27B,$5.91B,4.28%,$0.42B,$3.33B,12.14%,$833,$447,$386,$33,$269,$756,$77,$-32,$45,$-2,$47,$47,$77,$127,$77,$187,188,$0.41,$0.41,$815,$48,$93,$2151,$578,$0,$2003,$581,$3763,$5914,$1809,$3077,$545,$3853,$5662,$323,$5291,$-805,$252,$5914,$179,$152,$9,$161,$124,$-6,$0,$-91,$-49,$291,$-141,$0,$-2,$2,$0,$2,$344,$202,$-565,$0,$-565,$0,$0,$-105,$-55,$-726,$-250,$16,$-105
1,2018-06-30,8.57,$1.05,8.19,$20.38,0.42,$3.53,2.43,$1.33,6.44,$2.47B,$2.01B,1.23,$3.24B,$0.20B,16.56,$3.83B,$1.81B,47.24%,$3.83B,$0.43B,11.31%,$3.83B,$0.43B,11.31%,$3.83B,$0.63B,16.46%,$3.83B,$0.27B,7.06%,$3.83B,$0.25B,6.51%,$0.25B,$0.20B,142.08%,$0.25B,$-1.82B,-13.55%,$0.25B,$6.25B,3.83%,$0.43B,$3.43B,12.10%,$861,$456,$406,$31,$282,$769,$92,$-39,$53,$6,$47,$47,$48,$143,$92,$187,188,$0.26,$0.26,$746,$49,$102,$2470,$579,$0,$2017,$583,$3777,$6247,$2012,$3238,$567,$4039,$6051,$323,$5249,$-810,$196,$6247,$102,$102,$26,$128,$75,$-7,$0,$-80,$-55,$175,$-100,$0,$-2,$-1,$0,$-1,$2,$-101,$-260,$0,$-260,$0,$0,$-70,$-50,$-380,$-319,$9,$-70
2,2018-03-31,10.66,$1.15,9.28,$19.70,0.54,$3.71,2.87,$1.33,8.02,$2.29B,$2.00B,1.14,$3.25B,$0.21B,15.15,$3.70B,$1.81B,49.05%,$3.70B,$0.44B,11.85%,$3.70B,$0.44B,11.85%,$3.70B,$0.63B,16.96%,$3.70B,$0.26B,7.01%,$3.70B,$0.25B,6.76%,$0.25B,$0.22B,187.27%,$0.25B,$-2.01B,-13.78%,$0.25B,$6.32B,3.87%,$0.44B,$3.46B,13.03%,$983,$535,$448,$33,$312,$881,$102,$-29,$73,$20,$54,$54,$54,$153,$102,$187,188,$0.29,$0.28,$775,$96,$94,$2289,$570,$0,$2227,$593,$4031,$6320,$2004,$3249,$612,$4100,$6105,$323,$5236,$-772,$215,$6320,$54,$51,$-11,$39,$87,$-4,$0,$-36,$-10,$83,$-43,$0,$-2,$2,$0,$2,$5,$-38,$-255,$0,$-255,$0,$0,$-35,$-50,$-340,$-289,$3,$-35
3,2017-12-31,10.78,$1.01,10.67,$18.95,0.57,$4.13,2.61,$1.40,7.7,$2.82B,$2.06B,1.37,$3.56B,$0.19B,18.92,$3.55B,$1.83B,51.46%,$3.55B,$0.46B,12.96%,$3.55B,$0.46B,12.96%,$3.55B,$0.64B,18.08%,$3.55B,$0.28B,7.97%,$3.55B,$0.26B,7.35%,$0.26B,$0.19B,382.42%,$0.26B,$-1.86B,-14.84%,$0.26B,$6.68B,4.14%,$0.46B,$3.75B,14.79%,$1250,$700,$549,$38,$362,$1097,$153,$-65,$88,$-21,$109,$109,$90,$205,$153,$186,187,$0.48,$0.47,$1058,$41,$75,$2822,$557,$0,$2047,$601,$3857,$6679,$2061,$3559,$636,$4430,$6490,$323,$5230,$-792,$189,$6679,$261,$182,$13,$195,$105,$6,$0,$-42,$39,$496,$-166,$0,$-483,$-20,$0,$-20,$5,$-663,$472,$0,$472,$0,$0,$-139,$35,$368,$244,$24,$-139
4,2017-09-30,13.25,$0.54,24.52,$16.97,0.78,$4.24,3.13,$0.48,27.61,$3.22B,$2.27B,1.42,$3.56B,$0.10B,35.49,$3.19B,$1.77B,55.38%,$3.19B,$0.32B,10.17%,$3.19B,$0.32B,10.17%,$3.19B,$0.66B,20.83%,$3.19B,$0.16B,4.86%,$3.19B,$0.09B,2.73%,$0.09B,$0.10B,-1740.00%,$0.09B,$-1.66B,-4.96%,$0.09B,$6.78B,1.43%,$0.32B,$3.66B,11.43%,$733,$328,$405,$29,$288,$647,$86,$-30,$56,$11,$45,$45,$57,$129,$86,$186,188,$0.31,$0.31,$1742,$118,$82,$3221,$524,$0,$1762,$624,$3561,$6781,$2265,$3563,$595,$4416,$6681,$323,$5175,$-818,$101,$6781,$171,$130,$4,$134,$170,$-8,$0,$-67,$25,$331,$-113,$0,$-8,$-27,$0,$-27,$-8,$-156,$823,$0,$823,$0,$0,$-105,$-4,$715,$932,$18,$-105
5,2017-06-30,14.08,$0.16,89.31,$17.56,0.8,$4.14,3.4,$0.52,27.07,$2.49B,$2.63B,0.95,$2.54B,$0.03B,87.98,$3.29B,$1.82B,55.33%,$3.29B,$0.35B,10.75%,$3.29B,$0.35B,10.75%,$3.29B,$0.70B,21.32%,$3.29B,$0.19B,5.86%,$3.29B,$0.10B,2.92%,$0.10B,$0.03B,4266.67%,$0.10B,$-1.73B,-5.36%,$0.10B,$6.04B,1.61%,$0.35B,$2.57B,13.31%,$730,$320,$411,$30,$283,$633,$97,$-55,$42,$1,$41,$41,$49,$140,$97,$186,187,$0.26,$0.26,$1005,$121,$89,$2492,$510,$0,$1756,$617,$3546,$6037,$2633,$2543,$617,$3375,$6008,$323,$5152,$-859,$29,$6037,$114,$87,$15,$102,$135,$-4,$0,$-53,$-31,$185,$-76,$0,$-8,$-140,$0,$-140,$-1,$-225,$166,$0,$166,$0,$0,$-70,$-6,$91,$76,$13,$-70
6,2017-03-31,12.07,$-0.25,-48.53,$18.10,0.67,$4.12,2.93,$0.54,22.35,$2.23B,$2.45B,0.91,$2.50B,$-0.05B,-53.38,$3.40B,$1.88B,55.16%,$3.40B,$0.40B,11.68%,$3.40B,$0.40B,11.68%,$3.40B,$0.75B,21.98%,$3.40B,$0.24B,7.18%,$3.40B,$0.10B,2.97%,$0.10B,$-0.05B,684.75%,$0.10B,$-1.79B,-5.54%,$0.10B,$5.75B,1.70%,$0.40B,$2.45B,14.75%,$837,$374,$462,$32,$305,$713,$124,$-27,$97,$31,$65,$65,$65,$168,$124,$186,187,$0.35,$0.35,$783,$116,$79,$2233,$498,$0,$1743,$609,$3514,$5747,$2448,$2499,$635,$3345,$5794,$323,$5138,$-914,$-46,$5747,$65,$44,$-5,$40,$131,$-22,$0,$-40,$49,$154,$-36,$0,$-8,$-4,$0,$-4,$-21,$-69,$-79,$0,$-79,$0,$0,$-35,$-6,$-120,$-25,$6,$-35
7,2016-12-31,13.79,$-0.56,-24.7,$18.00,0.77,$3.61,3.82,$0.49,28.14,$2.33B,$2.33B,1.0,$2.75B,$-0.10B,-26.41,$3.41B,$1.89B,55.53%,$3.41B,$0.40B,11.71%,$3.41B,$0.40B,11.71%,$3.41B,$0.75B,21.98%,$3.41B,$0.25B,7.25%,$3.41B,$0.09B,2.76%,$0.09B,$-0.10B,164.91%,$0.09B,$-1.84B,-5.13%,$0.09B,$5.84B,1.56%,$0.40B,$2.65B,14.24%,$887,$400,$487,$32,$283,$870,$17,$-57,$-40,$38,$-78,$-78,$-84,$227,$17,$188,189,$-0.45,$-0.44,$803,$93,$69,$2325,$503,$0,$1737,$600,$3512,$5837,$2328,$2750,$658,$3613,$5941,$323,$5108,$-940,$-104,$5837,$112,$350,$-24,$326,$142,$-7,$0,$-17,$58,$496,$-143,$0,$-38,$75,$0,$75,$-9,$-116,$524,$-90,$434,$-197,$-197,$-159,$-307,$-230,$124,$15,$-159
8,2016-09-30,16.28,$0.70,23.17,$17.97,0.91,$3.77,4.32,$1.37,11.88,$2.50B,$2.17B,1.16,$2.83B,$0.13B,21.79,$3.46B,$1.94B,55.97%,$3.46B,$0.56B,16.17%,$3.46B,$0.56B,16.17%,$3.46B,$0.75B,21.55%,$3.46B,$0.42B,12.03%,$3.46B,$0.26B,7.64%,$0.26B,$0.13B,206.65%,$0.26B,$-1.81B,-14.59%,$0.26B,$6.26B,4.34%,$0.56B,$2.96B,19.91%,$839,$377,$462,$29,$301,$723,$116,$-22,$94,$23,$70,$70,$66,$167,$116,$186,187,$0.35,$0.35,$1016,$109,$66,$2502,$492,$0,$1941,$620,$3757,$6259,$2165,$2832,$605,$3963,$6128,$323,$5227,$-826,$130,$6259,$191,$140,$-28,$112,$165,$-20,$0,$-31,$-6,$296,$-98,$0,$-38,$70,$0,$70,$-6,$-72,$524,$-90,$434,$-197,$-197,$-115,$-5,$116,$345,$16,$-115
9,2016-06-30,15.8,$0.42,37.2,$17.80,0.89,$4.00,3.95,$1.46,10.82,$2.29B,$2.13B,1.07,$2.62B,$0.08B,33.5,$3.49B,$1.97B,56.36%,$3.49B,$0.60B,17.14%,$3.49B,$0.60B,17.14%,$3.49B,$0.78B,22.22%,$3.49B,$0.46B,13.16%,$3.49B,$0.29B,8.23%,$0.29B,$0.08B,219.50%,$0.29B,$-1.85B,-15.87%,$0.29B,$5.96B,4.74%,$0.60B,$2.70B,21.98%,$836,$372,$464,$35,$289,$696,$140,$-47,$93,$33,$60,$60,$54,$185,$140,$187,188,$0.29,$0.28,$751,$111,$61,$2286,$482,$0,$1925,$577,$3678,$5964,$2132,$2624,$620,$3753,$5885,$323,$5196,$-840,$79,$5964,$121,$90,$-36,$54,$120,$-23,$0,$-28,$-16,$159,$-54,$0,$-16,$63,$0,$63,$-12,$-18,$-71,$230,$159,$-195,$-195,$-80,$-5,$-121,$24,$10,$-80
10,2016-03-31,18.92,$0.64,29.51,$17.70,1.07,$4.18,4.53,$1.93,9.81,$2.21B,$1.97B,1.13,$2.78B,$0.12B,22.6,$3.53B,$2.00B,56.55%,$3.53B,$0.60B,16.84%,$3.53B,$0.60B,16.84%,$3.53B,$0.77B,21.79%,$3.53B,$0.58B,16.28%,$3.53B,$0.39B,10.90%,$0.39B,$0.12B,242.52%,$0.39B,$-1.83B,-21.49%,$0.39B,$6.01B,6.28%,$0.60B,$2.90B,21.95%,$845,$365,$479,$27,$327,$719,$126,$-26,$100,$37,$63,$63,$58,$170,$126,$192,193,$0.30,$0.30,$735,$100,$71,$2214,$515,$0,$1949,$587,$3792,$6006,$1965,$2775,$629,$3917,$5883,$323,$5178,$-840,$123,$6006,$63,$44,$-53,$-9,$132,$-11,$0,$-14,$10,$63,$-41,$0,$-13,$15,$0,$15,$-21,$-61,$-71,$180,$109,$-128,$-128,$-36,$-5,$-61,$-38,$6,$-36
11,2015-12-31,17.95,$0.91,19.64,$17.73,1.01,$4.36,4.12,$2.03,8.84,$2.33B,$2.28B,1.02,$2.49B,$0.18B,13.97,$3.58B,$2.02B,56.41%,$3.58B,$0.63B,17.57%,$3.58B,$0.63B,17.57%,$3.58B,$0.80B,22.41%,$3.58B,$0.61B,17.07%,$3.58B,$0.41B,11.40%,$0.41B,$0.18B,287.83%,$0.41B,$-1.76B,-23.34%,$0.41B,$6.12B,6.63%,$0.63B,$2.67B,23.84%,$937,$407,$530,$26,$341,$759,$177,$-48,$129,$44,$85,$85,$86,$223,$177,$200,201,$0.44,$0.44,$768,$89,$67,$2325,$508,$0,$1933,$596,$3798,$6123,$2279,$2490,$674,$3665,$5944,$323,$5156,$-889,$179,$6123,$426,$173,$-104,$70,$59,$-8,$0,$48,$27,$523,$-115,$0,$-104,$-67,$0,$-67,$-17,$-303,$-365,$90,$-275,$-132,$-132,$-168,$-3,$-579,$-403,$21,$-168
12,2015-09-30,17.1,$0.72,23.73,$17.89,0.96,$4.66,3.67,$1.90,9.0,$2.30B,$2.33B,0.99,$2.47B,$0.14B,17.46,$3.63B,$2.05B,56.45%,$3.63B,$0.66B,18.09%,$3.63B,$0.66B,18.09%,$3.63B,$0.84B,23.11%,$3.63B,$0.58B,15.97%,$3.63B,$0.39B,10.62%,$0.39B,$0.14B,331.18%,$0.39B,$-1.80B,-22.27%,$0.39B,$6.14B,6.16%,$0.66B,$2.61B,24.10%,$870,$376,$493,$29,$309,$715,$155,$-18,$137,$43,$94,$94,$89,$197,$155,$200,201,$0.45,$0.44,$750,$103,$71,$2298,$505,$0,$1946,$624,$3844,$6142,$2334,$2471,$767,$3666,$6000,$323,$5106,$-901,$142,$6142,$335,$127,$-147,$-19,$120,$-21,$0,$74,$35,$351,$-92,$0,$-97,$6,$0,$6,$-23,$-205,$-404,$150,$-254,$-100,$-100,$-122,$5,$-472,$-364,$15,$-122
13,2015-06-30,17.77,$0.95,18.74,$18.18,0.98,$4.72,3.77,$2.11,8.42,$2.36B,$2.41B,0.98,$2.47B,$0.19B,12.96,$3.70B,$2.07B,56.08%,$3.70B,$0.65B,17.55%,$3.70B,$0.65B,17.55%,$3.70B,$0.84B,22.66%,$3.70B,$0.58B,15.79%,$3.70B,$0.43B,11.57%,$0.43B,$0.19B,284.86%,$0.43B,$-1.78B,-25.87%,$0.43B,$6.25B,6.77%,$0.65B,$2.66B,22.54%,$881,$385,$496,$28,$316,$744,$137,$72,$209,$52,$157,$157,$152,$180,$137,$202,203,$0.75,$0.75,$800,$101,$72,$2364,$499,$0,$1971,$639,$3891,$6254,$2407,$2473,$767,$3656,$6063,$323,$5054,$-893,$191,$6254,$242,$85,$-139,$-54,$111,$-17,$0,$-0,$14,$201,$-51,$0,$-102,$13,$0,$13,$-21,$-161,$-354,$100,$-254,$0,$0,$-85,$2,$-337,$-326,$11,$-85
14,2015-03-31,19.75,$0.27,72.52,$18.52,1.07,$5.00,3.95,$1.82,10.85,$2.50B,$2.39B,1.05,$2.55B,$0.05B,46.96,$3.78B,$2.11B,55.97%,$3.78B,$0.67B,17.80%,$3.78B,$0.67B,17.80%,$3.78B,$0.87B,22.97%,$3.78B,$0.51B,13.59%,$3.78B,$0.37B,9.80%,$0.37B,$0.06B,213.87%,$0.37B,$-1.65B,-23.17%,$0.37B,$6.11B,5.77%,$0.67B,$2.61B,22.21%,$891,$391,$500,$26,$315,$731,$160,$-24,$136,$51,$85,$85,$81,$202,$160,$201,203,$0.40,$0.40,$913,$95,$112,$2498,$482,$0,$1707,$646,$3611,$6109,$2388,$2554,$750,$3667,$6055,$323,$4941,$-909,$55,$6109,$85,$42,$-39,$3,$114,$-12,$0,$18,$15,$104,$-44,$0,$0,$-1,$0,$-1,$-21,$-65,$-275,$100,$-175,$0,$0,$-38,$1,$-212,$-208,$5,$-38
15,2014-12-31,20.47,$0.38,53.28,$18.73,1.09,$5.07,4.04,$1.64,12.48,$2.76B,$2.32B,1.19,$2.93B,$0.08B,38.16,$3.82B,$2.14B,56.03%,$3.82B,$0.65B,17.06%,$3.82B,$0.65B,17.06%,$3.82B,$0.85B,22.25%,$3.82B,$0.43B,11.31%,$3.82B,$0.33B,8.74%,$0.33B,$0.08B,161.55%,$0.33B,$-1.68B,-20.93%,$0.33B,$6.50B,5.11%,$0.65B,$3.00B,20.46%,$984,$426,$558,$29,$347,$779,$204,$-108,$97,$33,$64,$64,$63,$259,$204,$202,204,$0.31,$0.31,$1103,$85,$109,$2764,$485,$0,$1755,$676,$3736,$6500,$2315,$2927,$769,$4107,$6422,$323,$4898,$-846,$77,$6500,$352,$198,$24,$222,$163,$9,$0,$17,$84,$658,$-183,$0,$102,$-57,$0,$-57,$-16,$-155,$-91,$0,$-91,$-50,$-50,$-170,$-1,$-312,$163,$17,$-170
16,2014-09-30,20.83,$1.38,15.04,$18.88,1.1,$5.14,4.05,$1.77,11.77,$2.69B,$2.26B,1.19,$2.96B,$0.28B,10.67,$3.85B,$2.14B,55.67%,$3.85B,$0.59B,15.20%,$3.85B,$0.59B,15.20%,$3.85B,$0.77B,20.06%,$3.85B,$0.44B,11.46%,$3.85B,$0.36B,9.38%,$0.36B,$0.28B,151.20%,$0.36B,$-1.51B,-22.72%,$0.36B,$6.42B,5.46%,$0.59B,$3.24B,17.60%,$942,$422,$520,$26,$342,$794,$148,$-6,$142,$25,$116,$116,$132,$197,$148,$202,204,$0.65,$0.65,$959,$95,$191,$2692,$473,$32,$1787,$609,$3732,$6424,$2256,$2963,$572,$3889,$6146,$323,$4873,$-615,$278,$6424,$285,$143,$-91,$53,$175,$1,$0,$4,$60,$397,$-121,$0,$101,$-43,$0,$-43,$-18,$-82,$-107,$0,$-107,$-44,$-44,$-123,$-8,$-282,$16,$13,$-123
17,2014-06-30,22.87,$1.39,16.45,$18.80,1.22,$5.71,4.0,$1.09,20.98,$2.79B,$2.41B,1.16,$2.97B,$0.28B,10.54,$3.83B,$2.15B,56.14%,$3.83B,$0.55B,14.40%,$3.83B,$0.55B,14.40%,$3.83B,$0.75B,19.50%,$3.83B,$0.39B,10.12%,$3.83B,$0.22B,5.83%,$0.22B,$0.28B,129.65%,$0.22B,$-1.55B,-13.33%,$0.22B,$6.60B,3.29%,$0.55B,$3.25B,16.43%,$958,$423,$535,$29,$338,$798,$160,$-21,$138,$46,$92,$92,$94,$209,$160,$203,204,$0.47,$0.46,$1030,$101,$173,$2793,$459,$33,$1831,$605,$3803,$6596,$2410,$2965,$603,$3904,$6314,$323,$4779,$-559,$282,$6596,$148,$94,$-34,$60,$149,$-2,$0,$6,$72,$280,$-72,$0,$101,$-21,$0,$-21,$4,$12,$-107,$0,$-107,$4,$4,$-85,$-8,$-196,$98,$8,$-85
18,2014-03-31,21.37,$0.94,22.82,$18.80,1.14,$5.71,3.75,$0.58,36.85,$2.82B,$2.39B,1.18,$3.07B,$0.19B,16.21,$3.82B,$2.15B,56.35%,$3.82B,$0.53B,13.88%,$3.82B,$0.53B,13.88%,$3.82B,$0.83B,21.73%,$3.82B,$0.36B,9.37%,$3.82B,$0.12B,3.14%,$0.12B,$0.19B,112.15%,$0.12B,$-1.65B,-6.59%,$0.12B,$6.63B,1.73%,$0.53B,$3.26B,15.31%,$937,$410,$528,$26,$351,$797,$140,$-86,$55,$8,$46,$46,$45,$185,$140,$202,204,$0.22,$0.22,$930,$101,$252,$2815,$457,$34,$1837,$613,$3816,$6631,$2390,$3067,$630,$4052,$6442,$323,$4705,$-573,$190,$6631,$49,$45,$-5,$40,$93,$-0,$0,$33,$16,$106,$-30,$0,$-1,$-20,$0,$-20,$-8,$-59,$-7,$0,$-7,$3,$3,$-38,$-8,$-50,$-4,$4,$-38
19,2013-12-31,19.02,$1.02,18.73,$18.70,1.02,$5.80,3.28,$0.69,27.56,$2.84B,$2.23B,1.27,$3.35B,$0.21B,16.36,$3.79B,$2.14B,56.48%,$3.79B,$0.53B,13.87%,$3.79B,$0.53B,13.87%,$3.79B,$0.84B,22.10%,$3.79B,$0.39B,10.16%,$3.79B,$0.14B,3.77%,$0.14B,$0.21B,183.92%,$0.14B,$-1.65B,-7.31%,$0.14B,$6.77B,1.99%,$0.53B,$3.55B,14.69%,$1011,$452,$559,$29,$362,$873,$137,$-32,$106,$26,$80,$80,$90,$181,$137,$202,203,$0.45,$0.45,$939,$104,$194,$2838,$471,$0,$1855,$646,$3934,$6773,$2228,$3346,$657,$4340,$6568,$323,$4716,$-575,$205,$6773,$161,$313,$-17,$295,$183,$67,$0,$8,$168,$625,$-138,$0,$390,$-4,$0,$-4,$-7,$241,$-668,$0,$-668,$0,$0,$-207,$7,$-868,$-15,$15,$-207
20,2013-09-30,14.73,$0.06,264.38,$16.14,0.91,$5.80,2.54,$0.80,18.41,$3.21B,$2.63B,1.22,$3.35B,$0.01B,315.4,$3.27B,$2.04B,62.47%,$3.27B,$0.48B,14.72%,$3.27B,$0.48B,14.72%,$3.27B,$0.81B,24.89%,$3.27B,$0.35B,10.56%,$3.27B,$0.16B,4.99%,$0.16B,$0.01B,300.46%,$0.16B,$-1.85B,-7.79%,$0.16B,$7.15B,2.19%,$0.48B,$3.36B,13.25%,$920,$395,$526,$25,$352,$807,$114,$-26,$88,$10,$78,$78,$-6,$171,$114,$202,203,$-0.03,$-0.03,$780,$134,$724,$3205,$471,$35,$1858,$635,$3945,$7150,$2629,$3351,$843,$4510,$7139,$323,$4647,$-697,$11,$7150,$67,$269,$67,$335,$240,$37,$0,$-5,$92,$494,$-103,$0,$3,$-5,$0,$-5,$-12,$-117,$-368,$0,$-368,$6,$6,$-160,$0,$-522,$-154,$12,$-160
21,2013-06-30,11.76,$0.11,106.23,$16.32,0.72,$5.25,2.24,$1.21,9.72,$2.75B,$2.29B,1.2,$3.65B,$0.02B,168.2,$3.30B,$2.07B,62.63%,$3.30B,$0.52B,15.65%,$3.30B,$0.52B,15.65%,$3.30B,$0.87B,26.36%,$3.30B,$0.38B,11.53%,$3.30B,$0.25B,7.46%,$0.25B,$0.02B,297.28%,$0.25B,$-2.13B,-11.31%,$0.25B,$7.13B,3.29%,$0.52B,$3.68B,14.15%,$951,$411,$539,$27,$354,$812,$139,$-30,$109,$24,$85,$85,$-9,$293,$139,$202,203,$-0.05,$-0.05,$631,$141,$230,$2754,$582,$34,$2156,$656,$4379,$7133,$2287,$3654,$829,$4824,$7111,$323,$4690,$-724,$22,$7133,$67,$211,$37,$248,$164,$30,$0,$32,$-36,$279,$-73,$0,$0,$15,$0,$15,$-27,$-86,$-368,$0,$-368,$4,$4,$-122,$0,$-487,$-305,$7,$-122
22,2013-03-31,11.76,$0.36,32.37,$17.43,0.67,$5.48,2.14,$1.76,6.68,$3.06B,$2.64B,1.16,$3.66B,$0.07B,50.43,$3.51B,$2.13B,60.76%,$3.51B,$0.57B,16.26%,$3.51B,$0.57B,16.26%,$3.51B,$0.84B,23.83%,$3.51B,$0.43B,12.30%,$3.51B,$0.36B,10.11%,$0.36B,$0.07B,364.10%,$0.36B,$-2.20B,-16.12%,$0.36B,$7.62B,4.72%,$0.57B,$3.73B,15.97%,$909,$392,$517,$29,$352,$773,$136,$-54,$82,$18,$64,$64,$68,$193,$136,$201,202,$0.34,$0.33,$947,$167,$113,$3062,$613,$34,$2269,$658,$4554,$7616,$2636,$3658,$858,$4907,$7543,$323,$4737,$-712,$73,$7616,$72,$57,$-8,$49,$148,$9,$0,$34,$11,$132,$-39,$0,$0,$2,$0,$2,$-28,$-65,$7,$0,$7,$2,$2,$-75,$0,$-66,$-4,$4,$-75
23,2012-12-31,8.2,$0.55,14.88,$19.01,0.43,$5.13,1.6,$2.22,3.69,$3.21B,$2.88B,1.12,$3.64B,$0.11B,33.12,$3.82B,$2.24B,58.65%,$3.82B,$0.62B,16.22%,$3.82B,$0.62B,16.22%,$3.82B,$0.89B,23.38%,$3.82B,$0.51B,13.37%,$3.82B,$0.45B,11.67%,$0.45B,$0.11B,437.25%,$0.45B,$-2.19B,-20.08%,$0.45B,$7.86B,5.84%,$0.62B,$3.75B,17.29%,$487,$29,$459,$16,$333,$395,$92,$-26,$66,$15,$51,$51,$110,$156,$92,$200,201,$0.55,$0.54,$950,$180,$114,$3212,$627,$35,$2302,$658,$4648,$7860,$2877,$3642,$864,$4872,$7749,$323,$4745,$-681,$111,$7860,$464,$274,$-338,$-64,$144,$-1,$0,$48,$261,$660,$-177,$0,$0,$-9,$0,$-9,$99,$-87,$-210,$0,$-210,$9,$9,$-319,$0,$-520,$57,$18,$-319
24,2012-09-30,10.29,$0.62,16.58,$23.08,0.45,$6.67,1.54,$2.95,3.49,$2.67B,$2.69B,1.0,$3.31B,$0.12B,26.66,$4.64B,$2.46B,53.01%,$4.64B,$0.57B,12.28%,$4.64B,$0.57B,12.28%,$4.64B,$0.93B,20.08%,$4.64B,$0.47B,10.08%,$4.64B,$0.59B,12.78%,$0.59B,$0.13B,919.38%,$0.59B,$-2.18B,-26.09%,$0.59B,$7.27B,7.69%,$0.57B,$3.43B,16.01%,$950,$400,$550,$30,$371,$801,$149,$-25,$123,$31,$93,$93,$77,$227,$149,$201,202,$0.38,$0.38,$461,$187,$145,$2674,$632,$34,$2303,$601,$4600,$7274,$2688,$3306,$835,$4462,$7150,$323,$4710,$-626,$125,$7274,$349,$210,$-243,$-33,$203,$-8,$0,$52,$90,$405,$-128,$0,$0,$-23,$0,$-23,$90,$-61,$-550,$0,$-550,$7,$7,$-234,$0,$-777,$-431,$14,$-234
25,2012-06-30,10.86,$0.41,26.76,$24.80,0.44,$8.40,1.29,$3.43,3.16,$2.72B,$2.77B,0.98,$3.31B,$0.08B,41.02,$4.99B,$2.57B,51.45%,$4.99B,$0.54B,10.78%,$4.99B,$0.54B,10.78%,$4.99B,$0.94B,18.73%,$4.99B,$0.45B,8.92%,$4.99B,$0.69B,13.80%,$0.69B,$0.08B,3131.82%,$0.69B,$-2.24B,-29.16%,$0.69B,$7.35B,8.69%,$0.54B,$3.39B,14.34%,$1166,$559,$608,$34,$381,$972,$194,$-33,$161,$53,$108,$108,$100,$261,$194,$200,201,$0.50,$0.50,$538,$188,$125,$2721,$643,$33,$2322,$573,$4624,$7345,$2773,$3306,$857,$4490,$7264,$323,$4708,$-658,$81,$7345,$267,$132,$-231,$-99,$173,$-9,$0,$22,$171,$340,$-89,$0,$0,$-1,$0,$-1,$104,$15,$-550,$0,$-550,$4,$4,$-159,$0,$-705,$-356,$9,$-159
26,2012-03-31,12.44,$0.45,27.36,$25.44,0.49,$8.92,1.39,$3.42,3.64,$3.29B,$3.04B,1.08,$3.68B,$0.09B,40.75,$5.14B,$2.62B,51.00%,$5.14B,$0.53B,10.31%,$5.14B,$0.53B,10.31%,$5.14B,$0.93B,18.06%,$5.14B,$0.44B,8.62%,$5.14B,$0.69B,13.43%,$0.69B,$0.09B,46000.00%,$0.69B,$-2.27B,-28.10%,$0.69B,$8.06B,8.43%,$0.53B,$3.77B,13.37%,$1220,$595,$625,$34,$405,$1035,$185,$-24,$161,$15,$146,$146,$159,$250,$185,$200,201,$0.79,$0.79,$951,$179,$128,$3294,$665,$33,$2365,$624,$4768,$8062,$3042,$3683,$1139,$4929,$7971,$323,$4684,$-617,$91,$8062,$163,$64,$-199,$-135,$99,$1,$0,$32,$43,$71,$-50,$0,$0,$-8,$0,$-8,$79,$21,$-150,$178,$28,$2,$2,$-75,$0,$-45,$59,$4,$-75
27,2011-12-31,12.86,$-0.20,-65.86,$25.84,0.5,$10.10,1.27,$3.05,4.21,$3.26B,$3.09B,1.05,$3.68B,$-0.04B,-92.91,$5.24B,$2.65B,50.46%,$5.24B,$0.51B,9.65%,$5.24B,$0.51B,9.65%,$5.24B,$0.91B,17.34%,$5.24B,$0.42B,7.94%,$5.24B,$0.62B,11.77%,$0.62B,$-0.04B,-2243.64%,$0.62B,$-2.40B,-24.22%,$0.62B,$8.15B,7.44%,$0.51B,$3.65B,12.42%,$1305,$628,$677,$41,$425,$1263,$42,$-19,$23,$-32,$55,$55,$257,$194,$42,$200,201,$1.29,$1.28,$869,$179,$135,$3260,$663,$138,$2360,$621,$4887,$8147,$3092,$3684,$938,$5094,$8186,$323,$4600,$-662,$-39,$8147,$636,$402,$-55,$347,$249,$-13,$0,$1,$-34,$949,$-156,$0,$0,$-97,$-3,$-99,$138,$-117,$0,$-50,$-50,$-87,$-87,$-318,$0,$-455,$372,$19,$-318
28,2011-09-30,12.78,$-0.23,-56.36,$25.49,0.5,$10.18,1.26,$2.08,6.15,$3.07B,$2.46B,1.25,$4.24B,$-0.05B,-92.23,$5.21B,$2.68B,51.54%,$5.21B,$0.64B,12.33%,$5.21B,$0.64B,12.33%,$5.21B,$0.97B,18.54%,$5.21B,$0.54B,10.41%,$5.21B,$0.42B,8.13%,$0.42B,$-0.05B,-1007.14%,$0.42B,$-2.54B,-16.12%,$0.42B,$8.16B,5.05%,$0.64B,$4.20B,15.29%,$1300,$641,$658,$36,$427,$1183,$117,$-17,$100,$-17,$117,$117,$173,$230,$117,$201,202,$0.86,$0.85,$769,$179,$118,$3070,$682,$134,$2492,$669,$5093,$8163,$2458,$4244,$1059,$5750,$8208,$323,$4417,$-477,$-45,$8163,$374,$251,$-151,$100,$283,$-13,$0,$-25,$277,$750,$-123,$0,$0,$-100,$0,$-100,$83,$-140,$0,$-50,$-50,$-90,$-90,$-235,$0,$-374,$231,$13,$-235
29,2011-06-30,15.32,$-0.01,-2641.34,$25.58,0.6,$9.87,1.55,$1.65,9.28,$2.99B,$2.46B,1.21,$4.24B,$-0.00B,-2215.35,$5.25B,$2.70B,51.49%,$5.25B,$0.70B,13.27%,$5.25B,$0.70B,13.27%,$5.25B,$0.98B,18.70%,$5.25B,$0.59B,11.14%,$5.25B,$0.34B,6.45%,$0.34B,$-0.00B,-702.59%,$0.34B,$-2.61B,-12.74%,$0.34B,$8.37B,4.03%,$0.70B,$4.24B,16.63%,$1314,$654,$661,$37,$433,$1129,$186,$-26,$159,$53,$106,$106,$101,$254,$186,$203,204,$0.50,$0.49,$624,$178,$113,$2991,$713,$262,$2611,$619,$5378,$8369,$2464,$4240,$1075,$5906,$8370,$323,$4319,$-379,$-1,$8369,$196,$138,$-135,$2,$222,$-7,$0,$16,$251,$449,$-88,$0,$0,$-36,$-3,$-39,$18,$-109,$0,$-50,$-50,$-43,$-43,$-160,$0,$-253,$94,$9,$-160
30,2011-03-31,16.87,$-0.12,-137.01,$25.38,0.66,$9.86,1.71,$1.46,11.55,$3.08B,$2.52B,1.22,$4.24B,$-0.03B,-163.98,$5.24B,$2.69B,51.35%,$5.24B,$0.64B,12.28%,$5.24B,$0.64B,12.28%,$5.24B,$0.94B,17.90%,$5.24B,$0.53B,10.12%,$5.24B,$0.30B,5.71%,$0.30B,$-0.03B,-382.11%,$0.30B,$-2.64B,-11.24%,$0.30B,$8.50B,3.57%,$0.64B,$4.21B,15.46%,$1323,$674,$649,$35,$427,$1162,$161,$-27,$134,$41,$93,$93,$86,$231,$161,$204,204,$0.42,$0.42,$680,$180,$116,$3082,$710,$259,$2618,$621,$5415,$8497,$2517,$4236,$1199,$6005,$8522,$323,$4293,$-414,$-25,$8497,$91,$69,$0,$70,$141,$-11,$0,$27,$136,$297,$-35,$0,$0,$-11,$-2,$-13,$-6,$-53,$0,$-8,$-8,$4,$4,$-75,$0,$-80,$168,$4,$-75
31,2010-12-31,15.65,$-0.47,-32.96,$25.38,0.62,$9.89,1.58,$1.42,11.02,$3.01B,$2.55B,1.18,$4.24B,$-0.10B,-43.55,$5.26B,$2.73B,51.92%,$5.26B,$0.67B,12.72%,$5.26B,$0.67B,12.72%,$5.26B,$0.97B,18.50%,$5.26B,$0.56B,10.57%,$5.26B,$0.29B,5.55%,$0.29B,$-0.10B,-397.28%,$0.29B,$-2.70B,-11.07%,$0.29B,$8.44B,3.50%,$0.67B,$4.14B,16.08%,$1269,$554,$715,$39,$419,$1091,$178,$-29,$149,$58,$91,$91,$63,$250,$178,$206,207,$0.31,$0.30,$515,$169,$107,$3008,$727,$251,$2604,$609,$5436,$8444,$2554,$4239,$1190,$5987,$8541,$323,$4282,$-474,$-97,$8444,$311,$304,$80,$384,$224,$-12,$0,$12,$258,$952,$-120,$0,$-78,$-122,$-5,$-127,$23,$-301,$0,$-171,$-171,$-89,$-89,$-321,$0,$-580,$72,$20,$-321
32,2010-09-30,13.62,$-0.34,-39.58,$26.26,0.52,$9.03,1.51,$1.58,8.62,$2.85B,$2.42B,1.18,$4.24B,$-0.07B,-59.97,$5.45B,$2.77B,50.89%,$5.45B,$0.68B,12.54%,$5.45B,$0.68B,12.54%,$5.45B,$0.99B,18.22%,$5.45B,$0.57B,10.54%,$5.45B,$0.33B,6.02%,$0.33B,$-0.07B,-656.00%,$0.33B,$-2.69B,-12.54%,$0.33B,$8.32B,3.91%,$0.68B,$4.17B,16.35%,$1346,$666,$679,$38,$435,$1174,$172,$-29,$143,$47,$96,$96,$89,$247,$172,$206,206,$0.43,$0.43,$407,$188,$103,$2845,$774,$241,$2616,$593,$5471,$8316,$2422,$4243,$1120,$5964,$8386,$323,$4294,$-452,$-70,$8316,$243,$232,$24,$256,$278,$-31,$0,$-14,$167,$666,$-90,$0,$-76,$-113,$0,$-113,$2,$-276,$0,$-89,$-89,$-91,$-91,$-236,$0,$-417,$-27,$16,$-236
33,2010-06-30,13.73,$-0.58,-23.66,$26.27,0.52,$9.16,1.5,$1.65,8.32,$2.95B,$2.42B,1.22,$4.23B,$-0.12B,-34.84,$5.46B,$2.78B,50.95%,$5.46B,$0.71B,12.94%,$5.46B,$0.71B,12.94%,$5.46B,$1.03B,18.82%,$5.46B,$0.60B,10.98%,$5.46B,$0.34B,6.27%,$0.34B,$-0.12B,-2581.13%,$0.34B,$-2.61B,-13.27%,$0.34B,$8.28B,4.05%,$0.71B,$4.11B,16.78%,$1297,$652,$645,$38,$426,$1165,$132,$-29,$104,$35,$69,$69,$61,$209,$132,$208,208,$0.30,$0.30,$481,$183,$100,$2950,$786,$233,$2492,$589,$5327,$8277,$2416,$4233,$1132,$5982,$8398,$323,$4280,$-583,$-121,$8277,$150,$157,$-11,$146,$221,$-32,$0,$10,$128,$424,$-59,$0,$-10,$-84,$-3,$-87,$19,$-136,$0,$-77,$-77,$5,$5,$-161,$0,$-232,$47,$11,$-161
34,2010-03-31,15.07,$-0.03,-551.9,$26.69,0.56,$9.30,1.62,$1.92,7.85,$2.94B,$2.40B,1.22,$4.22B,$-0.01B,-648.22,$5.54B,$2.82B,50.95%,$5.54B,$0.78B,14.12%,$5.54B,$0.78B,14.12%,$5.54B,$1.11B,20.12%,$5.54B,$0.67B,12.17%,$5.54B,$0.40B,7.19%,$0.40B,$-0.01B,4189.47%,$0.40B,$-2.55B,-15.39%,$0.40B,$8.37B,4.68%,$0.78B,$4.21B,18.51%,$1348,$656,$692,$41,$443,$1161,$187,$-27,$160,$73,$87,$87,$79,$267,$187,$207,208,$0.38,$0.38,$496,$162,$101,$2943,$833,$243,$2548,$494,$5426,$8368,$2404,$4216,$1144,$5970,$8374,$323,$4309,$-483,$-6,$8368,$84,$80,$-9,$71,$135,$-7,$0,$81,$147,$302,$-28,$0,$0,$0,$-1,$-1,$-11,$-41,$0,$-122,$-122,$3,$3,$-76,$0,$-195,$64,$5,$-76
35,2009-12-31,13.8,$-0.02,-908.05,$26.87,0.51,$9.09,1.52,$2.04,6.77,$2.97B,$2.57B,1.16,$4.21B,$-0.00B,-1047.15,$5.57B,$2.83B,50.83%,$5.57B,$0.80B,14.37%,$5.57B,$0.80B,14.37%,$5.57B,$1.14B,20.45%,$5.57B,$0.69B,12.43%,$5.57B,$0.42B,7.60%,$0.42B,$-0.00B,-1070.89%,$0.42B,$-2.61B,-16.03%,$0.42B,$8.57B,4.95%,$0.80B,$4.21B,19.15%,$1454,$699,$755,$44,$483,$1262,$192,$-25,$167,$48,$120,$120,$99,$269,$192,$207,207,$0.47,$0.47,$427,$157,$98,$2971,$875,$233,$2603,$533,$5600,$8571,$2566,$4214,$1150,$6008,$8574,$323,$4291,$-460,$-3,$8571,$445,$339,$-190,$149,$291,$12,$0,$-25,$230,$824,$-167,$0,$0,$-8,$1,$-7,$2,$-172,$148,$-390,$-242,$12,$-67,$-317,$0,$-626,$36,$23,$-317
36,2009-09-30,14.85,$0.37,39.7,$27.26,0.54,$9.60,1.55,$1.93,7.7,$2.95B,$2.43B,1.21,$4.22B,$0.08B,55.06,$5.67B,$2.85B,50.35%,$5.67B,$0.73B,12.86%,$5.67B,$0.73B,12.86%,$5.67B,$1.08B,19.09%,$5.67B,$0.65B,11.50%,$5.67B,$0.40B,7.02%,$0.40B,$0.08B,-360.18%,$0.40B,$-2.54B,-14.65%,$0.40B,$8.54B,4.63%,$0.73B,$4.30B,18.06%,$1357,$668,$688,$45,$436,$1162,$195,$-27,$168,$58,$110,$110,$103,$282,$195,$207,208,$0.50,$0.50,$459,$177,$99,$2945,$903,$231,$2614,$480,$5599,$8544,$2430,$4219,$1077,$6037,$8467,$323,$4381,$-462,$77,$8544,$339,$263,$-62,$201,$338,$-7,$0,$-16,$193,$732,$-127,$0,$0,$-20,$0,$-20,$-7,$-154,$148,$-445,$-298,$9,$9,$-237,$0,$-526,$64,$17,$-237
37,2009-06-30,12.9,$-0.15,-88.09,$28.15,0.46,$9.49,1.36,$1.90,6.79,$3.00B,$2.61B,1.15,$4.21B,$-0.03B,-134.58,$5.86B,$2.96B,50.45%,$5.86B,$0.74B,12.58%,$5.86B,$0.74B,12.58%,$5.86B,$1.10B,18.74%,$5.86B,$0.66B,11.26%,$5.86B,$0.39B,6.71%,$0.39B,$-0.03B,-1099.30%,$0.39B,$-2.65B,-14.73%,$0.39B,$8.57B,4.46%,$0.74B,$4.18B,18.31%,$1378,$693,$686,$47,$431,$1171,$208,$-29,$179,$63,$117,$117,$117,$296,$208,$207,207,$0.57,$0.57,$469,$171,$103,$2996,$913,$212,$2618,$447,$5573,$8568,$2609,$4209,$1085,$5989,$8598,$323,$4352,$-534,$-30,$8568,$231,$175,$-58,$117,$264,$-5,$0,$27,$135,$483,$-90,$0,$0,$-1,$-0,$-1,$2,$-90,$298,$-476,$-179,$5,$5,$-158,$0,$-331,$69,$12,$-158
38,2009-03-31,13.5,$-0.98,-13.76,$29.07,0.46,$9.29,1.45,$1.94,6.96,$2.93B,$2.69B,1.09,$4.23B,$-0.20B,-20.8,$6.07B,$3.07B,50.63%,$6.07B,$0.76B,12.56%,$6.07B,$0.76B,12.56%,$6.07B,$1.13B,18.65%,$6.07B,$0.69B,11.34%,$6.07B,$0.41B,6.67%,$0.41B,$-0.20B,375.87%,$0.41B,$-2.77B,-15.70%,$0.41B,$8.49B,4.46%,$0.76B,$4.03B,18.50%,$1380,$678,$702,$47,$450,$1175,$205,$-26,$178,$72,$106,$106,$104,$292,$205,$206,207,$0.51,$0.50,$443,$170,$79,$2926,$942,$195,$2563,$488,$5560,$8485,$2690,$4228,$1125,$5998,$8687,$323,$4309,$-645,$-202,$8485,$109,$87,$-48,$40,$175,$-11,$0,$47,$128,$276,$-48,$0,$0,$6,$1,$7,$-22,$-62,$298,$-385,$-87,$2,$2,$-79,$0,$-164,$47,$5,$-79
39,2008-12-31,14.49,$-1.39,-10.42,$29.78,0.49,$9.11,1.59,$2.00,7.25,$3.04B,$3.23B,0.94,$3.94B,$-0.29B,-13.67,$6.26B,$3.20B,51.05%,$6.26B,$0.82B,13.08%,$6.26B,$0.82B,13.08%,$6.26B,$1.20B,19.16%,$6.26B,$0.71B,11.38%,$6.26B,$0.42B,6.71%,$0.42B,$-0.29B,141.53%,$0.42B,$-2.91B,-17.17%,$0.42B,$8.81B,4.48%,$0.82B,$3.65B,19.21%,$1553,$775,$778,$49,$492,$1431,$121,$6,$127,$30,$98,$98,$74,$212,$121,$208,210,$0.36,$0.36,$398,$161,$78,$3043,$972,$202,$2628,$545,$5767,$8810,$3226,$3935,$1254,$5871,$9097,$323,$4180,$-596,$-287,$8810,$441,$379,$112,$491,$1,$2,$0,$152,$78,$1009,$-237,$0,$-68,$36,$0,$36,$35,$-234,$-331,$206,$-125,$-313,$-323,$-312,$0,$-761,$-1,$26,$-312
40,2008-09-30,18.63,$1.82,10.22,$29.90,0.62,$9.24,2.02,$1.37,13.6,$3.30B,$3.57B,0.93,$3.87B,$0.38B,10.33,$6.37B,$3.18B,49.91%,$6.37B,$0.88B,13.81%,$6.37B,$0.88B,13.81%,$6.37B,$1.27B,19.89%,$6.37B,$0.57B,8.91%,$6.37B,$0.29B,4.52%,$0.29B,$0.38B,53.98%,$0.29B,$-2.35B,-12.85%,$0.29B,$9.37B,3.02%,$0.88B,$4.25B,19.70%,$1548,$758,$790,$53,$485,$1345,$203,$-27,$176,$69,$107,$107,$98,$298,$203,$207,209,$0.47,$0.47,$481,$205,$256,$3300,$999,$237,$2723,$655,$6074,$9374,$3569,$3873,$713,$5430,$8999,$323,$4260,$-7,$376,$9374,$362,$289,$16,$304,$72,$-17,$0,$36,$90,$756,$-170,$0,$-69,$22,$-1,$21,$17,$-201,$-329,$424,$95,$-317,$-327,$-236,$0,$-467,$82,$20,$-236
41,2008-06-30,18.92,$2.62,7.23,$29.31,0.65,$8.67,2.18,$1.48,12.78,$3.39B,$3.49B,0.97,$4.01B,$0.54B,7.4,$6.33B,$3.19B,50.36%,$6.33B,$0.94B,14.90%,$6.33B,$0.94B,14.90%,$6.33B,$1.33B,21.06%,$6.33B,$0.60B,9.46%,$6.33B,$0.32B,5.02%,$0.32B,$0.54B,49.02%,$0.32B,$-2.29B,-15.04%,$0.32B,$9.65B,3.32%,$0.94B,$4.56B,20.69%,$1588,$785,$803,$53,$498,$1355,$233,$-27,$207,$70,$136,$136,$129,$330,$233,$208,210,$0.62,$0.61,$456,$214,$264,$3389,$1040,$243,$2833,$643,$6265,$9654,$3489,$4014,$727,$5621,$9110,$323,$4235,$135,$544,$9654,$257,$194,$-1,$193,$23,$-12,$0,$46,$21,$470,$-115,$0,$-69,$28,$3,$31,$18,$-135,$26,$104,$131,$-261,$-261,$-156,$0,$-286,$52,$13,$-156
42,2008-03-31,19.25,$2.64,7.29,$28.66,0.67,$8.23,2.34,$1.55,12.42,$3.38B,$3.45B,0.98,$4.05B,$0.55B,7.32,$6.29B,$3.23B,51.28%,$6.29B,$1.01B,16.12%,$6.29B,$1.01B,16.12%,$6.29B,$1.40B,22.32%,$6.29B,$0.63B,10.05%,$6.29B,$0.34B,5.42%,$0.34B,$0.55B,48.39%,$0.34B,$-2.23B,-16.97%,$0.34B,$9.63B,3.61%,$1.01B,$4.60B,22.41%,$1574,$748,$826,$50,$496,$1312,$262,$-59,$203,$76,$128,$128,$119,$360,$262,$212,213,$0.56,$0.56,$466,$218,$268,$3379,$1048,$240,$2787,$653,$6250,$9630,$3451,$4047,$720,$5625,$9076,$323,$4179,$130,$554,$9630,$124,$98,$53,$151,$26,$-18,$0,$56,$-21,$253,$-57,$0,$-5,$-7,$5,$-2,$-7,$-71,$126,$-37,$89,$-174,$-174,$-79,$0,$-164,$21,$6,$-79
43,2007-12-31,20.72,$3.08,6.73,$27.61,0.75,$7.99,2.59,$1.64,12.63,$3.24B,$3.47B,0.93,$3.80B,$0.66B,5.77,$6.13B,$3.16B,51.49%,$6.13B,$1.04B,16.97%,$6.13B,$1.04B,16.97%,$6.13B,$1.42B,23.22%,$6.13B,$0.66B,10.77%,$6.13B,$0.37B,5.99%,$0.37B,$0.66B,50.07%,$0.37B,$-2.10B,-20.08%,$0.37B,$9.47B,4.01%,$1.04B,$4.46B,23.24%,$1664,$902,$762,$47,$537,$1482,$182,$-200,$-18,$46,$-63,$-49,$-58,$280,$182,$218,221,$-0.25,$-0.25,$440,$198,$174,$3235,$1064,$249,$2757,$626,$6230,$9466,$3472,$3802,$692,$5333,$8806,$323,$4151,$89,$660,$9466,$386,$383,$214,$598,$-50,$8,$0,$106,$96,$1080,$-235,$0,$-594,$42,$0,$42,$60,$-726,$467,$-90,$377,$-292,$-292,$-308,$0,$-224,$138,$24,$-308
44,2007-09-30,24.52,$3.85,6.37,$26.95,0.91,$1.45,16.93,$2.62,9.36,$3.27B,$3.52B,0.93,$3.79B,$0.84B,4.54,$6.01B,$3.23B,53.70%,$6.01B,$1.20B,19.93%,$6.01B,$1.20B,19.93%,$6.01B,$1.57B,26.19%,$6.01B,$0.93B,15.52%,$6.01B,$0.58B,9.72%,$0.58B,$0.84B,78.63%,$0.58B,$-1.84B,-35.01%,$0.58B,$9.52B,6.53%,$1.20B,$4.63B,26.64%,$1508,$709,$799,$48,$480,$1241,$267,$-60,$207,$73,$134,$129,$128,$364,$267,$218,221,$0.58,$0.58,$437,$257,$258,$3271,$1171,$249,$2677,$576,$6246,$9517,$3523,$3794,$455,$5157,$8680,$323,$4263,$43,$837,$9517,$425,$285,$82,$368,$-32,$-5,$0,$-3,$-96,$697,$-202,$0,$-560,$1,$-5,$-4,$27,$-740,$477,$59,$536,$-181,$-181,$-217,$0,$137,$100,$18,$-217
45,2007-06-30,25.09,$3.50,7.16,$26.52,0.95,$3.32,7.56,$2.70,9.29,$3.09B,$3.46B,0.9,$3.64B,$0.77B,4.74,$5.94B,$3.20B,53.87%,$5.94B,$1.21B,20.35%,$5.94B,$1.21B,20.35%,$5.94B,$1.58B,26.62%,$5.94B,$0.95B,16.02%,$5.94B,$0.61B,10.19%,$0.61B,$0.77B,78.29%,$0.61B,$-1.87B,-40.06%,$0.61B,$9.19B,6.78%,$1.21B,$4.41B,27.36%,$1543,$705,$838,$47,$488,$1241,$303,$-63,$240,$82,$158,$154,$152,$400,$303,$219,222,$0.69,$0.68,$350,$249,$247,$3094,$1131,$227,$2634,$548,$6097,$9191,$3458,$3637,$436,$4965,$8423,$323,$4208,$-54,$768,$9191,$297,$189,$58,$247,$-28,$-4,$0,$8,$-137,$407,$-128,$0,$-523,$9,$-3,$6,$10,$-636,$-8,$487,$479,$-95,$-95,$-145,$0,$239,$13,$12,$-145
46,2007-03-31,24.15,$3.03,7.97,$25.77,0.94,$3.11,7.77,$0.43,56.17,$2.91B,$2.73B,1.07,$3.74B,$0.67B,5.62,$5.78B,$3.11B,53.86%,$5.78B,$1.18B,20.43%,$5.78B,$1.18B,20.43%,$5.78B,$1.55B,26.72%,$5.78B,$0.93B,16.12%,$5.78B,$0.10B,1.68%,$0.10B,$0.67B,12.06%,$0.10B,$-1.51B,-7.17%,$0.10B,$8.48B,1.07%,$1.18B,$4.41B,26.97%,$1414,$658,$757,$44,$425,$1126,$288,$-57,$231,$80,$151,$147,$145,$379,$288,$220,223,$0.66,$0.65,$296,$249,$229,$2914,$1108,$211,$2176,$548,$5561,$8475,$2731,$3738,$437,$5077,$7808,$323,$4128,$-118,$667,$8475,$145,$91,$50,$141,$57,$-9,$0,$18,$-66,$220,$-68,$0,$-16,$-0,$-2,$-2,$-11,$-97,$-6,$-16,$-22,$-36,$-36,$-73,$0,$-131,$-7,$7,$-73
47,2006-12-31,24.41,$3.17,7.7,$25.39,0.96,$3.31,7.37,$0.45,54.25,$2.97B,$2.78B,1.07,$3.85B,$0.70B,5.51,$5.73B,$3.09B,53.91%,$5.73B,$1.16B,20.24%,$5.73B,$1.16B,20.24%,$5.73B,$1.52B,26.56%,$5.73B,$0.91B,15.95%,$5.73B,$0.11B,1.85%,$0.11B,$0.70B,10.87%,$0.11B,$-1.46B,-9.32%,$0.11B,$8.61B,1.11%,$1.16B,$4.55B,25.44%,$1546,$712,$834,$41,$471,$1206,$340,$-85,$255,$88,$167,$163,$159,$431,$340,$222,225,$0.73,$0.73,$302,$238,$231,$2973,$1117,$215,$2156,$617,$5635,$8609,$2777,$3848,$446,$5133,$7910,$323,$4140,$-132,$699,$8609,$105,$363,$-531,$-167,$-283,$-0,$0,$-36,$-225,$-287,$-328,$0,$772,$-1,$0,$-1,$276,$719,$97,$-27,$70,$-299,$-224,$-285,$0,$-440,$-4,$27,$-285
