,Date,Stock Price,Book Value per Share,Price to Book Ratio,TTM Sales per Share,Price to Sales Ratio,TTM FCF per Share,Price to FCF Ratio,TTM Net EPS,PE Ratio,Current Assets,Current Liabilities,Current Ratio,Long Term Debt,Shareholder's Equity_x,Debt to Equity Ratio,TTM Revenue_x,TTM Gross Profit,Gross Margin,TTM Revenue_y,TTM Operating Income,Operating Margin,TTM Revenue_x,TTM EBIT,EBIT Margin,TTM Revenue_y,TTM EBITDA,EBITDA Margin,TTM Revenue_x,TTM Pre-Tax Income,Pre-Tax Margin,TTM Revenue_y,TTM Net Income_x,Net Margin,TTM Net Income_y,Shareholder's Equity_y,Return on Equity,TTM Net Income_x,Tangible Equity,Return on Tangible Equity,TTM Net Income_y,Total Assets,Return on Assets,TTM Net Income,LT Investments & Debt,Return on Investment,revenue,cost-goods-sold,gross-profit,research-development-expenses,selling-general-administrative-expenses,operating-expenses,operating-income,total-non-operating-income-expense,pre-tax-income,total-provision-income-taxes,income-after-taxes,income-from-continuous-operations,net-income,ebitda,ebit,basic-shares-outstanding,shares-outstanding,eps-basic-net-earnings-per-share,eps-earnings-per-share-diluted,cash-on-hand,inventory,other-current-assets,total-current-assets,net-property-plant-equipment,long-term-investments,goodwill-intangible-assets-total,other-long-term-assets,total-long-term-assets,total-assets,total-current-liabilities,long-term-debt,other-non-current-liabilities,total-long-term-liabilities,total-liabilities,common-stock-net,retained-earnings-accumulated-deficit,comprehensive-income,total-share-holder-equity,total-liabilities-share-holders-equity,net-income-loss,total-depreciation-amortization-cash-flow,other-non-cash-items,total-non-cash-items,change-in-accounts-receivable,change-in-inventories,change-in-accounts-payable,change-in-assets-liabilities,total-change-in-assets-liabilities,cash-flow-from-operating-activities,net-change-in-property-plant-equipment,net-change-in-intangible-assets,net-acquisitions-divestitures,net-change-in-short-term-investments,net-change-in-long-term-investments,net-change-in-investments-total,investing-activities-other,cash-flow-from-investing-activities,net-long-term-debt,net-current-debt,debt-issuance-retirement-net-total,net-common-equity-issued-repurchased,net-total-equity-issued-repurchased,total-common-preferred-stock-dividends-paid,financial-activities-other,cash-flow-from-financial-activities,net-cash-flow,stock-based-compensation,common-stock-dividends-paid
0,2018-09-30,12.07,$11.34,1.06,$14.56,0.83,$7.79,1.55,$0.50,24.14,$37.51B,$23.50B,1.6,$84.06B,$73.97B,1.14,$94.81B,$33.56B,35.40%,$94.81B,$16.69B,17.60%,$94.81B,$16.69B,17.60%,$94.81B,$29.06B,30.66%,$94.81B,$7.84B,8.27%,$94.81B,$4.94B,5.21%,$4.94B,$73.97B,6.29%,$4.94B,$71.26B,6.49%,$4.94B,$216.48B,2.11%,$16.69B,$158.03B,9.74%,$24873,$16103,$8770,$263,$2053,$20364,$4509,$-1431,$3078,$1329,$1749,$1749,$1683,$7218,$4509,$6473,6473,$0.26,$0.26,$15227,$9707,$3814,$37514,$152533,$2761,$2711,$11882,$178329,$216478,$23495,$84060,$16404,$119011,$142506,$107101,$-94663,$0,$73972,$216478,$6633,$9159,$8954,$18113,$-2507,$-2640,$1496,$-4209,$-5245,$19501,$-4473,$0,$0,$669,$-30,$639,$521,$-3313,$-18906,$0,$-18906,$0,$0,$-484,$-4507,$-23897,$-8332,$0,$-316
1,2018-06-30,10.01,$11.43,0.88,$16.19,0.62,$8.98,1.11,$0.52,19.24,$37.41B,$21.95B,1.7,$87.73B,$74.55B,1.18,$92.63B,$31.50B,34.01%,$92.63B,$14.96B,16.15%,$92.63B,$14.96B,16.15%,$92.63B,$28.06B,30.30%,$92.63B,$5.02B,5.41%,$92.63B,$3.34B,3.60%,$3.34B,$74.55B,4.13%,$3.34B,$72.55B,4.26%,$3.34B,$220.52B,1.37%,$14.96B,$162.28B,8.34%,$23407,$14636,$8771,$326,$1929,$18374,$5033,$-1059,$3974,$1286,$2688,$2688,$2794,$8074,$5033,$6522,6522,$0.44,$0.44,$18050,$9216,$2784,$37413,$157032,$3239,$2004,$11835,$183108,$220521,$21954,$87730,$17313,$124017,$145971,$107101,$-92512,$0,$74550,$220521,$4884,$6450,$5751,$12201,$-1340,$-1845,$248,$-928,$-3137,$13948,$-946,$0,$0,$692,$-28,$664,$486,$204,$-15816,$0,$-15816,$0,$0,$-250,$-3110,$-19176,$-5522,$0,$0
2,2018-03-31,14.08,$12.81,1.1,$15.80,0.89,$8.51,1.66,$0.09,156.48,$43.75B,$23.50B,1.86,$97.93B,$83.57B,1.17,$90.05B,$29.37B,32.62%,$90.05B,$12.17B,13.52%,$90.05B,$12.17B,13.52%,$90.05B,$25.47B,28.28%,$90.05B,$3.14B,3.49%,$90.05B,$0.64B,0.71%,$0.64B,$83.57B,0.78%,$0.64B,$81.22B,0.81%,$0.64B,$247.96B,0.26%,$12.17B,$181.50B,6.58%,$22958,$14704,$8254,$289,$1933,$17466,$5492,$-2077,$3415,$1219,$2196,$2196,$2145,$8901,$5492,$6522,6522,$0.32,$0.32,$21141,$8834,$6565,$43750,$176288,$3876,$2349,$13387,$204206,$247956,$23504,$97932,$20025,$140887,$164391,$107101,$54903,$-81248,$83565,$247956,$2196,$3409,$2651,$6060,$558,$-352,$-418,$-1195,$-1407,$6849,$-745,$0,$0,$728,$-7,$721,$221,$197,$-7586,$0,$-7586,$0,$0,$0,$-1814,$-9400,$-2553,$0,$0
3,2017-12-31,10.25,$12.50,0.82,$15.61,0.66,$8.31,1.23,$-0.01,0.0,$47.13B,$24.95B,1.89,$102.25B,$81.50B,1.26,$88.83B,$28.68B,32.29%,$88.83B,$11.22B,12.63%,$88.83B,$11.22B,12.63%,$88.83B,$24.53B,27.61%,$88.83B,$2.00B,2.25%,$88.83B,$-0.09B,-0.10%,$-0.09B,$81.50B,-0.11%,$-0.09B,$79.16B,-0.12%,$-0.09B,$251.37B,-0.04%,$11.22B,$183.75B,6.03%,$23567,$15804,$7763,$466,$1950,$21914,$1653,$-4279,$-2626,$-972,$-1654,$-1654,$-1687,$4870,$1653,$6522,6522,$-0.28,$-0.28,$24404,$8489,$6829,$47131,$176650,$2404,$2340,$12773,$202780,$251366,$24948,$102249,$20485,$144916,$169864,$107101,$-81422,$0,$81502,$251366,$169,$13307,$16584,$29891,$-978,$-336,$-62,$-4524,$-2948,$27112,$-10548,$0,$0,$-861,$-75,$-936,$452,$-11032,$28586,$-36095,$-7509,$0,$0,$-167,$-6962,$-14638,$1314,$0,$0
4,2017-09-30,10.0,$12.80,0.78,$15.28,0.65,$7.95,1.26,$0.37,27.03,$45.44B,$22.49B,2.02,$106.06B,$83.50B,1.27,$86.66B,$27.84B,32.13%,$86.66B,$13.14B,15.17%,$86.66B,$13.14B,15.17%,$86.66B,$26.64B,30.74%,$86.66B,$6.20B,7.16%,$86.66B,$2.35B,2.71%,$2.35B,$83.50B,2.92%,$2.35B,$80.27B,3.04%,$2.35B,$253.75B,0.95%,$13.14B,$189.55B,7.04%,$22700,$15988,$6712,$347,$2113,$19921,$2779,$-2526,$253,$49,$204,$204,$83,$6219,$2779,$4150,4150,$0.02,$0.02,$25308,$8160,$4259,$45436,$180171,$4228,$3232,$12439,$208311,$253747,$22489,$106056,$15175,$147761,$170250,$107101,$0,$-79845,$83497,$253747,$1823,$10090,$10214,$20304,$-774,$313,$-82,$-2762,$-1042,$21085,$-6528,$0,$0,$-923,$-43,$-966,$253,$-7241,$-5921,$0,$-5921,$0,$0,$-149,$-5529,$-11599,$2290,$0,$0
5,2017-06-30,7.96,$12.10,0.66,$13.11,0.61,$5.88,1.35,$-0.47,0.0,$43.06B,$21.15B,2.04,$105.98B,$78.94B,1.34,$85.66B,$28.32B,33.06%,$85.66B,$6.96B,8.13%,$85.66B,$6.96B,8.13%,$85.66B,$20.94B,24.45%,$85.66B,$0.31B,0.36%,$85.66B,$-3.11B,-3.63%,$-3.11B,$78.94B,-3.90%,$-3.11B,$75.75B,-4.07%,$-3.11B,$244.26B,-1.26%,$6.96B,$184.92B,3.72%,$20823,$14181,$6642,$358,$1900,$18574,$2249,$-147,$2102,$2014,$88,$88,$96,$5476,$2249,$6522,6522,$0.02,$0.02,$24572,$8047,$3533,$43055,$173884,$3936,$3189,$11949,$201203,$244258,$21151,$105980,$14177,$144169,$165320,$107101,$54658,$-84211,$78938,$244258,$1619,$6650,$6899,$13549,$130,$265,$-764,$-2327,$-1676,$13492,$-3547,$0,$0,$-192,$-16,$-208,$180,$-3575,$-3644,$0,$-3644,$0,$0,$-127,$-3853,$-7624,$2364,$0,$0
6,2017-03-31,9.65,$12.61,0.77,$13.04,0.74,$4.91,1.97,$-0.46,0.0,$42.31B,$24.77B,1.71,$104.09B,$82.22B,1.27,$85.15B,$28.18B,33.09%,$85.15B,$6.76B,7.94%,$85.15B,$6.76B,7.94%,$85.15B,$20.92B,24.56%,$85.15B,$-1.36B,-1.59%,$85.15B,$-3.10B,-3.64%,$-3.10B,$82.22B,-3.80%,$-3.10B,$78.88B,-3.97%,$-3.10B,$248.72B,-1.24%,$6.76B,$186.31B,3.55%,$21737,$14174,$7563,$201,$1493,$17199,$4538,$-2270,$2268,$737,$1531,$1531,$1417,$7961,$4538,$6522,6522,$0.22,$0.22,$20131,$8260,$6910,$42311,$179660,$3602,$3345,$12086,$206410,$248721,$24767,$104087,$14829,$141731,$166498,$107101,$1418,$-80918,$82223,$248721,$1531,$3423,$3781,$7204,$481,$386,$-1046,$-1172,$-1351,$7384,$-2591,$0,$0,$-88,$-11,$-99,$64,$-2626,$-5081,$0,$-5081,$0,$0,$0,$-1711,$-6792,$-1992,$0,$0
7,2016-12-31,10.07,$11.89,0.85,$12.46,0.81,$4.28,2.36,$-0.73,0.0,$44.77B,$24.90B,1.8,$108.60B,$77.55B,1.4,$81.41B,$25.99B,31.92%,$81.41B,$4.31B,5.29%,$81.41B,$4.31B,5.29%,$81.41B,$18.27B,22.45%,$81.41B,$-3.67B,-4.50%,$81.41B,$-4.84B,-5.94%,$-4.84B,$77.55B,-6.07%,$-4.84B,$74.28B,-6.34%,$-4.84B,$246.98B,-1.95%,$4.31B,$186.15B,2.27%,$21403,$14477,$6926,$527,$1820,$17826,$3577,$-1999,$1578,$748,$830,$830,$754,$6987,$3577,$6522,6522,$0.10,$0.10,$21989,$8475,$7034,$44769,$175470,$3142,$3272,$11472,$202214,$246983,$24903,$108597,$14193,$144530,$169433,$107101,$53143,$-84093,$77550,$246983,$-4349,$13965,$18847,$32812,$-39,$-518,$-1060,$-1779,$-2349,$26114,$-11880,$0,$0,$229,$-125,$104,$473,$-11303,$18897,$-30660,$-11763,$0,$0,$-72,$-7279,$-19114,$-3853,$0,$0
8,2016-09-30,9.29,$12.38,0.75,$12.58,0.74,$2.79,3.33,$-2.29,0.0,$44.59B,$25.51B,1.75,$111.23B,$80.72B,1.38,$82.15B,$26.05B,31.71%,$82.15B,$-6.83B,-8.31%,$82.15B,$-6.83B,-8.31%,$82.15B,$6.74B,8.20%,$82.15B,$-17.33B,-21.09%,$82.15B,$-15.01B,-18.28%,$-15.01B,$80.72B,-19.54%,$-15.01B,$77.36B,-20.43%,$-15.01B,$247.43B,-6.16%,$-6.83B,$191.94B,-3.63%,$21693,$14506,$7187,$723,$1964,$25094,$-3401,$-2236,$-5637,$-298,$-5339,$-5339,$-5380,$515,$-3401,$6561,6561,$-0.82,$-0.82,$22365,$8511,$5810,$44591,$176633,$4082,$3354,$10095,$202838,$247429,$25514,$111227,$13826,$141200,$166714,$107101,$52388,$-79865,$80715,$247429,$-5179,$10555,$14493,$25048,$801,$-300,$-1411,$83,$-917,$18952,$-9528,$0,$0,$209,$-120,$89,$230,$-9209,$-8429,$0,$-8429,$0,$0,$-47,$-5306,$-13782,$-3476,$0,$0
9,2016-06-30,7.13,$13.15,0.54,$13.20,0.54,$1.80,3.96,$-1.65,0.0,$41.32B,$26.07B,1.59,$112.55B,$85.77B,1.31,$83.64B,$25.56B,30.56%,$83.64B,$-4.62B,-5.52%,$83.64B,$-4.62B,-5.52%,$83.64B,$7.70B,9.21%,$83.64B,$-13.16B,-15.73%,$83.64B,$-10.70B,-12.79%,$-10.70B,$85.77B,-14.26%,$-10.70B,$82.16B,-14.91%,$-10.70B,$254.95B,-4.45%,$-4.62B,$198.31B,-2.47%,$20320,$13818,$6502,$612,$1861,$18272,$2048,$-1614,$434,$177,$257,$257,$106,$5452,$2048,$6522,6522,$0.02,$0.02,$20366,$8882,$3869,$41321,$187291,$4175,$3607,$9976,$213630,$254951,$26071,$112546,$14671,$143113,$169184,$107101,$57767,$-80640,$85767,$254951,$160,$6639,$5997,$12636,$746,$-561,$-1306,$-949,$-2070,$10726,$-7124,$0,$0,$213,$-83,$130,$215,$-6779,$-6410,$0,$-6410,$0,$0,$-47,$-3600,$-10057,$-5449,$0,$0
10,2016-03-31,5.82,$11.48,0.51,$14.07,0.41,$1.49,3.9,$-1.63,0.0,$41.09B,$30.19B,1.36,$108.99B,$74.85B,1.46,$89.34B,$27.38B,30.64%,$89.34B,$-3.59B,-4.02%,$89.34B,$-3.59B,-4.02%,$89.34B,$8.27B,9.25%,$89.34B,$-12.43B,-13.91%,$89.34B,$-10.63B,-11.90%,$-10.63B,$74.85B,-13.55%,$-10.63B,$71.52B,-14.15%,$-10.63B,$241.41B,-4.32%,$-3.59B,$183.84B,-1.87%,$17989,$12616,$5373,$422,$1637,$15905,$2084,$-2124,$-40,$57,$-97,$-97,$-318,$5319,$2084,$6522,6522,$-0.04,$-0.04,$22622,$8176,$2013,$41094,$173993,$4092,$3332,$8733,$200319,$241413,$30193,$108991,$13382,$136368,$166561,$107101,$57660,$-91278,$74852,$241413,$-97,$3235,$3118,$6353,$917,$-428,$-965,$-715,$-1828,$4428,$-3750,$0,$0,$102,$-69,$33,$4,$-3713,$-2528,$0,$-2528,$0,$0,$0,$-1912,$-4440,$-3203,$0,$0
11,2015-12-31,4.28,$10.13,0.42,$15.30,0.28,$1.33,3.22,$-1.30,0.0,$43.18B,$28.57B,1.51,$111.56B,$66.06B,1.69,$97.31B,$29.83B,30.65%,$97.31B,$-1.13B,-1.16%,$97.31B,$-1.13B,-1.16%,$97.31B,$10.46B,10.75%,$97.31B,$-9.75B,-10.02%,$97.31B,$-8.45B,-8.68%,$-8.45B,$66.06B,-10.11%,$-8.45B,$62.96B,-10.55%,$-8.45B,$230.52B,-3.38%,$-1.13B,$177.62B,-0.57%,$22147,$15160,$6987,$553,$2402,$29707,$-7560,$-4522,$-12082,$-3014,$-9068,$-9068,$-9421,$-4549,$-7560,$6522,6522,$-1.44,$-1.44,$25838,$7441,$1598,$43179,$161297,$3615,$3092,$7766,$187342,$230521,$28573,$111560,$11906,$135893,$164466,$107101,$57977,$-100163,$66055,$230521,$-8611,$11591,$25518,$37109,$-396,$291,$-1226,$-2808,$-2511,$25987,$-21429,$0,$0,$7982,$-108,$7874,$259,$-13296,$3114,$0,$3114,$0,$0,$-74,$-6205,$-3165,$8403,$0,$0
12,2015-09-30,4.33,$11.23,0.39,$17.02,0.25,$-0.03,0.0,$-1.36,0.0,$44.40B,$27.62B,1.61,$114.08B,$73.24B,1.56,$108.58B,$31.49B,29.00%,$108.58B,$-6.27B,-5.77%,$108.58B,$-6.27B,-5.77%,$108.58B,$5.77B,5.32%,$108.58B,$-10.87B,-10.01%,$108.58B,$-8.75B,-8.06%,$-8.75B,$73.24B,-9.09%,$-8.75B,$70.19B,-9.46%,$-8.75B,$234.48B,-3.27%,$-6.27B,$187.32B,-2.94%,$23179,$16484,$6695,$787,$1863,$24368,$-1189,$-279,$-1468,$-49,$-1419,$-1419,$-1062,$1478,$-1189,$5900,5900,$-0.18,$-0.18,$26240,$8202,$2069,$44397,$165590,$4110,$3054,$7348,$190082,$234479,$27616,$114075,$7375,$133621,$161237,$107101,$0,$-101792,$73242,$234479,$457,$8580,$11696,$20276,$64,$-379,$-839,$-2133,$-1397,$19336,$-16700,$0,$0,$7610,$-81,$7529,$171,$-9000,$4148,$0,$4148,$0,$0,$0,$-4770,$-622,$8483,$0,$0
13,2015-06-30,9.01,$15.29,0.59,$19.24,0.47,$-1.25,0.0,$-0.99,0.0,$51.69B,$32.42B,1.59,$119.54B,$99.73B,1.2,$124.24B,$33.78B,27.19%,$124.24B,$-7.23B,-5.82%,$124.24B,$-7.23B,-5.82%,$124.24B,$5.24B,4.22%,$124.24B,$-11.76B,-9.47%,$124.24B,$-9.84B,-7.92%,$-9.84B,$99.73B,-8.43%,$-9.84B,$95.86B,-8.81%,$-9.84B,$276.96B,-3.28%,$-7.23B,$219.27B,-3.03%,$26021,$17701,$8320,$661,$2165,$22943,$3078,$-1914,$1164,$870,$294,$294,$171,$6017,$3078,$6522,6522,$0.04,$0.04,$29538,$10885,$1608,$51693,$198252,$5120,$3869,$9696,$225269,$276962,$32424,$119543,$8832,$144813,$177237,$107101,$68458,$-76686,$99725,$276962,$1876,$5913,$7236,$13149,$-110,$-889,$-854,$17,$-1836,$13189,$-11620,$0,$0,$5807,$-79,$5728,$152,$-5740,$5755,$0,$5755,$0,$0,$0,$-3035,$2720,$9506,$0,$0
14,2015-03-31,5.99,$0.00,0.0,$21.22,0.28,$-2.61,0.0,$-0.67,0.0,$42.88B,$28.17B,1.52,$112.51B,$95.30B,1.18,$135.13B,$33.90B,25.09%,$135.13B,$-6.34B,-4.69%,$135.13B,$-6.34B,-4.69%,$135.13B,$6.65B,4.92%,$135.13B,$-9.40B,-6.95%,$135.13B,$-7.79B,-5.76%,$-7.79B,$95.30B,-5.86%,$-7.79B,$91.48B,-6.24%,$-7.79B,$259.34B,-2.42%,$-6.34B,$207.80B,-2.47%,$25967,$18140,$7827,$540,$1548,$21426,$4541,$-1903,$2638,$1056,$1582,$1582,$1862,$7515,$4541,$6522,6522,$0.28,$0.28,$21284,$9985,$2133,$42881,$190579,$5035,$3815,$8919,$216454,$259335,$28167,$112506,$9084,$135872,$164039,$107101,$68286,$-80848,$95296,$259335,$1582,$2974,$3301,$6275,$25,$-358,$-795,$-1320,$-2118,$5739,$-6115,$0,$0,$-1455,$117,$-1338,$3,$-7450,$-1644,$0,$-1644,$0,$0,$0,$-1818,$-3462,$-5916,$0,$0
15,2014-12-31,7.27,$0.00,0.0,$22.53,0.32,$-3.28,0.0,$-0.61,0.0,$50.83B,$31.12B,1.63,$120.27B,$116.98B,1.03,$143.66B,$34.18B,23.79%,$143.66B,$-7.41B,-5.16%,$143.66B,$-7.41B,-5.16%,$143.66B,$5.62B,3.91%,$143.66B,$-8.82B,-6.14%,$143.66B,$-7.37B,-5.13%,$-7.37B,$116.98B,-4.96%,$-7.37B,$112.47B,-5.37%,$-7.37B,$298.69B,-2.13%,$-7.41B,$237.25B,-2.68%,$33409,$24760,$8649,$874,$2797,$46105,$-12696,$-503,$-13199,$-3335,$-9864,$-9864,$-9722,$-9236,$-12696,$6522,6522,$-1.48,$-1.48,$25978,$11466,$1608,$50832,$218730,$5862,$4509,$10507,$247855,$298687,$31118,$120274,$10795,$150591,$181709,$107101,$0,$-57400,$116978,$298687,$-7503,$13023,$28180,$41203,$-2507,$570,$-1211,$-3411,$-6951,$26749,$-31064,$0,$0,$-5469,$-329,$-5798,$387,$-36475,$21019,$0,$21019,$0,$0,$-4035,$-6093,$10891,$787,$0,$-3918
16,2014-09-30,14.13,$23.76,0.59,$22.86,0.62,$-5.51,0.0,$1.31,10.79,$63.42B,$37.34B,1.7,$134.04B,$154.97B,0.87,$145.84B,$32.43B,22.23%,$145.84B,$6.55B,4.49%,$145.84B,$6.55B,4.49%,$145.84B,$19.41B,13.31%,$145.84B,$6.07B,4.16%,$145.84B,$5.12B,3.51%,$5.12B,$154.97B,3.27%,$5.12B,$147.12B,3.59%,$5.12B,$364.43B,1.46%,$6.55B,$289.01B,2.33%,$38844,$29859,$8985,$1309,$4149,$40995,$-2151,$-212,$-2363,$51,$-2414,$-2414,$-2150,$941,$-2151,$6324,6324,$-0.34,$-0.34,$31051,$14327,$4712,$63415,$263886,$6993,$7850,$11204,$301010,$364426,$37339,$134039,$9835,$172112,$209452,$90739,$71759,$-8288,$154974,$364426,$2355,$9563,$12844,$22407,$-1987,$103,$-491,$-1528,$-4015,$20747,$-25607,$0,$0,$-4356,$-176,$-4532,$334,$-29805,$22005,$0,$22005,$0,$0,$-3924,$-4582,$13499,$4378,$0,$-3924
17,2014-06-30,14.57,$25.22,0.58,$21.75,0.67,$-6.06,0.0,$1.34,10.87,$65.50B,$34.17B,1.92,$129.03B,$164.47B,0.78,$140.95B,$30.69B,21.77%,$140.95B,$11.10B,7.87%,$140.95B,$11.10B,7.87%,$140.95B,$24.19B,17.16%,$140.95B,$10.60B,7.52%,$140.95B,$8.75B,6.21%,$8.75B,$164.47B,5.60%,$8.75B,$148.14B,6.47%,$8.75B,$363.39B,2.54%,$11.10B,$293.49B,4.07%,$36910,$28470,$8440,$1078,$2400,$32941,$3969,$-440,$3529,$1200,$2329,$2329,$2225,$7427,$3969,$6181,6181,$0.36,$0.36,$30136,$16984,$3963,$65502,$253955,$7250,$16326,$10357,$297890,$363392,$34167,$129025,$9889,$164756,$198923,$107380,$78937,$-22907,$164469,$363392,$4505,$6471,$4476,$10947,$-1365,$-2072,$84,$-838,$-5058,$10394,$-17336,$0,$0,$604,$323,$927,$279,$-16130,$22534,$0,$22534,$0,$0,$-3916,$-2889,$15729,$10529,$0,$-3916
18,2014-03-31,12.64,$24.10,0.52,$21.24,0.59,$-5.73,0.0,$1.44,8.77,$70.56B,$37.01B,1.91,$126.51B,$157.21B,0.81,$139.61B,$31.29B,22.41%,$139.61B,$12.61B,9.03%,$139.61B,$12.61B,9.03%,$139.61B,$25.61B,18.35%,$139.61B,$10.91B,7.81%,$139.61B,$9.52B,6.82%,$9.52B,$157.21B,6.21%,$9.52B,$141.32B,7.46%,$9.52B,$354.40B,2.81%,$12.61B,$283.73B,4.78%,$34494,$26388,$8106,$896,$2237,$31023,$3471,$-262,$3209,$763,$2446,$2446,$2280,$6484,$3471,$6522,6522,$0.34,$0.34,$34685,$15581,$4535,$70555,$240793,$7032,$15898,$10634,$283848,$354403,$37006,$126514,$9918,$160183,$197189,$107371,$77187,$-28264,$157214,$354403,$2280,$3013,$1630,$4643,$-1078,$-1045,$-205,$-75,$-2942,$3981,$-8750,$0,$0,$-307,$363,$56,$154,$-8540,$20208,$0,$20208,$0,$0,$0,$-1641,$18567,$14387,$0,$0
19,2013-12-31,13.24,$0.00,0.0,$21.61,0.61,$-5.28,0.0,$1.69,7.83,$52.66B,$35.23B,1.5,$106.31B,$149.12B,0.71,$141.46B,$32.63B,23.06%,$141.46B,$14.28B,10.10%,$141.46B,$14.28B,10.10%,$141.46B,$27.47B,19.42%,$141.46B,$13.41B,9.48%,$141.46B,$11.09B,7.84%,$11.09B,$149.12B,7.11%,$11.09B,$133.70B,8.94%,$11.09B,$321.42B,3.30%,$14.28B,$255.43B,5.55%,$35593,$28699,$6894,$1016,$2539,$34335,$1258,$433,$1691,$-924,$2615,$2615,$2760,$4554,$1258,$6522,6522,$0.42,$0.42,$19753,$14225,$4036,$52655,$227901,$6797,$15419,$9759,$268768,$321423,$35226,$106308,$9103,$137074,$172300,$107092,$73795,$-33034,$149123,$321423,$11094,$13188,$6710,$19898,$-1142,$-2128,$1108,$-1024,$-4703,$26289,$-45110,$0,$0,$5718,$3621,$9339,$146,$-35625,$21087,$0,$21087,$0,$0,$-2656,$-5136,$13295,$2348,$0,$-2656
20,2013-09-30,14.88,$23.59,0.63,$21.62,0.69,$-4.37,0.0,$1.85,8.05,$61.55B,$31.38B,1.96,$104.34B,$153.86B,0.68,$141.53B,$33.04B,23.34%,$141.53B,$12.77B,9.02%,$141.53B,$12.77B,9.02%,$141.53B,$25.54B,18.04%,$141.53B,$15.95B,11.27%,$141.53B,$12.10B,8.55%,$12.10B,$153.86B,7.60%,$12.10B,$117.75B,9.98%,$12.10B,$340.11B,3.58%,$12.77B,$258.20B,4.98%,$33955,$26707,$7248,$1226,$2475,$31554,$2401,$-230,$2171,$623,$1548,$1548,$1484,$5721,$2401,$6745,6745,$0.22,$0.22,$25963,$15054,$4041,$61545,$208362,$6923,$36105,$9913,$278561,$340106,$31375,$104340,$10786,$154874,$186249,$107371,$76396,$-31073,$153857,$340106,$8334,$9892,$7698,$17590,$300,$-2216,$343,$226,$-4369,$21555,$-30487,$0,$0,$1461,$2064,$3525,$-571,$-27533,$18208,$0,$18208,$0,$0,$-2655,$-4284,$11269,$4126,$0,$-2655
21,2013-06-30,12.89,$23.53,0.55,$22.15,0.58,$-3.95,0.0,$2.05,6.29,$65.31B,$30.77B,2.12,$104.19B,$153.47B,0.68,$143.95B,$34.71B,24.11%,$143.95B,$14.61B,10.15%,$143.95B,$14.61B,10.15%,$143.95B,$26.90B,18.69%,$143.95B,$17.83B,12.39%,$143.95B,$13.36B,9.28%,$13.36B,$153.47B,8.19%,$13.36B,$117.36B,10.77%,$13.36B,$338.07B,4.02%,$14.61B,$257.66B,5.73%,$35569,$26531,$9038,$870,$2484,$30089,$5480,$-1641,$3839,$1095,$2744,$2744,$2996,$8854,$5480,$6513,6513,$0.46,$0.46,$32962,$14035,$2243,$65313,$203716,$6746,$36105,$9494,$272755,$338068,$30765,$104189,$11108,$153835,$184600,$107371,$74924,$-29992,$153468,$338068,$6850,$6572,$3788,$10360,$382,$-833,$-28,$-237,$-1929,$15281,$-20432,$0,$0,$-96,$1486,$1390,$70,$-18972,$18113,$0,$18113,$0,$0,$-1386,$-2532,$14195,$9611,$0,$-1386
22,2013-03-31,15.7,$25.71,0.61,$21.75,0.72,$-3.82,0.0,$1.49,10.54,$58.05B,$34.03B,1.71,$90.56B,$167.68B,0.54,$143.04B,$33.82B,23.65%,$143.04B,$11.81B,8.26%,$143.04B,$11.81B,8.26%,$143.04B,$23.45B,16.39%,$143.04B,$13.20B,9.23%,$143.04B,$9.68B,6.76%,$9.68B,$167.68B,5.80%,$9.68B,$127.44B,7.65%,$9.68B,$345.27B,2.97%,$11.81B,$258.24B,4.68%,$36345,$26897,$9448,$979,$2388,$31203,$5142,$567,$5709,$1784,$3925,$3925,$3854,$8340,$5142,$6423,6423,$0.60,$0.60,$23109,$15792,$2668,$58045,$214457,$6022,$40241,$4772,$287229,$345274,$34030,$90560,$11777,$143568,$177598,$107362,$70906,$-12054,$167676,$345274,$3854,$3198,$1594,$4792,$187,$-1165,$201,$-198,$-1191,$7455,$-9241,$0,$0,$1046,$4,$1050,$14,$-8177,$2133,$0,$2133,$0,$0,$0,$-1618,$515,$4,$0,$0
23,2012-12-31,18.45,$24.82,0.74,$21.84,0.84,$-3.57,0.0,$1.70,10.85,$57.79B,$34.07B,1.7,$88.57B,$161.87B,0.55,$144.10B,$35.83B,24.86%,$144.10B,$13.33B,9.25%,$144.10B,$13.33B,9.25%,$144.10B,$24.45B,16.97%,$144.10B,$14.49B,10.06%,$144.10B,$11.03B,7.66%,$11.03B,$161.87B,6.44%,$11.03B,$122.13B,8.50%,$11.03B,$327.40B,3.41%,$13.33B,$250.44B,5.24%,$35660,$28356,$7304,$1387,$2417,$35917,$-257,$4488,$4231,$458,$3773,$3773,$3763,$2621,$-257,$6522,6522,$0.58,$0.58,$23951,$14552,$2620,$57794,$204901,$6282,$39739,$9806,$269602,$327396,$34070,$88570,$11478,$131460,$165530,$107362,$67238,$-14235,$161866,$327396,$11034,$11119,$11286,$22405,$-1522,$-1864,$1039,$-3053,$-5551,$27888,$-40802,$0,$0,$2051,$130,$2181,$241,$-38379,$13858,$0,$13858,$0,$0,$-3272,$-4517,$6069,$-5537,$0,$-3272
24,2012-09-30,21.73,$26.02,0.84,$21.92,0.99,$-2.77,0.0,$1.57,13.84,$61.96B,$31.64B,1.96,$84.32B,$169.73B,0.5,$144.70B,$38.14B,26.36%,$144.70B,$18.61B,12.86%,$144.70B,$18.61B,12.86%,$144.70B,$30.14B,20.83%,$144.70B,$14.70B,10.16%,$144.70B,$10.08B,6.96%,$10.08B,$169.73B,5.79%,$10.08B,$129.19B,7.66%,$10.08B,$318.47B,3.14%,$18.61B,$254.04B,7.35%,$36374,$27459,$8915,$926,$2500,$32134,$4240,$-186,$4054,$1276,$2778,$2778,$2744,$7087,$4240,$6533,6533,$0.42,$0.42,$26032,$14949,$3186,$61955,$191395,$6298,$40537,$1579,$256512,$318467,$31639,$84318,$5768,$117102,$148741,$107362,$0,$0,$169726,$318467,$7271,$8241,$10122,$18363,$-649,$-1913,$1827,$-1404,$-3421,$22213,$-28125,$0,$0,$951,$0,$951,$-943,$-28117,$9761,$0,$9761,$0,$0,$-3272,$-3759,$2730,$-4191,$0,$-3272
25,2012-06-30,17.78,$25.71,0.69,$22.37,0.8,$2.13,8.35,$1.75,10.16,$57.55B,$31.13B,1.85,$79.93B,$167.66B,0.48,$147.15B,$41.48B,28.19%,$147.15B,$21.80B,14.81%,$147.15B,$21.80B,14.81%,$147.15B,$33.09B,22.48%,$147.15B,$14.63B,9.94%,$147.15B,$11.20B,7.61%,$11.20B,$167.66B,6.39%,$11.20B,$126.95B,7.83%,$11.20B,$310.70B,3.52%,$21.80B,$247.59B,8.70%,$34659,$26502,$8157,$1959,$2469,$31970,$2689,$-3480,$-791,$162,$-953,$-953,$-685,$5397,$2689,$6850,6850,$-0.10,$-0.10,$22750,$14921,$2680,$57547,$184997,$8982,$40713,$1548,$253157,$310704,$31125,$79931,$5898,$111921,$143046,$107362,$0,$0,$167658,$310704,$4527,$5394,$7635,$13029,$-440,$-1265,$335,$-1461,$-3412,$14144,$-18644,$0,$0,$-752,$0,$-752,$-676,$-20072,$6395,$0,$6395,$0,$0,$-3265,$-2263,$867,$-6037,$0,$-3265
26,2012-03-31,24.91,$28.51,0.87,$23.22,1.07,$2.45,10.16,$2.90,8.59,$69.35B,$36.20B,1.92,$80.19B,$185.95B,0.43,$150.72B,$45.84B,30.41%,$150.72B,$26.56B,17.62%,$150.72B,$26.56B,17.62%,$150.72B,$37.66B,24.98%,$150.72B,$24.86B,16.49%,$150.72B,$18.75B,12.44%,$18.75B,$185.95B,10.13%,$18.75B,$140.87B,11.52%,$18.75B,$337.97B,5.71%,$26.56B,$266.14B,10.30%,$37410,$25959,$11451,$865,$2575,$30751,$6659,$340,$6999,$1666,$5333,$5333,$5212,$9345,$6659,$6515,6515,$0.80,$0.80,$31780,$16133,$2948,$69354,$194099,$10062,$45078,$1663,$268617,$337971,$36195,$80193,$6608,$115826,$152021,$107362,$77180,$0,$185950,$337971,$5212,$2686,$1512,$4198,$-93,$-708,$-271,$-152,$-875,$8535,$-8732,$0,$0,$-419,$0,$-419,$-645,$-9796,$6179,$0,$6179,$0,$0,$-1223,$-1314,$3642,$2843,$0,$-1223
27,2011-12-31,23.0,$0.00,0.0,$22.53,1.02,$2.24,10.25,$3.10,7.42,$64.59B,$36.36B,1.78,$72.82B,$172.59B,0.42,$145.92B,$46.32B,31.74%,$145.92B,$27.29B,18.70%,$145.92B,$27.29B,18.70%,$145.92B,$37.82B,25.92%,$145.92B,$26.72B,18.31%,$145.92B,$20.12B,13.79%,$20.12B,$172.59B,10.78%,$20.12B,$129.18B,11.46%,$20.12B,$316.41B,6.16%,$27.29B,$245.40B,10.64%,$36253,$26640,$9613,$1253,$2670,$31227,$5026,$-591,$4435,$1531,$2904,$2904,$2805,$8306,$5026,$6533,6533,$0.40,$0.40,$28018,$15165,$2805,$64592,$182918,$9594,$43412,$8717,$251822,$316414,$36364,$72816,$7031,$107462,$143826,$107355,$60142,$3503,$172588,$316414,$20121,$10535,$11832,$22367,$-2326,$-5035,$2455,$-1893,$-8790,$33698,$-41377,$0,$0,$6683,$-336,$6347,$411,$-34619,$15201,$0,$15201,$0,$0,$-6422,$-4547,$4232,$1402,$0,$-6422
28,2011-09-30,20.6,$26.90,0.77,$23.53,0.88,$0.52,39.5,$3.61,5.71,$64.80B,$35.83B,1.81,$67.61B,$129.62B,0.52,$142.05B,$43.14B,30.37%,$142.05B,$30.38B,21.39%,$142.05B,$30.38B,21.39%,$142.05B,$39.74B,27.97%,$142.05B,$30.90B,21.75%,$142.05B,$24.08B,16.95%,$24.08B,$175.46B,12.68%,$24.08B,$175.28B,13.56%,$24.08B,$308.96B,7.41%,$30.38B,$243.08B,11.84%,$38826,$26566,$12260,$889,$2748,$31401,$7425,$-3436,$3989,$763,$3226,$3226,$3871,$10037,$7425,$6452,6452,$0.60,$0.60,$29170,$14636,$2695,$64799,$220306,$8190,$182,$9153,$244157,$308956,$35831,$67613,$4031,$97661,$133492,$63914,$73242,$-8814,$175464,$308956,$17316,$7255,$7089,$14344,$-2057,$-4594,$2138,$-312,$-5899,$25761,$0,$0,$0,$3859,$0,$3859,$-29345,$-25486,$10025,$0,$10025,$0,$0,$-5092,$-3631,$1302,$-17,$0,$-5092
29,2011-06-30,30.8,$31.57,0.98,$24.44,1.26,$-6.78,0.0,$4.13,7.46,$76.73B,$38.08B,2.02,$70.65B,$160.07B,0.44,$134.11B,$43.28B,32.28%,$134.11B,$28.64B,21.36%,$134.11B,$28.64B,21.36%,$134.11B,$37.46B,27.93%,$134.11B,$33.93B,25.30%,$134.11B,$24.94B,18.60%,$24.94B,$205.92B,13.11%,$24.94B,$205.72B,14.02%,$24.94B,$350.66B,7.74%,$28.64B,$276.56B,11.29%,$38234,$25716,$12518,$1082,$2671,$30788,$7446,$1991,$9437,$2286,$7151,$7151,$6857,$9967,$7446,$6469,6469,$1.06,$1.06,$37684,$16394,$2625,$76725,$247276,$9566,$198,$10433,$273936,$350661,$38082,$70645,$4813,$106662,$144744,$63861,$70789,$23287,$205917,$350661,$13445,$4643,$2425,$7068,$-1297,$-3934,$1233,$-88,$-4086,$16427,$-18605,$0,$0,$1192,$0,$1192,$0,$-17413,$9347,$0,$9347,$0,$0,$-3630,$-1837,$3880,$4043,$0,$-3630
30,2011-03-31,36.35,$29.51,1.23,$25.23,1.44,$-7.84,0.0,$4.04,9.0,$73.60B,$36.65B,2.01,$68.21B,$146.61B,0.47,$125.50B,$42.93B,34.21%,$125.50B,$27.46B,21.88%,$125.50B,$27.46B,21.88%,$125.50B,$35.85B,28.56%,$125.50B,$30.21B,24.07%,$125.50B,$22.33B,17.79%,$22.33B,$192.45B,13.65%,$22.33B,$192.26B,14.77%,$22.33B,$330.55B,7.77%,$27.46B,$260.66B,12.37%,$32602,$20673,$11929,$860,$2418,$25214,$7388,$1475,$8863,$2152,$6711,$6711,$6588,$9510,$7388,$6459,6459,$1.02,$1.02,$38286,$14595,$3008,$73600,$230370,$9378,$194,$10424,$256951,$330551,$36650,$68207,$4413,$101449,$138099,$63906,$65827,$15122,$192452,$330551,$6588,$2122,$1243,$3365,$-689,$-2564,$1303,$-287,$-2336,$7617,$-9147,$0,$0,$3559,$0,$3559,$0,$-5588,$7938,$0,$7938,$0,$0,$-1102,$-996,$5840,$8343,$0,$-1102
31,2010-12-31,33.87,$28.51,1.19,$26.44,1.28,$-8.58,0.0,$4.02,8.42,$63.56B,$33.58B,1.89,$60.53B,$185.95B,0.33,$120.45B,$43.31B,35.95%,$120.45B,$26.37B,21.89%,$120.45B,$26.37B,21.89%,$120.45B,$34.68B,28.79%,$120.45B,$27.27B,22.64%,$120.45B,$20.06B,16.65%,$20.06B,$185.95B,14.36%,$20.06B,$137.01B,15.76%,$20.06B,$310.19B,7.84%,$26.37B,$246.48B,13.66%,$32388,$25960,$6428,$2421,$2802,$24266,$8122,$489,$8611,$1795,$6816,$6816,$6767,$10222,$8122,$4940,4940,$1.06,$1.06,$33267,$11808,$2377,$63559,$168104,$10077,$48937,$1674,$246635,$310194,$33577,$60532,$5424,$90668,$124245,$107341,$46417,$30345,$185949,$310194,$20055,$8308,$5135,$13443,$-2454,$-453,$248,$1360,$-3388,$30110,$-44424,$0,$0,$-14652,$0,$-14652,$-875,$-59951,$10434,$0,$10434,$30563,$30563,$-5398,$-4280,$31319,$1433,$0,$-5398
32,2010-09-30,32.09,$27.51,1.17,$25.67,1.25,$-7.58,0.0,$4.14,7.75,$65.97B,$37.48B,1.76,$54.29B,$132.30B,0.41,$113.54B,$43.57B,38.37%,$113.54B,$25.08B,22.09%,$113.54B,$25.08B,22.09%,$113.54B,$33.51B,29.51%,$113.54B,$24.69B,21.74%,$113.54B,$18.24B,16.06%,$18.24B,$176.81B,15.59%,$18.24B,$176.67B,15.60%,$18.24B,$298.14B,7.99%,$25.08B,$231.10B,14.96%,$30881,$18472,$12409,$288,$2302,$25198,$5683,$1331,$7014,$1983,$5031,$5031,$4725,$7761,$5683,$4458,4458,$1.06,$1.06,$34246,$12538,$2689,$65972,$206278,$8843,$141,$10010,$232164,$298136,$37481,$54286,$5796,$83841,$121322,$62141,$58779,$9170,$176814,$298136,$13633,$6208,$1999,$8207,$-2999,$-1188,$1676,$238,$-4311,$18633,$-33394,$0,$0,$-8791,$0,$-8791,$0,$-42185,$0,$9551,$9551,$27472,$27472,$-3071,$0,$33952,$11282,$0,$0
33,2010-06-30,30.18,$22.55,1.34,$24.71,1.22,$-5.73,0.0,$3.98,7.58,$40.28B,$34.66B,1.16,$50.63B,$81.79B,0.62,$108.54B,$42.68B,39.32%,$108.54B,$24.67B,22.73%,$108.54B,$24.67B,22.73%,$108.54B,$33.04B,30.44%,$108.54B,$23.68B,21.82%,$108.54B,$17.24B,15.89%,$17.24B,$98.94B,17.99%,$17.24B,$98.81B,18.02%,$17.24B,$210.56B,8.58%,$24.67B,$149.58B,17.13%,$29624,$17456,$12168,$231,$2148,$23358,$6266,$-543,$5723,$1487,$4236,$4236,$4246,$8354,$6266,$4423,4423,$0.96,$0.96,$13384,$10857,$2452,$40282,$147083,$8025,$136,$9556,$170282,$210564,$34660,$50632,$5404,$76960,$111620,$22584,$55115,$1948,$98944,$210564,$8602,$4130,$1994,$6124,$-1334,$-1105,$0,$229,$-2210,$13241,$-19387,$0,$0,$-2048,$0,$-2048,$0,$-21435,$7850,$0,$7850,$0,$0,$-2397,$0,$5453,$-3197,$0,$0
34,2010-03-31,38.63,$22.07,1.75,$22.87,1.69,$-5.36,0.0,$3.92,9.85,$42.03B,$33.22B,1.27,$48.45B,$81.70B,0.59,$100.49B,$41.23B,41.03%,$100.49B,$24.97B,24.85%,$100.49B,$24.97B,24.85%,$100.49B,$32.81B,32.65%,$100.49B,$24.16B,24.04%,$100.49B,$16.99B,16.91%,$16.99B,$96.81B,18.59%,$16.99B,$96.67B,18.62%,$16.99B,$204.22B,9.05%,$24.97B,$145.26B,18.63%,$27559,$15257,$12302,$217,$2052,$21258,$6301,$-375,$5926,$1560,$4366,$4366,$4317,$8343,$6301,$4405,4405,$0.98,$0.98,$14757,$11247,$2574,$42034,$140574,$6868,$137,$9224,$162181,$204215,$33221,$48450,$5423,$74188,$107409,$21088,$55093,$3051,$96806,$204215,$4366,$2042,$1084,$3126,$-1112,$-1131,$0,$116,$-2653,$5473,$-9783,$0,$0,$-56,$0,$-56,$0,$-9839,$3141,$0,$3141,$0,$0,$-13,$0,$3128,$-1555,$0,$0
35,2009-12-31,41.39,$21.75,1.9,$20.76,1.99,$-4.48,0.0,$3.54,11.69,$42.64B,$30.97B,1.38,$49.24B,$80.31B,0.61,$91.15B,$37.12B,40.73%,$91.15B,$22.92B,25.15%,$91.15B,$22.92B,25.15%,$91.15B,$30.05B,32.97%,$91.15B,$22.28B,24.44%,$91.15B,$15.31B,16.80%,$15.31B,$95.42B,18.34%,$15.31B,$95.28B,18.37%,$15.31B,$200.27B,9.02%,$22.92B,$144.66B,19.12%,$25477,$18791,$6686,$2201,$1710,$18651,$6826,$-804,$6022,$1057,$4965,$4965,$4947,$9051,$6826,$4399,4399,$1.12,$1.12,$16241,$11117,$2571,$42644,$136167,$7009,$139,$8629,$157626,$200270,$30965,$49244,$3834,$73885,$104850,$21088,$52049,$5108,$95420,$200270,$15308,$7129,$2856,$9985,$-191,$-1500,$610,$1436,$652,$25945,$-34325,$0,$0,$194,$0,$194,$-1025,$-35156,$25506,$0,$25506,$0,$0,$-7724,$-1693,$16089,$9723,$0,$-7724
36,2009-09-30,39.3,$21.03,1.87,$20.06,1.96,$-2.95,0.0,$2.96,13.28,$42.08B,$28.68B,1.47,$44.30B,$77.16B,0.57,$88.01B,$38.00B,43.18%,$88.01B,$18.42B,20.92%,$88.01B,$18.42B,20.92%,$88.01B,$24.60B,27.96%,$88.01B,$18.90B,21.47%,$88.01B,$12.53B,14.23%,$12.53B,$92.27B,16.64%,$12.53B,$92.09B,16.67%,$12.53B,$189.04B,8.29%,$18.42B,$136.57B,17.60%,$25875,$14350,$11525,$223,$2196,$20594,$5281,$731,$6012,$1866,$4146,$4146,$3734,$7294,$5281,$4342,4342,$0.86,$0.86,$16695,$10487,$2749,$42082,$126117,$7101,$176,$7561,$146955,$189037,$28678,$44301,$5395,$68089,$96767,$21088,$49107,$4579,$92270,$189037,$11894,$4904,$-800,$4104,$-81,$-210,$-756,$2095,$1662,$18005,$-24349,$0,$0,$-749,$-424,$-1173,$0,$-25522,$19729,$-738,$18991,$0,$0,$-4367,$0,$14624,$10096,$0,$0
37,2009-06-30,34.81,$18.45,1.89,$22.28,1.56,$-1.58,0.0,$3.46,10.06,$28.68B,$27.43B,1.05,$28.57B,$65.85B,0.43,$98.21B,$39.56B,40.28%,$98.21B,$20.60B,20.98%,$98.21B,$20.60B,20.98%,$98.21B,$26.44B,26.92%,$98.21B,$21.67B,22.06%,$98.21B,$14.79B,15.06%,$14.79B,$80.96B,20.88%,$14.79B,$80.83B,20.93%,$14.79B,$157.44B,10.61%,$20.60B,$109.53B,21.96%,$21582,$10862,$10720,$176,$1843,$15022,$6560,$-361,$6199,$1201,$4998,$4998,$3991,$8123,$6560,$4434,4434,$0.90,$0.90,$4975,$9152,$2275,$28684,$110076,$6328,$129,$7216,$128759,$157443,$27434,$28571,$4992,$49049,$76483,$21088,$46273,$-3296,$80960,$157443,$7748,$2891,$228,$3119,$-757,$-207,$-53,$-674,$-1329,$9771,$-14271,$0,$0,$-139,$-453,$-592,$0,$-14863,$5678,$-231,$5447,$0,$0,$-2787,$0,$2660,$-1629,$0,$0
38,2009-03-31,25.67,$14.88,1.73,$25.07,1.02,$2.23,11.51,$3.98,6.45,$27.16B,$25.67B,1.06,$23.64B,$50.15B,0.47,$110.13B,$42.62B,38.70%,$110.13B,$23.17B,21.04%,$110.13B,$23.17B,21.04%,$110.13B,$28.98B,26.31%,$110.13B,$24.41B,22.17%,$110.13B,$17.01B,15.45%,$17.01B,$65.26B,23.85%,$17.01B,$65.14B,23.92%,$17.01B,$132.24B,12.22%,$23.17B,$88.90B,25.09%,$18212,$10020,$8192,$146,$1606,$13956,$4256,$-209,$4047,$1297,$2750,$2750,$2636,$5584,$4256,$4393,4393,$0.60,$0.60,$8275,$7020,$1872,$27157,$90245,$5097,$116,$5740,$105079,$132236,$25668,$23640,$4167,$41310,$66978,$21088,$43524,$-15441,$65258,$132236,$2750,$1328,$1032,$2360,$467,$608,$-1217,$661,$616,$5902,$-6330,$0,$0,$-198,$0,$-198,$0,$-6528,$2054,$369,$2423,$0,$0,$-231,$0,$2192,$1627,$0,$0
39,2008-12-31,20.64,$14.26,1.45,$26.89,0.77,$3.72,5.55,$4.40,4.69,$26.76B,$24.76B,1.08,$20.98B,$47.46B,0.44,$118.26B,$45.39B,38.38%,$118.26B,$25.29B,21.39%,$118.26B,$25.29B,21.39%,$118.26B,$31.22B,26.40%,$118.26B,$26.99B,22.82%,$118.26B,$18.88B,15.96%,$18.88B,$62.57B,26.03%,$18.88B,$62.45B,26.13%,$18.88B,$125.70B,13.46%,$25.29B,$83.55B,27.30%,$22337,$14775,$7562,$185,$1963,$20019,$2318,$320,$2638,$1656,$982,$1002,$2166,$3603,$2318,$4390,4390,$0.50,$0.50,$6623,$7990,$1751,$26758,$84719,$4936,$118,$5424,$98937,$125695,$24756,$20984,$4520,$38371,$63127,$21088,$41486,$-15992,$62568,$125695,$17733,$5928,$5914,$11842,$-1098,$-568,$2246,$-2345,$-1972,$28220,$-29874,$0,$0,$-44,$452,$408,$0,$-29466,$7145,$380,$7525,$0,$0,$-4747,$0,$2778,$-488,$0,$0
40,2008-09-30,35.97,$17.00,2.12,$27.59,1.3,$4.48,8.03,$4.54,7.92,$33.43B,$26.51B,1.26,$18.70B,$59.49B,0.31,$121.24B,$48.30B,39.83%,$121.24B,$27.75B,22.89%,$121.24B,$27.75B,22.89%,$121.24B,$34.12B,28.14%,$121.24B,$28.89B,23.83%,$121.24B,$19.53B,16.10%,$19.53B,$74.60B,26.68%,$19.53B,$74.29B,26.80%,$19.53B,$141.98B,13.82%,$27.75B,$93.30B,30.04%,$36083,$22995,$13088,$290,$2373,$28613,$7470,$1316,$8786,$2838,$5948,$5948,$5997,$9132,$7470,$4410,4410,$1.36,$1.36,$5547,$12895,$2119,$33428,$92668,$6943,$306,$4792,$108556,$141984,$26513,$18698,$4619,$40872,$67385,$21088,$42923,$-4787,$74599,$141984,$16752,$4643,$3007,$7650,$-2946,$-4497,$2099,$-1082,$-4966,$19665,$-20057,$0,$0,$726,$0,$726,$0,$-19331,$2499,$-18,$2481,$0,$0,$-3926,$0,$-1445,$-1705,$0,$0
41,2008-06-30,57.96,$18.91,3.06,$24.79,2.34,$5.01,11.58,$3.95,14.67,$37.22B,$26.70B,1.39,$20.74B,$67.86B,0.31,$108.61B,$45.18B,41.60%,$108.61B,$26.13B,24.06%,$108.61B,$26.13B,24.06%,$108.61B,$32.12B,29.57%,$108.61B,$25.59B,23.56%,$108.61B,$17.36B,15.99%,$17.36B,$82.97B,25.00%,$17.36B,$82.64B,25.11%,$17.36B,$156.93B,12.82%,$26.13B,$103.71B,29.80%,$33495,$19715,$13780,$229,$2020,$24367,$9128,$-189,$8939,$2704,$6235,$6215,$6215,$10659,$9128,$4377,4377,$1.42,$1.42,$6728,$13692,$2420,$37218,$101533,$8208,$323,$5134,$119708,$156926,$26698,$20738,$5023,$47261,$73959,$21088,$36871,$9578,$82967,$156926,$10803,$2981,$1504,$4485,$-2521,$-3193,$1295,$334,$-3062,$12226,$0,$0,$0,$0,$0,$0,$0,$-11666,$0,$0,$0,$0,$0,$0,$0,$-1966,$-339,$0,$0
42,2008-03-31,41.69,$15.95,2.61,$21.79,1.91,$2.62,15.9,$3.52,11.84,$30.92B,$23.08B,1.34,$20.05B,$61.36B,0.33,$95.68B,$40.99B,42.85%,$95.68B,$22.84B,23.87%,$95.68B,$22.84B,23.87%,$95.68B,$28.68B,29.97%,$95.68B,$22.17B,23.18%,$95.68B,$15.48B,16.18%,$15.48B,$69.98B,24.81%,$15.48B,$69.67B,24.92%,$15.48B,$136.61B,12.53%,$22.84B,$90.03B,28.85%,$26342,$15380,$10962,$237,$1914,$19964,$6378,$251,$6629,$2061,$4568,$4568,$4501,$7828,$6378,$4413,4413,$1.02,$1.02,$6273,$10344,$2318,$30915,$89450,$7919,$314,$4226,$105693,$136608,$23083,$20050,$4530,$43545,$66628,$12196,$45470,$2806,$69980,$136608,$4501,$1450,$1111,$2561,$-654,$-693,$551,$-480,$-1070,$6127,$0,$0,$0,$0,$0,$0,$0,$-6070,$0,$0,$0,$0,$0,$0,$0,$-908,$-786,$0,$0
43,2007-12-31,46.91,$14.86,3.16,$20.08,2.34,$1.19,39.59,$2.99,15.69,$29.14B,$24.47B,1.19,$17.25B,$56.56B,0.31,$87.74B,$37.95B,43.25%,$87.74B,$20.45B,23.31%,$87.74B,$20.45B,23.31%,$87.74B,$26.00B,29.63%,$87.74B,$19.30B,22.00%,$87.74B,$13.14B,14.97%,$13.14B,$65.18B,23.06%,$13.14B,$64.87B,23.17%,$13.14B,$129.72B,11.45%,$20.45B,$82.42B,28.14%,$25324,$14858,$10466,$269,$2372,$20550,$4774,$-237,$4537,$1697,$2840,$3085,$2812,$6502,$4774,$4379,4379,$0.64,$0.64,$7254,$9231,$2131,$29140,$84282,$7926,$313,$4479,$100575,$129715,$24468,$17245,$4372,$40068,$64536,$12196,$41481,$2005,$65179,$129715,$13411,$5544,$2288,$7832,$-245,$-1619,$1709,$722,$1027,$22664,$-20978,$0,$-1551,$-1497,$0,$-1497,$0,$-24026,$-1979,$-6,$-1985,$0,$0,$-4003,$0,$-5988,$-5701,$0,$0
44,2007-09-30,30.53,$27.19,1.12,$18.62,1.64,$2.26,13.48,$2.99,10.21,$28.65B,$21.62B,1.33,$14.93B,$51.03B,0.29,$81.43B,$35.16B,43.17%,$81.43B,$19.28B,23.67%,$81.43B,$19.28B,23.67%,$81.43B,$24.15B,29.66%,$81.43B,$18.81B,23.10%,$81.43B,$13.11B,16.10%,$13.11B,$59.65B,25.33%,$13.11B,$59.39B,25.46%,$13.11B,$118.33B,12.26%,$19.28B,$74.57B,28.76%,$23447,$13478,$9969,$214,$1936,$17594,$5853,$-368,$5485,$1589,$3896,$3833,$3833,$7130,$5853,$4356,4356,$0.88,$0.88,$7688,$8277,$2409,$28652,$76041,$6313,$255,$4047,$89679,$118331,$21620,$14926,$2742,$37064,$58684,$12196,$39521,$-1459,$59647,$118331,$10326,$3816,$449,$4265,$-71,$-641,$452,$394,$160,$15919,$-14005,$0,$0,$-1695,$0,$-1695,$0,$-15700,$-2164,$-555,$-2719,$0,$0,$-3947,$0,$-6666,$-5267,$0,$0
45,2007-06-30,24.28,$24.97,0.97,$17.73,1.37,$3.15,7.71,$2.92,8.31,$29.18B,$20.34B,1.44,$14.84B,$46.15B,0.32,$77.79B,$33.40B,42.93%,$77.79B,$18.23B,23.43%,$77.79B,$18.23B,23.43%,$77.79B,$22.81B,29.32%,$77.79B,$18.10B,23.27%,$77.79B,$12.81B,16.46%,$12.81B,$54.77B,26.87%,$12.81B,$54.52B,27.01%,$12.81B,$109.60B,12.79%,$18.23B,$69.61B,29.02%,$20564,$10968,$9596,$216,$1393,$14729,$5835,$-312,$5523,$1174,$4349,$4334,$4334,$7217,$5835,$4422,4422,$0.98,$0.98,$9277,$7689,$2253,$29180,$69479,$4436,$251,$3601,$80424,$109604,$20336,$14838,$2590,$34501,$54837,$12196,$36966,$-3683,$54767,$109604,$6493,$2539,$517,$3056,$-299,$-276,$489,$1677,$1129,$10678,$-8867,$0,$0,$0,$-365,$-365,$196,$-9036,$-2044,$-256,$-2300,$0,$0,$-3920,$0,$-6220,$-3681,$0,$-3846
46,2007-03-31,19.79,$11.01,1.8,$17.01,1.16,$4.82,4.1,$2.69,7.36,$28.47B,$18.93B,1.5,$15.74B,$40.60B,0.39,$74.53B,$31.98B,42.90%,$74.53B,$18.02B,24.17%,$74.53B,$18.02B,24.17%,$74.53B,$22.04B,29.57%,$74.53B,$17.80B,23.88%,$74.53B,$11.82B,15.86%,$11.82B,$48.32B,26.60%,$11.82B,$48.07B,26.75%,$11.82B,$101.17B,12.51%,$18.02B,$64.06B,30.26%,$18400,$10485,$7915,$182,$1539,$14411,$3989,$-235,$3754,$1428,$2326,$2159,$2159,$5146,$3989,$4318,4318,$0.50,$0.50,$10049,$6304,$2143,$28470,$62829,$3945,$246,$3154,$72704,$101174,$18933,$15737,$2299,$33922,$52855,$10959,$36397,$-6936,$48319,$101174,$2159,$1157,$732,$1889,$-395,$215,$-808,$226,$-865,$3463,$-3674,$0,$0,$0,$0,$0,$129,$-3545,$-611,$158,$-453,$0,$0,$-2825,$0,$-3278,$-3021,$0,$0
47,2006-12-31,20.17,$0.00,0.0,$16.44,1.23,$5.39,3.74,$2.92,6.91,$30.96B,$21.98B,1.41,$15.53B,$36.58B,0.42,$72.35B,$32.16B,44.46%,$72.35B,$19.84B,27.43%,$72.35B,$19.84B,27.43%,$72.35B,$23.52B,32.51%,$72.35B,$19.16B,26.48%,$72.35B,$12.83B,17.73%,$12.83B,$44.30B,30.56%,$12.83B,$44.06B,30.74%,$12.83B,$98.68B,14.17%,$19.84B,$59.83B,34.84%,$19020,$11343,$7677,$218,$2065,$15421,$3599,$449,$4048,$1042,$3006,$2786,$2786,$4656,$3599,$4392,4392,$0.64,$0.64,$13034,$6573,$1791,$30955,$58897,$3835,$243,$2746,$67725,$98680,$21976,$15526,$2109,$32405,$54381,$10959,$34245,$-8797,$44299,$98680,$12826,$3673,$2709,$6382,$386,$-533,$1385,$697,$1612,$21077,$-14643,$0,$0,$-38,$0,$-38,$0,$-14681,$-1369,$228,$-1141,$0,$0,$-3213,$0,$-4354,$2817,$0,$0
