,Date,Stock Price,Book Value per Share,Price to Book Ratio,TTM Sales per Share,Price to Sales Ratio,TTM FCF per Share,Price to FCF Ratio,TTM Net EPS,PE Ratio,Current Assets,Current Liabilities,Current Ratio,Long Term Debt,Shareholder's Equity_x,Debt to Equity Ratio,TTM Revenue_x,TTM Gross Profit,Gross Margin,TTM Revenue_y,TTM Operating Income,Operating Margin,TTM Revenue_x,TTM EBIT,EBIT Margin,TTM Revenue_y,TTM EBITDA,EBITDA Margin,TTM Revenue_x,TTM Pre-Tax Income,Pre-Tax Margin,TTM Revenue_y,TTM Net Income_x,Net Margin,TTM Net Income_y,Shareholder's Equity_y,Return on Equity,TTM Net Income_x,Tangible Equity,Return on Tangible Equity,TTM Net Income_y,Total Assets,Return on Assets,TTM Net Income,LT Investments & Debt,Return on Investment,revenue,cost-goods-sold,gross-profit,research-development-expenses,selling-general-administrative-expenses,operating-expenses,operating-income,total-non-operating-income-expense,pre-tax-income,total-provision-income-taxes,income-after-taxes,income-from-continuous-operations,net-income,ebitda,ebit,basic-shares-outstanding,shares-outstanding,eps-basic-net-earnings-per-share,eps-earnings-per-share-diluted,cash-on-hand,inventory,other-current-assets,total-current-assets,net-property-plant-equipment,long-term-investments,goodwill-intangible-assets-total,other-long-term-assets,total-long-term-assets,total-assets,total-current-liabilities,long-term-debt,other-non-current-liabilities,total-long-term-liabilities,total-liabilities,common-stock-net,retained-earnings-accumulated-deficit,comprehensive-income,total-share-holder-equity,total-liabilities-share-holders-equity,net-income-loss,total-depreciation-amortization-cash-flow,other-non-cash-items,total-non-cash-items,change-in-accounts-receivable,change-in-inventories,change-in-accounts-payable,change-in-assets-liabilities,total-change-in-assets-liabilities,cash-flow-from-operating-activities,net-change-in-property-plant-equipment,net-change-in-intangible-assets,net-acquisitions-divestitures,net-change-in-short-term-investments,net-change-in-long-term-investments,net-change-in-investments-total,investing-activities-other,cash-flow-from-investing-activities,net-long-term-debt,net-current-debt,debt-issuance-retirement-net-total,net-common-equity-issued-repurchased,net-total-equity-issued-repurchased,total-common-preferred-stock-dividends-paid,financial-activities-other,cash-flow-from-financial-activities,net-cash-flow,stock-based-compensation,common-stock-dividends-paid
0,2018-09-30,7.96,$0.01,765.38,$0.69,11.59,0.0,0.0,$0.51,15.61,$0.00B,$0.00B,1.0,$0.00B,$0.00B,0.0,$0.03B,$0.03B,100.00%,$0.03B,$0.03B,93.75%,$0.03B,$0.03B,93.75%,$0.03B,$0.03B,93.75%,$0.03B,$0.03B,93.75%,$0.03B,$0.03B,93.75%,$0.03B,$0.00B,6000.00%,$0.03B,$0.00B,6000.00%,$0.03B,$0.00B,705.88%,$0.03B,$0.00B,6000.00%,$7,$0,$7,$0,$0,$0,$7,$0,$7,$0,$7,$7,$7,$7,$7,$47,47,$0.15,$0.15,$4,$0,$0,$4,$0,$0,$0,$0,$0,$4,$4,$0,$0,$0,$4,$0,$0,$0,$0,$4,$0,$0,$0,$0,$0,$0,$0,$0,$0,$0,$0,$0,$0,$0,$0,$0,$0,$0,$0,$0,$0,$0,$0,$0,$0,$0,$0,$0,$0
1,2018-06-30,9.27,$0.01,874.76,$0.66,14.0,0.0,0.0,$0.64,14.49,$0.00B,$0.00B,1.0,$0.00B,$0.00B,0.0,$0.03B,$0.03B,100.00%,$0.03B,$0.03B,93.55%,$0.03B,$0.03B,93.55%,$0.03B,$0.03B,93.55%,$0.03B,$0.03B,93.55%,$0.03B,$0.03B,93.55%,$0.03B,$0.00B,3866.67%,$0.03B,$0.00B,3866.67%,$0.03B,$0.00B,725.00%,$0.03B,$0.00B,3866.67%,$8,$0,$8,$0,$1,$1,$7,$0,$7,$0,$7,$7,$7,$7,$7,$47,47,$0.15,$0.15,$3,$0,$0,$3,$0,$0,$0,$0,$0,$4,$3,$0,$0,$0,$3,$0,$0,$0,$0,$4,$0,$0,$0,$0,$0,$0,$0,$0,$0,$0,$0,$0,$0,$0,$0,$0,$0,$0,$0,$0,$0,$0,$0,$0,$0,$0,$0,$0,$0
2,2018-03-31,9.44,$0.01,866.35,$0.66,14.32,0.0,0.0,$0.64,14.76,$0.01B,$0.01B,1.0,$0.00B,$0.00B,0.0,$0.03B,$0.03B,100.00%,$0.03B,$0.03B,96.67%,$0.03B,$0.03B,96.67%,$0.03B,$0.03B,96.67%,$0.03B,$0.03B,96.67%,$0.03B,$0.03B,96.67%,$0.03B,$0.00B,2900.00%,$0.03B,$0.00B,2900.00%,$0.03B,$0.01B,725.00%,$0.03B,$0.00B,2900.00%,$10,$0,$10,$0,$0,$0,$9,$0,$9,$0,$9,$9,$9,$9,$9,$47,47,$0.20,$0.20,$5,$0,$0,$5,$0,$0,$0,$1,$1,$5,$5,$0,$0,$0,$5,$0,$0,$0,$1,$5,$0,$0,$0,$0,$0,$0,$0,$0,$0,$0,$0,$0,$0,$0,$0,$0,$0,$0,$0,$0,$0,$0,$0,$0,$0,$0,$0,$0,$0
3,2017-12-31,8.5,$0.01,745.49,$0.66,12.96,0.0,0.0,$0.64,13.28,$0.00B,$0.00B,1.0,$0.00B,$0.00B,0.0,$0.03B,$0.03B,100.00%,$0.03B,$0.03B,96.67%,$0.03B,$0.03B,96.67%,$0.03B,$0.03B,96.67%,$0.03B,$0.03B,96.67%,$0.03B,$0.03B,96.67%,$0.03B,$0.00B,2900.00%,$0.03B,$0.00B,2900.00%,$0.03B,$0.00B,773.33%,$0.03B,$0.00B,2900.00%,$7,$0,$7,$0,$0,$0,$7,$0,$7,$0,$7,$7,$7,$7,$7,$47,47,$0.15,$0.15,$3,$0,$0,$3,$0,$0,$0,$1,$1,$4,$3,$0,$0,$0,$3,$0,$0,$0,$1,$4,$0,$0,$0,$0,$0,$0,$0,$0,$0,$0,$0,$0,$0,$0,$0,$0,$0,$0,$0,$0,$0,$0,$0,$0,$0,$0,$0,$0,$0
4,2017-09-30,8.2,$0.01,695.23,$0.65,12.53,0.0,0.0,$0.63,13.02,$0.00B,$0.00B,1.0,$0.00B,$0.00B,0.0,$0.03B,$0.03B,100.00%,$0.03B,$0.03B,96.67%,$0.03B,$0.03B,96.67%,$0.03B,$0.03B,96.67%,$0.03B,$0.03B,96.67%,$0.03B,$0.03B,96.67%,$0.03B,$0.00B,2900.00%,$0.03B,$0.00B,2900.00%,$0.03B,$0.00B,773.33%,$0.03B,$0.00B,2900.00%,$6,$0,$6,$0,$0,$0,$6,$0,$6,$0,$6,$6,$6,$6,$6,$47,47,$0.13,$0.13,$3,$0,$0,$3,$0,$0,$0,$1,$1,$3,$3,$0,$0,$0,$3,$0,$0,$0,$1,$3,$0,$0,$0,$0,$0,$0,$0,$0,$0,$0,$0,$0,$0,$0,$0,$0,$0,$0,$0,$0,$0,$0,$0,$0,$0,$0,$0,$0,$0
5,2017-06-30,8.08,$0.01,667.37,$0.66,12.16,0.0,0.0,$0.63,12.82,$0.00B,$0.00B,1.0,$0.00B,$0.00B,0.0,$0.03B,$0.03B,100.00%,$0.03B,$0.03B,93.55%,$0.03B,$0.03B,93.55%,$0.03B,$0.03B,93.55%,$0.03B,$0.03B,93.55%,$0.03B,$0.03B,93.55%,$0.03B,$0.00B,2900.00%,$0.03B,$0.00B,2900.00%,$0.03B,$0.00B,773.33%,$0.03B,$0.00B,2900.00%,$7,$0,$7,$0,$1,$1,$7,$0,$7,$0,$7,$7,$7,$7,$7,$47,47,$0.15,$0.15,$3,$0,$0,$3,$0,$0,$0,$1,$1,$4,$3,$0,$0,$0,$3,$0,$0,$0,$1,$4,$0,$0,$0,$0,$0,$0,$0,$0,$0,$0,$0,$0,$0,$0,$0,$0,$0,$0,$0,$0,$0,$0,$0,$0,$0,$0,$0,$0,$0
6,2017-03-31,8.54,$0.01,683.33,$0.60,14.28,0.0,0.0,$0.56,15.25,$0.00B,$0.00B,1.0,$0.00B,$0.00B,0.0,$0.03B,$0.03B,100.00%,$0.03B,$0.03B,92.86%,$0.03B,$0.03B,92.86%,$0.03B,$0.03B,92.86%,$0.03B,$0.03B,92.86%,$0.03B,$0.03B,92.86%,$0.03B,$0.00B,2600.00%,$0.03B,$0.00B,2600.00%,$0.03B,$0.00B,742.86%,$0.03B,$0.00B,2600.00%,$10,$0,$10,$0,$0,$0,$9,$0,$9,$0,$9,$9,$9,$9,$9,$47,47,$0.20,$0.20,$3,$0,$0,$3,$0,$0,$0,$1,$1,$4,$3,$0,$0,$0,$3,$0,$0,$0,$1,$4,$0,$0,$0,$0,$0,$0,$0,$0,$0,$0,$0,$0,$0,$0,$0,$0,$0,$0,$0,$0,$0,$0,$0,$0,$0,$0,$0,$0,$0
7,2016-12-31,6.9,$0.01,534.57,$0.45,15.24,0.0,0.0,$0.41,16.82,$0.00B,$0.00B,1.0,$0.00B,$0.00B,0.0,$0.02B,$0.02B,100.00%,$0.02B,$0.02B,90.48%,$0.02B,$0.02B,90.48%,$0.02B,$0.02B,90.48%,$0.02B,$0.02B,90.48%,$0.02B,$0.02B,90.48%,$0.02B,$0.00B,1900.00%,$0.02B,$0.00B,1900.00%,$0.02B,$0.00B,633.33%,$0.02B,$0.00B,1900.00%,$7,$0,$7,$0,$0,$0,$7,$0,$7,$0,$7,$7,$7,$7,$7,$47,47,$0.16,$0.16,$4,$0,$0,$4,$0,$0,$0,$1,$1,$4,$4,$0,$0,$0,$4,$0,$0,$0,$1,$4,$0,$0,$0,$0,$0,$0,$0,$0,$0,$0,$0,$0,$0,$0,$0,$0,$0,$0,$0,$0,$0,$0,$0,$0,$0,$0,$0,$0,$0
8,2016-09-30,6.11,$0.01,442.46,$0.36,16.87,0.0,0.0,$0.32,19.08,$0.00B,$0.00B,1.0,$0.00B,$0.00B,0.0,$0.02B,$0.02B,100.00%,$0.02B,$0.02B,88.24%,$0.02B,$0.02B,88.24%,$0.02B,$0.02B,88.24%,$0.02B,$0.02B,88.24%,$0.02B,$0.02B,88.24%,$0.02B,$0.00B,1500.00%,$0.02B,$0.00B,1500.00%,$0.02B,$0.00B,600.00%,$0.02B,$0.00B,1500.00%,$7,$0,$7,$0,$0,$0,$6,$0,$6,$0,$6,$6,$6,$6,$6,$47,47,$0.13,$0.13,$2,$0,$0,$2,$0,$0,$0,$1,$1,$3,$2,$0,$0,$0,$2,$0,$0,$0,$1,$3,$0,$0,$0,$0,$0,$0,$0,$0,$0,$0,$0,$0,$0,$0,$0,$0,$0,$0,$0,$0,$0,$0,$0,$0,$0,$0,$0,$0,$0
9,2016-06-30,6.3,$0.01,446.87,$0.35,18.14,0.0,0.0,$0.31,20.33,$0.00B,$0.00B,1.0,$0.00B,$0.00B,0.0,$0.02B,$0.02B,100.00%,$0.02B,$0.01B,87.50%,$0.02B,$0.01B,87.50%,$0.02B,$0.01B,87.50%,$0.02B,$0.01B,87.50%,$0.02B,$0.01B,87.50%,$0.01B,$0.00B,1400.00%,$0.01B,$0.00B,1400.00%,$0.01B,$0.00B,622.22%,$0.01B,$0.00B,1400.00%,$4,$0,$4,$0,$1,$1,$4,$0,$4,$0,$4,$4,$4,$4,$4,$47,47,$0.08,$0.08,$2,$0,$0,$2,$0,$0,$0,$1,$1,$3,$2,$0,$0,$0,$2,$0,$0,$0,$1,$3,$0,$0,$0,$0,$0,$0,$0,$0,$0,$0,$0,$0,$0,$0,$0,$0,$0,$0,$0,$0,$0,$0,$0,$0,$0,$0,$0,$0,$0
10,2016-03-31,5.24,$0.01,363.67,$0.34,15.32,0.0,0.0,$0.31,16.89,$0.00B,$0.00B,1.0,$0.00B,$0.00B,0.0,$0.02B,$0.02B,100.00%,$0.02B,$0.01B,87.50%,$0.02B,$0.01B,87.50%,$0.02B,$0.01B,87.50%,$0.02B,$0.01B,87.50%,$0.02B,$0.01B,87.50%,$0.01B,$0.00B,1400.00%,$0.01B,$0.00B,1400.00%,$0.01B,$0.00B,700.00%,$0.01B,$0.00B,1400.00%,$3,$0,$3,$0,$0,$0,$2,$0,$2,$0,$2,$2,$2,$2,$2,$47,47,$0.05,$0.05,$1,$0,$0,$1,$0,$0,$0,$1,$1,$2,$1,$0,$0,$0,$1,$0,$0,$0,$1,$2,$0,$0,$0,$0,$0,$0,$0,$0,$0,$0,$0,$0,$0,$0,$0,$0,$0,$0,$0,$0,$0,$0,$0,$0,$0,$0,$0,$0,$0
11,2015-12-31,4.26,$0.01,291.96,$0.38,11.16,0.0,0.0,$0.35,12.18,$0.00B,$0.00B,1.0,$0.00B,$0.00B,0.0,$0.02B,$0.02B,100.00%,$0.02B,$0.02B,88.89%,$0.02B,$0.02B,88.89%,$0.02B,$0.02B,88.89%,$0.02B,$0.02B,88.89%,$0.02B,$0.02B,88.89%,$0.02B,$0.00B,1600.00%,$0.02B,$0.00B,1600.00%,$0.02B,$0.00B,800.00%,$0.02B,$0.00B,1600.00%,$3,$0,$3,$0,$0,$0,$3,$0,$3,$0,$3,$3,$3,$3,$3,$47,47,$0.05,$0.05,$1,$0,$0,$1,$0,$0,$0,$1,$1,$2,$1,$0,$0,$0,$1,$0,$0,$0,$1,$2,$0,$0,$0,$0,$0,$0,$0,$0,$0,$0,$0,$0,$0,$0,$0,$0,$0,$0,$0,$0,$0,$0,$0,$0,$0,$0,$0,$0,$0
12,2015-09-30,5.09,$0.01,344.16,$0.46,10.96,0.0,0.0,$0.44,11.58,$0.00B,$0.00B,1.0,$0.00B,$0.00B,0.0,$0.02B,$0.02B,100.00%,$0.02B,$0.02B,90.91%,$0.02B,$0.02B,90.91%,$0.02B,$0.02B,90.91%,$0.02B,$0.02B,90.91%,$0.02B,$0.02B,90.91%,$0.02B,$0.00B,2000.00%,$0.02B,$0.00B,2000.00%,$0.02B,$0.00B,888.89%,$0.02B,$0.00B,2000.00%,$6,$0,$6,$0,$0,$0,$5,$0,$5,$0,$5,$5,$5,$5,$5,$47,47,$0.12,$0.12,$1,$0,$0,$1,$0,$0,$0,$1,$1,$2,$1,$0,$0,$0,$1,$0,$0,$0,$1,$2,$0,$0,$0,$0,$0,$0,$0,$0,$0,$0,$0,$0,$0,$0,$0,$0,$0,$0,$0,$0,$0,$0,$0,$0,$0,$0,$0,$0,$0
13,2015-06-30,6.6,$0.02,437.29,$0.67,9.92,0.0,0.0,$0.64,10.32,$0.00B,$0.00B,1.0,$0.00B,$0.00B,0.0,$0.03B,$0.03B,100.00%,$0.03B,$0.03B,96.77%,$0.03B,$0.03B,96.77%,$0.03B,$0.03B,96.77%,$0.03B,$0.03B,96.77%,$0.03B,$0.03B,96.77%,$0.03B,$0.00B,3000.00%,$0.03B,$0.00B,3000.00%,$0.03B,$0.00B,1000.00%,$0.03B,$0.00B,3000.00%,$4,$0,$4,$0,$1,$1,$4,$0,$4,$0,$4,$4,$4,$4,$4,$47,47,$0.08,$0.08,$2,$0,$0,$2,$0,$0,$0,$1,$1,$2,$2,$0,$0,$0,$2,$0,$0,$0,$1,$2,$0,$0,$0,$0,$0,$0,$0,$0,$0,$0,$0,$0,$0,$0,$0,$0,$0,$0,$0,$0,$0,$0,$0,$0,$0,$0,$0,$0,$0
14,2015-03-31,6.57,$0.02,429.38,$0.89,7.38,0.0,0.0,$0.86,7.64,$0.00B,$0.00B,1.0,$0.00B,$0.00B,0.0,$0.04B,$0.04B,100.00%,$0.04B,$0.04B,95.24%,$0.04B,$0.04B,95.24%,$0.04B,$0.04B,95.24%,$0.04B,$0.04B,95.24%,$0.04B,$0.04B,95.24%,$0.04B,$0.00B,4000.00%,$0.04B,$0.00B,4000.00%,$0.04B,$0.00B,1066.67%,$0.04B,$0.00B,4000.00%,$5,$0,$5,$0,$0,$0,$4,$0,$4,$0,$4,$4,$4,$4,$4,$47,47,$0.09,$0.09,$1,$0,$0,$1,$0,$0,$0,$1,$1,$2,$1,$0,$0,$0,$1,$0,$0,$0,$1,$2,$0,$0,$0,$0,$0,$0,$0,$0,$0,$0,$0,$0,$0,$0,$0,$0,$0,$0,$0,$0,$0,$0,$0,$0,$0,$0,$0,$0,$0
15,2014-12-31,7.68,$0.02,495.51,$1.05,7.3,0.0,0.0,$1.02,7.53,$0.00B,$0.00B,1.0,$0.00B,$0.00B,0.0,$0.05B,$0.05B,100.00%,$0.05B,$0.05B,97.96%,$0.05B,$0.05B,97.96%,$0.05B,$0.05B,97.96%,$0.05B,$0.05B,97.96%,$0.05B,$0.05B,97.96%,$0.05B,$0.00B,4800.00%,$0.05B,$0.00B,4800.00%,$0.05B,$0.00B,1010.53%,$0.05B,$0.00B,4800.00%,$7,$0,$7,$0,$0,$0,$7,$0,$7,$0,$7,$7,$7,$7,$7,$47,47,$0.15,$0.15,$2,$0,$0,$2,$0,$0,$0,$1,$1,$3,$2,$0,$0,$0,$2,$0,$0,$0,$1,$3,$0,$0,$0,$0,$0,$0,$0,$0,$0,$0,$0,$0,$0,$0,$0,$0,$0,$0,$0,$0,$0,$0,$0,$0,$0,$0,$0,$0,$0
16,2014-09-30,10.78,$0.02,690.73,$1.14,9.49,0.0,0.0,$1.10,9.8,$0.00B,$0.00B,1.0,$0.00B,$0.00B,0.0,$0.05B,$0.05B,100.00%,$0.05B,$0.05B,98.11%,$0.05B,$0.05B,98.11%,$0.05B,$0.05B,98.11%,$0.05B,$0.05B,98.11%,$0.05B,$0.05B,98.11%,$0.05B,$0.00B,5200.00%,$0.05B,$0.00B,5200.00%,$0.05B,$0.01B,1040.00%,$0.05B,$0.00B,5200.00%,$15,$0,$15,$0,$0,$0,$15,$0,$15,$0,$15,$15,$15,$15,$15,$47,47,$0.32,$0.32,$4,$0,$0,$4,$0,$0,$0,$1,$1,$5,$4,$0,$0,$0,$4,$0,$0,$0,$1,$5,$0,$0,$0,$0,$0,$0,$0,$0,$0,$0,$0,$0,$0,$0,$0,$0,$0,$0,$0,$0,$0,$0,$0,$0,$0,$0,$0,$0,$0
17,2014-06-30,11.05,$0.02,690.61,$1.08,10.24,0.0,0.0,$1.05,10.52,$0.01B,$0.01B,1.0,$0.00B,$0.00B,0.0,$0.05B,$0.05B,100.00%,$0.05B,$0.05B,96.08%,$0.05B,$0.05B,96.08%,$0.05B,$0.05B,96.08%,$0.05B,$0.05B,96.08%,$0.05B,$0.05B,96.08%,$0.05B,$0.00B,4900.00%,$0.05B,$0.00B,4900.00%,$0.05B,$0.01B,933.33%,$0.05B,$0.00B,4900.00%,$15,$0,$15,$0,$0,$0,$14,$0,$14,$0,$14,$14,$14,$14,$14,$47,47,$0.30,$0.30,$5,$0,$0,$5,$0,$0,$0,$1,$1,$5,$5,$0,$0,$0,$5,$0,$0,$0,$1,$5,$0,$0,$0,$0,$0,$0,$0,$0,$0,$0,$0,$0,$0,$0,$0,$0,$0,$0,$0,$0,$0,$0,$0,$0,$0,$0,$0,$0,$0
18,2014-03-31,10.02,$0.02,610.91,$1.01,9.97,0.0,0.0,$0.98,10.22,$0.01B,$0.01B,1.0,$0.00B,$0.00B,0.0,$0.05B,$0.05B,100.00%,$0.05B,$0.05B,97.87%,$0.05B,$0.05B,97.87%,$0.05B,$0.05B,97.87%,$0.05B,$0.05B,97.87%,$0.05B,$0.05B,97.87%,$0.05B,$0.00B,4600.00%,$0.05B,$0.00B,4600.00%,$0.05B,$0.01B,920.00%,$0.05B,$0.00B,4600.00%,$12,$0,$12,$0,$0,$0,$12,$0,$12,$0,$12,$12,$12,$12,$12,$47,47,$0.25,$0.25,$5,$0,$0,$5,$0,$0,$0,$1,$1,$6,$5,$0,$0,$0,$5,$0,$0,$0,$1,$6,$0,$0,$0,$0,$0,$0,$0,$0,$0,$0,$0,$0,$0,$0,$0,$0,$0,$0,$0,$0,$0,$0,$0,$0,$0,$0,$0,$0,$0
19,2013-12-31,9.58,$0.02,570.0,$0.90,10.69,0.0,0.0,$0.87,11.01,$0.00B,$0.00B,1.0,$0.00B,$0.00B,0.0,$0.04B,$0.04B,100.00%,$0.04B,$0.04B,97.62%,$0.04B,$0.04B,97.62%,$0.04B,$0.04B,97.62%,$0.04B,$0.04B,97.62%,$0.04B,$0.04B,97.62%,$0.04B,$0.00B,4100.00%,$0.04B,$0.00B,4100.00%,$0.04B,$0.00B,911.11%,$0.04B,$0.00B,4100.00%,$11,$0,$11,$0,$0,$0,$11,$0,$11,$0,$11,$11,$11,$11,$11,$47,47,$0.23,$0.23,$3,$0,$0,$3,$0,$0,$0,$1,$1,$4,$3,$0,$0,$0,$3,$0,$0,$0,$1,$4,$0,$0,$0,$0,$0,$0,$0,$0,$0,$0,$0,$0,$0,$0,$0,$0,$0,$0,$0,$0,$0,$0,$0,$0,$0,$0,$0,$0,$0
20,2013-09-30,10.44,$0.02,614.2,$0.86,12.09,0.0,0.0,$0.84,12.43,$0.01B,$0.01B,1.0,$0.00B,$0.00B,0.0,$0.04B,$0.04B,100.00%,$0.04B,$0.04B,97.50%,$0.04B,$0.04B,97.50%,$0.04B,$0.04B,97.50%,$0.04B,$0.04B,97.50%,$0.04B,$0.04B,97.50%,$0.04B,$0.00B,3900.00%,$0.04B,$0.00B,3900.00%,$0.04B,$0.01B,917.65%,$0.04B,$0.00B,3900.00%,$13,$0,$13,$0,$0,$0,$12,$0,$12,$0,$12,$12,$12,$12,$12,$47,47,$0.27,$0.27,$5,$0,$0,$5,$0,$0,$0,$1,$1,$6,$5,$0,$0,$0,$5,$0,$0,$0,$1,$6,$0,$0,$0,$0,$0,$0,$0,$0,$0,$0,$0,$0,$0,$0,$0,$0,$0,$0,$0,$0,$0,$0,$0,$0,$0,$0,$0,$0,$0
21,2013-06-30,9.55,$0.02,552.1,$0.79,12.12,0.0,0.0,$0.76,12.57,$0.00B,$0.00B,1.0,$0.00B,$0.00B,0.0,$0.04B,$0.04B,100.00%,$0.04B,$0.04B,100.00%,$0.04B,$0.04B,100.00%,$0.04B,$0.04B,100.00%,$0.04B,$0.04B,100.00%,$0.04B,$0.04B,100.00%,$0.04B,$0.00B,3600.00%,$0.04B,$0.00B,3600.00%,$0.04B,$0.00B,960.00%,$0.04B,$0.00B,3600.00%,$11,$0,$11,$0,$1,$1,$11,$0,$11,$0,$11,$11,$11,$11,$11,$47,47,$0.23,$0.23,$4,$0,$0,$4,$0,$0,$0,$1,$1,$4,$4,$0,$0,$0,$4,$0,$0,$0,$1,$4,$0,$0,$0,$0,$0,$0,$0,$0,$0,$0,$0,$0,$0,$0,$0,$0,$0,$0,$0,$0,$0,$0,$0,$0,$0,$0,$0,$0,$0
22,2013-03-31,8.79,$0.02,502.51,$0.90,9.82,0.0,0.0,$0.87,10.11,$0.00B,$0.00B,1.0,$0.00B,$0.00B,0.0,$0.04B,$0.04B,100.00%,$0.04B,$0.04B,100.00%,$0.04B,$0.04B,100.00%,$0.04B,$0.04B,100.00%,$0.04B,$0.04B,100.00%,$0.04B,$0.04B,100.00%,$0.04B,$0.00B,4100.00%,$0.04B,$0.00B,4100.00%,$0.04B,$0.00B,1025.00%,$0.04B,$0.00B,4100.00%,$7,$0,$7,$0,$0,$0,$7,$0,$7,$0,$7,$7,$7,$7,$7,$47,47,$0.14,$0.14,$3,$0,$0,$3,$0,$0,$0,$1,$1,$4,$3,$0,$0,$0,$3,$0,$0,$0,$1,$4,$0,$0,$0,$0,$0,$0,$0,$0,$0,$0,$0,$0,$0,$0,$0,$0,$0,$0,$0,$0,$0,$0,$0,$0,$0,$0,$0,$0,$0
23,2012-12-31,8.57,$0.02,483.93,$1.18,7.24,0.0,0.0,$1.16,7.38,$0.00B,$0.00B,1.0,$0.00B,$0.00B,0.0,$0.05B,$0.05B,100.00%,$0.05B,$0.05B,100.00%,$0.05B,$0.05B,100.00%,$0.05B,$0.05B,100.00%,$0.05B,$0.05B,100.00%,$0.05B,$0.05B,100.00%,$0.05B,$0.00B,5400.00%,$0.05B,$0.00B,5400.00%,$0.05B,$0.00B,1136.84%,$0.05B,$0.00B,5400.00%,$9,$0,$9,$0,$0,$0,$9,$0,$9,$0,$9,$9,$9,$9,$9,$47,47,$0.20,$0.20,$3,$0,$0,$3,$0,$0,$0,$1,$1,$3,$3,$0,$0,$0,$3,$0,$0,$0,$1,$3,$0,$0,$0,$0,$0,$0,$0,$0,$0,$0,$0,$0,$0,$0,$0,$0,$0,$0,$0,$0,$0,$0,$0,$0,$0,$0,$0,$0,$0
24,2012-09-30,10.56,$0.02,586.65,$1.29,8.18,0.0,0.0,$1.27,8.31,$0.00B,$0.00B,1.0,$0.00B,$0.00B,0.0,$0.06B,$0.06B,100.00%,$0.06B,$0.06B,98.33%,$0.06B,$0.06B,98.33%,$0.06B,$0.06B,98.33%,$0.06B,$0.06B,98.33%,$0.06B,$0.06B,98.33%,$0.06B,$0.00B,5900.00%,$0.06B,$0.00B,5900.00%,$0.06B,$0.00B,1072.73%,$0.06B,$0.00B,5900.00%,$9,$0,$9,$0,$0,$0,$9,$0,$9,$0,$9,$9,$9,$9,$9,$47,47,$0.19,$0.19,$3,$0,$0,$3,$0,$0,$0,$1,$1,$4,$3,$0,$0,$0,$3,$0,$0,$0,$1,$4,$0,$0,$0,$0,$0,$0,$0,$0,$0,$0,$0,$0,$0,$0,$0,$0,$0,$0,$0,$0,$0,$0,$0,$0,$0,$0,$0,$0,$0
25,2012-06-30,12.07,$0.02,659.49,$1.41,8.53,0.0,0.0,$1.40,8.62,$0.00B,$0.00B,1.0,$0.00B,$0.00B,0.0,$0.07B,$0.07B,100.00%,$0.07B,$0.07B,98.48%,$0.07B,$0.07B,98.48%,$0.07B,$0.07B,98.48%,$0.07B,$0.07B,98.48%,$0.07B,$0.07B,98.48%,$0.07B,$0.00B,6500.00%,$0.07B,$0.00B,6500.00%,$0.07B,$0.01B,1238.10%,$0.07B,$0.00B,6500.00%,$16,$0,$16,$0,$0,$0,$16,$0,$16,$0,$16,$16,$16,$16,$16,$47,47,$0.34,$0.34,$4,$0,$0,$4,$0,$0,$0,$1,$1,$5,$4,$0,$0,$0,$4,$0,$0,$0,$1,$5,$0,$0,$0,$0,$0,$0,$0,$0,$0,$0,$0,$0,$0,$0,$0,$0,$0,$0,$0,$0,$0,$0,$0,$0,$0,$0,$0,$0,$0
26,2012-03-31,15.29,$0.02,817.67,$1.46,10.45,0.0,0.0,$1.44,10.62,$0.01B,$0.01B,1.0,$0.00B,$0.00B,0.0,$0.07B,$0.07B,100.00%,$0.07B,$0.07B,98.53%,$0.07B,$0.07B,98.53%,$0.07B,$0.07B,98.53%,$0.07B,$0.07B,98.53%,$0.07B,$0.07B,98.53%,$0.07B,$0.00B,6700.00%,$0.07B,$0.00B,6700.00%,$0.07B,$0.01B,1116.67%,$0.07B,$0.00B,6700.00%,$20,$0,$20,$0,$0,$0,$20,$0,$20,$0,$20,$20,$20,$20,$20,$47,47,$0.43,$0.43,$7,$0,$0,$7,$0,$0,$0,$1,$1,$7,$7,$0,$0,$0,$7,$0,$0,$0,$1,$7,$0,$0,$0,$0,$0,$0,$0,$0,$0,$0,$0,$0,$0,$0,$0,$0,$0,$0,$0,$0,$0,$0,$0,$0,$0,$0,$0,$0,$0
27,2011-12-31,13.36,$0.02,699.28,$1.39,9.64,0.0,0.0,$1.36,9.82,$0.01B,$0.01B,1.0,$0.00B,$0.00B,0.0,$0.07B,$0.07B,100.00%,$0.07B,$0.06B,96.92%,$0.07B,$0.06B,96.92%,$0.07B,$0.06B,96.92%,$0.07B,$0.06B,96.92%,$0.07B,$0.06B,96.92%,$0.06B,$0.00B,6300.00%,$0.06B,$0.00B,6300.00%,$0.06B,$0.01B,1050.00%,$0.06B,$0.00B,6300.00%,$15,$0,$15,$0,$0,$0,$14,$0,$14,$0,$14,$14,$14,$14,$14,$47,47,$0.31,$0.31,$5,$0,$0,$5,$0,$0,$0,$1,$1,$6,$5,$0,$0,$0,$5,$0,$0,$0,$1,$6,$0,$0,$0,$0,$0,$0,$0,$0,$0,$0,$0,$0,$0,$0,$0,$0,$0,$0,$0,$0,$0,$0,$0,$0,$0,$0,$0,$0,$0
28,2011-09-30,13.21,$0.02,677.54,$1.38,9.57,0.0,0.0,$1.35,9.79,$0.00B,$0.00B,1.0,$0.00B,$0.00B,0.0,$0.06B,$0.06B,100.00%,$0.06B,$0.06B,98.44%,$0.06B,$0.06B,98.44%,$0.06B,$0.06B,98.44%,$0.06B,$0.06B,98.44%,$0.06B,$0.06B,98.44%,$0.06B,$0.00B,6300.00%,$0.06B,$0.00B,6300.00%,$0.06B,$0.00B,1050.00%,$0.06B,$0.00B,6300.00%,$15,$0,$15,$0,$0,$0,$15,$0,$15,$0,$15,$15,$15,$15,$15,$47,47,$0.32,$0.32,$2,$0,$0,$2,$0,$0,$0,$1,$1,$3,$2,$0,$0,$0,$2,$0,$0,$0,$1,$3,$0,$0,$0,$0,$0,$0,$0,$0,$0,$0,$0,$0,$0,$0,$0,$0,$0,$0,$0,$0,$0,$0,$0,$0,$0,$0,$0,$0,$0
29,2011-06-30,13.77,$0.02,692.19,$1.41,9.8,0.0,0.0,$1.37,10.05,$0.01B,$0.01B,1.0,$0.00B,$0.00B,0.0,$0.07B,$0.07B,100.00%,$0.07B,$0.06B,98.46%,$0.07B,$0.06B,98.46%,$0.07B,$0.06B,98.46%,$0.07B,$0.06B,98.46%,$0.07B,$0.06B,98.46%,$0.06B,$0.00B,6400.00%,$0.06B,$0.00B,6400.00%,$0.06B,$0.01B,948.15%,$0.06B,$0.00B,6400.00%,$18,$0,$18,$0,$1,$1,$18,$0,$18,$0,$18,$18,$18,$18,$18,$47,47,$0.38,$0.38,$7,$0,$0,$7,$0,$0,$0,$1,$1,$8,$7,$0,$0,$0,$7,$0,$0,$0,$1,$8,$0,$0,$0,$0,$0,$0,$0,$0,$0,$0,$0,$0,$0,$0,$0,$0,$0,$0,$0,$0,$0,$0,$0,$0,$0,$0,$0,$0,$0
30,2011-03-31,13.64,$0.02,668.81,$1.41,9.7,0.0,0.0,$1.38,9.89,$0.01B,$0.01B,1.0,$0.00B,$0.00B,0.0,$0.07B,$0.07B,100.00%,$0.07B,$0.06B,98.46%,$0.07B,$0.06B,98.46%,$0.07B,$0.06B,98.46%,$0.07B,$0.06B,98.46%,$0.07B,$0.06B,98.46%,$0.06B,$0.00B,6400.00%,$0.06B,$0.00B,6400.00%,$0.06B,$0.01B,984.62%,$0.06B,$0.00B,6400.00%,$17,$0,$17,$0,$0,$0,$16,$0,$16,$0,$16,$16,$16,$16,$16,$47,47,$0.35,$0.35,$6,$0,$0,$6,$0,$0,$0,$1,$1,$7,$6,$0,$0,$0,$6,$0,$0,$0,$1,$7,$0,$0,$0,$0,$0,$0,$0,$0,$0,$0,$0,$0,$0,$0,$0,$0,$0,$0,$0,$0,$0,$0,$0,$0,$0,$0,$0,$0,$0
31,2010-12-31,13.94,$0.02,670.08,$1.40,9.95,0.0,0.0,$1.38,10.1,$0.01B,$0.01B,1.0,$0.00B,$0.00B,0.0,$0.07B,$0.07B,100.00%,$0.07B,$0.06B,98.46%,$0.07B,$0.06B,98.46%,$0.07B,$0.06B,98.46%,$0.07B,$0.06B,98.46%,$0.07B,$0.06B,98.46%,$0.06B,$0.00B,6400.00%,$0.06B,$0.00B,6400.00%,$0.06B,$0.01B,984.62%,$0.06B,$0.00B,6400.00%,$14,$0,$14,$0,$0,$0,$14,$0,$14,$0,$14,$14,$14,$14,$14,$47,47,$0.30,$0.30,$5,$0,$0,$5,$0,$0,$0,$1,$1,$6,$5,$0,$0,$0,$5,$0,$0,$0,$1,$6,$0,$0,$0,$0,$0,$0,$0,$0,$0,$0,$0,$0,$0,$0,$0,$0,$0,$0,$0,$0,$0,$0,$0,$0,$0,$0,$0,$0,$0
32,2010-09-30,11.96,$0.02,559.02,$1.40,8.58,0.0,0.0,$1.89,6.33,$0.01B,$0.01B,1.0,$0.00B,$0.00B,0.0,$0.07B,$0.07B,100.00%,$0.07B,$0.06B,98.46%,$0.07B,$0.06B,98.46%,$0.07B,$0.06B,98.46%,$0.07B,$0.06B,98.46%,$0.07B,$0.06B,98.46%,$0.06B,$0.00B,6400.00%,$0.06B,$0.00B,6400.00%,$0.06B,$0.01B,948.15%,$0.06B,$0.00B,6400.00%,$16,$0,$16,$0,$0,$0,$16,$0,$16,$0,$16,$16,$16,$16,$16,$47,47,$0.34,$0.34,$5,$0,$0,$5,$0,$0,$0,$1,$1,$6,$5,$0,$0,$0,$5,$0,$0,$0,$1,$6,$0,$0,$0,$0,$0,$0,$0,$0,$0,$0,$0,$0,$0,$0,$0,$0,$0,$0,$0,$0,$0,$0,$0,$0,$0,$0,$0,$0,$0
33,2010-06-30,10.9,$0.02,495.41,$1.28,8.54,0.0,0.0,$1.77,6.16,$0.01B,$0.01B,1.0,$0.00B,$0.00B,0.0,$0.06B,$0.06B,100.00%,$0.06B,$0.06B,98.31%,$0.06B,$0.06B,98.31%,$0.06B,$0.06B,98.31%,$0.06B,$0.06B,98.31%,$0.06B,$0.06B,98.31%,$0.06B,$0.00B,5800.00%,$0.06B,$0.00B,5800.00%,$0.06B,$0.01B,928.00%,$0.06B,$0.00B,5800.00%,$18,$0,$18,$0,$0,$0,$18,$0,$18,$0,$18,$18,$18,$18,$18,$47,47,$0.39,$0.39,$6,$0,$0,$6,$0,$0,$0,$1,$1,$7,$6,$0,$0,$0,$6,$0,$0,$0,$1,$7,$0,$0,$0,$0,$0,$0,$0,$0,$0,$0,$0,$0,$0,$0,$0,$0,$0,$0,$0,$0,$0,$0,$0,$0,$0,$0,$0,$0,$0
34,2010-03-31,10.26,$0.02,453.92,$1.02,10.01,0.0,0.0,$1.51,6.79,$0.01B,$0.01B,1.0,$0.00B,$0.00B,0.0,$0.05B,$0.05B,100.00%,$0.05B,$0.05B,95.83%,$0.05B,$0.05B,95.83%,$0.05B,$0.05B,95.83%,$0.05B,$0.05B,95.83%,$0.05B,$0.05B,95.83%,$0.05B,$0.00B,4600.00%,$0.05B,$0.00B,4600.00%,$0.05B,$0.01B,876.19%,$0.05B,$0.00B,4600.00%,$17,$0,$17,$0,$0,$0,$16,$0,$16,$0,$16,$16,$16,$16,$16,$47,47,$0.35,$0.35,$6,$0,$0,$6,$0,$0,$0,$1,$1,$7,$6,$0,$0,$0,$6,$0,$0,$0,$1,$7,$0,$0,$0,$0,$0,$0,$0,$0,$0,$0,$0,$0,$0,$0,$0,$0,$0,$0,$0,$0,$0,$0,$0,$0,$0,$0,$0,$0,$0
35,2009-12-31,8.25,$0.02,355.59,$0.84,9.87,0.0,0.0,$1.32,6.25,$0.01B,$0.01B,1.0,$0.00B,$0.00B,0.0,$0.04B,$0.04B,100.00%,$0.04B,$0.04B,94.87%,$0.04B,$0.04B,94.87%,$0.04B,$0.04B,94.87%,$0.04B,$0.04B,94.87%,$0.04B,$0.04B,94.87%,$0.04B,$0.00B,3700.00%,$0.04B,$0.00B,3700.00%,$0.04B,$0.01B,870.59%,$0.04B,$0.00B,3700.00%,$14,$0,$14,$0,$0,$0,$14,$0,$14,$0,$14,$14,$14,$14,$14,$47,47,$0.30,$0.30,$5,$0,$0,$5,$0,$0,$0,$1,$1,$7,$5,$0,$0,$0,$5,$0,$0,$0,$1,$7,$0,$0,$0,$0,$0,$0,$0,$0,$0,$0,$0,$0,$0,$0,$0,$0,$0,$0,$0,$0,$0,$0,$0,$0,$0,$0,$0,$0,$0
36,2009-09-30,7.14,$0.02,301.23,$1.03,6.93,0.0,0.0,$1.00,7.14,$0.00B,$0.00B,1.0,$0.00B,$0.00B,0.0,$0.05B,$0.05B,100.00%,$0.05B,$0.05B,95.83%,$0.05B,$0.05B,95.83%,$0.05B,$0.05B,95.83%,$0.05B,$0.05B,95.83%,$0.05B,$0.05B,95.83%,$0.05B,$0.00B,4600.00%,$0.05B,$0.00B,4600.00%,$0.05B,$0.00B,1150.00%,$0.05B,$0.00B,4600.00%,$10,$0,$10,$0,$0,$0,$10,$0,$10,$0,$10,$10,$10,$10,$10,$47,47,$0.22,$0.22,$3,$0,$0,$3,$0,$0,$0,$1,$1,$4,$3,$0,$0,$0,$3,$0,$0,$0,$1,$4,$0,$0,$0,$0,$0,$0,$0,$0,$0,$0,$0,$0,$0,$0,$0,$0,$0,$0,$0,$0,$0,$0,$0,$0,$0,$0,$0,$0,$0
37,2009-06-30,5.96,$0.02,245.31,$1.57,3.8,0.0,0.0,$1.54,3.87,$0.00B,$0.00B,1.0,$0.00B,$0.00B,0.0,$0.07B,$0.07B,100.00%,$0.07B,$0.07B,95.95%,$0.07B,$0.07B,95.95%,$0.07B,$0.07B,95.95%,$0.07B,$0.07B,95.95%,$0.07B,$0.07B,95.95%,$0.07B,$0.00B,7100.00%,$0.07B,$0.00B,7100.00%,$0.07B,$0.00B,1136.00%,$0.07B,$0.00B,7100.00%,$7,$0,$7,$0,$0,$0,$6,$0,$6,$0,$6,$6,$6,$6,$6,$47,47,$0.13,$0.13,$2,$0,$0,$2,$0,$0,$0,$1,$1,$3,$2,$0,$0,$0,$2,$0,$0,$0,$1,$3,$0,$0,$0,$0,$0,$0,$0,$0,$0,$0,$0,$0,$0,$0,$0,$0,$0,$0,$0,$0,$0,$0,$0,$0,$0,$0,$0,$0,$0
38,2009-03-31,5.41,$0.02,219.11,$2.01,2.69,0.0,0.0,$1.99,2.72,$0.00B,$0.00B,1.0,$0.00B,$0.00B,0.0,$0.09B,$0.09B,100.00%,$0.09B,$0.09B,97.87%,$0.09B,$0.09B,97.87%,$0.09B,$0.09B,97.87%,$0.09B,$0.09B,97.87%,$0.09B,$0.09B,97.87%,$0.09B,$0.00B,9200.00%,$0.09B,$0.00B,9200.00%,$0.09B,$0.00B,1150.00%,$0.09B,$0.00B,9200.00%,$8,$0,$8,$0,$0,$0,$7,$0,$7,$0,$7,$7,$7,$7,$7,$47,47,$0.16,$0.16,$1,$0,$0,$1,$0,$0,$0,$1,$1,$3,$1,$0,$0,$0,$1,$0,$0,$0,$1,$3,$0,$0,$0,$0,$0,$0,$0,$0,$0,$0,$0,$0,$0,$0,$0,$0,$0,$0,$0,$0,$0,$0,$0,$0,$0,$0,$0,$0,$0
39,2008-12-31,7.31,$0.03,291.22,$2.41,3.03,0.0,0.0,$2.39,3.06,$0.01B,$0.01B,1.0,$0.00B,$0.00B,0.0,$0.11B,$0.11B,100.00%,$0.11B,$0.11B,99.11%,$0.11B,$0.11B,99.11%,$0.11B,$0.11B,99.11%,$0.11B,$0.11B,99.11%,$0.11B,$0.11B,99.11%,$0.11B,$0.00B,11100.00%,$0.11B,$0.00B,11100.00%,$0.11B,$0.01B,1138.46%,$0.11B,$0.00B,11100.00%,$23,$0,$23,$0,$0,$0,$23,$0,$23,$0,$23,$23,$23,$23,$23,$47,47,$0.49,$0.49,$5,$0,$0,$5,$0,$0,$0,$1,$1,$6,$5,$0,$0,$0,$5,$0,$0,$0,$1,$6,$0,$0,$0,$0,$0,$0,$0,$0,$0,$0,$0,$0,$0,$0,$0,$0,$0,$0,$0,$0,$0,$0,$0,$0,$0,$0,$0,$0,$0
40,2008-09-30,12.06,$0.03,469.27,$2.41,5.01,0.0,0.0,$2.39,5.05,$0.01B,$0.01B,1.0,$0.00B,$0.00B,0.0,$0.11B,$0.11B,100.00%,$0.11B,$0.11B,99.11%,$0.11B,$0.11B,99.11%,$0.11B,$0.11B,99.11%,$0.11B,$0.11B,99.11%,$0.11B,$0.11B,99.11%,$0.11B,$0.00B,11100.00%,$0.11B,$0.00B,11100.00%,$0.11B,$0.01B,1057.14%,$0.11B,$0.00B,11100.00%,$36,$0,$36,$0,$0,$0,$35,$0,$35,$0,$35,$35,$35,$35,$35,$47,47,$0.76,$0.76,$12,$0,$0,$12,$0,$0,$0,$1,$1,$13,$12,$0,$0,$0,$12,$0,$0,$0,$1,$13,$0,$0,$0,$0,$0,$0,$0,$0,$0,$0,$0,$0,$0,$0,$0,$0,$0,$0,$0,$0,$0,$0,$0,$0,$0,$0,$0,$0,$0
41,2008-06-30,13.27,$0.03,502.78,$2.03,6.53,0.0,0.0,$2.01,6.6,$0.01B,$0.01B,1.0,$0.00B,$0.00B,0.0,$0.09B,$0.09B,100.00%,$0.09B,$0.09B,100.00%,$0.09B,$0.09B,100.00%,$0.09B,$0.09B,100.00%,$0.09B,$0.09B,100.00%,$0.09B,$0.09B,100.00%,$0.09B,$0.00B,9400.00%,$0.09B,$0.00B,9400.00%,$0.09B,$0.01B,1016.22%,$0.09B,$0.00B,9400.00%,$27,$0,$27,$0,$0,$0,$27,$0,$27,$0,$27,$27,$27,$27,$27,$47,47,$0.58,$0.58,$9,$0,$0,$9,$0,$0,$0,$1,$1,$10,$9,$0,$0,$0,$9,$0,$0,$0,$1,$10,$0,$0,$0,$0,$0,$0,$0,$0,$0,$0,$0,$0,$0,$0,$0,$0,$0,$0,$0,$0,$0,$0,$0,$0,$0,$0,$0,$0,$0
42,2008-03-31,10.87,$0.03,402.5,$1.74,6.26,0.0,0.0,$1.71,6.36,$0.01B,$0.01B,1.0,$0.00B,$0.00B,0.0,$0.08B,$0.08B,100.00%,$0.08B,$0.08B,100.00%,$0.08B,$0.08B,100.00%,$0.08B,$0.08B,100.00%,$0.08B,$0.08B,100.00%,$0.08B,$0.08B,100.00%,$0.08B,$0.00B,8000.00%,$0.08B,$0.00B,8000.00%,$0.08B,$0.01B,969.70%,$0.08B,$0.00B,8000.00%,$26,$0,$26,$0,$0,$0,$26,$0,$26,$0,$26,$26,$26,$26,$26,$47,47,$0.56,$0.56,$9,$0,$0,$9,$0,$0,$0,$1,$1,$10,$9,$0,$0,$0,$9,$0,$0,$0,$1,$10,$0,$0,$0,$0,$0,$0,$0,$0,$0,$0,$0,$0,$0,$0,$0,$0,$0,$0,$0,$0,$0,$0,$0,$0,$0,$0,$0,$0,$0
43,2007-12-31,7.61,$0.03,273.89,$1.47,5.19,0.0,0.0,$1.44,5.29,$0.01B,$0.01B,1.0,$0.00B,$0.00B,0.0,$0.07B,$0.07B,100.00%,$0.07B,$0.07B,100.00%,$0.07B,$0.07B,100.00%,$0.07B,$0.07B,100.00%,$0.07B,$0.07B,100.00%,$0.07B,$0.07B,100.00%,$0.07B,$0.00B,6800.00%,$0.07B,$0.00B,6800.00%,$0.07B,$0.01B,937.93%,$0.07B,$0.00B,6800.00%,$23,$0,$23,$0,$0,$0,$23,$0,$23,$0,$23,$23,$23,$23,$23,$47,47,$0.50,$0.50,$8,$0,$0,$8,$0,$0,$0,$1,$1,$9,$8,$0,$0,$0,$8,$0,$0,$0,$1,$9,$0,$0,$0,$0,$0,$0,$0,$0,$0,$0,$0,$0,$0,$0,$0,$0,$0,$0,$0,$0,$0,$0,$0,$0,$0,$0,$0,$0,$0
44,2007-09-30,7.02,$0.03,244.56,$1.29,5.45,0.0,0.0,$1.26,5.57,$0.01B,$0.01B,1.0,$0.00B,$0.00B,0.0,$0.06B,$0.06B,100.00%,$0.06B,$0.06B,100.00%,$0.06B,$0.06B,100.00%,$0.06B,$0.06B,100.00%,$0.06B,$0.06B,100.00%,$0.06B,$0.06B,100.00%,$0.06B,$0.00B,6000.00%,$0.06B,$0.00B,6000.00%,$0.06B,$0.01B,888.89%,$0.06B,$0.00B,6000.00%,$18,$0,$18,$0,$0,$0,$18,$0,$18,$0,$18,$18,$18,$18,$18,$47,47,$0.38,$0.38,$7,$0,$0,$7,$0,$0,$0,$1,$1,$8,$7,$0,$0,$0,$7,$0,$0,$0,$1,$8,$0,$0,$0,$0,$0,$0,$0,$0,$0,$0,$0,$0,$0,$0,$0,$0,$0,$0,$0,$0,$0,$0,$0,$0,$0,$0,$0,$0,$0
45,2007-06-30,5.99,$0.03,203.72,$1.30,4.59,0.0,0.0,$1.28,4.68,$0.01B,$0.01B,1.0,$0.00B,$0.00B,0.0,$0.06B,$0.06B,100.00%,$0.06B,$0.06B,100.00%,$0.06B,$0.06B,100.00%,$0.06B,$0.06B,100.00%,$0.06B,$0.06B,100.00%,$0.06B,$0.06B,100.00%,$0.06B,$0.00B,6100.00%,$0.06B,$0.00B,6100.00%,$0.06B,$0.01B,903.70%,$0.06B,$0.00B,6100.00%,$13,$0,$13,$0,$0,$0,$13,$0,$13,$0,$13,$13,$13,$13,$13,$47,47,$0.28,$0.28,$5,$0,$0,$5,$0,$0,$0,$1,$1,$6,$5,$0,$0,$0,$5,$0,$0,$0,$1,$6,$0,$0,$0,$0,$0,$0,$0,$0,$0,$0,$0,$0,$0,$0,$0,$0,$0,$0,$0,$0,$0,$0,$0,$0,$0,$0,$0,$0,$0
46,2007-03-31,6.5,$0.03,215.96,$1.32,4.94,0.0,0.0,$1.30,5.0,$0.01B,$0.01B,1.0,$0.00B,$0.00B,0.0,$0.06B,$0.06B,100.00%,$0.06B,$0.06B,100.00%,$0.06B,$0.06B,100.00%,$0.06B,$0.06B,100.00%,$0.06B,$0.06B,100.00%,$0.06B,$0.06B,100.00%,$0.06B,$0.00B,4960.00%,$0.06B,$0.00B,4960.00%,$0.06B,$0.01B,918.52%,$0.06B,$0.00B,4960.00%,$14,$0,$14,$0,$0,$0,$14,$0,$14,$0,$14,$14,$14,$14,$14,$47,47,$0.29,$0.29,$5,$0,$0,$5,$0,$0,$0,$1,$1,$6,$5,$0,$0,$0,$5,$0,$0,$0,$1,$6,$0,$0,$0,$0,$0,$0,$0,$0,$0,$0,$0,$0,$0,$0,$0,$0,$0,$0,$0,$0,$0,$0,$0,$0,$0,$0,$0,$0,$0
47,2006-12-31,6.94,$0.03,224.66,$1.42,4.87,0.0,0.0,$1.41,4.92,$0.01B,$0.01B,1.0,$0.00B,$0.00B,0.0,$0.07B,$0.07B,100.00%,$0.07B,$0.07B,100.00%,$0.07B,$0.07B,100.00%,$0.07B,$0.07B,100.00%,$0.07B,$0.07B,100.00%,$0.07B,$0.07B,100.00%,$0.07B,$0.00B,4466.67%,$0.07B,$0.00B,4466.67%,$0.07B,$0.01B,924.14%,$0.07B,$0.00B,4466.67%,$15,$0,$15,$0,$0,$0,$15,$0,$15,$0,$15,$15,$15,$15,$15,$47,47,$0.31,$0.31,$5,$0,$0,$5,$0,$0,$0,$1,$1,$7,$5,$0,$0,$0,$5,$0,$0,$0,$1,$7,$0,$0,$0,$0,$0,$0,$0,$0,$0,$0,$0,$0,$0,$0,$0,$0,$0,$0,$0,$0,$0,$0,$0,$0,$0,$0,$0,$0,$0
