,Date,Stock Price,Book Value per Share,Price to Book Ratio,TTM Sales per Share,Price to Sales Ratio,TTM FCF per Share,Price to FCF Ratio,TTM Net EPS,PE Ratio,Current Assets,Current Liabilities,Current Ratio,Long Term Debt,Shareholder's Equity_x,Debt to Equity Ratio,TTM Revenue_x,TTM Gross Profit,Gross Margin,TTM Revenue_y,TTM Operating Income,Operating Margin,TTM Revenue_x,TTM EBIT,EBIT Margin,TTM Revenue_y,TTM EBITDA,EBITDA Margin,TTM Revenue_x,TTM Pre-Tax Income,Pre-Tax Margin,TTM Revenue_y,TTM Net Income_x,Net Margin,TTM Net Income_y,Shareholder's Equity_y,Return on Equity,TTM Net Income_x,Tangible Equity,Return on Tangible Equity,TTM Net Income_y,Total Assets,Return on Assets,TTM Net Income,LT Investments & Debt,Return on Investment,revenue,cost-goods-sold,gross-profit,research-development-expenses,selling-general-administrative-expenses,operating-expenses,operating-income,total-non-operating-income-expense,pre-tax-income,total-provision-income-taxes,income-after-taxes,income-from-continuous-operations,net-income,ebitda,ebit,basic-shares-outstanding,shares-outstanding,eps-basic-net-earnings-per-share,eps-earnings-per-share-diluted,cash-on-hand,inventory,other-current-assets,total-current-assets,net-property-plant-equipment,long-term-investments,goodwill-intangible-assets-total,other-long-term-assets,total-long-term-assets,total-assets,total-current-liabilities,long-term-debt,other-non-current-liabilities,total-long-term-liabilities,total-liabilities,common-stock-net,retained-earnings-accumulated-deficit,comprehensive-income,total-share-holder-equity,total-liabilities-share-holders-equity,net-income-loss,total-depreciation-amortization-cash-flow,other-non-cash-items,total-non-cash-items,change-in-accounts-receivable,change-in-inventories,change-in-accounts-payable,change-in-assets-liabilities,total-change-in-assets-liabilities,cash-flow-from-operating-activities,net-change-in-property-plant-equipment,net-change-in-intangible-assets,net-acquisitions-divestitures,net-change-in-short-term-investments,net-change-in-long-term-investments,net-change-in-investments-total,investing-activities-other,cash-flow-from-investing-activities,net-long-term-debt,net-current-debt,debt-issuance-retirement-net-total,net-common-equity-issued-repurchased,net-total-equity-issued-repurchased,total-common-preferred-stock-dividends-paid,financial-activities-other,cash-flow-from-financial-activities,net-cash-flow,stock-based-compensation,common-stock-dividends-paid
0,2015-10-31,15.04,$10.12,1.49,$38.36,0.39,$2.05,7.35,0.0,0.0,$0.80B,$0.61B,1.3,$0.19B,$0.55B,0.35,$2.08B,$0.48B,23.09%,$2.08B,$0.01B,0.43%,$2.08B,$0.01B,0.43%,$2.08B,$0.09B,4.33%,$2.08B,$-0.00B,-0.10%,$2.08B,$-0.01B,-0.43%,$-0.01B,$0.55B,-1.67%,$-0.01B,$0.52B,-1.78%,$-0.01B,$1.49B,-0.59%,$0.01B,$0.74B,1.22%,$508,$390,$118,$0,$119,$504,$4,$-3,$2,$0,$1,$1,$1,$18,$4,$54,55,$0.02,$0.02,$71,$631,$49,$797,$579,$0,$33,$34,$695,$1492,$614,$193,$42,$331,$945,$69,$408,$-1,$548,$1492,$18,$41,$12,$53,$20,$26,$-6,$-3,$10,$81,$-19,$0,$0,$0,$0,$0,$0,$-19,$-2,$-30,$-32,$3,$3,$0,$0,$-29,$33,$3,$0
1,2015-07-31,11.85,$10.09,1.17,$38.71,0.31,$0.10,116.4,0.0,0.0,$0.80B,$0.63B,1.28,$0.19B,$0.54B,0.35,$2.09B,$0.48B,22.98%,$2.09B,$0.01B,0.29%,$2.09B,$0.01B,0.29%,$2.09B,$0.09B,4.26%,$2.09B,$-0.01B,-0.29%,$2.09B,$-0.01B,-0.57%,$-0.01B,$0.54B,-2.23%,$-0.01B,$0.51B,-2.40%,$-0.01B,$1.51B,-0.78%,$0.01B,$0.74B,0.80%,$527,$399,$128,$0,$117,$516,$11,$-3,$8,$3,$5,$5,$5,$24,$11,$54,54,$0.09,$0.09,$62,$637,$53,$803,$588,$0,$33,$34,$704,$1507,$629,$193,$43,$333,$963,$69,$409,$-0,$544,$1507,$17,$28,$14,$42,$15,$20,$-9,$-2,$9,$67,$-20,$0,$0,$0,$0,$0,$0,$-20,$-1,$-24,$-25,$2,$2,$0,$0,$-23,$24,$2,$0
2,2015-04-30,9.16,$9.99,0.92,$38.86,0.24,$-1.20,0.0,0.0,0.0,$0.80B,$0.65B,1.25,$0.19B,$0.54B,0.36,$2.09B,$0.48B,22.80%,$2.09B,$-0.00B,-0.10%,$2.09B,$-0.00B,-0.10%,$2.09B,$0.08B,4.02%,$2.09B,$-0.01B,-0.62%,$2.09B,$-0.02B,-0.81%,$-0.02B,$0.54B,-3.15%,$-0.02B,$0.51B,-3.43%,$-0.02B,$1.52B,-1.09%,$-0.00B,$0.73B,-0.27%,$542,$408,$134,$0,$121,$519,$23,$-3,$20,$8,$12,$12,$12,$37,$23,$54,54,$0.22,$0.22,$42,$651,$55,$804,$598,$0,$33,$35,$717,$1521,$645,$194,$44,$338,$983,$69,$404,$-0,$538,$1521,$12,$14,$9,$24,$7,$5,$5,$-1,$-1,$34,$-12,$0,$0,$0,$0,$0,$0,$-12,$-1,$-19,$-19,$1,$1,$0,$0,$-18,$4,$1,$0
3,2015-01-31,8.43,$9.78,0.86,$38.83,0.22,$-1.67,0.0,0.0,0.0,$0.81B,$0.66B,1.24,$0.21B,$0.52B,0.4,$2.09B,$0.48B,22.78%,$2.09B,$-0.02B,-0.91%,$2.09B,$-0.02B,-0.91%,$2.09B,$0.07B,3.31%,$2.09B,$-0.03B,-1.44%,$2.09B,$-0.03B,-1.29%,$-0.03B,$0.52B,-4.97%,$-0.03B,$0.49B,-5.47%,$-0.03B,$1.54B,-1.72%,$-0.02B,$0.74B,-2.50%,$502,$403,$100,$0,$119,$531,$-29,$-4,$-32,$-6,$-27,$-27,$-27,$11,$-29,$54,54,$-0.51,$-0.51,$38,$657,$59,$813,$604,$0,$33,$35,$729,$1542,$657,$211,$46,$360,$1018,$69,$398,$-0,$524,$1542,$-27,$88,$-11,$77,$4,$15,$-28,$-2,$-22,$27,$-47,$0,$0,$0,$0,$0,$0,$-47,$-2,$25,$23,$2,$2,$0,$0,$24,$5,$2,$0
4,2014-10-31,9.53,$10.29,0.93,$38.64,0.25,$-1.20,0.0,0.0,0.0,$0.81B,$0.64B,1.26,$0.23B,$0.55B,0.42,$2.08B,$0.48B,23.04%,$2.08B,$0.00B,0.14%,$2.08B,$0.00B,0.14%,$2.08B,$0.07B,3.27%,$2.08B,$-0.01B,-0.38%,$2.08B,$-0.00B,-0.14%,$-0.00B,$0.55B,-0.55%,$-0.00B,$0.49B,-0.61%,$-0.00B,$1.57B,-0.19%,$0.00B,$0.78B,0.39%,$518,$399,$118,$0,$118,$517,$1,$-3,$-2,$-1,$-2,$-2,$-2,$17,$1,$54,54,$-0.03,$-0.03,$36,$667,$56,$807,$614,$0,$57,$37,$765,$1572,$642,$230,$46,$381,$1023,$69,$429,$0,$549,$1572,$-1,$48,$7,$55,$20,$5,$-36,$-2,$-42,$12,$-55,$0,$0,$0,$0,$0,$0,$-55,$-2,$47,$45,$1,$1,$0,$0,$46,$3,$2,$0
5,2014-07-31,10.58,$10.35,1.02,$38.39,0.28,$0.06,174.01,0.0,0.0,$0.81B,$0.65B,1.23,$0.22B,$0.55B,0.4,$2.07B,$0.48B,23.40%,$2.07B,$0.01B,0.48%,$2.07B,$0.01B,0.48%,$2.07B,$0.08B,3.68%,$2.07B,$-0.00B,-0.05%,$2.07B,0,0.00%,$0.00B,$0.55B,0.00%,$0.00B,$0.50B,0.00%,$0.00B,$1.58B,0.00%,$0.01B,$0.77B,1.33%,$526,$401,$124,$0,$121,$523,$3,$-3,$1,$1,$-0,$-0,$-0,$19,$3,$54,54,$0.00,$0.00,$38,$660,$59,$806,$623,$0,$57,$38,$775,$1581,$654,$220,$47,$375,$1029,$69,$432,$0,$551,$1581,$1,$31,$9,$40,$13,$13,$-35,$-1,$-26,$16,$-39,$0,$0,$0,$0,$0,$0,$-39,$-1,$29,$28,$0,$0,$0,$0,$28,$5,$2,$0
6,2014-04-30,10.22,$10.34,0.99,$38.34,0.27,$0.62,16.41,0.0,0.0,$0.82B,$0.68B,1.2,$0.20B,$0.55B,0.37,$2.07B,$0.50B,24.11%,$2.07B,$0.03B,1.21%,$2.07B,$0.03B,1.21%,$2.07B,$0.09B,4.44%,$2.07B,$0.01B,0.63%,$2.07B,$0.01B,0.24%,$0.01B,$0.55B,0.91%,$0.01B,$0.49B,1.01%,$0.01B,$1.59B,0.31%,$0.03B,$0.75B,3.34%,$539,$406,$133,$0,$127,$533,$6,$-3,$3,$1,$2,$2,$2,$22,$6,$53,54,$0.03,$0.03,$38,$664,$62,$817,$623,$0,$57,$39,$776,$1593,$680,$203,$48,$362,$1042,$69,$434,$0,$551,$1593,$2,$16,$3,$19,$4,$9,$-9,$-0,$-9,$11,$-15,$0,$0,$0,$0,$0,$0,$-15,$-1,$8,$7,$0,$0,$0,$0,$7,$4,$1,$0
7,2014-01-31,11.94,$10.30,1.16,$38.30,0.31,$0.62,19.34,0.0,0.0,$0.83B,$0.70B,1.19,$0.20B,$0.55B,0.36,$2.07B,$0.49B,23.61%,$2.07B,$0.02B,1.11%,$2.07B,$0.02B,1.11%,$2.07B,$0.09B,4.45%,$2.07B,$0.01B,0.48%,$2.07B,$0.01B,0.34%,$0.01B,$0.55B,1.28%,$0.01B,$0.49B,1.41%,$0.01B,$1.61B,0.44%,$0.02B,$0.75B,3.09%,$496,$392,$104,$0,$111,$502,$-7,$-3,$-10,$-7,$-3,$-3,$-3,$10,$-7,$53,54,$-0.06,$-0.06,$33,$672,$65,$826,$626,$0,$57,$40,$780,$1605,$695,$200,$48,$363,$1057,$69,$432,$0,$548,$1605,$7,$69,$11,$80,$-7,$-31,$8,$-3,$-27,$59,$-54,$0,$-11,$-2,$0,$-2,$2,$-65,$-2,$-16,$-18,$-1,$-1,$0,$-1,$-20,$-26,$3,$0
8,2013-10-31,12.94,$10.35,1.25,$38.95,0.33,$1.25,10.38,0.0,0.0,$0.82B,$0.68B,1.21,$0.20B,$0.55B,0.36,$2.10B,$0.50B,23.83%,$2.10B,$0.01B,0.67%,$2.10B,$0.01B,0.67%,$2.10B,$0.08B,3.95%,$2.10B,$-0.00B,0.00%,$2.10B,$-0.01B,-0.24%,$-0.01B,$0.55B,-0.92%,$-0.01B,$0.49B,-1.01%,$-0.01B,$1.59B,-0.31%,$0.01B,$0.75B,1.89%,$507,$384,$123,$0,$115,$499,$8,$-3,$5,$4,$1,$1,$1,$25,$8,$53,54,$0.02,$0.02,$56,$665,$53,$815,$632,$0,$57,$37,$774,$1589,$675,$197,$50,$364,$1039,$69,$437,$0,$550,$1589,$10,$52,$7,$59,$18,$-24,$8,$-2,$-6,$63,$-38,$0,$-11,$0,$0,$0,$1,$-48,$-2,$-15,$-17,$-2,$-2,$0,$0,$-18,$-3,$2,$0
9,2013-07-31,12.45,$10.34,1.2,$39.11,0.32,$2.28,5.45,0.0,0.0,$0.82B,$0.67B,1.23,$0.20B,$0.55B,0.36,$2.11B,$0.49B,23.47%,$2.11B,$0.01B,0.48%,$2.11B,$0.01B,0.48%,$2.11B,$0.08B,3.85%,$2.11B,$-0.02B,-0.86%,$2.11B,$-0.01B,-0.62%,$-0.01B,$0.55B,-2.40%,$-0.01B,$0.50B,-2.62%,$-0.01B,$1.58B,-0.81%,$0.01B,$0.75B,1.35%,$528,$389,$139,$0,$121,$510,$18,$-3,$15,$9,$5,$5,$5,$35,$18,$53,54,$0.10,$0.10,$65,$650,$56,$818,$639,$0,$47,$38,$765,$1583,$665,$197,$51,$369,$1034,$69,$438,$1,$549,$1583,$9,$35,$6,$42,$10,$-9,$-19,$-1,$-19,$31,$-24,$0,$0,$0,$0,$0,$1,$-23,$-1,$-0,$-1,$-1,$-1,$0,$0,$-2,$6,$2,$0
10,2013-04-30,11.6,$10.20,1.14,$39.10,0.3,$3.29,3.52,0.0,0.0,$0.82B,$0.68B,1.2,$0.20B,$0.54B,0.36,$2.10B,$0.49B,23.11%,$2.10B,$0.01B,0.38%,$2.10B,$0.01B,0.38%,$2.10B,$0.08B,3.76%,$2.10B,$0.02B,0.95%,$2.10B,$0.02B,0.71%,$0.02B,$0.54B,2.77%,$0.02B,$0.50B,3.03%,$0.02B,$1.60B,0.92%,$0.01B,$0.74B,1.05%,$536,$414,$122,$0,$118,$533,$4,$-3,$0,$-4,$4,$4,$4,$22,$4,$53,54,$0.07,$0.07,$56,$648,$59,$818,$648,$0,$47,$37,$778,$1596,$680,$198,$52,$374,$1053,$69,$434,$-1,$542,$1596,$4,$18,$-2,$17,$-1,$-7,$0,$-1,$-11,$9,$-13,$0,$0,$0,$0,$0,$1,$-12,$-1,$-0,$-1,$0,$0,$0,$0,$-1,$-3,$1,$0
11,2013-01-31,11.13,$10.12,1.1,$38.89,0.29,$3.84,2.9,0.0,0.0,$0.81B,$0.69B,1.18,$0.20B,$0.54B,0.37,$2.09B,$0.49B,23.52%,$2.09B,$0.01B,0.57%,$2.09B,$0.01B,0.57%,$2.09B,$0.08B,3.92%,$2.09B,$0.02B,1.05%,$2.09B,$0.01B,0.57%,$0.01B,$0.54B,2.25%,$0.01B,$0.49B,2.47%,$0.01B,$1.60B,0.73%,$0.01B,$0.74B,1.54%,$531,$414,$117,$0,$117,$547,$-16,$-4,$-20,$-6,$-14,$-14,$-15,$1,$-16,$53,54,$-0.27,$-0.26,$59,$641,$60,$814,$657,$0,$47,$38,$790,$1604,$687,$198,$54,$379,$1066,$69,$430,$-1,$538,$1604,$13,$71,$18,$89,$-1,$-27,$1,$3,$-13,$88,$-49,$0,$0,$-4,$0,$-4,$0,$-53,$-95,$65,$-31,$2,$2,$0,$-7,$-35,$1,$1,$0
12,2012-10-31,9.99,$10.21,0.98,$38.48,0.26,$3.10,3.22,0.0,0.0,$0.80B,$0.67B,1.2,$0.20B,$0.54B,0.37,$2.07B,$0.49B,23.57%,$2.07B,$0.03B,1.36%,$2.07B,$0.03B,1.36%,$2.07B,$0.10B,4.84%,$2.07B,$0.04B,1.74%,$2.07B,$0.02B,1.11%,$0.02B,$0.54B,4.39%,$0.02B,$0.50B,4.82%,$0.02B,$1.60B,1.40%,$0.03B,$0.74B,3.53%,$510,$394,$116,$0,$112,$506,$4,$-17,$-13,$-6,$-7,$-7,$-7,$23,$4,$53,53,$-0.13,$-0.13,$79,$634,$50,$803,$666,$0,$47,$36,$801,$1604,$670,$198,$64,$392,$1062,$69,$446,$-10,$542,$1604,$27,$54,$24,$78,$23,$-20,$15,$-1,$11,$116,$-37,$0,$0,$0,$0,$0,$0,$-37,$-95,$41,$-55,$2,$2,$0,$-6,$-59,$20,$1,$0
13,2012-07-31,9.07,$10.25,0.88,$38.66,0.23,$2.25,4.03,0.0,0.0,$0.88B,$0.64B,1.37,$0.29B,$0.54B,0.54,$2.08B,$0.50B,23.97%,$2.08B,$0.04B,1.97%,$2.08B,$0.04B,1.97%,$2.08B,$0.11B,5.34%,$2.08B,$0.06B,2.89%,$2.08B,$0.04B,1.78%,$0.04B,$0.54B,7.16%,$0.04B,$0.50B,7.87%,$0.04B,$1.69B,2.24%,$0.04B,$0.84B,5.06%,$526,$395,$131,$0,$114,$509,$16,$37,$53,$20,$33,$33,$33,$33,$16,$53,54,$0.62,$0.61,$151,$627,$53,$879,$683,$0,$47,$32,$807,$1686,$643,$294,$72,$500,$1143,$69,$454,$-15,$543,$1686,$34,$34,$22,$56,$10,$-12,$3,$-1,$-2,$87,$-26,$0,$0,$0,$0,$0,$0,$-26,$-1,$31,$30,$1,$1,$0,$0,$31,$93,$1,$0
14,2012-04-30,14.93,$9.61,1.55,$38.63,0.39,$1.50,9.96,0.0,0.0,$0.83B,$0.66B,1.27,$0.29B,$0.51B,0.58,$2.08B,$0.50B,24.19%,$2.08B,$0.05B,2.27%,$2.08B,$0.05B,2.27%,$2.08B,$0.12B,5.64%,$2.08B,$0.02B,1.11%,$2.08B,$0.02B,0.87%,$0.02B,$0.51B,3.55%,$0.02B,$0.46B,3.91%,$0.02B,$1.67B,1.11%,$0.05B,$0.80B,5.87%,$525,$397,$128,$0,$120,$517,$8,$-6,$2,$1,$1,$1,$1,$25,$8,$53,54,$0.02,$0.02,$99,$627,$57,$833,$689,$0,$47,$32,$836,$1669,$655,$294,$75,$506,$1161,$69,$424,$-16,$508,$1669,$1,$17,$1,$19,$6,$-13,$18,$0,$18,$38,$-12,$0,$0,$0,$0,$0,$0,$-12,$-0,$15,$15,$0,$0,$0,$0,$15,$41,$1,$0
15,2012-01-31,15.0,$9.56,1.57,$38.49,0.39,$1.40,10.71,0.0,0.0,$0.79B,$0.62B,1.27,$0.29B,$0.50B,0.58,$2.06B,$0.51B,24.66%,$2.06B,$0.07B,3.15%,$2.06B,$0.07B,3.15%,$2.06B,$0.14B,6.54%,$2.06B,$0.04B,1.99%,$2.06B,$0.03B,1.41%,$0.03B,$0.50B,5.77%,$0.03B,$0.46B,6.20%,$0.03B,$1.63B,1.81%,$0.07B,$0.80B,8.15%,$505,$393,$112,$0,$112,$505,$-0,$-6,$-6,$-2,$-4,$-4,$-4,$19,$-0,$53,54,$-0.08,$-0.08,$58,$614,$60,$785,$696,$0,$47,$33,$849,$1634,$618,$294,$77,$512,$1129,$69,$423,$-18,$504,$1634,$29,$69,$15,$84,$-0,$-43,$25,$-2,$-39,$74,$-74,$0,$-43,$-8,$0,$-8,$-1,$-126,$-1,$29,$28,$1,$1,$-6,$-2,$20,$-32,$3,$-6
16,2011-10-31,11.47,$9.72,1.18,$38.05,0.3,$2.44,4.71,0.0,0.0,$0.77B,$0.59B,1.31,$0.29B,$0.51B,0.58,$2.04B,$0.52B,25.59%,$2.04B,$0.08B,4.08%,$2.04B,$0.08B,4.08%,$2.04B,$0.15B,7.37%,$2.04B,$0.06B,2.85%,$2.04B,$0.04B,2.01%,$0.04B,$0.51B,8.26%,$0.04B,$0.47B,8.68%,$0.04B,$1.61B,2.59%,$0.08B,$0.81B,10.49%,$522,$395,$127,$0,$110,$505,$17,$-6,$11,$4,$7,$7,$7,$34,$17,$53,54,$0.13,$0.13,$81,$606,$48,$774,$694,$0,$46,$31,$837,$1611,$589,$294,$72,$510,$1099,$69,$430,$-15,$512,$1611,$33,$50,$11,$61,$28,$-35,$20,$-3,$-10,$85,$-51,$0,$-43,$-5,$0,$-5,$-1,$-99,$-1,$12,$11,$1,$1,$-5,$-2,$5,$-10,$3,$-5
17,2011-07-31,10.69,$9.59,1.12,$37.64,0.28,$2.82,3.79,0.0,0.0,$0.74B,$0.56B,1.32,$0.30B,$0.51B,0.58,$2.01B,$0.52B,25.87%,$2.01B,$0.08B,4.03%,$2.01B,$0.08B,4.03%,$2.01B,$0.15B,7.31%,$2.01B,$0.06B,2.79%,$2.01B,$0.04B,1.99%,$0.04B,$0.51B,8.23%,$0.04B,$0.46B,8.46%,$0.04B,$1.58B,2.56%,$0.08B,$0.80B,10.34%,$523,$387,$135,$0,$113,$501,$22,$-6,$16,$2,$14,$14,$14,$39,$22,$53,54,$0.26,$0.26,$62,$584,$51,$739,$694,$0,$49,$32,$842,$1581,$559,$295,$76,$517,$1076,$69,$425,$-16,$505,$1581,$26,$33,$6,$40,$22,$-13,$12,$-3,$-15,$51,$-31,$0,$-43,$-5,$0,$-5,$-1,$-79,$-1,$5,$5,$0,$0,$-3,$-2,$-1,$-28,$2,$-3
18,2011-04-30,13.59,$9.32,1.46,$37.41,0.36,$3.09,4.4,0.0,0.0,$0.78B,$0.57B,1.37,$0.30B,$0.49B,0.6,$1.99B,$0.52B,26.10%,$1.99B,$0.08B,4.17%,$1.99B,$0.08B,4.17%,$1.99B,$0.15B,7.38%,$1.99B,$0.06B,2.91%,$1.99B,$0.04B,1.86%,$0.04B,$0.49B,7.78%,$0.04B,$0.49B,7.79%,$0.04B,$1.57B,2.39%,$0.08B,$0.79B,10.70%,$514,$378,$135,$0,$109,$487,$26,$-6,$20,$8,$12,$12,$12,$43,$26,$53,54,$0.23,$0.23,$100,$578,$57,$781,$696,$0,$0,$33,$792,$1573,$570,$295,$67,$512,$1082,$69,$413,$-16,$491,$1573,$12,$17,$5,$22,$7,$-13,$21,$-2,$5,$39,$-18,$0,$0,$-5,$0,$-5,$-1,$-24,$-0,$-3,$-3,$0,$0,$-2,$0,$-5,$10,$1,$-2
19,2011-01-31,13.8,$9.10,1.52,$37.45,0.37,$3.64,3.79,0.0,0.0,$0.76B,$0.56B,1.36,$0.30B,$0.48B,0.62,$1.99B,$0.52B,26.31%,$1.99B,$0.08B,4.18%,$1.99B,$0.08B,4.18%,$1.99B,$0.15B,7.29%,$1.99B,$0.06B,2.92%,$1.99B,$0.04B,1.86%,$0.04B,$0.48B,7.93%,$0.04B,$0.48B,7.94%,$0.04B,$1.56B,2.41%,$0.08B,$0.77B,10.79%,$477,$353,$124,$0,$107,$460,$18,$-6,$11,$3,$9,$9,$8,$34,$18,$53,53,$0.16,$0.15,$90,$564,$61,$764,$701,$0,$3,$24,$793,$1557,$560,$295,$70,$518,$1078,$69,$403,$-17,$478,$1557,$37,$62,$20,$82,$7,$-5,$7,$-1,$-0,$117,$-63,$0,$-0,$-10,$0,$-10,$1,$-72,$-11,$22,$11,$1,$1,$-6,$0,$6,$51,$3,$-6
20,2010-10-31,11.54,$8.93,1.29,$37.07,0.31,$3.73,3.1,0.0,0.0,$0.76B,$0.53B,1.45,$0.31B,$0.47B,0.65,$1.96B,$0.51B,25.92%,$1.96B,$0.07B,3.67%,$1.96B,$0.07B,3.67%,$1.96B,$0.13B,6.72%,$1.96B,$0.05B,2.44%,$1.96B,$0.03B,1.58%,$0.03B,$0.47B,6.77%,$0.03B,$0.47B,6.77%,$0.03B,$1.53B,2.04%,$0.07B,$0.77B,9.43%,$496,$371,$126,$0,$111,$481,$15,$-6,$9,$3,$6,$6,$6,$31,$15,$53,53,$0.11,$0.11,$107,$569,$50,$763,$692,$0,$0,$22,$768,$1531,$528,$305,$73,$535,$1062,$69,$397,$-19,$469,$1531,$28,$46,$12,$58,$29,$-9,$5,$-2,$5,$91,$-36,$0,$-0,$-5,$0,$-5,$1,$-41,$-1,$23,$22,$0,$0,$-5,$1,$18,$68,$3,$-5
21,2010-07-31,9.45,$8.84,1.07,$36.69,0.26,$3.96,2.39,0.0,0.0,$0.75B,$0.52B,1.46,$0.31B,$0.46B,0.66,$1.94B,$0.50B,25.81%,$1.94B,$0.07B,3.45%,$1.94B,$0.07B,3.45%,$1.94B,$0.13B,6.49%,$1.94B,$0.04B,2.22%,$1.94B,$0.03B,1.39%,$0.03B,$0.46B,5.98%,$0.03B,$0.46B,5.98%,$0.03B,$1.52B,1.78%,$0.07B,$0.77B,8.85%,$505,$370,$135,$0,$113,$481,$24,$-6,$18,$7,$11,$11,$11,$39,$24,$53,53,$0.20,$0.20,$92,$559,$53,$750,$694,$0,$0,$17,$771,$1520,$515,$306,$76,$541,$1056,$69,$393,$-19,$464,$1520,$23,$30,$5,$36,$20,$0,$-6,$1,$-0,$58,$-23,$0,$-0,$1,$0,$1,$0,$-23,$-1,$21,$21,$0,$0,$-3,$0,$18,$53,$2,$-3
22,2010-04-30,12.3,$8.67,1.42,$36.47,0.34,$4.54,2.71,0.0,0.0,$0.76B,$0.53B,1.42,$0.31B,$0.46B,0.67,$1.93B,$0.49B,25.66%,$1.93B,$0.06B,3.22%,$1.93B,$0.06B,3.22%,$1.93B,$0.12B,6.29%,$1.93B,$0.04B,1.97%,$1.93B,$0.02B,1.25%,$0.02B,$0.46B,5.38%,$0.02B,$0.46B,5.38%,$0.02B,$1.53B,1.59%,$0.06B,$0.76B,8.24%,$510,$372,$138,$0,$112,$484,$26,$-6,$20,$8,$12,$12,$12,$41,$26,$53,53,$0.23,$0.23,$88,$561,$61,$755,$699,$0,$0,$18,$774,$1530,$532,$306,$74,$543,$1075,$69,$384,$-17,$455,$1530,$12,$15,$4,$19,$11,$-2,$15,$1,$28,$59,$-9,$0,$0,$1,$0,$1,$-0,$-9,$-0,$0,$-0,$0,$0,$-2,$0,$-1,$48,$1,$-2
23,2010-01-31,8.17,$8.46,0.97,$36.31,0.23,$3.84,2.13,0.0,0.0,$0.72B,$0.51B,1.4,$0.31B,$0.44B,0.69,$1.91B,$0.49B,25.43%,$1.91B,$0.06B,3.04%,$1.91B,$0.06B,3.04%,$1.91B,$0.12B,6.07%,$1.91B,$0.04B,1.99%,$1.91B,$0.02B,1.20%,$0.02B,$0.44B,5.22%,$0.02B,$0.44B,5.22%,$0.02B,$1.50B,1.53%,$0.06B,$0.75B,7.70%,$453,$343,$110,$0,$103,$446,$7,$-6,$1,$-2,$3,$3,$2,$21,$7,$52,53,$0.04,$0.04,$39,$559,$70,$716,$706,$0,$0,$18,$783,$1499,$511,$306,$74,$545,$1056,$69,$375,$-18,$443,$1499,$23,$58,$12,$70,$7,$7,$-10,$2,$-6,$87,$-28,$0,$-3,$0,$0,$0,$1,$-30,$-12,$-22,$-34,$0,$0,$-6,$1,$-39,$18,$3,$-6
24,2009-10-31,8.55,$8.12,1.05,$36.64,0.23,$3.10,2.76,0.0,0.0,$0.71B,$0.52B,1.36,$0.31B,$0.44B,0.69,$1.92B,$0.47B,24.32%,$1.92B,$0.02B,1.04%,$1.92B,$0.02B,1.04%,$1.92B,$0.08B,4.11%,$1.92B,$-0.00B,-0.10%,$1.92B,$-0.01B,-0.62%,$-0.01B,$0.44B,-2.76%,$-0.01B,$0.44B,-2.76%,$-0.01B,$1.51B,-0.79%,$0.02B,$0.75B,2.63%,$473,$354,$118,$0,$110,$463,$10,$-6,$4,$2,$2,$2,$2,$25,$10,$52,53,$0.04,$0.04,$41,$572,$57,$705,$709,$0,$0,$20,$802,$1507,$517,$306,$72,$547,$1064,$69,$374,$-17,$443,$1507,$21,$44,$5,$49,$33,$-6,$6,$2,$12,$82,$-16,$0,$-3,$0,$0,$0,$1,$-17,$-12,$-29,$-41,$0,$0,$-5,$0,$-45,$20,$2,$-5
25,2009-07-31,9.65,$8.10,1.19,$36.60,0.26,$2.96,3.26,0.0,0.0,$0.67B,$0.50B,1.34,$0.31B,$0.44B,0.7,$1.92B,$0.47B,24.28%,$1.92B,$0.01B,0.26%,$1.92B,$0.01B,0.26%,$1.92B,$0.06B,3.34%,$1.92B,$-0.02B,-0.94%,$1.92B,$-0.02B,-1.10%,$-0.02B,$0.44B,-4.76%,$-0.02B,$0.44B,-4.76%,$-0.02B,$1.49B,-1.37%,$0.01B,$0.75B,0.65%,$489,$361,$128,$0,$109,$470,$19,$-6,$13,$5,$8,$8,$8,$34,$19,$52,53,$0.15,$0.15,$22,$549,$63,$674,$719,$0,$0,$18,$815,$1489,$504,$308,$70,$543,$1047,$69,$374,$-16,$442,$1489,$19,$29,$-1,$29,$24,$16,$11,$2,$34,$82,$-16,$0,$0,$0,$0,$0,$1,$-15,$-11,$-52,$-63,$0,$0,$-3,$0,$-66,$1,$1,$-3
26,2009-04-30,7.17,$7.95,0.9,$36.89,0.19,$3.34,2.15,0.0,0.0,$0.69B,$0.51B,1.37,$0.33B,$0.43B,0.77,$1.93B,$0.47B,24.25%,$1.93B,$-0.00B,-0.10%,$1.93B,$-0.00B,-0.10%,$1.93B,$0.06B,2.96%,$1.93B,$-0.02B,-1.25%,$1.93B,$-0.02B,-1.25%,$-0.02B,$0.43B,-5.33%,$-0.02B,$0.43B,-5.33%,$-0.02B,$1.51B,-1.55%,$-0.00B,$0.77B,-0.25%,$496,$367,$130,$0,$108,$475,$22,$-2,$20,$9,$11,$11,$11,$36,$22,$52,52,$0.21,$0.21,$21,$557,$70,$692,$725,$0,$0,$17,$820,$1512,$507,$333,$71,$572,$1078,$69,$368,$-18,$433,$1512,$11,$14,$-3,$11,$15,$8,$-18,$1,$-4,$18,$-6,$0,$0,$0,$0,$0,$2,$-4,$-11,$-1,$-13,$0,$0,$-2,$0,$-14,$-0,$1,$-2
27,2009-01-31,2.77,$7.77,0.36,$36.96,0.08,$5.42,0.51,0.0,0.0,$0.72B,$0.54B,1.33,$0.35B,$0.42B,0.83,$1.93B,$0.47B,24.12%,$1.93B,$-0.01B,-0.52%,$1.93B,$-0.01B,-0.52%,$1.93B,$0.05B,2.75%,$1.93B,$-0.04B,-1.82%,$1.93B,$-0.03B,-1.56%,$-0.03B,$0.42B,-6.52%,$-0.03B,$0.42B,-6.52%,$-0.03B,$1.55B,-1.92%,$-0.01B,$0.78B,-1.25%,$466,$373,$92,$0,$124,$497,$-31,$-8,$-39,$-6,$-33,$-33,$-33,$-16,$-31,$52,52,$-0.63,$-0.63,$21,$565,$75,$716,$740,$0,$0,$19,$837,$1552,$536,$352,$70,$593,$1129,$69,$359,$-18,$423,$1552,$-30,$63,$-13,$50,$24,$-4,$-33,$-12,$-60,$-40,$59,$0,$0,$0,$0,$0,$20,$79,$-18,$-1,$-19,$0,$0,$-14,$-6,$-39,$0,$3,$-14
28,2008-10-31,4.55,$8.58,0.53,$37.96,0.12,$8.36,0.54,0.0,0.0,$0.74B,$0.53B,1.39,$0.33B,$0.47B,0.71,$1.98B,$0.47B,23.84%,$1.98B,$0.01B,0.35%,$1.98B,$0.01B,0.35%,$1.98B,$0.07B,3.74%,$1.98B,$-0.02B,-1.21%,$1.98B,$-0.02B,-0.86%,$-0.02B,$0.47B,-3.60%,$-0.02B,$0.47B,-3.60%,$-0.02B,$1.57B,-1.08%,$0.01B,$0.80B,0.85%,$464,$349,$115,$0,$120,$469,$-5,$-7,$-12,$-5,$-7,$-7,$-7,$10,$-5,$52,52,$-0.14,$-0.14,$38,$585,$62,$741,$748,$0,$0,$29,$827,$1568,$534,$331,$64,$568,$1102,$69,$397,$-11,$466,$1568,$3,$48,$-14,$34,$40,$-24,$-24,$-4,$-48,$-11,$69,$0,$0,$0,$0,$0,$3,$72,$-16,$-17,$-33,$0,$0,$-11,$0,$-44,$17,$2,$-11
29,2008-07-31,6.88,$8.85,0.78,$39.25,0.18,$7.62,0.9,0.0,0.0,$0.75B,$0.53B,1.43,$0.34B,$0.48B,0.7,$2.05B,$0.46B,22.25%,$2.05B,$-0.02B,-1.17%,$2.05B,$-0.02B,-1.17%,$2.05B,$0.05B,2.35%,$2.05B,$-0.06B,-2.89%,$2.05B,$-0.04B,-1.86%,$-0.04B,$0.48B,-7.92%,$-0.04B,$0.48B,-7.92%,$-0.04B,$1.58B,-2.38%,$-0.02B,$0.81B,-2.71%,$500,$370,$130,$0,$123,$488,$12,$-5,$7,$1,$6,$6,$5,$27,$12,$52,52,$0.10,$0.10,$56,$560,$69,$750,$759,$0,$0,$30,$831,$1581,$526,$336,$67,$576,$1102,$69,$408,$-11,$478,$1581,$10,$33,$-11,$21,$26,$1,$-17,$-0,$-25,$7,$77,$0,$0,$0,$0,$0,$0,$77,$-15,$-28,$-42,$0,$0,$-7,$0,$-49,$35,$2,$-7
30,2008-04-30,8.23,$8.77,0.94,$40.24,0.2,$6.52,1.26,0.0,0.0,$0.80B,$0.53B,1.5,$0.34B,$0.47B,0.72,$2.10B,$0.47B,22.60%,$2.10B,$-0.02B,-0.91%,$2.10B,$-0.02B,-0.91%,$2.10B,$0.06B,2.77%,$2.10B,$-0.06B,-2.86%,$2.10B,$-0.04B,-1.86%,$-0.04B,$0.47B,-7.92%,$-0.04B,$0.47B,-7.92%,$-0.04B,$1.57B,-2.40%,$-0.02B,$0.82B,-1.99%,$498,$370,$128,$0,$119,$484,$14,$-5,$9,$4,$5,$5,$5,$32,$14,$52,52,$0.09,$0.09,$87,$561,$82,$801,$706,$0,$0,$31,$764,$1565,$534,$341,$70,$557,$1091,$69,$407,$-12,$473,$1565,$5,$17,$-5,$12,$8,$-0,$-15,$-2,$-23,$-4,$125,$0,$0,$0,$0,$0,$0,$125,$-14,$-37,$-51,$0,$0,$-3,$-0,$-54,$66,$1,$-3
31,2008-01-31,10.05,$8.73,1.15,$40.75,0.25,$3.84,2.62,0.0,0.0,$0.75B,$0.55B,1.35,$0.40B,$0.47B,0.85,$2.14B,$0.49B,22.77%,$2.14B,$-0.02B,-0.79%,$2.14B,$-0.02B,-0.79%,$2.14B,$0.06B,2.95%,$2.14B,$-0.06B,-2.99%,$2.14B,$-0.04B,-1.92%,$-0.04B,$0.47B,-8.13%,$-0.04B,$0.47B,-8.13%,$-0.04B,$1.58B,-2.45%,$-0.02B,$0.87B,-1.64%,$518,$419,$99,$0,$126,$531,$-14,$-14,$-28,$-9,$-19,$-19,$-20,$5,$-14,$52,52,$-0.39,$-0.39,$21,$561,$94,$750,$781,$0,$0,$33,$834,$1584,$554,$400,$72,$559,$1113,$69,$407,$-14,$471,$1584,$-41,$80,$12,$92,$-2,$13,$-20,$1,$3,$53,$120,$0,$0,$0,$0,$0,$30,$149,$-161,$25,$-136,$-58,$-58,$-14,$5,$-203,$-1,$10,$-14
32,2007-10-31,13.38,$9.20,1.45,$41.09,0.33,$1.52,8.78,0.0,0.0,$0.77B,$0.53B,1.45,$0.55B,$0.50B,1.11,$2.18B,$0.53B,24.46%,$2.18B,$0.01B,0.37%,$2.18B,$0.01B,0.37%,$2.18B,$0.09B,4.31%,$2.18B,$-0.04B,-1.61%,$2.18B,$-0.01B,-0.60%,$-0.01B,$0.50B,-2.46%,$-0.01B,$0.50B,-2.46%,$-0.01B,$1.65B,-0.75%,$0.01B,$1.05B,0.73%,$529,$431,$98,$0,$134,$565,$-36,$-10,$-47,$-21,$-26,$-26,$-28,$-16,$-36,$52,52,$-0.54,$-0.54,$26,$590,$66,$767,$863,$0,$0,$23,$886,$1653,$528,$550,$79,$629,$1157,$69,$431,$-11,$496,$1653,$-21,$62,$39,$101,$32,$-16,$-39,$-1,$-30,$50,$-31,$0,$0,$0,$0,$0,$26,$-4,$-422,$444,$22,$-55,$-55,$-11,$1,$-42,$4,$9,$-11
33,2007-07-31,15.32,$9.82,1.56,$41.04,0.37,$2.39,6.42,0.0,0.0,$0.75B,$0.56B,1.36,$0.55B,$0.53B,1.04,$2.20B,$0.57B,26.03%,$2.20B,$0.04B,1.95%,$2.20B,$0.04B,1.95%,$2.20B,$0.13B,5.91%,$2.20B,$-0.00B,-0.18%,$2.20B,$0.00B,0.18%,$0.00B,$0.53B,0.73%,$0.00B,$0.53B,0.73%,$0.00B,$1.70B,0.23%,$0.04B,$1.08B,3.89%,$552,$403,$149,$0,$132,$535,$17,$-11,$6,$2,$4,$4,$4,$37,$17,$52,52,$0.08,$0.08,$27,$615,$55,$754,$883,$0,$0,$39,$947,$1701,$557,$549,$66,$615,$1172,$69,$463,$-8,$529,$1701,$7,$41,$10,$51,$29,$-8,$-22,$4,$-14,$44,$-17,$0,$0,$0,$0,$0,$26,$9,$-2,$15,$13,$-55,$-55,$-7,$1,$-48,$5,$6,$-7
34,2007-04-30,16.82,$9.74,1.73,$40.96,0.41,$3.31,5.09,0.0,0.0,$0.78B,$0.56B,1.41,$0.62B,$0.52B,1.2,$2.23B,$0.57B,25.54%,$2.23B,$0.04B,1.71%,$2.23B,$0.04B,1.71%,$2.23B,$0.13B,5.66%,$2.23B,$-0.01B,-0.36%,$2.23B,$0.00B,0.04%,$0.00B,$0.52B,0.18%,$0.00B,$0.52B,0.18%,$0.00B,$1.77B,0.06%,$0.04B,$1.15B,3.50%,$540,$399,$141,$0,$127,$524,$16,$-11,$5,$2,$3,$3,$3,$37,$16,$53,54,$0.06,$0.06,$31,$619,$62,$783,$896,$0,$0,$64,$985,$1768,$557,$624,$66,$690,$1247,$69,$463,$-10,$521,$1768,$3,$21,$2,$23,$10,$-12,$-33,$2,$-34,$-8,$-12,$0,$0,$0,$0,$0,$-0,$-12,$-1,$90,$89,$-57,$-57,$-4,$1,$28,$9,$4,$-4
35,2007-01-31,13.76,$10.12,1.36,$41.16,0.33,$3.88,3.55,0.0,0.0,$0.77B,$0.60B,1.27,$0.54B,$0.57B,0.94,$2.25B,$0.57B,25.26%,$2.25B,$0.03B,1.29%,$2.25B,$0.03B,1.29%,$2.25B,$0.12B,5.21%,$2.25B,$-0.01B,-0.62%,$2.25B,$-0.00B,-0.13%,$-0.00B,$0.57B,-0.52%,$-0.00B,$0.57B,-0.52%,$-0.00B,$1.77B,-0.17%,$0.03B,$1.10B,2.66%,$558,$413,$145,$0,$136,$547,$11,$-10,$1,$-2,$3,$3,$8,$36,$11,$54,54,$0.13,$0.13,$22,$607,$70,$768,$906,$0,$0,$68,$999,$1767,$604,$535,$60,$595,$1199,$69,$464,$-9,$568,$1767,$-3,$88,$-20,$68,$24,$9,$4,$-6,$27,$92,$-39,$0,$0,$0,$0,$0,$-19,$-57,$-0,$-46,$-46,$1,$1,$-15,$-1,$-61,$-26,$3,$-15
36,2006-10-31,12.69,$10.18,1.25,$40.41,0.31,$0.83,15.24,0.0,0.0,$0.78B,$0.61B,1.28,$0.52B,$0.58B,0.91,$2.21B,$0.53B,23.90%,$2.21B,$0.00B,0.05%,$2.21B,$0.00B,0.05%,$2.21B,$0.08B,3.80%,$2.21B,$-0.05B,-2.35%,$2.21B,$-0.04B,-1.63%,$-0.04B,$0.58B,-6.13%,$-0.04B,$0.58B,-6.13%,$-0.04B,$1.77B,-2.01%,$0.00B,$1.10B,0.09%,$551,$413,$138,$0,$139,$552,$-1,$-15,$-16,$-5,$-11,$-11,$-11,$20,$-1,$54,54,$-0.20,$-0.20,$22,$645,$59,$782,$909,$0,$0,$80,$988,$1770,$611,$524,$59,$583,$1194,$69,$460,$-4,$576,$1770,$-10,$63,$-11,$52,$50,$-29,$47,$-0,$42,$84,$-17,$0,$0,$0,$0,$0,$-25,$-41,$-0,$-58,$-58,$0,$0,$-11,$1,$-69,$-26,$3,$-11
