,Date,Stock Price,Book Value per Share,Price to Book Ratio,TTM Sales per Share,Price to Sales Ratio,TTM FCF per Share,Price to FCF Ratio,TTM Net EPS,PE Ratio,Current Assets,Current Liabilities,Current Ratio,Long Term Debt,Shareholder's Equity_x,Debt to Equity Ratio,TTM Revenue_x,TTM Gross Profit,Gross Margin,TTM Revenue_y,TTM Operating Income,Operating Margin,TTM Revenue_x,TTM EBIT,EBIT Margin,TTM Revenue_y,TTM EBITDA,EBITDA Margin,TTM Revenue_x,TTM Pre-Tax Income,Pre-Tax Margin,TTM Revenue_y,TTM Net Income_x,Net Margin,TTM Net Income_y,Shareholder's Equity_y,Return on Equity,TTM Net Income_x,Tangible Equity,Return on Tangible Equity,TTM Net Income_y,Total Assets,Return on Assets,TTM Net Income,LT Investments & Debt,Return on Investment,revenue,cost-goods-sold,gross-profit,research-development-expenses,selling-general-administrative-expenses,operating-expenses,operating-income,total-non-operating-income-expense,pre-tax-income,total-provision-income-taxes,income-after-taxes,income-from-continuous-operations,net-income,ebitda,ebit,basic-shares-outstanding,shares-outstanding,eps-basic-net-earnings-per-share,eps-earnings-per-share-diluted,cash-on-hand,inventory,other-current-assets,total-current-assets,net-property-plant-equipment,long-term-investments,goodwill-intangible-assets-total,other-long-term-assets,total-long-term-assets,total-assets,total-current-liabilities,long-term-debt,other-non-current-liabilities,total-long-term-liabilities,total-liabilities,common-stock-net,retained-earnings-accumulated-deficit,comprehensive-income,total-share-holder-equity,total-liabilities-share-holders-equity,net-income-loss,total-depreciation-amortization-cash-flow,other-non-cash-items,total-non-cash-items,change-in-accounts-receivable,change-in-inventories,change-in-accounts-payable,change-in-assets-liabilities,total-change-in-assets-liabilities,cash-flow-from-operating-activities,net-change-in-property-plant-equipment,net-change-in-intangible-assets,net-acquisitions-divestitures,net-change-in-short-term-investments,net-change-in-long-term-investments,net-change-in-investments-total,investing-activities-other,cash-flow-from-investing-activities,net-long-term-debt,net-current-debt,debt-issuance-retirement-net-total,net-common-equity-issued-repurchased,net-total-equity-issued-repurchased,total-common-preferred-stock-dividends-paid,financial-activities-other,cash-flow-from-financial-activities,net-cash-flow,stock-based-compensation,common-stock-dividends-paid
0,2018-09-30,68.19,$26.22,2.6,$64.30,1.06,$9.22,7.39,$6.26,10.89,$17.77B,$6.77B,2.63,$6.59B,$9.17B,0.72,$22.67B,$4.45B,19.63%,$22.67B,$2.81B,12.38%,$22.67B,$2.81B,12.38%,$22.67B,$3.89B,17.17%,$22.67B,$2.66B,11.74%,$22.67B,$2.21B,9.73%,$2.21B,$9.17B,25.53%,$2.21B,$9.17B,25.53%,$2.21B,$25.10B,9.15%,$2.81B,$15.76B,19.00%,$5757,$4654,$1103,$73,$154,$5059,$698,$-30,$669,$124,$545,$545,$545,$951,$698,$351,352,$1.55,$1.55,$3914,$1292,$377,$17771,$2444,$0,$0,$1344,$7333,$25103,$6766,$6585,$1053,$9166,$15932,$352,$9718,$-895,$9171,$25103,$1617,$794,$-60,$734,$-945,$-427,$0,$48,$-424,$1927,$-928,$0,$0,$343,$0,$343,$-692,$-1277,$683,$100,$783,$-140,$-140,$-707,$0,$-64,$549,$0,$-707
1,2018-06-30,61.69,$25.03,2.46,$62.26,0.99,$8.79,7.02,$5.85,10.55,$17.02B,$6.74B,2.52,$6.08B,$8.78B,0.69,$21.97B,$4.35B,19.81%,$21.97B,$2.71B,12.35%,$21.97B,$2.71B,12.35%,$21.97B,$3.83B,17.45%,$21.97B,$2.58B,11.72%,$21.97B,$2.06B,9.39%,$2.06B,$8.78B,24.77%,$2.06B,$8.78B,24.77%,$2.06B,$24.16B,8.74%,$2.71B,$14.86B,18.97%,$5805,$4647,$1158,$77,$157,$5066,$739,$-19,$720,$160,$560,$560,$560,$1007,$739,$352,353,$1.59,$1.59,$3540,$1259,$493,$17024,$2397,$0,$0,$1242,$7132,$24156,$6744,$6077,$1115,$8633,$15376,$352,$9271,$-894,$8779,$24156,$1072,$542,$-73,$469,$-753,$-389,$0,$39,$-342,$1199,$-595,$0,$0,$317,$0,$317,$-467,$-745,$183,$230,$413,$-83,$-83,$-609,$0,$-279,$142,$0,$-609
2,2018-03-31,65.59,$24.35,2.69,$59.13,1.11,$8.54,7.68,$5.32,12.33,$16.59B,$6.76B,2.45,$5.90B,$8.57B,0.69,$20.87B,$4.13B,19.81%,$20.87B,$2.54B,12.16%,$20.87B,$2.54B,12.16%,$20.87B,$3.66B,17.53%,$20.87B,$2.39B,11.47%,$20.87B,$1.88B,8.99%,$1.88B,$8.57B,23.42%,$1.88B,$8.57B,23.42%,$1.88B,$23.78B,8.13%,$2.54B,$14.46B,18.29%,$5654,$4536,$1119,$76,$168,$4966,$688,$-19,$669,$157,$512,$512,$512,$961,$688,$353,354,$1.45,$1.45,$3551,$1068,$397,$16588,$2455,$0,$0,$1219,$7194,$23782,$6764,$5896,$1138,$8450,$15214,$352,$8810,$-718,$8567,$23782,$512,$274,$-117,$156,$-588,$-136,$0,$32,$-143,$525,$-223,$0,$0,$320,$0,$320,$-153,$-56,$-110,$284,$175,$-4,$-4,$-510,$0,$-339,$139,$0,$-510
3,2017-12-31,70.2,$22.88,3.07,$55.15,1.27,$8.55,8.22,$4.75,14.78,$15.89B,$6.39B,2.49,$5.95B,$8.05B,0.74,$19.46B,$3.86B,19.85%,$19.46B,$2.32B,11.90%,$19.46B,$2.32B,11.90%,$19.46B,$3.42B,17.59%,$19.46B,$2.17B,11.17%,$19.46B,$1.68B,8.61%,$1.68B,$8.05B,21.92%,$1.68B,$8.05B,21.92%,$1.68B,$23.44B,7.47%,$2.32B,$14.00B,17.16%,$5455,$4383,$1071,$71,$131,$4774,$681,$-77,$604,$15,$589,$589,$589,$974,$681,$352,353,$1.68,$1.67,$3732,$928,$404,$15890,$2464,$0,$0,$944,$7551,$23440,$6392,$5946,$940,$8998,$15390,$352,$8369,$-794,$8051,$23440,$1675,$1108,$-179,$929,$-479,$-150,$0,$407,$112,$2716,$-1371,$0,$0,$-191,$0,$-191,$-403,$-1965,$-227,$352,$125,$39,$39,$-558,$0,$-394,$449,$0,$-558
4,2017-09-30,69.99,$22.58,3.1,$51.26,1.37,$6.95,10.07,$3.90,17.95,$15.64B,$6.10B,2.56,$5.97B,$7.94B,0.75,$18.07B,$3.62B,20.02%,$18.07B,$2.09B,11.56%,$18.07B,$2.09B,11.56%,$18.07B,$3.15B,17.44%,$18.07B,$1.99B,11.00%,$18.07B,$1.38B,7.61%,$1.38B,$7.94B,18.78%,$1.38B,$7.94B,18.78%,$1.38B,$23.10B,6.33%,$2.09B,$13.90B,15.84%,$5060,$4056,$1004,$67,$145,$4454,$606,$-24,$582,$179,$403,$403,$403,$892,$606,$352,353,$1.14,$1.14,$3529,$983,$252,$15637,$2389,$0,$0,$993,$7467,$23104,$6099,$5967,$805,$9069,$15168,$352,$8291,$-816,$7936,$23104,$1086,$814,$-3,$812,$-778,$-208,$0,$98,$-75,$1823,$-970,$0,$0,$-35,$0,$-35,$-134,$-1140,$-189,$262,$73,$28,$28,$-470,$0,$-369,$398,$0,$-470
5,2017-06-30,63.65,$21.35,2.98,$49.00,1.3,$5.59,11.38,$3.74,17.02,$14.79B,$5.91B,2.51,$5.66B,$7.50B,0.75,$17.26B,$3.49B,20.24%,$17.26B,$2.01B,11.64%,$17.26B,$2.01B,11.64%,$17.26B,$3.04B,17.58%,$17.26B,$1.90B,11.01%,$17.26B,$1.32B,7.64%,$1.32B,$7.50B,18.61%,$1.32B,$7.50B,18.61%,$1.32B,$22.05B,6.22%,$2.01B,$13.16B,15.49%,$4704,$3764,$940,$66,$139,$4142,$563,$-24,$539,$166,$373,$373,$373,$832,$563,$352,353,$1.06,$1.06,$3124,$885,$270,$14790,$2326,$0,$0,$948,$7264,$22053,$5905,$5655,$771,$8648,$14553,$351,$7976,$-925,$7501,$22053,$683,$528,$-7,$522,$-601,$-127,$0,$106,$-20,$1185,$-671,$0,$0,$-76,$0,$-76,$-24,$-770,$-481,$337,$-144,$19,$19,$-383,$0,$-508,$-36,$0,$-383
6,2017-03-31,64.51,$20.15,3.2,$48.22,1.34,$6.87,9.39,$4.05,15.93,$14.08B,$5.29B,2.66,$5.85B,$7.08B,0.83,$16.97B,$3.48B,20.49%,$16.97B,$2.13B,12.53%,$16.97B,$2.13B,12.53%,$16.97B,$3.14B,18.48%,$16.97B,$2.01B,11.83%,$16.97B,$1.43B,8.40%,$1.43B,$7.08B,20.71%,$1.43B,$7.08B,20.71%,$1.43B,$21.04B,6.78%,$2.13B,$12.93B,16.53%,$4238,$3391,$847,$61,$140,$3772,$466,$-18,$448,$138,$310,$310,$310,$725,$466,$352,353,$0.88,$0.88,$2971,$772,$224,$14084,$2270,$0,$0,$967,$6956,$21040,$5293,$5849,$748,$8667,$13960,$351,$7691,$-1058,$7079,$21040,$310,$259,$-15,$244,$-361,$-35,$0,$59,$56,$611,$-307,$0,$0,$-60,$0,$-60,$31,$-337,$-188,$19,$-169,$18,$18,$-295,$0,$-446,$-151,$0,$-295
7,2016-12-31,61.13,$19.33,3.16,$48.44,1.26,$7.44,8.22,$1.48,41.31,$13.71B,$5.09B,2.7,$6.03B,$6.78B,0.89,$17.03B,$3.52B,20.64%,$17.03B,$1.26B,7.39%,$17.03B,$1.26B,7.39%,$17.03B,$2.25B,13.23%,$17.03B,$1.13B,6.63%,$17.03B,$0.52B,3.06%,$0.52B,$6.78B,7.77%,$0.52B,$6.78B,7.77%,$0.52B,$20.64B,2.47%,$1.26B,$12.81B,9.93%,$4071,$3243,$828,$68,$139,$3615,$455,$-36,$419,$130,$289,$289,$289,$703,$455,$351,352,$0.82,$0.82,$3057,$728,$226,$13710,$2260,$0,$0,$1032,$6929,$20639,$5087,$6028,$739,$8774,$13861,$351,$7485,$-1128,$6778,$20639,$522,$993,$-106,$887,$340,$64,$0,$497,$892,$2301,$-1522,$0,$0,$273,$0,$273,$-316,$-1564,$370,$-323,$47,$-41,$-41,$-829,$0,$-824,$-101,$0,$-829
8,2016-09-30,55.5,$19.90,2.79,$49.12,1.13,$8.75,6.34,$1.64,33.84,$14.01B,$5.19B,2.7,$6.01B,$6.98B,0.86,$17.32B,$3.57B,20.64%,$17.32B,$1.33B,7.70%,$17.32B,$1.33B,7.70%,$17.32B,$2.31B,13.32%,$17.32B,$1.21B,6.99%,$17.32B,$0.58B,3.34%,$0.58B,$6.98B,8.59%,$0.58B,$6.98B,8.59%,$0.58B,$20.97B,2.73%,$1.33B,$12.99B,10.53%,$4249,$3372,$878,$59,$131,$3724,$525,$-30,$495,$149,$346,$346,$346,$776,$525,$351,352,$0.99,$0.98,$2867,$824,$218,$14013,$2251,$0,$0,$1036,$6956,$20969,$5187,$6014,$737,$8804,$13991,$352,$7517,$-927,$6978,$20969,$233,$746,$-48,$697,$16,$-7,$0,$106,$560,$1491,$-1118,$0,$0,$371,$0,$371,$-174,$-921,$242,$-284,$-42,$-45,$-45,$-745,$0,$-832,$-229,$0,$-745
9,2016-06-30,48.78,$19.14,2.55,$50.66,0.96,$10.20,4.78,$1.87,26.08,$14.69B,$5.98B,2.46,$6.02B,$6.71B,0.9,$17.92B,$3.69B,20.61%,$17.92B,$1.46B,8.17%,$17.92B,$1.46B,8.17%,$17.92B,$2.42B,13.50%,$17.92B,$1.34B,7.48%,$17.92B,$0.66B,3.71%,$0.66B,$6.71B,9.72%,$0.66B,$6.71B,9.72%,$0.66B,$21.43B,3.11%,$1.46B,$12.73B,11.45%,$4413,$3489,$924,$61,$135,$3732,$681,$-35,$646,$165,$481,$481,$481,$934,$681,$351,352,$1.37,$1.37,$3491,$825,$246,$14687,$2211,$0,$0,$988,$6741,$21427,$5976,$6018,$717,$8741,$14718,$352,$7255,$-927,$6710,$21427,$-113,$495,$777,$1273,$10,$-12,$0,$86,$490,$1649,$-687,$0,$0,$29,$0,$29,$-128,$-786,$257,$-389,$-132,$-49,$-49,$-661,$0,$-842,$49,$0,$-661
10,2016-03-31,51.21,$18.05,2.84,$52.36,0.98,$9.10,5.63,$1.76,29.1,$14.76B,$6.44B,2.29,$5.82B,$6.34B,0.92,$18.58B,$3.79B,20.38%,$18.58B,$1.46B,7.87%,$18.58B,$1.46B,7.87%,$18.58B,$2.39B,12.88%,$18.58B,$1.35B,7.24%,$18.58B,$0.63B,3.39%,$0.63B,$6.34B,9.05%,$0.63B,$6.34B,9.05%,$0.63B,$21.36B,2.95%,$1.46B,$12.17B,11.36%,$4300,$3414,$886,$60,$135,$4702,$-402,$-28,$-430,$165,$-595,$-595,$-595,$-159,$-402,$351,351,$-1.69,$-1.69,$3313,$829,$266,$14755,$2208,$0,$0,$895,$6602,$21357,$6435,$5823,$748,$8579,$15014,$352,$6858,$-889,$6343,$21357,$-595,$243,$929,$1171,$-142,$-10,$0,$49,$219,$796,$-295,$0,$0,$14,$0,$14,$-11,$-292,$26,$-118,$-92,$-54,$-54,$-577,$0,$-723,$-169,$0,$-577
11,2015-12-31,44.17,$19.76,2.24,$53.70,0.82,$8.24,5.36,$4.51,9.79,$14.69B,$5.72B,2.57,$5.80B,$6.94B,0.84,$19.12B,$3.82B,20.01%,$19.12B,$2.46B,12.86%,$19.12B,$2.46B,12.86%,$19.12B,$3.37B,17.61%,$19.12B,$2.34B,12.23%,$19.12B,$1.60B,8.39%,$1.60B,$6.94B,22.71%,$1.60B,$6.94B,22.71%,$1.60B,$21.11B,7.60%,$2.46B,$12.74B,18.88%,$4355,$3469,$886,$67,$145,$3826,$529,$-30,$499,$152,$347,$347,$347,$757,$529,$355,356,$0.98,$0.98,$3465,$797,$246,$14689,$2176,$0,$0,$871,$6421,$21110,$5718,$5795,$720,$8452,$14169,$351,$7537,$-1017,$6940,$21110,$1604,$907,$-59,$848,$-168,$64,$0,$370,$104,$2556,$-1301,$0,$0,$-294,$0,$-294,$-380,$-1975,$413,$251,$664,$-180,$-180,$-681,$0,$-197,$279,$0,$-681
12,2015-09-30,46.96,$20.77,2.26,$55.82,0.84,$10.95,4.29,$4.64,10.12,$15.20B,$5.39B,2.82,$6.14B,$7.34B,0.84,$19.88B,$3.90B,19.60%,$19.88B,$2.54B,12.76%,$19.88B,$2.54B,12.76%,$19.88B,$3.17B,15.96%,$19.88B,$2.42B,12.16%,$19.88B,$1.65B,8.30%,$1.65B,$7.34B,23.53%,$1.65B,$7.34B,23.53%,$1.65B,$21.52B,7.87%,$2.54B,$13.49B,19.63%,$4847,$3851,$996,$58,$131,$4192,$655,$-30,$625,$193,$431,$431,$431,$886,$655,$355,356,$1.21,$1.21,$3525,$893,$356,$15199,$2141,$0,$0,$830,$6320,$21520,$5390,$6144,$724,$8786,$14176,$355,$7879,$-958,$7344,$21520,$1257,$679,$-65,$614,$-508,$-25,$0,$21,$-20,$1851,$-960,$0,$0,$-216,$0,$-216,$-226,$-1402,$668,$7,$675,$-55,$-55,$-596,$0,$25,$389,$0,$-596
13,2015-06-30,57.24,$20.34,2.81,$56.04,1.02,$10.66,5.37,$4.47,12.81,$15.15B,$5.70B,2.66,$5.91B,$7.22B,0.82,$19.96B,$3.82B,19.15%,$19.96B,$2.47B,12.37%,$19.96B,$2.47B,12.37%,$19.96B,$3.10B,15.55%,$19.96B,$2.34B,11.74%,$19.96B,$1.59B,7.97%,$1.59B,$7.22B,22.82%,$1.59B,$7.22B,22.82%,$1.59B,$21.42B,7.63%,$2.47B,$13.13B,19.50%,$5080,$4061,$1019,$59,$132,$4399,$681,$-29,$652,$205,$447,$447,$447,$909,$681,$355,356,$1.26,$1.26,$3360,$888,$363,$15153,$2162,$0,$0,$806,$6262,$21415,$5699,$5914,$710,$8497,$14197,$355,$7533,$-810,$7219,$21415,$826,$448,$-94,$354,$-569,$2,$0,$33,$8,$1187,$-603,$0,$0,$-194,$0,$-194,$-117,$-915,$397,$106,$503,$13,$13,$-511,$0,$5,$226,$0,$-511
14,2015-03-31,56.45,$18.98,2.97,$54.60,1.03,$9.98,5.65,$4.11,13.74,$14.28B,$5.06B,2.82,$6.00B,$6.73B,0.89,$19.45B,$3.65B,18.79%,$19.45B,$2.30B,11.83%,$19.45B,$2.30B,11.83%,$19.45B,$2.94B,15.09%,$19.45B,$2.17B,11.17%,$19.45B,$1.46B,7.52%,$1.46B,$6.73B,21.03%,$1.46B,$6.73B,21.03%,$1.46B,$20.33B,7.06%,$2.30B,$12.73B,18.30%,$4833,$3910,$923,$56,$133,$4240,$593,$-31,$562,$183,$378,$378,$378,$814,$593,$355,356,$1.07,$1.06,$2792,$866,$341,$14276,$2157,$0,$0,$777,$6051,$20327,$5062,$6000,$729,$8534,$13595,$355,$7164,$-917,$6732,$20327,$378,$221,$-45,$177,$-501,$10,$0,$35,$-79,$476,$-274,$0,$0,$-46,$0,$-46,$-12,$-332,$534,$-348,$186,$6,$6,$-432,$0,$-240,$-173,$0,$-432
15,2014-12-31,60.6,$19.05,3.18,$53.34,1.14,$9.70,6.25,$3.82,15.86,$14.32B,$5.68B,2.52,$5.59B,$6.75B,0.83,$19.00B,$3.52B,18.50%,$19.00B,$2.15B,11.32%,$19.00B,$2.15B,11.32%,$19.00B,$2.78B,14.65%,$19.00B,$2.02B,10.62%,$19.00B,$1.36B,7.15%,$1.36B,$6.75B,19.44%,$1.36B,$6.75B,19.44%,$1.36B,$20.62B,6.53%,$2.15B,$12.34B,17.27%,$5119,$4160,$959,$63,$140,$4511,$608,$-30,$578,$183,$394,$394,$394,$563,$608,$355,356,$1.11,$1.11,$3010,$926,$291,$14316,$2313,$0,$0,$750,$6303,$20619,$5678,$5589,$719,$8188,$13866,$355,$6864,$-580,$6753,$20619,$1359,$633,$162,$794,$-304,$-190,$0,$212,$-30,$2124,$98,$0,$-1239,$-125,$0,$-125,$-267,$-1532,$-232,$349,$117,$-14,$-14,$-624,$0,$-521,$-13,$0,$-624
16,2014-09-30,49.78,$20.22,2.46,$51.91,0.96,$5.85,8.51,$3.58,13.9,$14.43B,$5.90B,2.44,$5.29B,$7.16B,0.74,$18.48B,$3.43B,18.56%,$18.48B,$2.06B,11.14%,$18.48B,$2.06B,11.14%,$18.48B,$2.96B,16.01%,$18.48B,$1.93B,10.42%,$18.48B,$1.30B,7.02%,$1.30B,$7.16B,18.66%,$1.30B,$7.16B,18.66%,$1.30B,$21.03B,6.24%,$2.06B,$12.46B,16.51%,$4928,$4006,$922,$51,$137,$4341,$588,$-35,$552,$181,$371,$371,$371,$818,$588,$355,356,$1.05,$1.04,$2969,$988,$308,$14431,$2384,$0,$0,$955,$6595,$21026,$5904,$5292,$773,$7960,$13863,$355,$6902,$-199,$7163,$21026,$965,$678,$-68,$609,$-386,$-220,$0,$-38,$28,$1602,$-811,$0,$0,$-128,$0,$-128,$-143,$-1082,$-616,$595,$-21,$-9,$-9,$-546,$0,$-576,$-102,$0,$-546
17,2014-06-30,54.79,$20.18,2.71,$50.17,1.09,$5.21,10.51,$3.41,16.07,$14.10B,$5.40B,2.61,$5.61B,$7.16B,0.78,$17.85B,$3.32B,18.58%,$17.85B,$1.95B,10.91%,$17.85B,$1.95B,10.91%,$17.85B,$2.82B,15.82%,$17.85B,$1.81B,10.16%,$17.85B,$1.24B,6.92%,$1.24B,$7.16B,18.22%,$1.24B,$7.16B,18.22%,$1.24B,$20.91B,5.99%,$1.95B,$12.77B,15.78%,$4570,$3719,$850,$50,$140,$4057,$512,$-31,$481,$162,$319,$319,$319,$740,$512,$355,356,$0.90,$0.90,$2715,$969,$301,$14098,$2500,$0,$0,$968,$6810,$20907,$5396,$5609,$768,$8352,$13748,$355,$6609,$64,$7159,$20907,$593,$448,$-34,$414,$-142,$-152,$0,$-6,$-166,$841,$-500,$0,$0,$-70,$0,$-70,$-84,$-653,$-355,$244,$-111,$13,$13,$-468,$0,$-566,$-370,$0,$-468
18,2014-03-31,58.6,$19.35,3.03,$49.46,1.18,$5.52,10.61,$3.33,17.6,$13.86B,$5.63B,2.46,$5.37B,$6.86B,0.78,$17.58B,$3.27B,18.61%,$17.58B,$1.91B,10.84%,$17.58B,$1.91B,10.84%,$17.58B,$2.75B,15.65%,$17.58B,$1.77B,10.04%,$17.58B,$1.21B,6.88%,$1.21B,$6.86B,18.54%,$1.21B,$6.86B,18.54%,$1.21B,$20.60B,5.98%,$1.91B,$12.23B,15.99%,$4380,$3596,$784,$53,$145,$3938,$442,$-36,$407,$133,$274,$274,$274,$662,$442,$355,356,$0.77,$0.77,$2540,$958,$312,$13861,$2509,$0,$0,$980,$6736,$20598,$5632,$5368,$759,$8102,$13734,$355,$6368,$14,$6864,$20598,$274,$220,$-19,$200,$-219,$-143,$0,$22,$-189,$286,$-187,$0,$0,$13,$0,$13,$-2,$-176,$-539,$349,$-190,$12,$12,$-390,$0,$-568,$-460,$0,$-390
19,2013-12-31,51.24,$18.73,2.74,$48.22,1.06,$5.49,9.33,$3.23,15.86,$13.97B,$5.52B,2.53,$5.77B,$6.63B,0.87,$17.12B,$3.22B,18.82%,$17.12B,$1.84B,10.75%,$17.12B,$1.84B,10.75%,$17.12B,$2.65B,15.48%,$17.12B,$1.70B,9.90%,$17.12B,$1.17B,6.84%,$1.17B,$6.63B,18.61%,$1.17B,$6.63B,18.61%,$1.17B,$20.73B,5.92%,$1.84B,$12.40B,16.00%,$4599,$3726,$873,$61,$148,$4083,$516,$-31,$485,$151,$334,$334,$334,$738,$516,$354,355,$0.95,$0.94,$3018,$814,$308,$13971,$2513,$0,$0,$913,$6755,$20726,$5524,$5765,$734,$8567,$14091,$354,$6165,$9,$6634,$20726,$1171,$811,$121,$931,$-198,$-40,$0,$269,$273,$2376,$-1526,$0,$0,$-101,$0,$-101,$-524,$-2151,$1565,$-1039,$526,$31,$31,$-283,$0,$274,$478,$0,$-283
20,2013-09-30,47.3,$18.30,2.58,$46.51,1.02,$3.21,14.73,$3.08,15.36,$13.96B,$5.66B,2.47,$5.49B,$6.48B,0.85,$16.52B,$3.10B,18.76%,$16.52B,$1.72B,10.41%,$16.52B,$1.72B,10.41%,$16.52B,$2.49B,15.05%,$16.52B,$1.57B,9.49%,$16.52B,$1.09B,6.60%,$1.09B,$6.48B,17.89%,$1.09B,$6.48B,17.89%,$1.09B,$20.31B,5.67%,$1.72B,$11.98B,15.72%,$4300,$3491,$809,$57,$135,$3823,$478,$-38,$440,$131,$309,$309,$309,$684,$478,$354,355,$0.87,$0.87,$2912,$893,$371,$13964,$2461,$0,$0,$679,$6348,$20312,$5658,$5494,$672,$8173,$13831,$354,$6222,$-191,$6481,$20312,$837,$589,$70,$658,$-393,$-117,$0,$-19,$205,$1700,$-1137,$0,$0,$-30,$0,$-30,$-298,$-1464,$1319,$-912,$407,$26,$26,$-212,$0,$220,$438,$0,$-212
21,2013-06-30,45.43,$17.27,2.63,$45.19,1.01,$3.98,11.43,$2.87,15.83,$13.13B,$5.68B,2.31,$4.94B,$6.11B,0.81,$16.04B,$3.00B,18.72%,$16.04B,$1.62B,10.12%,$16.04B,$1.62B,10.12%,$16.04B,$2.36B,14.71%,$16.04B,$1.47B,9.18%,$16.04B,$1.02B,6.33%,$1.02B,$6.11B,17.10%,$1.02B,$6.11B,17.10%,$1.02B,$19.20B,5.39%,$1.62B,$11.05B,15.47%,$4301,$3495,$806,$62,$136,$3831,$469,$-36,$433,$141,$292,$292,$292,$667,$469,$354,355,$0.82,$0.82,$2624,$832,$350,$13128,$2390,$0,$0,$676,$6074,$19202,$5682,$4938,$627,$7409,$13090,$354,$5983,$-310,$6112,$19202,$528,$382,$25,$407,$-178,$-71,$0,$6,$218,$1153,$-703,$0,$0,$-43,$0,$-43,$-192,$-938,$780,$-658,$122,$18,$18,$-141,$0,$-2,$170,$0,$-141
22,2013-03-31,42.65,$16.82,2.54,$45.57,0.94,$3.86,11.05,$2.88,14.81,$12.95B,$5.81B,2.23,$4.64B,$5.95B,0.78,$16.20B,$3.02B,18.66%,$16.20B,$1.64B,10.11%,$16.20B,$1.64B,10.11%,$16.20B,$2.35B,14.51%,$16.20B,$1.49B,9.17%,$16.20B,$1.02B,6.30%,$1.02B,$5.95B,17.48%,$1.02B,$5.95B,17.48%,$1.02B,$18.83B,5.49%,$1.64B,$10.59B,16.11%,$3924,$3189,$735,$72,$141,$3547,$378,$-40,$337,$101,$236,$236,$236,$562,$378,$354,355,$0.67,$0.67,$2439,$818,$346,$12948,$2333,$0,$0,$682,$5886,$18834,$5809,$4640,$630,$7077,$12886,$354,$5762,$-239,$5948,$18834,$236,$185,$17,$202,$-228,$-48,$0,$15,$-54,$384,$-297,$0,$0,$-19,$0,$-19,$-26,$-342,$485,$-459,$26,$8,$8,$-71,$0,$-37,$-11,$0,$-71
23,2012-12-31,37.98,$16.54,2.3,$47.86,0.79,$4.01,9.47,$3.12,12.17,$12.78B,$5.95B,2.15,$4.32B,$5.85B,0.74,$17.05B,$3.14B,18.43%,$17.05B,$1.77B,10.40%,$17.05B,$1.77B,10.40%,$17.05B,$2.47B,14.51%,$17.05B,$1.63B,9.55%,$17.05B,$1.11B,6.52%,$1.11B,$5.85B,19.22%,$1.11B,$5.85B,19.22%,$1.11B,$18.63B,6.03%,$1.77B,$10.16B,18.25%,$3997,$3247,$750,$66,$139,$3602,$395,$-37,$358,$105,$254,$254,$254,$573,$395,$355,356,$0.72,$0.72,$2465,$782,$332,$12780,$2313,$0,$0,$647,$5848,$18628,$5945,$4317,$675,$6836,$12781,$353,$5596,$-160,$5847,$18628,$1112,$701,$15,$716,$69,$-62,$0,$-12,$-308,$1519,$-1479,$0,$0,$-281,$0,$-281,$-829,$-2588,$1533,$-366,$1167,$-148,$-148,$-810,$0,$210,$-834,$0,$-810
24,2012-09-30,32.87,$16.61,1.98,$49.94,0.66,$4.68,7.03,$3.31,9.93,$13.09B,$6.24B,2.1,$4.29B,$5.86B,0.73,$17.91B,$3.25B,18.16%,$17.91B,$1.90B,10.60%,$17.91B,$1.90B,10.60%,$17.91B,$2.59B,14.46%,$17.91B,$1.74B,9.73%,$17.91B,$1.19B,6.62%,$1.19B,$5.86B,20.94%,$1.19B,$5.86B,20.94%,$1.19B,$18.69B,6.56%,$1.90B,$10.16B,20.62%,$3820,$3109,$712,$67,$137,$3439,$381,$-36,$345,$112,$234,$234,$234,$557,$381,$354,354,$0.66,$0.66,$2706,$916,$333,$13092,$2182,$0,$0,$678,$5601,$18693,$6241,$4293,$531,$6590,$12830,$357,$5756,$-161,$5862,$18693,$858,$522,$-20,$502,$-205,$-201,$0,$-51,$-444,$917,$-83,$0,$-963,$-53,$0,$-53,$-563,$-1662,$1549,$-558,$991,$-155,$-155,$-456,$0,$380,$-356,$0,$-456
25,2012-06-30,32.03,$16.16,1.98,$50.85,0.63,$5.58,5.74,$3.42,9.37,$12.93B,$6.32B,2.04,$4.02B,$5.71B,0.7,$18.34B,$3.31B,18.06%,$18.34B,$1.96B,10.69%,$18.34B,$1.96B,10.69%,$18.34B,$2.65B,14.44%,$18.34B,$1.79B,9.77%,$18.34B,$1.23B,6.73%,$1.23B,$5.71B,22.05%,$1.23B,$5.71B,22.05%,$1.23B,$18.25B,7.06%,$1.96B,$9.73B,22.39%,$4457,$3633,$825,$74,$147,$3974,$483,$-37,$446,$149,$297,$297,$297,$658,$483,$356,357,$0.83,$0.83,$2648,$883,$356,$12927,$2097,$0,$0,$622,$5318,$18245,$6324,$4019,$500,$6208,$12533,$357,$5664,$-236,$5712,$18245,$625,$346,$-62,$285,$-398,$-177,$0,$-66,$-465,$444,$-33,$0,$-628,$-31,$0,$-31,$-388,$-1080,$1292,$-508,$784,$-134,$-134,$-386,$0,$264,$-387,$0,$-386
26,2012-03-31,38.08,$16.03,2.37,$49.14,0.77,$6.74,5.65,$3.24,11.75,$12.97B,$7.19B,1.8,$3.12B,$5.72B,0.55,$17.85B,$3.22B,18.03%,$17.85B,$1.88B,10.52%,$17.85B,$1.88B,10.52%,$17.85B,$2.56B,14.34%,$17.85B,$1.70B,9.52%,$17.85B,$1.18B,6.59%,$1.18B,$5.72B,20.84%,$1.18B,$5.72B,20.84%,$1.18B,$18.16B,6.92%,$1.88B,$8.84B,22.35%,$4776,$3920,$856,$72,$150,$4261,$515,$-36,$479,$152,$327,$327,$327,$686,$515,$357,358,$0.92,$0.91,$2871,$819,$350,$12971,$2063,$0,$0,$657,$5187,$18158,$7190,$3119,$493,$5249,$12439,$357,$5438,$-124,$5719,$18158,$327,$171,$-86,$84,$-470,$-96,$0,$-16,$-285,$126,$15,$0,$-229,$-26,$0,$-26,$-124,$-365,$373,$-26,$348,$-11,$-11,$-314,$0,$22,$-184,$0,$-314
27,2011-12-31,30.35,$15.03,2.02,$44.74,0.68,$7.66,3.96,$2.86,10.61,$12.21B,$6.90B,1.77,$2.75B,$5.36B,0.51,$16.36B,$3.01B,18.42%,$16.36B,$1.70B,10.41%,$16.36B,$1.70B,10.41%,$16.36B,$2.38B,14.53%,$16.36B,$1.51B,9.21%,$16.36B,$1.04B,6.38%,$1.04B,$5.36B,18.52%,$1.04B,$5.36B,18.52%,$1.04B,$17.17B,6.42%,$1.70B,$8.11B,20.50%,$4854,$3994,$859,$72,$144,$4334,$520,$-48,$473,$145,$328,$328,$328,$688,$520,$363,364,$0.90,$0.91,$3017,$710,$249,$12214,$1973,$0,$0,$596,$4959,$17173,$6901,$2746,$507,$4907,$11808,$357,$5175,$-219,$5364,$17173,$1042,$674,$209,$883,$-960,$-187,$0,$229,$-332,$1593,$-1308,$0,$0,$-472,$0,$-472,$-639,$-2419,$-152,$1643,$1490,$-327,$-327,$-217,$0,$946,$66,$0,$-217
28,2011-09-30,26.75,$15.62,1.71,$39.76,0.67,$11.75,2.28,$2.41,11.1,$11.45B,$6.22B,1.84,$2.76B,$5.59B,0.49,$14.56B,$2.75B,18.91%,$14.56B,$1.48B,10.14%,$14.56B,$1.48B,10.14%,$14.56B,$1.70B,11.70%,$14.56B,$1.27B,8.74%,$14.56B,$0.89B,6.08%,$0.89B,$5.59B,15.72%,$0.89B,$5.59B,15.72%,$0.89B,$16.35B,5.71%,$1.48B,$8.36B,17.71%,$4257,$3484,$773,$70,$137,$3814,$443,$-48,$395,$113,$282,$282,$282,$617,$443,$363,364,$0.78,$0.77,$2795,$725,$259,$11448,$1868,$0,$0,$630,$4907,$16354,$6221,$2764,$325,$4540,$10760,$366,$5408,$-31,$5594,$16354,$715,$506,$44,$550,$-848,$-198,$0,$-19,$-113,$1151,$33,$0,$-1014,$-473,$0,$-473,$-332,$-1785,$-79,$990,$911,$-246,$-246,$-153,$0,$512,$-161,$0,$-153
29,2011-06-30,40.22,$16.19,2.49,$35.02,1.15,$12.11,3.32,$1.97,20.42,$11.43B,$6.24B,1.83,$2.38B,$5.91B,0.4,$12.84B,$2.50B,19.49%,$12.84B,$1.27B,9.89%,$12.84B,$1.27B,9.89%,$12.84B,$1.48B,11.49%,$12.84B,$1.06B,8.21%,$12.84B,$0.72B,5.63%,$0.72B,$5.91B,13.01%,$0.72B,$5.91B,13.01%,$0.72B,$16.30B,4.85%,$1.27B,$8.30B,15.17%,$3961,$3231,$730,$78,$133,$3561,$400,$-46,$353,$114,$240,$240,$240,$569,$400,$366,367,$0.66,$0.65,$2926,$743,$267,$11433,$1819,$0,$0,$628,$4868,$16301,$6244,$2384,$339,$4143,$10387,$366,$5192,$239,$5914,$16301,$433,$331,$-44,$288,$-554,$-177,$0,$20,$71,$792,$58,$0,$-718,$-566,$0,$-566,$-176,$-1402,$-562,$1008,$446,$4,$4,$-88,$0,$363,$-168,$0,$-88
30,2011-03-31,41.12,$15.46,2.66,$30.96,1.33,$11.51,3.57,$1.59,25.86,$10.60B,$4.98B,2.13,$2.80B,$5.65B,0.5,$11.35B,$2.28B,20.11%,$11.35B,$1.09B,9.61%,$11.35B,$1.09B,9.61%,$11.35B,$1.28B,11.27%,$11.35B,$0.85B,7.50%,$11.35B,$0.58B,5.14%,$0.58B,$5.65B,10.94%,$0.58B,$5.65B,10.94%,$0.58B,$15.13B,4.11%,$1.09B,$8.45B,13.09%,$3284,$2632,$651,$68,$133,$2944,$339,$-53,$286,$93,$193,$193,$193,$502,$339,$366,367,$0.53,$0.53,$2691,$590,$208,$10598,$1724,$0,$0,$640,$4536,$15134,$4976,$2797,$380,$4509,$9485,$365,$4996,$174,$5649,$15134,$193,$162,$16,$179,$-333,$-34,$0,$32,$88,$459,$24,$0,$-295,$-526,$0,$-526,$-53,$-851,$-115,$146,$32,$2,$2,$-44,$0,$-10,$-351,$0,$-44
31,2010-12-31,44.93,$14.67,3.06,$28.12,1.6,$11.12,4.04,$1.25,35.95,$9.93B,$4.35B,2.28,$2.88B,$5.36B,0.54,$10.29B,$2.09B,20.34%,$10.29B,$0.92B,8.96%,$10.29B,$0.92B,8.96%,$10.29B,$1.11B,10.82%,$10.29B,$0.66B,6.42%,$10.29B,$0.46B,4.45%,$0.46B,$5.36B,8.82%,$0.46B,$5.36B,8.82%,$0.46B,$14.23B,3.29%,$0.92B,$8.24B,11.19%,$3056,$2457,$599,$65,$130,$2761,$294,$-55,$239,$69,$170,$170,$170,$16,$294,$365,366,$0.46,$0.46,$2491,$534,$219,$9925,$1674,$0,$0,$616,$4309,$14234,$4348,$2881,$934,$4529,$8876,$365,$4846,$41,$5358,$14234,$458,$190,$488,$678,$-43,$97,$0,$141,$416,$1551,$232,$0,$-715,$-234,$0,$-234,$250,$-467,$-183,$-548,$-731,$22,$22,$-252,$0,$-960,$129,$0,$-252
32,2010-09-30,37.45,$14.58,2.57,$25.92,1.44,$11.10,3.37,$0.92,40.7,$9.69B,$3.92B,2.47,$3.18B,$5.32B,0.6,$9.48B,$1.95B,20.60%,$9.48B,$0.79B,8.37%,$9.48B,$0.79B,8.37%,$9.48B,$1.43B,15.06%,$9.48B,$0.52B,5.44%,$9.48B,$0.33B,3.52%,$0.33B,$5.32B,6.51%,$0.33B,$5.32B,6.51%,$0.33B,$13.98B,2.39%,$0.79B,$8.50B,9.65%,$2543,$2019,$523,$60,$116,$2306,$237,$-60,$177,$57,$120,$120,$120,$389,$237,$365,366,$0.33,$0.33,$2412,$513,$215,$9690,$1677,$0,$0,$639,$4294,$13984,$3923,$3181,$361,$4745,$8668,$365,$4830,$38,$5316,$13984,$288,$468,$25,$494,$18,$115,$0,$101,$381,$1163,$160,$0,$-478,$-138,$0,$-138,$299,$-157,$102,$-874,$-773,$10,$10,$-98,$0,$-861,$145,$0,$-98
33,2010-06-30,30.94,$13.70,2.26,$24.48,1.26,$10.28,3.01,$0.63,49.12,$9.31B,$3.82B,2.44,$3.12B,$4.99B,0.63,$8.95B,$1.79B,20.05%,$8.95B,$0.67B,7.46%,$8.95B,$0.67B,7.46%,$8.95B,$1.32B,14.78%,$8.95B,$0.36B,3.98%,$8.95B,$0.23B,2.54%,$0.23B,$4.99B,4.49%,$0.23B,$4.99B,4.49%,$0.23B,$13.42B,1.60%,$0.67B,$8.12B,8.20%,$2464,$1955,$509,$58,$120,$2244,$220,$-72,$149,$49,$100,$100,$100,$372,$220,$365,366,$0.27,$0.27,$2193,$481,$223,$9313,$1592,$0,$0,$623,$4109,$13422,$3820,$3124,$341,$4608,$8428,$365,$4743,$-191,$4994,$13422,$168,$317,$-3,$314,$16,$113,$0,$88,$318,$800,$-173,$0,$0,$-77,$0,$-77,$237,$-13,$102,$-718,$-616,$8,$8,$-66,$0,$-674,$-14,$0,$-66
34,2010-03-31,33.57,$13.98,2.4,$22.82,1.47,$10.20,3.29,$0.43,78.06,$9.64B,$4.32B,2.23,$3.01B,$5.09B,0.59,$8.33B,$1.64B,19.70%,$8.33B,$0.59B,7.08%,$8.33B,$0.59B,7.08%,$8.33B,$1.25B,15.03%,$8.33B,$0.24B,2.82%,$8.33B,$0.15B,1.85%,$0.15B,$5.09B,3.06%,$0.15B,$5.09B,3.06%,$0.15B,$13.99B,1.06%,$0.59B,$8.10B,7.15%,$2231,$1768,$463,$55,$116,$2060,$171,$-75,$96,$28,$68,$68,$68,$337,$171,$365,366,$0.19,$0.19,$2101,$546,$222,$9641,$1696,$0,$0,$687,$4349,$13990,$4315,$3011,$358,$4582,$8897,$365,$4676,$-18,$5093,$13990,$68,$165,$-20,$146,$-1,$0,$0,$72,$72,$285,$54,$0,$-163,$-27,$0,$-27,$177,$41,$10,$-332,$-322,$4,$4,$-33,$0,$-351,$-57,$0,$-33
35,2009-12-31,28.02,$14.02,2.0,$22.18,1.26,$9.73,2.88,$0.31,90.39,$10.04B,$4.72B,2.13,$3.06B,$5.10B,0.6,$8.09B,$1.60B,19.82%,$8.09B,$0.58B,7.16%,$8.09B,$0.58B,7.16%,$8.09B,$1.23B,15.21%,$8.09B,$0.18B,2.18%,$8.09B,$0.11B,1.39%,$0.11B,$5.10B,2.26%,$0.11B,$5.10B,2.26%,$0.11B,$14.57B,0.75%,$0.58B,$8.17B,6.81%,$2240,$1783,$457,$51,$116,$2076,$165,$-71,$94,$48,$46,$46,$46,$329,$165,$364,365,$0.13,$0.13,$2132,$632,$224,$10040,$1758,$0,$0,$754,$4529,$14569,$4716,$3062,$953,$4749,$9465,$364,$4641,$36,$5104,$14569,$112,$652,$46,$698,$805,$53,$0,$-23,$564,$1373,$396,$0,$-843,$-43,$0,$-43,$801,$311,$-812,$-790,$-1602,$18,$18,$-232,$0,$-1816,$-43,$0,$-232
36,2009-09-30,29.07,$13.85,2.1,$24.01,1.21,$8.28,3.51,$0.49,59.32,$10.39B,$5.02B,2.07,$3.11B,$5.03B,0.62,$8.76B,$1.72B,19.64%,$8.76B,$0.57B,6.52%,$8.76B,$0.57B,6.52%,$8.76B,$1.23B,14.02%,$8.76B,$0.25B,2.83%,$8.76B,$0.18B,2.04%,$0.18B,$5.03B,3.67%,$0.18B,$5.03B,3.67%,$0.18B,$14.80B,1.17%,$0.57B,$8.15B,6.60%,$2011,$1647,$365,$43,$109,$1900,$111,$-94,$17,$4,$13,$13,$13,$284,$111,$364,365,$0.04,$0.04,$2040,$629,$0,$10392,$1762,$0,$0,$732,$4406,$14797,$5021,$3114,$0,$4744,$9765,$364,$4627,$-8,$5033,$14797,$66,$487,$-247,$240,$495,$0,$0,$63,$558,$864,$156,$0,$-536,$-64,$0,$-64,$839,$395,$-793,$-522,$-1316,$11,$11,$-199,$0,$-1504,$-156,$0,$-199
37,2009-06-30,24.93,$13.53,1.84,$29.48,0.85,$7.63,3.27,$1.27,19.63,$10.65B,$4.72B,2.26,$3.66B,$4.92B,0.75,$10.76B,$2.25B,20.89%,$10.76B,$1.00B,9.32%,$10.76B,$1.00B,9.32%,$10.76B,$1.66B,15.39%,$10.76B,$0.66B,6.14%,$10.76B,$0.47B,4.32%,$0.47B,$4.92B,9.38%,$0.47B,$4.92B,9.38%,$0.47B,$14.92B,2.93%,$1.00B,$8.58B,11.18%,$1849,$1493,$356,$53,$101,$1706,$143,$-115,$28,$1,$27,$27,$27,$302,$143,$363,364,$0.07,$0.07,$2035,$645,$0,$10648,$1733,$0,$0,$686,$4274,$14923,$4722,$3661,$0,$5285,$10007,$364,$4647,$-136,$4916,$14923,$53,$314,$-443,$-129,$414,$0,$0,$72,$486,$410,$184,$0,$-299,$10,$0,$10,$595,$490,$-223,$-630,$-853,$6,$6,$-167,$0,$-1014,$-86,$0,$-167
38,2009-03-31,19.68,$13.03,1.51,$35.63,0.55,$7.74,2.54,$2.06,9.55,$10.85B,$4.31B,2.52,$4.41B,$4.73B,0.93,$13.02B,$2.80B,21.51%,$13.02B,$1.41B,10.83%,$13.02B,$1.41B,10.83%,$13.02B,$2.07B,15.87%,$13.02B,$1.08B,8.28%,$13.02B,$0.75B,5.78%,$0.75B,$4.73B,14.79%,$0.75B,$4.73B,14.79%,$0.75B,$15.07B,4.52%,$1.41B,$9.14B,15.17%,$1986,$1561,$425,$52,$110,$1826,$160,$-124,$37,$10,$26,$26,$26,$315,$160,$363,364,$0.07,$0.07,$2102,$603,$0,$10846,$1703,$0,$0,$707,$4223,$15068,$4307,$4407,$0,$6030,$10337,$364,$4686,$-356,$4731,$15068,$26,$155,$-157,$-2,$205,$0,$0,$-139,$66,$91,$75,$0,$-96,$-2,$0,$-2,$376,$352,$588,$-904,$-316,$7,$7,$-101,$0,$-410,$-30,$0,$-101
39,2008-12-31,21.71,$13.35,1.63,$40.86,0.53,$8.18,2.65,$2.78,7.81,$11.74B,$5.65B,2.08,$3.91B,$4.85B,0.81,$14.97B,$3.24B,21.61%,$14.97B,$1.87B,12.50%,$14.97B,$1.87B,12.50%,$14.97B,$2.52B,16.86%,$14.97B,$1.47B,9.78%,$14.97B,$1.02B,6.80%,$1.02B,$4.85B,19.57%,$1.02B,$4.85B,19.57%,$1.02B,$16.25B,5.90%,$1.87B,$8.76B,20.35%,$2917,$2342,$575,$80,$122,$2759,$157,$9,$166,$53,$113,$113,$113,$328,$157,$364,366,$0.31,$0.31,$2131,$658,$0,$11736,$1783,$0,$0,$771,$4514,$16250,$5654,$3909,$471,$5749,$11403,$363,$4725,$-270,$4847,$16250,$1018,$653,$161,$814,$-302,$-85,$0,$99,$-527,$1305,$-59,$0,$-1087,$572,$0,$572,$322,$-252,$462,$-482,$-20,$-219,$-219,$-629,$0,$-868,$97,$0,$-629
40,2008-09-30,28.71,$14.72,1.95,$42.96,0.67,$7.57,3.79,$3.18,9.03,$12.76B,$6.25B,2.04,$4.08B,$5.34B,0.76,$15.82B,$3.48B,22.00%,$15.82B,$1.92B,12.15%,$15.82B,$1.92B,12.15%,$15.82B,$2.55B,16.13%,$15.82B,$1.67B,10.56%,$15.82B,$1.17B,7.37%,$1.17B,$5.34B,22.24%,$1.17B,$5.34B,22.24%,$1.17B,$17.23B,6.65%,$1.92B,$9.41B,20.89%,$4005,$3114,$891,$88,$147,$3462,$543,$-114,$429,$130,$299,$299,$299,$710,$543,$363,365,$0.82,$0.82,$1947,$938,$0,$12756,$1780,$0,$0,$709,$4476,$17232,$6248,$4075,$0,$5645,$11893,$363,$4713,$237,$5339,$17232,$905,$482,$-86,$396,$-431,$0,$0,$89,$-342,$960,$-177,$0,$-790,$210,$0,$210,$210,$-547,$423,$-478,$-55,$-219,$-219,$-564,$0,$-838,$-462,$0,$-564
41,2008-06-30,31.31,$14.91,2.1,$42.08,0.74,$9.19,3.41,$3.17,9.88,$13.40B,$6.50B,2.06,$4.44B,$5.42B,0.82,$15.57B,$3.42B,21.96%,$15.57B,$1.99B,12.78%,$15.57B,$1.99B,12.78%,$15.57B,$2.58B,16.59%,$15.57B,$1.67B,10.70%,$15.57B,$1.17B,7.51%,$1.17B,$5.42B,22.45%,$1.17B,$5.42B,22.45%,$1.17B,$18.01B,6.69%,$1.99B,$9.86B,22.12%,$4113,$3202,$910,$91,$158,$3563,$550,$-104,$446,$133,$314,$314,$314,$714,$550,$365,367,$0.86,$0.86,$2275,$892,$0,$13397,$1787,$0,$0,$812,$4614,$18011,$6499,$4443,$0,$6095,$12594,$369,$4735,$522,$5417,$18011,$606,$315,$-164,$152,$-64,$0,$0,$60,$-4,$754,$-116,$0,$-482,$190,$0,$190,$72,$-336,$643,$-625,$18,$-183,$-183,$-499,$0,$-664,$-170,$0,$-499
42,2008-03-31,33.56,$14.24,2.36,$40.76,0.82,$10.03,3.35,$3.10,10.83,$13.16B,$7.15B,1.84,$3.56B,$5.20B,0.68,$15.18B,$3.31B,21.84%,$15.18B,$2.04B,13.42%,$15.18B,$2.04B,13.42%,$15.18B,$2.60B,17.10%,$15.18B,$1.65B,10.87%,$15.18B,$1.15B,7.60%,$1.15B,$5.20B,22.49%,$1.15B,$5.20B,22.49%,$1.15B,$17.58B,6.75%,$2.04B,$8.76B,23.67%,$3938,$3079,$859,$83,$155,$3317,$621,$-197,$424,$131,$292,$292,$292,$772,$621,$367,368,$0.80,$0.79,$2386,$705,$0,$13155,$1731,$0,$0,$754,$4424,$17579,$7148,$3555,$0,$5229,$12378,$369,$4487,$471,$5201,$17579,$292,$151,$18,$169,$-95,$0,$0,$1,$-94,$367,$-39,$0,$-212,$149,$0,$149,$149,$47,$-287,$220,$-67,$-97,$-97,$-433,$0,$-597,$-119,$0,$-433
43,2007-12-31,40.46,$13.61,2.97,$40.69,0.99,$10.31,3.93,$3.28,12.34,$13.15B,$6.97B,1.89,$3.75B,$5.01B,0.75,$15.22B,$3.30B,21.71%,$15.22B,$2.08B,13.68%,$15.22B,$2.08B,13.68%,$15.22B,$2.61B,17.13%,$15.22B,$1.76B,11.59%,$15.22B,$1.23B,8.06%,$1.23B,$5.01B,24.47%,$1.23B,$5.01B,24.47%,$1.23B,$17.31B,7.34%,$2.08B,$8.76B,25.00%,$3759,$2939,$820,$92,$157,$3552,$207,$165,$371,$110,$261,$261,$261,$355,$207,$371,373,$0.71,$0.72,$2637,$628,$0,$13148,$1643,$0,$0,$712,$4162,$17310,$6974,$3746,$539,$5323,$12297,$368,$4261,$408,$5013,$17310,$1227,$526,$46,$573,$225,$114,$0,$194,$256,$2055,$-1014,$0,$0,$63,$0,$63,$-346,$-1297,$594,$-366,$228,$-330,$-330,$-737,$0,$-839,$6,$0,$-737
44,2007-09-30,41.28,$14.11,2.93,$41.83,0.99,$10.25,4.03,$3.58,11.52,$13.19B,$6.93B,1.9,$3.41B,$5.20B,0.66,$15.69B,$3.49B,22.27%,$15.69B,$2.57B,16.40%,$15.69B,$2.58B,16.41%,$15.69B,$3.07B,19.53%,$15.69B,$1.95B,12.42%,$15.69B,$1.35B,8.58%,$1.35B,$5.20B,27.63%,$1.35B,$5.20B,27.63%,$1.35B,$17.02B,8.20%,$2.57B,$8.60B,32.09%,$3762,$2931,$831,$68,$152,$3150,$612,$-187,$425,$123,$302,$302,$302,$742,$612,$370,373,$0.82,$0.81,$2423,$660,$0,$13194,$1484,$0,$0,$630,$3821,$17015,$6933,$3408,$0,$4886,$11819,$368,$4434,$361,$5196,$17015,$966,$378,$101,$479,$-34,$0,$0,$48,$14,$1459,$-57,$0,$-557,$10,$0,$10,$-359,$-963,$257,$-147,$110,$-269,$-269,$-670,$0,$-829,$-254,$0,$-670
45,2007-06-30,42.01,$13.66,3.08,$42.92,0.98,$9.76,4.3,$3.85,10.92,$12.92B,$6.73B,1.92,$3.21B,$5.09B,0.63,$16.14B,$3.50B,21.72%,$16.14B,$2.67B,16.53%,$16.14B,$2.67B,16.54%,$16.14B,$3.14B,19.47%,$16.14B,$2.09B,12.98%,$16.14B,$1.45B,8.98%,$1.45B,$5.09B,30.47%,$1.45B,$5.09B,30.47%,$1.45B,$16.46B,9.04%,$2.67B,$8.31B,33.97%,$3716,$2913,$804,$58,$149,$3119,$597,$-167,$430,$132,$298,$298,$298,$726,$597,$373,375,$0.80,$0.79,$2480,$566,$0,$12916,$1392,$0,$0,$624,$3548,$16464,$6732,$3212,$0,$4639,$11371,$249,$4578,$253,$5093,$16464,$664,$247,$-28,$220,$58,$0,$0,$41,$99,$983,$-12,$0,$-321,$-244,$0,$-244,$-324,$-902,$119,$-31,$88,$-20,$-20,$-609,$0,$-541,$-438,$0,$-609
46,2007-03-31,35.32,$12.76,2.77,$44.07,0.8,$9.59,3.68,$4.04,8.75,$12.75B,$7.04B,1.81,$2.90B,$4.76B,0.61,$16.59B,$3.51B,21.19%,$16.59B,$2.75B,16.57%,$16.59B,$2.75B,16.57%,$16.59B,$3.20B,19.30%,$16.59B,$2.21B,13.34%,$16.59B,$1.52B,9.17%,$1.52B,$4.76B,33.16%,$1.52B,$4.76B,33.16%,$1.52B,$16.11B,9.75%,$2.75B,$7.66B,35.88%,$3985,$3135,$849,$37,$145,$3317,$667,$-130,$538,$172,$366,$366,$366,$785,$667,$373,375,$0.98,$0.97,$2394,$651,$0,$12751,$1342,$0,$0,$545,$3358,$16110,$7041,$2900,$0,$4312,$11353,$249,$4342,$164,$4757,$16110,$366,$118,$-88,$30,$-7,$0,$0,$25,$18,$413,$25,$0,$-138,$-195,$0,$-195,$-157,$-465,$-166,$308,$142,$-28,$-28,$-547,$0,$-433,$-477,$0,$-547
47,2006-12-31,31.15,$17.93,1.74,$43.57,0.71,$9.69,3.22,$3.97,7.85,$12.79B,$7.20B,1.78,$3.06B,$4.46B,0.69,$16.45B,$3.42B,20.77%,$16.45B,$2.70B,16.42%,$16.45B,$2.70B,16.42%,$16.45B,$3.14B,19.06%,$16.45B,$2.18B,13.22%,$16.45B,$1.50B,9.10%,$1.50B,$4.46B,33.89%,$1.50B,$4.46B,33.89%,$1.50B,$16.11B,9.91%,$2.70B,$7.51B,36.29%,$4229,$3219,$1010,$0,$149,$3531,$698,$-143,$556,$176,$381,$381,$381,$812,$699,$375,377,$1.02,$1.02,$2674,$694,$0,$12788,$1347,$0,$0,$521,$3319,$16107,$7203,$3057,$478,$4448,$11651,$249,$4026,$156,$4456,$16107,$1496,$435,$95,$529,$-145,$-169,$0,$-282,$-173,$1853,$-820,$0,$0,$-233,$0,$-233,$-774,$-1826,$271,$576,$847,$-274,$-274,$-530,$0,$43,$154,$0,$-530
