,Date,Stock Price,Book Value per Share,Price to Book Ratio,TTM Sales per Share,Price to Sales Ratio,TTM FCF per Share,Price to FCF Ratio,TTM Net EPS,PE Ratio,Current Assets,Current Liabilities,Current Ratio,Long Term Debt,Shareholder's Equity_x,Debt to Equity Ratio,TTM Revenue_x,TTM Gross Profit,Gross Margin,TTM Revenue_y,TTM Operating Income,Operating Margin,TTM Revenue_x,TTM EBIT,EBIT Margin,TTM Revenue_y,TTM EBITDA,EBITDA Margin,TTM Revenue_x,TTM Pre-Tax Income,Pre-Tax Margin,TTM Revenue_y,TTM Net Income_x,Net Margin,TTM Net Income_y,Shareholder's Equity_y,Return on Equity,TTM Net Income_x,Tangible Equity,Return on Tangible Equity,TTM Net Income_y,Total Assets,Return on Assets,TTM Net Income,LT Investments & Debt,Return on Investment,revenue,cost-goods-sold,gross-profit,research-development-expenses,selling-general-administrative-expenses,operating-expenses,operating-income,total-non-operating-income-expense,pre-tax-income,total-provision-income-taxes,income-after-taxes,income-from-continuous-operations,net-income,ebitda,ebit,basic-shares-outstanding,shares-outstanding,eps-basic-net-earnings-per-share,eps-earnings-per-share-diluted,cash-on-hand,inventory,other-current-assets,total-current-assets,net-property-plant-equipment,long-term-investments,goodwill-intangible-assets-total,other-long-term-assets,total-long-term-assets,total-assets,total-current-liabilities,long-term-debt,other-non-current-liabilities,total-long-term-liabilities,total-liabilities,common-stock-net,retained-earnings-accumulated-deficit,comprehensive-income,total-share-holder-equity,total-liabilities-share-holders-equity,net-income-loss,total-depreciation-amortization-cash-flow,other-non-cash-items,total-non-cash-items,change-in-accounts-receivable,change-in-inventories,change-in-accounts-payable,change-in-assets-liabilities,total-change-in-assets-liabilities,cash-flow-from-operating-activities,net-change-in-property-plant-equipment,net-change-in-intangible-assets,net-acquisitions-divestitures,net-change-in-short-term-investments,net-change-in-long-term-investments,net-change-in-investments-total,investing-activities-other,cash-flow-from-investing-activities,net-long-term-debt,net-current-debt,debt-issuance-retirement-net-total,net-common-equity-issued-repurchased,net-total-equity-issued-repurchased,total-common-preferred-stock-dividends-paid,financial-activities-other,cash-flow-from-financial-activities,net-cash-flow,stock-based-compensation,common-stock-dividends-paid
0,2018-09-30,40.95,$18.79,2.18,$16.89,2.42,$6.31,6.49,$2.23,18.36,$0.27B,$0.31B,0.87,$0.78B,$1.18B,0.67,$0.93B,$0.30B,31.65%,$0.93B,$0.21B,22.21%,$0.93B,$0.21B,22.21%,$0.93B,$0.27B,28.76%,$0.93B,$0.17B,18.67%,$0.93B,$0.13B,14.27%,$0.13B,$1.18B,13.05%,$0.13B,$1.16B,13.24%,$0.13B,$2.41B,6.54%,$0.21B,$1.96B,11.85%,$289,$196,$94,$0,$15,$211,$78,$-12,$66,$5,$60,$60,$60,$97,$78,$63,65,$0.96,$0.93,$138,$74,$19,$269,$340,$77,$19,$24,$2144,$2413,$308,$784,$14,$926,$1234,$63,$-256,$-111,$1179,$2413,$121,$54,$-12,$42,$0,$0,$0,$-13,$-13,$148,$-31,$0,$0,$0,$0,$0,$4,$-27,$86,$-106,$-20,$0,$0,$-75,$-5,$-101,$21,$7,$-75
1,2018-06-30,50.85,$21.69,2.34,$17.04,2.98,$6.59,7.71,$2.12,23.99,$0.25B,$0.08B,3.21,$0.78B,$1.36B,0.58,$0.83B,$0.27B,32.05%,$0.83B,$0.17B,20.89%,$0.83B,$0.17B,20.89%,$0.83B,$0.23B,27.01%,$0.83B,$0.14B,17.29%,$0.83B,$0.11B,12.85%,$0.11B,$1.36B,13.86%,$0.11B,$1.34B,14.03%,$0.11B,$2.40B,6.39%,$0.17B,$2.14B,12.06%,$268,$181,$87,$0,$17,$199,$69,$-11,$58,$12,$46,$46,$46,$91,$69,$63,63,$0.73,$0.73,$126,$63,$18,$250,$340,$76,$19,$20,$2147,$2397,$78,$783,$15,$958,$1036,$63,$-69,$-114,$1361,$2397,$61,$34,$12,$47,$0,$0,$0,$-11,$-11,$95,$-19,$0,$0,$0,$0,$0,$4,$-15,$86,$-106,$-20,$0,$0,$-50,$-5,$-75,$5,$5,$-50
2,2018-03-31,51.65,$21.28,2.43,$16.76,3.08,$6.95,7.43,$1.98,26.09,$0.22B,$0.08B,2.64,$0.78B,$1.34B,0.59,$0.73B,$0.23B,31.87%,$0.73B,$0.15B,20.19%,$0.73B,$0.15B,20.19%,$0.73B,$0.18B,25.14%,$0.73B,$0.12B,16.35%,$0.73B,$0.09B,11.68%,$0.09B,$1.34B,17.92%,$0.09B,$1.32B,18.10%,$0.09B,$2.37B,6.48%,$0.15B,$2.12B,13.50%,$200,$139,$61,$0,$14,$172,$28,$-8,$20,$6,$15,$15,$15,$40,$28,$50,51,$0.29,$0.29,$102,$62,$22,$215,$343,$78,$19,$13,$2158,$2372,$81,$783,$18,$956,$1037,$63,$-90,$-117,$1335,$2372,$15,$13,$1,$13,$0,$0,$0,$7,$7,$35,$-6,$0,$0,$0,$0,$0,$4,$-3,$86,$-106,$-20,$0,$0,$-25,$-5,$-50,$-18,$3,$-25
3,2017-12-31,49.14,$4.94,9.95,$16.47,2.98,$7.26,6.77,$2.10,23.4,$0.19B,$0.08B,2.58,$0.56B,$0.20B,2.79,$0.68B,$0.21B,30.68%,$0.68B,$0.15B,21.39%,$0.68B,$0.15B,21.39%,$0.68B,$0.18B,25.96%,$0.68B,$0.12B,17.40%,$0.68B,$0.09B,12.83%,$0.09B,$0.20B,48.27%,$0.09B,$0.20B,48.27%,$0.09B,$0.95B,9.15%,$0.15B,$0.76B,19.61%,$175,$122,$53,$0,$18,$143,$32,$-3,$30,$18,$12,$12,$12,$40,$32,$41,41,$0.29,$0.28,$120,$50,$11,$193,$77,$0,$0,$8,$760,$953,$75,$559,$15,$678,$753,$41,$-104,$-95,$201,$953,$86,$30,$35,$65,$4,$2,$12,$-4,$13,$163,$-50,$0,$0,$0,$-1,$-1,$1,$-50,$-11,$0,$-11,$0,$0,$-62,$-2,$-75,$38,$5,$-62
4,2017-09-30,49.83,$4.71,10.58,$16.02,3.11,$9.23,5.4,$2.17,22.96,$0.19B,$0.09B,2.17,$0.56B,$0.19B,2.92,$0.66B,$0.19B,29.44%,$0.66B,$0.14B,21.09%,$0.66B,$0.14B,21.09%,$0.66B,$0.17B,25.80%,$0.66B,$0.11B,16.24%,$0.66B,$0.09B,13.51%,$0.09B,$0.19B,52.66%,$0.09B,$0.19B,52.66%,$0.09B,$0.97B,9.42%,$0.14B,$0.75B,19.00%,$190,$125,$66,$0,$13,$145,$45,$-9,$36,$3,$34,$34,$34,$54,$45,$41,41,$0.83,$0.82,$117,$39,$9,$188,$76,$0,$0,$8,$783,$971,$87,$559,$15,$693,$780,$41,$-100,$-107,$191,$971,$75,$22,$14,$35,$0,$0,$0,$20,$20,$129,$-43,$0,$0,$0,$0,$0,$-0,$-43,$-5,$0,$-5,$0,$0,$-46,$-1,$-52,$34,$4,$-46
5,2017-06-30,44.31,$4.19,10.56,$15.65,2.83,$11.29,3.92,$2.03,21.83,$0.19B,$0.08B,2.35,$0.56B,$0.17B,3.28,$0.64B,$0.18B,27.99%,$0.64B,$0.13B,20.68%,$0.64B,$0.13B,20.68%,$0.64B,$0.16B,25.51%,$0.64B,$0.10B,15.86%,$0.64B,$0.08B,12.91%,$0.08B,$0.17B,51.79%,$0.08B,$0.17B,51.79%,$0.08B,$0.95B,8.87%,$0.13B,$0.73B,18.27%,$163,$111,$52,$0,$13,$121,$42,$-9,$33,$9,$24,$24,$24,$49,$42,$41,41,$0.59,$0.59,$110,$40,$12,$186,$75,$0,$0,$7,$760,$947,$79,$559,$15,$697,$776,$41,$-118,$-109,$170,$947,$41,$13,$16,$29,$0,$0,$0,$10,$10,$79,$-15,$0,$0,$0,$0,$0,$-0,$-15,$-5,$0,$-5,$0,$0,$-30,$-1,$-37,$28,$2,$-30
6,2017-03-31,43.94,$3.92,11.2,$15.16,2.9,$13.33,3.3,$0.67,65.58,$0.17B,$0.08B,2.28,$0.56B,$0.16B,3.51,$0.62B,$0.16B,25.12%,$0.62B,$0.06B,9.18%,$0.62B,$0.06B,9.18%,$0.62B,$0.09B,14.33%,$0.62B,$0.03B,4.35%,$0.62B,$0.03B,4.51%,$0.03B,$0.16B,18.30%,$0.03B,$0.16B,18.30%,$0.03B,$0.93B,3.02%,$0.06B,$0.72B,7.85%,$150,$112,$37,$0,$11,$124,$26,$-7,$19,$2,$17,$17,$17,$33,$26,$41,41,$0.41,$0.41,$102,$45,$9,$172,$74,$0,$0,$7,$761,$933,$75,$559,$16,$698,$773,$41,$-127,$-109,$159,$933,$17,$7,$9,$16,$0,$0,$0,$10,$10,$42,$-6,$0,$0,$0,$0,$0,$-0,$-6,$0,$0,$0,$0,$0,$-15,$-1,$-16,$19,$1,$-15
7,2016-12-31,39.71,$3.86,10.3,$14.64,2.71,$13.09,3.03,$0.26,152.73,$0.16B,$0.06B,2.7,$0.57B,$0.16B,3.67,$0.60B,$0.14B,22.87%,$0.60B,$0.04B,6.01%,$0.60B,$0.04B,6.01%,$0.60B,$0.07B,11.69%,$0.60B,$0.01B,1.17%,$0.60B,$0.01B,1.84%,$0.01B,$0.16B,6.84%,$0.01B,$0.16B,6.84%,$0.01B,$0.93B,1.17%,$0.04B,$0.73B,4.79%,$156,$117,$39,$0,$12,$130,$26,$-7,$19,$4,$14,$14,$14,$34,$26,$41,41,$0.36,$0.36,$83,$53,$14,$164,$73,$0,$0,$7,$764,$928,$61,$573,$15,$711,$771,$41,$-129,$-111,$156,$928,$11,$34,$77,$111,$-4,$-17,$7,$-5,$-19,$102,$91,$0,$0,$0,$-4,$-4,$6,$93,$-20,$-30,$-50,$-6,$-6,$-61,$-4,$-121,$75,$4,$-61
8,2016-09-30,36.76,$3.84,9.56,$14.21,2.59,$9.14,4.02,0,0.0,$0.16B,$0.06B,2.52,$0.58B,$0.16B,3.73,$0.58B,$0.12B,20.48%,$0.58B,$0.02B,3.44%,$0.58B,$0.02B,3.44%,$0.58B,$0.06B,9.64%,$0.58B,$-0.01B,-1.72%,$0.58B,$0.00B,0.17%,$0.00B,$0.16B,0.58%,$0.00B,$0.16B,0.58%,$0.00B,$0.93B,0.10%,$0.02B,$0.74B,2.60%,$174,$122,$52,$0,$13,$135,$39,$-8,$31,$4,$28,$28,$28,$48,$39,$41,41,$0.68,$0.68,$73,$41,$10,$161,$73,$0,$0,$9,$772,$933,$64,$580,$15,$713,$777,$41,$-128,$-111,$156,$933,$-3,$26,$70,$96,$0,$0,$0,$-17,$-17,$74,$96,$0,$0,$0,$0,$0,$1,$96,$-20,$-30,$-50,$-6,$-6,$-46,$-4,$-106,$65,$3,$-46
9,2016-06-30,31.9,$3.47,9.2,$14.22,2.24,$5.44,5.87,$-0.15,0.0,$0.14B,$0.06B,2.28,$0.58B,$0.14B,4.14,$0.58B,$0.11B,18.07%,$0.58B,$0.01B,1.55%,$0.58B,$0.01B,1.55%,$0.58B,$0.05B,8.26%,$0.58B,$-0.02B,-3.79%,$0.58B,$-0.01B,-0.86%,$-0.01B,$0.14B,-2.67%,$-0.01B,$0.14B,-2.67%,$-0.01B,$0.91B,-0.50%,$0.01B,$0.72B,1.14%,$141,$113,$28,$0,$14,$176,$-34,$-8,$-42,$-11,$-31,$-31,$-31,$-26,$-34,$41,41,$-0.77,$-0.77,$65,$30,$17,$135,$75,$0,$0,$9,$779,$914,$59,$581,$13,$714,$774,$41,$-140,$-112,$141,$914,$-31,$16,$57,$74,$0,$0,$0,$4,$4,$46,$101,$0,$0,$0,$0,$0,$0,$101,$-20,$-30,$-50,$-6,$-6,$-30,$-3,$-90,$57,$2,$-30
10,2016-03-31,29.15,$4.68,6.23,$13.89,2.1,$1.80,16.23,$0.64,45.54,$0.06B,$0.05B,1.22,$0.63B,$0.19B,3.3,$0.57B,$0.10B,16.87%,$0.57B,$0.05B,8.79%,$0.57B,$0.05B,8.79%,$0.57B,$0.09B,15.47%,$0.57B,$0.02B,3.34%,$0.57B,$0.03B,4.75%,$0.03B,$0.19B,13.27%,$0.03B,$0.19B,13.27%,$0.03B,$1.00B,2.64%,$0.05B,$0.82B,6.16%,$128,$110,$18,$0,$13,$123,$5,$-6,$-1,$-1,$0,$0,$0,$14,$5,$41,41,$0.00,$0.00,$8,$25,$14,$62,$74,$0,$0,$8,$940,$1001,$51,$628,$14,$760,$811,$41,$-88,$-113,$190,$1001,$0,$9,$5,$13,$0,$0,$0,$16,$16,$29,$-3,$0,$0,$0,$0,$0,$0,$-3,$23,$-33,$-10,$0,$0,$-15,$-0,$-26,$-0,$4,$-15
11,2015-12-31,27.6,$5.01,5.51,$14.05,1.96,$1.58,17.45,$0.78,35.39,$0.07B,$0.08B,0.88,$0.60B,$0.20B,2.94,$0.58B,$0.10B,18.09%,$0.58B,$0.06B,10.26%,$0.58B,$0.06B,10.26%,$0.58B,$0.10B,16.87%,$0.58B,$0.03B,4.52%,$0.58B,$0.03B,5.74%,$0.03B,$0.20B,15.70%,$0.03B,$0.20B,15.70%,$0.03B,$1.02B,3.20%,$0.06B,$0.80B,7.27%,$138,$117,$21,$0,$11,$128,$10,$-8,$2,$-2,$4,$4,$4,$20,$10,$41,41,$0.09,$0.08,$8,$35,$14,$71,$75,$0,$0,$7,$946,$1017,$81,$599,$14,$732,$813,$41,$-73,$-115,$204,$1017,$32,$38,$21,$59,$-4,$-4,$0,$-8,$-15,$74,$-43,$0,$0,$7,$0,$7,$2,$-34,$-23,$30,$8,$0,$0,$-61,$-3,$-57,$-16,$5,$-61
12,2015-09-30,25.95,$5.29,4.91,$14.26,1.82,$-6.07,0.0,$1.18,21.99,$0.09B,$0.09B,1.01,$0.60B,$0.22B,2.8,$0.58B,$0.12B,20.75%,$0.58B,$0.08B,13.04%,$0.58B,$0.08B,13.04%,$0.58B,$0.11B,19.04%,$0.58B,$0.04B,7.55%,$0.58B,$0.05B,8.40%,$0.05B,$0.22B,22.74%,$0.05B,$0.22B,22.74%,$0.05B,$1.04B,4.73%,$0.08B,$0.82B,9.29%,$174,$136,$38,$0,$11,$147,$28,$-8,$19,$-2,$22,$22,$22,$40,$28,$41,41,$0.53,$0.53,$1,$40,$17,$94,$75,$0,$0,$11,$945,$1040,$94,$603,$14,$731,$825,$41,$-61,$-113,$215,$1040,$28,$28,$9,$37,$0,$0,$0,$-9,$-9,$55,$-37,$0,$0,$26,$0,$26,$1,$-10,$0,$-1,$-1,$0,$0,$-46,$-2,$-49,$-3,$8,$-46
13,2015-06-30,31.47,$5.05,6.23,$14.33,2.2,$-4.38,0.0,$1.46,21.55,$0.09B,$0.10B,0.87,$0.60B,$0.21B,2.93,$0.59B,$0.14B,23.72%,$0.59B,$0.09B,15.87%,$0.59B,$0.09B,15.87%,$0.59B,$0.12B,21.16%,$0.59B,$0.06B,10.92%,$0.59B,$0.06B,10.24%,$0.06B,$0.21B,26.88%,$0.06B,$0.21B,26.88%,$0.06B,$1.04B,6.29%,$0.09B,$0.81B,12.32%,$129,$109,$19,$0,$12,$121,$7,$-8,$-1,$-1,$1,$1,$1,$14,$7,$41,41,$0.02,$0.02,$11,$41,$14,$90,$74,$0,$0,$15,$950,$1040,$104,$602,$14,$731,$835,$41,$-68,$-115,$205,$1040,$6,$16,$5,$20,$0,$0,$0,$-5,$-5,$17,$-18,$0,$0,$25,$0,$25,$0,$7,$0,$13,$13,$0,$0,$-31,$-1,$-19,$4,$5,$-31
14,2015-03-31,35.31,$5.33,6.62,$14.71,2.4,$-2.97,0.0,$1.84,19.19,$0.09B,$0.08B,1.1,$0.60B,$0.22B,2.78,$0.60B,$0.16B,26.96%,$0.60B,$0.12B,19.30%,$0.60B,$0.12B,19.30%,$0.60B,$0.15B,24.13%,$0.60B,$0.09B,14.81%,$0.60B,$0.08B,12.48%,$0.08B,$0.22B,32.89%,$0.08B,$0.22B,32.89%,$0.08B,$1.03B,8.66%,$0.12B,$0.82B,16.83%,$134,$108,$26,$0,$12,$120,$14,$-8,$6,$0,$6,$6,$6,$23,$14,$41,41,$0.14,$0.14,$28,$28,$15,$89,$69,$0,$0,$11,$942,$1031,$82,$602,$15,$733,$814,$41,$-53,$-117,$217,$1031,$6,$9,$2,$11,$0,$0,$0,$8,$8,$24,$-8,$0,$0,$7,$0,$7,$0,$0,$0,$-4,$-4,$0,$0,$-15,$-1,$-20,$5,$3,$-15
15,2014-12-31,36.57,$5.54,6.6,$14.86,2.46,$-2.49,0.0,$2.20,16.62,$0.09B,$0.07B,1.28,$0.60B,$0.23B,2.68,$0.61B,$0.18B,29.16%,$0.61B,$0.13B,21.91%,$0.61B,$0.13B,21.91%,$0.61B,$0.16B,26.19%,$0.61B,$0.11B,17.96%,$0.61B,$0.09B,14.66%,$0.09B,$0.23B,39.29%,$0.09B,$0.23B,39.29%,$0.09B,$1.03B,11.42%,$0.13B,$0.83B,21.55%,$146,$108,$38,$0,$12,$120,$27,$-6,$20,$0,$20,$20,$20,$34,$27,$41,41,$0.50,$0.49,$31,$31,$14,$92,$66,$0,$0,$8,$939,$1032,$72,$603,$16,$734,$807,$41,$-44,$-118,$225,$1032,$90,$27,$10,$36,$7,$5,$-2,$-2,$7,$131,$-413,$0,$0,$2,$0,$2,$5,$-407,$310,$0,$310,$0,$0,$-58,$-2,$250,$-25,$6,$-58
16,2014-09-30,34.8,$6.05,5.75,$14.73,2.36,$6.04,5.76,$2.05,16.98,$0.14B,$0.06B,2.4,$0.32B,$0.00B,0.0,$0.60B,$0.17B,28.79%,$0.60B,$0.13B,21.13%,$0.60B,$0.13B,21.13%,$0.60B,$0.15B,25.46%,$0.60B,$0.10B,17.30%,$0.60B,$0.08B,13.81%,$0.08B,$0.25B,37.51%,$0.08B,$0.25B,37.51%,$0.08B,$0.71B,12.00%,$0.13B,$0.57B,23.46%,$177,$122,$56,$0,$11,$132,$45,$-6,$39,$6,$33,$33,$33,$53,$45,$41,41,$0.81,$0.81,$73,$31,$9,$144,$64,$29,$0,$9,$567,$711,$60,$320,$16,$405,$465,$0,$0,$0,$246,$711,$70,$19,$9,$28,$0,$0,$0,$12,$12,$108,$-20,$0,$0,$-13,$0,$-13,$-24,$-57,$0,$-3,$-3,$0,$0,$-43,$-2,$-48,$3,$4,$-43
17,2014-06-30,35.53,$5.53,6.43,$14.27,2.49,$5.33,6.67,$1.78,19.96,$0.15B,$0.06B,2.64,$0.32B,$0.00B,0.0,$0.58B,$0.16B,27.84%,$0.58B,$0.11B,19.42%,$0.58B,$0.11B,19.42%,$0.58B,$0.14B,23.88%,$0.58B,$0.09B,15.46%,$0.58B,$0.07B,12.37%,$0.07B,$0.22B,35.69%,$0.07B,$0.22B,35.69%,$0.07B,$0.69B,10.42%,$0.11B,$0.54B,21.66%,$144,$102,$42,$0,$12,$114,$30,$-6,$24,$8,$16,$16,$16,$35,$30,$41,41,$0.40,$0.40,$83,$26,$8,$145,$62,$0,$0,$13,$544,$690,$55,$320,$16,$410,$465,$0,$0,$0,$224,$690,$37,$11,$9,$20,$0,$0,$0,$13,$13,$68,$-12,$0,$0,$-22,$0,$-22,$0,$-34,$0,$-1,$-1,$0,$0,$-28,$-1,$-31,$4,$2,$-28
18,2014-03-31,32.92,$5.21,6.32,$14.02,2.35,$4.72,6.97,$1.85,17.79,$0.14B,$0.05B,2.81,$0.32B,$0.00B,0.0,$0.57B,$0.16B,28.20%,$0.57B,$0.11B,19.61%,$0.57B,$0.11B,19.61%,$0.57B,$0.14B,24.34%,$0.57B,$0.09B,15.76%,$0.57B,$0.08B,13.13%,$0.08B,$0.21B,40.65%,$0.08B,$0.21B,40.65%,$0.08B,$0.68B,10.83%,$0.11B,$0.53B,22.20%,$140,$99,$41,$0,$10,$108,$31,$-5,$26,$5,$20,$20,$20,$37,$31,$41,41,$0.50,$0.50,$76,$34,$8,$139,$60,$0,$0,$13,$545,$684,$49,$320,$21,$423,$473,$0,$0,$0,$211,$684,$20,$6,$5,$11,$0,$0,$0,$9,$9,$40,$-4,$0,$0,$-15,$0,$-15,$0,$-18,$0,$-3,$-3,$0,$0,$-14,$-1,$-18,$4,$1,$-14
19,2013-12-31,35.2,$5.04,6.99,$14.02,2.51,$4.40,8.0,$1.73,20.35,$0.13B,$0.05B,2.59,$0.32B,$0.20B,1.57,$0.57B,$0.16B,28.25%,$0.57B,$0.11B,18.95%,$0.57B,$0.11B,18.95%,$0.57B,$0.14B,23.68%,$0.57B,$0.08B,14.74%,$0.57B,$0.07B,12.28%,$0.07B,$0.20B,41.73%,$0.07B,$0.20B,41.73%,$0.07B,$0.68B,10.05%,$0.11B,$0.52B,22.13%,$140,$106,$34,$0,$13,$119,$21,$-6,$15,$1,$14,$14,$14,$28,$21,$41,41,$0.34,$0.34,$58,$36,$12,$130,$60,$0,$0,$13,$550,$681,$50,$320,$22,$426,$476,$41,$-76,$-99,$204,$681,$71,$27,$12,$39,$-6,$-7,$-3,$2,$-15,$90,$-24,$0,$0,$11,$0,$11,$1,$-12,$-37,$-1,$-38,$2,$2,$-52,$-2,$-90,$-11,$12,$-52
20,2013-09-30,33.17,$4.14,8.02,$14.11,2.35,$4.02,8.26,$1.73,19.17,$0.14B,$0.06B,2.28,$0.32B,$0.00B,0.0,$0.57B,$0.17B,29.14%,$0.57B,$0.11B,19.90%,$0.57B,$0.11B,19.90%,$0.57B,$0.14B,24.61%,$0.57B,$0.09B,15.53%,$0.57B,$0.07B,12.22%,$0.07B,$0.17B,46.20%,$0.07B,$0.17B,46.20%,$0.07B,$0.71B,9.91%,$0.11B,$0.49B,23.80%,$158,$112,$45,$0,$13,$127,$31,$-6,$25,$3,$22,$22,$22,$39,$31,$41,41,$0.55,$0.54,$63,$35,$8,$135,$60,$0,$0,$13,$574,$709,$59,$320,$22,$482,$541,$0,$0,$0,$168,$709,$57,$20,$9,$29,$0,$0,$0,$-10,$-10,$75,$-17,$0,$0,$6,$0,$6,$-1,$-12,$-37,$0,$-37,$2,$2,$-38,$-2,$-74,$-11,$8,$-38
21,2013-06-30,33.54,$3.82,8.78,$13.98,2.4,$3.36,9.99,$1.65,20.33,$0.12B,$0.06B,2.05,$0.32B,$0.00B,0.0,$0.57B,$0.16B,28.92%,$0.57B,$0.11B,19.75%,$0.57B,$0.11B,19.75%,$0.57B,$0.14B,24.51%,$0.57B,$0.09B,15.17%,$0.57B,$0.07B,11.82%,$0.07B,$0.16B,46.37%,$0.07B,$0.16B,46.37%,$0.07B,$0.70B,9.49%,$0.11B,$0.48B,23.52%,$133,$92,$41,$0,$10,$104,$29,$-6,$24,$5,$19,$19,$19,$35,$29,$41,41,$0.47,$0.47,$50,$32,$8,$120,$60,$0,$0,$14,$577,$697,$59,$320,$22,$484,$542,$0,$0,$0,$155,$697,$35,$12,$6,$18,$0,$0,$0,$-11,$-11,$42,$-10,$0,$0,$19,$0,$19,$-1,$8,$-37,$2,$-35,$2,$2,$-25,$-2,$-60,$-11,$6,$-25
22,2013-03-31,37.77,$3.55,10.63,$13.61,2.77,$2.73,13.82,$1.31,28.83,$0.12B,$0.07B,1.81,$0.32B,$0.00B,0.0,$0.55B,$0.15B,27.54%,$0.55B,$0.10B,18.12%,$0.55B,$0.10B,18.12%,$0.55B,$0.13B,22.83%,$0.55B,$0.07B,13.22%,$0.55B,$0.05B,9.60%,$0.05B,$0.14B,38.27%,$0.05B,$0.14B,38.27%,$0.05B,$0.70B,7.52%,$0.10B,$0.47B,20.99%,$139,$98,$41,$0,$14,$113,$27,$-6,$20,$5,$15,$15,$15,$33,$27,$40,41,$0.38,$0.38,$60,$29,$8,$123,$58,$0,$0,$15,$577,$700,$68,$321,$24,$488,$556,$0,$0,$0,$144,$700,$15,$7,$5,$11,$0,$0,$0,$1,$1,$28,$-5,$0,$0,$8,$0,$8,$-0,$3,$-28,$-2,$-30,$1,$1,$-13,$-2,$-43,$-13,$4,$-13
23,2012-12-31,32.02,$3.43,9.33,$12.97,2.47,$2.12,15.07,$1.06,30.21,$0.14B,$0.06B,2.17,$0.35B,$0.14B,2.52,$0.53B,$0.13B,25.52%,$0.53B,$0.09B,16.38%,$0.53B,$0.09B,16.38%,$0.53B,$0.11B,21.14%,$0.53B,$0.06B,11.24%,$0.53B,$0.04B,8.19%,$0.04B,$0.14B,31.50%,$0.04B,$0.14B,31.50%,$0.04B,$0.72B,6.10%,$0.09B,$0.49B,17.91%,$143,$103,$40,$0,$13,$117,$27,$-6,$20,$6,$14,$14,$14,$34,$27,$40,41,$0.34,$0.33,$80,$29,$8,$138,$58,$0,$0,$15,$581,$719,$64,$349,$22,$517,$580,$40,$-94,$-141,$139,$719,$43,$26,$8,$34,$3,$-0,$0,$-1,$1,$80,$-29,$0,$0,$-0,$0,$-0,$21,$-9,$-10,$0,$-9,$1,$1,$-50,$-4,$-62,$9,$8,$-50
24,2012-09-30,30.32,$3.47,8.75,$12.16,2.49,$2.37,12.79,$0.68,44.59,$0.14B,$0.08B,1.84,$0.34B,$0.00B,0.0,$0.49B,$0.11B,22.15%,$0.49B,$0.06B,12.40%,$0.49B,$0.06B,12.40%,$0.49B,$0.09B,17.28%,$0.49B,$0.03B,6.91%,$0.49B,$0.03B,5.69%,$0.03B,$0.14B,20.40%,$0.03B,$0.14B,20.40%,$0.03B,$0.71B,3.93%,$0.06B,$0.48B,12.71%,$152,$110,$42,$0,$13,$123,$29,$-6,$22,$4,$19,$19,$19,$37,$29,$40,41,$0.46,$0.46,$62,$29,$10,$139,$58,$0,$0,$12,$570,$709,$75,$337,$20,$493,$569,$0,$0,$0,$140,$709,$29,$19,$-3,$16,$0,$0,$0,$-1,$-1,$43,$-12,$0,$0,$10,$22,$31,$-1,$18,$-22,$0,$-22,$1,$1,$-38,$-2,$-60,$1,$6,$-38
25,2012-06-30,25.7,$3.24,7.94,$12.20,2.11,$3.09,8.31,$0.85,30.24,$0.11B,$0.06B,1.9,$0.35B,$0.00B,0.0,$0.49B,$0.11B,22.52%,$0.49B,$0.07B,13.59%,$0.49B,$0.07B,13.59%,$0.49B,$0.09B,18.86%,$0.49B,$0.04B,8.32%,$0.49B,$0.04B,7.10%,$0.04B,$0.13B,23.37%,$0.04B,$0.13B,23.37%,$0.04B,$0.69B,4.84%,$0.07B,$0.48B,13.55%,$118,$89,$29,$0,$12,$100,$17,$-6,$11,$6,$5,$5,$5,$22,$17,$40,40,$0.13,$0.13,$50,$23,$11,$114,$59,$0,$0,$12,$577,$692,$60,$345,$18,$501,$561,$0,$0,$0,$131,$692,$10,$11,$-11,$-0,$0,$0,$0,$3,$3,$12,$-7,$0,$0,$21,$22,$43,$-1,$36,$-22,$1,$-21,$0,$0,$-25,$-2,$-47,$1,$2,$-25
26,2012-03-31,24.95,$3.36,7.42,$12.08,2.07,$3.73,6.7,$0.93,26.83,$0.12B,$0.06B,1.86,$0.35B,$0.00B,0.0,$0.49B,$0.11B,22.18%,$0.49B,$0.07B,13.96%,$0.49B,$0.07B,13.96%,$0.49B,$0.09B,19.30%,$0.49B,$0.04B,8.42%,$0.49B,$0.04B,7.80%,$0.04B,$0.14B,23.35%,$0.04B,$0.14B,23.35%,$0.04B,$0.70B,5.17%,$0.07B,$0.48B,13.41%,$112,$89,$23,$0,$11,$100,$13,$-6,$6,$1,$5,$5,$5,$18,$13,$40,40,$0.13,$0.13,$59,$22,$10,$116,$60,$0,$0,$11,$585,$701,$62,$345,$19,$503,$565,$0,$0,$0,$136,$701,$5,$6,$-18,$-13,$0,$0,$0,$9,$9,$2,$-3,$0,$0,$16,$22,$38,$-0,$34,$-17,$-1,$-18,$0,$0,$-13,$-2,$-32,$4,$2,$-13
27,2011-12-31,24.52,$3.54,6.93,$12.32,1.99,$4.19,5.85,$0.99,24.77,$0.14B,$0.08B,1.74,$0.35B,$0.14B,2.43,$0.50B,$0.11B,22.94%,$0.50B,$0.07B,14.49%,$0.50B,$0.07B,14.49%,$0.50B,$0.10B,20.52%,$0.50B,$0.04B,8.85%,$0.50B,$0.04B,8.25%,$0.04B,$0.14B,23.20%,$0.04B,$0.14B,23.20%,$0.04B,$0.75B,5.47%,$0.07B,$0.49B,13.80%,$110,$95,$15,$0,$12,$108,$2,$-7,$-5,$-3,$-1,$-1,$-1,$8,$2,$40,40,$-0.04,$-0.03,$71,$29,$10,$135,$61,$0,$0,$32,$611,$746,$78,$345,$19,$526,$604,$40,$-86,$-141,$142,$746,$40,$29,$7,$36,$8,$-4,$-4,$-0,$-1,$77,$-17,$0,$0,$22,$0,$22,$-1,$5,$-5,$0,$-5,$1,$1,$-74,$-2,$-80,$2,$2,$-74
28,2011-09-30,24.59,$4.73,5.19,$13.24,1.86,$5.53,4.45,$1.26,19.51,$0.16B,$0.09B,1.85,$0.35B,$0.00B,0.0,$0.53B,$0.13B,23.83%,$0.53B,$0.08B,15.38%,$0.53B,$0.08B,15.38%,$0.53B,$0.11B,21.39%,$0.53B,$0.06B,10.32%,$0.53B,$0.05B,9.57%,$0.05B,$0.19B,26.53%,$0.05B,$0.19B,26.53%,$0.05B,$0.75B,6.73%,$0.08B,$0.54B,15.13%,$153,$108,$44,$0,$8,$117,$35,$-7,$29,$3,$26,$26,$26,$45,$35,$40,40,$0.64,$0.63,$81,$26,$24,$158,$61,$0,$0,$29,$594,$753,$86,$345,$18,$477,$562,$0,$0,$0,$190,$753,$42,$23,$11,$34,$0,$0,$0,$-3,$-3,$72,$-12,$0,$0,$11,$0,$11,$-2,$-3,$-5,$-1,$-6,$1,$1,$-61,$-2,$-69,$1,$2,$-61
29,2011-06-30,27.08,$4.56,5.94,$13.40,2.02,$5.94,4.56,$1.08,25.08,$0.14B,$0.08B,1.72,$0.34B,$0.00B,0.0,$0.54B,$0.12B,22.26%,$0.54B,$0.07B,13.73%,$0.54B,$0.07B,13.73%,$0.54B,$0.11B,19.48%,$0.54B,$0.05B,8.53%,$0.54B,$0.04B,7.98%,$0.04B,$0.18B,21.86%,$0.04B,$0.18B,21.86%,$0.04B,$0.74B,5.57%,$0.07B,$0.53B,13.42%,$112,$86,$26,$0,$9,$95,$18,$-7,$11,$3,$8,$8,$8,$23,$18,$40,40,$0.21,$0.21,$75,$21,$22,$139,$65,$0,$0,$27,$603,$741,$81,$343,$19,$478,$558,$0,$0,$0,$183,$741,$16,$14,$7,$21,$0,$0,$0,$1,$1,$38,$-7,$0,$0,$17,$0,$17,$-1,$10,$-5,$1,$-4,$1,$1,$-41,$-2,$-46,$2,$2,$-41
30,2011-03-31,30.42,$4.79,6.35,$13.82,2.2,$5.90,5.15,$1.16,26.22,$0.15B,$0.08B,1.83,$0.35B,$0.00B,0.0,$0.56B,$0.13B,22.66%,$0.56B,$0.08B,14.03%,$0.56B,$0.08B,14.03%,$0.56B,$0.11B,20.14%,$0.56B,$0.05B,8.99%,$0.56B,$0.05B,8.45%,$0.05B,$0.19B,23.12%,$0.05B,$0.19B,23.12%,$0.05B,$0.76B,5.99%,$0.08B,$0.54B,13.85%,$122,$93,$29,$0,$12,$105,$17,$-8,$9,$2,$8,$8,$8,$26,$17,$40,40,$0.19,$0.19,$81,$22,$22,$145,$66,$0,$0,$27,$613,$757,$79,$347,$21,$486,$565,$0,$0,$0,$192,$757,$8,$9,$-1,$8,$0,$0,$0,$5,$5,$20,$-3,$0,$0,$11,$0,$11,$0,$8,$-5,$-0,$-5,$0,$0,$-20,$-2,$-27,$1,$4,$-20
31,2010-12-31,24.29,$5.11,4.76,$13.42,1.81,$5.75,4.22,$1.00,24.29,$0.16B,$0.07B,2.45,$0.36B,$0.20B,1.78,$0.54B,$0.12B,21.71%,$0.54B,$0.07B,13.36%,$0.54B,$0.07B,13.36%,$0.54B,$0.11B,19.48%,$0.54B,$0.05B,8.35%,$0.54B,$0.04B,7.42%,$0.04B,$0.20B,19.09%,$0.04B,$0.20B,19.09%,$0.04B,$0.78B,5.01%,$0.07B,$0.57B,12.56%,$146,$118,$28,$0,$11,$134,$12,$-7,$6,$-3,$9,$9,$9,$20,$12,$40,40,$0.24,$0.23,$91,$24,$12,$162,$67,$0,$0,$31,$620,$782,$66,$363,$19,$511,$577,$40,$-53,$-114,$204,$782,$40,$31,$52,$84,$-3,$-0,$5,$0,$2,$126,$-12,$0,$0,$-32,$0,$-32,$-2,$-45,$-0,$2,$2,$2,$2,$-82,$-2,$-80,$4,$-2,$-82
32,2010-09-30,24.97,$5.20,4.8,$12.39,2.02,$5.57,4.49,$0.84,29.73,$0.17B,$0.07B,2.3,$0.37B,$0.00B,0.0,$0.50B,$0.11B,22.33%,$0.50B,$0.07B,13.68%,$0.50B,$0.07B,13.68%,$0.50B,$0.10B,20.32%,$0.50B,$0.04B,7.44%,$0.50B,$0.03B,6.84%,$0.03B,$0.21B,15.74%,$0.03B,$0.21B,15.74%,$0.03B,$0.81B,4.20%,$0.07B,$0.57B,11.71%,$159,$122,$37,$0,$10,$132,$27,$-7,$20,$2,$18,$18,$18,$36,$27,$40,40,$0.45,$0.45,$71,$26,$45,$170,$68,$0,$0,$30,$636,$806,$74,$365,$19,$524,$598,$0,$0,$0,$208,$806,$31,$24,$34,$58,$0,$0,$0,$-5,$-5,$84,$-8,$0,$0,$-12,$0,$-12,$-2,$-21,$-0,$4,$4,$2,$2,$-61,$-2,$-58,$4,$-1,$-61
33,2010-06-30,25.85,$5.22,4.95,$12.54,2.06,$6.27,4.13,$1.54,16.79,$0.16B,$0.06B,2.51,$0.36B,$0.00B,0.0,$0.50B,$0.13B,26.49%,$0.50B,$0.09B,17.13%,$0.50B,$0.09B,17.13%,$0.50B,$0.13B,24.90%,$0.50B,$0.06B,11.35%,$0.50B,$0.06B,12.35%,$0.06B,$0.21B,28.74%,$0.06B,$0.21B,28.74%,$0.06B,$0.80B,7.45%,$0.09B,$0.57B,15.79%,$129,$97,$32,$0,$9,$107,$22,$-7,$15,$3,$12,$12,$12,$30,$22,$40,40,$0.29,$0.29,$40,$21,$67,$156,$69,$0,$0,$28,$640,$796,$62,$363,$19,$525,$587,$0,$0,$0,$209,$796,$13,$14,$12,$27,$0,$0,$0,$-7,$-7,$32,$-3,$0,$0,$19,$0,$19,$-1,$15,$-0,$-1,$-1,$1,$1,$-41,$-2,$-43,$4,$-1,$-41
34,2010-03-31,24.98,$5.43,4.6,$11.31,2.21,$6.31,3.96,$1.34,18.65,$0.11B,$0.07B,1.7,$0.36B,$0.00B,0.0,$0.45B,$0.11B,24.78%,$0.45B,$0.07B,14.38%,$0.45B,$0.07B,14.38%,$0.45B,$0.10B,22.35%,$0.45B,$0.04B,8.41%,$0.45B,$0.05B,11.95%,$0.05B,$0.22B,25.96%,$0.05B,$0.22B,25.96%,$0.05B,$0.81B,6.26%,$0.07B,$0.58B,12.97%,$105,$85,$20,$0,$8,$94,$11,$-7,$4,$3,$1,$1,$1,$19,$11,$40,40,$0.03,$0.03,$43,$30,$15,$110,$70,$0,$0,$28,$699,$809,$65,$363,$18,$527,$593,$0,$0,$0,$217,$809,$1,$7,$2,$9,$0,$0,$0,$1,$1,$12,$-1,$0,$0,$13,$0,$13,$-1,$12,$0,$-1,$-1,$1,$1,$-20,$-2,$-22,$1,$-2,$-20
35,2009-12-31,22.39,$5.77,3.88,$11.93,1.88,$7.02,3.19,$1.93,11.6,$0.12B,$0.06B,2.08,$0.37B,$0.23B,1.6,$0.48B,$0.14B,28.93%,$0.48B,$0.09B,18.87%,$0.48B,$0.09B,18.87%,$0.48B,$0.13B,26.21%,$0.48B,$0.07B,13.63%,$0.48B,$0.08B,16.35%,$0.08B,$0.23B,38.05%,$0.08B,$0.23B,38.05%,$0.08B,$0.82B,8.77%,$0.09B,$0.60B,19.45%,$104,$82,$22,$0,$13,$96,$8,$-10,$-2,$-5,$3,$3,$3,$16,$8,$40,40,$0.08,$0.07,$55,$24,$15,$122,$76,$0,$0,$28,$702,$824,$58,$368,$17,$535,$594,$40,$-12,$-127,$230,$824,$77,$35,$-3,$32,$5,$5,$1,$0,$11,$120,$-14,$0,$0,$-32,$0,$-32,$-1,$-47,$18,$1,$19,$2,$2,$-81,$-4,$-65,$1,$4,$-81
36,2009-09-30,19.67,$5.19,3.79,$11.68,1.68,$3.79,5.19,$1.75,11.24,$0.18B,$0.25B,0.71,$0.22B,$0.00B,0.0,$0.47B,$0.10B,21.63%,$0.47B,$0.08B,17.77%,$0.47B,$0.08B,17.77%,$0.47B,$0.12B,25.27%,$0.47B,$0.06B,13.49%,$0.47B,$0.07B,15.20%,$0.07B,$0.21B,36.04%,$0.07B,$0.21B,36.04%,$0.07B,$0.90B,7.73%,$0.08B,$0.43B,19.86%,$164,$104,$59,$0,$15,$119,$45,$-5,$40,$-6,$46,$46,$46,$60,$45,$40,40,$1.15,$1.15,$108,$24,$17,$177,$77,$0,$0,$27,$724,$901,$248,$221,$16,$446,$694,$0,$0,$0,$207,$901,$74,$27,$-6,$21,$0,$0,$0,$19,$19,$116,$-12,$0,$0,$21,$0,$21,$-0,$9,$-0,$-55,$-56,$0,$0,$-61,$0,$-116,$1,$0,$-61
37,2009-06-30,16.51,$4.47,3.69,$10.87,1.52,$0.87,18.99,$1.24,13.31,$0.19B,$0.29B,0.64,$0.22B,$0.00B,0.0,$0.43B,$0.09B,20.28%,$0.43B,$0.06B,14.29%,$0.43B,$0.06B,14.29%,$0.43B,$0.09B,21.20%,$0.43B,$0.04B,9.68%,$0.43B,$0.05B,11.52%,$0.05B,$0.18B,17.14%,$0.05B,$0.18B,17.14%,$0.05B,$0.92B,4.65%,$0.06B,$0.40B,11.53%,$79,$68,$11,$0,$11,$78,$1,$-5,$-4,$-8,$4,$4,$4,$6,$1,$40,40,$0.09,$0.09,$111,$28,$17,$185,$79,$0,$0,$27,$732,$916,$290,$221,$15,$448,$738,$0,$0,$0,$178,$916,$29,$12,$-4,$8,$0,$0,$0,$1,$1,$37,$-6,$0,$0,$19,$0,$19,$-0,$13,$-0,$-7,$-8,$0,$0,$-41,$-0,$-48,$1,$0,$-41
38,2009-03-31,15.45,$5.15,3.0,$11.49,1.35,$-0.79,0.0,$1.69,9.14,$0.17B,$0.26B,0.66,$0.22B,$0.00B,0.0,$0.46B,$0.11B,24.89%,$0.46B,$0.08B,18.12%,$0.46B,$0.08B,18.12%,$0.46B,$0.11B,24.67%,$0.46B,$0.06B,13.76%,$0.46B,$0.07B,14.63%,$0.07B,$0.21B,17.11%,$0.07B,$0.21B,17.11%,$0.07B,$0.92B,5.45%,$0.08B,$0.43B,12.53%,$130,$84,$46,$0,$10,$94,$36,$-5,$31,$2,$29,$29,$25,$43,$36,$40,40,$0.62,$0.62,$7,$30,$17,$172,$81,$0,$0,$27,$746,$918,$263,$221,$14,$450,$713,$0,$0,$0,$205,$918,$25,$7,$-2,$4,$0,$0,$0,$13,$13,$42,$-2,$0,$0,$16,$0,$16,$-1,$13,$-0,$-33,$-33,$0,$0,$-20,$-0,$-53,$0,$0,$-20
39,2008-12-31,16.9,$4.99,3.39,$11.08,1.53,$-2.60,0.0,$1.33,12.71,$0.20B,$0.29B,0.68,$0.22B,$0.20B,1.11,$0.44B,$0.11B,24.72%,$0.44B,$0.07B,15.42%,$0.44B,$0.07B,15.42%,$0.44B,$0.10B,22.22%,$0.44B,$0.05B,10.88%,$0.44B,$0.05B,11.79%,$0.05B,$0.20B,10.77%,$0.05B,$0.20B,10.77%,$0.05B,$0.94B,3.76%,$0.07B,$0.42B,8.73%,$94,$108,$-15,$0,$6,$93,$1,$-5,$-4,$-10,$6,$6,$-4,$9,$1,$39,40,$-0.11,$-0.11,$4,$37,$5,$196,$83,$0,$0,$28,$743,$938,$287,$221,$15,$453,$740,$40,$-8,$-167,$198,$938,$53,$30,$-24,$6,$-4,$-10,$-4,$0,$-18,$40,$-63,$0,$0,$37,$0,$37,$-1,$-26,$-0,$11,$10,$4,$4,$-81,$-10,$-76,$-8,$-1,$-81
40,2008-09-30,24.84,$14.83,1.68,$11.30,2.2,$-6.89,0.0,$1.72,14.44,$0.34B,$0.30B,1.13,$0.32B,$0.00B,0.0,$0.45B,$0.15B,34.08%,$0.45B,$0.07B,16.26%,$0.45B,$0.07B,16.26%,$0.45B,$0.06B,14.03%,$0.45B,$0.05B,11.80%,$0.45B,$0.07B,14.92%,$0.07B,$0.59B,11.60%,$0.07B,$0.59B,11.60%,$0.07B,$1.53B,4.38%,$0.07B,$0.91B,8.12%,$131,$85,$46,$0,$13,$107,$24,$-5,$19,$-6,$25,$25,$25,$34,$24,$40,40,$0.64,$0.63,$12,$173,$3,$340,$474,$0,$0,$22,$1188,$1529,$302,$321,$20,$641,$943,$0,$0,$0,$586,$1529,$57,$22,$-23,$-1,$0,$0,$0,$-10,$-10,$46,$-59,$0,$0,$48,$0,$48,$1,$-11,$-0,$-1,$-2,$4,$4,$-60,$-2,$-60,$-5,$1,$-60
41,2008-06-30,23.9,$14.61,1.64,$18.69,1.28,$-9.55,0.0,$2.12,11.27,$0.35B,$0.31B,1.12,$0.32B,$0.00B,0.0,$0.74B,$0.20B,26.66%,$0.74B,$0.10B,12.99%,$0.74B,$0.10B,12.99%,$0.74B,$0.10B,12.99%,$0.74B,$0.08B,10.15%,$0.74B,$0.08B,11.23%,$0.08B,$0.58B,14.39%,$0.08B,$0.58B,14.39%,$0.08B,$1.54B,5.41%,$0.10B,$0.90B,10.69%,$103,$66,$37,$0,$10,$81,$22,$-5,$17,$-2,$19,$19,$21,$27,$22,$39,40,$0.54,$0.54,$33,$151,$3,$345,$475,$0,$0,$21,$1190,$1535,$308,$321,$20,$650,$958,$0,$0,$0,$577,$1535,$32,$13,$-14,$-2,$0,$0,$0,$-13,$-13,$17,$-52,$0,$0,$26,$0,$26,$1,$-25,$-0,$15,$15,$3,$3,$-40,$-2,$-24,$-2,$2,$-40
42,2008-03-31,21.62,$14.46,1.49,$26.25,0.82,$-9.05,0.0,$2.45,8.82,$0.34B,$0.31B,1.08,$0.32B,$0.00B,0.0,$1.03B,$0.25B,23.98%,$1.03B,$0.12B,11.90%,$1.03B,$0.12B,11.90%,$1.03B,$0.14B,13.15%,$1.03B,$0.10B,9.67%,$1.03B,$0.10B,9.28%,$0.10B,$0.57B,16.83%,$0.10B,$0.57B,16.83%,$0.10B,$1.53B,6.39%,$0.12B,$0.89B,13.79%,$113,$71,$41,$0,$13,$92,$21,$-5,$16,$-7,$23,$23,$10,$28,$21,$39,40,$0.26,$0.26,$34,$155,$3,$336,$482,$0,$0,$21,$1195,$1531,$311,$321,$19,$650,$961,$0,$0,$0,$570,$1531,$10,$7,$-2,$5,$0,$0,$0,$-2,$-2,$13,$-46,$0,$0,$13,$0,$13,$-1,$-33,$-0,$25,$25,$0,$0,$-20,$-2,$3,$-3,$1,$-20
43,2007-12-31,23.0,$14.73,1.56,$32.85,0.7,$-8.78,0.0,$1.43,16.08,$0.33B,$0.29B,1.17,$0.32B,$0.58B,0.56,$1.29B,$0.26B,19.91%,$1.29B,$0.11B,8.52%,$1.29B,$0.11B,8.52%,$1.29B,$0.14B,10.46%,$1.29B,$0.09B,6.58%,$1.29B,$0.06B,4.34%,$0.06B,$0.58B,9.97%,$0.06B,$0.58B,9.97%,$0.06B,$1.52B,3.79%,$0.11B,$0.90B,12.46%,$102,$72,$29,$0,$16,$96,$6,$-5,$1,$-7,$8,$8,$11,$-26,$6,$39,39,$0.29,$0.28,$31,$169,$4,$334,$511,$0,$0,$21,$1183,$1517,$285,$321,$19,$654,$939,$39,$124,$-116,$578,$1517,$56,$27,$-22,$5,$-0,$3,$-23,$-0,$-20,$39,$-232,$0,$0,$7,$0,$7,$-2,$-226,$-6,$111,$105,$10,$10,$-77,$1,$38,$1,$-7,$-77
44,2007-09-30,23.05,$14.85,1.55,$40.23,0.57,$-2.13,0.0,$2.28,10.11,$0.33B,$0.30B,1.13,$0.32B,$0.00B,0.0,$1.58B,$0.30B,19.21%,$1.58B,$0.14B,8.62%,$1.58B,$0.14B,8.62%,$1.58B,$0.16B,9.96%,$1.58B,$0.15B,9.45%,$1.58B,$0.09B,5.71%,$0.09B,$0.58B,16.03%,$0.09B,$0.58B,16.03%,$0.09B,$1.55B,6.15%,$0.14B,$0.90B,15.41%,$421,$330,$90,$0,$23,$373,$47,$-6,$41,$-2,$43,$43,$41,$67,$47,$39,39,$1.05,$1.04,$36,$167,$0,$334,$516,$0,$0,$21,$1218,$1552,$295,$321,$17,$675,$970,$0,$0,$0,$582,$1552,$45,$58,$15,$72,$0,$0,$0,$6,$6,$124,$-242,$0,$0,$-7,$0,$-7,$-1,$-249,$-3,$113,$109,$8,$8,$-57,$1,$61,$0,$-4,$-57
45,2007-06-30,21.8,$14.14,1.54,$39.77,0.55,$3.68,5.92,$1.86,11.72,$0.33B,$0.18B,1.81,$0.32B,$0.00B,0.0,$1.55B,$0.28B,18.16%,$1.55B,$0.11B,7.34%,$1.55B,$0.11B,7.34%,$1.55B,$0.14B,8.76%,$1.55B,$0.13B,8.11%,$1.55B,$0.08B,4.83%,$0.08B,$0.55B,12.88%,$0.08B,$0.55B,12.88%,$0.08B,$1.41B,5.14%,$0.11B,$0.87B,12.61%,$398,$310,$88,$0,$21,$350,$49,$-7,$42,$6,$36,$36,$34,$67,$49,$39,39,$0.87,$0.87,$38,$166,$0,$331,$524,$0,$0,$35,$1078,$1409,$183,$321,$17,$674,$857,$0,$0,$0,$552,$1409,$4,$37,$13,$51,$0,$0,$0,$17,$17,$72,$-87,$0,$0,$-10,$0,$-10,$-0,$-97,$-3,$-3,$-6,$4,$4,$-38,$1,$-41,$-1,$-5,$-38
46,2007-03-31,22.92,$13.70,1.67,$40.27,0.57,$6.20,3.7,$1.20,19.1,$0.38B,$0.22B,1.7,$0.32B,$0.00B,0.0,$1.57B,$0.25B,15.82%,$1.57B,$0.08B,4.97%,$1.57B,$0.08B,4.97%,$1.57B,$0.10B,6.51%,$1.57B,$0.09B,5.74%,$1.57B,$0.04B,2.74%,$0.04B,$0.53B,7.06%,$0.04B,$0.53B,7.06%,$0.04B,$1.43B,2.89%,$0.08B,$0.86B,8.37%,$370,$320,$50,$0,$21,$362,$8,$-7,$1,$-5,$6,$6,$-30,$27,$8,$39,39,$-0.76,$-0.76,$22,$163,$65,$378,$531,$0,$0,$21,$1056,$1434,$222,$321,$18,$677,$900,$0,$0,$0,$534,$1434,$-30,$19,$33,$52,$0,$0,$0,$21,$21,$43,$-65,$0,$0,$6,$0,$6,$-0,$-59,$-0,$31,$31,$3,$3,$-19,$-1,$14,$-1,$-1,$-19
47,2006-12-31,21.69,$14.72,1.47,$44.30,0.49,$8.32,2.61,$4.03,5.38,$0.36B,$0.20B,1.82,$0.32B,$0.58B,0.56,$1.60B,$0.27B,16.64%,$1.60B,$0.10B,5.94%,$1.60B,$0.10B,5.94%,$1.60B,$0.12B,7.50%,$1.60B,$0.11B,6.75%,$1.60B,$0.14B,8.69%,$0.14B,$0.58B,21.67%,$0.14B,$0.58B,21.67%,$0.14B,$1.46B,9.16%,$0.10B,$0.90B,9.82%,$388,$313,$75,$0,$23,$356,$32,$33,$65,$17,$47,$47,$45,$-4,$32,$39,39,$1.17,$1.16,$36,$169,$0,$357,$562,$0,$0,$20,$1101,$1458,$196,$321,$19,$683,$880,$39,$145,$-119,$578,$1458,$139,$23,$-97,$-74,$-0,$6,$21,$0,$27,$92,$-23,$0,$0,$36,$0,$36,$-7,$7,$-8,$3,$-5,$9,$9,$-165,$1,$-161,$2,$-2,$-165
