,Date,Stock Price,Book Value per Share,Price to Book Ratio,TTM Sales per Share,Price to Sales Ratio,TTM FCF per Share,Price to FCF Ratio,TTM Net EPS,PE Ratio,Current Assets,Current Liabilities,Current Ratio,Long Term Debt,Shareholder's Equity_x,Debt to Equity Ratio,TTM Revenue_x,TTM Gross Profit,Gross Margin,TTM Revenue_y,TTM Operating Income,Operating Margin,TTM Revenue_x,TTM EBIT,EBIT Margin,TTM Revenue_y,TTM EBITDA,EBITDA Margin,TTM Revenue_x,TTM Pre-Tax Income,Pre-Tax Margin,TTM Revenue_y,TTM Net Income_x,Net Margin,TTM Net Income_y,Shareholder's Equity_y,Return on Equity,TTM Net Income_x,Tangible Equity,Return on Tangible Equity,TTM Net Income_y,Total Assets,Return on Assets,TTM Net Income,LT Investments & Debt,Return on Investment,revenue,cost-goods-sold,gross-profit,research-development-expenses,selling-general-administrative-expenses,operating-expenses,operating-income,total-non-operating-income-expense,pre-tax-income,total-provision-income-taxes,income-after-taxes,income-from-continuous-operations,net-income,ebitda,ebit,basic-shares-outstanding,shares-outstanding,eps-basic-net-earnings-per-share,eps-earnings-per-share-diluted,cash-on-hand,inventory,other-current-assets,total-current-assets,net-property-plant-equipment,long-term-investments,goodwill-intangible-assets-total,other-long-term-assets,total-long-term-assets,total-assets,total-current-liabilities,long-term-debt,other-non-current-liabilities,total-long-term-liabilities,total-liabilities,common-stock-net,retained-earnings-accumulated-deficit,comprehensive-income,total-share-holder-equity,total-liabilities-share-holders-equity,net-income-loss,total-depreciation-amortization-cash-flow,other-non-cash-items,total-non-cash-items,change-in-accounts-receivable,change-in-inventories,change-in-accounts-payable,change-in-assets-liabilities,total-change-in-assets-liabilities,cash-flow-from-operating-activities,net-change-in-property-plant-equipment,net-change-in-intangible-assets,net-acquisitions-divestitures,net-change-in-short-term-investments,net-change-in-long-term-investments,net-change-in-investments-total,investing-activities-other,cash-flow-from-investing-activities,net-long-term-debt,net-current-debt,debt-issuance-retirement-net-total,net-common-equity-issued-repurchased,net-total-equity-issued-repurchased,total-common-preferred-stock-dividends-paid,financial-activities-other,cash-flow-from-financial-activities,net-cash-flow,stock-based-compensation,common-stock-dividends-paid
0,2018-09-30,4.65,$4.33,1.07,$4.98,0.93,$0.41,11.23,$-0.03,0.0,$0.06B,$0.01B,6.15,$0.00B,$0.08B,0.0,$0.09B,$0.03B,38.82%,$0.09B,$-0.00B,-4.71%,$0.09B,$-0.00B,-4.71%,$0.09B,0,0.00%,$0.09B,$-0.00B,-3.53%,$0.09B,$-0.00B,-1.18%,$-0.00B,$0.08B,-1.23%,$-0.00B,$0.08B,-1.31%,$-0.00B,$0.09B,-1.06%,$-0.00B,$0.08B,-4.91%,$18,$12,$7,$3,$6,$21,$-2,$0,$-2,$-0,$-2,$-2,$-2,$-1,$-2,$17,17,$-0.10,$-0.10,$37,$13,$0,$64,$12,$0,$5,$0,$26,$90,$10,$0,$0,$0,$11,$0,$-55,$-0,$79,$90,$-4,$3,$2,$5,$5,$-0,$0,$0,$3,$4,$-2,$0,$0,$1,$0,$1,$0,$-1,$-0,$0,$-0,$1,$1,$-3,$-0,$-3,$-0,$3,$-3
1,2018-06-30,6.18,$4.43,1.4,$5.30,1.17,$0.60,10.39,$0.13,47.56,$0.07B,$0.01B,5.08,$0.00B,$0.08B,0.0,$0.09B,$0.04B,39.56%,$0.09B,$-0.00B,-1.10%,$0.09B,$-0.00B,-1.10%,$0.09B,$0.00B,3.30%,$0.09B,0,0.00%,$0.09B,$0.00B,2.20%,$0.00B,$0.08B,2.45%,$0.00B,$0.08B,2.62%,$0.00B,$0.10B,2.12%,$-0.00B,$0.08B,-1.22%,$22,$14,$8,$3,$6,$23,$-2,$0,$-1,$-0,$-1,$-1,$-1,$-1,$-2,$17,17,$-0.07,$-0.07,$37,$13,$0,$69,$13,$0,$5,$0,$26,$95,$14,$0,$0,$0,$14,$0,$-53,$-0,$81,$95,$-2,$2,$1,$3,$0,$-1,$3,$0,$1,$2,$-2,$0,$0,$4,$0,$4,$0,$2,$-0,$0,$-0,$0,$0,$-2,$-0,$-2,$2,$2,$-2
2,2018-03-31,7.11,$4.52,1.57,$5.34,1.33,$0.74,9.61,$0.18,39.52,$0.07B,$0.01B,6.19,$0.00B,$0.08B,0.0,$0.09B,$0.04B,40.66%,$0.09B,$0.00B,1.10%,$0.09B,$0.00B,1.10%,$0.09B,$0.01B,5.49%,$0.09B,$0.00B,1.10%,$0.09B,$0.00B,3.30%,$0.00B,$0.08B,3.69%,$0.00B,$0.08B,3.97%,$0.00B,$0.09B,3.20%,$0.00B,$0.08B,1.23%,$22,$14,$8,$3,$6,$23,$-1,$0,$-1,$-0,$-1,$-1,$-1,$-0,$-1,$17,17,$-0.05,$-0.05,$35,$13,$0,$68,$13,$0,$5,$0,$26,$94,$11,$0,$0,$0,$11,$0,$-52,$0,$83,$94,$-1,$1,$0,$1,$-0,$0,$-0,$-0,$-2,$-2,$-1,$0,$0,$10,$0,$10,$0,$9,$-0,$0,$-0,$0,$0,$-1,$-0,$-1,$7,$1,$-1
3,2017-12-31,7.24,$4.68,1.55,$5.47,1.32,$0.94,7.67,$0.23,31.5,$0.07B,$0.01B,5.49,$0.00B,$0.08B,0.0,$0.09B,$0.04B,41.30%,$0.09B,$0.00B,2.17%,$0.09B,$0.00B,2.17%,$0.09B,$0.01B,6.52%,$0.09B,$0.00B,2.17%,$0.09B,$0.00B,4.35%,$0.00B,$0.08B,4.98%,$0.00B,$0.08B,5.39%,$0.00B,$0.10B,4.31%,$0.00B,$0.08B,2.49%,$23,$13,$10,$3,$6,$22,$1,$0,$1,$-2,$3,$3,$3,$2,$1,$17,17,$0.19,$0.19,$38,$13,$0,$71,$12,$0,$5,$0,$26,$97,$13,$0,$0,$0,$13,$0,$-51,$0,$83,$97,$4,$4,$0,$4,$1,$2,$-1,$-0,$2,$10,$-3,$0,$0,$35,$-49,$-14,$0,$-17,$-0,$0,$-0,$2,$2,$-4,$-1,$-3,$-9,$3,$-4
4,2017-09-30,6.19,$4.50,1.38,$5.44,1.14,$1.11,5.6,$-0.29,0.0,$0.07B,$0.01B,5.78,$0.00B,$0.08B,0.0,$0.09B,$0.04B,41.76%,$0.09B,$0.00B,3.30%,$0.09B,$0.00B,3.30%,$0.09B,$0.01B,7.69%,$0.09B,$0.00B,3.30%,$0.09B,$-0.00B,-4.40%,$-0.00B,$0.08B,-5.05%,$-0.00B,$0.07B,-5.50%,$-0.00B,$0.09B,-4.37%,$0.00B,$0.08B,3.79%,$24,$14,$10,$3,$6,$23,$1,$0,$1,$0,$1,$1,$1,$2,$1,$17,17,$0.06,$0.06,$37,$13,$0,$69,$12,$0,$6,$0,$23,$92,$12,$0,$0,$0,$12,$0,$-55,$-0,$80,$92,$1,$3,$2,$5,$1,$2,$-1,$1,$1,$7,$-2,$0,$0,$-12,$0,$-12,$0,$-14,$-0,$0,$-0,$1,$1,$-3,$-1,$-3,$-8,$2,$-3
5,2017-06-30,6.9,$4.44,1.55,$5.34,1.29,$1.20,5.73,$-0.34,0.0,$0.07B,$0.01B,5.51,$0.00B,$0.08B,0.0,$0.09B,$0.04B,40.91%,$0.09B,$0.00B,2.27%,$0.09B,$0.00B,2.27%,$0.09B,$0.01B,6.82%,$0.09B,$0.00B,2.27%,$0.09B,$-0.01B,-5.68%,$-0.01B,$0.08B,-6.23%,$-0.01B,$0.07B,-6.83%,$-0.01B,$0.09B,-5.41%,$0.00B,$0.08B,2.49%,$22,$13,$9,$3,$7,$22,$-0,$0,$-0,$-0,$-0,$-0,$-0,$1,$-0,$17,17,$-0.02,$-0.02,$34,$14,$1,$68,$12,$0,$6,$0,$24,$92,$12,$0,$0,$0,$13,$0,$-55,$-0,$79,$92,$-0,$2,$1,$3,$1,$1,$-0,$0,$1,$4,$-2,$0,$0,$-4,$0,$-4,$0,$-5,$-0,$0,$-0,$1,$1,$-2,$-1,$-2,$-3,$2,$-2
6,2017-03-31,6.9,$4.45,1.55,$5.37,1.28,$1.28,5.38,$-1.01,0.0,$0.07B,$0.01B,5.98,$0.00B,$0.08B,0.0,$0.09B,$0.04B,41.38%,$0.09B,$0.00B,2.30%,$0.09B,$0.00B,2.30%,$0.09B,$0.01B,5.75%,$0.09B,$0.00B,2.30%,$0.09B,$-0.02B,-18.39%,$-0.02B,$0.08B,-19.63%,$-0.02B,$0.07B,-21.62%,$-0.02B,$0.09B,-17.16%,$0.00B,$0.08B,2.45%,$23,$14,$9,$3,$7,$23,$0,$0,$0,$-0,$0,$0,$-0,$1,$0,$16,16,$0.00,$0.00,$33,$13,$0,$65,$13,$0,$6,$0,$25,$90,$11,$0,$0,$0,$11,$0,$-55,$-0,$79,$90,$0,$1,$0,$1,$1,$2,$-1,$0,$1,$2,$-1,$0,$0,$0,$0,$0,$0,$-1,$-0,$0,$-0,$0,$0,$-1,$-1,$-1,$0,$1,$-1
7,2016-12-31,5.21,$4.53,1.15,$5.26,0.99,$1.28,4.07,$-1.10,0.0,$0.07B,$0.01B,5.16,$0.00B,$0.08B,0.0,$0.09B,$0.03B,40.00%,$0.09B,$-0.00B,-1.18%,$0.09B,$-0.00B,-1.18%,$0.09B,$0.00B,3.53%,$0.09B,$-0.00B,-1.18%,$0.09B,$-0.02B,-20.00%,$-0.02B,$0.08B,-19.88%,$-0.02B,$0.07B,-22.30%,$-0.02B,$0.09B,-17.53%,$-0.00B,$0.08B,-1.17%,$22,$12,$10,$3,$6,$20,$2,$0,$2,$6,$-4,$-4,$-5,$3,$2,$16,16,$-0.32,$-0.32,$33,$14,$0,$68,$12,$0,$7,$1,$24,$92,$13,$0,$0,$0,$14,$0,$-56,$-0,$79,$92,$-13,$4,$15,$19,$2,$3,$-0,$0,$5,$11,$-2,$0,$0,$81,$-74,$6,$0,$5,$-0,$0,$-0,$-3,$-3,$-3,$-0,$-7,$8,$4,$-3
8,2016-09-30,5.13,$4.86,1.05,$4.48,1.14,$1.09,4.69,$-0.82,0.0,$0.07B,$0.01B,6.01,$0.00B,$0.08B,0.0,$0.07B,$0.03B,42.47%,$0.07B,$-0.00B,-5.48%,$0.07B,$-0.00B,-5.48%,$0.07B,$-0.00B,-1.37%,$0.07B,$-0.00B,-4.11%,$0.07B,$-0.01B,-17.81%,$-0.01B,$0.08B,-14.33%,$-0.01B,$0.08B,-16.30%,$-0.01B,$0.10B,-12.68%,$-0.00B,$0.08B,-4.41%,$21,$13,$8,$2,$6,$21,$-0,$0,$-0,$-0,$0,$0,$0,$1,$-0,$16,16,$0.01,$0.01,$31,$15,$0,$65,$13,$0,$8,$0,$30,$96,$11,$0,$0,$0,$11,$0,$-50,$-0,$84,$96,$-8,$3,$10,$12,$3,$3,$-1,$0,$4,$8,$-2,$0,$0,$-48,$54,$7,$0,$5,$-0,$0,$-0,$-3,$-3,$-3,$-0,$-6,$6,$3,$-3
9,2016-06-30,4.52,$4.86,0.93,$4.70,0.96,$-0.11,0.0,$-0.89,0.0,$0.06B,$0.01B,6.1,$0.00B,$0.08B,0.0,$0.08B,$0.03B,39.24%,$0.08B,$-0.01B,-7.59%,$0.08B,$-0.01B,-7.59%,$0.08B,$-0.00B,-2.53%,$0.08B,$-0.01B,-6.33%,$0.08B,$-0.01B,-17.72%,$-0.01B,$0.08B,-14.62%,$-0.01B,$0.08B,-16.92%,$-0.01B,$0.10B,-12.99%,$-0.01B,$0.08B,-6.27%,$21,$12,$9,$3,$6,$21,$-0,$0,$-0,$8,$-8,$-8,$-11,$0,$-0,$16,16,$-0.69,$-0.69,$29,$15,$0,$64,$14,$0,$8,$0,$31,$95,$11,$0,$0,$0,$11,$0,$-50,$-0,$84,$95,$-8,$2,$9,$11,$3,$2,$-2,$0,$3,$5,$-1,$0,$0,$3,$0,$3,$0,$1,$-0,$0,$-0,$-4,$-4,$-2,$-0,$-6,$0,$2,$-2
10,2016-03-31,4.53,$5.51,0.82,$4.86,0.93,$-1.16,0.0,$-0.18,0.0,$0.06B,$0.01B,6.32,$0.00B,$0.10B,0.0,$0.09B,$0.03B,36.05%,$0.09B,$-0.01B,-9.30%,$0.09B,$-0.01B,-9.30%,$0.09B,$-0.00B,-2.33%,$0.09B,$-0.00B,-4.65%,$0.09B,$-0.00B,-3.49%,$-0.00B,$0.10B,-2.92%,$-0.00B,$0.08B,-3.43%,$-0.00B,$0.11B,-2.60%,$-0.01B,$0.10B,-7.79%,$21,$14,$7,$3,$6,$24,$-3,$0,$-3,$-1,$-1,$-1,$-1,$-1,$-3,$16,16,$-0.09,$-0.09,$28,$17,$0,$63,$14,$0,$14,$0,$42,$105,$10,$0,$0,$0,$10,$0,$-38,$0,$95,$105,$-1,$2,$-0,$1,$5,$0,$-2,$-0,$2,$2,$-1,$0,$0,$1,$0,$1,$0,$1,$-0,$0,$-0,$-4,$-4,$-1,$-0,$-5,$-3,$1,$-1
11,2015-12-31,4.27,$5.69,0.75,$5.01,0.85,$-2.35,0.0,$-0.09,0.0,$0.07B,$0.01B,5.57,$0.00B,$0.10B,0.0,$0.09B,$0.03B,37.36%,$0.09B,$-0.01B,-5.49%,$0.09B,$-0.01B,-5.49%,$0.09B,0,0.00%,$0.09B,$-0.00B,-1.10%,$0.09B,$-0.00B,-2.20%,$-0.00B,$0.10B,-1.86%,$-0.00B,$0.09B,-2.19%,$-0.00B,$0.11B,-1.65%,$-0.01B,$0.10B,-4.64%,$10,$3,$7,$3,$5,$11,$-1,$1,$0,$-0,$0,$0,$-1,$-1,$-1,$18,18,$-0.05,$-0.05,$32,$18,$0,$72,$14,$0,$15,$0,$42,$114,$13,$0,$0,$0,$13,$0,$-35,$-0,$100,$114,$-1,$5,$2,$7,$8,$-1,$1,$-1,$3,$9,$-2,$0,$-21,$45,$-30,$15,$0,$-7,$-0,$0,$-0,$-11,$-11,$-4,$-0,$-15,$-13,$2,$-4
12,2015-09-30,5.59,$5.85,0.96,$6.04,0.93,$-2.44,0.0,$0.07,79.88,$0.08B,$0.01B,6.37,$0.00B,$0.10B,0.0,$0.11B,$0.04B,35.45%,$0.11B,$-0.00B,-1.82%,$0.11B,$-0.00B,-1.82%,$0.11B,$0.00B,3.64%,$0.11B,$0.00B,1.82%,$0.11B,$0.00B,0.91%,$0.00B,$0.10B,0.89%,$0.00B,$0.09B,1.02%,$0.00B,$0.12B,0.80%,$-0.00B,$0.10B,-1.79%,$27,$18,$8,$3,$6,$29,$-2,$1,$-2,$-1,$-1,$-1,$-1,$-0,$-2,$18,18,$-0.06,$-0.06,$34,$17,$0,$77,$14,$0,$16,$0,$40,$117,$12,$0,$1,$1,$13,$0,$-34,$0,$104,$117,$-1,$5,$1,$6,$9,$-1,$0,$-2,$2,$8,$-22,$0,$0,$18,$0,$18,$0,$-4,$0,$0,$0,$-9,$-9,$-3,$0,$-11,$-8,$1,$-3
13,2015-06-30,6.62,$6.04,1.1,$6.07,1.09,$-1.44,0.0,$0.25,26.5,$0.09B,$0.01B,6.65,$0.00B,$0.11B,0.0,$0.11B,$0.04B,37.84%,$0.11B,$0.00B,1.80%,$0.11B,$0.00B,1.80%,$0.11B,$0.01B,6.31%,$0.11B,$0.01B,5.41%,$0.11B,$0.00B,3.60%,$0.00B,$0.11B,3.50%,$0.00B,$0.10B,3.86%,$0.00B,$0.13B,3.11%,$0.00B,$0.11B,1.75%,$28,$18,$9,$3,$7,$29,$-2,$2,$1,$0,$0,$0,$0,$0,$-2,$18,18,$0.02,$0.02,$41,$18,$0,$85,$15,$0,$17,$0,$41,$126,$13,$0,$1,$1,$14,$0,$-32,$0,$112,$126,$0,$3,$1,$4,$8,$-1,$0,$-1,$3,$7,$-22,$0,$0,$15,$0,$15,$0,$-7,$0,$0,$0,$-2,$-2,$-2,$0,$-4,$-4,$1,$-2
14,2015-03-31,7.33,$6.16,1.19,$6.00,1.22,$-0.72,0.0,$0.26,28.2,$0.09B,$0.01B,6.71,$0.00B,$0.12B,0.0,$0.11B,$0.04B,40.37%,$0.11B,$0.01B,4.59%,$0.11B,$0.01B,4.59%,$0.11B,$0.01B,8.26%,$0.11B,$0.01B,5.50%,$0.11B,$0.01B,4.59%,$0.01B,$0.12B,4.39%,$0.01B,$0.10B,4.68%,$0.01B,$0.13B,3.91%,$0.01B,$0.12B,4.39%,$26,$16,$10,$3,$7,$26,$-0,$0,$-0,$-0,$-0,$-0,$-0,$1,$-0,$18,18,$-0.00,$-0.00,$39,$18,$0,$85,$15,$0,$19,$0,$43,$128,$13,$0,$0,$0,$13,$0,$-31,$0,$115,$128,$-0,$1,$0,$1,$5,$-1,$0,$-1,$-1,$0,$-21,$0,$0,$9,$0,$9,$0,$-12,$0,$0,$0,$1,$1,$-1,$0,$-0,$-13,$1,$-1
15,2014-12-31,7.89,$6.22,1.27,$5.86,1.35,$0.34,23.48,$0.25,31.55,$0.10B,$0.02B,6.64,$0.00B,$0.12B,0.0,$0.11B,$0.04B,41.12%,$0.11B,$0.01B,4.67%,$0.11B,$0.01B,4.67%,$0.11B,$0.01B,8.41%,$0.11B,$0.01B,5.61%,$0.11B,$0.01B,4.67%,$0.01B,$0.12B,4.42%,$0.01B,$0.11B,4.58%,$0.01B,$0.13B,3.94%,$0.01B,$0.12B,4.42%,$29,$18,$12,$3,$7,$28,$2,$1,$3,$1,$2,$2,$2,$3,$2,$18,18,$0.11,$0.11,$60,$16,$0,$104,$15,$0,$3,$0,$27,$132,$16,$0,$0,$0,$16,$0,$-30,$0,$116,$132,$5,$5,$4,$9,$-5,$-2,$1,$2,$-5,$8,$-3,$0,$0,$55,$-59,$-3,$0,$-6,$0,$0,$0,$-1,$-1,$-3,$0,$-3,$-1,$3,$-3
16,2014-09-30,6.88,$6.14,1.12,$5.69,1.21,$0.51,13.62,$0.16,43.0,$0.10B,$0.01B,7.12,$0.00B,$0.11B,0.0,$0.10B,$0.04B,41.35%,$0.10B,$0.00B,2.88%,$0.10B,$0.00B,2.88%,$0.10B,$0.01B,4.81%,$0.10B,$0.00B,3.85%,$0.10B,$0.00B,2.88%,$0.00B,$0.11B,2.68%,$0.00B,$0.11B,2.78%,$0.00B,$0.13B,2.39%,$0.00B,$0.11B,2.68%,$28,$17,$11,$3,$6,$26,$2,$0,$2,$0,$2,$2,$2,$3,$2,$18,18,$0.12,$0.12,$59,$16,$0,$99,$15,$0,$3,$0,$29,$128,$14,$0,$1,$1,$14,$0,$-31,$0,$114,$128,$3,$4,$2,$6,$-2,$-2,$1,$2,$-3,$5,$-2,$0,$0,$-3,$0,$-3,$0,$-5,$0,$0,$0,$-1,$-1,$-2,$0,$-3,$-2,$3,$-2
17,2014-06-30,7.29,$5.99,1.22,$5.60,1.3,$0.60,12.23,$0.08,91.18,$0.09B,$0.01B,7.54,$0.00B,$0.11B,0.0,$0.10B,$0.04B,42.16%,$0.10B,$0.00B,1.96%,$0.10B,$0.00B,1.96%,$0.10B,$0.01B,6.86%,$0.10B,$0.00B,2.94%,$0.10B,$0.00B,1.96%,$0.00B,$0.11B,1.80%,$0.00B,$0.11B,1.87%,$0.00B,$0.12B,1.60%,$0.00B,$0.11B,1.80%,$26,$15,$11,$3,$7,$26,$1,$0,$1,$0,$1,$1,$1,$2,$1,$18,18,$0.03,$0.03,$54,$17,$0,$94,$15,$0,$4,$0,$30,$124,$12,$0,$1,$1,$14,$0,$-33,$0,$111,$124,$0,$2,$1,$3,$-2,$-2,$0,$2,$-4,$-0,$-1,$0,$0,$-4,$0,$-4,$0,$-5,$0,$0,$0,$-1,$-1,$-1,$0,$-3,$-8,$2,$-1
18,2014-03-31,7.83,$5.98,1.31,$5.65,1.39,$0.77,10.22,$0.06,130.52,$0.09B,$0.01B,8.09,$0.00B,$0.11B,0.0,$0.10B,$0.04B,41.75%,$0.10B,$0.00B,0.97%,$0.10B,$0.00B,0.97%,$0.10B,$0.01B,6.80%,$0.10B,$0.00B,1.94%,$0.10B,$0.00B,0.97%,$0.00B,$0.11B,0.90%,$0.00B,$0.11B,0.94%,$0.00B,$0.12B,0.80%,$0.00B,$0.11B,0.90%,$24,$14,$10,$3,$6,$24,$-0,$0,$-0,$-0,$-0,$-0,$-0,$1,$-0,$18,18,$-0.01,$-0.01,$56,$16,$0,$93,$15,$0,$4,$0,$31,$124,$11,$0,$1,$1,$13,$0,$-33,$0,$111,$124,$-0,$1,$-0,$1,$1,$-1,$-0,$1,$-2,$-1,$-1,$0,$0,$-4,$0,$-4,$0,$-4,$0,$0,$0,$0,$0,$-1,$0,$-0,$-5,$1,$-1
19,2013-12-31,8.54,$6.04,1.42,$5.75,1.49,$0.91,9.42,$0.17,50.24,$0.10B,$0.01B,7.83,$0.00B,$0.11B,0.0,$0.10B,$0.04B,41.35%,$0.10B,0,0.00%,$0.10B,0,0.00%,$0.10B,$0.01B,5.77%,$0.10B,$0.01B,4.81%,$0.10B,$0.00B,2.88%,$0.00B,$0.11B,2.71%,$0.00B,$0.11B,2.86%,$0.00B,$0.13B,2.40%,$0.00B,$0.11B,0.00%,$26,$15,$11,$3,$7,$26,$0,$1,$1,$1,$0,$0,$0,$-1,$0,$18,18,$0.02,$0.03,$58,$15,$0,$96,$15,$0,$5,$0,$32,$127,$12,$0,$3,$3,$15,$0,$-32,$0,$112,$127,$3,$5,$5,$10,$0,$3,$-6,$1,$-2,$11,$-3,$0,$0,$70,$-72,$-3,$0,$-5,$0,$0,$0,$1,$1,$-3,$0,$-2,$4,$3,$-3
20,2013-09-30,7.87,$6.00,1.31,$5.81,1.36,$0.60,13.04,$-0.33,0.0,$0.09B,$0.01B,8.66,$0.00B,$0.11B,0.0,$0.10B,$0.04B,40.38%,$0.10B,$-0.01B,-10.58%,$0.10B,$-0.01B,-10.58%,$0.10B,$-0.00B,-2.88%,$0.10B,$-0.01B,-6.73%,$0.10B,$-0.01B,-4.81%,$-0.01B,$0.11B,-4.57%,$-0.01B,$0.11B,-4.83%,$-0.01B,$0.12B,-3.98%,$-0.01B,$0.11B,-10.05%,$26,$16,$11,$3,$6,$26,$1,$0,$1,$1,$1,$1,$1,$5,$1,$18,18,$0.04,$0.04,$55,$15,$0,$90,$15,$0,$5,$2,$34,$124,$10,$0,$3,$3,$13,$0,$-32,$0,$111,$124,$3,$6,$1,$7,$1,$2,$-7,$1,$-3,$7,$-2,$0,$0,$-4,$0,$-4,$0,$-6,$0,$0,$0,$0,$0,$-2,$0,$-1,$-0,$0,$-2
21,2013-06-30,7.51,$5.94,1.26,$5.82,1.29,$0.30,25.19,$-0.35,0.0,$0.09B,$0.01B,7.7,$0.00B,$0.11B,0.0,$0.10B,$0.04B,39.42%,$0.10B,$-0.01B,-10.58%,$0.10B,$-0.01B,-10.58%,$0.10B,$-0.01B,-4.81%,$0.10B,$-0.01B,-6.73%,$0.10B,$-0.01B,-5.77%,$-0.01B,$0.11B,-5.42%,$-0.01B,$0.10B,-5.97%,$-0.01B,$0.12B,-4.69%,$-0.01B,$0.11B,-9.93%,$27,$16,$11,$3,$7,$26,$0,$0,$0,$0,$0,$0,$0,$2,$0,$18,18,$0.01,$0.01,$51,$16,$0,$89,$15,$0,$6,$2,$35,$124,$12,$0,$3,$3,$14,$0,$-32,$0,$110,$124,$2,$3,$2,$5,$0,$2,$-5,$1,$-4,$3,$-1,$0,$0,$0,$0,$0,$0,$-1,$0,$0,$0,$-0,$-0,$-1,$0,$-1,$1,$2,$-1
22,2013-03-31,6.26,$5.93,1.06,$5.49,1.14,$0.19,32.31,$-0.38,0.0,$0.09B,$0.01B,6.79,$0.00B,$0.11B,0.0,$0.10B,$0.04B,40.21%,$0.10B,$-0.01B,-10.31%,$0.10B,$-0.01B,-10.31%,$0.10B,$-0.01B,-5.15%,$0.10B,$-0.01B,-6.19%,$0.10B,$-0.01B,-6.19%,$-0.01B,$0.11B,-5.36%,$-0.01B,$0.10B,-5.93%,$-0.01B,$0.13B,-4.64%,$-0.01B,$0.11B,-8.93%,$25,$15,$10,$3,$8,$26,$-1,$4,$3,$1,$2,$2,$2,$-0,$-1,$18,18,$0.11,$0.10,$52,$17,$0,$89,$15,$0,$7,$2,$36,$125,$13,$0,$3,$3,$16,$0,$-31,$0,$109,$125,$2,$1,$1,$2,$1,$1,$-4,$1,$-2,$2,$-1,$0,$0,$-3,$0,$-3,$0,$-3,$0,$0,$0,$0,$0,$-1,$0,$-0,$-2,$1,$-1
23,2012-12-31,6.32,$5.84,1.08,$5.08,1.24,$0.09,68.29,$-0.52,0.0,$0.09B,$0.02B,5.53,$0.00B,$0.11B,0.0,$0.09B,$0.04B,40.45%,$0.09B,$-0.01B,-12.36%,$0.09B,$-0.01B,-12.36%,$0.09B,$-0.01B,-5.62%,$0.09B,$-0.01B,-12.36%,$0.09B,$-0.01B,-10.11%,$-0.01B,$0.11B,-7.93%,$-0.01B,$0.10B,-8.82%,$-0.01B,$0.13B,-6.91%,$-0.01B,$0.11B,-9.69%,$26,$16,$10,$2,$6,$37,$-11,$-0,$-11,$-4,$-7,$-7,$-8,$-10,$-11,$17,17,$-0.48,$-0.48,$51,$18,$0,$91,$15,$0,$7,$2,$38,$129,$16,$0,$4,$4,$20,$0,$-32,$0,$108,$129,$-9,$5,$13,$17,$-3,$-2,$4,$1,$-2,$6,$-3,$0,$-16,$78,$-62,$16,$0,$-4,$0,$0,$0,$1,$1,$-2,$0,$-2,$-2,$3,$-2
24,2012-09-30,6.15,$6.27,0.98,$4.72,1.3,$0.11,56.41,$-0.01,0.0,$0.09B,$0.02B,5.99,$0.00B,$0.12B,0.0,$0.08B,$0.04B,42.17%,$0.08B,$0.00B,3.61%,$0.08B,$0.00B,3.61%,$0.08B,$0.01B,10.84%,$0.08B,$0.00B,3.61%,$0.08B,0,0.00%,$0.00B,$0.12B,0.00%,$0.00B,$0.09B,0.00%,$0.00B,$0.13B,0.00%,$0.00B,$0.12B,2.59%,$26,$16,$10,$2,$5,$25,$1,$0,$1,$0,$1,$1,$0,$3,$1,$17,18,$0.02,$0.02,$48,$16,$1,$87,$15,$0,$22,$2,$47,$134,$15,$0,$4,$4,$18,$0,$-24,$0,$116,$134,$-1,$4,$3,$6,$-5,$-0,$1,$1,$-3,$2,$-3,$0,$-18,$18,$0,$18,$-1,$-2,$0,$0,$0,$1,$1,$-2,$0,$-1,$-2,$2,$-2
25,2012-06-30,5.62,$6.24,0.9,$4.38,1.28,$0.11,52.23,$-0.01,0.0,$0.10B,$0.01B,9.11,$0.00B,$0.12B,0.0,$0.08B,$0.03B,44.74%,$0.08B,$0.00B,2.63%,$0.08B,$0.00B,2.63%,$0.08B,$0.01B,10.53%,$0.08B,$0.00B,2.63%,$0.08B,0,0.00%,$0.00B,$0.12B,0.00%,$0.00B,$0.11B,0.00%,$0.00B,$0.13B,0.00%,$0.00B,$0.12B,1.72%,$20,$11,$9,$2,$5,$19,$1,$0,$1,$0,$0,$0,$-0,$2,$1,$17,17,$-0.02,$-0.02,$65,$14,$0,$95,$14,$1,$8,$2,$34,$129,$10,$0,$2,$3,$14,$0,$-23,$0,$115,$129,$-1,$2,$2,$4,$-0,$0,$0,$1,$-1,$1,$-2,$0,$-1,$11,$0,$11,$0,$9,$0,$0,$0,$0,$0,$-1,$0,$-1,$8,$2,$-1
26,2012-03-31,5.75,$6.22,0.92,$4.33,1.33,$-0.04,0.0,0,0.0,$0.09B,$0.01B,9.39,$0.00B,$0.12B,0.0,$0.08B,$0.03B,45.33%,$0.08B,$0.00B,1.33%,$0.08B,$0.00B,1.33%,$0.08B,$0.01B,9.33%,$0.08B,$0.00B,1.33%,$0.08B,0,0.00%,$0.00B,$0.12B,0.00%,$0.00B,$0.11B,0.00%,$0.00B,$0.13B,0.00%,$0.00B,$0.12B,0.86%,$17,$10,$7,$3,$5,$19,$-2,$0,$-2,$-0,$-1,$-1,$-1,$-0,$-2,$17,17,$-0.05,$-0.05,$64,$13,$0,$93,$14,$3,$9,$2,$36,$129,$10,$0,$2,$4,$14,$0,$-22,$0,$115,$129,$-1,$1,$-0,$1,$2,$1,$0,$1,$0,$0,$-1,$0,$0,$-1,$0,$-1,$0,$-1,$0,$0,$0,$0,$0,$-1,$0,$-0,$-2,$1,$-1
27,2011-12-31,5.89,$6.41,0.92,$4.39,1.34,$-0.18,0.0,$0.03,196.38,$0.09B,$0.01B,7.3,$0.00B,$0.12B,0.0,$0.08B,$0.04B,46.05%,$0.08B,$0.00B,2.63%,$0.08B,$0.00B,2.63%,$0.08B,$0.01B,10.53%,$0.08B,$0.00B,2.63%,$0.08B,0,0.00%,$0.00B,$0.12B,0.00%,$0.00B,$0.11B,0.00%,$0.00B,$0.13B,0.00%,$0.00B,$0.12B,1.70%,$20,$11,$9,$1,$5,$17,$3,$-0,$3,$1,$2,$2,$1,$4,$3,$17,18,$0.03,$0.03,$62,$14,$0,$93,$14,$7,$9,$1,$40,$133,$13,$0,$2,$4,$17,$0,$-21,$0,$117,$133,$0,$5,$4,$9,$-0,$-3,$1,$1,$-1,$8,$-5,$0,$-1,$56,$-58,$-2,$0,$-9,$0,$0,$0,$-2,$-2,$-1,$0,$-3,$-5,$3,$-1
28,2011-09-30,5.28,$6.44,0.82,$4.33,1.22,$-0.25,0.0,$-0.04,0.0,$0.09B,$0.01B,8.01,$0.00B,$0.12B,0.0,$0.08B,$0.04B,46.67%,$0.08B,$-0.00B,-2.67%,$0.08B,$-0.00B,-2.67%,$0.08B,$0.00B,5.33%,$0.08B,$-0.00B,-2.67%,$0.08B,$-0.00B,-2.67%,$-0.00B,$0.12B,-1.70%,$-0.00B,$0.11B,-1.86%,$-0.00B,$0.13B,-1.51%,$-0.00B,$0.12B,-1.70%,$19,$10,$9,$3,$5,$19,$0,$0,$0,$0,$0,$0,$0,$2,$0,$17,18,$0.02,$0.02,$63,$14,$0,$94,$13,$5,$9,$1,$38,$132,$12,$0,$2,$3,$15,$0,$-21,$0,$117,$132,$-0,$4,$1,$5,$0,$-3,$1,$1,$-1,$4,$-4,$0,$0,$41,$-41,$-0,$0,$-4,$0,$0,$0,$-2,$-2,$0,$0,$-2,$-2,$3,$0
29,2011-06-30,5.56,$6.39,0.87,$4.22,1.32,$-0.15,0.0,$-0.11,0.0,$0.09B,$0.01B,7.63,$0.00B,$0.12B,0.0,$0.07B,$0.03B,45.21%,$0.07B,$-0.00B,-4.11%,$0.07B,$-0.00B,-4.11%,$0.07B,$0.00B,2.74%,$0.07B,$-0.00B,-4.11%,$0.07B,$-0.00B,-4.11%,$-0.00B,$0.12B,-2.55%,$-0.00B,$0.11B,-2.79%,$-0.00B,$0.13B,-2.27%,$-0.00B,$0.12B,-2.55%,$19,$10,$9,$3,$6,$19,$-0,$0,$-0,$0,$-0,$-0,$-0,$1,$-0,$17,17,$0.00,$0.00,$59,$13,$0,$91,$13,$9,$10,$1,$43,$133,$12,$0,$2,$3,$15,$0,$-22,$0,$118,$133,$-1,$3,$1,$3,$0,$-2,$2,$-1,$-2,$1,$-3,$0,$0,$5,$0,$5,$0,$2,$0,$0,$0,$0,$0,$0,$0,$0,$3,$2,$0
30,2011-03-31,6.58,$6.35,1.04,$4.14,1.59,$0.03,226.09,$-0.16,0.0,$0.09B,$0.01B,7.07,$0.00B,$0.12B,0.0,$0.07B,$0.03B,44.44%,$0.07B,$-0.01B,-6.94%,$0.07B,$-0.01B,-6.94%,$0.07B,0,0.00%,$0.07B,$-0.01B,-6.94%,$0.07B,$-0.00B,-5.56%,$-0.00B,$0.12B,-3.38%,$-0.00B,$0.11B,-3.71%,$-0.00B,$0.13B,-3.04%,$-0.01B,$0.12B,-4.23%,$18,$10,$8,$3,$5,$19,$-1,$0,$-1,$-0,$-0,$-0,$-1,$1,$-1,$17,17,$-0.04,$-0.04,$53,$12,$0,$85,$12,$15,$11,$1,$48,$133,$12,$0,$2,$3,$15,$0,$-22,$0,$118,$133,$-0,$1,$-0,$1,$-1,$-1,$2,$-1,$-2,$-1,$-2,$0,$0,$-2,$0,$-2,$0,$-4,$0,$0,$0,$0,$0,$0,$0,$0,$-5,$1,$0
31,2010-12-31,5.15,$6.38,0.81,$3.97,1.3,$0.14,36.79,$-0.20,0.0,$0.09B,$0.01B,7.68,$0.00B,$0.12B,0.0,$0.07B,$0.03B,44.29%,$0.07B,$-0.01B,-7.14%,$0.07B,$-0.01B,-7.14%,$0.07B,0,0.00%,$0.07B,$-0.01B,-7.14%,$0.07B,$-0.00B,-5.71%,$-0.00B,$0.12B,-3.36%,$-0.00B,$0.11B,-3.70%,$-0.00B,$0.13B,-3.05%,$-0.01B,$0.12B,-4.20%,$19,$10,$9,$3,$5,$20,$-1,$0,$-1,$-0,$-1,$-1,$-1,$-0,$-1,$17,17,$-0.04,$-0.04,$61,$11,$0,$91,$11,$10,$9,$1,$40,$131,$12,$0,$2,$2,$14,$0,$-21,$0,$117,$131,$-3,$5,$5,$10,$-4,$-2,$2,$-1,$-3,$3,$-1,$0,$-2,$-7,$0,$-7,$0,$-10,$0,$0,$0,$-4,$-4,$0,$0,$-4,$-12,$5,$0
32,2010-09-30,5.27,$6.36,0.83,$3.75,1.41,$0.37,14.24,$-0.19,0.0,$0.09B,$0.01B,8.6,$0.00B,$0.12B,0.0,$0.07B,$0.03B,43.94%,$0.07B,$-0.01B,-7.58%,$0.07B,$-0.01B,-7.58%,$0.07B,$-0.00B,-1.52%,$0.07B,$-0.00B,-6.06%,$0.07B,$-0.00B,-6.06%,$-0.00B,$0.12B,-3.33%,$-0.00B,$0.11B,-3.66%,$-0.00B,$0.13B,-3.07%,$-0.01B,$0.12B,-4.17%,$17,$10,$7,$3,$5,$19,$-1,$0,$-1,$-0,$-1,$-1,$-1,$-0,$-1,$17,17,$-0.05,$-0.05,$65,$10,$0,$92,$11,$7,$11,$1,$38,$131,$11,$0,$2,$2,$13,$0,$-20,$0,$118,$131,$-3,$4,$3,$7,$-2,$-2,$2,$-1,$-2,$2,$-1,$0,$-2,$18,$-22,$-5,$0,$-8,$0,$0,$0,$-3,$-3,$0,$0,$-3,$-8,$3,$0
33,2010-06-30,4.32,$6.34,0.68,$3.53,1.22,$0.51,8.46,$-0.18,0.0,$0.10B,$0.01B,10.25,$0.00B,$0.12B,0.0,$0.06B,$0.03B,44.44%,$0.06B,$-0.01B,-7.94%,$0.06B,$-0.01B,-7.94%,$0.06B,$-0.00B,-4.76%,$0.06B,$-0.00B,-4.76%,$0.06B,$-0.00B,-6.35%,$-0.00B,$0.12B,-3.31%,$-0.00B,$0.11B,-3.57%,$-0.00B,$0.13B,-3.08%,$-0.01B,$0.12B,-4.13%,$18,$10,$8,$3,$5,$19,$-2,$0,$-2,$-1,$-1,$-1,$-1,$-1,$-2,$18,18,$-0.06,$-0.06,$69,$9,$0,$95,$11,$4,$11,$1,$36,$131,$9,$0,$2,$2,$12,$0,$-19,$0,$120,$131,$-2,$3,$3,$5,$-3,$-1,$1,$1,$-3,$1,$-0,$0,$-2,$0,$-0,$-0,$0,$-3,$0,$0,$0,$-1,$-1,$0,$0,$-1,$-3,$3,$0
34,2010-03-31,5.3,$6.32,0.84,$3.27,1.62,$0.69,7.71,$-0.21,0.0,$0.09B,$0.01B,10.6,$0.00B,$0.12B,0.0,$0.06B,$0.03B,44.83%,$0.06B,$-0.01B,-8.62%,$0.06B,$-0.01B,-8.62%,$0.06B,$-0.00B,-3.45%,$0.06B,$-0.00B,-5.17%,$0.06B,$-0.00B,-6.90%,$-0.00B,$0.12B,-3.29%,$-0.00B,$0.11B,-3.50%,$-0.00B,$0.13B,-3.08%,$-0.01B,$0.12B,-4.11%,$16,$8,$7,$3,$5,$17,$-1,$0,$-1,$-0,$-1,$-1,$-1,$1,$-1,$17,17,$-0.05,$-0.05,$60,$8,$0,$85,$12,$12,$12,$1,$46,$131,$8,$0,$2,$2,$10,$0,$-18,$0,$121,$131,$-1,$2,$-0,$2,$-3,$-0,$-1,$2,$-2,$-1,$-0,$0,$-2,$8,$-10,$-1,$0,$-4,$0,$0,$0,$0,$0,$0,$0,$0,$-4,$0,$0
35,2009-12-31,5.08,$6.55,0.78,$3.19,1.59,$0.84,6.07,$-0.25,0.0,$0.09B,$0.01B,14.2,$0.00B,$0.12B,0.0,$0.06B,$0.03B,46.43%,$0.06B,$-0.01B,-12.50%,$0.06B,$-0.01B,-12.50%,$0.06B,$-0.00B,-3.57%,$0.06B,$-0.00B,-7.14%,$0.06B,$-0.01B,-8.93%,$-0.01B,$0.12B,-4.08%,$-0.01B,$0.11B,-4.29%,$-0.01B,$0.13B,-3.85%,$-0.01B,$0.12B,-5.71%,$15,$8,$7,$3,$4,$15,$-1,$0,$-0,$0,$-1,$-1,$-1,$-1,$-1,$18,18,$-0.04,$-0.04,$63,$8,$0,$85,$12,$12,$9,$1,$44,$129,$6,$0,$2,$2,$8,$0,$-17,$0,$121,$129,$-4,$4,$4,$9,$5,$3,$-0,$-0,$4,$8,$-2,$0,$-7,$-7,$0,$-7,$0,$-15,$0,$0,$0,$-2,$-2,$0,$0,$-2,$-9,$3,$0
36,2009-09-30,5.36,$6.55,0.82,$3.29,1.63,$1.60,3.36,$-0.83,0.0,$0.09B,$0.01B,16.76,$0.00B,$0.12B,0.0,$0.06B,$0.03B,47.46%,$0.06B,$-0.02B,-37.29%,$0.06B,$-0.02B,-37.29%,$0.06B,$0.00B,1.69%,$0.06B,$-0.02B,-35.59%,$0.06B,$-0.02B,-25.42%,$-0.02B,$0.12B,-12.15%,$-0.02B,$0.12B,-12.66%,$-0.02B,$0.13B,-11.41%,$-0.02B,$0.12B,-17.81%,$14,$7,$6,$3,$4,$15,$-1,$0,$-0,$0,$-1,$-1,$-1,$-2,$-1,$18,18,$-0.04,$-0.04,$68,$8,$0,$92,$12,$10,$4,$1,$37,$129,$6,$0,$2,$2,$7,$0,$-17,$0,$122,$129,$-4,$5,$3,$8,$3,$2,$-1,$-3,$0,$4,$-1,$0,$-2,$-3,$0,$-3,$0,$-5,$0,$0,$0,$-1,$-1,$0,$0,$-1,$-2,$3,$0
37,2009-06-30,4.59,$6.57,0.7,$3.59,1.28,$2.25,2.04,$-0.20,0.0,$0.09B,$0.01B,16.53,$0.00B,$0.12B,0.0,$0.07B,$0.03B,49.23%,$0.07B,$-0.02B,-30.77%,$0.07B,$-0.02B,-30.77%,$0.07B,$0.01B,9.23%,$0.07B,$-0.02B,-30.77%,$0.07B,$-0.00B,-4.62%,$-0.00B,$0.12B,-2.34%,$-0.00B,$0.12B,-2.53%,$-0.00B,$0.13B,-2.20%,$-0.02B,$0.12B,-15.59%,$13,$7,$6,$3,$4,$16,$-2,$0,$-2,$-1,$-1,$-1,$-1,$0,$-2,$18,18,$-0.07,$-0.07,$68,$9,$0,$91,$12,$11,$5,$1,$39,$130,$6,$0,$2,$2,$7,$0,$-16,$0,$123,$130,$-3,$6,$0,$6,$5,$1,$-1,$-0,$1,$4,$-0,$0,$0,$-6,$-2,$-8,$0,$-8,$0,$0,$0,$-0,$-0,$0,$0,$-0,$-5,$0,$0
38,2009-03-31,3.69,$6.58,0.56,$3.87,0.95,$2.36,1.56,$-0.07,0.0,$0.09B,$0.01B,15.73,$0.00B,$0.12B,0.0,$0.07B,$0.04B,50.00%,$0.07B,$-0.02B,-23.61%,$0.07B,$-0.02B,-23.61%,$0.07B,$0.01B,12.50%,$0.07B,$-0.02B,-22.22%,$0.07B,$-0.00B,-1.39%,$-0.00B,$0.12B,-0.77%,$-0.00B,$0.12B,-0.86%,$-0.00B,$0.13B,-0.70%,$-0.02B,$0.12B,-13.03%,$14,$7,$7,$3,$5,$17,$-3,$0,$-2,$-1,$-2,$-2,$-2,$1,$-3,$18,18,$-0.11,$-0.11,$63,$11,$0,$88,$12,$14,$5,$1,$43,$131,$6,$0,$1,$1,$7,$0,$-14,$0,$124,$131,$-2,$3,$-0,$3,$4,$0,$-1,$-2,$0,$1,$0,$0,$-2,$-8,$0,$-8,$0,$-10,$0,$0,$0,$0,$0,$0,$0,$0,$-9,$0,$0
39,2008-12-31,5.64,$6.87,0.82,$3.96,1.42,$2.36,2.38,$1.84,3.06,$0.09B,$0.01B,10.46,$0.00B,$0.13B,0.0,$0.08B,$0.04B,50.00%,$0.08B,$-0.01B,-18.42%,$0.08B,$-0.01B,-18.42%,$0.08B,$0.01B,13.16%,$0.08B,$-0.01B,-17.11%,$0.08B,$0.04B,50.00%,$0.04B,$0.13B,27.44%,$0.04B,$0.12B,31.80%,$0.04B,$0.14B,24.36%,$-0.01B,$0.13B,-10.11%,$18,$10,$9,$3,$5,$34,$-16,$-1,$-17,$-7,$-11,$-11,$-11,$2,$-16,$19,19,$-0.47,$-0.46,$63,$10,$0,$91,$13,$15,$6,$1,$45,$136,$9,$0,$2,$2,$10,$0,$-13,$0,$125,$136,$38,$25,$-42,$-17,$2,$-1,$2,$-0,$1,$23,$-2,$0,$-4,$3,$0,$3,$0,$-2,$0,$-0,$-0,$-32,$-32,$-10,$1,$-41,$18,$0,$-10
40,2008-09-30,7.99,$7.49,1.07,$3.91,2.05,$1.22,6.56,$2.90,2.76,$0.10B,$0.01B,14.41,$0.00B,$0.14B,0.0,$0.08B,$0.04B,49.35%,$0.08B,$0.00B,3.90%,$0.08B,$0.00B,3.90%,$0.08B,$0.01B,9.09%,$0.08B,$0.01B,7.79%,$0.08B,$0.06B,75.32%,$0.06B,$0.14B,41.88%,$0.06B,$0.12B,50.33%,$0.06B,$0.15B,37.18%,$0.00B,$0.14B,2.17%,$20,$11,$10,$3,$5,$20,$1,$0,$1,$-10,$11,$11,$11,$3,$1,$18,19,$0.61,$0.59,$68,$9,$0,$96,$13,$13,$23,$1,$52,$148,$7,$0,$1,$1,$8,$0,$-2,$0,$141,$148,$49,$7,$-37,$-29,$1,$-0,$0,$-0,$-1,$18,$-2,$0,$-4,$12,$1,$12,$0,$6,$0,$-0,$-0,$-27,$-27,$-10,$2,$-36,$27,$-1,$-10
41,2008-06-30,8.23,$6.01,1.37,$3.67,2.24,$0.24,33.84,$2.34,3.52,$0.10B,$0.02B,4.82,$0.00B,$0.13B,0.0,$0.08B,$0.04B,48.00%,$0.08B,$0.00B,2.67%,$0.08B,$0.00B,2.67%,$0.08B,$0.01B,8.00%,$0.08B,$0.01B,8.00%,$0.08B,$0.05B,64.00%,$0.05B,$0.13B,36.43%,$0.05B,$0.11B,44.14%,$0.05B,$0.15B,31.79%,$0.00B,$0.13B,1.52%,$20,$11,$10,$3,$6,$19,$1,$1,$2,$1,$1,$1,$1,$3,$1,$19,19,$0.04,$0.04,$70,$10,$0,$96,$12,$15,$24,$1,$57,$153,$20,$0,$1,$1,$21,$0,$-13,$0,$132,$153,$38,$4,$-38,$-34,$3,$0,$1,$-1,$2,$7,$-1,$0,$-4,$12,$0,$12,$0,$8,$0,$-0,$-0,$-25,$-25,$-10,$2,$-33,$32,$0,$-10
42,2008-03-31,5.51,$7.47,0.74,$3.41,1.61,$-0.19,0.0,$2.15,2.56,$0.13B,$0.03B,4.42,$0.00B,$0.16B,0.0,$0.07B,$0.03B,45.83%,$0.07B,$-0.00B,-2.78%,$0.07B,$-0.00B,-2.78%,$0.07B,$0.00B,2.78%,$0.07B,$0.00B,1.39%,$0.07B,$0.04B,61.11%,$0.04B,$0.16B,34.44%,$0.04B,$0.13B,41.90%,$0.04B,$0.19B,30.19%,$-0.00B,$0.16B,-1.57%,$18,$10,$9,$2,$6,$18,$0,$1,$1,$1,$0,$0,$37,$2,$0,$20,20,$1.82,$1.82,$103,$10,$0,$129,$12,$15,$24,$1,$58,$187,$29,$0,$1,$1,$30,$0,$-3,$0,$156,$187,$37,$2,$-38,$-36,$3,$0,$1,$0,$1,$2,$-0,$0,$-4,$13,$0,$13,$0,$9,$0,$0,$0,$-7,$-7,$0,$1,$-6,$66,$-1,$0
43,2007-12-31,5.56,$5.68,0.98,$3.31,1.68,$-0.52,0.0,$0.29,19.16,$0.10B,$0.01B,10.03,$0.00B,$0.13B,0.0,$0.07B,$0.03B,43.66%,$0.07B,$-0.00B,-5.63%,$0.07B,$-0.00B,-5.63%,$0.07B,0,0.00%,$0.07B,$-0.00B,-1.41%,$0.07B,$0.01B,8.45%,$0.01B,$0.13B,5.04%,$0.01B,$0.10B,6.23%,$0.01B,$0.14B,4.52%,$-0.00B,$0.13B,-3.36%,$19,$10,$9,$2,$5,$18,$1,$0,$2,$-8,$10,$10,$9,$-1,$1,$21,21,$0.45,$0.44,$66,$10,$0,$95,$12,$0,$21,$1,$41,$136,$9,$0,$1,$2,$11,$0,$-41,$0,$125,$136,$6,$4,$-4,$-0,$-2,$-3,$0,$-0,$-5,$1,$-2,$0,$0,$-27,$0,$-27,$0,$-29,$0,$-1,$-1,$-4,$-4,$0,$0,$-5,$-33,$4,$0
44,2007-09-30,6.15,$5.20,1.18,$2.94,2.09,$-0.08,0.0,$0.14,43.92,$0.09B,$0.01B,8.31,$0.00B,$0.11B,0.0,$0.06B,$0.02B,36.51%,$0.06B,$-0.01B,-11.11%,$0.06B,$-0.01B,-11.11%,$0.06B,0,0.00%,$0.06B,$-0.00B,-6.35%,$0.06B,$0.00B,6.35%,$0.00B,$0.11B,3.39%,$0.00B,$0.09B,4.22%,$0.00B,$0.13B,3.03%,$-0.01B,$0.11B,-5.93%,$18,$10,$8,$2,$6,$18,$-0,$1,$1,$0,$1,$1,$1,$2,$-0,$21,21,$0.03,$0.03,$66,$9,$0,$92,$13,$0,$22,$1,$36,$128,$11,$0,$3,$3,$14,$0,$-50,$0,$114,$128,$-3,$6,$1,$7,$-1,$-2,$2,$-0,$-4,$-1,$-1,$0,$0,$12,$0,$12,$0,$10,$0,$0,$0,$-4,$-4,$0,$0,$-4,$7,$0,$0
45,2007-06-30,7.09,$5.16,1.37,$3.08,2.3,$0.38,18.88,$-0.88,0.0,$0.10B,$0.01B,6.9,$0.00B,$0.12B,0.0,$0.07B,$0.03B,37.88%,$0.07B,$-0.03B,-43.94%,$0.07B,$-0.03B,-43.94%,$0.07B,$-0.00B,-4.55%,$0.07B,$-0.03B,-39.39%,$0.07B,$-0.02B,-27.27%,$-0.02B,$0.12B,-15.22%,$-0.02B,$0.09B,-19.10%,$-0.02B,$0.13B,-13.56%,$-0.03B,$0.12B,-24.52%,$17,$9,$7,$3,$6,$20,$-3,$1,$-3,$1,$-3,$-3,$-3,$-1,$-3,$21,21,$-0.15,$-0.15,$69,$9,$0,$96,$12,$0,$23,$1,$36,$132,$14,$0,$2,$2,$16,$0,$-51,$0,$116,$132,$-4,$4,$1,$5,$-2,$-3,$4,$-0,$-3,$-2,$-1,$0,$0,$12,$0,$12,$0,$11,$0,$-0,$-0,$-1,$-1,$0,$0,$-1,$9,$0,$0
46,2007-03-31,8.24,$5.41,1.52,$3.53,2.33,$0.53,15.44,$-0.44,0.0,$0.10B,$0.01B,8.79,$0.00B,$0.12B,0.0,$0.08B,$0.04B,46.05%,$0.08B,$-0.02B,-25.00%,$0.08B,$-0.02B,-25.00%,$0.08B,$0.01B,7.89%,$0.08B,$-0.02B,-19.74%,$0.08B,$-0.01B,-11.84%,$-0.01B,$0.12B,-7.32%,$-0.01B,$0.10B,-9.68%,$-0.01B,$0.14B,-6.50%,$-0.02B,$0.12B,-15.45%,$17,$9,$7,$3,$6,$18,$-2,$1,$-1,$-0,$-1,$-1,$-1,$0,$-2,$21,21,$-0.04,$-0.04,$68,$9,$0,$96,$13,$0,$24,$1,$38,$135,$11,$0,$2,$2,$13,$0,$-47,$2,$121,$135,$-1,$2,$-0,$2,$-4,$-1,$2,$-0,$-6,$-5,$-0,$0,$0,$-8,$0,$-8,$0,$-9,$0,$0,$0,$1,$1,$0,$0,$1,$-11,$0,$0
47,2006-12-31,7.57,$5.47,1.38,$3.64,2.08,$0.73,10.32,$-0.51,0.0,$0.09B,$0.01B,10.07,$0.00B,$0.12B,0.0,$0.08B,$0.04B,47.44%,$0.08B,$-0.02B,-25.64%,$0.08B,$-0.02B,-25.64%,$0.08B,$0.01B,7.69%,$0.08B,$-0.02B,-20.51%,$0.08B,$-0.01B,-12.82%,$-0.01B,$0.12B,-8.10%,$-0.01B,$0.10B,-11.40%,$-0.01B,$0.13B,-7.12%,$-0.02B,$0.12B,-16.19%,$11,$10,$1,$-1,$3,$13,$-2,$1,$-1,$-7,$6,$6,$7,$-1,$-2,$21,21,$0.32,$0.33,$71,$7,$0,$94,$12,$0,$24,$1,$38,$133,$9,$0,$2,$3,$12,$0,$-47,$2,$121,$133,$-10,$26,$-1,$24,$-0,$2,$-1,$-1,$-4,$10,$-2,$0,$1,$-12,$0,$-12,$0,$-13,$0,$1,$1,$1,$1,$0,$1,$3,$1,$4,$0
