,Date,Stock Price,Book Value per Share,Price to Book Ratio,TTM Sales per Share,Price to Sales Ratio,TTM FCF per Share,Price to FCF Ratio,TTM Net EPS,PE Ratio,Current Assets,Current Liabilities,Current Ratio,Long Term Debt,Shareholder's Equity_x,Debt to Equity Ratio,TTM Revenue_x,TTM Gross Profit,Gross Margin,TTM Revenue_y,TTM Operating Income,Operating Margin,TTM Revenue_x,TTM EBIT,EBIT Margin,TTM Revenue_y,TTM EBITDA,EBITDA Margin,TTM Revenue_x,TTM Pre-Tax Income,Pre-Tax Margin,TTM Revenue_y,TTM Net Income_x,Net Margin,TTM Net Income_y,Shareholder's Equity_y,Return on Equity,TTM Net Income_x,Tangible Equity,Return on Tangible Equity,TTM Net Income_y,Total Assets,Return on Assets,TTM Net Income,LT Investments & Debt,Return on Investment,revenue,cost-goods-sold,gross-profit,research-development-expenses,selling-general-administrative-expenses,operating-expenses,operating-income,total-non-operating-income-expense,pre-tax-income,total-provision-income-taxes,income-after-taxes,income-from-continuous-operations,net-income,ebitda,ebit,basic-shares-outstanding,shares-outstanding,eps-basic-net-earnings-per-share,eps-earnings-per-share-diluted,cash-on-hand,inventory,other-current-assets,total-current-assets,net-property-plant-equipment,long-term-investments,goodwill-intangible-assets-total,other-long-term-assets,total-long-term-assets,total-assets,total-current-liabilities,long-term-debt,other-non-current-liabilities,total-long-term-liabilities,total-liabilities,common-stock-net,retained-earnings-accumulated-deficit,comprehensive-income,total-share-holder-equity,total-liabilities-share-holders-equity,net-income-loss,total-depreciation-amortization-cash-flow,other-non-cash-items,total-non-cash-items,change-in-accounts-receivable,change-in-inventories,change-in-accounts-payable,change-in-assets-liabilities,total-change-in-assets-liabilities,cash-flow-from-operating-activities,net-change-in-property-plant-equipment,net-change-in-intangible-assets,net-acquisitions-divestitures,net-change-in-short-term-investments,net-change-in-long-term-investments,net-change-in-investments-total,investing-activities-other,cash-flow-from-investing-activities,net-long-term-debt,net-current-debt,debt-issuance-retirement-net-total,net-common-equity-issued-repurchased,net-total-equity-issued-repurchased,total-common-preferred-stock-dividends-paid,financial-activities-other,cash-flow-from-financial-activities,net-cash-flow,stock-based-compensation,common-stock-dividends-paid
0,2018-09-30,10.1,$2.05,4.92,$1.14,8.82,$0.30,34.17,$0.14,72.14,$0.02B,$0.01B,2.5,$0.00B,$0.04B,0.01,$0.02B,$0.02B,65.22%,$0.02B,$0.00B,13.04%,$0.02B,$0.00B,13.04%,$0.02B,$0.01B,21.74%,$0.02B,$0.00B,13.04%,$0.02B,$0.00B,13.04%,$0.00B,$0.04B,7.59%,$0.00B,$0.02B,17.14%,$0.00B,$0.05B,6.15%,$0.00B,$0.04B,7.41%,$6,$2,$4,$0,$3,$5,$1,$0,$1,$0,$1,$1,$1,$1,$1,$20,20,$0.04,$0.04,$16,$0,$2,$23,$2,$0,$22,$3,$27,$50,$9,$0,$0,$0,$10,$0,$-36,$0,$41,$50,$1,$0,$-1,$-1,$2,$0,$-1,$-0,$2,$2,$-0,$0,$0,$0,$0,$0,$0,$-0,$-1,$1,$-0,$0,$0,$0,$0,$-0,$2,$0,$0
1,2018-06-30,7.9,$2.01,3.93,$1.08,7.28,$0.26,30.5,$0.15,52.67,$0.02B,$0.01B,2.97,$0.00B,$0.04B,0.04,$0.02B,$0.01B,63.64%,$0.02B,$0.00B,9.09%,$0.02B,$0.00B,9.09%,$0.02B,$0.01B,22.73%,$0.02B,$0.00B,9.09%,$0.02B,$0.00B,9.09%,$0.00B,$0.04B,5.23%,$0.00B,$0.02B,12.31%,$0.00B,$0.05B,4.17%,$0.00B,$0.04B,5.03%,$6,$2,$4,$0,$3,$5,$1,$0,$1,$0,$1,$1,$1,$1,$1,$20,20,$0.05,$0.05,$15,$0,$4,$24,$2,$0,$22,$1,$26,$49,$8,$2,$0,$2,$10,$0,$-37,$0,$40,$49,$3,$1,$1,$2,$-4,$0,$1,$1,$-3,$2,$-0,$0,$0,$0,$0,$0,$0,$-0,$-1,$0,$-0,$1,$-0,$-1,$0,$-1,$1,$1,$-1
2,2018-03-31,8.75,$1.95,4.49,$1.03,8.5,$0.18,48.18,$0.12,72.92,$0.02B,$0.01B,2.75,$0.00B,$0.04B,0.04,$0.02B,$0.01B,66.67%,$0.02B,$0.00B,9.52%,$0.02B,$0.00B,9.52%,$0.02B,$0.01B,23.81%,$0.02B,$0.00B,9.52%,$0.02B,$0.00B,9.52%,$0.00B,$0.04B,5.37%,$0.00B,$0.02B,13.11%,$0.00B,$0.05B,4.23%,$0.00B,$0.04B,5.13%,$5,$2,$3,$0,$3,$5,$0,$0,$0,$0,$0,$0,$0,$1,$0,$20,20,$0.02,$0.02,$15,$0,$0,$23,$2,$0,$22,$0,$26,$48,$8,$2,$0,$2,$10,$0,$-38,$0,$39,$48,$2,$0,$2,$2,$-3,$0,$1,$0,$-2,$2,$-0,$0,$0,$0,$0,$0,$0,$-0,$-0,$0,$-0,$1,$-0,$-0,$0,$-1,$1,$0,$-0
3,2017-12-31,9.55,$1.95,4.89,$1.00,9.53,$0.19,50.4,$0.13,73.46,$0.02B,$0.01B,2.78,$0.00B,$0.04B,0.05,$0.02B,$0.01B,66.67%,$0.02B,$0.00B,14.29%,$0.02B,$0.00B,14.29%,$0.02B,$0.01B,23.81%,$0.02B,$0.00B,14.29%,$0.02B,$0.00B,14.29%,$0.00B,$0.04B,8.28%,$0.00B,$0.02B,21.05%,$0.00B,$0.05B,6.52%,$0.00B,$0.04B,7.95%,$6,$1,$4,$0,$3,$4,$1,$-0,$1,$0,$1,$1,$1,$2,$1,$19,20,$0.06,$0.06,$15,$0,$0,$21,$2,$0,$22,$0,$26,$48,$8,$2,$0,$2,$10,$0,$-39,$0,$38,$48,$2,$0,$1,$1,$-2,$0,$0,$1,$-1,$1,$-0,$0,$0,$0,$0,$0,$0,$-0,$-0,$0,$-0,$0,$0,$-0,$0,$-0,$1,$0,$-0
4,2017-09-30,12.15,$1.86,6.53,$0.96,12.7,$0.15,78.84,$0.13,93.46,$0.02B,$0.01B,2.28,$0.00B,$0.04B,0.06,$0.02B,$0.01B,70.00%,$0.02B,$0.00B,15.00%,$0.02B,$0.00B,15.00%,$0.02B,$0.00B,20.00%,$0.02B,$0.00B,15.00%,$0.02B,$0.00B,15.00%,$0.00B,$0.04B,8.57%,$0.00B,$0.01B,23.08%,$0.00B,$0.05B,6.78%,$0.00B,$0.04B,8.28%,$5,$1,$3,$0,$3,$4,$0,$-0,$0,$0,$0,$0,$0,$1,$0,$19,20,$0.01,$0.01,$15,$0,$0,$20,$2,$0,$22,$0,$27,$47,$9,$2,$0,$2,$11,$0,$-40,$0,$36,$47,$0,$0,$1,$1,$-1,$0,$0,$0,$-0,$1,$-0,$0,$0,$0,$0,$0,$0,$-0,$-0,$0,$-0,$0,$0,$0,$0,$-0,$1,$0,$0
5,2017-06-30,12.15,$1.84,6.61,$0.93,13.0,$0.11,115.6,$0.14,86.79,$0.02B,$0.01B,2.29,$0.00B,$0.04B,0.06,$0.02B,$0.01B,73.68%,$0.02B,$0.00B,21.05%,$0.02B,$0.00B,21.05%,$0.02B,$0.00B,21.05%,$0.02B,$0.00B,21.05%,$0.02B,$0.00B,15.79%,$0.00B,$0.04B,8.82%,$0.00B,$0.01B,25.00%,$0.00B,$0.05B,7.10%,$0.00B,$0.04B,11.51%,$5,$2,$4,$0,$3,$4,$1,$-0,$1,$0,$1,$1,$1,$1,$1,$19,20,$0.03,$0.04,$14,$0,$0,$19,$2,$0,$22,$0,$27,$46,$8,$2,$0,$2,$10,$0,$-40,$0,$36,$46,$4,$0,$2,$2,$-2,$0,$-0,$-2,$-4,$2,$-2,$0,$0,$0,$0,$0,$0,$-2,$2,$0,$2,$0,$0,$-0,$0,$2,$3,$1,$-0
6,2017-03-31,12.35,$1.79,6.89,$0.88,14.08,$0.10,119.79,$0.13,95.0,$0.02B,$0.01B,2.39,$0.00B,$0.04B,0.02,$0.02B,$0.01B,72.22%,$0.02B,$0.00B,16.67%,$0.02B,$0.00B,16.67%,$0.02B,$0.00B,22.22%,$0.02B,$0.00B,16.67%,$0.02B,$0.00B,11.11%,$0.00B,$0.04B,6.11%,$0.00B,$0.01B,19.05%,$0.00B,$0.04B,4.94%,$0.00B,$0.04B,9.09%,$5,$1,$3,$0,$2,$4,$1,$-0,$1,$0,$1,$1,$1,$1,$1,$19,20,$0.04,$0.03,$14,$0,$0,$17,$1,$0,$22,$0,$25,$43,$7,$1,$0,$1,$8,$0,$-41,$0,$35,$43,$3,$0,$-1,$-0,$-0,$0,$0,$-1,$-1,$2,$-0,$0,$0,$0,$-0,$-0,$0,$-0,$0,$0,$0,$0,$0,$-0,$0,$0,$2,$1,$-0
7,2016-12-31,12.7,$1.72,7.36,$0.82,15.43,$0.03,481.06,$0.11,115.45,$0.02B,$0.01B,2.29,$0.00B,$0.03B,0.01,$0.02B,$0.01B,76.47%,$0.02B,$0.00B,11.76%,$0.02B,$0.00B,11.76%,$0.02B,$0.00B,17.65%,$0.02B,$0.00B,11.76%,$0.02B,$0.00B,5.88%,$0.00B,$0.03B,3.17%,$0.00B,$0.01B,10.81%,$0.00B,$0.04B,2.55%,$0.00B,$0.03B,6.30%,$5,$1,$4,$0,$2,$3,$1,$-0,$1,$0,$1,$1,$1,$1,$1,$19,20,$0.06,$0.06,$12,$0,$0,$17,$0,$0,$22,$0,$25,$41,$7,$0,$0,$0,$8,$0,$-41,$0,$33,$41,$2,$0,$1,$1,$-2,$0,$-0,$-0,$-3,$0,$-0,$0,$0,$0,$0,$0,$0,$-0,$-0,$0,$0,$0,$0,$-0,$0,$0,$1,$1,$-0
8,2016-09-30,11.8,$1.64,7.18,$0.76,15.45,$0.01,0.0,$0.06,196.67,$0.02B,$0.01B,2.27,$0.00B,$0.03B,0.01,$0.02B,$0.01B,75.00%,$0.02B,$0.00B,6.25%,$0.02B,$0.00B,6.25%,$0.02B,$0.00B,12.50%,$0.02B,$0.00B,6.25%,$0.02B,0,0.00%,$0.00B,$0.03B,0.00%,$0.00B,$0.01B,0.00%,$0.00B,$0.04B,0.00%,$0.00B,$0.03B,3.28%,$4,$1,$3,$0,$2,$4,$1,$-0,$1,$0,$1,$1,$0,$1,$1,$19,20,$0.02,$0.02,$11,$0,$0,$16,$0,$0,$22,$0,$23,$39,$7,$0,$0,$0,$8,$0,$-43,$0,$32,$39,$1,$0,$0,$0,$-1,$0,$-0,$-0,$-1,$-0,$-0,$0,$0,$0,$0,$0,$0,$-0,$-0,$0,$-0,$0,$0,$-0,$0,$0,$-0,$0,$-0
9,2016-06-30,8.97,$1.59,5.66,$0.72,12.51,$0.01,0.0,$0.01,897.0,$0.02B,$0.01B,1.98,$0.00B,$0.03B,0.02,$0.02B,$0.01B,73.33%,$0.02B,0,0.00%,$0.02B,0,0.00%,$0.02B,$0.00B,6.67%,$0.02B,0,0.00%,$0.02B,$-0.00B,-6.67%,$-0.00B,$0.03B,-3.39%,$-0.00B,$0.01B,-13.79%,$-0.00B,$0.04B,-2.67%,$0.00B,$0.03B,0.00%,$4,$1,$3,$0,$2,$3,$0,$-0,$0,$0,$0,$0,$0,$1,$0,$19,19,$0.01,$0.01,$11,$0,$0,$15,$0,$0,$22,$0,$24,$39,$8,$0,$0,$1,$8,$0,$-43,$0,$31,$39,$1,$1,$1,$2,$-2,$0,$-0,$0,$-2,$1,$-0,$0,$0,$-0,$-0,$-0,$0,$-0,$-0,$0,$-0,$0,$0,$-0,$0,$-0,$0,$1,$-0
10,2016-03-31,9.04,$1.55,5.84,$0.72,12.61,$0.07,128.96,$-0.15,0.0,$0.02B,$0.01B,1.96,$0.00B,$0.03B,0.02,$0.01B,$0.01B,71.43%,$0.01B,$-0.00B,-14.29%,$0.01B,$-0.00B,-14.29%,$0.01B,$-0.00B,-7.14%,$0.01B,$-0.00B,-14.29%,$0.01B,$-0.00B,-28.57%,$-0.00B,$0.03B,-13.91%,$-0.00B,$0.01B,-61.54%,$-0.00B,$0.04B,-10.88%,$-0.00B,$0.03B,-6.96%,$4,$1,$3,$0,$2,$3,$0,$-0,$0,$0,$0,$0,$0,$0,$0,$19,20,$0.01,$0.01,$11,$0,$0,$15,$1,$0,$22,$0,$23,$38,$7,$1,$0,$1,$8,$0,$-43,$0,$30,$38,$0,$0,$1,$1,$-1,$0,$-0,$0,$-1,$0,$-0,$0,$0,$-0,$-0,$-0,$0,$-1,$0,$0,$0,$0,$0,$-0,$0,$0,$0,$1,$-0
11,2015-12-31,11.91,$1.50,7.95,$0.73,16.25,$0.08,157.54,$-0.32,0.0,$0.01B,$0.01B,1.77,$0.00B,$0.03B,0.01,$0.01B,$0.01B,69.23%,$0.01B,$-0.00B,-23.08%,$0.01B,$-0.00B,-23.08%,$0.01B,$-0.00B,-7.69%,$0.01B,$-0.00B,-23.08%,$0.01B,$-0.01B,-53.85%,$-0.01B,$0.03B,-28.87%,$-0.01B,$0.01B,-116.67%,$-0.01B,$0.04B,-22.05%,$-0.00B,$0.03B,-12.24%,$4,$1,$3,$0,$2,$3,$0,$0,$0,$0,$0,$0,$0,$0,$0,$19,20,$0.01,$0.01,$11,$0,$0,$14,$1,$0,$22,$0,$23,$37,$8,$0,$0,$0,$8,$0,$-43,$-0,$29,$37,$-0,$0,$1,$1,$-1,$0,$0,$0,$-1,$0,$-0,$0,$0,$-4,$0,$-4,$0,$-4,$-0,$0,$-0,$0,$0,$-0,$0,$0,$-4,$0,$-0
12,2015-09-30,10.57,$1.47,7.19,$0.76,13.93,$0.09,118.63,$-0.37,0.0,$0.01B,$0.01B,1.7,$0.00B,$0.03B,0.01,$0.01B,$0.01B,66.67%,$0.01B,$-0.00B,-33.33%,$0.01B,$-0.00B,-33.33%,$0.01B,$-0.00B,-8.33%,$0.01B,$-0.00B,-33.33%,$0.01B,$-0.01B,-66.67%,$-0.01B,$0.03B,-40.51%,$-0.01B,$0.01B,-152.38%,$-0.01B,$0.04B,-29.91%,$-0.00B,$0.03B,-20.00%,$3,$1,$2,$0,$2,$4,$-0,$0,$-0,$0,$-0,$-0,$-1,$-0,$-0,$19,19,$-0.03,$-0.03,$11,$0,$0,$13,$1,$0,$22,$0,$23,$36,$8,$0,$0,$0,$8,$0,$-44,$0,$28,$36,$-0,$0,$0,$0,$-0,$0,$0,$-0,$-0,$-0,$-0,$0,$0,$-5,$0,$-5,$0,$-5,$-0,$0,$-0,$0,$0,$-0,$0,$0,$-5,$0,$-0
13,2015-06-30,12.39,$1.46,8.48,$0.79,15.66,$0.13,98.26,$-0.37,0.0,$0.01B,$0.01B,1.6,$0.00B,$0.03B,0.01,$0.01B,$0.01B,66.67%,$0.01B,$-0.00B,-33.33%,$0.01B,$-0.00B,-33.33%,$0.01B,$-0.00B,-8.33%,$0.01B,$-0.00B,-33.33%,$0.01B,$-0.01B,-66.67%,$-0.01B,$0.03B,-51.61%,$-0.01B,$0.01B,-168.42%,$-0.01B,$0.04B,-36.36%,$-0.00B,$0.03B,-25.40%,$3,$1,$2,$0,$3,$6,$-2,$0,$-2,$0,$-2,$-2,$-3,$-1,$-2,$17,17,$-0.15,$-0.15,$11,$0,$0,$13,$1,$0,$22,$0,$23,$36,$8,$0,$0,$0,$9,$0,$-43,$0,$28,$36,$-4,$2,$3,$5,$1,$0,$-0,$-1,$0,$2,$-0,$0,$0,$0,$0,$0,$-2,$-3,$-0,$1,$1,$8,$8,$-0,$0,$9,$8,$3,$-0
14,2015-03-31,13.78,$0.70,19.69,$0.78,17.77,$0.02,835.15,$-0.27,0.0,$0.01B,$0.01B,1.2,$0.00B,$0.01B,0.03,$0.01B,$0.01B,66.67%,$0.01B,$-0.00B,-25.00%,$0.01B,$-0.00B,-25.00%,$0.01B,0,0.00%,$0.01B,$-0.00B,-16.67%,$0.01B,$-0.01B,-50.00%,$-0.01B,$0.01B,-53.33%,$-0.01B,$0.01B,-133.33%,$-0.01B,$0.02B,-34.78%,$-0.00B,$0.01B,-26.09%,$3,$1,$2,$0,$3,$4,$-1,$0,$-1,$0,$-1,$-1,$-3,$-0,$-1,$17,17,$-0.16,$-0.16,$3,$0,$0,$7,$1,$0,$6,$0,$12,$18,$6,$0,$0,$0,$6,$0,$-40,$0,$12,$18,$-1,$1,$2,$3,$-0,$0,$0,$-1,$-1,$1,$-0,$0,$0,$0,$0,$0,$-1,$-1,$-0,$0,$-0,$1,$1,$-0,$0,$1,$0,$2,$-0
15,2014-12-31,9.02,$0.63,14.29,$0.76,11.83,$-0.06,0.0,$-0.14,0.0,$0.01B,$0.01B,0.94,$0.00B,$0.01B,0.03,$0.01B,$0.01B,66.67%,$0.01B,$-0.00B,-16.67%,$0.01B,$-0.00B,-16.67%,$0.01B,0,0.00%,$0.01B,$-0.00B,-8.33%,$0.01B,$-0.00B,-33.33%,$-0.00B,$0.01B,-36.36%,$-0.00B,$0.00B,-100.00%,$-0.00B,$0.02B,-23.53%,$-0.00B,$0.01B,-17.78%,$3,$1,$2,$0,$3,$4,$-1,$0,$-1,$0,$-1,$-1,$-1,$-0,$-1,$17,17,$-0.04,$-0.04,$2,$0,$0,$6,$1,$0,$7,$0,$12,$17,$6,$0,$0,$0,$6,$0,$-38,$0,$11,$17,$-1,$0,$1,$2,$-0,$0,$0,$-0,$-0,$1,$-0,$0,$0,$0,$0,$0,$-1,$-1,$-0,$0,$-0,$0,$0,$-0,$0,$-0,$-1,$1,$-0
16,2014-09-30,9.86,$0.64,15.43,$0.74,13.3,$-0.13,0.0,$-0.14,0.0,$0.01B,$0.01B,1.12,$0.00B,$0.01B,0.04,$0.01B,$0.01B,66.67%,$0.01B,$-0.00B,-16.67%,$0.01B,$-0.00B,-16.67%,$0.01B,0,0.00%,$0.01B,$-0.00B,-8.33%,$0.01B,$-0.00B,-33.33%,$-0.00B,$0.01B,-36.36%,$-0.00B,$0.00B,-100.00%,$-0.00B,$0.02B,-23.53%,$-0.00B,$0.01B,-17.39%,$3,$1,$2,$0,$2,$4,$-0,$0,$-0,$0,$-0,$-0,$-1,$-0,$-0,$17,17,$-0.03,$-0.03,$3,$0,$0,$6,$1,$0,$7,$0,$11,$17,$6,$0,$0,$0,$6,$0,$-37,$0,$11,$17,$-0,$0,$1,$1,$0,$0,$0,$-0,$0,$0,$-0,$0,$0,$0,$0,$0,$-0,$-0,$-0,$0,$-0,$0,$0,$-0,$0,$-0,$-0,$1,$-0
17,2014-06-30,10.89,$0.63,17.36,$0.72,15.21,$-0.20,0.0,$-0.18,0.0,$0.01B,$0.01B,1.11,$0.00B,$0.01B,0.04,$0.01B,$0.01B,66.67%,$0.01B,$-0.00B,-25.00%,$0.01B,$-0.00B,-25.00%,$0.01B,$-0.00B,-8.33%,$0.01B,$-0.00B,-16.67%,$0.01B,$-0.00B,-33.33%,$-0.00B,$0.01B,-36.36%,$-0.00B,$0.00B,-100.00%,$-0.00B,$0.02B,-23.88%,$-0.00B,$0.01B,-26.09%,$3,$1,$2,$0,$2,$4,$-1,$0,$-0,$0,$-0,$-0,$-1,$-0,$-1,$17,17,$-0.05,$-0.05,$3,$0,$0,$6,$1,$0,$7,$0,$10,$17,$6,$0,$0,$1,$6,$0,$-36,$0,$11,$17,$-2,$1,$2,$3,$-1,$0,$0,$0,$-0,$-0,$-0,$0,$0,$0,$0,$0,$-1,$-2,$-0,$0,$-0,$2,$2,$-1,$0,$1,$-0,$2,$-1
18,2014-03-31,9.07,$0.66,13.74,$0.75,12.05,$-0.21,0.0,$-0.15,0.0,$0.01B,$0.01B,1.31,$0.00B,$0.01B,0.05,$0.01B,$0.01B,66.67%,$0.01B,$-0.00B,-16.67%,$0.01B,$-0.00B,-16.67%,$0.01B,$-0.00B,-8.33%,$0.01B,$-0.00B,-16.67%,$0.01B,$-0.00B,-25.00%,$-0.00B,$0.01B,-27.91%,$-0.00B,$0.00B,-80.00%,$-0.00B,$0.02B,-18.18%,$-0.00B,$0.01B,-17.39%,$3,$1,$2,$0,$2,$4,$-0,$0,$-0,$0,$-0,$-0,$-1,$-0,$-0,$17,17,$-0.03,$-0.03,$3,$0,$0,$7,$1,$0,$7,$0,$10,$17,$5,$1,$0,$1,$6,$0,$-36,$0,$11,$17,$-2,$1,$2,$2,$-1,$0,$0,$-0,$-1,$-1,$-0,$0,$0,$0,$0,$0,$-1,$-1,$-0,$0,$-0,$2,$2,$-0,$0,$2,$-0,$1,$-0
19,2013-12-31,10.16,$0.66,15.36,$0.81,12.57,$-0.15,0.0,$-0.13,0.0,$0.01B,$0.01B,1.33,$0.00B,$0.01B,0.04,$0.01B,$0.01B,66.67%,$0.01B,$-0.00B,-16.67%,$0.01B,$-0.00B,-16.67%,$0.01B,$-0.00B,-8.33%,$0.01B,$-0.00B,-16.67%,$0.01B,$-0.00B,-16.67%,$-0.00B,$0.01B,-19.05%,$-0.00B,$0.00B,-57.14%,$-0.00B,$0.02B,-12.31%,$-0.00B,$0.01B,-17.78%,$3,$1,$2,$0,$2,$4,$-1,$0,$-1,$0,$-1,$-1,$-1,$-0,$-1,$17,17,$-0.04,$-0.04,$4,$0,$0,$7,$1,$0,$7,$0,$10,$17,$5,$0,$0,$1,$6,$0,$-35,$0,$11,$17,$-2,$0,$1,$1,$-1,$0,$0,$-0,$-1,$-1,$-0,$0,$0,$0,$0,$0,$-0,$-1,$-0,$0,$-0,$2,$2,$-0,$0,$2,$0,$1,$-0
20,2013-09-30,8.73,$0.67,13.03,$0.84,10.35,$-0.05,0.0,$-0.12,0.0,$0.01B,$0.01B,1.41,$0.00B,$0.01B,0.02,$0.01B,$0.01B,66.67%,$0.01B,$-0.00B,-8.33%,$0.01B,$-0.00B,-8.33%,$0.01B,$-0.00B,-8.33%,$0.01B,$-0.00B,-8.33%,$0.01B,$-0.00B,-8.33%,$-0.00B,$0.01B,-12.90%,$-0.00B,$0.00B,-100.00%,$-0.00B,$0.02B,-8.33%,$-0.00B,$0.01B,-12.12%,$3,$1,$2,$0,$2,$4,$-1,$0,$-1,$0,$-1,$-1,$-1,$-1,$-1,$16,16,$-0.07,$-0.07,$4,$0,$0,$7,$1,$0,$7,$0,$9,$16,$5,$0,$0,$0,$5,$0,$-34,$0,$11,$16,$-1,$0,$0,$1,$0,$0,$-0,$-0,$-0,$-1,$-0,$0,$0,$0,$0,$0,$0,$-0,$-0,$0,$-0,$2,$2,$-0,$0,$1,$1,$0,$-0
21,2013-06-30,7.58,$0.64,11.94,$0.90,8.46,$0.00,0.0,$-0.05,0.0,$0.01B,$0.01B,1.21,$0.00B,$0.01B,0.03,$0.01B,$0.01B,66.67%,$0.01B,0,0.00%,$0.01B,0,0.00%,$0.01B,0,0.00%,$0.01B,0,0.00%,$0.01B,0,0.00%,$0.00B,$0.01B,0.00%,$0.00B,$0.00B,0.00%,$0.00B,$0.02B,0.00%,$0.00B,$0.01B,0.00%,$3,$1,$2,$0,$2,$3,$-0,$-0,$-0,$0,$-0,$-0,$-0,$0,$-0,$13,13,$-0.01,$-0.01,$4,$0,$0,$6,$1,$0,$7,$0,$10,$16,$5,$0,$0,$0,$6,$0,$-33,$0,$10,$16,$0,$1,$1,$2,$-2,$0,$0,$-1,$-2,$-0,$-0,$0,$0,$0,$0,$0,$0,$-0,$-1,$0,$-1,$4,$4,$-1,$0,$3,$3,$1,$-1
22,2013-03-31,3.7,$0.75,4.96,$0.88,4.19,$0.11,33.61,$-0.06,0.0,$0.01B,$0.01B,1.54,$0.00B,$0.01B,0.04,$0.01B,$0.01B,63.64%,$0.01B,0,0.00%,$0.01B,0,0.00%,$0.01B,0,0.00%,$0.01B,0,0.00%,$0.01B,0,0.00%,$0.00B,$0.01B,0.00%,$0.00B,$0.00B,0.00%,$0.00B,$0.02B,0.00%,$0.00B,$0.01B,0.00%,$3,$1,$2,$0,$1,$3,$0,$-0,$0,$0,$0,$0,$-0,$0,$0,$13,13,$-0.01,$-0.01,$4,$0,$0,$8,$1,$0,$7,$0,$8,$16,$5,$0,$0,$1,$6,$0,$-33,$0,$10,$16,$0,$1,$1,$1,$-1,$0,$0,$-1,$-2,$0,$-0,$0,$0,$0,$0,$0,$0,$-0,$-0,$0,$-0,$4,$4,$-0,$0,$3,$3,$1,$-0
23,2012-12-31,3.0,$0.00,0.0,$0.86,3.51,$0.16,18.88,$-0.10,0.0,$0.00B,$0.00B,0.0,$0.00B,$0.04B,0.0,$0.01B,$0.01B,54.55%,$0.01B,0,0.00%,$0.01B,0,0.00%,$0.01B,0,0.00%,$0.01B,0,0.00%,$0.01B,$-0.00B,-9.09%,$-0.00B,$0.00B,-25.00%,$-0.00B,$-0.01B,30.77%,$-0.00B,$0.00B,-11.43%,$0.00B,$0.00B,0.00%,$3,$1,$2,$0,$1,$3,$-0,$-0,$-0,$0,$-0,$-0,$-0,$0,$-0,$12,12,$-0.03,$-0.03,$0,$0,$0,$0,$0,$0,$7,$0,$7,$0,$0,$0,$0,$0,$0,$0,$0,$0,$0,$12,$0,$0,$0,$1,$-0,$0,$0,$-0,$-0,$1,$-0,$0,$0,$0,$0,$0,$0,$-0,$-0,$0,$-0,$0,$0,$-0,$0,$-0,$0,$0,$-0
24,2012-09-30,3.3,$0.00,0.0,$0.86,3.84,$0.15,22.4,$-0.10,0.0,$0.00B,$0.01B,0.65,$0.00B,$0.01B,0.11,$0.01B,$0.01B,45.45%,$0.01B,0,0.00%,$0.01B,0,0.00%,$0.01B,0,0.00%,$0.01B,0,0.00%,$0.01B,$-0.00B,-9.09%,$-0.00B,$0.01B,-19.05%,$-0.00B,$-0.00B,40.00%,$-0.00B,$0.01B,-8.70%,$0.00B,$0.01B,0.00%,$3,$1,$2,$0,$1,$2,$0,$-0,$0,$0,$0,$0,$-0,$0,$0,$12,12,$0.00,$0.00,$1,$0,$0,$4,$0,$0,$7,$0,$7,$12,$5,$1,$0,$1,$6,$0,$-33,$0,$6,$12,$0,$0,$0,$0,$0,$0,$-0,$-0,$-0,$0,$-0,$0,$0,$0,$0,$0,$0,$-0,$-0,$0,$-0,$0,$0,$-0,$0,$-0,$-0,$0,$-0
25,2012-06-30,3.95,$0.44,8.99,$0.86,4.61,$0.13,30.43,$-0.14,0.0,$0.00B,$0.01B,0.6,$0.00B,$0.01B,0.13,$0.01B,$0.00B,36.36%,$0.01B,0,0.00%,$0.01B,0,0.00%,$0.01B,0,0.00%,$0.01B,0,0.00%,$0.01B,$-0.00B,-9.09%,$-0.00B,$0.01B,-20.00%,$-0.00B,$-0.00B,36.36%,$-0.00B,$0.01B,-8.70%,$0.00B,$0.01B,0.00%,$2,$1,$1,$0,$1,$3,$-0,$0,$-0,$0,$-0,$-0,$-0,$-0,$-0,$12,12,$-0.02,$-0.02,$1,$0,$0,$4,$1,$0,$8,$0,$8,$12,$6,$1,$0,$1,$7,$0,$-33,$0,$5,$12,$-1,$1,$1,$1,$-0,$0,$-0,$1,$-0,$1,$-0,$0,$0,$0,$0,$0,$0,$-0,$-2,$0,$-2,$1,$0,$-0,$0,$-2,$-2,$1,$-0
26,2012-03-31,3.05,$0.00,0.0,$0.91,3.35,$0.14,21.33,$-0.12,0.0,$0.00B,$0.01B,0.44,$0.00B,$0.01B,0.18,$0.01B,$0.01B,41.67%,$0.01B,0,0.00%,$0.01B,0,0.00%,$0.01B,0,0.00%,$0.01B,0,0.00%,$0.01B,$-0.00B,-8.33%,$-0.00B,$0.01B,-20.00%,$-0.00B,$-0.00B,33.33%,$-0.00B,$0.01B,-8.33%,$0.00B,$0.01B,0.00%,$3,$1,$1,$0,$1,$3,$-0,$0,$-0,$0,$-0,$-0,$-1,$-0,$-0,$12,12,$-0.05,$-0.05,$1,$0,$0,$2,$0,$0,$8,$0,$8,$11,$5,$1,$0,$1,$6,$0,$-32,$0,$5,$11,$-1,$1,$1,$2,$0,$0,$-0,$-0,$-0,$1,$-0,$0,$0,$0,$0,$0,$0,$-0,$-2,$0,$-2,$0,$0,$-0,$0,$-2,$-2,$1,$-0
27,2011-12-31,3.05,$0.00,0.0,$0.92,3.32,$0.16,19.05,$-0.11,0.0,$0.00B,$0.01B,0.5,$0.00B,$0.01B,0.19,$0.01B,$0.01B,45.45%,$0.01B,0,0.00%,$0.01B,0,0.00%,$0.01B,0,0.00%,$0.01B,0,0.00%,$0.01B,0,0.00%,$0.00B,$0.01B,0.00%,$0.00B,$-0.00B,0.00%,$0.00B,$0.01B,0.00%,$0.00B,$0.01B,0.00%,$3,$1,$1,$0,$1,$3,$-0,$-0,$-0,$0,$-0,$-0,$-0,$0,$-0,$12,12,$-0.03,$-0.03,$1,$0,$0,$3,$0,$0,$8,$0,$8,$11,$5,$1,$0,$1,$6,$0,$-32,$0,$5,$11,$-0,$0,$0,$0,$0,$0,$0,$0,$-0,$0,$-0,$0,$0,$0,$0,$0,$0,$-0,$0,$-2,$0,$0,$0,$-0,$0,$-2,$-2,$0,$0
28,2011-09-30,4.11,$0.00,0.0,$0.95,4.34,$0.17,24.34,$-0.08,0.0,$0.00B,$0.01B,0.53,$0.00B,$0.01B,0.25,$0.01B,$0.01B,54.55%,$0.01B,0,0.00%,$0.01B,0,0.00%,$0.01B,0,0.00%,$0.01B,0,0.00%,$0.01B,0,0.00%,$0.00B,$0.01B,0.00%,$0.00B,$-0.00B,0.00%,$0.00B,$0.01B,0.00%,$0.00B,$0.01B,0.00%,$3,$1,$1,$0,$1,$3,$-0,$-0,$-0,$0,$-0,$-0,$-0,$0,$-0,$12,12,$-0.04,$-0.04,$1,$0,$0,$3,$0,$0,$8,$0,$8,$12,$5,$1,$0,$1,$7,$0,$-31,$0,$5,$12,$-0,$0,$0,$0,$0,$0,$0,$0,$-0,$-0,$-0,$0,$0,$0,$0,$0,$0,$-0,$0,$-2,$0,$0,$0,$0,$0,$-2,$-2,$0,$0
29,2011-06-30,4.75,$0.46,10.37,$0.96,4.95,$0.17,28.07,$-0.09,0.0,$0.01B,$0.01B,0.67,$0.00B,$0.01B,0.25,$0.01B,$0.01B,63.64%,$0.01B,0,0.00%,$0.01B,0,0.00%,$0.01B,0,0.00%,$0.01B,0,0.00%,$0.01B,0,0.00%,$0.00B,$0.01B,0.00%,$0.00B,$-0.00B,0.00%,$0.00B,$0.01B,0.00%,$0.00B,$0.01B,0.00%,$3,$1,$2,$0,$1,$3,$0,$-0,$0,$0,$0,$0,$0,$0,$0,$11,11,$0.00,$0.00,$3,$0,$0,$5,$2,$0,$8,$0,$11,$14,$7,$1,$0,$1,$9,$0,$-31,$0,$5,$14,$-0,$1,$1,$1,$-1,$0,$0,$0,$-0,$1,$-1,$0,$0,$0,$0,$0,$0,$-1,$-0,$0,$0,$0,$0,$-0,$0,$1,$1,$1,$-0
30,2011-03-31,5.5,$0.00,0.0,$0.95,5.76,$0.17,32.01,$-0.10,0.0,$0.00B,$0.01B,0.46,$0.00B,$0.01B,0.22,$0.01B,$0.01B,63.64%,$0.01B,0,0.00%,$0.01B,0,0.00%,$0.01B,0,0.00%,$0.01B,0,0.00%,$0.01B,0,0.00%,$0.00B,$0.01B,0.00%,$0.00B,$-0.00B,0.00%,$0.00B,$0.01B,0.00%,$0.00B,$0.01B,0.00%,$2,$1,$1,$0,$1,$3,$-0,$-0,$-0,$0,$-0,$-0,$-0,$0,$-0,$11,11,$-0.04,$-0.04,$1,$0,$0,$3,$0,$0,$8,$0,$9,$12,$6,$1,$0,$1,$7,$0,$-31,$0,$5,$12,$-0,$1,$0,$1,$0,$0,$0,$0,$-0,$1,$-0,$0,$0,$0,$0,$0,$0,$-0,$0,$-0,$0,$0,$0,$-0,$0,$-1,$0,$0,$0
31,2010-12-31,5.45,$0.00,0.0,$1.01,5.39,$0.13,41.86,$-0.06,0.0,$0.00B,$0.01B,0.48,$0.00B,$0.01B,0.24,$0.01B,$0.01B,66.67%,$0.01B,0,0.00%,$0.01B,0,0.00%,$0.01B,$0.00B,8.33%,$0.01B,0,0.00%,$0.01B,0,0.00%,$0.00B,$0.01B,0.00%,$0.00B,$-0.00B,0.00%,$0.00B,$0.01B,0.00%,$0.00B,$0.01B,0.00%,$3,$1,$2,$0,$1,$2,$0,$-0,$0,$0,$0,$0,$0,$0,$0,$11,11,$0.00,$0.00,$1,$0,$0,$3,$0,$0,$8,$0,$8,$12,$6,$1,$0,$1,$7,$0,$-30,$0,$5,$12,$-0,$0,$0,$0,$0,$0,$0,$0,$-0,$1,$-0,$0,$0,$0,$0,$0,$0,$-0,$0,$-0,$0,$0,$0,$-0,$0,$-0,$0,$0,$0
32,2010-09-30,4.75,$0.00,0.0,$1.00,4.76,$0.12,39.98,$-0.07,0.0,$0.00B,$0.01B,0.42,$0.00B,$0.00B,0.3,$0.01B,$0.01B,72.73%,$0.01B,0,0.00%,$0.01B,0,0.00%,$0.01B,$0.00B,9.09%,$0.01B,0,0.00%,$0.01B,0,0.00%,$0.00B,$0.00B,0.00%,$0.00B,$-0.00B,0.00%,$0.00B,$0.01B,0.00%,$0.00B,$0.01B,0.00%,$3,$1,$2,$0,$2,$3,$-0,$-0,$-0,$0,$-0,$-0,$-0,$-0,$-0,$11,11,$-0.05,$-0.05,$1,$0,$0,$2,$0,$0,$8,$0,$8,$12,$6,$1,$0,$1,$7,$0,$-30,$0,$4,$12,$-0,$0,$0,$0,$0,$0,$0,$0,$-0,$0,$-0,$0,$0,$0,$0,$0,$0,$-0,$0,$-0,$0,$0,$0,$-0,$0,$-0,$-0,$0,$0
33,2010-06-30,3.8,$0.00,0.0,$1.02,3.74,$0.12,30.6,$-0.01,0.0,$0.00B,$0.01B,0.59,$0.00B,$0.00B,0.72,$0.01B,$0.01B,72.73%,$0.01B,0,0.00%,$0.01B,0,0.00%,$0.01B,$0.00B,18.18%,$0.01B,0,0.00%,$0.01B,0,0.00%,$0.00B,$0.00B,0.00%,$0.00B,$-0.00B,0.00%,$0.00B,$0.01B,0.00%,$0.00B,$0.01B,0.00%,$3,$1,$2,$0,$1,$3,$0,$-0,$-0,$0,$-0,$-0,$-0,$0,$0,$11,11,$-0.01,$-0.01,$1,$0,$0,$3,$0,$0,$8,$0,$8,$12,$5,$3,$0,$3,$8,$0,$-30,$0,$4,$12,$0,$1,$0,$1,$0,$0,$0,$0,$-1,$1,$-0,$0,$0,$0,$0,$0,$0,$-0,$0,$-0,$0,$0,$0,$0,$0,$-0,$1,$0,$0
34,2010-03-31,3.7,$0.00,0.0,$1.02,3.63,$-0.05,0.0,$-0.04,0.0,$0.00B,$0.01B,0.34,$0.00B,$0.00B,28.67,$0.01B,$0.01B,70.00%,$0.01B,0,0.00%,$0.01B,0,0.00%,$0.01B,$0.00B,20.00%,$0.01B,0,0.00%,$0.01B,0,0.00%,$0.00B,$0.00B,0.00%,$0.00B,$-0.01B,0.00%,$0.00B,$0.01B,0.00%,$0.00B,$0.00B,0.00%,$3,$1,$2,$0,$1,$3,$0,$-0,$0,$0,$0,$0,$0,$1,$0,$11,11,$0.00,$0.00,$1,$0,$0,$3,$0,$0,$9,$0,$9,$12,$8,$4,$0,$4,$12,$0,$-30,$0,$0,$12,$0,$1,$0,$1,$0,$0,$0,$0,$-1,$0,$-0,$0,$0,$0,$0,$0,$0,$-0,$0,$-0,$0,$0,$0,$0,$0,$-0,$0,$0,$0
35,2009-12-31,3.31,$0.00,0.0,$1.00,3.32,$-0.15,0.0,$-0.25,0.0,$0.00B,$0.01B,0.52,$0.01B,$0.00B,-55.23,$0.01B,$0.01B,60.00%,$0.01B,0,0.00%,$0.01B,0,0.00%,$0.01B,$0.00B,10.00%,$0.01B,$-0.00B,-20.00%,$0.01B,$-0.00B,-20.00%,$-0.00B,$0.00B,400.00%,$-0.00B,$-0.01B,22.22%,$-0.00B,$0.01B,-16.67%,$0.00B,$0.01B,0.00%,$2,$1,$2,$0,$1,$2,$0,$-0,$-0,$0,$-0,$-0,$-0,$0,$0,$11,11,$-0.01,$-0.01,$1,$0,$0,$3,$0,$0,$9,$0,$9,$12,$5,$7,$0,$7,$12,$0,$-30,$0,$-0,$12,$0,$0,$0,$0,$0,$0,$0,$0,$-1,$0,$-0,$0,$0,$0,$0,$0,$0,$-0,$0,$0,$0,$0,$0,$0,$0,$0,$0,$0,$0
36,2009-09-30,2.75,$0.00,0.0,$0.81,3.39,$-0.28,0.0,$-0.36,0.0,$0.00B,$0.01B,0.44,$0.01B,$0.00B,-38.9,$0.01B,$0.00B,50.00%,$0.01B,$-0.00B,-12.50%,$0.01B,$-0.00B,-12.50%,$0.01B,0,0.00%,$0.01B,$-0.00B,-37.50%,$0.01B,$-0.00B,-37.50%,$-0.00B,$0.00B,600.00%,$-0.00B,$-0.01B,44.44%,$-0.00B,$0.01B,-27.91%,$-0.00B,$0.01B,-22.22%,$3,$1,$2,$0,$1,$2,$0,$-0,$0,$0,$0,$0,$0,$1,$0,$11,11,$0.01,$0.01,$1,$0,$0,$2,$0,$0,$9,$0,$9,$12,$5,$7,$0,$7,$12,$0,$-30,$0,$-0,$12,$0,$0,$0,$0,$0,$0,$0,$0,$-0,$0,$-0,$0,$0,$0,$0,$0,$0,$-0,$0,$-0,$0,$0,$0,$0,$0,$-0,$-0,$0,$0
37,2009-06-30,1.5,$0.00,0.0,$0.61,2.44,$-0.36,0.0,$-0.50,0.0,$0.00B,$0.01B,0.32,$0.01B,$-0.00B,-11.33,$0.01B,$0.00B,33.33%,$0.01B,$-0.00B,-33.33%,$0.01B,$-0.00B,-33.33%,$0.01B,$-0.00B,-33.33%,$0.01B,$-0.00B,-66.67%,$0.01B,$-0.00B,-66.67%,$-0.00B,$-0.00B,1600.00%,$-0.00B,$-0.01B,94.12%,$-0.00B,$0.01B,-44.44%,$-0.00B,$0.01B,-66.67%,$2,$1,$1,$0,$1,$3,$-0,$-0,$-0,$0,$-0,$-0,$-0,$0,$-0,$10,10,$-0.04,$-0.04,$1,$0,$0,$2,$0,$0,$9,$0,$9,$12,$7,$6,$0,$6,$13,$0,$-30,$0,$-1,$12,$-4,$1,$0,$1,$0,$0,$0,$0,$1,$-1,$-0,$0,$-2,$0,$0,$0,$2,$0,$0,$0,$0,$0,$0,$0,$0,$0,$-0,$0,$0
38,2009-03-31,1.1,$0.00,0.0,$0.45,2.44,$-0.53,0.0,$-0.54,0.0,$0.00B,$0.01B,0.42,$0.01B,$-0.00B,-4.21,$0.01B,$0.00B,20.00%,$0.01B,$-0.00B,-60.00%,$0.01B,$-0.00B,-60.00%,$0.01B,$-0.00B,-60.00%,$0.01B,$-0.01B,-100.00%,$0.01B,$-0.01B,-100.00%,$-0.01B,$-0.00B,-1000.00%,$-0.01B,$-0.01B,333.33%,$-0.01B,$0.01B,-68.97%,$-0.00B,$0.00B,-133.33%,$3,$1,$1,$0,$1,$3,$-0,$-2,$-2,$0,$-2,$-2,$-2,$0,$-0,$10,10,$-0.21,$-0.21,$1,$0,$0,$3,$0,$0,$8,$0,$8,$12,$7,$6,$0,$6,$13,$0,$-29,$0,$-1,$12,$-4,$1,$0,$1,$0,$0,$0,$0,$1,$-1,$-0,$0,$-2,$0,$0,$0,$2,$0,$0,$1,$0,$0,$0,$0,$0,$1,$0,$0,$0
39,2008-12-31,1.39,$0.00,0.0,$0.32,4.32,$-0.77,0.0,$-0.36,0.0,$0.00B,$0.01B,0.73,$0.00B,$0.00B,-6.38,$0.00B,$0.00B,33.33%,$0.00B,$-0.00B,-133.33%,$0.00B,$-0.00B,-133.33%,$0.00B,$-0.00B,-100.00%,$0.00B,$-0.00B,-100.00%,$0.00B,$-0.00B,-100.00%,$-0.00B,$0.00B,-240.00%,$-0.00B,$0.00B,-240.00%,$-0.00B,$0.01B,-52.17%,$-0.00B,$0.00B,-228.57%,$0,$0,$0,$0,$1,$1,$-1,$-0,$-1,$0,$-1,$-1,$-1,$-1,$-1,$9,9,$-0.12,$-0.12,$3,$0,$0,$3,$0,$3,$0,$0,$3,$7,$5,$3,$0,$3,$8,$0,$-27,$0,$-0,$7,$-2,$0,$0,$0,$0,$0,$0,$0,$1,$-1,$-0,$0,$0,$0,$0,$-3,$-1,$-3,$0,$4,$0,$0,$0,$0,$0,$4,$-0,$0,$0
40,2008-09-30,2.6,$0.00,0.0,$0.33,7.93,$-0.90,0.0,$-0.40,0.0,$0.00B,$0.00B,0.3,$0.00B,$0.00B,0.26,$0.00B,$0.00B,33.33%,$0.00B,$-0.00B,-133.33%,$0.00B,$-0.00B,-133.33%,$0.00B,$-0.00B,-100.00%,$0.00B,$-0.00B,-100.00%,$0.00B,$-0.00B,-100.00%,$-0.00B,$0.00B,-171.43%,$-0.00B,$0.00B,-171.43%,$-0.00B,$0.01B,-54.55%,$-0.00B,$0.00B,-200.00%,$1,$1,$-0,$0,$1,$1,$-1,$-0,$-1,$0,$-1,$-1,$-1,$-1,$-1,$9,9,$-0.13,$-0.13,$0,$0,$0,$1,$0,$3,$0,$0,$3,$5,$4,$0,$0,$0,$4,$0,$-26,$0,$1,$5,$-1,$0,$0,$0,$0,$0,$0,$0,$-0,$-1,$-0,$0,$0,$0,$0,$-3,$2,$-1,$0,$1,$0,$0,$0,$0,$0,$1,$-1,$0,$0
41,2008-06-30,3.15,$0.00,0.0,$0.37,8.62,$-0.97,0.0,$-0.35,0.0,$0.00B,$0.00B,1.17,$0.00B,$0.00B,0.13,$0.00B,$0.00B,66.67%,$0.00B,$-0.00B,-133.33%,$0.00B,$-0.00B,-133.33%,$0.00B,$-0.00B,-100.00%,$0.00B,$-0.00B,-100.00%,$0.00B,$-0.00B,-100.00%,$-0.00B,$0.00B,-120.00%,$-0.00B,$0.00B,-120.00%,$-0.00B,$0.01B,-50.00%,$-0.00B,$0.00B,-145.45%,$1,$1,$-0,$-1,$1,$2,$-1,$-0,$-1,$0,$-1,$-1,$-1,$-1,$-1,$9,9,$-0.08,$-0.08,$3,$0,$0,$4,$0,$0,$0,$0,$0,$5,$3,$0,$0,$0,$4,$0,$-25,$0,$2,$5,$-3,$1,$0,$1,$0,$0,$0,$0,$-0,$-3,$0,$0,$0,$0,$0,$0,$0,$0,$0,$-0,$0,$0,$0,$-0,$0,$-0,$-2,$0,$0
42,2008-03-31,2.3,$0.00,0.0,$0.37,6.15,$-1.09,0.0,$-0.36,0.0,$0.01B,$0.00B,1.32,$0.00B,$0.00B,0.1,$0.00B,$0.00B,100.00%,$0.00B,$-0.00B,-66.67%,$0.00B,$-0.00B,-66.67%,$0.00B,$-0.00B,-33.33%,$0.00B,$-0.00B,-33.33%,$0.00B,$-0.00B,-100.00%,$-0.00B,$0.00B,-100.00%,$-0.00B,$0.00B,-100.00%,$-0.00B,$0.01B,-44.44%,$-0.00B,$0.00B,-57.14%,$1,$1,$1,$0,$1,$2,$-1,$0,$-0,$0,$-0,$-0,$-0,$-0,$-1,$9,9,$-0.03,$-0.03,$3,$0,$0,$5,$0,$0,$0,$0,$0,$6,$4,$0,$0,$0,$4,$0,$-24,$0,$2,$6,$-2,$0,$0,$0,$0,$0,$0,$0,$-1,$-3,$-0,$0,$0,$0,$0,$0,$1,$0,$0,$0,$0,$0,$0,$0,$0,$0,$-2,$0,$0
43,2007-12-31,3.25,$0.00,0.0,$0.31,10.65,$-1.06,0.0,$-0.43,0.0,$0.00B,$0.00B,1.33,$0.00B,$0.00B,0.08,$0.00B,$0.00B,100.00%,$0.00B,$-0.00B,-100.00%,$0.00B,$-0.00B,-100.00%,$0.00B,$-0.00B,-100.00%,$0.00B,$-0.00B,-100.00%,$0.00B,$-0.00B,-200.00%,$-0.00B,$0.00B,-160.00%,$-0.00B,$0.00B,-160.00%,$-0.00B,$0.01B,-66.67%,$-0.00B,$0.00B,-57.14%,$0,$1,$-0,$0,$1,$2,$-1,$0,$-1,$0,$-1,$-1,$-1,$-1,$-1,$9,9,$-0.16,$-0.16,$3,$0,$0,$4,$0,$0,$0,$0,$0,$6,$3,$0,$0,$0,$3,$0,$-24,$0,$2,$6,$-2,$0,$0,$0,$0,$0,$0,$0,$0,$-2,$-0,$0,$0,$0,$0,$0,$0,$-0,$0,$-0,$0,$0,$0,$0,$0,$0,$-2,$0,$0
44,2007-09-30,3.1,$0.00,0.0,$0.31,9.88,$-0.84,0.0,$-0.35,0.0,$0.01B,$0.00B,1.72,$0.00B,$0.00B,0.05,$0.00B,$0.00B,100.00%,$0.00B,0,0.00%,$0.00B,0,0.00%,$0.00B,0,0.00%,$0.00B,0,0.00%,$0.00B,$-0.00B,-133.33%,$-0.00B,$0.00B,-200.00%,$-0.00B,$0.00B,-200.00%,$-0.00B,$0.01B,-88.89%,$0.00B,$0.00B,0.00%,$1,$0,$1,$1,$1,$2,$-1,$0,$-1,$0,$-1,$-1,$-1,$-1,$-1,$9,9,$-0.08,$-0.08,$4,$0,$0,$6,$0,$0,$0,$0,$0,$7,$3,$0,$0,$0,$3,$0,$-23,$0,$4,$7,$-1,$0,$0,$0,$0,$0,$0,$0,$-1,$-1,$-0,$0,$0,$0,$0,$0,$0,$-0,$0,$-0,$0,$0,$0,$0,$0,$0,$-1,$0,$0
45,2007-06-30,2.76,$0.00,0.0,$0.28,9.69,$-0.68,0.0,$-0.33,0.0,$0.01B,$0.00B,2.0,$0.00B,$0.00B,0.05,$0.00B,$0.00B,100.00%,$0.00B,$0.00B,66.67%,$0.00B,$0.00B,66.67%,$0.00B,$0.00B,66.67%,$0.00B,$0.00B,66.67%,$0.00B,$-0.00B,-133.33%,$-0.00B,$0.00B,-400.00%,$-0.00B,$0.00B,-400.00%,$-0.00B,$0.01B,-145.45%,$0.00B,$0.01B,114.29%,$1,$0,$1,$0,$0,$0,$1,$0,$1,$0,$1,$-1,$-1,$1,$1,$9,9,$-0.09,$-0.09,$5,$0,$0,$6,$0,$0,$0,$0,$0,$8,$3,$0,$0,$0,$3,$0,$-22,$0,$4,$8,$-3,$0,$0,$0,$0,$0,$0,$0,$-0,$-3,$-1,$0,$0,$0,$0,$0,$-2,$-3,$0,$-0,$0,$0,$5,$0,$0,$5,$-0,$0,$0
46,2007-03-31,2.0,$0.00,0.0,$0.34,5.84,$-0.31,0.0,$-0.25,0.0,$0.00B,$0.00B,1.31,$0.00B,$0.00B,-6.39,$0.00B,$0.00B,100.00%,$0.00B,$0.00B,66.67%,$0.00B,$0.00B,66.67%,$0.00B,$0.00B,66.67%,$0.00B,$0.00B,66.67%,$0.00B,$-0.00B,-100.00%,$-0.00B,$0.00B,inf%,$-0.00B,$0.00B,inf%,$-0.00B,$0.00B,-400.00%,$0.00B,$0.00B,400.00%,$0,$0,$0,$0,$1,$1,$-1,$0,$-1,$0,$-1,$-1,$-1,$-1,$-1,$9,9,$-0.10,$-0.10,$1,$0,$0,$2,$0,$0,$0,$0,$0,$3,$1,$2,$0,$2,$3,$0,$-21,$0,$-0,$3,$-2,$0,$0,$0,$0,$0,$0,$0,$-0,$-2,$-0,$0,$0,$0,$0,$0,$0,$-0,$0,$0,$0,$0,$0,$0,$-0,$0,$-3,$0,$0
47,2006-12-31,2.51,$0.00,0.0,$0.53,4.77,0,0.0,$-0.22,0.0,$0.00B,$0.00B,0.0,$0.00B,$0.00B,0.0,$0.00B,$0.00B,100.00%,$0.00B,$0.00B,100.00%,$0.00B,$0.00B,100.00%,$0.00B,$0.00B,100.00%,$0.00B,$0.00B,100.00%,$0.00B,$-0.00B,-50.00%,$-0.00B,$0.00B,inf%,$-0.00B,$0.00B,inf%,$-0.00B,$0.00B,inf%,$0.00B,$0.00B,inf%,$1,$0,$1,$0,$0,$0,$1,$0,$1,$0,$1,$-1,$-1,$1,$1,$9,9,$-0.08,$-0.08,$0,$0,$0,$0,$0,$0,$0,$0,$0,$0,$0,$0,$0,$0,$0,$0,$0,$0,$0,$0,$0,$0,$0,$0,$0,$0,$0,$0,$0,$0,$0,$0,$0,$0,$0,$0,$0,$0,$0,$0,$0,$0,$0,$0,$0,$0,$0,$0,$0
