,Date,Stock Price,Book Value per Share,Price to Book Ratio,TTM Sales per Share,Price to Sales Ratio,TTM FCF per Share,Price to FCF Ratio,TTM Net EPS,PE Ratio,Current Assets,Current Liabilities,Current Ratio,Long Term Debt,Shareholder's Equity_x,Debt to Equity Ratio,TTM Revenue_x,TTM Gross Profit,Gross Margin,TTM Revenue_y,TTM Operating Income,Operating Margin,TTM Revenue_x,TTM EBIT,EBIT Margin,TTM Revenue_y,TTM EBITDA,EBITDA Margin,TTM Revenue_x,TTM Pre-Tax Income,Pre-Tax Margin,TTM Revenue_y,TTM Net Income_x,Net Margin,TTM Net Income_y,Shareholder's Equity_y,Return on Equity,TTM Net Income_x,Tangible Equity,Return on Tangible Equity,TTM Net Income_y,Total Assets,Return on Assets,TTM Net Income,LT Investments & Debt,Return on Investment,revenue,cost-goods-sold,gross-profit,research-development-expenses,selling-general-administrative-expenses,operating-expenses,operating-income,total-non-operating-income-expense,pre-tax-income,total-provision-income-taxes,income-after-taxes,income-from-continuous-operations,net-income,ebitda,ebit,basic-shares-outstanding,shares-outstanding,eps-basic-net-earnings-per-share,eps-earnings-per-share-diluted,cash-on-hand,inventory,other-current-assets,total-current-assets,net-property-plant-equipment,long-term-investments,goodwill-intangible-assets-total,other-long-term-assets,total-long-term-assets,total-assets,total-current-liabilities,long-term-debt,other-non-current-liabilities,total-long-term-liabilities,total-liabilities,common-stock-net,retained-earnings-accumulated-deficit,comprehensive-income,total-share-holder-equity,total-liabilities-share-holders-equity,net-income-loss,total-depreciation-amortization-cash-flow,other-non-cash-items,total-non-cash-items,change-in-accounts-receivable,change-in-inventories,change-in-accounts-payable,change-in-assets-liabilities,total-change-in-assets-liabilities,cash-flow-from-operating-activities,net-change-in-property-plant-equipment,net-change-in-intangible-assets,net-acquisitions-divestitures,net-change-in-short-term-investments,net-change-in-long-term-investments,net-change-in-investments-total,investing-activities-other,cash-flow-from-investing-activities,net-long-term-debt,net-current-debt,debt-issuance-retirement-net-total,net-common-equity-issued-repurchased,net-total-equity-issued-repurchased,total-common-preferred-stock-dividends-paid,financial-activities-other,cash-flow-from-financial-activities,net-cash-flow,stock-based-compensation,common-stock-dividends-paid
0,2018-09-30,48.96,$35.45,1.38,$14.30,3.42,$-4.52,0.0,$-1.51,0.0,$0.26B,$0.68B,0.38,$1.24B,$2.34B,0.53,$0.95B,$0.86B,90.90%,$0.95B,$-0.20B,-20.74%,$0.95B,$-0.20B,-20.74%,$0.95B,$0.27B,28.04%,$0.95B,$-0.29B,-31.11%,$0.95B,$-0.10B,-10.37%,$-0.10B,$2.34B,-4.05%,$-0.10B,$2.34B,-4.05%,$-0.10B,$4.60B,-2.18%,$-0.20B,$3.58B,-5.44%,$281,$24,$257,$0,$48,$271,$10,$-17,$-7,$-4,$-3,$-3,$-3,$162,$10,$66,66,$-0.05,$-0.05,$1,$0,$8,$257,$4309,$0,$0,$35,$4344,$4601,$675,$1235,$211,$1584,$2259,$1,$-170,$0,$2342,$4601,$-177,$423,$328,$751,$0,$0,$0,$4,$4,$578,$-687,$0,$-138,$0,$0,$0,$1,$-824,$75,$0,$75,$-5,$-5,$0,$-5,$65,$-181,$16,$0
1,2018-06-30,60.45,$35.42,1.71,$12.83,4.71,$-4.52,0.0,$-5.90,0.0,$0.22B,$0.61B,0.36,$1.18B,$2.34B,0.5,$0.85B,$0.77B,90.91%,$0.85B,$-0.60B,-71.07%,$0.85B,$-0.60B,-71.07%,$0.85B,$-0.09B,-10.39%,$0.85B,$-0.70B,-82.88%,$0.85B,$-0.39B,-45.81%,$-0.39B,$2.34B,-15.88%,$-0.39B,$2.34B,-15.88%,$-0.39B,$4.44B,-8.77%,$-0.60B,$3.52B,-16.83%,$213,$23,$190,$0,$37,$401,$-188,$-17,$-206,$-45,$-160,$-160,$-160,$-48,$-188,$66,66,$-2.43,$-2.43,$1,$0,$15,$218,$4193,$0,$0,$31,$4224,$4442,$609,$1179,$172,$1493,$2102,$1,$-167,$0,$2340,$4442,$-173,$271,$275,$547,$0,$0,$0,$8,$8,$381,$-433,$0,$-142,$0,$0,$0,$1,$-574,$22,$0,$22,$-4,$-4,$0,$-5,$13,$-180,$11,$0
2,2018-03-31,49.03,$37.86,1.3,$13.78,3.56,$-4.68,0.0,$-2.85,0.0,$0.26B,$0.49B,0.54,$1.16B,$2.50B,0.46,$0.91B,$0.84B,92.41%,$0.91B,$-0.33B,-36.19%,$0.91B,$-0.33B,-36.19%,$0.91B,$0.18B,19.36%,$0.91B,$-0.43B,-47.30%,$0.91B,$-0.19B,-20.57%,$-0.19B,$2.50B,-7.37%,$-0.19B,$2.50B,-7.41%,$-0.19B,$4.52B,-4.18%,$-0.33B,$3.65B,-9.04%,$261,$20,$240,$0,$36,$261,$-0,$-17,$-18,$-5,$-13,$-13,$-13,$131,$-0,$66,66,$-0.20,$-0.20,$46,$0,$29,$264,$4231,$0,$0,$26,$4258,$4522,$488,$1155,$195,$1537,$2025,$1,$-6,$0,$2497,$4522,$-13,$131,$56,$188,$0,$0,$0,$31,$31,$205,$-198,$0,$-142,$0,$0,$0,$1,$-339,$0,$0,$0,$-2,$-2,$0,$-0,$-3,$-136,$5,$0
3,2017-12-31,51.54,$38.05,1.35,$13.97,3.69,$-4.64,0.0,$-1.95,0.0,$0.40B,$0.42B,0.96,$1.15B,$2.51B,0.46,$0.92B,$0.86B,93.38%,$0.92B,$-0.24B,-25.70%,$0.92B,$-0.24B,-25.70%,$0.92B,$0.25B,27.22%,$0.92B,$-0.34B,-36.88%,$0.92B,$-0.13B,-13.88%,$-0.13B,$2.51B,-4.96%,$-0.13B,$2.51B,-5.02%,$-0.13B,$4.42B,-2.85%,$-0.24B,$3.66B,-6.48%,$190,$18,$172,$0,$35,$208,$-19,$-44,$-63,$-140,$78,$78,$78,$20,$-19,$66,66,$1.17,$1.18,$181,$0,$14,$401,$3933,$0,$0,$85,$4019,$4420,$418,$1152,$151,$1495,$1912,$1,$7,$0,$2508,$4420,$-128,$488,$219,$707,$-61,$0,$0,$38,$9,$589,$-732,$0,$-16,$40,$0,$40,$-9,$-717,$73,$0,$73,$-7,$-7,$0,$-1,$65,$-63,$19,$0
4,2017-09-30,49.03,$36.84,1.33,$13.29,3.69,$-1.42,0.0,$-4.06,0.0,$0.34B,$0.37B,0.9,$1.05B,$2.43B,0.43,$0.84B,$0.79B,93.45%,$0.84B,$-0.29B,-34.52%,$0.84B,$-0.29B,-34.52%,$0.84B,$0.27B,31.55%,$0.84B,$-0.37B,-43.81%,$0.84B,$-0.26B,-31.19%,$-0.26B,$2.43B,-10.04%,$-0.26B,$2.43B,-10.21%,$-0.26B,$4.31B,-5.81%,$-0.29B,$3.48B,-7.93%,$183,$16,$168,$0,$29,$579,$-396,$-19,$-415,$-122,$-293,$-293,$-293,$-191,$-396,$66,66,$-4.44,$-4.44,$136,$0,$23,$335,$3883,$0,$0,$90,$3973,$4307,$374,$1052,$129,$1507,$1881,$1,$-71,$0,$2427,$4307,$-205,$450,$161,$612,$0,$0,$0,$14,$14,$421,$-529,$0,$-14,$40,$0,$40,$-9,$-513,$0,$0,$0,$-5,$-5,$0,$-1,$-6,$-98,$15,$0
5,2017-06-30,43.11,$41.21,1.05,$13.87,3.11,$0.48,90.76,$-0.10,0.0,$0.40B,$0.33B,1.2,$1.05B,$2.71B,0.39,$0.82B,$0.77B,93.91%,$0.82B,$0.09B,11.08%,$0.82B,$0.09B,11.08%,$0.82B,$0.57B,68.82%,$0.82B,$0.01B,1.46%,$0.82B,$0.01B,0.97%,$0.01B,$2.71B,0.32%,$0.01B,$2.66B,0.33%,$0.01B,$4.66B,0.19%,$0.09B,$3.76B,2.57%,$275,$15,$260,$0,$30,$191,$85,$-19,$66,$25,$41,$41,$41,$216,$85,$66,66,$0.63,$0.62,$202,$0,$52,$396,$4166,$0,$56,$39,$4261,$4657,$331,$1049,$111,$1612,$1942,$1,$222,$0,$2714,$4657,$87,$245,$-77,$169,$0,$0,$0,$17,$17,$272,$-335,$0,$5,$40,$0,$40,$-9,$-299,$0,$0,$0,$-5,$-5,$0,$-1,$-6,$-33,$10,$0
6,2017-03-31,62.35,$40.62,1.54,$10.13,6.16,$0.72,86.29,$-2.76,0.0,$0.41B,$0.32B,1.3,$1.05B,$2.67B,0.39,$0.57B,$0.53B,92.76%,$0.57B,$-0.14B,-24.20%,$0.57B,$-0.14B,-24.20%,$0.57B,$0.32B,55.83%,$0.57B,$-0.21B,-36.75%,$0.57B,$-0.13B,-22.61%,$-0.13B,$2.67B,-5.88%,$-0.13B,$2.62B,-5.96%,$-0.13B,$4.59B,-3.47%,$-0.14B,$3.72B,-4.44%,$274,$12,$261,$0,$26,$182,$92,$-19,$72,$26,$46,$46,$46,$206,$92,$66,66,$0.70,$0.70,$258,$0,$27,$412,$4098,$0,$56,$27,$4181,$4593,$318,$1046,$130,$1604,$1922,$1,$180,$0,$2671,$4593,$46,$114,$-47,$67,$0,$0,$0,$26,$26,$140,$-130,$0,$6,$-50,$0,$-50,$0,$-174,$0,$0,$0,$-2,$-2,$0,$-0,$-2,$-36,$4,$0
7,2016-12-31,72.58,$39.93,1.82,$8.17,8.88,$0.06,1201.66,$-5.18,0.0,$0.40B,$0.27B,1.48,$1.04B,$2.62B,0.4,$0.38B,$0.35B,91.64%,$0.38B,$-0.33B,-86.68%,$0.38B,$-0.33B,-86.68%,$0.38B,$0.11B,28.20%,$0.38B,$-0.39B,-102.61%,$0.38B,$-0.25B,-64.23%,$-0.25B,$2.62B,-13.03%,$-0.25B,$2.56B,-13.14%,$-0.25B,$4.49B,-7.75%,$-0.33B,$3.67B,-12.50%,$108,$12,$96,$0,$34,$179,$-71,$-20,$-91,$-35,$-56,$-56,$-56,$34,$-71,$49,49,$-0.77,$-0.77,$244,$0,$9,$400,$4003,$0,$62,$21,$4086,$4486,$271,$1044,$148,$1593,$1863,$1,$134,$0,$2623,$4486,$-246,$440,$270,$710,$-33,$0,$0,$55,$22,$486,$-435,$0,$-1074,$0,$0,$0,$0,$-1509,$434,$0,$434,$848,$848,$0,$-16,$1266,$243,$20,$0
8,2016-09-30,67.06,$35.30,1.9,$10.28,6.53,$-5.91,0.0,$-4.17,0.0,$1.37B,$0.22B,6.24,$1.04B,$1.99B,0.52,$0.44B,$0.43B,96.17%,$0.44B,$-0.25B,-55.18%,$0.44B,$-0.25B,-55.18%,$0.44B,$0.19B,42.79%,$0.44B,$-0.30B,-66.89%,$0.44B,$-0.19B,-42.12%,$-0.19B,$1.99B,-12.04%,$-0.19B,$1.99B,-12.04%,$-0.19B,$3.42B,-7.07%,$-0.25B,$3.03B,-11.17%,$164,$10,$154,$0,$33,$179,$-15,$-20,$-35,$-12,$-23,$-23,$-23,$109,$-15,$49,49,$-0.48,$-0.48,$1198,$0,$66,$1368,$1932,$0,$0,$117,$2049,$3417,$219,$1042,$126,$1212,$1431,$1,$190,$0,$1986,$3417,$-190,$336,$181,$517,$0,$0,$0,$34,$34,$361,$-349,$0,$-100,$0,$0,$0,$0,$-449,$434,$0,$434,$850,$850,$0,$1,$1285,$1197,$15,$0
9,2016-06-30,57.61,$30.22,1.91,$12.69,4.54,$-11.29,0.0,$-4.73,0.0,$0.32B,$0.19B,1.71,$0.49B,$1.43B,0.35,$0.51B,$0.50B,97.06%,$0.51B,$-0.28B,-55.19%,$0.51B,$-0.28B,-55.19%,$0.51B,$0.11B,22.11%,$0.51B,$-0.33B,-63.60%,$0.51B,$-0.21B,-40.12%,$-0.21B,$1.43B,-14.89%,$-0.21B,$1.43B,-14.89%,$-0.21B,$2.27B,-8.63%,$-0.28B,$1.92B,-14.89%,$20,$6,$14,$0,$24,$163,$-143,$-10,$-154,$-58,$-95,$-95,$-95,$-33,$-143,$47,47,$-2.04,$-2.04,$109,$0,$99,$319,$1931,$0,$0,$22,$1953,$2272,$187,$493,$126,$660,$847,$0,$213,$0,$1425,$2272,$-167,$211,$161,$372,$0,$0,$0,$-7,$-7,$198,$-231,$0,$0,$0,$0,$0,$0,$-231,$-152,$0,$-152,$293,$293,$0,$1,$141,$108,$11,$0
10,2016-03-31,59.45,$32.83,1.81,$13.53,4.39,$-15.86,0.0,$-3.86,0.0,$0.53B,$0.29B,1.83,$0.49B,$1.52B,0.33,$0.54B,$0.53B,97.05%,$0.54B,$-0.21B,-38.01%,$0.54B,$-0.21B,-38.01%,$0.54B,$0.15B,28.23%,$0.54B,$-0.25B,-45.76%,$0.54B,$-0.16B,-28.97%,$-0.16B,$1.52B,-11.63%,$-0.16B,$1.52B,-11.63%,$-0.16B,$2.52B,-6.53%,$-0.21B,$2.01B,-10.95%,$91,$4,$87,$0,$23,$194,$-103,$-10,$-113,$-42,$-72,$-72,$-72,$-2,$-103,$42,42,$-1.72,$-1.72,$239,$0,$183,$528,$1942,$0,$0,$45,$1987,$2515,$288,$493,$118,$711,$999,$0,$309,$0,$1516,$2515,$-72,$101,$63,$164,$0,$0,$0,$9,$9,$101,$-123,$0,$0,$0,$0,$0,$0,$-123,$-37,$0,$-37,$297,$297,$0,$-0,$259,$238,$5,$0
11,2015-12-31,53.38,$32.06,1.67,$15.26,3.5,$-17.89,0.0,$-1.68,0.0,$0.33B,$0.30B,1.1,$0.53B,$1.29B,0.41,$0.60B,$0.58B,96.64%,$0.60B,$-0.07B,-10.91%,$0.60B,$-0.07B,-10.91%,$0.60B,$0.25B,42.45%,$0.60B,$-0.11B,-17.95%,$0.60B,$-0.07B,-11.41%,$-0.07B,$1.29B,-5.19%,$-0.07B,$1.29B,-5.19%,$-0.07B,$2.37B,-2.84%,$-0.07B,$1.82B,-3.47%,$169,$-4,$172,$0,$28,$152,$16,$-11,$5,$2,$3,$3,$3,$116,$16,$39,39,$0.00,$0.01,$1,$0,$222,$332,$1941,$0,$0,$98,$2038,$2371,$301,$529,$109,$782,$1083,$0,$380,$0,$1287,$2371,$-68,$317,$176,$492,$25,$0,$0,$-7,$-13,$411,$-604,$0,$0,$0,$0,$0,$0,$-604,$-19,$0,$-19,$197,$197,$0,$0,$178,$-15,$20,$0
12,2015-09-30,53.01,$31.91,1.66,$22.06,2.4,$-19.43,0.0,$1.89,28.05,$0.33B,$0.34B,0.97,$0.55B,$1.28B,0.43,$0.84B,$0.84B,100.72%,$0.84B,$0.07B,8.14%,$0.84B,$0.07B,8.14%,$0.84B,$0.34B,40.60%,$0.84B,$0.03B,3.11%,$0.84B,$0.06B,7.31%,$0.06B,$1.28B,4.79%,$0.06B,$1.28B,4.79%,$0.06B,$2.34B,2.56%,$0.07B,$1.83B,3.64%,$231,$8,$223,$0,$20,$283,$-52,$-11,$-63,$-21,$-41,$-41,$-41,$32,$-52,$40,40,$-1.04,$-1.04,$4,$0,$208,$326,$1873,$0,$0,$145,$2018,$2344,$336,$550,$91,$729,$1065,$0,$377,$0,$1280,$2344,$-71,$217,$148,$365,$0,$0,$0,$-11,$-11,$283,$-489,$0,$0,$0,$0,$0,$0,$-489,$-6,$0,$-6,$203,$203,$0,$-4,$193,$-12,$14,$0
13,2015-06-30,53.64,$32.86,1.63,$22.40,2.39,$-21.02,0.0,$4.40,12.19,$0.25B,$0.31B,0.82,$0.55B,$1.32B,0.42,$0.83B,$0.81B,97.23%,$0.83B,$0.22B,26.66%,$0.83B,$0.22B,26.66%,$0.83B,$0.46B,55.73%,$0.83B,$0.18B,21.47%,$0.83B,$0.16B,18.82%,$0.16B,$1.32B,12.96%,$0.16B,$1.32B,12.96%,$0.16B,$2.39B,6.67%,$0.22B,$1.87B,12.09%,$51,$7,$44,$0,$21,$118,$-67,$-10,$-77,$-30,$-47,$-47,$-47,$7,$-67,$40,40,$-1.17,$-1.17,$1,$0,$156,$251,$1985,$0,$0,$155,$2141,$2392,$307,$553,$85,$768,$1075,$0,$419,$0,$1317,$2392,$-30,$133,$68,$201,$0,$0,$0,$-25,$-25,$146,$-358,$0,$0,$0,$0,$0,$0,$-358,$-3,$0,$-3,$203,$203,$0,$-3,$197,$-15,$9,$0
14,2015-03-31,54.04,$34.01,1.59,$23.96,2.26,$-20.23,0.0,$4.78,11.31,$0.38B,$0.25B,1.5,$0.61B,$1.36B,0.45,$0.88B,$0.82B,92.95%,$0.88B,$0.25B,28.67%,$0.88B,$0.25B,28.67%,$0.88B,$0.48B,54.04%,$0.88B,$0.21B,23.55%,$0.88B,$0.18B,19.91%,$0.18B,$1.36B,15.76%,$0.18B,$1.36B,15.76%,$0.18B,$2.46B,7.73%,$0.25B,$1.97B,14.51%,$145,$7,$137,$0,$21,$106,$38,$-11,$28,$11,$17,$17,$17,$98,$38,$36,37,$0.47,$0.46,$67,$0,$204,$375,$1881,$0,$0,$199,$2080,$2455,$250,$610,$106,$845,$1095,$0,$466,$0,$1360,$2455,$17,$59,$-2,$57,$0,$0,$0,$7,$7,$82,$-176,$0,$0,$0,$0,$0,$0,$-176,$-56,$0,$-56,$203,$203,$0,$-1,$146,$51,$4,$0
15,2014-12-31,41.27,$31.68,1.3,$23.48,1.76,$-19.21,0.0,$4.26,9.69,$0.34B,$0.25B,1.36,$0.66B,$1.14B,0.58,$0.86B,$0.76B,88.45%,$0.86B,$0.22B,26.14%,$0.86B,$0.22B,26.14%,$0.86B,$0.44B,50.88%,$0.86B,$0.18B,20.65%,$0.86B,$0.16B,18.20%,$0.16B,$1.14B,15.41%,$0.16B,$1.14B,15.41%,$0.16B,$2.33B,7.20%,$0.22B,$1.79B,13.77%,$408,$-30,$437,$0,$27,$259,$149,$-11,$138,$54,$84,$84,$132,$202,$149,$36,37,$3.68,$3.62,$16,$0,$187,$341,$1827,$0,$0,$163,$1990,$2331,$251,$655,$102,$943,$1194,$0,$449,$0,$1137,$2331,$155,$212,$-116,$96,$-35,$0,$0,$-2,$-15,$237,$-474,$0,$0,$0,$0,$0,$0,$-474,$64,$0,$64,$-5,$-5,$0,$2,$60,$-177,$18,$0
16,2014-09-30,50.29,$27.93,1.8,$16.31,3.08,$-14.46,0.0,$0.98,51.32,$0.16B,$0.25B,0.64,$0.68B,$1.00B,0.68,$0.58B,$0.46B,78.86%,$0.58B,$0.11B,19.76%,$0.58B,$0.11B,19.76%,$0.58B,$0.32B,54.77%,$0.58B,$0.07B,11.61%,$0.58B,$0.04B,6.41%,$0.04B,$1.00B,3.81%,$0.04B,$1.00B,3.81%,$0.04B,$2.18B,1.77%,$0.11B,$1.68B,7.26%,$225,$36,$188,$0,$35,$123,$101,$-12,$89,$35,$54,$54,$54,$155,$101,$36,37,$1.51,$1.47,$18,$0,$15,$157,$1784,$0,$0,$238,$2021,$2179,$246,$676,$129,$930,$1176,$0,$317,$0,$1002,$2179,$24,$159,$-2,$157,$0,$0,$0,$21,$21,$202,$-449,$0,$0,$0,$0,$0,$0,$-449,$76,$0,$76,$0,$0,$0,$-3,$73,$-175,$13,$0
17,2014-06-30,63.15,$26.33,2.4,$12.36,5.11,$-6.47,0.0,$-0.97,0.0,$0.21B,$0.38B,0.56,$0.56B,$0.94B,0.6,$0.42B,$0.31B,71.93%,$0.42B,$0.00B,0.24%,$0.42B,$0.00B,0.24%,$0.42B,$0.18B,43.16%,$0.42B,$-0.05B,-10.61%,$0.42B,$-0.03B,-7.78%,$-0.03B,$0.94B,-3.45%,$-0.03B,$0.94B,-3.45%,$-0.03B,$2.09B,-1.61%,$0.00B,$1.51B,0.07%,$101,$46,$55,$0,$39,$137,$-36,$-12,$-48,$-19,$-29,$-29,$-28,$20,$-36,$36,36,$-0.79,$-0.79,$40,$0,$1,$214,$1829,$0,$0,$44,$1873,$2086,$381,$562,$83,$762,$1143,$0,$263,$0,$943,$2086,$-30,$106,$50,$155,$0,$0,$0,$7,$7,$132,$-292,$0,$0,$0,$0,$0,$0,$-292,$10,$0,$10,$0,$0,$0,$-2,$8,$-153,$9,$0
18,2014-03-31,62.26,$27.07,2.3,$13.44,4.63,$0.47,133.55,$0.46,135.35,$0.29B,$0.34B,0.86,$0.56B,$0.97B,0.58,$0.44B,$0.34B,75.90%,$0.44B,$0.08B,17.12%,$0.44B,$0.08B,17.12%,$0.44B,$0.23B,52.48%,$0.44B,$0.03B,6.53%,$0.44B,$0.02B,3.38%,$0.02B,$0.97B,1.68%,$0.02B,$0.97B,1.68%,$0.02B,$2.07B,0.77%,$0.08B,$1.53B,5.13%,$123,$45,$78,$0,$22,$113,$10,$-12,$-2,$-1,$-1,$-1,$-2,$59,$10,$36,36,$-0.06,$-0.06,$149,$0,$1,$294,$1726,$0,$0,$46,$1772,$2065,$340,$561,$75,$757,$1097,$0,$291,$0,$968,$2065,$-2,$49,$23,$72,$0,$0,$0,$11,$11,$80,$-135,$0,$0,$0,$0,$0,$0,$-135,$9,$0,$9,$0,$0,$0,$-1,$8,$-46,$4,$0
19,2013-12-31,53.22,$27.13,1.96,$12.37,4.3,$1.41,37.67,$-0.78,0.0,$0.33B,$0.21B,1.53,$0.61B,$0.97B,0.63,$0.39B,$0.30B,76.59%,$0.39B,$0.02B,4.07%,$0.39B,$0.02B,4.07%,$0.39B,$0.16B,39.95%,$0.39B,$-0.03B,-8.14%,$0.39B,$-0.02B,-5.60%,$-0.02B,$0.97B,-2.69%,$-0.02B,$0.97B,-2.69%,$-0.02B,$2.03B,-1.17%,$0.02B,$1.57B,1.11%,$128,$-6,$134,$0,$18,$89,$39,$-11,$28,$10,$17,$17,$13,$82,$39,$32,32,$0.43,$0.45,$195,$0,$9,$326,$1481,$0,$0,$218,$1699,$2025,$213,$605,$120,$844,$1058,$0,$293,$0,$968,$2025,$-22,$141,$89,$230,$-42,$0,$0,$5,$-48,$159,$-215,$0,$-2,$0,$0,$0,$0,$-217,$-23,$0,$-23,$272,$272,$0,$0,$249,$191,$13,$0
20,2013-09-30,59.54,$26.68,2.23,$11.46,5.2,$3.88,15.36,$-5.31,0.0,$0.40B,$0.31B,1.3,$0.55B,$0.95B,0.58,$0.35B,$0.23B,65.33%,$0.35B,$-0.01B,-3.44%,$0.35B,$-0.01B,-3.44%,$0.35B,$0.13B,37.25%,$0.35B,$-0.09B,-25.21%,$0.35B,$-0.16B,-46.13%,$-0.16B,$0.95B,-21.41%,$-0.16B,$0.95B,-21.41%,$-0.16B,$2.01B,-8.81%,$-0.01B,$1.50B,-0.86%,$72,$34,$38,$0,$15,$83,$-12,$-12,$-23,$-9,$-14,$-14,$-16,$22,$-12,$33,33,$-0.48,$-0.48,$302,$0,$10,$404,$1540,$0,$0,$67,$1607,$2011,$311,$550,$86,$748,$1060,$0,$280,$0,$951,$2011,$-36,$98,$74,$172,$0,$0,$0,$-17,$-17,$120,$-77,$0,$8,$0,$0,$0,$0,$-70,$-26,$0,$-26,$276,$276,$0,$-4,$246,$296,$10,$0
21,2013-06-30,51.48,$22.62,2.28,$10.39,4.95,$4.18,12.32,$-5.91,0.0,$0.18B,$0.17B,1.06,$0.64B,$0.69B,0.93,$0.31B,$0.20B,63.23%,$0.31B,$-0.03B,-10.32%,$0.31B,$-0.03B,-10.32%,$0.31B,$0.11B,35.81%,$0.31B,$-0.11B,-34.84%,$0.31B,$-0.18B,-57.42%,$-0.18B,$0.69B,-24.67%,$-0.18B,$0.69B,-24.67%,$-0.18B,$1.69B,-9.85%,$-0.03B,$1.33B,-2.32%,$121,$34,$87,$0,$16,$82,$39,$-13,$26,$10,$17,$17,$20,$70,$39,$30,31,$0.66,$0.64,$47,$0,$16,$177,$1439,$0,$0,$75,$1514,$1691,$168,$639,$78,$836,$1003,$0,$296,$0,$688,$1691,$-20,$64,$55,$119,$0,$0,$0,$-57,$-57,$42,$34,$0,$8,$0,$0,$0,$0,$41,$-39,$0,$-39,$0,$0,$0,$-3,$-43,$41,$7,$0
22,2013-03-31,49.57,$21.96,2.26,$10.21,4.85,$5.17,9.59,$-6.09,0.0,$0.15B,$0.20B,0.78,$0.69B,$0.67B,1.03,$0.29B,$0.19B,65.05%,$0.29B,$-0.03B,-11.07%,$0.29B,$-0.03B,-11.07%,$0.29B,$0.12B,40.83%,$0.29B,$-0.11B,-36.33%,$0.29B,$-0.19B,-64.36%,$-0.19B,$0.67B,-24.34%,$-0.19B,$0.67B,-24.34%,$-0.19B,$1.78B,-9.97%,$-0.03B,$1.35B,-2.27%,$72,$30,$42,$0,$15,$122,$-50,$-13,$-63,$-22,$-41,$-41,$-39,$-17,$-50,$30,30,$-1.30,$-1.30,$6,$0,$30,$153,$1375,$0,$0,$254,$1629,$1782,$195,$688,$104,$921,$1116,$0,$276,$0,$666,$1782,$-39,$33,$59,$92,$0,$0,$0,$-8,$-8,$44,$-62,$0,$8,$0,$0,$0,$0,$-54,$11,$0,$11,$0,$0,$0,$-0,$10,$0,$3,$0
23,2012-12-31,33.21,$23.22,1.43,$11.65,2.85,$10.85,3.06,$-4.13,0.0,$0.17B,$0.20B,0.85,$0.68B,$0.70B,0.96,$0.31B,$0.21B,69.16%,$0.31B,$0.04B,12.66%,$0.31B,$0.04B,12.66%,$0.31B,$0.20B,64.61%,$0.31B,$-0.03B,-10.06%,$0.31B,$-0.13B,-42.53%,$-0.13B,$0.70B,-17.06%,$-0.13B,$0.70B,-17.06%,$-0.13B,$1.83B,-7.23%,$0.04B,$1.38B,2.89%,$84,$22,$61,$0,$12,$72,$11,$-39,$-28,$-10,$-17,$-17,$-126,$55,$11,$28,28,$-4.77,$-4.76,$6,$0,$52,$172,$1617,$0,$0,$38,$1655,$1827,$203,$677,$95,$920,$1124,$0,$316,$0,$703,$1827,$-131,$159,$136,$295,$7,$0,$0,$9,$11,$175,$-154,$0,$-298,$0,$0,$0,$0,$-452,$120,$0,$120,$163,$163,$0,$-12,$271,$-6,$8,$0
24,2012-09-30,31.63,$27.39,1.15,$12.84,2.46,$3.99,7.94,$-0.31,0.0,$0.12B,$0.19B,0.63,$0.63B,$0.83B,0.77,$0.32B,$0.22B,67.18%,$0.32B,$0.02B,5.26%,$0.32B,$0.02B,5.26%,$0.32B,$0.17B,52.63%,$0.32B,$-0.02B,-7.43%,$0.32B,$-0.01B,-4.02%,$-0.01B,$0.83B,-1.71%,$-0.01B,$0.83B,-1.71%,$-0.01B,$1.93B,-0.73%,$0.02B,$1.46B,1.31%,$33,$27,$6,$0,$14,$65,$-32,$-11,$-43,$-15,$-28,$-28,$-33,$3,$-32,$30,30,$-1.08,$-1.08,$5,$0,$53,$117,$1734,$0,$0,$80,$1815,$1932,$185,$634,$100,$918,$1103,$0,$442,$0,$829,$1932,$-5,$115,$-1,$113,$0,$0,$0,$18,$18,$127,$-80,$0,$-297,$0,$0,$0,$-17,$-395,$99,$0,$99,$164,$164,$0,$-1,$262,$-5,$6,$0
25,2012-06-30,24.52,$28.38,0.86,$17.54,1.4,$-2.86,0.0,$2.14,11.46,$0.15B,$0.18B,0.85,$0.59B,$0.86B,0.69,$0.43B,$0.32B,74.30%,$0.43B,$0.11B,25.47%,$0.43B,$0.11B,25.47%,$0.43B,$0.26B,61.68%,$0.43B,$0.07B,16.12%,$0.43B,$0.05B,12.38%,$0.05B,$0.86B,7.37%,$0.05B,$0.86B,7.37%,$0.05B,$1.92B,3.13%,$0.11B,$1.45B,8.91%,$100,$21,$79,$0,$14,$60,$39,$-10,$29,$10,$19,$19,$12,$77,$39,$27,27,$0.46,$0.46,$8,$0,$71,$154,$1680,$0,$0,$82,$1764,$1918,$182,$592,$92,$877,$1059,$0,$474,$0,$859,$1918,$28,$79,$-30,$50,$0,$0,$0,$-8,$-8,$70,$22,$0,$-297,$0,$0,$0,$-17,$-293,$58,$0,$58,$163,$163,$0,$-0,$221,$-2,$4,$0
26,2012-03-31,37.09,$28.80,1.29,$18.32,2.02,$-9.24,0.0,$2.07,17.92,$0.16B,$0.17B,0.97,$0.42B,$0.68B,0.61,$0.44B,$0.31B,71.49%,$0.44B,$0.09B,20.69%,$0.44B,$0.09B,20.69%,$0.44B,$0.24B,55.40%,$0.44B,$0.05B,11.72%,$0.44B,$0.05B,11.49%,$0.05B,$0.68B,7.54%,$0.05B,$0.68B,7.54%,$0.05B,$1.57B,3.18%,$0.09B,$1.10B,8.19%,$91,$24,$67,$0,$15,$70,$21,$-10,$11,$4,$7,$7,$16,$64,$21,$24,24,$0.67,$0.66,$4,$0,$75,$160,$1329,$0,$0,$74,$1406,$1566,$165,$415,$106,$719,$884,$0,$462,$0,$681,$1566,$16,$42,$-9,$34,$0,$0,$0,$-5,$-5,$44,$78,$0,$-10,$0,$0,$0,$0,$68,$-118,$0,$-118,$-0,$-0,$0,$0,$-118,$-7,$2,$0
27,2011-12-31,35.11,$28.10,1.25,$16.73,2.1,$-16.29,0.0,$0.56,62.7,$0.17B,$0.20B,0.89,$0.53B,$0.66B,0.8,$0.40B,$0.26B,66.41%,$0.40B,$0.04B,10.35%,$0.40B,$0.04B,10.35%,$0.40B,$0.18B,46.21%,$0.40B,$0.00B,0.51%,$0.40B,$0.01B,3.54%,$0.01B,$0.66B,2.16%,$0.01B,$0.66B,2.16%,$0.01B,$1.70B,0.91%,$0.04B,$1.20B,3.89%,$99,$34,$65,$0,$14,$111,$-11,$-9,$-21,$-8,$-13,$-13,$-8,$26,$-11,$24,24,$-0.35,$-0.35,$19,$0,$61,$173,$1302,$0,$0,$220,$1525,$1698,$195,$532,$99,$839,$1034,$0,$446,$0,$664,$1698,$13,$143,$11,$154,$-3,$0,$0,$-10,$-1,$167,$-311,$0,$-146,$0,$0,$0,$1,$-456,$233,$0,$233,$-3,$-3,$0,$13,$243,$-46,$9,$0
28,2011-09-30,19.39,$28.43,0.68,$15.25,1.27,$-9.54,0.0,$0.05,387.8,$0.20B,$0.17B,1.15,$0.48B,$0.67B,0.72,$0.35B,$0.22B,62.96%,$0.35B,$0.03B,8.83%,$0.35B,$0.03B,8.83%,$0.35B,$0.17B,47.29%,$0.35B,$-0.01B,-2.28%,$0.35B,$0.00B,1.14%,$0.00B,$0.67B,0.62%,$0.00B,$0.67B,0.62%,$0.00B,$1.59B,0.28%,$0.03B,$1.15B,3.13%,$138,$31,$107,$0,$14,$78,$60,$-9,$50,$19,$31,$31,$33,$97,$60,$24,24,$1.38,$1.37,$43,$0,$57,$196,$1304,$0,$0,$88,$1396,$1591,$170,$480,$78,$750,$920,$0,$455,$0,$671,$1591,$22,$106,$-15,$91,$0,$0,$0,$-7,$-7,$105,$-231,$0,$-70,$0,$0,$0,$-19,$-320,$182,$0,$182,$0,$0,$0,$11,$193,$-22,$7,$0
29,2011-06-30,29.91,$27.06,1.11,$13.93,2.15,$-2.54,0.0,$-1.15,0.0,$0.13B,$0.22B,0.57,$0.31B,$0.64B,0.49,$0.30B,$0.17B,55.33%,$0.30B,$-0.02B,-6.33%,$0.30B,$-0.02B,-6.33%,$0.30B,$0.11B,36.67%,$0.30B,$-0.06B,-18.67%,$0.30B,$-0.03B,-8.67%,$-0.03B,$0.64B,-4.29%,$-0.03B,$0.64B,-4.29%,$-0.03B,$1.44B,-1.90%,$-0.02B,$0.95B,-2.09%,$107,$35,$72,$0,$20,$87,$20,$-9,$11,$3,$8,$8,$9,$54,$20,$23,24,$0.39,$0.39,$7,$0,$39,$128,$1244,$0,$0,$67,$1316,$1444,$223,$314,$89,$583,$806,$0,$422,$0,$637,$1444,$-11,$68,$1,$70,$0,$0,$0,$13,$13,$72,$-141,$0,$0,$0,$0,$0,$2,$-140,$16,$0,$16,$0,$0,$0,$4,$21,$-48,$6,$0
30,2011-03-31,48.01,$26.61,1.8,$13.37,3.59,$1.34,35.74,$-1.69,0.0,$0.15B,$0.17B,0.88,$0.30B,$0.63B,0.48,$0.27B,$0.14B,52.79%,$0.27B,$-0.03B,-11.90%,$0.27B,$-0.03B,-11.90%,$0.27B,$0.09B,33.46%,$0.27B,$-0.07B,-25.28%,$0.27B,$-0.04B,-14.13%,$-0.04B,$0.63B,-6.60%,$-0.04B,$0.63B,-6.60%,$-0.04B,$1.39B,-2.93%,$-0.03B,$0.92B,-3.73%,$52,$33,$19,$0,$14,$80,$-28,$-9,$-38,$-14,$-23,$-23,$-20,$6,$-28,$23,23,$-0.85,$-0.85,$15,$0,$40,$153,$1153,$0,$0,$75,$1236,$1388,$173,$297,$113,$591,$764,$0,$413,$0,$625,$1388,$-20,$34,$12,$46,$0,$0,$0,$-10,$-10,$15,$-61,$0,$0,$0,$0,$0,$-0,$-61,$0,$0,$0,$0,$0,$0,$6,$6,$-40,$2,$0
31,2010-12-31,42.25,$27.38,1.54,$17.70,2.39,$4.27,9.9,$0.39,108.33,$0.18B,$0.16B,1.1,$0.30B,$0.64B,0.46,$0.34B,$0.21B,61.81%,$0.34B,$0.04B,11.66%,$0.34B,$0.04B,11.66%,$0.34B,$0.16B,45.77%,$0.34B,$0.01B,2.04%,$0.34B,$0.01B,1.75%,$0.01B,$0.64B,1.09%,$0.01B,$0.64B,1.09%,$0.01B,$1.39B,0.48%,$0.04B,$0.94B,4.86%,$54,$31,$23,$0,$11,$76,$-21,$-10,$-31,$-12,$-19,$-19,$-18,$9,$-21,$20,20,$-0.93,$-0.94,$57,$0,$43,$177,$1009,$0,$0,$195,$1212,$1389,$161,$296,$102,$586,$747,$0,$433,$0,$642,$1389,$6,$117,$10,$127,$2,$0,$0,$15,$19,$152,$-139,$0,$-158,$0,$0,$0,$-4,$-301,$35,$0,$35,$125,$125,$0,$12,$172,$22,$5,$0
32,2010-09-30,27.6,$27.03,1.02,$18.81,1.47,$3.72,7.42,$0.41,67.32,$0.13B,$0.14B,0.93,$0.30B,$0.52B,0.58,$0.36B,$0.23B,62.81%,$0.36B,$0.05B,12.95%,$0.36B,$0.05B,12.95%,$0.36B,$0.17B,47.11%,$0.36B,$0.01B,3.86%,$0.36B,$0.01B,2.20%,$0.01B,$0.52B,1.53%,$0.01B,$0.52B,1.53%,$0.01B,$1.25B,0.65%,$0.05B,$0.82B,5.93%,$87,$35,$52,$0,$10,$77,$10,$-8,$2,$-1,$3,$3,$3,$41,$10,$19,19,$0.17,$0.17,$16,$0,$53,$131,$1029,$0,$0,$78,$1120,$1251,$141,$302,$104,$589,$730,$0,$451,$0,$521,$1251,$24,$87,$-10,$76,$0,$0,$0,$16,$16,$117,$-84,$0,$-89,$0,$0,$0,$0,$-173,$22,$0,$22,$0,$0,$0,$16,$37,$-19,$4,$0
33,2010-06-30,25.62,$26.80,0.96,$16.84,1.52,$0.57,45.31,$-1.20,0.0,$0.12B,$0.13B,0.87,$0.24B,$0.52B,0.46,$0.32B,$0.21B,65.41%,$0.32B,$0.01B,1.89%,$0.32B,$0.01B,1.89%,$0.32B,$0.13B,41.51%,$0.32B,$-0.03B,-8.81%,$0.32B,$-0.02B,-5.97%,$-0.02B,$0.52B,-3.67%,$-0.02B,$0.52B,-3.67%,$-0.02B,$1.17B,-1.56%,$0.01B,$0.75B,0.75%,$76,$28,$48,$0,$10,$69,$7,$-8,$-1,$-0,$-0,$-0,$-3,$34,$7,$19,19,$-0.15,$-0.15,$22,$0,$40,$116,$939,$0,$0,$99,$1051,$1168,$133,$238,$96,$518,$652,$0,$448,$0,$516,$1168,$21,$56,$-3,$52,$0,$0,$0,$22,$22,$95,$-77,$0,$-3,$0,$0,$0,$0,$-81,$-43,$0,$-43,$0,$0,$0,$16,$-27,$-12,$0,$0
34,2010-03-31,23.17,$26.78,0.87,$15.00,1.54,$-3.34,0.0,$-3.28,0.0,$0.17B,$0.15B,1.15,$0.26B,$0.52B,0.5,$0.27B,$0.18B,65.93%,$0.27B,$-0.05B,-16.85%,$0.27B,$-0.05B,-16.85%,$0.27B,$0.09B,31.87%,$0.27B,$-0.08B,-29.67%,$0.27B,$-0.05B,-17.95%,$-0.05B,$0.52B,-9.65%,$-0.05B,$0.52B,-9.65%,$-0.05B,$1.23B,-3.91%,$-0.05B,$0.78B,-5.51%,$126,$37,$89,$0,$11,$82,$44,$-8,$37,$14,$23,$23,$24,$73,$44,$19,19,$1.23,$1.23,$29,$0,$48,$172,$964,$0,$0,$75,$1055,$1227,$150,$260,$116,$562,$711,$0,$450,$0,$516,$1227,$24,$28,$-5,$23,$0,$0,$0,$4,$4,$51,$-33,$0,$-3,$0,$0,$0,$0,$-36,$-21,$0,$-21,$0,$0,$0,$-0,$-21,$-5,$0,$0
35,2009-12-31,18.21,$28.00,0.65,$14.44,1.26,$-6.87,0.0,$-4.90,0.0,$0.18B,$0.14B,1.23,$0.28B,$0.54B,0.52,$0.24B,$0.16B,66.95%,$0.24B,$-0.09B,-38.98%,$0.24B,$-0.09B,-38.98%,$0.24B,$0.05B,19.92%,$0.24B,$-0.13B,-54.24%,$0.24B,$-0.08B,-33.47%,$-0.08B,$0.54B,-15.62%,$-0.08B,$0.54B,-15.62%,$-0.08B,$1.25B,-6.10%,$-0.09B,$0.82B,-10.52%,$74,$35,$39,$0,$17,$88,$-14,$-10,$-24,$-7,$-18,$-18,$-16,$23,$-14,$19,19,$-0.84,$-0.84,$32,$0,$42,$177,$974,$0,$0,$84,$1073,$1250,$144,$281,$109,$567,$712,$0,$427,$0,$539,$1250,$-81,$138,$114,$251,$13,$0,$0,$-17,$-26,$144,$-142,$0,$0,$0,$0,$0,$0,$-142,$-115,$0,$-115,$48,$48,$0,$46,$-21,$-19,$6,$0
36,2009-09-30,18.66,$26.03,0.72,$21.55,0.87,$-19.31,0.0,$-1.28,0.0,$0.15B,$0.13B,1.17,$0.35B,$0.50B,0.7,$0.33B,$0.19B,56.92%,$0.33B,$-0.01B,-3.38%,$0.33B,$-0.01B,-3.38%,$0.33B,$0.13B,38.77%,$0.33B,$-0.05B,-14.15%,$0.33B,$-0.02B,-6.77%,$-0.02B,$0.50B,-4.41%,$-0.02B,$0.50B,-4.41%,$-0.02B,$1.22B,-1.65%,$-0.01B,$0.85B,-1.23%,$42,$10,$32,$0,$24,$73,$-31,$-9,$-40,$-15,$-25,$-25,$-24,$2,$-31,$17,17,$-1.44,$-1.44,$25,$1,$69,$151,$1018,$0,$0,$41,$1073,$1224,$129,$352,$88,$594,$724,$0,$443,$0,$500,$1224,$-64,$101,$68,$169,$0,$0,$0,$-5,$-5,$100,$-124,$0,$0,$0,$0,$0,$0,$-124,$-44,$0,$-44,$48,$48,$0,$-9,$-4,$-29,$0,$0
37,2009-06-30,15.69,$32.00,0.49,$41.00,0.38,$-25.65,0.0,$8.71,1.8,$0.22B,$0.18B,1.21,$0.42B,$0.48B,0.88,$0.61B,$0.42B,69.62%,$0.61B,$0.22B,36.45%,$0.61B,$0.22B,36.45%,$0.61B,$0.35B,58.13%,$0.61B,$0.19B,30.87%,$0.61B,$0.13B,21.18%,$0.13B,$0.48B,26.26%,$0.13B,$0.48B,26.26%,$0.13B,$1.31B,9.57%,$0.22B,$0.90B,25.20%,$31,$11,$20,$0,$28,$76,$-45,$-9,$-54,$-21,$-33,$-33,$-33,$-11,$-45,$15,15,$-2.24,$-2.24,$38,$1,$98,$216,$1031,$0,$0,$48,$1092,$1308,$179,$419,$81,$653,$832,$0,$467,$0,$476,$1308,$-39,$68,$41,$109,$0,$0,$0,$-10,$-10,$61,$-104,$0,$0,$0,$0,$0,$0,$-104,$24,$0,$24,$-0,$-0,$0,$-9,$14,$-29,$0,$0
38,2009-03-31,11.81,$34.15,0.35,$40.67,0.29,$-26.71,0.0,$8.18,1.44,$0.29B,$0.22B,1.31,$0.42B,$0.51B,0.83,$0.60B,$0.40B,66.23%,$0.60B,$0.21B,34.27%,$0.60B,$0.21B,34.27%,$0.60B,$0.33B,54.14%,$0.60B,$0.18B,29.14%,$0.60B,$0.12B,20.03%,$0.12B,$0.51B,26.46%,$0.12B,$0.51B,26.46%,$0.12B,$1.40B,9.09%,$0.21B,$0.93B,25.69%,$89,$22,$67,$0,$28,$90,$-2,$-8,$-10,$-4,$-6,$-6,$-6,$33,$-2,$15,15,$-0.38,$-0.38,$60,$1,$139,$286,$1046,$0,$0,$67,$1113,$1400,$219,$423,$95,$673,$892,$0,$500,$0,$508,$1400,$-6,$34,$8,$42,$0,$0,$0,$-1,$-1,$36,$-74,$0,$0,$0,$0,$0,$0,$-74,$28,$0,$28,$-0,$-0,$0,$-0,$28,$-10,$0,$0
39,2008-12-31,24.07,$34.46,0.7,$38.62,0.62,$-25.20,0.0,$7.62,3.16,$0.29B,$0.26B,1.12,$0.40B,$0.51B,0.77,$0.57B,$0.37B,64.40%,$0.57B,$0.19B,33.51%,$0.57B,$0.19B,33.51%,$0.57B,$0.30B,52.01%,$0.57B,$0.16B,28.62%,$0.57B,$0.11B,19.72%,$0.11B,$0.51B,26.57%,$0.11B,$0.51B,26.57%,$0.11B,$1.40B,9.04%,$0.19B,$0.91B,26.71%,$163,$97,$66,$0,$11,$96,$67,$-9,$58,$22,$36,$36,$41,$102,$67,$15,15,$2.81,$2.79,$70,$0,$117,$292,$1033,$0,$0,$76,$1110,$1403,$261,$395,$72,$629,$890,$0,$506,$0,$512,$1403,$113,$107,$-21,$87,$-17,$0,$10,$-58,$-61,$139,$-323,$0,$0,$0,$0,$0,$-1,$-323,$160,$0,$160,$-5,$-5,$0,$-5,$150,$-34,$7,$0
40,2008-09-30,44.37,$31.47,1.41,$33.16,1.34,$-22.55,0.0,$5.39,8.23,$0.24B,$0.23B,1.02,$0.32B,$0.47B,0.69,$0.49B,$0.35B,71.95%,$0.49B,$0.13B,26.63%,$0.49B,$0.13B,26.63%,$0.49B,$0.22B,45.12%,$0.49B,$0.11B,21.95%,$0.49B,$0.08B,16.26%,$0.08B,$0.47B,20.19%,$0.08B,$0.47B,20.19%,$0.08B,$1.28B,6.88%,$0.13B,$0.79B,20.16%,$326,$54,$271,$0,$31,$124,$202,$-8,$194,$68,$126,$126,$127,$230,$202,$15,15,$8.59,$8.55,$47,$0,$102,$237,$988,$0,$0,$55,$1042,$1279,$232,$322,$72,$578,$810,$0,$465,$0,$469,$1279,$72,$72,$9,$80,$0,$0,$0,$-49,$-49,$104,$-219,$0,$0,$0,$0,$0,$0,$-219,$87,$0,$87,$-5,$-5,$0,$-4,$78,$-37,$0,$0
41,2008-06-30,66.49,$22.90,2.9,$16.36,4.06,$-27.68,0.0,$-2.86,0.0,$0.29B,$0.37B,0.79,$0.25B,$0.00B,0.0,$0.24B,$0.14B,57.44%,$0.24B,$-0.06B,-25.21%,$0.24B,$-0.06B,-25.21%,$0.24B,$0.02B,9.50%,$0.24B,$-0.08B,-32.23%,$0.24B,$-0.04B,-17.77%,$-0.04B,$0.34B,-11.44%,$-0.04B,$0.34B,-11.44%,$-0.04B,$1.24B,-4.00%,$-0.06B,$0.59B,-10.31%,$26,$30,$-4,$0,$31,$86,$-60,$-6,$-66,$-24,$-43,$-43,$-41,$-38,$-60,$15,15,$-2.76,$-2.76,$33,$0,$106,$290,$918,$0,$0,$36,$954,$1244,$369,$254,$114,$534,$904,$0,$0,$0,$340,$1244,$-55,$43,$108,$151,$0,$0,$0,$-28,$-28,$68,$-127,$0,$0,$0,$0,$0,$0,$-127,$16,$0,$16,$-4,$-4,$0,$-4,$7,$-51,$0,$0
42,2008-03-31,69.27,$25.56,2.71,$19.70,3.52,$-33.73,0.0,$1.11,62.41,$0.17B,$0.28B,0.61,$0.20B,$0.00B,0.0,$0.29B,$0.19B,65.07%,$0.29B,$0.03B,9.93%,$0.29B,$0.03B,9.93%,$0.29B,$0.11B,36.99%,$0.29B,$0.02B,5.82%,$0.29B,$0.02B,5.48%,$0.02B,$0.38B,4.15%,$0.02B,$0.38B,4.15%,$0.02B,$1.08B,1.64%,$0.03B,$0.58B,5.09%,$58,$22,$36,$0,$28,$76,$-17,$-5,$-22,$-8,$-14,$-14,$-14,$4,$-17,$15,15,$-0.95,$-0.95,$26,$0,$49,$170,$870,$0,$0,$35,$905,$1075,$277,$203,$73,$419,$696,$0,$0,$0,$380,$1075,$-14,$21,$31,$52,$0,$0,$0,$10,$10,$49,$-64,$0,$0,$0,$0,$0,$0,$-64,$-39,$0,$-39,$-4,$-4,$0,$0,$-43,$-59,$0,$0
43,2007-12-31,59.13,$26.54,2.23,$19.65,3.01,$-35.78,0.0,$2.23,26.52,$0.19B,$0.24B,0.79,$0.24B,$0.40B,0.59,$0.29B,$0.19B,65.07%,$0.29B,$0.05B,17.12%,$0.29B,$0.05B,17.12%,$0.29B,$0.12B,41.44%,$0.29B,$0.04B,14.73%,$0.29B,$0.03B,11.30%,$0.03B,$0.40B,8.64%,$0.03B,$0.40B,8.64%,$0.03B,$1.05B,3.67%,$0.05B,$0.63B,9.44%,$82,$30,$51,$0,$24,$76,$6,$-4,$2,$1,$1,$1,$8,$26,$6,$15,15,$0.56,$0.56,$100,$0,$5,$192,$846,$0,$0,$13,$859,$1050,$242,$235,$41,$413,$655,$0,$393,$0,$396,$1050,$33,$72,$-10,$62,$-19,$0,$-3,$-3,$-35,$60,$-204,$0,$-256,$1,$0,$1,$191,$-267,$98,$0,$98,$-0,$-0,$0,$0,$98,$-110,$2,$0
44,2007-09-30,44.35,$25.96,1.71,$18.48,2.4,$-8.67,0.0,$2.22,19.98,$0.14B,$0.20B,0.71,$0.17B,$0.39B,0.45,$0.28B,$0.18B,63.67%,$0.28B,$0.06B,19.78%,$0.28B,$0.06B,19.78%,$0.28B,$0.12B,42.45%,$0.28B,$0.06B,19.78%,$0.28B,$0.03B,11.87%,$0.03B,$0.39B,8.85%,$0.03B,$0.39B,8.89%,$0.03B,$0.93B,3.84%,$0.06B,$0.56B,11.20%,$76,$20,$56,$0,$21,$66,$10,$-2,$8,$3,$4,$4,$4,$31,$10,$15,15,$0.30,$0.30,$43,$6,$37,$142,$783,$0,$0,$10,$792,$934,$199,$172,$39,$348,$547,$0,$385,$0,$387,$934,$25,$52,$-9,$43,$0,$0,$0,$-101,$-101,$-33,$-159,$0,$-202,$0,$0,$0,$192,$-168,$35,$0,$35,$-0,$-0,$0,$1,$36,$-166,$2,$0
45,2007-06-30,47.48,$25.61,1.85,$17.82,2.67,$17.43,2.72,$15.30,3.1,$0.13B,$0.17B,0.78,$0.12B,$0.38B,0.33,$0.27B,$0.16B,59.34%,$0.27B,$0.39B,141.39%,$0.27B,$0.39B,141.39%,$0.27B,$0.44B,159.71%,$0.27B,$0.39B,143.22%,$0.27B,$0.24B,87.91%,$0.24B,$0.38B,65.26%,$0.24B,$0.38B,65.57%,$0.24B,$0.84B,29.32%,$0.39B,$0.51B,83.14%,$76,$29,$47,$0,$19,$46,$30,$-1,$29,$11,$18,$18,$18,$47,$30,$15,15,$1.22,$1.21,$36,$6,$28,$132,$699,$0,$0,$6,$705,$837,$169,$124,$35,$287,$455,$0,$380,$0,$381,$837,$21,$31,$-16,$15,$0,$0,$0,$-112,$-112,$-76,$-73,$0,$-202,$0,$0,$0,$192,$-83,$-13,$0,$-13,$-0,$-0,$0,$0,$-13,$-173,$0,$0
46,2007-03-31,53.57,$24.38,2.2,$16.72,3.2,$23.09,2.32,$14.56,3.68,$0.13B,$0.20B,0.65,$0.06B,$0.36B,0.17,$0.26B,$0.15B,57.63%,$0.26B,$0.37B,140.46%,$0.26B,$0.37B,140.46%,$0.26B,$0.41B,155.73%,$0.26B,$0.37B,142.37%,$0.26B,$0.23B,87.40%,$0.23B,$0.36B,71.12%,$0.23B,$0.36B,71.51%,$0.23B,$0.78B,31.95%,$0.37B,$0.42B,90.92%,$58,$22,$36,$0,$17,$54,$4,$0,$4,$1,$3,$3,$3,$17,$4,$15,15,$0.17,$0.17,$62,$4,$15,$128,$648,$0,$0,$3,$651,$780,$198,$60,$40,$218,$417,$0,$362,$0,$363,$780,$3,$13,$4,$17,$0,$0,$0,$-52,$-52,$-33,$-13,$0,$-201,$0,$0,$0,$192,$-23,$-77,$0,$-77,$0,$0,$0,$0,$-77,$-133,$0,$0
47,2006-12-31,43.05,$24.28,1.77,$17.93,2.4,$24.96,1.73,$15.12,2.85,$0.27B,$0.24B,1.12,$0.12B,$0.36B,0.33,$0.29B,$0.16B,54.36%,$0.29B,$0.38B,133.10%,$0.29B,$0.38B,133.10%,$0.29B,$0.42B,144.95%,$0.29B,$0.39B,134.84%,$0.29B,$0.24B,82.93%,$0.24B,$0.36B,85.38%,$0.24B,$0.35B,85.92%,$0.24B,$0.88B,37.91%,$0.38B,$0.48B,106.85%,$68,$30,$38,$0,$13,$57,$11,$3,$14,$6,$8,$8,$8,$23,$11,$16,16,$0.62,$0.61,$195,$3,$21,$271,$394,$0,$7,$212,$613,$884,$242,$117,$31,$282,$524,$0,$360,$0,$360,$884,$238,$34,$-242,$-208,$-10,$2,$6,$7,$38,$67,$207,$0,$-19,$2,$-7,$-5,$-192,$-10,$93,$20,$113,$-66,$-66,$0,$-0,$46,$104,$2,$0
