,Date,Stock Price,Book Value per Share,Price to Book Ratio,TTM Sales per Share,Price to Sales Ratio,TTM FCF per Share,Price to FCF Ratio,TTM Net EPS,PE Ratio,Current Assets,Current Liabilities,Current Ratio,Long Term Debt,Shareholder's Equity_x,Debt to Equity Ratio,TTM Revenue_x,TTM Gross Profit,Gross Margin,TTM Revenue_y,TTM Operating Income,Operating Margin,TTM Revenue_x,TTM EBIT,EBIT Margin,TTM Revenue_y,TTM EBITDA,EBITDA Margin,TTM Revenue_x,TTM Pre-Tax Income,Pre-Tax Margin,TTM Revenue_y,TTM Net Income_x,Net Margin,TTM Net Income_y,Shareholder's Equity_y,Return on Equity,TTM Net Income_x,Tangible Equity,Return on Tangible Equity,TTM Net Income_y,Total Assets,Return on Assets,TTM Net Income,LT Investments & Debt,Return on Investment,revenue,cost-goods-sold,gross-profit,research-development-expenses,selling-general-administrative-expenses,operating-expenses,operating-income,total-non-operating-income-expense,pre-tax-income,total-provision-income-taxes,income-after-taxes,income-from-continuous-operations,net-income,ebitda,ebit,basic-shares-outstanding,shares-outstanding,eps-basic-net-earnings-per-share,eps-earnings-per-share-diluted,cash-on-hand,inventory,other-current-assets,total-current-assets,net-property-plant-equipment,long-term-investments,goodwill-intangible-assets-total,other-long-term-assets,total-long-term-assets,total-assets,total-current-liabilities,long-term-debt,other-non-current-liabilities,total-long-term-liabilities,total-liabilities,common-stock-net,retained-earnings-accumulated-deficit,comprehensive-income,total-share-holder-equity,total-liabilities-share-holders-equity,net-income-loss,total-depreciation-amortization-cash-flow,other-non-cash-items,total-non-cash-items,change-in-accounts-receivable,change-in-inventories,change-in-accounts-payable,change-in-assets-liabilities,total-change-in-assets-liabilities,cash-flow-from-operating-activities,net-change-in-property-plant-equipment,net-change-in-intangible-assets,net-acquisitions-divestitures,net-change-in-short-term-investments,net-change-in-long-term-investments,net-change-in-investments-total,investing-activities-other,cash-flow-from-investing-activities,net-long-term-debt,net-current-debt,debt-issuance-retirement-net-total,net-common-equity-issued-repurchased,net-total-equity-issued-repurchased,total-common-preferred-stock-dividends-paid,financial-activities-other,cash-flow-from-financial-activities,net-cash-flow,stock-based-compensation,common-stock-dividends-paid
0,2018-07-31,24.52,$15.26,1.61,$59.18,0.41,$4.34,5.64,$1.79,13.7,$1.64B,$0.92B,1.79,$0.74B,$1.45B,0.51,$5.50B,$1.19B,21.55%,$5.50B,$0.17B,3.06%,$5.50B,$0.17B,3.06%,$5.50B,$0.25B,4.55%,$5.50B,$0.13B,2.29%,$5.50B,$0.17B,3.02%,$0.17B,$1.45B,11.57%,$0.17B,$0.25B,73.53%,$0.17B,$3.29B,4.76%,$0.17B,$2.19B,7.20%,$1336,$1053,$284,$0,$0,$1332,$5,$-10,$-5,$-1,$-5,$-5,$-4,$25,$5,$93,93,$-0.05,$-0.05,$91,$846,$0,$1642,$290,$0,$1193,$73,$1646,$3288,$917,$744,$180,$923,$1841,$1,$1469,$-84,$1447,$3288,$-5,$21,$9,$30,$0,$0,$0,$180,$180,$205,$-10,$0,$0,$0,$0,$0,$18,$8,$-177,$16,$-161,$0,$0,$-25,$2,$-184,$28,$6,$-25
1,2018-04-30,23.02,$15.43,1.49,$58.61,0.39,$1.67,13.75,$2.17,10.61,$1.77B,$0.91B,1.95,$0.92B,$1.46B,0.63,$5.47B,$1.20B,21.95%,$5.47B,$0.22B,4.02%,$5.47B,$0.22B,4.02%,$5.47B,$0.30B,5.54%,$5.47B,$0.18B,3.26%,$5.47B,$0.20B,3.68%,$0.20B,$1.46B,14.16%,$0.20B,$0.26B,100.12%,$0.20B,$3.47B,5.67%,$0.22B,$2.38B,9.24%,$1401,$1111,$290,$0,$0,$1359,$41,$-11,$30,$9,$21,$21,$21,$62,$41,$92,93,$0.23,$0.22,$63,$780,$0,$1773,$291,$0,$1205,$68,$1699,$3472,$908,$922,$179,$1101,$2010,$1,$1498,$-75,$1462,$3472,$201,$84,$2,$86,$60,$-60,$-12,$-71,$-108,$179,$-43,$0,$0,$0,$0,$0,$60,$17,$-15,$-43,$-58,$-88,$-88,$-99,$14,$-230,$-32,$37,$-99
2,2018-01-31,35.09,$15.46,2.27,$58.69,0.6,$1.43,24.58,$2.59,13.55,$1.98B,$1.10B,1.8,$0.93B,$1.46B,0.64,$5.51B,$1.25B,22.60%,$5.51B,$0.28B,4.99%,$5.51B,$0.28B,4.99%,$5.51B,$0.36B,6.50%,$5.51B,$0.23B,4.25%,$5.51B,$0.24B,4.39%,$0.24B,$1.46B,17.26%,$0.24B,$0.25B,137.89%,$0.24B,$3.67B,6.81%,$0.28B,$2.39B,11.54%,$1375,$1080,$295,$0,$0,$1325,$50,$-10,$40,$-69,$109,$109,$109,$71,$50,$92,93,$1.18,$1.18,$118,$882,$0,$1980,$287,$0,$1216,$69,$1695,$3674,$1100,$931,$180,$1111,$2211,$1,$1501,$-67,$1463,$3674,$180,$63,$-11,$52,$0,$0,$0,$-192,$-192,$40,$-28,$0,$0,$0,$0,$0,$48,$19,$-7,$120,$113,$-88,$-88,$-75,$8,$-42,$23,$23,$-75
3,2017-10-31,35.92,$14.42,2.49,$58.49,0.61,$0.77,46.36,$1.67,21.51,$1.84B,$0.95B,1.94,$0.99B,$1.37B,0.73,$5.53B,$1.28B,23.14%,$5.53B,$0.27B,4.92%,$5.53B,$0.27B,4.92%,$5.53B,$0.39B,7.07%,$5.53B,$0.23B,4.16%,$5.53B,$0.16B,2.86%,$0.16B,$1.37B,11.42%,$0.16B,$0.15B,106.40%,$0.16B,$3.53B,4.47%,$0.27B,$2.36B,11.43%,$1386,$1070,$316,$0,$0,$1314,$72,$-10,$61,$21,$40,$40,$40,$92,$72,$93,93,$0.43,$0.43,$101,$796,$0,$1844,$287,$0,$1221,$66,$1685,$3528,$951,$991,$220,$1211,$2162,$1,$1430,$-84,$1367,$3528,$71,$42,$20,$62,$0,$0,$0,$-56,$-56,$77,$-16,$0,$0,$0,$0,$0,$36,$20,$-7,$33,$26,$-71,$-71,$-50,$4,$-92,$6,$17,$-50
4,2017-07-31,40.22,$14.47,2.78,$58.43,0.69,$-0.76,0.0,$1.72,23.38,$1.82B,$0.90B,2.01,$1.00B,$1.39B,0.72,$5.56B,$1.28B,23.06%,$5.56B,$0.28B,5.03%,$5.56B,$0.28B,5.03%,$5.56B,$0.40B,7.19%,$5.56B,$0.24B,4.31%,$5.56B,$0.16B,2.95%,$0.16B,$1.39B,11.78%,$0.16B,$0.15B,116.73%,$0.16B,$3.50B,4.62%,$0.28B,$2.38B,11.69%,$1304,$1005,$299,$0,$0,$1247,$57,$-10,$47,$16,$31,$31,$31,$78,$57,$93,94,$0.33,$0.33,$100,$777,$0,$1816,$295,$0,$1231,$65,$1679,$3495,$902,$998,$210,$1209,$2111,$1,$1450,$-80,$1385,$3495,$31,$21,$10,$31,$0,$0,$0,$-108,$-108,$-46,$-7,$0,$0,$0,$0,$0,$12,$6,$0,$104,$104,$-38,$-38,$-25,$2,$43,$5,$9,$-25
5,2017-04-30,42.63,$14.45,2.95,$58.43,0.73,$-1.11,0.0,$1.79,23.82,$1.80B,$0.90B,2.0,$1.00B,$1.39B,0.72,$5.59B,$1.30B,23.27%,$5.59B,$0.29B,5.15%,$5.59B,$0.29B,5.15%,$5.59B,$0.41B,7.30%,$5.59B,$0.25B,4.49%,$5.59B,$0.17B,3.08%,$0.17B,$1.39B,12.28%,$0.17B,$0.16B,133.08%,$0.17B,$3.51B,4.85%,$0.29B,$2.39B,11.96%,$1445,$1110,$335,$0,$0,$1349,$96,$-10,$86,$24,$61,$61,$62,$117,$96,$95,96,$0.65,$0.65,$95,$712,$0,$1804,$298,$0,$1239,$65,$1704,$3508,$904,$998,$20,$1210,$2113,$1,$1481,$-93,$1394,$3508,$171,$120,$7,$127,$-103,$-1,$60,$-82,$-135,$163,$-47,$0,$0,$0,$0,$0,$48,$1,$-26,$39,$13,$-125,$-125,$-96,$6,$-202,$-42,$19,$-96
6,2017-01-31,39.64,$14.27,2.78,$58.16,0.68,$-1.54,0.0,$1.82,21.78,$1.87B,$0.99B,1.89,$1.00B,$1.39B,0.72,$5.60B,$1.33B,23.75%,$5.60B,$0.30B,5.32%,$5.60B,$0.30B,5.32%,$5.60B,$0.42B,7.52%,$5.60B,$0.26B,4.70%,$5.60B,$0.18B,3.14%,$0.18B,$1.39B,12.46%,$0.18B,$0.14B,147.28%,$0.18B,$3.59B,4.96%,$0.30B,$2.39B,12.29%,$1397,$1068,$330,$0,$0,$1351,$47,$-10,$36,$8,$28,$28,$25,$104,$47,$95,95,$0.26,$0.26,$122,$827,$0,$1871,$300,$0,$1247,$67,$1723,$3594,$988,$1002,$218,$1220,$2208,$1,$1483,$-95,$1386,$3594,$109,$99,$11,$110,$0,$0,$0,$-232,$-232,$-13,$-37,$0,$0,$0,$0,$0,$36,$-2,$-23,$178,$155,$-85,$-85,$-71,$4,$4,$-16,$17,$-71
7,2016-10-31,40.45,$14.36,2.82,$58.11,0.7,$-2.50,0.0,$2.15,18.81,$1.83B,$0.95B,1.94,$1.01B,$1.41B,0.72,$5.61B,$1.34B,23.91%,$5.61B,$0.35B,6.19%,$5.61B,$0.35B,6.19%,$5.61B,$0.43B,7.73%,$5.61B,$0.31B,5.58%,$5.61B,$0.21B,3.69%,$0.21B,$1.41B,14.71%,$0.21B,$0.11B,227.47%,$0.21B,$3.59B,5.84%,$0.35B,$2.42B,14.30%,$1418,$1099,$319,$0,$0,$1338,$80,$-8,$71,$26,$46,$46,$46,$101,$80,$95,96,$0.48,$0.48,$110,$795,$0,$1833,$303,$0,$1292,$65,$1758,$3590,$947,$1010,$227,$1238,$2184,$1,$1518,$-101,$1406,$3590,$85,$42,$15,$57,$0,$0,$0,$-197,$-197,$-55,$-29,$0,$0,$0,$0,$0,$23,$-6,$-8,$143,$135,$-50,$-50,$-48,$1,$38,$-27,$15,$-48
8,2016-07-31,46.5,$14.31,3.25,$57.32,0.81,$-2.56,0.0,$2.03,22.91,$1.69B,$0.84B,2.02,$1.02B,$1.42B,0.72,$5.58B,$1.35B,24.25%,$5.58B,$0.35B,6.28%,$5.58B,$0.35B,6.28%,$5.58B,$0.44B,7.96%,$5.58B,$0.31B,5.54%,$5.58B,$0.20B,3.52%,$0.20B,$1.42B,14.04%,$0.20B,$0.11B,302.70%,$0.20B,$3.50B,5.59%,$0.35B,$2.43B,14.45%,$1332,$1015,$317,$0,$0,$1267,$65,$-8,$58,$19,$39,$39,$39,$86,$65,$95,96,$0.41,$0.40,$90,$799,$0,$1691,$298,$0,$1309,$65,$1808,$3499,$837,$1016,$228,$1244,$2081,$1,$1520,$-88,$1418,$3499,$39,$20,$9,$29,$0,$0,$0,$-141,$-141,$-73,$-15,$0,$0,$0,$0,$0,$9,$-6,$-4,$88,$84,$-25,$-25,$-24,$-1,$34,$-47,$9,$-24
9,2016-04-30,40.64,$14.55,2.79,$54.87,0.74,$-1.77,0.0,$1.93,21.06,$1.75B,$0.83B,2.11,$1.02B,$1.44B,0.71,$5.39B,$1.32B,24.56%,$5.39B,$0.35B,6.44%,$5.39B,$0.35B,6.44%,$5.39B,$0.44B,8.07%,$5.39B,$0.30B,5.61%,$5.39B,$0.19B,3.47%,$0.19B,$1.44B,13.16%,$0.19B,$0.12B,253.56%,$0.19B,$3.52B,5.06%,$0.35B,$2.46B,13.23%,$1454,$1090,$364,$0,$0,$1347,$106,$-9,$98,$32,$66,$66,$66,$130,$106,$97,98,$0.68,$0.66,$137,$722,$0,$1748,$293,$0,$1326,$66,$1773,$3521,$829,$1022,$21,$1250,$2079,$1,$1529,$-68,$1442,$3521,$187,$88,$-19,$69,$-57,$-118,$120,$-39,$-99,$156,$-79,$0,$-1107,$0,$49,$49,$737,$-401,$318,$20,$338,$-200,$-200,$-91,$-4,$43,$-210,$29,$-91
10,2016-01-31,39.59,$13.75,2.88,$50.40,0.79,$-0.53,0.0,$1.90,20.84,$1.71B,$0.92B,1.87,$1.03B,$1.36B,0.76,$4.97B,$1.25B,25.10%,$4.97B,$0.33B,6.64%,$4.97B,$0.33B,6.64%,$4.97B,$0.41B,8.19%,$4.97B,$0.29B,5.76%,$4.97B,$0.19B,3.74%,$0.19B,$1.36B,12.93%,$0.19B,$0.03B,58.68%,$0.19B,$3.56B,5.24%,$0.33B,$2.39B,12.86%,$1401,$1061,$340,$0,$0,$1305,$96,$-10,$86,$29,$57,$57,$56,$116,$96,$95,96,$0.59,$0.59,$98,$814,$0,$1711,$278,$0,$1338,$83,$1845,$3556,$916,$1030,$247,$1278,$2193,$1,$1487,$-82,$1363,$3556,$122,$64,$-15,$49,$0,$0,$0,$-257,$-257,$-87,$-56,$0,$-1107,$49,$0,$49,$715,$-399,$322,$198,$520,$-200,$-200,$-67,$-6,$247,$-250,$21,$-67
11,2015-10-31,43.98,$13.71,3.21,$45.43,0.97,$2.12,20.77,$1.86,23.65,$1.67B,$0.80B,2.09,$1.04B,$1.36B,0.76,$4.53B,$1.17B,25.83%,$4.53B,$0.31B,6.87%,$4.53B,$0.31B,6.87%,$4.53B,$0.38B,8.37%,$4.53B,$0.27B,5.94%,$4.53B,$0.19B,4.09%,$0.19B,$1.36B,12.66%,$0.19B,$0.01B,44.66%,$0.19B,$3.45B,5.48%,$0.31B,$2.40B,12.37%,$1389,$1058,$331,$0,$0,$1306,$83,$-16,$67,$25,$43,$43,$35,$112,$83,$99,99,$0.36,$0.36,$95,$753,$0,$1666,$272,$0,$1355,$83,$1786,$3452,$798,$1035,$255,$1290,$2089,$1,$1476,$-64,$1363,$3452,$65,$44,$-24,$20,$0,$0,$0,$-138,$-138,$-53,$-41,$0,$-1105,$0,$49,$49,$715,$-382,$326,$80,$406,$-161,$-161,$-45,$-9,$191,$-252,$14,$-45
12,2015-07-31,46.32,$14.66,3.16,$41.27,1.12,$3.76,12.32,$2.04,22.7,$1.80B,$0.69B,2.6,$1.73B,$1.51B,1.14,$4.12B,$1.10B,26.66%,$4.12B,$0.30B,7.29%,$4.12B,$0.30B,7.29%,$4.12B,$0.35B,8.51%,$4.12B,$0.27B,6.46%,$4.12B,$0.20B,4.96%,$0.20B,$1.51B,13.72%,$0.20B,$0.15B,39.55%,$0.20B,$4.24B,6.32%,$0.30B,$3.24B,12.19%,$1143,$855,$288,$0,$0,$1081,$62,$-11,$51,$30,$20,$20,$30,$77,$62,$99,100,$0.30,$0.30,$236,$717,$130,$1802,$259,$0,$1369,$726,$2438,$4240,$694,$1725,$306,$2031,$2726,$1,$1638,$-71,$1514,$4240,$30,$15,$-0,$15,$0,$0,$0,$-39,$-39,$5,$-17,$0,$-1105,$0,$0,$0,$-0,$-1122,$1000,$0,$1000,$0,$0,$-23,$-12,$965,$-161,$7,$-23
13,2015-04-30,43.16,$14.66,2.94,$39.23,1.1,$4.40,9.8,$2.24,19.27,$1.57B,$0.58B,2.72,$0.72B,$1.51B,0.48,$3.91B,$1.06B,27.10%,$3.91B,$0.30B,7.77%,$3.91B,$0.30B,7.77%,$3.91B,$0.35B,8.92%,$3.91B,$0.27B,7.01%,$3.91B,$0.22B,5.73%,$0.22B,$1.51B,15.18%,$0.22B,$1.09B,38.59%,$0.22B,$2.95B,7.74%,$0.30B,$2.24B,13.82%,$1035,$747,$288,$0,$0,$946,$89,$-7,$82,$28,$53,$53,$65,$102,$89,$99,100,$0.66,$0.65,$401,$408,$118,$1573,$204,$0,$425,$671,$1372,$2945,$578,$723,$89,$853,$1431,$1,$1630,$-60,$1514,$2945,$223,$45,$40,$85,$-41,$-22,$10,$-36,$-45,$263,$-61,$0,$-11,$41,$-1,$40,$21,$-10,$0,$0,$0,$-40,$-40,$-82,$-29,$-151,$82,$23,$-82
14,2015-01-31,45.84,$14.09,3.25,$34.98,1.31,$3.97,11.55,$2.14,21.42,$1.50B,$0.57B,2.64,$0.73B,$1.46B,0.5,$3.50B,$0.91B,25.94%,$3.50B,$0.26B,7.31%,$3.50B,$0.26B,7.31%,$3.50B,$0.29B,8.37%,$3.50B,$0.23B,6.43%,$3.50B,$0.22B,6.14%,$0.22B,$1.46B,14.68%,$0.22B,$0.41B,52.54%,$0.22B,$2.87B,7.48%,$0.26B,$2.18B,11.69%,$959,$696,$262,$0,$0,$881,$77,$-8,$69,$23,$46,$46,$55,$88,$77,$99,100,$0.55,$0.55,$342,$515,$0,$1501,$225,$0,$1041,$37,$1370,$2872,$569,$725,$123,$848,$1417,$1,$1588,$-60,$1455,$2872,$159,$31,$26,$57,$0,$0,$0,$-58,$-58,$158,$-43,$0,$-9,$41,$-1,$40,$4,$-7,$0,$0,$0,$-48,$-48,$-60,$6,$-101,$25,$18,$-60
15,2014-10-31,39.29,$14.19,2.77,$35.96,1.09,$4.05,9.7,$2.15,18.27,$1.49B,$0.55B,2.72,$0.73B,$1.46B,0.5,$3.62B,$0.96B,26.41%,$3.62B,$0.28B,7.62%,$3.62B,$0.28B,7.62%,$3.62B,$0.32B,8.69%,$3.62B,$0.24B,6.73%,$3.62B,$0.22B,5.99%,$0.22B,$1.46B,14.81%,$0.22B,$0.42B,54.01%,$0.22B,$2.86B,7.48%,$0.28B,$2.19B,12.60%,$978,$719,$259,$0,$0,$906,$72,$-8,$64,$23,$42,$42,$54,$83,$72,$99,99,$0.54,$0.54,$343,$500,$0,$1490,$220,$0,$1049,$26,$1368,$2857,$547,$725,$122,$847,$1394,$1,$1553,$-7,$1464,$2857,$104,$21,$11,$32,$0,$0,$0,$-37,$-37,$98,$-29,$0,$0,$0,$40,$40,$5,$16,$0,$0,$0,$-48,$-48,$-40,$1,$-87,$20,$12,$-40
16,2014-07-31,35.38,$14.08,2.51,$35.92,0.99,$4.16,8.51,$2.02,17.52,$1.45B,$0.58B,2.48,$0.73B,$1.47B,0.49,$3.65B,$0.99B,27.08%,$3.65B,$0.28B,7.65%,$3.65B,$0.28B,7.65%,$3.65B,$0.32B,8.75%,$3.65B,$0.25B,6.80%,$3.65B,$0.21B,5.62%,$0.21B,$1.47B,14.05%,$0.21B,$0.40B,52.73%,$0.21B,$2.90B,7.02%,$0.28B,$2.19B,12.77%,$939,$688,$251,$0,$0,$873,$66,$-7,$59,$20,$38,$38,$50,$76,$66,$99,100,$0.51,$0.50,$302,$519,$0,$1445,$214,$0,$1064,$87,$1454,$2899,$583,$725,$123,$848,$1431,$1,$1520,$33,$1468,$2899,$50,$10,$-5,$4,$0,$0,$0,$14,$14,$69,$-16,$0,$0,$0,$-0,$-0,$5,$-11,$0,$0,$0,$-43,$-43,$-20,$-1,$-64,$-4,$6,$-20
17,2014-04-30,36.73,$14.16,2.59,$35.18,1.04,$3.79,9.7,$1.97,18.64,$1.42B,$0.54B,2.61,$0.73B,$1.47B,0.49,$3.59B,$1.02B,28.39%,$3.59B,$0.29B,8.20%,$3.59B,$0.29B,8.20%,$3.59B,$0.34B,9.34%,$3.59B,$0.26B,7.28%,$3.59B,$0.20B,5.61%,$0.20B,$1.47B,13.94%,$0.20B,$0.40B,52.45%,$0.20B,$2.87B,6.96%,$0.29B,$2.20B,13.57%,$624,$487,$136,$0,$0,$583,$41,$-7,$33,$7,$26,$26,$56,$46,$41,$101,102,$0.56,$0.55,$306,$436,$0,$1416,$205,$0,$1068,$86,$1449,$2865,$543,$725,$31,$850,$1393,$1,$1531,$25,$1472,$2865,$201,$42,$42,$85,$-50,$-42,$14,$-28,$-89,$196,$-34,$0,$-146,$0,$-100,$-100,$-4,$-284,$0,$0,$0,$-76,$-76,$-86,$2,$-160,$-240,$17,$-86
18,2014-01-31,35.89,$14.01,2.56,$38.34,0.94,$4.87,7.38,$2.04,17.59,$1.54B,$0.68B,2.27,$0.73B,$1.46B,0.5,$3.93B,$1.21B,30.71%,$3.93B,$0.36B,9.09%,$3.93B,$0.36B,9.09%,$3.93B,$0.41B,10.34%,$3.93B,$0.32B,8.25%,$3.93B,$0.21B,5.32%,$0.21B,$1.46B,14.70%,$0.21B,$0.38B,55.62%,$0.21B,$2.98B,7.35%,$0.36B,$2.18B,16.63%,$1083,$771,$311,$0,$0,$986,$97,$-9,$88,$31,$57,$57,$57,$110,$97,$101,102,$0.56,$0.56,$465,$451,$0,$1537,$205,$0,$1072,$85,$1439,$2976,$678,$725,$117,$842,$1520,$1,$1512,$38,$1456,$2976,$145,$37,$21,$58,$0,$0,$0,$-53,$-53,$150,$-24,$0,$-141,$0,$-99,$-99,$-4,$-268,$0,$135,$135,$-29,$-29,$-65,$-0,$41,$-81,$15,$-65
19,2013-10-31,38.04,$13.66,2.78,$36.63,1.04,$5.23,7.27,$2.00,19.02,$1.57B,$0.67B,2.35,$0.73B,$1.44B,0.5,$3.76B,$1.20B,31.78%,$3.76B,$0.35B,9.31%,$3.76B,$0.35B,9.31%,$3.76B,$0.40B,10.56%,$3.76B,$0.32B,8.46%,$3.76B,$0.21B,5.48%,$0.21B,$1.44B,14.76%,$0.21B,$0.36B,56.95%,$0.21B,$2.95B,7.47%,$0.35B,$2.17B,16.50%,$999,$709,$289,$0,$0,$924,$75,$-8,$68,$26,$42,$42,$42,$87,$75,$101,102,$0.42,$0.41,$516,$442,$0,$1567,$199,$0,$1079,$23,$1382,$2949,$667,$725,$116,$841,$1508,$1,$1497,$31,$1442,$2949,$88,$23,$19,$42,$0,$0,$0,$-37,$-37,$93,$-11,$0,$-141,$0,$0,$0,$-4,$-156,$0,$135,$135,$-14,$-14,$-48,$-0,$73,$11,$14,$-48
20,2013-07-31,36.44,$13.26,2.75,$35.14,1.04,$5.62,6.49,$2.03,17.95,$1.45B,$0.53B,2.74,$0.73B,$1.40B,0.52,$3.63B,$1.19B,32.72%,$3.63B,$0.35B,9.73%,$3.63B,$0.35B,9.73%,$3.63B,$0.40B,10.97%,$3.63B,$0.32B,8.79%,$3.63B,$0.21B,5.79%,$0.21B,$1.40B,15.28%,$0.21B,$0.38B,59.28%,$0.21B,$2.76B,7.85%,$0.35B,$2.12B,16.81%,$880,$599,$282,$0,$0,$799,$81,$-9,$72,$26,$46,$46,$46,$92,$81,$101,102,$0.45,$0.45,$603,$388,$0,$1447,$194,$0,$1014,$23,$1315,$2762,$528,$725,$113,$838,$1366,$1,$1473,$17,$1396,$2762,$46,$11,$4,$15,$0,$0,$0,$-40,$-40,$21,$-6,$0,$0,$0,$0,$0,$0,$-6,$0,$135,$135,$-22,$-22,$-30,$2,$85,$98,$4,$-30
21,2013-04-30,33.68,$13.21,2.55,$34.91,0.96,$6.00,5.61,$2.03,16.59,$1.36B,$0.45B,3.04,$0.73B,$1.39B,0.52,$3.64B,$1.19B,32.75%,$3.64B,$0.36B,9.76%,$3.64B,$0.36B,9.76%,$3.64B,$0.40B,11.00%,$3.64B,$0.32B,8.83%,$3.64B,$0.21B,5.83%,$0.21B,$1.39B,15.51%,$0.21B,$0.37B,61.36%,$0.21B,$2.68B,7.97%,$0.36B,$2.12B,16.97%,$965,$641,$324,$0,$0,$860,$104,$-8,$96,$33,$64,$64,$64,$117,$104,$103,104,$0.62,$0.62,$505,$361,$0,$1361,$192,$0,$1020,$23,$1320,$2682,$449,$725,$20,$839,$1287,$1,$1463,$25,$1394,$2682,$210,$46,$41,$87,$17,$-39,$41,$4,$2,$299,$-22,$0,$-15,$0,$0,$0,$7,$-30,$-125,$0,$-125,$-166,$-166,$-44,$4,$-331,$-69,$35,$-44
22,2013-01-31,31.93,$12.72,2.51,$34.06,0.94,$5.96,5.36,$1.99,16.04,$1.29B,$0.46B,2.82,$0.73B,$1.35B,0.54,$3.61B,$1.18B,32.73%,$3.61B,$0.35B,9.81%,$3.61B,$0.35B,9.81%,$3.61B,$0.40B,11.03%,$3.61B,$0.32B,8.84%,$3.61B,$0.21B,5.82%,$0.21B,$1.35B,15.42%,$0.21B,$0.33B,61.76%,$0.21B,$2.64B,7.85%,$0.35B,$2.08B,16.96%,$916,$616,$300,$0,$0,$826,$90,$-8,$82,$28,$54,$54,$54,$101,$90,$102,103,$0.53,$0.52,$472,$353,$0,$1288,$191,$0,$1022,$24,$1349,$2637,$457,$725,$105,$830,$1287,$1,$1437,$27,$1351,$2637,$147,$33,$28,$61,$0,$0,$0,$-28,$-28,$179,$-14,$0,$-15,$0,$0,$0,$0,$-29,$-75,$0,$-75,$-131,$-131,$-44,$-1,$-250,$-101,$28,$-44
23,2012-10-31,29.39,$12.49,2.35,$33.51,0.88,$6.26,4.7,$1.97,14.92,$1.28B,$0.43B,2.95,$0.73B,$1.36B,0.53,$3.59B,$1.17B,32.65%,$3.59B,$0.35B,9.87%,$3.59B,$0.35B,9.87%,$3.59B,$0.40B,11.10%,$3.59B,$0.32B,8.89%,$3.59B,$0.21B,5.83%,$0.21B,$1.36B,15.34%,$0.21B,$0.33B,61.29%,$0.21B,$2.62B,7.79%,$0.35B,$2.08B,16.71%,$867,$587,$281,$0,$0,$789,$78,$-8,$69,$24,$46,$46,$46,$88,$78,$104,104,$0.44,$0.44,$500,$331,$0,$1277,$192,$0,$1024,$24,$1343,$2620,$433,$725,$106,$831,$1263,$1,$1441,$30,$1357,$2620,$93,$22,$20,$42,$0,$0,$0,$-1,$-1,$133,$-9,$0,$-11,$0,$0,$0,$0,$-19,$-75,$0,$-75,$-80,$-80,$-29,$-0,$-184,$-73,$19,$-29
24,2012-07-31,29.89,$12.38,2.41,$32.77,0.91,$5.92,5.05,$1.96,15.25,$1.36B,$0.50B,2.72,$0.73B,$1.37B,0.53,$3.58B,$1.17B,32.74%,$3.58B,$0.36B,10.04%,$3.58B,$0.36B,10.04%,$3.58B,$0.40B,11.29%,$3.58B,$0.33B,9.14%,$3.58B,$0.21B,5.93%,$0.21B,$1.37B,15.43%,$0.21B,$0.35B,59.89%,$0.21B,$2.70B,8.07%,$0.36B,$2.09B,17.26%,$889,$604,$286,$0,$0,$807,$83,$-9,$74,$26,$48,$48,$48,$94,$83,$105,106,$0.45,$0.45,$581,$318,$0,$1362,$193,$0,$1019,$25,$1339,$2700,$501,$725,$108,$833,$1335,$1,$1458,$21,$1366,$2700,$48,$11,$10,$21,$0,$0,$0,$-9,$-9,$60,$-3,$0,$0,$0,$0,$0,$0,$-3,$0,$0,$0,$-30,$-30,$-15,$-0,$-45,$7,$9,$-15
25,2012-04-30,29.76,$12.51,2.38,$31.65,0.94,$5.87,5.07,$1.93,15.42,$1.40B,$0.53B,2.65,$0.73B,$1.38B,0.53,$3.54B,$1.16B,32.90%,$3.54B,$0.36B,10.13%,$3.54B,$0.36B,10.13%,$3.54B,$0.40B,11.34%,$3.54B,$0.33B,9.34%,$3.54B,$0.21B,6.03%,$0.21B,$1.38B,15.04%,$0.21B,$0.35B,53.79%,$0.21B,$2.74B,8.26%,$0.36B,$2.10B,17.28%,$936,$623,$314,$0,$0,$833,$103,$-9,$94,$32,$62,$62,$62,$115,$103,$110,111,$0.58,$0.57,$574,$320,$0,$1404,$195,$0,$1023,$26,$1336,$2739,$530,$725,$28,$835,$1364,$1,$1456,$32,$1375,$2739,$213,$42,$15,$57,$0,$17,$-7,$3,$52,$321,$-30,$0,$-23,$0,$0,$0,$0,$-52,$325,$0,$325,$-349,$-349,$-55,$0,$-78,$185,$13,$-55
26,2012-01-31,27.98,$12.17,2.3,$30.63,0.91,$5.14,5.45,$1.88,14.88,$1.34B,$0.36B,3.71,$0.85B,$1.35B,0.63,$3.48B,$1.15B,33.10%,$3.48B,$0.36B,10.31%,$3.48B,$0.36B,10.31%,$3.48B,$0.40B,11.51%,$3.48B,$0.33B,9.59%,$3.48B,$0.21B,6.14%,$0.21B,$1.35B,14.63%,$0.21B,$0.33B,48.36%,$0.21B,$2.67B,8.44%,$0.36B,$2.20B,17.35%,$895,$605,$290,$0,$0,$805,$90,$-8,$82,$29,$53,$53,$53,$101,$90,$107,107,$0.50,$0.50,$538,$335,$0,$1341,$197,$0,$1019,$26,$1325,$2666,$361,$850,$104,$954,$1315,$1,$1440,$25,$1351,$2666,$151,$30,$12,$42,$0,$0,$0,$36,$36,$229,$-25,$0,$-14,$0,$0,$0,$0,$-39,$325,$0,$325,$-313,$-313,$-40,$-3,$-30,$149,$10,$-40
27,2011-10-31,27.24,$12.67,2.15,$29.22,0.93,$4.60,5.92,$1.85,14.73,$1.06B,$0.36B,2.92,$0.53B,$1.40B,0.37,$3.41B,$1.14B,33.52%,$3.41B,$0.36B,10.61%,$3.41B,$0.36B,10.61%,$3.41B,$0.40B,11.78%,$3.41B,$0.34B,9.90%,$3.41B,$0.22B,6.33%,$0.22B,$1.40B,14.28%,$0.22B,$0.39B,43.95%,$0.22B,$2.40B,8.65%,$0.36B,$1.93B,17.76%,$857,$576,$281,$0,$0,$774,$83,$-6,$77,$28,$49,$49,$49,$94,$83,$113,113,$0.43,$0.43,$250,$347,$0,$1059,$201,$0,$1019,$26,$1339,$2398,$363,$525,$105,$630,$994,$1,$1487,$31,$1404,$2398,$98,$20,$8,$27,$0,$0,$0,$-6,$-6,$119,$-22,$0,$-9,$0,$0,$0,$0,$-31,$20,$0,$20,$-212,$-212,$-27,$-0,$-220,$-139,$7,$-27
28,2011-07-31,26.59,$12.95,2.05,$28.83,0.92,$3.46,7.69,$1.87,14.22,$1.18B,$0.35B,3.37,$0.53B,$1.53B,0.34,$3.41B,$1.14B,33.46%,$3.41B,$0.37B,10.81%,$3.41B,$0.37B,10.81%,$3.41B,$0.41B,12.01%,$3.41B,$0.35B,10.14%,$3.41B,$0.22B,6.45%,$0.22B,$1.53B,14.31%,$0.22B,$0.52B,42.68%,$0.22B,$2.52B,8.68%,$0.37B,$2.06B,17.90%,$847,$569,$278,$0,$0,$765,$82,$-5,$77,$28,$49,$49,$49,$91,$82,$116,116,$0.42,$0.42,$374,$346,$0,$1179,$196,$0,$1019,$28,$1339,$2518,$350,$525,$109,$634,$983,$1,$1608,$40,$1534,$2518,$49,$9,$9,$18,$0,$0,$0,$-0,$-0,$67,$-10,$0,$0,$0,$0,$0,$0,$-10,$0,$0,$0,$-56,$-56,$-14,$-0,$-70,$-15,$9,$-14
29,2011-04-30,29.82,$12.89,2.31,$28.64,1.04,$3.09,9.66,$1.90,15.69,$1.23B,$0.37B,3.35,$0.53B,$1.56B,0.34,$3.42B,$1.14B,33.49%,$3.42B,$0.38B,11.01%,$3.42B,$0.38B,11.01%,$3.42B,$0.42B,12.24%,$3.42B,$0.36B,10.39%,$3.42B,$0.23B,6.59%,$0.23B,$1.56B,14.75%,$0.23B,$0.54B,44.82%,$0.23B,$2.57B,8.94%,$0.38B,$2.09B,18.34%,$884,$580,$304,$0,$0,$780,$104,$-6,$98,$36,$63,$63,$63,$115,$104,$118,119,$0.54,$0.52,$389,$336,$0,$1231,$190,$0,$1023,$32,$1334,$2565,$367,$525,$34,$637,$1004,$1,$1632,$42,$1561,$2565,$225,$41,$32,$73,$4,$-27,$10,$-17,$-36,$263,$-37,$0,$-52,$0,$0,$0,$0,$-89,$0,$0,$0,$-85,$-85,$-50,$2,$-133,$48,$13,$-50
30,2011-01-31,28.3,$12.63,2.24,$28.03,1.01,$3.17,8.93,$1.89,14.97,$1.18B,$0.33B,3.6,$0.53B,$1.55B,0.34,$3.35B,$1.13B,33.72%,$3.35B,$0.37B,11.12%,$3.35B,$0.37B,11.12%,$3.35B,$0.41B,12.38%,$3.35B,$0.35B,10.55%,$3.35B,$0.22B,6.70%,$0.22B,$1.55B,14.98%,$0.22B,$0.53B,47.01%,$0.22B,$2.50B,9.03%,$0.37B,$2.08B,18.41%,$825,$544,$281,$0,$0,$732,$93,$-6,$86,$31,$55,$55,$55,$102,$93,$118,119,$0.47,$0.47,$388,$323,$0,$1176,$186,$0,$1023,$27,$1328,$2504,$327,$525,$100,$625,$952,$1,$1621,$25,$1552,$2504,$163,$31,$11,$42,$0,$0,$0,$-13,$-13,$191,$-29,$0,$-52,$0,$0,$0,$0,$-82,$0,$0,$0,$-28,$-28,$-36,$2,$-61,$47,$9,$-36
31,2010-10-31,23.59,$12.23,1.93,$27.96,0.84,$2.94,8.03,$1.89,12.48,$1.24B,$0.42B,2.94,$0.53B,$1.50B,0.35,$3.34B,$1.12B,33.62%,$3.34B,$0.37B,11.17%,$3.34B,$0.37B,11.17%,$3.34B,$0.42B,12.43%,$3.34B,$0.36B,10.66%,$3.34B,$0.23B,6.74%,$0.23B,$1.50B,15.50%,$0.23B,$0.48B,51.14%,$0.23B,$2.55B,9.24%,$0.37B,$2.03B,18.87%,$857,$578,$279,$0,$0,$767,$90,$-5,$85,$32,$53,$53,$53,$102,$90,$119,119,$0.45,$0.45,$329,$307,$0,$1236,$183,$0,$1020,$29,$1314,$2550,$420,$525,$103,$628,$1049,$1,$1577,$23,$1501,$2550,$107,$21,$7,$28,$0,$0,$0,$-150,$-150,$-14,$-20,$0,$-47,$0,$0,$0,$0,$-67,$0,$0,$0,$-29,$-29,$-24,$125,$72,$-12,$6,$-24
32,2010-07-31,22.68,$11.98,1.89,$27.62,0.82,$3.58,6.33,$1.85,12.26,$1.13B,$0.33B,3.45,$0.53B,$1.49B,0.35,$3.30B,$1.11B,33.69%,$3.30B,$0.37B,11.13%,$3.30B,$0.37B,11.13%,$3.30B,$0.41B,12.34%,$3.30B,$0.35B,10.67%,$3.30B,$0.22B,6.70%,$0.22B,$1.49B,15.72%,$0.22B,$0.46B,55.22%,$0.22B,$2.45B,9.36%,$0.37B,$2.01B,19.00%,$850,$570,$280,$0,$0,$761,$89,$-3,$86,$32,$54,$54,$54,$99,$89,$119,120,$0.45,$0.45,$298,$336,$0,$1134,$179,$0,$1025,$32,$1314,$2448,$329,$525,$108,$633,$962,$1,$1536,$16,$1486,$2448,$54,$10,$3,$13,$0,$0,$0,$-44,$-44,$23,$-9,$0,$-47,$0,$0,$0,$0,$-56,$0,$0,$0,$6,$6,$-12,$2,$-4,$-42,$3,$-12
33,2010-04-30,27.08,$11.68,2.32,$27.18,1.0,$3.80,7.14,$1.78,15.21,$1.13B,$0.35B,3.26,$0.53B,$1.44B,0.36,$3.24B,$1.09B,33.66%,$3.24B,$0.36B,10.96%,$3.24B,$0.36B,10.96%,$3.24B,$0.39B,12.17%,$3.24B,$0.34B,10.44%,$3.24B,$0.21B,6.55%,$0.21B,$1.44B,15.71%,$0.21B,$0.44B,60.61%,$0.21B,$2.42B,9.17%,$0.36B,$1.97B,18.94%,$813,$525,$288,$0,$0,$713,$100,$-4,$96,$35,$62,$62,$62,$111,$100,$118,119,$0.52,$0.52,$341,$289,$0,$1134,$170,$0,$1006,$39,$1289,$2423,$348,$525,$36,$633,$981,$1,$1494,$23,$1442,$2423,$212,$39,$15,$54,$24,$-12,$9,$-26,$-1,$265,$-30,$0,$-54,$0,$0,$0,$0,$-83,$-22,$0,$-22,$12,$12,$-12,$2,$-20,$183,$11,$-12
34,2010-01-31,24.12,$11.23,2.15,$26.95,0.9,$2.59,9.3,$1.72,14.02,$1.08B,$0.33B,3.25,$0.53B,$1.38B,0.38,$3.21B,$1.07B,33.42%,$3.21B,$0.35B,10.83%,$3.21B,$0.35B,10.83%,$3.21B,$0.38B,11.98%,$3.21B,$0.33B,10.23%,$3.21B,$0.20B,6.37%,$0.20B,$1.38B,15.87%,$0.20B,$0.38B,69.09%,$0.20B,$2.32B,9.11%,$0.35B,$1.90B,19.16%,$820,$544,$276,$0,$0,$726,$94,$-4,$89,$33,$56,$56,$56,$103,$94,$119,119,$0.47,$0.47,$268,$303,$0,$1078,$169,$0,$996,$15,$1245,$2323,$331,$525,$88,$613,$944,$1,$1444,$17,$1378,$2323,$150,$28,$9,$38,$0,$0,$0,$-35,$-35,$153,$-18,$0,$-28,$0,$0,$0,$0,$-46,$-22,$0,$-22,$10,$10,$0,$0,$-12,$110,$7,$0
35,2009-10-31,21.56,$10.77,2.0,$26.95,0.8,$1.88,11.48,$1.70,12.68,$1.01B,$0.31B,3.23,$0.53B,$1.32B,0.4,$3.20B,$1.06B,33.29%,$3.20B,$0.35B,10.79%,$3.20B,$0.35B,10.79%,$3.20B,$0.38B,11.89%,$3.20B,$0.32B,10.14%,$3.20B,$0.20B,6.29%,$0.20B,$1.32B,16.46%,$0.20B,$0.32B,84.01%,$0.20B,$2.25B,9.21%,$0.35B,$1.84B,19.75%,$815,$548,$267,$0,$0,$730,$84,$-4,$81,$31,$49,$49,$49,$94,$84,$118,119,$0.42,$0.41,$170,$295,$0,$1012,$171,$0,$997,$17,$1242,$2254,$314,$525,$96,$621,$935,$1,$1388,$19,$1319,$2254,$94,$19,$6,$25,$0,$0,$0,$-64,$-64,$55,$-13,$0,$-28,$0,$0,$0,$0,$-41,$-22,$0,$-22,$6,$6,$0,$0,$-16,$12,$4,$0
36,2009-07-31,21.42,$10.30,2.08,$26.53,0.81,$1.86,11.49,$1.69,12.67,$1.00B,$0.36B,2.75,$0.53B,$1.26B,0.42,$3.14B,$1.05B,33.47%,$3.14B,$0.34B,10.96%,$3.14B,$0.34B,10.96%,$3.14B,$0.38B,11.97%,$3.14B,$0.32B,10.13%,$3.14B,$0.20B,6.34%,$0.20B,$1.26B,17.19%,$0.20B,$0.26B,102.98%,$0.20B,$2.25B,9.27%,$0.34B,$1.79B,20.45%,$790,$531,$259,$0,$0,$713,$77,$-4,$72,$27,$45,$45,$45,$86,$77,$118,119,$0.38,$0.38,$175,$299,$0,$1000,$171,$0,$1001,$19,$1249,$2249,$363,$525,$100,$625,$989,$1,$1339,$14,$1260,$2249,$45,$9,$3,$12,$0,$0,$0,$-10,$-10,$47,$-8,$0,$-28,$0,$0,$0,$0,$-36,$-8,$0,$-8,$3,$3,$0,$0,$-5,$17,$2,$0
37,2009-04-30,17.28,$9.72,1.78,$26.14,0.66,$1.71,10.08,$1.70,10.16,$0.94B,$0.33B,2.81,$0.53B,$1.19B,0.44,$3.09B,$1.04B,33.74%,$3.09B,$0.35B,11.22%,$3.09B,$0.35B,11.22%,$3.09B,$0.38B,12.15%,$3.09B,$0.32B,10.34%,$3.09B,$0.20B,6.46%,$0.20B,$1.19B,18.08%,$0.20B,$0.22B,116.28%,$0.20B,$2.13B,9.45%,$0.35B,$1.71B,21.27%,$780,$511,$269,$0,$0,$687,$92,$-6,$86,$32,$54,$54,$54,$101,$92,$118,118,$0.46,$0.45,$158,$270,$0,$938,$167,$0,$968,$10,$1196,$2134,$334,$525,$24,$613,$947,$1,$1294,$-9,$1186,$2134,$200,$30,$21,$52,$-91,$24,$-36,$-2,$-127,$124,$-32,$0,$-125,$0,$0,$0,$0,$-157,$-108,$0,$-108,$12,$12,$0,$2,$-94,$-150,$8,$0
38,2009-01-31,15.53,$9.19,1.69,$25.41,0.61,$2.67,5.83,$1.75,8.88,$0.92B,$0.37B,2.49,$0.53B,$1.12B,0.47,$3.09B,$1.05B,33.89%,$3.09B,$0.36B,11.51%,$3.09B,$0.36B,11.51%,$3.09B,$0.38B,12.39%,$3.09B,$0.33B,10.74%,$3.09B,$0.21B,6.76%,$0.21B,$1.12B,19.70%,$0.21B,$0.16B,140.98%,$0.21B,$2.10B,9.94%,$0.36B,$1.65B,22.45%,$811,$542,$269,$0,$0,$719,$92,$-7,$85,$32,$53,$53,$53,$99,$92,$118,118,$0.45,$0.45,$162,$285,$0,$917,$159,$0,$963,$6,$1180,$2097,$368,$525,$82,$607,$976,$1,$1240,$-14,$1121,$2097,$146,$22,$9,$30,$0,$0,$0,$-103,$-103,$73,$-23,$0,$-110,$0,$0,$0,$0,$-133,$-67,$0,$-67,$10,$10,$0,$0,$-56,$-146,$6,$0
39,2008-10-31,21.39,$8.74,2.45,$24.30,0.88,$3.37,6.35,$1.75,12.22,$0.97B,$0.44B,2.2,$0.53B,$1.06B,0.49,$3.06B,$1.05B,34.27%,$3.06B,$0.36B,11.81%,$3.06B,$0.36B,11.81%,$3.06B,$0.39B,12.69%,$3.06B,$0.35B,11.28%,$3.06B,$0.22B,7.06%,$0.22B,$1.06B,19.51%,$0.22B,$0.14B,99.31%,$0.22B,$2.11B,10.48%,$0.36B,$1.59B,23.81%,$759,$506,$254,$0,$0,$677,$83,$-8,$75,$28,$47,$47,$47,$90,$83,$117,118,$0.40,$0.40,$257,$312,$0,$972,$158,$0,$925,$6,$1139,$2111,$442,$525,$81,$606,$1048,$1,$1187,$-13,$1063,$2111,$93,$14,$5,$19,$0,$0,$0,$-54,$-54,$58,$-17,$0,$-70,$0,$0,$0,$0,$-87,$-0,$0,$-0,$5,$5,$0,$0,$6,$-52,$4,$0
40,2008-07-31,26.38,$8.68,3.04,$23.30,1.13,$3.76,7.02,$1.74,15.16,$1.03B,$0.47B,2.22,$0.53B,$1.06B,0.5,$3.04B,$1.05B,34.40%,$3.04B,$0.36B,11.97%,$3.04B,$0.36B,11.97%,$3.04B,$0.39B,12.82%,$3.04B,$0.36B,11.71%,$3.04B,$0.22B,7.33%,$0.22B,$1.06B,18.29%,$0.22B,$0.17B,65.06%,$0.22B,$2.13B,10.87%,$0.36B,$1.58B,23.79%,$744,$492,$252,$0,$0,$664,$80,$-6,$74,$28,$46,$46,$46,$86,$80,$118,119,$0.39,$0.39,$331,$319,$0,$1033,$155,$0,$881,$6,$1093,$2126,$465,$525,$81,$606,$1071,$1,$1140,$31,$1055,$2126,$46,$6,$2,$9,$0,$0,$0,$-22,$-22,$33,$-11,$0,$-1,$0,$0,$0,$0,$-12,$-0,$0,$-0,$2,$2,$0,$0,$2,$23,$2,$0
41,2008-04-30,28.89,$8.21,3.52,$22.16,1.3,$3.93,7.35,$1.70,16.99,$0.99B,$0.47B,2.11,$0.53B,$1.01B,0.52,$3.00B,$1.03B,34.39%,$3.00B,$0.36B,11.97%,$3.00B,$0.36B,11.97%,$3.00B,$0.39B,12.84%,$3.00B,$0.36B,11.94%,$3.00B,$0.23B,7.51%,$0.23B,$1.01B,17.10%,$0.23B,$0.12B,50.82%,$0.23B,$2.08B,11.14%,$0.36B,$1.53B,23.51%,$778,$505,$273,$0,$0,$677,$101,$-4,$98,$35,$63,$63,$63,$108,$101,$132,133,$0.50,$0.50,$308,$281,$0,$985,$149,$0,$882,$6,$1091,$2076,$466,$525,$23,$606,$1072,$1,$1094,$31,$1005,$2076,$225,$26,$24,$50,$-3,$-27,$9,$-2,$-9,$265,$-36,$0,$-23,$0,$0,$0,$0,$-59,$475,$0,$475,$-623,$-623,$0,$1,$-147,$66,$8,$0
42,2008-01-31,27.06,$10.10,2.68,$21.67,1.25,$3.90,6.94,$1.63,16.6,$0.86B,$0.49B,1.75,$0.06B,$1.31B,0.05,$2.96B,$1.02B,34.44%,$2.96B,$0.35B,11.96%,$2.96B,$0.35B,11.96%,$2.96B,$0.38B,12.84%,$2.96B,$0.36B,12.00%,$2.96B,$0.22B,7.50%,$0.22B,$1.31B,15.76%,$0.22B,$0.44B,41.04%,$0.22B,$1.93B,11.18%,$0.35B,$1.37B,23.26%,$777,$508,$269,$0,$0,$680,$97,$0,$98,$37,$60,$60,$60,$104,$97,$134,135,$0.45,$0.45,$171,$289,$0,$864,$134,$0,$872,$8,$1066,$1930,$493,$60,$0,$130,$623,$1,$1398,$31,$1306,$1930,$162,$19,$8,$27,$0,$0,$0,$-21,$-21,$168,$-16,$0,$-13,$0,$0,$0,$0,$-29,$10,$0,$10,$-226,$-226,$0,$1,$-216,$-71,$6,$0
43,2007-10-31,33.03,$10.81,3.06,$21.11,1.56,$3.59,9.21,$1.61,20.52,$1.01B,$0.37B,2.77,$0.13B,$1.51B,0.09,$2.89B,$1.00B,34.59%,$2.89B,$0.35B,12.11%,$2.89B,$0.35B,12.11%,$2.89B,$0.38B,12.97%,$2.89B,$0.35B,12.04%,$2.89B,$0.22B,7.64%,$0.22B,$1.51B,15.69%,$0.22B,$0.64B,40.76%,$0.22B,$2.08B,11.24%,$0.35B,$1.64B,22.69%,$742,$490,$252,$0,$0,$656,$86,$1,$86,$33,$54,$54,$54,$92,$86,$136,137,$0.40,$0.39,$345,$280,$0,$1012,$132,$0,$873,$9,$1063,$2075,$366,$130,$0,$198,$563,$1,$1410,$38,$1512,$2075,$101,$12,$5,$17,$0,$0,$0,$-10,$-10,$109,$-9,$0,$-12,$0,$0,$0,$0,$-21,$-0,$0,$-0,$7,$7,$0,$1,$7,$103,$4,$0
44,2007-07-31,30.3,$10.28,2.95,$20.69,1.46,$3.38,8.95,$1.57,19.3,$0.94B,$0.36B,2.62,$0.13B,$1.44B,0.09,$2.84B,$0.98B,34.61%,$2.84B,$0.34B,12.03%,$2.84B,$0.34B,12.03%,$2.84B,$0.37B,12.94%,$2.84B,$0.34B,11.92%,$2.84B,$0.22B,7.56%,$0.22B,$1.44B,16.03%,$0.22B,$0.57B,45.03%,$0.22B,$2.00B,11.24%,$0.34B,$1.57B,22.92%,$701,$464,$237,$0,$0,$626,$75,$1,$76,$28,$48,$48,$48,$81,$75,$136,137,$0.35,$0.35,$294,$281,$0,$943,$132,$0,$864,$7,$1053,$1997,$360,$130,$0,$198,$558,$1,$1356,$24,$1439,$1997,$48,$6,$2,$8,$0,$0,$0,$-3,$-3,$53,$-5,$0,$-3,$0,$0,$0,$0,$-8,$-0,$0,$-0,$3,$3,$0,$0,$4,$52,$2,$0
45,2007-04-30,30.46,$9.89,3.08,$20.27,1.5,$3.36,9.06,$1.52,20.04,$0.89B,$0.38B,2.35,$0.13B,$1.38B,0.09,$2.80B,$0.97B,34.64%,$2.80B,$0.34B,12.01%,$2.80B,$0.34B,12.01%,$2.80B,$0.36B,12.94%,$2.80B,$0.33B,11.80%,$2.80B,$0.21B,7.47%,$0.21B,$1.38B,16.03%,$0.21B,$0.52B,47.53%,$0.21B,$1.94B,11.00%,$0.34B,$1.51B,22.80%,$739,$479,$261,$0,$0,$643,$96,$-1,$95,$35,$60,$60,$60,$103,$96,$137,138,$0.44,$0.43,$242,$250,$0,$886,$132,$0,$863,$7,$1054,$1940,$377,$130,$0,$184,$561,$1,$1309,$18,$1379,$1940,$208,$26,$9,$35,$-12,$-4,$8,$6,$0,$244,$-10,$0,$-13,$0,$0,$0,$0,$-23,$-120,$0,$-120,$19,$19,$0,$-103,$-204,$17,$8,$0
46,2007-01-31,31.77,$9.37,3.39,$19.90,1.6,$2.49,12.74,$1.49,21.32,$0.77B,$0.35B,2.19,$0.15B,$1.30B,0.11,$2.75B,$0.96B,34.69%,$2.75B,$0.33B,12.06%,$2.75B,$0.33B,12.06%,$2.75B,$0.36B,13.00%,$2.75B,$0.33B,11.84%,$2.75B,$0.21B,7.48%,$0.21B,$1.30B,16.22%,$0.21B,$0.44B,50.83%,$0.21B,$1.85B,10.88%,$0.33B,$1.45B,22.74%,$709,$459,$250,$0,$0,$617,$93,$-2,$91,$32,$59,$59,$59,$99,$93,$136,137,$0.43,$0.43,$152,$243,$0,$769,$132,$0,$864,$6,$1081,$1850,$352,$145,$0,$194,$546,$1,$1249,$11,$1304,$1850,$148,$19,$-1,$19,$0,$0,$0,$-58,$-58,$117,$-6,$0,$-13,$0,$0,$0,$0,$-18,$-85,$0,$-85,$20,$20,$0,$-104,$-169,$-72,$6,$0
47,2006-10-31,27.74,$8.93,3.11,$19.61,1.42,$2.25,12.35,$1.45,19.13,$0.78B,$0.37B,2.09,$0.20B,$1.24B,0.16,$2.73B,$0.95B,34.70%,$2.73B,$0.33B,12.03%,$2.73B,$0.33B,12.03%,$2.73B,$0.35B,12.99%,$2.73B,$0.32B,11.78%,$2.73B,$0.20B,7.37%,$0.20B,$1.24B,16.24%,$0.20B,$0.38B,53.96%,$0.20B,$1.86B,10.66%,$0.33B,$1.44B,22.42%,$694,$459,$236,$0,$0,$616,$78,$-2,$77,$28,$48,$48,$48,$85,$78,$138,139,$0.35,$0.35,$182,$236,$0,$778,$141,$0,$862,$8,$1084,$1862,$372,$200,$0,$248,$620,$1,$1190,$15,$1242,$1862,$90,$13,$-1,$12,$0,$0,$0,$-25,$-25,$82,$-10,$0,$-9,$0,$0,$0,$0,$-18,$-10,$0,$-10,$8,$8,$0,$-104,$-107,$-43,$4,$0
