,Date,Stock Price,Book Value per Share,Price to Book Ratio,TTM Sales per Share,Price to Sales Ratio,TTM FCF per Share,Price to FCF Ratio,TTM Net EPS,PE Ratio,Current Assets,Current Liabilities,Current Ratio,Long Term Debt,Shareholder's Equity_x,Debt to Equity Ratio,TTM Revenue_x,TTM Gross Profit,Gross Margin,TTM Revenue_y,TTM Operating Income,Operating Margin,TTM Revenue_x,TTM EBIT,EBIT Margin,TTM Revenue_y,TTM EBITDA,EBITDA Margin,TTM Revenue_x,TTM Pre-Tax Income,Pre-Tax Margin,TTM Revenue_y,TTM Net Income_x,Net Margin,TTM Net Income_y,Shareholder's Equity_y,Return on Equity,TTM Net Income_x,Tangible Equity,Return on Tangible Equity,TTM Net Income_y,Total Assets,Return on Assets,TTM Net Income,LT Investments & Debt,Return on Investment,revenue,cost-goods-sold,gross-profit,research-development-expenses,selling-general-administrative-expenses,operating-expenses,operating-income,total-non-operating-income-expense,pre-tax-income,total-provision-income-taxes,income-after-taxes,income-from-continuous-operations,net-income,ebitda,ebit,basic-shares-outstanding,shares-outstanding,eps-basic-net-earnings-per-share,eps-earnings-per-share-diluted,cash-on-hand,inventory,other-current-assets,total-current-assets,net-property-plant-equipment,long-term-investments,goodwill-intangible-assets-total,other-long-term-assets,total-long-term-assets,total-assets,total-current-liabilities,long-term-debt,other-non-current-liabilities,total-long-term-liabilities,total-liabilities,common-stock-net,retained-earnings-accumulated-deficit,comprehensive-income,total-share-holder-equity,total-liabilities-share-holders-equity,net-income-loss,total-depreciation-amortization-cash-flow,other-non-cash-items,total-non-cash-items,change-in-accounts-receivable,change-in-inventories,change-in-accounts-payable,change-in-assets-liabilities,total-change-in-assets-liabilities,cash-flow-from-operating-activities,net-change-in-property-plant-equipment,net-change-in-intangible-assets,net-acquisitions-divestitures,net-change-in-short-term-investments,net-change-in-long-term-investments,net-change-in-investments-total,investing-activities-other,cash-flow-from-investing-activities,net-long-term-debt,net-current-debt,debt-issuance-retirement-net-total,net-common-equity-issued-repurchased,net-total-equity-issued-repurchased,total-common-preferred-stock-dividends-paid,financial-activities-other,cash-flow-from-financial-activities,net-cash-flow,stock-based-compensation,common-stock-dividends-paid
0,2018-09-30,9.03,$6.23,1.45,$2.89,3.12,$0.20,45.86,$-0.22,0.0,$0.16B,$0.02B,7.76,$0.00B,$0.20B,0.0,$0.09B,$0.05B,50.54%,$0.09B,$-0.01B,-5.38%,$0.09B,$-0.01B,-5.38%,$0.09B,$0.00B,1.08%,$0.09B,$-0.01B,-6.45%,$0.09B,$-0.01B,-7.53%,$-0.01B,$0.20B,-3.50%,$-0.01B,$0.19B,-3.63%,$-0.01B,$0.23B,-3.09%,$-0.01B,$0.20B,-2.50%,$20,$11,$10,$7,$6,$23,$-3,$0,$-3,$-1,$-2,$-2,$-2,$-1,$-3,$32,32,$-0.06,$-0.06,$97,$0,$0,$160,$34,$0,$7,$8,$67,$228,$21,$0,$6,$6,$27,$0,$-27,$-1,$201,$228,$-5,$4,$6,$10,$6,$0,$-1,$0,$4,$9,$-9,$0,$0,$0,$0,$0,$0,$-9,$0,$0,$0,$-3,$-3,$0,$-2,$-5,$-4,$8,$0
1,2018-06-30,11.98,$6.25,1.92,$3.07,3.9,$0.17,71.74,$-0.14,0.0,$0.16B,$0.02B,8.26,$0.00B,$0.20B,0.0,$0.10B,$0.05B,51.00%,$0.10B,$-0.00B,-2.00%,$0.10B,$-0.00B,-2.00%,$0.10B,$0.00B,4.00%,$0.10B,$-0.00B,-3.00%,$0.10B,$-0.00B,-4.00%,$-0.00B,$0.20B,-2.01%,$-0.00B,$0.19B,-2.09%,$-0.00B,$0.23B,-1.78%,$-0.00B,$0.20B,-1.00%,$21,$11,$10,$7,$6,$24,$-3,$0,$-3,$-0,$-2,$-2,$-2,$-1,$-3,$32,32,$-0.07,$-0.07,$101,$0,$0,$163,$28,$0,$7,$9,$62,$226,$20,$0,$6,$6,$25,$0,$-25,$-1,$200,$226,$-3,$3,$4,$7,$4,$0,$-1,$3,$5,$10,$-5,$0,$0,$0,$0,$0,$0,$-5,$0,$0,$0,$-4,$-4,$0,$-1,$-5,$-0,$6,$0
2,2018-03-31,11.66,$6.32,1.84,$3.14,3.72,$-0.11,0.0,$-0.06,0.0,$0.17B,$0.02B,8.99,$0.00B,$0.20B,0.0,$0.10B,$0.05B,52.43%,$0.10B,0,0.00%,$0.10B,0,0.00%,$0.10B,$0.01B,5.83%,$0.10B,$-0.00B,-0.97%,$0.10B,$-0.00B,-1.94%,$-0.00B,$0.20B,-1.00%,$-0.00B,$0.19B,-1.04%,$-0.00B,$0.23B,-0.89%,$0.00B,$0.20B,0.00%,$25,$11,$13,$7,$6,$25,$-0,$-0,$-1,$-0,$-0,$-0,$-0,$1,$-0,$32,32,$-0.01,$-0.01,$99,$0,$0,$167,$27,$0,$8,$10,$60,$227,$19,$0,$6,$6,$24,$0,$-23,$-0,$202,$227,$-0,$2,$3,$5,$-0,$0,$0,$1,$-1,$3,$-2,$0,$0,$0,$0,$0,$0,$-2,$0,$0,$0,$-3,$-3,$0,$-1,$-4,$-3,$3,$0
3,2017-12-31,15.7,$6.18,2.54,$3.09,5.08,$-0.21,0.0,$-0.03,0.0,$0.16B,$0.02B,8.35,$0.00B,$0.20B,0.0,$0.10B,$0.05B,52.94%,$0.10B,0,0.00%,$0.10B,0,0.00%,$0.10B,$0.01B,5.88%,$0.10B,$-0.00B,-0.98%,$0.10B,$-0.00B,-0.98%,$-0.00B,$0.20B,-0.50%,$-0.00B,$0.19B,-0.51%,$-0.00B,$0.22B,-0.44%,$0.00B,$0.20B,0.00%,$27,$12,$14,$8,$6,$26,$1,$0,$1,$4,$-3,$-3,$-3,$2,$1,$32,32,$-0.09,$-0.09,$101,$0,$0,$164,$25,$0,$8,$11,$60,$224,$20,$0,$6,$6,$26,$0,$-27,$-1,$198,$224,$-1,$6,$11,$17,$-10,$0,$2,$2,$-5,$11,$-10,$0,$-4,$0,$0,$0,$0,$-14,$0,$0,$0,$-9,$-9,$0,$-3,$-12,$-16,$12,$0
4,2017-09-30,15.49,$6.22,2.49,$3.13,4.95,$-0.51,0.0,$0.14,110.64,$0.16B,$0.02B,8.71,$0.00B,$0.20B,0.0,$0.10B,$0.06B,54.37%,$0.10B,$0.00B,1.94%,$0.10B,$0.00B,1.94%,$0.10B,$0.01B,7.77%,$0.10B,$0.00B,0.97%,$0.10B,$0.01B,4.85%,$0.01B,$0.20B,2.49%,$0.01B,$0.19B,2.56%,$0.01B,$0.22B,2.22%,$0.00B,$0.20B,1.00%,$27,$12,$14,$8,$6,$26,$0,$-0,$0,$-0,$1,$1,$1,$2,$0,$32,33,$0.02,$0.02,$101,$0,$0,$160,$24,$0,$8,$11,$62,$222,$18,$0,$5,$5,$24,$0,$-24,$-1,$198,$222,$1,$4,$5,$10,$-5,$0,$2,$-0,$-5,$6,$-7,$0,$-4,$0,$0,$0,$0,$-11,$0,$0,$0,$-9,$-9,$0,$-2,$-12,$-16,$9,$0
5,2017-06-30,16.45,$6.28,2.62,$3.16,5.2,$-0.70,0.0,$0.18,91.39,$0.17B,$0.02B,8.8,$0.00B,$0.20B,0.0,$0.10B,$0.06B,56.31%,$0.10B,$0.01B,4.85%,$0.10B,$0.01B,4.85%,$0.10B,$0.01B,9.71%,$0.10B,$0.00B,3.88%,$0.10B,$0.01B,5.83%,$0.01B,$0.20B,3.03%,$0.01B,$0.20B,3.10%,$0.01B,$0.23B,2.71%,$0.01B,$0.20B,2.52%,$24,$11,$13,$7,$6,$25,$-1,$0,$-1,$-1,$0,$0,$0,$1,$-1,$32,33,$0.01,$0.01,$109,$0,$0,$172,$23,$0,$4,$12,$55,$227,$20,$0,$5,$5,$25,$0,$-25,$-1,$202,$227,$1,$3,$6,$8,$-6,$0,$1,$-2,$-8,$1,$-5,$0,$0,$0,$0,$0,$0,$-5,$0,$0,$0,$-2,$-2,$0,$-2,$-4,$-8,$6,$0
6,2017-03-31,22.62,$6.33,3.58,$3.27,6.92,$-0.65,0.0,$0.24,94.25,$0.17B,$0.02B,8.89,$0.00B,$0.20B,0.0,$0.11B,$0.06B,57.55%,$0.11B,$0.01B,9.43%,$0.11B,$0.01B,9.43%,$0.11B,$0.01B,13.21%,$0.11B,$0.01B,8.49%,$0.11B,$0.01B,7.55%,$0.01B,$0.20B,4.13%,$0.01B,$0.20B,4.24%,$0.01B,$0.23B,3.71%,$0.01B,$0.20B,5.17%,$24,$11,$13,$7,$6,$25,$-0,$-0,$-1,$-1,$1,$1,$1,$1,$-0,$32,34,$0.02,$0.02,$115,$0,$0,$172,$21,$0,$4,$15,$56,$228,$19,$0,$5,$5,$24,$0,$-25,$-2,$203,$228,$1,$1,$2,$4,$-2,$0,$0,$-2,$-5,$-0,$-2,$0,$0,$0,$0,$0,$0,$-2,$0,$0,$0,$2,$2,$0,$-1,$1,$-2,$3,$0
7,2016-12-31,22.55,$6.24,3.61,$3.33,6.76,$-0.50,0.0,$0.29,77.76,$0.17B,$0.02B,9.19,$0.00B,$0.20B,0.0,$0.11B,$0.06B,58.88%,$0.11B,$0.01B,12.15%,$0.11B,$0.01B,12.15%,$0.11B,$0.02B,15.89%,$0.11B,$0.01B,12.15%,$0.11B,$0.01B,8.41%,$0.01B,$0.20B,4.79%,$0.01B,$0.19B,4.92%,$0.01B,$0.22B,4.33%,$0.01B,$0.20B,6.91%,$28,$12,$16,$7,$6,$26,$3,$0,$3,$0,$3,$3,$3,$4,$3,$31,32,$0.09,$0.08,$117,$0,$0,$170,$19,$0,$4,$13,$52,$222,$19,$0,$5,$5,$24,$0,$-26,$-2,$199,$222,$9,$4,$11,$16,$-15,$0,$0,$-9,$-23,$2,$-11,$0,$0,$0,$0,$0,$0,$-11,$0,$0,$0,$2,$2,$0,$-2,$0,$-9,$11,$0
8,2016-09-30,18.17,$6.00,3.03,$3.21,5.67,$0.58,31.48,$0.29,62.66,$0.17B,$0.02B,9.48,$0.00B,$0.19B,0.0,$0.10B,$0.06B,59.22%,$0.10B,$0.01B,12.62%,$0.10B,$0.01B,12.62%,$0.10B,$0.02B,16.50%,$0.10B,$0.01B,12.62%,$0.10B,$0.01B,8.74%,$0.01B,$0.19B,4.95%,$0.01B,$0.18B,5.09%,$0.01B,$0.21B,4.49%,$0.01B,$0.19B,7.15%,$27,$11,$16,$7,$6,$24,$3,$-0,$3,$1,$2,$2,$2,$4,$3,$31,33,$0.06,$0.06,$119,$0,$0,$168,$18,$0,$5,$9,$42,$210,$18,$0,$4,$4,$21,$0,$-34,$-1,$189,$210,$6,$3,$9,$12,$-10,$0,$0,$-6,$-17,$2,$-9,$0,$0,$0,$0,$0,$0,$-9,$0,$0,$0,$1,$1,$0,$-1,$-1,$-8,$8,$0
9,2016-06-30,13.99,$5.84,2.4,$3.11,4.49,$1.35,10.33,$0.28,49.96,$0.16B,$0.02B,9.75,$0.00B,$0.18B,0.0,$0.10B,$0.06B,59.00%,$0.10B,$0.01B,13.00%,$0.10B,$0.01B,13.00%,$0.10B,$0.02B,17.00%,$0.10B,$0.01B,13.00%,$0.10B,$0.01B,8.00%,$0.01B,$0.18B,4.49%,$0.01B,$0.18B,4.62%,$0.01B,$0.20B,4.08%,$0.01B,$0.18B,7.29%,$27,$11,$16,$7,$5,$23,$4,$-0,$4,$2,$2,$2,$2,$5,$4,$31,32,$0.07,$0.07,$122,$0,$0,$162,$16,$0,$5,$9,$40,$202,$17,$0,$3,$3,$20,$0,$-36,$-1,$183,$202,$4,$2,$6,$8,$-1,$0,$1,$-9,$-9,$3,$-5,$0,$0,$0,$0,$0,$0,$-5,$0,$0,$0,$-1,$-1,$0,$-1,$-2,$-4,$5,$0
10,2016-03-31,13.38,$5.78,2.31,$3.00,4.46,$1.87,7.15,$0.28,47.79,$0.16B,$0.02B,11.09,$0.00B,$0.18B,0.0,$0.10B,$0.06B,58.33%,$0.10B,$0.01B,13.54%,$0.10B,$0.01B,13.54%,$0.10B,$0.02B,16.67%,$0.10B,$0.01B,13.54%,$0.10B,$0.01B,8.33%,$0.01B,$0.18B,4.54%,$0.01B,$0.18B,4.64%,$0.01B,$0.20B,4.13%,$0.01B,$0.18B,7.38%,$25,$10,$15,$6,$5,$22,$3,$-0,$3,$1,$2,$2,$2,$4,$3,$31,32,$0.07,$0.07,$129,$0,$0,$162,$13,$0,$5,$8,$36,$198,$15,$0,$3,$3,$18,$0,$-38,$-1,$181,$198,$2,$1,$3,$4,$4,$0,$0,$-5,$-2,$4,$-2,$0,$0,$0,$0,$0,$0,$-2,$0,$0,$0,$1,$1,$0,$-0,$1,$3,$3,$0
11,2015-12-31,10.84,$5.60,1.93,$3.04,3.57,$2.25,4.82,$0.39,27.79,$0.16B,$0.01B,11.29,$0.00B,$0.17B,0.0,$0.10B,$0.06B,60.20%,$0.10B,$0.02B,19.39%,$0.10B,$0.02B,19.39%,$0.10B,$0.02B,22.45%,$0.10B,$0.02B,20.41%,$0.10B,$0.01B,12.24%,$0.01B,$0.17B,6.91%,$0.01B,$0.17B,7.01%,$0.01B,$0.19B,6.30%,$0.02B,$0.17B,10.94%,$24,$10,$14,$5,$5,$21,$3,$0,$3,$1,$3,$3,$3,$4,$3,$31,32,$0.08,$0.09,$126,$0,$0,$163,$11,$0,$5,$2,$29,$192,$14,$0,$3,$3,$17,$0,$-40,$-2,$174,$192,$12,$3,$12,$15,$4,$0,$-1,$1,$3,$30,$-5,$-0,$-5,$0,$0,$0,$0,$-10,$-0,$0,$-0,$-8,$-8,$0,$-1,$-9,$11,$10,$0
12,2015-09-30,10.0,$5.58,1.79,$3.11,3.22,$2.24,4.47,$0.48,20.83,$0.17B,$0.01B,11.97,$0.00B,$0.18B,0.0,$0.10B,$0.06B,62.00%,$0.10B,$0.02B,24.00%,$0.10B,$0.02B,24.00%,$0.10B,$0.03B,26.00%,$0.10B,$0.03B,25.00%,$0.10B,$0.02B,15.00%,$0.02B,$0.18B,8.78%,$0.02B,$0.17B,8.85%,$0.02B,$0.19B,8.03%,$0.02B,$0.18B,14.06%,$24,$10,$14,$5,$6,$21,$3,$0,$3,$1,$1,$1,$1,$4,$3,$32,32,$0.05,$0.05,$126,$0,$0,$165,$11,$0,$5,$3,$27,$192,$14,$0,$3,$3,$17,$0,$-43,$-1,$175,$192,$10,$2,$8,$10,$6,$0,$-0,$-2,$2,$22,$-4,$0,$-5,$0,$0,$0,$0,$-9,$-0,$0,$-0,$-3,$-3,$0,$2,$-2,$11,$7,$0
13,2015-06-30,16.0,$5.53,2.89,$3.06,5.23,$2.44,6.55,$0.48,33.33,$0.17B,$0.01B,12.07,$0.00B,$0.18B,0.0,$0.10B,$0.06B,60.20%,$0.10B,$0.02B,24.49%,$0.10B,$0.02B,24.49%,$0.10B,$0.03B,27.55%,$0.10B,$0.03B,25.51%,$0.10B,$0.02B,16.33%,$0.02B,$0.18B,9.67%,$0.02B,$0.18B,9.67%,$0.02B,$0.19B,8.85%,$0.02B,$0.18B,14.50%,$23,$10,$13,$4,$5,$20,$4,$0,$4,$2,$2,$2,$2,$4,$4,$32,32,$0.07,$0.07,$132,$0,$0,$171,$10,$0,$0,$3,$21,$192,$14,$0,$3,$3,$17,$0,$-44,$-1,$175,$192,$8,$1,$5,$6,$7,$0,$-0,$-3,$3,$17,$-2,$0,$0,$0,$0,$0,$0,$-2,$0,$0,$0,$-0,$-0,$0,$2,$2,$16,$5,$0
14,2015-03-31,17.92,$5.45,3.29,$3.12,5.75,$2.52,7.11,$0.56,32.0,$0.17B,$0.01B,13.85,$0.00B,$0.17B,0.0,$0.10B,$0.06B,62.00%,$0.10B,$0.03B,28.00%,$0.10B,$0.03B,28.00%,$0.10B,$0.03B,31.00%,$0.10B,$0.03B,29.00%,$0.10B,$0.02B,19.00%,$0.02B,$0.17B,11.93%,$0.02B,$0.17B,11.93%,$0.02B,$0.19B,10.92%,$0.03B,$0.17B,17.58%,$27,$9,$18,$4,$4,$17,$9,$0,$10,$4,$6,$6,$6,$10,$9,$31,32,$0.19,$0.18,$132,$0,$0,$167,$10,$0,$0,$1,$19,$186,$12,$0,$3,$3,$15,$0,$-46,$-1,$171,$186,$6,$1,$3,$3,$9,$0,$-1,$1,$6,$16,$-1,$0,$0,$0,$0,$0,$0,$-1,$0,$0,$0,$0,$0,$0,$2,$2,$16,$2,$0
15,2014-12-31,14.86,$5.20,2.86,$3.13,4.74,$2.42,6.14,$0.58,25.62,$0.16B,$0.01B,12.87,$0.00B,$0.16B,0.0,$0.10B,$0.06B,61.00%,$0.10B,$0.03B,28.00%,$0.10B,$0.03B,28.00%,$0.10B,$0.03B,31.00%,$0.10B,$0.03B,28.00%,$0.10B,$0.02B,19.00%,$0.02B,$0.16B,12.52%,$0.02B,$0.16B,12.52%,$0.02B,$0.18B,11.36%,$0.03B,$0.16B,18.45%,$26,$10,$17,$4,$5,$18,$8,$0,$8,$2,$6,$6,$6,$8,$8,$31,32,$0.18,$0.18,$115,$0,$0,$159,$9,$0,$0,$1,$18,$177,$12,$0,$3,$3,$16,$0,$-52,$-1,$162,$177,$18,$4,$11,$15,$-3,$0,$-2,$1,$-5,$29,$-4,$0,$0,$0,$0,$0,$0,$-4,$0,$0,$0,$1,$1,$0,$0,$1,$26,$9,$0
16,2014-09-30,12.61,$4.98,2.53,$3.18,3.97,$2.30,5.49,$0.61,20.67,$0.15B,$0.01B,14.5,$0.00B,$0.15B,0.0,$0.10B,$0.06B,61.39%,$0.10B,$0.03B,29.70%,$0.10B,$0.03B,29.70%,$0.10B,$0.03B,32.67%,$0.10B,$0.03B,29.70%,$0.10B,$0.02B,19.80%,$0.02B,$0.15B,13.79%,$0.02B,$0.15B,13.79%,$0.02B,$0.17B,12.44%,$0.03B,$0.15B,20.69%,$22,$12,$11,$3,$4,$19,$3,$0,$3,$1,$2,$2,$2,$5,$3,$31,32,$0.06,$0.05,$116,$0,$0,$150,$9,$0,$0,$1,$18,$168,$10,$0,$3,$3,$14,$0,$-58,$-0,$154,$168,$13,$3,$8,$12,$8,$0,$-1,$-1,$3,$28,$-3,$0,$0,$0,$0,$0,$0,$-3,$0,$0,$0,$1,$1,$0,$1,$2,$27,$6,$0
17,2014-06-30,21.22,$4.87,4.36,$3.29,6.45,$2.08,10.19,$0.71,29.89,$0.15B,$0.01B,12.06,$0.00B,$0.15B,0.0,$0.10B,$0.07B,63.46%,$0.10B,$0.04B,33.65%,$0.10B,$0.04B,33.65%,$0.10B,$0.04B,34.62%,$0.10B,$0.03B,32.69%,$0.10B,$0.02B,22.12%,$0.02B,$0.15B,16.67%,$0.02B,$0.15B,16.67%,$0.02B,$0.17B,14.94%,$0.04B,$0.15B,25.36%,$25,$9,$16,$3,$5,$17,$8,$-0,$8,$3,$5,$5,$5,$8,$8,$31,32,$0.15,$0.15,$107,$0,$0,$147,$8,$0,$0,$2,$18,$165,$12,$0,$3,$3,$16,$0,$-60,$0,$150,$165,$11,$1,$5,$6,$4,$0,$-0,$-0,$1,$18,$-2,$0,$0,$0,$0,$0,$0,$-2,$0,$0,$0,$-1,$-1,$0,$2,$1,$18,$4,$0
18,2014-03-31,18.17,$4.63,3.93,$3.31,5.49,$1.94,9.36,$0.71,25.59,$0.14B,$0.02B,9.42,$0.00B,$0.14B,0.0,$0.10B,$0.07B,62.50%,$0.10B,$0.03B,32.69%,$0.10B,$0.03B,32.69%,$0.10B,$0.04B,34.62%,$0.10B,$0.03B,31.73%,$0.10B,$0.02B,22.12%,$0.02B,$0.14B,17.76%,$0.02B,$0.14B,17.76%,$0.02B,$0.16B,15.75%,$0.03B,$0.14B,26.25%,$27,$10,$17,$4,$4,$18,$9,$-0,$9,$3,$6,$6,$6,$10,$9,$30,32,$0.21,$0.20,$101,$0,$0,$142,$8,$0,$0,$1,$18,$159,$15,$0,$3,$3,$18,$0,$-64,$0,$141,$159,$6,$0,$4,$4,$2,$0,$-0,$3,$2,$12,$-1,$0,$0,$0,$0,$0,$0,$-1,$0,$0,$0,$0,$0,$0,$0,$0,$12,$2,$0
19,2013-12-31,25.62,$4.43,5.79,$3.25,7.89,$1.56,16.38,$0.66,38.82,$0.13B,$0.01B,10.4,$0.00B,$0.14B,0.0,$0.10B,$0.06B,61.39%,$0.10B,$0.03B,30.69%,$0.10B,$0.03B,30.69%,$0.10B,$0.03B,32.67%,$0.10B,$0.03B,30.69%,$0.10B,$0.02B,21.78%,$0.02B,$0.14B,18.07%,$0.02B,$0.14B,18.07%,$0.02B,$0.15B,15.97%,$0.03B,$0.14B,25.46%,$27,$10,$18,$3,$4,$17,$10,$0,$10,$3,$7,$7,$7,$10,$10,$30,31,$0.23,$0.22,$89,$0,$0,$134,$7,$0,$0,$2,$17,$151,$13,$0,$4,$4,$16,$0,$-71,$0,$135,$151,$21,$1,$11,$12,$-1,$0,$-1,$-3,$-8,$25,$-5,$0,$0,$0,$0,$0,$0,$-5,$0,$0,$0,$7,$7,$0,$0,$7,$28,$7,$0
20,2013-09-30,21.23,$4.18,5.08,$3.18,6.67,$1.32,16.08,$0.58,36.6,$0.12B,$0.01B,10.56,$0.00B,$0.13B,0.0,$0.10B,$0.06B,59.18%,$0.10B,$0.03B,26.53%,$0.10B,$0.03B,26.53%,$0.10B,$0.03B,28.57%,$0.10B,$0.03B,25.51%,$0.10B,$0.04B,39.80%,$0.04B,$0.13B,34.44%,$0.04B,$0.13B,34.44%,$0.04B,$0.14B,29.77%,$0.03B,$0.13B,22.96%,$25,$11,$15,$3,$4,$18,$8,$-0,$7,$3,$5,$5,$5,$8,$8,$30,32,$0.16,$0.15,$85,$0,$0,$122,$6,$0,$0,$2,$19,$141,$12,$0,$4,$4,$15,$0,$-77,$0,$126,$141,$14,$1,$9,$10,$6,$0,$-1,$-2,$-3,$21,$-3,$0,$0,$0,$0,$0,$0,$-3,$0,$0,$0,$6,$6,$0,$0,$6,$24,$5,$0
21,2013-06-30,18.43,$3.90,4.72,$3.12,5.9,$0.85,21.63,$0.60,30.72,$0.11B,$0.01B,8.51,$0.00B,$0.12B,0.0,$0.10B,$0.06B,58.33%,$0.10B,$0.02B,23.96%,$0.10B,$0.02B,23.96%,$0.10B,$0.03B,27.08%,$0.10B,$0.02B,23.96%,$0.10B,$0.04B,40.63%,$0.04B,$0.12B,38.81%,$0.04B,$0.12B,38.81%,$0.04B,$0.13B,32.70%,$0.02B,$0.12B,22.89%,$25,$10,$15,$3,$4,$17,$7,$-0,$7,$3,$5,$5,$5,$8,$7,$30,31,$0.15,$0.15,$77,$0,$0,$114,$6,$0,$0,$2,$19,$133,$13,$0,$3,$3,$17,$0,$-82,$0,$116,$133,$9,$1,$5,$6,$8,$0,$-1,$-3,$-1,$14,$-3,$0,$0,$0,$0,$0,$0,$-3,$0,$0,$0,$3,$3,$0,$0,$3,$15,$3,$0
22,2013-03-31,16.02,$3.71,4.31,$3.09,5.18,$0.64,25.14,$0.61,26.26,$0.11B,$0.01B,7.91,$0.00B,$0.11B,0.0,$0.09B,$0.06B,58.51%,$0.09B,$0.02B,22.34%,$0.09B,$0.02B,22.34%,$0.09B,$0.02B,25.53%,$0.09B,$0.02B,23.40%,$0.09B,$0.04B,41.49%,$0.04B,$0.11B,44.19%,$0.04B,$0.11B,44.32%,$0.04B,$0.13B,36.36%,$0.02B,$0.11B,23.80%,$24,$10,$14,$3,$5,$18,$6,$0,$7,$2,$5,$5,$5,$7,$6,$29,31,$0.16,$0.15,$63,$0,$0,$108,$5,$0,$0,$2,$18,$126,$14,$0,$3,$3,$17,$0,$-87,$-0,$110,$126,$5,$0,$2,$3,$2,$0,$-1,$-2,$-7,$0,$-1,$0,$0,$0,$0,$0,$0,$-1,$0,$0,$0,$2,$2,$0,$1,$2,$2,$1,$0
23,2012-12-31,13.78,$3.46,3.99,$3.02,4.56,$0.61,22.51,$0.58,23.76,$0.10B,$0.02B,5.21,$0.00B,$0.10B,0.0,$0.09B,$0.05B,58.24%,$0.09B,$0.02B,20.88%,$0.09B,$0.02B,20.88%,$0.09B,$0.02B,23.08%,$0.09B,$0.02B,20.88%,$0.09B,$0.04B,40.66%,$0.04B,$0.10B,48.52%,$0.04B,$0.10B,48.68%,$0.04B,$0.12B,38.54%,$0.02B,$0.10B,24.92%,$24,$9,$14,$4,$4,$19,$5,$-0,$4,$-19,$24,$24,$24,$5,$5,$29,30,$0.84,$0.80,$62,$0,$0,$103,$4,$0,$0,$1,$22,$124,$20,$0,$4,$4,$23,$0,$-92,$0,$101,$124,$37,$1,$-15,$-15,$-12,$0,$1,$-2,$-8,$15,$-2,$0,$0,$0,$1,$1,$0,$-1,$0,$0,$0,$2,$2,$0,$0,$2,$16,$5,$0
24,2012-09-30,13.66,$2.60,5.26,$2.84,4.81,$0.47,29.06,$0.52,26.27,$0.09B,$0.02B,5.93,$0.00B,$0.08B,0.0,$0.09B,$0.05B,56.47%,$0.09B,$0.02B,18.82%,$0.09B,$0.02B,18.82%,$0.09B,$0.02B,21.18%,$0.09B,$0.02B,20.00%,$0.09B,$0.02B,17.65%,$0.02B,$0.08B,22.99%,$0.02B,$0.08B,23.17%,$0.02B,$0.09B,17.96%,$0.02B,$0.08B,24.52%,$23,$9,$13,$3,$4,$17,$5,$-0,$5,$0,$5,$5,$5,$6,$5,$29,30,$0.17,$0.17,$51,$0,$0,$89,$4,$0,$0,$1,$5,$94,$15,$0,$3,$3,$18,$0,$-115,$-0,$75,$94,$13,$1,$3,$4,$-13,$0,$-0,$-3,$-13,$5,$-2,$0,$0,$0,$0,$0,$0,$-2,$0,$0,$0,$2,$2,$0,$0,$2,$5,$3,$0
25,2012-06-30,9.87,$2.34,4.22,$2.69,3.67,$0.58,16.88,$0.37,26.68,$0.08B,$0.02B,5.46,$0.00B,$0.07B,0.0,$0.08B,$0.04B,55.70%,$0.08B,$0.01B,16.46%,$0.08B,$0.01B,16.46%,$0.08B,$0.01B,17.72%,$0.08B,$0.01B,17.72%,$0.08B,$0.01B,13.92%,$0.01B,$0.07B,18.33%,$0.01B,$0.07B,18.49%,$0.01B,$0.09B,14.10%,$0.01B,$0.07B,21.67%,$23,$9,$14,$3,$5,$17,$5,$0,$6,$1,$5,$5,$5,$6,$5,$29,30,$0.17,$0.16,$51,$0,$0,$81,$2,$0,$0,$1,$4,$85,$15,$0,$3,$3,$18,$0,$-120,$-0,$67,$85,$8,$1,$2,$3,$-6,$0,$0,$-2,$-6,$5,$-1,$0,$0,$0,$0,$0,$0,$-1,$0,$0,$0,$-1,$-1,$0,$0,$-1,$4,$2,$0
26,2012-03-31,8.43,$2.19,3.85,$2.54,3.32,$0.55,15.23,$0.21,40.14,$0.08B,$0.02B,5.12,$0.00B,$0.06B,0.0,$0.07B,$0.04B,54.79%,$0.07B,$0.01B,12.33%,$0.07B,$0.01B,12.33%,$0.07B,$0.01B,12.33%,$0.07B,$0.01B,12.33%,$0.07B,$0.01B,8.22%,$0.01B,$0.06B,10.62%,$0.01B,$0.06B,10.71%,$0.01B,$0.08B,8.05%,$0.01B,$0.06B,15.93%,$21,$9,$12,$3,$5,$17,$4,$-0,$4,$0,$3,$3,$3,$4,$4,$28,29,$0.12,$0.12,$46,$0,$0,$76,$2,$1,$0,$2,$5,$81,$15,$0,$3,$3,$18,$0,$-125,$-0,$62,$81,$3,$0,$1,$1,$-7,$0,$0,$-0,$-6,$-1,$-0,$0,$0,$0,$0,$0,$0,$-0,$0,$0,$0,$1,$1,$0,$0,$1,$-1,$1,$0
27,2011-12-31,6.97,$2.01,3.47,$2.37,2.94,$0.62,11.16,$0.07,99.57,$0.07B,$0.01B,5.28,$0.00B,$0.06B,0.0,$0.07B,$0.04B,53.73%,$0.07B,$0.01B,7.46%,$0.07B,$0.01B,7.46%,$0.07B,$0.01B,7.46%,$0.07B,$0.00B,5.97%,$0.07B,$0.00B,2.99%,$0.00B,$0.06B,3.70%,$0.00B,$0.06B,3.76%,$0.00B,$0.07B,2.79%,$0.01B,$0.06B,9.26%,$18,$8,$9,$3,$4,$15,$2,$0,$2,$0,$2,$2,$2,$2,$2,$28,28,$0.08,$0.08,$46,$0,$0,$71,$1,$1,$1,$2,$4,$74,$13,$0,$4,$4,$18,$0,$-129,$-0,$57,$74,$2,$1,$4,$5,$1,$0,$-0,$0,$1,$8,$-0,$0,$0,$0,$0,$0,$0,$-0,$-0,$0,$-0,$0,$0,$0,$0,$0,$8,$5,$0
28,2011-09-30,4.08,$1.92,2.12,$2.34,1.74,$0.44,9.17,$0.01,408.0,$0.07B,$0.01B,5.08,$0.00B,$0.05B,0.0,$0.07B,$0.04B,53.85%,$0.07B,$0.00B,6.15%,$0.07B,$0.00B,6.15%,$0.07B,$0.00B,6.15%,$0.07B,$0.00B,4.62%,$0.07B,0,0.00%,$0.00B,$0.05B,0.00%,$0.00B,$0.05B,0.00%,$0.00B,$0.07B,0.00%,$0.00B,$0.05B,7.62%,$17,$8,$9,$3,$4,$15,$2,$0,$2,$1,$1,$1,$1,$2,$2,$28,28,$0.02,$0.02,$44,$0,$0,$69,$1,$1,$1,$1,$3,$72,$14,$0,$4,$4,$18,$0,$-131,$-0,$54,$72,$-0,$1,$3,$4,$2,$0,$-0,$0,$2,$6,$-0,$0,$0,$0,$0,$0,$0,$-0,$-0,$0,$-0,$0,$0,$0,$0,$0,$6,$4,$0
29,2011-06-30,5.96,$1.88,3.17,$2.28,2.61,$0.21,28.48,$-0.01,0.0,$0.07B,$0.01B,4.89,$0.00B,$0.05B,0.0,$0.06B,$0.03B,53.97%,$0.06B,$0.00B,4.76%,$0.06B,$0.00B,4.76%,$0.06B,$0.00B,4.76%,$0.06B,$0.00B,1.59%,$0.06B,$-0.00B,-1.59%,$-0.00B,$0.05B,-1.94%,$-0.00B,$0.05B,-2.00%,$-0.00B,$0.07B,-1.46%,$0.00B,$0.05B,5.83%,$17,$7,$10,$4,$5,$16,$1,$-0,$1,$1,$-0,$-0,$-0,$1,$1,$28,28,$0.00,$0.00,$42,$0,$0,$68,$1,$1,$1,$1,$3,$71,$14,$0,$4,$4,$18,$0,$-131,$0,$53,$71,$-1,$1,$2,$3,$1,$0,$0,$-0,$2,$4,$-0,$0,$0,$0,$0,$0,$0,$-0,$-0,$0,$-0,$-0,$-0,$0,$0,$-0,$4,$3,$0
30,2011-03-31,6.65,$1.86,3.58,$2.23,2.98,$-0.01,0.0,0,0.0,$0.07B,$0.01B,5.14,$0.00B,$0.05B,0.0,$0.06B,$0.03B,54.10%,$0.06B,$0.00B,3.28%,$0.06B,$0.00B,3.28%,$0.06B,$0.00B,4.92%,$0.06B,$0.00B,1.64%,$0.06B,$-0.00B,-1.64%,$-0.00B,$0.05B,-1.99%,$-0.00B,$0.05B,-2.06%,$-0.00B,$0.07B,-1.50%,$0.00B,$0.05B,3.98%,$15,$7,$8,$4,$5,$15,$-0,$-0,$-1,$0,$-1,$-1,$-1,$0,$-0,$28,28,$-0.03,$-0.03,$39,$0,$0,$66,$1,$1,$1,$1,$3,$70,$13,$0,$5,$5,$18,$0,$-130,$0,$52,$70,$-1,$0,$1,$1,$1,$0,$0,$-0,$0,$1,$-0,$0,$0,$0,$0,$0,$0,$-0,$-0,$0,$-0,$1,$1,$0,$0,$1,$1,$1,$0
31,2010-12-31,4.82,$1.84,2.62,$2.26,2.13,$-0.03,0.0,$0.01,482.0,$0.06B,$0.01B,5.03,$0.00B,$0.05B,0.0,$0.06B,$0.03B,55.74%,$0.06B,$0.00B,3.28%,$0.06B,$0.00B,3.28%,$0.06B,$0.00B,6.56%,$0.06B,$0.00B,3.28%,$0.06B,0,0.00%,$0.00B,$0.05B,0.00%,$0.00B,$0.05B,0.00%,$0.00B,$0.07B,0.00%,$0.00B,$0.05B,4.08%,$16,$8,$8,$3,$4,$16,$1,$-0,$1,$1,$0,$0,$0,$1,$1,$27,27,$0.00,$0.00,$38,$0,$0,$63,$1,$1,$1,$2,$5,$68,$13,$0,$5,$5,$18,$0,$-131,$-0,$51,$68,$0,$2,$4,$7,$-4,$0,$0,$1,$-4,$3,$-0,$0,$0,$0,$0,$0,$0,$-0,$-0,$0,$-0,$1,$1,$0,$0,$1,$3,$5,$0
32,2010-09-30,3.69,$1.82,2.03,$2.23,1.66,$-0.32,0.0,$-0.03,0.0,$0.06B,$0.01B,5.74,$0.00B,$0.05B,0.0,$0.06B,$0.03B,53.33%,$0.06B,0,0.00%,$0.06B,0,0.00%,$0.06B,$0.00B,3.33%,$0.06B,0,0.00%,$0.06B,$-0.00B,-1.67%,$-0.00B,$0.05B,-2.09%,$-0.00B,$0.05B,-2.21%,$-0.00B,$0.07B,-1.57%,$0.00B,$0.05B,0.00%,$15,$7,$8,$4,$3,$14,$1,$-1,$-0,$0,$-0,$-0,$-0,$1,$1,$27,27,$0.00,$0.00,$35,$0,$0,$61,$1,$1,$2,$1,$4,$65,$11,$0,$4,$4,$15,$0,$-130,$0,$50,$65,$-0,$2,$3,$5,$-3,$0,$-0,$0,$-6,$-1,$-0,$0,$0,$0,$0,$0,$0,$-0,$-0,$0,$-0,$1,$1,$0,$0,$1,$-0,$4,$0
33,2010-06-30,4.8,$1.78,2.7,$2.21,2.17,$-0.56,0.0,$-0.14,0.0,$0.06B,$0.01B,5.86,$0.00B,$0.05B,0.0,$0.06B,$0.03B,54.24%,$0.06B,$-0.00B,-6.78%,$0.06B,$-0.00B,-6.78%,$0.06B,$-0.00B,-1.69%,$0.06B,$-0.00B,-5.08%,$0.06B,$-0.00B,-6.78%,$-0.00B,$0.05B,-8.56%,$-0.00B,$0.05B,-9.09%,$-0.00B,$0.06B,-6.40%,$-0.00B,$0.05B,-8.56%,$15,$7,$9,$4,$4,$15,$0,$0,$1,$0,$0,$0,$0,$1,$0,$27,27,$0.01,$0.01,$32,$0,$0,$58,$1,$1,$2,$1,$5,$63,$10,$0,$5,$5,$15,$0,$-130,$-0,$48,$63,$-0,$1,$3,$4,$-4,$0,$0,$-1,$-6,$-2,$-0,$0,$0,$0,$0,$0,$0,$-0,$-0,$0,$-0,$0,$0,$0,$0,$0,$-3,$3,$0
34,2010-03-31,4.36,$1.73,2.51,$2.01,2.16,$-0.53,0.0,$-0.40,0.0,$0.06B,$0.01B,5.25,$0.00B,$0.05B,0.0,$0.05B,$0.03B,50.00%,$0.05B,$-0.01B,-18.52%,$0.05B,$-0.01B,-18.52%,$0.05B,$-0.01B,-12.96%,$0.05B,$-0.01B,-18.52%,$0.05B,$-0.01B,-20.37%,$-0.01B,$0.05B,-23.66%,$-0.01B,$0.04B,-25.29%,$-0.01B,$0.06B,-17.46%,$-0.01B,$0.05B,-21.39%,$15,$7,$9,$4,$5,$15,$-0,$0,$0,$1,$-0,$-0,$-0,$1,$-0,$27,27,$-0.01,$-0.01,$35,$0,$0,$57,$1,$1,$3,$1,$5,$63,$11,$0,$5,$5,$16,$0,$-130,$0,$47,$63,$-0,$1,$1,$2,$1,$0,$0,$-1,$-2,$-0,$-0,$0,$0,$0,$0,$0,$0,$-0,$-0,$0,$-0,$0,$0,$0,$0,$0,$0,$2,$0
35,2009-12-31,3.85,$1.72,2.24,$1.84,2.09,$-0.55,0.0,$-0.67,0.0,$0.06B,$0.01B,4.6,$0.00B,$0.05B,0.0,$0.05B,$0.02B,44.90%,$0.05B,$-0.02B,-34.69%,$0.05B,$-0.02B,-34.69%,$0.05B,$-0.02B,-30.61%,$0.05B,$-0.02B,-34.69%,$0.05B,$-0.02B,-36.73%,$-0.02B,$0.05B,-37.50%,$-0.02B,$0.04B,-40.45%,$-0.02B,$0.06B,-27.69%,$-0.02B,$0.05B,-35.23%,$15,$9,$6,$2,$4,$16,$-1,$0,$-1,$0,$-1,$-1,$-1,$-1,$-1,$26,26,$-0.05,$-0.05,$35,$0,$0,$58,$2,$1,$3,$0,$6,$63,$13,$0,$5,$5,$18,$0,$-130,$1,$46,$63,$-18,$3,$5,$8,$5,$0,$-0,$3,$6,$-5,$-1,$0,$0,$9,$0,$9,$0,$8,$-0,$0,$-0,$1,$1,$0,$0,$0,$3,$5,$0
36,2009-09-30,3.49,$1.74,2.01,$1.78,1.96,$-0.12,0.0,$-3.56,0.0,$0.05B,$0.01B,5.44,$0.00B,$0.05B,0.0,$0.05B,$0.02B,39.58%,$0.05B,$-0.10B,-197.92%,$0.05B,$-0.10B,-197.92%,$0.05B,$-0.09B,-189.58%,$0.05B,$-0.10B,-197.92%,$0.05B,$-0.10B,-200.00%,$-0.10B,$0.05B,-186.41%,$-0.10B,$0.04B,-202.11%,$-0.10B,$0.06B,-138.63%,$-0.10B,$0.05B,-183.57%,$14,$6,$8,$5,$4,$16,$-3,$0,$-3,$0,$-3,$-3,$-3,$-2,$-3,$26,26,$-0.11,$-0.11,$33,$0,$0,$54,$2,$1,$3,$0,$7,$61,$10,$0,$5,$5,$15,$0,$-129,$1,$46,$61,$-17,$2,$3,$5,$7,$0,$0,$1,$5,$-7,$-0,$0,$0,$9,$0,$9,$0,$9,$-0,$0,$-0,$1,$1,$0,$0,$0,$1,$4,$0
37,2009-06-30,2.55,$1.80,1.42,$1.94,1.32,$0.22,11.38,$-3.89,0.0,$0.06B,$0.01B,4.64,$0.00B,$0.05B,0.01,$0.05B,$0.02B,41.51%,$0.05B,$-0.09B,-177.36%,$0.05B,$-0.09B,-177.36%,$0.05B,$-0.09B,-169.81%,$0.05B,$-0.10B,-179.25%,$0.05B,$-0.11B,-198.11%,$-0.11B,$0.05B,-139.53%,$-0.11B,$0.04B,-196.26%,$-0.11B,$0.07B,-111.70%,$-0.09B,$0.05B,-124.09%,$10,$5,$4,$5,$4,$16,$-6,$-0,$-6,$0,$-7,$-7,$-7,$-5,$-6,$26,26,$-0.25,$-0.25,$38,$0,$0,$58,$2,$1,$4,$0,$8,$65,$12,$0,$5,$5,$18,$0,$-127,$1,$47,$65,$-14,$2,$2,$4,$8,$0,$0,$2,$9,$-1,$-0,$0,$0,$7,$0,$7,$0,$7,$-0,$0,$-0,$0,$0,$0,$0,$0,$5,$2,$0
38,2009-03-31,1.57,$2.01,0.78,$2.34,0.67,$0.31,5.03,$-3.71,0.0,$0.06B,$0.01B,4.75,$0.00B,$0.05B,0.01,$0.06B,$0.03B,48.44%,$0.06B,$-0.09B,-142.19%,$0.06B,$-0.09B,-142.19%,$0.06B,$-0.09B,-135.94%,$0.06B,$-0.09B,-143.75%,$0.06B,$-0.10B,-156.25%,$-0.10B,$0.05B,-97.80%,$-0.10B,$0.05B,-161.94%,$-0.10B,$0.07B,-81.80%,$-0.09B,$0.05B,-88.56%,$10,$7,$4,$6,$4,$18,$-7,$0,$-7,$0,$-7,$-7,$-7,$-7,$-7,$26,26,$-0.28,$-0.28,$39,$0,$0,$63,$2,$1,$4,$0,$8,$71,$13,$0,$5,$5,$19,$0,$-120,$0,$53,$71,$-7,$1,$1,$2,$5,$0,$0,$1,$5,$-0,$-0,$0,$0,$3,$0,$3,$0,$2,$-0,$0,$-0,$0,$0,$0,$0,$0,$1,$1,$0
39,2008-12-31,1.44,$2.31,0.62,$2.68,0.54,$0.30,4.8,$-3.52,0.0,$0.07B,$0.02B,4.87,$0.00B,$0.06B,0.01,$0.07B,$0.04B,52.70%,$0.07B,$-0.09B,-118.92%,$0.07B,$-0.09B,-118.92%,$0.07B,$-0.08B,-110.81%,$0.07B,$-0.09B,-118.92%,$0.07B,$-0.10B,-129.73%,$-0.10B,$0.06B,-74.85%,$-0.10B,$0.06B,-138.63%,$-0.10B,$0.08B,-64.21%,$-0.09B,$0.06B,-68.22%,$14,$11,$3,$8,$4,$92,$-79,$-0,$-79,$0,$-79,$-79,$-79,$-77,$-79,$28,28,$-2.88,$-2.88,$41,$0,$0,$71,$3,$1,$5,$1,$9,$80,$15,$1,$5,$5,$20,$0,$-113,$2,$60,$80,$-96,$5,$81,$86,$14,$0,$-2,$0,$17,$8,$-1,$0,$-2,$-0,$0,$-0,$0,$-3,$-0,$0,$-0,$-6,$-6,$0,$0,$-7,$-4,$7,$0
40,2008-09-30,5.2,$5.13,1.01,$3.05,1.7,$0.04,146.89,$-0.56,0.0,$0.08B,$0.01B,6.02,$0.00B,$0.14B,0.0,$0.09B,$0.05B,58.82%,$0.09B,$-0.01B,-12.94%,$0.09B,$-0.01B,-12.94%,$0.09B,$-0.01B,-7.06%,$0.09B,$-0.01B,-12.94%,$0.09B,$-0.02B,-18.82%,$-0.02B,$0.14B,-10.51%,$-0.02B,$0.07B,-21.33%,$-0.02B,$0.16B,-9.18%,$-0.01B,$0.14B,-7.18%,$19,$8,$11,$8,$5,$21,$-2,$-0,$-3,$9,$-12,$-12,$-12,$-1,$-2,$28,28,$-0.44,$-0.44,$42,$0,$0,$81,$3,$1,$74,$0,$79,$160,$13,$1,$5,$5,$19,$0,$-34,$2,$141,$160,$-17,$4,$14,$18,$5,$0,$-2,$-0,$2,$3,$-1,$0,$0,$-6,$0,$-6,$0,$-7,$-0,$0,$-0,$-2,$-2,$0,$0,$-3,$-8,$5,$0
41,2008-06-30,5.95,$5.64,1.05,$3.22,1.85,$0.10,59.98,$-0.15,0.0,$0.08B,$0.02B,5.45,$0.00B,$0.16B,0.01,$0.09B,$0.05B,60.00%,$0.09B,$-0.01B,-11.11%,$0.09B,$-0.01B,-11.11%,$0.09B,$-0.00B,-3.33%,$0.09B,$-0.01B,-10.00%,$0.09B,$-0.01B,-5.56%,$-0.01B,$0.16B,-3.23%,$-0.01B,$0.08B,-6.51%,$-0.01B,$0.18B,-2.80%,$-0.01B,$0.16B,-6.41%,$21,$8,$13,$9,$6,$24,$-3,$0,$-3,$-1,$-2,$-2,$-2,$-2,$-3,$28,28,$-0.07,$-0.07,$43,$0,$0,$84,$3,$1,$78,$0,$94,$178,$15,$1,$6,$7,$23,$0,$-21,$5,$155,$178,$-4,$3,$1,$3,$3,$0,$-1,$-0,$2,$1,$-1,$0,$0,$-4,$0,$-4,$0,$-5,$-0,$0,$-0,$-3,$-3,$0,$0,$-3,$-5,$4,$0
42,2008-03-31,5.51,$5.65,0.98,$3.30,1.67,$0.11,48.5,$-0.11,0.0,$0.09B,$0.02B,5.33,$0.00B,$0.16B,0.01,$0.09B,$0.06B,60.22%,$0.09B,$-0.01B,-8.60%,$0.09B,$-0.01B,-8.60%,$0.09B,$0.00B,1.08%,$0.09B,$-0.01B,-7.53%,$0.09B,$-0.00B,-4.30%,$-0.00B,$0.16B,-2.58%,$-0.00B,$0.08B,-5.25%,$-0.00B,$0.18B,-2.23%,$-0.01B,$0.16B,-5.13%,$20,$8,$12,$9,$6,$24,$-4,$0,$-3,$-1,$-3,$-3,$-3,$-2,$-4,$28,28,$-0.09,$-0.09,$43,$0,$0,$87,$3,$1,$79,$0,$93,$180,$16,$1,$6,$7,$23,$0,$-19,$5,$157,$180,$-3,$1,$1,$2,$0,$0,$-1,$1,$-0,$-1,$-0,$0,$0,$-1,$0,$-1,$0,$-2,$-0,$0,$-0,$-1,$-1,$0,$0,$-1,$-2,$2,$0
43,2007-12-31,9.01,$5.60,1.61,$3.36,2.68,$0.11,81.83,$-0.11,0.0,$0.09B,$0.02B,5.43,$0.00B,$0.16B,0.01,$0.10B,$0.06B,60.00%,$0.10B,$-0.01B,-6.32%,$0.10B,$-0.01B,-6.32%,$0.10B,$0.00B,4.21%,$0.10B,$-0.01B,-6.32%,$0.10B,$-0.00B,-3.16%,$-0.00B,$0.16B,-1.96%,$-0.00B,$0.08B,-3.95%,$-0.00B,$0.18B,-1.69%,$-0.01B,$0.16B,-3.90%,$25,$10,$14,$10,$7,$27,$-2,$1,$-2,$-3,$1,$1,$1,$-1,$-2,$28,28,$0.03,$0.03,$45,$0,$0,$89,$4,$0,$78,$0,$91,$179,$16,$1,$6,$7,$23,$0,$-17,$3,$156,$179,$-3,$11,$3,$14,$-11,$0,$0,$-1,$-9,$1,$-2,$0,$-5,$7,$0,$7,$0,$0,$-0,$-0,$-1,$-3,$-3,$0,$0,$-4,$-1,$8,$0
44,2007-09-30,9.88,$5.44,1.82,$3.19,3.1,$0.34,29.48,$-0.17,0.0,$0.09B,$0.02B,4.83,$0.00B,$0.15B,0.01,$0.09B,$0.05B,59.55%,$0.09B,$-0.01B,-10.11%,$0.09B,$0.02B,16.85%,$0.09B,$0.00B,3.37%,$0.09B,$0.02B,16.85%,$0.09B,$0.02B,16.85%,$0.02B,$0.15B,9.93%,$0.02B,$0.07B,19.93%,$0.02B,$0.18B,8.56%,$-0.01B,$0.15B,-5.92%,$24,$9,$15,$9,$6,$25,$-1,$0,$-1,$0,$-1,$-1,$-1,$2,$-1,$28,28,$-0.03,$-0.03,$50,$0,$0,$88,$4,$0,$78,$0,$89,$177,$18,$1,$5,$6,$25,$0,$-18,$3,$152,$177,$-4,$9,$2,$11,$-5,$0,$-1,$1,$-1,$6,$-2,$0,$-5,$5,$0,$5,$0,$-1,$-0,$-0,$-1,$-2,$-2,$0,$0,$-3,$2,$5,$0
45,2007-06-30,11.83,$5.44,2.17,$3.04,3.89,$0.36,33.03,$-0.12,0.0,$0.09B,$0.02B,4.66,$0.00B,$0.16B,0.01,$0.08B,$0.05B,58.33%,$0.08B,$-0.01B,-9.52%,$0.08B,$0.02B,19.05%,$0.08B,$0.00B,3.57%,$0.08B,$0.02B,20.24%,$0.08B,$0.02B,20.24%,$0.02B,$0.16B,11.62%,$0.02B,$0.08B,21.52%,$0.02B,$0.18B,10.12%,$-0.01B,$0.16B,-5.44%,$24,$9,$15,$9,$7,$25,$-1,$1,$-1,$-0,$-1,$-1,$-1,$2,$-1,$28,28,$-0.02,$-0.02,$54,$0,$0,$91,$4,$0,$80,$0,$89,$181,$20,$1,$5,$6,$26,$0,$-17,$2,$155,$181,$-3,$6,$2,$8,$-5,$0,$-1,$2,$-2,$2,$-1,$0,$-2,$-2,$0,$-2,$0,$-5,$-0,$-0,$-1,$2,$2,$0,$0,$1,$-1,$4,$0
46,2007-03-31,11.29,$5.31,2.13,$2.87,3.93,$0.49,22.98,$-0.12,0.0,$0.09B,$0.02B,4.69,$0.00B,$0.15B,0.01,$0.08B,$0.04B,56.41%,$0.08B,$-0.01B,-11.54%,$0.08B,$0.02B,19.23%,$0.08B,$0.00B,1.28%,$0.08B,$0.02B,21.79%,$0.08B,$0.02B,21.79%,$0.02B,$0.15B,12.14%,$0.02B,$0.08B,20.92%,$0.02B,$0.17B,10.71%,$-0.01B,$0.15B,-6.41%,$22,$9,$13,$8,$6,$25,$-2,$0,$-2,$0,$-2,$-2,$-2,$1,$-2,$28,28,$-0.08,$-0.08,$51,$0,$0,$91,$4,$0,$72,$1,$83,$174,$19,$1,$5,$6,$26,$0,$-17,$1,$149,$174,$-2,$3,$0,$3,$-8,$0,$-1,$4,$-2,$-1,$-0,$0,$-2,$-2,$0,$-2,$0,$-4,$-0,$0,$-0,$0,$0,$0,$0,$0,$-4,$2,$0
47,2006-12-31,14.45,$5.30,2.72,$2.78,5.19,$0.60,24.14,$-0.02,0.0,$0.09B,$0.02B,4.47,$0.00B,$0.15B,0.01,$0.08B,$0.04B,56.58%,$0.08B,$-0.01B,-7.89%,$0.08B,$0.02B,23.68%,$0.08B,$0.00B,3.95%,$0.08B,$0.02B,26.32%,$0.08B,$0.02B,25.00%,$0.02B,$0.15B,14.10%,$0.02B,$0.08B,23.17%,$0.02B,$0.17B,12.60%,$-0.01B,$0.15B,-4.44%,$19,$9,$10,$8,$5,$24,$-5,$0,$19,$-4,$19,$19,$19,$-2,$19,$27,27,$-0.02,$-0.02,$53,$0,$0,$86,$4,$0,$74,$0,$83,$169,$19,$1,$0,$1,$21,$0,$-14,$0,$148,$169,$-0,$9,$2,$8,$-4,$0,$0,$-0,$-0,$8,$-2,$0,$-19,$-14,$0,$-14,$0,$-35,$-0,$0,$-0,$8,$8,$0,$0,$8,$8,$7,$0
