,Date,Stock Price,Book Value per Share,Price to Book Ratio,TTM Sales per Share,Price to Sales Ratio,TTM FCF per Share,Price to FCF Ratio,TTM Net EPS,PE Ratio,Current Assets,Current Liabilities,Current Ratio,Long Term Debt,Shareholder's Equity_x,Debt to Equity Ratio,TTM Revenue_x,TTM Gross Profit,Gross Margin,TTM Revenue_y,TTM Operating Income,Operating Margin,TTM Revenue_x,TTM EBIT,EBIT Margin,TTM Revenue_y,TTM EBITDA,EBITDA Margin,TTM Revenue_x,TTM Pre-Tax Income,Pre-Tax Margin,TTM Revenue_y,TTM Net Income_x,Net Margin,TTM Net Income_y,Shareholder's Equity_y,Return on Equity,TTM Net Income_x,Tangible Equity,Return on Tangible Equity,TTM Net Income_y,Total Assets,Return on Assets,TTM Net Income,LT Investments & Debt,Return on Investment,revenue,cost-goods-sold,gross-profit,research-development-expenses,selling-general-administrative-expenses,operating-expenses,operating-income,total-non-operating-income-expense,pre-tax-income,total-provision-income-taxes,income-after-taxes,income-from-continuous-operations,net-income,ebitda,ebit,basic-shares-outstanding,shares-outstanding,eps-basic-net-earnings-per-share,eps-earnings-per-share-diluted,cash-on-hand,inventory,other-current-assets,total-current-assets,net-property-plant-equipment,long-term-investments,goodwill-intangible-assets-total,other-long-term-assets,total-long-term-assets,total-assets,total-current-liabilities,long-term-debt,other-non-current-liabilities,total-long-term-liabilities,total-liabilities,common-stock-net,retained-earnings-accumulated-deficit,comprehensive-income,total-share-holder-equity,total-liabilities-share-holders-equity,net-income-loss,total-depreciation-amortization-cash-flow,other-non-cash-items,total-non-cash-items,change-in-accounts-receivable,change-in-inventories,change-in-accounts-payable,change-in-assets-liabilities,total-change-in-assets-liabilities,cash-flow-from-operating-activities,net-change-in-property-plant-equipment,net-change-in-intangible-assets,net-acquisitions-divestitures,net-change-in-short-term-investments,net-change-in-long-term-investments,net-change-in-investments-total,investing-activities-other,cash-flow-from-investing-activities,net-long-term-debt,net-current-debt,debt-issuance-retirement-net-total,net-common-equity-issued-repurchased,net-total-equity-issued-repurchased,total-common-preferred-stock-dividends-paid,financial-activities-other,cash-flow-from-financial-activities,net-cash-flow,stock-based-compensation,common-stock-dividends-paid
0,2018-09-30,2.63,$5.07,0.52,$1.48,1.78,$-0.12,0.0,$-0.60,0.0,$0.51B,$0.05B,10.88,$0.12B,$0.74B,0.17,$0.22B,$0.17B,74.77%,$0.22B,$-0.05B,-24.32%,$0.22B,$-0.05B,-24.32%,$0.22B,$-0.02B,-9.46%,$0.22B,$-0.06B,-26.13%,$0.22B,$-0.06B,-27.93%,$-0.06B,$0.74B,-7.90%,$-0.06B,$0.31B,-20.67%,$-0.06B,$0.98B,-5.80%,$-0.05B,$0.86B,-5.97%,$68,$12,$56,$1,$17,$31,$37,$-1,$35,$10,$26,$26,$26,$41,$37,$143,144,$0.18,$0.18,$401,$13,$0,$508,$9,$0,$431,$26,$477,$984,$47,$123,$76,$198,$245,$1,$836,$0,$739,$984,$-85,$23,$64,$87,$16,$-3,$-11,$-5,$-13,$-11,$-5,$37,$0,$0,$4,$4,$0,$37,$-126,$0,$-126,$-25,$-25,$0,$0,$-151,$-126,$5,$0
1,2018-06-30,2.34,$4.88,0.48,$1.42,1.65,$0.37,6.39,$-0.46,0.0,$0.51B,$0.05B,11.13,$0.12B,$0.71B,0.17,$0.22B,$0.17B,76.96%,$0.22B,$-0.06B,-26.73%,$0.22B,$-0.06B,-26.73%,$0.22B,$-0.02B,-8.76%,$0.22B,$-0.07B,-31.34%,$0.22B,$-0.07B,-30.88%,$-0.07B,$0.71B,-8.31%,$-0.07B,$0.32B,-23.49%,$-0.07B,$0.95B,-5.94%,$-0.06B,$0.83B,-6.27%,$47,$15,$32,$1,$20,$172,$-125,$-1,$-127,$-14,$-112,$-112,$-112,$-116,$-125,$147,147,$-0.76,$-0.76,$396,$15,$0,$509,$9,$0,$390,$26,$437,$946,$46,$121,$67,$188,$233,$1,$811,$0,$713,$946,$-111,$19,$95,$114,$11,$-5,$-9,$-13,$-23,$-20,$-4,$38,$0,$0,$4,$4,$0,$38,$-126,$0,$-126,$-24,$-24,$0,$0,$-150,$-132,$2,$0
2,2018-03-31,2.94,$5.52,0.53,$2.02,1.46,$0.92,3.21,$0.69,4.26,$0.51B,$0.05B,10.03,$0.12B,$0.84B,0.14,$0.31B,$0.27B,87.26%,$0.31B,$0.18B,57.32%,$0.31B,$0.18B,57.32%,$0.31B,$0.22B,69.75%,$0.31B,$0.17B,55.10%,$0.31B,$0.11B,33.44%,$0.11B,$0.84B,12.61%,$0.11B,$0.29B,39.44%,$0.11B,$1.10B,8.63%,$0.18B,$0.96B,18.96%,$39,$11,$28,$1,$17,$34,$4,$-2,$3,$1,$2,$2,$2,$14,$4,$151,153,$0.01,$0.01,$405,$14,$0,$511,$8,$0,$555,$9,$589,$1100,$51,$119,$87,$206,$257,$2,$944,$0,$843,$1100,$2,$9,$-11,$-1,$9,$-5,$-10,$-1,$-14,$-14,$-1,$19,$0,$0,$4,$4,$0,$21,$-126,$0,$-126,$-4,$-4,$0,$0,$-130,$-122,$1,$0
3,2017-12-31,2.74,$5.50,0.5,$2.04,1.34,$1.34,2.05,$0.72,3.81,$0.64B,$0.19B,3.32,$0.12B,$0.85B,0.14,$0.32B,$0.29B,90.31%,$0.32B,$0.20B,60.94%,$0.32B,$0.20B,60.94%,$0.32B,$0.23B,72.50%,$0.32B,$0.18B,57.50%,$0.32B,$0.11B,34.38%,$0.11B,$0.85B,13.53%,$0.11B,$0.28B,42.97%,$0.11B,$1.24B,8.79%,$0.20B,$0.96B,21.02%,$68,$18,$50,$1,$16,$38,$30,$1,$31,$9,$22,$22,$22,$40,$30,$155,156,$0.14,$0.14,$532,$9,$0,$640,$7,$0,$565,$13,$603,$1243,$193,$117,$87,$204,$397,$2,$946,$1,$846,$1243,$111,$38,$-127,$-89,$10,$-1,$11,$-10,$19,$41,$-1,$107,$0,$0,$92,$92,$261,$459,$0,$0,$0,$-30,$-30,$-0,$-89,$-119,$380,$3,$-0
4,2017-09-30,3.39,$5.33,0.64,$2.01,1.68,$1.71,1.99,$0.51,6.65,$0.61B,$0.19B,3.16,$0.12B,$0.82B,0.14,$0.32B,$0.31B,95.91%,$0.32B,$0.16B,49.37%,$0.32B,$0.16B,49.37%,$0.32B,$0.19B,61.01%,$0.32B,$0.14B,43.40%,$0.32B,$0.08B,24.53%,$0.08B,$0.82B,9.87%,$0.08B,$0.25B,35.94%,$0.08B,$1.22B,6.27%,$0.16B,$0.94B,16.81%,$63,$6,$57,$1,$17,$30,$33,$-7,$25,$5,$21,$21,$21,$43,$33,$151,152,$0.14,$0.14,$516,$12,$0,$613,$8,$0,$574,$8,$611,$1224,$194,$116,$91,$207,$401,$2,$923,$1,$823,$1224,$88,$28,$-101,$-73,$23,$-2,$1,$-1,$43,$58,$-1,$74,$0,$0,$90,$90,$261,$424,$0,$0,$0,$-30,$-30,$-0,$-89,$-119,$363,$3,$-0
5,2017-06-30,2.47,$5.31,0.46,$1.93,1.28,$1.86,1.33,$0.45,5.49,$0.54B,$0.28B,1.94,$0.11B,$0.82B,0.14,$0.31B,$0.30B,97.73%,$0.31B,$0.16B,50.81%,$0.31B,$0.16B,50.81%,$0.31B,$0.19B,62.14%,$0.31B,$0.14B,45.63%,$0.31B,$0.07B,22.98%,$0.07B,$0.82B,9.19%,$0.07B,$0.25B,38.64%,$0.07B,$1.30B,5.71%,$0.16B,$0.93B,16.59%,$144,$5,$139,$4,$15,$31,$113,$2,$114,$54,$60,$60,$60,$122,$113,$156,156,$0.39,$0.39,$435,$11,$0,$537,$9,$0,$571,$8,$765,$1302,$276,$114,$93,$207,$483,$2,$933,$0,$819,$1302,$68,$18,$-63,$-45,$15,$-2,$1,$9,$39,$62,$-1,$48,$0,$0,$9,$9,$116,$173,$0,$0,$0,$-30,$-30,$-0,$-2,$-32,$202,$2,$-0
6,2017-03-31,2.27,$4.66,0.49,$1.14,2.0,$2.05,1.11,$0.09,25.22,$0.54B,$0.28B,1.98,$0.11B,$0.76B,0.15,$0.19B,$0.18B,98.92%,$0.19B,$0.06B,29.57%,$0.19B,$0.06B,29.57%,$0.19B,$0.08B,44.62%,$0.19B,$0.03B,18.28%,$0.19B,$0.02B,8.06%,$0.02B,$0.76B,1.99%,$0.02B,$0.25B,6.76%,$0.02B,$1.24B,1.27%,$0.06B,$0.88B,5.75%,$45,$3,$43,$2,$15,$27,$19,$-5,$14,$7,$7,$7,$7,$27,$19,$164,164,$0.04,$0.04,$409,$4,$0,$544,$1,$0,$516,$8,$694,$1238,$275,$112,$87,$200,$475,$2,$872,$0,$763,$1238,$7,$9,$5,$13,$18,$-1,$11,$-13,$25,$46,$7,$13,$0,$0,$0,$0,$108,$129,$0,$0,$0,$-8,$-8,$-0,$0,$-8,$167,$1,$-0
7,2016-12-31,2.12,$4.56,0.46,$1.49,1.42,$2.29,0.93,$0.39,5.44,$0.40B,$0.13B,3.05,$0.23B,$0.76B,0.31,$0.24B,$0.24B,100.00%,$0.24B,$0.13B,52.87%,$0.24B,$0.13B,52.87%,$0.24B,$0.15B,62.30%,$0.24B,$0.11B,44.67%,$0.24B,$0.06B,26.23%,$0.06B,$0.76B,8.56%,$0.06B,$0.13B,24.90%,$0.06B,$1.22B,5.64%,$0.13B,$0.99B,13.16%,$66,$0,$66,$2,$13,$74,$-8,$-7,$-15,$-4,$-10,$-10,$-10,$2,$-8,$164,164,$-0.06,$-0.06,$242,$3,$0,$398,$0,$0,$631,$7,$817,$1215,$130,$232,$97,$330,$460,$2,$857,$0,$755,$1215,$64,$22,$30,$52,$-40,$-3,$7,$-1,$-14,$102,$-0,$13,$-110,$-75,$-18,$-93,$46,$-145,$30,$-25,$5,$0,$0,$-17,$-17,$-29,$-72,$4,$-17
8,2016-09-30,3.35,$4.55,0.74,$2.17,1.54,$3.51,0.95,$1.06,3.16,$0.36B,$0.12B,2.92,$0.24B,$0.75B,0.31,$0.36B,$0.36B,100.00%,$0.36B,$0.30B,83.99%,$0.36B,$0.30B,83.99%,$0.36B,$0.32B,88.48%,$0.36B,$0.29B,80.62%,$0.36B,$0.18B,49.16%,$0.18B,$0.75B,23.87%,$0.18B,$0.12B,58.33%,$0.18B,$1.22B,16.16%,$0.30B,$0.99B,31.00%,$54,$0,$54,$2,$10,$21,$33,$-4,$28,$14,$14,$14,$14,$41,$33,$164,164,$0.08,$0.08,$190,$2,$0,$355,$0,$0,$638,$9,$861,$1216,$122,$235,$106,$341,$462,$2,$867,$0,$754,$1216,$74,$12,$11,$23,$-32,$-2,$7,$3,$-11,$86,$0,$-12,$0,$-75,$-6,$-81,$-63,$-157,$0,$-25,$-25,$0,$0,$-16,$-0,$-42,$-112,$3,$-16
9,2016-06-30,3.14,$4.46,0.7,$2.61,1.2,$4.40,0.71,$1.40,2.24,$0.32B,$0.02B,14.19,$0.23B,$0.74B,0.32,$0.43B,$0.43B,100.00%,$0.43B,$0.38B,89.46%,$0.43B,$0.38B,89.46%,$0.43B,$0.39B,92.04%,$0.43B,$0.37B,86.42%,$0.43B,$0.23B,53.86%,$0.23B,$0.74B,33.17%,$0.23B,$0.40B,71.04%,$0.23B,$1.05B,22.24%,$0.38B,$0.97B,40.78%,$21,$0,$21,$0,$7,$10,$11,$-4,$7,$3,$4,$4,$4,$13,$11,$164,164,$0.03,$0.03,$222,$0,$0,$321,$0,$75,$339,$12,$728,$1049,$23,$233,$55,$288,$311,$2,$854,$0,$739,$1049,$60,$4,$22,$26,$-3,$0,$1,$1,$9,$95,$0,$32,$0,$-75,$2,$-73,$-115,$-156,$0,$-25,$-25,$0,$0,$-16,$0,$-41,$-103,$2,$-16
10,2016-03-31,3.28,$4.50,0.73,$3.31,0.99,$4.76,0.69,$1.84,1.78,$0.38B,$0.03B,13.04,$0.23B,$0.74B,0.31,$0.54B,$0.54B,100.00%,$0.54B,$0.50B,92.28%,$0.54B,$0.50B,92.28%,$0.54B,$0.51B,94.49%,$0.54B,$0.49B,89.34%,$0.54B,$0.30B,55.88%,$0.30B,$0.74B,47.46%,$0.30B,$0.39B,106.48%,$0.30B,$1.06B,29.77%,$0.50B,$0.97B,56.04%,$103,$0,$103,$0,$10,$10,$93,$-4,$89,$33,$56,$56,$56,$96,$93,$164,164,$0.34,$0.34,$292,$0,$0,$377,$0,$0,$355,$10,$678,$1055,$29,$231,$53,$284,$313,$2,$858,$0,$743,$1055,$56,$2,$20,$22,$0,$0,$0,$-2,$14,$93,$0,$17,$0,$0,$0,$0,$-5,$12,$0,$-25,$-25,$0,$0,$-8,$0,$-33,$72,$1,$-8
11,2015-12-31,3.44,$4.24,0.81,$3.56,0.96,$4.62,0.74,$2.00,1.72,$0.28B,$0.04B,7.7,$0.23B,$0.70B,0.33,$0.59B,$0.59B,100.00%,$0.59B,$0.55B,93.23%,$0.59B,$0.55B,93.23%,$0.59B,$0.56B,95.43%,$0.59B,$0.53B,89.85%,$0.59B,$0.33B,56.18%,$0.33B,$0.70B,58.48%,$0.33B,$0.30B,141.88%,$0.33B,$1.01B,32.05%,$0.55B,$0.93B,65.99%,$178,$0,$178,$0,$13,$17,$162,$1,$163,$62,$101,$101,$101,$165,$162,$163,164,$0.62,$0.64,$220,$0,$0,$283,$0,$0,$399,$8,$729,$1012,$37,$229,$51,$280,$316,$2,$810,$2,$696,$1012,$333,$13,$-54,$-41,$0,$0,$0,$10,$9,$301,$-0,$-72,$0,$0,$2,$2,$-10,$-80,$-220,$25,$-195,$0,$0,$-98,$-1,$-294,$-72,$2,$-98
12,2015-09-30,4.69,$3.64,1.29,$3.15,1.49,$4.47,1.05,$1.71,2.74,$0.31B,$0.10B,3.24,$0.28B,$0.60B,0.47,$0.53B,$0.53B,100.00%,$0.53B,$0.49B,92.08%,$0.53B,$0.49B,92.08%,$0.53B,$0.50B,95.09%,$0.53B,$0.46B,86.42%,$0.53B,$0.29B,53.96%,$0.29B,$0.60B,56.22%,$0.29B,$0.21B,136.19%,$0.29B,$1.02B,27.95%,$0.49B,$0.88B,61.93%,$125,$0,$125,$0,$8,$8,$116,$-6,$110,$41,$69,$69,$69,$119,$116,$164,164,$0.42,$0.42,$230,$0,$0,$307,$0,$0,$385,$7,$714,$1021,$95,$282,$48,$330,$425,$2,$709,$3,$596,$1021,$232,$10,$-9,$0,$-0,$0,$0,$3,$-1,$231,$-0,$-106,$0,$0,$1,$1,$12,$-93,$-177,$50,$-127,$0,$0,$-74,$-1,$-202,$-64,$1,$-74
13,2015-06-30,5.82,$3.22,1.81,$3.38,1.73,$4.39,1.33,$1.90,3.07,$0.37B,$0.14B,2.55,$0.28B,$0.53B,0.53,$0.57B,$0.57B,100.00%,$0.57B,$0.53B,93.16%,$0.57B,$0.53B,93.16%,$0.57B,$0.55B,96.14%,$0.57B,$0.50B,87.37%,$0.57B,$0.32B,55.96%,$0.32B,$0.53B,69.31%,$0.32B,$0.25B,161.72%,$0.32B,$1.00B,31.49%,$0.53B,$0.81B,71.98%,$138,$0,$138,$0,$7,$7,$131,$-7,$124,$45,$78,$78,$78,$134,$131,$164,165,$0.48,$0.47,$294,$0,$0,$367,$0,$0,$281,$7,$628,$996,$144,$280,$45,$324,$468,$2,$640,$5,$527,$996,$163,$7,$-14,$-7,$-0,$0,$0,$4,$0,$156,$0,$2,$0,$-5,$0,$-5,$0,$-3,$-177,$75,$-102,$0,$0,$-49,$-1,$-152,$1,$1,$-49
14,2015-03-31,6.23,$2.76,2.25,$3.46,1.8,$4.27,1.46,$1.95,3.19,$0.50B,$0.34B,1.46,$0.28B,$0.45B,0.62,$0.60B,$0.60B,100.00%,$0.60B,$0.56B,93.45%,$0.60B,$0.56B,93.45%,$0.60B,$0.58B,96.64%,$0.60B,$0.52B,87.39%,$0.60B,$0.33B,55.97%,$0.33B,$0.45B,82.68%,$0.33B,$0.18B,224.62%,$0.33B,$1.11B,33.53%,$0.56B,$0.73B,81.98%,$150,$0,$150,$0,$8,$8,$142,$-9,$134,$49,$84,$84,$84,$146,$142,$163,170,$0.52,$0.50,$419,$0,$0,$501,$0,$0,$270,$6,$613,$1114,$343,$278,$41,$319,$662,$2,$562,$8,$452,$1114,$84,$4,$-8,$-3,$0,$0,$0,$-5,$-9,$72,$0,$1,$0,$0,$0,$0,$0,$1,$-22,$100,$78,$0,$0,$-25,$-1,$53,$125,$1,$-25
15,2014-12-31,6.68,$2.84,2.35,$3.41,1.96,$4.26,1.57,$1.89,3.54,$0.36B,$0.19B,1.89,$0.28B,$0.46B,0.6,$0.58B,$0.58B,100.00%,$0.58B,$0.55B,93.81%,$0.58B,$0.55B,93.81%,$0.58B,$0.57B,97.25%,$0.58B,$0.50B,86.25%,$0.58B,$0.32B,55.33%,$0.32B,$0.46B,94.64%,$0.32B,$0.20B,331.11%,$0.32B,$0.96B,34.71%,$0.55B,$0.74B,88.93%,$117,$0,$117,$0,$18,$18,$99,$-9,$90,$35,$55,$55,$55,$105,$99,$158,173,$0.35,$0.29,$294,$0,$0,$356,$0,$0,$259,$8,$606,$962,$188,$276,$38,$314,$502,$2,$576,$3,$460,$962,$322,$19,$-57,$-39,$0,$0,$0,$1,$9,$292,$-0,$21,$0,$0,$2,$2,$-161,$-138,$244,$-75,$169,$0,$0,$-97,$-29,$43,$197,$2,$-97
16,2014-09-30,6.36,$2.51,2.53,$3.46,1.84,$4.27,1.49,$1.96,3.24,$0.34B,$0.26B,1.31,$0.28B,$0.40B,0.68,$0.58B,$0.58B,100.00%,$0.58B,$0.56B,95.52%,$0.58B,$0.56B,95.52%,$0.58B,$0.57B,98.45%,$0.58B,$0.51B,87.61%,$0.58B,$0.33B,56.45%,$0.33B,$0.40B,129.39%,$0.33B,$0.16B,1987.88%,$0.33B,$0.98B,39.84%,$0.56B,$0.68B,121.18%,$165,$0,$165,$0,$6,$6,$159,$-9,$150,$47,$102,$102,$102,$163,$159,$160,167,$0.64,$0.61,$284,$0,$0,$341,$0,$0,$242,$8,$638,$980,$262,$275,$42,$316,$578,$2,$521,$-0,$402,$980,$267,$13,$-72,$-59,$0,$0,$1,$4,$15,$223,$-0,$66,$0,$0,$0,$0,$-215,$-149,$270,$-56,$214,$11,$11,$-72,$-40,$113,$187,$1,$-72
17,2014-06-30,8.11,$1.85,4.38,$3.12,2.6,$4.28,1.9,$1.71,4.74,$0.23B,$0.31B,0.75,$0.27B,$0.30B,0.92,$0.52B,$0.52B,100.00%,$0.52B,$0.49B,94.57%,$0.52B,$0.49B,94.57%,$0.52B,$0.50B,97.67%,$0.52B,$0.45B,86.24%,$0.52B,$0.28B,54.65%,$0.28B,$0.30B,169.62%,$0.28B,$0.05B,-2751.22%,$0.28B,$0.92B,41.12%,$0.49B,$0.57B,144.06%,$163,$0,$163,$0,$7,$7,$156,$-10,$146,$54,$92,$92,$92,$161,$156,$160,177,$0.57,$0.52,$218,$0,$0,$230,$0,$0,$247,$8,$686,$916,$308,$273,$39,$311,$620,$2,$419,$-3,$297,$916,$165,$9,$-41,$-32,$0,$0,$0,$-2,$13,$146,$-0,$34,$0,$0,$0,$0,$-215,$-181,$270,$-38,$233,$11,$11,$-48,$-41,$155,$120,$1,$-48
18,2014-03-31,6.85,$1.26,5.43,$3.18,2.15,$4.52,1.51,$1.81,3.79,$0.36B,$0.35B,1.03,$0.27B,$0.20B,1.34,$0.50B,$0.50B,100.00%,$0.50B,$0.47B,94.42%,$0.50B,$0.47B,94.42%,$0.50B,$0.49B,97.21%,$0.50B,$0.44B,86.65%,$0.50B,$0.28B,56.57%,$0.28B,$0.20B,309.54%,$0.28B,$-0.02B,-1234.78%,$0.28B,$0.85B,50.99%,$0.47B,$0.47B,203.65%,$137,$0,$137,$0,$5,$5,$132,$-17,$116,$43,$73,$73,$73,$137,$132,$151,165,$0.48,$0.44,$338,$0,$0,$356,$0,$0,$224,$9,$497,$853,$345,$271,$34,$305,$650,$2,$327,$-5,$202,$853,$73,$5,$-6,$-2,$-11,$0,$0,$0,$-3,$68,$0,$24,$0,$0,$0,$0,$-50,$-26,$270,$-19,$251,$0,$0,$-24,$-29,$198,$240,$0,$-24
19,2013-12-31,6.84,$0.81,8.44,$2.97,2.31,$4.47,1.53,$1.73,3.96,$0.11B,$0.41B,0.26,$0.00B,$0.11B,0.0,$0.46B,$0.46B,100.00%,$0.46B,$0.43B,93.44%,$0.46B,$0.43B,93.44%,$0.46B,$0.44B,96.06%,$0.46B,$0.40B,87.75%,$0.46B,$0.26B,57.77%,$0.26B,$0.11B,1487.32%,$0.26B,$-0.12B,-643.90%,$0.26B,$0.54B,62.56%,$0.43B,$0.11B,252.29%,$116,$0,$116,$0,$8,$8,$108,$-10,$97,$36,$61,$61,$61,$111,$108,$140,159,$0.44,$0.32,$100,$0,$0,$108,$0,$0,$236,$0,$436,$544,$407,$0,$23,$23,$430,$1,$350,$-5,$113,$544,$265,$13,$5,$18,$0,$0,$-1,$-11,$-13,$270,$-0,$-241,$0,$-149,$34,$-115,$59,$-297,$0,$74,$74,$0,$0,$-84,$0,$-10,$-37,$1,$-84
20,2013-09-30,6.35,$0.38,16.8,$2.87,2.21,$4.22,1.5,$1.68,3.78,$0.33B,$0.21B,1.59,$0.15B,$0.05B,2.78,$0.43B,$0.43B,100.00%,$0.43B,$0.40B,93.30%,$0.43B,$0.40B,93.30%,$0.43B,$0.42B,96.07%,$0.43B,$0.38B,87.99%,$0.43B,$0.25B,58.20%,$0.25B,$0.05B,-916.36%,$0.25B,$0.05B,-916.36%,$0.25B,$0.43B,70.79%,$0.40B,$0.20B,200.50%,$100,$0,$100,$0,$8,$8,$92,$-6,$86,$30,$56,$56,$56,$95,$92,$140,155,$0.40,$0.36,$326,$0,$0,$333,$0,$4,$0,$2,$97,$430,$209,$147,$20,$167,$377,$1,$289,$-4,$53,$430,$203,$10,$-0,$9,$-1,$0,$0,$-9,$-4,$209,$-0,$0,$0,$0,$32,$32,$11,$43,$0,$0,$0,$0,$0,$-63,$0,$-63,$188,$1,$-63
21,2013-06-30,6.04,$-0.01,-670.78,$2.79,2.16,$3.93,1.53,$1.64,3.68,$0.28B,$0.24B,1.2,$0.15B,$-0.00B,-115.62,$0.42B,$0.42B,100.00%,$0.42B,$0.39B,93.78%,$0.42B,$0.39B,93.78%,$0.42B,$0.40B,96.65%,$0.42B,$0.37B,88.52%,$0.42B,$0.25B,58.61%,$0.25B,$-0.00B,-352.52%,$0.25B,$-0.00B,-352.52%,$0.25B,$0.40B,78.78%,$0.39B,$0.15B,196.49%,$149,$0,$149,$0,$7,$7,$142,$-6,$136,$42,$94,$94,$94,$145,$142,$140,152,$0.67,$0.62,$279,$0,$0,$284,$0,$0,$0,$3,$117,$401,$237,$146,$20,$165,$403,$1,$233,$-2,$-1,$401,$147,$6,$-0,$6,$0,$0,$-1,$-9,$9,$163,$-0,$0,$0,$0,$10,$10,$-11,$-0,$0,$0,$0,$0,$0,$-42,$0,$-42,$120,$0,$-42
22,2013-03-31,5.6,$-0.67,-8.36,$2.70,2.07,$3.73,1.5,$1.54,3.64,$0.26B,$0.07B,3.76,$0.31B,$-0.09B,-3.34,$0.40B,$0.40B,100.00%,$0.40B,$0.37B,93.92%,$0.40B,$0.37B,93.92%,$0.40B,$0.38B,97.22%,$0.40B,$0.35B,87.85%,$0.40B,$0.23B,56.96%,$0.23B,$-0.09B,-205.48%,$0.23B,$-0.09B,-205.48%,$0.23B,$0.31B,81.60%,$0.37B,$0.22B,186.20%,$92,$0,$92,$0,$7,$7,$85,$-2,$82,$29,$53,$53,$53,$88,$85,$140,149,$0.38,$0.36,$207,$0,$0,$259,$0,$0,$0,$5,$54,$313,$69,$313,$25,$338,$406,$1,$139,$-0,$-94,$313,$53,$3,$-0,$3,$0,$0,$-1,$-3,$-4,$53,$0,$0,$0,$0,$12,$12,$7,$19,$0,$0,$0,$0,$0,$-21,$0,$-21,$51,$0,$-21
23,2012-12-31,5.29,$-0.49,-10.86,$2.64,2.01,$3.50,1.51,$1.47,3.6,$0.18B,$0.01B,17.47,$0.31B,$-0.07B,-4.55,$0.38B,$0.38B,100.00%,$0.38B,$0.36B,93.68%,$0.38B,$0.36B,93.68%,$0.38B,$0.37B,97.37%,$0.38B,$0.33B,86.05%,$0.38B,$0.21B,55.79%,$0.21B,$-0.07B,-144.22%,$0.21B,$-0.07B,-144.22%,$0.21B,$0.28B,82.73%,$0.36B,$0.24B,223.90%,$92,$0,$92,$0,$8,$8,$85,$-8,$77,$28,$49,$49,$49,$88,$85,$140,146,$0.35,$0.32,$169,$0,$0,$183,$0,$0,$0,$7,$97,$280,$10,$310,$28,$338,$348,$1,$170,$-5,$-68,$280,$212,$15,$12,$27,$0,$0,$1,$-27,$-26,$213,$-0,$0,$0,$0,$21,$21,$-93,$-72,$-93,$0,$-93,$0,$0,$-84,$-1,$-178,$-37,$1,$-84
24,2012-09-30,5.68,$-0.83,-6.87,$2.42,2.35,$3.01,1.89,$1.37,4.14,$0.20B,$0.03B,6.28,$0.31B,$-0.12B,-2.66,$0.36B,$0.36B,100.00%,$0.36B,$0.34B,93.91%,$0.36B,$0.34B,93.91%,$0.36B,$0.35B,97.78%,$0.36B,$0.31B,85.87%,$0.36B,$0.20B,55.96%,$0.20B,$-0.12B,-111.60%,$0.20B,$-0.12B,-111.60%,$0.20B,$0.25B,79.68%,$0.34B,$0.19B,267.98%,$85,$0,$85,$0,$6,$6,$80,$-5,$75,$26,$49,$49,$49,$83,$80,$140,150,$0.35,$0.32,$180,$0,$0,$203,$0,$0,$0,$7,$47,$250,$32,$307,$26,$333,$365,$1,$120,$-3,$-115,$250,$162,$11,$7,$18,$1,$0,$0,$-25,$-22,$159,$-0,$0,$0,$0,$11,$11,$-48,$-37,$-93,$0,$-93,$0,$0,$-63,$-1,$-157,$-36,$1,$-63
25,2012-06-30,4.79,$-1.15,-4.15,$2.35,2.04,$2.69,1.78,$1.33,3.6,$0.24B,$0.09B,2.56,$0.31B,$-0.16B,-1.89,$0.36B,$0.36B,100.00%,$0.36B,$0.34B,94.17%,$0.36B,$0.34B,94.17%,$0.36B,$0.35B,98.06%,$0.36B,$0.31B,85.00%,$0.36B,$0.20B,55.28%,$0.20B,$-0.16B,-93.43%,$0.20B,$-0.16B,-93.43%,$0.20B,$0.26B,76.91%,$0.34B,$0.14B,351.30%,$126,$0,$126,$0,$5,$5,$121,$-7,$113,$40,$74,$74,$74,$125,$121,$140,142,$0.53,$0.52,$228,$0,$0,$237,$0,$1,$0,$10,$23,$260,$92,$305,$24,$328,$421,$1,$72,$0,$-161,$260,$114,$8,$5,$13,$1,$0,$-0,$-24,$-4,$123,$-0,$0,$0,$0,$14,$14,$-7,$7,$-71,$0,$-71,$0,$0,$-42,$-1,$-113,$16,$0,$-42
26,2012-03-31,4.49,$-1.75,-2.57,$2.12,2.12,$2.30,1.95,$1.19,3.77,$0.21B,$0.15B,1.38,$0.30B,$-0.24B,-1.24,$0.36B,$0.36B,100.00%,$0.36B,$0.34B,94.38%,$0.36B,$0.34B,94.38%,$0.36B,$0.35B,98.03%,$0.36B,$0.30B,84.55%,$0.36B,$0.20B,54.78%,$0.20B,$-0.24B,-79.19%,$0.20B,$-0.24B,-79.19%,$0.20B,$0.24B,73.65%,$0.34B,$0.06B,478.29%,$77,$0,$77,$0,$7,$7,$70,$-9,$62,$22,$40,$40,$40,$74,$70,$140,140,$0.29,$0.29,$187,$0,$0,$206,$0,$5,$0,$10,$29,$235,$150,$302,$27,$329,$479,$1,$-2,$-9,$-244,$235,$40,$4,$2,$6,$1,$0,$-0,$-30,$-29,$18,$-0,$0,$0,$0,$8,$8,$-7,$1,$-24,$0,$-24,$0,$0,$-21,$-1,$-46,$-27,$0,$-21
27,2011-12-31,4.27,$-1.46,-2.92,$2.01,2.13,$2.11,2.03,$1.15,3.72,$0.23B,$0.13B,1.76,$0.32B,$-0.20B,-1.55,$0.36B,$0.36B,100.00%,$0.36B,$0.34B,95.03%,$0.36B,$0.34B,95.03%,$0.36B,$0.36B,98.07%,$0.36B,$0.31B,85.08%,$0.36B,$0.20B,55.25%,$0.20B,$-0.20B,-71.94%,$0.20B,$-0.20B,-71.94%,$0.20B,$0.27B,74.56%,$0.34B,$0.11B,1448.42%,$73,$0,$73,$0,$5,$5,$68,$-8,$60,$21,$39,$39,$39,$71,$68,$140,177,$0.28,$0.24,$211,$0,$0,$234,$0,$17,$0,$7,$36,$269,$133,$317,$24,$341,$474,$1,$-42,$-2,$-204,$269,$199,$11,$32,$44,$-0,$0,$-2,$-71,$-73,$170,$0,$0,$0,$0,$-24,$-24,$0,$-24,$-245,$0,$-245,$150,$150,$-84,$-10,$-189,$-43,$0,$-84
28,2011-09-30,3.73,$-1.74,-2.14,$2.02,1.85,$2.18,1.71,$0.73,5.12,$0.22B,$0.17B,1.26,$0.32B,$-0.24B,-1.3,$0.37B,$0.37B,100.00%,$0.37B,$0.25B,67.95%,$0.37B,$0.25B,67.95%,$0.37B,$0.26B,70.68%,$0.37B,$0.21B,57.81%,$0.37B,$0.14B,37.53%,$0.14B,$-0.24B,-44.48%,$0.14B,$-0.24B,-44.48%,$0.14B,$0.27B,48.88%,$0.25B,$0.07B,1837.04%,$84,$0,$84,$0,$4,$4,$80,$-9,$71,$25,$46,$46,$46,$83,$80,$140,167,$0.33,$0.28,$195,$0,$0,$218,$0,$30,$0,$8,$52,$271,$174,$315,$25,$340,$514,$1,$-81,$-2,$-243,$271,$160,$8,$26,$34,$0,$0,$-3,$-69,$-70,$125,$0,$0,$0,$0,$-33,$-33,$0,$-33,$-74,$0,$-74,$0,$0,$-63,$-10,$-147,$-54,$0,$-63
29,2011-06-30,3.85,$-2.10,-1.83,$2.02,1.9,$2.33,1.65,$0.69,5.58,$0.21B,$0.22B,0.98,$0.33B,$-0.29B,-1.13,$0.37B,$0.37B,100.00%,$0.37B,$0.24B,66.21%,$0.37B,$0.24B,66.21%,$0.37B,$0.25B,68.94%,$0.37B,$0.20B,55.31%,$0.37B,$0.13B,35.69%,$0.13B,$-0.29B,-40.49%,$0.13B,$-0.29B,-40.49%,$0.13B,$0.28B,47.29%,$0.24B,$0.04B,5400.00%,$122,$0,$122,$0,$4,$4,$118,$-10,$108,$38,$70,$70,$70,$121,$118,$140,186,$0.50,$0.38,$198,$0,$0,$212,$0,$38,$0,$9,$72,$284,$217,$333,$28,$361,$578,$1,$-127,$-6,$-294,$284,$115,$5,$20,$25,$0,$0,$-2,$-63,$-52,$88,$0,$-0,$0,$0,$-32,$-32,$0,$-32,$-47,$0,$-47,$0,$0,$-42,$-10,$-99,$-44,$0,$-42
30,2011-03-31,3.71,$-2.66,-1.4,$2.06,1.8,$2.57,1.44,$0.61,6.08,$0.19B,$0.35B,0.53,$0.24B,$-0.37B,-0.66,$0.37B,$0.37B,100.00%,$0.37B,$0.24B,64.93%,$0.37B,$0.24B,64.93%,$0.37B,$0.25B,67.40%,$0.37B,$0.18B,49.04%,$0.37B,$0.11B,30.41%,$0.11B,$-0.37B,-30.94%,$0.11B,$-0.37B,-30.94%,$0.11B,$0.25B,40.51%,$0.24B,$-0.13B,-1394.12%,$83,$0,$83,$0,$6,$6,$78,$-9,$69,$24,$45,$45,$45,$80,$78,$140,190,$0.32,$0.25,$160,$0,$0,$185,$0,$33,$0,$6,$63,$249,$347,$243,$30,$273,$620,$1,$-197,$-5,$-371,$249,$45,$2,$0,$2,$0,$0,$-2,$-56,$-60,$-13,$0,$0,$0,$0,$-30,$-30,$0,$-30,$-20,$0,$-20,$0,$0,$-21,$0,$-41,$-85,$0,$-21
31,2010-12-31,3.88,$-2.32,-1.67,$1.96,1.98,$2.79,1.39,$0.51,7.61,$0.29B,$0.19B,1.47,$0.40B,$-0.32B,-1.22,$0.34B,$0.34B,100.00%,$0.34B,$0.21B,61.63%,$0.34B,$0.21B,61.63%,$0.34B,$0.22B,64.24%,$0.34B,$0.15B,43.60%,$0.34B,$0.09B,26.74%,$0.09B,$-0.32B,-23.51%,$0.09B,$-0.32B,-23.51%,$0.09B,$0.32B,30.54%,$0.21B,$0.07B,-8480.00%,$76,$0,$76,$0,$12,$105,$-28,$-8,$-37,$-12,$-24,$-24,$-24,$-26,$-28,$127,179,$-0.23,$-0.15,$246,$0,$0,$285,$0,$2,$0,$7,$32,$317,$194,$395,$51,$447,$641,$1,$-241,$3,$-324,$317,$92,$9,$13,$22,$1,$0,$2,$94,$71,$184,$0,$0,$0,$0,$-37,$-37,$0,$-37,$-122,$0,$-122,$0,$0,$-130,$13,$-239,$-92,$1,$-130
32,2010-09-30,3.28,$-2.18,-1.5,$1.85,1.77,$2.77,1.18,$0.86,3.81,$0.24B,$0.21B,1.13,$0.34B,$-0.31B,-1.12,$0.33B,$0.33B,100.00%,$0.33B,$0.29B,89.88%,$0.33B,$0.29B,89.88%,$0.33B,$0.30B,92.64%,$0.33B,$0.23B,70.86%,$0.33B,$0.15B,44.48%,$0.15B,$-0.31B,-35.00%,$0.15B,$-0.31B,-35.00%,$0.15B,$0.26B,47.31%,$0.29B,$0.04B,-2493.62%,$86,$0,$86,$0,$11,$11,$75,$-12,$63,$23,$40,$40,$40,$78,$75,$127,172,$0.32,$0.24,$227,$0,$0,$235,$0,$0,$0,$5,$22,$258,$209,$341,$12,$353,$562,$1,$-217,$1,$-305,$258,$116,$7,$13,$20,$1,$0,$1,$6,$18,$154,$0,$0,$0,$0,$-27,$-27,$0,$-27,$-181,$0,$-181,$0,$0,$-60,$10,$-230,$-103,$1,$-60
33,2010-06-30,3.2,$-3.64,-0.88,$1.77,1.81,$2.66,1.2,$0.90,3.56,$0.24B,$0.31B,0.78,$0.39B,$-0.44B,-0.89,$0.31B,$0.31B,100.00%,$0.31B,$0.28B,91.32%,$0.31B,$0.28B,91.32%,$0.31B,$0.29B,93.57%,$0.31B,$0.23B,74.60%,$0.31B,$0.15B,48.55%,$0.15B,$-0.44B,-37.89%,$0.15B,$-0.44B,-37.89%,$0.15B,$0.27B,49.03%,$0.28B,$-0.05B,-1171.13%,$120,$0,$120,$0,$9,$9,$112,$-28,$84,$34,$50,$50,$50,$114,$112,$120,173,$0.42,$0.30,$224,$0,$13,$241,$0,$9,$0,$21,$30,$272,$308,$388,$11,$399,$706,$1,$-257,$17,$-435,$272,$76,$5,$13,$18,$1,$0,$-0,$7,$30,$124,$0,$0,$0,$0,$-12,$-12,$0,$-12,$-151,$0,$-151,$0,$0,$-60,$7,$-203,$-92,$0,$-60
34,2010-03-31,3.54,$-4.19,-0.84,$1.82,1.94,$2.56,1.38,$1.06,3.34,$0.33B,$0.42B,0.8,$0.43B,$-0.50B,-0.86,$0.32B,$0.32B,100.00%,$0.32B,$0.29B,92.11%,$0.32B,$0.29B,92.11%,$0.32B,$0.30B,94.01%,$0.32B,$0.27B,83.91%,$0.32B,$0.18B,56.15%,$0.18B,$-0.50B,-48.57%,$0.18B,$-0.50B,-48.57%,$0.18B,$0.36B,60.44%,$0.29B,$-0.07B,1327.27%,$62,$0,$62,$0,$9,$9,$53,$-12,$40,$14,$26,$26,$26,$55,$53,$120,184,$0.22,$0.15,$320,$0,$0,$334,$0,$0,$0,$16,$24,$358,$418,$431,$11,$442,$859,$1,$-307,$6,$-501,$358,$26,$2,$0,$3,$1,$0,$0,$-0,$-2,$27,$0,$0,$0,$0,$0,$0,$0,$0,$-13,$0,$-13,$0,$0,$-0,$2,$-10,$16,$0,$-0
35,2009-12-31,3.64,$-3.48,-1.05,$1.84,1.97,$2.57,1.42,$1.14,3.2,$0.32B,$0.29B,1.08,$0.45B,$-0.42B,-1.08,$0.32B,$0.32B,100.00%,$0.32B,$0.30B,93.40%,$0.32B,$0.30B,93.40%,$0.32B,$0.30B,94.97%,$0.32B,$0.28B,88.36%,$0.32B,$0.19B,59.43%,$0.19B,$-0.42B,-54.51%,$0.19B,$-0.42B,-54.51%,$0.19B,$0.34B,72.76%,$0.30B,$0.03B,503.39%,$58,$0,$58,$0,$6,$6,$53,$-9,$44,$15,$29,$29,$29,$55,$53,$119,184,$0.24,$0.08,$303,$0,$0,$316,$0,$0,$0,$12,$23,$338,$294,$450,$11,$461,$754,$1,$-333,$0,$-416,$338,$190,$4,$3,$7,$12,$0,$-1,$-5,$-10,$187,$-0,$0,$0,$0,$15,$15,$3,$18,$-70,$0,$-70,$287,$287,$-319,$71,$-31,$174,$1,$-319
36,2009-09-30,3.34,$-2.03,-1.65,$1.94,1.73,$5.05,0.66,$1.23,2.72,$0.25B,$0.27B,0.94,$0.23B,$-0.24B,-0.94,$0.33B,$0.33B,100.00%,$0.33B,$0.30B,90.27%,$0.33B,$0.30B,90.27%,$0.33B,$0.31B,92.71%,$0.33B,$0.29B,87.84%,$0.33B,$0.20B,61.09%,$0.20B,$-0.24B,-60.73%,$0.20B,$-0.24B,-60.73%,$0.20B,$0.26B,90.13%,$0.30B,$-0.01B,340.40%,$71,$0,$71,$0,$5,$5,$66,$-3,$64,$17,$46,$46,$46,$67,$66,$119,169,$0.39,$0.29,$222,$0,$0,$250,$0,$0,$0,$5,$14,$264,$267,$228,$11,$240,$507,$1,$-362,$0,$-242,$264,$161,$3,$-6,$-4,$13,$0,$-1,$-13,$-25,$133,$-0,$0,$0,$15,$0,$15,$3,$18,$-70,$0,$-70,$1,$1,$-60,$71,$-58,$93,$1,$-60
37,2009-06-30,3.17,$-2.57,-1.23,$1.96,1.61,$6.39,0.5,$1.33,2.38,$0.21B,$0.07B,3.07,$0.45B,$-0.31B,-1.45,$0.33B,$0.33B,100.00%,$0.33B,$0.29B,88.07%,$0.33B,$0.29B,88.07%,$0.33B,$0.30B,91.74%,$0.33B,$0.28B,85.93%,$0.33B,$0.21B,64.53%,$0.21B,$-0.31B,-83.07%,$0.21B,$-0.31B,-82.50%,$0.21B,$0.22B,62.70%,$0.29B,$0.14B,124.00%,$126,$0,$126,$0,$6,$6,$120,$-2,$118,$41,$77,$77,$77,$121,$120,$119,170,$0.65,$0.47,$193,$0,$0,$208,$0,$0,$0,$6,$10,$218,$68,$445,$11,$457,$525,$1,$-408,$0,$-307,$218,$115,$2,$-2,$-0,$13,$0,$-2,$-1,$-11,$103,$-0,$0,$0,$0,$-3,$-3,$3,$0,$-53,$0,$-53,$0,$0,$-60,$55,$-58,$45,$0,$-60
38,2009-03-31,2.84,$-3.54,-0.8,$1.92,1.48,$7.37,0.39,$1.11,2.56,$0.21B,$0.13B,1.61,$0.50B,$-0.42B,-1.18,$0.31B,$0.31B,100.00%,$0.31B,$0.26B,85.71%,$0.31B,$0.26B,85.71%,$0.31B,$0.28B,90.91%,$0.31B,$0.26B,84.42%,$0.31B,$0.17B,54.55%,$0.17B,$-0.42B,-98.53%,$0.17B,$-0.42B,-96.41%,$0.17B,$0.22B,37.71%,$0.26B,$0.08B,80.12%,$63,$0,$63,$0,$5,$5,$58,$-3,$55,$17,$37,$37,$37,$59,$58,$119,173,$0.31,$0.23,$175,$0,$0,$208,$0,$5,$0,$6,$11,$219,$129,$500,$11,$512,$641,$1,$-486,$0,$-422,$219,$37,$1,$-1,$0,$13,$0,$-2,$-0,$-10,$28,$-0,$0,$0,$0,$0,$0,$0,$-0,$0,$0,$0,$0,$0,$0,$18,$18,$46,$0,$0
39,2008-12-31,2.31,$-2.96,-0.78,$1.91,1.21,$10.60,0.22,$0.44,5.24,$0.18B,$0.03B,5.73,$0.50B,$-0.35B,-1.42,$0.30B,$0.30B,100.00%,$0.30B,$0.24B,82.37%,$0.30B,$0.24B,82.37%,$0.30B,$0.27B,90.51%,$0.30B,$0.24B,82.71%,$0.30B,$0.07B,23.39%,$0.07B,$-0.35B,126.03%,$0.07B,$-0.35B,141.54%,$0.07B,$0.19B,10.29%,$0.24B,$0.15B,43.80%,$69,$0,$69,$0,$16,$16,$53,$-1,$52,$-4,$55,$55,$41,$58,$53,$119,168,$0.35,$0.38,$148,$0,$0,$181,$1,$0,$0,$5,$10,$191,$32,$500,$11,$512,$544,$1,$-523,$0,$-353,$191,$68,$25,$6,$31,$5,$0,$-7,$16,$-19,$80,$506,$0,$0,$0,$56,$56,$25,$587,$-1,$0,$-1,$15,$15,$-913,$19,$-879,$-212,$9,$-913
40,2008-09-30,2.51,$0.56,4.51,$1.93,1.3,$7.05,0.36,$0.05,50.17,$0.57B,$0.07B,8.34,$0.50B,$0.07B,7.53,$0.28B,$0.28B,100.00%,$0.28B,$0.17B,59.78%,$0.28B,$0.17B,59.78%,$0.28B,$0.20B,72.46%,$0.28B,$0.17B,60.51%,$0.28B,$0.01B,4.35%,$0.01B,$0.07B,4.44%,$0.01B,$0.06B,4.97%,$0.01B,$0.72B,1.30%,$0.17B,$0.57B,21.43%,$69,$0,$69,$0,$12,$12,$57,$-0,$56,$6,$50,$50,$56,$62,$57,$119,153,$0.47,$0.38,$555,$0,$0,$572,$127,$0,$8,$11,$147,$718,$69,$500,$33,$583,$652,$1,$-564,$-0,$66,$718,$28,$20,$29,$49,$17,$0,$-5,$19,$15,$92,$234,$273,$0,$71,$0,$71,$25,$602,$0,$0,$0,$15,$15,$-507,$12,$-480,$215,$10,$-507
41,2008-06-30,2.86,$0.23,12.41,$2.00,1.43,$4.57,0.63,$-0.38,0.0,$0.50B,$0.06B,7.86,$0.50B,$0.03B,18.45,$0.27B,$0.27B,100.00%,$0.27B,$0.10B,37.31%,$0.27B,$0.10B,37.31%,$0.27B,$0.15B,54.85%,$0.27B,$0.11B,39.18%,$0.27B,$-0.05B,-18.66%,$-0.05B,$0.03B,-13.11%,$-0.05B,$0.02B,-18.57%,$-0.05B,$0.65B,-4.85%,$0.10B,$0.53B,11.24%,$107,$0,$107,$0,$11,$11,$96,$1,$97,$2,$95,$95,$34,$101,$96,$119,152,$0.29,$0.24,$490,$0,$0,$503,$131,$0,$8,$12,$151,$654,$64,$500,$37,$563,$627,$1,$-619,$-0,$27,$654,$-28,$15,$28,$43,$17,$0,$-7,$-3,$-7,$8,$234,$273,$0,$58,$0,$58,$10,$575,$0,$0,$0,$16,$16,$-506,$29,$-461,$121,$8,$-506
42,2008-03-31,1.99,$4.05,0.49,$2.05,0.97,$2.92,0.68,$-0.49,0.0,$0.96B,$0.08B,12.12,$0.50B,$0.48B,1.05,$0.25B,$0.25B,100.00%,$0.25B,$0.01B,5.60%,$0.25B,$0.01B,5.60%,$0.25B,$0.07B,29.20%,$0.25B,$0.02B,8.00%,$0.25B,$-0.07B,-29.20%,$-0.07B,$0.48B,-14.51%,$-0.07B,$0.47B,-23.91%,$-0.07B,$1.12B,-6.27%,$0.01B,$0.98B,1.38%,$50,$0,$50,$0,$13,$13,$37,$1,$39,$1,$38,$38,$-62,$46,$37,$118,141,$-0.53,$-0.53,$944,$0,$0,$962,$135,$0,$9,$13,$156,$1118,$79,$500,$32,$560,$639,$1,$-653,$-0,$479,$1118,$-62,$9,$25,$34,$11,$0,$-6,$-6,$-1,$-29,$508,$0,$0,$50,$0,$50,$10,$568,$0,$0,$0,$5,$5,$0,$21,$26,$565,$6,$0
43,2007-12-31,3.28,$4.32,0.76,$2.19,1.5,$-0.69,0.0,$-0.14,0.0,$0.72B,$0.12B,5.9,$0.50B,$0.51B,0.99,$0.26B,$0.26B,100.00%,$0.26B,$-0.02B,-9.27%,$0.26B,$-0.02B,-9.27%,$0.26B,$0.04B,16.60%,$0.26B,$-0.02B,-7.34%,$0.26B,$-0.02B,-8.49%,$-0.02B,$0.51B,-4.40%,$-0.02B,$0.42B,-10.11%,$-0.02B,$1.19B,-1.89%,$-0.02B,$1.01B,-2.38%,$50,$0,$50,$52,$22,$75,$-25,$1,$-25,$-0,$-25,$-25,$-16,$-9,$-25,$117,117,$-0.13,$-0.13,$438,$0,$269,$720,$331,$3,$91,$9,$472,$1192,$122,$500,$35,$562,$685,$1,$-591,$-0,$508,$1192,$-21,$67,$27,$94,$9,$-4,$-5,$-2,$-6,$67,$-74,$0,$0,$0,$156,$156,$-10,$73,$-5,$0,$-5,$27,$27,$0,$0,$22,$162,$21,$0
44,2007-09-30,4.05,$4.37,0.93,$2.29,1.77,$-0.26,0.0,$-0.79,0.0,$0.44B,$0.09B,4.95,$0.53B,$0.51B,1.04,$0.27B,$0.27B,100.00%,$0.27B,$-0.00B,-1.12%,$0.27B,$-0.00B,-1.12%,$0.27B,$0.07B,25.28%,$0.27B,$0.00B,1.49%,$0.27B,$-0.10B,-35.69%,$-0.10B,$0.51B,-19.58%,$-0.10B,$0.17B,-67.96%,$-0.10B,$1.16B,-8.33%,$-0.00B,$1.04B,-0.30%,$61,$0,$61,$48,$17,$70,$-8,$2,$-6,$0,$-7,$-7,$-6,$9,$-8,$117,117,$-0.05,$-0.05,$376,$27,$21,$444,$330,$30,$341,$19,$719,$1163,$90,$532,$0,$562,$652,$1,$-576,$-1,$512,$1163,$-5,$51,$21,$72,$9,$-7,$-9,$-12,$-24,$42,$-82,$0,$0,$59,$0,$59,$-10,$-33,$0,$0,$0,$22,$22,$0,$0,$22,$31,$14,$0
45,2007-06-30,4.37,$4.40,0.99,$2.74,1.59,$0.52,8.38,$-0.80,0.0,$0.42B,$0.10B,4.15,$0.50B,$0.51B,0.97,$0.32B,$0.30B,94.67%,$0.32B,$-0.00B,-0.94%,$0.32B,$-0.00B,-0.94%,$0.32B,$0.07B,21.94%,$0.32B,$0.00B,0.94%,$0.32B,$-0.10B,-30.41%,$-0.10B,$0.51B,-19.50%,$-0.10B,$0.16B,-78.38%,$-0.10B,$1.18B,-8.35%,$-0.00B,$1.01B,-0.30%,$89,$0,$89,$56,$16,$79,$10,$2,$12,$0,$12,$12,$11,$27,$10,$116,120,$0.09,$0.09,$378,$25,$0,$424,$335,$55,$351,$19,$760,$1184,$102,$500,$36,$568,$670,$1,$-565,$-1,$514,$1184,$0,$33,$16,$49,$6,$-5,$7,$-8,$-3,$46,$-54,$0,$0,$27,$0,$27,$-10,$-37,$-2,$0,$-2,$19,$19,$0,$0,$17,$26,$9,$0
46,2007-03-31,4.07,$4.04,1.01,$2.92,1.39,$0.82,4.97,$-0.98,0.0,$0.37B,$0.08B,4.42,$0.50B,$0.47B,1.07,$0.33B,$0.30B,88.62%,$0.33B,$-0.02B,-6.29%,$0.33B,$-0.02B,-6.29%,$0.33B,$0.06B,16.47%,$0.33B,$-0.02B,-4.79%,$0.33B,$-0.12B,-34.43%,$-0.12B,$0.47B,-22.84%,$-0.12B,$0.12B,-105.26%,$-0.12B,$1.12B,-9.91%,$-0.02B,$0.97B,-2.07%,$59,$0,$59,$48,$12,$60,$-1,$1,$0,$0,$0,$0,$-11,$16,$-1,$115,118,$-0.09,$-0.09,$326,$20,$0,$372,$306,$75,$347,$20,$748,$1121,$84,$500,$36,$570,$654,$1,$-581,$-1,$467,$1121,$-11,$17,$5,$22,$4,$-1,$-8,$-6,$-21,$-9,$-17,$0,$0,$-3,$0,$-3,$-10,$-30,$-1,$0,$-1,$4,$4,$0,$0,$3,$-36,$5,$0
47,2006-12-31,3.78,$4.07,0.93,$3.23,1.17,$0.97,3.87,$-1.12,0.0,$0.38B,$0.11B,3.58,$0.54B,$0.47B,1.15,$0.37B,$0.31B,83.33%,$0.37B,$-0.05B,-12.84%,$0.37B,$-0.05B,-12.84%,$0.37B,$0.03B,8.47%,$0.37B,$-0.04B,-11.48%,$0.37B,$-0.13B,-35.52%,$-0.13B,$0.47B,-25.00%,$-0.13B,$0.11B,-127.76%,$-0.13B,$1.14B,-11.08%,$-0.05B,$1.00B,-4.55%,$60,$0,$60,$49,$14,$64,$-4,$2,$-2,$0,$-3,$-3,$-90,$16,$-4,$114,114,$-0.78,$-0.78,$333,$20,$0,$379,$297,$75,$356,$29,$762,$1142,$106,$537,$0,$568,$674,$1,$-570,$-1,$468,$1142,$-130,$78,$100,$178,$4,$-2,$11,$-12,$31,$79,$-36,$-16,$0,$0,$-75,$-75,$12,$-116,$-1,$0,$-1,$34,$34,$0,$0,$33,$-4,$24,$0
