,Date,Stock Price,Book Value per Share,Price to Book Ratio,TTM Sales per Share,Price to Sales Ratio,TTM FCF per Share,Price to FCF Ratio,TTM Net EPS,PE Ratio,Current Assets,Current Liabilities,Current Ratio,Long Term Debt,Shareholder's Equity_x,Debt to Equity Ratio,TTM Revenue_x,TTM Gross Profit,Gross Margin,TTM Revenue_y,TTM Operating Income,Operating Margin,TTM Revenue_x,TTM EBIT,EBIT Margin,TTM Revenue_y,TTM EBITDA,EBITDA Margin,TTM Revenue_x,TTM Pre-Tax Income,Pre-Tax Margin,TTM Revenue_y,TTM Net Income_x,Net Margin,TTM Net Income_y,Shareholder's Equity_y,Return on Equity,TTM Net Income_x,Tangible Equity,Return on Tangible Equity,TTM Net Income_y,Total Assets,Return on Assets,TTM Net Income,LT Investments & Debt,Return on Investment,revenue,cost-goods-sold,gross-profit,research-development-expenses,selling-general-administrative-expenses,operating-expenses,operating-income,total-non-operating-income-expense,pre-tax-income,total-provision-income-taxes,income-after-taxes,income-from-continuous-operations,net-income,ebitda,ebit,basic-shares-outstanding,shares-outstanding,eps-basic-net-earnings-per-share,eps-earnings-per-share-diluted,cash-on-hand,inventory,other-current-assets,total-current-assets,net-property-plant-equipment,long-term-investments,goodwill-intangible-assets-total,other-long-term-assets,total-long-term-assets,total-assets,total-current-liabilities,long-term-debt,other-non-current-liabilities,total-long-term-liabilities,total-liabilities,common-stock-net,retained-earnings-accumulated-deficit,comprehensive-income,total-share-holder-equity,total-liabilities-share-holders-equity,net-income-loss,total-depreciation-amortization-cash-flow,other-non-cash-items,total-non-cash-items,change-in-accounts-receivable,change-in-inventories,change-in-accounts-payable,change-in-assets-liabilities,total-change-in-assets-liabilities,cash-flow-from-operating-activities,net-change-in-property-plant-equipment,net-change-in-intangible-assets,net-acquisitions-divestitures,net-change-in-short-term-investments,net-change-in-long-term-investments,net-change-in-investments-total,investing-activities-other,cash-flow-from-investing-activities,net-long-term-debt,net-current-debt,debt-issuance-retirement-net-total,net-common-equity-issued-repurchased,net-total-equity-issued-repurchased,total-common-preferred-stock-dividends-paid,financial-activities-other,cash-flow-from-financial-activities,net-cash-flow,stock-based-compensation,common-stock-dividends-paid
0,2018-09-30,18.93,$13.51,1.4,$3.92,4.82,$10.44,1.81,$0.43,44.02,$0.19B,$0.11B,1.75,$1.72B,$1.73B,0.99,$0.53B,$0.32B,60.61%,$0.53B,$0.07B,13.26%,$0.53B,$0.07B,13.26%,$0.53B,$0.24B,45.08%,$0.53B,$0.01B,1.70%,$0.53B,$0.05B,10.23%,$0.05B,$1.73B,2.98%,$0.05B,$1.64B,3.15%,$0.05B,$3.62B,1.45%,$0.07B,$3.45B,1.99%,$130,$50,$80,$0,$7,$98,$32,$-16,$16,$0,$16,$16,$16,$72,$32,$128,129,$0.13,$0.13,$8,$0,$0,$191,$3036,$0,$99,$48,$3433,$3624,$109,$1715,$65,$1781,$1890,$1,$-1964,$13,$1734,$3624,$85,$124,$-37,$87,$-12,$0,$0,$-11,$-33,$138,$346,$0,$0,$0,$0,$0,$-19,$327,$-13,$0,$-13,$-266,$-266,$-184,$-3,$-466,$-1,$7,$-184
1,2018-06-30,19.93,$13.58,1.47,$3.86,5.16,$10.01,1.99,$1.17,17.03,$0.20B,$0.09B,2.07,$1.72B,$1.74B,0.99,$0.54B,$0.32B,60.26%,$0.54B,$0.07B,12.50%,$0.54B,$0.07B,12.50%,$0.54B,$0.24B,45.34%,$0.54B,$0.01B,1.87%,$0.54B,$0.16B,30.60%,$0.16B,$1.74B,8.53%,$0.16B,$1.64B,8.99%,$0.16B,$3.62B,4.28%,$0.07B,$3.46B,1.84%,$129,$53,$77,$0,$8,$103,$26,$-15,$11,$0,$11,$11,$11,$66,$26,$128,129,$0.09,$0.09,$10,$0,$0,$195,$3045,$0,$99,$32,$3429,$3624,$94,$1721,$66,$1787,$1881,$1,$-1953,$12,$1743,$3624,$69,$83,$-39,$45,$-7,$0,$0,$-9,$-30,$83,$-55,$0,$0,$0,$0,$0,$406,$351,$-7,$0,$-7,$-266,$-266,$-157,$-2,$-433,$2,$5,$-157
2,2018-03-31,17.39,$13.76,1.26,$3.88,4.49,$10.16,1.71,$1.24,14.03,$0.19B,$0.08B,2.28,$1.69B,$1.79B,0.94,$0.56B,$0.34B,60.79%,$0.56B,$0.08B,13.67%,$0.56B,$0.08B,13.67%,$0.56B,$0.26B,47.12%,$0.56B,$0.02B,2.88%,$0.56B,$0.18B,31.83%,$0.18B,$1.79B,8.82%,$0.18B,$1.69B,9.27%,$0.18B,$3.64B,4.42%,$0.08B,$3.48B,2.00%,$130,$52,$78,$0,$7,$102,$28,$-15,$13,$0,$13,$13,$58,$71,$28,$136,136,$0.43,$0.42,$8,$0,$0,$191,$3063,$0,$99,$26,$3445,$3636,$84,$1690,$73,$1762,$1846,$1,$-1904,$11,$1790,$3636,$58,$43,$-43,$0,$-5,$0,$0,$3,$-25,$33,$374,$0,$0,$0,$0,$0,$-6,$368,$-38,$0,$-38,$-233,$-233,$-130,$-1,$-402,$-1,$1,$-130
3,2017-12-31,19.16,$13.95,1.37,$3.94,4.86,$7.32,2.62,$0.92,20.83,$0.18B,$0.22B,0.81,$1.73B,$1.99B,0.87,$0.57B,$0.35B,61.50%,$0.57B,$0.08B,14.11%,$0.57B,$0.08B,14.11%,$0.57B,$0.28B,48.08%,$0.57B,$0.02B,3.14%,$0.57B,$0.13B,23.34%,$0.13B,$1.99B,6.44%,$0.13B,$1.89B,6.76%,$0.13B,$4.00B,3.20%,$0.08B,$3.71B,2.04%,$139,$54,$85,$0,$9,$156,$-16,$-15,$-31,$0,$-31,$-31,$-31,$29,$-16,$145,145,$-0.21,$-0.21,$9,$0,$0,$175,$3385,$0,$99,$83,$3825,$4000,$217,$1727,$70,$1797,$2013,$1,$-1702,$8,$1986,$4000,$134,$195,$-64,$131,$-21,$0,$0,$1,$-22,$243,$260,$0,$0,$-1,$0,$-1,$-19,$241,$-296,$0,$-296,$-60,$-60,$-122,$-4,$-483,$1,$9,$-122
4,2017-09-30,19.01,$14.96,1.27,$3.97,4.79,$4.80,3.96,$1.34,14.19,$0.23B,$0.11B,2.15,$1.70B,$2.17B,0.78,$0.58B,$0.35B,61.14%,$0.58B,$0.12B,21.42%,$0.58B,$0.12B,21.42%,$0.58B,$0.33B,56.65%,$0.58B,$0.06B,10.36%,$0.58B,$0.20B,33.68%,$0.20B,$2.17B,9.24%,$0.20B,$2.08B,9.70%,$0.20B,$4.06B,4.56%,$0.12B,$3.88B,3.05%,$138,$55,$83,$0,$6,$109,$29,$-12,$17,$0,$17,$17,$126,$77,$29,$145,146,$0.87,$0.87,$37,$0,$0,$233,$3426,$0,$99,$28,$3828,$4061,$108,$1704,$75,$1779,$1887,$1,$-1511,$5,$2174,$4061,$165,$149,$-113,$36,$-15,$0,$0,$-4,$-25,$176,$310,$0,$0,$-1,$0,$-1,$-7,$302,$-319,$0,$-319,$-4,$-4,$-122,$-4,$-449,$29,$7,$-122
5,2017-06-30,19.67,$14.30,1.38,$3.98,4.95,$3.67,5.36,$0.38,51.76,$0.22B,$0.11B,1.99,$2.05B,$2.08B,0.99,$0.58B,$0.36B,61.31%,$0.58B,$0.10B,16.93%,$0.58B,$0.10B,16.93%,$0.58B,$0.30B,52.50%,$0.58B,$0.03B,5.18%,$0.58B,$0.06B,9.67%,$0.06B,$2.08B,2.66%,$0.06B,$1.98B,2.82%,$0.06B,$4.32B,1.29%,$0.10B,$4.13B,2.37%,$149,$56,$92,$0,$8,$113,$35,$-18,$17,$0,$17,$17,$24,$85,$35,$145,146,$0.16,$0.16,$19,$0,$0,$220,$3683,$0,$99,$40,$4100,$4320,$111,$2053,$76,$2129,$2240,$1,$-1603,$5,$2080,$4320,$39,$101,$-1,$100,$-13,$0,$0,$-8,$-27,$112,$-58,$0,$0,$-0,$0,$-0,$13,$-45,$31,$0,$31,$0,$0,$-92,$-4,$-64,$3,$5,$-92
6,2017-03-31,19.76,$14.36,1.38,$3.89,5.08,$4.95,3.99,$0.77,25.66,$0.21B,$0.12B,1.82,$2.07B,$2.09B,0.99,$0.57B,$0.35B,61.24%,$0.57B,$0.08B,13.81%,$0.57B,$0.08B,13.81%,$0.57B,$0.28B,50.09%,$0.57B,$0.01B,1.95%,$0.57B,$0.10B,18.41%,$0.10B,$2.09B,4.86%,$0.10B,$1.99B,5.20%,$0.10B,$4.35B,2.39%,$0.08B,$4.15B,1.89%,$148,$56,$93,$0,$8,$115,$33,$-18,$15,$0,$15,$15,$15,$85,$33,$145,146,$0.10,$0.10,$16,$0,$0,$212,$3719,$0,$99,$31,$4139,$4351,$116,$2066,$82,$2148,$2264,$1,$-1596,$4,$2087,$4351,$15,$51,$3,$54,$-6,$0,$0,$4,$-19,$50,$-28,$0,$0,$-0,$0,$-0,$-4,$-33,$45,$0,$45,$0,$0,$-61,$-1,$-18,$-0,$3,$-61
7,2016-12-31,19.15,$14.44,1.33,$3.81,5.02,$5.27,3.63,$0.74,25.87,$0.18B,$0.17B,1.08,$2.02B,$2.10B,0.96,$0.56B,$0.34B,60.72%,$0.56B,$0.07B,12.79%,$0.56B,$0.07B,12.79%,$0.56B,$0.27B,49.37%,$0.56B,$0.01B,1.08%,$0.56B,$0.10B,17.84%,$0.10B,$2.10B,4.59%,$0.10B,$2.00B,4.95%,$0.10B,$4.37B,2.27%,$0.07B,$4.12B,1.72%,$144,$57,$86,$0,$6,$117,$27,$-16,$11,$0,$11,$11,$30,$81,$27,$145,146,$0.21,$0.21,$16,$0,$0,$179,$3732,$0,$99,$82,$4189,$4368,$165,$2020,$85,$2105,$2270,$1,$-1581,$2,$2098,$4368,$100,$204,$-51,$152,$-27,$0,$0,$3,$-20,$232,$-94,$0,$0,$0,$0,$0,$-26,$-120,$-12,$0,$-12,$-8,$-8,$-92,$-3,$-114,$-2,$8,$-92
8,2016-09-30,19.72,$14.93,1.32,$3.75,5.26,$8.07,2.44,$1.37,14.39,$0.20B,$0.13B,1.52,$1.99B,$2.17B,0.92,$0.55B,$0.34B,61.09%,$0.55B,$0.07B,12.73%,$0.55B,$0.07B,12.73%,$0.55B,$0.27B,48.55%,$0.55B,$0.00B,0.55%,$0.55B,$0.15B,27.82%,$0.15B,$2.17B,7.07%,$0.15B,$1.99B,7.64%,$0.15B,$4.39B,3.52%,$0.07B,$4.16B,1.69%,$138,$55,$84,$0,$7,$135,$3,$-16,$-13,$0,$-13,$-13,$-13,$53,$3,$145,146,$-0.09,$-0.09,$19,$0,$0,$202,$3689,$0,$180,$29,$4186,$4388,$133,$1994,$92,$2086,$2219,$1,$-1499,$-7,$2169,$4388,$70,$150,$-32,$118,$-17,$0,$0,$2,$-15,$172,$150,$0,$0,$-166,$0,$-166,$-15,$-32,$-38,$0,$-38,$-8,$-8,$-92,$-3,$-140,$1,$8,$-92
9,2016-06-30,19.32,$15.19,1.27,$3.80,5.09,$6.72,2.87,$1.45,13.32,$0.22B,$0.12B,1.76,$1.88B,$2.21B,0.85,$0.56B,$0.34B,60.43%,$0.56B,$0.07B,11.76%,$0.56B,$0.07B,11.76%,$0.56B,$0.26B,46.17%,$0.56B,$-0.00B,-0.53%,$0.56B,$0.16B,29.23%,$0.16B,$2.21B,7.64%,$0.16B,$2.03B,8.26%,$0.16B,$4.30B,3.69%,$0.07B,$4.09B,1.56%,$135,$52,$83,$0,$8,$121,$15,$-16,$-2,$0,$-2,$-2,$72,$64,$15,$145,146,$0.50,$0.50,$39,$0,$0,$215,$3603,$0,$180,$38,$4083,$4298,$122,$1884,$85,$1969,$2092,$1,$-1456,$-11,$2207,$4298,$83,$99,$-57,$42,$-9,$0,$0,$-3,$-22,$103,$137,$0,$0,$0,$0,$0,$-6,$131,$-147,$0,$-147,$-8,$-8,$-61,$-2,$-218,$16,$6,$-61
10,2016-03-31,18.02,$14.88,1.21,$3.82,4.71,$5.57,3.23,$1.10,16.38,$0.20B,$0.10B,1.89,$2.00B,$2.16B,0.93,$0.57B,$0.34B,59.51%,$0.57B,$0.07B,12.57%,$0.57B,$0.07B,12.57%,$0.57B,$0.27B,46.60%,$0.57B,$0.00B,0.35%,$0.57B,$0.12B,21.29%,$0.12B,$2.16B,5.65%,$0.12B,$1.98B,6.11%,$0.12B,$4.36B,2.68%,$0.07B,$4.16B,1.65%,$138,$54,$84,$0,$8,$112,$26,$-16,$10,$0,$10,$10,$10,$76,$26,$145,146,$0.07,$0.07,$13,$0,$0,$196,$3683,$0,$180,$25,$4159,$4355,$104,$2003,$89,$2091,$2195,$1,$-1506,$-8,$2160,$4355,$10,$50,$3,$52,$-5,$0,$0,$5,$-13,$50,$19,$0,$0,$0,$0,$0,$-3,$16,$-27,$0,$-27,$-8,$-8,$-31,$-1,$-66,$-1,$2,$-31
11,2015-12-31,16.56,$14.59,1.13,$3.85,4.31,$5.03,3.29,$1.15,14.4,$0.24B,$0.13B,1.85,$2.03B,$2.12B,0.96,$0.59B,$0.34B,58.63%,$0.59B,$0.07B,12.65%,$0.59B,$0.07B,12.65%,$0.59B,$0.27B,46.32%,$0.59B,$0.00B,0.17%,$0.59B,$0.13B,22.39%,$0.13B,$2.12B,5.98%,$0.13B,$2.02B,6.46%,$0.13B,$4.36B,2.80%,$0.07B,$4.15B,1.66%,$139,$55,$85,$0,$8,$114,$26,$-18,$8,$0,$8,$8,$84,$74,$26,$151,151,$0.56,$0.56,$18,$0,$0,$237,$3696,$0,$105,$36,$4124,$4362,$128,$2030,$80,$2110,$2238,$1,$-1551,$2,$2123,$4362,$131,$197,$-79,$119,$-29,$0,$0,$3,$-26,$224,$342,$0,$0,$0,$0,$0,$-42,$300,$-242,$0,$-242,$-159,$-159,$-127,$-3,$-531,$-7,$9,$-127
12,2015-09-30,15.52,$14.37,1.08,$3.87,4.01,$1.13,13.72,$0.39,39.8,$0.27B,$0.13B,2.07,$2.43B,$2.09B,1.16,$0.59B,$0.34B,57.84%,$0.59B,$0.08B,12.98%,$0.59B,$0.08B,12.98%,$0.59B,$0.28B,46.54%,$0.59B,$0.01B,1.01%,$0.59B,$0.06B,9.78%,$0.06B,$2.09B,2.59%,$0.06B,$1.91B,2.82%,$0.06B,$4.74B,1.21%,$0.08B,$4.52B,1.68%,$149,$62,$87,$0,$8,$150,$-1,$-18,$-19,$0,$-19,$-19,$-2,$45,$-1,$149,149,$-0.01,$-0.01,$53,$0,$0,$274,$3934,$0,$180,$113,$4466,$4740,$133,$2428,$86,$2514,$2647,$1,$-1570,$-9,$2093,$4740,$47,$149,$-8,$141,$-23,$0,$0,$-23,$-54,$134,$-6,$0,$0,$0,$0,$0,$-28,$-34,$150,$0,$150,$-156,$-156,$-96,$-3,$-105,$-5,$7,$-96
13,2015-06-30,15.08,$14.86,1.01,$3.81,3.96,$0.09,174.08,$0.46,32.77,$0.26B,$0.13B,2.01,$2.32B,$2.26B,1.03,$0.59B,$0.34B,57.56%,$0.59B,$0.11B,17.83%,$0.59B,$0.11B,17.83%,$0.59B,$0.31B,52.29%,$0.59B,$0.03B,5.77%,$0.59B,$0.07B,11.71%,$0.07B,$2.26B,3.00%,$0.07B,$2.08B,3.26%,$0.07B,$4.78B,1.44%,$0.11B,$4.58B,2.29%,$147,$61,$85,$0,$8,$126,$21,$-17,$3,$0,$3,$3,$30,$72,$21,$154,154,$0.20,$0.20,$17,$0,$0,$259,$4006,$0,$180,$45,$4522,$4781,$129,$2320,$76,$2397,$2525,$2,$-1427,$12,$2256,$4781,$49,$103,$-28,$75,$-16,$0,$0,$-1,$-27,$96,$-20,$0,$0,$0,$0,$0,$-15,$-35,$42,$0,$42,$-40,$-40,$-65,$-3,$-65,$-3,$4,$-65
14,2015-03-31,15.76,$14.81,1.06,$3.75,4.2,$-0.04,0.0,$0.34,46.35,$0.22B,$0.12B,1.85,$2.33B,$2.29B,1.02,$0.58B,$0.34B,57.66%,$0.58B,$0.11B,19.10%,$0.58B,$0.11B,19.10%,$0.58B,$0.31B,53.36%,$0.58B,$0.04B,6.88%,$0.58B,$0.05B,8.78%,$0.05B,$2.29B,2.19%,$0.05B,$2.11B,2.38%,$0.05B,$4.82B,1.07%,$0.11B,$4.61B,2.44%,$150,$64,$86,$0,$6,$122,$28,$-19,$9,$0,$9,$9,$19,$80,$28,$154,155,$0.12,$0.12,$16,$0,$0,$221,$4095,$0,$180,$27,$4598,$4820,$119,$2326,$88,$2414,$2534,$2,$-1379,$-5,$2286,$4820,$19,$51,$-9,$42,$-11,$0,$0,$5,$-18,$44,$-56,$0,$0,$0,$0,$0,$-8,$-64,$48,$0,$48,$0,$0,$-32,$-1,$15,$-5,$1,$-32
15,2014-12-31,15.77,$14.98,1.05,$3.66,4.31,$0.45,34.95,$0.28,56.34,$0.20B,$0.13B,1.5,$2.27B,$2.31B,0.98,$0.57B,$0.33B,57.67%,$0.57B,$0.11B,19.05%,$0.57B,$0.11B,19.05%,$0.57B,$0.30B,53.62%,$0.57B,$0.04B,7.05%,$0.57B,$0.04B,7.23%,$0.04B,$2.31B,1.75%,$0.04B,$2.13B,1.89%,$0.04B,$4.79B,0.87%,$0.11B,$4.58B,2.40%,$147,$62,$85,$0,$6,$118,$29,$-16,$13,$0,$13,$13,$11,$79,$29,$154,155,$0.07,$0.07,$26,$0,$0,$200,$4075,$0,$180,$103,$4588,$4788,$134,$2270,$72,$2342,$2476,$2,$-1366,$8,$2312,$4788,$42,$197,$18,$215,$-41,$0,$0,$-2,$-40,$217,$-240,$0,$-5,$-0,$0,$-0,$-22,$-267,$239,$0,$239,$-55,$-55,$-125,$-4,$55,$5,$5,$-125
16,2014-09-30,14.61,$15.16,0.96,$3.57,4.09,$-0.80,0.0,$0.38,38.44,$0.21B,$0.14B,1.55,$2.23B,$2.34B,0.96,$0.56B,$0.33B,57.83%,$0.56B,$0.11B,20.28%,$0.56B,$0.11B,20.28%,$0.56B,$0.30B,54.09%,$0.56B,$0.04B,7.47%,$0.56B,$0.06B,10.68%,$0.06B,$2.34B,2.52%,$0.06B,$2.16B,2.72%,$0.06B,$4.78B,1.28%,$0.11B,$4.57B,2.55%,$145,$62,$83,$0,$6,$117,$27,$-18,$9,$0,$9,$9,$9,$77,$27,$154,155,$0.06,$0.06,$17,$0,$0,$210,$4058,$0,$180,$37,$4569,$4778,$135,$2234,$70,$2304,$2439,$2,$-1346,$12,$2339,$4778,$31,$147,$15,$162,$-29,$0,$0,$-11,$-35,$158,$-186,$0,$0,$-0,$0,$-0,$-15,$-201,$195,$0,$195,$-55,$-55,$-93,$-2,$46,$2,$3,$-93
17,2014-06-30,15.52,$15.27,1.02,$3.50,4.43,$-1.52,0.0,$0.44,35.28,$0.20B,$0.13B,1.57,$2.11B,$2.36B,0.89,$0.56B,$0.33B,58.39%,$0.56B,$0.12B,21.79%,$0.56B,$0.12B,21.79%,$0.56B,$0.31B,54.82%,$0.56B,$0.05B,9.29%,$0.56B,$0.07B,12.50%,$0.07B,$2.36B,2.88%,$0.07B,$2.18B,3.11%,$0.07B,$4.66B,1.51%,$0.12B,$4.46B,2.76%,$139,$57,$81,$0,$7,$112,$27,$-17,$9,$0,$9,$9,$12,$74,$27,$154,154,$0.08,$0.08,$17,$0,$0,$198,$3968,$0,$180,$32,$4464,$4662,$126,$2107,$71,$2178,$2305,$2,$-1324,$9,$2357,$4662,$22,$97,$14,$110,$-14,$0,$0,$-8,$-23,$109,$-52,$0,$0,$-0,$0,$-0,$-5,$-57,$67,$0,$67,$-55,$-55,$-62,$-1,$-50,$2,$2,$-62
18,2014-03-31,13.91,$15.42,0.9,$3.40,4.09,$-3.06,0.0,$0.57,24.4,$0.19B,$0.13B,1.48,$2.03B,$2.38B,0.85,$0.55B,$0.33B,58.84%,$0.55B,$0.13B,23.10%,$0.55B,$0.13B,23.10%,$0.55B,$0.31B,55.60%,$0.55B,$0.06B,11.01%,$0.55B,$0.09B,16.79%,$0.09B,$2.38B,3.72%,$0.09B,$2.20B,4.01%,$0.09B,$4.61B,2.02%,$0.13B,$4.41B,2.92%,$136,$58,$78,$0,$5,$111,$25,$-16,$9,$0,$9,$9,$9,$74,$25,$155,155,$0.06,$0.06,$24,$0,$0,$193,$3924,$0,$180,$32,$4419,$4612,$131,$2030,$73,$2102,$2233,$2,$-1305,$12,$2379,$4612,$9,$49,$16,$65,$-1,$0,$0,$-3,$-4,$70,$-5,$0,$0,$0,$0,$0,$-4,$-9,$28,$0,$28,$-55,$-55,$-31,$-0,$-58,$2,$1,$-31
19,2013-12-31,13.24,$15.63,0.85,$3.30,4.01,$-4.88,0.0,$0.60,22.07,$0.19B,$0.13B,1.48,$2.00B,$2.46B,0.81,$0.55B,$0.33B,59.64%,$0.55B,$0.14B,25.64%,$0.55B,$0.14B,25.64%,$0.55B,$0.31B,56.55%,$0.55B,$0.07B,13.09%,$0.55B,$0.10B,18.00%,$0.10B,$2.46B,3.87%,$0.10B,$2.28B,4.16%,$0.10B,$4.67B,2.16%,$0.14B,$4.46B,3.23%,$142,$58,$83,$0,$5,$106,$35,$-20,$15,$0,$15,$15,$30,$79,$35,$165,165,$0.18,$0.18,$22,$0,$0,$191,$3952,$0,$180,$51,$4475,$4666,$129,$2002,$74,$2076,$2205,$2,$-1231,$20,$2461,$4666,$99,$170,$-15,$155,$-29,$0,$0,$-3,$-38,$215,$-446,$0,$-14,$-1,$0,$-1,$-34,$-496,$586,$0,$586,$-174,$-174,$-132,$-5,$275,$-6,$2,$-132
20,2013-09-30,13.75,$15.63,0.88,$3.18,4.32,$-2.27,0.0,$0.51,26.96,$0.20B,$0.16B,1.26,$1.82B,$2.52B,0.72,$0.53B,$0.32B,59.85%,$0.53B,$0.14B,25.89%,$0.53B,$0.14B,25.89%,$0.53B,$0.30B,56.66%,$0.53B,$0.07B,12.57%,$0.53B,$0.08B,15.57%,$0.08B,$2.52B,3.19%,$0.08B,$2.34B,3.42%,$0.08B,$4.58B,1.86%,$0.14B,$4.34B,3.24%,$143,$58,$85,$0,$6,$108,$35,$-17,$19,$0,$19,$19,$19,$80,$35,$165,165,$0.12,$0.12,$35,$0,$0,$202,$3873,$0,$180,$39,$4375,$4577,$160,$1823,$73,$1896,$2056,$2,$-1166,$15,$2521,$4577,$69,$126,$-6,$120,$-24,$0,$0,$-2,$-25,$164,$-313,$0,$-14,$-1,$0,$-1,$-24,$-352,$407,$0,$407,$-112,$-112,$-100,$-4,$191,$3,$1,$-100
21,2013-06-30,14.0,$15.78,0.89,$3.10,4.52,$-0.52,0.0,$0.45,31.1,$0.21B,$0.12B,1.76,$1.71B,$2.63B,0.65,$0.52B,$0.32B,60.42%,$0.52B,$0.14B,26.20%,$0.52B,$0.14B,26.20%,$0.52B,$0.30B,57.36%,$0.52B,$0.06B,11.09%,$0.52B,$0.08B,14.34%,$0.08B,$2.63B,2.84%,$0.08B,$2.45B,3.05%,$0.08B,$4.52B,1.70%,$0.14B,$4.34B,3.26%,$133,$52,$80,$0,$6,$100,$33,$-15,$18,$0,$18,$18,$35,$75,$33,$168,168,$0.21,$0.21,$49,$0,$0,$208,$3822,$0,$180,$37,$4316,$4523,$118,$1709,$66,$1775,$1893,$2,$-1058,$16,$2630,$4523,$50,$81,$-8,$73,$-16,$0,$0,$-8,$-37,$87,$-283,$0,$0,$-1,$0,$-1,$-13,$-296,$293,$0,$293,$-15,$-15,$-67,$-3,$207,$-2,$1,$-67
22,2013-03-31,15.18,$15.65,0.97,$3.07,4.94,$1.13,13.45,$0.42,36.14,$0.21B,$0.14B,1.51,$1.70B,$2.62B,0.65,$0.52B,$0.32B,60.34%,$0.52B,$0.14B,26.82%,$0.52B,$0.14B,26.82%,$0.52B,$0.30B,57.47%,$0.52B,$0.06B,11.49%,$0.52B,$0.07B,13.60%,$0.07B,$2.62B,2.67%,$0.07B,$2.44B,2.86%,$0.07B,$4.54B,1.63%,$0.14B,$4.32B,3.37%,$132,$52,$80,$0,$5,$95,$38,$-17,$20,$0,$20,$20,$15,$77,$38,$168,168,$0.09,$0.09,$56,$0,$0,$210,$3851,$0,$180,$21,$4329,$4539,$139,$1700,$77,$1777,$1916,$2,$-1042,$-7,$2623,$4539,$15,$39,$7,$46,$-10,$0,$0,$2,$-19,$42,$-278,$0,$0,$-1,$0,$-1,$-8,$-287,$283,$0,$283,$-0,$-0,$-34,$-0,$249,$5,$1,$-34
23,2012-12-31,13.85,$15.76,0.88,$3.04,4.55,$2.90,4.78,$0.55,25.17,$0.20B,$0.13B,1.56,$1.42B,$2.64B,0.54,$0.52B,$0.31B,60.27%,$0.52B,$0.14B,26.30%,$0.52B,$0.14B,26.30%,$0.52B,$0.30B,57.39%,$0.52B,$0.06B,11.13%,$0.52B,$0.09B,17.85%,$0.09B,$2.64B,3.44%,$0.09B,$2.46B,3.69%,$0.09B,$4.26B,2.16%,$0.14B,$4.06B,3.34%,$125,$51,$74,$0,$5,$94,$32,$-21,$10,$0,$10,$10,$14,$70,$32,$170,170,$0.09,$0.09,$51,$0,$0,$198,$3613,$0,$180,$23,$4057,$4255,$127,$1417,$71,$1487,$1614,$2,$-1023,$-7,$2640,$4255,$93,$164,$-22,$142,$-22,$0,$0,$-1,$-14,$221,$-15,$0,$0,$-0,$0,$-0,$-49,$-63,$-56,$0,$-56,$-88,$-88,$-136,$-3,$-284,$-127,$2,$-136
24,2012-09-30,13.15,$15.86,0.83,$3.03,4.33,$3.67,3.58,$1.15,11.44,$0.24B,$0.11B,2.21,$1.44B,$2.67B,0.54,$0.52B,$0.32B,60.54%,$0.52B,$0.14B,25.86%,$0.52B,$0.14B,25.86%,$0.52B,$0.30B,57.47%,$0.52B,$0.06B,12.07%,$0.52B,$0.20B,37.93%,$0.20B,$2.67B,7.24%,$0.20B,$2.49B,7.75%,$0.20B,$4.29B,4.55%,$0.14B,$4.10B,3.25%,$133,$50,$82,$0,$6,$99,$34,$-23,$10,$0,$10,$10,$11,$78,$34,$169,169,$0.06,$0.06,$81,$0,$0,$241,$3613,$0,$180,$14,$4044,$4286,$109,$1436,$75,$1511,$1621,$2,$-995,$-9,$2665,$4286,$79,$125,$-25,$100,$-15,$0,$0,$-20,$-36,$143,$0,$0,$0,$0,$0,$0,$-39,$-39,$-37,$0,$-37,$-80,$-80,$-103,$-3,$-223,$-119,$1,$-103
25,2012-06-30,12.9,$16.02,0.81,$3.01,4.28,$4.24,3.04,$1.38,9.35,$0.27B,$0.13B,2.11,$1.40B,$2.73B,0.51,$0.52B,$0.32B,60.65%,$0.52B,$0.14B,26.30%,$0.52B,$0.14B,26.30%,$0.52B,$0.30B,58.35%,$0.52B,$0.07B,14.01%,$0.52B,$0.24B,45.68%,$0.24B,$2.73B,8.66%,$0.24B,$2.55B,9.27%,$0.24B,$4.33B,5.37%,$0.14B,$4.13B,3.27%,$132,$53,$79,$0,$5,$96,$36,$-15,$20,$0,$20,$20,$31,$75,$36,$172,172,$0.18,$0.18,$112,$0,$0,$266,$3638,$0,$180,$8,$4062,$4328,$126,$1401,$75,$1475,$1602,$2,$-935,$-7,$2727,$4328,$68,$80,$-26,$54,$-8,$0,$0,$-40,$-53,$69,$14,$0,$0,$0,$0,$0,$-15,$-1,$-72,$0,$-72,$-39,$-39,$-69,$-0,$-180,$-113,$1,$-69
26,2012-03-31,13.15,$16.08,0.82,$3.03,4.33,$4.42,2.97,$1.32,9.96,$0.24B,$0.12B,2.08,$1.35B,$2.78B,0.49,$0.53B,$0.32B,60.95%,$0.53B,$0.14B,26.10%,$0.53B,$0.14B,26.10%,$0.53B,$0.31B,59.05%,$0.53B,$0.07B,13.33%,$0.53B,$0.23B,43.43%,$0.23B,$2.78B,8.30%,$0.23B,$2.60B,8.88%,$0.23B,$4.33B,5.08%,$0.14B,$4.13B,3.22%,$131,$52,$79,$0,$5,$96,$35,$-16,$18,$0,$18,$18,$37,$76,$35,$173,173,$0.22,$0.22,$92,$0,$0,$242,$3658,$0,$180,$13,$4084,$4327,$116,$1353,$81,$1434,$1550,$2,$-888,$-3,$2777,$4327,$37,$41,$-17,$24,$-3,$0,$0,$-14,$-23,$38,$25,$0,$0,$0,$-13,$-13,$-6,$6,$-120,$0,$-120,$0,$0,$-35,$-0,$-155,$-111,$0,$-35
27,2011-12-31,12.48,$16.07,0.78,$3.04,4.11,$4.42,2.82,$1.30,9.6,$0.32B,$0.12B,2.57,$1.47B,$2.77B,0.53,$0.53B,$0.32B,61.71%,$0.53B,$0.14B,27.24%,$0.53B,$0.14B,27.24%,$0.53B,$0.31B,59.81%,$0.53B,$0.08B,15.81%,$0.53B,$0.23B,42.86%,$0.23B,$2.77B,8.21%,$0.23B,$2.59B,8.79%,$0.23B,$4.45B,4.95%,$0.14B,$4.25B,3.32%,$126,$50,$76,$0,$6,$95,$30,$-15,$15,$0,$15,$15,$119,$71,$30,$173,173,$0.68,$0.69,$187,$0,$0,$316,$3704,$0,$180,$11,$4131,$4448,$123,$1473,$79,$1551,$1674,$2,$-891,$-3,$2773,$4448,$225,$171,$-119,$52,$-13,$0,$0,$-0,$-10,$267,$76,$0,$0,$-0,$0,$-0,$-39,$37,$6,$0,$6,$-3,$-3,$-220,$-4,$-221,$83,$5,$-220
28,2011-09-30,11.61,$15.72,0.74,$2.88,4.03,$4.35,2.67,$0.78,14.89,$0.22B,$0.27B,0.83,$1.55B,$2.72B,0.57,$0.50B,$0.31B,61.57%,$0.50B,$0.14B,27.77%,$0.50B,$0.14B,27.77%,$0.50B,$0.31B,61.77%,$0.50B,$0.08B,16.50%,$0.50B,$0.14B,27.16%,$0.14B,$2.72B,4.92%,$0.14B,$2.54B,5.27%,$0.14B,$4.61B,2.98%,$0.14B,$4.26B,3.22%,$132,$51,$82,$0,$5,$96,$36,$-16,$20,$0,$20,$20,$51,$82,$36,$173,173,$0.30,$0.29,$91,$0,$0,$222,$3927,$0,$180,$62,$4391,$4613,$268,$1545,$84,$1629,$1896,$2,$-952,$0,$2717,$4613,$106,$130,$-24,$106,$-10,$0,$0,$-28,$-36,$176,$68,$0,$0,$-0,$-175,$-175,$-19,$-127,$77,$0,$77,$0,$0,$-166,$-1,$-90,$-41,$3,$-166
29,2011-06-30,14.4,$15.75,0.91,$2.89,4.98,$4.12,3.5,$0.72,20.0,$0.23B,$0.13B,1.85,$1.64B,$2.72B,0.6,$0.50B,$0.31B,62.93%,$0.50B,$0.15B,30.26%,$0.50B,$0.15B,30.26%,$0.50B,$0.31B,62.32%,$0.50B,$0.10B,19.44%,$0.50B,$0.13B,25.05%,$0.13B,$2.72B,4.53%,$0.13B,$2.54B,4.84%,$0.13B,$4.56B,2.80%,$0.15B,$4.36B,3.53%,$136,$53,$83,$0,$7,$100,$36,$-18,$17,$0,$17,$17,$21,$81,$36,$173,173,$0.12,$0.12,$95,$0,$0,$233,$3900,$0,$180,$16,$4327,$4560,$126,$1637,$76,$1713,$1839,$2,$-949,$-0,$2721,$4560,$55,$85,$1,$86,$-4,$0,$0,$-16,$-26,$115,$0,$0,$0,$-0,$-76,$-76,$-15,$-91,$50,$0,$50,$0,$0,$-109,$-0,$-59,$-35,$2,$-109
30,2011-03-31,13.5,$15.95,0.85,$2.95,4.58,$4.24,3.19,$0.71,19.01,$0.25B,$0.12B,2.02,$1.60B,$2.75B,0.58,$0.51B,$0.32B,63.12%,$0.51B,$0.16B,31.56%,$0.51B,$0.16B,31.56%,$0.51B,$0.31B,61.54%,$0.51B,$0.11B,21.10%,$0.51B,$0.12B,24.46%,$0.12B,$2.75B,4.45%,$0.12B,$2.57B,4.76%,$0.12B,$4.56B,2.80%,$0.16B,$4.36B,3.78%,$131,$49,$83,$0,$7,$91,$41,$-10,$31,$0,$31,$31,$34,$80,$41,$173,173,$0.20,$0.20,$115,$0,$0,$248,$3892,$0,$180,$13,$4315,$4563,$123,$1601,$86,$1687,$1810,$2,$-916,$-0,$2754,$4563,$34,$40,$-0,$39,$1,$0,$0,$-5,$-12,$62,$0,$0,$0,$-0,$-29,$-29,$-7,$-37,$15,$0,$15,$0,$0,$-55,$0,$-40,$-15,$1,$-55
31,2010-12-31,13.78,$16.06,0.86,$3.07,4.48,$4.27,3.23,$0.70,19.69,$0.31B,$0.11B,2.72,$1.40B,$2.77B,0.51,$0.52B,$0.33B,62.72%,$0.52B,$0.17B,31.93%,$0.52B,$0.17B,31.93%,$0.52B,$0.32B,60.80%,$0.52B,$0.11B,20.27%,$0.52B,$0.12B,23.14%,$0.12B,$2.77B,4.31%,$0.12B,$2.59B,4.61%,$0.12B,$4.37B,2.75%,$0.17B,$4.18B,3.97%,$98,$40,$58,$0,$7,$73,$25,$-12,$14,$0,$14,$14,$29,$64,$25,$171,171,$0.17,$0.17,$111,$0,$0,$306,$3677,$0,$180,$12,$4067,$4373,$113,$1403,$85,$1487,$1600,$2,$-895,$-1,$2773,$4373,$120,$150,$11,$162,$-6,$0,$0,$-13,$-7,$276,$52,$0,$0,$-0,$-114,$-114,$-18,$-80,$-114,$0,$-114,$183,$183,$-217,$-1,$-149,$47,$4,$-217
