,Date,Stock Price,Book Value per Share,Price to Book Ratio,TTM Sales per Share,Price to Sales Ratio,TTM FCF per Share,Price to FCF Ratio,TTM Net EPS,PE Ratio,Current Assets,Current Liabilities,Current Ratio,Long Term Debt,Shareholder's Equity_x,Debt to Equity Ratio,TTM Revenue_x,TTM Gross Profit,Gross Margin,TTM Revenue_y,TTM Operating Income,Operating Margin,TTM Revenue_x,TTM EBIT,EBIT Margin,TTM Revenue_y,TTM EBITDA,EBITDA Margin,TTM Revenue_x,TTM Pre-Tax Income,Pre-Tax Margin,TTM Revenue_y,TTM Net Income_x,Net Margin,TTM Net Income_y,Shareholder's Equity_y,Return on Equity,TTM Net Income_x,Tangible Equity,Return on Tangible Equity,TTM Net Income_y,Total Assets,Return on Assets,TTM Net Income,LT Investments & Debt,Return on Investment,revenue,cost-goods-sold,gross-profit,research-development-expenses,selling-general-administrative-expenses,operating-expenses,operating-income,total-non-operating-income-expense,pre-tax-income,total-provision-income-taxes,income-after-taxes,income-from-continuous-operations,net-income,ebitda,ebit,basic-shares-outstanding,shares-outstanding,eps-basic-net-earnings-per-share,eps-earnings-per-share-diluted,cash-on-hand,inventory,other-current-assets,total-current-assets,net-property-plant-equipment,long-term-investments,goodwill-intangible-assets-total,other-long-term-assets,total-long-term-assets,total-assets,total-current-liabilities,long-term-debt,other-non-current-liabilities,total-long-term-liabilities,total-liabilities,common-stock-net,retained-earnings-accumulated-deficit,comprehensive-income,total-share-holder-equity,total-liabilities-share-holders-equity,net-income-loss,total-depreciation-amortization-cash-flow,other-non-cash-items,total-non-cash-items,change-in-accounts-receivable,change-in-inventories,change-in-accounts-payable,change-in-assets-liabilities,total-change-in-assets-liabilities,cash-flow-from-operating-activities,net-change-in-property-plant-equipment,net-change-in-intangible-assets,net-acquisitions-divestitures,net-change-in-short-term-investments,net-change-in-long-term-investments,net-change-in-investments-total,investing-activities-other,cash-flow-from-investing-activities,net-long-term-debt,net-current-debt,debt-issuance-retirement-net-total,net-common-equity-issued-repurchased,net-total-equity-issued-repurchased,total-common-preferred-stock-dividends-paid,financial-activities-other,cash-flow-from-financial-activities,net-cash-flow,stock-based-compensation,common-stock-dividends-paid
0,2018-09-30,36.37,$22.27,1.63,$11.13,3.27,$7.54,4.82,$1.55,23.46,$0.44B,$0.55B,0.8,$0.94B,$1.54B,0.61,$0.77B,$0.26B,33.25%,$0.77B,$0.14B,17.85%,$0.77B,$0.14B,17.85%,$0.77B,$0.25B,31.69%,$0.77B,$0.13B,16.69%,$0.77B,$0.11B,13.97%,$0.11B,$1.54B,7.11%,$0.11B,$1.54B,7.11%,$0.11B,$3.08B,3.80%,$0.14B,$2.47B,5.79%,$205,$131,$75,$0,$10,$165,$40,$-9,$32,$2,$30,$30,$26,$67,$40,$69,69,$0.37,$0.37,$400,$0,$0,$437,$2438,$0,$0,$202,$2640,$3076,$545,$939,$57,$996,$1541,$1,$-170,$12,$1535,$3076,$113,$77,$-16,$61,$-7,$0,$0,$-6,$-3,$171,$-57,$0,$0,$-350,$0,$-350,$-107,$-513,$98,$349,$447,$-3,$-3,$0,$-108,$337,$-6,$4,$0
1,2018-06-30,38.8,$22.24,1.74,$11.08,3.5,$10.13,3.83,$1.56,24.87,$0.43B,$0.52B,0.82,$0.84B,$1.53B,0.55,$0.77B,$0.26B,33.25%,$0.77B,$0.14B,18.05%,$0.77B,$0.14B,18.05%,$0.77B,$0.24B,31.69%,$0.77B,$0.13B,16.75%,$0.77B,$0.11B,14.03%,$0.11B,$1.53B,7.14%,$0.11B,$1.53B,7.14%,$0.11B,$2.95B,3.97%,$0.14B,$2.37B,5.91%,$207,$132,$74,$0,$9,$158,$48,$12,$61,$2,$58,$58,$54,$73,$48,$69,69,$0.78,$0.78,$396,$0,$0,$430,$2439,$0,$0,$85,$2524,$2954,$524,$840,$58,$897,$1421,$1,$-170,$12,$1533,$2954,$83,$51,$-16,$34,$-6,$0,$0,$-12,$-14,$102,$-35,$0,$3,$-350,$0,$-350,$0,$-382,$-1,$338,$337,$-3,$-3,$0,$-62,$273,$-7,$2,$0
2,2018-03-31,34.02,$21.77,1.56,$11.06,3.08,$12.75,2.67,$1.35,25.2,$0.22B,$0.34B,0.63,$0.84B,$1.50B,0.56,$0.77B,$0.26B,33.16%,$0.77B,$0.13B,17.04%,$0.77B,$0.13B,17.04%,$0.77B,$0.24B,30.82%,$0.77B,$0.11B,14.69%,$0.77B,$0.09B,12.09%,$0.09B,$1.50B,6.17%,$0.09B,$1.50B,6.17%,$0.09B,$2.74B,3.53%,$0.13B,$2.34B,5.57%,$181,$126,$55,$0,$3,$150,$31,$-7,$24,$-0,$25,$25,$20,$57,$31,$69,69,$0.29,$0.29,$181,$0,$0,$215,$2447,$0,$0,$80,$2527,$2742,$342,$840,$60,$900,$1242,$1,$-197,$9,$1500,$2742,$25,$26,$0,$26,$-4,$0,$0,$-6,$-10,$41,$-16,$0,$0,$-158,$0,$-158,$0,$-174,$-1,$158,$157,$-3,$-3,$0,$-31,$124,$-9,$-0,$0
3,2017-12-31,36.41,$21.85,1.67,$10.98,3.32,$12.60,2.89,$1.20,30.34,$0.06B,$0.19B,0.33,$0.84B,$1.50B,0.56,$0.77B,$0.25B,32.99%,$0.77B,$0.12B,15.71%,$0.77B,$0.12B,15.71%,$0.77B,$0.23B,29.61%,$0.77B,$0.10B,12.99%,$0.77B,$0.08B,10.78%,$0.08B,$1.50B,5.47%,$0.08B,$1.50B,5.47%,$0.08B,$2.59B,3.13%,$0.12B,$2.34B,5.11%,$180,$127,$53,$0,$7,$161,$19,$-7,$12,$0,$12,$12,$8,$48,$19,$70,70,$0.11,$0.10,$33,$0,$0,$62,$2456,$0,$0,$73,$2529,$2591,$188,$840,$59,$899,$1087,$1,$-191,$4,$1504,$2591,$100,$107,$-3,$104,$-1,$0,$0,$-0,$-9,$195,$125,$0,$8,$0,$0,$0,$-1,$131,$-72,$-37,$-109,$-96,$-96,$0,$-129,$-334,$-8,$6,$0
4,2017-09-30,35.05,$22.03,1.59,$11.16,3.14,$14.76,2.37,$1.29,27.17,$0.06B,$0.18B,0.31,$0.84B,$1.52B,0.56,$0.79B,$0.26B,33.46%,$0.79B,$0.13B,16.60%,$0.79B,$0.13B,16.60%,$0.79B,$0.24B,29.91%,$0.79B,$0.11B,13.43%,$0.79B,$0.09B,11.28%,$0.09B,$1.52B,5.77%,$0.09B,$1.52B,5.77%,$0.09B,$2.59B,3.29%,$0.13B,$2.36B,5.43%,$202,$128,$74,$0,$4,$161,$41,$-9,$32,$2,$31,$31,$26,$66,$41,$69,69,$0.38,$0.38,$21,$0,$0,$56,$2464,$0,$0,$73,$2537,$2594,$183,$843,$52,$895,$1078,$1,$-173,$-1,$1516,$2594,$88,$79,$-3,$75,$-8,$0,$0,$-4,$-13,$151,$142,$0,$0,$0,$0,$0,$0,$142,$-72,$-52,$-124,$-96,$-96,$0,$-93,$-313,$-20,$4,$0
5,2017-06-30,30.94,$22.01,1.41,$11.15,2.77,$13.41,2.31,$0.30,103.13,$0.06B,$0.20B,0.29,$0.84B,$1.51B,0.56,$0.80B,$0.27B,33.92%,$0.80B,$0.13B,15.70%,$0.80B,$0.13B,15.70%,$0.80B,$0.23B,29.15%,$0.80B,$0.04B,5.03%,$0.80B,$0.02B,2.39%,$0.02B,$1.51B,1.21%,$0.02B,$1.51B,1.21%,$0.02B,$2.60B,0.68%,$0.13B,$2.36B,5.06%,$206,$133,$73,$0,$6,$166,$40,$5,$45,$1,$44,$44,$39,$66,$40,$69,69,$0.57,$0.57,$21,$0,$0,$56,$2478,$0,$0,$70,$2548,$2604,$195,$843,$51,$895,$1089,$1,$-173,$-2,$1514,$2604,$58,$53,$-7,$46,$-7,$0,$0,$-4,$-10,$94,$156,$0,$0,$0,$0,$0,$0,$156,$-71,$-39,$-110,$-96,$-96,$0,$-63,$-269,$-20,$3,$0
6,2017-03-31,27.71,$21.93,1.26,$11.12,2.49,$12.14,2.28,$0.69,40.16,$0.07B,$0.35B,0.19,$0.87B,$1.53B,0.57,$0.80B,$0.28B,34.29%,$0.80B,$0.13B,16.21%,$0.80B,$0.13B,16.21%,$0.80B,$0.24B,29.68%,$0.80B,$0.07B,8.85%,$0.80B,$0.05B,6.23%,$0.05B,$1.53B,3.08%,$0.05B,$1.53B,3.08%,$0.05B,$2.81B,1.73%,$0.13B,$2.40B,5.06%,$182,$128,$54,$0,$6,$162,$21,$-9,$11,$-3,$14,$14,$10,$48,$21,$72,72,$0.14,$0.14,$39,$0,$0,$68,$2563,$0,$0,$181,$2744,$2812,$354,$869,$55,$924,$1278,$1,$-186,$-0,$1534,$2812,$14,$27,$2,$30,$-2,$0,$0,$-1,$-6,$37,$-22,$0,$0,$0,$0,$0,$0,$-22,$-45,$122,$77,$-62,$-62,$0,$-32,$-17,$-2,$1,$0
7,2016-12-31,27.85,$22.37,1.24,$11.30,2.46,$12.11,2.3,$0.64,43.52,$0.07B,$0.23B,0.29,$0.91B,$1.61B,0.57,$0.82B,$0.28B,34.68%,$0.82B,$0.14B,17.03%,$0.82B,$0.14B,17.03%,$0.82B,$0.25B,30.15%,$0.82B,$0.07B,8.95%,$0.82B,$0.05B,5.76%,$0.05B,$1.61B,2.87%,$0.05B,$1.61B,2.87%,$0.05B,$2.81B,1.59%,$0.14B,$2.52B,5.26%,$199,$136,$63,$0,$8,$170,$29,$-10,$18,$-0,$18,$18,$14,$56,$29,$72,72,$0.20,$0.20,$41,$0,$0,$69,$2673,$0,$0,$68,$2741,$2809,$234,$914,$52,$967,$1200,$1,$-169,$-2,$1609,$2809,$74,$107,$49,$156,$1,$0,$0,$6,$12,$241,$245,$0,$0,$0,$3,$3,$51,$299,$-216,$-83,$-299,$-2,$-103,$0,$-132,$-533,$7,$8,$0
8,2016-09-30,24.59,$22.31,1.1,$11.23,2.19,$7.01,3.51,$0.67,36.7,$0.09B,$0.30B,0.29,$1.00B,$1.60B,0.62,$0.81B,$0.28B,34.57%,$0.81B,$0.14B,17.16%,$0.81B,$0.14B,17.16%,$0.81B,$0.24B,30.12%,$0.81B,$0.08B,9.75%,$0.81B,$0.05B,6.05%,$0.05B,$1.61B,2.92%,$0.05B,$1.61B,2.92%,$0.05B,$2.96B,1.62%,$0.14B,$2.60B,5.18%,$209,$129,$80,$0,$7,$174,$35,$-69,$-34,$2,$-36,$-36,$-44,$62,$35,$72,72,$-0.61,$-0.61,$54,$0,$0,$86,$2558,$0,$0,$311,$2870,$2955,$298,$999,$54,$1053,$1351,$1,$-156,$-18,$1605,$2955,$56,$79,$46,$125,$-7,$0,$0,$2,$5,$186,$22,$0,$0,$0,$0,$0,$-9,$13,$60,$-35,$25,$-2,$-103,$0,$-100,$-178,$20,$6,$0
9,2016-06-30,23.91,$24.38,0.98,$11.31,2.11,$5.25,4.56,$1.71,13.98,$0.07B,$0.19B,0.39,$1.00B,$1.75B,0.57,$0.82B,$0.28B,34.27%,$0.82B,$0.15B,18.60%,$0.82B,$0.15B,18.60%,$0.82B,$0.26B,31.21%,$0.82B,$0.15B,18.73%,$0.82B,$0.13B,15.30%,$0.13B,$1.75B,7.28%,$0.13B,$1.75B,7.28%,$0.13B,$3.00B,4.09%,$0.15B,$2.75B,5.60%,$212,$135,$78,$0,$6,$167,$45,$31,$76,$2,$74,$74,$70,$72,$45,$72,72,$0.97,$0.96,$44,$0,$0,$74,$2613,$0,$0,$311,$2924,$2998,$192,$1000,$53,$1053,$1245,$1,$-85,$-21,$1753,$2998,$91,$52,$-29,$24,$-5,$0,$0,$5,$2,$117,$50,$0,$0,$0,$0,$0,$1,$51,$61,$-135,$-74,$-2,$-17,$0,$-67,$-158,$10,$4,$0
10,2016-03-31,26.08,$22.14,1.18,$11.10,2.35,$3.40,7.68,$1.02,25.57,$0.07B,$0.34B,0.2,$1.09B,$1.59B,0.68,$0.80B,$0.27B,34.00%,$0.80B,$0.14B,17.68%,$0.80B,$0.14B,17.68%,$0.80B,$0.24B,30.39%,$0.80B,$0.11B,13.33%,$0.80B,$0.08B,9.34%,$0.08B,$1.59B,4.37%,$0.08B,$1.59B,4.37%,$0.08B,$3.07B,2.44%,$0.14B,$2.68B,5.31%,$196,$134,$62,$0,$7,$166,$30,$-17,$13,$-3,$17,$17,$7,$56,$30,$72,72,$0.09,$0.09,$38,$0,$0,$70,$2684,$0,$0,$318,$3002,$3072,$341,$1088,$51,$1139,$1480,$1,$-127,$-16,$1592,$3072,$17,$26,$10,$36,$-6,$0,$0,$-3,$-6,$46,$-33,$0,$0,$0,$0,$0,$-0,$-33,$148,$15,$163,$-2,$-142,$0,$-32,$-11,$2,$2,$0
11,2015-12-31,24.81,$24.55,1.01,$10.64,2.33,$3.21,7.72,$0.94,26.39,$0.06B,$0.31B,0.2,$0.94B,$1.76B,0.53,$0.77B,$0.26B,33.25%,$0.77B,$0.13B,16.62%,$0.77B,$0.13B,16.62%,$0.77B,$0.23B,29.35%,$0.77B,$0.10B,12.73%,$0.77B,$0.07B,8.96%,$0.07B,$1.76B,3.92%,$0.07B,$1.76B,3.92%,$0.07B,$3.06B,2.30%,$0.13B,$2.70B,4.87%,$193,$134,$60,$0,$11,$165,$29,$-5,$24,$1,$23,$23,$16,$54,$29,$72,72,$0.22,$0.23,$36,$0,$0,$61,$2674,$0,$0,$324,$2998,$3058,$309,$941,$48,$988,$1298,$1,$-106,$-5,$1761,$3058,$95,$98,$7,$105,$-3,$0,$0,$20,$21,$221,$-103,$0,$-305,$0,$0,$0,$8,$-400,$154,$115,$269,$-4,$-4,$0,$-112,$153,$-27,$8,$0
12,2015-09-30,31.06,$24.52,1.27,$10.32,3.01,$3.21,9.67,$0.84,36.97,$0.09B,$0.33B,0.28,$0.96B,$1.76B,0.55,$0.73B,$0.24B,33.02%,$0.73B,$0.12B,16.10%,$0.73B,$0.12B,16.10%,$0.73B,$0.21B,28.65%,$0.73B,$0.09B,12.41%,$0.73B,$0.06B,8.46%,$0.06B,$1.76B,3.52%,$0.06B,$1.76B,3.52%,$0.06B,$3.09B,2.12%,$0.12B,$2.72B,4.55%,$216,$136,$80,$0,$8,$169,$48,$-8,$40,$2,$38,$38,$32,$73,$48,$72,72,$0.44,$0.43,$53,$0,$0,$91,$2668,$0,$0,$325,$3000,$3091,$326,$959,$47,$1006,$1332,$1,$-100,$-11,$1759,$3091,$72,$73,$8,$81,$-16,$0,$0,$9,$6,$158,$-78,$0,$-305,$0,$0,$0,$6,$-377,$167,$125,$292,$-4,$-4,$0,$-84,$204,$-14,$7,$0
13,2015-06-30,37.23,$24.51,1.52,$9.94,3.75,$3.44,10.83,$0.77,48.36,$0.08B,$0.45B,0.18,$0.84B,$1.76B,0.48,$0.69B,$0.22B,32.46%,$0.69B,$0.11B,15.43%,$0.69B,$0.11B,15.43%,$0.69B,$0.19B,27.80%,$0.69B,$0.08B,12.23%,$0.69B,$0.05B,7.86%,$0.05B,$1.76B,3.11%,$0.05B,$1.76B,3.11%,$0.05B,$3.09B,1.97%,$0.11B,$2.60B,4.28%,$198,$127,$71,$0,$6,$162,$35,$-5,$30,$4,$27,$27,$20,$61,$35,$72,72,$0.28,$0.27,$47,$0,$0,$78,$2673,$0,$0,$327,$3007,$3085,$445,$837,$45,$882,$1327,$1,$-109,$-0,$1758,$3085,$34,$47,$7,$55,$-10,$0,$0,$7,$2,$90,$-57,$0,$-305,$0,$0,$0,$6,$-356,$45,$260,$305,$-4,$-4,$0,$-55,$246,$-20,$4,$0
14,2015-03-31,40.15,$24.46,1.64,$9.51,4.22,$3.56,11.27,$0.76,52.83,$0.07B,$0.21B,0.33,$0.74B,$1.75B,0.42,$0.64B,$0.20B,31.45%,$0.64B,$0.10B,15.25%,$0.64B,$0.10B,15.25%,$0.64B,$0.17B,27.20%,$0.64B,$0.08B,12.42%,$0.64B,$0.05B,8.02%,$0.05B,$1.75B,3.07%,$0.05B,$1.75B,3.07%,$0.05B,$2.75B,2.03%,$0.10B,$2.49B,4.16%,$163,$118,$45,$0,$8,$148,$16,$-12,$4,$-3,$7,$7,$1,$38,$16,$72,72,$0.01,$0.01,$42,$0,$0,$70,$2350,$0,$0,$324,$2680,$2750,$214,$740,$42,$782,$996,$1,$-106,$-5,$1754,$2750,$7,$22,$7,$29,$-6,$0,$0,$0,$-6,$30,$-30,$0,$0,$0,$0,$0,$6,$-23,$-53,$50,$-3,$-4,$-4,$0,$-24,$-31,$-24,$2,$0
15,2014-12-31,39.08,$24.91,1.57,$9.22,4.24,$3.65,10.71,$0.72,54.27,$0.09B,$0.16B,0.57,$0.79B,$1.78B,0.45,$0.60B,$0.19B,31.39%,$0.60B,$0.09B,15.19%,$0.60B,$0.09B,15.19%,$0.60B,$0.16B,27.05%,$0.60B,$0.08B,12.85%,$0.60B,$0.05B,8.01%,$0.05B,$1.78B,3.02%,$0.05B,$1.78B,3.02%,$0.05B,$2.77B,2.04%,$0.09B,$2.58B,4.12%,$156,$110,$46,$0,$9,$137,$19,$-1,$17,$1,$16,$16,$9,$38,$19,$66,66,$0.13,$0.12,$69,$0,$0,$91,$2344,$0,$0,$330,$2680,$2770,$159,$794,$35,$829,$988,$1,$-84,$-0,$1782,$2770,$74,$70,$4,$74,$-4,$0,$0,$6,$13,$161,$-54,$0,$-575,$0,$0,$0,$-3,$-631,$191,$50,$241,$293,$318,$0,$-91,$468,$-2,$12,$0
16,2014-09-30,31.82,$24.35,1.31,$8.92,3.57,$3.13,10.15,$0.67,47.49,$0.17B,$0.09B,1.84,$0.60B,$1.65B,0.36,$0.57B,$0.18B,30.70%,$0.57B,$0.09B,14.91%,$0.57B,$0.09B,14.91%,$0.57B,$0.15B,26.67%,$0.57B,$0.07B,12.63%,$0.57B,$0.04B,7.72%,$0.04B,$1.65B,2.91%,$0.04B,$1.65B,2.91%,$0.04B,$2.37B,2.01%,$0.09B,$2.24B,4.10%,$170,$109,$61,$0,$7,$134,$36,$-3,$33,$2,$30,$30,$24,$54,$36,$65,65,$0.36,$0.36,$137,$0,$0,$167,$1879,$0,$0,$318,$2201,$2368,$91,$597,$33,$631,$722,$1,$-77,$1,$1647,$2368,$57,$51,$6,$57,$-13,$0,$0,$5,$5,$119,$-31,$0,$-124,$0,$0,$0,$-4,$-159,$-7,$0,$-7,$146,$171,$0,$-60,$105,$64,$8,$0
17,2014-06-30,31.31,$22.95,1.36,$8.46,3.7,$2.57,12.2,$0.49,63.89,$0.08B,$0.12B,0.66,$0.55B,$1.46B,0.38,$0.53B,$0.15B,29.00%,$0.53B,$0.07B,13.37%,$0.53B,$0.07B,13.37%,$0.53B,$0.13B,25.24%,$0.53B,$0.06B,10.92%,$0.53B,$0.03B,5.84%,$0.03B,$1.46B,2.14%,$0.03B,$1.46B,2.14%,$0.03B,$2.16B,1.47%,$0.07B,$2.01B,3.54%,$147,$99,$48,$0,$6,$121,$26,$-1,$25,$2,$23,$23,$17,$43,$26,$64,64,$0.26,$0.26,$54,$0,$0,$77,$1765,$0,$0,$315,$2084,$2161,$117,$549,$31,$580,$697,$1,$-85,$1,$1464,$2161,$27,$33,$5,$38,$-6,$0,$0,$-1,$-6,$59,$-21,$0,$-49,$0,$0,$0,$1,$-69,$-5,$36,$31,$-1,$-1,$0,$-38,$-7,$-17,$5,$0
18,2014-03-31,28.43,$22.90,1.24,$8.22,3.46,$2.17,13.11,$0.37,76.83,$0.08B,$0.06B,1.23,$0.55B,$1.46B,0.38,$0.51B,$0.14B,28.04%,$0.51B,$0.06B,12.55%,$0.51B,$0.06B,12.55%,$0.51B,$0.13B,24.51%,$0.51B,$0.05B,9.80%,$0.51B,$0.02B,4.51%,$0.02B,$1.46B,1.60%,$0.02B,$1.46B,1.60%,$0.02B,$2.11B,1.11%,$0.06B,$2.01B,3.22%,$126,$93,$33,$0,$6,$115,$10,$-9,$2,$-2,$4,$4,$-2,$27,$10,$64,64,$-0.03,$-0.03,$59,$0,$0,$78,$1713,$0,$0,$310,$2027,$2106,$64,$551,$30,$581,$645,$1,$-87,$1,$1460,$2106,$4,$16,$7,$23,$-3,$0,$0,$-2,$-8,$19,$-14,$0,$1,$0,$0,$0,$2,$-11,$-2,$0,$-2,$-1,$-1,$0,$-16,$-19,$-11,$3,$0
19,2013-12-31,25.72,$23.15,1.11,$7.97,3.23,$2.00,12.85,$0.32,80.36,$0.09B,$0.06B,1.4,$0.55B,$1.48B,0.38,$0.49B,$0.13B,27.40%,$0.49B,$0.06B,12.07%,$0.49B,$0.06B,12.07%,$0.49B,$0.12B,23.72%,$0.49B,$0.05B,9.20%,$0.49B,$0.02B,4.09%,$0.02B,$1.48B,1.41%,$0.02B,$1.48B,1.41%,$0.02B,$2.12B,0.98%,$0.06B,$2.03B,3.01%,$127,$94,$33,$0,$4,$114,$13,$-0,$12,$1,$11,$11,$5,$28,$13,$61,62,$0.08,$0.08,$72,$0,$0,$88,$1718,$0,$0,$306,$2028,$2117,$63,$554,$24,$578,$642,$1,$-70,$1,$1475,$2117,$43,$58,$1,$59,$-3,$0,$0,$0,$5,$107,$-39,$0,$-230,$26,$0,$26,$-3,$-246,$-8,$0,$-8,$79,$179,$0,$-63,$108,$-31,$5,$0
20,2013-09-30,23.88,$22.96,1.04,$7.79,3.06,$1.25,19.14,$0.28,85.28,$0.15B,$0.06B,2.5,$0.56B,$1.41B,0.4,$0.47B,$0.13B,26.77%,$0.47B,$0.05B,11.56%,$0.47B,$0.05B,11.56%,$0.47B,$0.11B,23.13%,$0.47B,$0.04B,8.78%,$0.47B,$0.02B,3.85%,$0.02B,$1.41B,1.31%,$0.02B,$1.41B,1.31%,$0.02B,$2.05B,0.91%,$0.05B,$1.96B,2.84%,$131,$91,$40,$0,$4,$109,$22,$-3,$19,$1,$18,$18,$11,$36,$22,$61,61,$0.18,$0.18,$126,$0,$0,$149,$1603,$0,$0,$287,$1895,$2045,$60,$557,$23,$580,$640,$1,$-64,$1,$1405,$2045,$32,$43,$4,$47,$-10,$0,$0,$-2,$-4,$75,$-28,$0,$-99,$26,$0,$26,$-2,$-103,$-6,$0,$-6,$4,$104,$0,$-47,$52,$24,$4,$0
21,2013-06-30,21.38,$22.92,0.93,$7.43,2.88,$0.71,30.2,$0.23,92.95,$0.19B,$0.06B,3.41,$0.54B,$1.40B,0.38,$0.44B,$0.12B,26.59%,$0.44B,$0.05B,10.91%,$0.44B,$0.05B,10.91%,$0.44B,$0.10B,22.50%,$0.44B,$0.04B,8.18%,$0.44B,$0.01B,3.18%,$0.01B,$1.40B,1.03%,$0.01B,$1.40B,1.03%,$0.01B,$2.02B,0.74%,$0.05B,$1.94B,2.62%,$126,$90,$37,$0,$4,$108,$19,$-2,$17,$2,$15,$15,$9,$34,$19,$61,61,$0.14,$0.14,$165,$0,$0,$191,$1531,$0,$0,$290,$1826,$2017,$56,$535,$23,$559,$615,$1,$-66,$2,$1402,$2017,$15,$28,$4,$32,$-12,$0,$0,$-3,$-9,$38,$-26,$0,$-42,$26,$0,$26,$-1,$-42,$-4,$0,$-4,$4,$104,$0,$-31,$70,$66,$2,$0
22,2013-03-31,21.2,$22.72,0.93,$7.15,2.97,$0.48,43.98,$0.19,111.59,$0.15B,$0.05B,2.99,$0.54B,$1.39B,0.39,$0.41B,$0.11B,26.47%,$0.41B,$0.04B,10.05%,$0.41B,$0.04B,10.05%,$0.41B,$0.09B,21.32%,$0.41B,$0.03B,7.60%,$0.41B,$0.01B,2.45%,$0.01B,$1.39B,0.76%,$0.01B,$1.39B,0.76%,$0.01B,$2.00B,0.56%,$0.04B,$1.92B,2.38%,$105,$81,$24,$0,$4,$100,$5,$-8,$-3,$-3,$-0,$-0,$-5,$18,$5,$61,61,$-0.08,$-0.08,$129,$0,$0,$149,$1535,$0,$0,$306,$1847,$1996,$50,$538,$22,$560,$609,$1,$-65,$-0,$1386,$1996,$-0,$13,$4,$18,$-7,$0,$0,$-2,$-7,$11,$-15,$0,$-42,$3,$0,$3,$0,$-53,$-2,$0,$-2,$-1,$89,$0,$-15,$73,$30,$1,$0
23,2012-12-31,18.87,$21.54,0.88,$6.94,2.72,$0.37,50.56,$0.13,145.18,$0.11B,$0.05B,2.29,$0.47B,$1.31B,0.36,$0.38B,$0.10B,26.05%,$0.38B,$0.04B,9.74%,$0.38B,$0.04B,9.74%,$0.38B,$0.08B,21.32%,$0.38B,$0.03B,7.63%,$0.38B,$0.01B,2.11%,$0.01B,$1.31B,0.64%,$0.01B,$1.31B,0.64%,$0.01B,$1.85B,0.49%,$0.04B,$1.78B,2.35%,$105,$81,$24,$0,$4,$97,$8,$0,$8,$1,$7,$7,$3,$20,$8,$56,56,$0.05,$0.05,$98,$0,$0,$111,$1417,$0,$0,$312,$1735,$1846,$49,$469,$16,$484,$533,$1,$-50,$-0,$1313,$1846,$27,$44,$-2,$43,$-1,$0,$0,$1,$8,$77,$-57,$0,$-248,$-105,$0,$-105,$3,$-408,$187,$0,$187,$221,$221,$0,$-58,$351,$20,$4,$0
24,2012-09-30,19.01,$21.79,0.87,$6.83,2.78,$0.17,110.59,$0.16,118.82,$0.18B,$0.04B,4.21,$0.36B,$1.32B,0.27,$0.36B,$0.10B,26.74%,$0.36B,$0.04B,11.42%,$0.36B,$0.04B,11.42%,$0.36B,$0.08B,23.12%,$0.36B,$0.03B,8.08%,$0.36B,$0.01B,2.23%,$0.01B,$1.32B,0.67%,$0.01B,$1.32B,0.67%,$0.01B,$1.73B,0.52%,$0.04B,$1.67B,2.78%,$104,$73,$32,$0,$4,$89,$16,$-2,$14,$2,$12,$12,$7,$27,$16,$59,59,$0.13,$0.13,$158,$0,$0,$177,$1348,$0,$0,$202,$1556,$1733,$42,$359,$17,$376,$418,$1,$-45,$-0,$1315,$1733,$19,$32,$1,$33,$-7,$0,$0,$2,$4,$57,$-44,$0,$-217,$0,$0,$0,$3,$-258,$108,$0,$108,$218,$218,$0,$-43,$283,$82,$3,$0
25,2012-06-30,18.85,$21.68,0.87,$6.79,2.78,$-0.02,0.0,$0.08,235.62,$0.19B,$0.04B,5.06,$0.26B,$1.25B,0.21,$0.34B,$0.09B,25.66%,$0.34B,$0.03B,9.33%,$0.34B,$0.03B,9.33%,$0.34B,$0.07B,21.28%,$0.34B,$0.02B,6.12%,$0.34B,$0.00B,1.17%,$0.00B,$1.25B,0.35%,$0.00B,$1.25B,0.35%,$0.00B,$1.56B,0.28%,$0.03B,$1.51B,2.29%,$94,$66,$28,$0,$5,$82,$12,$-0,$12,$2,$10,$10,$5,$22,$12,$53,53,$0.10,$0.10,$172,$0,$0,$188,$1165,$0,$0,$202,$1371,$1559,$37,$260,$17,$277,$314,$1,$-45,$0,$1245,$1559,$7,$21,$2,$23,$-5,$0,$0,$1,$2,$32,$-34,$0,$-30,$0,$0,$0,$1,$-62,$9,$0,$9,$147,$147,$0,$-28,$128,$98,$2,$0
26,2012-03-31,18.16,$21.74,0.84,$6.46,2.81,$-0.23,0.0,$0.01,1816.35,$0.06B,$0.03B,1.85,$0.21B,$1.14B,0.19,$0.32B,$0.08B,24.84%,$0.32B,$0.03B,8.70%,$0.32B,$0.03B,8.70%,$0.32B,$0.07B,20.81%,$0.32B,$0.01B,4.35%,$0.32B,$0.00B,0.31%,$0.00B,$1.14B,0.09%,$0.00B,$1.14B,0.09%,$0.00B,$1.40B,0.07%,$0.03B,$1.35B,2.09%,$77,$62,$15,$0,$4,$76,$1,$-7,$-5,$-3,$-3,$-3,$-7,$12,$1,$51,51,$-0.14,$-0.14,$45,$0,$0,$60,$1134,$0,$0,$197,$1335,$1395,$33,$211,$16,$227,$260,$1,$-44,$0,$1135,$1395,$-3,$10,$5,$15,$-4,$0,$0,$3,$-1,$11,$-20,$0,$0,$0,$0,$0,$0,$-20,$-40,$0,$-40,$32,$32,$0,$-12,$-20,$-29,$1,$0
27,2011-12-31,15.35,$21.99,0.7,$6.02,2.55,$-0.62,0.0,$0.06,255.79,$0.09B,$0.03B,2.52,$0.25B,$1.12B,0.23,$0.29B,$0.07B,25.35%,$0.29B,$0.03B,9.03%,$0.29B,$0.03B,9.03%,$0.29B,$0.06B,20.49%,$0.29B,$0.02B,5.56%,$0.29B,$0.00B,1.39%,$0.00B,$1.12B,0.39%,$0.00B,$1.12B,0.39%,$0.00B,$1.42B,0.31%,$0.03B,$1.37B,2.05%,$84,$63,$21,$0,$3,$73,$12,$-3,$8,$0,$8,$8,$3,$22,$12,$48,48,$0.09,$0.09,$75,$0,$0,$86,$1127,$0,$0,$199,$1330,$1417,$34,$252,$14,$266,$300,$1,$-30,$0,$1116,$1417,$15,$33,$1,$33,$-6,$0,$0,$-5,$-0,$48,$-41,$0,$-467,$-169,$0,$-169,$-5,$-682,$66,$0,$66,$236,$461,$0,$-48,$479,$-155,$3,$0
28,2011-09-30,12.45,$22.03,0.56,$5.44,2.29,$-0.96,0.0,$-0.06,0.0,$0.10B,$0.03B,2.98,$0.25B,$0.89B,0.28,$0.24B,$0.06B,24.79%,$0.24B,$0.01B,5.46%,$0.24B,$0.01B,5.46%,$0.24B,$0.04B,16.39%,$0.24B,$0.01B,2.52%,$0.24B,$-0.00B,-0.42%,$-0.00B,$1.12B,-0.11%,$-0.00B,$1.12B,-0.11%,$-0.00B,$1.42B,-0.09%,$0.01B,$1.37B,1.15%,$88,$63,$24,$0,$4,$81,$7,$-2,$6,$-0,$6,$6,$3,$17,$7,$51,51,$0.05,$0.05,$84,$0,$0,$99,$1120,$0,$0,$194,$1318,$1417,$33,$252,$14,$266,$299,$1,$-28,$0,$1118,$1417,$7,$23,$-0,$23,$-10,$0,$0,$-5,$-1,$28,$-26,$0,$-467,$0,$0,$0,$-169,$-663,$66,$0,$66,$236,$461,$0,$-38,$489,$-145,$2,$0
29,2011-06-30,15.93,$20.16,0.79,$4.35,3.67,$-1.00,0.0,$-0.12,0.0,$0.16B,$0.03B,5.16,$0.25B,$0.90B,0.28,$0.17B,$0.04B,23.26%,$0.17B,$0.01B,3.49%,$0.17B,$0.01B,3.49%,$0.17B,$0.02B,13.95%,$0.17B,0,0.00%,$0.17B,$-0.00B,-2.33%,$-0.00B,$1.02B,-0.50%,$-0.00B,$1.02B,-0.50%,$-0.00B,$1.32B,-0.40%,$0.01B,$1.28B,0.62%,$73,$53,$20,$0,$2,$65,$8,$-3,$5,$1,$4,$4,$2,$16,$8,$50,50,$0.03,$0.03,$147,$0,$0,$160,$1120,$0,$0,$35,$1159,$1320,$31,$252,$13,$265,$296,$1,$-24,$0,$1024,$1320,$1,$13,$2,$15,$-9,$0,$0,$-3,$-1,$15,$-27,$0,$-467,$0,$0,$0,$-2,$-497,$67,$0,$67,$236,$361,$0,$-27,$401,$-81,$1,$0
30,2011-03-31,17.37,$20.12,0.86,$3.00,5.79,$-1.18,0.0,$-0.34,0.0,$0.36B,$0.02B,20.13,$0.25B,$0.68B,0.37,$0.10B,$0.02B,20.79%,$0.10B,$-0.01B,-6.93%,$0.10B,$-0.01B,-6.93%,$0.10B,$0.00B,3.96%,$0.10B,$-0.01B,-8.91%,$0.10B,$-0.01B,-9.90%,$-0.01B,$0.80B,-1.56%,$-0.01B,$0.80B,-1.56%,$-0.01B,$1.08B,-1.30%,$-0.01B,$1.05B,-0.94%,$43,$35,$8,$0,$2,$44,$-1,$-2,$-3,$-0,$-3,$-3,$-4,$4,$-1,$40,40,$-0.09,$-0.09,$347,$0,$0,$355,$688,$0,$0,$34,$725,$1080,$18,$252,$9,$261,$279,$0,$-20,$0,$802,$1080,$-3,$5,$0,$5,$-4,$0,$0,$1,$-2,$0,$-23,$0,$-37,$0,$0,$0,$-2,$-62,$67,$0,$67,$-0,$125,$0,$-10,$182,$120,$1,$0
31,2010-12-31,15.84,$17.29,0.92,$1.93,8.22,$-0.59,0.0,$-0.28,0.0,$0.23B,$0.02B,14.23,$0.14B,$0.69B,0.21,$0.06B,$0.01B,22.41%,$0.06B,$-0.01B,-13.79%,$0.06B,$-0.01B,-13.79%,$0.06B,$-0.00B,-3.45%,$0.06B,$-0.01B,-12.07%,$0.06B,$-0.01B,-12.07%,$-0.01B,$0.69B,-1.31%,$-0.01B,$0.69B,-1.31%,$-0.01B,$0.86B,-1.17%,$-0.01B,$0.83B,-1.38%,$34,$27,$7,$0,$3,$35,$-1,$-1,$-2,$-0,$-2,$-2,$-2,$2,$-1,$29,29,$0.00,$0.00,$225,$0,$0,$229,$600,$0,$0,$24,$626,$856,$16,$144,$7,$151,$167,$0,$-12,$0,$688,$856,$-7,$6,$2,$8,$-3,$0,$0,$-6,$2,$3,$-9,$0,$-519,$0,$0,$0,$67,$-460,$53,$0,$53,$332,$332,$0,$-27,$358,$-98,$2,$0
32,2010-09-30,13.96,$17.45,0.8,$0.74,18.76,$-0.41,0.0,$-0.23,0.0,$0.38B,$0.02B,19.68,$0.04B,$0.70B,0.05,$0.02B,$0.01B,25.00%,$0.02B,$-0.01B,-29.17%,$0.02B,$-0.01B,-29.17%,$0.02B,$-0.00B,-16.67%,$0.02B,$-0.01B,-20.83%,$0.02B,$-0.01B,-20.83%,$-0.01B,$0.70B,-1.38%,$-0.01B,$0.70B,-1.38%,$-0.01B,$0.75B,-1.31%,$-0.01B,$0.73B,-1.89%,$22,$17,$5,$0,$2,$22,$-0,$0,$-0,$-0,$-0,$-0,$-0,$2,$-0,$34,34,$-0.01,$-0.01,$372,$0,$0,$376,$367,$0,$0,$5,$374,$751,$19,$35,$2,$37,$56,$0,$-5,$0,$695,$751,$-5,$2,$2,$4,$-3,$0,$0,$-2,$3,$2,$-2,$0,$-332,$0,$0,$0,$69,$-265,$0,$0,$0,$332,$332,$0,$-18,$315,$52,$2,$0
