,Date,Stock Price,Book Value per Share,Price to Book Ratio,TTM Sales per Share,Price to Sales Ratio,TTM FCF per Share,Price to FCF Ratio,TTM Net EPS,PE Ratio,Current Assets,Current Liabilities,Current Ratio,Long Term Debt,Shareholder's Equity_x,Debt to Equity Ratio,TTM Revenue_x,TTM Gross Profit,Gross Margin,TTM Revenue_y,TTM Operating Income,Operating Margin,TTM Revenue_x,TTM EBIT,EBIT Margin,TTM Revenue_y,TTM EBITDA,EBITDA Margin,TTM Revenue_x,TTM Pre-Tax Income,Pre-Tax Margin,TTM Revenue_y,TTM Net Income_x,Net Margin,TTM Net Income_y,Shareholder's Equity_y,Return on Equity,TTM Net Income_x,Tangible Equity,Return on Tangible Equity,TTM Net Income_y,Total Assets,Return on Assets,TTM Net Income,LT Investments & Debt,Return on Investment,revenue,cost-goods-sold,gross-profit,research-development-expenses,selling-general-administrative-expenses,operating-expenses,operating-income,total-non-operating-income-expense,pre-tax-income,total-provision-income-taxes,income-after-taxes,income-from-continuous-operations,net-income,ebitda,ebit,basic-shares-outstanding,shares-outstanding,eps-basic-net-earnings-per-share,eps-earnings-per-share-diluted,cash-on-hand,inventory,other-current-assets,total-current-assets,net-property-plant-equipment,long-term-investments,goodwill-intangible-assets-total,other-long-term-assets,total-long-term-assets,total-assets,total-current-liabilities,long-term-debt,other-non-current-liabilities,total-long-term-liabilities,total-liabilities,common-stock-net,retained-earnings-accumulated-deficit,comprehensive-income,total-share-holder-equity,total-liabilities-share-holders-equity,net-income-loss,total-depreciation-amortization-cash-flow,other-non-cash-items,total-non-cash-items,change-in-accounts-receivable,change-in-inventories,change-in-accounts-payable,change-in-assets-liabilities,total-change-in-assets-liabilities,cash-flow-from-operating-activities,net-change-in-property-plant-equipment,net-change-in-intangible-assets,net-acquisitions-divestitures,net-change-in-short-term-investments,net-change-in-long-term-investments,net-change-in-investments-total,investing-activities-other,cash-flow-from-investing-activities,net-long-term-debt,net-current-debt,debt-issuance-retirement-net-total,net-common-equity-issued-repurchased,net-total-equity-issued-repurchased,total-common-preferred-stock-dividends-paid,financial-activities-other,cash-flow-from-financial-activities,net-cash-flow,stock-based-compensation,common-stock-dividends-paid
0,2018-09-30,35.03,$25.85,1.36,$10.61,3.3,$7.31,4.79,$2.19,16.0,$2.79B,$3.39B,0.82,$0.11B,$0.50B,0.22,$0.20B,$0.18B,90.50%,$0.20B,$0.05B,26.50%,$0.20B,0,0.00%,$0.20B,0,0.00%,$0.20B,$0.05B,26.50%,$0.20B,$0.04B,21.00%,$0.04B,$0.50B,8.75%,$0.04B,$0.34B,12.89%,$0.04B,$4.00B,1.11%,$0.05B,$0.62B,8.80%,$54,$6,$48,$0,$31,$38,$16,$0,$16,$3,$13,$13,$13,$0,$0,$19,19,$0.65,$0.65,$95,$0,$0,$2788,$58,$874,$163,$120,$1215,$4003,$3388,$111,$0,$111,$3499,$386,$153,$-21,$504,$4003,$0,$0,$0,$0,$0,$0,$0,$0,$0,$50,$-4,$0,$5,$0,$-10,$-10,$-113,$-122,$-3,$3,$-1,$-1,$-1,$-15,$111,$94,$23,$0,$-15
1,2018-06-30,37.49,$25.58,1.47,$10.43,3.59,$7.27,5.16,$2.14,17.52,$2.76B,$3.36B,0.82,$0.11B,$0.50B,0.23,$0.19B,$0.18B,91.71%,$0.19B,$0.05B,27.46%,$0.19B,0,0.00%,$0.19B,0,0.00%,$0.19B,$0.05B,27.46%,$0.19B,$0.04B,20.73%,$0.04B,$0.50B,8.55%,$0.04B,$0.34B,12.54%,$0.04B,$3.97B,1.09%,$0.05B,$0.61B,8.66%,$51,$5,$46,$0,$36,$42,$9,$0,$9,$1,$8,$8,$8,$0,$0,$19,19,$0.41,$0.41,$85,$0,$0,$2758,$58,$877,$164,$115,$1214,$3972,$3360,$113,$0,$113,$3473,$386,$146,$-18,$499,$3972,$0,$0,$0,$0,$0,$0,$0,$0,$0,$27,$-3,$0,$5,$0,$1,$1,$-92,$-89,$-1,$66,$65,$-1,$-1,$-10,$20,$74,$13,$0,$-10
2,2018-03-31,34.91,$24.93,1.4,$10.25,3.4,$7.36,4.74,$2.26,15.44,$2.46B,$3.06B,0.81,$0.12B,$0.46B,0.27,$0.19B,$0.17B,92.51%,$0.19B,$0.06B,31.02%,$0.19B,0,0.00%,$0.19B,0,0.00%,$0.19B,$0.06B,31.02%,$0.19B,$0.04B,22.46%,$0.04B,$0.46B,9.21%,$0.04B,$0.31B,13.46%,$0.04B,$3.64B,1.18%,$0.06B,$0.58B,9.26%,$48,$4,$44,$0,$29,$34,$14,$0,$14,$2,$12,$12,$12,$0,$0,$18,18,$0.64,$0.64,$73,$0,$0,$2460,$56,$877,$144,$98,$1175,$3635,$3055,$123,$0,$123,$3178,$344,$143,$-16,$457,$3635,$0,$0,$0,$0,$0,$0,$0,$0,$0,$12,$-1,$0,$0,$0,$-14,$-14,$-46,$-61,$-1,$-26,$-27,$-1,$-1,$-5,$83,$50,$0,$0,$-5
3,2017-12-31,31.88,$25.13,1.27,$10.00,3.19,$7.52,4.24,$2.10,15.18,$2.41B,$2.98B,0.81,$0.14B,$0.46B,0.31,$0.18B,$0.17B,93.41%,$0.18B,$0.06B,31.32%,$0.18B,0,0.00%,$0.18B,0,0.00%,$0.18B,$0.06B,31.32%,$0.18B,$0.04B,21.43%,$0.04B,$0.46B,8.62%,$0.04B,$0.31B,12.65%,$0.04B,$3.58B,1.10%,$0.06B,$0.60B,8.96%,$47,$4,$43,$0,$28,$32,$14,$0,$14,$5,$9,$9,$9,$0,$0,$18,18,$0.49,$0.49,$72,$0,$0,$2413,$53,$874,$145,$97,$1169,$3582,$2979,$144,$0,$144,$3123,$345,$134,$-5,$459,$3582,$38,$18,$-3,$15,$0,$0,$0,$6,$7,$61,$-5,$0,$-1,$0,$-27,$-27,$-130,$-163,$49,$-147,$-97,$-0,$-0,$-15,$221,$108,$6,$0,$-15
4,2017-09-30,32.62,$25.07,1.3,$9.73,3.35,$7.47,4.37,$2.02,16.15,$2.38B,$2.90B,0.82,$0.20B,$0.46B,0.43,$0.18B,$0.17B,94.32%,$0.18B,$0.05B,30.68%,$0.18B,0,0.00%,$0.18B,0,0.00%,$0.18B,$0.05B,30.68%,$0.18B,$0.04B,21.02%,$0.04B,$0.46B,8.29%,$0.04B,$0.31B,12.25%,$0.04B,$3.55B,1.06%,$0.05B,$0.65B,8.57%,$47,$4,$44,$0,$27,$31,$16,$0,$16,$5,$11,$11,$11,$0,$0,$18,18,$0.60,$0.60,$70,$0,$0,$2382,$52,$878,$144,$97,$1171,$3552,$2899,$196,$0,$196,$3095,$345,$128,$0,$457,$3552,$0,$0,$0,$0,$0,$0,$0,$0,$0,$46,$-3,$0,$-0,$0,$-21,$-21,$-99,$-124,$51,$-112,$-61,$-0,$-0,$-11,$155,$82,$4,$0,$-11
5,2017-06-30,30.99,$24.74,1.25,$9.46,3.28,$7.18,4.32,$1.85,16.75,$2.35B,$2.86B,0.82,$0.22B,$0.45B,0.49,$0.17B,$0.16B,94.15%,$0.17B,$0.05B,28.65%,$0.17B,0,0.00%,$0.17B,0,0.00%,$0.17B,$0.05B,28.65%,$0.17B,$0.03B,19.88%,$0.03B,$0.45B,7.68%,$0.03B,$0.31B,11.45%,$0.03B,$3.53B,0.99%,$0.05B,$0.67B,7.98%,$45,$3,$42,$0,$27,$31,$14,$0,$14,$4,$10,$10,$10,$0,$0,$18,18,$0.54,$0.53,$72,$0,$0,$2351,$52,$881,$145,$96,$1174,$3525,$2855,$219,$0,$219,$3074,$344,$122,$1,$451,$3525,$0,$0,$0,$0,$0,$0,$0,$0,$0,$27,$-2,$0,$-0,$0,$-21,$-21,$-68,$-91,$74,$-163,$-89,$-0,$-0,$-7,$167,$71,$6,$0,$-7
6,2017-03-31,30.36,$24.33,1.25,$9.27,3.27,$7.36,4.12,$1.76,17.25,$2.30B,$2.84B,0.81,$0.18B,$0.44B,0.39,$0.17B,$0.16B,94.61%,$0.17B,$0.05B,27.54%,$0.17B,0,0.00%,$0.17B,0,0.00%,$0.17B,$0.05B,27.54%,$0.17B,$0.03B,19.16%,$0.03B,$0.44B,7.29%,$0.03B,$0.30B,10.93%,$0.03B,$3.46B,0.94%,$0.05B,$0.62B,7.76%,$43,$3,$41,$0,$27,$31,$13,$0,$13,$4,$9,$9,$9,$0,$0,$18,18,$0.49,$0.48,$64,$0,$0,$2297,$53,$869,$146,$94,$1162,$3459,$2842,$175,$0,$175,$3016,$344,$115,$0,$443,$3459,$0,$0,$0,$0,$0,$0,$0,$0,$0,$14,$-0,$0,$-0,$0,$-9,$-9,$-24,$-33,$29,$-200,$-171,$-0,$-0,$-4,$192,$18,$-2,$0,$-4
7,2016-12-31,30.93,$23.99,1.29,$9.17,3.37,$7.43,4.16,$1.72,17.98,$2.28B,$2.85B,0.8,$0.15B,$0.44B,0.33,$0.17B,$0.16B,93.98%,$0.17B,$0.05B,27.11%,$0.17B,0,0.00%,$0.17B,0,0.00%,$0.17B,$0.05B,27.11%,$0.17B,$0.03B,18.67%,$0.03B,$0.44B,7.12%,$0.03B,$0.29B,10.76%,$0.03B,$3.43B,0.92%,$0.05B,$0.58B,7.84%,$41,$3,$39,$0,$27,$31,$11,$0,$11,$3,$7,$7,$7,$0,$0,$18,18,$0.41,$0.40,$66,$0,$0,$2277,$54,$859,$146,$97,$1156,$3432,$2852,$145,$0,$145,$2997,$344,$110,$-2,$435,$3432,$31,$19,$3,$22,$-4,$0,$0,$7,$7,$60,$-5,$0,$-0,$0,$-9,$-9,$-184,$-198,$31,$145,$176,$-5,$-5,$-11,$-26,$133,$-5,$0,$-11
8,2016-09-30,23.27,$24.29,0.96,$9.15,2.54,$6.58,3.54,$1.45,16.04,$2.22B,$2.78B,0.8,$0.15B,$0.44B,0.34,$0.17B,$0.16B,93.94%,$0.17B,$0.04B,22.42%,$0.17B,0,0.00%,$0.17B,0,0.00%,$0.17B,$0.04B,22.42%,$0.17B,$0.03B,16.36%,$0.03B,$0.44B,6.25%,$0.03B,$0.29B,9.53%,$0.03B,$3.36B,0.82%,$0.04B,$0.59B,6.58%,$42,$3,$39,$0,$27,$31,$11,$0,$11,$4,$8,$8,$8,$0,$0,$18,18,$0.43,$0.43,$68,$0,$0,$2224,$55,$844,$147,$94,$1140,$3364,$2775,$148,$0,$148,$2923,$344,$106,$9,$441,$3364,$0,$0,$0,$0,$0,$0,$0,$0,$0,$42,$-5,$0,$-0,$0,$27,$27,$-129,$-107,$33,$2,$36,$-5,$-5,$-8,$40,$62,$-3,$0,$-8
9,2016-06-30,20.47,$24.14,0.85,$9.02,2.27,$5.83,3.51,$1.24,16.51,$2.18B,$2.75B,0.79,$0.15B,$0.44B,0.34,$0.16B,$0.15B,93.87%,$0.16B,$0.03B,19.63%,$0.16B,0,0.00%,$0.16B,0,0.00%,$0.16B,$0.03B,19.63%,$0.16B,$0.02B,14.11%,$0.02B,$0.44B,5.38%,$0.02B,$0.29B,8.27%,$0.02B,$3.33B,0.70%,$0.03B,$0.59B,5.81%,$41,$3,$39,$0,$26,$30,$11,$0,$11,$3,$8,$8,$8,$0,$0,$18,18,$0.44,$0.44,$66,$0,$0,$2182,$53,$855,$148,$96,$1152,$3333,$2748,$148,$0,$148,$2896,$344,$101,$11,$438,$3333,$0,$0,$0,$0,$0,$0,$0,$0,$0,$32,$-4,$0,$-0,$0,$23,$23,$-89,$-70,$34,$13,$47,$-5,$-5,$-5,$-3,$33,$-5,$0,$-5
10,2016-03-31,18.22,$23.67,0.77,$8.90,2.05,$4.77,3.82,$1.07,17.03,$2.15B,$2.75B,0.78,$0.11B,$0.43B,0.26,$0.16B,$0.15B,93.79%,$0.16B,$0.03B,17.39%,$0.16B,0,0.00%,$0.16B,0,0.00%,$0.16B,$0.03B,17.39%,$0.16B,$0.02B,12.42%,$0.02B,$0.43B,4.73%,$0.02B,$0.28B,7.35%,$0.02B,$3.30B,0.62%,$0.03B,$0.54B,5.18%,$42,$3,$39,$0,$26,$30,$12,$0,$12,$4,$8,$8,$8,$0,$0,$18,18,$0.44,$0.44,$63,$0,$0,$2152,$52,$885,$149,$56,$1143,$3295,$2753,$113,$0,$113,$2866,$344,$96,$8,$428,$3295,$0,$0,$0,$0,$0,$0,$0,$0,$0,$17,$-3,$0,$-0,$0,$-7,$-7,$-32,$-42,$-0,$-25,$-26,$-5,$-5,$-3,$51,$17,$-8,$0,$-3
11,2015-12-31,17.42,$22.88,0.76,$8.82,1.97,$3.48,5.0,$0.59,29.52,$2.13B,$2.73B,0.78,$0.11B,$0.42B,0.27,$0.15B,$0.14B,93.51%,$0.15B,$0.02B,9.74%,$0.15B,0,0.00%,$0.15B,0,0.00%,$0.15B,$0.02B,9.74%,$0.15B,$0.01B,7.14%,$0.01B,$0.42B,2.62%,$0.01B,$0.27B,4.05%,$0.01B,$3.26B,0.34%,$0.02B,$0.53B,2.76%,$40,$3,$38,$0,$33,$37,$3,$0,$3,$0,$3,$3,$3,$0,$0,$18,18,$0.16,$0.16,$71,$0,$0,$2129,$53,$869,$150,$58,$1130,$3259,$2726,$114,$0,$114,$2839,$344,$91,$-0,$420,$3259,$11,$19,$16,$34,$3,$0,$0,$5,$3,$48,$-9,$0,$97,$0,$-12,$-12,$-77,$-1,$-72,$72,$-0,$-1,$-1,$-10,$-26,$-37,$10,$0,$-10
12,2015-09-30,18.93,$23.16,0.82,$9.25,2.05,$3.29,5.75,$0.73,25.93,$2.09B,$2.69B,0.78,$0.12B,$0.43B,0.27,$0.15B,$0.14B,92.52%,$0.15B,$0.02B,12.24%,$0.15B,0,0.00%,$0.15B,0,0.00%,$0.15B,$0.02B,12.24%,$0.15B,$0.01B,8.16%,$0.01B,$0.43B,3.00%,$0.01B,$0.27B,4.58%,$0.01B,$3.23B,0.39%,$0.02B,$0.54B,3.34%,$40,$3,$37,$0,$31,$35,$6,$0,$6,$1,$4,$4,$4,$0,$0,$18,18,$0.23,$0.22,$64,$0,$0,$2092,$53,$878,$151,$54,$1137,$3229,$2688,$116,$0,$116,$2804,$344,$91,$5,$425,$3229,$0,$0,$0,$0,$0,$0,$0,$0,$0,$31,$-7,$0,$97,$0,$-8,$-8,$-43,$39,$-70,$41,$-29,$-1,$-1,$-7,$-31,$-68,$2,$0,$-7
13,2015-06-30,21.27,$22.81,0.93,$9.44,2.25,$3.08,6.91,$0.84,25.32,$2.13B,$2.66B,0.8,$0.13B,$0.42B,0.31,$0.14B,$0.13B,92.70%,$0.14B,$0.02B,13.14%,$0.14B,0,0.00%,$0.14B,0,0.00%,$0.14B,$0.02B,13.14%,$0.14B,$0.01B,8.76%,$0.01B,$0.42B,3.21%,$0.01B,$0.27B,4.83%,$0.01B,$3.21B,0.42%,$0.02B,$0.55B,3.44%,$39,$3,$37,$0,$28,$32,$7,$0,$7,$2,$5,$5,$5,$0,$0,$18,18,$0.27,$0.27,$132,$0,$0,$2130,$50,$822,$151,$56,$1080,$3210,$2664,$129,$0,$129,$2792,$343,$90,$0,$418,$3210,$0,$0,$0,$0,$0,$0,$0,$0,$0,$14,$-5,$0,$98,$0,$44,$44,$-4,$133,$-57,$4,$-53,$-1,$-1,$-5,$-18,$-76,$71,$0,$-5
14,2015-03-31,21.4,$22.88,0.94,$9.88,2.17,$3.60,5.95,$0.89,24.05,$2.15B,$2.70B,0.8,$0.13B,$0.42B,0.31,$0.13B,$0.12B,92.06%,$0.13B,$0.02B,12.70%,$0.13B,0,0.00%,$0.13B,0,0.00%,$0.13B,$0.02B,12.70%,$0.13B,$0.01B,7.94%,$0.01B,$0.42B,3.03%,$0.01B,$0.28B,4.48%,$0.01B,$3.25B,0.38%,$0.02B,$0.55B,3.35%,$35,$3,$32,$0,$33,$36,$-1,$0,$-1,$-0,$-1,$-1,$-1,$0,$0,$16,16,$-0.04,$-0.04,$166,$0,$0,$2150,$51,$845,$143,$58,$1097,$3247,$2698,$130,$0,$130,$2828,$342,$87,$4,$419,$3247,$0,$0,$0,$0,$0,$0,$0,$0,$0,$-6,$-2,$0,$104,$0,$31,$31,$15,$148,$-56,$3,$-53,$-1,$-1,$-2,$19,$-37,$105,$0,$-2
15,2014-12-31,23.33,$22.66,1.03,$10.32,2.26,$4.91,4.75,$1.37,17.03,$1.67B,$2.05B,0.82,$0.18B,$0.34B,0.53,$0.12B,$0.11B,92.44%,$0.12B,$0.02B,20.17%,$0.12B,0,0.00%,$0.12B,0,0.00%,$0.12B,$0.02B,20.17%,$0.12B,$0.02B,13.45%,$0.02B,$0.34B,5.64%,$0.02B,$0.23B,8.32%,$0.02B,$2.57B,0.69%,$0.02B,$0.52B,5.61%,$33,$3,$30,$0,$24,$27,$6,$0,$6,$2,$4,$4,$4,$0,$0,$12,12,$0.26,$0.27,$61,$0,$0,$1669,$40,$714,$109,$36,$899,$2568,$2049,$179,$0,$179,$2228,$266,$90,$-1,$340,$2568,$17,$13,$7,$20,$-3,$0,$0,$-2,$-5,$31,$-7,$0,$17,$0,$45,$45,$-70,$-14,$-5,$-29,$-34,$40,$40,$-7,$-8,$-10,$8,$0,$-7
16,2014-09-30,21.24,$22.57,0.94,$10.21,2.08,$6.10,3.48,$1.56,13.61,$1.56B,$1.96B,0.8,$0.16B,$0.32B,0.49,$0.11B,$0.11B,92.11%,$0.11B,$0.03B,21.93%,$0.11B,0,0.00%,$0.11B,0,0.00%,$0.11B,$0.03B,21.93%,$0.11B,$0.02B,14.91%,$0.02B,$0.32B,6.69%,$0.02B,$0.22B,9.97%,$0.02B,$2.43B,0.78%,$0.03B,$0.48B,6.52%,$30,$3,$28,$0,$21,$25,$6,$0,$6,$2,$4,$4,$4,$0,$0,$13,13,$0.33,$0.32,$66,$0,$0,$1555,$37,$706,$99,$36,$879,$2434,$1957,$157,$0,$157,$2114,$249,$88,$-3,$319,$2434,$0,$0,$0,$0,$0,$0,$0,$0,$0,$19,$-5,$0,$10,$0,$35,$35,$-61,$-22,$-3,$-46,$-48,$40,$40,$-5,$28,$15,$12,$0,$-5
17,2014-06-30,23.5,$22.36,1.05,$10.27,2.29,$7.55,3.11,$1.46,16.1,$1.36B,$1.80B,0.76,$0.12B,$0.24B,0.49,$0.11B,$0.10B,90.91%,$0.11B,$0.03B,23.64%,$0.11B,0,0.00%,$0.11B,0,0.00%,$0.11B,$0.03B,23.64%,$0.11B,$0.02B,14.55%,$0.02B,$0.24B,6.96%,$0.02B,$0.17B,10.44%,$0.02B,$2.16B,0.78%,$0.03B,$0.36B,7.41%,$28,$3,$26,$0,$20,$23,$5,$0,$5,$2,$3,$3,$3,$0,$0,$11,11,$0.32,$0.32,$54,$0,$0,$1359,$33,$665,$79,$27,$805,$2164,$1801,$119,$0,$119,$1920,$176,$86,$-3,$244,$2164,$0,$0,$0,$0,$0,$0,$0,$0,$0,$14,$-3,$0,$-3,$0,$50,$50,$-56,$-12,$-3,$2,$-1,$-0,$-0,$-3,$2,$-2,$0,$0,$-3
18,2014-03-31,21.84,$21.63,1.01,$10.07,2.17,$8.17,2.67,$1.60,13.65,$1.28B,$1.73B,0.74,$0.12B,$0.23B,0.52,$0.11B,$0.10B,89.72%,$0.11B,$0.03B,26.17%,$0.11B,0,0.00%,$0.11B,0,0.00%,$0.11B,$0.03B,26.17%,$0.11B,$0.02B,16.82%,$0.02B,$0.23B,8.05%,$0.02B,$0.15B,12.08%,$0.02B,$2.08B,0.90%,$0.03B,$0.35B,8.09%,$28,$3,$26,$0,$19,$21,$7,$0,$7,$2,$5,$5,$5,$0,$0,$11,11,$0.45,$0.44,$65,$0,$0,$1277,$31,$662,$77,$31,$801,$2078,$1728,$120,$0,$120,$1848,$170,$84,$-8,$231,$2078,$0,$0,$0,$0,$0,$0,$0,$0,$0,$10,$-2,$0,$0,$0,$25,$25,$-27,$-4,$-2,$-45,$-46,$-0,$-0,$-2,$52,$4,$11,$0,$-2
19,2013-12-31,19.75,$20.89,0.95,$9.84,2.01,$8.21,2.4,$1.63,12.12,$1.24B,$1.72B,0.72,$0.12B,$0.22B,0.55,$0.11B,$0.09B,87.62%,$0.11B,$0.03B,26.67%,$0.11B,0,0.00%,$0.11B,0,0.00%,$0.11B,$0.03B,26.67%,$0.11B,$0.02B,17.14%,$0.02B,$0.22B,8.10%,$0.02B,$0.14B,12.02%,$0.02B,$2.06B,0.92%,$0.03B,$0.34B,8.07%,$28,$3,$25,$0,$17,$20,$7,$0,$7,$2,$5,$5,$5,$0,$0,$11,11,$0.48,$0.47,$54,$0,$0,$1235,$30,$681,$78,$36,$824,$2059,$1716,$122,$0,$122,$1838,$169,$81,$-13,$222,$2059,$18,$16,$-6,$10,$4,$0,$0,$8,$13,$40,$-7,$0,$-5,$0,$-3,$-3,$-65,$-80,$-7,$66,$59,$-0,$-0,$-5,$-22,$31,$-9,$0,$-5
20,2013-09-30,18.21,$20.97,0.87,$9.68,1.88,$8.53,2.13,$1.52,11.98,$1.09B,$1.57B,0.7,$0.12B,$0.22B,0.56,$0.10B,$0.09B,86.41%,$0.10B,$0.03B,26.21%,$0.10B,0,0.00%,$0.10B,0,0.00%,$0.10B,$0.03B,26.21%,$0.10B,$0.02B,16.50%,$0.02B,$0.22B,7.65%,$0.02B,$0.15B,11.18%,$0.02B,$1.92B,0.89%,$0.03B,$0.35B,7.74%,$26,$3,$23,$0,$16,$19,$7,$0,$7,$4,$3,$3,$3,$0,$0,$11,11,$0.24,$0.23,$51,$0,$0,$1094,$29,$690,$71,$35,$826,$1920,$1573,$124,$0,$124,$1697,$168,$77,$-9,$222,$1920,$0,$0,$0,$0,$0,$0,$0,$0,$0,$32,$-5,$0,$-2,$0,$-8,$-8,$-25,$-40,$-5,$59,$54,$-0,$-0,$-4,$-54,$-4,$-12,$0,$-4
21,2013-06-30,18.27,$20.71,0.88,$9.66,1.89,$7.92,2.31,$1.74,10.5,$1.06B,$1.56B,0.68,$0.13B,$0.22B,0.57,$0.10B,$0.09B,86.27%,$0.10B,$0.03B,26.47%,$0.10B,0,0.00%,$0.10B,0,0.00%,$0.10B,$0.03B,26.47%,$0.10B,$0.02B,18.63%,$0.02B,$0.22B,8.58%,$0.02B,$0.15B,12.52%,$0.02B,$1.90B,1.00%,$0.03B,$0.35B,7.73%,$25,$3,$22,$0,$15,$18,$7,$0,$7,$3,$5,$5,$5,$0,$0,$11,11,$0.46,$0.46,$38,$0,$0,$1056,$29,$673,$72,$71,$844,$1900,$1555,$126,$0,$126,$1681,$168,$76,$-10,$219,$1900,$0,$0,$0,$0,$0,$0,$0,$0,$0,$20,$-3,$0,$-2,$0,$13,$13,$-35,$-28,$-3,$45,$42,$-0,$-0,$-3,$-56,$-18,$-25,$0,$-3
22,2013-03-31,19.27,$21.39,0.9,$9.72,1.98,$7.84,2.46,$1.75,11.01,$1.09B,$1.59B,0.69,$0.13B,$0.23B,0.56,$0.10B,$0.09B,85.44%,$0.10B,$0.03B,27.18%,$0.10B,0,0.00%,$0.10B,0,0.00%,$0.10B,$0.03B,27.18%,$0.10B,$0.02B,18.45%,$0.02B,$0.23B,8.62%,$0.02B,$0.16B,12.50%,$0.02B,$1.94B,1.01%,$0.03B,$0.35B,8.02%,$26,$3,$22,$0,$15,$18,$7,$0,$7,$2,$5,$5,$5,$0,$0,$11,11,$0.47,$0.47,$125,$0,$0,$1091,$28,$676,$70,$74,$847,$1939,$1586,$127,$0,$127,$1713,$167,$73,$1,$226,$1939,$0,$0,$0,$0,$0,$0,$0,$0,$0,$11,$-2,$0,$-2,$0,$30,$30,$7,$34,$-2,$-15,$-17,$-0,$-0,$-1,$37,$18,$63,$0,$-1
23,2012-12-31,17.49,$21.02,0.83,$9.85,1.78,$7.74,2.26,$1.91,9.16,$1.04B,$1.57B,0.66,$0.13B,$0.22B,0.58,$0.10B,$0.09B,85.58%,$0.10B,$0.03B,29.81%,$0.10B,0,0.00%,$0.10B,0,0.00%,$0.10B,$0.03B,29.81%,$0.10B,$0.02B,20.19%,$0.02B,$0.22B,9.71%,$0.02B,$0.15B,14.09%,$0.02B,$1.92B,1.13%,$0.03B,$0.35B,8.98%,$26,$3,$22,$0,$16,$20,$6,$0,$6,$2,$4,$4,$4,$0,$0,$11,11,$0.37,$0.37,$63,$0,$0,$1036,$27,$709,$69,$77,$882,$1918,$1567,$129,$0,$129,$1696,$167,$69,$1,$222,$1918,$20,$19,$4,$22,$-4,$0,$0,$0,$-2,$41,$-5,$0,$-3,$0,$-47,$-47,$-15,$-70,$-40,$-4,$-44,$-0,$-1,$-4,$102,$52,$24,$0,$-4
24,2012-09-30,19.49,$20.77,0.94,$9.89,1.97,$8.26,2.36,$1.88,10.36,$1.04B,$1.52B,0.69,$0.13B,$0.22B,0.59,$0.10B,$0.09B,84.62%,$0.10B,$0.03B,28.85%,$0.10B,0,0.00%,$0.10B,0,0.00%,$0.10B,$0.03B,28.85%,$0.10B,$0.02B,19.23%,$0.02B,$0.22B,9.41%,$0.02B,$0.15B,13.68%,$0.02B,$1.87B,1.10%,$0.03B,$0.35B,8.56%,$25,$4,$22,$0,$15,$18,$7,$0,$7,$2,$5,$5,$5,$0,$0,$11,11,$0.45,$0.45,$59,$0,$0,$1042,$25,$647,$68,$85,$824,$1867,$1519,$129,$0,$129,$1648,$167,$67,$1,$219,$1867,$0,$0,$0,$0,$0,$0,$0,$0,$0,$23,$-2,$0,$-3,$0,$18,$18,$-19,$-7,$-39,$-14,$-53,$-0,$-1,$-3,$62,$4,$20,$0,$-3
25,2012-06-30,18.61,$20.39,0.91,$10.07,1.85,$9.33,1.99,$1.78,10.46,$0.97B,$1.49B,0.66,$0.13B,$0.22B,0.6,$0.11B,$0.09B,83.02%,$0.11B,$0.03B,27.36%,$0.11B,0,0.00%,$0.11B,0,0.00%,$0.11B,$0.03B,27.36%,$0.11B,$0.02B,17.92%,$0.02B,$0.22B,8.88%,$0.02B,$0.15B,12.77%,$0.02B,$1.83B,1.05%,$0.03B,$0.34B,8.03%,$26,$4,$22,$0,$14,$18,$8,$0,$8,$2,$5,$5,$5,$0,$0,$11,11,$0.47,$0.47,$34,$0,$0,$974,$24,$686,$65,$82,$857,$1831,$1488,$129,$0,$129,$1617,$166,$63,$0,$215,$1831,$0,$0,$0,$0,$0,$0,$0,$0,$0,$18,$-1,$0,$-0,$0,$-22,$-22,$-16,$-39,$-39,$-8,$-47,$-0,$-1,$-2,$67,$17,$-5,$0,$-2
26,2012-03-31,14.77,$19.83,0.74,$10.12,1.46,$9.93,1.49,$1.57,9.41,$0.97B,$1.47B,0.66,$0.13B,$0.21B,0.62,$0.11B,$0.09B,82.08%,$0.11B,$0.03B,23.58%,$0.11B,0,0.00%,$0.11B,0,0.00%,$0.11B,$0.03B,23.58%,$0.11B,$0.02B,16.04%,$0.02B,$0.21B,7.91%,$0.02B,$0.14B,11.33%,$0.02B,$1.81B,0.94%,$0.03B,$0.34B,6.69%,$27,$4,$23,$0,$13,$17,$10,$0,$10,$3,$7,$7,$7,$0,$0,$11,11,$0.63,$0.63,$38,$0,$0,$966,$24,$669,$64,$83,$840,$1806,$1468,$129,$0,$129,$1597,$166,$59,$-1,$209,$1806,$0,$0,$0,$0,$0,$0,$0,$0,$0,$8,$-1,$0,$0,$0,$-4,$-4,$-4,$-9,$-39,$-7,$-46,$-0,$-1,$-1,$47,$-0,$-1,$0,$-1
27,2011-12-31,12.39,$19.67,0.63,$10.25,1.21,$10.42,1.19,$1.07,11.58,$0.96B,$1.42B,0.67,$0.17B,$0.21B,0.8,$0.11B,$0.09B,80.37%,$0.11B,$0.02B,15.89%,$0.11B,0,0.00%,$0.11B,0,0.00%,$0.11B,$0.02B,15.89%,$0.11B,$0.01B,10.28%,$0.01B,$0.21B,5.11%,$0.01B,$0.14B,7.31%,$0.01B,$1.79B,0.61%,$0.02B,$0.37B,4.41%,$26,$5,$21,$0,$16,$21,$5,$0,$5,$1,$4,$4,$3,$0,$0,$10,10,$0.33,$0.33,$39,$0,$0,$957,$24,$669,$64,$80,$837,$1794,$1423,$165,$0,$165,$1588,$167,$54,$1,$207,$1794,$13,$17,$12,$29,$0,$0,$0,$0,$2,$43,$-1,$0,$0,$0,$-26,$-26,$18,$-9,$-15,$0,$-15,$-0,$-39,$-5,$-11,$-70,$-36,$0,$-4
28,2011-09-30,9.13,$21.41,0.43,$10.50,0.87,$10.54,0.87,$0.75,12.18,$0.96B,$1.42B,0.68,$0.17B,$0.21B,0.81,$0.11B,$0.09B,79.82%,$0.11B,$0.01B,11.01%,$0.11B,0,0.00%,$0.11B,0,0.00%,$0.11B,$0.01B,11.01%,$0.11B,$0.01B,7.34%,$0.01B,$0.23B,3.62%,$0.01B,$0.16B,5.11%,$0.01B,$1.81B,0.44%,$0.01B,$0.39B,3.04%,$27,$5,$22,$0,$16,$21,$6,$0,$6,$2,$4,$4,$4,$0,$0,$10,11,$0.35,$0.35,$32,$0,$0,$961,$24,$670,$64,$86,$845,$1806,$1415,$167,$0,$167,$1581,$167,$51,$4,$225,$1806,$0,$0,$0,$0,$0,$0,$0,$0,$0,$33,$-1,$0,$0,$0,$-25,$-25,$2,$-25,$-14,$7,$-7,$-0,$-21,$-4,$-19,$-51,$-43,$0,$-3
29,2011-06-30,9.28,$20.86,0.44,$10.73,0.86,$10.57,0.88,$0.39,23.79,$0.95B,$1.41B,0.68,$0.17B,$0.20B,0.87,$0.11B,$0.09B,78.38%,$0.11B,$0.01B,5.41%,$0.11B,0,0.00%,$0.11B,0,0.00%,$0.11B,$0.01B,5.41%,$0.11B,$0.00B,3.60%,$0.00B,$0.22B,1.79%,$0.00B,$0.15B,2.52%,$0.00B,$1.80B,0.22%,$0.01B,$0.39B,1.49%,$26,$6,$21,$0,$17,$23,$4,$0,$4,$1,$3,$3,$3,$0,$0,$10,11,$0.26,$0.26,$38,$0,$0,$954,$24,$671,$65,$89,$849,$1803,$1410,$174,$0,$174,$1584,$167,$49,$1,$219,$1803,$0,$0,$0,$0,$0,$0,$0,$0,$0,$23,$-1,$0,$0,$0,$-28,$-28,$13,$-16,$-6,$-12,$-18,$0,$-21,$-3,$-3,$-45,$-37,$0,$-2
30,2011-03-31,9.9,$20.09,0.49,$11.25,0.88,$10.59,0.93,$0.40,24.74,$0.96B,$1.42B,0.68,$0.17B,$0.19B,0.91,$0.12B,$0.09B,76.92%,$0.12B,$0.01B,5.13%,$0.12B,0,0.00%,$0.12B,0,0.00%,$0.12B,$0.01B,5.13%,$0.12B,$0.00B,3.42%,$0.00B,$0.21B,1.75%,$0.00B,$0.15B,2.44%,$0.00B,$1.80B,0.21%,$0.01B,$0.39B,1.40%,$28,$6,$22,$0,$20,$26,$2,$0,$2,$0,$2,$2,$1,$0,$0,$10,10,$0.13,$0.13,$34,$0,$0,$959,$25,$659,$65,$93,$842,$1802,$1417,$174,$0,$174,$1591,$166,$46,$-4,$210,$1802,$0,$0,$0,$0,$0,$0,$0,$0,$0,$13,$-0,$0,$0,$0,$-21,$-21,$5,$-16,$-6,$-9,$-15,$-0,$-21,$-1,$-1,$-38,$-41,$0,$-1
31,2010-12-31,12.78,$22.06,0.58,$11.60,1.1,$10.40,1.23,$0.35,36.51,$1.01B,$1.43B,0.71,$0.18B,$0.19B,0.94,$0.12B,$0.09B,75.21%,$0.12B,$0.01B,4.13%,$0.12B,0,0.00%,$0.12B,0,0.00%,$0.12B,$0.01B,4.13%,$0.12B,$0.00B,3.31%,$0.00B,$0.23B,1.69%,$0.00B,$0.17B,2.34%,$0.00B,$1.84B,0.21%,$0.01B,$0.41B,1.09%,$28,$6,$22,$0,$22,$28,$0,$0,$0,$-0,$1,$1,$0,$0,$0,$10,10,$0.00,$0.00,$75,$0,$0,$1013,$25,$641,$65,$94,$825,$1838,$1427,$180,$0,$180,$1607,$166,$46,$-4,$231,$1838,$6,$16,$25,$41,$-1,$0,$0,$0,$-2,$45,$-2,$0,$0,$0,$82,$82,$62,$141,$-88,$-25,$-114,$0,$0,$-6,$-34,$-154,$33,$0,$-4
32,2010-09-30,10.04,$22.39,0.45,$12.63,0.79,$8.30,1.21,$0.41,24.48,$1.06B,$1.46B,0.73,$0.19B,$0.20B,0.96,$0.13B,$0.10B,75.00%,$0.13B,$0.01B,4.55%,$0.13B,0,0.00%,$0.13B,0,0.00%,$0.13B,$0.01B,4.55%,$0.13B,$0.01B,3.79%,$0.01B,$0.23B,2.09%,$0.01B,$0.17B,2.87%,$0.01B,$1.88B,0.25%,$0.01B,$0.42B,1.22%,$29,$7,$22,$0,$22,$29,$0,$0,$0,$-0,$0,$0,$-0,$0,$0,$10,10,$-0.01,$-0.01,$75,$0,$0,$1062,$24,$638,$65,$94,$821,$1884,$1463,$187,$0,$187,$1650,$166,$47,$-2,$234,$1884,$0,$0,$0,$0,$0,$0,$0,$0,$0,$33,$-1,$0,$0,$0,$94,$94,$19,$111,$-76,$-28,$-104,$0,$0,$-4,$-4,$-112,$33,$0,$-3
33,2010-06-30,11.59,$23.05,0.5,$12.46,0.93,$7.16,1.62,$-0.02,0.0,$1.06B,$1.46B,0.73,$0.26B,$0.20B,1.3,$0.13B,$0.10B,72.52%,$0.13B,$-0.00B,-0.76%,$0.13B,0,0.00%,$0.13B,0,0.00%,$0.13B,$-0.00B,-0.76%,$0.13B,0,0.00%,$0.00B,$0.24B,0.00%,$0.00B,$0.18B,0.00%,$0.00B,$1.97B,0.00%,$-0.00B,$0.50B,-0.19%,$32,$8,$24,$0,$20,$28,$4,$0,$4,$1,$3,$3,$3,$0,$0,$10,10,$0.27,$0.27,$67,$0,$0,$1061,$24,$724,$65,$92,$906,$1967,$1464,$263,$0,$263,$1727,$166,$48,$4,$240,$1967,$0,$0,$0,$0,$0,$0,$0,$0,$0,$23,$-1,$0,$0,$0,$15,$15,$20,$35,$-6,$-27,$-33,$0,$0,$-3,$3,$-33,$26,$0,$-2
34,2010-03-31,13.17,$23.14,0.57,$12.74,1.03,$5.87,2.24,$-0.06,0.0,$1.08B,$1.50B,0.72,$0.26B,$0.20B,1.3,$0.13B,$0.10B,71.43%,$0.13B,$-0.00B,-0.75%,$0.13B,0,0.00%,$0.13B,0,0.00%,$0.13B,$-0.00B,-0.75%,$0.13B,$-0.00B,-0.75%,$-0.00B,$0.24B,-0.41%,$-0.00B,$0.18B,-0.57%,$-0.00B,$2.00B,-0.05%,$-0.00B,$0.50B,-0.19%,$32,$8,$23,$0,$22,$30,$1,$0,$1,$0,$1,$1,$1,$0,$0,$10,10,$0.08,$0.08,$52,$0,$0,$1079,$24,$743,$65,$92,$925,$2003,$1500,$263,$0,$263,$1762,$166,$46,$6,$241,$2003,$0,$0,$0,$0,$0,$0,$0,$0,$0,$11,$-0,$0,$0,$0,$1,$1,$-6,$-6,$-6,$-27,$-33,$0,$0,$-1,$39,$5,$10,$0,$-1
35,2009-12-31,7.69,$23.52,0.33,$13.07,0.59,$5.28,1.46,$0.23,33.44,$1.07B,$1.46B,0.73,$0.29B,$0.21B,1.43,$0.14B,$0.10B,70.59%,$0.14B,$0.00B,2.21%,$0.14B,0,0.00%,$0.14B,0,0.00%,$0.14B,$0.00B,2.21%,$0.14B,$0.00B,1.47%,$0.00B,$0.24B,0.84%,$0.00B,$0.18B,1.15%,$0.00B,$2.00B,0.10%,$0.00B,$0.54B,0.54%,$39,$9,$30,$0,$29,$38,$1,$0,$1,$-1,$1,$1,$1,$0,$0,$10,10,$0.06,$0.06,$42,$0,$0,$1068,$25,$752,$66,$91,$933,$2002,$1464,$294,$0,$294,$1758,$166,$46,$9,$244,$2002,$4,$4,$17,$21,$-2,$0,$0,$0,$-2,$23,$-2,$0,$0,$0,$-15,$-15,$25,$8,$-62,$-22,$-84,$-0,$39,$-9,$29,$-25,$6,$0,$-7
36,2009-09-30,10.26,$23.56,0.44,$12.87,0.8,$6.35,1.62,$-0.14,0.0,$1.09B,$1.46B,0.74,$0.30B,$0.21B,1.46,$0.13B,$0.09B,67.91%,$0.13B,$-0.00B,-2.99%,$0.13B,0,0.00%,$0.13B,0,0.00%,$0.13B,$-0.00B,-2.99%,$0.13B,$-0.00B,-1.49%,$-0.00B,$0.24B,-0.89%,$-0.00B,$0.18B,-1.26%,$-0.00B,$2.01B,-0.10%,$-0.00B,$0.54B,-0.72%,$28,$10,$18,$0,$24,$34,$-7,$0,$-7,$-3,$-4,$-4,$-5,$0,$0,$10,10,$-0.44,$-0.44,$42,$0,$0,$1086,$25,$750,$66,$78,$919,$2005,$1461,$300,$0,$300,$1760,$166,$47,$10,$244,$2005,$0,$0,$0,$0,$0,$0,$0,$0,$0,$22,$-2,$0,$0,$0,$-10,$-10,$20,$8,$-31,$-51,$-82,$-0,$39,$-8,$27,$-23,$6,$0,$-6
37,2009-06-30,13.32,$23.02,0.58,$13.50,0.99,$6.60,2.02,$0.58,22.96,$1.15B,$1.48B,0.78,$0.33B,$0.20B,1.63,$0.14B,$0.10B,68.57%,$0.14B,$0.01B,4.29%,$0.14B,0,0.00%,$0.14B,0,0.00%,$0.14B,$0.01B,4.29%,$0.14B,$0.01B,4.29%,$0.01B,$0.24B,2.82%,$0.01B,$0.17B,4.10%,$0.01B,$2.04B,0.30%,$0.01B,$0.56B,1.10%,$34,$10,$24,$0,$20,$31,$4,$0,$4,$1,$3,$3,$2,$0,$0,$10,10,$0.23,$0.23,$75,$0,$0,$1150,$25,$718,$66,$79,$889,$2039,$1476,$325,$0,$325,$1801,$166,$52,$-2,$238,$2039,$0,$0,$0,$0,$0,$0,$0,$0,$0,$11,$-2,$0,$0,$0,$10,$10,$2,$10,$-6,$-50,$-56,$-0,$39,$-5,$41,$19,$40,$0,$-4
38,2009-03-31,10.01,$22.26,0.45,$13.49,0.74,$7.29,1.37,$0.54,18.53,$1.18B,$1.49B,0.79,$0.34B,$0.19B,1.75,$0.14B,$0.09B,67.14%,$0.14B,$0.01B,3.57%,$0.14B,0,0.00%,$0.14B,0,0.00%,$0.14B,$0.01B,3.57%,$0.14B,$0.01B,4.29%,$0.01B,$0.23B,2.94%,$0.01B,$0.16B,4.38%,$0.01B,$2.06B,0.30%,$0.01B,$0.57B,0.95%,$35,$11,$24,$0,$18,$29,$5,$0,$5,$1,$4,$4,$4,$0,$0,$10,10,$0.37,$0.37,$97,$0,$0,$1176,$25,$706,$66,$83,$880,$2056,$1490,$335,$0,$335,$1826,$166,$52,$-9,$230,$2056,$0,$0,$0,$0,$0,$0,$0,$0,$0,$5,$-1,$0,$0,$0,$9,$9,$1,$9,$5,$-49,$-44,$-0,$39,$-2,$55,$48,$62,$0,$-2
39,2008-12-31,14.42,$18.06,0.8,$13.60,1.06,$7.63,1.89,$0.72,20.02,$1.12B,$1.46B,0.77,$0.36B,$0.19B,1.93,$0.14B,$0.09B,65.96%,$0.14B,$0.01B,5.67%,$0.14B,0,0.00%,$0.14B,0,0.00%,$0.14B,$0.01B,5.67%,$0.14B,$0.01B,5.67%,$0.01B,$0.19B,4.04%,$0.01B,$0.12B,6.11%,$0.01B,$2.00B,0.41%,$0.01B,$0.55B,1.60%,$37,$12,$25,$0,$31,$43,$-6,$0,$-6,$-3,$-3,$-3,$-3,$0,$0,$10,10,$-0.31,$-0.30,$36,$0,$0,$1117,$25,$709,$66,$85,$885,$2002,$1455,$361,$0,$361,$1816,$165,$51,$-12,$187,$2002,$7,$6,$21,$27,$2,$0,$0,$0,$2,$36,$-3,$0,$1,$0,$-163,$-163,$-3,$-169,$76,$-124,$-47,$-0,$-0,$-8,$180,$124,$-10,$0,$-8
40,2008-09-30,16.18,$19.09,0.85,$13.57,1.19,$7.17,2.26,$1.23,13.15,$1.14B,$1.41B,0.81,$0.32B,$0.20B,1.6,$0.14B,$0.09B,63.83%,$0.14B,$0.02B,11.35%,$0.14B,0,0.00%,$0.14B,0,0.00%,$0.14B,$0.02B,11.35%,$0.14B,$0.01B,9.22%,$0.01B,$0.20B,6.44%,$0.01B,$0.13B,9.65%,$0.01B,$1.92B,0.68%,$0.02B,$0.51B,3.04%,$34,$11,$23,$0,$19,$31,$3,$0,$3,$0,$3,$3,$3,$0,$0,$10,10,$0.29,$0.28,$40,$0,$0,$1135,$25,$613,$67,$80,$785,$1920,$1407,$316,$0,$316,$1723,$164,$56,$-7,$197,$1920,$0,$0,$0,$0,$0,$0,$0,$0,$0,$25,$-3,$0,$0,$0,$-63,$-63,$-3,$-68,$62,$-82,$-20,$-0,$-0,$-6,$64,$37,$-6,$0,$-6
41,2008-06-30,13.96,$19.55,0.71,$13.65,1.02,$6.92,2.02,$1.44,9.69,$1.14B,$1.43B,0.8,$0.28B,$0.20B,1.37,$0.14B,$0.09B,61.27%,$0.14B,$0.02B,14.08%,$0.14B,0,0.00%,$0.14B,0,0.00%,$0.14B,$0.02B,14.08%,$0.14B,$0.02B,10.56%,$0.02B,$0.20B,7.41%,$0.02B,$0.13B,11.11%,$0.02B,$1.91B,0.79%,$0.02B,$0.48B,3.95%,$34,$12,$22,$0,$19,$31,$3,$0,$3,$1,$2,$2,$2,$0,$0,$10,10,$0.19,$0.19,$47,$0,$0,$1137,$25,$600,$67,$78,$770,$1907,$1429,$276,$0,$276,$1705,$164,$55,$-2,$201,$1907,$0,$0,$0,$0,$0,$0,$0,$0,$0,$18,$-2,$0,$0,$0,$-42,$-42,$8,$-36,$22,$-93,$-71,$-0,$-0,$-4,$95,$19,$1,$0,$-4
42,2008-03-31,17.55,$20.15,0.87,$13.76,1.28,$6.36,2.76,$1.76,9.97,$1.17B,$1.42B,0.82,$0.26B,$0.21B,1.26,$0.14B,$0.09B,59.72%,$0.14B,$0.02B,16.67%,$0.14B,0,0.00%,$0.14B,0,0.00%,$0.14B,$0.02B,16.67%,$0.14B,$0.02B,12.50%,$0.02B,$0.21B,8.93%,$0.02B,$0.14B,13.48%,$0.02B,$1.89B,0.96%,$0.02B,$0.47B,4.92%,$36,$13,$23,$0,$15,$28,$8,$0,$8,$2,$6,$6,$6,$0,$0,$10,10,$0.55,$0.55,$73,$0,$0,$1173,$25,$551,$68,$75,$718,$1891,$1424,$260,$0,$260,$1684,$164,$56,$4,$207,$1891,$0,$0,$0,$0,$0,$0,$0,$0,$0,$9,$-1,$0,$0,$0,$-7,$-7,$4,$-4,$6,$-68,$-62,$-0,$-0,$-2,$63,$-1,$4,$0,$-2
43,2007-12-31,17.95,$19.70,0.91,$13.72,1.31,$6.05,2.97,$1.74,10.31,$1.15B,$1.24B,0.93,$0.44B,$0.20B,2.18,$0.14B,$0.09B,59.03%,$0.14B,$0.02B,16.67%,$0.14B,0,0.00%,$0.14B,0,0.00%,$0.14B,$0.02B,16.67%,$0.14B,$0.02B,12.50%,$0.02B,$0.20B,9.03%,$0.02B,$0.14B,13.74%,$0.02B,$1.89B,0.96%,$0.02B,$0.65B,5.06%,$37,$15,$22,$0,$19,$35,$2,$0,$2,$-0,$2,$2,$2,$0,$0,$10,11,$0.22,$0.21,$45,$0,$0,$1152,$25,$565,$68,$75,$733,$1886,$1241,$442,$0,$442,$1683,$163,$53,$3,$203,$1886,$18,$7,$8,$15,$-1,$0,$0,$0,$-3,$31,$-3,$0,$-1,$0,$-16,$-16,$9,$-10,$31,$28,$59,$-11,$-18,$-8,$-47,$-15,$5,$0,$-8
44,2007-09-30,18.71,$19.25,0.97,$13.58,1.38,$6.04,3.1,$1.97,9.5,$1.13B,$1.45B,0.78,$0.24B,$0.20B,1.19,$0.14B,$0.08B,58.74%,$0.14B,$0.03B,20.28%,$0.14B,0,0.00%,$0.14B,0,0.00%,$0.14B,$0.03B,20.28%,$0.14B,$0.02B,14.69%,$0.02B,$0.20B,10.62%,$0.02B,$0.13B,16.25%,$0.02B,$1.89B,1.12%,$0.03B,$0.44B,6.31%,$35,$15,$20,$0,$13,$29,$7,$0,$7,$2,$5,$5,$5,$0,$0,$10,10,$0.49,$0.49,$36,$0,$0,$1128,$23,$591,$69,$78,$760,$1888,$1452,$237,$0,$237,$1688,$163,$53,$-2,$199,$1888,$0,$0,$0,$0,$0,$0,$0,$0,$0,$22,$-2,$0,$-1,$0,$-42,$-42,$24,$-21,$14,$54,$68,$-9,$-16,$-6,$-50,$-5,$-4,$0,$-6
45,2007-06-30,19.18,$18.78,1.02,$13.48,1.42,$6.12,3.13,$1.98,9.69,$1.13B,$1.46B,0.78,$0.20B,$0.20B,1.04,$0.14B,$0.08B,58.74%,$0.14B,$0.03B,20.28%,$0.14B,0,0.00%,$0.14B,0,0.00%,$0.14B,$0.03B,20.28%,$0.14B,$0.02B,14.69%,$0.02B,$0.20B,10.65%,$0.02B,$0.13B,16.34%,$0.02B,$1.86B,1.12%,$0.03B,$0.40B,6.39%,$36,$15,$21,$0,$14,$29,$7,$0,$7,$2,$5,$5,$5,$0,$0,$11,11,$0.51,$0.51,$38,$0,$0,$1133,$23,$554,$69,$77,$723,$1857,$1456,$204,$0,$204,$1660,$163,$50,$-5,$197,$1857,$0,$0,$0,$0,$0,$0,$0,$0,$0,$12,$-1,$0,$-1,$0,$-8,$-8,$23,$13,$-19,$40,$21,$-6,$-13,$-4,$-30,$-27,$-2,$0,$-4
46,2007-03-31,18.56,$18.85,0.98,$13.31,1.39,$6.47,2.87,$1.99,9.33,$1.16B,$1.46B,0.8,$0.22B,$0.20B,1.1,$0.14B,$0.08B,59.15%,$0.14B,$0.03B,21.13%,$0.14B,0,0.00%,$0.14B,0,0.00%,$0.14B,$0.03B,21.13%,$0.14B,$0.02B,15.49%,$0.02B,$0.20B,11.30%,$0.02B,$0.13B,17.50%,$0.02B,$1.87B,1.17%,$0.03B,$0.42B,6.34%,$36,$15,$22,$0,$13,$29,$8,$0,$8,$2,$6,$6,$6,$0,$0,$11,11,$0.53,$0.53,$35,$0,$0,$1158,$23,$547,$68,$75,$714,$1872,$1457,$217,$0,$217,$1674,$163,$47,$-1,$198,$1872,$0,$0,$0,$0,$0,$0,$0,$0,$0,$6,$-0,$0,$0,$0,$4,$4,$-4,$-0,$-13,$26,$13,$-4,$-4,$-2,$-16,$-10,$-4,$0,$-2
47,2006-12-31,20.69,$18.51,1.12,$13.06,1.58,$6.53,3.17,$2.02,10.24,$1.16B,$1.29B,0.9,$0.39B,$0.20B,1.97,$0.14B,$0.08B,60.00%,$0.14B,$0.03B,21.43%,$0.14B,0,0.00%,$0.14B,0,0.00%,$0.14B,$0.03B,21.43%,$0.14B,$0.02B,15.71%,$0.02B,$0.20B,11.49%,$0.02B,$0.13B,18.00%,$0.02B,$1.88B,1.17%,$0.03B,$0.59B,6.04%,$36,$15,$21,$0,$14,$30,$7,$0,$7,$2,$5,$5,$5,$0,$0,$11,11,$0.45,$0.43,$40,$0,$0,$1159,$23,$549,$69,$75,$717,$1875,$1290,$388,$0,$388,$1678,$163,$43,$-3,$197,$1875,$22,$9,$-0,$9,$-1,$0,$0,$0,$1,$31,$-3,$0,$-4,$0,$40,$40,$-64,$-31,$-162,$21,$-140,$2,$1,$-8,$148,$0,$0,$0,$-8
