,Date,Stock Price,Book Value per Share,Price to Book Ratio,TTM Sales per Share,Price to Sales Ratio,TTM FCF per Share,Price to FCF Ratio,TTM Net EPS,PE Ratio,Current Assets,Current Liabilities,Current Ratio,Long Term Debt,Shareholder's Equity_x,Debt to Equity Ratio,TTM Revenue_x,TTM Gross Profit,Gross Margin,TTM Revenue_y,TTM Operating Income,Operating Margin,TTM Revenue_x,TTM EBIT,EBIT Margin,TTM Revenue_y,TTM EBITDA,EBITDA Margin,TTM Revenue_x,TTM Pre-Tax Income,Pre-Tax Margin,TTM Revenue_y,TTM Net Income_x,Net Margin,TTM Net Income_y,Shareholder's Equity_y,Return on Equity,TTM Net Income_x,Tangible Equity,Return on Tangible Equity,TTM Net Income_y,Total Assets,Return on Assets,TTM Net Income,LT Investments & Debt,Return on Investment,revenue,cost-goods-sold,gross-profit,research-development-expenses,selling-general-administrative-expenses,operating-expenses,operating-income,total-non-operating-income-expense,pre-tax-income,total-provision-income-taxes,income-after-taxes,income-from-continuous-operations,net-income,ebitda,ebit,basic-shares-outstanding,shares-outstanding,eps-basic-net-earnings-per-share,eps-earnings-per-share-diluted,cash-on-hand,inventory,other-current-assets,total-current-assets,net-property-plant-equipment,long-term-investments,goodwill-intangible-assets-total,other-long-term-assets,total-long-term-assets,total-assets,total-current-liabilities,long-term-debt,other-non-current-liabilities,total-long-term-liabilities,total-liabilities,common-stock-net,retained-earnings-accumulated-deficit,comprehensive-income,total-share-holder-equity,total-liabilities-share-holders-equity,net-income-loss,total-depreciation-amortization-cash-flow,other-non-cash-items,total-non-cash-items,change-in-accounts-receivable,change-in-inventories,change-in-accounts-payable,change-in-assets-liabilities,total-change-in-assets-liabilities,cash-flow-from-operating-activities,net-change-in-property-plant-equipment,net-change-in-intangible-assets,net-acquisitions-divestitures,net-change-in-short-term-investments,net-change-in-long-term-investments,net-change-in-investments-total,investing-activities-other,cash-flow-from-investing-activities,net-long-term-debt,net-current-debt,debt-issuance-retirement-net-total,net-common-equity-issued-repurchased,net-total-equity-issued-repurchased,total-common-preferred-stock-dividends-paid,financial-activities-other,cash-flow-from-financial-activities,net-cash-flow,stock-based-compensation,common-stock-dividends-paid
0,2018-09-30,62.6,$7.88,7.95,$10.41,6.01,$4.23,14.81,$-0.12,0.0,$0.59B,$0.28B,2.08,$0.00B,$0.62B,0.0,$0.84B,$0.55B,64.73%,$0.84B,$-0.05B,-5.70%,$0.84B,$-0.05B,-5.70%,$0.84B,$-0.02B,-2.73%,$0.84B,$-0.04B,-4.87%,$0.84B,$-0.03B,-3.68%,$-0.03B,$0.62B,-4.81%,$-0.03B,$0.55B,-5.43%,$-0.03B,$0.96B,-3.14%,$-0.05B,$0.62B,-7.45%,$203,$74,$129,$47,$100,$221,$-17,$1,$-16,$-9,$-8,$-8,$-8,$-11,$-17,$79,79,$-0.10,$-0.10,$206,$0,$73,$586,$0,$0,$73,$135,$377,$963,$282,$0,$23,$60,$342,$1,$497,$-12,$621,$963,$-6,$19,$45,$64,$0,$0,$0,$9,$9,$67,$0,$0,$0,$-42,$0,$-42,$-8,$-50,$0,$0,$0,$-65,$-65,$-7,$0,$-72,$-56,$48,$-7
1,2018-06-30,54.8,$8.12,6.75,$10.12,5.42,$4.74,11.56,$-0.05,0.0,$0.60B,$0.27B,2.21,$0.00B,$0.64B,0.0,$0.83B,$0.54B,64.70%,$0.83B,$-0.03B,-3.98%,$0.83B,$-0.03B,-3.98%,$0.83B,$-0.01B,-0.96%,$0.83B,$-0.03B,-3.86%,$0.83B,$-0.02B,-2.65%,$-0.02B,$0.64B,-3.78%,$-0.02B,$0.57B,-4.40%,$-0.02B,$0.97B,-2.41%,$-0.03B,$0.64B,-5.67%,$197,$74,$123,$42,$104,$220,$-23,$2,$-21,$-11,$-10,$-10,$-10,$-17,$-23,$79,79,$-0.13,$-0.13,$244,$0,$64,$600,$0,$0,$73,$131,$373,$973,$272,$0,$24,$62,$334,$1,$507,$-10,$639,$973,$2,$12,$31,$43,$0,$0,$0,$30,$30,$75,$0,$0,$0,$-40,$0,$-40,$-7,$-46,$0,$0,$0,$-41,$-41,$-5,$0,$-46,$-18,$31,$-5
2,2018-03-31,60.62,$8.43,7.19,$9.87,6.14,$4.82,12.59,$0.22,275.53,$0.62B,$0.28B,2.23,$0.00B,$0.66B,0.0,$0.82B,$0.53B,65.00%,$0.82B,$-0.02B,-2.32%,$0.82B,$-0.02B,-2.32%,$0.82B,$0.01B,0.73%,$0.82B,$-0.02B,-2.56%,$0.82B,$-0.01B,-0.98%,$-0.01B,$0.66B,-1.56%,$-0.01B,$0.59B,-1.89%,$-0.01B,$1.01B,-0.96%,$-0.02B,$0.66B,-3.69%,$235,$76,$160,$47,$105,$227,$8,$0,$8,$-4,$12,$12,$12,$14,$8,$78,83,$0.16,$0.15,$255,$0,$51,$624,$0,$0,$73,$129,$382,$1006,$280,$0,$24,$64,$344,$1,$518,$-3,$662,$1006,$12,$6,$18,$24,$0,$0,$0,$20,$20,$56,$0,$0,$0,$-29,$0,$-29,$-2,$-31,$0,$0,$0,$-21,$-21,$-2,$0,$-23,$4,$15,$-2
3,2017-12-31,47.1,$8.38,5.62,$10.17,4.63,$4.54,10.37,$0.40,117.75,$0.65B,$0.30B,2.19,$0.00B,$0.65B,0.0,$0.84B,$0.56B,66.71%,$0.84B,$0.04B,4.64%,$0.84B,$0.04B,4.64%,$0.84B,$0.06B,7.61%,$0.84B,$0.04B,4.52%,$0.84B,$0.03B,3.92%,$0.03B,$0.65B,7.52%,$0.03B,$0.58B,9.79%,$0.03B,$1.01B,4.39%,$0.04B,$0.65B,8.89%,$207,$74,$133,$42,$107,$223,$-16,$4,$-12,$13,$-25,$-25,$-25,$-9,$-16,$77,83,$-0.32,$-0.30,$224,$0,$41,$647,$0,$0,$73,$131,$365,$1012,$295,$0,$24,$62,$357,$1,$508,$-7,$654,$1012,$33,$26,$67,$93,$24,$0,$0,$8,$33,$158,$-14,$0,$-0,$-1,$0,$-1,$0,$-15,$0,$0,$0,$-45,$-45,$-9,$0,$-54,$92,$53,$-9
4,2017-09-30,57.55,$4.78,12.05,$10.18,5.66,$3.06,18.82,$0.55,104.64,$0.44B,$0.27B,1.64,$0.00B,$0.37B,0.0,$0.83B,$0.57B,67.75%,$0.83B,$0.07B,8.03%,$0.83B,$0.07B,8.03%,$0.83B,$0.09B,11.15%,$0.83B,$0.06B,7.31%,$0.83B,$0.07B,8.03%,$0.07B,$0.37B,18.65%,$0.07B,$0.26B,27.15%,$0.07B,$0.67B,10.10%,$0.07B,$0.37B,18.65%,$191,$70,$121,$41,$82,$193,$-2,$-5,$-7,$-9,$1,$1,$1,$4,$-2,$78,83,$0.01,$0.01,$194,$0,$18,$438,$40,$0,$108,$6,$227,$665,$267,$0,$20,$26,$293,$1,$228,$-4,$372,$665,$58,$19,$53,$71,$0,$0,$0,$-15,$-15,$114,$0,$0,$0,$-3,$0,$-3,$-9,$-12,$0,$0,$0,$-37,$-37,$-7,$0,$-44,$60,$40,$-7
5,2017-06-30,58.22,$4.75,12.26,$10.18,5.72,$1.76,33.12,$0.61,95.45,$0.44B,$0.27B,1.65,$0.00B,$0.37B,0.0,$0.83B,$0.57B,68.52%,$0.83B,$0.07B,8.96%,$0.83B,$0.07B,8.96%,$0.83B,$0.10B,12.23%,$0.83B,$0.07B,8.96%,$0.83B,$0.07B,8.35%,$0.07B,$0.37B,19.83%,$0.07B,$0.26B,29.71%,$0.07B,$0.66B,10.68%,$0.07B,$0.37B,21.26%,$187,$68,$119,$40,$88,$196,$-9,$-1,$-10,$-14,$4,$4,$4,$-3,$-9,$77,83,$0.05,$0.04,$180,$0,$19,$438,$39,$0,$111,$5,$225,$663,$266,$0,$20,$28,$294,$1,$232,$-4,$369,$663,$57,$12,$32,$44,$0,$0,$0,$-15,$-15,$86,$0,$0,$0,$4,$0,$4,$-5,$-1,$0,$0,$0,$-30,$-30,$-5,$0,$-35,$51,$26,$-5
6,2017-03-31,43.73,$4.67,9.37,$10.31,4.24,$0.72,60.35,$0.52,84.1,$0.44B,$0.28B,1.58,$0.00B,$0.36B,0.0,$0.83B,$0.58B,69.57%,$0.83B,$0.09B,10.75%,$0.83B,$0.09B,10.75%,$0.83B,$0.12B,14.13%,$0.83B,$0.09B,10.75%,$0.83B,$0.07B,8.45%,$0.07B,$0.36B,20.77%,$0.07B,$0.25B,32.18%,$0.07B,$0.67B,11.09%,$0.09B,$0.36B,26.41%,$256,$68,$188,$40,$82,$190,$66,$1,$67,$14,$53,$53,$53,$72,$66,$77,82,$0.69,$0.65,$148,$0,$20,$442,$40,$0,$114,$4,$228,$670,$280,$0,$20,$30,$310,$1,$223,$-6,$360,$670,$53,$6,$21,$27,$0,$0,$0,$-48,$-48,$32,$0,$0,$0,$-1,$0,$-1,$-3,$-4,$0,$0,$0,$-14,$-14,$-2,$0,$-16,$13,$13,$-2
7,2016-12-31,35.88,$4.39,8.18,$9.44,3.8,$0.40,89.38,$0.30,119.59,$0.43B,$0.29B,1.48,$0.00B,$0.34B,0.0,$0.75B,$0.51B,67.91%,$0.75B,$0.04B,4.93%,$0.75B,$0.04B,4.93%,$0.75B,$0.07B,8.66%,$0.75B,$0.04B,4.66%,$0.75B,$0.03B,3.60%,$0.03B,$0.34B,8.24%,$0.03B,$0.22B,12.43%,$0.03B,$0.66B,4.39%,$0.04B,$0.34B,11.29%,$200,$62,$137,$37,$89,$188,$12,$-1,$11,$2,$9,$9,$9,$20,$12,$76,80,$0.11,$0.11,$134,$0,$12,$425,$38,$0,$117,$4,$230,$655,$287,$0,$20,$31,$319,$1,$198,$-7,$336,$655,$27,$26,$31,$57,$-57,$0,$0,$22,$-44,$40,$-19,$0,$-49,$61,$0,$61,$0,$-7,$0,$0,$0,$-43,$-43,$-9,$0,$-52,$-22,$41,$-9
8,2016-09-30,29.37,$4.29,6.84,$9.52,3.08,$0.86,34.18,$0.45,65.26,$0.38B,$0.24B,1.59,$0.00B,$0.33B,0.0,$0.76B,$0.52B,69.40%,$0.76B,$0.06B,8.21%,$0.76B,$0.06B,8.21%,$0.76B,$0.09B,11.92%,$0.76B,$0.06B,7.95%,$0.76B,$0.04B,5.17%,$0.04B,$0.33B,12.02%,$0.04B,$0.21B,17.47%,$0.04B,$0.60B,6.41%,$0.06B,$0.33B,19.11%,$183,$60,$122,$38,$79,$177,$5,$0,$6,$2,$3,$3,$3,$12,$5,$76,80,$0.04,$0.04,$130,$0,$14,$379,$39,$0,$121,$4,$218,$597,$238,$0,$22,$32,$270,$1,$188,$-5,$327,$597,$18,$18,$25,$43,$4,$0,$0,$-16,$-41,$21,$-15,$0,$-49,$62,$0,$62,$0,$-3,$0,$0,$0,$-36,$-36,$-7,$0,$-43,$-27,$31,$-7
9,2016-06-30,26.81,$4.26,6.3,$9.27,2.89,$1.36,19.71,$0.50,53.62,$0.38B,$0.24B,1.58,$0.00B,$0.33B,0.0,$0.73B,$0.51B,69.35%,$0.73B,$0.07B,9.26%,$0.73B,$0.07B,9.26%,$0.73B,$0.10B,12.94%,$0.73B,$0.06B,8.72%,$0.73B,$0.04B,5.72%,$0.04B,$0.33B,13.17%,$0.04B,$0.20B,18.48%,$0.04B,$0.60B,6.94%,$0.07B,$0.33B,21.32%,$189,$60,$129,$36,$85,$183,$6,$-1,$5,$1,$5,$5,$5,$13,$6,$76,79,$0.06,$0.06,$138,$0,$22,$384,$38,$0,$125,$4,$219,$603,$243,$0,$22,$36,$279,$1,$188,$-4,$325,$603,$15,$12,$22,$33,$11,$0,$0,$-10,$-37,$12,$-11,$0,$-49,$53,$0,$53,$0,$-8,$0,$0,$0,$-27,$-27,$-5,$0,$-32,$-29,$20,$-5
10,2016-03-31,25.22,$4.22,5.97,$8.95,2.82,$1.77,14.28,$0.49,51.47,$0.44B,$0.25B,1.76,$0.00B,$0.32B,0.0,$0.71B,$0.49B,68.88%,$0.71B,$0.07B,9.48%,$0.71B,$0.07B,9.48%,$0.71B,$0.09B,13.15%,$0.71B,$0.06B,9.05%,$0.71B,$0.04B,5.66%,$0.04B,$0.32B,12.75%,$0.04B,$0.25B,17.26%,$0.04B,$0.61B,6.64%,$0.07B,$0.32B,21.35%,$179,$57,$122,$35,$72,$165,$14,$-1,$13,$3,$10,$10,$10,$20,$14,$76,79,$0.14,$0.13,$194,$0,$23,$437,$36,$0,$77,$4,$169,$606,$249,$0,$22,$35,$284,$1,$187,$-3,$323,$606,$10,$5,$11,$16,$7,$0,$0,$2,$-17,$10,$-4,$0,$-0,$14,$0,$14,$0,$9,$0,$0,$0,$-18,$-18,$-2,$0,$-20,$-1,$9,$-2
11,2015-12-31,27.29,$4.22,6.47,$8.65,3.16,$2.00,13.63,$0.46,59.33,$0.45B,$0.27B,1.67,$0.00B,$0.32B,0.0,$0.68B,$0.47B,68.77%,$0.68B,$0.07B,9.53%,$0.68B,$0.07B,9.53%,$0.68B,$0.09B,13.34%,$0.68B,$0.06B,8.80%,$0.68B,$0.04B,5.28%,$0.04B,$0.32B,11.71%,$0.04B,$0.24B,16.16%,$0.04B,$0.63B,5.99%,$0.07B,$0.32B,21.14%,$204,$53,$151,$32,$82,$168,$37,$-0,$36,$16,$21,$21,$21,$45,$37,$77,79,$0.27,$0.26,$219,$0,$11,$446,$31,$0,$80,$4,$181,$628,$267,$0,$22,$38,$305,$1,$180,$-4,$323,$628,$36,$25,$33,$58,$-62,$0,$0,$16,$-27,$68,$-11,$0,$-2,$-32,$0,$-32,$0,$-44,$0,$0,$0,$-31,$-31,$-9,$0,$-41,$-22,$30,$-9
12,2015-09-30,24.4,$3.99,6.12,$8.21,2.97,$2.45,9.95,$0.46,53.04,$0.39B,$0.22B,1.75,$0.00B,$0.31B,0.0,$0.65B,$0.44B,68.16%,$0.65B,$0.06B,8.96%,$0.65B,$0.06B,8.96%,$0.65B,$0.08B,12.98%,$0.65B,$0.05B,8.19%,$0.65B,$0.04B,5.41%,$0.04B,$0.31B,11.65%,$0.04B,$0.22B,16.47%,$0.04B,$0.58B,5.92%,$0.06B,$0.31B,19.30%,$162,$55,$107,$33,$63,$152,$11,$-0,$10,$4,$6,$6,$6,$17,$11,$77,79,$0.08,$0.08,$224,$0,$12,$393,$32,$0,$83,$4,$191,$584,$224,$0,$41,$55,$279,$1,$162,$-3,$305,$584,$15,$18,$21,$38,$22,$0,$0,$-8,$1,$55,$-10,$0,$-2,$-31,$0,$-31,$0,$-43,$0,$0,$0,$-23,$-23,$-7,$5,$-26,$-17,$23,$-7
13,2015-06-30,22.67,$3.96,5.72,$7.91,2.86,$3.06,7.41,$0.40,56.66,$0.40B,$0.23B,1.73,$0.00B,$0.30B,0.0,$0.62B,$0.43B,68.22%,$0.62B,$0.05B,8.35%,$0.62B,$0.05B,8.35%,$0.62B,$0.08B,12.52%,$0.62B,$0.05B,7.22%,$0.62B,$0.03B,4.98%,$0.03B,$0.30B,10.55%,$0.03B,$0.22B,15.25%,$0.03B,$0.59B,5.33%,$0.05B,$0.30B,17.70%,$162,$55,$107,$31,$71,$157,$5,$-1,$5,$1,$3,$3,$3,$11,$5,$77,79,$0.04,$0.04,$227,$0,$13,$396,$34,$0,$86,$3,$194,$590,$229,$0,$42,$58,$287,$1,$157,$-2,$304,$590,$9,$11,$16,$27,$17,$0,$0,$2,$4,$39,$-7,$0,$-1,$-10,$0,$-10,$0,$-18,$0,$0,$0,$-11,$-11,$-5,$2,$-13,$6,$15,$-5
14,2015-03-31,21.51,$3.89,5.53,$7.69,2.8,$3.56,6.04,$0.38,56.6,$0.41B,$0.24B,1.68,$0.00B,$0.30B,0.0,$0.60B,$0.41B,68.54%,$0.60B,$0.05B,8.11%,$0.60B,$0.05B,8.11%,$0.60B,$0.08B,12.42%,$0.60B,$0.04B,6.95%,$0.60B,$0.03B,4.97%,$0.03B,$0.30B,10.42%,$0.03B,$0.21B,15.27%,$0.03B,$0.60B,5.25%,$0.05B,$0.30B,17.01%,$154,$50,$104,$30,$62,$142,$12,$-3,$9,$3,$6,$6,$6,$18,$12,$76,79,$0.08,$0.08,$225,$0,$13,$408,$31,$0,$89,$3,$193,$601,$243,$0,$42,$60,$303,$1,$157,$-4,$298,$601,$6,$6,$9,$14,$-0,$0,$0,$34,$7,$28,$-3,$0,$-1,$-2,$0,$-2,$0,$-5,$0,$0,$0,$-5,$-5,$-2,$1,$-6,$13,$6,$-2
15,2014-12-31,20.51,$3.86,5.31,$7.51,2.73,$4.16,4.93,$0.42,48.84,$0.39B,$0.23B,1.71,$0.00B,$0.30B,0.0,$0.59B,$0.41B,68.64%,$0.59B,$0.05B,8.81%,$0.59B,$0.05B,8.81%,$0.59B,$0.08B,13.05%,$0.59B,$0.05B,8.14%,$0.59B,$0.03B,5.76%,$0.03B,$0.30B,12.00%,$0.03B,$0.20B,17.75%,$0.03B,$0.59B,6.13%,$0.05B,$0.30B,18.36%,$169,$46,$123,$28,$65,$139,$30,$-1,$29,$9,$20,$20,$20,$38,$30,$76,79,$0.27,$0.26,$211,$0,$10,$393,$30,$0,$93,$3,$195,$588,$230,$0,$43,$63,$293,$1,$153,$-1,$295,$588,$33,$25,$8,$34,$6,$0,$0,$14,$36,$103,$-11,$0,$-4,$-22,$0,$-22,$0,$-38,$0,$0,$0,$-21,$-21,$-7,$0,$-27,$34,$19,$-7
16,2014-09-30,18.84,$3.64,5.17,$7.33,2.57,$3.96,4.76,$0.36,52.35,$0.37B,$0.21B,1.73,$0.00B,$0.28B,0.0,$0.57B,$0.39B,68.29%,$0.57B,$0.05B,8.01%,$0.57B,$0.05B,8.01%,$0.57B,$0.07B,12.37%,$0.57B,$0.04B,7.49%,$0.57B,$0.03B,5.23%,$0.03B,$0.28B,10.81%,$0.03B,$0.19B,16.30%,$0.03B,$0.55B,5.54%,$0.05B,$0.28B,16.58%,$138,$46,$91,$29,$57,$133,$5,$-3,$2,$0,$2,$2,$2,$11,$5,$76,79,$0.02,$0.02,$229,$0,$10,$366,$29,$0,$93,$3,$183,$549,$212,$0,$38,$59,$271,$1,$135,$2,$278,$549,$13,$17,$12,$29,$59,$0,$0,$3,$56,$98,$-6,$0,$-3,$-14,$0,$-14,$0,$-22,$0,$0,$0,$-17,$-17,$-5,$4,$-17,$56,$14,$-5
17,2014-06-30,20.8,$3.67,5.66,$7.14,2.91,$3.80,5.48,$0.45,46.21,$0.36B,$0.20B,1.81,$0.00B,$0.28B,0.0,$0.56B,$0.39B,69.00%,$0.56B,$0.06B,9.86%,$0.56B,$0.06B,9.86%,$0.56B,$0.08B,14.16%,$0.56B,$0.05B,9.68%,$0.56B,$0.04B,6.63%,$0.04B,$0.28B,13.62%,$0.04B,$0.19B,20.11%,$0.04B,$0.55B,7.15%,$0.06B,$0.28B,20.24%,$143,$47,$96,$27,$67,$141,$2,$0,$2,$1,$2,$2,$2,$8,$2,$76,78,$0.02,$0.02,$216,$0,$9,$364,$27,$0,$91,$3,$182,$546,$201,$0,$39,$64,$265,$1,$136,$5,$281,$546,$11,$11,$5,$17,$51,$0,$0,$-1,$46,$74,$-3,$0,$-2,$-14,$0,$-14,$0,$-18,$0,$0,$0,$-12,$-12,$-2,$3,$-11,$47,$8,$-2
18,2014-03-31,17.35,$3.65,4.75,$6.83,2.54,$3.69,4.7,$0.49,35.41,$0.35B,$0.19B,1.88,$0.00B,$0.28B,0.0,$0.53B,$0.37B,69.17%,$0.53B,$0.06B,11.28%,$0.53B,$0.06B,11.28%,$0.53B,$0.08B,15.60%,$0.53B,$0.06B,11.09%,$0.53B,$0.04B,7.52%,$0.04B,$0.28B,15.24%,$0.04B,$0.19B,22.32%,$0.04B,$0.54B,8.13%,$0.06B,$0.28B,22.86%,$140,$46,$95,$25,$55,$126,$15,$-0,$15,$5,$10,$10,$10,$20,$15,$76,79,$0.13,$0.12,$221,$0,$9,$354,$28,$0,$90,$3,$182,$536,$188,$0,$39,$69,$257,$1,$136,$4,$279,$536,$10,$6,$2,$8,$57,$0,$0,$18,$55,$73,$-1,$0,$-1,$-1,$0,$-1,$0,$-3,$0,$0,$0,$-6,$-6,$-1,$1,$-7,$64,$3,$-1
19,2013-12-31,24.16,$3.56,6.78,$6.54,3.69,$3.62,6.68,$0.49,49.81,$0.35B,$0.19B,1.83,$0.00B,$0.27B,0.0,$0.51B,$0.35B,69.29%,$0.51B,$0.06B,11.42%,$0.51B,$0.06B,11.42%,$0.51B,$0.08B,15.94%,$0.51B,$0.06B,11.02%,$0.51B,$0.04B,7.68%,$0.04B,$0.27B,15.42%,$0.04B,$0.17B,22.51%,$0.04B,$0.54B,8.38%,$0.06B,$0.27B,22.92%,$153,$44,$110,$21,$62,$129,$24,$0,$24,$9,$16,$16,$16,$32,$24,$76,78,$0.21,$0.20,$157,$0,$9,$348,$29,$0,$100,$3,$188,$536,$190,$0,$40,$74,$265,$1,$128,$4,$272,$536,$38,$22,$3,$25,$-28,$0,$0,$34,$18,$81,$-6,$0,$-26,$-33,$0,$-33,$0,$-64,$0,$0,$0,$-18,$-18,$-3,$6,$-15,$3,$13,$-3
20,2013-09-30,19.54,$3.36,5.82,$6.42,3.04,$2.91,6.71,$0.55,35.53,$0.30B,$0.15B,2.05,$0.00B,$0.26B,0.0,$0.50B,$0.35B,69.74%,$0.50B,$0.06B,12.42%,$0.50B,$0.06B,12.42%,$0.50B,$0.08B,16.63%,$0.50B,$0.06B,12.02%,$0.50B,$0.04B,8.62%,$0.04B,$0.26B,17.62%,$0.04B,$0.19B,25.33%,$0.04B,$0.45B,9.75%,$0.06B,$0.26B,25.41%,$122,$38,$84,$20,$50,$108,$14,$-0,$13,$5,$9,$9,$9,$19,$14,$76,78,$0.11,$0.11,$188,$0,$7,$300,$29,$0,$70,$2,$151,$451,$147,$0,$31,$49,$196,$0,$113,$3,$255,$451,$22,$14,$11,$25,$43,$0,$0,$-4,$36,$83,$-4,$0,$0,$-36,$0,$-36,$0,$-40,$0,$0,$0,$-12,$-12,$-2,$3,$-12,$31,$10,$-2
21,2013-06-30,16.25,$3.22,5.05,$6.20,2.62,$1.99,8.16,$0.44,37.35,$0.29B,$0.15B,1.95,$0.00B,$0.24B,0.0,$0.48B,$0.33B,68.48%,$0.48B,$0.05B,10.02%,$0.48B,$0.05B,10.02%,$0.48B,$0.07B,14.41%,$0.48B,$0.05B,9.81%,$0.48B,$0.03B,7.10%,$0.03B,$0.24B,14.56%,$0.03B,$0.17B,21.73%,$0.03B,$0.45B,8.04%,$0.05B,$0.24B,20.56%,$117,$38,$79,$20,$53,$110,$7,$-0,$7,$2,$5,$5,$5,$12,$7,$76,77,$0.06,$0.06,$174,$0,$6,$292,$29,$0,$73,$2,$154,$446,$150,$0,$31,$51,$202,$0,$106,$1,$244,$446,$14,$9,$9,$19,$37,$0,$0,$6,$32,$64,$-2,$0,$0,$-24,$0,$-24,$0,$-26,$0,$0,$0,$-9,$-9,$-1,$2,$-9,$26,$7,$-1
22,2013-03-31,13.76,$3.18,4.33,$6.08,2.26,$1.16,11.9,$0.35,39.89,$0.27B,$0.14B,1.93,$0.00B,$0.24B,0.0,$0.47B,$0.31B,67.24%,$0.47B,$0.04B,8.14%,$0.47B,$0.04B,8.14%,$0.47B,$0.06B,12.63%,$0.47B,$0.04B,7.92%,$0.47B,$0.03B,5.78%,$0.03B,$0.24B,11.97%,$0.03B,$0.17B,18.56%,$0.03B,$0.43B,6.65%,$0.04B,$0.24B,16.85%,$116,$38,$79,$20,$46,$103,$13,$-1,$12,$3,$9,$9,$9,$18,$13,$76,78,$0.12,$0.12,$181,$0,$6,$272,$30,$0,$76,$2,$156,$429,$141,$0,$30,$46,$187,$0,$102,$1,$241,$429,$9,$5,$6,$11,$62,$0,$0,$7,$46,$66,$-1,$0,$0,$-12,$0,$-12,$0,$-13,$0,$0,$0,$-5,$-5,$0,$1,$-4,$46,$3,$0
23,2012-12-31,11.1,$3.12,3.56,$6.01,1.85,$0.04,302.57,$0.28,39.66,$0.28B,$0.16B,1.8,$0.00B,$0.24B,0.0,$0.46B,$0.31B,66.02%,$0.46B,$0.03B,6.71%,$0.46B,$0.03B,6.71%,$0.46B,$0.05B,11.26%,$0.46B,$0.03B,6.71%,$0.46B,$0.02B,4.76%,$0.02B,$0.24B,10.05%,$0.02B,$0.16B,16.15%,$0.02B,$0.44B,5.62%,$0.03B,$0.24B,14.16%,$144,$38,$106,$19,$59,$116,$28,$0,$28,$8,$20,$20,$20,$34,$28,$76,78,$0.27,$0.27,$123,$0,$5,$279,$31,$0,$79,$2,$160,$439,$155,$0,$29,$48,$203,$0,$94,$3,$236,$439,$22,$20,$2,$22,$-34,$0,$0,$35,$-0,$44,$-24,$0,$0,$4,$0,$4,$0,$-19,$0,$0,$0,$-8,$-8,$-6,$6,$-8,$17,$12,$-6
24,2012-09-30,14.2,$2.81,5.05,$5.62,2.53,$0.16,88.63,$-0.01,0.0,$0.22B,$0.12B,1.78,$0.00B,$0.21B,0.0,$0.43B,$0.27B,62.82%,$0.43B,$0.01B,1.62%,$0.43B,$0.01B,1.62%,$0.43B,$0.03B,6.24%,$0.43B,$0.01B,1.39%,$0.43B,0,0.00%,$0.00B,$0.21B,0.00%,$0.00B,$0.13B,0.00%,$0.00B,$0.38B,0.00%,$0.01B,$0.21B,3.30%,$102,$38,$64,$20,$44,$101,$0,$-0,$0,$0,$-0,$-0,$-0,$5,$0,$76,76,$-0.01,$-0.01,$111,$0,$6,$219,$31,$0,$81,$2,$158,$377,$123,$0,$24,$41,$164,$0,$75,$3,$213,$377,$1,$14,$9,$23,$19,$0,$0,$8,$5,$29,$-22,$0,$0,$5,$0,$5,$0,$-17,$0,$0,$0,$-7,$-7,$-3,$3,$-7,$6,$9,$-3
25,2012-06-30,16.11,$2.79,5.77,$5.51,2.93,$0.25,64.0,$0.06,268.47,$0.22B,$0.14B,1.64,$0.00B,$0.21B,0.0,$0.43B,$0.26B,61.36%,$0.43B,$0.01B,1.17%,$0.43B,$0.01B,1.17%,$0.43B,$0.02B,5.62%,$0.43B,$0.00B,0.94%,$0.43B,$0.01B,1.17%,$0.01B,$0.21B,2.36%,$0.01B,$0.13B,4.06%,$0.01B,$0.38B,1.35%,$0.01B,$0.21B,2.36%,$105,$40,$65,$19,$49,$108,$-3,$-0,$-3,$-1,$-2,$-2,$-2,$2,$-3,$76,76,$-0.03,$-0.03,$103,$0,$6,$221,$28,$0,$84,$2,$158,$379,$135,$0,$20,$32,$167,$0,$77,$2,$212,$379,$2,$9,$6,$15,$6,$0,$0,$4,$-5,$13,$-15,$0,$0,$2,$0,$2,$0,$-13,$0,$0,$0,$-5,$-5,$-2,$2,$-5,$-6,$6,$-2
26,2012-03-31,18.62,$2.84,6.56,$5.45,3.42,$0.46,40.52,$0.12,155.17,$0.22B,$0.13B,1.74,$0.00B,$0.22B,0.0,$0.43B,$0.26B,61.03%,$0.43B,$0.01B,2.58%,$0.43B,$0.01B,2.58%,$0.43B,$0.03B,6.81%,$0.43B,$0.01B,2.35%,$0.43B,$0.01B,2.11%,$0.01B,$0.22B,4.27%,$0.01B,$0.13B,7.55%,$0.01B,$0.37B,2.45%,$0.01B,$0.22B,5.22%,$111,$42,$70,$19,$45,$105,$6,$0,$6,$2,$4,$4,$4,$11,$6,$76,78,$0.06,$0.05,$88,$0,$6,$219,$19,$0,$87,$3,$152,$371,$126,$0,$17,$30,$156,$0,$80,$3,$215,$371,$4,$5,$4,$8,$-8,$0,$0,$4,$-30,$-18,$-4,$0,$0,$-4,$0,$-4,$0,$-8,$0,$0,$0,$-3,$-3,$-1,$2,$-2,$-27,$3,$-1
27,2011-12-31,14.33,$2.77,5.18,$5.34,2.68,$0.62,22.96,$0.13,110.27,$0.23B,$0.14B,1.63,$0.00B,$0.21B,0.0,$0.42B,$0.25B,60.43%,$0.42B,$0.01B,2.64%,$0.42B,$0.01B,2.64%,$0.42B,$0.03B,6.71%,$0.42B,$0.01B,2.64%,$0.42B,$0.01B,2.40%,$0.01B,$0.21B,4.82%,$0.01B,$0.12B,8.83%,$0.01B,$0.38B,2.76%,$0.01B,$0.21B,5.30%,$115,$43,$73,$18,$51,$112,$4,$-0,$3,$5,$-2,$-2,$-2,$9,$4,$75,79,$-0.03,$-0.03,$111,$0,$5,$232,$14,$0,$90,$2,$150,$382,$142,$0,$15,$31,$173,$0,$77,$2,$209,$382,$10,$18,$-10,$8,$-18,$0,$0,$21,$22,$40,$-10,$0,$0,$-36,$0,$-36,$0,$-45,$0,$0,$0,$-8,$-8,$-4,$7,$-6,$-11,$9,$-4
28,2011-09-30,14.91,$2.81,5.31,$5.08,2.93,$0.41,35.93,$0.09,165.66,$0.21B,$0.12B,1.81,$0.00B,$0.21B,0.0,$0.39B,$0.23B,59.34%,$0.39B,$0.00B,0.77%,$0.39B,$0.00B,0.77%,$0.39B,$0.02B,5.37%,$0.39B,$0.00B,0.77%,$0.39B,$0.01B,1.79%,$0.01B,$0.21B,3.43%,$0.01B,$0.12B,6.53%,$0.01B,$0.35B,1.99%,$0.00B,$0.21B,1.47%,$96,$42,$54,$16,$40,$98,$-2,$-0,$-2,$-7,$5,$5,$5,$2,$-2,$75,78,$0.07,$0.07,$98,$0,$8,$211,$12,$0,$93,$2,$139,$350,$117,$0,$6,$22,$138,$0,$80,$2,$212,$350,$12,$13,$2,$15,$2,$0,$0,$4,$-7,$20,$-5,$0,$0,$-31,$0,$-31,$0,$-36,$0,$0,$0,$-7,$-7,$-3,$7,$-4,$-20,$7,$-3
29,2011-06-30,22.65,$2.75,8.23,$5.02,4.51,$0.05,435.61,$0.07,348.49,$0.22B,$0.13B,1.68,$0.00B,$0.21B,0.0,$0.39B,$0.23B,60.52%,$0.39B,$0.01B,1.82%,$0.39B,$0.01B,1.82%,$0.39B,$0.02B,6.23%,$0.39B,$0.01B,2.34%,$0.39B,$0.01B,1.30%,$0.01B,$0.21B,2.47%,$0.01B,$0.11B,4.88%,$0.01B,$0.36B,1.45%,$0.01B,$0.21B,3.46%,$104,$40,$63,$16,$44,$100,$3,$0,$3,$1,$2,$2,$2,$7,$3,$75,78,$0.03,$0.03,$100,$0,$6,$220,$12,$0,$95,$3,$144,$364,$131,$0,$9,$26,$158,$0,$76,$3,$207,$364,$7,$8,$1,$9,$-16,$0,$0,$18,$1,$17,$-4,$0,$0,$-17,$0,$-17,$0,$-20,$0,$0,$0,$-4,$-4,$-2,$4,$-2,$-4,$4,$-2
30,2011-03-31,18.46,$2.71,6.83,$4.80,3.85,$-0.26,0.0,$-0.08,0.0,$0.21B,$0.13B,1.64,$0.00B,$0.20B,0.0,$0.36B,$0.22B,60.88%,$0.36B,$-0.01B,-1.38%,$0.36B,$-0.01B,-1.38%,$0.36B,$0.01B,2.75%,$0.36B,$-0.01B,-1.65%,$0.36B,$-0.01B,-1.38%,$-0.01B,$0.20B,-2.48%,$-0.01B,$0.10B,-5.52%,$-0.01B,$0.35B,-1.50%,$-0.01B,$0.20B,-2.48%,$102,$40,$62,$15,$41,$97,$6,$1,$7,$2,$5,$5,$5,$10,$6,$75,78,$0.07,$0.06,$77,$0,$8,$209,$11,$0,$98,$3,$146,$354,$127,$0,$9,$25,$152,$0,$75,$3,$202,$354,$5,$4,$2,$6,$-28,$0,$0,$17,$-19,$-8,$-1,$0,$0,$-4,$0,$-4,$0,$-5,$0,$0,$0,$-2,$-2,$-1,$1,$-2,$-15,$3,$-1
31,2010-12-31,17.8,$2.63,6.78,$4.45,4.0,$-0.10,0.0,$-0.09,0.0,$0.19B,$0.12B,1.64,$0.00B,$0.20B,0.0,$0.34B,$0.21B,61.90%,$0.34B,$-0.00B,-0.60%,$0.34B,$-0.00B,-0.60%,$0.34B,$0.01B,2.98%,$0.34B,$-0.01B,-2.08%,$0.34B,$-0.01B,-1.79%,$-0.01B,$0.20B,-2.96%,$-0.01B,$0.10B,-5.18%,$-0.01B,$0.34B,-1.90%,$-0.00B,$0.20B,-0.99%,$89,$36,$53,$15,$40,$93,$-4,$-1,$-5,$-0,$-5,$-5,$-5,$2,$-4,$74,74,$-0.06,$-0.06,$87,$0,$7,$189,$11,$0,$101,$3,$149,$337,$115,$0,$9,$27,$142,$0,$71,$1,$196,$337,$-6,$13,$5,$18,$-23,$0,$0,$27,$6,$18,$-6,$0,$-109,$122,$0,$122,$-0,$7,$0,$0,$0,$-13,$-13,$-4,$4,$-13,$7,$7,$-4
32,2010-09-30,15.07,$2.77,5.44,$4.20,3.58,$0.30,50.25,$0.06,251.24,$0.17B,$0.10B,1.64,$0.00B,$0.21B,0.0,$0.32B,$0.20B,63.44%,$0.32B,$0.01B,3.75%,$0.32B,$0.01B,3.75%,$0.32B,$0.02B,6.25%,$0.32B,$0.01B,2.81%,$0.32B,$0.01B,1.56%,$0.01B,$0.21B,2.44%,$0.01B,$0.10B,3.51%,$0.01B,$0.32B,1.66%,$0.01B,$0.21B,5.85%,$90,$35,$55,$15,$38,$88,$2,$2,$4,$1,$3,$3,$3,$5,$2,$74,77,$0.04,$0.04,$69,$0,$0,$171,$11,$0,$105,$2,$150,$321,$104,$0,$11,$11,$116,$127,$79,$0,$205,$321,$-1,$7,$2,$9,$-20,$0,$0,$4,$-17,$-10,$-4,$0,$-109,$122,$0,$122,$-0,$9,$0,$0,$0,$-9,$-9,$-3,$5,$-7,$-11,$5,$-3
33,2010-06-30,15.57,$2.73,5.7,$3.88,4.01,$0.93,16.69,$0.10,155.73,$0.16B,$0.10B,1.61,$0.00B,$0.20B,0.0,$0.30B,$0.19B,64.07%,$0.30B,$0.02B,5.76%,$0.30B,$0.02B,5.76%,$0.30B,$0.02B,8.14%,$0.30B,$0.01B,4.75%,$0.30B,$0.01B,2.71%,$0.01B,$0.20B,3.92%,$0.01B,$0.06B,4.79%,$0.01B,$0.32B,2.79%,$0.02B,$0.20B,8.32%,$82,$31,$51,$14,$37,$91,$-9,$-2,$-12,$-3,$-8,$-8,$-8,$-7,$-9,$74,74,$-0.11,$-0.11,$74,$0,$0,$163,$11,$0,$140,$0,$155,$319,$101,$0,$14,$14,$116,$128,$75,$0,$203,$319,$-4,$4,$3,$6,$-12,$0,$0,$7,$-8,$-6,$-3,$0,$-109,$127,$0,$127,$-0,$15,$0,$0,$0,$-6,$-6,$-2,$6,$-3,$-1,$4,$-2
34,2010-03-31,17.93,$2.81,6.38,$3.61,4.97,$1.43,12.55,$0.36,49.8,$0.26B,$0.07B,3.78,$0.00B,$0.21B,0.0,$0.28B,$0.18B,64.98%,$0.28B,$0.04B,13.72%,$0.28B,$0.04B,13.72%,$0.28B,$0.04B,15.88%,$0.28B,$0.04B,15.16%,$0.28B,$0.03B,9.75%,$0.03B,$0.21B,13.38%,$0.03B,$0.21B,13.58%,$0.03B,$0.28B,9.92%,$0.04B,$0.21B,18.84%,$75,$26,$49,$12,$27,$67,$9,$-2,$6,$2,$4,$4,$4,$10,$9,$74,77,$0.05,$0.05,$202,$0,$0,$259,$10,$0,$3,$0,$24,$283,$69,$0,$7,$7,$75,$123,$85,$0,$208,$283,$4,$2,$-2,$-1,$-3,$0,$0,$10,$1,$5,$-2,$0,$0,$137,$0,$137,$-0,$134,$0,$0,$0,$-4,$-4,$-1,$4,$-2,$137,$1,$-1
35,2009-12-31,16.46,$2.79,5.91,$3.47,4.74,$1.56,10.54,$0.43,38.73,$0.26B,$0.07B,3.79,$0.00B,$0.21B,0.0,$0.26B,$0.17B,65.53%,$0.26B,$0.04B,15.53%,$0.26B,$0.04B,15.53%,$0.26B,$0.05B,18.18%,$0.26B,$0.05B,18.18%,$0.26B,$0.03B,12.12%,$0.03B,$0.21B,16.49%,$0.03B,$0.20B,16.75%,$0.03B,$0.28B,12.06%,$0.04B,$0.21B,21.13%,$73,$25,$48,$11,$27,$63,$10,$1,$11,$4,$6,$6,$6,$12,$10,$72,76,$0.09,$0.08,$203,$0,$4,$256,$9,$0,$3,$1,$23,$280,$68,$0,$7,$7,$74,$0,$82,$2,$205,$280,$32,$7,$-9,$-3,$6,$0,$0,$2,$20,$50,$-6,$0,$0,$-12,$0,$-12,$0,$-18,$0,$0,$0,$-16,$-16,$-4,$15,$-5,$28,$5,$-4
36,2009-09-30,16.7,$2.74,6.09,$3.31,5.05,$1.45,11.55,$0.39,43.39,$0.24B,$0.06B,4.22,$0.00B,$0.20B,0.0,$0.25B,$0.16B,65.20%,$0.25B,$0.04B,14.80%,$0.25B,$0.04B,14.80%,$0.25B,$0.04B,17.60%,$0.25B,$0.04B,16.80%,$0.25B,$0.03B,11.60%,$0.03B,$0.20B,15.59%,$0.03B,$0.20B,15.85%,$0.03B,$0.27B,11.30%,$0.04B,$0.20B,19.89%,$65,$24,$41,$10,$23,$57,$7,$1,$9,$3,$6,$6,$6,$9,$7,$73,77,$0.08,$0.08,$198,$0,$0,$244,$7,$0,$3,$0,$22,$266,$58,$0,$7,$7,$65,$123,$78,$0,$201,$266,$26,$5,$-12,$-7,$15,$0,$0,$-0,$20,$39,$-4,$0,$0,$-14,$0,$-14,$0,$-18,$0,$0,$0,$-13,$-13,$-3,$14,$-2,$20,$4,$-3
37,2009-06-30,12.75,$2.65,4.81,$3.15,4.04,$1.39,9.2,$0.34,38.06,$0.24B,$0.06B,3.99,$0.00B,$0.19B,0.0,$0.24B,$0.15B,64.71%,$0.24B,$0.03B,13.87%,$0.24B,$0.03B,13.87%,$0.24B,$0.04B,16.81%,$0.24B,$0.04B,15.13%,$0.24B,$0.03B,10.50%,$0.03B,$0.19B,13.91%,$0.03B,$0.19B,14.12%,$0.03B,$0.26B,9.98%,$0.03B,$0.19B,18.36%,$64,$22,$42,$9,$21,$52,$12,$4,$16,$4,$11,$11,$11,$13,$12,$72,76,$0.16,$0.15,$190,$0,$0,$238,$6,$0,$3,$0,$22,$260,$60,$0,$8,$8,$68,$0,$72,$2,$193,$260,$20,$3,$-8,$-5,$10,$0,$0,$7,$15,$29,$-2,$0,$0,$-11,$0,$-11,$0,$-13,$0,$0,$0,$-12,$-12,$-2,$10,$-4,$14,$3,$-2
38,2009-03-31,8.97,$2.48,3.61,$2.99,3.0,$1.41,6.35,$0.23,39.85,$0.23B,$0.07B,3.32,$0.00B,$0.18B,0.0,$0.23B,$0.14B,63.11%,$0.23B,$0.02B,10.67%,$0.23B,$0.02B,10.67%,$0.23B,$0.03B,13.33%,$0.23B,$0.02B,10.67%,$0.23B,$0.02B,7.56%,$0.02B,$0.18B,9.66%,$0.02B,$0.17B,9.80%,$0.02B,$0.26B,6.87%,$0.02B,$0.18B,13.64%,$62,$21,$42,$9,$20,$50,$12,$0,$12,$4,$9,$9,$9,$14,$12,$71,75,$0.12,$0.12,$173,$0,$4,$233,$6,$0,$3,$0,$22,$255,$70,$0,$8,$8,$78,$0,$62,$1,$177,$255,$9,$2,$-1,$0,$-3,$0,$0,$13,$5,$14,$-1,$0,$0,$-5,$0,$-5,$0,$-6,$0,$0,$0,$-7,$-7,$-1,$2,$-6,$2,$2,$-1
39,2008-12-31,5.96,$2.42,2.46,$2.80,2.12,$1.42,4.19,$0.15,39.72,$0.22B,$0.07B,3.45,$0.00B,$0.17B,0.0,$0.21B,$0.13B,61.14%,$0.21B,$0.01B,6.64%,$0.21B,$0.01B,6.64%,$0.21B,$0.02B,9.00%,$0.21B,$0.02B,7.58%,$0.21B,$0.01B,5.21%,$0.01B,$0.17B,6.28%,$0.01B,$0.17B,6.36%,$0.01B,$0.25B,4.49%,$0.01B,$0.17B,7.99%,$59,$21,$38,$9,$24,$53,$6,$-2,$5,$2,$3,$3,$3,$8,$6,$72,75,$0.04,$0.04,$167,$0,$4,$224,$6,$0,$3,$0,$22,$246,$65,$0,$8,$8,$73,$0,$54,$1,$173,$246,$11,$4,$-4,$1,$3,$0,$0,$16,$27,$38,$-4,$0,$-1,$-9,$0,$-9,$0,$-14,$0,$0,$0,$-12,$-12,$-4,$3,$-13,$9,$4,$-4
40,2008-09-30,6.21,$2.43,2.55,$2.64,2.35,$1.27,4.89,$0.13,47.75,$0.22B,$0.06B,3.85,$0.00B,$0.18B,0.0,$0.20B,$0.12B,59.30%,$0.20B,$0.01B,4.02%,$0.20B,$0.01B,4.02%,$0.20B,$0.01B,5.53%,$0.20B,$0.01B,6.53%,$0.20B,$0.01B,4.52%,$0.01B,$0.18B,5.14%,$0.01B,$0.17B,5.19%,$0.01B,$0.24B,3.68%,$0.01B,$0.18B,4.56%,$53,$21,$32,$8,$21,$49,$3,$-1,$3,$0,$2,$2,$2,$5,$3,$73,76,$0.03,$0.03,$171,$0,$9,$219,$5,$0,$2,$0,$21,$241,$57,$0,$8,$8,$65,$0,$52,$1,$176,$241,$8,$3,$-1,$1,$13,$0,$0,$10,$24,$33,$-3,$0,$-1,$-9,$0,$-9,$0,$-12,$0,$0,$0,$-5,$-5,$-3,$3,$-6,$14,$3,$-3
41,2008-06-30,6.46,$2.45,2.63,$2.50,2.59,$1.08,5.99,$0.15,44.53,$0.23B,$0.06B,3.67,$0.00B,$0.18B,0.0,$0.19B,$0.11B,59.57%,$0.19B,$0.01B,4.26%,$0.19B,$0.01B,4.26%,$0.19B,$0.01B,5.32%,$0.19B,$0.02B,7.98%,$0.19B,$0.01B,5.85%,$0.01B,$0.18B,6.29%,$0.01B,$0.18B,6.38%,$0.01B,$0.25B,4.57%,$0.01B,$0.18B,4.58%,$51,$21,$30,$8,$20,$49,$3,$1,$4,$1,$3,$3,$3,$3,$3,$73,76,$0.04,$0.04,$177,$0,$8,$226,$4,$0,$2,$0,$22,$248,$62,$0,$8,$8,$69,$0,$51,$2,$178,$248,$6,$1,$-1,$1,$14,$0,$0,$17,$24,$30,$-1,$0,$-1,$-25,$0,$-25,$0,$-27,$0,$0,$0,$-1,$-1,$-2,$2,$-1,$3,$2,$-2
42,2008-03-31,4.61,$2.42,1.9,$2.29,2.01,$0.82,5.64,$0.12,40.08,$0.23B,$0.06B,3.5,$0.00B,$0.17B,0.0,$0.17B,$0.10B,59.54%,$0.17B,$0.00B,2.31%,$0.17B,$0.00B,2.31%,$0.17B,$0.01B,4.05%,$0.17B,$0.01B,6.94%,$0.17B,$0.01B,5.20%,$0.01B,$0.17B,5.19%,$0.01B,$0.17B,5.28%,$0.01B,$0.25B,3.83%,$0.00B,$0.17B,2.31%,$48,$20,$29,$7,$20,$46,$2,$2,$4,$1,$3,$3,$3,$3,$2,$72,75,$0.04,$0.04,$161,$0,$7,$225,$4,$0,$2,$0,$22,$246,$64,$0,$8,$8,$72,$0,$49,$2,$174,$246,$3,$1,$-1,$-0,$10,$0,$0,$8,$11,$14,$-0,$0,$-1,$-17,$0,$-17,$0,$-19,$0,$0,$0,$-2,$-2,$-1,$1,$-2,$-7,$1,$-1
43,2007-12-31,5.69,$2.39,2.38,$2.14,2.66,$0.72,7.91,$0.09,63.23,$0.22B,$0.06B,3.54,$0.00B,$0.17B,0.0,$0.16B,$0.10B,59.26%,$0.16B,$0.00B,1.23%,$0.16B,$0.00B,1.23%,$0.16B,$0.00B,2.47%,$0.16B,$0.01B,6.17%,$0.16B,$0.01B,4.32%,$0.01B,$0.17B,4.09%,$0.01B,$0.17B,4.17%,$0.01B,$0.24B,3.07%,$0.00B,$0.17B,1.17%,$47,$20,$27,$7,$20,$47,$0,$2,$2,$1,$1,$1,$1,$0,$0,$72,75,$0.02,$0.02,$150,$0,$5,$222,$4,$0,$2,$0,$21,$243,$63,$0,$8,$8,$70,$0,$47,$2,$173,$243,$7,$2,$-1,$2,$-14,$0,$0,$26,$17,$25,$-3,$0,$0,$-22,$0,$-22,$0,$-25,$-0,$0,$-0,$2,$2,$-4,$2,$-0,$1,$2,$-4
44,2007-09-30,5.66,$2.40,2.36,$2.00,2.84,$0.65,8.7,$0.12,49.24,$0.20B,$0.04B,4.99,$0.00B,$0.17B,0.0,$0.15B,$0.09B,60.93%,$0.15B,$0.00B,1.99%,$0.15B,$0.00B,1.99%,$0.15B,$0.01B,3.31%,$0.15B,$0.01B,7.28%,$0.15B,$0.01B,5.96%,$0.01B,$0.17B,5.31%,$0.01B,$0.17B,5.42%,$0.01B,$0.23B,4.08%,$0.00B,$0.17B,1.77%,$42,$16,$26,$7,$17,$39,$3,$2,$5,$2,$4,$4,$4,$4,$3,$72,77,$0.05,$0.05,$145,$0,$9,$204,$4,$0,$3,$0,$22,$226,$41,$0,$11,$11,$52,$0,$47,$2,$174,$226,$5,$2,$1,$3,$-1,$0,$0,$16,$10,$18,$-2,$0,$0,$-22,$0,$-22,$0,$-25,$-0,$0,$-0,$3,$3,$-3,$2,$2,$-4,$1,$-3
45,2007-06-30,5.19,$2.37,2.19,$1.93,2.69,$0.71,7.32,$0.07,79.81,$0.20B,$0.04B,4.82,$0.00B,$0.17B,0.0,$0.14B,$0.08B,58.74%,$0.14B,$-0.00B,-1.40%,$0.14B,$-0.00B,-1.40%,$0.14B,$-0.00B,-0.70%,$0.14B,$0.01B,4.20%,$0.14B,$0.01B,3.50%,$0.01B,$0.17B,3.00%,$0.01B,$0.17B,3.07%,$0.01B,$0.22B,2.32%,$-0.00B,$0.17B,-1.20%,$36,$14,$21,$6,$16,$37,$-1,$2,$1,$0,$1,$1,$1,$-0,$-1,$71,76,$0.01,$0.01,$141,$0,$8,$200,$3,$0,$3,$0,$25,$224,$41,$0,$11,$11,$53,$0,$45,$1,$172,$224,$2,$1,$0,$2,$-3,$0,$0,$19,$8,$11,$-2,$0,$0,$-26,$0,$-26,$0,$-27,$-0,$0,$-0,$5,$5,$-2,$1,$4,$-11,$1,$-2
46,2007-03-31,4.38,$2.34,1.87,$1.84,2.38,$0.77,5.68,$0.06,72.98,$0.19B,$0.04B,4.68,$0.00B,$0.17B,0.0,$0.13B,$0.08B,58.96%,$0.13B,$-0.00B,-2.99%,$0.13B,$-0.00B,-2.99%,$0.13B,$-0.00B,-2.24%,$0.13B,$0.00B,2.99%,$0.13B,$0.00B,2.99%,$0.00B,$0.17B,2.44%,$0.00B,$0.16B,2.49%,$0.00B,$0.22B,1.89%,$-0.00B,$0.17B,-2.44%,$37,$16,$22,$6,$16,$38,$-0,$2,$2,$1,$1,$1,$1,$0,$-0,$71,75,$0.02,$0.02,$133,$0,$7,$192,$3,$0,$3,$0,$26,$218,$41,$0,$11,$11,$52,$0,$45,$1,$166,$218,$1,$1,$0,$1,$-3,$0,$0,$15,$5,$7,$-1,$0,$0,$-7,$0,$-7,$0,$-8,$-0,$0,$-0,$0,$0,$-1,$0,$-1,$-2,$0,$-1
47,2006-12-31,4.64,$2.35,1.97,$1.75,2.65,$0.72,6.44,$0.03,185.68,$0.19B,$0.04B,4.4,$0.00B,$0.17B,0.0,$0.13B,$0.07B,57.14%,$0.13B,$-0.01B,-5.56%,$0.13B,$-0.01B,-5.56%,$0.13B,$-0.01B,-3.97%,$0.13B,$0.00B,0.79%,$0.13B,$0.00B,1.59%,$0.00B,$0.17B,1.22%,$0.00B,$0.16B,1.25%,$0.00B,$0.21B,0.96%,$-0.01B,$0.17B,-4.27%,$36,$13,$23,$6,$16,$35,$1,$2,$3,$-1,$3,$3,$3,$1,$1,$70,74,$0.05,$0.05,$128,$0,$9,$191,$2,$0,$3,$0,$23,$214,$43,$0,$2,$4,$48,$0,$47,$1,$166,$214,$2,$2,$-0,$2,$-5,$0,$0,$15,$16,$20,$-2,$0,$0,$-8,$0,$-8,$0,$-11,$-0,$0,$-0,$-3,$-3,$-2,$0,$-5,$5,$1,$-2
