,Date,Stock Price,Book Value per Share,Price to Book Ratio,TTM Sales per Share,Price to Sales Ratio,TTM FCF per Share,Price to FCF Ratio,TTM Net EPS,PE Ratio,Current Assets,Current Liabilities,Current Ratio,Long Term Debt,Shareholder's Equity_x,Debt to Equity Ratio,TTM Revenue_x,TTM Gross Profit,Gross Margin,TTM Revenue_y,TTM Operating Income,Operating Margin,TTM Revenue_x,TTM EBIT,EBIT Margin,TTM Revenue_y,TTM EBITDA,EBITDA Margin,TTM Revenue_x,TTM Pre-Tax Income,Pre-Tax Margin,TTM Revenue_y,TTM Net Income_x,Net Margin,TTM Net Income_y,Shareholder's Equity_y,Return on Equity,TTM Net Income_x,Tangible Equity,Return on Tangible Equity,TTM Net Income_y,Total Assets,Return on Assets,TTM Net Income,LT Investments & Debt,Return on Investment,revenue,cost-goods-sold,gross-profit,research-development-expenses,selling-general-administrative-expenses,operating-expenses,operating-income,total-non-operating-income-expense,pre-tax-income,total-provision-income-taxes,income-after-taxes,income-from-continuous-operations,net-income,ebitda,ebit,basic-shares-outstanding,shares-outstanding,eps-basic-net-earnings-per-share,eps-earnings-per-share-diluted,cash-on-hand,inventory,other-current-assets,total-current-assets,net-property-plant-equipment,long-term-investments,goodwill-intangible-assets-total,other-long-term-assets,total-long-term-assets,total-assets,total-current-liabilities,long-term-debt,other-non-current-liabilities,total-long-term-liabilities,total-liabilities,common-stock-net,retained-earnings-accumulated-deficit,comprehensive-income,total-share-holder-equity,total-liabilities-share-holders-equity,net-income-loss,total-depreciation-amortization-cash-flow,other-non-cash-items,total-non-cash-items,change-in-accounts-receivable,change-in-inventories,change-in-accounts-payable,change-in-assets-liabilities,total-change-in-assets-liabilities,cash-flow-from-operating-activities,net-change-in-property-plant-equipment,net-change-in-intangible-assets,net-acquisitions-divestitures,net-change-in-short-term-investments,net-change-in-long-term-investments,net-change-in-investments-total,investing-activities-other,cash-flow-from-investing-activities,net-long-term-debt,net-current-debt,debt-issuance-retirement-net-total,net-common-equity-issued-repurchased,net-total-equity-issued-repurchased,total-common-preferred-stock-dividends-paid,financial-activities-other,cash-flow-from-financial-activities,net-cash-flow,stock-based-compensation,common-stock-dividends-paid
0,2018-09-30,19.87,$22.27,0.89,$4.95,4.01,$3.62,5.5,$1.45,13.7,$0.24B,$0.44B,0.54,$2.13B,$2.19B,0.98,$0.48B,$0.09B,19.33%,$0.48B,$0.04B,7.48%,$0.48B,$0.04B,7.48%,$0.48B,$0.28B,58.84%,$0.48B,$-0.05B,-9.98%,$0.48B,$0.15B,30.77%,$0.15B,$2.19B,6.53%,$0.15B,$1.91B,7.34%,$0.15B,$5.37B,2.84%,$0.04B,$4.31B,0.84%,$118,$98,$20,$0,$14,$114,$4,$-33,$-29,$3,$-32,$-32,$-13,$73,$4,$97,97,$-0.13,$-0.13,$132,$0,$35,$240,$4110,$372,$278,$362,$5132,$5372,$441,$2130,$496,$2746,$3187,$1,$-13,$-16,$2185,$5372,$-46,$188,$52,$240,$-0,$0,$0,$44,$36,$230,$-129,$0,$-133,$0,$0,$0,$-82,$-344,$110,$173,$283,$0,$0,$-124,$-36,$124,$8,$4,$-124
1,2018-06-30,18.75,$22.77,0.82,$4.79,3.92,$3.89,4.82,$1.24,15.12,$0.55B,$0.61B,0.91,$1.92B,$2.23B,0.86,$0.46B,$0.07B,15.60%,$0.46B,$0.02B,3.96%,$0.46B,$0.02B,3.96%,$0.46B,$0.25B,55.38%,$0.46B,$-0.07B,-15.60%,$0.46B,$0.13B,28.79%,$0.13B,$2.23B,5.81%,$0.13B,$1.95B,6.41%,$0.13B,$5.28B,2.59%,$0.02B,$4.16B,0.43%,$140,$96,$44,$0,$13,$113,$27,$-24,$3,$4,$-2,$-2,$33,$87,$27,$97,97,$0.34,$0.34,$121,$0,$351,$551,$3797,$344,$284,$296,$4733,$5284,$609,$1924,$401,$2441,$3050,$1,$0,$-33,$2234,$5284,$-14,$119,$37,$156,$-10,$0,$0,$5,$-18,$124,$-32,$0,$-211,$0,$0,$0,$-53,$-296,$91,$201,$292,$0,$0,$-82,$-28,$182,$-7,$2,$-82
2,2018-03-31,16.91,$23.39,0.72,$4.59,3.68,$4.30,3.93,$1.06,15.95,$0.32B,$0.46B,0.68,$2.13B,$2.30B,0.93,$0.42B,$0.05B,11.35%,$0.42B,$-0.00B,-0.71%,$0.42B,$-0.00B,-0.71%,$0.42B,$0.22B,52.72%,$0.42B,$-0.08B,-19.86%,$0.42B,$0.11B,26.48%,$0.11B,$2.30B,5.02%,$0.11B,$2.00B,5.44%,$0.11B,$5.42B,2.32%,$-0.00B,$4.42B,-0.07%,$112,$97,$14,$0,$15,$112,$-0,$-6,$-6,$7,$-13,$-13,$136,$59,$-0,$97,106,$1.39,$1.32,$171,$0,$62,$315,$4341,$348,$296,$106,$5107,$5422,$461,$2128,$408,$2666,$3127,$1,$0,$-27,$2295,$5422,$-13,$59,$10,$69,$-6,$0,$0,$5,$-29,$28,$-61,$0,$-158,$0,$0,$0,$-52,$-271,$93,$248,$341,$0,$0,$-41,$-14,$286,$42,$1,$-41
3,2017-12-31,20.52,$23.99,0.86,$4.69,4.38,$5.11,4.02,$-0.20,0.0,$0.27B,$0.22B,1.25,$1.88B,$2.35B,0.8,$0.41B,$0.06B,15.05%,$0.41B,$0.01B,2.43%,$0.41B,$0.01B,2.43%,$0.41B,$0.23B,54.61%,$0.41B,$-0.07B,-17.23%,$0.41B,$-0.02B,-4.37%,$-0.02B,$2.35B,-0.85%,$-0.02B,$2.21B,-0.90%,$-0.02B,$4.74B,-0.40%,$0.01B,$4.23B,0.26%,$111,$95,$15,$0,$10,$105,$5,$-21,$-16,$6,$-22,$-22,$-8,$64,$5,$89,89,$-0.08,$-0.08,$126,$0,$70,$270,$3965,$311,$136,$45,$4471,$4742,$217,$1879,$241,$2176,$2393,$1,$-112,$-26,$2348,$4742,$-82,$215,$54,$268,$-10,$0,$0,$19,$32,$218,$-44,$0,$-228,$0,$0,$0,$-47,$-319,$211,$-180,$31,$237,$237,$-145,$2,$125,$29,$5,$-145
4,2017-09-30,22.57,$24.26,0.93,$4.47,5.05,$4.80,4.7,$0.04,564.19,$0.24B,$0.47B,0.51,$1.87B,$2.15B,0.87,$0.38B,$0.05B,13.61%,$0.38B,0,0.00%,$0.38B,0,0.00%,$0.38B,$0.20B,53.14%,$0.38B,$-0.05B,-12.30%,$0.38B,$0.00B,1.05%,$0.00B,$2.15B,0.20%,$0.00B,$2.01B,0.21%,$0.00B,$4.77B,0.10%,$0.00B,$4.02B,0.00%,$92,$94,$-2,$0,$13,$106,$-14,$-38,$-52,$-4,$-48,$-48,$-30,$42,$-14,$87,87,$-0.34,$-0.34,$98,$0,$71,$239,$4023,$304,$139,$57,$4534,$4773,$471,$1872,$231,$2154,$2624,$1,$-104,$-25,$2149,$4773,$-61,$156,$41,$197,$-3,$0,$0,$13,$22,$159,$-44,$0,$-229,$0,$0,$0,$-41,$-315,$212,$73,$285,$22,$22,$-108,$-40,$160,$9,$4,$-108
5,2017-06-30,21.96,$24.28,0.9,$4.54,4.83,$4.42,4.97,$0.33,66.54,$0.30B,$0.29B,1.03,$1.71B,$2.13B,0.8,$0.38B,$0.07B,18.59%,$0.38B,$0.02B,4.71%,$0.38B,$0.02B,4.71%,$0.38B,$0.21B,55.50%,$0.38B,$-0.01B,-1.31%,$0.38B,$0.03B,7.85%,$0.03B,$2.13B,1.55%,$0.03B,$2.02B,1.63%,$0.03B,$4.40B,0.77%,$0.02B,$3.84B,0.52%,$108,$87,$21,$0,$15,$102,$6,$-16,$-10,$5,$-15,$-15,$14,$58,$6,$87,87,$0.16,$0.16,$176,$0,$66,$304,$3682,$241,$111,$58,$4100,$4404,$294,$1712,$227,$1982,$2277,$1,$-74,$-47,$2128,$4404,$-12,$100,$22,$121,$-8,$0,$0,$16,$48,$157,$-39,$0,$-170,$0,$0,$0,$16,$-193,$330,$-120,$210,$0,$0,$-72,$-21,$118,$84,$3,$-72
6,2017-03-31,18.23,$21.09,0.86,$4.56,4.0,$3.66,4.99,$0.13,140.25,$0.39B,$0.18B,2.15,$1.67B,$1.85B,0.9,$0.37B,$0.07B,17.98%,$0.37B,$0.02B,4.63%,$0.37B,$0.02B,4.63%,$0.37B,$0.21B,56.13%,$0.37B,$-0.01B,-2.45%,$0.37B,$0.01B,3.54%,$0.01B,$1.85B,0.72%,$0.01B,$1.76B,0.75%,$0.01B,$3.88B,0.35%,$0.02B,$3.52B,0.52%,$101,$73,$28,$0,$15,$87,$13,$-6,$7,$5,$3,$3,$6,$61,$13,$87,87,$0.06,$0.06,$253,$0,$71,$386,$3095,$233,$90,$62,$3489,$3875,$179,$1670,$141,$1848,$2027,$1,$-89,$-57,$1848,$3875,$3,$47,$7,$55,$-8,$0,$0,$2,$-13,$44,$-1,$0,$-0,$0,$0,$0,$4,$3,$340,$-180,$160,$0,$0,$-36,$-10,$114,$161,$1,$-36
7,2016-12-31,16.85,$21.49,0.78,$4.58,3.68,$3.04,5.54,$-0.25,0.0,$0.22B,$0.37B,0.59,$1.34B,$1.88B,0.71,$0.35B,$0.05B,14.12%,$0.35B,$0.01B,1.69%,$0.35B,$0.01B,1.69%,$0.35B,$0.19B,54.52%,$0.35B,$-0.04B,-12.43%,$0.35B,$-0.02B,-4.80%,$-0.02B,$1.88B,-0.96%,$-0.02B,$1.79B,-1.01%,$-0.02B,$3.75B,-0.45%,$0.01B,$3.21B,0.19%,$81,$76,$5,$0,$11,$86,$-5,$13,$8,$5,$3,$3,$14,$42,$-5,$79,79,$0.19,$0.19,$96,$0,$69,$218,$3135,$233,$92,$65,$3535,$3753,$367,$1335,$140,$1507,$1874,$1,$-94,$-62,$1879,$3753,$-52,$189,$16,$205,$8,$0,$0,$5,$11,$164,$-33,$0,$-136,$0,$0,$0,$44,$-124,$-48,$-175,$-223,$286,$286,$-120,$-20,$-77,$-37,$5,$-120
8,2016-09-30,19.53,$21.54,0.91,$4.84,4.03,$-2.33,0.0,$-0.38,0.0,$0.21B,$0.22B,0.95,$1.35B,$1.88B,0.72,$0.36B,$0.06B,17.03%,$0.36B,$0.02B,5.77%,$0.36B,$0.02B,5.77%,$0.36B,$0.21B,56.32%,$0.36B,$-0.05B,-14.29%,$0.36B,$-0.03B,-7.97%,$-0.03B,$1.88B,-1.66%,$-0.03B,$1.79B,-1.75%,$-0.03B,$3.65B,-0.77%,$0.02B,$3.23B,0.67%,$92,$75,$17,$0,$13,$88,$4,$-13,$-10,$1,$-11,$-11,$-4,$51,$4,$82,82,$-0.05,$-0.05,$77,$0,$74,$210,$3182,$87,$93,$68,$3444,$3654,$220,$1347,$180,$1550,$1770,$1,$-108,$-94,$1884,$3654,$-56,$141,$22,$164,$6,$0,$0,$2,$-1,$107,$-32,$0,$-4,$0,$0,$0,$42,$6,$-39,$-320,$-359,$287,$287,$-85,$-13,$-170,$-55,$4,$-85
9,2016-06-30,19.61,$21.96,0.89,$4.95,3.96,$-6.45,0.0,$-0.73,0.0,$0.24B,$0.52B,0.46,$1.36B,$1.65B,0.83,$0.36B,$0.07B,18.51%,$0.36B,$0.03B,8.29%,$0.36B,$0.03B,8.29%,$0.36B,$0.21B,57.73%,$0.36B,$-0.08B,-22.10%,$0.36B,$-0.05B,-14.92%,$-0.05B,$1.65B,-3.18%,$-0.05B,$1.55B,-3.38%,$-0.05B,$3.74B,-1.42%,$0.03B,$3.01B,0.98%,$93,$77,$16,$0,$11,$88,$5,$-19,$-14,$1,$-16,$-16,$-3,$52,$5,$74,74,$-0.04,$-0.04,$100,$0,$78,$241,$3226,$93,$94,$72,$3499,$3740,$522,$1363,$186,$1572,$2095,$1,$-104,$-94,$1646,$3740,$-45,$94,$26,$120,$-4,$0,$0,$8,$-5,$70,$-26,$0,$0,$0,$0,$0,$32,$6,$-22,$-20,$-42,$0,$0,$-56,$-9,$-108,$-30,$3,$-56
10,2016-03-31,15.99,$22.71,0.7,$4.92,3.25,$-9.47,0.0,$-0.48,0.0,$0.25B,$0.54B,0.46,$1.37B,$1.70B,0.81,$0.35B,$0.07B,20.62%,$0.35B,$0.04B,10.45%,$0.35B,$0.04B,10.45%,$0.35B,$0.21B,58.19%,$0.35B,$-0.06B,-16.10%,$0.35B,$-0.04B,-10.45%,$-0.04B,$1.70B,-2.23%,$-0.04B,$1.61B,-2.37%,$-0.04B,$3.80B,-0.97%,$0.04B,$3.08B,1.22%,$88,$76,$12,$0,$10,$86,$2,$-29,$-28,$1,$-29,$-29,$-24,$48,$2,$74,74,$-0.32,$-0.32,$101,$0,$67,$248,$3265,$100,$96,$81,$3556,$3803,$537,$1374,$168,$1565,$2102,$1,$-101,$-86,$1702,$3803,$-29,$47,$16,$63,$3,$0,$0,$3,$-19,$15,$-24,$0,$0,$0,$0,$0,$20,$-4,$-9,$0,$-9,$0,$0,$-28,$-4,$-41,$-29,$1,$-28
11,2015-12-31,17.19,$23.79,0.72,$4.73,3.64,$-10.07,0.0,$-0.46,0.0,$0.20B,$0.52B,0.39,$1.37B,$1.78B,0.77,$0.33B,$0.07B,21.75%,$0.33B,$0.04B,11.48%,$0.33B,$0.04B,11.48%,$0.33B,$0.19B,57.70%,$0.33B,$-0.05B,-15.71%,$0.33B,$-0.03B,-9.97%,$-0.03B,$1.78B,-2.12%,$-0.03B,$1.68B,-2.22%,$-0.03B,$3.83B,-0.92%,$0.04B,$3.15B,1.30%,$91,$74,$17,$0,$7,$81,$10,$-9,$0,$4,$-4,$-4,$2,$54,$10,$71,71,$0.03,$0.03,$109,$0,$31,$203,$3295,$116,$98,$106,$3626,$3830,$521,$1372,$139,$1533,$2054,$1,$-77,$-73,$1776,$3830,$-56,$154,$12,$167,$-2,$0,$0,$-0,$7,$118,$-380,$0,$-422,$0,$0,$0,$44,$-759,$-70,$305,$235,$317,$317,$-91,$181,$644,$-3,$4,$-91
12,2015-09-30,15.43,$22.29,0.69,$4.81,3.21,$-6.51,0.0,$-0.85,0.0,$0.21B,$0.59B,0.35,$1.40B,$1.67B,0.84,$0.32B,$0.08B,25.39%,$0.32B,$0.05B,14.42%,$0.32B,$0.05B,14.42%,$0.32B,$0.19B,59.25%,$0.32B,$-0.06B,-19.75%,$0.32B,$-0.06B,-17.24%,$-0.06B,$1.67B,-3.91%,$-0.06B,$1.57B,-4.06%,$-0.06B,$3.82B,-1.65%,$0.05B,$3.07B,1.68%,$90,$67,$22,$0,$9,$77,$13,$-51,$-38,$-2,$-35,$-35,$-29,$55,$13,$73,73,$-0.40,$-0.40,$121,$0,$23,$208,$3066,$115,$99,$315,$3613,$3821,$588,$1401,$144,$1569,$2157,$1,$-80,$-76,$1665,$3821,$-52,$110,$19,$129,$6,$0,$0,$-6,$6,$83,$-316,$0,$-406,$0,$0,$0,$36,$-686,$112,$195,$307,$318,$318,$-63,$46,$608,$2,$3,$-63
13,2015-06-30,22.5,$21.62,1.04,$4.74,4.75,$-2.25,0.0,$-0.60,0.0,$0.21B,$0.72B,0.29,$1.37B,$1.50B,0.92,$0.30B,$0.08B,25.58%,$0.30B,$0.04B,14.29%,$0.30B,$0.04B,14.29%,$0.30B,$0.18B,58.47%,$0.30B,$-0.04B,-12.62%,$0.30B,$-0.03B,-10.96%,$-0.03B,$1.50B,-2.65%,$-0.03B,$1.40B,-2.71%,$-0.03B,$3.78B,-1.10%,$0.04B,$2.87B,1.67%,$85,$62,$22,$0,$10,$73,$12,$-3,$9,$4,$6,$6,$14,$49,$12,$69,69,$0.21,$0.21,$109,$0,$20,$206,$2812,$148,$101,$499,$3572,$3778,$716,$1369,$172,$1565,$2281,$1,$-50,$-51,$1497,$3778,$-16,$67,$-5,$63,$-5,$0,$0,$6,$2,$49,$-216,$0,$-404,$0,$0,$0,$27,$-594,$184,$200,$384,$197,$197,$-39,$-13,$529,$-19,$2,$-39
14,2015-03-31,22.19,$18.78,1.18,$4.65,4.77,$1.23,18.03,$-0.61,0.0,$0.32B,$0.24B,1.32,$1.28B,$1.30B,0.99,$0.28B,$0.08B,29.18%,$0.28B,$0.05B,17.79%,$0.28B,$0.05B,17.79%,$0.28B,$0.17B,60.14%,$0.28B,$-0.04B,-12.81%,$0.28B,$-0.04B,-12.81%,$-0.04B,$1.30B,-3.18%,$-0.04B,$1.30B,-3.18%,$-0.04B,$2.91B,-1.32%,$0.05B,$2.58B,2.03%,$65,$54,$11,$0,$8,$62,$3,$-25,$-23,$-1,$-22,$-22,$-20,$33,$3,$66,66,$-0.30,$-0.30,$250,$0,$21,$323,$2301,$15,$0,$255,$2586,$2909,$244,$1280,$64,$1368,$1612,$1,$-65,$-62,$1297,$2909,$-22,$31,$3,$34,$1,$0,$0,$7,$5,$16,$-64,$0,$0,$0,$0,$0,$23,$-41,$43,$-50,$-7,$197,$197,$-16,$-4,$170,$142,$1,$-16
15,2014-12-31,19.09,$18.77,1.02,$4.41,4.33,$2.20,8.66,$-0.51,0.0,$0.20B,$0.25B,0.79,$1.30B,$1.17B,1.12,$0.27B,$0.08B,31.20%,$0.27B,$0.05B,20.30%,$0.27B,$0.05B,20.30%,$0.27B,$0.17B,62.41%,$0.27B,$-0.04B,-13.91%,$0.27B,$-0.03B,-11.65%,$-0.03B,$1.17B,-3.31%,$-0.03B,$1.16B,-3.31%,$-0.03B,$2.80B,-1.26%,$0.05B,$2.47B,2.41%,$79,$53,$26,$0,$8,$61,$18,$-29,$-11,$5,$-16,$-16,$-20,$52,$18,$58,58,$-0.33,$-0.33,$110,$0,$34,$197,$2351,$29,$1,$206,$2598,$2795,$250,$1304,$56,$1380,$1631,$1,$-45,$-45,$1165,$2795,$-40,$111,$31,$142,$-9,$0,$0,$13,$8,$110,$-120,$0,$-284,$0,$0,$0,$41,$-363,$-203,$50,$-153,$287,$287,$-52,$186,$267,$13,$4,$-52
16,2014-09-30,23.62,$16.40,1.44,$3.03,7.78,$2.36,10.01,$-0.32,0.0,$0.30B,$0.13B,2.36,$1.35B,$1.02B,1.33,$0.23B,$0.06B,27.07%,$0.23B,$0.04B,16.16%,$0.23B,$0.04B,16.16%,$0.23B,$0.14B,60.26%,$0.23B,$-0.03B,-14.85%,$0.23B,$-0.02B,-10.48%,$-0.02B,$1.02B,-3.05%,$-0.02B,$1.02B,-3.05%,$-0.02B,$2.55B,-1.08%,$0.04B,$2.37B,1.79%,$72,$54,$18,$0,$7,$61,$10,$-23,$-13,$-4,$-9,$-9,$-7,$42,$10,$62,62,$-0.12,$-0.12,$231,$0,$14,$295,$2072,$41,$0,$106,$2258,$2553,$125,$1349,$42,$1410,$1535,$1,$-24,$-30,$1018,$2553,$-24,$77,$24,$101,$-6,$0,$0,$13,$7,$84,$-19,$0,$-168,$0,$0,$0,$32,$-154,$-52,$0,$-52,$287,$287,$-37,$0,$198,$127,$3,$-37
17,2014-06-30,25.03,$16.81,1.49,$1.88,13.32,$1.31,19.16,$-0.17,0.0,$0.30B,$0.14B,2.14,$1.38B,$1.04B,1.32,$0.21B,$0.07B,30.37%,$0.21B,$0.05B,21.03%,$0.21B,$0.05B,21.03%,$0.21B,$0.14B,63.55%,$0.21B,$-0.02B,-7.48%,$0.21B,$-0.02B,-7.48%,$-0.02B,$1.04B,-2.37%,$-0.02B,$1.04B,-2.37%,$-0.02B,$2.62B,-0.77%,$0.05B,$2.42B,2.34%,$65,$38,$27,$0,$8,$46,$19,$-8,$11,$4,$7,$7,$11,$42,$19,$57,57,$0.20,$0.20,$234,$0,$12,$299,$2106,$65,$0,$113,$2325,$2624,$140,$1377,$40,$1440,$1580,$1,$-17,$-25,$1044,$2624,$-15,$45,$25,$70,$-15,$0,$0,$20,$5,$61,$-1,$0,$-164,$0,$0,$0,$2,$-162,$-37,$0,$-37,$0,$0,$-22,$291,$231,$130,$2,$-22
