,Date,Stock Price,Book Value per Share,Price to Book Ratio,TTM Sales per Share,Price to Sales Ratio,TTM FCF per Share,Price to FCF Ratio,TTM Net EPS,PE Ratio,Current Assets,Current Liabilities,Current Ratio,Long Term Debt,Shareholder's Equity_x,Debt to Equity Ratio,TTM Revenue_x,TTM Gross Profit,Gross Margin,TTM Revenue_y,TTM Operating Income,Operating Margin,TTM Revenue_x,TTM EBIT,EBIT Margin,TTM Revenue_y,TTM EBITDA,EBITDA Margin,TTM Revenue_x,TTM Pre-Tax Income,Pre-Tax Margin,TTM Revenue_y,TTM Net Income_x,Net Margin,TTM Net Income_y,Shareholder's Equity_y,Return on Equity,TTM Net Income_x,Tangible Equity,Return on Tangible Equity,TTM Net Income_y,Total Assets,Return on Assets,TTM Net Income,LT Investments & Debt,Return on Investment,revenue,cost-goods-sold,gross-profit,research-development-expenses,selling-general-administrative-expenses,operating-expenses,operating-income,total-non-operating-income-expense,pre-tax-income,total-provision-income-taxes,income-after-taxes,income-from-continuous-operations,net-income,ebitda,ebit,basic-shares-outstanding,shares-outstanding,eps-basic-net-earnings-per-share,eps-earnings-per-share-diluted,cash-on-hand,inventory,other-current-assets,total-current-assets,net-property-plant-equipment,long-term-investments,goodwill-intangible-assets-total,other-long-term-assets,total-long-term-assets,total-assets,total-current-liabilities,long-term-debt,other-non-current-liabilities,total-long-term-liabilities,total-liabilities,common-stock-net,retained-earnings-accumulated-deficit,comprehensive-income,total-share-holder-equity,total-liabilities-share-holders-equity,net-income-loss,total-depreciation-amortization-cash-flow,other-non-cash-items,total-non-cash-items,change-in-accounts-receivable,change-in-inventories,change-in-accounts-payable,change-in-assets-liabilities,total-change-in-assets-liabilities,cash-flow-from-operating-activities,net-change-in-property-plant-equipment,net-change-in-intangible-assets,net-acquisitions-divestitures,net-change-in-short-term-investments,net-change-in-long-term-investments,net-change-in-investments-total,investing-activities-other,cash-flow-from-investing-activities,net-long-term-debt,net-current-debt,debt-issuance-retirement-net-total,net-common-equity-issued-repurchased,net-total-equity-issued-repurchased,total-common-preferred-stock-dividends-paid,financial-activities-other,cash-flow-from-financial-activities,net-cash-flow,stock-based-compensation,common-stock-dividends-paid
0,2018-09-30,32.92,$0.76,43.19,$33.85,0.97,$9.99,3.29,$-1.97,0.0,$0.35B,$0.47B,0.74,$4.48B,$0.07B,63.6,$3.20B,$1.37B,42.63%,$3.20B,$0.54B,16.77%,$3.20B,$0.54B,16.77%,$3.20B,$0.78B,24.36%,$3.20B,$0.09B,2.78%,$3.20B,$-0.20B,-6.34%,$-0.20B,$0.07B,9022.22%,$-0.20B,$-1.41B,13.80%,$-0.20B,$5.08B,-3.95%,$0.54B,$4.55B,11.72%,$790,$452,$338,$0,$125,$634,$156,$-111,$45,$9,$36,$36,$36,$214,$156,$92,95,$0.39,$0.38,$245,$0,$14,$348,$2650,$125,$1482,$94,$4735,$5084,$473,$4481,$60,$4541,$5013,$1,$-926,$0,$70,$5084,$136,$180,$16,$197,$11,$0,$-5,$-5,$-31,$301,$-64,$0,$0,$0,$19,$19,$-39,$-84,$-206,$0,$-206,$7,$7,$0,$-52,$-250,$-33,$9,$0
1,2018-06-30,33.59,$0.30,111.56,$34.18,0.98,$9.69,3.47,$6.08,5.52,$0.31B,$0.49B,0.63,$4.51B,$0.03B,162.6,$3.22B,$1.37B,42.54%,$3.22B,$0.53B,16.31%,$3.22B,$0.53B,16.31%,$3.22B,$0.78B,24.18%,$3.22B,$0.07B,2.30%,$3.22B,$0.55B,17.09%,$0.55B,$0.03B,1215.47%,$0.55B,$-1.46B,-38.97%,$0.55B,$5.09B,10.45%,$0.53B,$4.54B,11.17%,$827,$471,$356,$0,$133,$645,$182,$-113,$69,$15,$54,$54,$54,$242,$182,$91,95,$0.59,$0.57,$200,$0,$16,$309,$2681,$147,$1484,$87,$4783,$5092,$489,$4513,$62,$4575,$5064,$1,$-962,$-1,$28,$5092,$99,$122,$-2,$120,$6,$0,$-2,$-5,$-13,$207,$-1,$0,$-61,$0,$0,$0,$-16,$-79,$-178,$0,$-178,$5,$5,$0,$-33,$-206,$-78,$6,$0
2,2018-03-31,26.26,$-0.37,-71.55,$34.01,0.77,$9.66,2.72,$5.69,4.62,$0.34B,$0.48B,0.7,$4.64B,$-0.03B,-137.96,$3.19B,$1.35B,42.45%,$3.19B,$0.48B,15.00%,$3.19B,$0.48B,15.00%,$3.19B,$0.74B,23.28%,$3.19B,$0.03B,0.88%,$3.19B,$0.51B,16.10%,$0.51B,$-0.03B,-562.19%,$0.51B,$-1.51B,-33.30%,$0.51B,$5.17B,9.79%,$0.48B,$4.61B,10.30%,$816,$462,$354,$0,$121,$644,$172,$-111,$61,$16,$45,$45,$45,$234,$172,$91,95,$0.50,$0.48,$218,$0,$16,$335,$2711,$148,$1478,$86,$4831,$5166,$475,$4641,$83,$4724,$5199,$1,$-1016,$-1,$-34,$5166,$45,$62,$6,$68,$4,$0,$-4,$-8,$-47,$67,$-1,$0,$-50,$0,$0,$0,$-11,$-62,$-53,$0,$-53,$1,$1,$0,$-12,$-64,$-60,$3,$0
3,2017-12-31,31.33,$-0.80,-39.07,$33.84,0.93,$9.83,3.19,$5.27,5.94,$0.40B,$0.53B,0.76,$4.70B,$-0.07B,-64.22,$3.15B,$1.34B,42.42%,$3.15B,$0.45B,14.17%,$3.15B,$0.45B,14.17%,$3.15B,$0.72B,22.88%,$3.15B,$-0.03B,-0.83%,$3.15B,$0.47B,15.03%,$0.47B,$-0.07B,-216.97%,$0.47B,$-1.50B,-28.60%,$0.47B,$5.24B,9.12%,$0.45B,$4.62B,9.78%,$769,$452,$317,$0,$152,$742,$27,$-113,$-86,$252,$-338,$-338,$-338,$90,$27,$91,93,$-3.72,$-3.60,$278,$0,$16,$401,$2757,$149,$1431,$86,$4834,$5235,$530,$4697,$81,$4778,$5308,$1,$-1052,$-1,$-73,$5235,$473,$274,$-387,$-113,$-9,$0,$-0,$41,$98,$459,$-26,$0,$-129,$0,$-1,$-1,$-66,$-222,$-180,$0,$-180,$-14,$-14,$0,$5,$-189,$48,$8,$0
4,2017-09-30,23.39,$2.86,8.18,$33.73,0.69,$9.65,2.42,$8.72,2.68,$0.40B,$0.49B,0.82,$4.77B,$0.26B,18.36,$3.12B,$1.33B,42.45%,$3.12B,$0.53B,17.08%,$3.12B,$0.53B,17.08%,$3.12B,$0.82B,26.18%,$3.12B,$0.07B,2.15%,$3.12B,$0.82B,26.15%,$0.82B,$0.26B,-243.22%,$0.82B,$-1.17B,-46.11%,$0.82B,$5.57B,15.94%,$0.53B,$5.03B,11.94%,$806,$465,$342,$0,$107,$663,$144,$-113,$30,$-759,$789,$789,$789,$212,$144,$91,94,$8.68,$8.43,$265,$0,$28,$402,$2786,$150,$1434,$86,$5167,$5569,$492,$4773,$44,$4817,$5309,$1,$-714,$-1,$260,$5569,$812,$211,$-702,$-491,$2,$0,$-2,$22,$35,$355,$-151,$0,$0,$0,$-0,$-0,$-41,$-192,$-109,$0,$-109,$-18,$-18,$0,$-1,$-127,$35,$6,$0
5,2017-06-30,21.4,$-5.67,-3.78,$34.19,0.63,$10.57,2.02,$0.80,26.75,$0.37B,$0.50B,0.75,$4.81B,$-0.52B,-9.29,$3.08B,$1.30B,42.32%,$3.08B,$0.53B,17.14%,$3.08B,$0.53B,17.14%,$3.08B,$0.81B,26.42%,$3.08B,$0.07B,2.40%,$3.08B,$0.07B,2.27%,$0.07B,$-0.52B,-12.99%,$0.07B,$-1.97B,-3.55%,$0.07B,$4.98B,1.39%,$0.53B,$4.29B,12.19%,$796,$457,$340,$0,$130,$661,$135,$-112,$23,$6,$17,$17,$17,$206,$135,$91,93,$0.19,$0.18,$224,$0,$52,$374,$2828,$153,$1456,$89,$4610,$4984,$501,$4809,$63,$5001,$5502,$1,$-1503,$-3,$-518,$4984,$22,$142,$38,$181,$7,$0,$-4,$-14,$11,$214,$-14,$0,$-127,$0,$0,$0,$-25,$-166,$-87,$0,$-87,$-2,$-2,$0,$36,$-53,$-5,$4,$0
6,2017-03-31,18.43,$-5.94,-3.1,$34.06,0.54,$10.45,1.76,$0.99,18.62,$0.42B,$0.47B,0.89,$4.83B,$-0.54B,-8.93,$3.05B,$1.29B,42.21%,$3.05B,$0.54B,17.75%,$3.05B,$0.54B,17.75%,$3.05B,$0.83B,27.01%,$3.05B,$0.10B,3.14%,$3.05B,$0.08B,2.75%,$0.08B,$-0.54B,-14.97%,$0.08B,$-1.96B,-4.30%,$0.08B,$4.95B,1.65%,$0.54B,$4.29B,12.40%,$776,$440,$336,$0,$126,$636,$140,$-133,$7,$2,$5,$5,$5,$212,$140,$91,92,$0.06,$0.06,$259,$0,$53,$417,$2774,$155,$1422,$86,$4530,$4947,$467,$4829,$64,$5021,$5488,$1,$-1520,$-4,$-541,$4947,$5,$72,$23,$95,$7,$0,$-2,$-15,$-16,$85,$-6,$0,$-2,$0,$0,$0,$-15,$-23,$1,$0,$1,$-5,$-5,$0,$-27,$-32,$30,$2,$0
7,2016-12-31,13.79,$-5.96,-2.31,$33.92,0.41,$10.34,1.33,$1.19,11.59,$0.40B,$0.54B,0.74,$4.79B,$-0.54B,-8.81,$3.03B,$1.28B,42.06%,$3.03B,$0.54B,17.90%,$3.03B,$0.54B,17.90%,$3.03B,$0.82B,27.06%,$3.03B,$0.12B,3.96%,$3.03B,$0.10B,3.30%,$0.10B,$-0.54B,-17.00%,$0.10B,$-1.97B,-5.12%,$0.10B,$4.97B,1.95%,$0.54B,$4.24B,12.31%,$743,$436,$307,$0,$122,$629,$114,$-107,$7,$2,$5,$5,$5,$187,$114,$83,91,$0.05,$0.05,$230,$0,$48,$399,$2820,$156,$1425,$82,$4575,$4974,$536,$4787,$67,$4981,$5518,$1,$-1525,$-5,$-543,$4974,$109,$278,$30,$308,$-6,$0,$-8,$-12,$-6,$412,$-4,$0,$-87,$0,$0,$0,$11,$-79,$-299,$0,$-299,$12,$12,$0,$-53,$-340,$-7,$7,$0
8,2016-09-30,13.57,$-6.64,-2.04,$33.87,0.4,$8.93,1.52,$1.14,11.9,$0.35B,$0.55B,0.64,$5.06B,$-0.55B,-9.14,$3.03B,$1.27B,42.12%,$3.03B,$0.52B,17.19%,$3.03B,$0.52B,17.19%,$3.03B,$0.79B,26.25%,$3.03B,$0.10B,3.24%,$3.03B,$0.09B,2.88%,$0.09B,$-0.55B,-13.99%,$0.09B,$-1.98B,-4.45%,$0.09B,$5.25B,1.68%,$0.52B,$4.51B,11.65%,$766,$445,$321,$0,$114,$626,$139,$-102,$37,$-9,$47,$47,$43,$209,$139,$83,84,$0.52,$0.51,$202,$0,$49,$353,$2845,$158,$1426,$109,$4899,$5252,$553,$5061,$72,$5253,$5806,$1,$-1530,$-3,$-554,$5252,$104,$206,$17,$223,$5,$0,$-8,$-16,$-7,$320,$-58,$0,$0,$0,$0,$0,$-219,$-277,$-41,$0,$-41,$15,$15,$0,$-52,$-78,$-35,$5,$0
9,2016-06-30,13.95,$-7.33,-1.9,$33.73,0.41,$8.02,1.74,$0.63,22.14,$0.34B,$0.54B,0.63,$5.05B,$-0.61B,-8.32,$3.00B,$1.27B,42.33%,$3.00B,$0.52B,17.44%,$3.00B,$0.52B,17.44%,$3.00B,$0.80B,26.52%,$3.00B,$0.10B,3.37%,$3.00B,$0.05B,1.60%,$0.05B,$-0.61B,-7.36%,$0.05B,$-1.91B,-2.44%,$0.05B,$5.14B,0.93%,$0.52B,$4.45B,11.75%,$769,$444,$325,$0,$110,$620,$149,$-104,$45,$11,$34,$34,$31,$217,$149,$82,91,$0.38,$0.37,$221,$0,$13,$343,$2895,$163,$1303,$141,$4800,$5143,$541,$5052,$45,$5209,$5750,$1,$-1577,$-3,$-607,$5143,$58,$136,$10,$146,$-2,$0,$-6,$-17,$-10,$194,$-9,$0,$0,$0,$0,$0,$-135,$-144,$-47,$0,$-47,$5,$5,$0,$-24,$-66,$-16,$3,$0
10,2016-03-31,16.69,$-7.99,-2.09,$33.05,0.51,$7.20,2.32,$0.45,37.09,$0.34B,$0.53B,0.64,$5.10B,$-0.65B,-7.85,$2.93B,$1.25B,42.63%,$2.93B,$0.50B,16.96%,$2.93B,$0.50B,16.96%,$2.93B,$0.77B,26.11%,$2.93B,$0.08B,2.56%,$2.93B,$0.02B,0.68%,$0.02B,$-0.65B,-2.98%,$0.02B,$-1.95B,-1.01%,$0.02B,$5.13B,0.40%,$0.50B,$4.45B,11.41%,$756,$433,$323,$0,$117,$616,$141,$-109,$31,$8,$24,$24,$21,$208,$141,$81,91,$0.26,$0.26,$214,$0,$13,$340,$2935,$165,$1303,$138,$4788,$5129,$530,$5097,$43,$5248,$5778,$1,$-1611,$-3,$-649,$5129,$24,$68,$-4,$64,$-2,$0,$-2,$-16,$-16,$72,$-4,$0,$-0,$0,$0,$0,$-67,$-71,$-18,$0,$-18,$2,$2,$0,$-7,$-24,$-23,$1,$0
11,2015-12-31,16.02,$-8.38,-1.91,$32.09,0.5,$6.91,2.32,$0.31,51.68,$0.37B,$0.56B,0.67,$5.13B,$-0.68B,-7.57,$2.84B,$1.22B,42.88%,$2.84B,$0.47B,16.49%,$2.84B,$0.47B,16.49%,$2.84B,$0.73B,25.86%,$2.84B,$0.06B,1.97%,$2.84B,$0.00B,0.04%,$0.00B,$-0.68B,-0.15%,$0.00B,$-1.98B,-0.05%,$0.00B,$5.14B,0.02%,$0.47B,$4.46B,10.96%,$734,$429,$305,$0,$107,$643,$91,$-106,$-15,$-6,$-9,$-9,$-8,$160,$91,$80,91,$-0.10,$-0.09,$237,$0,$13,$372,$2980,$168,$1303,$117,$4766,$5139,$558,$5133,$18,$5259,$5817,$1,$-1635,$-5,$-678,$5139,$1,$266,$119,$385,$1,$0,$2,$6,$28,$414,$-136,$0,$-450,$0,$-3,$-3,$-192,$-781,$444,$0,$444,$9,$9,$0,$-57,$396,$28,$8,$0
12,2015-09-30,16.78,$-8.40,-2.0,$32.32,0.52,$5.38,3.12,$-2.87,0.0,$0.37B,$0.54B,0.7,$5.13B,$-0.68B,-7.58,$2.76B,$1.19B,43.19%,$2.76B,$0.32B,11.62%,$2.76B,$0.32B,11.62%,$2.76B,$0.58B,21.20%,$2.76B,$-0.09B,-3.30%,$2.76B,$-0.14B,-5.12%,$-0.14B,$-0.68B,20.38%,$-0.14B,$-2.02B,7.06%,$-0.14B,$5.14B,-2.93%,$0.32B,$4.45B,7.67%,$739,$423,$316,$0,$108,$597,$142,$-102,$40,$35,$5,$5,$4,$210,$142,$80,83,$0.06,$0.05,$223,$0,$13,$374,$3029,$172,$1344,$79,$4768,$5142,$535,$5126,$27,$5283,$5818,$1,$-1626,$-4,$-676,$5142,$10,$197,$77,$273,$5,$0,$5,$7,$23,$306,$-125,$0,$-450,$0,$-3,$-3,$-106,$-684,$421,$0,$421,$8,$8,$0,$-37,$393,$15,$6,$0
13,2015-06-30,18.35,$-8.57,-2.14,$31.61,0.58,$4.99,3.67,$-2.77,0.0,$0.40B,$0.54B,0.73,$4.76B,$-0.69B,-6.94,$2.66B,$1.15B,43.31%,$2.66B,$0.28B,10.67%,$2.66B,$0.28B,10.67%,$2.66B,$0.54B,20.40%,$2.66B,$-0.13B,-4.73%,$2.66B,$-0.16B,-6.01%,$-0.16B,$-0.69B,49.50%,$-0.16B,$-1.98B,10.43%,$-0.16B,$4.75B,-3.87%,$0.28B,$4.08B,7.98%,$701,$396,$305,$0,$119,$578,$123,$-104,$19,$16,$3,$3,$3,$187,$123,$80,91,$0.03,$0.03,$233,$0,$15,$398,$2695,$174,$1291,$79,$4347,$4745,$542,$4761,$36,$4889,$5431,$1,$-1630,$-2,$-686,$4745,$5,$129,$41,$169,$-3,$0,$7,$8,$26,$200,$-90,$0,$0,$0,$-0,$-0,$-73,$-163,$6,$0,$6,$6,$6,$0,$-24,$-12,$24,$4,$0
14,2015-03-31,15.66,$-8.74,-1.79,$32.19,0.49,$5.16,3.03,$-2.93,0.0,$0.41B,$0.50B,0.81,$4.79B,$-0.70B,-6.88,$2.61B,$1.14B,43.47%,$2.61B,$0.27B,10.18%,$2.61B,$0.27B,10.18%,$2.61B,$0.53B,20.40%,$2.61B,$-0.14B,-5.51%,$2.61B,$-0.18B,-6.97%,$-0.18B,$-0.70B,-402.21%,$-0.18B,$-1.99B,17.17%,$-0.18B,$4.72B,-5.18%,$0.27B,$4.10B,8.88%,$664,$373,$291,$0,$116,$552,$112,$-99,$12,$10,$2,$2,$2,$177,$112,$79,90,$0.02,$0.02,$238,$0,$11,$410,$2683,$176,$1292,$78,$4315,$4724,$504,$4792,$34,$4917,$5421,$1,$-1633,$-3,$-697,$4724,$2,$65,$29,$94,$1,$0,$3,$-6,$-18,$78,$-37,$0,$0,$0,$-0,$-0,$-28,$-65,$23,$0,$23,$4,$4,$0,$-10,$16,$29,$2,$0
15,2014-12-31,13.73,$-8.94,-1.54,$32.07,0.43,$5.05,2.72,$-3.00,0.0,$0.33B,$0.49B,0.69,$4.78B,$-0.71B,-6.75,$2.59B,$1.13B,43.44%,$2.59B,$0.26B,9.92%,$2.59B,$0.26B,9.92%,$2.59B,$0.53B,20.46%,$2.59B,$-0.15B,-5.91%,$2.59B,$-0.18B,-7.07%,$-0.18B,$-0.71B,-44.20%,$-0.18B,$-2.00B,31.20%,$-0.18B,$4.63B,-6.31%,$0.26B,$4.07B,10.61%,$651,$373,$278,$0,$115,$708,$-57,$-105,$-162,$-12,$-150,$-150,$-150,$10,$-57,$78,78,$-1.90,$-1.90,$209,$0,$11,$332,$2670,$180,$1294,$87,$4292,$4625,$485,$4775,$34,$4848,$5333,$1,$-1635,$-1,$-708,$4625,$-184,$273,$193,$466,$10,$0,$2,$-15,$-20,$262,$-143,$0,$-119,$0,$-1,$-1,$-113,$-376,$40,$0,$40,$10,$10,$0,$-21,$29,$-84,$11,$0
16,2014-09-30,11.21,$10.15,1.1,$30.22,0.37,$7.89,1.42,$-11.22,0.0,$0.40B,$0.44B,0.92,$1.20B,$0.80B,1.5,$2.44B,$1.06B,43.39%,$2.44B,$-0.38B,-15.68%,$2.44B,$-0.38B,-15.68%,$2.44B,$-0.09B,-3.81%,$2.44B,$-0.82B,-33.65%,$2.44B,$-0.69B,-28.20%,$-0.69B,$0.80B,-152.01%,$-0.69B,$-0.17B,132.44%,$-0.69B,$2.46B,-24.10%,$-0.38B,$2.00B,-15.98%,$646,$367,$279,$0,$116,$540,$106,$-101,$5,$20,$-15,$-15,$-15,$169,$106,$79,79,$-0.20,$-0.20,$231,$0,$11,$404,$745,$183,$966,$129,$2059,$2463,$440,$1199,$26,$1225,$1665,$1,$-114,$-1,$798,$2463,$-34,$207,$26,$233,$9,$0,$4,$15,$38,$237,$-94,$0,$-119,$0,$-1,$-1,$-78,$-292,$9,$0,$9,$6,$6,$0,$-22,$-7,$-62,$8,$0
17,2014-06-30,12.14,$10.02,1.21,$31.08,0.39,$10.33,1.17,$-10.92,0.0,$0.50B,$0.40B,1.26,$1.03B,$0.79B,1.31,$2.51B,$1.09B,43.21%,$2.51B,$-0.40B,-15.77%,$2.51B,$-0.40B,-15.77%,$2.51B,$-0.09B,-3.46%,$2.51B,$-0.76B,-30.15%,$2.51B,$-0.64B,-25.49%,$-0.64B,$0.79B,-75.14%,$-0.64B,$-0.08B,168.09%,$-0.64B,$2.25B,-17.81%,$-0.40B,$1.82B,-12.90%,$652,$365,$288,$0,$108,$547,$105,$-105,$1,$20,$-19,$-19,$-19,$177,$105,$78,78,$-0.25,$-0.25,$251,$0,$30,$497,$557,$187,$868,$117,$1757,$2254,$396,$1028,$32,$1070,$1466,$1,$-122,$0,$788,$2254,$-19,$143,$26,$169,$-17,$0,$24,$6,$-7,$144,$-36,$0,$-88,$0,$-1,$-1,$-45,$-170,$-14,$-10,$-24,$6,$6,$0,$3,$-15,$-42,$5,$0
18,2014-03-31,12.32,$9.91,1.24,$32.49,0.38,$11.81,1.04,$-11.11,0.0,$0.51B,$0.40B,1.29,$1.04B,$0.78B,1.33,$2.62B,$1.13B,43.05%,$2.62B,$-0.45B,-17.33%,$2.62B,$-0.45B,-17.33%,$2.62B,$-0.13B,-5.11%,$2.62B,$-0.73B,-27.94%,$2.62B,$-0.63B,-24.16%,$-0.63B,$0.78B,-51.16%,$-0.63B,$-0.10B,225.87%,$-0.63B,$2.25B,-14.43%,$-0.45B,$1.81B,-11.96%,$641,$361,$280,$0,$108,$539,$103,$-100,$3,$2,$1,$1,$1,$174,$103,$78,89,$0.01,$0.01,$288,$0,$10,$508,$550,$190,$874,$102,$1746,$2253,$395,$1035,$30,$1080,$1475,$1,$-126,$-0,$778,$2253,$1,$72,$7,$79,$-1,$0,$2,$-2,$-36,$43,$-13,$0,$-26,$0,$0,$0,$-15,$-53,$-7,$0,$-7,$6,$6,$0,$6,$4,$-5,$0,$0
19,2013-12-31,14.33,$-7.08,-2.02,$33.02,0.43,$12.40,1.16,$-10.53,0.0,$0.47B,$0.41B,1.15,$4.51B,$-0.55B,-8.19,$2.78B,$1.19B,43.00%,$2.78B,$-0.42B,-15.27%,$2.78B,$-0.42B,-15.27%,$2.78B,$-0.10B,-3.42%,$2.78B,$-0.63B,-22.58%,$2.78B,$-0.58B,-20.92%,$-0.58B,$-0.55B,-35.81%,$-0.58B,$-1.74B,293.43%,$-0.58B,$4.47B,-11.14%,$-0.42B,$3.96B,-9.31%,$504,$291,$213,$0,$121,$1201,$-697,$-134,$-831,$-144,$-687,$-687,$-656,$-613,$-697,$78,78,$-8.39,$-8.31,$293,$0,$30,$470,$2517,$193,$1186,$102,$3998,$4468,$408,$4510,$29,$4610,$5018,$1,$-1449,$0,$-551,$4468,$-581,$328,$735,$1063,$5,$0,$-2,$-24,$-28,$454,$-113,$0,$-0,$0,$6,$6,$-73,$-180,$595,$0,$595,$52,$-598,$0,$-238,$-241,$33,$23,$0
20,2013-09-30,12.82,$30.17,0.42,$31.70,0.4,$9.25,1.39,$1.06,12.09,$0.40B,$0.48B,0.84,$2.30B,$2.39B,0.96,$2.81B,$1.21B,42.98%,$2.81B,$0.30B,10.73%,$2.81B,$0.30B,10.73%,$2.81B,$0.62B,22.20%,$2.81B,$0.21B,7.59%,$2.81B,$0.12B,4.21%,$0.12B,$2.39B,5.08%,$0.12B,$0.39B,42.56%,$0.12B,$5.40B,2.14%,$0.30B,$4.69B,6.28%,$714,$410,$304,$0,$131,$621,$93,$-23,$70,$29,$41,$41,$34,$175,$93,$79,79,$0.43,$0.40,$268,$0,$14,$401,$2642,$196,$2002,$126,$4996,$5397,$478,$2300,$29,$2526,$3005,$1,$890,$1,$2392,$5397,$94,$244,$104,$348,$9,$0,$-3,$-38,$-14,$428,$-94,$0,$-1,$0,$6,$6,$-31,$-119,$-331,$0,$-331,$61,$38,$0,$-8,$-301,$7,$18,$0
21,2013-06-30,12.25,$29.54,0.41,$29.30,0.42,$5.40,2.27,$1.10,11.14,$0.40B,$0.46B,0.88,$2.39B,$2.33B,1.03,$2.80B,$1.20B,42.91%,$2.80B,$0.31B,10.97%,$2.80B,$0.31B,10.97%,$2.80B,$0.61B,21.83%,$2.80B,$0.22B,7.90%,$2.80B,$0.12B,4.32%,$0.12B,$2.33B,5.32%,$0.12B,$0.32B,39.84%,$0.12B,$5.43B,2.24%,$0.31B,$4.72B,6.53%,$761,$431,$331,$0,$129,$714,$47,$-20,$26,$39,$-12,$-12,$-12,$130,$47,$78,78,$-0.16,$-0.16,$235,$0,$12,$401,$2678,$202,$2008,$113,$5032,$5433,$457,$2394,$30,$2647,$3104,$1,$848,$1,$2330,$5433,$53,$162,$117,$279,$-1,$0,$-3,$-28,$-41,$291,$-68,$0,$-0,$0,$6,$6,$-20,$-82,$-256,$0,$-256,$33,$11,$0,$10,$-235,$-25,$12,$0
22,2013-03-31,12.6,$29.66,0.42,$26.29,0.48,$2.84,4.43,$1.89,6.67,$0.43B,$0.47B,0.91,$2.53B,$2.32B,1.09,$2.75B,$1.17B,42.42%,$2.75B,$0.39B,14.10%,$2.75B,$0.39B,14.10%,$2.75B,$0.67B,24.25%,$2.75B,$0.31B,11.20%,$2.75B,$0.20B,7.27%,$0.20B,$2.32B,8.98%,$0.20B,$0.23B,57.68%,$0.20B,$5.57B,3.82%,$0.39B,$4.84B,8.49%,$798,$452,$346,$0,$136,$665,$133,$-25,$108,$43,$65,$65,$53,$213,$133,$78,103,$0.68,$0.63,$248,$0,$11,$427,$2707,$202,$2086,$109,$5138,$5566,$472,$2525,$29,$2775,$3247,$1,$860,$3,$2319,$5566,$65,$79,$26,$105,$-4,$0,$4,$-18,$-37,$134,$-38,$0,$-1,$0,$-1,$-1,$4,$-36,$-117,$0,$-117,$15,$-7,$0,$13,$-111,$-13,$6,$0
23,2012-12-31,11.37,$29.06,0.39,$25.50,0.45,$1.95,5.82,$2.00,5.69,$0.49B,$0.50B,0.98,$2.65B,$2.25B,1.18,$2.69B,$1.13B,41.99%,$2.69B,$0.40B,14.80%,$2.69B,$0.40B,14.80%,$2.69B,$0.65B,24.25%,$2.69B,$0.33B,12.09%,$2.69B,$0.21B,7.81%,$0.21B,$2.25B,9.70%,$0.21B,$0.16B,51.92%,$0.21B,$5.64B,4.19%,$0.40B,$4.90B,9.11%,$533,$308,$225,$0,$136,$505,$28,$-19,$9,$13,$-4,$-4,$43,$105,$28,$76,104,$0.20,$0.22,$260,$0,$39,$487,$2731,$205,$2087,$98,$5157,$5644,$500,$2649,$28,$2894,$3393,$1,$795,$3,$2251,$5644,$210,$254,$77,$331,$2,$0,$1,$6,$-35,$507,$-381,$0,$-709,$0,$-36,$-36,$-62,$-1188,$678,$0,$678,$32,$32,$0,$-6,$703,$22,$29,$0
24,2012-09-30,9.98,$28.68,0.35,$26.68,0.37,$4.14,2.41,$2.22,4.5,$0.44B,$0.44B,1.01,$2.13B,$2.20B,0.97,$2.83B,$1.17B,41.35%,$2.83B,$0.48B,16.81%,$2.83B,$0.48B,16.81%,$2.83B,$0.71B,24.93%,$2.83B,$0.39B,13.84%,$2.83B,$0.20B,7.17%,$0.20B,$2.20B,9.69%,$0.20B,$0.50B,44.52%,$0.20B,$4.97B,4.27%,$0.48B,$4.33B,11.50%,$707,$408,$299,$0,$138,$608,$99,$-21,$78,$31,$46,$46,$37,$163,$99,$76,106,$0.49,$0.44,$217,$0,$47,$439,$2495,$209,$1703,$94,$4529,$4968,$437,$2129,$29,$2333,$2769,$1,$775,$3,$2199,$4968,$192,$177,$27,$204,$-4,$0,$-2,$13,$-58,$338,$-295,$0,$-105,$0,$-40,$-40,$-51,$-491,$133,$0,$133,$10,$10,$0,$-11,$132,$-21,$22,$0
25,2012-06-30,10.32,$27.98,0.37,$26.62,0.39,$6.03,1.71,$2.44,4.23,$0.38B,$0.38B,0.98,$2.06B,$2.14B,0.96,$2.84B,$1.16B,41.01%,$2.84B,$0.51B,17.88%,$2.84B,$0.51B,17.88%,$2.84B,$0.73B,25.63%,$2.84B,$0.42B,14.92%,$2.84B,$0.22B,7.86%,$0.22B,$2.14B,10.92%,$0.22B,$0.49B,51.98%,$0.22B,$4.78B,4.82%,$0.51B,$4.20B,12.57%,$713,$416,$297,$0,$115,$585,$128,$-15,$113,$46,$67,$67,$67,$186,$128,$76,106,$0.70,$0.63,$204,$0,$47,$377,$2420,$216,$1650,$89,$4406,$4783,$384,$2059,$45,$2256,$2640,$1,$728,$2,$2143,$4783,$145,$113,$-7,$107,$-1,$0,$-3,$12,$-21,$231,$-199,$0,$-50,$0,$-40,$-40,$-37,$-325,$59,$0,$59,$9,$9,$0,$-7,$60,$-34,$15,$0
26,2012-03-31,9.95,$27.01,0.37,$26.30,0.38,$7.45,1.34,$2.52,3.95,$0.38B,$0.40B,0.96,$1.99B,$2.06B,0.96,$2.81B,$1.15B,40.98%,$2.81B,$0.52B,18.50%,$2.81B,$0.52B,18.50%,$2.81B,$0.74B,26.29%,$2.81B,$0.42B,15.08%,$2.81B,$0.22B,7.76%,$0.22B,$2.06B,10.95%,$0.22B,$0.46B,55.97%,$0.22B,$4.65B,4.77%,$0.52B,$4.05B,13.03%,$736,$428,$308,$0,$116,$593,$143,$-17,$125,$47,$79,$79,$63,$198,$143,$76,106,$0.83,$0.74,$217,$0,$38,$377,$2340,$215,$1600,$85,$4273,$4650,$395,$1986,$44,$2191,$2585,$1,$662,$3,$2064,$4650,$79,$55,$4,$59,$-0,$0,$0,$8,$-15,$123,$-118,$0,$0,$0,$-40,$-40,$26,$-132,$-13,$0,$-13,$5,$5,$0,$-3,$-11,$-21,$8,$0
27,2011-12-31,8.81,$25.87,0.34,$25.57,0.34,$7.86,1.12,$2.26,3.9,$0.42B,$0.43B,0.98,$2.00B,$1.97B,1.01,$2.74B,$1.12B,40.92%,$2.74B,$0.50B,18.23%,$2.74B,$0.50B,18.23%,$2.74B,$0.72B,26.26%,$2.74B,$0.39B,14.19%,$2.74B,$0.20B,7.18%,$0.20B,$1.97B,10.17%,$0.20B,$0.37B,58.81%,$0.20B,$4.61B,4.36%,$0.50B,$3.97B,13.20%,$676,$410,$267,$0,$109,$571,$106,$-30,$76,$32,$44,$44,$36,$159,$106,$78,107,$0.47,$0.41,$238,$0,$49,$416,$2277,$174,$1602,$104,$4191,$4606,$426,$1999,$42,$2208,$2635,$1,$583,$2,$1972,$4606,$242,$221,$53,$274,$-6,$0,$0,$-5,$51,$567,$-203,$0,$9,$0,$-100,$-100,$-44,$-339,$-155,$0,$-155,$-71,$-71,$0,$-10,$-237,$-8,$24,$0
28,2011-09-30,7.71,$25.45,0.3,$27.32,0.28,$6.14,1.25,$-0.12,0.0,$0.37B,$0.36B,1.02,$1.92B,$1.99B,0.97,$2.70B,$1.11B,41.10%,$2.70B,$0.29B,10.87%,$2.70B,$0.29B,10.87%,$2.70B,$0.52B,19.18%,$2.70B,$0.16B,5.90%,$2.70B,$0.03B,0.96%,$0.03B,$1.99B,1.38%,$0.03B,$0.39B,9.07%,$0.03B,$4.48B,0.58%,$0.29B,$3.91B,7.93%,$711,$419,$291,$0,$109,$581,$130,$-21,$109,$38,$71,$71,$57,$184,$130,$78,107,$0.73,$0.66,$208,$0,$52,$370,$2221,$154,$1603,$101,$4114,$4484,$364,$1922,$40,$2130,$2493,$1,$539,$0,$1991,$4484,$198,$168,$42,$210,$7,$0,$4,$3,$30,$438,$-192,$0,$10,$0,$-74,$-74,$34,$-223,$-230,$0,$-230,$-17,$-17,$0,$-7,$-254,$-39,$18,$0
29,2011-06-30,9.34,$24.57,0.38,$26.76,0.35,$4.66,2.0,$-0.32,0.0,$0.49B,$0.31B,1.57,$2.10B,$1.94B,1.08,$2.62B,$1.08B,41.10%,$2.62B,$0.27B,10.41%,$2.62B,$0.27B,10.41%,$2.62B,$0.50B,19.06%,$2.62B,$0.13B,5.07%,$2.62B,$0.01B,0.30%,$0.01B,$1.94B,0.43%,$0.01B,$0.34B,3.67%,$0.01B,$4.55B,0.18%,$0.27B,$4.03B,7.34%,$688,$402,$286,$0,$102,$547,$141,$-26,$114,$38,$76,$76,$62,$198,$141,$78,108,$0.79,$0.71,$322,$0,$52,$485,$2180,$143,$1602,$114,$4062,$4547,$309,$2095,$39,$2300,$2609,$1,$468,$-0,$1938,$4547,$128,$114,$34,$147,$-2,$0,$1,$46,$16,$291,$-107,$0,$13,$0,$-81,$-81,$30,$-145,$-74,$0,$-74,$8,$8,$0,$-4,$-71,$76,$12,$0
30,2011-03-31,8.58,$23.51,0.36,$25.96,0.33,$3.08,2.79,$-0.94,0.0,$0.42B,$1.01B,0.42,$1.39B,$1.85B,0.75,$2.53B,$1.03B,40.82%,$2.53B,$0.18B,7.26%,$2.53B,$0.18B,7.26%,$2.53B,$0.41B,16.19%,$2.53B,$0.04B,1.54%,$2.53B,$-0.05B,-1.86%,$-0.05B,$1.85B,-2.53%,$-0.05B,$0.25B,-28.70%,$-0.05B,$4.44B,-1.05%,$0.18B,$3.24B,4.96%,$667,$389,$278,$0,$103,$544,$123,$-33,$90,$38,$52,$52,$42,$179,$123,$78,107,$0.53,$0.48,$234,$0,$78,$421,$1975,$72,$1602,$109,$4014,$4435,$1010,$1389,$46,$1577,$2587,$1,$393,$-3,$1848,$4435,$52,$56,$12,$68,$3,$0,$1,$31,$-17,$102,$-54,$0,$-15,$0,$-10,$-10,$0,$-80,$-36,$0,$-36,$3,$3,$0,$-2,$-35,$-12,$6,$0
31,2010-12-31,8.14,$22.67,0.36,$25.26,0.32,$2.39,3.4,$-1.08,0.0,$0.47B,$0.69B,0.67,$1.81B,$1.78B,1.02,$2.46B,$0.99B,40.44%,$2.46B,$0.15B,6.22%,$2.46B,$0.15B,6.22%,$2.46B,$0.38B,15.38%,$2.46B,$0.01B,0.20%,$2.46B,$-0.06B,-2.44%,$-0.06B,$1.78B,-3.21%,$-0.06B,$0.18B,-44.36%,$-0.06B,$4.46B,-1.33%,$0.15B,$3.59B,3.90%,$630,$378,$253,$0,$108,$732,$-101,$-53,$-154,$-1,$-153,$-153,$-135,$-44,$-101,$78,78,$-1.73,$-1.65,$246,$0,$78,$466,$1966,$64,$1601,$108,$3997,$4463,$692,$1813,$46,$1994,$2685,$1,$338,$-8,$1778,$4463,$-62,$225,$283,$508,$-1,$0,$0,$49,$47,$493,$-361,$0,$-56,$0,$-64,$-64,$-256,$-737,$-171,$0,$-171,$-6,$-17,$0,$-35,$-223,$-467,$26,$0
32,2010-09-30,6.86,$24.50,0.28,$24.30,0.28,$1.36,5.04,$-3.65,0.0,$0.54B,$0.31B,1.75,$2.10B,$1.91B,1.1,$2.38B,$0.96B,40.10%,$2.38B,$-0.21B,-8.64%,$2.38B,$-0.21B,-8.64%,$2.38B,$0.02B,0.80%,$2.38B,$-0.34B,-14.26%,$2.38B,$-0.26B,-11.03%,$-0.26B,$1.91B,-13.94%,$-0.26B,$0.11B,-233.78%,$-0.26B,$4.49B,-5.74%,$-0.21B,$4.01B,-5.08%,$638,$377,$261,$0,$102,$528,$110,$-28,$83,$34,$48,$48,$39,$167,$110,$77,106,$0.51,$0.46,$355,$0,$78,$542,$1946,$71,$1796,$104,$3948,$4490,$309,$2098,$48,$2272,$2581,$1,$491,$-13,$1909,$4490,$91,$167,$53,$220,$-0,$0,$3,$88,$58,$370,$-284,$0,$-56,$0,$-50,$-50,$-25,$-415,$-241,$0,$-241,$-32,$-43,$0,$-28,$-312,$-358,$20,$0
33,2010-06-30,5.35,$24.04,0.22,$24.04,0.22,$1.03,5.22,$-3.91,0.0,$0.60B,$0.31B,1.92,$2.10B,$1.90B,1.11,$2.37B,$0.94B,39.86%,$2.37B,$-0.23B,-9.68%,$2.37B,$-0.23B,-9.68%,$2.37B,$-0.01B,-0.34%,$2.37B,$-0.38B,-15.98%,$2.37B,$-0.29B,-12.05%,$-0.29B,$1.90B,-14.56%,$-0.29B,$0.12B,-457.83%,$-0.29B,$4.47B,-5.97%,$-0.23B,$4.00B,-5.46%,$598,$356,$242,$0,$107,$547,$52,$-32,$20,$13,$7,$7,$7,$108,$52,$79,107,$0.09,$0.09,$398,$0,$78,$598,$1908,$38,$1780,$117,$3877,$4474,$311,$2098,$44,$2264,$2576,$1,$443,$-18,$1899,$4474,$43,$110,$44,$155,$-2,$0,$2,$58,$26,$223,$-210,$0,$-19,$0,$-14,$-14,$-33,$-275,$-239,$-6,$-245,$-7,$-18,$0,$0,$-263,$-315,$13,$0
34,2010-03-31,6.44,$23.82,0.27,$23.86,0.27,$1.23,5.26,$-3.73,0.0,$0.82B,$0.36B,2.25,$2.23B,$1.89B,1.18,$2.35B,$0.93B,39.59%,$2.35B,$-0.20B,-8.68%,$2.35B,$-0.20B,-8.68%,$2.35B,$0.01B,0.43%,$2.35B,$-0.35B,-14.77%,$2.35B,$-0.27B,-11.45%,$-0.27B,$1.89B,-13.29%,$-0.27B,$0.13B,-13450.00%,$-0.27B,$4.66B,-5.42%,$-0.20B,$4.11B,-4.73%,$592,$354,$238,$0,$95,$500,$92,$-36,$56,$20,$36,$36,$29,$147,$92,$79,107,$0.37,$0.34,$643,$0,$0,$820,$1909,$39,$1754,$97,$3836,$4656,$364,$2228,$45,$2405,$2770,$1,$434,$-24,$1886,$4656,$36,$54,$4,$58,$7,$0,$1,$43,$-1,$94,$-119,$0,$-9,$0,$0,$0,$11,$-117,$-32,$0,$-32,$1,$-10,$0,$-5,$-47,$-71,$6,$0
35,2009-12-31,6.3,$23.45,0.27,$24.07,0.26,$1.86,3.39,$-3.69,0.0,$0.93B,$0.43B,2.16,$2.25B,$1.85B,1.21,$2.37B,$0.94B,39.76%,$2.37B,$-0.20B,-8.23%,$2.37B,$-0.20B,-8.23%,$2.37B,$0.01B,0.42%,$2.37B,$-0.33B,-13.89%,$2.37B,$-0.27B,-11.19%,$-0.27B,$1.85B,-12.74%,$-0.27B,$0.09B,349.83%,$-0.27B,$4.71B,-5.21%,$-0.20B,$4.10B,-4.45%,$556,$341,$215,$0,$101,$1015,$-460,$-39,$-499,$-141,$-358,$-358,$-338,$-403,$-460,$78,78,$-4.32,$-4.24,$713,$0,$41,$929,$1838,$26,$1766,$113,$3784,$4713,$430,$2249,$54,$2430,$2861,$1,$397,$-26,$1852,$4713,$-267,$205,$412,$617,$-16,$0,$-5,$-10,$-12,$338,$-287,$0,$-9,$0,$38,$38,$-4,$-263,$-117,$0,$-117,$21,$21,$0,$-13,$-109,$-33,$28,$0
36,2009-09-30,6.4,$27.91,0.23,$23.71,0.27,$2.11,3.04,$-3.92,0.0,$0.97B,$0.35B,2.8,$2.38B,$2.19B,1.09,$2.38B,$0.96B,40.14%,$2.38B,$-0.15B,-6.29%,$2.38B,$-0.15B,-6.29%,$2.38B,$0.05B,1.89%,$2.38B,$-0.27B,-11.49%,$2.38B,$-0.31B,-12.84%,$-0.31B,$2.19B,-14.35%,$-0.31B,$-0.09B,196.15%,$-0.31B,$5.25B,-5.88%,$-0.15B,$4.58B,-3.37%,$620,$373,$248,$0,$110,$533,$87,$-42,$45,$24,$21,$21,$17,$140,$87,$78,107,$0.22,$0.20,$764,$0,$0,$969,$1820,$26,$2282,$109,$4282,$5251,$346,$2380,$69,$2711,$3057,$1,$753,$-32,$2194,$5251,$90,$149,$22,$170,$-18,$0,$-3,$20,$16,$277,$-225,$0,$0,$0,$38,$38,$-8,$-195,$-70,$0,$-70,$4,$4,$0,$2,$-63,$18,$22,$0
37,2009-06-30,6.74,$27.56,0.24,$25.01,0.27,$2.76,2.44,$-2.43,0.0,$0.99B,$0.44B,2.25,$2.28B,$2.16B,1.05,$2.38B,$0.96B,40.22%,$2.38B,$-0.14B,-5.92%,$2.38B,$-0.14B,-5.92%,$2.38B,$0.05B,2.06%,$2.38B,$-0.06B,-2.69%,$2.38B,$-0.18B,-7.39%,$-0.18B,$2.16B,-9.18%,$-0.18B,$-0.12B,35.47%,$-0.18B,$5.22B,-3.41%,$-0.14B,$4.45B,-3.35%,$581,$352,$229,$0,$93,$504,$77,$-26,$51,$22,$28,$28,$23,$126,$77,$78,107,$0.29,$0.27,$795,$0,$0,$989,$1818,$14,$2286,$80,$4228,$5217,$439,$2280,$59,$2614,$3053,$1,$731,$-32,$2164,$5217,$69,$96,$27,$123,$-13,$0,$-3,$3,$-27,$165,$-130,$0,$0,$0,$51,$51,$16,$-64,$-50,$-8,$-58,$3,$3,$0,$1,$-53,$49,$15,$0
38,2009-03-31,5.59,$26.96,0.21,$26.59,0.21,$2.24,2.49,$-2.28,0.0,$0.91B,$0.43B,2.12,$2.29B,$2.11B,1.08,$2.42B,$0.98B,40.55%,$2.42B,$-0.10B,-4.29%,$2.42B,$-0.10B,-4.29%,$2.42B,$0.09B,3.51%,$2.42B,$-0.05B,-1.90%,$2.42B,$-0.16B,-6.69%,$-0.16B,$2.11B,-9.65%,$-0.16B,$-0.18B,18.84%,$-0.16B,$5.17B,-3.17%,$-0.10B,$4.40B,-2.53%,$612,$362,$250,$0,$99,$511,$101,$-26,$74,$34,$41,$41,$33,$147,$101,$78,107,$0.42,$0.38,$738,$0,$0,$911,$1792,$14,$2291,$126,$4255,$5166,$430,$2285,$73,$2625,$3055,$1,$703,$-45,$2112,$5166,$41,$47,$14,$61,$4,$0,$-3,$17,$3,$104,$-62,$0,$0,$0,$0,$0,$0,$-62,$-45,$0,$-45,$1,$1,$0,$-6,$-50,$-8,$8,$0
39,2008-12-31,4.95,$26.33,0.19,$27.75,0.18,$1.47,3.36,$-2.20,0.0,$0.91B,$0.47B,1.93,$2.33B,$2.06B,1.13,$2.42B,$0.98B,40.61%,$2.42B,$-0.09B,-3.55%,$2.42B,$-0.09B,-3.55%,$2.42B,$0.10B,4.13%,$2.42B,$-0.05B,-1.94%,$2.42B,$-0.15B,-6.36%,$-0.15B,$2.06B,-10.71%,$-0.15B,$-0.24B,12.57%,$-0.15B,$5.19B,-3.04%,$-0.09B,$4.38B,-2.13%,$571,$341,$230,$0,$120,$986,$-415,$-29,$-444,$-66,$-379,$-379,$-379,$-368,$-415,$85,85,$-4.43,$-4.38,$746,$0,$0,$906,$1812,$14,$2292,$130,$4283,$5190,$470,$2325,$71,$2662,$3132,$1,$662,$-49,$2057,$5190,$-153,$185,$421,$606,$13,$0,$-0,$-1,$-33,$420,$-344,$0,$-0,$0,$-47,$-47,$0,$-391,$-546,$0,$-546,$-128,$1119,$0,$-30,$543,$572,$27,$0
40,2008-09-30,6.15,$15.53,0.4,$27.62,0.22,$1.53,4.02,$2.93,2.1,$0.29B,$0.49B,0.58,$2.29B,$1.33B,1.72,$2.44B,$0.98B,40.24%,$2.44B,$0.44B,18.05%,$2.44B,$0.44B,18.05%,$2.44B,$0.62B,25.43%,$2.44B,$0.46B,18.74%,$2.44B,$0.26B,10.54%,$0.26B,$1.33B,21.36%,$0.26B,$-1.45B,-16.23%,$0.26B,$5.05B,5.12%,$0.44B,$3.62B,11.17%,$618,$369,$249,$0,$108,$522,$96,$159,$255,$108,$147,$147,$147,$144,$96,$86,87,$1.72,$1.69,$126,$0,$0,$285,$1791,$15,$2783,$138,$4765,$5050,$493,$2288,$557,$3223,$3716,$1,$1041,$-15,$1334,$5050,$225,$139,$24,$162,$2,$0,$-2,$-18,$-17,$371,$-272,$0,$-0,$0,$-5,$-5,$0,$-278,$-582,$0,$-582,$-30,$-30,$0,$470,$-142,$-49,$19,$0
41,2008-06-30,7.44,$13.91,0.54,$27.63,0.27,$1.84,4.04,$1.76,4.23,$0.29B,$0.50B,0.59,$2.86B,$1.21B,2.36,$2.45B,$1.00B,40.91%,$2.45B,$0.48B,19.52%,$2.45B,$0.48B,19.52%,$2.45B,$0.65B,26.54%,$2.45B,$0.28B,11.60%,$2.45B,$0.16B,6.41%,$0.16B,$1.21B,13.75%,$0.16B,$-1.58B,-9.54%,$0.16B,$5.04B,3.16%,$0.48B,$4.07B,11.91%,$621,$368,$253,$0,$94,$507,$114,$-45,$69,$32,$37,$37,$37,$162,$114,$87,89,$0.43,$0.42,$124,$0,$0,$291,$1774,$15,$2785,$134,$4749,$5040,$498,$2855,$87,$3333,$3831,$1,$893,$-16,$1209,$5040,$78,$91,$16,$108,$2,$0,$1,$-30,$-6,$180,$-196,$0,$-0,$0,$0,$0,$0,$-196,$-18,$-16,$-34,$1,$1,$0,$0,$-33,$-50,$10,$0
42,2008-03-31,10.02,$13.22,0.76,$27.72,0.36,$3.57,2.81,$1.77,5.66,$0.30B,$0.48B,0.62,$2.91B,$1.15B,2.53,$2.45B,$1.01B,41.34%,$2.45B,$0.49B,20.06%,$2.45B,$0.49B,20.06%,$2.45B,$0.66B,26.78%,$2.45B,$0.29B,11.74%,$2.45B,$0.16B,6.44%,$0.16B,$1.15B,14.44%,$0.16B,$-1.64B,-9.33%,$0.16B,$5.01B,3.23%,$0.49B,$4.06B,12.39%,$613,$362,$252,$0,$93,$495,$119,$-46,$73,$32,$41,$41,$41,$162,$119,$87,89,$0.47,$0.46,$168,$0,$0,$296,$1733,$15,$2788,$130,$4709,$5006,$482,$2912,$84,$3374,$3856,$1,$856,$-34,$1149,$5006,$41,$43,$8,$51,$-4,$0,$-3,$7,$-6,$87,$-120,$0,$-0,$0,$0,$0,$0,$-120,$34,$-8,$26,$1,$1,$0,$0,$27,$-6,$4,$0
43,2007-12-31,13.65,$12.90,1.06,$27.63,0.49,$5.04,2.71,$1.80,7.58,$0.30B,$0.49B,0.61,$2.88B,$1.12B,2.57,$2.44B,$1.02B,41.71%,$2.44B,$0.50B,20.44%,$2.44B,$0.50B,20.44%,$2.44B,$0.66B,27.01%,$2.44B,$0.29B,11.99%,$2.44B,$0.16B,6.57%,$0.16B,$1.12B,15.26%,$0.16B,$-1.67B,-9.39%,$0.16B,$4.97B,3.36%,$0.50B,$4.00B,12.84%,$586,$359,$227,$0,$78,$475,$111,$-51,$60,$28,$32,$32,$32,$152,$111,$86,88,$0.37,$0.37,$174,$0,$0,$303,$1688,$16,$2791,$124,$4664,$4967,$494,$2881,$86,$3352,$3846,$1,$816,$-16,$1121,$4967,$160,$161,$45,$206,$-2,$0,$-22,$99,$65,$431,$-346,$0,$-265,$0,$0,$0,$0,$-612,$144,$0,$144,$25,$25,$0,$18,$186,$6,$25,$0
44,2007-09-30,13.53,$12.55,1.08,$27.62,0.49,$2.64,5.13,$2.44,5.54,$0.30B,$0.45B,0.67,$2.84B,$1.09B,2.61,$2.42B,$1.03B,42.51%,$2.42B,$0.59B,24.18%,$2.42B,$0.59B,24.18%,$2.42B,$0.74B,30.66%,$2.42B,$0.38B,15.60%,$2.42B,$0.22B,8.87%,$0.22B,$1.09B,21.54%,$0.22B,$-1.70B,-12.61%,$0.22B,$4.84B,4.62%,$0.59B,$3.92B,15.39%,$629,$359,$270,$0,$99,$496,$134,$-52,$82,$35,$47,$47,$47,$174,$134,$86,89,$0.54,$0.52,$179,$0,$0,$304,$1554,$16,$2787,$133,$4539,$4844,$452,$2837,$82,$3304,$3756,$1,$783,$-4,$1087,$4844,$128,$120,$32,$152,$4,$0,$-27,$111,$66,$346,$-218,$0,$-253,$0,$0,$0,$0,$-471,$95,$0,$95,$21,$21,$0,$19,$135,$11,$0,$0
45,2007-06-30,13.77,$11.91,1.16,$27.30,0.5,$0.88,15.72,$3.71,3.71,$0.26B,$0.38B,0.69,$2.87B,$1.02B,2.82,$2.38B,$1.01B,42.44%,$2.38B,$0.58B,24.37%,$2.38B,$0.58B,24.37%,$2.38B,$0.73B,30.71%,$2.38B,$0.37B,15.67%,$2.38B,$0.32B,13.57%,$0.32B,$1.02B,34.65%,$0.32B,$-1.77B,-18.67%,$0.32B,$4.73B,7.13%,$0.58B,$3.89B,15.56%,$625,$360,$265,$0,$99,$497,$128,$-55,$73,$35,$38,$38,$38,$169,$128,$85,88,$0.45,$0.43,$160,$0,$0,$262,$1498,$16,$2788,$117,$4471,$4733,$380,$2873,$69,$3333,$3712,$1,$737,$8,$1021,$4733,$81,$79,$20,$100,$13,$0,$-26,$133,$96,$277,$-141,$0,$-253,$0,$0,$0,$0,$-394,$115,$0,$115,$7,$7,$0,$-14,$108,$-9,$0,$0
46,2007-03-31,9.72,$11.28,0.86,$26.40,0.37,$-1.15,0.0,$3.77,2.58,$0.29B,$0.36B,0.79,$2.74B,$0.96B,2.84,$2.29B,$0.97B,42.43%,$2.29B,$0.57B,25.03%,$2.29B,$0.57B,25.03%,$2.29B,$0.71B,31.14%,$2.29B,$0.38B,16.40%,$2.29B,$0.33B,14.30%,$0.33B,$0.96B,38.77%,$0.33B,$-1.68B,-18.62%,$0.33B,$4.51B,7.43%,$0.57B,$3.70B,15.85%,$596,$343,$254,$0,$93,$471,$125,$-48,$77,$34,$43,$43,$43,$163,$125,$85,87,$0.51,$0.49,$171,$0,$0,$286,$1405,$16,$2642,$106,$4224,$4510,$361,$2737,$60,$3184,$3545,$1,$699,$0,$964,$4510,$43,$39,$11,$49,$9,$0,$-21,$122,$77,$169,$-73,$0,$-51,$0,$0,$0,$0,$-124,$-36,$-14,$-51,$5,$5,$0,$4,$-42,$2,$7,$0
47,2006-12-31,9.54,$10.82,0.88,$25.95,0.37,$-1.90,0.0,$3.77,2.53,$0.40B,$0.42B,0.97,$2.79B,$0.92B,3.03,$2.25B,$0.96B,42.67%,$2.25B,$0.58B,25.75%,$2.25B,$0.58B,25.75%,$2.25B,$0.71B,31.76%,$2.25B,$0.37B,16.53%,$2.25B,$0.33B,14.57%,$0.33B,$0.92B,43.05%,$0.33B,$-1.67B,-17.86%,$0.33B,$4.51B,7.53%,$0.58B,$3.71B,16.36%,$573,$332,$241,$0,$100,$374,$199,$-53,$146,$58,$88,$88,$87,$237,$199,$84,87,$1.03,$1.01,$169,$0,$0,$402,$1366,$16,$2596,$77,$4112,$4514,$416,$2789,$0,$3177,$3593,$1,$668,$3,$921,$4514,$327,$135,$-134,$1,$-6,$0,$12,$-31,$-46,$282,$-406,$0,$0,$0,$0,$0,$104,$-302,$19,$0,$19,$12,$12,$0,$26,$56,$36,$21,$0
