,Date,Stock Price,Book Value per Share,Price to Book Ratio,TTM Sales per Share,Price to Sales Ratio,TTM FCF per Share,Price to FCF Ratio,TTM Net EPS,PE Ratio,Current Assets,Current Liabilities,Current Ratio,Long Term Debt,Shareholder's Equity_x,Debt to Equity Ratio,TTM Revenue_x,TTM Gross Profit,Gross Margin,TTM Revenue_y,TTM Operating Income,Operating Margin,TTM Revenue_x,TTM EBIT,EBIT Margin,TTM Revenue_y,TTM EBITDA,EBITDA Margin,TTM Revenue_x,TTM Pre-Tax Income,Pre-Tax Margin,TTM Revenue_y,TTM Net Income_x,Net Margin,TTM Net Income_y,Shareholder's Equity_y,Return on Equity,TTM Net Income_x,Tangible Equity,Return on Tangible Equity,TTM Net Income_y,Total Assets,Return on Assets,TTM Net Income,LT Investments & Debt,Return on Investment,revenue,cost-goods-sold,gross-profit,research-development-expenses,selling-general-administrative-expenses,operating-expenses,operating-income,total-non-operating-income-expense,pre-tax-income,total-provision-income-taxes,income-after-taxes,income-from-continuous-operations,net-income,ebitda,ebit,basic-shares-outstanding,shares-outstanding,eps-basic-net-earnings-per-share,eps-earnings-per-share-diluted,cash-on-hand,inventory,other-current-assets,total-current-assets,net-property-plant-equipment,long-term-investments,goodwill-intangible-assets-total,other-long-term-assets,total-long-term-assets,total-assets,total-current-liabilities,long-term-debt,other-non-current-liabilities,total-long-term-liabilities,total-liabilities,common-stock-net,retained-earnings-accumulated-deficit,comprehensive-income,total-share-holder-equity,total-liabilities-share-holders-equity,net-income-loss,total-depreciation-amortization-cash-flow,other-non-cash-items,total-non-cash-items,change-in-accounts-receivable,change-in-inventories,change-in-accounts-payable,change-in-assets-liabilities,total-change-in-assets-liabilities,cash-flow-from-operating-activities,net-change-in-property-plant-equipment,net-change-in-intangible-assets,net-acquisitions-divestitures,net-change-in-short-term-investments,net-change-in-long-term-investments,net-change-in-investments-total,investing-activities-other,cash-flow-from-investing-activities,net-long-term-debt,net-current-debt,debt-issuance-retirement-net-total,net-common-equity-issued-repurchased,net-total-equity-issued-repurchased,total-common-preferred-stock-dividends-paid,financial-activities-other,cash-flow-from-financial-activities,net-cash-flow,stock-based-compensation,common-stock-dividends-paid
0,2018-09-30,111.8,$7.36,15.2,$45.22,2.47,$6.28,17.79,$3.47,32.22,$25.84B,$19.70B,1.31,$30.64B,$10.39B,2.95,$64.66B,$35.15B,54.36%,$64.66B,$10.48B,16.21%,$64.66B,$10.48B,16.21%,$64.66B,$12.88B,19.92%,$64.66B,$9.59B,14.82%,$64.66B,$4.95B,7.66%,$4.95B,$10.39B,46.51%,$4.95B,$-17.41B,-28.03%,$4.95B,$73.63B,6.31%,$10.48B,$41.03B,24.72%,$16485,$7527,$8958,$0,$6114,$13641,$2844,$-147,$2697,$188,$2509,$2509,$2498,$3410,$2844,$1414,1424,$1.77,$1.75,$13898,$3142,$0,$25842,$16541,$2394,$27798,$1057,$47790,$73632,$19704,$30643,$9538,$43539,$63243,$24,$54404,$-14253,$10389,$73632,$5692,$1636,$-1169,$467,$-1299,$-362,$0,$-158,$-1070,$4732,$-1459,$0,$41,$7016,$0,$7016,$0,$5598,$-2506,$-1399,$-3905,$-1227,$-1229,$-3621,$-116,$-8871,$1386,$203,$-3621
1,2018-06-30,108.87,$7.22,15.07,$44.94,2.42,$7.25,15.02,$3.21,33.92,$30.37B,$24.56B,1.24,$30.64B,$10.22B,3.0,$64.42B,$35.06B,54.43%,$64.42B,$10.56B,16.40%,$64.42B,$10.56B,16.40%,$64.42B,$12.97B,20.13%,$64.42B,$9.66B,15.00%,$64.42B,$4.60B,7.14%,$4.60B,$10.22B,40.33%,$4.60B,$-18.00B,-26.87%,$4.60B,$78.73B,5.77%,$10.56B,$40.86B,24.36%,$16090,$7263,$8827,$0,$5799,$13062,$3028,$-128,$2900,$1070,$1830,$1830,$1820,$3602,$3028,$1417,1426,$1.28,$1.28,$18129,$3491,$0,$30370,$16762,$2401,$28221,$977,$48361,$78731,$24558,$30638,$9968,$43952,$68510,$24,$53223,$-13580,$10221,$78731,$3183,$1070,$-805,$265,$-1019,$-637,$0,$-224,$-2068,$1087,$-902,$0,$92,$4637,$0,$4637,$0,$3827,$-2502,$4074,$1572,$-839,$-841,$-2305,$-84,$-1658,$3237,$146,$-2305
2,2018-03-31,108.15,$7.74,13.97,$44.56,2.43,$8.09,13.36,$3.39,31.9,$33.05B,$25.89B,1.28,$31.93B,$10.99B,2.91,$64.04B,$34.89B,54.48%,$64.04B,$10.45B,16.32%,$64.04B,$10.45B,16.32%,$64.04B,$12.84B,20.05%,$64.04B,$9.54B,14.89%,$64.04B,$4.88B,7.62%,$4.88B,$10.99B,40.76%,$4.88B,$-17.65B,-29.46%,$4.88B,$81.89B,6.16%,$10.45B,$42.92B,23.72%,$12562,$5655,$6907,$0,$5100,$10755,$1807,$-150,$1657,$304,$1353,$1353,$1343,$2303,$1807,$1420,1430,$0.94,$0.94,$20610,$3335,$0,$33047,$17141,$2115,$28638,$946,$48840,$81887,$25885,$31931,$9855,$45017,$70902,$24,$52726,$-12717,$10985,$81887,$1353,$496,$-1372,$-876,$-162,$-383,$0,$-347,$-1764,$-1309,$-343,$0,$6,$1733,$0,$1733,$0,$1396,$0,$4290,$4290,$-368,$-370,$-1160,$-78,$2682,$2818,$80,$-1160
3,2017-12-31,117.94,$7.73,15.25,$44.14,2.67,$8.90,13.25,$3.37,35.0,$31.03B,$20.50B,1.51,$33.80B,$11.14B,3.04,$63.53B,$34.74B,54.69%,$63.53B,$10.51B,16.54%,$63.53B,$10.51B,16.54%,$63.53B,$12.88B,20.27%,$63.53B,$9.60B,15.12%,$63.53B,$4.86B,7.65%,$4.86B,$10.98B,39.97%,$4.86B,$-17.60B,-29.83%,$4.86B,$79.80B,6.27%,$10.51B,$44.78B,24.00%,$19526,$9068,$10458,$0,$7655,$16723,$2803,$-472,$2331,$3026,$-695,$-695,$-710,$3568,$2803,$1425,1438,$-0.49,$-0.48,$19510,$2947,$0,$31027,$17240,$2042,$28582,$913,$48777,$79804,$20502,$33796,$11283,$48321,$68823,$24,$52839,$-13057,$10981,$79804,$4908,$2369,$3204,$5573,$-202,$-168,$0,$20,$-487,$9994,$-2789,$0,$206,$-1849,$0,$-1849,$29,$-4403,$3103,$-1053,$2050,$-1538,$-1543,$-4472,$-221,$-4186,$1452,$292,$-4472
4,2017-09-30,108.84,$9.42,11.55,$44.00,2.47,$9.22,11.81,$4.84,22.49,$30.20B,$22.36B,1.35,$31.45B,$13.57B,2.32,$63.51B,$34.85B,54.87%,$63.51B,$10.09B,15.88%,$63.51B,$10.09B,15.88%,$63.51B,$12.45B,19.60%,$63.51B,$9.10B,14.33%,$63.51B,$6.97B,10.97%,$6.97B,$13.41B,57.09%,$6.97B,$-15.17B,-43.42%,$6.97B,$78.46B,9.18%,$10.09B,$44.86B,23.51%,$16240,$7368,$8872,$0,$5948,$13316,$2924,$-148,$2776,$620,$2156,$2156,$2144,$3497,$2924,$1425,1438,$1.50,$1.49,$18278,$3251,$0,$30197,$16960,$1950,$28585,$771,$48266,$78463,$22358,$31452,$6823,$42694,$65052,$24,$54698,$-12875,$13411,$78463,$5603,$1604,$448,$2052,$-999,$-424,$0,$-119,$-1405,$6087,$-1392,$0,$98,$-993,$0,$-993,$9,$-2278,$269,$1512,$1781,$-1068,$-1072,$-3324,$-160,$-2775,$1110,$206,$-3324
5,2017-06-30,112.02,$8.79,12.75,$43.75,2.56,$9.61,11.65,$4.72,23.73,$29.25B,$22.11B,1.32,$31.21B,$12.68B,2.46,$63.30B,$34.72B,54.86%,$63.30B,$9.98B,15.77%,$63.30B,$9.98B,15.77%,$63.30B,$12.34B,19.49%,$63.30B,$8.93B,14.11%,$63.30B,$6.82B,10.77%,$6.82B,$12.53B,56.65%,$6.82B,$-15.85B,-42.62%,$6.82B,$76.94B,9.12%,$9.98B,$43.74B,23.66%,$15710,$7059,$8651,$0,$5732,$12791,$2919,$-145,$2774,$656,$2118,$2118,$2105,$3473,$2919,$1428,1441,$1.47,$1.46,$17160,$3612,$0,$29248,$16742,$1962,$28383,$608,$47695,$76943,$22113,$31205,$6666,$42300,$64413,$24,$53706,$-13174,$12530,$76943,$3447,$1031,$270,$1301,$-733,$-826,$0,$-250,$-2337,$2251,$-848,$0,$103,$166,$0,$166,$8,$-571,$2522,$-178,$2344,$-626,$-628,$-2175,$-123,$-582,$1134,$143,$-2175
6,2017-03-31,107.76,$8.17,13.19,$43.42,2.48,$10.18,10.59,$4.64,23.22,$27.15B,$21.64B,1.25,$30.08B,$11.84B,2.54,$62.99B,$34.64B,54.99%,$62.99B,$10.03B,15.92%,$62.99B,$10.03B,15.92%,$62.99B,$12.39B,19.68%,$62.99B,$8.89B,14.11%,$62.99B,$6.72B,10.66%,$6.72B,$11.68B,55.99%,$6.72B,$-16.50B,-42.31%,$6.72B,$74.62B,9.12%,$10.03B,$41.76B,23.84%,$12049,$5290,$6759,$0,$4896,$10186,$1863,$-142,$1721,$392,$1329,$1329,$1318,$2340,$1863,$1428,1440,$0.92,$0.91,$15989,$3282,$0,$27150,$16649,$2003,$28181,$639,$47472,$74622,$21644,$30081,$6693,$41295,$62939,$24,$52756,$-13416,$11683,$74622,$1329,$477,$186,$663,$-128,$-513,$0,$-299,$-2154,$-193,$-305,$0,$5,$568,$0,$568,$1,$269,$-752,$2424,$1672,$-199,$-200,$-1098,$-117,$257,$376,$72,$-1098
7,2016-12-31,100.11,$7.84,12.77,$43.18,2.32,$10.48,9.55,$4.36,22.96,$26.45B,$21.14B,1.25,$30.05B,$11.35B,2.65,$62.80B,$34.59B,55.08%,$62.80B,$9.79B,15.58%,$62.80B,$9.79B,15.58%,$62.80B,$12.15B,19.35%,$62.80B,$8.55B,13.62%,$62.80B,$6.33B,10.08%,$6.33B,$11.20B,53.27%,$6.33B,$-16.66B,-40.22%,$6.33B,$73.49B,8.73%,$9.79B,$41.25B,23.19%,$19515,$8944,$10571,$0,$8239,$17134,$2381,$-550,$1831,$414,$1417,$1417,$1401,$3138,$2381,$1439,1452,$0.98,$0.97,$16125,$2723,$0,$26450,$16591,$1950,$27863,$636,$47040,$73490,$21135,$30053,$6669,$41156,$62291,$24,$52518,$-13919,$11199,$73490,$6379,$2368,$1014,$3382,$-349,$-75,$0,$10,$912,$10673,$-2941,$0,$-127,$-4089,$0,$-4089,$9,$-7148,$2209,$1537,$3746,$-2535,$-2542,$-4227,$-188,$-3211,$62,$284,$-4227
8,2016-09-30,103.29,$8.86,11.66,$42.26,2.44,$10.67,9.68,$4.56,22.65,$27.10B,$20.59B,1.32,$29.32B,$12.87B,2.28,$61.87B,$34.12B,55.14%,$61.87B,$9.64B,15.59%,$61.87B,$9.64B,15.59%,$61.87B,$12.03B,19.44%,$61.87B,$8.67B,14.02%,$61.87B,$6.65B,10.74%,$6.65B,$12.72B,54.98%,$6.65B,$-14.96B,-43.22%,$6.65B,$73.90B,9.29%,$9.64B,$42.04B,22.85%,$16027,$7284,$8743,$0,$5904,$13206,$2821,$-217,$2604,$600,$2004,$2004,$1992,$3388,$2821,$1438,1452,$1.38,$1.37,$14780,$3120,$0,$27099,$16305,$1975,$27675,$843,$46798,$73897,$20589,$29322,$6088,$40590,$61179,$24,$52200,$-12829,$12718,$73897,$4962,$1611,$873,$2484,$-1301,$-381,$0,$-141,$-487,$6824,$-1507,$0,$60,$-1593,$0,$-1593,$9,$-3031,$270,$2069,$2339,$-1664,$-1667,$-3144,$-143,$-2615,$1160,$190,$-3144
9,2016-06-30,99.9,$8.59,11.63,$42.23,2.37,$10.64,9.39,$3.55,28.14,$25.88B,$18.46B,1.4,$30.85B,$12.52B,2.46,$62.17B,$34.22B,55.03%,$62.17B,$8.24B,13.25%,$62.17B,$8.24B,13.25%,$62.17B,$10.62B,17.09%,$62.17B,$7.26B,11.68%,$62.17B,$5.19B,8.34%,$5.19B,$12.38B,42.16%,$5.19B,$-15.37B,-34.14%,$5.19B,$72.71B,7.35%,$8.24B,$43.22B,19.77%,$15395,$6830,$8565,$0,$5584,$12431,$2964,$-233,$2731,$718,$2013,$2013,$2005,$3527,$2964,$1443,1456,$1.39,$1.38,$13379,$3487,$0,$25878,$16219,$2002,$27745,$867,$46833,$72711,$18459,$30847,$5873,$41876,$60335,$24,$51295,$-12813,$12376,$72711,$2958,$1044,$596,$1640,$-1049,$-755,$0,$-202,$-1375,$3107,$-872,$0,$71,$-808,$0,$-808,$1,$-1608,$-551,$2819,$2268,$-1036,$-1038,$-2060,$-106,$-936,$550,$123,$-2060
10,2016-03-31,95.93,$7.77,12.35,$42.34,2.27,$10.41,9.21,$3.50,27.41,$23.97B,$16.84B,1.42,$31.07B,$11.38B,2.73,$62.70B,$34.32B,54.74%,$62.70B,$8.18B,13.04%,$62.70B,$8.18B,13.04%,$62.70B,$10.58B,16.87%,$62.70B,$7.23B,11.53%,$62.70B,$5.16B,8.23%,$5.16B,$11.23B,38.74%,$5.16B,$-15.95B,-35.68%,$5.16B,$70.02B,7.33%,$8.18B,$42.30B,20.06%,$11862,$5151,$6711,$0,$5078,$10243,$1619,$-232,$1387,$442,$945,$945,$931,$2100,$1619,$1446,1459,$0.64,$0.64,$12144,$3219,$0,$23966,$16105,$1935,$27181,$832,$46053,$70019,$16842,$31068,$5811,$41946,$58788,$24,$50383,$-13569,$11231,$70019,$945,$481,$428,$909,$-349,$-530,$0,$-255,$-1477,$305,$-364,$0,$55,$-1103,$0,$-1103,$0,$-1412,$1281,$471,$1752,$-454,$-456,$-1038,$-101,$157,$-972,$69,$-1038
11,2015-12-31,92.87,$8.31,11.18,$42.34,2.19,$10.46,8.88,$3.67,25.3,$23.03B,$17.58B,1.31,$29.21B,$12.18B,2.4,$63.06B,$34.33B,54.44%,$63.06B,$8.35B,13.25%,$63.06B,$8.35B,13.25%,$63.06B,$10.77B,17.08%,$63.06B,$7.44B,11.80%,$63.06B,$5.45B,8.65%,$5.45B,$12.03B,37.56%,$5.45B,$-15.23B,-40.10%,$5.45B,$69.67B,7.75%,$8.35B,$41.24B,21.00%,$18585,$8487,$10098,$0,$7911,$16345,$2240,$-289,$1951,$218,$1733,$1733,$1718,$3012,$2240,$1469,1485,$1.19,$1.17,$12009,$2720,$0,$23031,$16317,$2311,$27258,$750,$46636,$69667,$17578,$29213,$5887,$40059,$57637,$24,$50472,$-13319,$12030,$69667,$5501,$2416,$1955,$4371,$-461,$-244,$0,$-50,$992,$10864,$-2672,$0,$-10,$-314,$0,$-314,$-573,$-3569,$4607,$25,$4632,$-4496,$-4501,$-4040,$-203,$-4112,$2962,$295,$-4040
12,2015-09-30,87.03,$9.29,9.37,$42.88,2.03,$10.03,8.68,$3.37,25.82,$22.81B,$19.07B,1.2,$26.32B,$13.72B,1.92,$64.42B,$34.46B,53.49%,$64.42B,$8.14B,12.64%,$64.42B,$8.14B,12.64%,$64.42B,$10.62B,16.48%,$64.42B,$7.27B,11.29%,$64.42B,$5.04B,7.82%,$5.04B,$13.58B,31.70%,$5.04B,$-14.22B,-39.78%,$5.04B,$69.90B,7.14%,$8.14B,$39.90B,20.46%,$16331,$7490,$8841,$0,$6048,$14915,$1416,$-223,$1193,$650,$543,$543,$533,$1985,$1416,$1467,1483,$0.36,$0.36,$10679,$3124,$0,$22814,$16131,$2285,$27800,$872,$47088,$69902,$19071,$26318,$5915,$37252,$56323,$24,$49767,$-12514,$13579,$69902,$3768,$1644,$1866,$3510,$-1553,$-574,$0,$-157,$-268,$6775,$-1400,$0,$51,$614,$0,$614,$-571,$-1306,$1653,$1413,$3066,$-2872,$-2875,$-3008,$59,$-2758,$2564,$208,$-3008
13,2015-06-30,85.49,$11.18,7.64,$43.16,1.98,$9.82,8.71,$4.33,19.74,$23.07B,$21.55B,1.07,$23.08B,$16.61B,1.39,$65.31B,$34.84B,53.35%,$65.31B,$9.58B,14.66%,$65.31B,$9.58B,14.66%,$65.31B,$12.11B,18.55%,$65.31B,$8.73B,13.37%,$65.31B,$6.51B,9.97%,$6.51B,$16.46B,35.60%,$6.51B,$-12.48B,-57.93%,$6.51B,$72.26B,8.90%,$9.58B,$39.54B,23.08%,$15923,$7251,$8672,$0,$5753,$13023,$2900,$-203,$2697,$703,$1994,$1994,$1980,$3479,$2900,$1476,1491,$1.34,$1.33,$9579,$3931,$0,$23069,$16736,$2626,$28943,$888,$49193,$72262,$21546,$23075,$5908,$34252,$55798,$25,$50268,$-11101,$16464,$72262,$3225,$1075,$160,$1235,$-1309,$-862,$0,$-264,$-1590,$2761,$-806,$0,$58,$593,$0,$593,$-3,$-158,$433,$2247,$2680,$-1880,$-1882,$-1973,$76,$-1099,$1428,$144,$-1973
14,2015-03-31,86.94,$10.81,8.04,$43.51,2.0,$9.68,8.98,$4.29,20.26,$20.92B,$20.13B,1.04,$22.40B,$16.13B,1.39,$66.28B,$35.28B,53.24%,$66.28B,$9.57B,14.44%,$66.28B,$9.57B,14.44%,$66.28B,$12.16B,18.35%,$66.28B,$8.74B,13.19%,$66.28B,$6.51B,9.82%,$6.51B,$15.99B,32.41%,$6.51B,$-12.45B,-63.29%,$6.51B,$69.63B,8.65%,$9.57B,$38.39B,21.80%,$12217,$5503,$6714,$0,$4901,$10420,$1797,$-196,$1601,$370,$1231,$1231,$1221,$2293,$1797,$1484,1503,$0.82,$0.81,$8495,$3462,$0,$20922,$16678,$2626,$28439,$960,$48703,$69625,$20127,$22403,$5882,$33509,$53636,$25,$49335,$-11566,$15989,$69625,$1231,$496,$29,$525,$-435,$-414,$0,$-262,$-1506,$270,$-259,$0,$59,$520,$0,$520,$0,$320,$-2052,$3737,$1685,$-953,$-954,$-978,$37,$-210,$276,$76,$-978
15,2014-12-31,85.4,$11.79,7.24,$43.58,1.96,$9.56,8.93,$4.27,20.0,$20.66B,$18.09B,1.14,$23.82B,$17.69B,1.35,$66.68B,$35.45B,53.15%,$66.68B,$9.58B,14.37%,$66.68B,$9.58B,14.37%,$66.68B,$12.21B,18.30%,$66.68B,$8.76B,13.13%,$66.68B,$6.50B,9.75%,$6.50B,$17.55B,29.82%,$6.50B,$-11.51B,-68.90%,$6.50B,$70.51B,8.42%,$9.58B,$41.37B,20.78%,$19948,$9718,$10230,$0,$8172,$17917,$2031,$-250,$1781,$455,$1326,$1326,$1304,$2862,$2031,$1509,1527,$0.88,$0.87,$8726,$3143,$0,$20663,$17244,$2689,$29053,$860,$49846,$70509,$18092,$23821,$5744,$34869,$52961,$25,$49092,$-10669,$17548,$70509,$6558,$2625,$433,$3058,$-343,$-111,$0,$80,$1159,$10506,$-2744,$0,$115,$-2298,$0,$-2298,$-10,$-4937,$1666,$-1997,$-331,$-4257,$-4267,$-3730,$64,$-8264,$-3241,$297,$-3730
16,2014-09-30,83.51,$15.43,5.41,$43.41,1.92,$8.97,9.31,$4.52,18.48,$26.59B,$22.84B,1.16,$23.49B,$23.32B,1.01,$66.85B,$35.77B,53.50%,$66.85B,$9.95B,14.88%,$66.85B,$9.95B,14.88%,$66.85B,$12.59B,18.83%,$66.85B,$9.14B,13.67%,$66.85B,$6.95B,10.39%,$6.95B,$23.19B,29.54%,$6.95B,$-8.54B,-80.51%,$6.95B,$80.47B,8.80%,$9.95B,$46.68B,20.75%,$17218,$7995,$9223,$0,$6354,$14371,$2847,$-192,$2655,$637,$2018,$2018,$2008,$3479,$2847,$1507,1525,$1.33,$1.32,$12906,$3784,$0,$26590,$17929,$1946,$31725,$2276,$53876,$80466,$22844,$23489,$5076,$34435,$57279,$25,$48764,$-6146,$23187,$80466,$5232,$1794,$374,$2168,$-1582,$-481,$0,$-18,$-429,$6693,$-1480,$0,$105,$-5306,$0,$-5306,$3,$-6678,$1178,$2139,$3317,$-2646,$-2653,$-2745,$54,$-2027,$-2093,$207,$-2745
17,2014-06-30,79.59,$15.62,5.1,$42.95,1.85,$8.89,8.95,$4.43,17.97,$25.80B,$20.23B,1.28,$25.61B,$23.73B,1.08,$66.54B,$35.51B,53.36%,$66.54B,$9.88B,14.85%,$66.54B,$9.88B,14.85%,$66.54B,$12.52B,18.82%,$66.54B,$9.06B,13.62%,$66.54B,$6.85B,10.30%,$6.85B,$23.60B,29.38%,$6.85B,$-8.65B,-75.98%,$6.85B,$80.43B,8.78%,$9.88B,$49.21B,20.61%,$16894,$7778,$9116,$0,$6198,$13998,$2896,$-191,$2705,$718,$1987,$1987,$1976,$3526,$2896,$1515,1532,$1.30,$1.29,$11299,$4194,$0,$25795,$18174,$1902,$32247,$2315,$54638,$80433,$20228,$25606,$4927,$36605,$56833,$25,$47748,$-5481,$23600,$80433,$3214,$1162,$277,$1439,$-1554,$-822,$0,$-152,$-1772,$2672,$-879,$0,$92,$-3380,$0,$-3380,$5,$-4162,$1709,$1548,$3257,$-1818,$-1821,$-1752,$61,$-255,$-1768,$140,$-1752
18,2014-03-31,73.83,$15.07,4.9,$42.65,1.73,$9.08,8.13,$4.42,16.7,$23.29B,$19.46B,1.2,$24.24B,$23.03B,1.05,$66.46B,$35.30B,53.12%,$66.46B,$9.85B,14.83%,$66.46B,$9.85B,14.83%,$66.46B,$12.50B,18.81%,$66.46B,$9.04B,13.60%,$66.46B,$6.88B,10.36%,$6.88B,$22.89B,29.78%,$6.88B,$-9.06B,-73.31%,$6.88B,$77.49B,8.92%,$9.85B,$47.13B,20.91%,$12623,$5747,$6876,$0,$5048,$10816,$1807,$-191,$1616,$389,$1227,$1227,$1215,$2339,$1807,$1524,1540,$0.80,$0.79,$10086,$3748,$0,$23285,$18129,$1890,$31956,$2233,$54208,$77493,$19457,$24240,$4811,$35143,$54600,$25,$46770,$-5940,$22893,$77493,$1227,$532,$195,$727,$-358,$-406,$0,$-234,$-1636,$181,$-348,$0,$61,$59,$0,$59,$5,$-223,$338,$2125,$2463,$-1078,$-1080,$-888,$47,$542,$464,$72,$-888
19,2013-12-31,72.83,$15.95,4.57,$42.50,1.71,$9.45,7.7,$4.32,16.86,$22.20B,$17.84B,1.25,$24.33B,$24.52B,0.99,$66.42B,$35.17B,52.96%,$66.42B,$9.71B,14.61%,$66.42B,$9.71B,14.61%,$66.42B,$12.37B,18.62%,$66.42B,$8.89B,13.39%,$66.42B,$6.74B,10.15%,$6.74B,$24.39B,29.30%,$6.74B,$-8.26B,-68.53%,$6.74B,$77.48B,8.80%,$9.71B,$48.72B,20.75%,$20118,$9565,$10553,$0,$8120,$17720,$2398,$-234,$2164,$410,$1754,$1754,$1747,$3246,$2398,$1541,1560,$1.14,$1.12,$9678,$3409,$0,$22203,$18575,$2623,$32652,$1425,$55275,$77478,$17839,$24333,$4931,$35250,$53089,$25,$46420,$-5127,$24389,$77478,$6787,$2663,$-371,$2292,$-88,$4,$0,$-51,$958,$9688,$-2686,$0,$21,$61,$0,$61,$-21,$-2625,$301,$1165,$1466,$-1878,$-1885,$-3434,$64,$-3789,$3078,$303,$-3434
20,2013-09-30,69.33,$14.58,4.76,$42.28,1.64,$8.68,7.98,$4.26,16.27,$22.93B,$18.47B,1.24,$24.29B,$22.53B,1.08,$66.25B,$34.92B,52.71%,$66.25B,$9.52B,14.37%,$66.25B,$9.52B,14.37%,$66.25B,$12.19B,18.40%,$66.25B,$8.70B,13.13%,$66.25B,$6.65B,10.04%,$6.65B,$22.40B,29.55%,$6.65B,$-10.09B,-63.09%,$6.65B,$76.81B,8.77%,$9.52B,$46.70B,20.66%,$16909,$7946,$8963,$0,$6158,$14129,$2780,$-203,$2577,$654,$1923,$1923,$1913,$3410,$2780,$1542,1561,$1.24,$1.23,$9559,$3738,$0,$22931,$18072,$1823,$32496,$1492,$53883,$76814,$18468,$24293,$6604,$35944,$54412,$26,$45554,$-6907,$22402,$76814,$5033,$1815,$323,$2138,$-1262,$-337,$0,$-156,$-210,$6662,$-1446,$0,$89,$-8,$0,$-8,$-13,$-1378,$1231,$188,$1419,$-1050,$-1055,$-2558,$59,$-2135,$2907,$219,$-2558
21,2013-06-30,70.82,$14.72,4.81,$42.02,1.69,$7.73,9.16,$4.24,16.7,$21.96B,$19.16B,1.15,$23.21B,$22.89B,1.01,$65.99B,$34.78B,52.69%,$65.99B,$9.54B,14.46%,$65.99B,$9.54B,14.46%,$65.99B,$12.21B,18.51%,$65.99B,$8.74B,13.24%,$65.99B,$6.64B,10.06%,$6.64B,$22.77B,29.77%,$6.64B,$-10.13B,-61.05%,$6.64B,$76.65B,8.83%,$9.54B,$45.98B,20.86%,$16807,$7898,$8909,$0,$6013,$13938,$2869,$-190,$2679,$654,$2025,$2025,$2007,$3503,$2869,$1548,1567,$1.30,$1.28,$8139,$4131,$0,$21963,$18390,$1839,$32893,$1568,$54690,$76653,$19162,$23212,$6414,$34726,$53888,$26,$44523,$-6275,$22765,$76653,$3110,$1185,$35,$1220,$-1088,$-659,$0,$-241,$-1045,$3015,$-881,$0,$112,$-4,$0,$-4,$-13,$-786,$546,$753,$1299,$-205,$-209,$-1677,$60,$-527,$1496,$149,$-1677
22,2013-03-31,68.03,$14.54,4.68,$41.70,1.63,$6.62,10.28,$3.90,17.44,$19.91B,$17.99B,1.11,$23.23B,$22.59B,1.03,$65.65B,$34.41B,52.42%,$65.65B,$9.05B,13.78%,$65.65B,$9.05B,13.78%,$65.65B,$11.73B,17.87%,$65.65B,$8.23B,12.53%,$65.65B,$6.12B,9.32%,$6.12B,$22.46B,28.12%,$6.12B,$-10.86B,-53.85%,$6.12B,$75.36B,8.26%,$9.05B,$45.69B,20.24%,$12581,$5834,$6747,$0,$5066,$10923,$1658,$-187,$1471,$386,$1085,$1085,$1073,$2209,$1658,$1544,1563,$0.69,$0.69,$7011,$3920,$0,$19910,$18844,$1676,$33319,$1606,$55445,$75355,$17994,$23225,$6621,$34897,$52891,$26,$43395,$-5607,$22464,$75355,$1085,$551,$161,$712,$-175,$-351,$0,$-201,$-1061,$702,$-295,$0,$-30,$40,$0,$40,$0,$-285,$1301,$-153,$1148,$-177,$-179,$-831,$35,$173,$418,$77,$-831
23,2012-12-31,58.43,$14.51,4.03,$41.50,1.41,$5.73,10.19,$3.92,14.9,$18.72B,$17.09B,1.1,$23.54B,$22.52B,1.05,$65.49B,$34.20B,52.22%,$65.49B,$9.11B,13.91%,$65.49B,$9.11B,13.91%,$65.49B,$11.80B,18.02%,$65.49B,$8.30B,12.68%,$65.49B,$6.17B,9.42%,$6.17B,$22.40B,28.20%,$6.17B,$-11.10B,-53.78%,$6.17B,$74.64B,8.36%,$9.11B,$45.94B,20.46%,$19954,$9654,$10300,$0,$8050,$17741,$2213,$-244,$1969,$302,$1667,$1667,$1659,$3065,$2213,$1557,1575,$1.07,$1.06,$6619,$3581,$0,$18720,$19136,$1633,$33496,$1653,$55918,$74638,$17089,$23544,$6543,$35150,$52239,$26,$43158,$-5487,$22399,$74638,$6214,$2689,$-658,$2031,$-250,$144,$0,$89,$434,$8479,$-2619,$0,$-459,$61,$0,$61,$12,$-3005,$3550,$-1461,$2089,$-2097,$-2104,$-3305,$14,$-3306,$2230,$278,$-3305
24,2012-09-30,59.96,$13.92,4.31,$41.45,1.45,$5.58,10.76,$3.75,15.99,$19.27B,$16.22B,1.19,$23.73B,$21.71B,1.09,$65.70B,$34.33B,52.25%,$65.70B,$9.15B,13.92%,$65.70B,$9.15B,13.92%,$65.70B,$11.84B,18.03%,$65.70B,$8.33B,12.69%,$65.70B,$5.93B,9.02%,$5.93B,$21.58B,27.55%,$5.93B,$-11.43B,-50.27%,$5.93B,$74.02B,8.07%,$9.15B,$45.32B,21.06%,$16652,$7833,$8819,$0,$5992,$13852,$2800,$-181,$2619,$706,$1913,$1913,$1901,$3436,$2800,$1556,1575,$1.22,$1.21,$5711,$3905,$0,$19270,$18530,$1585,$33011,$1621,$54747,$74017,$16220,$23732,$7551,$36213,$52433,$31,$42332,$-6086,$21584,$74017,$4547,$1837,$-666,$1171,$-1300,$-234,$0,$-83,$-600,$5118,$-1351,$0,$-367,$-21,$0,$-21,$11,$-1728,$3850,$-2194,$1656,$-1401,$-1406,$-2470,$56,$-2164,$1242,$193,$-2470
25,2012-06-30,59.42,$13.22,4.5,$41.87,1.42,$5.63,10.55,$3.79,15.68,$18.03B,$18.27B,0.99,$21.29B,$20.71B,1.03,$66.63B,$34.64B,51.99%,$66.63B,$9.25B,13.89%,$66.63B,$9.25B,13.89%,$66.63B,$12.00B,18.02%,$66.63B,$8.41B,12.63%,$66.63B,$6.02B,9.04%,$6.02B,$20.60B,27.24%,$6.02B,$-12.07B,-52.55%,$6.02B,$72.39B,8.17%,$9.25B,$41.89B,21.25%,$16458,$7915,$8543,$0,$6136,$14081,$2377,$-208,$2169,$668,$1501,$1501,$1485,$3023,$2377,$1563,1581,$0.95,$0.94,$4193,$4274,$0,$18033,$18514,$1562,$32664,$1617,$54357,$72390,$18269,$21294,$7365,$33526,$51795,$31,$41274,$-6636,$20595,$72390,$2634,$1201,$-738,$463,$-1084,$-643,$0,$-196,$-1684,$1247,$-859,$0,$-333,$41,$0,$41,$13,$-1138,$1699,$326,$2025,$-710,$-713,$-1626,$22,$-292,$-204,$125,$-1626
26,2012-03-31,55.36,$14.65,3.78,$41.95,1.32,$6.11,9.06,$4.02,13.77,$17.58B,$16.99B,1.04,$22.05B,$23.07B,0.96,$67.00B,$34.96B,52.18%,$67.00B,$9.63B,14.37%,$67.00B,$9.63B,14.37%,$67.00B,$12.40B,18.51%,$67.00B,$8.82B,13.16%,$67.00B,$6.42B,9.58%,$6.42B,$22.95B,27.85%,$6.42B,$-11.31B,-58.72%,$6.42B,$74.39B,8.61%,$9.63B,$45.01B,21.61%,$12428,$5889,$6539,$0,$4792,$10706,$1722,$-175,$1547,$414,$1133,$1133,$1126,$2277,$1722,$1568,1584,$0.72,$0.71,$3813,$4214,$0,$17578,$20005,$1515,$34261,$1032,$56813,$74391,$16985,$22054,$7323,$34452,$51437,$31,$40631,$-4464,$22954,$74391,$1133,$555,$-859,$-304,$-71,$-266,$0,$-197,$-1404,$-690,$-299,$0,$-23,$52,$0,$52,$13,$-257,$2724,$-1790,$934,$132,$131,$-816,$34,$283,$-582,$56,$-816
27,2011-12-31,54.91,$13.35,4.11,$41.54,1.32,$6.71,8.19,$4.02,13.66,$17.44B,$18.15B,0.96,$20.57B,$21.02B,0.98,$66.50B,$34.91B,52.49%,$66.50B,$9.63B,14.48%,$66.50B,$9.63B,14.48%,$66.50B,$12.37B,18.60%,$66.50B,$8.83B,13.28%,$66.50B,$6.44B,9.68%,$6.44B,$20.90B,27.70%,$6.44B,$-12.35B,-60.61%,$6.44B,$72.88B,8.67%,$9.63B,$41.47B,21.67%,$20158,$9731,$10427,$0,$8150,$17911,$2247,$-248,$1999,$597,$1402,$1402,$1413,$3107,$2247,$1576,1597,$0.90,$0.90,$4425,$3827,$0,$17441,$19698,$1477,$33245,$1021,$55441,$72882,$18154,$20568,$8266,$33829,$51983,$26,$40316,$-6229,$20899,$72882,$6462,$2737,$1277,$4014,$-666,$-331,$0,$-27,$-844,$8944,$-3255,$0,$-2249,$66,$-164,$-98,$-16,$-5618,$633,$303,$936,$-1544,$-1551,$-3157,$-1363,$-5135,$-1876,$326,$-3157
28,2011-09-30,50.82,$15.31,3.32,$40.17,1.27,$6.41,7.92,$3.98,12.77,$17.83B,$17.57B,1.02,$21.78B,$24.12B,0.9,$64.50B,$34.28B,53.15%,$64.50B,$9.62B,14.91%,$64.50B,$9.62B,14.91%,$64.50B,$12.24B,18.98%,$64.50B,$8.71B,13.50%,$64.50B,$6.39B,9.90%,$6.39B,$24.00B,27.31%,$6.39B,$-10.13B,-68.80%,$6.39B,$75.38B,8.74%,$9.62B,$45.78B,21.63%,$17582,$8452,$9130,$0,$6186,$14676,$2906,$-209,$2697,$686,$2011,$2011,$1999,$3596,$2906,$1578,1599,$1.27,$1.25,$3535,$4205,$0,$17834,$20737,$1500,$34131,$1176,$57544,$75378,$17565,$21781,$6859,$33810,$51375,$31,$39714,$-2800,$24003,$75378,$5060,$1877,$-18,$1859,$-1643,$-466,$0,$-54,$-1085,$5834,$-1916,$0,$-2578,$-34,$-164,$-198,$-3,$-4695,$633,$56,$689,$-1205,$-1210,$-2349,$-1273,$-4143,$-2860,$222,$-2349
29,2011-06-30,57.37,$15.39,3.73,$38.79,1.48,$6.55,8.75,$3.92,14.63,$17.92B,$18.06B,0.99,$21.61B,$24.48B,0.88,$62.43B,$33.66B,53.91%,$62.43B,$9.51B,15.23%,$62.43B,$9.51B,15.23%,$62.43B,$12.06B,19.31%,$62.43B,$8.67B,13.89%,$62.43B,$6.31B,10.10%,$6.31B,$24.37B,28.11%,$6.31B,$-9.96B,-73.29%,$6.31B,$75.68B,8.90%,$9.51B,$45.98B,22.28%,$16827,$7963,$8864,$0,$6070,$14073,$2754,$-179,$2575,$670,$1905,$1905,$1883,$3418,$2754,$1583,1605,$1.19,$1.17,$3344,$4539,$0,$17917,$20854,$1449,$34327,$1133,$57763,$75680,$18057,$21607,$6669,$33253,$51310,$31,$38527,$-2254,$24370,$75680,$3049,$1187,$-9,$1178,$-1491,$-742,$0,$-144,$-1593,$2353,$-1197,$0,$-2489,$0,$-164,$-164,$-2,$-3852,$1469,$-262,$1207,$-94,$-98,$-1530,$-1278,$-1699,$-3030,$146,$-1530
30,2011-03-31,52.08,$14.97,3.48,$37.37,1.39,$6.76,7.71,$3.73,13.96,$16.51B,$16.84B,0.98,$20.94B,$23.79B,0.88,$60.41B,$32.85B,54.38%,$60.41B,$9.22B,15.26%,$60.41B,$9.22B,15.26%,$60.41B,$11.69B,19.36%,$60.41B,$8.39B,13.90%,$60.41B,$6.03B,9.98%,$6.03B,$23.67B,28.26%,$6.03B,$-10.05B,-75.24%,$6.03B,$73.09B,8.83%,$9.22B,$44.62B,22.45%,$11937,$5447,$6490,$0,$4739,$10211,$1726,$-163,$1563,$419,$1144,$1144,$1141,$2249,$1726,$1583,1605,$0.72,$0.71,$4029,$3831,$0,$16512,$20329,$1408,$33719,$1117,$56573,$73085,$16840,$20942,$6657,$32571,$49411,$31,$37466,$-3035,$23674,$73085,$1144,$523,$-53,$470,$-271,$-77,$0,$-137,$-1151,$380,$-421,$0,$-2456,$63,$-164,$-101,$-1,$-2979,$-1,$1117,$1116,$-143,$-145,$-769,$24,$226,$-2281,$72,$-769
31,2010-12-31,52.42,$13.58,3.86,$35.76,1.47,$6.77,7.74,$3.91,13.41,$17.57B,$15.89B,1.11,$20.00B,$21.59B,0.93,$57.84B,$31.26B,54.05%,$57.84B,$8.33B,14.41%,$57.84B,$8.33B,14.41%,$57.84B,$10.66B,18.43%,$57.84B,$8.23B,14.23%,$57.84B,$6.31B,10.92%,$6.31B,$21.48B,30.25%,$6.31B,$-6.99B,-91.37%,$6.31B,$68.15B,9.56%,$8.33B,$41.48B,20.65%,$18155,$8359,$9796,$0,$7526,$15924,$2231,$-359,$1872,$511,$1361,$1361,$1362,$2978,$2231,$1590,1614,$0.86,$0.85,$6369,$3372,$0,$17569,$19058,$1368,$28469,$1689,$50584,$68153,$15892,$19999,$6729,$30785,$46677,$31,$37090,$-3630,$21476,$68153,$6338,$2327,$-848,$1479,$-268,$276,$0,$144,$763,$8448,$-3172,$0,$-3804,$-212,$-463,$-675,$-17,$-7668,$5892,$2482,$8374,$-3940,$-3945,$-2978,$-65,$1386,$2000,$299,$-2978
32,2010-09-30,52.93,$12.79,4.14,$32.95,1.61,$6.50,8.14,$3.96,13.37,$17.90B,$17.12B,1.05,$18.45B,$20.34B,0.91,$52.98B,$28.47B,53.74%,$52.98B,$8.14B,15.35%,$52.98B,$8.14B,15.35%,$52.98B,$10.27B,19.38%,$52.98B,$8.38B,15.82%,$52.98B,$6.38B,12.05%,$6.38B,$20.24B,32.14%,$6.38B,$-7.43B,-206.55%,$6.38B,$66.70B,10.83%,$8.14B,$38.68B,22.48%,$15514,$7008,$8506,$0,$5676,$12714,$2800,$-141,$2659,$729,$1930,$1930,$1922,$3411,$2800,$1588,1612,$1.21,$1.19,$5809,$3359,$0,$17901,$18534,$1401,$27667,$1199,$48801,$66702,$17117,$18445,$7039,$29349,$46466,$31,$36487,$-4358,$20236,$66702,$4977,$1580,$-1043,$537,$-1287,$224,$0,$-14,$472,$5788,$-1615,$-900,$-2877,$-40,$0,$-40,$-12,$-5444,$4142,$3379,$7521,$-3718,$-3721,$-2218,$-92,$1490,$1634,$191,$-2218
33,2010-06-30,48.2,$12.50,3.86,$30.35,1.59,$6.00,8.03,$3.86,12.49,$16.74B,$14.57B,1.15,$19.59B,$20.02B,0.98,$48.55B,$25.86B,53.28%,$48.55B,$7.57B,15.59%,$48.55B,$7.57B,15.59%,$48.55B,$9.49B,19.54%,$48.55B,$8.03B,16.54%,$48.55B,$6.18B,12.73%,$6.18B,$19.91B,32.93%,$6.18B,$-7.57B,1233.75%,$6.18B,$65.07B,11.90%,$7.57B,$39.50B,23.40%,$14801,$6745,$8056,$0,$5563,$12340,$2461,$-161,$2300,$687,$1613,$1613,$1601,$3054,$2461,$1608,1634,$1.00,$0.98,$4754,$3530,$0,$16743,$18396,$1373,$27481,$1081,$48331,$65074,$14572,$19586,$6843,$30588,$45160,$31,$35328,$-4226,$19914,$65074,$3047,$969,$-600,$369,$-994,$40,$0,$-139,$-811,$2442,$-931,$-900,$-2867,$-37,$0,$-37,$-10,$-4745,$4190,$3341,$7531,$-2844,$-2846,$-1451,$-118,$3116,$586,$119,$-1451
34,2010-03-31,51.93,$13.44,3.86,$28.03,1.85,$5.58,9.31,$3.94,13.18,$15.27B,$11.65B,1.31,$19.88B,$21.96B,0.91,$44.34B,$23.52B,53.05%,$44.34B,$7.30B,16.46%,$44.34B,$7.30B,16.46%,$44.34B,$8.99B,20.28%,$44.34B,$7.97B,17.96%,$44.34B,$6.24B,14.06%,$6.24B,$21.86B,35.87%,$6.24B,$-5.65B,148.84%,$6.24B,$64.14B,13.88%,$7.30B,$41.74B,25.95%,$9368,$4463,$4905,$0,$4049,$8528,$840,$561,$1401,$-33,$1434,$1434,$1429,$1216,$840,$1582,1606,$0.90,$0.89,$4147,$3283,$0,$15265,$18850,$1381,$27506,$1142,$48879,$64144,$11654,$19884,$6607,$30634,$42288,$31,$34496,$-3569,$21856,$64144,$1434,$376,$-1073,$-697,$-155,$309,$0,$-98,$-374,$241,$-258,$-900,$-2848,$-2,$0,$-2,$-3,$-4011,$4209,$1028,$5237,$-468,$-469,$-712,$-135,$3921,$6,$47,$-712
35,2009-12-31,47.39,$11.15,4.25,$27.46,1.73,$5.23,9.06,$3.77,12.57,$12.57B,$8.76B,1.44,$7.40B,$17.55B,0.42,$43.23B,$23.13B,53.51%,$43.23B,$8.04B,18.61%,$43.23B,$8.04B,18.61%,$43.23B,$9.68B,22.39%,$43.23B,$8.08B,18.69%,$43.23B,$5.94B,13.74%,$5.94B,$17.44B,39.76%,$5.94B,$8.29B,85.76%,$5.94B,$39.85B,15.78%,$8.04B,$24.84B,34.97%,$13297,$6293,$7004,$0,$4949,$11263,$2034,$-14,$2020,$583,$1437,$1437,$1432,$2586,$2034,$1558,1577,$0.92,$0.90,$4135,$2618,$0,$12571,$12671,$4484,$9157,$965,$27277,$39848,$8756,$7400,$5591,$13650,$22406,$30,$33805,$-3794,$17442,$39848,$5979,$1635,$-801,$834,$188,$17,$0,$-127,$264,$6796,$-2070,$0,$-386,$55,$0,$55,$0,$-2401,$831,$-1018,$-187,$413,$406,$-2732,$16,$-2497,$1879,$227,$-2732
36,2009-09-30,45.4,$10.15,4.47,$26.97,1.68,$5.14,8.83,$3.33,13.63,$12.42B,$9.30B,1.34,$7.43B,$15.93B,0.47,$42.66B,$22.69B,53.18%,$42.66B,$7.23B,16.95%,$42.66B,$7.23B,16.95%,$42.66B,$8.80B,20.63%,$42.66B,$7.08B,16.59%,$42.66B,$5.22B,12.24%,$5.22B,$15.83B,38.06%,$5.22B,$6.94B,83.52%,$5.22B,$38.62B,14.25%,$7.23B,$23.27B,33.01%,$11080,$5181,$5899,$0,$3649,$8848,$2232,$76,$2308,$575,$1733,$1733,$1716,$2630,$2232,$1558,1577,$1.10,$1.09,$3460,$2716,$0,$12416,$12033,$4339,$8896,$936,$26204,$38620,$9295,$7434,$5713,$13494,$22789,$30,$33077,$-4262,$15831,$38620,$4542,$1083,$-1007,$76,$-459,$-128,$0,$17,$103,$4403,$-1105,$0,$-170,$30,$0,$30,$0,$-1245,$869,$-997,$-128,$187,$183,$-2032,$-10,$-1987,$1190,$159,$-2032
37,2009-06-30,42.2,$9.25,4.56,$27.01,1.56,$5.15,8.2,$3.23,13.06,$11.63B,$8.62B,1.35,$8.19B,$14.51B,0.56,$42.83B,$22.76B,53.15%,$42.83B,$6.99B,16.32%,$42.83B,$6.99B,16.32%,$42.83B,$8.54B,19.94%,$42.83B,$6.90B,16.12%,$42.83B,$5.08B,11.87%,$5.08B,$14.41B,36.88%,$5.08B,$7.19B,76.28%,$5.08B,$37.05B,13.87%,$6.99B,$22.59B,32.15%,$10592,$4881,$5711,$0,$3507,$8402,$2190,$46,$2236,$568,$1668,$1668,$1658,$2561,$2190,$1557,1572,$1.06,$1.06,$2424,$2952,$0,$11630,$11848,$4076,$7223,$2273,$25420,$37050,$8619,$8185,$5577,$14022,$22641,$30,$32065,$-4438,$14409,$37050,$2809,$685,$-1017,$-332,$-489,$-384,$0,$-124,$-833,$1492,$-709,$0,$-104,$17,$0,$17,$0,$-796,$902,$-227,$675,$117,$114,$-1331,$8,$-534,$150,$108,$-1331
38,2009-03-31,39.2,$7.76,5.05,$27.06,1.45,$5.49,7.14,$3.22,12.17,$10.86B,$7.99B,1.36,$9.24B,$12.18B,0.76,$43.18B,$22.92B,53.08%,$43.18B,$6.99B,16.19%,$43.18B,$6.99B,16.19%,$43.18B,$8.54B,19.79%,$43.18B,$6.99B,16.19%,$43.18B,$5.12B,11.86%,$5.12B,$12.08B,35.71%,$5.12B,$5.30B,72.18%,$5.12B,$35.02B,14.01%,$6.99B,$21.32B,32.12%,$8263,$3744,$4519,$0,$2921,$6675,$1588,$-73,$1515,$374,$1141,$1141,$1134,$1902,$1588,$1555,1570,$0.73,$0.72,$2387,$2580,$0,$10859,$11306,$3782,$6780,$2293,$24161,$35020,$7991,$9241,$5475,$14950,$22941,$30,$31109,$-5698,$12079,$35020,$1141,$314,$-1006,$-692,$-114,$-139,$0,$-203,$-646,$-266,$-290,$0,$-27,$7,$0,$7,$0,$-310,$1005,$329,$1334,$91,$90,$-669,$7,$762,$124,$54,$-669
39,2008-12-31,41.34,$8.10,5.1,$26.90,1.54,$6.01,6.88,$3.20,12.92,$10.81B,$8.79B,1.23,$7.86B,$12.68B,0.62,$43.25B,$22.90B,52.95%,$43.25B,$6.96B,16.09%,$43.25B,$6.96B,16.09%,$43.25B,$8.50B,19.66%,$43.25B,$7.05B,16.29%,$43.25B,$5.13B,11.87%,$5.13B,$12.58B,33.12%,$5.13B,$5.60B,63.11%,$5.13B,$35.99B,13.98%,$6.96B,$20.44B,31.87%,$12729,$6171,$6558,$0,$5317,$11509,$1220,$-201,$1019,$293,$726,$726,$716,$1708,$1220,$1573,1602,$0.46,$0.47,$2277,$2522,$0,$10806,$11663,$3883,$6984,$2658,$25188,$35994,$8787,$7858,$6541,$14625,$23412,$30,$30638,$-4694,$12582,$35994,$5166,$1543,$1105,$2648,$-549,$-345,$0,$-68,$-424,$6999,$-2348,$0,$-1601,$1282,$0,$1282,$0,$-2667,$3070,$445,$3515,$-4100,$-4106,$-2541,$107,$-3025,$1154,$238,$-2541
40,2008-09-30,53.37,$10.31,5.18,$26.40,2.02,$5.85,9.12,$3.51,15.2,$11.35B,$9.72B,1.17,$6.54B,$16.15B,0.41,$42.87B,$22.90B,53.43%,$42.87B,$7.48B,17.45%,$42.87B,$7.48B,17.45%,$42.87B,$9.01B,21.03%,$42.87B,$7.84B,18.28%,$42.87B,$5.68B,13.24%,$5.68B,$16.05B,34.06%,$5.68B,$8.57B,61.41%,$5.68B,$38.46B,15.59%,$7.48B,$22.59B,33.88%,$11244,$5268,$5976,$0,$3972,$9253,$1991,$142,$2133,$550,$1583,$1583,$1574,$2368,$1991,$1564,1593,$1.01,$0.99,$1859,$2804,$0,$11354,$11992,$4611,$7486,$3015,$27104,$38458,$9721,$6537,$5432,$12685,$22406,$30,$30581,$-945,$16052,$38458,$4440,$1055,$151,$1206,$-1166,$-362,$0,$-49,$-799,$4658,$-1314,$0,$-1662,$1200,$0,$1200,$0,$-1776,$1245,$2002,$3247,$-3702,$-3706,$-1879,$83,$-2255,$607,$169,$-1879
41,2008-06-30,47.33,$10.60,4.46,$25.50,1.86,$6.13,7.72,$3.58,13.22,$11.65B,$8.34B,1.4,$6.05B,$16.75B,0.36,$41.80B,$22.47B,53.77%,$41.80B,$7.55B,18.07%,$41.80B,$7.55B,18.07%,$41.80B,$9.05B,21.65%,$41.80B,$7.95B,19.01%,$41.80B,$5.84B,13.98%,$5.84B,$16.65B,34.96%,$5.84B,$8.92B,61.59%,$5.84B,$36.78B,16.75%,$7.55B,$22.71B,35.56%,$10945,$5078,$5867,$0,$3658,$8754,$2191,$132,$2323,$618,$1705,$1705,$1698,$2566,$2191,$1582,1612,$1.07,$1.05,$2073,$2935,$0,$11651,$11600,$4519,$7733,$1276,$25128,$36779,$8339,$6053,$4982,$11787,$20126,$30,$29669,$-473,$16653,$36779,$2857,$678,$174,$852,$-1102,$-602,$0,$-219,$-1347,$2193,$-831,$0,$-62,$1255,$0,$1255,$0,$362,$1296,$705,$2001,$-2565,$-2568,$-1209,$65,$-1711,$858,$112,$-1209
42,2008-03-31,53.39,$10.51,5.08,$24.48,2.18,$6.06,8.81,$3.47,15.39,$11.07B,$8.59B,1.29,$4.88B,$16.81B,0.29,$40.46B,$21.87B,54.06%,$40.46B,$7.32B,18.09%,$40.46B,$7.32B,18.09%,$40.46B,$8.77B,21.68%,$40.46B,$7.74B,19.13%,$40.46B,$5.70B,14.09%,$5.70B,$16.71B,34.51%,$5.70B,$9.46B,59.68%,$5.70B,$35.70B,16.93%,$7.32B,$21.60B,35.99%,$8333,$3834,$4499,$0,$2930,$6776,$1557,$13,$1570,$418,$1152,$1152,$1146,$1860,$1557,$1599,1632,$0.72,$0.70,$2597,$2492,$0,$11065,$11263,$4370,$7257,$1744,$24634,$35699,$8587,$4884,$4833,$10398,$18985,$30,$28642,$-711,$16714,$35699,$1152,$303,$137,$440,$-353,$-175,$0,$-335,$-1020,$520,$-256,$0,$-66,$558,$0,$558,$0,$236,$-254,$1978,$1724,$-1237,$-1238,$-610,$53,$-71,$694,$72,$-610
43,2007-12-31,55.83,$10.74,5.2,$23.77,2.35,$6.12,9.12,$3.42,16.33,$10.15B,$7.75B,1.31,$4.20B,$17.33B,0.24,$39.47B,$21.44B,54.30%,$39.47B,$7.18B,18.19%,$39.47B,$7.18B,18.19%,$39.47B,$8.61B,21.81%,$39.47B,$7.64B,19.36%,$39.47B,$5.65B,14.30%,$5.65B,$17.23B,34.91%,$5.65B,$10.02B,59.98%,$5.65B,$34.63B,17.54%,$7.18B,$21.44B,37.35%,$12346,$5784,$6562,$0,$4799,$10604,$1742,$67,$1809,$535,$1274,$1274,$1257,$2220,$1742,$1621,1658,$0.77,$0.76,$2481,$2290,$0,$10151,$11228,$4354,$7213,$1682,$24477,$34628,$7753,$4203,$4792,$9641,$17394,$30,$28184,$-952,$17234,$34628,$5670,$1426,$34,$1460,$-405,$-204,$0,$-16,$25,$6934,$-2383,$0,$-1005,$-383,$27,$-356,$0,$-3744,$1589,$-395,$1194,$-3192,$-3204,$-2204,$208,$-4006,$-741,$260,$-2204
44,2007-09-30,53.63,$10.09,5.32,$22.59,2.37,$5.78,9.27,$3.71,14.45,$9.95B,$8.10B,1.23,$2.95B,$16.33B,0.18,$37.70B,$20.61B,54.68%,$37.70B,$7.03B,18.65%,$37.70B,$7.03B,18.65%,$37.70B,$8.44B,22.40%,$37.70B,$7.53B,19.98%,$37.70B,$6.21B,16.48%,$6.21B,$16.24B,39.55%,$6.21B,$9.54B,67.97%,$6.21B,$32.41B,20.02%,$7.03B,$19.20B,38.30%,$10171,$4627,$5544,$0,$3467,$8109,$2062,$182,$2244,$501,$1743,$1743,$1741,$2402,$2062,$1615,1651,$1.08,$1.06,$2238,$2283,$0,$9947,$10397,$3997,$6703,$1364,$22461,$32408,$8103,$2954,$4781,$8061,$16164,$30,$27526,$-1837,$16244,$32408,$4396,$948,$-130,$818,$-844,$-244,$0,$51,$117,$5170,$-1237,$0,$-692,$-23,$3,$-20,$0,$-1949,$463,$-402,$61,$-2457,$-2465,$-1598,$118,$-3884,$-616,$182,$-1598
45,2007-06-30,47.21,$9.79,4.82,$21.83,2.16,$5.28,8.94,$3.53,13.37,$9.79B,$7.59B,1.29,$3.26B,$15.96B,0.2,$36.66B,$20.10B,54.82%,$36.66B,$6.82B,18.61%,$36.66B,$6.82B,18.61%,$36.66B,$8.23B,22.44%,$36.66B,$7.34B,20.01%,$36.66B,$5.96B,16.26%,$5.96B,$15.87B,38.10%,$5.96B,$9.18B,64.85%,$5.96B,$31.93B,19.24%,$6.82B,$19.13B,37.52%,$9607,$4342,$5265,$0,$3295,$7648,$1959,$158,$2117,$560,$1557,$1557,$1555,$2291,$1959,$1628,1665,$0.96,$0.94,$1862,$2510,$0,$9788,$10077,$3653,$6694,$1713,$22137,$31925,$7589,$3261,$4876,$8463,$16052,$30,$26391,$-1888,$15873,$31925,$2653,$608,$18,$626,$-852,$-526,$0,$-69,$-1106,$2018,$-728,$0,$-661,$326,$0,$326,$0,$-1063,$471,$266,$737,$-1479,$-1483,$-989,$86,$-1649,$-653,$123,$-989
46,2007-03-31,46.01,$9.41,4.89,$21.22,2.17,$5.15,8.93,$3.39,13.57,$8.69B,$7.52B,1.16,$1.81B,$15.43B,0.12,$35.77B,$19.68B,55.03%,$35.77B,$6.66B,18.63%,$35.77B,$6.66B,18.63%,$35.77B,$8.06B,22.53%,$35.77B,$7.15B,19.98%,$35.77B,$5.78B,16.16%,$5.78B,$15.35B,37.31%,$5.78B,$8.91B,62.72%,$5.78B,$29.83B,18.72%,$6.66B,$17.16B,37.34%,$7350,$3285,$4065,$0,$2635,$5931,$1419,$54,$1473,$377,$1096,$1096,$1093,$1695,$1419,$1637,1673,$0.67,$0.65,$1737,$2074,$0,$8691,$9731,$3676,$6436,$1296,$21139,$29830,$7522,$1807,$4805,$6960,$14482,$30,$25446,$-2238,$15348,$29830,$1096,$276,$54,$330,$-377,$-134,$0,$-75,$-730,$626,$-263,$0,$-337,$402,$0,$402,$0,$-198,$-26,$14,$-12,$-646,$-648,$-498,$47,$-1111,$-684,$63,$-498
47,2006-12-31,45.07,$9.38,4.8,$20.79,2.17,$4.87,9.26,$3.34,13.49,$9.13B,$6.86B,1.33,$2.55B,$15.45B,0.17,$35.14B,$19.38B,55.14%,$35.14B,$6.50B,18.50%,$35.14B,$6.50B,18.50%,$35.14B,$7.91B,22.51%,$35.14B,$6.99B,19.89%,$35.14B,$5.63B,16.03%,$5.63B,$15.37B,36.71%,$5.63B,$8.93B,60.91%,$5.63B,$29.93B,18.07%,$6.50B,$17.92B,36.50%,$10570,$4830,$5740,$0,$4097,$8981,$1589,$109,$1698,$-128,$1826,$1826,$1823,$2055,$1589,$1649,1687,$1.12,$1.08,$2822,$1926,$0,$9130,$9687,$3690,$6443,$980,$20800,$29930,$6860,$2550,$4624,$7702,$14562,$30,$24837,$-2246,$15368,$29930,$5642,$1406,$-392,$1014,$-330,$-186,$0,$-37,$-569,$6084,$-2019,$0,$-167,$2017,$-25,$1992,$0,$-194,$-106,$-2341,$-2447,$-1806,$-1816,$-1854,$134,$-5983,$-65,$270,$-1854
