,Date,Stock Price,Book Value per Share,Price to Book Ratio,TTM Sales per Share,Price to Sales Ratio,TTM FCF per Share,Price to FCF Ratio,TTM Net EPS,PE Ratio,Current Assets,Current Liabilities,Current Ratio,Long Term Debt,Shareholder's Equity_x,Debt to Equity Ratio,TTM Revenue_x,TTM Gross Profit,Gross Margin,TTM Revenue_y,TTM Operating Income,Operating Margin,TTM Revenue_x,TTM EBIT,EBIT Margin,TTM Revenue_y,TTM EBITDA,EBITDA Margin,TTM Revenue_x,TTM Pre-Tax Income,Pre-Tax Margin,TTM Revenue_y,TTM Net Income_x,Net Margin,TTM Net Income_y,Shareholder's Equity_y,Return on Equity,TTM Net Income_x,Tangible Equity,Return on Tangible Equity,TTM Net Income_y,Total Assets,Return on Assets,TTM Net Income,LT Investments & Debt,Return on Investment,revenue,cost-goods-sold,gross-profit,research-development-expenses,selling-general-administrative-expenses,operating-expenses,operating-income,total-non-operating-income-expense,pre-tax-income,total-provision-income-taxes,income-after-taxes,income-from-continuous-operations,net-income,ebitda,ebit,basic-shares-outstanding,shares-outstanding,eps-basic-net-earnings-per-share,eps-earnings-per-share-diluted,cash-on-hand,inventory,other-current-assets,total-current-assets,net-property-plant-equipment,long-term-investments,goodwill-intangible-assets-total,other-long-term-assets,total-long-term-assets,total-assets,total-current-liabilities,long-term-debt,other-non-current-liabilities,total-long-term-liabilities,total-liabilities,common-stock-net,retained-earnings-accumulated-deficit,comprehensive-income,total-share-holder-equity,total-liabilities-share-holders-equity,net-income-loss,total-depreciation-amortization-cash-flow,other-non-cash-items,total-non-cash-items,change-in-accounts-receivable,change-in-inventories,change-in-accounts-payable,change-in-assets-liabilities,total-change-in-assets-liabilities,cash-flow-from-operating-activities,net-change-in-property-plant-equipment,net-change-in-intangible-assets,net-acquisitions-divestitures,net-change-in-short-term-investments,net-change-in-long-term-investments,net-change-in-investments-total,investing-activities-other,cash-flow-from-investing-activities,net-long-term-debt,net-current-debt,debt-issuance-retirement-net-total,net-common-equity-issued-repurchased,net-total-equity-issued-repurchased,total-common-preferred-stock-dividends-paid,financial-activities-other,cash-flow-from-financial-activities,net-cash-flow,stock-based-compensation,common-stock-dividends-paid
0,2018-09-30,3.01,$0.00,0.0,$9.89,0.3,$3.58,0.84,$-1.33,0.0,$0.09B,$0.07B,1.31,$0.03B,$0.14B,0.18,$0.26B,$0.23B,90.70%,$0.26B,$-0.03B,-10.47%,$0.26B,$-0.03B,-10.47%,$0.26B,$-0.02B,-6.98%,$0.26B,$-0.03B,-12.40%,$0.26B,$-0.03B,-13.18%,$-0.03B,$0.14B,-24.24%,$-0.03B,$0.01B,-566.67%,$-0.03B,$0.25B,-13.29%,$-0.03B,$0.17B,-15.63%,$57,$5,$52,$4,$13,$54,$4,$-1,$2,$0,$2,$2,$2,$6,$4,$26,26,$0.08,$0.08,$41,$0,$0,$93,$16,$0,$133,$1,$154,$247,$71,$26,$6,$33,$103,$0,$-95,$0,$143,$247,$3,$7,$2,$9,$0,$0,$0,$16,$16,$28,$-1,$0,$-2,$6,$0,$6,$-1,$1,$-21,$0,$-21,$0,$0,$0,$0,$-21,$9,$2,$0
1,2018-06-30,1.17,$5.47,0.21,$10.16,0.12,$3.58,0.33,$-1.32,0.0,$0.09B,$0.07B,1.25,$0.03B,$0.14B,0.19,$0.27B,$0.24B,90.60%,$0.27B,$-0.03B,-10.53%,$0.27B,$-0.03B,-10.53%,$0.27B,$-0.02B,-6.77%,$0.27B,$-0.03B,-12.03%,$0.27B,$-0.03B,-12.41%,$-0.03B,$0.14B,-22.26%,$-0.03B,$0.01B,-1885.71%,$-0.03B,$0.25B,-12.23%,$-0.03B,$0.17B,-15.05%,$63,$6,$57,$5,$15,$60,$3,$-1,$2,$1,$1,$1,$1,$5,$3,$26,26,$0.03,$0.03,$35,$0,$0,$93,$16,$0,$134,$1,$155,$248,$74,$27,$6,$33,$108,$0,$-97,$0,$141,$248,$1,$5,$1,$6,$0,$0,$0,$11,$11,$17,$-0,$0,$0,$6,$0,$6,$-1,$5,$-19,$0,$-19,$0,$0,$0,$0,$-19,$3,$1,$0
2,2018-03-31,0.8,$0.00,0.0,$10.48,0.08,$3.32,0.24,$-2.73,0.0,$0.10B,$0.08B,1.2,$0.03B,$0.14B,0.21,$0.27B,$0.25B,90.84%,$0.27B,$-0.07B,-26.74%,$0.27B,$-0.07B,-26.74%,$0.27B,$-0.06B,-21.98%,$0.27B,$-0.08B,-28.57%,$0.27B,$-0.07B,-25.64%,$-0.07B,$0.14B,-44.87%,$-0.07B,$0.00B,2545.45%,$-0.07B,$0.25B,-24.69%,$-0.07B,$0.17B,-36.59%,$61,$6,$55,$6,$14,$61,$0,$-1,$-0,$-0,$0,$0,$0,$2,$0,$26,26,$0.00,$0.00,$42,$0,$0,$96,$17,$0,$135,$1,$158,$254,$80,$29,$7,$35,$115,$0,$-98,$1,$139,$254,$0,$2,$-1,$2,$0,$0,$0,$13,$13,$15,$-0,$0,$0,$6,$0,$6,$-1,$5,$-10,$0,$-10,$0,$0,$0,$0,$-10,$10,$1,$0
3,2017-12-31,1.03,$0.00,0.0,$10.52,0.1,$3.05,0.34,$-2.82,0.0,$0.11B,$0.08B,1.4,$0.05B,$0.14B,0.34,$0.27B,$0.25B,90.88%,$0.27B,$-0.08B,-27.37%,$0.27B,$-0.08B,-27.37%,$0.27B,$-0.06B,-21.53%,$0.27B,$-0.08B,-29.93%,$0.27B,$-0.07B,-26.28%,$-0.07B,$0.14B,-41.62%,$-0.07B,$0.00B,738.46%,$-0.07B,$0.27B,-23.57%,$-0.08B,$0.19B,-33.71%,$77,$7,$70,$4,$20,$111,$-34,$-2,$-36,$2,$-37,$-37,$-37,$-31,$-34,$26,26,$-1.45,$-1.45,$37,$0,$0,$114,$17,$0,$136,$1,$160,$274,$81,$47,$8,$54,$136,$0,$-98,$1,$138,$274,$-73,$17,$84,$101,$9,$0,$1,$-3,$8,$36,$-2,$0,$0,$3,$0,$3,$-6,$-5,$-14,$-7,$-21,$0,$0,$0,$-3,$-24,$8,$2,$0
4,2017-09-30,1.16,$0.00,0.0,$10.84,0.11,$2.85,0.41,$-1.38,0.0,$0.10B,$0.07B,1.32,$0.05B,$0.18B,0.28,$0.28B,$0.25B,88.65%,$0.28B,$-0.04B,-12.77%,$0.28B,$-0.04B,-12.77%,$0.28B,$-0.02B,-5.67%,$0.28B,$-0.04B,-14.89%,$0.28B,$-0.04B,-12.41%,$-0.04B,$0.18B,-18.37%,$-0.04B,$-0.01B,205.88%,$-0.04B,$0.30B,-10.64%,$-0.04B,$0.22B,-14.80%,$65,$6,$59,$4,$17,$62,$3,$-1,$2,$-1,$3,$3,$3,$6,$3,$26,27,$0.10,$0.10,$35,$0,$0,$96,$17,$0,$181,$1,$207,$303,$72,$48,$7,$55,$128,$0,$-61,$0,$175,$303,$-35,$13,$37,$50,$0,$0,$0,$14,$14,$29,$-1,$0,$0,$7,$0,$7,$-4,$1,$-12,$-7,$-19,$0,$0,$0,$-2,$-20,$10,$2,$0
5,2017-06-30,1.97,$6.65,0.3,$11.29,0.17,$2.50,0.79,$-1.26,0.0,$0.10B,$0.07B,1.3,$0.05B,$0.17B,0.3,$0.29B,$0.26B,90.03%,$0.29B,$-0.03B,-11.68%,$0.29B,$-0.03B,-11.68%,$0.29B,$-0.01B,-3.78%,$0.29B,$-0.04B,-13.75%,$0.29B,$-0.03B,-11.34%,$-0.03B,$0.17B,-16.65%,$-0.03B,$-0.01B,137.50%,$-0.03B,$0.30B,-9.61%,$-0.03B,$0.22B,-13.35%,$70,$6,$64,$4,$20,$112,$-42,$-1,$-44,$-8,$-36,$-36,$-36,$-37,$-42,$26,26,$-1.38,$-1.38,$22,$0,$0,$95,$16,$0,$183,$1,$207,$303,$73,$51,$7,$57,$131,$0,$-64,$0,$172,$303,$-38,$10,$38,$48,$0,$0,$0,$2,$2,$12,$-1,$0,$0,$7,$0,$7,$-3,$3,$-10,$-7,$-17,$0,$0,$0,$-1,$-18,$-3,$1,$0
6,2017-03-31,1.78,$0.00,0.0,$11.53,0.15,$2.36,0.75,$0.15,11.87,$0.09B,$0.07B,1.28,$0.05B,$0.21B,0.26,$0.30B,$0.27B,90.97%,$0.30B,$0.01B,3.34%,$0.30B,$0.01B,3.34%,$0.30B,$0.04B,11.71%,$0.30B,$0.00B,1.34%,$0.30B,$0.00B,1.34%,$0.00B,$0.21B,1.95%,$0.00B,$-0.02B,-11.35%,$0.00B,$0.34B,1.09%,$0.01B,$0.26B,3.76%,$62,$6,$56,$5,$18,$64,$-2,$-2,$-4,$-2,$-2,$-2,$-2,$3,$-2,$26,26,$-0.09,$-0.09,$23,$0,$0,$91,$15,$0,$231,$1,$251,$342,$71,$53,$6,$64,$135,$0,$-28,$0,$207,$342,$-2,$5,$1,$6,$0,$0,$0,$5,$5,$8,$-1,$0,$0,$8,$0,$8,$-1,$7,$-8,$-8,$-16,$0,$0,$0,$0,$-16,$-1,$1,$0
7,2016-12-31,1.42,$8.09,0.18,$12.11,0.12,$2.19,0.65,$0.03,47.33,$0.11B,$0.09B,1.31,$0.06B,$0.21B,0.29,$0.31B,$0.29B,92.01%,$0.31B,$0.01B,3.51%,$0.31B,$0.01B,3.51%,$0.31B,$0.04B,12.14%,$0.31B,$0.00B,1.28%,$0.31B,0,0.00%,$0.00B,$0.21B,0.00%,$0.00B,$-0.03B,0.00%,$0.00B,$0.37B,0.00%,$0.01B,$0.27B,4.12%,$85,$14,$71,$5,$16,$79,$5,$-2,$4,$3,$0,$0,$0,$12,$5,$25,26,$-0.03,$-0.03,$32,$0,$0,$114,$14,$0,$235,$2,$255,$368,$87,$60,$6,$74,$160,$0,$-26,$-0,$208,$368,$0,$26,$8,$34,$-5,$0,$-2,$6,$-3,$30,$-1,$0,$0,$34,$0,$34,$-4,$29,$-17,$-6,$-23,$0,$0,$0,$-30,$-53,$6,$7,$0
8,2016-09-30,1.2,$0.00,0.0,$11.59,0.1,$1.70,0.71,$-0.66,0.0,$0.10B,$0.08B,1.25,$0.06B,$0.21B,0.31,$0.30B,$0.28B,94.93%,$0.30B,$0.00B,1.01%,$0.30B,$0.00B,1.01%,$0.30B,$0.03B,9.46%,$0.30B,$-0.00B,-0.68%,$0.30B,$-0.02B,-5.74%,$-0.02B,$0.21B,-8.46%,$-0.02B,$-0.03B,30.36%,$-0.02B,$0.36B,-4.22%,$0.00B,$0.27B,1.12%,$74,$4,$71,$6,$21,$70,$5,$-1,$4,$1,$3,$3,$5,$11,$5,$25,26,$0.21,$0.21,$31,$0,$0,$100,$14,$0,$240,$1,$260,$360,$80,$63,$5,$74,$154,$0,$-26,$0,$206,$360,$3,$20,$0,$20,$0,$0,$0,$-4,$-4,$18,$-1,$0,$0,$35,$0,$35,$-4,$30,$-14,$0,$-14,$0,$0,$0,$-28,$-42,$6,$5,$0
9,2016-06-30,1.19,$7.87,0.15,$10.93,0.11,$2.00,0.59,$-3.84,0.0,$0.13B,$0.11B,1.21,$0.07B,$0.20B,0.33,$0.28B,$0.26B,94.91%,$0.28B,$-0.07B,-25.09%,$0.28B,$-0.07B,-25.09%,$0.28B,$-0.05B,-18.91%,$0.28B,$-0.07B,-26.91%,$0.28B,$-0.09B,-33.82%,$-0.09B,$0.20B,-46.33%,$-0.09B,$-0.06B,395.74%,$-0.09B,$0.40B,-24.14%,$-0.07B,$0.27B,-26.51%,$78,$4,$74,$7,$23,$76,$2,$-2,$0,$-2,$2,$2,$1,$9,$2,$25,27,$0.03,$0.03,$44,$0,$0,$127,$14,$0,$257,$2,$277,$404,$105,$65,$27,$99,$204,$0,$-31,$0,$200,$404,$-0,$14,$-2,$11,$0,$0,$0,$-3,$-3,$8,$-1,$0,$0,$30,$0,$30,$-3,$27,$-11,$-3,$-14,$0,$0,$0,$-6,$-20,$14,$4,$0
10,2016-03-31,2.01,$0.00,0.0,$10.05,0.2,$2.53,0.8,$-3.51,0.0,$0.12B,$0.09B,1.37,$0.07B,$0.20B,0.35,$0.25B,$0.23B,95.12%,$0.25B,$-0.06B,-23.98%,$0.25B,$-0.06B,-23.98%,$0.25B,$-0.04B,-17.48%,$0.25B,$-0.06B,-25.20%,$0.25B,$-0.09B,-34.96%,$-0.09B,$0.20B,-39.27%,$-0.09B,$-0.06B,-674.51%,$-0.09B,$0.41B,-22.95%,$-0.06B,$0.27B,-21.89%,$76,$4,$72,$7,$23,$77,$-1,$-3,$-4,$-2,$-2,$-2,$-6,$6,$-1,$25,25,$-0.21,$-0.21,$49,$0,$0,$124,$14,$0,$262,$2,$282,$407,$91,$68,$40,$119,$209,$0,$-31,$-0,$198,$407,$-6,$7,$4,$12,$0,$0,$0,$-2,$-2,$4,$-0,$0,$0,$32,$0,$32,$-1,$30,$-9,$0,$-9,$0,$0,$0,$-4,$-13,$21,$2,$0
11,2015-12-31,3.63,$7.92,0.46,$9.16,0.4,$2.76,1.31,$-2.88,0.0,$0.14B,$0.11B,1.35,$0.08B,$0.20B,0.38,$0.22B,$0.21B,95.95%,$0.22B,$-0.04B,-18.02%,$0.22B,$-0.04B,-18.02%,$0.22B,$-0.03B,-13.06%,$0.22B,$-0.04B,-18.47%,$0.22B,$-0.07B,-31.08%,$-0.07B,$0.20B,-29.36%,$-0.07B,$-0.07B,-146.81%,$-0.07B,$0.44B,-19.02%,$-0.04B,$0.28B,-14.52%,$68,$3,$64,$7,$56,$71,$-3,$0,$-2,$-7,$5,$-17,$-17,$2,$-3,$24,24,$-0.69,$-0.69,$60,$0,$0,$144,$13,$0,$270,$3,$298,$442,$107,$75,$41,$136,$242,$0,$-26,$-1,$200,$442,$-69,$12,$72,$12,$3,$0,$-4,$-4,$-18,$18,$-2,$0,$0,$-27,$0,$-27,$-91,$-120,$8,$13,$8,$0,$0,$0,$-2,$19,$-84,$7,$0
12,2015-09-30,2.1,$0.00,0.0,$9.56,0.22,$4.62,0.45,$-2.58,0.0,$0.16B,$0.05B,3.2,$0.03B,$0.21B,0.14,$0.23B,$0.24B,102.16%,$0.23B,$-0.19B,-81.90%,$0.23B,$-0.19B,-81.90%,$0.23B,$-0.18B,-76.72%,$0.23B,$-0.04B,-17.24%,$0.23B,$-0.06B,-25.86%,$-0.06B,$0.21B,-24.34%,$-0.06B,$0.10B,-74.30%,$-0.06B,$0.29B,-17.58%,$-0.19B,$0.23B,-68.41%,$53,$2,$51,$5,$11,$120,$-67,$-1,$-68,$1,$-69,$-69,$-71,$-69,$-67,$24,24,$-3.00,$-3.00,$129,$0,$14,$163,$0,$0,$109,$3,$112,$288,$51,$29,$3,$32,$83,$0,$-9,$0,$205,$288,$-47,$6,$73,$80,$0,$0,$0,$-8,$-8,$25,$-2,$0,$-5,$-41,$0,$-41,$-2,$-49,$-2,$0,$-2,$0,$0,$0,$-2,$-3,$-28,$5,$0
13,2015-06-30,2.84,$0.00,0.0,$11.71,0.24,$5.92,0.48,$-0.15,0.0,$0.16B,$0.06B,2.92,$0.03B,$0.27B,0.11,$0.26B,$0.26B,99.62%,$0.26B,$-0.08B,-29.23%,$0.26B,$-0.08B,-29.23%,$0.26B,$-0.06B,-21.92%,$0.26B,$0.05B,18.85%,$0.26B,$0.00B,0.38%,$0.00B,$0.27B,0.39%,$0.00B,$0.09B,1.49%,$0.00B,$0.36B,0.28%,$-0.08B,$0.30B,-26.07%,$49,$1,$47,$5,$11,$37,$12,$-0,$12,$3,$9,$9,$8,$18,$12,$24,24,$0.36,$0.36,$130,$0,$13,$161,$0,$0,$185,$3,$188,$362,$55,$30,$4,$33,$88,$0,$62,$0,$273,$362,$23,$9,$-3,$6,$0,$0,$0,$-8,$-8,$20,$-1,$0,$-5,$-41,$0,$-41,$-1,$-48,$-1,$0,$-1,$0,$0,$0,$0,$-1,$-29,$3,$0
14,2015-03-31,3.36,$0.00,0.0,$14.36,0.23,$5.75,0.58,$0.24,14.0,$0.15B,$0.06B,2.6,$0.03B,$0.26B,0.11,$0.32B,$0.32B,98.13%,$0.32B,$-0.01B,-2.80%,$0.32B,$-0.01B,-2.80%,$0.32B,$0.01B,2.80%,$0.32B,$0.06B,18.38%,$0.32B,$0.01B,3.43%,$0.01B,$0.26B,4.49%,$0.01B,$0.07B,20.66%,$0.01B,$0.36B,3.22%,$-0.01B,$0.29B,-3.31%,$52,$2,$51,$5,$9,$34,$18,$-1,$17,$4,$14,$14,$11,$20,$18,$23,25,$0.45,$0.42,$120,$0,$14,$154,$0,$0,$190,$3,$193,$359,$59,$28,$9,$37,$97,$0,$54,$0,$262,$359,$14,$2,$-1,$1,$0,$0,$0,$-5,$-5,$10,$-1,$0,$-5,$-44,$0,$-44,$0,$-50,$-1,$0,$-1,$0,$0,$0,$0,$-1,$-40,$1,$0
15,2014-12-31,4.4,$10.67,0.41,$17.31,0.25,$5.97,0.74,$0.42,10.47,$0.16B,$0.07B,2.41,$0.04B,$0.25B,0.15,$0.38B,$0.37B,96.88%,$0.38B,$0.05B,13.28%,$0.38B,$0.05B,13.28%,$0.38B,$0.07B,18.75%,$0.38B,$0.06B,15.63%,$0.38B,$0.01B,3.65%,$0.01B,$0.25B,6.11%,$0.01B,$0.07B,38.10%,$0.01B,$0.36B,4.26%,$0.05B,$0.28B,20.38%,$78,$-10,$88,$9,$210,$231,$-153,$145,$-1,$-2,$1,$-8,$-8,$-147,$-153,$23,24,$-0.33,$-0.39,$116,$0,$26,$156,$20,$0,$181,$4,$205,$356,$65,$38,$7,$45,$110,$0,$43,$0,$246,$356,$43,$21,$24,$21,$-24,$0,$2,$-5,$0,$72,$-11,$0,$0,$-15,$0,$-15,$19,$-7,$36,$0,$38,$2,$2,$0,$-4,$35,$100,$14,$0
16,2014-09-30,5.56,$0.00,0.0,$18.18,0.31,$7.13,0.78,$0.39,14.25,$0.14B,$0.06B,2.25,$0.04B,$0.25B,0.16,$0.32B,$0.30B,94.12%,$0.32B,$0.06B,17.03%,$0.32B,$0.06B,17.03%,$0.32B,$0.07B,22.29%,$0.32B,$0.14B,43.96%,$0.32B,$0.02B,6.19%,$0.02B,$0.25B,11.00%,$0.02B,$0.04B,108.11%,$0.02B,$0.36B,7.46%,$0.06B,$0.29B,28.28%,$81,$8,$73,$11,$16,$34,$47,$-31,$21,$4,$17,$-10,$-10,$52,$47,$18,19,$-0.54,$-0.54,$99,$0,$7,$140,$0,$0,$208,$2,$210,$362,$62,$40,$11,$51,$113,$200,$48,$0,$249,$362,$48,$16,$0,$16,$0,$0,$0,$0,$-29,$47,$-5,$0,$19,$0,$0,$0,$0,$15,$0,$0,$36,$0,$2,$0,$-3,$34,$96,$0,$0
17,2014-06-30,10.1,$0.00,0.0,$18.93,0.53,$7.79,1.3,$0.54,18.7,$0.09B,$0.06B,1.54,$0.00B,$0.22B,0.01,$0.26B,$0.25B,95.06%,$0.26B,$0.01B,2.66%,$0.26B,$0.01B,2.66%,$0.26B,$0.02B,8.37%,$0.26B,$0.12B,45.63%,$0.26B,$0.03B,10.65%,$0.03B,$0.22B,20.90%,$0.03B,$0.03B,486.96%,$0.03B,$0.29B,13.41%,$0.01B,$0.23B,5.07%,$110,$7,$103,$11,$13,$31,$79,$-56,$22,$4,$18,$18,$18,$84,$79,$22,23,$0.78,$0.75,$37,$0,$14,$93,$0,$0,$187,$4,$191,$290,$60,$3,$5,$8,$68,$190,$32,$0,$222,$290,$32,$10,$0,$10,$0,$0,$0,$0,$-29,$22,$-8,$0,$0,$0,$0,$0,$22,$15,$0,$0,$-1,$0,$1,$1,$-3,$-2,$35,$0,$0
18,2014-03-31,11.05,$0.00,0.0,$19.85,0.56,$10.39,1.06,$-0.03,0.0,$0.11B,$0.10B,1.09,$0.00B,$0.20B,0.02,$0.18B,$0.17B,94.92%,$0.18B,$-0.07B,-40.11%,$0.18B,$-0.07B,-40.11%,$0.18B,$-0.06B,-32.77%,$0.18B,$0.10B,55.93%,$0.18B,$0.01B,6.21%,$0.01B,$0.20B,11.80%,$0.01B,$0.01B,-209.52%,$0.01B,$0.31B,6.56%,$-0.07B,$0.20B,-72.45%,$115,$6,$108,$13,$17,$36,$78,$-60,$18,$5,$14,$14,$14,$83,$78,$22,23,$0.63,$0.60,$53,$0,$6,$108,$0,$0,$192,$3,$195,$306,$99,$4,$5,$9,$107,$0,$14,$0,$199,$306,$14,$5,$0,$5,$0,$0,$0,$0,$-12,$14,$-1,$0,$23,$0,$0,$0,$-0,$22,$0,$15,$-1,$0,$0,$0,$-0,$14,$50,$0,$0
19,2013-12-31,12.09,$0.00,0.0,$21.24,0.57,$11.52,1.05,$0.03,401.66,$0.05B,$0.05B,0.94,$0.00B,$0.06B,0.08,$0.09B,$0.08B,93.33%,$0.09B,$-0.14B,-160.00%,$0.09B,$-0.14B,-160.00%,$0.09B,$-0.13B,-148.89%,$0.09B,$0.09B,94.44%,$0.09B,0,0.00%,$0.00B,$0.06B,0.00%,$0.00B,$-0.01B,0.00%,$0.00B,$0.12B,0.00%,$-0.14B,$0.06B,-227.67%,$17,$-3,$20,$4,$165,$166,$-149,$4,$81,$21,$60,$-2,$-2,$-147,$-149,$4,4,$-0.42,$-0.42,$25,$0,$4,$48,$0,$0,$64,$1,$66,$115,$50,$4,$4,$8,$58,$0,$11,$0,$57,$115,$0,$11,$12,$11,$18,$0,$9,$-9,$2,$16,$-1,$0,$0,$-76,$0,$0,$-2,$-2,$0,$0,$-2,$1,$0,$0,$-10,$-12,$2,$10,$-65
20,2013-09-30,13.16,$0.00,0.0,$22.88,0.58,$11.79,1.12,$0.60,21.93,$0.05B,$0.06B,0.93,$0.01B,$0.00B,0.0,$0.09B,$0.08B,89.36%,$0.09B,$-0.00B,-3.19%,$0.09B,$-0.00B,-3.19%,$0.09B,$0.01B,6.38%,$0.09B,$0.01B,6.38%,$0.09B,$0.00B,3.19%,$0.00B,$0.06B,5.22%,$0.00B,$-0.01B,-23.53%,$0.00B,$0.12B,2.42%,$-0.00B,$0.06B,-4.74%,$21,$3,$19,$3,$16,$22,$-1,$-0,$-1,$0,$-2,$-2,$-2,$2,$-1,$4,4,$-0.39,$-0.39,$38,$0,$4,$54,$0,$0,$67,$1,$69,$124,$58,$5,$3,$8,$66,$0,$0,$0,$58,$124,$2,$8,$0,$8,$0,$0,$0,$0,$1,$13,$-1,$0,$0,$0,$0,$0,$-2,$-3,$0,$0,$-2,$0,$0,$0,$-3,$-4,$6,$0,$0
21,2013-06-30,11.45,$0.00,0.0,$22.54,0.51,$10.13,1.13,$1.50,7.63,$0.05B,$0.05B,1.05,$0.01B,$0.00B,0.0,$0.09B,$0.08B,89.89%,$0.09B,$0.01B,6.74%,$0.09B,$0.01B,6.74%,$0.09B,$0.01B,14.61%,$0.09B,$0.01B,11.24%,$0.09B,$0.01B,7.87%,$0.01B,$0.06B,13.46%,$0.01B,$-0.01B,-80.00%,$0.01B,$0.13B,6.45%,$0.01B,$0.07B,10.30%,$24,$3,$21,$3,$17,$23,$1,$-0,$1,$0,$1,$1,$1,$4,$1,$4,4,$0.21,$0.18,$41,$0,$4,$54,$0,$0,$69,$1,$71,$126,$51,$5,$10,$15,$67,$0,$0,$0,$59,$126,$4,$5,$0,$5,$0,$0,$0,$0,$4,$14,$-0,$0,$0,$0,$0,$0,$-4,$-5,$0,$0,$-1,$0,$0,$0,$0,$-1,$9,$0,$0
22,2013-03-31,9.86,$0.00,0.0,$20.51,0.48,$7.56,1.31,$1.59,6.2,$0.05B,$0.05B,1.0,$0.01B,$0.00B,0.0,$0.08B,$0.07B,90.91%,$0.08B,$0.01B,12.99%,$0.08B,$0.01B,12.99%,$0.08B,$0.02B,19.48%,$0.08B,$0.01B,12.99%,$0.08B,$0.01B,9.09%,$0.01B,$0.06B,15.30%,$0.01B,$-0.01B,-127.27%,$0.01B,$0.12B,7.61%,$0.01B,$0.06B,19.05%,$28,$3,$24,$3,$16,$23,$5,$-0,$4,$1,$3,$3,$3,$7,$5,$4,4,$0.72,$0.66,$38,$0,$3,$49,$0,$0,$71,$1,$72,$123,$49,$6,$10,$16,$65,$0,$0,$0,$58,$123,$3,$3,$0,$3,$0,$0,$0,$0,$1,$8,$-0,$0,$0,$0,$0,$0,$-1,$-1,$0,$0,$-1,$0,$0,$0,$0,$-1,$6,$0,$0
23,2012-12-31,8.94,$0.00,0.0,$17.26,0.52,$6.55,1.36,$1.05,8.51,$0.05B,$0.05B,0.92,$0.01B,$0.06B,0.12,$0.06B,$0.06B,93.33%,$0.06B,$0.01B,10.00%,$0.06B,$0.01B,10.00%,$0.06B,$0.01B,15.00%,$0.06B,$0.01B,11.67%,$0.06B,$0.00B,6.67%,$0.00B,$0.06B,10.13%,$0.00B,$-0.02B,-228.57%,$0.00B,$0.12B,5.32%,$0.01B,$0.06B,13.41%,$21,$2,$20,$3,$25,$30,$-8,$10,$2,$1,$1,$1,$1,$-7,$-8,$4,4,$0.18,$0.15,$32,$0,$5,$48,$0,$0,$73,$1,$74,$123,$52,$7,$10,$16,$68,$0,$11,$0,$55,$123,$4,$4,$0,$4,$0,$0,$0,$0,$8,$16,$-1,$0,$-7,$0,$0,$0,$1,$-8,$0,$0,$9,$0,$0,$0,$-7,$2,$11,$0,$0
24,2012-09-30,7.02,$0.00,0.0,$14.97,0.47,$4.40,1.6,$0.96,7.31,$0.03B,$0.02B,1.63,$0.01B,$0.00B,0.0,$0.05B,$0.05B,92.00%,$0.05B,$0.01B,28.00%,$0.05B,$0.01B,28.00%,$0.05B,$0.02B,34.00%,$0.05B,$0.01B,10.00%,$0.05B,$0.00B,6.00%,$0.00B,$0.04B,8.89%,$0.00B,$0.01B,109.09%,$0.00B,$0.06B,5.15%,$0.01B,$0.04B,37.33%,$16,$1,$15,$3,$4,$8,$8,$-6,$3,$1,$2,$2,$2,$9,$8,$3,3,$0.51,$0.51,$18,$0,$6,$29,$0,$0,$30,$1,$32,$62,$18,$7,$1,$8,$26,$0,$0,$0,$36,$62,$3,$2,$0,$2,$0,$0,$0,$0,$-1,$5,$-0,$0,$-7,$0,$0,$0,$-1,$-8,$0,$0,$9,$0,$0,$0,$0,$10,$7,$0,$0
25,2012-06-30,4.27,$0.00,0.0,$12.71,0.34,$4.67,0.91,$0.45,9.49,$0.03B,$0.02B,1.51,$0.01B,$0.03B,0.23,$0.04B,$0.04B,92.86%,$0.04B,$0.01B,14.29%,$0.04B,$0.01B,14.29%,$0.04B,$0.01B,21.43%,$0.04B,$0.00B,4.76%,$0.04B,$0.00B,2.38%,$0.00B,$0.03B,3.08%,$0.00B,$0.00B,100.00%,$0.00B,$0.06B,1.79%,$0.01B,$0.04B,17.39%,$12,$1,$11,$2,$3,$7,$5,$-4,$1,$0,$1,$1,$1,$6,$5,$3,3,$0.27,$0.27,$16,$0,$6,$27,$0,$0,$31,$1,$32,$60,$18,$8,$1,$9,$26,$34,$0,$0,$34,$60,$1,$1,$0,$1,$0,$0,$0,$0,$-1,$3,$-0,$0,$-7,$0,$0,$0,$-0,$-7,$0,$0,$10,$0,$0,$0,$0,$10,$5,$0,$0
26,2012-03-31,5.18,$0.00,0.0,$11.53,0.45,$5.22,0.99,$0.84,6.17,$0.02B,$0.02B,0.99,$0.00B,$0.00B,0.0,$0.04B,$0.04B,94.74%,$0.04B,$0.00B,7.89%,$0.04B,$0.00B,7.89%,$0.04B,$0.01B,13.16%,$0.04B,$0.00B,7.89%,$0.04B,$0.00B,5.26%,$0.00B,$0.03B,6.35%,$0.00B,$0.00B,25.81%,$0.00B,$0.06B,3.86%,$0.00B,$0.03B,9.52%,$11,$1,$10,$3,$6,$10,$1,$0,$1,$0,$0,$0,$0,$1,$1,$3,3,$0.12,$0.12,$14,$0,$6,$22,$0,$0,$31,$2,$32,$56,$22,$0,$1,$1,$23,$0,$0,$0,$33,$56,$0,$1,$0,$1,$0,$0,$0,$0,$1,$2,$-0,$0,$0,$0,$0,$0,$-0,$-0,$0,$0,$0,$0,$0,$0,$0,$0,$2,$0,$0
27,2011-12-31,3.95,$0.00,0.0,$10.94,0.36,$5.13,0.77,$1.68,2.35,$0.02B,$0.02B,1.0,$0.00B,$0.03B,0.0,$0.04B,$0.03B,94.44%,$0.04B,$0.01B,13.89%,$0.04B,$0.01B,13.89%,$0.04B,$0.01B,22.22%,$0.04B,$0.01B,13.89%,$0.04B,$0.01B,13.89%,$0.01B,$0.03B,16.53%,$0.01B,$0.00B,35.09%,$0.01B,$0.06B,10.20%,$0.01B,$0.03B,16.53%,$11,$1,$10,$2,$7,$11,$0,$1,$0,$0,$0,$0,$0,$1,$0,$3,3,$0.06,$0.06,$11,$0,$6,$21,$0,$0,$31,$1,$33,$55,$21,$0,$1,$2,$23,$0,$7,$0,$32,$55,$6,$1,$0,$1,$0,$0,$0,$0,$-0,$7,$-1,$0,$-22,$0,$0,$15,$0,$-8,$0,$0,$0,$0,$0,$-4,$0,$-4,$-5,$0,$0
28,2011-09-30,4.54,$0.00,0.0,$9.89,0.46,$6.23,0.73,$2.16,2.1,$0.02B,$0.02B,0.96,$0.00B,$0.03B,0.0,$0.03B,$0.03B,93.94%,$0.03B,$0.01B,21.21%,$0.03B,$0.01B,21.21%,$0.03B,$0.01B,27.27%,$0.03B,$0.01B,21.21%,$0.03B,$0.01B,21.21%,$0.01B,$0.03B,23.93%,$0.01B,$-0.00B,32.94%,$0.01B,$0.05B,15.38%,$0.01B,$0.03B,23.93%,$8,$1,$8,$2,$6,$8,$0,$0,$0,$0,$0,$0,$0,$1,$0,$3,3,$0.00,$0.00,$10,$0,$3,$18,$0,$0,$32,$1,$33,$53,$19,$0,$1,$3,$21,$31,$0,$0,$31,$53,$5,$1,$0,$1,$0,$0,$0,$0,$-2,$5,$-0,$0,$-22,$0,$0,$15,$-1,$-8,$0,$0,$0,$0,$0,$-4,$0,$-4,$-7,$0,$0
29,2011-06-30,7.09,$0.00,0.0,$9.67,0.73,$4.69,1.51,$2.82,2.51,$0.04B,$0.01B,4.23,$0.00B,$0.00B,0.0,$0.03B,$0.03B,93.75%,$0.03B,$0.01B,31.25%,$0.03B,$0.01B,31.25%,$0.03B,$0.01B,34.38%,$0.03B,$0.01B,31.25%,$0.03B,$0.01B,28.13%,$0.01B,$0.03B,32.14%,$0.01B,$0.03B,32.14%,$0.01B,$0.04B,21.18%,$0.01B,$0.03B,35.71%,$8,$0,$8,$1,$4,$6,$2,$0,$2,$-1,$2,$2,$2,$2,$2,$3,3,$0.69,$0.66,$31,$0,$6,$40,$0,$0,$0,$1,$2,$43,$9,$0,$1,$3,$12,$0,$0,$0,$30,$43,$5,$0,$0,$0,$0,$0,$0,$0,$-2,$4,$-0,$0,$0,$0,$0,$-4,$-0,$-4,$0,$0,$0,$0,$0,$-4,$0,$-4,$-4,$0,$0
30,2011-03-31,7.24,$0.00,0.0,$9.48,0.76,$3.49,2.07,$2.85,2.54,$0.04B,$0.01B,2.96,$0.00B,$0.00B,0.0,$0.03B,$0.03B,93.55%,$0.03B,$0.01B,35.48%,$0.03B,$0.01B,35.48%,$0.03B,$0.01B,38.71%,$0.03B,$0.01B,35.48%,$0.03B,$0.01B,29.03%,$0.01B,$0.03B,32.73%,$0.01B,$0.03B,32.73%,$0.01B,$0.05B,21.82%,$0.01B,$0.03B,40.00%,$9,$0,$8,$2,$3,$5,$3,$0,$3,$0,$3,$3,$3,$4,$3,$3,3,$0.96,$0.96,$33,$0,$6,$42,$0,$0,$0,$1,$2,$45,$14,$0,$1,$3,$17,$0,$0,$0,$28,$45,$3,$0,$0,$0,$0,$0,$0,$0,$-0,$2,$-0,$0,$0,$0,$0,$-6,$-0,$-6,$0,$0,$0,$0,$0,$0,$0,$0,$-4,$0,$0
31,2010-12-31,7.33,$0.00,0.0,$9.00,0.81,$2.87,2.55,$2.55,2.87,$0.04B,$0.01B,3.74,$0.00B,$0.03B,0.0,$0.03B,$0.03B,96.55%,$0.03B,$0.01B,37.93%,$0.03B,$0.01B,37.93%,$0.03B,$0.01B,37.93%,$0.03B,$0.01B,37.93%,$0.03B,$0.01B,27.59%,$0.01B,$0.03B,28.83%,$0.01B,$0.03B,28.83%,$0.01B,$0.04B,19.75%,$0.01B,$0.03B,39.64%,$8,$0,$7,$2,$3,$5,$2,$0,$2,$1,$2,$2,$2,$2,$2,$3,3,$0.57,$0.54,$31,$0,$4,$38,$0,$0,$0,$1,$2,$41,$10,$0,$1,$3,$13,$0,$5,$0,$28,$41,$8,$1,$0,$1,$0,$0,$0,$0,$0,$10,$-0,$0,$0,$0,$0,$-10,$-0,$-10,$0,$0,$0,$0,$0,$-8,$0,$-8,$-8,$0,$0
32,2010-09-30,5.66,$0.00,0.0,$8.93,0.63,$3.07,1.84,$2.67,2.12,$0.04B,$0.01B,3.05,$0.00B,$0.03B,0.0,$0.03B,$0.03B,100.00%,$0.03B,$0.01B,42.86%,$0.03B,$0.01B,42.86%,$0.03B,$0.01B,42.86%,$0.03B,$0.01B,42.86%,$0.03B,$0.01B,28.57%,$0.01B,$0.03B,29.09%,$0.01B,$0.03B,29.09%,$0.01B,$0.04B,19.88%,$0.01B,$0.03B,43.64%,$7,$0,$7,$2,$2,$5,$3,$0,$3,$1,$2,$2,$2,$3,$3,$3,3,$0.66,$0.66,$33,$0,$0,$39,$0,$0,$0,$2,$2,$41,$13,$0,$1,$3,$15,$26,$0,$0,$26,$41,$0,$0,$0,$0,$0,$0,$0,$0,$0,$0,$0,$0,$0,$0,$0,$0,$0,$0,$0,$0,$0,$0,$0,$0,$0,$0,$0,$0,$0
33,2010-06-30,3.92,$0.00,0.0,$8.64,0.45,$3.07,1.27,$2.64,1.48,$0.04B,$0.01B,4.68,$0.00B,$0.03B,0.0,$0.03B,$0.03B,96.43%,$0.03B,$0.01B,42.86%,$0.03B,$0.01B,42.86%,$0.03B,$0.01B,42.86%,$0.03B,$0.01B,42.86%,$0.03B,$0.01B,28.57%,$0.01B,$0.03B,29.36%,$0.01B,$0.03B,29.63%,$0.01B,$0.04B,19.88%,$0.01B,$0.03B,44.04%,$7,$0,$7,$2,$2,$4,$3,$-0,$3,$1,$2,$2,$2,$3,$3,$3,3,$0.72,$0.69,$27,$0,$6,$35,$0,$0,$0,$2,$2,$38,$8,$0,$3,$3,$11,$28,$0,$0,$28,$38,$0,$0,$0,$0,$0,$0,$0,$0,$0,$0,$0,$0,$0,$0,$0,$0,$0,$0,$0,$0,$0,$0,$0,$0,$0,$0,$0,$0,$0
34,2010-03-31,5.34,$0.00,0.0,$8.58,0.62,$3.07,1.74,$2.73,1.95,$0.04B,$0.01B,4.11,$0.00B,$0.00B,0.0,$0.03B,$0.03B,92.86%,$0.03B,$0.01B,42.86%,$0.03B,$0.01B,42.86%,$0.03B,$0.01B,42.86%,$0.03B,$0.01B,42.86%,$0.03B,$0.01B,28.57%,$0.01B,$0.03B,30.19%,$0.01B,$0.03B,30.48%,$0.01B,$0.04B,19.63%,$0.01B,$0.03B,45.28%,$7,$0,$7,$2,$2,$4,$3,$0,$3,$1,$2,$2,$2,$3,$3,$3,3,$0.66,$0.66,$30,$0,$0,$39,$0,$0,$0,$2,$2,$42,$9,$0,$2,$3,$13,$0,$0,$0,$29,$42,$0,$0,$0,$0,$0,$0,$0,$0,$0,$0,$0,$0,$0,$0,$0,$0,$0,$0,$0,$0,$0,$0,$0,$0,$0,$0,$0,$0,$0
35,2009-12-31,8.25,$0.00,0.0,$8.52,0.97,$3.07,2.68,$2.52,3.27,$0.04B,$0.01B,3.72,$0.00B,$0.03B,0.0,$0.03B,$0.03B,92.59%,$0.03B,$0.01B,40.74%,$0.03B,$0.01B,40.74%,$0.03B,$0.01B,40.74%,$0.03B,$0.01B,40.74%,$0.03B,$0.01B,25.93%,$0.01B,$0.03B,26.92%,$0.01B,$0.03B,27.18%,$0.01B,$0.04B,17.61%,$0.01B,$0.03B,42.31%,$7,$0,$7,$2,$2,$5,$3,$0,$3,$1,$2,$2,$2,$3,$3,$3,3,$0.66,$0.66,$30,$0,$5,$37,$0,$0,$0,$2,$2,$40,$10,$0,$1,$3,$13,$0,$5,$0,$27,$40,$8,$1,$0,$1,$0,$0,$0,$0,$-0,$11,$-1,$0,$0,$0,$0,$14,$0,$13,$0,$0,$0,$0,$1,$-8,$0,$-8,$17,$0,$0
36,2009-09-30,6.7,$0.00,0.0,$8.19,0.82,$0.09,74.67,$3.27,2.05,$0.04B,$0.01B,2.84,$0.00B,$0.03B,0.0,$0.03B,$0.02B,92.31%,$0.03B,$0.01B,34.62%,$0.03B,$0.01B,34.62%,$0.03B,$0.01B,34.62%,$0.03B,$0.01B,46.15%,$0.03B,$0.01B,34.62%,$0.01B,$0.03B,34.95%,$0.01B,$0.02B,35.64%,$0.01B,$0.04B,22.93%,$0.01B,$0.03B,34.95%,$7,$0,$6,$2,$2,$4,$3,$0,$3,$1,$2,$2,$2,$3,$3,$3,3,$0.66,$0.63,$30,$0,$5,$37,$0,$0,$0,$2,$2,$41,$13,$0,$1,$3,$16,$25,$0,$0,$25,$41,$0,$0,$0,$0,$0,$0,$0,$0,$0,$0,$0,$0,$0,$0,$0,$0,$0,$0,$0,$0,$0,$0,$0,$0,$0,$0,$0,$0,$0
37,2009-06-30,4.16,$0.00,0.0,$8.01,0.52,$0.09,46.36,$2.67,1.56,$0.04B,$0.01B,3.1,$0.00B,$0.03B,0.0,$0.03B,$0.02B,92.00%,$0.03B,$0.01B,28.00%,$0.03B,$0.01B,28.00%,$0.03B,$0.01B,28.00%,$0.03B,$0.01B,36.00%,$0.03B,$0.01B,28.00%,$0.01B,$0.03B,28.28%,$0.01B,$0.03B,28.57%,$0.01B,$0.04B,18.79%,$0.01B,$0.03B,28.28%,$7,$0,$6,$1,$2,$4,$3,$0,$3,$1,$2,$2,$2,$3,$3,$3,3,$0.78,$0.78,$30,$0,$5,$37,$0,$0,$0,$1,$2,$40,$12,$0,$1,$3,$15,$25,$0,$0,$25,$40,$0,$0,$0,$0,$0,$0,$0,$0,$0,$0,$0,$0,$0,$0,$0,$0,$0,$0,$0,$0,$0,$0,$0,$0,$0,$0,$0,$0,$0
38,2009-03-31,2.67,$0.00,0.0,$7.48,0.36,$0.09,29.76,$2.10,1.27,$0.04B,$0.01B,4.36,$0.00B,$0.00B,0.0,$0.02B,$0.02B,95.65%,$0.02B,$0.01B,21.74%,$0.02B,$0.01B,21.74%,$0.02B,$0.01B,21.74%,$0.02B,$0.01B,30.43%,$0.02B,$0.01B,26.09%,$0.01B,$0.03B,25.26%,$0.01B,$0.03B,25.53%,$0.01B,$0.04B,16.90%,$0.01B,$0.03B,21.05%,$6,$0,$6,$1,$2,$4,$2,$-0,$2,$1,$1,$1,$1,$2,$2,$3,3,$0.45,$0.45,$28,$0,$0,$35,$0,$0,$0,$1,$2,$38,$8,$0,$1,$3,$11,$0,$0,$0,$27,$38,$0,$0,$0,$0,$0,$0,$0,$0,$0,$0,$0,$0,$0,$0,$0,$0,$0,$0,$0,$0,$0,$0,$0,$0,$0,$0,$0,$0,$0
39,2008-12-31,1.7,$0.00,0.0,$6.93,0.25,$0.09,18.95,$1.44,1.18,$0.03B,$0.01B,3.8,$0.00B,$0.03B,0.0,$0.02B,$0.02B,90.91%,$0.02B,$0.00B,9.09%,$0.02B,$0.00B,9.09%,$0.02B,$0.00B,9.09%,$0.02B,$0.00B,18.18%,$0.02B,$0.00B,18.18%,$0.00B,$0.03B,17.98%,$0.00B,$0.03B,18.39%,$0.00B,$0.04B,11.68%,$0.00B,$0.03B,8.99%,$6,$0,$6,$2,$3,$5,$1,$3,$4,$0,$4,$4,$4,$1,$1,$3,3,$1.41,$1.41,$27,$0,$5,$34,$0,$0,$0,$2,$2,$38,$9,$0,$3,$3,$12,$0,$3,$0,$26,$38,$4,$1,$0,$1,$0,$0,$0,$0,$-2,$1,$-1,$0,$0,$0,$0,$4,$-0,$3,$0,$0,$0,$0,$-1,$0,$0,$-1,$3,$0,$0
40,2008-09-30,2.41,$0.00,0.0,$6.67,0.36,$0.76,3.18,$-1.47,0.0,$0.03B,$0.01B,3.47,$0.00B,$0.02B,0.0,$0.02B,$0.02B,90.48%,$0.02B,$0.01B,28.57%,$0.02B,$0.01B,28.57%,$0.02B,$0.01B,28.57%,$0.02B,$0.01B,23.81%,$0.02B,$-0.01B,-23.81%,$-0.01B,$0.02B,-23.81%,$-0.01B,$0.02B,-24.39%,$-0.01B,$0.03B,-15.27%,$0.01B,$0.02B,28.57%,$6,$0,$5,$2,$3,$5,$1,$-0,$0,$0,$0,$0,$0,$1,$1,$3,3,$0.03,$0.03,$22,$0,$0,$28,$0,$0,$0,$2,$2,$33,$8,$0,$2,$3,$11,$0,$0,$0,$21,$33,$0,$0,$0,$0,$0,$0,$0,$0,$0,$0,$0,$0,$0,$0,$0,$0,$0,$0,$0,$0,$0,$0,$0,$0,$0,$0,$0,$0,$0
41,2008-06-30,2.16,$0.00,0.0,$6.27,0.34,$0.76,2.86,$-1.41,0.0,$0.03B,$0.01B,3.36,$0.00B,$0.00B,0.0,$0.02B,$0.02B,95.00%,$0.02B,$0.01B,50.00%,$0.02B,$0.01B,50.00%,$0.02B,$0.01B,50.00%,$0.02B,$0.01B,50.00%,$0.02B,$-0.01B,-25.00%,$-0.01B,$0.02B,-31.75%,$-0.01B,$0.02B,-32.79%,$-0.01B,$0.03B,-20.41%,$0.01B,$0.02B,63.49%,$5,$0,$5,$2,$2,$5,$1,$0,$1,$0,$1,$1,$1,$1,$1,$3,3,$0.21,$0.21,$23,$0,$4,$29,$0,$0,$0,$2,$2,$33,$9,$0,$2,$3,$12,$0,$0,$0,$21,$33,$0,$0,$0,$0,$0,$0,$0,$0,$0,$0,$0,$0,$0,$0,$0,$0,$0,$0,$0,$0,$0,$0,$0,$0,$0,$0,$0,$0,$0
42,2008-03-31,2.27,$0.00,0.0,$5.97,0.38,$0.76,3.0,$-1.44,0.0,$0.03B,$0.01B,3.13,$0.00B,$0.02B,0.0,$0.02B,$0.02B,94.74%,$0.02B,$0.01B,52.63%,$0.02B,$0.01B,52.63%,$0.02B,$0.01B,52.63%,$0.02B,$0.01B,52.63%,$0.02B,$-0.01B,-26.32%,$-0.01B,$0.02B,-30.30%,$-0.01B,$0.02B,-31.25%,$-0.01B,$0.03B,-20.00%,$0.01B,$0.02B,60.61%,$5,$0,$4,$2,$3,$6,$-1,$0,$-1,$-0,$-1,$-1,$-1,$-1,$-1,$3,3,$-0.21,$-0.21,$24,$0,$0,$28,$0,$0,$0,$2,$2,$33,$9,$0,$2,$3,$12,$21,$0,$0,$21,$33,$0,$0,$0,$0,$0,$0,$0,$0,$0,$0,$0,$0,$0,$0,$0,$0,$0,$0,$0,$0,$0,$0,$0,$0,$0,$0,$0,$0,$0
43,2007-12-31,4.07,$0.00,0.0,$5.87,0.69,$0.76,5.38,$-0.96,0.0,$0.03B,$0.01B,3.46,$0.00B,$0.02B,0.0,$0.02B,$0.02B,100.00%,$0.02B,$0.02B,83.33%,$0.02B,$0.02B,83.33%,$0.02B,$0.02B,83.33%,$0.02B,$0.02B,83.33%,$0.02B,$-0.00B,-16.67%,$-0.00B,$0.02B,-26.67%,$-0.00B,$0.02B,-27.27%,$-0.00B,$0.03B,-17.91%,$0.02B,$0.02B,133.33%,$5,$0,$5,$0,$0,$0,$5,$0,$5,$0,$5,$-5,$-5,$5,$5,$3,3,$-1.50,$-1.50,$23,$0,$2,$28,$0,$0,$0,$2,$2,$32,$8,$0,$1,$3,$11,$0,$-1,$0,$21,$32,$-3,$1,$0,$1,$0,$0,$0,$0,$-0,$4,$-1,$0,$0,$0,$0,$-6,$-0,$-8,$0,$0,$0,$0,$0,$0,$0,$0,$-4,$0,$0
44,2007-09-30,6.49,$0.00,0.0,$5.14,1.26,0,0.0,$0.81,8.01,$0.00B,$0.00B,0.0,$0.00B,$0.00B,0.0,$0.02B,$0.02B,100.00%,$0.02B,$0.01B,80.00%,$0.02B,$0.01B,80.00%,$0.02B,$0.01B,80.00%,$0.02B,$0.01B,80.00%,$0.02B,$0.00B,20.00%,$0.00B,$0.00B,50.00%,$0.00B,$0.00B,50.00%,$0.00B,$0.00B,34.29%,$0.01B,$0.00B,200.00%,$5,$0,$5,$0,$0,$0,$5,$0,$5,$0,$5,$0,$0,$5,$5,$3,3,$0.09,$0.09,$0,$0,$0,$0,$0,$0,$0,$0,$0,$0,$0,$0,$0,$0,$0,$0,$0,$0,$0,$0,$0,$0,$0,$0,$0,$0,$0,$0,$0,$0,$0,$0,$0,$0,$0,$0,$0,$0,$0,$0,$0,$0,$0,$0,$0,$0,$0,$0,$0
45,2007-06-30,5.68,$0.00,0.0,$4.53,1.25,0,0.0,$0.90,6.31,$0.03B,$0.01B,3.71,$0.00B,$0.02B,0.0,$0.01B,$0.01B,100.00%,$0.01B,$0.01B,76.92%,$0.01B,$0.01B,76.92%,$0.01B,$0.01B,76.92%,$0.01B,$0.01B,76.92%,$0.01B,$0.00B,30.77%,$0.00B,$0.02B,66.67%,$0.00B,$0.02B,66.67%,$0.00B,$0.04B,45.71%,$0.01B,$0.02B,166.67%,$4,$0,$4,$1,$2,$4,$1,$0,$1,$0,$1,$1,$1,$1,$1,$3,3,$0.21,$0.18,$29,$0,$1,$31,$0,$0,$1,$1,$2,$35,$8,$0,$1,$2,$10,$24,$0,$0,$24,$35,$0,$0,$0,$0,$0,$0,$0,$0,$0,$0,$0,$0,$0,$0,$0,$0,$0,$0,$0,$0,$0,$0,$0,$0,$0,$0,$0,$0,$0
46,2007-03-31,5.9,$0.00,0.0,$3.82,1.55,0,0.0,$0.84,7.03,$0.00B,$0.00B,0.0,$0.00B,$0.00B,0.0,$0.01B,$0.01B,100.00%,$0.01B,$0.01B,100.00%,$0.01B,$0.01B,100.00%,$0.01B,$0.01B,100.00%,$0.01B,$0.01B,100.00%,$0.01B,$0.00B,27.27%,$0.00B,$0.00B,inf%,$0.00B,$0.00B,inf%,$0.00B,$0.00B,inf%,$0.01B,$0.00B,inf%,$4,$0,$4,$0,$0,$0,$4,$0,$4,$0,$4,$1,$1,$4,$4,$3,3,$0.27,$0.27,$0,$0,$0,$0,$0,$0,$0,$0,$0,$0,$0,$0,$0,$0,$0,$0,$0,$0,$0,$0,$0,$0,$0,$0,$0,$0,$0,$0,$0,$0,$0,$0,$0,$0,$0,$0,$0,$0,$0,$0,$0,$0,$0,$0,$0,$0,$0,$0,$0
47,2006-12-31,6.03,$0.00,0.0,$3.24,1.86,0,0.0,$0.75,8.04,$0.00B,$0.00B,0.0,$0.00B,$0.00B,0.0,$0.01B,$0.01B,100.00%,$0.01B,$0.01B,100.00%,$0.01B,$0.01B,100.00%,$0.01B,$0.01B,100.00%,$0.01B,$0.01B,100.00%,$0.01B,$0.00B,33.33%,$0.00B,$0.00B,inf%,$0.00B,$0.00B,inf%,$0.00B,$0.00B,inf%,$0.01B,$0.00B,inf%,$2,$0,$2,$0,$0,$0,$2,$0,$2,$0,$2,$1,$1,$2,$2,$2,2,$0.27,$0.27,$0,$0,$0,$0,$0,$0,$0,$0,$0,$0,$0,$0,$0,$0,$0,$0,$0,$0,$0,$0,$0,$0,$0,$0,$0,$0,$0,$0,$0,$0,$0,$0,$0,$0,$0,$0,$0,$0,$0,$0,$0,$0,$0,$0,$0,$0,$0,$0,$0
