,Date,Stock Price,Book Value per Share,Price to Book Ratio,TTM Sales per Share,Price to Sales Ratio,TTM FCF per Share,Price to FCF Ratio,TTM Net EPS,PE Ratio,Current Assets,Current Liabilities,Current Ratio,Long Term Debt,Shareholder's Equity_x,Debt to Equity Ratio,TTM Revenue_x,TTM Gross Profit,Gross Margin,TTM Revenue_y,TTM Operating Income,Operating Margin,TTM Revenue_x,TTM EBIT,EBIT Margin,TTM Revenue_y,TTM EBITDA,EBITDA Margin,TTM Revenue_x,TTM Pre-Tax Income,Pre-Tax Margin,TTM Revenue_y,TTM Net Income_x,Net Margin,TTM Net Income_y,Shareholder's Equity_y,Return on Equity,TTM Net Income_x,Tangible Equity,Return on Tangible Equity,TTM Net Income_y,Total Assets,Return on Assets,TTM Net Income,LT Investments & Debt,Return on Investment,revenue,cost-goods-sold,gross-profit,research-development-expenses,selling-general-administrative-expenses,operating-expenses,operating-income,total-non-operating-income-expense,pre-tax-income,total-provision-income-taxes,income-after-taxes,income-from-continuous-operations,net-income,ebitda,ebit,basic-shares-outstanding,shares-outstanding,eps-basic-net-earnings-per-share,eps-earnings-per-share-diluted,cash-on-hand,inventory,other-current-assets,total-current-assets,net-property-plant-equipment,long-term-investments,goodwill-intangible-assets-total,other-long-term-assets,total-long-term-assets,total-assets,total-current-liabilities,long-term-debt,other-non-current-liabilities,total-long-term-liabilities,total-liabilities,common-stock-net,retained-earnings-accumulated-deficit,comprehensive-income,total-share-holder-equity,total-liabilities-share-holders-equity,net-income-loss,total-depreciation-amortization-cash-flow,other-non-cash-items,total-non-cash-items,change-in-accounts-receivable,change-in-inventories,change-in-accounts-payable,change-in-assets-liabilities,total-change-in-assets-liabilities,cash-flow-from-operating-activities,net-change-in-property-plant-equipment,net-change-in-intangible-assets,net-acquisitions-divestitures,net-change-in-short-term-investments,net-change-in-long-term-investments,net-change-in-investments-total,investing-activities-other,cash-flow-from-investing-activities,net-long-term-debt,net-current-debt,debt-issuance-retirement-net-total,net-common-equity-issued-repurchased,net-total-equity-issued-repurchased,total-common-preferred-stock-dividends-paid,financial-activities-other,cash-flow-from-financial-activities,net-cash-flow,stock-based-compensation,common-stock-dividends-paid
0,2018-09-30,33.01,$6.28,5.26,$13.99,2.36,$5.52,5.98,$2.08,15.87,$0.12B,$0.02B,6.99,$0.00B,$0.13B,0.0,$0.29B,$0.10B,35.79%,$0.29B,$0.05B,18.95%,$0.29B,$0.05B,18.95%,$0.29B,$0.06B,20.00%,$0.29B,$0.06B,19.65%,$0.29B,$0.04B,15.09%,$0.04B,$0.13B,35.83%,$0.04B,$0.13B,36.13%,$0.04B,$0.15B,30.07%,$0.05B,$0.13B,45.00%,$71,$46,$25,$0,$12,$58,$13,$1,$14,$3,$11,$11,$11,$14,$13,$20,21,$0.53,$0.52,$87,$29,$0,$119,$28,$0,$1,$0,$29,$148,$17,$0,$0,$1,$18,$0,$119,$0,$130,$148,$23,$1,$2,$3,$0,$-5,$-1,$-0,$-6,$20,$-0,$0,$0,$0,$0,$0,$0,$-0,$0,$0,$0,$0,$0,$-11,$0,$-11,$9,$2,$-11
1,2018-06-30,43.74,$6.01,7.27,$13.78,3.17,$5.43,8.06,$1.99,21.98,$0.12B,$0.03B,4.41,$0.00B,$0.12B,0.0,$0.28B,$0.10B,35.59%,$0.28B,$0.05B,18.86%,$0.28B,$0.05B,18.86%,$0.28B,$0.06B,19.93%,$0.28B,$0.06B,19.57%,$0.28B,$0.04B,14.59%,$0.04B,$0.12B,36.12%,$0.04B,$0.12B,36.44%,$0.04B,$0.15B,29.87%,$0.05B,$0.12B,46.70%,$87,$57,$30,$0,$14,$72,$16,$1,$16,$4,$13,$13,$13,$16,$16,$20,20,$0.62,$0.62,$95,$25,$0,$123,$28,$0,$1,$0,$29,$153,$28,$0,$0,$1,$29,$0,$114,$0,$124,$153,$13,$1,$1,$1,$-0,$-2,$6,$-0,$8,$22,$-0,$0,$0,$0,$0,$0,$0,$-0,$0,$0,$0,$0,$0,$-5,$0,$-5,$17,$1,$-5
2,2018-03-31,41.16,$5.62,7.33,$13.40,3.07,$5.04,8.16,$1.82,22.62,$0.11B,$0.02B,5.81,$0.00B,$0.12B,0.0,$0.27B,$0.10B,35.40%,$0.27B,$0.05B,18.61%,$0.27B,$0.05B,18.61%,$0.27B,$0.06B,20.07%,$0.27B,$0.05B,19.71%,$0.27B,$0.04B,13.50%,$0.04B,$0.12B,34.50%,$0.04B,$0.12B,34.82%,$0.04B,$0.14B,28.35%,$0.05B,$0.12B,47.55%,$67,$42,$25,$0,$10,$53,$14,$0,$14,$4,$10,$10,$10,$15,$14,$20,20,$0.49,$0.50,$78,$23,$0,$105,$29,$0,$1,$0,$30,$135,$18,$0,$0,$1,$19,$0,$106,$0,$116,$135,$37,$2,$3,$5,$-1,$-3,$0,$0,$-5,$37,$-1,$0,$0,$0,$0,$0,$0,$-1,$0,$0,$0,$0,$0,$-17,$0,$-17,$19,$3,$-17
3,2017-12-31,44.6,$5.34,8.36,$13.20,3.38,$5.05,8.84,$1.69,26.39,$0.11B,$0.03B,4.24,$0.00B,$0.11B,0.0,$0.27B,$0.09B,34.81%,$0.27B,$0.05B,18.15%,$0.27B,$0.05B,18.15%,$0.27B,$0.05B,19.26%,$0.27B,$0.05B,19.26%,$0.27B,$0.04B,12.96%,$0.04B,$0.11B,34.48%,$0.04B,$0.11B,34.74%,$0.04B,$0.14B,28.00%,$0.05B,$0.11B,48.28%,$60,$38,$22,$0,$10,$49,$11,$0,$12,$3,$9,$9,$9,$12,$11,$20,20,$0.45,$0.44,$81,$22,$0,$106,$29,$0,$1,$0,$30,$136,$25,$0,$0,$1,$26,$0,$101,$0,$110,$136,$27,$2,$2,$3,$0,$-2,$-3,$0,$5,$35,$-1,$0,$0,$0,$0,$0,$0,$-1,$0,$0,$0,$0,$0,$-12,$0,$-12,$22,$2,$-12
4,2017-09-30,32.32,$5.06,6.38,$12.84,2.52,$4.42,7.31,$1.49,21.69,$0.10B,$0.02B,4.91,$0.00B,$0.10B,0.0,$0.26B,$0.09B,33.84%,$0.26B,$0.05B,17.49%,$0.26B,$0.05B,17.49%,$0.26B,$0.05B,18.25%,$0.26B,$0.05B,18.25%,$0.26B,$0.03B,11.79%,$0.03B,$0.10B,32.21%,$0.03B,$0.10B,32.38%,$0.03B,$0.13B,26.84%,$0.05B,$0.10B,47.79%,$67,$43,$23,$0,$11,$54,$12,$0,$13,$4,$9,$9,$9,$13,$12,$20,20,$0.43,$0.43,$68,$23,$0,$95,$29,$0,$1,$0,$30,$125,$19,$0,$0,$1,$21,$0,$96,$0,$104,$125,$18,$1,$1,$2,$-0,$-3,$-5,$-0,$-2,$18,$-0,$0,$0,$0,$0,$0,$0,$-0,$0,$0,$0,$0,$0,$-8,$0,$-8,$10,$1,$-8
5,2017-06-30,39.42,$4.82,8.17,$12.56,3.14,$4.62,8.54,$1.30,30.32,$0.10B,$0.03B,3.71,$0.00B,$0.10B,0.0,$0.26B,$0.08B,32.68%,$0.26B,$0.04B,16.34%,$0.26B,$0.04B,16.34%,$0.26B,$0.04B,16.73%,$0.26B,$0.04B,16.73%,$0.26B,$0.03B,10.51%,$0.03B,$0.10B,29.27%,$0.03B,$0.10B,29.43%,$0.03B,$0.13B,24.88%,$0.04B,$0.10B,45.53%,$80,$52,$27,$0,$13,$65,$14,$0,$15,$5,$9,$9,$9,$15,$14,$20,20,$0.46,$0.45,$69,$23,$0,$95,$30,$0,$1,$0,$31,$126,$26,$0,$0,$1,$27,$0,$92,$0,$99,$126,$9,$1,$0,$1,$-0,$-3,$1,$-0,$4,$14,$-0,$0,$0,$0,$0,$0,$0,$-0,$0,$0,$0,$0,$0,$-4,$0,$-4,$10,$0,$-4
6,2017-03-31,19.44,$4.55,4.27,$12.23,1.59,$4.46,4.36,$1.17,16.62,$0.08B,$0.02B,4.46,$0.00B,$0.09B,0.0,$0.25B,$0.08B,31.73%,$0.25B,$0.04B,15.26%,$0.25B,$0.04B,15.26%,$0.25B,$0.04B,15.66%,$0.25B,$0.04B,15.26%,$0.25B,$0.03B,10.04%,$0.03B,$0.09B,28.09%,$0.03B,$0.09B,28.17%,$0.03B,$0.11B,24.51%,$0.04B,$0.09B,42.70%,$63,$41,$22,$0,$10,$51,$12,$0,$12,$4,$8,$8,$8,$12,$12,$20,20,$0.37,$0.37,$59,$20,$0,$82,$30,$0,$1,$0,$31,$113,$18,$0,$0,$1,$19,$0,$87,$0,$93,$113,$24,$1,$4,$6,$-1,$5,$10,$1,$18,$47,$-11,$0,$0,$0,$0,$0,$0,$-11,$0,$0,$0,$0,$0,$-16,$0,$-16,$21,$2,$-16
7,2016-12-31,22.07,$4.35,5.07,$11.87,1.86,$2.71,8.16,$1.07,20.63,$0.07B,$0.01B,8.53,$0.00B,$0.09B,0.0,$0.24B,$0.08B,31.12%,$0.24B,$0.04B,14.52%,$0.24B,$0.04B,14.52%,$0.24B,$0.04B,14.94%,$0.24B,$0.04B,14.52%,$0.24B,$0.02B,9.13%,$0.02B,$0.09B,25.43%,$0.02B,$0.09B,25.58%,$0.02B,$0.10B,22.86%,$0.04B,$0.09B,40.46%,$53,$36,$17,$0,$9,$45,$8,$0,$8,$3,$5,$5,$5,$8,$8,$20,20,$0.24,$0.24,$48,$15,$0,$68,$29,$0,$1,$0,$30,$98,$8,$0,$0,$0,$8,$0,$83,$0,$89,$98,$16,$1,$3,$4,$-0,$11,$0,$0,$11,$32,$-10,$0,$0,$0,$0,$0,$0,$-10,$0,$0,$0,$0,$0,$-12,$0,$-12,$10,$1,$-12
8,2016-09-30,19.21,$4.29,4.48,$11.80,1.63,$2.75,6.99,$1.07,17.96,$0.08B,$0.01B,8.71,$0.00B,$0.09B,0.0,$0.24B,$0.08B,31.38%,$0.24B,$0.04B,14.64%,$0.24B,$0.04B,14.64%,$0.24B,$0.04B,15.06%,$0.24B,$0.04B,14.64%,$0.24B,$0.02B,9.21%,$0.02B,$0.09B,26.04%,$0.02B,$0.09B,26.27%,$0.02B,$0.10B,23.40%,$0.04B,$0.09B,41.42%,$61,$43,$18,$0,$10,$53,$8,$0,$8,$3,$5,$5,$5,$8,$8,$20,20,$0.24,$0.24,$52,$15,$0,$75,$21,$0,$1,$0,$22,$97,$9,$0,$0,$0,$9,$0,$82,$0,$88,$97,$11,$0,$2,$2,$0,$11,$1,$2,$14,$28,$-6,$0,$0,$0,$0,$0,$0,$-6,$0,$0,$0,$0,$0,$-8,$0,$-8,$14,$1,$-8
9,2016-06-30,17.61,$4.22,4.17,$11.62,1.52,$2.36,7.47,$1.05,16.77,$0.08B,$0.01B,5.75,$0.00B,$0.09B,0.0,$0.24B,$0.08B,32.34%,$0.24B,$0.03B,14.47%,$0.24B,$0.03B,14.47%,$0.24B,$0.04B,14.89%,$0.24B,$0.03B,14.47%,$0.24B,$0.02B,9.36%,$0.02B,$0.09B,26.75%,$0.02B,$0.09B,26.99%,$0.02B,$0.10B,23.98%,$0.03B,$0.09B,41.34%,$72,$50,$22,$0,$12,$62,$10,$0,$10,$4,$7,$7,$7,$11,$10,$20,20,$0.33,$0.32,$44,$27,$0,$77,$21,$0,$1,$0,$23,$100,$13,$0,$0,$0,$13,$0,$81,$0,$86,$100,$7,$0,$1,$1,$-1,$-1,$2,$1,$6,$13,$-3,$0,$0,$0,$0,$0,$0,$-3,$0,$0,$0,$0,$0,$-4,$0,$-4,$7,$0,$-4
10,2016-03-31,16.64,$4.07,4.09,$11.60,1.43,$2.37,7.02,$1.02,16.32,$0.07B,$0.01B,9.55,$0.00B,$0.08B,0.0,$0.24B,$0.08B,32.77%,$0.24B,$0.03B,14.04%,$0.24B,$0.03B,14.04%,$0.24B,$0.03B,14.04%,$0.24B,$0.03B,14.04%,$0.24B,$0.02B,8.94%,$0.02B,$0.08B,26.17%,$0.02B,$0.08B,26.50%,$0.02B,$0.09B,23.33%,$0.03B,$0.08B,41.12%,$55,$38,$18,$0,$9,$47,$9,$0,$9,$3,$5,$5,$5,$9,$9,$20,20,$0.27,$0.27,$38,$26,$0,$68,$21,$0,$1,$0,$23,$90,$7,$0,$0,$0,$7,$0,$78,$0,$83,$90,$21,$1,$2,$3,$-0,$-1,$-0,$-1,$-2,$21,$-20,$0,$0,$16,$0,$16,$0,$-4,$0,$0,$0,$0,$0,$-15,$0,$-15,$2,$2,$-15
11,2015-12-31,15.75,$3.98,3.96,$11.35,1.39,$3.87,4.07,$1.00,15.75,$0.09B,$0.01B,11.21,$0.00B,$0.08B,0.0,$0.23B,$0.08B,33.04%,$0.23B,$0.03B,13.91%,$0.23B,$0.03B,13.91%,$0.23B,$0.03B,13.91%,$0.23B,$0.03B,13.91%,$0.23B,$0.02B,9.13%,$0.02B,$0.08B,26.84%,$0.02B,$0.08B,27.10%,$0.02B,$0.09B,23.80%,$0.03B,$0.08B,40.89%,$51,$34,$17,$0,$9,$43,$8,$0,$8,$3,$5,$5,$5,$8,$8,$20,20,$0.24,$0.24,$63,$19,$0,$86,$1,$0,$1,$0,$2,$89,$8,$0,$0,$0,$8,$0,$77,$-0,$81,$89,$15,$1,$1,$2,$0,$6,$0,$-1,$6,$23,$-0,$0,$0,$-0,$0,$-0,$0,$-0,$0,$0,$0,$0,$0,$-11,$0,$-11,$12,$1,$-11
12,2015-09-30,14.64,$3.90,3.76,$11.28,1.3,$4.21,3.48,$1.00,14.64,$0.09B,$0.01B,9.4,$0.00B,$0.08B,0.0,$0.23B,$0.08B,33.33%,$0.23B,$0.03B,14.04%,$0.23B,$0.03B,14.04%,$0.23B,$0.03B,14.04%,$0.23B,$0.03B,14.04%,$0.23B,$0.02B,9.21%,$0.02B,$0.08B,27.45%,$0.02B,$0.08B,27.72%,$0.02B,$0.09B,24.42%,$0.03B,$0.08B,41.83%,$57,$38,$19,$0,$12,$50,$7,$0,$7,$3,$5,$5,$5,$7,$7,$20,20,$0.22,$0.22,$58,$24,$0,$86,$1,$0,$1,$0,$2,$88,$9,$0,$0,$0,$9,$0,$75,$-0,$79,$88,$10,$0,$1,$1,$0,$1,$2,$-0,$2,$14,$-0,$0,$0,$-0,$0,$-0,$0,$-0,$0,$0,$0,$0,$0,$-7,$0,$-7,$7,$1,$-7
13,2015-06-30,15.54,$3.84,4.04,$11.33,1.37,$4.67,3.33,$0.92,16.89,$0.09B,$0.02B,5.85,$0.00B,$0.08B,0.0,$0.23B,$0.08B,32.75%,$0.23B,$0.03B,12.66%,$0.23B,$0.03B,12.66%,$0.23B,$0.03B,12.66%,$0.23B,$0.03B,12.66%,$0.23B,$0.02B,8.30%,$0.02B,$0.08B,25.42%,$0.02B,$0.08B,25.68%,$0.02B,$0.09B,22.69%,$0.03B,$0.08B,38.80%,$72,$49,$23,$0,$14,$63,$9,$0,$9,$3,$6,$6,$6,$9,$9,$20,20,$0.29,$0.29,$58,$27,$0,$91,$1,$0,$1,$0,$2,$93,$16,$0,$0,$0,$16,$0,$74,$-0,$78,$93,$6,$0,$0,$1,$-1,$-2,$5,$-0,$4,$11,$-0,$0,$0,$-0,$0,$-0,$0,$-0,$0,$0,$0,$0,$0,$-4,$0,$-4,$7,$0,$-4
14,2015-03-31,14.7,$3.72,3.95,$11.40,1.29,$4.85,3.03,$0.88,16.7,$0.08B,$0.01B,10.73,$0.00B,$0.08B,0.0,$0.23B,$0.08B,33.04%,$0.23B,$0.03B,12.17%,$0.23B,$0.03B,12.17%,$0.23B,$0.03B,12.17%,$0.23B,$0.03B,12.17%,$0.23B,$0.02B,7.83%,$0.02B,$0.08B,24.57%,$0.02B,$0.08B,24.83%,$0.02B,$0.08B,21.95%,$0.03B,$0.08B,38.23%,$50,$33,$17,$0,$9,$42,$8,$0,$8,$3,$5,$5,$5,$8,$8,$20,20,$0.24,$0.24,$51,$25,$0,$80,$2,$0,$1,$0,$3,$83,$7,$0,$0,$0,$7,$0,$72,$-0,$75,$83,$17,$1,$3,$4,$-0,$11,$-1,$1,$10,$32,$-1,$0,$0,$-0,$0,$-0,$0,$-1,$0,$0,$0,$0,$0,$-14,$0,$-14,$17,$1,$-14
15,2014-12-31,12.65,$3.63,3.49,$11.34,1.12,$3.98,3.18,$0.86,14.71,$0.08B,$0.01B,12.35,$0.00B,$0.07B,0.0,$0.23B,$0.08B,33.19%,$0.23B,$0.03B,11.79%,$0.23B,$0.03B,11.79%,$0.23B,$0.03B,11.79%,$0.23B,$0.03B,11.79%,$0.23B,$0.02B,7.86%,$0.02B,$0.07B,25.00%,$0.02B,$0.07B,25.35%,$0.02B,$0.08B,22.29%,$0.03B,$0.07B,37.50%,$49,$32,$17,$0,$9,$42,$8,$0,$8,$3,$5,$5,$5,$8,$8,$20,20,$0.24,$0.24,$53,$22,$0,$78,$1,$0,$1,$0,$2,$80,$6,$0,$0,$0,$6,$0,$71,$-0,$74,$80,$13,$0,$3,$4,$0,$14,$-2,$1,$14,$30,$-0,$0,$0,$-0,$0,$-0,$0,$-0,$0,$0,$0,$0,$0,$-10,$0,$-10,$19,$1,$-10
16,2014-09-30,11.82,$3.54,3.33,$11.39,1.04,$3.41,3.46,$0.85,13.9,$0.08B,$0.01B,10.18,$0.00B,$0.07B,0.0,$0.23B,$0.08B,33.04%,$0.23B,$0.03B,11.30%,$0.23B,$0.03B,11.30%,$0.23B,$0.03B,11.30%,$0.23B,$0.03B,11.30%,$0.23B,$0.02B,7.83%,$0.02B,$0.07B,25.44%,$0.02B,$0.07B,25.81%,$0.02B,$0.08B,22.64%,$0.03B,$0.07B,36.75%,$58,$39,$18,$0,$12,$53,$4,$0,$4,$2,$3,$3,$3,$4,$4,$20,20,$0.14,$0.14,$50,$21,$0,$77,$1,$0,$1,$0,$2,$79,$8,$0,$0,$0,$8,$0,$69,$-0,$72,$79,$8,$0,$3,$3,$-0,$15,$-1,$0,$13,$24,$-0,$0,$0,$-0,$0,$-0,$0,$-0,$0,$0,$0,$0,$0,$-7,$0,$-7,$16,$1,$-7
17,2014-06-30,11.57,$3.57,3.24,$11.55,1.0,$3.47,3.33,$0.92,12.58,$0.08B,$0.01B,5.89,$0.00B,$0.07B,0.0,$0.23B,$0.08B,33.19%,$0.23B,$0.03B,12.50%,$0.23B,$0.03B,12.50%,$0.23B,$0.03B,12.50%,$0.23B,$0.03B,12.50%,$0.23B,$0.02B,8.19%,$0.02B,$0.07B,27.34%,$0.02B,$0.07B,27.74%,$0.02B,$0.09B,23.97%,$0.03B,$0.07B,41.73%,$73,$49,$24,$0,$16,$65,$8,$0,$8,$3,$5,$5,$5,$8,$8,$20,20,$0.25,$0.25,$45,$33,$0,$82,$1,$0,$1,$2,$4,$86,$14,$0,$0,$0,$14,$0,$70,$-0,$72,$86,$5,$0,$0,$0,$0,$3,$3,$0,$9,$14,$-0,$0,$0,$-0,$0,$-0,$0,$-0,$0,$0,$0,$0,$0,$-3,$0,$-3,$11,$0,$-3
18,2014-03-31,11.36,$3.48,3.27,$11.65,0.98,$3.76,3.02,$0.91,12.48,$0.07B,$0.01B,9.17,$0.00B,$0.07B,0.0,$0.23B,$0.08B,33.05%,$0.23B,$0.03B,12.02%,$0.23B,$0.03B,12.02%,$0.23B,$0.03B,12.45%,$0.23B,$0.03B,12.45%,$0.23B,$0.02B,8.15%,$0.02B,$0.07B,27.94%,$0.02B,$0.07B,28.36%,$0.02B,$0.08B,24.36%,$0.03B,$0.07B,41.18%,$49,$31,$17,$0,$10,$41,$7,$0,$7,$3,$5,$5,$5,$7,$7,$20,20,$0.22,$0.22,$34,$36,$0,$74,$1,$0,$1,$2,$4,$78,$8,$0,$0,$0,$8,$0,$69,$-0,$70,$78,$18,$1,$1,$2,$-0,$-4,$-1,$-1,$-7,$14,$-0,$0,$0,$-0,$0,$-0,$0,$-0,$0,$0,$0,$0,$0,$-13,$0,$-13,$0,$1,$-13
19,2013-12-31,13.9,$3.41,4.08,$11.77,1.18,$3.72,3.74,$0.91,15.28,$0.07B,$0.01B,11.35,$0.00B,$0.07B,0.0,$0.24B,$0.08B,33.19%,$0.24B,$0.03B,11.91%,$0.24B,$0.03B,11.91%,$0.24B,$0.03B,12.77%,$0.24B,$0.03B,12.34%,$0.24B,$0.02B,8.09%,$0.02B,$0.07B,28.57%,$0.02B,$0.07B,29.01%,$0.02B,$0.08B,24.76%,$0.03B,$0.07B,42.11%,$50,$33,$17,$0,$10,$43,$7,$0,$7,$3,$5,$5,$5,$7,$7,$20,20,$0.23,$0.23,$41,$25,$0,$71,$1,$0,$1,$2,$4,$75,$6,$0,$0,$0,$6,$0,$68,$-0,$69,$75,$13,$1,$1,$2,$-0,$7,$-2,$-1,$2,$18,$-0,$0,$0,$-0,$0,$-0,$0,$-0,$0,$0,$0,$0,$0,$-10,$0,$-10,$8,$1,$-10
20,2013-09-30,13.46,$3.33,4.05,$11.77,1.14,$3.91,3.44,$0.91,14.79,$0.08B,$0.01B,7.15,$0.00B,$0.07B,0.0,$0.24B,$0.08B,33.19%,$0.24B,$0.03B,11.91%,$0.24B,$0.03B,11.91%,$0.24B,$0.03B,12.77%,$0.24B,$0.03B,12.34%,$0.24B,$0.02B,8.09%,$0.02B,$0.07B,29.34%,$0.02B,$0.07B,29.80%,$0.02B,$0.08B,25.08%,$0.03B,$0.07B,43.24%,$60,$41,$19,$0,$12,$54,$7,$0,$7,$2,$4,$4,$4,$7,$7,$20,20,$0.21,$0.21,$51,$17,$0,$75,$2,$0,$1,$0,$3,$78,$11,$0,$0,$0,$11,$0,$66,$-0,$67,$78,$9,$0,$1,$1,$0,$14,$2,$-1,$14,$24,$-0,$0,$0,$-0,$0,$-0,$0,$-0,$0,$0,$0,$0,$0,$-7,$0,$-7,$18,$1,$-7
21,2013-06-30,10.31,$3.29,3.14,$11.65,0.88,$3.46,2.98,$0.90,11.45,$0.08B,$0.02B,5.19,$0.00B,$0.07B,0.0,$0.23B,$0.08B,33.48%,$0.23B,$0.03B,11.59%,$0.23B,$0.03B,11.59%,$0.23B,$0.03B,12.88%,$0.23B,$0.03B,12.02%,$0.23B,$0.02B,8.15%,$0.02B,$0.07B,27.94%,$0.02B,$0.07B,28.36%,$0.02B,$0.08B,24.20%,$0.03B,$0.07B,39.71%,$74,$50,$24,$0,$16,$67,$7,$0,$8,$3,$5,$5,$5,$8,$7,$20,20,$0.24,$0.24,$50,$22,$0,$79,$2,$0,$1,$0,$3,$81,$15,$0,$0,$0,$15,$0,$66,$-0,$66,$81,$5,$0,$0,$1,$-1,$10,$4,$-1,$14,$20,$-0,$0,$0,$-0,$0,$-0,$0,$-0,$0,$0,$0,$0,$0,$-3,$0,$-3,$17,$0,$-3
22,2013-03-31,10.85,$3.03,3.58,$11.34,0.96,$3.14,3.45,$0.86,12.61,$0.07B,$0.01B,7.64,$0.00B,$0.06B,0.0,$0.23B,$0.08B,33.33%,$0.23B,$0.03B,11.40%,$0.23B,$0.03B,11.40%,$0.23B,$0.03B,12.72%,$0.23B,$0.03B,11.40%,$0.23B,$0.02B,7.89%,$0.02B,$0.06B,24.91%,$0.02B,$0.06B,25.26%,$0.02B,$0.07B,21.95%,$0.03B,$0.06B,35.99%,$51,$33,$18,$0,$11,$44,$7,$0,$7,$3,$5,$5,$5,$8,$7,$20,20,$0.23,$0.23,$34,$32,$0,$69,$2,$0,$1,$1,$4,$73,$9,$0,$0,$0,$9,$0,$64,$-0,$64,$73,$17,$1,$2,$3,$0,$-5,$-0,$-1,$-7,$13,$-1,$0,$0,$-5,$0,$-5,$0,$-6,$0,$0,$0,$-4,$-4,$-32,$-0,$-36,$-29,$2,$-32
23,2012-12-31,8.87,$3.10,2.86,$11.49,0.77,$3.46,2.56,$0.83,10.69,$0.07B,$0.01B,8.03,$0.00B,$0.06B,0.0,$0.23B,$0.08B,33.05%,$0.23B,$0.03B,10.73%,$0.23B,$0.03B,10.73%,$0.23B,$0.03B,12.02%,$0.23B,$0.03B,10.73%,$0.23B,$0.02B,7.30%,$0.02B,$0.06B,22.22%,$0.02B,$0.06B,22.52%,$0.02B,$0.07B,19.65%,$0.03B,$0.06B,32.68%,$50,$32,$17,$0,$10,$42,$7,$0,$7,$3,$5,$5,$5,$7,$7,$20,20,$0.23,$0.23,$45,$19,$0,$68,$2,$0,$1,$0,$3,$71,$8,$0,$0,$0,$9,$0,$62,$-0,$62,$71,$13,$1,$1,$2,$1,$7,$-1,$-0,$7,$22,$-1,$0,$0,$-5,$0,$-5,$0,$-6,$0,$0,$0,$-4,$-4,$-29,$-0,$-33,$-17,$1,$-29
24,2012-09-30,7.27,$4.00,1.82,$11.51,0.63,$3.04,2.39,$0.79,9.21,$0.09B,$0.01B,9.55,$0.00B,$0.08B,0.0,$0.23B,$0.08B,32.91%,$0.23B,$0.02B,10.26%,$0.23B,$0.02B,10.26%,$0.23B,$0.03B,11.54%,$0.23B,$0.02B,10.26%,$0.23B,$0.02B,6.84%,$0.02B,$0.08B,19.75%,$0.02B,$0.08B,20.00%,$0.02B,$0.09B,17.63%,$0.02B,$0.08B,29.63%,$58,$39,$19,$0,$13,$52,$6,$0,$6,$2,$4,$4,$4,$7,$6,$20,20,$0.20,$0.20,$62,$20,$0,$86,$2,$0,$1,$0,$3,$89,$9,$0,$0,$0,$9,$0,$80,$0,$80,$89,$8,$1,$1,$2,$-0,$7,$0,$0,$6,$16,$-0,$0,$0,$-5,$0,$-5,$0,$-5,$0,$0,$0,$-4,$-4,$-6,$-0,$-10,$0,$1,$-6
25,2012-06-30,8.68,$4.06,2.13,$11.42,0.76,$3.04,2.86,$0.78,11.12,$0.09B,$0.01B,7.84,$0.00B,$0.08B,0.0,$0.23B,$0.08B,33.33%,$0.23B,$0.02B,10.26%,$0.23B,$0.02B,10.26%,$0.23B,$0.03B,11.11%,$0.23B,$0.02B,10.26%,$0.23B,$0.02B,6.84%,$0.02B,$0.08B,19.81%,$0.02B,$0.08B,20.06%,$0.02B,$0.10B,17.68%,$0.02B,$0.08B,29.72%,$69,$47,$22,$0,$16,$63,$6,$0,$6,$2,$4,$4,$4,$7,$6,$20,20,$0.20,$0.20,$68,$18,$0,$91,$2,$0,$1,$0,$3,$95,$12,$0,$0,$0,$12,$0,$82,$0,$83,$95,$4,$0,$0,$1,$-1,$8,$1,$-0,$9,$14,$-0,$0,$0,$-0,$0,$-0,$0,$-0,$0,$0,$0,$0,$0,$-3,$0,$-3,$11,$1,$-3
26,2012-03-31,8.72,$3.99,2.18,$11.40,0.77,$2.76,3.16,$0.80,10.9,$0.09B,$0.01B,9.33,$0.00B,$0.08B,0.0,$0.24B,$0.08B,33.47%,$0.24B,$0.03B,10.88%,$0.24B,$0.03B,10.88%,$0.24B,$0.03B,11.30%,$0.24B,$0.03B,10.88%,$0.24B,$0.02B,7.11%,$0.02B,$0.08B,20.86%,$0.02B,$0.08B,21.12%,$0.02B,$0.09B,18.58%,$0.03B,$0.08B,31.90%,$56,$37,$19,$0,$12,$50,$6,$0,$6,$2,$4,$4,$4,$7,$6,$21,21,$0.21,$0.20,$57,$26,$0,$88,$3,$0,$1,$0,$3,$91,$9,$0,$0,$0,$10,$0,$81,$0,$81,$91,$17,$1,$2,$4,$0,$-1,$0,$-0,$0,$20,$-1,$0,$0,$12,$0,$12,$0,$12,$0,$0,$0,$-24,$-24,$-11,$-0,$-35,$-3,$2,$-11
27,2011-12-31,7.22,$3.92,1.84,$10.94,0.66,$3.11,2.32,$0.79,9.14,$0.08B,$0.01B,10.11,$0.00B,$0.08B,0.0,$0.23B,$0.08B,33.33%,$0.23B,$0.03B,11.11%,$0.23B,$0.03B,11.11%,$0.23B,$0.03B,11.54%,$0.23B,$0.03B,11.54%,$0.23B,$0.02B,7.26%,$0.02B,$0.08B,19.88%,$0.02B,$0.08B,20.12%,$0.02B,$0.09B,17.85%,$0.03B,$0.08B,30.41%,$51,$33,$17,$0,$11,$44,$6,$0,$6,$2,$4,$4,$4,$6,$6,$20,20,$0.19,$0.19,$52,$26,$0,$83,$3,$1,$1,$0,$5,$88,$8,$0,$0,$0,$9,$0,$80,$0,$80,$88,$13,$1,$2,$3,$0,$-1,$-0,$-0,$-2,$14,$-1,$0,$0,$11,$0,$11,$0,$10,$0,$0,$0,$-24,$-24,$-8,$-0,$-32,$-8,$2,$-8
28,2011-09-30,6.18,$3.84,1.61,$10.43,0.59,$3.82,1.62,$0.80,7.73,$0.08B,$0.01B,9.38,$0.00B,$0.08B,0.0,$0.23B,$0.08B,34.21%,$0.23B,$0.03B,11.84%,$0.23B,$0.03B,11.84%,$0.23B,$0.03B,12.28%,$0.23B,$0.03B,12.28%,$0.23B,$0.02B,7.89%,$0.02B,$0.08B,19.78%,$0.02B,$0.08B,20.00%,$0.02B,$0.09B,17.96%,$0.03B,$0.08B,29.67%,$58,$38,$20,$0,$14,$52,$6,$0,$6,$2,$4,$4,$4,$6,$6,$21,21,$0.19,$0.19,$57,$19,$0,$82,$3,$3,$1,$0,$6,$88,$9,$0,$0,$0,$9,$0,$80,$0,$79,$88,$9,$1,$1,$2,$1,$6,$0,$-1,$5,$16,$-0,$0,$0,$10,$0,$10,$0,$9,$0,$0,$0,$-23,$-23,$-5,$-0,$-28,$-3,$1,$-5
29,2011-06-30,8.03,$4.05,1.98,$10.31,0.78,$4.22,1.91,$0.83,9.68,$0.09B,$0.01B,7.01,$0.00B,$0.09B,0.0,$0.23B,$0.08B,34.63%,$0.23B,$0.03B,12.55%,$0.23B,$0.03B,12.55%,$0.23B,$0.03B,12.99%,$0.23B,$0.03B,12.99%,$0.23B,$0.02B,8.23%,$0.02B,$0.09B,19.69%,$0.02B,$0.09B,19.90%,$0.02B,$0.10B,18.01%,$0.03B,$0.09B,30.05%,$74,$49,$24,$0,$16,$66,$8,$0,$8,$3,$5,$5,$5,$8,$8,$22,22,$0.22,$0.22,$60,$26,$0,$91,$3,$5,$1,$0,$9,$99,$13,$0,$0,$0,$13,$0,$86,$-0,$86,$99,$5,$0,$0,$1,$-0,$-1,$2,$-0,$3,$9,$-0,$0,$0,$8,$0,$8,$0,$8,$0,$0,$0,$-14,$-14,$-3,$0,$-16,$-0,$1,$-3
30,2011-03-31,10.65,$4.34,2.45,$10.19,1.05,$4.98,2.14,$0.93,11.45,$0.09B,$0.01B,10.0,$0.00B,$0.10B,0.0,$0.23B,$0.08B,35.93%,$0.23B,$0.03B,14.29%,$0.23B,$0.03B,14.29%,$0.23B,$0.03B,14.72%,$0.23B,$0.03B,14.72%,$0.23B,$0.02B,9.09%,$0.02B,$0.10B,20.90%,$0.02B,$0.10B,21.11%,$0.02B,$0.11B,19.18%,$0.03B,$0.10B,32.84%,$51,$33,$17,$0,$11,$44,$6,$0,$7,$2,$4,$4,$4,$7,$6,$23,23,$0.19,$0.18,$60,$25,$0,$90,$3,$12,$1,$0,$17,$106,$9,$0,$0,$0,$9,$0,$97,$-0,$97,$106,$21,$1,$3,$4,$0,$4,$2,$-1,$5,$30,$-1,$-0,$0,$-10,$0,$-10,$0,$-11,$0,$0,$0,$-12,$-12,$-11,$-0,$-23,$-3,$2,$-11
31,2010-12-31,11.86,$4.49,2.64,$10.15,1.17,$4.85,2.45,$1.01,11.74,$0.09B,$0.01B,17.46,$0.00B,$0.10B,0.0,$0.23B,$0.09B,37.39%,$0.23B,$0.04B,16.09%,$0.23B,$0.04B,16.09%,$0.23B,$0.04B,16.09%,$0.23B,$0.04B,16.09%,$0.23B,$0.02B,10.00%,$0.02B,$0.10B,22.89%,$0.02B,$0.10B,23.12%,$0.02B,$0.11B,21.10%,$0.04B,$0.10B,36.82%,$45,$28,$17,$0,$10,$38,$7,$-0,$7,$2,$5,$5,$5,$7,$7,$23,23,$0.20,$0.20,$71,$15,$0,$91,$4,$12,$1,$0,$17,$108,$5,$0,$0,$1,$6,$0,$102,$-0,$102,$108,$17,$1,$2,$3,$1,$14,$-2,$-1,$12,$31,$-0,$-0,$0,$-10,$0,$-10,$0,$-11,$0,$0,$0,$-5,$-5,$-8,$0,$-13,$8,$2,$-8
32,2010-09-30,11.57,$4.43,2.61,$10.28,1.13,$4.71,2.45,$1.06,10.92,$0.09B,$0.01B,13.66,$0.00B,$0.10B,0.0,$0.23B,$0.09B,37.77%,$0.23B,$0.04B,16.31%,$0.23B,$0.04B,16.31%,$0.23B,$0.04B,16.74%,$0.23B,$0.04B,16.31%,$0.23B,$0.02B,10.30%,$0.02B,$0.10B,24.49%,$0.02B,$0.10B,24.74%,$0.02B,$0.11B,22.54%,$0.04B,$0.10B,38.78%,$61,$39,$22,$0,$14,$54,$8,$0,$8,$3,$5,$5,$5,$8,$8,$23,23,$0.22,$0.22,$71,$15,$0,$91,$4,$12,$1,$0,$17,$109,$7,$0,$0,$1,$7,$0,$101,$-0,$101,$109,$12,$1,$2,$2,$1,$14,$-0,$-1,$12,$27,$-0,$0,$0,$-10,$0,$-10,$0,$-10,$0,$0,$0,$-4,$-4,$-5,$0,$-9,$7,$1,$-5
33,2010-06-30,11.68,$4.44,2.63,$10.33,1.13,$4.68,2.5,$1.12,10.43,$0.10B,$0.01B,7.92,$0.00B,$0.10B,0.0,$0.23B,$0.09B,38.46%,$0.23B,$0.04B,17.09%,$0.23B,$0.04B,17.09%,$0.23B,$0.04B,17.52%,$0.23B,$0.04B,17.09%,$0.23B,$0.03B,10.68%,$0.03B,$0.10B,26.39%,$0.03B,$0.10B,26.60%,$0.03B,$0.12B,24.15%,$0.04B,$0.10B,42.22%,$74,$47,$27,$0,$15,$63,$12,$0,$12,$5,$7,$7,$7,$12,$12,$23,23,$0.32,$0.32,$77,$16,$0,$98,$4,$12,$1,$0,$17,$115,$12,$0,$0,$1,$13,$0,$99,$-0,$102,$115,$7,$0,$1,$1,$-1,$13,$1,$-0,$18,$26,$-0,$0,$0,$-10,$0,$-10,$0,$-10,$0,$0,$0,$-0,$-0,$-2,$0,$-3,$14,$1,$-2
34,2010-03-31,14.47,$4.21,3.44,$10.48,1.38,$4.80,3.02,$1.16,12.48,$0.09B,$0.01B,12.2,$0.00B,$0.10B,0.0,$0.24B,$0.09B,38.82%,$0.24B,$0.04B,17.30%,$0.24B,$0.04B,17.30%,$0.24B,$0.04B,17.72%,$0.24B,$0.04B,17.30%,$0.24B,$0.03B,10.97%,$0.03B,$0.10B,28.81%,$0.03B,$0.10B,29.05%,$0.03B,$0.10B,26.00%,$0.04B,$0.10B,45.43%,$50,$30,$20,$0,$10,$41,$10,$0,$10,$4,$6,$6,$6,$10,$10,$23,23,$0.26,$0.25,$53,$29,$0,$86,$4,$12,$1,$0,$18,$104,$7,$0,$0,$0,$7,$0,$94,$-0,$97,$104,$26,$1,$1,$3,$1,$-2,$0,$0,$-1,$28,$-1,$0,$0,$2,$0,$2,$0,$1,$0,$0,$0,$1,$1,$-7,$0,$-6,$23,$2,$-7
35,2009-12-31,11.47,$4.04,2.84,$10.32,1.11,$4.13,2.78,$1.14,10.06,$0.08B,$0.01B,14.68,$0.00B,$0.09B,0.0,$0.24B,$0.09B,38.72%,$0.24B,$0.04B,17.02%,$0.24B,$0.04B,17.02%,$0.24B,$0.04B,17.45%,$0.24B,$0.04B,17.02%,$0.24B,$0.03B,11.06%,$0.03B,$0.09B,30.68%,$0.03B,$0.09B,30.95%,$0.03B,$0.10B,27.51%,$0.04B,$0.09B,47.20%,$48,$30,$19,$0,$10,$40,$8,$0,$8,$3,$6,$6,$6,$9,$8,$23,23,$0.25,$0.25,$57,$19,$0,$81,$5,$12,$1,$0,$18,$98,$5,$0,$0,$1,$6,$0,$91,$-0,$92,$98,$20,$1,$1,$2,$2,$8,$-1,$-0,$7,$29,$-1,$0,$0,$2,$0,$2,$0,$1,$0,$0,$0,$1,$1,$-5,$0,$-4,$26,$1,$-5
36,2009-09-30,12.17,$3.87,3.14,$10.04,1.21,$3.49,3.48,$1.10,11.06,$0.08B,$0.01B,10.18,$0.00B,$0.09B,0.0,$0.23B,$0.09B,38.70%,$0.23B,$0.04B,16.96%,$0.23B,$0.04B,16.96%,$0.23B,$0.04B,16.96%,$0.23B,$0.04B,16.96%,$0.23B,$0.03B,10.87%,$0.03B,$0.09B,30.58%,$0.03B,$0.09B,30.77%,$0.03B,$0.10B,26.95%,$0.04B,$0.09B,47.71%,$62,$39,$24,$0,$14,$53,$10,$0,$10,$4,$6,$6,$6,$10,$10,$23,23,$0.28,$0.28,$56,$16,$0,$79,$5,$12,$1,$0,$18,$97,$8,$0,$0,$0,$8,$0,$87,$-0,$88,$97,$14,$1,$1,$2,$0,$11,$1,$-0,$10,$26,$-1,$0,$0,$2,$0,$2,$0,$2,$0,$0,$0,$0,$0,$-2,$0,$-2,$26,$1,$-2
37,2009-06-30,9.65,$3.69,2.62,$9.81,0.98,$3.15,3.07,$1.07,9.02,$0.08B,$0.02B,4.8,$0.00B,$0.08B,0.0,$0.23B,$0.09B,38.60%,$0.23B,$0.04B,16.23%,$0.23B,$0.04B,16.23%,$0.23B,$0.04B,16.67%,$0.23B,$0.04B,16.67%,$0.23B,$0.03B,10.96%,$0.03B,$0.08B,31.45%,$0.03B,$0.08B,31.65%,$0.03B,$0.10B,27.55%,$0.04B,$0.08B,46.54%,$77,$48,$29,$0,$16,$65,$13,$0,$13,$5,$8,$8,$8,$13,$13,$23,23,$0.36,$0.36,$60,$16,$0,$81,$5,$14,$1,$0,$20,$101,$17,$0,$0,$0,$17,$0,$83,$-0,$84,$101,$8,$0,$0,$1,$-0,$11,$5,$-0,$20,$29,$-0,$0,$0,$0,$0,$0,$0,$-0,$0,$0,$0,$0,$0,$0,$0,$0,$29,$0,$0
38,2009-03-31,10.58,$3.30,3.2,$9.30,1.14,$2.14,4.94,$0.99,10.69,$0.06B,$0.01B,8.81,$0.00B,$0.08B,0.0,$0.22B,$0.09B,38.81%,$0.22B,$0.03B,15.53%,$0.22B,$0.03B,15.53%,$0.22B,$0.04B,15.98%,$0.22B,$0.04B,15.98%,$0.22B,$0.02B,10.96%,$0.02B,$0.08B,31.27%,$0.02B,$0.07B,31.37%,$0.02B,$0.08B,27.43%,$0.03B,$0.08B,44.30%,$48,$29,$19,$0,$10,$39,$9,$0,$9,$3,$6,$6,$6,$9,$9,$23,23,$0.25,$0.24,$30,$27,$0,$62,$5,$14,$1,$0,$20,$82,$7,$0,$0,$0,$7,$0,$75,$-0,$75,$82,$23,$1,$2,$3,$-1,$-9,$-0,$-0,$-11,$15,$-3,$-0,$0,$15,$0,$15,$0,$11,$0,$0,$0,$-17,$-17,$0,$0,$-16,$10,$1,$0
39,2008-12-31,11.32,$3.43,3.3,$8.91,1.27,$2.42,4.68,$0.94,12.04,$0.07B,$0.01B,6.38,$0.00B,$0.08B,0.0,$0.21B,$0.08B,39.34%,$0.21B,$0.03B,15.17%,$0.21B,$0.03B,15.17%,$0.21B,$0.03B,15.64%,$0.21B,$0.03B,16.11%,$0.21B,$0.02B,10.90%,$0.02B,$0.08B,30.77%,$0.02B,$0.08B,30.77%,$0.02B,$0.09B,26.98%,$0.03B,$0.08B,42.81%,$43,$26,$17,$0,$10,$36,$7,$0,$7,$3,$5,$5,$5,$7,$7,$23,24,$0.21,$0.21,$44,$20,$0,$70,$5,$15,$1,$0,$21,$91,$11,$0,$0,$0,$11,$0,$76,$0,$80,$91,$17,$1,$1,$2,$-1,$-2,$0,$0,$-3,$16,$-2,$-0,$0,$-2,$0,$-2,$0,$-4,$0,$0,$0,$-5,$-5,$0,$0,$-5,$7,$1,$0
40,2008-09-30,10.08,$3.34,3.02,$8.60,1.17,$2.21,4.56,$0.91,11.08,$0.07B,$0.01B,7.14,$0.00B,$0.08B,0.0,$0.21B,$0.08B,39.51%,$0.21B,$0.03B,15.12%,$0.21B,$0.03B,15.12%,$0.21B,$0.03B,15.61%,$0.21B,$0.03B,16.59%,$0.21B,$0.02B,10.73%,$0.02B,$0.08B,30.66%,$0.02B,$0.08B,30.66%,$0.02B,$0.09B,27.24%,$0.03B,$0.08B,43.21%,$60,$37,$23,$0,$14,$51,$8,$1,$9,$3,$6,$6,$6,$9,$8,$23,24,$0.25,$0.25,$53,$15,$0,$71,$2,$15,$0,$0,$18,$89,$10,$0,$0,$0,$10,$0,$71,$0,$79,$89,$12,$0,$1,$1,$-0,$3,$4,$-1,$5,$19,$-0,$0,$0,$-9,$0,$-9,$0,$-9,$0,$0,$0,$-1,$-1,$0,$0,$-1,$9,$1,$0
41,2008-06-30,7.86,$3.09,2.54,$8.19,0.96,$1.95,4.03,$0.84,9.36,$0.07B,$0.02B,4.75,$0.00B,$0.07B,0.0,$0.20B,$0.08B,39.59%,$0.20B,$0.03B,14.72%,$0.20B,$0.03B,14.72%,$0.20B,$0.03B,14.72%,$0.20B,$0.03B,16.24%,$0.20B,$0.02B,10.66%,$0.02B,$0.07B,30.66%,$0.02B,$0.07B,30.77%,$0.02B,$0.09B,27.18%,$0.03B,$0.07B,42.34%,$68,$43,$26,$0,$16,$59,$10,$0,$10,$4,$7,$7,$7,$10,$10,$24,24,$0.28,$0.28,$41,$25,$0,$69,$2,$15,$0,$0,$18,$88,$15,$0,$0,$0,$15,$0,$65,$0,$73,$88,$7,$0,$0,$0,$-2,$-7,$4,$-0,$-0,$7,$-0,$0,$0,$13,$0,$13,$0,$12,$0,$0,$0,$-1,$-1,$0,$0,$-1,$18,$0,$0
42,2008-03-31,7.12,$2.82,2.52,$7.73,0.92,$2.06,3.46,$0.81,8.79,$0.05B,$0.01B,7.04,$0.00B,$0.07B,0.0,$0.19B,$0.08B,39.89%,$0.19B,$0.03B,14.36%,$0.19B,$0.03B,14.36%,$0.19B,$0.03B,14.89%,$0.19B,$0.03B,16.49%,$0.19B,$0.02B,10.64%,$0.02B,$0.07B,30.77%,$0.02B,$0.07B,30.89%,$0.02B,$0.07B,27.49%,$0.03B,$0.07B,41.54%,$40,$24,$17,$0,$9,$33,$7,$1,$8,$3,$5,$5,$5,$7,$7,$24,24,$0.20,$0.21,$25,$18,$0,$45,$2,$25,$0,$0,$28,$73,$6,$0,$0,$0,$6,$0,$59,$0,$67,$73,$20,$1,$1,$2,$-0,$-2,$-2,$0,$-3,$19,$-1,$0,$0,$10,$0,$10,$0,$9,$0,$0,$0,$-9,$-9,$0,$0,$-9,$20,$2,$0
43,2007-12-31,7.77,$2.81,2.77,$7.56,1.03,$1.92,4.04,$0.76,10.22,$0.07B,$0.00B,15.5,$0.00B,$0.07B,0.0,$0.18B,$0.07B,39.67%,$0.18B,$0.03B,14.13%,$0.18B,$0.03B,14.13%,$0.18B,$0.03B,14.67%,$0.18B,$0.03B,15.76%,$0.18B,$0.02B,10.33%,$0.02B,$0.07B,30.77%,$0.02B,$0.07B,31.02%,$0.02B,$0.07B,27.24%,$0.03B,$0.07B,42.11%,$37,$22,$15,$0,$9,$31,$6,$1,$7,$2,$4,$4,$4,$6,$6,$24,24,$0.18,$0.18,$47,$20,$0,$69,$2,$0,$0,$0,$4,$73,$4,$0,$0,$0,$4,$0,$54,$0,$68,$73,$15,$0,$1,$1,$1,$-4,$-3,$0,$-6,$10,$-0,$0,$0,$-6,$0,$-6,$0,$-6,$0,$0,$0,$-2,$-2,$0,$0,$-2,$2,$1,$0
44,2007-09-30,8.99,$2.68,3.35,$7.32,1.23,$2.12,4.25,$0.69,13.04,$0.07B,$0.01B,7.96,$0.00B,$0.07B,0.0,$0.18B,$0.07B,39.89%,$0.18B,$0.02B,13.48%,$0.18B,$0.02B,13.48%,$0.18B,$0.03B,14.04%,$0.18B,$0.03B,14.61%,$0.18B,$0.02B,10.11%,$0.02B,$0.07B,31.44%,$0.02B,$0.07B,31.72%,$0.02B,$0.08B,27.69%,$0.02B,$0.07B,41.92%,$52,$32,$20,$0,$13,$45,$6,$1,$7,$2,$5,$5,$5,$6,$6,$24,24,$0.19,$0.18,$52,$15,$0,$71,$2,$0,$0,$0,$4,$75,$9,$0,$0,$0,$9,$0,$49,$0,$66,$75,$11,$0,$0,$1,$-0,$1,$1,$0,$1,$13,$-0,$0,$0,$-6,$0,$-6,$0,$-6,$0,$0,$0,$0,$0,$0,$0,$0,$7,$1,$0
45,2007-06-30,8.24,$2.43,3.4,$7.02,1.17,$2.21,3.73,$0.65,12.68,$0.07B,$0.01B,6.1,$0.00B,$0.06B,0.0,$0.17B,$0.07B,40.00%,$0.17B,$0.02B,13.53%,$0.17B,$0.02B,13.53%,$0.17B,$0.02B,14.12%,$0.17B,$0.02B,14.12%,$0.17B,$0.02B,9.41%,$0.02B,$0.06B,30.48%,$0.02B,$0.06B,30.77%,$0.02B,$0.07B,26.78%,$0.02B,$0.06B,43.81%,$59,$36,$23,$0,$14,$51,$8,$1,$9,$3,$6,$6,$6,$9,$8,$24,24,$0.26,$0.25,$47,$16,$0,$66,$2,$0,$0,$0,$4,$70,$11,$0,$0,$0,$11,$0,$45,$0,$59,$70,$6,$0,$0,$0,$-1,$0,$-0,$-0,$3,$10,$-0,$0,$0,$-6,$0,$-6,$0,$-7,$0,$0,$0,$-1,$-1,$0,$0,$-1,$2,$0,$0
46,2007-03-31,7.61,$2.22,3.43,$6.68,1.14,$2.23,3.41,$0.60,12.68,$0.06B,$0.01B,7.88,$0.00B,$0.05B,0.0,$0.16B,$0.07B,40.12%,$0.16B,$0.02B,13.58%,$0.16B,$0.02B,13.58%,$0.16B,$0.02B,13.58%,$0.16B,$0.02B,14.20%,$0.16B,$0.02B,9.26%,$0.02B,$0.05B,30.93%,$0.02B,$0.05B,31.25%,$0.02B,$0.06B,27.15%,$0.02B,$0.05B,45.36%,$36,$22,$15,$0,$9,$31,$6,$0,$6,$2,$4,$4,$4,$6,$6,$24,24,$0.15,$0.15,$39,$16,$0,$58,$2,$0,$0,$0,$3,$61,$7,$0,$0,$0,$7,$0,$39,$0,$54,$61,$14,$1,$1,$2,$-0,$-1,$3,$-0,$1,$17,$-1,$0,$0,$-16,$0,$-16,$0,$-17,$0,$0,$0,$0,$0,$0,$0,$1,$-0,$1,$0
47,2006-12-31,8.57,$2.06,4.16,$6.39,1.34,$1.99,4.31,$0.58,14.78,$0.05B,$0.01B,11.34,$0.00B,$0.05B,0.0,$0.16B,$0.06B,40.00%,$0.16B,$0.02B,13.55%,$0.16B,$0.02B,13.55%,$0.16B,$0.02B,13.55%,$0.16B,$0.02B,14.19%,$0.16B,$0.01B,9.03%,$0.01B,$0.05B,31.46%,$0.01B,$0.05B,31.82%,$0.01B,$0.05B,27.59%,$0.02B,$0.05B,47.19%,$31,$19,$13,$0,$9,$27,$4,$0,$4,$2,$3,$3,$3,$4,$4,$24,24,$0.11,$0.11,$38,$10,$0,$51,$2,$0,$0,$0,$3,$54,$5,$0,$0,$0,$5,$0,$35,$0,$50,$54,$11,$0,$1,$1,$0,$5,$1,$-1,$3,$15,$-1,$0,$0,$-15,$0,$-15,$0,$-16,$0,$0,$0,$0,$0,$0,$0,$1,$-0,$1,$0
