,Date,Stock Price,Book Value per Share,Price to Book Ratio,TTM Sales per Share,Price to Sales Ratio,TTM FCF per Share,Price to FCF Ratio,TTM Net EPS,PE Ratio,Current Assets,Current Liabilities,Current Ratio,Long Term Debt,Shareholder's Equity_x,Debt to Equity Ratio,TTM Revenue_x,TTM Gross Profit,Gross Margin,TTM Revenue_y,TTM Operating Income,Operating Margin,TTM Revenue_x,TTM EBIT,EBIT Margin,TTM Revenue_y,TTM EBITDA,EBITDA Margin,TTM Revenue_x,TTM Pre-Tax Income,Pre-Tax Margin,TTM Revenue_y,TTM Net Income_x,Net Margin,TTM Net Income_y,Shareholder's Equity_y,Return on Equity,TTM Net Income_x,Tangible Equity,Return on Tangible Equity,TTM Net Income_y,Total Assets,Return on Assets,TTM Net Income,LT Investments & Debt,Return on Investment,revenue,cost-goods-sold,gross-profit,research-development-expenses,selling-general-administrative-expenses,operating-expenses,operating-income,total-non-operating-income-expense,pre-tax-income,total-provision-income-taxes,income-after-taxes,income-from-continuous-operations,net-income,ebitda,ebit,basic-shares-outstanding,shares-outstanding,eps-basic-net-earnings-per-share,eps-earnings-per-share-diluted,cash-on-hand,inventory,other-current-assets,total-current-assets,net-property-plant-equipment,long-term-investments,goodwill-intangible-assets-total,other-long-term-assets,total-long-term-assets,total-assets,total-current-liabilities,long-term-debt,other-non-current-liabilities,total-long-term-liabilities,total-liabilities,common-stock-net,retained-earnings-accumulated-deficit,comprehensive-income,total-share-holder-equity,total-liabilities-share-holders-equity,net-income-loss,total-depreciation-amortization-cash-flow,other-non-cash-items,total-non-cash-items,change-in-accounts-receivable,change-in-inventories,change-in-accounts-payable,change-in-assets-liabilities,total-change-in-assets-liabilities,cash-flow-from-operating-activities,net-change-in-property-plant-equipment,net-change-in-intangible-assets,net-acquisitions-divestitures,net-change-in-short-term-investments,net-change-in-long-term-investments,net-change-in-investments-total,investing-activities-other,cash-flow-from-investing-activities,net-long-term-debt,net-current-debt,debt-issuance-retirement-net-total,net-common-equity-issued-repurchased,net-total-equity-issued-repurchased,total-common-preferred-stock-dividends-paid,financial-activities-other,cash-flow-from-financial-activities,net-cash-flow,stock-based-compensation,common-stock-dividends-paid
0,2018-03-31,63.74,$24.22,2.63,$11.78,5.41,$9.41,6.77,$3.35,19.03,$3.50B,$3.27B,1.07,$0.11B,$0.37B,0.28,$0.17B,$0.14B,84.21%,$0.17B,$0.09B,50.88%,$0.17B,0,0.00%,$0.17B,0,0.00%,$0.17B,$0.09B,50.88%,$0.17B,$0.05B,29.24%,$0.05B,$0.37B,14.84%,$0.05B,$0.37B,14.84%,$0.05B,$3.78B,1.35%,$0.09B,$0.48B,19.67%,$52,$11,$41,$0,$15,$27,$25,$0,$25,$7,$18,$18,$18,$0,$0,$15,15,$1.20,$1.20,$421,$0,$0,$3499,$6,$236,$0,$23,$283,$3782,$3271,$105,$34,$140,$3411,$211,$153,$-1,$371,$3782,$17,$1,$4,$5,$0,$0,$1,$-1,$3,$25,$-0,$0,$0,$0,$2,$2,$-158,$-157,$0,$0,$0,$2,$2,$-3,$-1,$-2,$-134,$3,$-3
1,2017-12-31,58.15,$23.48,2.48,$11.33,5.13,$8.88,6.55,$2.97,19.58,$3.48B,$3.27B,1.06,$0.11B,$0.36B,0.3,$0.16B,$0.14B,84.05%,$0.16B,$0.08B,49.69%,$0.16B,0,0.00%,$0.16B,0,0.00%,$0.16B,$0.08B,49.69%,$0.16B,$0.04B,26.99%,$0.04B,$0.36B,13.85%,$0.04B,$0.36B,13.85%,$0.04B,$3.77B,1.22%,$0.08B,$0.46B,18.91%,$45,$8,$38,$0,$15,$23,$22,$0,$22,$6,$17,$17,$16,$0,$0,$15,15,$1.09,$1.09,$555,$0,$0,$3478,$6,$243,$0,$26,$292,$3770,$3274,$105,$36,$141,$3415,$208,$140,$1,$355,$3770,$43,$2,$17,$19,$-0,$0,$-3,$-3,$-9,$53,$-1,$0,$0,$0,$7,$7,$-395,$-389,$-20,$0,$-20,$20,$20,$-11,$499,$488,$151,$4,$-11
2,2017-09-30,59.5,$21.77,2.73,$10.86,5.48,$9.03,6.59,$3.16,18.83,$3.36B,$3.20B,1.05,$0.11B,$0.32B,0.33,$0.16B,$0.13B,83.87%,$0.16B,$0.07B,47.74%,$0.16B,0,0.00%,$0.16B,0,0.00%,$0.16B,$0.07B,47.74%,$0.16B,$0.05B,29.68%,$0.05B,$0.32B,15.16%,$0.05B,$0.32B,15.16%,$0.05B,$3.67B,1.33%,$0.07B,$0.42B,17.66%,$43,$7,$36,$0,$13,$21,$23,$0,$23,$15,$8,$8,$8,$0,$0,$14,14,$0.51,$0.51,$503,$0,$0,$3360,$6,$250,$0,$24,$305,$3665,$3204,$105,$39,$144,$3348,$174,$135,$1,$317,$3665,$36,$2,$7,$9,$0,$0,$-1,$-3,$-3,$41,$-1,$0,$0,$0,$3,$3,$-333,$-331,$-20,$0,$-20,$-13,$-13,$-8,$431,$389,$99,$3,$-8
3,2017-06-30,52.52,$20.99,2.5,$10.18,5.16,$9.06,5.8,$2.91,18.05,$3.27B,$3.13B,1.05,$0.11B,$0.31B,0.35,$0.14B,$0.12B,84.03%,$0.14B,$0.07B,46.53%,$0.14B,0,0.00%,$0.14B,0,0.00%,$0.14B,$0.07B,46.53%,$0.14B,$0.04B,29.17%,$0.04B,$0.31B,14.14%,$0.04B,$0.31B,14.14%,$0.04B,$3.58B,1.26%,$0.07B,$0.41B,16.04%,$44,$7,$37,$0,$13,$21,$23,$0,$23,$10,$14,$14,$14,$0,$0,$14,14,$0.94,$0.94,$503,$0,$0,$3272,$5,$250,$0,$26,$307,$3579,$3131,$105,$37,$143,$3274,$174,$125,$0,$305,$3579,$22,$1,$5,$6,$0,$0,$-4,$-3,$-7,$21,$-0,$0,$0,$0,$3,$3,$-245,$-242,$-20,$0,$-20,$-13,$-13,$-5,$358,$319,$99,$3,$-5
4,2017-03-31,52.53,$20.30,2.59,$9.70,5.42,$9.43,5.57,$2.72,19.31,$3.12B,$2.96B,1.05,$0.13B,$0.29B,0.43,$0.14B,$0.12B,84.56%,$0.14B,$0.06B,45.59%,$0.14B,0,0.00%,$0.14B,0,0.00%,$0.14B,$0.06B,45.59%,$0.14B,$0.04B,27.94%,$0.04B,$0.29B,13.05%,$0.04B,$0.29B,13.05%,$0.04B,$3.41B,1.20%,$0.06B,$0.42B,15.21%,$39,$7,$33,$0,$14,$20,$19,$0,$19,$7,$12,$12,$12,$0,$0,$14,14,$0.81,$0.80,$450,$0,$0,$3117,$5,$240,$0,$25,$296,$3413,$2960,$125,$33,$159,$3119,$173,$116,$-0,$294,$3413,$10,$1,$3,$4,$0,$0,$5,$-3,$1,$16,$-0,$0,$0,$0,$3,$3,$-143,$-140,$0,$0,$0,$-14,$-14,$-3,$187,$171,$47,$2,$-3
5,2016-12-31,51.13,$20.94,2.44,$9.19,5.56,$8.79,5.82,$2.57,19.9,$2.93B,$2.77B,1.06,$0.13B,$0.30B,0.42,$0.13B,$0.11B,85.83%,$0.13B,$0.06B,46.46%,$0.13B,0,0.00%,$0.13B,0,0.00%,$0.13B,$0.06B,46.46%,$0.13B,$0.04B,28.35%,$0.04B,$0.30B,12.58%,$0.04B,$0.30B,12.58%,$0.04B,$3.22B,1.21%,$0.06B,$0.42B,15.63%,$37,$6,$31,$0,$15,$21,$16,$0,$16,$6,$10,$10,$10,$0,$0,$14,14,$0.71,$0.71,$404,$0,$0,$2929,$5,$243,$0,$18,$293,$3222,$2768,$125,$30,$156,$2924,$170,$108,$-1,$298,$3222,$36,$1,$7,$8,$0,$0,$6,$0,$8,$53,$-1,$0,$0,$0,$-44,$-44,$-486,$-530,$101,$0,$101,$3,$3,$-8,$477,$572,$95,$2,$-8
6,2016-09-30,34.73,$20.60,1.69,$8.60,4.04,$6.98,4.97,$2.40,14.47,$2.82B,$2.67B,1.06,$0.13B,$0.29B,0.43,$0.12B,$0.10B,87.29%,$0.12B,$0.06B,47.46%,$0.12B,0,0.00%,$0.12B,0,0.00%,$0.12B,$0.06B,47.46%,$0.12B,$0.03B,27.97%,$0.03B,$0.29B,11.88%,$0.03B,$0.29B,11.88%,$0.03B,$3.11B,1.17%,$0.06B,$0.42B,16.26%,$35,$6,$29,$0,$13,$19,$16,$0,$16,$6,$10,$10,$10,$0,$0,$14,14,$0.71,$0.70,$406,$0,$0,$2821,$5,$242,$0,$20,$290,$3110,$2666,$125,$28,$153,$2819,$168,$101,$2,$291,$3110,$26,$1,$6,$8,$0,$0,$5,$-0,$6,$40,$-1,$0,$0,$0,$-36,$-36,$-375,$-412,$101,$0,$101,$2,$2,$-6,$373,$469,$96,$3,$-6
7,2016-06-30,27.91,$20.00,1.4,$8.07,3.46,$5.98,4.67,$2.28,12.24,$2.63B,$2.52B,1.04,$0.09B,$0.28B,0.31,$0.11B,$0.10B,89.09%,$0.11B,$0.05B,48.18%,$0.11B,0,0.00%,$0.11B,0,0.00%,$0.11B,$0.05B,48.18%,$0.11B,$0.03B,28.18%,$0.03B,$0.28B,11.51%,$0.03B,$0.28B,11.51%,$0.03B,$2.92B,1.18%,$0.05B,$0.37B,17.12%,$33,$5,$28,$0,$12,$17,$16,$0,$16,$6,$10,$10,$10,$0,$0,$14,14,$0.70,$0.69,$376,$0,$0,$2629,$6,$241,$0,$17,$286,$2916,$2519,$88,$27,$115,$2633,$168,$93,$2,$282,$2916,$16,$1,$4,$5,$0,$0,$1,$2,$5,$26,$-0,$0,$0,$0,$-34,$-34,$-213,$-248,$63,$0,$63,$1,$1,$-4,$230,$289,$67,$1,$-4
8,2016-03-31,29.09,$19.46,1.49,$7.60,3.83,$5.38,5.4,$2.22,13.1,$2.43B,$2.36B,1.03,$0.03B,$0.27B,0.1,$0.10B,$0.09B,90.29%,$0.10B,$0.05B,50.49%,$0.10B,0,0.00%,$0.10B,0,0.00%,$0.10B,$0.05B,50.49%,$0.10B,$0.03B,29.13%,$0.03B,$0.27B,11.48%,$0.03B,$0.27B,11.48%,$0.03B,$2.68B,1.23%,$0.05B,$0.30B,18.28%,$31,$4,$27,$0,$13,$17,$14,$0,$14,$6,$9,$9,$8,$0,$0,$14,14,$0.61,$0.61,$294,$0,$0,$2434,$6,$201,$0,$19,$249,$2683,$2361,$27,$22,$49,$2410,$167,$87,$1,$274,$2683,$8,$0,$1,$2,$0,$0,$-4,$1,$-3,$7,$-0,$0,$0,$0,$5,$5,$-98,$-93,$0,$0,$0,$1,$1,$-2,$72,$71,$-16,$1,$-2
9,2015-12-31,31.6,$19.02,1.66,$7.19,4.39,$5.14,6.14,$2.14,14.77,$2.35B,$2.29B,1.03,$0.03B,$0.26B,0.1,$0.10B,$0.09B,89.80%,$0.10B,$0.05B,51.02%,$0.10B,0,0.00%,$0.10B,0,0.00%,$0.10B,$0.05B,51.02%,$0.10B,$0.03B,29.59%,$0.03B,$0.26B,11.43%,$0.03B,$0.26B,11.43%,$0.03B,$2.60B,1.26%,$0.05B,$0.29B,18.15%,$28,$3,$25,$0,$12,$15,$13,$0,$13,$5,$8,$8,$8,$0,$0,$14,14,$0.56,$0.56,$309,$0,$0,$2351,$6,$199,$0,$20,$248,$2599,$2289,$27,$19,$45,$2335,$167,$81,$1,$264,$2599,$30,$2,$3,$4,$0,$0,$1,$-8,$-6,$28,$-2,$0,$3,$0,$-24,$-24,$-450,$-473,$7,$0,$7,$3,$3,$-6,$511,$514,$69,$3,$-6
10,2015-09-30,30.13,$18.67,1.61,$6.92,4.35,$6.26,4.81,$2.10,14.35,$2.05B,$1.99B,1.03,$0.02B,$0.26B,0.08,$0.10B,$0.09B,89.47%,$0.10B,$0.05B,51.58%,$0.10B,0,0.00%,$0.10B,0,0.00%,$0.10B,$0.05B,51.58%,$0.10B,$0.03B,30.53%,$0.03B,$0.26B,11.76%,$0.03B,$0.26B,11.76%,$0.03B,$2.28B,1.34%,$0.05B,$0.28B,18.39%,$26,$3,$23,$0,$10,$13,$13,$0,$13,$6,$8,$8,$7,$0,$0,$13,14,$0.56,$0.54,$233,$0,$0,$2051,$4,$194,$0,$12,$232,$2283,$1989,$20,$16,$36,$2025,$166,$76,$1,$257,$2283,$22,$1,$4,$5,$0,$0,$-1,$-1,$-2,$25,$-0,$0,$0,$0,$-18,$-18,$-223,$-242,$0,$0,$0,$2,$2,$-5,$212,$209,$-7,$3,$-5
11,2015-06-30,28.54,$18.16,1.57,$6.64,4.3,$6.47,4.41,$1.99,14.34,$1.94B,$1.89B,1.03,$0.02B,$0.25B,0.08,$0.09B,$0.08B,89.01%,$0.09B,$0.05B,51.65%,$0.09B,0,0.00%,$0.09B,0,0.00%,$0.09B,$0.05B,51.65%,$0.09B,$0.03B,29.67%,$0.03B,$0.25B,11.27%,$0.03B,$0.25B,11.27%,$0.03B,$2.17B,1.29%,$0.05B,$0.27B,18.11%,$25,$3,$23,$0,$9,$12,$13,$0,$13,$5,$8,$8,$8,$0,$0,$14,14,$0.57,$0.57,$208,$0,$0,$1939,$4,$192,$0,$13,$231,$2170,$1885,$20,$15,$35,$1920,$165,$69,$1,$250,$2170,$14,$2,$4,$6,$0,$0,$-2,$-0,$-3,$17,$-0,$0,$0,$0,$-17,$-17,$-137,$-154,$0,$0,$0,$1,$1,$-3,$106,$104,$-32,$3,$-3
12,2015-03-31,25.98,$17.77,1.46,$6.36,4.09,$6.89,3.77,$1.87,13.89,$1.90B,$1.86B,1.02,$0.02B,$0.24B,0.08,$0.09B,$0.08B,88.51%,$0.09B,$0.04B,50.57%,$0.09B,0,0.00%,$0.09B,0,0.00%,$0.09B,$0.04B,50.57%,$0.09B,$0.03B,29.89%,$0.03B,$0.24B,11.17%,$0.03B,$0.24B,11.17%,$0.03B,$2.14B,1.29%,$0.04B,$0.26B,17.41%,$24,$2,$22,$0,$9,$11,$13,$0,$13,$5,$8,$8,$7,$0,$0,$13,14,$0.55,$0.55,$242,$0,$0,$1896,$5,$196,$0,$20,$242,$2138,$1858,$20,$16,$36,$1894,$165,$64,$2,$244,$2138,$7,$1,$3,$4,$0,$0,$-6,$-0,$-7,$3,$-1,$0,$0,$0,$-14,$-14,$-67,$-82,$0,$0,$0,$1,$1,$-1,$81,$80,$2,$3,$-1
13,2014-12-31,26.28,$17.41,1.51,$6.17,4.26,$7.73,3.4,$1.77,14.85,$1.83B,$1.78B,1.03,$0.02B,$0.24B,0.09,$0.08B,$0.08B,89.29%,$0.08B,$0.04B,48.81%,$0.08B,0,0.00%,$0.08B,0,0.00%,$0.08B,$0.04B,48.81%,$0.08B,$0.02B,28.57%,$0.02B,$0.24B,10.64%,$0.02B,$0.24B,10.64%,$0.02B,$2.05B,1.24%,$0.04B,$0.26B,16.70%,$23,$2,$20,$0,$9,$12,$11,$0,$11,$4,$7,$7,$7,$0,$0,$13,14,$0.49,$0.48,$240,$0,$0,$1826,$4,$183,$0,$20,$228,$2054,$1778,$20,$21,$41,$1819,$164,$59,$2,$235,$2054,$25,$1,$6,$7,$0,$0,$3,$5,$10,$42,$-0,$0,$0,$0,$-19,$-19,$-275,$-294,$0,$0,$0,$1,$1,$-1,$247,$246,$-6,$4,$-1
14,2014-09-30,21.13,$17.17,1.23,$5.91,3.57,$7.14,2.96,$1.71,12.36,$1.75B,$1.72B,1.02,$0.02B,$0.23B,0.09,$0.08B,$0.07B,90.00%,$0.08B,$0.04B,47.50%,$0.08B,0,0.00%,$0.08B,0,0.00%,$0.08B,$0.04B,47.50%,$0.08B,$0.02B,28.75%,$0.02B,$0.23B,10.53%,$0.02B,$0.23B,10.53%,$0.02B,$2.00B,1.23%,$0.04B,$0.25B,15.93%,$23,$2,$20,$0,$9,$11,$12,$0,$12,$5,$7,$7,$7,$0,$0,$13,14,$0.51,$0.49,$248,$0,$0,$1754,$4,$197,$0,$19,$242,$1996,$1723,$20,$24,$44,$1767,$164,$53,$2,$229,$1996,$18,$1,$4,$4,$0,$0,$13,$-10,$5,$27,$-0,$0,$0,$0,$-31,$-31,$-187,$-219,$0,$0,$0,$1,$1,$0,$192,$193,$2,$2,$0
15,2014-06-30,22.18,$16.57,1.34,$5.74,3.86,$6.53,3.4,$1.62,13.69,$1.66B,$1.65B,1.01,$0.02B,$0.22B,0.09,$0.08B,$0.07B,89.74%,$0.08B,$0.04B,44.87%,$0.08B,0,0.00%,$0.08B,0,0.00%,$0.08B,$0.04B,44.87%,$0.08B,$0.02B,28.21%,$0.02B,$0.22B,13.64%,$0.02B,$0.22B,13.64%,$0.02B,$1.90B,1.61%,$0.04B,$0.24B,19.86%,$21,$2,$19,$0,$8,$11,$11,$0,$11,$4,$6,$6,$6,$0,$0,$13,14,$0.47,$0.46,$233,$0,$0,$1662,$4,$200,$0,$16,$242,$1904,$1653,$20,$8,$28,$1681,$164,$48,$2,$223,$1904,$11,$1,$3,$5,$-0,$0,$-1,$6,$7,$22,$-0,$0,$0,$0,$-43,$-43,$-114,$-157,$0,$0,$0,$0,$0,$0,$121,$121,$-14,$2,$0
16,2014-03-31,24.36,$15.97,1.52,$5.53,4.41,$5.65,4.31,$1.51,16.13,$1.57B,$1.56B,1.01,$0.02B,$0.22B,0.09,$0.08B,$0.07B,89.33%,$0.08B,$0.03B,44.00%,$0.08B,0,0.00%,$0.08B,0,0.00%,$0.08B,$0.03B,44.00%,$0.08B,$0.02B,26.67%,$0.02B,$0.22B,18.96%,$0.02B,$0.22B,18.96%,$0.02B,$1.81B,2.24%,$0.03B,$0.24B,28.57%,$20,$2,$18,$0,$8,$10,$10,$0,$10,$4,$6,$6,$6,$0,$0,$13,14,$0.46,$0.45,$214,$0,$0,$1574,$4,$184,$0,$20,$231,$1805,$1564,$20,$7,$27,$1591,$163,$42,$1,$215,$1805,$5,$0,$3,$3,$-1,$0,$-3,$8,$6,$14,$-0,$0,$0,$0,$-29,$-29,$-51,$-80,$0,$0,$0,$0,$0,$0,$33,$33,$-32,$1,$0
17,2013-12-31,18.81,$15.58,1.21,$5.37,3.5,$5.23,3.59,$1.43,13.15,$1.56B,$1.53B,1.02,$0.02B,$0.21B,0.1,$0.07B,$0.07B,90.28%,$0.07B,$0.03B,44.44%,$0.07B,0,0.00%,$0.07B,0,0.00%,$0.07B,$0.03B,44.44%,$0.07B,$0.02B,26.39%,$0.02B,$0.21B,19.05%,$0.02B,$0.21B,19.05%,$0.02B,$1.77B,2.26%,$0.03B,$0.23B,30.55%,$20,$2,$18,$0,$9,$11,$8,$0,$8,$3,$5,$5,$5,$0,$0,$13,14,$0.39,$0.38,$247,$0,$0,$1561,$4,$154,$0,$26,$208,$1769,$1532,$20,$10,$30,$1562,$163,$37,$0,$207,$1769,$19,$1,$10,$1,$-1,$0,$3,$0,$2,$33,$-1,$0,$0,$0,$47,$47,$-376,$-131,$20,$0,$20,$0,$0,$0,$344,$192,$95,$1,$0
18,2013-09-30,16.69,$0.00,0.0,$5.23,3.19,$4.77,3.5,$1.39,12.01,$0.00B,$0.00B,0.0,$0.00B,$0.00B,0.0,$0.07B,$0.06B,90.00%,$0.07B,$0.03B,38.57%,$0.07B,0,0.00%,$0.07B,0,0.00%,$0.07B,$0.03B,38.57%,$0.07B,$0.02B,25.71%,$0.02B,$0.00B,18.95%,$0.02B,$0.00B,18.95%,$0.02B,$0.00B,2.29%,$0.03B,$0.00B,28.42%,$19,$2,$17,$0,$8,$10,$9,$0,$9,$3,$6,$6,$6,$0,$0,$13,13,$0.44,$0.44,$0,$0,$0,$0,$0,$0,$0,$0,$0,$0,$0,$0,$0,$0,$0,$0,$0,$0,$0,$0,$13,$1,$4,$5,$0,$0,$3,$-2,$0,$19,$-0,$0,$0,$0,$33,$33,$-146,$-114,$20,$0,$20,$0,$0,$0,$113,$133,$38,$1,$0
19,2013-06-30,15.46,$0.00,0.0,$5.03,3.07,$4.98,3.1,$1.23,12.57,$0.00B,$0.00B,0.0,$0.00B,$0.00B,0.0,$0.07B,$0.06B,89.55%,$0.07B,$0.02B,34.33%,$0.07B,0,0.00%,$0.07B,0,0.00%,$0.07B,$0.02B,34.33%,$0.07B,$0.02B,23.88%,$0.02B,$0.00B,11.39%,$0.02B,$0.00B,11.39%,$0.02B,$0.00B,1.38%,$0.02B,$0.00B,16.37%,$19,$2,$17,$0,$9,$11,$8,$0,$8,$3,$5,$5,$5,$0,$0,$13,13,$0.38,$0.37,$0,$0,$0,$0,$0,$0,$0,$0,$0,$0,$0,$0,$0,$0,$0,$0,$0,$0,$0,$0,$8,$1,$2,$3,$0,$0,$1,$-3,$-1,$11,$-0,$0,$0,$0,$17,$17,$-92,$-76,$20,$0,$20,$0,$0,$0,$75,$95,$29,$1,$0
20,2013-03-31,14.8,$0.00,0.0,$5.03,2.94,$5.28,2.81,$0.48,30.84,$1.30B,$1.39B,0.94,$0.00B,$0.19B,0.0,$0.07B,$0.06B,89.55%,$0.07B,$0.01B,10.45%,$0.07B,0,0.00%,$0.07B,0,0.00%,$0.07B,$0.01B,10.45%,$0.07B,$0.01B,8.96%,$0.01B,$0.19B,3.25%,$0.01B,$0.19B,3.25%,$0.01B,$1.59B,0.40%,$0.01B,$0.19B,3.79%,$17,$2,$15,$0,$7,$9,$8,$0,$8,$3,$4,$4,$4,$0,$0,$13,13,$0.32,$0.32,$159,$0,$0,$1299,$0,$210,$0,$59,$269,$1588,$1387,$0,$8,$8,$1395,$163,$22,$0,$192,$1588,$4,$0,$2,$2,$0,$0,$2,$1,$3,$9,$-0,$0,$0,$0,$6,$6,$-34,$-29,$0,$0,$0,$0,$0,$0,$26,$27,$7,$0,$0
21,2012-12-31,13.32,$14.36,0.93,$4.94,2.69,$5.07,2.63,$1.87,7.12,$2.36B,$2.72B,0.87,$0.00B,$0.19B,0.0,$0.07B,$0.06B,87.88%,$0.07B,$0.00B,4.55%,$0.07B,0,0.00%,$0.07B,0,0.00%,$0.07B,$0.00B,4.55%,$0.07B,$0.02B,36.36%,$0.02B,$0.19B,13.17%,$0.02B,$0.19B,13.17%,$0.02B,$1.56B,1.65%,$0.00B,$0.19B,1.65%,$17,$2,$16,$0,$9,$11,$7,$0,$7,$3,$4,$4,$4,$0,$0,$13,13,$0.30,$0.30,$152,$0,$0,$2364,$4,$228,$0,$95,$355,$1555,$2721,$0,$7,$7,$1367,$163,$17,$2,$188,$1555,$24,$1,$5,$1,$1,$0,$0,$-4,$-3,$26,$-0,$0,$0,$0,$-41,$-41,$-386,$-231,$-26,$0,$-26,$0,$0,$0,$479,$214,$10,$1,$0
22,2012-09-30,13.3,$0.00,0.0,$4.81,2.77,$5.03,2.65,$1.76,7.56,$1.23B,$1.30B,0.95,$0.00B,$0.18B,0.0,$0.06B,$0.06B,85.94%,$0.06B,$0.00B,1.56%,$0.06B,0,0.00%,$0.06B,0,0.00%,$0.06B,$0.00B,1.56%,$0.06B,$0.02B,35.94%,$0.02B,$0.18B,13.16%,$0.02B,$0.18B,13.16%,$0.02B,$1.48B,1.65%,$0.00B,$0.18B,0.55%,$17,$2,$15,$0,$10,$12,$4,$0,$4,$-0,$5,$5,$5,$0,$0,$13,13,$0.41,$0.40,$186,$0,$0,$1232,$0,$175,$0,$72,$247,$1484,$1295,$0,$7,$7,$1302,$163,$13,$0,$182,$1484,$19,$1,$0,$1,$0,$0,$0,$0,$-1,$22,$-0,$0,$0,$0,$0,$-129,$3,$-126,$0,$0,$-26,$0,$0,$0,$174,$148,$43,$0,$0
23,2012-06-30,12.53,$0.00,0.0,$4.73,2.65,$4.36,2.88,$2.05,6.11,$1.18B,$1.24B,0.96,$0.00B,$0.18B,0.0,$0.06B,$0.05B,85.48%,$0.06B,$-0.00B,-1.61%,$0.06B,0,0.00%,$0.06B,0,0.00%,$0.06B,$-0.00B,-1.61%,$0.06B,$0.03B,43.55%,$0.03B,$0.18B,16.07%,$0.03B,$0.18B,16.07%,$0.03B,$1.42B,2.02%,$-0.00B,$0.18B,-0.55%,$16,$2,$14,$0,$10,$12,$4,$0,$4,$1,$3,$3,$3,$0,$0,$13,13,$0.21,$0.21,$202,$0,$0,$1181,$0,$158,$0,$76,$234,$1420,$1237,$0,$5,$5,$1243,$163,$10,$0,$177,$1420,$16,$1,$0,$1,$0,$0,$0,$0,$-1,$14,$-0,$0,$0,$0,$0,$-47,$0,$-46,$0,$0,$-26,$0,$0,$0,$118,$92,$59,$0,$0
24,2012-03-31,11.05,$0.00,0.0,$4.48,2.47,$4.04,2.73,$2.61,4.23,$1.12B,$1.18B,0.95,$0.00B,$0.18B,0.0,$0.06B,$0.05B,83.05%,$0.06B,$0.01B,15.25%,$0.06B,0,0.00%,$0.06B,0,0.00%,$0.06B,$0.01B,15.25%,$0.06B,$0.04B,59.32%,$0.04B,$0.18B,21.81%,$0.04B,$0.18B,21.81%,$0.04B,$1.37B,2.71%,$0.01B,$0.18B,5.00%,$17,$2,$15,$0,$23,$24,$-8,$0,$-8,$-2,$-6,$-6,$-6,$0,$0,$13,13,$-0.43,$-0.43,$149,$0,$0,$1119,$0,$170,$0,$72,$242,$1366,$1177,$0,$6,$6,$1184,$163,$15,$0,$182,$1366,$22,$0,$0,$0,$0,$0,$0,$0,$-1,$6,$-0,$0,$0,$0,$0,$-31,$0,$-31,$0,$0,$-26,$0,$0,$0,$58,$32,$7,$0,$0
25,2011-12-31,6.99,$12.09,0.58,$4.34,1.61,$3.78,1.85,$0.97,7.21,$2.01B,$2.24B,0.9,$0.03B,$0.16B,0.16,$0.06B,$0.05B,80.70%,$0.06B,$0.01B,12.28%,$0.06B,0,0.00%,$0.06B,0,0.00%,$0.06B,$0.01B,12.28%,$0.06B,$0.01B,24.56%,$0.01B,$0.16B,9.30%,$0.01B,$0.16B,9.30%,$0.01B,$1.31B,1.12%,$0.01B,$0.18B,3.97%,$16,$2,$14,$0,$11,$13,$3,$0,$3,$-19,$22,$22,$22,$0,$0,$13,13,$1.69,$1.69,$151,$0,$0,$2009,$5,$177,$0,$93,$282,$1310,$2239,$26,$6,$32,$1152,$163,$-6,$-3,$158,$1310,$12,$1,$6,$1,$2,$0,$0,$4,$5,$25,$-0,$0,$0,$0,$17,$-42,$-45,$-28,$0,$0,$0,$0,$0,$0,$73,$37,$34,$1,$0
26,2011-09-30,7.45,$0.00,0.0,$4.18,1.78,$5.42,1.37,$-0.12,0.0,$1.02B,$1.08B,0.95,$0.03B,$0.16B,0.17,$0.06B,$0.04B,78.18%,$0.06B,$-0.01B,-12.73%,$0.06B,0,0.00%,$0.06B,0,0.00%,$0.06B,$-0.01B,-12.73%,$0.06B,$-0.00B,0.00%,$-0.00B,$0.16B,0.00%,$-0.00B,$0.16B,0.00%,$-0.00B,$1.26B,0.00%,$-0.01B,$0.18B,-4.06%,$15,$2,$12,$0,$10,$12,$2,$0,$2,$-1,$4,$4,$4,$0,$0,$13,13,$0.29,$0.29,$137,$0,$0,$1017,$0,$178,$0,$61,$239,$1261,$1076,$26,$5,$31,$1106,$163,$-10,$0,$155,$1261,$8,$1,$0,$1,$0,$0,$0,$0,$-3,$12,$-0,$0,$0,$0,$0,$9,$14,$23,$0,$0,$0,$0,$0,$0,$-7,$-7,$28,$0,$0
27,2011-06-30,6.75,$0.00,0.0,$4.84,1.4,$10.14,0.67,$-4.52,0.0,$0.97B,$1.05B,0.93,$0.03B,$0.15B,0.18,$0.06B,$0.04B,76.36%,$0.06B,$-0.01B,-25.45%,$0.06B,0,0.00%,$0.06B,0,0.00%,$0.06B,$-0.01B,-25.45%,$0.06B,$-0.01B,-21.82%,$-0.01B,$0.15B,-8.15%,$-0.01B,$0.15B,-8.15%,$-0.01B,$1.23B,-0.96%,$-0.01B,$0.17B,-7.97%,$14,$2,$12,$0,$10,$12,$2,$0,$2,$-4,$6,$7,$7,$0,$0,$13,13,$0.50,$0.50,$121,$0,$0,$973,$0,$196,$0,$55,$251,$1229,$1051,$26,$5,$31,$1082,$163,$-16,$0,$147,$1229,$2,$1,$0,$1,$0,$0,$0,$0,$-0,$10,$-0,$0,$0,$0,$0,$22,$12,$34,$0,$0,$0,$0,$0,$0,$-32,$-32,$12,$0,$0
28,2011-03-31,6.9,$0.00,0.0,$8.14,0.85,$15.56,0.44,$-5.65,0.0,$0.94B,$1.02B,0.92,$0.03B,$0.14B,0.18,$0.06B,$0.04B,74.55%,$0.06B,$-0.02B,-34.55%,$0.06B,0,0.00%,$0.06B,0,0.00%,$0.06B,$-0.02B,-34.55%,$0.06B,$-0.02B,-30.91%,$-0.02B,$0.14B,-11.26%,$-0.02B,$0.14B,-11.26%,$-0.02B,$1.19B,-1.33%,$-0.02B,$0.17B,-10.37%,$14,$3,$11,$0,$9,$12,$2,$0,$2,$-0,$2,$2,$2,$0,$0,$13,13,$0.13,$0.13,$79,$0,$0,$939,$0,$189,$0,$61,$250,$1194,$1017,$26,$10,$36,$1052,$163,$-18,$0,$142,$1194,$1,$0,$0,$0,$0,$0,$0,$0,$-3,$2,$-0,$0,$0,$0,$0,$26,$9,$35,$0,$0,$0,$0,$0,$0,$-66,$-66,$-29,$0,$0
29,2010-12-31,8.26,$0.00,0.0,$11.68,0.71,$18.30,0.45,$-4.70,0.0,$0.99B,$1.08B,0.92,$0.03B,$0.14B,0.18,$0.06B,$0.04B,71.43%,$0.06B,$-0.02B,-30.36%,$0.06B,0,0.00%,$0.06B,0,0.00%,$0.06B,$-0.02B,-30.36%,$0.06B,$-0.02B,-26.79%,$-0.02B,$0.14B,-10.85%,$-0.02B,$0.14B,-10.85%,$-0.02B,$1.26B,-1.13%,$-0.02B,$0.17B,-9.65%,$14,$3,$11,$0,$10,$13,$1,$0,$1,$0,$1,$1,$1,$0,$0,$13,13,$0.05,$0.05,$108,$0,$0,$994,$0,$188,$0,$67,$254,$1256,$1083,$26,$5,$31,$1115,$163,$-19,$0,$141,$1256,$-17,$1,$31,$1,$2,$0,$-2,$30,$29,$46,$-0,$0,$0,$0,$-71,$-5,$97,$26,$-23,$-23,$0,$70,$70,$0,$-158,$-32,$40,$2,$0
30,2010-09-30,7.55,$0.00,0.0,$15.97,0.47,$16.39,0.46,$-12.90,0.0,$1.10B,$1.14B,0.97,$0.04B,$0.16B,0.23,$0.06B,$0.04B,71.67%,$0.06B,$-0.04B,-73.33%,$0.06B,0,0.00%,$0.06B,0,0.00%,$0.06B,$-0.05B,-78.33%,$0.06B,$-0.03B,-55.00%,$-0.03B,$0.16B,-26.56%,$-0.03B,$0.16B,-26.56%,$-0.03B,$1.34B,-2.46%,$-0.04B,$0.20B,-26.19%,$13,$3,$9,$0,$21,$25,$-12,$0,$-12,$-1,$-11,$-10,$-10,$0,$0,$13,13,$-0.80,$-0.80,$195,$0,$0,$1101,$0,$165,$0,$72,$237,$1344,$1135,$36,$14,$50,$1185,$163,$-7,$0,$159,$1344,$-5,$1,$0,$1,$0,$0,$0,$0,$32,$45,$0,$0,$0,$0,$0,$25,$27,$52,$0,$0,$-13,$0,$70,$0,$-28,$29,$127,$0,$0
31,2010-06-30,9.8,$0.00,0.0,$22.09,0.44,$2.48,3.95,$-15.55,0.0,$1.09B,$1.12B,0.98,$0.04B,$0.11B,0.36,$0.06B,$0.04B,69.84%,$0.06B,$-0.06B,-101.59%,$0.06B,0,0.00%,$0.06B,0,0.00%,$0.06B,$-0.07B,-106.35%,$0.06B,$-0.04B,-66.67%,$-0.04B,$0.16B,-35.44%,$-0.04B,$0.16B,-35.44%,$-0.04B,$1.32B,-3.10%,$-0.06B,$0.20B,-37.81%,$14,$4,$11,$0,$16,$20,$-5,$0,$-5,$0,$-5,$-5,$-5,$0,$0,$8,8,$-3.90,$-3.90,$160,$0,$0,$1088,$0,$124,$0,$106,$230,$1323,$1115,$41,$5,$46,$1161,$89,$13,$0,$162,$1323,$0,$1,$0,$1,$0,$0,$0,$0,$5,$19,$0,$0,$0,$0,$0,$50,$10,$60,$0,$0,$-8,$0,$70,$0,$-49,$13,$92,$0,$0
32,2010-03-31,6.38,$0.00,0.0,$26.38,0.24,$-2.05,0.0,$-17.50,0.0,$1.16B,$1.23B,0.94,$0.05B,$0.09B,0.54,$0.07B,$0.05B,68.18%,$0.07B,$-0.07B,-110.61%,$0.07B,0,0.00%,$0.07B,0,0.00%,$0.07B,$-0.08B,-115.15%,$0.07B,$-0.05B,-68.18%,$-0.05B,$0.09B,-40.63%,$-0.05B,$0.09B,-40.63%,$-0.05B,$1.38B,-3.29%,$-0.07B,$0.14B,-42.38%,$14,$4,$10,$0,$13,$17,$-3,$0,$-3,$0,$-3,$-3,$-3,$0,$0,$3,3,$-1.00,$-1.00,$222,$0,$0,$1162,$0,$106,$0,$107,$214,$1381,$1233,$49,$8,$57,$1290,$89,$16,$0,$91,$1381,$3,$0,$0,$0,$0,$0,$0,$0,$4,$9,$0,$0,$0,$0,$0,$72,$2,$74,$0,$0,$0,$0,$0,$0,$71,$71,$154,$0,$0
33,2009-12-31,8.44,$0.00,0.0,$28.49,0.3,$-4.50,0.0,$-19.15,0.0,$1.08B,$1.16B,0.92,$0.05B,$0.09B,0.57,$0.06B,$0.04B,64.06%,$0.06B,$-0.08B,-121.88%,$0.06B,0,0.00%,$0.06B,0,0.00%,$0.06B,$-0.08B,-126.56%,$0.06B,$-0.05B,-76.56%,$-0.05B,$0.09B,-40.50%,$-0.05B,$0.09B,-40.50%,$-0.05B,$1.31B,-3.55%,$-0.08B,$0.13B,-40.78%,$15,$4,$10,$0,$7,$12,$3,$0,$3,$0,$3,$3,$3,$0,$0,$3,3,$1.00,$1.00,$68,$0,$0,$1075,$0,$119,$0,$106,$226,$1307,$1163,$49,$9,$58,$1221,$89,$13,$0,$85,$1307,$-73,$2,$0,$2,$0,$0,$0,$0,$-36,$5,$-0,$0,$0,$0,$0,$49,$34,$83,$0,$-9,$0,$0,$17,$-1,$-97,$-90,$-2,$0,$0
34,2009-09-30,15.29,$0.00,0.0,$31.74,0.48,$7.68,1.99,$-10.40,0.0,$1.18B,$1.20B,0.98,$0.06B,$0.14B,0.47,$0.06B,$0.04B,59.38%,$0.06B,$-0.05B,-81.25%,$0.06B,0,0.00%,$0.06B,0,0.00%,$0.06B,$-0.05B,-81.25%,$0.06B,$-0.02B,-32.81%,$-0.02B,$0.14B,-15.67%,$-0.02B,$0.14B,-15.67%,$-0.02B,$1.41B,-1.47%,$-0.05B,$0.20B,-25.18%,$17,$5,$12,$0,$51,$56,$-39,$0,$-42,$9,$-51,$-28,$-28,$0,$0,$3,3,$-9.00,$-9.00,$117,$0,$0,$1179,$0,$110,$0,$116,$226,$1412,$1198,$64,$13,$77,$1275,$89,$64,$0,$136,$1412,$-21,$-5,$0,$-5,$0,$0,$0,$0,$-37,$-18,$-0,$0,$0,$0,$0,$78,$27,$105,$0,$0,$6,$0,$17,$-1,$-61,$-39,$47,$0,$0
35,2009-06-30,17.83,$0.00,0.0,$31.36,0.57,$13.03,1.37,$-5.60,0.0,$1.16B,$1.14B,1.02,$0.08B,$0.13B,0.64,$0.06B,$0.03B,53.23%,$0.06B,$-0.03B,-48.39%,$0.06B,0,0.00%,$0.06B,0,0.00%,$0.06B,$-0.03B,-48.39%,$0.06B,$-0.01B,-16.13%,$-0.01B,$0.13B,-7.39%,$-0.01B,$0.13B,-7.39%,$-0.01B,$1.37B,-0.70%,$-0.03B,$0.22B,-14.46%,$17,$5,$12,$0,$37,$42,$-25,$0,$-25,$-10,$-14,$-14,$-14,$0,$0,$2,2,$-6.55,$-6.55,$38,$0,$0,$1161,$0,$104,$0,$94,$198,$1366,$1143,$84,$8,$92,$1235,$72,$79,$0,$131,$1366,$-7,$-1,$0,$-1,$0,$0,$0,$0,$-14,$3,$0,$0,$0,$0,$0,$55,$2,$58,$0,$0,$26,$0,$0,$-1,$-117,$-92,$-31,$0,$0
36,2009-03-31,24.58,$0.00,0.0,$33.59,0.73,$16.58,1.48,$-2.40,0.0,$1.25B,$1.21B,1.03,$0.08B,$0.13B,0.64,$0.07B,$0.03B,51.52%,$0.07B,$-0.02B,-25.76%,$0.07B,0,0.00%,$0.07B,0,0.00%,$0.07B,$-0.02B,-27.27%,$0.07B,$-0.00B,-6.06%,$-0.00B,$0.13B,-2.87%,$-0.00B,$0.13B,-2.87%,$-0.00B,$1.43B,-0.27%,$-0.02B,$0.22B,-8.18%,$17,$6,$11,$0,$23,$29,$-12,$0,$-12,$-6,$-6,$-6,$-6,$0,$0,$2,2,$-2.95,$-2.95,$83,$0,$0,$1250,$0,$94,$0,$82,$177,$1434,$1210,$84,$8,$92,$1302,$72,$84,$0,$132,$1434,$-1,$-0,$0,$-0,$0,$0,$0,$0,$-4,$1,$-0,$0,$0,$0,$0,$37,$2,$39,$0,$0,$26,$0,$0,$-1,$-52,$-27,$13,$0,$0
37,2008-12-31,27.8,$0.00,0.0,$39.99,0.7,$19.09,1.46,$-0.05,0.0,$1.28B,$1.26B,1.01,$0.06B,$0.14B,0.42,$0.08B,$0.04B,55.70%,$0.08B,$-0.01B,-11.39%,$0.08B,0,0.00%,$0.08B,0,0.00%,$0.08B,$-0.01B,-12.66%,$0.08B,0,0.00%,$0.00B,$0.14B,0.00%,$0.00B,$0.14B,0.00%,$0.00B,$1.48B,0.00%,$-0.01B,$0.20B,-4.29%,$13,$7,$6,$0,$8,$16,$-2,$0,$-2,$-1,$-1,$-1,$-1,$0,$0,$2,2,$-0.65,$-0.65,$70,$0,$0,$1282,$0,$109,$0,$85,$195,$1483,$1264,$58,$24,$82,$1346,$72,$85,$0,$137,$1483,$-5,$1,$0,$1,$0,$0,$0,$0,$-0,$30,$-3,$0,$0,$0,$0,$76,$1,$74,$0,$-53,$0,$0,$-4,$-5,$4,$-57,$47,$0,$0
38,2008-09-30,51.16,$0.00,0.0,$45.72,1.12,$11.91,4.3,$3.05,16.77,$1.25B,$1.23B,1.02,$0.06B,$0.14B,0.45,$0.09B,$0.06B,70.33%,$0.09B,$0.03B,36.26%,$0.09B,0,0.00%,$0.09B,0,0.00%,$0.09B,$0.03B,35.16%,$0.09B,$0.01B,6.59%,$0.01B,$0.14B,4.05%,$0.01B,$0.14B,4.05%,$0.01B,$1.45B,0.40%,$0.03B,$0.20B,14.52%,$17,$8,$9,$0,$22,$30,$-13,$0,$-13,$-8,$-5,$-0,$-0,$0,$0,$2,2,$-0.25,$-0.25,$64,$0,$0,$1253,$0,$125,$0,$63,$188,$1447,$1230,$63,$13,$76,$1306,$72,$91,$0,$141,$1447,$-0,$0,$0,$0,$0,$0,$0,$0,$-26,$-3,$-3,$0,$0,$0,$0,$130,$0,$127,$0,$0,$-48,$0,$-4,$-4,$-27,$-83,$41,$0,$0
39,2008-06-30,23.35,$0.00,0.0,$52.28,0.45,$14.81,1.58,$8.15,2.87,$1.23B,$1.30B,0.95,$0.07B,$0.15B,0.46,$0.11B,$0.08B,70.75%,$0.11B,$0.05B,45.28%,$0.11B,0,0.00%,$0.11B,0,0.00%,$0.11B,$0.05B,44.34%,$0.11B,$0.02B,15.09%,$0.02B,$0.15B,10.46%,$0.02B,$0.15B,10.46%,$0.02B,$1.52B,1.05%,$0.05B,$0.22B,20.62%,$15,$8,$7,$0,$10,$18,$-3,$0,$-3,$0,$-3,$-3,$-3,$0,$0,$2,2,$-1.75,$-1.75,$28,$0,$0,$1225,$0,$255,$0,$37,$292,$1524,$1297,$68,$12,$80,$1377,$72,$95,$0,$148,$1524,$3,$0,$0,$0,$0,$0,$0,$0,$-4,$13,$-3,$0,$0,$0,$0,$5,$0,$3,$0,$0,$-34,$0,$-4,$-3,$30,$-10,$5,$0,$0
40,2008-03-31,74.58,$0.00,0.0,$55.05,1.35,$9.63,7.74,$11.15,6.69,$1.24B,$1.32B,0.94,$0.08B,$0.15B,0.5,$0.11B,$0.09B,80.70%,$0.11B,$0.08B,66.67%,$0.11B,0,0.00%,$0.11B,0,0.00%,$0.11B,$0.08B,66.67%,$0.11B,$0.02B,20.18%,$0.02B,$0.15B,19.83%,$0.02B,$0.15B,19.83%,$0.02B,$1.55B,2.00%,$0.08B,$0.23B,42.52%,$21,$9,$12,$0,$12,$21,$1,$0,$0,$0,$0,$0,$0,$0,$0,$2,2,$0.25,$0.25,$22,$0,$0,$1240,$0,$272,$0,$32,$304,$1551,$1315,$75,$11,$86,$1401,$72,$96,$0,$150,$1551,$3,$0,$0,$0,$0,$0,$0,$0,$0,$8,$-2,$0,$0,$0,$0,$-21,$0,$-24,$0,$0,$9,$0,$-4,$-2,$12,$15,$-0,$0,$0
41,2007-12-31,115.4,$0.00,0.0,$54.70,2.11,$6.65,17.34,$12.50,9.23,$1.25B,$1.26B,0.99,$0.11B,$0.15B,0.73,$0.12B,$0.10B,89.57%,$0.12B,$0.10B,84.35%,$0.12B,0,0.00%,$0.12B,0,0.00%,$0.12B,$0.10B,84.35%,$0.12B,$0.03B,22.61%,$0.03B,$0.15B,33.12%,$0.03B,$0.15B,33.12%,$0.03B,$1.54B,3.41%,$0.10B,$0.26B,79.18%,$26,$10,$16,$0,$10,$21,$6,$0,$6,$2,$3,$3,$3,$0,$0,$2,2,$1.70,$1.70,$23,$0,$0,$1250,$0,$250,$0,$37,$287,$1543,$1264,$111,$15,$126,$1390,$72,$95,$0,$153,$1543,$26,$-1,$0,$-1,$0,$0,$0,$0,$-13,$17,$-4,$0,$0,$0,$0,$-285,$0,$-288,$0,$0,$91,$0,$-13,$-7,$92,$163,$-108,$0,$0
42,2007-09-30,173.38,$0.00,0.0,$52.98,3.27,0,0.0,$12.78,13.56,$1.26B,$1.28B,0.98,$0.07B,$0.16B,0.4,$0.11B,$0.09B,80.53%,$0.11B,$0.08B,69.91%,$0.11B,0,0.00%,$0.11B,0,0.00%,$0.11B,$0.08B,69.91%,$0.11B,$0.03B,23.89%,$0.03B,$0.16B,35.18%,$0.03B,$0.16B,35.18%,$0.03B,$1.51B,3.78%,$0.08B,$0.23B,80.61%,$29,$0,$29,$0,$0,$0,$29,$0,$29,$0,$29,$6,$6,$0,$0,$2,2,$2.85,$2.85,$72,$0,$0,$1256,$0,$206,$0,$42,$248,$1506,$1280,$65,$0,$65,$1345,$68,$91,$0,$161,$1506,$0,$0,$0,$0,$0,$0,$0,$0,$0,$0,$0,$0,$0,$0,$0,$0,$0,$0,$0,$0,$0,$0,$0,$0,$0,$0,$0,$0,$0
43,2007-06-30,175.5,$0.00,0.0,$50.40,3.48,0,0.0,$12.30,14.27,$0.00B,$0.00B,0.0,$0.00B,$0.00B,0.0,$0.11B,$0.09B,83.18%,$0.11B,$0.08B,71.96%,$0.11B,0,0.00%,$0.11B,0,0.00%,$0.11B,$0.08B,71.96%,$0.11B,$0.03B,24.30%,$0.03B,$0.00B,36.36%,$0.03B,$0.00B,36.36%,$0.03B,$0.00B,4.02%,$0.08B,$0.00B,94.48%,$30,$12,$18,$0,$6,$18,$12,$0,$12,$5,$7,$7,$7,$0,$0,$2,2,$3.45,$3.35,$0,$0,$0,$0,$0,$0,$0,$0,$0,$0,$0,$0,$0,$0,$0,$0,$0,$0,$0,$0,$0,$0,$0,$0,$0,$0,$0,$0,$0,$0,$0,$0,$0,$0,$0,$0,$0,$0,$0,$0,$0,$0,$0,$0,$0,$0,$0,$0,$0
44,2007-03-31,171.26,$0.00,0.0,$47.34,3.62,0,0.0,$11.68,14.66,$0.00B,$0.00B,0.0,$0.00B,$0.00B,0.0,$0.10B,$0.08B,75.00%,$0.10B,$0.06B,58.00%,$0.10B,0,0.00%,$0.10B,0,0.00%,$0.10B,$0.06B,58.00%,$0.10B,$0.03B,25.00%,$0.03B,$0.00B,23.81%,$0.03B,$0.00B,23.81%,$0.03B,$0.00B,2.63%,$0.06B,$0.00B,48.33%,$29,$0,$29,$0,$0,$0,$29,$0,$29,$0,$29,$7,$7,$0,$0,$2,2,$3.35,$3.25,$0,$0,$0,$0,$0,$0,$0,$0,$0,$0,$0,$0,$0,$0,$0,$0,$0,$0,$0,$0,$0,$0,$0,$0,$0,$0,$0,$0,$0,$0,$0,$0,$0,$0,$0,$0,$0,$0,$0,$0,$0,$0,$0,$0,$0,$0,$0,$0,$0
45,2006-12-31,174.28,$0.00,0.0,$44.15,3.95,0,0.0,$11.07,15.75,$1.14B,$1.18B,0.96,$0.02B,$0.15B,0.14,$0.09B,$0.06B,66.67%,$0.09B,$0.04B,43.01%,$0.09B,0,0.00%,$0.09B,0,0.00%,$0.09B,$0.04B,43.01%,$0.09B,$0.02B,25.81%,$0.02B,$0.15B,17.52%,$0.02B,$0.15B,17.52%,$0.02B,$1.35B,1.94%,$0.04B,$0.17B,25.48%,$27,$0,$27,$0,$0,$0,$27,$0,$27,$0,$27,$6,$6,$0,$0,$2,2,$3.15,$3.05,$131,$0,$0,$1140,$0,$199,$0,$8,$207,$1349,$1183,$20,$0,$20,$1203,$70,$75,$0,$146,$1349,$0,$0,$0,$0,$0,$0,$0,$0,$0,$0,$0,$0,$0,$0,$0,$0,$0,$0,$0,$0,$0,$0,$0,$0,$0,$0,$0,$0,$0
