,Date,Stock Price,Book Value per Share,Price to Book Ratio,TTM Sales per Share,Price to Sales Ratio,TTM FCF per Share,Price to FCF Ratio,TTM Net EPS,PE Ratio,Current Assets,Current Liabilities,Current Ratio,Long Term Debt,Shareholder's Equity_x,Debt to Equity Ratio,TTM Revenue_x,TTM Gross Profit,Gross Margin,TTM Revenue_y,TTM Operating Income,Operating Margin,TTM Revenue_x,TTM EBIT,EBIT Margin,TTM Revenue_y,TTM EBITDA,EBITDA Margin,TTM Revenue_x,TTM Pre-Tax Income,Pre-Tax Margin,TTM Revenue_y,TTM Net Income_x,Net Margin,TTM Net Income_y,Shareholder's Equity_y,Return on Equity,TTM Net Income_x,Tangible Equity,Return on Tangible Equity,TTM Net Income_y,Total Assets,Return on Assets,TTM Net Income,LT Investments & Debt,Return on Investment,revenue,cost-goods-sold,gross-profit,research-development-expenses,selling-general-administrative-expenses,operating-expenses,operating-income,total-non-operating-income-expense,pre-tax-income,total-provision-income-taxes,income-after-taxes,income-from-continuous-operations,net-income,ebitda,ebit,basic-shares-outstanding,shares-outstanding,eps-basic-net-earnings-per-share,eps-earnings-per-share-diluted,cash-on-hand,inventory,other-current-assets,total-current-assets,net-property-plant-equipment,long-term-investments,goodwill-intangible-assets-total,other-long-term-assets,total-long-term-assets,total-assets,total-current-liabilities,long-term-debt,other-non-current-liabilities,total-long-term-liabilities,total-liabilities,common-stock-net,retained-earnings-accumulated-deficit,comprehensive-income,total-share-holder-equity,total-liabilities-share-holders-equity,net-income-loss,total-depreciation-amortization-cash-flow,other-non-cash-items,total-non-cash-items,change-in-accounts-receivable,change-in-inventories,change-in-accounts-payable,change-in-assets-liabilities,total-change-in-assets-liabilities,cash-flow-from-operating-activities,net-change-in-property-plant-equipment,net-change-in-intangible-assets,net-acquisitions-divestitures,net-change-in-short-term-investments,net-change-in-long-term-investments,net-change-in-investments-total,investing-activities-other,cash-flow-from-investing-activities,net-long-term-debt,net-current-debt,debt-issuance-retirement-net-total,net-common-equity-issued-repurchased,net-total-equity-issued-repurchased,total-common-preferred-stock-dividends-paid,financial-activities-other,cash-flow-from-financial-activities,net-cash-flow,stock-based-compensation,common-stock-dividends-paid
0,2018-09-30,18.49,$14.03,1.32,$5.35,3.45,$3.92,4.72,$1.35,13.66,$1.15B,$1.34B,0.85,$0.01B,$0.19B,0.05,$0.07B,$0.07B,94.44%,$0.07B,$0.03B,36.11%,$0.07B,0,0.00%,$0.07B,0,0.00%,$0.07B,$0.03B,36.11%,$0.07B,$0.02B,25.00%,$0.02B,$0.19B,9.72%,$0.02B,$0.15B,12.29%,$0.02B,$1.54B,1.18%,$0.03B,$0.20B,13.35%,$18,$1,$17,$0,$10,$12,$7,$-0,$7,$1,$5,$5,$5,$0,$0,$13,13,$0.38,$0.37,$117,$0,$0,$1145,$25,$318,$38,$18,$399,$1544,$1344,$9,$3,$12,$1357,$111,$84,$-7,$188,$1544,$15,$2,$1,$3,$-0,$0,$0,$1,$1,$19,$-3,$0,$0,$0,$-44,$-44,$19,$-28,$-2,$1,$-0,$0,$0,$-6,$47,$41,$33,$0,$-6
1,2018-06-30,18.67,$13.89,1.34,$5.28,3.54,$3.77,4.96,$1.24,15.06,$1.13B,$1.32B,0.86,$0.01B,$0.19B,0.05,$0.07B,$0.07B,94.37%,$0.07B,$0.03B,35.21%,$0.07B,0,0.00%,$0.07B,0,0.00%,$0.07B,$0.02B,33.80%,$0.07B,$0.02B,22.54%,$0.02B,$0.19B,8.70%,$0.02B,$0.15B,11.02%,$0.02B,$1.51B,1.06%,$0.03B,$0.20B,12.85%,$18,$1,$17,$0,$10,$12,$6,$-1,$6,$1,$4,$4,$4,$0,$0,$13,13,$0.33,$0.32,$114,$0,$0,$1133,$25,$301,$38,$17,$382,$1514,$1316,$9,$3,$12,$1329,$111,$81,$-6,$186,$1514,$10,$1,$1,$2,$0,$0,$0,$1,$1,$13,$-2,$0,$0,$0,$-25,$-25,$28,$1,$-1,$-1,$-3,$0,$0,$-4,$21,$15,$29,$0,$-4
2,2018-03-31,14.77,$13.78,1.07,$5.32,2.78,$3.75,3.94,$1.21,12.23,$1.16B,$1.32B,0.88,$0.01B,$0.18B,0.05,$0.07B,$0.07B,93.06%,$0.07B,$0.03B,36.11%,$0.07B,0,0.00%,$0.07B,0,0.00%,$0.07B,$0.02B,33.33%,$0.07B,$0.02B,22.22%,$0.02B,$0.18B,8.76%,$0.02B,$0.15B,11.11%,$0.02B,$1.53B,1.07%,$0.03B,$0.19B,13.38%,$18,$1,$17,$0,$11,$12,$6,$1,$7,$1,$5,$5,$5,$0,$0,$13,13,$0.38,$0.38,$143,$0,$0,$1162,$24,$284,$39,$17,$363,$1526,$1324,$10,$8,$18,$1342,$110,$79,$-5,$184,$1526,$5,$1,$0,$1,$0,$0,$0,$1,$1,$7,$-0,$0,$0,$0,$-2,$-2,$27,$25,$-1,$-3,$-3,$0,$0,$-2,$31,$26,$57,$0,$-2
3,2017-12-31,15.81,$13.74,1.15,$5.26,3.0,$3.67,4.3,$1.10,14.43,$1.13B,$1.30B,0.87,$0.01B,$0.18B,0.06,$0.07B,$0.07B,92.96%,$0.07B,$0.03B,36.62%,$0.07B,0,0.00%,$0.07B,0,0.00%,$0.07B,$0.02B,32.39%,$0.07B,$0.02B,21.13%,$0.02B,$0.18B,8.28%,$0.02B,$0.15B,10.54%,$0.02B,$1.49B,1.00%,$0.03B,$0.19B,13.44%,$18,$1,$17,$0,$10,$11,$7,$-0,$6,$2,$4,$4,$4,$0,$0,$13,13,$0.29,$0.28,$85,$0,$0,$1126,$24,$282,$39,$23,$367,$1493,$1296,$10,$3,$14,$1310,$110,$75,$-2,$183,$1493,$15,$3,$4,$8,$-0,$0,$0,$-2,$-2,$20,$-1,$0,$0,$0,$9,$9,$-32,$-25,$-4,$-1,$-4,$0,$0,$-6,$-7,$-17,$-22,$0,$-6
4,2017-09-30,17.03,$13.74,1.24,$5.21,3.27,$3.58,4.76,$1.07,15.89,$1.13B,$1.30B,0.87,$0.01B,$0.18B,0.06,$0.07B,$0.07B,92.86%,$0.07B,$0.03B,35.71%,$0.07B,0,0.00%,$0.07B,0,0.00%,$0.07B,$0.02B,31.43%,$0.07B,$0.01B,20.00%,$0.01B,$0.18B,7.82%,$0.01B,$0.14B,10.04%,$0.01B,$1.49B,0.93%,$0.03B,$0.20B,13.02%,$17,$1,$16,$0,$10,$12,$6,$-0,$5,$2,$3,$3,$3,$0,$0,$13,13,$0.26,$0.26,$78,$0,$0,$1125,$24,$292,$39,$13,$368,$1493,$1295,$11,$3,$15,$1309,$110,$72,$0,$183,$1493,$11,$2,$3,$5,$-0,$0,$-0,$-1,$-1,$15,$-1,$0,$0,$0,$2,$2,$-29,$-28,$-3,$1,$-2,$0,$0,$-5,$-10,$-16,$-30,$0,$-5
5,2017-06-30,15.98,$13.61,1.17,$5.18,3.08,$3.37,4.75,$1.06,15.13,$1.12B,$1.30B,0.86,$0.01B,$0.18B,0.07,$0.07B,$0.07B,92.86%,$0.07B,$0.03B,35.71%,$0.07B,0,0.00%,$0.07B,0,0.00%,$0.07B,$0.02B,31.43%,$0.07B,$0.01B,20.00%,$0.01B,$0.18B,7.89%,$0.01B,$0.14B,10.16%,$0.01B,$1.50B,0.93%,$0.03B,$0.19B,13.05%,$19,$1,$17,$0,$10,$12,$7,$-1,$6,$2,$4,$4,$4,$0,$0,$13,13,$0.29,$0.29,$85,$0,$0,$1115,$24,$304,$39,$13,$380,$1495,$1298,$12,$4,$16,$1314,$110,$71,$0,$181,$1495,$8,$1,$2,$3,$0,$0,$-0,$-0,$-0,$11,$-0,$0,$0,$0,$-10,$-10,$-12,$-22,$-2,$-3,$-5,$0,$0,$-3,$-2,$-10,$-22,$0,$-3
6,2017-03-31,16.19,$13.36,1.21,$5.06,3.2,$3.05,5.3,$0.96,16.79,$1.13B,$1.32B,0.86,$0.01B,$0.18B,0.08,$0.07B,$0.06B,94.12%,$0.07B,$0.02B,33.82%,$0.07B,0,0.00%,$0.07B,0,0.00%,$0.07B,$0.02B,29.41%,$0.07B,$0.01B,19.12%,$0.01B,$0.18B,7.38%,$0.01B,$0.14B,9.56%,$0.01B,$1.52B,0.86%,$0.02B,$0.19B,11.96%,$17,$1,$16,$0,$10,$11,$6,$-0,$6,$2,$4,$4,$4,$0,$0,$13,13,$0.27,$0.27,$99,$0,$0,$1131,$24,$309,$39,$14,$386,$1517,$1321,$14,$4,$18,$1339,$110,$68,$-0,$178,$1517,$4,$1,$0,$1,$0,$0,$-0,$1,$1,$6,$-0,$0,$0,$0,$-16,$-16,$-15,$-30,$-1,$-1,$-2,$0,$0,$-2,$19,$16,$-9,$0,$-2
7,2016-12-31,15.35,$13.10,1.17,$5.03,3.05,$2.91,5.27,$0.93,16.6,$1.13B,$1.30B,0.86,$0.01B,$0.17B,0.08,$0.07B,$0.06B,94.03%,$0.07B,$0.02B,32.84%,$0.07B,0,0.00%,$0.07B,0,0.00%,$0.07B,$0.02B,28.36%,$0.07B,$0.01B,17.91%,$0.01B,$0.17B,6.86%,$0.01B,$0.13B,8.92%,$0.01B,$1.50B,0.80%,$0.02B,$0.19B,11.46%,$17,$1,$16,$0,$9,$11,$6,$-0,$5,$2,$3,$3,$3,$0,$0,$13,13,$0.26,$0.25,$107,$0,$0,$1125,$24,$292,$40,$14,$371,$1496,$1303,$14,$4,$18,$1322,$110,$66,$-2,$174,$1496,$12,$5,$2,$7,$-0,$0,$-0,$-1,$-1,$18,$-0,$0,$12,$0,$38,$38,$-40,$9,$-4,$-0,$-4,$1,$1,$-6,$14,$5,$32,$0,$-6
8,2016-09-30,11.82,$13.35,0.88,$5.03,2.35,$2.98,3.97,$0.92,12.79,$1.12B,$1.30B,0.86,$0.02B,$0.18B,0.09,$0.06B,$0.06B,95.31%,$0.06B,$0.02B,32.81%,$0.06B,0,0.00%,$0.06B,0,0.00%,$0.06B,$0.02B,28.13%,$0.06B,$0.01B,18.75%,$0.01B,$0.18B,7.13%,$0.01B,$0.14B,9.32%,$0.01B,$1.50B,0.84%,$0.02B,$0.19B,11.37%,$17,$1,$16,$0,$10,$11,$6,$-1,$5,$2,$3,$3,$3,$0,$0,$13,13,$0.24,$0.24,$95,$0,$0,$1122,$25,$298,$40,$13,$376,$1498,$1301,$15,$4,$20,$1321,$92,$82,$3,$177,$1498,$9,$3,$2,$6,$-0,$0,$-0,$-2,$-3,$12,$-0,$0,$16,$0,$39,$39,$-50,$5,$-3,$3,$1,$1,$1,$-4,$8,$5,$22,$0,$-4
9,2016-06-30,11.52,$13.23,0.87,$5.14,2.24,$3.18,3.62,$0.97,11.82,$1.11B,$1.30B,0.85,$0.02B,$0.18B,0.12,$0.06B,$0.06B,95.24%,$0.06B,$0.02B,33.33%,$0.06B,0,0.00%,$0.06B,0,0.00%,$0.06B,$0.02B,28.57%,$0.06B,$0.01B,19.05%,$0.01B,$0.18B,7.47%,$0.01B,$0.14B,9.82%,$0.01B,$1.50B,0.87%,$0.02B,$0.20B,11.91%,$17,$1,$16,$0,$11,$12,$5,$-0,$4,$1,$3,$3,$3,$0,$0,$13,13,$0.20,$0.20,$87,$0,$0,$1108,$25,$313,$40,$15,$393,$1501,$1299,$21,$5,$26,$1325,$92,$80,$3,$176,$1501,$6,$2,$1,$3,$-0,$0,$-0,$-3,$-3,$6,$-0,$0,$16,$0,$26,$26,$-45,$-3,$-2,$13,$11,$1,$1,$-3,$2,$11,$14,$0,$-3
10,2016-03-31,10.68,$13.08,0.82,$5.16,2.07,$3.37,3.17,$1.05,10.19,$1.11B,$1.31B,0.84,$0.02B,$0.17B,0.1,$0.06B,$0.06B,95.08%,$0.06B,$0.02B,34.43%,$0.06B,0,0.00%,$0.06B,0,0.00%,$0.06B,$0.02B,31.15%,$0.06B,$0.01B,19.67%,$0.01B,$0.17B,7.86%,$0.01B,$0.13B,10.39%,$0.01B,$1.50B,0.91%,$0.02B,$0.19B,12.63%,$16,$1,$15,$0,$10,$11,$5,$-0,$5,$2,$3,$3,$3,$0,$0,$13,13,$0.23,$0.23,$125,$0,$0,$1105,$24,$319,$41,$15,$399,$1503,$1309,$17,$4,$22,$1331,$92,$79,$2,$173,$1503,$3,$1,$0,$1,$0,$0,$-0,$-1,$-1,$4,$-0,$0,$16,$0,$19,$19,$-4,$31,$-1,$1,$0,$0,$0,$-1,$19,$17,$52,$0,$-1
11,2015-12-31,11.02,$13.09,0.84,$5.15,2.14,$3.47,3.18,$1.08,10.24,$0.92B,$1.08B,0.85,$0.01B,$0.15B,0.08,$0.06B,$0.06B,95.00%,$0.06B,$0.02B,35.00%,$0.06B,0,0.00%,$0.06B,0,0.00%,$0.06B,$0.02B,31.67%,$0.06B,$0.01B,20.00%,$0.01B,$0.15B,8.18%,$0.01B,$0.11B,10.86%,$0.01B,$1.25B,0.95%,$0.02B,$0.16B,13.23%,$14,$1,$14,$0,$8,$9,$5,$-1,$4,$2,$3,$3,$3,$0,$0,$11,12,$0.25,$0.26,$73,$0,$0,$916,$20,$259,$36,$14,$329,$1245,$1082,$11,$4,$15,$1097,$69,$78,$0,$147,$1245,$12,$2,$2,$4,$0,$0,$-0,$-0,$0,$17,$-1,$0,$0,$0,$-29,$-29,$29,$-0,$-0,$6,$6,$-5,$-5,$-5,$-15,$-19,$-3,$0,$-5
12,2015-09-30,9.45,$13.08,0.72,$5.19,1.82,$3.54,2.67,$1.09,8.67,$0.96B,$1.10B,0.87,$0.01B,$0.15B,0.08,$0.06B,$0.06B,93.44%,$0.06B,$0.02B,34.43%,$0.06B,0,0.00%,$0.06B,0,0.00%,$0.06B,$0.02B,32.79%,$0.06B,$0.01B,19.67%,$0.01B,$0.15B,8.19%,$0.01B,$0.11B,10.91%,$0.01B,$1.26B,0.95%,$0.02B,$0.16B,13.25%,$16,$1,$15,$0,$9,$10,$6,$-1,$5,$2,$3,$3,$3,$0,$0,$11,11,$0.30,$0.29,$112,$0,$0,$960,$20,$232,$36,$15,$303,$1263,$1099,$12,$5,$17,$1116,$69,$76,$2,$147,$1263,$10,$1,$1,$2,$0,$0,$-0,$1,$0,$13,$-1,$0,$0,$0,$1,$1,$24,$24,$0,$5,$5,$-5,$-5,$-3,$4,$0,$36,$0,$-3
13,2015-06-30,10.15,$12.86,0.79,$5.11,1.99,$3.57,2.85,$1.05,9.7,$0.95B,$1.09B,0.87,$0.01B,$0.14B,0.09,$0.06B,$0.06B,93.33%,$0.06B,$0.02B,33.33%,$0.06B,0,0.00%,$0.06B,0,0.00%,$0.06B,$0.02B,33.33%,$0.06B,$0.01B,20.00%,$0.01B,$0.14B,8.18%,$0.01B,$0.11B,10.91%,$0.01B,$1.25B,0.95%,$0.02B,$0.16B,12.48%,$15,$1,$14,$0,$8,$9,$5,$-0,$5,$2,$3,$3,$3,$0,$0,$11,12,$0.28,$0.27,$72,$0,$0,$949,$20,$229,$36,$13,$298,$1247,$1086,$13,$4,$16,$1103,$69,$74,$1,$144,$1247,$6,$1,$0,$2,$0,$0,$-0,$-0,$0,$8,$-0,$0,$0,$0,$3,$3,$-2,$1,$1,$-0,$1,$-5,$-5,$-2,$-5,$-12,$-3,$0,$-2
14,2015-03-31,9.93,$13.29,0.75,$5.07,1.96,$3.58,2.77,$1.03,9.68,$0.98B,$1.11B,0.88,$0.01B,$0.15B,0.08,$0.06B,$0.06B,91.67%,$0.06B,$0.02B,31.67%,$0.06B,0,0.00%,$0.06B,0,0.00%,$0.06B,$0.02B,33.33%,$0.06B,$0.01B,20.00%,$0.01B,$0.15B,8.05%,$0.01B,$0.11B,10.71%,$0.01B,$1.27B,0.95%,$0.02B,$0.16B,11.69%,$15,$1,$14,$0,$8,$10,$5,$-0,$5,$2,$3,$3,$3,$0,$0,$11,12,$0.28,$0.26,$110,$0,$0,$976,$20,$228,$37,$13,$298,$1274,$1108,$11,$6,$17,$1125,$75,$72,$2,$149,$1274,$3,$0,$0,$1,$-0,$0,$-0,$1,$1,$5,$-0,$0,$0,$0,$7,$7,$8,$15,$-1,$3,$2,$0,$0,$-1,$15,$15,$35,$0,$-1
15,2014-12-31,10.07,$13.02,0.77,$5.05,1.99,$3.65,2.76,$1.06,9.48,$0.95B,$1.09B,0.87,$0.01B,$0.15B,0.08,$0.06B,$0.05B,91.53%,$0.06B,$0.02B,33.90%,$0.06B,0,0.00%,$0.06B,0,0.00%,$0.06B,$0.02B,35.59%,$0.06B,$0.01B,22.03%,$0.01B,$0.15B,8.70%,$0.01B,$0.11B,11.43%,$0.01B,$1.25B,1.06%,$0.02B,$0.16B,12.23%,$15,$1,$14,$0,$9,$10,$5,$-0,$5,$2,$3,$3,$3,$0,$0,$11,12,$0.28,$0.27,$75,$0,$0,$948,$21,$233,$37,$13,$305,$1253,$1091,$12,$4,$16,$1107,$75,$70,$1,$146,$1253,$13,$2,$3,$6,$0,$0,$-0,$-1,$-0,$19,$-1,$0,$41,$0,$30,$30,$-42,$28,$-2,$4,$2,$1,$-11,$-5,$-33,$-48,$-1,$0,$-5
16,2014-09-30,9.38,$13.28,0.71,$4.99,1.88,$3.34,2.81,$1.09,8.6,$0.93B,$1.09B,0.85,$0.02B,$0.14B,0.12,$0.06B,$0.05B,91.38%,$0.06B,$0.02B,37.93%,$0.06B,0,0.00%,$0.06B,0,0.00%,$0.06B,$0.02B,37.93%,$0.06B,$0.01B,24.14%,$0.01B,$0.15B,9.35%,$0.01B,$0.11B,12.15%,$0.01B,$1.26B,1.18%,$0.02B,$0.17B,13.39%,$15,$1,$14,$0,$9,$10,$5,$-0,$5,$2,$3,$3,$3,$0,$0,$11,12,$0.26,$0.25,$82,$0,$0,$930,$21,$257,$37,$14,$332,$1261,$1090,$17,$5,$23,$1113,$74,$68,$1,$148,$1261,$10,$2,$-0,$1,$0,$0,$-0,$2,$2,$14,$-1,$0,$41,$0,$5,$5,$-17,$29,$-2,$7,$5,$1,$-6,$-4,$-31,$-37,$5,$0,$-4
17,2014-06-30,10.22,$13.78,0.74,$4.98,2.05,$3.22,3.18,$1.16,8.78,$0.92B,$1.10B,0.84,$0.01B,$0.14B,0.09,$0.06B,$0.05B,91.38%,$0.06B,$0.02B,39.66%,$0.06B,0,0.00%,$0.06B,0,0.00%,$0.06B,$0.02B,39.66%,$0.06B,$0.02B,25.86%,$0.02B,$0.15B,10.03%,$0.02B,$0.12B,12.90%,$0.02B,$1.27B,1.30%,$0.02B,$0.17B,13.98%,$15,$1,$13,$0,$9,$10,$4,$0,$5,$2,$3,$3,$3,$0,$0,$11,12,$0.26,$0.25,$97,$0,$0,$924,$21,$274,$37,$13,$348,$1272,$1101,$13,$4,$17,$1118,$74,$66,$2,$153,$1272,$7,$1,$-1,$0,$0,$0,$-0,$1,$1,$8,$-0,$0,$41,$0,$-10,$-10,$4,$35,$-1,$-0,$-2,$0,$0,$-3,$-19,$-23,$20,$0,$-3
18,2014-03-31,9.04,$13.60,0.66,$4.94,1.83,$3.15,2.87,$1.17,7.72,$0.83B,$0.95B,0.87,$0.01B,$0.14B,0.1,$0.06B,$0.05B,92.98%,$0.06B,$0.02B,42.11%,$0.06B,0,0.00%,$0.06B,0,0.00%,$0.06B,$0.02B,40.35%,$0.06B,$0.02B,26.32%,$0.02B,$0.15B,10.17%,$0.02B,$0.12B,13.02%,$0.02B,$1.12B,1.35%,$0.02B,$0.16B,14.72%,$14,$1,$13,$0,$7,$9,$6,$-0,$6,$2,$4,$4,$4,$0,$0,$11,12,$0.32,$0.30,$94,$0,$0,$826,$17,$228,$32,$14,$294,$1120,$950,$13,$5,$19,$969,$74,$64,$1,$151,$1120,$4,$0,$-0,$0,$-1,$0,$-0,$2,$2,$5,$-0,$0,$0,$0,$-3,$-3,$3,$-1,$-1,$-1,$-1,$0,$0,$-2,$16,$12,$17,$0,$-2
19,2013-12-31,8.78,$13.30,0.66,$4.85,1.81,$3.12,2.82,$1.08,8.16,$0.81B,$0.94B,0.87,$0.01B,$0.14B,0.1,$0.06B,$0.05B,92.86%,$0.06B,$0.02B,39.29%,$0.06B,0,0.00%,$0.06B,0,0.00%,$0.06B,$0.02B,37.50%,$0.06B,$0.01B,23.21%,$0.01B,$0.15B,8.90%,$0.01B,$0.12B,11.43%,$0.01B,$1.10B,1.17%,$0.02B,$0.16B,13.56%,$14,$1,$13,$0,$6,$7,$7,$-1,$6,$2,$4,$4,$4,$0,$0,$11,12,$0.32,$0.31,$77,$0,$0,$810,$18,$222,$32,$14,$290,$1100,$935,$14,$4,$18,$953,$74,$62,$-1,$147,$1100,$13,$1,$1,$2,$0,$0,$-0,$1,$1,$16,$-3,$0,$0,$0,$55,$55,$-35,$17,$-2,$-15,$-17,$1,$1,$-4,$-7,$-27,$7,$0,$-4
20,2013-09-30,7.11,$13.34,0.53,$5.05,1.41,$3.41,2.08,$1.03,6.93,$0.80B,$0.94B,0.85,$0.02B,$0.14B,0.14,$0.06B,$0.05B,93.10%,$0.06B,$0.02B,36.21%,$0.06B,0,0.00%,$0.06B,0,0.00%,$0.06B,$0.02B,34.48%,$0.06B,$0.01B,20.69%,$0.01B,$0.15B,8.26%,$0.01B,$0.12B,10.62%,$0.01B,$1.11B,1.08%,$0.02B,$0.17B,12.96%,$15,$1,$14,$0,$7,$9,$6,$-0,$6,$2,$4,$4,$4,$0,$0,$11,12,$0.34,$0.32,$77,$0,$0,$800,$16,$245,$32,$15,$312,$1112,$941,$19,$4,$23,$965,$73,$59,$2,$147,$1112,$10,$0,$0,$1,$-0,$0,$-0,$2,$2,$12,$-1,$0,$0,$0,$35,$35,$-25,$9,$1,$-7,$-6,$0,$0,$-3,$-6,$-15,$6,$0,$-3
21,2013-06-30,7.35,$13.13,0.56,$5.05,1.46,$3.60,2.04,$0.97,7.54,$0.78B,$0.94B,0.82,$0.02B,$0.13B,0.11,$0.06B,$0.05B,91.38%,$0.06B,$0.02B,32.76%,$0.06B,0,0.00%,$0.06B,0,0.00%,$0.06B,$0.02B,31.03%,$0.06B,$0.01B,18.97%,$0.01B,$0.15B,7.64%,$0.01B,$0.11B,9.84%,$0.01B,$1.11B,0.98%,$0.02B,$0.16B,11.88%,$14,$1,$13,$0,$7,$9,$5,$-0,$5,$2,$3,$3,$3,$0,$0,$11,12,$0.27,$0.26,$70,$0,$0,$776,$16,$262,$32,$15,$329,$1105,$941,$15,$3,$18,$960,$73,$57,$3,$145,$1105,$6,$1,$0,$1,$0,$0,$-0,$0,$1,$7,$-0,$0,$0,$0,$20,$20,$-9,$11,$-1,$-18,$-19,$0,$0,$-2,$2,$-18,$0,$0,$-2
22,2013-03-31,7.13,$13.27,0.54,$5.06,1.41,$3.85,1.85,$0.88,8.1,$0.77B,$0.95B,0.81,$0.02B,$0.13B,0.12,$0.06B,$0.05B,89.66%,$0.06B,$0.02B,29.31%,$0.06B,0,0.00%,$0.06B,0,0.00%,$0.06B,$0.02B,27.59%,$0.06B,$0.01B,17.24%,$0.01B,$0.15B,6.88%,$0.01B,$0.11B,8.85%,$0.01B,$1.11B,0.89%,$0.02B,$0.16B,10.51%,$13,$1,$12,$0,$7,$9,$4,$-0,$4,$1,$3,$3,$2,$0,$0,$11,12,$0.21,$0.20,$76,$0,$0,$768,$16,$280,$32,$13,$344,$1112,$947,$16,$3,$19,$966,$73,$54,$6,$145,$1112,$3,$1,$0,$1,$-0,$0,$-0,$1,$1,$5,$-0,$0,$0,$0,$8,$8,$5,$12,$-1,$-16,$-16,$0,$0,$-1,$6,$-11,$6,$0,$-1
23,2012-12-31,6.48,$13.18,0.49,$5.37,1.21,$3.71,1.75,$0.90,7.19,$0.77B,$0.96B,0.8,$0.02B,$0.13B,0.12,$0.06B,$0.05B,88.52%,$0.06B,$0.02B,29.51%,$0.06B,0,0.00%,$0.06B,0,0.00%,$0.06B,$0.02B,26.23%,$0.06B,$0.01B,18.03%,$0.01B,$0.14B,7.55%,$0.01B,$0.11B,9.71%,$0.01B,$1.12B,0.97%,$0.02B,$0.16B,11.06%,$16,$1,$15,$0,$8,$10,$6,$-2,$5,$2,$3,$3,$3,$0,$0,$11,11,$0.26,$0.25,$70,$0,$0,$767,$16,$288,$33,$14,$354,$1121,$957,$16,$3,$19,$976,$73,$53,$7,$144,$1121,$10,$0,$5,$6,$-2,$0,$-0,$4,$1,$17,$-1,$0,$0,$0,$-3,$-3,$-10,$-14,$-12,$3,$-9,$0,$-9,$-3,$6,$-15,$-13,$0,$-2
24,2012-09-30,5.43,$13.03,0.42,$5.27,1.03,$3.49,1.55,$0.87,6.22,$0.76B,$0.97B,0.78,$0.02B,$0.13B,0.13,$0.06B,$0.05B,88.14%,$0.06B,$0.02B,27.12%,$0.06B,0,0.00%,$0.06B,0,0.00%,$0.06B,$0.02B,25.42%,$0.06B,$0.01B,16.95%,$0.01B,$0.14B,6.86%,$0.01B,$0.11B,8.85%,$0.01B,$1.13B,0.88%,$0.02B,$0.16B,9.65%,$15,$2,$13,$0,$9,$10,$4,$-0,$4,$1,$2,$2,$3,$0,$0,$11,11,$0.28,$0.27,$76,$0,$0,$761,$16,$305,$33,$17,$373,$1134,$971,$17,$3,$20,$991,$73,$51,$7,$142,$1134,$7,$-0,$3,$2,$0,$0,$-0,$4,$4,$14,$-1,$0,$0,$0,$-20,$-20,$-1,$-21,$-12,$1,$-10,$0,$-9,$-2,$21,$-0,$-7,$0,$-1
25,2012-06-30,4.31,$13.71,0.31,$5.35,0.81,$3.21,1.34,$0.74,5.81,$0.76B,$0.97B,0.79,$0.02B,$0.13B,0.13,$0.06B,$0.05B,88.14%,$0.06B,$0.02B,25.42%,$0.06B,0,0.00%,$0.06B,0,0.00%,$0.06B,$0.01B,23.73%,$0.06B,$0.01B,15.25%,$0.01B,$0.15B,6.16%,$0.01B,$0.12B,7.96%,$0.01B,$1.14B,0.79%,$0.02B,$0.17B,8.88%,$14,$2,$12,$0,$8,$10,$3,$-0,$3,$1,$2,$2,$2,$0,$0,$11,11,$0.17,$0.16,$97,$0,$0,$761,$16,$310,$33,$17,$379,$1140,$970,$17,$3,$20,$990,$72,$50,$6,$150,$1140,$5,$-0,$2,$1,$-0,$0,$-0,$4,$4,$10,$-1,$0,$0,$0,$-25,$-25,$20,$-5,$-11,$-3,$-15,$0,$0,$-1,$25,$10,$14,$0,$0
26,2012-03-31,4.54,$13.49,0.34,$5.50,0.83,$2.76,1.65,$0.65,7.01,$0.76B,$0.97B,0.78,$0.02B,$0.13B,0.14,$0.06B,$0.05B,88.33%,$0.06B,$0.01B,23.33%,$0.06B,0,0.00%,$0.06B,0,0.00%,$0.06B,$0.01B,21.67%,$0.06B,$0.01B,13.33%,$0.01B,$0.15B,5.58%,$0.01B,$0.11B,7.26%,$0.01B,$1.14B,0.70%,$0.01B,$0.17B,8.26%,$16,$2,$14,$0,$9,$11,$5,$-0,$4,$2,$3,$3,$3,$0,$0,$11,11,$0.23,$0.23,$91,$0,$0,$760,$16,$306,$33,$20,$379,$1138,$970,$18,$3,$20,$991,$72,$48,$6,$147,$1138,$3,$-1,$1,$-0,$-1,$0,$-0,$2,$1,$3,$-0,$0,$0,$0,$-22,$-22,$17,$-6,$-1,$-12,$-12,$0,$0,$-0,$23,$11,$9,$0,$0
27,2011-12-31,2.58,$13.20,0.2,$5.37,0.48,$2.83,0.91,$0.55,4.73,$0.77B,$0.95B,0.81,$0.03B,$0.12B,0.23,$0.06B,$0.05B,86.44%,$0.06B,$0.01B,20.34%,$0.06B,0,0.00%,$0.06B,0,0.00%,$0.06B,$0.01B,20.34%,$0.06B,$0.01B,10.17%,$0.01B,$0.14B,4.29%,$0.01B,$0.11B,5.62%,$0.01B,$1.12B,0.52%,$0.01B,$0.17B,7.09%,$14,$2,$13,$0,$9,$11,$4,$0,$4,$1,$3,$3,$2,$0,$0,$11,11,$0.22,$0.21,$83,$0,$0,$768,$16,$284,$33,$19,$357,$1124,$948,$28,$3,$31,$980,$72,$45,$5,$144,$1124,$7,$0,$7,$8,$2,$0,$-0,$-2,$-0,$14,$-1,$0,$0,$0,$-12,$-12,$31,$18,$-5,$-6,$-11,$0,$0,$-1,$-60,$-72,$-39,$0,$0
28,2011-09-30,2.91,$13.10,0.22,$5.47,0.53,$2.82,1.03,$0.53,5.49,$0.78B,$0.97B,0.81,$0.03B,$0.12B,0.24,$0.06B,$0.05B,83.61%,$0.06B,$0.01B,19.67%,$0.06B,0,0.00%,$0.06B,0,0.00%,$0.06B,$0.01B,19.67%,$0.06B,$0.01B,9.84%,$0.01B,$0.14B,4.39%,$0.01B,$0.11B,5.81%,$0.01B,$1.14B,0.52%,$0.01B,$0.17B,7.17%,$15,$2,$13,$0,$10,$12,$3,$-0,$3,$1,$2,$2,$2,$0,$0,$11,11,$0.14,$0.14,$97,$0,$0,$777,$16,$287,$33,$20,$363,$1140,$965,$29,$3,$31,$997,$72,$43,$6,$143,$1140,$5,$0,$3,$3,$1,$0,$-0,$1,$2,$10,$-1,$0,$0,$0,$-13,$-13,$33,$20,$-2,$-5,$-6,$0,$0,$-1,$-47,$-55,$-25,$0,$0
29,2011-06-30,4.2,$12.76,0.33,$5.43,0.77,$2.76,1.52,$0.55,7.59,$0.76B,$0.97B,0.79,$0.03B,$0.12B,0.25,$0.06B,$0.05B,81.97%,$0.06B,$0.01B,19.67%,$0.06B,0,0.00%,$0.06B,0,0.00%,$0.06B,$0.01B,19.67%,$0.06B,$0.01B,9.84%,$0.01B,$0.14B,4.46%,$0.01B,$0.11B,5.96%,$0.01B,$1.14B,0.51%,$0.01B,$0.17B,7.24%,$15,$2,$13,$0,$11,$13,$2,$-0,$2,$1,$1,$1,$1,$0,$0,$11,11,$0.07,$0.07,$63,$0,$0,$760,$16,$306,$34,$16,$380,$1140,$968,$29,$3,$32,$1001,$72,$42,$4,$139,$1140,$3,$-0,$2,$2,$0,$0,$-0,$-0,$0,$5,$-1,$0,$0,$0,$-36,$-36,$24,$-13,$0,$-6,$-6,$0,$0,$-1,$-45,$-51,$-59,$0,$0
30,2011-03-31,4.16,$12.27,0.34,$5.38,0.77,$2.91,1.43,$0.65,6.36,$0.82B,$1.02B,0.81,$0.03B,$0.11B,0.27,$0.06B,$0.05B,80.33%,$0.06B,$0.01B,21.31%,$0.06B,0,0.00%,$0.06B,0,0.00%,$0.06B,$0.01B,19.67%,$0.06B,$0.01B,11.48%,$0.01B,$0.13B,5.27%,$0.01B,$0.10B,7.04%,$0.01B,$1.19B,0.61%,$0.01B,$0.16B,7.98%,$15,$2,$12,$0,$10,$12,$3,$-0,$3,$1,$2,$2,$1,$0,$0,$11,11,$0.12,$0.12,$117,$0,$0,$824,$16,$289,$34,$14,$363,$1187,$1019,$30,$3,$33,$1053,$71,$41,$-0,$134,$1187,$2,$0,$1,$1,$1,$0,$-0,$0,$2,$4,$-0,$0,$0,$0,$-24,$-24,$13,$-10,$-1,$-10,$-10,$0,$0,$0,$11,$1,$-5,$0,$0
31,2010-12-31,3.75,$12.04,0.31,$5.42,0.69,$3.07,1.22,$0.71,5.32,$0.84B,$1.02B,0.83,$0.03B,$0.11B,0.3,$0.06B,$0.05B,81.97%,$0.06B,$0.01B,22.95%,$0.06B,0,0.00%,$0.06B,0,0.00%,$0.06B,$0.01B,19.67%,$0.06B,$0.01B,13.11%,$0.01B,$0.13B,6.07%,$0.01B,$0.10B,8.08%,$0.01B,$1.18B,0.71%,$0.01B,$0.16B,8.64%,$16,$2,$13,$0,$9,$12,$4,$0,$4,$1,$3,$3,$2,$0,$0,$11,11,$0.20,$0.21,$122,$0,$0,$844,$17,$264,$34,$15,$340,$1183,$1015,$33,$3,$36,$1052,$71,$40,$-1,$131,$1183,$9,$-1,$5,$4,$0,$0,$-0,$2,$2,$15,$-1,$0,$9,$0,$-22,$-22,$34,$20,$-0,$7,$7,$0,$0,$-3,$-2,$3,$38,$0,$-2
32,2010-09-30,3.61,$12.31,0.29,$6.05,0.6,$2.30,1.57,$0.95,3.78,$0.85B,$1.00B,0.85,$0.03B,$0.11B,0.28,$0.06B,$0.05B,82.81%,$0.06B,$0.02B,26.56%,$0.06B,0,0.00%,$0.06B,0,0.00%,$0.06B,$0.01B,21.88%,$0.06B,$0.01B,17.19%,$0.01B,$0.13B,8.38%,$0.01B,$0.10B,11.11%,$0.01B,$1.17B,0.99%,$0.02B,$0.17B,10.56%,$15,$2,$12,$0,$9,$12,$3,$0,$3,$1,$2,$2,$2,$0,$0,$11,11,$0.17,$0.16,$110,$0,$0,$849,$17,$248,$34,$16,$324,$1173,$1003,$31,$3,$34,$1038,$71,$37,$4,$134,$1173,$7,$-1,$2,$1,$-0,$0,$-0,$2,$2,$10,$-1,$0,$9,$0,$2,$2,$16,$27,$1,$2,$3,$0,$0,$-3,$-11,$-11,$25,$0,$-2
33,2010-06-30,4.62,$12.10,0.38,$5.91,0.78,$1.91,2.42,$0.96,4.81,$0.76B,$0.92B,0.84,$0.03B,$0.11B,0.23,$0.06B,$0.05B,83.05%,$0.06B,$0.02B,27.12%,$0.06B,0,0.00%,$0.06B,0,0.00%,$0.06B,$0.01B,22.03%,$0.06B,$0.01B,18.64%,$0.01B,$0.13B,9.11%,$0.01B,$0.10B,12.29%,$0.01B,$1.08B,1.10%,$0.02B,$0.16B,10.87%,$15,$2,$12,$0,$10,$12,$3,$-0,$2,$0,$2,$2,$2,$0,$0,$11,11,$0.18,$0.17,$79,$0,$0,$764,$15,$241,$31,$16,$312,$1077,$915,$26,$3,$29,$944,$71,$35,$3,$132,$1077,$5,$-1,$2,$1,$0,$0,$0,$0,$1,$6,$0,$0,$0,$0,$9,$9,$10,$19,$-5,$-3,$-8,$0,$0,$-2,$-20,$-31,$-5,$0,$-2
34,2010-03-31,4.99,$11.89,0.42,$5.78,0.86,$1.54,3.23,$0.95,5.28,$0.76B,$0.92B,0.82,$0.03B,$0.11B,0.28,$0.05B,$0.05B,83.33%,$0.05B,$0.02B,27.78%,$0.05B,0,0.00%,$0.05B,0,0.00%,$0.05B,$0.01B,24.07%,$0.05B,$0.01B,18.52%,$0.01B,$0.13B,9.07%,$0.01B,$0.10B,12.62%,$0.01B,$1.09B,1.09%,$0.02B,$0.16B,11.07%,$15,$3,$13,$0,$9,$11,$4,$-0,$3,$1,$2,$2,$2,$0,$0,$11,11,$0.18,$0.18,$76,$0,$0,$756,$15,$261,$31,$15,$332,$1088,$922,$30,$4,$34,$958,$71,$34,$2,$130,$1088,$2,$-0,$0,$-0,$0,$0,$0,$3,$3,$5,$0,$0,$0,$0,$-13,$-13,$17,$4,$-1,$-2,$-3,$0,$0,$-1,$-13,$-17,$-8,$0,$-1
35,2009-12-31,3.83,$11.78,0.32,$5.60,0.68,$1.39,2.74,$0.91,4.21,$0.78B,$0.94B,0.83,$0.03B,$0.11B,0.29,$0.05B,$0.04B,81.63%,$0.05B,$0.01B,26.53%,$0.05B,0,0.00%,$0.05B,0,0.00%,$0.05B,$0.01B,24.49%,$0.05B,$0.01B,18.37%,$0.01B,$0.13B,8.98%,$0.01B,$0.10B,12.90%,$0.01B,$1.10B,1.09%,$0.01B,$0.16B,10.53%,$19,$3,$16,$0,$10,$13,$7,$-1,$6,$1,$5,$5,$5,$0,$0,$9,9,$0.50,$0.50,$85,$0,$0,$781,$15,$248,$32,$15,$320,$1102,$938,$31,$3,$34,$973,$71,$33,$2,$129,$1102,$9,$1,$-1,$0,$1,$0,$-1,$-5,$-4,$5,$-1,$0,$13,$0,$1,$1,$16,$28,$-17,$-17,$-34,$0,$22,$-3,$26,$11,$45,$0,$-3
36,2009-09-30,3.74,$10.48,0.36,$4.88,0.76,$2.01,1.86,$0.68,5.52,$0.52B,$0.62B,0.84,$0.02B,$0.09B,0.2,$0.04B,$0.03B,78.05%,$0.04B,$0.01B,21.95%,$0.04B,0,0.00%,$0.04B,0,0.00%,$0.04B,$0.01B,21.95%,$0.04B,$0.01B,14.63%,$0.01B,$0.09B,6.65%,$0.01B,$0.06B,9.96%,$0.01B,$0.74B,0.82%,$0.01B,$0.11B,8.05%,$10,$2,$8,$0,$6,$8,$2,$-0,$2,$1,$2,$2,$2,$0,$0,$9,9,$0.17,$0.17,$53,$0,$0,$517,$11,$176,$30,$2,$219,$736,$617,$19,$8,$26,$644,$2,$29,$2,$92,$736,$4,$1,$1,$2,$-1,$0,$-0,$-0,$-2,$4,$-1,$0,$0,$0,$9,$9,$-6,$2,$-2,$-9,$-11,$0,$0,$-2,$15,$2,$9,$0,$-2
37,2009-06-30,3.49,$10.25,0.34,$5.02,0.7,$2.34,1.49,$0.73,4.8,$0.50B,$0.61B,0.82,$0.02B,$0.09B,0.23,$0.04B,$0.03B,76.74%,$0.04B,$0.01B,23.26%,$0.04B,0,0.00%,$0.04B,0,0.00%,$0.04B,$0.01B,23.26%,$0.04B,$0.01B,13.95%,$0.01B,$0.09B,6.76%,$0.01B,$0.06B,10.21%,$0.01B,$0.73B,0.82%,$0.01B,$0.11B,9.03%,$10,$2,$8,$0,$6,$8,$2,$-0,$2,$1,$1,$1,$1,$0,$0,$9,9,$0.15,$0.15,$38,$0,$0,$502,$11,$185,$30,$1,$228,$729,$614,$21,$3,$24,$639,$2,$29,$1,$90,$729,$3,$1,$0,$1,$-2,$0,$-0,$1,$-1,$2,$-1,$0,$0,$0,$-6,$-6,$5,$-2,$-1,$-8,$-9,$0,$0,$-1,$13,$3,$3,$0,$-1
38,2009-03-31,2.93,$10.24,0.29,$5.16,0.57,$2.56,1.14,$0.81,3.63,$0.53B,$0.62B,0.86,$0.02B,$0.09B,0.24,$0.04B,$0.03B,75.00%,$0.04B,$0.01B,25.00%,$0.04B,0,0.00%,$0.04B,0,0.00%,$0.04B,$0.01B,25.00%,$0.04B,$0.01B,15.91%,$0.01B,$0.09B,8.02%,$0.01B,$0.06B,12.23%,$0.01B,$0.73B,0.96%,$0.01B,$0.11B,10.07%,$10,$3,$8,$0,$6,$8,$2,$-0,$2,$1,$1,$1,$1,$0,$0,$9,9,$0.14,$0.14,$70,$0,$0,$532,$12,$159,$30,$2,$203,$734,$618,$22,$3,$25,$644,$2,$28,$2,$90,$734,$1,$0,$0,$1,$2,$0,$-0,$0,$2,$4,$-0,$0,$0,$0,$20,$20,$-24,$-4,$-0,$-6,$-7,$0,$0,$-1,$16,$8,$8,$0,$-1
39,2008-12-31,3.73,$10.17,0.37,$5.30,0.7,$2.23,1.67,$0.92,4.07,$0.50B,$0.61B,0.83,$0.02B,$0.09B,0.26,$0.04B,$0.03B,74.42%,$0.04B,$0.01B,27.91%,$0.04B,0,0.00%,$0.04B,0,0.00%,$0.04B,$0.01B,27.91%,$0.04B,$0.01B,18.60%,$0.01B,$0.09B,9.73%,$0.01B,$0.06B,14.35%,$0.01B,$0.72B,1.16%,$0.01B,$0.11B,11.76%,$11,$3,$8,$0,$5,$8,$3,$-0,$3,$1,$2,$2,$2,$0,$0,$8,8,$0.21,$0.21,$38,$0,$0,$502,$11,$180,$30,$2,$223,$724,$608,$23,$3,$26,$635,$60,$27,$2,$89,$724,$8,$1,$1,$2,$1,$0,$-0,$-0,$0,$10,$-1,$0,$-9,$0,$-8,$-8,$-24,$-42,$7,$9,$16,$0,$0,$-3,$-8,$5,$-27,$0,$-3
40,2008-09-30,5.1,$9.83,0.52,$5.32,0.96,$2.48,2.06,$0.94,5.43,$0.51B,$0.62B,0.83,$0.02B,$0.09B,0.24,$0.04B,$0.03B,73.81%,$0.04B,$0.01B,26.19%,$0.04B,0,0.00%,$0.04B,0,0.00%,$0.04B,$0.01B,28.57%,$0.04B,$0.01B,19.05%,$0.01B,$0.09B,10.42%,$0.01B,$0.06B,14.81%,$0.01B,$0.73B,1.24%,$0.01B,$0.11B,11.70%,$12,$3,$9,$0,$6,$9,$3,$-0,$3,$1,$2,$2,$2,$0,$0,$9,9,$0.22,$0.22,$54,$0,$0,$514,$11,$174,$30,$3,$218,$732,$621,$21,$3,$23,$646,$2,$26,$-0,$86,$732,$6,$1,$0,$1,$1,$0,$-0,$1,$1,$8,$-1,$0,$-9,$0,$-5,$-5,$-9,$-24,$7,$11,$18,$0,$0,$-2,$-0,$16,$-0,$0,$-2
41,2008-06-30,5.49,$9.57,0.57,$5.35,1.03,$2.28,2.41,$0.97,5.64,$0.51B,$0.62B,0.82,$0.02B,$0.08B,0.25,$0.04B,$0.03B,72.50%,$0.04B,$0.01B,27.50%,$0.04B,0,0.00%,$0.04B,0,0.00%,$0.04B,$0.01B,30.00%,$0.04B,$0.01B,20.00%,$0.01B,$0.08B,11.19%,$0.01B,$0.05B,15.24%,$0.01B,$0.73B,1.34%,$0.01B,$0.11B,12.64%,$11,$3,$8,$0,$5,$8,$3,$-0,$3,$1,$2,$2,$2,$0,$0,$8,8,$0.23,$0.23,$60,$0,$0,$510,$11,$179,$30,$3,$224,$734,$624,$21,$4,$25,$650,$2,$25,$-1,$84,$734,$4,$0,$-0,$0,$-1,$0,$-0,$1,$0,$4,$-1,$0,$-9,$0,$-12,$-12,$-1,$-22,$8,$11,$19,$0,$0,$-1,$2,$20,$2,$0,$-1
42,2008-03-31,5.99,$9.69,0.62,$5.38,1.11,$2.23,2.69,$0.99,6.06,$0.39B,$0.48B,0.82,$0.01B,$0.07B,0.18,$0.04B,$0.03B,71.79%,$0.04B,$0.01B,28.21%,$0.04B,0,0.00%,$0.04B,0,0.00%,$0.04B,$0.01B,30.77%,$0.04B,$0.01B,20.51%,$0.01B,$0.07B,12.08%,$0.01B,$0.05B,15.76%,$0.01B,$0.56B,1.45%,$0.01B,$0.08B,13.75%,$9,$3,$7,$0,$4,$7,$3,$-0,$3,$1,$2,$2,$2,$0,$0,$7,7,$0.25,$0.25,$57,$0,$0,$393,$6,$148,$16,$1,$171,$564,$477,$13,$3,$16,$494,$1,$24,$1,$70,$564,$2,$0,$-0,$0,$-2,$0,$-0,$0,$-1,$0,$-0,$0,$0,$0,$-22,$-22,$5,$-17,$-1,$0,$-1,$0,$0,$-1,$15,$14,$-3,$0,$-1
43,2007-12-31,6.49,$9.36,0.69,$5.43,1.2,$2.45,2.65,$0.99,6.56,$0.40B,$0.46B,0.86,$0.01B,$0.07B,0.2,$0.04B,$0.03B,70.00%,$0.04B,$0.01B,27.50%,$0.04B,0,0.00%,$0.04B,0,0.00%,$0.04B,$0.01B,30.00%,$0.04B,$0.01B,20.00%,$0.01B,$0.07B,12.40%,$0.01B,$0.05B,16.33%,$0.01B,$0.55B,1.46%,$0.01B,$0.08B,13.92%,$10,$3,$7,$0,$5,$8,$2,$-0,$3,$1,$2,$2,$2,$0,$0,$7,7,$0.24,$0.24,$54,$0,$0,$399,$6,$128,$16,$1,$150,$549,$462,$13,$6,$19,$482,$1,$22,$0,$67,$549,$7,$1,$1,$1,$0,$0,$0,$1,$1,$9,$0,$0,$0,$0,$2,$-5,$-3,$-5,$-7,$-5,$-2,$0,$0,$-2,$20,$1,$5,$0,$-2
44,2007-09-30,7.45,$0.00,0.0,$5.44,1.37,$1.84,4.05,$0.98,7.59,$0.39B,$0.47B,0.85,$0.01B,$0.07B,0.21,$0.04B,$0.03B,70.00%,$0.04B,$0.01B,27.50%,$0.04B,0,0.00%,$0.04B,0,0.00%,$0.04B,$0.01B,30.00%,$0.04B,$0.01B,20.00%,$0.01B,$0.07B,12.70%,$0.01B,$0.05B,16.93%,$0.01B,$0.55B,1.47%,$0.01B,$0.08B,13.92%,$10,$3,$7,$0,$4,$7,$3,$0,$3,$1,$2,$2,$2,$0,$0,$7,7,$0.26,$0.25,$50,$0,$0,$394,$0,$131,$16,$0,$147,$547,$465,$14,$3,$16,$482,$1,$21,$0,$65,$547,$5,$1,$-0,$1,$-3,$0,$0,$1,$-2,$4,$-0,$0,$0,$0,$0,$0,$-10,$-10,$-7,$0,$-6,$0,$0,$-2,$12,$4,$-2,$0,$-2
45,2007-06-30,8.13,$0.00,0.0,$5.38,1.51,$2.04,3.99,$0.93,8.73,$0.39B,$0.47B,0.84,$0.01B,$0.06B,0.22,$0.04B,$0.03B,71.79%,$0.04B,$0.01B,25.64%,$0.04B,0,0.00%,$0.04B,0,0.00%,$0.04B,$0.01B,28.21%,$0.04B,$0.01B,17.95%,$0.01B,$0.06B,11.38%,$0.01B,$0.05B,15.30%,$0.01B,$0.55B,1.29%,$0.01B,$0.08B,12.86%,$10,$3,$7,$0,$4,$7,$3,$-0,$3,$1,$2,$2,$2,$0,$0,$7,7,$0.25,$0.25,$53,$0,$0,$393,$0,$130,$16,$1,$147,$547,$469,$14,$1,$15,$484,$1,$20,$0,$63,$547,$4,$0,$-0,$0,$-2,$0,$0,$1,$-1,$3,$-0,$0,$0,$0,$-3,$-3,$-9,$-12,$-6,$1,$-5,$0,$0,$-1,$15,$9,$-1,$0,$-1
46,2007-03-31,8.08,$0.00,0.0,$5.38,1.5,$2.14,3.77,$0.96,8.42,$0.40B,$0.47B,0.85,$0.02B,$0.06B,0.26,$0.04B,$0.03B,71.79%,$0.04B,$0.01B,25.64%,$0.04B,0,0.00%,$0.04B,0,0.00%,$0.04B,$0.01B,28.21%,$0.04B,$0.01B,17.95%,$0.01B,$0.06B,11.67%,$0.01B,$0.05B,15.82%,$0.01B,$0.55B,1.30%,$0.01B,$0.08B,12.74%,$10,$3,$7,$0,$4,$7,$3,$-0,$3,$1,$2,$2,$2,$0,$0,$7,7,$0.25,$0.25,$63,$0,$0,$400,$0,$126,$16,$1,$142,$550,$470,$16,$1,$17,$487,$1,$19,$0,$63,$550,$2,$0,$0,$0,$-0,$0,$-0,$-0,$-0,$2,$-0,$0,$0,$0,$2,$2,$-17,$-16,$-4,$1,$-3,$0,$0,$-1,$16,$13,$-1,$0,$-1
47,2006-12-31,6.95,$8.47,0.82,$5.23,1.33,$2.00,3.47,$0.90,7.7,$0.75B,$0.91B,0.83,$0.02B,$0.06B,0.32,$0.04B,$0.03B,71.05%,$0.04B,$0.01B,23.68%,$0.04B,0,0.00%,$0.04B,0,0.00%,$0.04B,$0.01B,26.32%,$0.04B,$0.01B,15.79%,$0.01B,$0.06B,10.34%,$0.01B,$0.05B,14.20%,$0.01B,$0.54B,1.12%,$0.01B,$0.08B,11.46%,$10,$3,$7,$0,$4,$7,$2,$0,$3,$1,$2,$2,$2,$0,$0,$7,7,$0.23,$0.23,$72,$0,$0,$751,$7,$130,$16,$2,$154,$535,$906,$20,$1,$21,$474,$1,$17,$-1,$61,$535,$7,$1,$-0,$1,$-1,$0,$0,$-1,$-1,$5,$-0,$0,$0,$0,$17,$-8,$-13,$-6,$11,$4,$-5,$0,$0,$-1,$6,$1,$1,$0,$-1
