,Date,Stock Price,Book Value per Share,Price to Book Ratio,TTM Sales per Share,Price to Sales Ratio,TTM FCF per Share,Price to FCF Ratio,TTM Net EPS,PE Ratio,Current Assets,Current Liabilities,Current Ratio,Long Term Debt,Shareholder's Equity_x,Debt to Equity Ratio,TTM Revenue_x,TTM Gross Profit,Gross Margin,TTM Revenue_y,TTM Operating Income,Operating Margin,TTM Revenue_x,TTM EBIT,EBIT Margin,TTM Revenue_y,TTM EBITDA,EBITDA Margin,TTM Revenue_x,TTM Pre-Tax Income,Pre-Tax Margin,TTM Revenue_y,TTM Net Income_x,Net Margin,TTM Net Income_y,Shareholder's Equity_y,Return on Equity,TTM Net Income_x,Tangible Equity,Return on Tangible Equity,TTM Net Income_y,Total Assets,Return on Assets,TTM Net Income,LT Investments & Debt,Return on Investment,revenue,cost-goods-sold,gross-profit,research-development-expenses,selling-general-administrative-expenses,operating-expenses,operating-income,total-non-operating-income-expense,pre-tax-income,total-provision-income-taxes,income-after-taxes,income-from-continuous-operations,net-income,ebitda,ebit,basic-shares-outstanding,shares-outstanding,eps-basic-net-earnings-per-share,eps-earnings-per-share-diluted,cash-on-hand,inventory,other-current-assets,total-current-assets,net-property-plant-equipment,long-term-investments,goodwill-intangible-assets-total,other-long-term-assets,total-long-term-assets,total-assets,total-current-liabilities,long-term-debt,other-non-current-liabilities,total-long-term-liabilities,total-liabilities,common-stock-net,retained-earnings-accumulated-deficit,comprehensive-income,total-share-holder-equity,total-liabilities-share-holders-equity,net-income-loss,total-depreciation-amortization-cash-flow,other-non-cash-items,total-non-cash-items,change-in-accounts-receivable,change-in-inventories,change-in-accounts-payable,change-in-assets-liabilities,total-change-in-assets-liabilities,cash-flow-from-operating-activities,net-change-in-property-plant-equipment,net-change-in-intangible-assets,net-acquisitions-divestitures,net-change-in-short-term-investments,net-change-in-long-term-investments,net-change-in-investments-total,investing-activities-other,cash-flow-from-investing-activities,net-long-term-debt,net-current-debt,debt-issuance-retirement-net-total,net-common-equity-issued-repurchased,net-total-equity-issued-repurchased,total-common-preferred-stock-dividends-paid,financial-activities-other,cash-flow-from-financial-activities,net-cash-flow,stock-based-compensation,common-stock-dividends-paid
0,2018-09-30,58.59,$41.50,1.41,$47.19,1.24,$34.35,1.71,$7.40,7.92,$4.44B,$75.52B,0.06,$3.25B,$11.77B,0.28,$13.71B,$6.03B,43.97%,$13.71B,$1.86B,13.54%,$13.71B,$1.86B,13.54%,$13.71B,$2.28B,16.64%,$13.71B,$1.86B,13.54%,$13.71B,$2.15B,15.70%,$2.15B,$11.77B,17.69%,$2.15B,$9.29B,22.16%,$2.15B,$258.76B,0.85%,$1.86B,$15.01B,12.07%,$4348,$2674,$1674,$0,$0,$3779,$569,$0,$569,$109,$460,$460,$456,$642,$569,$285,288,$1.60,$1.59,$2927,$0,$0,$4441,$771,$84668,$2483,$162724,$254317,$258758,$75517,$3246,$167138,$171473,$246990,$5,$10208,$-1348,$11769,$258758,$1322,$312,$-314,$-2,$-34,$0,$2459,$13,$2438,$3714,$-73,$0,$-175,$0,$-4168,$-4168,$8,$-4409,$1879,$159,$2038,$-439,$-439,$-447,$-1,$1151,$456,$60,$-447
1,2018-06-30,52.95,$41.13,1.29,$47.87,1.11,$33.63,1.57,$8.57,6.18,$3.80B,$73.43B,0.05,$3.22B,$11.71B,0.28,$13.99B,$6.44B,46.07%,$13.99B,$2.45B,17.48%,$13.99B,$2.45B,17.48%,$13.99B,$2.91B,20.83%,$13.99B,$2.45B,17.48%,$13.99B,$2.51B,17.92%,$2.51B,$11.71B,20.48%,$2.51B,$9.25B,25.54%,$2.51B,$252.10B,0.99%,$2.45B,$14.93B,15.85%,$3235,$1729,$1506,$0,$0,$2720,$515,$0,$515,$56,$460,$460,$457,$631,$515,$286,289,$1.59,$1.58,$2342,$0,$0,$3798,$763,$83033,$2459,$158478,$248306,$252104,$73434,$3220,$162697,$166964,$240398,$5,$9904,$-1138,$11707,$252104,$862,$239,$-359,$-120,$26,$0,$921,$-27,$920,$1638,$-44,$0,$-114,$0,$-2183,$-2183,$-1,$-2342,$1090,$154,$1243,$-375,$-375,$-296,$2,$575,$-129,$41,$-296
2,2018-03-31,60.35,$42.60,1.42,$47.54,1.27,$34.01,1.77,$8.05,7.5,$3.97B,$72.52B,0.06,$3.20B,$12.26B,0.26,$13.93B,$6.23B,44.74%,$13.93B,$2.30B,16.48%,$13.93B,$2.30B,16.48%,$13.93B,$2.75B,19.74%,$13.93B,$2.30B,16.48%,$13.93B,$2.36B,16.94%,$2.36B,$12.26B,19.46%,$2.36B,$9.77B,24.26%,$2.36B,$253.64B,0.95%,$2.30B,$15.45B,15.02%,$2884,$1442,$1442,$0,$0,$2427,$457,$0,$457,$55,$403,$403,$397,$581,$457,$289,293,$1.37,$1.36,$2336,$0,$0,$3974,$775,$82589,$2489,$160341,$249662,$253637,$72520,$3197,$164610,$168861,$241381,$5,$9598,$-469,$12256,$253637,$403,$124,$-166,$-43,$-57,$0,$300,$144,$387,$747,$-26,$0,$-72,$0,$-814,$-814,$-68,$-980,$246,$162,$408,$-167,$-167,$-147,$5,$98,$-135,$22,$-147
3,2017-12-31,69.34,$44.71,1.55,$48.12,1.44,$33.18,2.09,$7.88,8.8,$3.94B,$72.06B,0.06,$3.18B,$12.92B,0.25,$14.09B,$6.15B,43.61%,$14.09B,$2.25B,15.99%,$14.09B,$2.25B,15.99%,$14.09B,$2.68B,19.04%,$14.09B,$2.25B,15.99%,$14.09B,$2.31B,16.40%,$2.31B,$12.92B,19.70%,$2.31B,$10.54B,24.68%,$2.31B,$253.94B,0.95%,$2.25B,$16.10B,15.14%,$3238,$1834,$1404,$0,$0,$2923,$315,$0,$315,$-528,$843,$843,$842,$427,$315,$289,293,$2.92,$2.87,$2471,$0,$0,$3941,$760,$82713,$2384,$160604,$250001,$253941,$72064,$3178,$164567,$168956,$241019,$5,$9483,$166,$12922,$253941,$2325,$430,$-1539,$-1109,$-114,$0,$3297,$-227,$2956,$4188,$-165,$0,$281,$0,$-4099,$-4099,$-71,$-4053,$109,$121,$230,$-71,$-71,$-540,$-3,$-384,$-249,$83,$-540
4,2017-09-30,62.79,$41.83,1.5,$49.08,1.28,$32.11,1.96,$6.10,10.29,$4.31B,$71.32B,0.06,$3.18B,$12.07B,0.26,$14.37B,$6.11B,42.52%,$14.37B,$2.32B,16.14%,$14.37B,$2.32B,16.14%,$14.37B,$2.71B,18.83%,$14.37B,$2.32B,16.14%,$14.37B,$1.79B,12.44%,$1.79B,$12.07B,16.14%,$1.79B,$9.70B,20.50%,$1.79B,$247.93B,0.75%,$2.32B,$15.24B,16.32%,$4628,$2537,$2091,$0,$0,$3470,$1158,$0,$1158,$345,$813,$813,$810,$1274,$1158,$289,293,$2.80,$2.76,$2795,$0,$0,$4312,$755,$81838,$2370,$155178,$243622,$247934,$71323,$3175,$159670,$164544,$235866,$5,$8785,$47,$12067,$247934,$1482,$319,$-479,$-160,$-158,$0,$2694,$-242,$2293,$3629,$-133,$0,$344,$0,$-3576,$-3576,$49,$-3318,$166,$85,$250,$-88,$-88,$-399,$1,$-236,$75,$62,$-399
5,2017-06-30,62.06,$38.94,1.59,$42.96,1.44,$29.85,2.08,$4.40,14.1,$3.39B,$69.69B,0.05,$3.13B,$11.24B,0.28,$12.56B,$5.31B,42.26%,$12.56B,$1.53B,12.20%,$12.56B,$1.53B,12.20%,$12.56B,$1.94B,15.46%,$12.56B,$1.53B,12.20%,$12.56B,$1.29B,10.23%,$1.29B,$11.24B,11.93%,$1.29B,$8.89B,15.27%,$1.29B,$240.15B,0.55%,$1.53B,$14.37B,10.99%,$3178,$1884,$1294,$0,$0,$2813,$366,$0,$366,$51,$315,$315,$310,$468,$366,$289,293,$1.07,$1.06,$2006,$0,$0,$3388,$750,$79656,$2345,$150563,$236766,$240154,$69687,$3127,$154709,$159229,$228916,$5,$8112,$-116,$11238,$240154,$668,$202,$-11,$191,$-14,$0,$1305,$-305,$985,$1829,$-104,$0,$-50,$0,$-2284,$-2284,$-66,$-2504,$287,$-10,$277,$-56,$-56,$-263,$4,$-38,$-713,$44,$-263
6,2017-03-31,60.69,$37.09,1.64,$42.44,1.43,$30.97,1.96,$4.44,13.67,$2.98B,$68.75B,0.04,$3.13B,$10.69B,0.29,$12.41B,$5.34B,43.06%,$12.41B,$1.57B,12.62%,$12.41B,$1.57B,12.62%,$12.41B,$1.99B,16.06%,$12.41B,$1.57B,12.62%,$12.41B,$1.30B,10.45%,$1.30B,$10.69B,12.23%,$1.30B,$8.33B,15.75%,$1.30B,$235.50B,0.57%,$1.57B,$13.81B,11.35%,$3049,$1692,$1357,$0,$0,$2635,$414,$0,$414,$60,$354,$354,$349,$514,$414,$288,292,$1.21,$1.19,$1535,$0,$0,$2982,$719,$78437,$2356,$147572,$232514,$235496,$68747,$3126,$151780,$156064,$224811,$5,$7937,$-455,$10685,$235496,$354,$100,$-10,$90,$-44,$0,$430,$-287,$99,$523,$-44,$0,$-44,$0,$-1657,$-1657,$-87,$-1831,$304,$14,$319,$-72,$-72,$-130,$6,$123,$-1185,$22,$-130
7,2016-12-31,55.25,$35.78,1.54,$42.33,1.31,$32.22,1.71,$4.50,12.28,$4.08B,$67.90B,0.06,$3.13B,$10.29B,0.3,$12.40B,$5.32B,42.95%,$12.40B,$1.59B,12.84%,$12.40B,$1.59B,12.84%,$12.40B,$2.06B,16.64%,$12.40B,$1.59B,12.84%,$12.40B,$1.32B,10.62%,$1.32B,$10.29B,12.58%,$1.32B,$7.95B,16.30%,$1.32B,$228.01B,0.59%,$1.59B,$13.42B,11.62%,$3514,$2147,$1367,$0,$0,$3133,$381,$0,$381,$43,$338,$338,$318,$449,$381,$289,293,$1.11,$1.09,$2720,$0,$0,$4082,$699,$76416,$2346,$141091,$223933,$228014,$67896,$3126,$145616,$149824,$217721,$5,$7720,$-675,$10294,$228014,$1362,$472,$-142,$330,$99,$0,$2140,$-1,$2238,$3858,$-155,$0,$-74,$0,$-4951,$-4951,$26,$-5154,$2148,$-2,$2145,$-242,$-242,$-465,$12,$1451,$155,$84,$-465
8,2016-09-30,48.82,$37.76,1.29,$39.75,1.23,$33.80,1.44,$4.27,11.43,$3.60B,$67.23B,0.05,$3.28B,$10.86B,0.3,$11.69B,$5.19B,44.38%,$11.69B,$1.52B,13.00%,$11.69B,$1.52B,13.00%,$11.69B,$2.01B,17.23%,$11.69B,$1.52B,13.00%,$11.69B,$1.25B,10.71%,$1.25B,$10.86B,12.24%,$1.25B,$8.48B,15.97%,$1.25B,$230.37B,0.56%,$1.52B,$14.14B,11.26%,$2818,$1528,$1290,$0,$0,$2447,$371,$0,$371,$43,$327,$327,$308,$510,$371,$288,291,$1.07,$1.06,$2218,$0,$0,$3601,$675,$78372,$2381,$142164,$226767,$230368,$67234,$3278,$147560,$152270,$219504,$5,$7528,$92,$10864,$230368,$1024,$404,$-426,$-22,$69,$0,$1594,$0,$1663,$2927,$-109,$0,$-55,$0,$-4291,$-4291,$-42,$-4498,$1851,$-74,$1777,$-220,$-220,$-341,$7,$1224,$-347,$59,$-341
9,2016-06-30,38.64,$36.69,1.05,$40.94,0.94,$34.94,1.11,$4.22,9.16,$3.76B,$66.69B,0.06,$3.27B,$10.57B,0.31,$12.11B,$5.23B,43.17%,$12.11B,$1.52B,12.53%,$12.11B,$1.52B,12.53%,$12.11B,$2.06B,17.02%,$12.11B,$1.52B,12.53%,$12.11B,$1.24B,10.27%,$1.24B,$10.57B,12.52%,$1.24B,$8.17B,16.50%,$1.24B,$223.07B,0.57%,$1.52B,$13.84B,11.49%,$3026,$1698,$1328,$0,$0,$2626,$400,$0,$400,$73,$327,$327,$322,$519,$400,$290,293,$1.11,$1.10,$2255,$0,$0,$3760,$668,$77250,$2396,$135826,$219314,$223074,$66691,$3270,$140963,$145815,$212507,$5,$7340,$-19,$10568,$223074,$696,$265,$-280,$-15,$58,$0,$1314,$0,$1372,$2126,$-75,$0,$-39,$0,$-3539,$-3539,$-21,$-3674,$1768,$-110,$1658,$-201,$-201,$-223,$5,$1239,$-309,$40,$-223
10,2016-03-31,36.76,$34.81,1.06,$41.52,0.89,$34.80,1.06,$3.93,9.35,$3.45B,$64.57B,0.05,$3.27B,$10.11B,0.32,$12.34B,$5.06B,41.02%,$12.34B,$1.41B,11.44%,$12.34B,$1.41B,11.44%,$12.34B,$1.92B,15.54%,$12.34B,$1.41B,11.45%,$12.34B,$1.16B,9.42%,$1.16B,$10.11B,11.95%,$1.16B,$7.70B,15.76%,$1.16B,$217.57B,0.53%,$1.41B,$13.38B,10.85%,$3037,$1697,$1339,$0,$0,$2597,$440,$0,$440,$71,$369,$369,$368,$585,$440,$292,294,$1.26,$1.25,$2143,$0,$0,$3452,$657,$74388,$2409,$133445,$214118,$217570,$64572,$3269,$138298,$142888,$207460,$5,$7132,$-356,$10110,$217570,$369,$145,$-220,$-74,$124,$0,$617,$0,$741,$896,$-44,$0,$-30,$0,$-1734,$-1734,$-46,$-1853,$792,$-56,$736,$-98,$-98,$-110,$8,$536,$-422,$22,$-110
11,2015-12-31,41.51,$32.18,1.29,$40.10,1.04,$33.91,1.22,$4.07,10.2,$3.99B,$62.56B,0.06,$3.27B,$9.38B,0.35,$11.96B,$5.10B,42.66%,$11.96B,$1.43B,11.95%,$11.96B,$1.43B,11.95%,$11.96B,$1.89B,15.83%,$11.96B,$1.43B,11.96%,$11.96B,$1.21B,10.11%,$1.21B,$9.38B,12.30%,$1.21B,$7.01B,16.10%,$1.21B,$218.66B,0.55%,$1.43B,$12.64B,11.06%,$2807,$1577,$1230,$0,$0,$2498,$309,$0,$309,$51,$258,$258,$254,$400,$309,$294,298,$0.86,$0.85,$2565,$0,$0,$3994,$634,$70366,$2368,$138022,$214666,$218660,$62559,$3265,$142657,$146724,$209283,$5,$6876,$-883,$9377,$218660,$1253,$464,$-455,$8,$-212,$0,$3284,$146,$3218,$4377,$-136,$0,$-404,$0,$-2319,$-2319,$-308,$-3168,$496,$248,$744,$-247,$-797,$-458,$2,$-509,$701,$85,$-441
12,2015-09-30,43.34,$33.00,1.31,$40.42,1.07,$29.62,1.46,$4.12,10.52,$3.92B,$61.68B,0.06,$3.29B,$9.69B,0.34,$12.07B,$5.12B,42.42%,$12.07B,$1.44B,11.92%,$12.07B,$1.44B,11.92%,$12.07B,$1.94B,16.10%,$12.07B,$1.44B,11.93%,$12.07B,$1.23B,10.16%,$1.23B,$9.69B,12.21%,$1.23B,$7.28B,15.86%,$1.23B,$215.37B,0.56%,$1.44B,$12.97B,11.10%,$3241,$1910,$1331,$0,$0,$2872,$369,$0,$369,$68,$301,$301,$300,$557,$369,$295,299,$1.02,$1.01,$2514,$0,$0,$3916,$612,$70132,$2404,$135157,$211450,$215365,$61678,$3286,$139742,$144002,$205680,$5,$6735,$-524,$9686,$215365,$995,$373,$-526,$-153,$-165,$0,$2660,$0,$2495,$3323,$-96,$0,$-550,$0,$-1104,$-1104,$-17,$-1767,$-97,$222,$125,$-139,$-689,$-347,$5,$-906,$650,$67,$-330
13,2015-06-30,46.59,$33.13,1.41,$37.89,1.23,$25.78,1.81,$3.88,12.01,$3.55B,$59.83B,0.06,$3.32B,$9.76B,0.34,$11.31B,$5.11B,45.22%,$11.31B,$1.46B,12.94%,$11.31B,$1.46B,12.94%,$11.31B,$1.96B,17.33%,$11.31B,$1.46B,12.95%,$11.31B,$1.16B,10.22%,$1.16B,$9.76B,11.32%,$1.16B,$7.52B,14.63%,$1.16B,$222.27B,0.53%,$1.46B,$13.08B,11.31%,$3259,$2096,$1164,$0,$0,$2965,$295,$0,$295,$30,$265,$265,$241,$376,$295,$295,298,$0.82,$0.81,$2264,$0,$0,$3547,$602,$68675,$2240,$144045,$218724,$222271,$59828,$3316,$148457,$152680,$212508,$5,$6548,$-327,$9763,$222271,$694,$185,$-172,$13,$-48,$0,$1546,$0,$1498,$2117,$-67,$0,$-204,$0,$-491,$-491,$-175,$-937,$47,$8,$55,$-57,$-607,$-235,$7,$-780,$401,$50,$-218
14,2015-03-31,46.33,$35.64,1.3,$35.71,1.3,$23.22,2.0,$4.10,11.3,$2.68B,$59.43B,0.05,$2.52B,$10.49B,0.24,$10.66B,$5.24B,49.20%,$10.66B,$1.58B,14.80%,$10.66B,$1.58B,14.80%,$10.66B,$2.10B,19.72%,$10.66B,$1.58B,14.80%,$10.66B,$1.22B,11.46%,$1.22B,$10.49B,11.75%,$1.22B,$8.22B,15.24%,$1.22B,$222.50B,0.56%,$1.58B,$13.01B,12.21%,$2657,$1278,$1379,$0,$0,$2199,$458,$0,$458,$29,$429,$429,$414,$561,$458,$295,299,$1.41,$1.39,$1452,$0,$0,$2682,$607,$69394,$2272,$144519,$219813,$222495,$59431,$2515,$149012,$152572,$212003,$5,$6420,$28,$10492,$222495,$429,$103,$-204,$-101,$12,$0,$314,$0,$326,$631,$-33,$0,$-88,$0,$-61,$-61,$-48,$-230,$-630,$-14,$-644,$-66,$-66,$-115,$11,$-813,$-412,$32,$-106
15,2014-12-31,46.51,$34.81,1.34,$35.08,1.33,$23.02,2.02,$3.66,12.71,$3.08B,$59.60B,0.05,$2.53B,$10.23B,0.25,$10.48B,$5.07B,48.38%,$10.48B,$1.50B,14.27%,$10.48B,$1.50B,14.27%,$10.48B,$2.03B,19.39%,$10.48B,$1.50B,14.27%,$10.48B,$1.09B,10.41%,$1.09B,$10.23B,10.61%,$1.09B,$7.90B,13.90%,$1.09B,$219.09B,0.50%,$1.50B,$12.76B,11.67%,$2908,$1664,$1244,$0,$0,$2591,$317,$0,$317,$37,$280,$280,$271,$448,$317,$295,299,$0.92,$0.90,$1864,$0,$0,$3077,$590,$68940,$2331,$141156,$216010,$219087,$59604,$2531,$145615,$149251,$208855,$5,$6114,$50,$10232,$219087,$1176,$537,$-82,$455,$27,$0,$1634,$0,$1661,$3103,$-136,$0,$-282,$0,$-673,$-673,$-82,$-1173,$-1566,$-88,$-1653,$-372,$-372,$-410,$-3,$-2438,$-508,$75,$-377
16,2014-09-30,46.68,$35.32,1.32,$34.31,1.36,$20.34,2.3,$3.53,13.22,$2.46B,$59.02B,0.04,$2.53B,$10.37B,0.24,$10.24B,$5.06B,49.36%,$10.24B,$1.49B,14.53%,$10.24B,$1.49B,14.53%,$10.24B,$1.98B,19.37%,$10.24B,$1.49B,14.53%,$10.24B,$1.05B,10.28%,$1.05B,$10.37B,10.36%,$1.05B,$7.97B,13.72%,$1.05B,$216.42B,0.49%,$1.49B,$12.90B,11.71%,$2484,$1158,$1326,$0,$0,$2091,$394,$0,$394,$141,$253,$253,$230,$575,$394,$294,298,$0.78,$0.77,$1271,$0,$0,$2460,$590,$68640,$2396,$139351,$213963,$216423,$59019,$2529,$143281,$147035,$206054,$5,$5945,$380,$10369,$216423,$896,$406,$-20,$386,$85,$0,$1211,$0,$1296,$2198,$-118,$0,$-247,$0,$-520,$-520,$57,$-827,$-1770,$-23,$-1793,$-375,$-375,$-301,$-1,$-2471,$-1101,$58,$-277
17,2014-06-30,44.63,$35.60,1.25,$33.48,1.33,$17.97,2.48,$3.58,12.47,$2.98B,$59.81B,0.05,$2.53B,$10.46B,0.24,$10.00B,$4.83B,48.25%,$10.00B,$1.41B,14.14%,$10.00B,$1.41B,14.14%,$10.00B,$1.80B,18.03%,$10.00B,$1.41B,14.14%,$10.00B,$1.07B,10.69%,$1.07B,$10.46B,10.78%,$1.07B,$7.96B,14.50%,$1.07B,$218.32B,0.51%,$1.41B,$12.99B,11.33%,$2607,$1313,$1294,$0,$0,$2199,$408,$0,$408,$88,$319,$319,$306,$517,$408,$295,298,$1.04,$1.03,$1742,$0,$0,$2975,$574,$69112,$2504,$140130,$215348,$218322,$59807,$2529,$144155,$148056,$207863,$5,$5816,$599,$10459,$218322,$643,$225,$-60,$165,$51,$0,$829,$0,$880,$1377,$-93,$0,$-194,$0,$-333,$-333,$124,$-497,$-1137,$-16,$-1153,$-164,$-164,$-193,$-1,$-1510,$-630,$39,$-177
18,2014-03-31,40.39,$34.12,1.18,$32.18,1.26,$16.26,2.48,$3.30,12.24,$2.59B,$59.70B,0.04,$2.52B,$10.06B,0.25,$9.60B,$4.60B,47.88%,$9.60B,$1.27B,13.25%,$9.60B,$1.27B,13.25%,$9.60B,$1.64B,17.06%,$9.60B,$1.27B,13.25%,$9.60B,$0.99B,10.26%,$0.99B,$10.06B,10.20%,$0.99B,$7.56B,13.93%,$0.99B,$211.19B,0.48%,$1.27B,$12.57B,10.40%,$2479,$1273,$1205,$0,$0,$2102,$376,$0,$376,$52,$324,$324,$284,$492,$376,$296,300,$0.96,$0.95,$1393,$0,$0,$2592,$546,$68648,$2497,$133865,$208602,$211194,$59703,$2516,$137741,$141433,$201136,$5,$5605,$362,$10058,$211194,$324,$115,$-4,$111,$74,$0,$344,$0,$418,$591,$-50,$0,$-182,$0,$-673,$-673,$69,$-835,$-516,$-39,$-556,$-98,$-98,$-83,$2,$-735,$-979,$22,$-83
19,2013-12-31,43.05,$33.12,1.3,$31.19,1.38,$16.48,2.61,$2.96,14.54,$3.61B,$59.49B,0.06,$2.60B,$9.78B,0.27,$9.29B,$4.42B,47.54%,$9.29B,$1.12B,12.10%,$9.29B,$1.12B,12.10%,$9.29B,$1.47B,15.77%,$9.29B,$1.12B,12.10%,$9.29B,$0.88B,9.46%,$0.88B,$9.78B,9.16%,$0.88B,$7.22B,12.67%,$0.88B,$208.19B,0.44%,$1.12B,$12.38B,9.18%,$2673,$1442,$1231,$0,$0,$2363,$310,$0,$310,$60,$250,$250,$233,$400,$310,$295,298,$0.79,$0.77,$2372,$0,$0,$3613,$501,$67289,$2559,$131153,$204579,$208191,$59494,$2601,$135243,$138920,$198414,$5,$5405,$183,$9777,$208191,$936,$341,$-48,$293,$-132,$0,$1615,$0,$1483,$2221,$-59,$0,$-1354,$0,$155,$155,$32,$-1226,$-2317,$-118,$-2435,$-81,$-81,$-321,$37,$-2800,$-1805,$69,$-288
20,2013-09-30,37.19,$31.89,1.17,$29.87,1.24,$19.36,1.92,$2.92,12.74,$2.87B,$59.66B,0.05,$2.59B,$9.37B,0.28,$8.91B,$4.28B,48.00%,$8.91B,$1.08B,12.06%,$8.91B,$1.08B,12.06%,$8.91B,$1.43B,16.00%,$8.91B,$1.08B,12.06%,$8.91B,$0.86B,9.66%,$0.86B,$9.37B,8.99%,$0.86B,$6.75B,11.96%,$0.86B,$201.69B,0.45%,$1.08B,$11.97B,8.79%,$2240,$1145,$1095,$0,$0,$1919,$320,$0,$320,$61,$259,$259,$246,$394,$320,$295,299,$0.83,$0.82,$1707,$0,$0,$2868,$479,$67840,$2625,$124869,$198820,$201687,$59656,$2593,$129188,$132658,$192314,$5,$5250,$-18,$9373,$201687,$686,$251,$-26,$225,$-44,$0,$993,$0,$949,$1398,$-23,$0,$-1327,$0,$-52,$-52,$-31,$-1433,$-1964,$-145,$-2108,$-125,$-125,$-236,$34,$-2435,$-2470,$52,$-212
21,2013-06-30,32.32,$32.01,1.01,$31.47,1.03,$22.61,1.43,$2.70,11.97,$2.33B,$59.31B,0.04,$2.58B,$9.41B,0.27,$9.38B,$4.19B,44.70%,$9.38B,$0.95B,10.10%,$9.38B,$0.95B,10.10%,$9.38B,$1.34B,14.29%,$9.38B,$0.95B,10.10%,$9.38B,$0.80B,8.55%,$0.80B,$9.41B,8.27%,$0.80B,$6.75B,10.55%,$0.80B,$196.51B,0.45%,$0.95B,$11.99B,7.73%,$2211,$1143,$1067,$0,$0,$1945,$266,$0,$266,$29,$237,$237,$222,$352,$266,$294,297,$0.76,$0.75,$1111,$0,$0,$2330,$476,$68347,$2656,$119779,$194183,$196513,$59314,$2579,$124572,$127790,$187104,$5,$5125,$-1,$9409,$196513,$427,$177,$16,$193,$-45,$0,$462,$0,$417,$784,$-12,$0,$-1315,$0,$-565,$-565,$-30,$-1923,$-1827,$108,$-1719,$-101,$-101,$-143,$35,$-1928,$-3067,$36,$-135
22,2013-03-31,29.2,$33.50,0.87,$31.04,0.94,$24.91,1.17,$2.53,11.54,$2.84B,$60.25B,0.05,$2.79B,$9.83B,0.28,$9.29B,$4.08B,43.98%,$9.29B,$0.91B,9.81%,$9.29B,$0.91B,9.81%,$9.29B,$1.32B,14.26%,$9.29B,$0.91B,9.81%,$9.29B,$0.75B,8.05%,$0.75B,$9.83B,7.71%,$0.75B,$7.04B,9.46%,$0.75B,$200.76B,0.44%,$0.91B,$12.62B,7.59%,$2167,$1143,$1024,$0,$0,$1939,$228,$0,$228,$38,$190,$190,$178,$319,$228,$294,297,$0.61,$0.61,$1661,$0,$0,$2836,$473,$70010,$2788,$121940,$197927,$200763,$60249,$2791,$127037,$130688,$190936,$5,$4972,$621,$9827,$200763,$190,$91,$-46,$44,$9,$0,$133,$0,$142,$596,$7,$0,$-1292,$0,$-208,$-208,$-32,$-1525,$-1428,$7,$-1421,$-101,$-101,$-68,$3,$-1587,$-2516,$19,$-68
23,2012-12-31,24.3,$33.03,0.74,$30.63,0.79,$25.78,0.94,$2.58,9.42,$5.26B,$60.98B,0.09,$2.67B,$9.70B,0.28,$9.22B,$3.89B,42.24%,$9.22B,$0.96B,10.43%,$9.22B,$0.96B,10.43%,$9.22B,$1.19B,12.87%,$9.22B,$0.96B,10.43%,$9.22B,$0.77B,8.40%,$0.77B,$9.70B,7.99%,$0.77B,$8.25B,9.40%,$0.77B,$161.83B,0.49%,$0.96B,$12.38B,8.22%,$2296,$1203,$1093,$0,$0,$2035,$261,$0,$261,$34,$227,$227,$215,$361,$261,$298,300,$0.72,$0.71,$4177,$0,$0,$5262,$464,$69396,$1458,$82661,$156569,$161830,$60980,$2671,$87800,$91147,$152127,$5,$4862,$640,$9703,$161830,$825,$227,$-55,$172,$71,$0,$2055,$0,$2125,$3081,$-39,$0,$-232,$0,$-1183,$-1183,$-157,$-1611,$423,$-37,$386,$-244,$-244,$-264,$-4,$-126,$1343,$64,$-231
24,2012-09-30,22.78,$33.54,0.68,$29.47,0.77,$24.02,0.95,$2.38,9.57,$3.47B,$60.01B,0.06,$2.18B,$9.85B,0.22,$8.98B,$3.69B,41.07%,$8.98B,$0.85B,9.47%,$8.98B,$0.85B,9.47%,$8.98B,$1.06B,11.76%,$8.98B,$0.85B,9.47%,$8.98B,$0.69B,7.72%,$0.69B,$9.85B,7.22%,$0.69B,$8.37B,8.48%,$0.69B,$159.19B,0.45%,$0.85B,$12.03B,7.51%,$2705,$1697,$1008,$0,$0,$2513,$192,$0,$192,$-7,$199,$199,$187,$309,$192,$295,298,$0.64,$0.63,$2279,$0,$0,$3471,$468,$69883,$1476,$81336,$155722,$159193,$60014,$2180,$86135,$89334,$149347,$5,$4784,$881,$9846,$159193,$599,$127,$-203,$-76,$66,$0,$1579,$0,$1645,$2374,$-36,$0,$-177,$0,$-1463,$-1463,$-43,$-1719,$-713,$-66,$-779,$-248,$-248,$-186,$4,$-1209,$-555,$50,$-170
25,2012-06-30,22.01,$31.92,0.69,$27.03,0.81,$22.05,1.0,$1.98,11.12,$2.74B,$58.45B,0.05,$1.58B,$9.44B,0.17,$8.37B,$3.61B,43.10%,$8.37B,$0.81B,9.67%,$8.37B,$0.81B,9.67%,$8.37B,$1.05B,12.55%,$8.37B,$0.81B,9.67%,$8.37B,$0.58B,6.91%,$0.58B,$9.44B,5.95%,$0.58B,$7.96B,6.94%,$0.58B,$152.05B,0.39%,$0.81B,$11.01B,7.17%,$2119,$1160,$959,$0,$0,$1889,$230,$0,$230,$51,$179,$179,$168,$336,$230,$299,302,$0.56,$0.56,$1647,$0,$0,$2744,$470,$67820,$1477,$76877,$149307,$152051,$58445,$1577,$81962,$84171,$142616,$5,$4667,$551,$9435,$152051,$400,$10,$-60,$-50,$82,$0,$806,$0,$889,$1502,$-25,$0,$-102,$0,$-609,$-609,$-91,$-827,$-1707,$145,$-1562,$-192,$-192,$-116,$7,$-1863,$-1187,$38,$-108
26,2012-03-31,24.58,$32.41,0.76,$27.12,0.91,$22.62,1.09,$2.20,11.17,$2.77B,$58.27B,0.05,$1.57B,$9.75B,0.16,$8.55B,$3.70B,43.28%,$8.55B,$0.89B,10.40%,$8.55B,$0.89B,10.40%,$8.55B,$1.11B,13.04%,$8.55B,$0.89B,10.40%,$8.55B,$0.63B,7.34%,$0.63B,$9.75B,6.26%,$0.63B,$8.37B,7.19%,$0.63B,$153.74B,0.42%,$0.89B,$11.32B,7.67%,$2096,$1263,$833,$0,$0,$1818,$278,$0,$278,$57,$221,$221,$204,$182,$278,$302,305,$0.68,$0.68,$1652,$0,$0,$2771,$477,$67915,$1385,$78526,$150968,$153738,$58267,$1571,$83653,$85720,$143986,$5,$4549,$488,$9752,$153738,$221,$-97,$-100,$-197,$97,$0,$522,$0,$619,$902,$-17,$0,$-21,$0,$-578,$-578,$-74,$-691,$-1263,$-21,$-1284,$-55,$-55,$-63,$8,$-1393,$-1182,$25,$-54
27,2011-12-31,20.35,$31.12,0.65,$27.08,0.75,$23.39,0.87,$2.14,9.51,$4.03B,$58.54B,0.07,$1.57B,$9.37B,0.17,$8.67B,$3.84B,44.33%,$8.67B,$0.87B,10.06%,$8.67B,$0.87B,10.06%,$8.67B,$1.26B,14.58%,$8.67B,$0.87B,10.07%,$8.67B,$0.61B,6.98%,$0.61B,$9.37B,5.95%,$0.61B,$8.00B,6.78%,$0.61B,$147.36B,0.41%,$0.87B,$10.94B,7.42%,$2059,$1170,$888,$0,$0,$1909,$150,$0,$150,$8,$142,$142,$134,$231,$150,$315,318,$0.44,$0.45,$2834,$0,$0,$4030,$457,$66767,$1373,$72307,$143331,$147362,$58541,$1565,$77651,$79449,$137990,$5,$4402,$258,$9372,$147362,$675,$391,$55,$446,$-130,$0,$1018,$0,$888,$2713,$-57,$0,$-400,$0,$307,$307,$-52,$-202,$-760,$-15,$-775,$-531,$-531,$-247,$-3,$-1555,$957,$43,$-214
28,2011-09-30,18.25,$33.72,0.54,$28.07,0.65,$23.60,0.77,$2.22,8.22,$2.67B,$57.32B,0.05,$1.57B,$10.29B,0.15,$9.02B,$4.04B,44.78%,$9.02B,$0.93B,10.31%,$9.02B,$0.93B,10.31%,$9.02B,$1.33B,14.76%,$9.02B,$0.93B,10.32%,$9.02B,$0.63B,7.03%,$0.63B,$10.29B,6.15%,$0.63B,$9.00B,6.97%,$0.63B,$143.30B,0.43%,$0.93B,$11.86B,7.83%,$2094,$1167,$927,$0,$0,$1943,$151,$0,$151,$77,$75,$75,$72,$302,$151,$312,315,$0.23,$0.23,$1434,$0,$0,$2672,$448,$67453,$1287,$68198,$140631,$143302,$57320,$1570,$73411,$75693,$133013,$5,$5130,$409,$10289,$143302,$533,$310,$-253,$58,$-100,$0,$869,$0,$769,$1885,$-33,$0,$-44,$0,$216,$216,$-228,$-89,$-1735,$-46,$-1781,$-433,$-433,$-25,$-1,$-2240,$-443,$33,$0
29,2011-06-30,24.49,$34.01,0.72,$28.49,0.86,$23.65,1.04,$2.46,9.95,$3.53B,$57.43B,0.06,$1.58B,$10.67B,0.15,$9.22B,$4.03B,43.70%,$9.22B,$0.94B,10.23%,$9.22B,$0.94B,10.23%,$9.22B,$1.33B,14.39%,$9.22B,$0.94B,10.24%,$9.22B,$0.70B,7.64%,$0.70B,$10.67B,6.88%,$0.70B,$9.50B,7.77%,$0.70B,$149.28B,0.48%,$0.94B,$12.25B,7.98%,$2296,$1247,$1050,$0,$0,$1986,$310,$0,$310,$61,$249,$249,$217,$400,$310,$320,323,$0.68,$0.67,$2170,$0,$0,$3531,$449,$66578,$1173,$74212,$145747,$149278,$57432,$1582,$78815,$81179,$138611,$5,$5067,$699,$10668,$149278,$458,$159,$75,$235,$-79,$0,$626,$0,$547,$1786,$-19,$0,$-18,$0,$815,$815,$16,$794,$-2011,$-34,$-2045,$-225,$-225,$-17,$-0,$-2287,$292,$21,$0
30,2011-03-31,25.85,$32.28,0.8,$28.31,0.91,$22.75,1.14,$2.08,12.43,$3.29B,$57.30B,0.06,$1.58B,$10.37B,0.15,$9.16B,$3.82B,41.73%,$9.16B,$0.79B,8.64%,$9.16B,$0.79B,8.64%,$9.16B,$1.19B,13.01%,$9.16B,$0.79B,8.65%,$9.16B,$0.62B,6.78%,$0.62B,$10.37B,6.31%,$0.62B,$9.20B,7.18%,$0.62B,$147.55B,0.43%,$0.79B,$11.95B,6.93%,$2222,$1243,$979,$0,$0,$1960,$262,$0,$262,$53,$209,$209,$182,$331,$262,$321,325,$0.57,$0.56,$1984,$0,$0,$3294,$449,$66032,$1174,$73051,$144256,$147550,$57299,$1580,$77752,$79878,$137177,$5,$4809,$526,$10373,$147550,$209,$69,$148,$217,$-42,$0,$309,$0,$267,$1196,$-4,$0,$-7,$0,$795,$795,$-68,$716,$-1775,$-26,$-1800,$3,$3,$-8,$1,$-1805,$107,$9,$0
31,2010-12-31,26.21,$30.85,0.85,$28.49,0.92,$21.09,1.24,$2.07,12.66,$2.94B,$58.05B,0.05,$1.58B,$9.89B,0.16,$9.20B,$3.77B,41.03%,$9.20B,$0.79B,8.54%,$9.20B,$0.79B,8.54%,$9.20B,$1.22B,13.25%,$9.20B,$0.79B,8.54%,$9.20B,$0.63B,6.85%,$0.63B,$9.89B,6.69%,$0.63B,$8.71B,7.67%,$0.63B,$145.63B,0.44%,$0.79B,$11.47B,7.15%,$2412,$1327,$1085,$0,$0,$2204,$208,$0,$208,$26,$182,$182,$163,$299,$208,$320,323,$0.51,$0.50,$1877,$0,$0,$2940,$459,$66644,$1180,$70879,$142691,$145631,$58048,$1584,$75699,$77699,$135746,$5,$4612,$272,$9885,$145631,$681,$433,$286,$719,$-102,$0,$1304,$0,$1202,$2792,$-22,$0,$-54,$0,$184,$184,$-81,$28,$-3036,$48,$-2988,$18,$18,$-209,$-3,$-3182,$-363,$48,$-176
32,2010-09-30,20.46,$31.33,0.65,$28.49,0.72,$19.93,1.03,$1.89,10.82,$3.56B,$59.02B,0.06,$1.58B,$10.03B,0.16,$9.02B,$3.49B,38.71%,$9.02B,$0.75B,8.28%,$9.02B,$0.75B,8.28%,$9.02B,$1.15B,12.70%,$9.02B,$0.75B,8.29%,$9.02B,$0.61B,6.75%,$0.61B,$10.03B,6.80%,$0.61B,$8.85B,7.88%,$0.61B,$143.46B,0.44%,$0.75B,$11.62B,7.09%,$2289,$1374,$915,$0,$0,$2125,$164,$0,$164,$12,$151,$151,$142,$297,$164,$321,323,$0.44,$0.44,$2269,$0,$0,$3564,$461,$68005,$1186,$67001,$139893,$143457,$59018,$1582,$72260,$74404,$133422,$5,$4592,$477,$10034,$143457,$499,$343,$-220,$123,$-31,$0,$1005,$0,$974,$1930,$-11,$0,$-24,$0,$332,$332,$9,$306,$-2261,$63,$-2198,$18,$18,$-25,$-2,$-2207,$28,$34,$0
33,2010-06-30,18.5,$28.44,0.65,$28.48,0.65,$19.52,0.95,$2.02,9.16,$3.06B,$58.81B,0.05,$1.57B,$9.07B,0.17,$9.00B,$3.47B,38.52%,$9.00B,$0.83B,9.23%,$9.00B,$0.83B,9.23%,$9.00B,$1.17B,12.96%,$9.00B,$0.83B,9.24%,$9.00B,$0.65B,7.24%,$0.65B,$9.07B,7.81%,$0.65B,$7.85B,9.17%,$0.65B,$136.60B,0.47%,$0.83B,$10.64B,8.37%,$2234,$1392,$842,$0,$0,$2076,$158,$0,$158,$14,$144,$144,$134,$264,$158,$320,323,$0.42,$0.42,$1827,$0,$0,$3060,$472,$66566,$1225,$61848,$133537,$136597,$58814,$1572,$66938,$68711,$127525,$5,$4475,$-351,$9072,$136597,$348,$209,$-1,$209,$-32,$0,$588,$0,$556,$1484,$-9,$0,$-19,$0,$-385,$-385,$-21,$-433,$-1519,$65,$-1454,$7,$7,$-17,$-1,$-1464,$-413,$23,$0
34,2010-03-31,23.06,$27.18,0.85,$28.96,0.8,$19.75,1.17,$2.12,10.88,$2.82B,$59.30B,0.05,$1.58B,$8.69B,0.18,$8.92B,$3.39B,37.94%,$8.92B,$0.87B,9.76%,$8.92B,$0.87B,9.76%,$8.92B,$1.09B,12.17%,$8.92B,$0.87B,9.77%,$8.92B,$0.67B,7.49%,$0.67B,$8.69B,8.88%,$0.67B,$7.45B,10.64%,$0.67B,$140.84B,0.49%,$0.87B,$10.27B,9.45%,$2264,$1332,$932,$0,$0,$2008,$256,$0,$256,$53,$204,$204,$191,$359,$256,$320,322,$0.60,$0.59,$1630,$0,$0,$2820,$481,$66249,$1236,$66497,$138016,$140837,$59296,$1578,$71145,$72853,$132149,$5,$4341,$-578,$8688,$140837,$204,$103,$-210,$-107,$-12,$0,$256,$0,$244,$653,$-4,$0,$-10,$0,$-460,$-460,$12,$-462,$-870,$70,$-800,$7,$7,$-8,$-1,$-802,$-611,$11,$0
35,2009-12-31,18.97,$25.13,0.76,$30.34,0.63,$21.33,0.89,$1.96,9.68,$3.31B,$59.71B,0.06,$1.59B,$8.02B,0.2,$8.85B,$3.27B,36.99%,$8.85B,$0.75B,8.42%,$8.85B,$0.75B,8.42%,$8.85B,$0.98B,11.03%,$8.85B,$0.75B,8.43%,$8.85B,$0.59B,6.67%,$0.59B,$8.02B,9.79%,$0.59B,$6.78B,12.36%,$0.59B,$137.76B,0.45%,$0.75B,$9.60B,9.74%,$2232,$1430,$802,$0,$0,$2063,$170,$0,$170,$15,$155,$155,$142,$225,$169,$297,299,$0.45,$0.45,$2240,$0,$0,$3306,$489,$64628,$1238,$64416,$134454,$137759,$59711,$1585,$68324,$70032,$129743,$5,$4161,$-1042,$8016,$137759,$646,$231,$-50,$181,$-127,$0,$1531,$0,$1404,$2243,$-26,$0,$-108,$0,$1193,$1193,$-32,$1027,$-4197,$-361,$-4558,$1119,$1119,$-193,$-6,$-3637,$-368,$37,$-160
36,2009-09-30,21.21,$23.85,0.89,$31.60,0.67,$22.03,0.96,$1.49,14.23,$4.38B,$60.56B,0.07,$1.59B,$7.61B,0.21,$8.90B,$3.18B,35.71%,$8.90B,$0.51B,5.74%,$8.90B,$0.51B,5.74%,$8.90B,$0.89B,9.97%,$8.90B,$0.51B,5.74%,$8.90B,$0.44B,4.95%,$0.44B,$7.61B,9.43%,$0.44B,$6.36B,12.95%,$0.44B,$137.38B,0.34%,$0.51B,$9.19B,8.22%,$2270,$1379,$891,$0,$0,$2022,$248,$0,$248,$44,$204,$204,$185,$318,$248,$319,322,$0.58,$0.57,$3241,$0,$0,$4377,$497,$64350,$1248,$63317,$133003,$137380,$60561,$1586,$67507,$69212,$129773,$5,$4180,$-1434,$7607,$137380,$491,$175,$-28,$147,$-106,$0,$1190,$0,$1084,$1794,$-21,$0,$-74,$0,$1291,$1291,$-41,$1156,$-3090,$-317,$-3407,$1119,$1119,$-25,$-4,$-2317,$633,$27,$0
37,2009-06-30,14.59,$18.15,0.8,$34.11,0.43,$23.35,0.62,$1.27,11.49,$5.38B,$61.10B,0.09,$2.03B,$5.78B,0.35,$9.12B,$3.12B,34.15%,$9.12B,$0.37B,4.06%,$9.12B,$0.37B,4.06%,$9.12B,$0.80B,8.74%,$9.12B,$0.37B,4.06%,$9.12B,$0.35B,3.78%,$0.35B,$5.78B,8.28%,$0.35B,$4.51B,12.02%,$0.35B,$130.71B,0.26%,$0.37B,$7.81B,6.53%,$2158,$1397,$761,$0,$0,$1960,$198,$0,$198,$34,$164,$164,$150,$185,$198,$290,291,$0.52,$0.52,$4329,$0,$0,$5375,$506,$60949,$1263,$58555,$125332,$130707,$61102,$2033,$61676,$63828,$124930,$5,$3996,$-3042,$5777,$130707,$287,$105,$211,$316,$-55,$0,$820,$0,$765,$1415,$-17,$0,$-87,$0,$1386,$1386,$-51,$1233,$-1781,$-278,$-2058,$1151,$1151,$-17,$-3,$-927,$1721,$17,$0
38,2009-03-31,6.33,$10.42,0.61,$36.88,0.17,$22.47,0.28,$1.39,4.56,$3.88B,$62.29B,0.06,$1.29B,$2.71B,0.48,$9.62B,$3.31B,34.39%,$9.62B,$0.39B,4.00%,$9.62B,$0.39B,4.00%,$9.62B,$0.92B,9.55%,$9.62B,$0.39B,4.00%,$9.62B,$0.36B,3.77%,$0.36B,$2.71B,8.29%,$0.36B,$1.45B,11.89%,$0.36B,$123.24B,0.27%,$0.39B,$4.00B,6.74%,$2189,$1370,$819,$0,$0,$2059,$130,$0,$130,$8,$123,$123,$113,$249,$130,$260,261,$0.43,$0.43,$2700,$0,$0,$3883,$517,$59258,$1260,$53942,$119352,$123235,$62293,$1293,$56831,$58233,$120526,$4,$3845,$-4841,$2709,$123235,$123,$118,$-41,$78,$-43,$0,$282,$0,$239,$950,$-13,$0,$-38,$0,$77,$77,$-13,$13,$-926,$63,$-863,$1,$1,$-8,$-1,$-872,$92,$5,$0
39,2008-12-31,17.48,$9.91,1.76,$38.05,0.46,$22.59,0.77,$1.63,10.72,$3.60B,$62.62B,0.06,$1.29B,$2.57B,0.5,$9.94B,$3.45B,34.71%,$9.94B,$0.46B,4.65%,$9.94B,$0.46B,4.65%,$9.94B,$0.98B,9.86%,$9.94B,$0.46B,4.65%,$9.94B,$0.42B,4.27%,$0.42B,$2.57B,7.84%,$0.42B,$1.27B,10.45%,$0.42B,$128.18B,0.29%,$0.46B,$3.86B,6.82%,$2279,$1574,$706,$0,$0,$2344,$-65,$0,$-65,$-61,$-4,$-4,$-8,$136,$-65,$259,261,$-0.03,$-0.03,$2608,$0,$0,$3596,$518,$59858,$1301,$58756,$124586,$128182,$62618,$1291,$61600,$62995,$125613,$4,$3723,$-4912,$2569,$128182,$466,$519,$-570,$-52,$-39,$0,$2394,$0,$2355,$2225,$-105,$0,$17,$0,$-2637,$-2637,$-192,$-2917,$1488,$591,$2078,$30,$30,$-150,$-2,$1956,$1264,$32,$-117
40,2008-09-30,32.83,$21.65,1.52,$38.88,0.84,$25.15,1.31,$1.79,18.34,$3.87B,$63.92B,0.06,$1.38B,$5.61B,0.25,$10.22B,$3.53B,34.50%,$10.22B,$0.52B,5.10%,$10.22B,$0.52B,5.10%,$10.22B,$0.95B,9.27%,$10.22B,$0.52B,5.10%,$10.22B,$0.47B,4.56%,$0.47B,$5.61B,7.03%,$0.47B,$4.25B,8.88%,$0.47B,$143.41B,0.31%,$0.52B,$6.99B,6.50%,$2498,$1668,$830,$0,$0,$2391,$107,$0,$107,$-2,$109,$109,$90,$228,$107,$260,261,$0.35,$0.35,$2269,$0,$0,$3867,$511,$63888,$1358,$70058,$139542,$143410,$63918,$1379,$72309,$73879,$137797,$4,$3848,$-1887,$5613,$143410,$469,$318,$-658,$-340,$10,$0,$1747,$0,$1757,$1867,$-83,$0,$28,$0,$-3838,$-3838,$-125,$-4018,$2720,$357,$3077,$25,$25,$-25,$-2,$3076,$925,$33,$0
41,2008-06-30,31.68,$25.56,1.24,$39.97,0.79,$29.46,1.08,$2.31,13.72,$2.42B,$62.40B,0.04,$1.38B,$6.62B,0.21,$10.57B,$3.83B,36.21%,$10.57B,$0.75B,7.06%,$10.57B,$0.75B,7.06%,$10.57B,$1.21B,11.47%,$10.57B,$0.75B,7.06%,$10.57B,$0.61B,5.75%,$0.61B,$6.62B,8.46%,$0.61B,$5.24B,10.47%,$0.61B,$151.53B,0.40%,$0.75B,$8.00B,8.66%,$2658,$1703,$955,$0,$0,$2446,$213,$0,$213,$29,$183,$183,$168,$306,$213,$259,261,$0.65,$0.64,$1525,$0,$0,$2417,$491,$65873,$1381,$78022,$149110,$151527,$62395,$1384,$80911,$82512,$144907,$4,$3758,$-774,$6620,$151527,$361,$196,$-531,$-335,$23,$0,$1084,$0,$1107,$1073,$-50,$0,$15,$0,$-2266,$-2266,$-25,$-2327,$1273,$160,$1433,$18,$18,$-17,$-0,$1434,$180,$26,$0
42,2008-03-31,42.06,$26.46,1.59,$40.27,1.04,$32.47,1.3,$2.79,15.08,$2.06B,$60.62B,0.03,$1.41B,$6.84B,0.21,$10.75B,$4.05B,37.66%,$10.75B,$0.95B,8.80%,$10.75B,$0.95B,8.80%,$10.75B,$1.42B,13.24%,$10.75B,$0.95B,8.80%,$10.75B,$0.74B,6.92%,$0.74B,$6.84B,9.88%,$0.74B,$5.46B,12.07%,$0.74B,$152.00B,0.49%,$0.95B,$8.25B,10.52%,$2501,$1543,$958,$0,$0,$2294,$207,$0,$207,$30,$178,$178,$174,$310,$207,$259,261,$0.67,$0.67,$1121,$0,$0,$2061,$482,$65696,$1380,$79307,$149940,$152001,$60620,$1407,$82885,$84539,$145159,$4,$3589,$-359,$6842,$152001,$178,$103,$11,$114,$24,$0,$507,$0,$531,$998,$-26,$0,$9,$0,$-886,$-886,$-65,$-969,$-314,$65,$-249,$-6,$3,$-8,$1,$-253,$-224,$17,$0
43,2007-12-31,51.97,$28.64,1.81,$40.52,1.28,$33.22,1.56,$3.07,16.93,$2.30B,$59.58B,0.04,$1.40B,$7.42B,0.19,$10.91B,$4.18B,38.31%,$10.91B,$1.07B,9.84%,$10.91B,$1.07B,9.84%,$10.91B,$1.56B,14.30%,$10.91B,$1.07B,9.84%,$10.91B,$0.83B,7.58%,$0.83B,$7.42B,10.54%,$0.83B,$6.04B,12.73%,$0.83B,$154.52B,0.54%,$1.07B,$8.82B,11.48%,$2564,$1781,$783,$0,$0,$2570,$-6,$0,$-6,$-52,$46,$46,$34,$103,$-6,$265,268,$0.14,$0.15,$1344,$0,$0,$2296,$469,$65139,$1382,$82425,$152225,$154520,$59575,$1399,$85507,$87524,$147099,$4,$3414,$420,$7422,$154520,$885,$488,$-527,$-39,$192,$0,$2277,$0,$2469,$2960,$-98,$0,$-138,$0,$-4014,$-4014,$-248,$-4499,$1626,$621,$2247,$-683,$-683,$-277,$5,$1292,$-246,$73,$-236
44,2007-09-30,47.0,$29.97,1.57,$40.26,1.17,$30.63,1.53,$3.98,11.81,$3.46B,$57.77B,0.06,$1.52B,$7.87B,0.19,$10.90B,$4.42B,40.52%,$10.90B,$1.41B,12.93%,$10.90B,$1.41B,12.92%,$10.90B,$1.86B,17.09%,$10.90B,$1.41B,12.93%,$10.90B,$1.08B,9.88%,$1.08B,$7.87B,13.54%,$1.08B,$6.48B,16.28%,$1.08B,$155.62B,0.72%,$1.41B,$9.39B,14.87%,$2850,$1717,$1133,$0,$0,$2518,$332,$0,$332,$91,$241,$241,$232,$494,$332,$265,267,$0.88,$0.87,$2559,$0,$0,$3463,$451,$63663,$1384,$83969,$152155,$155618,$57772,$1523,$87765,$89978,$147750,$4,$3617,$388,$7868,$155618,$818,$378,$-418,$-40,$234,$0,$1593,$0,$1828,$3043,$-64,$0,$-151,$0,$-2510,$-2510,$-107,$-2832,$379,$782,$1161,$-387,$-387,$-25,$7,$756,$968,$53,$0
45,2007-06-30,43.42,$30.03,1.45,$38.60,1.12,$26.89,1.61,$4.03,10.78,$2.79B,$55.90B,0.05,$1.54B,$7.99B,0.19,$10.50B,$4.24B,40.32%,$10.50B,$1.41B,13.41%,$10.50B,$1.41B,13.40%,$10.50B,$1.78B,16.96%,$10.50B,$1.41B,13.41%,$10.50B,$1.10B,10.43%,$1.10B,$7.99B,13.85%,$1.10B,$6.67B,16.16%,$1.10B,$150.76B,0.76%,$1.41B,$9.52B,15.19%,$2832,$1659,$1173,$0,$0,$2419,$413,$0,$413,$100,$312,$312,$304,$516,$413,$268,270,$1.14,$1.12,$1858,$0,$0,$2794,$443,$61739,$1314,$81814,$147964,$150758,$55899,$1536,$84581,$86873,$142772,$4,$3385,$554,$7987,$150758,$577,$216,$-324,$-108,$187,$0,$984,$0,$1170,$1921,$-46,$0,$-55,$0,$-919,$-919,$-17,$-1038,$-502,$82,$-420,$-186,$-186,$-17,$6,$-616,$267,$37,$0
46,2007-03-31,44.6,$30.32,1.47,$37.03,1.2,$24.36,1.83,$3.67,12.15,$2.32B,$55.17B,0.04,$1.55B,$8.11B,0.19,$10.13B,$3.99B,39.38%,$10.13B,$1.29B,12.76%,$10.13B,$1.29B,12.75%,$10.13B,$1.65B,16.30%,$10.13B,$1.29B,12.76%,$10.13B,$1.00B,9.90%,$1.00B,$8.11B,13.15%,$1.00B,$6.78B,14.97%,$1.00B,$146.62B,0.72%,$1.29B,$9.65B,14.64%,$2661,$1572,$1089,$0,$0,$2327,$334,$0,$334,$69,$265,$265,$257,$447,$334,$268,271,$0.96,$0.95,$1477,$0,$0,$2320,$423,$61906,$1327,$78164,$144297,$146617,$55165,$1547,$80931,$83345,$138510,$4,$3081,$898,$8107,$146617,$265,$112,$-79,$33,$293,$0,$433,$0,$726,$1225,$-13,$0,$-16,$0,$-601,$-601,$-68,$-699,$-561,$20,$-541,$-88,$-88,$-17,$5,$-641,$-114,$24,$0
47,2006-12-31,43.73,$29.29,1.49,$35.73,1.22,$21.72,2.01,$3.73,11.72,$2.84B,$54.84B,0.05,$1.51B,$7.86B,0.19,$9.87B,$3.89B,39.39%,$9.87B,$1.33B,13.49%,$9.87B,$1.33B,13.48%,$9.87B,$1.67B,16.94%,$9.87B,$1.33B,13.49%,$9.87B,$1.03B,10.45%,$1.03B,$7.86B,13.76%,$1.03B,$6.52B,15.22%,$1.03B,$143.66B,0.76%,$1.33B,$9.37B,15.59%,$2561,$1538,$1023,$0,$0,$2231,$331,$0,$331,$67,$264,$264,$284,$407,$331,$273,276,$1.06,$1.05,$1592,$0,$0,$2844,$423,$61035,$1343,$75540,$140814,$143658,$54835,$1511,$78487,$80962,$135797,$4,$2824,$847,$7861,$143658,$1064,$341,$-232,$108,$-419,$0,$1926,$0,$1507,$2276,$-51,$0,$-622,$0,$-3228,$-3228,$-10,$-3910,$2639,$-132,$2507,$-690,$-690,$-239,$8,$1587,$-51,$72,$-215
