,Date,Stock Price,Book Value per Share,Price to Book Ratio,TTM Sales per Share,Price to Sales Ratio,TTM FCF per Share,Price to FCF Ratio,TTM Net EPS,PE Ratio,Current Assets,Current Liabilities,Current Ratio,Long Term Debt,Shareholder's Equity_x,Debt to Equity Ratio,TTM Revenue_x,TTM Gross Profit,Gross Margin,TTM Revenue_y,TTM Operating Income,Operating Margin,TTM Revenue_x,TTM EBIT,EBIT Margin,TTM Revenue_y,TTM EBITDA,EBITDA Margin,TTM Revenue_x,TTM Pre-Tax Income,Pre-Tax Margin,TTM Revenue_y,TTM Net Income_x,Net Margin,TTM Net Income_y,Shareholder's Equity_y,Return on Equity,TTM Net Income_x,Tangible Equity,Return on Tangible Equity,TTM Net Income_y,Total Assets,Return on Assets,TTM Net Income,LT Investments & Debt,Return on Investment,revenue,cost-goods-sold,gross-profit,research-development-expenses,selling-general-administrative-expenses,operating-expenses,operating-income,total-non-operating-income-expense,pre-tax-income,total-provision-income-taxes,income-after-taxes,income-from-continuous-operations,net-income,ebitda,ebit,basic-shares-outstanding,shares-outstanding,eps-basic-net-earnings-per-share,eps-earnings-per-share-diluted,cash-on-hand,inventory,other-current-assets,total-current-assets,net-property-plant-equipment,long-term-investments,goodwill-intangible-assets-total,other-long-term-assets,total-long-term-assets,total-assets,total-current-liabilities,long-term-debt,other-non-current-liabilities,total-long-term-liabilities,total-liabilities,common-stock-net,retained-earnings-accumulated-deficit,comprehensive-income,total-share-holder-equity,total-liabilities-share-holders-equity,net-income-loss,total-depreciation-amortization-cash-flow,other-non-cash-items,total-non-cash-items,change-in-accounts-receivable,change-in-inventories,change-in-accounts-payable,change-in-assets-liabilities,total-change-in-assets-liabilities,cash-flow-from-operating-activities,net-change-in-property-plant-equipment,net-change-in-intangible-assets,net-acquisitions-divestitures,net-change-in-short-term-investments,net-change-in-long-term-investments,net-change-in-investments-total,investing-activities-other,cash-flow-from-investing-activities,net-long-term-debt,net-current-debt,debt-issuance-retirement-net-total,net-common-equity-issued-repurchased,net-total-equity-issued-repurchased,total-common-preferred-stock-dividends-paid,financial-activities-other,cash-flow-from-financial-activities,net-cash-flow,stock-based-compensation,common-stock-dividends-paid
0,2018-09-30,33.3,$11.25,2.96,$169.99,0.2,$3.71,8.98,$1.68,19.82,$2.26B,$1.48B,1.54,$1.22B,$1.17B,1.05,$17.80B,$2.33B,13.11%,$17.80B,$0.25B,1.43%,$17.80B,$0.25B,1.43%,$17.80B,$0.39B,2.20%,$17.80B,$0.19B,1.08%,$17.80B,$0.20B,1.15%,$0.20B,$1.17B,18.64%,$0.20B,$0.22B,133.99%,$0.20B,$4.09B,5.13%,$0.25B,$2.39B,10.77%,$4540,$3946,$594,$0,$543,$4489,$51,$-15,$35,$7,$28,$28,$28,$87,$51,$104,105,$0.27,$0.27,$9,$1116,$0,$2263,$809,$0,$944,$70,$1824,$4087,$1475,$1224,$119,$1447,$2922,$1,$292,$10,$1165,$4087,$28,$37,$4,$41,$2,$-54,$66,$-69,$-37,$32,$-25,$0,$-32,$0,$0,$0,$0,$-56,$34,$0,$34,$3,$3,$0,$-11,$25,$1,$4,$0
1,2018-06-30,36.7,$11.00,3.34,$168.81,0.22,$3.63,10.11,$1.90,19.32,$2.20B,$1.47B,1.5,$1.18B,$1.14B,1.04,$17.62B,$2.29B,13.02%,$17.62B,$0.25B,1.44%,$17.62B,$0.25B,1.44%,$17.62B,$0.39B,2.20%,$17.62B,$0.19B,1.10%,$17.62B,$0.20B,1.13%,$0.20B,$1.14B,19.13%,$0.20B,$0.20B,207.83%,$0.20B,$4.00B,5.07%,$0.25B,$2.31B,10.88%,$4595,$3983,$612,$0,$518,$4501,$94,$-15,$79,$14,$64,$64,$64,$129,$94,$102,105,$0.63,$0.61,$8,$1052,$0,$2204,$796,$0,$934,$68,$1797,$4001,$1470,$1176,$114,$1396,$2866,$1,$265,$8,$1135,$4001,$199,$135,$43,$178,$-34,$-22,$57,$-2,$-10,$367,$-138,$0,$-71,$0,$0,$0,$0,$-209,$-133,$0,$-133,$12,$12,$0,$-40,$-161,$-3,$22,$0
2,2018-03-31,29.85,$10.32,2.89,$167.88,0.18,$2.05,14.54,$1.68,17.77,$2.18B,$1.45B,1.51,$1.25B,$1.06B,1.17,$17.45B,$2.26B,12.93%,$17.45B,$0.24B,1.38%,$17.45B,$0.24B,1.38%,$17.45B,$0.38B,2.15%,$17.45B,$0.18B,1.04%,$17.45B,$0.18B,1.00%,$0.18B,$1.06B,17.71%,$0.18B,$0.12B,372.34%,$0.18B,$3.93B,4.52%,$0.24B,$2.31B,10.43%,$4349,$3791,$559,$0,$499,$4289,$60,$-15,$45,$11,$34,$34,$34,$93,$60,$103,105,$0.33,$0.32,$8,$1054,$0,$2184,$744,$0,$943,$62,$1749,$3933,$1447,$1246,$111,$1424,$2871,$1,$201,$7,$1061,$3933,$134,$99,$-0,$99,$-39,$-24,$107,$-35,$-4,$230,$-73,$0,$-71,$0,$0,$0,$0,$-144,$-50,$0,$-50,$0,$0,$0,$-37,$-87,$-1,$18,$0
3,2017-12-31,33.1,$9.93,3.33,$167.46,0.2,$0.51,64.59,$1.56,21.22,$2.14B,$1.28B,1.67,$1.41B,$1.02B,1.39,$17.34B,$2.22B,12.80%,$17.34B,$0.23B,1.31%,$17.34B,$0.23B,1.31%,$17.34B,$0.36B,2.09%,$17.34B,$0.17B,0.98%,$17.34B,$0.16B,0.93%,$0.16B,$1.02B,17.18%,$0.16B,$0.07B,1045.16%,$0.16B,$3.88B,4.23%,$0.23B,$2.42B,10.00%,$4311,$3744,$568,$0,$519,$4262,$49,$-15,$34,$-44,$78,$78,$78,$83,$49,$101,105,$0.77,$0.75,$10,$1043,$0,$2140,$735,$0,$947,$61,$1743,$3883,$1280,$1406,$115,$1587,$2867,$1,$167,$4,$1016,$3883,$101,$66,$-9,$57,$-1,$-14,$-29,$-52,$-125,$33,$-38,$0,$-63,$0,$0,$0,$0,$-101,$110,$0,$110,$0,$0,$0,$-40,$71,$2,$15,$0
4,2017-09-30,28.25,$9.40,3.01,$165.66,0.17,$-0.46,0.0,$1.03,27.43,$2.13B,$1.38B,1.55,$1.35B,$0.95B,1.42,$17.08B,$2.17B,12.69%,$17.08B,$0.23B,1.35%,$17.08B,$0.23B,1.35%,$17.08B,$0.36B,2.12%,$17.08B,$0.17B,1.02%,$17.08B,$0.11B,0.63%,$0.11B,$0.95B,11.86%,$0.11B,$-0.01B,-4755.56%,$0.11B,$3.88B,2.84%,$0.23B,$2.30B,10.35%,$4365,$3810,$555,$0,$504,$4314,$51,$-14,$36,$14,$23,$23,$23,$83,$51,$101,104,$0.22,$0.22,$7,$1034,$0,$2133,$738,$0,$954,$59,$1751,$3883,$1375,$1352,$107,$1559,$2934,$1,$89,$2,$949,$3883,$23,$33,$3,$35,$-20,$-5,$-8,$-9,$-42,$16,$-16,$0,$-63,$0,$0,$0,$0,$-80,$65,$0,$65,$0,$0,$0,$-3,$62,$-1,$3,$0
5,2017-06-30,27.4,$9.18,2.98,$163.01,0.17,$-1.52,0.0,$0.93,29.46,$2.09B,$1.38B,1.51,$1.29B,$0.93B,1.39,$16.76B,$2.12B,12.67%,$16.76B,$0.21B,1.26%,$16.76B,$0.21B,1.26%,$16.76B,$0.34B,2.03%,$16.76B,$0.16B,0.94%,$16.76B,$0.10B,0.57%,$0.10B,$0.93B,11.03%,$0.10B,$0.01B,-6400.00%,$0.10B,$3.80B,2.61%,$0.21B,$2.21B,9.73%,$4429,$3854,$575,$0,$494,$4348,$81,$-14,$67,$27,$40,$40,$40,$116,$81,$100,103,$0.40,$0.39,$8,$1013,$0,$2085,$741,$0,$920,$59,$1719,$3804,$1383,$1286,$106,$1495,$2879,$1,$67,$2,$926,$3804,$96,$131,$27,$157,$-36,$-64,$-23,$68,$-52,$202,$-139,$0,$-193,$0,$0,$0,$0,$-332,$130,$0,$130,$4,$4,$0,$-6,$128,$-3,$17,$0
6,2017-03-31,23.8,$8.78,2.71,$164.58,0.14,$-1.01,0.0,$0.83,28.67,$2.08B,$1.38B,1.51,$1.30B,$0.88B,1.48,$16.71B,$2.11B,12.63%,$16.71B,$0.20B,1.18%,$16.71B,$0.20B,1.18%,$16.71B,$0.33B,1.96%,$16.71B,$0.14B,0.84%,$16.71B,$0.09B,0.51%,$0.09B,$0.88B,10.12%,$0.09B,$-0.01B,-1030.30%,$0.09B,$3.75B,2.37%,$0.20B,$2.18B,9.37%,$4235,$3714,$521,$0,$475,$4188,$47,$-14,$33,$12,$21,$21,$21,$81,$47,$100,103,$0.21,$0.20,$8,$1000,$0,$2081,$722,$0,$889,$56,$1666,$3746,$1375,$1303,$105,$1491,$2866,$1,$26,$3,$881,$3746,$56,$96,$15,$111,$-54,$-58,$-3,$68,$-65,$102,$-106,$0,$-145,$0,$0,$0,$0,$-251,$151,$0,$151,$0,$0,$0,$-6,$146,$-3,$12,$0
7,2016-12-31,24.0,$8.53,2.82,$161.95,0.15,$-0.47,0.0,$0.72,33.33,$2.02B,$1.25B,1.62,$1.34B,$0.85B,1.57,$16.38B,$2.07B,12.64%,$16.38B,$0.19B,1.15%,$16.38B,$0.19B,1.15%,$16.38B,$0.32B,1.97%,$16.38B,$0.12B,0.75%,$16.38B,$0.07B,0.45%,$0.07B,$0.85B,8.99%,$0.07B,$-0.00B,-294.95%,$0.07B,$3.63B,2.08%,$0.19B,$2.20B,9.17%,$4052,$3535,$517,$0,$466,$4001,$51,$-13,$38,$15,$23,$23,$23,$83,$51,$100,103,$0.23,$0.22,$12,$985,$0,$2020,$700,$0,$856,$58,$1613,$3633,$1251,$1342,$106,$1529,$2779,$1,$5,$2,$854,$3633,$35,$62,$10,$72,$-15,$-54,$-68,$42,$-133,$-26,$-80,$0,$-82,$0,$0,$0,$0,$-162,$193,$0,$193,$0,$0,$0,$-5,$188,$1,$8,$0
8,2016-09-30,24.8,$8.20,3.02,$161.30,0.15,$0.24,103.12,$0.67,37.01,$2.00B,$1.25B,1.6,$1.26B,$0.82B,1.54,$16.22B,$2.04B,12.58%,$16.22B,$0.19B,1.18%,$16.22B,$0.19B,1.18%,$16.22B,$0.33B,2.03%,$16.22B,$0.12B,0.71%,$16.22B,$0.07B,0.42%,$0.07B,$0.82B,8.63%,$0.07B,$-0.00B,-157.23%,$0.07B,$3.53B,1.97%,$0.19B,$2.09B,9.54%,$4046,$3535,$511,$0,$480,$4015,$32,$-12,$20,$7,$12,$12,$12,$62,$32,$100,103,$0.12,$0.12,$9,$953,$0,$2002,$644,$0,$823,$59,$1526,$3528,$1253,$1264,$111,$1455,$2708,$1,$-18,$-4,$821,$3528,$12,$31,$5,$36,$-37,$-30,$7,$-48,$-123,$-75,$-35,$0,$-15,$0,$0,$0,$0,$-50,$125,$0,$125,$0,$0,$0,$-2,$123,$-2,$4,$0
