,Date,Stock Price,Book Value per Share,Price to Book Ratio,TTM Sales per Share,Price to Sales Ratio,TTM FCF per Share,Price to FCF Ratio,TTM Net EPS,PE Ratio,Current Assets,Current Liabilities,Current Ratio,Long Term Debt,Shareholder's Equity_x,Debt to Equity Ratio,TTM Revenue_x,TTM Gross Profit,Gross Margin,TTM Revenue_y,TTM Operating Income,Operating Margin,TTM Revenue_x,TTM EBIT,EBIT Margin,TTM Revenue_y,TTM EBITDA,EBITDA Margin,TTM Revenue_x,TTM Pre-Tax Income,Pre-Tax Margin,TTM Revenue_y,TTM Net Income_x,Net Margin,TTM Net Income_y,Shareholder's Equity_y,Return on Equity,TTM Net Income_x,Tangible Equity,Return on Tangible Equity,TTM Net Income_y,Total Assets,Return on Assets,TTM Net Income,LT Investments & Debt,Return on Investment,revenue,cost-goods-sold,gross-profit,research-development-expenses,selling-general-administrative-expenses,operating-expenses,operating-income,total-non-operating-income-expense,pre-tax-income,total-provision-income-taxes,income-after-taxes,income-from-continuous-operations,net-income,ebitda,ebit,basic-shares-outstanding,shares-outstanding,eps-basic-net-earnings-per-share,eps-earnings-per-share-diluted,cash-on-hand,inventory,other-current-assets,total-current-assets,net-property-plant-equipment,long-term-investments,goodwill-intangible-assets-total,other-long-term-assets,total-long-term-assets,total-assets,total-current-liabilities,long-term-debt,other-non-current-liabilities,total-long-term-liabilities,total-liabilities,common-stock-net,retained-earnings-accumulated-deficit,comprehensive-income,total-share-holder-equity,total-liabilities-share-holders-equity,net-income-loss,total-depreciation-amortization-cash-flow,other-non-cash-items,total-non-cash-items,change-in-accounts-receivable,change-in-inventories,change-in-accounts-payable,change-in-assets-liabilities,total-change-in-assets-liabilities,cash-flow-from-operating-activities,net-change-in-property-plant-equipment,net-change-in-intangible-assets,net-acquisitions-divestitures,net-change-in-short-term-investments,net-change-in-long-term-investments,net-change-in-investments-total,investing-activities-other,cash-flow-from-investing-activities,net-long-term-debt,net-current-debt,debt-issuance-retirement-net-total,net-common-equity-issued-repurchased,net-total-equity-issued-repurchased,total-common-preferred-stock-dividends-paid,financial-activities-other,cash-flow-from-financial-activities,net-cash-flow,stock-based-compensation,common-stock-dividends-paid
0,2018-09-30,3.19,$0.94,3.38,$0.93,3.43,$0.27,11.81,$0.10,31.9,$0.03B,$0.01B,6.25,$0.00B,$0.05B,0.0,$0.05B,$0.02B,53.33%,$0.05B,$0.01B,17.78%,$0.05B,$0.01B,17.78%,$0.05B,$0.01B,20.00%,$0.05B,$0.01B,20.00%,$0.05B,$0.01B,15.56%,$0.01B,$0.05B,15.64%,$0.01B,$0.04B,16.09%,$0.01B,$0.05B,14.21%,$0.01B,$0.05B,17.88%,$12,$5,$6,$0,$3,$9,$2,$0,$3,$1,$2,$2,$2,$3,$2,$48,49,$0.03,$0.03,$14,$10,$0,$34,$8,$8,$1,$0,$17,$51,$5,$0,$0,$0,$5,$0,$31,$-2,$45,$51,$5,$1,$1,$2,$-0,$-4,$0,$-0,$-3,$4,$-1,$0,$0,$0,$-1,$-1,$0,$-2,$0,$0,$0,$-4,$-4,$0,$-1,$-5,$-3,$1,$0
1,2018-06-30,3.38,$0.91,3.73,$0.90,3.76,$0.30,11.2,$0.12,28.17,$0.03B,$0.00B,8.49,$0.00B,$0.04B,0.0,$0.04B,$0.02B,52.27%,$0.04B,$0.01B,18.18%,$0.04B,$0.01B,18.18%,$0.04B,$0.01B,18.18%,$0.04B,$0.01B,18.18%,$0.04B,$0.01B,13.64%,$0.01B,$0.04B,13.56%,$0.01B,$0.04B,14.04%,$0.01B,$0.05B,12.57%,$0.01B,$0.04B,18.08%,$11,$5,$6,$0,$3,$9,$2,$0,$2,$1,$2,$2,$2,$2,$2,$48,49,$0.04,$0.03,$14,$8,$0,$30,$8,$8,$1,$0,$17,$47,$4,$0,$0,$0,$4,$0,$29,$-3,$44,$47,$4,$0,$1,$1,$1,$-2,$0,$0,$-2,$3,$-1,$0,$0,$0,$0,$0,$0,$-1,$0,$0,$0,$-4,$-4,$0,$-1,$-5,$-2,$1,$0
2,2018-03-31,2.73,$0.95,2.88,$0.86,3.19,$0.31,8.73,$0.12,22.75,$0.03B,$0.00B,7.51,$0.00B,$0.05B,0.0,$0.04B,$0.02B,52.38%,$0.04B,$0.01B,19.05%,$0.04B,$0.01B,19.05%,$0.04B,$0.01B,19.05%,$0.04B,$0.01B,19.05%,$0.04B,$0.01B,11.90%,$0.01B,$0.05B,11.49%,$0.01B,$0.05B,11.83%,$0.01B,$0.05B,10.58%,$0.01B,$0.05B,18.39%,$12,$6,$6,$0,$3,$10,$2,$0,$2,$0,$2,$2,$2,$2,$2,$49,50,$0.04,$0.04,$17,$7,$0,$33,$7,$9,$1,$0,$18,$51,$4,$0,$0,$0,$4,$0,$27,$-2,$46,$51,$2,$0,$1,$1,$-1,$-1,$0,$-0,$-1,$1,$-0,$0,$0,$0,$-0,$-0,$0,$-1,$0,$0,$0,$0,$0,$0,$-0,$-0,$1,$1,$0
3,2017-12-31,1.92,$0.91,2.12,$0.76,2.51,$0.32,5.94,$0.09,21.33,$0.03B,$0.00B,7.79,$0.00B,$0.04B,0.0,$0.04B,$0.02B,52.63%,$0.04B,$0.01B,18.42%,$0.04B,$0.01B,18.42%,$0.04B,$0.01B,18.42%,$0.04B,$0.01B,18.42%,$0.04B,$0.00B,10.53%,$0.00B,$0.04B,9.41%,$0.00B,$0.04B,9.76%,$0.00B,$0.05B,8.74%,$0.01B,$0.04B,16.47%,$11,$5,$6,$0,$3,$9,$2,$0,$2,$1,$1,$1,$1,$2,$2,$49,50,$0.02,$0.03,$16,$6,$0,$31,$7,$9,$1,$0,$17,$48,$4,$0,$0,$0,$4,$0,$26,$-2,$44,$48,$4,$1,$1,$2,$-3,$1,$0,$-0,$1,$8,$-0,$0,$0,$0,$-0,$-0,$0,$-1,$0,$0,$0,$-3,$-3,$0,$-0,$-3,$4,$1,$0
4,2017-09-30,1.99,$0.88,2.26,$0.54,3.66,$0.18,11.18,$0.06,33.17,$0.03B,$0.00B,11.18,$0.00B,$0.04B,0.0,$0.03B,$0.01B,51.85%,$0.03B,$0.01B,18.52%,$0.03B,$0.01B,18.52%,$0.03B,$0.01B,18.52%,$0.03B,$0.01B,18.52%,$0.03B,$0.00B,11.11%,$0.00B,$0.04B,7.19%,$0.00B,$0.04B,7.45%,$0.00B,$0.05B,6.74%,$0.01B,$0.04B,11.98%,$10,$5,$5,$0,$3,$8,$2,$0,$2,$1,$1,$1,$1,$2,$2,$49,49,$0.03,$0.02,$14,$7,$0,$29,$7,$8,$2,$0,$17,$45,$3,$0,$0,$0,$3,$0,$24,$-2,$43,$45,$3,$1,$1,$1,$-2,$1,$0,$-0,$-0,$4,$-0,$0,$0,$0,$-1,$-1,$0,$-1,$0,$0,$0,$-3,$-3,$0,$-0,$-3,$0,$1,$0
5,2017-06-30,1.3,$0.85,1.54,$0.43,3.0,$0.16,8.37,$0.04,32.5,$0.03B,$0.00B,8.41,$0.00B,$0.04B,0.0,$0.02B,$0.01B,54.55%,$0.02B,$0.00B,13.64%,$0.02B,$0.00B,13.64%,$0.02B,$0.00B,13.64%,$0.02B,$0.00B,13.64%,$0.02B,$0.00B,9.09%,$0.00B,$0.04B,4.76%,$0.00B,$0.04B,4.91%,$0.00B,$0.05B,4.47%,$0.00B,$0.04B,7.14%,$9,$4,$5,$0,$3,$8,$2,$0,$2,$1,$1,$1,$1,$2,$2,$50,50,$0.03,$0.03,$14,$8,$0,$29,$7,$6,$1,$0,$15,$45,$4,$0,$0,$0,$4,$0,$23,$-2,$41,$45,$2,$0,$0,$1,$-1,$-1,$0,$-0,$-0,$3,$-0,$0,$0,$0,$0,$0,$0,$-0,$0,$0,$0,$-3,$-3,$0,$-0,$-3,$-0,$0,$0
6,2017-03-31,1.41,$0.83,1.7,$0.32,4.41,$0.15,9.67,0,0.0,$0.03B,$0.00B,11.05,$0.00B,$0.04B,0.0,$0.02B,$0.01B,52.94%,$0.02B,0,0.00%,$0.02B,0,0.00%,$0.02B,0,0.00%,$0.02B,0,0.00%,$0.02B,0,0.00%,$0.00B,$0.04B,0.00%,$0.00B,$0.04B,0.00%,$0.00B,$0.05B,0.00%,$0.00B,$0.04B,0.00%,$8,$3,$4,$0,$3,$7,$1,$0,$1,$0,$1,$1,$1,$1,$1,$51,51,$0.01,$0.01,$16,$8,$0,$30,$7,$6,$1,$0,$15,$45,$3,$0,$0,$0,$3,$0,$22,$-3,$42,$45,$1,$0,$0,$0,$0,$-0,$0,$-0,$1,$2,$-0,$0,$0,$0,$-1,$-1,$0,$-1,$0,$0,$0,$-0,$-0,$0,$0,$-0,$1,$0,$0
7,2016-12-31,1.38,$0.00,0.0,$0.25,5.47,$0.14,10.01,$-0.02,0.0,$0.03B,$0.00B,16.1,$0.00B,$0.04B,0.0,$0.01B,$0.01B,50.00%,$0.01B,$-0.00B,-14.29%,$0.01B,$-0.00B,-14.29%,$0.01B,$-0.00B,-7.14%,$0.01B,$-0.00B,-14.29%,$0.01B,$-0.00B,-14.29%,$-0.00B,$0.04B,-4.60%,$-0.00B,$0.04B,-4.73%,$-0.00B,$0.04B,-4.40%,$-0.00B,$0.04B,-4.60%,$0,$0,$0,$0,$0,$0,$0,$0,$0,$0,$0,$0,$0,$0,$0,$0,0,$0.00,$0.00,$14,$8,$0,$28,$7,$6,$1,$0,$15,$43,$2,$0,$0,$0,$2,$0,$21,$-3,$41,$43,$0,$0,$0,$0,$0,$0,$0,$0,$0,$0,$0,$0,$0,$0,$0,$0,$0,$0,$0,$0,$0,$0,$0,$0,$0,$0,$0,$0,$0
8,2016-09-30,1.24,$0.83,1.49,$0.39,3.15,$0.25,5.02,$-0.01,0.0,$0.03B,$0.00B,23.77,$0.00B,$0.04B,0.0,$0.02B,$0.01B,50.00%,$0.02B,$0.01B,27.27%,$0.02B,$-0.00B,-9.09%,$0.02B,$0.01B,31.82%,$0.02B,$-0.00B,-4.55%,$0.02B,$-0.00B,-9.09%,$-0.00B,$0.04B,-4.49%,$-0.00B,$0.04B,-4.65%,$-0.00B,$0.05B,-4.28%,$0.01B,$0.04B,13.48%,$5,$2,$3,$0,$2,$5,$-0,$0,$-0,$-0,$0,$0,$0,$0,$-0,$53,54,$0.00,$0.00,$17,$9,$0,$30,$8,$6,$2,$0,$16,$46,$1,$0,$0,$1,$2,$0,$20,$-3,$44,$46,$-1,$1,$1,$1,$3,$2,$0,$0,$3,$3,$0,$0,$0,$0,$-11,$-11,$0,$-11,$0,$0,$0,$-0,$-0,$0,$0,$-0,$-8,$0,$0
9,2016-06-30,1.11,$0.83,1.34,$0.45,2.45,$0.28,3.95,0,0.0,$0.04B,$0.00B,36.77,$0.00B,$0.04B,0.0,$0.03B,$0.01B,48.00%,$0.03B,$0.01B,28.00%,$0.03B,$-0.00B,-4.00%,$0.03B,$0.01B,32.00%,$0.03B,0,0.00%,$0.03B,$-0.00B,-4.00%,$-0.00B,$0.04B,-2.25%,$-0.00B,$0.04B,-2.33%,$-0.00B,$0.05B,-2.13%,$0.01B,$0.04B,15.73%,$4,$2,$2,$0,$2,$5,$-1,$0,$-1,$-0,$-1,$-1,$-1,$-1,$-1,$53,53,$-0.01,$-0.01,$22,$10,$0,$36,$8,$0,$2,$0,$10,$46,$1,$0,$0,$1,$2,$0,$20,$-2,$44,$46,$-1,$1,$0,$1,$3,$1,$0,$0,$3,$2,$0,$0,$0,$0,$0,$0,$0,$0,$0,$0,$0,$0,$0,$0,$0,$0,$3,$0,$0
10,2016-03-31,0.97,$0.84,1.15,$0.51,1.91,$0.29,3.33,0,0.0,$0.04B,$0.00B,20.03,$0.00B,$0.05B,0.0,$0.03B,$0.01B,46.43%,$0.03B,$0.01B,25.00%,$0.03B,$-0.00B,-3.57%,$0.03B,$0.01B,28.57%,$0.03B,0,0.00%,$0.03B,0,0.00%,$0.00B,$0.05B,0.00%,$0.00B,$0.04B,0.00%,$0.00B,$0.05B,0.00%,$0.01B,$0.05B,15.64%,$5,$2,$2,$0,$3,$5,$-1,$-0,$-1,$-0,$-1,$-1,$-1,$-0,$-1,$53,53,$-0.01,$-0.01,$21,$11,$0,$37,$8,$0,$2,$0,$10,$47,$2,$0,$0,$1,$2,$0,$21,$-2,$45,$47,$-1,$0,$0,$0,$2,$0,$0,$0,$2,$2,$0,$0,$0,$0,$0,$0,$0,$0,$0,$0,$0,$0,$0,$0,$0,$0,$2,$0,$0
11,2015-12-31,0.99,$0.84,1.18,$0.42,2.35,$0.26,3.78,$0.01,99.0,$0.04B,$0.00B,15.64,$0.00B,$0.05B,0.0,$0.02B,$0.01B,47.83%,$0.02B,$0.01B,34.78%,$0.02B,0,0.00%,$0.02B,$0.01B,34.78%,$0.02B,$0.00B,4.35%,$0.02B,$0.00B,4.35%,$0.00B,$0.05B,2.23%,$0.00B,$0.04B,2.33%,$0.00B,$0.05B,2.12%,$0.01B,$0.05B,17.88%,$8,$4,$4,$0,$0,$0,$8,$0,$1,$0,$0,$0,$0,$8,$0,$53,54,$0.01,$0.01,$19,$11,$0,$37,$8,$0,$1,$0,$11,$48,$2,$0,$0,$1,$3,$0,$22,$-3,$45,$48,$1,$1,$1,$1,$3,$1,$0,$-0,$4,$6,$0,$0,$0,$0,$0,$0,$0,$0,$0,$0,$0,$0,$0,$0,$-0,$-0,$5,$1,$0
12,2015-09-30,0.96,$0.83,1.15,$0.52,1.86,$0.06,15.09,$0.04,24.0,$0.04B,$0.00B,19.21,$0.00B,$0.04B,0.0,$0.03B,$0.01B,50.00%,$0.03B,$0.01B,46.43%,$0.03B,0,0.00%,$0.03B,$0.01B,46.43%,$0.03B,$0.00B,7.14%,$0.03B,$0.00B,10.71%,$0.00B,$0.04B,6.67%,$0.00B,$0.04B,6.94%,$0.00B,$0.05B,6.28%,$0.01B,$0.04B,28.89%,$8,$4,$4,$0,$3,$7,$1,$0,$1,$0,$1,$1,$1,$1,$1,$53,53,$0.01,$0.01,$19,$10,$0,$36,$9,$0,$2,$0,$11,$47,$2,$0,$0,$1,$3,$0,$21,$-3,$44,$47,$0,$0,$0,$1,$3,$2,$0,$-0,$4,$5,$0,$0,$0,$0,$0,$0,$0,$0,$0,$0,$0,$0,$0,$0,$-0,$-0,$5,$0,$0
13,2015-06-30,1.12,$0.84,1.34,$0.66,1.7,$-0.08,0.0,$0.07,16.0,$0.04B,$0.00B,22.85,$0.00B,$0.05B,0.0,$0.04B,$0.02B,52.78%,$0.04B,$0.02B,41.67%,$0.04B,$0.00B,5.56%,$0.04B,$0.02B,41.67%,$0.04B,$0.00B,11.11%,$0.04B,$0.00B,11.11%,$0.00B,$0.05B,8.94%,$0.00B,$0.04B,9.25%,$0.00B,$0.05B,8.25%,$0.02B,$0.05B,33.52%,$7,$4,$3,$0,$3,$7,$-1,$-0,$-1,$-0,$-0,$-0,$-0,$-1,$-1,$53,53,$-0.01,$-0.01,$17,$11,$0,$36,$9,$0,$2,$0,$11,$47,$2,$0,$0,$1,$2,$0,$20,$-2,$45,$47,$-0,$0,$0,$1,$2,$1,$0,$-0,$3,$3,$0,$0,$0,$0,$0,$0,$0,$0,$0,$0,$0,$0,$0,$0,$-0,$-0,$3,$0,$0
14,2015-03-31,1.35,$0.00,0.0,$0.80,1.68,$-0.14,0.0,$0.13,10.38,$0.04B,$0.00B,20.63,$0.00B,$0.05B,0.0,$0.04B,$0.02B,54.76%,$0.04B,$0.02B,45.24%,$0.04B,$0.01B,14.29%,$0.04B,$0.02B,45.24%,$0.04B,$0.01B,19.05%,$0.04B,$0.01B,14.29%,$0.01B,$0.05B,15.19%,$0.01B,$0.04B,15.58%,$0.01B,$0.05B,13.64%,$0.02B,$0.05B,48.10%,$0,$0,$0,$0,$0,$0,$0,$0,$0,$0,$0,$0,$0,$0,$0,$0,0,$0.00,$0.00,$14,$12,$0,$35,$9,$0,$2,$0,$11,$47,$2,$0,$0,$1,$2,$0,$21,$-2,$45,$47,$0,$0,$0,$0,$0,$0,$0,$0,$0,$0,$0,$0,$0,$0,$0,$0,$0,$0,$0,$0,$0,$0,$0,$0,$0,$0,$0,$0,$0
15,2014-12-31,2.28,$0.86,2.65,$0.80,2.84,$-0.14,0.0,$0.13,17.54,$0.04B,$0.01B,8.43,$0.00B,$0.05B,0.0,$0.04B,$0.02B,54.76%,$0.04B,$0.02B,45.24%,$0.04B,$0.01B,14.29%,$0.04B,$0.02B,45.24%,$0.04B,$0.01B,19.05%,$0.04B,$0.01B,14.29%,$0.01B,$0.05B,17.91%,$0.01B,$0.04B,18.18%,$0.01B,$0.05B,15.58%,$0.02B,$0.05B,56.72%,$13,$6,$7,$1,$0,$0,$13,$0,$2,$-0,$0,$0,$2,$13,$0,$53,53,$0.04,$0.04,$15,$11,$0,$39,$9,$0,$2,$0,$11,$50,$5,$0,$0,$0,$5,$0,$21,$-1,$46,$50,$6,$1,$1,$2,$-3,$-5,$0,$-1,$-7,$1,$-6,$0,$-1,$0,$0,$0,$0,$-7,$0,$0,$0,$17,$17,$0,$0,$17,$11,$1,$0
16,2014-09-30,4.15,$0.82,5.08,$0.77,5.39,$-0.03,0.0,$0.12,34.58,$0.04B,$0.01B,5.92,$0.00B,$0.04B,0.0,$0.04B,$0.02B,53.85%,$0.04B,$0.02B,41.03%,$0.04B,$0.01B,15.38%,$0.04B,$0.02B,41.03%,$0.04B,$0.01B,20.51%,$0.04B,$0.01B,12.82%,$0.01B,$0.04B,18.52%,$0.01B,$0.04B,18.52%,$0.01B,$0.05B,15.63%,$0.02B,$0.04B,59.26%,$16,$7,$9,$1,$5,$12,$3,$0,$3,$1,$2,$2,$2,$3,$3,$52,53,$0.04,$0.04,$19,$8,$0,$42,$8,$0,$0,$0,$8,$50,$7,$0,$0,$0,$7,$0,$19,$-0,$43,$50,$4,$0,$1,$1,$-6,$-2,$0,$-0,$-4,$1,$-4,$0,$0,$0,$0,$0,$0,$-4,$0,$0,$0,$18,$18,$0,$-2,$17,$14,$1,$0
17,2014-06-30,4.51,$0.51,8.9,$0.68,6.66,$0.01,402.68,$0.12,37.58,$0.02B,$0.01B,4.72,$0.00B,$0.02B,0.0,$0.03B,$0.02B,56.25%,$0.03B,$0.02B,50.00%,$0.03B,$0.01B,18.75%,$0.03B,$0.02B,50.00%,$0.03B,$0.01B,25.00%,$0.03B,$0.01B,15.63%,$0.01B,$0.02B,25.32%,$0.01B,$0.02B,25.32%,$0.01B,$0.03B,20.83%,$0.02B,$0.02B,81.01%,$13,$6,$7,$0,$4,$10,$3,$0,$3,$1,$2,$2,$2,$3,$3,$48,49,$0.05,$0.05,$5,$7,$0,$24,$5,$0,$0,$0,$5,$29,$5,$0,$0,$0,$5,$0,$17,$0,$24,$29,$2,$0,$0,$1,$-3,$-0,$0,$-0,$-2,$1,$-1,$0,$0,$0,$0,$0,$0,$-1,$0,$0,$0,$0,$0,$0,$0,$0,$0,$0,$0
18,2014-03-31,3.27,$0.00,0.0,$0.56,5.8,$0.03,99.09,$0.11,29.73,$0.02B,$0.00B,6.05,$0.00B,$0.02B,0.0,$0.03B,$0.02B,57.69%,$0.03B,$0.02B,57.69%,$0.03B,$0.01B,19.23%,$0.03B,$0.02B,57.69%,$0.03B,$0.01B,26.92%,$0.03B,$0.01B,19.23%,$0.01B,$0.02B,29.85%,$0.01B,$0.02B,29.85%,$0.01B,$0.03B,24.69%,$0.02B,$0.02B,89.55%,$0,$0,$0,$0,$0,$0,$0,$0,$0,$0,$0,$0,$0,$0,$0,$0,0,$0.00,$0.00,$4,$7,$0,$20,$4,$0,$0,$0,$4,$25,$3,$0,$0,$0,$3,$0,$15,$-0,$21,$25,$0,$0,$0,$0,$0,$0,$0,$0,$0,$0,$0,$0,$0,$0,$0,$0,$0,$0,$0,$0,$0,$0,$0,$0,$0,$0,$0,$0,$0
19,2013-12-31,3.65,$0.42,8.61,$0.56,6.48,$0.03,110.61,$0.11,33.18,$0.02B,$0.00B,6.09,$0.00B,$0.02B,0.0,$0.03B,$0.02B,57.69%,$0.03B,$0.02B,57.69%,$0.03B,$0.01B,19.23%,$0.03B,$0.02B,57.69%,$0.03B,$0.01B,26.92%,$0.03B,$0.01B,19.23%,$0.01B,$0.02B,35.71%,$0.01B,$0.02B,35.71%,$0.01B,$0.02B,29.41%,$0.02B,$0.02B,107.14%,$10,$4,$5,$0,$0,$0,$10,$0,$2,$1,$0,$0,$1,$10,$0,$47,47,$0.03,$0.03,$6,$7,$0,$21,$3,$0,$0,$0,$3,$24,$3,$0,$0,$0,$3,$0,$14,$-0,$20,$24,$5,$0,$1,$1,$-3,$-4,$0,$-0,$-5,$1,$-1,$0,$0,$0,$0,$0,$0,$-1,$0,$0,$0,$4,$4,$0,$0,$4,$5,$0,$0
20,2013-09-30,2.2,$0.31,7.04,$0.44,5.01,$0.01,156.03,$0.07,31.43,$0.02B,$0.00B,4.21,$0.00B,$0.01B,0.0,$0.02B,$0.01B,60.00%,$0.02B,$0.01B,45.00%,$0.02B,$0.01B,25.00%,$0.02B,$0.01B,45.00%,$0.02B,$0.01B,25.00%,$0.02B,$0.00B,20.00%,$0.00B,$0.01B,34.78%,$0.00B,$0.01B,34.78%,$0.00B,$0.02B,28.57%,$0.01B,$0.01B,78.26%,$9,$4,$6,$0,$2,$6,$3,$0,$3,$1,$2,$2,$2,$3,$3,$45,46,$0.05,$0.04,$1,$6,$0,$15,$2,$0,$0,$0,$2,$18,$4,$0,$0,$0,$4,$0,$13,$0,$14,$18,$4,$0,$0,$0,$-3,$-3,$0,$-0,$-4,$0,$-0,$0,$0,$0,$0,$0,$0,$-0,$0,$0,$0,$0,$0,$0,$0,$0,$-0,$0,$0
21,2013-06-30,1.37,$0.27,5.15,$0.33,4.13,$0.02,86.16,$0.04,34.25,$0.01B,$0.00B,5.16,$0.00B,$0.01B,0.0,$0.02B,$0.01B,53.33%,$0.02B,$0.01B,46.67%,$0.02B,$0.00B,20.00%,$0.02B,$0.01B,46.67%,$0.02B,$0.00B,20.00%,$0.02B,$0.00B,20.00%,$0.00B,$0.01B,28.57%,$0.00B,$0.01B,28.57%,$0.00B,$0.01B,23.53%,$0.01B,$0.01B,66.67%,$7,$3,$4,$0,$2,$5,$2,$-0,$2,$1,$2,$2,$2,$2,$2,$45,46,$0.04,$0.04,$2,$5,$0,$12,$2,$0,$0,$0,$2,$14,$2,$0,$0,$0,$2,$0,$11,$0,$12,$14,$2,$0,$0,$0,$-0,$-1,$0,$-0,$-1,$1,$-0,$0,$0,$0,$0,$0,$0,$-0,$0,$0,$0,$0,$0,$0,$0,$0,$1,$0,$0
22,2013-03-31,1.4,$0.00,0.0,$0.26,5.46,$0.01,111.11,$0.01,140.0,$0.01B,$0.00B,5.28,$0.00B,$0.01B,0.0,$0.01B,$0.01B,50.00%,$0.01B,$0.01B,50.00%,$0.01B,$0.00B,16.67%,$0.01B,$0.01B,50.00%,$0.01B,$0.00B,16.67%,$0.01B,$0.00B,16.67%,$0.00B,$0.01B,20.51%,$0.00B,$0.01B,20.51%,$0.00B,$0.01B,16.67%,$0.01B,$0.01B,61.54%,$0,$0,$0,$0,$0,$0,$0,$0,$0,$0,$0,$0,$0,$0,$0,$0,0,$0.00,$0.00,$1,$3,$0,$10,$2,$0,$0,$0,$2,$12,$2,$0,$0,$0,$2,$0,$9,$0,$10,$12,$0,$0,$0,$0,$0,$0,$0,$0,$0,$0,$0,$0,$0,$0,$0,$0,$0,$0,$0,$0,$0,$0,$0,$0,$0,$0,$0,$0,$0
23,2012-12-31,1.39,$0.21,6.51,$0.26,5.42,$0.01,110.32,$0.01,139.0,$0.01B,$0.00B,4.46,$0.00B,$0.01B,0.0,$0.01B,$0.01B,50.00%,$0.01B,$0.01B,50.00%,$0.01B,$0.00B,16.67%,$0.01B,$0.01B,50.00%,$0.01B,$0.00B,16.67%,$0.01B,$0.00B,16.67%,$0.00B,$0.01B,21.05%,$0.00B,$0.01B,21.05%,$0.00B,$0.01B,17.39%,$0.01B,$0.01B,63.16%,$4,$1,$2,$0,$0,$0,$4,$0,$-0,$-0,$0,$0,$-0,$4,$0,$45,45,$-0.01,$-0.01,$1,$3,$0,$10,$2,$0,$0,$0,$2,$12,$2,$0,$0,$0,$2,$0,$9,$0,$10,$12,$1,$0,$0,$1,$-1,$-1,$0,$0,$-1,$0,$-0,$0,$0,$0,$0,$0,$0,$-0,$0,$0,$0,$0,$0,$0,$0,$0,$-0,$0,$0
24,2012-09-30,1.35,$0.23,5.88,$0.29,4.66,$0.00,0.0,$0.02,67.5,$0.01B,$0.00B,4.78,$0.00B,$0.01B,0.0,$0.01B,$0.01B,46.15%,$0.01B,$0.01B,53.85%,$0.01B,$0.00B,15.38%,$0.01B,$0.01B,53.85%,$0.01B,$0.00B,23.08%,$0.01B,$0.00B,23.08%,$0.00B,$0.01B,33.33%,$0.00B,$0.01B,33.33%,$0.00B,$0.01B,27.27%,$0.01B,$0.01B,77.78%,$4,$2,$2,$0,$1,$3,$1,$0,$1,$0,$1,$1,$1,$1,$1,$45,45,$0.01,$0.01,$3,$3,$0,$10,$2,$0,$0,$0,$2,$13,$2,$0,$0,$0,$2,$0,$9,$1,$10,$13,$1,$0,$0,$0,$0,$-1,$0,$-0,$-1,$0,$-0,$0,$0,$0,$0,$0,$0,$-0,$0,$0,$0,$0,$0,$0,$0,$0,$1,$0,$0
25,2012-06-30,1.3,$0.20,6.41,$0.29,4.43,$-0.01,0.0,$0.01,130.0,$0.01B,$0.00B,6.03,$0.00B,$0.01B,0.0,$0.01B,$0.01B,50.00%,$0.01B,$0.01B,57.14%,$0.01B,$0.00B,21.43%,$0.01B,$0.01B,57.14%,$0.01B,$0.00B,28.57%,$0.01B,$0.00B,21.43%,$0.00B,$0.01B,36.36%,$0.00B,$0.01B,36.36%,$0.00B,$0.01B,30.77%,$0.01B,$0.01B,96.97%,$4,$2,$2,$0,$1,$3,$1,$-0,$1,$0,$1,$1,$1,$1,$1,$45,45,$0.01,$0.01,$3,$2,$0,$9,$2,$0,$0,$0,$2,$11,$1,$0,$0,$0,$1,$0,$9,$0,$9,$11,$1,$0,$0,$0,$0,$-0,$0,$-0,$0,$1,$-0,$0,$0,$0,$0,$0,$0,$-0,$0,$0,$0,$0,$0,$0,$0,$0,$1,$0,$0
26,2012-03-31,1.65,$0.00,0.0,$0.27,6.08,$-0.04,0.0,0,0.0,$0.01B,$0.00B,5.45,$0.00B,$0.01B,0.0,$0.01B,$0.01B,53.85%,$0.01B,$0.01B,61.54%,$0.01B,$0.00B,23.08%,$0.01B,$0.01B,61.54%,$0.01B,$0.00B,30.77%,$0.01B,$0.00B,23.08%,$0.00B,$0.01B,40.00%,$0.00B,$0.01B,40.00%,$0.00B,$0.01B,34.29%,$0.01B,$0.01B,106.67%,$0,$0,$0,$0,$0,$0,$0,$0,$0,$0,$0,$0,$0,$0,$0,$0,0,$0.00,$0.00,$2,$2,$0,$8,$2,$0,$0,$0,$2,$10,$1,$0,$0,$0,$1,$0,$8,$0,$9,$10,$0,$0,$0,$0,$0,$0,$0,$0,$0,$0,$0,$0,$0,$0,$0,$0,$0,$0,$0,$0,$0,$0,$0,$0,$0,$0,$0,$0,$0
27,2011-12-31,0.75,$0.18,4.17,$0.27,2.74,$-0.04,0.0,0,0.0,$0.01B,$0.00B,4.53,$0.00B,$0.01B,0.0,$0.01B,$0.01B,53.85%,$0.01B,$0.01B,61.54%,$0.01B,$0.00B,23.08%,$0.01B,$0.01B,61.54%,$0.01B,$0.00B,30.77%,$0.01B,$0.00B,23.08%,$0.00B,$0.01B,44.44%,$0.00B,$0.01B,44.44%,$0.00B,$0.01B,38.71%,$0.01B,$0.01B,118.52%,$5,$3,$2,$0,$0,$0,$5,$0,$1,$0,$0,$0,$1,$5,$0,$45,45,$0.02,$0.02,$1,$2,$0,$8,$2,$0,$0,$0,$2,$10,$2,$0,$0,$0,$2,$0,$8,$0,$8,$10,$3,$0,$0,$0,$-3,$-0,$0,$0,$-2,$1,$-1,$0,$0,$0,$0,$0,$0,$-1,$0,$0,$0,$0,$0,$0,$0,$0,$-1,$0,$0
28,2011-09-30,0.98,$0.16,6.24,$0.22,4.47,$-0.05,0.0,0,0.0,$0.01B,$0.00B,6.5,$0.00B,$0.01B,0.0,$0.01B,$0.01B,63.64%,$0.01B,$0.00B,36.36%,$0.01B,$0.00B,36.36%,$0.01B,$0.00B,36.36%,$0.01B,$0.00B,36.36%,$0.01B,$0.00B,27.27%,$0.00B,$0.01B,50.00%,$0.00B,$0.01B,50.00%,$0.00B,$0.01B,44.44%,$0.00B,$0.01B,66.67%,$5,$2,$3,$0,$1,$3,$2,$-0,$2,$0,$1,$1,$1,$2,$2,$45,45,$0.03,$0.03,$1,$1,$0,$6,$2,$0,$0,$0,$2,$8,$1,$0,$0,$0,$1,$0,$7,$0,$7,$8,$2,$0,$0,$0,$-2,$-0,$0,$0,$-2,$0,$-1,$0,$0,$0,$0,$0,$0,$-1,$0,$0,$0,$0,$0,$0,$0,$0,$-1,$0,$0
29,2011-06-30,0.25,$0.14,1.79,$0.17,1.5,$-0.05,0.0,0,0.0,$0.01B,$0.00B,6.26,$0.00B,$0.01B,0.0,$0.01B,$0.01B,62.50%,$0.01B,$0.00B,37.50%,$0.01B,$0.00B,37.50%,$0.01B,$0.00B,37.50%,$0.01B,$0.00B,37.50%,$0.01B,$0.00B,37.50%,$0.00B,$0.01B,57.14%,$0.00B,$0.01B,57.14%,$0.00B,$0.01B,50.00%,$0.00B,$0.01B,57.14%,$3,$1,$2,$0,$1,$2,$1,$0,$1,$0,$1,$1,$1,$1,$1,$45,45,$0.02,$0.02,$1,$2,$0,$5,$2,$0,$0,$0,$2,$7,$1,$0,$0,$0,$1,$0,$6,$1,$6,$7,$1,$0,$0,$0,$-0,$-0,$0,$0,$-1,$0,$-1,$0,$0,$0,$0,$0,$0,$-1,$0,$0,$0,$0,$0,$0,$0,$0,$-1,$0,$0
30,2011-03-31,0.48,$0.00,0.0,$0.12,3.86,$-0.03,0.0,0,0.0,$0.01B,$0.00B,10.88,$0.00B,$0.01B,0.0,$0.01B,$0.00B,50.00%,$0.01B,$0.00B,33.33%,$0.01B,$0.00B,33.33%,$0.01B,$0.00B,33.33%,$0.01B,$0.00B,33.33%,$0.01B,$0.00B,33.33%,$0.00B,$0.01B,44.44%,$0.00B,$0.01B,44.44%,$0.00B,$0.01B,38.10%,$0.00B,$0.01B,44.44%,$0,$0,$0,$0,$0,$0,$0,$0,$0,$0,$0,$0,$0,$0,$0,$0,0,$0.00,$0.00,$2,$1,$0,$5,$1,$0,$0,$0,$1,$6,$0,$0,$0,$0,$0,$0,$5,$1,$6,$6,$0,$0,$0,$0,$0,$0,$0,$0,$0,$0,$0,$0,$0,$0,$0,$0,$0,$0,$0,$0,$0,$0,$0,$0,$0,$0,$0,$0,$0
31,2010-12-31,0.25,$0.11,2.34,$0.12,2.01,$-0.03,0.0,0,0.0,$0.01B,$0.00B,5.43,$0.00B,$0.01B,0.0,$0.01B,$0.00B,57.14%,$0.01B,$0.00B,28.57%,$0.01B,$0.00B,28.57%,$0.01B,$0.00B,28.57%,$0.01B,$0.00B,28.57%,$0.01B,$0.00B,28.57%,$0.00B,$0.01B,53.33%,$0.00B,$0.01B,53.33%,$0.00B,$0.01B,42.11%,$0.00B,$0.01B,53.33%,$3,$1,$2,$0,$1,$2,$1,$-0,$1,$0,$1,$1,$1,$1,$1,$45,45,$0.01,$0.01,$1,$1,$0,$5,$1,$0,$0,$0,$1,$6,$1,$0,$0,$0,$1,$0,$4,$0,$5,$6,$1,$0,$0,$0,$-2,$-1,$0,$-0,$-2,$-1,$-0,$0,$0,$0,$0,$0,$0,$-0,$0,$0,$0,$0,$0,$0,$0,$0,$-1,$0,$0
