,Date,Stock Price,Book Value per Share,Price to Book Ratio,TTM Sales per Share,Price to Sales Ratio,TTM FCF per Share,Price to FCF Ratio,TTM Net EPS,PE Ratio,Current Assets,Current Liabilities,Current Ratio,Long Term Debt,Shareholder's Equity_x,Debt to Equity Ratio,TTM Revenue_x,TTM Gross Profit,Gross Margin,TTM Revenue_y,TTM Operating Income,Operating Margin,TTM Revenue_x,TTM EBIT,EBIT Margin,TTM Revenue_y,TTM EBITDA,EBITDA Margin,TTM Revenue_x,TTM Pre-Tax Income,Pre-Tax Margin,TTM Revenue_y,TTM Net Income_x,Net Margin,TTM Net Income_y,Shareholder's Equity_y,Return on Equity,TTM Net Income_x,Tangible Equity,Return on Tangible Equity,TTM Net Income_y,Total Assets,Return on Assets,TTM Net Income,LT Investments & Debt,Return on Investment,revenue,cost-goods-sold,gross-profit,research-development-expenses,selling-general-administrative-expenses,operating-expenses,operating-income,total-non-operating-income-expense,pre-tax-income,total-provision-income-taxes,income-after-taxes,income-from-continuous-operations,net-income,ebitda,ebit,basic-shares-outstanding,shares-outstanding,eps-basic-net-earnings-per-share,eps-earnings-per-share-diluted,cash-on-hand,inventory,other-current-assets,total-current-assets,net-property-plant-equipment,long-term-investments,goodwill-intangible-assets-total,other-long-term-assets,total-long-term-assets,total-assets,total-current-liabilities,long-term-debt,other-non-current-liabilities,total-long-term-liabilities,total-liabilities,common-stock-net,retained-earnings-accumulated-deficit,comprehensive-income,total-share-holder-equity,total-liabilities-share-holders-equity,net-income-loss,total-depreciation-amortization-cash-flow,other-non-cash-items,total-non-cash-items,change-in-accounts-receivable,change-in-inventories,change-in-accounts-payable,change-in-assets-liabilities,total-change-in-assets-liabilities,cash-flow-from-operating-activities,net-change-in-property-plant-equipment,net-change-in-intangible-assets,net-acquisitions-divestitures,net-change-in-short-term-investments,net-change-in-long-term-investments,net-change-in-investments-total,investing-activities-other,cash-flow-from-investing-activities,net-long-term-debt,net-current-debt,debt-issuance-retirement-net-total,net-common-equity-issued-repurchased,net-total-equity-issued-repurchased,total-common-preferred-stock-dividends-paid,financial-activities-other,cash-flow-from-financial-activities,net-cash-flow,stock-based-compensation,common-stock-dividends-paid
0,2018-09-30,24.55,$19.92,1.23,$6.25,3.93,$5.69,4.31,$1.57,15.64,$7.35B,$6.72B,1.09,$1.56B,$1.33B,1.17,$0.41B,$0.35B,86.70%,$0.41B,$0.14B,33.74%,$0.41B,0,0.00%,$0.41B,0,0.00%,$0.41B,$0.14B,33.74%,$0.41B,$0.10B,24.88%,$0.10B,$1.33B,7.70%,$0.10B,$0.91B,11.32%,$0.10B,$9.71B,1.04%,$0.14B,$2.89B,4.62%,$107,$15,$92,$0,$47,$63,$44,$0,$44,$9,$35,$35,$35,$0,$0,$65,65,$0.55,$0.54,$149,$0,$0,$7353,$59,$1589,$419,$289,$2356,$9710,$6720,$1555,$103,$1658,$8378,$1,$628,$-25,$1332,$9710,$83,$11,$8,$19,$-0,$0,$0,$32,$31,$133,$-2,$0,$0,$0,$-23,$-23,$99,$74,$-37,$-175,$-213,$0,$0,$-41,$5,$-248,$-42,$8,$-41
1,2018-06-30,27.3,$19.64,1.39,$6.10,4.47,$5.06,5.4,$1.44,18.96,$7.37B,$6.67B,1.1,$1.67B,$1.31B,1.28,$0.40B,$0.35B,87.12%,$0.40B,$0.13B,33.33%,$0.40B,0,0.00%,$0.40B,0,0.00%,$0.40B,$0.13B,33.33%,$0.40B,$0.09B,23.48%,$0.09B,$1.31B,7.13%,$0.09B,$0.89B,10.53%,$0.09B,$9.73B,0.96%,$0.13B,$2.98B,4.47%,$102,$14,$88,$0,$64,$78,$24,$0,$24,$5,$19,$19,$19,$0,$0,$65,65,$0.30,$0.30,$142,$0,$0,$7366,$60,$1604,$419,$283,$2367,$9733,$6674,$1672,$76,$1748,$8422,$1,$606,$-20,$1311,$9733,$47,$8,$4,$11,$0,$0,$0,$15,$15,$73,$-1,$0,$0,$0,$-29,$-29,$73,$43,$114,$-215,$-101,$-1,$-1,$-27,$-36,$-165,$-49,$5,$-27
2,2018-03-31,25.19,$19.56,1.29,$6.01,4.19,$4.56,5.53,$1.52,16.57,$7.39B,$6.76B,1.09,$1.62B,$1.31B,1.24,$0.39B,$0.34B,87.66%,$0.39B,$0.14B,36.76%,$0.39B,0,0.00%,$0.39B,0,0.00%,$0.39B,$0.14B,36.76%,$0.39B,$0.10B,25.19%,$0.10B,$1.31B,7.56%,$0.10B,$0.89B,11.19%,$0.10B,$9.73B,1.02%,$0.14B,$2.92B,4.84%,$100,$13,$87,$0,$52,$65,$34,$0,$34,$6,$28,$28,$28,$0,$0,$65,65,$0.43,$0.43,$134,$0,$0,$7391,$62,$1582,$420,$281,$2343,$9734,$6757,$1617,$56,$1673,$8429,$1,$601,$-17,$1305,$9734,$28,$4,$9,$13,$-1,$0,$0,$-8,$-9,$32,$-1,$0,$0,$0,$-0,$-0,$35,$34,$129,$-282,$-152,$-1,$-1,$-14,$43,$-124,$-57,$2,$-14
3,2017-12-31,26.34,$19.52,1.35,$5.88,4.48,$4.44,5.94,$1.46,18.04,$7.49B,$6.71B,1.12,$1.77B,$1.30B,1.36,$0.38B,$0.33B,88.13%,$0.38B,$0.14B,37.20%,$0.38B,0,0.00%,$0.38B,0,0.00%,$0.38B,$0.14B,37.20%,$0.38B,$0.09B,24.80%,$0.09B,$1.30B,7.30%,$0.09B,$0.88B,10.85%,$0.09B,$9.85B,0.98%,$0.14B,$3.07B,4.76%,$97,$12,$85,$0,$49,$62,$35,$0,$35,$16,$19,$19,$19,$0,$0,$64,65,$0.30,$0.29,$191,$0,$0,$7486,$63,$1597,$420,$279,$2359,$9845,$6714,$1768,$64,$1832,$8547,$1,$586,$-7,$1299,$9845,$94,$18,$55,$73,$-3,$0,$0,$-47,$-50,$117,$18,$0,$0,$0,$-6,$-6,$-318,$-306,$-193,$323,$130,$4,$4,$-60,$162,$236,$47,$10,$-60
4,2017-09-30,25.71,$19.56,1.31,$5.82,4.42,$4.27,6.03,$1.51,17.03,$7.14B,$6.59B,1.08,$1.55B,$1.30B,1.19,$0.37B,$0.33B,88.24%,$0.37B,$0.14B,37.17%,$0.37B,0,0.00%,$0.37B,0,0.00%,$0.37B,$0.14B,37.17%,$0.37B,$0.10B,26.20%,$0.10B,$1.30B,7.68%,$0.10B,$0.88B,11.48%,$0.10B,$9.50B,1.03%,$0.14B,$2.85B,4.77%,$97,$12,$85,$0,$46,$58,$39,$0,$39,$12,$27,$27,$27,$0,$0,$64,65,$0.41,$0.41,$149,$0,$0,$7144,$79,$1581,$421,$271,$2351,$9495,$6591,$1551,$53,$1604,$8195,$1,$587,$-1,$1300,$9495,$74,$13,$11,$24,$-0,$0,$0,$-8,$-8,$91,$-2,$0,$0,$0,$20,$20,$-19,$-1,$-97,$10,$-87,$3,$3,$-39,$38,$-85,$4,$7,$-39
5,2017-06-30,24.27,$19.32,1.26,$5.73,4.24,$4.15,5.84,$1.46,16.62,$7.15B,$6.50B,1.1,$1.71B,$1.28B,1.33,$0.37B,$0.32B,88.28%,$0.37B,$0.13B,35.97%,$0.37B,0,0.00%,$0.37B,0,0.00%,$0.37B,$0.13B,35.97%,$0.37B,$0.09B,25.61%,$0.09B,$1.28B,7.45%,$0.09B,$0.86B,11.20%,$0.09B,$9.54B,0.99%,$0.13B,$2.99B,4.55%,$95,$11,$84,$0,$48,$60,$35,$0,$35,$10,$24,$24,$24,$0,$0,$64,65,$0.38,$0.38,$153,$0,$0,$7149,$80,$1611,$421,$278,$2391,$9539,$6501,$1705,$50,$1755,$8256,$1,$573,$-1,$1284,$9539,$48,$9,$8,$17,$-14,$0,$0,$-11,$-25,$40,$-1,$0,$0,$0,$-8,$-8,$-14,$-23,$-30,$94,$63,$2,$2,$-25,$-49,$-8,$9,$5,$-25
6,2017-03-31,24.53,$19.10,1.28,$5.64,4.35,$4.41,5.57,$1.42,17.28,$7.12B,$6.53B,1.09,$1.67B,$1.27B,1.32,$0.36B,$0.32B,88.09%,$0.36B,$0.13B,35.18%,$0.36B,0,0.00%,$0.36B,0,0.00%,$0.36B,$0.13B,35.18%,$0.36B,$0.09B,25.21%,$0.09B,$1.27B,7.29%,$0.09B,$0.85B,11.03%,$0.09B,$9.51B,0.97%,$0.13B,$2.93B,4.40%,$90,$11,$80,$0,$47,$59,$32,$0,$32,$8,$24,$24,$24,$0,$0,$64,64,$0.37,$0.37,$158,$0,$0,$7121,$82,$1614,$422,$271,$2389,$9510,$6530,$1667,$46,$1713,$8243,$1,$562,$-3,$1267,$9510,$24,$5,$6,$10,$-1,$0,$0,$-9,$-9,$24,$-1,$0,$0,$0,$-11,$-11,$6,$-6,$-21,$48,$28,$2,$2,$-13,$-22,$-5,$14,$2,$-13
7,2016-12-31,26.67,$18.94,1.41,$5.61,4.75,$4.45,6.0,$1.38,19.32,$7.11B,$6.55B,1.09,$1.64B,$1.25B,1.31,$0.36B,$0.31B,87.71%,$0.36B,$0.13B,34.92%,$0.36B,0,0.00%,$0.36B,0,0.00%,$0.36B,$0.13B,34.92%,$0.36B,$0.09B,24.58%,$0.09B,$1.25B,7.13%,$0.09B,$0.83B,10.85%,$0.09B,$9.50B,0.95%,$0.13B,$2.89B,4.38%,$92,$11,$81,$0,$48,$59,$33,$0,$33,$10,$23,$23,$23,$0,$0,$64,64,$0.35,$0.35,$144,$0,$0,$7113,$84,$1604,$423,$276,$2387,$9500,$6554,$1637,$58,$1695,$8249,$1,$551,$-3,$1252,$9500,$88,$21,$16,$37,$-1,$0,$0,$4,$2,$127,$-5,$0,$0,$0,$-106,$-106,$-470,$-581,$-130,$35,$-95,$5,$5,$-45,$631,$496,$42,$8,$-45
8,2016-09-30,19.86,$18.84,1.05,$5.60,3.55,$4.26,4.67,$1.37,14.5,$7.01B,$6.53B,1.08,$1.55B,$1.24B,1.24,$0.36B,$0.31B,87.92%,$0.36B,$0.12B,34.55%,$0.36B,0,0.00%,$0.36B,0,0.00%,$0.36B,$0.12B,34.55%,$0.36B,$0.09B,24.44%,$0.09B,$1.24B,7.13%,$0.09B,$0.82B,10.93%,$0.09B,$9.39B,0.95%,$0.12B,$2.79B,4.30%,$90,$11,$79,$0,$46,$58,$32,$0,$32,$9,$23,$23,$23,$0,$0,$64,64,$0.36,$0.36,$160,$0,$0,$7014,$85,$1580,$424,$287,$2376,$9390,$6527,$1547,$72,$1618,$8146,$1,$538,$6,$1244,$9390,$65,$16,$9,$25,$0,$0,$0,$-7,$-6,$84,$-4,$0,$0,$0,$-57,$-57,$-354,$-415,$-104,$-82,$-185,$4,$4,$-35,$604,$388,$57,$5,$-35
9,2016-06-30,18.21,$18.68,0.97,$5.54,3.29,$4.28,4.26,$1.34,13.59,$6.86B,$6.23B,1.1,$1.69B,$1.23B,1.38,$0.35B,$0.31B,88.03%,$0.35B,$0.12B,34.47%,$0.35B,0,0.00%,$0.35B,0,0.00%,$0.35B,$0.12B,34.47%,$0.35B,$0.09B,24.22%,$0.09B,$1.23B,7.05%,$0.09B,$0.81B,10.90%,$0.09B,$9.23B,0.94%,$0.12B,$2.92B,4.16%,$89,$11,$78,$0,$47,$58,$30,$0,$30,$9,$21,$21,$21,$0,$0,$64,64,$0.34,$0.34,$118,$0,$0,$6864,$87,$1569,$424,$283,$2363,$9227,$6230,$1694,$74,$1767,$7997,$1,$527,$7,$1230,$9227,$42,$11,$7,$17,$0,$0,$0,$-3,$-3,$57,$-2,$0,$0,$0,$-40,$-40,$-245,$-288,$-44,$1,$-42,$1,$1,$-23,$311,$246,$15,$4,$-23
10,2016-03-31,18.55,$18.47,1.0,$5.56,3.34,$4.20,4.42,$1.35,13.74,$6.71B,$6.16B,1.09,$1.60B,$1.21B,1.31,$0.35B,$0.31B,88.32%,$0.35B,$0.12B,34.76%,$0.35B,0,0.00%,$0.35B,0,0.00%,$0.35B,$0.12B,34.76%,$0.35B,$0.09B,24.50%,$0.09B,$1.21B,7.23%,$0.09B,$0.79B,11.29%,$0.09B,$9.03B,0.97%,$0.12B,$2.81B,4.21%,$87,$11,$76,$0,$45,$57,$30,$0,$30,$9,$21,$21,$21,$0,$0,$63,64,$0.33,$0.33,$108,$0,$0,$6709,$88,$1529,$425,$274,$2317,$9026,$6155,$1596,$61,$1657,$7812,$1,$517,$4,$1214,$9026,$21,$5,$3,$9,$0,$0,$0,$-2,$-2,$28,$-2,$0,$0,$0,$-3,$-3,$-101,$-106,$-38,$-99,$-137,$-0,$-0,$-11,$233,$84,$6,$2,$-11
11,2015-12-31,18.34,$18.26,1.0,$5.50,3.33,$4.09,4.48,$1.34,13.69,$6.60B,$5.92B,1.12,$1.73B,$1.20B,1.45,$0.35B,$0.31B,88.18%,$0.35B,$0.12B,34.58%,$0.35B,0,0.00%,$0.35B,0,0.00%,$0.35B,$0.12B,34.58%,$0.35B,$0.09B,24.50%,$0.09B,$1.20B,7.23%,$0.09B,$0.77B,11.28%,$0.09B,$8.91B,0.97%,$0.12B,$2.93B,4.20%,$90,$11,$80,$0,$48,$59,$31,$0,$31,$9,$22,$22,$22,$0,$0,$63,63,$0.33,$0.33,$102,$0,$0,$6604,$89,$1516,$426,$276,$2307,$8912,$5924,$1731,$61,$1792,$7716,$1,$508,$-3,$1196,$8912,$84,$21,$11,$32,$-1,$0,$0,$-0,$-1,$115,$-6,$0,$-26,$0,$81,$81,$-458,$-409,$145,$53,$198,$3,$3,$-41,$133,$292,$-2,$8,$-41
12,2015-09-30,17.6,$18.11,0.97,$5.48,3.21,$3.80,4.63,$1.34,13.14,$6.52B,$5.83B,1.12,$1.79B,$1.18B,1.51,$0.34B,$0.30B,88.01%,$0.34B,$0.12B,35.09%,$0.34B,0,0.00%,$0.34B,0,0.00%,$0.34B,$0.12B,35.09%,$0.34B,$0.08B,24.56%,$0.08B,$1.18B,7.22%,$0.08B,$0.76B,11.26%,$0.08B,$8.86B,0.97%,$0.12B,$2.97B,4.30%,$85,$10,$75,$0,$44,$55,$30,$0,$30,$9,$21,$21,$21,$0,$0,$63,63,$0.33,$0.33,$128,$0,$0,$6523,$90,$1545,$429,$271,$2335,$8859,$5826,$1785,$64,$1849,$7675,$1,$496,$2,$1184,$8859,$62,$17,$9,$25,$1,$0,$0,$-2,$-1,$86,$-5,$0,$-26,$0,$64,$64,$-351,$-317,$137,$114,$251,$1,$1,$-32,$36,$256,$25,$6,$-32
13,2015-06-30,17.0,$17.88,0.95,$5.49,3.1,$3.56,4.77,$1.31,12.98,$6.38B,$5.81B,1.1,$1.71B,$1.17B,1.47,$0.34B,$0.30B,87.72%,$0.34B,$0.12B,34.21%,$0.34B,0,0.00%,$0.34B,0,0.00%,$0.34B,$0.12B,34.21%,$0.34B,$0.08B,23.98%,$0.08B,$1.17B,7.13%,$0.08B,$0.73B,11.11%,$0.08B,$8.75B,0.96%,$0.12B,$2.88B,4.31%,$89,$11,$79,$0,$46,$58,$31,$0,$31,$10,$22,$22,$22,$0,$0,$63,63,$0.35,$0.35,$105,$0,$0,$6379,$91,$1581,$433,$267,$2372,$8751,$5814,$1711,$60,$1770,$7584,$1,$486,$-1,$1167,$8751,$42,$11,$7,$18,$-0,$0,$0,$-7,$-8,$52,$-3,$0,$-26,$0,$25,$25,$-227,$-230,$173,$2,$175,$-0,$-0,$-21,$26,$179,$1,$4,$-21
14,2015-03-31,16.55,$17.76,0.93,$5.39,3.07,$3.45,4.8,$1.24,13.35,$6.18B,$5.82B,1.06,$1.49B,$1.16B,1.29,$0.33B,$0.29B,87.31%,$0.33B,$0.11B,32.93%,$0.33B,0,0.00%,$0.33B,0,0.00%,$0.33B,$0.11B,32.93%,$0.33B,$0.08B,22.96%,$0.08B,$1.16B,6.68%,$0.08B,$0.75B,10.36%,$0.08B,$8.53B,0.90%,$0.11B,$2.65B,4.14%,$83,$10,$72,$0,$43,$54,$28,$0,$28,$8,$20,$20,$20,$0,$0,$63,63,$0.32,$0.32,$91,$0,$0,$6179,$92,$1589,$404,$261,$2346,$8525,$5823,$1492,$52,$1544,$7367,$1,$474,$4,$1158,$8525,$20,$5,$4,$9,$1,$0,$0,$-9,$-8,$21,$-2,$0,$0,$0,$29,$29,$-40,$-13,$-4,$-37,$-41,$-1,$-1,$-11,$33,$-21,$-13,$2,$-11
15,2014-12-31,15.89,$17.63,0.9,$5.34,2.98,$3.45,4.6,$1.22,13.02,$6.15B,$5.79B,1.06,$1.53B,$1.14B,1.34,$0.32B,$0.28B,87.23%,$0.32B,$0.11B,33.02%,$0.32B,0,0.00%,$0.32B,0,0.00%,$0.32B,$0.11B,33.02%,$0.32B,$0.07B,22.74%,$0.07B,$1.14B,6.61%,$0.07B,$0.74B,10.26%,$0.07B,$8.52B,0.89%,$0.11B,$2.68B,4.18%,$85,$10,$75,$0,$43,$54,$31,$0,$31,$10,$21,$21,$21,$0,$0,$60,61,$0.34,$0.34,$104,$0,$0,$6153,$93,$1614,$404,$259,$2371,$8523,$5793,$1532,$55,$1587,$7379,$1,$465,$0,$1144,$8523,$74,$19,$17,$36,$1,$0,$0,$-9,$-8,$102,$-15,$0,$69,$0,$131,$131,$-260,$-75,$305,$-112,$193,$-3,$-3,$-36,$-179,$-25,$3,$9,$-36
16,2014-09-30,14.29,$17.40,0.82,$5.22,2.74,$3.97,3.6,$1.18,12.11,$6.02B,$5.73B,1.05,$1.51B,$1.13B,1.34,$0.31B,$0.27B,87.10%,$0.31B,$0.10B,32.26%,$0.31B,0,0.00%,$0.31B,0,0.00%,$0.31B,$0.10B,32.26%,$0.31B,$0.07B,22.26%,$0.07B,$1.13B,6.45%,$0.07B,$0.72B,10.00%,$0.07B,$8.42B,0.87%,$0.10B,$2.64B,4.12%,$85,$11,$74,$0,$46,$58,$27,$0,$27,$8,$19,$19,$19,$0,$0,$62,63,$0.30,$0.30,$89,$0,$0,$6016,$97,$1639,$405,$262,$2403,$8419,$5728,$1513,$49,$1562,$7290,$1,$452,$1,$1129,$8419,$52,$14,$11,$24,$2,$0,$0,$1,$3,$80,$-14,$0,$69,$0,$94,$94,$-140,$8,$202,$-28,$174,$-3,$-3,$-28,$-243,$-100,$-12,$7,$-28
17,2014-06-30,14.98,$17.28,0.87,$5.17,2.9,$4.27,3.51,$1.16,12.91,$6.00B,$5.84B,1.03,$1.44B,$1.12B,1.29,$0.30B,$0.26B,87.33%,$0.30B,$0.10B,33.67%,$0.30B,0,0.00%,$0.30B,0,0.00%,$0.30B,$0.10B,33.67%,$0.30B,$0.07B,22.00%,$0.07B,$1.12B,6.36%,$0.07B,$0.72B,9.87%,$0.07B,$8.45B,0.86%,$0.10B,$2.56B,4.44%,$78,$10,$68,$0,$45,$55,$23,$0,$23,$6,$16,$16,$16,$0,$0,$59,59,$0.28,$0.28,$132,$0,$0,$6004,$96,$1682,$406,$261,$2445,$8449,$5838,$1442,$48,$1490,$7328,$1,$443,$5,$1121,$8449,$33,$8,$9,$17,$0,$0,$0,$-1,$-0,$50,$-11,$0,$69,$0,$60,$60,$-85,$32,$160,$-58,$102,$-3,$-3,$-18,$-132,$-51,$31,$5,$-18
18,2014-03-31,15.75,$17.06,0.92,$5.16,3.05,$4.34,3.63,$1.22,12.91,$5.30B,$5.19B,1.02,$1.24B,$1.02B,1.22,$0.30B,$0.26B,87.54%,$0.30B,$0.11B,35.35%,$0.30B,0,0.00%,$0.30B,0,0.00%,$0.30B,$0.11B,35.35%,$0.30B,$0.07B,23.23%,$0.07B,$1.02B,6.87%,$0.07B,$0.67B,10.66%,$0.07B,$7.50B,0.93%,$0.11B,$2.26B,4.93%,$73,$9,$63,$0,$38,$48,$25,$0,$25,$8,$17,$17,$17,$0,$0,$57,58,$0.30,$0.30,$82,$0,$0,$5298,$69,$1547,$356,$232,$2203,$7501,$5191,$1242,$46,$1288,$6479,$1,$436,$-1,$1021,$7501,$17,$4,$5,$9,$1,$0,$0,$-4,$-3,$23,$-6,$0,$0,$0,$31,$31,$-63,$-37,$157,$-141,$16,$-4,$-4,$-9,$-9,$-6,$-20,$2,$-9
19,2013-12-31,16.42,$16.87,0.97,$5.18,3.17,$4.34,3.78,$1.23,13.35,$5.25B,$5.20B,1.01,$1.22B,$1.01B,1.21,$0.30B,$0.26B,87.88%,$0.30B,$0.11B,35.35%,$0.30B,0,0.00%,$0.30B,0,0.00%,$0.30B,$0.11B,35.35%,$0.30B,$0.07B,23.57%,$0.07B,$1.01B,7.03%,$0.07B,$0.65B,10.95%,$0.07B,$7.49B,0.96%,$0.11B,$2.24B,5.17%,$74,$9,$65,$0,$39,$49,$25,$0,$25,$8,$17,$17,$17,$0,$0,$57,57,$0.30,$0.30,$101,$0,$0,$5254,$66,$1573,$356,$237,$2233,$7487,$5202,$1224,$50,$1274,$6477,$1,$428,$-5,$1011,$7487,$71,$19,$18,$37,$1,$0,$0,$11,$13,$120,$-8,$0,$0,$0,$42,$42,$-294,$-259,$222,$179,$401,$-4,$-4,$-32,$-227,$137,$-3,$8,$-32
20,2013-09-30,13.56,$16.65,0.81,$5.23,2.59,$4.16,3.26,$1.22,11.11,$5.13B,$5.26B,0.98,$1.04B,$1.00B,1.04,$0.30B,$0.26B,87.63%,$0.30B,$0.11B,35.12%,$0.30B,0,0.00%,$0.30B,0,0.00%,$0.30B,$0.11B,35.12%,$0.30B,$0.07B,23.41%,$0.07B,$1.00B,7.08%,$0.07B,$0.64B,11.08%,$0.07B,$7.34B,0.96%,$0.11B,$2.04B,5.46%,$75,$9,$66,$0,$37,$47,$28,$0,$28,$12,$16,$16,$16,$0,$0,$57,57,$0.28,$0.28,$95,$0,$0,$5134,$67,$1554,$357,$229,$2207,$7341,$5256,$1038,$50,$1089,$6344,$1,$418,$-6,$997,$7341,$53,$15,$13,$29,$3,$0,$0,$-1,$2,$84,$-7,$0,$0,$0,$86,$86,$-183,$-104,$163,$50,$213,$-5,$-5,$-25,$-172,$12,$-9,$6,$-25
21,2013-06-30,12.99,$16.48,0.79,$5.22,2.49,$4.16,3.12,$1.22,10.65,$5.04B,$5.25B,0.96,$0.99B,$0.99B,1.01,$0.30B,$0.26B,86.96%,$0.30B,$0.10B,33.44%,$0.30B,0,0.00%,$0.30B,0,0.00%,$0.30B,$0.10B,33.44%,$0.30B,$0.07B,23.41%,$0.07B,$0.99B,7.09%,$0.07B,$0.63B,11.13%,$0.07B,$7.27B,0.97%,$0.10B,$1.98B,5.34%,$75,$9,$66,$0,$38,$48,$27,$0,$27,$8,$19,$19,$19,$0,$0,$57,57,$0.34,$0.34,$81,$0,$0,$5035,$68,$1574,$357,$241,$2239,$7274,$5249,$992,$46,$1039,$6287,$1,$410,$-7,$987,$7274,$37,$11,$8,$18,$1,$0,$0,$-9,$-8,$47,$-5,$0,$0,$0,$66,$66,$-98,$-37,$4,$162,$166,$-5,$-5,$-17,$-178,$-33,$-23,$4,$-17
22,2013-03-31,12.34,$16.52,0.75,$5.23,2.36,$4.32,2.86,$1.16,10.64,$4.93B,$5.28B,0.93,$0.88B,$0.99B,0.89,$0.30B,$0.26B,86.29%,$0.30B,$0.10B,32.11%,$0.30B,0,0.00%,$0.30B,0,0.00%,$0.30B,$0.10B,32.11%,$0.30B,$0.07B,22.41%,$0.07B,$0.99B,6.81%,$0.07B,$0.63B,10.72%,$0.07B,$7.19B,0.93%,$0.10B,$1.87B,5.19%,$73,$9,$64,$0,$38,$48,$25,$0,$25,$8,$18,$18,$18,$0,$0,$57,57,$0.31,$0.31,$65,$0,$0,$4927,$67,$1599,$357,$236,$2260,$7187,$5277,$877,$43,$920,$6196,$1,$399,$6,$990,$7187,$18,$5,$4,$9,$2,$0,$0,$-10,$-8,$19,$-1,$0,$0,$0,$59,$59,$-7,$50,$-0,$51,$51,$-1,$-1,$-8,$-150,$-108,$-39,$2,$-8
23,2012-12-31,11.86,$16.37,0.72,$5.35,2.22,$4.56,2.6,$1.17,10.13,$4.96B,$5.43B,0.91,$0.82B,$0.98B,0.84,$0.31B,$0.26B,85.62%,$0.31B,$0.10B,31.70%,$0.31B,0,0.00%,$0.31B,0,0.00%,$0.31B,$0.10B,31.70%,$0.31B,$0.07B,21.90%,$0.07B,$0.98B,6.85%,$0.07B,$0.62B,10.84%,$0.07B,$7.28B,0.93%,$0.10B,$1.81B,5.23%,$76,$10,$66,$0,$41,$52,$25,$0,$25,$8,$17,$17,$17,$0,$0,$57,57,$0.30,$0.30,$104,$0,$0,$4962,$66,$1661,$358,$236,$2322,$7284,$5429,$824,$49,$873,$6302,$1,$390,$8,$981,$7284,$67,$24,$16,$40,$1,$0,$0,$0,$1,$108,$-7,$0,$0,$0,$88,$88,$-266,$-185,$-56,$-61,$-117,$-3,$-3,$-41,$272,$111,$34,$6,$-41
24,2012-09-30,11.98,$16.43,0.73,$5.35,2.24,$4.50,2.66,$1.14,10.51,$4.88B,$5.37B,0.91,$0.86B,$0.99B,0.87,$0.31B,$0.26B,84.64%,$0.31B,$0.09B,30.07%,$0.31B,0,0.00%,$0.31B,0,0.00%,$0.31B,$0.09B,30.07%,$0.31B,$0.07B,21.24%,$0.07B,$0.99B,6.70%,$0.07B,$0.63B,10.65%,$0.07B,$7.27B,0.91%,$0.09B,$1.84B,4.90%,$75,$11,$64,$0,$40,$51,$23,$0,$23,$7,$16,$16,$16,$0,$0,$57,57,$0.28,$0.28,$108,$0,$0,$4879,$67,$1727,$358,$233,$2386,$7265,$5374,$856,$47,$903,$6276,$1,$391,$13,$989,$7265,$51,$18,$10,$28,$2,$0,$0,$3,$5,$84,$-6,$0,$0,$0,$31,$31,$-179,$-154,$-26,$-60,$-86,$-0,$-0,$-23,$217,$108,$38,$5,$-23
25,2012-06-30,11.45,$16.20,0.71,$5.41,2.12,$4.26,2.69,$1.13,10.13,$4.76B,$5.21B,0.92,$0.91B,$0.98B,0.93,$0.31B,$0.26B,83.50%,$0.31B,$0.09B,29.13%,$0.31B,0,0.00%,$0.31B,0,0.00%,$0.31B,$0.09B,29.13%,$0.31B,$0.07B,21.04%,$0.07B,$0.98B,6.77%,$0.07B,$0.62B,10.83%,$0.07B,$7.14B,0.92%,$0.09B,$1.88B,4.77%,$75,$11,$64,$0,$41,$53,$23,$0,$23,$7,$16,$16,$16,$0,$0,$57,57,$0.28,$0.28,$77,$0,$0,$4764,$67,$1713,$359,$231,$2371,$7135,$5206,$908,$46,$954,$6160,$1,$382,$10,$975,$7135,$34,$12,$6,$17,$1,$0,$0,$3,$4,$55,$-4,$0,$0,$0,$47,$47,$-91,$-49,$-26,$-10,$-36,$-0,$-0,$-15,$53,$1,$8,$3,$-15
26,2012-03-31,10.65,$16.04,0.66,$5.47,1.95,$3.98,2.67,$1.10,9.68,$4.68B,$5.20B,0.9,$0.92B,$0.97B,0.95,$0.31B,$0.26B,82.05%,$0.31B,$0.09B,27.56%,$0.31B,0,0.00%,$0.31B,0,0.00%,$0.31B,$0.09B,27.56%,$0.31B,$0.06B,20.19%,$0.06B,$0.97B,6.62%,$0.06B,$0.61B,10.63%,$0.06B,$7.12B,0.90%,$0.09B,$1.88B,4.58%,$80,$12,$68,$0,$41,$54,$26,$0,$26,$7,$18,$18,$18,$0,$0,$57,57,$0.32,$0.32,$69,$0,$0,$4677,$66,$1790,$360,$228,$2444,$7121,$5195,$916,$44,$961,$6156,$1,$374,$9,$965,$7121,$18,$6,$5,$11,$2,$0,$0,$1,$3,$32,$-1,$0,$0,$0,$-29,$-29,$-10,$-40,$-0,$-27,$-27,$1,$1,$-7,$41,$7,$-0,$2,$-7
27,2011-12-31,9.65,$15.88,0.61,$5.42,1.78,$3.88,2.49,$1.01,9.55,$4.67B,$5.16B,0.91,$0.94B,$0.95B,0.99,$0.31B,$0.25B,80.58%,$0.31B,$0.08B,25.24%,$0.31B,0,0.00%,$0.31B,0,0.00%,$0.31B,$0.08B,24.92%,$0.31B,$0.06B,18.77%,$0.06B,$0.95B,6.16%,$0.06B,$0.59B,9.92%,$0.06B,$7.10B,0.84%,$0.08B,$1.89B,4.16%,$76,$13,$63,$0,$41,$56,$20,$0,$20,$6,$15,$15,$15,$0,$0,$57,57,$0.26,$0.26,$70,$0,$0,$4673,$66,$1763,$361,$234,$2424,$7097,$5157,$941,$47,$988,$6145,$1,$363,$10,$952,$7097,$57,$22,$27,$49,$1,$0,$0,$-13,$-12,$94,$3,$0,$-7,$0,$-7,$-7,$-269,$-279,$-44,$-6,$-50,$-1,$-1,$-27,$280,$203,$17,$6,$-27
28,2011-09-30,7.6,$15.81,0.48,$5.46,1.39,$3.69,2.06,$0.96,7.92,$4.64B,$5.07B,0.92,$0.93B,$0.95B,0.98,$0.31B,$0.25B,79.42%,$0.31B,$0.08B,24.12%,$0.31B,0,0.00%,$0.31B,0,0.00%,$0.31B,$0.07B,23.47%,$0.31B,$0.06B,17.68%,$0.06B,$0.95B,5.89%,$0.06B,$0.59B,9.51%,$0.06B,$7.00B,0.80%,$0.08B,$1.88B,3.99%,$78,$15,$63,$0,$42,$57,$21,$0,$21,$5,$16,$16,$16,$0,$0,$57,57,$0.27,$0.27,$124,$0,$0,$4642,$65,$1695,$362,$233,$2356,$6997,$5074,$933,$41,$974,$6048,$1,$354,$18,$949,$6997,$42,$15,$22,$38,$2,$0,$0,$-13,$-10,$70,$-7,$0,$-7,$0,$68,$68,$-168,$-114,$-16,$-41,$-57,$-3,$-3,$-21,$197,$116,$72,$5,$-21
29,2011-06-30,9.93,$15.63,0.64,$5.51,1.8,$3.99,2.49,$0.93,10.68,$4.59B,$4.99B,0.92,$0.91B,$0.94B,0.97,$0.31B,$0.25B,78.27%,$0.31B,$0.07B,23.00%,$0.31B,0,0.00%,$0.31B,0,0.00%,$0.31B,$0.07B,22.36%,$0.31B,$0.05B,16.61%,$0.05B,$0.94B,5.61%,$0.05B,$0.59B,9.08%,$0.05B,$6.88B,0.76%,$0.07B,$1.85B,3.85%,$78,$16,$62,$0,$43,$59,$19,$0,$19,$5,$14,$14,$14,$0,$0,$57,57,$0.25,$0.25,$187,$0,$0,$4593,$66,$1638,$353,$230,$2287,$6880,$4993,$914,$34,$948,$5941,$1,$345,$16,$938,$6880,$27,$10,$16,$26,$1,$0,$0,$-13,$-12,$41,$-6,$0,$0,$0,$125,$125,$-50,$69,$-22,$-57,$-79,$-0,$-0,$-14,$118,$25,$135,$3,$-14
30,2011-03-31,10.09,$15.43,0.65,$5.55,1.82,$4.19,2.41,$0.91,11.09,$4.51B,$4.89B,0.92,$0.95B,$0.93B,1.02,$0.32B,$0.24B,77.14%,$0.32B,$0.07B,22.22%,$0.32B,0,0.00%,$0.32B,0,0.00%,$0.32B,$0.07B,21.59%,$0.32B,$0.05B,16.19%,$0.05B,$0.93B,5.54%,$0.05B,$0.57B,9.02%,$0.05B,$6.79B,0.75%,$0.07B,$1.87B,3.73%,$77,$16,$61,$0,$42,$58,$18,$-1,$17,$4,$13,$13,$13,$0,$0,$57,57,$0.23,$0.23,$105,$0,$0,$4513,$75,$1640,$353,$213,$2281,$6794,$4888,$945,$35,$980,$5868,$1,$339,$12,$926,$6794,$13,$6,$9,$15,$2,$0,$0,$-1,$1,$29,$-3,$0,$0,$0,$116,$116,$-48,$65,$7,$-54,$-46,$-0,$-0,$-7,$12,$-41,$53,$2,$-7
31,2010-12-31,10.17,$15.38,0.66,$5.63,1.81,$4.11,2.47,$0.88,11.56,$4.42B,$4.88B,0.91,$0.99B,$0.92B,1.07,$0.32B,$0.24B,75.79%,$0.32B,$0.07B,21.07%,$0.32B,0,0.00%,$0.32B,0,0.00%,$0.32B,$0.07B,20.75%,$0.32B,$0.05B,15.41%,$0.05B,$0.92B,5.37%,$0.05B,$0.57B,8.81%,$0.05B,$6.83B,0.72%,$0.07B,$1.91B,3.56%,$78,$17,$61,$0,$42,$61,$17,$0,$16,$4,$12,$12,$12,$0,$0,$57,57,$0.21,$0.21,$52,$0,$0,$4419,$74,$1763,$354,$214,$2406,$6825,$4878,$989,$36,$1025,$5903,$1,$332,$15,$922,$6825,$50,$22,$33,$54,$1,$0,$0,$-12,$-12,$92,$-6,$0,$0,$0,$-52,$-52,$-30,$-89,$-76,$47,$-30,$-0,$-0,$-25,$-21,$-75,$-72,$5,$-25
32,2010-09-30,8.18,$15.37,0.53,$5.68,1.44,$2.87,2.84,$0.79,10.35,$4.41B,$4.91B,0.9,$0.92B,$0.92B,1.0,$0.32B,$0.24B,73.52%,$0.32B,$0.06B,17.45%,$0.32B,0,0.00%,$0.32B,0,0.00%,$0.32B,$0.06B,17.45%,$0.32B,$0.04B,13.71%,$0.04B,$0.92B,4.87%,$0.04B,$0.57B,8.06%,$0.04B,$6.78B,0.65%,$0.06B,$1.84B,2.98%,$80,$19,$61,$0,$42,$62,$18,$0,$18,$5,$13,$13,$13,$0,$0,$57,57,$0.24,$0.24,$107,$0,$0,$4407,$73,$1745,$355,$203,$2375,$6782,$4905,$922,$34,$957,$5861,$1,$325,$23,$921,$6782,$38,$15,$29,$44,$2,$0,$0,$-3,$-1,$81,$-1,$0,$0,$0,$-22,$-22,$36,$13,$-105,$10,$-96,$-0,$-0,$-20,$5,$-110,$-16,$4,$-20
33,2010-06-30,7.59,$15.20,0.5,$5.72,1.33,$2.15,3.53,$0.70,10.84,$4.56B,$4.91B,0.93,$0.98B,$0.91B,1.07,$0.32B,$0.23B,70.90%,$0.32B,$0.05B,15.17%,$0.32B,0,0.00%,$0.32B,0,0.00%,$0.32B,$0.05B,15.17%,$0.32B,$0.04B,12.38%,$0.04B,$0.91B,4.48%,$0.04B,$0.56B,7.47%,$0.04B,$6.82B,0.59%,$0.05B,$1.89B,2.59%,$80,$20,$60,$0,$42,$63,$17,$0,$17,$4,$13,$13,$13,$0,$0,$57,57,$0.23,$0.23,$272,$0,$0,$4563,$73,$1630,$356,$202,$2261,$6823,$4906,$976,$30,$1006,$5913,$1,$319,$21,$911,$6823,$24,$9,$19,$28,$1,$0,$0,$-7,$-6,$47,$-1,$0,$0,$0,$93,$93,$56,$149,$-51,$7,$-44,$-0,$-0,$-13,$10,$-48,$148,$3,$-13
34,2010-03-31,7.6,$14.92,0.51,$5.75,1.32,$1.75,4.35,$0.58,13.1,$4.52B,$4.89B,0.93,$0.99B,$0.89B,1.1,$0.32B,$0.22B,68.21%,$0.32B,$0.04B,12.35%,$0.32B,0,0.00%,$0.32B,0,0.00%,$0.32B,$0.04B,12.35%,$0.32B,$0.03B,10.19%,$0.03B,$0.89B,3.73%,$0.03B,$0.54B,6.29%,$0.03B,$6.80B,0.49%,$0.04B,$1.88B,2.10%,$80,$22,$59,$0,$43,$65,$15,$0,$15,$4,$11,$11,$11,$0,$0,$56,56,$0.20,$0.20,$228,$0,$0,$4521,$75,$1628,$357,$216,$2276,$6797,$4885,$986,$31,$1018,$5902,$1,$312,$12,$894,$6797,$11,$5,$10,$15,$1,$0,$0,$-5,$-4,$22,$-1,$0,$0,$0,$80,$80,$57,$136,$-46,$13,$-33,$-0,$-0,$-7,$-13,$-53,$104,$1,$-7
35,2009-12-31,6.66,$14.79,0.45,$5.76,1.16,$1.78,3.75,$-2.18,0.0,$4.47B,$4.90B,0.91,$1.02B,$0.89B,1.15,$0.32B,$0.21B,65.74%,$0.32B,$-0.12B,-35.80%,$0.32B,0,0.00%,$0.32B,0,0.00%,$0.32B,$-0.12B,-35.80%,$0.32B,$-0.12B,-37.65%,$-0.12B,$0.89B,-13.89%,$-0.12B,$0.53B,-23.54%,$-0.12B,$6.84B,-1.82%,$-0.12B,$1.90B,-6.03%,$81,$25,$56,$0,$48,$74,$6,$0,$6,$-0,$7,$7,$7,$0,$0,$56,56,$0.14,$0.14,$124,$0,$0,$4473,$76,$1703,$358,$226,$2363,$6836,$4899,$1018,$34,$1052,$5952,$1,$308,$8,$885,$6836,$-122,$169,$23,$192,$-2,$0,$0,$-45,$-47,$24,$-8,$0,$0,$0,$-409,$-409,$50,$-366,$-98,$-150,$-248,$-0,$-0,$-25,$671,$398,$55,$4,$-25
36,2009-09-30,6.3,$14.75,0.43,$5.80,1.09,$2.53,2.49,$-2.17,0.0,$4.49B,$4.88B,0.92,$1.02B,$0.88B,1.16,$0.33B,$0.21B,64.11%,$0.33B,$-0.11B,-34.36%,$0.33B,0,0.00%,$0.33B,0,0.00%,$0.33B,$-0.11B,-34.36%,$0.33B,$-0.12B,-37.42%,$-0.12B,$0.88B,-13.38%,$-0.12B,$0.52B,-23.79%,$-0.12B,$6.82B,-1.84%,$-0.11B,$1.91B,-5.54%,$82,$28,$54,$0,$41,$70,$11,$0,$11,$3,$9,$9,$9,$0,$0,$56,56,$0.15,$0.15,$200,$0,$0,$4490,$77,$1707,$359,$184,$2326,$6816,$4875,$1023,$36,$1058,$5934,$1,$306,$9,$883,$6816,$-129,$165,$16,$180,$-1,$0,$0,$-6,$-7,$44,$-6,$0,$0,$0,$-404,$-404,$114,$-297,$-89,$-154,$-243,$-0,$-0,$-20,$647,$384,$131,$3,$-20
37,2009-06-30,5.47,$14.58,0.37,$5.86,0.93,$2.63,2.08,$-2.09,0.0,$4.54B,$4.71B,0.96,$1.05B,$0.87B,1.2,$0.33B,$0.21B,63.41%,$0.33B,$-0.11B,-32.32%,$0.33B,0,0.00%,$0.33B,0,0.00%,$0.33B,$-0.11B,-32.32%,$0.33B,$-0.12B,-35.98%,$-0.12B,$0.87B,-12.49%,$-0.12B,$0.51B,-23.27%,$-0.12B,$6.67B,-1.80%,$-0.11B,$1.92B,-5.01%,$81,$29,$52,$0,$43,$73,$8,$0,$8,$2,$6,$6,$6,$0,$0,$56,56,$0.11,$0.11,$204,$0,$0,$4535,$76,$1510,$360,$188,$2134,$6669,$4709,$1048,$39,$1087,$5796,$1,$304,$2,$873,$6669,$-137,$160,$9,$169,$-1,$0,$0,$-3,$-4,$28,$-4,$0,$0,$0,$-217,$-217,$80,$-141,$-65,$-155,$-220,$-0,$-0,$-13,$483,$249,$136,$2,$-13
38,2009-03-31,6.34,$14.57,0.44,$5.88,1.08,$2.74,2.32,$-2.02,0.0,$4.65B,$4.52B,1.03,$1.10B,$0.87B,1.26,$0.33B,$0.21B,62.31%,$0.33B,$-0.10B,-30.40%,$0.33B,0,0.00%,$0.33B,0,0.00%,$0.33B,$-0.10B,-30.40%,$0.33B,$-0.11B,-34.65%,$-0.11B,$0.87B,-11.64%,$-0.11B,$0.51B,-22.72%,$-0.11B,$6.52B,-1.76%,$-0.10B,$1.97B,-4.59%,$80,$30,$51,$0,$38,$221,$-141,$0,$-141,$3,$-144,$-144,$-144,$0,$0,$56,56,$-2.56,$-2.56,$304,$0,$0,$4651,$76,$1257,$361,$180,$1873,$6524,$4517,$1097,$38,$1135,$5652,$1,$304,$2,$872,$6524,$-144,$156,$7,$163,$0,$0,$0,$4,$5,$24,$-2,$0,$0,$0,$36,$36,$64,$98,$6,$-170,$-165,$-0,$-0,$-7,$285,$113,$236,$1,$-7
39,2008-12-31,8.79,$17.09,0.51,$5.97,1.47,$2.62,3.35,$0.73,12.04,$4.57B,$4.23B,1.08,$1.27B,$1.02B,1.25,$0.33B,$0.20B,60.48%,$0.33B,$0.06B,16.77%,$0.33B,0,0.00%,$0.33B,0,0.00%,$0.33B,$0.06B,16.77%,$0.33B,$0.04B,12.28%,$0.04B,$1.02B,4.04%,$0.04B,$0.50B,8.25%,$0.04B,$6.55B,0.64%,$0.06B,$2.29B,2.54%,$83,$31,$52,$0,$41,$73,$10,$0,$10,$3,$7,$7,$7,$0,$0,$56,56,$0.14,$0.14,$69,$0,$0,$4571,$76,$1211,$515,$176,$1977,$6549,$4226,$1268,$36,$1304,$5530,$1,$454,$-0,$1019,$6549,$42,$15,$17,$32,$1,$0,$0,$-12,$-11,$63,$-4,$0,$0,$0,$16,$16,$-296,$-285,$62,$111,$173,$-1,$-1,$-25,$4,$150,$-72,$7,$-25
40,2008-09-30,9.34,$17.04,0.55,$5.91,1.58,$2.63,3.56,$0.68,13.74,$4.45B,$4.14B,1.08,$1.26B,$1.02B,1.25,$0.33B,$0.19B,58.08%,$0.33B,$0.05B,15.87%,$0.33B,0,0.00%,$0.33B,0,0.00%,$0.33B,$0.05B,15.57%,$0.33B,$0.04B,11.68%,$0.04B,$1.02B,3.86%,$0.04B,$0.50B,7.94%,$0.04B,$6.45B,0.61%,$0.05B,$2.28B,2.45%,$84,$31,$53,$0,$34,$67,$17,$0,$17,$4,$13,$13,$13,$0,$0,$56,56,$0.23,$0.23,$89,$0,$0,$4447,$77,$1230,$516,$181,$2004,$6451,$4136,$1264,$35,$1300,$5436,$1,$452,$0,$1016,$6451,$34,$11,$9,$20,$1,$0,$0,$-8,$-7,$47,$-4,$0,$0,$0,$-11,$-11,$-145,$-160,$63,$107,$170,$-1,$-1,$-20,$-87,$61,$-52,$6,$-20
41,2008-06-30,7.81,$16.92,0.46,$5.86,1.33,$2.72,2.87,$0.59,13.24,$4.35B,$4.18B,1.04,$1.16B,$1.01B,1.15,$0.34B,$0.19B,55.95%,$0.34B,$0.05B,13.69%,$0.34B,0,0.00%,$0.34B,0,0.00%,$0.34B,$0.05B,13.39%,$0.34B,$0.03B,10.12%,$0.03B,$1.01B,3.36%,$0.03B,$0.49B,6.91%,$0.03B,$6.39B,0.54%,$0.05B,$2.17B,2.22%,$82,$33,$49,$0,$33,$68,$14,$0,$14,$4,$10,$10,$10,$0,$0,$56,56,$0.18,$0.18,$88,$0,$0,$4348,$77,$1260,$517,$183,$2037,$6385,$4175,$1162,$39,$1201,$5375,$1,$445,$1,$1010,$6385,$21,$8,$6,$14,$1,$0,$0,$-4,$-4,$31,$-2,$0,$0,$0,$-44,$-44,$-43,$-89,$43,$23,$66,$-0,$-0,$-13,$-48,$5,$-53,$5,$-13
42,2008-03-31,7.78,$16.94,0.46,$5.86,1.33,$2.91,2.68,$0.63,12.35,$4.34B,$4.24B,1.03,$1.09B,$1.01B,1.07,$0.35B,$0.19B,55.94%,$0.35B,$0.05B,14.78%,$0.35B,0,0.00%,$0.35B,0,0.00%,$0.35B,$0.05B,14.49%,$0.35B,$0.04B,11.01%,$0.04B,$1.01B,3.73%,$0.04B,$0.49B,7.63%,$0.04B,$6.40B,0.60%,$0.05B,$2.10B,2.58%,$85,$37,$48,$0,$31,$71,$15,$0,$15,$4,$11,$11,$11,$0,$0,$56,56,$0.19,$0.19,$104,$0,$0,$4342,$78,$1259,$519,$199,$2055,$6397,$4235,$1086,$65,$1151,$5386,$1,$442,$9,$1011,$6397,$11,$4,$3,$7,$1,$0,$0,$-2,$-1,$17,$-1,$0,$0,$0,$-31,$-31,$-17,$-49,$-17,$8,$-8,$-0,$-0,$-7,$11,$-5,$-37,$2,$-7
43,2007-12-31,7.8,$16.78,0.46,$5.65,1.38,$2.02,3.86,$0.62,12.58,$4.42B,$4.23B,1.05,$1.09B,$1.00B,1.09,$0.34B,$0.19B,56.21%,$0.34B,$0.05B,15.09%,$0.34B,0,0.00%,$0.34B,0,0.00%,$0.34B,$0.05B,14.79%,$0.34B,$0.04B,11.24%,$0.04B,$1.00B,3.72%,$0.04B,$0.48B,7.28%,$0.04B,$6.36B,0.62%,$0.05B,$2.09B,2.67%,$83,$40,$44,$0,$35,$77,$7,$0,$6,$2,$5,$5,$5,$0,$0,$59,59,$0.09,$0.09,$141,$0,$0,$4421,$79,$1168,$521,$171,$1939,$6359,$4225,$1093,$41,$1134,$5359,$1,$438,$4,$1001,$6359,$37,$16,$18,$34,$-1,$0,$0,$-1,$-1,$71,$-9,$0,$-1,$0,$199,$199,$-180,$9,$266,$-45,$221,$-117,$-117,$-25,$-110,$-31,$49,$10,$-25
44,2007-09-30,8.74,$16.61,0.53,$5.53,1.58,$2.29,3.81,$0.76,11.49,$4.33B,$4.27B,1.01,$0.90B,$1.03B,0.88,$0.34B,$0.19B,57.91%,$0.34B,$0.06B,18.81%,$0.34B,0,0.00%,$0.34B,0,0.00%,$0.34B,$0.06B,18.81%,$0.34B,$0.05B,13.73%,$0.05B,$1.03B,4.49%,$0.05B,$0.50B,8.38%,$0.05B,$6.25B,0.77%,$0.06B,$1.93B,3.39%,$86,$39,$47,$0,$35,$76,$10,$0,$10,$2,$8,$8,$8,$0,$0,$59,59,$0.14,$0.14,$111,$0,$0,$4327,$79,$1147,$522,$176,$1923,$6250,$4274,$904,$45,$949,$5223,$1,$438,$-5,$1026,$6250,$33,$12,$6,$19,$-1,$0,$0,$8,$7,$58,$-7,$0,$-1,$0,$209,$209,$-111,$90,$-33,$66,$33,$-80,$-80,$-20,$-61,$-129,$19,$8,$-20
45,2007-06-30,8.29,$16.40,0.51,$5.39,1.54,$2.33,3.56,$0.84,9.87,$4.20B,$4.34B,0.97,$0.73B,$1.04B,0.7,$0.33B,$0.20B,59.45%,$0.33B,$0.07B,21.65%,$0.33B,0,0.00%,$0.33B,0,0.00%,$0.33B,$0.07B,21.65%,$0.33B,$0.05B,15.55%,$0.05B,$1.04B,4.99%,$0.05B,$0.52B,8.97%,$0.05B,$6.15B,0.87%,$0.07B,$1.77B,3.87%,$91,$37,$54,$0,$33,$72,$19,$0,$19,$5,$14,$14,$14,$0,$0,$61,62,$0.22,$0.22,$107,$0,$0,$4204,$79,$1174,$523,$173,$1950,$6154,$4340,$733,$41,$774,$5114,$1,$436,$-9,$1041,$6154,$24,$8,$5,$13,$-0,$0,$0,$12,$12,$49,$-5,$0,$-1,$0,$167,$167,$7,$167,$-39,$-102,$-140,$-55,$-55,$-13,$6,$-202,$15,$5,$-13
46,2007-03-31,9.07,$16.22,0.56,$5.17,1.75,$2.35,3.86,$0.84,10.8,$3.84B,$3.81B,1.01,$0.83B,$1.02B,0.82,$0.32B,$0.19B,60.63%,$0.32B,$0.07B,22.54%,$0.32B,0,0.00%,$0.32B,0,0.00%,$0.32B,$0.07B,22.54%,$0.32B,$0.05B,16.19%,$0.05B,$1.02B,5.01%,$0.05B,$0.59B,8.68%,$0.05B,$5.70B,0.88%,$0.07B,$1.85B,3.81%,$78,$33,$45,$0,$28,$62,$15,$0,$15,$5,$11,$11,$11,$0,$0,$59,59,$0.18,$0.18,$82,$0,$0,$3835,$59,$1147,$428,$227,$1861,$5696,$3811,$834,$36,$870,$4681,$1,$429,$-6,$1015,$5696,$11,$4,$4,$8,$1,$0,$0,$-54,$-53,$-35,$-1,$0,$0,$0,$67,$67,$18,$84,$-8,$-18,$-26,$-13,$-13,$-6,$-15,$-59,$-10,$3,$-6
47,2006-12-31,9.32,$16.12,0.58,$5.05,1.85,$3.40,2.74,$0.88,10.59,$3.87B,$3.83B,1.01,$0.86B,$1.02B,0.84,$0.31B,$0.20B,62.74%,$0.31B,$0.08B,24.20%,$0.31B,0,0.00%,$0.31B,0,0.00%,$0.31B,$0.08B,24.20%,$0.31B,$0.05B,17.20%,$0.05B,$1.02B,5.24%,$0.05B,$0.59B,9.02%,$0.05B,$5.74B,0.92%,$0.08B,$1.88B,4.00%,$80,$32,$48,$0,$27,$61,$19,$0,$19,$6,$13,$13,$13,$0,$0,$61,62,$0.22,$0.21,$92,$0,$0,$3865,$60,$1216,$430,$173,$1878,$5743,$3826,$859,$39,$897,$4724,$1,$425,$-7,$1019,$5743,$54,$18,$11,$29,$1,$0,$0,$3,$5,$87,$-6,$0,$0,$0,$315,$315,$-47,$262,$-180,$25,$-155,$-99,$-99,$-24,$-96,$-374,$-25,$11,$-24
