,Date,Stock Price,Book Value per Share,Price to Book Ratio,TTM Sales per Share,Price to Sales Ratio,TTM FCF per Share,Price to FCF Ratio,TTM Net EPS,PE Ratio,Current Assets,Current Liabilities,Current Ratio,Long Term Debt,Shareholder's Equity_x,Debt to Equity Ratio,TTM Revenue_x,TTM Gross Profit,Gross Margin,TTM Revenue_y,TTM Operating Income,Operating Margin,TTM Revenue_x,TTM EBIT,EBIT Margin,TTM Revenue_y,TTM EBITDA,EBITDA Margin,TTM Revenue_x,TTM Pre-Tax Income,Pre-Tax Margin,TTM Revenue_y,TTM Net Income_x,Net Margin,TTM Net Income_y,Shareholder's Equity_y,Return on Equity,TTM Net Income_x,Tangible Equity,Return on Tangible Equity,TTM Net Income_y,Total Assets,Return on Assets,TTM Net Income,LT Investments & Debt,Return on Investment,revenue,cost-goods-sold,gross-profit,research-development-expenses,selling-general-administrative-expenses,operating-expenses,operating-income,total-non-operating-income-expense,pre-tax-income,total-provision-income-taxes,income-after-taxes,income-from-continuous-operations,net-income,ebitda,ebit,basic-shares-outstanding,shares-outstanding,eps-basic-net-earnings-per-share,eps-earnings-per-share-diluted,cash-on-hand,inventory,other-current-assets,total-current-assets,net-property-plant-equipment,long-term-investments,goodwill-intangible-assets-total,other-long-term-assets,total-long-term-assets,total-assets,total-current-liabilities,long-term-debt,other-non-current-liabilities,total-long-term-liabilities,total-liabilities,common-stock-net,retained-earnings-accumulated-deficit,comprehensive-income,total-share-holder-equity,total-liabilities-share-holders-equity,net-income-loss,total-depreciation-amortization-cash-flow,other-non-cash-items,total-non-cash-items,change-in-accounts-receivable,change-in-inventories,change-in-accounts-payable,change-in-assets-liabilities,total-change-in-assets-liabilities,cash-flow-from-operating-activities,net-change-in-property-plant-equipment,net-change-in-intangible-assets,net-acquisitions-divestitures,net-change-in-short-term-investments,net-change-in-long-term-investments,net-change-in-investments-total,investing-activities-other,cash-flow-from-investing-activities,net-long-term-debt,net-current-debt,debt-issuance-retirement-net-total,net-common-equity-issued-repurchased,net-total-equity-issued-repurchased,total-common-preferred-stock-dividends-paid,financial-activities-other,cash-flow-from-financial-activities,net-cash-flow,stock-based-compensation,common-stock-dividends-paid
0,2018-09-30,7.4,$2.19,3.38,$17.04,0.43,$0.99,7.45,$0.08,92.5,$0.08B,$0.06B,1.31,$0.04B,$0.04B,0.95,$0.33B,$0.09B,26.07%,$0.33B,$0.01B,2.15%,$0.33B,$0.01B,2.15%,$0.33B,$0.02B,5.83%,$0.33B,$0.00B,1.23%,$0.33B,$0.00B,0.31%,$0.00B,$0.04B,2.40%,$0.00B,$-0.01B,-15.38%,$0.00B,$0.15B,0.61%,$0.01B,$0.08B,8.70%,$78,$58,$20,$0,$19,$77,$1,$-1,$0,$1,$-1,$-1,$-1,$3,$1,$19,19,$-0.04,$-0.04,$14,$5,$0,$81,$22,$0,$47,$4,$73,$154,$62,$40,$2,$50,$112,$0,$-111,$-1,$42,$154,$-2,$9,$3,$12,$19,$-0,$-22,$3,$0,$10,$-4,$0,$0,$0,$0,$0,$0,$-4,$-7,$0,$-7,$0,$0,$0,$-4,$-11,$-5,$3,$0
1,2018-06-30,9.72,$2.19,4.43,$17.08,0.57,$0.52,18.58,$0.11,88.36,$0.08B,$0.06B,1.3,$0.04B,$0.04B,0.96,$0.33B,$0.08B,25.85%,$0.33B,$0.01B,2.15%,$0.33B,$0.01B,2.15%,$0.33B,$0.02B,6.46%,$0.33B,$0.00B,1.23%,$0.33B,$0.00B,0.62%,$0.00B,$0.04B,4.94%,$0.00B,$-0.01B,-23.53%,$0.00B,$0.16B,1.20%,$0.01B,$0.08B,8.70%,$77,$57,$20,$0,$20,$77,$1,$-1,$-0,$1,$-1,$-1,$-1,$4,$1,$19,19,$-0.03,$-0.03,$14,$6,$0,$84,$22,$0,$48,$4,$73,$157,$64,$40,$2,$51,$115,$0,$-110,$-1,$42,$157,$-1,$6,$2,$8,$18,$-0,$-23,$1,$-4,$3,$-2,$0,$0,$0,$0,$0,$0,$-2,$-2,$0,$-2,$0,$0,$0,$-4,$-6,$-5,$2,$0
2,2018-03-31,8.74,$2.18,4.01,$17.20,0.51,$0.56,15.71,$-0.00,0.0,$0.09B,$0.07B,1.18,$0.04B,$0.04B,0.88,$0.33B,$0.08B,25.46%,$0.33B,$0.00B,1.23%,$0.33B,$0.00B,1.23%,$0.33B,$0.02B,5.83%,$0.33B,$0.00B,0.61%,$0.33B,0,0.00%,$0.00B,$0.04B,0.00%,$0.00B,$-0.01B,0.00%,$0.00B,$0.16B,0.00%,$0.00B,$0.08B,4.98%,$78,$57,$21,$0,$21,$78,$1,$-1,$0,$1,$-1,$-1,$-1,$4,$1,$19,19,$-0.04,$-0.04,$17,$7,$0,$85,$23,$0,$49,$4,$76,$161,$72,$37,$2,$47,$119,$0,$-110,$1,$42,$161,$-1,$3,$1,$4,$22,$-1,$-18,$0,$3,$6,$-1,$0,$0,$0,$0,$0,$0,$-1,$-8,$0,$-8,$0,$0,$0,$-0,$-8,$-2,$1,$0
3,2017-12-31,7.43,$2.17,3.42,$17.31,0.43,$0.25,30.0,$-0.22,0.0,$0.11B,$0.10B,1.14,$0.04B,$0.04B,0.92,$0.33B,$0.08B,24.46%,$0.33B,0,0.00%,$0.33B,0,0.00%,$0.33B,$0.02B,4.89%,$0.33B,$-0.00B,-0.61%,$0.33B,$-0.00B,-1.22%,$-0.00B,$0.04B,-10.67%,$-0.00B,$-0.01B,30.77%,$-0.00B,$0.19B,-2.24%,$0.00B,$0.08B,0.00%,$93,$69,$24,$0,$19,$88,$4,$-1,$4,$0,$4,$4,$4,$8,$4,$19,19,$0.20,$0.20,$19,$5,$0,$109,$24,$0,$49,$4,$77,$186,$95,$38,$2,$50,$144,$0,$-109,$0,$41,$186,$-4,$15,$3,$18,$11,$1,$-17,$2,$-3,$11,$-5,$0,$0,$0,$0,$0,$0,$-5,$-13,$0,$-13,$1,$1,$0,$-2,$-15,$-5,$3,$0
4,2017-09-30,8.35,$1.96,4.26,$17.94,0.47,$0.15,54.97,$-0.60,0.0,$0.09B,$0.07B,1.2,$0.05B,$0.04B,1.19,$0.34B,$0.08B,22.92%,$0.34B,$-0.01B,-1.79%,$0.34B,$-0.01B,-1.79%,$0.34B,$0.01B,3.27%,$0.34B,$-0.01B,-2.38%,$0.34B,$-0.01B,-3.57%,$-0.01B,$0.04B,-32.21%,$-0.01B,$-0.01B,84.21%,$-0.01B,$0.17B,-6.50%,$-0.01B,$0.08B,-7.08%,$77,$58,$19,$0,$18,$76,$1,$-1,$0,$0,$-0,$-0,$-0,$5,$1,$19,19,$-0.01,$-0.01,$13,$5,$0,$85,$26,$0,$51,$4,$80,$165,$71,$45,$3,$57,$128,$0,$-113,$0,$37,$165,$-8,$11,$3,$14,$25,$1,$-36,$4,$-5,$1,$-4,$0,$0,$0,$0,$0,$0,$-4,$-10,$0,$-10,$1,$1,$0,$-2,$-11,$-12,$3,$0
5,2017-06-30,8.26,$1.90,4.36,$18.14,0.46,$-0.25,0.0,$-0.65,0.0,$0.10B,$0.09B,1.13,$0.05B,$0.04B,1.28,$0.34B,$0.08B,22.42%,$0.34B,$-0.01B,-2.06%,$0.34B,$-0.01B,-2.06%,$0.34B,$0.01B,2.95%,$0.34B,$-0.01B,-2.65%,$0.34B,$-0.01B,-3.83%,$-0.01B,$0.04B,-33.33%,$-0.01B,$-0.02B,96.30%,$-0.01B,$0.18B,-6.88%,$-0.01B,$0.08B,-7.87%,$78,$59,$19,$0,$21,$80,$-2,$-1,$-2,$0,$-3,$-3,$-3,$2,$-2,$19,19,$-0.14,$-0.14,$19,$8,$0,$99,$27,$0,$51,$4,$82,$181,$88,$46,$2,$58,$145,$0,$-113,$0,$36,$181,$-7,$8,$2,$10,$20,$-1,$-21,$3,$1,$3,$-2,$0,$0,$0,$0,$0,$0,$-2,$-7,$0,$-7,$0,$0,$0,$-2,$-9,$-5,$2,$0
6,2017-03-31,6.53,$1.91,3.41,$18.15,0.36,$-0.51,0.0,$-0.63,0.0,$0.10B,$0.09B,1.14,$0.05B,$0.04B,1.29,$0.34B,$0.07B,21.89%,$0.34B,$-0.01B,-1.78%,$0.34B,$-0.01B,-1.78%,$0.34B,$0.01B,2.96%,$0.34B,$-0.01B,-2.66%,$0.34B,$-0.01B,-3.55%,$-0.01B,$0.04B,-29.09%,$-0.01B,$-0.02B,97.96%,$-0.01B,$0.18B,-6.36%,$-0.01B,$0.08B,-6.52%,$79,$60,$18,$0,$22,$82,$-3,$-1,$-4,$1,$-5,$-5,$-5,$1,$-3,$19,19,$-0.26,$-0.26,$16,$8,$0,$97,$28,$0,$52,$4,$84,$181,$85,$46,$5,$60,$145,$0,$-110,$-0,$36,$181,$-5,$4,$1,$5,$20,$-1,$-20,$2,$0,$-0,$-1,$0,$0,$0,$0,$0,$0,$-1,$-8,$0,$-8,$0,$0,$0,$0,$-8,$-9,$1,$0
7,2016-12-31,8.5,$2.15,3.95,$18.04,0.47,$-1.00,0.0,$-0.41,0.0,$0.13B,$0.11B,1.17,$0.05B,$0.04B,1.3,$0.33B,$0.07B,22.16%,$0.33B,$-0.00B,-0.90%,$0.33B,$-0.00B,-0.90%,$0.33B,$0.01B,3.89%,$0.33B,$-0.01B,-1.50%,$0.33B,$-0.01B,-2.40%,$-0.01B,$0.04B,-18.50%,$-0.01B,$-0.01B,86.49%,$-0.01B,$0.21B,-4.30%,$-0.00B,$0.09B,-3.32%,$102,$82,$21,$0,$22,$104,$-2,$-1,$-2,$1,$-4,$-4,$-4,$3,$-2,$19,19,$-0.19,$-0.19,$25,$7,$0,$126,$30,$0,$53,$2,$86,$211,$107,$52,$3,$64,$171,$0,$-105,$-1,$40,$211,$-8,$16,$3,$19,$-9,$3,$7,$1,$2,$13,$-9,$0,$-8,$0,$0,$0,$0,$-17,$16,$0,$16,$1,$1,$0,$-11,$7,$3,$2,$0
8,2016-09-30,8.93,$2.34,3.81,$17.63,0.51,$-0.21,0.0,$-0.25,0.0,$0.10B,$0.08B,1.3,$0.06B,$0.04B,1.25,$0.32B,$0.07B,22.67%,$0.32B,0,0.00%,$0.32B,0,0.00%,$0.32B,$0.02B,4.66%,$0.32B,$-0.00B,-0.93%,$0.32B,$-0.01B,-1.55%,$-0.01B,$0.04B,-11.30%,$-0.01B,$-0.01B,68.97%,$-0.01B,$0.18B,-2.76%,$0.00B,$0.10B,0.00%,$80,$62,$18,$0,$18,$80,$-0,$-1,$-1,$0,$-1,$-1,$-1,$4,$-0,$19,19,$-0.06,$-0.06,$16,$7,$0,$98,$29,$0,$54,$2,$85,$183,$75,$55,$0,$64,$139,$0,$-102,$1,$44,$183,$-4,$11,$-1,$11,$8,$2,$-24,$6,$-9,$-2,$-8,$0,$-8,$0,$0,$0,$0,$-16,$21,$0,$21,$1,$1,$0,$-11,$11,$-6,$2,$0
9,2016-06-30,9.5,$2.38,3.99,$17.35,0.55,$0.59,16.19,$-0.40,0.0,$0.10B,$0.08B,1.27,$0.05B,$0.05B,1.12,$0.31B,$0.07B,22.68%,$0.31B,$-0.00B,-0.96%,$0.31B,$-0.00B,-0.96%,$0.31B,$0.01B,3.83%,$0.31B,$-0.01B,-1.60%,$0.31B,$-0.01B,-2.56%,$-0.01B,$0.05B,-18.08%,$-0.01B,$-0.01B,110.34%,$-0.01B,$0.18B,-4.52%,$-0.00B,$0.09B,-3.72%,$77,$60,$17,$0,$19,$79,$-1,$-1,$-2,$0,$-2,$-2,$-2,$2,$-1,$19,19,$-0.12,$-0.12,$17,$8,$0,$96,$27,$0,$55,$2,$84,$180,$76,$50,$1,$60,$136,$0,$-101,$1,$45,$180,$-3,$7,$-0,$7,$12,$1,$-20,$6,$-1,$3,$-7,$0,$-8,$0,$0,$0,$0,$-15,$16,$0,$16,$1,$1,$0,$-11,$6,$-5,$1,$0
10,2016-03-31,13.12,$2.39,5.48,$16.84,0.78,$1.01,12.98,$-0.39,0.0,$0.10B,$0.09B,1.13,$0.03B,$0.04B,0.7,$0.30B,$0.07B,22.41%,$0.30B,$-0.00B,-1.00%,$0.30B,$-0.00B,-1.00%,$0.30B,$0.01B,4.01%,$0.30B,$-0.01B,-1.67%,$0.30B,$-0.01B,-2.68%,$-0.01B,$0.04B,-18.71%,$-0.01B,$-0.00B,-400.00%,$-0.01B,$0.17B,-4.96%,$-0.00B,$0.08B,-4.41%,$75,$57,$18,$0,$18,$75,$0,$-0,$-0,$0,$-1,$-1,$-1,$4,$0,$18,18,$-0.04,$-0.04,$16,$8,$0,$97,$24,$0,$48,$2,$74,$171,$86,$31,$2,$41,$127,$0,$-99,$0,$44,$171,$-1,$4,$-0,$3,$11,$1,$-25,$2,$-11,$-8,$-1,$0,$0,$0,$0,$0,$0,$-1,$2,$0,$2,$1,$1,$0,$-0,$3,$-6,$1,$0
11,2015-12-31,12.87,$2.42,5.32,$16.47,0.78,$1.21,10.63,$-0.45,0.0,$0.12B,$0.10B,1.12,$0.03B,$0.04B,0.74,$0.29B,$0.06B,21.18%,$0.29B,$-0.00B,-1.39%,$0.29B,$-0.00B,-1.39%,$0.29B,$0.01B,3.47%,$0.29B,$-0.01B,-2.08%,$0.29B,$-0.01B,-3.13%,$-0.01B,$0.04B,-21.82%,$-0.01B,$-0.01B,-90.00%,$-0.01B,$0.19B,-6.02%,$-0.00B,$0.08B,-6.69%,$90,$70,$20,$0,$19,$89,$1,$-1,$0,$1,$-1,$-1,$-1,$5,$1,$18,18,$-0.03,$-0.03,$22,$9,$0,$116,$24,$0,$49,$2,$75,$191,$104,$32,$2,$44,$148,$0,$-98,$-0,$44,$191,$-8,$15,$5,$20,$-6,$1,$16,$-1,$10,$23,$-4,$0,$-32,$0,$0,$0,$0,$-36,$20,$0,$20,$1,$1,$0,$-3,$19,$4,$5,$0
12,2015-09-30,14.22,$2.41,5.9,$16.06,0.89,$0.68,21.02,$-0.30,0.0,$0.09B,$0.07B,1.15,$0.04B,$0.04B,0.8,$0.28B,$0.06B,20.22%,$0.28B,$-0.00B,-1.08%,$0.28B,$-0.00B,-1.08%,$0.28B,$0.01B,3.61%,$0.28B,$-0.00B,-1.44%,$0.28B,$-0.01B,-2.17%,$-0.01B,$0.04B,-14.91%,$-0.01B,$-0.01B,-32.00%,$-0.01B,$0.17B,-4.38%,$-0.00B,$0.08B,-5.80%,$71,$55,$16,$0,$19,$74,$-3,$-1,$-3,$0,$-4,$-4,$-4,$1,$-3,$18,18,$-0.21,$-0.21,$13,$9,$0,$85,$25,$0,$54,$2,$81,$166,$74,$35,$5,$49,$122,$0,$-97,$-0,$44,$166,$-7,$11,$4,$15,$13,$2,$-18,$4,$1,$8,$-3,$0,$-32,$0,$0,$0,$0,$-35,$24,$0,$24,$1,$1,$0,$-3,$23,$-5,$4,$0
13,2015-06-30,13.86,$2.23,6.22,$15.47,0.9,$0.77,18.09,$-0.24,0.0,$0.08B,$0.06B,1.22,$0.00B,$0.04B,0.1,$0.26B,$0.05B,19.01%,$0.26B,$-0.00B,-0.76%,$0.26B,$-0.00B,-0.76%,$0.26B,$0.01B,3.42%,$0.26B,$-0.00B,-1.52%,$0.26B,$-0.01B,-1.90%,$-0.01B,$0.04B,-12.99%,$-0.01B,$0.03B,-17.86%,$-0.01B,$0.12B,-3.92%,$-0.00B,$0.04B,-4.73%,$63,$50,$13,$0,$15,$65,$-1,$-0,$-2,$0,$-2,$-2,$-2,$2,$-1,$17,17,$-0.11,$-0.11,$16,$10,$0,$79,$24,$0,$12,$2,$38,$117,$64,$4,$0,$13,$78,$0,$-94,$0,$39,$117,$-4,$7,$2,$9,$16,$0,$-18,$4,$1,$6,$-2,$0,$-1,$0,$0,$0,$0,$-3,$-3,$0,$-3,$1,$1,$0,$-3,$-5,$-2,$2,$0
14,2015-03-31,10.99,$2.22,4.95,$15.06,0.73,$0.65,16.95,$-0.27,0.0,$0.09B,$0.07B,1.19,$0.00B,$0.04B,0.1,$0.25B,$0.05B,18.11%,$0.25B,$-0.00B,-1.18%,$0.25B,$-0.00B,-1.18%,$0.25B,$0.01B,3.15%,$0.25B,$-0.00B,-1.57%,$0.25B,$-0.01B,-1.97%,$-0.01B,$0.04B,-12.99%,$-0.01B,$0.03B,-16.13%,$-0.01B,$0.12B,-3.93%,$-0.00B,$0.04B,-7.19%,$64,$51,$12,$0,$14,$65,$-1,$-0,$-1,$0,$-2,$-2,$-2,$2,$-1,$17,17,$-0.10,$-0.10,$15,$10,$0,$86,$25,$0,$10,$2,$38,$124,$73,$4,$0,$13,$86,$0,$-92,$-0,$38,$124,$-2,$3,$1,$4,$7,$1,$-16,$1,$-7,$-4,$-1,$0,$0,$0,$0,$0,$0,$-1,$3,$0,$3,$1,$1,$0,$0,$3,$-3,$1,$0
15,2014-12-31,12.66,$2.36,5.37,$14.80,0.86,$1.07,11.88,$-0.28,0.0,$0.10B,$0.08B,1.21,$0.00B,$0.04B,0.1,$0.25B,$0.04B,17.81%,$0.25B,$-0.00B,-1.21%,$0.25B,$-0.00B,-1.21%,$0.25B,$0.01B,2.83%,$0.25B,$-0.01B,-2.02%,$0.25B,$-0.01B,-2.02%,$-0.01B,$0.04B,-12.82%,$-0.01B,$0.03B,-14.71%,$-0.01B,$0.14B,-3.95%,$-0.00B,$0.04B,-7.19%,$79,$64,$15,$0,$12,$77,$2,$-0,$2,$-0,$2,$2,$2,$5,$2,$17,17,$0.12,$0.12,$19,$11,$0,$101,$27,$0,$11,$3,$40,$141,$83,$4,$3,$17,$101,$0,$-90,$1,$40,$141,$-5,$12,$3,$14,$-3,$3,$6,$-3,$4,$14,$-5,$0,$-6,$0,$0,$0,$0,$-12,$-5,$0,$-5,$2,$2,$0,$-1,$-5,$-4,$3,$0
16,2014-09-30,10.88,$2.17,5.0,$14.56,0.75,$0.49,22.17,$-0.43,0.0,$0.09B,$0.07B,1.2,$0.00B,$0.04B,0.11,$0.24B,$0.04B,17.45%,$0.24B,$-0.01B,-2.13%,$0.24B,$-0.01B,-2.13%,$0.24B,$0.01B,2.13%,$0.24B,$-0.01B,-2.98%,$0.24B,$-0.01B,-2.98%,$-0.01B,$0.04B,-17.83%,$-0.01B,$0.03B,-19.05%,$-0.01B,$0.13B,-5.63%,$-0.01B,$0.04B,-11.98%,$57,$47,$10,$0,$13,$60,$-2,$-0,$-3,$-0,$-3,$-3,$-3,$0,$-2,$17,17,$-0.15,$-0.15,$20,$15,$0,$89,$27,$0,$10,$3,$39,$128,$74,$4,$3,$18,$92,$0,$-92,$1,$37,$128,$-7,$9,$2,$11,$12,$-1,$-6,$1,$6,$10,$-4,$0,$-5,$0,$0,$0,$0,$-10,$-4,$0,$-4,$1,$1,$0,$-0,$-3,$-3,$3,$0
17,2014-06-30,8.3,$2.30,3.6,$14.48,0.57,$0.01,572.41,$-0.40,0.0,$0.09B,$0.06B,1.38,$0.00B,$0.04B,0.06,$0.23B,$0.04B,17.24%,$0.23B,$-0.01B,-2.16%,$0.23B,$-0.01B,-2.16%,$0.23B,$0.01B,2.59%,$0.23B,$-0.01B,-2.59%,$0.23B,$-0.01B,-2.59%,$-0.01B,$0.04B,-15.19%,$-0.01B,$0.04B,-15.19%,$-0.01B,$0.12B,-4.92%,$-0.01B,$0.04B,-11.83%,$54,$45,$9,$0,$11,$56,$-2,$-0,$-2,$0,$-2,$-2,$-2,$1,$-2,$17,17,$-0.14,$-0.14,$23,$14,$0,$88,$25,$0,$0,$3,$28,$116,$64,$2,$0,$14,$77,$0,$-90,$2,$39,$116,$-4,$6,$2,$8,$15,$0,$-13,$-0,$2,$5,$-3,$0,$0,$0,$0,$0,$0,$-3,$-2,$0,$-2,$1,$1,$0,$-0,$-1,$1,$2,$0
18,2014-03-31,8.99,$2.41,3.73,$15.25,0.59,$-0.27,0.0,$-0.33,0.0,$0.09B,$0.07B,1.38,$0.00B,$0.04B,0.06,$0.24B,$0.04B,17.37%,$0.24B,$-0.00B,-1.69%,$0.24B,$-0.00B,-1.69%,$0.24B,$0.01B,2.97%,$0.24B,$-0.01B,-2.12%,$0.24B,$-0.01B,-2.12%,$-0.01B,$0.04B,-12.66%,$-0.01B,$0.04B,-12.66%,$-0.01B,$0.12B,-4.07%,$-0.00B,$0.04B,-9.30%,$57,$48,$10,$0,$11,$59,$-1,$-0,$-2,$0,$-2,$-2,$-2,$1,$-1,$17,17,$-0.11,$-0.11,$24,$11,$0,$91,$26,$0,$0,$3,$29,$121,$66,$2,$0,$14,$81,$0,$-87,$2,$40,$121,$-2,$3,$1,$4,$9,$3,$-10,$-0,$1,$3,$-2,$0,$0,$0,$0,$0,$0,$-2,$-1,$0,$-1,$1,$1,$0,$-0,$-0,$1,$1,$0
19,2013-12-31,9.07,$2.48,3.66,$16.73,0.54,$-0.61,0.0,$-0.42,0.0,$0.10B,$0.08B,1.35,$0.00B,$0.04B,0.07,$0.24B,$0.04B,17.36%,$0.24B,$-0.01B,-2.07%,$0.24B,$-0.01B,-2.07%,$0.24B,$0.01B,2.48%,$0.24B,$-0.01B,-2.07%,$0.24B,$-0.01B,-2.48%,$-0.01B,$0.04B,-16.67%,$-0.01B,$0.04B,-16.67%,$-0.01B,$0.13B,-4.88%,$-0.01B,$0.04B,-12.50%,$67,$55,$12,$0,$12,$67,$-0,$-0,$-0,$0,$-0,$-0,$-0,$3,$-0,$15,15,$0.00,$0.00,$23,$14,$0,$102,$27,$0,$0,$3,$30,$132,$76,$3,$0,$16,$91,$0,$-85,$2,$41,$132,$-6,$10,$3,$13,$-9,$10,$-4,$2,$-0,$7,$-8,$0,$0,$0,$0,$0,$0,$-8,$-12,$0,$-12,$16,$16,$0,$0,$4,$3,$3,$0
20,2013-09-30,5.97,$2.37,2.52,$18.23,0.33,$0.54,11.12,$-0.34,0.0,$0.09B,$0.07B,1.36,$0.00B,$0.04B,0.09,$0.25B,$0.04B,16.67%,$0.25B,$-0.00B,-1.59%,$0.25B,$-0.00B,-1.59%,$0.25B,$0.01B,2.38%,$0.25B,$-0.00B,-1.59%,$0.25B,$-0.01B,-1.98%,$-0.01B,$0.04B,-15.27%,$-0.01B,$0.04B,-15.27%,$-0.01B,$0.12B,-4.06%,$-0.00B,$0.04B,-10.74%,$54,$45,$9,$0,$11,$55,$-2,$-0,$-2,$0,$-2,$-2,$-2,$1,$-2,$16,16,$-0.12,$-0.12,$22,$17,$0,$89,$27,$0,$0,$3,$30,$119,$65,$3,$0,$15,$80,$0,$-85,$2,$38,$119,$-5,$8,$1,$9,$8,$7,$-15,$-0,$0,$3,$-5,$0,$0,$0,$0,$0,$0,$-5,$-11,$0,$-11,$14,$14,$0,$-0,$4,$2,$1,$0
21,2013-06-30,4.0,$2.44,1.64,$19.97,0.2,$1.33,3.01,$-0.25,0.0,$0.09B,$0.06B,1.43,$0.00B,$0.04B,0.11,$0.26B,$0.04B,15.97%,$0.26B,$-0.00B,-0.76%,$0.26B,$-0.00B,-0.76%,$0.26B,$0.01B,3.04%,$0.26B,$-0.00B,-0.76%,$0.26B,$-0.00B,-1.14%,$-0.00B,$0.04B,-10.00%,$-0.00B,$0.04B,-10.00%,$-0.00B,$0.12B,-2.41%,$-0.00B,$0.04B,-5.71%,$58,$48,$10,$0,$11,$59,$-1,$-0,$-1,$0,$-1,$-1,$-1,$2,$-1,$15,15,$-0.07,$-0.07,$22,$18,$0,$89,$27,$0,$0,$3,$29,$119,$63,$4,$0,$17,$79,$0,$-83,$1,$39,$119,$-4,$5,$1,$6,$8,$7,$-17,$1,$-1,$1,$-3,$0,$0,$0,$0,$0,$0,$-3,$-10,$0,$-10,$14,$14,$0,$-0,$5,$2,$1,$0
22,2013-03-31,4.01,$2.00,2.01,$21.21,0.19,$2.02,1.98,$-0.22,0.0,$0.09B,$0.08B,1.16,$0.01B,$0.03B,0.18,$0.27B,$0.04B,15.44%,$0.27B,$-0.00B,-0.37%,$0.27B,$-0.00B,-0.37%,$0.27B,$0.01B,2.94%,$0.27B,$-0.00B,-0.37%,$0.27B,$-0.00B,-1.10%,$-0.00B,$0.03B,-11.11%,$-0.00B,$0.03B,-11.11%,$-0.00B,$0.12B,-2.39%,$-0.00B,$0.03B,-3.10%,$63,$52,$11,$0,$13,$65,$-2,$-0,$-2,$0,$-3,$-3,$-3,$0,$-2,$13,13,$-0.20,$-0.20,$18,$21,$0,$91,$27,$0,$0,$3,$30,$122,$79,$5,$0,$17,$96,$0,$-82,$1,$26,$122,$-3,$2,$0,$3,$5,$4,$-11,$0,$-2,$-2,$-2,$0,$0,$0,$0,$0,$0,$-2,$2,$0,$2,$0,$0,$0,$-0,$2,$-2,$0,$0
23,2012-12-31,2.85,$2.19,1.3,$21.98,0.13,$3.03,0.94,$-0.12,0.0,$0.10B,$0.09B,1.18,$0.01B,$0.03B,0.19,$0.28B,$0.04B,14.54%,$0.28B,0,0.00%,$0.28B,0,0.00%,$0.28B,$0.01B,3.19%,$0.28B,0,0.00%,$0.28B,$-0.00B,-0.35%,$-0.00B,$0.03B,-3.67%,$-0.00B,$0.03B,-3.67%,$-0.00B,$0.13B,-0.78%,$0.00B,$0.03B,0.00%,$77,$65,$12,$0,$11,$76,$1,$-0,$1,$0,$1,$1,$1,$3,$1,$13,13,$0.05,$0.05,$20,$25,$0,$102,$28,$0,$0,$3,$31,$133,$87,$5,$0,$19,$105,$0,$-79,$2,$28,$133,$-2,$9,$2,$9,$7,$6,$-3,$10,$19,$29,$-15,$0,$0,$0,$0,$0,$0,$-15,$-13,$0,$-13,$0,$0,$0,$1,$-12,$2,$1,$0
24,2012-09-30,2.89,$0.00,0.0,$22.79,0.13,$1.30,2.22,$-0.11,0.0,$0.09B,$0.08B,1.19,$0.01B,$0.03B,0.21,$0.29B,$0.04B,13.70%,$0.29B,0,0.00%,$0.29B,0,0.00%,$0.29B,$0.01B,3.08%,$0.29B,0,0.00%,$0.29B,$-0.00B,-0.34%,$-0.00B,$0.03B,-3.67%,$-0.00B,$0.03B,-3.67%,$-0.00B,$0.12B,-0.78%,$0.00B,$0.03B,0.00%,$65,$55,$9,$0,$9,$65,$0,$-0,$-0,$0,$-0,$-0,$-0,$3,$0,$13,13,$-0.03,$-0.03,$18,$25,$5,$94,$0,$0,$0,$4,$4,$123,$79,$6,$0,$18,$96,$0,$-80,$0,$27,$123,$-2,$7,$1,$8,$15,$5,$-15,$9,$14,$20,$-11,$0,$0,$0,$0,$0,$0,$-11,$-9,$0,$-9,$0,$0,$0,$0,$-9,$0,$1,$0
25,2012-06-30,2.84,$0.00,0.0,$23.31,0.12,$0.42,6.84,$-0.22,0.0,$0.10B,$0.08B,1.19,$0.01B,$0.03B,0.23,$0.30B,$0.04B,13.09%,$0.30B,$-0.00B,-0.34%,$0.30B,$-0.00B,-0.34%,$0.30B,$0.01B,2.01%,$0.30B,$-0.00B,-0.67%,$0.30B,$-0.00B,-1.01%,$-0.00B,$0.03B,-11.01%,$-0.00B,$0.03B,-11.01%,$-0.00B,$0.13B,-2.29%,$-0.00B,$0.03B,-3.17%,$67,$57,$10,$0,$10,$67,$-0,$-0,$-0,$0,$-1,$-1,$-1,$2,$-0,$13,13,$-0.04,$-0.04,$18,$27,$4,$96,$0,$0,$0,$3,$3,$125,$81,$6,$0,$17,$98,$0,$-80,$0,$27,$125,$-2,$4,$1,$5,$13,$3,$-13,$9,$13,$16,$-9,$0,$0,$0,$0,$0,$0,$-9,$-8,$0,$-8,$0,$0,$0,$0,$-7,$-1,$1,$0
26,2012-03-31,3.94,$0.00,0.0,$23.48,0.17,$-0.36,0.0,$-0.28,0.0,$0.11B,$0.09B,1.19,$0.00B,$0.03B,0.16,$0.30B,$0.04B,12.71%,$0.30B,$-0.00B,-0.67%,$0.30B,$-0.00B,-0.67%,$0.30B,$0.01B,1.67%,$0.30B,$-0.00B,-1.00%,$0.30B,$-0.00B,-1.00%,$-0.00B,$0.03B,-10.81%,$-0.00B,$0.03B,-10.81%,$-0.00B,$0.13B,-2.29%,$-0.00B,$0.03B,-6.50%,$73,$63,$10,$0,$11,$74,$-1,$-0,$-1,$0,$-1,$-1,$-1,$1,$-1,$13,13,$-0.10,$-0.10,$18,$30,$4,$105,$0,$0,$0,$3,$3,$131,$88,$4,$5,$15,$103,$0,$-79,$0,$27,$131,$-1,$2,$0,$3,$11,$1,$-4,$8,$16,$17,$-8,$0,$0,$0,$0,$0,$0,$-8,$-10,$0,$-10,$0,$0,$0,$1,$-9,$0,$0,$0
27,2011-12-31,3.29,$2.20,1.5,$23.68,0.14,$-1.40,0.0,$-0.37,0.0,$0.12B,$0.10B,1.21,$0.00B,$0.03B,0.13,$0.30B,$0.04B,12.08%,$0.30B,$-0.00B,-0.67%,$0.30B,$-0.00B,-0.67%,$0.30B,$0.00B,1.34%,$0.30B,$-0.00B,-1.34%,$0.30B,$-0.00B,-1.34%,$-0.00B,$0.03B,-14.29%,$-0.00B,$0.03B,-14.29%,$-0.00B,$0.14B,-3.09%,$-0.00B,$0.03B,-6.67%,$87,$77,$11,$0,$9,$86,$1,$-0,$1,$0,$1,$1,$1,$3,$1,$13,13,$0.06,$0.06,$19,$30,$5,$118,$69,$0,$0,$3,$72,$136,$98,$4,$7,$10,$108,$0,$-78,$1,$28,$136,$-5,$6,$4,$9,$-12,$3,$-1,$2,$-7,$-1,$-8,$0,$0,$0,$0,$0,$2,$-5,$2,$0,$2,$2,$2,$0,$1,$5,$-1,$1,$0
28,2011-09-30,3.79,$0.00,0.0,$23.13,0.16,$-0.78,0.0,$-0.65,0.0,$0.12B,$0.10B,1.19,$0.00B,$0.03B,0.07,$0.29B,$0.08B,28.57%,$0.29B,$0.05B,17.77%,$0.29B,$0.05B,17.77%,$0.29B,$0.06B,19.51%,$0.29B,$-0.00B,-1.39%,$0.29B,$-0.01B,-2.79%,$-0.01B,$0.03B,-28.32%,$-0.01B,$0.03B,-28.32%,$-0.01B,$0.13B,-6.26%,$0.05B,$0.03B,171.43%,$71,$63,$8,$0,$9,$72,$-1,$-0,$-2,$0,$-2,$-2,$-2,$0,$-1,$13,13,$-0.14,$-0.14,$20,$41,$5,$116,$0,$0,$0,$2,$2,$131,$98,$2,$4,$6,$104,$0,$-79,$0,$27,$131,$-5,$5,$3,$7,$0,$0,$0,$0,$1,$4,$-7,$0,$2,$0,$0,$0,$0,$-5,$0,$-2,$0,$0,$2,$0,$1,$1,$1,$0,$0
29,2011-06-30,4.59,$0.00,0.0,$24.08,0.19,$-0.57,0.0,$-0.67,0.0,$0.11B,$0.09B,1.23,$0.00B,$0.03B,0.04,$0.30B,$0.08B,28.04%,$0.30B,$0.05B,16.89%,$0.30B,$0.05B,16.89%,$0.30B,$0.06B,18.92%,$0.30B,$-0.00B,-1.35%,$0.30B,$-0.01B,-2.70%,$-0.01B,$0.03B,-27.12%,$-0.01B,$0.03B,-28.07%,$-0.01B,$0.13B,-6.35%,$0.05B,$0.03B,162.60%,$68,$59,$9,$0,$9,$69,$-1,$-0,$-1,$0,$-1,$-1,$-1,$1,$-1,$13,13,$-0.10,$-0.10,$20,$39,$4,$114,$0,$0,$0,$2,$2,$127,$92,$1,$4,$5,$98,$0,$-77,$0,$29,$127,$-4,$3,$2,$5,$0,$0,$0,$0,$-1,$1,$-4,$0,$2,$0,$0,$0,$0,$-2,$0,$-1,$0,$0,$2,$0,$1,$1,$1,$0,$0
30,2011-03-31,4.99,$0.00,0.0,$26.31,0.19,$-0.20,0.0,$-0.71,0.0,$0.11B,$0.09B,1.24,$0.00B,$0.03B,0.04,$0.31B,$0.08B,26.77%,$0.31B,$0.05B,16.13%,$0.31B,$0.05B,16.13%,$0.31B,$0.06B,17.74%,$0.31B,$-0.00B,-1.29%,$0.31B,$-0.01B,-2.58%,$-0.01B,$0.03B,-26.23%,$-0.01B,$0.03B,-28.07%,$-0.01B,$0.12B,-6.40%,$0.05B,$0.03B,157.48%,$72,$64,$8,$0,$9,$74,$-1,$-0,$-2,$0,$-2,$-2,$-2,$0,$-1,$12,12,$-0.19,$-0.19,$20,$33,$4,$111,$0,$0,$0,$2,$2,$123,$89,$1,$4,$5,$95,$0,$-76,$0,$28,$123,$-2,$1,$2,$3,$0,$0,$0,$0,$-4,$-2,$-1,$0,$2,$0,$0,$0,$0,$1,$0,$-0,$1,$0,$0,$0,$1,$1,$0,$0,$0
31,2010-12-31,3.96,$2.40,1.65,$29.29,0.14,$0.12,32.22,$-0.64,0.0,$0.12B,$0.10B,1.24,$0.00B,$0.03B,0.07,$0.33B,$0.09B,26.07%,$0.33B,$0.05B,15.34%,$0.33B,$0.05B,15.34%,$0.33B,$0.06B,17.18%,$0.33B,$-0.00B,-0.92%,$0.33B,$-0.01B,-2.15%,$-0.01B,$0.03B,-22.95%,$-0.01B,$0.03B,-25.69%,$-0.01B,$0.13B,-5.65%,$0.05B,$0.03B,156.25%,$76,$19,$57,$0,$3,$22,$54,$-0,$1,$0,$1,$0,$-3,$55,$54,$12,12,$-0.22,$-0.22,$20,$35,$6,$118,$60,$0,$0,$3,$63,$130,$95,$2,$4,$6,$101,$0,$-73,$2,$29,$130,$-7,$6,$6,$11,$-3,$-3,$6,$-2,$-1,$3,$-4,$0,$0,$0,$0,$0,$0,$-4,$-3,$0,$-3,$7,$7,$0,$0,$4,$4,$1,$0
32,2010-09-30,3.47,$0.00,0.0,$32.68,0.11,$0.52,6.7,$-0.52,0.0,$0.11B,$0.09B,1.24,$0.00B,$0.03B,0.04,$0.35B,$0.11B,32.95%,$0.35B,$0.08B,23.12%,$0.35B,$0.08B,23.12%,$0.35B,$0.09B,24.86%,$0.35B,$-0.01B,-1.45%,$0.35B,$-0.01B,-1.45%,$-0.01B,$0.03B,-16.39%,$-0.01B,$0.03B,-19.05%,$-0.01B,$0.12B,-4.05%,$0.08B,$0.03B,246.15%,$80,$71,$9,$0,$10,$82,$-2,$-0,$-2,$0,$-2,$-2,$-2,$-0,$-2,$12,12,$-0.16,$-0.16,$20,$38,$4,$109,$0,$0,$4,$2,$6,$124,$88,$1,$4,$5,$92,$0,$-71,$0,$32,$124,$-5,$5,$0,$5,$0,$0,$0,$0,$1,$3,$-3,$0,$0,$0,$0,$0,$0,$-3,$0,$-3,$0,$0,$7,$0,$0,$4,$4,$0,$0
33,2010-06-30,2.87,$0.00,0.0,$34.77,0.08,$1.02,2.81,$-0.45,0.0,$0.11B,$0.09B,1.26,$0.00B,$0.03B,0.04,$0.35B,$0.12B,32.67%,$0.35B,$0.08B,23.30%,$0.35B,$0.08B,23.30%,$0.35B,$0.09B,24.72%,$0.35B,$-0.00B,-1.14%,$0.35B,$-0.00B,-1.14%,$-0.00B,$0.03B,-13.33%,$-0.00B,$0.03B,-15.53%,$-0.00B,$0.12B,-3.23%,$0.08B,$0.03B,254.26%,$82,$73,$9,$0,$10,$84,$-1,$-0,$-1,$0,$-1,$-1,$-1,$0,$-1,$11,11,$-0.14,$-0.14,$21,$35,$4,$108,$0,$0,$4,$2,$6,$123,$85,$1,$4,$5,$90,$0,$-69,$0,$33,$123,$-3,$3,$0,$3,$0,$0,$0,$0,$2,$3,$-2,$0,$0,$0,$0,$0,$0,$-2,$0,$-4,$0,$0,$7,$0,$1,$4,$5,$0,$0
34,2010-03-31,2.85,$0.00,0.0,$35.42,0.08,$1.17,2.43,$-0.57,0.0,$0.10B,$0.09B,1.2,$0.00B,$0.03B,0.08,$0.35B,$0.11B,32.39%,$0.35B,$0.08B,23.01%,$0.35B,$0.08B,23.01%,$0.35B,$0.09B,24.43%,$0.35B,$-0.01B,-1.70%,$0.35B,$-0.01B,-1.70%,$-0.01B,$0.03B,-20.34%,$-0.01B,$0.02B,-24.00%,$-0.01B,$0.12B,-4.85%,$0.08B,$0.03B,255.12%,$88,$79,$10,$0,$10,$89,$-1,$-0,$-1,$0,$-1,$-1,$-1,$1,$-1,$10,10,$-0.12,$-0.12,$16,$34,$4,$103,$0,$0,$4,$2,$7,$119,$86,$2,$4,$6,$92,$0,$-67,$0,$28,$119,$-1,$2,$0,$2,$0,$0,$0,$0,$0,$1,$-1,$0,$0,$0,$0,$0,$0,$-1,$0,$-1,$0,$0,$0,$0,$1,$0,$0,$0,$0
35,2009-12-31,1.49,$2.95,0.5,$35.50,0.04,$1.66,0.9,$-0.47,0.0,$0.11B,$0.09B,1.21,$0.00B,$0.03B,0.11,$0.35B,$0.12B,32.58%,$0.35B,$0.08B,23.51%,$0.35B,$0.08B,23.51%,$0.35B,$0.09B,24.93%,$0.35B,$-0.01B,-1.42%,$0.35B,$-0.01B,-1.42%,$-0.01B,$0.03B,-16.39%,$-0.01B,$0.03B,-19.05%,$-0.01B,$0.13B,-3.95%,$0.08B,$0.03B,249.62%,$96,$9,$86,$0,$3,$12,$84,$-0,$-1,$0,$-1,$-1,$-1,$85,$84,$10,10,$-0.10,$-0.10,$17,$34,$4,$110,$60,$0,$4,$3,$67,$128,$91,$3,$4,$7,$98,$0,$-66,$2,$29,$128,$-5,$7,$1,$7,$5,$8,$-9,$0,$4,$8,$-4,$0,$0,$0,$0,$0,$0,$-4,$-5,$0,$-5,$0,$0,$0,$-0,$-5,$-1,$0,$0
36,2009-09-30,1.66,$0.00,0.0,$37.25,0.04,$1.67,1.0,$-2.00,0.0,$0.11B,$0.09B,1.19,$0.00B,$0.03B,0.06,$0.37B,$0.04B,11.35%,$0.37B,$-0.02B,-4.59%,$0.37B,$-0.02B,-4.59%,$0.37B,$-0.01B,-2.97%,$0.37B,$-0.02B,-5.41%,$0.37B,$-0.02B,-5.41%,$-0.02B,$0.03B,-63.49%,$-0.02B,$0.03B,-73.39%,$-0.02B,$0.13B,-15.30%,$-0.02B,$0.03B,-49.28%,$86,$76,$10,$0,$10,$86,$-0,$-0,$-1,$0,$-1,$-1,$-1,$1,$-0,$10,10,$-0.09,$-0.09,$18,$36,$5,$108,$0,$0,$4,$2,$6,$125,$91,$2,$2,$4,$94,$0,$-65,$0,$30,$125,$-4,$5,$0,$5,$0,$0,$0,$0,$6,$8,$-4,$0,$0,$0,$0,$0,$0,$-4,$0,$-1,$-5,$0,$0,$0,$-0,$-6,$-0,$0,$0
37,2009-06-30,1.35,$0.00,0.0,$39.65,0.03,$1.82,0.74,$-1.91,0.0,$0.11B,$0.09B,1.19,$0.00B,$0.03B,0.06,$0.39B,$0.05B,11.42%,$0.39B,$-0.02B,-4.06%,$0.39B,$-0.02B,-4.06%,$0.39B,$-0.01B,-2.54%,$0.39B,$-0.02B,-4.82%,$0.39B,$-0.02B,-4.82%,$-0.02B,$0.03B,-52.41%,$-0.02B,$0.03B,-67.86%,$-0.02B,$0.12B,-13.67%,$-0.02B,$0.03B,-40.51%,$82,$74,$8,$0,$11,$85,$-2,$-0,$-3,$-0,$-3,$-3,$-3,$-1,$-2,$10,10,$-0.26,$-0.26,$17,$41,$3,$106,$0,$0,$4,$2,$6,$123,$89,$2,$2,$3,$92,$0,$-64,$0,$31,$123,$-3,$4,$0,$4,$0,$0,$0,$0,$3,$5,$-2,$0,$0,$0,$0,$0,$0,$-2,$0,$-4,$0,$0,$0,$0,$-0,$-4,$-1,$0,$0
38,2009-03-31,1.0,$0.00,0.0,$42.38,0.02,$2.52,0.4,$-1.64,0.0,$0.11B,$0.09B,1.21,$0.00B,$0.03B,0.11,$0.42B,$0.05B,11.82%,$0.42B,$-0.01B,-3.07%,$0.42B,$-0.01B,-3.07%,$0.42B,$-0.01B,-1.65%,$0.42B,$-0.02B,-3.78%,$0.42B,$-0.02B,-3.78%,$-0.02B,$0.03B,-39.02%,$-0.02B,$0.03B,-55.17%,$-0.02B,$0.13B,-10.74%,$-0.01B,$0.04B,-29.05%,$89,$78,$11,$0,$11,$88,$1,$-0,$0,$0,$-0,$-0,$-0,$3,$1,$10,10,$-0.02,$-0.02,$18,$46,$3,$113,$0,$0,$5,$1,$6,$130,$94,$4,$1,$5,$98,$0,$-62,$0,$32,$130,$-0,$2,$0,$2,$0,$0,$0,$0,$4,$6,$-1,$0,$0,$0,$0,$0,$0,$-1,$0,$-6,$0,$0,$0,$0,$-0,$-6,$-1,$0,$0
39,2008-12-31,0.73,$3.34,0.22,$45.22,0.02,$3.06,0.24,$-1.57,0.0,$0.13B,$0.11B,1.2,$0.01B,$0.03B,0.15,$0.45B,$0.05B,11.50%,$0.45B,$-0.01B,-2.88%,$0.45B,$-0.01B,-2.88%,$0.45B,$-0.01B,-1.55%,$0.45B,$-0.02B,-3.32%,$0.45B,$-0.02B,-3.54%,$-0.02B,$0.03B,-35.16%,$-0.02B,$0.03B,-54.70%,$-0.02B,$0.15B,-10.16%,$-0.01B,$0.04B,-26.26%,$113,$99,$13,$0,$13,$129,$-16,$-0,$-16,$0,$-16,$-16,$-16,$-14,$-16,$10,10,$-1.63,$-1.63,$18,$47,$4,$127,$56,$0,$5,$1,$61,$145,$105,$5,$1,$6,$111,$0,$-61,$2,$33,$145,$-16,$7,$2,$7,$3,$-3,$5,$-5,$0,$9,$-6,$0,$0,$0,$0,$0,$0,$-6,$-2,$-2,$-0,$0,$0,$0,$-0,$-2,$2,$1,$0
40,2008-09-30,2.41,$0.00,0.0,$45.81,0.05,$2.84,0.85,$0.10,23.17,$0.12B,$0.11B,1.18,$0.00B,$0.05B,0.05,$0.46B,$0.05B,11.28%,$0.46B,$0.00B,0.87%,$0.46B,$0.00B,0.87%,$0.46B,$0.01B,2.17%,$0.46B,$0.00B,0.43%,$0.46B,$0.00B,0.22%,$0.00B,$0.05B,2.02%,$0.00B,$0.03B,3.45%,$0.00B,$0.16B,0.62%,$0.00B,$0.05B,7.44%,$110,$97,$13,$0,$12,$109,$1,$-0,$0,$0,$0,$0,$0,$2,$1,$10,10,$0.00,$0.00,$17,$62,$3,$124,$0,$0,$21,$1,$22,$158,$105,$3,$1,$4,$108,$0,$-45,$0,$49,$158,$1,$5,$0,$5,$0,$0,$0,$0,$5,$11,$-5,$0,$0,$0,$0,$0,$0,$-5,$0,$-1,$-4,$0,$0,$0,$-1,$-6,$0,$0,$0
41,2008-06-30,4.75,$0.00,0.0,$45.86,0.1,$2.10,2.26,$0.10,45.67,$0.13B,$0.11B,1.19,$0.00B,$0.05B,0.05,$0.46B,$0.05B,11.02%,$0.46B,$0.00B,0.86%,$0.46B,$0.00B,0.86%,$0.46B,$0.01B,2.38%,$0.46B,$0.00B,0.43%,$0.46B,$0.00B,0.22%,$0.00B,$0.05B,2.03%,$0.00B,$0.03B,3.54%,$0.00B,$0.16B,0.62%,$0.00B,$0.05B,7.48%,$111,$98,$13,$0,$12,$110,$1,$-0,$0,$0,$0,$0,$0,$2,$1,$10,10,$0.01,$0.01,$18,$53,$4,$130,$0,$0,$21,$1,$22,$163,$109,$3,$1,$3,$112,$0,$-45,$0,$50,$163,$0,$3,$0,$3,$0,$0,$0,$0,$7,$12,$-2,$0,$0,$0,$0,$0,$0,$-2,$0,$-1,$-8,$0,$0,$0,$-2,$-10,$-0,$0,$0
42,2008-03-31,4.15,$0.00,0.0,$45.66,0.09,$0.98,4.24,$0.09,44.14,$0.13B,$0.11B,1.22,$0.01B,$0.05B,0.11,$0.46B,$0.05B,10.87%,$0.46B,$0.00B,0.87%,$0.46B,$0.00B,0.87%,$0.46B,$0.01B,2.61%,$0.46B,$0.00B,0.43%,$0.46B,$0.00B,0.22%,$0.00B,$0.05B,2.06%,$0.00B,$0.03B,3.70%,$0.00B,$0.16B,0.63%,$0.00B,$0.06B,7.58%,$118,$105,$13,$0,$12,$117,$1,$-0,$1,$0,$0,$0,$0,$3,$1,$10,10,$0.05,$0.05,$18,$51,$3,$130,$0,$0,$21,$1,$22,$164,$107,$5,$1,$6,$113,$0,$-45,$0,$50,$164,$0,$2,$0,$2,$0,$0,$0,$0,$9,$11,$-1,$0,$0,$0,$0,$0,$0,$-1,$0,$-10,$0,$0,$0,$0,$-2,$-12,$-1,$0,$0
43,2007-12-31,5.88,$0.00,0.0,$44.43,0.13,$-0.31,0.0,$-0.19,0.0,$0.12B,$0.10B,1.22,$0.01B,$0.05B,0.13,$0.45B,$0.05B,10.54%,$0.45B,$0.00B,0.45%,$0.45B,$0.00B,0.45%,$0.45B,$0.01B,2.24%,$0.45B,$-0.00B,-0.22%,$0.45B,$-0.00B,-0.22%,$-0.00B,$0.05B,-2.09%,$-0.00B,$0.03B,-3.85%,$-0.00B,$0.16B,-0.63%,$0.00B,$0.06B,3.83%,$122,$109,$13,$0,$12,$121,$1,$-1,$1,$0,$1,$1,$1,$3,$1,$10,10,$0.05,$0.05,$16,$46,$3,$124,$0,$0,$21,$1,$22,$158,$102,$6,$1,$8,$109,$0,$-46,$0,$49,$158,$-1,$8,$0,$8,$0,$0,$0,$0,$-3,$5,$-4,$0,$0,$0,$0,$0,$0,$-4,$0,$-2,$-2,$0,$0,$0,$1,$-3,$-1,$0,$0
44,2007-09-30,6.16,$0.00,0.0,$43.49,0.14,$-0.61,0.0,$-0.89,0.0,$0.12B,$0.10B,1.17,$0.00B,$0.05B,0.07,$0.43B,$0.04B,10.16%,$0.43B,0,0.00%,$0.43B,0,0.00%,$0.43B,$0.01B,1.85%,$0.43B,$-0.01B,-1.85%,$0.43B,$-0.01B,-1.85%,$-0.01B,$0.05B,-16.75%,$-0.01B,$0.03B,-31.07%,$-0.01B,$0.16B,-4.98%,$0.00B,$0.05B,0.00%,$112,$100,$12,$0,$11,$111,$1,$-1,$0,$0,$0,$0,$0,$3,$1,$10,10,$0.00,$0.00,$17,$45,$3,$122,$0,$0,$21,$1,$22,$157,$104,$3,$2,$5,$109,$0,$-46,$0,$48,$157,$-2,$6,$0,$6,$0,$0,$0,$0,$-3,$2,$-3,$0,$0,$0,$0,$0,$0,$-3,$0,$-1,$0,$0,$0,$0,$1,$-1,$-1,$0,$0
45,2007-06-30,3.95,$0.00,0.0,$41.95,0.09,$-1.21,0.0,$-1.22,0.0,$0.12B,$0.11B,1.16,$0.00B,$0.05B,0.06,$0.42B,$0.04B,9.88%,$0.42B,$-0.00B,-0.72%,$0.42B,$-0.00B,-0.72%,$0.42B,$0.01B,1.20%,$0.42B,$-0.01B,-2.65%,$0.42B,$-0.01B,-2.65%,$-0.01B,$0.05B,-22.22%,$-0.01B,$0.03B,-41.51%,$-0.01B,$0.16B,-6.74%,$-0.00B,$0.05B,-5.50%,$108,$97,$12,$0,$11,$107,$1,$-1,$0,$0,$0,$0,$0,$3,$1,$10,10,$0.00,$0.00,$17,$45,$3,$124,$0,$0,$22,$1,$22,$159,$107,$3,$2,$4,$112,$0,$-47,$0,$47,$159,$-2,$4,$0,$4,$0,$0,$0,$0,$-2,$0,$-2,$0,$0,$0,$0,$0,$0,$-2,$0,$0,$0,$0,$0,$0,$1,$2,$0,$0,$0
46,2007-03-31,4.84,$0.00,0.0,$42.86,0.11,$-1.17,0.0,$-1.55,0.0,$0.13B,$0.11B,1.17,$0.01B,$0.05B,0.13,$0.42B,$0.04B,9.38%,$0.42B,$-0.01B,-1.68%,$0.42B,$-0.01B,-1.68%,$0.42B,$0.00B,0.24%,$0.42B,$-0.01B,-3.37%,$0.42B,$-0.01B,-3.37%,$-0.01B,$0.05B,-26.79%,$-0.01B,$0.03B,-49.56%,$-0.01B,$0.16B,-8.33%,$-0.01B,$0.05B,-12.28%,$104,$94,$10,$0,$11,$106,$-1,$-1,$-2,$0,$-2,$-2,$-2,$1,$-1,$10,10,$-0.24,$-0.24,$15,$47,$4,$127,$0,$0,$22,$1,$23,$163,$109,$6,$2,$8,$116,$0,$-47,$0,$47,$163,$-2,$2,$0,$2,$0,$0,$0,$0,$-1,$-1,$-1,$0,$0,$0,$0,$0,$0,$-1,$0,$0,$-0,$0,$0,$0,$2,$2,$-0,$0,$0
47,2006-12-31,5.17,$0.00,0.0,$47.21,0.11,$-0.59,0.0,$-1.55,0.0,$0.13B,$0.11B,1.19,$0.01B,$0.05B,0.12,$0.42B,$0.04B,9.22%,$0.42B,$-0.01B,-1.65%,$0.42B,$-0.01B,-1.65%,$0.42B,$0.00B,0.24%,$0.42B,$-0.01B,-3.07%,$0.42B,$-0.01B,-3.31%,$-0.01B,$0.05B,-25.69%,$-0.01B,$0.03B,-47.46%,$-0.01B,$0.16B,-8.19%,$-0.01B,$0.06B,-12.07%,$109,$99,$10,$0,$10,$110,$-1,$-5,$-6,$1,$-6,$-6,$-6,$1,$-1,$10,10,$-0.66,$-0.66,$18,$48,$4,$128,$0,$0,$22,$1,$23,$164,$108,$6,$2,$8,$115,$0,$-44,$0,$49,$164,$-15,$7,$0,$7,$0,$0,$0,$0,$3,$2,$-4,$0,$-1,$0,$0,$0,$1,$-4,$0,$-0,$0,$0,$5,$0,$-1,$3,$1,$0,$0
