,Date,Stock Price,Book Value per Share,Price to Book Ratio,TTM Sales per Share,Price to Sales Ratio,TTM FCF per Share,Price to FCF Ratio,TTM Net EPS,PE Ratio,Current Assets,Current Liabilities,Current Ratio,Long Term Debt,Shareholder's Equity_x,Debt to Equity Ratio,TTM Revenue_x,TTM Gross Profit,Gross Margin,TTM Revenue_y,TTM Operating Income,Operating Margin,TTM Revenue_x,TTM EBIT,EBIT Margin,TTM Revenue_y,TTM EBITDA,EBITDA Margin,TTM Revenue_x,TTM Pre-Tax Income,Pre-Tax Margin,TTM Revenue_y,TTM Net Income_x,Net Margin,TTM Net Income_y,Shareholder's Equity_y,Return on Equity,TTM Net Income_x,Tangible Equity,Return on Tangible Equity,TTM Net Income_y,Total Assets,Return on Assets,TTM Net Income,LT Investments & Debt,Return on Investment,revenue,cost-goods-sold,gross-profit,research-development-expenses,selling-general-administrative-expenses,operating-expenses,operating-income,total-non-operating-income-expense,pre-tax-income,total-provision-income-taxes,income-after-taxes,income-from-continuous-operations,net-income,ebitda,ebit,basic-shares-outstanding,shares-outstanding,eps-basic-net-earnings-per-share,eps-earnings-per-share-diluted,cash-on-hand,inventory,other-current-assets,total-current-assets,net-property-plant-equipment,long-term-investments,goodwill-intangible-assets-total,other-long-term-assets,total-long-term-assets,total-assets,total-current-liabilities,long-term-debt,other-non-current-liabilities,total-long-term-liabilities,total-liabilities,common-stock-net,retained-earnings-accumulated-deficit,comprehensive-income,total-share-holder-equity,total-liabilities-share-holders-equity,net-income-loss,total-depreciation-amortization-cash-flow,other-non-cash-items,total-non-cash-items,change-in-accounts-receivable,change-in-inventories,change-in-accounts-payable,change-in-assets-liabilities,total-change-in-assets-liabilities,cash-flow-from-operating-activities,net-change-in-property-plant-equipment,net-change-in-intangible-assets,net-acquisitions-divestitures,net-change-in-short-term-investments,net-change-in-long-term-investments,net-change-in-investments-total,investing-activities-other,cash-flow-from-investing-activities,net-long-term-debt,net-current-debt,debt-issuance-retirement-net-total,net-common-equity-issued-repurchased,net-total-equity-issued-repurchased,total-common-preferred-stock-dividends-paid,financial-activities-other,cash-flow-from-financial-activities,net-cash-flow,stock-based-compensation,common-stock-dividends-paid
0,2018-09-30,30.89,$23.66,1.31,$10.47,2.95,$8.28,3.73,$2.31,13.37,$3.90B,$3.75B,1.04,$0.17B,$0.45B,0.37,$0.20B,$0.16B,80.61%,$0.20B,$0.06B,29.08%,$0.20B,0,0.00%,$0.20B,0,0.00%,$0.20B,$0.06B,29.08%,$0.20B,$0.04B,22.45%,$0.04B,$0.45B,10.25%,$0.04B,$0.42B,10.91%,$0.04B,$4.44B,1.02%,$0.06B,$0.62B,10.14%,$51,$12,$39,$0,$25,$37,$14,$0,$14,$4,$11,$11,$11,$0,$0,$19,19,$0.56,$0.56,$123,$0,$0,$3899,$28,$395,$34,$79,$536,$4436,$3754,$167,$60,$227,$3981,$16,$145,$-3,$454,$4436,$33,$7,$7,$14,$-1,$0,$0,$11,$10,$57,$-1,$0,$-4,$0,$-60,$-60,$-97,$-162,$46,$95,$141,$16,$16,$-3,$-40,$114,$10,$0,$-3
1,2018-06-30,34.54,$22.99,1.5,$10.37,3.33,$7.69,4.49,$2.31,14.95,$3.76B,$3.65B,1.03,$0.14B,$0.44B,0.31,$0.19B,$0.16B,82.72%,$0.19B,$0.06B,30.89%,$0.19B,0,0.00%,$0.19B,0,0.00%,$0.19B,$0.06B,30.89%,$0.19B,$0.04B,22.51%,$0.04B,$0.44B,10.47%,$0.04B,$0.41B,11.04%,$0.04B,$4.27B,1.01%,$0.06B,$0.57B,11.21%,$51,$10,$41,$0,$25,$36,$16,$0,$16,$4,$12,$12,$12,$0,$0,$19,19,$0.63,$0.62,$67,$0,$0,$3763,$28,$373,$23,$77,$502,$4265,$3650,$136,$42,$178,$3828,$16,$135,$-3,$437,$4265,$23,$5,$3,$8,$-1,$0,$0,$1,$0,$31,$-0,$0,$0,$0,$-37,$-37,$-18,$-55,$15,$127,$142,$13,$13,$-2,$-177,$-23,$-47,$0,$-2
2,2018-03-31,33.29,$22.32,1.49,$10.02,3.32,$7.77,4.28,$2.14,15.56,$3.84B,$3.77B,1.02,$0.11B,$0.42B,0.25,$0.18B,$0.15B,83.52%,$0.18B,$0.06B,30.77%,$0.18B,0,0.00%,$0.18B,0,0.00%,$0.18B,$0.06B,30.77%,$0.18B,$0.04B,21.43%,$0.04B,$0.42B,9.98%,$0.04B,$0.40B,10.41%,$0.04B,$4.34B,0.92%,$0.06B,$0.53B,11.22%,$47,$9,$39,$0,$25,$33,$14,$0,$14,$3,$11,$11,$11,$0,$0,$19,19,$0.58,$0.57,$154,$0,$0,$3835,$29,$371,$24,$77,$502,$4336,$3768,$106,$40,$146,$3914,$16,$124,$-3,$422,$4336,$11,$2,$2,$4,$-0,$0,$0,$-1,$-1,$14,$-0,$0,$0,$0,$-33,$-33,$-4,$-38,$-15,$216,$201,$11,$11,$-1,$-148,$64,$40,$0,$-1
3,2017-12-31,34.86,$21.68,1.61,$9.72,3.59,$8.36,4.17,$2.03,17.17,$3.79B,$3.70B,1.03,$0.12B,$0.40B,0.3,$0.17B,$0.15B,84.39%,$0.17B,$0.05B,31.21%,$0.17B,0,0.00%,$0.17B,0,0.00%,$0.17B,$0.05B,31.21%,$0.17B,$0.04B,20.81%,$0.04B,$0.40B,9.72%,$0.04B,$0.38B,10.02%,$0.04B,$4.26B,0.87%,$0.05B,$0.53B,11.27%,$47,$8,$39,$0,$26,$34,$13,$0,$13,$3,$10,$10,$10,$0,$0,$18,18,$0.57,$0.56,$113,$0,$0,$3792,$29,$341,$24,$74,$468,$4261,$3698,$121,$38,$159,$3857,$16,$114,$-1,$404,$4261,$36,$9,$20,$29,$-1,$0,$0,$-8,$-10,$56,$-2,$0,$-14,$0,$-25,$-25,$-395,$-436,$10,$0,$10,$39,$39,$-4,$285,$330,$-49,$0,$-4
4,2017-09-30,33.54,$20.86,1.61,$9.40,3.57,$7.78,4.31,$1.90,17.65,$3.73B,$3.66B,1.02,$0.10B,$0.38B,0.26,$0.16B,$0.14B,84.76%,$0.16B,$0.05B,32.32%,$0.16B,0,0.00%,$0.16B,0,0.00%,$0.16B,$0.05B,32.32%,$0.16B,$0.03B,20.12%,$0.03B,$0.38B,9.42%,$0.03B,$0.37B,9.58%,$0.03B,$4.18B,0.82%,$0.05B,$0.48B,11.60%,$46,$7,$39,$0,$22,$30,$16,$0,$16,$6,$10,$10,$10,$0,$0,$18,18,$0.57,$0.56,$93,$0,$0,$3734,$30,$329,$15,$52,$443,$4176,$3663,$99,$35,$134,$3796,$16,$105,$-0,$380,$4176,$26,$6,$2,$9,$1,$0,$0,$9,$10,$45,$-2,$0,$-10,$0,$-10,$-10,$-355,$-377,$-12,$0,$-12,$28,$28,$-3,$250,$263,$-69,$0,$-3
5,2017-06-30,31.05,$20.00,1.55,$9.08,3.42,$7.23,4.29,$1.77,17.54,$3.73B,$3.67B,1.02,$0.11B,$0.36B,0.3,$0.16B,$0.13B,85.16%,$0.16B,$0.05B,31.61%,$0.16B,0,0.00%,$0.16B,0,0.00%,$0.16B,$0.05B,31.61%,$0.16B,$0.03B,19.35%,$0.03B,$0.36B,9.02%,$0.03B,$0.35B,9.10%,$0.03B,$4.17B,0.76%,$0.05B,$0.46B,11.02%,$42,$6,$35,$0,$22,$29,$13,$0,$13,$5,$8,$8,$8,$0,$0,$18,18,$0.45,$0.45,$94,$0,$0,$3732,$30,$334,$3,$51,$434,$4166,$3668,$108,$33,$141,$3809,$15,$95,$-1,$357,$4166,$16,$4,$2,$6,$0,$0,$0,$9,$9,$31,$-1,$0,$0,$0,$-15,$-15,$-352,$-368,$-3,$87,$84,$17,$17,$-2,$168,$267,$-69,$0,$-2
6,2017-03-31,29.32,$19.39,1.51,$8.97,3.27,$6.52,4.5,$1.72,17.05,$3.53B,$3.47B,1.02,$0.11B,$0.34B,0.32,$0.15B,$0.13B,86.58%,$0.15B,$0.05B,31.54%,$0.15B,0,0.00%,$0.15B,0,0.00%,$0.15B,$0.05B,31.54%,$0.15B,$0.03B,19.46%,$0.03B,$0.34B,9.13%,$0.03B,$0.34B,9.23%,$0.03B,$3.95B,0.76%,$0.05B,$0.45B,10.79%,$38,$6,$33,$0,$21,$27,$12,$0,$12,$4,$8,$8,$8,$0,$0,$17,17,$0.47,$0.46,$119,$0,$0,$3532,$30,$316,$3,$51,$416,$3948,$3465,$108,$34,$141,$3607,$15,$88,$-1,$341,$3948,$8,$2,$1,$3,$3,$0,$0,$10,$12,$24,$-1,$0,$0,$0,$4,$4,$-128,$-125,$-3,$35,$32,$9,$9,$-1,$17,$57,$-44,$0,$-1
7,2016-12-31,30.55,$18.79,1.63,$8.90,3.43,$5.42,5.64,$1.60,19.1,$3.45B,$3.41B,1.01,$0.11B,$0.32B,0.34,$0.15B,$0.13B,86.90%,$0.15B,$0.04B,30.34%,$0.15B,0,0.00%,$0.15B,0,0.00%,$0.15B,$0.04B,30.34%,$0.15B,$0.03B,17.93%,$0.03B,$0.32B,8.57%,$0.03B,$0.32B,8.67%,$0.03B,$3.88B,0.71%,$0.04B,$0.44B,10.60%,$38,$6,$32,$0,$20,$26,$12,$0,$12,$4,$7,$7,$7,$0,$0,$16,17,$0.43,$0.43,$163,$0,$0,$3452,$30,$319,$3,$58,$426,$3879,$3412,$111,$32,$143,$3554,$15,$81,$-2,$324,$3879,$26,$8,$8,$16,$-3,$0,$0,$3,$0,$43,$-3,$0,$0,$0,$-113,$-113,$-317,$-433,$27,$-41,$-14,$24,$24,$-3,$476,$483,$93,$0,$-3
8,2016-09-30,22.12,$18.24,1.21,$8.74,2.53,$4.85,4.56,$1.45,15.26,$3.40B,$3.30B,1.03,$0.12B,$0.31B,0.39,$0.14B,$0.12B,87.86%,$0.14B,$0.04B,27.86%,$0.14B,0,0.00%,$0.14B,0,0.00%,$0.14B,$0.04B,27.86%,$0.14B,$0.02B,16.43%,$0.02B,$0.31B,7.90%,$0.02B,$0.31B,8.00%,$0.02B,$3.77B,0.65%,$0.04B,$0.43B,9.85%,$37,$6,$32,$0,$20,$26,$12,$0,$12,$4,$7,$7,$7,$0,$0,$16,17,$0.43,$0.43,$160,$0,$0,$3401,$30,$264,$3,$61,$373,$3774,$3300,$121,$45,$165,$3465,$14,$75,$-2,$309,$3774,$19,$6,$8,$13,$-2,$0,$0,$2,$-0,$32,$-2,$0,$0,$0,$-47,$-47,$-268,$-317,$37,$-41,$-4,$16,$16,$-2,$364,$374,$89,$0,$-2
9,2016-06-30,18.23,$17.74,1.03,$8.53,2.14,$4.56,4.0,$1.37,13.31,$3.27B,$3.14B,1.04,$0.13B,$0.30B,0.45,$0.13B,$0.12B,88.06%,$0.13B,$0.04B,26.87%,$0.13B,0,0.00%,$0.13B,0,0.00%,$0.13B,$0.04B,26.87%,$0.13B,$0.02B,15.67%,$0.02B,$0.30B,7.49%,$0.02B,$0.29B,7.57%,$0.02B,$3.61B,0.61%,$0.04B,$0.43B,9.57%,$36,$5,$32,$0,$21,$26,$11,$0,$11,$4,$7,$7,$7,$0,$0,$16,16,$0.41,$0.40,$81,$0,$0,$3273,$29,$221,$3,$60,$332,$3605,$3138,$132,$38,$171,$3309,$14,$69,$-3,$296,$3605,$12,$4,$2,$6,$-4,$0,$0,$3,$-2,$17,$-0,$0,$0,$0,$-11,$-11,$-214,$-225,$49,$-11,$37,$11,$11,$-2,$173,$219,$11,$0,$-2
10,2016-03-31,16.6,$17.36,0.96,$8.29,2.0,$4.70,3.53,$1.31,12.67,$3.13B,$3.07B,1.02,$0.08B,$0.28B,0.3,$0.13B,$0.11B,88.28%,$0.13B,$0.03B,25.78%,$0.13B,0,0.00%,$0.13B,0,0.00%,$0.13B,$0.03B,25.78%,$0.13B,$0.02B,14.84%,$0.02B,$0.28B,7.01%,$0.02B,$0.28B,7.06%,$0.02B,$3.47B,0.57%,$0.03B,$0.37B,9.31%,$34,$4,$30,$0,$21,$25,$9,$0,$9,$3,$5,$5,$5,$0,$0,$16,16,$0.35,$0.34,$78,$0,$0,$3127,$30,$227,$3,$60,$339,$3466,$3065,$84,$34,$118,$3182,$14,$63,$-2,$284,$3466,$5,$2,$0,$2,$-3,$0,$0,$-1,$-4,$4,$-0,$0,$0,$0,$-17,$-17,$-71,$-88,$0,$-20,$-20,$5,$5,$-1,$108,$92,$8,$0,$-1
11,2015-12-31,20.2,$17.16,1.18,$8.03,2.52,$4.79,4.22,$1.30,15.54,$3.05B,$2.98B,1.02,$0.08B,$0.28B,0.3,$0.12B,$0.11B,88.52%,$0.12B,$0.03B,26.23%,$0.12B,0,0.00%,$0.12B,0,0.00%,$0.12B,$0.03B,26.23%,$0.12B,$0.02B,15.57%,$0.02B,$0.28B,7.24%,$0.02B,$0.27B,7.27%,$0.02B,$3.37B,0.60%,$0.03B,$0.36B,9.25%,$33,$4,$29,$0,$22,$26,$7,$0,$7,$2,$4,$4,$4,$0,$0,$15,15,$0.28,$0.27,$70,$0,$0,$3048,$30,$210,$3,$58,$317,$3365,$2976,$84,$29,$113,$3089,$14,$58,$-0,$276,$3365,$20,$7,$3,$10,$-2,$0,$0,$2,$0,$30,$-2,$0,$-1,$0,$132,$132,$-755,$-625,$0,$-14,$-14,$14,$14,$-3,$637,$634,$39,$0,$-3
12,2015-09-30,20.69,$16.85,1.23,$8.04,2.57,$4.86,4.25,$1.02,20.29,$2.94B,$2.89B,1.02,$0.08B,$0.27B,0.31,$0.12B,$0.10B,89.57%,$0.12B,$0.03B,27.83%,$0.12B,0,0.00%,$0.12B,0,0.00%,$0.12B,$0.03B,27.83%,$0.12B,$0.02B,16.52%,$0.02B,$0.27B,7.49%,$0.02B,$0.27B,7.49%,$0.02B,$3.27B,0.64%,$0.03B,$0.35B,9.47%,$31,$4,$27,$0,$18,$23,$9,$0,$9,$3,$5,$5,$5,$0,$0,$15,15,$0.35,$0.35,$76,$0,$0,$2941,$31,$233,$0,$49,$328,$3269,$2888,$84,$31,$115,$3003,$13,$55,$-0,$266,$3269,$16,$5,$2,$7,$-1,$0,$0,$3,$2,$25,$-1,$0,$-1,$0,$113,$113,$-631,$-520,$0,$-55,$-55,$8,$8,$-2,$589,$541,$45,$0,$-2
13,2015-06-30,21.67,$16.54,1.31,$8.04,2.7,$5.00,4.33,$0.99,21.89,$2.77B,$2.75B,1.01,$0.08B,$0.26B,0.33,$0.11B,$0.10B,90.74%,$0.11B,$0.03B,26.85%,$0.11B,0,0.00%,$0.11B,0,0.00%,$0.11B,$0.03B,26.85%,$0.11B,$0.02B,16.67%,$0.02B,$0.26B,7.68%,$0.02B,$0.26B,7.68%,$0.02B,$3.12B,0.64%,$0.03B,$0.34B,9.11%,$30,$4,$27,$0,$18,$22,$8,$0,$8,$3,$5,$5,$5,$0,$0,$15,15,$0.34,$0.34,$39,$0,$0,$2765,$32,$261,$0,$48,$353,$3118,$2751,$84,$25,$109,$2860,$13,$50,$1,$258,$3118,$10,$4,$1,$5,$-1,$0,$0,$4,$3,$18,$-1,$0,$-1,$0,$82,$82,$-491,$-411,$0,$33,$33,$4,$4,$-2,$365,$401,$7,$0,$-2
14,2015-03-31,21.02,$16.15,1.3,$8.08,2.6,$4.85,4.33,$0.97,21.67,$2.50B,$2.52B,0.99,$0.08B,$0.25B,0.34,$0.10B,$0.09B,91.18%,$0.10B,$0.03B,26.47%,$0.10B,0,0.00%,$0.10B,0,0.00%,$0.10B,$0.03B,26.47%,$0.10B,$0.02B,16.67%,$0.02B,$0.25B,7.90%,$0.02B,$0.25B,7.90%,$0.02B,$2.88B,0.65%,$0.03B,$0.33B,9.02%,$28,$3,$25,$0,$17,$20,$8,$0,$8,$3,$5,$5,$5,$0,$0,$15,15,$0.34,$0.33,$73,$0,$0,$2504,$32,$287,$0,$46,$375,$2879,$2522,$84,$24,$108,$2630,$13,$46,$1,$249,$2879,$5,$2,$1,$3,$-4,$0,$0,$1,$-3,$5,$-1,$0,$0,$0,$58,$58,$-192,$-134,$0,$-55,$-55,$2,$2,$-1,$224,$171,$42,$0,$-1
15,2014-12-31,18.01,$15.98,1.13,$8.08,2.23,$5.22,3.45,$0.90,20.01,$2.27B,$2.35B,0.96,$0.08B,$0.24B,0.35,$0.10B,$0.09B,92.71%,$0.10B,$0.02B,25.00%,$0.10B,0,0.00%,$0.10B,0,0.00%,$0.10B,$0.02B,25.00%,$0.10B,$0.02B,15.63%,$0.02B,$0.24B,7.61%,$0.02B,$0.24B,7.61%,$0.02B,$2.70B,0.61%,$0.02B,$0.33B,8.54%,$26,$2,$24,$0,$17,$19,$7,$0,$7,$3,$4,$4,$4,$0,$0,$12,12,$0.32,$0.32,$31,$0,$0,$2268,$32,$344,$1,$47,$434,$2702,$2353,$84,$23,$107,$2460,$13,$41,$1,$242,$2702,$15,$6,$4,$10,$-0,$0,$0,$3,$3,$27,$-4,$0,$0,$0,$-65,$-65,$-676,$-745,$9,$-0,$9,$56,$56,$-2,$652,$714,$-4,$0,$-2
16,2014-09-30,13.36,$15.31,0.87,$8.19,1.63,$6.59,2.03,$1.15,11.62,$2.15B,$2.20B,0.98,$0.08B,$0.19B,0.45,$0.09B,$0.09B,93.41%,$0.09B,$0.02B,23.08%,$0.09B,0,0.00%,$0.09B,0,0.00%,$0.09B,$0.02B,23.08%,$0.09B,$0.01B,14.29%,$0.01B,$0.19B,7.25%,$0.01B,$0.19B,7.25%,$0.01B,$2.52B,0.57%,$0.02B,$0.27B,8.05%,$24,$2,$22,$0,$16,$18,$6,$0,$6,$2,$4,$4,$4,$0,$0,$12,12,$0.33,$0.32,$121,$0,$0,$2149,$31,$279,$0,$45,$366,$2515,$2203,$84,$39,$123,$2326,$11,$38,$1,$188,$2515,$11,$4,$1,$6,$0,$0,$0,$6,$6,$23,$-3,$0,$0,$0,$18,$18,$-466,$-452,$9,$-55,$-46,$6,$6,$-2,$556,$515,$86,$0,$-2
17,2014-06-30,16.15,$15.00,1.08,$8.30,1.95,$8.06,2.0,$1.05,15.38,$2.08B,$2.12B,0.98,$0.08B,$0.18B,0.46,$0.09B,$0.08B,94.19%,$0.09B,$0.02B,20.93%,$0.09B,0,0.00%,$0.09B,0,0.00%,$0.09B,$0.02B,20.93%,$0.09B,$0.01B,12.79%,$0.01B,$0.18B,6.72%,$0.01B,$0.18B,6.72%,$0.01B,$2.40B,0.52%,$0.02B,$0.27B,7.62%,$24,$2,$22,$0,$16,$18,$6,$0,$6,$3,$4,$4,$4,$0,$0,$12,12,$0.32,$0.32,$216,$0,$0,$2081,$31,$235,$0,$44,$320,$2401,$2115,$84,$20,$103,$2219,$10,$34,$1,$182,$2401,$7,$3,$2,$5,$-2,$0,$0,$4,$2,$14,$-2,$0,$0,$0,$45,$45,$-301,$-258,$9,$-55,$-46,$4,$4,$-1,$468,$425,$180,$0,$-1
18,2014-03-31,16.71,$14.62,1.14,$8.35,2.0,$10.62,1.57,$0.95,17.59,$1.91B,$1.97B,0.97,$0.08B,$0.18B,0.48,$0.08B,$0.08B,95.06%,$0.08B,$0.02B,18.52%,$0.08B,0,0.00%,$0.08B,0,0.00%,$0.08B,$0.02B,18.52%,$0.08B,$0.01B,11.11%,$0.01B,$0.18B,6.03%,$0.01B,$0.18B,6.03%,$0.01B,$2.25B,0.47%,$0.02B,$0.26B,7.36%,$22,$1,$21,$0,$16,$17,$5,$0,$5,$2,$3,$3,$3,$0,$0,$12,12,$0.26,$0.26,$102,$0,$0,$1906,$31,$261,$0,$44,$345,$2251,$1973,$84,$19,$103,$2076,$10,$31,$1,$176,$2251,$3,$1,$1,$3,$-0,$0,$0,$4,$4,$10,$-2,$0,$0,$0,$18,$18,$-241,$-224,$9,$25,$34,$2,$2,$-1,$246,$281,$66,$0,$-1
19,2013-12-31,14.47,$14.48,1.0,$8.61,1.68,$11.23,1.29,$1.01,14.33,$1.60B,$1.70B,0.94,$0.08B,$0.17B,0.44,$0.08B,$0.07B,94.87%,$0.08B,$0.02B,19.23%,$0.08B,0,0.00%,$0.08B,0,0.00%,$0.08B,$0.02B,19.23%,$0.08B,$0.01B,11.54%,$0.01B,$0.17B,6.59%,$0.01B,$0.17B,6.59%,$0.01B,$1.97B,0.51%,$0.02B,$0.25B,8.67%,$21,$1,$20,$0,$16,$17,$4,$0,$4,$1,$2,$2,$2,$0,$0,$9,9,$0.24,$0.25,$35,$0,$0,$1600,$29,$278,$0,$50,$367,$1967,$1702,$75,$19,$94,$1796,$10,$29,$0,$171,$1967,$9,$6,$7,$13,$4,$0,$0,$7,$11,$33,$-3,$0,$0,$0,$22,$22,$-428,$-408,$62,$55,$117,$44,$44,$-2,$131,$291,$-84,$0,$-2
20,2013-09-30,14.02,$13.93,1.01,$8.75,1.6,$9.84,1.42,$0.88,15.93,$1.43B,$1.60B,0.89,$0.05B,$0.13B,0.38,$0.08B,$0.07B,94.87%,$0.08B,$0.01B,16.67%,$0.08B,0,0.00%,$0.08B,0,0.00%,$0.08B,$0.01B,16.67%,$0.08B,$0.01B,10.26%,$0.01B,$0.13B,6.44%,$0.01B,$0.13B,6.44%,$0.01B,$1.80B,0.47%,$0.01B,$0.17B,8.95%,$19,$1,$18,$0,$15,$16,$3,$0,$3,$1,$2,$2,$2,$0,$0,$9,9,$0.22,$0.22,$40,$0,$0,$1427,$29,$282,$0,$52,$371,$1798,$1603,$48,$21,$68,$1671,$8,$27,$1,$126,$1798,$7,$4,$7,$11,$5,$0,$0,$7,$12,$29,$-1,$0,$0,$0,$21,$21,$-251,$-232,$35,$30,$66,$2,$2,$-1,$56,$123,$-80,$0,$-1
21,2013-06-30,13.17,$13.74,0.96,$8.72,1.51,$7.91,1.67,$0.98,13.44,$1.31B,$1.52B,0.86,$0.01B,$0.12B,0.1,$0.08B,$0.07B,93.59%,$0.08B,$0.02B,19.23%,$0.08B,0,0.00%,$0.08B,0,0.00%,$0.08B,$0.02B,19.23%,$0.08B,$0.01B,11.54%,$0.01B,$0.12B,7.38%,$0.01B,$0.12B,7.38%,$0.01B,$1.68B,0.55%,$0.02B,$0.14B,11.17%,$19,$1,$18,$0,$15,$16,$3,$0,$3,$1,$2,$2,$2,$0,$0,$9,9,$0.23,$0.22,$67,$0,$0,$1314,$29,$275,$0,$53,$365,$1680,$1523,$12,$21,$33,$1555,$8,$25,$1,$124,$1680,$5,$3,$5,$8,$15,$0,$0,$4,$19,$32,$-0,$0,$0,$0,$31,$31,$-121,$-91,$-0,$0,$-0,$1,$1,$-1,$6,$6,$-52,$0,$-1
22,2013-03-31,11.2,$13.85,0.81,$8.76,1.28,$5.70,1.96,$1.07,10.47,$1.25B,$1.48B,0.85,$0.01B,$0.13B,0.1,$0.08B,$0.07B,93.59%,$0.08B,$0.02B,20.51%,$0.08B,0,0.00%,$0.08B,0,0.00%,$0.08B,$0.02B,20.51%,$0.08B,$0.01B,12.82%,$0.01B,$0.13B,8.37%,$0.01B,$0.13B,8.37%,$0.01B,$1.64B,0.62%,$0.02B,$0.14B,12.03%,$19,$1,$18,$0,$13,$14,$5,$0,$5,$2,$3,$3,$3,$0,$0,$9,9,$0.33,$0.32,$99,$0,$0,$1253,$29,$288,$0,$54,$382,$1635,$1481,$12,$18,$30,$1511,$8,$24,$4,$125,$1635,$3,$1,$0,$1,$4,$0,$0,$3,$7,$12,$-0,$0,$0,$0,$20,$20,$-16,$4,$-0,$0,$-0,$1,$1,$-0,$-35,$-35,$-20,$0,$-0
23,2012-12-31,10.54,$13.69,0.77,$8.78,1.2,$5.17,2.04,$1.05,10.04,$1.26B,$1.52B,0.83,$0.01B,$0.12B,0.1,$0.08B,$0.07B,93.59%,$0.08B,$0.02B,20.51%,$0.08B,0,0.00%,$0.08B,0,0.00%,$0.08B,$0.02B,20.51%,$0.08B,$0.01B,12.82%,$0.01B,$0.12B,8.62%,$0.01B,$0.12B,8.62%,$0.01B,$1.67B,0.62%,$0.02B,$0.13B,12.21%,$21,$1,$20,$0,$18,$19,$2,$0,$2,$1,$1,$1,$1,$0,$0,$9,9,$0.12,$0.12,$119,$0,$0,$1263,$30,$309,$0,$56,$405,$1668,$1516,$12,$17,$29,$1546,$8,$21,$4,$122,$1668,$10,$6,$19,$25,$-3,$0,$0,$-14,$-17,$18,$-1,$0,$0,$0,$124,$124,$-116,$7,$-5,$0,$-5,$1,$-14,$-2,$73,$51,$76,$0,$-2
24,2012-09-30,12.19,$13.23,0.92,$8.49,1.44,$5.82,2.09,$1.19,10.24,$1.15B,$1.43B,0.8,$0.01B,$0.12B,0.11,$0.08B,$0.07B,93.33%,$0.08B,$0.02B,24.00%,$0.08B,0,0.00%,$0.08B,0,0.00%,$0.08B,$0.02B,24.00%,$0.08B,$0.01B,14.67%,$0.01B,$0.12B,9.46%,$0.01B,$0.12B,9.46%,$0.01B,$1.58B,0.69%,$0.02B,$0.13B,13.56%,$19,$1,$17,$0,$13,$14,$5,$0,$5,$2,$3,$3,$3,$0,$0,$9,9,$0.32,$0.32,$55,$0,$0,$1150,$30,$335,$0,$42,$433,$1583,$1433,$12,$21,$33,$1466,$8,$21,$1,$117,$1583,$9,$4,$3,$8,$-6,$0,$0,$1,$-5,$11,$-1,$0,$0,$0,$94,$94,$-61,$33,$-5,$0,$-5,$0,$-14,$-1,$-11,$-32,$12,$0,$-1
25,2012-06-30,11.53,$12.87,0.9,$8.39,1.37,$6.74,1.71,$1.45,7.95,$1.13B,$1.42B,0.8,$0.02B,$0.11B,0.14,$0.07B,$0.07B,93.24%,$0.07B,$0.02B,22.97%,$0.07B,0,0.00%,$0.07B,0,0.00%,$0.07B,$0.02B,22.97%,$0.07B,$0.01B,17.57%,$0.01B,$0.11B,11.09%,$0.01B,$0.11B,11.09%,$0.01B,$1.58B,0.82%,$0.02B,$0.13B,12.55%,$19,$1,$18,$0,$13,$14,$4,$0,$4,$2,$3,$3,$3,$0,$0,$9,9,$0.31,$0.31,$35,$0,$0,$1133,$31,$347,$0,$41,$445,$1579,$1423,$16,$25,$41,$1464,$8,$18,$1,$114,$1579,$6,$3,$2,$5,$1,$0,$0,$-0,$1,$12,$-1,$0,$0,$0,$80,$80,$-63,$17,$-1,$0,$-1,$-0,$-14,$-1,$-21,$-37,$-8,$0,$-1
26,2012-03-31,10.02,$12.53,0.8,$8.37,1.2,$6.37,1.57,$1.36,7.37,$1.11B,$1.44B,0.77,$0.02B,$0.11B,0.16,$0.07B,$0.07B,93.15%,$0.07B,$0.02B,21.92%,$0.07B,0,0.00%,$0.07B,0,0.00%,$0.07B,$0.02B,21.92%,$0.07B,$0.01B,16.44%,$0.01B,$0.11B,10.21%,$0.01B,$0.11B,10.21%,$0.01B,$1.58B,0.77%,$0.02B,$0.13B,11.70%,$19,$1,$18,$0,$13,$14,$5,$0,$5,$2,$3,$3,$3,$0,$0,$9,9,$0.30,$0.30,$33,$0,$0,$1105,$31,$376,$0,$40,$475,$1580,$1435,$18,$16,$34,$1468,$8,$16,$-0,$111,$1580,$3,$1,$1,$3,$-0,$0,$0,$1,$1,$7,$-0,$0,$0,$0,$48,$48,$-40,$8,$-0,$23,$23,$0,$-14,$-1,$-32,$-24,$-10,$0,$-0
27,2011-12-31,7.93,$13.92,0.57,$8.33,0.95,$5.85,1.36,$1.24,6.4,$1.08B,$1.44B,0.75,$0.02B,$0.11B,0.16,$0.07B,$0.07B,91.67%,$0.07B,$0.01B,19.44%,$0.07B,0,0.00%,$0.07B,0,0.00%,$0.07B,$0.01B,19.44%,$0.07B,$0.01B,15.28%,$0.01B,$0.12B,9.34%,$0.01B,$0.12B,9.34%,$0.01B,$1.60B,0.71%,$0.01B,$0.14B,10.11%,$18,$1,$17,$0,$13,$15,$4,$0,$4,$1,$3,$3,$2,$0,$0,$9,9,$0.27,$0.27,$43,$0,$0,$1075,$32,$425,$0,$42,$525,$1600,$1444,$18,$16,$33,$1477,$8,$14,$0,$123,$1600,$12,$6,$5,$11,$-3,$0,$0,$2,$-1,$22,$-0,$0,$0,$0,$-10,$-10,$-109,$-118,$-6,$0,$-6,$0,$-7,$-3,$92,$76,$-20,$0,$-2
28,2011-09-30,7.28,$13.67,0.53,$8.31,0.88,$5.45,1.33,$1.16,6.27,$1.04B,$1.40B,0.74,$0.02B,$0.11B,0.2,$0.07B,$0.07B,90.28%,$0.07B,$0.01B,15.28%,$0.07B,0,0.00%,$0.07B,0,0.00%,$0.07B,$0.01B,18.06%,$0.07B,$0.01B,15.28%,$0.01B,$0.12B,9.44%,$0.01B,$0.12B,9.44%,$0.01B,$1.58B,0.72%,$0.01B,$0.14B,7.93%,$18,$2,$16,$0,$12,$14,$4,$0,$4,$-2,$5,$5,$5,$0,$0,$9,9,$0.58,$0.58,$75,$0,$0,$1039,$32,$438,$0,$39,$537,$1575,$1397,$21,$37,$58,$1455,$8,$12,$-0,$121,$1575,$10,$5,$2,$7,$-0,$0,$0,$3,$3,$19,$-1,$0,$0,$0,$0,$0,$-40,$-40,$-3,$0,$-3,$0,$-7,$-2,$45,$33,$12,$0,$-1
29,2011-06-30,8.61,$13.05,0.66,$8.38,1.03,$5.33,1.62,$0.76,11.33,$1.02B,$1.36B,0.75,$0.02B,$0.10B,0.21,$0.07B,$0.07B,90.28%,$0.07B,$0.01B,13.89%,$0.07B,0,0.00%,$0.07B,0,0.00%,$0.07B,$0.01B,16.67%,$0.07B,$0.01B,11.11%,$0.01B,$0.12B,6.93%,$0.01B,$0.12B,6.93%,$0.01B,$1.51B,0.53%,$0.01B,$0.14B,7.19%,$18,$2,$17,$0,$13,$15,$3,$0,$3,$1,$2,$2,$2,$0,$0,$9,9,$0.22,$0.22,$60,$0,$0,$1018,$33,$395,$0,$40,$492,$1511,$1362,$21,$13,$34,$1396,$8,$7,$-1,$115,$1511,$4,$3,$4,$7,$-2,$0,$0,$0,$-2,$9,$-1,$0,$0,$0,$21,$21,$-30,$-10,$-3,$0,$-3,$0,$-7,$-1,$10,$-1,$-2,$0,$-1
30,2011-03-31,9.66,$12.70,0.76,$8.46,1.14,$6.15,1.57,$0.70,13.8,$0.99B,$1.36B,0.73,$0.02B,$0.10B,0.24,$0.07B,$0.06B,87.67%,$0.07B,$0.01B,13.70%,$0.07B,0,0.00%,$0.07B,0,0.00%,$0.07B,$0.01B,16.44%,$0.07B,$0.01B,9.59%,$0.01B,$0.11B,6.05%,$0.01B,$0.11B,6.05%,$0.01B,$1.52B,0.47%,$0.01B,$0.14B,7.09%,$18,$2,$16,$0,$13,$15,$3,$0,$3,$1,$2,$2,$2,$0,$0,$9,9,$0.18,$0.18,$50,$0,$0,$991,$33,$428,$0,$42,$529,$1521,$1364,$24,$21,$45,$1409,$8,$6,$-2,$112,$1521,$2,$1,$2,$3,$-2,$0,$0,$-2,$-3,$2,$-0,$0,$0,$0,$-0,$-0,$-19,$-19,$-0,$0,$-0,$0,$-7,$-1,$12,$4,$-13,$0,$-0
31,2010-12-31,9.47,$13.39,0.71,$8.54,1.11,$6.40,1.48,$0.68,13.93,$0.99B,$1.35B,0.73,$0.02B,$0.10B,0.25,$0.07B,$0.06B,86.49%,$0.07B,$0.01B,13.51%,$0.07B,0,0.00%,$0.07B,0,0.00%,$0.07B,$0.01B,16.22%,$0.07B,$0.01B,8.11%,$0.01B,$0.12B,5.16%,$0.01B,$0.12B,5.16%,$0.01B,$1.51B,0.40%,$0.01B,$0.14B,6.92%,$18,$2,$16,$0,$15,$17,$1,$0,$3,$1,$2,$2,$2,$0,$0,$9,9,$0.18,$0.18,$63,$0,$0,$985,$34,$420,$0,$41,$520,$1505,$1352,$24,$12,$36,$1388,$8,$5,$-2,$118,$1505,$8,$4,$9,$13,$0,$0,$0,$1,$1,$22,$-3,$0,$0,$0,$-54,$-54,$38,$-19,$-12,$0,$-12,$0,$-7,$-3,$2,$-20,$-17,$0,$-2
32,2010-09-30,8.51,$12.78,0.67,$8.68,0.98,$4.73,1.8,$0.61,13.96,$1.03B,$1.32B,0.78,$0.02B,$0.10B,0.25,$0.08B,$0.06B,84.00%,$0.08B,$0.01B,14.67%,$0.08B,0,0.00%,$0.08B,0,0.00%,$0.08B,$0.01B,14.67%,$0.08B,$0.01B,6.67%,$0.01B,$0.12B,4.28%,$0.01B,$0.12B,4.28%,$0.01B,$1.48B,0.34%,$0.01B,$0.14B,7.43%,$18,$3,$16,$0,$13,$15,$3,$0,$3,$1,$2,$2,$2,$0,$0,$9,9,$0.18,$0.18,$95,$0,$0,$1030,$34,$353,$0,$40,$451,$1480,$1320,$24,$18,$42,$1363,$8,$4,$-1,$117,$1480,$6,$3,$6,$9,$-0,$0,$0,$6,$5,$20,$-2,$0,$0,$0,$16,$16,$32,$46,$-12,$0,$-12,$0,$-7,$-2,$-29,$-51,$15,$0,$-1
33,2010-06-30,8.42,$13.20,0.64,$8.85,0.95,$3.06,2.75,$0.53,15.9,$1.02B,$1.31B,0.78,$0.03B,$0.10B,0.3,$0.08B,$0.06B,81.82%,$0.08B,$0.01B,12.99%,$0.08B,0,0.00%,$0.08B,0,0.00%,$0.08B,$0.01B,12.99%,$0.08B,$0.00B,5.19%,$0.00B,$0.12B,3.41%,$0.00B,$0.12B,3.41%,$0.00B,$1.48B,0.27%,$0.01B,$0.14B,6.60%,$19,$3,$16,$0,$14,$17,$3,$0,$3,$1,$2,$2,$1,$0,$0,$9,9,$0.16,$0.16,$70,$0,$0,$1020,$35,$359,$0,$40,$457,$1477,$1311,$28,$22,$50,$1361,$8,$2,$-1,$116,$1477,$4,$2,$4,$6,$-0,$0,$0,$8,$8,$18,$-2,$0,$0,$0,$10,$10,$20,$27,$-8,$0,$-8,$0,$-7,$-1,$-38,$-55,$-10,$0,$-1
34,2010-03-31,11.27,$12.97,0.87,$9.00,1.25,$5.73,1.97,$0.54,20.87,$1.01B,$1.33B,0.76,$0.04B,$0.09B,0.39,$0.08B,$0.06B,80.77%,$0.08B,$0.01B,12.82%,$0.08B,0,0.00%,$0.08B,0,0.00%,$0.08B,$0.01B,12.82%,$0.08B,$0.01B,6.41%,$0.01B,$0.11B,4.26%,$0.01B,$0.11B,4.26%,$0.01B,$1.48B,0.34%,$0.01B,$0.15B,6.50%,$19,$3,$16,$0,$13,$16,$3,$0,$3,$1,$2,$2,$1,$0,$0,$9,9,$0.16,$0.16,$43,$0,$0,$1006,$28,$389,$0,$37,$478,$1483,$1327,$36,$6,$42,$1369,$8,$1,$-2,$114,$1483,$2,$1,$2,$3,$-1,$0,$0,$1,$0,$5,$-1,$0,$0,$0,$-21,$-21,$11,$-11,$-0,$0,$-0,$0,$-7,$-1,$-22,$-31,$-37,$0,$-0
35,2009-12-31,9.06,$13.70,0.66,$9.09,1.0,$5.79,1.56,$0.64,14.22,$1.06B,$1.35B,0.78,$0.04B,$0.09B,0.4,$0.08B,$0.06B,78.48%,$0.08B,$0.01B,13.92%,$0.08B,0,0.00%,$0.08B,0,0.00%,$0.08B,$0.01B,13.92%,$0.08B,$0.01B,7.59%,$0.01B,$0.12B,5.12%,$0.01B,$0.12B,5.12%,$0.01B,$1.51B,0.41%,$0.01B,$0.16B,7.11%,$19,$4,$15,$0,$14,$18,$2,$0,$2,$1,$1,$1,$1,$0,$0,$9,9,$0.11,$0.11,$80,$0,$0,$1055,$28,$367,$0,$39,$458,$1512,$1350,$36,$7,$43,$1393,$8,$0,$-2,$120,$1512,$7,$2,$10,$12,$-0,$0,$0,$-11,$-12,$8,$-3,$0,$0,$0,$-133,$-133,$64,$-72,$-3,$-15,$-18,$0,$29,$-5,$112,$117,$53,$0,$-4
36,2009-09-30,11.43,$13.67,0.84,$2.94,3.88,$6.43,1.78,$-3.18,0.0,$1.06B,$1.33B,0.8,$0.04B,$0.09B,0.4,$0.03B,$0.01B,26.92%,$0.03B,$-0.04B,-157.69%,$0.03B,0,0.00%,$0.03B,0,0.00%,$0.03B,$-0.04B,-161.54%,$0.03B,$-0.03B,-107.69%,$-0.03B,$0.12B,-25.87%,$-0.03B,$0.12B,-25.87%,$-0.03B,$1.49B,-1.95%,$-0.04B,$0.16B,-27.94%,$20,$4,$16,$0,$14,$18,$2,$0,$2,$1,$1,$1,$1,$0,$0,$9,9,$0.10,$0.10,$56,$0,$0,$1057,$28,$345,$0,$36,$431,$1488,$1326,$37,$6,$43,$1369,$9,$-0,$-1,$119,$1488,$6,$2,$8,$10,$-1,$0,$0,$-9,$-10,$6,$-3,$0,$0,$0,$-109,$-109,$41,$-71,$-18,$0,$-18,$0,$29,$-4,$88,$94,$30,$0,$-3
37,2009-06-30,13.08,$13.27,0.99,$3.13,4.17,$6.72,1.95,$-2.88,0.0,$1.07B,$1.30B,0.83,$0.04B,$0.09B,0.42,$0.03B,$0.01B,25.93%,$0.03B,$-0.04B,-140.74%,$0.03B,0,0.00%,$0.03B,0,0.00%,$0.03B,$-0.04B,-144.44%,$0.03B,$-0.03B,-92.59%,$-0.03B,$0.12B,-23.81%,$-0.03B,$0.12B,-23.81%,$-0.03B,$1.46B,-1.77%,$-0.04B,$0.15B,-26.34%,$20,$5,$16,$0,$13,$18,$3,$0,$3,$1,$2,$2,$2,$0,$0,$9,9,$0.17,$0.17,$52,$0,$0,$1069,$27,$310,$0,$29,$390,$1459,$1296,$37,$10,$47,$1343,$9,$-1,$-4,$116,$1459,$4,$1,$4,$5,$29,$0,$0,$2,$31,$40,$-1,$0,$0,$0,$-78,$-78,$-3,$-82,$-18,$0,$-18,$0,$29,$-2,$58,$67,$25,$0,$-2
38,2009-03-31,12.11,$13.10,0.92,$3.21,3.77,$2.72,4.46,$-2.64,0.0,$1.11B,$1.26B,0.88,$0.04B,$0.09B,0.45,$0.03B,$0.01B,21.43%,$0.03B,$-0.04B,-128.57%,$0.03B,0,0.00%,$0.03B,0,0.00%,$0.03B,$-0.04B,-132.14%,$0.03B,$-0.02B,-82.14%,$-0.02B,$0.11B,-22.66%,$-0.02B,$0.11B,-22.66%,$-0.02B,$1.42B,-1.66%,$-0.04B,$0.15B,-25.40%,$20,$5,$15,$0,$12,$17,$4,$0,$4,$1,$2,$2,$2,$0,$0,$9,9,$0.26,$0.26,$80,$0,$0,$1114,$27,$231,$0,$29,$310,$1424,$1263,$39,$8,$47,$1310,$9,$-5,$-1,$114,$1424,$2,$1,$2,$3,$-1,$0,$0,$1,$-0,$5,$-0,$0,$0,$0,$-1,$-1,$12,$11,$-16,$0,$-16,$0,$29,$-1,$25,$37,$53,$0,$-1
39,2008-12-31,17.78,$9.64,1.84,$3.43,5.19,$3.03,5.86,$-2.50,0.0,$1.07B,$1.25B,0.86,$0.04B,$0.08B,0.47,$0.03B,$0.00B,16.67%,$0.03B,$-0.04B,-116.67%,$0.03B,0,0.00%,$0.03B,0,0.00%,$0.03B,$-0.04B,-120.00%,$0.03B,$-0.02B,-73.33%,$-0.02B,$0.08B,-22.11%,$-0.02B,$0.08B,-22.11%,$-0.02B,$1.39B,-1.60%,$-0.04B,$0.12B,-25.04%,$-34,$6,$-40,$0,$10,$16,$-50,$0,$-51,$-18,$-33,$-33,$-33,$0,$0,$9,9,$-3.74,$-3.73,$27,$0,$0,$1074,$27,$230,$0,$31,$311,$1385,$1253,$40,$9,$48,$1302,$7,$-6,$-2,$84,$1385,$-22,$2,$36,$38,$1,$0,$0,$-4,$-3,$13,$-3,$0,$0,$0,$5,$5,$-78,$-76,$11,$-0,$10,$-1,$-1,$-5,$58,$62,$-1,$0,$-5
40,2008-09-30,22.24,$12.16,1.83,$9.97,2.23,$3.25,6.84,$1.62,13.73,$1.06B,$1.22B,0.88,$0.04B,$0.11B,0.38,$0.09B,$0.06B,67.82%,$0.09B,$0.02B,22.99%,$0.09B,0,0.00%,$0.09B,0,0.00%,$0.09B,$0.02B,22.99%,$0.09B,$0.02B,17.24%,$0.02B,$0.11B,14.25%,$0.02B,$0.11B,14.25%,$0.02B,$1.37B,1.10%,$0.02B,$0.15B,13.99%,$21,$6,$16,$0,$10,$16,$5,$0,$5,$2,$4,$4,$4,$0,$0,$9,9,$0.40,$0.40,$31,$0,$0,$1064,$26,$239,$0,$40,$305,$1369,$1216,$40,$7,$47,$1263,$7,$28,$-13,$106,$1369,$11,$2,$1,$3,$0,$0,$0,$-6,$-6,$7,$-2,$0,$0,$0,$33,$33,$-62,$-31,$50,$0,$50,$-1,$-1,$-4,$-19,$27,$3,$0,$-4
41,2008-06-30,14.48,$11.75,1.23,$9.96,1.45,$2.75,5.27,$1.52,9.5,$1.03B,$1.20B,0.86,$0.04B,$0.10B,0.39,$0.09B,$0.06B,63.22%,$0.09B,$0.02B,21.84%,$0.09B,0,0.00%,$0.09B,0,0.00%,$0.09B,$0.02B,21.84%,$0.09B,$0.01B,16.09%,$0.01B,$0.10B,13.27%,$0.01B,$0.10B,13.27%,$0.01B,$1.36B,1.03%,$0.02B,$0.14B,12.71%,$21,$6,$15,$0,$10,$16,$5,$0,$5,$2,$4,$4,$4,$0,$0,$9,9,$0.41,$0.41,$28,$0,$0,$1032,$26,$259,$0,$40,$325,$1358,$1204,$40,$11,$52,$1255,$7,$26,$-15,$102,$1358,$7,$1,$0,$2,$0,$0,$0,$-4,$-4,$5,$-1,$0,$0,$0,$13,$13,$-33,$-22,$21,$0,$21,$-0,$-0,$-3,$-1,$16,$-0,$0,$-3
42,2008-03-31,17.7,$12.14,1.46,$9.98,1.77,$2.36,7.51,$1.43,12.39,$1.06B,$1.23B,0.86,$0.04B,$0.11B,0.39,$0.09B,$0.05B,59.77%,$0.09B,$0.02B,20.69%,$0.09B,0,0.00%,$0.09B,0,0.00%,$0.09B,$0.02B,20.69%,$0.09B,$0.01B,14.94%,$0.01B,$0.11B,12.21%,$0.01B,$0.11B,12.21%,$0.01B,$1.40B,0.96%,$0.02B,$0.15B,12.33%,$22,$8,$14,$0,$9,$17,$5,$0,$5,$2,$3,$3,$3,$0,$0,$9,9,$0.40,$0.39,$77,$0,$0,$1058,$26,$276,$0,$36,$338,$1396,$1230,$41,$19,$60,$1290,$7,$23,$-9,$106,$1396,$3,$1,$0,$1,$0,$0,$0,$4,$4,$8,$-1,$0,$0,$0,$6,$6,$-8,$-3,$-4,$0,$-4,$-1,$-1,$-1,$50,$44,$49,$0,$-1
43,2007-12-31,15.98,$12.32,1.3,$9.80,1.63,$1.34,11.91,$1.34,11.9,$1.01B,$1.20B,0.84,$0.03B,$0.11B,0.27,$0.09B,$0.05B,58.82%,$0.09B,$0.02B,20.00%,$0.09B,0,0.00%,$0.09B,0,0.00%,$0.09B,$0.02B,20.00%,$0.09B,$0.01B,15.29%,$0.01B,$0.11B,12.21%,$0.01B,$0.11B,12.21%,$0.01B,$1.35B,0.98%,$0.02B,$0.14B,11.99%,$23,$9,$14,$0,$9,$18,$5,$0,$5,$2,$4,$4,$4,$0,$0,$9,9,$0.42,$0.43,$28,$0,$0,$1007,$26,$286,$0,$21,$340,$1347,$1196,$29,$14,$44,$1240,$7,$22,$-6,$107,$1347,$12,$3,$1,$3,$4,$0,$0,$-3,$1,$16,$-4,$0,$0,$0,$49,$49,$-115,$-69,$5,$16,$21,$-0,$-0,$-5,$36,$51,$-2,$0,$-5
44,2007-09-30,16.5,$12.27,1.34,$9.52,1.73,$2.06,8.0,$1.25,13.22,$0.97B,$1.15B,0.84,$0.07B,$0.11B,0.61,$0.08B,$0.05B,56.63%,$0.08B,$0.02B,19.28%,$0.08B,0,0.00%,$0.08B,0,0.00%,$0.08B,$0.02B,19.28%,$0.08B,$0.01B,14.46%,$0.01B,$0.11B,11.35%,$0.01B,$0.11B,11.35%,$0.01B,$1.34B,0.92%,$0.02B,$0.17B,11.47%,$21,$9,$12,$0,$8,$18,$4,$0,$4,$1,$3,$3,$3,$0,$0,$9,9,$0.31,$0.31,$25,$0,$0,$967,$26,$316,$0,$26,$368,$1335,$1151,$65,$11,$76,$1228,$7,$19,$-4,$107,$1335,$8,$2,$-0,$1,$-1,$0,$0,$-5,$-5,$4,$-3,$0,$0,$0,$23,$23,$-73,$-53,$41,$0,$41,$0,$0,$-4,$7,$44,$-5,$0,$-4
45,2007-06-30,17.4,$12.16,1.43,$9.19,1.89,$3.09,5.64,$1.10,15.75,$0.95B,$1.17B,0.81,$0.02B,$0.11B,0.22,$0.08B,$0.04B,55.00%,$0.08B,$0.01B,16.25%,$0.08B,0,0.00%,$0.08B,0,0.00%,$0.08B,$0.01B,16.25%,$0.08B,$0.01B,12.50%,$0.01B,$0.11B,9.55%,$0.01B,$0.11B,9.55%,$0.01B,$1.31B,0.77%,$0.01B,$0.13B,10.00%,$21,$9,$12,$0,$8,$17,$4,$0,$4,$1,$3,$3,$3,$0,$0,$9,9,$0.32,$0.31,$47,$0,$0,$947,$25,$317,$0,$25,$367,$1314,$1174,$23,$12,$35,$1208,$7,$18,$-4,$106,$1314,$6,$1,$-0,$1,$-0,$0,$0,$-4,$-4,$3,$-2,$0,$0,$0,$35,$35,$-45,$-12,$-1,$0,$-1,$0,$0,$-2,$29,$26,$17,$0,$-2
46,2007-03-31,19.49,$12.14,1.61,$8.98,2.17,$3.88,5.03,$1.10,17.8,$0.93B,$1.17B,0.8,$0.02B,$0.11B,0.22,$0.08B,$0.04B,54.43%,$0.08B,$0.01B,16.46%,$0.08B,0,0.00%,$0.08B,0,0.00%,$0.08B,$0.01B,16.46%,$0.08B,$0.01B,12.66%,$0.01B,$0.11B,9.71%,$0.01B,$0.11B,9.71%,$0.01B,$1.31B,0.77%,$0.01B,$0.13B,9.98%,$20,$9,$12,$0,$8,$17,$4,$0,$4,$1,$3,$3,$3,$0,$0,$9,9,$0.31,$0.31,$49,$0,$0,$929,$25,$329,$0,$24,$378,$1307,$1166,$24,$12,$35,$1202,$7,$16,$-2,$106,$1307,$3,$1,$-0,$0,$0,$0,$0,$-4,$-3,$-0,$-1,$0,$0,$0,$13,$13,$-12,$-1,$-0,$0,$-0,$0,$0,$-1,$21,$20,$18,$0,$-1
47,2006-12-31,17.98,$11.95,1.5,$8.82,2.04,$4.46,4.03,$1.16,15.47,$0.90B,$1.15B,0.79,$0.02B,$0.10B,0.23,$0.08B,$0.04B,55.13%,$0.08B,$0.01B,17.95%,$0.08B,0,0.00%,$0.08B,0,0.00%,$0.08B,$0.01B,17.95%,$0.08B,$0.01B,12.82%,$0.01B,$0.10B,9.88%,$0.01B,$0.10B,9.88%,$0.01B,$1.29B,0.77%,$0.01B,$0.13B,10.73%,$21,$9,$11,$0,$7,$17,$4,$0,$4,$1,$3,$3,$3,$0,$0,$9,9,$0.33,$0.32,$30,$0,$0,$899,$24,$341,$0,$24,$390,$1288,$1145,$24,$16,$40,$1185,$7,$15,$-3,$104,$1288,$10,$3,$0,$3,$0,$0,$0,$9,$10,$23,$-5,$0,$0,$0,$79,$79,$-102,$-28,$-8,$-78,$-85,$-1,$-1,$-5,$103,$12,$7,$0,$-5
