,Date,Stock Price,Book Value per Share,Price to Book Ratio,TTM Sales per Share,Price to Sales Ratio,TTM FCF per Share,Price to FCF Ratio,TTM Net EPS,PE Ratio,Current Assets,Current Liabilities,Current Ratio,Long Term Debt,Shareholder's Equity_x,Debt to Equity Ratio,TTM Revenue_x,TTM Gross Profit,Gross Margin,TTM Revenue_y,TTM Operating Income,Operating Margin,TTM Revenue_x,TTM EBIT,EBIT Margin,TTM Revenue_y,TTM EBITDA,EBITDA Margin,TTM Revenue_x,TTM Pre-Tax Income,Pre-Tax Margin,TTM Revenue_y,TTM Net Income_x,Net Margin,TTM Net Income_y,Shareholder's Equity_y,Return on Equity,TTM Net Income_x,Tangible Equity,Return on Tangible Equity,TTM Net Income_y,Total Assets,Return on Assets,TTM Net Income,LT Investments & Debt,Return on Investment,revenue,cost-goods-sold,gross-profit,research-development-expenses,selling-general-administrative-expenses,operating-expenses,operating-income,total-non-operating-income-expense,pre-tax-income,total-provision-income-taxes,income-after-taxes,income-from-continuous-operations,net-income,ebitda,ebit,basic-shares-outstanding,shares-outstanding,eps-basic-net-earnings-per-share,eps-earnings-per-share-diluted,cash-on-hand,inventory,other-current-assets,total-current-assets,net-property-plant-equipment,long-term-investments,goodwill-intangible-assets-total,other-long-term-assets,total-long-term-assets,total-assets,total-current-liabilities,long-term-debt,other-non-current-liabilities,total-long-term-liabilities,total-liabilities,common-stock-net,retained-earnings-accumulated-deficit,comprehensive-income,total-share-holder-equity,total-liabilities-share-holders-equity,net-income-loss,total-depreciation-amortization-cash-flow,other-non-cash-items,total-non-cash-items,change-in-accounts-receivable,change-in-inventories,change-in-accounts-payable,change-in-assets-liabilities,total-change-in-assets-liabilities,cash-flow-from-operating-activities,net-change-in-property-plant-equipment,net-change-in-intangible-assets,net-acquisitions-divestitures,net-change-in-short-term-investments,net-change-in-long-term-investments,net-change-in-investments-total,investing-activities-other,cash-flow-from-investing-activities,net-long-term-debt,net-current-debt,debt-issuance-retirement-net-total,net-common-equity-issued-repurchased,net-total-equity-issued-repurchased,total-common-preferred-stock-dividends-paid,financial-activities-other,cash-flow-from-financial-activities,net-cash-flow,stock-based-compensation,common-stock-dividends-paid
0,2018-09-30,183.93,$46.14,3.99,$106.39,1.73,$20.01,9.19,$8.52,21.59,$5.30B,$3.31B,1.6,$4.31B,$6.11B,0.71,$14.42B,$3.58B,24.85%,$14.42B,$1.93B,13.37%,$14.42B,$1.93B,13.37%,$14.42B,$2.39B,16.58%,$14.42B,$1.79B,12.40%,$14.42B,$1.15B,7.98%,$1.15B,$6.11B,19.70%,$1.15B,$-1.33B,-62.67%,$1.15B,$15.43B,7.31%,$1.93B,$10.42B,18.53%,$3479,$2595,$884,$0,$394,$2989,$490,$-30,$460,$84,$376,$376,$376,$603,$490,$132,135,$2.84,$2.79,$993,$1763,$0,$5298,$1828,$758,$7441,$0,$10127,$15425,$3309,$4313,$472,$6009,$9318,$91,$11902,$-1776,$6107,$15425,$376,$112,$72,$184,$78,$-125,$-24,$-282,$-401,$159,$-31,$0,$2,$14,$-3,$11,$2,$-15,$-100,$259,$158,$-65,$-65,$-101,$0,$-7,$130,$43,$-101
1,2018-06-30,155.85,$44.30,3.52,$105.33,1.48,$20.32,7.67,$7.83,19.9,$5.09B,$3.20B,1.59,$4.32B,$5.87B,0.74,$14.30B,$3.54B,24.75%,$14.30B,$1.88B,13.16%,$14.30B,$1.88B,13.16%,$14.30B,$2.35B,16.42%,$14.30B,$1.70B,11.90%,$14.30B,$1.06B,7.41%,$1.06B,$5.87B,18.60%,$1.06B,$-1.65B,-50.61%,$1.06B,$15.32B,6.70%,$1.88B,$10.18B,18.13%,$3817,$2845,$972,$0,$427,$3273,$545,$-47,$498,$145,$353,$353,$353,$660,$545,$133,135,$2.67,$2.62,$855,$1621,$0,$5085,$1856,$801,$7520,$0,$10235,$15320,$3197,$4319,$526,$6257,$9455,$91,$11626,$-1763,$5865,$15320,$1061,$466,$121,$587,$-302,$-92,$126,$186,$-48,$1600,$-166,$0,$178,$84,$-81,$3,$5,$20,$-943,$4,$-939,$-377,$-377,$-365,$0,$-1682,$-63,$119,$-365
2,2018-03-31,170.29,$44.20,3.85,$102.94,1.65,$17.94,9.49,$7.36,23.14,$5.56B,$3.51B,1.59,$4.82B,$5.88B,0.82,$13.98B,$3.41B,24.39%,$13.98B,$1.78B,12.70%,$13.98B,$1.78B,12.70%,$13.98B,$2.25B,16.06%,$13.98B,$1.61B,11.48%,$13.98B,$1.00B,7.15%,$1.00B,$5.88B,18.02%,$1.00B,$-2.01B,-42.78%,$1.00B,$16.24B,6.31%,$1.78B,$10.70B,17.13%,$3750,$2825,$925,$0,$421,$3246,$504,$-34,$470,$104,$366,$366,$366,$621,$504,$133,136,$2.75,$2.70,$1191,$1733,$0,$5563,$1942,$815,$7881,$0,$10674,$16237,$3509,$4819,$569,$6853,$10361,$91,$11374,$-1649,$5876,$16237,$708,$351,$24,$375,$-225,$-145,$41,$192,$-179,$905,$-130,$0,$0,$20,$-78,$-58,$5,$-183,$-18,$-54,$-72,$-199,$-199,$-264,$0,$-536,$205,$90,$-264
3,2017-12-31,197.97,$41.48,4.77,$98.24,2.02,$17.02,11.63,$6.41,30.88,$5.29B,$3.54B,1.49,$4.80B,$5.52B,0.87,$13.35B,$3.22B,24.12%,$13.35B,$1.62B,12.10%,$13.35B,$1.62B,12.10%,$13.35B,$2.06B,15.40%,$13.35B,$1.45B,10.86%,$13.35B,$0.87B,6.54%,$0.87B,$5.52B,16.58%,$0.87B,$-2.35B,-33.44%,$0.87B,$15.97B,5.59%,$1.62B,$10.32B,15.85%,$3371,$2569,$802,$0,$412,$2982,$389,$-29,$360,$304,$56,$56,$56,$507,$389,$133,136,$0.42,$0.41,$1133,$1780,$0,$5286,$1937,$832,$7873,$0,$10679,$15965,$3538,$4798,$609,$6908,$10446,$91,$11096,$-1768,$5519,$15965,$342,$234,$10,$244,$50,$-207,$-92,$171,$-126,$460,$-85,$0,$0,$13,$-78,$-66,$5,$-145,$-11,$139,$128,$-134,$-134,$-176,$0,$-183,$140,$64,$-176
4,2017-09-30,172.98,$41.51,4.17,$93.15,1.86,$16.75,10.32,$7.78,22.23,$5.01B,$3.47B,1.44,$4.79B,$5.53B,0.87,$12.65B,$3.04B,24.06%,$12.65B,$1.52B,11.98%,$12.65B,$1.52B,11.98%,$12.65B,$1.91B,15.11%,$12.65B,$1.41B,11.15%,$12.65B,$1.06B,8.36%,$1.06B,$5.53B,21.08%,$1.06B,$-2.36B,-58.60%,$1.06B,$15.73B,7.26%,$1.52B,$10.32B,16.11%,$3365,$2523,$841,$0,$397,$2920,$444,$-70,$374,$89,$286,$286,$285,$560,$444,$133,136,$2.14,$2.10,$975,$1707,$0,$5005,$1963,$834,$7895,$0,$10727,$15731,$3467,$4788,$341,$6733,$10201,$91,$11128,$-1825,$5531,$15731,$286,$116,$71,$187,$23,$-143,$-10,$-24,$-234,$238,$-67,$0,$0,$12,$-70,$-58,$7,$-117,$-6,$35,$30,$-77,$-77,$-88,$0,$-135,$-10,$43,$-88
5,2017-06-30,157.29,$39.55,3.98,$88.57,1.78,$16.13,9.75,$7.23,21.76,$4.78B,$3.40B,1.41,$4.86B,$5.27B,0.92,$12.03B,$2.84B,23.61%,$12.03B,$1.39B,11.52%,$12.03B,$1.39B,11.52%,$12.03B,$1.74B,14.47%,$12.03B,$1.33B,11.05%,$12.03B,$0.98B,8.17%,$0.98B,$5.27B,20.48%,$0.98B,$-2.63B,-97.81%,$0.98B,$15.49B,7.21%,$1.39B,$10.13B,16.01%,$3496,$2655,$842,$0,$402,$3057,$439,$-39,$401,$107,$293,$293,$293,$558,$439,$133,136,$2.20,$2.17,$924,$1549,$0,$4780,$1937,$842,$7894,$0,$10710,$15490,$3396,$4862,$337,$6827,$10223,$91,$10930,$-1924,$5267,$15490,$984,$355,$85,$440,$-95,$-74,$175,$-91,$-121,$1302,$-189,$0,$-3984,$1279,$-466,$814,$-6,$-3365,$2233,$230,$2464,$-336,$-336,$-345,$0,$1783,$-337,$80,$-345
6,2017-03-31,157.13,$35.65,4.41,$84.38,1.86,$15.80,9.94,$6.85,22.94,$4.62B,$3.05B,1.52,$5.26B,$4.75B,1.11,$11.49B,$2.68B,23.35%,$11.49B,$1.29B,11.25%,$11.49B,$1.29B,11.25%,$11.49B,$1.60B,13.96%,$11.49B,$1.26B,11.00%,$11.49B,$0.93B,8.11%,$0.93B,$4.75B,20.14%,$0.93B,$-3.10B,-582.50%,$0.93B,$15.33B,7.30%,$1.29B,$10.00B,16.30%,$3119,$2384,$735,$0,$392,$2776,$343,$-28,$315,$76,$239,$239,$239,$431,$343,$133,136,$1.79,$1.75,$856,$1539,$0,$4619,$1946,$0,$7847,$848,$10706,$15325,$3048,$5255,$327,$7529,$10578,$91,$10725,$-2293,$4748,$15325,$690,$237,$67,$304,$-45,$-91,$101,$-130,$-205,$789,$-137,$0,$-3982,$1265,$-452,$813,$-3,$-3308,$2240,$448,$2688,$-262,$-262,$-257,$0,$2168,$-402,$61,$-257
7,2016-12-31,136.61,$33.99,4.02,$82.17,1.66,$15.46,8.84,$6.47,21.11,$5.25B,$2.43B,2.16,$2.65B,$4.53B,0.59,$11.20B,$2.57B,22.92%,$11.20B,$1.23B,11.01%,$11.20B,$1.23B,11.01%,$11.20B,$1.53B,13.68%,$11.20B,$1.22B,10.91%,$11.20B,$0.88B,7.86%,$0.88B,$4.53B,18.74%,$0.88B,$0.87B,98.43%,$0.88B,$11.73B,7.36%,$1.23B,$7.19B,16.76%,$2671,$2044,$626,$0,$337,$2381,$290,$31,$321,$79,$241,$241,$241,$363,$290,$133,136,$1.81,$1.78,$2205,$1242,$0,$5248,$1506,$0,$3663,$833,$6484,$11732,$2425,$2654,$305,$4775,$7201,$91,$10580,$-2411,$4531,$11732,$452,$149,$72,$222,$161,$-97,$-18,$-205,$-269,$404,$-66,$0,$56,$507,$-394,$113,$0,$102,$-4,$226,$222,$-194,$-194,$-169,$0,$-141,$299,$47,$-169
8,2016-09-30,121.88,$34.86,3.5,$82.25,1.48,$15.13,8.05,$6.02,20.25,$5.28B,$2.49B,2.12,$2.65B,$4.65B,0.57,$11.24B,$2.51B,22.31%,$11.24B,$1.19B,10.62%,$11.24B,$1.19B,10.62%,$11.24B,$1.50B,13.32%,$11.24B,$1.13B,10.07%,$11.24B,$0.82B,7.32%,$0.82B,$4.65B,17.25%,$0.82B,$0.84B,90.78%,$0.82B,$11.97B,6.87%,$1.19B,$7.30B,16.03%,$2743,$2106,$637,$0,$323,$2429,$314,$-22,$292,$82,$210,$210,$210,$389,$314,$134,136,$1.57,$1.55,$2141,$1248,$0,$5282,$1563,$0,$3813,$818,$6689,$11971,$2494,$2653,$312,$4826,$7320,$91,$10427,$-2185,$4651,$11971,$210,$75,$131,$206,$146,$-65,$-21,$-249,$-302,$114,$-28,$0,$-30,$291,$-190,$102,$1,$45,$-1,$233,$232,$-132,$-132,$-85,$0,$15,$172,$36,$-85
9,2016-06-30,104.38,$34.17,3.05,$82.76,1.26,$14.39,7.25,$5.88,17.75,$5.21B,$2.37B,2.2,$2.65B,$4.58B,0.58,$11.36B,$2.54B,22.33%,$11.36B,$1.18B,10.36%,$11.36B,$1.18B,10.36%,$11.36B,$1.48B,13.06%,$11.36B,$1.12B,9.81%,$11.36B,$0.81B,7.10%,$0.81B,$4.58B,16.76%,$0.81B,$0.75B,87.55%,$0.81B,$12.03B,6.74%,$1.18B,$7.23B,15.67%,$2957,$2272,$685,$0,$339,$2611,$346,$-10,$336,$94,$242,$242,$242,$421,$346,$135,137,$1.80,$1.78,$2104,$1173,$0,$5208,$1568,$827,$3826,$0,$6826,$12034,$2366,$2652,$307,$5090,$7455,$91,$10303,$-2228,$4579,$12034,$807,$307,$17,$324,$18,$120,$-52,$55,$79,$1211,$-131,$0,$-43,$1301,$-1351,$-51,$-40,$-265,$-218,$304,$86,$-587,$-587,$-342,$0,$-843,$41,$71,$-342
10,2016-03-31,106.71,$37.33,2.86,$82.83,1.29,$14.55,7.34,$5.38,19.83,$5.46B,$2.50B,2.18,$2.68B,$5.03B,0.53,$11.55B,$2.58B,22.30%,$11.55B,$1.16B,10.07%,$11.55B,$1.16B,10.07%,$11.55B,$1.48B,12.77%,$11.55B,$1.08B,9.38%,$11.55B,$0.74B,6.44%,$0.74B,$5.03B,15.04%,$0.74B,$1.12B,72.85%,$0.74B,$12.07B,6.19%,$1.16B,$7.70B,15.18%,$2829,$2209,$619,$0,$336,$2545,$283,$-10,$273,$86,$187,$187,$187,$359,$283,$135,137,$1.39,$1.37,$2105,$1248,$0,$5457,$1599,$0,$3909,$1104,$6613,$12069,$2501,$2675,$303,$4542,$7042,$91,$10148,$-1726,$5027,$12069,$565,$232,$42,$274,$21,$53,$-94,$-10,$-135,$705,$-97,$0,$-43,$974,$-1189,$-214,$-40,$-394,$-218,$523,$306,$-464,$-464,$-257,$0,$-416,$-146,$54,$-257
11,2015-12-31,92.58,$35.55,2.6,$84.51,1.1,$14.69,6.3,$6.03,15.35,$5.15B,$2.37B,2.18,$2.73B,$4.80B,0.57,$11.88B,$2.75B,23.11%,$11.88B,$1.30B,10.92%,$11.88B,$1.30B,10.92%,$11.88B,$1.61B,13.55%,$11.88B,$1.20B,10.08%,$11.88B,$0.84B,7.09%,$0.84B,$4.80B,16.91%,$0.84B,$0.91B,80.04%,$0.84B,$11.75B,6.96%,$1.30B,$7.53B,16.83%,$2706,$2141,$565,$0,$315,$2455,$250,$-20,$230,$47,$183,$183,$183,$328,$250,$135,137,$1.35,$1.33,$1868,$1280,$0,$5151,$1598,$0,$3889,$1116,$6603,$11754,$2368,$2725,$307,$4583,$6951,$91,$10048,$-1885,$4803,$11754,$378,$156,$26,$182,$174,$3,$-135,$-67,$-197,$363,$-67,$0,$-68,$528,$-575,$-47,$-41,$-223,$-218,$574,$357,$-410,$-410,$-172,$0,$-225,$-133,$39,$-172
12,2015-09-30,92.33,$35.70,2.59,$85.93,1.07,$15.45,5.97,$6.50,14.21,$5.33B,$2.55B,2.09,$2.73B,$4.86B,0.56,$12.31B,$2.91B,23.67%,$12.31B,$1.40B,11.38%,$12.31B,$1.40B,11.38%,$12.31B,$1.71B,13.92%,$12.31B,$1.31B,10.65%,$12.31B,$0.93B,7.52%,$0.93B,$4.86B,17.74%,$0.93B,$0.90B,74.81%,$0.93B,$12.00B,7.53%,$1.40B,$7.58B,17.63%,$2869,$2201,$668,$0,$370,$2571,$298,$-23,$276,$81,$195,$195,$195,$376,$298,$137,139,$1.42,$1.41,$1790,$1320,$0,$5328,$1633,$0,$3951,$1090,$6674,$12002,$2550,$2725,$313,$4597,$7147,$91,$9950,$-1822,$4855,$12002,$195,$78,$32,$110,$66,$-26,$-76,$-130,$-285,$20,$-35,$0,$-68,$372,$-431,$-59,$-40,$-201,$-2,$407,$405,$-319,$-319,$-86,$0,$-1,$-206,$35,$-86
13,2015-06-30,109.72,$36.86,2.98,$86.87,1.26,$16.94,6.48,$6.94,15.81,$5.44B,$2.35B,2.32,$2.72B,$5.11B,0.53,$12.71B,$3.06B,24.04%,$12.71B,$1.51B,11.89%,$12.71B,$1.51B,11.89%,$12.71B,$1.83B,14.39%,$12.71B,$1.43B,11.26%,$12.71B,$1.01B,7.95%,$1.01B,$5.11B,17.89%,$1.01B,$1.15B,62.87%,$1.01B,$12.28B,8.10%,$1.51B,$7.83B,18.75%,$3145,$2421,$724,$0,$392,$2813,$332,$-28,$304,$124,$180,$180,$179,$412,$332,$143,145,$1.30,$1.30,$1914,$1300,$0,$5441,$1664,$812,$3956,$0,$6838,$12279,$2349,$2724,$336,$4823,$7172,$91,$9842,$-1739,$5108,$12279,$1013,$317,$50,$367,$143,$-70,$-87,$62,$-16,$1363,$-196,$0,$19,$1391,$-1747,$-356,$-46,$-579,$1482,$-815,$667,$-1433,$-1433,$-340,$0,$-1106,$-433,$96,$-340
14,2015-03-31,111.45,$37.17,3.0,$88.48,1.26,$16.73,6.66,$7.65,14.57,$5.79B,$2.77B,2.09,$2.73B,$5.16B,0.53,$13.09B,$3.17B,24.22%,$13.09B,$1.60B,12.21%,$13.09B,$1.60B,12.21%,$13.09B,$1.92B,14.66%,$13.09B,$1.54B,11.73%,$13.09B,$1.13B,8.65%,$1.13B,$5.16B,18.76%,$1.13B,$1.24B,59.76%,$1.13B,$12.34B,8.90%,$1.60B,$7.88B,19.61%,$3162,$2373,$789,$0,$372,$2745,$417,$-29,$388,$103,$285,$285,$285,$494,$417,$139,141,$2.06,$2.02,$2031,$1388,$0,$5785,$1644,$0,$3915,$994,$6552,$12337,$2767,$2725,$324,$4415,$7182,$91,$9754,$-1638,$5155,$12337,$833,$237,$-29,$209,$39,$-142,$-30,$41,$-251,$791,$-142,$0,$17,$829,$-1456,$-628,$-45,$-797,$1482,$-365,$1117,$-1346,$-1346,$-253,$19,$-462,$-597,$75,$-253
15,2014-12-31,120.37,$40.43,2.98,$88.21,1.36,$16.49,7.3,$7.23,16.65,$5.73B,$2.34B,2.45,$2.73B,$5.76B,0.47,$13.29B,$3.14B,23.59%,$13.29B,$1.53B,11.48%,$13.29B,$1.53B,11.48%,$13.29B,$1.85B,13.94%,$13.29B,$1.48B,11.12%,$13.29B,$1.09B,8.20%,$1.09B,$5.76B,17.13%,$1.09B,$1.66B,51.76%,$1.09B,$12.57B,8.44%,$1.53B,$8.49B,18.68%,$3135,$2402,$733,$0,$380,$2781,$354,$-10,$343,$76,$267,$267,$267,$432,$354,$145,148,$1.84,$1.80,$1962,$1454,$0,$5728,$1716,$0,$4103,$1021,$6841,$12568,$2339,$2726,$348,$4469,$6808,$91,$9556,$-1290,$5760,$12568,$548,$161,$-4,$157,$212,$-155,$-54,$28,$-166,$538,$-106,$0,$4,$476,$-972,$-496,$-43,$-641,$1485,$-815,$670,$-869,$-869,$-165,$16,$-347,$-538,$52,$-165
16,2014-09-30,106.03,$44.28,2.39,$87.47,1.21,$16.44,6.45,$7.09,14.95,$5.88B,$2.89B,2.04,$1.48B,$6.58B,0.23,$13.26B,$3.09B,23.29%,$13.26B,$1.46B,11.00%,$13.26B,$1.46B,11.00%,$13.26B,$1.79B,13.52%,$13.26B,$1.63B,12.29%,$13.26B,$1.08B,8.12%,$1.08B,$6.58B,16.56%,$1.08B,$2.38B,49.57%,$1.08B,$12.75B,8.28%,$1.46B,$8.07B,18.24%,$3270,$2460,$810,$0,$401,$2861,$409,$-13,$397,$116,$280,$280,$280,$491,$409,$149,151,$1.88,$1.85,$2038,$1441,$0,$5876,$1755,$0,$4199,$914,$6868,$12745,$2888,$1482,$374,$3274,$6162,$91,$9382,$-1099,$6582,$12745,$280,$82,$76,$158,$78,$-113,$-25,$50,$-178,$261,$-52,$0,$23,$51,$-497,$-447,$-5,$-481,$-0,$-113,$-114,$-54,$-54,$-72,$9,$-230,$-521,$41,$-72
17,2014-06-30,116.3,$44.75,2.6,$87.07,1.34,$16.57,7.02,$6.85,16.98,$6.07B,$3.25B,1.87,$1.51B,$6.66B,0.23,$13.22B,$3.03B,22.91%,$13.22B,$1.39B,10.54%,$13.22B,$1.39B,10.54%,$13.22B,$1.73B,13.09%,$13.22B,$1.56B,11.77%,$13.22B,$1.04B,7.87%,$1.04B,$6.66B,16.31%,$1.04B,$2.30B,53.18%,$1.04B,$13.27B,8.00%,$1.39B,$8.17B,17.67%,$3525,$2686,$839,$0,$421,$3107,$418,$-10,$408,$107,$301,$301,$301,$502,$418,$149,151,$2.01,$2.00,$2187,$1372,$0,$6072,$1824,$1019,$4360,$0,$7203,$13274,$3253,$1508,$410,$3359,$6612,$91,$9174,$-823,$6663,$13274,$1041,$337,$-186,$150,$-99,$-4,$93,$122,$196,$1388,$-202,$0,$185,$0,$-625,$-625,$-4,$-646,$-2,$-515,$-518,$-196,$-196,$-278,$34,$-958,$-168,$103,$-278
18,2014-03-31,110.31,$43.34,2.55,$86.41,1.28,$15.00,7.35,$6.65,16.59,$5.95B,$3.37B,1.77,$1.51B,$6.45B,0.23,$13.12B,$3.00B,22.86%,$13.12B,$1.37B,10.46%,$13.12B,$1.37B,10.46%,$13.12B,$1.71B,13.04%,$13.12B,$1.52B,11.60%,$13.12B,$1.01B,7.70%,$1.01B,$6.45B,16.43%,$1.01B,$2.08B,59.89%,$1.01B,$13.10B,7.88%,$1.37B,$7.96B,17.93%,$3358,$2606,$753,$0,$407,$3013,$345,$-16,$329,$87,$243,$243,$242,$428,$345,$149,152,$1.63,$1.60,$2096,$1449,$0,$5949,$1828,$0,$4375,$950,$7153,$13102,$3367,$1509,$354,$3281,$6648,$91,$8946,$-847,$6454,$13102,$740,$253,$-132,$121,$-10,$-85,$42,$17,$-44,$817,$-157,$0,$188,$0,$0,$0,$-3,$28,$-2,$-254,$-255,$-147,$-147,$-207,$26,$-583,$315,$85,$-207
19,2013-12-31,118.04,$42.23,2.79,$85.98,1.37,$14.12,8.36,$6.73,17.54,$5.75B,$3.30B,1.74,$1.51B,$6.30B,0.24,$13.07B,$2.98B,22.84%,$13.07B,$1.39B,10.60%,$13.07B,$1.39B,10.60%,$13.07B,$1.73B,13.22%,$13.07B,$1.53B,11.72%,$13.07B,$1.03B,7.84%,$1.03B,$6.30B,17.42%,$1.03B,$1.92B,74.06%,$1.03B,$12.86B,8.06%,$1.39B,$7.81B,18.75%,$3106,$2420,$686,$0,$399,$2819,$287,$208,$495,$242,$253,$253,$253,$372,$287,$149,152,$1.70,$1.66,$2140,$1449,$0,$5745,$1820,$0,$4382,$917,$7119,$12864,$3303,$1507,$339,$3263,$6566,$91,$8779,$-873,$6298,$12864,$498,$170,$-101,$69,$223,$-87,$-82,$-9,$-27,$540,$-103,$0,$203,$0,$0,$0,$-1,$99,$-1,$-116,$-117,$-99,$-99,$-135,$17,$-333,$358,$75,$-135
20,2013-09-30,99.38,$40.81,2.44,$85.71,1.16,$12.70,7.82,$6.26,15.87,$5.68B,$3.46B,1.64,$1.51B,$6.09B,0.25,$13.03B,$2.94B,22.59%,$13.03B,$1.36B,10.44%,$13.03B,$1.36B,10.44%,$13.03B,$1.70B,13.05%,$13.03B,$1.30B,9.98%,$13.03B,$0.95B,7.32%,$0.95B,$6.09B,16.89%,$0.95B,$1.52B,88.94%,$0.95B,$12.79B,7.71%,$1.36B,$7.60B,19.03%,$3226,$2476,$750,$0,$407,$2883,$343,$-19,$324,$80,$244,$244,$244,$428,$343,$149,152,$1.64,$1.61,$1946,$1465,$0,$5679,$1834,$0,$4566,$710,$7109,$12788,$3455,$1507,$320,$3244,$6699,$91,$8596,$-923,$6090,$12788,$244,$86,$43,$128,$127,$-69,$-42,$-33,$-90,$283,$-54,$0,$1,$0,$0,$0,$0,$-52,$-0,$1,$1,$-49,$-49,$-67,$4,$-111,$164,$49,$-67
21,2013-06-30,86.82,$38.46,2.26,$85.53,1.02,$10.70,8.11,$6.22,13.96,$5.53B,$3.52B,1.57,$1.50B,$5.74B,0.26,$13.02B,$2.93B,22.50%,$13.02B,$1.37B,10.55%,$13.02B,$1.37B,10.55%,$13.02B,$1.71B,13.14%,$13.02B,$1.31B,10.08%,$13.02B,$0.95B,7.29%,$0.95B,$5.74B,17.55%,$0.95B,$1.23B,104.17%,$0.95B,$12.54B,7.94%,$1.37B,$7.24B,19.86%,$3428,$2618,$810,$0,$413,$3031,$397,$-23,$374,$103,$271,$271,$271,$482,$397,$149,152,$1.82,$1.82,$1781,$1377,$0,$5531,$1808,$687,$4514,$0,$7010,$12541,$3520,$1496,$308,$3279,$6799,$91,$8421,$-1108,$5741,$12541,$949,$336,$91,$427,$-21,$99,$-66,$-70,$-185,$1191,$-241,$0,$-548,$0,$0,$0,$-21,$-810,$-327,$1320,$992,$-226,$-226,$-255,$65,$576,$943,$85,$-255
22,2013-03-31,82.94,$36.26,2.29,$84.97,0.98,$13.05,6.36,$6.40,12.96,$5.44B,$3.65B,1.49,$1.50B,$5.41B,0.28,$13.00B,$2.96B,22.76%,$13.00B,$1.43B,10.99%,$13.00B,$1.43B,10.99%,$13.00B,$1.76B,13.52%,$13.00B,$1.36B,10.49%,$13.00B,$0.98B,7.54%,$0.98B,$5.41B,18.85%,$0.98B,$0.87B,118.72%,$0.98B,$12.67B,8.44%,$1.43B,$6.91B,21.31%,$3307,$2569,$738,$0,$380,$2949,$358,$-20,$339,$82,$257,$257,$257,$445,$358,$149,152,$1.72,$1.68,$1677,$1473,$0,$5439,$1830,$0,$4544,$860,$7233,$12672,$3649,$1496,$295,$3611,$7259,$91,$8229,$-1276,$5412,$12672,$678,$251,$63,$313,$40,$11,$-64,$-74,$-272,$719,$-190,$0,$-548,$0,$0,$0,$-9,$-748,$-326,$1513,$1187,$-178,$-178,$-188,$52,$873,$839,$66,$-188
23,2012-12-31,76.69,$35.73,2.15,$85.17,0.9,$15.18,5.05,$6.73,11.39,$4.10B,$2.49B,1.65,$1.51B,$5.33B,0.28,$13.09B,$3.02B,23.10%,$13.09B,$1.50B,11.44%,$13.09B,$1.50B,11.44%,$13.09B,$1.82B,13.90%,$13.09B,$1.43B,10.89%,$13.09B,$1.04B,7.91%,$1.04B,$5.33B,19.74%,$1.04B,$0.67B,103.58%,$1.04B,$11.46B,9.27%,$1.50B,$6.84B,22.17%,$3065,$2422,$644,$0,$381,$2803,$262,$0,$263,$82,$181,$181,$181,$345,$262,$149,152,$1.21,$1.19,$498,$1515,$0,$4096,$1845,$0,$4663,$858,$7366,$11461,$2488,$1509,$302,$3644,$6132,$91,$8053,$-1187,$5329,$11461,$421,$164,$69,$233,$283,$-13,$-167,$-141,$-306,$347,$-126,$0,$-553,$0,$0,$0,$-8,$-687,$-102,$270,$169,$-139,$-139,$-123,$37,$-57,$-341,$47,$-123
24,2012-09-30,74.96,$34.54,2.17,$85.11,0.88,$16.81,4.46,$7.10,10.56,$4.20B,$2.37B,1.78,$1.51B,$5.15B,0.29,$13.13B,$3.11B,23.65%,$13.13B,$1.59B,12.13%,$13.13B,$1.59B,12.13%,$13.13B,$1.91B,14.55%,$13.13B,$1.50B,11.43%,$13.13B,$1.10B,8.34%,$1.10B,$5.15B,20.96%,$1.10B,$0.88B,95.07%,$1.10B,$11.14B,10.06%,$1.59B,$6.66B,23.51%,$3215,$2477,$737,$0,$381,$2859,$356,$-20,$336,$96,$240,$240,$240,$438,$356,$149,153,$1.61,$1.57,$436,$1490,$0,$4200,$1803,$0,$4270,$861,$6934,$11135,$2366,$1512,$287,$3616,$5983,$91,$7950,$-1282,$5152,$11135,$240,$81,$85,$166,$85,$-38,$-71,$-191,$-413,$-7,$-68,$0,$-195,$0,$0,$0,$0,$-262,$-71,$33,$-38,$-96,$-96,$-61,$24,$-172,$-402,$31,$-61
25,2012-06-30,68.6,$32.79,2.09,$84.85,0.81,$19.05,3.6,$7.44,9.22,$4.50B,$2.49B,1.81,$1.50B,$4.91B,0.31,$13.15B,$3.19B,24.24%,$13.15B,$1.67B,12.69%,$13.15B,$1.67B,12.69%,$13.15B,$1.99B,15.14%,$13.15B,$1.58B,12.00%,$13.15B,$1.15B,8.76%,$1.15B,$4.91B,22.09%,$1.15B,$0.89B,95.64%,$1.15B,$11.17B,10.79%,$1.67B,$6.41B,24.54%,$3412,$2572,$839,$0,$387,$2959,$453,$-27,$425,$123,$302,$302,$302,$530,$453,$151,155,$2.01,$1.97,$838,$1401,$0,$4498,$1720,$931,$4021,$0,$6672,$11170,$2486,$1504,$277,$3779,$6265,$91,$7787,$-1416,$4906,$11170,$1155,$322,$26,$348,$-91,$-28,$60,$107,$27,$1530,$-198,$0,$-156,$0,$0,$0,$-21,$-376,$-3,$-2,$-5,$-446,$-446,$-241,$-131,$-824,$181,$81,$-241
26,2012-03-31,75.09,$36.98,2.03,$83.48,0.9,$16.45,4.56,$7.27,10.33,$4.50B,$2.49B,1.81,$1.52B,$5.59B,0.27,$13.15B,$3.17B,24.09%,$13.15B,$1.62B,12.34%,$13.15B,$1.62B,12.34%,$13.15B,$1.95B,14.84%,$13.15B,$1.53B,11.66%,$13.15B,$1.14B,8.69%,$1.14B,$5.59B,21.30%,$1.14B,$1.56B,87.28%,$1.14B,$10.89B,10.77%,$1.62B,$7.10B,23.19%,$3394,$2590,$803,$0,$377,$2968,$426,$-25,$401,$88,$313,$313,$312,$506,$426,$151,155,$2.07,$2.01,$773,$1429,$0,$4497,$1722,$0,$4023,$647,$6392,$10889,$2489,$1515,$308,$2813,$5303,$91,$7551,$-599,$5586,$10889,$853,$244,$15,$259,$-139,$-55,$3,$106,$-106,$1006,$-139,$0,$-31,$0,$0,$0,$-16,$-186,$-0,$48,$48,$-325,$-325,$-179,$-135,$-591,$116,$64,$-179
27,2011-12-31,67.42,$34.83,1.94,$81.02,0.83,$14.84,4.54,$6.94,9.71,$4.04B,$2.12B,1.91,$1.66B,$5.26B,0.32,$12.99B,$3.14B,24.18%,$12.99B,$1.60B,12.30%,$12.99B,$1.60B,12.30%,$12.99B,$1.93B,14.86%,$12.99B,$1.52B,11.72%,$12.99B,$1.11B,8.54%,$1.11B,$5.26B,20.71%,$1.11B,$1.28B,87.30%,$1.11B,$10.33B,10.35%,$1.60B,$6.92B,22.71%,$3107,$2381,$726,$0,$369,$2750,$357,$-18,$339,$97,$242,$242,$241,$436,$357,$151,155,$1.59,$1.56,$488,$1453,$0,$4043,$1691,$613,$3980,$0,$6285,$10328,$2120,$1659,$306,$2952,$5072,$91,$7311,$-765,$5256,$10328,$541,$164,$28,$193,$70,$-98,$-67,$49,$-170,$563,$-86,$0,$-14,$0,$0,$0,$-14,$-114,$-1,$-0,$-1,$-312,$-312,$-119,$-74,$-506,$-169,$44,$-119
28,2011-09-30,55.57,$33.85,1.64,$78.19,0.71,$13.66,4.07,$6.77,8.21,$4.00B,$2.24B,1.79,$1.67B,$5.11B,0.33,$12.75B,$3.09B,24.20%,$12.75B,$1.57B,12.28%,$12.75B,$1.57B,12.28%,$12.75B,$1.91B,14.95%,$12.75B,$1.49B,11.68%,$12.75B,$1.10B,8.62%,$1.10B,$5.11B,20.54%,$1.10B,$1.09B,89.08%,$1.10B,$10.32B,10.17%,$1.57B,$6.78B,22.22%,$3234,$2414,$819,$0,$386,$2801,$433,$-21,$412,$113,$298,$298,$297,$518,$433,$152,155,$1.95,$1.91,$424,$1456,$0,$3999,$1713,$589,$4020,$0,$6322,$10322,$2236,$1669,$309,$2972,$5208,$91,$7128,$-724,$5113,$10322,$298,$85,$22,$107,$32,$-93,$-23,$62,$-96,$309,$-38,$0,$-10,$0,$0,$0,$0,$-49,$-0,$-0,$-0,$-292,$-292,$-63,$-75,$-431,$-233,$28,$-63
29,2011-06-30,78.55,$35.39,2.22,$74.63,1.05,$12.35,6.36,$6.37,12.33,$4.31B,$2.39B,1.8,$1.69B,$5.49B,0.31,$12.35B,$2.96B,23.96%,$12.35B,$1.49B,12.08%,$12.35B,$1.49B,12.08%,$12.35B,$1.83B,14.83%,$12.35B,$1.41B,11.45%,$12.35B,$1.05B,8.50%,$1.05B,$5.49B,19.72%,$1.05B,$1.30B,88.54%,$1.05B,$10.89B,9.63%,$1.49B,$7.18B,21.19%,$3410,$2591,$819,$0,$413,$3004,$406,$-24,$381,$87,$295,$295,$292,$491,$406,$161,165,$1.84,$1.79,$657,$1412,$0,$4305,$1797,$598,$4187,$0,$6582,$10887,$2391,$1691,$293,$3007,$5398,$91,$6891,$-451,$5488,$10887,$1057,$340,$97,$437,$-260,$-139,$228,$-257,$-327,$1167,$-175,$0,$-60,$0,$0,$0,$-10,$-245,$-66,$-19,$-85,$-667,$-667,$-206,$43,$-916,$82,$73,$-206
30,2011-03-31,82.53,$34.43,2.4,$71.04,1.16,$13.09,6.3,$5.94,13.89,$4.69B,$2.34B,2.0,$1.68B,$5.58B,0.3,$11.72B,$2.81B,23.98%,$11.72B,$1.41B,12.01%,$11.72B,$1.41B,12.01%,$11.72B,$1.75B,14.90%,$11.72B,$1.32B,11.30%,$11.72B,$0.98B,8.35%,$0.98B,$5.58B,19.34%,$0.98B,$1.42B,98.86%,$0.98B,$11.38B,9.19%,$1.41B,$7.27B,20.99%,$3240,$2463,$777,$0,$375,$2838,$402,$-12,$390,$108,$282,$282,$280,$486,$402,$162,167,$1.72,$1.68,$1108,$1391,$0,$4691,$1788,$0,$4167,$730,$6686,$11377,$2340,$1684,$267,$3453,$5793,$91,$6665,$-737,$5584,$11377,$762,$254,$58,$313,$-256,$-134,$150,$-72,$-275,$800,$-135,$0,$-60,$0,$0,$0,$-8,$-203,$34,$-19,$15,$-33,$-33,$-143,$37,$-124,$532,$57,$-143
31,2010-12-31,74.97,$32.21,2.33,$67.58,1.11,$13.71,5.47,$5.20,14.42,$4.04B,$1.94B,2.08,$1.74B,$5.22B,0.33,$11.10B,$2.59B,23.30%,$11.10B,$1.24B,11.19%,$11.10B,$1.24B,11.19%,$11.10B,$1.59B,14.28%,$11.10B,$1.14B,10.27%,$11.10B,$0.85B,7.69%,$0.85B,$5.22B,17.62%,$0.85B,$1.13B,108.32%,$0.85B,$10.62B,8.30%,$1.24B,$6.96B,19.26%,$2867,$2196,$671,$0,$346,$2541,$325,$-19,$306,$74,$232,$232,$230,$411,$325,$162,166,$1.42,$1.39,$809,$1361,$0,$4044,$1765,$0,$4090,$721,$6575,$10619,$1941,$1742,$242,$3463,$5404,$91,$6450,$-882,$5215,$10619,$481,$170,$77,$247,$27,$-130,$40,$-138,$-320,$408,$-93,$0,$-43,$0,$0,$0,$-9,$-145,$39,$-19,$20,$-14,$-14,$-91,$19,$-66,$233,$41,$-91
32,2010-09-30,60.64,$30.95,1.96,$64.79,0.94,$15.20,3.99,$4.45,13.63,$4.15B,$2.28B,1.82,$1.75B,$4.99B,0.35,$10.59B,$2.40B,22.67%,$10.59B,$1.09B,10.32%,$10.59B,$1.09B,10.32%,$10.59B,$1.45B,13.66%,$10.59B,$0.98B,9.22%,$10.59B,$0.73B,6.88%,$0.73B,$4.99B,15.50%,$0.73B,$0.90B,118.37%,$0.73B,$10.71B,7.23%,$1.09B,$6.74B,17.45%,$2829,$2138,$691,$0,$334,$2471,$358,$-21,$336,$87,$249,$249,$247,$443,$358,$161,164,$1.53,$1.51,$924,$1295,$0,$4148,$1771,$0,$4096,$696,$6562,$10710,$2282,$1746,$212,$3435,$5717,$91,$6284,$-911,$4993,$10710,$249,$85,$68,$153,$-20,$-69,$34,$-177,$-279,$123,$-51,$0,$-8,$0,$0,$0,$-0,$-59,$294,$-1,$294,$-6,$-6,$-44,$3,$247,$348,$29,$-44
33,2010-06-30,47.8,$27.65,1.73,$61.36,0.78,$16.20,2.95,$3.39,14.1,$3.59B,$2.21B,1.63,$1.41B,$4.46B,0.32,$9.99B,$2.15B,21.47%,$9.99B,$0.87B,8.69%,$9.99B,$0.87B,8.69%,$9.99B,$1.23B,12.31%,$9.99B,$0.75B,7.55%,$9.99B,$0.55B,5.54%,$0.55B,$4.46B,12.07%,$0.55B,$0.52B,117.12%,$0.55B,$9.91B,5.61%,$0.87B,$5.87B,14.04%,$2786,$2114,$672,$0,$349,$2464,$323,$-31,$292,$69,$223,$223,$222,$407,$323,$161,163,$1.37,$1.37,$576,$1172,$0,$3589,$1698,$687,$3936,$0,$6322,$9910,$2205,$1414,$196,$3246,$5451,$91,$6087,$-1209,$4459,$9910,$556,$363,$51,$414,$-220,$54,$259,$31,$249,$1219,$-117,$0,$-5,$0,$0,$0,$-23,$-146,$-64,$-422,$-486,$-15,$-15,$-163,$14,$-650,$388,$59,$-163
34,2010-03-31,55.58,$29.16,1.91,$57.84,0.96,$14.90,3.73,$2.34,23.75,$3.35B,$2.07B,1.62,$1.54B,$4.70B,0.33,$9.42B,$1.87B,19.86%,$9.42B,$0.64B,6.78%,$9.42B,$0.64B,6.78%,$9.42B,$1.01B,10.73%,$9.42B,$0.53B,5.57%,$9.42B,$0.38B,4.06%,$0.38B,$4.70B,8.37%,$0.38B,$0.61B,99.03%,$0.38B,$9.86B,3.87%,$0.64B,$6.23B,10.21%,$2615,$2062,$552,$0,$316,$2379,$236,$-30,$206,$52,$154,$154,$154,$324,$236,$161,164,$0.96,$0.94,$381,$1197,$0,$3354,$1782,$0,$4090,$631,$6504,$9858,$2072,$1536,$226,$3091,$5163,$91,$5917,$-780,$4696,$9858,$333,$278,$51,$329,$-140,$64,$138,$40,$179,$841,$-87,$0,$-5,$0,$0,$0,$-12,$-104,$-24,$-385,$-409,$-7,$-7,$-121,$3,$-534,$193,$48,$-121
35,2009-12-31,46.06,$28.84,1.6,$56.42,0.82,$13.49,3.41,$1.73,26.62,$3.06B,$1.92B,1.6,$1.55B,$4.64B,0.34,$9.15B,$1.75B,19.17%,$9.15B,$0.52B,5.70%,$9.15B,$0.52B,5.70%,$9.15B,$0.89B,9.77%,$9.15B,$0.38B,4.16%,$9.15B,$0.28B,3.07%,$0.28B,$4.64B,6.24%,$0.28B,$0.44B,82.89%,$0.28B,$9.79B,2.87%,$0.52B,$6.19B,8.29%,$2355,$1869,$485,$0,$310,$2179,$175,$-33,$142,$37,$105,$105,$105,$272,$175,$161,163,$0.65,$0.64,$234,$1233,$0,$3058,$1843,$0,$4203,$690,$6736,$9794,$1916,$1554,$242,$3240,$5156,$91,$5809,$-706,$4638,$9794,$179,$190,$2,$192,$74,$45,$37,$119,$235,$606,$-56,$0,$0,$0,$0,$0,$-14,$-70,$-22,$-378,$-400,$-5,$-5,$-80,$1,$-484,$46,$37,$-80
36,2009-09-30,44.12,$28.44,1.55,$58.58,0.75,$11.84,3.73,$2.05,21.52,$3.13B,$1.84B,1.71,$1.86B,$4.57B,0.41,$9.48B,$1.84B,19.36%,$9.48B,$0.58B,6.07%,$9.48B,$0.58B,6.07%,$9.48B,$0.94B,9.93%,$9.48B,$0.44B,4.62%,$9.48B,$0.33B,3.49%,$0.33B,$4.57B,7.37%,$0.33B,$0.33B,95.80%,$0.33B,$9.94B,3.35%,$0.58B,$6.43B,9.07%,$2237,$1801,$436,$0,$302,$2103,$134,$-20,$114,$40,$74,$74,$73,$227,$134,$161,162,$0.46,$0.45,$190,$1266,$0,$3133,$1891,$0,$4240,$672,$6804,$9937,$1835,$1856,$233,$3532,$5368,$91,$5748,$-696,$4570,$9937,$74,$93,$4,$97,$-3,$18,$0,$90,$89,$260,$-26,$0,$0,$0,$0,$0,$-1,$-27,$-6,$-191,$-197,$-2,$-2,$-40,$1,$-239,$2,$26,$-40
37,2009-06-30,36.37,$27.11,1.34,$63.13,0.58,$11.69,3.11,$3.10,11.73,$3.12B,$2.01B,1.56,$1.84B,$4.35B,0.42,$10.31B,$2.13B,20.63%,$10.31B,$0.84B,8.12%,$10.31B,$0.84B,8.12%,$10.31B,$1.20B,11.60%,$10.31B,$0.68B,6.61%,$10.31B,$0.51B,4.93%,$0.51B,$4.35B,11.20%,$0.51B,$0.17B,93.04%,$0.51B,$9.86B,5.12%,$0.84B,$6.19B,13.08%,$2211,$1814,$397,$0,$303,$2117,$94,$-31,$63,$15,$48,$48,$50,$188,$94,$162,163,$0.33,$0.34,$188,$1255,$0,$3124,$1881,$675,$4177,$0,$6732,$9856,$2006,$1840,$243,$3500,$5505,$91,$5722,$-843,$4350,$9856,$510,$358,$36,$393,$598,$219,$-305,$-18,$226,$1129,$-242,$0,$-723,$0,$0,$0,$4,$-961,$-18,$346,$328,$-444,$-444,$-162,$4,$-274,$-138,$47,$-162
38,2009-03-31,28.61,$27.84,1.03,$69.04,0.41,$12.45,2.3,$4.26,6.72,$3.31B,$2.31B,1.44,$1.85B,$4.47B,0.41,$11.45B,$2.50B,21.85%,$11.45B,$1.14B,9.97%,$11.45B,$1.14B,9.97%,$11.45B,$1.50B,13.11%,$11.45B,$0.98B,8.58%,$11.45B,$0.71B,6.21%,$0.71B,$4.47B,14.93%,$0.71B,$0.42B,82.43%,$0.71B,$9.57B,7.07%,$1.14B,$6.32B,17.15%,$2345,$1909,$436,$0,$318,$2227,$118,$-56,$62,$9,$53,$53,$53,$207,$118,$161,161,$0.33,$0.33,$167,$1335,$0,$3311,$1829,$0,$4051,$376,$6256,$9568,$2307,$1849,$282,$2792,$5099,$91,$5721,$-628,$4469,$9568,$462,$264,$30,$294,$432,$93,$-280,$-53,$-40,$716,$-200,$0,$-721,$0,$0,$0,$3,$-918,$-17,$656,$640,$-441,$-441,$-121,$4,$81,$-160,$35,$-121
39,2008-12-31,35.59,$28.52,1.25,$73.10,0.49,$13.29,2.68,$5.42,6.57,$3.68B,$2.67B,1.38,$1.88B,$4.58B,0.41,$12.28B,$2.80B,22.79%,$12.28B,$1.41B,11.49%,$12.28B,$1.41B,11.49%,$12.28B,$1.76B,14.32%,$12.28B,$1.28B,10.40%,$12.28B,$0.91B,7.43%,$0.91B,$4.58B,18.53%,$0.91B,$0.46B,76.50%,$0.91B,$10.12B,9.07%,$1.41B,$6.46B,21.21%,$2689,$2121,$567,$0,$337,$2459,$230,$-31,$199,$42,$157,$157,$155,$320,$230,$161,162,$0.97,$0.96,$262,$1520,$0,$3679,$1888,$0,$4121,$428,$6437,$10115,$2668,$1883,$286,$2866,$5534,$91,$5710,$-503,$4582,$10115,$409,$176,$38,$214,$330,$-55,$-203,$6,$-178,$445,$-164,$0,$-705,$0,$0,$0,$-3,$-872,$-13,$924,$911,$-433,$-433,$-81,$3,$400,$-64,$28,$-81
40,2008-09-30,44.03,$29.44,1.5,$72.93,0.6,$13.70,3.21,$5.69,7.74,$4.16B,$2.54B,1.64,$1.88B,$4.74B,0.4,$12.42B,$2.87B,23.08%,$12.42B,$1.50B,12.05%,$12.42B,$1.50B,12.05%,$12.42B,$1.83B,14.76%,$12.42B,$1.38B,11.07%,$12.42B,$0.97B,7.81%,$0.97B,$4.74B,19.50%,$0.97B,$1.13B,66.98%,$0.97B,$10.13B,9.86%,$1.50B,$6.62B,22.97%,$3065,$2337,$727,$0,$333,$2670,$395,$-36,$358,$107,$252,$252,$250,$481,$395,$164,167,$1.52,$1.50,$608,$1507,$0,$4157,$1856,$0,$3613,$507,$5975,$10133,$2543,$1879,$319,$2846,$5389,$91,$5595,$-236,$4744,$10133,$252,$86,$30,$116,$119,$-90,$-83,$5,$-61,$307,$-91,$0,$-12,$0,$0,$0,$-8,$-111,$-3,$565,$562,$-413,$-413,$-41,$3,$110,$282,$21,$-41
41,2008-06-30,59.01,$31.36,1.88,$70.66,0.84,$13.64,4.33,$5.52,10.69,$4.10B,$2.18B,1.88,$1.95B,$5.26B,0.37,$12.15B,$2.81B,23.10%,$12.15B,$1.44B,11.87%,$12.15B,$1.44B,11.87%,$12.15B,$1.77B,14.56%,$12.15B,$1.34B,10.99%,$12.15B,$0.95B,7.82%,$0.95B,$5.26B,19.29%,$0.95B,$1.44B,60.53%,$0.95B,$10.39B,10.02%,$1.44B,$7.21B,22.97%,$3347,$2575,$771,$0,$373,$2949,$398,$-35,$363,$102,$261,$261,$253,$493,$398,$168,172,$1.51,$1.48,$326,$1495,$0,$4096,$1927,$546,$3819,$0,$6291,$10387,$2183,$1952,$338,$2945,$5128,$91,$5388,$118,$5259,$10387,$958,$327,$1,$328,$-115,$-54,$75,$83,$31,$1317,$-250,$0,$-921,$0,$0,$0,$1,$-1171,$715,$-48,$667,$-551,$-551,$-142,$28,$1,$153,$45,$-142
42,2008-03-31,57.17,$30.52,1.87,$67.36,0.85,$11.73,4.87,$5.28,10.83,$3.87B,$2.49B,1.56,$1.19B,$5.12B,0.23,$11.67B,$2.69B,23.01%,$11.67B,$1.36B,11.66%,$11.67B,$1.36B,11.66%,$11.67B,$1.67B,14.27%,$11.67B,$1.27B,10.88%,$11.67B,$0.91B,7.83%,$0.91B,$5.12B,19.09%,$0.91B,$1.74B,54.57%,$0.91B,$9.61B,10.17%,$1.36B,$6.31B,22.97%,$3183,$2447,$735,$0,$347,$2794,$388,$-31,$358,$102,$255,$255,$255,$465,$388,$168,171,$1.52,$1.49,$182,$1489,$0,$3872,$1862,$0,$3377,$498,$5737,$9609,$2487,$1190,$310,$2003,$4490,$91,$5181,$186,$5119,$9609,$697,$232,$11,$243,$-89,$-84,$9,$67,$-76,$864,$-172,$0,$-468,$0,$0,$0,$-4,$-643,$-8,$422,$414,$-542,$-542,$-107,$21,$-214,$9,$38,$-107
43,2007-12-31,61.96,$28.35,2.19,$64.52,0.96,$9.94,6.23,$4.97,12.46,$3.62B,$2.50B,1.45,$1.15B,$4.78B,0.24,$11.27B,$2.57B,22.78%,$11.27B,$1.28B,11.37%,$11.27B,$1.28B,11.37%,$11.27B,$1.58B,14.04%,$11.27B,$1.21B,10.71%,$11.27B,$0.87B,7.70%,$0.87B,$4.78B,18.71%,$0.87B,$1.48B,50.93%,$0.87B,$9.22B,9.90%,$1.28B,$5.93B,22.27%,$2829,$2194,$635,$0,$319,$2513,$316,$-20,$296,$84,$212,$212,$212,$395,$316,$168,172,$1.26,$1.23,$198,$1477,$0,$3622,$1805,$0,$3297,$494,$5596,$9218,$2496,$1151,$313,$1944,$4440,$91,$4966,$32,$4777,$9218,$441,$155,$10,$165,$88,$-91,$-87,$51,$-133,$474,$-105,$0,$-463,$0,$0,$0,$-3,$-571,$14,$656,$670,$-495,$-495,$-72,$19,$123,$25,$30,$-72
44,2007-09-30,61.18,$27.02,2.26,$62.26,0.98,$9.02,6.78,$4.84,12.65,$3.52B,$2.25B,1.57,$1.12B,$4.55B,0.25,$10.95B,$2.51B,22.88%,$10.95B,$1.25B,11.38%,$10.95B,$1.25B,11.38%,$10.95B,$1.54B,14.08%,$10.95B,$1.18B,10.74%,$10.95B,$0.85B,7.75%,$0.85B,$4.55B,18.77%,$0.85B,$1.62B,48.42%,$0.85B,$8.69B,9.90%,$1.25B,$5.66B,22.17%,$2787,$2122,$665,$0,$325,$2447,$340,$-22,$318,$88,$230,$230,$230,$416,$340,$170,173,$1.35,$1.33,$188,$1354,$0,$3524,$1762,$0,$2930,$476,$5169,$8693,$2245,$1118,$301,$1902,$4147,$91,$4794,$5,$4546,$8693,$230,$76,$16,$92,$3,$-54,$-29,$49,$-53,$269,$-55,$0,$-34,$0,$0,$0,$-8,$-97,$-1,$375,$374,$-503,$-503,$-37,$7,$-159,$15,$24,$-37
45,2007-06-30,53.4,$27.04,1.97,$60.30,0.89,$8.15,6.56,$4.67,11.43,$3.39B,$1.93B,1.76,$1.09B,$4.71B,0.23,$10.72B,$2.45B,22.81%,$10.72B,$1.22B,11.36%,$10.72B,$1.22B,11.36%,$10.72B,$1.51B,14.11%,$10.72B,$1.16B,10.82%,$10.72B,$0.83B,7.74%,$0.83B,$4.71B,18.63%,$0.83B,$1.86B,46.30%,$0.83B,$8.44B,9.78%,$1.22B,$5.80B,22.01%,$2874,$2224,$651,$0,$333,$2557,$317,$-19,$298,$81,$217,$217,$217,$390,$317,$175,177,$1.25,$1.23,$173,$1266,$0,$3386,$1736,$469,$2850,$0,$5055,$8441,$1925,$1090,$246,$1805,$3730,$91,$4625,$-113,$4712,$8441,$830,$295,$-31,$263,$-55,$-15,$-17,$-107,$-136,$957,$-192,$0,$-379,$0,$0,$0,$-9,$-580,$-4,$111,$107,$-393,$-393,$-121,$27,$-380,$1,$33,$-121
46,2007-03-31,46.94,$26.02,1.8,$58.54,0.8,$8.21,5.72,$4.51,10.42,$3.37B,$1.90B,1.78,$1.12B,$4.52B,0.25,$10.46B,$2.36B,22.53%,$10.46B,$1.19B,11.35%,$10.46B,$1.19B,11.35%,$10.46B,$1.48B,14.14%,$10.46B,$1.13B,10.77%,$10.46B,$0.81B,7.71%,$0.81B,$4.52B,18.61%,$0.81B,$1.86B,45.66%,$0.81B,$8.71B,9.59%,$1.19B,$5.64B,21.94%,$2781,$2164,$617,$0,$309,$2472,$309,$-14,$295,$86,$209,$209,$209,$382,$309,$173,176,$1.21,$1.19,$184,$1271,$0,$3368,$1709,$0,$2661,$970,$5340,$8709,$1897,$1116,$219,$2291,$4188,$60,$4438,$-114,$4520,$8709,$613,$222,$-46,$176,$-68,$-56,$-56,$-115,$-252,$537,$-140,$0,$-188,$0,$0,$0,$-3,$-331,$27,$227,$254,$-362,$-362,$-91,$0,$-199,$12,$29,$-91
47,2006-12-31,41.68,$24.86,1.68,$56.50,0.74,$8.60,4.84,$4.29,9.72,$3.18B,$1.92B,1.66,$1.07B,$4.32B,0.25,$10.18B,$2.29B,22.46%,$10.18B,$1.15B,11.27%,$10.18B,$1.15B,11.27%,$10.18B,$1.44B,14.14%,$10.18B,$1.09B,10.68%,$10.18B,$0.78B,7.62%,$0.78B,$4.32B,18.64%,$0.78B,$1.68B,47.12%,$0.78B,$8.46B,9.43%,$1.15B,$5.38B,21.98%,$2511,$1938,$573,$0,$293,$2231,$280,$-16,$265,$72,$193,$193,$193,$354,$280,$174,177,$1.11,$1.09,$157,$1314,$0,$3176,$1707,$0,$2640,$933,$5280,$8456,$1919,$1066,$211,$2220,$4139,$60,$4259,$-130,$4317,$8456,$404,$148,$-57,$92,$114,$-108,$-83,$-73,$-212,$308,$-92,$0,$-160,$0,$0,$0,$-2,$-254,$-17,$371,$354,$-361,$-361,$-61,$0,$-68,$-14,$24,$-61
