,Date,Stock Price,Book Value per Share,Price to Book Ratio,TTM Sales per Share,Price to Sales Ratio,TTM FCF per Share,Price to FCF Ratio,TTM Net EPS,PE Ratio,Current Assets,Current Liabilities,Current Ratio,Long Term Debt,Shareholder's Equity_x,Debt to Equity Ratio,TTM Revenue_x,TTM Gross Profit,Gross Margin,TTM Revenue_y,TTM Operating Income,Operating Margin,TTM Revenue_x,TTM EBIT,EBIT Margin,TTM Revenue_y,TTM EBITDA,EBITDA Margin,TTM Revenue_x,TTM Pre-Tax Income,Pre-Tax Margin,TTM Revenue_y,TTM Net Income_x,Net Margin,TTM Net Income_y,Shareholder's Equity_y,Return on Equity,TTM Net Income_x,Tangible Equity,Return on Tangible Equity,TTM Net Income_y,Total Assets,Return on Assets,TTM Net Income,LT Investments & Debt,Return on Investment,revenue,cost-goods-sold,gross-profit,research-development-expenses,selling-general-administrative-expenses,operating-expenses,operating-income,total-non-operating-income-expense,pre-tax-income,total-provision-income-taxes,income-after-taxes,income-from-continuous-operations,net-income,ebitda,ebit,basic-shares-outstanding,shares-outstanding,eps-basic-net-earnings-per-share,eps-earnings-per-share-diluted,cash-on-hand,inventory,other-current-assets,total-current-assets,net-property-plant-equipment,long-term-investments,goodwill-intangible-assets-total,other-long-term-assets,total-long-term-assets,total-assets,total-current-liabilities,long-term-debt,other-non-current-liabilities,total-long-term-liabilities,total-liabilities,common-stock-net,retained-earnings-accumulated-deficit,comprehensive-income,total-share-holder-equity,total-liabilities-share-holders-equity,net-income-loss,total-depreciation-amortization-cash-flow,other-non-cash-items,total-non-cash-items,change-in-accounts-receivable,change-in-inventories,change-in-accounts-payable,change-in-assets-liabilities,total-change-in-assets-liabilities,cash-flow-from-operating-activities,net-change-in-property-plant-equipment,net-change-in-intangible-assets,net-acquisitions-divestitures,net-change-in-short-term-investments,net-change-in-long-term-investments,net-change-in-investments-total,investing-activities-other,cash-flow-from-investing-activities,net-long-term-debt,net-current-debt,debt-issuance-retirement-net-total,net-common-equity-issued-repurchased,net-total-equity-issued-repurchased,total-common-preferred-stock-dividends-paid,financial-activities-other,cash-flow-from-financial-activities,net-cash-flow,stock-based-compensation,common-stock-dividends-paid
0,2018-06-30,42.27,$15.16,2.79,$26.04,1.62,$1.97,21.41,$1.47,28.76,$10.81B,$8.50B,1.27,$4.40B,$13.96B,0.32,$24.26B,$10.89B,44.87%,$24.26B,$2.07B,8.54%,$24.26B,$2.07B,8.54%,$24.26B,$2.79B,11.49%,$24.26B,$1.65B,6.81%,$24.26B,$1.37B,5.64%,$1.37B,$13.96B,9.45%,$1.37B,$0.32B,77.03%,$1.37B,$29.61B,4.14%,$2.07B,$18.35B,11.04%,$5007,$2595,$2411,$483,$1407,$4483,$523,$-34,$489,$133,$357,$357,$338,$355,$523,$931,941,$0.36,$0.36,$1927,$3220,$1368,$10810,$1881,$296,$13640,$753,$18794,$29605,$8495,$4398,$2667,$7156,$15650,$227,$9535,$0,$13955,$29605,$150,$652,$47,$699,$526,$-438,$0,$-173,$-582,$266,$-304,$-67,$-228,$0,$0,$0,$-145,$-743,$163,$82,$246,$-429,$-429,$-407,$-2,$-593,$-386,$0,$-407
1,2017-06-30,34.26,$16.14,2.12,$27.76,1.23,$2.01,17.08,$1.98,17.3,$17.05B,$11.42B,1.49,$2.86B,$15.12B,0.19,$25.77B,$11.36B,44.09%,$25.77B,$2.14B,8.31%,$25.77B,$2.14B,8.31%,$25.77B,$3.21B,12.45%,$25.77B,$1.67B,6.47%,$25.77B,$1.84B,7.15%,$1.84B,$15.12B,12.73%,$1.84B,$5.01B,102.45%,$1.84B,$32.38B,5.35%,$2.14B,$17.98B,11.18%,$5114,$2722,$2392,$507,$1573,$4758,$355,$-57,$297,$75,$222,$222,$1,$278,$355,$917,929,$0.00,$0.00,$2442,$2821,$8152,$17051,$1672,$152,$10111,$885,$15327,$32378,$11424,$2859,$2931,$5830,$17253,$207,$9153,$0,$15124,$32378,$603,$535,$-254,$281,$683,$-271,$0,$-383,$-472,$410,$-188,$-40,$15,$0,$0,$0,$-200,$-414,$-1314,$22,$-1292,$1107,$1107,$-359,$-6,$-550,$548,$0,$-359
2,2016-12-31,27.82,$16.20,1.72,$29.31,0.95,$1.60,17.43,$1.71,16.27,$15.58B,$11.59B,1.34,$4.45B,$14.95B,0.3,$27.13B,$11.74B,43.29%,$27.13B,$2.08B,7.68%,$27.13B,$2.08B,7.68%,$27.13B,$3.52B,12.96%,$27.13B,$1.54B,5.67%,$27.13B,$1.60B,5.91%,$1.60B,$14.95B,11.58%,$1.60B,$1.17B,364.11%,$1.60B,$35.75B,4.64%,$2.08B,$19.40B,11.02%,$4724,$2606,$2118,$463,$1361,$4446,$278,$-52,$224,$48,$176,$177,$275,$1287,$278,$924,940,$0.30,$0.30,$2695,$3754,$650,$15575,$2385,$210,$13777,$538,$20171,$35747,$11589,$4450,$4686,$9209,$20799,$206,$9111,$0,$14948,$35747,$1650,$1434,$-411,$1024,$-243,$49,$0,$-1003,$-567,$2107,$-800,$-120,$-189,$0,$0,$0,$-183,$-1291,$1042,$-1460,$-417,$373,$373,$-365,$-55,$-465,$629,$0,$-365
3,2016-09-30,26.93,$15.05,1.79,$29.30,0.92,$0.72,37.15,$0.94,28.65,$14.78B,$10.23B,1.45,$5.42B,$13.91B,0.39,$27.08B,$11.37B,41.99%,$27.08B,$1.36B,5.02%,$27.08B,$1.36B,5.02%,$27.08B,$2.85B,10.52%,$27.08B,$0.76B,2.79%,$27.08B,$0.87B,3.22%,$0.87B,$13.91B,6.52%,$0.87B,$0.61B,3290.57%,$0.87B,$34.48B,2.55%,$1.36B,$19.34B,7.37%,$7842,$4370,$3472,$579,$2001,$6940,$902,$-83,$819,$218,$601,$601,$680,$867,$902,$918,929,$0.74,$0.73,$2189,$4193,$2897,$14784,$2450,$212,$13305,$542,$19696,$34480,$10230,$5421,$4867,$10336,$20566,$212,$9058,$0,$13914,$34480,$949,$1049,$-366,$683,$211,$-450,$0,$-719,$-708,$924,$-578,$-89,$-221,$0,$0,$0,$-163,$-1051,$1344,$-1254,$90,$443,$443,$-368,$-55,$110,$104,$0,$-368
4,2016-06-30,22.7,$15.04,1.51,$29.23,0.78,$-0.03,0.0,$0.87,26.09,$14.99B,$10.02B,1.5,$5.95B,$13.94B,0.43,$26.99B,$11.16B,41.35%,$26.99B,$1.20B,4.46%,$26.99B,$1.20B,4.46%,$26.99B,$2.71B,10.05%,$26.99B,$0.71B,2.64%,$26.99B,$0.81B,3.02%,$0.81B,$13.94B,6.21%,$0.81B,$0.40B,-354.68%,$0.81B,$35.12B,2.40%,$1.20B,$19.90B,6.71%,$6579,$3676,$2904,$573,$1800,$6043,$537,$-225,$311,$7,$305,$312,$413,$776,$537,$925,931,$0.45,$0.45,$2295,$4167,$810,$14989,$2525,$233,$13541,$563,$20131,$35120,$10019,$5953,$5150,$11158,$21177,$215,$8806,$0,$13943,$35120,$529,$719,$-218,$501,$160,$-304,$0,$-566,$-659,$371,$-380,$-47,$-49,$0,$0,$0,$-130,$-606,$1349,$-1291,$58,$589,$589,$-316,$-33,$297,$181,$0,$-316
5,2016-03-31,24.24,$13.79,1.76,$29.24,0.83,$-0.52,0.0,$0.69,35.13,$13.39B,$10.86B,1.23,$4.40B,$12.59B,0.35,$26.98B,$11.06B,40.98%,$26.98B,$1.17B,4.32%,$26.98B,$1.17B,4.32%,$26.98B,$2.69B,9.96%,$26.98B,$0.70B,2.61%,$26.98B,$0.64B,2.37%,$0.64B,$12.59B,4.99%,$0.64B,$-0.42B,-117.76%,$0.64B,$32.83B,1.90%,$1.17B,$16.98B,6.74%,$6622,$3754,$2867,$566,$1877,$6197,$425,$-112,$313,$54,$259,$262,$475,$587,$425,$910,918,$0.52,$0.52,$1541,$3973,$2672,$13390,$2447,$226,$13008,$608,$19438,$32828,$10859,$4395,$4845,$9383,$20242,$205,$8816,$0,$12586,$32828,$41,$367,$68,$436,$356,$-246,$0,$-399,$-466,$11,$-171,$-35,$-34,$0,$0,$0,$-73,$-313,$12,$71,$83,$-173,$-173,$0,$0,$-90,$-420,$0,$0
6,2015-12-31,21.61,$14.26,1.51,$29.22,0.74,$-0.86,0.0,$0.78,27.7,$14.09B,$11.18B,1.26,$4.55B,$13.08B,0.35,$26.92B,$10.94B,40.65%,$26.92B,$1.10B,4.09%,$26.92B,$1.10B,4.09%,$26.92B,$2.58B,9.57%,$26.92B,$0.69B,2.57%,$26.92B,$0.72B,2.66%,$0.72B,$13.08B,5.55%,$0.72B,$-0.48B,-96.31%,$0.72B,$34.40B,2.08%,$1.10B,$17.63B,6.32%,$6086,$3587,$2500,$519,$1773,$5867,$220,$-126,$94,$83,$11,$14,$35,$618,$220,$914,925,$0.04,$0.03,$1974,$3845,$607,$14094,$2578,$201,$13565,$683,$20301,$34396,$11180,$4547,$5407,$10136,$21315,$207,$8928,$0,$13081,$34396,$732,$1476,$-527,$948,$179,$24,$0,$-459,$-384,$1296,$-801,$-134,$-1176,$0,$0,$0,$-44,$-2155,$-11,$1378,$1367,$-472,$-472,$-331,$0,$564,$-119,$0,$-331
7,2015-09-30,19.92,$13.95,1.43,$28.30,0.7,$-0.52,0.0,$1.00,19.92,$13.72B,$10.75B,1.28,$4.42B,$12.86B,0.34,$26.06B,$10.57B,40.57%,$26.06B,$0.93B,3.55%,$26.06B,$0.93B,3.55%,$26.06B,$2.33B,8.93%,$26.06B,$0.56B,2.14%,$26.06B,$0.94B,3.60%,$0.94B,$12.86B,7.05%,$0.94B,$-0.42B,-196.64%,$0.94B,$33.59B,2.65%,$0.93B,$17.28B,5.17%,$7793,$4692,$3101,$589,$2389,$7615,$178,$-141,$37,$168,$-131,$-125,$-51,$733,$178,$916,924,$-0.07,$-0.06,$1155,$4463,$728,$13719,$2498,$200,$13270,$661,$19869,$33588,$10753,$4420,$5418,$9980,$20733,$211,$9524,$0,$12855,$33588,$777,$1036,$-490,$546,$254,$-663,$0,$-406,$-1088,$235,$-589,$-108,$-1160,$0,$0,$0,$-62,$-1919,$1249,$71,$1321,$-360,$-360,$-332,$0,$629,$-943,$0,$-332
8,2015-06-30,21.62,$13.76,1.57,$29.23,0.74,$0.06,375.28,$0.48,45.03,$13.78B,$11.05B,1.25,$4.48B,$12.73B,0.35,$26.93B,$10.30B,38.25%,$26.93B,$0.42B,1.57%,$26.93B,$0.42B,1.57%,$26.93B,$1.87B,6.94%,$26.93B,$0.06B,0.23%,$26.93B,$0.44B,1.65%,$0.44B,$12.73B,3.24%,$0.44B,$-0.85B,-240.00%,$0.44B,$34.17B,1.23%,$0.42B,$17.21B,2.30%,$6493,$3798,$2695,$524,$1815,$6113,$381,$-111,$269,$9,$260,$263,$355,$750,$381,$924,928,$0.39,$0.38,$1260,$4395,$829,$13777,$2553,$201,$13587,$696,$20391,$34167,$11051,$4478,$5714,$10383,$21434,$210,$9121,$0,$12733,$34167,$414,$684,$-503,$180,$420,$-433,$0,$-305,$-671,$-77,$-385,$-61,$-1150,$0,$0,$0,$-71,$-1667,$4,$1316,$1321,$-238,$-238,$-280,$0,$803,$-816,$0,$-280
9,2015-03-31,22.57,$14.25,1.58,$29.93,0.75,$0.48,47.24,$0.51,44.25,$14.85B,$12.00B,1.24,$4.65B,$12.98B,0.36,$27.58B,$10.53B,38.18%,$27.58B,$0.49B,1.79%,$27.58B,$0.49B,1.79%,$27.58B,$1.99B,7.21%,$27.58B,$0.11B,0.41%,$27.58B,$0.48B,1.72%,$0.48B,$12.98B,3.34%,$0.48B,$-1.23B,125.33%,$0.48B,$35.89B,1.30%,$0.49B,$17.62B,2.60%,$6608,$3848,$2760,$534,$1841,$6222,$386,$-82,$304,$53,$251,$250,$301,$476,$386,$909,915,$0.33,$0.33,$2023,$4420,$931,$14853,$2646,$195,$14200,$749,$21032,$35885,$12003,$4648,$6139,$10907,$22909,$211,$9834,$0,$12976,$35885,$113,$319,$-565,$-246,$93,$-274,$0,$-135,$-156,$-289,$-179,$-32,$-1203,$0,$0,$0,$-19,$-1433,$-2,$1345,$1343,$-122,$-122,$0,$0,$1221,$-233,$0,$0
10,2014-12-31,23.1,$0.00,0.0,$30.80,0.75,$0.49,46.81,$0.60,38.49,$16.49B,$12.27B,1.35,$4.93B,$14.58B,0.34,$28.44B,$10.91B,38.36%,$28.44B,$0.65B,2.27%,$28.44B,$0.65B,2.27%,$28.44B,$2.25B,7.92%,$28.44B,$0.25B,0.87%,$28.44B,$0.55B,1.94%,$0.55B,$14.58B,3.74%,$0.55B,$0.59B,48.06%,$0.55B,$37.69B,1.52%,$0.65B,$19.51B,3.32%,$6026,$3638,$2388,$492,$1755,$5869,$157,$-76,$81,$35,$46,$72,$112,$368,$157,$912,918,$0.12,$0.12,$2656,$4405,$822,$16491,$2785,$209,$13992,$706,$21197,$37688,$12265,$4934,$5767,$10843,$23109,$249,$11685,$0,$14580,$37688,$546,$1606,$-1138,$468,$-64,$-102,$0,$-66,$718,$1732,$-920,$-152,$-262,$0,$0,$0,$25,$-1308,$-351,$-49,$-400,$-792,$-792,$-388,$0,$-1581,$-787,$0,$-388
11,2014-09-30,25.25,$15.87,1.59,$33.28,0.76,$-0.07,0.0,$1.03,24.52,$15.63B,$12.49B,1.25,$4.76B,$14.60B,0.33,$30.72B,$12.09B,39.34%,$30.72B,$1.61B,5.23%,$30.72B,$1.61B,5.23%,$30.72B,$3.43B,11.16%,$30.72B,$1.20B,3.90%,$30.72B,$0.94B,3.05%,$0.94B,$14.60B,6.31%,$0.94B,$0.75B,62.96%,$0.94B,$37.05B,2.62%,$1.61B,$19.35B,8.27%,$6934,$4203,$2730,$485,$2008,$6932,$2,$-97,$-95,$-23,$-72,$-76,$169,$275,$2,$915,923,$0.16,$0.17,$2444,$5280,$780,$15626,$3679,$210,$13846,$698,$21421,$37047,$12485,$4756,$5012,$9965,$22450,$253,$12675,$0,$14597,$37047,$368,$1239,$-764,$475,$-141,$-721,$0,$-220,$53,$896,$-717,$-77,$-296,$0,$0,$0,$32,$-1058,$27,$60,$86,$-613,$-613,$-387,$0,$-914,$-994,$0,$-387
12,2014-06-30,25.29,$15.97,1.58,$33.42,0.76,$-0.86,0.0,$1.59,15.91,$14.44B,$11.30B,1.28,$4.58B,$14.76B,0.31,$30.80B,$12.79B,41.51%,$30.80B,$2.34B,7.60%,$30.80B,$2.34B,7.60%,$30.80B,$4.22B,13.70%,$30.80B,$1.92B,6.23%,$30.80B,$1.45B,4.70%,$1.45B,$14.76B,9.77%,$1.45B,$1.40B,90.73%,$1.45B,$35.20B,4.07%,$2.34B,$19.33B,12.12%,$7360,$4939,$2422,$528,$1955,$7481,$-121,$-107,$-228,$-50,$-178,$-122,$-138,$870,$-121,$922,928,$-0.15,$-0.15,$2140,$4991,$719,$14442,$3715,$235,$13356,$683,$20757,$35199,$11302,$4576,$4478,$9139,$20441,$262,$13308,$0,$14758,$35199,$521,$844,$-218,$626,$236,$-557,$0,$-735,$-722,$425,$-503,$-44,$-103,$0,$0,$0,$-99,$-749,$-366,$132,$-235,$-469,$-469,$-340,$0,$-1044,$-1413,$0,$-340
13,2014-03-31,26.16,$16.54,1.58,$33.56,0.78,$-1.55,0.0,$1.68,15.57,$14.98B,$11.24B,1.33,$4.54B,$15.11B,0.3,$30.92B,$12.86B,41.58%,$30.92B,$2.55B,8.25%,$30.92B,$2.55B,8.25%,$30.92B,$4.42B,14.29%,$30.92B,$2.13B,6.88%,$30.92B,$1.53B,4.95%,$1.53B,$15.11B,10.44%,$1.53B,$1.85B,112.33%,$1.53B,$35.60B,4.28%,$2.55B,$19.65B,13.32%,$7261,$4270,$2991,$584,$1960,$6806,$455,$-102,$354,$55,$299,$302,$332,$739,$455,$908,917,$0.37,$0.36,$2382,$4727,$714,$14978,$3713,$249,$13257,$746,$20619,$35597,$11244,$4538,$4631,$9244,$20488,$258,$14111,$0,$15110,$35597,$188,$429,$-148,$281,$47,$-332,$0,$-533,$-704,$-236,$-222,$-15,$-25,$0,$0,$0,$0,$-262,$-355,$107,$-248,$-147,$-147,$0,$0,$-395,$-1011,$0,$0
14,2013-12-31,27.5,$15.90,1.73,$33.67,0.82,$-1.68,0.0,$1.69,16.27,$15.24B,$11.26B,1.35,$4.40B,$14.91B,0.3,$30.99B,$12.87B,41.53%,$30.99B,$2.65B,8.54%,$30.99B,$2.65B,8.54%,$30.99B,$4.49B,14.48%,$30.99B,$2.21B,7.12%,$30.99B,$1.55B,5.01%,$1.55B,$14.91B,10.66%,$1.55B,$1.94B,147.40%,$1.55B,$35.28B,4.27%,$2.65B,$19.31B,13.84%,$6880,$4114,$2766,$576,$1882,$6570,$310,$-95,$215,$53,$162,$191,$189,$1544,$310,$914,926,$0.21,$0.21,$3288,$4304,$669,$15241,$3693,$214,$12972,$743,$20037,$35278,$11259,$4395,$4611,$9107,$20366,$250,$13834,$0,$14913,$35278,$1557,$1842,$353,$2196,$-704,$-219,$0,$-359,$-2241,$1512,$-1218,$-65,$90,$0,$0,$0,$-132,$-1324,$-162,$-379,$-541,$-747,$-747,$-361,$0,$-1648,$-1818,$0,$-361
15,2013-09-30,23.99,$15.85,1.51,$34.07,0.7,$0.23,105.32,$0.57,42.09,$15.42B,$12.10B,1.28,$4.47B,$14.51B,0.31,$31.41B,$12.81B,40.79%,$31.41B,$1.78B,5.66%,$31.41B,$1.78B,5.66%,$31.41B,$3.60B,11.45%,$31.41B,$1.22B,3.89%,$31.41B,$0.52B,1.65%,$0.52B,$14.51B,3.59%,$0.52B,$1.19B,71.27%,$0.52B,$36.20B,1.41%,$1.78B,$18.98B,9.32%,$9217,$5311,$3906,$620,$2296,$8254,$962,$-105,$857,$227,$631,$570,$553,$1067,$962,$911,922,$0.59,$0.59,$2708,$5076,$746,$15421,$3726,$219,$13319,$878,$20777,$36197,$12096,$4470,$4987,$9595,$21691,$249,$13122,$0,$14507,$36197,$1007,$1261,$119,$1380,$-558,$-877,$0,$-427,$-2078,$309,$-864,$-23,$106,$0,$0,$0,$-110,$-890,$-158,$-269,$-427,$-669,$-669,$-360,$0,$-1456,$-2384,$0,$-360
16,2013-06-30,20.23,$15.44,1.31,$34.54,0.59,$2.09,9.68,$0.39,51.87,$14.91B,$12.30B,1.21,$4.57B,$14.11B,0.32,$31.96B,$12.96B,40.53%,$31.96B,$1.91B,5.97%,$31.96B,$1.91B,5.97%,$31.96B,$3.69B,11.56%,$31.96B,$1.03B,3.22%,$31.96B,$0.37B,1.15%,$0.37B,$14.11B,2.51%,$0.37B,$0.47B,47.94%,$0.37B,$36.08B,0.99%,$1.91B,$18.68B,9.88%,$7442,$4320,$3122,$579,$1943,$6828,$615,$-122,$493,$143,$350,$358,$374,$1069,$615,$914,922,$0.41,$0.41,$3014,$4831,$787,$14911,$3790,$214,$13640,$833,$21165,$36075,$12296,$4572,$5020,$9673,$21969,$255,$13619,$0,$14106,$36075,$626,$808,$-8,$801,$9,$-518,$0,$-400,$-1562,$-136,$-576,$-10,$111,$0,$0,$0,$-101,$-576,$-9,$-166,$-175,$-636,$-636,$-302,$0,$-1113,$-1994,$0,$-302
17,2013-03-31,21.21,$16.34,1.3,$34.24,0.62,$3.49,6.07,$0.16,132.53,$15.96B,$12.99B,1.23,$4.70B,$14.79B,0.32,$31.77B,$12.40B,39.03%,$31.77B,$1.45B,4.56%,$31.77B,$1.45B,4.56%,$31.77B,$3.26B,10.27%,$31.77B,$0.80B,2.51%,$31.77B,$0.16B,0.49%,$0.16B,$14.79B,1.04%,$0.16B,$0.62B,17.10%,$0.16B,$37.94B,0.42%,$1.45B,$19.49B,7.29%,$7384,$4319,$3065,$543,$1926,$6719,$665,$-102,$563,$158,$405,$423,$414,$807,$665,$906,916,$0.46,$0.46,$4051,$4796,$757,$15960,$3924,$232,$14168,$857,$21984,$37944,$12988,$4702,$5359,$10166,$23154,$252,$14334,$0,$14790,$37944,$214,$404,$-77,$328,$178,$-271,$0,$-231,$-843,$-301,$-266,$-3,$-15,$0,$0,$0,$-92,$-375,$-7,$-25,$-32,$-293,$-293,$0,$0,$-325,$-1014,$0,$0
18,2012-12-31,19.05,$0.00,0.0,$34.64,0.55,$4.95,3.85,$0.29,65.67,$16.11B,$12.80B,1.26,$4.79B,$14.37B,0.33,$32.19B,$12.41B,38.55%,$32.19B,$1.63B,5.07%,$32.19B,$1.63B,5.07%,$32.19B,$3.49B,10.85%,$32.19B,$1.01B,3.13%,$32.19B,$0.27B,0.84%,$0.27B,$14.37B,1.76%,$0.27B,$0.64B,21.61%,$0.27B,$37.40B,0.72%,$1.63B,$19.16B,8.02%,$6945,$4170,$2775,$560,$1836,$6542,$403,$-110,$293,$91,$202,$203,$213,$652,$403,$909,920,$0.24,$0.23,$4931,$4495,$665,$16112,$10134,$228,$13734,$1053,$27615,$37399,$12803,$4791,$5315,$10224,$23028,$246,$13778,$0,$14371,$37399,$297,$1861,$40,$1901,$0,$0,$0,$0,$504,$2827,$-767,$0,$-291,$0,$0,$0,$-116,$-1173,$0,$171,$769,$0,$-988,$-328,$0,$-376,$884,$0,$0
19,2012-09-30,16.83,$0.00,0.0,$33.61,0.5,$3.08,5.47,$0.58,29.01,$15.34B,$11.40B,1.35,$4.80B,$15.12B,0.32,$31.35B,$11.51B,36.71%,$31.35B,$1.50B,4.78%,$31.35B,$1.50B,4.78%,$31.35B,$3.44B,10.98%,$31.35B,$1.46B,4.67%,$31.35B,$0.54B,1.72%,$0.54B,$15.12B,3.36%,$0.54B,$1.33B,34.44%,$0.54B,$36.39B,1.41%,$1.50B,$19.92B,7.14%,$9640,$5789,$3851,$634,$3122,$9545,$95,$129,$-127,$76,$-203,$-475,$-482,$1166,$95,$918,927,$-0.53,$-0.52,$4045,$5094,$914,$15342,$0,$244,$13789,$990,$17301,$36387,$11399,$4802,$4888,$9870,$21269,$239,$14181,$0,$15118,$36387,$733,$1304,$33,$1336,$0,$0,$0,$0,$-698,$1294,$-114,$0,$-259,$0,$0,$-272,$-146,$-791,$0,$210,$765,$0,$-722,$-319,$0,$-66,$106,$0,$0
20,2012-06-30,14.12,$0.00,0.0,$32.81,0.43,$-0.02,0.0,$0.45,31.37,$15.45B,$11.46B,1.35,$5.30B,$15.65B,0.34,$30.80B,$10.98B,35.64%,$30.80B,$0.95B,3.10%,$30.80B,$0.95B,3.10%,$30.80B,$2.90B,9.41%,$30.80B,$1.42B,4.61%,$30.80B,$0.42B,1.36%,$0.42B,$15.65B,2.50%,$0.42B,$1.06B,20.03%,$0.42B,$37.54B,1.08%,$0.95B,$20.95B,4.41%,$7995,$4730,$3265,$552,$1968,$7251,$745,$-118,$299,$80,$219,$221,$221,$638,$745,$929,936,$0.24,$0.24,$4028,$5106,$996,$15449,$0,$261,$14587,$1029,$18180,$37536,$11464,$5298,$4928,$10423,$21888,$267,$16011,$0,$15649,$37536,$535,$883,$33,$916,$0,$0,$0,$0,$-1244,$492,$86,$0,$-243,$0,$0,$0,$-280,$-437,$0,$242,$884,$0,$-568,$-329,$0,$229,$-17,$0,$0
21,2012-03-31,13.86,$0.00,0.0,$32.79,0.42,$-2.24,0.0,$-1.76,0.0,$17.30B,$12.35B,1.4,$5.21B,$16.11B,0.32,$31.11B,$11.41B,36.67%,$31.11B,$1.08B,3.48%,$31.11B,$1.08B,3.48%,$31.11B,$3.13B,10.04%,$31.11B,$-0.64B,-2.05%,$31.11B,$-1.72B,-5.52%,$-1.72B,$16.11B,-9.74%,$-1.72B,$1.95B,-58.03%,$-1.72B,$38.85B,-4.36%,$1.08B,$21.32B,4.90%,$7188,$4679,$2509,$562,$1741,$6982,$206,$-257,$333,$114,$218,$195,$204,$1037,$206,$923,927,$0.22,$0.22,$5539,$5007,$1016,$17303,$0,$261,$14156,$1012,$17685,$38851,$12347,$5211,$5013,$10396,$22743,$265,$17174,$0,$16108,$38851,$326,$451,$80,$531,$0,$0,$0,$0,$-233,$477,$300,$0,$-496,$0,$0,$0,$-130,$-325,$0,$54,$1459,$0,$-202,$0,$0,$1311,$1413,$0,$0
22,2011-12-31,14.27,$0.00,0.0,$32.76,0.44,$-4.25,0.0,$-1.91,0.0,$17.38B,$13.01B,1.34,$4.57B,$17.26B,0.27,$31.33B,$11.93B,38.06%,$31.33B,$1.33B,4.24%,$31.33B,$1.33B,4.24%,$31.33B,$3.36B,10.71%,$31.33B,$-0.71B,-2.26%,$31.33B,$-1.85B,-5.89%,$-1.85B,$17.26B,-10.01%,$-1.85B,$1.92B,-55.04%,$-1.85B,$40.34B,-4.63%,$1.33B,$21.82B,5.90%,$7364,$4581,$2783,$581,$1616,$6778,$586,$-71,$503,$126,$378,$369,$326,$601,$586,$923,927,$0.35,$0.35,$4383,$5049,$1801,$17382,$0,$283,$15338,$758,$18764,$40344,$13013,$4566,$5403,$10076,$23088,$281,$17991,$0,$17255,$40344,$-1798,$2028,$0,$2028,$0,$0,$0,$0,$-1767,$1164,$-832,$0,$-682,$0,$0,$36,$-422,$-1900,$0,$-302,$-891,$0,$-935,$-361,$0,$-2489,$-3741,$0,$0
23,2011-09-30,12.22,$0.00,0.0,$33.95,0.36,$-2.33,0.0,$-1.02,0.0,$16.92B,$11.83B,1.43,$4.15B,$18.32B,0.23,$32.59B,$12.73B,39.06%,$32.59B,$2.35B,7.21%,$32.59B,$2.35B,7.21%,$32.59B,$4.29B,13.15%,$32.59B,$-0.10B,-0.30%,$32.59B,$-1.00B,-3.08%,$-1.00B,$18.32B,-5.25%,$-1.00B,$3.46B,-26.26%,$-1.00B,$39.24B,-2.48%,$2.35B,$22.47B,10.22%,$8799,$5849,$2950,$609,$2380,$8838,$-38,$43,$328,$105,$223,$144,$-212,$623,$-38,$936,939,$-0.23,$-0.23,$3312,$5768,$2025,$16924,$0,$279,$14866,$1002,$18159,$39236,$11833,$4149,$4787,$9083,$20916,$286,$19146,$0,$18320,$39236,$-1601,$1389,$-276,$1113,$0,$0,$0,$0,$-1919,$-1145,$-626,$0,$-442,$0,$0,$0,$-232,$-1300,$0,$-258,$-1208,$0,$0,$-367,$-656,$-2488,$-4947,$0,$0
24,2011-06-30,17.5,$0.00,0.0,$34.53,0.51,$-0.22,0.0,$-0.42,0.0,$17.48B,$11.46B,1.53,$3.89B,$18.87B,0.21,$33.09B,$13.01B,39.30%,$33.09B,$2.78B,8.41%,$33.09B,$2.78B,8.41%,$33.09B,$4.76B,14.39%,$33.09B,$0.42B,1.27%,$33.09B,$-0.43B,-1.30%,$-0.43B,$18.87B,-2.19%,$-0.43B,$4.52B,-10.22%,$-0.43B,$39.05B,-1.04%,$2.78B,$22.76B,11.90%,$7447,$4712,$2735,$551,$1985,$7248,$200,$-135,$255,$91,$164,$177,$102,$864,$200,$959,962,$0.11,$0.11,$4691,$5410,$1843,$17484,$0,$236,$14354,$977,$17444,$39052,$11458,$3889,$4753,$8721,$20179,$291,$19419,$0,$18873,$39052,$-1737,$966,$-501,$465,$0,$0,$0,$0,$-1525,$-1127,$-416,$0,$-338,$0,$0,$0,$-71,$-824,$0,$-102,$-1341,$0,$0,$-373,$89,$-1727,$-3702,$0,$0
25,2011-03-31,21.24,$0.00,0.0,$35.13,0.6,$1.67,12.71,$1.91,11.12,$18.43B,$13.32B,1.38,$3.66B,$19.31B,0.19,$33.49B,$12.98B,38.75%,$33.49B,$2.97B,8.85%,$33.49B,$2.97B,8.85%,$33.49B,$4.82B,14.40%,$33.49B,$2.57B,7.67%,$33.49B,$1.84B,5.48%,$1.84B,$19.31B,9.18%,$1.84B,$3.52B,46.98%,$1.84B,$40.98B,4.33%,$2.97B,$22.97B,12.51%,$7502,$4561,$2940,$548,$2058,$7167,$334,$-2058,$-1724,$66,$-1790,$-1794,$-1934,$1267,$334,$964,970,$-2.01,$-1.99,$6524,$4846,$1720,$18429,$0,$232,$15789,$812,$18619,$40982,$13316,$3657,$4593,$8353,$21669,$269,$20293,$0,$19313,$40982,$189,$436,$-414,$22,$0,$0,$0,$0,$-1217,$-949,$-172,$0,$-107,$0,$0,$0,$-1,$-280,$0,$161,$-357,$0,$0,$0,$23,$-172,$-1450,$0,$0
26,2010-12-31,20.27,$0.00,0.0,$35.61,0.57,$2.71,7.48,$2.01,10.08,$19.39B,$14.29B,1.36,$3.74B,$20.04B,0.19,$33.77B,$12.70B,37.59%,$33.77B,$2.66B,7.87%,$33.77B,$2.66B,7.87%,$33.77B,$4.55B,13.47%,$33.77B,$2.58B,7.64%,$33.77B,$1.91B,5.67%,$1.91B,$20.04B,9.46%,$1.91B,$3.80B,49.15%,$1.91B,$42.85B,4.43%,$2.66B,$23.78B,10.96%,$7583,$4282,$3301,$535,$1936,$6752,$831,$-3,$432,$133,$299,$198,$198,$1532,$831,$947,958,$0.20,$0.20,$7746,$5133,$722,$19385,$0,$240,$16245,$853,$19132,$42853,$14287,$3742,$4555,$8524,$22811,$262,$20587,$0,$20042,$42853,$1928,$1888,$0,$1888,$0,$0,$0,$0,$-676,$2863,$-696,$0,$-296,$0,$0,$-33,$93,$-932,$0,$190,$-11,$0,$86,$-393,$0,$-127,$1922,$0,$0
27,2010-09-30,20.68,$0.00,0.0,$36.55,0.57,$2.15,9.62,$1.75,11.81,$17.23B,$12.82B,1.34,$3.58B,$20.43B,0.18,$34.44B,$14.15B,41.09%,$34.44B,$3.94B,11.44%,$34.44B,$3.94B,11.44%,$34.44B,$5.85B,16.97%,$34.44B,$1.17B,3.40%,$34.44B,$1.67B,4.84%,$1.67B,$20.43B,8.21%,$1.67B,$4.99B,41.53%,$1.67B,$41.87B,3.87%,$3.94B,$24.01B,15.96%,$10061,$6306,$3754,$560,$2208,$9074,$986,$-27,$940,$297,$643,$630,$630,$1099,$986,$946,953,$0.67,$0.66,$5658,$5362,$804,$17231,$0,$234,$15437,$3059,$20420,$41868,$12817,$3584,$4419,$8624,$21441,$254,$21041,$0,$20428,$41868,$1273,$1343,$0,$1343,$0,$0,$0,$0,$-1602,$772,$-516,$0,$63,$0,$0,$0,$-89,$-542,$0,$31,$-17,$0,$72,$-382,$0,$-295,$-1,$0,$0
28,2010-06-30,19.7,$0.00,0.0,$36.98,0.53,$2.39,8.23,$1.31,15.04,$17.25B,$13.83B,1.25,$3.90B,$20.16B,0.19,$34.60B,$14.04B,40.57%,$34.60B,$3.71B,10.73%,$34.60B,$3.71B,10.73%,$34.60B,$5.79B,16.74%,$34.60B,$0.68B,1.95%,$34.60B,$1.25B,3.60%,$1.25B,$20.16B,6.23%,$1.25B,$3.31B,35.81%,$1.25B,$43.79B,2.89%,$3.71B,$24.05B,15.01%,$7945,$4934,$3011,$506,$1873,$7313,$632,$138,$772,$99,$672,$676,$676,$924,$632,$946,954,$0.71,$0.71,$5734,$5013,$1060,$17253,$0,$244,$16846,$3295,$22158,$43788,$13827,$3896,$5245,$9803,$23630,$251,$20122,$0,$20159,$43788,$591,$877,$0,$877,$0,$0,$0,$0,$-281,$753,$-468,$0,$94,$0,$0,$0,$-84,$-458,$0,$29,$-10,$0,$55,$-378,$0,$-304,$137,$0,$0
29,2010-03-31,21.14,$0.00,0.0,$36.90,0.57,$1.17,18.0,$1.04,20.33,$17.18B,$12.88B,1.33,$4.91B,$20.32B,0.24,$34.14B,$12.71B,37.23%,$34.14B,$2.13B,6.23%,$34.14B,$2.13B,6.23%,$34.14B,$4.21B,12.33%,$34.14B,$1.37B,4.00%,$34.14B,$0.98B,2.87%,$0.98B,$20.32B,5.02%,$0.98B,$3.48B,30.90%,$0.98B,$44.17B,2.33%,$2.13B,$25.23B,8.67%,$7900,$4990,$2911,$508,$1887,$7385,$516,$-91,$425,$105,$320,$331,$331,$994,$516,$940,949,$0.36,$0.34,$6082,$4577,$973,$17182,$0,$229,$16841,$3534,$22407,$44166,$12876,$4911,$5361,$10973,$23849,$269,$21507,$0,$20317,$44166,$279,$468,$0,$468,$0,$0,$0,$0,$-667,$39,$-162,$0,$132,$0,$0,$0,$-121,$-151,$0,$17,$-6,$0,$33,$0,$0,$44,$3,$0,$0
30,2009-12-31,18.88,$0.00,0.0,$35.67,0.53,$0.73,25.97,$0.66,28.6,$16.61B,$11.23B,1.48,$5.08B,$20.35B,0.25,$32.91B,$11.84B,35.98%,$32.91B,$1.35B,4.10%,$32.91B,$1.35B,4.10%,$32.91B,$3.40B,10.32%,$32.91B,$0.62B,1.90%,$32.91B,$0.63B,1.90%,$0.63B,$20.35B,3.24%,$0.63B,$4.28B,19.02%,$0.63B,$42.57B,1.51%,$1.35B,$25.43B,5.52%,$7868,$4850,$3019,$520,$1974,$7343,$525,$-82,$444,$175,$269,$277,$277,$2828,$525,$928,936,$0.30,$0.30,$6117,$4062,$874,$16608,$0,$392,$16070,$3234,$21429,$42573,$11227,$5076,$5108,$10992,$22219,$271,$22240,$0,$20354,$42573,$572,$2049,$0,$2049,$0,$0,$0,$0,$-378,$2155,$-555,$0,$-410,$0,$0,$0,$660,$-305,$0,$-351,$435,$0,$40,$-884,$0,$-760,$1068,$0,$0
31,2009-09-30,15.62,$0.00,0.0,$24.17,0.65,$-0.99,0.0,$0.26,60.08,$17.06B,$12.41B,1.37,$5.14B,$19.15B,0.27,$32.42B,$9.86B,30.41%,$32.42B,$-0.97B,-2.98%,$32.42B,$-0.97B,-2.98%,$32.42B,$1.09B,3.37%,$32.42B,$-0.90B,-2.78%,$32.42B,$-2.02B,-6.24%,$-2.02B,$19.15B,-9.99%,$-2.02B,$2.85B,-51.78%,$-2.02B,$41.98B,-4.71%,$-0.97B,$24.29B,-3.81%,$10727,$5517,$5210,$643,$2302,$8462,$2266,$-873,$-470,$169,$-638,$384,$384,$1047,$2266,$927,933,$0.40,$0.40,$5337,$4711,$985,$17055,$0,$386,$16303,$1531,$20175,$41983,$12414,$5142,$5064,$10420,$22834,$277,$21204,$0,$19148,$41983,$227,$1486,$0,$1486,$0,$0,$0,$0,$140,$872,$-397,$0,$-402,$0,$0,$0,$683,$-116,$0,$-76,$379,$0,$30,$-906,$0,$-573,$163,$0,$0
32,2009-06-30,11.81,$0.00,0.0,$15.42,0.77,$-1.50,0.0,$-0.01,0.0,$15.31B,$10.87B,1.41,$5.10B,$18.15B,0.28,$33.85B,$9.89B,29.20%,$33.85B,$-1.42B,-4.20%,$33.85B,$-1.42B,-4.20%,$33.85B,$0.37B,1.09%,$33.85B,$-0.66B,-1.94%,$33.85B,$-1.74B,-5.13%,$-1.74B,$18.15B,-7.79%,$-1.74B,$2.07B,-31.02%,$-1.74B,$39.56B,-3.84%,$-1.42B,$23.25B,-5.20%,$8108,$5209,$2898,$532,$1959,$7701,$407,$-57,$276,$80,$196,$254,$254,$-658,$407,$926,926,$0.27,$0.27,$4888,$4380,$876,$15314,$0,$334,$16081,$1309,$19583,$39559,$10873,$5101,$5170,$10538,$21411,$264,$19961,$0,$18149,$39559,$1397,$846,$-22,$824,$0,$0,$0,$0,$-1734,$-484,$-346,$0,$-7175,$0,$0,$0,$2682,$-4839,$0,$3,$492,$0,$-2837,$-951,$0,$-3293,$-8699,$0,$0
33,2009-03-31,9.54,$0.00,0.0,$7.17,1.33,$-0.58,0.0,$-0.08,0.0,$15.56B,$11.51B,1.35,$5.00B,$19.81B,0.25,$36.52B,$11.69B,32.01%,$36.52B,$-0.01B,-0.02%,$36.52B,$-0.01B,-0.02%,$36.52B,$1.80B,4.93%,$36.52B,$-0.49B,-1.35%,$36.52B,$-0.68B,-1.85%,$-0.68B,$19.81B,-2.69%,$-0.68B,$3.99B,-8.32%,$-0.68B,$41.53B,-1.39%,$-0.01B,$24.81B,-0.03%,$7441,$5855,$1586,$571,$2085,$8511,$-1070,$824,$1115,$114,$1001,$64,$64,$181,$-1070,$902,902,$0.07,$0.07,$5232,$4360,$918,$15561,$0,$313,$15823,$3730,$21413,$41534,$11508,$5003,$4366,$10217,$21725,$254,$21467,$0,$19810,$41534,$-77,$434,$0,$434,$0,$0,$0,$0,$-799,$-400,$-136,$0,$-46,$0,$0,$0,$743,$561,$0,$0,$279,$0,$12,$0,$0,$290,$497,$0,$0
34,2008-12-31,12.0,$0.00,0.0,$8.44,1.42,$-1.05,0.0,$0.31,38.71,$18.93B,$13.13B,1.44,$5.06B,$23.89B,0.21,$38.81B,$12.50B,32.20%,$38.81B,$0.52B,1.35%,$38.81B,$0.52B,1.35%,$38.81B,$2.27B,5.86%,$38.81B,$0.14B,0.35%,$38.81B,$-0.27B,-0.71%,$-0.27B,$23.89B,-0.99%,$-0.27B,$6.72B,-2.60%,$-0.27B,$48.60B,-0.52%,$0.52B,$28.96B,1.60%,$6638,$4490,$2148,$530,$1872,$6892,$-254,$-43,$-297,$-224,$-73,$-75,$-75,$521,$-254,$923,926,$-0.08,$-0.08,$5325,$4959,$2333,$18926,$0,$418,$17175,$6959,$24552,$48603,$13133,$5062,$6447,$11577,$24710,$285,$30228,$0,$23893,$48603,$-274,$1750,$-60,$1690,$0,$0,$0,$0,$335,$2127,$-884,$0,$-7767,$0,$0,$0,$4107,$-4544,$0,$559,$0,$0,$-4791,$-1027,$0,$-5259,$-7733,$0,$0
35,2008-09-30,16.46,$0.00,0.0,$19.11,0.86,$-0.04,0.0,$2.09,7.88,$19.48B,$12.90B,1.51,$4.97B,$27.34B,0.18,$40.05B,$13.18B,32.91%,$40.05B,$1.46B,3.66%,$40.05B,$1.46B,3.66%,$40.05B,$3.52B,8.78%,$40.05B,$4.21B,10.51%,$40.05B,$3.90B,9.74%,$3.90B,$27.34B,13.34%,$3.90B,$9.64B,27.57%,$3.90B,$51.37B,7.39%,$1.46B,$32.31B,4.39%,$10230,$7004,$3225,$569,$2704,$10277,$-48,$-1947,$-1994,$190,$-2184,$-2264,$-2265,$325,$-48,$0,0,$0.00,$0.00,$3707,$6278,$1940,$19482,$0,$473,$17704,$8453,$26630,$51371,$12897,$4970,$6091,$11131,$24028,$304,$34307,$0,$27343,$51371,$1953,$1181,$-65,$1117,$0,$0,$0,$0,$-2003,$-455,$-538,$0,$-7918,$0,$0,$0,$4268,$-4188,$0,$0,$404,$0,$-4349,$-1052,$0,$-4997,$-9670,$0,$0
36,2008-06-30,20.42,$0.00,0.0,$27.31,0.75,$0.29,69.82,$2.51,8.13,$19.59B,$11.68B,1.68,$4.93B,$29.64B,0.17,$39.47B,$13.24B,33.55%,$39.47B,$1.99B,5.05%,$39.47B,$1.99B,5.05%,$39.47B,$3.41B,8.63%,$39.47B,$4.25B,10.76%,$39.47B,$3.82B,9.67%,$3.82B,$29.64B,12.91%,$3.82B,$12.19B,22.97%,$3.82B,$53.11B,7.33%,$1.99B,$34.57B,6.08%,$9545,$6619,$2927,$559,$2417,$9595,$-50,$568,$518,$6,$512,$523,$538,$773,$-50,$0,0,$0.00,$0.00,$3745,$6011,$2276,$19589,$0,$399,$17449,$10319,$28167,$53112,$11679,$4927,$6801,$11794,$23473,$327,$36215,$0,$29639,$53112,$1468,$807,$-23,$783,$0,$0,$0,$0,$-2021,$-728,$-397,$0,$-8234,$0,$0,$0,$3249,$-5381,$0,$569,$0,$0,$-3256,$-1091,$0,$-3778,$-9983,$0,$0
37,2008-03-31,23.16,$0.00,0.0,$34.71,0.67,$-0.46,0.0,$4.41,5.25,$22.01B,$14.94B,1.47,$4.75B,$30.30B,0.16,$37.59B,$12.69B,33.74%,$37.59B,$2.07B,5.50%,$37.59B,$2.07B,5.50%,$37.59B,$3.34B,8.88%,$37.59B,$5.18B,13.77%,$37.59B,$4.81B,12.79%,$4.81B,$30.30B,16.24%,$4.81B,$13.67B,25.45%,$4.81B,$56.84B,9.40%,$2.07B,$35.05B,6.44%,$10102,$6713,$3389,$646,$2399,$9758,$344,$936,$1280,$152,$1128,$1132,$1125,$655,$344,$0,0,$0.00,$0.00,$6976,$5568,$2319,$22013,$0,$377,$16635,$12694,$29707,$56842,$14935,$4750,$6793,$11605,$26540,$325,$34980,$0,$30302,$56842,$328,$377,$-12,$366,$0,$0,$0,$0,$-1471,$-891,$-216,$0,$-7809,$0,$0,$0,$1338,$-6687,$0,$2935,$0,$0,$-1449,$0,$0,$1486,$-6175,$0,$0
38,2007-12-31,25.14,$0.00,0.0,$33.34,0.75,$0.09,285.32,$5.13,4.9,$24.45B,$13.21B,1.85,$1.66B,$29.73B,0.06,$36.50B,$12.34B,33.81%,$36.50B,$2.11B,5.78%,$36.50B,$2.11B,5.78%,$36.50B,$3.28B,8.97%,$36.50B,$6.12B,16.77%,$36.50B,$5.63B,15.41%,$5.63B,$29.73B,19.25%,$5.63B,$21.11B,27.23%,$5.63B,$49.83B,11.44%,$2.11B,$31.39B,6.71%,$8936,$5980,$2956,$613,$2066,$8658,$277,$54,$331,$73,$258,$348,$328,$1765,$277,$1048,1059,$0.31,$0.31,$12022,$4391,$1666,$24446,$10795,$2586,$8622,$9812,$31815,$49826,$13207,$1662,$5171,$6891,$20097,$313,$35041,$0,$29729,$49826,$5714,$1167,$384,$1551,$0,$0,$0,$0,$-1165,$1873,$-795,$0,$265,$0,$0,$0,$5971,$5440,$0,$-217,$-169,$0,$-1985,$-876,$0,$-3247,$3913,$0,$0
39,2007-09-30,26.42,$0.00,0.0,$31.83,0.83,$-0.63,0.0,$3.98,6.64,$20.62B,$13.67B,1.51,$1.66B,$28.59B,0.06,$35.52B,$13.74B,38.67%,$35.52B,$4.74B,13.35%,$35.52B,$4.74B,13.35%,$35.52B,$5.34B,15.03%,$35.52B,$4.50B,12.67%,$35.52B,$4.44B,12.50%,$4.44B,$28.59B,15.31%,$4.44B,$19.52B,21.35%,$4.44B,$48.68B,9.10%,$4.74B,$30.25B,14.92%,$11468,$7562,$3907,$591,$2423,$10575,$893,$957,$2080,$307,$1772,$2453,$1910,$213,$893,$1064,1075,$1.79,$1.78,$7088,$5165,$2051,$20618,$0,$3986,$9066,$10635,$23686,$48679,$13670,$1664,$4586,$6422,$20092,$313,$33163,$0,$28587,$48679,$455,$295,$3,$298,$0,$0,$0,$0,$7,$533,$-166,$0,$-750,$0,$0,$0,$210,$-706,$0,$-181,$0,$0,$-1109,$0,$0,$-1290,$-1514,$0,$0
40,2007-06-30,24.88,$0.00,0.0,$30.40,0.82,$-1.56,0.0,$8.09,3.08,$20.88B,$13.08B,1.6,$1.80B,$29.80B,0.06,$34.61B,$12.96B,37.44%,$34.61B,$4.28B,12.35%,$34.61B,$4.28B,12.35%,$34.61B,$5.05B,14.60%,$34.61B,$4.02B,11.61%,$34.61B,$9.40B,27.16%,$9.40B,$29.80B,31.91%,$9.40B,$21.28B,42.77%,$9.40B,$49.31B,19.10%,$4.28B,$31.60B,13.04%,$8964,$5973,$2991,$566,$1946,$8484,$480,$77,$556,$276,$280,$458,$455,$706,$480,$1081,1092,$0.42,$0.42,$8440,$4537,$1831,$20878,$0,$3904,$8518,$11658,$24079,$49307,$13081,$1797,$4447,$6426,$19507,$307,$32062,$0,$29800,$49307,$3295,$562,$-150,$412,$0,$0,$0,$0,$-1903,$-427,$-412,$0,$-907,$0,$0,$0,$3998,$2678,$0,$0,$-150,$0,$-895,$-861,$0,$-1906,$321,$0,$0
41,2007-03-31,22.4,$0.00,0.0,$31.25,0.72,$-1.95,0.0,$6.50,3.45,$19.29B,$11.88B,1.62,$3.83B,$28.78B,0.13,$35.94B,$13.28B,36.94%,$35.94B,$4.28B,11.91%,$35.94B,$4.28B,11.91%,$35.94B,$5.19B,14.44%,$35.94B,$2.43B,6.76%,$35.94B,$7.66B,21.32%,$7.66B,$28.78B,27.09%,$7.66B,$20.72B,35.60%,$7.66B,$48.91B,15.88%,$4.28B,$32.61B,13.31%,$8223,$5392,$2831,$545,$1870,$7806,$417,$1791,$2208,$160,$2048,$2120,$2115,$592,$417,$1099,1111,$1.92,$1.90,$7737,$4073,$1783,$19285,$0,$3689,$8058,$13746,$25493,$48914,$11875,$3834,$4248,$8260,$20135,$299,$29182,$0,$28779,$48914,$1146,$272,$-134,$139,$0,$0,$0,$0,$-1060,$-363,$-186,$0,$-638,$0,$0,$0,$1450,$626,$0,$3,$0,$0,$-401,$0,$0,$-398,$-153,$0,$0
42,2006-12-31,21.65,$0.00,0.0,$31.09,0.7,$-2.50,0.0,$5.62,3.85,$18.79B,$11.47B,1.64,$3.78B,$28.88B,0.13,$36.96B,$13.50B,36.51%,$36.96B,$4.27B,11.55%,$36.96B,$4.27B,11.55%,$36.96B,$5.32B,14.38%,$36.96B,$1.53B,4.13%,$36.96B,$6.71B,18.15%,$6.71B,$28.88B,24.50%,$6.71B,$21.68B,31.53%,$6.71B,$48.35B,14.11%,$4.27B,$32.66B,13.65%,$7848,$5236,$2612,$532,$1761,$7529,$320,$958,$1277,$109,$1169,$1110,$1146,$3827,$320,$1100,1111,$1.04,$1.03,$7565,$3617,$1662,$18792,$7573,$3740,$7203,$14724,$33241,$48352,$11467,$3776,$4061,$8001,$19468,$286,$27739,$0,$28884,$48352,$6761,$1048,$-4964,$-3916,$0,$0,$0,$0,$-1728,$1073,$-749,$0,$5589,$0,$0,$0,$-83,$4758,$0,$122,$-671,$0,$-3460,$-657,$0,$-4666,$917,$0,$0
