,Date,Stock Price,Book Value per Share,Price to Book Ratio,TTM Sales per Share,Price to Sales Ratio,TTM FCF per Share,Price to FCF Ratio,TTM Net EPS,PE Ratio,Current Assets,Current Liabilities,Current Ratio,Long Term Debt,Shareholder's Equity_x,Debt to Equity Ratio,TTM Revenue_x,TTM Gross Profit,Gross Margin,TTM Revenue_y,TTM Operating Income,Operating Margin,TTM Revenue_x,TTM EBIT,EBIT Margin,TTM Revenue_y,TTM EBITDA,EBITDA Margin,TTM Revenue_x,TTM Pre-Tax Income,Pre-Tax Margin,TTM Revenue_y,TTM Net Income_x,Net Margin,TTM Net Income_y,Shareholder's Equity_y,Return on Equity,TTM Net Income_x,Tangible Equity,Return on Tangible Equity,TTM Net Income_y,Total Assets,Return on Assets,TTM Net Income,LT Investments & Debt,Return on Investment,revenue,cost-goods-sold,gross-profit,research-development-expenses,selling-general-administrative-expenses,operating-expenses,operating-income,total-non-operating-income-expense,pre-tax-income,total-provision-income-taxes,income-after-taxes,income-from-continuous-operations,net-income,ebitda,ebit,basic-shares-outstanding,shares-outstanding,eps-basic-net-earnings-per-share,eps-earnings-per-share-diluted,cash-on-hand,inventory,other-current-assets,total-current-assets,net-property-plant-equipment,long-term-investments,goodwill-intangible-assets-total,other-long-term-assets,total-long-term-assets,total-assets,total-current-liabilities,long-term-debt,other-non-current-liabilities,total-long-term-liabilities,total-liabilities,common-stock-net,retained-earnings-accumulated-deficit,comprehensive-income,total-share-holder-equity,total-liabilities-share-holders-equity,net-income-loss,total-depreciation-amortization-cash-flow,other-non-cash-items,total-non-cash-items,change-in-accounts-receivable,change-in-inventories,change-in-accounts-payable,change-in-assets-liabilities,total-change-in-assets-liabilities,cash-flow-from-operating-activities,net-change-in-property-plant-equipment,net-change-in-intangible-assets,net-acquisitions-divestitures,net-change-in-short-term-investments,net-change-in-long-term-investments,net-change-in-investments-total,investing-activities-other,cash-flow-from-investing-activities,net-long-term-debt,net-current-debt,debt-issuance-retirement-net-total,net-common-equity-issued-repurchased,net-total-equity-issued-repurchased,total-common-preferred-stock-dividends-paid,financial-activities-other,cash-flow-from-financial-activities,net-cash-flow,stock-based-compensation,common-stock-dividends-paid
0,2018-09-30,25.7,$9.85,2.61,$14.53,1.77,$3.32,7.74,$0.27,95.19,$2.14B,$3.25B,0.66,$3.09B,$2.12B,1.46,$3.14B,$2.62B,83.25%,$3.14B,$0.35B,11.21%,$3.14B,$0.35B,11.21%,$3.14B,$1.41B,44.83%,$3.14B,$0.14B,4.36%,$3.14B,$0.14B,4.39%,$0.14B,$2.13B,6.29%,$0.14B,$0.84B,16.04%,$0.14B,$8.81B,1.53%,$0.35B,$5.21B,6.58%,$765,$103,$662,$0,$332,$615,$150,$-44,$106,$22,$85,$85,$84,$327,$150,$217,217,$0.39,$0.39,$1102,$98,$81,$2143,$3642,$979,$1290,$217,$6662,$8805,$3250,$3085,$46,$3428,$6677,$20,$185,$-480,$2128,$8805,$397,$526,$108,$634,$-232,$-32,$93,$-33,$-203,$797,$-731,$0,$31,$98,$-164,$-66,$429,$-336,$76,$0,$76,$0,$0,$-258,$-81,$-263,$230,$0,$-258
1,2018-06-30,23.38,$10.39,2.25,$14.64,1.6,$4.59,5.09,$0.76,30.76,$2.28B,$3.06B,0.75,$3.30B,$2.24B,1.48,$3.17B,$2.59B,81.90%,$3.17B,$0.36B,11.28%,$3.17B,$0.36B,11.28%,$3.17B,$1.44B,45.34%,$3.17B,$0.17B,5.43%,$3.17B,$0.16B,5.06%,$0.16B,$2.25B,7.12%,$0.16B,$0.92B,17.92%,$0.16B,$9.04B,1.77%,$0.36B,$5.55B,6.59%,$797,$113,$684,$0,$343,$619,$178,$-50,$128,$35,$93,$93,$93,$342,$178,$216,216,$0.43,$0.43,$1118,$100,$229,$2281,$3643,$1070,$1321,$171,$6754,$9036,$3062,$3302,$47,$3729,$6790,$21,$252,$-485,$2245,$9036,$297,$350,$60,$410,$-162,$-29,$276,$1,$87,$781,$-597,$0,$-2,$134,$1,$135,$249,$-215,$-56,$0,$-56,$1,$1,$-116,$-50,$-221,$372,$0,$-116
2,2018-03-31,27.84,$10.33,2.69,$14.65,1.9,$5.10,5.46,$1.41,19.74,$1.96B,$3.36B,0.58,$3.11B,$2.19B,1.42,$3.17B,$2.55B,80.37%,$3.17B,$0.36B,11.20%,$3.17B,$0.36B,11.20%,$3.17B,$1.43B,45.12%,$3.17B,$0.32B,9.94%,$3.17B,$0.30B,9.44%,$0.30B,$2.20B,12.98%,$0.30B,$0.86B,32.20%,$0.30B,$9.07B,3.28%,$0.36B,$5.31B,6.51%,$786,$106,$679,$0,$336,$587,$198,$-27,$171,$37,$134,$134,$134,$384,$198,$216,216,$0.62,$0.62,$826,$95,$232,$1961,$3578,$1389,$1346,$225,$7111,$9073,$3363,$3112,$48,$3509,$6872,$21,$163,$-481,$2200,$9073,$171,$186,$-6,$180,$-100,$-21,$88,$1,$-32,$317,$-245,$0,$-2,$-112,$1,$-111,$44,$-314,$-65,$0,$-65,$0,$0,$-0,$-25,$-91,$-71,$0,$-0
3,2017-12-31,29.52,$10.19,2.9,$14.64,2.02,$6.04,4.89,$1.25,23.61,$1.78B,$3.33B,0.53,$3.12B,$2.19B,1.43,$3.17B,$2.49B,78.75%,$3.17B,$0.35B,11.11%,$3.17B,$0.35B,11.11%,$3.17B,$1.40B,44.08%,$3.17B,$0.29B,9.13%,$3.17B,$0.26B,8.34%,$0.26B,$2.20B,11.45%,$0.26B,$0.82B,28.83%,$0.26B,$9.10B,2.88%,$0.35B,$5.32B,6.44%,$793,$204,$590,$0,$140,$967,$-174,$-94,$-268,$-97,$-172,$-172,$-173,$355,$-174,$216,216,$-0.80,$-0.80,$678,$78,$160,$1775,$3701,$1253,$1378,$387,$7322,$9097,$3328,$3122,$49,$3567,$6896,$22,$13,$-379,$2201,$9097,$288,$1044,$91,$1136,$-211,$-11,$92,$-143,$-274,$1111,$-715,$-3,$183,$56,$-2,$55,$63,$-417,$-409,$0,$-409,$0,$0,$-329,$-60,$-798,$-115,$0,$-329
4,2017-09-30,31.32,$10.84,2.89,$14.73,2.13,$5.05,6.21,$2.43,12.89,$1.62B,$2.93B,0.55,$3.14B,$2.33B,1.35,$3.19B,$2.54B,79.66%,$3.19B,$0.64B,20.21%,$3.19B,$0.64B,20.21%,$3.19B,$1.41B,44.16%,$3.19B,$0.55B,17.26%,$3.19B,$0.52B,16.29%,$0.52B,$2.34B,22.29%,$0.52B,$0.97B,56.94%,$0.52B,$8.91B,5.51%,$0.64B,$5.48B,11.69%,$789,$150,$639,$0,$158,$634,$155,$-14,$141,$35,$106,$106,$106,$354,$155,$217,217,$0.49,$0.49,$682,$73,$142,$1621,$3694,$1318,$1374,$404,$7291,$8912,$2927,$3137,$48,$3643,$6570,$22,$182,$-400,$2342,$8912,$549,$516,$-9,$507,$-108,$-7,$-224,$-125,$-463,$539,$-196,$-2,$126,$-94,$-1,$-95,$72,$-95,$-364,$0,$-364,$0,$0,$-324,$-25,$-714,$-263,$0,$-324
5,2017-06-30,33.71,$11.45,2.94,$15.02,2.24,$4.34,7.77,$2.27,14.85,$1.85B,$3.11B,0.6,$3.22B,$2.46B,1.31,$3.25B,$2.55B,78.50%,$3.25B,$0.69B,21.07%,$3.25B,$0.69B,21.07%,$3.25B,$1.42B,43.77%,$3.25B,$0.52B,15.87%,$3.25B,$0.49B,14.92%,$0.49B,$2.47B,21.08%,$0.49B,$1.07B,57.50%,$0.49B,$9.36B,5.05%,$0.69B,$5.69B,12.74%,$801,$161,$639,$0,$189,$625,$176,$95,$271,$38,$233,$233,$232,$337,$176,$216,216,$1.08,$1.08,$901,$65,$165,$1849,$3882,$1271,$1406,$430,$7514,$9363,$3105,$3221,$50,$3785,$6890,$22,$287,$-427,$2473,$9363,$417,$316,$-47,$269,$-69,$4,$-155,$-51,$-270,$393,$-98,$-1,$130,$-137,$0,$-137,$59,$-47,$-335,$0,$-335,$0,$0,$-122,$3,$-454,$-103,$0,$-122
6,2017-03-31,30.7,$10.21,3.01,$15.55,1.97,$3.64,8.43,$1.81,16.96,$1.68B,$3.40B,0.49,$3.16B,$2.20B,1.44,$3.36B,$2.57B,76.43%,$3.36B,$0.72B,21.37%,$3.36B,$0.72B,21.37%,$3.36B,$1.46B,43.52%,$3.36B,$0.42B,12.51%,$3.36B,$0.39B,11.50%,$0.39B,$2.21B,16.95%,$0.39B,$0.80B,49.06%,$0.39B,$9.35B,3.97%,$0.72B,$5.37B,13.71%,$784,$158,$626,$0,$159,$589,$195,$-50,$145,$46,$99,$99,$99,$350,$195,$216,216,$0.46,$0.46,$813,$64,$165,$1676,$3946,$1467,$1402,$331,$7673,$9349,$3403,$3160,$49,$3740,$7142,$22,$47,$-442,$2207,$9349,$145,$155,$57,$212,$-6,$10,$-77,$22,$-51,$303,$-29,$-1,$-58,$-111,$0,$-111,$6,$-194,$-295,$0,$-295,$0,$0,$-0,$41,$-255,$-142,$0,$-0
7,2016-12-31,25.82,$10.60,2.44,$16.12,1.6,$2.82,9.15,$1.96,13.17,$1.81B,$3.84B,0.47,$3.20B,$2.28B,1.41,$3.49B,$2.61B,74.91%,$3.49B,$0.75B,21.59%,$3.49B,$0.75B,21.59%,$3.49B,$1.50B,43.05%,$3.49B,$0.47B,13.36%,$3.49B,$0.42B,12.04%,$0.42B,$2.29B,18.33%,$0.42B,$0.81B,54.81%,$0.42B,$10.03B,4.25%,$0.75B,$5.49B,14.60%,$812,$178,$634,$0,$139,$694,$118,$-125,$-7,$-93,$86,$86,$82,$366,$118,$216,216,$0.39,$0.39,$887,$79,$174,$1814,$4287,$1515,$1483,$349,$8211,$10025,$3840,$3202,$51,$3894,$7735,$23,$73,$-441,$2290,$10025,$466,$747,$220,$967,$-149,$-19,$29,$-229,$-369,$1033,$-852,$-3,$-95,$28,$-74,$-46,$111,$-886,$314,$0,$314,$0,$0,$-485,$-153,$-324,$-163,$0,$-485
8,2016-09-30,33.43,$10.34,3.23,$16.64,2.01,$4.77,7.01,$1.24,26.96,$1.57B,$3.94B,0.4,$2.73B,$2.22B,1.23,$3.60B,$2.78B,77.42%,$3.60B,$0.55B,15.16%,$3.60B,$0.55B,15.16%,$3.60B,$1.30B,36.21%,$3.60B,$0.33B,9.20%,$3.60B,$0.27B,7.45%,$0.27B,$2.23B,11.43%,$0.27B,$0.70B,33.74%,$0.27B,$9.65B,2.71%,$0.55B,$4.96B,10.48%,$854,$202,$653,$0,$173,$658,$196,$-89,$107,$34,$73,$73,$72,$370,$196,$217,217,$0.33,$0.33,$607,$96,$176,$1566,$4228,$1525,$1537,$322,$8082,$9648,$3944,$2729,$58,$3471,$7415,$23,$-14,$-435,$2233,$9648,$472,$499,$202,$701,$-163,$-15,$-45,$-125,$-348,$709,$-520,$-5,$76,$-3,$-21,$-24,$97,$-376,$-151,$0,$-151,$0,$0,$-488,$-127,$-766,$-427,$0,$-488
9,2016-06-30,41.77,$11.12,3.76,$16.81,2.48,$6.39,6.54,$1.57,26.6,$1.68B,$4.04B,0.42,$2.76B,$2.39B,1.15,$3.63B,$2.79B,77.01%,$3.63B,$0.57B,15.68%,$3.63B,$0.57B,15.68%,$3.63B,$1.30B,35.83%,$3.63B,$0.41B,11.27%,$3.63B,$0.34B,9.34%,$0.34B,$2.40B,14.20%,$0.34B,$0.85B,41.04%,$0.34B,$9.96B,3.45%,$0.57B,$5.16B,10.76%,$914,$256,$658,$0,$174,$704,$210,$-35,$176,$41,$134,$134,$134,$378,$210,$216,216,$0.62,$0.62,$648,$121,$176,$1681,$4301,$1633,$1554,$322,$8278,$9959,$4040,$2756,$61,$3517,$7557,$24,$141,$-445,$2402,$9959,$368,$325,$104,$429,$-164,$-34,$131,$-101,$-168,$541,$-398,$-4,$1,$-112,$0,$-112,$1,$-510,$-176,$-0,$-176,$0,$0,$-265,$-83,$-524,$-496,$0,$-265
10,2016-03-31,40.59,$10.36,3.92,$16.99,2.39,$8.92,4.55,$1.92,21.14,$2.03B,$4.07B,0.5,$2.78B,$2.23B,1.25,$3.67B,$2.84B,77.46%,$3.67B,$0.79B,21.64%,$3.67B,$0.79B,21.64%,$3.67B,$1.51B,41.26%,$3.67B,$0.50B,13.63%,$3.67B,$0.41B,11.28%,$0.41B,$2.24B,16.66%,$0.41B,$0.71B,45.78%,$0.41B,$9.88B,4.23%,$0.79B,$5.02B,14.69%,$907,$240,$667,$0,$175,$678,$229,$-39,$190,$58,$132,$132,$132,$387,$229,$216,216,$0.61,$0.61,$1029,$121,$174,$2028,$4295,$1408,$1524,$159,$7853,$9881,$4068,$2777,$80,$3575,$7643,$23,$2,$-432,$2239,$9881,$190,$158,$66,$224,$-111,$-27,$205,$-82,$-15,$377,$-281,$-0,$-3,$-39,$0,$-39,$1,$-322,$-19,$-0,$-19,$0,$0,$-0,$-48,$-67,$-25,$0,$-0
11,2015-12-31,38.74,$0.00,0.0,$17.20,2.25,$9.86,3.93,$2.28,16.99,$2.01B,$3.49B,0.58,$3.17B,$2.50B,1.27,$3.71B,$2.79B,75.15%,$3.71B,$0.86B,23.24%,$3.71B,$0.86B,23.24%,$3.71B,$1.58B,42.54%,$3.71B,$0.59B,15.78%,$3.71B,$0.49B,13.25%,$0.49B,$2.51B,18.97%,$0.49B,$0.92B,49.95%,$0.49B,$10.01B,5.03%,$0.86B,$5.67B,15.71%,$921,$115,$806,$0,$504,$1011,$-90,$-56,$-142,$-63,$-79,$-70,$-70,$167,$-90,$215,215,$-0.32,$-0.32,$1055,$102,$307,$2012,$13924,$1481,$1587,$143,$17617,$10012,$3491,$3168,$294,$4016,$7506,$24,$136,$0,$2506,$10012,$586,$717,$0,$717,$0,$0,$0,$0,$46,$1534,$-934,$0,$-31,$0,$0,$-36,$139,$-863,$0,$-0,$607,$0,$-0,$-716,$-142,$-250,$436,$0,$0
12,2015-09-30,41.83,$0.00,0.0,$12.91,3.24,$7.07,5.91,$2.60,16.09,$1.70B,$3.26B,0.52,$2.90B,$2.39B,1.21,$3.78B,$2.74B,72.64%,$3.78B,$1.99B,52.62%,$3.78B,$1.99B,52.62%,$3.78B,$2.45B,64.80%,$3.78B,$0.90B,23.70%,$3.78B,$0.70B,18.54%,$0.70B,$2.40B,25.66%,$0.70B,$0.82B,63.38%,$0.70B,$9.41B,7.18%,$1.99B,$5.30B,36.20%,$886,$223,$663,$0,$280,$666,$220,$-75,$185,$42,$143,$143,$143,$368,$220,$216,216,$0.66,$0.66,$761,$88,$321,$1695,$0,$1414,$1580,$138,$3535,$9411,$3257,$2899,$346,$3753,$7009,$24,$206,$0,$2402,$9411,$709,$460,$0,$460,$0,$0,$0,$0,$-96,$1037,$-500,$0,$0,$0,$0,$33,$67,$-400,$0,$0,$376,$0,$0,$-708,$-158,$-490,$157,$0,$0
13,2015-06-30,54.95,$0.00,0.0,$13.08,4.2,$4.59,11.98,$2.78,19.77,$1.83B,$3.31B,0.55,$2.85B,$2.78B,1.02,$3.82B,$2.78B,72.95%,$3.82B,$2.01B,52.61%,$3.82B,$2.01B,52.61%,$3.82B,$2.32B,60.79%,$3.82B,$0.95B,24.90%,$3.82B,$0.74B,19.37%,$0.74B,$2.79B,26.11%,$0.74B,$1.16B,62.47%,$0.74B,$9.81B,7.56%,$2.01B,$5.64B,36.22%,$955,$249,$706,$0,$265,$520,$435,$-168,$267,$57,$209,$209,$209,$592,$435,$216,216,$0.97,$0.97,$869,$104,$346,$1831,$0,$1542,$1632,$147,$3709,$9813,$3313,$2845,$352,$3707,$7020,$24,$379,$0,$2793,$9813,$541,$312,$0,$312,$0,$0,$0,$0,$-184,$693,$0,$0,$0,$0,$0,$-36,$-164,$-200,$0,$-60,$13,$0,$0,$124,$-337,$-260,$236,$0,$0
14,2015-03-31,55.12,$0.00,0.0,$13.20,4.18,$3.90,14.14,$2.93,18.81,$2.06B,$3.61B,0.57,$2.69B,$2.66B,1.01,$3.84B,$2.84B,73.85%,$3.84B,$1.85B,48.18%,$3.84B,$1.85B,48.18%,$3.84B,$2.19B,56.93%,$3.84B,$1.00B,26.12%,$3.84B,$0.77B,20.13%,$0.77B,$2.67B,26.92%,$0.77B,$1.04B,63.62%,$0.77B,$9.91B,8.00%,$1.85B,$5.36B,33.70%,$952,$336,$616,$0,$163,$654,$298,$-28,$276,$64,$211,$210,$210,$453,$298,$216,216,$0.97,$0.97,$1062,$89,$367,$2056,$0,$1474,$1635,$138,$3624,$9912,$3614,$2691,$386,$3625,$7239,$25,$171,$0,$2673,$9912,$276,$155,$0,$155,$0,$0,$0,$0,$-99,$363,$-64,$0,$-4,$0,$0,$-25,$115,$23,$0,$0,$116,$0,$0,$-1,$-82,$34,$418,$0,$0
15,2014-12-31,54.24,$0.00,0.0,$13.24,4.1,$4.10,13.23,$2.94,18.45,$1.70B,$3.23B,0.53,$2.61B,$3.03B,0.86,$3.85B,$2.97B,77.09%,$3.85B,$1.85B,48.05%,$3.85B,$1.85B,48.05%,$3.85B,$2.19B,56.94%,$3.85B,$1.00B,25.92%,$3.85B,$0.78B,20.13%,$0.78B,$3.04B,26.96%,$0.78B,$1.40B,63.73%,$0.78B,$9.86B,8.11%,$1.85B,$5.65B,34.08%,$983,$225,$758,$0,$206,$-51,$1034,$-867,$167,$29,$138,$138,$138,$1034,$1034,$0,0,$0.00,$0.00,$624,$84,$333,$1699,$0,$1650,$1646,$139,$3822,$9860,$3228,$2608,$385,$3588,$6817,$25,$385,$0,$3043,$9860,$998,$709,$0,$709,$0,$0,$0,$0,$124,$1492,$-776,$0,$-3,$0,$0,$-445,$56,$-1168,$0,$0,$-355,$0,$4,$-902,$804,$-450,$-119,$0,$0
16,2014-09-30,59.11,$0.00,0.0,$13.24,4.46,$4.10,14.42,$2.94,20.11,$1.47B,$3.11B,0.47,$2.70B,$2.80B,0.97,$3.86B,$2.99B,77.38%,$3.86B,$1.09B,28.26%,$3.86B,$1.09B,28.26%,$3.86B,$1.43B,37.11%,$3.86B,$1.02B,26.40%,$3.86B,$0.78B,20.24%,$0.78B,$2.81B,26.75%,$0.78B,$1.14B,63.03%,$0.78B,$9.53B,8.27%,$1.09B,$5.51B,20.41%,$925,$222,$703,$0,$294,$685,$240,$-33,$240,$58,$182,$182,$182,$240,$240,$216,216,$0.84,$0.84,$557,$78,$337,$1471,$0,$1570,$1674,$181,$3777,$9530,$3110,$2701,$356,$3609,$6718,$25,$250,$0,$2811,$9530,$0,$0,$0,$0,$0,$0,$0,$0,$0,$0,$0,$0,$0,$0,$0,$0,$0,$0,$0,$0,$0,$0,$0,$0,$0,$0,$0,$0,$0
17,2014-06-30,56.58,$0.00,0.0,$13.40,4.22,$4.10,13.8,$3.08,18.37,$1.85B,$2.92B,0.63,$2.47B,$2.95B,0.84,$3.90B,$3.05B,78.25%,$3.90B,$1.14B,29.30%,$3.90B,$1.14B,29.30%,$3.90B,$1.48B,38.07%,$3.90B,$1.03B,26.30%,$3.90B,$0.81B,20.86%,$0.81B,$2.96B,26.89%,$0.81B,$1.29B,61.04%,$0.81B,$9.33B,8.73%,$1.14B,$5.43B,21.46%,$980,$221,$759,$0,$309,$702,$278,$48,$320,$79,$241,$243,$243,$459,$278,$216,216,$1.12,$1.12,$1021,$80,$312,$1845,$0,$1078,$1668,$182,$3257,$9333,$2924,$2474,$442,$3452,$6376,$25,$406,$0,$2957,$9333,$596,$342,$0,$342,$0,$0,$0,$0,$-109,$719,$-175,$0,$-7,$0,$0,$1,$-52,$-232,$0,$0,$454,$0,$0,$-568,$-122,$-235,$249,$0,$0
18,2014-03-31,51.24,$0.00,0.0,$13.55,3.78,$4.63,11.07,$3.13,16.37,$2.16B,$3.43B,0.63,$2.43B,$2.68B,0.91,$3.93B,$3.08B,78.42%,$3.93B,$1.19B,30.24%,$3.93B,$1.19B,30.24%,$3.93B,$1.53B,38.86%,$3.93B,$0.96B,24.54%,$3.93B,$0.82B,20.95%,$0.82B,$2.69B,26.15%,$0.82B,$1.04B,57.70%,$0.82B,$9.52B,8.79%,$1.19B,$5.12B,22.20%,$962,$214,$748,$0,$282,$663,$298,$-15,$271,$61,$209,$212,$212,$459,$298,$216,216,$0.98,$0.98,$1371,$64,$337,$2159,$0,$1028,$1646,$162,$3165,$9519,$3426,$2434,$418,$3406,$6833,$24,$162,$0,$2686,$9519,$271,$161,$0,$161,$0,$0,$0,$0,$-83,$387,$-43,$0,$-4,$0,$0,$-10,$-40,$-97,$0,$0,$417,$0,$0,$-1,$-66,$350,$637,$0,$0
19,2013-12-31,48.36,$0.00,0.0,$13.77,3.51,$4.35,11.13,$3.20,15.11,$1.60B,$3.05B,0.52,$2.10B,$3.23B,0.65,$3.98B,$3.14B,78.92%,$3.98B,$1.21B,30.34%,$3.98B,$1.21B,30.34%,$3.98B,$1.57B,39.50%,$3.98B,$0.98B,24.70%,$3.98B,$0.84B,21.06%,$0.84B,$3.24B,25.54%,$0.84B,$1.50B,55.34%,$0.84B,$9.43B,8.83%,$1.21B,$5.34B,21.98%,$997,$217,$780,$0,$329,$721,$276,$-87,$189,$44,$145,$145,$145,$276,$276,$0,0,$0.00,$0.00,$770,$75,$338,$1597,$0,$1072,$1744,$137,$3288,$9431,$3046,$2099,$421,$3145,$6191,$26,$542,$0,$3241,$9431,$1033,$719,$0,$719,$0,$0,$0,$0,$-48,$1741,$-634,$0,$208,$0,$0,$-51,$-19,$-497,$0,$0,$-1346,$0,$-0,$-892,$827,$-1412,$-151,$0,$0
20,2013-09-30,54.6,$0.00,0.0,$13.77,3.96,$4.35,12.56,$3.20,17.06,$1.49B,$2.81B,0.53,$2.19B,$3.20B,0.69,$3.84B,$2.95B,76.72%,$3.84B,$1.18B,30.65%,$3.84B,$1.18B,30.65%,$3.84B,$1.79B,46.64%,$3.84B,$0.93B,24.27%,$3.84B,$0.84B,21.95%,$0.84B,$3.21B,25.12%,$0.84B,$1.50B,53.19%,$0.84B,$8.99B,8.81%,$1.18B,$5.40B,20.83%,$959,$195,$763,$0,$291,$669,$290,$-42,$245,$37,$208,$208,$213,$290,$290,$216,216,$0.98,$0.98,$701,$66,$333,$1486,$0,$971,$1708,$194,$3096,$8989,$2813,$2190,$177,$2966,$5779,$25,$380,$0,$3210,$8989,$0,$0,$0,$0,$0,$0,$0,$0,$0,$0,$0,$0,$0,$0,$0,$0,$0,$0,$0,$0,$0,$0,$0,$0,$0,$0,$0,$0,$0
21,2013-06-30,53.33,$0.00,0.0,$14.02,3.8,$8.36,6.38,$3.24,16.46,$1.84B,$3.20B,0.57,$2.10B,$3.44B,0.61,$3.89B,$3.01B,77.24%,$3.89B,$1.17B,29.98%,$3.89B,$1.17B,29.98%,$3.89B,$1.96B,50.22%,$3.89B,$0.96B,24.63%,$3.89B,$0.85B,21.83%,$0.85B,$3.45B,25.03%,$0.85B,$1.67B,54.02%,$0.85B,$9.50B,8.74%,$1.17B,$5.55B,20.22%,$1011,$222,$790,$0,$290,$687,$324,$-65,$259,$48,$211,$211,$253,$502,$324,$216,216,$1.17,$1.17,$1044,$67,$311,$1836,$0,$960,$1785,$190,$3119,$9495,$3200,$2095,$179,$2843,$6044,$26,$501,$0,$3451,$9495,$587,$365,$0,$365,$0,$0,$0,$0,$-131,$763,$-106,$0,$-28,$0,$0,$221,$-59,$28,$0,$0,$-32,$0,$-0,$-580,$-145,$-757,$44,$0,$0
22,2013-03-31,55.75,$0.00,0.0,$13.97,3.99,$8.28,6.73,$3.09,18.04,$2.15B,$3.52B,0.61,$2.46B,$3.20B,0.77,$3.88B,$3.11B,80.12%,$3.88B,$1.10B,28.28%,$3.88B,$1.10B,28.28%,$3.88B,$1.92B,49.34%,$3.88B,$0.98B,25.34%,$3.88B,$0.82B,21.07%,$0.82B,$3.21B,24.11%,$0.82B,$1.39B,52.60%,$0.82B,$10.01B,8.51%,$1.10B,$5.66B,18.82%,$1008,$204,$804,$0,$305,$692,$316,$-27,$289,$66,$223,$223,$226,$502,$316,$216,216,$1.05,$1.05,$1002,$62,$669,$2148,$0,$854,$1822,$190,$3050,$10013,$3517,$2455,$186,$3288,$6805,$27,$255,$0,$3208,$10013,$289,$187,$5,$192,$0,$0,$0,$0,$-161,$352,$-70,$0,$-0,$0,$0,$-24,$-25,$-119,$0,$-4,$-139,$0,$-0,$-1,$-40,$-184,$48,$0,$0
23,2012-12-31,46.34,$0.00,0.0,$14.07,3.29,$8.71,5.32,$3.14,14.76,$1.69B,$2.88B,0.59,$2.45B,$3.54B,0.69,$3.91B,$3.12B,79.90%,$3.91B,$1.11B,28.48%,$3.91B,$1.11B,28.48%,$3.91B,$1.92B,49.17%,$3.91B,$1.02B,26.07%,$3.91B,$0.83B,21.25%,$0.83B,$3.55B,24.49%,$0.83B,$1.79B,53.77%,$0.83B,$9.77B,8.79%,$1.11B,$6.00B,19.31%,$862,$273,$589,$0,$127,$615,$247,$-108,$139,$-12,$151,$151,$151,$497,$247,$0,0,$0.00,$0.00,$898,$83,$319,$1690,$0,$801,$1767,$619,$3318,$9769,$2879,$2447,$233,$3338,$6217,$26,$590,$0,$3552,$9769,$1018,$807,$0,$807,$0,$0,$0,$0,$200,$1913,$5,$0,$-37,$0,$0,$21,$-918,$-930,$0,$0,$12,$0,$4,$-879,$-294,$-1157,$-185,$0,$0
24,2012-09-30,49.89,$0.00,0.0,$19.35,2.58,$14.82,3.37,$3.27,15.26,$1.77B,$2.88B,0.62,$2.51B,$3.37B,0.75,$4.03B,$2.85B,70.60%,$4.03B,$0.95B,23.47%,$4.03B,$0.95B,23.47%,$4.03B,$1.68B,41.79%,$4.03B,$0.93B,23.18%,$4.03B,$0.70B,17.44%,$0.70B,$3.37B,20.77%,$0.70B,$1.46B,46.48%,$0.70B,$9.61B,7.56%,$0.95B,$5.88B,16.69%,$1012,$188,$824,$0,$349,$731,$280,$-9,$272,$51,$220,$220,$220,$454,$280,$216,216,$1.02,$1.02,$968,$66,$321,$1770,$0,$810,$1916,$305,$3159,$9614,$2878,$2507,$187,$3362,$6241,$26,$429,$0,$3373,$9614,$892,$557,$0,$557,$0,$0,$0,$0,$-2,$1310,$-441,$0,$-22,$0,$0,$17,$-99,$-544,$0,$0,$331,$0,$1,$-881,$540,$-8,$-177,$0,$0
25,2012-06-30,47.0,$0.00,0.0,$18.93,2.48,$15.86,2.96,$3.41,13.78,$1.57B,$2.57B,0.61,$2.36B,$3.43B,0.69,$3.82B,$2.80B,73.19%,$3.82B,$0.96B,25.06%,$3.82B,$0.96B,25.06%,$3.82B,$1.69B,44.26%,$3.82B,$0.95B,24.82%,$3.82B,$0.70B,18.36%,$0.70B,$3.44B,23.03%,$0.70B,$1.59B,44.17%,$0.70B,$9.05B,8.30%,$0.96B,$5.80B,18.71%,$1001,$106,$894,$0,$433,$746,$255,$27,$284,$63,$221,$221,$221,$463,$255,$216,216,$1.02,$1.02,$767,$68,$350,$1567,$0,$745,$1846,$269,$2980,$9054,$2571,$2357,$144,$3045,$5615,$26,$511,$0,$3439,$9054,$610,$383,$0,$383,$0,$0,$0,$0,$-22,$844,$-205,$0,$0,$0,$0,$16,$-105,$-293,$0,$-38,$-64,$0,$-133,$-562,$-87,$-884,$-339,$0,$0
26,2012-03-31,45.95,$0.00,0.0,$18.69,2.46,$16.43,2.8,$3.69,12.45,$1.94B,$3.31B,0.59,$2.16B,$3.18B,0.68,$3.65B,$2.70B,74.10%,$3.65B,$1.05B,28.80%,$3.65B,$1.05B,28.80%,$3.65B,$1.73B,47.41%,$3.65B,$0.98B,26.97%,$3.65B,$0.73B,19.90%,$0.73B,$3.19B,26.68%,$0.73B,$1.34B,43.81%,$0.73B,$9.33B,9.35%,$1.05B,$5.35B,22.76%,$1030,$216,$813,$0,$308,$700,$330,$7,$323,$88,$235,$238,$238,$506,$330,$216,216,$1.10,$1.10,$1113,$66,$386,$1938,$0,$514,$1852,$407,$2892,$9327,$3308,$2161,$126,$2826,$6134,$25,$287,$0,$3193,$9327,$323,$176,$0,$176,$0,$0,$0,$0,$-66,$433,$-58,$0,$0,$0,$0,$-64,$-9,$-131,$0,$-24,$-84,$0,$0,$-1,$-173,$-282,$17,$0,$0
27,2011-12-31,40.87,$0.00,0.0,$18.18,2.25,$16.86,2.42,$3.89,10.51,$1.74B,$2.82B,0.62,$2.12B,$3.43B,0.62,$3.42B,$2.67B,77.92%,$3.42B,$1.06B,31.02%,$3.42B,$1.06B,31.02%,$3.42B,$1.72B,50.12%,$3.42B,$0.99B,28.91%,$3.42B,$0.73B,21.44%,$0.73B,$3.53B,30.75%,$0.73B,$1.66B,42.64%,$0.73B,$9.18B,10.32%,$1.06B,$5.65B,25.28%,$987,$673,$314,$0,$52,$906,$81,$-250,$55,$31,$24,$24,$24,$261,$81,$187,187,$0.13,$0.13,$1090,$89,$179,$1735,$0,$444,$1871,$403,$2857,$9179,$2818,$2118,$119,$2829,$5648,$25,$609,$0,$3531,$9179,$990,$655,$0,$655,$0,$0,$0,$0,$192,$1838,$-697,$0,$-18,$0,$0,$8,$17,$-689,$0,$41,$65,$0,$0,$-965,$-73,$-933,$218,$0,$0
28,2011-09-30,35.13,$0.00,0.0,$17.17,2.05,$16.56,2.12,$4.75,7.4,$1.33B,$2.07B,0.64,$1.65B,$1.93B,0.86,$3.25B,$3.26B,100.37%,$3.25B,$1.19B,36.60%,$3.25B,$1.19B,36.60%,$3.25B,$1.81B,55.70%,$3.25B,$1.18B,36.48%,$3.25B,$0.90B,27.63%,$0.90B,$2.03B,43.81%,$0.90B,$1.76B,50.25%,$0.90B,$6.27B,14.09%,$1.19B,$3.68B,31.64%,$805,$28,$777,$0,$318,$513,$292,$10,$287,$69,$219,$219,$219,$462,$292,$189,189,$1.16,$1.16,$782,$67,$110,$1330,$0,$617,$268,$237,$1248,$6271,$2070,$1649,$165,$2170,$4240,$22,$596,$0,$2031,$6271,$948,$474,$0,$474,$0,$0,$0,$0,$0,$1292,$-336,$0,$0,$0,$0,$4,$-6,$-337,$0,$0,$6,$0,$0,$-975,$-80,$-1049,$-93,$0,$0
29,2011-06-30,37.1,$0.00,0.0,$16.99,2.18,$15.89,2.33,$4.80,7.73,$1.44B,$2.04B,0.71,$1.66B,$2.03B,0.82,$3.22B,$3.23B,100.43%,$3.22B,$1.21B,37.53%,$3.22B,$1.21B,37.53%,$3.22B,$1.82B,56.38%,$3.22B,$1.20B,37.28%,$3.22B,$0.91B,28.27%,$0.91B,$2.13B,44.74%,$0.91B,$1.86B,51.41%,$0.91B,$6.30B,14.52%,$1.21B,$3.79B,31.98%,$827,$27,$800,$0,$298,$478,$348,$-30,$319,$73,$245,$245,$245,$501,$348,$187,189,$1.31,$1.30,$911,$59,$120,$1436,$0,$600,$264,$245,$1237,$6298,$2037,$1664,$157,$2134,$4170,$22,$718,$0,$2128,$6298,$652,$304,$0,$304,$0,$0,$0,$0,$-60,$803,$-139,$0,$0,$0,$0,$0,$-8,$-146,$0,$0,$106,$0,$0,$-623,$-94,$-610,$46,$0,$0
30,2011-03-31,36.73,$0.00,0.0,$16.90,2.17,$15.01,2.45,$4.70,7.81,$1.83B,$2.54B,0.72,$1.83B,$1.76B,1.04,$3.20B,$3.15B,98.22%,$3.20B,$1.21B,37.78%,$3.20B,$1.21B,37.78%,$3.20B,$1.82B,56.70%,$3.20B,$1.20B,37.40%,$3.20B,$0.89B,27.82%,$0.89B,$1.86B,44.03%,$0.89B,$1.60B,50.79%,$0.89B,$6.69B,14.48%,$1.21B,$3.68B,31.80%,$805,$28,$777,$0,$283,$464,$341,$-12,$329,$83,$246,$246,$246,$492,$341,$189,189,$1.30,$1.30,$1296,$55,$136,$1832,$0,$578,$261,$242,$1205,$6694,$2538,$1825,$173,$2297,$4835,$22,$467,$0,$1858,$6694,$329,$151,$0,$151,$0,$0,$0,$0,$-11,$477,$-67,$0,$0,$0,$0,$1,$4,$-62,$0,$0,$98,$0,$0,$-1,$-69,$28,$442,$0,$0
31,2010-12-31,37.49,$0.00,0.0,$16.92,2.22,$14.52,2.58,$4.74,7.91,$1.37B,$1.83B,0.75,$1.69B,$2.07B,0.82,$3.21B,$3.10B,96.69%,$3.21B,$1.23B,38.20%,$3.21B,$1.23B,38.20%,$3.21B,$1.82B,56.75%,$3.21B,$1.20B,37.32%,$3.21B,$0.90B,28.00%,$0.90B,$2.17B,44.53%,$0.90B,$1.92B,51.53%,$0.90B,$6.20B,14.83%,$1.23B,$3.86B,32.36%,$809,$-95,$904,$0,$548,$603,$207,$65,$249,$58,$192,$187,$187,$353,$207,$189,189,$0.99,$0.99,$833,$49,$125,$1374,$0,$563,$256,$227,$1183,$6195,$1833,$1692,$171,$2190,$4024,$21,$816,$0,$2172,$6195,$1197,$595,$0,$595,$0,$0,$0,$0,$54,$1723,$-622,$0,$0,$0,$0,$-67,$170,$-519,$0,$-51,$-115,$0,$0,$-916,$-152,$-1234,$-37,$0,$0
32,2010-09-30,38.51,$0.00,0.0,$17.01,2.26,$14.06,2.74,$4.87,7.91,$1.18B,$1.65B,0.72,$1.79B,$1.88B,0.95,$3.22B,$2.93B,91.06%,$3.22B,$1.39B,43.00%,$3.22B,$1.39B,43.00%,$3.22B,$1.97B,61.25%,$3.22B,$1.21B,37.41%,$3.22B,$0.92B,28.62%,$0.92B,$1.98B,46.18%,$0.92B,$1.70B,53.67%,$0.92B,$5.89B,15.41%,$1.39B,$3.77B,36.48%,$778,$26,$752,$0,$285,$466,$312,$-9,$303,$71,$232,$232,$232,$469,$312,$191,191,$1.21,$1.21,$681,$50,$113,$1180,$0,$552,$275,$227,$1196,$5885,$1645,$1793,$134,$2262,$3907,$21,$631,$0,$1978,$5885,$955,$449,$0,$449,$0,$0,$0,$0,$-85,$1199,$-361,$0,$-0,$0,$0,$2,$15,$-344,$0,$-50,$-27,$0,$-0,$-909,$-116,$-1103,$-253,$0,$0
33,2010-06-30,31.77,$0.00,0.0,$16.85,1.89,$13.98,2.27,$4.78,6.65,$1.17B,$1.50B,0.78,$1.82B,$1.99B,0.91,$3.19B,$2.84B,89.01%,$3.19B,$1.41B,44.15%,$3.19B,$1.41B,44.15%,$3.19B,$1.97B,61.80%,$3.19B,$1.21B,37.82%,$3.19B,$0.91B,28.33%,$0.91B,$2.09B,45.86%,$0.91B,$1.80B,53.08%,$0.91B,$5.84B,15.32%,$1.41B,$3.90B,37.66%,$811,$98,$713,$0,$213,$461,$350,$-33,$317,$90,$226,$226,$226,$502,$350,$189,189,$1.20,$1.20,$654,$57,$121,$1172,$0,$519,$285,$211,$1159,$5841,$1501,$1817,$103,$2254,$3755,$21,$730,$0,$2086,$5841,$649,$292,$0,$292,$0,$0,$0,$0,$-169,$704,$-206,$0,$-0,$0,$0,$70,$8,$-128,$0,$0,$-126,$0,$-0,$-582,$-79,$-787,$-209,$0,$0
34,2010-03-31,33.21,$0.00,0.0,$16.49,2.01,$13.98,2.37,$4.69,7.08,$1.63B,$2.25B,0.73,$1.78B,$1.73B,1.02,$3.16B,$2.81B,88.95%,$3.16B,$1.40B,44.44%,$3.16B,$1.40B,44.44%,$3.16B,$1.95B,61.70%,$3.16B,$1.21B,38.21%,$3.16B,$0.90B,28.40%,$0.90B,$1.83B,45.46%,$0.90B,$1.55B,52.13%,$0.90B,$6.30B,15.41%,$1.40B,$3.61B,38.42%,$809,$77,$732,$0,$235,$453,$356,$-15,$328,$80,$248,$253,$253,$496,$356,$189,189,$1.34,$1.34,$1126,$55,$119,$1632,$0,$504,$279,$213,$1156,$6301,$2250,$1776,$108,$2221,$4471,$21,$497,$0,$1830,$6301,$328,$141,$0,$141,$0,$0,$0,$0,$-46,$427,$-109,$0,$0,$0,$0,$68,$5,$-36,$0,$0,$-73,$0,$-0,$-2,$-37,$-112,$275,$0,$0
35,2009-12-31,33.48,$0.00,0.0,$16.25,2.06,$13.55,2.47,$4.40,7.61,$1.36B,$1.56B,0.87,$1.82B,$2.00B,0.91,$3.12B,$2.82B,90.47%,$3.12B,$1.36B,43.57%,$3.12B,$1.36B,43.57%,$3.12B,$1.91B,61.15%,$3.12B,$1.16B,37.15%,$3.12B,$0.84B,27.05%,$0.84B,$2.09B,42.34%,$0.84B,$1.82B,48.07%,$0.84B,$5.91B,14.88%,$1.36B,$3.91B,38.13%,$823,$87,$736,$0,$231,$456,$367,$-137,$257,$54,$203,$211,$211,$506,$367,$189,189,$1.12,$1.12,$889,$46,$112,$1358,$0,$507,$275,$206,$1151,$5911,$1559,$1816,$112,$2260,$3820,$20,$796,$0,$2092,$5911,$1157,$548,$0,$548,$0,$0,$0,$0,$-72,$1570,$-558,$0,$-190,$0,$0,$-311,$22,$-1037,$0,$37,$556,$0,$-37,$-829,$-155,$-428,$98,$0,$0
36,2009-09-30,30.37,$0.00,0.0,$16.02,1.9,$14.74,2.06,$4.16,7.3,$1.20B,$1.58B,0.76,$1.68B,$1.79B,0.94,$3.08B,$2.83B,92.04%,$3.08B,$1.44B,46.91%,$3.08B,$1.44B,46.91%,$3.08B,$2.00B,65.07%,$3.08B,$1.17B,37.88%,$3.08B,$0.80B,25.93%,$0.80B,$1.89B,38.45%,$0.80B,$1.65B,43.20%,$0.80B,$5.57B,14.19%,$1.44B,$3.56B,40.96%,$751,$89,$662,$0,$194,$414,$337,$-25,$306,$88,$218,$215,$215,$470,$337,$192,192,$1.12,$1.12,$596,$50,$76,$1201,$0,$532,$234,$86,$1037,$5570,$1578,$1676,$170,$2108,$3686,$20,$586,$0,$1885,$5570,$898,$409,$0,$409,$0,$0,$0,$0,$-68,$1177,$-351,$0,$-145,$0,$0,$-273,$14,$-756,$0,$36,$357,$0,$-36,$-819,$-98,$-560,$-141,$0,$0
37,2009-06-30,28.47,$0.00,0.0,$15.98,1.78,$15.23,1.87,$3.81,7.47,$1.58B,$1.39B,1.14,$1.46B,$1.99B,0.73,$3.12B,$2.93B,94.03%,$3.12B,$1.37B,43.98%,$3.12B,$1.37B,43.98%,$3.12B,$1.91B,61.41%,$3.12B,$1.11B,35.58%,$3.12B,$0.74B,23.71%,$0.74B,$2.09B,34.32%,$0.74B,$1.86B,38.67%,$0.74B,$5.50B,13.34%,$1.37B,$3.54B,39.44%,$776,$96,$680,$0,$199,$432,$344,$-19,$316,$96,$219,$218,$218,$477,$344,$197,197,$1.11,$1.11,$965,$56,$104,$1583,$0,$86,$222,$85,$575,$5496,$1385,$1459,$244,$2026,$3411,$20,$682,$0,$2085,$5496,$595,$276,$0,$276,$0,$0,$0,$0,$-117,$721,$-201,$0,$-2,$0,$0,$75,$13,$-115,$0,$42,$141,$0,$-35,$-520,$-71,$-443,$164,$0,$0
38,2009-03-31,25.27,$0.00,0.0,$16.65,1.52,$16.44,1.54,$3.75,6.74,$1.81B,$1.97B,0.92,$1.33B,$1.81B,0.73,$3.25B,$3.13B,96.25%,$3.25B,$1.36B,41.67%,$3.25B,$1.36B,41.67%,$3.25B,$1.91B,58.67%,$3.25B,$1.12B,34.36%,$3.25B,$0.73B,22.40%,$0.73B,$1.90B,32.38%,$0.73B,$1.68B,36.61%,$0.73B,$5.69B,13.12%,$1.36B,$3.23B,38.62%,$767,$25,$742,$0,$289,$457,$310,$-25,$279,$73,$206,$199,$199,$453,$310,$190,190,$1.05,$1.05,$1137,$56,$152,$1807,$0,$49,$220,$79,$540,$5690,$1974,$1329,$219,$1813,$3787,$20,$469,$0,$1903,$5690,$279,$143,$0,$143,$0,$0,$0,$0,$-163,$318,$-82,$0,$-1,$0,$0,$104,$12,$34,$0,$0,$45,$0,$-35,$-10,$13,$13,$367,$0,$0
39,2008-12-31,25.29,$0.00,0.0,$17.18,1.47,$17.66,1.43,$4.07,6.21,$1.50B,$1.48B,1.01,$1.34B,$2.33B,0.57,$3.36B,$3.24B,96.49%,$3.36B,$1.41B,42.08%,$3.36B,$1.41B,42.08%,$3.36B,$1.98B,59.02%,$3.36B,$1.24B,36.82%,$3.36B,$0.79B,23.54%,$0.79B,$2.43B,33.14%,$0.79B,$2.19B,37.50%,$0.79B,$5.73B,13.90%,$1.41B,$3.77B,38.68%,$784,$35,$749,$0,$170,$331,$453,$-181,$265,$93,$172,$166,$166,$603,$453,$190,190,$0.88,$0.88,$954,$47,$137,$1499,$0,$55,$237,$84,$595,$5733,$1483,$1337,$215,$1822,$3305,$21,$844,$0,$2428,$5733,$1237,$569,$0,$569,$0,$0,$0,$0,$8,$1777,$-531,$0,$0,$0,$0,$142,$3,$-386,$0,$-15,$100,$0,$0,$-843,$-274,$-1032,$369,$0,$0
40,2008-09-30,30.35,$0.00,0.0,$17.49,1.73,$17.24,1.76,$4.39,6.91,$1.09B,$1.43B,0.76,$1.17B,$2.10B,0.56,$3.43B,$3.16B,92.09%,$3.43B,$1.36B,39.67%,$3.43B,$1.36B,39.67%,$3.43B,$2.02B,58.96%,$3.43B,$1.40B,40.75%,$3.43B,$0.86B,24.97%,$0.86B,$2.20B,35.82%,$0.86B,$1.91B,40.62%,$0.86B,$5.25B,15.34%,$1.36B,$3.36B,37.59%,$790,$30,$760,$0,$363,$526,$264,$-4,$249,$92,$157,$156,$156,$381,$264,$204,204,$0.77,$0.77,$634,$52,$77,$1091,$0,$58,$288,$88,$660,$5248,$1434,$1168,$219,$1618,$3052,$21,$637,$0,$2196,$5248,$914,$419,$0,$419,$0,$0,$0,$0,$61,$1328,$-350,$0,$0,$0,$0,$534,$-339,$-155,$0,$0,$74,$0,$-99,$-819,$-228,$-1072,$113,$0,$0
41,2008-06-30,28.01,$0.00,0.0,$17.41,1.61,$17.12,1.64,$4.72,5.93,$1.22B,$1.42B,0.86,$1.21B,$2.38B,0.51,$3.37B,$3.11B,92.15%,$3.37B,$1.39B,41.08%,$3.37B,$1.39B,41.08%,$3.37B,$2.07B,61.41%,$3.37B,$1.45B,43.09%,$3.37B,$0.91B,27.06%,$0.91B,$2.48B,37.90%,$0.91B,$2.19B,43.00%,$0.91B,$5.55B,16.55%,$1.39B,$3.68B,37.88%,$913,$33,$881,$0,$401,$585,$329,$81,$325,$114,$211,$208,$208,$472,$329,$198,198,$1.05,$1.05,$782,$40,$82,$1217,$0,$62,$294,$88,$688,$5549,$1418,$1205,$218,$1653,$3071,$22,$828,$0,$2479,$5549,$704,$302,$0,$302,$0,$0,$0,$0,$48,$945,$-184,$0,$0,$0,$0,$-46,$29,$-201,$0,$1,$-12,$0,$-83,$-548,$-89,$-732,$19,$0,$0
42,2008-03-31,34.85,$0.00,0.0,$16.48,2.11,$16.45,2.12,$4.60,7.58,$1.68B,$1.85B,0.91,$1.37B,$2.34B,0.59,$3.18B,$2.91B,91.72%,$3.18B,$1.30B,41.04%,$3.18B,$1.30B,41.04%,$3.18B,$2.01B,63.37%,$3.18B,$1.40B,44.09%,$3.18B,$0.88B,27.84%,$0.88B,$2.44B,36.96%,$0.88B,$2.16B,42.00%,$0.88B,$6.24B,16.35%,$1.30B,$3.81B,35.52%,$873,$22,$852,$0,$325,$506,$368,$44,$398,$137,$261,$261,$261,$527,$368,$191,191,$1.37,$1.37,$1252,$43,$88,$1676,$0,$66,$289,$83,$720,$6236,$1851,$1365,$302,$1941,$3792,$23,$653,$0,$2444,$6236,$398,$159,$0,$159,$0,$0,$0,$0,$11,$545,$-74,$0,$0,$0,$0,$-248,$5,$-318,$0,$2,$54,$0,$-8,$-1,$-50,$-4,$223,$0,$0
43,2007-12-31,37.96,$0.00,0.0,$15.47,2.45,$16.03,2.37,$4.17,9.1,$1.09B,$1.06B,1.03,$1.17B,$2.34B,0.5,$3.00B,$2.73B,91.09%,$3.00B,$1.21B,40.53%,$3.00B,$1.21B,40.53%,$3.00B,$1.88B,62.70%,$3.00B,$1.28B,42.67%,$3.00B,$0.81B,26.91%,$0.81B,$2.44B,34.73%,$0.81B,$2.18B,39.45%,$0.81B,$5.28B,15.65%,$1.21B,$3.62B,33.76%,$852,$188,$664,$0,$38,$453,$399,$-320,$425,$136,$289,$231,$231,$641,$399,$192,192,$1.20,$1.20,$703,$26,$83,$1090,$0,$52,$258,$74,$686,$5283,$1061,$1174,$319,$1781,$2843,$21,$878,$0,$2441,$5283,$1278,$664,$0,$664,$0,$0,$0,$0,$-28,$1703,$-525,$0,$0,$0,$0,$-177,$13,$-689,$0,$7,$-192,$0,$2,$-626,$-177,$-986,$13,$0,$0
44,2007-09-30,32.25,$0.00,0.0,$14.64,2.2,$14.52,2.22,$3.70,8.72,$0.80B,$0.98B,0.82,$1.26B,$2.17B,0.58,$2.79B,$2.51B,90.00%,$2.79B,$1.17B,41.96%,$2.79B,$1.17B,41.96%,$2.79B,$1.70B,60.80%,$2.79B,$1.16B,41.53%,$2.79B,$0.71B,25.30%,$0.71B,$2.27B,31.41%,$0.71B,$1.97B,37.18%,$0.71B,$4.99B,13.71%,$1.17B,$3.53B,32.72%,$736,$24,$712,$0,$286,$446,$290,$20,$306,$94,$212,$213,$213,$432,$290,$194,194,$1.10,$1.10,$438,$36,$102,$800,$0,$51,$300,$50,$704,$4993,$979,$1255,$476,$1743,$2722,$21,$670,$0,$2271,$4993,$876,$421,$0,$421,$0,$0,$0,$0,$10,$1215,$-307,$0,$0,$0,$0,$-134,$12,$-428,$0,$6,$-236,$0,$1,$-622,$-112,$-963,$-184,$0,$0
45,2007-06-30,27.56,$0.00,0.0,$14.11,1.95,$13.89,1.98,$3.71,7.43,$0.97B,$0.92B,1.06,$1.31B,$2.32B,0.57,$2.68B,$2.40B,89.60%,$2.68B,$1.08B,40.38%,$2.68B,$1.08B,40.38%,$2.68B,$1.63B,60.89%,$2.68B,$1.07B,39.71%,$2.68B,$0.71B,26.40%,$0.71B,$2.41B,32.96%,$0.71B,$2.11B,39.03%,$0.71B,$5.12B,13.88%,$1.08B,$3.72B,31.04%,$714,$30,$684,$0,$276,$468,$246,$11,$271,$89,$183,$179,$179,$412,$246,$194,194,$0.93,$0.93,$641,$31,$97,$972,$0,$29,$302,$46,$707,$5118,$917,$1310,$468,$1789,$2706,$20,$863,$0,$2412,$5118,$556,$279,$0,$279,$0,$0,$0,$0,$5,$813,$-199,$0,$0,$0,$0,$-233,$6,$-425,$0,$1,$-184,$0,$1,$0,$-288,$-470,$-87,$0,$0
46,2007-03-31,25.44,$0.00,0.0,$14.11,1.8,$13.26,1.92,$3.57,7.13,$1.13B,$1.27B,0.89,$1.37B,$2.07B,0.66,$2.57B,$2.30B,89.40%,$2.57B,$0.98B,38.06%,$2.57B,$0.98B,38.06%,$2.57B,$1.51B,58.90%,$2.57B,$0.94B,36.42%,$2.57B,$0.66B,25.59%,$0.66B,$2.16B,33.57%,$0.66B,$1.91B,39.04%,$0.66B,$5.21B,13.15%,$0.98B,$3.52B,29.02%,$693,$25,$668,$0,$275,$415,$279,$7,$276,$95,$181,$183,$183,$393,$279,$195,195,$0.94,$0.94,$796,$26,$99,$1129,$0,$28,$249,$43,$674,$5208,$1270,$1365,$408,$1780,$3050,$20,$660,$0,$2158,$5208,$276,$114,$0,$114,$0,$0,$0,$0,$99,$518,$-120,$0,$0,$0,$0,$-165,$2,$-283,$0,$-0,$-88,$0,$0,$0,$-35,$-123,$113,$0,$0
47,2006-12-31,24.11,$0.00,0.0,$13.58,1.77,$12.33,1.96,$3.52,6.85,$1.05B,$1.13B,0.92,$1.39B,$2.04B,0.69,$2.44B,$2.17B,88.91%,$2.44B,$0.90B,36.70%,$2.44B,$0.90B,36.70%,$2.44B,$1.47B,60.02%,$2.44B,$0.88B,35.88%,$2.44B,$0.64B,26.23%,$0.64B,$2.15B,35.86%,$0.64B,$1.61B,41.05%,$0.64B,$5.28B,13.07%,$0.90B,$3.54B,27.40%,$648,$200,$448,$0,$-16,$292,$356,$-174,$306,$120,$185,$131,$131,$460,$356,$180,179,$0.73,$0.73,$504,$25,$315,$1047,$0,$15,$545,$81,$955,$5284,$1133,$1393,$388,$2000,$3133,$19,$250,$0,$2151,$5284,$672,$571,$0,$571,$0,$0,$0,$0,$-44,$1224,$-392,$0,$-220,$0,$0,$-108,$-15,$-735,$0,$-3,$-390,$0,$1,$-300,$-47,$-738,$-264,$0,$0
