,Date,Stock Price,Book Value per Share,Price to Book Ratio,TTM Sales per Share,Price to Sales Ratio,TTM FCF per Share,Price to FCF Ratio,TTM Net EPS,PE Ratio,Current Assets,Current Liabilities,Current Ratio,Long Term Debt,Shareholder's Equity_x,Debt to Equity Ratio,TTM Revenue_x,TTM Gross Profit,Gross Margin,TTM Revenue_y,TTM Operating Income,Operating Margin,TTM Revenue_x,TTM EBIT,EBIT Margin,TTM Revenue_y,TTM EBITDA,EBITDA Margin,TTM Revenue_x,TTM Pre-Tax Income,Pre-Tax Margin,TTM Revenue_y,TTM Net Income_x,Net Margin,TTM Net Income_y,Shareholder's Equity_y,Return on Equity,TTM Net Income_x,Tangible Equity,Return on Tangible Equity,TTM Net Income_y,Total Assets,Return on Assets,TTM Net Income,LT Investments & Debt,Return on Investment,revenue,cost-goods-sold,gross-profit,research-development-expenses,selling-general-administrative-expenses,operating-expenses,operating-income,total-non-operating-income-expense,pre-tax-income,total-provision-income-taxes,income-after-taxes,income-from-continuous-operations,net-income,ebitda,ebit,basic-shares-outstanding,shares-outstanding,eps-basic-net-earnings-per-share,eps-earnings-per-share-diluted,cash-on-hand,inventory,other-current-assets,total-current-assets,net-property-plant-equipment,long-term-investments,goodwill-intangible-assets-total,other-long-term-assets,total-long-term-assets,total-assets,total-current-liabilities,long-term-debt,other-non-current-liabilities,total-long-term-liabilities,total-liabilities,common-stock-net,retained-earnings-accumulated-deficit,comprehensive-income,total-share-holder-equity,total-liabilities-share-holders-equity,net-income-loss,total-depreciation-amortization-cash-flow,other-non-cash-items,total-non-cash-items,change-in-accounts-receivable,change-in-inventories,change-in-accounts-payable,change-in-assets-liabilities,total-change-in-assets-liabilities,cash-flow-from-operating-activities,net-change-in-property-plant-equipment,net-change-in-intangible-assets,net-acquisitions-divestitures,net-change-in-short-term-investments,net-change-in-long-term-investments,net-change-in-investments-total,investing-activities-other,cash-flow-from-investing-activities,net-long-term-debt,net-current-debt,debt-issuance-retirement-net-total,net-common-equity-issued-repurchased,net-total-equity-issued-repurchased,total-common-preferred-stock-dividends-paid,financial-activities-other,cash-flow-from-financial-activities,net-cash-flow,stock-based-compensation,common-stock-dividends-paid
0,2018-09-30,9.0,$36.50,0.25,$40.94,0.22,$-7.76,0.0,$-0.39,0.0,$0.33B,$0.58B,0.58,$0.13B,$0.58B,0.22,$0.65B,$0.03B,4.49%,$0.65B,$-0.03B,-5.11%,$0.65B,$-0.03B,-5.11%,$0.65B,$0.04B,6.81%,$0.65B,$-0.06B,-9.91%,$0.65B,$-0.01B,-1.08%,$-0.01B,$0.58B,-1.18%,$-0.01B,$0.50B,-1.35%,$-0.01B,$1.36B,-0.51%,$-0.03B,$0.71B,-4.22%,$169,$160,$9,$0,$16,$176,$-8,$-7,$-14,$-3,$-12,$-12,$-12,$13,$-8,$16,16,$-0.73,$-0.73,$47,$74,$0,$333,$924,$20,$77,$10,$1031,$1364,$578,$129,$5,$208,$787,$2,$267,$-4,$577,$1364,$-36,$60,$-8,$52,$0,$0,$0,$-24,$-24,$-8,$-21,$0,$0,$34,$-8,$26,$0,$4,$130,$-118,$13,$-0,$-0,$0,$-1,$12,$8,$0,$0
1,2018-06-30,10.5,$37.41,0.28,$39.77,0.26,$-9.13,0.0,$0.13,80.77,$0.35B,$0.71B,0.49,$0.00B,$0.59B,0.0,$0.63B,$0.03B,5.26%,$0.63B,$-0.02B,-3.67%,$0.63B,$-0.02B,-3.67%,$0.63B,$0.05B,7.97%,$0.63B,$-0.06B,-8.77%,$0.63B,$0.00B,0.32%,$0.00B,$0.59B,0.34%,$0.00B,$0.51B,0.37%,$0.00B,$1.39B,0.14%,$-0.02B,$0.59B,-2.56%,$169,$155,$14,$0,$14,$169,$-0,$-9,$-9,$-2,$-7,$-7,$-7,$19,$-0,$16,16,$-0.45,$-0.45,$66,$78,$0,$352,$934,$12,$77,$10,$1036,$1388,$712,$0,$5,$84,$796,$2,$279,$1,$592,$1388,$-24,$39,$-3,$35,$0,$0,$0,$-6,$-6,$5,$-17,$0,$0,$4,$-0,$4,$0,$-13,$0,$5,$5,$-0,$-0,$0,$0,$5,$-3,$0,$0
2,2018-03-31,10.18,$37.81,0.27,$38.38,0.27,$-11.72,0.0,$0.37,27.51,$0.35B,$0.70B,0.49,$0.00B,$0.60B,0.0,$0.60B,$0.04B,6.29%,$0.60B,$-0.02B,-3.15%,$0.60B,$-0.02B,-3.15%,$0.60B,$0.05B,8.61%,$0.60B,$-0.05B,-8.11%,$0.60B,$0.01B,0.99%,$0.01B,$0.60B,1.01%,$0.01B,$0.52B,1.08%,$0.01B,$1.38B,0.43%,$-0.02B,$0.60B,-1.80%,$160,$156,$4,$0,$15,$173,$-12,$-9,$-21,$-4,$-17,$-17,$-17,$7,$-12,$16,16,$-1.07,$-1.07,$69,$77,$0,$345,$936,$12,$78,$9,$1038,$1384,$700,$0,$5,$86,$786,$2,$286,$0,$598,$1384,$-17,$19,$-3,$16,$0,$0,$0,$-1,$-1,$-1,$-6,$0,$0,$2,$-0,$2,$0,$-4,$0,$4,$4,$0,$0,$0,$0,$4,$-1,$0,$0
3,2017-12-31,11.7,$38.77,0.3,$36.81,0.32,$-12.09,0.0,$0.47,24.88,$0.35B,$0.08B,4.46,$0.62B,$0.61B,1.01,$0.58B,$0.03B,5.53%,$0.58B,$-0.02B,-3.97%,$0.58B,$-0.02B,-3.97%,$0.58B,$0.05B,7.94%,$0.58B,$-0.05B,-8.81%,$0.58B,$0.01B,1.38%,$0.01B,$0.61B,1.35%,$0.01B,$0.54B,1.40%,$0.01B,$1.40B,0.57%,$-0.02B,$1.23B,-1.90%,$148,$146,$2,$0,$15,$161,$-13,$-8,$-20,$-50,$29,$29,$29,$5,$-13,$16,16,$1.87,$1.87,$73,$81,$0,$353,$947,$12,$78,$9,$1049,$1402,$79,$616,$8,$710,$789,$2,$303,$-0,$613,$1402,$8,$68,$-56,$12,$-28,$-7,$0,$-10,$-39,$-19,$-55,$0,$-127,$225,$0,$225,$-1,$42,$0,$-17,$-17,$-0,$-0,$0,$0,$-17,$6,$0,$0
4,2017-09-30,12.0,$36.84,0.33,$36.65,0.33,$-11.67,0.0,$-2.47,0.0,$0.46B,$0.06B,7.19,$0.60B,$0.58B,1.03,$0.58B,$0.03B,5.56%,$0.58B,$-0.02B,-2.78%,$0.58B,$-0.02B,-2.78%,$0.58B,$0.05B,8.33%,$0.58B,$-0.04B,-7.47%,$0.58B,$-0.04B,-6.60%,$-0.04B,$0.58B,-6.46%,$-0.04B,$0.58B,-6.46%,$-0.04B,$1.39B,-2.67%,$-0.02B,$1.18B,-1.32%,$150,$137,$13,$0,$11,$148,$2,$-7,$-5,$-2,$-3,$-3,$-3,$19,$2,$16,16,$-0.21,$-0.21,$207,$79,$0,$462,$910,$12,$0,$9,$932,$1394,$64,$598,$8,$748,$812,$2,$274,$-0,$582,$1394,$-22,$51,$-8,$43,$0,$0,$0,$-23,$-23,$-2,$-49,$0,$0,$86,$0,$86,$0,$37,$0,$-34,$-34,$-0,$-0,$0,$0,$-34,$0,$0,$0
5,2017-06-30,9.87,$36.97,0.27,$37.23,0.27,$-12.82,0.0,$-2.58,0.0,$0.49B,$0.06B,7.97,$0.63B,$0.58B,1.08,$0.58B,$0.03B,5.48%,$0.58B,$-0.02B,-3.25%,$0.58B,$-0.02B,-3.25%,$0.58B,$0.05B,8.05%,$0.58B,$-0.05B,-7.88%,$0.58B,$-0.04B,-6.85%,$-0.04B,$0.58B,-6.69%,$-0.04B,$0.58B,-6.69%,$-0.04B,$1.43B,-2.78%,$-0.02B,$1.22B,-1.55%,$146,$127,$19,$0,$14,$142,$4,$-7,$-3,$0,$-3,$-3,$-3,$21,$4,$16,16,$-0.21,$-0.21,$240,$76,$0,$488,$918,$12,$0,$10,$941,$1428,$61,$631,$9,$783,$844,$2,$277,$-0,$584,$1428,$-19,$34,$-4,$30,$0,$0,$0,$-20,$-20,$-8,$-44,$0,$0,$53,$0,$53,$-0,$9,$0,$-1,$-1,$-0,$-0,$0,$0,$-1,$-0,$0,$0
6,2017-03-31,11.66,$37.33,0.31,$38.54,0.3,$-12.02,0.0,$-2.10,0.0,$0.50B,$0.05B,10.12,$0.63B,$0.59B,1.08,$0.61B,$0.03B,4.63%,$0.61B,$-0.02B,-2.64%,$0.61B,$-0.02B,-2.64%,$0.61B,$0.05B,8.43%,$0.61B,$-0.04B,-7.11%,$0.61B,$-0.03B,-5.45%,$-0.03B,$0.59B,-5.43%,$-0.03B,$0.59B,-5.43%,$-0.03B,$1.42B,-2.29%,$-0.02B,$1.22B,-1.30%,$135,$137,$-2,$0,$13,$151,$-16,$-7,$-23,$-8,$-15,$-15,$-15,$1,$-16,$16,16,$-0.97,$-0.97,$280,$73,$0,$501,$897,$13,$0,$9,$918,$1420,$50,$633,$8,$784,$834,$2,$280,$-0,$586,$1420,$-15,$17,$-8,$9,$0,$0,$0,$-2,$-2,$-8,$-5,$0,$0,$13,$0,$13,$-0,$8,$0,$2,$2,$-0,$-0,$0,$0,$1,$1,$0,$0
7,2016-12-31,17.85,$38.24,0.47,$40.48,0.44,$-12.78,0.0,$-1.70,0.0,$0.52B,$0.06B,9.14,$0.63B,$0.60B,1.05,$0.63B,$0.04B,6.47%,$0.63B,$-0.00B,-0.16%,$0.63B,$-0.00B,-0.16%,$0.63B,$0.07B,10.41%,$0.63B,$-0.03B,-4.26%,$0.63B,$-0.03B,-4.26%,$-0.03B,$0.60B,-4.38%,$-0.03B,$0.60B,-4.38%,$-0.03B,$1.45B,-1.86%,$-0.00B,$1.23B,-0.08%,$145,$143,$2,$0,$8,$151,$-6,$-6,$-12,$5,$-17,$-17,$-17,$7,$-6,$16,16,$-1.08,$-1.08,$292,$70,$0,$522,$904,$13,$0,$10,$927,$1448,$57,$631,$9,$792,$849,$2,$294,$-0,$600,$1448,$-27,$66,$-0,$65,$-0,$-5,$0,$-15,$-39,$-1,$-67,$0,$0,$-5,$0,$-5,$-3,$-75,$0,$77,$77,$-1,$-1,$0,$0,$76,$0,$0,$0
8,2016-09-30,18.36,$39.63,0.46,$43.17,0.43,$-3.23,0.0,$-0.46,0.0,$0.52B,$0.05B,9.85,$0.63B,$0.62B,1.01,$0.68B,$0.06B,8.73%,$0.68B,$0.01B,1.92%,$0.68B,$0.01B,1.92%,$0.68B,$0.08B,12.43%,$0.68B,$-0.01B,-2.07%,$0.68B,$-0.01B,-1.18%,$-0.01B,$0.62B,-1.28%,$-0.01B,$0.62B,-1.28%,$-0.01B,$1.46B,-0.55%,$0.01B,$1.25B,1.07%,$158,$145,$13,$0,$13,$159,$-1,$-7,$-8,$-3,$-5,$-5,$-5,$18,$-1,$16,16,$-0.32,$-0.32,$292,$69,$0,$522,$917,$13,$0,$7,$937,$1459,$53,$629,$8,$785,$838,$2,$311,$-0,$621,$1459,$-10,$53,$-7,$46,$0,$0,$0,$-44,$-44,$-7,$-62,$0,$0,$-4,$-1,$-5,$-0,$-67,$0,$75,$75,$-1,$-1,$0,$0,$74,$0,$0,$0
9,2016-06-30,16.67,$39.89,0.42,$46.81,0.36,$4.99,3.34,$0.35,47.63,$0.54B,$0.06B,8.38,$0.59B,$0.63B,0.95,$0.73B,$0.08B,10.78%,$0.73B,$0.04B,4.77%,$0.73B,$0.04B,4.77%,$0.73B,$0.11B,14.32%,$0.73B,$0.01B,1.09%,$0.73B,$0.01B,0.68%,$0.01B,$0.63B,0.80%,$0.01B,$0.63B,0.80%,$0.01B,$1.45B,0.35%,$0.04B,$1.22B,2.91%,$167,$152,$15,$0,$12,$160,$7,$-7,$0,$-4,$4,$4,$4,$25,$7,$16,16,$0.27,$0.27,$298,$69,$0,$535,$893,$13,$0,$6,$913,$1447,$64,$592,$16,$758,$822,$2,$316,$0,$625,$1447,$-5,$35,$-5,$30,$0,$0,$0,$-24,$-24,$1,$-40,$0,$0,$-3,$0,$-3,$11,$-32,$0,$38,$38,$-1,$-1,$0,$0,$37,$6,$0,$0
10,2016-03-31,18.91,$39.52,0.48,$48.83,0.39,$10.02,1.89,$0.49,38.59,$0.53B,$0.09B,5.96,$0.58B,$0.62B,0.94,$0.77B,$0.09B,12.29%,$0.77B,$0.05B,6.01%,$0.77B,$0.05B,6.01%,$0.77B,$0.12B,15.16%,$0.77B,$0.02B,2.48%,$0.77B,$0.01B,0.92%,$0.01B,$0.62B,1.13%,$0.01B,$0.62B,1.13%,$0.01B,$1.46B,0.49%,$0.05B,$1.20B,3.89%,$164,$153,$11,$0,$12,$165,$-1,$-7,$-7,$1,$-9,$-9,$-9,$16,$-1,$16,16,$-0.57,$-0.57,$293,$70,$0,$534,$908,$15,$0,$6,$930,$1464,$90,$584,$16,$755,$845,$2,$312,$-0,$620,$1464,$-9,$17,$4,$21,$0,$0,$0,$-28,$-28,$-16,$-9,$0,$0,$-1,$0,$-1,$1,$-9,$0,$30,$30,$-1,$-1,$0,$0,$30,$4,$0,$0
11,2015-12-31,17.76,$39.97,0.44,$51.35,0.35,$12.11,1.47,$1.72,10.33,$0.52B,$0.08B,6.85,$0.55B,$0.63B,0.88,$0.81B,$0.12B,14.66%,$0.81B,$0.07B,8.82%,$0.81B,$0.07B,8.82%,$0.81B,$0.14B,17.64%,$0.81B,$0.04B,5.34%,$0.81B,$0.03B,3.23%,$0.03B,$0.63B,4.21%,$0.03B,$0.63B,4.21%,$0.03B,$1.43B,1.82%,$0.07B,$1.18B,6.07%,$187,$167,$20,$0,$12,$179,$8,$-7,$1,$-2,$2,$2,$2,$25,$8,$16,16,$0.16,$0.16,$287,$69,$0,$521,$884,$15,$0,$6,$905,$1426,$76,$554,$16,$723,$799,$2,$321,$-1,$627,$1426,$27,$72,$15,$87,$37,$1,$0,$-15,$20,$134,$-52,$0,$0,$-103,$0,$-103,$5,$-150,$0,$15,$15,$-2,$-2,$0,$0,$12,$-4,$0,$0
12,2015-09-30,19.58,$40.04,0.49,$52.85,0.37,$5.08,3.85,$2.03,9.65,$0.54B,$0.08B,6.85,$0.58B,$0.62B,0.93,$0.83B,$0.14B,16.65%,$0.83B,$0.08B,9.89%,$0.83B,$0.08B,9.89%,$0.83B,$0.15B,18.09%,$0.83B,$0.05B,6.51%,$0.83B,$0.03B,3.74%,$0.03B,$0.62B,5.08%,$0.03B,$0.62B,5.08%,$0.03B,$1.45B,2.19%,$0.08B,$1.20B,7.07%,$215,$182,$33,$0,$12,$194,$21,$-7,$14,$7,$8,$8,$8,$39,$21,$16,16,$0.49,$0.49,$290,$70,$0,$539,$887,$15,$0,$10,$913,$1452,$79,$578,$15,$749,$828,$2,$319,$-0,$624,$1452,$24,$54,$18,$72,$0,$0,$0,$12,$12,$108,$-48,$0,$0,$-102,$0,$-102,$8,$-142,$0,$35,$35,$-2,$-2,$0,$0,$33,$-1,$0,$0
13,2015-06-30,32.79,$39.46,0.83,$52.88,0.62,$-3.52,0.0,$2.64,12.42,$0.49B,$0.11B,4.36,$0.54B,$0.62B,0.87,$0.83B,$0.15B,18.19%,$0.83B,$0.10B,11.57%,$0.83B,$0.10B,11.57%,$0.83B,$0.16B,19.16%,$0.83B,$0.07B,8.19%,$0.83B,$0.04B,4.82%,$0.04B,$0.62B,6.65%,$0.04B,$0.62B,6.65%,$0.04B,$1.43B,2.86%,$0.10B,$1.15B,8.34%,$199,$169,$30,$0,$12,$181,$18,$-7,$11,$5,$6,$6,$6,$36,$18,$16,16,$0.41,$0.41,$221,$70,$0,$487,$911,$15,$0,$15,$941,$1428,$112,$536,$15,$701,$813,$2,$311,$-0,$615,$1428,$17,$37,$10,$46,$0,$0,$0,$6,$6,$69,$-30,$0,$0,$-33,$0,$-33,$0,$-62,$0,$-8,$-8,$-2,$-2,$0,$0,$-10,$-3,$0,$0
14,2015-03-31,29.98,$38.96,0.77,$53.74,0.56,$-6.98,0.0,$3.08,9.73,$0.45B,$0.09B,5.18,$0.54B,$0.61B,0.89,$0.84B,$0.16B,19.34%,$0.84B,$0.11B,12.81%,$0.84B,$0.11B,12.81%,$0.84B,$0.17B,19.57%,$0.84B,$0.08B,9.37%,$0.84B,$0.05B,5.58%,$0.05B,$0.61B,7.96%,$0.05B,$0.61B,7.96%,$0.05B,$1.40B,3.44%,$0.11B,$1.15B,9.54%,$204,$169,$35,$0,$11,$181,$24,$-7,$17,$7,$10,$10,$10,$42,$24,$16,16,$0.67,$0.66,$193,$71,$0,$447,$917,$15,$0,$15,$948,$1395,$86,$540,$15,$702,$788,$2,$305,$-0,$607,$1395,$10,$18,$7,$25,$0,$0,$0,$-5,$-5,$30,$-22,$0,$0,$-5,$0,$-5,$-0,$-27,$0,$-3,$-3,$-2,$-2,$0,$0,$-6,$-3,$0,$0
15,2014-12-31,36.0,$38.86,0.93,$53.44,0.67,$-9.58,0.0,$2.08,17.31,$0.47B,$0.08B,5.79,$0.54B,$0.60B,0.91,$0.84B,$0.17B,19.86%,$0.84B,$0.11B,13.40%,$0.84B,$0.11B,13.40%,$0.84B,$0.16B,19.38%,$0.84B,$0.05B,6.34%,$0.84B,$0.03B,3.83%,$0.03B,$0.60B,5.54%,$0.03B,$0.60B,5.54%,$0.03B,$1.38B,2.38%,$0.11B,$1.14B,10.10%,$211,$170,$40,$0,$11,$192,$19,$-7,$12,$4,$7,$7,$7,$33,$19,$15,16,$0.48,$0.47,$192,$74,$0,$467,$878,$15,$0,$16,$910,$1376,$81,$543,$15,$699,$779,$2,$294,$-0,$597,$1376,$33,$51,$27,$78,$-7,$-3,$0,$-2,$-21,$120,$-147,$0,$0,$-102,$-0,$-102,$5,$-245,$200,$-36,$164,$-0,$-0,$0,$-33,$131,$5,$0,$0
16,2014-09-30,42.0,$38.00,1.11,$57.98,0.72,$-8.25,0.0,$2.68,15.67,$0.49B,$0.08B,6.15,$0.58B,$0.59B,0.99,$0.91B,$0.16B,17.99%,$0.91B,$0.12B,13.13%,$0.91B,$0.12B,13.13%,$0.91B,$0.17B,18.32%,$0.91B,$0.06B,6.62%,$0.91B,$0.04B,4.64%,$0.04B,$0.59B,7.39%,$0.04B,$0.59B,7.39%,$0.04B,$1.40B,3.25%,$0.12B,$1.17B,11.24%,$216,$171,$46,$0,$11,$181,$35,$-7,$28,$11,$17,$17,$17,$48,$35,$15,16,$1.11,$1.10,$188,$74,$0,$491,$876,$15,$0,$18,$910,$1401,$80,$582,$15,$733,$812,$2,$287,$-0,$588,$1401,$25,$37,$10,$47,$0,$0,$0,$-46,$-46,$56,$-131,$0,$0,$-101,$0,$-101,$9,$-223,$200,$3,$203,$-0,$-0,$0,$-33,$169,$2,$0,$0
17,2014-06-30,41.0,$36.79,1.11,$57.07,0.72,$-4.79,0.0,$2.46,16.67,$0.44B,$0.08B,5.32,$0.50B,$0.57B,0.88,$0.89B,$0.16B,17.62%,$0.89B,$0.12B,13.02%,$0.89B,$0.12B,13.02%,$0.89B,$0.16B,17.96%,$0.89B,$0.06B,6.29%,$0.89B,$0.04B,4.38%,$0.04B,$0.57B,7.00%,$0.04B,$0.57B,7.00%,$0.04B,$1.30B,3.12%,$0.12B,$1.07B,11.61%,$212,$170,$42,$0,$12,$182,$30,$-8,$22,$8,$13,$13,$13,$42,$30,$15,16,$0.86,$0.85,$158,$73,$0,$436,$823,$15,$0,$22,$860,$1297,$82,$500,$15,$645,$727,$2,$270,$0,$570,$1297,$8,$24,$34,$58,$0,$0,$0,$-20,$-20,$45,$-60,$0,$0,$-51,$0,$-51,$-1,$-112,$200,$-79,$121,$-0,$-0,$0,$-33,$88,$22,$0,$0
18,2014-03-31,41.65,$35.86,1.16,$56.03,0.74,$-1.01,0.0,$2.86,14.56,$0.42B,$0.10B,4.24,$0.50B,$0.56B,0.9,$0.88B,$0.15B,17.26%,$0.88B,$0.13B,14.40%,$0.88B,$0.13B,14.40%,$0.88B,$0.17B,19.20%,$0.88B,$0.07B,7.66%,$0.88B,$0.05B,5.26%,$0.05B,$0.56B,8.42%,$0.05B,$0.56B,8.42%,$0.05B,$1.29B,3.75%,$0.13B,$1.06B,13.16%,$197,$159,$38,$0,$9,$169,$28,$-36,$-9,$-3,$-5,$-5,$-5,$39,$28,$15,15,$-0.34,$-0.34,$151,$72,$0,$419,$834,$15,$0,$25,$874,$1293,$99,$500,$16,$639,$737,$2,$256,$-0,$555,$1293,$-5,$11,$-3,$8,$0,$0,$0,$-26,$-26,$6,$-39,$0,$0,$-56,$0,$-56,$0,$-94,$207,$-79,$128,$-0,$-0,$0,$-32,$96,$8,$0,$0
19,2013-12-31,39.73,$36.44,1.09,$54.84,0.72,$1.45,27.44,$3.77,10.54,$0.36B,$0.09B,3.88,$0.38B,$0.56B,0.68,$0.86B,$0.14B,16.80%,$0.86B,$0.12B,14.00%,$0.86B,$0.12B,14.00%,$0.86B,$0.16B,18.79%,$0.86B,$0.09B,10.62%,$0.86B,$0.06B,7.00%,$0.06B,$0.56B,11.23%,$0.06B,$0.56B,11.23%,$0.06B,$1.17B,5.03%,$0.12B,$0.94B,13.11%,$281,$245,$37,$0,$11,$255,$26,$-7,$19,$2,$17,$17,$17,$37,$26,$15,16,$1.09,$1.07,$87,$71,$0,$355,$785,$15,$0,$19,$819,$1173,$91,$379,$16,$522,$613,$2,$262,$-0,$560,$1173,$59,$43,$8,$51,$-32,$-5,$0,$7,$-4,$105,$-112,$0,$0,$-37,$0,$-37,$50,$-98,$0,$-8,$-8,$-1,$-1,$0,$0,$-9,$-2,$0,$0
20,2013-09-30,36.59,$35.05,1.04,$48.30,0.76,$-3.14,0.0,$2.92,12.53,$0.43B,$0.16B,2.64,$0.39B,$0.54B,0.72,$0.75B,$0.14B,17.93%,$0.75B,$0.11B,14.61%,$0.75B,$0.11B,14.61%,$0.75B,$0.16B,20.72%,$0.75B,$0.08B,10.76%,$0.75B,$0.05B,6.11%,$0.05B,$0.54B,8.85%,$0.05B,$0.54B,8.85%,$0.05B,$1.24B,3.88%,$0.11B,$0.93B,12.20%,$201,$161,$40,$0,$10,$169,$32,$-8,$24,$10,$14,$14,$14,$42,$32,$15,16,$0.89,$0.88,$79,$70,$78,$429,$782,$15,$0,$13,$810,$1239,$163,$388,$14,$534,$697,$2,$245,$-0,$542,$1239,$42,$31,$12,$43,$0,$0,$0,$-18,$-18,$68,$-89,$0,$0,$-27,$0,$-27,$47,$-70,$0,$2,$2,$-1,$-1,$0,$0,$0,$-1,$0,$0
21,2013-06-30,33.98,$34.12,1.0,$46.47,0.73,$-5.50,0.0,$2.45,13.87,$0.42B,$0.16B,2.56,$0.38B,$0.53B,0.71,$0.72B,$0.12B,17.15%,$0.72B,$0.10B,13.42%,$0.72B,$0.10B,13.42%,$0.72B,$0.14B,19.50%,$0.72B,$0.07B,9.41%,$0.72B,$0.04B,5.26%,$0.04B,$0.53B,7.48%,$0.04B,$0.53B,7.48%,$0.04B,$1.20B,3.29%,$0.10B,$0.90B,10.95%,$196,$159,$36,$0,$10,$156,$40,$-7,$33,$13,$20,$20,$20,$50,$40,$15,16,$1.26,$1.25,$88,$67,$78,$416,$757,$15,$0,$16,$787,$1204,$163,$376,$13,$513,$676,$2,$231,$-0,$528,$1204,$28,$21,$6,$27,$0,$0,$0,$3,$3,$58,$-13,$0,$0,$-26,$0,$-26,$3,$-36,$0,$-11,$-11,$-1,$-1,$0,$0,$-12,$9,$0,$0
22,2013-03-31,33.5,$32.82,1.02,$44.32,0.76,$-8.85,0.0,$1.59,21.07,$0.36B,$0.15B,2.44,$0.38B,$0.51B,0.75,$0.69B,$0.11B,16.57%,$0.69B,$0.07B,10.76%,$0.69B,$0.07B,10.76%,$0.69B,$0.12B,17.01%,$0.69B,$0.05B,6.54%,$0.69B,$0.02B,3.49%,$0.02B,$0.51B,4.82%,$0.02B,$0.51B,4.82%,$0.02B,$1.16B,2.14%,$0.07B,$0.89B,8.50%,$179,$148,$31,$0,$8,$157,$22,$-7,$15,$6,$9,$9,$9,$32,$22,$15,16,$0.57,$0.57,$50,$66,$79,$358,$764,$15,$0,$20,$799,$1157,$147,$379,$12,$503,$649,$2,$211,$-0,$508,$1157,$9,$10,$6,$16,$0,$0,$0,$5,$5,$30,$-25,$0,$0,$4,$0,$4,$-0,$-21,$0,$-8,$-8,$-1,$-1,$0,$0,$-9,$1,$0,$0
23,2012-12-31,32.05,$32.63,0.98,$41.64,0.77,$-8.84,0.0,$1.16,27.63,$0.36B,$0.14B,2.53,$0.39B,$0.50B,0.77,$0.65B,$0.10B,15.77%,$0.65B,$0.06B,9.74%,$0.65B,$0.06B,9.74%,$0.65B,$0.10B,16.07%,$0.65B,$0.03B,5.26%,$0.65B,$0.02B,2.63%,$0.02B,$0.50B,3.46%,$0.02B,$0.50B,3.46%,$0.02B,$1.15B,1.58%,$0.06B,$0.89B,7.40%,$177,$149,$28,$0,$11,$161,$16,$-7,$9,$5,$3,$3,$3,$32,$16,$15,15,$0.21,$0.23,$53,$66,$79,$363,$750,$15,$0,$21,$785,$1148,$143,$387,$13,$505,$648,$2,$203,$-0,$500,$1148,$18,$41,$17,$58,$-42,$-9,$0,$-74,$-26,$51,$-128,$0,$0,$33,$-1,$32,$5,$-92,$0,$41,$41,$-2,$-2,$0,$0,$39,$-2,$0,$0
24,2012-09-30,32.6,$32.45,1.0,$39.07,0.83,$-7.73,0.0,$1.14,28.6,$0.37B,$0.15B,2.54,$0.37B,$0.50B,0.74,$0.61B,$0.09B,15.46%,$0.61B,$0.06B,9.70%,$0.61B,$0.06B,9.70%,$0.61B,$0.09B,15.13%,$0.61B,$0.03B,4.93%,$0.61B,$0.02B,2.80%,$0.02B,$0.50B,3.51%,$0.02B,$0.50B,3.51%,$0.02B,$1.12B,1.65%,$0.06B,$0.87B,7.06%,$171,$142,$29,$0,$10,$152,$19,$-7,$11,$5,$6,$6,$6,$27,$19,$15,16,$0.42,$0.41,$74,$66,$72,$372,$713,$0,$0,$32,$745,$1117,$146,$369,$9,$474,$620,$2,$199,$-0,$497,$1117,$15,$26,$14,$40,$0,$0,$0,$-28,$-28,$26,$-83,$0,$0,$27,$0,$27,$4,$-52,$0,$23,$23,$0,$0,$0,$0,$23,$-3,$0,$0
25,2012-06-30,26.6,$31.72,0.84,$37.47,0.71,$-6.93,0.0,$0.96,27.71,$0.36B,$0.12B,3.1,$0.36B,$0.49B,0.74,$0.58B,$0.09B,14.92%,$0.58B,$0.05B,9.09%,$0.58B,$0.05B,9.09%,$0.58B,$0.09B,14.75%,$0.58B,$0.03B,4.29%,$0.58B,$0.02B,2.57%,$0.02B,$0.49B,3.13%,$0.02B,$0.49B,3.13%,$0.02B,$1.06B,1.51%,$0.05B,$0.84B,6.45%,$161,$134,$26,$0,$10,$143,$17,$-7,$10,$4,$6,$6,$6,$26,$17,$15,16,$0.40,$0.39,$108,$62,$57,$357,$672,$0,$0,$34,$706,$1063,$115,$358,$13,$462,$577,$2,$193,$-0,$486,$1063,$8,$17,$5,$22,$0,$0,$0,$-5,$-5,$25,$-32,$0,$0,$-8,$0,$-8,$-1,$-41,$0,$12,$12,$0,$0,$0,$0,$12,$-4,$0,$0
26,2012-03-31,22.36,$31.32,0.71,$35.95,0.62,$-8.91,0.0,$0.62,36.06,$0.28B,$0.06B,4.75,$0.33B,$0.48B,0.69,$0.56B,$0.08B,13.80%,$0.56B,$0.04B,7.89%,$0.56B,$0.04B,7.89%,$0.56B,$0.08B,13.62%,$0.56B,$0.02B,2.87%,$0.56B,$0.01B,1.79%,$0.01B,$0.48B,2.10%,$0.01B,$0.48B,2.10%,$0.01B,$0.97B,1.03%,$0.04B,$0.81B,5.45%,$138,$119,$19,$0,$9,$128,$11,$-7,$4,$1,$2,$2,$2,$19,$11,$15,16,$0.14,$0.14,$101,$60,$18,$282,$657,$0,$0,$29,$687,$968,$59,$330,$12,$429,$489,$2,$187,$-0,$480,$968,$2,$8,$2,$10,$0,$0,$0,$6,$6,$18,$-13,$0,$0,$-1,$0,$-1,$7,$-6,$0,$-16,$-16,$0,$0,$0,$0,$-16,$-4,$0,$0
27,2011-12-31,23.32,$31.17,0.75,$34.86,0.67,$-8.68,0.0,$0.31,75.23,$0.28B,$0.05B,5.93,$0.35B,$0.48B,0.73,$0.54B,$0.07B,12.96%,$0.54B,$0.04B,6.67%,$0.54B,$0.04B,6.67%,$0.54B,$0.07B,12.41%,$0.54B,$0.01B,1.48%,$0.54B,$0.01B,0.93%,$0.01B,$0.48B,1.06%,$0.01B,$0.48B,1.06%,$0.01B,$0.96B,0.52%,$0.04B,$0.82B,4.52%,$138,$117,$20,$0,$9,$126,$12,$-6,$5,$2,$3,$3,$3,$20,$12,$15,15,$0.21,$0.20,$105,$57,$0,$277,$660,$0,$0,$27,$687,$964,$47,$346,$8,$440,$487,$2,$184,$-0,$477,$964,$5,$31,$5,$37,$-10,$2,$0,$4,$-11,$30,$-91,$0,$0,$48,$0,$48,$-1,$-44,$0,$15,$15,$0,$0,$0,$0,$15,$1,$0,$0
28,2011-09-30,19.44,$30.96,0.63,$33.79,0.58,$-6.16,0.0,$0.01,0.0,$0.28B,$0.08B,3.49,$0.34B,$0.47B,0.71,$0.52B,$0.06B,11.88%,$0.52B,$0.03B,5.36%,$0.52B,$0.03B,5.36%,$0.52B,$0.06B,11.30%,$0.52B,$0.00B,0.19%,$0.52B,0,0.00%,$0.00B,$0.47B,0.00%,$0.00B,$0.47B,0.00%,$0.00B,$0.98B,0.00%,$0.03B,$0.81B,3.53%,$146,$124,$22,$0,$8,$133,$13,$-7,$6,$2,$4,$4,$4,$21,$13,$15,15,$0.23,$0.23,$103,$57,$13,$282,$665,$0,$0,$33,$698,$981,$81,$335,$7,$426,$507,$2,$181,$-0,$474,$981,$2,$23,$2,$26,$0,$0,$0,$-5,$-5,$22,$-67,$0,$0,$48,$0,$48,$-8,$-27,$0,$4,$4,$0,$0,$0,$0,$4,$-0,$0,$0
29,2011-06-30,21.64,$30.74,0.7,$33.25,0.65,$-2.51,0.0,$-0.38,0.0,$0.26B,$0.09B,2.85,$0.32B,$0.47B,0.67,$0.51B,$0.06B,11.72%,$0.51B,$0.03B,5.27%,$0.51B,$0.03B,5.27%,$0.51B,$0.06B,11.13%,$0.51B,$-0.01B,-1.17%,$0.51B,$-0.01B,-1.17%,$-0.01B,$0.47B,-1.27%,$-0.01B,$0.47B,-1.27%,$-0.01B,$0.97B,-0.64%,$0.03B,$0.79B,3.43%,$136,$120,$16,$0,$8,$128,$8,$-7,$1,$0,$1,$1,$1,$16,$8,$15,15,$0.05,$0.05,$93,$57,$13,$261,$673,$0,$0,$32,$705,$967,$92,$316,$8,$405,$496,$2,$178,$-0,$471,$967,$-2,$15,$-1,$15,$0,$0,$0,$-6,$-6,$6,$-44,$0,$0,$59,$0,$59,$-7,$8,$0,$-15,$-15,$0,$0,$0,$0,$-15,$-1,$0,$0
30,2011-03-31,22.65,$30.68,0.74,$33.58,0.67,$-0.46,0.0,$0.03,755.0,$0.30B,$0.06B,5.01,$0.30B,$0.47B,0.64,$0.52B,$0.07B,13.18%,$0.52B,$0.04B,6.78%,$0.52B,$0.04B,6.78%,$0.52B,$0.06B,12.40%,$0.52B,$0.01B,0.97%,$0.52B,0,0.00%,$0.00B,$0.47B,0.00%,$0.00B,$0.47B,0.00%,$0.00B,$0.92B,0.00%,$0.04B,$0.77B,4.57%,$120,$108,$12,$0,$10,$118,$3,$-7,$-4,$-2,$-3,$-3,$-3,$10,$3,$15,15,$-0.17,$-0.17,$131,$60,$16,$296,$594,$0,$0,$28,$622,$918,$59,$300,$9,$389,$448,$2,$177,$-0,$470,$918,$-3,$7,$-2,$6,$0,$0,$0,$11,$11,$14,$-5,$0,$0,$29,$0,$29,$0,$24,$0,$-31,$-31,$0,$0,$0,$0,$-31,$7,$0,$0
31,2010-12-31,21.13,$30.85,0.68,$33.75,0.63,$0.00,0.0,$0.46,45.93,$0.32B,$0.05B,6.3,$0.33B,$0.47B,0.7,$0.52B,$0.07B,14.09%,$0.52B,$0.04B,8.30%,$0.52B,$0.04B,8.30%,$0.52B,$0.07B,13.71%,$0.52B,$0.02B,3.09%,$0.52B,$0.01B,1.35%,$0.01B,$0.47B,1.48%,$0.01B,$0.47B,1.48%,$0.01B,$0.95B,0.79%,$0.04B,$0.80B,5.78%,$120,$108,$12,$0,$8,$115,$4,$-7,$-2,$-1,$-2,$-2,$-2,$12,$4,$15,15,$-0.10,$-0.10,$154,$59,$16,$319,$597,$0,$0,$29,$626,$945,$51,$331,$9,$422,$473,$2,$180,$-0,$472,$945,$7,$28,$19,$47,$5,$2,$0,$2,$23,$77,$-98,$0,$0,$-75,$0,$-75,$-3,$-176,$100,$13,$113,$0,$0,$0,$-13,$100,$1,$0,$0
32,2010-09-30,15.6,$30.96,0.5,$33.95,0.46,$1.28,12.19,$0.58,26.9,$0.36B,$0.06B,5.83,$0.32B,$0.47B,0.67,$0.52B,$0.07B,14.01%,$0.52B,$0.04B,8.45%,$0.52B,$0.04B,8.45%,$0.52B,$0.07B,13.63%,$0.52B,$0.02B,3.65%,$0.52B,$0.01B,1.73%,$0.01B,$0.47B,1.91%,$0.01B,$0.47B,1.91%,$0.01B,$0.95B,1.06%,$0.04B,$0.79B,6.16%,$136,$116,$20,$0,$8,$124,$12,$-14,$-1,$1,$-2,$-2,$-2,$19,$12,$15,15,$-0.16,$-0.16,$185,$59,$14,$361,$546,$0,$0,$38,$584,$945,$62,$318,$9,$409,$471,$2,$181,$-0,$474,$945,$9,$21,$18,$39,$0,$0,$0,$4,$4,$52,$-40,$0,$0,$-78,$0,$-78,$-2,$-121,$111,$-0,$110,$0,$0,$0,$-12,$98,$29,$0,$0
33,2010-06-30,15.05,$31.12,0.48,$33.20,0.45,$1.08,13.96,$1.19,12.65,$0.26B,$0.04B,6.02,$0.23B,$0.48B,0.47,$0.51B,$0.08B,14.93%,$0.51B,$0.05B,9.43%,$0.51B,$0.05B,9.43%,$0.51B,$0.07B,14.54%,$0.51B,$0.03B,6.29%,$0.51B,$0.02B,3.54%,$0.02B,$0.48B,3.84%,$0.02B,$0.48B,3.84%,$0.02B,$0.83B,2.21%,$0.05B,$0.70B,7.01%,$140,$116,$24,$0,$8,$124,$16,$-4,$12,$5,$7,$7,$7,$23,$16,$15,15,$0.46,$0.46,$79,$60,$13,$256,$568,$0,$0,$9,$577,$833,$43,$225,$9,$314,$357,$2,$184,$-0,$477,$833,$11,$13,$8,$21,$0,$0,$0,$-5,$-5,$27,$-34,$0,$0,$-1,$0,$-1,$1,$-34,$0,$6,$6,$0,$0,$0,$0,$6,$0,$0,$0
34,2010-03-31,21.58,$30.66,0.7,$32.13,0.67,$1.00,21.54,$0.97,22.25,$0.25B,$0.04B,5.71,$0.21B,$0.47B,0.44,$0.49B,$0.07B,14.23%,$0.49B,$0.04B,8.54%,$0.49B,$0.04B,8.54%,$0.49B,$0.07B,13.82%,$0.49B,$0.03B,5.28%,$0.49B,$0.02B,3.05%,$0.02B,$0.47B,3.23%,$0.02B,$0.47B,3.23%,$0.02B,$0.81B,1.87%,$0.04B,$0.68B,6.20%,$122,$104,$17,$0,$7,$111,$11,$-4,$7,$3,$4,$4,$4,$17,$11,$15,15,$0.26,$0.26,$83,$62,$11,$248,$548,$0,$0,$11,$559,$807,$43,$208,$10,$294,$337,$2,$177,$-0,$469,$807,$4,$7,$3,$10,$0,$0,$0,$8,$8,$22,$-6,$0,$0,$-1,$0,$-1,$0,$-7,$0,$-10,$-10,$0,$0,$0,$0,$-10,$5,$0,$0
35,2009-12-31,21.14,$30.40,0.7,$31.84,0.66,$-0.06,0.0,$0.85,24.87,$0.25B,$0.04B,6.41,$0.22B,$0.47B,0.47,$0.49B,$0.07B,13.96%,$0.49B,$0.04B,7.80%,$0.49B,$0.04B,7.80%,$0.49B,$0.07B,13.35%,$0.49B,$0.02B,4.52%,$0.49B,$0.01B,2.67%,$0.01B,$0.47B,2.82%,$0.01B,$0.47B,2.82%,$0.01B,$0.81B,1.63%,$0.04B,$0.68B,5.65%,$123,$111,$12,$0,$7,$118,$5,$-4,$1,$0,$0,$0,$0,$12,$5,$15,15,$0.02,$0.02,$78,$62,$11,$245,$549,$0,$0,$12,$560,$806,$38,$218,$10,$302,$340,$2,$173,$-0,$465,$806,$13,$28,$9,$37,$17,$-3,$0,$2,$5,$55,$-57,$0,$0,$-33,$0,$-33,$21,$-69,$0,$15,$15,$0,$0,$0,$0,$15,$1,$0,$0
36,2009-09-30,20.75,$30.38,0.68,$32.11,0.65,$-2.97,0.0,$1.01,20.54,$0.26B,$0.05B,5.0,$0.21B,$0.47B,0.45,$0.49B,$0.08B,15.27%,$0.49B,$0.04B,8.35%,$0.49B,$0.04B,8.35%,$0.49B,$0.07B,14.46%,$0.49B,$0.03B,5.09%,$0.49B,$0.02B,3.26%,$0.02B,$0.47B,3.50%,$0.02B,$0.47B,3.50%,$0.02B,$0.81B,2.03%,$0.04B,$0.68B,6.17%,$124,$101,$23,$0,$8,$109,$16,$-4,$12,$5,$7,$7,$7,$22,$16,$15,15,$0.45,$0.45,$78,$62,$11,$261,$532,$0,$0,$14,$546,$807,$52,$210,$6,$290,$342,$2,$172,$-0,$465,$807,$13,$21,$9,$29,$0,$0,$0,$-2,$-2,$40,$-32,$0,$0,$-32,$0,$-32,$18,$-45,$0,$7,$7,$0,$0,$0,$0,$7,$3,$0,$0
37,2009-06-30,19.9,$29.93,0.66,$32.88,0.61,$-5.19,0.0,$1.08,18.43,$0.24B,$0.05B,5.11,$0.21B,$0.46B,0.47,$0.50B,$0.08B,15.31%,$0.50B,$0.04B,8.35%,$0.50B,$0.04B,8.35%,$0.50B,$0.07B,14.51%,$0.50B,$0.03B,5.17%,$0.50B,$0.02B,3.38%,$0.02B,$0.46B,3.75%,$0.02B,$0.46B,3.75%,$0.02B,$0.79B,2.17%,$0.04B,$0.67B,6.38%,$123,$105,$18,$0,$8,$113,$10,$-4,$6,$2,$4,$4,$4,$17,$10,$15,15,$0.24,$0.24,$63,$62,$11,$243,$535,$0,$0,$15,$550,$794,$48,$213,$6,$288,$336,$2,$165,$-0,$458,$794,$6,$14,$4,$18,$0,$0,$0,$-3,$-3,$20,$-28,$0,$0,$-17,$0,$-17,$16,$-28,$0,$10,$10,$0,$0,$0,$0,$10,$2,$0,$0
38,2009-03-31,13.48,$29.70,0.45,$33.43,0.4,$-6.32,0.0,$1.25,10.78,$0.24B,$0.05B,4.81,$0.20B,$0.45B,0.45,$0.51B,$0.08B,15.82%,$0.51B,$0.05B,8.98%,$0.51B,$0.05B,8.98%,$0.51B,$0.08B,15.04%,$0.51B,$0.03B,5.86%,$0.51B,$0.02B,3.71%,$0.02B,$0.45B,4.23%,$0.02B,$0.45B,4.23%,$0.02B,$0.78B,2.45%,$0.05B,$0.66B,7.07%,$117,$102,$15,$0,$8,$110,$7,$-4,$3,$1,$2,$2,$2,$14,$7,$15,15,$0.14,$0.14,$52,$61,$11,$239,$526,$0,$0,$15,$541,$779,$50,$203,$6,$275,$325,$2,$162,$-0,$454,$779,$2,$7,$1,$8,$0,$0,$0,$1,$1,$11,$-11,$0,$0,$-7,$0,$-7,$9,$-9,$0,$0,$0,$0,$0,$0,$0,$0,$2,$0,$0
39,2008-12-31,16.43,$29.56,0.56,$33.65,0.49,$-6.38,0.0,$1.54,10.67,$0.23B,$0.05B,4.44,$0.20B,$0.45B,0.45,$0.52B,$0.09B,17.09%,$0.52B,$0.05B,10.49%,$0.52B,$0.05B,10.49%,$0.52B,$0.08B,16.31%,$0.52B,$0.04B,7.38%,$0.52B,$0.02B,4.66%,$0.02B,$0.45B,5.40%,$0.02B,$0.45B,5.40%,$0.02B,$0.78B,3.12%,$0.05B,$0.66B,8.36%,$127,$108,$19,$0,$8,$119,$8,$-4,$4,$1,$3,$3,$3,$18,$8,$15,15,$0.18,$0.18,$43,$58,$11,$225,$529,$0,$0,$24,$553,$777,$51,$203,$6,$274,$325,$2,$160,$0,$452,$777,$24,$30,$10,$40,$-13,$-2,$0,$-0,$-19,$44,$-90,$0,$0,$21,$0,$21,$22,$-47,$0,$3,$3,$0,$0,$0,$0,$3,$-0,$0,$0
40,2008-09-30,40.0,$29.38,1.36,$34.10,1.17,$-12.15,0.0,$2.13,18.78,$0.23B,$0.06B,3.88,$0.20B,$0.45B,0.45,$0.52B,$0.10B,19.19%,$0.52B,$0.07B,13.24%,$0.52B,$0.07B,13.24%,$0.52B,$0.10B,18.43%,$0.52B,$0.05B,10.17%,$0.52B,$0.03B,6.33%,$0.03B,$0.45B,7.52%,$0.03B,$0.45B,7.52%,$0.03B,$0.78B,4.35%,$0.07B,$0.65B,10.79%,$136,$110,$25,$0,$8,$119,$17,$-4,$13,$5,$8,$8,$8,$24,$17,$15,15,$0.52,$0.52,$37,$59,$11,$228,$521,$0,$0,$32,$552,$780,$59,$200,$7,$272,$330,$2,$157,$0,$450,$780,$21,$20,$9,$29,$0,$0,$0,$-20,$-20,$30,$-56,$0,$0,$27,$0,$27,$-3,$-31,$0,$0,$0,$0,$0,$0,$0,$0,$-1,$0,$0
41,2008-06-30,40.2,$28.87,1.39,$33.48,1.2,$-15.78,0.0,$2.17,18.53,$0.22B,$0.06B,4.05,$0.20B,$0.44B,0.45,$0.51B,$0.10B,19.53%,$0.51B,$0.07B,13.67%,$0.51B,$0.07B,13.67%,$0.51B,$0.10B,18.95%,$0.51B,$0.05B,10.55%,$0.51B,$0.03B,6.64%,$0.03B,$0.44B,7.90%,$0.03B,$0.44B,7.90%,$0.03B,$0.76B,4.56%,$0.07B,$0.64B,11.09%,$132,$110,$22,$0,$8,$117,$14,$-4,$10,$4,$6,$6,$6,$21,$14,$15,15,$0.41,$0.41,$37,$59,$12,$221,$507,$0,$0,$35,$542,$763,$55,$200,$7,$267,$322,$2,$149,$0,$441,$763,$13,$13,$4,$18,$0,$0,$0,$-17,$-17,$13,$-38,$0,$0,$27,$0,$27,$-3,$-13,$0,$0,$0,$0,$0,$0,$0,$0,$0,$0,$0
42,2008-03-31,30.5,$28.35,1.08,$32.75,0.93,$-18.15,0.0,$2.23,13.68,$0.23B,$0.05B,4.26,$0.20B,$0.44B,0.46,$0.50B,$0.10B,20.16%,$0.50B,$0.07B,14.37%,$0.50B,$0.07B,14.37%,$0.50B,$0.10B,19.96%,$0.50B,$0.06B,11.18%,$0.50B,$0.04B,6.99%,$0.04B,$0.44B,8.29%,$0.04B,$0.44B,8.29%,$0.04B,$0.75B,4.78%,$0.07B,$0.64B,11.50%,$120,$98,$22,$0,$7,$106,$15,$-4,$11,$4,$7,$7,$7,$21,$15,$15,15,$0.43,$0.43,$58,$58,$12,$227,$489,$0,$0,$37,$527,$753,$53,$202,$7,$265,$318,$2,$143,$0,$435,$753,$7,$7,$1,$8,$0,$0,$0,$-3,$-3,$11,$-12,$0,$0,$7,$0,$7,$-7,$-13,$0,$2,$2,$0,$0,$0,$0,$2,$-0,$0,$0
43,2007-12-31,31.6,$28.03,1.13,$31.79,0.99,$-20.89,0.0,$1.84,17.17,$0.23B,$0.05B,4.31,$0.20B,$0.43B,0.47,$0.49B,$0.09B,18.89%,$0.49B,$0.06B,12.73%,$0.49B,$0.06B,12.73%,$0.49B,$0.09B,18.89%,$0.49B,$0.05B,9.45%,$0.49B,$0.03B,5.95%,$0.03B,$0.43B,7.01%,$0.03B,$0.43B,7.01%,$0.03B,$0.74B,4.02%,$0.06B,$0.63B,9.96%,$133,$103,$31,$0,$8,$111,$23,$-4,$19,$7,$12,$12,$12,$30,$23,$15,15,$0.78,$0.78,$64,$56,$11,$230,$484,$0,$0,$27,$511,$741,$53,$200,$8,$259,$313,$2,$136,$0,$429,$741,$28,$30,$-18,$12,$-9,$-1,$0,$-3,$-15,$25,$-160,$0,$0,$90,$0,$90,$50,$-19,$0,$-6,$-6,$0,$0,$0,$0,$-5,$1,$0,$0
44,2007-09-30,29.0,$27.27,1.06,$30.23,0.96,$-18.78,0.0,$0.68,42.65,$0.26B,$0.06B,4.78,$0.20B,$0.42B,0.48,$0.45B,$0.06B,14.10%,$0.45B,$0.03B,7.49%,$0.45B,$0.03B,7.49%,$0.45B,$0.07B,14.32%,$0.45B,$0.02B,3.96%,$0.45B,$0.01B,2.64%,$0.01B,$0.42B,2.95%,$0.01B,$0.42B,2.95%,$0.01B,$0.72B,1.68%,$0.03B,$0.62B,5.52%,$127,$101,$25,$0,$7,$109,$18,$-4,$14,$5,$9,$9,$9,$25,$18,$15,15,$0.56,$0.56,$88,$55,$15,$262,$428,$0,$0,$33,$461,$723,$55,$202,$8,$252,$307,$2,$124,$0,$417,$723,$16,$23,$-6,$17,$0,$0,$0,$-17,$-17,$16,$-97,$0,$0,$67,$0,$67,$18,$-13,$0,$-4,$-4,$0,$0,$0,$0,$-4,$-0,$0,$0
45,2007-06-30,31.0,$26.70,1.16,$29.32,1.06,$-17.33,0.0,$0.45,68.89,$0.27B,$0.05B,5.75,$0.21B,$0.41B,0.52,$0.44B,$0.06B,13.18%,$0.44B,$0.03B,6.59%,$0.44B,$0.03B,6.59%,$0.44B,$0.06B,13.86%,$0.44B,$0.01B,2.95%,$0.44B,$0.01B,1.82%,$0.01B,$0.41B,1.98%,$0.01B,$0.41B,1.98%,$0.01B,$0.71B,1.12%,$0.03B,$0.62B,4.72%,$121,$97,$23,$0,$7,$105,$16,$-4,$12,$5,$7,$7,$7,$24,$16,$15,15,$0.47,$0.47,$96,$54,$12,$266,$406,$0,$0,$41,$447,$713,$46,$213,$8,$259,$305,$2,$116,$0,$408,$713,$8,$16,$-4,$12,$0,$0,$0,$-19,$-19,$1,$-62,$0,$0,$58,$0,$58,$-4,$-8,$0,$8,$8,$0,$0,$0,$0,$8,$0,$0,$0
46,2007-03-31,28.48,$26.23,1.09,$28.87,0.99,$-15.17,0.0,$-0.21,0.0,$0.29B,$0.05B,6.04,$0.22B,$0.40B,0.55,$0.43B,$0.05B,12.65%,$0.43B,$0.03B,5.85%,$0.43B,$0.03B,5.85%,$0.43B,$0.06B,13.35%,$0.43B,$-0.00B,-0.94%,$0.43B,$-0.00B,-0.47%,$-0.00B,$0.40B,-0.50%,$-0.00B,$0.40B,-0.50%,$-0.00B,$0.71B,-0.28%,$0.03B,$0.62B,4.10%,$106,$93,$13,$0,$8,$101,$5,$-4,$1,$0,$1,$1,$1,$13,$5,$15,15,$0.04,$0.04,$129,$51,$18,$293,$393,$0,$0,$26,$419,$712,$48,$221,$9,$263,$311,$2,$108,$0,$401,$712,$1,$8,$-2,$6,$0,$0,$0,$-15,$-15,$-9,$-34,$0,$0,$34,$0,$34,$3,$2,$0,$15,$15,$0,$0,$0,$0,$15,$8,$0,$0
47,2006-12-31,33.0,$26.19,1.26,$31.77,1.04,$-12.47,0.0,$-0.04,0.0,$0.31B,$0.05B,5.74,$0.21B,$0.40B,0.51,$0.42B,$0.06B,13.21%,$0.42B,$0.03B,6.84%,$0.42B,$0.03B,6.84%,$0.42B,$0.06B,14.15%,$0.42B,$-0.00B,-0.24%,$0.42B,$-0.00B,-0.24%,$-0.00B,$0.40B,-0.28%,$-0.00B,$0.40B,-0.28%,$-0.00B,$0.70B,-0.15%,$0.03B,$0.61B,5.13%,$100,$97,$3,$0,$8,$104,$-5,$-4,$-9,$-3,$-5,$-5,$-5,$3,$-5,$14,14,$-0.41,$-0.40,$154,$56,$8,$308,$369,$0,$0,$24,$393,$701,$54,$206,$9,$247,$301,$2,$108,$0,$400,$701,$-1,$30,$10,$40,$2,$-7,$0,$3,$-9,$30,$-123,$0,$0,$-87,$0,$-87,$31,$-179,$-1,$2,$1,$161,$161,$0,$-16,$146,$-2,$0,$0
