,Date,Stock Price,Book Value per Share,Price to Book Ratio,TTM Sales per Share,Price to Sales Ratio,TTM FCF per Share,Price to FCF Ratio,TTM Net EPS,PE Ratio,Current Assets,Current Liabilities,Current Ratio,Long Term Debt,Shareholder's Equity_x,Debt to Equity Ratio,TTM Revenue_x,TTM Gross Profit,Gross Margin,TTM Revenue_y,TTM Operating Income,Operating Margin,TTM Revenue_x,TTM EBIT,EBIT Margin,TTM Revenue_y,TTM EBITDA,EBITDA Margin,TTM Revenue_x,TTM Pre-Tax Income,Pre-Tax Margin,TTM Revenue_y,TTM Net Income_x,Net Margin,TTM Net Income_y,Shareholder's Equity_y,Return on Equity,TTM Net Income_x,Tangible Equity,Return on Tangible Equity,TTM Net Income_y,Total Assets,Return on Assets,TTM Net Income,LT Investments & Debt,Return on Investment,revenue,cost-goods-sold,gross-profit,research-development-expenses,selling-general-administrative-expenses,operating-expenses,operating-income,total-non-operating-income-expense,pre-tax-income,total-provision-income-taxes,income-after-taxes,income-from-continuous-operations,net-income,ebitda,ebit,basic-shares-outstanding,shares-outstanding,eps-basic-net-earnings-per-share,eps-earnings-per-share-diluted,cash-on-hand,inventory,other-current-assets,total-current-assets,net-property-plant-equipment,long-term-investments,goodwill-intangible-assets-total,other-long-term-assets,total-long-term-assets,total-assets,total-current-liabilities,long-term-debt,other-non-current-liabilities,total-long-term-liabilities,total-liabilities,common-stock-net,retained-earnings-accumulated-deficit,comprehensive-income,total-share-holder-equity,total-liabilities-share-holders-equity,net-income-loss,total-depreciation-amortization-cash-flow,other-non-cash-items,total-non-cash-items,change-in-accounts-receivable,change-in-inventories,change-in-accounts-payable,change-in-assets-liabilities,total-change-in-assets-liabilities,cash-flow-from-operating-activities,net-change-in-property-plant-equipment,net-change-in-intangible-assets,net-acquisitions-divestitures,net-change-in-short-term-investments,net-change-in-long-term-investments,net-change-in-investments-total,investing-activities-other,cash-flow-from-investing-activities,net-long-term-debt,net-current-debt,debt-issuance-retirement-net-total,net-common-equity-issued-repurchased,net-total-equity-issued-repurchased,total-common-preferred-stock-dividends-paid,financial-activities-other,cash-flow-from-financial-activities,net-cash-flow,stock-based-compensation,common-stock-dividends-paid
0,2018-09-30,24.77,$16.77,1.48,$34.21,0.72,$7.79,3.18,$2.98,8.31,$1.11B,$1.98B,0.56,$3.01B,$4.73B,0.64,$9.98B,$2.35B,23.59%,$9.98B,$1.43B,14.30%,$9.98B,$1.43B,14.30%,$9.98B,$1.48B,14.78%,$9.98B,$1.43B,14.30%,$9.98B,$0.85B,8.55%,$0.85B,$4.73B,19.29%,$0.85B,$4.60B,19.91%,$0.85B,$10.06B,8.69%,$1.43B,$7.73B,19.16%,$2649,$2008,$641,$0,$253,$2265,$385,$0,$385,$95,$290,$290,$286,$397,$385,$283,285,$1.01,$1.01,$759,$0,$0,$1109,$7489,$0,$131,$918,$8946,$10055,$1978,$3005,$342,$3348,$5326,$3,$1530,$-0,$4729,$10055,$784,$37,$262,$299,$0,$-264,$0,$197,$-68,$1015,$-47,$0,$0,$0,$-1,$-1,$16,$-32,$-270,$0,$-270,$-174,$-174,$-78,$-8,$-530,$453,$22,$-78
1,2018-06-30,28.75,$15.94,1.8,$32.00,0.9,$5.15,5.59,$2.55,11.27,$0.77B,$1.93B,0.4,$3.01B,$4.53B,0.66,$9.46B,$2.23B,23.52%,$9.46B,$1.31B,13.85%,$9.46B,$1.31B,13.85%,$9.46B,$1.36B,14.36%,$9.46B,$1.31B,13.85%,$9.46B,$0.74B,7.85%,$0.74B,$4.53B,17.18%,$0.74B,$4.39B,17.75%,$0.74B,$9.82B,7.59%,$1.31B,$7.53B,17.76%,$2570,$1933,$637,$0,$226,$2161,$409,$0,$409,$85,$324,$324,$321,$421,$409,$285,287,$1.12,$1.12,$402,$0,$0,$772,$7500,$0,$134,$899,$9044,$9816,$1928,$3006,$355,$3361,$5289,$3,$1333,$-0,$4527,$9816,$495,$24,$146,$170,$0,$-281,$0,$215,$-118,$548,$-33,$0,$0,$0,$-1,$-1,$7,$-27,$-256,$0,$-256,$-108,$-108,$-52,$-8,$-425,$96,$16,$-52
2,2018-03-31,29.41,$14.95,1.97,$29.47,1.0,$3.86,7.62,$1.75,16.8,$0.57B,$2.04B,0.28,$3.09B,$4.28B,0.72,$8.91B,$1.94B,21.81%,$8.91B,$1.02B,11.49%,$8.91B,$1.02B,11.49%,$8.91B,$1.07B,12.04%,$8.91B,$1.02B,11.49%,$8.91B,$0.52B,5.86%,$0.52B,$4.28B,12.13%,$0.52B,$4.14B,12.54%,$0.52B,$9.71B,5.33%,$1.02B,$7.36B,13.87%,$1970,$1504,$466,$0,$241,$1746,$224,$0,$224,$53,$171,$171,$169,$236,$224,$287,288,$0.59,$0.59,$185,$0,$0,$570,$7465,$0,$138,$919,$9136,$9706,$2035,$3088,$309,$3397,$5432,$3,$1088,$-0,$4275,$9706,$171,$12,$35,$46,$0,$-237,$0,$176,$-48,$169,$-15,$0,$0,$0,$-1,$-1,$0,$-16,$-191,$0,$-191,$-57,$-57,$-26,$0,$-274,$-121,$8,$-26
3,2017-12-31,33.05,$14.49,2.28,$27.73,1.19,$3.42,9.66,$1.44,22.95,$0.88B,$2.28B,0.39,$3.01B,$4.15B,0.72,$8.57B,$1.86B,21.68%,$8.57B,$0.94B,10.95%,$8.57B,$0.94B,10.95%,$8.57B,$0.99B,11.54%,$8.57B,$0.94B,10.95%,$8.57B,$0.44B,5.18%,$0.44B,$4.15B,10.09%,$0.44B,$4.01B,10.44%,$0.44B,$9.69B,4.51%,$0.94B,$7.16B,12.55%,$2790,$2181,$610,$0,$202,$2382,$409,$0,$409,$331,$77,$77,$77,$421,$409,$305,307,$0.25,$0.26,$306,$0,$0,$877,$7147,$0,$141,$876,$8810,$9687,$2275,$3007,$251,$3258,$5533,$3,$980,$-0,$4154,$9687,$447,$51,$646,$697,$0,$-569,$0,$22,$-481,$663,$-32,$0,$0,$0,$-23,$-23,$5,$-50,$-29,$0,$-29,$-889,$-889,$-113,$0,$-1030,$-417,$34,$-113
4,2017-09-30,27.09,$14.78,1.83,$25.92,1.05,$1.45,18.71,$2.01,13.48,$0.56B,$2.21B,0.25,$3.11B,$4.35B,0.72,$8.28B,$1.88B,22.68%,$8.28B,$0.94B,11.41%,$8.28B,$0.94B,11.41%,$8.28B,$1.00B,12.03%,$8.28B,$0.94B,11.41%,$8.28B,$0.64B,7.71%,$0.64B,$4.35B,14.09%,$0.64B,$4.20B,14.57%,$0.64B,$9.97B,6.40%,$0.94B,$7.46B,12.35%,$2131,$1619,$512,$0,$237,$1863,$268,$0,$268,$91,$178,$178,$176,$281,$268,$299,300,$0.59,$0.58,$197,$0,$0,$562,$7370,$0,$144,$955,$9409,$9971,$2210,$3110,$307,$3417,$5626,$3,$1179,$-0,$4345,$9971,$370,$39,$284,$323,$0,$-758,$0,$195,$-440,$252,$-24,$0,$0,$0,$-22,$-22,$6,$-40,$-93,$83,$-10,$-643,$-643,$-86,$0,$-739,$-526,$27,$-86
5,2017-06-30,24.24,$14.63,1.66,$24.49,0.99,$-0.30,0.0,$1.80,13.46,$0.61B,$1.97B,0.31,$3.11B,$4.44B,0.7,$8.09B,$1.85B,22.90%,$8.09B,$0.89B,10.98%,$8.09B,$0.89B,10.98%,$8.09B,$0.94B,11.63%,$8.09B,$0.89B,10.98%,$8.09B,$0.59B,7.28%,$0.59B,$4.44B,12.78%,$0.59B,$4.30B,13.22%,$0.59B,$9.81B,5.92%,$0.89B,$7.55B,11.50%,$2022,$1666,$356,$0,$216,$1899,$123,$0,$123,$22,$101,$101,$100,$135,$123,$312,314,$0.32,$0.32,$240,$0,$0,$605,$7090,$0,$148,$983,$9208,$9813,$1968,$3110,$291,$3401,$5369,$3,$1289,$-0,$4444,$9813,$192,$26,$229,$255,$0,$-486,$0,$188,$-271,$176,$-17,$0,$0,$0,$-18,$-18,$3,$-32,$-180,$0,$-180,$-390,$-390,$-58,$0,$-628,$-483,$21,$-58
6,2017-03-31,23.18,$14.75,1.57,$23.23,1.0,$-1.79,0.0,$1.82,12.74,$0.77B,$1.91B,0.4,$3.11B,$4.66B,0.67,$7.87B,$1.96B,24.85%,$7.87B,$0.96B,12.14%,$7.87B,$0.96B,12.14%,$7.87B,$1.01B,12.83%,$7.87B,$0.96B,12.14%,$7.87B,$0.61B,7.70%,$0.61B,$4.66B,12.89%,$0.61B,$4.51B,13.33%,$0.61B,$9.92B,6.14%,$0.96B,$7.77B,12.42%,$1630,$1249,$381,$0,$236,$1491,$139,$0,$139,$48,$92,$92,$91,$152,$139,$318,320,$0.29,$0.28,$424,$0,$0,$769,$7028,$0,$151,$943,$9152,$9921,$1910,$3110,$241,$3351,$5261,$3,$1516,$-1,$4660,$9921,$92,$13,$57,$71,$0,$-267,$0,$216,$-122,$40,$-10,$0,$0,$0,$-15,$-15,$1,$-23,$-192,$0,$-192,$-94,$-94,$-29,$0,$-316,$-299,$14,$-29
7,2016-12-31,18.02,$14.60,1.23,$22.22,0.81,$-2.09,0.0,$1.78,10.12,$1.26B,$2.20B,0.57,$3.13B,$4.66B,0.67,$7.67B,$1.94B,25.30%,$7.67B,$0.93B,12.18%,$7.67B,$0.93B,12.18%,$7.67B,$0.99B,12.88%,$7.67B,$0.93B,12.18%,$7.67B,$0.60B,7.80%,$0.60B,$4.66B,12.64%,$0.60B,$4.51B,13.08%,$0.60B,$10.18B,6.07%,$0.93B,$7.79B,12.12%,$2493,$1865,$628,$0,$208,$2079,$414,$0,$414,$141,$273,$273,$271,$428,$414,$340,342,$0.81,$0.80,$723,$0,$0,$1263,$6771,$0,$155,$941,$8915,$10178,$2202,$3129,$188,$3317,$5519,$3,$1540,$-1,$4659,$10178,$603,$54,$379,$433,$0,$-897,$0,$-145,$-967,$68,$-39,$0,$-430,$0,$-15,$-15,$13,$-471,$1073,$0,$1073,$-597,$-597,$-125,$0,$351,$-52,$22,$-125
8,2016-09-30,19.55,$14.06,1.39,$20.66,0.95,$-3.24,0.0,$1.59,12.3,$0.81B,$1.84B,0.44,$3.11B,$4.67B,0.67,$7.24B,$2.02B,27.95%,$7.24B,$0.89B,12.34%,$7.24B,$0.89B,12.34%,$7.24B,$0.95B,13.07%,$7.24B,$0.89B,12.34%,$7.24B,$0.55B,7.63%,$0.55B,$4.67B,11.61%,$0.55B,$4.51B,11.98%,$0.55B,$9.87B,5.75%,$0.89B,$7.78B,11.96%,$1943,$1456,$487,$0,$251,$1731,$212,$0,$212,$84,$128,$128,$127,$226,$212,$340,342,$0.37,$0.37,$461,$0,$0,$810,$6950,$0,$158,$757,$9061,$9872,$1841,$3110,$248,$3358,$5200,$3,$1548,$-1,$4672,$9872,$330,$40,$236,$277,$0,$-1100,$0,$104,$-913,$-307,$-31,$0,$-430,$0,$-14,$-14,$5,$-470,$901,$0,$901,$-345,$-345,$-94,$0,$462,$-314,$20,$-94
9,2016-06-30,18.93,$14.01,1.35,$19.25,0.98,$-3.04,0.0,$1.52,12.45,$0.62B,$1.83B,0.34,$2.60B,$4.82B,0.54,$6.80B,$1.90B,27.87%,$6.80B,$0.86B,12.64%,$6.80B,$0.86B,12.64%,$6.80B,$0.91B,13.39%,$6.80B,$0.86B,12.64%,$6.80B,$0.53B,7.84%,$0.53B,$4.82B,11.27%,$0.53B,$4.66B,11.60%,$0.53B,$9.51B,5.71%,$0.86B,$7.42B,11.96%,$1800,$1341,$459,$0,$256,$1610,$190,$0,$190,$72,$118,$118,$117,$203,$190,$345,348,$0.34,$0.34,$256,$0,$0,$620,$6629,$0,$161,$819,$8887,$9507,$1834,$2603,$252,$2855,$4689,$3,$1700,$-1,$4818,$9507,$201,$27,$144,$171,$0,$-810,$0,$63,$-692,$-320,$-21,$0,$-430,$0,$-14,$-14,$5,$-459,$423,$0,$423,$-100,$-100,$-63,$0,$260,$-520,$17,$-63
10,2016-03-31,18.09,$13.78,1.31,$17.60,1.03,$-2.65,0.0,$1.46,12.39,$1.31B,$1.78B,0.74,$3.07B,$4.77B,0.64,$6.28B,$1.74B,27.67%,$6.28B,$0.84B,13.34%,$6.28B,$0.84B,13.34%,$6.28B,$0.89B,14.10%,$6.28B,$0.84B,13.34%,$6.28B,$0.52B,8.26%,$0.52B,$4.77B,11.10%,$0.52B,$4.61B,11.40%,$0.52B,$9.84B,5.77%,$0.84B,$7.84B,12.18%,$1433,$1066,$366,$0,$242,$1314,$118,$0,$118,$35,$83,$83,$83,$131,$118,$348,350,$0.24,$0.24,$1018,$0,$0,$1309,$6202,$0,$163,$824,$8535,$9843,$1779,$3067,$224,$3291,$5070,$3,$1662,$-1,$4774,$9843,$83,$13,$64,$77,$0,$-382,$0,$127,$-223,$-63,$-9,$0,$-430,$0,$-14,$-14,$1,$-452,$842,$0,$842,$-53,$-53,$-32,$0,$757,$243,$9,$-32
11,2015-12-31,17.14,$13.63,1.26,$16.57,1.03,$-2.55,0.0,$1.37,12.51,$1.22B,$2.17B,0.56,$2.08B,$4.76B,0.44,$5.98B,$1.63B,27.21%,$5.98B,$0.82B,13.64%,$5.98B,$0.82B,13.64%,$5.98B,$0.86B,14.41%,$5.98B,$0.82B,13.64%,$5.98B,$0.49B,8.21%,$0.49B,$4.76B,10.51%,$0.49B,$4.65B,10.78%,$0.49B,$9.19B,5.68%,$0.82B,$6.83B,12.44%,$2062,$1351,$711,$0,$344,$1688,$373,$0,$373,$145,$228,$228,$225,$386,$373,$357,360,$0.64,$0.63,$775,$0,$0,$1218,$5450,$0,$110,$1016,$7971,$9189,$2169,$2075,$186,$2261,$4430,$3,$1663,$-1,$4759,$9189,$494,$46,$343,$389,$0,$-917,$0,$-280,$-1221,$-338,$-45,$0,$0,$0,$-0,$-0,$11,$-35,$387,$0,$387,$-432,$-432,$-116,$0,$-162,$-534,$25,$-116
12,2015-09-30,18.06,$13.09,1.38,$15.71,1.15,$-0.79,0.0,$1.31,13.79,$1.03B,$1.91B,0.54,$2.08B,$4.57B,0.46,$5.74B,$1.54B,26.73%,$5.74B,$0.72B,12.54%,$5.74B,$0.72B,12.54%,$5.74B,$0.76B,13.30%,$5.74B,$0.71B,12.36%,$5.74B,$0.48B,8.43%,$0.48B,$4.57B,10.34%,$0.48B,$4.46B,10.61%,$0.48B,$8.80B,5.70%,$0.72B,$6.66B,11.06%,$1507,$1147,$360,$0,$159,$1327,$179,$0,$179,$72,$108,$108,$108,$191,$179,$350,353,$0.31,$0.30,$760,$0,$0,$1031,$5241,$0,$113,$867,$7771,$8802,$1905,$2084,$241,$2325,$4230,$3,$1466,$-1,$4572,$8802,$266,$34,$203,$237,$0,$-835,$0,$-75,$-747,$-245,$-34,$0,$0,$0,$0,$0,$14,$-20,$227,$0,$227,$-432,$-432,$-88,$0,$-293,$-559,$20,$-88
13,2015-06-30,19.21,$12.98,1.48,$15.68,1.23,$0.42,45.67,$1.38,13.92,$0.75B,$1.75B,0.43,$1.58B,$4.61B,0.34,$5.83B,$1.55B,26.55%,$5.83B,$0.77B,13.12%,$5.83B,$0.77B,13.12%,$5.83B,$0.81B,13.84%,$5.83B,$0.76B,12.97%,$5.83B,$0.52B,8.87%,$0.52B,$4.61B,10.96%,$0.52B,$4.49B,11.25%,$0.52B,$8.16B,6.12%,$0.77B,$6.19B,11.81%,$1280,$979,$301,$0,$130,$1113,$168,$0,$168,$64,$103,$103,$103,$178,$168,$361,364,$0.28,$0.28,$478,$0,$0,$747,$4889,$0,$117,$788,$7411,$8158,$1751,$1584,$217,$1801,$3552,$4,$1507,$-1,$4606,$8158,$158,$22,$127,$149,$0,$-486,$0,$9,$-498,$-191,$-23,$0,$0,$0,$0,$0,$15,$-8,$-259,$0,$-259,$-315,$-315,$-59,$0,$-633,$-833,$15,$-59
14,2015-03-31,21.1,$12.98,1.63,$15.55,1.36,$1.12,18.88,$1.21,17.44,$1.30B,$1.69B,0.76,$1.82B,$4.74B,0.38,$5.84B,$1.55B,26.59%,$5.84B,$0.66B,11.34%,$5.84B,$0.66B,11.34%,$5.84B,$0.70B,12.06%,$5.84B,$0.66B,11.24%,$5.84B,$0.46B,7.81%,$0.46B,$4.74B,9.65%,$0.46B,$4.62B,9.92%,$0.46B,$8.43B,5.35%,$0.66B,$6.56B,10.12%,$1133,$877,$256,$0,$161,$1037,$96,$0,$96,$41,$55,$55,$55,$107,$96,$367,370,$0.15,$0.15,$1068,$0,$0,$1295,$4633,$0,$120,$706,$7139,$8433,$1693,$1820,$178,$1998,$3691,$4,$1647,$-1,$4742,$8433,$55,$11,$54,$65,$0,$-231,$0,$114,$-145,$-25,$-15,$0,$0,$0,$0,$0,$5,$-10,$-73,$0,$-73,$-101,$-101,$-30,$0,$-204,$-239,$8,$-30
15,2014-12-31,20.3,$13.01,1.56,$15.37,1.32,$1.42,14.34,$1.25,16.24,$1.65B,$1.80B,0.91,$1.82B,$4.81B,0.38,$5.82B,$1.58B,27.10%,$5.82B,$0.69B,11.83%,$5.82B,$0.69B,11.83%,$5.82B,$0.73B,12.52%,$5.82B,$0.69B,11.85%,$5.82B,$0.48B,8.16%,$0.48B,$4.81B,10.10%,$0.48B,$4.68B,10.38%,$0.48B,$8.57B,5.59%,$0.69B,$6.62B,10.57%,$1823,$1204,$618,$0,$340,$1545,$277,$0,$267,$50,$217,$217,$218,$288,$277,$370,374,$0.60,$0.59,$1309,$0,$0,$1649,$4392,$0,$123,$685,$6921,$8569,$1803,$1819,$143,$1961,$3764,$4,$1729,$-1,$4805,$8569,$474,$40,$270,$310,$0,$-338,$0,$-100,$-477,$308,$-49,$0,$-82,$0,$-0,$-0,$9,$-123,$-216,$0,$-216,$-237,$-237,$-76,$0,$-529,$-344,$29,$-76
16,2014-09-30,16.64,$12.60,1.32,$14.78,1.13,$2.93,5.69,$1.24,13.42,$1.48B,$1.90B,0.78,$1.82B,$4.71B,0.39,$5.66B,$1.34B,23.73%,$5.66B,$0.65B,11.44%,$5.66B,$0.65B,11.44%,$5.66B,$0.69B,12.11%,$5.66B,$0.66B,11.58%,$5.66B,$0.47B,8.36%,$0.47B,$4.71B,10.14%,$0.47B,$4.58B,10.43%,$0.47B,$8.62B,5.54%,$0.65B,$6.53B,9.89%,$1595,$1222,$373,$0,$147,$1371,$224,$1,$225,$84,$141,$141,$141,$234,$224,$374,377,$0.37,$0.37,$1247,$0,$0,$1483,$4432,$0,$126,$651,$7131,$8615,$1895,$1817,$193,$2010,$3904,$4,$1639,$-1,$4710,$8615,$257,$29,$200,$229,$0,$-385,$0,$36,$-284,$202,$-42,$0,$-77,$0,$0,$0,$50,$-70,$-285,$0,$-285,$-149,$-149,$-57,$0,$-491,$-359,$21,$-57
17,2014-06-30,18.94,$12.32,1.54,$14.65,1.29,$3.89,4.87,$6.74,2.81,$1.49B,$1.81B,0.83,$1.82B,$4.64B,0.39,$5.64B,$1.30B,23.01%,$5.64B,$0.60B,10.56%,$5.64B,$0.60B,10.56%,$5.64B,$0.63B,11.20%,$5.64B,$0.61B,10.72%,$5.64B,$2.60B,46.05%,$2.60B,$4.64B,56.35%,$2.60B,$4.51B,58.04%,$2.60B,$8.47B,30.35%,$0.60B,$6.45B,9.10%,$1286,$982,$305,$0,$230,$1221,$65,$2,$68,$26,$42,$42,$42,$75,$65,$376,380,$0.11,$0.11,$1273,$0,$0,$1494,$4197,$0,$130,$645,$6973,$8467,$1807,$1816,$207,$2023,$3829,$4,$1569,$-1,$4638,$8467,$117,$19,$115,$134,$0,$-250,$0,$48,$-176,$74,$-33,$0,$0,$0,$-7,$-7,$-21,$-60,$-287,$0,$-287,$-98,$-98,$-38,$0,$-423,$-409,$17,$-38
18,2014-03-31,17.98,$12.30,1.46,$14.53,1.24,$4.61,3.9,$6.72,2.68,$1.55B,$1.71B,0.91,$1.81B,$4.66B,0.39,$5.64B,$1.24B,21.97%,$5.64B,$0.57B,10.08%,$5.64B,$0.57B,10.08%,$5.64B,$0.60B,10.68%,$5.64B,$0.58B,10.20%,$5.64B,$2.59B,46.00%,$2.59B,$4.66B,64.27%,$2.59B,$4.53B,66.54%,$2.59B,$8.35B,32.17%,$0.57B,$6.48B,9.41%,$1119,$837,$282,$0,$145,$996,$123,$7,$130,$55,$75,$75,$74,$132,$123,$384,388,$0.19,$0.19,$1344,$0,$0,$1554,$4034,$0,$133,$596,$6798,$8351,$1705,$1814,$169,$1983,$3687,$4,$1600,$-1,$4664,$8351,$75,$9,$71,$80,$0,$-69,$0,$89,$-64,$91,$-18,$0,$0,$0,$-6,$-6,$4,$-20,$-320,$0,$-320,$-45,$-45,$-19,$0,$-384,$-312,$9,$-19
19,2013-12-31,19.04,$12.19,1.56,$14.63,1.3,$5.10,3.73,$6.74,2.83,$1.94B,$1.89B,1.03,$2.06B,$4.65B,0.44,$5.68B,$1.17B,20.66%,$5.68B,$0.53B,9.28%,$5.68B,$0.53B,9.28%,$5.68B,$0.56B,9.86%,$5.68B,$0.53B,9.28%,$5.68B,$2.60B,45.78%,$2.60B,$4.65B,75.66%,$2.60B,$4.51B,78.90%,$2.60B,$8.73B,33.96%,$0.53B,$6.71B,9.39%,$1655,$1273,$382,$0,$150,$1420,$235,$0,$232,$12,$220,$220,$216,$244,$235,$383,387,$0.57,$0.55,$1653,$0,$0,$1941,$3979,$0,$136,$592,$6793,$8734,$1892,$2058,$135,$2193,$4085,$4,$1594,$-1,$4649,$8734,$2620,$32,$-2019,$-1987,$0,$265,$0,$-6,$248,$881,$-29,$0,$0,$0,$-12,$-12,$-5,$-46,$-513,$0,$-513,$-108,$-108,$-38,$0,$-660,$176,$30,$-38
20,2013-09-30,15.38,$11.73,1.31,$14.42,1.07,$4.86,3.17,$6.32,2.43,$1.72B,$1.97B,0.87,$2.06B,$4.49B,0.46,$5.59B,$1.02B,18.32%,$5.59B,$0.34B,6.12%,$5.59B,$0.34B,6.12%,$5.59B,$0.37B,6.69%,$5.59B,$0.35B,6.19%,$5.59B,$2.44B,43.70%,$2.44B,$4.49B,86.59%,$2.44B,$4.35B,91.26%,$2.44B,$8.69B,34.14%,$0.34B,$6.55B,6.69%,$1582,$1253,$329,$0,$139,$1409,$173,$2,$175,$-2107,$2282,$2282,$2266,$181,$173,$383,386,$5.92,$5.87,$1419,$0,$0,$1716,$4151,$0,$139,$578,$6977,$8694,$1972,$2057,$174,$2230,$4202,$4,$1431,$-1,$4492,$8694,$2400,$23,$-2047,$-2023,$0,$89,$0,$-6,$178,$555,$-18,$0,$0,$0,$-1,$-1,$1,$-18,$-501,$0,$-501,$-71,$-71,$-19,$0,$-592,$-55,$22,$-19
21,2013-06-30,17.58,$6.00,2.93,$13.71,1.28,$4.55,3.87,$0.75,23.44,$1.52B,$1.88B,0.81,$2.08B,$2.33B,0.89,$5.31B,$0.93B,17.55%,$5.31B,$0.27B,5.16%,$5.31B,$0.27B,5.16%,$5.31B,$0.31B,5.74%,$5.31B,$0.28B,5.21%,$5.31B,$0.29B,5.53%,$0.29B,$2.33B,13.19%,$0.29B,$2.19B,14.12%,$0.29B,$6.45B,4.34%,$0.27B,$4.41B,5.76%,$1279,$1035,$245,$0,$151,$1242,$37,$1,$38,$2,$36,$36,$36,$45,$37,$385,391,$0.09,$0.09,$1279,$0,$0,$1517,$4183,$0,$143,$610,$4936,$6452,$1875,$2082,$167,$2249,$4124,$4,$-730,$-1,$2328,$6452,$118,$15,$50,$65,$0,$33,$0,$50,$152,$335,$-11,$0,$0,$0,$-1,$-1,$4,$-7,$-532,$0,$-532,$12,$12,$0,$0,$-520,$-192,$16,$0
22,2013-03-31,18.76,$5.87,3.19,$13.24,1.42,$4.27,4.4,$0.77,24.36,$1.90B,$1.83B,1.04,$2.51B,$2.28B,1.1,$5.10B,$0.86B,16.84%,$5.10B,$0.27B,5.37%,$5.10B,$0.27B,5.37%,$5.10B,$0.31B,5.98%,$5.10B,$0.28B,5.47%,$5.10B,$0.30B,5.88%,$0.30B,$2.28B,14.01%,$0.30B,$2.13B,15.08%,$0.30B,$6.74B,4.35%,$0.27B,$4.79B,5.57%,$1163,$946,$217,$0,$130,$1080,$82,$0,$82,$1,$82,$82,$82,$90,$82,$384,390,$0.21,$0.21,$1660,$0,$0,$1898,$4113,$0,$146,$585,$4843,$6741,$1828,$2512,$126,$2638,$4466,$4,$-766,$-1,$2276,$6741,$82,$7,$11,$19,$0,$100,$0,$81,$170,$271,$-5,$0,$0,$0,$-1,$-1,$5,$-1,$-82,$0,$-82,$1,$1,$0,$0,$-81,$188,$7,$0
23,2012-12-31,16.83,$5.66,2.97,$12.58,1.34,$3.89,4.33,$0.53,31.76,$1.80B,$1.93B,0.93,$2.51B,$2.19B,1.15,$4.82B,$0.76B,15.66%,$4.82B,$0.18B,3.65%,$4.82B,$0.18B,3.65%,$4.82B,$0.21B,4.27%,$4.82B,$0.18B,3.82%,$4.82B,$0.21B,4.27%,$0.21B,$2.19B,10.03%,$0.21B,$2.04B,10.84%,$0.21B,$6.73B,2.98%,$0.18B,$4.70B,3.54%,$1567,$1334,$233,$0,$142,$1517,$50,$1,$51,$-8,$59,$59,$59,$58,$50,$382,385,$0.15,$0.16,$1477,$0,$0,$1796,$4214,$0,$149,$575,$4939,$6734,$1934,$2510,$101,$2611,$4545,$4,$-844,$-1,$2190,$6734,$206,$30,$86,$116,$0,$455,$0,$-34,$438,$760,$-6,$0,$0,$0,$-16,$-16,$32,$10,$-480,$0,$-480,$32,$32,$0,$0,$-448,$322,$23,$0
24,2012-09-30,14.37,$5.49,2.61,$11.82,1.21,$1.95,7.37,$0.42,34.2,$1.90B,$1.90B,1.0,$3.00B,$2.12B,1.41,$4.52B,$0.65B,14.31%,$4.52B,$0.12B,2.55%,$4.52B,$0.12B,2.55%,$4.52B,$0.14B,3.19%,$4.52B,$0.12B,2.75%,$4.52B,$0.16B,3.57%,$0.16B,$2.12B,8.09%,$0.16B,$1.97B,8.78%,$0.16B,$7.14B,2.31%,$0.12B,$5.12B,2.27%,$1303,$1065,$237,$0,$125,$1198,$105,$1,$106,$-11,$117,$117,$117,$112,$105,$381,385,$0.31,$0.30,$1640,$0,$0,$1904,$4471,$0,$153,$614,$5237,$7141,$1897,$3000,$122,$3122,$5019,$4,$-903,$-1,$2122,$7141,$147,$22,$36,$58,$0,$161,$0,$-8,$216,$421,$-6,$0,$0,$0,$-1,$-1,$29,$22,$11,$0,$11,$26,$26,$0,$0,$37,$481,$14,$0
25,2012-06-30,9.92,$5.15,1.93,$11.44,0.87,$0.43,22.96,$-0.22,0.0,$1.63B,$1.77B,0.92,$3.09B,$1.98B,1.57,$4.35B,$0.59B,13.48%,$4.35B,$-0.19B,-4.43%,$4.35B,$-0.19B,-4.43%,$4.35B,$0.08B,1.77%,$4.35B,$-0.19B,-4.25%,$4.35B,$-0.09B,-1.95%,$-0.09B,$1.98B,-4.38%,$-0.09B,$1.82B,-4.77%,$-0.09B,$6.95B,-1.22%,$-0.19B,$5.07B,-3.79%,$1069,$897,$172,$0,$124,$1032,$37,$3,$40,$-3,$42,$42,$42,$45,$37,$381,382,$0.11,$0.11,$1397,$0,$0,$1632,$4552,$0,$156,$614,$5321,$6953,$1767,$3094,$117,$3211,$4978,$4,$-1019,$-1,$1975,$6953,$31,$15,$21,$36,$0,$72,$0,$35,$145,$212,$-2,$0,$0,$0,$-0,$-0,$19,$16,$0,$0,$0,$-1,$-1,$0,$0,$-1,$227,$9,$0
26,2012-03-31,8.2,$5.03,1.63,$11.08,0.74,$-0.70,0.0,$-0.48,0.0,$1.49B,$1.77B,0.84,$3.09B,$1.93B,1.6,$4.21B,$0.51B,12.11%,$4.21B,$-0.29B,-6.77%,$4.21B,$-0.29B,-6.77%,$4.21B,$-0.02B,-0.36%,$4.21B,$-0.28B,-6.60%,$4.21B,$-0.18B,-4.32%,$-0.18B,$1.93B,-9.28%,$-0.18B,$1.77B,-10.48%,$-0.18B,$6.86B,-2.56%,$-0.29B,$5.02B,-5.51%,$881,$768,$113,$0,$123,$898,$-16,$3,$-13,$-2,$-12,$-12,$-12,$-9,$-16,$381,381,$-0.03,$-0.03,$1302,$0,$0,$1486,$4721,$0,$159,$494,$5374,$6859,$1768,$3091,$72,$3163,$4931,$4,$-1062,$-1,$1929,$6859,$-12,$7,$12,$19,$0,$46,$0,$84,$107,$115,$1,$0,$0,$0,$0,$0,$12,$13,$2,$0,$2,$-1,$-1,$0,$0,$1,$129,$4,$0
27,2011-12-31,5.85,$5.07,1.15,$10.89,0.54,$-1.14,0.0,$-0.55,0.0,$1.44B,$1.81B,0.8,$3.09B,$1.94B,1.59,$4.14B,$0.50B,11.99%,$4.14B,$-0.32B,-7.66%,$4.14B,$-0.32B,-7.66%,$4.14B,$-0.05B,-1.09%,$4.14B,$-0.31B,-7.50%,$4.14B,$-0.21B,-5.08%,$-0.21B,$1.94B,-10.48%,$-0.21B,$1.78B,-12.24%,$-0.21B,$6.89B,-2.89%,$-0.32B,$5.03B,-6.00%,$1262,$1138,$124,$0,$117,$1274,$-11,$2,$-9,$-23,$14,$14,$14,$-4,$-11,$380,380,$0.04,$0.04,$1185,$0,$0,$1443,$4636,$0,$162,$644,$5443,$6886,$1812,$3088,$47,$3135,$4947,$4,$-1050,$-1,$1939,$6886,$-210,$273,$74,$347,$0,$55,$0,$106,$-119,$17,$-11,$0,$0,$0,$-4,$-4,$-79,$-94,$-321,$0,$-321,$-3,$-3,$0,$0,$-324,$-400,$17,$0
28,2011-09-30,3.66,$5.03,0.73,$10.70,0.34,$0.37,9.89,$-1.03,0.0,$1.43B,$1.89B,0.76,$3.34B,$1.92B,1.73,$4.06B,$0.40B,9.81%,$4.06B,$-0.50B,-12.29%,$4.06B,$-0.50B,-12.29%,$4.06B,$-0.22B,-5.49%,$4.06B,$-0.49B,-12.10%,$4.06B,$-0.39B,-9.58%,$-0.39B,$1.92B,-18.96%,$-0.39B,$1.76B,-22.87%,$-0.39B,$7.23B,-5.21%,$-0.50B,$5.26B,-9.22%,$1142,$964,$178,$0,$122,$1345,$-203,$0,$-203,$-73,$-129,$-129,$-129,$45,$-203,$380,380,$-0.34,$-0.34,$1256,$0,$0,$1430,$4890,$0,$166,$744,$5799,$7229,$1891,$3335,$78,$3414,$5305,$4,$-1064,$-1,$1923,$7229,$-224,$265,$35,$300,$0,$-174,$0,$111,$-236,$-160,$-6,$0,$0,$0,$-3,$-3,$-85,$-94,$-68,$0,$-68,$-2,$-2,$0,$0,$-70,$-324,$14,$0
29,2011-06-30,7.1,$5.35,1.33,$10.49,0.68,$2.89,2.46,$-3.32,0.0,$1.35B,$1.96B,0.69,$3.33B,$2.05B,1.63,$3.98B,$0.30B,7.47%,$3.98B,$-1.32B,-33.16%,$3.98B,$-1.32B,-33.16%,$3.98B,$-0.62B,-15.70%,$3.98B,$-1.31B,-33.01%,$3.98B,$-1.26B,-31.57%,$-1.26B,$2.05B,-58.50%,$-1.26B,$1.64B,-72.51%,$-1.26B,$7.43B,-15.82%,$-1.32B,$5.38B,-22.95%,$927,$833,$95,$0,$138,$983,$-55,$2,$-53,$2,$-55,$-55,$-55,$-47,$-55,$380,380,$-0.15,$-0.15,$1203,$0,$0,$1352,$4905,$0,$409,$759,$6074,$7426,$1959,$3332,$85,$3417,$5376,$4,$-935,$-1,$2050,$7426,$-95,$17,$22,$39,$0,$-181,$0,$122,$-163,$-219,$-2,$0,$0,$0,$-3,$-3,$-100,$-104,$-69,$0,$-69,$-2,$-2,$0,$0,$-71,$-395,$11,$0
30,2011-03-31,6.86,$5.49,1.25,$11.48,0.6,$5.68,1.21,$-2.97,0.0,$1.57B,$1.97B,0.8,$3.38B,$2.10B,1.61,$4.35B,$0.36B,8.18%,$4.35B,$-1.28B,-29.31%,$4.35B,$-1.28B,-29.31%,$4.35B,$-0.58B,-13.25%,$4.35B,$-1.27B,-29.05%,$4.35B,$-1.12B,-25.82%,$-1.12B,$2.10B,-45.82%,$-1.12B,$1.69B,-60.05%,$-1.12B,$7.52B,-13.14%,$-1.28B,$5.48B,-20.29%,$805,$706,$99,$0,$142,$853,$-48,$2,$-45,$-6,$-40,$-40,$-40,$-39,$-48,$380,380,$-0.10,$-0.10,$1426,$0,$0,$1570,$4767,$0,$413,$767,$5946,$7517,$1969,$3381,$66,$3447,$5416,$4,$-880,$-2,$2100,$7517,$-40,$9,$6,$15,$0,$-10,$0,$113,$-25,$-50,$-4,$0,$0,$0,$-2,$-2,$-109,$-114,$-13,$0,$-13,$-1,$-1,$0,$0,$-14,$-178,$6,$0
31,2010-12-31,6.97,$5.59,1.25,$12.06,0.58,$7.61,0.92,$-2.90,0.0,$1.68B,$2.12B,0.79,$3.39B,$2.14B,1.59,$4.57B,$0.39B,8.60%,$4.57B,$-1.25B,-27.25%,$4.57B,$-1.25B,-27.25%,$4.57B,$-0.54B,-11.86%,$4.57B,$-1.24B,-27.03%,$4.57B,$-1.10B,-23.99%,$-1.10B,$2.14B,-40.18%,$-1.10B,$1.72B,-55.39%,$-1.10B,$7.70B,-11.97%,$-1.25B,$5.53B,-18.34%,$1185,$1159,$26,$0,$151,$1378,$-193,$3,$-190,$-25,$-165,$-165,$-165,$-182,$-193,$379,379,$-0.44,$-0.44,$1508,$0,$0,$1684,$4782,$0,$416,$817,$6015,$7699,$2121,$3392,$52,$3443,$5564,$4,$-840,$-2,$2135,$7699,$-1097,$702,$300,$1002,$0,$-29,$0,$970,$687,$592,$-13,$0,$0,$0,$-10,$-10,$4,$-19,$-954,$0,$-954,$5,$5,$0,$0,$-950,$-377,$32,$0
32,2010-09-30,8.12,$6.01,1.35,$14.69,0.55,$8.39,0.97,$-2.77,0.0,$2.81B,$2.43B,1.16,$4.29B,$2.30B,1.87,$5.12B,$0.26B,5.06%,$5.12B,$-1.98B,-38.65%,$5.12B,$-1.98B,-38.65%,$5.12B,$-0.71B,-13.82%,$5.12B,$-1.96B,-38.36%,$5.12B,$-1.05B,-20.49%,$-1.05B,$2.30B,-35.02%,$-1.05B,$1.88B,-50.47%,$-1.05B,$9.09B,-10.76%,$-1.98B,$6.58B,-27.17%,$1058,$981,$77,$0,$426,$2080,$-1022,$-2,$-1024,$-29,$-995,$-995,$-995,$-356,$-1022,$379,379,$-2.63,$-2.63,$2656,$0,$0,$2810,$4976,$0,$419,$887,$6283,$9093,$2431,$4286,$79,$4365,$6796,$4,$-675,$-2,$2296,$9093,$-931,$691,$127,$819,$0,$-66,$0,$91,$911,$799,$-10,$0,$0,$0,$-13,$-13,$4,$-19,$-20,$0,$-20,$6,$6,$0,$0,$-14,$765,$27,$0
33,2010-06-30,7.67,$8.58,0.89,$15.39,0.5,$7.29,1.05,$-1.30,0.0,$3.02B,$2.26B,1.34,$4.29B,$3.28B,1.31,$5.15B,$0.14B,2.66%,$5.15B,$-1.31B,-25.47%,$5.15B,$-1.31B,-25.47%,$5.15B,$-0.69B,-13.44%,$5.15B,$-1.30B,-25.19%,$5.15B,$-0.41B,-8.04%,$-0.41B,$3.28B,-12.75%,$-0.41B,$2.20B,-20.31%,$-0.41B,$9.92B,-4.12%,$-1.31B,$7.57B,-17.41%,$1306,$1152,$154,$0,$157,$1318,$-13,$7,$-6,$-82,$76,$76,$76,$0,$-13,$379,380,$0.20,$0.20,$2776,$0,$0,$3019,$4883,$0,$1077,$936,$6896,$9915,$2259,$4285,$90,$4374,$6634,$4,$320,$-2,$3282,$9915,$64,$26,$49,$75,$0,$30,$0,$-20,$711,$850,$-8,$0,$0,$0,$-20,$-20,$4,$-24,$56,$0,$56,$7,$7,$0,$0,$62,$888,$16,$0
34,2010-03-31,10.43,$8.36,1.25,$14.62,0.71,$6.56,1.59,$-2.24,0.0,$2.78B,$2.35B,1.19,$4.28B,$3.20B,1.34,$4.52B,$-0.11B,-2.32%,$4.52B,$-1.49B,-32.85%,$4.52B,$-1.49B,-32.85%,$4.52B,$-0.87B,-19.18%,$4.52B,$-1.48B,-32.69%,$4.52B,$-0.68B,-15.02%,$-0.68B,$3.20B,-22.91%,$-0.68B,$2.12B,-33.53%,$-0.68B,$9.91B,-7.41%,$-1.49B,$7.48B,-21.46%,$1020,$884,$136,$0,$161,$1037,$-17,$2,$-15,$-2,$-12,$-12,$-12,$-4,$-17,$378,378,$-0.03,$-0.03,$2612,$0,$0,$2782,$5023,$0,$1081,$1023,$7127,$9909,$2348,$4283,$81,$4364,$6712,$4,$244,$-2,$3197,$9909,$-12,$13,$16,$29,$0,$-100,$0,$77,$661,$678,$-3,$0,$0,$0,$-1,$-1,$3,$-1,$40,$0,$40,$6,$6,$0,$0,$47,$723,$8,$0
35,2009-12-31,9.27,$8.39,1.1,$14.21,0.65,$5.84,1.59,$-4.23,0.0,$2.06B,$2.50B,0.82,$4.28B,$3.19B,1.34,$4.09B,$-0.58B,-14.08%,$4.09B,$-1.93B,-47.32%,$4.09B,$-1.93B,-47.32%,$4.09B,$-1.32B,-32.19%,$4.09B,$-1.98B,-48.35%,$4.09B,$-1.18B,-28.94%,$-1.18B,$3.19B,-43.04%,$-1.18B,$2.11B,-56.87%,$-1.18B,$10.05B,-14.09%,$-1.93B,$7.48B,-30.10%,$1731,$1838,$-108,$0,$202,$2656,$-925,$8,$-917,$-800,$-117,$-117,$-117,$-347,$-925,$300,300,$-0.03,$-0.03,$1891,$0,$0,$2057,$4940,$0,$1084,$1969,$7994,$10051,$2501,$4282,$74,$4356,$6857,$4,$257,$-2,$3194,$10051,$-1183,$617,$1088,$1705,$0,$494,$0,$483,$207,$729,$-37,$0,$1749,$0,$-26,$-26,$9,$1694,$-2224,$0,$-2224,$-3,$-3,$0,$-3,$-2230,$193,$46,$0
36,2009-09-30,10.19,$8.71,1.17,$14.90,0.68,$8.29,1.23,$-5.25,0.0,$1.78B,$2.60B,0.69,$4.28B,$3.31B,1.29,$3.99B,$-0.50B,-12.53%,$3.99B,$-1.49B,-37.28%,$3.99B,$-1.49B,-37.28%,$3.99B,$-1.43B,-35.73%,$3.99B,$-1.54B,-38.54%,$3.99B,$-1.40B,-35.15%,$-1.40B,$3.31B,-52.81%,$-1.40B,$1.73B,-62.80%,$-1.40B,$10.28B,-17.98%,$-1.49B,$7.59B,-24.58%,$1091,$1136,$-45,$0,$222,$1447,$-356,$-3,$-359,$3,$-361,$-361,$-361,$-341,$-356,$313,313,$-1.15,$-1.15,$1551,$0,$0,$1777,$5631,$0,$1589,$1248,$8506,$10282,$2596,$4280,$94,$4374,$6969,$4,$374,$-0,$3313,$10282,$-1066,$39,$766,$805,$0,$41,$0,$349,$591,$331,$-24,$0,$1749,$0,$-16,$-16,$3,$1712,$-2178,$0,$-2178,$-4,$-4,$0,$0,$-2182,$-139,$36,$0
37,2009-06-30,8.18,$8.31,0.98,$17.56,0.47,$10.29,0.8,$-5.20,0.0,$1.73B,$1.22B,1.41,$2.97B,$2.15B,1.38,$4.46B,$-0.55B,-12.34%,$4.46B,$-1.43B,-32.08%,$4.46B,$-1.43B,-32.08%,$4.46B,$-1.36B,-30.60%,$4.46B,$-1.47B,-33.06%,$4.46B,$-1.32B,-29.65%,$-1.32B,$2.15B,-50.38%,$-1.32B,$2.15B,-50.88%,$-1.32B,$6.40B,-18.17%,$-1.43B,$5.12B,-24.90%,$679,$766,$-88,$0,$122,$865,$-187,$-0,$-187,$3,$-189,$-189,$-189,$-175,$-187,$255,255,$-0.74,$-0.74,$1636,$0,$0,$1727,$3677,$0,$0,$999,$4676,$6403,$1222,$2974,$57,$3032,$4253,$3,$737,$-2,$2150,$6403,$-704,$25,$531,$556,$0,$133,$0,$245,$548,$400,$-21,$0,$0,$0,$-11,$-11,$0,$-32,$-388,$0,$-388,$-1,$-1,$0,$0,$-389,$-19,$17,$0
38,2009-03-31,10.13,$9.00,1.13,$21.28,0.48,$10.70,0.95,$-5.09,0.0,$1.87B,$1.28B,1.46,$3.17B,$2.33B,1.36,$5.40B,$-0.48B,-8.82%,$5.40B,$-1.46B,-27.08%,$5.40B,$-1.46B,-27.08%,$5.40B,$-1.39B,-25.73%,$5.40B,$-1.50B,-27.83%,$5.40B,$-1.29B,-23.92%,$-1.29B,$2.33B,-43.70%,$-1.29B,$2.33B,-44.08%,$-1.29B,$6.82B,-16.51%,$-1.46B,$5.49B,-23.89%,$584,$918,$-334,$0,$127,$1049,$-465,$-47,$-512,$3,$-515,$-515,$-515,$-452,$-465,$255,255,$-2.02,$-2.02,$1746,$0,$0,$1874,$3854,$0,$0,$1087,$4941,$6815,$1280,$3167,$41,$3208,$4487,$3,$927,$-5,$2328,$6815,$-515,$13,$420,$433,$0,$54,$0,$174,$372,$291,$-19,$0,$0,$0,$-8,$-8,$0,$-28,$-171,$0,$-171,$-1,$-1,$0,$0,$-172,$91,$8,$0
39,2008-12-31,10.13,$10.98,0.92,$24.71,0.41,$10.49,0.97,$-5.82,0.0,$1.95B,$1.67B,1.17,$3.17B,$2.84B,1.12,$6.26B,$-0.84B,-13.40%,$6.26B,$-1.69B,-27.05%,$6.26B,$-1.69B,-27.05%,$6.26B,$-1.61B,-25.77%,$6.26B,$-1.68B,-26.87%,$6.26B,$-1.47B,-23.50%,$-1.47B,$2.84B,-44.90%,$-1.47B,$2.73B,-45.26%,$-1.47B,$7.71B,-17.57%,$-1.69B,$6.00B,-25.97%,$1637,$1670,$-33,$0,$428,$2116,$-480,$0,$-480,$-142,$-338,$-338,$-338,$-458,$-480,$254,254,$-1.32,$-1.32,$1655,$0,$0,$1953,$4201,$0,$103,$1452,$5755,$7708,$1666,$3166,$41,$3207,$4873,$3,$1442,$-4,$2836,$7708,$-1473,$80,$1679,$1759,$0,$1115,$0,$392,$935,$1220,$-14,$0,$0,$0,$-49,$-49,$7,$-56,$-520,$0,$-520,$-1,$-1,$-41,$-6,$-568,$595,$39,$-41
40,2008-09-30,12.9,$12.36,1.04,$29.72,0.43,$10.37,1.24,$-7.95,0.0,$1.41B,$1.73B,0.82,$3.17B,$3.18B,1.0,$7.52B,$0.55B,7.26%,$7.52B,$-1.59B,-21.12%,$7.52B,$-1.59B,-21.12%,$7.52B,$-1.48B,-19.63%,$7.52B,$-1.66B,-22.04%,$7.52B,$-2.01B,-26.72%,$-2.01B,$3.18B,-55.05%,$-2.01B,$3.18B,-55.05%,$-2.01B,$8.18B,-22.30%,$-1.59B,$6.35B,-22.78%,$1558,$1653,$-95,$0,$200,$1856,$-298,$3,$-295,$-14,$-280,$-280,$-280,$-279,$-298,$254,254,$-1.11,$-1.11,$1174,$0,$0,$1411,$5230,$0,$0,$1294,$6772,$8183,$1726,$3166,$107,$3273,$5000,$3,$1792,$-3,$3183,$8183,$-1135,$58,$1044,$1102,$0,$568,$0,$295,$796,$763,$-10,$0,$0,$0,$-47,$-47,$6,$-51,$-566,$0,$-566,$-2,$-2,$-31,$0,$-599,$114,$36,$-31
41,2008-06-30,8.87,$13.48,0.66,$33.38,0.27,$8.50,1.04,$-9.96,0.0,$1.29B,$1.81B,0.71,$3.17B,$3.47B,0.91,$8.43B,$-0.40B,-4.76%,$8.43B,$-2.33B,-27.66%,$8.43B,$-2.33B,-27.66%,$8.43B,$-1.88B,-22.33%,$8.43B,$-2.46B,-29.13%,$8.43B,$-2.52B,-29.85%,$-2.52B,$3.47B,-60.64%,$-2.52B,$3.47B,-61.20%,$-2.52B,$8.58B,-25.96%,$-2.33B,$6.64B,-30.88%,$1619,$1634,$-14,$0,$186,$1839,$-219,$4,$-215,$-57,$-158,$-158,$-158,$-200,$-219,$253,253,$-0.63,$-0.63,$988,$0,$0,$1285,$5726,$0,$0,$1398,$7294,$8579,$1813,$3166,$130,$3296,$5110,$3,$2082,$-2,$3470,$8579,$-855,$39,$849,$887,$0,$350,$0,$196,$457,$489,$-7,$0,$0,$0,$-37,$-37,$2,$-43,$-496,$0,$-496,$-3,$-3,$-21,$0,$-520,$-72,$25,$-21
42,2008-03-31,13.35,$14.08,0.95,$35.01,0.38,$6.52,2.05,$-11.34,0.0,$1.36B,$1.81B,0.75,$3.48B,$3.62B,0.96,$8.83B,$-1.14B,-12.88%,$8.83B,$-2.86B,-32.42%,$8.83B,$-2.86B,-32.42%,$8.83B,$-2.41B,-27.31%,$8.83B,$-3.05B,-34.50%,$8.83B,$-2.87B,-32.45%,$-2.87B,$3.62B,-60.03%,$-2.87B,$3.62B,-62.12%,$-2.87B,$9.05B,-27.20%,$-2.86B,$7.10B,-34.70%,$1449,$2146,$-697,$0,$0,$2146,$-697,$4,$-693,$3,$-696,$-696,$-696,$-677,$-697,$253,253,$-2.75,$-2.75,$1071,$0,$0,$1355,$6180,$0,$0,$1406,$7692,$9047,$1811,$3479,$133,$3612,$5423,$3,$2251,$-3,$3624,$9047,$-696,$20,$676,$696,$0,$112,$0,$195,$220,$220,$-2,$0,$0,$0,$-7,$-7,$1,$-9,$-187,$0,$-187,$-3,$-3,$-10,$0,$-200,$11,$12,$-10
43,2007-12-31,9.64,$16.80,0.57,$36.71,0.26,$6.41,1.5,$-8.92,0.0,$1.51B,$2.30B,0.66,$3.48B,$4.32B,0.81,$9.26B,$-0.58B,-6.30%,$9.26B,$-2.31B,-24.95%,$9.26B,$-2.31B,-24.95%,$9.26B,$-1.86B,-20.05%,$9.26B,$-2.50B,-26.99%,$9.26B,$-2.26B,-24.38%,$-2.26B,$4.32B,-41.13%,$-2.26B,$4.32B,-43.38%,$-2.26B,$10.23B,-19.95%,$-2.31B,$7.80B,-25.71%,$2892,$1540,$1352,$0,$0,$3266,$-374,$-80,$-454,$439,$-893,$-893,$-875,$-320,$-374,$252,252,$-3.47,$-3.47,$1060,$0,$0,$1507,$6836,$0,$0,$1776,$8718,$10226,$2295,$3478,$133,$3611,$5906,$3,$2960,$-5,$4320,$10226,$-2256,$454,$2383,$2837,$0,$622,$0,$653,$637,$1218,$-50,$0,$0,$0,$-231,$-231,$60,$-221,$-449,$0,$-449,$2,$2,$-41,$1,$-488,$509,$71,$-41
44,2007-09-30,12.4,$20.27,0.61,$42.22,0.29,$0.43,28.52,$-5.49,0.0,$0.44B,$2.05B,0.21,$3.48B,$5.19B,0.67,$10.75B,$-1.86B,-17.27%,$10.75B,$-1.86B,-17.27%,$10.75B,$-1.86B,-17.27%,$10.75B,$-1.43B,-13.32%,$10.75B,$-2.06B,-19.18%,$10.75B,$-1.39B,-12.93%,$-1.39B,$5.19B,-22.97%,$-1.39B,$5.04B,-24.63%,$-1.39B,$10.93B,-11.53%,$-1.86B,$8.67B,-19.43%,$2472,$3514,$-1042,$0,$0,$3514,$-1042,$-52,$-1094,$-306,$-788,$-788,$-788,$-686,$-1042,$252,252,$-3.12,$-3.12,$102,$0,$0,$440,$8131,$0,$153,$1507,$10493,$10932,$2051,$3478,$215,$3693,$5744,$3,$3846,$-4,$5189,$10932,$-1381,$400,$1263,$1663,$0,$-300,$0,$564,$43,$325,$-45,$0,$0,$0,$-156,$-156,$29,$-171,$-601,$25,$-576,$1,$1,$-31,$3,$-603,$-450,$52,$-31
45,2007-06-30,20.41,$23.33,0.87,$46.27,0.44,$-5.88,0.0,$-1.63,0.0,$0.46B,$2.23B,0.2,$3.48B,$5.97B,0.58,$11.85B,$-0.52B,-4.40%,$11.85B,$-0.52B,-4.40%,$11.85B,$-0.52B,-4.40%,$11.85B,$-0.43B,-3.65%,$11.85B,$-0.67B,-5.67%,$11.85B,$-0.41B,-3.48%,$-0.41B,$5.97B,-6.44%,$-0.41B,$5.48B,-6.98%,$-0.41B,$11.95B,-3.22%,$-0.52B,$9.45B,-5.25%,$2021,$2773,$-751,$0,$0,$2773,$-751,$-55,$-807,$-299,$-508,$-508,$-508,$-730,$-751,$252,252,$-2.01,$-2.01,$75,$0,$0,$455,$9089,$0,$491,$1477,$11496,$11952,$2231,$3478,$273,$3750,$5981,$3,$4644,$-4,$5970,$11952,$-593,$43,$666,$709,$0,$-520,$0,$652,$-109,$7,$-27,$0,$0,$0,$-95,$-95,$29,$-94,$-547,$173,$-374,$1,$1,$-20,$3,$-390,$-477,$35,$-20
46,2007-03-31,24.01,$25.27,0.95,$51.23,0.47,$-10.07,0.0,$1.32,18.19,$0.45B,$1.90B,0.24,$3.54B,$6.47B,0.55,$13.18B,$0.62B,4.70%,$13.18B,$0.62B,4.70%,$13.18B,$0.62B,4.70%,$13.18B,$0.71B,5.36%,$13.18B,$0.52B,3.97%,$13.18B,$0.34B,2.57%,$0.34B,$6.47B,5.22%,$0.34B,$5.98B,5.65%,$0.34B,$12.15B,2.56%,$0.62B,$10.01B,6.17%,$1871,$2013,$-142,$0,$0,$2013,$-142,$-1,$-143,$-57,$-86,$-86,$-86,$-120,$-142,$252,252,$-0.34,$-0.34,$117,$0,$0,$453,$9423,$0,$493,$1611,$11698,$12151,$1902,$3538,$242,$3780,$5681,$3,$5162,$-4,$6470,$12151,$-86,$22,$160,$182,$0,$-185,$0,$655,$106,$202,$-14,$0,$0,$0,$-82,$-82,$2,$-94,$-534,$0,$-534,$-2,$-2,$-10,$3,$-543,$-434,$19,$-10
47,2006-12-31,30.01,$25.76,1.17,$55.16,0.54,$-12.40,0.0,$2.66,11.28,$1.42B,$2.86B,0.5,$3.54B,$6.58B,0.54,$14.28B,$1.15B,8.03%,$14.28B,$1.15B,8.03%,$14.28B,$1.15B,8.03%,$14.28B,$1.23B,8.62%,$14.28B,$1.08B,7.59%,$14.28B,$0.69B,4.82%,$0.69B,$6.58B,10.70%,$0.69B,$6.08B,11.60%,$0.69B,$13.18B,5.15%,$1.15B,$10.12B,11.54%,$4389,$4310,$78,$0,$0,$4310,$78,$-97,$-18,$-10,$-8,$-8,$-8,$104,$78,$252,259,$-0.03,$-0.03,$551,$0,$0,$1423,$9374,$0,$495,$1715,$11754,$13177,$2861,$3538,$200,$3738,$6600,$3,$5293,$-3,$6577,$13177,$687,$84,$402,$486,$0,$-1152,$0,$266,$-1441,$-268,$-80,$0,$49,$0,$-58,$-58,$2,$-87,$52,$0,$52,$-114,$-114,$-41,$7,$-96,$-451,$78,$-41
