,Date,Stock Price,Book Value per Share,Price to Book Ratio,TTM Sales per Share,Price to Sales Ratio,TTM FCF per Share,Price to FCF Ratio,TTM Net EPS,PE Ratio,Current Assets,Current Liabilities,Current Ratio,Long Term Debt,Shareholder's Equity_x,Debt to Equity Ratio,TTM Revenue_x,TTM Gross Profit,Gross Margin,TTM Revenue_y,TTM Operating Income,Operating Margin,TTM Revenue_x,TTM EBIT,EBIT Margin,TTM Revenue_y,TTM EBITDA,EBITDA Margin,TTM Revenue_x,TTM Pre-Tax Income,Pre-Tax Margin,TTM Revenue_y,TTM Net Income_x,Net Margin,TTM Net Income_y,Shareholder's Equity_y,Return on Equity,TTM Net Income_x,Tangible Equity,Return on Tangible Equity,TTM Net Income_y,Total Assets,Return on Assets,TTM Net Income,LT Investments & Debt,Return on Investment,revenue,cost-goods-sold,gross-profit,research-development-expenses,selling-general-administrative-expenses,operating-expenses,operating-income,total-non-operating-income-expense,pre-tax-income,total-provision-income-taxes,income-after-taxes,income-from-continuous-operations,net-income,ebitda,ebit,basic-shares-outstanding,shares-outstanding,eps-basic-net-earnings-per-share,eps-earnings-per-share-diluted,cash-on-hand,inventory,other-current-assets,total-current-assets,net-property-plant-equipment,long-term-investments,goodwill-intangible-assets-total,other-long-term-assets,total-long-term-assets,total-assets,total-current-liabilities,long-term-debt,other-non-current-liabilities,total-long-term-liabilities,total-liabilities,common-stock-net,retained-earnings-accumulated-deficit,comprehensive-income,total-share-holder-equity,total-liabilities-share-holders-equity,net-income-loss,total-depreciation-amortization-cash-flow,other-non-cash-items,total-non-cash-items,change-in-accounts-receivable,change-in-inventories,change-in-accounts-payable,change-in-assets-liabilities,total-change-in-assets-liabilities,cash-flow-from-operating-activities,net-change-in-property-plant-equipment,net-change-in-intangible-assets,net-acquisitions-divestitures,net-change-in-short-term-investments,net-change-in-long-term-investments,net-change-in-investments-total,investing-activities-other,cash-flow-from-investing-activities,net-long-term-debt,net-current-debt,debt-issuance-retirement-net-total,net-common-equity-issued-repurchased,net-total-equity-issued-repurchased,total-common-preferred-stock-dividends-paid,financial-activities-other,cash-flow-from-financial-activities,net-cash-flow,stock-based-compensation,common-stock-dividends-paid
0,2018-06-30,19.06,$7.70,2.47,$2.74,6.97,$1.38,13.84,$0.88,21.66,$0.01B,$0.01B,1.28,$0.04B,$0.13B,0.31,$0.05B,$0.03B,67.39%,$0.05B,$0.00B,4.35%,$0.05B,$0.00B,8.70%,$0.05B,$0.02B,52.17%,$0.05B,$0.00B,4.35%,$0.05B,$0.02B,32.61%,$0.02B,$0.13B,11.88%,$0.02B,$0.13B,11.88%,$0.02B,$0.20B,7.43%,$0.00B,$0.17B,1.15%,$10,$4,$6,$0,$2,$11,$-1,$0,$-1,$-0,$-1,$-1,$-1,$4,$-1,$17,17,$-0.05,$-0.05,$0,$0,$0,$7,$189,$0,$0,$0,$189,$197,$6,$40,$3,$62,$67,$0,$125,$0,$129,$197,$14,$14,$-12,$2,$1,$0,$-0,$4,$5,$22,$-7,$0,$-1,$0,$0,$0,$0,$-8,$-12,$0,$-12,$-0,$-0,$-2,$0,$-14,$-0,$1,$-2
1,2018-03-31,19.22,$7.78,2.47,$2.91,6.61,$0.32,60.46,$1.00,19.22,$0.01B,$0.00B,1.92,$0.04B,$0.13B,0.33,$0.05B,$0.03B,70.83%,$0.05B,$0.01B,10.42%,$0.05B,$0.01B,14.58%,$0.05B,$0.03B,56.25%,$0.05B,$0.01B,10.42%,$0.05B,$0.02B,35.42%,$0.02B,$0.13B,13.82%,$0.02B,$0.13B,13.82%,$0.02B,$0.20B,8.34%,$0.01B,$0.17B,2.90%,$11,$4,$8,$0,$2,$10,$1,$0,$1,$-0,$1,$1,$1,$6,$1,$17,17,$0.06,$0.06,$0,$0,$0,$8,$191,$0,$0,$0,$192,$199,$4,$44,$3,$65,$69,$0,$127,$0,$130,$199,$15,$10,$-12,$-2,$1,$0,$-0,$3,$3,$15,$-5,$0,$0,$0,$0,$0,$0,$-5,$-9,$0,$-9,$-0,$-0,$-1,$0,$-10,$-0,$0,$-1
2,2017-12-31,20.42,$7.73,2.64,$3.06,6.67,$-0.13,0.0,$1.15,17.76,$0.01B,$0.00B,2.74,$0.05B,$0.13B,0.39,$0.05B,$0.04B,70.59%,$0.05B,$0.01B,15.69%,$0.05B,$0.01B,21.57%,$0.05B,$0.03B,58.82%,$0.05B,$0.01B,15.69%,$0.05B,$0.02B,37.25%,$0.02B,$0.13B,15.93%,$0.02B,$0.13B,15.93%,$0.02B,$0.20B,9.31%,$0.01B,$0.18B,4.75%,$12,$4,$8,$0,$2,$11,$1,$0,$1,$-13,$14,$14,$14,$7,$2,$17,17,$0.81,$0.81,$1,$0,$0,$9,$195,$0,$0,$0,$196,$204,$3,$50,$3,$72,$75,$0,$126,$0,$129,$204,$14,$5,$-12,$-7,$0,$0,$-0,$1,$0,$7,$-4,$0,$0,$0,$0,$0,$0,$-4,$-2,$0,$-2,$-0,$-0,$-1,$0,$-3,$0,$0,$-1
3,2017-09-30,23.61,$7.00,3.37,$2.74,8.62,$-0.20,0.0,$0.21,112.42,$0.01B,$0.00B,2.82,$0.05B,$0.12B,0.45,$0.05B,$0.03B,69.57%,$0.05B,$0.00B,8.70%,$0.05B,$0.01B,13.04%,$0.05B,$0.03B,54.35%,$0.05B,$0.00B,8.70%,$0.05B,$0.00B,6.52%,$0.00B,$0.12B,2.61%,$0.00B,$0.12B,2.61%,$0.00B,$0.21B,1.48%,$0.00B,$0.17B,2.46%,$13,$4,$9,$0,$2,$11,$1,$0,$1,$0,$1,$1,$1,$7,$2,$17,17,$0.06,$0.06,$1,$0,$1,$10,$197,$0,$0,$0,$197,$207,$4,$52,$3,$86,$90,$0,$113,$0,$117,$207,$4,$18,$2,$21,$-2,$0,$-0,$-1,$-4,$21,$-25,$0,$0,$0,$-0,$-0,$0,$-25,$8,$0,$8,$-1,$-1,$-3,$0,$4,$0,$1,$-3
4,2017-06-30,22.87,$6.96,3.29,$2.58,8.87,$1.43,16.02,$0.20,114.33,$0.01B,$0.01B,1.56,$0.05B,$0.12B,0.43,$0.04B,$0.03B,69.77%,$0.04B,$0.00B,9.30%,$0.04B,$0.01B,11.63%,$0.04B,$0.03B,58.14%,$0.04B,$0.00B,9.30%,$0.04B,$0.00B,6.98%,$0.00B,$0.12B,2.63%,$0.00B,$0.12B,2.63%,$0.00B,$0.21B,1.50%,$0.00B,$0.17B,2.50%,$12,$4,$9,$0,$2,$11,$2,$0,$2,$1,$1,$1,$1,$7,$2,$17,17,$0.07,$0.07,$1,$0,$2,$9,$197,$0,$0,$0,$197,$205,$6,$50,$3,$84,$89,$0,$113,$0,$116,$205,$2,$14,$1,$14,$-1,$0,$-0,$-1,$-3,$14,$-17,$0,$0,$0,$-0,$-0,$0,$-17,$6,$0,$6,$-0,$-0,$-2,$0,$3,$0,$0,$-2
5,2017-03-31,18.97,$6.91,2.75,$2.43,7.81,$2.66,7.13,$0.08,237.09,$0.01B,$0.01B,1.01,$0.04B,$0.12B,0.38,$0.04B,$0.03B,65.85%,$0.04B,0,0.00%,$0.04B,$0.00B,4.88%,$0.04B,$0.02B,56.10%,$0.04B,0,0.00%,$0.04B,$0.00B,2.44%,$0.00B,$0.12B,0.88%,$0.00B,$0.12B,0.88%,$0.00B,$0.20B,0.50%,$0.00B,$0.16B,0.00%,$14,$3,$10,$0,$2,$10,$4,$0,$4,$1,$3,$3,$3,$9,$5,$17,17,$0.21,$0.21,$1,$0,$0,$7,$193,$0,$0,$0,$193,$200,$7,$44,$3,$78,$85,$0,$112,$0,$115,$200,$1,$9,$0,$9,$0,$0,$-0,$-0,$-1,$9,$-7,$0,$0,$0,$-0,$-0,$0,$-7,$-1,$0,$-1,$-0,$-0,$-1,$0,$-2,$0,$0,$-1
6,2016-12-31,23.22,$6.70,3.47,$2.06,11.3,$3.23,7.2,$-0.57,0.0,$0.01B,$0.01B,0.76,$0.04B,$0.11B,0.4,$0.04B,$0.02B,60.00%,$0.04B,$-0.02B,-45.71%,$0.04B,$-0.02B,-42.86%,$0.04B,$0.01B,22.86%,$0.04B,$-0.02B,-45.71%,$0.04B,$-0.01B,-25.71%,$-0.01B,$0.11B,-7.88%,$-0.01B,$0.11B,-7.88%,$-0.01B,$0.20B,-4.46%,$-0.02B,$0.16B,-9.85%,$7,$3,$4,$0,$2,$10,$-3,$0,$-3,$-1,$-2,$-2,$-2,$2,$-3,$17,17,$-0.13,$-0.13,$0,$0,$0,$6,$190,$0,$0,$0,$190,$197,$8,$44,$3,$77,$85,$0,$109,$0,$111,$197,$-2,$5,$-1,$4,$-0,$0,$-0,$3,$2,$4,$-2,$0,$0,$0,$-0,$-0,$0,$-2,$-0,$0,$-0,$-0,$-0,$-1,$0,$-1,$0,$0,$-1
7,2016-09-30,17.25,$6.94,2.49,$2.32,7.44,$3.71,4.65,$-0.61,0.0,$0.01B,$0.00B,1.4,$0.05B,$0.12B,0.39,$0.04B,$0.03B,64.10%,$0.04B,$-0.02B,-46.15%,$0.04B,$-0.02B,-43.59%,$0.04B,$0.01B,20.51%,$0.04B,$-0.02B,-46.15%,$0.04B,$-0.01B,-25.64%,$-0.01B,$0.12B,-8.53%,$-0.01B,$0.12B,-8.53%,$-0.01B,$0.20B,-4.79%,$-0.02B,$0.16B,-10.68%,$10,$4,$7,$0,$2,$9,$1,$0,$1,$0,$1,$1,$1,$7,$1,$17,17,$0.05,$0.05,$0,$0,$0,$6,$191,$0,$0,$0,$192,$198,$4,$45,$3,$78,$83,$0,$112,$0,$115,$198,$-10,$24,$1,$26,$3,$0,$-1,$5,$7,$23,$1,$0,$0,$0,$0,$0,$0,$1,$-21,$0,$-21,$-0,$-0,$-3,$-0,$-23,$-0,$1,$-3
8,2016-06-30,16.37,$6.92,2.37,$2.49,6.58,$3.34,4.9,$-0.71,0.0,$0.01B,$0.01B,1.4,$0.05B,$0.12B,0.43,$0.04B,$0.03B,61.90%,$0.04B,$-0.02B,-47.62%,$0.04B,$-0.02B,-42.86%,$0.04B,$0.01B,16.67%,$0.04B,$-0.02B,-47.62%,$0.04B,$-0.01B,-28.57%,$-0.01B,$0.12B,-9.98%,$-0.01B,$0.12B,-9.98%,$-0.01B,$0.20B,-5.48%,$-0.02B,$0.16B,-11.33%,$10,$4,$6,$0,$2,$12,$-2,$0,$-2,$-1,$-1,$-1,$-1,$5,$-1,$17,17,$-0.05,$-0.05,$1,$0,$0,$7,$195,$0,$0,$0,$196,$203,$5,$49,$3,$83,$88,$0,$112,$0,$115,$203,$-11,$19,$2,$21,$3,$0,$-1,$7,$10,$21,$-3,$0,$0,$0,$0,$0,$0,$-3,$-16,$0,$-16,$-0,$-0,$-2,$-0,$-18,$-0,$1,$-2
9,2016-03-31,16.96,$6.99,2.43,$2.61,6.51,$3.10,5.47,$-0.70,0.0,$0.01B,$0.00B,2.58,$0.06B,$0.12B,0.47,$0.04B,$0.03B,61.36%,$0.04B,$-0.02B,-40.91%,$0.04B,$-0.02B,-38.64%,$0.04B,$0.01B,18.18%,$0.04B,$-0.02B,-40.91%,$0.04B,$-0.01B,-27.27%,$-0.01B,$0.12B,-9.72%,$-0.01B,$0.12B,-9.72%,$-0.01B,$0.21B,-5.23%,$-0.02B,$0.17B,-9.78%,$8,$3,$4,$0,$2,$20,$-12,$0,$-12,$-5,$-7,$-7,$-7,$-6,$-12,$17,17,$-0.44,$-0.44,$0,$0,$1,$7,$202,$0,$0,$0,$202,$209,$3,$55,$3,$90,$93,$0,$114,$0,$116,$209,$-10,$13,$5,$18,$4,$0,$-1,$4,$6,$14,$-2,$0,$0,$0,$0,$0,$0,$-2,$-11,$0,$-11,$-0,$-0,$-1,$-0,$-12,$-0,$1,$-1
10,2015-12-31,15.79,$7.43,2.13,$3.03,5.21,$2.87,5.51,$-0.22,0.0,$0.01B,$0.01B,1.56,$0.06B,$0.12B,0.46,$0.05B,$0.03B,64.71%,$0.05B,$-0.01B,-9.80%,$0.05B,$-0.00B,-7.84%,$0.05B,$0.02B,41.18%,$0.05B,$-0.01B,-9.80%,$0.05B,$-0.00B,-7.84%,$-0.00B,$0.12B,-3.16%,$-0.00B,$0.12B,-3.16%,$-0.00B,$0.23B,-1.66%,$-0.01B,$0.18B,-2.61%,$11,$4,$8,$0,$2,$17,$-5,$0,$-5,$-2,$-3,$-3,$-3,$2,$-5,$17,17,$-0.17,$-0.17,$2,$0,$2,$9,$216,$0,$0,$0,$216,$225,$6,$57,$3,$96,$102,$0,$121,$0,$123,$225,$-3,$7,$0,$7,$2,$0,$-0,$3,$6,$10,$-1,$0,$0,$0,$0,$0,$0,$-1,$-8,$0,$-8,$-0,$-0,$-1,$-0,$-9,$1,$0,$-1
11,2015-09-30,15.75,$7.67,2.05,$4.20,3.75,$2.31,6.83,$0.56,28.13,$0.01B,$0.01B,2.83,$0.07B,$0.13B,0.51,$0.07B,$0.05B,71.83%,$0.07B,$0.02B,21.13%,$0.07B,$0.02B,22.54%,$0.07B,$0.04B,56.34%,$0.07B,$0.02B,21.13%,$0.07B,$0.01B,12.68%,$0.01B,$0.13B,7.03%,$0.01B,$0.13B,7.03%,$0.01B,$0.24B,3.61%,$0.02B,$0.19B,7.56%,$13,$5,$8,$0,$2,$14,$-1,$0,$-1,$0,$-1,$-1,$-1,$6,$-0,$17,17,$-0.05,$-0.05,$1,$0,$4,$14,$223,$2,$0,$0,$225,$239,$5,$65,$3,$107,$112,$0,$125,$0,$127,$239,$9,$24,$10,$33,$8,$0,$-0,$-2,$5,$48,$-31,$0,$-0,$0,$-1,$-1,$0,$-32,$-13,$0,$-13,$-0,$-0,$-3,$0,$-16,$0,$1,$-3
12,2015-06-30,20.13,$7.75,2.6,$5.09,3.95,$2.15,9.37,$1.16,17.35,$0.02B,$0.01B,1.89,$0.07B,$0.13B,0.51,$0.09B,$0.07B,76.74%,$0.09B,$0.03B,34.88%,$0.09B,$0.03B,34.88%,$0.09B,$0.05B,62.79%,$0.09B,$0.03B,34.88%,$0.09B,$0.02B,22.09%,$0.02B,$0.13B,15.08%,$0.02B,$0.13B,15.08%,$0.02B,$0.25B,7.57%,$0.03B,$0.19B,15.02%,$12,$4,$7,$0,$2,$12,$-0,$0,$-0,$0,$-1,$-1,$-1,$6,$-0,$17,17,$-0.04,$-0.04,$1,$0,$0,$17,$227,$2,$0,$0,$229,$245,$9,$66,$3,$108,$117,$0,$127,$0,$128,$245,$10,$18,$5,$23,$7,$0,$0,$-3,$4,$37,$-24,$0,$-0,$0,$-0,$-0,$2,$-22,$-13,$0,$-13,$-0,$-0,$-2,$0,$-15,$0,$1,$-2
13,2015-03-31,19.22,$7.82,2.46,$5.49,3.5,$1.92,10.03,$1.51,12.77,$0.02B,$0.01B,2.7,$0.07B,$0.13B,0.56,$0.09B,$0.07B,80.43%,$0.09B,$0.04B,41.30%,$0.09B,$0.04B,41.30%,$0.09B,$0.06B,66.30%,$0.09B,$0.04B,41.30%,$0.09B,$0.03B,27.17%,$0.03B,$0.13B,20.58%,$0.03B,$0.13B,20.58%,$0.03B,$0.25B,9.94%,$0.04B,$0.20B,18.98%,$15,$5,$10,$0,$2,$14,$1,$0,$1,$-0,$1,$1,$1,$7,$1,$17,17,$0.04,$0.04,$1,$0,$11,$22,$228,$2,$0,$0,$230,$252,$8,$72,$3,$114,$122,$0,$128,$0,$129,$252,$11,$12,$6,$18,$7,$0,$-0,$-8,$-2,$28,$-20,$0,$-0,$0,$-0,$-0,$0,$-20,$-6,$0,$-6,$-0,$-0,$-1,$-0,$-8,$0,$1,$-1
14,2014-12-31,22.57,$7.77,2.91,$5.80,3.89,$1.70,13.27,$1.81,12.5,$0.03B,$0.01B,2.35,$0.08B,$0.13B,0.61,$0.10B,$0.08B,81.44%,$0.10B,$0.05B,46.39%,$0.10B,$0.05B,46.39%,$0.10B,$0.07B,69.07%,$0.10B,$0.05B,46.39%,$0.10B,$0.03B,30.93%,$0.03B,$0.13B,25.97%,$0.03B,$0.13B,25.97%,$0.03B,$0.26B,13.19%,$0.05B,$0.21B,25.32%,$31,$5,$26,$0,$2,$16,$15,$0,$15,$5,$10,$10,$10,$21,$15,$17,17,$0.61,$0.61,$1,$0,$13,$27,$230,$2,$0,$0,$232,$260,$12,$79,$3,$120,$131,$0,$128,$0,$128,$260,$10,$6,$4,$10,$3,$0,$1,$-10,$-5,$15,$-15,$0,$0,$0,$-0,$-0,$0,$-15,$1,$0,$1,$-0,$-0,$-1,$-0,$-0,$0,$0,$-1
15,2014-09-30,28.88,$7.23,4.0,$5.05,5.72,$1.80,16.02,$1.49,19.38,$0.02B,$0.01B,2.05,$0.08B,$0.12B,0.65,$0.08B,$0.07B,79.76%,$0.08B,$0.04B,44.05%,$0.08B,$0.04B,44.05%,$0.08B,$0.06B,69.05%,$0.08B,$0.04B,44.05%,$0.08B,$0.03B,29.76%,$0.03B,$0.12B,23.09%,$0.03B,$0.12B,23.09%,$0.03B,$0.25B,12.50%,$0.04B,$0.20B,24.30%,$28,$5,$23,$0,$2,$14,$14,$0,$14,$4,$9,$9,$9,$20,$14,$17,17,$0.55,$0.55,$1,$0,$2,$19,$225,$2,$0,$0,$227,$247,$9,$78,$3,$118,$127,$0,$119,$0,$119,$247,$25,$22,$9,$31,$-3,$0,$0,$-2,$-3,$53,$-39,$0,$-83,$0,$-1,$-1,$0,$-122,$70,$0,$70,$-0,$-0,$-3,$0,$67,$-2,$1,$-3
16,2014-06-30,27.07,$6.68,4.05,$4.48,6.04,$1.65,16.43,$1.28,21.15,$0.02B,$0.01B,2.18,$0.09B,$0.11B,0.78,$0.07B,$0.06B,79.73%,$0.07B,$0.03B,43.24%,$0.07B,$0.03B,43.24%,$0.07B,$0.05B,70.27%,$0.07B,$0.03B,43.24%,$0.07B,$0.02B,29.73%,$0.02B,$0.11B,21.46%,$0.02B,$0.11B,21.46%,$0.02B,$0.25B,12.55%,$0.03B,$0.20B,24.81%,$18,$4,$15,$0,$2,$11,$8,$0,$8,$3,$5,$5,$5,$13,$8,$16,17,$0.31,$0.31,$2,$0,$4,$24,$221,$2,$0,$0,$223,$247,$11,$86,$3,$126,$137,$0,$110,$0,$110,$247,$16,$16,$7,$22,$-1,$0,$0,$3,$-2,$36,$-27,$0,$-87,$0,$-0,$-0,$0,$-113,$78,$0,$78,$-0,$-0,$-2,$0,$75,$-1,$1,$-2
17,2014-03-31,21.04,$6.39,3.29,$4.45,4.72,$1.33,15.81,$1.28,16.44,$0.02B,$0.01B,2.08,$0.01B,$0.11B,0.06,$0.07B,$0.06B,78.38%,$0.07B,$0.03B,41.89%,$0.07B,$0.03B,41.89%,$0.07B,$0.05B,70.27%,$0.07B,$0.03B,41.89%,$0.07B,$0.02B,29.73%,$0.02B,$0.11B,22.56%,$0.02B,$0.11B,22.56%,$0.02B,$0.16B,14.74%,$0.03B,$0.11B,29.25%,$20,$4,$15,$0,$2,$11,$8,$0,$8,$3,$6,$6,$6,$13,$8,$16,17,$0.34,$0.34,$2,$0,$0,$20,$134,$2,$0,$0,$136,$156,$10,$6,$3,$41,$51,$0,$106,$0,$105,$156,$11,$10,$2,$13,$-3,$0,$0,$2,$-1,$22,$-18,$0,$-2,$0,$-0,$-0,$0,$-19,$-2,$0,$-2,$-0,$-0,$-1,$0,$-4,$-1,$0,$-1
18,2013-12-31,16.08,$6.03,2.67,$4.02,4.0,$1.29,12.44,$1.00,16.08,$0.02B,$0.01B,1.47,$0.01B,$0.10B,0.06,$0.07B,$0.05B,79.10%,$0.07B,$0.03B,37.31%,$0.07B,$0.03B,37.31%,$0.07B,$0.05B,70.15%,$0.07B,$0.03B,37.31%,$0.07B,$0.02B,25.37%,$0.02B,$0.10B,18.33%,$0.02B,$0.10B,18.33%,$0.02B,$0.15B,11.74%,$0.03B,$0.11B,24.27%,$18,$4,$14,$0,$2,$11,$7,$0,$7,$2,$5,$5,$5,$12,$7,$17,17,$0.29,$0.29,$0,$0,$0,$16,$132,$2,$0,$0,$134,$150,$11,$6,$2,$40,$51,$0,$100,$0,$99,$150,$5,$5,$1,$6,$-1,$0,$0,$1,$1,$12,$-10,$0,$-2,$0,$-0,$-0,$0,$-11,$-2,$0,$-2,$-0,$-0,$-1,$0,$-3,$-3,$0,$-1
19,2013-09-30,13.58,$5.81,2.34,$3.77,3.6,$1.19,11.4,$0.84,16.26,$0.02B,$0.01B,1.73,$0.01B,$0.10B,0.09,$0.06B,$0.05B,79.37%,$0.06B,$0.02B,33.33%,$0.06B,$0.02B,33.33%,$0.06B,$0.04B,68.25%,$0.06B,$0.02B,33.33%,$0.06B,$0.01B,22.22%,$0.01B,$0.10B,15.69%,$0.01B,$0.10B,15.69%,$0.01B,$0.15B,9.95%,$0.02B,$0.10B,20.64%,$18,$3,$15,$0,$2,$10,$9,$0,$9,$3,$6,$6,$6,$14,$9,$17,17,$0.35,$0.35,$3,$0,$1,$18,$128,$2,$0,$1,$130,$148,$10,$8,$2,$42,$52,$0,$96,$0,$96,$148,$14,$22,$6,$28,$-5,$0,$0,$-0,$-4,$37,$-26,$0,$-1,$0,$-1,$-1,$1,$-26,$-7,$0,$-7,$-1,$-1,$-2,$0,$-10,$1,$1,$-2
20,2013-06-30,13.65,$5.47,2.49,$3.33,4.1,$0.52,26.04,$0.51,27.03,$0.02B,$0.01B,2.0,$0.01B,$0.09B,0.15,$0.06B,$0.04B,75.00%,$0.06B,$0.01B,21.43%,$0.06B,$0.01B,23.21%,$0.06B,$0.04B,62.50%,$0.06B,$0.01B,21.43%,$0.06B,$0.01B,14.29%,$0.01B,$0.09B,9.28%,$0.01B,$0.09B,9.28%,$0.01B,$0.14B,5.82%,$0.01B,$0.10B,11.94%,$18,$4,$14,$0,$2,$10,$7,$0,$7,$2,$5,$5,$5,$13,$7,$17,17,$0.31,$0.31,$1,$0,$1,$15,$125,$2,$0,$1,$128,$143,$8,$14,$2,$45,$53,$0,$91,$0,$90,$143,$8,$17,$3,$20,$-4,$0,$-0,$-0,$-4,$24,$-20,$0,$-1,$0,$-1,$-1,$1,$-21,$-1,$0,$-1,$-1,$-1,$-2,$0,$-4,$-1,$1,$-2
21,2013-03-31,13.69,$5.21,2.63,$3.07,4.45,$0.56,24.55,$0.39,35.56,$0.01B,$0.01B,1.56,$0.01B,$0.09B,0.16,$0.05B,$0.04B,75.00%,$0.05B,$0.01B,19.23%,$0.05B,$0.01B,21.15%,$0.05B,$0.03B,59.62%,$0.05B,$0.01B,19.23%,$0.05B,$0.01B,11.54%,$0.01B,$0.09B,7.08%,$0.01B,$0.09B,7.08%,$0.01B,$0.14B,4.49%,$0.01B,$0.10B,10.26%,$13,$3,$10,$0,$2,$11,$2,$0,$2,$1,$1,$1,$1,$8,$2,$17,17,$0.06,$0.06,$2,$0,$0,$14,$122,$1,$0,$1,$124,$138,$9,$14,$2,$43,$52,$0,$87,$0,$86,$138,$3,$12,$1,$13,$-2,$0,$0,$1,$-1,$15,$-12,$0,$-0,$0,$-0,$-0,$1,$-12,$-1,$0,$-1,$-1,$-1,$-1,$0,$-3,$0,$0,$-1
22,2012-12-31,13.46,$5.15,2.61,$2.95,4.57,$0.53,25.42,$0.37,36.87,$0.01B,$0.01B,2.13,$0.01B,$0.09B,0.17,$0.05B,$0.04B,75.51%,$0.05B,$0.01B,18.37%,$0.05B,$0.01B,20.41%,$0.05B,$0.03B,59.18%,$0.05B,$0.01B,18.37%,$0.05B,$0.01B,12.24%,$0.01B,$0.09B,7.19%,$0.01B,$0.09B,7.19%,$0.01B,$0.13B,4.59%,$0.01B,$0.10B,9.33%,$14,$4,$11,$0,$2,$11,$3,$0,$3,$1,$2,$2,$2,$8,$3,$17,17,$0.13,$0.13,$1,$0,$1,$11,$121,$1,$0,$1,$123,$134,$5,$14,$2,$44,$49,$0,$86,$0,$85,$134,$2,$6,$0,$6,$0,$0,$-0,$-1,$-1,$7,$-7,$0,$-0,$0,$-0,$-0,$0,$-7,$-0,$0,$-0,$-0,$-0,$-1,$0,$-1,$-1,$0,$-1
23,2012-09-30,14.58,$5.08,2.87,$2.90,5.03,$0.60,24.17,$0.44,33.14,$0.01B,$0.01B,1.52,$0.02B,$0.08B,0.18,$0.05B,$0.04B,75.00%,$0.05B,$0.01B,20.83%,$0.05B,$0.01B,22.92%,$0.05B,$0.03B,60.42%,$0.05B,$0.01B,20.83%,$0.05B,$0.01B,14.58%,$0.01B,$0.08B,8.48%,$0.01B,$0.08B,8.48%,$0.01B,$0.14B,5.42%,$0.01B,$0.10B,10.47%,$11,$4,$7,$0,$2,$11,$0,$0,$0,$0,$0,$0,$0,$6,$1,$17,17,$0.01,$0.01,$2,$0,$0,$12,$122,$1,$0,$1,$124,$135,$8,$15,$2,$44,$51,$0,$85,$0,$84,$135,$7,$19,$-2,$17,$0,$0,$1,$0,$1,$25,$-25,$0,$-20,$0,$-0,$-0,$7,$-38,$15,$0,$15,$-1,$-1,$-2,$0,$11,$-2,$1,$-2
24,2012-06-30,14.3,$5.08,2.81,$2.98,4.8,$0.97,14.71,$0.59,24.44,$0.01B,$0.01B,1.11,$0.01B,$0.08B,0.1,$0.05B,$0.04B,79.59%,$0.05B,$0.01B,28.57%,$0.05B,$0.01B,28.57%,$0.05B,$0.03B,63.27%,$0.05B,$0.01B,28.57%,$0.05B,$0.01B,20.41%,$0.01B,$0.08B,12.31%,$0.01B,$0.08B,12.31%,$0.01B,$0.13B,8.11%,$0.01B,$0.09B,15.47%,$14,$3,$11,$0,$1,$9,$5,$0,$5,$2,$3,$3,$3,$9,$5,$17,17,$0.19,$0.19,$0,$0,$0,$8,$117,$1,$0,$1,$119,$127,$7,$8,$2,$36,$43,$0,$85,$0,$84,$127,$7,$14,$-4,$9,$3,$0,$0,$0,$4,$21,$-16,$0,$-20,$0,$-0,$-0,$7,$-29,$8,$0,$8,$-1,$-1,$-2,$0,$5,$-3,$0,$-2
25,2012-03-31,13.95,$4.92,2.84,$2.86,4.88,$0.88,15.78,$0.56,24.9,$0.01B,$0.01B,1.93,$0.01B,$0.08B,0.17,$0.05B,$0.04B,78.72%,$0.05B,$0.01B,27.66%,$0.05B,$0.01B,27.66%,$0.05B,$0.03B,61.70%,$0.05B,$0.01B,27.66%,$0.05B,$0.01B,21.28%,$0.01B,$0.08B,12.62%,$0.01B,$0.08B,12.62%,$0.01B,$0.13B,8.42%,$0.01B,$0.10B,15.03%,$10,$2,$8,$0,$2,$9,$1,$0,$1,$1,$1,$1,$1,$6,$1,$17,17,$0.04,$0.04,$1,$0,$1,$9,$116,$1,$0,$1,$118,$127,$5,$14,$2,$41,$46,$0,$83,$0,$81,$127,$4,$9,$-1,$9,$2,$0,$0,$0,$2,$15,$-12,$0,$-19,$0,$-0,$-0,$2,$-29,$14,$0,$14,$-1,$-1,$-1,$0,$11,$-2,$0,$-1
26,2011-12-31,15.45,$4.92,3.14,$2.89,5.35,$0.85,18.22,$0.63,24.72,$0.01B,$0.01B,2.15,$0.02B,$0.08B,0.18,$0.05B,$0.04B,77.08%,$0.05B,$0.01B,29.17%,$0.05B,$0.01B,29.17%,$0.05B,$0.03B,60.42%,$0.05B,$0.01B,29.17%,$0.05B,$0.01B,22.92%,$0.01B,$0.08B,14.15%,$0.01B,$0.08B,14.15%,$0.01B,$0.13B,9.71%,$0.01B,$0.10B,17.18%,$13,$3,$10,$0,$2,$9,$4,$0,$4,$1,$3,$3,$3,$8,$4,$17,17,$0.21,$0.21,$2,$0,$1,$11,$115,$1,$0,$1,$117,$128,$5,$15,$2,$41,$47,$0,$82,$0,$81,$128,$3,$4,$-1,$3,$0,$0,$-0,$1,$1,$8,$-6,$0,$-19,$0,$-0,$-0,$2,$-23,$15,$0,$15,$0,$0,$-1,$0,$14,$-2,$0,$-1
27,2011-09-30,13.33,$4.77,2.79,$2.68,4.98,$0.88,15.22,$0.51,26.4,$0.01B,$0.01B,2.23,$0.00B,$0.08B,0.0,$0.05B,$0.03B,75.56%,$0.05B,$0.01B,26.67%,$0.05B,$0.01B,26.67%,$0.05B,$0.03B,57.78%,$0.05B,$0.01B,26.67%,$0.05B,$0.01B,20.00%,$0.01B,$0.08B,11.88%,$0.01B,$0.08B,11.88%,$0.01B,$0.11B,8.41%,$0.01B,$0.08B,15.84%,$12,$2,$10,$0,$1,$9,$4,$0,$4,$1,$3,$3,$3,$8,$4,$17,17,$0.16,$0.16,$4,$0,$0,$13,$96,$1,$0,$1,$98,$111,$6,$0,$2,$27,$33,$0,$80,$0,$79,$111,$8,$15,$5,$20,$0,$0,$0,$2,$1,$29,$-23,$0,$-5,$0,$-0,$-0,$0,$-27,$0,$0,$0,$-2,$-2,$-2,$0,$-4,$-2,$1,$-2
28,2011-06-30,13.82,$4.63,2.99,$2.67,5.18,$1.49,9.28,$0.53,26.08,$0.02B,$0.01B,2.38,$0.00B,$0.08B,0.0,$0.05B,$0.03B,75.56%,$0.05B,$0.01B,28.89%,$0.05B,$0.01B,28.89%,$0.05B,$0.03B,57.78%,$0.05B,$0.01B,28.89%,$0.05B,$0.01B,20.00%,$0.01B,$0.08B,12.08%,$0.01B,$0.08B,12.08%,$0.01B,$0.11B,8.53%,$0.01B,$0.08B,17.45%,$12,$3,$9,$0,$1,$8,$4,$0,$4,$1,$3,$3,$3,$7,$4,$17,17,$0.16,$0.16,$6,$0,$0,$16,$91,$1,$0,$1,$93,$109,$7,$0,$2,$26,$33,$0,$78,$0,$76,$109,$6,$11,$3,$14,$1,$0,$0,$2,$1,$21,$-17,$0,$-0,$0,$0,$0,$0,$-17,$0,$0,$0,$-2,$-2,$-2,$0,$-4,$0,$0,$-2
29,2011-03-31,14.8,$4.52,3.28,$2.60,5.69,$2.02,7.32,$0.46,32.18,$0.02B,$0.01B,3.13,$0.00B,$0.08B,0.0,$0.04B,$0.03B,76.74%,$0.04B,$0.01B,25.58%,$0.04B,$0.01B,25.58%,$0.04B,$0.03B,60.47%,$0.04B,$0.01B,25.58%,$0.04B,$0.01B,18.60%,$0.01B,$0.08B,10.92%,$0.01B,$0.08B,10.92%,$0.01B,$0.11B,7.73%,$0.01B,$0.08B,15.02%,$11,$3,$8,$0,$1,$9,$2,$0,$2,$0,$2,$2,$2,$6,$2,$17,17,$0.11,$0.11,$6,$0,$0,$15,$87,$1,$0,$1,$89,$105,$5,$0,$2,$25,$30,$0,$76,$0,$75,$105,$3,$7,$2,$9,$1,$0,$0,$2,$1,$14,$-11,$0,$0,$0,$0,$0,$0,$-11,$0,$0,$0,$-1,$-1,$-1,$0,$-2,$0,$0,$-1
30,2010-12-31,12.79,$4.42,2.9,$2.95,4.34,$2.26,5.66,$0.66,19.38,$0.01B,$0.01B,2.74,$0.00B,$0.07B,0.0,$0.05B,$0.04B,79.59%,$0.05B,$0.02B,32.65%,$0.05B,$0.02B,32.65%,$0.05B,$0.03B,65.31%,$0.05B,$0.02B,32.65%,$0.05B,$0.01B,22.45%,$0.01B,$0.07B,15.28%,$0.01B,$0.07B,15.28%,$0.01B,$0.10B,10.63%,$0.02B,$0.07B,21.84%,$10,$3,$7,$0,$2,$8,$2,$0,$2,$1,$1,$1,$1,$5,$2,$17,17,$0.09,$0.09,$7,$0,$0,$14,$88,$1,$0,$1,$89,$103,$5,$0,$2,$25,$30,$0,$74,$0,$73,$103,$1,$3,$1,$4,$2,$0,$0,$2,$3,$9,$-7,$0,$0,$0,$0,$0,$0,$-6,$0,$0,$0,$-1,$-1,$-1,$0,$-1,$1,$0,$-1
31,2010-09-30,11.49,$4.43,2.59,$3.09,3.71,$2.28,5.04,$0.68,17.02,$0.02B,$0.01B,2.39,$0.00B,$0.07B,0.0,$0.05B,$0.04B,80.39%,$0.05B,$0.02B,31.37%,$0.05B,$0.02B,31.37%,$0.05B,$0.04B,68.63%,$0.05B,$0.02B,31.37%,$0.05B,$0.01B,23.53%,$0.01B,$0.07B,17.14%,$0.01B,$0.07B,17.14%,$0.01B,$0.11B,11.54%,$0.02B,$0.07B,21.77%,$12,$3,$10,$0,$1,$8,$5,$0,$5,$2,$3,$3,$3,$8,$5,$17,17,$0.19,$0.19,$6,$0,$2,$17,$86,$1,$0,$1,$88,$105,$7,$0,$2,$24,$32,$0,$74,$0,$74,$105,$11,$19,$2,$21,$-1,$0,$-0,$-5,$-5,$28,$-11,$0,$0,$0,$-0,$-0,$1,$-10,$-10,$0,$-10,$-0,$-0,$-2,$0,$-13,$5,$1,$-2
32,2010-06-30,12.26,$4.28,2.87,$2.86,4.28,$1.35,9.1,$0.52,23.8,$0.01B,$0.01B,2.33,$0.00B,$0.07B,0.0,$0.05B,$0.04B,78.72%,$0.05B,$0.01B,23.40%,$0.05B,$0.01B,23.40%,$0.05B,$0.03B,68.09%,$0.05B,$0.01B,23.40%,$0.05B,$0.01B,19.15%,$0.01B,$0.07B,13.33%,$0.01B,$0.07B,13.33%,$0.01B,$0.10B,8.57%,$0.01B,$0.07B,14.92%,$10,$2,$8,$0,$2,$8,$2,$0,$2,$1,$2,$2,$2,$7,$2,$17,17,$0.09,$0.09,$2,$0,$3,$14,$86,$1,$0,$1,$87,$101,$6,$0,$2,$24,$30,$0,$71,$0,$71,$101,$8,$16,$1,$17,$-0,$0,$0,$-5,$-5,$20,$-8,$0,$0,$0,$-0,$-0,$1,$-7,$-10,$0,$-10,$0,$0,$-2,$0,$-12,$2,$0,$-2
33,2010-03-31,10.93,$4.22,2.59,$2.76,3.97,$0.46,23.99,$0.37,29.54,$0.02B,$0.01B,2.52,$0.01B,$0.07B,0.07,$0.05B,$0.04B,76.09%,$0.05B,$0.01B,15.22%,$0.05B,$0.01B,15.22%,$0.05B,$0.03B,65.22%,$0.05B,$0.01B,15.22%,$0.05B,$0.01B,13.04%,$0.01B,$0.07B,9.13%,$0.01B,$0.07B,9.13%,$0.01B,$0.11B,5.58%,$0.01B,$0.08B,9.30%,$17,$3,$14,$0,$1,$10,$7,$0,$7,$2,$5,$5,$5,$12,$7,$17,17,$0.31,$0.31,$1,$0,$3,$15,$89,$1,$0,$0,$90,$105,$6,$5,$2,$29,$35,$0,$70,$0,$70,$105,$7,$11,$1,$12,$-3,$0,$-0,$-6,$-7,$12,$-5,$0,$0,$0,$0,$0,$0,$-5,$-5,$0,$-5,$0,$0,$-1,$0,$-7,$0,$0,$-1
34,2009-12-31,11.95,$3.93,3.04,$2.28,5.23,$-0.25,0.0,$0.01,1194.87,$0.01B,$0.01B,2.12,$0.01B,$0.07B,0.13,$0.04B,$0.03B,73.68%,$0.04B,$-0.00B,-5.26%,$0.04B,$-0.00B,-5.26%,$0.04B,$0.02B,60.53%,$0.04B,$-0.00B,-5.26%,$0.04B,0,0.00%,$0.00B,$0.07B,0.00%,$0.00B,$0.07B,0.00%,$0.00B,$0.11B,0.00%,$-0.00B,$0.07B,-2.61%,$12,$3,$9,$0,$1,$10,$2,$0,$2,$1,$2,$2,$2,$8,$2,$17,17,$0.10,$0.10,$1,$0,$0,$11,$92,$1,$0,$1,$94,$105,$5,$9,$2,$34,$40,$0,$66,$0,$65,$105,$2,$5,$1,$6,$-1,$0,$-0,$-1,$-3,$5,$-3,$0,$0,$0,$-0,$-0,$0,$-3,$-2,$0,$-2,$0,$0,$-1,$0,$-2,$-0,$0,$-1
35,2009-09-30,9.82,$3.86,2.55,$2.23,4.41,$-0.59,0.0,$-0.14,0.0,$0.01B,$0.01B,1.45,$0.01B,$0.06B,0.16,$0.04B,$0.03B,75.68%,$0.04B,$-0.01B,-13.51%,$0.04B,$-0.01B,-13.51%,$0.04B,$0.02B,62.16%,$0.04B,$-0.01B,-13.51%,$0.04B,$-0.00B,-8.11%,$-0.00B,$0.06B,-4.62%,$-0.00B,$0.06B,-4.62%,$-0.00B,$0.11B,-2.66%,$-0.01B,$0.08B,-6.41%,$8,$2,$6,$0,$1,$8,$0,$0,$0,$-0,$0,$0,$0,$5,$0,$17,17,$0.02,$0.02,$1,$0,$0,$11,$96,$1,$0,$1,$98,$109,$8,$10,$2,$37,$44,$0,$65,$0,$64,$109,$-2,$28,$-3,$25,$10,$0,$0,$3,$15,$38,$-36,$0,$0,$0,$-0,$-0,$0,$-36,$1,$0,$1,$0,$0,$-2,$0,$-2,$-0,$1,$-2
36,2009-06-30,9.0,$3.86,2.33,$3.14,2.87,$-0.54,0.0,$0.36,25.01,$0.01B,$0.01B,1.23,$0.01B,$0.06B,0.21,$0.05B,$0.04B,81.13%,$0.05B,$0.01B,15.09%,$0.05B,$0.01B,15.09%,$0.05B,$0.04B,71.70%,$0.05B,$0.01B,15.09%,$0.05B,$0.01B,11.32%,$0.01B,$0.06B,9.09%,$0.01B,$0.06B,9.09%,$0.01B,$0.11B,5.17%,$0.01B,$0.08B,10.16%,$9,$3,$6,$0,$1,$11,$-2,$0,$-2,$-1,$-1,$-1,$-1,$5,$-2,$17,17,$-0.06,$-0.06,$1,$0,$1,$10,$100,$1,$0,$1,$101,$111,$8,$13,$3,$39,$47,$0,$65,$0,$64,$111,$-3,$23,$-1,$22,$10,$0,$0,$-0,$12,$31,$-33,$0,$0,$0,$0,$0,$0,$-33,$4,$0,$4,$0,$0,$-2,$0,$2,$-0,$0,$-2
37,2009-03-31,7.83,$3.95,1.98,$3.71,2.11,$-0.52,0.0,$0.80,9.84,$0.01B,$0.01B,1.89,$0.02B,$0.07B,0.24,$0.06B,$0.05B,85.48%,$0.06B,$0.02B,30.65%,$0.06B,$0.02B,30.65%,$0.06B,$0.05B,75.81%,$0.06B,$0.02B,30.65%,$0.06B,$0.01B,20.97%,$0.01B,$0.07B,19.77%,$0.01B,$0.07B,19.77%,$0.01B,$0.11B,11.40%,$0.02B,$0.08B,24.44%,$9,$2,$7,$0,$1,$11,$-2,$0,$-2,$-1,$-1,$-1,$-1,$5,$-2,$17,17,$-0.06,$-0.06,$1,$0,$1,$10,$102,$1,$0,$0,$103,$113,$5,$16,$2,$42,$48,$0,$66,$0,$66,$113,$-2,$16,$-1,$15,$9,$0,$0,$-1,$12,$25,$-30,$0,$0,$0,$0,$0,$0,$-30,$6,$0,$6,$0,$0,$-1,$0,$5,$-0,$0,$-1
38,2008-12-31,8.19,$3.93,2.08,$3.93,2.08,$-0.18,0.0,$1.02,8.07,$0.01B,$0.01B,1.26,$0.01B,$0.07B,0.2,$0.07B,$0.06B,84.85%,$0.07B,$0.03B,37.88%,$0.07B,$0.03B,37.88%,$0.07B,$0.05B,77.27%,$0.07B,$0.03B,37.88%,$0.07B,$0.02B,25.76%,$0.02B,$0.07B,26.56%,$0.02B,$0.07B,26.56%,$0.02B,$0.12B,15.63%,$0.03B,$0.08B,34.01%,$11,$2,$9,$0,$1,$12,$-1,$0,$-1,$-0,$-1,$-1,$-1,$8,$-1,$17,17,$-0.05,$-0.05,$0,$0,$1,$14,$103,$1,$0,$0,$104,$118,$11,$13,$2,$41,$52,$0,$67,$0,$66,$118,$-1,$9,$1,$10,$7,$0,$1,$0,$6,$15,$-18,$0,$0,$0,$0,$0,$0,$-18,$3,$0,$3,$0,$0,$-1,$0,$3,$-1,$0,$-1
39,2008-09-30,12.98,$4.12,3.15,$4.06,3.2,$0.03,486.0,$1.27,10.22,$0.02B,$0.02B,1.28,$0.01B,$0.07B,0.14,$0.07B,$0.06B,84.06%,$0.07B,$0.03B,44.93%,$0.07B,$0.03B,44.93%,$0.07B,$0.05B,76.81%,$0.07B,$0.03B,44.93%,$0.07B,$0.02B,30.43%,$0.02B,$0.07B,34.15%,$0.02B,$0.07B,34.15%,$0.02B,$0.12B,20.90%,$0.03B,$0.08B,44.93%,$24,$3,$21,$0,$1,$11,$13,$0,$13,$5,$9,$9,$9,$20,$13,$17,17,$0.52,$0.52,$1,$0,$1,$21,$100,$1,$0,$0,$101,$122,$17,$10,$2,$37,$54,$0,$69,$0,$68,$122,$22,$20,$11,$31,$-10,$0,$0,$-1,$-13,$40,$-38,$0,$0,$0,$-0,$-0,$0,$-38,$5,$0,$5,$-5,$-5,$-2,$0,$-2,$-0,$0,$-2
40,2008-06-30,15.31,$3.73,4.1,$3.30,4.64,$-0.04,0.0,$0.85,18.02,$0.02B,$0.01B,2.45,$0.01B,$0.06B,0.16,$0.06B,$0.05B,82.14%,$0.06B,$0.02B,35.71%,$0.06B,$0.02B,35.71%,$0.06B,$0.04B,76.79%,$0.06B,$0.02B,35.71%,$0.06B,$0.01B,25.00%,$0.01B,$0.06B,24.14%,$0.01B,$0.06B,24.14%,$0.01B,$0.10B,15.60%,$0.02B,$0.07B,31.25%,$18,$3,$16,$0,$1,$9,$9,$0,$9,$3,$6,$6,$6,$14,$9,$17,17,$0.38,$0.38,$1,$0,$1,$19,$83,$1,$0,$0,$84,$103,$8,$10,$1,$32,$40,$0,$61,$0,$63,$103,$13,$13,$5,$19,$-9,$0,$0,$3,$-6,$25,$-28,$0,$0,$0,$0,$0,$0,$-27,$5,$0,$5,$-2,$-2,$-2,$0,$2,$-0,$0,$-2
41,2008-03-31,12.48,$3.50,3.57,$2.86,4.37,$0.14,87.12,$0.64,19.49,$0.01B,$0.01B,1.87,$0.01B,$0.06B,0.09,$0.05B,$0.04B,79.59%,$0.05B,$0.02B,30.61%,$0.05B,$0.02B,30.61%,$0.05B,$0.04B,75.51%,$0.05B,$0.02B,30.61%,$0.05B,$0.01B,22.45%,$0.01B,$0.06B,19.91%,$0.01B,$0.06B,19.91%,$0.01B,$0.09B,13.17%,$0.02B,$0.06B,25.21%,$13,$3,$10,$0,$1,$8,$4,$0,$4,$1,$3,$3,$3,$9,$4,$17,17,$0.17,$0.17,$1,$0,$0,$14,$77,$1,$0,$0,$78,$92,$7,$5,$1,$25,$33,$0,$55,$0,$59,$92,$6,$9,$3,$11,$-5,$0,$0,$2,$-1,$16,$-16,$0,$0,$0,$0,$0,$0,$-16,$0,$0,$0,$0,$0,$-1,$0,$-1,$-0,$0,$-1
42,2007-12-31,11.57,$3.32,3.48,$2.67,4.34,$0.20,59.23,$0.46,25.15,$0.01B,$0.00B,2.61,$0.01B,$0.06B,0.09,$0.04B,$0.04B,81.82%,$0.04B,$0.01B,25.00%,$0.04B,$0.01B,25.00%,$0.04B,$0.03B,72.73%,$0.04B,$0.01B,25.00%,$0.04B,$0.01B,18.18%,$0.01B,$0.06B,15.09%,$0.01B,$0.06B,15.09%,$0.01B,$0.09B,10.16%,$0.01B,$0.06B,19.47%,$14,$2,$11,$0,$2,$8,$5,$0,$5,$2,$3,$3,$3,$10,$5,$17,17,$0.21,$0.21,$1,$0,$0,$11,$73,$1,$0,$0,$73,$85,$4,$5,$1,$24,$29,$0,$52,$0,$56,$85,$3,$4,$2,$6,$-2,$0,$0,$-0,$-2,$8,$-8,$0,$0,$0,$0,$0,$0,$-8,$0,$0,$0,$0,$0,$-1,$0,$-0,$-0,$0,$-1
43,2007-09-30,11.09,$3.18,3.48,$2.38,4.66,$0.29,38.79,$0.37,29.98,$0.01B,$0.00B,4.39,$0.01B,$0.05B,0.09,$0.04B,$0.03B,82.05%,$0.04B,$0.01B,23.08%,$0.04B,$0.01B,23.08%,$0.04B,$0.03B,71.79%,$0.04B,$0.01B,23.08%,$0.04B,$0.01B,17.95%,$0.01B,$0.05B,13.59%,$0.01B,$0.05B,13.59%,$0.01B,$0.08B,9.21%,$0.01B,$0.06B,16.74%,$11,$2,$9,$0,$1,$9,$2,$0,$2,$0,$2,$2,$2,$10,$2,$17,17,$0.11,$0.11,$1,$0,$0,$9,$69,$1,$0,$0,$69,$79,$2,$5,$1,$23,$25,$0,$50,$0,$54,$79,$6,$19,$3,$22,$-2,$0,$-0,$-0,$-0,$28,$-27,$0,$0,$0,$0,$0,$0,$-27,$1,$0,$1,$0,$0,$-2,$0,$-1,$1,$0,$-2
44,2007-06-30,12.67,$3.11,4.08,$2.27,5.59,$0.35,35.71,$0.33,38.97,$0.01B,$0.00B,2.52,$0.00B,$0.05B,0.05,$0.04B,$0.03B,83.78%,$0.04B,$0.01B,21.62%,$0.04B,$0.01B,21.62%,$0.04B,$0.03B,67.57%,$0.04B,$0.01B,21.62%,$0.04B,$0.01B,16.22%,$0.01B,$0.05B,11.94%,$0.01B,$0.05B,11.94%,$0.01B,$0.08B,8.11%,$0.01B,$0.06B,15.46%,$11,$2,$9,$0,$1,$7,$4,$0,$4,$1,$3,$3,$3,$8,$4,$17,17,$0.17,$0.17,$0,$0,$0,$10,$67,$1,$0,$0,$68,$78,$4,$3,$2,$22,$26,$0,$49,$0,$52,$78,$5,$11,$5,$15,$-2,$0,$-1,$1,$-2,$18,$-17,$0,$0,$0,$0,$0,$0,$-16,$0,$0,$0,$0,$0,$-2,$0,$-1,$0,$0,$-2
45,2007-03-31,8.88,$2.97,2.99,$2.06,4.31,$0.36,24.6,$0.28,31.73,$0.01B,$0.00B,2.82,$0.00B,$0.05B,0.04,$0.03B,$0.03B,84.85%,$0.03B,$0.01B,21.21%,$0.03B,$0.01B,21.21%,$0.03B,$0.02B,66.67%,$0.03B,$0.01B,21.21%,$0.03B,$0.01B,15.15%,$0.01B,$0.05B,10.15%,$0.01B,$0.05B,10.15%,$0.01B,$0.07B,6.94%,$0.01B,$0.05B,13.86%,$8,$1,$7,$0,$1,$8,$-0,$0,$-0,$-0,$-0,$-0,$-0,$4,$-0,$15,15,$-0.02,$-0.02,$1,$0,$0,$10,$63,$1,$0,$0,$63,$73,$3,$2,$2,$20,$23,$0,$47,$0,$50,$73,$2,$7,$3,$10,$-0,$0,$0,$0,$-0,$12,$-11,$0,$0,$0,$0,$0,$0,$-10,$0,$0,$0,$0,$0,$-1,$0,$-1,$0,$0,$-1
46,2006-12-31,8.34,$2.98,2.8,$2.01,4.15,$0.29,28.41,$0.45,18.54,$0.01B,$0.01B,1.74,$0.00B,$0.05B,0.0,$0.03B,$0.03B,82.35%,$0.03B,$0.01B,32.35%,$0.03B,$0.01B,32.35%,$0.03B,$0.02B,70.59%,$0.03B,$0.01B,32.35%,$0.03B,$0.01B,23.53%,$0.01B,$0.05B,16.58%,$0.01B,$0.05B,16.58%,$0.01B,$0.07B,11.31%,$0.01B,$0.05B,22.11%,$9,$2,$7,$0,$1,$6,$3,$0,$3,$1,$2,$2,$2,$6,$3,$17,17,$0.12,$0.12,$1,$0,$1,$10,$63,$1,$0,$0,$64,$74,$6,$0,$2,$18,$24,$0,$47,$0,$50,$74,$2,$3,$2,$4,$0,$0,$0,$-1,$1,$7,$-5,$0,$0,$0,$0,$0,$0,$-5,$-1,$0,$-1,$0,$0,$-0,$0,$-1,$1,$0,$-0
