,Date,Stock Price,Book Value per Share,Price to Book Ratio,TTM Sales per Share,Price to Sales Ratio,TTM FCF per Share,Price to FCF Ratio,TTM Net EPS,PE Ratio,Current Assets,Current Liabilities,Current Ratio,Long Term Debt,Shareholder's Equity_x,Debt to Equity Ratio,TTM Revenue_x,TTM Gross Profit,Gross Margin,TTM Revenue_y,TTM Operating Income,Operating Margin,TTM Revenue_x,TTM EBIT,EBIT Margin,TTM Revenue_y,TTM EBITDA,EBITDA Margin,TTM Revenue_x,TTM Pre-Tax Income,Pre-Tax Margin,TTM Revenue_y,TTM Net Income_x,Net Margin,TTM Net Income_y,Shareholder's Equity_y,Return on Equity,TTM Net Income_x,Tangible Equity,Return on Tangible Equity,TTM Net Income_y,Total Assets,Return on Assets,TTM Net Income,LT Investments & Debt,Return on Investment,revenue,cost-goods-sold,gross-profit,research-development-expenses,selling-general-administrative-expenses,operating-expenses,operating-income,total-non-operating-income-expense,pre-tax-income,total-provision-income-taxes,income-after-taxes,income-from-continuous-operations,net-income,ebitda,ebit,basic-shares-outstanding,shares-outstanding,eps-basic-net-earnings-per-share,eps-earnings-per-share-diluted,cash-on-hand,inventory,other-current-assets,total-current-assets,net-property-plant-equipment,long-term-investments,goodwill-intangible-assets-total,other-long-term-assets,total-long-term-assets,total-assets,total-current-liabilities,long-term-debt,other-non-current-liabilities,total-long-term-liabilities,total-liabilities,common-stock-net,retained-earnings-accumulated-deficit,comprehensive-income,total-share-holder-equity,total-liabilities-share-holders-equity,net-income-loss,total-depreciation-amortization-cash-flow,other-non-cash-items,total-non-cash-items,change-in-accounts-receivable,change-in-inventories,change-in-accounts-payable,change-in-assets-liabilities,total-change-in-assets-liabilities,cash-flow-from-operating-activities,net-change-in-property-plant-equipment,net-change-in-intangible-assets,net-acquisitions-divestitures,net-change-in-short-term-investments,net-change-in-long-term-investments,net-change-in-investments-total,investing-activities-other,cash-flow-from-investing-activities,net-long-term-debt,net-current-debt,debt-issuance-retirement-net-total,net-common-equity-issued-repurchased,net-total-equity-issued-repurchased,total-common-preferred-stock-dividends-paid,financial-activities-other,cash-flow-from-financial-activities,net-cash-flow,stock-based-compensation,common-stock-dividends-paid
0,2018-09-30,12.55,$8.60,1.46,$0.51,24.54,$-0.08,0.0,$-0.19,0.0,$0.02B,$0.00B,95.55,$0.00B,$0.19B,0.0,$0.01B,$0.01B,54.55%,$0.01B,$-0.01B,-54.55%,$0.01B,$-0.01B,-54.55%,$0.01B,$-0.01B,-54.55%,$0.01B,$-0.01B,-54.55%,$0.01B,$-0.01B,-45.45%,$-0.01B,$0.19B,-2.54%,$-0.01B,$0.06B,-6.94%,$-0.01B,$0.19B,-2.46%,$-0.01B,$0.19B,-3.05%,$-1,$0,$-1,$0,$4,$4,$-5,$0,$-5,$0,$-5,$-5,$-5,$-5,$-5,$22,22,$-0.21,$-0.21,$21,$0,$0,$21,$44,$0,$123,$1,$168,$189,$0,$0,$4,$4,$5,$0,$-175,$0,$185,$189,$0,$0,$0,$0,$0,$0,$0,$0,$0,$3,$-0,$0,$0,$0,$0,$0,$0,$0,$0,$0,$0,$-20,$-20,$0,$0,$-20,$-16,$0,$0
1,2018-06-30,11.65,$8.90,1.31,$0.55,21.1,$-0.60,0.0,$-0.18,0.0,$0.03B,$0.00B,82.72,$0.00B,$0.20B,0.0,$0.01B,$0.01B,58.33%,$0.01B,$-0.00B,-33.33%,$0.01B,$-0.00B,-33.33%,$0.01B,$-0.00B,-33.33%,$0.01B,$-0.00B,-33.33%,$0.01B,$-0.01B,-41.67%,$-0.01B,$0.20B,-2.16%,$-0.01B,$0.07B,-4.73%,$-0.01B,$0.20B,-2.09%,$-0.00B,$0.20B,-1.73%,$11,$4,$6,$0,$2,$6,$4,$0,$4,$0,$4,$4,$4,$4,$4,$22,22,$0.19,$0.19,$31,$0,$0,$31,$44,$0,$123,$5,$172,$203,$0,$0,$7,$7,$7,$0,$-171,$0,$196,$203,$0,$0,$0,$0,$0,$0,$0,$0,$0,$6,$-0,$0,$0,$0,$0,$0,$0,$0,$0,$0,$0,$-13,$-13,$0,$0,$-13,$-7,$0,$0
2,2018-03-31,11.45,$8.78,1.3,$0.45,25.39,$-0.96,0.0,$-0.30,0.0,$0.03B,$0.00B,33.81,$0.00B,$0.20B,0.0,$0.01B,$0.01B,100.00%,$0.01B,$-0.00B,-20.00%,$0.01B,$-0.00B,-20.00%,$0.01B,$-0.00B,-20.00%,$0.01B,$-0.00B,-20.00%,$0.01B,$-0.01B,-70.00%,$-0.01B,$0.20B,-2.41%,$-0.01B,$0.07B,-4.27%,$-0.01B,$0.21B,-2.00%,$-0.00B,$0.20B,-0.69%,$0,$0,$0,$0,$3,$3,$-3,$0,$-3,$0,$-3,$-3,$-3,$-3,$-3,$23,23,$-0.12,$-0.12,$30,$0,$0,$30,$44,$0,$127,$6,$177,$207,$1,$0,$7,$7,$7,$0,$-175,$0,$199,$207,$0,$0,$0,$0,$0,$0,$0,$0,$0,$-2,$-0,$0,$0,$0,$0,$0,$0,$-0,$0,$0,$0,$-5,$-5,$0,$0,$-5,$-7,$0,$0
3,2017-12-31,12.8,$8.95,1.43,$1.57,8.15,$-0.03,0.0,$0.02,640.0,$0.04B,$0.00B,53.35,$0.00B,$0.21B,0.0,$0.04B,$0.02B,66.67%,$0.04B,$0.01B,27.78%,$0.04B,$0.01B,27.78%,$0.04B,$0.01B,27.78%,$0.04B,$0.01B,27.78%,$0.04B,$0.00B,2.78%,$0.00B,$0.21B,0.29%,$0.00B,$0.08B,0.45%,$0.00B,$0.21B,0.21%,$0.01B,$0.21B,2.87%,$1,$1,$1,$0,$3,$3,$-2,$0,$-2,$-0,$-2,$-2,$-1,$-2,$-2,$23,23,$-0.05,$-0.05,$37,$0,$0,$37,$45,$0,$127,$6,$177,$214,$1,$0,$7,$7,$7,$0,$-173,$1,$207,$214,$2,$0,$-8,$-8,$0,$0,$0,$7,$-4,$-10,$0,$0,$0,$0,$67,$67,$47,$115,$0,$0,$0,$-1,$-1,$-116,$-12,$-129,$-24,$1,$-116
4,2017-09-30,16.7,$14.00,1.19,$1.74,9.6,$0.50,33.63,$-0.31,0.0,$0.03B,$0.00B,15.21,$0.00B,$0.32B,0.0,$0.04B,$0.03B,70.00%,$0.04B,$-0.00B,0.00%,$0.04B,$-0.00B,0.00%,$0.04B,$-0.00B,0.00%,$0.04B,$-0.00B,0.00%,$0.04B,$-0.01B,-17.50%,$-0.01B,$0.32B,-1.73%,$-0.01B,$0.20B,-2.52%,$-0.01B,$0.33B,-1.19%,$-0.00B,$0.32B,0.00%,$0,$0,$0,$0,$3,$3,$-3,$0,$-3,$0,$-3,$-3,$-5,$-3,$-3,$23,23,$-0.20,$-0.20,$25,$0,$0,$25,$45,$0,$127,$135,$307,$332,$2,$0,$6,$6,$8,$0,$-172,$0,$324,$332,$0,$0,$0,$0,$0,$0,$0,$0,$0,$-9,$0,$0,$0,$0,$-62,$-62,$47,$-14,$0,$0,$0,$-1,$-1,$0,$-12,$-13,$-36,$0,$0
5,2017-06-30,17.5,$18.65,0.94,$1.78,9.82,$0.06,298.13,$-0.24,0.0,$0.04B,$0.00B,72.72,$0.00B,$0.43B,0.0,$0.04B,$0.03B,70.73%,$0.04B,$-0.00B,-4.88%,$0.04B,$-0.00B,-4.88%,$0.04B,$-0.00B,-4.88%,$0.04B,$-0.00B,-4.88%,$0.04B,$-0.01B,-12.20%,$-0.01B,$0.43B,-1.16%,$-0.01B,$0.31B,-1.65%,$-0.01B,$0.65B,-0.75%,$-0.00B,$0.43B,-0.43%,$9,$0,$9,$0,$3,$3,$6,$0,$6,$3,$3,$3,$2,$6,$6,$23,23,$0.07,$0.07,$37,$0,$0,$37,$45,$0,$127,$440,$612,$649,$1,$0,$217,$217,$217,$0,$-167,$1,$432,$649,$0,$0,$0,$0,$0,$0,$0,$0,$0,$-2,$0,$0,$0,$0,$7,$7,$6,$13,$0,$0,$0,$-1,$-1,$0,$-4,$-4,$6,$0,$0
6,2017-03-31,14.0,$18.77,0.75,$1.45,9.69,$-0.59,0.0,$-0.46,0.0,$0.05B,$0.00B,49.7,$0.00B,$0.43B,0.0,$0.03B,$0.02B,63.64%,$0.03B,$-0.01B,-39.39%,$0.03B,$-0.01B,-39.39%,$0.03B,$-0.01B,-39.39%,$0.03B,$-0.01B,-39.39%,$0.03B,$-0.01B,-30.30%,$-0.01B,$0.43B,-2.34%,$-0.01B,$0.31B,-3.32%,$-0.01B,$0.69B,-1.49%,$-0.01B,$0.43B,-2.56%,$26,$13,$14,$0,$4,$17,$9,$0,$9,$0,$9,$9,$5,$9,$9,$23,23,$0.20,$0.20,$53,$0,$0,$53,$45,$0,$127,$464,$635,$688,$1,$0,$254,$254,$255,$0,$-169,$6,$433,$688,$0,$0,$0,$0,$0,$0,$0,$0,$0,$19,$0,$0,$0,$0,$2,$2,$6,$8,$0,$0,$0,$-0,$-0,$0,$-1,$-1,$26,$0,$0
7,2016-12-31,15.15,$18.53,0.82,$0.34,44.02,$-2.21,0.0,$-0.95,0.0,$0.02B,$0.00B,19.32,$0.00B,$0.43B,0.0,$0.01B,$0.01B,100.00%,$0.01B,$-0.03B,-337.50%,$0.01B,$-0.03B,-337.50%,$0.01B,$-0.03B,-337.50%,$0.01B,$-0.03B,-337.50%,$0.01B,$-0.02B,-275.00%,$-0.02B,$0.43B,-5.16%,$-0.02B,$0.30B,-7.35%,$-0.02B,$0.68B,-3.32%,$-0.03B,$0.43B,-4.94%,$5,$0,$5,$0,$17,$17,$-12,$0,$-12,$-0,$-11,$-11,$-9,$-12,$-12,$23,23,$-0.38,$-0.38,$20,$0,$0,$20,$58,$0,$127,$472,$656,$676,$1,$0,$247,$247,$248,$0,$-173,$7,$428,$676,$-13,$1,$-7,$-6,$0,$0,$0,$3,$13,$-6,$9,$0,$0,$0,$-0,$-0,$-1,$8,$0,$0,$0,$0,$0,$0,$2,$2,$4,$3,$0
8,2016-09-30,11.79,$18.44,0.64,$-7.30,0.0,$-4.56,0.0,$-0.62,0.0,$0.04B,$0.04B,1.04,$0.16B,$0.43B,0.37,$-0.17B,$-0.03B,16.07%,$-0.17B,$-0.02B,10.71%,$-0.17B,$-0.02B,10.71%,$-0.17B,$-0.02B,10.71%,$-0.17B,$-0.02B,10.71%,$-0.17B,$-0.01B,8.33%,$-0.01B,$0.43B,-3.27%,$-0.01B,$0.30B,-4.65%,$-0.01B,$0.66B,-2.12%,$-0.02B,$0.58B,-3.07%,$1,$0,$1,$0,$6,$6,$-5,$-0,$-5,$-1,$-5,$-5,$-3,$-5,$-5,$23,23,$-0.13,$-0.13,$38,$0,$0,$38,$439,$0,$127,$56,$623,$661,$37,$158,$41,$199,$235,$0,$-164,$7,$425,$661,$0,$0,$0,$0,$0,$0,$0,$0,$0,$-18,$-0,$0,$0,$0,$-0,$-0,$-0,$-1,$0,$0,$0,$0,$0,$0,$0,$0,$-19,$0,$0
9,2016-06-30,9.46,$18.49,0.51,$-3.96,0.0,$-7.13,0.0,$-1.10,0.0,$0.05B,$0.03B,1.39,$0.16B,$0.43B,0.38,$-0.09B,$-0.01B,12.09%,$-0.09B,$-0.01B,12.09%,$-0.09B,$-0.01B,12.09%,$-0.09B,$-0.01B,12.09%,$-0.09B,$-0.01B,13.19%,$-0.09B,$-0.03B,27.47%,$-0.03B,$0.43B,-5.82%,$-0.03B,$0.30B,-8.26%,$-0.03B,$0.66B,-3.77%,$-0.01B,$0.59B,-1.86%,$1,$0,$1,$0,$5,$6,$-5,$0,$-5,$-0,$-4,$-4,$-3,$-5,$-5,$23,23,$-0.15,$-0.15,$45,$0,$0,$45,$437,$0,$127,$53,$617,$662,$32,$163,$41,$204,$236,$0,$-162,$6,$426,$662,$0,$0,$0,$0,$0,$0,$0,$0,$0,$-17,$1,$0,$0,$0,$-0,$-0,$-1,$-0,$0,$0,$0,$0,$0,$0,$6,$6,$-12,$0,$0
10,2016-03-31,10.23,$18.50,0.55,$-2.47,0.0,$-8.30,0.0,$-3.12,0.0,$0.04B,$0.03B,1.35,$0.16B,$0.43B,0.37,$-0.06B,$-0.02B,40.35%,$-0.06B,$-0.03B,57.89%,$-0.06B,$-0.03B,57.89%,$-0.06B,$-0.03B,57.89%,$-0.06B,$-0.03B,59.65%,$-0.06B,$-0.07B,126.32%,$-0.07B,$0.43B,-16.59%,$-0.07B,$0.30B,-23.47%,$-0.07B,$0.65B,-10.47%,$-0.03B,$0.59B,-5.54%,$1,$0,$1,$0,$5,$5,$-5,$0,$-5,$0,$-5,$-5,$-7,$-5,$-5,$23,23,$-0.29,$-0.29,$40,$0,$0,$40,$435,$0,$127,$52,$614,$654,$30,$159,$38,$197,$226,$0,$-158,$5,$428,$654,$0,$0,$0,$0,$0,$0,$0,$0,$0,$-18,$-0,$0,$0,$0,$-0,$-0,$-1,$-1,$0,$0,$0,$0,$0,$0,$2,$2,$-17,$0,$0
11,2015-12-31,10.32,$18.84,0.55,$-0.54,0.0,$-8.41,0.0,$-3.56,0.0,$0.06B,$0.03B,1.64,$0.16B,$0.43B,0.36,$-0.01B,$-0.02B,115.38%,$-0.01B,$-0.04B,276.92%,$-0.01B,$-0.04B,276.92%,$-0.01B,$-0.04B,276.92%,$-0.01B,$-0.04B,292.31%,$-0.01B,$-0.08B,630.77%,$-0.08B,$0.43B,-18.21%,$-0.08B,$0.31B,-25.39%,$-0.08B,$0.66B,-11.38%,$-0.04B,$0.59B,-5.73%,$-171,$-141,$-30,$0,$-27,$-168,$-3,$0,$-3,$-0,$-3,$-3,$-1,$-3,$-3,$23,23,$-0.05,$-0.05,$56,$0,$0,$56,$424,$0,$127,$55,$606,$662,$34,$156,$38,$194,$228,$0,$-151,$5,$434,$662,$-81,$2,$29,$31,$0,$0,$0,$1,$1,$-49,$-3,$0,$0,$0,$7,$7,$102,$107,$0,$0,$0,$-0,$-0,$0,$-63,$-63,$-6,$2,$0
12,2015-09-30,9.68,$18.74,0.52,$7.09,1.37,$-12.89,0.0,$-4.87,0.0,$0.04B,$0.04B,1.12,$0.17B,$0.43B,0.39,$0.16B,$0.02B,9.26%,$0.16B,$-0.05B,-30.25%,$0.16B,$-0.05B,-30.25%,$0.16B,$-0.05B,-30.25%,$0.16B,$-0.06B,-36.42%,$0.16B,$-0.11B,-69.14%,$-0.11B,$0.43B,-23.84%,$-0.11B,$0.31B,-32.70%,$-0.11B,$0.68B,-14.82%,$-0.05B,$0.60B,-7.63%,$78,$61,$17,$0,$15,$76,$2,$-1,$1,$0,$1,$-1,$-14,$2,$2,$23,23,$-0.61,$-0.61,$40,$0,$0,$40,$452,$0,$127,$57,$636,$676,$36,$170,$38,$208,$244,$0,$-150,$5,$431,$676,$0,$0,$0,$0,$0,$0,$0,$0,$0,$-76,$-2,$0,$0,$0,$7,$7,$100,$105,$-49,$0,$-49,$-0,$-0,$0,$-1,$-50,$-21,$0,$0
13,2015-06-30,14.72,$19.26,0.76,$6.29,2.34,$-13.31,0.0,$-4.70,0.0,$0.04B,$0.03B,1.62,$0.16B,$0.44B,0.36,$0.14B,$0.01B,7.69%,$0.14B,$-0.06B,-39.16%,$0.14B,$-0.06B,-39.16%,$0.14B,$-0.06B,-39.16%,$0.14B,$-0.07B,-45.45%,$0.14B,$-0.11B,-75.52%,$-0.11B,$0.44B,-21.68%,$-0.11B,$0.32B,-29.17%,$-0.11B,$0.76B,-13.86%,$-0.06B,$0.60B,-8.42%,$35,$46,$-11,$0,$16,$62,$-27,$-0,$-27,$-3,$-24,$-25,$-50,$-27,$-27,$23,23,$-2.17,$-2.17,$44,$0,$0,$44,$417,$0,$128,$170,$716,$760,$27,$159,$130,$289,$316,$0,$-136,$5,$443,$760,$0,$0,$0,$0,$0,$0,$0,$0,$0,$-42,$-2,$0,$0,$0,$5,$5,$-1,$2,$22,$0,$22,$0,$0,$0,$-0,$21,$-18,$0,$0
14,2015-03-31,16.21,$21.42,0.76,$7.73,2.1,$-14.08,0.0,$-2.45,0.0,$0.05B,$0.03B,1.91,$0.22B,$0.49B,0.45,$0.18B,$0.04B,21.59%,$0.18B,$-0.03B,-17.61%,$0.18B,$-0.03B,-17.61%,$0.18B,$-0.03B,-17.61%,$0.18B,$-0.04B,-22.73%,$0.18B,$-0.06B,-31.82%,$-0.06B,$0.49B,-10.64%,$-0.06B,$0.37B,-14.04%,$-0.06B,$0.78B,-7.18%,$-0.03B,$0.72B,-4.52%,$45,$36,$9,$0,$16,$53,$-8,$-1,$-9,$-0,$-9,$-9,$-17,$-8,$-8,$23,23,$-0.73,$-0.73,$48,$0,$0,$48,$517,$0,$128,$90,$735,$783,$25,$223,$41,$265,$290,$0,$-86,$5,$493,$783,$0,$0,$0,$0,$0,$0,$0,$0,$0,$-19,$-1,$0,$0,$0,$5,$5,$-3,$1,$4,$0,$4,$0,$0,$0,$-0,$4,$-15,$0,$0
15,2014-12-31,18.85,$22.24,0.85,$8.46,2.23,$-15.11,0.0,$-2.30,0.0,$0.06B,$0.03B,2.55,$0.14B,$0.51B,0.27,$0.19B,$0.04B,18.23%,$0.19B,$-0.03B,-17.71%,$0.19B,$-0.03B,-17.71%,$0.19B,$-0.03B,-17.71%,$0.19B,$-0.05B,-24.48%,$0.19B,$-0.05B,-27.08%,$-0.05B,$0.51B,-9.62%,$-0.05B,$0.39B,-12.56%,$-0.05B,$0.80B,-6.74%,$-0.03B,$0.65B,-5.01%,$4,$5,$-0,$0,$0,$20,$-16,$-9,$-24,$-3,$-21,$-22,$-31,$-16,$-16,$23,23,$-1.36,$-1.36,$63,$0,$0,$63,$386,$0,$127,$229,$742,$804,$25,$135,$133,$268,$293,$0,$-70,$5,$512,$804,$-60,$3,$37,$40,$0,$0,$0,$-135,$-129,$-148,$-5,$0,$0,$0,$20,$20,$-20,$-5,$83,$0,$83,$0,$0,$0,$-7,$76,$-75,$7,$0
16,2014-09-30,19.95,$23.92,0.83,$3.48,5.72,$-11.12,0.0,$-1.28,0.0,$0.06B,$0.05B,1.04,$0.15B,$0.55B,0.27,$0.08B,$0.05B,63.29%,$0.08B,$-0.01B,-10.13%,$0.08B,$-0.01B,-10.13%,$0.08B,$-0.01B,-10.13%,$0.08B,$-0.01B,-11.39%,$0.08B,$-0.03B,-36.71%,$-0.03B,$0.55B,-5.23%,$-0.03B,$0.42B,-6.78%,$-0.03B,$0.77B,-3.81%,$-0.01B,$0.69B,-1.16%,$59,$47,$13,$0,$0,$64,$-5,$0,$-5,$-0,$-5,$-5,$-10,$-5,$-5,$23,23,$-0.44,$-0.44,$56,$0,$0,$56,$460,$0,$129,$126,$715,$771,$54,$148,$24,$172,$226,$0,$-38,$0,$545,$771,$0,$0,$0,$0,$0,$0,$0,$0,$0,$-82,$-4,$0,$0,$0,$12,$12,$-19,$-11,$11,$0,$11,$-1,$-1,$0,$0,$10,$-82,$0,$0
17,2014-06-30,23.76,$24.36,0.98,$5.53,4.3,$-9.73,0.0,$-0.48,0.0,$0.06B,$0.05B,1.33,$0.13B,$0.56B,0.24,$0.13B,$0.07B,56.69%,$0.13B,$0.01B,7.87%,$0.13B,$0.01B,7.87%,$0.13B,$0.01B,7.87%,$0.13B,$0.01B,5.51%,$0.13B,$-0.01B,-8.66%,$-0.01B,$0.56B,-1.96%,$-0.01B,$0.43B,-2.52%,$-0.01B,$0.76B,-1.44%,$0.01B,$0.69B,1.43%,$68,$52,$16,$0,$0,$69,$-2,$-0,$-2,$-0,$-2,$-3,$2,$-2,$-2,$23,23,$0.08,$0.08,$61,$0,$0,$61,$440,$0,$126,$133,$699,$760,$46,$134,$25,$159,$205,$0,$-28,$1,$555,$760,$0,$0,$0,$0,$0,$0,$0,$0,$0,$-57,$-3,$0,$0,$0,$4,$4,$-16,$-16,$-3,$0,$-3,$0,$0,$0,$-1,$-4,$-77,$0,$0
18,2014-03-31,25.99,$24.21,1.07,$7.19,3.62,$-8.67,0.0,$-0.90,0.0,$0.09B,$0.04B,2.26,$0.14B,$0.55B,0.25,$0.16B,$0.07B,44.51%,$0.16B,$0.01B,3.66%,$0.16B,$0.01B,3.66%,$0.16B,$0.01B,3.66%,$0.16B,$-0.00B,-0.61%,$0.16B,$-0.02B,-12.80%,$-0.02B,$0.55B,-3.92%,$-0.02B,$0.43B,-4.75%,$-0.02B,$0.75B,-2.84%,$0.01B,$0.69B,0.88%,$61,$55,$6,$0,$0,$73,$-11,$-4,$-16,$-0,$-15,$-16,$-13,$-11,$-11,$23,23,$-0.58,$-0.58,$92,$0,$0,$92,$413,$0,$125,$121,$659,$752,$41,$136,$25,$160,$201,$0,$-30,$1,$551,$752,$0,$0,$0,$0,$0,$0,$0,$0,$0,$-41,$-2,$0,$0,$0,$1,$1,$-1,$-2,$-1,$0,$-1,$0,$0,$0,$-1,$-2,$-46,$0,$0
19,2013-12-31,23.11,$24.83,0.93,$6.99,3.3,$-8.83,0.0,$-0.98,0.0,$0.14B,$0.04B,3.75,$0.14B,$0.57B,0.24,$0.16B,$0.07B,43.75%,$0.16B,$0.00B,0.63%,$0.16B,$0.00B,0.63%,$0.16B,$0.00B,0.63%,$0.16B,$-0.00B,-1.88%,$0.16B,$-0.02B,-14.38%,$-0.02B,$0.57B,-4.47%,$-0.02B,$0.44B,-5.09%,$-0.02B,$0.76B,-3.20%,$0.00B,$0.70B,0.15%,$-109,$-124,$15,$0,$0,$-119,$10,$4,$14,$0,$14,$13,$-8,$10,$10,$23,23,$-0.34,$-0.34,$138,$0,$0,$138,$378,$0,$125,$122,$625,$763,$37,$137,$24,$161,$198,$0,$-17,$0,$565,$763,$-29,$3,$-6,$-3,$0,$0,$0,$-35,$-27,$-59,$-4,$0,$0,$0,$4,$4,$2,$3,$-11,$0,$-11,$105,$105,$0,$0,$94,$38,$6,$0
20,2013-09-30,21.66,$25.18,0.86,$14.60,1.48,$-9.72,0.0,$-0.81,0.0,$0.16B,$0.03B,6.0,$0.15B,$0.57B,0.27,$0.33B,$0.06B,18.32%,$0.33B,$-0.01B,-3.60%,$0.33B,$-0.01B,-3.60%,$0.33B,$-0.01B,-3.60%,$0.33B,$-0.02B,-6.01%,$0.33B,$-0.02B,-5.41%,$-0.02B,$0.57B,-3.65%,$-0.02B,$0.45B,-4.20%,$-0.02B,$0.78B,-2.59%,$-0.01B,$0.73B,-1.86%,$107,$72,$35,$0,$0,$94,$13,$-2,$11,$4,$7,$7,$8,$13,$13,$23,23,$0.36,$0.36,$158,$0,$0,$158,$373,$0,$124,$121,$618,$776,$26,$153,$24,$177,$203,$0,$-9,$0,$573,$776,$0,$0,$0,$0,$0,$0,$0,$0,$0,$-51,$-4,$0,$0,$0,$6,$6,$3,$4,$-1,$0,$-1,$105,$105,$0,$0,$104,$58,$0,$0
21,2013-06-30,20.96,$20.04,1.05,$12.92,1.62,$-10.81,0.0,$-1.40,0.0,$0.09B,$0.03B,2.59,$0.15B,$0.46B,0.33,$0.29B,$0.04B,12.29%,$0.29B,$-0.03B,-10.92%,$0.29B,$-0.03B,-10.92%,$0.29B,$-0.03B,-10.92%,$0.29B,$-0.04B,-13.65%,$0.29B,$-0.03B,-10.58%,$-0.03B,$0.46B,-6.59%,$-0.03B,$0.46B,-7.08%,$-0.03B,$0.66B,-4.58%,$-0.03B,$0.61B,-5.18%,$105,$88,$17,$0,$0,$112,$-6,$-3,$-10,$-0,$-9,$-9,$-8,$-6,$-6,$23,23,$-0.34,$-0.34,$67,$0,$0,$86,$473,$0,$0,$104,$577,$663,$33,$150,$23,$174,$207,$0,$-17,$-1,$456,$663,$0,$0,$0,$0,$0,$0,$0,$0,$0,$-36,$-1,$0,$0,$0,$5,$5,$2,$5,$-3,$0,$-3,$0,$0,$0,$0,$-3,$-33,$0,$0
22,2013-03-31,22.2,$20.41,1.09,$8.84,2.51,$-12.32,0.0,$-1.74,0.0,$0.08B,$0.03B,2.57,$0.16B,$0.46B,0.34,$0.20B,$0.02B,11.44%,$0.20B,$-0.04B,-17.41%,$0.20B,$-0.04B,-17.41%,$0.20B,$-0.04B,-17.41%,$0.20B,$-0.04B,-20.40%,$0.20B,$-0.04B,-18.91%,$-0.04B,$0.46B,-7.94%,$-0.04B,$0.46B,-8.52%,$-0.04B,$0.68B,-5.54%,$-0.04B,$0.62B,-5.65%,$57,$54,$3,$0,$0,$73,$-16,$-2,$-18,$-1,$-17,$-17,$-15,$-16,$-16,$23,23,$-0.66,$-0.66,$62,$0,$0,$78,$489,$0,$0,$109,$598,$676,$30,$159,$23,$182,$212,$0,$-10,$-1,$464,$676,$0,$0,$0,$0,$0,$0,$0,$0,$0,$-47,$-0,$0,$0,$0,$1,$1,$2,$3,$6,$0,$6,$0,$0,$0,$0,$6,$-38,$0,$0
23,2012-12-31,20.27,$21.05,0.96,$6.59,3.07,$-11.74,0.0,$-1.30,0.0,$0.10B,$0.03B,4.0,$0.14B,$0.48B,0.3,$0.15B,$0.02B,15.33%,$0.15B,$-0.03B,-16.67%,$0.15B,$-0.03B,-16.67%,$0.15B,$-0.03B,-16.67%,$0.15B,$-0.03B,-20.00%,$0.15B,$-0.03B,-18.67%,$-0.03B,$0.48B,-5.73%,$-0.03B,$0.35B,-6.13%,$-0.03B,$0.67B,-4.05%,$-0.03B,$0.62B,-4.05%,$64,$58,$6,$0,$0,$67,$-3,$-0,$-3,$0,$-4,$-4,$-3,$-3,$-3,$23,23,$-0.15,$-0.15,$100,$0,$0,$100,$341,$0,$130,$96,$567,$667,$25,$141,$23,$164,$189,$0,$5,$-2,$478,$667,$-32,$5,$-1,$4,$0,$-8,$0,$-30,$-23,$-50,$-33,$0,$0,$0,$7,$7,$11,$-15,$42,$0,$42,$-1,$-1,$0,$-1,$40,$-25,$4,$0
24,2012-09-30,22.82,$21.22,1.08,$5.11,4.46,$-12.48,0.0,$-1.33,0.0,$0.10B,$0.00B,0.0,$0.14B,$0.48B,0.29,$0.12B,$0.03B,23.08%,$0.12B,$-0.03B,-24.79%,$0.12B,$-0.03B,-24.79%,$0.12B,$-0.03B,-24.79%,$0.12B,$-0.04B,-33.33%,$0.12B,$-0.03B,-25.64%,$-0.03B,$0.48B,-6.04%,$-0.03B,$0.48B,-6.04%,$-0.03B,$0.70B,-4.31%,$-0.03B,$0.62B,-4.73%,$67,$58,$10,$0,$0,$75,$-7,$-2,$-9,$-0,$-8,$-8,$-5,$-7,$-7,$23,23,$-0.23,$-0.23,$85,$0,$0,$100,$483,$0,$0,$81,$602,$702,$0,$140,$56,$219,$219,$0,$9,$-1,$483,$702,$0,$0,$0,$0,$0,$0,$0,$0,$0,$-48,$-32,$0,$0,$0,$2,$2,$10,$-20,$43,$0,$43,$-1,$-1,$0,$0,$42,$-26,$0,$0
25,2012-06-30,22.41,$21.52,1.04,$2.89,7.77,$-12.88,0.0,$-3.30,0.0,$0.07B,$0.00B,0.0,$0.12B,$0.49B,0.25,$0.07B,$0.02B,35.82%,$0.07B,$-0.02B,-35.82%,$0.07B,$-0.02B,-35.82%,$0.07B,$-0.02B,-35.82%,$0.07B,$-0.05B,-71.64%,$0.07B,$-0.08B,-111.94%,$-0.08B,$0.49B,-14.85%,$-0.08B,$0.49B,-14.85%,$-0.08B,$0.70B,-10.98%,$-0.02B,$0.61B,-3.98%,$13,$9,$4,$0,$0,$22,$-9,$-1,$-11,$0,$-11,$-11,$-15,$-9,$-9,$23,23,$-0.68,$-0.68,$61,$0,$0,$73,$482,$0,$0,$72,$624,$697,$0,$123,$59,$207,$207,$0,$14,$0,$490,$697,$0,$0,$0,$0,$0,$0,$0,$0,$0,$-45,$-25,$0,$0,$0,$3,$3,$-1,$-23,$29,$0,$29,$-1,$-1,$0,$0,$28,$-40,$0,$0
26,2012-03-31,23.45,$22.20,1.06,$2.77,8.47,$-12.36,0.0,$-2.53,0.0,$0.13B,$0.00B,0.0,$0.11B,$0.51B,0.22,$0.06B,$0.02B,37.50%,$0.06B,$-0.02B,-26.56%,$0.06B,$-0.02B,-26.56%,$0.06B,$-0.02B,-26.56%,$0.06B,$-0.04B,-60.94%,$0.06B,$-0.06B,-90.63%,$-0.06B,$0.51B,-11.08%,$-0.06B,$0.51B,-11.08%,$-0.06B,$0.70B,-8.54%,$-0.02B,$0.62B,-2.82%,$6,$2,$3,$0,$0,$12,$-6,$-1,$-7,$-1,$-6,$-6,$-5,$-6,$-6,$23,23,$-0.22,$-0.22,$110,$0,$0,$132,$461,$0,$0,$104,$565,$697,$0,$110,$81,$191,$191,$0,$29,$1,$505,$697,$0,$0,$0,$0,$0,$0,$0,$0,$0,$-20,$-14,$0,$0,$0,$3,$3,$2,$-10,$16,$0,$16,$-1,$-1,$0,$0,$15,$-44,$0,$0
27,2011-12-31,20.58,$22.45,0.92,$2.86,7.2,$-12.24,0.0,$-2.40,0.0,$0.11B,$0.02B,5.1,$0.09B,$0.51B,0.18,$0.07B,$0.03B,42.42%,$0.07B,$-0.01B,-21.21%,$0.07B,$-0.01B,-21.21%,$0.07B,$-0.01B,-21.21%,$0.07B,$-0.04B,-53.03%,$0.07B,$-0.06B,-83.33%,$-0.06B,$0.51B,-10.21%,$-0.06B,$0.51B,-10.21%,$-0.06B,$0.69B,-8.14%,$-0.01B,$0.60B,-2.32%,$31,$21,$10,$0,$0,$37,$-7,$-5,$-12,$-1,$-11,$-11,$-5,$-7,$-7,$23,23,$-0.21,$-0.21,$100,$0,$0,$106,$443,$0,$0,$62,$582,$688,$21,$93,$36,$158,$178,$0,$34,$-1,$510,$688,$-50,$1,$36,$37,$0,$0,$0,$2,$2,$-7,$-92,$0,$0,$0,$43,$43,$29,$-20,$42,$0,$42,$0,$0,$0,$-4,$38,$11,$5,$0
28,2011-09-30,20.51,$22.70,0.9,$1.53,13.36,$-10.79,0.0,$-2.35,0.0,$0.12B,$0.00B,0.0,$0.06B,$0.52B,0.12,$0.04B,$0.02B,52.78%,$0.04B,$-0.01B,-36.11%,$0.04B,$-0.01B,-36.11%,$0.04B,$-0.01B,-36.11%,$0.04B,$-0.04B,-108.33%,$0.04B,$-0.05B,-147.22%,$-0.05B,$0.52B,-9.57%,$-0.05B,$0.52B,-9.57%,$-0.05B,$0.65B,-7.83%,$-0.01B,$0.58B,-2.15%,$17,$10,$7,$0,$0,$19,$-2,$-16,$-18,$26,$-44,$-46,$-50,$-2,$-2,$23,23,$-2.20,$-2.20,$94,$0,$0,$118,$427,$0,$0,$104,$531,$649,$0,$63,$70,$133,$133,$0,$39,$1,$515,$649,$0,$0,$0,$0,$0,$0,$0,$0,$0,$-27,$-62,$0,$0,$0,$36,$36,$25,$-0,$11,$0,$11,$0,$0,$0,$-4,$7,$-43,$0,$0
29,2011-06-30,29.0,$24.82,1.17,$1.13,25.61,$-9.41,0.0,$-0.21,0.0,$0.12B,$0.00B,0.0,$0.05B,$0.56B,0.09,$0.03B,$0.02B,73.08%,$0.03B,$-0.01B,-50.00%,$0.03B,$-0.01B,-50.00%,$0.03B,$-0.01B,-50.00%,$0.03B,$-0.02B,-92.31%,$0.03B,$-0.00B,-15.38%,$-0.00B,$0.56B,-0.71%,$-0.00B,$0.56B,-0.71%,$-0.00B,$0.68B,-0.58%,$-0.01B,$0.61B,-2.12%,$10,$5,$4,$0,$0,$12,$-2,$0,$-2,$-1,$-1,$-3,$2,$-2,$-2,$23,23,$0.09,$0.09,$102,$0,$0,$124,$415,$0,$0,$118,$559,$684,$0,$50,$70,$120,$120,$0,$89,$7,$564,$684,$0,$0,$0,$0,$0,$0,$0,$0,$0,$-26,$-33,$0,$0,$0,$32,$32,$21,$20,$-5,$0,$-5,$0,$0,$0,$0,$-5,$-32,$0,$0
30,2011-03-31,30.06,$24.91,1.21,$1.00,30.11,$-8.75,0.0,$-0.41,0.0,$0.13B,$0.00B,0.0,$0.05B,$0.57B,0.08,$0.02B,$0.02B,86.96%,$0.02B,$-0.01B,-60.87%,$0.02B,$-0.01B,-60.87%,$0.02B,$-0.01B,-60.87%,$0.02B,$-0.03B,-108.70%,$0.02B,$-0.01B,-39.13%,$-0.01B,$0.57B,-1.58%,$-0.01B,$0.57B,-1.58%,$-0.01B,$0.68B,-1.32%,$-0.01B,$0.61B,-2.28%,$8,$0,$7,$0,$0,$10,$-3,$-0,$-3,$-1,$-1,$-3,$-2,$-3,$-3,$23,23,$-0.09,$-0.09,$109,$0,$0,$133,$392,$0,$0,$135,$550,$682,$0,$47,$70,$117,$117,$0,$87,$12,$565,$682,$0,$0,$0,$0,$0,$0,$0,$0,$0,$-23,$-8,$0,$0,$0,$31,$31,$1,$23,$-5,$0,$-5,$0,$0,$0,$0,$-5,$-5,$0,$0
31,2010-12-31,31.8,$25.14,1.26,$0.95,33.39,$-8.78,0.0,$-0.50,0.0,$0.14B,$0.00B,0.0,$0.05B,$0.57B,0.08,$0.02B,$0.02B,86.36%,$0.02B,$-0.02B,-77.27%,$0.02B,$-0.02B,-77.27%,$0.02B,$-0.02B,-77.27%,$0.02B,$-0.03B,-131.82%,$0.02B,$-0.01B,-50.00%,$-0.01B,$0.57B,-1.93%,$-0.01B,$0.57B,-1.93%,$-0.01B,$0.69B,-1.61%,$-0.02B,$0.62B,-2.77%,$1,$0,$1,$0,$0,$6,$-6,$-10,$-16,$-8,$-8,$-10,$-3,$-6,$-6,$23,23,$-0.14,$-0.14,$115,$0,$0,$139,$368,$0,$0,$166,$554,$693,$0,$46,$76,$122,$122,$0,$89,$15,$571,$693,$-14,$2,$-11,$-9,$0,$0,$0,$-44,$-36,$-59,$-7,$0,$0,$0,$20,$20,$11,$24,$-3,$0,$-3,$0,$0,$0,$1,$-2,$-40,$5,$0
32,2010-09-30,29.86,$25.05,1.19,$1.71,17.48,$-7.21,0.0,$-0.15,0.0,$0.14B,$0.00B,0.0,$0.04B,$0.57B,0.08,$0.04B,$0.03B,81.08%,$0.04B,$-0.01B,-21.62%,$0.04B,$-0.01B,-21.62%,$0.04B,$-0.01B,-21.62%,$0.04B,$-0.01B,-24.32%,$0.04B,$-0.00B,-8.11%,$-0.00B,$0.57B,-0.52%,$-0.00B,$0.57B,-0.52%,$-0.00B,$0.68B,-0.44%,$-0.01B,$0.61B,-1.30%,$7,$0,$7,$0,$0,$10,$-2,$-0,$-3,$-2,$-1,$-2,$-1,$-2,$-2,$23,23,$-0.06,$-0.06,$111,$0,$0,$135,$348,$0,$0,$182,$545,$681,$0,$43,$69,$112,$112,$0,$92,$19,$569,$681,$0,$0,$0,$0,$0,$0,$0,$0,$0,$-56,$-1,$0,$0,$0,$18,$18,$0,$17,$-3,$0,$-3,$0,$0,$0,$0,$-3,$-43,$0,$0
33,2010-06-30,29.97,$25.17,1.19,$1.42,21.11,$-5.78,0.0,$-0.17,0.0,$0.14B,$0.00B,0.0,$0.04B,$0.57B,0.07,$0.03B,$0.02B,77.42%,$0.03B,$-0.01B,-45.16%,$0.03B,$-0.01B,-45.16%,$0.03B,$-0.01B,-45.16%,$0.03B,$-0.01B,-45.16%,$0.03B,$-0.00B,-12.90%,$-0.00B,$0.57B,-0.70%,$-0.00B,$0.57B,-0.70%,$-0.00B,$0.68B,-0.59%,$-0.01B,$0.61B,-2.28%,$7,$1,$5,$0,$0,$10,$-3,$-0,$-3,$-1,$-2,$-3,$-3,$-3,$-3,$23,23,$-0.11,$-0.11,$113,$0,$0,$139,$337,$0,$0,$189,$540,$679,$0,$42,$67,$109,$109,$0,$93,$18,$570,$679,$0,$0,$0,$0,$0,$0,$0,$0,$0,$-43,$-1,$0,$0,$0,$1,$1,$0,$1,$0,$0,$0,$0,$0,$0,$0,$0,$-41,$0,$0
34,2010-03-31,37.19,$25.42,1.46,$1.58,23.59,$-3.64,0.0,$-0.18,0.0,$0.15B,$0.00B,0.0,$0.04B,$0.57B,0.07,$0.03B,$0.03B,81.82%,$0.03B,$-0.02B,-51.52%,$0.03B,$-0.02B,-51.52%,$0.03B,$-0.02B,-51.52%,$0.03B,$-0.02B,-51.52%,$0.03B,$-0.00B,-9.09%,$-0.00B,$0.57B,-0.53%,$-0.00B,$0.57B,-0.53%,$-0.00B,$0.69B,-0.44%,$-0.02B,$0.62B,-2.78%,$7,$1,$6,$0,$0,$13,$-6,$-1,$-7,$-2,$-4,$-5,$-4,$-6,$-6,$23,23,$-0.18,$-0.18,$123,$0,$0,$149,$332,$0,$0,$192,$536,$686,$0,$41,$70,$111,$111,$0,$96,$20,$574,$686,$0,$0,$0,$0,$0,$0,$0,$0,$0,$-32,$-0,$0,$0,$0,$-0,$-0,$0,$-1,$0,$0,$0,$0,$0,$0,$0,$0,$-32,$0,$0
35,2009-12-31,32.73,$25.65,1.28,$0.74,44.45,$-2.07,0.0,$-0.98,0.0,$0.19B,$0.00B,0.0,$0.04B,$0.58B,0.07,$0.02B,$0.01B,68.75%,$0.02B,$-0.03B,-181.25%,$0.02B,$-0.03B,-181.25%,$0.02B,$-0.03B,-181.25%,$0.02B,$-0.04B,-256.25%,$0.02B,$-0.02B,-112.50%,$-0.02B,$0.58B,-3.33%,$-0.02B,$0.58B,-3.33%,$-0.02B,$0.69B,-2.76%,$-0.03B,$0.62B,-5.00%,$16,$5,$12,$0,$0,$14,$3,$1,$4,$-0,$4,$4,$5,$3,$3,$21,21,$0.32,$0.32,$155,$0,$0,$185,$301,$0,$0,$190,$503,$688,$0,$41,$67,$108,$108,$0,$100,$21,$580,$688,$-22,$2,$26,$28,$0,$0,$0,$-32,$-36,$-28,$-0,$0,$0,$0,$-1,$-1,$-0,$-1,$-11,$0,$-11,$96,$96,$0,$0,$85,$58,$5,$0
36,2009-09-30,33.35,$25.13,1.33,$-0.46,0.0,$-6.83,0.0,$-1.10,0.0,$0.19B,$0.03B,7.23,$0.04B,$0.57B,0.07,$-0.01B,$-0.01B,112.50%,$-0.01B,$-0.03B,425.00%,$-0.01B,$-0.03B,425.00%,$-0.01B,$-0.03B,425.00%,$-0.01B,$-0.05B,562.50%,$-0.01B,$-0.02B,262.50%,$-0.02B,$0.57B,-4.07%,$-0.02B,$0.57B,-4.07%,$-0.02B,$0.68B,-3.34%,$-0.03B,$0.61B,-6.13%,$1,$0,$1,$0,$0,$9,$-8,$0,$-8,$-5,$-3,$-3,$-2,$-8,$-8,$23,23,$-0.08,$-0.08,$161,$0,$0,$190,$298,$0,$0,$167,$491,$681,$26,$39,$48,$87,$113,$0,$95,$14,$568,$681,$0,$0,$0,$0,$0,$0,$0,$0,$0,$-24,$-0,$0,$0,$0,$0,$0,$0,$0,$-7,$0,$-7,$96,$96,$0,$0,$89,$64,$0,$0
37,2009-06-30,28.7,$24.84,1.16,$0.01,0.0,$-10.01,0.0,$-0.99,0.0,$0.23B,$0.03B,8.66,$0.04B,$0.56B,0.07,$0.00B,0,0.00%,$0.00B,$-0.02B,-1800.00%,$0.00B,$-0.02B,-1800.00%,$0.00B,$-0.02B,-1800.00%,$0.00B,$-0.03B,-2900.00%,$0.00B,$-0.02B,-1800.00%,$-0.02B,$0.56B,-3.61%,$-0.02B,$0.56B,-3.61%,$-0.02B,$0.68B,-2.91%,$-0.02B,$0.60B,-3.36%,$9,$1,$8,$0,$0,$15,$-6,$-0,$-6,$-3,$-3,$-3,$-2,$-6,$-6,$20,20,$-0.12,$-0.12,$198,$0,$0,$231,$267,$0,$0,$150,$445,$676,$27,$37,$51,$88,$115,$0,$97,$6,$561,$676,$0,$0,$0,$0,$0,$0,$0,$0,$0,$5,$-0,$0,$-4,$0,$10,$10,$0,$5,$-5,$0,$-5,$96,$96,$0,$0,$91,$101,$0,$0
38,2009-03-31,30.07,$24.23,1.24,$2.40,12.55,$-12.30,0.0,$0.62,48.5,$0.13B,$0.03B,4.91,$0.04B,$0.46B,0.09,$0.05B,$0.05B,100.00%,$0.05B,$0.03B,73.91%,$0.05B,$0.03B,73.91%,$0.05B,$0.03B,73.91%,$0.05B,$0.02B,50.00%,$0.05B,$0.01B,26.09%,$0.01B,$0.46B,2.46%,$0.01B,$0.46B,2.46%,$0.01B,$0.57B,1.94%,$0.03B,$0.50B,6.50%,$-10,$0,$-10,$0,$0,$8,$-18,$-13,$-31,$-11,$-20,$-20,$-19,$-18,$-18,$19,19,$-0.98,$-0.98,$99,$0,$0,$133,$264,$0,$0,$134,$433,$566,$27,$39,$43,$82,$109,$0,$100,$-4,$456,$566,$0,$0,$0,$0,$0,$0,$0,$0,$0,$3,$-0,$0,$0,$0,$0,$0,$0,$0,$-2,$0,$-2,$0,$0,$0,$0,$-2,$3,$0,$0
39,2008-12-31,26.58,$25.36,1.05,$3.18,8.35,$-13.76,0.0,$1.51,17.6,$0.14B,$0.00B,0.0,$0.04B,$0.48B,0.09,$0.06B,$0.06B,100.00%,$0.06B,$0.05B,90.00%,$0.06B,$0.05B,90.00%,$0.06B,$0.05B,90.00%,$0.06B,$0.06B,93.33%,$0.06B,$0.03B,48.33%,$0.03B,$0.48B,5.73%,$0.03B,$0.48B,5.73%,$0.03B,$0.59B,4.48%,$0.05B,$0.52B,10.04%,$-8,$0,$-8,$0,$0,$-6,$-2,$0,$0,$-1,$1,$1,$2,$-2,$-2,$19,19,$0.08,$0.10,$96,$0,$0,$137,$273,$0,$0,$157,$456,$593,$0,$42,$73,$115,$115,$0,$118,$-1,$478,$593,$28,$1,$-38,$-37,$0,$0,$0,$-86,$-94,$-101,$-15,$0,$12,$0,$136,$136,$-1,$133,$8,$0,$8,$0,$0,$0,$0,$8,$26,$4,$0
40,2008-09-30,35.91,$26.61,1.35,$4.11,8.73,$-13.36,0.0,$1.51,23.78,$0.18B,$0.03B,5.82,$0.03B,$0.50B,0.06,$0.08B,$0.08B,100.00%,$0.08B,$0.06B,74.03%,$0.08B,$0.06B,74.03%,$0.08B,$0.06B,74.03%,$0.08B,$0.06B,79.22%,$0.08B,$0.03B,36.36%,$0.03B,$0.50B,5.41%,$0.03B,$0.50B,5.41%,$0.03B,$0.64B,4.19%,$0.06B,$0.53B,10.47%,$10,$0,$10,$0,$0,$2,$8,$0,$8,$7,$0,$0,$1,$8,$8,$19,19,$0.03,$0.02,$140,$0,$0,$180,$249,$0,$0,$197,$457,$636,$31,$28,$76,$104,$135,$0,$117,$24,$501,$636,$0,$0,$0,$0,$0,$0,$0,$0,$0,$-79,$-2,$0,$12,$0,$140,$140,$0,$150,$6,$0,$6,$0,$0,$0,$1,$7,$69,$0,$0
41,2008-06-30,43.45,$27.53,1.58,$4.04,10.76,$-12.93,0.0,$1.51,28.77,$0.21B,$0.03B,6.63,$0.03B,$0.52B,0.06,$0.08B,$0.08B,100.00%,$0.08B,$0.05B,68.00%,$0.08B,$0.05B,68.00%,$0.08B,$0.05B,68.00%,$0.08B,$0.06B,73.33%,$0.08B,$0.03B,36.00%,$0.03B,$0.52B,5.14%,$0.03B,$0.52B,5.14%,$0.03B,$0.68B,3.96%,$0.05B,$0.55B,9.29%,$54,$0,$54,$0,$0,$8,$46,$0,$46,$18,$28,$28,$28,$46,$46,$19,19,$1.50,$1.49,$166,$0,$0,$207,$236,$0,$0,$233,$475,$683,$31,$29,$104,$133,$164,$0,$116,$43,$519,$683,$0,$0,$0,$0,$0,$0,$0,$0,$0,$-28,$-11,$0,$0,$0,$131,$131,$0,$120,$7,$0,$7,$0,$0,$0,$0,$7,$95,$0,$0
42,2008-03-31,30.23,$27.88,1.08,$1.64,18.49,$-13.66,0.0,$-0.18,0.0,$0.12B,$0.03B,3.82,$0.03B,$0.53B,0.06,$0.03B,$0.03B,100.00%,$0.03B,$-0.00B,-3.45%,$0.03B,$-0.00B,-3.45%,$0.03B,$-0.00B,-3.45%,$0.03B,$0.00B,10.34%,$0.03B,$-0.01B,-17.24%,$-0.01B,$0.53B,-0.95%,$-0.01B,$0.53B,-0.95%,$-0.01B,$0.68B,-0.74%,$-0.00B,$0.55B,-0.18%,$4,$0,$4,$0,$0,$2,$2,$0,$2,$4,$-2,$-2,$-2,$2,$2,$19,19,$-0.09,$-0.09,$85,$0,$0,$122,$224,$0,$0,$333,$557,$678,$32,$29,$80,$121,$153,$0,$88,$79,$525,$678,$0,$0,$0,$0,$0,$0,$0,$0,$0,$-8,$-16,$0,$0,$0,$36,$36,$0,$19,$6,$0,$6,$0,$0,$0,$0,$7,$14,$0,$0
43,2007-12-31,33.62,$27.92,1.2,$1.86,18.12,$-13.38,0.0,$-0.06,0.0,$0.11B,$0.00B,0.0,$0.02B,$0.53B,0.04,$0.03B,$0.03B,96.97%,$0.03B,$-0.00B,-6.06%,$0.03B,$-0.00B,-6.06%,$0.03B,$-0.00B,-6.06%,$0.03B,$0.00B,6.06%,$0.03B,$-0.00B,-6.06%,$-0.00B,$0.53B,-0.38%,$-0.00B,$0.53B,-0.38%,$-0.00B,$0.68B,-0.30%,$-0.00B,$0.55B,-0.37%,$9,$1,$9,$0,$0,$8,$1,$0,$5,$3,$1,$1,$1,$1,$1,$18,18,$0.07,$0.08,$71,$0,$0,$105,$202,$0,$0,$370,$572,$676,$0,$19,$114,$150,$150,$0,$89,$79,$526,$676,$-2,$2,$-8,$-7,$0,$0,$0,$-53,$-49,$-57,$-48,$0,$0,$0,$-63,$-63,$-1,$-112,$0,$0,$0,$100,$100,$0,$4,$105,$-66,$4,$0
44,2007-09-30,41.55,$28.19,1.47,$2.59,16.04,$-8.66,0.0,$0.50,83.1,$0.10B,$0.04B,2.75,$0.02B,$0.53B,0.04,$0.04B,$0.04B,90.70%,$0.04B,$0.01B,11.63%,$0.04B,$0.01B,11.63%,$0.04B,$0.01B,11.63%,$0.04B,$0.01B,20.93%,$0.04B,$0.01B,16.28%,$0.01B,$0.53B,1.42%,$0.01B,$0.53B,1.42%,$0.01B,$0.69B,1.09%,$0.01B,$0.55B,0.99%,$8,$0,$8,$0,$0,$7,$2,$0,$2,$1,$0,$0,$0,$2,$2,$19,19,$0.03,$0.02,$71,$0,$0,$103,$174,$0,$0,$410,$584,$687,$37,$18,$79,$119,$156,$0,$88,$86,$531,$687,$0,$0,$0,$0,$0,$0,$0,$0,$0,$-38,$-35,$0,$0,$0,$-96,$-96,$0,$-131,$0,$0,$0,$100,$100,$0,$5,$105,$-65,$0,$0
45,2007-06-30,43.26,$27.74,1.56,$4.43,9.77,$-5.08,0.0,$1.21,35.75,$0.15B,$0.04B,3.8,$0.01B,$0.52B,0.02,$0.07B,$0.06B,85.92%,$0.07B,$0.03B,35.21%,$0.07B,$0.03B,35.21%,$0.07B,$0.03B,35.21%,$0.07B,$0.03B,40.85%,$0.07B,$0.02B,26.76%,$0.02B,$0.52B,4.15%,$0.02B,$0.52B,4.15%,$0.02B,$0.68B,3.15%,$0.03B,$0.54B,5.31%,$8,$1,$8,$0,$0,$14,$-6,$0,$-6,$-2,$-4,$-4,$-4,$-6,$-6,$19,19,$-0.20,$-0.20,$112,$0,$0,$146,$143,$0,$0,$390,$532,$678,$38,$13,$79,$118,$156,$0,$87,$82,$522,$678,$0,$0,$0,$0,$0,$0,$0,$0,$0,$-25,$-27,$0,$0,$0,$-77,$-77,$0,$-104,$0,$0,$0,$100,$100,$0,$5,$105,$-24,$0,$0
46,2007-03-31,42.71,$27.48,1.55,$4.62,9.24,$-3.72,0.0,$1.44,29.66,$0.22B,$0.04B,5.37,$0.01B,$0.51B,0.03,$0.07B,$0.06B,83.56%,$0.07B,$0.04B,47.95%,$0.07B,$0.04B,47.95%,$0.07B,$0.04B,47.95%,$0.07B,$0.04B,53.42%,$0.07B,$0.02B,31.51%,$0.02B,$0.51B,5.46%,$0.02B,$0.51B,5.46%,$0.02B,$0.66B,4.10%,$0.04B,$0.53B,8.06%,$8,$1,$7,$0,$0,$6,$1,$0,$1,$1,$1,$1,$1,$1,$1,$17,17,$0.03,$0.03,$183,$0,$0,$217,$120,$0,$0,$327,$447,$663,$40,$13,$75,$109,$149,$0,$91,$69,$514,$663,$0,$0,$0,$0,$0,$0,$0,$0,$0,$-7,$-11,$0,$0,$0,$-37,$-37,$0,$-47,$0,$0,$0,$100,$100,$0,$0,$100,$46,$0,$0
47,2006-12-31,34.77,$25.52,1.36,$5.54,6.28,$-4.08,0.0,$1.95,17.83,$0.17B,$0.04B,4.16,$0.01B,$0.41B,0.03,$0.08B,$0.07B,86.75%,$0.08B,$0.05B,56.63%,$0.08B,$0.05B,56.63%,$0.08B,$0.05B,56.63%,$0.08B,$0.05B,61.45%,$0.08B,$0.03B,34.94%,$0.03B,$0.41B,7.88%,$0.03B,$0.41B,7.88%,$0.03B,$0.55B,5.77%,$0.05B,$0.42B,12.34%,$19,$3,$16,$0,$0,$10,$8,$4,$12,$5,$7,$7,$10,$8,$8,$15,15,$0.64,$0.64,$137,$0,$0,$171,$103,$0,$0,$275,$378,$549,$41,$13,$72,$103,$144,$0,$91,$61,$405,$549,$29,$2,$-26,$-24,$0,$0,$0,$3,$8,$13,$-28,$0,$0,$0,$46,$46,$-3,$15,$-0,$0,$-0,$74,$74,$0,$-0,$73,$99,$0,$0
