,Date,Stock Price,Book Value per Share,Price to Book Ratio,TTM Sales per Share,Price to Sales Ratio,TTM FCF per Share,Price to FCF Ratio,TTM Net EPS,PE Ratio,Current Assets,Current Liabilities,Current Ratio,Long Term Debt,Shareholder's Equity_x,Debt to Equity Ratio,TTM Revenue_x,TTM Gross Profit,Gross Margin,TTM Revenue_y,TTM Operating Income,Operating Margin,TTM Revenue_x,TTM EBIT,EBIT Margin,TTM Revenue_y,TTM EBITDA,EBITDA Margin,TTM Revenue_x,TTM Pre-Tax Income,Pre-Tax Margin,TTM Revenue_y,TTM Net Income_x,Net Margin,TTM Net Income_y,Shareholder's Equity_y,Return on Equity,TTM Net Income_x,Tangible Equity,Return on Tangible Equity,TTM Net Income_y,Total Assets,Return on Assets,TTM Net Income,LT Investments & Debt,Return on Investment,revenue,cost-goods-sold,gross-profit,research-development-expenses,selling-general-administrative-expenses,operating-expenses,operating-income,total-non-operating-income-expense,pre-tax-income,total-provision-income-taxes,income-after-taxes,income-from-continuous-operations,net-income,ebitda,ebit,basic-shares-outstanding,shares-outstanding,eps-basic-net-earnings-per-share,eps-earnings-per-share-diluted,cash-on-hand,inventory,other-current-assets,total-current-assets,net-property-plant-equipment,long-term-investments,goodwill-intangible-assets-total,other-long-term-assets,total-long-term-assets,total-assets,total-current-liabilities,long-term-debt,other-non-current-liabilities,total-long-term-liabilities,total-liabilities,common-stock-net,retained-earnings-accumulated-deficit,comprehensive-income,total-share-holder-equity,total-liabilities-share-holders-equity,net-income-loss,total-depreciation-amortization-cash-flow,other-non-cash-items,total-non-cash-items,change-in-accounts-receivable,change-in-inventories,change-in-accounts-payable,change-in-assets-liabilities,total-change-in-assets-liabilities,cash-flow-from-operating-activities,net-change-in-property-plant-equipment,net-change-in-intangible-assets,net-acquisitions-divestitures,net-change-in-short-term-investments,net-change-in-long-term-investments,net-change-in-investments-total,investing-activities-other,cash-flow-from-investing-activities,net-long-term-debt,net-current-debt,debt-issuance-retirement-net-total,net-common-equity-issued-repurchased,net-total-equity-issued-repurchased,total-common-preferred-stock-dividends-paid,financial-activities-other,cash-flow-from-financial-activities,net-cash-flow,stock-based-compensation,common-stock-dividends-paid
0,2018-09-30,45.78,$-14.67,-3.12,$21.61,2.12,$10.58,4.33,$-6.08,0.0,$0.63B,$0.47B,1.33,$0.01B,$-1.96B,-0.0,$1.67B,$0.88B,52.45%,$1.67B,$0.56B,33.61%,$1.67B,$0.56B,33.61%,$1.67B,$0.69B,41.39%,$1.67B,$0.54B,32.06%,$1.67B,$-0.83B,-49.46%,$-0.83B,$-1.96B,60.50%,$-0.83B,$-3.17B,31.77%,$-0.83B,$2.52B,-35.03%,$0.56B,$-1.95B,-41.32%,$402,$189,$213,$0,$106,$309,$93,$0,$93,$11,$82,$82,$-681,$127,$93,$53,53,$-12.80,$-12.80,$142,$68,$204,$626,$211,$97,$1215,$23,$1890,$2517,$470,$5,$3975,$4003,$4472,$1,$-1820,$0,$-1956,$2517,$82,$34,$8,$42,$-41,$-2,$0,$1,$-64,$60,$-25,$0,$0,$0,$0,$0,$0,$-25,$-18,$0,$-18,$-5,$-5,$-15,$-7,$-45,$-10,$6,$-15
1,2018-06-30,36.38,$-10.72,-3.39,$16.85,2.16,$10.33,3.52,$-3.68,0.0,$0.43B,$0.45B,0.96,$0.01B,$-1.43B,-0.01,$1.66B,$0.86B,51.96%,$1.66B,$0.54B,32.45%,$1.66B,$0.54B,32.45%,$1.66B,$0.67B,40.10%,$1.66B,$0.52B,31.07%,$1.66B,$0.19B,11.44%,$0.19B,$-1.43B,-15.83%,$0.19B,$-2.66B,-7.76%,$0.19B,$2.31B,8.06%,$0.54B,$-1.42B,-45.17%,$434,$203,$231,$0,$112,$329,$105,$-3,$102,$2,$101,$101,$-323,$138,$105,$54,137,$-5.95,$4.65,$152,$66,$1,$429,$207,$94,$1229,$4,$1884,$2312,$449,$7,$3266,$3290,$3739,$1,$-1278,$0,$-1427,$2312,$258,$127,$86,$213,$-14,$-16,$0,$34,$37,$508,$-93,$0,$0,$0,$0,$0,$0,$-93,$-128,$0,$-128,$-189,$-189,$-79,$-23,$-419,$-4,$29,$-79
2,2018-03-31,31.31,$-8.54,-3.67,$21.69,1.44,$13.68,2.29,$-3.61,0.0,$0.41B,$0.52B,0.77,$0.01B,$-1.14B,-0.01,$1.63B,$0.85B,51.96%,$1.63B,$0.53B,32.27%,$1.63B,$0.53B,32.27%,$1.63B,$0.65B,39.82%,$1.63B,$0.50B,30.80%,$1.63B,$0.20B,12.21%,$0.20B,$-1.14B,-15.81%,$0.20B,$-2.38B,-7.89%,$0.20B,$2.30B,8.27%,$0.53B,$-1.13B,-42.00%,$425,$204,$222,$0,$109,$327,$99,$-9,$90,$13,$77,$77,$-104,$131,$99,$54,54,$-1.93,$-1.93,$149,$57,$0,$406,$199,$93,$1242,$4,$1889,$2295,$524,$7,$2865,$2906,$3430,$1,$-966,$0,$-1135,$2295,$157,$94,$92,$186,$-4,$-7,$0,$27,$26,$370,$-65,$0,$0,$0,$0,$0,$0,$-65,$-28,$0,$-28,$-195,$-195,$-66,$-23,$-312,$-7,$25,$-66
3,2017-12-31,29.19,$-6.93,-4.21,$21.26,1.37,$12.39,2.36,$-3.26,0.0,$0.42B,$0.51B,0.83,$0.01B,$-0.95B,-0.01,$1.59B,$0.83B,52.24%,$1.59B,$0.51B,31.92%,$1.59B,$0.51B,31.92%,$1.59B,$0.63B,39.50%,$1.59B,$0.49B,30.98%,$1.59B,$0.22B,14.01%,$0.22B,$-0.95B,-16.73%,$0.22B,$-2.21B,-8.52%,$0.22B,$2.32B,8.94%,$0.51B,$-0.94B,-38.32%,$411,$201,$211,$0,$109,$146,$265,$-14,$251,$232,$20,$20,$281,$296,$265,$55,139,$5.09,$-1.66,$163,$62,$0,$421,$191,$98,$1256,$5,$1899,$2320,$506,$7,$2726,$2763,$3270,$1,$-875,$0,$-950,$2320,$80,$62,$72,$134,$-0,$-12,$0,$25,$-8,$207,$-39,$0,$0,$0,$0,$0,$0,$-39,$-27,$0,$-27,$-67,$-67,$-46,$-22,$-162,$6,$18,$-46
4,2017-09-30,32.57,$-9.23,-3.53,$20.85,1.56,$11.92,2.73,$-4.19,0.0,$0.39B,$0.49B,0.8,$0.01B,$-1.29B,-0.01,$1.53B,$0.80B,52.12%,$1.53B,$0.32B,20.61%,$1.53B,$0.32B,20.61%,$1.53B,$0.43B,28.05%,$1.53B,$0.52B,34.18%,$1.53B,$0.34B,22.24%,$0.34B,$-1.29B,-23.90%,$0.34B,$-2.56B,-12.54%,$0.34B,$2.50B,13.34%,$0.32B,$-1.28B,-22.26%,$391,$191,$199,$0,$114,$320,$70,$3,$73,$13,$61,$61,$336,$101,$70,$53,140,$6.36,$0.30,$132,$58,$0,$394,$186,$97,$1271,$9,$2110,$2504,$490,$6,$3245,$3303,$3793,$1,$-1289,$0,$-1289,$2504,$61,$30,$14,$45,$-9,$-7,$0,$8,$-30,$75,$-17,$0,$0,$0,$0,$0,$0,$-17,$-55,$0,$-55,$3,$3,$-25,$-6,$-83,$-25,$9,$-25
5,2017-06-30,36.0,$-11.94,-3.02,$20.25,1.78,$11.68,3.08,$-6.33,0.0,$0.41B,$0.57B,0.72,$0.01B,$-1.66B,-0.0,$1.46B,$0.78B,53.26%,$1.46B,$0.32B,21.92%,$1.46B,$0.32B,21.92%,$1.46B,$0.43B,29.21%,$1.46B,$0.53B,36.56%,$1.46B,$0.08B,5.15%,$0.08B,$-1.66B,-4.79%,$0.08B,$-2.95B,-2.75%,$0.08B,$2.51B,3.12%,$0.32B,$-1.66B,-20.48%,$403,$188,$215,$1,$114,$312,$92,$-4,$88,$14,$74,$74,$-314,$121,$92,$50,50,$-6.45,$1.35,$157,$50,$7,$409,$187,$93,$1285,$10,$2099,$2508,$572,$6,$3544,$3599,$4170,$1,$-1663,$0,$-1662,$2508,$449,$107,$-136,$-29,$3,$-16,$0,$9,$-29,$392,$-71,$0,$-383,$0,$-18,$-18,$7,$-465,$201,$0,$201,$-112,$-112,$-90,$-18,$-19,$-92,$26,$-90
6,2017-03-31,31.83,$-10.12,-3.15,$14.32,2.22,$7.34,4.34,$0.07,454.71,$0.49B,$0.73B,0.68,$0.01B,$-1.41B,-0.01,$1.35B,$0.74B,54.55%,$1.35B,$0.28B,20.69%,$1.35B,$0.28B,20.69%,$1.35B,$0.38B,28.09%,$1.35B,$0.50B,37.18%,$1.35B,$0.49B,36.29%,$0.49B,$-1.41B,-30.00%,$0.49B,$-2.71B,-18.50%,$0.49B,$2.60B,21.92%,$0.28B,$-1.40B,-17.20%,$380,$177,$203,$1,$109,$301,$79,$-0,$79,$7,$71,$71,$-81,$108,$79,$51,51,$-1.60,$-1.60,$236,$49,$5,$494,$182,$99,$1301,$13,$2104,$2599,$726,$7,$3227,$3281,$4006,$1,$-1408,$0,$-1408,$2599,$376,$78,$-155,$-77,$7,$-15,$0,$-5,$-24,$274,$-52,$0,$-384,$0,$-18,$-18,$7,$-447,$364,$0,$364,$-119,$-119,$-67,$-18,$160,$-13,$19,$-67
7,2016-12-31,30.36,$-9.63,-3.15,$8.86,3.43,$4.43,6.86,$2.08,14.6,$0.51B,$0.79B,0.65,$0.01B,$-1.35B,-0.01,$1.27B,$0.72B,56.76%,$1.27B,$0.28B,21.70%,$1.27B,$0.28B,21.70%,$1.27B,$0.37B,29.01%,$1.27B,$0.51B,39.70%,$1.27B,$0.87B,68.55%,$0.87B,$-1.35B,-48.40%,$0.87B,$-2.67B,-32.66%,$0.87B,$2.62B,42.45%,$0.28B,$-1.34B,-15.52%,$359,$176,$182,$1,$96,$284,$75,$209,$284,$37,$246,$246,$400,$100,$75,$49,141,$8.10,$1.50,$219,$66,$3,$514,$180,$99,$1318,$14,$2102,$2616,$792,$7,$3114,$3171,$3963,$1,$-1347,$0,$-1347,$2616,$304,$49,$-163,$-114,$-12,$-32,$0,$-4,$-52,$138,$-34,$0,$-291,$0,$-18,$-18,$7,$-336,$326,$0,$326,$-96,$-96,$-45,$-18,$168,$-30,$12,$-45
8,2016-09-30,32.34,$-12.88,-2.51,$13.34,2.42,$6.00,5.39,$-0.32,0.0,$0.38B,$0.30B,1.28,$0.01B,$-1.84B,-0.01,$1.21B,$0.72B,59.67%,$1.21B,$0.27B,22.49%,$1.21B,$0.27B,22.49%,$1.21B,$0.36B,29.96%,$1.21B,$0.30B,24.48%,$1.21B,$0.42B,34.69%,$0.42B,$-1.84B,-20.13%,$0.42B,$-2.59B,-14.96%,$0.42B,$1.89B,22.63%,$0.27B,$-1.83B,-13.37%,$313,$139,$175,$1,$92,$241,$73,$9,$81,$23,$58,$58,$70,$96,$73,$47,143,$1.49,$0.26,$156,$35,$4,$384,$175,$96,$753,$19,$1506,$1890,$301,$9,$3420,$3429,$3730,$0,$-1841,$0,$-1841,$1890,$58,$23,$9,$32,$-8,$-1,$0,$-1,$-49,$42,$-17,$0,$-69,$0,$-18,$-18,$7,$-97,$-0,$0,$-0,$2,$2,$-22,$-17,$-38,$-93,$6,$-22
9,2016-06-30,32.7,$-13.73,-2.38,$13.01,2.51,$5.86,5.58,$-0.34,0.0,$0.46B,$0.33B,1.42,$0.01B,$-1.95B,-0.01,$1.16B,$0.71B,60.71%,$1.16B,$0.27B,22.87%,$1.16B,$0.27B,22.87%,$1.16B,$0.35B,30.18%,$1.16B,$0.29B,24.51%,$1.16B,$0.82B,70.42%,$0.82B,$-1.95B,-36.02%,$0.82B,$-2.65B,-27.48%,$0.82B,$1.86B,45.56%,$0.27B,$-1.94B,-12.17%,$301,$123,$178,$1,$120,$249,$53,$6,$59,$8,$50,$50,$102,$76,$53,$42,145,$1.43,$1.61,$267,$29,$3,$463,$174,$47,$696,$12,$1392,$1855,$326,$14,$3467,$3481,$3807,$0,$-1952,$-0,$-1951,$1855,$235,$84,$48,$132,$-37,$4,$0,$-13,$4,$371,$-77,$0,$-469,$0,$364,$364,$22,$-160,$-13,$0,$-13,$6,$6,$-93,$-10,$-110,$102,$49,$-93
10,2016-03-31,33.36,$-14.56,-2.29,$18.41,1.81,$12.06,2.77,$-2.88,0.0,$0.45B,$0.30B,1.52,$0.06B,$-2.07B,-0.03,$1.13B,$0.69B,60.67%,$1.13B,$0.28B,24.62%,$1.13B,$0.28B,24.62%,$1.13B,$0.36B,31.44%,$1.13B,$0.28B,24.98%,$1.13B,$0.63B,56.07%,$0.63B,$-2.07B,-24.67%,$0.63B,$-2.77B,-20.02%,$0.63B,$1.86B,36.88%,$0.28B,$-2.00B,-11.23%,$299,$112,$187,$1,$102,$224,$75,$6,$81,$10,$72,$72,$300,$97,$75,$45,145,$6.71,$0.43,$266,$29,$4,$453,$166,$39,$705,$29,$1402,$1855,$299,$64,$3559,$3624,$3923,$0,$-2068,$-0,$-2068,$1855,$185,$61,$38,$100,$-27,$4,$0,$-12,$-13,$271,$-55,$0,$-469,$0,$345,$345,$17,$-161,$48,$0,$48,$4,$4,$-68,$-2,$-18,$92,$37,$-68
11,2015-12-31,35.27,$-17.01,-2.07,$23.36,1.51,$16.04,2.2,$-13.35,0.0,$0.39B,$0.26B,1.47,$0.11B,$-2.45B,-0.05,$1.09B,$0.66B,60.16%,$1.09B,$0.27B,24.91%,$1.09B,$0.27B,24.91%,$1.09B,$0.34B,31.23%,$1.09B,$0.28B,25.18%,$1.09B,$-0.04B,-3.85%,$-0.04B,$-2.45B,1.49%,$-0.04B,$-3.16B,1.27%,$-0.04B,$1.79B,-2.59%,$0.27B,$-2.33B,-9.94%,$292,$113,$179,$0,$99,$222,$70,$4,$74,$13,$61,$61,$-54,$92,$70,$42,42,$-1.31,$-1.31,$200,$30,$4,$387,$163,$52,$714,$25,$1401,$1788,$263,$113,$3859,$3972,$4234,$0,$-2447,$-0,$-2447,$1788,$113,$39,$32,$72,$-26,$3,$0,$-14,$-50,$135,$-39,$0,$-469,$0,$319,$319,$12,$-177,$99,$0,$99,$2,$2,$-45,$-2,$53,$11,$25,$-45
12,2015-09-30,34.37,$-18.28,-1.88,$23.35,1.47,$17.15,2.0,$-12.97,0.0,$0.36B,$0.25B,1.47,$0.16B,$-2.63B,-0.06,$1.05B,$0.63B,60.34%,$1.05B,$0.27B,25.55%,$1.05B,$0.27B,25.55%,$1.05B,$0.33B,31.36%,$1.05B,$0.27B,25.83%,$1.05B,$-0.02B,-2.00%,$-0.02B,$-2.63B,0.73%,$-0.02B,$-3.34B,0.65%,$-0.02B,$1.69B,-1.37%,$0.27B,$-2.47B,-9.50%,$271,$109,$162,$0,$87,$203,$68,$3,$71,$19,$52,$52,$471,$86,$68,$38,146,$12.49,$0.24,$172,$32,$5,$363,$154,$64,$712,$32,$1329,$1692,$247,$164,$3911,$4075,$4322,$0,$-2630,$-0,$-2629,$1692,$52,$18,$17,$35,$-20,$1,$0,$-13,$-65,$23,$-17,$0,$-463,$0,$288,$288,$6,$-187,$150,$0,$150,$0,$0,$-22,$-0,$127,$-37,$14,$-22
13,2015-06-30,38.46,$-21.65,-1.78,$28.58,1.35,$18.08,2.13,$-15.79,0.0,$0.55B,$0.27B,2.02,$0.02B,$-3.12B,-0.01,$1.01B,$0.61B,60.58%,$1.01B,$0.27B,26.42%,$1.01B,$0.27B,26.42%,$1.01B,$0.32B,31.78%,$1.01B,$0.27B,26.91%,$1.01B,$-0.87B,-85.90%,$-0.87B,$-3.12B,29.57%,$-0.87B,$-3.37B,27.18%,$-0.87B,$1.53B,-60.34%,$0.27B,$-3.10B,-9.14%,$267,$110,$157,$1,$89,$201,$65,$-9,$56,$24,$32,$32,$-84,$80,$65,$36,36,$-1.74,$-1.74,$387,$33,$3,$545,$148,$175,$254,$17,$985,$1530,$270,$16,$4363,$4379,$4648,$0,$-3118,$-0,$-3118,$1530,$235,$54,$42,$96,$-19,$-12,$0,$4,$33,$364,$-71,$0,$-156,$0,$-15,$-15,$9,$-232,$-27,$0,$-27,$2,$2,$-92,$-0,$-117,$15,$28,$-92
14,2015-03-31,37.58,$-21.24,-1.77,$30.29,1.24,$22.05,1.7,$1.54,24.4,$0.53B,$0.25B,2.13,$0.02B,$-3.06B,-0.01,$0.98B,$0.60B,61.74%,$0.98B,$0.26B,26.97%,$0.98B,$0.26B,26.97%,$0.98B,$0.31B,32.10%,$0.98B,$0.29B,29.23%,$0.98B,$-0.29B,-29.74%,$-0.29B,$-3.06B,10.49%,$-0.29B,$-3.31B,9.72%,$-0.29B,$1.49B,-21.28%,$0.26B,$-3.04B,-9.57%,$262,$103,$159,$1,$87,$193,$69,$5,$74,$2,$72,$72,$-375,$83,$69,$37,37,$-10.05,$-10.05,$348,$30,$1,$525,$153,$155,$255,$52,$963,$1489,$246,$16,$4269,$4301,$4548,$0,$-3059,$0,$-3059,$1489,$203,$40,$7,$47,$-24,$-9,$0,$3,$6,$256,$-51,$0,$-156,$0,$59,$59,$-1,$-149,$-15,$0,$-15,$1,$1,$-69,$-0,$-83,$24,$21,$-69
15,2014-12-31,33.53,$-18.64,-1.8,$30.21,1.11,$24.21,1.38,$27.88,1.2,$0.51B,$0.24B,2.12,$0.02B,$-2.69B,-0.01,$0.94B,$0.59B,62.51%,$0.94B,$0.26B,28.12%,$0.94B,$0.26B,28.12%,$0.94B,$0.31B,33.01%,$0.94B,$0.32B,34.29%,$0.94B,$0.59B,63.26%,$0.59B,$-2.69B,-21.71%,$0.59B,$-2.95B,-20.37%,$0.59B,$1.43B,46.03%,$0.26B,$-2.67B,-9.71%,$249,$95,$155,$1,$85,$184,$66,$4,$70,$4,$66,$66,$-33,$80,$66,$36,36,$-0.93,$-0.93,$347,$28,$2,$510,$145,$122,$258,$50,$923,$1432,$240,$16,$3849,$3881,$4121,$0,$-2690,$-0,$-2689,$1432,$131,$26,$6,$32,$-11,$-7,$0,$-2,$-9,$154,$-32,$0,$-156,$0,$67,$67,$10,$-111,$-0,$0,$-0,$0,$0,$-45,$-0,$-45,$-2,$14,$-45
16,2014-09-30,32.86,$-19.66,-1.67,$29.65,1.11,$26.13,1.26,$28.85,1.14,$0.43B,$0.21B,2.02,$0.02B,$-2.84B,-0.01,$0.90B,$0.57B,63.18%,$0.90B,$0.26B,28.81%,$0.90B,$0.26B,28.81%,$0.90B,$0.30B,33.48%,$0.90B,$0.32B,35.37%,$0.90B,$-3.09B,-343.27%,$-3.09B,$-2.84B,105.16%,$-3.09B,$-3.10B,100.32%,$-3.09B,$1.28B,-255.78%,$0.26B,$-2.82B,-8.88%,$229,$90,$139,$1,$71,$163,$66,$5,$71,$6,$65,$65,$-373,$77,$66,$32,32,$-11.53,$-11.53,$269,$22,$1,$427,$139,$130,$261,$49,$856,$1283,$211,$17,$3875,$3908,$4119,$0,$-2837,$0,$-2837,$1283,$65,$11,$7,$18,$-18,$-2,$0,$-0,$-37,$46,$-14,$0,$-156,$0,$104,$104,$6,$-61,$-0,$0,$-0,$0,$0,$-22,$-0,$-23,$-37,$6,$-22
17,2014-06-30,29.0,$-17.05,-1.7,$65.32,0.44,$34.84,0.83,$31.38,0.92,$0.42B,$0.22B,1.89,$0.02B,$-2.47B,-0.01,$0.91B,$0.60B,66.08%,$0.91B,$0.30B,33.15%,$0.91B,$0.30B,33.15%,$0.91B,$0.34B,37.54%,$0.91B,$0.36B,39.52%,$0.91B,$-2.71B,-297.80%,$-2.71B,$-2.47B,122.98%,$-2.71B,$-2.58B,117.64%,$-2.71B,$1.25B,-266.96%,$0.30B,$-2.45B,-13.82%,$235,$86,$149,$1,$85,$173,$62,$8,$70,$3,$67,$67,$491,$73,$62,$26,26,$-6.80,$-6.71,$292,$21,$1,$422,$135,$249,$105,$16,$825,$1247,$224,$16,$3477,$3493,$3717,$0,$-2470,$0,$-2470,$1247,$333,$40,$-20,$20,$-19,$-8,$0,$-3,$16,$368,$-56,$0,$-43,$0,$-314,$-314,$16,$-397,$-3,$0,$-3,$278,$278,$-320,$7,$-38,$-67,$19,$-320
