,Date,Stock Price,Book Value per Share,Price to Book Ratio,TTM Sales per Share,Price to Sales Ratio,TTM FCF per Share,Price to FCF Ratio,TTM Net EPS,PE Ratio,Current Assets,Current Liabilities,Current Ratio,Long Term Debt,Shareholder's Equity_x,Debt to Equity Ratio,TTM Revenue_x,TTM Gross Profit,Gross Margin,TTM Revenue_y,TTM Operating Income,Operating Margin,TTM Revenue_x,TTM EBIT,EBIT Margin,TTM Revenue_y,TTM EBITDA,EBITDA Margin,TTM Revenue_x,TTM Pre-Tax Income,Pre-Tax Margin,TTM Revenue_y,TTM Net Income_x,Net Margin,TTM Net Income_y,Shareholder's Equity_y,Return on Equity,TTM Net Income_x,Tangible Equity,Return on Tangible Equity,TTM Net Income_y,Total Assets,Return on Assets,TTM Net Income,LT Investments & Debt,Return on Investment,revenue,cost-goods-sold,gross-profit,research-development-expenses,selling-general-administrative-expenses,operating-expenses,operating-income,total-non-operating-income-expense,pre-tax-income,total-provision-income-taxes,income-after-taxes,income-from-continuous-operations,net-income,ebitda,ebit,basic-shares-outstanding,shares-outstanding,eps-basic-net-earnings-per-share,eps-earnings-per-share-diluted,cash-on-hand,inventory,other-current-assets,total-current-assets,net-property-plant-equipment,long-term-investments,goodwill-intangible-assets-total,other-long-term-assets,total-long-term-assets,total-assets,total-current-liabilities,long-term-debt,other-non-current-liabilities,total-long-term-liabilities,total-liabilities,common-stock-net,retained-earnings-accumulated-deficit,comprehensive-income,total-share-holder-equity,total-liabilities-share-holders-equity,net-income-loss,total-depreciation-amortization-cash-flow,other-non-cash-items,total-non-cash-items,change-in-accounts-receivable,change-in-inventories,change-in-accounts-payable,change-in-assets-liabilities,total-change-in-assets-liabilities,cash-flow-from-operating-activities,net-change-in-property-plant-equipment,net-change-in-intangible-assets,net-acquisitions-divestitures,net-change-in-short-term-investments,net-change-in-long-term-investments,net-change-in-investments-total,investing-activities-other,cash-flow-from-investing-activities,net-long-term-debt,net-current-debt,debt-issuance-retirement-net-total,net-common-equity-issued-repurchased,net-total-equity-issued-repurchased,total-common-preferred-stock-dividends-paid,financial-activities-other,cash-flow-from-financial-activities,net-cash-flow,stock-based-compensation,common-stock-dividends-paid
0,2018-08-31,1.84,$2.42,0.76,$21.32,0.09,$-0.42,0.0,$-0.71,0.0,$0.58B,$0.35B,1.68,$0.20B,$0.21B,0.95,$1.71B,$0.58B,34.02%,$1.71B,$-0.05B,-3.04%,$1.71B,$-0.05B,-3.04%,$1.71B,$0.01B,0.41%,$1.71B,$-0.06B,-3.69%,$1.71B,$-0.06B,-3.40%,$-0.06B,$0.21B,-22.97%,$-0.06B,$0.21B,-22.97%,$-0.06B,$0.81B,-7.36%,$-0.05B,$0.40B,-11.56%,$355,$262,$94,$0,$143,$418,$-62,$-3,$-65,$-14,$-51,$-51,$-51,$-48,$-62,$81,81,$-0.63,$-0.63,$117,$387,$0,$579,$168,$0,$0,$57,$226,$805,$345,$197,$56,$253,$598,$0,$654,$-7,$207,$805,$-80,$30,$-17,$13,$0,$-39,$0,$-2,$71,$5,$-24,$0,$0,$0,$1,$1,$0,$-23,$-1,$0,$-1,$1,$1,$0,$0,$-0,$-19,$3,$0
1,2018-05-31,2.38,$3.11,0.76,$21.98,0.11,$-1.41,0.0,$-0.18,0.0,$0.56B,$0.26B,2.11,$0.20B,$0.26B,0.77,$1.76B,$0.63B,35.60%,$1.76B,$-0.00B,-0.06%,$1.76B,$-0.00B,-0.06%,$1.76B,$0.06B,3.35%,$1.76B,$-0.01B,-0.68%,$1.76B,$-0.02B,-0.85%,$-0.02B,$0.26B,-5.62%,$-0.02B,$0.26B,-5.62%,$-0.02B,$0.77B,-1.92%,$-0.00B,$0.45B,-0.22%,$372,$252,$120,$0,$139,$403,$-31,$-3,$-35,$-6,$-29,$-29,$-29,$-16,$-31,$80,80,$-0.36,$-0.36,$157,$330,$0,$558,$171,$0,$0,$44,$215,$773,$264,$198,$54,$252,$516,$0,$705,$-7,$257,$773,$-29,$15,$-7,$8,$0,$18,$0,$1,$54,$33,$-12,$0,$0,$0,$1,$1,$0,$-11,$-1,$0,$-1,$0,$0,$0,$0,$-0,$21,$1,$0
2,2018-02-28,3.1,$3.33,0.93,$22.40,0.14,$-1.48,0.0,$0.14,22.14,$0.55B,$0.24B,2.34,$0.20B,$0.28B,0.71,$1.80B,$0.66B,36.63%,$1.80B,$0.03B,1.56%,$1.80B,$0.03B,1.56%,$1.80B,$0.09B,4.89%,$1.80B,$0.02B,1.00%,$1.80B,$0.01B,0.61%,$0.01B,$0.28B,4.03%,$0.01B,$0.28B,4.03%,$0.01B,$0.77B,1.37%,$0.03B,$0.48B,5.94%,$512,$323,$190,$0,$148,$484,$28,$-2,$26,$10,$15,$15,$15,$43,$28,$80,80,$0.19,$0.19,$135,$347,$0,$554,$179,$0,$0,$40,$219,$772,$237,$198,$60,$258,$495,$0,$726,$-7,$278,$772,$12,$60,$15,$76,$0,$54,$0,$-18,$-22,$66,$-53,$0,$0,$0,$1,$1,$0,$-52,$-2,$0,$-2,$-8,$-8,$-22,$-1,$-33,$-19,$6,$-22
3,2017-11-30,4.81,$3.20,1.5,$22.54,0.21,$-0.76,0.0,$0.28,17.17,$0.59B,$0.27B,2.14,$0.20B,$0.27B,0.74,$1.82B,$0.68B,37.25%,$1.82B,$0.05B,2.48%,$1.82B,$0.05B,2.48%,$1.82B,$0.11B,5.79%,$1.82B,$0.04B,1.93%,$1.82B,$0.02B,1.27%,$0.02B,$0.27B,8.32%,$0.02B,$0.27B,8.32%,$0.02B,$0.80B,2.80%,$0.05B,$0.47B,9.47%,$469,$292,$177,$0,$150,$456,$13,$-2,$11,$4,$7,$7,$7,$28,$13,$80,80,$0.09,$0.09,$80,$419,$0,$586,$178,$0,$0,$39,$217,$804,$274,$198,$64,$262,$536,$0,$717,$-7,$268,$804,$-3,$45,$14,$59,$-33,$-18,$0,$0,$-62,$-7,$-41,$0,$0,$0,$2,$2,$0,$-39,$-2,$0,$-2,$-8,$-8,$-17,$-1,$-28,$-74,$5,$-17
4,2017-08-31,4.05,$3.17,1.28,$22.55,0.18,$-0.49,0.0,$0.36,11.26,$0.57B,$0.25B,2.23,$0.20B,$0.27B,0.75,$1.82B,$0.70B,38.14%,$1.82B,$0.05B,2.96%,$1.82B,$0.05B,2.96%,$1.82B,$0.11B,6.26%,$1.82B,$0.04B,2.41%,$1.82B,$0.03B,1.65%,$0.03B,$0.27B,10.85%,$0.03B,$0.27B,10.85%,$0.03B,$0.78B,3.58%,$0.05B,$0.46B,11.35%,$408,$267,$140,$0,$138,$419,$-11,$-3,$-14,$-6,$-8,$-8,$-8,$4,$-11,$80,80,$-0.10,$-0.10,$35,$457,$0,$566,$178,$0,$0,$38,$216,$782,$254,$198,$65,$263,$517,$0,$715,$-6,$265,$782,$-11,$31,$14,$45,$0,$-56,$0,$-20,$-108,$-74,$-25,$0,$0,$0,$2,$2,$0,$-24,$-1,$0,$-1,$-9,$-9,$-11,$-1,$-22,$-120,$4,$-11
5,2017-05-31,4.78,$3.30,1.45,$22.52,0.21,$-0.21,0.0,$0.41,11.65,$0.64B,$0.32B,2.0,$0.20B,$0.28B,0.71,$1.82B,$0.70B,38.46%,$1.82B,$0.06B,3.35%,$1.82B,$0.06B,3.35%,$1.82B,$0.12B,6.59%,$1.82B,$0.05B,2.80%,$1.82B,$0.03B,1.87%,$0.03B,$0.28B,12.37%,$0.03B,$0.28B,12.37%,$0.03B,$0.86B,4.02%,$0.06B,$0.48B,12.86%,$410,$258,$152,$0,$140,$412,$-2,$-2,$-5,$-2,$-3,$-3,$-3,$13,$-2,$81,81,$-0.04,$-0.04,$162,$418,$0,$636,$181,$0,$0,$42,$224,$860,$318,$199,$62,$261,$579,$0,$728,$-8,$281,$860,$-3,$16,$1,$17,$0,$-17,$0,$-1,$15,$29,$-14,$0,$0,$0,$1,$1,$0,$-13,$-1,$0,$-1,$-3,$-3,$-6,$0,$-9,$7,$2,$-6
6,2017-02-28,6.35,$3.51,1.81,$22.59,0.28,$-0.11,0.0,$0.38,16.72,$0.61B,$0.29B,2.09,$0.20B,$0.29B,0.68,$1.83B,$0.70B,38.13%,$1.83B,$0.06B,3.01%,$1.83B,$0.06B,3.01%,$1.83B,$0.11B,6.24%,$1.83B,$0.05B,2.52%,$1.83B,$0.03B,1.70%,$0.03B,$0.29B,11.40%,$0.03B,$0.29B,11.40%,$0.03B,$0.84B,3.68%,$0.06B,$0.49B,11.66%,$528,$321,$207,$0,$149,$484,$45,$-2,$43,$16,$27,$27,$27,$60,$45,$81,81,$0.32,$0.32,$154,$401,$0,$610,$191,$0,$0,$42,$233,$843,$291,$199,$61,$260,$551,$0,$737,$-7,$292,$843,$30,$59,$6,$66,$0,$5,$0,$1,$20,$116,$-44,$0,$0,$0,$1,$1,$0,$-43,$-2,$0,$-2,$-9,$-9,$-23,$0,$-33,$39,$17,$-23
7,2016-11-30,5.23,$3.23,1.62,$22.42,0.23,$0.32,16.34,$0.28,18.68,$0.64B,$0.33B,1.92,$0.20B,$0.27B,0.74,$1.84B,$0.69B,37.30%,$1.84B,$0.04B,2.39%,$1.84B,$0.04B,2.39%,$1.84B,$0.10B,5.54%,$1.84B,$0.03B,1.79%,$1.84B,$0.02B,1.25%,$0.02B,$0.27B,8.51%,$0.02B,$0.27B,8.51%,$0.02B,$0.87B,2.75%,$0.04B,$0.47B,9.36%,$476,$280,$196,$0,$161,$454,$22,$-3,$20,$6,$14,$14,$14,$37,$22,$81,81,$0.17,$0.17,$86,$480,$0,$642,$190,$0,$0,$36,$226,$867,$334,$199,$66,$265,$599,$0,$716,$-9,$268,$867,$3,$44,$12,$56,$-20,$-74,$0,$0,$-55,$5,$-32,$0,$0,$0,$1,$1,$0,$-31,$-2,$25,$24,$-10,$-10,$-17,$0,$-3,$-29,$13,$-17
8,2016-08-31,4.24,$3.10,1.37,$22.20,0.19,$0.68,6.23,$0.24,17.68,$0.58B,$0.27B,2.18,$0.20B,$0.26B,0.77,$1.84B,$0.68B,36.61%,$1.84B,$0.04B,2.28%,$1.84B,$0.04B,2.28%,$1.84B,$0.10B,5.31%,$1.84B,$0.03B,1.63%,$1.84B,$0.02B,1.08%,$0.02B,$0.26B,7.38%,$0.02B,$0.26B,7.38%,$0.02B,$0.82B,2.38%,$0.04B,$0.46B,8.91%,$406,$261,$145,$0,$136,$410,$-4,$-3,$-7,$-3,$-4,$-4,$-4,$10,$-4,$80,80,$-0.05,$-0.05,$38,$481,$0,$584,$196,$0,$0,$36,$231,$815,$268,$200,$90,$290,$557,$0,$708,$-8,$258,$815,$-10,$30,$8,$38,$-9,$-75,$0,$0,$-81,$-54,$-23,$0,$0,$0,$1,$1,$0,$-22,$-1,$20,$19,$-9,$-9,$-11,$0,$-2,$-77,$6,$-11
9,2016-05-31,5.08,$3.21,1.58,$22.17,0.23,$0.96,5.31,$0.33,15.4,$0.61B,$0.29B,2.11,$0.20B,$0.27B,0.74,$1.87B,$0.69B,36.57%,$1.87B,$0.05B,2.88%,$1.87B,$0.05B,2.88%,$1.87B,$0.11B,5.87%,$1.87B,$0.04B,2.24%,$1.87B,$0.03B,1.44%,$0.03B,$0.27B,9.69%,$0.03B,$0.27B,9.69%,$0.03B,$0.85B,3.15%,$0.05B,$0.47B,11.27%,$418,$269,$149,$0,$143,$426,$-8,$-2,$-10,$-4,$-6,$-6,$-6,$7,$-8,$82,82,$-0.07,$-0.07,$128,$421,$0,$610,$199,$0,$0,$37,$236,$846,$288,$200,$88,$287,$576,$0,$718,$-9,$270,$846,$-6,$15,$3,$18,$0,$-15,$0,$-6,$22,$34,$-10,$0,$0,$0,$1,$1,$0,$-9,$-1,$0,$-1,$-5,$-5,$-6,$0,$-11,$13,$3,$-6
10,2016-02-29,4.43,$3.41,1.3,$21.96,0.2,$0.88,5.03,$0.48,9.24,$0.58B,$0.25B,2.33,$0.20B,$0.29B,0.7,$1.89B,$0.71B,37.32%,$1.89B,$0.08B,4.02%,$1.89B,$0.08B,4.02%,$1.89B,$0.13B,6.82%,$1.89B,$0.06B,3.33%,$1.89B,$0.04B,2.11%,$0.04B,$0.29B,13.71%,$0.04B,$0.29B,13.71%,$0.04B,$0.82B,4.57%,$0.08B,$0.49B,15.43%,$542,$345,$197,$0,$150,$509,$34,$-3,$30,$12,$19,$19,$19,$48,$34,$85,85,$0.22,$0.21,$115,$406,$0,$575,$208,$0,$0,$37,$244,$819,$247,$200,$87,$288,$534,$0,$730,$-11,$285,$819,$40,$54,$18,$72,$0,$73,$0,$21,$53,$164,$-52,$0,$0,$0,$0,$0,$0,$-52,$-2,$0,$-2,$-72,$-72,$-24,$1,$-97,$15,$11,$-24
11,2015-11-30,5.97,$3.24,1.84,$21.71,0.27,$-0.61,0.0,$0.62,9.62,$0.63B,$0.32B,1.97,$0.20B,$0.27B,0.74,$1.91B,$0.74B,38.81%,$1.91B,$0.10B,4.97%,$1.91B,$0.10B,4.97%,$1.91B,$0.15B,7.69%,$1.91B,$0.09B,4.50%,$1.91B,$0.05B,2.82%,$0.05B,$0.27B,17.72%,$0.05B,$0.27B,17.72%,$0.05B,$0.88B,6.01%,$0.10B,$0.47B,18.77%,$478,$294,$184,$0,$152,$458,$20,$-3,$17,$6,$11,$11,$11,$33,$20,$84,84,$0.13,$0.13,$49,$503,$0,$627,$212,$0,$0,$39,$250,$877,$318,$201,$87,$288,$606,$0,$717,$-11,$271,$877,$21,$40,$11,$51,$0,$-24,$0,$-0,$-30,$42,$-40,$0,$0,$0,$0,$0,$0,$-39,$-2,$35,$34,$-70,$-70,$-18,$1,$-54,$-51,$9,$-18
12,2015-08-31,8.9,$3.31,2.69,$21.37,0.42,$-1.82,0.0,$0.69,12.9,$0.64B,$0.31B,2.03,$0.20B,$0.29B,0.7,$1.92B,$0.76B,39.76%,$1.92B,$0.11B,5.58%,$1.92B,$0.11B,5.58%,$1.92B,$0.16B,8.23%,$1.92B,$0.10B,5.11%,$1.92B,$0.06B,3.18%,$0.06B,$0.29B,19.29%,$0.06B,$0.29B,19.29%,$0.06B,$0.89B,6.71%,$0.11B,$0.49B,20.64%,$435,$280,$155,$0,$133,$427,$8,$-3,$5,$2,$3,$3,$3,$22,$8,$86,87,$0.04,$0.04,$41,$534,$0,$636,$212,$0,$0,$39,$251,$887,$314,$201,$84,$285,$599,$0,$711,$-11,$288,$887,$10,$26,$6,$32,$14,$-55,$0,$0,$-75,$-32,$-26,$0,$0,$0,$0,$0,$0,$-26,$-1,$60,$59,$-48,$-48,$-12,$1,$-1,$-59,$6,$-12
13,2015-05-31,11.05,$3.61,3.06,$20.88,0.53,$-2.37,0.0,$0.75,14.73,$0.67B,$0.32B,2.14,$0.20B,$0.32B,0.62,$1.90B,$0.77B,40.51%,$1.90B,$0.12B,6.10%,$1.90B,$0.12B,6.10%,$1.90B,$0.16B,8.62%,$1.90B,$0.11B,5.68%,$1.90B,$0.07B,3.52%,$0.07B,$0.32B,20.55%,$0.07B,$0.32B,20.55%,$0.07B,$0.92B,7.37%,$0.12B,$0.52B,21.92%,$437,$267,$170,$0,$144,$423,$14,$-3,$11,$4,$7,$7,$7,$26,$14,$88,89,$0.08,$0.08,$97,$502,$0,$672,$210,$0,$0,$39,$249,$921,$315,$201,$82,$283,$598,$0,$714,$-9,$323,$921,$7,$13,$5,$17,$0,$-23,$0,$2,$4,$28,$-9,$0,$0,$0,$-0,$-0,$0,$-9,$-1,$0,$-1,$-16,$-16,$-6,$1,$-22,$-3,$4,$-6
14,2015-02-28,10.43,$3.75,2.78,$20.34,0.51,$-2.34,0.0,$0.83,12.56,$0.65B,$0.29B,2.27,$0.20B,$0.34B,0.6,$1.89B,$0.77B,40.80%,$1.89B,$0.13B,6.79%,$1.89B,$0.13B,6.79%,$1.89B,$0.17B,9.23%,$1.89B,$0.12B,6.42%,$1.89B,$0.08B,3.98%,$0.08B,$0.34B,22.46%,$0.08B,$0.34B,22.46%,$0.08B,$0.91B,8.20%,$0.13B,$0.54B,23.77%,$562,$329,$233,$0,$168,$509,$53,$-1,$53,$20,$33,$33,$33,$66,$53,$91,92,$0.37,$0.36,$100,$479,$0,$654,$214,$0,$0,$39,$253,$907,$288,$201,$80,$282,$570,$0,$714,$-10,$337,$907,$75,$46,$17,$63,$0,$-101,$0,$0,$-72,$66,$-82,$0,$0,$0,$-1,$-1,$0,$-83,$197,$0,$197,$-184,$-184,$-22,$-1,$-9,$-27,$16,$-22
15,2014-11-30,11.89,$3.51,3.39,$19.28,0.62,$-1.42,0.0,$0.87,13.67,$0.67B,$0.32B,2.07,$0.21B,$0.32B,0.65,$1.86B,$0.77B,41.44%,$1.86B,$0.15B,7.80%,$1.86B,$0.15B,7.80%,$1.86B,$0.19B,9.96%,$1.86B,$0.14B,7.43%,$1.86B,$0.09B,4.57%,$0.09B,$0.32B,23.48%,$0.09B,$0.32B,23.48%,$0.09B,$0.92B,9.56%,$0.15B,$0.52B,27.97%,$485,$280,$205,$0,$161,$453,$32,$-3,$29,$11,$18,$18,$18,$44,$32,$90,91,$0.20,$0.20,$33,$536,$0,$667,$209,$0,$0,$46,$255,$921,$322,$205,$77,$282,$604,$0,$686,$-6,$317,$921,$42,$33,$10,$43,$-28,$-158,$0,$0,$-131,$-46,$-61,$0,$0,$0,$-1,$-1,$0,$-63,$198,$12,$210,$-178,$-178,$-16,$-0,$15,$-94,$10,$-16
16,2014-08-31,13.51,$3.55,3.8,$18.38,0.74,$-0.12,0.0,$0.93,14.53,$0.64B,$0.28B,2.3,$0.21B,$0.33B,0.63,$1.84B,$0.77B,41.73%,$1.84B,$0.16B,8.49%,$1.84B,$0.16B,8.49%,$1.84B,$0.20B,10.61%,$1.84B,$0.15B,8.27%,$1.84B,$0.09B,5.11%,$0.09B,$0.33B,23.07%,$0.09B,$0.33B,23.07%,$0.09B,$0.89B,10.72%,$0.16B,$0.53B,30.29%,$419,$256,$163,$0,$135,$402,$17,$-2,$15,$6,$9,$9,$9,$28,$17,$92,93,$0.10,$0.10,$43,$514,$0,$635,$203,$0,$0,$47,$250,$885,$276,$206,$77,$283,$559,$0,$673,$-5,$327,$885,$24,$21,$8,$30,$-9,$-136,$0,$0,$-124,$-71,$-43,$0,$0,$0,$-1,$-1,$0,$-43,$198,$0,$198,$-156,$-156,$-11,$-2,$30,$-84,$8,$-11
17,2014-05-31,15.04,$3.78,3.98,$17.54,0.86,$0.65,23.17,$1.00,15.04,$0.71B,$0.31B,2.33,$0.21B,$0.36B,0.58,$1.82B,$0.77B,42.15%,$1.82B,$0.17B,9.26%,$1.82B,$0.17B,9.26%,$1.82B,$0.21B,11.40%,$1.82B,$0.17B,9.15%,$1.82B,$0.10B,5.67%,$0.10B,$0.36B,22.54%,$0.10B,$0.36B,22.54%,$0.10B,$0.95B,11.81%,$0.17B,$0.56B,32.57%,$419,$251,$168,$0,$131,$393,$26,$-2,$24,$9,$15,$15,$15,$36,$26,$95,96,$0.16,$0.16,$221,$418,$0,$712,$188,$0,$0,$46,$234,$946,$306,$206,$79,$285,$591,$0,$670,$-5,$355,$946,$15,$10,$8,$18,$-3,$-40,$0,$0,$6,$39,$-15,$0,$0,$0,$-0,$-0,$0,$-16,$198,$0,$198,$-119,$-119,$-6,$-3,$71,$94,$5,$-6
18,2014-02-28,16.11,$4.55,3.54,$16.84,0.96,$0.66,24.41,$1.03,15.64,$0.58B,$0.27B,2.17,$0.01B,$0.45B,0.02,$1.79B,$0.77B,42.71%,$1.79B,$0.18B,9.77%,$1.79B,$0.18B,9.77%,$1.79B,$0.21B,11.95%,$1.79B,$0.18B,9.77%,$1.79B,$0.11B,6.03%,$0.11B,$0.45B,21.42%,$0.11B,$0.45B,21.42%,$0.11B,$0.80B,12.57%,$0.18B,$0.46B,34.05%,$535,$301,$234,$0,$154,$465,$70,$-0,$70,$27,$43,$43,$43,$77,$70,$104,106,$0.41,$0.39,$127,$378,$0,$577,$183,$0,$0,$44,$227,$804,$266,$10,$79,$88,$354,$0,$660,$-6,$449,$804,$108,$38,$33,$71,$0,$-22,$0,$-3,$-19,$159,$-80,$0,$13,$0,$-2,$-2,$0,$-70,$0,$0,$0,$-173,$-173,$-22,$1,$-194,$-105,$19,$-22
19,2013-11-30,18.92,$4.83,3.92,$16.89,1.12,$0.32,58.64,$1.20,15.77,$0.65B,$0.29B,2.2,$0.01B,$0.50B,0.02,$1.81B,$0.79B,43.47%,$1.81B,$0.21B,11.34%,$1.81B,$0.21B,11.34%,$1.81B,$0.25B,13.72%,$1.81B,$0.21B,11.34%,$1.81B,$0.13B,7.02%,$0.13B,$0.50B,24.13%,$0.13B,$0.50B,24.13%,$0.13B,$0.87B,14.55%,$0.21B,$0.51B,38.25%,$465,$263,$202,$0,$149,$422,$43,$0,$43,$16,$27,$27,$27,$54,$43,$103,105,$0.26,$0.26,$128,$429,$0,$645,$177,$0,$0,$50,$227,$872,$293,$10,$71,$80,$373,$0,$624,$-5,$499,$872,$65,$31,$16,$47,$-15,$-73,$0,$-7,$-51,$61,$-50,$0,$0,$0,$-2,$-2,$0,$-52,$0,$0,$0,$-96,$-96,$-16,$-1,$-113,$-103,$16,$-16
20,2013-08-31,18.56,$4.97,3.73,$16.40,1.13,$-0.51,0.0,$1.16,16.0,$0.65B,$0.27B,2.45,$0.01B,$0.53B,0.02,$1.77B,$0.77B,43.55%,$1.77B,$0.20B,11.37%,$1.77B,$0.20B,11.37%,$1.77B,$0.24B,13.69%,$1.77B,$0.20B,11.31%,$1.77B,$0.12B,7.01%,$0.12B,$0.53B,23.73%,$0.12B,$0.53B,23.73%,$0.12B,$0.87B,14.48%,$0.20B,$0.54B,37.75%,$396,$234,$161,$0,$123,$367,$29,$-0,$29,$11,$18,$18,$18,$40,$29,$106,107,$0.17,$0.17,$125,$445,$0,$648,$171,$0,$0,$47,$218,$866,$265,$10,$67,$76,$341,$0,$602,$-5,$525,$866,$38,$20,$13,$33,$-7,$-89,$0,$-2,$-82,$-10,$-38,$0,$0,$0,$-2,$-2,$0,$-39,$0,$0,$0,$-45,$-45,$-11,$-1,$-57,$-107,$11,$-11
21,2013-05-31,19.59,$5.08,3.86,$16.14,1.21,$-0.87,0.0,$1.23,15.93,$0.70B,$0.28B,2.51,$0.01B,$0.54B,0.02,$1.74B,$0.76B,43.74%,$1.74B,$0.20B,11.72%,$1.74B,$0.20B,11.72%,$1.74B,$0.24B,13.91%,$1.74B,$0.21B,11.84%,$1.74B,$0.13B,7.59%,$0.13B,$0.54B,26.07%,$0.13B,$0.54B,26.07%,$0.13B,$0.90B,15.81%,$0.20B,$0.55B,39.53%,$395,$227,$168,$0,$125,$362,$33,$-0,$33,$12,$20,$20,$20,$43,$33,$106,108,$0.19,$0.19,$242,$383,$0,$696,$154,$0,$0,$46,$200,$896,$277,$10,$65,$74,$352,$0,$589,$-5,$544,$896,$20,$10,$7,$17,$-0,$-27,$0,$-1,$2,$39,$-12,$0,$0,$0,$-1,$-1,$0,$-13,$0,$0,$0,$-11,$-11,$-5,$-0,$-16,$10,$6,$-5
22,2013-02-28,18.94,$5.05,3.75,$15.74,1.2,$-1.28,0.0,$1.20,15.78,$0.66B,$0.25B,2.66,$0.01B,$0.54B,0.02,$1.71B,$0.74B,43.55%,$1.71B,$0.20B,11.61%,$1.71B,$0.20B,11.61%,$1.71B,$0.23B,13.48%,$1.71B,$0.20B,11.78%,$1.71B,$0.13B,7.62%,$0.13B,$0.54B,26.76%,$0.13B,$0.54B,26.76%,$0.13B,$0.86B,16.11%,$0.20B,$0.55B,39.96%,$552,$297,$255,$0,$145,$451,$100,$-1,$100,$38,$62,$62,$62,$111,$100,$106,108,$0.59,$0.58,$232,$356,$0,$659,$151,$0,$0,$48,$198,$857,$248,$10,$62,$72,$320,$0,$574,$-5,$537,$857,$129,$32,$25,$57,$-32,$-34,$0,$-2,$-62,$124,$-80,$0,$0,$0,$-2,$-2,$0,$-82,$0,$0,$0,$-85,$-85,$-18,$5,$-98,$-56,$19,$-18
23,2012-11-30,16.14,$4.55,3.54,$14.81,1.09,$-0.98,0.0,$1.66,9.72,$0.60B,$0.25B,2.37,$0.01B,$0.48B,0.02,$1.63B,$0.71B,43.23%,$1.63B,$0.18B,10.79%,$1.63B,$0.18B,10.79%,$1.63B,$0.19B,11.89%,$1.63B,$0.18B,11.16%,$1.63B,$0.18B,11.22%,$0.18B,$0.48B,38.53%,$0.18B,$0.48B,38.53%,$0.18B,$0.81B,22.92%,$0.18B,$0.49B,36.33%,$425,$238,$186,$0,$139,$386,$39,$-0,$38,$15,$24,$24,$24,$48,$39,$105,107,$0.22,$0.22,$121,$418,$0,$599,$137,$0,$0,$72,$209,$807,$253,$10,$60,$70,$323,$0,$518,$-3,$484,$807,$68,$21,$5,$26,$-16,$-95,$0,$-8,$-114,$-20,$-58,$0,$0,$0,$-2,$-2,$0,$-60,$0,$0,$0,$-75,$-75,$-13,$0,$-87,$-167,$14,$-13
24,2012-08-31,15.51,$4.34,3.57,$14.32,1.08,$-0.50,0.0,$1.65,9.4,$0.58B,$0.25B,2.33,$0.01B,$0.46B,0.02,$1.59B,$0.68B,43.05%,$1.59B,$0.17B,10.70%,$1.59B,$0.17B,10.70%,$1.59B,$0.18B,11.01%,$1.59B,$0.18B,11.26%,$1.59B,$0.18B,11.45%,$0.18B,$0.46B,40.56%,$0.18B,$0.46B,40.56%,$0.18B,$0.78B,23.48%,$0.17B,$0.47B,37.12%,$368,$216,$152,$0,$112,$335,$32,$3,$35,$9,$26,$26,$26,$40,$32,$106,107,$0.25,$0.24,$115,$421,$0,$582,$126,$0,$0,$72,$197,$780,$250,$10,$61,$70,$320,$0,$498,$-4,$460,$780,$44,$12,$0,$12,$-7,$-98,$0,$-2,$-105,$-49,$-38,$0,$0,$0,$-2,$-2,$0,$-39,$0,$0,$0,$-76,$-76,$-9,$0,$-84,$-173,$9,$-9
25,2012-05-31,13.65,$4.29,3.18,$13.80,0.99,$0.10,135.37,$1.55,8.8,$0.61B,$0.24B,2.55,$0.01B,$0.46B,0.02,$1.56B,$0.67B,42.73%,$1.56B,$0.16B,10.38%,$1.56B,$0.16B,10.38%,$1.56B,$0.16B,10.12%,$1.56B,$0.17B,10.89%,$1.56B,$0.17B,11.08%,$0.17B,$0.46B,40.71%,$0.17B,$0.46B,40.71%,$0.17B,$0.78B,22.91%,$0.16B,$0.47B,37.31%,$361,$211,$150,$0,$116,$334,$27,$1,$28,$10,$18,$18,$18,$31,$27,$109,111,$0.16,$0.16,$218,$334,$0,$605,$108,$0,$0,$71,$179,$784,$237,$10,$75,$85,$322,$0,$476,$-5,$462,$784,$18,$4,$5,$9,$-12,$-11,$0,$-3,$-32,$-5,$-12,$0,$0,$0,$-1,$-1,$0,$-14,$0,$0,$0,$-47,$-47,$-4,$0,$-52,$-70,$6,$-4
26,2012-02-29,14.34,$4.50,3.19,$13.34,1.07,$0.29,50.14,$1.51,9.5,$0.65B,$0.25B,2.65,$0.01B,$0.49B,0.02,$1.54B,$0.65B,42.41%,$1.54B,$0.16B,10.10%,$1.54B,$0.16B,10.10%,$1.54B,$0.15B,9.71%,$1.54B,$0.16B,10.68%,$1.54B,$0.17B,11.01%,$0.17B,$0.49B,40.50%,$0.17B,$0.49B,40.50%,$0.17B,$0.82B,22.56%,$0.16B,$0.50B,36.36%,$477,$260,$217,$0,$133,$398,$78,$3,$81,$-34,$115,$115,$115,$75,$78,$113,114,$1.03,$1.01,$288,$322,$0,$650,$104,$0,$0,$69,$173,$823,$245,$10,$75,$84,$330,$0,$463,$-4,$494,$823,$169,$-6,$-27,$-33,$-8,$-11,$0,$0,$6,$142,$-61,$0,$0,$0,$-1,$-1,$0,$-62,$0,$0,$0,$-92,$-92,$0,$-1,$-94,$-14,$12,$0
27,2011-11-30,11.35,$3.45,3.29,$12.81,0.89,$0.67,16.96,$0.95,11.95,$0.60B,$0.25B,2.35,$0.01B,$0.38B,0.03,$1.49B,$0.62B,41.48%,$1.49B,$0.14B,9.09%,$1.49B,$0.14B,9.09%,$1.49B,$0.14B,9.16%,$1.49B,$0.14B,9.63%,$1.49B,$0.11B,7.47%,$0.11B,$0.38B,27.96%,$0.11B,$0.38B,27.96%,$0.11B,$0.71B,15.22%,$0.14B,$0.39B,33.25%,$383,$217,$165,$0,$128,$350,$33,$2,$35,$12,$23,$23,$23,$29,$33,$109,110,$0.21,$0.21,$179,$368,$0,$595,$87,$0,$0,$30,$117,$713,$254,$10,$71,$80,$334,$0,$348,$-2,$379,$713,$54,$-2,$9,$7,$-15,$-56,$0,$-2,$-49,$12,$-39,$0,$0,$0,$-1,$-1,$0,$-40,$0,$0,$0,$-91,$-91,$0,$-3,$-94,$-122,$9,$0
28,2011-08-31,8.92,$3.30,2.7,$12.34,0.72,$1.14,7.82,$0.92,9.7,$0.60B,$0.25B,2.35,$0.01B,$0.37B,0.03,$1.46B,$0.60B,40.87%,$1.46B,$0.12B,8.52%,$1.46B,$0.12B,8.52%,$1.46B,$0.14B,9.27%,$1.46B,$0.13B,8.93%,$1.46B,$0.11B,7.49%,$0.11B,$0.37B,27.90%,$0.11B,$0.37B,27.90%,$0.11B,$0.70B,15.10%,$0.12B,$0.37B,31.02%,$340,$205,$135,$0,$106,$316,$24,$2,$26,$9,$17,$17,$17,$23,$24,$115,117,$0.14,$0.14,$191,$371,$0,$596,$74,$0,$0,$30,$104,$700,$253,$10,$73,$82,$336,$0,$325,$-0,$365,$700,$31,$1,$7,$8,$-2,$-59,$0,$0,$-44,$-5,$-20,$0,$0,$0,$-1,$-1,$0,$-20,$0,$0,$0,$-83,$-83,$0,$-3,$-86,$-111,$6,$0
29,2011-05-31,9.96,$3.64,2.74,$12.09,0.82,$1.41,7.07,$0.90,11.06,$0.66B,$0.24B,2.74,$0.01B,$0.43B,0.02,$1.43B,$0.57B,40.25%,$1.43B,$0.12B,8.06%,$1.43B,$0.12B,8.06%,$1.43B,$0.13B,9.40%,$1.43B,$0.12B,8.35%,$1.43B,$0.11B,7.43%,$0.11B,$0.43B,27.75%,$0.11B,$0.43B,27.75%,$0.11B,$0.76B,14.85%,$0.12B,$0.44B,29.39%,$335,$201,$134,$0,$109,$315,$20,$2,$22,$8,$14,$14,$14,$22,$20,$117,119,$0.12,$0.12,$304,$315,$0,$663,$68,$0,$0,$30,$97,$760,$242,$10,$77,$87,$329,$0,$308,$-1,$431,$760,$14,$2,$4,$6,$-9,$-3,$0,$-0,$-8,$12,$-8,$0,$0,$0,$-0,$-0,$0,$-9,$0,$0,$0,$2,$2,$0,$-3,$-1,$3,$3,$0
30,2011-02-28,8.42,$3.51,2.4,$11.91,0.71,$1.50,5.6,$0.85,9.9,$0.65B,$0.24B,2.76,$0.01B,$0.41B,0.02,$1.40B,$0.55B,39.66%,$1.40B,$0.10B,7.37%,$1.40B,$0.10B,7.37%,$1.40B,$0.13B,9.02%,$1.40B,$0.11B,7.52%,$1.40B,$0.10B,7.16%,$0.10B,$0.41B,28.33%,$0.10B,$0.41B,28.33%,$0.10B,$0.74B,14.55%,$0.10B,$0.42B,28.43%,$427,$244,$182,$0,$119,$368,$58,$1,$60,$3,$57,$57,$57,$62,$58,$116,117,$0.49,$0.48,$301,$312,$0,$652,$65,$0,$0,$27,$92,$744,$236,$10,$85,$94,$331,$0,$294,$-1,$413,$744,$100,$22,$15,$37,$-8,$2,$0,$28,$11,$148,$-20,$0,$0,$0,$-0,$-0,$6,$-14,$-26,$0,$-26,$5,$5,$0,$0,$-21,$114,$9,$0
31,2010-11-30,8.15,$3.01,2.7,$12.21,0.67,$1.06,7.66,$0.67,12.17,$0.59B,$0.24B,2.46,$0.01B,$0.35B,0.03,$1.37B,$0.53B,38.51%,$1.37B,$0.08B,5.93%,$1.37B,$0.08B,5.93%,$1.37B,$0.11B,7.76%,$1.37B,$0.08B,5.86%,$1.37B,$0.08B,5.71%,$0.08B,$0.35B,23.96%,$0.08B,$0.35B,23.96%,$0.08B,$0.68B,11.78%,$0.08B,$0.36B,24.02%,$354,$210,$144,$0,$118,$332,$22,$-0,$22,$0,$21,$21,$21,$28,$22,$116,118,$0.18,$0.18,$210,$338,$0,$594,$59,$0,$0,$31,$90,$684,$242,$10,$79,$89,$331,$0,$237,$-0,$354,$684,$43,$18,$8,$27,$-10,$-25,$0,$0,$-34,$36,$-9,$0,$0,$0,$0,$0,$2,$-8,$-10,$0,$-10,$3,$3,$0,$0,$-6,$22,$7,$0
32,2010-08-31,5.09,$2.82,1.81,$12.33,0.41,$0.39,13.23,$0.86,5.92,$0.58B,$0.25B,2.34,$0.01B,$0.33B,0.03,$1.34B,$0.50B,37.49%,$1.34B,$0.06B,4.63%,$1.34B,$0.06B,4.63%,$1.34B,$0.09B,6.50%,$1.34B,$0.04B,3.06%,$1.34B,$0.10B,7.17%,$0.10B,$0.33B,31.55%,$0.10B,$0.33B,31.55%,$0.10B,$0.67B,14.80%,$0.06B,$0.34B,19.22%,$310,$195,$114,$0,$94,$295,$15,$-1,$15,$0,$14,$14,$14,$22,$15,$116,117,$0.12,$0.12,$188,$352,$0,$578,$57,$0,$0,$33,$90,$668,$248,$10,$81,$90,$338,$0,$216,$-0,$330,$668,$22,$12,$5,$17,$-1,$-39,$0,$0,$-31,$9,$-2,$0,$0,$0,$0,$0,$0,$-2,$-10,$0,$-10,$2,$2,$0,$0,$-7,$-0,$5,$0
33,2010-05-31,6.64,$2.69,2.47,$12.82,0.52,$0.20,33.6,$0.57,11.65,$0.56B,$0.25B,2.28,$0.01B,$0.32B,0.03,$1.32B,$0.47B,35.71%,$1.32B,$0.03B,2.43%,$1.32B,$0.03B,2.43%,$1.32B,$0.06B,4.26%,$1.32B,$0.01B,0.76%,$1.32B,$0.07B,5.02%,$0.07B,$0.32B,25.02%,$0.07B,$0.32B,25.02%,$0.07B,$0.65B,10.42%,$0.03B,$0.32B,10.65%,$306,$192,$114,$0,$101,$298,$8,$-0,$8,$0,$8,$8,$8,$14,$8,$116,117,$0.07,$0.07,$205,$303,$0,$563,$57,$0,$0,$33,$90,$653,$247,$10,$82,$92,$338,$0,$201,$-1,$315,$653,$8,$6,$2,$8,$-14,$10,$0,$0,$-5,$10,$4,$0,$0,$0,$0,$0,$0,$4,$0,$0,$0,$2,$2,$0,$0,$2,$17,$2,$0
34,2010-02-28,5.1,$2.62,1.95,$13.29,0.38,$0.14,35.69,$0.82,6.22,$0.55B,$0.24B,2.34,$0.02B,$0.30B,0.06,$1.29B,$0.44B,34.16%,$1.29B,$-0.00B,-0.23%,$1.29B,$-0.00B,-0.23%,$1.29B,$0.02B,1.70%,$1.29B,$0.03B,2.40%,$1.29B,$0.09B,6.74%,$0.09B,$0.30B,37.83%,$0.09B,$0.30B,37.83%,$0.09B,$0.64B,14.07%,$-0.00B,$0.32B,-1.03%,$396,$242,$154,$0,$113,$360,$36,$-1,$35,$1,$35,$35,$35,$42,$36,$101,101,$0.34,$0.34,$188,$313,$0,$554,$56,$0,$0,$33,$89,$643,$237,$19,$84,$103,$340,$0,$194,$-1,$303,$643,$87,$26,$-13,$13,$8,$3,$0,$-14,$-29,$71,$-5,$0,$0,$0,$0,$0,$2,$-3,$-32,$0,$-32,$0,$0,$0,$-4,$-36,$32,$8,$0
35,2009-11-30,3.17,$2.33,1.36,$13.73,0.23,$0.13,23.69,$0.19,16.66,$0.54B,$0.24B,2.23,$0.04B,$0.27B,0.13,$1.28B,$0.39B,30.30%,$1.28B,$-0.07B,-5.14%,$1.28B,$-0.07B,-5.14%,$1.28B,$-0.04B,-2.88%,$1.28B,$-0.03B,-2.57%,$1.28B,$0.02B,1.79%,$0.02B,$0.27B,12.09%,$0.02B,$0.27B,12.09%,$0.02B,$0.63B,3.70%,$-0.07B,$0.30B,-22.60%,$327,$207,$120,$0,$112,$324,$3,$-20,$-17,$-56,$39,$39,$39,$9,$3,$104,104,$0.37,$0.37,$75,$340,$0,$538,$60,$0,$0,$34,$93,$631,$241,$35,$86,$121,$362,$0,$159,$0,$269,$631,$52,$19,$-14,$5,$-3,$-23,$0,$-16,$-102,$-45,$-3,$0,$0,$0,$0,$0,$2,$-1,$-32,$0,$-32,$0,$0,$0,$-4,$-36,$-81,$6,$0
36,2009-08-31,2.11,$1.85,1.14,$13.98,0.15,$0.81,2.59,$-0.59,0.0,$0.51B,$0.26B,1.98,$0.08B,$0.17B,0.5,$1.26B,$0.36B,28.38%,$1.26B,$-0.10B,-8.27%,$1.26B,$-0.10B,-8.27%,$1.26B,$-0.07B,-5.72%,$1.26B,$-0.05B,-4.21%,$1.26B,$-0.05B,-4.21%,$-0.05B,$0.17B,-31.93%,$-0.05B,$0.17B,-31.93%,$-0.05B,$0.61B,-8.23%,$-0.10B,$0.25B,-34.10%,$287,$205,$82,$0,$91,$302,$-15,$-0,$-16,$0,$-16,$-16,$-16,$-9,$-15,$91,91,$-0.17,$-0.17,$109,$336,$0,$505,$64,$0,$0,$38,$101,$607,$255,$84,$100,$184,$439,$0,$120,$0,$168,$607,$14,$13,$-36,$-23,$7,$-20,$0,$-2,$-2,$-11,$-0,$0,$0,$0,$0,$0,$0,$-0,$-32,$0,$-32,$0,$0,$0,$-4,$-36,$-47,$4,$0
37,2009-05-31,1.67,$1.99,0.84,$14.46,0.12,$2.03,0.82,$-0.76,0.0,$0.49B,$0.22B,2.25,$0.10B,$0.18B,0.58,$1.29B,$0.36B,27.96%,$1.29B,$-0.12B,-9.06%,$1.29B,$-0.12B,-9.06%,$1.29B,$-0.08B,-6.35%,$1.29B,$-0.07B,-5.19%,$1.29B,$-0.07B,-5.19%,$-0.07B,$0.18B,-37.96%,$-0.07B,$0.18B,-37.96%,$-0.07B,$0.59B,-9.73%,$-0.12B,$0.28B,-34.36%,$281,$196,$85,$0,$106,$308,$-27,$56,$29,$-0,$29,$29,$29,$-20,$-27,$91,91,$0.32,$0.32,$136,$294,$0,$490,$69,$0,$0,$34,$104,$593,$218,$104,$92,$195,$413,$0,$136,$1,$180,$593,$29,$6,$-38,$-32,$10,$22,$0,$-2,$9,$6,$0,$0,$0,$0,$0,$0,$0,$1,$-27,$0,$-27,$0,$0,$0,$0,$-27,$-20,$2,$0
38,2009-02-28,0.18,$1.61,0.11,$14.87,0.01,$1.80,0.1,$-1.45,0.0,$0.53B,$0.23B,2.28,$0.18B,$0.14B,1.28,$1.32B,$0.36B,27.58%,$1.32B,$-0.12B,-9.09%,$1.32B,$-0.12B,-9.09%,$1.32B,$-0.08B,-6.21%,$1.32B,$-0.13B,-9.77%,$1.32B,$-0.13B,-9.77%,$-0.13B,$0.14B,-67.45%,$-0.13B,$0.14B,-67.45%,$-0.13B,$0.66B,-17.65%,$-0.12B,$0.33B,-31.98%,$389,$287,$102,$0,$122,$416,$-27,$-2,$-29,$-0,$-29,$-29,$-29,$-17,$-27,$89,89,$-0.33,$-0.33,$156,$316,$0,$534,$85,$0,$0,$37,$122,$655,$234,$184,$93,$277,$511,$0,$107,$-1,$144,$655,$-129,$38,$23,$61,$-5,$95,$0,$-1,$36,$-32,$89,$0,$0,$0,$1,$1,$2,$92,$0,$0,$0,$2,$2,$0,$0,$2,$62,$9,$0
39,2008-11-30,0.74,$1.93,0.39,$15.45,0.05,$0.19,3.85,$-0.96,0.0,$0.59B,$0.27B,2.19,$0.18B,$0.17B,1.07,$1.37B,$0.40B,29.31%,$1.37B,$-0.08B,-5.63%,$1.37B,$-0.08B,-5.63%,$1.37B,$-0.04B,-2.63%,$1.37B,$-0.09B,-6.29%,$1.37B,$-0.09B,-6.29%,$-0.09B,$0.17B,-38.70%,$-0.09B,$0.17B,-38.70%,$-0.09B,$0.72B,-11.13%,$-0.08B,$0.36B,-18.95%,$301,$213,$88,$0,$115,$336,$-35,$-2,$-37,$0,$-37,$-37,$-37,$-26,$-35,$89,89,$-0.41,$-0.41,$117,$399,$0,$588,$96,$0,$0,$39,$135,$722,$268,$184,$99,$283,$551,$0,$136,$-2,$172,$722,$-100,$29,$15,$44,$-12,$13,$0,$-1,$-15,$-71,$91,$0,$0,$0,$1,$1,$2,$93,$0,$0,$0,$2,$2,$0,$0,$2,$24,$7,$0
40,2008-08-31,3.69,$2.36,1.56,$16.31,0.23,$-1.10,0.0,$-0.66,0.0,$0.64B,$0.29B,2.23,$0.18B,$0.21B,0.88,$1.44B,$0.44B,30.46%,$1.44B,$-0.05B,-3.47%,$1.44B,$-0.05B,-3.47%,$1.44B,$-0.01B,-0.42%,$1.44B,$-0.06B,-4.09%,$1.44B,$-0.06B,-4.09%,$-0.06B,$0.21B,-24.30%,$-0.06B,$0.21B,-24.30%,$-0.06B,$0.79B,-7.32%,$-0.05B,$0.39B,-11.72%,$320,$234,$86,$0,$107,$349,$-28,$-2,$-30,$0,$-30,$-30,$-30,$-19,$-28,$89,89,$-0.34,$-0.34,$191,$379,$0,$638,$105,$0,$0,$42,$147,$785,$286,$184,$104,$288,$575,$0,$173,$0,$210,$785,$-63,$20,$10,$30,$-5,$33,$0,$-0,$34,$1,$95,$0,$0,$0,$-0,$-0,$0,$95,$0,$0,$0,$1,$1,$0,$0,$1,$98,$7,$0
41,2008-05-31,6.02,$2.68,2.25,$16.62,0.36,$-2.78,0.0,$-0.81,0.0,$0.53B,$0.25B,2.15,$0.18B,$0.24B,0.77,$1.47B,$0.44B,30.08%,$1.47B,$-0.06B,-4.23%,$1.47B,$-0.06B,-4.23%,$1.47B,$-0.01B,-0.95%,$1.47B,$-0.07B,-4.84%,$1.47B,$-0.07B,-4.91%,$-0.07B,$0.24B,-28.15%,$-0.07B,$0.24B,-28.15%,$-0.07B,$0.76B,-8.79%,$-0.06B,$0.42B,-14.10%,$310,$222,$88,$0,$109,$340,$-30,$-2,$-33,$0,$-33,$-33,$-33,$-20,$-30,$89,89,$-0.37,$-0.37,$81,$385,$0,$531,$108,$0,$0,$42,$230,$761,$248,$184,$91,$275,$522,$101,$203,$1,$239,$761,$-33,$11,$4,$15,$-0,$27,$0,$-0,$5,$-12,$-2,$0,$0,$0,$0,$0,$0,$-1,$0,$0,$0,$1,$1,$0,$0,$1,$-13,$3,$0
42,2008-02-29,4.38,$3.02,1.45,$17.18,0.25,$-2.79,0.0,$-1.08,0.0,$0.58B,$0.28B,2.11,$0.18B,$0.27B,0.69,$1.51B,$0.44B,29.10%,$1.51B,$-0.09B,-5.82%,$1.51B,$-0.09B,-5.82%,$1.51B,$-0.04B,-2.38%,$1.51B,$-0.09B,-6.22%,$1.51B,$-0.10B,-6.28%,$-0.10B,$0.27B,-34.96%,$-0.10B,$0.27B,-34.96%,$-0.10B,$0.82B,-11.26%,$-0.09B,$0.45B,-19.31%,$437,$298,$139,$0,$115,$421,$16,$-2,$14,$0,$14,$14,$14,$29,$16,$88,88,$0.15,$0.15,$93,$412,$0,$583,$115,$0,$0,$43,$239,$822,$276,$184,$94,$278,$554,$101,$236,$0,$268,$822,$-96,$53,$25,$78,$-9,$-52,$0,$-10,$-65,$-83,$-1,$0,$0,$0,$6,$6,$2,$6,$0,$0,$0,$4,$4,$0,$-1,$3,$-74,$10,$0
43,2007-11-30,3.44,$2.87,1.2,$17.64,0.2,$-3.35,0.0,$-1.91,0.0,$0.61B,$0.32B,1.91,$0.18B,$0.25B,0.73,$1.55B,$0.42B,26.99%,$1.55B,$-0.16B,-10.59%,$1.55B,$-0.16B,-10.59%,$1.55B,$-0.11B,-7.17%,$1.55B,$-0.17B,-10.78%,$1.55B,$-0.17B,-10.85%,$-0.17B,$0.25B,-56.95%,$-0.17B,$0.25B,-56.95%,$-0.17B,$0.85B,-19.37%,$-0.16B,$0.44B,-34.24%,$374,$248,$126,$0,$124,$382,$-8,$-1,$-10,$0,$-10,$-10,$-10,$4,$-8,$88,88,$-0.11,$-0.11,$83,$433,$0,$605,$122,$0,$0,$45,$249,$854,$317,$184,$98,$282,$600,$101,$222,$2,$254,$854,$-110,$40,$22,$62,$-17,$-73,$0,$-8,$-45,$-93,$-1,$0,$0,$0,$6,$6,$2,$6,$0,$0,$0,$3,$3,$0,$-1,$2,$-85,$7,$0
44,2007-08-31,5.16,$2.96,1.74,$18.00,0.29,$-3.54,0.0,$-2.63,0.0,$0.58B,$0.30B,1.96,$0.18B,$0.26B,0.7,$1.58B,$0.42B,26.43%,$1.58B,$-0.23B,-14.39%,$1.58B,$-0.23B,-14.39%,$1.58B,$-0.17B,-10.77%,$1.58B,$-0.23B,-14.58%,$1.58B,$-0.23B,-14.64%,$-0.23B,$0.26B,-69.16%,$-0.23B,$0.26B,-69.16%,$-0.23B,$0.84B,-25.43%,$-0.23B,$0.45B,-43.82%,$345,$257,$88,$0,$117,$385,$-40,$-1,$-42,$2,$-43,$-43,$-43,$-27,$-40,$88,88,$-0.49,$-0.49,$122,$374,$0,$579,$130,$0,$0,$47,$259,$838,$295,$184,$97,$281,$576,$101,$232,$3,$262,$838,$-100,$27,$13,$40,$-6,$-14,$0,$-7,$7,$-53,$1,$0,$0,$0,$-1,$-1,$6,$7,$0,$0,$0,$2,$2,$0,$-1,$1,$-45,$5,$0
45,2007-05-31,6.29,$3.44,1.83,$18.33,0.34,$-4.30,0.0,$-2.98,0.0,$0.59B,$0.29B,2.04,$0.18B,$0.30B,0.61,$1.60B,$0.43B,27.06%,$1.60B,$-0.25B,-15.46%,$1.60B,$-0.25B,-15.46%,$1.60B,$-0.19B,-11.72%,$1.60B,$-0.25B,-15.59%,$1.60B,$-0.26B,-16.27%,$-0.26B,$0.30B,-67.14%,$-0.26B,$0.30B,-67.14%,$-0.26B,$0.86B,-27.07%,$-0.25B,$0.49B,-43.30%,$356,$269,$87,$0,$132,$412,$-56,$-1,$-56,$0,$-56,$-56,$-56,$-42,$-56,$88,88,$-0.64,$-0.64,$152,$334,$0,$591,$143,$0,$0,$44,$271,$861,$290,$184,$84,$268,$558,$101,$276,$3,$303,$861,$-56,$14,$5,$19,$-2,$26,$0,$-0,$22,$-16,$1,$0,$0,$0,$-0,$-0,$0,$1,$0,$0,$0,$1,$1,$0,$-1,$0,$-15,$3,$0
46,2007-02-28,5.67,$4.11,1.38,$18.59,0.31,$-4.52,0.0,$-2.61,0.0,$0.72B,$0.29B,2.53,$0.18B,$0.36B,0.51,$1.62B,$0.47B,29.19%,$1.62B,$-0.23B,-13.92%,$1.62B,$-0.23B,-13.92%,$1.62B,$-0.16B,-10.10%,$1.62B,$-0.23B,-14.04%,$1.62B,$-0.23B,-14.04%,$-0.23B,$0.36B,-50.36%,$-0.23B,$0.36B,-50.36%,$-0.23B,$0.92B,-22.17%,$-0.23B,$0.55B,-35.49%,$474,$357,$117,$0,$165,$534,$-60,$1,$-59,$-0,$-59,$-59,$-59,$-46,$-60,$87,87,$-0.66,$-0.66,$167,$360,$85,$719,$154,$0,$0,$43,$197,$916,$285,$184,$87,$271,$555,$101,$337,$2,$361,$916,$-228,$63,$85,$148,$-14,$10,$0,$3,$-25,$-105,$-28,$0,$22,$0,$16,$16,$22,$32,$0,$0,$0,$5,$5,$-17,$-0,$-13,$-86,$22,$-17
47,2006-11-30,5.55,$4.67,1.19,$19.01,0.29,$-4.30,0.0,$-2.06,0.0,$0.72B,$0.33B,2.18,$0.18B,$0.41B,0.45,$1.66B,$0.52B,31.34%,$1.66B,$-0.18B,-10.63%,$1.66B,$-0.18B,-10.63%,$1.66B,$-0.11B,-6.52%,$1.66B,$-0.18B,-10.81%,$1.66B,$-0.18B,-10.81%,$-0.18B,$0.41B,-35.10%,$-0.18B,$0.41B,-35.10%,$-0.18B,$1.02B,-16.39%,$-0.18B,$0.59B,-25.36%,$403,$278,$125,$0,$183,$474,$-71,$-2,$-73,$-0,$-73,$-73,$-73,$-55,$-71,$88,88,$-0.83,$-0.83,$172,$392,$0,$716,$251,$0,$0,$51,$302,$1018,$328,$184,$96,$280,$608,$101,$396,$-3,$410,$1018,$-169,$48,$65,$113,$-28,$-23,$0,$28,$-29,$-84,$-25,$0,$22,$0,$-2,$-2,$22,$17,$0,$0,$0,$4,$4,$-17,$-0,$-14,$-81,$12,$-17
