,Date,Stock Price,Book Value per Share,Price to Book Ratio,TTM Sales per Share,Price to Sales Ratio,TTM FCF per Share,Price to FCF Ratio,TTM Net EPS,PE Ratio,Current Assets,Current Liabilities,Current Ratio,Long Term Debt,Shareholder's Equity_x,Debt to Equity Ratio,TTM Revenue_x,TTM Gross Profit,Gross Margin,TTM Revenue_y,TTM Operating Income,Operating Margin,TTM Revenue_x,TTM EBIT,EBIT Margin,TTM Revenue_y,TTM EBITDA,EBITDA Margin,TTM Revenue_x,TTM Pre-Tax Income,Pre-Tax Margin,TTM Revenue_y,TTM Net Income_x,Net Margin,TTM Net Income_y,Shareholder's Equity_y,Return on Equity,TTM Net Income_x,Tangible Equity,Return on Tangible Equity,TTM Net Income_y,Total Assets,Return on Assets,TTM Net Income,LT Investments & Debt,Return on Investment,revenue,cost-goods-sold,gross-profit,research-development-expenses,selling-general-administrative-expenses,operating-expenses,operating-income,total-non-operating-income-expense,pre-tax-income,total-provision-income-taxes,income-after-taxes,income-from-continuous-operations,net-income,ebitda,ebit,basic-shares-outstanding,shares-outstanding,eps-basic-net-earnings-per-share,eps-earnings-per-share-diluted,cash-on-hand,inventory,other-current-assets,total-current-assets,net-property-plant-equipment,long-term-investments,goodwill-intangible-assets-total,other-long-term-assets,total-long-term-assets,total-assets,total-current-liabilities,long-term-debt,other-non-current-liabilities,total-long-term-liabilities,total-liabilities,common-stock-net,retained-earnings-accumulated-deficit,comprehensive-income,total-share-holder-equity,total-liabilities-share-holders-equity,net-income-loss,total-depreciation-amortization-cash-flow,other-non-cash-items,total-non-cash-items,change-in-accounts-receivable,change-in-inventories,change-in-accounts-payable,change-in-assets-liabilities,total-change-in-assets-liabilities,cash-flow-from-operating-activities,net-change-in-property-plant-equipment,net-change-in-intangible-assets,net-acquisitions-divestitures,net-change-in-short-term-investments,net-change-in-long-term-investments,net-change-in-investments-total,investing-activities-other,cash-flow-from-investing-activities,net-long-term-debt,net-current-debt,debt-issuance-retirement-net-total,net-common-equity-issued-repurchased,net-total-equity-issued-repurchased,total-common-preferred-stock-dividends-paid,financial-activities-other,cash-flow-from-financial-activities,net-cash-flow,stock-based-compensation,common-stock-dividends-paid
0,2018-09-30,76.35,$55.91,1.37,$59.84,1.28,$75.17,1.02,$-1.30,0.0,$1.04B,$0.62B,1.68,$0.13B,$0.75B,0.17,$0.80B,$0.79B,98.87%,$0.80B,$0.08B,9.55%,$0.80B,$0.08B,9.55%,$0.80B,$0.10B,12.81%,$0.80B,$0.05B,6.66%,$0.80B,$-0.01B,-1.51%,$-0.01B,$0.75B,-1.62%,$-0.01B,$0.65B,-1.88%,$-0.01B,$1.49B,-0.73%,$0.08B,$0.87B,8.79%,$218,$2,$215,$0,$162,$180,$37,$-8,$30,$7,$22,$22,$19,$43,$37,$13,14,$1.45,$1.43,$69,$798,$0,$1041,$31,$152,$97,$69,$452,$1493,$621,$125,$0,$125,$746,$0,$170,$-1,$747,$1493,$38,$18,$30,$48,$-29,$441,$-13,$-124,$275,$360,$-12,$0,$0,$0,$0,$0,$0,$-12,$0,$-240,$-240,$-32,$-32,$-42,$1,$-313,$35,$32,$-42
1,2018-06-30,76.85,$55.29,1.39,$62.28,1.23,$81.51,0.94,$-6.64,0.0,$1.06B,$0.65B,1.62,$0.13B,$0.74B,0.17,$0.82B,$0.81B,98.90%,$0.82B,$-0.04B,-5.13%,$0.82B,$-0.04B,-5.13%,$0.82B,$0.10B,12.21%,$0.82B,$-0.06B,-7.20%,$0.82B,$-0.08B,-9.89%,$-0.08B,$0.74B,-10.80%,$-0.08B,$0.64B,-12.52%,$-0.08B,$1.52B,-4.73%,$-0.04B,$0.86B,-4.80%,$173,$2,$171,$0,$140,$158,$15,$-10,$5,$1,$5,$5,$6,$21,$15,$13,13,$0.43,$0.43,$26,$810,$0,$1056,$27,$156,$99,$78,$459,$1515,$652,$125,$0,$125,$777,$0,$153,$-1,$737,$1515,$15,$12,$22,$33,$-74,$542,$-14,$-209,$244,$293,$-6,$0,$0,$0,$0,$0,$0,$-6,$0,$-238,$-238,$-25,$-25,$-36,$5,$-294,$-8,$19,$-36
2,2018-03-31,82.64,$55.27,1.5,$64.65,1.28,$72.43,1.14,$-6.18,0.0,$1.11B,$0.72B,1.54,$0.13B,$0.74B,0.17,$0.84B,$0.84B,98.93%,$0.84B,$-0.04B,-4.27%,$0.84B,$-0.04B,-4.27%,$0.84B,$0.11B,12.68%,$0.84B,$-0.04B,-5.21%,$0.84B,$-0.08B,-8.89%,$-0.08B,$0.74B,-9.68%,$-0.08B,$0.63B,-11.73%,$-0.08B,$1.58B,-4.12%,$-0.04B,$0.86B,-4.00%,$169,$2,$167,$0,$140,$156,$13,$-5,$8,$-3,$11,$11,$6,$19,$13,$13,13,$0.47,$0.47,$28,$1034,$0,$1108,$25,$170,$102,$77,$470,$1577,$717,$125,$0,$125,$842,$0,$153,$-1,$735,$1577,$11,$6,$15,$20,$99,$271,$14,$-269,$115,$146,$-2,$0,$0,$0,$0,$0,$0,$-2,$0,$-104,$-104,$-17,$-17,$-30,$-1,$-152,$-6,$9,$-30
3,2017-12-31,83.88,$57.41,1.46,$67.54,1.24,$74.14,1.13,$-5.34,0.0,$1.56B,$1.16B,1.35,$0.13B,$0.74B,0.17,$0.88B,$0.87B,98.97%,$0.88B,$-0.03B,-2.85%,$0.88B,$-0.03B,-2.85%,$0.88B,$0.12B,13.58%,$0.88B,$-0.03B,-3.31%,$0.88B,$-0.06B,-7.31%,$-0.06B,$0.74B,-8.04%,$-0.06B,$0.64B,-10.17%,$-0.06B,$2.03B,-3.28%,$-0.03B,$0.87B,-2.68%,$236,$2,$234,$0,$205,$225,$11,$-1,$10,$57,$-47,$-47,$-43,$19,$11,$13,13,$-3.38,$-3.36,$34,$1383,$0,$1563,$25,$176,$105,$55,$462,$2025,$1158,$125,$0,$125,$1283,$0,$176,$-1,$741,$2025,$-60,$144,$36,$180,$99,$-51,$-51,$114,$111,$232,$-8,$0,$0,$0,$0,$0,$0,$-8,$-50,$-129,$-179,$-24,$-24,$-19,$-12,$-233,$-8,$40,$-19
4,2017-09-30,57.49,$60.99,0.94,$66.75,0.86,$59.84,0.96,$-4.71,0.0,$1.23B,$0.83B,1.48,$0.13B,$0.79B,0.16,$0.86B,$0.85B,98.96%,$0.86B,$-0.10B,-11.02%,$0.86B,$-0.10B,-11.02%,$0.86B,$0.13B,15.55%,$0.86B,$-0.10B,-11.37%,$0.86B,$-0.06B,-6.38%,$-0.06B,$0.79B,-6.75%,$-0.06B,$0.68B,-8.93%,$-0.06B,$1.74B,-2.78%,$-0.10B,$0.91B,-9.84%,$241,$2,$238,$0,$191,$322,$-81,$-1,$-82,$-31,$-51,$-51,$-50,$41,$-81,$13,13,$-3.91,$-3.91,$47,$1099,$0,$1227,$24,$180,$108,$55,$513,$1740,$828,$125,$0,$125,$953,$0,$227,$-1,$787,$1740,$-13,$136,$-22,$115,$164,$163,$-16,$8,$319,$421,$-4,$0,$0,$0,$0,$0,$0,$-4,$-50,$-342,$-392,$-23,$-23,$-14,$-12,$-441,$-23,$26,$-14
5,2017-06-30,57.75,$64.84,0.89,$64.54,0.89,$30.62,1.89,$-0.10,0.0,$1.36B,$0.97B,1.4,$0.13B,$0.84B,0.15,$0.82B,$0.81B,99.03%,$0.82B,$0.00B,0.49%,$0.82B,$0.00B,0.49%,$0.82B,$0.12B,14.96%,$0.82B,$0.00B,0.24%,$0.82B,$0.00B,0.49%,$0.00B,$0.84B,0.48%,$0.00B,$0.61B,0.69%,$0.00B,$1.93B,0.19%,$0.00B,$0.96B,0.40%,$198,$2,$196,$0,$158,$177,$21,$-1,$20,$5,$15,$15,$12,$28,$21,$13,13,$0.89,$0.89,$192,$944,$0,$1355,$25,$164,$226,$161,$576,$1931,$972,$125,$0,$125,$1097,$0,$282,$-2,$835,$1931,$38,$15,$21,$36,$26,$152,$1,$-92,$87,$161,$-3,$0,$0,$0,$0,$0,$0,$-3,$-50,$-88,$-138,$-22,$-22,$-9,$-16,$-186,$-27,$13,$-9
6,2017-03-31,61.18,$64.29,0.95,$62.43,0.98,$22.81,2.68,$-0.87,0.0,$1.54B,$1.12B,1.38,$0.18B,$0.82B,0.21,$0.79B,$0.79B,99.12%,$0.79B,$-0.01B,-1.26%,$0.79B,$-0.01B,-1.26%,$0.79B,$0.11B,14.11%,$0.79B,$-0.01B,-1.39%,$0.79B,$-0.01B,-0.76%,$-0.01B,$0.82B,-0.73%,$-0.01B,$0.59B,-1.09%,$-0.01B,$2.11B,-0.28%,$-0.01B,$1.00B,-1.00%,$201,$2,$199,$0,$158,$177,$24,$-1,$23,$-0,$23,$23,$17,$31,$24,$13,13,$1.33,$1.31,$299,$1018,$0,$1535,$25,$160,$230,$163,$578,$2113,$1116,$175,$0,$175,$1291,$0,$273,$-2,$822,$2113,$23,$7,$19,$26,$27,$74,$175,$-162,$115,$164,$-2,$0,$0,$0,$0,$0,$0,$-2,$0,$-122,$-122,$-18,$-18,$-5,$-16,$-161,$2,$5,$-5
7,2016-12-31,69.21,$65.87,1.05,$58.57,1.18,$4.52,15.3,$-2.02,0.0,$1.53B,$1.13B,1.35,$0.18B,$0.82B,0.21,$0.75B,$0.74B,99.06%,$0.75B,$-0.03B,-4.15%,$0.75B,$-0.03B,-4.15%,$0.75B,$0.09B,11.91%,$0.75B,$-0.03B,-4.15%,$0.75B,$-0.02B,-2.81%,$-0.02B,$0.82B,-2.52%,$-0.02B,$0.58B,-3.96%,$-0.02B,$2.13B,-0.97%,$-0.03B,$0.99B,-3.07%,$222,$2,$220,$0,$177,$281,$-59,$0,$-59,$-26,$-33,$-33,$-34,$34,$-59,$13,13,$-2.71,$-2.71,$230,$1059,$0,$1534,$25,$168,$233,$67,$592,$2126,$1134,$175,$0,$175,$1309,$0,$257,$-3,$816,$2126,$-14,$119,$25,$144,$-56,$18,$-15,$-29,$-82,$49,$-11,$0,$-73,$0,$0,$0,$0,$-84,$0,$-27,$-27,$-66,$-66,$0,$-18,$-112,$-149,$56,$0
8,2016-09-30,46.11,$68.35,0.67,$54.88,0.84,$27.53,1.67,$1.86,24.79,$1.58B,$1.20B,1.32,$0.18B,$0.84B,0.21,$0.72B,$0.72B,99.17%,$0.72B,$0.05B,6.93%,$0.72B,$0.05B,6.93%,$0.72B,$0.08B,11.50%,$0.72B,$0.05B,6.93%,$0.72B,$0.03B,3.46%,$0.03B,$0.84B,2.98%,$0.03B,$0.52B,4.71%,$0.03B,$2.21B,1.16%,$0.05B,$1.01B,4.94%,$201,$2,$199,$0,$159,$182,$18,$0,$18,$7,$12,$12,$9,$30,$18,$12,12,$0.70,$0.70,$245,$1080,$0,$1582,$23,$145,$320,$141,$629,$2211,$1197,$175,$0,$175,$1372,$0,$294,$-2,$839,$2211,$20,$27,$45,$72,$-68,$-50,$167,$-97,$-48,$43,$-7,$0,$-71,$0,$0,$0,$0,$-78,$0,$-20,$-20,$-70,$-70,$0,$-11,$-102,$-139,$44,$0
9,2016-06-30,35.99,$66.58,0.54,$49.27,0.73,$45.14,0.8,$1.48,24.32,$1.48B,$1.12B,1.32,$0.18B,$0.83B,0.21,$0.67B,$0.67B,99.11%,$0.67B,$0.04B,5.81%,$0.67B,$0.04B,5.81%,$0.67B,$0.07B,9.69%,$0.67B,$0.04B,5.81%,$0.67B,$0.02B,2.98%,$0.02B,$0.83B,2.39%,$0.02B,$0.50B,3.65%,$0.02B,$2.12B,0.92%,$0.04B,$1.00B,3.90%,$170,$2,$169,$0,$142,$164,$7,$0,$7,$2,$5,$5,$2,$17,$7,$13,13,$0.12,$0.12,$357,$968,$0,$1478,$22,$163,$328,$130,$644,$2121,$1119,$175,$0,$175,$1294,$0,$284,$-1,$827,$2121,$8,$15,$34,$49,$38,$22,$94,$-150,$5,$61,$-4,$0,$-71,$0,$0,$0,$0,$-75,$0,$56,$56,$-62,$-62,$0,$4,$-3,$-18,$26,$0
10,2016-03-31,47.31,$64.29,0.74,$47.40,1.0,$40.47,1.17,$2.44,19.39,$1.53B,$1.15B,1.33,$0.18B,$0.85B,0.21,$0.67B,$0.66B,98.95%,$0.67B,$0.06B,8.72%,$0.67B,$0.06B,8.72%,$0.67B,$0.08B,11.73%,$0.67B,$0.06B,8.72%,$0.67B,$0.03B,5.11%,$0.03B,$0.85B,3.92%,$0.03B,$0.52B,5.65%,$0.03B,$2.18B,1.51%,$0.06B,$1.03B,5.70%,$154,$2,$152,$0,$126,$150,$3,$0,$3,$0,$3,$3,$2,$8,$3,$13,13,$0.16,$0.16,$213,$1102,$0,$1531,$21,$164,$332,$131,$648,$2178,$1150,$175,$0,$175,$1325,$0,$282,$-1,$853,$2178,$3,$5,$19,$23,$-24,$-31,$130,$-176,$-101,$-74,$-1,$0,$-70,$0,$0,$0,$0,$-72,$0,$13,$13,$-19,$-19,$0,$12,$5,$-141,$10,$0
11,2015-12-31,38.57,$62.57,0.62,$46.30,0.83,$34.66,1.11,$3.31,11.65,$1.59B,$1.13B,1.4,$0.18B,$0.83B,0.21,$0.67B,$0.67B,98.96%,$0.67B,$0.09B,12.78%,$0.67B,$0.09B,12.78%,$0.67B,$0.11B,15.75%,$0.67B,$0.09B,12.78%,$0.67B,$0.05B,7.13%,$0.05B,$0.83B,5.32%,$0.05B,$0.58B,7.30%,$0.05B,$2.14B,1.97%,$0.09B,$1.01B,8.28%,$197,$2,$196,$0,$149,$175,$22,$0,$22,$7,$15,$15,$12,$28,$22,$14,14,$0.91,$0.91,$408,$991,$0,$1588,$19,$165,$249,$118,$551,$2139,$1131,$175,$0,$175,$1306,$0,$279,$-0,$833,$2139,$58,$19,$28,$47,$-18,$260,$47,$-14,$274,$380,$-6,$0,$-12,$0,$0,$0,$2,$-16,$50,$68,$118,$-131,$-131,$0,$-176,$-189,$174,$49,$0
12,2015-09-30,34.53,$59.70,0.58,$42.61,0.81,$4.87,7.09,$3.20,10.79,$1.77B,$1.34B,1.32,$0.13B,$0.83B,0.15,$0.63B,$0.62B,98.56%,$0.63B,$0.09B,13.56%,$0.63B,$0.09B,13.56%,$0.63B,$0.10B,16.59%,$0.63B,$0.09B,13.56%,$0.63B,$0.05B,7.66%,$0.05B,$0.83B,5.13%,$0.05B,$0.59B,6.92%,$0.05B,$2.30B,1.87%,$0.09B,$0.96B,8.01%,$150,$2,$148,$0,$116,$143,$7,$0,$7,$2,$5,$5,$4,$12,$7,$14,14,$0.32,$0.32,$302,$1090,$0,$1768,$19,$159,$246,$107,$531,$2299,$1341,$125,$0,$125,$1466,$0,$266,$0,$833,$2299,$43,$14,$27,$40,$-204,$267,$106,$39,$207,$290,$-4,$0,$-9,$0,$0,$0,$2,$-12,$0,$38,$38,$-104,$-104,$0,$-184,$-250,$28,$31,$0
13,2015-06-30,41.66,$68.59,0.61,$42.42,0.98,$-13.89,0.0,$3.78,11.02,$1.87B,$1.33B,1.41,$0.13B,$0.95B,0.13,$0.64B,$0.63B,98.74%,$0.64B,$0.10B,16.35%,$0.64B,$0.10B,16.35%,$0.64B,$0.12B,19.34%,$0.64B,$0.10B,16.35%,$0.64B,$0.06B,9.12%,$0.06B,$0.95B,6.02%,$0.06B,$0.72B,8.03%,$0.06B,$2.41B,2.20%,$0.10B,$1.08B,9.55%,$164,$2,$162,$0,$123,$138,$26,$0,$26,$10,$16,$16,$16,$30,$26,$14,15,$1.08,$1.08,$229,$1436,$0,$1871,$19,$166,$239,$115,$539,$2410,$1332,$125,$0,$125,$1457,$0,$261,$0,$954,$2410,$38,$9,$28,$36,$-36,$21,$88,$-148,$-75,$-0,$-4,$0,$0,$0,$0,$0,$2,$-2,$0,$123,$123,$-104,$-104,$0,$-18,$1,$-2,$23,$0
14,2015-03-31,50.08,$65.81,0.76,$42.44,1.18,$-7.21,0.0,$3.81,13.14,$2.40B,$1.81B,1.33,$0.13B,$0.99B,0.13,$0.64B,$0.63B,98.75%,$0.64B,$0.11B,16.82%,$0.64B,$0.11B,16.82%,$0.64B,$0.13B,19.94%,$0.64B,$0.11B,16.82%,$0.64B,$0.06B,9.19%,$0.06B,$0.99B,6.16%,$0.06B,$0.75B,8.26%,$0.06B,$2.92B,2.23%,$0.11B,$1.11B,9.97%,$162,$2,$160,$0,$116,$131,$31,$0,$31,$9,$22,$22,$16,$36,$31,$15,15,$1.03,$1.03,$422,$1747,$0,$2398,$19,$145,$241,$115,$519,$2917,$1805,$125,$0,$125,$1930,$0,$244,$-0,$987,$2917,$22,$4,$24,$28,$-58,$-170,$172,$-169,$-225,$-175,$-2,$0,$0,$0,$0,$0,$0,$-2,$0,$140,$140,$-41,$-41,$0,$72,$171,$-6,$14,$0
15,2014-12-31,55.45,$63.51,0.87,$43.35,1.28,$1.09,50.91,$3.88,14.29,$2.14B,$1.53B,1.4,$0.13B,$0.97B,0.13,$0.65B,$0.64B,98.77%,$0.65B,$0.11B,16.98%,$0.65B,$0.11B,16.98%,$0.65B,$0.13B,20.06%,$0.65B,$0.11B,16.98%,$0.65B,$0.06B,9.10%,$0.06B,$0.97B,6.27%,$0.06B,$0.73B,8.49%,$0.06B,$2.62B,2.37%,$0.11B,$1.09B,10.33%,$151,$2,$148,$0,$113,$129,$21,$0,$21,$8,$14,$14,$12,$26,$21,$15,15,$0.76,$0.76,$349,$1616,$0,$2136,$18,$127,$243,$100,$488,$2624,$1529,$125,$0,$125,$1654,$0,$227,$0,$969,$2624,$74,$20,$18,$38,$-32,$-149,$-22,$41,$-162,$-50,$-7,$0,$0,$0,$0,$0,$2,$-5,$0,$-137,$-137,$-5,$-5,$0,$90,$-52,$-108,$29,$0
16,2014-09-30,49.87,$62.57,0.8,$45.79,1.09,$7.35,6.79,$4.81,10.37,$2.12B,$1.53B,1.38,$0.13B,$0.95B,0.13,$0.69B,$0.68B,98.98%,$0.69B,$0.13B,19.12%,$0.69B,$0.13B,19.12%,$0.69B,$0.15B,22.04%,$0.69B,$0.13B,19.12%,$0.69B,$0.07B,10.51%,$0.07B,$0.95B,7.84%,$0.07B,$0.70B,10.73%,$0.07B,$2.60B,2.98%,$0.13B,$1.07B,12.55%,$159,$2,$158,$0,$118,$134,$26,$0,$26,$9,$17,$17,$14,$31,$26,$15,15,$0.90,$0.90,$317,$1484,$0,$2117,$17,$125,$245,$96,$483,$2601,$1530,$125,$0,$125,$1655,$0,$215,$1,$945,$2601,$60,$15,$19,$33,$-178,$46,$59,$11,$-62,$32,$-5,$0,$0,$0,$0,$0,$1,$-5,$0,$-176,$-176,$-7,$-7,$0,$47,$-136,$-109,$21,$0
17,2014-06-30,49.42,$62.00,0.8,$44.02,1.12,$-15.14,0.0,$4.24,11.66,$1.95B,$1.37B,1.42,$0.13B,$0.93B,0.13,$0.65B,$0.65B,98.78%,$0.65B,$0.12B,17.89%,$0.65B,$0.12B,17.89%,$0.65B,$0.14B,21.10%,$0.65B,$0.12B,17.89%,$0.65B,$0.06B,9.63%,$0.06B,$0.93B,7.03%,$0.06B,$0.68B,9.74%,$0.06B,$2.43B,2.64%,$0.12B,$1.06B,11.45%,$170,$2,$168,$0,$122,$140,$30,$0,$30,$10,$20,$20,$17,$35,$30,$15,15,$1.12,$1.11,$256,$1469,$0,$1948,$16,$116,$247,$98,$478,$2426,$1371,$125,$0,$125,$1496,$0,$200,$1,$930,$2426,$43,$10,$18,$28,$-85,$-89,$225,$-24,$28,$99,$-2,$0,$0,$0,$0,$0,$0,$-2,$0,$-152,$-152,$-7,$-7,$0,$-5,$-165,$-68,$14,$0
18,2014-03-31,43.72,$61.48,0.71,$39.08,1.12,$-29.51,0.0,$3.28,13.33,$1.83B,$1.28B,1.44,$0.13B,$0.92B,0.14,$0.58B,$0.58B,98.63%,$0.58B,$0.09B,15.41%,$0.58B,$0.09B,15.41%,$0.58B,$0.11B,19.35%,$0.58B,$0.09B,15.41%,$0.58B,$0.05B,8.22%,$0.05B,$0.92B,5.45%,$0.05B,$0.67B,7.57%,$0.05B,$2.32B,2.04%,$0.09B,$1.04B,8.95%,$168,$2,$166,$0,$119,$135,$33,$0,$33,$10,$23,$23,$16,$38,$33,$15,15,$1.10,$1.10,$256,$1325,$0,$1832,$15,$130,$248,$92,$486,$2317,$1275,$125,$0,$125,$1400,$0,$182,$1,$917,$2317,$23,$5,$14,$19,$-112,$28,$90,$-96,$-88,$-47,$-1,$0,$0,$0,$0,$0,$0,$-1,$0,$-79,$-79,$-7,$-7,$0,$45,$-41,$-89,$5,$0
19,2013-12-31,37.75,$61.33,0.62,$34.63,1.09,$-38.04,0.0,$2.75,13.73,$1.84B,$1.31B,1.4,$0.13B,$0.88B,0.14,$0.53B,$0.52B,98.29%,$0.53B,$0.08B,14.26%,$0.53B,$0.08B,14.26%,$0.53B,$0.10B,18.25%,$0.53B,$0.08B,14.26%,$0.53B,$0.04B,7.79%,$0.04B,$0.88B,4.73%,$0.04B,$0.63B,6.58%,$0.04B,$2.32B,1.74%,$0.08B,$1.01B,7.56%,$188,$2,$186,$0,$129,$146,$42,$0,$42,$10,$32,$32,$25,$47,$42,$15,15,$1.64,$1.65,$335,$1364,$0,$1837,$16,$112,$251,$102,$481,$2318,$1311,$125,$0,$125,$1436,$0,$164,$1,$882,$2318,$50,$20,$21,$41,$23,$-30,$-42,$-0,$-49,$42,$-5,$0,$-24,$0,$0,$0,$0,$-30,$0,$38,$38,$-71,$-71,$0,$40,$6,$18,$22,$0
20,2013-09-30,32.73,$59.50,0.55,$31.20,1.05,$-54.17,0.0,$1.72,19.03,$2.03B,$1.51B,1.35,$0.13B,$0.86B,0.15,$0.48B,$0.47B,98.12%,$0.48B,$0.06B,11.69%,$0.48B,$0.06B,11.69%,$0.48B,$0.08B,17.33%,$0.48B,$0.06B,11.69%,$0.48B,$0.03B,5.43%,$0.03B,$0.86B,3.08%,$0.03B,$0.60B,4.31%,$0.03B,$2.49B,1.13%,$0.06B,$0.98B,5.78%,$128,$2,$126,$0,$97,$116,$12,$0,$12,$3,$9,$9,$5,$18,$12,$15,15,$0.33,$0.33,$224,$1533,$0,$2031,$15,$0,$253,$143,$461,$2493,$1511,$125,$0,$125,$1636,$0,$137,$1,$857,$2493,$20,$15,$19,$34,$-112,$-240,$64,$-66,$-354,$-300,$-3,$0,$-24,$0,$0,$0,$0,$-28,$0,$186,$186,$-70,$-70,$0,$120,$236,$-91,$11,$0
21,2013-06-30,30.17,$56.87,0.53,$31.07,0.97,$-46.72,0.0,$2.50,12.07,$1.88B,$1.28B,1.47,$0.13B,$0.87B,0.14,$0.48B,$0.47B,98.14%,$0.48B,$0.07B,14.29%,$0.48B,$0.07B,14.29%,$0.48B,$0.10B,19.88%,$0.48B,$0.07B,14.29%,$0.48B,$0.04B,7.87%,$0.04B,$0.87B,4.62%,$0.04B,$0.63B,6.52%,$0.04B,$2.28B,1.76%,$0.07B,$0.99B,7.53%,$100,$2,$98,$0,$83,$96,$3,$0,$3,$2,$2,$2,$2,$10,$3,$16,16,$0.15,$0.15,$214,$1481,$0,$1884,$13,$0,$235,$145,$393,$2276,$1283,$125,$0,$125,$1408,$0,$131,$1,$868,$2276,$12,$9,$18,$28,$19,$-144,$60,$-98,$-163,$-123,$-1,$0,$0,$0,$0,$0,$0,$-1,$0,$66,$66,$-40,$-40,$0,$63,$88,$-36,$5,$0
22,2013-03-31,32.74,$53.86,0.61,$31.16,1.05,$-56.79,0.0,$2.72,12.04,$1.94B,$1.34B,1.45,$0.13B,$0.86B,0.15,$0.49B,$0.48B,98.15%,$0.49B,$0.07B,14.81%,$0.49B,$0.07B,14.81%,$0.49B,$0.10B,19.96%,$0.49B,$0.07B,14.81%,$0.49B,$0.04B,8.64%,$0.04B,$0.86B,5.31%,$0.04B,$0.63B,7.66%,$0.04B,$2.33B,2.01%,$0.07B,$0.99B,8.43%,$110,$2,$107,$0,$82,$91,$18,$0,$18,$6,$13,$13,$9,$21,$18,$16,16,$0.58,$0.57,$163,$1556,$0,$1941,$14,$0,$236,$138,$389,$2330,$1343,$125,$0,$125,$1468,$0,$129,$1,$862,$2330,$12,$3,$15,$18,$-21,$-172,$77,$-97,$-213,$-184,$-0,$0,$0,$0,$0,$0,$0,$-0,$0,$-68,$-68,$-14,$-14,$0,$183,$101,$-83,$1,$0
23,2012-12-31,30.67,$51.94,0.59,$31.20,0.98,$-57.93,0.0,$2.30,13.34,$1.66B,$1.17B,1.41,$0.13B,$0.79B,0.16,$0.49B,$0.48B,98.36%,$0.49B,$0.07B,14.11%,$0.49B,$0.07B,14.11%,$0.49B,$0.10B,19.84%,$0.49B,$0.07B,14.11%,$0.49B,$0.04B,7.16%,$0.04B,$0.79B,4.57%,$0.04B,$0.55B,6.75%,$0.04B,$2.09B,1.76%,$0.07B,$0.92B,8.66%,$141,$2,$139,$0,$104,$118,$23,$0,$23,$7,$15,$15,$10,$34,$23,$16,16,$0.63,$0.63,$282,$1212,$0,$1655,$15,$86,$238,$93,$432,$2088,$1172,$125,$1,$126,$1298,$0,$119,$1,$790,$2088,$44,$28,$34,$62,$-13,$-352,$37,$10,$-317,$-212,$-2,$0,$0,$0,$0,$0,$0,$-2,$10,$308,$318,$-47,$-47,$0,$-37,$234,$20,$21,$0
24,2012-09-30,24.29,$50.60,0.48,$27.19,0.89,$-31.62,0.0,$-5.75,0.0,$1.51B,$1.19B,1.27,$0.00B,$0.77B,0.0,$0.43B,$0.42B,97.89%,$0.43B,$-0.07B,-15.93%,$0.43B,$-0.07B,-15.93%,$0.43B,$0.08B,17.80%,$0.43B,$-0.07B,-15.93%,$0.43B,$-0.09B,-20.61%,$-0.09B,$0.77B,-11.65%,$-0.09B,$0.52B,-17.37%,$-0.09B,$1.96B,-4.69%,$-0.07B,$0.77B,-9.00%,$132,$2,$130,$0,$94,$106,$25,$0,$25,$10,$15,$15,$17,$31,$25,$15,15,$1.11,$1.11,$163,$1155,$0,$1505,$17,$0,$248,$138,$455,$1961,$1190,$0,$0,$0,$1190,$0,$107,$1,$771,$1961,$32,$17,$21,$38,$-38,$-326,$138,$-46,$-272,$-202,$-0,$0,$0,$0,$0,$0,$0,$-0,$-32,$278,$246,$-43,$-43,$0,$-48,$156,$-46,$15,$0
25,2012-06-30,22.37,$48.81,0.46,$24.58,0.91,$-25.69,0.0,$-7.09,0.0,$1.56B,$1.26B,1.24,$0.00B,$0.74B,0.0,$0.39B,$0.38B,97.70%,$0.39B,$-0.09B,-22.51%,$0.39B,$-0.09B,-22.51%,$0.39B,$0.06B,14.32%,$0.39B,$-0.09B,-22.51%,$0.39B,$-0.11B,-27.88%,$-0.11B,$0.74B,-13.97%,$-0.11B,$0.49B,-21.81%,$-0.11B,$2.00B,-5.68%,$-0.09B,$0.74B,-11.27%,$103,$2,$101,$0,$80,$97,$6,$0,$6,$-6,$11,$11,$6,$11,$6,$16,16,$0.37,$0.37,$169,$1187,$0,$1563,$20,$0,$250,$115,$436,$1999,$1257,$0,$0,$0,$1257,$0,$87,$1,$742,$1999,$12,$11,$22,$33,$-58,$-352,$144,$-64,$-330,$-286,$-2,$0,$0,$0,$0,$0,$0,$-2,$-26,$260,$234,$-42,$-42,$0,$49,$241,$-46,$5,$0
26,2012-03-31,25.41,$46.35,0.55,$26.49,0.96,$-13.17,0.0,$-6.91,0.0,$1.50B,$1.13B,1.33,$0.00B,$0.76B,0.0,$0.42B,$0.41B,97.86%,$0.42B,$-0.08B,-18.29%,$0.42B,$-0.08B,-18.29%,$0.42B,$0.07B,16.63%,$0.42B,$-0.08B,-18.29%,$0.42B,$-0.11B,-25.18%,$-0.11B,$0.76B,-13.07%,$-0.11B,$0.51B,-21.29%,$-0.11B,$1.89B,-5.37%,$-0.08B,$0.76B,-9.50%,$113,$2,$111,$0,$86,$98,$15,$0,$15,$8,$8,$8,$2,$21,$15,$16,16,$0.15,$0.15,$250,$1000,$0,$1502,$22,$0,$252,$113,$387,$1889,$1131,$0,$0,$0,$1131,$0,$80,$1,$758,$1889,$4,$6,$9,$15,$-56,$-217,$110,$-61,$-224,$-205,$-2,$0,$0,$0,$0,$0,$0,$-2,$-6,$174,$168,$-15,$-15,$0,$22,$175,$-33,$-0,$0
27,2011-12-31,19.28,$47.66,0.4,$27.63,0.7,$1.27,15.13,$-6.68,0.0,$1.22B,$0.90B,1.35,$0.00B,$0.75B,0.0,$0.43B,$0.42B,97.69%,$0.43B,$-0.08B,-18.48%,$0.43B,$-0.08B,-18.48%,$0.43B,$0.06B,14.78%,$0.43B,$-0.08B,-18.48%,$0.43B,$-0.10B,-23.56%,$-0.10B,$0.75B,-12.29%,$-0.10B,$0.51B,-21.04%,$-0.10B,$1.66B,-5.12%,$-0.08B,$0.75B,-9.30%,$79,$2,$76,$0,$61,$193,$-114,$0,$-114,$-2,$-112,$-112,$-113,$13,$-114,$16,16,$-7.21,$-7.21,$270,$798,$0,$1217,$22,$0,$245,$132,$439,$1656,$904,$0,$1,$1,$905,$0,$78,$1,$751,$1656,$-101,$144,$40,$184,$85,$107,$-3,$-67,$122,$205,$-8,$0,$-0,$0,$0,$0,$0,$-8,$-10,$-30,$-40,$-26,$-26,$0,$-96,$-163,$35,$23,$0
28,2011-09-30,17.12,$54.72,0.31,$30.82,0.56,$-13.81,0.0,$1.19,14.38,$1.56B,$1.27B,1.24,$0.00B,$0.87B,0.0,$0.48B,$0.47B,98.13%,$0.48B,$0.05B,11.25%,$0.48B,$0.05B,11.25%,$0.48B,$0.08B,16.04%,$0.48B,$0.05B,11.25%,$0.48B,$0.02B,3.75%,$0.02B,$0.87B,2.13%,$0.02B,$0.50B,3.85%,$0.02B,$2.14B,0.86%,$0.05B,$0.87B,6.16%,$96,$2,$94,$0,$78,$91,$5,$0,$5,$1,$4,$4,$-4,$11,$5,$16,16,$-0.23,$-0.23,$247,$1124,$0,$1564,$23,$0,$376,$126,$572,$2135,$1265,$0,$0,$0,$1265,$0,$194,$1,$871,$2135,$15,$18,$38,$56,$39,$-183,$52,$-90,$-181,$-111,$-7,$0,$-0,$0,$0,$0,$0,$-7,$-8,$-8,$-15,$-20,$-20,$0,$145,$110,$-8,$21,$0
29,2011-06-30,27.5,$54.37,0.51,$32.53,0.85,$-6.63,0.0,$1.78,15.45,$1.63B,$1.36B,1.2,$0.00B,$0.86B,0.0,$0.50B,$0.49B,98.20%,$0.50B,$0.06B,12.40%,$0.50B,$0.06B,12.40%,$0.50B,$0.09B,17.00%,$0.50B,$0.06B,12.40%,$0.50B,$0.03B,5.40%,$0.03B,$0.86B,3.25%,$0.03B,$0.49B,6.00%,$0.03B,$2.22B,1.30%,$0.06B,$0.86B,6.96%,$133,$2,$131,$0,$102,$116,$17,$0,$17,$6,$11,$11,$9,$25,$17,$16,16,$0.55,$0.55,$351,$980,$0,$1634,$22,$0,$378,$123,$588,$2222,$1359,$0,$0,$0,$1359,$0,$197,$1,$863,$2222,$19,$12,$33,$45,$-72,$-8,$20,$-86,$-146,$-83,$-4,$0,$-0,$0,$0,$0,$0,$-4,$-5,$31,$26,$-20,$-20,$0,$100,$107,$19,$16,$0
30,2011-03-31,39.55,$52.73,0.75,$32.17,1.23,$-2.25,0.0,$1.59,24.87,$1.44B,$1.01B,1.43,$0.12B,$0.83B,0.15,$0.50B,$0.48B,97.78%,$0.50B,$0.06B,11.52%,$0.50B,$0.06B,11.52%,$0.50B,$0.08B,15.96%,$0.50B,$0.06B,11.52%,$0.50B,$0.02B,4.85%,$0.02B,$0.83B,2.93%,$0.02B,$0.45B,5.48%,$0.02B,$1.96B,1.19%,$0.06B,$0.96B,6.27%,$125,$2,$122,$0,$97,$113,$12,$0,$12,$4,$7,$7,$6,$15,$12,$15,15,$0.38,$0.38,$282,$863,$0,$1435,$22,$0,$380,$125,$527,$1962,$1006,$123,$0,$123,$1128,$0,$187,$1,$834,$1962,$7,$4,$26,$30,$-4,$88,$32,$-128,$-12,$25,$-2,$0,$-0,$0,$0,$0,$0,$-2,$-3,$-68,$-71,$-19,$-19,$0,$59,$-31,$-7,$9,$0
31,2010-12-31,33.42,$55.83,0.6,$30.85,1.08,$-18.12,0.0,$1.24,26.95,$1.44B,$1.22B,1.19,$0.00B,$0.82B,0.0,$0.48B,$0.47B,97.71%,$0.48B,$0.05B,11.25%,$0.48B,$0.05B,11.25%,$0.48B,$0.08B,15.83%,$0.48B,$0.05B,11.25%,$0.48B,$0.02B,3.75%,$0.02B,$0.82B,2.20%,$0.02B,$0.44B,4.11%,$0.02B,$2.03B,0.87%,$0.05B,$0.82B,5.94%,$126,$3,$124,$0,$85,$107,$20,$0,$20,$13,$7,$7,$7,$26,$20,$15,15,$0.48,$0.48,$337,$874,$0,$1443,$21,$0,$382,$134,$591,$2034,$1216,$0,$0,$0,$1216,$0,$180,$1,$818,$2034,$24,$22,$49,$72,$102,$-179,$-24,$-21,$-122,$-26,$-12,$0,$-187,$0,$0,$0,$0,$-199,$2,$77,$79,$-58,$-58,$0,$213,$234,$9,$31,$0
32,2010-09-30,27.81,$54.73,0.51,$30.95,0.9,$-23.12,0.0,$1.38,20.15,$1.48B,$1.14B,1.31,$0.12B,$0.81B,0.15,$0.49B,$0.48B,97.54%,$0.49B,$0.05B,10.06%,$0.49B,$0.05B,10.06%,$0.49B,$0.07B,14.99%,$0.49B,$0.05B,10.88%,$0.49B,$0.03B,5.54%,$0.03B,$0.81B,3.33%,$0.03B,$0.43B,5.63%,$0.03B,$2.06B,1.36%,$0.05B,$0.93B,5.27%,$116,$3,$114,$0,$87,$103,$13,$0,$13,$7,$7,$7,$5,$19,$13,$15,15,$0.36,$0.36,$318,$939,$0,$1484,$20,$0,$379,$125,$577,$2061,$1136,$120,$0,$120,$1256,$0,$170,$1,$805,$2061,$14,$16,$30,$46,$107,$-162,$43,$-43,$-54,$6,$-9,$0,$-182,$0,$0,$0,$0,$-191,$0,$-9,$-9,$-55,$-55,$0,$243,$180,$-5,$16,$0
33,2010-06-30,30.76,$53.71,0.57,$30.62,1.0,$-19.57,0.0,$1.49,20.64,$1.44B,$1.07B,1.35,$0.12B,$0.82B,0.15,$0.49B,$0.48B,97.35%,$0.49B,$0.05B,10.59%,$0.49B,$0.05B,10.59%,$0.49B,$0.07B,14.66%,$0.49B,$0.06B,11.41%,$0.49B,$0.03B,6.11%,$0.03B,$0.82B,3.73%,$0.03B,$0.44B,5.71%,$0.03B,$2.00B,1.63%,$0.05B,$0.94B,5.82%,$128,$3,$124,$0,$98,$116,$12,$0,$12,$4,$7,$7,$6,$19,$12,$16,16,$0.36,$0.36,$282,$847,$0,$1437,$16,$0,$381,$124,$567,$2004,$1067,$120,$0,$120,$1187,$0,$163,$0,$817,$2004,$8,$10,$32,$42,$27,$-5,$3,$-90,$-65,$-15,$-3,$0,$-182,$0,$0,$0,$0,$-185,$0,$-59,$-59,$-39,$-39,$0,$302,$204,$3,$16,$0
34,2010-03-31,38.47,$52.25,0.74,$30.81,1.25,$-19.10,0.0,$1.72,22.37,$1.62B,$1.23B,1.32,$0.12B,$0.84B,0.14,$0.50B,$0.48B,97.58%,$0.50B,$0.06B,12.53%,$0.50B,$0.06B,12.53%,$0.50B,$0.08B,15.56%,$0.50B,$0.06B,12.53%,$0.50B,$0.03B,6.67%,$0.03B,$0.84B,4.15%,$0.03B,$0.46B,5.81%,$0.03B,$2.19B,1.96%,$0.06B,$0.96B,7.26%,$110,$3,$107,$0,$85,$100,$9,$0,$9,$9,$1,$1,$0,$12,$9,$16,16,$0.03,$0.03,$415,$945,$26,$1621,$16,$0,$383,$126,$566,$2187,$1228,$120,$0,$120,$1348,$0,$156,$0,$838,$2187,$1,$3,$24,$27,$73,$-203,$-17,$-108,$-255,$-227,$-1,$0,$-182,$0,$0,$0,$0,$-183,$0,$-0,$-0,$-8,$-8,$0,$416,$407,$-3,$7,$0
35,2009-12-31,48.31,$49.80,0.97,$29.22,1.65,$-1.04,0.0,$1.52,31.78,$1.34B,$0.81B,1.66,$0.12B,$0.78B,0.15,$0.47B,$0.46B,97.44%,$0.47B,$0.06B,12.15%,$0.47B,$0.06B,12.15%,$0.47B,$0.07B,15.14%,$0.47B,$0.06B,12.15%,$0.47B,$0.03B,6.40%,$0.03B,$0.78B,3.87%,$0.03B,$0.60B,5.00%,$0.03B,$1.70B,2.08%,$0.06B,$0.90B,7.08%,$133,$3,$130,$0,$99,$117,$15,$0,$19,$7,$12,$12,$16,$23,$15,$16,16,$0.67,$0.66,$203,$800,$0,$1337,$17,$0,$177,$140,$367,$1703,$805,$120,$0,$120,$925,$0,$155,$1,$779,$1703,$30,$15,$49,$64,$-146,$-179,$52,$63,$-210,$-116,$-4,$0,$0,$0,$0,$0,$0,$-4,$146,$81,$227,$-27,$-27,$0,$-86,$113,$-6,$41,$0
36,2009-09-30,45.55,$48.94,0.93,$24.66,1.85,$10.20,4.47,$-8.89,0.0,$1.08B,$0.70B,1.54,$0.00B,$0.78B,0.0,$0.40B,$0.38B,97.22%,$0.40B,$-0.12B,-29.62%,$0.40B,$-0.12B,-29.62%,$0.40B,$0.03B,7.34%,$0.40B,$-0.13B,-33.16%,$0.40B,$-0.14B,-35.19%,$-0.14B,$0.78B,-18.11%,$-0.14B,$0.61B,-23.43%,$-0.14B,$1.48B,-10.32%,$-0.12B,$0.78B,-15.24%,$120,$3,$117,$0,$90,$104,$16,$0,$16,$6,$9,$9,$8,$18,$16,$16,16,$0.47,$0.47,$216,$653,$27,$1078,$17,$29,$173,$147,$402,$1480,$698,$0,$0,$0,$698,$0,$143,$-0,$782,$1480,$18,$7,$43,$50,$-23,$-108,$72,$47,$-12,$56,$-2,$0,$0,$0,$0,$0,$0,$-2,$0,$4,$4,$-12,$-12,$0,$-56,$-64,$-9,$32,$0
37,2009-06-30,41.69,$48.30,0.86,$21.91,1.9,$12.74,3.27,$-11.08,0.0,$0.99B,$0.58B,1.71,$0.00B,$0.78B,0.0,$0.35B,$0.34B,96.56%,$0.35B,$-0.18B,-50.14%,$0.35B,$-0.18B,-50.14%,$0.35B,$-0.03B,-8.02%,$0.35B,$-0.19B,-55.59%,$0.35B,$-0.18B,-50.14%,$-0.18B,$0.78B,-22.02%,$-0.18B,$0.60B,-29.72%,$-0.18B,$1.36B,-12.61%,$-0.18B,$0.78B,-22.02%,$132,$3,$129,$0,$96,$110,$22,$-4,$18,$7,$12,$12,$9,$24,$22,$16,16,$0.59,$0.59,$203,$539,$34,$994,$18,$29,$174,$145,$366,$1360,$582,$0,$0,$0,$582,$0,$134,$1,$778,$1360,$9,$5,$29,$34,$-11,$-88,$16,$32,$-52,$-9,$-2,$0,$0,$0,$0,$0,$0,$-2,$0,$54,$54,$-4,$-4,$0,$-48,$2,$-7,$20,$0
38,2009-03-31,24.62,$47.31,0.52,$19.78,1.24,$7.81,3.15,$-11.90,0.0,$0.82B,$0.47B,1.76,$0.00B,$0.76B,0.0,$0.32B,$0.30B,95.87%,$0.32B,$-0.20B,-64.76%,$0.32B,$-0.20B,-64.76%,$0.32B,$-0.06B,-17.78%,$0.32B,$-0.22B,-69.52%,$0.32B,$-0.18B,-58.41%,$-0.18B,$0.76B,-22.14%,$-0.18B,$0.59B,-31.00%,$-0.18B,$1.23B,-12.66%,$-0.20B,$0.76B,-24.54%,$84,$3,$81,$0,$67,$80,$4,$0,$4,$6,$-3,$-3,$-3,$6,$4,$16,16,$-0.17,$-0.17,$126,$551,$38,$821,$19,$0,$174,$177,$406,$1228,$466,$0,$0,$0,$466,$0,$122,$-2,$762,$1228,$-3,$2,$21,$23,$54,$-77,$95,$-33,$39,$60,$-0,$0,$0,$0,$0,$0,$0,$-0,$0,$50,$50,$-4,$-4,$0,$-106,$-60,$-1,$7,$0
39,2008-12-31,37.95,$47.69,0.8,$20.54,1.85,$-11.81,0.0,$-11.95,0.0,$0.82B,$0.57B,1.43,$0.00B,$0.75B,0.0,$0.33B,$0.31B,96.02%,$0.33B,$-0.21B,-63.00%,$0.33B,$-0.21B,-63.00%,$0.33B,$-0.06B,-17.43%,$0.33B,$-0.22B,-68.50%,$0.33B,$-0.18B,-55.66%,$-0.18B,$0.75B,-20.93%,$-0.18B,$0.57B,-30.31%,$-0.18B,$1.32B,-11.62%,$-0.21B,$0.75B,-23.68%,$59,$3,$57,$0,$69,$218,$-159,$-10,$-169,$-15,$-153,$-153,$-153,$-19,$-159,$16,16,$-9.67,$-9.67,$135,$493,$28,$818,$20,$0,$175,$270,$502,$1320,$572,$0,$0,$0,$572,$0,$125,$-1,$748,$1320,$-183,$149,$16,$165,$55,$187,$-75,$-87,$80,$62,$-2,$0,$-6,$0,$0,$0,$0,$-9,$0,$9,$9,$-24,$-24,$0,$-139,$-153,$-101,$21,$0
40,2008-09-30,41.29,$56.84,0.73,$25.96,1.59,$-8.00,0.0,$-1.26,0.0,$0.83B,$0.75B,1.1,$0.00B,$0.89B,0.0,$0.42B,$0.41B,96.67%,$0.42B,$-0.06B,-14.29%,$0.42B,$-0.06B,-14.29%,$0.42B,$-0.05B,-11.43%,$0.42B,$-0.07B,-16.19%,$0.42B,$-0.04B,-8.57%,$-0.04B,$0.89B,-3.97%,$-0.04B,$0.59B,-5.95%,$-0.04B,$1.64B,-2.15%,$-0.06B,$0.89B,-6.62%,$74,$3,$70,$0,$101,$116,$-42,$-5,$-47,$-19,$-28,$-28,$-28,$-39,$-42,$16,16,$-1.79,$-1.79,$63,$479,$42,$828,$23,$0,$300,$447,$814,$1642,$751,$0,$0,$0,$751,$0,$334,$0,$891,$1642,$-30,$9,$30,$39,$-29,$201,$23,$-108,$87,$96,$-3,$0,$0,$0,$0,$0,$0,$-3,$0,$13,$13,$-24,$-24,$0,$-194,$-205,$-112,$26,$0
41,2008-06-30,28.0,$57.41,0.49,$26.79,1.05,$-5.38,0.0,$0.72,38.89,$1.14B,$0.70B,1.62,$0.00B,$0.92B,0.0,$0.44B,$0.43B,96.81%,$0.44B,$-0.01B,-2.73%,$0.44B,$-0.01B,-2.73%,$0.44B,$-0.00B,0.00%,$0.44B,$-0.02B,-3.42%,$0.44B,$-0.00B,-0.91%,$-0.00B,$0.92B,-0.44%,$-0.00B,$0.62B,-0.66%,$-0.00B,$1.62B,-0.24%,$-0.01B,$0.92B,-1.32%,$98,$4,$94,$0,$82,$104,$-7,$-1,$-7,$-6,$-2,$-2,$-0,$-4,$-7,$16,16,$-0.01,$-0.01,$123,$814,$35,$1136,$23,$0,$301,$114,$488,$1624,$700,$0,$0,$0,$700,$0,$361,$1,$924,$1624,$-1,$6,$20,$26,$49,$-97,$51,$-117,$-114,$-89,$-1,$0,$0,$0,$0,$0,$0,$-1,$0,$162,$162,$-8,$-8,$0,$-181,$-27,$-117,$14,$0
42,2008-03-31,32.42,$57.11,0.57,$27.55,1.18,$0.23,143.51,$1.47,22.05,$1.20B,$0.76B,1.57,$0.00B,$0.92B,0.0,$0.46B,$0.45B,96.77%,$0.46B,$0.01B,2.16%,$0.46B,$0.01B,2.16%,$0.46B,$0.02B,4.74%,$0.46B,$0.01B,1.51%,$0.46B,$0.01B,1.08%,$0.01B,$0.92B,0.55%,$0.01B,$0.62B,0.79%,$0.01B,$1.68B,0.30%,$0.01B,$0.92B,1.10%,$96,$3,$93,$0,$80,$94,$2,$-3,$-1,$0,$-1,$-1,$-1,$5,$2,$16,16,$-0.09,$-0.09,$63,$894,$30,$1198,$25,$0,$301,$104,$479,$1677,$761,$0,$0,$0,$761,$0,$364,$1,$916,$1677,$-1,$3,$12,$15,$3,$-179,$12,$-100,$-265,$-251,$-1,$0,$0,$0,$0,$0,$0,$-1,$0,$112,$112,$-7,$-7,$0,$23,$128,$-124,$7,$0
43,2007-12-31,44.22,$57.15,0.77,$29.10,1.52,$5.22,8.46,$2.44,18.12,$1.19B,$0.87B,1.38,$0.00B,$0.90B,0.0,$0.51B,$0.49B,96.83%,$0.51B,$0.03B,6.14%,$0.51B,$0.03B,6.14%,$0.51B,$0.04B,8.32%,$0.51B,$0.03B,6.14%,$0.51B,$0.02B,3.76%,$0.02B,$0.90B,2.08%,$0.02B,$0.59B,2.91%,$0.02B,$1.76B,1.11%,$0.03B,$0.90B,3.39%,$152,$3,$149,$0,$147,$165,$-13,$0,$-13,$-8,$-5,$-5,$-7,$-10,$-13,$16,17,$-0.41,$-0.32,$203,$743,$31,$1189,$27,$0,$302,$204,$571,$1760,$865,$0,$0,$0,$865,$0,$308,$1,$895,$1760,$22,$11,$45,$57,$183,$145,$-212,$-59,$57,$135,$-10,$0,$-86,$0,$0,$0,$0,$-96,$0,$0,$0,$-85,$-85,$0,$156,$71,$110,$60,$0
44,2007-09-30,51.17,$56.80,0.9,$27.60,1.85,$-6.52,0.0,$2.68,19.09,$1.21B,$0.77B,1.57,$0.00B,$0.89B,0.0,$0.50B,$0.49B,96.61%,$0.50B,$0.02B,4.18%,$0.50B,$0.02B,4.18%,$0.50B,$0.03B,6.37%,$0.50B,$0.02B,4.18%,$0.50B,$0.01B,1.39%,$0.01B,$0.89B,0.76%,$0.01B,$0.61B,1.04%,$0.01B,$1.66B,0.40%,$0.02B,$0.89B,2.29%,$93,$4,$89,$0,$74,$87,$6,$0,$6,$1,$5,$5,$4,$9,$6,$16,17,$0.27,$0.26,$195,$753,$27,$1208,$27,$0,$283,$100,$449,$1657,$768,$0,$0,$0,$768,$0,$353,$1,$889,$1657,$27,$8,$24,$32,$131,$240,$-163,$-115,$93,$152,$-8,$0,$-53,$0,$0,$0,$0,$-61,$0,$0,$0,$-85,$-85,$0,$-6,$-91,$1,$20,$0
45,2007-06-30,53.2,$55.46,0.96,$28.20,1.89,$-13.60,0.0,$12.21,4.36,$1.19B,$0.63B,1.89,$0.00B,$0.95B,0.0,$0.53B,$0.51B,96.76%,$0.53B,$0.03B,5.71%,$0.53B,$0.03B,5.71%,$0.53B,$0.04B,7.81%,$0.53B,$0.03B,5.71%,$0.53B,$0.19B,36.19%,$0.19B,$0.95B,20.67%,$0.19B,$0.72B,27.69%,$0.19B,$1.58B,10.34%,$0.03B,$0.95B,3.26%,$123,$4,$118,$0,$93,$107,$15,$0,$15,$5,$10,$10,$9,$18,$15,$17,18,$0.55,$0.52,$176,$799,$26,$1194,$26,$0,$232,$85,$384,$1578,$630,$0,$0,$0,$630,$0,$348,$1,$947,$1578,$23,$5,$21,$26,$171,$82,$-185,$-112,$-43,$6,$-6,$0,$0,$0,$0,$0,$0,$-6,$0,$33,$33,$-15,$-15,$0,$-36,$-18,$-17,$13,$0
46,2007-03-31,59.13,$54.56,1.08,$26.71,2.21,$-7.09,0.0,$11.90,4.97,$1.44B,$0.89B,1.62,$0.00B,$0.93B,0.0,$0.51B,$0.49B,97.04%,$0.51B,$0.03B,5.33%,$0.51B,$0.03B,5.33%,$0.51B,$0.04B,7.69%,$0.51B,$0.03B,5.33%,$0.51B,$0.19B,36.49%,$0.19B,$0.93B,20.93%,$0.19B,$0.70B,29.39%,$0.19B,$1.82B,9.13%,$0.03B,$0.93B,2.91%,$137,$4,$133,$0,$100,$114,$23,$0,$23,$8,$15,$15,$13,$25,$23,$17,18,$0.79,$0.74,$268,$993,$34,$1441,$26,$0,$233,$88,$382,$1822,$892,$0,$0,$0,$892,$0,$339,$0,$931,$1822,$13,$3,$14,$16,$218,$-116,$-207,$-117,$-223,$-193,$-3,$0,$0,$0,$0,$0,$0,$-3,$0,$7,$7,$-15,$-15,$0,$214,$207,$10,$5,$0
47,2006-12-31,62.19,$53.28,1.17,$26.16,2.38,$-0.78,0.0,$12.40,5.02,$1.42B,$0.97B,1.46,$0.00B,$0.91B,0.0,$0.51B,$0.49B,97.23%,$0.51B,$0.03B,6.53%,$0.51B,$0.03B,6.53%,$0.51B,$0.05B,9.50%,$0.51B,$0.03B,6.53%,$0.51B,$0.20B,38.81%,$0.20B,$0.91B,23.06%,$0.20B,$0.67B,34.16%,$0.20B,$1.88B,9.09%,$0.03B,$0.91B,3.51%,$149,$3,$145,$0,$178,$171,$-23,$0,$-23,$-10,$-13,$-13,$-19,$-20,$-23,$18,19,$-1.00,$-1.18,$205,$815,$30,$1415,$25,$0,$233,$164,$462,$1877,$972,$0,$0,$0,$972,$0,$286,$1,$905,$1877,$195,$14,$-305,$-291,$-13,$-175,$160,$51,$23,$-72,$-8,$0,$716,$0,$0,$0,$0,$707,$-180,$-144,$-324,$-99,$-99,$0,$-235,$-657,$-21,$84,$0
