,Date,Stock Price,Book Value per Share,Price to Book Ratio,TTM Sales per Share,Price to Sales Ratio,TTM FCF per Share,Price to FCF Ratio,TTM Net EPS,PE Ratio,Current Assets,Current Liabilities,Current Ratio,Long Term Debt,Shareholder's Equity_x,Debt to Equity Ratio,TTM Revenue_x,TTM Gross Profit,Gross Margin,TTM Revenue_y,TTM Operating Income,Operating Margin,TTM Revenue_x,TTM EBIT,EBIT Margin,TTM Revenue_y,TTM EBITDA,EBITDA Margin,TTM Revenue_x,TTM Pre-Tax Income,Pre-Tax Margin,TTM Revenue_y,TTM Net Income_x,Net Margin,TTM Net Income_y,Shareholder's Equity_y,Return on Equity,TTM Net Income_x,Tangible Equity,Return on Tangible Equity,TTM Net Income_y,Total Assets,Return on Assets,TTM Net Income,LT Investments & Debt,Return on Investment,revenue,cost-goods-sold,gross-profit,research-development-expenses,selling-general-administrative-expenses,operating-expenses,operating-income,total-non-operating-income-expense,pre-tax-income,total-provision-income-taxes,income-after-taxes,income-from-continuous-operations,net-income,ebitda,ebit,basic-shares-outstanding,shares-outstanding,eps-basic-net-earnings-per-share,eps-earnings-per-share-diluted,cash-on-hand,inventory,other-current-assets,total-current-assets,net-property-plant-equipment,long-term-investments,goodwill-intangible-assets-total,other-long-term-assets,total-long-term-assets,total-assets,total-current-liabilities,long-term-debt,other-non-current-liabilities,total-long-term-liabilities,total-liabilities,common-stock-net,retained-earnings-accumulated-deficit,comprehensive-income,total-share-holder-equity,total-liabilities-share-holders-equity,net-income-loss,total-depreciation-amortization-cash-flow,other-non-cash-items,total-non-cash-items,change-in-accounts-receivable,change-in-inventories,change-in-accounts-payable,change-in-assets-liabilities,total-change-in-assets-liabilities,cash-flow-from-operating-activities,net-change-in-property-plant-equipment,net-change-in-intangible-assets,net-acquisitions-divestitures,net-change-in-short-term-investments,net-change-in-long-term-investments,net-change-in-investments-total,investing-activities-other,cash-flow-from-investing-activities,net-long-term-debt,net-current-debt,debt-issuance-retirement-net-total,net-common-equity-issued-repurchased,net-total-equity-issued-repurchased,total-common-preferred-stock-dividends-paid,financial-activities-other,cash-flow-from-financial-activities,net-cash-flow,stock-based-compensation,common-stock-dividends-paid
0,2018-09-30,52.35,$20.19,2.59,$26.93,1.94,$8.72,6.01,$-1.11,0.0,$0.36B,$0.12B,2.89,$0.00B,$0.43B,0.0,$0.60B,$0.16B,26.17%,$0.60B,$0.05B,8.56%,$0.60B,$0.05B,8.56%,$0.60B,$0.06B,9.90%,$0.60B,$0.05B,8.56%,$0.60B,$-0.02B,-2.85%,$-0.02B,$0.43B,-4.05%,$-0.02B,$0.35B,-5.05%,$-0.02B,$0.58B,-3.12%,$0.05B,$0.43B,12.14%,$140,$100,$40,$0,$15,$128,$12,$0,$12,$-0,$12,$12,$8,$14,$12,$22,24,$0.34,$0.33,$166,$0,$0,$358,$35,$26,$83,$24,$223,$582,$124,$0,$23,$28,$152,$0,$-176,$-0,$429,$582,$30,$6,$83,$89,$-12,$0,$0,$10,$-1,$118,$-6,$0,$0,$0,$14,$14,$0,$8,$-0,$0,$-0,$-36,$-36,$-3,$-67,$-106,$21,$91,$-3
1,2018-06-30,53.39,$20.17,2.65,$24.54,2.18,$7.15,7.47,$-1.28,0.0,$0.31B,$0.09B,3.4,$0.00B,$0.42B,0.0,$0.53B,$0.13B,23.60%,$0.53B,$0.02B,4.31%,$0.53B,$0.02B,4.31%,$0.53B,$0.03B,5.81%,$0.53B,$0.02B,4.31%,$0.53B,$-0.02B,-4.12%,$-0.02B,$0.42B,-7.89%,$-0.02B,$0.33B,-11.31%,$-0.02B,$0.53B,-4.08%,$0.02B,$0.42B,8.25%,$131,$94,$36,$0,$14,$121,$10,$0,$10,$-1,$11,$11,$7,$12,$10,$23,24,$0.30,$0.30,$96,$0,$0,$307,$37,$25,$83,$31,$226,$534,$90,$0,$22,$25,$116,$0,$-183,$-0,$418,$534,$18,$4,$59,$64,$-30,$0,$0,$-29,$-61,$20,$-6,$0,$0,$0,$14,$14,$0,$8,$-0,$0,$-0,$-26,$-26,$-2,$-52,$-80,$-50,$64,$-2
2,2018-03-31,50.05,$21.03,2.38,$24.95,2.01,$6.29,7.95,$-1.57,0.0,$0.28B,$0.07B,4.21,$0.00B,$0.41B,0.0,$0.51B,$0.11B,21.88%,$0.51B,$0.01B,2.15%,$0.51B,$0.01B,2.15%,$0.51B,$0.02B,3.71%,$0.51B,$0.01B,2.15%,$0.51B,$-0.03B,-5.66%,$-0.03B,$0.41B,-21.21%,$-0.03B,$0.33B,-55.50%,$-0.03B,$0.50B,-5.36%,$0.01B,$0.41B,8.04%,$134,$104,$30,$0,$15,$131,$3,$0,$3,$-4,$7,$7,$5,$5,$3,$19,24,$0.27,$0.24,$56,$0,$0,$275,$36,$25,$84,$35,$226,$502,$65,$0,$22,$24,$90,$0,$-188,$1,$412,$502,$7,$2,$34,$36,$-33,$0,$0,$-58,$-96,$-53,$-3,$0,$0,$0,$14,$14,$0,$11,$-0,$0,$-0,$-4,$-4,$-1,$-44,$-49,$-89,$37,$-1
3,2017-12-31,45.51,$22.79,2.0,$25.88,1.76,$6.69,6.8,$-1.74,0.0,$0.34B,$0.12B,2.89,$0.00B,$0.42B,0.0,$0.50B,$0.11B,21.44%,$0.50B,$0.01B,2.00%,$0.50B,$0.01B,2.00%,$0.50B,$0.02B,3.61%,$0.50B,$0.01B,2.00%,$0.50B,$-0.03B,-6.61%,$-0.03B,$0.42B,-180.82%,$-0.03B,$0.34B,49.44%,$-0.03B,$0.56B,-6.08%,$0.01B,$0.42B,54.79%,$191,$140,$50,$0,$14,$165,$26,$0,$26,$54,$-28,$-28,$-37,$28,$26,$19,19,$-1.98,$-1.97,$146,$0,$0,$336,$34,$37,$85,$23,$223,$559,$116,$0,$20,$20,$137,$0,$-186,$0,$422,$559,$-28,$8,$145,$153,$41,$0,$0,$-55,$-13,$111,$-1,$0,$0,$0,$-37,$-37,$0,$-38,$-0,$0,$-0,$-2,$-2,$-4,$-73,$-80,$-7,$116,$-4
4,2017-09-30,38.19,$-7.38,-5.18,$25.26,1.51,$6.52,5.86,$0.59,64.73,$0.27B,$0.10B,2.61,$0.00B,$-0.14B,0.0,$0.48B,$0.11B,21.83%,$0.48B,$0.01B,1.66%,$0.48B,$0.01B,1.66%,$0.48B,$0.02B,3.33%,$0.48B,$0.01B,1.66%,$0.48B,$0.01B,2.29%,$0.01B,$-0.14B,-12.29%,$0.01B,$-0.22B,-6.28%,$0.01B,$0.56B,2.00%,$0.01B,$-0.14B,-8.94%,$78,$68,$10,$0,$16,$94,$-16,$0,$-16,$-13,$-2,$-2,$3,$-14,$-16,$19,23,$0.17,$0.16,$102,$0,$0,$271,$35,$55,$85,$23,$291,$562,$104,$0,$21,$595,$699,$0,$-148,$0,$-137,$562,$0,$6,$69,$75,$63,$0,$0,$-54,$-4,$71,$-1,$0,$0,$0,$-55,$-55,$0,$-56,$-0,$0,$-0,$0,$0,$-3,$-63,$-65,$-50,$88,$-3
5,2017-06-30,40.04,$-8.08,-4.95,$28.46,1.41,$8.05,4.97,$-0.10,0.0,$0.28B,$0.09B,3.01,$0.00B,$-0.15B,0.0,$0.52B,$0.12B,23.09%,$0.52B,$0.02B,4.20%,$0.52B,$0.02B,4.20%,$0.52B,$0.03B,6.11%,$0.52B,$0.02B,4.20%,$0.52B,$-0.00B,-0.38%,$-0.00B,$-0.15B,3.59%,$-0.00B,$-0.24B,1.41%,$-0.00B,$0.54B,-0.36%,$0.02B,$-0.15B,-39.46%,$109,$88,$22,$0,$14,$111,$-2,$0,$-2,$-2,$-1,$-1,$0,$-0,$-2,$19,19,$0.01,$0.01,$61,$0,$0,$281,$36,$35,$86,$26,$258,$540,$94,$0,$20,$596,$689,$0,$-150,$0,$-150,$540,$2,$4,$59,$63,$9,$0,$0,$-63,$-70,$-5,$-1,$0,$0,$0,$-35,$-35,$0,$-36,$-0,$0,$-0,$0,$0,$-2,$-49,$-51,$-92,$61,$-2
6,2017-03-31,34.89,$-3.35,-10.42,$27.54,1.27,$9.51,3.67,$-0.13,0.0,$0.27B,$0.06B,4.68,$0.00B,$-0.06B,0.0,$0.50B,$0.12B,23.02%,$0.50B,$0.01B,2.78%,$0.50B,$0.01B,2.78%,$0.50B,$0.03B,5.16%,$0.50B,$0.01B,2.78%,$0.50B,$-0.00B,-0.40%,$-0.00B,$-0.06B,-66.67%,$-0.00B,$-0.15B,2.36%,$-0.00B,$0.51B,-0.37%,$0.01B,$-0.06B,466.67%,$121,$96,$25,$0,$13,$119,$2,$0,$2,$-1,$3,$3,$1,$4,$2,$18,18,$0.07,$0.07,$73,$0,$0,$274,$37,$25,$86,$15,$237,$511,$59,$0,$18,$514,$573,$0,$-62,$0,$-62,$511,$3,$2,$32,$34,$28,$0,$0,$-99,$-72,$-36,$-0,$0,$0,$0,$-25,$-25,$0,$-25,$-0,$0,$-0,$0,$0,$-1,$-16,$-17,$-79,$33,$-1
7,2016-12-31,30.66,$-0.48,-64.49,$27.31,1.12,$11.70,2.62,$-0.19,0.0,$0.38B,$0.16B,2.39,$0.00B,$-0.01B,0.0,$0.50B,$0.12B,23.69%,$0.50B,$0.02B,3.01%,$0.50B,$0.02B,3.01%,$0.50B,$0.03B,5.82%,$0.50B,$0.02B,3.01%,$0.50B,$-0.00B,-0.60%,$-0.00B,$-0.01B,-22.22%,$-0.00B,$-0.10B,3.95%,$-0.00B,$0.59B,-0.56%,$0.02B,$-0.01B,111.11%,$173,$125,$48,$0,$13,$150,$24,$0,$24,$5,$19,$19,$7,$26,$24,$18,18,$0.37,$0.37,$152,$0,$0,$380,$38,$0,$87,$14,$210,$590,$159,$0,$17,$440,$599,$0,$-18,$0,$-9,$590,$5,$14,$96,$110,$-65,$0,$0,$67,$2,$117,$-13,$0,$0,$0,$0,$0,$1,$-12,$-0,$0,$-0,$0,$0,$-4,$-29,$-33,$70,$89,$-4
8,2016-09-30,27.03,$-0.13,-208.92,$17.83,1.52,$6.03,4.49,$-1.26,0.0,$0.34B,$0.15B,2.29,$0.00B,$-0.00B,0.0,$0.43B,$0.07B,15.15%,$0.43B,$-0.04B,-8.86%,$0.43B,$-0.04B,-8.86%,$0.43B,$-0.02B,-5.13%,$0.43B,$-0.04B,-8.86%,$0.43B,$-0.02B,-4.90%,$-0.02B,$-0.00B,-88.42%,$-0.02B,$-0.09B,30.55%,$-0.02B,$0.56B,-4.13%,$-0.04B,$-0.00B,-160.00%,$121,$96,$26,$0,$12,$123,$-2,$0,$-2,$8,$-10,$-10,$-10,$2,$-2,$18,18,$-0.53,$-0.53,$157,$0,$0,$339,$40,$0,$88,$18,$221,$560,$148,$0,$17,$414,$562,$0,$-24,$0,$-2,$560,$-14,$12,$64,$76,$-15,$0,$0,$50,$34,$97,$-13,$0,$0,$0,$0,$0,$1,$-11,$-0,$0,$-0,$0,$0,$-3,$-6,$-9,$75,$65,$-3
