,Date,Stock Price,Book Value per Share,Price to Book Ratio,TTM Sales per Share,Price to Sales Ratio,TTM FCF per Share,Price to FCF Ratio,TTM Net EPS,PE Ratio,Current Assets,Current Liabilities,Current Ratio,Long Term Debt,Shareholder's Equity_x,Debt to Equity Ratio,TTM Revenue_x,TTM Gross Profit,Gross Margin,TTM Revenue_y,TTM Operating Income,Operating Margin,TTM Revenue_x,TTM EBIT,EBIT Margin,TTM Revenue_y,TTM EBITDA,EBITDA Margin,TTM Revenue_x,TTM Pre-Tax Income,Pre-Tax Margin,TTM Revenue_y,TTM Net Income_x,Net Margin,TTM Net Income_y,Shareholder's Equity_y,Return on Equity,TTM Net Income_x,Tangible Equity,Return on Tangible Equity,TTM Net Income_y,Total Assets,Return on Assets,TTM Net Income,LT Investments & Debt,Return on Investment,revenue,cost-goods-sold,gross-profit,research-development-expenses,selling-general-administrative-expenses,operating-expenses,operating-income,total-non-operating-income-expense,pre-tax-income,total-provision-income-taxes,income-after-taxes,income-from-continuous-operations,net-income,ebitda,ebit,basic-shares-outstanding,shares-outstanding,eps-basic-net-earnings-per-share,eps-earnings-per-share-diluted,cash-on-hand,inventory,other-current-assets,total-current-assets,net-property-plant-equipment,long-term-investments,goodwill-intangible-assets-total,other-long-term-assets,total-long-term-assets,total-assets,total-current-liabilities,long-term-debt,other-non-current-liabilities,total-long-term-liabilities,total-liabilities,common-stock-net,retained-earnings-accumulated-deficit,comprehensive-income,total-share-holder-equity,total-liabilities-share-holders-equity,net-income-loss,total-depreciation-amortization-cash-flow,other-non-cash-items,total-non-cash-items,change-in-accounts-receivable,change-in-inventories,change-in-accounts-payable,change-in-assets-liabilities,total-change-in-assets-liabilities,cash-flow-from-operating-activities,net-change-in-property-plant-equipment,net-change-in-intangible-assets,net-acquisitions-divestitures,net-change-in-short-term-investments,net-change-in-long-term-investments,net-change-in-investments-total,investing-activities-other,cash-flow-from-investing-activities,net-long-term-debt,net-current-debt,debt-issuance-retirement-net-total,net-common-equity-issued-repurchased,net-total-equity-issued-repurchased,total-common-preferred-stock-dividends-paid,financial-activities-other,cash-flow-from-financial-activities,net-cash-flow,stock-based-compensation,common-stock-dividends-paid
0,2018-09-30,22.45,$14.35,1.56,$5.73,3.92,$5.08,4.42,$1.70,13.19,$1.26B,$1.07B,1.18,$0.12B,$0.15B,0.81,$0.06B,$0.05B,78.69%,$0.06B,$0.03B,50.82%,$0.06B,0,0.00%,$0.06B,0,0.00%,$0.06B,$0.03B,50.82%,$0.06B,$0.02B,29.51%,$0.02B,$0.15B,12.68%,$0.02B,$0.15B,12.68%,$0.02B,$1.34B,1.46%,$0.03B,$0.27B,11.81%,$17,$4,$13,$0,$5,$8,$9,$0,$9,$3,$6,$6,$6,$0,$0,$10,11,$0.60,$0.56,$87,$0,$0,$1256,$7,$34,$0,$39,$86,$1342,$1066,$118,$8,$126,$1193,$1,$37,$-1,$149,$1342,$18,$0,$1,$1,$-2,$0,$1,$0,$-1,$19,$-0,$0,$0,$0,$5,$5,$-166,$-160,$0,$-10,$-10,$0,$0,$-4,$200,$186,$45,$0,$-4
1,2018-06-30,23.51,$14.95,1.57,$5.35,4.4,$4.23,5.56,$1.52,15.43,$1.20B,$1.02B,1.18,$0.12B,$0.14B,0.87,$0.06B,$0.05B,80.70%,$0.06B,$0.03B,50.88%,$0.06B,0,0.00%,$0.06B,0,0.00%,$0.06B,$0.03B,50.88%,$0.06B,$0.02B,28.07%,$0.02B,$0.15B,11.55%,$0.02B,$0.15B,11.55%,$0.02B,$1.29B,1.36%,$0.03B,$0.26B,11.25%,$16,$3,$12,$0,$4,$7,$8,$0,$8,$2,$6,$6,$6,$0,$0,$9,11,$0.66,$0.56,$110,$0,$0,$1200,$7,$35,$0,$40,$89,$1290,$1019,$118,$8,$126,$1145,$1,$32,$-1,$145,$1290,$12,$0,$1,$1,$-1,$0,$1,$0,$-1,$12,$-0,$0,$0,$0,$4,$4,$-88,$-85,$0,$-10,$-10,$0,$0,$-2,$153,$140,$68,$0,$-2
2,2018-03-31,18.69,$17.31,1.08,$5.06,3.7,$3.33,5.62,$1.30,14.38,$1.08B,$0.90B,1.19,$0.12B,$0.12B,0.96,$0.05B,$0.04B,83.02%,$0.05B,$0.03B,50.94%,$0.05B,0,0.00%,$0.05B,0,0.00%,$0.05B,$0.03B,50.94%,$0.05B,$0.01B,24.53%,$0.01B,$0.14B,9.61%,$0.01B,$0.14B,9.61%,$0.01B,$1.17B,1.17%,$0.03B,$0.26B,10.66%,$14,$2,$12,$0,$4,$7,$8,$0,$8,$2,$6,$6,$6,$0,$0,$8,10,$0.69,$0.58,$47,$0,$0,$1077,$7,$37,$0,$39,$90,$1167,$903,$118,$7,$125,$1028,$1,$44,$-1,$139,$1167,$6,$0,$-2,$-2,$3,$0,$-0,$0,$3,$7,$-0,$0,$0,$0,$3,$3,$-29,$-27,$-10,$0,$-10,$0,$0,$-1,$36,$25,$5,$0,$-1
3,2017-12-31,18.36,$16.81,1.09,$4.77,3.85,$2.96,6.19,$1.09,16.89,$1.04B,$0.87B,1.2,$0.13B,$0.12B,1.08,$0.05B,$0.04B,84.00%,$0.05B,$0.02B,48.00%,$0.05B,0,0.00%,$0.05B,0,0.00%,$0.05B,$0.02B,48.00%,$0.05B,$0.01B,20.00%,$0.01B,$0.14B,7.52%,$0.01B,$0.14B,7.52%,$0.01B,$1.14B,0.93%,$0.02B,$0.26B,9.81%,$14,$2,$11,$0,$5,$7,$6,$0,$6,$6,$1,$1,$0,$0,$0,$8,11,$-0.02,$0.06,$42,$0,$0,$1043,$7,$40,$0,$41,$95,$1137,$867,$128,$8,$136,$1003,$1,$39,$-0,$135,$1137,$12,$0,$7,$8,$-2,$0,$1,$0,$-1,$19,$-2,$0,$0,$0,$7,$7,$-161,$-156,$0,$35,$35,$0,$0,$-4,$78,$108,$-29,$0,$-4
4,2017-09-30,19.72,$16.03,1.23,$4.56,4.32,$7.24,2.72,$1.35,14.65,$1.00B,$0.84B,1.18,$0.11B,$0.12B,0.97,$0.05B,$0.04B,85.42%,$0.05B,$0.02B,47.92%,$0.05B,0,0.00%,$0.05B,0,0.00%,$0.05B,$0.02B,47.92%,$0.05B,$0.01B,27.08%,$0.01B,$0.14B,9.92%,$0.01B,$0.14B,9.92%,$0.01B,$1.10B,1.25%,$0.02B,$0.25B,9.83%,$13,$2,$11,$0,$4,$6,$7,$0,$7,$2,$4,$4,$4,$0,$0,$8,11,$0.46,$0.38,$55,$0,$0,$998,$7,$42,$0,$42,$102,$1099,$844,$113,$7,$120,$964,$1,$55,$-0,$135,$1099,$11,$0,$3,$4,$-4,$0,$0,$0,$-4,$11,$-2,$0,$0,$0,$5,$5,$-102,$-99,$0,$20,$20,$1,$1,$-3,$55,$73,$-15,$0,$-3
5,2017-06-30,19.8,$15.87,1.25,$4.35,4.55,$12.06,1.64,$1.32,15.0,$0.94B,$0.79B,1.18,$0.11B,$0.11B,1.01,$0.05B,$0.04B,84.78%,$0.05B,$0.02B,43.48%,$0.05B,0,0.00%,$0.05B,0,0.00%,$0.05B,$0.02B,43.48%,$0.05B,$0.01B,28.26%,$0.01B,$0.13B,10.12%,$0.01B,$0.13B,10.12%,$0.01B,$1.04B,1.29%,$0.02B,$0.25B,8.93%,$12,$2,$10,$0,$5,$7,$6,$0,$6,$2,$4,$4,$3,$0,$0,$8,11,$0.41,$0.34,$20,$0,$0,$937,$7,$44,$0,$45,$106,$1043,$791,$113,$6,$120,$911,$1,$52,$-0,$132,$1043,$7,$0,$2,$2,$-5,$0,$-0,$0,$-5,$4,$-2,$0,$0,$0,$3,$3,$-77,$-75,$0,$20,$20,$0,$0,$-2,$2,$20,$-51,$0,$-2
6,2017-03-31,17.07,$17.12,1.0,$4.98,3.43,$17.21,0.99,$1.79,9.56,$0.91B,$0.79B,1.16,$0.09B,$0.11B,0.85,$0.05B,$0.05B,86.79%,$0.05B,$0.03B,52.83%,$0.05B,0,0.00%,$0.05B,0,0.00%,$0.05B,$0.03B,52.83%,$0.05B,$0.02B,33.96%,$0.02B,$0.13B,14.29%,$0.02B,$0.13B,14.29%,$0.02B,$1.02B,1.84%,$0.03B,$0.22B,13.08%,$11,$2,$10,$0,$4,$6,$5,$0,$5,$2,$3,$3,$3,$0,$0,$8,10,$0.42,$0.35,$40,$0,$0,$914,$5,$46,$0,$41,$102,$1016,$788,$93,$6,$99,$887,$1,$50,$-0,$130,$1016,$3,$0,$-1,$-1,$1,$0,$-1,$0,$0,$3,$-0,$0,$0,$0,$2,$2,$-33,$-31,$0,$0,$0,$0,$0,$-1,$-2,$-2,$-31,$0,$-1
7,2016-12-31,16.03,$16.83,0.95,$4.99,3.22,$17.00,0.94,$1.71,9.37,$0.91B,$0.79B,1.15,$0.09B,$0.11B,0.87,$0.05B,$0.05B,85.19%,$0.05B,$0.03B,51.85%,$0.05B,0,0.00%,$0.05B,0,0.00%,$0.05B,$0.03B,51.85%,$0.05B,$0.02B,31.48%,$0.02B,$0.13B,13.91%,$0.02B,$0.13B,13.91%,$0.02B,$1.02B,1.78%,$0.03B,$0.22B,13.16%,$12,$2,$10,$0,$4,$6,$5,$0,$5,$2,$3,$3,$3,$0,$0,$8,11,$0.35,$0.33,$71,$0,$0,$910,$5,$47,$0,$43,$106,$1016,$789,$93,$7,$100,$889,$1,$47,$-0,$127,$1016,$19,$0,$-5,$-5,$1,$0,$-2,$0,$-2,$13,$49,$0,$0,$0,$-3,$-3,$-131,$-84,$0,$-5,$-5,$0,$0,$-3,$123,$115,$43,$0,$-3
8,2016-09-30,11.93,$15.78,0.76,$4.95,2.41,$11.57,1.03,$1.70,7.03,$0.86B,$0.74B,1.16,$0.08B,$0.11B,0.79,$0.05B,$0.05B,86.79%,$0.05B,$0.03B,54.72%,$0.05B,0,0.00%,$0.05B,0,0.00%,$0.05B,$0.03B,54.72%,$0.05B,$0.02B,32.08%,$0.02B,$0.13B,14.35%,$0.02B,$0.13B,14.35%,$0.02B,$0.96B,1.84%,$0.03B,$0.21B,13.79%,$11,$2,$9,$0,$5,$7,$4,$0,$4,$0,$4,$4,$4,$0,$0,$8,11,$0.44,$0.36,$52,$0,$0,$858,$5,$40,$0,$41,$97,$955,$740,$83,$6,$89,$829,$1,$45,$0,$125,$955,$16,$0,$-5,$-5,$4,$0,$-3,$0,$1,$12,$50,$0,$0,$0,$5,$5,$-99,$-44,$0,$-15,$-15,$0,$0,$-2,$74,$57,$25,$0,$-2
9,2016-06-30,10.16,$14.75,0.69,$5.12,1.98,$6.73,1.51,$1.57,6.48,$0.83B,$0.71B,1.16,$0.08B,$0.10B,0.81,$0.05B,$0.05B,87.04%,$0.05B,$0.03B,55.56%,$0.05B,0,0.00%,$0.05B,0,0.00%,$0.05B,$0.03B,55.56%,$0.05B,$0.02B,27.78%,$0.02B,$0.12B,13.10%,$0.02B,$0.12B,13.10%,$0.02B,$0.92B,1.67%,$0.03B,$0.21B,14.35%,$19,$2,$17,$0,$3,$5,$14,$0,$14,$5,$9,$9,$8,$0,$0,$8,11,$1.01,$0.80,$53,$0,$0,$825,$5,$42,$0,$42,$100,$924,$713,$83,$6,$89,$802,$1,$42,$0,$122,$924,$12,$0,$12,$12,$-12,$0,$-3,$0,$-16,$8,$50,$0,$0,$0,$3,$3,$-66,$-13,$0,$-15,$-15,$0,$0,$-2,$47,$30,$25,$0,$-2
10,2016-03-31,9.42,$15.25,0.62,$4.39,2.15,$1.97,4.77,$1.01,9.36,$0.82B,$0.70B,1.16,$0.10B,$0.10B,1.09,$0.05B,$0.04B,84.78%,$0.05B,$0.02B,43.48%,$0.05B,0,0.00%,$0.05B,0,0.00%,$0.05B,$0.02B,43.48%,$0.05B,$0.01B,19.57%,$0.01B,$0.12B,8.13%,$0.01B,$0.12B,8.13%,$0.01B,$0.93B,1.02%,$0.02B,$0.22B,9.74%,$12,$2,$10,$0,$5,$7,$5,$0,$5,$2,$3,$3,$2,$0,$0,$8,10,$0.31,$0.26,$27,$0,$0,$818,$5,$44,$0,$50,$109,$927,$703,$103,$5,$109,$812,$1,$42,$0,$115,$927,$3,$0,$1,$2,$0,$0,$-4,$0,$-4,$1,$-0,$0,$0,$0,$1,$1,$-45,$-44,$0,$5,$5,$0,$0,$-1,$38,$42,$-0,$0,$-1
11,2015-12-31,8.82,$14.91,0.59,$4.32,2.04,$2.07,4.25,$1.00,8.83,$0.78B,$0.67B,1.17,$0.10B,$0.09B,1.06,$0.05B,$0.04B,84.44%,$0.05B,$0.02B,42.22%,$0.05B,0,0.00%,$0.05B,0,0.00%,$0.05B,$0.02B,42.22%,$0.05B,$0.01B,20.00%,$0.01B,$0.11B,8.31%,$0.01B,$0.11B,8.31%,$0.01B,$0.89B,1.04%,$0.02B,$0.21B,9.61%,$11,$1,$10,$0,$4,$5,$6,$0,$6,$2,$3,$3,$3,$0,$0,$8,11,$0.34,$0.29,$27,$0,$0,$775,$5,$45,$0,$49,$110,$885,$666,$98,$9,$107,$773,$1,$41,$-0,$112,$885,$12,$-0,$-7,$-8,$-1,$0,$2,$0,$1,$5,$-0,$0,$0,$0,$-14,$-14,$-50,$-64,$0,$35,$35,$2,$2,$-3,$16,$51,$-9,$0,$-3
12,2015-09-30,8.89,$13.38,0.66,$4.27,2.08,$4.13,2.15,$0.91,9.78,$0.76B,$0.66B,1.16,$0.09B,$0.09B,1.04,$0.04B,$0.04B,84.09%,$0.04B,$0.02B,36.36%,$0.04B,0,0.00%,$0.04B,0,0.00%,$0.04B,$0.02B,36.36%,$0.04B,$0.01B,18.18%,$0.01B,$0.11B,7.55%,$0.01B,$0.11B,7.55%,$0.01B,$0.87B,0.94%,$0.02B,$0.20B,8.57%,$12,$2,$10,$0,$6,$7,$5,$0,$5,$2,$3,$3,$2,$0,$0,$8,10,$0.27,$0.23,$23,$0,$0,$761,$4,$47,$0,$42,$103,$865,$656,$93,$6,$99,$755,$1,$38,$0,$109,$865,$8,$-0,$4,$4,$-2,$0,$-1,$0,$-3,$9,$-0,$0,$0,$0,$-16,$-16,$-43,$-59,$0,$30,$30,$1,$1,$-2,$7,$36,$-14,$0,$-2
13,2015-06-30,8.97,$13.19,0.68,$4.38,2.05,$4.96,1.81,$1.01,8.85,$0.77B,$0.67B,1.14,$0.08B,$0.09B,0.96,$0.05B,$0.04B,86.67%,$0.05B,$0.02B,40.00%,$0.05B,0,0.00%,$0.05B,0,0.00%,$0.05B,$0.02B,40.00%,$0.05B,$0.01B,20.00%,$0.01B,$0.11B,8.63%,$0.01B,$0.11B,8.63%,$0.01B,$0.87B,1.07%,$0.02B,$0.19B,10.14%,$11,$1,$9,$0,$5,$6,$4,$0,$4,$1,$3,$3,$2,$0,$0,$8,11,$0.27,$0.24,$49,$0,$0,$766,$5,$48,$0,$40,$102,$869,$673,$83,$5,$89,$762,$1,$36,$-0,$107,$869,$6,$-1,$2,$2,$1,$0,$-2,$0,$-1,$7,$-0,$0,$0,$0,$-17,$-17,$-20,$-38,$0,$20,$20,$1,$1,$-1,$24,$44,$13,$0,$-1
14,2015-03-31,8.77,$13.07,0.67,$4.44,1.97,$4.77,1.84,$1.01,8.71,$0.75B,$0.66B,1.13,$0.08B,$0.09B,0.98,$0.05B,$0.04B,88.89%,$0.05B,$0.02B,40.00%,$0.05B,0,0.00%,$0.05B,0,0.00%,$0.05B,$0.02B,40.00%,$0.05B,$0.01B,20.00%,$0.01B,$0.11B,8.82%,$0.01B,$0.11B,8.82%,$0.01B,$0.85B,1.09%,$0.02B,$0.19B,10.56%,$11,$1,$9,$0,$5,$7,$4,$0,$4,$2,$3,$3,$2,$0,$0,$7,10,$0.31,$0.26,$40,$0,$0,$745,$4,$50,$0,$43,$108,$854,$659,$83,$7,$90,$749,$1,$35,$0,$105,$854,$3,$-1,$1,$0,$-0,$0,$-1,$0,$-1,$2,$-0,$0,$0,$0,$-19,$-19,$-10,$-29,$0,$20,$20,$0,$0,$-0,$11,$31,$4,$0,$0
15,2014-12-31,8.01,$12.91,0.62,$4.34,1.85,$4.21,1.9,$0.99,8.07,$0.74B,$0.65B,1.14,$0.06B,$0.08B,0.76,$0.05B,$0.04B,88.89%,$0.05B,$0.02B,40.00%,$0.05B,0,0.00%,$0.05B,0,0.00%,$0.05B,$0.02B,40.00%,$0.05B,$0.01B,20.00%,$0.01B,$0.10B,9.02%,$0.01B,$0.10B,9.02%,$0.01B,$0.82B,1.11%,$0.02B,$0.17B,11.01%,$10,$1,$9,$0,$6,$7,$3,$0,$3,$1,$2,$2,$2,$0,$0,$8,11,$0.24,$0.21,$36,$0,$0,$737,$4,$30,$0,$39,$85,$822,$648,$63,$8,$70,$719,$1,$33,$0,$103,$822,$12,$0,$7,$7,$6,$0,$1,$0,$7,$27,$-0,$0,$0,$0,$8,$8,$-56,$-48,$0,$-6,$-6,$0,$0,$-2,$19,$12,$-9,$0,$-2
16,2014-09-30,7.28,$12.73,0.57,$4.54,1.6,$2.37,3.07,$1.16,6.25,$0.73B,$0.64B,1.13,$0.06B,$0.08B,0.79,$0.05B,$0.04B,86.67%,$0.05B,$0.02B,37.78%,$0.05B,0,0.00%,$0.05B,0,0.00%,$0.05B,$0.02B,37.78%,$0.05B,$0.01B,22.22%,$0.01B,$0.10B,10.26%,$0.01B,$0.10B,10.26%,$0.01B,$0.81B,1.24%,$0.02B,$0.17B,10.45%,$13,$1,$12,$0,$5,$6,$7,$0,$7,$2,$5,$5,$3,$0,$0,$8,11,$0.40,$0.33,$59,$0,$0,$727,$4,$31,$0,$39,$87,$814,$642,$64,$6,$70,$712,$1,$31,$-0,$102,$814,$10,$0,$43,$43,$-35,$0,$-0,$0,$-36,$18,$-0,$0,$0,$0,$7,$7,$-20,$-12,$0,$-4,$-4,$0,$0,$-1,$14,$8,$14,$0,$-1
17,2014-06-30,8.0,$12.34,0.65,$4.59,1.74,$1.67,4.79,$1.06,7.55,$0.73B,$0.65B,1.12,$0.06B,$0.08B,0.82,$0.04B,$0.04B,85.71%,$0.04B,$0.01B,33.33%,$0.04B,0,0.00%,$0.04B,0,0.00%,$0.04B,$0.01B,33.33%,$0.04B,$0.01B,21.43%,$0.01B,$0.10B,9.60%,$0.01B,$0.10B,9.60%,$0.01B,$0.82B,1.14%,$0.01B,$0.16B,9.11%,$11,$1,$10,$0,$6,$7,$4,$0,$4,$1,$3,$3,$2,$0,$0,$8,11,$0.27,$0.23,$70,$0,$0,$726,$4,$33,$0,$45,$94,$819,$649,$64,$8,$72,$721,$1,$28,$0,$98,$819,$5,$0,$-5,$-5,$3,$0,$1,$0,$4,$4,$-0,$0,$0,$0,$6,$6,$-3,$3,$0,$-5,$-5,$0,$0,$-0,$22,$17,$24,$0,$0
18,2014-03-31,7.63,$12.06,0.63,$4.81,1.59,$2.11,3.62,$1.04,7.3,$0.70B,$0.63B,1.11,$0.06B,$0.08B,0.84,$0.04B,$0.04B,85.37%,$0.04B,$0.01B,34.15%,$0.04B,0,0.00%,$0.04B,0,0.00%,$0.04B,$0.01B,34.15%,$0.04B,$0.01B,21.95%,$0.01B,$0.10B,9.94%,$0.01B,$0.10B,9.94%,$0.01B,$0.80B,1.17%,$0.01B,$0.16B,9.71%,$11,$1,$9,$0,$6,$7,$4,$0,$4,$1,$2,$2,$2,$0,$0,$8,11,$0.26,$0.22,$51,$0,$0,$703,$4,$33,$0,$48,$97,$800,$634,$64,$6,$70,$704,$1,$26,$-0,$96,$800,$2,$0,$-7,$-7,$1,$0,$-1,$0,$0,$-4,$-0,$0,$0,$0,$5,$5,$3,$8,$0,$-5,$-5,$0,$0,$-0,$7,$2,$6,$0,$0
19,2013-12-31,6.12,$11.80,0.52,$5.07,1.21,$2.82,2.17,$1.07,5.74,$0.70B,$0.63B,1.11,$0.07B,$0.07B,0.93,$0.04B,$0.03B,85.00%,$0.04B,$0.01B,35.00%,$0.04B,0,0.00%,$0.04B,0,0.00%,$0.04B,$0.01B,35.00%,$0.04B,$0.01B,22.50%,$0.01B,$0.09B,10.26%,$0.01B,$0.09B,10.26%,$0.01B,$0.80B,1.19%,$0.01B,$0.16B,10.26%,$10,$1,$8,$0,$6,$7,$2,$0,$2,$-0,$2,$2,$3,$0,$0,$8,8,$0.38,$0.38,$46,$0,$0,$696,$4,$38,$0,$45,$99,$795,$627,$69,$5,$74,$701,$1,$24,$-0,$94,$795,$9,$0,$6,$6,$-11,$0,$1,$0,$-10,$5,$-0,$0,$0,$0,$-16,$-16,$-35,$-52,$-10,$35,$25,$0,$4,$-1,$-13,$15,$-31,$0,$0
20,2013-09-30,6.04,$10.89,0.55,$5.25,1.15,$4.32,1.4,$0.88,6.87,$0.67B,$0.61B,1.09,$0.04B,$0.07B,0.62,$0.04B,$0.04B,85.37%,$0.04B,$0.02B,39.02%,$0.04B,0,0.00%,$0.04B,0,0.00%,$0.04B,$0.02B,39.02%,$0.04B,$0.01B,19.51%,$0.01B,$0.09B,9.38%,$0.01B,$0.09B,9.38%,$0.01B,$0.75B,1.06%,$0.02B,$0.13B,12.55%,$10,$1,$9,$0,$6,$7,$4,$0,$4,$1,$2,$2,$2,$0,$0,$8,8,$0.23,$0.23,$22,$0,$0,$669,$4,$19,$0,$51,$79,$747,$612,$44,$5,$49,$660,$1,$21,$-1,$87,$747,$7,$0,$4,$4,$-2,$0,$-0,$0,$-3,$8,$-0,$0,$0,$0,$2,$2,$-36,$-34,$-10,$10,$-0,$0,$0,$-1,$-29,$-29,$-55,$0,$0
21,2013-06-30,5.26,$10.66,0.49,$5.21,1.01,$4.73,1.11,$0.83,6.36,$0.66B,$0.61B,1.09,$0.04B,$0.07B,0.56,$0.04B,$0.03B,82.93%,$0.04B,$0.02B,36.59%,$0.04B,0,0.00%,$0.04B,0,0.00%,$0.04B,$0.02B,36.59%,$0.04B,$0.01B,17.07%,$0.01B,$0.09B,8.33%,$0.01B,$0.09B,8.33%,$0.01B,$0.74B,0.92%,$0.02B,$0.12B,11.88%,$10,$1,$9,$0,$5,$7,$4,$0,$4,$1,$2,$2,$2,$0,$0,$8,8,$0.22,$0.22,$37,$0,$0,$664,$4,$20,$0,$46,$75,$738,$610,$39,$5,$44,$653,$1,$19,$-1,$85,$738,$5,$0,$15,$15,$-12,$0,$-1,$0,$-13,$7,$-0,$0,$0,$0,$1,$1,$-12,$-11,$-5,$-0,$-5,$0,$0,$-0,$-31,$-36,$-40,$0,$0
22,2013-03-31,4.46,$11.75,0.38,$5.21,0.86,$4.99,0.89,$0.81,5.48,$0.68B,$0.62B,1.09,$0.04B,$0.07B,0.64,$0.04B,$0.03B,80.49%,$0.04B,$0.01B,31.71%,$0.04B,0,0.00%,$0.04B,0,0.00%,$0.04B,$0.01B,31.71%,$0.04B,$0.01B,17.07%,$0.01B,$0.09B,8.46%,$0.01B,$0.09B,8.46%,$0.01B,$0.76B,0.91%,$0.01B,$0.13B,10.30%,$10,$2,$8,$0,$5,$6,$4,$0,$4,$1,$2,$2,$2,$0,$0,$8,8,$0.24,$0.24,$63,$0,$0,$679,$4,$21,$0,$48,$78,$757,$624,$44,$4,$48,$672,$1,$23,$-1,$85,$757,$2,$0,$6,$6,$-4,$0,$-1,$0,$-5,$3,$-0,$0,$0,$0,$0,$0,$-2,$-2,$0,$-0,$-0,$0,$0,$-0,$-15,$-15,$-14,$0,$0
23,2012-12-31,3.1,$11.66,0.27,$5.48,0.57,$5.18,0.6,$0.77,4.06,$0.69B,$0.64B,1.08,$0.04B,$0.07B,0.65,$0.04B,$0.03B,80.95%,$0.04B,$0.01B,28.57%,$0.04B,0,0.00%,$0.04B,0,0.00%,$0.04B,$0.01B,28.57%,$0.04B,$0.01B,16.67%,$0.01B,$0.08B,8.64%,$0.01B,$0.08B,8.64%,$0.01B,$0.77B,0.90%,$0.01B,$0.13B,9.64%,$11,$2,$9,$0,$6,$7,$4,$0,$4,$1,$2,$2,$2,$0,$0,$8,8,$0.19,$0.20,$77,$0,$0,$691,$4,$21,$0,$42,$80,$770,$638,$44,$5,$49,$687,$1,$21,$-1,$84,$770,$8,$0,$7,$7,$1,$0,$1,$0,$2,$17,$-0,$0,$0,$0,$3,$3,$-24,$-21,$0,$-30,$-30,$0,$0,$-1,$1,$-29,$-33,$0,$0
24,2012-09-30,3.44,$10.35,0.33,$5.49,0.63,$5.18,0.66,$0.70,4.9,$0.69B,$0.64B,1.08,$0.04B,$0.07B,0.67,$0.04B,$0.03B,80.95%,$0.04B,$0.01B,23.81%,$0.04B,0,0.00%,$0.04B,0,0.00%,$0.04B,$0.01B,23.81%,$0.04B,$0.01B,14.29%,$0.01B,$0.08B,7.57%,$0.01B,$0.08B,7.57%,$0.01B,$0.77B,0.77%,$0.01B,$0.13B,7.66%,$10,$2,$8,$0,$5,$7,$3,$0,$3,$1,$2,$2,$1,$0,$0,$8,8,$0.19,$0.19,$101,$0,$0,$692,$4,$24,$0,$51,$79,$770,$640,$44,$4,$48,$689,$1,$19,$-1,$82,$770,$6,$0,$7,$7,$-2,$0,$0,$0,$-2,$11,$-0,$0,$0,$0,$1,$1,$6,$6,$0,$-30,$-30,$0,$0,$-1,$4,$-27,$-9,$0,$0
25,2012-06-30,3.25,$10.16,0.32,$5.46,0.6,$5.10,0.64,$0.70,4.68,$0.71B,$0.66B,1.08,$0.04B,$0.06B,0.69,$0.04B,$0.03B,79.07%,$0.04B,$0.01B,23.26%,$0.04B,0,0.00%,$0.04B,0,0.00%,$0.04B,$0.01B,23.26%,$0.04B,$0.01B,13.95%,$0.01B,$0.08B,7.72%,$0.01B,$0.08B,7.72%,$0.01B,$0.79B,0.77%,$0.01B,$0.12B,7.45%,$10,$2,$8,$0,$6,$8,$2,$0,$2,$0,$2,$2,$2,$0,$0,$8,8,$0.20,$0.20,$119,$0,$0,$709,$4,$25,$0,$50,$80,$789,$659,$44,$5,$49,$708,$1,$18,$-1,$80,$789,$4,$0,$6,$6,$-2,$0,$1,$0,$-1,$9,$-0,$0,$0,$0,$-1,$-1,$8,$7,$0,$-30,$-30,$0,$0,$-0,$23,$-7,$9,$0,$0
26,2012-03-31,4.01,$10.95,0.37,$5.61,0.71,$4.82,0.83,$0.72,5.54,$0.70B,$0.65B,1.08,$0.04B,$0.06B,0.7,$0.05B,$0.04B,77.78%,$0.05B,$0.01B,26.67%,$0.05B,0,0.00%,$0.05B,0,0.00%,$0.05B,$0.01B,26.67%,$0.05B,$0.01B,13.33%,$0.01B,$0.08B,7.84%,$0.01B,$0.08B,7.84%,$0.01B,$0.78B,0.78%,$0.01B,$0.12B,8.70%,$11,$2,$9,$0,$6,$8,$3,$0,$3,$1,$2,$2,$2,$0,$0,$7,7,$0.22,$0.21,$103,$0,$0,$701,$4,$23,$0,$46,$73,$775,$648,$44,$4,$48,$696,$1,$19,$-1,$78,$775,$2,$0,$2,$2,$-0,$0,$0,$0,$-0,$4,$-0,$0,$0,$0,$1,$1,$6,$7,$0,$-30,$-30,$0,$0,$-0,$12,$-18,$-7,$0,$0
27,2011-12-31,3.1,$10.80,0.29,$5.81,0.53,$4.57,0.68,$0.79,3.94,$0.72B,$0.64B,1.13,$0.07B,$0.06B,1.21,$0.05B,$0.04B,76.60%,$0.05B,$0.01B,29.79%,$0.05B,0,0.00%,$0.05B,0,0.00%,$0.05B,$0.01B,29.79%,$0.05B,$0.01B,12.77%,$0.01B,$0.08B,7.97%,$0.01B,$0.08B,7.97%,$0.01B,$0.79B,0.79%,$0.01B,$0.15B,9.88%,$11,$2,$9,$0,$7,$9,$2,$0,$2,$1,$1,$1,$1,$0,$0,$8,8,$0.12,$0.11,$110,$0,$0,$719,$4,$25,$0,$32,$71,$791,$635,$74,$4,$78,$713,$1,$18,$-1,$77,$791,$8,$0,$10,$10,$-0,$0,$-0,$0,$-1,$17,$-0,$0,$0,$0,$5,$5,$-8,$-3,$0,$10,$10,$0,$0,$-1,$29,$38,$53,$0,$0
28,2011-09-30,4.02,$9.70,0.41,$5.85,0.69,$4.35,0.92,$0.84,4.76,$0.70B,$0.62B,1.12,$0.06B,$0.06B,1.06,$0.05B,$0.04B,75.00%,$0.05B,$0.02B,31.25%,$0.05B,0,0.00%,$0.05B,0,0.00%,$0.05B,$0.02B,31.25%,$0.05B,$0.01B,12.50%,$0.01B,$0.08B,8.14%,$0.01B,$0.08B,8.14%,$0.01B,$0.77B,0.80%,$0.02B,$0.14B,10.68%,$11,$2,$8,$0,$5,$8,$3,$0,$3,$1,$2,$2,$1,$0,$0,$9,9,$0.16,$0.16,$69,$0,$0,$695,$4,$26,$0,$41,$72,$767,$623,$64,$4,$68,$691,$1,$17,$-1,$76,$767,$7,$0,$8,$8,$-2,$0,$-1,$0,$-3,$11,$-0,$0,$0,$0,$3,$3,$-19,$-15,$-0,$0,$-0,$0,$0,$-1,$16,$16,$12,$0,$0
29,2011-06-30,4.41,$9.53,0.46,$6.05,0.73,$3.91,1.13,$0.87,5.06,$0.67B,$0.60B,1.12,$0.06B,$0.06B,1.08,$0.05B,$0.04B,75.00%,$0.05B,$0.02B,31.25%,$0.05B,0,0.00%,$0.05B,0,0.00%,$0.05B,$0.02B,31.25%,$0.05B,$0.01B,14.58%,$0.01B,$0.08B,9.72%,$0.01B,$0.08B,9.72%,$0.01B,$0.75B,0.94%,$0.02B,$0.14B,10.70%,$12,$2,$9,$0,$5,$8,$4,$0,$4,$2,$2,$2,$2,$0,$0,$8,8,$0.24,$0.24,$55,$0,$0,$673,$4,$27,$0,$41,$73,$746,$603,$64,$4,$68,$671,$1,$15,$-1,$75,$746,$5,$0,$5,$5,$-2,$0,$-1,$0,$-3,$7,$-0,$0,$0,$0,$3,$3,$-8,$-6,$-0,$0,$-0,$0,$0,$-0,$-3,$-4,$-3,$0,$0
30,2011-03-31,4.73,$9.20,0.51,$6.00,0.79,$3.95,1.2,$0.86,5.53,$0.65B,$0.59B,1.12,$0.06B,$0.06B,1.13,$0.05B,$0.04B,74.47%,$0.05B,$0.02B,31.91%,$0.05B,0,0.00%,$0.05B,0,0.00%,$0.05B,$0.02B,31.91%,$0.05B,$0.01B,14.89%,$0.01B,$0.07B,9.96%,$0.01B,$0.07B,9.96%,$0.01B,$0.73B,0.96%,$0.02B,$0.14B,10.81%,$13,$2,$10,$0,$6,$8,$5,$0,$5,$2,$3,$3,$2,$0,$0,$7,7,$0.29,$0.28,$39,$0,$0,$653,$4,$28,$0,$40,$72,$725,$585,$64,$3,$68,$653,$0,$18,$-1,$73,$725,$3,$0,$2,$2,$-2,$0,$-2,$0,$-3,$2,$-0,$0,$0,$0,$1,$1,$9,$11,$-0,$-11,$-11,$0,$0,$-0,$-20,$-32,$-19,$0,$0
31,2010-12-31,5.16,$9.89,0.52,$5.57,0.93,$4.19,1.23,$0.80,6.48,$0.68B,$0.61B,1.13,$0.08B,$0.06B,1.37,$0.04B,$0.03B,72.73%,$0.04B,$0.01B,29.55%,$0.04B,0,0.00%,$0.04B,0,0.00%,$0.04B,$0.01B,29.55%,$0.04B,$0.01B,15.91%,$0.01B,$0.07B,10.22%,$0.01B,$0.07B,10.22%,$0.01B,$0.76B,0.97%,$0.01B,$0.15B,9.47%,$12,$3,$9,$0,$6,$9,$3,$0,$3,$1,$2,$2,$1,$0,$0,$8,8,$0.19,$0.17,$58,$0,$0,$684,$4,$30,$0,$39,$73,$757,$606,$76,$5,$81,$686,$0,$15,$-1,$71,$757,$7,$0,$9,$9,$2,$0,$-1,$0,$1,$17,$-2,$0,$0,$0,$6,$6,$-59,$-55,$-4,$11,$8,$0,$0,$-1,$84,$91,$53,$0,$0
32,2010-09-30,4.62,$8.80,0.53,$5.50,0.84,$3.09,1.5,$0.80,5.8,$0.68B,$0.60B,1.13,$0.07B,$0.05B,1.3,$0.04B,$0.03B,69.77%,$0.04B,$0.01B,30.23%,$0.04B,0,0.00%,$0.04B,0,0.00%,$0.04B,$0.01B,30.23%,$0.04B,$0.01B,16.28%,$0.01B,$0.07B,10.57%,$0.01B,$0.07B,10.57%,$0.01B,$0.74B,1.01%,$0.01B,$0.14B,9.76%,$11,$3,$8,$0,$5,$8,$3,$0,$3,$1,$2,$2,$2,$0,$0,$8,8,$0.20,$0.20,$51,$0,$0,$679,$4,$30,$0,$30,$64,$743,$600,$70,$4,$74,$674,$0,$14,$-1,$69,$743,$6,$0,$7,$7,$-1,$0,$1,$0,$0,$9,$-2,$0,$0,$0,$5,$5,$-45,$-41,$-1,$2,$2,$0,$0,$-1,$79,$80,$47,$0,$0
33,2010-06-30,4.78,$8.61,0.56,$5.32,0.9,$3.21,1.49,$0.79,6.06,$0.63B,$0.56B,1.12,$0.07B,$0.05B,1.25,$0.04B,$0.03B,66.67%,$0.04B,$0.01B,30.95%,$0.04B,0,0.00%,$0.04B,0,0.00%,$0.04B,$0.01B,30.95%,$0.04B,$0.01B,14.29%,$0.01B,$0.07B,9.27%,$0.01B,$0.07B,9.27%,$0.01B,$0.70B,0.89%,$0.01B,$0.13B,10.14%,$11,$3,$8,$0,$5,$8,$4,$0,$4,$1,$2,$2,$2,$0,$0,$8,8,$0.22,$0.22,$20,$0,$0,$629,$4,$34,$0,$32,$71,$699,$562,$65,$4,$70,$632,$0,$12,$-1,$68,$699,$4,$0,$4,$5,$-1,$0,$1,$0,$0,$9,$-2,$0,$0,$0,$1,$1,$-30,$-30,$-0,$-3,$-3,$0,$0,$-0,$41,$38,$16,$0,$0
34,2010-03-31,4.71,$8.34,0.56,$5.10,0.92,$2.79,1.69,$0.69,6.83,$0.61B,$0.54B,1.14,$0.07B,$0.05B,1.32,$0.04B,$0.03B,62.50%,$0.04B,$0.01B,27.50%,$0.04B,0,0.00%,$0.04B,0,0.00%,$0.04B,$0.01B,27.50%,$0.04B,$0.01B,12.50%,$0.01B,$0.07B,8.03%,$0.01B,$0.07B,8.03%,$0.01B,$0.67B,0.76%,$0.01B,$0.13B,8.96%,$10,$3,$7,$0,$4,$7,$3,$0,$3,$1,$2,$2,$2,$0,$0,$8,8,$0.20,$0.20,$10,$0,$0,$613,$3,$34,$0,$24,$61,$674,$539,$66,$4,$70,$609,$0,$11,$-1,$66,$674,$2,$0,$2,$2,$-1,$0,$1,$0,$0,$4,$-0,$0,$0,$0,$1,$1,$-15,$-14,$-0,$-2,$-2,$0,$0,$-0,$18,$15,$6,$0,$0
35,2009-12-31,4.38,$8.67,0.51,$5.07,0.87,$2.46,1.78,$0.67,6.56,$0.60B,$0.52B,1.15,$0.07B,$0.05B,1.46,$0.04B,$0.02B,57.50%,$0.04B,$0.01B,27.50%,$0.04B,0,0.00%,$0.04B,0,0.00%,$0.04B,$0.01B,27.50%,$0.04B,$0.00B,10.00%,$0.00B,$0.06B,6.64%,$0.00B,$0.06B,6.64%,$0.00B,$0.65B,0.62%,$0.01B,$0.13B,9.26%,$11,$3,$7,$0,$5,$8,$3,$0,$3,$1,$2,$2,$1,$0,$0,$8,8,$0.18,$0.19,$4,$0,$0,$598,$3,$32,$0,$21,$56,$654,$521,$68,$3,$71,$592,$0,$14,$-3,$62,$654,$6,$0,$5,$5,$-4,$0,$0,$0,$-4,$7,$-0,$0,$0,$0,$1,$1,$-57,$-56,$6,$0,$6,$0,$16,$-1,$25,$47,$-3,$0,$0
36,2009-09-30,4.4,$7.97,0.55,$4.81,0.91,$2.61,1.68,$0.59,7.41,$0.61B,$0.53B,1.14,$0.06B,$0.05B,1.18,$0.04B,$0.02B,52.63%,$0.04B,$0.01B,23.68%,$0.04B,0,0.00%,$0.04B,0,0.00%,$0.04B,$0.01B,23.68%,$0.04B,$0.00B,10.53%,$0.00B,$0.06B,7.31%,$0.00B,$0.06B,7.31%,$0.00B,$0.66B,0.63%,$0.01B,$0.12B,8.05%,$10,$4,$6,$0,$3,$7,$3,$0,$3,$1,$2,$2,$1,$0,$0,$8,8,$0.19,$0.18,$19,$0,$0,$606,$3,$32,$0,$15,$49,$655,$533,$56,$4,$60,$593,$0,$13,$-1,$63,$655,$4,$0,$5,$5,$-3,$0,$1,$0,$-2,$8,$-0,$0,$0,$0,$5,$5,$-46,$-42,$-1,$-6,$-6,$0,$16,$-0,$36,$46,$12,$0,$0
37,2009-06-30,4.73,$7.43,0.64,$4.71,1.0,$2.20,2.15,$0.54,8.69,$0.59B,$0.53B,1.13,$0.05B,$0.04B,1.22,$0.04B,$0.02B,48.65%,$0.04B,$0.01B,21.62%,$0.04B,0,0.00%,$0.04B,0,0.00%,$0.04B,$0.01B,21.62%,$0.04B,$0.00B,10.81%,$0.00B,$0.06B,8.21%,$0.00B,$0.06B,8.21%,$0.00B,$0.64B,0.65%,$0.01B,$0.11B,7.44%,$9,$4,$5,$0,$3,$7,$2,$-0,$2,$1,$1,$1,$1,$0,$0,$8,8,$0.12,$0.12,$6,$0,$0,$592,$3,$28,$0,$16,$48,$640,$526,$52,$3,$56,$582,$0,$11,$-3,$58,$640,$3,$0,$3,$3,$-2,$0,$-0,$0,$-2,$4,$-0,$0,$0,$0,$1,$1,$-44,$-40,$-0,$-10,$-10,$0,$16,$-0,$29,$36,$-1,$0,$0
38,2009-03-31,3.61,$7.40,0.49,$4.61,0.78,$2.11,1.71,$0.59,6.18,$0.59B,$0.52B,1.12,$0.06B,$0.04B,1.33,$0.04B,$0.02B,45.95%,$0.04B,$0.01B,21.62%,$0.04B,0,0.00%,$0.04B,0,0.00%,$0.04B,$0.01B,21.62%,$0.04B,$0.00B,10.81%,$0.00B,$0.06B,9.14%,$0.00B,$0.06B,9.14%,$0.00B,$0.64B,0.69%,$0.01B,$0.12B,7.79%,$10,$5,$5,$0,$3,$7,$3,$-0,$3,$1,$2,$2,$1,$0,$0,$8,8,$0.18,$0.18,$12,$0,$0,$587,$3,$34,$0,$14,$50,$638,$523,$57,$0,$57,$579,$0,$10,$-3,$58,$638,$2,$0,$1,$1,$-1,$0,$-0,$0,$-1,$2,$-0,$0,$0,$0,$1,$1,$-33,$-32,$-0,$-5,$-5,$0,$16,$0,$23,$34,$4,$0,$0
39,2008-12-31,3.97,$5.16,0.77,$4.47,0.89,$2.12,1.87,$0.57,6.97,$0.55B,$0.50B,1.11,$0.06B,$0.04B,1.54,$0.04B,$0.02B,44.44%,$0.04B,$0.01B,19.44%,$0.04B,0,0.00%,$0.04B,0,0.00%,$0.04B,$0.01B,19.44%,$0.04B,$0.00B,11.11%,$0.00B,$0.04B,10.39%,$0.00B,$0.04B,10.39%,$0.00B,$0.60B,0.73%,$0.01B,$0.10B,7.39%,$9,$5,$4,$0,$3,$8,$1,$0,$1,$1,$1,$1,$1,$0,$0,$7,8,$0.11,$0.12,$7,$0,$0,$550,$3,$34,$0,$14,$52,$602,$497,$62,$3,$65,$562,$0,$9,$-3,$40,$602,$4,$0,$3,$3,$-0,$0,$0,$0,$0,$8,$-0,$0,$0,$0,$-8,$-8,$-141,$-149,$10,$12,$22,$2,$2,$0,$116,$139,$-2,$-0,$0
40,2008-09-30,4.63,$5.25,0.88,$4.49,1.03,$1.74,2.66,$0.64,7.23,$0.51B,$0.46B,1.1,$0.06B,$0.04B,1.64,$0.04B,$0.02B,44.44%,$0.04B,$0.01B,22.22%,$0.04B,0,0.00%,$0.04B,0,0.00%,$0.04B,$0.01B,22.22%,$0.04B,$0.00B,11.11%,$0.00B,$0.04B,10.67%,$0.00B,$0.04B,10.67%,$0.00B,$0.57B,0.78%,$0.01B,$0.10B,9.04%,$9,$5,$4,$0,$2,$7,$2,$-0,$2,$1,$1,$1,$1,$0,$0,$7,8,$0.15,$0.14,$6,$0,$0,$510,$3,$37,$0,$14,$54,$565,$463,$63,$0,$63,$526,$0,$8,$-2,$39,$565,$3,$0,$3,$3,$-1,$0,$-0,$0,$-2,$5,$-0,$0,$0,$0,$-8,$-8,$-102,$-110,$10,$13,$23,$0,$0,$0,$79,$102,$-3,$-0,$0
41,2008-06-30,5.16,$5.20,0.99,$4.47,1.16,$1.81,2.86,$0.70,7.35,$0.47B,$0.44B,1.09,$0.05B,$0.04B,1.42,$0.04B,$0.02B,47.22%,$0.04B,$0.01B,25.00%,$0.04B,0,0.00%,$0.04B,0,0.00%,$0.04B,$0.01B,25.00%,$0.04B,$0.01B,13.89%,$0.01B,$0.04B,13.70%,$0.01B,$0.04B,13.70%,$0.01B,$0.53B,1.03%,$0.01B,$0.09B,10.71%,$9,$5,$4,$0,$2,$7,$2,$0,$2,$1,$1,$1,$1,$0,$0,$7,8,$0.14,$0.12,$12,$0,$0,$474,$3,$38,$0,$13,$54,$528,$436,$54,$0,$54,$490,$0,$7,$-2,$38,$528,$2,$0,$2,$2,$-1,$0,$-0,$0,$-1,$3,$-0,$0,$0,$0,$-8,$-8,$-59,$-67,$9,$5,$14,$0,$0,$0,$53,$67,$2,$0,$0
42,2008-03-31,7.16,$5.14,1.39,$4.45,1.61,$1.86,3.85,$0.73,9.86,$0.46B,$0.43B,1.07,$0.05B,$0.04B,1.22,$0.04B,$0.02B,47.22%,$0.04B,$0.01B,25.00%,$0.04B,0,0.00%,$0.04B,0,0.00%,$0.04B,$0.01B,25.00%,$0.04B,$0.01B,13.89%,$0.01B,$0.04B,14.08%,$0.01B,$0.04B,14.08%,$0.01B,$0.51B,1.09%,$0.01B,$0.08B,11.29%,$9,$5,$4,$0,$2,$7,$2,$-0,$2,$1,$1,$1,$1,$0,$0,$7,8,$0.18,$0.16,$26,$0,$0,$457,$3,$39,$0,$11,$53,$510,$427,$45,$0,$45,$473,$0,$6,$-1,$37,$510,$1,$0,$0,$1,$0,$0,$-0,$0,$-0,$2,$-0,$0,$0,$0,$-7,$-7,$-26,$-33,$5,$0,$5,$0,$0,$0,$44,$49,$17,$0,$0
43,2007-12-31,7.99,$5.84,1.37,$4.30,1.86,$1.79,4.46,$0.73,10.99,$0.41B,$0.38B,1.08,$0.04B,$0.04B,1.11,$0.04B,$0.02B,48.57%,$0.04B,$0.01B,25.71%,$0.04B,0,0.00%,$0.04B,0,0.00%,$0.04B,$0.01B,25.71%,$0.04B,$0.01B,14.29%,$0.01B,$0.04B,14.60%,$0.01B,$0.04B,14.60%,$0.01B,$0.46B,1.15%,$0.01B,$0.08B,11.96%,$9,$5,$4,$0,$2,$7,$2,$0,$2,$1,$1,$1,$1,$0,$0,$7,8,$0.21,$0.19,$9,$0,$0,$414,$3,$32,$0,$11,$46,$461,$384,$40,$0,$40,$424,$0,$12,$-1,$36,$461,$6,$0,$1,$1,$-1,$0,$-0,$0,$-2,$5,$-0,$0,$0,$0,$-6,$-6,$-96,$-102,$11,$-6,$5,$0,$0,$-0,$90,$95,$-2,$0,$-0
44,2007-09-30,7.16,$4.98,1.44,$4.06,1.77,$1.88,3.82,$0.69,10.32,$0.40B,$0.36B,1.12,$0.05B,$0.04B,1.4,$0.03B,$0.02B,51.52%,$0.03B,$0.01B,27.27%,$0.03B,0,0.00%,$0.03B,0,0.00%,$0.03B,$0.01B,27.27%,$0.03B,$0.01B,15.15%,$0.01B,$0.04B,15.15%,$0.01B,$0.04B,15.15%,$0.01B,$0.44B,1.22%,$0.01B,$0.08B,12.41%,$9,$5,$5,$0,$2,$6,$3,$0,$3,$1,$2,$2,$2,$0,$0,$7,8,$0.23,$0.20,$12,$0,$0,$396,$3,$32,$0,$10,$45,$441,$355,$49,$2,$51,$406,$0,$10,$-0,$35,$441,$4,$0,$1,$1,$0,$0,$-1,$0,$-0,$5,$-0,$0,$0,$0,$-5,$-5,$-76,$-81,$8,$6,$14,$0,$0,$-0,$63,$77,$1,$0,$-0
45,2007-06-30,7.45,$4.75,1.57,$3.78,1.97,$1.81,4.11,$0.64,11.58,$0.38B,$0.35B,1.1,$0.04B,$0.03B,1.24,$0.03B,$0.02B,51.61%,$0.03B,$0.01B,25.81%,$0.03B,0,0.00%,$0.03B,0,0.00%,$0.03B,$0.01B,25.81%,$0.03B,$0.00B,12.90%,$0.00B,$0.03B,12.60%,$0.00B,$0.03B,12.60%,$0.00B,$0.42B,1.04%,$0.01B,$0.08B,11.55%,$9,$4,$4,$0,$2,$6,$2,$0,$2,$1,$1,$1,$1,$0,$0,$7,8,$0.21,$0.19,$8,$0,$0,$381,$3,$30,$0,$6,$40,$421,$346,$42,$0,$42,$387,$0,$9,$-1,$34,$421,$3,$0,$1,$1,$0,$0,$-1,$0,$-0,$3,$-0,$0,$0,$0,$-4,$-4,$-62,$-66,$1,$6,$7,$0,$0,$-0,$52,$59,$-3,$0,$-0
46,2007-03-31,7.5,$4.57,1.64,$3.50,2.14,$1.80,4.17,$0.59,12.62,$0.38B,$0.35B,1.09,$0.03B,$0.03B,1.0,$0.03B,$0.02B,53.57%,$0.03B,$0.01B,28.57%,$0.03B,0,0.00%,$0.03B,0,0.00%,$0.03B,$0.01B,28.57%,$0.03B,$0.00B,14.29%,$0.00B,$0.03B,13.11%,$0.00B,$0.03B,13.11%,$0.00B,$0.42B,1.10%,$0.01B,$0.07B,12.08%,$8,$4,$4,$0,$2,$6,$2,$0,$2,$1,$1,$1,$1,$0,$0,$7,8,$0.18,$0.16,$18,$0,$0,$381,$0,$29,$0,$5,$33,$415,$350,$32,$0,$32,$382,$0,$12,$-0,$32,$415,$1,$0,$1,$1,$-0,$0,$-0,$0,$-1,$1,$-0,$0,$0,$0,$-2,$-2,$-46,$-48,$-2,$-0,$-3,$0,$0,$0,$56,$53,$7,$0,$0
47,2006-12-31,7.12,$4.85,1.47,$3.23,2.2,$1.93,3.69,$0.57,12.53,$0.32B,$0.29B,1.09,$0.04B,$0.03B,1.14,$0.03B,$0.01B,53.85%,$0.03B,$0.01B,30.77%,$0.03B,0,0.00%,$0.03B,0,0.00%,$0.03B,$0.01B,30.77%,$0.03B,$0.00B,15.38%,$0.00B,$0.03B,13.56%,$0.00B,$0.03B,13.56%,$0.00B,$0.36B,1.19%,$0.01B,$0.07B,12.40%,$7,$4,$4,$0,$2,$5,$2,$0,$2,$1,$1,$1,$1,$0,$0,$7,8,$0.18,$0.15,$11,$0,$0,$319,$3,$27,$0,$10,$41,$360,$294,$35,$0,$35,$329,$0,$11,$-0,$31,$360,$5,$0,$1,$1,$-0,$0,$1,$0,$1,$6,$-1,$0,$0,$0,$-3,$-3,$-52,$-55,$5,$-6,$-1,$-0,$-0,$-1,$58,$56,$7,$0,$-1
