,Date,Stock Price,Book Value per Share,Price to Book Ratio,TTM Sales per Share,Price to Sales Ratio,TTM FCF per Share,Price to FCF Ratio,TTM Net EPS,PE Ratio,Current Assets,Current Liabilities,Current Ratio,Long Term Debt,Shareholder's Equity_x,Debt to Equity Ratio,TTM Revenue_x,TTM Gross Profit,Gross Margin,TTM Revenue_y,TTM Operating Income,Operating Margin,TTM Revenue_x,TTM EBIT,EBIT Margin,TTM Revenue_y,TTM EBITDA,EBITDA Margin,TTM Revenue_x,TTM Pre-Tax Income,Pre-Tax Margin,TTM Revenue_y,TTM Net Income_x,Net Margin,TTM Net Income_y,Shareholder's Equity_y,Return on Equity,TTM Net Income_x,Tangible Equity,Return on Tangible Equity,TTM Net Income_y,Total Assets,Return on Assets,TTM Net Income,LT Investments & Debt,Return on Investment,revenue,cost-goods-sold,gross-profit,research-development-expenses,selling-general-administrative-expenses,operating-expenses,operating-income,total-non-operating-income-expense,pre-tax-income,total-provision-income-taxes,income-after-taxes,income-from-continuous-operations,net-income,ebitda,ebit,basic-shares-outstanding,shares-outstanding,eps-basic-net-earnings-per-share,eps-earnings-per-share-diluted,cash-on-hand,inventory,other-current-assets,total-current-assets,net-property-plant-equipment,long-term-investments,goodwill-intangible-assets-total,other-long-term-assets,total-long-term-assets,total-assets,total-current-liabilities,long-term-debt,other-non-current-liabilities,total-long-term-liabilities,total-liabilities,common-stock-net,retained-earnings-accumulated-deficit,comprehensive-income,total-share-holder-equity,total-liabilities-share-holders-equity,net-income-loss,total-depreciation-amortization-cash-flow,other-non-cash-items,total-non-cash-items,change-in-accounts-receivable,change-in-inventories,change-in-accounts-payable,change-in-assets-liabilities,total-change-in-assets-liabilities,cash-flow-from-operating-activities,net-change-in-property-plant-equipment,net-change-in-intangible-assets,net-acquisitions-divestitures,net-change-in-short-term-investments,net-change-in-long-term-investments,net-change-in-investments-total,investing-activities-other,cash-flow-from-investing-activities,net-long-term-debt,net-current-debt,debt-issuance-retirement-net-total,net-common-equity-issued-repurchased,net-total-equity-issued-repurchased,total-common-preferred-stock-dividends-paid,financial-activities-other,cash-flow-from-financial-activities,net-cash-flow,stock-based-compensation,common-stock-dividends-paid
0,2018-09-30,2.98,$18.14,0.16,$50.63,0.06,$-15.88,0.0,$-16.56,0.0,$0.28B,$0.11B,2.62,$0.58B,$0.17B,3.41,$0.47B,$0.10B,20.94%,$0.47B,$-0.10B,-20.51%,$0.47B,$-0.10B,-20.51%,$0.47B,$0.02B,3.42%,$0.47B,$-0.14B,-30.56%,$0.47B,$-0.16B,-33.33%,$-0.16B,$0.17B,-64.00%,$-0.16B,$0.16B,-67.61%,$-0.16B,$0.87B,-16.65%,$-0.10B,$0.75B,-11.68%,$123,$94,$29,$0,$14,$180,$-57,$-12,$-69,$2,$-71,$-71,$-72,$-29,$-57,$9,9,$-7.70,$-7.70,$82,$34,$28,$282,$550,$0,$12,$23,$587,$869,$107,$579,$12,$592,$699,$1,$-591,$-6,$170,$869,$-123,$83,$48,$131,$-16,$0,$-4,$8,$-12,$-4,$-51,$0,$0,$0,$0,$0,$0,$-51,$0,$0,$0,$-0,$-0,$-4,$-1,$-5,$-60,$0,$0
1,2018-06-30,5.7,$25.94,0.22,$50.24,0.11,$-17.51,0.0,$-11.11,0.0,$0.29B,$0.11B,2.76,$0.58B,$0.24B,2.4,$0.46B,$0.10B,21.38%,$0.46B,$-0.05B,-9.94%,$0.46B,$-0.05B,-9.94%,$0.46B,$0.07B,14.69%,$0.46B,$-0.09B,-19.87%,$0.46B,$-0.11B,-22.68%,$-0.11B,$0.24B,-37.17%,$-0.11B,$0.23B,-39.07%,$-0.11B,$0.94B,-10.60%,$-0.05B,$0.82B,-5.35%,$119,$92,$27,$0,$8,$128,$-9,$-12,$-21,$2,$-23,$-23,$-24,$18,$-9,$9,9,$-2.56,$-2.56,$114,$32,$24,$293,$602,$0,$13,$28,$645,$937,$106,$579,$10,$589,$695,$1,$-520,$-6,$242,$937,$-52,$56,$3,$59,$-0,$0,$-6,$8,$1,$8,$-32,$0,$0,$0,$0,$0,$0,$-32,$0,$0,$0,$-0,$-0,$-2,$-1,$-3,$-27,$0,$0
2,2018-03-31,9.53,$28.74,0.33,$49.41,0.19,$-19.75,0.0,$-11.99,0.0,$0.30B,$0.10B,3.14,$0.58B,$0.27B,2.17,$0.45B,$0.09B,20.26%,$0.45B,$-0.06B,-12.11%,$0.45B,$-0.06B,-12.11%,$0.45B,$0.06B,13.88%,$0.45B,$-0.10B,-21.81%,$0.45B,$-0.11B,-24.67%,$-0.11B,$0.27B,-36.36%,$-0.11B,$0.25B,-38.13%,$-0.11B,$0.95B,-10.80%,$-0.06B,$0.85B,-6.21%,$110,$92,$18,$0,$6,$126,$-16,$-11,$-27,$2,$-29,$-29,$-30,$12,$-16,$9,9,$-3.15,$-3.15,$118,$32,$20,$297,$611,$0,$13,$28,$654,$951,$95,$578,$11,$590,$684,$23,$-498,$-4,$267,$951,$-29,$29,$0,$29,$-4,$0,$-18,$10,$-12,$-12,$-9,$0,$0,$0,$0,$0,$0,$-9,$0,$0,$0,$-0,$-0,$-1,$-1,$-2,$-23,$0,$0
3,2017-12-31,15.0,$31.97,0.47,$48.88,0.31,$-22.31,0.0,$-13.49,0.0,$0.32B,$0.10B,3.07,$0.58B,$0.30B,1.96,$0.44B,$0.09B,19.46%,$0.44B,$-0.07B,-14.93%,$0.44B,$-0.07B,-14.93%,$0.44B,$0.06B,12.67%,$0.44B,$-0.11B,-24.66%,$0.44B,$-0.12B,-27.60%,$-0.12B,$0.30B,-36.47%,$-0.12B,$0.28B,-38.15%,$-0.12B,$0.99B,-11.28%,$-0.07B,$0.87B,-7.24%,$116,$92,$24,$0,$5,$131,$-14,$-11,$-26,$3,$-29,$-29,$-30,$15,$-14,$9,9,$-3.01,$-3.01,$142,$31,$22,$318,$626,$0,$14,$32,$672,$990,$104,$578,$12,$590,$694,$1,$-469,$-4,$296,$990,$-119,$122,$9,$131,$-10,$5,$-9,$7,$-6,$7,$-54,$0,$0,$0,$0,$0,$0,$-54,$0,$0,$0,$24,$74,$-2,$-3,$69,$22,$0,$0
4,2017-09-30,16.5,$35.03,0.47,$47.44,0.35,$-17.59,0.0,$-16.19,0.0,$0.31B,$0.09B,3.39,$0.58B,$0.32B,1.78,$0.42B,$0.08B,17.86%,$0.42B,$-0.08B,-19.52%,$0.42B,$-0.08B,-19.52%,$0.42B,$0.04B,10.48%,$0.42B,$-0.13B,-30.00%,$0.42B,$-0.14B,-33.57%,$-0.14B,$0.33B,-40.84%,$-0.14B,$0.31B,-42.76%,$-0.14B,$1.09B,-12.70%,$-0.08B,$0.90B,-8.89%,$118,$88,$30,$0,$7,$125,$-7,$-12,$-18,$2,$-20,$-20,$-21,$23,$-7,$9,9,$-2.30,$-2.30,$121,$34,$26,$310,$647,$0,$14,$33,$776,$1086,$91,$578,$13,$670,$762,$23,$-440,$-4,$325,$1086,$-90,$93,$6,$99,$-15,$0,$-19,$-0,$-33,$-24,$-45,$0,$0,$0,$0,$0,$0,$-45,$0,$0,$0,$24,$74,$-1,$-3,$70,$1,$0,$0
5,2017-06-30,20.25,$37.28,0.54,$46.31,0.44,$-12.55,0.0,$-19.49,0.0,$0.33B,$0.11B,2.94,$0.58B,$0.34B,1.68,$0.40B,$0.06B,14.54%,$0.40B,$-0.11B,-26.32%,$0.40B,$-0.11B,-26.32%,$0.40B,$0.03B,6.52%,$0.40B,$-0.15B,-37.34%,$0.40B,$-0.17B,-41.60%,$-0.17B,$0.34B,-46.05%,$-0.17B,$0.33B,-48.22%,$-0.17B,$1.12B,-14.74%,$-0.11B,$0.92B,-11.21%,$110,$90,$20,$0,$7,$127,$-18,$-11,$-28,$2,$-30,$-30,$-31,$13,$-18,$9,9,$-3.39,$-3.39,$146,$35,$26,$327,$667,$0,$15,$33,$795,$1122,$111,$577,$13,$667,$778,$23,$-420,$-5,$344,$1122,$-70,$63,$4,$68,$-7,$0,$-8,$-2,$-16,$-18,$-26,$0,$0,$0,$0,$0,$0,$-26,$0,$0,$0,$25,$75,$-1,$-3,$70,$27,$0,$0
6,2017-03-31,26.25,$40.70,0.65,$47.10,0.56,$-9.59,0.0,$-20.84,0.0,$0.33B,$0.09B,3.48,$0.58B,$0.37B,1.55,$0.39B,$0.05B,13.71%,$0.39B,$-0.12B,-29.19%,$0.39B,$-0.12B,-29.19%,$0.39B,$0.02B,5.33%,$0.39B,$-0.16B,-41.12%,$0.39B,$-0.18B,-44.42%,$-0.18B,$0.37B,-45.78%,$-0.18B,$0.36B,-47.91%,$-0.18B,$1.13B,-15.23%,$-0.12B,$0.95B,-12.00%,$98,$86,$12,$0,$7,$125,$-27,$-10,$-37,$2,$-40,$-40,$-40,$5,$-27,$9,9,$-4.65,$-4.65,$150,$35,$23,$326,$677,$0,$16,$36,$804,$1130,$94,$577,$13,$662,$756,$23,$-390,$-6,$373,$1130,$-40,$32,$2,$34,$-5,$0,$-16,$-3,$-22,$-28,$-14,$0,$0,$0,$0,$0,$0,$-14,$0,$0,$0,$25,$75,$0,$-3,$72,$30,$0,$0
7,2016-12-31,39.0,$40.64,0.96,$51.68,0.75,$-7.62,0.0,$-27.89,0.0,$0.29B,$0.10B,2.78,$0.58B,$0.34B,1.7,$0.43B,$0.06B,14.99%,$0.43B,$-0.11B,-26.00%,$0.43B,$-0.11B,-26.00%,$0.43B,$0.03B,6.79%,$0.43B,$-0.16B,-36.77%,$0.43B,$-0.23B,-54.10%,$-0.23B,$0.34B,-56.72%,$-0.23B,$0.32B,-59.34%,$-0.23B,$1.10B,-19.57%,$-0.11B,$0.92B,-11.29%,$94,$81,$13,$0,$9,$124,$-30,$-12,$-43,$6,$-49,$-49,$-49,$3,$-30,$8,8,$-5.85,$-5.85,$120,$32,$20,$286,$693,$0,$17,$14,$817,$1104,$103,$576,$16,$661,$764,$21,$-350,$-7,$339,$1104,$-231,$140,$75,$214,$60,$-2,$-19,$6,$39,$22,$-27,$0,$0,$0,$0,$0,$0,$-27,$0,$0,$0,$-1,$-1,$0,$-9,$-11,$-15,$0,$0
8,2016-09-30,32.55,$46.23,0.7,$58.52,0.56,$2.01,16.18,$-26.39,0.0,$0.29B,$0.09B,3.1,$0.58B,$0.39B,1.49,$0.48B,$0.09B,17.63%,$0.48B,$-0.10B,-21.16%,$0.48B,$-0.10B,-21.16%,$0.48B,$0.04B,8.92%,$0.48B,$-0.15B,-31.54%,$0.48B,$-0.22B,-45.23%,$-0.22B,$0.39B,-46.91%,$-0.22B,$0.37B,-48.91%,$-0.22B,$1.15B,-17.49%,$-0.10B,$0.96B,-9.81%,$97,$85,$13,$0,$7,$127,$-30,$-11,$-41,$5,$-46,$-46,$-46,$5,$-30,$8,8,$-5.55,$-5.55,$104,$33,$23,$289,$718,$0,$17,$37,$860,$1150,$93,$576,$16,$671,$764,$21,$-301,$-6,$386,$1150,$-182,$107,$58,$165,$45,$0,$-31,$3,$15,$-2,$-19,$0,$0,$0,$0,$0,$0,$-19,$0,$0,$0,$-1,$-1,$0,$-9,$-10,$-31,$0,$0
9,2016-06-30,34.35,$51.80,0.66,$67.96,0.51,$8.98,3.82,$-26.84,0.0,$0.32B,$0.12B,2.8,$0.58B,$0.43B,1.34,$0.56B,$0.12B,20.79%,$0.56B,$-0.08B,-13.80%,$0.56B,$-0.08B,-13.80%,$0.56B,$0.07B,13.08%,$0.56B,$-0.13B,-22.94%,$0.56B,$-0.22B,-39.61%,$-0.22B,$0.43B,-42.40%,$-0.22B,$0.41B,-44.09%,$-0.22B,$1.21B,-16.75%,$-0.08B,$1.01B,-7.01%,$105,$89,$16,$0,$8,$134,$-28,$-13,$-41,$-1,$-40,$-40,$-40,$8,$-28,$8,8,$-4.80,$-4.80,$109,$33,$27,$322,$747,$0,$18,$39,$891,$1213,$115,$576,$15,$667,$782,$21,$-255,$-5,$431,$1213,$-136,$72,$55,$127,$22,$0,$-7,$-3,$8,$-0,$-15,$0,$0,$0,$0,$0,$0,$-15,$0,$0,$0,$-1,$-1,$0,$-9,$-10,$-25,$0,$0
10,2016-03-31,31.8,$57.18,0.56,$78.00,0.41,$16.77,1.9,$-23.69,0.0,$0.35B,$0.12B,2.85,$0.58B,$0.47B,1.22,$0.64B,$0.14B,22.22%,$0.64B,$-0.06B,-8.92%,$0.64B,$-0.06B,-8.92%,$0.64B,$0.10B,14.87%,$0.64B,$-0.11B,-16.90%,$0.64B,$-0.20B,-30.52%,$-0.20B,$0.47B,-33.72%,$-0.20B,$0.45B,-35.01%,$-0.20B,$1.26B,-13.96%,$-0.06B,$1.05B,-4.92%,$131,$108,$22,$0,$10,$154,$-23,$-9,$-32,$63,$-96,$-96,$-96,$13,$-23,$8,8,$-11.69,$-11.69,$108,$37,$24,$345,$777,$0,$19,$35,$910,$1255,$121,$575,$14,$661,$782,$21,$-215,$-3,$473,$1255,$-96,$36,$63,$99,$-0,$0,$-14,$-0,$-19,$-16,$-8,$0,$0,$0,$0,$0,$0,$-8,$0,$0,$0,$-0,$-0,$0,$-2,$-2,$-26,$0,$0
11,2015-12-31,27.3,$69.18,0.39,$86.84,0.31,$23.76,1.15,$-11.54,0.0,$0.37B,$0.14B,2.69,$0.58B,$0.57B,1.01,$0.71B,$0.19B,25.98%,$0.71B,$-0.02B,-2.53%,$0.71B,$-0.02B,-2.53%,$0.71B,$0.14B,19.38%,$0.71B,$-0.07B,-10.11%,$0.71B,$-0.10B,-13.48%,$-0.10B,$0.57B,-15.30%,$-0.10B,$0.55B,-15.72%,$-0.10B,$1.37B,-6.54%,$-0.02B,$1.14B,-1.49%,$149,$114,$34,$0,$7,$169,$-21,$-17,$-38,$-3,$-36,$-36,$-36,$17,$-21,$8,8,$-4.50,$-4.50,$134,$35,$21,$367,$806,$0,$20,$17,$1000,$1367,$136,$575,$19,$662,$798,$21,$-119,$-2,$569,$1367,$-94,$156,$19,$176,$104,$3,$-27,$9,$81,$162,$-87,$0,$-16,$0,$0,$0,$3,$-101,$-30,$0,$-30,$-1,$-1,$0,$-4,$-35,$26,$0,$0
12,2015-09-30,39.45,$74.45,0.53,$98.27,0.4,$18.14,2.17,$-6.30,0.0,$0.40B,$0.15B,2.67,$0.59B,$0.61B,0.96,$0.81B,$0.23B,28.04%,$0.81B,$0.03B,3.85%,$0.81B,$0.03B,3.85%,$0.81B,$0.19B,23.20%,$0.81B,$-0.02B,-1.99%,$0.81B,$-0.05B,-6.45%,$-0.05B,$0.61B,-7.98%,$-0.05B,$0.59B,-8.13%,$-0.05B,$1.44B,-3.45%,$0.03B,$1.20B,2.50%,$173,$129,$44,$0,$9,$178,$-5,$-12,$-17,$32,$-48,$-48,$-49,$35,$-5,$8,8,$-6.00,$-6.00,$105,$39,$25,$402,$842,$0,$21,$44,$1041,$1442,$150,$585,$20,$680,$831,$21,$-84,$-1,$612,$1442,$-59,$118,$19,$138,$51,$0,$-16,$1,$30,$109,$-72,$0,$-10,$0,$0,$0,$3,$-80,$-30,$0,$-30,$0,$0,$0,$-3,$-33,$-4,$0,$0
13,2015-06-30,49.8,$80.20,0.62,$106.58,0.47,$13.07,3.81,$1.20,41.52,$0.44B,$0.19B,2.35,$0.59B,$0.66B,0.89,$0.88B,$0.26B,30.06%,$0.88B,$0.07B,8.11%,$0.88B,$0.07B,8.11%,$0.88B,$0.22B,25.49%,$0.88B,$0.03B,2.86%,$0.88B,$0.01B,1.14%,$0.01B,$0.66B,1.51%,$0.01B,$0.64B,1.52%,$0.01B,$1.52B,0.66%,$0.07B,$1.24B,5.64%,$186,$144,$42,$0,$10,$194,$-8,$-13,$-21,$-7,$-14,$-14,$-14,$30,$-8,$8,8,$-1.65,$-1.65,$117,$44,$34,$444,$865,$0,$23,$35,$1078,$1522,$189,$585,$19,$674,$863,$21,$-35,$-0,$659,$1522,$-10,$79,$-11,$67,$40,$0,$15,$-7,$46,$103,$-54,$0,$-10,$0,$0,$0,$3,$-62,$-30,$0,$-30,$0,$0,$0,$-2,$-32,$8,$0,$0
14,2015-03-31,52.35,$82.03,0.64,$114.86,0.46,$7.19,7.28,$4.80,10.91,$0.48B,$0.21B,2.31,$0.59B,$0.67B,0.87,$0.94B,$0.30B,31.92%,$0.94B,$0.12B,12.30%,$0.94B,$0.12B,12.30%,$0.94B,$0.27B,28.31%,$0.94B,$0.07B,7.85%,$0.94B,$0.04B,4.24%,$0.04B,$0.67B,6.07%,$0.04B,$0.67B,6.07%,$0.04B,$1.54B,2.62%,$0.12B,$1.25B,9.20%,$204,$139,$65,$0,$11,$188,$16,$-12,$4,$-0,$4,$4,$3,$56,$16,$8,8,$0.45,$0.45,$113,$50,$28,$483,$885,$0,$0,$36,$1057,$1540,$209,$585,$19,$662,$871,$20,$-21,$-3,$669,$1540,$4,$41,$-7,$34,$-7,$0,$54,$-20,$30,$67,$-33,$0,$0,$0,$0,$0,$3,$-31,$-30,$0,$-30,$0,$0,$0,$-2,$-32,$5,$0,$0
15,2014-12-31,46.05,$81.84,0.56,$118.68,0.39,$2.54,18.11,$2.85,16.17,$0.46B,$0.18B,2.59,$0.61B,$0.67B,0.91,$0.97B,$0.30B,30.89%,$0.97B,$0.12B,12.40%,$0.97B,$0.12B,12.40%,$0.97B,$0.27B,27.38%,$0.97B,$0.05B,5.06%,$0.97B,$0.02B,2.48%,$0.02B,$0.67B,3.70%,$0.02B,$0.66B,3.71%,$0.02B,$1.52B,1.58%,$0.12B,$1.27B,9.54%,$243,$168,$75,$0,$10,$215,$28,$-10,$18,$10,$8,$8,$8,$66,$28,$8,8,$0.90,$0.90,$108,$48,$29,$462,$896,$0,$4,$21,$1058,$1521,$179,$605,$19,$676,$854,$20,$-24,$-0,$666,$1521,$24,$145,$50,$195,$-12,$-3,$27,$-22,$-17,$202,$-174,$0,$0,$0,$0,$0,$0,$-174,$-35,$0,$-35,$0,$0,$0,$-34,$-69,$-40,$0,$0
16,2014-09-30,74.1,$80.92,0.92,$119.15,0.62,$0.76,97.04,$3.15,23.54,$0.45B,$0.18B,2.44,$0.61B,$0.66B,0.92,$0.97B,$0.31B,31.92%,$0.97B,$0.12B,12.50%,$0.97B,$0.12B,12.50%,$0.97B,$0.26B,27.27%,$0.97B,$0.05B,4.96%,$0.97B,$0.03B,2.69%,$0.03B,$0.66B,4.06%,$0.03B,$0.66B,4.06%,$0.03B,$1.52B,1.71%,$0.12B,$1.27B,9.64%,$242,$161,$81,$0,$9,$207,$35,$-11,$24,$11,$13,$13,$13,$71,$35,$8,8,$1.50,$1.50,$78,$46,$42,$445,$913,$0,$0,$37,$1076,$1521,$182,$608,$18,$680,$862,$20,$-32,$1,$659,$1521,$16,$107,$40,$147,$-5,$0,$-11,$8,$-19,$144,$-149,$0,$0,$0,$0,$0,$0,$-149,$-33,$0,$-33,$0,$0,$0,$-33,$-66,$-70,$0,$0
17,2014-06-30,97.8,$79.36,1.23,$118.99,0.82,$4.76,20.55,$2.70,36.24,$0.46B,$0.20B,2.28,$0.61B,$0.64B,0.95,$0.96B,$0.31B,32.47%,$0.96B,$0.12B,12.66%,$0.96B,$0.12B,12.66%,$0.96B,$0.26B,27.39%,$0.96B,$0.04B,4.25%,$0.96B,$0.02B,2.18%,$0.02B,$0.64B,3.33%,$0.02B,$0.64B,3.33%,$0.02B,$1.52B,1.38%,$0.12B,$1.25B,9.71%,$254,$175,$80,$0,$7,$217,$37,$-10,$28,$12,$16,$16,$16,$74,$37,$8,8,$1.95,$1.95,$86,$46,$51,$460,$906,$0,$0,$37,$1064,$1524,$201,$610,$20,$678,$880,$20,$-44,$2,$644,$1524,$3,$71,$30,$100,$-1,$0,$6,$-1,$-0,$104,$-103,$0,$0,$0,$0,$0,$0,$-103,$-30,$0,$-30,$0,$0,$0,$-33,$-63,$-62,$0,$0
18,2014-03-31,106.35,$77.45,1.37,$115.74,0.92,$2.86,37.2,$1.95,54.57,$0.47B,$0.20B,2.29,$0.61B,$0.63B,0.98,$0.94B,$0.32B,33.76%,$0.94B,$0.11B,12.18%,$0.94B,$0.11B,12.18%,$0.94B,$0.25B,26.82%,$0.94B,$0.03B,3.53%,$0.94B,$0.01B,1.39%,$0.01B,$0.63B,2.09%,$0.01B,$0.63B,2.09%,$0.01B,$1.50B,0.87%,$0.11B,$1.24B,9.18%,$229,$166,$63,$0,$9,$209,$20,$-41,$-21,$-9,$-12,$-12,$-13,$54,$20,$8,8,$-1.50,$-1.50,$93,$44,$43,$465,$874,$0,$0,$43,$1035,$1500,$203,$613,$18,$671,$875,$20,$-60,$2,$626,$1500,$-12,$34,$24,$59,$-6,$0,$-8,$-0,$-15,$32,$-36,$0,$0,$0,$0,$0,$0,$-36,$-19,$0,$-19,$0,$0,$0,$-33,$-51,$-56,$0,$0
19,2013-12-31,121.95,$78.78,1.55,$108.06,1.13,$3.23,37.78,$3.45,35.37,$0.52B,$0.21B,2.51,$0.63B,$0.63B,0.99,$0.87B,$0.30B,34.67%,$0.87B,$0.10B,11.78%,$0.87B,$0.10B,11.78%,$0.87B,$0.24B,27.00%,$0.87B,$0.05B,6.06%,$0.87B,$0.03B,3.09%,$0.03B,$0.63B,4.40%,$0.03B,$0.63B,4.40%,$0.03B,$1.54B,1.87%,$0.10B,$1.26B,8.60%,$243,$158,$85,$0,$19,$215,$29,$-12,$17,$7,$10,$10,$10,$65,$29,$8,8,$1.35,$1.20,$149,$42,$47,$519,$871,$0,$0,$31,$1015,$1535,$207,$629,$27,$694,$902,$20,$-48,$2,$633,$1535,$27,$134,$34,$168,$-34,$2,$-0,$-12,$-34,$161,$-147,$0,$-118,$0,$0,$0,$0,$-265,$175,$0,$175,$0,$0,$0,$-10,$165,$61,$0,$0
20,2013-09-30,85.5,$77.31,1.11,$97.73,0.87,$1.75,48.83,$-0.30,0.0,$0.53B,$0.20B,2.65,$0.65B,$0.62B,1.06,$0.79B,$0.26B,33.38%,$0.79B,$0.07B,8.38%,$0.79B,$0.07B,8.38%,$0.79B,$0.19B,24.24%,$0.79B,$0.02B,2.41%,$0.79B,$-0.00B,-0.38%,$-0.00B,$0.62B,-0.50%,$-0.00B,$0.62B,-0.50%,$-0.00B,$1.54B,-0.22%,$0.07B,$1.27B,5.75%,$238,$153,$85,$0,$14,$202,$36,$-18,$17,$9,$8,$8,$8,$71,$36,$8,8,$1.05,$1.05,$162,$40,$47,$526,$859,$0,$0,$43,$1009,$1535,$198,$654,$24,$717,$916,$20,$-58,$1,$620,$1535,$17,$98,$25,$123,$-29,$0,$0,$11,$-15,$125,$-97,$0,$-118,$0,$0,$0,$0,$-215,$225,$-50,$175,$0,$0,$0,$-10,$165,$75,$0,$0
21,2013-06-30,74.7,$75.33,0.99,$89.22,0.84,$2.56,29.19,$-0.00,0.0,$0.43B,$0.19B,2.31,$0.59B,$0.61B,0.97,$0.72B,$0.24B,33.85%,$0.72B,$0.06B,7.83%,$0.72B,$0.06B,7.83%,$0.72B,$0.18B,24.62%,$0.72B,$0.02B,2.80%,$0.72B,0,0.00%,$0.00B,$0.61B,0.00%,$0.00B,$0.61B,0.00%,$0.00B,$1.44B,0.00%,$0.06B,$1.20B,5.14%,$226,$143,$83,$0,$22,$197,$29,$-9,$20,$11,$8,$8,$8,$61,$29,$8,8,$1.05,$1.05,$70,$39,$42,$430,$853,$0,$0,$46,$1007,$1437,$186,$589,$23,$643,$829,$20,$-66,$-1,$607,$1437,$9,$62,$8,$70,$-32,$0,$0,$-3,$-33,$46,$-61,$0,$-118,$0,$0,$0,$0,$-179,$125,$-5,$120,$0,$0,$0,$-6,$114,$-18,$0,$0
22,2013-03-31,64.2,$74.68,0.86,$84.05,0.76,$2.89,22.18,$1.35,47.58,$0.38B,$0.17B,2.19,$0.47B,$0.59B,0.79,$0.67B,$0.23B,34.88%,$0.67B,$0.07B,10.03%,$0.67B,$0.07B,10.03%,$0.67B,$0.18B,27.40%,$0.67B,$0.03B,4.49%,$0.67B,$0.01B,1.80%,$0.01B,$0.59B,2.01%,$0.01B,$0.59B,2.01%,$0.01B,$1.28B,0.95%,$0.07B,$1.06B,6.41%,$167,$117,$50,$0,$13,$158,$9,$-10,$-1,$-2,$1,$1,$1,$39,$9,$8,8,$0.00,$0.00,$84,$29,$62,$377,$785,$0,$0,$18,$903,$1280,$172,$466,$23,$515,$687,$20,$-74,$0,$593,$1280,$1,$30,$4,$34,$-19,$0,$0,$10,$-7,$27,$-28,$0,$0,$0,$0,$0,$0,$-28,$0,$-3,$-3,$0,$0,$0,$-0,$-3,$-4,$0,$0
23,2012-12-31,69.0,$74.43,0.93,$85.54,0.81,$0.14,478.17,$4.65,14.85,$0.34B,$0.15B,2.25,$0.47B,$0.59B,0.79,$0.68B,$0.27B,39.09%,$0.68B,$0.11B,15.78%,$0.68B,$0.11B,15.78%,$0.68B,$0.22B,32.60%,$0.68B,$0.07B,10.62%,$0.68B,$0.04B,5.46%,$0.04B,$0.59B,6.24%,$0.04B,$0.59B,6.24%,$0.04B,$1.26B,2.97%,$0.11B,$1.06B,10.62%,$157,$112,$45,$0,$24,$165,$-8,$-10,$-17,$3,$-20,$-20,$-20,$20,$-8,$8,8,$-2.55,$-2.55,$88,$29,$46,$342,$793,$0,$0,$12,$914,$1256,$152,$469,$23,$513,$665,$20,$-75,$0,$591,$1256,$37,$113,$39,$152,$15,$0,$-3,$-6,$1,$190,$-188,$0,$0,$0,$0,$0,$0,$-188,$5,$-11,$-6,$0,$0,$0,$-6,$-12,$-10,$0,$0
24,2012-09-30,63.45,$77.15,0.82,$89.11,0.71,$5.18,12.25,$-4.35,0.0,$0.36B,$0.18B,2.01,$0.43B,$0.61B,0.71,$0.70B,$0.30B,42.02%,$0.70B,$-0.02B,-2.42%,$0.70B,$-0.02B,-2.42%,$0.70B,$0.27B,38.18%,$0.70B,$-0.05B,-6.98%,$0.70B,$-0.03B,-4.70%,$-0.03B,$0.61B,-5.68%,$-0.03B,$0.61B,-5.68%,$-0.03B,$1.26B,-2.67%,$-0.02B,$1.04B,-1.77%,$165,$101,$64,$0,$9,$140,$26,$-8,$18,$7,$11,$11,$11,$56,$26,$8,8,$1.35,$1.35,$114,$23,$53,$358,$773,$0,$0,$26,$899,$1257,$178,$429,$25,$470,$648,$20,$-55,$0,$609,$1257,$57,$85,$23,$109,$25,$0,$0,$-10,$12,$178,$-144,$0,$0,$0,$0,$0,$0,$-144,$5,$-18,$-13,$0,$0,$0,$-5,$-18,$16,$0,$0
25,2012-06-30,67.65,$75.72,0.89,$90.87,0.74,$6.06,11.15,$-3.00,0.0,$0.34B,$0.16B,2.07,$0.43B,$0.60B,0.72,$0.71B,$0.31B,43.28%,$0.71B,$-0.00B,-0.14%,$0.71B,$-0.00B,-0.14%,$0.71B,$0.28B,39.50%,$0.71B,$-0.03B,-4.34%,$0.71B,$-0.02B,-3.22%,$-0.02B,$0.60B,-3.92%,$-0.02B,$0.60B,-3.92%,$-0.02B,$1.24B,-1.84%,$-0.00B,$1.03B,-0.11%,$179,$105,$74,$0,$7,$139,$40,$-10,$30,$10,$20,$20,$20,$68,$40,$8,8,$2.55,$2.55,$77,$24,$52,$339,$771,$0,$0,$28,$898,$1237,$164,$430,$30,$477,$641,$20,$-65,$0,$596,$1237,$46,$56,$22,$78,$9,$0,$0,$-39,$-28,$96,$-107,$0,$0,$0,$0,$0,$0,$-107,$7,$-12,$-5,$0,$0,$0,$-4,$-9,$-20,$0,$0
26,2012-03-31,89.55,$73.22,1.22,$90.33,0.99,$7.40,12.11,$-3.75,0.0,$0.34B,$0.27B,1.27,$0.33B,$0.57B,0.58,$0.71B,$0.30B,42.80%,$0.71B,$-0.01B,-1.13%,$0.71B,$-0.01B,-1.13%,$0.71B,$0.28B,38.84%,$0.71B,$-0.03B,-4.66%,$0.71B,$-0.03B,-4.10%,$-0.03B,$0.57B,-4.91%,$-0.03B,$0.57B,-4.91%,$-0.03B,$1.23B,-2.30%,$-0.01B,$0.91B,-0.83%,$177,$95,$82,$0,$5,$128,$49,$-8,$41,$15,$26,$26,$26,$77,$49,$8,8,$3.45,$3.30,$69,$25,$48,$344,$751,$0,$0,$25,$882,$1226,$272,$331,$30,$379,$652,$20,$-86,$0,$574,$1226,$26,$28,$12,$39,$-6,$0,$0,$-23,$-30,$36,$-59,$0,$0,$0,$0,$0,$0,$-59,$0,$-6,$-6,$0,$0,$0,$0,$-6,$-29,$0,$0
27,2011-12-31,107.55,$69.68,1.54,$88.10,1.22,$9.22,11.66,$-6.45,0.0,$0.37B,$0.29B,1.29,$0.34B,$0.54B,0.62,$0.69B,$0.27B,39.30%,$0.69B,$-0.04B,-6.11%,$0.69B,$-0.04B,-6.11%,$0.69B,$0.24B,35.08%,$0.69B,$-0.06B,-9.32%,$0.69B,$-0.05B,-7.28%,$-0.05B,$0.54B,-8.39%,$-0.05B,$0.54B,-8.39%,$-0.05B,$1.22B,-3.94%,$-0.04B,$0.88B,-4.21%,$181,$106,$75,$0,$8,$313,$-132,$-6,$-138,$-48,$-90,$-90,$-90,$67,$-132,$8,8,$-11.54,$-11.54,$98,$30,$46,$368,$720,$0,$0,$10,$849,$1216,$286,$337,$33,$386,$672,$20,$-112,$0,$544,$1216,$-51,$282,$-38,$244,$-7,$-1,$-25,$63,$32,$226,$-185,$0,$0,$0,$0,$0,$0,$-185,$50,$-46,$4,$0,$0,$0,$1,$5,$46,$0,$0
28,2011-09-30,65.85,$81.04,0.81,$87.51,0.75,$-7.77,0.0,$3.30,19.96,$0.38B,$0.29B,1.3,$0.34B,$0.63B,0.54,$0.68B,$0.25B,36.67%,$0.68B,$0.11B,15.91%,$0.68B,$0.11B,15.91%,$0.68B,$0.22B,32.55%,$0.68B,$0.09B,12.67%,$0.68B,$0.03B,3.98%,$0.03B,$0.63B,4.45%,$0.03B,$0.63B,4.45%,$0.03B,$1.31B,2.10%,$0.11B,$0.98B,10.39%,$177,$99,$78,$0,$9,$135,$42,$-6,$36,$15,$21,$21,$21,$70,$42,$8,8,$2.70,$2.70,$103,$29,$60,$380,$872,$0,$0,$23,$928,$1308,$292,$343,$32,$384,$676,$19,$-22,$0,$633,$1308,$40,$83,$29,$111,$-4,$0,$0,$32,$28,$179,$-138,$0,$0,$0,$0,$0,$0,$-138,$50,$-40,$10,$0,$0,$0,$1,$11,$52,$0,$0
29,2011-06-30,87.75,$78.30,1.12,$87.16,1.01,$-24.69,0.0,$0.60,146.32,$0.35B,$0.16B,2.18,$0.47B,$0.61B,0.77,$0.67B,$0.21B,31.60%,$0.67B,$0.07B,10.98%,$0.67B,$0.07B,10.98%,$0.67B,$0.19B,27.74%,$0.67B,$0.05B,7.57%,$0.67B,$0.01B,0.89%,$0.01B,$0.61B,1.00%,$0.01B,$0.61B,1.00%,$0.01B,$1.28B,0.47%,$0.07B,$1.08B,6.98%,$173,$105,$68,$0,$8,$140,$33,$-6,$28,$13,$14,$14,$14,$61,$33,$8,8,$1.80,$1.80,$67,$25,$61,$349,$856,$0,$0,$27,$935,$1284,$160,$468,$32,$514,$674,$19,$-42,$0,$611,$1284,$19,$55,$14,$69,$-12,$0,$0,$20,$8,$96,$-97,$0,$0,$0,$0,$0,$0,$-97,$50,$-34,$16,$0,$0,$0,$1,$17,$16,$0,$0
30,2011-03-31,103.65,$76.43,1.36,$85.39,1.21,$-33.89,0.0,$-1.20,0.0,$0.33B,$0.16B,2.07,$0.46B,$0.60B,0.77,$0.66B,$0.19B,29.33%,$0.66B,$0.05B,8.21%,$0.66B,$0.05B,8.21%,$0.66B,$0.17B,25.53%,$0.66B,$0.03B,3.80%,$0.66B,$-0.01B,-1.06%,$-0.01B,$0.60B,-1.18%,$-0.01B,$0.60B,-1.18%,$-0.01B,$1.27B,-0.55%,$0.05B,$1.05B,5.15%,$156,$107,$49,$0,$7,$141,$15,$-6,$10,$5,$5,$5,$5,$43,$15,$8,8,$0.60,$0.60,$42,$24,$75,$332,$844,$0,$0,$29,$933,$1265,$160,$459,$32,$510,$670,$19,$-57,$0,$595,$1265,$5,$28,$4,$32,$-10,$0,$0,$14,$4,$41,$-49,$0,$0,$0,$0,$0,$0,$-49,$0,$-3,$-3,$0,$0,$0,$1,$-2,$-10,$0,$0
31,2010-12-31,68.55,$75.76,0.9,$86.08,0.8,$-40.18,0.0,$-2.10,0.0,$0.37B,$0.18B,2.1,$0.46B,$0.59B,0.78,$0.66B,$0.19B,28.48%,$0.66B,$0.05B,6.82%,$0.66B,$0.05B,6.82%,$0.66B,$0.16B,24.24%,$0.66B,$0.01B,1.67%,$0.66B,$-0.01B,-2.12%,$-0.01B,$0.59B,-2.35%,$-0.01B,$0.59B,-2.35%,$-0.01B,$1.28B,-1.08%,$0.05B,$1.05B,4.31%,$173,$119,$54,$0,$7,$155,$18,$-6,$12,$25,$-14,$-14,$-13,$47,$18,$8,8,$-1.65,$-1.65,$51,$26,$111,$368,$816,$0,$0,$15,$906,$1275,$175,$461,$30,$511,$686,$19,$-61,$0,$588,$1275,$-15,$115,$18,$133,$21,$-1,$-11,$0,$5,$124,$-213,$0,$0,$0,$0,$0,$0,$-213,$75,$-29,$46,$0,$0,$0,$-14,$32,$-57,$0,$0
32,2010-09-30,65.25,$77.36,0.84,$86.27,0.76,$-33.67,0.0,$-0.90,0.0,$0.38B,$0.18B,2.07,$0.46B,$0.60B,0.76,$0.66B,$0.18B,26.70%,$0.66B,$0.03B,4.83%,$0.66B,$0.03B,4.83%,$0.66B,$0.15B,22.17%,$0.66B,$-0.00B,-0.45%,$0.66B,$-0.01B,-0.75%,$-0.01B,$0.60B,-0.84%,$-0.01B,$0.60B,-0.84%,$-0.01B,$1.28B,-0.39%,$0.03B,$1.06B,3.09%,$172,$130,$42,$0,$7,$164,$8,$-6,$1,$1,$0,$0,$0,$36,$8,$8,8,$0.00,$0.00,$47,$24,$108,$379,$810,$0,$0,$34,$902,$1281,$183,$457,$29,$498,$681,$19,$-48,$0,$600,$1281,$-1,$87,$10,$96,$3,$0,$0,$-13,$-9,$86,$-177,$0,$0,$0,$0,$0,$0,$-177,$75,$-31,$44,$0,$0,$0,$-14,$30,$-61,$0,$0
33,2010-06-30,59.25,$76.60,0.77,$87.68,0.68,$-29.35,0.0,$-0.00,0.0,$0.37B,$0.17B,2.13,$0.44B,$0.60B,0.74,$0.67B,$0.18B,26.93%,$0.67B,$0.03B,4.32%,$0.67B,$0.03B,4.32%,$0.67B,$0.15B,21.58%,$0.67B,$-0.01B,-0.89%,$0.67B,$0.00B,0.30%,$0.00B,$0.60B,0.34%,$0.00B,$0.60B,0.34%,$0.00B,$1.25B,0.16%,$0.03B,$1.04B,2.83%,$157,$109,$48,$0,$7,$143,$13,$-11,$2,$2,$1,$1,$1,$42,$13,$8,8,$0.00,$0.00,$50,$29,$111,$367,$792,$0,$0,$31,$879,$1246,$173,$439,$31,$477,$649,$19,$-49,$0,$597,$1246,$-2,$58,$3,$60,$25,$0,$0,$-29,$-5,$54,$-126,$0,$0,$0,$0,$0,$0,$-126,$75,$-48,$27,$0,$0,$0,$-14,$13,$-59,$0,$0
34,2010-03-31,73.95,$76.90,0.96,$96.33,0.77,$-27.84,0.0,$0.60,123.31,$0.52B,$0.29B,1.79,$0.44B,$0.60B,0.74,$0.74B,$0.19B,25.64%,$0.74B,$0.03B,4.48%,$0.74B,$0.03B,4.48%,$0.74B,$0.15B,20.22%,$0.74B,$0.00B,0.14%,$0.74B,$0.01B,0.68%,$0.01B,$0.60B,0.84%,$0.01B,$0.60B,0.84%,$0.01B,$1.36B,0.40%,$0.03B,$1.04B,3.25%,$158,$114,$44,$0,$10,$151,$6,$-10,$-4,$-2,$-2,$-2,$-2,$35,$6,$8,8,$-0.30,$-0.30,$202,$28,$110,$521,$753,$0,$0,$35,$842,$1363,$291,$441,$28,$476,$768,$19,$-49,$0,$595,$1363,$-2,$29,$-1,$27,$19,$0,$0,$-43,$-24,$1,$-57,$0,$0,$0,$0,$0,$0,$-57,$204,$-45,$159,$0,$0,$0,$-10,$149,$93,$0,$0
35,2009-12-31,74.25,$76.86,0.97,$98.51,0.75,$-24.01,0.0,$1.20,61.9,$0.44B,$0.19B,2.35,$0.41B,$0.60B,0.69,$0.75B,$0.20B,26.29%,$0.75B,$0.04B,5.31%,$0.75B,$0.04B,5.31%,$0.75B,$0.15B,20.45%,$0.75B,$0.01B,1.33%,$0.75B,$0.01B,1.20%,$0.01B,$0.60B,1.52%,$0.01B,$0.60B,1.52%,$0.01B,$1.24B,0.75%,$0.04B,$1.01B,3.95%,$176,$133,$43,$0,$11,$171,$5,$-7,$-2,$2,$-4,$-4,$-4,$34,$5,$8,8,$-0.60,$-0.60,$109,$32,$100,$444,$717,$0,$0,$18,$800,$1243,$189,$412,$30,$458,$647,$19,$-47,$0,$596,$1243,$9,$114,$-4,$109,$2,$-3,$30,$-23,$-8,$111,$-151,$0,$0,$0,$0,$0,$0,$-151,$4,$-26,$-22,$0,$0,$0,$-2,$-24,$-63,$0,$0
36,2009-09-30,81.9,$77.35,1.06,$103.90,0.79,$-15.11,0.0,$-3.45,0.0,$0.41B,$0.15B,2.76,$0.41B,$0.60B,0.69,$0.79B,$0.24B,29.78%,$0.79B,$-0.03B,-3.42%,$0.79B,$-0.03B,-3.42%,$0.79B,$0.19B,24.08%,$0.79B,$-0.06B,-7.48%,$0.79B,$-0.03B,-3.42%,$-0.03B,$0.60B,-4.58%,$-0.03B,$0.60B,-4.58%,$-0.03B,$1.19B,-2.26%,$-0.03B,$1.01B,-2.66%,$181,$136,$46,$0,$10,$177,$5,$-7,$-2,$-9,$7,$7,$7,$34,$5,$8,8,$0.90,$0.90,$94,$29,$77,$413,$703,$0,$0,$36,$778,$1190,$149,$414,$20,$442,$591,$19,$-43,$0,$599,$1190,$14,$85,$-6,$79,$-6,$0,$0,$-20,$-26,$66,$-124,$0,$0,$0,$0,$0,$0,$-124,$4,$-23,$-19,$0,$0,$0,$-2,$-21,$-78,$0,$0
37,2009-06-30,65.1,$76.41,0.85,$110.57,0.59,$-10.50,0.0,$-1.95,0.0,$0.40B,$0.14B,2.88,$0.42B,$0.59B,0.7,$0.84B,$0.27B,32.57%,$0.84B,$0.01B,1.44%,$0.84B,$0.01B,1.44%,$0.84B,$0.23B,27.66%,$0.84B,$-0.02B,-2.28%,$0.84B,$-0.02B,-1.92%,$-0.02B,$0.59B,-2.70%,$-0.02B,$0.59B,-2.82%,$-0.02B,$1.17B,-1.34%,$0.01B,$1.01B,1.18%,$222,$166,$56,$0,$11,$205,$17,$-7,$9,$5,$4,$4,$4,$46,$17,$8,8,$0.60,$0.60,$95,$29,$72,$400,$711,$0,$0,$34,$773,$1173,$139,$416,$19,$443,$581,$19,$-50,$0,$591,$1173,$6,$56,$0,$56,$-1,$0,$0,$-29,$-30,$33,$-93,$0,$0,$0,$0,$0,$0,$-93,$0,$-16,$-16,$0,$0,$0,$-2,$-18,$-78,$0,$0
38,2009-03-31,27.6,$75.79,0.36,$110.48,0.25,$-3.68,0.0,$0.45,61.36,$0.44B,$0.16B,2.84,$0.44B,$0.59B,0.75,$0.83B,$0.29B,35.42%,$0.83B,$0.04B,4.46%,$0.83B,$0.04B,4.46%,$0.83B,$0.26B,30.72%,$0.83B,$0.01B,0.96%,$0.83B,$0.00B,0.24%,$0.00B,$0.59B,0.34%,$0.00B,$0.59B,0.37%,$0.00B,$1.21B,0.17%,$0.04B,$1.02B,3.67%,$174,$121,$53,$0,$13,$161,$13,$-8,$5,$3,$2,$2,$2,$40,$13,$7,8,$0.30,$0.30,$148,$30,$62,$439,$707,$0,$0,$33,$766,$1205,$155,$437,$19,$464,$619,$19,$-54,$0,$587,$1205,$2,$27,$-0,$27,$5,$0,$0,$-10,$-5,$25,$-51,$0,$0,$0,$0,$0,$0,$-51,$0,$4,$4,$0,$0,$0,$-1,$3,$-24,$0,$0
39,2008-12-31,43.5,$76.93,0.57,$110.78,0.39,$-3.65,0.0,$3.30,13.19,$0.47B,$0.16B,2.99,$0.44B,$0.58B,0.75,$0.83B,$0.31B,37.27%,$0.83B,$0.06B,7.12%,$0.83B,$0.06B,7.12%,$0.83B,$0.28B,33.41%,$0.83B,$0.03B,3.74%,$0.83B,$0.02B,2.77%,$0.02B,$0.58B,3.93%,$0.02B,$0.58B,4.51%,$0.02B,$1.21B,2.00%,$0.06B,$1.02B,6.01%,$212,$133,$80,$0,$10,$275,$-62,$-9,$-71,$-31,$-40,$-40,$-40,$70,$-62,$7,7,$-5.55,$-5.40,$172,$30,$67,$473,$676,$0,$0,$27,$732,$1206,$159,$435,$21,$465,$624,$19,$-56,$0,$582,$1206,$23,$217,$22,$239,$-15,$-11,$-0,$-13,$-42,$220,$-193,$0,$0,$0,$-5,$-5,$1,$-197,$123,$-35,$88,$2,$2,$0,$-2,$88,$112,$0,$0
40,2008-09-30,120.3,$80.42,1.5,$106.91,1.13,$-26.88,0.0,$13.19,9.12,$0.38B,$0.13B,2.92,$0.41B,$0.61B,0.68,$0.80B,$0.31B,38.22%,$0.80B,$0.16B,20.55%,$0.80B,$0.16B,20.55%,$0.80B,$0.28B,34.59%,$0.80B,$0.11B,14.16%,$0.80B,$0.10B,12.03%,$0.10B,$0.61B,16.76%,$0.10B,$0.51B,20.32%,$0.10B,$1.18B,8.61%,$0.16B,$1.02B,17.28%,$227,$144,$83,$0,$9,$184,$44,$-6,$38,$20,$18,$18,$18,$75,$44,$7,8,$2.40,$2.40,$75,$30,$41,$381,$653,$0,$100,$32,$797,$1178,$131,$410,$21,$440,$570,$19,$-13,$0,$608,$1178,$63,$85,$36,$121,$-47,$0,$0,$-4,$-51,$133,$-154,$0,$0,$0,$-5,$-5,$1,$-158,$50,$-10,$40,$2,$2,$0,$-1,$41,$15,$0,$0
41,2008-06-30,150.15,$77.76,1.93,$99.84,1.5,$-39.69,0.0,$13.79,10.89,$0.35B,$0.12B,2.88,$0.39B,$0.59B,0.66,$0.74B,$0.30B,40.65%,$0.74B,$0.17B,23.01%,$0.74B,$0.17B,23.01%,$0.74B,$0.28B,37.01%,$0.74B,$0.12B,15.75%,$0.74B,$0.10B,13.59%,$0.10B,$0.59B,18.52%,$0.10B,$0.49B,22.71%,$0.10B,$1.12B,9.26%,$0.17B,$0.98B,18.84%,$217,$139,$78,$0,$8,$175,$42,$-7,$36,$14,$22,$22,$22,$70,$42,$7,8,$3.00,$2.85,$66,$28,$53,$345,$627,$0,$100,$33,$778,$1123,$120,$388,$19,$416,$536,$19,$-31,$0,$587,$1123,$45,$54,$25,$80,$-10,$0,$0,$-35,$-45,$79,$-87,$0,$0,$0,$-5,$-5,$1,$-91,$35,$-20,$15,$2,$2,$0,$0,$17,$6,$0,$0
42,2008-03-31,96.9,$74.51,1.3,$91.28,1.06,$-48.20,0.0,$13.19,7.34,$0.32B,$0.14B,2.33,$0.35B,$0.56B,0.63,$0.68B,$0.29B,42.46%,$0.68B,$0.17B,24.56%,$0.68B,$0.17B,24.56%,$0.68B,$0.26B,38.76%,$0.68B,$0.11B,16.86%,$0.68B,$0.10B,14.20%,$0.10B,$0.56B,18.60%,$0.10B,$0.46B,23.09%,$0.10B,$1.08B,9.06%,$0.17B,$0.92B,19.22%,$173,$106,$68,$0,$7,$138,$35,$-8,$28,$5,$23,$23,$23,$62,$35,$7,7,$3.15,$3.15,$45,$26,$53,$324,$600,$2,$100,$33,$759,$1083,$139,$354,$21,$382,$521,$19,$-54,$0,$561,$1083,$23,$26,$20,$46,$-12,$0,$0,$-41,$-53,$16,$-42,$0,$0,$0,$-5,$-5,$1,$-46,$0,$15,$15,$0,$0,$0,$-0,$15,$-15,$0,$0
43,2007-12-31,113.25,$71.63,1.58,$88.70,1.28,$-44.38,0.0,$14.09,8.04,$0.32B,$0.12B,2.6,$0.35B,$0.54B,0.66,$0.65B,$0.29B,43.88%,$0.65B,$0.19B,29.20%,$0.65B,$0.19B,29.20%,$0.65B,$0.28B,42.51%,$0.65B,$0.14B,21.41%,$0.65B,$0.10B,15.75%,$0.10B,$0.54B,21.23%,$0.10B,$0.43B,26.77%,$0.10B,$1.08B,10.02%,$0.19B,$0.89B,23.12%,$181,$105,$76,$0,$6,$137,$43,$-32,$11,$-22,$33,$33,$33,$69,$43,$7,7,$4.50,$4.65,$60,$24,$55,$323,$586,$-4,$100,$30,$754,$1077,$124,$354,$56,$418,$542,$19,$-78,$0,$535,$1077,$103,$86,$46,$132,$-60,$-5,$-20,$-27,$-161,$74,$-219,$0,$0,$63,$-5,$58,$8,$-153,$0,$25,$25,$4,$4,$0,$17,$47,$-32,$0,$0
44,2007-09-30,121.8,$66.70,1.83,$84.53,1.44,$-21.71,0.0,$14.54,8.38,$0.32B,$0.10B,3.09,$0.35B,$0.50B,0.71,$0.62B,$0.27B,44.10%,$0.62B,$0.18B,29.56%,$0.62B,$0.18B,29.56%,$0.62B,$0.26B,42.33%,$0.62B,$0.16B,25.85%,$0.62B,$0.11B,17.29%,$0.11B,$0.50B,22.95%,$0.11B,$0.40B,29.23%,$0.11B,$1.08B,10.87%,$0.18B,$0.85B,22.84%,$172,$92,$80,$0,$6,$122,$51,$-9,$42,$19,$23,$23,$23,$74,$51,$7,7,$3.15,$3.00,$67,$22,$45,$322,$563,$14,$100,$82,$759,$1081,$104,$354,$110,$479,$583,$19,$-112,$0,$498,$1081,$70,$61,$12,$73,$-49,$0,$0,$-42,$-90,$52,$-168,$0,$0,$63,$0,$63,$0,$-105,$25,$16,$41,$-11,$-11,$0,$-2,$28,$-25,$0,$0
45,2007-06-30,158.1,$63.27,2.5,$81.67,1.94,$-1.77,0.0,$14.09,11.22,$0.32B,$0.10B,3.11,$0.33B,$0.47B,0.7,$0.59B,$0.25B,42.76%,$0.59B,$0.17B,29.12%,$0.59B,$0.17B,29.12%,$0.59B,$0.25B,41.41%,$0.59B,$0.15B,25.25%,$0.59B,$0.10B,17.34%,$0.10B,$0.47B,23.08%,$0.10B,$0.37B,29.75%,$0.10B,$1.00B,10.97%,$0.17B,$0.80B,22.31%,$150,$88,$63,$0,$6,$113,$37,$-4,$33,$16,$17,$17,$17,$57,$37,$7,7,$2.25,$2.25,$102,$21,$31,$316,$526,$0,$100,$57,$683,$999,$102,$329,$74,$426,$528,$19,$-135,$0,$471,$999,$47,$38,$1,$39,$-24,$0,$0,$-24,$-49,$37,$-108,$0,$0,$24,$0,$24,$0,$-84,$0,$0,$0,$16,$16,$0,$2,$18,$-29,$0,$0
46,2007-03-31,140.85,$58.71,2.4,$81.54,1.73,$7.89,17.86,$13.64,10.32,$0.35B,$0.11B,3.07,$0.33B,$0.44B,0.75,$0.59B,$0.25B,42.03%,$0.59B,$0.17B,28.81%,$0.59B,$0.17B,28.81%,$0.59B,$0.24B,40.85%,$0.59B,$0.15B,24.58%,$0.59B,$0.10B,16.95%,$0.10B,$0.44B,23.38%,$0.10B,$0.34B,30.51%,$0.10B,$0.96B,10.82%,$0.17B,$0.77B,22.09%,$151,$84,$68,$0,$6,$91,$60,$-6,$54,$24,$30,$30,$30,$78,$60,$7,7,$4.20,$4.05,$158,$16,$25,$345,$471,$0,$100,$38,$610,$955,$112,$329,$65,$405,$518,$18,$-152,$0,$437,$955,$30,$18,$-12,$7,$-10,$0,$0,$8,$-3,$34,$-31,$0,$0,$-21,$0,$-21,$0,$-52,$0,$0,$0,$0,$0,$0,$0,$0,$-18,$0,$0
47,2006-12-31,122.55,$63.06,1.94,$81.66,1.5,$7.66,15.99,$11.24,10.9,$0.32B,$0.10B,3.12,$0.33B,$0.46B,0.72,$0.59B,$0.24B,40.27%,$0.59B,$0.14B,24.57%,$0.59B,$0.14B,24.57%,$0.59B,$0.21B,36.52%,$0.59B,$0.12B,19.97%,$0.59B,$0.08B,13.82%,$0.08B,$0.46B,19.58%,$0.08B,$0.36B,25.98%,$0.08B,$0.90B,8.85%,$0.14B,$0.79B,18.74%,$146,$84,$62,$0,$11,$112,$35,$-4,$31,$-6,$37,$37,$37,$53,$35,$7,7,$5.25,$5.10,$155,$15,$11,$318,$435,$10,$100,$19,$584,$901,$102,$329,$11,$340,$442,$18,$-127,$0,$459,$901,$81,$70,$19,$89,$-3,$-3,$-28,$34,$-3,$167,$-144,$0,$0,$-45,$-10,$-55,$5,$-195,$-50,$0,$-50,$107,$107,$0,$2,$60,$32,$0,$0
