,Date,Stock Price,Book Value per Share,Price to Book Ratio,TTM Sales per Share,Price to Sales Ratio,TTM FCF per Share,Price to FCF Ratio,TTM Net EPS,PE Ratio,Current Assets,Current Liabilities,Current Ratio,Long Term Debt,Shareholder's Equity_x,Debt to Equity Ratio,TTM Revenue_x,TTM Gross Profit,Gross Margin,TTM Revenue_y,TTM Operating Income,Operating Margin,TTM Revenue_x,TTM EBIT,EBIT Margin,TTM Revenue_y,TTM EBITDA,EBITDA Margin,TTM Revenue_x,TTM Pre-Tax Income,Pre-Tax Margin,TTM Revenue_y,TTM Net Income_x,Net Margin,TTM Net Income_y,Shareholder's Equity_y,Return on Equity,TTM Net Income_x,Tangible Equity,Return on Tangible Equity,TTM Net Income_y,Total Assets,Return on Assets,TTM Net Income,LT Investments & Debt,Return on Investment,revenue,cost-goods-sold,gross-profit,research-development-expenses,selling-general-administrative-expenses,operating-expenses,operating-income,total-non-operating-income-expense,pre-tax-income,total-provision-income-taxes,income-after-taxes,income-from-continuous-operations,net-income,ebitda,ebit,basic-shares-outstanding,shares-outstanding,eps-basic-net-earnings-per-share,eps-earnings-per-share-diluted,cash-on-hand,inventory,other-current-assets,total-current-assets,net-property-plant-equipment,long-term-investments,goodwill-intangible-assets-total,other-long-term-assets,total-long-term-assets,total-assets,total-current-liabilities,long-term-debt,other-non-current-liabilities,total-long-term-liabilities,total-liabilities,common-stock-net,retained-earnings-accumulated-deficit,comprehensive-income,total-share-holder-equity,total-liabilities-share-holders-equity,net-income-loss,total-depreciation-amortization-cash-flow,other-non-cash-items,total-non-cash-items,change-in-accounts-receivable,change-in-inventories,change-in-accounts-payable,change-in-assets-liabilities,total-change-in-assets-liabilities,cash-flow-from-operating-activities,net-change-in-property-plant-equipment,net-change-in-intangible-assets,net-acquisitions-divestitures,net-change-in-short-term-investments,net-change-in-long-term-investments,net-change-in-investments-total,investing-activities-other,cash-flow-from-investing-activities,net-long-term-debt,net-current-debt,debt-issuance-retirement-net-total,net-common-equity-issued-repurchased,net-total-equity-issued-repurchased,total-common-preferred-stock-dividends-paid,financial-activities-other,cash-flow-from-financial-activities,net-cash-flow,stock-based-compensation,common-stock-dividends-paid
0,2018-08-31,21.38,$6.82,3.14,$5.66,3.78,$0.48,44.43,$1.21,17.67,$0.14B,$0.01B,12.03,$0.00B,$0.14B,0.0,$0.11B,$0.03B,25.44%,$0.11B,$0.01B,5.26%,$0.11B,$0.01B,5.26%,$0.11B,$0.01B,7.02%,$0.11B,$0.01B,4.39%,$0.11B,$0.03B,21.93%,$0.03B,$0.14B,16.98%,$0.03B,$0.13B,18.21%,$0.03B,$0.17B,12.25%,$0.01B,$0.14B,3.66%,$11,$8,$3,$0,$2,$10,$1,$0,$1,$-0,$2,$2,$3,$1,$1,$20,20,$0.13,$0.13,$108,$4,$23,$142,$9,$0,$10,$12,$31,$173,$12,$0,$20,$23,$35,$2,$-19,$0,$138,$173,$3,$1,$2,$2,$0,$0,$0,$-2,$-2,$3,$-0,$0,$0,$3,$0,$3,$-0,$2,$0,$0,$0,$1,$1,$-4,$0,$-3,$3,$0,$-4
1,2018-05-31,20.58,$6.75,3.05,$5.67,3.63,$0.37,54.91,$1.11,18.54,$0.14B,$0.01B,10.89,$0.00B,$0.14B,0.0,$0.11B,$0.03B,25.44%,$0.11B,$0.01B,5.26%,$0.11B,$0.01B,5.26%,$0.11B,$0.01B,7.02%,$0.11B,$0.01B,4.39%,$0.11B,$0.02B,20.18%,$0.02B,$0.14B,14.56%,$0.02B,$0.13B,15.54%,$0.02B,$0.17B,9.67%,$0.01B,$0.14B,3.14%,$31,$23,$9,$0,$5,$28,$4,$0,$4,$1,$3,$3,$3,$4,$4,$20,20,$0.16,$0.16,$106,$13,$0,$142,$16,$0,$10,$1,$27,$169,$13,$0,$19,$20,$33,$2,$-20,$0,$137,$169,$3,$1,$0,$1,$0,$0,$0,$-4,$-4,$-0,$-0,$0,$0,$1,$0,$1,$0,$1,$0,$0,$0,$0,$0,$-2,$0,$-2,$-2,$0,$-2
2,2018-02-28,16.85,$6.68,2.52,$5.49,3.07,$0.51,33.1,$1.02,16.52,$0.14B,$0.01B,11.55,$0.00B,$0.14B,0.0,$0.11B,$0.03B,23.64%,$0.11B,$0.00B,1.82%,$0.11B,$0.00B,1.82%,$0.11B,$0.01B,4.55%,$0.11B,$0.00B,0.91%,$0.11B,$0.02B,19.09%,$0.02B,$0.14B,12.41%,$0.02B,$0.13B,13.19%,$0.02B,$0.17B,7.71%,$0.00B,$0.14B,0.91%,$46,$35,$11,$0,$8,$46,$0,$-1,$-1,$-19,$18,$18,$18,$1,$0,$20,20,$0.88,$0.88,$108,$4,$21,$141,$10,$0,$10,$12,$32,$173,$12,$0,$22,$26,$38,$2,$-21,$0,$135,$173,$21,$3,$-37,$-34,$-2,$0,$-0,$-1,$16,$3,$-1,$0,$0,$43,$0,$43,$0,$42,$-72,$0,$-72,$0,$0,$-69,$10,$-131,$-84,$1,$-69
3,2017-11-30,16.22,$8.85,1.83,$4.57,3.55,$1.03,15.81,$0.26,62.4,$0.26B,$0.01B,19.22,$0.07B,$0.18B,0.37,$0.09B,$0.02B,23.91%,$0.09B,$0.01B,5.43%,$0.09B,$0.01B,5.43%,$0.09B,$0.01B,7.61%,$0.09B,$0.01B,5.43%,$0.09B,$0.01B,5.43%,$0.01B,$0.18B,2.76%,$0.01B,$0.17B,2.92%,$0.01B,$0.30B,1.63%,$0.01B,$0.25B,2.01%,$26,$20,$6,$0,$5,$25,$1,$0,$1,$0,$1,$1,$1,$2,$1,$20,20,$0.04,$0.04,$232,$11,$0,$262,$17,$0,$10,$12,$39,$301,$14,$66,$0,$109,$122,$2,$24,$0,$179,$301,$3,$2,$2,$5,$0,$0,$0,$-2,$-2,$5,$-1,$0,$0,$-67,$0,$-67,$0,$-68,$-3,$0,$-3,$0,$0,$-6,$0,$-9,$-72,$1,$-6
4,2017-08-31,15.34,$8.95,1.71,$4.59,3.35,$1.33,11.51,$0.31,49.5,$0.27B,$0.02B,15.23,$0.07B,$0.18B,0.37,$0.09B,$0.02B,25.00%,$0.09B,$0.01B,6.52%,$0.09B,$0.01B,6.52%,$0.09B,$0.01B,8.70%,$0.09B,$0.01B,6.52%,$0.09B,$0.01B,6.52%,$0.01B,$0.18B,3.30%,$0.01B,$0.17B,3.49%,$0.01B,$0.31B,1.94%,$0.01B,$0.25B,2.40%,$11,$8,$3,$0,$2,$10,$1,$0,$1,$0,$1,$1,$1,$1,$1,$20,20,$0.03,$0.03,$233,$12,$0,$269,$18,$0,$10,$12,$39,$308,$18,$67,$0,$109,$127,$2,$25,$1,$181,$308,$1,$1,$1,$2,$0,$0,$0,$-1,$-1,$2,$-0,$0,$0,$-68,$0,$-68,$-0,$-68,$-2,$0,$-2,$0,$0,$-4,$0,$-6,$-72,$0,$-4
5,2017-05-31,14.2,$9.01,1.58,$5.46,2.6,$1.71,8.32,$0.38,37.38,$0.27B,$0.02B,17.62,$0.07B,$0.18B,0.37,$0.11B,$0.03B,24.55%,$0.11B,$0.01B,6.36%,$0.11B,$0.01B,6.36%,$0.11B,$0.01B,9.09%,$0.11B,$0.01B,6.36%,$0.11B,$0.01B,6.36%,$0.01B,$0.18B,3.84%,$0.01B,$0.17B,4.06%,$0.01B,$0.31B,2.26%,$0.01B,$0.25B,2.78%,$27,$21,$6,$0,$5,$27,$0,$0,$0,$-1,$1,$1,$1,$1,$0,$20,20,$0.07,$0.07,$238,$11,$0,$269,$18,$0,$10,$11,$39,$308,$15,$68,$0,$110,$125,$2,$26,$1,$182,$308,$1,$1,$0,$1,$0,$0,$0,$0,$0,$3,$-0,$0,$0,$-55,$0,$-55,$0,$-55,$-1,$0,$-1,$0,$0,$-2,$0,$-3,$-55,$0,$-2
6,2017-02-28,15.98,$9.04,1.77,$5.66,2.82,$2.00,7.98,$0.46,34.74,$0.27B,$0.01B,19.06,$0.07B,$0.18B,0.38,$0.11B,$0.03B,26.32%,$0.11B,$0.01B,8.77%,$0.11B,$0.01B,8.77%,$0.11B,$0.01B,11.40%,$0.11B,$0.01B,8.77%,$0.11B,$0.01B,7.89%,$0.01B,$0.18B,4.94%,$0.01B,$0.17B,5.22%,$0.01B,$0.31B,2.88%,$0.01B,$0.25B,3.96%,$28,$20,$7,$0,$5,$25,$3,$0,$3,$0,$2,$2,$2,$3,$3,$20,20,$0.12,$0.12,$239,$11,$0,$269,$19,$0,$10,$11,$39,$309,$14,$69,$1,$112,$126,$2,$27,$1,$183,$309,$9,$4,$-0,$3,$5,$-1,$-2,$-1,$1,$13,$-0,$0,$0,$3,$0,$3,$0,$2,$-3,$0,$-3,$0,$0,$-8,$0,$-11,$5,$1,$-8
7,2016-11-30,15.07,$9.00,1.67,$6.06,2.49,$2.03,7.43,$0.57,26.44,$0.27B,$0.01B,19.82,$0.07B,$0.18B,0.38,$0.12B,$0.03B,27.87%,$0.12B,$0.01B,9.84%,$0.12B,$0.01B,9.84%,$0.12B,$0.02B,13.11%,$0.12B,$0.01B,9.84%,$0.12B,$0.01B,9.84%,$0.01B,$0.18B,6.60%,$0.01B,$0.17B,6.98%,$0.01B,$0.31B,3.82%,$0.01B,$0.25B,4.75%,$26,$20,$7,$0,$5,$25,$2,$0,$2,$0,$2,$2,$2,$3,$2,$20,20,$0.09,$0.09,$239,$13,$0,$270,$19,$0,$10,$11,$40,$310,$14,$70,$1,$114,$128,$2,$27,$1,$182,$310,$7,$3,$1,$4,$0,$0,$0,$0,$0,$11,$-0,$0,$0,$6,$0,$6,$0,$6,$-2,$0,$-2,$0,$0,$-6,$0,$-8,$9,$1,$-6
8,2016-08-31,13.67,$9.01,1.52,$6.44,2.12,$1.93,7.08,$0.68,20.1,$0.27B,$0.02B,17.67,$0.07B,$0.18B,0.39,$0.13B,$0.04B,28.46%,$0.13B,$0.02B,11.54%,$0.13B,$0.02B,11.54%,$0.13B,$0.02B,14.62%,$0.13B,$0.02B,11.54%,$0.13B,$0.01B,10.77%,$0.01B,$0.18B,7.75%,$0.01B,$0.17B,8.19%,$0.01B,$0.31B,4.41%,$0.02B,$0.25B,5.94%,$29,$22,$7,$0,$5,$27,$2,$0,$2,$0,$2,$2,$2,$3,$2,$20,20,$0.10,$0.10,$240,$12,$0,$272,$20,$0,$10,$11,$41,$313,$15,$71,$1,$115,$131,$2,$27,$1,$182,$313,$5,$2,$1,$3,$0,$0,$0,$1,$1,$9,$-0,$0,$0,$2,$0,$2,$0,$2,$-2,$0,$-2,$0,$0,$-4,$0,$-6,$6,$1,$-4
9,2016-05-31,13.43,$9.00,1.49,$6.87,1.95,$1.69,7.97,$0.81,16.58,$0.28B,$0.02B,14.86,$0.07B,$0.18B,0.39,$0.14B,$0.04B,28.78%,$0.14B,$0.02B,12.95%,$0.14B,$0.02B,12.95%,$0.14B,$0.02B,15.83%,$0.14B,$0.02B,12.95%,$0.14B,$0.02B,12.23%,$0.02B,$0.18B,9.48%,$0.02B,$0.17B,10.04%,$0.02B,$0.32B,5.28%,$0.02B,$0.25B,7.14%,$31,$23,$9,$0,$5,$28,$3,$0,$3,$0,$3,$3,$3,$4,$3,$20,20,$0.15,$0.15,$242,$12,$0,$275,$21,$0,$10,$11,$42,$317,$19,$71,$1,$116,$135,$2,$27,$1,$182,$317,$3,$1,$0,$1,$0,$0,$0,$4,$4,$8,$-0,$0,$0,$4,$0,$4,$0,$3,$-1,$0,$-1,$0,$0,$-2,$0,$-3,$9,$0,$-2
10,2016-02-29,11.61,$8.94,1.3,$7.16,1.62,$1.08,10.77,$0.89,13.04,$0.27B,$0.02B,16.32,$0.07B,$0.18B,0.4,$0.15B,$0.04B,28.77%,$0.15B,$0.02B,13.70%,$0.15B,$0.02B,13.70%,$0.15B,$0.02B,16.44%,$0.15B,$0.02B,13.70%,$0.15B,$0.02B,13.01%,$0.02B,$0.18B,10.70%,$0.02B,$0.17B,11.33%,$0.02B,$0.32B,5.84%,$0.02B,$0.25B,7.91%,$36,$25,$11,$0,$5,$30,$5,$-0,$5,$1,$5,$5,$5,$6,$5,$20,20,$0.23,$0.23,$237,$10,$0,$272,$22,$0,$10,$11,$43,$315,$17,$72,$1,$117,$134,$2,$26,$1,$181,$315,$18,$4,$-10,$-6,$-1,$4,$-1,$0,$2,$14,$-0,$0,$2,$-10,$0,$-10,$0,$-8,$-19,$0,$-19,$-12,$-12,$-8,$-10,$-49,$-44,$2,$-8
11,2015-11-30,14.19,$8.79,1.61,$7.13,1.99,$1.77,8.0,$0.89,15.94,$0.27B,$0.03B,9.94,$0.07B,$0.18B,0.41,$0.15B,$0.04B,28.77%,$0.15B,$0.02B,13.70%,$0.15B,$0.02B,13.70%,$0.15B,$0.02B,16.44%,$0.15B,$0.02B,13.70%,$0.15B,$0.02B,13.01%,$0.02B,$0.18B,10.69%,$0.02B,$0.17B,11.31%,$0.02B,$0.33B,5.68%,$0.02B,$0.25B,7.80%,$34,$24,$10,$0,$5,$29,$5,$-0,$5,$1,$4,$4,$4,$6,$5,$20,20,$0.20,$0.20,$230,$13,$0,$268,$22,$0,$10,$26,$58,$326,$27,$73,$1,$121,$148,$2,$23,$1,$178,$326,$13,$3,$-9,$-6,$0,$0,$0,$-0,$-0,$7,$2,$0,$0,$-24,$0,$-24,$0,$-22,$-8,$0,$-8,$-12,$-12,$-6,$-25,$-51,$-65,$1,$-6
12,2015-08-31,14.19,$8.68,1.63,$7.08,2.0,$2.34,6.08,$0.79,17.96,$0.27B,$0.03B,9.2,$0.08B,$0.18B,0.44,$0.15B,$0.04B,27.89%,$0.15B,$0.02B,11.56%,$0.15B,$0.02B,11.56%,$0.15B,$0.02B,14.29%,$0.15B,$0.02B,11.56%,$0.15B,$0.02B,11.56%,$0.02B,$0.18B,9.13%,$0.02B,$0.17B,9.63%,$0.02B,$0.33B,4.85%,$0.02B,$0.25B,6.34%,$38,$28,$10,$0,$5,$33,$5,$-0,$5,$1,$5,$5,$5,$6,$5,$20,20,$0.23,$0.23,$229,$14,$0,$271,$23,$0,$10,$26,$59,$330,$29,$77,$1,$125,$154,$2,$21,$1,$176,$330,$9,$2,$-10,$-8,$0,$0,$0,$1,$1,$2,$2,$0,$0,$-10,$0,$-10,$0,$-9,$-5,$0,$-5,$-12,$-12,$-4,$-25,$-46,$-52,$1,$-4
13,2015-05-31,17.22,$8.60,2.0,$7.23,2.38,$3.00,5.74,$0.80,21.52,$0.27B,$0.03B,10.13,$0.08B,$0.18B,0.46,$0.15B,$0.04B,28.48%,$0.15B,$0.02B,11.92%,$0.15B,$0.02B,11.92%,$0.15B,$0.02B,14.57%,$0.15B,$0.02B,11.92%,$0.15B,$0.02B,11.26%,$0.02B,$0.18B,8.71%,$0.02B,$0.17B,9.16%,$0.02B,$0.33B,4.65%,$0.02B,$0.26B,6.42%,$38,$26,$11,$0,$6,$32,$5,$-0,$5,$1,$5,$5,$5,$6,$5,$21,21,$0.23,$0.23,$229,$15,$0,$271,$24,$0,$10,$26,$60,$331,$27,$80,$1,$129,$155,$2,$19,$2,$175,$331,$5,$1,$-10,$-9,$0,$0,$0,$-1,$-1,$-6,$2,$0,$0,$-37,$0,$-37,$0,$-36,$-3,$0,$-3,$-9,$-9,$-2,$-25,$-39,$-80,$0,$-2
14,2015-02-28,17.32,$8.72,1.99,$7.72,2.24,$3.64,4.76,$0.96,18.04,$0.31B,$0.03B,10.54,$0.08B,$0.18B,0.46,$0.16B,$0.05B,30.25%,$0.16B,$0.02B,14.20%,$0.16B,$0.02B,14.20%,$0.16B,$0.03B,16.67%,$0.16B,$0.02B,14.20%,$0.16B,$0.02B,12.35%,$0.02B,$0.18B,9.84%,$0.02B,$0.17B,10.35%,$0.02B,$0.35B,5.26%,$0.02B,$0.27B,7.91%,$36,$25,$11,$0,$6,$31,$5,$-0,$5,$0,$5,$5,$5,$6,$5,$21,21,$0.23,$0.23,$272,$14,$0,$313,$27,$0,$10,$1,$37,$351,$30,$84,$1,$139,$169,$2,$16,$1,$182,$351,$20,$4,$-1,$3,$1,$-1,$0,$3,$6,$29,$-0,$0,$0,$6,$0,$6,$0,$5,$-10,$0,$-10,$-1,$-1,$-40,$25,$-26,$8,$1,$-40
15,2014-11-30,18.3,$10.11,1.81,$7.82,2.34,$3.68,4.97,$-2.15,0.0,$0.32B,$0.03B,10.07,$0.09B,$0.21B,0.41,$0.16B,$0.05B,29.27%,$0.16B,$0.02B,13.41%,$0.16B,$0.02B,13.41%,$0.16B,$0.03B,15.85%,$0.16B,$0.02B,13.41%,$0.16B,$-0.05B,-27.44%,$-0.05B,$0.21B,-21.63%,$-0.05B,$0.20B,-22.73%,$-0.05B,$0.39B,-11.64%,$0.02B,$0.30B,7.38%,$35,$26,$9,$0,$6,$32,$2,$-0,$2,$0,$2,$2,$2,$3,$2,$21,21,$0.10,$0.10,$285,$14,$0,$324,$27,$0,$10,$28,$65,$389,$32,$87,$0,$145,$177,$2,$45,$1,$212,$389,$15,$3,$-1,$2,$0,$0,$0,$3,$3,$21,$-0,$0,$0,$2,$0,$2,$0,$1,$0,$0,$0,$1,$1,$-6,$0,$-5,$17,$1,$-6
16,2014-08-31,20.84,$10.10,2.06,$8.07,2.58,$3.75,5.56,$-2.02,0.0,$0.33B,$0.03B,10.02,$0.09B,$0.21B,0.42,$0.17B,$0.05B,29.59%,$0.17B,$0.03B,14.79%,$0.17B,$0.03B,14.79%,$0.17B,$0.03B,17.16%,$0.17B,$0.03B,14.79%,$0.17B,$-0.04B,-24.85%,$-0.04B,$0.21B,-17.99%,$-0.04B,$0.20B,-18.79%,$-0.04B,$0.39B,-10.91%,$0.03B,$0.30B,7.94%,$42,$30,$12,$0,$6,$37,$6,$-0,$6,$1,$5,$5,$5,$7,$6,$21,21,$0.24,$0.24,$285,$15,$0,$327,$28,$0,$10,$26,$64,$392,$33,$89,$0,$147,$180,$2,$45,$1,$212,$392,$13,$2,$1,$3,$0,$0,$0,$2,$2,$18,$-0,$0,$0,$-34,$0,$-34,$0,$-34,$0,$0,$0,$2,$2,$-4,$0,$-3,$-19,$1,$-4
17,2014-05-31,19.82,$9.89,2.0,$8.19,2.42,$3.49,5.68,$-1.87,0.0,$0.32B,$0.03B,9.92,$0.09B,$0.21B,0.44,$0.17B,$0.05B,30.41%,$0.17B,$0.03B,15.20%,$0.17B,$0.03B,15.20%,$0.17B,$0.03B,18.13%,$0.17B,$0.03B,15.20%,$0.17B,$-0.04B,-22.81%,$-0.04B,$0.21B,-15.12%,$-0.04B,$0.20B,-15.73%,$-0.04B,$0.39B,-10.20%,$0.03B,$0.30B,7.87%,$49,$32,$17,$0,$7,$39,$10,$-0,$10,$2,$8,$8,$8,$11,$10,$21,21,$0.39,$0.39,$277,$15,$0,$324,$29,$0,$10,$26,$65,$389,$33,$92,$0,$150,$183,$2,$42,$1,$207,$389,$8,$1,$0,$2,$0,$0,$0,$-0,$-0,$9,$-0,$0,$0,$-5,$0,$-5,$0,$-5,$0,$0,$0,$0,$0,$-2,$0,$-2,$2,$0,$-2
18,2014-02-28,20.96,$9.61,2.18,$7.94,2.64,$3.33,6.29,$-2.02,0.0,$0.31B,$0.02B,12.84,$0.09B,$0.20B,0.47,$0.17B,$0.05B,29.09%,$0.17B,$0.02B,13.33%,$0.17B,$0.02B,13.33%,$0.17B,$0.03B,16.97%,$0.17B,$0.02B,13.33%,$0.17B,$-0.04B,-25.45%,$-0.04B,$0.20B,-14.89%,$-0.04B,$0.19B,-15.43%,$-0.04B,$0.38B,-11.08%,$0.02B,$0.30B,6.39%,$38,$28,$10,$0,$6,$34,$4,$-0,$4,$64,$-60,$-60,$-60,$5,$4,$21,21,$-2.89,$-2.89,$270,$14,$0,$311,$30,$0,$10,$26,$66,$377,$24,$94,$0,$152,$177,$2,$36,$1,$201,$377,$-42,$6,$65,$71,$3,$-1,$-0,$2,$2,$30,$-1,$0,$0,$-50,$0,$-50,$0,$-51,$52,$0,$52,$1,$1,$-61,$-25,$-33,$-53,$2,$-61
19,2013-11-30,19.87,$15.02,1.32,$8.16,2.43,$2.78,7.14,$1.06,18.75,$0.34B,$0.02B,21.49,$0.05B,$0.31B,0.17,$0.17B,$0.05B,29.41%,$0.17B,$0.02B,13.53%,$0.17B,$0.02B,13.53%,$0.17B,$0.03B,17.06%,$0.17B,$0.02B,13.53%,$0.17B,$0.02B,12.94%,$0.02B,$0.31B,7.17%,$0.02B,$0.30B,7.41%,$0.02B,$0.38B,5.83%,$0.02B,$0.37B,6.41%,$40,$29,$11,$0,$6,$35,$5,$-0,$5,$0,$5,$5,$5,$6,$5,$21,21,$0.23,$0.23,$291,$15,$0,$335,$30,$0,$10,$7,$47,$382,$16,$52,$0,$53,$69,$2,$150,$1,$314,$382,$18,$4,$1,$5,$0,$0,$0,$0,$0,$23,$-1,$0,$0,$-74,$0,$-74,$0,$-75,$0,$0,$0,$1,$1,$-6,$0,$-5,$-57,$1,$-6
20,2013-08-31,17.69,$14.85,1.19,$8.25,2.14,$2.31,7.64,$1.06,16.69,$0.33B,$0.02B,18.74,$0.05B,$0.31B,0.17,$0.17B,$0.05B,30.41%,$0.17B,$0.02B,14.04%,$0.17B,$0.02B,14.04%,$0.17B,$0.03B,17.54%,$0.17B,$0.02B,14.04%,$0.17B,$0.02B,12.87%,$0.02B,$0.31B,6.97%,$0.02B,$0.30B,7.19%,$0.02B,$0.38B,5.88%,$0.02B,$0.36B,6.77%,$44,$31,$14,$0,$6,$37,$7,$-0,$7,$-1,$8,$8,$8,$9,$7,$21,21,$0.39,$0.39,$284,$14,$0,$333,$31,$0,$10,$7,$48,$381,$18,$52,$0,$53,$71,$2,$147,$1,$310,$381,$13,$3,$1,$3,$0,$0,$0,$-3,$-3,$13,$-1,$0,$0,$-85,$0,$-85,$0,$-86,$0,$0,$0,$0,$0,$-4,$0,$-4,$-76,$1,$-4
21,2013-05-31,15.91,$14.57,1.09,$8.35,1.91,$2.00,7.97,$0.83,19.17,$0.33B,$0.02B,17.01,$0.05B,$0.30B,0.17,$0.17B,$0.05B,29.48%,$0.17B,$0.02B,12.14%,$0.17B,$0.02B,12.14%,$0.17B,$0.03B,15.61%,$0.17B,$0.02B,12.14%,$0.17B,$0.02B,9.83%,$0.02B,$0.30B,5.24%,$0.02B,$0.29B,5.38%,$0.02B,$0.38B,4.59%,$0.02B,$0.36B,5.99%,$43,$30,$13,$0,$7,$37,$6,$-0,$6,$1,$5,$5,$5,$8,$6,$21,21,$0.24,$0.24,$279,$14,$0,$327,$32,$0,$10,$7,$49,$376,$19,$52,$0,$53,$72,$2,$141,$1,$303,$376,$5,$1,$0,$2,$0,$0,$0,$-0,$-0,$6,$-0,$0,$0,$-1,$0,$-1,$0,$-2,$0,$0,$0,$0,$0,$-2,$0,$-2,$3,$0,$-2
22,2013-02-28,16.53,$14.40,1.15,$8.47,1.95,$1.81,9.14,$0.83,19.92,$0.32B,$0.02B,19.23,$0.05B,$0.30B,0.17,$0.18B,$0.05B,28.98%,$0.18B,$0.02B,11.93%,$0.18B,$0.02B,11.93%,$0.18B,$0.03B,14.77%,$0.18B,$0.02B,11.93%,$0.18B,$0.02B,9.66%,$0.02B,$0.30B,5.07%,$0.02B,$0.29B,5.20%,$0.02B,$0.37B,4.60%,$0.02B,$0.35B,6.03%,$43,$31,$12,$0,$7,$38,$5,$0,$5,$1,$4,$4,$4,$6,$5,$21,21,$0.19,$0.18,$275,$13,$0,$321,$32,$0,$10,$7,$49,$370,$17,$52,$0,$53,$70,$2,$139,$1,$300,$370,$17,$6,$4,$10,$-2,$3,$-2,$-3,$-7,$19,$-1,$0,$-2,$49,$0,$49,$0,$45,$52,$0,$52,$1,$1,$-60,$-0,$-8,$57,$1,$-60
23,2012-11-30,13.23,$16.80,0.79,$8.52,1.55,$2.27,5.83,$0.78,16.96,$0.32B,$0.02B,17.04,$0.00B,$0.35B,0.0,$0.18B,$0.05B,28.25%,$0.18B,$0.02B,10.73%,$0.18B,$0.02B,10.73%,$0.18B,$0.03B,14.12%,$0.18B,$0.02B,10.73%,$0.18B,$0.02B,9.04%,$0.02B,$0.35B,4.62%,$0.02B,$0.34B,4.73%,$0.02B,$0.37B,4.34%,$0.02B,$0.35B,5.49%,$41,$29,$13,$0,$6,$36,$6,$0,$6,$1,$5,$5,$5,$7,$6,$21,21,$0.23,$0.23,$274,$16,$0,$318,$33,$0,$10,$8,$51,$369,$19,$0,$0,$1,$20,$2,$189,$1,$349,$369,$13,$4,$3,$7,$0,$0,$0,$-7,$-7,$13,$-1,$0,$0,$18,$0,$18,$0,$16,$0,$0,$0,$0,$0,$-6,$0,$-6,$23,$1,$-6
24,2012-08-31,13.98,$16.66,0.84,$8.82,1.59,$2.62,5.34,$0.81,17.26,$0.32B,$0.02B,16.71,$0.00B,$0.35B,0.0,$0.18B,$0.05B,27.32%,$0.18B,$0.02B,10.38%,$0.18B,$0.02B,10.38%,$0.18B,$0.03B,14.21%,$0.18B,$0.02B,10.38%,$0.18B,$0.02B,8.74%,$0.02B,$0.35B,4.65%,$0.02B,$0.34B,4.75%,$0.02B,$0.37B,4.35%,$0.02B,$0.35B,5.52%,$46,$33,$13,$0,$7,$42,$4,$0,$4,$1,$3,$3,$3,$6,$4,$21,21,$0.16,$0.16,$270,$16,$0,$317,$33,$0,$8,$8,$49,$367,$19,$0,$0,$1,$20,$2,$186,$1,$346,$367,$8,$3,$3,$5,$0,$0,$0,$-7,$-7,$6,$-1,$0,$0,$-3,$0,$-3,$0,$-3,$0,$0,$0,$0,$0,$-4,$0,$-4,$-1,$0,$-4
25,2012-05-31,12.53,$16.67,0.75,$9.02,1.39,$2.94,4.27,$1.02,12.29,$0.32B,$0.02B,13.28,$0.00B,$0.35B,0.0,$0.19B,$0.05B,27.81%,$0.19B,$0.02B,12.30%,$0.19B,$0.02B,12.30%,$0.19B,$0.03B,15.51%,$0.19B,$0.02B,12.83%,$0.19B,$0.02B,11.23%,$0.02B,$0.35B,6.14%,$0.02B,$0.34B,6.28%,$0.02B,$0.37B,5.72%,$0.02B,$0.35B,6.72%,$46,$33,$13,$0,$7,$40,$6,$0,$6,$1,$5,$5,$5,$7,$6,$21,21,$0.24,$0.24,$268,$18,$0,$318,$38,$0,$8,$8,$54,$372,$24,$0,$0,$1,$25,$2,$185,$2,$347,$372,$5,$1,$0,$2,$0,$0,$0,$-4,$-4,$2,$-0,$0,$0,$-1,$0,$-1,$0,$-1,$0,$0,$0,$0,$0,$-2,$0,$-2,$-1,$0,$-2
26,2012-02-29,15.08,$16.50,0.91,$9.30,1.62,$3.26,4.63,$1.13,13.34,$0.31B,$0.02B,14.53,$0.00B,$0.34B,0.0,$0.19B,$0.06B,28.50%,$0.19B,$0.03B,12.95%,$0.19B,$0.03B,12.95%,$0.19B,$0.03B,16.58%,$0.19B,$0.03B,13.99%,$0.19B,$0.02B,11.92%,$0.02B,$0.34B,6.80%,$0.02B,$0.34B,6.95%,$0.02B,$0.37B,6.31%,$0.03B,$0.34B,7.39%,$44,$32,$11,$0,$7,$40,$3,$0,$3,$0,$3,$3,$3,$5,$3,$21,21,$0.15,$0.15,$269,$16,$0,$312,$39,$0,$8,$8,$54,$366,$21,$0,$0,$1,$23,$2,$182,$2,$343,$366,$23,$7,$2,$9,$6,$-3,$-1,$-1,$-1,$31,$-4,$0,$-1,$-2,$0,$-2,$0,$-8,$0,$0,$0,$2,$2,$-8,$0,$-6,$17,$1,$-8
27,2011-11-30,14.4,$16.43,0.88,$9.67,1.49,$3.87,3.72,$1.38,10.44,$0.31B,$0.02B,13.53,$0.00B,$0.34B,0.0,$0.20B,$0.06B,30.50%,$0.20B,$0.03B,16.00%,$0.20B,$0.03B,16.00%,$0.20B,$0.04B,19.50%,$0.20B,$0.04B,17.50%,$0.20B,$0.03B,14.00%,$0.03B,$0.34B,8.39%,$0.03B,$0.33B,8.58%,$0.03B,$0.37B,7.75%,$0.03B,$0.34B,9.59%,$47,$34,$13,$0,$7,$41,$6,$0,$6,$1,$5,$5,$5,$8,$6,$21,21,$0.26,$0.26,$262,$16,$0,$309,$40,$0,$8,$10,$58,$367,$23,$0,$1,$3,$26,$2,$181,$2,$341,$367,$20,$5,$1,$6,$0,$0,$0,$-3,$-3,$23,$-3,$0,$-1,$13,$0,$13,$0,$8,$0,$0,$0,$1,$1,$-6,$0,$-5,$25,$1,$-6
28,2011-08-31,12.88,$16.27,0.79,$9.66,1.33,$4.46,2.89,$1.36,9.47,$0.31B,$0.02B,13.46,$0.00B,$0.34B,0.0,$0.20B,$0.06B,31.00%,$0.20B,$0.03B,16.50%,$0.20B,$0.03B,16.50%,$0.20B,$0.04B,20.00%,$0.20B,$0.04B,18.00%,$0.20B,$0.03B,14.00%,$0.03B,$0.34B,8.41%,$0.03B,$0.33B,8.59%,$0.03B,$0.36B,7.75%,$0.03B,$0.34B,9.91%,$50,$36,$15,$0,$7,$43,$8,$2,$9,$2,$8,$8,$8,$9,$8,$21,21,$0.37,$0.37,$258,$15,$0,$305,$41,$0,$8,$9,$58,$363,$23,$0,$2,$3,$26,$2,$178,$2,$338,$363,$15,$4,$0,$4,$0,$0,$0,$-4,$-4,$15,$-3,$0,$-1,$30,$0,$30,$0,$26,$0,$0,$0,$1,$1,$-4,$0,$-3,$38,$0,$-4
29,2011-05-31,15.56,$15.98,0.97,$9.88,1.58,$4.71,3.3,$1.45,10.73,$0.30B,$0.03B,10.87,$0.00B,$0.33B,0.0,$0.21B,$0.07B,31.71%,$0.21B,$0.04B,17.56%,$0.21B,$0.04B,17.56%,$0.21B,$0.04B,21.46%,$0.21B,$0.04B,18.54%,$0.21B,$0.03B,14.15%,$0.03B,$0.33B,8.73%,$0.03B,$0.32B,8.91%,$0.03B,$0.36B,8.03%,$0.04B,$0.33B,10.84%,$52,$36,$16,$0,$8,$43,$8,$0,$9,$1,$7,$7,$7,$10,$8,$21,21,$0.35,$0.35,$256,$14,$0,$304,$41,$0,$8,$9,$58,$362,$28,$0,$2,$3,$31,$2,$172,$2,$331,$362,$7,$2,$0,$2,$0,$0,$0,$1,$1,$10,$-2,$0,$-1,$47,$0,$47,$0,$44,$0,$0,$0,$0,$0,$-2,$0,$-2,$53,$0,$-2
30,2011-02-28,16.33,$15.70,1.04,$10.25,1.59,$4.68,3.49,$1.58,10.34,$0.30B,$0.03B,11.76,$0.00B,$0.33B,0.0,$0.21B,$0.07B,32.55%,$0.21B,$0.04B,18.87%,$0.21B,$0.04B,18.87%,$0.21B,$0.05B,22.64%,$0.21B,$0.04B,19.34%,$0.21B,$0.03B,15.09%,$0.03B,$0.33B,9.67%,$0.03B,$0.32B,9.86%,$0.03B,$0.35B,8.88%,$0.04B,$0.33B,12.09%,$51,$34,$17,$0,$7,$41,$10,$0,$11,$2,$8,$8,$8,$12,$10,$21,21,$0.40,$0.40,$250,$13,$0,$297,$41,$0,$7,$9,$57,$354,$25,$0,$2,$3,$29,$2,$167,$2,$325,$354,$33,$8,$3,$11,$2,$-1,$-0,$-4,$-1,$43,$-3,$0,$-1,$-36,$0,$-36,$0,$-40,$0,$0,$0,$4,$4,$-29,$1,$-25,$-22,$1,$-29
31,2010-11-30,13.09,$16.35,0.8,$10.23,1.28,$3.73,3.51,$1.68,7.79,$0.31B,$0.02B,12.99,$0.00B,$0.34B,0.0,$0.21B,$0.07B,33.18%,$0.21B,$0.04B,18.96%,$0.21B,$0.04B,18.96%,$0.21B,$0.05B,23.22%,$0.21B,$0.04B,19.43%,$0.21B,$0.03B,16.11%,$0.03B,$0.34B,10.35%,$0.03B,$0.33B,10.50%,$0.03B,$0.37B,9.51%,$0.04B,$0.34B,12.18%,$47,$32,$14,$0,$6,$40,$7,$0,$7,$2,$5,$5,$5,$9,$7,$21,21,$0.24,$0.24,$263,$13,$0,$307,$43,$0,$6,$11,$60,$366,$24,$0,$3,$5,$28,$2,$181,$2,$338,$366,$24,$6,$1,$7,$0,$0,$0,$3,$3,$34,$-3,$0,$-1,$-36,$0,$-36,$0,$-40,$0,$0,$0,$2,$2,$-6,$0,$-4,$-10,$1,$-6
32,2010-08-31,11.34,$16.21,0.7,$10.20,1.11,$2.89,3.92,$1.79,6.33,$0.30B,$0.02B,12.6,$0.00B,$0.33B,0.0,$0.21B,$0.07B,33.33%,$0.21B,$0.04B,19.52%,$0.21B,$0.04B,19.52%,$0.21B,$0.05B,23.33%,$0.21B,$0.04B,20.00%,$0.21B,$0.04B,17.14%,$0.04B,$0.33B,11.21%,$0.04B,$0.33B,11.32%,$0.04B,$0.36B,10.28%,$0.04B,$0.33B,12.77%,$55,$36,$18,$0,$7,$43,$11,$0,$11,$2,$9,$9,$9,$13,$11,$21,21,$0.46,$0.46,$252,$14,$0,$303,$43,$0,$6,$11,$60,$363,$24,$0,$4,$5,$29,$2,$178,$2,$334,$363,$19,$4,$1,$4,$0,$0,$0,$-4,$-4,$19,$-2,$0,$-1,$-48,$0,$-48,$0,$-51,$0,$0,$0,$2,$2,$-4,$0,$-2,$-34,$1,$-4
33,2010-05-31,12.17,$15.81,0.77,$9.63,1.26,$2.59,4.7,$1.56,7.8,$0.30B,$0.03B,11.19,$0.00B,$0.33B,0.0,$0.20B,$0.06B,31.82%,$0.20B,$0.04B,18.18%,$0.20B,$0.04B,18.18%,$0.20B,$0.04B,21.72%,$0.20B,$0.04B,18.69%,$0.20B,$0.03B,16.16%,$0.03B,$0.33B,10.24%,$0.03B,$0.32B,10.29%,$0.03B,$0.36B,9.34%,$0.04B,$0.33B,11.52%,$59,$39,$20,$0,$8,$47,$12,$0,$12,$3,$10,$10,$10,$14,$12,$21,21,$0.48,$0.48,$244,$14,$0,$297,$44,$0,$6,$11,$61,$358,$27,$0,$4,$5,$32,$2,$171,$2,$326,$358,$10,$2,$0,$2,$0,$0,$0,$-4,$-4,$8,$-1,$0,$-1,$-50,$0,$-50,$0,$-52,$0,$0,$0,$1,$1,$-2,$0,$-0,$-43,$0,$-2
34,2010-02-28,12.7,$15.39,0.83,$8.55,1.48,$2.51,5.06,$1.23,10.32,$0.28B,$0.02B,13.06,$0.00B,$0.32B,0.0,$0.18B,$0.05B,29.55%,$0.18B,$0.03B,15.34%,$0.18B,$0.03B,15.34%,$0.18B,$0.03B,19.32%,$0.18B,$0.03B,16.48%,$0.18B,$0.03B,14.20%,$0.03B,$0.32B,8.18%,$0.03B,$0.32B,8.18%,$0.03B,$0.34B,7.46%,$0.03B,$0.32B,8.84%,$50,$33,$18,$0,$7,$40,$10,$0,$11,$0,$10,$10,$10,$13,$10,$21,21,$0.51,$0.50,$238,$12,$0,$283,$45,$0,$0,$16,$60,$343,$22,$0,$4,$5,$27,$2,$163,$2,$316,$343,$25,$8,$-1,$7,$-9,$-1,$2,$4,$-9,$24,$-3,$0,$-1,$80,$0,$80,$0,$76,$0,$0,$0,$1,$1,$-7,$0,$-6,$93,$1,$-7
35,2009-11-30,10.97,$14.99,0.73,$7.83,1.4,$2.64,4.15,$1.69,6.49,$0.28B,$0.02B,12.32,$0.00B,$0.31B,0.0,$0.16B,$0.04B,26.09%,$0.16B,$0.01B,8.07%,$0.16B,$0.01B,8.07%,$0.16B,$0.02B,13.04%,$0.16B,$0.02B,9.94%,$0.16B,$0.04B,21.74%,$0.04B,$0.31B,11.65%,$0.04B,$0.31B,11.65%,$0.04B,$0.34B,10.56%,$0.01B,$0.31B,4.33%,$46,$32,$14,$0,$6,$38,$8,$0,$8,$1,$7,$7,$7,$9,$8,$21,21,$0.35,$0.35,$234,$11,$0,$276,$45,$0,$0,$16,$61,$337,$22,$0,$3,$6,$29,$2,$155,$2,$308,$337,$15,$5,$1,$6,$0,$0,$0,$-5,$-5,$16,$-2,$0,$-1,$108,$0,$108,$0,$105,$0,$0,$0,$1,$1,$-5,$0,$-4,$117,$1,$-5
36,2009-08-31,9.91,$14.62,0.68,$7.99,1.24,$2.48,4.0,$1.48,6.69,$0.27B,$0.03B,10.53,$0.00B,$0.30B,0.0,$0.16B,$0.04B,23.17%,$0.16B,$0.01B,4.88%,$0.16B,$0.01B,4.88%,$0.16B,$0.02B,10.37%,$0.16B,$0.01B,7.93%,$0.16B,$0.03B,18.90%,$0.03B,$0.30B,10.56%,$0.03B,$0.30B,10.56%,$0.03B,$0.33B,9.42%,$0.01B,$0.30B,2.73%,$43,$32,$11,$0,$5,$37,$6,$0,$6,$1,$5,$5,$5,$7,$6,$21,21,$0.23,$0.23,$234,$11,$0,$271,$47,$0,$0,$16,$63,$333,$26,$0,$3,$7,$33,$2,$148,$2,$300,$333,$8,$3,$1,$4,$0,$0,$0,$1,$1,$12,$-1,$0,$-1,$127,$0,$127,$0,$124,$0,$0,$0,$1,$1,$-3,$0,$-2,$135,$1,$-3
37,2009-05-31,8.8,$14.49,0.61,$8.63,1.02,$2.37,3.72,$1.49,5.91,$0.27B,$0.02B,11.56,$0.00B,$0.30B,0.0,$0.18B,$0.04B,21.47%,$0.18B,$0.01B,3.95%,$0.18B,$0.01B,3.95%,$0.18B,$0.02B,9.60%,$0.18B,$0.01B,7.34%,$0.18B,$0.03B,17.51%,$0.03B,$0.30B,10.75%,$0.03B,$0.30B,10.75%,$0.03B,$0.33B,9.40%,$0.01B,$0.30B,2.43%,$37,$27,$9,$0,$6,$33,$3,$1,$4,$1,$3,$3,$3,$5,$3,$20,20,$0.15,$0.15,$230,$11,$0,$265,$48,$0,$0,$15,$63,$328,$23,$0,$3,$7,$30,$2,$147,$2,$298,$328,$3,$2,$0,$2,$0,$0,$0,$2,$2,$7,$-1,$0,$0,$113,$0,$113,$0,$112,$0,$0,$0,$0,$0,$-2,$0,$-2,$118,$0,$-2
38,2009-02-28,7.1,$14.45,0.49,$9.77,0.73,$2.34,3.04,$1.71,4.15,$0.26B,$0.02B,10.87,$0.00B,$0.30B,0.0,$0.20B,$0.04B,22.00%,$0.20B,$0.01B,6.00%,$0.20B,$0.01B,6.00%,$0.20B,$0.02B,11.00%,$0.20B,$0.02B,9.50%,$0.20B,$0.04B,18.00%,$0.04B,$0.30B,12.71%,$0.04B,$0.30B,12.71%,$0.04B,$0.33B,10.86%,$0.01B,$0.30B,4.24%,$35,$27,$8,$0,$6,$39,$-4,$2,$-2,$-5,$3,$3,$20,$-0,$-4,$20,20,$0.96,$0.96,$225,$11,$0,$264,$49,$0,$0,$15,$64,$328,$24,$0,$4,$8,$32,$2,$145,$2,$296,$328,$35,$9,$-20,$-11,$15,$3,$-4,$2,$11,$35,$-12,$0,$-5,$-73,$0,$-73,$0,$-90,$0,$0,$0,$2,$2,$-7,$0,$-4,$-59,$1,$-7
39,2008-11-30,7.97,$13.67,0.58,$11.01,0.72,$3.06,2.61,$1.21,6.59,$0.26B,$0.02B,11.62,$0.00B,$0.28B,0.0,$0.23B,$0.05B,23.01%,$0.23B,$0.02B,10.18%,$0.23B,$0.02B,10.18%,$0.23B,$0.03B,13.72%,$0.23B,$0.03B,13.27%,$0.23B,$0.03B,11.06%,$0.03B,$0.28B,9.04%,$0.03B,$0.28B,9.04%,$0.03B,$0.33B,7.55%,$0.02B,$0.28B,8.32%,$49,$39,$10,$0,$6,$46,$3,$2,$5,$2,$3,$3,$3,$5,$3,$20,21,$0.14,$0.14,$214,$12,$0,$264,$52,$0,$0,$12,$64,$328,$23,$0,$4,$26,$49,$2,$127,$4,$280,$328,$15,$6,$1,$7,$0,$0,$0,$0,$0,$22,$-12,$0,$-5,$-68,$0,$-68,$0,$-84,$0,$0,$0,$2,$2,$-5,$0,$-2,$-65,$1,$-5
40,2008-08-31,12.47,$13.67,0.91,$11.72,1.06,$3.77,3.31,$1.50,8.31,$0.27B,$0.03B,9.31,$0.00B,$0.28B,0.0,$0.24B,$0.06B,24.07%,$0.24B,$0.03B,12.03%,$0.24B,$0.03B,12.03%,$0.24B,$0.04B,15.35%,$0.24B,$0.04B,15.35%,$0.24B,$0.03B,12.86%,$0.03B,$0.28B,11.42%,$0.03B,$0.28B,11.42%,$0.03B,$0.34B,9.43%,$0.03B,$0.28B,10.68%,$56,$45,$11,$0,$6,$51,$5,$2,$6,$2,$5,$5,$5,$7,$5,$20,21,$0.24,$0.24,$216,$15,$0,$272,$51,$0,$0,$13,$63,$335,$29,$0,$4,$26,$55,$2,$126,$5,$280,$335,$12,$4,$1,$5,$0,$0,$0,$-0,$-0,$17,$-8,$0,$-5,$-49,$0,$-49,$0,$-62,$0,$0,$0,$2,$2,$-3,$0,$-1,$-46,$1,$-3
41,2008-05-31,13.07,$13.52,0.97,$11.98,1.09,$4.19,3.12,$1.71,7.64,$0.27B,$0.03B,8.44,$0.00B,$0.28B,0.0,$0.25B,$0.06B,25.61%,$0.25B,$0.03B,13.82%,$0.25B,$0.03B,13.82%,$0.25B,$0.04B,17.07%,$0.25B,$0.04B,17.48%,$0.25B,$0.04B,14.23%,$0.04B,$0.28B,13.25%,$0.04B,$0.28B,13.25%,$0.04B,$0.34B,10.85%,$0.03B,$0.28B,12.87%,$60,$45,$15,$0,$6,$52,$8,$2,$10,$2,$8,$8,$8,$10,$8,$20,20,$0.37,$0.37,$214,$15,$0,$272,$51,$0,$0,$12,$63,$335,$32,$0,$4,$26,$58,$2,$123,$6,$277,$335,$8,$2,$0,$2,$0,$0,$0,$1,$1,$11,$-6,$0,$-5,$12,$0,$12,$0,$2,$0,$0,$0,$2,$2,$-2,$0,$1,$13,$0,$-2
42,2008-02-29,10.35,$13.23,0.78,$11.87,0.87,$4.66,2.22,$1.71,6.05,$0.27B,$0.03B,8.48,$0.00B,$0.27B,0.0,$0.24B,$0.06B,25.51%,$0.24B,$0.03B,13.99%,$0.24B,$0.03B,13.99%,$0.24B,$0.04B,17.28%,$0.24B,$0.04B,17.70%,$0.24B,$0.03B,13.99%,$0.03B,$0.27B,12.92%,$0.03B,$0.27B,12.92%,$0.03B,$0.33B,10.57%,$0.03B,$0.27B,12.92%,$61,$45,$16,$0,$7,$53,$7,$2,$9,$0,$9,$9,$9,$9,$7,$20,20,$0.46,$0.45,$214,$14,$0,$271,$47,$0,$0,$9,$56,$327,$32,$0,$4,$26,$58,$2,$117,$7,$269,$327,$35,$8,$1,$9,$2,$1,$-1,$-5,$-2,$42,$-4,$0,$0,$-23,$0,$-23,$0,$-28,$0,$0,$0,$3,$3,$-37,$1,$-34,$-19,$1,$-37
43,2007-11-30,12.87,$12.76,1.01,$11.84,1.09,$4.39,2.94,$1.69,7.62,$0.26B,$0.03B,8.68,$0.00B,$0.26B,0.0,$0.24B,$0.06B,24.79%,$0.24B,$0.04B,14.46%,$0.24B,$0.04B,14.46%,$0.24B,$0.04B,17.77%,$0.24B,$0.05B,18.60%,$0.24B,$0.03B,14.05%,$0.03B,$0.26B,12.98%,$0.03B,$0.26B,12.98%,$0.03B,$0.32B,10.61%,$0.04B,$0.26B,13.36%,$64,$48,$16,$0,$7,$54,$9,$2,$12,$3,$9,$9,$9,$11,$9,$20,20,$0.43,$0.43,$202,$15,$0,$263,$49,$0,$0,$6,$55,$318,$30,$0,$7,$28,$59,$2,$109,$6,$260,$318,$25,$6,$1,$7,$0,$0,$0,$-2,$-2,$30,$-5,$0,$0,$-22,$0,$-22,$0,$-27,$0,$0,$0,$3,$3,$-35,$1,$-32,$-29,$1,$-35
44,2007-08-31,12.86,$12.33,1.04,$12.09,1.06,$4.11,3.13,$1.73,7.43,$0.25B,$0.03B,8.44,$0.00B,$0.25B,0.0,$0.25B,$0.06B,24.80%,$0.25B,$0.04B,14.63%,$0.25B,$0.04B,14.63%,$0.25B,$0.05B,18.29%,$0.25B,$0.05B,18.29%,$0.25B,$0.04B,14.23%,$0.04B,$0.25B,13.41%,$0.04B,$0.25B,13.41%,$0.04B,$0.31B,10.91%,$0.04B,$0.25B,13.79%,$61,$44,$16,$0,$7,$51,$10,$2,$12,$3,$9,$9,$9,$12,$10,$20,20,$0.45,$0.45,$196,$16,$0,$254,$49,$0,$0,$6,$56,$310,$30,$0,$7,$29,$59,$2,$102,$5,$251,$310,$17,$4,$1,$5,$0,$0,$0,$-0,$-0,$21,$-4,$0,$0,$-7,$0,$-7,$0,$-10,$0,$0,$0,$2,$2,$-34,$1,$-31,$-20,$1,$-34
45,2007-05-31,10.96,$13.42,0.82,$12.40,0.88,$3.96,2.77,$1.90,5.77,$0.28B,$0.03B,9.12,$0.00B,$0.27B,0.0,$0.25B,$0.06B,24.21%,$0.25B,$0.03B,13.49%,$0.25B,$0.03B,13.49%,$0.25B,$0.04B,17.06%,$0.25B,$0.04B,17.06%,$0.25B,$0.04B,15.48%,$0.04B,$0.27B,15.00%,$0.04B,$0.27B,15.00%,$0.04B,$0.33B,12.13%,$0.03B,$0.27B,13.08%,$57,$43,$14,$0,$7,$50,$8,$2,$10,$2,$7,$7,$7,$10,$8,$20,20,$0.37,$0.37,$225,$16,$0,$276,$50,$0,$0,$6,$56,$332,$30,$0,$7,$29,$59,$2,$125,$5,$273,$332,$7,$2,$0,$2,$0,$0,$0,$7,$7,$17,$-2,$0,$0,$-4,$0,$-4,$0,$-5,$0,$0,$0,$2,$2,$-2,$1,$1,$12,$0,$-2
46,2007-02-28,10.94,$13.08,0.84,$12.66,0.86,$3.42,3.2,$1.97,5.55,$0.27B,$0.03B,8.18,$0.00B,$0.26B,0.0,$0.26B,$0.06B,24.42%,$0.26B,$0.04B,13.95%,$0.26B,$0.04B,13.95%,$0.26B,$0.05B,17.44%,$0.26B,$0.05B,17.44%,$0.26B,$0.04B,15.89%,$0.04B,$0.26B,16.05%,$0.04B,$0.26B,16.05%,$0.04B,$0.32B,12.89%,$0.04B,$0.26B,14.09%,$60,$45,$14,$0,$6,$52,$8,$2,$11,$2,$9,$9,$9,$10,$8,$20,20,$0.44,$0.43,$209,$15,$0,$266,$50,$0,$0,$6,$56,$322,$33,$0,$4,$25,$58,$2,$119,$5,$264,$322,$40,$9,$-1,$8,$-2,$0,$0,$1,$-12,$36,$-4,$0,$0,$3,$0,$3,$0,$-1,$0,$0,$0,$1,$1,$-27,$1,$-25,$11,$1,$-27
47,2006-11-30,12.65,$12.66,1.0,$12.54,1.01,$3.47,3.64,$1.81,6.99,$0.26B,$0.04B,7.15,$0.00B,$0.26B,0.0,$0.26B,$0.07B,25.49%,$0.26B,$0.04B,13.73%,$0.26B,$0.04B,13.73%,$0.26B,$0.04B,17.25%,$0.26B,$0.04B,16.47%,$0.26B,$0.04B,14.90%,$0.04B,$0.26B,15.15%,$0.04B,$0.26B,15.15%,$0.04B,$0.32B,12.05%,$0.04B,$0.26B,13.96%,$68,$51,$17,$0,$7,$58,$10,$2,$12,$3,$10,$10,$10,$13,$10,$20,20,$0.47,$0.47,$197,$16,$0,$261,$51,$0,$0,$7,$58,$319,$37,$0,$4,$27,$63,$2,$112,$4,$256,$319,$31,$7,$-0,$7,$0,$0,$0,$-17,$-17,$22,$-2,$0,$0,$-49,$0,$-49,$0,$-52,$0,$0,$0,$1,$1,$-25,$0,$-23,$-53,$0,$-25
