,Date,Stock Price,Book Value per Share,Price to Book Ratio,TTM Sales per Share,Price to Sales Ratio,TTM FCF per Share,Price to FCF Ratio,TTM Net EPS,PE Ratio,Current Assets,Current Liabilities,Current Ratio,Long Term Debt,Shareholder's Equity_x,Debt to Equity Ratio,TTM Revenue_x,TTM Gross Profit,Gross Margin,TTM Revenue_y,TTM Operating Income,Operating Margin,TTM Revenue_x,TTM EBIT,EBIT Margin,TTM Revenue_y,TTM EBITDA,EBITDA Margin,TTM Revenue_x,TTM Pre-Tax Income,Pre-Tax Margin,TTM Revenue_y,TTM Net Income_x,Net Margin,TTM Net Income_y,Shareholder's Equity_y,Return on Equity,TTM Net Income_x,Tangible Equity,Return on Tangible Equity,TTM Net Income_y,Total Assets,Return on Assets,TTM Net Income,LT Investments & Debt,Return on Investment,revenue,cost-goods-sold,gross-profit,research-development-expenses,selling-general-administrative-expenses,operating-expenses,operating-income,total-non-operating-income-expense,pre-tax-income,total-provision-income-taxes,income-after-taxes,income-from-continuous-operations,net-income,ebitda,ebit,basic-shares-outstanding,shares-outstanding,eps-basic-net-earnings-per-share,eps-earnings-per-share-diluted,cash-on-hand,inventory,other-current-assets,total-current-assets,net-property-plant-equipment,long-term-investments,goodwill-intangible-assets-total,other-long-term-assets,total-long-term-assets,total-assets,total-current-liabilities,long-term-debt,other-non-current-liabilities,total-long-term-liabilities,total-liabilities,common-stock-net,retained-earnings-accumulated-deficit,comprehensive-income,total-share-holder-equity,total-liabilities-share-holders-equity,net-income-loss,total-depreciation-amortization-cash-flow,other-non-cash-items,total-non-cash-items,change-in-accounts-receivable,change-in-inventories,change-in-accounts-payable,change-in-assets-liabilities,total-change-in-assets-liabilities,cash-flow-from-operating-activities,net-change-in-property-plant-equipment,net-change-in-intangible-assets,net-acquisitions-divestitures,net-change-in-short-term-investments,net-change-in-long-term-investments,net-change-in-investments-total,investing-activities-other,cash-flow-from-investing-activities,net-long-term-debt,net-current-debt,debt-issuance-retirement-net-total,net-common-equity-issued-repurchased,net-total-equity-issued-repurchased,total-common-preferred-stock-dividends-paid,financial-activities-other,cash-flow-from-financial-activities,net-cash-flow,stock-based-compensation,common-stock-dividends-paid
0,2018-09-30,97.27,$23.16,4.2,$23.92,4.07,$3.25,29.93,$1.12,86.85,$1.17B,$0.69B,1.7,$1.88B,$2.57B,0.73,$2.66B,$1.27B,47.73%,$2.66B,$0.31B,11.68%,$2.66B,$0.31B,11.68%,$2.66B,$0.50B,18.66%,$2.66B,$0.26B,9.76%,$2.66B,$0.13B,4.73%,$0.13B,$2.57B,4.97%,$0.13B,$-1.57B,-7.31%,$0.13B,$5.86B,2.10%,$0.31B,$4.46B,7.04%,$674,$342,$332,$49,$197,$594,$80,$-2,$78,$3,$75,$75,$77,$126,$80,$111,112,$0.69,$0.69,$150,$354,$110,$1165,$317,$0,$4144,$235,$4697,$5862,$687,$1883,$721,$2603,$3290,$111,$2532,$-161,$2572,$5862,$167,$154,$33,$187,$-13,$-41,$-37,$0,$-202,$152,$-22,$0,$-44,$0,$-6,$-6,$0,$-72,$-45,$-23,$-68,$15,$15,$-23,$-46,$-122,$-50,$23,$-23
1,2018-06-30,73.16,$22.74,3.22,$22.88,3.2,$3.34,21.92,$1.25,58.53,$1.20B,$0.71B,1.69,$1.98B,$2.52B,0.79,$2.54B,$1.21B,47.50%,$2.54B,$0.31B,12.15%,$2.54B,$0.31B,12.15%,$2.54B,$0.48B,18.72%,$2.54B,$0.29B,11.29%,$2.54B,$0.14B,5.51%,$0.14B,$2.52B,5.54%,$0.14B,$-1.70B,-10.01%,$0.14B,$5.96B,2.44%,$0.31B,$4.50B,7.33%,$703,$363,$340,$47,$205,$615,$88,$-16,$72,$7,$65,$65,$64,$142,$88,$110,111,$0.58,$0.57,$163,$367,$108,$1202,$305,$0,$4212,$239,$4755,$5958,$713,$1984,$744,$2728,$3441,$111,$2463,$-131,$2517,$5958,$90,$108,$26,$134,$-19,$-43,$-24,$0,$-166,$58,$-40,$0,$-41,$0,$0,$0,$0,$-80,$44,$-10,$34,$4,$4,$-15,$-35,$-13,$-39,$12,$-15
2,2018-03-31,75.58,$23.10,3.27,$21.50,3.51,$3.98,18.97,$2.52,29.99,$1.23B,$0.93B,1.33,$1.86B,$2.56B,0.73,$2.39B,$1.13B,47.17%,$2.39B,$0.30B,12.36%,$2.39B,$0.30B,12.36%,$2.39B,$0.44B,18.27%,$2.39B,$0.29B,11.98%,$2.39B,$0.28B,11.73%,$0.28B,$2.56B,11.16%,$0.28B,$-1.78B,-26.22%,$0.28B,$6.13B,5.19%,$0.30B,$4.42B,7.43%,$644,$352,$292,$46,$200,$604,$40,$-11,$29,$2,$26,$26,$26,$94,$40,$110,111,$0.24,$0.23,$181,$375,$103,$1234,$307,$0,$4332,$253,$4892,$6126,$926,$1860,$785,$2645,$3571,$111,$2407,$-28,$2555,$6126,$26,$54,$12,$66,$-10,$-25,$-10,$0,$-107,$-15,$-23,$0,$-1,$0,$0,$0,$0,$-24,$57,$-3,$54,$3,$3,$-8,$-36,$13,$-21,$5,$-8
3,2017-12-31,72.92,$22.68,3.22,$20.38,3.58,$4.75,15.35,$2.64,27.62,$1.20B,$0.95B,1.26,$1.79B,$2.50B,0.72,$2.26B,$1.07B,47.59%,$2.26B,$0.31B,13.51%,$2.26B,$0.31B,13.51%,$2.26B,$0.42B,18.56%,$2.26B,$0.30B,13.16%,$2.26B,$0.29B,12.98%,$0.29B,$2.50B,12.10%,$0.29B,$-1.85B,-38.13%,$0.29B,$6.09B,5.93%,$0.31B,$4.29B,8.28%,$642,$335,$307,$38,$167,$539,$103,$-22,$81,$119,$-38,$-38,$-41,$135,$103,$110,111,$-0.37,$-0.37,$202,$352,$94,$1200,$298,$0,$4349,$244,$4892,$6091,$951,$1789,$849,$2637,$3588,$110,$2381,$-47,$2503,$6091,$293,$114,$-70,$44,$-37,$-18,$34,$0,$-38,$288,$-38,$0,$-1527,$0,$-11,$-11,$327,$-1249,$825,$-3,$822,$14,$14,$-31,$-23,$782,$-157,$25,$-31
4,2017-09-30,68.72,$23.01,2.99,$19.73,3.48,$5.57,12.33,$3.60,19.09,$1.55B,$0.60B,2.59,$1.11B,$2.54B,0.44,$2.18B,$1.04B,47.80%,$2.18B,$0.28B,12.92%,$2.18B,$0.28B,12.92%,$2.18B,$0.39B,17.92%,$2.18B,$0.29B,13.06%,$2.18B,$0.40B,18.29%,$0.40B,$2.54B,17.09%,$0.40B,$-0.28B,-91.57%,$0.40B,$4.74B,8.89%,$0.28B,$3.65B,8.27%,$554,$285,$269,$35,$153,$476,$78,$27,$105,$9,$97,$97,$91,$105,$78,$110,111,$0.83,$0.82,$709,$295,$100,$1546,$158,$0,$2814,$221,$3193,$4739,$598,$1109,$496,$1605,$2203,$110,$2429,$-54,$2536,$4739,$334,$82,$-112,$-31,$11,$-25,$-12,$0,$-143,$160,$-22,$0,$-124,$0,$0,$0,$333,$187,$-0,$-1,$-1,$11,$11,$-23,$-21,$-34,$333,$16,$-23
5,2017-06-30,67.82,$22.13,3.06,$19.41,3.49,$5.94,11.41,$3.31,20.49,$1.43B,$0.59B,2.43,$1.09B,$2.44B,0.45,$2.14B,$1.02B,47.76%,$2.14B,$0.28B,13.07%,$2.14B,$0.28B,13.07%,$2.14B,$0.39B,18.07%,$2.14B,$0.25B,11.44%,$2.14B,$0.37B,17.09%,$0.37B,$2.44B,16.38%,$0.37B,$-0.37B,-69.85%,$0.37B,$4.61B,8.35%,$0.28B,$3.53B,8.45%,$547,$289,$258,$34,$150,$473,$74,$-3,$71,$8,$63,$63,$204,$102,$74,$110,111,$1.86,$1.84,$616,$275,$102,$1434,$154,$0,$2810,$207,$3171,$4605,$589,$1089,$488,$1577,$2166,$110,$2346,$-63,$2439,$4605,$243,$55,$-115,$-60,$5,$-10,$-21,$0,$-81,$102,$-11,$0,$-124,$0,$0,$0,$277,$142,$1,$-1,$0,$10,$10,$-15,$-14,$-19,$240,$12,$-15
6,2017-03-31,57.72,$20.11,2.87,$19.36,2.98,$6.34,9.1,$2.05,28.15,$1.12B,$0.60B,1.86,$1.05B,$2.21B,0.48,$2.13B,$1.02B,47.82%,$2.13B,$0.27B,12.76%,$2.13B,$0.27B,12.76%,$2.13B,$0.38B,17.69%,$2.13B,$0.24B,11.03%,$2.13B,$0.23B,10.61%,$0.23B,$2.21B,10.53%,$0.23B,$-0.58B,-38.26%,$0.23B,$4.34B,5.28%,$0.27B,$3.26B,8.45%,$514,$274,$240,$33,$147,$464,$50,$-10,$40,$4,$36,$36,$39,$77,$50,$109,110,$0.35,$0.35,$288,$265,$97,$1117,$154,$0,$2788,$282,$3224,$4341,$601,$1053,$463,$1531,$2132,$110,$2150,$-82,$2209,$4341,$39,$28,$25,$53,$25,$-7,$-14,$0,$-38,$54,$-6,$0,$-124,$0,$0,$0,$-0,$-130,$1,$-0,$1,$2,$2,$-8,$-11,$-16,$-86,$5,$-8
7,2016-12-31,51.77,$19.65,2.64,$19.17,2.7,$6.14,8.44,$2.13,24.31,$1.19B,$0.60B,1.97,$1.05B,$2.15B,0.49,$2.12B,$1.01B,47.94%,$2.12B,$0.28B,13.38%,$2.12B,$0.28B,13.38%,$2.12B,$0.39B,18.25%,$2.12B,$0.24B,11.54%,$2.12B,$0.23B,11.06%,$0.23B,$2.15B,11.11%,$0.23B,$-0.52B,-37.26%,$0.23B,$4.28B,5.51%,$0.28B,$3.20B,8.86%,$567,$291,$276,$33,$163,$486,$80,$-11,$69,$7,$62,$62,$65,$107,$80,$109,110,$0.59,$0.58,$359,$247,$99,$1190,$145,$0,$2668,$273,$3087,$4277,$603,$1045,$460,$1520,$2123,$110,$2119,$-101,$2154,$4277,$234,$103,$34,$137,$-19,$7,$31,$0,$-35,$351,$-11,$0,$-72,$0,$0,$0,$-18,$-101,$64,$-1,$63,$-137,$-137,$-31,$-10,$-115,$121,$17,$-31
8,2016-09-30,55.63,$19.50,2.85,$18.01,3.09,$5.34,10.42,$2.15,25.87,$1.15B,$0.55B,2.11,$1.13B,$2.14B,0.53,$2.00B,$0.96B,48.02%,$2.00B,$0.25B,12.66%,$2.00B,$0.25B,12.66%,$2.00B,$0.35B,17.56%,$2.00B,$0.22B,10.76%,$2.00B,$0.24B,11.86%,$0.24B,$2.14B,11.31%,$0.24B,$-0.63B,-36.34%,$0.24B,$4.31B,5.62%,$0.25B,$3.27B,7.97%,$514,$266,$249,$30,$143,$439,$76,$-11,$65,$11,$54,$54,$58,$101,$76,$109,110,$0.53,$0.53,$312,$306,$93,$1154,$175,$2,$2766,$208,$3151,$4305,$548,$1132,$489,$1621,$2169,$110,$2061,$-55,$2135,$4305,$169,$76,$27,$104,$5,$-14,$6,$0,$-71,$202,$-24,$0,$-51,$0,$0,$0,$-3,$-78,$117,$-1,$116,$-139,$-139,$-23,$-7,$-53,$74,$13,$-23
9,2016-06-30,51.91,$19.09,2.72,$18.30,2.84,$5.00,10.39,$2.10,24.72,$1.08B,$0.56B,1.92,$1.06B,$2.09B,0.51,$2.05B,$0.97B,47.17%,$2.05B,$0.25B,12.35%,$2.05B,$0.25B,12.35%,$2.05B,$0.35B,17.29%,$2.05B,$0.21B,10.45%,$2.05B,$0.23B,11.43%,$0.23B,$2.09B,11.28%,$0.23B,$-0.64B,-35.97%,$0.23B,$4.19B,5.64%,$0.25B,$3.15B,8.08%,$536,$283,$254,$32,$151,$470,$66,$-5,$61,$3,$58,$58,$64,$92,$66,$109,110,$0.59,$0.58,$248,$300,$95,$1079,$167,$1,$2727,$220,$3115,$4194,$561,$1057,$488,$1545,$2106,$109,$2011,$-45,$2088,$4194,$111,$51,$23,$75,$7,$-11,$1,$0,$-58,$128,$5,$0,$-10,$0,$0,$0,$-2,$-8,$45,$-1,$44,$-142,$-142,$-15,$1,$-112,$10,$10,$-15
10,2016-03-31,48.91,$18.80,2.6,$18.38,2.66,$4.58,10.67,$1.95,25.08,$1.05B,$0.56B,1.89,$1.12B,$2.05B,0.55,$2.08B,$0.97B,46.48%,$2.08B,$0.26B,12.28%,$2.08B,$0.26B,12.28%,$2.08B,$0.36B,17.34%,$2.08B,$0.21B,10.12%,$2.08B,$0.22B,10.55%,$0.22B,$2.05B,10.51%,$0.22B,$-0.73B,-34.05%,$0.22B,$4.21B,5.31%,$0.26B,$3.17B,8.17%,$498,$263,$235,$30,$145,$437,$61,$-11,$49,$8,$42,$42,$47,$86,$61,$110,111,$0.43,$0.43,$211,$314,$88,$1050,$168,$1,$2778,$214,$3161,$4211,$555,$1120,$487,$1607,$2161,$109,$1955,$-14,$2049,$4211,$47,$26,$5,$31,$17,$-17,$2,$0,$-47,$32,$-7,$0,$-10,$0,$0,$0,$-0,$-17,$108,$-0,$108,$-150,$-150,$-8,$2,$-48,$-27,$4,$-8
11,2015-12-31,52.89,$18.84,2.81,$18.54,2.85,$4.65,11.38,$1.88,28.14,$1.03B,$0.56B,1.84,$1.01B,$2.11B,0.48,$2.11B,$0.97B,45.84%,$2.11B,$0.25B,11.92%,$2.11B,$0.25B,11.92%,$2.11B,$0.37B,17.34%,$2.11B,$0.21B,9.93%,$2.11B,$0.21B,10.07%,$0.21B,$2.11B,10.16%,$0.21B,$-0.61B,-33.81%,$0.21B,$4.17B,5.20%,$0.25B,$3.12B,8.11%,$451,$229,$222,$17,$147,$401,$50,$-10,$40,$-5,$45,$45,$68,$72,$50,$113,113,$0.61,$0.60,$238,$259,$64,$1033,$138,$0,$2723,$273,$3133,$4166,$561,$1012,$465,$1494,$2056,$112,$1991,$-46,$2110,$4166,$212,$114,$19,$133,$4,$-28,$-11,$-2,$-67,$287,$-28,$0,$-72,$0,$0,$0,$-1,$-101,$-34,$-1,$-35,$-62,$-62,$-32,$21,$-107,$63,$17,$-32
12,2015-09-30,45.31,$18.36,2.47,$18.44,2.46,$4.62,9.8,$1.54,29.42,$1.07B,$0.55B,1.94,$1.03B,$2.05B,0.5,$2.10B,$0.95B,45.39%,$2.10B,$0.19B,8.88%,$2.10B,$0.19B,8.88%,$2.10B,$0.30B,14.51%,$2.10B,$0.14B,6.87%,$2.10B,$0.18B,8.35%,$0.18B,$2.05B,8.46%,$0.18B,$-0.62B,-26.64%,$0.18B,$4.03B,4.30%,$0.19B,$3.08B,6.02%,$563,$309,$255,$31,$148,$488,$76,$-12,$64,$9,$55,$55,$55,$104,$76,$113,113,$0.49,$0.48,$195,$313,$152,$1074,$164,$2,$2678,$114,$2958,$4032,$554,$1027,$396,$1423,$1977,$112,$1931,$-33,$2054,$4032,$144,$92,$17,$109,$36,$-51,$-20,$0,$-92,$162,$-18,$0,$-19,$0,$1,$1,$0,$-36,$0,$-25,$-25,$-63,$-63,$-24,$19,$-92,$20,$12,$-24
13,2015-06-30,51.83,$18.71,2.77,$18.24,2.84,$4.78,10.84,$1.43,36.24,$1.07B,$0.57B,1.86,$0.99B,$2.12B,0.47,$2.07B,$0.94B,45.27%,$2.07B,$0.17B,8.15%,$2.07B,$0.17B,8.15%,$2.07B,$0.29B,13.89%,$2.07B,$0.13B,6.17%,$2.07B,$0.16B,7.81%,$0.16B,$2.12B,7.82%,$0.16B,$-0.61B,-26.33%,$0.16B,$4.08B,4.02%,$0.17B,$3.11B,5.55%,$564,$311,$253,$33,$147,$496,$68,$-11,$57,$8,$49,$49,$49,$98,$68,$113,114,$0.43,$0.43,$192,$305,$148,$1070,$166,$2,$2730,$114,$3012,$4083,$574,$986,$401,$1388,$1962,$113,$1884,$13,$2121,$4083,$89,$64,$13,$77,$31,$-33,$-2,$0,$-65,$101,$-10,$0,$-19,$0,$0,$0,$0,$-29,$-65,$0,$-65,$9,$9,$-16,$23,$-48,$17,$8,$-16
14,2015-03-31,50.28,$18.20,2.76,$18.17,2.77,$4.93,10.2,$1.44,34.92,$1.02B,$0.55B,1.86,$1.02B,$2.06B,0.49,$2.07B,$0.93B,45.21%,$2.07B,$0.17B,8.28%,$2.07B,$0.17B,8.28%,$2.07B,$0.29B,13.99%,$2.07B,$0.13B,6.39%,$2.07B,$0.16B,7.89%,$0.16B,$2.06B,7.93%,$0.16B,$-0.66B,-27.69%,$0.16B,$4.03B,4.08%,$0.17B,$3.08B,5.68%,$527,$292,$235,$32,$146,$470,$57,$-9,$48,$8,$40,$40,$40,$91,$57,$113,113,$0.36,$0.36,$169,$291,$147,$1023,$168,$2,$2723,$112,$3006,$4028,$551,$1015,$403,$1418,$1968,$113,$1843,$1,$2060,$4028,$40,$33,$4,$37,$38,$-22,$-12,$0,$-40,$38,$-4,$0,$-5,$0,$0,$0,$0,$-9,$-37,$-0,$-37,$5,$5,$-8,$16,$-25,$-6,$4,$-8
15,2014-12-31,42.93,$18.16,2.36,$18.19,2.36,$5.18,8.29,$1.38,31.11,$1.07B,$0.60B,1.79,$1.05B,$2.04B,0.51,$2.07B,$0.94B,45.17%,$2.07B,$0.17B,8.02%,$2.07B,$0.17B,8.02%,$2.07B,$0.28B,13.48%,$2.07B,$0.12B,5.99%,$2.07B,$0.16B,7.58%,$0.16B,$2.04B,7.67%,$0.16B,$-0.73B,-28.00%,$0.16B,$4.13B,3.94%,$0.17B,$3.09B,5.57%,$441,$233,$208,$18,$206,$456,$-15,$-10,$-25,$-25,$0,$0,$31,$11,$-15,$113,114,$0.27,$0.28,$175,$285,$138,$1069,$176,$2,$2774,$107,$3059,$4128,$597,$1045,$443,$1488,$2085,$112,$1811,$25,$2042,$4128,$158,$114,$-7,$107,$-12,$-19,$3,$0,$-60,$282,$-25,$0,$-271,$0,$0,$0,$0,$-296,$119,$-13,$106,$-41,$-41,$-32,$-3,$31,$2,$14,$-32
16,2014-09-30,42.73,$18.26,2.34,$19.50,2.19,$4.43,9.64,$1.68,25.43,$1.07B,$0.57B,1.89,$0.86B,$2.06B,0.42,$2.22B,$1.00B,45.22%,$2.22B,$0.28B,12.40%,$2.22B,$0.28B,12.40%,$2.22B,$0.40B,17.90%,$2.22B,$0.22B,9.74%,$2.22B,$0.19B,8.70%,$0.19B,$2.06B,9.48%,$0.19B,$-0.46B,-36.42%,$0.19B,$3.89B,4.90%,$0.28B,$2.92B,9.36%,$542,$299,$243,$30,$143,$483,$59,$-11,$48,$5,$43,$43,$42,$88,$59,$113,114,$0.38,$0.37,$204,$282,$161,$1074,$177,$1,$2520,$114,$2812,$3886,$567,$859,$398,$1256,$1824,$113,$1788,$48,$2063,$3886,$127,$88,$28,$116,$27,$-29,$-4,$0,$-58,$185,$-22,$0,$-2,$0,$0,$0,$0,$-24,$0,$-79,$-79,$-18,$-18,$-24,$-3,$-124,$30,$12,$-24
17,2014-06-30,45.83,$18.21,2.52,$19.35,2.37,$3.95,11.6,$1.67,27.44,$1.08B,$0.58B,1.87,$0.89B,$2.06B,0.44,$2.20B,$0.99B,45.18%,$2.20B,$0.27B,12.47%,$2.20B,$0.27B,12.47%,$2.20B,$0.40B,18.24%,$2.20B,$0.21B,9.74%,$2.20B,$0.19B,8.69%,$0.19B,$2.06B,9.55%,$0.19B,$-0.50B,-32.43%,$0.19B,$3.94B,4.86%,$0.27B,$2.95B,9.38%,$556,$308,$248,$30,$147,$487,$70,$-9,$61,$9,$52,$52,$50,$99,$70,$113,114,$0.45,$0.44,$205,$278,$152,$1081,$180,$1,$2559,$116,$2856,$3937,$579,$894,$408,$1302,$1881,$113,$1753,$81,$2056,$3937,$85,$59,$14,$73,$23,$-16,$-12,$0,$-35,$122,$-14,$0,$-0,$0,$0,$0,$0,$-15,$-39,$-1,$-40,$-20,$-20,$-16,$-2,$-77,$32,$9,$-16
18,2014-03-31,44.02,$17.94,2.45,$19.27,2.28,$3.15,13.98,$1.48,29.74,$1.10B,$0.61B,1.81,$0.93B,$2.03B,0.46,$2.18B,$0.99B,45.21%,$2.18B,$0.24B,11.18%,$2.18B,$0.24B,11.18%,$2.18B,$0.38B,17.18%,$2.18B,$0.18B,8.25%,$2.18B,$0.17B,7.74%,$0.17B,$2.03B,8.66%,$0.17B,$-0.55B,-26.02%,$0.17B,$3.97B,4.34%,$0.24B,$2.96B,8.42%,$531,$295,$236,$29,$152,$479,$52,$-11,$40,$6,$35,$35,$34,$81,$52,$113,114,$0.30,$0.30,$224,$279,$151,$1098,$183,$1,$2580,$109,$2873,$3971,$605,$927,$409,$1336,$1942,$113,$1711,$78,$2029,$3971,$34,$30,$7,$37,$27,$-18,$1,$0,$-3,$68,$-6,$0,$0,$0,$0,$0,$0,$-6,$0,$-5,$-5,$3,$3,$-8,$-2,$-12,$51,$5,$-8
19,2013-12-31,40.21,$17.71,2.27,$19.01,2.12,$2.60,15.48,$1.46,27.54,$1.05B,$0.60B,1.73,$0.93B,$1.99B,0.47,$2.16B,$0.98B,45.25%,$2.16B,$0.23B,10.57%,$2.16B,$0.23B,10.57%,$2.16B,$0.36B,16.74%,$2.16B,$0.16B,7.60%,$2.16B,$0.17B,7.74%,$0.17B,$1.99B,8.78%,$0.17B,$-0.61B,-23.60%,$0.17B,$3.95B,4.33%,$0.23B,$2.93B,7.93%,$589,$313,$276,$32,$140,$496,$94,$-27,$67,$-7,$74,$74,$67,$129,$94,$112,114,$0.60,$0.58,$173,$261,$140,$1045,$183,$1,$2604,$114,$2902,$3947,$603,$932,$417,$1349,$1952,$113,$1684,$78,$1994,$3947,$167,$134,$-9,$124,$-14,$-14,$-1,$0,$-115,$159,$13,$0,$-16,$0,$0,$0,$1,$-1,$-161,$144,$-17,$-107,$-107,$-32,$1,$-154,$2,$14,$-32
20,2013-09-30,36.75,$17.08,2.15,$18.72,1.96,$2.04,18.01,$0.75,49.0,$0.95B,$0.59B,1.61,$0.93B,$1.92B,0.49,$2.13B,$0.96B,45.05%,$2.13B,$0.11B,5.07%,$2.13B,$0.11B,5.07%,$2.13B,$0.24B,11.12%,$2.13B,$0.06B,2.77%,$2.13B,$0.08B,3.94%,$0.08B,$1.92B,4.45%,$0.08B,$-0.69B,-11.45%,$0.08B,$3.85B,2.19%,$0.11B,$2.85B,3.77%,$522,$289,$233,$31,$143,$464,$58,$-12,$46,$5,$41,$41,$40,$92,$58,$112,113,$0.36,$0.36,$132,$278,$109,$948,$195,$1,$2612,$95,$2903,$3852,$589,$933,$409,$1343,$1932,$112,$1625,$69,$1920,$3852,$100,$98,$33,$131,$28,$-32,$-6,$0,$-144,$87,$21,$0,$-7,$0,$1,$1,$0,$15,$0,$-4,$-4,$-112,$-112,$-24,$1,$-139,$-39,$11,$-24
21,2013-06-30,31.57,$16.61,1.9,$18.53,1.7,$1.86,17.0,$0.65,48.57,$0.91B,$0.56B,1.61,$1.00B,$1.86B,0.54,$2.12B,$0.96B,45.21%,$2.12B,$0.09B,4.39%,$2.12B,$0.09B,4.39%,$2.12B,$0.22B,10.38%,$2.12B,$0.04B,2.08%,$2.12B,$0.07B,3.49%,$0.07B,$1.86B,3.91%,$0.07B,$-0.75B,-9.87%,$0.07B,$3.81B,1.92%,$0.09B,$2.86B,3.24%,$541,$299,$242,$34,$148,$500,$40,$-13,$27,$0,$27,$27,$28,$73,$40,$112,113,$0.25,$0.25,$112,$259,$100,$907,$214,$1,$2604,$85,$2905,$3811,$563,$1002,$386,$1388,$1951,$112,$1593,$52,$1860,$3811,$60,$64,$29,$93,$15,$-18,$4,$0,$-114,$39,$-23,$0,$-0,$0,$0,$0,$0,$-22,$0,$63,$63,$-120,$-120,$-16,$1,$-71,$-59,$8,$-16
22,2013-03-31,32.61,$16.40,1.99,$18.29,1.78,$2.42,13.49,$0.69,47.26,$0.90B,$0.57B,1.56,$1.02B,$1.83B,0.56,$2.10B,$0.96B,45.48%,$2.10B,$0.10B,4.90%,$2.10B,$0.10B,4.90%,$2.10B,$0.23B,10.95%,$2.10B,$0.06B,2.62%,$2.10B,$0.08B,3.81%,$0.08B,$1.83B,4.21%,$0.08B,$-0.78B,-10.45%,$0.08B,$3.81B,2.08%,$0.10B,$2.85B,3.61%,$505,$280,$225,$34,$151,$469,$36,$-12,$24,$-8,$32,$32,$32,$67,$36,$113,115,$0.28,$0.28,$126,$260,$100,$897,$213,$1,$2618,$79,$2911,$3808,$573,$1019,$381,$1400,$1974,$112,$1573,$53,$1834,$3808,$32,$32,$8,$39,$40,$-16,$5,$0,$-60,$11,$-12,$0,$1,$0,$0,$0,$0,$-10,$0,$86,$86,$-121,$-121,$-8,$1,$-43,$-46,$4,$-8
23,2012-12-31,30.71,$16.86,1.82,$18.36,1.67,$2.52,12.2,$0.61,50.34,$0.97B,$0.58B,1.67,$0.94B,$1.94B,0.48,$2.11B,$0.96B,45.68%,$2.11B,$0.10B,4.89%,$2.11B,$0.10B,4.89%,$2.11B,$0.24B,11.25%,$2.11B,$0.06B,2.61%,$2.11B,$0.07B,3.37%,$0.07B,$1.94B,3.71%,$0.07B,$-0.71B,-9.06%,$0.07B,$3.90B,1.84%,$0.10B,$2.88B,3.63%,$563,$303,$260,$33,$175,$589,$-26,$-12,$-38,$-25,$-13,$-13,$-16,$5,$-26,$114,115,$-0.15,$-0.14,$171,$248,$96,$972,$211,$1,$2653,$66,$2930,$3902,$581,$939,$442,$1381,$1962,$115,$1549,$67,$1940,$3902,$70,$134,$55,$189,$-45,$-8,$-8,$2,$-142,$152,$-42,$0,$-41,$0,$0,$0,$3,$-80,$0,$-36,$-36,$30,$30,$-32,$-7,$-44,$29,$21,$-32
24,2012-09-30,28.45,$16.95,1.68,$18.20,1.56,$3.27,8.7,$-0.00,0.0,$0.94B,$0.58B,1.62,$0.93B,$1.94B,0.48,$2.08B,$0.94B,45.20%,$2.08B,$0.10B,4.95%,$2.08B,$0.10B,4.95%,$2.08B,$0.25B,11.82%,$2.08B,$0.05B,2.59%,$2.08B,$0.00B,0.14%,$0.00B,$1.94B,0.16%,$0.00B,$-0.76B,-0.36%,$0.00B,$3.89B,0.08%,$0.10B,$2.87B,3.65%,$510,$279,$231,$32,$145,$466,$43,$-12,$31,$2,$29,$29,$30,$75,$43,$114,115,$0.26,$0.26,$171,$261,$114,$941,$202,$1,$2698,$48,$2949,$3890,$582,$931,$434,$1365,$1948,$115,$1572,$59,$1942,$3890,$86,$102,$34,$136,$15,$-24,$-19,$-2,$-109,$113,$-24,$0,$-7,$0,$0,$0,$3,$-28,$0,$-42,$-42,$21,$21,$-24,$-11,$-56,$28,$15,$-24
25,2012-06-30,24.83,$16.53,1.5,$17.76,1.4,$3.54,7.01,$0.05,496.67,$0.90B,$0.59B,1.53,$0.91B,$1.89B,0.48,$2.03B,$0.91B,44.89%,$2.03B,$0.10B,4.74%,$2.03B,$0.10B,4.74%,$2.03B,$0.24B,11.65%,$2.03B,$0.06B,2.72%,$2.03B,$0.01B,0.49%,$0.01B,$1.89B,0.53%,$0.01B,$-0.81B,-1.38%,$0.01B,$3.80B,0.27%,$0.10B,$2.80B,3.66%,$522,$283,$239,$34,$150,$472,$50,$-11,$38,$5,$34,$34,$34,$83,$50,$114,115,$0.30,$0.29,$171,$244,$92,$898,$167,$1,$2693,$42,$2903,$3801,$588,$911,$417,$1328,$1916,$114,$1551,$38,$1885,$3801,$56,$71,$19,$90,$13,$-13,$2,$0,$-54,$92,$-11,$0,$0,$0,$0,$0,$1,$-10,$-0,$-34,$-34,$10,$10,$-16,$-8,$-49,$29,$10,$-16
26,2012-03-31,26.55,$16.54,1.61,$17.42,1.52,$3.53,7.52,$0.01,2655.37,$0.91B,$0.60B,1.51,$0.93B,$1.88B,0.5,$1.98B,$0.88B,44.35%,$1.98B,$0.09B,4.29%,$1.98B,$0.09B,4.29%,$1.98B,$0.22B,11.10%,$1.98B,$0.05B,2.62%,$1.98B,$0.01B,0.30%,$0.01B,$1.88B,0.31%,$0.01B,$-0.86B,-0.98%,$0.01B,$3.86B,0.16%,$0.09B,$2.82B,3.29%,$511,$279,$232,$33,$157,$475,$36,$-13,$24,$1,$22,$22,$23,$74,$36,$113,114,$0.20,$0.20,$145,$252,$103,$908,$172,$1,$2742,$42,$2956,$3864,$603,$934,$445,$1379,$1982,$114,$1525,$68,$1883,$3864,$23,$37,$11,$49,$6,$-13,$-12,$-1,$-56,$16,$-5,$0,$0,$0,$0,$0,$0,$-5,$-11,$0,$-11,$9,$9,$-8,$-0,$-10,$2,$5,$-8
27,2011-12-31,19.14,$16.28,1.18,$16.83,1.14,$3.74,5.11,$0.01,1914.22,$0.88B,$0.60B,1.48,$0.95B,$1.84B,0.51,$1.92B,$0.85B,44.16%,$1.92B,$0.09B,4.69%,$1.92B,$0.09B,4.69%,$1.92B,$0.21B,11.05%,$1.92B,$0.06B,3.34%,$1.92B,$0.01B,0.42%,$0.01B,$1.84B,0.42%,$0.01B,$-0.91B,-1.87%,$0.01B,$3.86B,0.23%,$0.09B,$2.79B,3.63%,$539,$300,$239,$32,$220,$565,$-26,$-13,$-39,$45,$-83,$-83,$-84,$14,$-26,$113,114,$-0.73,$-0.73,$142,$241,$90,$883,$175,$1,$2756,$41,$2973,$3856,$599,$945,$470,$1415,$2013,$113,$1511,$54,$1842,$3856,$8,$121,$22,$142,$-21,$-2,$-2,$-9,$-0,$225,$-30,$0,$-914,$0,$0,$0,$34,$-910,$497,$22,$519,$-86,$-86,$-32,$-3,$397,$-278,$15,$-32
28,2011-09-30,18.32,$17.20,1.06,$16.05,1.14,$3.23,5.66,$3.22,5.69,$0.93B,$0.88B,1.06,$0.15B,$1.95B,0.08,$1.85B,$0.82B,44.20%,$1.85B,$0.17B,9.10%,$1.85B,$0.17B,9.10%,$1.85B,$0.27B,14.84%,$1.85B,$0.15B,8.23%,$1.85B,$0.39B,21.02%,$0.39B,$1.95B,20.07%,$0.39B,$-0.33B,-194.00%,$0.39B,$3.40B,11.49%,$0.17B,$2.10B,7.08%,$453,$254,$199,$30,$133,$417,$36,$-4,$32,$4,$28,$28,$37,$65,$36,$113,113,$0.32,$0.32,$248,$229,$93,$930,$166,$1,$2271,$35,$2472,$3402,$876,$150,$431,$581,$1457,$113,$1703,$-31,$1945,$3402,$91,$81,$-3,$78,$17,$-18,$-16,$-9,$-27,$142,$-25,$0,$-311,$0,$0,$0,$33,$-302,$84,$-2,$82,$-77,$-77,$-24,$-3,$-22,$-172,$9,$-24
29,2011-06-30,25.59,$17.30,1.48,$15.61,1.64,$3.24,7.9,$3.02,8.47,$1.08B,$0.56B,1.92,$0.67B,$1.96B,0.34,$1.81B,$0.80B,44.32%,$1.81B,$0.17B,9.55%,$1.81B,$0.17B,9.55%,$1.81B,$0.27B,15.12%,$1.81B,$0.16B,8.55%,$1.81B,$0.36B,20.09%,$0.36B,$1.96B,19.42%,$0.36B,$-0.36B,-198.37%,$0.36B,$3.60B,10.90%,$0.17B,$2.63B,7.08%,$479,$270,$209,$28,$138,$440,$39,$-4,$35,$6,$29,$29,$30,$67,$39,$112,114,$0.26,$0.26,$395,$222,$76,$1076,$167,$1,$2316,$35,$2520,$3596,$559,$671,$409,$1080,$1639,$113,$1676,$10,$1956,$3596,$55,$52,$5,$58,$4,$-4,$-20,$-9,$-18,$95,$-16,$0,$-310,$0,$0,$0,$29,$-298,$247,$-2,$245,$-78,$-78,$-16,$-2,$149,$-25,$8,$-16
30,2011-03-31,24.92,$16.93,1.47,$14.95,1.67,$3.54,7.04,$3.26,7.64,$1.09B,$0.51B,2.13,$0.51B,$1.91B,0.27,$1.76B,$0.78B,44.62%,$1.76B,$0.17B,9.52%,$1.76B,$0.17B,9.52%,$1.76B,$0.26B,15.04%,$1.76B,$0.18B,9.97%,$1.76B,$0.39B,22.34%,$0.39B,$1.91B,21.83%,$0.39B,$-0.11B,-219.30%,$0.39B,$3.31B,12.15%,$0.17B,$2.42B,7.10%,$447,$247,$200,$26,$133,$406,$41,$-6,$36,$8,$27,$27,$25,$66,$41,$114,115,$0.22,$0.22,$416,$225,$101,$1088,$165,$1,$2018,$34,$2218,$3306,$511,$514,$373,$887,$1398,$113,$1655,$-6,$1908,$3306,$25,$25,$1,$26,$25,$-10,$-16,$-8,$-8,$43,$-8,$0,$-57,$0,$0,$0,$0,$-64,$90,$-0,$90,$-83,$-83,$-8,$-2,$-4,$-4,$3,$-8
31,2010-12-31,24.42,$16.64,1.47,$14.41,1.69,$3.59,6.8,$3.27,7.47,$1.09B,$0.52B,2.11,$0.42B,$1.93B,0.22,$1.70B,$0.76B,44.54%,$1.70B,$0.16B,9.22%,$1.70B,$0.16B,9.22%,$1.70B,$0.25B,14.63%,$1.70B,$0.17B,9.75%,$1.70B,$0.39B,22.97%,$0.39B,$1.93B,22.64%,$0.39B,$-0.00B,-182.50%,$0.39B,$3.21B,12.38%,$0.16B,$2.35B,6.86%,$467,$259,$208,$25,$122,$415,$52,$-3,$49,$3,$46,$46,$296,$76,$52,$117,118,$2.53,$2.50,$420,$207,$101,$1085,$162,$1,$1929,$32,$2124,$3209,$515,$424,$344,$768,$1284,$116,$1535,$51,$1925,$3209,$391,$92,$-285,$-193,$-38,$-23,$28,$2,$-38,$164,$-23,$0,$-150,$0,$0,$0,$468,$295,$-141,$-0,$-141,$-44,$-44,$-33,$-1,$-218,$240,$12,$-33
32,2010-09-30,21.82,$14.46,1.51,$13.02,1.68,$3.45,6.33,$1.15,18.98,$0.98B,$0.51B,1.9,$0.67B,$1.71B,0.39,$1.54B,$0.71B,45.99%,$1.54B,$0.14B,8.86%,$1.54B,$0.14B,8.86%,$1.54B,$0.23B,14.85%,$1.54B,$0.15B,9.45%,$1.54B,$0.13B,8.53%,$0.13B,$1.71B,7.93%,$0.13B,$-0.26B,-48.25%,$0.13B,$3.25B,4.20%,$0.14B,$2.38B,6.05%,$419,$233,$186,$24,$121,$378,$41,$-7,$35,$8,$27,$27,$13,$65,$41,$117,118,$0.11,$0.11,$251,$210,$90,$978,$161,$1,$1968,$141,$2270,$3248,$514,$670,$344,$1027,$1541,$118,$1359,$-45,$1707,$3248,$95,$68,$4,$71,$-1,$-23,$9,$-0,$-31,$135,$-12,$0,$-149,$0,$0,$0,$3,$-157,$103,$-0,$103,$14,$14,$-25,$-3,$90,$71,$10,$-25
33,2010-06-30,19.42,$13.94,1.39,$12.71,1.53,$3.01,6.45,$1.16,16.74,$0.92B,$0.51B,1.8,$0.62B,$1.64B,0.38,$1.49B,$0.69B,46.15%,$1.49B,$0.12B,7.84%,$1.49B,$0.12B,7.84%,$1.49B,$0.20B,13.33%,$1.49B,$0.13B,8.51%,$1.49B,$0.13B,8.84%,$0.13B,$1.64B,8.12%,$0.13B,$-0.34B,-45.05%,$0.13B,$3.15B,4.30%,$0.12B,$2.26B,5.32%,$422,$232,$189,$23,$123,$388,$33,$22,$55,$8,$47,$47,$58,$57,$33,$117,118,$0.49,$0.49,$216,$232,$108,$924,$206,$1,$1985,$31,$2222,$3146,$514,$620,$368,$988,$1502,$118,$1354,$-98,$1644,$3146,$82,$44,$-21,$24,$-7,$-15,$16,$-0,$14,$120,$-3,$0,$-127,$0,$0,$0,$6,$-124,$60,$-0,$59,$12,$12,$-16,$-3,$52,$36,$8,$-16
34,2010-03-31,22.39,$13.85,1.62,$12.92,1.73,$2.35,9.52,$0.85,26.34,$0.89B,$0.50B,1.79,$0.53B,$1.63B,0.32,$1.51B,$0.69B,45.59%,$1.51B,$0.12B,8.08%,$1.51B,$0.12B,8.08%,$1.51B,$0.20B,13.45%,$1.51B,$0.11B,7.02%,$1.51B,$0.10B,6.36%,$0.10B,$1.63B,5.97%,$0.10B,$-0.25B,-33.74%,$0.10B,$3.03B,3.18%,$0.12B,$2.16B,5.66%,$394,$218,$175,$23,$122,$363,$31,$-3,$27,$8,$20,$20,$24,$51,$31,$117,118,$0.21,$0.21,$182,$227,$112,$891,$203,$2,$1884,$47,$2136,$3027,$498,$528,$369,$897,$1396,$118,$1305,$-56,$1631,$3027,$24,$21,$-3,$17,$3,$-12,$8,$-0,$8,$49,$-8,$0,$-3,$0,$0,$0,$-2,$-13,$-30,$-0,$-30,$11,$11,$-8,$-3,$-30,$2,$3,$-8
35,2009-12-31,19.22,$13.92,1.38,$13.31,1.44,$2.08,9.24,$0.73,26.34,$0.88B,$0.50B,1.78,$0.56B,$1.63B,0.34,$1.55B,$0.70B,45.29%,$1.55B,$0.12B,7.48%,$1.55B,$0.12B,7.48%,$1.55B,$0.20B,12.90%,$1.55B,$0.10B,6.39%,$1.55B,$0.08B,5.35%,$0.08B,$1.63B,5.26%,$0.08B,$-0.23B,-27.48%,$0.08B,$3.06B,2.78%,$0.12B,$2.19B,5.45%,$300,$144,$156,$15,$111,$270,$31,$-2,$28,$6,$22,$22,$36,$55,$31,$116,117,$0.31,$0.31,$180,$179,$109,$884,$153,$2,$1862,$158,$2175,$3059,$497,$558,$364,$933,$1430,$117,$1289,$-27,$1629,$3059,$82,$84,$67,$152,$-30,$-4,$-10,$0,$-106,$149,$-26,$0,$-102,$0,$0,$0,$-26,$-154,$45,$-0,$45,$-8,$-8,$-33,$-1,$2,$1,$14,$-33
36,2009-09-30,17.9,$13.72,1.3,$12.57,1.42,$2.56,6.99,$0.65,27.54,$0.85B,$0.51B,1.66,$0.58B,$1.60B,0.36,$1.47B,$0.67B,45.47%,$1.47B,$0.11B,7.57%,$1.47B,$0.11B,7.57%,$1.47B,$0.18B,12.47%,$1.47B,$0.07B,4.77%,$1.47B,$0.08B,5.32%,$0.08B,$1.60B,4.99%,$0.08B,$-0.35B,-24.84%,$0.08B,$3.06B,2.65%,$0.11B,$2.18B,5.28%,$377,$208,$169,$23,$113,$355,$22,$-5,$17,$4,$13,$13,$14,$36,$22,$116,117,$0.12,$0.12,$151,$224,$110,$851,$211,$2,$1948,$46,$2208,$3059,$513,$577,$364,$944,$1457,$117,$1257,$-16,$1602,$3059,$46,$60,$38,$98,$-14,$-12,$-10,$0,$-58,$86,$-15,$0,$-102,$0,$0,$0,$-26,$-143,$63,$-0,$63,$-12,$-12,$-25,$-2,$25,$-29,$10,$-25
37,2009-06-30,16.13,$13.49,1.2,$13.34,1.21,$2.75,5.86,$0.96,16.8,$0.82B,$0.50B,1.65,$0.52B,$1.57B,0.33,$1.57B,$0.70B,44.87%,$1.57B,$0.13B,8.41%,$1.57B,$0.13B,8.41%,$1.57B,$0.21B,13.58%,$1.57B,$0.09B,5.74%,$1.57B,$0.12B,7.39%,$0.12B,$1.57B,7.38%,$0.12B,$-0.31B,-39.97%,$0.12B,$2.95B,3.95%,$0.13B,$2.10B,6.28%,$438,$250,$188,$26,$124,$400,$38,$-4,$34,$11,$23,$23,$22,$61,$38,$116,116,$0.19,$0.18,$151,$216,$107,$820,$201,$2,$1882,$41,$2126,$2946,$497,$524,$347,$875,$1372,$117,$1251,$-37,$1574,$2946,$32,$46,$15,$60,$-2,$-14,$-15,$0,$-41,$51,$-13,$0,$-49,$0,$0,$0,$1,$-61,$11,$-0,$11,$-13,$-13,$-16,$0,$-18,$-28,$8,$-16
38,2009-03-31,11.77,$12.99,0.91,$13.80,0.85,$3.07,3.84,$0.98,12.01,$0.78B,$0.47B,1.67,$0.54B,$1.51B,0.36,$1.64B,$0.73B,44.68%,$1.64B,$0.14B,8.50%,$1.64B,$0.14B,8.50%,$1.64B,$0.22B,13.39%,$1.64B,$0.10B,5.87%,$1.64B,$0.12B,7.21%,$0.12B,$1.51B,7.41%,$0.12B,$-0.32B,-41.96%,$0.12B,$2.86B,3.97%,$0.14B,$2.06B,6.55%,$435,$247,$189,$26,$129,$410,$25,$-5,$20,$6,$15,$15,$11,$48,$25,$116,117,$0.09,$0.09,$162,$204,$108,$781,$198,$3,$1835,$42,$2078,$2858,$469,$544,$330,$877,$1346,$116,$1238,$-79,$1512,$2858,$11,$23,$13,$35,$21,$-13,$-21,$0,$-31,$15,$-5,$0,$-28,$0,$0,$0,$1,$-33,$105,$-72,$33,$-14,$-14,$-8,$-0,$11,$-17,$4,$-8
39,2008-12-31,12.76,$13.39,0.95,$13.94,0.92,$3.06,4.17,$1.06,12.04,$0.83B,$0.52B,1.61,$0.51B,$1.57B,0.33,$1.66B,$0.73B,44.22%,$1.66B,$0.15B,8.86%,$1.66B,$0.15B,8.86%,$1.66B,$0.23B,13.61%,$1.66B,$0.10B,6.27%,$1.66B,$0.13B,7.65%,$0.13B,$1.57B,7.84%,$0.13B,$-0.28B,-45.48%,$0.13B,$2.93B,4.20%,$0.15B,$2.08B,6.82%,$217,$96,$121,$10,$84,$191,$26,$-28,$-1,$-0,$-1,$-1,$31,$38,$26,$118,119,$0.26,$0.27,$179,$200,$111,$831,$205,$3,$1849,$44,$2101,$2932,$516,$509,$339,$848,$1364,$117,$1236,$-31,$1568,$2932,$126,$80,$11,$91,$-6,$-9,$5,$0,$1,$218,$-35,$0,$-84,$0,$0,$0,$-16,$-136,$-7,$-1,$-8,$-32,$-32,$-33,$-29,$-101,$-24,$18,$-33
40,2008-09-30,22.83,$13.85,1.65,$15.87,1.44,$2.93,7.79,$1.24,18.41,$0.87B,$0.52B,1.66,$0.54B,$1.64B,0.33,$1.90B,$0.81B,42.93%,$1.90B,$0.17B,8.97%,$1.90B,$0.17B,8.97%,$1.90B,$0.26B,13.55%,$1.90B,$0.15B,7.81%,$1.90B,$0.15B,7.86%,$0.15B,$1.64B,9.19%,$0.15B,$-0.25B,-54.38%,$0.15B,$3.02B,4.92%,$0.17B,$2.18B,7.88%,$479,$273,$206,$26,$130,$436,$43,$-6,$37,$-5,$42,$42,$52,$66,$43,$118,120,$0.44,$0.43,$189,$219,$111,$865,$209,$4,$1886,$57,$2156,$3021,$521,$544,$321,$865,$1386,$118,$1213,$47,$1635,$3021,$96,$68,$23,$91,$-7,$-16,$-1,$0,$-60,$127,$-32,$0,$-87,$0,$1,$1,$-2,$-119,$-122,$149,$27,$-14,$-14,$-25,$-13,$-24,$-15,$14,$-25
41,2008-06-30,25.4,$13.94,1.82,$15.51,1.64,$2.83,8.99,$1.07,23.73,$0.88B,$0.57B,1.55,$0.52B,$1.66B,0.32,$1.85B,$0.79B,42.47%,$1.85B,$0.17B,9.34%,$1.85B,$0.17B,9.34%,$1.85B,$0.26B,13.82%,$1.85B,$0.15B,8.20%,$1.85B,$0.13B,6.91%,$0.13B,$1.66B,8.02%,$0.13B,$-0.27B,-57.33%,$0.13B,$3.08B,4.38%,$0.17B,$2.18B,8.40%,$505,$290,$215,$29,$142,$460,$45,$-5,$40,$10,$30,$30,$24,$67,$45,$118,119,$0.20,$0.20,$193,$223,$116,$883,$207,$4,$1926,$56,$2194,$3076,$571,$521,$329,$850,$1421,$119,$1169,$84,$1656,$3076,$44,$45,$11,$56,$7,$-12,$6,$0,$-5,$95,$-18,$0,$-86,$0,$1,$1,$-2,$-105,$-145,$150,$5,$18,$18,$-16,$-13,$-7,$-10,$8,$-16
42,2008-03-31,22.05,$13.73,1.61,$14.90,1.48,$2.76,7.98,$1.15,19.17,$0.88B,$0.56B,1.57,$0.57B,$1.62B,0.35,$1.79B,$0.75B,41.79%,$1.79B,$0.18B,9.86%,$1.79B,$0.18B,9.86%,$1.79B,$0.26B,14.40%,$1.79B,$0.16B,8.80%,$1.79B,$0.14B,7.73%,$0.14B,$1.62B,8.87%,$0.14B,$-0.31B,-78.97%,$0.14B,$3.08B,4.95%,$0.18B,$2.18B,9.04%,$459,$267,$192,$28,$131,$425,$33,$-5,$28,$7,$21,$21,$20,$55,$33,$117,118,$0.17,$0.17,$185,$223,$113,$876,$203,$5,$1932,$62,$2202,$3079,$558,$566,$337,$903,$1461,$118,$1154,$83,$1618,$3079,$20,$22,$-4,$18,$7,$-11,$4,$0,$-22,$16,$-7,$0,$-76,$0,$1,$1,$-1,$-83,$50,$-0,$50,$0,$0,$-8,$-1,$41,$-18,$5,$-8
43,2007-12-31,23.6,$13.40,1.76,$14.30,1.65,$2.74,8.63,$1.10,21.45,$0.84B,$0.55B,1.54,$0.52B,$1.58B,0.33,$1.73B,$0.71B,41.24%,$1.73B,$0.17B,9.60%,$1.73B,$0.17B,9.60%,$1.73B,$0.25B,14.23%,$1.73B,$0.15B,8.62%,$1.73B,$0.13B,7.69%,$0.13B,$1.58B,8.65%,$0.13B,$-0.26B,-126.37%,$0.13B,$2.95B,5.03%,$0.17B,$2.09B,9.07%,$453,$252,$201,$22,$124,$404,$49,$-5,$43,$-10,$53,$53,$53,$69,$49,$119,121,$0.45,$0.43,$203,$193,$98,$843,$197,$6,$1835,$69,$2106,$2949,$548,$516,$306,$826,$1374,$118,$1142,$58,$1575,$2949,$132,$80,$-9,$71,$-19,$-2,$11,$0,$3,$205,$-35,$0,$-315,$0,$0,$0,$0,$-349,$359,$-1,$358,$-171,$-171,$-34,$-5,$149,$12,$16,$-34
44,2007-09-30,26.42,$12.97,2.04,$13.37,1.98,$2.06,12.81,$1.00,26.42,$0.76B,$0.45B,1.7,$0.25B,$1.54B,0.16,$1.63B,$0.67B,41.13%,$1.63B,$0.16B,9.98%,$1.63B,$0.16B,9.98%,$1.63B,$0.24B,14.63%,$1.63B,$0.15B,9.18%,$1.63B,$0.12B,7.47%,$0.12B,$1.54B,7.93%,$0.12B,$-0.05B,-464.76%,$0.12B,$2.59B,4.82%,$0.16B,$1.78B,9.36%,$436,$257,$179,$28,$106,$390,$46,$-5,$41,$9,$31,$31,$31,$65,$46,$118,119,$0.26,$0.26,$161,$211,$96,$755,$195,$5,$1585,$52,$1836,$2591,$445,$246,$364,$610,$1055,$118,$1098,$37,$1536,$2591,$79,$60,$4,$63,$2,$-9,$-2,$0,$-32,$110,$-27,$0,$-43,$0,$2,$2,$-0,$-69,$89,$-1,$88,$-146,$-146,$-25,$6,$-77,$-30,$11,$-25
45,2007-06-30,23.51,$12.65,1.86,$12.82,1.83,$1.51,15.53,$0.98,23.99,$0.71B,$0.45B,1.58,$0.24B,$1.50B,0.16,$1.59B,$0.65B,40.95%,$1.59B,$0.15B,9.72%,$1.59B,$0.15B,9.72%,$1.59B,$0.23B,14.38%,$1.59B,$0.15B,9.21%,$1.59B,$0.12B,7.63%,$0.12B,$1.50B,7.84%,$0.12B,$-0.08B,-3226.67%,$0.12B,$2.53B,4.82%,$0.15B,$1.73B,8.88%,$437,$263,$174,$27,$109,$389,$48,$-3,$45,$11,$33,$33,$34,$68,$48,$119,121,$0.28,$0.28,$150,$204,$86,$712,$191,$4,$1574,$51,$1820,$2532,$450,$235,$352,$586,$1036,$118,$1075,$16,$1496,$2532,$48,$40,$2,$42,$9,$-6,$-6,$0,$-4,$87,$-17,$0,$-43,$0,$2,$2,$-0,$-58,$80,$-1,$79,$-134,$-134,$-17,$1,$-71,$-41,$8,$-17
46,2007-03-31,21.79,$12.71,1.71,$12.15,1.79,$0.94,23.16,$0.89,24.49,$0.68B,$0.42B,1.6,$0.18B,$1.54B,0.12,$1.53B,$0.63B,41.11%,$1.53B,$0.14B,9.31%,$1.53B,$0.14B,9.31%,$1.53B,$0.21B,13.97%,$1.53B,$0.14B,8.85%,$1.53B,$0.11B,7.28%,$0.11B,$1.54B,7.07%,$0.11B,$-0.04B,208.45%,$0.11B,$2.50B,4.42%,$0.14B,$1.72B,8.11%,$403,$244,$159,$28,$102,$380,$23,$-3,$20,$6,$15,$15,$15,$44,$23,$122,123,$0.12,$0.12,$120,$205,$82,$675,$188,$5,$1578,$53,$1823,$2498,$421,$178,$357,$535,$956,$121,$1050,$12,$1542,$2498,$15,$21,$8,$29,$12,$-9,$-10,$0,$-26,$17,$-11,$0,$-40,$0,$0,$0,$-1,$-52,$25,$-0,$25,$-54,$-54,$-9,$1,$-36,$-71,$3,$-9
47,2006-12-31,19.94,$12.80,1.56,$11.62,1.72,$0.72,27.77,$0.95,20.99,$0.75B,$0.48B,1.56,$0.15B,$1.58B,0.1,$1.48B,$0.61B,41.30%,$1.48B,$0.15B,10.02%,$1.48B,$0.15B,10.02%,$1.48B,$0.22B,14.56%,$1.48B,$0.14B,9.75%,$1.48B,$0.12B,8.12%,$0.12B,$1.58B,7.60%,$0.12B,$0.06B,115.66%,$0.12B,$2.51B,4.78%,$0.15B,$1.73B,8.37%,$358,$199,$160,$21,$93,$313,$46,$-1,$44,$8,$37,$37,$42,$62,$46,$125,127,$0.35,$0.34,$191,$183,$102,$745,$182,$8,$1522,$54,$1766,$2510,$477,$152,$304,$456,$933,$123,$1040,$7,$1578,$2510,$120,$68,$-63,$5,$4,$-13,$-0,$0,$3,$127,$-34,$0,$-109,$0,$0,$0,$3,$-139,$-111,$-0,$-111,$-169,$-169,$-35,$1,$-314,$-311,$16,$-35
