,Date,Stock Price,Book Value per Share,Price to Book Ratio,TTM Sales per Share,Price to Sales Ratio,TTM FCF per Share,Price to FCF Ratio,TTM Net EPS,PE Ratio,Current Assets,Current Liabilities,Current Ratio,Long Term Debt,Shareholder's Equity_x,Debt to Equity Ratio,TTM Revenue_x,TTM Gross Profit,Gross Margin,TTM Revenue_y,TTM Operating Income,Operating Margin,TTM Revenue_x,TTM EBIT,EBIT Margin,TTM Revenue_y,TTM EBITDA,EBITDA Margin,TTM Revenue_x,TTM Pre-Tax Income,Pre-Tax Margin,TTM Revenue_y,TTM Net Income_x,Net Margin,TTM Net Income_y,Shareholder's Equity_y,Return on Equity,TTM Net Income_x,Tangible Equity,Return on Tangible Equity,TTM Net Income_y,Total Assets,Return on Assets,TTM Net Income,LT Investments & Debt,Return on Investment,revenue,cost-goods-sold,gross-profit,research-development-expenses,selling-general-administrative-expenses,operating-expenses,operating-income,total-non-operating-income-expense,pre-tax-income,total-provision-income-taxes,income-after-taxes,income-from-continuous-operations,net-income,ebitda,ebit,basic-shares-outstanding,shares-outstanding,eps-basic-net-earnings-per-share,eps-earnings-per-share-diluted,cash-on-hand,inventory,other-current-assets,total-current-assets,net-property-plant-equipment,long-term-investments,goodwill-intangible-assets-total,other-long-term-assets,total-long-term-assets,total-assets,total-current-liabilities,long-term-debt,other-non-current-liabilities,total-long-term-liabilities,total-liabilities,common-stock-net,retained-earnings-accumulated-deficit,comprehensive-income,total-share-holder-equity,total-liabilities-share-holders-equity,net-income-loss,total-depreciation-amortization-cash-flow,other-non-cash-items,total-non-cash-items,change-in-accounts-receivable,change-in-inventories,change-in-accounts-payable,change-in-assets-liabilities,total-change-in-assets-liabilities,cash-flow-from-operating-activities,net-change-in-property-plant-equipment,net-change-in-intangible-assets,net-acquisitions-divestitures,net-change-in-short-term-investments,net-change-in-long-term-investments,net-change-in-investments-total,investing-activities-other,cash-flow-from-investing-activities,net-long-term-debt,net-current-debt,debt-issuance-retirement-net-total,net-common-equity-issued-repurchased,net-total-equity-issued-repurchased,total-common-preferred-stock-dividends-paid,financial-activities-other,cash-flow-from-financial-activities,net-cash-flow,stock-based-compensation,common-stock-dividends-paid
0,2018-09-30,38.35,$24.86,1.54,$129.18,0.3,$-1.09,0.0,$3.56,10.77,$0.74B,$0.31B,2.43,$0.56B,$0.32B,1.78,$1.62B,$0.27B,16.50%,$1.62B,$0.10B,6.18%,$1.62B,$0.10B,6.18%,$1.62B,$0.14B,8.41%,$1.62B,$0.07B,4.33%,$1.62B,$0.05B,2.78%,$0.05B,$0.32B,14.79%,$0.05B,$0.11B,45.80%,$0.05B,$1.24B,3.70%,$0.10B,$0.88B,11.57%,$414,$348,$66,$0,$41,$390,$25,$-7,$18,$3,$15,$15,$14,$34,$25,$12,13,$1.15,$1.14,$63,$309,$83,$743,$206,$0,$205,$88,$499,$1242,$306,$563,$58,$621,$927,$0,$0,$0,$316,$1242,$40,$27,$5,$32,$-37,$-23,$0,$-10,$-44,$22,$-33,$0,$-37,$0,$0,$0,$0,$-70,$44,$0,$44,$-6,$-6,$-5,$-3,$30,$-20,$7,$-5
1,2018-06-30,37.18,$24.03,1.55,$124.44,0.3,$0.48,77.05,$3.22,11.55,$0.77B,$0.30B,2.55,$0.59B,$0.31B,1.92,$1.56B,$0.26B,16.58%,$1.56B,$0.09B,6.04%,$1.56B,$0.09B,6.04%,$1.56B,$0.13B,8.29%,$1.56B,$0.07B,4.18%,$1.56B,$0.04B,2.63%,$0.04B,$0.31B,13.95%,$0.04B,$0.10B,44.69%,$0.04B,$1.26B,3.48%,$0.09B,$0.90B,11.24%,$432,$359,$73,$0,$48,$407,$25,$-5,$21,$6,$15,$15,$15,$35,$25,$12,13,$1.20,$1.18,$88,$305,$87,$768,$198,$0,$206,$87,$491,$1259,$301,$592,$31,$650,$951,$0,$0,$0,$308,$1259,$25,$18,$4,$22,$-36,$-18,$0,$-14,$-46,$-1,$-20,$0,$-36,$0,$0,$0,$0,$-55,$72,$0,$72,$-1,$-1,$-3,$-4,$65,$6,$5,$-3
2,2018-03-31,38.61,$24.41,1.58,$118.44,0.33,$1.86,20.77,$2.28,16.93,$0.74B,$0.30B,2.47,$0.57B,$0.31B,1.87,$1.48B,$0.25B,16.61%,$1.48B,$0.09B,6.24%,$1.48B,$0.09B,6.24%,$1.48B,$0.13B,8.47%,$1.48B,$0.05B,3.32%,$1.48B,$0.03B,1.97%,$0.03B,$0.31B,10.32%,$0.03B,$0.09B,34.63%,$0.03B,$1.23B,2.57%,$0.09B,$0.87B,11.51%,$406,$341,$65,$0,$43,$384,$22,$-6,$16,$6,$10,$10,$10,$31,$22,$12,13,$0.80,$0.78,$89,$300,$79,$741,$196,$0,$213,$84,$493,$1234,$300,$569,$33,$629,$929,$0,$0,$0,$305,$1234,$10,$9,$3,$12,$-17,$-9,$0,$-2,$-13,$8,$-9,$0,$-37,$0,$0,$0,$0,$-46,$46,$0,$46,$-1,$-1,$-2,$-1,$43,$6,$2,$-2
3,2017-12-31,45.52,$22.99,1.98,$113.49,0.4,$1.40,32.63,$2.29,19.88,$0.67B,$0.28B,2.43,$0.52B,$0.29B,1.79,$1.41B,$0.24B,16.63%,$1.41B,$0.09B,6.44%,$1.41B,$0.09B,6.44%,$1.41B,$0.12B,8.63%,$1.41B,$0.05B,3.40%,$1.41B,$0.03B,2.05%,$0.03B,$0.29B,10.85%,$0.03B,$0.09B,37.30%,$0.03B,$1.13B,2.70%,$0.09B,$0.80B,12.03%,$366,$303,$63,$0,$35,$338,$28,$-13,$15,$9,$6,$6,$6,$36,$28,$12,13,$0.47,$0.47,$83,$283,$61,$670,$177,$0,$200,$86,$463,$1133,$276,$516,$53,$568,$845,$0,$0,$0,$288,$1133,$30,$32,$26,$58,$-25,$-19,$0,$-13,$-33,$47,$-28,$0,$-40,$0,$0,$0,$0,$-68,$54,$0,$54,$-4,$-4,$-7,$-9,$34,$19,$9,$-7
4,2017-09-30,45.04,$21.92,2.05,$109.15,0.41,$3.50,12.86,$2.36,19.08,$0.65B,$0.28B,2.36,$0.49B,$0.28B,1.79,$1.35B,$0.22B,16.17%,$1.35B,$0.08B,5.91%,$1.35B,$0.08B,5.91%,$1.35B,$0.11B,8.12%,$1.35B,$0.04B,3.18%,$1.35B,$0.03B,2.22%,$0.03B,$0.28B,11.80%,$0.03B,$0.09B,43.48%,$0.03B,$1.09B,2.90%,$0.08B,$0.77B,11.05%,$352,$296,$57,$0,$38,$333,$19,$-6,$13,$3,$10,$10,$10,$27,$19,$12,12,$0.82,$0.80,$81,$268,$71,$652,$171,$0,$190,$79,$440,$1092,$276,$492,$21,$541,$817,$0,$0,$0,$275,$1092,$24,$24,$14,$38,$-30,$-16,$0,$-19,$-30,$27,$-19,$0,$-11,$0,$0,$0,$0,$-29,$32,$0,$32,$-4,$-4,$-5,$-10,$14,$16,$6,$-5
5,2017-06-30,37.51,$20.48,1.83,$106.17,0.35,$4.50,8.34,$2.66,14.1,$0.62B,$0.25B,2.46,$0.50B,$0.26B,1.94,$1.32B,$0.22B,16.43%,$1.32B,$0.08B,6.24%,$1.32B,$0.08B,6.24%,$1.32B,$0.11B,8.44%,$1.32B,$0.04B,3.35%,$1.32B,$0.03B,2.59%,$0.03B,$0.26B,13.92%,$0.03B,$0.07B,52.92%,$0.03B,$1.05B,3.41%,$0.08B,$0.75B,11.75%,$351,$291,$60,$0,$37,$328,$23,$-17,$5,$2,$3,$3,$3,$31,$23,$12,12,$0.25,$0.24,$73,$257,$64,$617,$172,$0,$186,$78,$436,$1052,$251,$496,$22,$545,$796,$0,$0,$0,$256,$1052,$13,$16,$12,$28,$-24,$-5,$0,$-12,$-27,$9,$-12,$0,$-11,$0,$0,$0,$0,$-23,$36,$0,$36,$-4,$-4,$-3,$-10,$19,$8,$4,$-3
6,2017-03-31,35.27,$19.92,1.77,$104.65,0.34,$5.87,6.01,$3.15,11.2,$0.60B,$0.27B,2.21,$0.45B,$0.25B,1.81,$1.29B,$0.21B,16.24%,$1.29B,$0.08B,6.11%,$1.29B,$0.08B,6.11%,$1.29B,$0.11B,8.35%,$1.29B,$0.05B,4.02%,$1.29B,$0.04B,3.09%,$0.04B,$0.25B,16.99%,$0.04B,$0.07B,67.51%,$0.04B,$1.02B,4.12%,$0.08B,$0.70B,11.73%,$344,$289,$55,$0,$38,$323,$21,$-6,$15,$5,$10,$10,$10,$28,$21,$12,13,$0.80,$0.79,$68,$249,$56,$598,$169,$0,$182,$74,$425,$1023,$270,$452,$22,$502,$773,$0,$0,$0,$250,$1023,$10,$8,$-1,$7,$-30,$-7,$0,$-6,$-16,$-0,$-6,$0,$0,$0,$0,$0,$0,$-6,$11,$0,$11,$0,$0,$-2,$-1,$9,$3,$2,$-2
7,2016-12-31,41.68,$19.03,2.19,$104.03,0.4,$6.47,6.44,$2.58,16.15,$0.55B,$0.24B,2.29,$0.44B,$0.24B,1.86,$1.28B,$0.20B,15.90%,$1.28B,$0.07B,5.40%,$1.28B,$0.07B,5.40%,$1.28B,$0.10B,7.75%,$1.28B,$0.04B,3.21%,$1.28B,$0.03B,2.58%,$0.03B,$0.24B,14.51%,$0.03B,$0.05B,61.97%,$0.03B,$0.97B,3.46%,$0.07B,$0.68B,10.41%,$307,$260,$47,$0,$30,$290,$17,$-7,$10,$3,$7,$7,$7,$24,$17,$12,12,$0.54,$0.53,$64,$241,$53,$553,$167,$0,$183,$10,$422,$974,$242,$439,$30,$496,$738,$15,$194,$-43,$236,$974,$32,$30,$17,$47,$14,$9,$0,$-14,$-0,$73,$-29,$0,$-23,$0,$0,$0,$0,$-52,$-7,$0,$-7,$-0,$-0,$-6,$-4,$-17,$2,$11,$-6
8,2016-09-30,35.54,$18.97,1.87,$107.10,0.33,$3.52,10.08,$3.00,11.85,$0.56B,$0.23B,2.43,$0.43B,$0.24B,1.82,$1.32B,$0.21B,15.95%,$1.32B,$0.07B,5.54%,$1.32B,$0.07B,5.54%,$1.32B,$0.10B,7.82%,$1.32B,$0.04B,3.34%,$1.32B,$0.04B,2.89%,$0.04B,$0.24B,17.16%,$0.04B,$0.07B,77.16%,$0.04B,$0.94B,4.02%,$0.07B,$0.66B,11.09%,$313,$258,$54,$0,$33,$292,$21,$-7,$14,$-0,$14,$14,$14,$28,$21,$12,12,$1.12,$1.10,$58,$251,$45,$555,$149,$0,$169,$69,$387,$942,$228,$428,$30,$479,$707,$15,$189,$-35,$235,$942,$26,$22,$12,$34,$-2,$-4,$0,$-5,$-9,$41,$-20,$0,$0,$0,$0,$0,$0,$-20,$-16,$0,$-16,$0,$0,$-5,$-4,$-24,$-4,$8,$-5
9,2016-06-30,27.47,$17.85,1.54,$111.07,0.25,$0.29,93.83,$2.96,9.28,$0.55B,$0.23B,2.39,$0.43B,$0.22B,1.96,$1.37B,$0.22B,15.94%,$1.37B,$0.08B,5.77%,$1.37B,$0.08B,5.77%,$1.37B,$0.11B,8.04%,$1.37B,$0.05B,3.65%,$1.37B,$0.04B,2.70%,$0.04B,$0.22B,16.95%,$0.04B,$0.05B,79.57%,$0.04B,$0.94B,3.84%,$0.08B,$0.66B,11.89%,$329,$275,$54,$0,$34,$309,$20,$-7,$13,$4,$9,$9,$9,$28,$20,$12,12,$0.74,$0.73,$58,$249,$46,$553,$149,$0,$171,$69,$388,$941,$231,$434,$34,$489,$720,$15,$177,$-34,$221,$941,$12,$15,$3,$18,$-1,$-0,$0,$-6,$-2,$28,$-14,$0,$0,$0,$0,$0,$0,$-14,$-11,$0,$-11,$0,$0,$-3,$-4,$-18,$-4,$6,$-3
10,2016-03-31,41.39,$17.77,2.33,$114.72,0.36,$-2.81,0.0,$3.23,12.82,$0.57B,$0.25B,2.32,$0.44B,$0.22B,2.01,$1.42B,$0.22B,15.82%,$1.42B,$0.09B,6.00%,$1.42B,$0.09B,6.00%,$1.42B,$0.12B,8.12%,$1.42B,$0.06B,3.95%,$1.42B,$0.04B,2.82%,$0.04B,$0.22B,18.56%,$0.04B,$0.04B,91.95%,$0.04B,$0.96B,4.09%,$0.09B,$0.66B,12.74%,$328,$280,$48,$0,$33,$317,$11,$-7,$4,$2,$3,$3,$3,$19,$11,$12,12,$0.22,$0.22,$60,$253,$43,$568,$150,$0,$174,$68,$392,$960,$245,$440,$37,$497,$742,$15,$170,$-27,$218,$960,$3,$7,$7,$14,$-12,$-4,$0,$-3,$-1,$10,$-9,$0,$0,$0,$0,$0,$0,$-9,$-2,$0,$-2,$0,$0,$-2,$-1,$-4,$-2,$3,$-2
11,2015-12-31,35.37,$17.29,2.05,$118.05,0.3,$-3.76,0.0,$3.88,9.12,$0.55B,$0.23B,2.44,$0.45B,$0.21B,2.1,$1.46B,$0.23B,15.99%,$1.46B,$0.10B,6.70%,$1.46B,$0.10B,6.70%,$1.46B,$0.13B,8.68%,$1.46B,$0.07B,4.78%,$1.46B,$0.05B,3.28%,$0.05B,$0.21B,22.83%,$0.05B,$0.04B,123.87%,$0.05B,$0.94B,4.87%,$0.10B,$0.66B,14.83%,$347,$293,$54,$0,$31,$327,$21,$-7,$13,$2,$12,$12,$12,$28,$21,$12,12,$0.96,$0.95,$62,$249,$39,$550,$151,$0,$175,$8,$393,$942,$225,$446,$39,$505,$730,$15,$168,$-30,$212,$942,$49,$29,$10,$39,$4,$-15,$0,$10,$-38,$45,$-37,$0,$0,$0,$0,$0,$0,$-37,$20,$0,$20,$-10,$-10,$-6,$-3,$1,$4,$7,$-6
12,2015-09-30,27.66,$17.73,1.56,$120.11,0.23,$-2.01,0.0,$3.79,7.3,$0.62B,$0.24B,2.54,$0.46B,$0.22B,2.09,$1.49B,$0.24B,15.92%,$1.49B,$0.10B,6.72%,$1.49B,$0.10B,6.72%,$1.49B,$0.13B,8.66%,$1.49B,$0.07B,4.97%,$1.49B,$0.05B,3.16%,$0.05B,$0.22B,22.90%,$0.05B,$0.06B,142.42%,$0.05B,$1.02B,4.73%,$0.10B,$0.69B,15.32%,$364,$302,$62,$0,$35,$337,$27,$-7,$20,$7,$13,$13,$13,$35,$27,$12,12,$1.07,$1.06,$63,$248,$57,$615,$153,$0,$167,$80,$400,$1015,$242,$464,$42,$551,$793,$15,$158,$-17,$222,$1015,$37,$21,$5,$27,$-15,$-13,$0,$-12,$-61,$12,$-31,$0,$0,$0,$0,$0,$0,$-31,$37,$0,$37,$-5,$-5,$-5,$0,$27,$5,$5,$-5
13,2015-06-30,46.31,$16.75,2.76,$118.52,0.39,$1.35,34.18,$3.73,12.42,$0.60B,$0.25B,2.45,$0.46B,$0.21B,2.18,$1.47B,$0.24B,16.05%,$1.47B,$0.10B,6.73%,$1.47B,$0.10B,6.73%,$1.47B,$0.13B,8.57%,$1.47B,$0.07B,5.03%,$1.47B,$0.05B,3.13%,$0.05B,$0.21B,23.20%,$0.05B,$0.04B,126.90%,$0.05B,$1.00B,4.80%,$0.10B,$0.67B,15.87%,$377,$317,$60,$0,$35,$352,$26,$-7,$19,$6,$13,$13,$12,$33,$26,$12,12,$1.02,$1.00,$51,$253,$51,$600,$149,$0,$172,$78,$398,$999,$246,$457,$41,$544,$789,$15,$147,$-16,$210,$999,$24,$14,$3,$17,$-11,$-16,$0,$3,$-42,$-5,$-20,$0,$0,$0,$0,$0,$0,$-20,$27,$0,$27,$-4,$-4,$-3,$0,$19,$-7,$3,$-3
14,2015-03-31,50.2,$15.75,3.19,$115.77,0.43,$3.66,13.71,$3.73,13.46,$0.59B,$0.27B,2.2,$0.44B,$0.20B,2.21,$1.44B,$0.24B,16.50%,$1.44B,$0.10B,6.89%,$1.44B,$0.10B,6.89%,$1.44B,$0.12B,8.64%,$1.44B,$0.08B,5.22%,$1.44B,$0.05B,3.20%,$0.05B,$0.20B,23.93%,$0.05B,$0.03B,110.84%,$0.05B,$0.99B,4.97%,$0.10B,$0.63B,16.45%,$375,$316,$58,$0,$34,$350,$24,$-7,$18,$6,$11,$11,$11,$31,$24,$12,12,$0.89,$0.87,$47,$250,$51,$594,$144,$0,$172,$77,$393,$987,$270,$435,$41,$520,$790,$15,$136,$-19,$197,$987,$11,$7,$2,$9,$-13,$-16,$0,$0,$-18,$1,$-12,$0,$0,$0,$0,$0,$0,$-12,$4,$0,$4,$-1,$-1,$-2,$0,$1,$-11,$2,$-2
15,2014-12-31,59.94,$15.35,3.9,$111.39,0.54,$4.65,12.9,$3.68,16.29,$0.58B,$0.26B,2.21,$0.43B,$0.19B,2.26,$1.38B,$0.24B,17.04%,$1.38B,$0.10B,7.03%,$1.38B,$0.10B,7.03%,$1.38B,$0.12B,8.77%,$1.38B,$0.07B,5.29%,$1.38B,$0.05B,3.26%,$0.05B,$0.19B,24.10%,$0.05B,$0.01B,94.24%,$0.05B,$0.97B,5.05%,$0.10B,$0.63B,16.63%,$373,$316,$57,$0,$34,$350,$23,$-7,$17,$5,$11,$11,$11,$30,$23,$12,12,$0.89,$0.86,$58,$238,$49,$582,$141,$0,$178,$73,$392,$974,$264,$434,$40,$518,$782,$15,$127,$-14,$192,$974,$47,$23,$5,$29,$-28,$-9,$0,$-22,$-31,$54,$-24,$0,$-73,$0,$0,$0,$0,$-96,$58,$0,$58,$-4,$-4,$-5,$-0,$49,$3,$6,$-5
16,2014-09-30,45.42,$15.51,2.93,$106.67,0.43,$6.48,7.01,$3.54,12.83,$0.55B,$0.22B,2.45,$0.38B,$0.19B,1.94,$1.32B,$0.23B,17.11%,$1.32B,$0.09B,7.07%,$1.32B,$0.09B,7.07%,$1.32B,$0.12B,8.82%,$1.32B,$0.07B,5.25%,$1.32B,$0.04B,3.27%,$0.04B,$0.19B,23.92%,$0.04B,$0.07B,80.37%,$0.04B,$0.87B,5.04%,$0.09B,$0.57B,16.53%,$345,$284,$61,$0,$34,$318,$26,$-7,$20,$7,$13,$13,$12,$32,$26,$12,12,$1.02,$1.00,$63,$230,$25,$546,$117,$0,$126,$86,$328,$874,$223,$377,$33,$457,$680,$15,$117,$-0,$194,$874,$36,$16,$4,$21,$-34,$-5,$0,$-8,$-21,$34,$-12,$0,$-5,$0,$0,$0,$0,$-17,$-5,$0,$-5,$-4,$-4,$-3,$-1,$-13,$7,$4,$-3
17,2014-06-30,55.02,$14.87,3.7,$103.56,0.53,$7.43,7.41,$3.53,15.59,$0.54B,$0.21B,2.54,$0.39B,$0.19B,2.11,$1.27B,$0.22B,17.19%,$1.27B,$0.09B,6.67%,$1.27B,$0.09B,6.67%,$1.27B,$0.11B,8.32%,$1.27B,$0.06B,4.79%,$1.27B,$0.04B,3.38%,$0.04B,$0.19B,25.79%,$0.04B,$0.06B,95.03%,$0.04B,$0.87B,5.17%,$0.09B,$0.58B,15.43%,$343,$282,$61,$0,$35,$317,$26,$-7,$20,$7,$13,$13,$12,$31,$26,$12,12,$1.02,$1.00,$57,$230,$30,$541,$117,$0,$128,$85,$329,$870,$213,$393,$31,$471,$684,$15,$107,$4,$186,$870,$23,$11,$2,$13,$-26,$-7,$0,$1,$-21,$16,$-12,$0,$-6,$0,$0,$0,$0,$-18,$11,$0,$11,$-3,$-3,$-2,$-1,$5,$2,$3,$-2
18,2014-03-31,53.04,$14.11,3.76,$101.06,0.52,$8.85,6.0,$3.51,15.11,$0.53B,$0.21B,2.47,$0.38B,$0.18B,2.18,$1.24B,$0.22B,17.45%,$1.24B,$0.08B,6.79%,$1.24B,$0.08B,6.79%,$1.24B,$0.11B,8.48%,$1.24B,$0.06B,4.77%,$1.24B,$0.04B,3.47%,$0.04B,$0.18B,28.48%,$0.04B,$0.05B,125.55%,$0.04B,$0.85B,5.33%,$0.08B,$0.56B,15.73%,$318,$262,$56,$0,$34,$296,$22,$-6,$16,$6,$10,$10,$10,$28,$22,$12,12,$0.84,$0.82,$59,$228,$28,$525,$115,$0,$126,$82,$322,$847,$212,$382,$32,$459,$672,$14,$96,$3,$175,$847,$10,$5,$1,$7,$-17,$-6,$0,$0,$-12,$5,$-3,$0,$0,$0,$0,$0,$0,$-3,$2,$0,$2,$-1,$-1,$0,$0,$2,$4,$1,$0
19,2013-12-31,49.5,$13.20,3.75,$98.61,0.5,$9.72,5.09,$3.54,13.98,$0.50B,$0.20B,2.51,$0.38B,$0.16B,2.31,$1.20B,$0.21B,17.62%,$1.20B,$0.09B,7.07%,$1.20B,$0.09B,7.07%,$1.20B,$0.11B,8.73%,$1.20B,$0.06B,4.99%,$1.20B,$0.04B,3.57%,$0.04B,$0.16B,31.79%,$0.04B,$0.04B,172.00%,$0.04B,$0.82B,5.49%,$0.09B,$0.54B,16.50%,$309,$262,$47,$0,$28,$290,$19,$-6,$13,$3,$9,$9,$9,$25,$19,$12,12,$0.66,$0.74,$55,$221,$29,$496,$115,$0,$127,$80,$322,$819,$198,$379,$32,$457,$655,$14,$86,$3,$164,$819,$44,$19,$-4,$15,$9,$-5,$0,$5,$1,$60,$-9,$0,$-46,$0,$0,$0,$0,$-54,$5,$0,$5,$-2,$-2,$0,$1,$4,$11,$5,$0
20,2013-09-30,36.29,$11.45,3.17,$95.66,0.38,$8.17,4.44,$3.45,10.52,$0.51B,$0.20B,2.53,$0.38B,$0.14B,2.71,$1.17B,$0.21B,18.28%,$1.17B,$0.09B,7.64%,$1.17B,$0.09B,7.64%,$1.17B,$0.11B,9.27%,$1.17B,$0.06B,5.49%,$1.17B,$0.04B,3.61%,$0.04B,$0.14B,35.07%,$0.04B,$0.04B,254.55%,$0.04B,$0.79B,5.53%,$0.09B,$0.53B,17.86%,$304,$249,$55,$0,$31,$285,$18,$-6,$12,$4,$9,$9,$12,$22,$18,$12,12,$1.02,$0.99,$64,$218,$27,$509,$111,$0,$107,$64,$282,$790,$201,$383,$32,$447,$649,$14,$77,$-8,$142,$790,$35,$14,$-3,$11,$-14,$-1,$0,$2,$-8,$37,$-3,$0,$-22,$0,$0,$0,$0,$-25,$10,$0,$10,$-2,$-2,$0,$0,$8,$20,$4,$0
21,2013-06-30,31.15,$9.89,3.15,$94.36,0.33,$7.42,4.2,$3.34,9.33,$0.49B,$0.20B,2.43,$0.39B,$0.12B,3.17,$1.15B,$0.21B,18.50%,$1.15B,$0.10B,8.29%,$1.15B,$0.10B,8.29%,$1.15B,$0.12B,10.03%,$1.15B,$0.07B,6.02%,$1.15B,$0.04B,3.58%,$0.04B,$0.12B,37.96%,$0.04B,$0.02B,585.71%,$0.04B,$0.77B,5.46%,$0.10B,$0.51B,19.58%,$307,$250,$58,$0,$33,$282,$25,$-7,$18,$6,$12,$12,$12,$30,$25,$12,12,$1.01,$0.98,$56,$217,$25,$491,$110,$0,$108,$63,$281,$772,$202,$388,$28,$448,$650,$14,$65,$-9,$123,$772,$22,$10,$2,$12,$-6,$-3,$0,$2,$-0,$34,$-13,$0,$-21,$0,$0,$0,$0,$-34,$14,$0,$14,$-1,$-1,$0,$0,$13,$12,$2,$0
22,2013-03-31,31.29,$9.01,3.47,$94.69,0.33,$6.72,4.66,$2.73,11.46,$0.49B,$0.21B,2.33,$0.37B,$0.11B,3.31,$1.15B,$0.21B,18.29%,$1.15B,$0.08B,7.23%,$1.15B,$0.08B,7.23%,$1.15B,$0.10B,8.97%,$1.15B,$0.06B,5.05%,$1.15B,$0.03B,2.87%,$0.03B,$0.11B,34.02%,$0.03B,$0.01B,-2200.00%,$0.03B,$0.75B,4.42%,$0.08B,$0.48B,17.45%,$283,$231,$52,$0,$28,$260,$23,$-7,$17,$6,$11,$11,$10,$28,$23,$12,12,$0.87,$0.85,$51,$220,$28,$489,$101,$0,$98,$63,$262,$751,$210,$370,$28,$429,$639,$14,$53,$-9,$112,$751,$10,$5,$1,$6,$-10,$-9,$0,$0,$-1,$16,$-4,$0,$0,$0,$0,$0,$0,$-4,$-5,$0,$-5,$-0,$-0,$0,$0,$-5,$7,$1,$0
23,2012-12-31,20.13,$8.32,2.42,$93.15,0.22,$6.89,2.92,$2.62,7.68,$0.47B,$0.19B,2.43,$0.37B,$0.10B,3.68,$1.13B,$0.21B,18.35%,$1.13B,$0.08B,7.09%,$1.13B,$0.08B,7.09%,$1.13B,$0.10B,8.78%,$1.13B,$0.05B,4.79%,$1.13B,$0.03B,2.84%,$0.03B,$0.10B,36.36%,$0.03B,$0.00B,-272.34%,$0.03B,$0.73B,4.27%,$0.08B,$0.48B,16.94%,$271,$223,$48,$0,$25,$248,$23,$-6,$17,$8,$9,$9,$8,$28,$23,$12,12,$0.65,$0.63,$44,$216,$25,$465,$100,$0,$99,$62,$261,$727,$192,$374,$27,$433,$625,$14,$42,$-7,$102,$727,$32,$18,$10,$28,$10,$7,$0,$0,$-4,$56,$-23,$0,$-97,$0,$0,$0,$0,$-120,$31,$0,$31,$-4,$-4,$0,$3,$31,$-34,$3,$0
24,2012-09-30,20.47,$7.63,2.68,$89.87,0.23,$6.26,3.27,$3.57,5.73,$0.49B,$0.22B,2.21,$0.38B,$0.10B,4.01,$1.09B,$0.20B,18.23%,$1.09B,$0.07B,6.81%,$1.09B,$0.07B,6.81%,$1.09B,$0.09B,8.56%,$1.09B,$0.05B,4.42%,$1.09B,$0.04B,3.96%,$0.04B,$0.10B,54.60%,$0.04B,$-0.00B,-3440.00%,$0.04B,$0.75B,5.96%,$0.07B,$0.47B,16.22%,$285,$231,$54,$0,$30,$261,$24,$-7,$17,$6,$11,$11,$11,$29,$24,$12,12,$0.89,$0.88,$41,$224,$29,$490,$100,$0,$98,$64,$262,$752,$222,$379,$27,$435,$657,$14,$35,$-6,$95,$752,$24,$13,$2,$15,$-2,$-9,$0,$0,$-2,$43,$-19,$0,$-97,$0,$0,$0,$0,$-115,$35,$0,$35,$-0,$-0,$0,$0,$36,$-37,$2,$0
25,2012-06-30,17.98,$6.43,2.79,$86.76,0.21,$5.64,3.19,$2.93,6.13,$0.50B,$0.23B,2.16,$0.39B,$0.08B,4.97,$1.05B,$0.19B,17.80%,$1.05B,$0.06B,5.74%,$1.05B,$0.06B,5.74%,$1.05B,$0.08B,7.46%,$1.05B,$0.04B,3.35%,$1.05B,$0.04B,3.35%,$0.04B,$0.08B,50.36%,$0.04B,$-0.02B,297.87%,$0.04B,$0.76B,5.06%,$0.06B,$0.47B,13.67%,$309,$253,$56,$0,$30,$295,$13,$-7,$7,$2,$4,$4,$4,$18,$13,$12,12,$0.37,$0.37,$43,$226,$27,$503,$92,$0,$98,$65,$256,$759,$233,$394,$24,$447,$680,$14,$24,$-9,$79,$759,$13,$8,$2,$10,$-13,$-10,$0,$0,$-2,$19,$-7,$0,$-97,$0,$0,$0,$0,$-104,$51,$0,$51,$0,$0,$0,$-1,$50,$-35,$1,$0
26,2012-03-31,18.94,$6.27,3.02,$82.62,0.23,$5.18,3.66,$2.46,7.7,$0.51B,$0.24B,2.09,$0.39B,$0.08B,5.15,$0.98B,$0.18B,17.80%,$0.98B,$0.06B,6.41%,$0.98B,$0.06B,6.41%,$0.98B,$0.08B,8.24%,$0.98B,$0.03B,3.05%,$0.98B,$0.03B,3.05%,$0.03B,$0.08B,46.69%,$0.03B,$-0.03B,105.26%,$0.03B,$0.76B,4.57%,$0.06B,$0.47B,14.94%,$263,$214,$49,$0,$29,$243,$20,$-7,$13,$4,$9,$9,$9,$24,$20,$12,12,$0.76,$0.74,$45,$223,$28,$509,$83,$0,$104,$65,$252,$760,$244,$391,$25,$441,$684,$14,$19,$-7,$76,$760,$9,$4,$1,$4,$-20,$-8,$0,$1,$4,$17,$-3,$0,$-95,$0,$0,$0,$0,$-98,$48,$0,$48,$-0,$-0,$0,$-1,$47,$-33,$1,$0
27,2011-12-31,16.85,$5.39,3.13,$80.93,0.21,$4.95,3.41,$2.45,6.88,$0.47B,$0.18B,2.64,$0.35B,$0.07B,5.29,$0.96B,$0.17B,17.46%,$0.96B,$0.06B,6.13%,$0.96B,$0.06B,6.13%,$0.96B,$0.08B,8.00%,$0.96B,$0.03B,2.81%,$0.96B,$0.03B,3.12%,$0.03B,$0.07B,50.21%,$0.03B,$0.05B,63.16%,$0.03B,$0.62B,4.91%,$0.06B,$0.41B,15.02%,$229,$191,$39,$0,$21,$212,$17,$-6,$11,$-10,$21,$21,$19,$22,$17,$12,12,$1.63,$1.58,$78,$202,$28,$469,$62,$0,$20,$64,$146,$615,$177,$346,$24,$372,$549,$14,$10,$-8,$65,$615,$29,$16,$2,$18,$-14,$-9,$0,$0,$-4,$36,$-11,$0,$0,$0,$0,$0,$0,$-11,$21,$0,$21,$-2,$-2,$0,$-1,$18,$43,$2,$0
28,2011-09-30,11.34,$4.89,2.32,$80.49,0.14,$8.22,1.38,$1.17,9.7,$0.47B,$0.20B,2.38,$0.35B,$0.06B,5.92,$0.95B,$0.17B,17.30%,$0.95B,$0.05B,5.24%,$0.95B,$0.05B,5.24%,$0.95B,$0.07B,7.13%,$0.95B,$0.02B,2.10%,$0.95B,$0.02B,1.57%,$0.02B,$0.06B,27.27%,$0.02B,$0.05B,32.97%,$0.02B,$0.63B,2.52%,$0.05B,$0.40B,13.31%,$244,$202,$42,$0,$26,$233,$10,$-6,$4,$1,$3,$3,$3,$14,$10,$12,12,$0.25,$0.24,$71,$209,$32,$467,$64,$0,$10,$91,$164,$631,$197,$346,$20,$376,$573,$14,$-9,$3,$58,$631,$10,$12,$14,$26,$-18,$-23,$0,$-7,$-11,$26,$-10,$0,$0,$0,$0,$0,$0,$-10,$20,$0,$20,$-1,$-1,$0,$-1,$19,$35,$2,$0
29,2011-06-30,19.97,$4.87,4.1,$77.38,0.26,$10.87,1.84,$1.45,13.77,$0.45B,$0.19B,2.45,$0.35B,$0.06B,5.92,$0.91B,$0.16B,17.31%,$0.91B,$0.05B,5.70%,$0.91B,$0.05B,5.70%,$0.91B,$0.07B,7.56%,$0.91B,$0.02B,2.30%,$0.91B,$0.02B,1.97%,$0.02B,$0.06B,36.55%,$0.02B,$0.05B,45.28%,$0.02B,$0.62B,3.13%,$0.05B,$0.40B,14.40%,$247,$202,$45,$0,$29,$230,$16,$-14,$2,$3,$-1,$-1,$-1,$21,$16,$12,12,$-0.10,$-0.10,$60,$206,$30,$453,$68,$0,$10,$91,$168,$621,$185,$345,$23,$378,$563,$14,$-11,$6,$58,$621,$8,$8,$8,$17,$-21,$-17,$0,$-1,$-13,$12,$-5,$0,$0,$0,$0,$0,$0,$-5,$20,$0,$20,$-0,$-0,$0,$-1,$18,$25,$1,$0
30,2011-03-31,19.51,$4.91,3.98,$72.59,0.27,$12.48,1.56,$1.84,10.61,$0.41B,$0.19B,2.16,$0.29B,$0.06B,5.04,$0.86B,$0.15B,16.90%,$0.86B,$0.05B,5.44%,$0.86B,$0.05B,5.44%,$0.86B,$0.06B,7.29%,$0.86B,$0.02B,2.78%,$0.86B,$0.02B,2.55%,$0.02B,$0.06B,54.32%,$0.02B,$0.05B,67.69%,$0.02B,$0.58B,4.04%,$0.05B,$0.35B,13.73%,$242,$200,$42,$0,$26,$225,$16,$-6,$10,$2,$9,$9,$9,$20,$16,$11,12,$0.76,$0.73,$31,$201,$24,$413,$67,$0,$10,$85,$162,$575,$191,$293,$23,$326,$517,$13,$-10,$5,$58,$575,$9,$4,$0,$4,$-20,$-7,$0,$1,$-0,$13,$-2,$0,$0,$0,$0,$0,$0,$-2,$-16,$0,$-16,$-0,$-0,$0,$0,$-16,$-4,$0,$0
31,2010-12-31,19.75,$3.92,5.04,$68.89,0.29,$12.70,1.56,$1.29,15.31,$0.39B,$0.17B,2.28,$0.30B,$0.05B,6.41,$0.81B,$0.13B,16.34%,$0.81B,$0.04B,4.79%,$0.81B,$0.04B,4.79%,$0.81B,$0.06B,6.88%,$0.81B,$0.02B,2.09%,$0.81B,$0.02B,1.84%,$0.02B,$0.05B,47.24%,$0.02B,$0.04B,59.41%,$0.02B,$0.55B,2.83%,$0.04B,$0.34B,11.47%,$221,$184,$36,$0,$26,$213,$8,$-4,$4,$1,$4,$4,$4,$13,$8,$11,12,$0.31,$0.30,$35,$193,$26,$390,$69,$0,$9,$84,$162,$553,$171,$297,$28,$335,$506,$13,$-19,$2,$46,$553,$15,$17,$2,$19,$-8,$10,$0,$2,$33,$67,$-4,$0,$-26,$0,$0,$0,$0,$-30,$-20,$0,$-20,$-1,$-1,$0,$-4,$-25,$12,$2,$0
32,2010-09-30,12.56,$2.95,4.26,$67.33,0.19,$10.84,1.16,$1.01,12.44,$0.39B,$0.17B,2.26,$0.31B,$0.04B,8.9,$0.78B,$0.13B,16.01%,$0.78B,$0.03B,4.35%,$0.78B,$0.03B,4.35%,$0.78B,$0.05B,6.53%,$0.78B,$0.01B,1.41%,$0.78B,$0.01B,1.41%,$0.01B,$0.04B,42.31%,$0.01B,$0.03B,53.01%,$0.01B,$0.55B,2.13%,$0.03B,$0.35B,9.99%,$203,$168,$35,$0,$22,$191,$12,$-6,$5,$-1,$6,$6,$6,$15,$12,$11,12,$0.54,$0.52,$36,$193,$19,$392,$72,$0,$9,$75,$156,$548,$174,$310,$22,$339,$513,$13,$-23,$-5,$35,$548,$12,$12,$3,$15,$-21,$20,$0,$-13,$23,$50,$-2,$0,$-16,$0,$0,$0,$0,$-18,$-14,$0,$-14,$-1,$-1,$0,$-4,$-19,$13,$1,$0
33,2010-06-30,13.59,$1.95,6.97,$65.48,0.21,$9.06,1.5,$0.20,67.96,$0.35B,$0.15B,2.42,$0.31B,$0.02B,13.35,$0.75B,$0.11B,15.13%,$0.75B,$0.03B,3.35%,$0.75B,$0.03B,3.35%,$0.75B,$0.04B,5.76%,$0.75B,$0.00B,0.40%,$0.75B,$0.00B,0.27%,$0.00B,$0.02B,9.76%,$0.00B,$0.02B,12.12%,$0.00B,$0.50B,0.39%,$0.03B,$0.33B,7.28%,$198,$165,$33,$0,$22,$187,$11,$-6,$5,$1,$3,$3,$3,$15,$11,$11,12,$0.30,$0.29,$28,$169,$25,$350,$70,$0,$4,$80,$154,$504,$145,$306,$24,$336,$481,$13,$-29,$-11,$23,$504,$5,$8,$1,$9,$-15,$20,$0,$-9,$12,$26,$-1,$0,$0,$0,$0,$0,$0,$-1,$-16,$0,$-16,$-1,$-1,$0,$-4,$-21,$5,$1,$0
34,2010-03-31,8.26,$1.96,4.21,$63.38,0.13,$6.44,1.28,$0.20,41.28,$0.36B,$0.15B,2.49,$0.32B,$0.02B,13.77,$0.71B,$0.11B,15.31%,$0.71B,$0.02B,3.37%,$0.71B,$0.02B,3.37%,$0.71B,$0.04B,6.04%,$0.71B,$0.00B,0.28%,$0.71B,$0.00B,0.28%,$0.00B,$0.02B,11.11%,$0.00B,$0.02B,14.29%,$0.00B,$0.52B,0.39%,$0.02B,$0.34B,6.74%,$192,$162,$29,$0,$21,$183,$8,$-5,$3,$1,$2,$2,$2,$13,$8,$11,12,$0.19,$0.18,$28,$173,$31,$361,$73,$0,$4,$77,$155,$515,$145,$319,$21,$347,$492,$13,$-32,$-7,$23,$515,$2,$4,$0,$5,$-15,$10,$0,$-5,$7,$14,$-0,$0,$0,$0,$0,$0,$0,$-0,$-4,$0,$-4,$-0,$-0,$0,$-4,$-9,$5,$0,$0
35,2009-12-31,5.34,$1.93,2.76,$63.47,0.08,$4.50,1.18,$-0.48,0.0,$0.35B,$0.13B,2.75,$0.32B,$0.02B,14.17,$0.70B,$0.10B,14.84%,$0.70B,$0.02B,2.43%,$0.70B,$0.02B,2.43%,$0.70B,$0.04B,5.14%,$0.70B,$-0.01B,-0.86%,$0.70B,$-0.01B,-0.71%,$-0.01B,$0.02B,-37.04%,$-0.01B,$0.02B,-52.63%,$-0.01B,$0.50B,-0.94%,$0.02B,$0.35B,4.65%,$188,$160,$28,$0,$21,$185,$3,$-5,$-2,$-3,$0,$0,$0,$8,$3,$11,11,$0.02,$0.03,$23,$182,$32,$350,$77,$0,$4,$71,$152,$502,$127,$323,$22,$352,$479,$13,$-34,$-5,$23,$502,$-5,$19,$-1,$18,$61,$47,$0,$5,$31,$44,$-6,$0,$0,$1,$0,$1,$0,$-5,$-34,$0,$-34,$1,$1,$0,$0,$-34,$5,$2,$0
36,2009-09-30,8.24,$1.13,7.31,$69.02,0.12,$0.20,40.69,$-11.46,0.0,$0.37B,$0.13B,2.77,$0.34B,$0.01B,25.8,$0.76B,$0.10B,13.63%,$0.76B,$-0.08B,-10.35%,$0.76B,$-0.08B,-10.35%,$0.76B,$-0.06B,-7.86%,$0.76B,$-0.10B,-13.63%,$0.76B,$-0.13B,-16.38%,$-0.13B,$0.01B,-1136.36%,$-0.13B,$0.01B,-1785.71%,$-0.13B,$0.52B,-22.21%,$-0.08B,$0.36B,-21.12%,$169,$146,$23,$0,$22,$166,$3,$-6,$-3,$0,$-3,$-3,$-3,$7,$3,$11,11,$-0.29,$-0.29,$19,$199,$18,$369,$83,$0,$4,$65,$153,$522,$133,$343,$24,$375,$509,$13,$-34,$-14,$13,$522,$-5,$14,$-3,$11,$43,$49,$0,$-1,$24,$29,$-5,$0,$0,$1,$0,$1,$0,$-4,$-25,$0,$-25,$1,$1,$0,$0,$-24,$2,$2,$0
37,2009-06-30,3.23,$1.13,2.87,$77.89,0.04,$-2.48,0.0,$-11.99,0.0,$0.38B,$0.12B,3.08,$0.37B,$0.01B,27.81,$0.86B,$0.12B,13.95%,$0.86B,$-0.09B,-10.35%,$0.86B,$-0.09B,-10.35%,$0.86B,$-0.07B,-7.91%,$0.86B,$-0.12B,-13.37%,$0.86B,$-0.13B,-15.23%,$-0.13B,$0.01B,-264.65%,$-0.13B,$0.01B,-616.47%,$-0.13B,$0.54B,-20.66%,$-0.09B,$0.38B,-21.20%,$163,$134,$29,$0,$22,$153,$10,$-6,$4,$1,$3,$3,$3,$15,$10,$11,11,$0.30,$0.29,$13,$216,$20,$382,$86,$0,$4,$66,$156,$538,$124,$368,$23,$400,$525,$13,$-31,$-17,$13,$538,$-2,$10,$-2,$8,$42,$30,$0,$-3,$-7,$-2,$-3,$0,$0,$1,$0,$1,$0,$-2,$-1,$0,$-1,$1,$1,$0,$0,$-1,$-5,$1,$0
38,2009-03-31,3.08,$0.46,6.7,$88.06,0.03,$-2.56,0.0,$-11.79,0.0,$0.42B,$0.16B,2.63,$0.38B,$0.01B,69.85,$0.98B,$0.14B,13.73%,$0.98B,$-0.08B,-8.44%,$0.98B,$-0.08B,-8.44%,$0.98B,$-0.06B,-6.31%,$0.98B,$-0.11B,-11.19%,$0.98B,$-0.13B,-13.02%,$-0.13B,$0.01B,-140.27%,$-0.13B,$0.00B,-330.32%,$-0.13B,$0.57B,-18.09%,$-0.08B,$0.38B,-17.89%,$181,$157,$24,$0,$23,$180,$1,$-6,$-5,$1,$-5,$-5,$-5,$6,$1,$11,11,$-0.50,$-0.50,$14,$224,$35,$415,$87,$0,$4,$65,$157,$572,$158,$375,$24,$408,$567,$13,$-34,$-21,$5,$572,$-5,$5,$1,$6,$33,$7,$0,$-4,$-7,$-7,$-1,$0,$0,$1,$0,$1,$0,$-1,$3,$0,$3,$1,$1,$0,$0,$4,$-4,$1,$0
39,2008-12-31,5.83,$1.18,4.93,$94.36,0.06,$-3.40,0.0,$-10.99,0.0,$0.46B,$0.21B,2.22,$0.37B,$0.01B,28.68,$1.07B,$0.15B,14.03%,$1.07B,$-0.07B,-6.64%,$1.07B,$-0.07B,-6.64%,$1.07B,$-0.05B,-4.68%,$1.07B,$-0.10B,-9.35%,$1.07B,$-0.12B,-11.23%,$-0.12B,$0.01B,-89.55%,$-0.12B,$0.01B,-209.61%,$-0.12B,$0.62B,-15.60%,$-0.07B,$0.38B,-13.94%,$250,$222,$28,$0,$23,$342,$-93,$-7,$-100,$20,$-120,$-120,$-120,$-88,$-93,$11,11,$-10.89,$-10.85,$18,$229,$38,$460,$91,$0,$4,$64,$159,$619,$207,$366,$24,$399,$606,$12,$-29,$-17,$13,$619,$-120,$21,$117,$138,$7,$-13,$0,$-11,$-10,$9,$-17,$0,$-5,$2,$0,$2,$0,$-20,$21,$0,$21,$-6,$-6,$0,$0,$15,$3,$2,$0
40,2008-09-30,16.9,$14.96,1.13,$92.96,0.18,$-1.76,0.0,$0.31,54.51,$0.51B,$0.22B,2.3,$0.37B,$0.17B,2.23,$1.07B,$0.16B,14.81%,$1.07B,$0.03B,3.19%,$1.07B,$0.03B,3.19%,$1.07B,$0.05B,5.06%,$1.07B,$0.00B,0.37%,$1.07B,$0.00B,0.37%,$0.00B,$0.17B,2.31%,$0.00B,$0.07B,5.52%,$0.00B,$0.81B,0.50%,$0.03B,$0.54B,6.22%,$266,$227,$39,$0,$29,$273,$-7,$-7,$-14,$-5,$-9,$-9,$-9,$-1,$-7,$11,11,$-0.82,$-0.82,$29,$237,$35,$508,$94,$0,$101,$104,$299,$807,$221,$372,$24,$419,$640,$12,$91,$15,$167,$807,$0,$16,$19,$35,$-13,$-18,$0,$-15,$-25,$11,$-16,$0,$0,$2,$0,$2,$0,$-14,$20,$0,$20,$-3,$-3,$0,$0,$17,$14,$2,$0
41,2008-06-30,13.94,$16.06,0.87,$91.76,0.15,$-1.85,0.0,$1.66,8.4,$0.52B,$0.23B,2.28,$0.38B,$0.18B,2.09,$1.07B,$0.16B,15.05%,$1.07B,$0.06B,5.51%,$1.07B,$0.06B,5.51%,$1.07B,$0.08B,7.29%,$1.07B,$0.03B,2.62%,$1.07B,$0.02B,1.78%,$0.02B,$0.18B,11.01%,$0.02B,$0.08B,26.39%,$0.02B,$0.83B,2.36%,$0.06B,$0.56B,10.83%,$286,$242,$44,$0,$28,$270,$16,$-7,$9,$3,$6,$6,$6,$21,$16,$11,12,$0.52,$0.49,$33,$233,$37,$519,$106,$0,$101,$103,$312,$832,$228,$377,$23,$423,$651,$12,$100,$19,$180,$832,$9,$10,$1,$12,$-22,$-17,$0,$-8,$-18,$3,$-9,$0,$0,$2,$0,$2,$0,$-7,$25,$0,$25,$-3,$-3,$0,$0,$22,$18,$1,$0
42,2008-03-31,14.84,$15.50,0.96,$91.75,0.16,$-2.95,0.0,$1.67,8.89,$0.51B,$0.21B,2.42,$0.39B,$0.18B,2.19,$1.07B,$0.16B,14.85%,$1.07B,$0.06B,5.70%,$1.07B,$0.06B,5.70%,$1.07B,$0.08B,7.47%,$1.07B,$0.03B,2.61%,$1.07B,$0.02B,1.77%,$0.02B,$0.18B,11.45%,$0.02B,$0.08B,28.79%,$0.02B,$0.82B,2.39%,$0.06B,$0.56B,11.30%,$267,$228,$39,$0,$26,$254,$13,$-7,$5,$2,$3,$3,$3,$18,$13,$11,12,$0.31,$0.30,$23,$224,$42,$508,$105,$0,$101,$101,$311,$818,$210,$385,$24,$432,$642,$12,$94,$19,$176,$818,$3,$5,$1,$6,$-24,$-11,$0,$-6,$-24,$-14,$-4,$0,$0,$-0,$0,$-0,$0,$-4,$28,$0,$28,$-1,$-1,$0,$0,$27,$8,$1,$0
43,2007-12-31,23.71,$15.04,1.58,$92.09,0.26,$-2.95,0.0,$1.82,13.03,$0.46B,$0.19B,2.4,$0.36B,$0.17B,2.09,$1.07B,$0.16B,14.83%,$1.07B,$0.06B,5.88%,$1.07B,$0.06B,5.88%,$1.07B,$0.08B,7.74%,$1.07B,$0.03B,2.80%,$1.07B,$0.02B,1.96%,$0.02B,$0.17B,13.27%,$0.02B,$0.07B,35.74%,$0.02B,$0.77B,2.66%,$0.06B,$0.53B,11.84%,$248,$212,$36,$0,$24,$236,$12,$-7,$4,$1,$4,$4,$4,$16,$12,$11,12,$0.35,$0.34,$15,$215,$40,$464,$106,$0,$101,$95,$305,$769,$193,$358,$24,$404,$598,$12,$91,$18,$171,$769,$21,$21,$9,$29,$10,$9,$0,$-15,$-19,$31,$-22,$0,$0,$-4,$0,$-4,$4,$-22,$-14,$0,$-14,$-2,$-2,$0,$0,$-17,$-7,$2,$0
44,2007-09-30,24.51,$14.27,1.72,$94.41,0.26,$-4.24,0.0,$2.42,10.13,$0.50B,$0.21B,2.4,$0.37B,$0.16B,2.25,$1.09B,$0.16B,14.63%,$1.09B,$0.07B,5.94%,$1.09B,$0.07B,5.94%,$1.09B,$0.09B,7.95%,$1.09B,$0.03B,2.93%,$1.09B,$0.03B,2.56%,$0.03B,$0.16B,18.64%,$0.03B,$0.06B,54.37%,$0.03B,$0.80B,3.53%,$0.07B,$0.53B,12.33%,$269,$227,$42,$0,$24,$251,$18,$-8,$10,$4,$6,$6,$6,$23,$18,$11,12,$0.56,$0.53,$19,$207,$42,$499,$102,$0,$99,$95,$300,$800,$208,$368,$28,$428,$636,$12,$87,$13,$163,$800,$17,$16,$-1,$15,$-16,$-1,$0,$5,$-24,$8,$-14,$0,$0,$0,$0,$0,$4,$-10,$-0,$0,$-0,$-1,$-1,$0,$0,$-1,$-3,$2,$0
45,2007-06-30,25.79,$13.48,1.91,$93.88,0.27,$-5.62,0.0,$2.22,11.62,$0.49B,$0.19B,2.57,$0.38B,$0.15B,2.49,$1.08B,$0.15B,14.23%,$1.08B,$0.06B,5.64%,$1.08B,$0.06B,5.64%,$1.08B,$0.08B,7.58%,$1.08B,$0.03B,2.59%,$1.08B,$0.03B,2.40%,$0.03B,$0.15B,18.64%,$0.03B,$0.06B,58.76%,$0.03B,$0.79B,3.35%,$0.06B,$0.54B,11.81%,$287,$244,$42,$0,$25,$269,$18,$-8,$9,$3,$6,$6,$6,$23,$18,$11,12,$0.53,$0.50,$21,$212,$34,$490,$101,$0,$99,$94,$298,$788,$191,$383,$28,$444,$634,$12,$81,$9,$154,$788,$11,$11,$-1,$9,$-7,$2,$0,$3,$-31,$-10,$-9,$0,$0,$0,$0,$0,$4,$-5,$14,$0,$14,$0,$0,$0,$0,$14,$-1,$1,$0
46,2007-03-31,17.47,$12.71,1.38,$92.69,0.19,$-6.45,0.0,$2.15,8.13,$0.50B,$0.21B,2.43,$0.39B,$0.15B,2.67,$1.06B,$0.15B,14.11%,$1.06B,$0.06B,5.55%,$1.06B,$0.06B,5.55%,$1.06B,$0.08B,7.53%,$1.06B,$0.03B,2.54%,$1.06B,$0.03B,2.35%,$0.03B,$0.15B,19.23%,$0.03B,$0.05B,65.36%,$0.03B,$0.80B,3.29%,$0.06B,$0.53B,11.69%,$268,$229,$39,$0,$25,$252,$15,$-8,$7,$2,$5,$5,$5,$21,$15,$11,12,$0.47,$0.45,$25,$221,$24,$500,$105,$0,$98,$90,$298,$798,$206,$386,$29,$447,$653,$12,$75,$7,$145,$798,$5,$5,$-2,$4,$-14,$3,$0,$3,$-22,$-13,$-5,$0,$0,$0,$0,$0,$4,$-1,$17,$0,$17,$-0,$-0,$0,$0,$17,$3,$0,$0
47,2006-12-31,15.23,$12.20,1.25,$92.26,0.17,$-6.91,0.0,$2.12,7.18,$0.49B,$0.22B,2.24,$0.37B,$0.14B,2.68,$1.06B,$0.15B,14.03%,$1.06B,$0.06B,5.59%,$1.06B,$0.06B,5.59%,$1.06B,$0.08B,7.49%,$1.06B,$0.03B,2.65%,$1.06B,$0.03B,2.37%,$0.03B,$0.14B,20.66%,$0.03B,$0.04B,76.34%,$0.03B,$0.78B,3.39%,$0.06B,$0.51B,12.02%,$270,$233,$37,$0,$24,$256,$14,$-8,$6,$-5,$11,$11,$11,$20,$14,$11,11,$0.98,$0.93,$22,$224,$24,$486,$101,$0,$98,$92,$298,$784,$217,$371,$24,$428,$645,$12,$70,$6,$139,$784,$24,$20,$-3,$17,$-16,$-28,$0,$-7,$-35,$6,$-11,$0,$-23,$0,$0,$0,$3,$-31,$28,$0,$28,$0,$0,$0,$0,$28,$3,$1,$0
