,Date,Stock Price,Book Value per Share,Price to Book Ratio,TTM Sales per Share,Price to Sales Ratio,TTM FCF per Share,Price to FCF Ratio,TTM Net EPS,PE Ratio,Current Assets,Current Liabilities,Current Ratio,Long Term Debt,Shareholder's Equity_x,Debt to Equity Ratio,TTM Revenue_x,TTM Gross Profit,Gross Margin,TTM Revenue_y,TTM Operating Income,Operating Margin,TTM Revenue_x,TTM EBIT,EBIT Margin,TTM Revenue_y,TTM EBITDA,EBITDA Margin,TTM Revenue_x,TTM Pre-Tax Income,Pre-Tax Margin,TTM Revenue_y,TTM Net Income_x,Net Margin,TTM Net Income_y,Shareholder's Equity_y,Return on Equity,TTM Net Income_x,Tangible Equity,Return on Tangible Equity,TTM Net Income_y,Total Assets,Return on Assets,TTM Net Income,LT Investments & Debt,Return on Investment,revenue,cost-goods-sold,gross-profit,research-development-expenses,selling-general-administrative-expenses,operating-expenses,operating-income,total-non-operating-income-expense,pre-tax-income,total-provision-income-taxes,income-after-taxes,income-from-continuous-operations,net-income,ebitda,ebit,basic-shares-outstanding,shares-outstanding,eps-basic-net-earnings-per-share,eps-earnings-per-share-diluted,cash-on-hand,inventory,other-current-assets,total-current-assets,net-property-plant-equipment,long-term-investments,goodwill-intangible-assets-total,other-long-term-assets,total-long-term-assets,total-assets,total-current-liabilities,long-term-debt,other-non-current-liabilities,total-long-term-liabilities,total-liabilities,common-stock-net,retained-earnings-accumulated-deficit,comprehensive-income,total-share-holder-equity,total-liabilities-share-holders-equity,net-income-loss,total-depreciation-amortization-cash-flow,other-non-cash-items,total-non-cash-items,change-in-accounts-receivable,change-in-inventories,change-in-accounts-payable,change-in-assets-liabilities,total-change-in-assets-liabilities,cash-flow-from-operating-activities,net-change-in-property-plant-equipment,net-change-in-intangible-assets,net-acquisitions-divestitures,net-change-in-short-term-investments,net-change-in-long-term-investments,net-change-in-investments-total,investing-activities-other,cash-flow-from-investing-activities,net-long-term-debt,net-current-debt,debt-issuance-retirement-net-total,net-common-equity-issued-repurchased,net-total-equity-issued-repurchased,total-common-preferred-stock-dividends-paid,financial-activities-other,cash-flow-from-financial-activities,net-cash-flow,stock-based-compensation,common-stock-dividends-paid
0,2018-06-30,74.12,$123.02,0.6,$174.69,0.42,$59.33,1.25,$6.75,10.98,$30.01B,$17.95B,1.67,$8.64B,$42.90B,0.2,$55.90B,$7.83B,14.00%,$55.90B,$4.13B,7.39%,$55.90B,$4.13B,7.39%,$55.90B,$7.10B,12.70%,$55.90B,$3.97B,7.10%,$55.90B,$2.65B,4.73%,$2.65B,$42.90B,6.17%,$2.65B,$38.25B,7.02%,$2.65B,$71.94B,3.67%,$4.13B,$51.54B,7.94%,$14475,$12527,$1948,$0,$800,$13348,$1127,$-291,$836,$314,$522,$522,$491,$1864,$1127,$320,320,$1.51,$1.51,$8677,$9575,$859,$30013,$28284,$5736,$4652,$406,$41929,$71942,$17945,$8639,$733,$11095,$29040,$434,$40013,$0,$42902,$71942,$1497,$1477,$1165,$2642,$-902,$-528,$24,$-119,$-1525,$2033,$-757,$-12,$118,$-19,$-222,$-242,$266,$-626,$-831,$-128,$-959,$0,$0,$-403,$-48,$-1410,$14,$0,$-403
1,2018-03-31,78.5,$123.75,0.63,$171.49,0.46,$57.03,1.38,$6.60,11.89,$29.62B,$17.63B,1.68,$9.00B,$43.16B,0.21,$54.88B,$7.56B,13.78%,$54.88B,$3.89B,7.08%,$54.88B,$3.89B,7.08%,$54.88B,$6.84B,12.47%,$54.88B,$3.83B,6.98%,$54.88B,$2.62B,4.77%,$2.62B,$43.16B,6.13%,$2.62B,$37.88B,7.01%,$2.62B,$72.43B,3.64%,$3.89B,$52.15B,7.45%,$14276,$12129,$2148,$0,$796,$12937,$1339,$-4,$1335,$360,$975,$975,$894,$2079,$1339,$320,320,$2.79,$2.79,$9676,$9273,$766,$29617,$28435,$5883,$5274,$454,$42817,$72434,$17628,$8998,$750,$11650,$29278,$434,$39640,$0,$43156,$72434,$975,$740,$508,$1248,$-566,$-288,$57,$4,$-792,$1351,$-352,$32,$-0,$-732,$-61,$-793,$20,$-1093,$4,$-23,$-19,$0,$0,$-5,$-44,$-68,$203,$0,$-5
2,2017-12-31,77.44,$133.11,0.58,$169.28,0.46,$54.74,1.41,$6.09,12.72,$28.66B,$17.54B,1.63,$8.81B,$42.59B,0.21,$54.17B,$7.44B,13.74%,$54.17B,$3.78B,6.97%,$54.17B,$3.78B,6.97%,$54.17B,$6.74B,12.45%,$54.17B,$3.69B,6.80%,$54.17B,$2.48B,4.58%,$2.48B,$42.59B,5.87%,$2.48B,$37.24B,6.73%,$2.48B,$71.81B,3.47%,$3.78B,$51.40B,7.25%,$13616,$11685,$1931,$0,$970,$12963,$654,$35,$689,$242,$446,$446,$478,$-18538,$654,$320,320,$1.42,$1.42,$8693,$9714,$774,$28660,$28695,$5881,$5357,$440,$43147,$71807,$17541,$8810,$1024,$11672,$29213,$434,$38677,$0,$42594,$71807,$2618,$2968,$1757,$4725,$159,$-1292,$-571,$372,$-1332,$5047,$-2024,$-283,$-204,$-1527,$-168,$-1695,$771,$-3436,$-1269,$502,$-767,$0,$0,$-777,$135,$-1409,$148,$0,$-777
3,2017-09-30,68.08,$122.77,0.55,$191.14,0.36,$53.71,1.27,$6.51,10.46,$27.81B,$16.58B,1.68,$10.18B,$42.82B,0.24,$61.16B,$7.71B,12.60%,$61.16B,$3.27B,5.35%,$61.16B,$3.27B,5.35%,$61.16B,$26.88B,43.96%,$61.16B,$2.90B,4.74%,$61.16B,$2.14B,3.49%,$2.14B,$42.82B,5.09%,$2.14B,$37.34B,5.86%,$2.14B,$71.98B,2.98%,$3.27B,$53.00B,6.25%,$13533,$11734,$1799,$0,$786,$12519,$1013,$95,$1108,$292,$816,$816,$782,$21694,$1013,$320,320,$2.45,$2.45,$7723,$8838,$829,$27806,$29352,$6342,$5474,$499,$44177,$71983,$16580,$10181,$640,$12586,$29166,$434,$38400,$0,$42816,$71983,$21722,$22159,$3819,$25978,$-2433,$822,$-8834,$-2152,$-12597,$27493,$-13807,$-2053,$-478,$-3728,$-1806,$-5534,$4388,$-17484,$-10154,$9674,$-480,$0,$0,$-6685,$1672,$-5493,$4571,$0,$-6685
4,2017-06-30,61.09,$121.01,0.5,$166.02,0.37,$17.67,3.46,$5.58,10.95,$26.89B,$17.07B,1.58,$9.95B,$42.20B,0.24,$53.12B,$7.07B,13.31%,$53.12B,$3.03B,5.69%,$53.12B,$3.03B,5.69%,$53.12B,$5.96B,11.21%,$53.12B,$2.48B,4.67%,$53.12B,$1.87B,3.51%,$1.87B,$42.20B,4.54%,$1.87B,$36.72B,5.06%,$1.87B,$71.56B,2.87%,$3.03B,$52.15B,6.07%,$13450,$11768,$1682,$0,$801,$12569,$881,$-185,$696,$219,$477,$477,$462,$1609,$881,$320,320,$1.44,$1.44,$6807,$8741,$836,$26889,$29559,$6751,$5483,$490,$44669,$71558,$17066,$9950,$615,$12288,$29355,$434,$37733,$0,$42203,$71558,$1356,$1478,$1021,$2500,$-408,$-424,$-793,$-196,$-1822,$1496,$-954,$-168,$-8,$482,$-591,$-109,$523,$-717,$-1016,$1039,$23,$0,$0,$-559,$177,$-359,$404,$0,$-559
5,2017-03-31,62.63,$119.00,0.53,$160.15,0.39,$22.24,2.82,$4.97,12.6,$26.42B,$16.50B,1.6,$10.36B,$41.50B,0.25,$51.25B,$6.80B,13.27%,$51.25B,$2.76B,5.38%,$51.25B,$2.76B,5.38%,$51.25B,$5.75B,11.23%,$51.25B,$2.03B,3.96%,$51.25B,$1.66B,3.24%,$1.66B,$41.50B,4.08%,$1.66B,$36.05B,4.56%,$1.66B,$70.68B,2.55%,$2.76B,$51.86B,5.53%,$13569,$11537,$2032,$0,$804,$12341,$1228,$-36,$1193,$314,$879,$879,$758,$1979,$1228,$320,320,$2.36,$2.36,$6892,$8540,$900,$26416,$29537,$6684,$5450,$484,$44264,$70680,$16501,$10355,$661,$12677,$29178,$434,$37391,$0,$41502,$70680,$879,$750,$503,$1254,$-226,$-496,$-380,$-73,$-1176,$747,$-481,$-56,$-10,$223,$23,$246,$153,$-148,$-793,$299,$-494,$0,$0,$-5,$198,$-300,$252,$0,$-5
6,2016-12-31,50.76,$128.72,0.39,$148.90,0.34,$24.33,2.09,$3.62,14.02,$26.69B,$17.05B,1.57,$11.26B,$41.19B,0.27,$47.65B,$6.00B,12.59%,$47.65B,$2.06B,4.31%,$47.65B,$2.06B,4.31%,$47.65B,$4.95B,10.38%,$47.65B,$1.27B,2.67%,$47.65B,$1.19B,2.50%,$1.19B,$41.19B,3.03%,$1.19B,$35.71B,3.39%,$1.19B,$72.12B,1.88%,$2.06B,$52.45B,4.26%,$20609,$18414,$2195,$0,$1560,$20461,$149,$-245,$-96,$-35,$-61,$-61,$133,$1602,$149,$320,320,$0.44,$0.44,$6905,$8564,$847,$26690,$30393,$6892,$5480,$511,$45434,$72124,$17050,$11259,$1036,$13885,$30935,$434,$37013,$0,$41189,$72124,$929,$2892,$2126,$5018,$419,$-801,$531,$-513,$-364,$4742,$-2052,$-117,$23,$-1261,$-231,$-1492,$258,$-3379,$-2058,$-797,$-2855,$0,$0,$-638,$-63,$-3556,$-2181,$0,$-638
7,2016-09-30,48.21,$113.10,0.43,$145.26,0.33,$30.27,1.59,$0.71,67.9,$10.12B,$2.16B,4.7,$3.28B,$39.44B,0.08,$46.48B,$5.51B,11.86%,$46.48B,$2.23B,4.79%,$46.48B,$2.23B,4.79%,$46.48B,$5.13B,11.03%,$46.48B,$0.43B,0.93%,$46.48B,$0.40B,0.85%,$0.40B,$39.44B,1.01%,$0.40B,$39.01B,1.13%,$0.40B,$46.12B,0.62%,$2.23B,$42.73B,4.62%,$5496,$4335,$1161,$0,$394,$4729,$767,$-78,$689,$168,$521,$521,$514,$766,$767,$320,320,$1.61,$1.61,$4483,$2980,$45,$10121,$20056,$15284,$437,$113,$35998,$46119,$2155,$3284,$264,$4521,$6676,$434,$38275,$0,$39443,$46119,$1202,$1439,$813,$2252,$51,$147,$178,$-129,$246,$3417,$-1262,$-11,$22,$-521,$-207,$-727,$150,$-1828,$-1493,$0,$-1493,$0,$0,$-540,$-30,$-2063,$-482,$0,$-540
8,2016-06-30,41.87,$116.48,0.36,$145.80,0.29,$31.53,1.33,$-2.33,0.0,$25.85B,$17.03B,1.52,$11.48B,$40.62B,0.28,$46.65B,$5.36B,11.49%,$46.65B,$2.03B,4.36%,$46.65B,$2.03B,4.36%,$46.65B,$4.94B,10.60%,$46.65B,$0.02B,0.05%,$46.65B,$0.19B,0.41%,$0.19B,$40.62B,0.50%,$0.19B,$34.96B,0.56%,$0.19B,$71.46B,0.30%,$2.03B,$52.10B,4.24%,$11572,$10160,$1412,$0,$801,$10961,$611,$-369,$242,$43,$198,$198,$255,$1407,$611,$320,320,$0.80,$0.80,$7617,$6973,$905,$25846,$30618,$6737,$5658,$575,$45610,$71456,$17031,$11481,$606,$13804,$30835,$434,$36529,$0,$40621,$71456,$503,$1441,$957,$2398,$472,$438,$-178,$-165,$566,$3016,$-1013,$-78,$15,$-828,$-707,$-1534,$154,$-2455,$-874,$-254,$-1127,$0,$0,$-471,$-56,$-1654,$-1073,$0,$-471
9,2016-03-31,44.19,$102.95,0.43,$152.36,0.29,$35.77,1.24,$-2.60,0.0,$22.87B,$15.85B,1.44,$9.78B,$35.90B,0.27,$48.75B,$5.50B,11.27%,$48.75B,$2.04B,4.18%,$48.75B,$2.04B,4.18%,$48.75B,$4.84B,9.94%,$48.75B,$0.06B,0.11%,$48.75B,$0.12B,0.24%,$0.12B,$35.90B,0.30%,$0.12B,$30.83B,0.34%,$0.12B,$63.56B,0.18%,$2.04B,$45.68B,4.24%,$9969,$8736,$1233,$0,$705,$9441,$528,$-92,$436,$165,$271,$271,$288,$1172,$528,$320,320,$0.88,$0.88,$6867,$6229,$841,$22872,$27351,$5998,$5077,$499,$40691,$63563,$15853,$9781,$477,$11807,$27660,$386,$32290,$0,$35903,$63563,$271,$644,$409,$1053,$350,$248,$-213,$-90,$296,$1426,$-490,$-34,$11,$-215,$-78,$-294,$-59,$-865,$-845,$11,$-835,$0,$0,$-2,$-14,$-851,$-313,$0,$-2
10,2015-12-31,33.02,$126.77,0.26,$163.68,0.2,$34.10,0.97,$-2.56,0.0,$26.26B,$18.12B,1.45,$11.56B,$40.56B,0.29,$52.37B,$5.88B,11.23%,$52.37B,$2.17B,4.14%,$52.37B,$2.17B,4.14%,$52.37B,$5.06B,9.67%,$52.37B,$0.16B,0.31%,$52.37B,$0.13B,0.25%,$0.13B,$40.56B,0.33%,$0.13B,$34.80B,0.38%,$0.13B,$72.37B,0.20%,$2.17B,$52.13B,4.34%,$19443,$17736,$1707,$0,$1388,$19124,$319,$-1253,$-933,$-128,$-805,$-881,$-662,$1783,$319,$320,320,$-2.02,$-2.02,$7903,$7403,$758,$26263,$31071,$6634,$5765,$566,$46105,$72368,$18118,$11564,$450,$13687,$31805,$434,$36451,$0,$40563,$72368,$-87,$2896,$2470,$5366,$1752,$1886,$-769,$-391,$2479,$6842,$-2251,$-249,$423,$-2198,$20,$-2178,$174,$-4081,$-1558,$-762,$-2319,$0,$0,$-740,$1042,$-2017,$764,$0,$-740
11,2015-09-30,31.58,$110.16,0.29,$152.43,0.21,$19.66,1.61,$-0.70,0.0,$10.95B,$3.84B,2.85,$3.31B,$38.42B,0.09,$49.62B,$5.07B,10.22%,$49.62B,$0.78B,1.58%,$49.62B,$0.78B,1.58%,$49.62B,$3.32B,6.69%,$49.62B,$1.19B,2.40%,$49.62B,$0.60B,1.21%,$0.60B,$38.42B,1.47%,$0.60B,$37.98B,1.67%,$0.60B,$46.75B,0.85%,$0.78B,$41.73B,1.50%,$5669,$4662,$1007,$0,$433,$5095,$574,$-295,$279,$-32,$312,$312,$312,$581,$574,$320,320,$0.95,$0.95,$4284,$3354,$48,$10951,$19390,$15680,$439,$175,$35798,$46749,$3837,$3307,$145,$4492,$8329,$434,$37385,$0,$38419,$46749,$951,$1432,$538,$1970,$275,$579,$-96,$-45,$713,$3555,$-996,$-23,$0,$-1978,$-347,$-2325,$1089,$-2255,$-644,$0,$-644,$0,$0,$-576,$-29,$-1250,$52,$0,$-576
12,2015-06-30,44.26,$0.00,0.0,$185.69,0.24,$8.08,5.48,$1.57,28.19,$28.26B,$19.87B,1.42,$12.54B,$40.28B,0.31,$60.22B,$5.92B,9.84%,$60.22B,$1.09B,1.81%,$60.22B,$1.09B,1.81%,$60.22B,$4.36B,7.24%,$60.22B,$1.24B,2.06%,$60.22B,$0.53B,0.88%,$0.53B,$40.28B,1.24%,$0.53B,$34.15B,1.46%,$0.53B,$75.27B,0.66%,$1.09B,$52.82B,1.91%,$13671,$12121,$1549,$0,$932,$13053,$618,$-345,$273,$168,$106,$178,$178,$1308,$618,$320,320,$0.53,$0.53,$6655,$8409,$1502,$28263,$0,$4702,$6123,$3713,$15578,$75273,$19874,$12544,$897,$15121,$34996,$434,$36880,$0,$40277,$75273,$407,$1425,$0,$1425,$0,$0,$0,$0,$0,$3307,$55,$0,$0,$0,$0,$-5390,$2715,$-2621,$0,$-67,$-30,$0,$0,$-591,$166,$-523,$172,$0,$0
13,2015-03-31,48.88,$0.00,0.0,$166.22,0.29,$-7.08,0.0,$2.73,17.9,$28.75B,$20.30B,1.42,$13.09B,$40.12B,0.33,$53.97B,$-3.10B,-5.74%,$53.97B,$-7.98B,-14.78%,$53.97B,$-7.98B,-14.78%,$53.97B,$-4.69B,-8.68%,$53.97B,$1.69B,3.13%,$53.97B,$0.90B,1.66%,$0.90B,$40.12B,2.04%,$0.90B,$33.94B,2.39%,$0.90B,$76.17B,1.08%,$-7.98B,$53.21B,-13.55%,$13591,$11973,$1618,$0,$960,$12933,$658,$-114,$544,$242,$302,$305,$305,$1392,$658,$320,320,$0.95,$0.95,$5919,$9041,$1593,$28753,$0,$4663,$6181,$3819,$15726,$76168,$20303,$13092,$989,$15749,$36052,$434,$36686,$0,$40116,$76168,$302,$734,$0,$734,$0,$0,$0,$0,$-168,$1236,$-835,$0,$0,$0,$0,$-2359,$1546,$-1648,$0,$1089,$-496,$0,$0,$-134,$-11,$447,$22,$0,$0
14,2014-12-31,57.06,$0.00,0.0,$165.37,0.35,$-12.19,0.0,$1.97,28.96,$33.21B,$22.38B,1.48,$15.23B,$45.26B,0.34,$55.40B,$-2.07B,-3.73%,$55.40B,$-6.85B,-12.36%,$55.40B,$-6.85B,-12.36%,$55.40B,$-3.61B,-6.51%,$55.40B,$1.39B,2.50%,$55.40B,$0.66B,1.19%,$0.66B,$45.26B,1.49%,$0.66B,$38.37B,1.74%,$0.66B,$85.84B,0.79%,$-6.85B,$60.49B,-11.53%,$16685,$15787,$898,$0,$1965,$17752,$-1067,$-42,$95,$292,$-197,$-193,$-193,$37,$-1067,$337,337,$-0.63,$-0.63,$5274,$11173,$3140,$33208,$64610,$7572,$6885,$1731,$82004,$85844,$22375,$15233,$1146,$18211,$40586,$482,$40937,$0,$45257,$85844,$564,$3239,$0,$3239,$0,$0,$0,$0,$-1854,$3412,$-3443,$0,$-340,$0,$0,$645,$-608,$-3745,$0,$1038,$-280,$0,$43,$-677,$11,$135,$-186,$0,$0
15,2014-09-30,67.87,$0.00,0.0,$161.72,0.42,$-16.62,0.0,$3.38,20.08,$31.59B,$21.00B,1.5,$15.68B,$45.30B,0.35,$53.92B,$-1.75B,-3.24%,$53.92B,$-5.54B,-10.28%,$53.92B,$-5.54B,-10.28%,$53.92B,$-2.63B,-4.87%,$53.92B,$1.73B,3.21%,$53.92B,$1.11B,2.06%,$1.11B,$45.30B,2.56%,$1.11B,$38.69B,2.96%,$1.11B,$84.85B,1.37%,$-5.54B,$60.98B,-9.49%,$16270,$14411,$1859,$0,$980,$15391,$879,$-548,$331,$107,$224,$238,$238,$1625,$879,$319,319,$0.72,$0.72,$5530,$10934,$1442,$31586,$0,$8654,$6613,$1436,$17899,$84847,$21003,$15681,$1188,$18545,$39548,$482,$41150,$0,$45298,$84847,$767,$2135,$0,$2135,$0,$0,$0,$0,$-2322,$1630,$-2775,$0,$-678,$0,$0,$0,$253,$-3200,$0,$-2645,$0,$0,$0,$-669,$4546,$1232,$-365,$0,$0
16,2014-06-30,66.56,$0.00,0.0,$153.96,0.43,$-16.41,0.0,$4.28,15.55,$31.87B,$21.08B,1.51,$15.51B,$45.27B,0.34,$51.29B,$-2.21B,-4.31%,$51.29B,$-5.85B,-11.41%,$51.29B,$-5.85B,-11.41%,$51.29B,$-3.18B,-6.20%,$51.29B,$2.11B,4.10%,$51.29B,$1.38B,2.70%,$1.38B,$45.27B,3.27%,$1.38B,$39.38B,3.76%,$1.38B,$84.57B,1.76%,$-5.85B,$60.78B,-10.32%,$7420,$14891,$-7471,$0,$973,$15864,$-8445,$-119,$720,$233,$487,$547,$547,$-7739,$-8445,$319,319,$1.69,$1.69,$5456,$10876,$1439,$31874,$0,$8781,$5894,$1348,$17193,$84567,$21075,$15511,$1054,$18222,$39296,$482,$41130,$0,$45271,$84567,$543,$1388,$-1435,$-47,$0,$0,$0,$0,$0,$79,$-1564,$0,$-1490,$0,$0,$0,$1908,$-1146,$0,$-1839,$0,$0,$0,$-510,$3026,$678,$-452,$0,$0
17,2014-03-31,62.07,$0.00,0.0,$176.16,0.35,$-16.12,0.0,$3.32,18.69,$29.69B,$19.82B,1.5,$14.49B,$40.78B,0.36,$57.91B,$6.93B,11.97%,$57.91B,$3.41B,5.88%,$57.91B,$3.41B,5.88%,$57.91B,$5.95B,10.27%,$57.91B,$1.69B,2.92%,$57.91B,$1.06B,1.83%,$1.06B,$40.78B,2.60%,$1.06B,$35.44B,2.99%,$1.06B,$77.49B,1.39%,$3.41B,$55.27B,6.21%,$15023,$12377,$2646,$0,$861,$13238,$1785,$-417,$241,$191,$50,$68,$68,$2468,$1785,$361,361,$0.19,$0.19,$6053,$9684,$1232,$29689,$0,$7834,$5342,$1177,$15386,$77489,$19817,$14485,$941,$16893,$36709,$434,$36598,$0,$40779,$77489,$50,$682,$0,$682,$0,$0,$0,$0,$-1484,$-452,$-940,$0,$-2,$0,$0,$-682,$880,$-745,$0,$2188,$-854,$0,$0,$-1,$-16,$1317,$135,$0,$0
18,2013-12-31,69.75,$0.00,0.0,$176.45,0.4,$-15.27,0.0,$3.97,17.57,$29.13B,$18.62B,1.56,$14.29B,$42.16B,0.34,$56.45B,$5.84B,10.35%,$56.45B,$2.29B,4.05%,$56.45B,$2.29B,4.05%,$56.45B,$4.76B,8.43%,$56.45B,$1.79B,3.17%,$56.45B,$1.27B,2.24%,$1.27B,$42.16B,3.12%,$1.27B,$36.70B,3.60%,$1.27B,$77.70B,1.66%,$2.29B,$56.45B,4.21%,$15207,$13986,$1221,$0,$982,$14969,$239,$-271,$437,$186,$251,$258,$258,$1019,$239,$332,332,$0.78,$0.78,$6605,$9015,$1201,$29133,$0,$8004,$5455,$1159,$15667,$77699,$18622,$14290,$1056,$16921,$35543,$444,$37803,$0,$42156,$77699,$1247,$2471,$0,$2471,$0,$0,$0,$0,$-107,$4469,$-5968,$0,$11,$0,$0,$-1574,$-520,$-8052,$0,$80,$3424,$0,$13,$-597,$330,$3250,$-434,$0,$0
19,2013-09-30,64.87,$0.00,0.0,$173.98,0.37,$-9.20,0.0,$4.90,13.24,$27.88B,$18.14B,1.54,$13.25B,$41.04B,0.32,$54.65B,$5.81B,10.63%,$54.65B,$2.31B,4.23%,$54.65B,$2.31B,4.23%,$54.65B,$4.62B,8.46%,$54.65B,$1.96B,3.59%,$54.65B,$1.54B,2.81%,$1.54B,$41.04B,3.89%,$1.54B,$35.69B,4.49%,$1.54B,$75.01B,2.06%,$2.31B,$54.29B,4.38%,$13635,$12243,$1393,$0,$823,$13066,$570,$137,$707,$199,$508,$510,$510,$1071,$570,$315,315,$1.62,$1.62,$6172,$8689,$1302,$27879,$0,$7812,$5351,$1223,$15344,$75006,$18136,$13245,$1135,$15827,$33963,$434,$36724,$0,$41044,$75006,$987,$1691,$0,$1691,$0,$0,$0,$0,$-46,$3359,$-4425,$0,$11,$0,$0,$-1185,$-380,$-5980,$0,$167,$962,$0,$0,$-585,$1571,$2115,$-567,$0,$0
20,2013-06-30,57.33,$0.00,0.0,$176.10,0.33,$-5.76,0.0,$5.39,10.64,$28.87B,$19.47B,1.48,$13.82B,$39.56B,0.35,$55.02B,$6.13B,11.13%,$55.02B,$2.69B,4.89%,$55.02B,$2.69B,4.89%,$55.02B,$5.10B,9.28%,$55.02B,$2.23B,4.05%,$55.02B,$1.67B,3.03%,$1.67B,$39.56B,4.32%,$1.67B,$34.20B,4.99%,$1.67B,$75.34B,2.28%,$2.69B,$53.38B,5.18%,$14043,$12371,$1672,$0,$859,$13230,$812,$-507,$305,$89,$216,$226,$226,$1387,$812,$309,309,$0.73,$0.73,$5689,$9040,$1498,$28872,$0,$3666,$5356,$5019,$15002,$75336,$19465,$13821,$1175,$16315,$35780,$434,$36337,$0,$39556,$75336,$479,$1190,$0,$1190,$0,$0,$0,$0,$-404,$1833,$-3180,$0,$11,$0,$0,$-469,$3,$-3635,$0,$-209,$1735,$0,$0,$-446,$906,$1986,$262,$0,$0
21,2013-03-31,64.58,$0.00,0.0,$177.07,0.36,$-0.61,0.0,$6.09,10.6,$29.75B,$20.88B,1.43,$13.39B,$39.63B,0.34,$55.33B,$6.37B,11.52%,$55.33B,$2.99B,5.40%,$55.33B,$2.99B,5.40%,$55.33B,$5.35B,9.67%,$55.33B,$2.56B,4.63%,$55.33B,$1.89B,3.41%,$1.89B,$39.63B,4.99%,$1.89B,$34.17B,5.77%,$1.89B,$76.50B,2.62%,$2.99B,$53.02B,5.86%,$13561,$12005,$1557,$0,$890,$12894,$667,$-325,$342,$70,$272,$272,$272,$1281,$667,$324,324,$0.84,$0.84,$5790,$9867,$1473,$29746,$0,$3728,$5461,$5144,$15299,$76495,$20880,$13389,$814,$15984,$36863,$449,$37278,$0,$39632,$76495,$272,$615,$0,$615,$0,$0,$0,$0,$-366,$813,$-1786,$0,$0,$0,$0,$-977,$110,$-2653,$0,$-103,$1414,$0,$0,$-0,$24,$1334,$-447,$0,$0
22,2012-12-31,71.97,$0.00,0.0,$182.14,0.4,$4.30,16.73,$7.06,10.19,$28.09B,$17.60B,1.6,$12.83B,$37.76B,0.34,$56.28B,$6.31B,11.21%,$56.28B,$2.92B,5.19%,$56.28B,$2.92B,5.19%,$56.28B,$5.20B,9.24%,$56.28B,$3.00B,5.33%,$56.28B,$2.17B,3.86%,$2.17B,$37.76B,5.86%,$2.17B,$32.72B,6.76%,$2.17B,$70.55B,3.09%,$2.92B,$50.59B,5.77%,$13411,$12225,$1185,$-38,$998,$13146,$265,$13,$608,$100,$509,$527,$527,$883,$265,$309,309,$1.71,$1.71,$6173,$9420,$1261,$28094,$0,$6703,$5040,$1099,$13727,$70547,$17600,$12827,$1057,$15185,$32784,$429,$35908,$0,$37762,$70547,$2123,$2282,$0,$2282,$0,$0,$0,$0,$1721,$6514,$-6036,$0,$-76,$0,$0,$48,$573,$-5490,$0,$-1257,$999,$0,$0,$-669,$119,$-808,$73,$0,$0
23,2012-09-30,70.48,$0.00,0.0,$190.39,0.37,$-6.92,0.0,$8.32,8.47,$30.26B,$18.39B,1.65,$12.97B,$37.57B,0.35,$59.87B,$6.66B,11.12%,$59.87B,$3.23B,5.40%,$59.87B,$3.23B,5.40%,$59.87B,$6.96B,11.62%,$59.87B,$3.56B,5.94%,$59.87B,$2.62B,4.38%,$2.62B,$37.57B,7.11%,$2.62B,$32.61B,8.19%,$2.62B,$70.90B,3.72%,$3.23B,$50.54B,6.36%,$14008,$12296,$1712,$0,$767,$13063,$945,$26,$971,$327,$644,$644,$644,$1553,$945,$309,309,$2.11,$2.11,$7751,$10256,$1495,$30257,$0,$3148,$4955,$4561,$13521,$70900,$18385,$12972,$782,$14949,$33333,$429,$35397,$0,$37566,$70900,$1624,$1663,$0,$1663,$0,$0,$0,$0,$-800,$3829,$-3811,$0,$9,$0,$0,$-289,$1279,$-2813,$0,$-463,$382,$0,$0,$-670,$266,$-485,$467,$0,$0
24,2012-06-30,69.53,$0.00,0.0,$194.43,0.36,$-15.54,0.0,$6.87,10.12,$30.70B,$17.91B,1.71,$13.74B,$36.14B,0.38,$61.12B,$6.99B,11.44%,$61.12B,$3.54B,5.79%,$61.12B,$3.54B,5.79%,$61.12B,$6.65B,10.89%,$61.12B,$2.81B,4.60%,$61.12B,$2.18B,3.57%,$2.18B,$36.14B,5.97%,$2.18B,$31.30B,6.87%,$2.18B,$69.47B,3.10%,$3.54B,$49.88B,6.99%,$14345,$12425,$1920,$0,$807,$13233,$1112,$-472,$640,$235,$405,$443,$443,$1634,$1112,$309,309,$1.43,$1.43,$8310,$10003,$2708,$30701,$0,$6550,$4840,$472,$12658,$69470,$17909,$13740,$467,$15418,$33326,$420,$34157,$0,$36144,$69470,$958,$1055,$0,$1055,$0,$0,$0,$0,$-235,$2144,$-1899,$0,$15,$0,$0,$-445,$441,$-1889,$0,$133,$311,$0,$0,$-520,$179,$103,$326,$0,$0
25,2012-03-31,72.0,$0.00,0.0,$198.77,0.36,$-21.73,0.0,$9.38,7.68,$29.67B,$17.61B,1.69,$14.60B,$36.83B,0.4,$62.46B,$7.53B,12.06%,$62.46B,$4.03B,6.46%,$62.46B,$4.03B,6.46%,$62.46B,$6.19B,9.91%,$62.46B,$3.85B,6.17%,$62.46B,$2.96B,4.74%,$2.96B,$36.83B,8.06%,$2.96B,$31.99B,9.24%,$2.96B,$70.74B,4.21%,$4.03B,$51.43B,8.03%,$14515,$13021,$1494,$38,$816,$13915,$599,$180,$779,$213,$566,$560,$560,$1132,$599,$309,309,$1.81,$1.81,$7197,$10224,$1595,$29668,$0,$8503,$4837,$727,$14828,$70736,$17609,$14601,$466,$16300,$33909,$429,$34513,$0,$36827,$70736,$566,$533,$0,$533,$0,$0,$0,$0,$434,$1488,$-899,$0,$6,$0,$0,$9,$131,$-754,$0,$-21,$211,$0,$0,$-517,$18,$-310,$395,$0,$0
26,2011-12-31,70.63,$0.00,0.0,$198.58,0.36,$-25.85,0.0,$10.71,6.59,$30.54B,$17.84B,1.71,$14.58B,$37.06B,0.39,$62.41B,$7.97B,12.77%,$62.41B,$4.64B,7.43%,$62.41B,$4.64B,7.43%,$62.41B,$6.70B,10.74%,$62.41B,$4.35B,6.97%,$62.41B,$3.37B,5.40%,$3.37B,$37.06B,9.31%,$3.37B,$32.29B,10.65%,$3.37B,$71.35B,4.93%,$4.64B,$51.64B,9.52%,$17006,$15477,$1529,$193,$638,$16428,$578,$263,$1165,$226,$939,$977,$977,$2640,$578,$329,329,$2.97,$2.97,$7512,$11178,$2772,$30537,$0,$8631,$4773,$740,$14923,$71352,$17841,$14578,$806,$16447,$34288,$439,$35226,$0,$37064,$71352,$3380,$2062,$0,$2062,$0,$0,$0,$0,$-4414,$1539,$-4724,$0,$-398,$0,$0,$4682,$-4580,$-5020,$0,$47,$4843,$0,$94,$-701,$177,$4459,$981,$0,$0
27,2011-09-30,64.31,$0.00,0.0,$255.70,0.25,$-26.40,0.0,$9.21,6.98,$30.04B,$18.96B,1.59,$13.27B,$36.19B,0.37,$78.91B,$4.56B,5.78%,$78.91B,$0.22B,0.28%,$78.91B,$0.22B,0.28%,$78.91B,$0.22B,0.28%,$78.91B,$5.04B,6.38%,$78.91B,$2.85B,3.61%,$2.85B,$36.19B,8.13%,$2.85B,$31.52B,9.19%,$2.85B,$70.14B,4.36%,$0.22B,$49.46B,0.48%,$15258,$13207,$2051,$0,$803,$14010,$1248,$-1018,$230,$24,$206,$204,$204,$1248,$1248,$309,309,$0.66,$0.66,$7483,$10984,$1648,$30038,$0,$3816,$4671,$6024,$15119,$70141,$18955,$13273,$845,$14999,$33954,$434,$33986,$0,$36187,$70141,$2424,$0,$0,$0,$0,$0,$0,$0,$-3973,$601,$-3247,$0,$0,$0,$0,$-783,$407,$-3623,$0,$1430,$3214,$0,$93,$-694,$157,$4200,$1337,$0,$0
28,2011-06-30,91.9,$0.00,0.0,$230.79,0.4,$-17.83,0.0,$11.25,8.17,$29.13B,$18.36B,1.59,$11.60B,$36.79B,0.32,$71.19B,$10.05B,14.11%,$71.19B,$6.18B,8.68%,$71.19B,$6.18B,8.68%,$71.19B,$6.18B,8.68%,$71.19B,$12.21B,17.15%,$71.19B,$3.47B,4.88%,$3.47B,$36.79B,10.47%,$3.47B,$32.32B,11.46%,$3.47B,$68.57B,6.04%,$6.18B,$48.39B,15.05%,$15683,$13226,$2457,$0,$851,$14076,$1607,$72,$1679,$417,$1262,$1217,$1217,$1169,$1607,$309,309,$3.94,$3.94,$3980,$10537,$4540,$29129,$0,$9247,$4472,$737,$15010,$68569,$18356,$11596,$777,$13419,$31774,$444,$34755,$0,$36794,$68569,$2268,$0,$0,$0,$0,$0,$0,$0,$0,$312,$-1979,$0,$-79,$0,$0,$597,$-378,$-1839,$0,$313,$2357,$0,$95,$-532,$32,$2265,$704,$0,$0
29,2011-03-31,96.26,$0.00,0.0,$201.40,0.48,$-11.63,0.0,$10.53,9.14,$25.56B,$16.25B,1.57,$10.83B,$34.66B,0.31,$62.09B,$9.24B,14.89%,$62.09B,$5.92B,9.53%,$62.09B,$5.92B,9.53%,$62.09B,$6.81B,10.97%,$62.09B,$11.82B,19.04%,$62.09B,$3.25B,5.23%,$3.25B,$34.66B,10.46%,$3.25B,$30.43B,11.09%,$3.25B,$63.32B,6.51%,$5.92B,$45.49B,15.89%,$14463,$12530,$1933,$0,$689,$13256,$1207,$71,$1278,$305,$973,$971,$971,$1644,$1207,$309,309,$3.14,$3.14,$6163,$9254,$1242,$25560,$0,$9299,$4230,$866,$14896,$63323,$16252,$10831,$541,$12409,$28662,$429,$32504,$0,$34662,$63323,$973,$437,$0,$437,$0,$0,$0,$0,$-1177,$160,$-847,$0,$-47,$0,$0,$641,$-10,$-262,$0,$0,$1040,$0,$92,$-519,$172,$602,$452,$0,$0
30,2010-12-31,90.7,$0.00,0.0,$175.91,0.52,$-8.29,0.0,$11.80,7.69,$23.58B,$14.87B,1.59,$9.23B,$32.37B,0.29,$53.75B,$8.89B,16.54%,$53.75B,$5.98B,11.13%,$53.75B,$5.98B,11.13%,$53.75B,$6.91B,12.86%,$53.75B,$12.05B,22.42%,$53.75B,$3.54B,6.59%,$3.54B,$32.37B,12.04%,$3.54B,$29.62B,12.36%,$3.54B,$59.11B,8.22%,$5.98B,$41.60B,17.57%,$33508,$35390,$-1882,$85,$1687,$37350,$-3842,$-482,$1851,$469,$1382,$453,$453,$-3842,$-3842,$308,308,$1.47,$1.47,$5902,$8529,$2196,$23583,$0,$9242,$2750,$797,$13171,$59113,$14871,$9229,$1306,$11877,$26748,$420,$27314,$0,$32365,$59113,$3669,$2567,$0,$2567,$0,$0,$0,$0,$-5070,$1761,$-4909,$0,$9,$0,$0,$-1336,$744,$-5493,$0,$0,$5291,$0,$0,$-603,$253,$4941,$1219,$0,$0
31,2010-09-30,94.75,$0.00,0.0,$115.52,0.82,$9.83,9.64,$14.05,6.74,$10.89B,$4.30B,2.53,$0.00B,$0.00B,0.0,$32.84B,$12.03B,36.63%,$32.84B,$10.23B,31.17%,$32.84B,$10.23B,31.17%,$32.84B,$11.95B,36.40%,$32.84B,$11.54B,35.14%,$32.84B,$4.06B,12.36%,$4.06B,$28.88B,14.43%,$4.06B,$28.88B,14.54%,$4.06B,$38.94B,10.37%,$10.23B,$28.88B,31.78%,$7539,$0,$7539,$0,$327,$327,$7211,$194,$7405,$0,$7405,$833,$833,$7211,$7211,$308,308,$2.70,$2.70,$2885,$4858,$0,$10890,$0,$12219,$0,$0,$12219,$38939,$4300,$0,$5759,$5759,$10059,$0,$0,$0,$28880,$38939,$0,$0,$0,$0,$0,$0,$0,$0,$0,$0,$0,$0,$0,$0,$0,$0,$0,$0,$0,$0,$0,$0,$0,$0,$0,$0,$0,$0,$0
32,2010-06-30,78.41,$0.00,0.0,$109.84,0.71,$14.30,5.48,$14.48,5.42,$13.48B,$4.66B,2.89,$4.57B,$28.39B,0.16,$31.05B,$5.79B,18.64%,$31.05B,$4.05B,13.05%,$31.05B,$4.05B,13.05%,$31.05B,$6.23B,20.06%,$31.05B,$5.11B,16.45%,$31.05B,$4.19B,13.48%,$4.19B,$28.39B,15.58%,$4.19B,$28.25B,15.72%,$4.19B,$38.25B,11.27%,$4.05B,$32.96B,12.62%,$6584,$4931,$1653,$18,$288,$5243,$1341,$-293,$1286,$257,$1029,$993,$993,$1796,$1341,$308,308,$3.22,$3.22,$6021,$4322,$502,$13483,$0,$8984,$145,$470,$9599,$38248,$4662,$4565,$293,$5193,$9855,$415,$25865,$0,$28393,$38248,$2265,$930,$0,$930,$0,$0,$0,$0,$-1365,$2054,$-1804,$0,$0,$0,$0,$-798,$-389,$-2990,$0,$836,$203,$0,$0,$-431,$-24,$584,$-352,$0,$0
33,2010-03-31,96.86,$0.00,0.0,$104.63,0.93,$15.25,6.35,$12.36,7.84,$11.96B,$2.71B,4.41,$4.72B,$28.10B,0.17,$29.41B,$4.49B,15.26%,$29.41B,$2.84B,9.66%,$29.41B,$2.84B,9.66%,$29.41B,$5.00B,16.98%,$29.41B,$4.17B,14.18%,$29.41B,$3.53B,11.99%,$3.53B,$28.10B,13.95%,$3.53B,$27.97B,14.08%,$3.53B,$36.23B,10.11%,$2.84B,$32.81B,9.30%,$6116,$4537,$1579,$20,$279,$4842,$1273,$233,$1507,$242,$1265,$1265,$1265,$1748,$1273,$287,287,$4.41,$4.41,$5837,$2990,$679,$11955,$0,$9048,$128,$81,$9258,$36227,$2712,$4716,$273,$5419,$8131,$425,$25414,$0,$28096,$36227,$1265,$474,$0,$474,$0,$0,$0,$0,$-489,$1159,$-840,$0,$0,$0,$0,$-295,$-10,$-1145,$0,$72,$82,$0,$0,$-441,$-25,$-311,$-297,$0,$0
34,2009-12-31,108.52,$0.00,0.0,$98.54,1.1,$13.69,7.93,$8.71,12.46,$17.67B,$7.94B,2.23,$7.05B,$27.12B,0.26,$27.96B,$3.44B,12.30%,$27.96B,$1.90B,6.79%,$27.96B,$1.90B,6.79%,$27.96B,$3.92B,14.01%,$27.96B,$2.95B,10.57%,$27.96B,$2.50B,8.93%,$2.50B,$27.12B,10.79%,$2.50B,$26.58B,10.88%,$2.50B,$43.09B,7.69%,$1.90B,$34.17B,6.71%,$12596,$11339,$1257,$35,$733,$12187,$409,$-498,$1339,$299,$1039,$968,$968,$1197,$409,$260,260,$3.72,$3.72,$7348,$4413,$1505,$17672,$37530,$5320,$540,$601,$44243,$43090,$7943,$7048,$523,$8027,$15971,$413,$23926,$0,$27119,$43090,$2561,$2017,$0,$2017,$0,$0,$0,$0,$2300,$6820,$-4762,$0,$130,$0,$0,$-9190,$6146,$-7676,$0,$-6,$1064,$0,$197,$-544,$-52,$658,$-230,$0,$0
35,2009-09-30,85.27,$0.00,0.0,$67.95,1.25,$4.88,17.49,$6.24,13.66,$9.88B,$1.91B,5.18,$4.69B,$23.84B,0.2,$20.81B,$-6.65B,-31.95%,$20.81B,$-8.18B,-39.30%,$20.81B,$-8.18B,-39.30%,$20.81B,$-6.41B,-30.81%,$20.81B,$2.36B,11.35%,$20.81B,$1.91B,9.19%,$1.91B,$23.84B,8.70%,$1.91B,$23.71B,8.78%,$1.91B,$30.93B,6.17%,$-8.18B,$28.52B,-30.56%,$5754,$4455,$1300,$25,$239,$4725,$1030,$153,$977,$52,$925,$959,$959,$1489,$1030,$306,306,$3.13,$3.13,$4700,$2821,$335,$9876,$0,$7988,$125,$69,$8182,$30929,$1907,$4685,$237,$5185,$7093,$391,$21601,$0,$23836,$30929,$1537,$1229,$0,$1229,$0,$0,$0,$0,$1497,$3765,$-2396,$0,$0,$0,$0,$-1905,$-13,$-4314,$0,$136,$1027,$0,$0,$-558,$-3,$602,$53,$0,$0
36,2009-06-30,67.82,$0.00,0.0,$174.19,0.39,$14.65,4.63,$3.11,21.81,$9.81B,$2.29B,4.28,$4.61B,$22.08B,0.21,$24.48B,$-4.65B,-18.98%,$24.48B,$-6.27B,-25.59%,$24.48B,$-6.27B,-25.59%,$24.48B,$-4.55B,-18.57%,$24.48B,$2.98B,12.17%,$24.48B,$2.26B,9.22%,$2.26B,$22.08B,10.06%,$2.26B,$21.96B,10.15%,$2.26B,$29.36B,7.13%,$-6.27B,$26.69B,-23.33%,$4948,$4597,$352,$2,$213,$4818,$130,$218,$348,$12,$336,$336,$336,$561,$130,$306,306,$1.10,$1.10,$4671,$2800,$403,$9811,$0,$7264,$125,$63,$7452,$29358,$2292,$4605,$232,$4985,$7277,$376,$20000,$0,$22081,$29358,$589,$770,$0,$770,$0,$0,$0,$0,$1067,$2127,$-1589,$0,$0,$0,$0,$3718,$-4950,$-2821,$0,$556,$14,$0,$0,$-448,$1118,$1240,$547,$0,$0
37,2009-03-31,54.66,$0.00,0.0,$182.77,0.3,$15.45,3.54,$6.90,7.92,$9.42B,$2.31B,4.08,$4.34B,$19.57B,0.22,$26.99B,$-2.69B,-9.97%,$26.99B,$-4.45B,-16.50%,$26.99B,$-4.45B,-16.50%,$26.99B,$-2.72B,-10.08%,$26.99B,$4.55B,16.86%,$26.99B,$3.40B,12.59%,$3.40B,$19.57B,14.50%,$3.40B,$19.57B,14.64%,$3.40B,$26.44B,10.45%,$-4.45B,$23.90B,-16.34%,$4659,$4129,$530,$5,$190,$4330,$330,$26,$290,$60,$230,$234,$234,$669,$330,$306,306,$0.76,$0.76,$3349,$3776,$267,$9420,$0,$6210,$0,$173,$6383,$26437,$2309,$4337,$226,$4563,$6873,$343,$17899,$0,$19565,$26437,$230,$339,$0,$339,$0,$0,$0,$0,$18,$569,$-704,$0,$0,$0,$0,$-23,$-0,$-728,$0,$218,$1035,$0,$0,$-408,$-3,$842,$683,$0,$0
38,2008-12-31,61.54,$0.00,0.0,$187.67,0.33,$18.67,3.3,$9.56,6.44,$17.59B,$8.72B,2.02,$5.46B,$22.46B,0.24,$28.40B,$-1.89B,-6.64%,$28.40B,$-3.75B,-13.21%,$28.40B,$-3.75B,-13.21%,$28.40B,$-1.87B,-6.57%,$28.40B,$5.67B,19.96%,$28.40B,$4.20B,14.77%,$4.20B,$22.46B,16.77%,$4.20B,$21.89B,16.97%,$4.20B,$37.21B,12.38%,$-3.75B,$27.92B,-13.22%,$5444,$14274,$-8830,$58,$695,$15111,$-9667,$-838,$747,$392,$355,$384,$384,$-9130,$-9667,$306,306,$1.25,$1.25,$4443,$6863,$1612,$17589,$0,$4103,$574,$377,$5305,$37212,$8724,$5464,$508,$6028,$14752,$382,$20121,$0,$22460,$37212,$3447,$1885,$0,$1885,$0,$0,$0,$0,$-3482,$2922,$-3201,$0,$-221,$0,$0,$-914,$-262,$-4598,$0,$944,$7427,$0,$-29,$-598,$-5274,$2470,$949,$0,$0
39,2008-09-30,75.28,$0.00,0.0,$366.23,0.21,$52.85,1.42,$8.31,9.06,$12.33B,$4.04B,3.05,$3.17B,$25.71B,0.12,$39.96B,$19.17B,47.97%,$39.96B,$17.89B,44.77%,$39.96B,$17.89B,44.77%,$39.96B,$20.15B,50.43%,$39.96B,$4.69B,11.73%,$39.96B,$4.78B,11.95%,$4.78B,$25.71B,18.41%,$4.78B,$25.55B,18.62%,$4.78B,$33.60B,13.93%,$17.89B,$28.89B,62.10%,$9430,$6128,$3302,$12,$341,$6488,$2942,$-289,$1595,$437,$1158,$1304,$1304,$3355,$2942,$0,75,$0.00,$17.29,$4051,$5057,$189,$12327,$0,$7995,$164,$100,$8259,$33597,$4040,$3172,$361,$3843,$7884,$458,$23502,$0,$25713,$33597,$3539,$1349,$0,$1349,$0,$0,$0,$0,$-2327,$2869,$-1794,$0,$0,$0,$0,$-1029,$51,$-2772,$0,$414,$534,$0,$-35,$-717,$-20,$175,$273,$0,$0
40,2008-06-30,104.64,$0.00,0.0,$310.68,0.34,$66.07,1.58,$19.83,5.28,$10.87B,$3.65B,2.98,$2.32B,$26.02B,0.09,$35.79B,$16.99B,47.47%,$35.79B,$15.68B,43.83%,$35.79B,$15.68B,43.83%,$35.79B,$17.81B,49.76%,$35.79B,$4.32B,12.07%,$35.79B,$4.34B,12.13%,$4.34B,$26.02B,16.73%,$4.34B,$25.83B,16.94%,$4.34B,$32.77B,12.82%,$15.68B,$28.34B,54.78%,$7458,$5150,$2308,$18,$341,$5517,$1941,$54,$1920,$459,$1461,$1476,$1476,$2386,$1941,$302,302,$4.89,$4.89,$3501,$4803,$175,$10873,$0,$8376,$182,$109,$8667,$32765,$3647,$2324,$341,$3101,$6749,$478,$23471,$0,$26016,$32765,$2482,$936,$0,$936,$0,$0,$0,$0,$-1576,$1844,$-1073,$0,$0,$0,$0,$-110,$-14,$-1197,$0,$9,$-1,$0,$-36,$-561,$-8,$-597,$49,$0,$0
41,2008-03-31,95.93,$0.00,0.0,$362.86,0.26,$72.33,1.33,$29.66,3.23,$9.46B,$2.89B,3.28,$2.46B,$25.84B,0.1,$34.14B,$7.07B,20.70%,$34.14B,$5.18B,15.17%,$34.14B,$5.18B,15.17%,$34.14B,$7.55B,22.12%,$34.14B,$5.36B,15.71%,$34.14B,$3.98B,11.65%,$3.98B,$25.84B,15.39%,$3.98B,$25.64B,15.64%,$3.98B,$31.96B,11.37%,$5.18B,$28.30B,17.92%,$6066,$4731,$1335,$0,$301,$5032,$1034,$70,$1407,$324,$1083,$1031,$1031,$1524,$1034,$302,302,$3.42,$3.42,$3908,$3219,$83,$9464,$35944,$8316,$209,$140,$44610,$31964,$2888,$2459,$399,$3231,$6119,$507,$23345,$0,$25844,$31964,$1083,$490,$0,$490,$0,$0,$0,$0,$-347,$1286,$-450,$0,$0,$0,$0,$-480,$26,$-904,$0,$39,$-0,$0,$0,$-595,$-5,$-561,$-178,$0,$0
42,2007-12-31,121.27,$0.00,0.0,$416.79,0.29,$84.12,1.44,$39.00,3.11,$15.38B,$7.08B,2.17,$3.53B,$26.16B,0.14,$33.78B,$7.17B,21.21%,$33.78B,$5.26B,15.57%,$33.78B,$5.26B,15.57%,$33.78B,$7.53B,22.29%,$33.78B,$5.24B,15.50%,$33.78B,$3.93B,11.64%,$3.93B,$26.16B,15.83%,$3.93B,$25.55B,16.10%,$3.93B,$38.76B,11.64%,$5.26B,$29.70B,18.92%,$17004,$4780,$12224,$-41,$349,$5033,$11971,$-277,$-233,$53,$-287,$964,$964,$12886,$11971,$0,87,$0.00,$11.13,$4859,$5238,$741,$15381,$0,$5595,$610,$227,$6732,$38763,$7079,$3533,$610,$5520,$12600,$515,$23261,$0,$26164,$38763,$3930,$2273,$0,$2273,$0,$0,$0,$0,$-698,$5934,$-3053,$0,$0,$0,$0,$-1267,$-236,$-4556,$0,$226,$564,$0,$-945,$-700,$-175,$-1030,$381,$0,$0
43,2007-09-30,144.14,$0.00,0.0,$244.11,0.59,$52.98,2.72,$42.38,3.4,$9.15B,$2.60B,3.52,$2.41B,$25.77B,0.09,$24.14B,$-5.98B,-24.76%,$24.14B,$-8.31B,-34.42%,$24.14B,$-8.31B,-34.42%,$24.14B,$-6.18B,-25.59%,$24.14B,$7.03B,29.12%,$24.14B,$4.02B,16.65%,$4.02B,$25.77B,16.62%,$4.02B,$25.53B,16.91%,$4.02B,$31.95B,12.38%,$-8.31B,$28.18B,-30.79%,$5257,$4138,$1119,$9,$364,$4519,$738,$69,$1227,$286,$941,$871,$871,$1011,$738,$76,76,$11.52,$11.52,$3447,$3437,$204,$9150,$0,$8507,$243,$185,$8935,$31953,$2603,$2412,$478,$3580,$6183,$521,$22740,$0,$25770,$31953,$3204,$1357,$0,$1357,$0,$0,$0,$0,$-463,$3840,$-1762,$0,$0,$0,$0,$883,$-1989,$-2868,$0,$58,$532,$0,$-893,$-708,$-26,$-1037,$-65,$0,$0
44,2007-06-30,96.75,$0.00,0.0,$191.66,0.5,$25.66,3.77,$33.69,2.87,$14.94B,$6.68B,2.24,$3.76B,$25.64B,0.15,$24.18B,$-5.75B,-23.79%,$24.18B,$-7.98B,-33.01%,$24.18B,$-7.98B,-33.01%,$24.18B,$-5.82B,-24.08%,$24.18B,$6.97B,28.81%,$24.18B,$4.03B,16.66%,$4.03B,$25.64B,17.59%,$4.03B,$25.04B,17.92%,$4.03B,$37.32B,13.09%,$-7.98B,$29.40B,-31.14%,$5815,$13423,$-7609,$31,$876,$14379,$-8564,$21,$2963,$726,$2237,$1113,$1113,$-7868,$-8564,$76,76,$14.72,$14.72,$4182,$5284,$1038,$14940,$0,$4980,$597,$285,$6207,$37321,$6683,$3761,$598,$5003,$11686,$521,$22069,$0,$25635,$37321,$2237,$1085,$0,$1085,$0,$0,$0,$0,$-1515,$1971,$-1304,$0,$0,$0,$0,$-684,$-157,$-2145,$0,$0,$0,$0,$-698,$-503,$1384,$183,$19,$0,$0
45,2007-03-31,83.81,$0.00,0.0,$115.35,0.73,$16.81,4.99,$19.06,4.4,$7.53B,$2.36B,3.19,$2.16B,$21.71B,0.1,$23.03B,$1.96B,8.53%,$23.03B,$0.31B,1.36%,$23.03B,$0.31B,1.36%,$23.03B,$2.21B,9.59%,$23.03B,$4.94B,21.43%,$23.03B,$3.62B,15.73%,$3.62B,$21.71B,16.83%,$3.62B,$21.49B,17.16%,$3.62B,$27.02B,12.69%,$0.31B,$23.86B,1.31%,$5701,$4270,$1431,$0,$318,$4588,$1113,$166,$1278,$296,$982,$982,$982,$1501,$1113,$77,77,$12.76,$12.76,$2290,$2739,$548,$7529,$0,$6499,$215,$157,$6872,$27016,$2359,$2155,$383,$2948,$5307,$482,$19261,$0,$21709,$27016,$982,$388,$0,$388,$0,$0,$0,$0,$381,$1647,$-526,$0,$0,$0,$0,$123,$85,$-318,$0,$200,$-0,$0,$-767,$-466,$-4,$-1036,$292,$0,$0
46,2006-12-31,66.66,$0.00,0.0,$41.87,1.59,$2.22,29.97,$6.39,10.43,$13.16B,$5.47B,2.41,$2.93B,$23.56B,0.12,$22.00B,$0.60B,2.74%,$22.00B,$-1.07B,-4.87%,$22.00B,$-1.07B,-4.87%,$22.00B,$0.85B,3.85%,$22.00B,$4.61B,20.94%,$22.00B,$3.32B,15.11%,$3.32B,$23.56B,15.72%,$3.32B,$22.96B,16.11%,$3.32B,$33.49B,11.56%,$-1.07B,$26.49B,-4.56%,$7363,$8280,$-917,$-11,$702,$8957,$-1594,$-143,$1560,$214,$1347,$1052,$1052,$-820,$-1594,$311,311,$3.38,$3.38,$3337,$4321,$1480,$13158,$0,$3403,$599,$301,$4590,$33494,$5465,$2931,$515,$4467,$9932,$519,$20283,$0,$23562,$33494,$3564,$1917,$0,$1917,$0,$0,$0,$0,$-1925,$4193,$-3531,$0,$5,$0,$0,$299,$-402,$-3629,$0,$321,$868,$0,$-840,$-684,$93,$-244,$304,$0,$0
