,Date,Stock Price,Book Value per Share,Price to Book Ratio,TTM Sales per Share,Price to Sales Ratio,TTM FCF per Share,Price to FCF Ratio,TTM Net EPS,PE Ratio,Current Assets,Current Liabilities,Current Ratio,Long Term Debt,Shareholder's Equity_x,Debt to Equity Ratio,TTM Revenue_x,TTM Gross Profit,Gross Margin,TTM Revenue_y,TTM Operating Income,Operating Margin,TTM Revenue_x,TTM EBIT,EBIT Margin,TTM Revenue_y,TTM EBITDA,EBITDA Margin,TTM Revenue_x,TTM Pre-Tax Income,Pre-Tax Margin,TTM Revenue_y,TTM Net Income_x,Net Margin,TTM Net Income_y,Shareholder's Equity_y,Return on Equity,TTM Net Income_x,Tangible Equity,Return on Tangible Equity,TTM Net Income_y,Total Assets,Return on Assets,TTM Net Income,LT Investments & Debt,Return on Investment,revenue,cost-goods-sold,gross-profit,research-development-expenses,selling-general-administrative-expenses,operating-expenses,operating-income,total-non-operating-income-expense,pre-tax-income,total-provision-income-taxes,income-after-taxes,income-from-continuous-operations,net-income,ebitda,ebit,basic-shares-outstanding,shares-outstanding,eps-basic-net-earnings-per-share,eps-earnings-per-share-diluted,cash-on-hand,inventory,other-current-assets,total-current-assets,net-property-plant-equipment,long-term-investments,goodwill-intangible-assets-total,other-long-term-assets,total-long-term-assets,total-assets,total-current-liabilities,long-term-debt,other-non-current-liabilities,total-long-term-liabilities,total-liabilities,common-stock-net,retained-earnings-accumulated-deficit,comprehensive-income,total-share-holder-equity,total-liabilities-share-holders-equity,net-income-loss,total-depreciation-amortization-cash-flow,other-non-cash-items,total-non-cash-items,change-in-accounts-receivable,change-in-inventories,change-in-accounts-payable,change-in-assets-liabilities,total-change-in-assets-liabilities,cash-flow-from-operating-activities,net-change-in-property-plant-equipment,net-change-in-intangible-assets,net-acquisitions-divestitures,net-change-in-short-term-investments,net-change-in-long-term-investments,net-change-in-investments-total,investing-activities-other,cash-flow-from-investing-activities,net-long-term-debt,net-current-debt,debt-issuance-retirement-net-total,net-common-equity-issued-repurchased,net-total-equity-issued-repurchased,total-common-preferred-stock-dividends-paid,financial-activities-other,cash-flow-from-financial-activities,net-cash-flow,stock-based-compensation,common-stock-dividends-paid
0,2018-07-31,9.0,$13.29,0.68,$7.08,1.27,$0.57,15.68,$0.50,18.0,$0.51B,$0.16B,3.18,$0.00B,$0.91B,0.0,$0.51B,$0.12B,24.07%,$0.51B,$0.06B,11.55%,$0.51B,$0.06B,11.55%,$0.51B,$0.15B,28.57%,$0.51B,$0.06B,12.13%,$0.51B,$0.04B,6.85%,$0.04B,$0.91B,3.87%,$0.04B,$0.90B,3.94%,$0.04B,$1.09B,3.26%,$0.06B,$0.91B,6.33%,$136,$101,$36,$3,$13,$116,$20,$1,$22,$2,$20,$20,$13,$40,$20,$69,75,$0.19,$0.18,$333,$32,$13,$505,$547,$0,$14,$4,$583,$1088,$159,$0,$16,$16,$174,$1,$219,$4,$914,$1088,$44,$64,$0,$64,$-15,$-8,$11,$-9,$-22,$87,$-64,$0,$0,$0,$0,$0,$0,$-64,$-4,$0,$-4,$-3,$-3,$-8,$18,$3,$25,$0,$-8
1,2018-04-30,7.65,$13.22,0.58,$6.87,1.11,$0.78,9.82,$0.38,20.13,$0.50B,$0.17B,3.01,$0.00B,$0.92B,0.0,$0.49B,$0.11B,22.38%,$0.49B,$0.04B,9.03%,$0.49B,$0.04B,9.03%,$0.49B,$0.13B,27.31%,$0.49B,$0.05B,9.24%,$0.49B,$0.03B,5.34%,$0.03B,$0.92B,2.92%,$0.03B,$0.90B,2.98%,$0.03B,$1.10B,2.47%,$0.04B,$0.92B,4.72%,$131,$98,$33,$4,$14,$115,$15,$3,$19,$4,$15,$15,$11,$37,$15,$69,75,$0.15,$0.15,$321,$32,$15,$500,$563,$0,$15,$4,$602,$1102,$167,$0,$18,$18,$184,$1,$206,$24,$918,$1102,$25,$44,$0,$44,$-17,$-8,$3,$-10,$-31,$38,$-44,$0,$0,$0,$0,$0,$0,$-44,$-3,$0,$-3,$4,$4,$0,$12,$13,$13,$0,$0
2,2018-01-31,8.4,$13.34,0.63,$6.69,1.25,$1.33,6.3,$0.26,32.31,$0.49B,$0.09B,5.59,$0.06B,$0.92B,0.06,$0.46B,$0.10B,20.69%,$0.46B,$0.04B,7.54%,$0.46B,$0.04B,7.54%,$0.46B,$0.12B,26.51%,$0.46B,$0.03B,6.03%,$0.46B,$0.02B,3.66%,$0.02B,$0.92B,1.95%,$0.02B,$0.90B,1.99%,$0.02B,$1.08B,1.65%,$0.04B,$0.98B,3.77%,$123,$96,$28,$4,$12,$112,$12,$-4,$8,$-2,$9,$9,$6,$34,$12,$69,69,$0.09,$0.09,$349,$27,$12,$492,$548,$0,$16,$4,$589,$1081,$88,$57,$18,$75,$163,$1,$195,$32,$918,$1081,$9,$22,$0,$22,$5,$-2,$-4,$0,$-1,$31,$-11,$0,$0,$0,$0,$0,$-0,$-11,$-1,$0,$-1,$1,$1,$0,$12,$11,$41,$0,$0
3,2017-10-31,9.7,$12.60,0.77,$6.50,1.49,$1.36,7.11,$0.20,48.5,$0.45B,$0.08B,5.49,$0.06B,$0.87B,0.07,$0.45B,$0.09B,20.18%,$0.45B,$0.03B,7.10%,$0.45B,$0.03B,7.10%,$0.45B,$0.12B,26.39%,$0.45B,$0.03B,5.99%,$0.45B,$0.01B,2.88%,$0.01B,$0.87B,1.53%,$0.01B,$0.85B,1.57%,$0.01B,$1.02B,1.29%,$0.03B,$0.92B,3.52%,$121,$95,$26,$4,$10,$109,$12,$1,$13,$2,$10,$10,$5,$35,$12,$68,69,$0.07,$0.07,$308,$24,$9,$449,$535,$0,$17,$4,$572,$1021,$82,$57,$16,$74,$155,$1,$189,$7,$865,$1021,$21,$87,$5,$92,$-10,$-1,$0,$1,$-16,$97,$-92,$-1,$-5,$0,$0,$0,$-0,$-98,$-5,$0,$-5,$3,$3,$-8,$-0,$-11,$-6,$4,$-8
4,2017-07-31,10.05,$12.48,0.81,$6.16,1.63,$2.24,4.49,$0.20,50.25,$0.47B,$0.08B,5.91,$0.06B,$0.86B,0.07,$0.44B,$0.09B,19.68%,$0.44B,$0.03B,5.72%,$0.44B,$0.03B,5.72%,$0.44B,$0.11B,25.63%,$0.44B,$0.02B,4.35%,$0.44B,$0.01B,2.97%,$0.01B,$0.86B,1.55%,$0.01B,$0.84B,1.59%,$0.01B,$1.01B,1.30%,$0.03B,$0.91B,2.78%,$112,$90,$22,$5,$12,$106,$5,$-0,$5,$0,$5,$5,$4,$27,$5,$69,69,$0.06,$0.06,$341,$26,$11,$469,$502,$0,$18,$4,$540,$1009,$79,$58,$16,$74,$153,$1,$184,$9,$855,$1009,$11,$64,$0,$64,$4,$-2,$-5,$3,$-1,$74,$-39,$0,$-5,$0,$0,$0,$-0,$-44,$-4,$0,$-4,$3,$3,$-8,$-0,$-10,$26,$0,$-8
5,2017-04-30,11.5,$12.33,0.93,$6.21,1.85,$2.36,4.88,$0.26,44.23,$0.47B,$0.09B,5.14,$0.06B,$0.85B,0.07,$0.45B,$0.10B,21.21%,$0.45B,$0.04B,7.81%,$0.45B,$0.04B,7.81%,$0.45B,$0.12B,26.56%,$0.45B,$0.03B,6.70%,$0.45B,$0.02B,3.79%,$0.02B,$0.85B,2.05%,$0.02B,$0.83B,2.10%,$0.02B,$1.02B,1.70%,$0.04B,$0.90B,3.93%,$108,$88,$20,$4,$11,$103,$6,$-4,$2,$0,$1,$1,$2,$27,$6,$68,69,$0.03,$0.03,$346,$25,$11,$472,$504,$0,$19,$4,$543,$1016,$92,$59,$20,$79,$171,$1,$180,$4,$845,$1016,$6,$42,$0,$42,$4,$-2,$-6,$2,$-1,$47,$-14,$0,$-5,$0,$0,$0,$-0,$-20,$-3,$0,$-3,$2,$2,$0,$-0,$-0,$32,$0,$0
6,2017-01-31,11.5,$12.17,0.95,$6.24,1.84,$2.28,5.05,$0.39,29.49,$0.45B,$0.08B,5.98,$0.06B,$0.83B,0.07,$0.46B,$0.11B,22.89%,$0.46B,$0.04B,9.50%,$0.46B,$0.04B,9.50%,$0.46B,$0.13B,27.43%,$0.46B,$0.04B,8.64%,$0.46B,$0.03B,5.83%,$0.03B,$0.83B,3.29%,$0.03B,$0.81B,3.38%,$0.03B,$0.99B,2.72%,$0.04B,$0.89B,4.99%,$110,$87,$23,$3,$11,$101,$9,$-2,$7,$2,$5,$5,$2,$30,$9,$68,69,$0.03,$0.03,$330,$24,$11,$451,$497,$0,$20,$4,$537,$987,$75,$61,$20,$81,$156,$1,$178,$-10,$831,$987,$5,$21,$0,$21,$7,$-1,$-1,$2,$6,$32,$-10,$0,$-5,$0,$0,$0,$-0,$-15,$-1,$0,$-1,$1,$1,$0,$-0,$-0,$16,$0,$0
7,2016-10-31,9.7,$12.13,0.8,$6.29,1.54,$2.24,4.34,$0.64,15.16,$0.44B,$0.08B,5.43,$0.06B,$0.83B,0.08,$0.48B,$0.12B,24.43%,$0.48B,$0.05B,10.97%,$0.48B,$0.05B,10.97%,$0.48B,$0.14B,27.95%,$0.48B,$0.06B,12.42%,$0.48B,$0.05B,9.52%,$0.05B,$0.83B,5.72%,$0.05B,$0.81B,5.88%,$0.05B,$0.99B,4.59%,$0.05B,$0.89B,6.11%,$107,$87,$21,$5,$10,$102,$5,$-0,$5,$-1,$7,$7,$5,$28,$5,$68,76,$0.07,$0.08,$314,$22,$13,$442,$506,$0,$20,$4,$546,$988,$81,$62,$18,$81,$163,$1,$176,$-8,$825,$988,$56,$83,$-9,$74,$19,$2,$0,$8,$-7,$122,$-50,$-0,$0,$0,$102,$102,$1,$52,$-58,$0,$-58,$3,$3,$-12,$-1,$-67,$108,$4,$-12
8,2016-07-31,9.66,$12.06,0.8,$6.69,1.44,$1.66,5.8,$0.81,11.93,$0.44B,$0.10B,4.55,$0.06B,$0.82B,0.08,$0.52B,$0.14B,27.41%,$0.52B,$0.08B,14.48%,$0.52B,$0.08B,14.48%,$0.52B,$0.16B,29.92%,$0.52B,$0.08B,16.02%,$0.52B,$0.06B,11.58%,$0.06B,$0.82B,7.62%,$0.06B,$0.80B,7.84%,$0.06B,$1.00B,5.90%,$0.08B,$0.88B,8.79%,$123,$92,$31,$5,$11,$108,$15,$1,$16,$5,$11,$11,$8,$34,$15,$68,74,$0.12,$0.12,$292,$25,$18,$441,$522,$0,$21,$4,$559,$1000,$97,$63,$21,$84,$181,$1,$171,$-5,$819,$1000,$49,$60,$-9,$51,$4,$-0,$-22,$9,$-9,$91,$-45,$0,$0,$0,$102,$102,$1,$58,$-56,$0,$-56,$3,$3,$-12,$-0,$-65,$86,$0,$-12
9,2016-04-30,10.58,$11.82,0.9,$6.71,1.58,$1.19,8.91,$0.86,12.3,$0.35B,$0.11B,3.04,$0.06B,$0.80B,0.08,$0.53B,$0.15B,28.08%,$0.53B,$0.08B,14.99%,$0.53B,$0.08B,14.99%,$0.53B,$0.16B,30.55%,$0.53B,$0.09B,16.32%,$0.53B,$0.06B,12.14%,$0.06B,$0.80B,8.32%,$0.06B,$0.78B,8.58%,$0.06B,$1.00B,6.22%,$0.08B,$0.87B,9.31%,$123,$92,$31,$5,$11,$108,$15,$-3,$12,$-2,$14,$14,$12,$35,$15,$67,78,$0.18,$0.16,$194,$25,$24,$347,$524,$93,$22,$4,$655,$1002,$114,$64,$21,$85,$199,$1,$163,$-9,$803,$1002,$38,$41,$-9,$32,$6,$-0,$-14,$3,$-5,$65,$-35,$0,$0,$0,$9,$9,$0,$-26,$-55,$0,$-55,$3,$3,$0,$-0,$-52,$-12,$0,$0
10,2016-01-31,11.94,$11.44,1.04,$6.75,1.77,$0.67,17.84,$0.84,14.21,$0.37B,$0.17B,2.24,$0.07B,$0.77B,0.09,$0.53B,$0.15B,28.25%,$0.53B,$0.08B,14.88%,$0.53B,$0.08B,14.88%,$0.53B,$0.16B,30.13%,$0.53B,$0.09B,16.38%,$0.53B,$0.06B,11.68%,$0.06B,$0.77B,8.19%,$0.06B,$0.74B,8.47%,$0.06B,$1.02B,5.94%,$0.08B,$0.83B,9.29%,$130,$95,$35,$6,$12,$112,$18,$10,$27,$4,$24,$24,$21,$38,$18,$67,79,$0.31,$0.28,$231,$22,$20,$373,$519,$93,$23,$4,$650,$1023,$166,$66,$23,$90,$256,$1,$151,$-28,$767,$1023,$24,$21,$-9,$12,$7,$2,$0,$3,$8,$43,$-22,$0,$0,$0,$9,$9,$0,$-13,$-2,$0,$-2,$2,$2,$0,$0,$-0,$26,$0,$0
11,2015-10-31,9.59,$11.44,0.84,$6.95,1.38,$0.12,77.71,$0.62,15.47,$0.36B,$0.19B,1.87,$0.07B,$0.76B,0.09,$0.53B,$0.14B,27.24%,$0.53B,$0.07B,13.90%,$0.53B,$0.07B,13.90%,$0.53B,$0.15B,29.33%,$0.53B,$0.07B,13.33%,$0.53B,$0.05B,8.57%,$0.05B,$0.76B,6.02%,$0.05B,$0.74B,6.25%,$0.05B,$1.04B,4.28%,$0.07B,$0.83B,8.53%,$142,$97,$45,$5,$12,$114,$27,$0,$28,$5,$22,$22,$19,$48,$27,$66,78,$0.28,$0.26,$206,$24,$21,$361,$547,$93,$25,$5,$683,$1043,$193,$67,$19,$89,$281,$1,$130,$-11,$762,$1043,$57,$82,$7,$90,$-22,$-3,$0,$-3,$-13,$133,$-104,$-1,$0,$0,$0,$0,$0,$-104,$-10,$0,$-10,$3,$3,$0,$-0,$-7,$13,$4,$0
12,2015-07-31,8.25,$11.22,0.74,$7.01,1.18,$-0.17,0.0,$0.44,18.75,$0.34B,$0.16B,2.11,$0.12B,$0.75B,0.16,$0.51B,$0.13B,24.65%,$0.51B,$0.06B,10.85%,$0.51B,$0.06B,10.85%,$0.51B,$0.14B,27.02%,$0.51B,$0.05B,10.06%,$0.51B,$0.03B,5.92%,$0.03B,$0.75B,4.04%,$0.03B,$0.72B,4.20%,$0.03B,$1.05B,2.86%,$0.06B,$0.87B,6.35%,$132,$94,$37,$6,$12,$113,$19,$0,$19,$3,$15,$15,$12,$40,$19,$66,79,$0.18,$0.17,$192,$23,$21,$341,$569,$93,$26,$5,$706,$1046,$162,$118,$20,$139,$300,$1,$111,$-8,$746,$1046,$35,$61,$0,$61,$-14,$-2,$0,$1,$-4,$92,$-80,$0,$0,$0,$0,$0,$-0,$-80,$-7,$0,$-7,$2,$2,$0,$-0,$-5,$-1,$0,$0
13,2015-04-30,8.77,$11.37,0.77,$7.33,1.2,$-0.26,0.0,$0.34,25.79,$0.32B,$0.17B,1.89,$0.12B,$0.75B,0.16,$0.50B,$0.12B,23.40%,$0.50B,$0.05B,9.40%,$0.50B,$0.05B,9.40%,$0.50B,$0.13B,26.00%,$0.50B,$0.04B,8.40%,$0.50B,$0.02B,4.40%,$0.02B,$0.75B,2.99%,$0.02B,$0.73B,3.12%,$0.02B,$1.06B,2.10%,$0.05B,$0.87B,5.40%,$127,$94,$33,$6,$12,$112,$15,$-1,$13,$1,$12,$12,$10,$34,$15,$66,78,$0.15,$0.14,$176,$23,$25,$322,$603,$93,$28,$6,$742,$1063,$170,$120,$19,$139,$309,$1,$99,$15,$754,$1063,$19,$40,$0,$40,$-4,$-1,$0,$0,$-2,$58,$-68,$0,$0,$0,$0,$0,$-0,$-68,$-5,$0,$-5,$1,$1,$0,$-0,$-4,$-17,$0,$0
14,2015-01-31,8.4,$11.00,0.76,$7.06,1.19,$-0.17,0.0,$0.42,20.0,$0.32B,$0.18B,1.81,$0.13B,$0.73B,0.18,$0.48B,$0.11B,22.18%,$0.48B,$0.04B,7.32%,$0.48B,$0.04B,7.32%,$0.48B,$0.12B,24.69%,$0.48B,$0.05B,9.83%,$0.48B,$0.03B,5.86%,$0.03B,$0.73B,3.87%,$0.03B,$0.70B,4.04%,$0.03B,$1.05B,2.70%,$0.04B,$0.86B,4.03%,$124,$95,$28,$5,$12,$112,$12,$-1,$10,$3,$7,$7,$4,$32,$12,$66,67,$0.06,$0.06,$169,$24,$29,$321,$593,$93,$29,$6,$732,$1053,$177,$129,$19,$148,$325,$1,$89,$6,$728,$1053,$7,$21,$0,$21,$-8,$-2,$0,$-5,$-6,$22,$-40,$0,$0,$0,$0,$0,$0,$-40,$-2,$0,$-2,$1,$1,$0,$0,$-2,$-24,$0,$0
15,2014-10-31,8.99,$11.22,0.8,$6.85,1.31,$0.14,65.86,$0.39,23.05,$0.34B,$0.14B,2.42,$0.13B,$0.74B,0.18,$0.46B,$0.10B,22.15%,$0.46B,$0.03B,6.36%,$0.46B,$0.03B,6.36%,$0.46B,$0.11B,24.12%,$0.46B,$0.04B,9.21%,$0.46B,$0.03B,5.70%,$0.03B,$0.74B,3.78%,$0.03B,$0.71B,3.96%,$0.03B,$1.03B,2.62%,$0.03B,$0.87B,3.45%,$124,$98,$27,$6,$12,$115,$9,$-1,$9,$2,$7,$7,$4,$31,$9,$62,67,$0.07,$0.09,$193,$22,$19,$336,$550,$93,$30,$8,$693,$1029,$139,$132,$16,$151,$290,$1,$85,$22,$739,$1029,$32,$80,$-8,$72,$5,$-3,$0,$2,$-8,$96,$-91,$-0,$5,$0,$0,$0,$-1,$-87,$-30,$0,$-30,$1,$1,$0,$-1,$-30,$-23,$4,$0
16,2014-07-31,7.97,$11.72,0.68,$6.70,1.19,$0.64,12.54,$0.40,19.93,$0.35B,$0.15B,2.38,$0.16B,$0.72B,0.22,$0.44B,$0.10B,23.06%,$0.44B,$0.03B,6.16%,$0.44B,$0.03B,6.16%,$0.44B,$0.10B,23.74%,$0.44B,$0.04B,8.90%,$0.44B,$0.03B,6.16%,$0.03B,$0.72B,4.16%,$0.03B,$0.69B,4.37%,$0.03B,$1.05B,2.83%,$0.03B,$0.88B,3.32%,$125,$96,$29,$5,$12,$114,$11,$-1,$10,$3,$7,$7,$4,$33,$11,$61,62,$0.07,$0.07,$196,$24,$31,$354,$547,$93,$31,$8,$692,$1045,$149,$156,$20,$176,$325,$1,$81,$32,$720,$1045,$25,$58,$-16,$42,$-1,$-3,$0,$2,$-6,$62,$-58,$0,$5,$0,$0,$0,$-1,$-55,$-27,$0,$-27,$1,$1,$0,$-1,$-27,$-19,$0,$0
17,2014-04-30,8.68,$11.56,0.75,$6.36,1.36,$0.88,9.81,$0.43,20.19,$0.34B,$0.13B,2.59,$0.16B,$0.71B,0.22,$0.42B,$0.10B,23.40%,$0.42B,$0.03B,6.15%,$0.42B,$0.03B,6.15%,$0.42B,$0.10B,23.40%,$0.42B,$0.04B,8.98%,$0.42B,$0.03B,6.86%,$0.03B,$0.71B,4.74%,$0.03B,$0.68B,5.02%,$0.03B,$1.02B,3.17%,$0.03B,$0.87B,3.32%,$105,$83,$22,$6,$13,$102,$3,$15,$18,$2,$16,$16,$16,$22,$3,$61,78,$0.25,$0.22,$192,$22,$29,$341,$534,$93,$33,$8,$680,$1021,$131,$159,$21,$180,$311,$1,$77,$30,$710,$1021,$18,$37,$-16,$20,$4,$-2,$0,$3,$1,$40,$-42,$0,$5,$0,$0,$0,$-1,$-39,$-25,$0,$-25,$1,$1,$0,$-1,$-25,$-24,$0,$0
18,2014-01-31,8.3,$9.48,0.88,$6.75,1.23,$0.98,8.44,$0.29,28.62,$0.29B,$0.12B,2.54,$0.16B,$0.58B,0.28,$0.43B,$0.10B,24.00%,$0.43B,$0.03B,7.29%,$0.43B,$0.03B,7.29%,$0.43B,$0.10B,24.24%,$0.43B,$0.03B,6.35%,$0.43B,$0.02B,4.24%,$0.02B,$0.58B,3.10%,$0.02B,$0.55B,3.30%,$0.02B,$0.87B,2.05%,$0.03B,$0.74B,4.11%,$102,$79,$23,$5,$12,$96,$6,$-1,$5,$3,$2,$2,$2,$24,$6,$61,62,$0.03,$0.03,$189,$20,$11,$292,$434,$93,$33,$6,$579,$871,$115,$161,$13,$174,$290,$1,$61,$18,$581,$871,$2,$18,$0,$18,$-0,$-1,$0,$-1,$-6,$14,$-12,$0,$0,$0,$0,$0,$-2,$-14,$-24,$0,$-24,$1,$1,$0,$-0,$-23,$-26,$0,$0
19,2013-10-31,8.4,$9.62,0.87,$6.75,1.25,$1.00,8.39,$0.30,28.0,$0.32B,$0.11B,3.05,$0.18B,$0.59B,0.31,$0.42B,$0.10B,23.64%,$0.42B,$0.03B,7.09%,$0.42B,$0.03B,7.09%,$0.42B,$0.10B,24.35%,$0.42B,$0.03B,6.38%,$0.42B,$0.02B,4.26%,$0.02B,$0.59B,3.08%,$0.02B,$0.55B,3.28%,$0.02B,$0.89B,2.05%,$0.03B,$0.77B,3.95%,$106,$79,$27,$6,$13,$99,$7,$-1,$6,$1,$5,$5,$5,$25,$7,$61,62,$0.08,$0.07,$216,$19,$10,$318,$423,$93,$34,$5,$567,$886,$105,$182,$10,$194,$298,$1,$59,$26,$588,$886,$20,$73,$4,$77,$2,$-1,$0,$-3,$3,$99,$-64,$-2,$0,$0,$0,$0,$-0,$-66,$-8,$0,$-8,$-31,$-31,$0,$-0,$-40,$-2,$4,$0
20,2013-07-31,7.65,$9.28,0.82,$6.39,1.2,$0.89,8.61,$0.28,27.32,$0.31B,$0.12B,2.6,$0.18B,$0.57B,0.32,$0.42B,$0.10B,23.04%,$0.42B,$0.03B,7.13%,$0.42B,$0.03B,7.13%,$0.42B,$0.11B,25.18%,$0.42B,$0.03B,6.41%,$0.42B,$0.02B,4.04%,$0.02B,$0.57B,2.91%,$0.02B,$0.53B,3.11%,$0.02B,$0.88B,1.96%,$0.03B,$0.75B,3.97%,$110,$83,$27,$5,$12,$100,$10,$-1,$9,$3,$6,$6,$6,$28,$10,$61,66,$0.10,$0.10,$197,$18,$14,$312,$421,$93,$35,$7,$567,$879,$120,$183,$10,$193,$314,$1,$55,$10,$566,$879,$15,$55,$0,$55,$-8,$-1,$0,$-7,$-2,$68,$-47,$0,$0,$0,$0,$0,$-3,$-50,$-5,$0,$-5,$-31,$-31,$0,$-0,$-36,$-21,$0,$0
21,2013-04-30,7.89,$9.69,0.81,$6.26,1.26,$0.79,10.04,$0.34,23.21,$0.32B,$0.11B,2.81,$0.17B,$0.59B,0.29,$0.43B,$0.10B,23.83%,$0.43B,$0.04B,8.18%,$0.43B,$0.04B,8.18%,$0.43B,$0.11B,26.64%,$0.43B,$0.03B,7.71%,$0.43B,$0.02B,5.14%,$0.02B,$0.59B,3.77%,$0.02B,$0.55B,4.02%,$0.02B,$0.88B,2.55%,$0.04B,$0.76B,4.64%,$107,$82,$25,$5,$12,$99,$8,$-1,$7,$2,$5,$5,$5,$26,$8,$60,62,$0.08,$0.08,$211,$19,$10,$321,$411,$93,$37,$8,$559,$881,$114,$169,$10,$179,$293,$1,$49,$11,$587,$881,$8,$37,$0,$37,$-8,$-1,$0,$-2,$-10,$36,$-32,$0,$0,$0,$0,$0,$-3,$-35,$-3,$0,$-3,$-4,$-4,$0,$-0,$-7,$-7,$0,$0
22,2013-01-31,5.99,$9.84,0.61,$6.06,0.99,$0.65,9.2,$0.40,14.98,$0.32B,$0.10B,3.33,$0.17B,$0.59B,0.28,$0.44B,$0.11B,24.43%,$0.44B,$0.04B,9.13%,$0.44B,$0.04B,9.13%,$0.44B,$0.12B,28.08%,$0.44B,$0.04B,8.68%,$0.44B,$0.03B,5.94%,$0.03B,$0.59B,4.48%,$0.03B,$0.56B,4.80%,$0.03B,$0.87B,3.06%,$0.04B,$0.76B,5.34%,$100,$79,$21,$5,$11,$95,$5,$-1,$5,$2,$3,$3,$2,$24,$5,$60,61,$0.04,$0.04,$218,$19,$11,$322,$396,$93,$36,$8,$545,$867,$97,$167,$10,$177,$274,$1,$44,$24,$594,$867,$3,$19,$0,$19,$2,$-1,$0,$-3,$-3,$19,$-16,$0,$0,$0,$0,$0,$-1,$-17,$-2,$0,$-2,$-4,$-4,$0,$0,$-6,$-0,$0,$0
23,2012-10-31,4.89,$9.73,0.5,$6.26,0.78,$0.86,5.68,$0.43,11.37,$0.32B,$0.09B,3.74,$0.17B,$0.59B,0.29,$0.45B,$0.11B,24.67%,$0.45B,$0.04B,9.78%,$0.45B,$0.04B,9.78%,$0.45B,$0.13B,28.89%,$0.45B,$0.04B,9.11%,$0.45B,$0.03B,6.22%,$0.03B,$0.59B,4.89%,$0.03B,$0.55B,5.25%,$0.03B,$0.85B,3.34%,$0.04B,$0.76B,5.96%,$104,$80,$24,$5,$11,$97,$7,$-2,$6,$2,$4,$4,$4,$28,$7,$60,76,$0.06,$0.07,$218,$18,$7,$320,$381,$93,$37,$7,$529,$849,$86,$169,$8,$178,$263,$1,$41,$16,$586,$849,$30,$85,$3,$88,$11,$5,$0,$-0,$15,$133,$-97,$-0,$0,$0,$-13,$-13,$-2,$-112,$20,$0,$20,$-15,$-15,$0,$-0,$5,$28,$3,$0
24,2012-07-31,5.85,$9.48,0.62,$6.99,0.84,$1.33,4.41,$0.51,11.47,$0.31B,$0.10B,3.16,$0.17B,$0.57B,0.3,$0.47B,$0.12B,25.21%,$0.47B,$0.05B,11.11%,$0.47B,$0.05B,11.11%,$0.47B,$0.14B,30.13%,$0.47B,$0.05B,10.26%,$0.47B,$0.03B,7.05%,$0.03B,$0.57B,5.83%,$0.03B,$0.53B,6.29%,$0.03B,$0.85B,3.97%,$0.05B,$0.74B,7.15%,$117,$84,$32,$5,$12,$101,$15,$-1,$15,$3,$11,$11,$11,$36,$15,$60,76,$0.18,$0.16,$197,$23,$8,$311,$385,$93,$39,$8,$537,$848,$98,$171,$8,$179,$278,$1,$38,$2,$570,$848,$26,$65,$0,$65,$2,$-1,$0,$-1,$17,$108,$-92,$0,$0,$0,$-13,$-13,$-2,$-107,$21,$0,$21,$-11,$-11,$0,$-0,$10,$7,$0,$0
25,2012-04-30,6.19,$9.46,0.65,$7.24,0.86,$1.72,3.61,$0.51,12.14,$0.31B,$0.09B,3.47,$0.17B,$0.57B,0.3,$0.49B,$0.12B,25.46%,$0.49B,$0.06B,12.32%,$0.49B,$0.06B,12.32%,$0.49B,$0.15B,31.21%,$0.49B,$0.05B,10.47%,$0.49B,$0.03B,6.78%,$0.03B,$0.57B,5.82%,$0.03B,$0.53B,6.28%,$0.03B,$0.84B,3.94%,$0.06B,$0.74B,8.28%,$117,$88,$30,$4,$12,$104,$13,$-1,$12,$3,$10,$10,$9,$35,$13,$60,77,$0.15,$0.14,$192,$20,$8,$310,$383,$86,$40,$9,$529,$839,$89,$172,$8,$181,$270,$1,$27,$8,$569,$839,$14,$44,$0,$44,$-3,$2,$0,$-1,$4,$62,$-68,$0,$0,$0,$-6,$-6,$-2,$-75,$23,$0,$23,$-7,$-7,$0,$-0,$15,$2,$0,$0
26,2012-01-31,6.86,$9.41,0.73,$8.09,0.85,$2.23,3.08,$0.07,98.0,$0.32B,$0.10B,3.32,$0.15B,$0.56B,0.27,$0.50B,$0.13B,25.84%,$0.50B,$0.07B,13.52%,$0.50B,$0.07B,13.52%,$0.50B,$0.16B,32.01%,$0.50B,$0.03B,5.37%,$0.50B,$0.01B,1.59%,$0.01B,$0.56B,1.42%,$0.01B,$0.52B,1.54%,$0.01B,$0.82B,0.95%,$0.07B,$0.72B,9.48%,$112,$87,$25,$4,$11,$104,$9,$-0,$8,$3,$5,$5,$4,$31,$9,$60,61,$0.07,$0.07,$202,$22,$8,$316,$360,$80,$41,$11,$504,$820,$95,$151,$8,$160,$255,$1,$18,$9,$564,$820,$5,$23,$0,$23,$1,$0,$0,$-1,$6,$34,$-18,$0,$0,$0,$-0,$-0,$-2,$-20,$-1,$0,$-1,$-1,$-1,$0,$0,$-2,$12,$0,$0
27,2011-10-31,6.27,$9.38,0.67,$8.07,0.78,$2.31,2.72,$0.20,31.35,$0.31B,$0.10B,3.18,$0.15B,$0.56B,0.27,$0.51B,$0.14B,26.56%,$0.51B,$0.08B,14.65%,$0.51B,$0.08B,14.65%,$0.51B,$0.17B,33.01%,$0.51B,$0.04B,7.03%,$0.51B,$0.02B,3.13%,$0.02B,$0.56B,2.90%,$0.02B,$0.52B,3.15%,$0.02B,$0.82B,1.94%,$0.08B,$0.71B,10.94%,$122,$91,$31,$4,$11,$107,$15,$-2,$13,$4,$9,$9,$9,$39,$15,$57,58,$0.16,$0.22,$190,$22,$7,$305,$369,$80,$42,$10,$513,$818,$96,$153,$9,$162,$258,$1,$14,$10,$560,$818,$20,$93,$30,$123,$-2,$-7,$0,$0,$-7,$137,$-82,$-0,$0,$0,$-18,$-18,$-0,$-101,$68,$0,$68,$-9,$-9,$0,$-4,$55,$91,$2,$0
28,2011-07-31,7.48,$9.68,0.77,$7.65,0.98,$1.94,3.85,$0.20,37.4,$0.34B,$0.14B,2.47,$0.15B,$0.58B,0.27,$0.50B,$0.13B,26.00%,$0.50B,$0.07B,14.20%,$0.50B,$0.07B,14.20%,$0.50B,$0.16B,32.80%,$0.50B,$0.03B,6.60%,$0.50B,$0.02B,3.00%,$0.02B,$0.58B,2.80%,$0.02B,$0.53B,3.06%,$0.02B,$0.88B,1.88%,$0.07B,$0.73B,10.90%,$136,$98,$38,$4,$12,$113,$23,$-5,$18,$5,$13,$13,$11,$47,$23,$59,77,$0.19,$0.16,$203,$31,$9,$342,$398,$73,$44,$21,$535,$877,$138,$154,$9,$163,$301,$1,$4,$27,$576,$877,$11,$70,$27,$97,$-10,$-14,$0,$-1,$-4,$104,$-59,$0,$0,$0,$-11,$-11,$-0,$-70,$69,$0,$69,$-3,$-3,$0,$-4,$62,$104,$0,$0
29,2011-04-30,8.73,$9.44,0.92,$7.58,1.15,$2.09,4.17,$0.17,51.35,$0.32B,$0.14B,2.28,$0.16B,$0.55B,0.29,$0.48B,$0.12B,24.79%,$0.48B,$0.06B,12.61%,$0.48B,$0.06B,12.61%,$0.48B,$0.15B,31.72%,$0.48B,$0.03B,5.46%,$0.48B,$0.01B,2.52%,$0.01B,$0.55B,2.35%,$0.01B,$0.51B,2.59%,$0.01B,$0.86B,1.60%,$0.06B,$0.71B,9.89%,$133,$97,$36,$4,$11,$112,$21,$-33,$-12,$3,$-15,$-15,$-16,$44,$21,$56,56,$-0.30,$-0.30,$186,$28,$6,$320,$403,$72,$45,$22,$543,$863,$140,$160,$9,$169,$310,$1,$-7,$24,$553,$863,$-1,$46,$24,$70,$-11,$-11,$0,$2,$-5,$64,$-39,$0,$0,$0,$-8,$-8,$-0,$-48,$72,$0,$72,$-3,$-3,$0,$-4,$65,$87,$0,$0
30,2011-01-31,6.59,$9.63,0.68,$6.78,0.97,$1.89,3.5,$0.61,10.8,$0.22B,$0.14B,1.58,$0.07B,$0.52B,0.14,$0.45B,$0.10B,23.21%,$0.45B,$0.05B,11.61%,$0.45B,$0.05B,11.61%,$0.45B,$0.14B,31.92%,$0.45B,$0.05B,10.71%,$0.45B,$0.04B,8.04%,$0.04B,$0.52B,7.34%,$0.04B,$0.47B,8.14%,$0.04B,$0.74B,5.09%,$0.05B,$0.59B,9.09%,$121,$90,$31,$4,$11,$105,$16,$1,$17,$3,$14,$14,$12,$39,$16,$54,66,$0.23,$0.20,$113,$21,$7,$223,$387,$66,$46,$19,$518,$741,$141,$71,$10,$81,$222,$1,$9,$13,$518,$741,$14,$23,$0,$23,$4,$-5,$0,$0,$5,$42,$-19,$0,$0,$0,$-4,$-4,$0,$-23,$-7,$0,$-7,$0,$0,$0,$0,$-7,$14,$0,$0
31,2010-10-31,6.29,$9.22,0.68,$6.75,0.93,$1.53,4.11,$0.41,15.34,$0.21B,$0.12B,1.73,$0.08B,$0.50B,0.16,$0.43B,$0.09B,21.41%,$0.43B,$0.04B,9.41%,$0.43B,$0.04B,9.41%,$0.43B,$0.13B,30.59%,$0.43B,$0.03B,7.53%,$0.43B,$0.02B,5.65%,$0.02B,$0.50B,5.04%,$0.02B,$0.45B,5.64%,$0.02B,$0.70B,3.48%,$0.04B,$0.58B,7.07%,$110,$85,$25,$4,$10,$99,$11,$-1,$10,$2,$8,$8,$8,$34,$11,$53,66,$0.16,$0.16,$99,$16,$7,$206,$370,$61,$48,$9,$498,$704,$119,$79,$9,$89,$208,$1,$-3,$7,$496,$704,$25,$90,$-3,$87,$-13,$-0,$0,$-1,$-16,$96,$-59,$0,$0,$0,$0,$0,$0,$-58,$-31,$0,$-31,$0,$0,$0,$-1,$-32,$10,$2,$0
32,2010-07-31,4.52,$8.85,0.51,$7.27,0.62,$1.83,2.47,$0.30,15.07,$0.21B,$0.13B,1.58,$0.08B,$0.47B,0.16,$0.41B,$0.08B,20.24%,$0.41B,$0.03B,8.05%,$0.41B,$0.03B,8.05%,$0.41B,$0.13B,30.73%,$0.41B,$0.03B,6.10%,$0.41B,$0.02B,4.15%,$0.02B,$0.47B,3.66%,$0.02B,$0.42B,4.12%,$0.02B,$0.70B,2.50%,$0.03B,$0.55B,5.86%,$112,$86,$26,$3,$11,$101,$12,$-1,$11,$3,$8,$8,$8,$34,$12,$54,66,$0.14,$0.13,$104,$14,$4,$211,$354,$61,$49,$19,$483,$695,$134,$76,$9,$87,$221,$1,$-11,$-5,$473,$695,$17,$68,$-5,$63,$-12,$1,$0,$-4,$-5,$74,$-25,$0,$0,$0,$0,$0,$0,$-25,$-34,$0,$-34,$0,$0,$0,$-1,$-35,$15,$0,$0
33,2010-04-30,5.45,$8.90,0.61,$7.86,0.69,$1.37,3.98,$-0.38,0.0,$0.20B,$0.11B,1.88,$0.10B,$0.48B,0.2,$0.39B,$0.08B,19.08%,$0.39B,$0.02B,3.82%,$0.39B,$0.02B,3.82%,$0.39B,$0.11B,27.48%,$0.39B,$-0.01B,-1.78%,$0.39B,$-0.01B,-3.56%,$-0.01B,$0.48B,-3.24%,$-0.01B,$0.43B,-3.70%,$-0.01B,$0.69B,-2.08%,$0.02B,$0.57B,2.72%,$105,$83,$22,$4,$11,$92,$13,$-2,$10,$2,$9,$9,$8,$36,$13,$53,66,$0.15,$0.14,$91,$16,$6,$198,$360,$61,$51,$19,$491,$689,$105,$97,$10,$108,$213,$1,$-18,$6,$476,$689,$9,$46,$-5,$41,$-13,$-1,$0,$1,$-16,$34,$-18,$0,$0,$0,$0,$0,$-1,$-19,$-14,$0,$-14,$0,$0,$0,$-1,$-15,$3,$0,$0
34,2010-01-31,3.85,$8.60,0.45,$8.26,0.47,$1.28,3.02,$-0.76,0.0,$0.18B,$0.10B,1.93,$0.11B,$0.46B,0.24,$0.37B,$0.06B,17.25%,$0.37B,$-0.00B,-0.81%,$0.37B,$-0.00B,-0.81%,$0.37B,$0.09B,23.45%,$0.37B,$-0.03B,-7.28%,$0.37B,$-0.03B,-8.63%,$-0.03B,$0.46B,-7.94%,$-0.03B,$0.41B,-9.21%,$-0.03B,$0.67B,-4.72%,$-0.00B,$0.57B,-0.56%,$98,$80,$18,$4,$10,$94,$4,$-2,$1,$1,$0,$0,$0,$26,$4,$53,55,$0.00,$0.00,$84,$16,$8,$184,$354,$61,$54,$19,$488,$672,$96,$108,$9,$118,$214,$1,$-26,$-0,$458,$672,$0,$22,$0,$22,$-5,$-1,$0,$-5,$-6,$16,$-17,$0,$0,$0,$0,$0,$-1,$-18,$-3,$0,$-3,$0,$0,$0,$0,$-3,$-4,$0,$0
35,2009-10-31,4.18,$8.48,0.49,$8.57,0.49,$1.18,3.55,$-1.01,0.0,$0.18B,$0.09B,1.99,$0.11B,$0.45B,0.25,$0.36B,$0.06B,15.79%,$0.36B,$-0.01B,-3.32%,$0.36B,$-0.01B,-3.32%,$0.36B,$0.08B,21.61%,$0.36B,$-0.04B,-10.25%,$0.36B,$-0.04B,-11.63%,$-0.04B,$0.45B,-11.10%,$-0.04B,$0.40B,-13.10%,$-0.04B,$0.66B,-6.11%,$-0.01B,$0.56B,-2.30%,$95,$78,$17,$4,$10,$90,$4,$-2,$3,$1,$1,$1,$1,$30,$4,$43,43,$0.07,$0.07,$89,$15,$6,$180,$348,$61,$55,$20,$484,$664,$90,$112,$10,$124,$214,$1,$-27,$-6,$450,$664,$-41,$90,$9,$100,$3,$3,$0,$3,$10,$68,$-31,$0,$0,$1,$5,$6,$0,$-25,$-30,$0,$-30,$0,$0,$0,$-10,$-41,$5,$2,$0
36,2009-07-31,5.11,$8.26,0.62,$8.86,0.58,$-0.00,0.0,$-1.03,0.0,$0.18B,$0.10B,1.75,$0.16B,$0.35B,0.45,$0.37B,$0.06B,15.72%,$0.37B,$-0.01B,-3.79%,$0.37B,$-0.01B,-3.79%,$0.37B,$0.07B,20.05%,$0.37B,$-0.04B,-10.30%,$0.37B,$-0.04B,-11.65%,$-0.04B,$0.35B,-11.89%,$-0.04B,$0.29B,-14.25%,$-0.04B,$0.67B,-6.05%,$-0.01B,$0.50B,-2.65%,$95,$77,$18,$4,$10,$102,$-6,$-14,$-21,$2,$-22,$-22,$-23,$16,$-6,$42,42,$-0.55,$-0.55,$86,$15,$8,$180,$355,$61,$57,$19,$492,$672,$103,$156,$16,$223,$326,$0,$-28,$-13,$346,$672,$-43,$64,$12,$76,$-0,$2,$0,$2,$8,$42,$-30,$0,$0,$1,$5,$6,$0,$-24,$-12,$0,$-12,$0,$0,$0,$-4,$-17,$2,$0,$0
37,2009-04-30,1.67,$8.60,0.19,$9.12,0.18,$-0.98,0.0,$-5.41,0.0,$0.17B,$0.13B,1.32,$0.16B,$0.36B,0.44,$0.38B,$0.05B,14.21%,$0.38B,$-0.22B,-57.37%,$0.38B,$-0.22B,-57.37%,$0.38B,$0.02B,3.95%,$0.38B,$-0.23B,-60.26%,$0.38B,$-0.23B,-59.47%,$-0.23B,$0.36B,-58.89%,$-0.23B,$0.30B,-70.13%,$-0.23B,$0.70B,-30.17%,$-0.22B,$0.52B,-38.64%,$83,$72,$11,$4,$11,$88,$-5,$-5,$-10,$-0,$-10,$-10,$-10,$15,$-5,$42,42,$-0.24,$-0.24,$82,$16,$7,$169,$399,$61,$58,$13,$532,$701,$128,$158,$5,$213,$342,$0,$-5,$-22,$359,$701,$-20,$42,$4,$46,$6,$1,$0,$2,$1,$26,$-20,$0,$0,$1,$5,$6,$0,$-14,$-11,$0,$-11,$0,$0,$0,$-2,$-13,$-2,$0,$0
38,2009-01-31,1.59,$8.57,0.19,$9.78,0.16,$-2.16,0.0,$-5.22,0.0,$0.17B,$0.15B,1.13,$0.15B,$0.36B,0.43,$0.41B,$0.06B,15.48%,$0.41B,$-0.21B,-51.84%,$0.41B,$-0.21B,-51.84%,$0.41B,$0.03B,7.13%,$0.41B,$-0.22B,-54.05%,$0.41B,$-0.22B,-53.56%,$-0.22B,$0.36B,-47.96%,$-0.22B,$0.30B,-61.19%,$-0.22B,$0.71B,-26.08%,$-0.21B,$0.51B,-32.64%,$88,$77,$11,$4,$10,$93,$-5,$-4,$-9,$1,$-10,$-10,$-10,$17,$-5,$42,42,$-0.25,$-0.25,$72,$18,$10,$168,$407,$66,$61,$11,$545,$713,$148,$152,$5,$207,$355,$0,$5,$-33,$358,$713,$-10,$22,$2,$23,$0,$-2,$0,$-1,$-5,$8,$-13,$0,$0,$1,$0,$1,$0,$-12,$-4,$0,$-4,$0,$0,$0,$-2,$-6,$-12,$0,$0
39,2008-10-31,0.69,$9.18,0.08,$10.15,0.07,$-3.35,0.0,$-5.05,0.0,$0.18B,$0.12B,1.57,$0.20B,$0.38B,0.53,$0.42B,$0.07B,17.30%,$0.42B,$-0.21B,-48.82%,$0.42B,$-0.21B,-48.82%,$0.42B,$0.04B,8.77%,$0.42B,$-0.21B,-50.24%,$0.42B,$-0.21B,-50.00%,$-0.21B,$0.38B,-40.13%,$-0.21B,$0.32B,-53.93%,$-0.21B,$0.76B,-22.74%,$-0.21B,$0.59B,-27.82%,$103,$85,$18,$4,$12,$102,$2,$0,$2,$1,$0,$2,$0,$26,$2,$42,42,$0.00,$0.00,$84,$18,$10,$182,$437,$66,$62,$11,$576,$758,$116,$203,$5,$259,$375,$0,$15,$-18,$383,$758,$-209,$242,$68,$311,$-7,$-3,$0,$-4,$-9,$92,$-105,$0,$0,$3,$2,$6,$0,$-99,$-44,$0,$-44,$0,$0,$0,$-4,$-48,$-62,$3,$0
40,2008-07-31,4.25,$10.43,0.41,$9.65,0.44,$-2.13,0.0,$-5.05,0.0,$0.18B,$0.12B,1.55,$0.21B,$0.44B,0.48,$0.42B,$0.08B,17.81%,$0.42B,$-0.21B,-49.17%,$0.42B,$-0.21B,-49.17%,$0.42B,$0.04B,9.03%,$0.42B,$-0.21B,-50.59%,$0.42B,$-0.21B,-50.12%,$-0.21B,$0.44B,-35.55%,$-0.21B,$0.37B,-49.88%,$-0.21B,$0.82B,-21.03%,$-0.21B,$0.64B,-25.70%,$106,$92,$14,$4,$14,$315,$-210,$-3,$-212,$-7,$-205,$-206,$-206,$-43,$-210,$42,42,$-4.93,$-4.93,$80,$18,$10,$184,$500,$71,$64,$6,$641,$824,$118,$209,$6,$271,$389,$0,$15,$36,$435,$824,$-211,$218,$68,$287,$-3,$-1,$-3,$-2,$-10,$66,$-95,$0,$0,$3,$-3,$1,$0,$-94,$-33,$0,$-33,$0,$0,$0,$-8,$-41,$-69,$0,$0
41,2008-04-30,10.6,$15.41,0.69,$9.60,1.1,$-0.41,0.0,$-0.07,0.0,$0.18B,$0.14B,1.31,$0.21B,$0.64B,0.32,$0.42B,$0.09B,20.29%,$0.42B,$0.01B,1.43%,$0.42B,$0.01B,1.43%,$0.42B,$0.11B,26.01%,$0.42B,$0.00B,0.72%,$0.42B,$-0.00B,-0.72%,$-0.00B,$0.64B,-0.46%,$-0.00B,$0.44B,-0.68%,$-0.00B,$1.05B,-0.29%,$0.01B,$0.85B,0.71%,$110,$90,$20,$5,$14,$108,$2,$-3,$-1,$1,$-2,$-2,$-2,$29,$2,$42,42,$-0.05,$-0.05,$70,$20,$6,$177,$591,$71,$204,$6,$872,$1049,$135,$205,$6,$272,$407,$0,$221,$37,$642,$1049,$-5,$51,$1,$52,$-10,$-2,$1,$-0,$-12,$35,$-78,$0,$0,$3,$-3,$1,$0,$-77,$-37,$0,$-37,$0,$0,$0,$-0,$-37,$-79,$0,$0
42,2008-01-31,12.19,$15.44,0.79,$9.08,1.34,$1.39,8.78,$0.28,43.54,$0.19B,$0.13B,1.47,$0.24B,$0.64B,0.38,$0.42B,$0.09B,21.72%,$0.42B,$0.01B,2.63%,$0.42B,$0.01B,2.63%,$0.42B,$0.11B,26.97%,$0.42B,$0.01B,2.86%,$0.42B,$0.01B,3.10%,$0.01B,$0.64B,2.01%,$0.01B,$0.44B,2.95%,$0.01B,$1.08B,1.27%,$0.01B,$0.89B,1.32%,$103,$83,$21,$4,$16,$103,$0,$-1,$-1,$2,$-2,$-3,$-3,$25,$0,$42,42,$-0.08,$-0.08,$95,$17,$7,$193,$605,$70,$206,$6,$887,$1080,$131,$243,$5,$306,$437,$0,$223,$37,$643,$1080,$-3,$25,$1,$26,$-5,$1,$0,$-1,$-11,$12,$-66,$0,$0,$-0,$-3,$-3,$0,$-69,$0,$0,$0,$0,$0,$0,$-0,$0,$-57,$0,$0
43,2007-10-31,10.94,$15.71,0.7,$8.67,1.26,$3.04,3.6,$0.53,20.64,$0.25B,$0.15B,1.64,$0.19B,$0.65B,0.29,$0.42B,$0.10B,23.70%,$0.42B,$0.02B,5.21%,$0.42B,$0.02B,5.21%,$0.42B,$0.12B,28.67%,$0.42B,$0.02B,5.45%,$0.42B,$0.02B,5.69%,$0.02B,$0.65B,3.73%,$0.02B,$0.45B,5.51%,$0.02B,$1.06B,2.41%,$0.02B,$0.85B,2.72%,$102,$82,$20,$4,$15,$100,$1,$-0,$1,$1,$0,$0,$0,$27,$1,$42,51,$0.01,$0.04,$152,$18,$6,$247,$532,$68,$207,$6,$813,$1060,$150,$191,$6,$255,$405,$0,$227,$45,$654,$1060,$25,$98,$2,$100,$18,$2,$0,$8,$10,$135,$-88,$0,$0,$62,$-3,$59,$0,$-30,$-90,$0,$-90,$1,$1,$0,$-1,$-90,$17,$3,$0
44,2007-07-31,14.02,$15.64,0.9,$8.95,1.57,$2.56,5.48,$0.73,19.21,$0.25B,$0.12B,2.02,$0.15B,$0.65B,0.23,$0.44B,$0.12B,26.67%,$0.44B,$0.04B,8.05%,$0.44B,$0.04B,8.05%,$0.44B,$0.13B,30.11%,$0.44B,$0.04B,8.05%,$0.44B,$0.03B,7.82%,$0.03B,$0.65B,5.36%,$0.03B,$0.44B,8.00%,$0.03B,$0.99B,3.42%,$0.04B,$0.80B,4.41%,$104,$81,$24,$4,$16,$101,$3,$1,$4,$1,$3,$2,$2,$28,$3,$42,42,$0.05,$0.05,$145,$17,$12,$246,$460,$66,$209,$7,$741,$987,$122,$150,$0,$215,$337,$0,$227,$42,$650,$987,$24,$72,$-1,$71,$15,$4,$-25,$4,$-1,$94,$-51,$0,$0,$43,$-1,$42,$0,$-9,$-84,$0,$-84,$1,$1,$0,$-9,$-92,$-9,$0,$0
45,2007-04-30,15.05,$15.49,0.97,$9.05,1.66,$1.45,10.37,$0.79,19.05,$0.26B,$0.11B,2.26,$0.15B,$0.64B,0.23,$0.44B,$0.13B,28.47%,$0.44B,$0.04B,9.34%,$0.44B,$0.04B,9.34%,$0.44B,$0.14B,30.75%,$0.44B,$0.04B,8.88%,$0.44B,$0.04B,8.43%,$0.04B,$0.64B,5.95%,$0.04B,$0.43B,8.98%,$0.04B,$0.98B,3.70%,$0.04B,$0.79B,5.21%,$110,$83,$26,$4,$14,$102,$7,$0,$8,$-6,$14,$14,$14,$33,$7,$42,51,$0.34,$0.30,$154,$18,$9,$257,$441,$65,$209,$5,$720,$977,$114,$149,$0,$220,$334,$0,$225,$38,$643,$977,$22,$48,$-1,$47,$9,$1,$-15,$7,$3,$72,$-32,$0,$0,$49,$0,$49,$0,$16,$-84,$0,$-84,$1,$1,$0,$0,$-83,$2,$0,$0
46,2007-01-31,16.66,$15.12,1.1,$9.26,1.8,$0.56,29.65,$0.61,27.31,$0.23B,$0.09B,2.56,$0.17B,$0.63B,0.28,$0.45B,$0.14B,31.47%,$0.45B,$0.04B,9.15%,$0.45B,$0.04B,9.15%,$0.45B,$0.13B,29.24%,$0.45B,$0.04B,9.15%,$0.45B,$0.03B,6.25%,$0.03B,$0.63B,4.58%,$0.03B,$0.42B,6.67%,$0.03B,$0.96B,2.78%,$0.04B,$0.80B,5.27%,$106,$76,$30,$5,$16,$95,$11,$-0,$10,$1,$9,$8,$8,$33,$11,$41,51,$0.19,$0.17,$132,$16,$9,$234,$449,$64,$209,$7,$729,$963,$91,$173,$0,$244,$335,$0,$211,$38,$628,$963,$8,$22,$-1,$21,$9,$3,$0,$7,$-11,$19,$-1,$0,$0,$38,$0,$38,$0,$38,$-85,$0,$-85,$0,$0,$0,$0,$-85,$-29,$0,$0
47,2006-10-31,13.99,$14.81,0.94,$9.39,1.49,$-0.13,0.0,$0.65,21.52,$0.32B,$0.19B,1.67,$0.17B,$0.61B,0.28,$0.45B,$0.15B,32.38%,$0.45B,$0.04B,9.47%,$0.45B,$0.04B,9.47%,$0.45B,$0.13B,29.30%,$0.45B,$0.05B,10.13%,$0.45B,$0.03B,6.61%,$0.03B,$0.61B,4.99%,$0.03B,$0.40B,7.00%,$0.03B,$1.05B,2.97%,$0.04B,$0.79B,5.62%,$115,$79,$36,$4,$16,$102,$14,$-1,$13,$1,$12,$10,$10,$37,$14,$41,51,$0.24,$0.22,$199,$19,$13,$319,$444,$64,$210,$8,$727,$1046,$191,$170,$14,$240,$431,$0,$203,$33,$614,$1046,$29,$91,$24,$115,$-9,$3,$0,$-7,$-28,$116,$-95,$0,$-8,$22,$-121,$-98,$0,$-201,$12,$0,$12,$2,$2,$0,$0,$14,$-67,$2,$0
