,Date,Stock Price,Book Value per Share,Price to Book Ratio,TTM Sales per Share,Price to Sales Ratio,TTM FCF per Share,Price to FCF Ratio,TTM Net EPS,PE Ratio,Current Assets,Current Liabilities,Current Ratio,Long Term Debt,Shareholder's Equity_x,Debt to Equity Ratio,TTM Revenue_x,TTM Gross Profit,Gross Margin,TTM Revenue_y,TTM Operating Income,Operating Margin,TTM Revenue_x,TTM EBIT,EBIT Margin,TTM Revenue_y,TTM EBITDA,EBITDA Margin,TTM Revenue_x,TTM Pre-Tax Income,Pre-Tax Margin,TTM Revenue_y,TTM Net Income_x,Net Margin,TTM Net Income_y,Shareholder's Equity_y,Return on Equity,TTM Net Income_x,Tangible Equity,Return on Tangible Equity,TTM Net Income_y,Total Assets,Return on Assets,TTM Net Income,LT Investments & Debt,Return on Investment,revenue,cost-goods-sold,gross-profit,research-development-expenses,selling-general-administrative-expenses,operating-expenses,operating-income,total-non-operating-income-expense,pre-tax-income,total-provision-income-taxes,income-after-taxes,income-from-continuous-operations,net-income,ebitda,ebit,basic-shares-outstanding,shares-outstanding,eps-basic-net-earnings-per-share,eps-earnings-per-share-diluted,cash-on-hand,inventory,other-current-assets,total-current-assets,net-property-plant-equipment,long-term-investments,goodwill-intangible-assets-total,other-long-term-assets,total-long-term-assets,total-assets,total-current-liabilities,long-term-debt,other-non-current-liabilities,total-long-term-liabilities,total-liabilities,common-stock-net,retained-earnings-accumulated-deficit,comprehensive-income,total-share-holder-equity,total-liabilities-share-holders-equity,net-income-loss,total-depreciation-amortization-cash-flow,other-non-cash-items,total-non-cash-items,change-in-accounts-receivable,change-in-inventories,change-in-accounts-payable,change-in-assets-liabilities,total-change-in-assets-liabilities,cash-flow-from-operating-activities,net-change-in-property-plant-equipment,net-change-in-intangible-assets,net-acquisitions-divestitures,net-change-in-short-term-investments,net-change-in-long-term-investments,net-change-in-investments-total,investing-activities-other,cash-flow-from-investing-activities,net-long-term-debt,net-current-debt,debt-issuance-retirement-net-total,net-common-equity-issued-repurchased,net-total-equity-issued-repurchased,total-common-preferred-stock-dividends-paid,financial-activities-other,cash-flow-from-financial-activities,net-cash-flow,stock-based-compensation,common-stock-dividends-paid
0,2018-09-30,24.85,$12.17,2.04,$7.93,3.13,$5.12,4.85,$1.51,16.46,$0.59B,$0.70B,0.84,$0.01B,$0.06B,0.17,$0.04B,$0.04B,97.56%,$0.04B,$0.02B,43.90%,$0.04B,0,0.00%,$0.04B,0,0.00%,$0.04B,$0.02B,43.90%,$0.04B,$0.01B,26.83%,$0.01B,$0.06B,18.80%,$0.01B,$0.06B,18.80%,$0.01B,$0.77B,1.46%,$0.02B,$0.07B,25.99%,$11,$0,$11,$0,$6,$6,$5,$0,$5,$1,$4,$4,$4,$0,$0,$5,5,$0.72,$0.71,$35,$0,$0,$586,$14,$157,$0,$14,$184,$771,$698,$10,$0,$10,$708,$7,$59,$-4,$62,$771,$10,$1,$0,$2,$-0,$0,$0,$0,$0,$12,$-3,$0,$0,$0,$-25,$-25,$-55,$-82,$0,$-2,$-2,$0,$0,$-1,$20,$18,$-52,$0,$-1
1,2018-06-30,28.2,$11.62,2.43,$7.65,3.69,$4.91,5.74,$1.98,14.24,$0.58B,$0.70B,0.83,$0.01B,$0.06B,0.17,$0.04B,$0.04B,95.00%,$0.04B,$0.02B,42.50%,$0.04B,0,0.00%,$0.04B,0,0.00%,$0.04B,$0.02B,42.50%,$0.04B,$0.01B,22.50%,$0.01B,$0.06B,15.79%,$0.01B,$0.06B,15.79%,$0.01B,$0.77B,1.21%,$0.02B,$0.07B,25.19%,$11,$0,$10,$0,$6,$6,$5,$0,$5,$1,$3,$3,$3,$0,$0,$5,5,$0.67,$0.66,$53,$0,$0,$579,$14,$158,$0,$14,$185,$765,$695,$10,$0,$10,$705,$7,$56,$-3,$59,$765,$7,$1,$0,$1,$-3,$0,$0,$0,$-2,$5,$-3,$0,$0,$0,$-24,$-24,$-28,$-55,$0,$-1,$-1,$0,$0,$-1,$16,$14,$-35,$0,$-1
2,2018-03-31,24.74,$11.27,2.19,$7.47,3.31,$5.40,4.58,$1.81,13.67,$0.56B,$0.67B,0.84,$0.01B,$0.06B,0.18,$0.04B,$0.04B,94.87%,$0.04B,$0.02B,41.03%,$0.04B,0,0.00%,$0.04B,0,0.00%,$0.04B,$0.02B,41.03%,$0.04B,$0.01B,23.08%,$0.01B,$0.06B,16.22%,$0.01B,$0.06B,16.22%,$0.01B,$0.74B,1.24%,$0.02B,$0.07B,24.33%,$10,$0,$10,$0,$6,$6,$4,$0,$4,$1,$3,$3,$3,$0,$0,$5,5,$0.65,$0.63,$65,$0,$0,$564,$11,$148,$0,$14,$173,$737,$669,$10,$0,$10,$679,$7,$53,$-2,$57,$737,$3,$0,$-0,$0,$-2,$0,$1,$0,$-1,$3,$0,$0,$0,$0,$-13,$-13,$-1,$-15,$0,$-1,$-1,$0,$0,$0,$-10,$-11,$-23,$0,$0
3,2017-12-31,23.05,$11.00,2.1,$7.19,3.21,$4.82,4.79,$1.58,14.59,$0.58B,$0.68B,0.86,$0.01B,$0.06B,0.19,$0.04B,$0.04B,94.74%,$0.04B,$0.02B,39.47%,$0.04B,0,0.00%,$0.04B,0,0.00%,$0.04B,$0.02B,39.47%,$0.04B,$0.01B,21.05%,$0.01B,$0.06B,14.81%,$0.01B,$0.06B,14.81%,$0.01B,$0.75B,1.13%,$0.02B,$0.07B,23.26%,$9,$0,$9,$0,$5,$5,$4,$0,$4,$3,$1,$1,$1,$0,$0,$5,5,$0.23,$0.22,$88,$0,$0,$582,$11,$137,$0,$14,$163,$745,$679,$10,$0,$10,$690,$6,$50,$-1,$56,$745,$8,$2,$1,$3,$2,$0,$-1,$0,$1,$11,$-0,$0,$0,$0,$-36,$-36,$-30,$-67,$-2,$3,$1,$0,$0,$-1,$80,$80,$25,$0,$-1
4,2017-09-30,20.63,$10.99,1.88,$7.07,2.92,$4.35,4.75,$1.77,11.66,$0.59B,$0.67B,0.89,$0.01B,$0.06B,0.19,$0.04B,$0.04B,92.11%,$0.04B,$0.01B,36.84%,$0.04B,0,0.00%,$0.04B,0,0.00%,$0.04B,$0.01B,36.84%,$0.04B,$0.01B,23.68%,$0.01B,$0.06B,17.31%,$0.01B,$0.06B,17.31%,$0.01B,$0.73B,1.31%,$0.01B,$0.07B,22.13%,$10,$0,$9,$0,$5,$6,$4,$0,$4,$2,$2,$2,$2,$0,$0,$5,5,$0.48,$0.47,$102,$0,$0,$590,$11,$117,$0,$14,$141,$731,$665,$10,$0,$10,$675,$6,$49,$-0,$56,$731,$7,$1,$1,$2,$1,$0,$-1,$0,$-0,$9,$-0,$0,$0,$0,$-14,$-14,$-21,$-36,$-2,$1,$-1,$0,$0,$-1,$67,$66,$39,$0,$-1
5,2017-06-30,21.03,$10.50,2.0,$6.89,3.05,$4.12,5.1,$1.69,12.44,$0.55B,$0.63B,0.88,$0.01B,$0.05B,0.2,$0.04B,$0.03B,94.44%,$0.04B,$0.01B,36.11%,$0.04B,0,0.00%,$0.04B,0,0.00%,$0.04B,$0.01B,36.11%,$0.04B,$0.01B,25.00%,$0.01B,$0.05B,18.00%,$0.01B,$0.05B,18.00%,$0.01B,$0.69B,1.35%,$0.01B,$0.06B,20.97%,$10,$0,$9,$0,$5,$5,$4,$0,$4,$2,$3,$3,$3,$0,$0,$5,5,$0.51,$0.49,$69,$0,$0,$553,$11,$112,$0,$14,$137,$690,$627,$10,$0,$10,$637,$6,$47,$-0,$53,$690,$5,$1,$0,$1,$1,$0,$-1,$0,$-1,$5,$-0,$0,$0,$0,$-10,$-10,$-17,$-27,$-2,$-3,$-6,$0,$0,$-1,$34,$28,$6,$0,$-1
6,2017-03-31,17.83,$10.26,1.74,$6.67,2.68,$3.99,4.47,$1.56,11.43,$0.53B,$0.60B,0.88,$0.01B,$0.05B,0.25,$0.03B,$0.03B,97.06%,$0.03B,$0.01B,35.29%,$0.03B,0,0.00%,$0.03B,0,0.00%,$0.03B,$0.01B,35.29%,$0.03B,$0.01B,23.53%,$0.01B,$0.05B,16.58%,$0.01B,$0.05B,16.58%,$0.01B,$0.66B,1.24%,$0.01B,$0.06B,19.67%,$9,$0,$9,$0,$5,$6,$3,$0,$3,$1,$2,$2,$2,$0,$0,$5,5,$0.42,$0.40,$52,$0,$0,$528,$12,$111,$0,$13,$136,$664,$601,$13,$0,$13,$613,$6,$45,$-1,$51,$664,$2,$0,$0,$1,$-1,$0,$-1,$0,$-3,$-0,$-0,$0,$0,$0,$-9,$-9,$-6,$-15,$-0,$-2,$-2,$0,$0,$0,$7,$5,$-11,$0,$0
7,2016-12-31,18.62,$9.80,1.9,$6.47,2.88,$4.13,4.51,$1.47,12.67,$0.53B,$0.60B,0.89,$0.01B,$0.05B,0.26,$0.03B,$0.03B,93.94%,$0.03B,$0.01B,36.36%,$0.03B,0,0.00%,$0.03B,0,0.00%,$0.03B,$0.01B,36.36%,$0.03B,$0.01B,24.24%,$0.01B,$0.05B,17.11%,$0.01B,$0.05B,17.11%,$0.01B,$0.66B,1.27%,$0.01B,$0.06B,19.92%,$9,$0,$8,$0,$5,$5,$3,$0,$3,$1,$2,$2,$2,$0,$0,$5,5,$0.44,$0.41,$63,$0,$0,$531,$12,$102,$0,$13,$127,$658,$597,$13,$0,$13,$610,$6,$43,$-1,$48,$658,$7,$2,$-0,$2,$-1,$0,$1,$0,$-0,$9,$-0,$0,$0,$0,$-7,$-7,$-58,$-66,$-3,$-0,$-3,$-1,$-1,$-0,$55,$51,$-6,$0,$-0
8,2016-09-30,9.95,$9.91,1.0,$6.30,1.58,$3.62,2.75,$1.39,7.16,$0.53B,$0.60B,0.89,$0.01B,$0.05B,0.27,$0.03B,$0.03B,93.75%,$0.03B,$0.01B,37.50%,$0.03B,0,0.00%,$0.03B,0,0.00%,$0.03B,$0.01B,37.50%,$0.03B,$0.01B,25.00%,$0.01B,$0.05B,17.68%,$0.01B,$0.05B,17.68%,$0.01B,$0.66B,1.30%,$0.01B,$0.06B,20.17%,$8,$0,$8,$0,$5,$5,$3,$0,$3,$1,$2,$2,$2,$0,$0,$5,5,$0.40,$0.39,$77,$0,$0,$530,$12,$101,$0,$15,$127,$657,$596,$13,$0,$13,$609,$6,$41,$1,$48,$657,$5,$1,$0,$2,$1,$0,$-0,$0,$0,$7,$-0,$0,$0,$0,$-3,$-3,$-47,$-50,$-2,$0,$-2,$-1,$-1,$0,$54,$52,$9,$0,$0
9,2016-06-30,8.76,$9.55,0.92,$6.18,1.42,$3.21,2.72,$1.32,6.63,$0.48B,$0.55B,0.88,$0.01B,$0.05B,0.28,$0.03B,$0.03B,93.75%,$0.03B,$0.01B,37.50%,$0.03B,0,0.00%,$0.03B,0,0.00%,$0.03B,$0.01B,37.50%,$0.03B,$0.01B,25.00%,$0.01B,$0.05B,18.39%,$0.01B,$0.05B,18.39%,$0.01B,$0.60B,1.33%,$0.01B,$0.06B,20.51%,$8,$0,$8,$0,$5,$5,$3,$0,$3,$1,$2,$2,$2,$0,$0,$5,5,$0.38,$0.36,$41,$0,$0,$477,$12,$99,$0,$15,$127,$604,$545,$13,$0,$13,$558,$6,$39,$1,$46,$604,$3,$1,$0,$1,$0,$0,$-0,$0,$-0,$5,$-0,$0,$0,$0,$-1,$-1,$-31,$-32,$-2,$-4,$-6,$-1,$-1,$0,$7,$1,$-27,$0,$0
10,2016-03-31,8.56,$9.27,0.92,$6.04,1.42,$2.07,4.13,$1.23,6.96,$0.47B,$0.54B,0.88,$0.02B,$0.05B,0.34,$0.03B,$0.03B,93.55%,$0.03B,$0.01B,35.48%,$0.03B,0,0.00%,$0.03B,0,0.00%,$0.03B,$0.01B,35.48%,$0.03B,$0.01B,22.58%,$0.01B,$0.05B,16.77%,$0.01B,$0.05B,16.77%,$0.01B,$0.60B,1.19%,$0.01B,$0.06B,19.21%,$8,$0,$7,$0,$5,$5,$3,$0,$3,$1,$2,$2,$2,$0,$0,$5,5,$0.32,$0.31,$56,$0,$0,$469,$12,$100,$0,$14,$126,$595,$535,$15,$0,$15,$550,$7,$38,$1,$45,$595,$2,$0,$0,$1,$-1,$0,$-1,$0,$-1,$1,$-0,$0,$0,$0,$-2,$-2,$-6,$-8,$-0,$-3,$-4,$0,$0,$0,$-2,$-6,$-12,$0,$0
11,2015-12-31,8.44,$8.79,0.96,$5.99,1.41,$2.27,3.71,$1.16,7.27,$0.48B,$0.54B,0.88,$0.02B,$0.04B,0.36,$0.03B,$0.03B,96.67%,$0.03B,$0.01B,33.33%,$0.03B,0,0.00%,$0.03B,0,0.00%,$0.03B,$0.01B,33.33%,$0.03B,$0.01B,20.00%,$0.01B,$0.04B,15.00%,$0.01B,$0.04B,15.00%,$0.01B,$0.60B,1.04%,$0.01B,$0.06B,17.70%,$8,$0,$7,$0,$5,$5,$3,$0,$3,$1,$2,$2,$2,$0,$0,$5,5,$0.35,$0.32,$68,$0,$0,$476,$12,$97,$0,$14,$123,$599,$542,$15,$0,$15,$557,$6,$36,$-0,$42,$599,$6,$2,$0,$2,$-1,$0,$1,$0,$-0,$7,$-1,$0,$0,$0,$-7,$-7,$-30,$-38,$-4,$-2,$-6,$0,$0,$0,$59,$54,$23,$0,$0
12,2015-09-30,8.64,$8.54,1.01,$5.99,1.44,$2.17,3.98,$1.10,7.86,$0.49B,$0.55B,0.89,$0.02B,$0.04B,0.37,$0.03B,$0.03B,96.67%,$0.03B,$0.01B,30.00%,$0.03B,0,0.00%,$0.03B,0,0.00%,$0.03B,$0.01B,30.00%,$0.03B,$0.01B,16.67%,$0.01B,$0.04B,12.99%,$0.01B,$0.04B,12.99%,$0.01B,$0.61B,0.89%,$0.01B,$0.06B,16.14%,$8,$0,$8,$0,$5,$5,$3,$0,$3,$1,$2,$2,$2,$0,$0,$5,5,$0.33,$0.32,$94,$0,$0,$491,$12,$89,$0,$14,$116,$607,$550,$15,$0,$15,$566,$6,$34,$0,$41,$607,$4,$1,$1,$2,$0,$0,$0,$0,$0,$7,$-1,$0,$0,$0,$1,$1,$-21,$-21,$-4,$-4,$-8,$0,$0,$0,$71,$63,$48,$0,$0
13,2015-06-30,9.06,$8.09,1.12,$5.88,1.54,$2.14,4.23,$1.05,8.63,$0.44B,$0.50B,0.88,$0.02B,$0.04B,0.39,$0.03B,$0.03B,96.55%,$0.03B,$0.01B,27.59%,$0.03B,0,0.00%,$0.03B,0,0.00%,$0.03B,$0.01B,27.59%,$0.03B,$0.00B,13.79%,$0.00B,$0.04B,10.81%,$0.00B,$0.04B,10.81%,$0.00B,$0.56B,0.73%,$0.01B,$0.05B,14.61%,$7,$0,$7,$0,$5,$5,$2,$0,$2,$1,$1,$1,$1,$0,$0,$5,5,$0.28,$0.27,$41,$0,$0,$440,$12,$90,$0,$15,$117,$558,$503,$15,$0,$15,$519,$6,$33,$-0,$39,$558,$3,$1,$0,$1,$-4,$0,$-0,$0,$-4,$-0,$-1,$0,$0,$0,$-1,$-1,$-19,$-20,$-4,$-6,$-9,$0,$0,$0,$25,$16,$-4,$0,$0
14,2015-03-31,9.18,$7.93,1.16,$5.84,1.57,$3.41,2.69,$1.01,9.09,$0.44B,$0.50B,0.88,$0.02B,$0.04B,0.49,$0.03B,$0.03B,96.55%,$0.03B,$0.01B,27.59%,$0.03B,0,0.00%,$0.03B,0,0.00%,$0.03B,$0.01B,27.59%,$0.03B,$0.00B,13.79%,$0.00B,$0.04B,11.19%,$0.00B,$0.04B,11.19%,$0.00B,$0.55B,0.74%,$0.01B,$0.06B,14.61%,$7,$0,$7,$0,$5,$5,$2,$0,$2,$1,$1,$1,$1,$0,$0,$5,5,$0.25,$0.24,$49,$0,$0,$437,$11,$90,$0,$16,$117,$554,$497,$19,$0,$19,$516,$6,$31,$0,$38,$554,$1,$0,$0,$1,$-0,$0,$0,$0,$-0,$2,$-0,$0,$0,$0,$1,$1,$-12,$-12,$0,$-3,$-3,$0,$0,$0,$16,$13,$3,$0,$0
15,2014-12-31,7.76,$7.61,1.02,$5.73,1.35,$3.85,2.02,$0.96,8.09,$0.42B,$0.48B,0.87,$0.02B,$0.04B,0.51,$0.03B,$0.03B,93.10%,$0.03B,$0.01B,27.59%,$0.03B,0,0.00%,$0.03B,0,0.00%,$0.03B,$0.01B,27.59%,$0.03B,$0.00B,13.79%,$0.00B,$0.04B,11.68%,$0.00B,$0.04B,11.68%,$0.00B,$0.54B,0.75%,$0.01B,$0.06B,14.88%,$8,$0,$7,$0,$5,$5,$2,$0,$2,$1,$1,$1,$1,$0,$0,$5,5,$0.28,$0.26,$46,$0,$0,$421,$12,$90,$0,$15,$117,$539,$484,$19,$0,$19,$502,$6,$30,$-0,$36,$539,$5,$2,$2,$4,$-3,$0,$0,$0,$-3,$5,$0,$0,$0,$0,$2,$2,$-28,$-27,$-2,$1,$-1,$0,$0,$0,$18,$17,$-4,$0,$0
16,2014-09-30,7.5,$7.23,1.04,$5.59,1.34,$4.91,1.53,$0.88,8.53,$0.43B,$0.49B,0.88,$0.02B,$0.04B,0.54,$0.03B,$0.03B,92.86%,$0.03B,$0.01B,28.57%,$0.03B,0,0.00%,$0.03B,0,0.00%,$0.03B,$0.01B,28.57%,$0.03B,$0.00B,14.29%,$0.00B,$0.04B,12.12%,$0.00B,$0.04B,12.12%,$0.00B,$0.54B,0.76%,$0.01B,$0.05B,15.17%,$7,$0,$7,$0,$5,$5,$2,$0,$2,$1,$1,$1,$1,$0,$0,$5,5,$0.28,$0.27,$62,$0,$0,$431,$12,$84,$0,$16,$112,$543,$490,$19,$0,$19,$508,$6,$29,$-1,$35,$543,$3,$1,$1,$2,$-0,$0,$0,$0,$-0,$5,$0,$0,$0,$0,$7,$7,$-23,$-16,$-2,$2,$0,$0,$0,$0,$23,$23,$12,$0,$0
17,2014-06-30,6.61,$7.01,0.94,$5.48,1.21,$6.01,1.1,$0.81,8.16,$0.40B,$0.47B,0.86,$0.02B,$0.03B,0.62,$0.03B,$0.03B,89.29%,$0.03B,$0.01B,28.57%,$0.03B,0,0.00%,$0.03B,0,0.00%,$0.03B,$0.01B,28.57%,$0.03B,$0.00B,14.29%,$0.00B,$0.03B,12.31%,$0.00B,$0.03B,12.31%,$0.00B,$0.52B,0.77%,$0.01B,$0.05B,15.31%,$7,$0,$7,$0,$5,$5,$2,$0,$2,$1,$1,$1,$1,$0,$0,$5,5,$0.23,$0.23,$40,$0,$0,$403,$12,$91,$0,$16,$118,$521,$467,$21,$0,$21,$488,$6,$28,$-0,$34,$521,$2,$1,$0,$1,$1,$0,$0,$0,$2,$5,$0,$0,$0,$0,$1,$1,$-18,$-17,$0,$-5,$-5,$0,$0,$0,$7,$2,$-10,$0,$0
18,2014-03-31,6.05,$6.65,0.91,$5.41,1.12,$6.74,0.9,$0.85,7.11,$0.40B,$0.47B,0.86,$0.02B,$0.03B,0.65,$0.03B,$0.02B,85.71%,$0.03B,$0.01B,25.00%,$0.03B,0,0.00%,$0.03B,0,0.00%,$0.03B,$0.01B,25.00%,$0.03B,$0.00B,14.29%,$0.00B,$0.03B,12.50%,$0.00B,$0.03B,12.50%,$0.00B,$0.52B,0.78%,$0.01B,$0.05B,13.66%,$7,$0,$6,$0,$5,$5,$2,$0,$2,$1,$1,$1,$1,$0,$0,$5,5,$0.20,$0.19,$50,$0,$0,$401,$12,$89,$0,$17,$118,$520,$467,$21,$0,$21,$488,$6,$26,$-1,$32,$520,$1,$0,$0,$1,$2,$0,$-0,$0,$2,$4,$0,$0,$0,$0,$2,$2,$-8,$-6,$0,$-3,$-3,$0,$0,$0,$6,$3,$0,$0,$0
19,2013-12-31,6.05,$6.39,0.95,$5.35,1.13,$6.75,0.9,$0.75,8.06,$0.40B,$0.47B,0.85,$0.02B,$0.03B,0.67,$0.03B,$0.02B,88.89%,$0.03B,$0.01B,22.22%,$0.03B,0,0.00%,$0.03B,0,0.00%,$0.03B,$0.01B,22.22%,$0.03B,$0.00B,11.11%,$0.00B,$0.03B,8.70%,$0.00B,$0.03B,8.70%,$0.00B,$0.52B,0.60%,$0.01B,$0.05B,11.71%,$7,$0,$6,$0,$5,$5,$2,$0,$2,$1,$1,$1,$1,$0,$0,$5,5,$0.20,$0.19,$50,$0,$0,$395,$13,$90,$0,$18,$121,$516,$465,$21,$0,$21,$485,$6,$26,$-1,$31,$516,$3,$2,$3,$5,$3,$0,$-1,$0,$2,$11,$-0,$0,$0,$0,$-12,$-12,$-29,$-42,$10,$2,$12,$0,$-11,$-2,$38,$37,$5,$0,$0
20,2013-09-30,6.03,$6.93,0.87,$5.28,1.14,$5.64,1.07,$0.64,9.42,$0.41B,$0.48B,0.86,$0.02B,$0.03B,0.59,$0.03B,$0.02B,92.31%,$0.03B,$0.01B,23.08%,$0.03B,0,0.00%,$0.03B,0,0.00%,$0.03B,$0.01B,19.23%,$0.03B,$0.00B,7.69%,$0.00B,$0.03B,5.37%,$0.00B,$0.03B,5.37%,$0.00B,$0.53B,0.41%,$0.01B,$0.05B,11.65%,$7,$0,$6,$0,$4,$5,$2,$0,$2,$1,$1,$1,$1,$0,$0,$5,5,$0.20,$0.20,$75,$0,$0,$407,$13,$87,$0,$18,$118,$525,$475,$18,$0,$18,$492,$6,$25,$-1,$33,$525,$3,$1,$1,$3,$5,$0,$-0,$0,$5,$10,$-0,$0,$0,$0,$-8,$-8,$-18,$-26,$7,$-1,$7,$0,$-8,$-2,$50,$46,$31,$0,$0
21,2013-06-30,6.03,$6.77,0.89,$5.36,1.12,$4.53,1.33,$0.52,11.59,$0.38B,$0.44B,0.86,$0.02B,$0.03B,0.61,$0.03B,$0.02B,92.31%,$0.03B,$0.01B,19.23%,$0.03B,0,0.00%,$0.03B,0,0.00%,$0.03B,$0.00B,15.38%,$0.03B,$0.00B,3.85%,$0.00B,$0.03B,2.55%,$0.00B,$0.03B,2.55%,$0.00B,$0.49B,0.21%,$0.01B,$0.05B,9.66%,$7,$0,$6,$0,$5,$5,$1,$0,$1,$1,$1,$1,$1,$0,$0,$5,5,$0.27,$0.27,$52,$0,$0,$382,$13,$81,$0,$18,$112,$493,$443,$18,$0,$18,$461,$6,$24,$-1,$32,$493,$2,$1,$1,$2,$6,$0,$-1,$0,$5,$8,$-0,$0,$0,$0,$-2,$-2,$-16,$-17,$7,$-2,$5,$0,$-8,$-2,$21,$16,$7,$0,$0
22,2013-03-31,5.09,$8.86,0.57,$5.31,0.96,$3.21,1.59,$0.35,14.55,$0.37B,$0.43B,0.87,$0.01B,$0.03B,0.34,$0.03B,$0.02B,96.00%,$0.03B,$0.01B,20.00%,$0.03B,0,0.00%,$0.03B,0,0.00%,$0.03B,$0.00B,16.00%,$0.03B,0,0.00%,$0.00B,$0.04B,0.00%,$0.00B,$0.04B,0.00%,$0.00B,$0.48B,0.00%,$0.01B,$0.05B,9.62%,$6,$0,$6,$0,$5,$5,$1,$0,$1,$0,$1,$1,$0,$0,$0,$5,5,$0.09,$0.09,$48,$0,$0,$368,$13,$80,$0,$17,$110,$478,$425,$10,$0,$10,$436,$6,$24,$0,$42,$478,$1,$0,$1,$1,$3,$0,$-1,$0,$2,$4,$0,$0,$0,$0,$0,$0,$-1,$-1,$0,$0,$0,$0,$0,$0,$1,$1,$3,$0,$0
23,2012-12-31,3.17,$8.76,0.36,$5.24,0.61,$2.81,1.13,$0.27,11.74,$0.37B,$0.43B,0.86,$0.01B,$0.03B,0.34,$0.03B,$0.02B,96.00%,$0.03B,$0.00B,16.00%,$0.03B,0,0.00%,$0.03B,0,0.00%,$0.03B,$0.00B,12.00%,$0.03B,0,0.00%,$0.00B,$0.04B,0.00%,$0.00B,$0.04B,0.00%,$0.00B,$0.48B,0.00%,$0.00B,$0.05B,7.80%,$6,$0,$6,$0,$4,$4,$2,$0,$1,$0,$1,$1,$0,$0,$0,$5,5,$0.07,$0.07,$45,$0,$0,$367,$13,$81,$0,$16,$111,$478,$426,$10,$0,$10,$436,$6,$24,$0,$42,$478,$2,$2,$4,$6,$-2,$0,$1,$0,$-2,$6,$-1,$0,$0,$0,$-23,$-23,$-20,$-44,$0,$-1,$-1,$0,$0,$0,$20,$20,$-18,$0,$0
24,2012-09-30,3.44,$8.67,0.4,$5.19,0.66,$3.83,0.9,$0.21,16.39,$0.36B,$0.42B,0.87,$0.01B,$0.03B,0.35,$0.03B,$0.02B,96.00%,$0.03B,$0.00B,12.00%,$0.03B,0,0.00%,$0.03B,0,0.00%,$0.03B,$0.00B,8.00%,$0.03B,0,0.00%,$0.00B,$0.04B,0.00%,$0.00B,$0.04B,0.00%,$0.00B,$0.47B,0.00%,$0.00B,$0.05B,5.91%,$7,$0,$6,$0,$6,$6,$1,$0,$1,$0,$1,$1,$0,$0,$0,$5,5,$0.08,$0.08,$55,$0,$0,$362,$14,$78,$0,$16,$108,$470,$418,$10,$0,$10,$429,$6,$23,$0,$41,$470,$1,$1,$2,$4,$0,$0,$1,$0,$1,$6,$-1,$0,$0,$0,$-20,$-20,$-6,$-26,$0,$-3,$-3,$0,$0,$0,$15,$12,$-8,$0,$0
25,2012-06-30,3.03,$8.50,0.36,$5.12,0.59,$4.71,0.64,$0.17,17.84,$0.35B,$0.41B,0.86,$0.01B,$0.03B,0.36,$0.02B,$0.02B,100.00%,$0.02B,$0.00B,12.50%,$0.02B,0,0.00%,$0.02B,0,0.00%,$0.02B,$0.00B,8.33%,$0.02B,0,0.00%,$0.00B,$0.04B,0.00%,$0.00B,$0.04B,0.00%,$0.00B,$0.46B,0.00%,$0.00B,$0.05B,5.97%,$6,$0,$6,$0,$5,$5,$1,$0,$1,$0,$1,$1,$0,$0,$0,$5,5,$0.10,$0.10,$35,$0,$0,$349,$14,$74,$0,$19,$107,$456,$405,$10,$0,$10,$415,$6,$23,$0,$41,$456,$1,$1,$1,$2,$-1,$0,$0,$0,$-0,$3,$-1,$0,$0,$0,$-17,$-17,$-12,$-30,$0,$-5,$-5,$0,$0,$0,$4,$-1,$-28,$0,$0
26,2012-03-31,3.26,$8.37,0.39,$5.22,0.62,$4.14,0.79,$0.06,54.27,$0.37B,$0.41B,0.9,$0.01B,$0.03B,0.37,$0.03B,$0.02B,96.00%,$0.03B,$0.00B,8.00%,$0.03B,0,0.00%,$0.03B,0,0.00%,$0.03B,$0.00B,4.00%,$0.03B,0,0.00%,$0.00B,$0.04B,0.00%,$0.00B,$0.04B,0.00%,$0.00B,$0.46B,0.00%,$0.00B,$0.05B,4.02%,$6,$0,$6,$0,$5,$6,$0,$0,$0,$0,$0,$0,$0,$0,$0,$5,5,$0.01,$0.01,$69,$0,$0,$370,$13,$58,$0,$19,$90,$460,$410,$10,$0,$10,$420,$6,$22,$0,$40,$460,$0,$0,$1,$1,$0,$0,$0,$0,$0,$2,$-0,$0,$0,$0,$0,$0,$-1,$-1,$0,$-3,$-3,$0,$0,$0,$7,$4,$6,$0,$0
27,2011-12-31,2.31,$8.30,0.28,$5.41,0.43,$3.91,0.59,$0.06,38.56,$0.36B,$0.41B,0.9,$0.01B,$0.03B,0.37,$0.03B,$0.02B,92.31%,$0.03B,$0.00B,7.69%,$0.03B,0,0.00%,$0.03B,0,0.00%,$0.03B,$0.00B,3.85%,$0.03B,0,0.00%,$0.00B,$0.04B,0.00%,$0.00B,$0.04B,0.00%,$0.00B,$0.46B,0.00%,$0.00B,$0.05B,4.04%,$6,$0,$6,$0,$5,$5,$1,$0,$0,$0,$0,$0,$0,$0,$0,$5,5,$0.01,$0.01,$63,$0,$0,$364,$13,$58,$0,$19,$91,$455,$405,$10,$0,$10,$416,$6,$22,$0,$40,$455,$1,$2,$4,$6,$4,$0,$-1,$0,$3,$10,$-0,$0,$0,$0,$6,$6,$8,$14,$0,$8,$8,$0,$0,$0,$-34,$-25,$-2,$-0,$0
28,2011-09-30,2.35,$8.27,0.28,$5.60,0.42,$3.75,0.63,$0.02,117.62,$0.39B,$0.42B,0.92,$0.01B,$0.03B,0.37,$0.03B,$0.02B,88.89%,$0.03B,$0.00B,3.70%,$0.03B,0,0.00%,$0.03B,0,0.00%,$0.03B,$0.00B,3.70%,$0.03B,0,0.00%,$0.00B,$0.04B,0.00%,$0.00B,$0.04B,0.00%,$0.00B,$0.47B,0.00%,$0.00B,$0.05B,2.04%,$6,$0,$6,$0,$5,$6,$1,$0,$1,$0,$0,$0,$0,$0,$0,$5,5,$0.04,$0.04,$84,$0,$0,$388,$14,$52,$0,$20,$85,$473,$423,$10,$0,$10,$433,$6,$21,$0,$40,$473,$1,$1,$3,$4,$5,$0,$-0,$0,$4,$9,$-0,$0,$0,$0,$12,$12,$6,$18,$0,$7,$7,$0,$0,$0,$-15,$-8,$19,$-0,$0
29,2011-06-30,2.35,$8.18,0.29,$5.71,0.41,$3.63,0.65,$-0.01,0.0,$0.38B,$0.40B,0.93,$0.01B,$0.03B,0.38,$0.03B,$0.02B,85.71%,$0.03B,0,0.00%,$0.03B,0,0.00%,$0.03B,0,0.00%,$0.03B,0,0.00%,$0.03B,0,0.00%,$0.00B,$0.04B,0.00%,$0.00B,$0.04B,0.00%,$0.00B,$0.45B,0.00%,$0.00B,$0.05B,0.00%,$7,$0,$6,$0,$6,$7,$0,$0,$0,$-0,$0,$0,$-0,$0,$0,$5,5,$-0.01,$-0.01,$62,$0,$0,$377,$14,$46,$0,$17,$77,$454,$404,$10,$0,$10,$415,$6,$21,$0,$39,$454,$0,$1,$2,$3,$-3,$0,$-1,$0,$-4,$-1,$-0,$0,$0,$0,$18,$18,$7,$25,$0,$2,$2,$0,$0,$0,$-28,$-27,$-2,$-0,$0
30,2011-03-31,2.09,$8.08,0.26,$6.02,0.35,$4.74,0.44,$0.08,26.12,$0.37B,$0.42B,0.88,$0.01B,$0.03B,0.38,$0.03B,$0.03B,86.21%,$0.03B,$0.00B,3.45%,$0.03B,0,0.00%,$0.03B,0,0.00%,$0.03B,$0.00B,3.45%,$0.03B,0,0.00%,$0.00B,$0.04B,0.00%,$0.00B,$0.04B,0.00%,$0.00B,$0.47B,0.00%,$0.00B,$0.05B,1.86%,$7,$1,$6,$0,$6,$7,$0,$0,$0,$0,$0,$0,$0,$0,$0,$5,5,$0.01,$0.01,$60,$0,$0,$372,$14,$64,$0,$20,$98,$470,$421,$10,$0,$10,$431,$6,$21,$-0,$39,$470,$0,$0,$1,$1,$-0,$0,$-1,$0,$-1,$1,$-0,$0,$0,$0,$-1,$-1,$6,$4,$0,$0,$0,$0,$0,$0,$-10,$-10,$-5,$-0,$0
31,2010-12-31,2.27,$7.95,0.29,$6.10,0.37,$4.83,0.47,$0.06,37.91,$0.39B,$0.44B,0.89,$0.01B,$0.03B,0.39,$0.03B,$0.03B,86.21%,$0.03B,$0.00B,3.45%,$0.03B,0,0.00%,$0.03B,0,0.00%,$0.03B,$0.00B,3.45%,$0.03B,0,0.00%,$0.00B,$0.04B,0.00%,$0.00B,$0.04B,0.00%,$0.00B,$0.48B,0.00%,$0.00B,$0.05B,1.71%,$7,$1,$6,$0,$6,$6,$0,$0,$0,$0,$0,$0,$-0,$0,$0,$5,5,$-0.02,$-0.02,$65,$0,$0,$388,$14,$63,$0,$19,$97,$484,$436,$10,$0,$10,$446,$6,$20,$-0,$38,$484,$1,$2,$9,$11,$-2,$0,$0,$0,$-2,$10,$-1,$0,$0,$0,$24,$24,$20,$44,$-20,$-20,$-40,$0,$0,$-0,$-8,$-49,$5,$0,$0
32,2010-09-30,2.97,$8.10,0.37,$6.20,0.48,$2.95,1.01,$-0.69,0.0,$0.39B,$0.44B,0.89,$0.01B,$0.03B,0.38,$0.03B,$0.03B,86.21%,$0.03B,$-0.01B,-17.24%,$0.03B,0,0.00%,$0.03B,0,0.00%,$0.03B,$-0.01B,-17.24%,$0.03B,$-0.00B,-13.79%,$-0.00B,$0.04B,-10.39%,$-0.00B,$0.04B,-10.60%,$-0.00B,$0.49B,-0.79%,$-0.01B,$0.05B,-7.84%,$7,$1,$6,$0,$6,$7,$0,$0,$0,$0,$0,$0,$0,$0,$0,$5,5,$0.01,$0.01,$63,$0,$0,$392,$15,$64,$1,$19,$98,$491,$442,$10,$0,$10,$452,$6,$20,$1,$39,$491,$1,$2,$6,$7,$1,$0,$-0,$0,$1,$9,$-1,$0,$0,$0,$25,$25,$12,$36,$0,$-40,$-40,$0,$0,$-0,$-1,$-41,$4,$0,$0
33,2010-06-30,2.63,$8.11,0.32,$6.25,0.42,$2.03,1.3,$-0.97,0.0,$0.40B,$0.44B,0.92,$0.03B,$0.03B,1.12,$0.03B,$0.03B,86.21%,$0.03B,$-0.01B,-24.14%,$0.03B,0,0.00%,$0.03B,0,0.00%,$0.03B,$-0.01B,-24.14%,$0.03B,$-0.01B,-17.24%,$-0.01B,$0.04B,-12.74%,$-0.01B,$0.04B,-12.99%,$-0.01B,$0.51B,-0.98%,$-0.01B,$0.07B,-10.85%,$8,$1,$7,$0,$6,$7,$1,$0,$1,$0,$1,$1,$0,$0,$0,$5,5,$0.08,$0.08,$62,$0,$0,$400,$15,$70,$1,$20,$106,$506,$436,$30,$0,$30,$467,$6,$20,$1,$39,$506,$1,$1,$7,$8,$-3,$0,$0,$0,$-3,$6,$-1,$0,$0,$0,$18,$18,$9,$26,$0,$-20,$-20,$0,$0,$-0,$-8,$-28,$3,$-0,$0
34,2010-03-31,2.66,$7.95,0.34,$6.05,0.44,$0.91,2.94,$-1.76,0.0,$0.41B,$0.44B,0.92,$0.03B,$0.03B,1.15,$0.03B,$0.02B,85.71%,$0.03B,$-0.01B,-50.00%,$0.03B,0,0.00%,$0.03B,0,0.00%,$0.03B,$-0.01B,-50.00%,$0.03B,$-0.01B,-28.57%,$-0.01B,$0.04B,-19.88%,$-0.01B,$0.04B,-20.25%,$-0.01B,$0.51B,-1.60%,$-0.01B,$0.07B,-23.14%,$7,$1,$6,$0,$6,$7,$0,$0,$0,$-0,$0,$0,$-0,$0,$0,$5,5,$-0.01,$-0.01,$69,$0,$0,$407,$15,$66,$1,$21,$103,$510,$441,$30,$0,$30,$472,$6,$20,$0,$38,$510,$0,$1,$4,$5,$-2,$0,$-0,$0,$-3,$2,$-1,$0,$0,$0,$23,$23,$7,$29,$0,$-20,$-20,$0,$0,$-0,$-1,$-21,$9,$-0,$0
35,2009-12-31,2.92,$8.00,0.36,$5.97,0.49,$0.74,3.92,$-2.04,0.0,$0.40B,$0.46B,0.88,$0.03B,$0.03B,1.14,$0.03B,$0.02B,85.71%,$0.03B,$-0.02B,-57.14%,$0.03B,0,0.00%,$0.03B,0,0.00%,$0.03B,$-0.02B,-57.14%,$0.03B,$-0.01B,-32.14%,$-0.01B,$0.04B,-21.30%,$-0.01B,$0.04B,-21.69%,$-0.01B,$0.53B,-1.82%,$-0.02B,$0.07B,-27.83%,$7,$1,$6,$0,$12,$13,$-6,$0,$-6,$-3,$-3,$-3,$-4,$0,$0,$5,5,$-0.78,$-0.78,$59,$0,$0,$404,$15,$88,$1,$21,$125,$528,$460,$30,$0,$30,$490,$6,$20,$1,$38,$528,$-9,$2,$15,$18,$-9,$0,$0,$0,$-8,$0,$0,$0,$0,$0,$-49,$-49,$11,$-39,$20,$-14,$6,$0,$12,$-0,$62,$79,$41,$0,$0
36,2009-09-30,3.7,$8.73,0.42,$5.90,0.63,$1.58,2.34,$-1.55,0.0,$0.39B,$0.45B,0.86,$0.01B,$0.03B,0.34,$0.03B,$0.02B,85.71%,$0.03B,$-0.01B,-42.86%,$0.03B,0,0.00%,$0.03B,0,0.00%,$0.03B,$-0.01B,-42.86%,$0.03B,$-0.01B,-21.43%,$-0.01B,$0.04B,-14.46%,$-0.01B,$0.04B,-14.72%,$-0.01B,$0.50B,-1.26%,$-0.01B,$0.05B,-23.19%,$7,$1,$6,$0,$8,$9,$-2,$0,$-2,$-1,$-1,$-1,$-1,$0,$0,$5,5,$-0.27,$-0.27,$35,$0,$0,$386,$15,$76,$1,$26,$117,$503,$451,$10,$0,$10,$461,$6,$24,$0,$42,$503,$-6,$2,$12,$14,$-5,$0,$1,$0,$-4,$4,$0,$0,$0,$0,$-37,$-37,$-0,$-38,$0,$-14,$-14,$0,$12,$-0,$52,$50,$16,$0,$0
37,2009-06-30,4.85,$8.96,0.54,$5.94,0.82,$1.27,3.83,$-1.20,0.0,$0.38B,$0.41B,0.92,$0.01B,$0.03B,0.33,$0.03B,$0.02B,85.71%,$0.03B,$-0.01B,-32.14%,$0.03B,0,0.00%,$0.03B,0,0.00%,$0.03B,$-0.01B,-32.14%,$0.03B,$-0.01B,-17.86%,$-0.01B,$0.04B,-12.42%,$-0.01B,$0.04B,-12.66%,$-0.01B,$0.46B,-1.07%,$-0.01B,$0.05B,-17.82%,$7,$1,$6,$0,$12,$13,$-6,$0,$-6,$-2,$-3,$-3,$-3,$0,$0,$5,5,$-0.71,$-0.71,$11,$0,$0,$378,$15,$55,$1,$14,$85,$463,$410,$10,$0,$10,$420,$6,$25,$0,$43,$463,$-5,$1,$9,$10,$-7,$0,$0,$0,$-7,$-1,$-0,$0,$0,$0,$-16,$-16,$-0,$-17,$0,$-29,$-29,$0,$12,$-0,$27,$10,$-8,$0,$0
38,2009-03-31,5.82,$9.67,0.6,$6.06,0.96,$1.87,3.11,$-0.35,0.0,$0.39B,$0.42B,0.92,$0.01B,$0.04B,0.3,$0.03B,$0.03B,86.21%,$0.03B,$-0.00B,-6.90%,$0.03B,0,0.00%,$0.03B,0,0.00%,$0.03B,$-0.00B,-6.90%,$0.03B,$-0.00B,-3.45%,$-0.00B,$0.05B,-2.58%,$-0.00B,$0.05B,-2.63%,$-0.00B,$0.48B,-0.22%,$-0.00B,$0.06B,-4.08%,$7,$1,$6,$0,$8,$9,$-2,$0,$-2,$-1,$-1,$-1,$-1,$0,$0,$5,5,$-0.29,$-0.29,$25,$0,$0,$388,$15,$61,$1,$13,$90,$479,$422,$10,$0,$10,$432,$6,$28,$0,$46,$479,$-1,$1,$3,$4,$-1,$0,$-1,$0,$-2,$0,$0,$0,$0,$0,$-22,$-22,$5,$-17,$0,$-3,$-3,$0,$12,$0,$14,$23,$7,$0,$0
39,2008-12-31,7.29,$7.42,0.98,$6.30,1.16,$2.08,3.5,$0.06,121.5,$0.39B,$0.41B,0.94,$0.01B,$0.04B,0.29,$0.03B,$0.03B,83.33%,$0.03B,$0.00B,3.33%,$0.03B,0,0.00%,$0.03B,0,0.00%,$0.03B,$0.00B,3.33%,$0.03B,$0.00B,3.33%,$0.00B,$0.04B,2.74%,$0.00B,$0.04B,2.80%,$0.00B,$0.46B,0.22%,$0.00B,$0.05B,2.13%,$7,$1,$6,$0,$8,$9,$-2,$0,$-2,$-1,$-1,$-1,$-1,$0,$0,$5,5,$-0.28,$-0.28,$19,$0,$0,$388,$16,$38,$1,$14,$69,$457,$411,$10,$0,$10,$422,$5,$30,$0,$35,$457,$0,$2,$4,$6,$1,$0,$-1,$0,$-0,$6,$-2,$0,$0,$0,$17,$17,$-20,$-4,$0,$27,$27,$-1,$-1,$-1,$-20,$4,$6,$0,$-1
40,2008-09-30,9.88,$7.73,1.28,$6.61,1.5,$2.68,3.68,$0.51,19.38,$0.39B,$0.42B,0.94,$0.01B,$0.04B,0.28,$0.03B,$0.03B,81.25%,$0.03B,$0.00B,12.50%,$0.03B,0,0.00%,$0.03B,0,0.00%,$0.03B,$0.00B,12.50%,$0.03B,$0.00B,9.38%,$0.00B,$0.04B,8.11%,$0.00B,$0.04B,8.33%,$0.00B,$0.46B,0.66%,$0.00B,$0.05B,8.47%,$7,$1,$6,$0,$6,$7,$1,$0,$1,$0,$0,$0,$0,$0,$0,$5,5,$0.08,$0.08,$29,$0,$0,$392,$16,$42,$1,$12,$71,$463,$416,$10,$0,$10,$426,$5,$32,$0,$37,$463,$2,$2,$2,$4,$0,$0,$-1,$0,$-1,$5,$-2,$0,$0,$0,$13,$13,$-9,$2,$0,$20,$20,$-1,$-1,$-1,$-9,$9,$16,$0,$-1
41,2008-06-30,10.25,$7.63,1.34,$6.87,1.49,$3.17,3.23,$0.69,14.86,$0.38B,$0.41B,0.93,$0.01B,$0.04B,0.28,$0.03B,$0.03B,79.41%,$0.03B,$0.01B,14.71%,$0.03B,0,0.00%,$0.03B,0,0.00%,$0.03B,$0.01B,14.71%,$0.03B,$0.00B,11.76%,$0.00B,$0.04B,10.74%,$0.00B,$0.04B,11.03%,$0.00B,$0.45B,0.88%,$0.01B,$0.05B,10.53%,$8,$1,$7,$0,$5,$7,$1,$0,$1,$0,$1,$1,$1,$0,$0,$5,5,$0.14,$0.14,$16,$0,$0,$378,$15,$47,$1,$12,$75,$453,$406,$10,$0,$10,$416,$5,$32,$-0,$37,$453,$1,$1,$1,$2,$0,$0,$-0,$0,$0,$3,$-1,$0,$0,$0,$8,$8,$-7,$1,$0,$17,$17,$-1,$-1,$-1,$-17,$-1,$3,$0,$-1
42,2008-03-31,12.37,$7.70,1.61,$7.04,1.76,$3.29,3.77,$0.78,15.86,$0.37B,$0.40B,0.93,$0.01B,$0.04B,0.28,$0.04B,$0.03B,77.14%,$0.04B,$0.01B,17.14%,$0.04B,0,0.00%,$0.04B,0,0.00%,$0.04B,$0.01B,17.14%,$0.04B,$0.00B,11.43%,$0.00B,$0.04B,10.81%,$0.00B,$0.04B,11.11%,$0.00B,$0.45B,0.87%,$0.01B,$0.05B,12.63%,$8,$2,$6,$0,$5,$7,$1,$0,$1,$0,$1,$1,$1,$0,$0,$5,5,$0.12,$0.12,$13,$0,$0,$368,$15,$51,$1,$10,$77,$445,$397,$10,$0,$10,$408,$5,$32,$0,$37,$445,$1,$1,$1,$1,$0,$0,$-0,$0,$-0,$2,$-0,$0,$0,$0,$5,$5,$2,$7,$0,$-8,$-8,$-1,$-1,$0,$-1,$-9,$-1,$0,$0
43,2007-12-31,13.21,$7.63,1.73,$7.12,1.86,$3.29,4.02,$0.85,15.54,$0.37B,$0.41B,0.92,$0.01B,$0.04B,0.28,$0.04B,$0.03B,77.78%,$0.04B,$0.01B,19.44%,$0.04B,0,0.00%,$0.04B,0,0.00%,$0.04B,$0.01B,19.44%,$0.04B,$0.00B,11.11%,$0.00B,$0.04B,10.81%,$0.00B,$0.04B,11.19%,$0.00B,$0.45B,0.86%,$0.01B,$0.05B,14.81%,$9,$2,$7,$0,$6,$8,$1,$0,$1,$0,$1,$1,$1,$0,$0,$5,5,$0.17,$0.16,$13,$0,$0,$372,$15,$55,$1,$10,$81,$453,$406,$10,$0,$10,$416,$5,$32,$-0,$37,$453,$4,$2,$-0,$2,$0,$0,$1,$0,$2,$8,$-1,$0,$0,$0,$20,$20,$1,$21,$0,$-13,$-13,$-2,$-2,$-1,$-10,$-27,$2,$0,$-1
44,2007-09-30,10.82,$7.63,1.42,$7.12,1.52,$2.37,4.56,$0.94,11.52,$0.38B,$0.42B,0.91,$0.01B,$0.04B,0.27,$0.04B,$0.03B,77.78%,$0.04B,$0.01B,22.22%,$0.04B,0,0.00%,$0.04B,0,0.00%,$0.04B,$0.01B,22.22%,$0.04B,$0.00B,11.11%,$0.00B,$0.04B,10.88%,$0.00B,$0.04B,11.27%,$0.00B,$0.47B,0.85%,$0.01B,$0.05B,17.02%,$9,$2,$7,$0,$5,$7,$2,$0,$2,$1,$1,$1,$1,$0,$0,$5,5,$0.26,$0.26,$23,$0,$0,$382,$15,$62,$1,$10,$88,$470,$422,$10,$0,$10,$432,$5,$33,$-0,$38,$470,$3,$2,$0,$2,$-0,$0,$0,$0,$-0,$6,$-0,$0,$0,$0,$13,$13,$1,$14,$0,$-20,$-20,$-1,$-1,$-1,$15,$-8,$12,$0,$-1
45,2007-06-30,12.89,$7.33,1.76,$7.06,1.83,$1.59,8.12,$0.95,13.57,$0.38B,$0.42B,0.91,$0.01B,$0.04B,0.28,$0.04B,$0.03B,77.78%,$0.04B,$0.01B,22.22%,$0.04B,0,0.00%,$0.04B,0,0.00%,$0.04B,$0.01B,22.22%,$0.04B,$0.00B,11.11%,$0.00B,$0.04B,11.11%,$0.00B,$0.04B,11.59%,$0.00B,$0.46B,0.85%,$0.01B,$0.05B,16.41%,$9,$2,$7,$0,$5,$7,$2,$0,$2,$1,$1,$1,$1,$0,$0,$5,5,$0.23,$0.23,$17,$0,$0,$381,$15,$57,$1,$10,$83,$464,$417,$10,$0,$10,$428,$5,$32,$-1,$36,$464,$2,$1,$0,$2,$0,$0,$-1,$0,$-0,$3,$-0,$0,$0,$0,$17,$17,$-4,$13,$0,$-8,$-8,$-1,$-1,$-1,$-2,$-11,$5,$0,$-1
46,2007-03-31,14.92,$7.31,2.04,$6.95,2.15,$1.03,14.46,$0.98,15.22,$0.38B,$0.43B,0.89,$0.01B,$0.04B,0.28,$0.04B,$0.03B,77.78%,$0.04B,$0.01B,22.22%,$0.04B,0,0.00%,$0.04B,0,0.00%,$0.04B,$0.01B,22.22%,$0.04B,$0.00B,11.11%,$0.00B,$0.04B,11.35%,$0.00B,$0.04B,11.94%,$0.00B,$0.47B,0.85%,$0.01B,$0.05B,16.33%,$9,$2,$7,$0,$5,$7,$2,$0,$2,$1,$1,$1,$1,$0,$0,$5,5,$0.19,$0.19,$12,$0,$0,$379,$15,$67,$1,$10,$93,$472,$425,$10,$0,$10,$436,$5,$32,$-1,$37,$472,$1,$1,$0,$1,$-0,$0,$0,$0,$-0,$2,$-0,$0,$0,$0,$8,$8,$-6,$2,$0,$-5,$-5,$-0,$-0,$0,$3,$-2,$1,$0,$0
47,2006-12-31,13.9,$7.14,1.95,$6.81,2.04,$0.69,20.12,$1.03,13.5,$0.37B,$0.43B,0.87,$0.01B,$0.04B,0.29,$0.04B,$0.03B,80.00%,$0.04B,$0.01B,22.86%,$0.04B,0,0.00%,$0.04B,0,0.00%,$0.04B,$0.01B,22.86%,$0.04B,$0.00B,11.43%,$0.00B,$0.04B,11.76%,$0.00B,$0.04B,12.31%,$0.00B,$0.47B,0.85%,$0.01B,$0.05B,16.67%,$9,$2,$7,$0,$5,$7,$2,$0,$2,$1,$1,$1,$1,$0,$0,$5,5,$0.26,$0.26,$11,$0,$0,$372,$15,$75,$1,$9,$101,$473,$427,$10,$0,$10,$437,$5,$32,$-1,$36,$473,$5,$3,$0,$3,$-0,$0,$0,$0,$-0,$8,$-5,$0,$0,$0,$23,$23,$-34,$-16,$0,$20,$20,$0,$0,$-1,$-24,$-5,$-13,$0,$-1
