,Date,Stock Price,Book Value per Share,Price to Book Ratio,TTM Sales per Share,Price to Sales Ratio,TTM FCF per Share,Price to FCF Ratio,TTM Net EPS,PE Ratio,Current Assets,Current Liabilities,Current Ratio,Long Term Debt,Shareholder's Equity_x,Debt to Equity Ratio,TTM Revenue_x,TTM Gross Profit,Gross Margin,TTM Revenue_y,TTM Operating Income,Operating Margin,TTM Revenue_x,TTM EBIT,EBIT Margin,TTM Revenue_y,TTM EBITDA,EBITDA Margin,TTM Revenue_x,TTM Pre-Tax Income,Pre-Tax Margin,TTM Revenue_y,TTM Net Income_x,Net Margin,TTM Net Income_y,Shareholder's Equity_y,Return on Equity,TTM Net Income_x,Tangible Equity,Return on Tangible Equity,TTM Net Income_y,Total Assets,Return on Assets,TTM Net Income,LT Investments & Debt,Return on Investment,revenue,cost-goods-sold,gross-profit,research-development-expenses,selling-general-administrative-expenses,operating-expenses,operating-income,total-non-operating-income-expense,pre-tax-income,total-provision-income-taxes,income-after-taxes,income-from-continuous-operations,net-income,ebitda,ebit,basic-shares-outstanding,shares-outstanding,eps-basic-net-earnings-per-share,eps-earnings-per-share-diluted,cash-on-hand,inventory,other-current-assets,total-current-assets,net-property-plant-equipment,long-term-investments,goodwill-intangible-assets-total,other-long-term-assets,total-long-term-assets,total-assets,total-current-liabilities,long-term-debt,other-non-current-liabilities,total-long-term-liabilities,total-liabilities,common-stock-net,retained-earnings-accumulated-deficit,comprehensive-income,total-share-holder-equity,total-liabilities-share-holders-equity,net-income-loss,total-depreciation-amortization-cash-flow,other-non-cash-items,total-non-cash-items,change-in-accounts-receivable,change-in-inventories,change-in-accounts-payable,change-in-assets-liabilities,total-change-in-assets-liabilities,cash-flow-from-operating-activities,net-change-in-property-plant-equipment,net-change-in-intangible-assets,net-acquisitions-divestitures,net-change-in-short-term-investments,net-change-in-long-term-investments,net-change-in-investments-total,investing-activities-other,cash-flow-from-investing-activities,net-long-term-debt,net-current-debt,debt-issuance-retirement-net-total,net-common-equity-issued-repurchased,net-total-equity-issued-repurchased,total-common-preferred-stock-dividends-paid,financial-activities-other,cash-flow-from-financial-activities,net-cash-flow,stock-based-compensation,common-stock-dividends-paid
0,2018-07-31,122.9,$19.65,6.25,$109.94,1.12,$11.34,10.84,$4.10,29.98,$0.57B,$0.45B,1.28,$0.00B,$0.32B,0.0,$1.95B,$0.73B,37.38%,$1.95B,$0.15B,7.66%,$1.95B,$0.15B,7.66%,$1.95B,$0.22B,11.31%,$1.95B,$0.15B,7.61%,$1.95B,$0.07B,3.75%,$0.07B,$0.32B,17.70%,$0.07B,$0.32B,17.70%,$0.07B,$0.85B,8.07%,$0.15B,$0.32B,36.12%,$449,$294,$155,$0,$124,$439,$10,$-1,$9,$2,$7,$7,$7,$27,$10,$17,17,$0.45,$0.45,$106,$366,$0,$574,$257,$0,$0,$15,$281,$854,$447,$0,$36,$84,$531,$2,$199,$-15,$323,$854,$39,$34,$26,$60,$-24,$-43,$11,$-9,$-87,$11,$-28,$0,$0,$15,$0,$15,$-0,$-13,$0,$68,$68,$-188,$-188,$-17,$0,$-136,$-138,$16,$-17
1,2018-04-30,127.07,$20.66,6.15,$103.65,1.23,$14.98,8.48,$4.44,28.62,$0.53B,$0.37B,1.44,$0.00B,$0.34B,0.0,$1.87B,$0.70B,37.43%,$1.87B,$0.14B,7.59%,$1.87B,$0.14B,7.59%,$1.87B,$0.21B,11.34%,$1.87B,$0.14B,7.59%,$1.87B,$0.08B,4.28%,$0.08B,$0.34B,17.53%,$0.08B,$0.34B,17.53%,$0.08B,$0.81B,8.57%,$0.14B,$0.34B,31.12%,$436,$276,$160,$0,$118,$413,$23,$-0,$23,$-9,$32,$32,$32,$40,$23,$17,18,$1.85,$1.78,$90,$335,$0,$526,$261,$0,$0,$14,$285,$811,$365,$0,$54,$103,$468,$2,$213,$-14,$343,$811,$32,$17,$13,$30,$-7,$-11,$-40,$0,$-74,$-13,$-11,$0,$0,$15,$0,$15,$-0,$4,$0,$25,$25,$-162,$-162,$-8,$0,$-145,$-154,$9,$-8
2,2018-01-31,148.67,$27.52,5.4,$102.77,1.45,$17.19,8.65,$4.63,32.11,$0.66B,$0.36B,1.82,$0.00B,$0.47B,0.0,$1.87B,$0.71B,38.00%,$1.87B,$0.16B,8.61%,$1.87B,$0.16B,8.61%,$1.87B,$0.23B,12.29%,$1.87B,$0.16B,8.61%,$1.87B,$0.08B,4.49%,$0.08B,$0.47B,16.99%,$0.08B,$0.47B,16.99%,$0.08B,$0.94B,8.85%,$0.16B,$0.47B,32.56%,$570,$360,$210,$0,$138,$518,$52,$0,$52,$62,$-10,$-10,$-10,$72,$52,$18,18,$-0.55,$-0.53,$260,$324,$0,$657,$259,$0,$0,$12,$284,$940,$361,$0,$54,$106,$467,$2,$226,$-13,$474,$940,$85,$68,$71,$139,$5,$-36,$29,$-14,$-10,$214,$-59,$0,$0,$34,$0,$34,$-1,$-25,$0,$6,$6,$-119,$-119,$-28,$0,$-141,$51,$31,$-28
3,2017-10-31,107.67,$29.26,3.68,$98.84,1.09,$17.29,6.23,$7.06,15.25,$0.69B,$0.43B,1.61,$0.00B,$0.51B,0.0,$1.82B,$0.69B,37.82%,$1.82B,$0.16B,8.67%,$1.82B,$0.16B,8.67%,$1.82B,$0.22B,12.24%,$1.82B,$0.16B,8.67%,$1.82B,$0.13B,7.03%,$0.13B,$0.51B,25.60%,$0.13B,$0.51B,25.60%,$0.13B,$1.01B,13.60%,$0.16B,$0.51B,31.60%,$490,$288,$202,$0,$118,$426,$64,$-0,$64,$20,$44,$44,$44,$81,$64,$18,18,$2.50,$2.44,$273,$364,$0,$692,$266,$0,$0,$5,$322,$1013,$429,$0,$19,$74,$503,$2,$273,$-18,$510,$1013,$95,$48,$24,$72,$-7,$-77,$66,$-12,$-37,$130,$-38,$0,$0,$34,$0,$34,$-1,$-4,$0,$41,$41,$-85,$-85,$-21,$0,$-66,$64,$23,$-21
4,2017-07-31,104.18,$28.15,3.7,$97.08,1.07,$17.50,5.95,$6.98,14.92,$0.66B,$0.40B,1.66,$0.00B,$0.50B,0.0,$1.81B,$0.68B,37.76%,$1.81B,$0.16B,8.64%,$1.81B,$0.16B,8.64%,$1.81B,$0.22B,12.24%,$1.81B,$0.16B,8.64%,$1.81B,$0.13B,7.09%,$0.13B,$0.50B,25.81%,$0.13B,$0.50B,25.81%,$0.13B,$0.97B,13.77%,$0.16B,$0.50B,31.45%,$374,$245,$128,$0,$108,$370,$3,$-0,$3,$-11,$14,$14,$14,$19,$3,$18,18,$0.81,$0.79,$258,$311,$0,$656,$263,$0,$0,$4,$314,$971,$396,$0,$19,$77,$473,$2,$260,$-13,$498,$971,$51,$32,$17,$49,$-0,$-23,$36,$-12,$-28,$71,$-23,$0,$0,$-7,$0,$-7,$-1,$-30,$0,$39,$39,$-57,$-57,$-14,$0,$-32,$9,$14,$-14
5,2017-04-30,112.78,$28.42,3.97,$96.28,1.17,$17.99,6.27,$6.08,18.55,$0.55B,$0.30B,1.86,$0.00B,$0.50B,0.0,$1.80B,$0.68B,37.60%,$1.80B,$0.15B,8.32%,$1.80B,$0.15B,8.32%,$1.80B,$0.22B,11.92%,$1.80B,$0.15B,8.32%,$1.80B,$0.11B,6.21%,$0.11B,$0.50B,22.76%,$0.11B,$0.50B,22.76%,$0.11B,$0.87B,12.17%,$0.15B,$0.50B,30.49%,$437,$266,$171,$0,$112,$394,$42,$-0,$42,$6,$36,$36,$36,$58,$42,$18,18,$2.06,$1.97,$231,$257,$0,$553,$264,$0,$0,$5,$319,$872,$298,$0,$20,$78,$377,$2,$275,$-25,$496,$872,$36,$16,$5,$21,$0,$28,$-58,$-6,$-28,$29,$-13,$0,$0,$-7,$0,$-7,$-0,$-20,$0,$12,$12,$-33,$-33,$-7,$0,$-28,$-18,$8,$-7
6,2017-01-31,94.95,$28.00,3.39,$93.97,1.01,$18.21,5.22,$5.44,17.45,$0.61B,$0.33B,1.86,$0.00B,$0.50B,0.0,$1.79B,$0.67B,37.65%,$1.79B,$0.15B,8.29%,$1.79B,$0.15B,8.29%,$1.79B,$0.21B,11.93%,$1.79B,$0.15B,8.29%,$1.79B,$0.10B,5.71%,$0.10B,$0.50B,20.45%,$0.10B,$0.50B,20.45%,$0.10B,$0.91B,11.10%,$0.15B,$0.50B,29.67%,$521,$333,$188,$0,$122,$472,$49,$0,$49,$14,$34,$34,$34,$65,$49,$19,19,$1.86,$1.82,$243,$286,$0,$611,$264,$0,$0,$5,$299,$910,$329,$0,$24,$85,$414,$2,$275,$-20,$496,$910,$102,$66,$22,$88,$-5,$-16,$19,$-14,$9,$199,$-35,$0,$0,$-9,$0,$-9,$-0,$-44,$0,$15,$15,$-157,$-157,$-15,$2,$-155,$6,$28,$-15
7,2016-10-31,74.21,$27.29,2.72,$90.59,0.82,$16.31,4.55,$4.45,16.68,$0.66B,$0.38B,1.72,$0.00B,$0.49B,0.0,$1.76B,$0.66B,37.55%,$1.76B,$0.13B,7.26%,$1.76B,$0.13B,7.26%,$1.76B,$0.19B,11.00%,$1.76B,$0.13B,7.26%,$1.76B,$0.09B,4.82%,$0.09B,$0.49B,16.77%,$0.09B,$0.49B,16.77%,$0.09B,$0.96B,9.28%,$0.13B,$0.49B,25.26%,$474,$279,$195,$0,$115,$412,$62,$-0,$62,$18,$44,$44,$44,$79,$62,$18,19,$2.41,$2.36,$267,$325,$0,$657,$275,$0,$0,$3,$307,$964,$382,$0,$24,$88,$470,$2,$277,$-23,$494,$964,$68,$49,$15,$64,$-4,$-56,$27,$-8,$-6,$126,$-26,$0,$0,$-35,$0,$-35,$-0,$-62,$0,$66,$66,$-118,$-118,$-11,$2,$-62,$5,$21,$-11
8,2016-07-31,81.46,$26.04,3.13,$87.72,0.93,$13.53,6.02,$3.97,20.52,$0.63B,$0.36B,1.75,$0.00B,$0.48B,0.0,$1.75B,$0.65B,37.13%,$1.75B,$0.12B,7.11%,$1.75B,$0.12B,7.11%,$1.75B,$0.19B,10.83%,$1.75B,$0.12B,7.05%,$1.75B,$0.08B,4.53%,$0.08B,$0.48B,15.17%,$0.08B,$0.48B,15.17%,$0.08B,$0.93B,8.59%,$0.12B,$0.48B,23.81%,$371,$248,$124,$0,$108,$374,$-3,$-0,$-3,$-1,$-2,$-2,$-2,$13,$-3,$19,19,$-0.11,$-0.11,$246,$297,$0,$628,$277,$0,$0,$3,$306,$934,$359,$0,$26,$92,$451,$2,$266,$-20,$482,$934,$24,$32,$-1,$31,$-6,$-26,$33,$1,$20,$75,$-16,$0,$0,$-35,$0,$-35,$-0,$-51,$0,$44,$44,$-84,$-84,$-8,$1,$-46,$-17,$13,$-8
9,2016-04-30,75.73,$27.69,2.73,$85.78,0.88,$11.36,6.67,$3.41,22.21,$0.56B,$0.25B,2.22,$0.00B,$0.52B,0.0,$1.74B,$0.64B,36.72%,$1.74B,$0.11B,6.15%,$1.74B,$0.11B,6.15%,$1.74B,$0.17B,9.83%,$1.74B,$0.11B,6.09%,$1.74B,$0.07B,3.85%,$0.07B,$0.52B,12.58%,$0.07B,$0.52B,12.58%,$0.07B,$0.87B,7.23%,$0.11B,$0.52B,20.09%,$419,$254,$165,$0,$109,$380,$40,$-0,$40,$14,$26,$26,$26,$56,$40,$19,20,$1.35,$1.33,$234,$250,$0,$557,$283,$0,$0,$3,$312,$869,$251,$0,$27,$95,$346,$2,$305,$-16,$523,$869,$26,$16,$-2,$14,$1,$21,$-52,$1,$-12,$28,$-7,$0,$0,$-19,$0,$-19,$-0,$-26,$0,$25,$25,$-46,$-46,$-4,$1,$-24,$-13,$7,$-4
10,2016-01-31,63.12,$27.15,2.32,$83.62,0.75,$10.43,6.05,$2.81,22.46,$0.58B,$0.28B,2.11,$0.00B,$0.53B,0.0,$1.73B,$0.63B,36.27%,$1.73B,$0.09B,5.21%,$1.73B,$0.09B,5.21%,$1.73B,$0.15B,8.86%,$1.73B,$0.09B,5.16%,$1.73B,$0.06B,3.30%,$0.06B,$0.53B,10.47%,$0.06B,$0.53B,10.47%,$0.06B,$0.90B,6.08%,$0.09B,$0.53B,16.53%,$499,$321,$178,$0,$131,$469,$29,$-0,$29,$12,$17,$17,$17,$46,$29,$20,21,$0.86,$0.86,$228,$269,$0,$581,$291,$0,$0,$3,$317,$898,$275,$0,$25,$95,$370,$2,$321,$-27,$528,$898,$58,$63,$35,$98,$5,$26,$-4,$-3,$27,$183,$-42,$0,$0,$12,$0,$12,$-0,$-31,$0,$0,$0,$-120,$-120,$-12,$1,$-131,$14,$21,$-12
11,2015-10-31,51.89,$27.34,1.9,$81.40,0.64,$7.71,6.73,$2.73,19.01,$0.63B,$0.33B,1.9,$0.00B,$0.55B,0.0,$1.71B,$0.61B,35.93%,$1.71B,$0.08B,4.81%,$1.71B,$0.08B,4.81%,$1.71B,$0.14B,8.38%,$1.71B,$0.08B,4.75%,$1.71B,$0.06B,3.34%,$0.06B,$0.55B,10.18%,$0.06B,$0.55B,10.18%,$0.06B,$0.98B,5.99%,$0.08B,$0.55B,14.65%,$456,$275,$181,$0,$106,$398,$58,$-0,$57,$19,$38,$38,$38,$74,$58,$20,20,$1.90,$1.88,$219,$327,$0,$634,$302,$0,$0,$4,$343,$977,$334,$0,$21,$94,$428,$2,$337,$-20,$550,$977,$40,$46,$3,$48,$0,$-31,$14,$-1,$-4,$85,$-34,$0,$0,$17,$0,$17,$-0,$-17,$0,$34,$34,$-82,$-82,$-9,$1,$-56,$11,$12,$-9
12,2015-07-31,55.84,$25.90,2.16,$81.56,0.68,$6.31,8.85,$2.55,21.9,$0.62B,$0.35B,1.79,$0.00B,$0.53B,0.0,$1.74B,$0.62B,35.81%,$1.74B,$0.08B,4.61%,$1.74B,$0.08B,4.61%,$1.74B,$0.14B,8.06%,$1.74B,$0.08B,4.61%,$1.74B,$0.06B,3.22%,$0.06B,$0.53B,9.78%,$0.06B,$0.53B,9.78%,$0.06B,$0.96B,5.85%,$0.08B,$0.53B,13.97%,$366,$251,$115,$0,$118,$387,$-20,$-0,$-20,$-7,$-14,$-14,$-14,$-5,$-20,$21,21,$-0.67,$-0.67,$205,$314,$0,$616,$307,$0,$0,$3,$346,$962,$345,$0,$13,$88,$433,$2,$317,$-20,$529,$962,$2,$30,$4,$34,$0,$-17,$32,$-4,$4,$40,$-20,$0,$0,$-8,$0,$-8,$0,$-28,$0,$30,$30,$-63,$-63,$-6,$1,$-38,$-28,$8,$-6
13,2015-04-30,58.36,$27.57,2.12,$81.36,0.72,$4.57,12.78,$2.73,21.38,$0.56B,$0.25B,2.27,$0.00B,$0.57B,0.0,$1.76B,$0.63B,35.65%,$1.76B,$0.08B,4.78%,$1.76B,$0.08B,4.78%,$1.76B,$0.14B,8.20%,$1.76B,$0.08B,4.73%,$1.76B,$0.06B,3.36%,$0.06B,$0.57B,10.07%,$0.06B,$0.57B,10.07%,$0.06B,$0.91B,6.11%,$0.08B,$0.57B,14.33%,$405,$253,$152,$0,$115,$382,$23,$-0,$23,$7,$16,$16,$16,$38,$23,$21,21,$0.74,$0.73,$201,$281,$0,$559,$310,$0,$0,$3,$351,$910,$247,$0,$14,$93,$339,$2,$353,$-12,$571,$910,$16,$14,$-0,$14,$0,$18,$-42,$2,$-16,$13,$-10,$0,$0,$-7,$0,$-7,$-0,$-17,$0,$11,$11,$-41,$-41,$-3,$1,$-32,$-32,$4,$-3
14,2015-01-31,57.54,$28.00,2.06,$80.61,0.71,$3.88,14.84,$2.61,22.05,$0.61B,$0.27B,2.22,$0.00B,$0.59B,0.0,$1.76B,$0.62B,35.32%,$1.76B,$0.08B,4.60%,$1.76B,$0.08B,4.60%,$1.76B,$0.14B,7.95%,$1.76B,$0.08B,4.54%,$1.76B,$0.06B,3.24%,$0.06B,$0.59B,9.59%,$0.06B,$0.59B,9.59%,$0.06B,$0.96B,5.86%,$0.08B,$0.59B,13.62%,$479,$314,$165,$0,$124,$459,$21,$-0,$21,$4,$17,$17,$17,$36,$21,$22,22,$0.79,$0.77,$225,$298,$0,$609,$310,$0,$0,$3,$349,$959,$274,$0,$15,$95,$370,$2,$374,$-17,$589,$959,$57,$60,$28,$88,$-6,$21,$6,$3,$16,$161,$-72,$0,$0,$11,$0,$11,$0,$-62,$0,$0,$0,$-76,$-76,$-11,$-0,$-88,$-1,$18,$-11
15,2014-10-31,47.17,$28.18,1.67,$79.50,0.59,$4.29,11.01,$2.51,18.79,$0.63B,$0.30B,2.12,$0.00B,$0.60B,0.0,$1.75B,$0.62B,35.51%,$1.75B,$0.08B,4.69%,$1.75B,$0.08B,4.69%,$1.75B,$0.14B,8.12%,$1.75B,$0.08B,4.63%,$1.75B,$0.06B,3.20%,$0.06B,$0.60B,9.31%,$0.06B,$0.60B,9.31%,$0.06B,$1.00B,5.71%,$0.08B,$0.60B,13.63%,$487,$297,$190,$0,$116,$432,$56,$-0,$56,$19,$37,$37,$37,$71,$56,$22,22,$1.71,$1.70,$210,$342,$0,$630,$319,$0,$0,$4,$366,$995,$297,$0,$14,$98,$395,$2,$373,$-3,$601,$995,$40,$45,$3,$48,$0,$-20,$-11,$-0,$-21,$69,$-45,$0,$0,$24,$0,$24,$0,$-21,$0,$19,$19,$-60,$-60,$-9,$-0,$-50,$-3,$13,$-9
16,2014-07-31,47.94,$26.94,1.78,$78.93,0.61,$5.06,9.48,$2.65,18.09,$0.64B,$0.31B,2.04,$0.00B,$0.58B,0.0,$1.76B,$0.63B,36.07%,$1.76B,$0.09B,5.01%,$1.76B,$0.09B,5.01%,$1.76B,$0.15B,8.49%,$1.76B,$0.09B,4.96%,$1.76B,$0.06B,3.48%,$0.06B,$0.58B,10.08%,$0.06B,$0.58B,10.08%,$0.06B,$1.00B,6.26%,$0.09B,$0.58B,14.54%,$385,$266,$119,$0,$117,$401,$-16,$-0,$-17,$-6,$-11,$-11,$-11,$-1,$-16,$22,22,$-0.49,$-0.49,$200,$339,$0,$642,$311,$0,$0,$4,$355,$996,$314,$0,$14,$98,$413,$2,$353,$1,$583,$996,$3,$30,$1,$31,$0,$-16,$15,$-13,$-21,$14,$-31,$0,$0,$34,$0,$34,$0,$3,$0,$27,$27,$-42,$-42,$-6,$-0,$-21,$-3,$8,$-6
17,2014-04-30,45.73,$27.57,1.66,$78.30,0.58,$6.96,6.57,$2.09,21.88,$0.58B,$0.23B,2.49,$0.00B,$0.61B,0.0,$1.75B,$0.64B,36.53%,$1.75B,$0.07B,3.88%,$1.75B,$0.07B,3.88%,$1.75B,$0.13B,7.42%,$1.75B,$0.07B,3.88%,$1.75B,$0.05B,2.74%,$0.05B,$0.61B,7.96%,$0.05B,$0.61B,7.96%,$0.05B,$0.94B,4.97%,$0.07B,$0.61B,11.27%,$410,$262,$148,$0,$114,$390,$20,$0,$20,$7,$14,$14,$14,$34,$20,$22,22,$0.61,$0.61,$195,$304,$0,$578,$315,$0,$0,$4,$360,$938,$232,$0,$14,$100,$332,$2,$378,$0,$605,$938,$14,$14,$-2,$12,$-0,$19,$-41,$0,$-22,$4,$-16,$0,$0,$-2,$0,$-2,$0,$-17,$0,$0,$0,$-28,$-28,$-3,$-0,$-30,$-43,$3,$-3
18,2014-01-31,50.04,$27.79,1.8,$78.15,0.64,$8.17,6.12,$2.31,21.66,$0.63B,$0.27B,2.32,$0.00B,$0.62B,0.0,$1.77B,$0.66B,37.11%,$1.77B,$0.08B,4.31%,$1.77B,$0.08B,4.31%,$1.77B,$0.14B,7.99%,$1.77B,$0.08B,4.36%,$1.77B,$0.05B,3.00%,$0.05B,$0.62B,8.73%,$0.05B,$0.62B,8.73%,$0.05B,$0.99B,5.54%,$0.08B,$0.62B,12.52%,$467,$303,$164,$0,$119,$446,$22,$0,$22,$6,$16,$16,$16,$38,$22,$23,23,$0.69,$0.70,$236,$322,$0,$629,$312,$0,$0,$3,$361,$991,$271,$0,$14,$103,$374,$2,$390,$-2,$617,$991,$53,$65,$35,$100,$-6,$-59,$74,$2,$14,$173,$-73,$0,$0,$-48,$0,$-48,$0,$-120,$0,$0,$0,$-64,$-64,$0,$0,$-64,$-20,$21,$0
19,2013-10-31,51.87,$27.62,1.88,$78.54,0.66,$8.46,6.13,$2.42,21.43,$0.61B,$0.25B,2.41,$0.00B,$0.62B,0.0,$1.81B,$0.68B,37.63%,$1.81B,$0.08B,4.43%,$1.81B,$0.08B,4.43%,$1.81B,$0.15B,8.25%,$1.81B,$0.08B,4.48%,$1.81B,$0.06B,3.10%,$0.06B,$0.62B,9.21%,$0.06B,$0.62B,9.21%,$0.06B,$0.98B,5.96%,$0.08B,$0.62B,13.15%,$493,$291,$202,$0,$124,$431,$62,$0,$62,$20,$42,$42,$42,$78,$62,$22,22,$1.87,$1.84,$194,$337,$0,$606,$318,$0,$0,$4,$369,$975,$252,$0,$17,$107,$359,$2,$383,$7,$616,$975,$37,$49,$17,$66,$0,$-72,$43,$-4,$-10,$99,$-57,$0,$0,$-38,$0,$-38,$0,$-95,$0,$0,$0,$-53,$-53,$0,$0,$-53,$-52,$16,$0
20,2013-07-31,51.34,$25.68,2.0,$77.29,0.66,$9.58,5.36,$2.02,25.42,$0.59B,$0.28B,2.14,$0.00B,$0.58B,0.0,$1.82B,$0.69B,37.91%,$1.82B,$0.07B,3.97%,$1.82B,$0.07B,3.97%,$1.82B,$0.15B,8.15%,$1.82B,$0.07B,4.02%,$1.82B,$0.05B,2.81%,$0.05B,$0.58B,8.32%,$0.05B,$0.58B,8.32%,$0.05B,$0.96B,5.45%,$0.07B,$0.58B,11.75%,$382,$256,$126,$0,$124,$418,$-36,$0,$-36,$-12,$-24,$-24,$-24,$-20,$-36,$23,23,$-1.05,$-1.05,$185,$326,$0,$592,$312,$0,$0,$4,$366,$958,$277,$0,$17,$106,$383,$2,$347,$8,$575,$958,$-4,$32,$14,$47,$0,$-60,$84,$-12,$17,$64,$-39,$0,$0,$-20,$0,$-20,$-0,$-59,$0,$0,$0,$-47,$-47,$0,$0,$-46,$-44,$11,$0
21,2013-04-30,46.48,$27.20,1.71,$75.18,0.62,$9.12,5.1,$2.33,19.95,$0.52B,$0.18B,2.95,$0.00B,$0.62B,0.0,$1.79B,$0.68B,37.74%,$1.79B,$0.08B,4.52%,$1.79B,$0.08B,4.52%,$1.79B,$0.16B,8.86%,$1.79B,$0.08B,4.57%,$1.79B,$0.06B,3.18%,$0.06B,$0.62B,9.19%,$0.06B,$0.62B,9.19%,$0.06B,$0.91B,6.21%,$0.08B,$0.62B,13.06%,$423,$260,$163,$0,$119,$395,$28,$0,$29,$9,$19,$19,$19,$45,$28,$23,23,$0.84,$0.83,$201,$251,$0,$522,$334,$0,$0,$4,$383,$905,$177,$0,$16,$107,$284,$2,$390,$12,$621,$905,$19,$17,$4,$20,$0,$15,$-18,$-11,$-4,$38,$-22,$0,$0,$0,$0,$0,$-0,$-22,$0,$0,$0,$-23,$-23,$0,$0,$-23,$-8,$5,$0
22,2013-01-31,47.35,$26.82,1.77,$74.69,0.63,$10.31,4.59,$2.46,19.25,$0.55B,$0.19B,2.85,$0.00B,$0.62B,0.0,$1.81B,$0.69B,38.29%,$1.81B,$0.09B,4.97%,$1.81B,$0.09B,4.97%,$1.81B,$0.17B,9.28%,$1.81B,$0.09B,4.97%,$1.81B,$0.06B,3.48%,$0.06B,$0.62B,10.10%,$0.06B,$0.62B,10.10%,$0.06B,$0.92B,6.92%,$0.09B,$0.62B,14.42%,$509,$321,$189,$0,$136,$483,$26,$0,$26,$7,$19,$19,$19,$46,$26,$24,24,$0.81,$0.81,$209,$267,$0,$545,$330,$0,$0,$4,$378,$923,$192,$0,$18,$111,$302,$2,$390,$13,$621,$923,$63,$77,$14,$91,$-1,$-29,$63,$2,$51,$205,$-90,$0,$0,$-15,$0,$-15,$-0,$-105,$0,$0,$0,$-87,$-87,$0,$5,$-82,$17,$14,$0
23,2012-10-31,55.52,$26.46,2.1,$71.52,0.78,$8.54,6.5,$2.63,21.11,$0.57B,$0.21B,2.68,$0.00B,$0.63B,0.0,$1.76B,$0.66B,37.77%,$1.76B,$0.08B,4.66%,$1.76B,$0.08B,4.66%,$1.76B,$0.16B,9.10%,$1.76B,$0.08B,4.66%,$1.76B,$0.07B,3.70%,$0.07B,$0.63B,10.40%,$0.07B,$0.63B,10.40%,$0.07B,$0.96B,7.26%,$0.08B,$0.63B,13.12%,$501,$291,$210,$0,$132,$447,$54,$-0,$54,$16,$37,$37,$37,$77,$54,$24,24,$1.55,$1.54,$203,$296,$0,$569,$336,$0,$0,$4,$390,$959,$213,$0,$17,$112,$325,$2,$404,$13,$634,$959,$44,$58,$0,$58,$0,$-58,$71,$-1,$36,$143,$-71,$0,$0,$0,$0,$0,$-0,$-71,$0,$0,$0,$-46,$-46,$0,$0,$-45,$26,$10,$0
24,2012-07-31,48.27,$25.06,1.93,$69.99,0.69,$6.77,7.13,$2.52,19.15,$0.50B,$0.17B,3.0,$0.00B,$0.61B,0.0,$1.74B,$0.65B,37.56%,$1.74B,$0.08B,4.71%,$1.74B,$0.08B,4.71%,$1.74B,$0.16B,8.96%,$1.74B,$0.08B,4.71%,$1.74B,$0.06B,3.56%,$0.06B,$0.61B,10.03%,$0.06B,$0.61B,10.03%,$0.06B,$0.89B,7.09%,$0.08B,$0.61B,13.26%,$361,$246,$115,$0,$121,$388,$-27,$-0,$-27,$-9,$-18,$-18,$-18,$-9,$-27,$24,24,$-0.74,$-0.74,$159,$266,$0,$503,$331,$0,$0,$4,$383,$885,$167,$0,$17,$113,$281,$2,$378,$13,$605,$885,$7,$35,$2,$37,$0,$-28,$33,$1,$12,$61,$-44,$0,$0,$0,$0,$0,$-0,$-44,$0,$0,$0,$-34,$-34,$0,$0,$-34,$-18,$7,$0
25,2012-04-30,43.69,$26.05,1.68,$68.46,0.64,$6.13,7.13,$2.88,15.17,$0.49B,$0.13B,3.86,$0.00B,$0.64B,0.0,$1.72B,$0.66B,37.99%,$1.72B,$0.09B,5.39%,$1.72B,$0.09B,5.39%,$1.72B,$0.17B,9.74%,$1.72B,$0.09B,5.39%,$1.72B,$0.07B,4.06%,$0.07B,$0.64B,11.35%,$0.07B,$0.64B,11.35%,$0.07B,$0.87B,8.03%,$0.09B,$0.64B,15.07%,$439,$260,$179,$0,$122,$401,$37,$-0,$37,$12,$25,$25,$25,$54,$37,$25,25,$1.01,$1.00,$205,$220,$0,$490,$329,$0,$0,$4,$383,$873,$127,$0,$15,$111,$237,$2,$408,$15,$636,$873,$25,$17,$5,$22,$0,$18,$0,$-1,$18,$68,$-22,$0,$0,$0,$0,$0,$-0,$-22,$0,$0,$0,$-19,$-19,$0,$0,$-19,$28,$3,$0
26,2012-01-31,47.4,$25.31,1.87,$67.08,0.71,$5.51,8.61,$3.02,15.7,$0.49B,$0.13B,3.72,$0.00B,$0.63B,0.0,$1.72B,$0.66B,38.46%,$1.72B,$0.11B,6.12%,$1.72B,$0.11B,6.12%,$1.72B,$0.18B,10.55%,$1.72B,$0.11B,6.12%,$1.72B,$0.07B,4.31%,$0.07B,$0.63B,11.99%,$0.07B,$0.63B,11.99%,$0.07B,$0.87B,8.51%,$0.11B,$0.63B,17.02%,$457,$297,$160,$0,$122,$439,$18,$-0,$18,$-3,$21,$21,$21,$38,$18,$25,25,$0.85,$0.85,$177,$238,$0,$489,$324,$0,$0,$4,$377,$866,$132,$0,$15,$110,$241,$2,$399,$13,$625,$866,$74,$75,$13,$88,$0,$2,$-1,$-6,$-8,$156,$-80,$0,$0,$0,$0,$0,$2,$-78,$0,$0,$0,$-85,$-85,$0,$-0,$-85,$-7,$9,$0
27,2011-10-31,44.61,$24.34,1.83,$65.84,0.68,$5.85,7.62,$3.27,13.64,$0.49B,$0.15B,3.28,$0.00B,$0.61B,0.0,$1.71B,$0.69B,40.01%,$1.71B,$0.13B,7.71%,$1.71B,$0.13B,7.71%,$1.71B,$0.21B,12.03%,$1.71B,$0.13B,7.65%,$1.71B,$0.08B,4.73%,$0.08B,$0.61B,13.22%,$0.08B,$0.61B,13.22%,$0.08B,$0.87B,9.35%,$0.13B,$0.61B,21.54%,$484,$284,$200,$0,$127,$430,$54,$-0,$54,$21,$34,$34,$34,$73,$54,$25,25,$1.34,$1.33,$153,$256,$0,$489,$327,$0,$0,$5,$385,$874,$149,$0,$20,$118,$268,$2,$374,$14,$607,$874,$53,$55,$-0,$55,$0,$-46,$17,$-5,$-16,$95,$-64,$0,$0,$0,$0,$0,$2,$-62,$0,$0,$0,$-71,$-71,$0,$7,$-64,$-31,$9,$0
28,2011-07-31,45.91,$23.54,1.95,$63.42,0.72,$7.32,6.27,$3.09,14.86,$0.48B,$0.15B,3.16,$0.00B,$0.60B,0.0,$1.68B,$0.67B,39.68%,$1.68B,$0.13B,7.61%,$1.68B,$0.13B,7.61%,$1.68B,$0.20B,11.96%,$1.68B,$0.13B,7.56%,$1.68B,$0.08B,4.64%,$0.08B,$0.60B,12.87%,$0.08B,$0.60B,12.87%,$0.08B,$0.87B,9.00%,$0.13B,$0.60B,21.12%,$344,$228,$116,$0,$112,$359,$-16,$-0,$-16,$-6,$-10,$-10,$-10,$3,$-16,$26,26,$-0.38,$-0.38,$152,$244,$0,$483,$331,$0,$0,$4,$390,$873,$153,$0,$21,$121,$273,$3,$362,$18,$600,$873,$19,$36,$-9,$27,$0,$-32,$20,$6,$-1,$48,$-47,$0,$0,$0,$0,$0,$2,$-45,$0,$0,$0,$-45,$-45,$0,$7,$-38,$-32,$6,$0
29,2011-04-30,50.52,$24.45,2.07,$62.52,0.81,$8.01,6.31,$3.17,15.94,$0.48B,$0.11B,4.48,$0.00B,$0.64B,0.0,$1.68B,$0.67B,39.54%,$1.68B,$0.13B,7.79%,$1.68B,$0.13B,7.79%,$1.68B,$0.20B,12.07%,$1.68B,$0.13B,7.67%,$1.68B,$0.08B,4.76%,$0.08B,$0.64B,13.07%,$0.08B,$0.64B,13.07%,$0.08B,$0.87B,9.18%,$0.13B,$0.64B,21.40%,$431,$247,$184,$0,$117,$382,$49,$-0,$49,$19,$29,$29,$29,$67,$49,$26,26,$1.11,$1.10,$212,$193,$0,$480,$327,$0,$0,$4,$385,$865,$107,$0,$22,$122,$229,$3,$395,$19,$636,$865,$29,$18,$-2,$16,$0,$19,$-23,$1,$11,$57,$-25,$0,$0,$0,$0,$0,$2,$-22,$0,$0,$0,$-17,$-17,$0,$7,$-10,$29,$3,$0
30,2011-01-31,39.8,$23.25,1.71,$61.33,0.65,$8.49,4.69,$3.07,12.96,$0.48B,$0.13B,3.66,$0.00B,$0.61B,0.0,$1.67B,$0.66B,39.51%,$1.67B,$0.13B,7.77%,$1.67B,$0.13B,7.77%,$1.67B,$0.20B,12.01%,$1.67B,$0.13B,7.59%,$1.67B,$0.08B,4.72%,$0.08B,$0.61B,12.93%,$0.08B,$0.61B,12.93%,$0.08B,$0.85B,9.04%,$0.13B,$0.61B,21.29%,$453,$269,$185,$0,$122,$409,$45,$-0,$44,$15,$29,$29,$28,$63,$45,$27,27,$1.06,$1.04,$186,$211,$0,$478,$321,$0,$0,$4,$377,$854,$130,$0,$22,$116,$247,$3,$382,$13,$608,$854,$79,$72,$36,$108,$0,$5,$-14,$-7,$-13,$175,$-84,$0,$0,$0,$0,$0,$-0,$-84,$0,$0,$0,$-79,$-79,$0,$1,$-78,$15,$8,$0
31,2010-10-31,41.86,$22.13,1.89,$60.86,0.69,$8.41,4.98,$3.08,13.59,$0.50B,$0.18B,2.81,$0.00B,$0.58B,0.0,$1.68B,$0.66B,39.33%,$1.68B,$0.13B,7.90%,$1.68B,$0.13B,7.90%,$1.68B,$0.20B,12.00%,$1.68B,$0.13B,7.72%,$1.68B,$0.09B,5.05%,$0.09B,$0.58B,14.03%,$0.09B,$0.58B,14.03%,$0.09B,$0.88B,9.72%,$0.13B,$0.58B,21.95%,$453,$271,$182,$0,$114,$403,$50,$-0,$50,$18,$31,$31,$31,$68,$50,$27,27,$1.16,$1.15,$173,$233,$0,$498,$318,$0,$0,$4,$378,$875,$177,$0,$21,$118,$296,$3,$358,$12,$580,$875,$51,$54,$11,$65,$0,$-25,$33,$6,$17,$136,$-63,$0,$0,$0,$0,$0,$-0,$-64,$0,$0,$0,$-72,$-72,$0,$0,$-72,$2,$8,$0
32,2010-07-31,39.76,$22.47,1.77,$60.92,0.65,$6.72,5.92,$3.30,12.05,$0.51B,$0.15B,3.41,$0.00B,$0.63B,0.0,$1.69B,$0.68B,40.28%,$1.69B,$0.15B,8.74%,$1.69B,$0.15B,8.74%,$1.69B,$0.22B,12.82%,$1.69B,$0.14B,8.51%,$1.69B,$0.09B,5.43%,$0.09B,$0.63B,15.35%,$0.09B,$0.63B,15.35%,$0.09B,$0.89B,10.65%,$0.15B,$0.63B,24.70%,$345,$232,$114,$0,$107,$358,$-13,$-0,$-14,$-5,$-8,$-8,$-8,$5,$-13,$28,28,$-0.30,$-0.30,$198,$214,$0,$514,$318,$0,$0,$4,$379,$893,$150,$0,$21,$117,$267,$3,$393,$10,$625,$893,$20,$36,$13,$49,$0,$-7,$9,$-5,$-4,$67,$-47,$0,$0,$0,$0,$0,$-0,$-47,$0,$0,$0,$6,$6,$0,$0,$6,$28,$7,$0
33,2010-04-30,43.53,$22.74,1.91,$59.16,0.74,$4.85,8.99,$3.36,12.96,$0.50B,$0.13B,3.93,$0.00B,$0.63B,0.0,$1.66B,$0.67B,40.44%,$1.66B,$0.14B,8.53%,$1.66B,$0.14B,8.53%,$1.66B,$0.21B,12.74%,$1.66B,$0.14B,8.29%,$1.66B,$0.09B,5.59%,$0.09B,$0.63B,15.80%,$0.09B,$0.63B,15.80%,$0.09B,$0.88B,10.67%,$0.14B,$0.63B,24.12%,$422,$242,$180,$0,$113,$374,$48,$-0,$47,$19,$28,$28,$28,$65,$48,$28,28,$1.01,$1.00,$226,$182,$0,$498,$316,$0,$0,$4,$376,$875,$127,$0,$21,$118,$245,$3,$402,$11,$630,$875,$28,$18,$16,$33,$0,$25,$-15,$-2,$9,$72,$-24,$0,$0,$0,$0,$0,$-0,$-24,$0,$0,$0,$5,$5,$0,$0,$5,$55,$4,$0
34,2010-01-31,30.21,$21.44,1.41,$57.49,0.53,$4.58,6.6,$3.15,9.59,$0.46B,$0.15B,3.14,$0.00B,$0.59B,0.0,$1.64B,$0.66B,40.15%,$1.64B,$0.13B,7.91%,$1.64B,$0.13B,7.91%,$1.64B,$0.20B,12.29%,$1.64B,$0.12B,7.54%,$1.64B,$0.09B,5.41%,$0.09B,$0.59B,15.45%,$0.09B,$0.59B,15.45%,$0.09B,$0.85B,10.16%,$0.13B,$0.59B,22.35%,$463,$277,$186,$0,$119,$415,$48,$-0,$47,$13,$34,$34,$34,$64,$48,$28,28,$1.16,$1.16,$170,$206,$0,$457,$313,$0,$0,$4,$397,$854,$146,$0,$21,$120,$265,$3,$374,$8,$589,$854,$88,$71,$26,$98,$0,$8,$-35,$-10,$-36,$155,$-62,$0,$0,$0,$0,$0,$-2,$-64,$-85,$0,$-85,$-68,$-68,$0,$-1,$-154,$-58,$8,$0
35,2009-10-31,29.88,$20.20,1.48,$56.29,0.53,$7.08,4.22,$3.23,9.25,$0.46B,$0.17B,2.74,$0.00B,$0.55B,0.0,$1.62B,$0.65B,40.07%,$1.62B,$0.12B,7.09%,$1.62B,$0.12B,7.09%,$1.62B,$0.19B,11.59%,$1.62B,$0.11B,6.60%,$1.62B,$0.09B,5.80%,$0.09B,$0.55B,16.62%,$0.09B,$0.55B,16.62%,$0.09B,$0.84B,10.47%,$0.12B,$0.55B,19.65%,$463,$261,$202,$0,$119,$398,$65,$-1,$64,$26,$38,$38,$38,$83,$65,$27,27,$1.38,$1.37,$104,$251,$0,$460,$311,$0,$0,$5,$376,$835,$167,$0,$13,$115,$282,$3,$340,$7,$553,$835,$54,$56,$23,$78,$0,$-36,$-12,$-14,$-60,$72,$-45,$0,$0,$0,$0,$0,$-2,$-47,$-85,$0,$-85,$-68,$-68,$0,$-1,$-154,$-124,$7,$0
36,2009-07-31,31.15,$19.66,1.58,$54.73,0.57,$10.70,2.91,$2.67,11.67,$0.54B,$0.22B,2.44,$0.00B,$0.58B,0.0,$1.61B,$0.64B,40.00%,$1.61B,$0.10B,6.27%,$1.61B,$0.10B,6.27%,$1.61B,$0.17B,10.81%,$1.61B,$0.09B,5.71%,$1.61B,$0.08B,4.97%,$0.08B,$0.58B,14.42%,$0.08B,$0.58B,14.42%,$0.08B,$0.92B,8.42%,$0.10B,$0.58B,17.18%,$316,$210,$105,$0,$106,$334,$-19,$-1,$-20,$-13,$-7,$-7,$-7,$-0,$-19,$30,30,$-0.24,$-0.24,$152,$263,$0,$537,$311,$0,$0,$5,$386,$923,$220,$0,$15,$119,$340,$3,$359,$7,$583,$923,$16,$37,$-8,$29,$-2,$-49,$15,$-3,$-53,$-7,$-27,$0,$0,$0,$0,$0,$0,$-27,$-47,$0,$-47,$2,$2,$0,$0,$-45,$-74,$5,$0
37,2009-04-30,27.02,$19.64,1.38,$55.60,0.49,$15.09,1.79,$2.91,9.29,$0.51B,$0.17B,2.97,$0.02B,$0.58B,0.04,$1.63B,$0.67B,40.93%,$1.63B,$0.13B,7.66%,$1.63B,$0.13B,7.66%,$1.63B,$0.20B,12.07%,$1.63B,$0.12B,7.17%,$1.63B,$0.09B,5.33%,$0.09B,$0.58B,16.32%,$0.09B,$0.58B,16.32%,$0.09B,$0.89B,8.95%,$0.13B,$0.60B,21.55%,$402,$235,$167,$0,$112,$366,$36,$-3,$33,$9,$24,$24,$24,$55,$36,$29,29,$0.80,$0.79,$224,$182,$0,$510,$314,$0,$0,$5,$381,$892,$172,$23,$16,$141,$313,$3,$366,$-0,$579,$892,$24,$19,$11,$29,$0,$30,$-16,$-5,$2,$55,$-12,$0,$0,$0,$0,$0,$0,$-12,$-47,$0,$-47,$0,$0,$0,$0,$-47,$-2,$3,$0
38,2009-01-31,17.87,$18.59,0.96,$55.68,0.32,$18.22,0.98,$2.79,6.41,$0.52B,$0.21B,2.51,$0.06B,$0.55B,0.1,$1.63B,$0.67B,41.23%,$1.63B,$0.12B,7.55%,$1.63B,$0.12B,7.55%,$1.63B,$0.19B,11.90%,$1.63B,$0.12B,7.24%,$1.63B,$0.08B,5.09%,$0.08B,$0.55B,16.23%,$0.08B,$0.55B,16.23%,$0.08B,$0.94B,8.41%,$0.12B,$0.60B,22.26%,$441,$266,$176,$0,$119,$409,$33,$-2,$30,$7,$23,$23,$39,$50,$33,$29,29,$1.32,$1.31,$226,$211,$0,$520,$318,$0,$0,$6,$420,$940,$207,$55,$24,$185,$392,$3,$342,$-3,$548,$940,$82,$71,$14,$86,$0,$-20,$50,$9,$44,$218,$-49,$0,$0,$0,$0,$0,$-11,$-61,$85,$-70,$15,$4,$4,$0,$-24,$-4,$145,$7,$0
39,2008-10-31,31.76,$17.34,1.83,$55.85,0.57,$6.61,4.8,$-0.53,0.0,$0.63B,$0.34B,1.84,$0.06B,$0.51B,0.11,$1.63B,$0.67B,41.30%,$1.63B,$0.10B,6.00%,$1.63B,$0.10B,6.00%,$1.63B,$0.17B,10.42%,$1.63B,$0.10B,5.82%,$1.63B,$-0.01B,-0.86%,$-0.01B,$0.51B,-2.84%,$-0.01B,$0.51B,-2.84%,$-0.01B,$1.05B,-1.40%,$0.10B,$0.56B,18.86%,$451,$254,$196,$0,$127,$400,$51,$-2,$49,$21,$28,$28,$24,$69,$51,$29,29,$0.82,$0.81,$186,$233,$79,$626,$337,$0,$0,$6,$420,$1046,$341,$55,$34,$196,$537,$3,$303,$-2,$509,$1046,$44,$54,$48,$102,$8,$-41,$54,$9,$27,$172,$-37,$0,$0,$0,$0,$0,$-19,$-56,$85,$-70,$15,$0,$0,$0,$-19,$-4,$104,$5,$0
40,2008-07-31,36.15,$16.91,2.14,$55.31,0.65,$-4.23,0.0,$-0.92,0.0,$0.58B,$0.32B,1.82,$0.06B,$0.50B,0.11,$1.61B,$0.65B,40.32%,$1.61B,$0.07B,4.34%,$1.61B,$0.07B,4.34%,$1.61B,$0.14B,8.75%,$1.61B,$0.07B,4.28%,$1.61B,$-0.03B,-1.61%,$-0.03B,$0.50B,-5.21%,$-0.03B,$0.50B,-5.21%,$-0.03B,$1.01B,-2.51%,$0.07B,$0.55B,13.65%,$338,$209,$129,$0,$106,$333,$5,$-0,$5,$2,$3,$3,$0,$23,$5,$29,29,$0.00,$0.00,$147,$219,$85,$578,$334,$0,$0,$7,$432,$1009,$318,$55,$35,$195,$513,$3,$279,$11,$496,$1009,$20,$36,$46,$82,$6,$-23,$51,$-6,$10,$111,$-16,$0,$0,$0,$0,$0,$-24,$-40,$85,$-70,$15,$0,$0,$0,$-20,$-5,$65,$3,$0
41,2008-04-30,22.09,$16.84,1.31,$53.74,0.41,$-13.61,0.0,$-1.89,0.0,$0.52B,$0.32B,1.64,$0.00B,$0.49B,0.0,$1.56B,$0.61B,39.26%,$1.56B,$0.03B,2.11%,$1.56B,$0.03B,2.11%,$1.56B,$0.10B,6.52%,$1.56B,$0.03B,2.11%,$1.56B,$-0.05B,-3.45%,$-0.05B,$0.49B,-10.72%,$-0.05B,$0.49B,-10.72%,$-0.05B,$0.95B,-5.18%,$0.03B,$0.49B,6.55%,$400,$229,$171,$0,$119,$366,$34,$-0,$34,$14,$19,$19,$20,$52,$34,$29,29,$0.67,$0.67,$118,$179,$99,$524,$338,$0,$0,$3,$430,$954,$320,$0,$33,$142,$462,$3,$279,$12,$492,$954,$20,$18,$58,$76,$-2,$17,$33,$1,$48,$143,$-9,$0,$0,$0,$0,$0,$-35,$-45,$0,$-42,$-42,$1,$1,$0,$-20,$-61,$37,$1,$0
42,2008-01-31,17.62,$16.21,1.09,$52.27,0.34,$-18.64,0.0,$-2.07,0.0,$0.51B,$0.31B,1.65,$0.00B,$0.47B,0.0,$1.52B,$0.60B,39.14%,$1.52B,$0.03B,1.91%,$1.52B,$0.03B,1.91%,$1.52B,$0.09B,6.18%,$1.52B,$0.03B,1.97%,$1.52B,$-0.06B,-3.88%,$-0.06B,$0.47B,-11.47%,$-0.06B,$0.47B,-11.47%,$-0.06B,$1.00B,-5.66%,$0.03B,$0.47B,5.64%,$443,$265,$178,$0,$131,$435,$8,$-1,$7,$11,$-4,$-4,$-58,$26,$8,$29,29,$-2.01,$-1.95,$82,$197,$0,$511,$354,$0,$0,$3,$487,$998,$310,$0,$35,$215,$525,$3,$260,$14,$472,$998,$-60,$66,$81,$146,$-8,$-23,$-26,$2,$-88,$-1,$-169,$0,$0,$0,$47,$47,$-3,$-125,$0,$70,$70,$1,$1,$0,$20,$90,$-32,$5,$0
43,2007-10-31,24.32,$18.42,1.32,$38.17,0.64,$-11.72,0.0,$1.42,17.13,$0.65B,$0.44B,1.47,$0.00B,$0.54B,0.0,$1.11B,$0.48B,43.33%,$1.11B,$0.07B,6.40%,$1.11B,$0.07B,6.40%,$1.11B,$0.13B,11.71%,$1.11B,$0.07B,6.67%,$1.11B,$0.04B,3.96%,$0.04B,$0.54B,8.35%,$0.04B,$0.54B,8.35%,$0.04B,$1.18B,4.29%,$0.07B,$0.54B,13.48%,$431,$258,$172,$0,$131,$407,$23,$-1,$23,$8,$15,$15,$12,$40,$23,$29,29,$0.42,$0.42,$108,$263,$0,$648,$374,$0,$0,$3,$535,$1183,$439,$0,$29,$207,$647,$3,$318,$20,$536,$1183,$-1,$47,$-20,$27,$-10,$-88,$43,$20,$-62,$-36,$-145,$0,$0,$0,$47,$47,$13,$-85,$0,$96,$96,$0,$0,$0,$13,$109,$-6,$3,$0
44,2007-07-31,32.41,$17.66,1.84,$42.30,0.77,$-7.72,0.0,$2.38,13.62,$0.54B,$0.32B,1.69,$0.00B,$0.51B,0.0,$1.23B,$0.55B,44.83%,$1.23B,$0.11B,9.19%,$1.23B,$0.11B,9.19%,$1.23B,$0.17B,13.91%,$1.23B,$0.12B,9.52%,$1.23B,$0.07B,6.02%,$0.07B,$0.51B,14.44%,$0.07B,$0.51B,14.44%,$0.07B,$1.03B,7.70%,$0.11B,$0.51B,22.05%,$290,$197,$93,$0,$110,$322,$-32,$0,$-31,$-11,$-20,$-20,$-28,$-16,$-32,$29,29,$-0.97,$-0.97,$80,$247,$0,$542,$343,$0,$0,$2,$490,$1032,$321,$0,$28,$198,$519,$3,$306,$11,$514,$1032,$-13,$30,$-12,$18,$-1,$-75,$25,$7,$-87,$-83,$-96,$0,$0,$0,$47,$47,$23,$-26,$0,$72,$72,$0,$0,$0,$0,$72,$-34,$2,$0
45,2007-04-30,50.23,$18.38,2.73,$46.00,1.09,$-5.06,0.0,$2.82,17.81,$0.50B,$0.22B,2.24,$0.00B,$0.54B,0.0,$1.34B,$0.60B,44.57%,$1.34B,$0.12B,9.21%,$1.34B,$0.12B,9.21%,$1.34B,$0.18B,13.56%,$1.34B,$0.13B,9.51%,$1.34B,$0.09B,6.59%,$0.09B,$0.54B,17.86%,$0.09B,$0.54B,17.86%,$0.09B,$0.95B,9.70%,$0.12B,$0.54B,24.96%,$356,$204,$152,$0,$108,$326,$30,$1,$31,$12,$19,$19,$15,$44,$30,$29,29,$0.51,$0.49,$173,$160,$0,$499,$307,$0,$0,$2,$455,$954,$222,$0,$7,$197,$419,$3,$334,$8,$535,$954,$15,$15,$-8,$7,$1,$11,$4,$5,$5,$27,$-39,$0,$0,$0,$-4,$-4,$19,$-25,$0,$0,$0,$0,$0,$0,$0,$0,$3,$1,$0
46,2007-01-31,51.51,$17.94,2.87,$48.86,1.05,$-5.46,0.0,$2.85,18.07,$0.52B,$0.24B,2.17,$0.00B,$0.52B,0.0,$1.41B,$0.61B,43.39%,$1.41B,$0.12B,8.25%,$1.41B,$0.12B,8.25%,$1.41B,$0.17B,12.38%,$1.41B,$0.12B,8.53%,$1.41B,$0.09B,6.26%,$0.09B,$0.52B,18.76%,$0.09B,$0.52B,18.76%,$0.09B,$0.94B,10.16%,$0.12B,$0.52B,24.73%,$33,$-31,$64,$0,$2,$-17,$50,$0,$51,$9,$42,$42,$45,$62,$50,$29,29,$1.55,$1.51,$190,$239,$0,$523,$342,$0,$0,$3,$414,$937,$241,$0,$6,$174,$415,$3,$326,$4,$522,$937,$87,$58,$26,$84,$-6,$-21,$8,$-3,$-33,$139,$-108,$0,$0,$0,$-47,$-47,$-74,$-229,$0,$0,$0,$27,$27,$0,$11,$38,$-53,$4,$0
47,2006-10-31,66.69,$16.49,4.05,$67.22,0.99,$-5.65,0.0,$2.94,22.68,$0.55B,$0.27B,2.04,$0.00B,$0.48B,0.0,$1.91B,$0.78B,40.77%,$1.91B,$0.13B,7.00%,$1.91B,$0.13B,7.00%,$1.91B,$0.20B,10.25%,$1.91B,$0.14B,7.16%,$1.91B,$0.09B,4.44%,$0.09B,$0.48B,19.43%,$0.09B,$0.48B,19.43%,$0.09B,$0.92B,10.33%,$0.13B,$0.48B,30.63%,$550,$308,$242,$0,$160,$485,$65,$1,$66,$24,$42,$42,$42,$81,$65,$29,29,$1.43,$1.38,$147,$300,$0,$551,$311,$0,$0,$5,$372,$922,$270,$0,$7,$173,$443,$3,$281,$8,$479,$922,$43,$47,$2,$48,$-16,$-86,$38,$25,$-54,$37,$-101,$0,$0,$0,$-13,$-13,$-0,$-115,$0,$0,$0,$27,$27,$0,$11,$38,$-39,$3,$0
