,Date,Stock Price,Book Value per Share,Price to Book Ratio,TTM Sales per Share,Price to Sales Ratio,TTM FCF per Share,Price to FCF Ratio,TTM Net EPS,PE Ratio,Current Assets,Current Liabilities,Current Ratio,Long Term Debt,Shareholder's Equity_x,Debt to Equity Ratio,TTM Revenue_x,TTM Gross Profit,Gross Margin,TTM Revenue_y,TTM Operating Income,Operating Margin,TTM Revenue_x,TTM EBIT,EBIT Margin,TTM Revenue_y,TTM EBITDA,EBITDA Margin,TTM Revenue_x,TTM Pre-Tax Income,Pre-Tax Margin,TTM Revenue_y,TTM Net Income_x,Net Margin,TTM Net Income_y,Shareholder's Equity_y,Return on Equity,TTM Net Income_x,Tangible Equity,Return on Tangible Equity,TTM Net Income_y,Total Assets,Return on Assets,TTM Net Income,LT Investments & Debt,Return on Investment,revenue,cost-goods-sold,gross-profit,research-development-expenses,selling-general-administrative-expenses,operating-expenses,operating-income,total-non-operating-income-expense,pre-tax-income,total-provision-income-taxes,income-after-taxes,income-from-continuous-operations,net-income,ebitda,ebit,basic-shares-outstanding,shares-outstanding,eps-basic-net-earnings-per-share,eps-earnings-per-share-diluted,cash-on-hand,inventory,other-current-assets,total-current-assets,net-property-plant-equipment,long-term-investments,goodwill-intangible-assets-total,other-long-term-assets,total-long-term-assets,total-assets,total-current-liabilities,long-term-debt,other-non-current-liabilities,total-long-term-liabilities,total-liabilities,common-stock-net,retained-earnings-accumulated-deficit,comprehensive-income,total-share-holder-equity,total-liabilities-share-holders-equity,net-income-loss,total-depreciation-amortization-cash-flow,other-non-cash-items,total-non-cash-items,change-in-accounts-receivable,change-in-inventories,change-in-accounts-payable,change-in-assets-liabilities,total-change-in-assets-liabilities,cash-flow-from-operating-activities,net-change-in-property-plant-equipment,net-change-in-intangible-assets,net-acquisitions-divestitures,net-change-in-short-term-investments,net-change-in-long-term-investments,net-change-in-investments-total,investing-activities-other,cash-flow-from-investing-activities,net-long-term-debt,net-current-debt,debt-issuance-retirement-net-total,net-common-equity-issued-repurchased,net-total-equity-issued-repurchased,total-common-preferred-stock-dividends-paid,financial-activities-other,cash-flow-from-financial-activities,net-cash-flow,stock-based-compensation,common-stock-dividends-paid
0,2018-09-30,67.79,$40.41,1.68,$4.64,14.62,$7.36,9.21,$2.45,27.67,$0.28B,$0.87B,0.32,$11.23B,$25.37B,0.44,$2.62B,$1.90B,72.76%,$2.62B,$0.76B,29.19%,$2.62B,$0.76B,29.19%,$2.62B,$1.68B,64.16%,$2.62B,$1.53B,58.39%,$2.62B,$1.34B,51.32%,$1.34B,$25.44B,6.58%,$1.34B,$25.44B,6.58%,$1.34B,$38.27B,4.23%,$0.76B,$36.67B,2.52%,$682,$183,$500,$0,$62,$501,$182,$208,$389,$14,$376,$376,$346,$418,$182,$575,598,$0.60,$0.60,$276,$0,$0,$276,$29834,$0,$0,$8158,$37993,$38268,$873,$11232,$725,$11957,$12831,$6,$-2673,$-1047,$25438,$38268,$1132,$624,$-422,$202,$-77,$0,$0,$0,$-60,$1274,$-688,$0,$-46,$0,$-117,$-117,$207,$-644,$184,$0,$184,$5,$5,$-820,$-158,$-789,$-171,$58,$-820
1,2018-06-30,65.69,$35.11,1.87,$4.58,14.33,$10.25,6.41,$3.48,18.88,$0.53B,$0.72B,0.73,$9.43B,$18.66B,0.51,$2.54B,$1.84B,72.58%,$2.54B,$0.76B,29.83%,$2.54B,$0.76B,29.83%,$2.54B,$1.62B,63.99%,$2.54B,$2.07B,81.56%,$2.54B,$1.87B,73.80%,$1.87B,$18.73B,10.02%,$1.87B,$18.73B,10.02%,$1.87B,$29.50B,6.33%,$0.76B,$28.15B,2.68%,$621,$168,$453,$0,$58,$434,$187,$192,$379,$14,$365,$365,$335,$383,$187,$533,555,$0.63,$0.62,$528,$0,$0,$528,$21271,$0,$0,$7704,$28975,$29503,$720,$9427,$630,$10057,$10776,$5,$-2716,$-1041,$18727,$29503,$757,$387,$-246,$141,$-36,$0,$0,$0,$-125,$773,$-268,$0,$0,$0,$-83,$-83,$165,$-187,$163,$0,$163,$4,$4,$-515,$-152,$-500,$81,$39,$-515
2,2018-03-31,62.52,$35.24,1.77,$4.85,12.89,$10.34,6.05,$3.36,18.61,$0.46B,$0.69B,0.66,$9.46B,$18.72B,0.51,$2.68B,$1.96B,72.87%,$2.68B,$0.85B,31.49%,$2.68B,$0.85B,31.49%,$2.68B,$1.72B,64.07%,$2.68B,$1.99B,74.32%,$2.68B,$1.81B,67.28%,$1.81B,$18.79B,9.77%,$1.81B,$18.79B,9.77%,$1.81B,$29.67B,6.07%,$0.85B,$28.25B,2.98%,$694,$187,$507,$0,$62,$457,$237,$171,$409,$17,$392,$392,$366,$429,$237,$532,554,$0.69,$0.68,$458,$0,$0,$458,$21677,$0,$0,$7537,$29213,$29671,$693,$9460,$730,$10191,$10883,$5,$-2795,$-903,$18788,$29671,$392,$192,$-188,$4,$-3,$0,$0,$0,$-47,$349,$62,$0,$0,$0,$-52,$-52,$142,$152,$-156,$0,$-156,$1,$1,$-258,$-84,$-496,$11,$20,$-258
3,2017-12-31,63.55,$35.15,1.81,$4.74,13.4,$10.30,6.17,$3.06,20.77,$0.48B,$0.70B,0.69,$9.41B,$18.64B,0.51,$2.62B,$1.89B,72.31%,$2.62B,$0.77B,29.41%,$2.62B,$0.77B,29.41%,$2.62B,$1.65B,63.03%,$2.62B,$1.82B,69.33%,$2.62B,$1.64B,62.72%,$1.64B,$18.71B,9.02%,$1.64B,$18.71B,9.02%,$1.64B,$29.48B,5.51%,$0.77B,$28.12B,2.70%,$620,$176,$444,$0,$60,$462,$158,$193,$351,$12,$339,$339,$296,$449,$158,$530,552,$0.57,$0.55,$447,$0,$0,$481,$21779,$0,$0,$7220,$29000,$29481,$703,$9413,$660,$10073,$10775,$5,$-2904,$-902,$18706,$29481,$1761,$880,$-1027,$-147,$37,$0,$0,$0,$74,$1687,$924,$0,$-375,$0,$-250,$-250,$244,$543,$-876,$0,$-876,$33,$20,$-943,$-808,$-2607,$-360,$77,$-943
4,2017-09-30,62.1,$34.88,1.78,$4.75,13.06,$9.01,6.89,$3.33,18.65,$0.57B,$0.71B,0.8,$9.72B,$18.48B,0.53,$2.62B,$1.90B,72.46%,$2.62B,$0.78B,29.64%,$2.62B,$0.78B,29.64%,$2.62B,$1.66B,63.56%,$2.62B,$1.95B,74.45%,$2.62B,$1.79B,68.26%,$1.79B,$18.56B,9.85%,$1.79B,$18.56B,9.85%,$1.79B,$29.65B,5.96%,$0.78B,$28.28B,2.70%,$603,$165,$438,$0,$58,$427,$175,$756,$931,$18,$913,$913,$876,$363,$175,$531,554,$1.65,$1.63,$569,$0,$0,$569,$21999,$0,$0,$7086,$29085,$29654,$707,$9721,$667,$10388,$11095,$5,$-2966,$-925,$18559,$29654,$1422,$589,$-776,$-187,$76,$0,$0,$0,$125,$1360,$783,$0,$-375,$0,$-244,$-244,$178,$342,$-468,$0,$-468,$31,$31,$-707,$-813,$-1957,$-239,$58,$-707
5,2017-06-30,57.0,$33.61,1.7,$4.95,11.51,$7.26,7.85,$2.22,25.68,$0.29B,$0.56B,0.52,$11.08B,$17.78B,0.62,$2.72B,$1.98B,72.72%,$2.72B,$0.83B,30.66%,$2.72B,$0.83B,30.66%,$2.72B,$1.72B,63.38%,$2.72B,$1.34B,49.30%,$2.72B,$1.19B,43.75%,$1.19B,$17.86B,6.59%,$1.19B,$17.86B,6.59%,$1.19B,$30.15B,3.93%,$0.83B,$28.94B,2.87%,$766,$200,$566,$0,$60,$491,$275,$27,$303,$15,$288,$288,$267,$478,$275,$530,552,$0.50,$0.50,$271,$0,$0,$291,$23475,$0,$0,$6385,$29860,$30150,$555,$11082,$653,$11735,$12290,$5,$-3607,$-934,$17860,$30150,$509,$401,$-168,$233,$61,$0,$0,$0,$3,$745,$-194,$0,$0,$0,$-145,$-145,$168,$-171,$98,$0,$98,$25,$25,$-471,$-779,$-1126,$-536,$38,$-471
6,2017-03-31,50.04,$33.32,1.5,$4.67,10.72,$7.89,6.35,$2.24,22.34,$0.41B,$0.55B,0.75,$10.97B,$17.59B,0.62,$2.56B,$1.85B,72.22%,$2.56B,$0.70B,27.43%,$2.56B,$0.70B,27.43%,$2.56B,$1.59B,62.28%,$2.56B,$1.34B,52.39%,$2.56B,$1.20B,46.87%,$1.20B,$17.67B,6.59%,$1.20B,$17.67B,6.59%,$1.20B,$29.82B,3.94%,$0.70B,$28.64B,2.40%,$629,$184,$445,$0,$54,$467,$162,$68,$230,$10,$221,$221,$203,$360,$162,$529,550,$0.38,$0.38,$396,$0,$0,$413,$23216,$0,$0,$6186,$29402,$29815,$550,$10967,$630,$11597,$12147,$5,$-3640,$-943,$17668,$29815,$221,$198,$-32,$166,$33,$0,$0,$0,$-34,$353,$38,$0,$0,$0,$-107,$-107,$125,$56,$250,$0,$250,$2,$2,$-235,$-846,$-829,$-411,$18,$-235
7,2016-12-31,50.47,$34.91,1.45,$4.64,10.87,$7.96,6.34,$2.25,22.43,$0.84B,$0.56B,1.51,$10.61B,$18.38B,0.58,$2.53B,$1.84B,72.44%,$2.53B,$0.67B,26.37%,$2.53B,$0.67B,26.37%,$2.53B,$1.59B,62.61%,$2.53B,$1.35B,53.18%,$2.53B,$1.20B,47.49%,$1.20B,$18.46B,6.56%,$1.20B,$18.46B,6.56%,$1.20B,$30.25B,3.90%,$0.67B,$29.07B,2.26%,$620,$172,$448,$0,$56,$456,$164,$320,$485,$18,$467,$467,$441,$463,$164,$526,547,$0.84,$0.84,$807,$0,$0,$839,$23361,$0,$0,$6050,$29411,$30250,$556,$10608,$627,$11236,$11792,$5,$-3610,$-937,$18458,$30250,$1293,$916,$-712,$204,$-106,$0,$0,$0,$-80,$1417,$459,$0,$0,$0,$-266,$-266,$1059,$1252,$-898,$0,$-898,$39,$39,$-893,$-373,$-2125,$543,$60,$-893
8,2016-09-30,50.77,$34.59,1.47,$4.71,10.78,$7.23,7.03,$1.66,30.59,$0.41B,$0.67B,0.61,$11.26B,$18.21B,0.62,$2.56B,$1.85B,72.26%,$2.56B,$0.61B,23.87%,$2.56B,$0.61B,23.87%,$2.56B,$1.53B,59.82%,$2.56B,$0.99B,38.77%,$2.56B,$0.88B,34.43%,$0.88B,$18.28B,4.80%,$0.88B,$18.28B,4.80%,$0.88B,$30.89B,2.83%,$0.61B,$29.54B,2.05%,$705,$185,$519,$0,$58,$472,$233,$91,$323,$16,$307,$307,$279,$423,$233,$527,547,$0.53,$0.52,$375,$0,$0,$409,$23932,$0,$0,$6547,$30479,$30888,$672,$11257,$676,$11933,$12605,$5,$-3828,$-889,$18283,$30888,$826,$618,$-393,$224,$-48,$0,$0,$0,$-53,$997,$162,$0,$0,$0,$-229,$-229,$797,$730,$-667,$0,$-667,$38,$38,$-669,$-330,$-1629,$111,$44,$-669
9,2016-06-30,46.13,$34.73,1.33,$4.52,10.22,$6.78,6.8,$1.63,28.3,$0.37B,$0.63B,0.58,$11.14B,$18.21B,0.61,$2.43B,$1.74B,71.63%,$2.43B,$0.48B,19.74%,$2.43B,$0.48B,19.74%,$2.43B,$1.41B,58.02%,$2.43B,$0.99B,40.71%,$2.43B,$0.86B,35.36%,$0.86B,$18.28B,4.70%,$0.86B,$18.28B,4.70%,$0.86B,$30.75B,2.75%,$0.48B,$29.42B,1.61%,$602,$169,$434,$0,$57,$460,$142,$159,$301,$5,$296,$296,$275,$346,$142,$525,545,$0.52,$0.52,$332,$0,$0,$366,$24035,$0,$0,$6345,$30380,$30746,$627,$11139,$696,$11835,$12463,$5,$-3885,$-848,$18283,$30746,$519,$428,$-227,$200,$14,$0,$0,$0,$-85,$634,$254,$0,$0,$0,$-145,$-145,$751,$860,$-764,$0,$-764,$10,$10,$-445,$-239,$-1437,$68,$29,$-445
10,2016-03-31,41.21,$34.93,1.18,$4.37,9.42,$5.58,7.38,$1.38,29.86,$0.41B,$0.70B,0.58,$11.69B,$18.26B,0.64,$2.34B,$1.67B,71.28%,$2.34B,$0.43B,18.16%,$2.34B,$0.43B,18.16%,$2.34B,$1.34B,57.22%,$2.34B,$0.83B,35.64%,$2.34B,$0.73B,30.98%,$0.73B,$18.34B,3.96%,$0.73B,$18.34B,3.96%,$0.73B,$31.38B,2.31%,$0.43B,$30.03B,1.41%,$606,$172,$434,$0,$51,$477,$129,$109,$238,$16,$223,$223,$208,$354,$129,$524,544,$0.40,$0.39,$370,$0,$0,$407,$24205,$0,$0,$6764,$30968,$31376,$699,$11687,$649,$12336,$13035,$5,$-3939,$-814,$18341,$31376,$223,$224,$-64,$160,$11,$0,$0,$0,$-99,$284,$140,$0,$0,$0,$-117,$-117,$310,$332,$-207,$0,$-207,$1,$1,$-223,$-88,$-517,$106,$12,$-223
11,2015-12-31,39.64,$35.12,1.13,$4.13,9.59,$4.73,8.39,$1.64,24.17,$0.50B,$0.71B,0.7,$11.63B,$18.34B,0.63,$2.20B,$1.55B,70.32%,$2.20B,$0.38B,17.30%,$2.20B,$0.38B,17.30%,$2.20B,$1.23B,55.85%,$2.20B,$0.95B,43.20%,$2.20B,$0.86B,39.24%,$0.86B,$18.42B,4.87%,$0.86B,$18.42B,4.87%,$0.86B,$31.40B,2.88%,$0.38B,$30.05B,1.32%,$643,$183,$460,$0,$60,$538,$106,$23,$129,$2,$127,$127,$118,$406,$106,$521,534,$0.23,$0.23,$264,$0,$0,$499,$24247,$0,$0,$6649,$30896,$31395,$713,$11627,$634,$12261,$12974,$5,$-3926,$-791,$18421,$31395,$926,$849,$-597,$251,$-65,$0,$0,$0,$-60,$1116,$327,$0,$-4809,$0,$-474,$-474,$167,$-4789,$2218,$0,$2218,$90,$90,$-805,$2093,$3596,$-87,$54,$-805
12,2015-09-30,35.58,$34.69,1.03,$3.82,9.32,$4.57,7.79,$2.22,16.03,$0.51B,$0.70B,0.73,$11.93B,$18.11B,0.66,$2.01B,$1.39B,69.18%,$2.01B,$0.35B,17.41%,$2.01B,$0.35B,17.41%,$2.01B,$1.06B,52.82%,$2.01B,$1.25B,62.19%,$2.01B,$1.15B,57.51%,$1.15B,$18.19B,6.83%,$1.15B,$18.19B,6.83%,$1.15B,$31.42B,4.04%,$0.35B,$30.12B,1.27%,$581,$167,$414,$0,$54,$477,$103,$218,$322,$14,$307,$307,$259,$305,$103,$524,532,$0.49,$0.49,$310,$0,$0,$508,$24113,$0,$0,$6799,$30911,$31419,$698,$11934,$602,$12537,$13234,$5,$-3826,$-777,$18185,$31419,$799,$548,$-514,$34,$-68,$0,$0,$0,$-76,$757,$133,$0,$-4809,$0,$-439,$-439,$146,$-4969,$2526,$0,$2526,$84,$84,$-593,$2164,$4181,$-40,$40,$-593
13,2015-06-30,33.58,$35.02,0.96,$3.53,9.51,$4.44,7.56,$1.96,17.13,$0.55B,$0.54B,1.02,$12.12B,$18.28B,0.66,$1.84B,$1.26B,68.68%,$1.84B,$0.32B,17.62%,$1.84B,$0.32B,17.62%,$1.84B,$0.96B,51.98%,$1.84B,$1.05B,57.04%,$1.84B,$1.03B,56.01%,$1.03B,$18.35B,6.49%,$1.03B,$18.35B,6.49%,$1.03B,$31.60B,3.85%,$0.32B,$30.48B,1.27%,$510,$151,$360,$0,$52,$423,$87,$58,$145,$5,$140,$140,$140,$274,$87,$523,531,$0.27,$0.27,$351,$0,$0,$549,$24388,$0,$0,$6666,$31054,$31602,$537,$12121,$590,$12711,$13248,$5,$-3871,$-631,$18354,$31602,$492,$346,$-383,$-38,$-15,$0,$0,$0,$-98,$356,$-129,$0,$-4809,$0,$-341,$-341,$198,$-5081,$2727,$0,$2727,$83,$83,$-381,$2303,$4731,$0,$27,$-381
14,2015-03-31,39.07,$30.14,1.3,$3.46,11.29,$4.91,7.95,$1.82,21.47,$0.39B,$0.46B,0.85,$8.64B,$15.72B,0.55,$1.79B,$1.23B,68.53%,$1.79B,$0.33B,18.56%,$1.79B,$0.33B,18.56%,$1.79B,$0.95B,52.82%,$1.79B,$1.05B,58.58%,$1.79B,$0.96B,53.83%,$0.96B,$15.79B,6.49%,$0.96B,$15.79B,6.49%,$0.96B,$25.46B,3.87%,$0.33B,$24.43B,1.40%,$463,$152,$311,$0,$51,$379,$84,$269,$353,$2,$351,$351,$345,$242,$84,$514,529,$0.67,$0.65,$192,$0,$0,$390,$18923,$0,$0,$6148,$25071,$25461,$460,$8641,$567,$9208,$9668,$5,$-3819,$-702,$15793,$25461,$351,$159,$-286,$-128,$-29,$0,$0,$0,$-142,$82,$-123,$0,$0,$0,$-124,$-124,$46,$-200,$101,$0,$101,$82,$82,$-191,$-25,$-32,$-159,$13,$-191
15,2014-12-31,38.27,$29.80,1.28,$3.45,11.1,$4.58,8.36,$1.18,32.43,$0.35B,$0.63B,0.56,$9.34B,$15.11B,0.62,$1.76B,$1.22B,68.99%,$1.76B,$0.32B,18.11%,$1.76B,$0.32B,18.11%,$1.76B,$0.94B,53.38%,$1.76B,$0.71B,40.55%,$1.76B,$0.62B,35.38%,$0.62B,$15.18B,4.29%,$0.62B,$15.18B,4.29%,$0.62B,$25.78B,2.53%,$0.32B,$24.52B,1.36%,$451,$149,$302,$0,$48,$376,$75,$352,$427,$-0,$428,$428,$409,$238,$75,$500,506,$0.82,$0.87,$351,$0,$0,$351,$19399,$0,$0,$6025,$25424,$25775,$628,$9337,$626,$9963,$10591,$5,$-3974,$-600,$15184,$25775,$739,$621,$-415,$206,$-0,$0,$0,$0,$-51,$894,$396,$0,$0,$0,$-1347,$-1347,$285,$-665,$-143,$0,$-143,$378,$-322,$0,$114,$-351,$-140,$57,$0
16,2014-09-30,33.26,$28.28,1.18,$3.45,9.65,$10.77,3.09,$0.49,67.89,$0.44B,$0.56B,0.8,$8.82B,$14.06B,0.63,$1.75B,$1.22B,69.95%,$1.75B,$0.32B,18.03%,$1.75B,$0.32B,18.03%,$1.75B,$0.90B,51.40%,$1.75B,$0.32B,18.26%,$1.75B,$0.27B,15.63%,$0.27B,$14.14B,1.91%,$0.27B,$14.14B,1.91%,$0.27B,$24.07B,1.12%,$0.32B,$22.96B,1.36%,$415,$125,$290,$0,$58,$337,$78,$46,$124,$-23,$147,$147,$136,$202,$78,$499,516,$0.27,$0.23,$312,$0,$0,$444,$16771,$0,$0,$6857,$23628,$24072,$557,$8823,$555,$9378,$9935,$5,$-4214,$-511,$14137,$24072,$312,$458,$-215,$243,$-21,$0,$0,$0,$-104,$451,$345,$0,$0,$0,$-1325,$-1325,$376,$-603,$316,$0,$316,$15,$-13,$-502,$176,$-23,$-179,$43,$-502
17,2014-06-30,35.95,$28.56,1.26,$3.49,10.31,$15.51,2.32,$0.24,149.79,$0.39B,$0.62B,0.64,$8.53B,$14.20B,0.6,$1.76B,$1.23B,69.86%,$1.76B,$0.31B,17.89%,$1.76B,$0.31B,17.89%,$1.76B,$0.94B,53.28%,$1.76B,$0.16B,9.06%,$1.76B,$0.13B,7.35%,$0.13B,$14.28B,0.90%,$0.13B,$14.28B,0.90%,$0.13B,$24.13B,0.53%,$0.31B,$22.81B,1.35%,$460,$137,$323,$0,$60,$365,$95,$48,$144,$-9,$152,$152,$73,$263,$95,$499,517,$0.15,$0.13,$267,$0,$0,$391,$17133,$0,$0,$6607,$23740,$24132,$616,$8529,$709,$9239,$9855,$5,$-4189,$-385,$14277,$24132,$164,$334,$-174,$159,$-35,$0,$0,$0,$-18,$306,$159,$0,$0,$0,$-656,$-656,$308,$-190,$-185,$0,$-185,$12,$-16,$-336,$186,$-351,$-224,$29,$-336
18,2014-03-31,35.44,$29.01,1.22,$3.44,10.31,$20.91,1.69,$0.11,322.19,$0.51B,$0.57B,0.88,$8.87B,$14.39B,0.62,$1.71B,$1.18B,69.11%,$1.71B,$0.28B,16.30%,$1.71B,$0.28B,16.30%,$1.71B,$0.89B,52.29%,$1.71B,$0.02B,0.88%,$1.71B,$0.05B,3.17%,$0.05B,$14.49B,0.38%,$0.05B,$14.49B,0.38%,$0.05B,$24.66B,0.22%,$0.28B,$23.36B,1.20%,$435,$135,$300,$0,$63,$363,$71,$-53,$19,$7,$12,$12,$5,$237,$71,$499,504,$0.01,$0.01,$199,$0,$0,$505,$18341,$0,$0,$5809,$24150,$24655,$573,$8871,$719,$9589,$10162,$5,$-4095,$-445,$14493,$24655,$12,$166,$10,$176,$-55,$0,$0,$0,$-115,$72,$-281,$0,$0,$0,$-328,$-328,$92,$-517,$-153,$0,$-153,$7,$7,$-168,$445,$132,$-302,$15,$-168
19,2013-12-31,31.81,$28.42,1.12,$3.58,8.89,$27.84,1.14,$0.67,47.48,$0.79B,$0.56B,1.4,$9.01B,$14.08B,0.64,$1.75B,$1.21B,69.05%,$1.75B,$0.30B,17.36%,$1.75B,$0.30B,17.36%,$1.75B,$0.93B,53.23%,$1.75B,$0.34B,19.25%,$1.75B,$0.31B,17.93%,$0.31B,$14.18B,2.24%,$0.31B,$14.18B,2.24%,$0.31B,$24.57B,1.29%,$0.30B,$23.19B,1.33%,$437,$127,$309,$0,$63,$365,$71,$-40,$32,$22,$9,$9,$59,$196,$71,$486,492,$0.09,$0.09,$491,$0,$0,$787,$18255,$0,$0,$5530,$23785,$24572,$564,$9011,$821,$9832,$10396,$5,$-3933,$-436,$14176,$24572,$353,$627,$-402,$225,$-13,$0,$0,$0,$-93,$485,$3814,$0,$0,$0,$-1900,$-1900,$420,$2334,$-2517,$0,$-2517,$1506,$1023,$-581,$-291,$-2366,$390,$49,$-581
20,2013-09-30,32.14,$28.61,1.12,$3.73,8.62,$21.64,1.49,$0.05,642.8,$0.49B,$0.69B,0.71,$9.12B,$14.16B,0.64,$1.79B,$1.24B,69.34%,$1.79B,$0.06B,3.57%,$1.79B,$0.06B,3.57%,$1.79B,$0.74B,41.19%,$1.79B,$0.03B,1.90%,$1.79B,$0.03B,1.45%,$0.03B,$14.26B,0.19%,$0.03B,$14.26B,0.19%,$0.03B,$24.79B,0.10%,$0.06B,$23.38B,0.27%,$423,$129,$294,$0,$55,$346,$77,$-114,$-36,$12,$-49,$-49,$-8,$239,$77,$498,500,$-0.02,$-0.02,$164,$0,$0,$492,$19060,$0,$0,$5238,$24298,$24790,$692,$9119,$714,$9834,$10526,$5,$-3853,$-452,$14264,$24790,$285,$503,$-344,$159,$0,$0,$0,$-38,$-112,$332,$2808,$0,$-462,$0,$-1036,$-1036,$357,$1667,$-2261,$0,$-2261,$1502,$589,$0,$-257,$-1929,$21,$34,$0
21,2013-06-30,31.98,$28.73,1.11,$3.97,8.07,$16.76,1.91,$-0.03,0.0,$0.73B,$0.65B,1.12,$8.42B,$14.22B,0.59,$1.87B,$1.31B,69.89%,$1.87B,$0.06B,3.32%,$1.87B,$0.06B,3.32%,$1.87B,$0.81B,43.48%,$1.87B,$0.04B,2.19%,$1.87B,$-0.01B,-0.70%,$-0.01B,$14.32B,-0.09%,$-0.01B,$14.32B,-0.09%,$-0.01B,$24.04B,-0.05%,$0.06B,$22.74B,0.25%,$411,$135,$276,$0,$55,$352,$59,$-59,$-0,$20,$-21,$-21,$-2,$220,$59,$486,488,$0.00,$0.00,$412,$0,$0,$727,$18476,$0,$0,$4835,$23311,$24038,$651,$8417,$647,$9064,$9715,$5,$-3704,$-541,$14323,$24038,$292,$341,$-358,$-17,$0,$0,$0,$55,$-71,$204,$2869,$0,$0,$0,$-598,$-598,$148,$2418,$-2797,$0,$-2797,$1502,$1020,$-288,$-220,$-2286,$285,$22,$-288
22,2013-03-31,33.66,$28.57,1.18,$4.21,7.99,$11.73,2.87,$-0.05,0.0,$1.16B,$0.59B,1.97,$9.07B,$13.11B,0.69,$1.96B,$1.39B,70.97%,$1.96B,$0.11B,5.36%,$1.96B,$0.11B,5.36%,$1.96B,$0.87B,44.44%,$1.96B,$0.04B,1.94%,$1.96B,$-0.02B,-0.97%,$-0.02B,$13.21B,-0.14%,$-0.02B,$13.21B,-0.14%,$-0.02B,$24.08B,-0.07%,$0.11B,$22.29B,0.41%,$480,$150,$330,$0,$56,$383,$97,$244,$341,$52,$289,$289,$265,$277,$97,$461,479,$0.58,$0.57,$834,$0,$0,$1162,$18303,$0,$0,$4611,$22914,$24075,$589,$9074,$719,$10276,$10865,$5,$-3561,$-504,$13211,$24075,$297,$180,$-340,$-160,$0,$0,$0,$33,$-8,$129,$2990,$0,$0,$0,$-258,$-258,$83,$2815,$-2128,$0,$-2128,$5,$5,$-141,$1,$-2262,$685,$10,$-141
23,2012-12-31,30.5,$29.83,1.02,$4.22,7.23,$6.40,4.76,$-0.20,0.0,$0.64B,$0.61B,1.04,$11.79B,$13.19B,0.89,$1.96B,$1.41B,71.72%,$1.96B,$0.09B,4.75%,$1.96B,$0.09B,4.75%,$1.96B,$0.86B,43.90%,$1.96B,$-0.10B,-5.21%,$1.96B,$-0.08B,-4.19%,$-0.08B,$13.77B,-0.58%,$-0.08B,$13.77B,-0.58%,$-0.08B,$27.31B,-0.29%,$0.09B,$25.56B,0.35%,$480,$136,$344,$0,$61,$649,$-169,$-102,$-271,$3,$-275,$-275,$-229,$3,$-169,$460,462,$-0.50,$-0.50,$278,$0,$0,$637,$23328,$0,$0,$3345,$26673,$27310,$612,$11791,$1134,$12925,$13537,$5,$-3696,$-234,$13773,$27310,$-30,$767,$-89,$678,$-178,$0,$0,$0,$-184,$463,$713,$0,$-365,$0,$-165,$-165,$347,$530,$-408,$0,$-408,$31,$31,$-568,$-126,$-1072,$-75,$53,$0
24,2012-09-30,29.05,$30.75,0.94,$4.26,6.82,$5.69,5.11,$0.20,145.25,$0.76B,$0.63B,1.21,$12.58B,$13.59B,0.93,$1.88B,$1.36B,72.09%,$1.88B,$0.30B,15.74%,$1.88B,$0.30B,15.74%,$1.88B,$1.04B,55.13%,$1.88B,$0.06B,2.98%,$1.88B,$0.10B,5.42%,$0.10B,$14.18B,0.71%,$0.10B,$14.18B,0.71%,$0.10B,$28.58B,0.36%,$0.30B,$26.75B,1.12%,$499,$142,$357,$0,$56,$424,$75,$-105,$-29,$-20,$-9,$-9,$-47,$313,$75,$460,462,$-0.10,$-0.10,$331,$0,$0,$757,$24072,$0,$0,$3748,$27820,$28576,$626,$12578,$1198,$13776,$14402,$5,$-3336,$-165,$14175,$28576,$185,$595,$-240,$355,$0,$0,$0,$-186,$-167,$373,$275,$0,$-491,$0,$-70,$-70,$238,$-48,$180,$0,$180,$29,$29,$-426,$-129,$-346,$-18,$24,$-389
25,2012-06-30,27.34,$30.76,0.89,$4.19,6.52,$4.67,5.86,$0.42,65.11,$0.86B,$0.60B,1.43,$12.43B,$13.59B,0.92,$1.85B,$1.33B,71.91%,$1.85B,$0.30B,16.21%,$1.85B,$0.30B,16.21%,$1.85B,$0.99B,53.48%,$1.85B,$0.13B,6.75%,$1.85B,$0.20B,11.02%,$0.20B,$14.17B,1.41%,$0.20B,$14.17B,1.41%,$0.20B,$28.42B,0.72%,$0.30B,$26.60B,1.13%,$501,$141,$360,$0,$51,$400,$102,$-105,$-3,$8,$-11,$-11,$-8,$278,$102,$460,460,$-0.02,$-0.02,$445,$0,$0,$858,$24166,$0,$0,$3391,$27557,$28416,$600,$12434,$1212,$13646,$14246,$5,$-3159,$-334,$14170,$28416,$218,$358,$-256,$102,$0,$0,$0,$-104,$-159,$160,$424,$0,$-392,$0,$-50,$-50,$209,$190,$132,$0,$132,$23,$23,$-287,$-108,$-240,$118,$16,$-260
26,2012-03-31,29.38,$31.66,0.93,$4.15,7.09,$3.95,7.44,$-0.05,0.0,$0.85B,$0.67B,1.26,$12.38B,$13.97B,0.89,$1.67B,$1.20B,71.99%,$1.67B,$0.15B,9.04%,$1.67B,$0.15B,9.04%,$1.67B,$0.79B,47.46%,$1.67B,$-0.03B,-1.62%,$1.67B,$0.06B,3.65%,$0.06B,$14.55B,0.42%,$0.06B,$14.55B,0.42%,$0.06B,$28.87B,0.21%,$0.15B,$26.93B,0.57%,$479,$136,$344,$0,$60,$394,$85,$116,$201,$12,$189,$189,$202,$266,$85,$459,476,$0.44,$0.44,$436,$0,$0,$847,$24322,$0,$0,$3700,$28021,$28868,$674,$12381,$1262,$13643,$14317,$5,$-3020,$-220,$14551,$28868,$213,$181,$-242,$-61,$0,$0,$0,$-45,$-81,$71,$491,$0,$-317,$0,$-32,$-32,$35,$177,$43,$0,$43,$19,$19,$-146,$3,$-80,$168,$8,$-129
27,2011-12-31,23.13,$31.47,0.74,$4.04,5.72,$3.47,6.66,$-0.42,0.0,$0.72B,$0.64B,1.12,$11.38B,$13.87B,0.82,$1.42B,$1.02B,71.59%,$1.42B,$0.10B,6.68%,$1.42B,$0.10B,6.68%,$1.42B,$0.64B,44.94%,$1.42B,$-0.27B,-19.27%,$1.42B,$-0.19B,-13.22%,$-0.19B,$14.46B,-1.57%,$-0.19B,$14.46B,-1.57%,$-0.19B,$27.72B,-0.81%,$0.10B,$25.84B,0.44%,$402,$107,$295,$0,$51,$368,$34,$-146,$-113,$-8,$-104,$-104,$-45,$180,$34,$371,372,$0.04,$0.04,$248,$0,$0,$719,$22630,$0,$0,$4375,$27005,$27724,$639,$11382,$1247,$12629,$13268,$5,$-3092,$-182,$14455,$27724,$-158,$545,$8,$552,$-40,$0,$0,$0,$-187,$207,$474,$0,$-791,$0,$-38,$-38,$122,$-233,$-608,$0,$-608,$1156,$1156,$-414,$29,$163,$138,$72,$-387
28,2011-09-30,19.42,$31.86,0.61,$4.05,4.8,$7.74,2.51,$-0.29,0.0,$0.87B,$0.63B,1.37,$12.15B,$14.02B,0.87,$1.26B,$0.88B,69.95%,$1.26B,$-0.65B,-51.27%,$1.26B,$-0.65B,-51.27%,$1.26B,$-0.18B,-14.07%,$1.26B,$-1.69B,-134.02%,$1.26B,$-1.40B,-110.97%,$-1.40B,$14.60B,-13.66%,$-1.40B,$14.60B,-13.66%,$-1.40B,$28.59B,-6.98%,$-0.65B,$26.75B,-3.44%,$469,$137,$332,$0,$53,$390,$79,$-40,$40,$-3,$43,$43,$55,$266,$79,$458,462,$0.12,$0.12,$295,$0,$0,$865,$23684,$0,$0,$4037,$27721,$28586,$633,$12147,$1204,$13351,$13984,$5,$-2917,$-103,$14602,$28586,$-118,$398,$-56,$343,$0,$0,$0,$-37,$-120,$105,$73,$0,$-928,$0,$-10,$-10,$66,$-799,$82,$0,$82,$1156,$1156,$-280,$-84,$874,$179,$22,$-257
29,2011-06-30,28.41,$32.84,0.86,$4.10,6.92,$9.20,3.09,$-0.37,0.0,$0.89B,$0.70B,1.26,$12.12B,$14.49B,0.84,$1.02B,$0.71B,69.74%,$1.02B,$-0.69B,-67.58%,$1.02B,$-0.69B,-67.58%,$1.02B,$-0.30B,-29.27%,$1.02B,$-1.75B,-172.30%,$1.02B,$-1.47B,-144.01%,$-1.47B,$15.07B,-19.55%,$-1.47B,$15.07B,-19.55%,$-1.47B,$29.14B,-10.01%,$-0.69B,$27.19B,-4.99%,$321,$89,$232,$0,$52,$368,$-47,$-108,$-155,$6,$-161,$-161,$-151,$81,$-47,$308,308,$-0.49,$-0.49,$329,$0,$0,$886,$23984,$0,$0,$4264,$28249,$29135,$702,$12120,$1242,$13362,$14064,$5,$-2843,$225,$15070,$29135,$-184,$212,$7,$219,$0,$0,$0,$-54,$-51,$-16,$185,$0,$-856,$0,$11,$11,$12,$-648,$-62,$0,$-62,$1156,$1156,$-142,$-67,$885,$223,$5,$-129
30,2011-03-31,28.29,$21.82,1.3,$4.09,6.91,$9.13,3.1,$0.14,202.05,$0.41B,$0.24B,1.73,$3.43B,$3.48B,0.99,$0.92B,$0.63B,69.10%,$0.92B,$-0.61B,-66.27%,$0.92B,$-0.61B,-66.27%,$0.92B,$-0.18B,-19.10%,$0.92B,$-1.68B,-183.08%,$0.92B,$-1.34B,-146.07%,$-1.34B,$3.70B,-28.72%,$-1.34B,$3.70B,-28.72%,$-1.34B,$7.42B,-14.66%,$-0.61B,$7.13B,-7.01%,$230,$71,$159,$0,$39,$201,$29,$-74,$-46,$6,$-52,$-52,$-47,$112,$29,$255,255,$-0.18,$-0.18,$235,$0,$0,$406,$5874,$0,$0,$1106,$7015,$7421,$235,$3426,$60,$3486,$3721,$2,$-10,$53,$3700,$7421,$-40,$83,$-0,$83,$0,$0,$0,$-56,$-40,$3,$177,$0,$0,$0,$11,$11,$-10,$178,$-122,$0,$-122,$0,$0,$-70,$-3,$-195,$-13,$-2,$-70
31,2010-12-31,24.73,$29.55,0.84,$4.23,5.85,$8.54,2.9,$0.06,412.2,$0.43B,$0.39B,1.1,$6.51B,$7.17B,0.91,$0.84B,$0.58B,69.05%,$0.84B,$-0.61B,-73.10%,$0.84B,$-0.61B,-73.10%,$0.84B,$-0.22B,-25.95%,$0.84B,$-1.63B,-194.29%,$0.84B,$-1.30B,-154.17%,$-1.30B,$7.52B,-28.48%,$-1.30B,$7.52B,-28.48%,$-1.30B,$14.90B,-14.39%,$-0.61B,$14.03B,-7.21%,$238,$81,$157,$0,$60,$944,$-706,$-819,$-1525,$2,$-1527,$-1527,$-1253,$-636,$-706,$220,220,$-5.69,$-5.69,$65,$0,$0,$426,$11284,$0,$0,$3193,$14477,$14903,$389,$6506,$488,$6994,$7382,$3,$-2516,$-3,$7520,$14903,$-1270,$395,$1128,$1523,$0,$0,$0,$64,$-12,$241,$1099,$0,$0,$0,$-335,$-335,$-30,$733,$-1748,$0,$-1748,$1162,$1162,$-306,$-78,$-970,$3,$25,$-281
32,2010-09-30,20.25,$21.99,0.92,$6.26,3.23,$4.05,5.0,$-0.02,0.0,$0.37B,$0.25B,1.46,$3.07B,$3.48B,0.88,$1.16B,$1.02B,87.63%,$1.16B,$0.12B,10.05%,$1.16B,$0.12B,10.05%,$1.16B,$0.70B,60.40%,$1.16B,$-0.34B,-29.55%,$1.16B,$-0.00B,-0.17%,$-0.00B,$3.70B,-0.06%,$-0.00B,$3.70B,-0.06%,$-0.00B,$7.12B,-0.03%,$0.12B,$6.77B,1.76%,$229,$66,$162,$0,$35,$193,$36,$-63,$-28,$7,$-35,$-35,$-15,$145,$36,$213,213,$-0.07,$-0.07,$206,$0,$0,$365,$5880,$0,$0,$855,$6759,$7124,$249,$3067,$108,$3175,$3425,$2,$-23,$28,$3699,$7124,$-110,$326,$-30,$295,$0,$0,$0,$5,$39,$225,$167,$0,$0,$0,$-265,$-265,$10,$-89,$82,$0,$82,$30,$30,$-235,$-29,$-152,$-17,$17,$-235
33,2010-06-30,17.92,$22.10,0.81,$6.24,2.87,$1.33,13.49,$0.37,48.44,$0.40B,$0.24B,1.65,$3.00B,$3.50B,0.86,$1.09B,$0.97B,88.71%,$1.09B,$0.11B,10.38%,$1.09B,$0.11B,10.38%,$1.09B,$0.64B,58.31%,$1.09B,$-0.30B,-27.92%,$1.09B,$0.08B,6.98%,$0.08B,$3.72B,2.23%,$0.08B,$3.72B,2.23%,$0.08B,$7.06B,1.10%,$0.11B,$6.71B,1.72%,$219,$64,$155,$0,$39,$185,$34,$-112,$-78,$-40,$-38,$-38,$-23,$204,$34,$213,213,$-0.11,$-0.11,$241,$0,$0,$397,$5770,$0,$0,$871,$6663,$7060,$241,$2995,$105,$3100,$3341,$2,$-30,$13,$3719,$7060,$-102,$216,$10,$226,$0,$0,$0,$28,$-22,$103,$0,$0,$0,$0,$0,$0,$0,$-126,$170,$0,$170,$29,$29,$-157,$-25,$17,$-9,$12,$-157
34,2010-03-31,20.59,$21.68,0.95,$6.23,3.3,$-0.18,0.0,$0.47,43.82,$0.32B,$0.25B,1.29,$3.31B,$3.03B,1.09,$1.02B,$0.92B,89.99%,$1.02B,$0.11B,10.99%,$1.02B,$0.11B,10.99%,$1.02B,$0.50B,49.46%,$1.02B,$-0.21B,-20.61%,$1.02B,$0.12B,11.38%,$0.12B,$3.25B,3.52%,$0.12B,$3.25B,3.52%,$0.12B,$6.91B,1.69%,$0.11B,$6.57B,1.71%,$154,$48,$106,$0,$32,$132,$22,$-24,$-1,$0,$-1,$-1,$-4,$69,$22,$149,149,$-0.03,$-0.03,$175,$0,$0,$318,$5772,$0,$0,$798,$6592,$6909,$246,$3314,$98,$3412,$3658,$1,$-33,$3,$3251,$6909,$-1,$46,$8,$54,$-1,$0,$0,$0,$17,$70,$-53,$0,$22,$0,$-153,$-153,$1,$-183,$112,$0,$112,$2,$2,$-49,$3,$67,$-34,$7,$-49
35,2009-12-31,19.12,$22.05,0.87,$6.85,2.79,$-1.11,0.0,$-0.74,0.0,$0.36B,$0.24B,1.52,$3.21B,$3.07B,1.05,$1.03B,$0.93B,89.98%,$1.03B,$-0.05B,-4.38%,$1.03B,$-0.05B,-4.38%,$1.03B,$0.34B,33.27%,$1.03B,$-0.35B,-34.14%,$1.03B,$-0.00B,-0.29%,$-0.00B,$3.29B,-0.09%,$-0.00B,$3.29B,-0.09%,$-0.00B,$6.84B,-0.04%,$-0.05B,$6.50B,-0.69%,$562,$-36,$597,$0,$108,$536,$25,$-262,$-237,$0,$-242,$-242,$40,$285,$25,$180,180,$0.68,$0.68,$206,$0,$0,$362,$5809,$0,$0,$646,$6480,$6842,$239,$3213,$99,$3312,$3551,$1,$-29,$4,$3291,$6842,$24,$387,$-181,$207,$0,$0,$0,$103,$-142,$89,$202,$0,$0,$0,$944,$944,$89,$1235,$-2530,$0,$-2530,$1491,$1491,$-297,$-127,$-1463,$-140,$17,$-272
36,2009-09-30,16.76,$22.90,0.73,$5.21,3.21,$-10.11,0.0,$-2.76,0.0,$0.34B,$0.25B,1.33,$3.17B,$3.13B,1.01,$0.61B,$0.43B,70.87%,$0.61B,$-0.24B,-38.46%,$0.61B,$-0.24B,-38.46%,$0.61B,$-0.07B,-11.78%,$0.61B,$-0.31B,-51.06%,$0.61B,$-0.25B,-40.10%,$-0.25B,$3.35B,-7.59%,$-0.25B,$3.35B,-7.59%,$-0.25B,$6.87B,-3.50%,$-0.24B,$6.52B,-3.54%,$154,$45,$108,$0,$27,$122,$32,$-20,$12,$0,$12,$12,$63,$77,$32,$145,146,$0.43,$0.43,$201,$0,$0,$336,$5871,$0,$0,$648,$6537,$6873,$253,$3172,$98,$3270,$3523,$1,$-15,$15,$3350,$6873,$-18,$127,$84,$211,$17,$0,$0,$0,$15,$208,$-337,$0,$450,$0,$-5,$-5,$-0,$107,$-737,$0,$-737,$553,$552,$-109,$-4,$-298,$-49,$16,$-109
37,2009-06-30,13.54,$22.51,0.6,$5.76,2.35,$-14.57,0.0,$-2.95,0.0,$0.35B,$0.26B,1.38,$3.24B,$3.07B,1.06,$0.62B,$0.44B,71.54%,$0.62B,$-0.23B,-37.56%,$0.62B,$-0.23B,-37.56%,$0.62B,$-0.07B,-11.06%,$0.62B,$-0.29B,-47.48%,$0.62B,$-0.28B,-46.18%,$-0.28B,$3.29B,-9.27%,$-0.28B,$3.29B,-9.27%,$-0.28B,$6.89B,-4.00%,$-0.23B,$6.53B,-3.49%,$149,$43,$106,$0,$26,$115,$33,$-17,$16,$0,$16,$16,$17,$73,$33,$145,145,$0.12,$0.12,$209,$0,$0,$352,$5894,$0,$0,$621,$6534,$6885,$255,$3242,$96,$3338,$3593,$1,$-78,$-11,$3292,$6885,$-94,$82,$137,$219,$7,$0,$0,$0,$-4,$121,$-271,$0,$279,$0,$-4,$-4,$-7,$-4,$-614,$0,$-614,$552,$552,$-59,$4,$-117,$-38,$12,$-59
38,2009-03-31,10.18,$22.61,0.45,$6.78,1.5,$-17.69,0.0,$-2.34,0.0,$0.43B,$0.28B,1.52,$3.23B,$3.08B,1.05,$0.67B,$0.49B,73.24%,$0.67B,$-0.18B,-27.35%,$0.67B,$-0.18B,-27.35%,$0.67B,$-0.02B,-3.14%,$0.67B,$-0.23B,-33.63%,$0.67B,$-0.23B,-34.23%,$-0.23B,$3.31B,-7.84%,$-0.23B,$3.31B,-7.84%,$-0.23B,$6.91B,-3.11%,$-0.18B,$6.54B,-2.73%,$163,$49,$114,$0,$31,$298,$-135,$-7,$-142,$0,$-142,$-142,$-123,$-93,$-135,$99,99,$-1.24,$-1.24,$282,$0,$0,$428,$5845,$0,$0,$619,$6485,$6913,$281,$3233,$94,$3327,$3608,$1,$-95,$-15,$3305,$6913,$-123,$42,$144,$185,$5,$0,$0,$0,$-1,$62,$-143,$0,$173,$0,$-5,$-5,$-10,$15,$-592,$0,$-592,$553,$553,$-6,$0,$-46,$39,$7,$-6
39,2008-12-31,16.56,$30.12,0.55,$6.85,2.42,$-18.76,0.0,$-0.71,0.0,$0.41B,$0.28B,1.46,$3.99B,$2.74B,1.46,$0.68B,$0.50B,74.19%,$0.68B,$0.00B,0.44%,$0.68B,$0.00B,0.44%,$0.68B,$0.16B,23.89%,$0.68B,$-0.02B,-2.51%,$0.68B,$-0.07B,-9.88%,$-0.07B,$2.97B,-2.42%,$-0.07B,$2.97B,-2.42%,$-0.07B,$7.30B,-0.89%,$0.00B,$6.96B,0.04%,$145,$39,$105,$0,$41,$310,$-165,$-33,$-198,$0,$-198,$-198,$-202,$-129,$-165,$97,97,$-2.06,$-2.04,$251,$0,$0,$412,$6242,$0,$0,$622,$6890,$7302,$283,$3990,$62,$4053,$4335,$1,$30,$22,$2966,$7302,$-7,$160,$128,$288,$28,$0,$0,$0,$22,$303,$-1021,$0,$226,$0,$-113,$-113,$26,$-882,$950,$0,$950,$-83,$-83,$-286,$0,$580,$4,$21,$-286
40,2008-09-30,31.62,$27.42,1.15,$6.91,4.58,$-22.03,0.0,$2.28,13.87,$0.47B,$0.30B,1.59,$3.76B,$2.47B,1.52,$0.69B,$0.51B,74.38%,$0.69B,$0.21B,30.42%,$0.69B,$0.21B,30.42%,$0.69B,$0.36B,52.98%,$0.69B,$0.23B,33.04%,$0.69B,$0.23B,32.90%,$0.23B,$2.70B,8.32%,$0.23B,$2.70B,8.32%,$0.23B,$7.32B,2.99%,$0.21B,$6.46B,3.19%,$158,$43,$115,$0,$34,$123,$36,$-4,$32,$0,$32,$32,$24,$81,$36,$97,99,$0.24,$0.24,$310,$0,$0,$473,$6162,$0,$0,$661,$6845,$7318,$297,$3758,$114,$4324,$4622,$1,$228,$11,$2696,$7318,$193,$123,$-68,$55,$-14,$0,$0,$0,$-8,$240,$-768,$0,$218,$0,$-112,$-112,$22,$-640,$762,$0,$762,$-83,$-83,$-227,$3,$455,$66,$17,$-227
41,2008-06-30,34.81,$27.68,1.26,$6.95,5.01,$-22.53,0.0,$2.73,12.75,$0.59B,$0.27B,2.17,$4.12B,$2.49B,1.66,$0.69B,$0.52B,74.78%,$0.69B,$0.22B,31.56%,$0.69B,$0.22B,31.56%,$0.69B,$0.37B,52.88%,$0.69B,$0.27B,39.05%,$0.69B,$0.27B,39.05%,$0.27B,$2.71B,9.97%,$0.27B,$2.71B,9.97%,$0.27B,$7.93B,3.62%,$0.22B,$6.83B,3.40%,$203,$46,$156,$0,$34,$121,$81,$2,$83,$0,$83,$83,$72,$120,$81,$97,99,$0.75,$0.73,$379,$0,$0,$588,$6735,$0,$0,$579,$7338,$7927,$271,$4120,$113,$4944,$5214,$1,$255,$31,$2713,$7927,$157,$79,$-52,$26,$-41,$0,$0,$0,$-56,$128,$-540,$0,$179,$0,$-44,$-44,$7,$-397,$621,$0,$621,$-84,$-84,$-152,$-1,$385,$120,$12,$-152
42,2008-03-31,37.25,$27.49,1.36,$6.56,5.68,$-22.38,0.0,$3.10,12.02,$0.50B,$0.22B,2.3,$3.99B,$2.47B,1.62,$0.66B,$0.49B,74.16%,$0.66B,$0.19B,29.03%,$0.66B,$0.19B,29.03%,$0.66B,$0.34B,51.52%,$0.66B,$0.32B,48.63%,$0.66B,$0.31B,47.11%,$0.31B,$2.69B,11.41%,$0.31B,$2.69B,11.41%,$0.31B,$7.69B,4.31%,$0.19B,$6.68B,3.09%,$172,$45,$127,$0,$35,$121,$51,$15,$66,$0,$66,$66,$39,$90,$51,$98,100,$0.39,$0.39,$322,$0,$0,$504,$6546,$0,$0,$615,$7185,$7689,$219,$3986,$103,$4779,$4998,$1,$233,$37,$2691,$7689,$70,$40,$-28,$11,$-1,$0,$0,$0,$-19,$62,$-251,$0,$107,$0,$0,$0,$-108,$-251,$394,$0,$394,$-87,$-87,$-86,$-1,$220,$36,$7,$-86
43,2007-12-31,39.4,$27.86,1.41,$6.56,6.0,$-22.56,0.0,$2.94,13.4,$0.44B,$0.21B,2.07,$3.50B,$2.54B,1.38,$0.65B,$0.48B,74.04%,$0.65B,$0.19B,29.03%,$0.65B,$0.19B,29.03%,$0.65B,$0.34B,51.61%,$0.65B,$0.29B,44.39%,$0.65B,$0.29B,45.01%,$0.29B,$2.76B,10.85%,$0.29B,$2.76B,10.85%,$0.29B,$7.26B,4.18%,$0.19B,$6.26B,3.16%,$154,$40,$113,$0,$34,$113,$41,$5,$46,$0,$46,$84,$91,$73,$41,$97,100,$0.95,$0.93,$250,$0,$0,$435,$6322,$0,$0,$483,$6828,$7262,$210,$3495,$96,$4288,$4498,$1,$245,$11,$2764,$7262,$372,$148,$-224,$-76,$-82,$0,$0,$0,$-55,$241,$-1301,$0,$767,$0,$-54,$-54,$-45,$-632,$396,$0,$396,$447,$344,$-349,$30,$420,$45,$16,$-349
44,2007-09-30,40.25,$27.31,1.47,$6.99,5.76,$-19.58,0.0,$2.93,13.74,$0.56B,$0.24B,2.34,$3.33B,$2.48B,1.34,$0.68B,$0.51B,75.04%,$0.68B,$0.21B,31.46%,$0.68B,$0.21B,31.46%,$0.68B,$0.37B,54.51%,$0.68B,$0.32B,47.71%,$0.68B,$0.29B,42.25%,$0.29B,$2.70B,11.21%,$0.29B,$2.70B,11.21%,$0.29B,$7.06B,4.16%,$0.21B,$6.03B,3.66%,$165,$43,$123,$0,$35,$120,$46,$30,$76,$0,$76,$66,$69,$84,$46,$99,101,$0.70,$0.69,$400,$0,$0,$559,$5986,$0,$0,$493,$6504,$7063,$239,$3331,$94,$4123,$4362,$1,$201,$6,$2701,$7063,$217,$115,$-107,$8,$-75,$0,$0,$0,$-9,$217,$-807,$0,$452,$0,$-54,$-54,$-28,$-437,$237,$0,$237,$442,$339,$-270,$25,$331,$122,$14,$-270
45,2007-06-30,35.49,$27.21,1.3,$7.33,4.84,$-19.71,0.0,$2.57,13.81,$0.42B,$0.18B,2.27,$3.05B,$2.49B,1.22,$0.69B,$0.52B,75.29%,$0.69B,$0.23B,33.09%,$0.69B,$0.23B,33.09%,$0.69B,$0.39B,56.36%,$0.69B,$0.29B,42.49%,$0.69B,$0.25B,35.69%,$0.25B,$2.71B,10.33%,$0.25B,$2.71B,10.33%,$0.25B,$6.76B,3.53%,$0.23B,$5.76B,3.93%,$167,$43,$125,$0,$30,$114,$53,$79,$132,$0,$132,$116,$111,$92,$53,$99,101,$1.13,$1.10,$251,$0,$0,$418,$5844,$0,$0,$473,$6342,$6759,$184,$3045,$95,$3863,$4047,$1,$181,$-2,$2712,$6759,$144,$77,$-70,$6,$-29,$0,$0,$0,$-19,$132,$-538,$0,$370,$0,$-48,$-48,$-37,$-252,$-54,$0,$-54,$494,$391,$-178,$19,$177,$49,$9,$-178
46,2007-03-31,38.88,$26.41,1.47,$7.63,5.09,$-19.45,0.0,$2.27,17.13,$0.45B,$0.19B,2.32,$3.27B,$2.40B,1.36,$0.70B,$0.53B,75.32%,$0.70B,$0.24B,34.09%,$0.70B,$0.24B,34.09%,$0.70B,$0.40B,57.20%,$0.70B,$0.23B,32.95%,$0.70B,$0.21B,29.67%,$0.21B,$2.62B,9.42%,$0.21B,$2.62B,9.42%,$0.21B,$6.98B,2.91%,$0.24B,$5.89B,4.09%,$165,$44,$121,$0,$30,$115,$49,$-15,$35,$0,$35,$23,$22,$87,$49,$92,95,$0.24,$0.23,$286,$0,$0,$447,$6104,$0,$0,$396,$6530,$6977,$193,$3267,$95,$4161,$4354,$1,$120,$-1,$2623,$6977,$26,$37,$7,$44,$-16,$0,$0,$0,$-14,$56,$-253,$0,$96,$0,$0,$0,$-5,$-162,$-183,$0,$-183,$491,$491,$-108,$-9,$191,$85,$5,$-108
47,2006-12-31,38.76,$24.16,1.6,$7.86,4.93,$-19.23,0.0,$2.30,16.85,$0.33B,$0.19B,1.77,$3.44B,$1.94B,1.77,$0.71B,$0.54B,75.70%,$0.71B,$0.26B,35.81%,$0.71B,$0.26B,35.81%,$0.71B,$0.42B,58.99%,$0.71B,$0.23B,32.02%,$0.71B,$0.21B,29.35%,$0.21B,$2.17B,10.26%,$0.21B,$2.17B,10.26%,$0.21B,$6.71B,2.92%,$0.26B,$5.60B,4.41%,$180,$41,$139,$0,$30,$115,$65,$15,$80,$0,$80,$64,$84,$106,$65,$88,91,$0.95,$0.91,$196,$0,$0,$330,$5961,$0,$0,$402,$6384,$6714,$187,$3437,$85,$4360,$4547,$1,$147,$-2,$2167,$6714,$224,$165,$-73,$92,$3,$0,$0,$0,$20,$336,$-1034,$0,$164,$0,$-19,$-19,$8,$-881,$645,$0,$645,$56,$6,$-344,$177,$484,$-58,$21,$-344
