,Date,Stock Price,Book Value per Share,Price to Book Ratio,TTM Sales per Share,Price to Sales Ratio,TTM FCF per Share,Price to FCF Ratio,TTM Net EPS,PE Ratio,Current Assets,Current Liabilities,Current Ratio,Long Term Debt,Shareholder's Equity_x,Debt to Equity Ratio,TTM Revenue_x,TTM Gross Profit,Gross Margin,TTM Revenue_y,TTM Operating Income,Operating Margin,TTM Revenue_x,TTM EBIT,EBIT Margin,TTM Revenue_y,TTM EBITDA,EBITDA Margin,TTM Revenue_x,TTM Pre-Tax Income,Pre-Tax Margin,TTM Revenue_y,TTM Net Income_x,Net Margin,TTM Net Income_y,Shareholder's Equity_y,Return on Equity,TTM Net Income_x,Tangible Equity,Return on Tangible Equity,TTM Net Income_y,Total Assets,Return on Assets,TTM Net Income,LT Investments & Debt,Return on Investment,revenue,cost-goods-sold,gross-profit,research-development-expenses,selling-general-administrative-expenses,operating-expenses,operating-income,total-non-operating-income-expense,pre-tax-income,total-provision-income-taxes,income-after-taxes,income-from-continuous-operations,net-income,ebitda,ebit,basic-shares-outstanding,shares-outstanding,eps-basic-net-earnings-per-share,eps-earnings-per-share-diluted,cash-on-hand,inventory,other-current-assets,total-current-assets,net-property-plant-equipment,long-term-investments,goodwill-intangible-assets-total,other-long-term-assets,total-long-term-assets,total-assets,total-current-liabilities,long-term-debt,other-non-current-liabilities,total-long-term-liabilities,total-liabilities,common-stock-net,retained-earnings-accumulated-deficit,comprehensive-income,total-share-holder-equity,total-liabilities-share-holders-equity,net-income-loss,total-depreciation-amortization-cash-flow,other-non-cash-items,total-non-cash-items,change-in-accounts-receivable,change-in-inventories,change-in-accounts-payable,change-in-assets-liabilities,total-change-in-assets-liabilities,cash-flow-from-operating-activities,net-change-in-property-plant-equipment,net-change-in-intangible-assets,net-acquisitions-divestitures,net-change-in-short-term-investments,net-change-in-long-term-investments,net-change-in-investments-total,investing-activities-other,cash-flow-from-investing-activities,net-long-term-debt,net-current-debt,debt-issuance-retirement-net-total,net-common-equity-issued-repurchased,net-total-equity-issued-repurchased,total-common-preferred-stock-dividends-paid,financial-activities-other,cash-flow-from-financial-activities,net-cash-flow,stock-based-compensation,common-stock-dividends-paid
0,2018-09-30,43.9,$12.10,3.63,$22.51,1.95,$2.42,18.18,$2.76,15.91,$0.23B,$0.09B,2.47,$0.27B,$0.28B,1.0,$0.51B,$0.16B,30.59%,$0.51B,$0.07B,14.31%,$0.51B,$0.07B,14.31%,$0.51B,$0.09B,18.43%,$0.51B,$0.06B,11.18%,$0.51B,$0.06B,12.35%,$0.06B,$0.28B,23.93%,$0.06B,$-0.14B,-39.50%,$0.06B,$0.71B,9.31%,$0.07B,$0.55B,13.58%,$125,$90,$35,$0,$17,$109,$15,$-4,$11,$1,$10,$10,$10,$21,$15,$23,23,$0.43,$0.43,$0,$99,$0,$232,$54,$0,$419,$8,$481,$713,$94,$273,$21,$344,$438,$0,$127,$-4,$275,$713,$29,$15,$12,$27,$-47,$-20,$-1,$-11,$-74,$-18,$-6,$0,$0,$0,$0,$0,$0,$-6,$-32,$38,$6,$0,$0,$-18,$-0,$-13,$-37,$4,$-18
1,2018-06-30,48.0,$11.90,4.03,$22.56,2.13,$3.22,14.91,$2.73,17.58,$0.19B,$0.05B,3.77,$0.27B,$0.27B,1.01,$0.51B,$0.16B,30.78%,$0.51B,$0.08B,15.29%,$0.51B,$0.08B,15.29%,$0.51B,$0.10B,19.22%,$0.51B,$0.06B,11.96%,$0.51B,$0.06B,12.16%,$0.06B,$0.27B,24.68%,$0.06B,$-0.15B,-35.58%,$0.06B,$0.67B,9.22%,$0.08B,$0.54B,14.62%,$163,$108,$56,$0,$21,$131,$32,$-4,$28,$7,$21,$21,$21,$37,$32,$23,23,$0.92,$0.91,$0,$88,$0,$186,$54,$0,$421,$7,$482,$669,$49,$274,$23,$349,$399,$0,$123,$-5,$270,$669,$19,$10,$8,$18,$-14,$-15,$1,$-1,$-26,$11,$-4,$0,$0,$0,$0,$0,$0,$-4,$-32,$0,$-32,$0,$0,$-12,$-0,$-44,$-37,$4,$-12
2,2018-03-31,43.11,$11.07,3.89,$21.53,2.0,$3.37,12.81,$2.46,17.52,$0.16B,$0.04B,3.83,$0.27B,$0.25B,1.09,$0.49B,$0.15B,30.04%,$0.49B,$0.07B,14.81%,$0.49B,$0.07B,14.81%,$0.49B,$0.09B,18.72%,$0.49B,$0.06B,11.32%,$0.49B,$0.06B,11.52%,$0.06B,$0.25B,23.41%,$0.06B,$-0.17B,-29.59%,$0.06B,$0.64B,8.31%,$0.07B,$0.53B,13.60%,$84,$64,$20,$0,$16,$83,$1,$-4,$-3,$-1,$-2,$-2,$-2,$6,$1,$23,23,$-0.08,$-0.08,$13,$99,$0,$157,$53,$0,$424,$7,$484,$641,$41,$274,$23,$348,$389,$0,$108,$-6,$251,$641,$-2,$5,$3,$8,$40,$-25,$-0,$-1,$8,$14,$-1,$0,$0,$0,$0,$0,$0,$-1,$-31,$0,$-31,$0,$0,$-6,$-0,$-37,$-24,$1,$-6
3,2017-12-31,37.37,$11.36,3.29,$21.02,1.78,$2.93,12.78,$2.40,15.57,$0.20B,$0.08B,2.45,$0.28B,$0.26B,1.07,$0.47B,$0.14B,30.17%,$0.47B,$0.07B,14.98%,$0.47B,$0.07B,14.98%,$0.47B,$0.09B,18.78%,$0.47B,$0.05B,10.97%,$0.47B,$0.06B,11.60%,$0.06B,$0.26B,23.97%,$0.06B,$-0.17B,-27.43%,$0.06B,$0.69B,8.14%,$0.07B,$0.53B,13.45%,$138,$93,$45,$0,$17,$113,$25,$-3,$21,$-13,$35,$35,$34,$30,$25,$23,23,$1.51,$1.50,$37,$79,$0,$198,$54,$0,$427,$6,$487,$685,$81,$275,$24,$348,$428,$0,$116,$-7,$257,$685,$55,$20,$-12,$8,$-1,$1,$-2,$1,$3,$66,$-8,$0,$-7,$0,$0,$0,$0,$-15,$-3,$0,$-3,$0,$0,$-22,$-8,$-33,$18,$4,$-22
4,2017-09-30,38.71,$10.03,3.86,$20.71,1.87,$3.00,12.93,$1.34,28.89,$0.21B,$0.07B,2.97,$0.31B,$0.23B,1.35,$0.47B,$0.14B,30.04%,$0.47B,$0.07B,14.81%,$0.47B,$0.07B,14.81%,$0.47B,$0.09B,18.45%,$0.47B,$0.05B,10.52%,$0.47B,$0.03B,6.65%,$0.03B,$0.23B,14.07%,$0.03B,$-0.20B,-14.67%,$0.03B,$0.69B,4.62%,$0.07B,$0.53B,13.11%,$125,$89,$36,$0,$13,$105,$20,$-5,$15,$6,$9,$9,$9,$25,$20,$23,23,$0.41,$0.40,$1,$83,$0,$206,$53,$0,$430,$6,$488,$694,$69,$305,$24,$398,$467,$0,$87,$-7,$227,$694,$21,$15,$7,$22,$-40,$-5,$-3,$0,$-44,$-1,$-5,$0,$-7,$0,$0,$0,$0,$-13,$-2,$23,$21,$0,$0,$-16,$-8,$-4,$-17,$3,$-16
5,2017-06-30,32.12,$9.83,3.27,$20.65,1.56,$3.44,9.34,$1.26,25.49,$0.18B,$0.06B,3.19,$0.31B,$0.22B,1.38,$0.47B,$0.14B,30.32%,$0.47B,$0.07B,13.98%,$0.47B,$0.07B,13.98%,$0.47B,$0.08B,18.06%,$0.47B,$0.05B,9.89%,$0.47B,$0.03B,6.24%,$0.03B,$0.22B,13.36%,$0.03B,$-0.21B,-13.44%,$0.03B,$0.67B,4.31%,$0.07B,$0.53B,12.41%,$139,$94,$45,$0,$17,$114,$26,$-3,$22,$8,$15,$15,$15,$30,$26,$23,23,$0.64,$0.64,$4,$95,$0,$183,$53,$0,$433,$5,$491,$674,$57,$306,$21,$394,$451,$0,$83,$-7,$222,$674,$11,$10,$6,$16,$-1,$-13,$1,$-3,$-14,$13,$-3,$0,$-8,$0,$0,$0,$0,$-11,$-2,$3,$1,$0,$0,$-11,$-7,$-17,$-14,$2,$-11
6,2017-03-31,29.69,$9.40,3.16,$19.54,1.52,$4.03,7.36,$1.33,22.32,$0.16B,$0.04B,3.73,$0.31B,$0.21B,1.44,$0.44B,$0.14B,31.36%,$0.44B,$0.07B,15.23%,$0.44B,$0.07B,15.23%,$0.44B,$0.09B,19.55%,$0.44B,$0.05B,11.36%,$0.44B,$0.03B,6.82%,$0.03B,$0.21B,13.99%,$0.03B,$-0.22B,-16.53%,$0.03B,$0.65B,4.74%,$0.07B,$0.52B,13.67%,$72,$55,$17,$0,$15,$73,$-0,$-6,$-6,$-3,$-3,$-3,$-3,$4,$-0,$23,23,$-0.14,$-0.14,$8,$105,$0,$164,$52,$0,$430,$5,$487,$651,$44,$306,$24,$395,$439,$0,$74,$-7,$212,$651,$-3,$5,$2,$7,$37,$-27,$-2,$-5,$1,$4,$-1,$0,$0,$0,$0,$0,$0,$-1,$-1,$0,$-1,$0,$0,$-5,$-7,$-14,$-11,$1,$-5
7,2016-12-31,32.33,$9.80,3.3,$18.51,1.75,$4.68,6.91,$1.70,19.02,$0.18B,$0.05B,3.43,$0.31B,$0.22B,1.39,$0.42B,$0.14B,32.37%,$0.42B,$0.07B,16.31%,$0.42B,$0.07B,16.31%,$0.42B,$0.09B,20.86%,$0.42B,$0.07B,15.59%,$0.42B,$0.04B,9.11%,$0.04B,$0.22B,17.95%,$0.04B,$-0.21B,-25.59%,$0.04B,$0.67B,6.40%,$0.07B,$0.53B,14.90%,$130,$88,$42,$0,$16,$107,$23,$-5,$18,$8,$10,$10,$10,$27,$23,$22,22,$0.44,$0.44,$19,$75,$0,$176,$52,$0,$433,$4,$490,$666,$51,$307,$23,$394,$446,$0,$82,$-7,$220,$666,$39,$18,$8,$25,$2,$1,$-0,$6,$6,$70,$-10,$0,$-181,$0,$0,$0,$0,$-191,$127,$0,$127,$0,$0,$-21,$-2,$103,$-18,$3,$-21
8,2016-09-30,30.48,$9.51,3.2,$18.04,1.69,$4.08,7.47,$1.92,15.87,$0.21B,$0.09B,2.34,$0.31B,$0.21B,1.44,$0.41B,$0.13B,32.51%,$0.41B,$0.07B,17.00%,$0.41B,$0.07B,17.00%,$0.41B,$0.09B,21.43%,$0.41B,$0.07B,16.75%,$0.41B,$0.04B,10.59%,$0.04B,$0.21B,20.80%,$0.04B,$-0.22B,-36.67%,$0.04B,$0.70B,7.77%,$0.07B,$0.52B,16.42%,$124,$87,$37,$0,$16,$107,$16,$-5,$12,$5,$7,$7,$7,$23,$16,$23,23,$0.32,$0.32,$0,$78,$0,$209,$51,$0,$435,$4,$491,$700,$90,$307,$21,$396,$486,$0,$78,$-8,$214,$700,$29,$13,$5,$18,$-38,$-2,$-2,$5,$-36,$11,$-7,$0,$-176,$0,$0,$0,$0,$-183,$128,$26,$154,$0,$0,$-16,$-2,$135,$-37,$2,$-16
9,2016-06-30,24.37,$9.40,2.59,$17.94,1.36,$3.05,7.99,$2.28,10.69,$0.18B,$0.04B,4.55,$0.18B,$0.21B,0.86,$0.40B,$0.14B,33.75%,$0.40B,$0.08B,19.85%,$0.40B,$0.08B,19.85%,$0.40B,$0.09B,23.33%,$0.40B,$0.08B,19.85%,$0.40B,$0.05B,12.66%,$0.05B,$0.21B,25.44%,$0.05B,$-0.07B,-58.45%,$0.05B,$0.52B,10.02%,$0.08B,$0.39B,20.85%,$114,$72,$42,$0,$11,$85,$28,$-3,$26,$9,$16,$16,$16,$32,$28,$23,23,$0.72,$0.71,$49,$60,$0,$183,$45,$0,$285,$4,$333,$517,$40,$182,$16,$265,$305,$0,$76,$-8,$212,$517,$22,$7,$4,$10,$1,$-9,$-0,$6,$-4,$28,$-5,$0,$0,$0,$0,$0,$0,$-5,$-1,$0,$-1,$0,$0,$-11,$0,$-12,$12,$2,$-11
10,2016-03-31,21.48,$8.91,2.41,$17.68,1.21,$2.32,9.24,$2.14,10.04,$0.16B,$0.03B,5.56,$0.18B,$0.20B,0.91,$0.40B,$0.13B,33.08%,$0.40B,$0.08B,19.19%,$0.40B,$0.08B,19.19%,$0.40B,$0.09B,22.47%,$0.40B,$0.08B,18.94%,$0.40B,$0.05B,12.12%,$0.05B,$0.20B,24.97%,$0.05B,$-0.09B,-49.48%,$0.05B,$0.49B,9.60%,$0.08B,$0.38B,20.19%,$49,$35,$14,$0,$11,$47,$1,$7,$9,$3,$5,$5,$5,$5,$1,$22,22,$0.23,$0.23,$48,$74,$0,$160,$42,$0,$287,$3,$333,$493,$29,$182,$15,$263,$292,$0,$65,$-7,$201,$493,$5,$3,$2,$5,$39,$-22,$-4,$4,$8,$19,$-1,$0,$0,$0,$0,$0,$0,$-1,$-0,$0,$-0,$0,$0,$-5,$0,$-6,$12,$1,$-5
11,2015-12-31,19.55,$8.96,2.18,$17.92,1.09,$2.00,9.77,$1.92,10.18,$0.17B,$0.04B,4.06,$0.18B,$0.20B,0.91,$0.40B,$0.13B,33.17%,$0.40B,$0.08B,19.45%,$0.40B,$0.08B,19.45%,$0.40B,$0.09B,22.44%,$0.40B,$0.07B,16.71%,$0.40B,$0.04B,10.72%,$0.04B,$0.20B,23.34%,$0.04B,$-0.09B,-40.28%,$0.04B,$0.50B,8.73%,$0.08B,$0.38B,21.11%,$119,$80,$39,$0,$13,$95,$24,$-3,$21,$6,$15,$15,$15,$27,$24,$22,22,$0.66,$0.68,$37,$52,$0,$169,$43,$0,$289,$3,$334,$503,$42,$183,$13,$261,$303,$0,$65,$-6,$200,$503,$44,$13,$12,$25,$-7,$-5,$5,$-8,$-13,$56,$-10,$0,$-12,$0,$0,$0,$0,$-22,$-2,$0,$-2,$0,$0,$-20,$-0,$-22,$13,$3,$-20
12,2015-09-30,18.24,$8.45,2.16,$17.11,1.07,$2.15,8.47,$1.84,9.91,$0.19B,$0.07B,2.65,$0.19B,$0.19B,0.98,$0.38B,$0.13B,34.82%,$0.38B,$0.08B,20.68%,$0.38B,$0.08B,20.68%,$0.38B,$0.09B,23.56%,$0.38B,$0.07B,17.54%,$0.38B,$0.04B,10.73%,$0.04B,$0.19B,23.10%,$0.04B,$-0.10B,-35.50%,$0.04B,$0.52B,8.42%,$0.08B,$0.38B,21.72%,$121,$80,$41,$0,$13,$94,$27,$-3,$24,$8,$16,$16,$15,$30,$27,$22,22,$0.69,$0.68,$4,$55,$0,$186,$41,$0,$290,$3,$336,$522,$70,$185,$14,$263,$333,$0,$55,$-7,$189,$522,$29,$10,$9,$18,$-58,$-9,$4,$-2,$-59,$-12,$-7,$0,$-12,$0,$0,$0,$0,$-19,$-1,$27,$26,$0,$0,$-15,$-0,$11,$-20,$3,$-15
13,2015-06-30,19.52,$8.00,2.44,$15.27,1.28,$2.04,9.58,$1.63,11.98,$0.15B,$0.04B,3.63,$0.19B,$0.18B,1.04,$0.34B,$0.12B,35.59%,$0.34B,$0.07B,20.88%,$0.34B,$0.07B,20.88%,$0.34B,$0.08B,23.82%,$0.34B,$0.06B,17.65%,$0.34B,$0.04B,10.88%,$0.04B,$0.18B,21.42%,$0.04B,$-0.11B,-34.91%,$0.04B,$0.48B,8.09%,$0.07B,$0.37B,20.90%,$107,$70,$37,$0,$11,$83,$24,$-3,$21,$8,$13,$13,$13,$27,$24,$22,22,$0.58,$0.57,$12,$64,$0,$145,$39,$0,$292,$3,$336,$481,$40,$186,$12,$262,$302,$0,$44,$-6,$179,$481,$13,$6,$8,$15,$-1,$-17,$1,$-2,$-18,$10,$-3,$0,$-8,$0,$0,$0,$0,$-11,$-1,$0,$-1,$0,$0,$-10,$-0,$-11,$-12,$2,$-10
14,2015-03-31,20.54,$7.56,2.72,$14.45,1.42,$2.15,9.54,$1.70,12.08,$0.13B,$0.03B,3.89,$0.19B,$0.17B,1.1,$0.32B,$0.12B,36.76%,$0.32B,$0.07B,22.12%,$0.32B,$0.07B,22.12%,$0.32B,$0.08B,25.23%,$0.32B,$0.06B,19.00%,$0.32B,$0.04B,11.84%,$0.04B,$0.17B,22.52%,$0.04B,$-0.13B,-39.90%,$0.04B,$0.46B,8.87%,$0.07B,$0.36B,22.42%,$54,$37,$16,$0,$11,$51,$3,$-3,$1,$0,$0,$0,$0,$6,$3,$22,22,$0.02,$0.01,$21,$71,$1,$127,$38,$0,$294,$2,$337,$464,$33,$186,$13,$262,$295,$0,$36,$-7,$169,$464,$0,$3,$6,$9,$37,$-25,$0,$-5,$2,$11,$-1,$0,$-8,$0,$0,$0,$0,$-9,$-0,$0,$-0,$0,$0,$-5,$-0,$-6,$-3,$1,$-5
15,2014-12-31,19.09,$7.78,2.45,$13.68,1.4,$2.10,9.07,$1.76,10.85,$0.14B,$0.05B,3.12,$0.19B,$0.17B,1.08,$0.30B,$0.12B,38.28%,$0.30B,$0.07B,23.76%,$0.30B,$0.07B,23.76%,$0.30B,$0.08B,27.06%,$0.30B,$0.06B,20.46%,$0.30B,$0.04B,13.20%,$0.04B,$0.17B,24.28%,$0.04B,$-0.12B,-47.34%,$0.04B,$0.48B,10.04%,$0.07B,$0.36B,24.51%,$100,$61,$39,$0,$12,$75,$25,$-4,$21,$8,$13,$13,$13,$27,$25,$22,22,$0.58,$0.59,$24,$48,$0,$143,$38,$0,$296,$2,$338,$480,$46,$186,$13,$261,$307,$0,$41,$-6,$173,$480,$40,$10,$6,$16,$-4,$-4,$-3,$3,$-2,$54,$-4,$0,$-87,$0,$0,$0,$0,$-91,$76,$-13,$63,$0,$0,$-20,$-2,$42,$4,$3,$-20
16,2014-09-30,17.2,$7.61,2.26,$12.48,1.38,$1.21,14.22,$1.56,11.03,$0.14B,$0.06B,2.37,$0.11B,$0.17B,0.64,$0.28B,$0.10B,37.68%,$0.28B,$0.06B,23.19%,$0.28B,$0.06B,23.19%,$0.28B,$0.07B,26.81%,$0.28B,$0.06B,20.29%,$0.28B,$0.04B,12.68%,$0.04B,$0.17B,21.84%,$0.04B,$-0.06B,-47.30%,$0.04B,$0.40B,9.47%,$0.06B,$0.28B,23.70%,$79,$50,$29,$0,$9,$60,$19,$-2,$17,$6,$11,$11,$11,$21,$19,$22,22,$0.48,$0.47,$4,$36,$0,$143,$26,$0,$232,$2,$261,$404,$60,$109,$10,$174,$235,$0,$33,$-1,$170,$404,$27,$7,$7,$15,$-54,$-8,$-3,$-0,$-60,$-18,$-3,$0,$0,$0,$0,$0,$1,$-2,$-1,$21,$20,$0,$0,$-15,$-0,$5,$-16,$2,$-15
17,2014-06-30,15.37,$7.33,2.1,$11.28,1.36,$0.88,17.37,$1.12,13.72,$0.10B,$0.03B,3.59,$0.11B,$0.16B,0.67,$0.25B,$0.09B,36.14%,$0.25B,$0.05B,19.28%,$0.25B,$0.05B,19.28%,$0.25B,$0.06B,23.29%,$0.25B,$0.04B,16.06%,$0.25B,$0.03B,10.04%,$0.03B,$0.16B,16.23%,$0.03B,$-0.07B,-30.67%,$0.03B,$0.37B,6.84%,$0.05B,$0.27B,18.16%,$88,$54,$34,$0,$8,$64,$24,$-2,$22,$8,$15,$15,$14,$27,$24,$22,22,$0.65,$0.64,$7,$39,$0,$102,$26,$0,$234,$2,$263,$365,$28,$110,$10,$174,$202,$0,$27,$-1,$163,$365,$16,$5,$5,$10,$-9,$-11,$-2,$1,$-14,$12,$-3,$0,$0,$0,$0,$0,$1,$-2,$-1,$-13,$-14,$0,$0,$-10,$-0,$-23,$-13,$2,$-10
18,2014-03-31,15.01,$6.87,2.18,$9.81,1.53,$-0.15,0.0,$0.74,20.28,$0.08B,$0.02B,4.41,$0.11B,$0.15B,0.72,$0.22B,$0.08B,34.72%,$0.22B,$0.04B,16.20%,$0.22B,$0.04B,16.20%,$0.22B,$0.05B,20.83%,$0.22B,$0.03B,12.50%,$0.22B,$0.02B,7.87%,$0.02B,$0.15B,11.30%,$0.02B,$-0.08B,-19.60%,$0.02B,$0.35B,4.66%,$0.04B,$0.26B,13.42%,$36,$22,$14,$0,$8,$32,$4,$-2,$2,$1,$2,$2,$2,$7,$4,$22,22,$0.07,$0.07,$11,$47,$0,$80,$25,$0,$235,$3,$265,$345,$18,$110,$11,$174,$192,$0,$17,$-1,$153,$345,$2,$2,$3,$5,$29,$-19,$-3,$-2,$4,$10,$-1,$0,$0,$0,$0,$0,$0,$-1,$-0,$-13,$-13,$0,$0,$-5,$-0,$-18,$-9,$1,$-5
19,2013-12-31,14.31,$6.99,2.05,$8.81,1.63,$-0.92,0.0,$0.52,27.53,$0.10B,$0.04B,2.73,$0.11B,$0.16B,0.71,$0.19B,$0.07B,33.51%,$0.19B,$0.03B,13.92%,$0.19B,$0.03B,13.92%,$0.19B,$0.04B,19.07%,$0.19B,$0.02B,9.79%,$0.19B,$0.01B,6.19%,$0.01B,$0.16B,8.05%,$0.01B,$-0.08B,-14.08%,$0.01B,$0.36B,3.33%,$0.03B,$0.27B,10.41%,$73,$46,$27,$0,$9,$56,$17,$-2,$15,$6,$9,$9,$8,$19,$17,$22,22,$0.38,$0.38,$20,$28,$0,$98,$25,$0,$237,$2,$266,$364,$36,$110,$11,$173,$209,$0,$20,$-1,$155,$364,$12,$9,$18,$28,$-17,$6,$2,$-1,$-7,$32,$-3,$0,$-27,$0,$0,$0,$0,$-30,$-1,$13,$12,$0,$0,$-19,$-0,$-7,$-4,$3,$-19
20,2013-09-30,12.23,$6.54,1.87,$6.78,1.8,$-1.61,0.0,$0.09,135.85,$0.12B,$0.07B,1.77,$0.11B,$0.15B,0.76,$0.15B,$0.05B,30.87%,$0.15B,$0.01B,8.05%,$0.15B,$0.01B,8.05%,$0.15B,$0.02B,14.77%,$0.15B,$0.00B,2.68%,$0.15B,$0.00B,2.01%,$0.00B,$0.15B,2.02%,$0.00B,$-0.09B,-3.64%,$0.00B,$0.39B,0.85%,$0.01B,$0.26B,4.63%,$52,$37,$15,$0,$11,$49,$3,$-2,$1,$0,$1,$1,$1,$5,$3,$22,22,$0.03,$0.02,$4,$36,$0,$121,$25,$0,$238,$2,$268,$388,$68,$110,$13,$175,$243,$0,$17,$-6,$145,$388,$3,$7,$10,$17,$-45,$-2,$-2,$0,$-47,$-27,$-2,$0,$-27,$0,$0,$0,$0,$-28,$-1,$50,$49,$0,$0,$-14,$-0,$35,$-20,$2,$-14
21,2013-06-30,10.48,$6.69,1.57,$6.15,1.71,$-1.96,0.0,$0.16,65.51,$0.09B,$0.05B,2.09,$0.11B,$0.15B,0.74,$0.14B,$0.04B,31.85%,$0.14B,$0.01B,10.37%,$0.14B,$0.01B,10.37%,$0.14B,$0.02B,17.78%,$0.14B,$0.01B,4.44%,$0.14B,$0.00B,2.96%,$0.00B,$0.15B,2.63%,$0.00B,$-0.09B,-5.26%,$0.00B,$0.36B,1.15%,$0.01B,$0.26B,5.33%,$55,$36,$19,$0,$6,$44,$11,$-2,$9,$3,$6,$6,$6,$14,$11,$22,22,$0.26,$0.26,$2,$42,$0,$93,$25,$0,$240,$2,$270,$363,$45,$111,$9,$170,$214,$0,$21,$-7,$149,$363,$3,$5,$4,$9,$-13,$-8,$-2,$-0,$-23,$-12,$-1,$0,$-27,$0,$0,$0,$0,$-28,$-1,$28,$27,$0,$0,$-9,$-0,$18,$-22,$1,$-9
22,2013-03-31,10.83,$6.59,1.64,$6.63,1.63,$-2.18,0.0,$0.30,36.09,$0.08B,$0.01B,6.63,$0.11B,$0.15B,0.76,$0.15B,$0.05B,32.41%,$0.15B,$0.02B,13.10%,$0.15B,$0.02B,13.10%,$0.15B,$0.03B,19.31%,$0.15B,$0.01B,7.59%,$0.15B,$0.01B,4.83%,$0.01B,$0.15B,4.52%,$0.01B,$-0.08B,-10.04%,$0.01B,$0.33B,2.04%,$0.02B,$0.26B,7.15%,$14,$10,$4,$0,$6,$18,$-4,$-2,$-6,$-2,$-3,$-3,$-3,$-1,$-4,$22,22,$-0.15,$-0.15,$11,$45,$0,$81,$20,$0,$222,$2,$247,$328,$12,$111,$9,$169,$182,$0,$19,$-7,$147,$328,$-3,$2,$3,$5,$14,$-15,$-3,$-4,$-9,$-7,$-1,$0,$0,$0,$0,$0,$0,$-1,$-0,$0,$-0,$0,$0,$-5,$-0,$-5,$-13,$1,$-5
23,2012-12-31,10.96,$6.95,1.58,$6.38,1.72,$-2.29,0.0,$0.26,42.14,$0.09B,$0.02B,5.37,$0.11B,$0.15B,0.72,$0.14B,$0.05B,32.14%,$0.14B,$0.02B,13.57%,$0.14B,$0.02B,13.57%,$0.14B,$0.03B,19.29%,$0.14B,$0.01B,7.86%,$0.14B,$0.01B,4.29%,$0.01B,$0.15B,3.82%,$0.01B,$-0.07B,-8.70%,$0.01B,$0.34B,1.74%,$0.02B,$0.27B,7.08%,$28,$21,$8,$0,$5,$26,$2,$-2,$-0,$1,$-1,$-1,$-1,$4,$2,$22,22,$-0.06,$-0.05,$24,$30,$0,$90,$20,$0,$224,$2,$249,$338,$17,$111,$9,$168,$185,$0,$28,$-7,$154,$338,$6,$9,$11,$19,$8,$-6,$0,$-6,$-10,$16,$-1,$0,$0,$0,$0,$0,$0,$-1,$-11,$0,$-11,$0,$0,$-18,$-0,$-30,$-15,$2,$-18
24,2012-09-30,10.93,$7.16,1.53,$7.86,1.39,$-0.85,0.0,$0.59,18.52,$0.11B,$0.04B,2.98,$0.11B,$0.16B,0.7,$0.17B,$0.06B,33.14%,$0.17B,$0.03B,16.28%,$0.17B,$0.03B,16.28%,$0.17B,$0.04B,21.51%,$0.17B,$0.02B,11.63%,$0.17B,$0.01B,7.56%,$0.01B,$0.16B,8.16%,$0.01B,$-0.07B,-19.12%,$0.01B,$0.36B,3.72%,$0.03B,$0.27B,10.34%,$38,$26,$12,$0,$5,$33,$5,$-2,$3,$1,$2,$2,$2,$7,$5,$22,22,$0.11,$0.10,$2,$30,$1,$111,$20,$0,$225,$2,$250,$361,$37,$111,$10,$165,$202,$0,$33,$-7,$159,$361,$7,$7,$6,$12,$-37,$-6,$-3,$-3,$-54,$-35,$-1,$0,$0,$0,$0,$0,$0,$-1,$-11,$23,$12,$0,$0,$-14,$0,$-1,$-38,$2,$-14
25,2012-06-30,10.25,$7.23,1.42,$8.59,1.19,$-0.12,0.0,$0.67,15.29,$0.09B,$0.02B,4.54,$0.11B,$0.16B,0.7,$0.19B,$0.06B,32.62%,$0.19B,$0.03B,17.11%,$0.19B,$0.03B,17.11%,$0.19B,$0.04B,21.93%,$0.19B,$0.02B,12.30%,$0.19B,$0.02B,8.02%,$0.02B,$0.16B,9.35%,$0.02B,$-0.07B,-22.06%,$0.02B,$0.35B,4.24%,$0.03B,$0.27B,11.65%,$65,$42,$23,$0,$6,$49,$16,$-2,$14,$5,$9,$9,$9,$18,$16,$22,22,$0.41,$0.40,$4,$33,$0,$93,$21,$0,$226,$2,$252,$346,$21,$111,$10,$165,$186,$0,$35,$-7,$160,$346,$5,$5,$4,$8,$-17,$-9,$-1,$-0,$-30,$-17,$-1,$0,$0,$0,$0,$0,$0,$-1,$-11,$2,$-9,$0,$0,$-9,$0,$-18,$-36,$1,$-9
26,2012-03-31,9.58,$7.00,1.37,$8.89,1.08,$0.54,17.88,$0.71,13.49,$0.08B,$0.01B,6.1,$0.11B,$0.16B,0.72,$0.19B,$0.06B,32.99%,$0.19B,$0.03B,17.53%,$0.19B,$0.03B,17.53%,$0.19B,$0.04B,22.68%,$0.19B,$0.02B,12.37%,$0.19B,$0.02B,8.25%,$0.02B,$0.16B,9.91%,$0.02B,$-0.07B,-23.36%,$0.02B,$0.33B,4.50%,$0.03B,$0.27B,12.20%,$9,$7,$2,$0,$5,$13,$-4,$-2,$-6,$-2,$-4,$-4,$-4,$-2,$-4,$22,22,$-0.19,$-0.19,$14,$47,$4,$78,$21,$0,$228,$2,$254,$333,$13,$112,$11,$165,$178,$0,$31,$-7,$155,$333,$-4,$2,$2,$4,$26,$-23,$-2,$-4,$-10,$-10,$-0,$0,$0,$0,$0,$0,$0,$-0,$-10,$0,$-10,$0,$0,$-5,$0,$-15,$-25,$0,$-5
27,2011-12-31,9.87,$7.42,1.33,$9.60,1.03,$1.55,6.37,$0.86,11.48,$0.10B,$0.03B,3.17,$0.11B,$0.16B,0.69,$0.21B,$0.07B,34.13%,$0.21B,$0.04B,19.23%,$0.21B,$0.04B,19.23%,$0.21B,$0.05B,24.04%,$0.21B,$0.03B,14.42%,$0.21B,$0.02B,9.13%,$0.02B,$0.16B,11.73%,$0.02B,$-0.07B,-27.44%,$0.02B,$0.36B,5.34%,$0.04B,$0.28B,14.22%,$60,$40,$20,$0,$7,$49,$11,$-2,$9,$3,$6,$6,$6,$14,$11,$22,22,$0.29,$0.27,$39,$24,$0,$103,$21,$0,$229,$2,$256,$359,$33,$112,$10,$163,$196,$0,$40,$-7,$163,$359,$19,$9,$9,$18,$3,$-1,$2,$1,$11,$48,$-2,$0,$0,$0,$0,$0,$0,$-2,$1,$0,$1,$1,$1,$-26,$-3,$-26,$19,$2,$-26
28,2011-09-30,8.39,$7.44,1.13,$9.35,0.9,$0.14,58.97,$0.81,10.36,$0.12B,$0.04B,2.75,$0.12B,$0.16B,0.75,$0.20B,$0.07B,35.20%,$0.20B,$0.04B,20.41%,$0.20B,$0.04B,20.41%,$0.20B,$0.05B,25.00%,$0.20B,$0.03B,15.31%,$0.20B,$0.02B,9.18%,$0.02B,$0.16B,11.01%,$0.02B,$-0.07B,-26.09%,$0.02B,$0.38B,5.10%,$0.04B,$0.29B,14.05%,$53,$37,$16,$0,$7,$45,$9,$-2,$6,$2,$4,$4,$4,$11,$9,$22,22,$0.18,$0.18,$3,$27,$1,$119,$21,$0,$230,$2,$257,$376,$43,$122,$9,$169,$212,$0,$38,$-5,$164,$376,$13,$7,$10,$17,$-46,$-4,$1,$-1,$-48,$-18,$-2,$0,$0,$0,$0,$0,$0,$-2,$2,$24,$26,$1,$1,$-21,$-3,$3,$-17,$1,$-21
29,2011-06-30,10.07,$7.45,1.35,$9.10,1.11,$-0.84,0.0,$0.73,13.79,$0.10B,$0.02B,4.15,$0.12B,$0.16B,0.75,$0.19B,$0.07B,35.79%,$0.19B,$0.04B,20.00%,$0.19B,$0.04B,20.00%,$0.19B,$0.05B,25.26%,$0.19B,$0.03B,14.74%,$0.19B,$0.02B,8.42%,$0.02B,$0.16B,9.73%,$0.02B,$-0.07B,-23.19%,$0.02B,$0.35B,4.49%,$0.04B,$0.29B,13.31%,$72,$45,$26,$0,$7,$53,$18,$-3,$15,$6,$10,$10,$10,$21,$18,$22,22,$0.44,$0.44,$0,$31,$0,$96,$21,$0,$232,$2,$259,$354,$23,$123,$9,$167,$190,$0,$39,$-4,$164,$354,$9,$4,$4,$9,$-20,$-7,$2,$-0,$-20,$-3,$-1,$0,$0,$0,$0,$0,$0,$-1,$2,$0,$2,$1,$1,$-17,$-3,$-16,$-20,$1,$-17
30,2011-03-31,8.86,$7.19,1.23,$9.39,0.94,$-2.11,0.0,$0.29,30.55,$0.08B,$0.02B,5.12,$0.12B,$0.16B,0.76,$0.18B,$0.07B,36.41%,$0.18B,$0.03B,16.30%,$0.18B,$0.03B,16.30%,$0.18B,$0.04B,21.74%,$0.18B,$0.01B,6.52%,$0.18B,$0.01B,3.26%,$0.01B,$0.16B,3.62%,$0.01B,$-0.08B,-8.70%,$0.01B,$0.34B,1.66%,$0.03B,$0.28B,10.48%,$23,$14,$9,$0,$6,$22,$2,$-2,$-0,$0,$-1,$-1,$-1,$4,$2,$21,21,$-0.04,$-0.04,$20,$40,$1,$78,$21,$0,$233,$2,$257,$335,$15,$120,$9,$163,$178,$0,$33,$-4,$157,$335,$-1,$2,$2,$4,$28,$-17,$2,$-1,$9,$12,$-0,$0,$0,$0,$0,$0,$0,$-0,$-0,$0,$-0,$1,$1,$-12,$-0,$-12,$-1,$0,$-12
