,Date,Stock Price,Book Value per Share,Price to Book Ratio,TTM Sales per Share,Price to Sales Ratio,TTM FCF per Share,Price to FCF Ratio,TTM Net EPS,PE Ratio,Current Assets,Current Liabilities,Current Ratio,Long Term Debt,Shareholder's Equity_x,Debt to Equity Ratio,TTM Revenue_x,TTM Gross Profit,Gross Margin,TTM Revenue_y,TTM Operating Income,Operating Margin,TTM Revenue_x,TTM EBIT,EBIT Margin,TTM Revenue_y,TTM EBITDA,EBITDA Margin,TTM Revenue_x,TTM Pre-Tax Income,Pre-Tax Margin,TTM Revenue_y,TTM Net Income_x,Net Margin,TTM Net Income_y,Shareholder's Equity_y,Return on Equity,TTM Net Income_x,Tangible Equity,Return on Tangible Equity,TTM Net Income_y,Total Assets,Return on Assets,TTM Net Income,LT Investments & Debt,Return on Investment,revenue,cost-goods-sold,gross-profit,research-development-expenses,selling-general-administrative-expenses,operating-expenses,operating-income,total-non-operating-income-expense,pre-tax-income,total-provision-income-taxes,income-after-taxes,income-from-continuous-operations,net-income,ebitda,ebit,basic-shares-outstanding,shares-outstanding,eps-basic-net-earnings-per-share,eps-earnings-per-share-diluted,cash-on-hand,inventory,other-current-assets,total-current-assets,net-property-plant-equipment,long-term-investments,goodwill-intangible-assets-total,other-long-term-assets,total-long-term-assets,total-assets,total-current-liabilities,long-term-debt,other-non-current-liabilities,total-long-term-liabilities,total-liabilities,common-stock-net,retained-earnings-accumulated-deficit,comprehensive-income,total-share-holder-equity,total-liabilities-share-holders-equity,net-income-loss,total-depreciation-amortization-cash-flow,other-non-cash-items,total-non-cash-items,change-in-accounts-receivable,change-in-inventories,change-in-accounts-payable,change-in-assets-liabilities,total-change-in-assets-liabilities,cash-flow-from-operating-activities,net-change-in-property-plant-equipment,net-change-in-intangible-assets,net-acquisitions-divestitures,net-change-in-short-term-investments,net-change-in-long-term-investments,net-change-in-investments-total,investing-activities-other,cash-flow-from-investing-activities,net-long-term-debt,net-current-debt,debt-issuance-retirement-net-total,net-common-equity-issued-repurchased,net-total-equity-issued-repurchased,total-common-preferred-stock-dividends-paid,financial-activities-other,cash-flow-from-financial-activities,net-cash-flow,stock-based-compensation,common-stock-dividends-paid
0,2018-09-30,60.3,$19.85,3.04,$32.64,1.85,$8.10,7.44,$-3.04,0.0,$0.87B,$0.56B,1.57,$1.73B,$0.79B,2.19,$1.15B,$0.49B,42.81%,$1.15B,$0.01B,0.44%,$1.15B,$0.01B,0.44%,$1.15B,$0.11B,9.15%,$1.15B,$-0.03B,-2.96%,$1.15B,$-0.11B,-9.85%,$-0.11B,$0.79B,-24.47%,$-0.11B,$-1.46B,100.67%,$-0.11B,$3.37B,-6.88%,$0.01B,$2.52B,0.40%,$483,$330,$153,$57,$174,$569,$-86,$-22,$-108,$-22,$-87,$-87,$-87,$-2,$-86,$39,39,$-2.21,$-2.21,$306,$157,$58,$874,$217,$0,$2249,$25,$2496,$3370,$558,$1726,$180,$2022,$2580,$1,$219,$6,$790,$3370,$-72,$89,$5,$94,$-24,$16,$21,$-3,$41,$73,$-8,$0,$-1650,$131,$124,$255,$0,$-1403,$1245,$0,$1245,$0,$0,$-11,$2,$1235,$-100,$19,$-11
1,2018-06-30,76.08,$9.43,8.07,$26.75,2.84,$7.74,9.83,$-0.24,0.0,$0.93B,$0.13B,7.4,$0.49B,$0.38B,1.32,$0.87B,$0.45B,51.03%,$0.87B,$0.12B,13.84%,$0.87B,$0.12B,13.84%,$0.87B,$0.14B,16.36%,$0.87B,$0.10B,11.33%,$0.87B,$-0.01B,-0.69%,$-0.01B,$0.38B,-1.66%,$-0.01B,$0.36B,-1.74%,$-0.01B,$1.10B,-0.57%,$0.12B,$0.87B,14.19%,$221,$111,$110,$24,$64,$201,$21,$-5,$15,$1,$14,$14,$14,$26,$21,$33,34,$0.43,$0.42,$645,$68,$55,$930,$140,$0,$15,$0,$170,$1100,$126,$493,$107,$600,$725,$1,$311,$7,$375,$1100,$14,$6,$14,$19,$5,$-0,$6,$3,$-2,$32,$-4,$0,$-34,$131,$124,$255,$0,$218,$0,$0,$0,$0,$0,$-5,$-2,$-7,$240,$8,$-5
2,2018-03-31,60.11,$10.62,5.66,$26.30,2.29,$7.20,8.35,$-0.09,0.0,$0.90B,$0.13B,7.17,$0.49B,$0.35B,1.4,$0.86B,$0.44B,51.23%,$0.86B,$0.12B,14.35%,$0.86B,$0.12B,14.35%,$0.86B,$0.15B,17.04%,$0.86B,$0.10B,11.79%,$0.86B,$-0.00B,-0.12%,$-0.00B,$0.35B,-0.27%,$-0.00B,$0.34B,-0.29%,$-0.00B,$1.08B,-0.10%,$0.12B,$0.85B,14.36%,$216,$102,$114,$22,$59,$183,$33,$-7,$27,$17,$10,$10,$10,$39,$33,$32,32,$0.34,$0.35,$660,$68,$19,$900,$142,$0,$15,$2,$177,$1077,$126,$493,$104,$598,$724,$1,$299,$3,$353,$1077,$-1,$23,$44,$67,$-12,$-13,$3,$-2,$55,$121,$-12,$0,$0,$212,$-176,$36,$0,$23,$0,$0,$0,$-53,$-53,$-20,$12,$-60,$89,$34,$-20
3,2017-12-31,50.03,$9.95,5.03,$25.95,1.93,$7.36,6.8,$0.21,238.22,$0.73B,$0.11B,6.76,$0.49B,$0.33B,1.5,$0.85B,$0.43B,50.94%,$0.85B,$0.12B,14.12%,$0.85B,$0.12B,14.12%,$0.85B,$0.14B,16.82%,$0.85B,$0.10B,11.53%,$0.85B,$0.01B,1.06%,$0.01B,$0.33B,2.42%,$0.01B,$0.31B,2.52%,$0.01B,$1.02B,0.88%,$0.12B,$0.82B,13.90%,$227,$112,$114,$21,$56,$190,$37,$-5,$32,$81,$-50,$-50,$-50,$42,$37,$32,32,$-1.54,$-1.54,$499,$65,$19,$727,$145,$119,$15,$2,$296,$1023,$108,$492,$94,$586,$694,$1,$294,$2,$329,$1023,$-11,$17,$38,$55,$-3,$-10,$3,$-3,$38,$81,$-9,$0,$0,$147,$-178,$-31,$0,$-41,$0,$0,$0,$-53,$-53,$-15,$2,$-66,$-22,$26,$-15
4,2017-09-30,43.78,$11.72,3.73,$25.99,1.68,$7.19,6.09,$2.43,18.02,$0.73B,$0.11B,6.44,$0.49B,$0.39B,1.27,$0.86B,$0.43B,50.12%,$0.86B,$0.12B,13.43%,$0.86B,$0.12B,13.43%,$0.86B,$0.14B,16.24%,$0.86B,$0.09B,10.63%,$0.86B,$0.08B,9.46%,$0.08B,$0.39B,21.49%,$0.08B,$0.37B,22.41%,$0.08B,$1.02B,8.06%,$0.12B,$0.88B,13.25%,$210,$103,$108,$20,$58,$180,$30,$-5,$25,$5,$20,$20,$20,$36,$30,$33,33,$0.59,$0.59,$500,$61,$33,$734,$147,$105,$15,$0,$288,$1022,$114,$492,$29,$521,$635,$1,$349,$2,$388,$1022,$39,$11,$23,$35,$1,$-6,$3,$-5,$-23,$49,$-7,$0,$0,$107,$-103,$4,$0,$-3,$0,$0,$0,$-39,$-39,$-10,$1,$-48,$1,$18,$-10
5,2017-06-30,51.61,$11.56,4.47,$26.18,1.97,$7.50,6.88,$2.47,20.89,$0.72B,$0.10B,6.97,$0.49B,$0.39B,1.27,$0.86B,$0.43B,50.00%,$0.86B,$0.12B,13.57%,$0.86B,$0.12B,13.57%,$0.86B,$0.14B,16.24%,$0.86B,$0.09B,10.67%,$0.86B,$0.08B,9.40%,$0.08B,$0.39B,22.33%,$0.08B,$0.37B,23.33%,$0.08B,$1.01B,8.18%,$0.12B,$0.88B,13.70%,$204,$101,$103,$21,$56,$180,$23,$-6,$17,$-2,$19,$19,$19,$29,$23,$33,33,$0.58,$0.57,$487,$58,$35,$715,$149,$112,$16,$0,$295,$1010,$103,$491,$28,$519,$622,$1,$334,$3,$388,$1010,$19,$6,$17,$23,$6,$-2,$1,$-3,$-29,$13,$-3,$0,$0,$58,$-62,$-3,$0,$-6,$0,$0,$0,$-13,$-13,$-5,$-1,$-20,$-11,$9,$-5
6,2017-03-31,53.23,$11.44,4.65,$26.84,1.98,$7.90,6.73,$2.52,21.12,$0.70B,$0.12B,5.97,$0.49B,$0.38B,1.29,$0.88B,$0.44B,50.06%,$0.88B,$0.13B,14.19%,$0.88B,$0.13B,14.19%,$0.88B,$0.15B,16.80%,$0.88B,$0.10B,11.46%,$0.88B,$0.08B,9.31%,$0.08B,$0.38B,23.87%,$0.08B,$0.37B,25.02%,$0.08B,$1.02B,8.45%,$0.13B,$0.87B,14.99%,$209,$101,$108,$22,$54,$179,$30,$-6,$24,$5,$20,$20,$20,$36,$30,$32,33,$0.61,$0.58,$480,$55,$22,$699,$150,$127,$16,$0,$318,$1017,$117,$491,$27,$518,$635,$1,$320,$5,$382,$1017,$83,$22,$31,$53,$-14,$-4,$4,$1,$1,$139,$-23,$0,$0,$144,$-143,$1,$0,$-22,$0,$0,$0,$-34,$-34,$-20,$6,$-48,$67,$34,$-20
7,2016-12-31,53.73,$10.55,5.09,$26.50,2.03,$7.81,6.88,$2.32,23.16,$0.65B,$0.11B,6.05,$0.49B,$0.35B,1.4,$0.88B,$0.44B,49.89%,$0.88B,$0.11B,12.81%,$0.88B,$0.11B,12.81%,$0.88B,$0.14B,15.42%,$0.88B,$0.09B,9.98%,$0.88B,$0.08B,8.50%,$0.08B,$0.35B,23.01%,$0.08B,$0.33B,24.17%,$0.08B,$0.97B,7.90%,$0.11B,$0.84B,13.84%,$233,$123,$110,$21,$57,$201,$32,$-7,$25,$3,$22,$22,$22,$38,$32,$32,33,$0.69,$0.68,$420,$58,$26,$646,$151,$135,$16,$0,$327,$973,$107,$491,$25,$516,$623,$1,$305,$4,$350,$973,$63,$17,$20,$37,$-13,$-6,$4,$-2,$-13,$88,$-20,$0,$0,$97,$-104,$-7,$0,$-26,$0,$0,$0,$-34,$-34,$-15,$-2,$-51,$7,$25,$-15
8,2016-09-30,50.84,$9.93,5.12,$26.20,1.94,$8.23,6.18,$2.13,23.87,$0.64B,$0.11B,5.6,$0.49B,$0.33B,1.48,$0.88B,$0.44B,50.29%,$0.88B,$0.11B,12.34%,$0.88B,$0.11B,12.34%,$0.88B,$0.13B,14.86%,$0.88B,$0.08B,9.49%,$0.88B,$0.07B,7.89%,$0.07B,$0.33B,21.96%,$0.07B,$0.32B,23.10%,$0.07B,$0.96B,7.37%,$0.11B,$0.82B,13.43%,$216,$106,$110,$22,$57,$184,$32,$-6,$26,$6,$20,$20,$20,$37,$32,$32,33,$0.63,$0.63,$423,$53,$27,$640,$152,$131,$16,$0,$321,$961,$114,$490,$25,$516,$630,$1,$288,$4,$331,$961,$41,$11,$15,$26,$-8,$-1,$4,$-2,$0,$67,$-14,$0,$0,$64,$-67,$-3,$0,$-17,$0,$0,$0,$-27,$-27,$-10,$-3,$-39,$9,$16,$-10
9,2016-06-30,42.92,$9.36,4.59,$25.87,1.66,$8.18,5.25,$2.02,21.25,$0.61B,$0.11B,5.7,$0.49B,$0.31B,1.58,$0.87B,$0.44B,50.46%,$0.87B,$0.11B,12.59%,$0.87B,$0.11B,12.59%,$0.87B,$0.13B,15.10%,$0.87B,$0.08B,9.38%,$0.87B,$0.07B,7.67%,$0.07B,$0.31B,21.99%,$0.07B,$0.30B,23.16%,$0.07B,$0.93B,7.26%,$0.11B,$0.80B,13.85%,$223,$110,$113,$22,$56,$192,$31,$-5,$26,$6,$20,$20,$20,$37,$31,$32,33,$0.63,$0.62,$399,$54,$26,$613,$152,$132,$16,$0,$319,$932,$107,$490,$24,$514,$621,$1,$273,$5,$311,$932,$20,$6,$10,$16,$-5,$-1,$7,$-1,$-4,$30,$-8,$0,$0,$34,$-32,$2,$0,$-6,$0,$0,$0,$-19,$-19,$-5,$-8,$-32,$-8,$8,$-5
10,2016-03-31,38.09,$9.38,4.06,$24.37,1.56,$8.50,4.48,$1.95,19.53,$0.60B,$0.11B,5.56,$0.49B,$0.31B,1.57,$0.86B,$0.44B,50.76%,$0.86B,$0.11B,12.60%,$0.86B,$0.11B,12.60%,$0.86B,$0.13B,15.05%,$0.86B,$0.08B,9.57%,$0.86B,$0.07B,7.93%,$0.07B,$0.31B,19.94%,$0.07B,$0.30B,20.89%,$0.07B,$0.93B,7.12%,$0.11B,$0.80B,13.00%,$210,$103,$107,$24,$58,$192,$18,$-7,$11,$-2,$13,$13,$13,$24,$18,$34,35,$0.41,$0.40,$395,$53,$20,$597,$150,$146,$16,$0,$336,$933,$107,$490,$24,$514,$621,$1,$257,$4,$312,$933,$68,$21,$33,$55,$8,$1,$5,$-1,$20,$150,$-31,$0,$0,$97,$-198,$-101,$0,$-132,$488,$-35,$454,$-497,$-497,$-21,$4,$-60,$-42,$33,$-21
11,2015-12-31,45.9,$9.02,5.09,$23.07,1.99,$8.18,5.61,$2.17,21.15,$0.61B,$0.10B,5.95,$0.49B,$0.30B,1.61,$0.85B,$0.44B,51.53%,$0.85B,$0.12B,14.50%,$0.85B,$0.12B,14.50%,$0.85B,$0.14B,16.86%,$0.85B,$0.10B,12.03%,$0.85B,$0.08B,9.55%,$0.08B,$0.30B,18.21%,$0.08B,$0.29B,18.88%,$0.08B,$0.92B,8.61%,$0.12B,$0.79B,14.99%,$226,$116,$110,$21,$54,$199,$27,$-7,$20,$4,$16,$16,$16,$32,$27,$33,33,$0.50,$0.49,$385,$56,$28,$612,$145,$135,$16,$9,$305,$918,$103,$489,$22,$511,$614,$1,$249,$2,$303,$918,$55,$16,$33,$49,$1,$-0,$6,$-0,$-6,$104,$-21,$0,$0,$52,$-149,$-97,$0,$-118,$488,$-35,$454,$-483,$-483,$-16,$2,$-43,$-58,$25,$-16
12,2015-09-30,49.08,$8.70,5.64,$21.71,2.26,$7.58,6.47,$2.39,20.54,$0.66B,$0.10B,6.34,$0.49B,$0.29B,1.67,$0.85B,$0.45B,52.34%,$0.85B,$0.14B,16.04%,$0.85B,$0.14B,16.04%,$0.85B,$0.16B,18.38%,$0.85B,$0.12B,14.17%,$0.85B,$0.10B,11.12%,$0.10B,$0.29B,16.87%,$0.10B,$0.28B,17.37%,$0.10B,$0.91B,10.17%,$0.14B,$0.78B,16.78%,$215,$104,$111,$23,$54,$181,$34,$-9,$25,$7,$18,$18,$18,$39,$34,$34,34,$0.53,$0.52,$424,$58,$30,$659,$143,$81,$16,$8,$248,$907,$104,$489,$21,$510,$614,$1,$238,$2,$293,$907,$39,$10,$18,$28,$-3,$-2,$9,$-2,$-4,$66,$-13,$0,$0,$40,$-37,$4,$0,$-9,$488,$-35,$454,$-473,$-473,$-11,$2,$-29,$28,$17,$-11
13,2015-06-30,54.2,$12.95,4.18,$20.51,2.64,$7.40,7.32,$2.52,21.51,$0.81B,$0.09B,8.58,$0.49B,$0.46B,1.07,$0.86B,$0.45B,53.10%,$0.86B,$0.14B,16.49%,$0.86B,$0.14B,16.49%,$0.86B,$0.16B,18.71%,$0.86B,$0.13B,15.56%,$0.86B,$0.10B,12.16%,$0.10B,$0.46B,15.37%,$0.10B,$0.44B,15.75%,$0.10B,$1.06B,11.27%,$0.14B,$0.95B,17.46%,$206,$99,$107,$23,$56,$177,$29,$-3,$26,$5,$21,$21,$21,$34,$29,$38,39,$0.56,$0.55,$590,$56,$26,$805,$139,$93,$16,$7,$254,$1060,$94,$489,$21,$509,$603,$1,$225,$5,$456,$1060,$21,$5,$10,$15,$9,$0,$5,$-3,$2,$43,$-4,$0,$0,$25,$-27,$-2,$0,$-6,$490,$-35,$455,$-284,$-284,$-6,$-4,$160,$199,$8,$-6
14,2015-03-31,50.84,$21.83,2.33,$20.32,2.5,$6.91,7.36,$2.65,19.18,$0.60B,$0.10B,6.36,$0.04B,$0.73B,0.05,$0.87B,$0.46B,53.35%,$0.87B,$0.15B,17.32%,$0.87B,$0.15B,17.32%,$0.87B,$0.17B,19.40%,$0.87B,$0.15B,16.86%,$0.87B,$0.11B,12.93%,$0.11B,$0.73B,15.11%,$0.11B,$0.71B,15.45%,$0.11B,$0.88B,12.94%,$0.15B,$0.76B,20.00%,$201,$92,$109,$22,$55,$168,$33,$-2,$31,$5,$26,$26,$26,$38,$33,$42,43,$0.61,$0.59,$375,$57,$28,$603,$139,$108,$16,$0,$273,$876,$95,$35,$19,$54,$149,$1,$210,$10,$727,$876,$112,$19,$25,$44,$4,$0,$-0,$-5,$-0,$154,$-22,$0,$-0,$120,$-120,$1,$0,$-22,$0,$35,$35,$-113,$-113,$-26,$19,$-85,$44,$29,$-26
15,2014-12-31,50.75,$18.05,2.81,$20.43,2.48,$5.89,8.62,$2.69,18.87,$0.62B,$0.10B,6.31,$0.00B,$0.78B,0.0,$0.87B,$0.46B,53.09%,$0.87B,$0.15B,17.39%,$0.87B,$0.15B,17.39%,$0.87B,$0.17B,19.34%,$0.87B,$0.15B,17.28%,$0.87B,$0.11B,13.04%,$0.11B,$0.78B,15.53%,$0.11B,$0.76B,15.88%,$0.11B,$0.89B,13.42%,$0.15B,$0.78B,20.70%,$232,$112,$120,$23,$58,$191,$41,$-2,$39,$8,$30,$30,$30,$46,$41,$42,43,$0.73,$0.71,$371,$58,$26,$623,$139,$113,$16,$3,$271,$894,$99,$0,$19,$19,$118,$1,$191,$6,$776,$894,$86,$14,$21,$35,$-18,$-1,$2,$-5,$-21,$100,$-19,$0,$-0,$102,$-100,$2,$0,$-17,$0,$0,$0,$-27,$-27,$-19,$14,$-33,$48,$21,$-19
16,2014-09-30,45.6,$17.41,2.62,$19.92,2.29,$5.25,8.69,$2.78,16.4,$0.59B,$0.10B,6.23,$0.00B,$0.75B,0.0,$0.86B,$0.45B,53.10%,$0.86B,$0.15B,17.43%,$0.86B,$0.15B,17.43%,$0.86B,$0.17B,19.30%,$0.86B,$0.15B,17.54%,$0.86B,$0.12B,13.80%,$0.12B,$0.75B,16.54%,$0.12B,$0.73B,16.94%,$0.12B,$0.86B,14.28%,$0.15B,$0.75B,20.89%,$216,$98,$118,$24,$60,$178,$38,$-1,$37,$10,$27,$27,$27,$42,$38,$42,43,$0.66,$0.65,$359,$64,$18,$592,$138,$112,$16,$3,$269,$861,$95,$0,$19,$19,$114,$1,$167,$7,$748,$861,$56,$9,$14,$23,$-2,$-5,$8,$-3,$-6,$72,$-13,$0,$-0,$3,$0,$3,$0,$-11,$0,$0,$0,$-19,$-19,$-13,$7,$-25,$36,$14,$-13
17,2014-06-30,45.71,$14.92,3.06,$19.29,2.37,$4.57,10.01,$2.66,17.19,$0.57B,$0.10B,5.76,$0.00B,$0.71B,0.0,$0.83B,$0.44B,52.34%,$0.83B,$0.14B,17.05%,$0.83B,$0.14B,17.05%,$0.83B,$0.16B,18.97%,$0.83B,$0.14B,17.29%,$0.83B,$0.11B,13.69%,$0.11B,$0.71B,16.34%,$0.11B,$0.70B,16.73%,$0.11B,$0.83B,14.08%,$0.14B,$0.71B,20.35%,$217,$102,$115,$23,$56,$179,$38,$1,$39,$10,$29,$29,$29,$42,$38,$42,42,$0.69,$0.68,$328,$61,$14,$566,$137,$109,$16,$2,$264,$830,$98,$0,$18,$18,$116,$1,$146,$4,$714,$830,$29,$5,$8,$13,$-13,$-4,$6,$-1,$-13,$30,$-7,$0,$0,$-4,$5,$1,$0,$-6,$0,$0,$0,$-12,$-12,$-6,$-2,$-21,$3,$6,$-6
18,2014-03-31,42.14,$16.38,2.57,$18.84,2.24,$4.53,9.31,$2.60,16.21,$0.56B,$0.10B,5.7,$0.00B,$0.70B,0.0,$0.82B,$0.43B,52.14%,$0.82B,$0.14B,17.09%,$0.82B,$0.14B,17.09%,$0.82B,$0.16B,19.05%,$0.82B,$0.14B,17.09%,$0.82B,$0.11B,13.68%,$0.11B,$0.70B,16.28%,$0.11B,$0.68B,16.69%,$0.11B,$0.81B,14.04%,$0.14B,$0.70B,20.36%,$209,$98,$111,$22,$53,$174,$35,$1,$36,$9,$28,$28,$28,$39,$35,$42,43,$0.67,$0.64,$335,$57,$14,$556,$134,$100,$16,$5,$256,$812,$98,$0,$16,$16,$113,$1,$123,$3,$699,$812,$112,$16,$17,$33,$-11,$6,$-6,$1,$-5,$141,$-51,$0,$0,$138,$-145,$-7,$0,$-58,$0,$0,$0,$-86,$-86,$-17,$22,$-81,$4,$23,$-17
19,2013-12-31,43.94,$16.10,2.73,$18.79,2.34,$4.46,9.86,$2.62,16.77,$0.55B,$0.09B,5.93,$0.00B,$0.69B,0.0,$0.81B,$0.42B,51.84%,$0.81B,$0.14B,17.44%,$0.81B,$0.14B,17.44%,$0.81B,$0.16B,19.41%,$0.81B,$0.14B,17.32%,$0.81B,$0.11B,13.88%,$0.11B,$0.69B,16.75%,$0.11B,$0.68B,17.17%,$0.11B,$0.80B,14.38%,$0.14B,$0.69B,21.05%,$213,$102,$110,$21,$51,$175,$38,$0,$38,$4,$34,$34,$34,$42,$38,$42,43,$0.81,$0.80,$322,$67,$17,$553,$125,$107,$16,$2,$250,$803,$93,$0,$16,$18,$111,$1,$100,$2,$692,$803,$84,$12,$18,$29,$-7,$-3,$-10,$1,$-23,$92,$-38,$0,$0,$3,$0,$3,$0,$-35,$0,$0,$0,$-57,$-57,$-13,$18,$-52,$7,$17,$-13
20,2013-09-30,43.36,$15.67,2.77,$18.51,2.34,$4.70,9.23,$2.48,17.48,$0.58B,$0.09B,6.39,$0.00B,$0.69B,0.0,$0.80B,$0.41B,51.88%,$0.80B,$0.14B,17.42%,$0.80B,$0.14B,17.42%,$0.80B,$0.16B,19.42%,$0.80B,$0.14B,17.29%,$0.80B,$0.11B,13.41%,$0.11B,$0.69B,16.45%,$0.11B,$0.67B,16.87%,$0.11B,$0.79B,13.96%,$0.14B,$0.69B,21.21%,$194,$94,$100,$20,$49,$163,$31,$0,$31,$8,$23,$23,$23,$35,$31,$43,44,$0.54,$0.53,$359,$69,$15,$577,$118,$79,$16,$2,$216,$794,$90,$0,$14,$17,$108,$1,$70,$2,$686,$794,$50,$8,$15,$23,$3,$-5,$-8,$-1,$-17,$58,$-27,$0,$0,$4,$0,$4,$0,$-23,$0,$0,$0,$-27,$-27,$-9,$18,$-18,$17,$11,$-9
21,2013-06-30,41.17,$15.36,2.68,$18.28,2.25,$4.91,8.39,$2.56,16.08,$0.57B,$0.09B,6.31,$0.00B,$0.67B,0.0,$0.78B,$0.41B,52.49%,$0.78B,$0.14B,18.26%,$0.78B,$0.14B,18.26%,$0.78B,$0.16B,20.18%,$0.78B,$0.14B,18.14%,$0.78B,$0.11B,14.05%,$0.11B,$0.67B,17.68%,$0.11B,$0.66B,18.16%,$0.11B,$0.78B,14.80%,$0.14B,$0.67B,22.54%,$203,$97,$106,$21,$48,$167,$36,$-0,$35,$9,$27,$27,$27,$40,$36,$43,44,$0.63,$0.62,$358,$65,$14,$568,$108,$86,$16,$2,$212,$781,$90,$0,$13,$17,$107,$1,$51,$3,$674,$781,$27,$4,$9,$13,$6,$0,$-4,$1,$-7,$34,$-13,$0,$0,$35,$-26,$9,$0,$-4,$0,$0,$0,$-11,$-11,$-4,$13,$-2,$28,$5,$-4
22,2013-03-31,41.24,$14.94,2.76,$17.90,2.3,$4.70,8.78,$2.49,16.56,$0.57B,$0.10B,5.47,$0.00B,$0.65B,0.0,$0.76B,$0.40B,52.96%,$0.76B,$0.14B,18.27%,$0.76B,$0.14B,18.27%,$0.76B,$0.15B,20.24%,$0.76B,$0.14B,18.27%,$0.76B,$0.11B,14.06%,$0.11B,$0.65B,18.17%,$0.11B,$0.63B,18.67%,$0.11B,$0.77B,14.88%,$0.14B,$0.65B,22.72%,$204,$98,$106,$21,$48,$167,$37,$-0,$37,$8,$29,$29,$29,$41,$37,$42,43,$0.68,$0.67,$345,$67,$15,$566,$99,$80,$16,$2,$198,$765,$103,$0,$13,$15,$118,$1,$28,$6,$646,$765,$106,$16,$18,$34,$-16,$-15,$3,$-6,$-18,$126,$-39,$0,$-2,$184,$-202,$-18,$0,$-59,$0,$-37,$-37,$-24,$-24,$-17,$32,$-46,$19,$18,$-17
23,2012-12-31,34.24,$14.00,2.45,$17.04,2.01,$5.36,6.39,$2.37,14.45,$0.53B,$0.09B,5.65,$0.02B,$0.60B,0.03,$0.74B,$0.39B,53.33%,$0.74B,$0.13B,18.23%,$0.74B,$0.13B,18.23%,$0.74B,$0.15B,20.00%,$0.74B,$0.13B,18.23%,$0.74B,$0.10B,13.88%,$0.10B,$0.60B,18.24%,$0.10B,$0.58B,18.76%,$0.10B,$0.73B,14.66%,$0.13B,$0.62B,22.66%,$197,$95,$102,$20,$45,$163,$35,$0,$35,$7,$28,$28,$28,$39,$35,$42,43,$0.68,$0.66,$329,$67,$13,$533,$94,$80,$17,$3,$192,$725,$94,$20,$13,$35,$129,$1,$180,$4,$596,$725,$78,$12,$14,$26,$-1,$-14,$2,$-5,$-12,$93,$-29,$0,$-2,$118,$-150,$-32,$0,$-64,$0,$-17,$-17,$-24,$-24,$-13,$11,$-42,$-13,$14,$-13
24,2012-09-30,32.6,$13.42,2.43,$16.61,1.96,$5.52,5.91,$2.42,13.47,$0.55B,$0.08B,6.61,$0.03B,$0.57B,0.05,$0.72B,$0.39B,53.54%,$0.72B,$0.14B,18.86%,$0.72B,$0.14B,18.86%,$0.72B,$0.15B,20.67%,$0.72B,$0.14B,19.00%,$0.72B,$0.11B,14.56%,$0.11B,$0.57B,19.47%,$0.11B,$0.56B,20.03%,$0.11B,$0.70B,15.52%,$0.14B,$0.60B,23.60%,$179,$82,$97,$20,$43,$145,$35,$0,$35,$9,$26,$26,$26,$38,$35,$41,42,$0.62,$0.61,$360,$62,$13,$554,$90,$39,$17,$3,$148,$702,$84,$29,$14,$46,$130,$1,$156,$5,$573,$702,$49,$8,$9,$17,$5,$-8,$-4,$-1,$-7,$60,$-22,$0,$-2,$21,$-32,$-11,$0,$-35,$0,$-8,$-8,$-20,$-20,$-8,$11,$-26,$-1,$9,$-8
25,2012-06-30,30.65,$12.79,2.4,$16.25,1.89,$5.63,5.44,$2.41,12.72,$0.55B,$0.09B,6.45,$0.04B,$0.54B,0.08,$0.72B,$0.39B,53.96%,$0.72B,$0.14B,19.19%,$0.72B,$0.14B,19.19%,$0.72B,$0.15B,21.14%,$0.72B,$0.14B,19.33%,$0.72B,$0.11B,14.88%,$0.11B,$0.54B,20.38%,$0.11B,$0.53B,20.95%,$0.11B,$0.68B,16.25%,$0.14B,$0.58B,24.68%,$181,$84,$98,$20,$46,$149,$32,$0,$32,$9,$24,$24,$24,$36,$32,$42,43,$0.57,$0.55,$355,$59,$16,$549,$89,$29,$14,$2,$135,$684,$85,$42,$14,$58,$143,$1,$135,$7,$541,$684,$24,$4,$4,$8,$4,$-5,$-4,$-3,$-4,$28,$-17,$0,$0,$8,$-8,$-0,$0,$-17,$0,$5,$5,$-16,$-16,$-4,$0,$-16,$-5,$5,$-4
26,2012-03-31,36.71,$12.40,2.96,$15.65,2.35,$5.68,6.47,$2.42,15.17,$0.52B,$0.09B,6.08,$0.04B,$0.53B,0.07,$0.71B,$0.38B,53.78%,$0.71B,$0.14B,19.75%,$0.71B,$0.14B,19.75%,$0.71B,$0.16B,21.71%,$0.71B,$0.14B,20.03%,$0.71B,$0.11B,15.41%,$0.11B,$0.53B,20.68%,$0.11B,$0.51B,21.25%,$0.11B,$0.67B,16.81%,$0.14B,$0.56B,25.37%,$178,$82,$95,$18,$45,$146,$32,$0,$32,$8,$24,$24,$24,$34,$32,$44,45,$0.56,$0.54,$335,$54,$13,$524,$76,$55,$14,$2,$148,$672,$86,$37,$13,$59,$145,$1,$115,$6,$527,$672,$109,$14,$9,$23,$-9,$1,$0,$-0,$5,$140,$-19,$0,$0,$-79,$88,$10,$0,$-9,$0,$37,$37,$-274,$-274,$-9,$48,$-198,$-68,$17,$-9
27,2011-12-31,32.41,$12.01,2.7,$15.23,2.13,$6.01,5.4,$2.42,13.39,$0.49B,$0.07B,6.82,$0.04B,$0.52B,0.08,$0.71B,$0.38B,53.60%,$0.71B,$0.14B,20.17%,$0.71B,$0.14B,20.17%,$0.71B,$0.16B,22.57%,$0.71B,$0.15B,20.45%,$0.71B,$0.11B,15.80%,$0.11B,$0.52B,20.04%,$0.11B,$0.50B,20.57%,$0.11B,$0.65B,16.65%,$0.14B,$0.56B,24.93%,$183,$87,$96,$17,$42,$146,$37,$0,$38,$7,$31,$31,$31,$41,$37,$43,44,$0.73,$0.71,$298,$58,$17,$494,$76,$62,$14,$2,$154,$648,$72,$40,$13,$59,$132,$1,$94,$7,$516,$648,$85,$12,$7,$18,$-6,$-4,$-12,$1,$-17,$87,$-15,$0,$0,$72,$-63,$9,$0,$-6,$0,$40,$40,$-200,$-200,$-7,$-12,$-179,$-99,$13,$-7
28,2011-09-30,25.8,$11.86,2.17,$14.71,1.75,$6.04,4.27,$2.35,10.98,$0.48B,$0.08B,6.28,$0.02B,$0.52B,0.03,$0.71B,$0.38B,53.67%,$0.71B,$0.14B,20.20%,$0.71B,$0.14B,20.20%,$0.71B,$0.16B,22.46%,$0.71B,$0.14B,20.34%,$0.71B,$0.11B,15.96%,$0.11B,$0.52B,19.18%,$0.11B,$0.50B,19.69%,$0.11B,$0.63B,16.32%,$0.14B,$0.53B,24.08%,$177,$78,$99,$18,$44,$140,$37,$-0,$37,$9,$28,$28,$28,$41,$37,$45,46,$0.62,$0.60,$290,$61,$14,$480,$74,$59,$15,$2,$150,$630,$76,$18,$15,$38,$114,$1,$242,$5,$516,$630,$54,$8,$3,$11,$0,$-5,$-9,$-0,$-9,$57,$-10,$0,$0,$60,$-40,$20,$0,$10,$0,$18,$18,$-165,$-165,$-5,$-13,$-165,$-99,$9,$-5
29,2011-06-30,33.03,$12.18,2.71,$14.10,2.34,$6.07,5.44,$2.27,14.55,$0.52B,$0.08B,6.45,$0.00B,$0.57B,0.0,$0.69B,$0.37B,53.27%,$0.69B,$0.14B,20.32%,$0.69B,$0.14B,20.32%,$0.69B,$0.16B,22.64%,$0.69B,$0.14B,20.61%,$0.69B,$0.11B,15.97%,$0.11B,$0.57B,18.20%,$0.11B,$0.55B,18.70%,$0.11B,$0.67B,15.74%,$0.14B,$0.57B,23.17%,$176,$82,$94,$17,$42,$141,$35,$1,$36,$9,$27,$27,$27,$39,$35,$47,48,$0.57,$0.56,$330,$58,$15,$523,$72,$56,$15,$2,$145,$668,$81,$0,$14,$18,$99,$1,$217,$3,$569,$668,$27,$4,$1,$5,$-6,$-1,$-7,$-2,$-13,$19,$-4,$0,$0,$33,$-30,$3,$0,$-1,$0,$0,$0,$-79,$-79,$-2,$-17,$-99,$-80,$4,$-2
30,2011-03-31,33.02,$13.14,2.51,$13.88,2.38,$6.34,5.21,$2.23,14.81,$0.62B,$0.09B,6.6,$0.00B,$0.64B,0.0,$0.68B,$0.36B,52.92%,$0.68B,$0.14B,20.61%,$0.68B,$0.14B,20.61%,$0.68B,$0.16B,22.95%,$0.68B,$0.14B,20.61%,$0.68B,$0.11B,15.94%,$0.11B,$0.64B,18.08%,$0.11B,$0.62B,18.59%,$0.11B,$0.75B,15.64%,$0.14B,$0.64B,23.39%,$173,$83,$91,$17,$45,$139,$34,$-1,$34,$7,$26,$26,$26,$39,$34,$48,49,$0.55,$0.53,$430,$56,$17,$618,$71,$39,$15,$2,$127,$745,$94,$0,$13,$16,$110,$1,$192,$1,$635,$745,$109,$17,$12,$29,$-15,$13,$10,$-2,$20,$158,$-10,$0,$2,$-121,$-48,$-169,$0,$-177,$0,$0,$0,$-106,$-106,$-10,$60,$-55,$-73,$16,$-10
31,2010-12-31,33.47,$13.03,2.57,$13.66,2.45,$6.12,5.47,$2.18,15.35,$0.62B,$0.07B,8.49,$0.00B,$0.64B,0.0,$0.67B,$0.36B,53.34%,$0.67B,$0.14B,20.65%,$0.67B,$0.14B,20.65%,$0.67B,$0.13B,19.17%,$0.67B,$0.14B,20.51%,$0.67B,$0.11B,15.90%,$0.11B,$0.64B,18.24%,$0.11B,$0.62B,18.78%,$0.11B,$0.73B,15.86%,$0.14B,$0.64B,23.69%,$182,$86,$96,$16,$43,$145,$37,$-0,$37,$5,$32,$32,$32,$40,$37,$48,49,$0.66,$0.64,$414,$64,$21,$622,$67,$18,$17,$2,$104,$726,$73,$0,$13,$16,$89,$1,$169,$4,$637,$726,$83,$12,$9,$20,$-23,$6,$-2,$-0,$-17,$86,$-3,$0,$2,$-129,$-22,$-151,$0,$-153,$0,$0,$0,$-24,$-24,$-7,$5,$-26,$-92,$12,$-7
32,2010-09-30,30.29,$11.88,2.55,$13.33,2.27,$6.14,4.94,$2.01,15.07,$0.56B,$0.07B,8.39,$0.00B,$0.58B,0.0,$0.66B,$0.34B,52.21%,$0.66B,$0.13B,19.79%,$0.66B,$0.13B,19.79%,$0.66B,$0.15B,22.22%,$0.66B,$0.13B,19.79%,$0.66B,$0.10B,14.92%,$0.10B,$0.58B,17.43%,$0.10B,$0.56B,17.98%,$0.10B,$0.66B,15.00%,$0.13B,$0.58B,23.12%,$158,$72,$86,$15,$37,$124,$34,$1,$35,$10,$25,$25,$25,$38,$34,$47,49,$0.54,$0.52,$359,$70,$23,$559,$65,$15,$17,$2,$99,$657,$67,$0,$15,$15,$82,$1,$242,$3,$576,$657,$51,$8,$6,$14,$-7,$0,$-4,$-1,$-8,$57,$-6,$0,$0,$-42,$-15,$-56,$0,$-63,$0,$0,$0,$-47,$-47,$-5,$1,$-51,$-56,$8,$-5
33,2010-06-30,25.55,$11.82,2.16,$12.98,1.97,$6.09,4.2,$1.47,17.38,$0.58B,$0.08B,7.01,$0.00B,$0.56B,0.0,$0.64B,$0.33B,50.54%,$0.64B,$0.12B,18.20%,$0.64B,$0.12B,18.20%,$0.64B,$0.13B,20.68%,$0.64B,$0.12B,18.20%,$0.64B,$0.07B,11.20%,$0.07B,$0.56B,13.07%,$0.07B,$0.55B,13.50%,$0.07B,$0.66B,11.12%,$0.12B,$0.56B,21.24%,$171,$81,$89,$15,$39,$135,$36,$-0,$35,$10,$26,$26,$26,$40,$36,$48,50,$0.54,$0.52,$363,$78,$27,$576,$65,$0,$17,$2,$84,$660,$82,$0,$14,$15,$97,$1,$219,$7,$563,$660,$26,$4,$3,$7,$-7,$-8,$7,$-1,$-0,$32,$-3,$0,$0,$23,$0,$23,$0,$20,$0,$0,$0,$-36,$-36,$-2,$1,$-38,$13,$4,$-2
34,2010-03-31,27.86,$11.69,2.38,$12.45,2.24,$6.25,4.46,$1.17,23.81,$0.57B,$0.07B,8.18,$0.00B,$0.57B,0.0,$0.61B,$0.30B,49.10%,$0.61B,$0.10B,16.15%,$0.61B,$0.10B,16.15%,$0.61B,$0.12B,18.92%,$0.61B,$0.10B,16.48%,$0.61B,$0.06B,9.30%,$0.06B,$0.57B,10.51%,$0.06B,$0.55B,10.98%,$0.06B,$0.66B,8.87%,$0.10B,$0.57B,18.26%,$162,$75,$88,$16,$40,$131,$32,$-1,$31,$7,$24,$24,$24,$11,$32,$49,49,$0.50,$0.49,$369,$71,$31,$570,$66,$0,$17,$3,$86,$655,$70,$0,$14,$14,$84,$1,$195,$6,$571,$655,$57,$18,$36,$54,$0,$28,$-9,$3,$32,$144,$-6,$0,$9,$64,$1,$65,$0,$68,$0,$0,$0,$-13,$-13,$-10,$2,$-21,$192,$15,$-10
35,2009-12-31,23.06,$11.17,2.06,$10.91,2.11,$5.00,4.61,$0.44,52.41,$0.55B,$0.09B,6.26,$0.00B,$0.54B,0.0,$0.54B,$0.26B,48.42%,$0.54B,$0.07B,13.78%,$0.54B,$0.07B,13.78%,$0.54B,$0.12B,21.79%,$0.54B,$0.08B,14.15%,$0.54B,$0.02B,4.10%,$0.02B,$0.54B,4.15%,$0.02B,$0.52B,4.38%,$0.02B,$0.64B,3.45%,$0.07B,$0.54B,13.94%,$166,$86,$80,$15,$38,$138,$28,$1,$29,$6,$23,$23,$23,$57,$28,$49,50,$0.48,$0.47,$317,$71,$42,$553,$68,$0,$18,$3,$89,$642,$88,$0,$14,$15,$103,$1,$173,$3,$539,$642,$33,$39,$9,$49,$-27,$27,$-1,$0,$7,$89,$-4,$0,$11,$50,$1,$51,$0,$58,$0,$0,$0,$-17,$-17,$-7,$1,$-23,$125,$11,$-7
36,2009-09-30,23.71,$10.79,2.2,$10.72,2.21,$4.09,5.79,$-1.93,0.0,$0.51B,$0.09B,5.79,$0.00B,$0.53B,0.0,$0.52B,$0.24B,45.80%,$0.52B,$0.05B,9.73%,$0.52B,$0.05B,9.73%,$0.52B,$0.07B,13.74%,$0.52B,$0.05B,9.54%,$0.52B,$-0.09B,-17.75%,$-0.09B,$0.53B,-17.56%,$-0.09B,$0.51B,-18.80%,$-0.09B,$0.63B,-14.61%,$0.05B,$0.53B,9.63%,$144,$77,$68,$14,$33,$124,$21,$1,$22,$6,$16,$16,$-1,$25,$21,$49,50,$-0.02,$-0.02,$269,$100,$26,$511,$71,$22,$18,$11,$122,$634,$88,$0,$15,$15,$104,$1,$209,$-0,$530,$634,$10,$10,$25,$35,$-20,$18,$1,$1,$8,$52,$-3,$0,$0,$35,$1,$36,$0,$33,$0,$0,$0,$3,$3,$-5,$1,$-1,$86,$7,$-5
37,2009-06-30,16.65,$10.82,1.54,$12.18,1.37,$3.89,4.28,$-1.55,0.0,$0.48B,$0.09B,5.42,$0.00B,$0.53B,0.0,$0.60B,$0.27B,44.56%,$0.60B,$0.06B,9.55%,$0.60B,$0.06B,9.55%,$0.60B,$0.08B,13.57%,$0.60B,$0.05B,8.71%,$0.60B,$-0.07B,-12.40%,$-0.07B,$0.53B,-13.33%,$-0.07B,$0.49B,-15.24%,$-0.07B,$0.64B,-10.90%,$0.06B,$0.53B,10.27%,$141,$76,$65,$14,$33,$124,$18,$1,$19,$6,$13,$13,$11,$23,$18,$49,49,$0.22,$0.22,$254,$109,$14,$477,$89,$20,$40,$12,$162,$639,$88,$0,$15,$22,$110,$1,$212,$1,$529,$639,$11,$5,$6,$11,$-5,$9,$3,$2,$16,$38,$-2,$0,$0,$10,$0,$10,$0,$8,$0,$0,$0,$0,$0,$-2,$0,$-2,$45,$4,$-2
38,2009-03-31,10.57,$10.75,0.98,$13.73,0.77,$3.74,2.82,$-1.35,0.0,$0.46B,$0.09B,5.39,$0.00B,$0.53B,0.0,$0.68B,$0.29B,43.26%,$0.68B,$0.06B,9.04%,$0.68B,$0.06B,9.04%,$0.68B,$0.09B,13.04%,$0.68B,$0.06B,8.44%,$0.68B,$-0.07B,-9.63%,$-0.07B,$0.53B,-11.34%,$-0.07B,$0.49B,-13.71%,$-0.07B,$0.63B,-9.12%,$0.06B,$0.53B,10.64%,$86,$39,$47,$9,$21,$79,$7,$-0,$6,$5,$1,$1,$-11,$12,$7,$49,49,$-0.22,$-0.21,$218,$119,$30,$464,$96,$24,$41,$10,$170,$633,$86,$0,$14,$22,$108,$1,$204,$9,$525,$633,$-65,$26,$121,$147,$51,$-5,$-15,$-7,$16,$99,$-24,$0,$0,$-60,$0,$-60,$0,$-83,$0,$0,$0,$-6,$-6,$-10,$1,$-15,$-5,$16,$-10
39,2008-12-31,11.45,$10.99,1.04,$14.02,0.82,$3.82,3.0,$-0.76,0.0,$0.47B,$0.09B,5.3,$0.00B,$0.54B,0.0,$0.69B,$0.33B,47.46%,$0.69B,$0.11B,15.82%,$0.69B,$0.11B,15.82%,$0.69B,$0.14B,20.03%,$0.69B,$0.11B,15.38%,$0.69B,$-0.04B,-5.22%,$-0.04B,$0.54B,-6.14%,$-0.04B,$0.49B,-7.87%,$-0.04B,$0.64B,-4.87%,$0.11B,$0.54B,18.58%,$153,$92,$60,$17,$39,$148,$5,$-1,$3,$-3,$6,$6,$-92,$12,$5,$48,49,$-1.90,$-1.90,$183,$138,$28,$468,$98,$24,$41,$10,$173,$641,$88,$0,$13,$18,$107,$1,$548,$10,$535,$641,$-54,$21,$108,$128,$27,$-15,$-16,$-7,$-15,$60,$-21,$0,$0,$-30,$0,$-30,$0,$-50,$0,$0,$0,$-7,$-7,$-7,$1,$-14,$-10,$12,$-7
40,2008-09-30,19.39,$12.92,1.5,$15.58,1.24,$4.18,4.64,$1.53,12.67,$0.51B,$0.13B,4.05,$0.00B,$0.63B,0.0,$0.77B,$0.36B,46.94%,$0.77B,$0.13B,16.51%,$0.77B,$0.13B,16.51%,$0.77B,$0.16B,20.29%,$0.77B,$0.13B,16.64%,$0.77B,$0.08B,9.75%,$0.08B,$0.63B,12.63%,$0.08B,$0.48B,17.31%,$0.08B,$0.80B,9.83%,$0.13B,$0.63B,21.38%,$217,$123,$94,$19,$48,$190,$27,$-3,$24,$7,$18,$18,$18,$34,$27,$49,49,$0.36,$0.36,$200,$163,$21,$513,$103,$25,$157,$6,$290,$803,$126,$0,$1,$45,$171,$1,$642,$4,$631,$803,$38,$14,$7,$21,$19,$-40,$23,$-5,$-5,$54,$-15,$0,$0,$0,$0,$0,$0,$-15,$0,$0,$0,$3,$3,$-5,$1,$-1,$37,$9,$-5
41,2008-06-30,19.14,$12.29,1.56,$15.42,1.24,$3.98,4.81,$1.51,12.67,$0.49B,$0.13B,3.86,$0.00B,$0.60B,0.0,$0.76B,$0.35B,46.18%,$0.76B,$0.12B,15.66%,$0.76B,$0.12B,15.66%,$0.76B,$0.15B,19.47%,$0.76B,$0.13B,16.45%,$0.76B,$0.07B,9.74%,$0.07B,$0.60B,12.97%,$0.07B,$0.44B,18.18%,$0.07B,$0.77B,10.03%,$0.12B,$0.60B,20.85%,$219,$128,$91,$20,$48,$197,$22,$2,$24,$3,$20,$20,$20,$30,$22,$49,49,$0.42,$0.42,$190,$137,$14,$485,$98,$24,$159,$6,$288,$773,$126,$0,$1,$45,$171,$1,$627,$-3,$602,$773,$20,$7,$4,$11,$1,$-11,$15,$0,$3,$34,$-5,$0,$0,$0,$0,$0,$0,$-5,$0,$0,$0,$0,$0,$-2,$0,$-2,$27,$4,$-2
42,2008-03-31,16.49,$11.82,1.39,$15.21,1.08,$3.52,4.69,$1.40,11.78,$0.45B,$0.12B,3.91,$0.00B,$0.58B,0.0,$0.75B,$0.34B,46.05%,$0.75B,$0.12B,15.39%,$0.75B,$0.12B,15.39%,$0.75B,$0.14B,19.14%,$0.75B,$0.12B,16.06%,$0.75B,$0.07B,9.24%,$0.07B,$0.58B,12.56%,$0.07B,$0.42B,18.04%,$0.07B,$0.74B,9.67%,$0.12B,$0.58B,20.94%,$100,$18,$82,$8,$23,$46,$55,$1,$55,$14,$41,$41,$18,$62,$55,$48,49,$0.38,$0.35,$163,$127,$15,$450,$99,$25,$161,$7,$291,$741,$115,$0,$15,$48,$163,$1,$609,$-4,$579,$741,$68,$28,$16,$44,$-19,$-8,$-2,$-3,$-10,$103,$-23,$0,$0,$-19,$0,$-19,$0,$-42,$0,$0,$0,$14,$14,$-10,$2,$6,$69,$16,$-10
43,2007-12-31,22.09,$11.54,1.91,$17.22,1.28,$2.97,7.43,$1.25,17.67,$0.46B,$0.12B,3.83,$0.00B,$0.56B,0.0,$0.84B,$0.34B,40.02%,$0.84B,$0.07B,8.19%,$0.84B,$0.07B,8.19%,$0.84B,$0.10B,11.76%,$0.84B,$0.08B,9.03%,$0.84B,$0.06B,7.24%,$0.06B,$0.56B,11.54%,$0.06B,$0.40B,16.99%,$0.06B,$0.73B,8.83%,$0.07B,$0.56B,13.05%,$233,$139,$94,$19,$48,$210,$23,$2,$25,$6,$19,$19,$19,$30,$23,$48,50,$0.39,$0.39,$170,$131,$13,$463,$98,$0,$166,$6,$271,$734,$121,$0,$1,$49,$170,$1,$594,$2,$564,$734,$51,$21,$13,$34,$-24,$-13,$7,$-0,$-10,$74,$-17,$0,$0,$-44,$0,$-44,$0,$-61,$0,$0,$0,$12,$12,$-7,$2,$7,$21,$12,$-7
44,2007-09-30,24.16,$11.08,2.18,$17.01,1.42,$2.06,11.7,$1.18,20.47,$0.43B,$0.12B,3.73,$0.00B,$0.54B,0.0,$0.82B,$0.32B,39.32%,$0.82B,$0.06B,7.65%,$0.82B,$0.06B,7.65%,$0.82B,$0.09B,11.29%,$0.82B,$0.07B,8.37%,$0.82B,$0.06B,6.92%,$0.06B,$0.54B,11.22%,$0.06B,$0.37B,16.98%,$0.06B,$0.70B,8.54%,$0.06B,$0.54B,12.40%,$208,$124,$84,$19,$46,$189,$19,$2,$21,$5,$17,$17,$17,$26,$19,$48,49,$0.34,$0.34,$140,$134,$14,$429,$100,$0,$168,$6,$274,$703,$115,$0,$1,$50,$165,$1,$577,$1,$538,$703,$31,$14,$11,$25,$-16,$-15,$2,$0,$-14,$42,$-12,$0,$0,$-44,$0,$-44,$0,$-56,$0,$0,$0,$9,$9,$-5,$1,$5,$-8,$8,$-5
45,2007-06-30,22.1,$10.70,2.07,$16.89,1.31,$1.52,14.59,$1.10,20.09,$0.40B,$0.11B,3.64,$0.00B,$0.52B,0.0,$0.81B,$0.32B,39.09%,$0.81B,$0.06B,7.40%,$0.81B,$0.06B,7.40%,$0.81B,$0.09B,11.10%,$0.81B,$0.06B,7.89%,$0.81B,$0.05B,6.54%,$0.05B,$0.52B,10.84%,$0.05B,$0.35B,16.89%,$0.05B,$0.68B,8.15%,$0.06B,$0.52B,12.27%,$206,$123,$84,$19,$46,$189,$18,$1,$19,$4,$15,$15,$15,$25,$18,$48,49,$0.31,$0.31,$110,$136,$18,$400,$99,$0,$171,$6,$276,$675,$110,$0,$1,$50,$159,$1,$563,$3,$516,$675,$15,$7,$6,$13,$-8,$-15,$-3,$0,$-15,$13,$-6,$0,$0,$-4,$0,$-4,$0,$-10,$0,$0,$0,$2,$2,$-2,$0,$0,$3,$4,$-2
46,2007-03-31,19.83,$10.15,1.95,$16.68,1.19,$1.34,14.79,$1.04,19.07,$0.38B,$0.12B,3.22,$0.00B,$0.50B,0.0,$0.80B,$0.31B,38.63%,$0.80B,$0.06B,7.13%,$0.80B,$0.06B,7.13%,$0.80B,$0.09B,10.88%,$0.80B,$0.06B,7.63%,$0.80B,$0.05B,6.25%,$0.05B,$0.50B,10.62%,$0.05B,$0.32B,17.06%,$0.05B,$0.65B,7.83%,$0.06B,$0.50B,12.10%,$195,$119,$75,$18,$48,$185,$9,$1,$11,$1,$10,$10,$10,$18,$9,$47,48,$0.21,$0.21,$103,$127,$18,$375,$97,$0,$173,$6,$276,$651,$116,$0,$1,$38,$154,$1,$550,$3,$497,$651,$50,$30,$22,$52,$5,$-35,$1,$-5,$-27,$73,$-21,$0,$0,$-1,$0,$-1,$0,$-22,$0,$-22,$-22,$4,$4,$-10,$1,$-26,$25,$17,$-10
47,2006-12-31,17.71,$10.05,1.76,$16.87,1.05,$1.01,17.5,$1.26,14.06,$0.36B,$0.12B,3.05,$0.00B,$0.48B,0.0,$0.81B,$0.32B,39.29%,$0.81B,$0.07B,9.11%,$0.81B,$0.07B,9.11%,$0.81B,$0.10B,12.56%,$0.81B,$0.08B,9.48%,$0.81B,$0.06B,7.51%,$0.06B,$0.48B,13.38%,$0.06B,$0.30B,22.20%,$0.06B,$0.64B,9.70%,$0.07B,$0.48B,16.24%,$215,$135,$81,$18,$46,$199,$17,$1,$18,$3,$15,$15,$15,$24,$17,$47,48,$0.32,$0.32,$69,$134,$14,$361,$97,$0,$177,$6,$281,$642,$118,$0,$1,$42,$161,$1,$542,$2,$481,$642,$40,$22,$3,$25,$-14,$-39,$-3,$-0,$-49,$28,$-16,$0,$0,$8,$0,$8,$0,$-8,$0,$-16,$-16,$1,$1,$-7,$1,$-21,$0,$13,$-7
