,Date,Stock Price,Book Value per Share,Price to Book Ratio,TTM Sales per Share,Price to Sales Ratio,TTM FCF per Share,Price to FCF Ratio,TTM Net EPS,PE Ratio,Current Assets,Current Liabilities,Current Ratio,Long Term Debt,Shareholder's Equity_x,Debt to Equity Ratio,TTM Revenue_x,TTM Gross Profit,Gross Margin,TTM Revenue_y,TTM Operating Income,Operating Margin,TTM Revenue_x,TTM EBIT,EBIT Margin,TTM Revenue_y,TTM EBITDA,EBITDA Margin,TTM Revenue_x,TTM Pre-Tax Income,Pre-Tax Margin,TTM Revenue_y,TTM Net Income_x,Net Margin,TTM Net Income_y,Shareholder's Equity_y,Return on Equity,TTM Net Income_x,Tangible Equity,Return on Tangible Equity,TTM Net Income_y,Total Assets,Return on Assets,TTM Net Income,LT Investments & Debt,Return on Investment,revenue,cost-goods-sold,gross-profit,research-development-expenses,selling-general-administrative-expenses,operating-expenses,operating-income,total-non-operating-income-expense,pre-tax-income,total-provision-income-taxes,income-after-taxes,income-from-continuous-operations,net-income,ebitda,ebit,basic-shares-outstanding,shares-outstanding,eps-basic-net-earnings-per-share,eps-earnings-per-share-diluted,cash-on-hand,inventory,other-current-assets,total-current-assets,net-property-plant-equipment,long-term-investments,goodwill-intangible-assets-total,other-long-term-assets,total-long-term-assets,total-assets,total-current-liabilities,long-term-debt,other-non-current-liabilities,total-long-term-liabilities,total-liabilities,common-stock-net,retained-earnings-accumulated-deficit,comprehensive-income,total-share-holder-equity,total-liabilities-share-holders-equity,net-income-loss,total-depreciation-amortization-cash-flow,other-non-cash-items,total-non-cash-items,change-in-accounts-receivable,change-in-inventories,change-in-accounts-payable,change-in-assets-liabilities,total-change-in-assets-liabilities,cash-flow-from-operating-activities,net-change-in-property-plant-equipment,net-change-in-intangible-assets,net-acquisitions-divestitures,net-change-in-short-term-investments,net-change-in-long-term-investments,net-change-in-investments-total,investing-activities-other,cash-flow-from-investing-activities,net-long-term-debt,net-current-debt,debt-issuance-retirement-net-total,net-common-equity-issued-repurchased,net-total-equity-issued-repurchased,total-common-preferred-stock-dividends-paid,financial-activities-other,cash-flow-from-financial-activities,net-cash-flow,stock-based-compensation,common-stock-dividends-paid
0,2018-09-30,1.92,$0.07,29.0,$0.68,2.82,$-0.83,0.0,$-0.37,0.0,$0.12B,$0.12B,1.06,$0.16B,$0.01B,10.93,$0.15B,$-0.00B,-2.01%,$0.15B,$-0.08B,-50.34%,$0.15B,$-0.08B,-50.34%,$0.15B,$-0.06B,-39.60%,$0.15B,$-0.09B,-59.06%,$0.15B,$-0.08B,-56.38%,$-0.08B,$0.01B,-206.13%,$-0.08B,$0.00B,-305.45%,$-0.08B,$0.32B,-28.87%,$-0.08B,$0.17B,-51.11%,$53,$49,$4,$8,$9,$66,$-13,$-5,$-17,$-2,$-16,$-16,$-16,$-8,$-13,$219,219,$-0.07,$-0.07,$30,$53,$0,$124,$13,$0,$13,$169,$195,$319,$117,$157,$1,$188,$305,$2,$-1243,$2,$14,$319,$-61,$14,$4,$18,$-9,$13,$0,$6,$2,$-42,$-3,$-1,$0,$0,$0,$0,$-13,$-18,$117,$0,$117,$-38,$-38,$0,$-25,$53,$-6,$6,$0
1,2018-06-30,2.02,$0.12,16.6,$0.59,3.41,$-1.00,0.0,$-0.48,0.0,$0.12B,$0.11B,1.08,$0.11B,$0.03B,4.16,$0.13B,$-0.03B,-19.85%,$0.13B,$-0.10B,-74.81%,$0.13B,$-0.10B,-74.81%,$0.13B,$-0.09B,-64.89%,$0.13B,$-0.11B,-85.50%,$0.13B,$-0.11B,-83.21%,$-0.11B,$0.03B,-184.75%,$-0.11B,$0.01B,-238.25%,$-0.11B,$0.28B,-38.89%,$-0.10B,$0.14B,-70.63%,$36,$38,$-2,$8,$12,$59,$-23,$-6,$-29,$-3,$-26,$-26,$-26,$-18,$-23,$214,214,$-0.12,$-0.12,$28,$42,$0,$118,$12,$96,$13,$38,$158,$276,$110,$109,$3,$140,$250,$2,$-1224,$2,$26,$276,$-46,$9,$3,$11,$-16,$6,$0,$6,$-11,$-45,$-2,$-1,$0,$0,$0,$0,$-13,$-16,$110,$0,$110,$-43,$-43,$0,$-18,$49,$-13,$4,$0
2,2018-03-31,1.89,$0.23,8.18,$0.52,3.65,$-1.05,0.0,$-0.55,0.0,$0.15B,$0.11B,1.28,$0.11B,$0.05B,2.15,$0.12B,$-0.03B,-24.14%,$0.12B,$-0.10B,-88.79%,$0.12B,$-0.10B,-88.79%,$0.12B,$-0.09B,-80.17%,$0.12B,$-0.13B,-108.62%,$0.12B,$-0.13B,-108.62%,$-0.13B,$0.05B,-163.64%,$-0.13B,$0.04B,-197.65%,$-0.13B,$0.30B,-46.93%,$-0.10B,$0.16B,-73.70%,$27,$31,$-4,$9,$8,$48,$-21,$-2,$-23,$-3,$-20,$-20,$-20,$-18,$-21,$227,227,$-0.09,$-0.09,$61,$47,$0,$146,$11,$0,$13,$129,$153,$298,$113,$107,$3,$135,$249,$2,$-1198,$3,$49,$298,$-20,$3,$-0,$3,$-8,$1,$0,$1,$-7,$-24,$-1,$0,$0,$0,$0,$0,$-3,$-4,$91,$0,$91,$-43,$-43,$0,$1,$49,$21,$2,$0
3,2017-12-31,2.36,$0.32,7.32,$0.48,4.94,$-1.06,0.0,$-0.59,0.0,$0.12B,$0.12B,1.03,$0.05B,$0.07B,0.69,$0.10B,$-0.03B,-26.92%,$0.10B,$-0.10B,-98.08%,$0.10B,$-0.10B,-98.08%,$0.10B,$-0.09B,-88.46%,$0.10B,$-0.13B,-122.12%,$0.10B,$-0.13B,-125.00%,$-0.13B,$0.07B,-162.50%,$-0.13B,$0.06B,-194.76%,$-0.13B,$0.27B,-52.68%,$-0.10B,$0.12B,-80.47%,$33,$33,$-1,$9,$8,$50,$-18,$-2,$-19,$0,$-19,$-19,$-22,$-15,$-18,$216,216,$-0.10,$-0.10,$39,$49,$0,$120,$10,$0,$13,$128,$151,$271,$116,$50,$4,$81,$197,$2,$-1179,$2,$74,$271,$-127,$11,$61,$71,$-3,$-19,$0,$6,$-4,$-60,$-4,$0,$0,$0,$0,$0,$-40,$-44,$8,$0,$8,$41,$37,$0,$38,$83,$-21,$9,$0
4,2017-09-30,2.61,$0.38,6.85,$0.51,5.14,$-0.94,0.0,$-0.61,0.0,$0.13B,$0.10B,1.29,$0.05B,$0.09B,0.62,$0.10B,$-0.02B,-23.08%,$0.10B,$-0.10B,-92.31%,$0.10B,$-0.10B,-92.31%,$0.10B,$-0.09B,-82.69%,$0.10B,$-0.13B,-122.12%,$0.10B,$-0.13B,-122.12%,$-0.13B,$0.09B,-153.47%,$-0.13B,$0.07B,-181.43%,$-0.13B,$0.28B,-53.08%,$-0.10B,$0.14B,-73.99%,$35,$54,$-19,$7,$10,$71,$-36,$-5,$-41,$0,$-41,$-41,$-41,$-34,$-36,$226,226,$-0.18,$-0.18,$23,$45,$0,$133,$9,$0,$13,$121,$143,$276,$103,$53,$6,$86,$189,$2,$-1159,$2,$87,$276,$-108,$8,$58,$66,$-41,$-15,$0,$10,$-40,$-81,$-2,$0,$0,$0,$0,$0,$-26,$-28,$42,$0,$42,$38,$35,$0,$-12,$65,$-44,$7,$0
5,2017-06-30,2.04,$0.44,4.66,$0.45,4.52,$-0.75,0.0,$-0.50,0.0,$0.09B,$0.07B,1.31,$0.04B,$0.10B,0.41,$0.09B,$-0.01B,-5.75%,$0.09B,$-0.07B,-83.91%,$0.09B,$-0.07B,-83.91%,$0.09B,$-0.06B,-73.56%,$0.09B,$-0.10B,-113.79%,$0.09B,$-0.10B,-113.79%,$-0.10B,$0.10B,-117.16%,$-0.10B,$0.09B,-138.46%,$-0.10B,$0.23B,-43.76%,$-0.07B,$0.14B,-54.99%,$21,$24,$-4,$7,$18,$49,$-28,$-15,$-43,$0,$-43,$-43,$-43,$-26,$-28,$220,220,$-0.19,$-0.19,$17,$43,$0,$88,$8,$0,$13,$119,$141,$229,$67,$41,$4,$63,$130,$2,$-1118,$1,$98,$229,$-67,$5,$28,$33,$-3,$-13,$0,$-1,$-24,$-58,$-1,$0,$0,$0,$0,$0,$-19,$-21,$3,$0,$3,$37,$34,$0,$-4,$32,$-47,$5,$0
6,2017-03-31,1.38,$0.32,4.35,$0.47,2.93,$-0.59,0.0,$-0.38,0.0,$0.08B,$0.07B,1.16,$0.04B,$0.06B,0.71,$0.09B,$-0.00B,-1.16%,$0.09B,$-0.06B,-67.44%,$0.09B,$-0.06B,-67.44%,$0.09B,$-0.05B,-58.14%,$0.09B,$-0.07B,-80.23%,$0.09B,$-0.07B,-80.23%,$-0.07B,$0.06B,-80.00%,$-0.07B,$0.05B,-94.20%,$-0.07B,$0.21B,-30.36%,$-0.06B,$0.10B,-41.73%,$15,$20,$-4,$6,$9,$35,$-20,$-4,$-24,$0,$-24,$-24,$-24,$-17,$-20,$191,191,$-0.13,$-0.13,$27,$34,$0,$78,$8,$0,$12,$113,$133,$211,$67,$43,$14,$83,$150,$2,$-1079,$0,$61,$211,$-24,$2,$5,$7,$5,$-4,$0,$0,$-7,$-24,$-0,$0,$0,$0,$0,$0,$-9,$-10,$-0,$0,$-0,$0,$-4,$0,$2,$-2,$-35,$2,$0
7,2016-12-31,1.2,$0.45,2.7,$0.48,2.52,$-0.51,0.0,$-0.32,0.0,$0.11B,$0.07B,1.67,$0.05B,$0.09B,0.6,$0.09B,$0.00B,3.49%,$0.09B,$-0.05B,-59.30%,$0.09B,$-0.05B,-59.30%,$0.09B,$-0.05B,-52.33%,$0.09B,$-0.06B,-66.28%,$0.09B,$-0.06B,-66.28%,$-0.06B,$0.09B,-57.00%,$-0.06B,$0.07B,-65.52%,$-0.06B,$0.24B,-24.78%,$-0.05B,$0.14B,-35.05%,$33,$30,$3,$6,$9,$45,$-12,$-7,$-19,$0,$-19,$-19,$-19,$-9,$-12,$181,181,$-0.11,$-0.11,$57,$30,$0,$111,$8,$54,$12,$55,$130,$241,$66,$51,$12,$89,$156,$2,$-1051,$0,$85,$241,$-57,$7,$4,$11,$11,$3,$0,$-7,$17,$-30,$-3,$0,$0,$0,$0,$0,$-55,$-58,$22,$-1,$21,$12,$28,$0,$21,$70,$-18,$9,$0
8,2016-09-30,1.71,$0.52,3.3,$0.51,3.33,$-0.62,0.0,$-0.35,0.0,$0.11B,$0.06B,1.89,$0.06B,$0.09B,0.63,$0.09B,$-0.01B,-9.89%,$0.09B,$-0.06B,-69.23%,$0.09B,$-0.06B,-69.23%,$0.09B,$-0.06B,-64.84%,$0.09B,$-0.06B,-69.23%,$0.09B,$-0.06B,-69.23%,$-0.06B,$0.09B,-57.27%,$-0.06B,$0.08B,-65.12%,$-0.06B,$0.22B,-28.38%,$-0.06B,$0.15B,-43.00%,$18,$17,$0,$5,$9,$31,$-13,$-0,$-13,$0,$-13,$-13,$-13,$-12,$-13,$180,180,$-0.07,$-0.07,$48,$36,$0,$107,$8,$0,$13,$95,$117,$224,$56,$59,$2,$74,$130,$2,$-1032,$1,$94,$224,$-38,$4,$1,$5,$11,$-3,$0,$-11,$4,$-30,$-2,$0,$0,$0,$0,$0,$-43,$-45,$23,$-1,$22,$0,$0,$0,$31,$53,$-21,$7,$0
9,2016-06-30,1.86,$0.58,3.2,$0.59,3.13,$-0.67,0.0,$-0.34,0.0,$0.13B,$0.05B,2.57,$0.06B,$0.11B,0.57,$0.10B,$-0.01B,-8.65%,$0.10B,$-0.06B,-59.62%,$0.10B,$-0.06B,-59.62%,$0.10B,$-0.06B,-56.73%,$0.10B,$-0.06B,-57.69%,$0.10B,$-0.06B,-57.69%,$-0.06B,$0.11B,-48.48%,$-0.06B,$0.09B,-54.30%,$-0.06B,$0.23B,-27.62%,$-0.06B,$0.16B,-41.89%,$20,$20,$0,$5,$9,$34,$-13,$0,$-13,$0,$-13,$-13,$-13,$-12,$-13,$180,180,$-0.07,$-0.07,$70,$35,$0,$128,$9,$0,$13,$83,$106,$233,$50,$59,$6,$79,$129,$2,$-1019,$1,$105,$233,$-25,$2,$1,$3,$10,$-2,$0,$-8,$6,$-16,$-3,$0,$0,$0,$0,$0,$-26,$-29,$24,$-1,$23,$0,$0,$0,$24,$47,$2,$4,$0
10,2016-03-31,2.05,$0.64,3.18,$0.62,3.31,$-0.71,0.0,$-0.32,0.0,$0.13B,$0.07B,1.93,$0.01B,$0.12B,0.12,$0.11B,$-0.01B,-6.48%,$0.11B,$-0.06B,-54.63%,$0.11B,$-0.06B,-54.63%,$0.11B,$-0.06B,-51.85%,$0.11B,$-0.06B,-51.85%,$0.11B,$-0.06B,-51.85%,$-0.06B,$0.12B,-42.11%,$-0.06B,$0.10B,-45.62%,$-0.06B,$0.22B,-27.35%,$-0.06B,$0.13B,-41.26%,$15,$15,$0,$5,$8,$28,$-13,$1,$-12,$-0,$-12,$-12,$-12,$-12,$-13,$180,180,$-0.07,$-0.07,$71,$39,$0,$130,$9,$13,$13,$56,$92,$222,$68,$14,$10,$38,$106,$2,$-1006,$1,$116,$222,$-12,$1,$1,$2,$12,$-6,$0,$-5,$3,$-7,$-2,$0,$0,$0,$0,$0,$-12,$-14,$-1,$24,$23,$0,$0,$0,$-0,$23,$3,$2,$0
11,2015-12-31,2.11,$0.69,3.05,$0.59,3.59,$-0.74,0.0,$-0.31,0.0,$0.13B,$0.04B,3.07,$0.02B,$0.13B,0.12,$0.10B,$-0.01B,-8.82%,$0.10B,$-0.06B,-57.84%,$0.10B,$-0.06B,-57.84%,$0.10B,$-0.06B,-54.90%,$0.10B,$-0.06B,-53.92%,$0.10B,$-0.06B,-53.92%,$-0.06B,$0.13B,-38.94%,$-0.06B,$0.11B,-41.04%,$-0.06B,$0.21B,-27.99%,$-0.06B,$0.14B,-39.80%,$38,$48,$-9,$4,$10,$63,$-24,$-1,$-25,$0,$-25,$-25,$-25,$-23,$-24,$176,176,$-0.15,$-0.15,$68,$33,$0,$131,$7,$2,$13,$56,$78,$209,$43,$15,$12,$42,$85,$2,$-994,$1,$125,$209,$-56,$3,$14,$17,$-6,$-7,$0,$-3,$-9,$-47,$-4,$0,$1,$0,$0,$0,$0,$-2,$0,$0,$0,$-0,$-0,$0,$-33,$-33,$-82,$8,$0
12,2015-09-30,1.84,$0.83,2.23,$0.50,3.65,$-0.72,0.0,$-0.21,0.0,$0.14B,$0.03B,4.28,$0.01B,$0.15B,0.07,$0.09B,$-0.00B,-2.35%,$0.09B,$-0.05B,-56.47%,$0.09B,$-0.05B,-56.47%,$0.09B,$-0.05B,-52.94%,$0.09B,$-0.04B,-43.53%,$0.09B,$-0.04B,-43.53%,$-0.04B,$0.15B,-24.75%,$-0.04B,$0.14B,-25.47%,$-0.04B,$0.21B,-18.95%,$-0.05B,$0.16B,-31.27%,$31,$31,$0,$4,$8,$44,$-12,$2,$-10,$0,$-10,$-10,$-10,$-12,$-12,$177,177,$-0.06,$-0.06,$86,$32,$0,$144,$8,$0,$13,$39,$61,$205,$34,$10,$5,$22,$56,$2,$-969,$1,$149,$205,$-30,$2,$1,$4,$-2,$-6,$0,$-8,$-10,$-37,$-3,$0,$2,$0,$0,$0,$0,$-1,$0,$0,$0,$0,$0,$0,$-23,$-23,$-61,$6,$0
13,2015-06-30,2.45,$0.82,3.0,$0.44,5.51,$-0.68,0.0,$-0.21,0.0,$0.16B,$0.03B,6.49,$0.00B,$0.14B,0.02,$0.07B,$-0.00B,-4.05%,$0.07B,$-0.05B,-63.51%,$0.07B,$-0.05B,-63.51%,$0.07B,$-0.04B,-58.11%,$0.07B,$-0.04B,-50.00%,$0.07B,$-0.04B,-48.65%,$-0.04B,$0.14B,-23.49%,$-0.04B,$0.14B,-23.68%,$-0.04B,$0.18B,-18.27%,$-0.05B,$0.14B,-30.23%,$24,$22,$2,$3,$8,$34,$-10,$1,$-9,$0,$-9,$-9,$-9,$-9,$-10,$173,173,$-0.05,$-0.05,$109,$33,$0,$161,$6,$0,$1,$15,$22,$183,$25,$2,$7,$17,$41,$2,$-958,$1,$142,$183,$-20,$2,$1,$3,$4,$-8,$0,$-1,$-7,$-24,$-1,$0,$0,$0,$0,$0,$0,$-1,$-0,$0,$-0,$0,$0,$0,$-11,$-11,$-37,$3,$0
14,2015-03-31,2.59,$0.86,3.01,$0.40,6.4,$-0.65,0.0,$-0.14,0.0,$0.18B,$0.02B,8.04,$0.00B,$0.15B,0.02,$0.07B,$-0.01B,-7.46%,$0.07B,$-0.04B,-65.67%,$0.07B,$-0.04B,-65.67%,$0.07B,$-0.04B,-59.70%,$0.07B,$-0.02B,-35.82%,$0.07B,$-0.02B,-34.33%,$-0.02B,$0.15B,-14.33%,$-0.02B,$0.15B,-14.49%,$-0.02B,$0.19B,-11.14%,$-0.04B,$0.15B,-26.99%,$9,$12,$-2,$3,$8,$22,$-13,$2,$-11,$0,$-11,$-11,$-11,$-12,$-13,$173,173,$-0.06,$-0.06,$132,$32,$0,$178,$5,$2,$1,$3,$11,$189,$22,$2,$8,$18,$40,$2,$-949,$1,$149,$189,$-11,$1,$-0,$1,$8,$-7,$0,$-1,$-4,$-14,$-0,$0,$0,$0,$0,$0,$0,$-0,$-0,$0,$-0,$0,$0,$0,$-1,$-1,$-15,$2,$0
15,2014-12-31,3.0,$0.91,3.28,$0.39,7.65,$-0.64,0.0,$-0.65,0.0,$0.19B,$0.03B,7.5,$0.00B,$0.16B,0.02,$0.06B,$-0.01B,-7.81%,$0.06B,$-0.04B,-59.38%,$0.06B,$-0.04B,-59.38%,$0.06B,$-0.03B,-53.13%,$0.06B,$-0.09B,-139.06%,$0.06B,$-0.09B,-137.50%,$-0.09B,$0.16B,-65.31%,$-0.09B,$0.16B,-66.29%,$-0.09B,$0.20B,-48.09%,$-0.04B,$0.16B,-27.64%,$21,$23,$-2,$2,$12,$35,$-13,$6,$-7,$0,$-7,$-7,$-7,$-12,$-13,$159,159,$0.05,$0.05,$146,$25,$0,$193,$5,$2,$1,$2,$11,$204,$26,$2,$10,$20,$46,$2,$-938,$1,$158,$204,$-88,$4,$55,$60,$-9,$-9,$0,$-4,$-12,$-41,$-1,$0,$0,$0,$0,$0,$0,$-1,$0,$0,$0,$195,$195,$0,$-12,$183,$141,$4,$0
16,2014-09-30,4.59,$0.95,4.85,$0.36,12.67,$-0.73,0.0,$-0.89,0.0,$0.20B,$0.02B,9.12,$0.00B,$0.16B,0.02,$0.05B,$-0.01B,-11.76%,$0.05B,$-0.03B,-64.71%,$0.05B,$-0.03B,-64.71%,$0.05B,$-0.03B,-56.86%,$0.05B,$-0.11B,-217.65%,$0.05B,$-0.11B,-215.69%,$-0.11B,$0.16B,-121.21%,$-0.11B,$0.16B,-124.65%,$-0.11B,$0.21B,-78.15%,$-0.03B,$0.17B,-35.29%,$20,$21,$-1,$2,$6,$31,$-11,$1,$-10,$-0,$-9,$-9,$-9,$-10,$-11,$170,170,$-0.06,$-0.06,$156,$22,$0,$199,$6,$2,$2,$2,$12,$212,$22,$2,$16,$26,$48,$2,$-931,$1,$164,$212,$-81,$3,$60,$63,$-8,$-6,$0,$-4,$-13,$-31,$-1,$0,$0,$0,$0,$0,$0,$-1,$-1,$0,$-1,$195,$195,$0,$-11,$183,$151,$2,$0
17,2014-06-30,4.68,$1.02,4.58,$0.30,15.6,$-0.75,0.0,$-1.02,0.0,$0.21B,$0.02B,10.77,$0.00B,$0.17B,0.02,$0.04B,$-0.01B,-25.00%,$0.04B,$-0.03B,-83.33%,$0.04B,$-0.03B,-83.33%,$0.04B,$-0.03B,-72.22%,$0.04B,$-0.12B,-325.00%,$0.04B,$-0.12B,-325.00%,$-0.12B,$0.17B,-232.84%,$-0.12B,$0.17B,-246.32%,$-0.12B,$0.22B,-119.69%,$-0.03B,$0.17B,-56.34%,$17,$17,$0,$1,$5,$24,$-7,$11,$4,$0,$4,$4,$4,$-6,$-7,$160,176,$0.02,$0.02,$169,$20,$0,$210,$5,$0,$3,$3,$11,$221,$19,$3,$17,$31,$50,$2,$-922,$1,$171,$221,$-72,$2,$59,$61,$-10,$-4,$0,$1,$-9,$-20,$-0,$0,$0,$0,$0,$0,$0,$-0,$-0,$0,$-0,$195,$195,$0,$-11,$184,$164,$1,$0
18,2014-03-31,7.1,$0.32,22.23,$0.31,22.83,$-0.79,0.0,$-1.18,0.0,$0.08B,$0.01B,7.18,$0.00B,$0.05B,0.06,$0.03B,$-0.01B,-42.31%,$0.03B,$-0.03B,-115.38%,$0.03B,$-0.03B,-115.38%,$0.03B,$-0.03B,-100.00%,$0.03B,$-0.13B,-500.00%,$0.03B,$-0.13B,-500.00%,$-0.13B,$0.05B,-1405.41%,$-0.13B,$0.04B,-2080.00%,$-0.13B,$0.10B,-252.43%,$-0.03B,$0.05B,-244.90%,$6,$8,$-2,$1,$3,$13,$-7,$-68,$-76,$0,$-76,$-76,$-76,$-6,$-7,$134,134,$-0.57,$-0.57,$63,$12,$0,$84,$5,$0,$2,$3,$11,$95,$12,$3,$26,$37,$49,$1,$-925,$1,$46,$95,$-76,$1,$69,$70,$0,$-2,$0,$-1,$-3,$-9,$-0,$0,$0,$0,$0,$0,$0,$-0,$-0,$0,$-0,$71,$71,$0,$-3,$67,$58,$1,$0
19,2013-12-31,1.55,$-0.17,-9.21,$0.40,3.86,$-0.85,0.0,$-0.79,0.0,$0.02B,$0.01B,2.02,$0.00B,$-0.02B,-0.17,$0.03B,$-0.01B,-42.31%,$0.03B,$-0.03B,-111.54%,$0.03B,$-0.03B,-111.54%,$0.03B,$-0.03B,-96.15%,$0.03B,$-0.06B,-242.31%,$0.03B,$-0.06B,-242.31%,$-0.06B,$-0.02B,25200.00%,$-0.06B,$-0.02B,1575.00%,$-0.06B,$0.04B,-170.27%,$-0.03B,$-0.02B,-1054.55%,$8,$11,$-3,$1,$6,$16,$-8,$-21,$-29,$0,$-29,$-29,$-29,$-7,$-8,$76,76,$-0.31,$-0.31,$5,$10,$0,$22,$5,$0,$3,$5,$13,$35,$11,$3,$30,$42,$53,$1,$-849,$1,$-18,$35,$-63,$4,$36,$40,$-2,$-2,$0,$2,$-5,$-27,$-0,$0,$0,$0,$0,$0,$3,$3,$2,$-3,$-1,$21,$24,$0,$-3,$19,$-4,$2,$0
20,2013-09-30,0.74,$0.02,34.26,$0.47,1.58,$-1.08,0.0,$-0.73,0.0,$0.03B,$0.01B,2.16,$0.00B,$0.00B,1.48,$0.02B,$-0.01B,-50.00%,$0.02B,$-0.03B,-129.17%,$0.02B,$-0.03B,-129.17%,$0.02B,$-0.03B,-108.33%,$0.02B,$-0.04B,-175.00%,$0.02B,$-0.04B,-175.00%,$-0.04B,$0.00B,-525.00%,$-0.04B,$-0.00B,-1120.00%,$-0.04B,$0.04B,-110.53%,$-0.03B,$0.01B,-295.24%,$5,$9,$-4,$1,$3,$13,$-8,$-8,$-16,$-0,$-16,$-16,$-16,$-7,$-8,$84,84,$-0.19,$-0.19,$11,$10,$0,$27,$6,$0,$3,$3,$13,$40,$13,$3,$14,$25,$38,$1,$-821,$1,$2,$40,$-34,$3,$14,$18,$-0,$-1,$0,$2,$-2,$-18,$-0,$0,$0,$0,$0,$0,$3,$3,$2,$-3,$-1,$18,$20,$0,$-3,$16,$2,$2,$0
21,2013-06-30,0.38,$0.09,4.39,$0.54,0.7,$-1.28,0.0,$-0.81,0.0,$0.02B,$0.01B,2.0,$0.00B,$0.01B,0.5,$0.02B,$-0.02B,-62.50%,$0.02B,$-0.04B,-145.83%,$0.02B,$-0.04B,-145.83%,$0.02B,$-0.03B,-125.00%,$0.02B,$-0.04B,-150.00%,$0.02B,$-0.04B,-150.00%,$-0.04B,$0.01B,-271.70%,$-0.04B,$0.00B,-369.23%,$-0.04B,$0.04B,-91.14%,$-0.04B,$0.01B,-233.33%,$7,$10,$-2,$1,$3,$14,$-7,$-3,$-9,$0,$-9,$-9,$-9,$-6,$-7,$69,69,$-0.14,$-0.14,$7,$9,$0,$22,$6,$0,$4,$3,$14,$36,$11,$3,$6,$18,$29,$1,$-805,$1,$7,$36,$-18,$2,$6,$8,$-0,$-0,$0,$2,$-1,$-11,$-0,$0,$0,$0,$0,$0,$3,$3,$2,$-3,$-1,$6,$9,$0,$-2,$6,$-2,$1,$0
22,2013-03-31,0.22,$0.12,1.79,$0.63,0.34,$-1.34,0.0,$-0.84,0.0,$0.02B,$0.01B,1.56,$0.00B,$0.01B,0.48,$0.03B,$-0.02B,-60.00%,$0.03B,$-0.04B,-144.00%,$0.03B,$-0.04B,-144.00%,$0.03B,$-0.03B,-120.00%,$0.03B,$-0.03B,-132.00%,$0.03B,$-0.03B,-132.00%,$-0.03B,$0.01B,-167.09%,$-0.03B,$0.00B,-212.90%,$-0.03B,$0.04B,-75.86%,$-0.04B,$0.01B,-173.49%,$6,$9,$-2,$1,$3,$13,$-6,$-2,$-9,$0,$-9,$-9,$-9,$-5,$-6,$49,49,$-0.18,$-0.18,$5,$10,$0,$22,$6,$0,$5,$4,$15,$37,$14,$4,$6,$15,$29,$1,$-795,$1,$8,$37,$-9,$1,$3,$4,$-2,$-2,$0,$1,$-1,$-6,$-0,$0,$0,$0,$0,$0,$0,$-0,$-1,$0,$-1,$4,$4,$0,$-2,$1,$-5,$1,$0
23,2012-12-31,0.5,$0.39,1.27,$0.83,0.6,$-1.36,0.0,$-0.94,0.0,$0.02B,$0.02B,1.41,$0.00B,$0.02B,0.09,$0.03B,$-0.02B,-55.56%,$0.03B,$-0.04B,-140.74%,$0.03B,$-0.04B,-140.74%,$0.03B,$-0.03B,-118.52%,$0.03B,$-0.03B,-114.81%,$0.03B,$-0.03B,-114.81%,$-0.03B,$0.02B,-112.73%,$-0.03B,$0.01B,-136.26%,$-0.03B,$0.04B,-63.59%,$-0.04B,$0.02B,-136.94%,$6,$10,$-4,$1,$4,$15,$-10,$1,$-8,$0,$-8,$-8,$-8,$-8,$-10,$34,34,$-0.21,$-0.21,$9,$9,$0,$24,$7,$0,$5,$3,$16,$39,$17,$1,$2,$7,$24,$0,$-787,$1,$15,$39,$-32,$4,$-3,$2,$9,$-1,$0,$1,$10,$-20,$-0,$0,$0,$0,$0,$0,$0,$-0,$2,$-2,$-0,$17,$17,$0,$-1,$16,$-4,$2,$0
24,2012-09-30,0.83,$0.61,1.36,$1.29,0.64,$-2.62,0.0,$-1.04,0.0,$0.03B,$0.02B,1.97,$0.00B,$0.02B,0.0,$0.03B,$-0.01B,-33.33%,$0.03B,$-0.03B,-103.03%,$0.03B,$-0.03B,-103.03%,$0.03B,$-0.03B,-87.88%,$0.03B,$-0.03B,-90.91%,$0.03B,$-0.03B,-90.91%,$-0.03B,$0.02B,-96.77%,$-0.03B,$0.02B,-116.50%,$-0.03B,$0.05B,-56.60%,$-0.03B,$0.02B,-109.68%,$5,$12,$-7,$1,$3,$17,$-12,$1,$-10,$0,$-10,$-10,$-10,$-11,$-12,$38,38,$-0.27,$-0.27,$9,$13,$0,$32,$7,$6,$0,$0,$14,$46,$16,$0,$3,$6,$23,$0,$-778,$1,$23,$46,$-23,$3,$-2,$1,$6,$-3,$0,$2,$7,$-16,$0,$0,$0,$0,$0,$0,$-0,$-0,$0,$-4,$-4,$17,$17,$0,$-1,$11,$-4,$2,$0
25,2012-06-30,1.14,$0.87,1.32,$1.41,0.81,$-3.10,0.0,$-1.05,0.0,$0.04B,$0.01B,3.1,$0.00B,$0.03B,0.0,$0.03B,$-0.01B,-24.24%,$0.03B,$-0.03B,-93.94%,$0.03B,$-0.03B,-93.94%,$0.03B,$-0.03B,-78.79%,$0.03B,$-0.03B,-78.79%,$0.03B,$-0.03B,-78.79%,$-0.03B,$0.03B,-75.91%,$-0.03B,$0.03B,-96.30%,$-0.03B,$0.05B,-47.49%,$-0.03B,$0.03B,-90.51%,$8,$9,$-2,$2,$4,$15,$-8,$1,$-6,$0,$-6,$-6,$-6,$-6,$-8,$38,38,$-0.17,$-0.17,$16,$10,$0,$38,$8,$0,$6,$0,$15,$52,$12,$0,$4,$7,$19,$0,$-768,$1,$33,$52,$-13,$2,$-1,$1,$2,$1,$0,$2,$4,$-8,$0,$0,$0,$0,$0,$0,$0,$0,$0,$-5,$-5,$17,$17,$0,$-1,$10,$2,$1,$0
26,2012-03-31,1.31,$1.03,1.27,$1.47,0.89,$-3.75,0.0,$-1.29,0.0,$0.04B,$0.01B,3.08,$0.00B,$0.04B,0.0,$0.03B,$-0.01B,-31.03%,$0.03B,$-0.03B,-110.34%,$0.03B,$-0.03B,-110.34%,$0.03B,$-0.03B,-93.10%,$0.03B,$-0.03B,-93.10%,$0.03B,$-0.03B,-93.10%,$-0.03B,$0.04B,-74.48%,$-0.03B,$0.03B,-94.74%,$-0.03B,$0.06B,-47.79%,$-0.03B,$0.04B,-88.28%,$8,$10,$-2,$1,$4,$16,$-8,$1,$-7,$0,$-7,$-7,$-7,$-7,$-8,$23,23,$-0.28,$-0.28,$21,$8,$0,$43,$8,$0,$7,$0,$15,$58,$14,$0,$5,$5,$19,$0,$-761,$1,$39,$58,$-7,$1,$-1,$0,$0,$2,$0,$2,$3,$-3,$0,$0,$0,$0,$0,$0,$0,$0,$0,$-5,$-5,$18,$18,$0,$-2,$10,$7,$1,$0
27,2011-12-31,2.04,$1.28,1.6,$1.59,1.28,$-4.22,0.0,$-1.51,0.0,$0.04B,$0.02B,2.32,$0.00B,$0.03B,0.0,$0.03B,$-0.01B,-33.33%,$0.03B,$-0.03B,-114.81%,$0.03B,$-0.03B,-114.81%,$0.03B,$-0.03B,-96.30%,$0.03B,$-0.03B,-100.00%,$0.03B,$-0.03B,-100.00%,$-0.03B,$0.03B,-76.06%,$-0.03B,$0.02B,-99.08%,$-0.03B,$0.06B,-49.54%,$-0.03B,$0.03B,-87.32%,$12,$12,$-0,$2,$3,$18,$-6,$-1,$-7,$0,$-7,$-7,$-7,$-5,$-6,$19,19,$-0.22,$-0.22,$14,$10,$0,$39,$9,$0,$7,$0,$16,$56,$17,$0,$7,$10,$27,$0,$-755,$1,$29,$56,$-27,$4,$-2,$2,$-9,$1,$0,$1,$-8,$-33,$-1,$0,$0,$10,$0,$10,$1,$10,$-0,$5,$5,$22,$22,$0,$-2,$26,$3,$1,$0
28,2011-09-30,1.82,$1.57,1.16,$1.43,1.27,$-5.56,0.0,$-1.89,0.0,$0.04B,$0.01B,3.08,$0.00B,$0.04B,0.0,$0.02B,$-0.01B,-57.14%,$0.02B,$-0.03B,-161.90%,$0.02B,$-0.03B,-161.90%,$0.02B,$-0.03B,-128.57%,$0.02B,$-0.03B,-138.10%,$0.02B,$-0.03B,-138.10%,$-0.03B,$0.04B,-74.36%,$-0.03B,$0.03B,-96.67%,$-0.03B,$0.05B,-52.49%,$-0.03B,$0.04B,-87.18%,$5,$9,$-4,$1,$4,$14,$-9,$2,$-6,$0,$-6,$-6,$-6,$-8,$-9,$23,23,$-0.28,$-0.28,$23,$7,$0,$36,$9,$0,$8,$0,$17,$53,$12,$0,$6,$6,$18,$0,$-748,$1,$36,$53,$-20,$3,$-3,$0,$-1,$5,$0,$-1,$1,$-19,$-1,$0,$0,$10,$0,$10,$1,$10,$-0,$0,$-0,$22,$22,$0,$-2,$21,$12,$2,$0
29,2011-06-30,2.22,$1.84,1.21,$1.63,1.36,$-7.76,0.0,$-2.31,0.0,$0.04B,$0.01B,4.18,$0.00B,$0.04B,0.0,$0.02B,$-0.01B,-50.00%,$0.02B,$-0.03B,-154.55%,$0.02B,$-0.03B,-154.55%,$0.02B,$-0.03B,-122.73%,$0.02B,$-0.03B,-145.45%,$0.02B,$-0.03B,-145.45%,$-0.03B,$0.04B,-74.85%,$-0.03B,$0.03B,-96.24%,$-0.03B,$0.06B,-54.70%,$-0.03B,$0.04B,-79.07%,$4,$7,$-3,$1,$4,$13,$-9,$2,$-7,$0,$-7,$-7,$-7,$-7,$-9,$16,16,$-0.41,$-0.41,$27,$8,$0,$40,$10,$0,$9,$1,$19,$59,$10,$0,$8,$8,$18,$0,$-741,$1,$41,$59,$-14,$2,$-0,$2,$0,$4,$0,$-0,$-1,$-13,$-1,$0,$0,$10,$0,$10,$0,$9,$-0,$0,$-0,$22,$22,$0,$-2,$20,$16,$1,$0
30,2011-03-31,7.6,$2.73,2.79,$1.60,4.75,$-8.85,0.0,$-3.30,0.0,$0.03B,$0.01B,2.43,$0.00B,$0.04B,0.0,$0.02B,$-0.01B,-52.38%,$0.02B,$-0.04B,-209.52%,$0.02B,$-0.04B,-209.52%,$0.02B,$-0.04B,-176.19%,$0.02B,$-0.04B,-209.52%,$0.02B,$-0.04B,-209.52%,$-0.04B,$0.04B,-92.63%,$-0.04B,$0.03B,-117.33%,$-0.04B,$0.05B,-62.86%,$-0.04B,$0.04B,-91.67%,$6,$8,$-2,$1,$4,$13,$-7,$0,$-7,$0,$-7,$-7,$-7,$-6,$-7,$13,13,$-0.55,$-0.55,$13,$10,$1,$29,$10,$0,$9,$1,$20,$50,$12,$0,$1,$1,$13,$1,$-735,$1,$36,$50,$-7,$1,$0,$2,$-0,$1,$0,$-0,$-1,$-7,$-1,$0,$0,$10,$0,$10,$0,$9,$-0,$0,$-0,$-0,$-0,$0,$0,$-0,$2,$0,$0
31,2010-12-31,3.71,$3.25,1.14,$1.49,2.5,$-9.10,0.0,$-3.70,0.0,$0.04B,$0.02B,2.58,$0.00B,$0.04B,0.0,$0.02B,$-0.01B,-52.63%,$0.02B,$-0.05B,-252.63%,$0.02B,$-0.05B,-252.63%,$0.02B,$-0.04B,-210.53%,$0.02B,$-0.05B,-252.63%,$0.02B,$-0.05B,-252.63%,$-0.05B,$0.04B,-83.12%,$-0.05B,$0.03B,-101.59%,$-0.05B,$0.06B,-51.34%,$-0.05B,$0.04B,-82.05%,$6,$9,$-3,$1,$8,$15,$-9,$0,$-9,$0,$-9,$-9,$-9,$-6,$-9,$13,13,$-0.66,$-0.66,$21,$11,$1,$39,$10,$0,$10,$1,$20,$59,$15,$0,$1,$1,$16,$0,$-727,$1,$43,$59,$-47,$7,$2,$9,$-2,$-4,$0,$1,$-3,$-41,$-1,$0,$0,$97,$-2,$95,$5,$99,$-2,$-59,$-61,$-0,$-0,$0,$0,$-61,$-4,$1,$0
32,2010-09-30,3.82,$3.89,0.98,$1.31,2.91,$-8.90,0.0,$-3.90,0.0,$0.04B,$0.01B,3.15,$0.00B,$0.05B,0.02,$0.02B,$-0.01B,-64.71%,$0.02B,$-0.05B,-300.00%,$0.02B,$-0.05B,-300.00%,$0.02B,$-0.05B,-264.71%,$0.02B,$-0.05B,-300.00%,$0.02B,$-0.05B,-300.00%,$-0.05B,$0.05B,-73.91%,$-0.05B,$0.04B,-87.93%,$-0.05B,$0.07B,-42.59%,$-0.05B,$0.05B,-72.86%,$6,$9,$-3,$2,$3,$15,$-9,$0,$-9,$0,$-9,$-9,$-9,$-8,$-9,$13,13,$-0.71,$-0.71,$21,$11,$1,$38,$13,$2,$10,$2,$27,$66,$12,$1,$1,$2,$14,$1,$-719,$1,$51,$66,$-38,$4,$1,$5,$-2,$-4,$0,$1,$-7,$-39,$-1,$0,$0,$97,$-0,$97,$0,$95,$-0,$-59,$-60,$-0,$-0,$0,$0,$-60,$-4,$1,$0
33,2010-06-30,4.59,$4.58,1.0,$1.07,4.29,$-8.12,0.0,$-4.00,0.0,$0.08B,$0.04B,1.77,$0.00B,$0.06B,0.02,$0.01B,$-0.01B,-71.43%,$0.01B,$-0.05B,-378.57%,$0.01B,$-0.05B,-378.57%,$0.01B,$-0.05B,-328.57%,$0.01B,$-0.05B,-371.43%,$0.01B,$-0.05B,-371.43%,$-0.05B,$0.06B,-64.00%,$-0.05B,$0.05B,-74.55%,$-0.05B,$0.11B,-35.49%,$-0.05B,$0.06B,-64.44%,$3,$6,$-3,$4,$11,$22,$-19,$0,$-19,$0,$-19,$-19,$-19,$-17,$-19,$13,13,$-1.41,$-1.41,$58,$10,$3,$76,$14,$2,$11,$2,$29,$105,$43,$1,$1,$2,$45,$1,$-709,$1,$60,$105,$-29,$3,$1,$4,$-1,$-4,$0,$2,$1,$-25,$-1,$0,$0,$50,$-0,$50,$0,$48,$-0,$-34,$-34,$-0,$-0,$0,$0,$-35,$-11,$1,$0
34,2010-03-31,6.9,$5.89,1.17,$1.08,6.36,$-7.82,0.0,$-3.40,0.0,$0.11B,$0.06B,1.77,$0.00B,$0.08B,0.01,$0.01B,$-0.01B,-57.14%,$0.01B,$-0.04B,-314.29%,$0.01B,$-0.04B,-314.29%,$0.01B,$-0.04B,-271.43%,$0.01B,$-0.04B,-307.14%,$0.01B,$-0.04B,-307.14%,$-0.04B,$0.08B,-45.99%,$-0.04B,$0.07B,-53.75%,$-0.04B,$0.14B,-25.83%,$-0.04B,$0.08B,-46.56%,$4,$5,$-1,$5,$4,$15,$-11,$0,$-11,$0,$-11,$-11,$-11,$-9,$-11,$13,13,$-0.80,$-0.80,$96,$7,$5,$113,$14,$2,$11,$2,$30,$144,$64,$1,$1,$2,$66,$1,$-693,$1,$77,$144,$-11,$1,$1,$2,$-1,$-0,$0,$-0,$-2,$-11,$-0,$0,$0,$14,$-0,$14,$0,$13,$-0,$-8,$-8,$-0,$-0,$0,$0,$-9,$-6,$1,$0
35,2009-12-31,7.1,$6.81,1.04,$0.95,7.45,$-7.94,0.0,$-3.10,0.0,$0.13B,$0.07B,1.82,$0.00B,$0.09B,0.01,$0.01B,$-0.01B,-53.85%,$0.01B,$-0.04B,-315.38%,$0.01B,$-0.04B,-315.38%,$0.01B,$-0.04B,-276.92%,$0.01B,$-0.04B,-307.69%,$0.01B,$-0.04B,-307.69%,$-0.04B,$0.09B,-38.46%,$-0.04B,$0.08B,-45.33%,$-0.04B,$0.16B,-22.32%,$-0.04B,$0.09B,-39.05%,$4,$8,$-4,$4,$4,$16,$-12,$0,$-12,$0,$-12,$-12,$-12,$-11,$-12,$13,13,$-0.95,$-0.95,$122,$6,$0,$133,$14,$2,$12,$2,$31,$164,$73,$1,$1,$2,$76,$1,$-680,$1,$88,$164,$-41,$6,$2,$8,$0,$-0,$0,$-2,$-5,$-38,$-0,$0,$0,$-21,$-2,$-23,$-2,$-26,$2,$-4,$-2,$-0,$-0,$0,$0,$-2,$-66,$2,$0
36,2009-09-30,8.8,$7.71,1.14,$1.24,7.09,$-11.45,0.0,$-9.10,0.0,$0.14B,$0.07B,2.0,$0.00B,$0.10B,0.01,$0.01B,$-0.01B,-71.43%,$0.01B,$-0.10B,-707.14%,$0.01B,$-0.10B,-707.14%,$0.01B,$-0.05B,-342.86%,$0.01B,$-0.09B,-657.14%,$0.01B,$-0.09B,-657.14%,$-0.09B,$0.10B,-81.06%,$-0.09B,$0.09B,-94.36%,$-0.09B,$0.17B,-48.29%,$-0.10B,$0.10B,-86.65%,$3,$4,$-2,$4,$4,$13,$-11,$0,$-10,$0,$-10,$-10,$-10,$-9,$-11,$13,13,$-0.80,$-0.80,$125,$7,$6,$141,$15,$2,$12,$2,$32,$173,$70,$1,$1,$2,$73,$1,$-668,$0,$100,$173,$-29,$4,$2,$7,$1,$-1,$0,$-1,$-8,$-30,$-0,$0,$0,$-20,$-2,$-22,$-2,$-25,$2,$-3,$-2,$-0,$-0,$0,$0,$-2,$-57,$2,$0
37,2009-06-30,8.82,$8.44,1.05,$1.50,5.87,$-14.12,0.0,$-9.90,0.0,$0.15B,$0.07B,2.0,$0.00B,$0.11B,0.01,$0.02B,$-0.01B,-66.67%,$0.02B,$-0.10B,-686.67%,$0.02B,$-0.10B,-686.67%,$0.02B,$-0.05B,-346.67%,$0.02B,$-0.10B,-640.00%,$0.02B,$-0.10B,-640.00%,$-0.10B,$0.11B,-70.20%,$-0.10B,$0.09B,-89.10%,$-0.10B,$0.19B,-47.94%,$-0.10B,$0.11B,-75.05%,$3,$4,$-1,$4,$4,$13,$-10,$-0,$-10,$0,$-10,$-10,$-10,$-9,$-10,$13,13,$-0.80,$-0.80,$136,$7,$0,$146,$16,$2,$19,$2,$39,$185,$73,$1,$1,$3,$76,$1,$-658,$-0,$109,$185,$-18,$3,$2,$4,$1,$-0,$0,$-1,$-7,$-21,$-0,$0,$0,$-31,$-2,$-34,$-2,$-35,$1,$0,$1,$-0,$-0,$0,$0,$1,$-56,$1,$0
38,2009-03-31,8.7,$9.20,0.95,$1.80,4.83,$-16.20,0.0,$-11.70,0.0,$0.16B,$0.07B,2.09,$0.00B,$0.12B,0.01,$0.02B,$-0.01B,-76.47%,$0.02B,$-0.12B,-676.47%,$0.02B,$-0.12B,-676.47%,$0.02B,$-0.06B,-370.59%,$0.02B,$-0.11B,-641.18%,$0.02B,$-0.11B,-641.18%,$-0.11B,$0.12B,-67.70%,$-0.11B,$0.10B,-90.46%,$-0.11B,$0.20B,-51.78%,$-0.12B,$0.12B,-71.32%,$3,$3,$-0,$4,$3,$11,$-8,$0,$-8,$0,$-8,$-8,$-8,$-7,$-8,$13,13,$-0.60,$-0.60,$144,$7,$0,$155,$17,$2,$19,$2,$41,$195,$74,$1,$1,$3,$77,$1,$-648,$-1,$119,$195,$-8,$1,$1,$2,$0,$-1,$0,$-0,$-7,$-13,$-0,$0,$0,$-49,$-2,$-51,$-2,$-53,$2,$0,$2,$-0,$-0,$0,$0,$1,$-65,$0,$0
39,2008-12-31,10.2,$9.85,1.04,$2.02,5.04,$-17.03,0.0,$-13.50,0.0,$0.17B,$0.08B,2.05,$0.00B,$0.13B,0.0,$0.02B,$-0.02B,-88.89%,$0.02B,$-0.13B,-705.56%,$0.02B,$-0.13B,-705.56%,$0.02B,$-0.07B,-411.11%,$0.02B,$-0.12B,-677.78%,$0.02B,$-0.12B,-677.78%,$-0.12B,$0.13B,-64.81%,$-0.12B,$0.11B,-89.54%,$-0.12B,$0.21B,-54.65%,$-0.13B,$0.13B,-67.46%,$5,$12,$-7,$8,$9,$76,$-70,$6,$-64,$0,$-64,$-64,$-64,$-23,$-70,$9,9,$-7.00,$-7.00,$157,$6,$0,$168,$18,$10,$13,$0,$41,$209,$82,$0,$1,$1,$83,$1,$-640,$-0,$126,$209,$-122,$52,$7,$60,$2,$-1,$0,$2,$5,$-57,$-1,$0,$0,$67,$0,$67,$0,$66,$0,$63,$63,$-0,$-0,$0,$-2,$60,$69,$9,$0
40,2008-09-30,9.9,$21.92,0.45,$2.02,4.91,$-16.52,0.0,$-8.60,0.0,$0.13B,$0.02B,7.3,$0.00B,$0.19B,0.0,$0.02B,$-0.01B,-66.67%,$0.02B,$-0.08B,-427.78%,$0.02B,$-0.08B,-427.78%,$0.02B,$-0.07B,-388.89%,$0.02B,$-0.08B,-416.67%,$0.02B,$-0.08B,-416.67%,$-0.08B,$0.19B,-34.25%,$-0.08B,$0.13B,-48.94%,$-0.08B,$0.21B,-31.51%,$-0.08B,$0.19B,-35.16%,$4,$6,$-2,$8,$5,$19,$-15,$1,$-14,$0,$-14,$-14,$-14,$-13,$-15,$9,9,$-1.60,$-1.60,$116,$8,$0,$128,$19,$0,$64,$0,$83,$212,$18,$0,$1,$1,$18,$1,$-575,$6,$193,$212,$-57,$5,$8,$13,$1,$-2,$0,$2,$2,$-43,$-1,$0,$0,$52,$0,$52,$0,$50,$0,$0,$0,$-0,$-0,$0,$0,$-0,$7,$4,$0
41,2008-06-30,23.5,$23.41,1.0,$2.08,11.31,$-15.90,0.0,$-8.70,0.0,$0.14B,$0.02B,9.04,$0.00B,$0.21B,0.0,$0.02B,$-0.01B,-68.42%,$0.02B,$-0.08B,-421.05%,$0.02B,$-0.08B,-421.05%,$0.02B,$-0.07B,-384.21%,$0.02B,$-0.08B,-400.00%,$0.02B,$-0.08B,-400.00%,$-0.08B,$0.21B,-32.14%,$-0.08B,$0.14B,-44.71%,$-0.08B,$0.23B,-29.75%,$-0.08B,$0.21B,-33.83%,$5,$9,$-4,$9,$8,$26,$-22,$-1,$-23,$0,$-23,$-23,$-23,$-20,$-22,$9,9,$-2.60,$-2.60,$128,$5,$0,$140,$20,$0,$66,$0,$86,$226,$16,$0,$5,$5,$20,$1,$-562,$7,$206,$226,$-44,$3,$7,$10,$-1,$1,$0,$3,$1,$-32,$-1,$0,$0,$46,$0,$46,$0,$45,$0,$0,$0,$-0,$-0,$0,$0,$-0,$13,$2,$0
42,2008-03-31,31.1,$25.84,1.2,$1.99,15.61,$-15.22,0.0,$-8.00,0.0,$0.16B,$0.01B,11.48,$0.00B,$0.23B,0.0,$0.02B,$-0.01B,-77.78%,$0.02B,$-0.08B,-427.78%,$0.02B,$-0.08B,-427.78%,$0.02B,$-0.07B,-394.44%,$0.02B,$-0.07B,-388.89%,$0.02B,$-0.07B,-388.89%,$-0.07B,$0.23B,-27.61%,$-0.07B,$0.16B,-37.43%,$-0.07B,$0.25B,-25.78%,$-0.08B,$0.23B,-30.37%,$4,$7,$-3,$10,$6,$24,$-20,$-1,$-21,$0,$-21,$-21,$-21,$-18,$-20,$9,9,$-2.40,$-2.40,$147,$7,$0,$159,$21,$0,$66,$0,$87,$246,$14,$0,$4,$4,$18,$1,$-539,$6,$228,$246,$-21,$2,$4,$6,$0,$-1,$0,$1,$-0,$-15,$-1,$0,$0,$56,$0,$56,$0,$55,$0,$0,$0,$0,$0,$0,$0,$0,$40,$1,$0
43,2007-12-31,39.5,$28.32,1.39,$1.87,21.1,$-14.71,0.0,$-6.90,0.0,$0.18B,$0.02B,11.99,$0.00B,$0.25B,0.0,$0.02B,$-0.01B,-76.47%,$0.02B,$-0.07B,-423.53%,$0.02B,$-0.07B,-423.53%,$0.02B,$-0.07B,-394.12%,$0.02B,$-0.06B,-352.94%,$0.02B,$-0.06B,-352.94%,$-0.06B,$0.25B,-22.41%,$-0.06B,$0.18B,-27.91%,$-0.06B,$0.27B,-21.16%,$-0.07B,$0.25B,-26.89%,$5,$8,$-3,$12,$5,$25,$-20,$3,$-17,$0,$-17,$-17,$-17,$-19,$-20,$9,9,$-2.00,$-2.00,$166,$6,$0,$179,$21,$0,$68,$0,$90,$268,$15,$0,$5,$5,$19,$1,$-518,$8,$249,$268,$-61,$5,$5,$11,$-3,$1,$0,$2,$0,$-49,$-3,$0,$-48,$84,$0,$84,$0,$33,$-0,$0,$-0,$0,$0,$0,$0,$0,$-15,$5,$0
44,2007-09-30,31.0,$29.99,1.03,$1.41,22.0,$-8.37,0.0,$-6.40,0.0,$0.19B,$0.01B,14.82,$0.00B,$0.26B,0.0,$0.01B,$-0.01B,-92.31%,$0.01B,$-0.07B,-523.08%,$0.01B,$-0.07B,-523.08%,$0.01B,$-0.06B,-484.62%,$0.01B,$-0.06B,-430.77%,$0.01B,$-0.06B,-430.77%,$-0.06B,$0.26B,-20.05%,$-0.06B,$0.20B,-23.26%,$-0.06B,$0.28B,-19.08%,$-0.07B,$0.26B,-24.35%,$5,$7,$-3,$9,$5,$22,$-18,$3,$-15,$0,$-15,$-15,$-15,$-16,$-18,$9,9,$-1.70,$-1.70,$180,$7,$0,$194,$21,$0,$67,$0,$88,$282,$13,$0,$6,$6,$19,$1,$-500,$8,$263,$282,$-43,$4,$4,$8,$-2,$-1,$0,$3,$-1,$-36,$-2,$0,$-47,$75,$0,$75,$0,$26,$-0,$0,$-0,$0,$0,$0,$0,$-0,$-9,$4,$0
45,2007-06-30,31.4,$31.24,1.01,$1.09,28.78,$-7.96,0.0,$-6.10,0.0,$0.20B,$0.01B,19.02,$0.00B,$0.27B,0.0,$0.01B,$-0.01B,-90.00%,$0.01B,$-0.07B,-650.00%,$0.01B,$-0.07B,-650.00%,$0.01B,$-0.06B,-620.00%,$0.01B,$-0.05B,-530.00%,$0.01B,$-0.05B,-530.00%,$-0.05B,$0.27B,-18.26%,$-0.05B,$0.21B,-19.94%,$-0.05B,$0.29B,-17.49%,$-0.07B,$0.27B,-22.34%,$4,$9,$-5,$9,$5,$23,$-19,$3,$-17,$0,$-17,$-17,$-17,$-18,$-19,$9,9,$-1.90,$-1.90,$191,$7,$1,$204,$21,$0,$65,$0,$86,$290,$11,$0,$5,$5,$16,$1,$-485,$4,$274,$290,$-28,$2,$3,$5,$-1,$-0,$0,$1,$-2,$-25,$-1,$0,$-47,$75,$0,$75,$0,$26,$-0,$0,$-0,$0,$0,$0,$0,$-0,$1,$3,$0
46,2007-03-31,31.6,$32.79,0.96,$0.95,33.26,$-7.46,0.0,$-5.70,0.0,$0.27B,$0.01B,31.51,$0.00B,$0.29B,0.0,$0.01B,$-0.01B,-55.56%,$0.01B,$-0.06B,-666.67%,$0.01B,$-0.06B,-666.67%,$0.01B,$-0.06B,-633.33%,$0.01B,$-0.05B,-544.44%,$0.01B,$-0.05B,-544.44%,$-0.05B,$0.29B,-16.28%,$-0.05B,$0.27B,-16.88%,$-0.05B,$0.29B,-15.64%,$-0.06B,$0.29B,-19.82%,$3,$4,$-2,$9,$4,$18,$-15,$4,$-11,$0,$-11,$-11,$-11,$-14,$-15,$9,9,$-1.30,$-1.30,$251,$7,$0,$266,$18,$0,$10,$0,$28,$294,$8,$0,$1,$1,$10,$1,$-469,$-0,$285,$294,$-11,$1,$1,$2,$-1,$-1,$0,$1,$-2,$-11,$-1,$0,$-2,$59,$0,$59,$0,$57,$0,$0,$0,$0,$0,$0,$0,$0,$46,$1,$0
47,2006-12-31,38.9,$33.93,1.15,$0.91,42.71,$-7.47,0.0,$-5.80,0.0,$0.28B,$0.01B,22.74,$0.00B,$0.30B,0.0,$0.01B,$-0.00B,-50.00%,$0.01B,$-0.06B,-725.00%,$0.01B,$-0.06B,-725.00%,$0.01B,$-0.06B,-687.50%,$0.01B,$-0.05B,-625.00%,$0.01B,$-0.05B,-625.00%,$-0.05B,$0.30B,-19.36%,$-0.05B,$0.28B,-20.18%,$-0.05B,$0.31B,-18.40%,$-0.06B,$0.30B,-22.22%,$1,$3,$-2,$11,$3,$17,$-16,$3,$-13,$0,$-13,$-13,$-13,$-15,$-16,$9,9,$-1.50,$-1.50,$269,$6,$0,$279,$18,$0,$10,$0,$29,$308,$12,$0,$1,$1,$13,$1,$-457,$-0,$295,$308,$-50,$3,$4,$4,$1,$-1,$0,$-2,$-3,$4,$-1,$0,$-1,$-161,$0,$-161,$-1,$-1,$-4,$0,$-4,$218,$218,$0,$1,$215,$3,$4,$0
