,Date,Stock Price,Book Value per Share,Price to Book Ratio,TTM Sales per Share,Price to Sales Ratio,TTM FCF per Share,Price to FCF Ratio,TTM Net EPS,PE Ratio,Current Assets,Current Liabilities,Current Ratio,Long Term Debt,Shareholder's Equity_x,Debt to Equity Ratio,TTM Revenue_x,TTM Gross Profit,Gross Margin,TTM Revenue_y,TTM Operating Income,Operating Margin,TTM Revenue_x,TTM EBIT,EBIT Margin,TTM Revenue_y,TTM EBITDA,EBITDA Margin,TTM Revenue_x,TTM Pre-Tax Income,Pre-Tax Margin,TTM Revenue_y,TTM Net Income_x,Net Margin,TTM Net Income_y,Shareholder's Equity_y,Return on Equity,TTM Net Income_x,Tangible Equity,Return on Tangible Equity,TTM Net Income_y,Total Assets,Return on Assets,TTM Net Income,LT Investments & Debt,Return on Investment,revenue,cost-goods-sold,gross-profit,research-development-expenses,selling-general-administrative-expenses,operating-expenses,operating-income,total-non-operating-income-expense,pre-tax-income,total-provision-income-taxes,income-after-taxes,income-from-continuous-operations,net-income,ebitda,ebit,basic-shares-outstanding,shares-outstanding,eps-basic-net-earnings-per-share,eps-earnings-per-share-diluted,cash-on-hand,inventory,other-current-assets,total-current-assets,net-property-plant-equipment,long-term-investments,goodwill-intangible-assets-total,other-long-term-assets,total-long-term-assets,total-assets,total-current-liabilities,long-term-debt,other-non-current-liabilities,total-long-term-liabilities,total-liabilities,common-stock-net,retained-earnings-accumulated-deficit,comprehensive-income,total-share-holder-equity,total-liabilities-share-holders-equity,net-income-loss,total-depreciation-amortization-cash-flow,other-non-cash-items,total-non-cash-items,change-in-accounts-receivable,change-in-inventories,change-in-accounts-payable,change-in-assets-liabilities,total-change-in-assets-liabilities,cash-flow-from-operating-activities,net-change-in-property-plant-equipment,net-change-in-intangible-assets,net-acquisitions-divestitures,net-change-in-short-term-investments,net-change-in-long-term-investments,net-change-in-investments-total,investing-activities-other,cash-flow-from-investing-activities,net-long-term-debt,net-current-debt,debt-issuance-retirement-net-total,net-common-equity-issued-repurchased,net-total-equity-issued-repurchased,total-common-preferred-stock-dividends-paid,financial-activities-other,cash-flow-from-financial-activities,net-cash-flow,stock-based-compensation,common-stock-dividends-paid
0,2018-09-30,81.54,$-6.40,-12.75,$52.47,1.55,$12.18,6.69,$4.29,19.01,$18.54B,$15.60B,1.19,$28.18B,$-9.94B,-2.83,$81.55B,$19.44B,23.84%,$81.55B,$11.94B,14.64%,$81.55B,$11.94B,14.64%,$81.55B,$12.91B,15.84%,$81.55B,$11.18B,13.70%,$81.55B,$6.68B,8.19%,$6.68B,$-9.94B,-65.45%,$6.68B,$-19.53B,-33.28%,$6.68B,$39.38B,16.08%,$11.94B,$18.24B,62.57%,$20439,$15553,$4886,$0,$1710,$17283,$3156,$-152,$3004,$691,$2313,$2341,$2242,$3402,$3156,$1555,1555,$1.44,$1.44,$5880,$8440,$696,$18538,$7138,$1361,$9588,$1765,$20842,$39380,$15599,$28179,$4735,$33723,$49322,$0,$30877,$-9199,$-9942,$39380,$6283,$734,$-42,$692,$112,$-149,$-376,$621,$-64,$7056,$-1102,$0,$0,$0,$-41,$-41,$-21,$-1164,$-2483,$75,$-2408,$-82,$-82,$-5110,$-304,$-7904,$-2563,$0,$-5110
1,2018-06-30,80.74,$-6.54,-12.34,$52.61,1.53,$11.57,6.98,$4.12,19.6,$20.03B,$17.44B,1.15,$28.05B,$-10.17B,-2.76,$81.75B,$19.29B,23.60%,$81.75B,$11.87B,14.52%,$81.75B,$11.87B,14.52%,$81.75B,$12.83B,15.69%,$81.75B,$11.02B,13.48%,$81.75B,$6.40B,7.83%,$6.40B,$-10.17B,-63.23%,$6.40B,$-19.82B,-31.80%,$6.40B,$40.72B,15.18%,$11.87B,$17.88B,62.05%,$21100,$16118,$4982,$0,$1868,$18007,$3093,$-174,$2919,$644,$2275,$2295,$2193,$3339,$3093,$1555,1555,$1.41,$1.41,$6587,$8925,$744,$20028,$7113,$1352,$9648,$1671,$20693,$40721,$17441,$28048,$4607,$33448,$50889,$0,$30406,$-8908,$-10168,$40721,$3942,$488,$-45,$443,$-65,$-526,$-128,$2023,$944,$5373,$-774,$0,$0,$0,$-30,$-30,$121,$-683,$-2483,$119,$-2364,$-85,$-85,$-3332,$-234,$-6015,$-1854,$0,$-3332
2,2018-03-31,97.99,$-6.74,-14.53,$51.47,1.9,$10.87,9.02,$3.85,25.45,$20.59B,$17.69B,1.16,$29.58B,$-10.48B,-2.82,$79.97B,$18.71B,23.40%,$79.97B,$11.51B,14.40%,$79.97B,$11.51B,14.40%,$79.97B,$12.43B,15.55%,$79.97B,$10.61B,13.26%,$79.97B,$5.99B,7.49%,$5.99B,$-10.48B,-58.95%,$5.99B,$-20.60B,-29.51%,$5.99B,$43.07B,14.37%,$11.51B,$19.10B,61.44%,$18426,$14145,$4281,$0,$1833,$16000,$2426,$-233,$2193,$559,$1634,$1647,$1553,$2668,$2426,$1553,1554,$1.00,$1.00,$7200,$8592,$907,$20593,$7459,$1395,$10122,$2351,$22477,$43070,$17688,$29578,$5464,$35864,$53552,$0,$29985,$-8883,$-10482,$43070,$1647,$242,$26,$268,$-113,$338,$-62,$-509,$-661,$1380,$-365,$0,$0,$0,$-18,$-18,$-635,$-1018,$0,$103,$103,$-91,$-91,$-1659,$-91,$-1738,$-1245,$0,$-1659
3,2017-12-31,103.03,$-6.59,-15.64,$50.27,2.05,$10.57,9.75,$3.87,26.62,$21.59B,$15.96B,1.35,$31.33B,$-10.23B,-3.06,$78.10B,$18.32B,23.45%,$78.10B,$11.50B,14.73%,$78.10B,$11.50B,14.73%,$78.10B,$12.38B,15.85%,$78.10B,$10.59B,13.56%,$78.10B,$6.02B,7.71%,$6.02B,$-10.23B,-59.18%,$6.02B,$-20.33B,-29.69%,$6.02B,$42.97B,15.03%,$11.50B,$21.10B,62.28%,$21585,$16292,$5293,$0,$2008,$18323,$3262,$-203,$3059,$2265,$794,$796,$692,$3505,$3262,$1552,1553,$0.45,$0.45,$8447,$8806,$603,$21594,$7271,$1074,$10098,$1924,$21374,$42968,$15962,$31334,$5103,$37236,$53198,$0,$29859,$-8535,$-10230,$42968,$6341,$875,$-511,$364,$-92,$730,$425,$-554,$1879,$8912,$-1548,$0,$0,$0,$-111,$-111,$-1355,$-3014,$4299,$-127,$4172,$5,$5,$-6520,$-426,$-2769,$4208,$0,$-6520
4,2017-09-30,107.16,$-6.20,-17.28,$48.75,2.2,$10.28,10.42,$4.53,23.65,$20.86B,$18.51B,1.13,$28.07B,$-9.63B,-2.91,$75.70B,$17.50B,23.11%,$75.70B,$10.85B,14.34%,$75.70B,$10.85B,14.34%,$75.70B,$11.68B,15.43%,$75.70B,$9.94B,13.13%,$75.70B,$7.04B,9.29%,$7.04B,$-9.63B,-68.03%,$7.04B,$-19.82B,-34.54%,$7.04B,$41.95B,18.26%,$10.85B,$18.43B,64.09%,$20638,$15900,$4738,$0,$1629,$17550,$3088,$-243,$2845,$812,$2033,$2045,$1966,$3313,$3088,$1553,1554,$1.27,$1.27,$7667,$8283,$924,$20859,$6857,$1080,$10182,$1835,$21092,$41951,$18514,$28065,$3968,$33070,$51584,$0,$30831,$-8797,$-9633,$41951,$5545,$632,$-355,$277,$-118,$1243,$247,$-718,$234,$5991,$-995,$0,$0,$0,$-40,$-40,$-1287,$-2322,$1668,$2280,$3948,$5,$5,$-4854,$-331,$-1232,$3404,$0,$-4854
5,2017-06-30,112.3,$-6.62,-16.97,$48.32,2.32,$10.41,10.78,$4.51,24.9,$18.43B,$17.24B,1.07,$26.60B,$-10.28B,-2.59,$75.00B,$17.31B,23.08%,$75.00B,$10.74B,14.32%,$75.00B,$10.74B,14.32%,$75.00B,$11.53B,15.38%,$75.00B,$9.85B,13.14%,$75.00B,$7.00B,9.34%,$7.00B,$-10.28B,-66.61%,$7.00B,$-20.42B,-34.07%,$7.00B,$38.66B,18.96%,$10.74B,$16.32B,65.16%,$19319,$14921,$4398,$0,$1639,$16582,$2737,$-229,$2508,$689,$1819,$1842,$1776,$2947,$2737,$1553,1554,$1.14,$1.14,$6197,$7730,$857,$18432,$6629,$1072,$10141,$1586,$20228,$38660,$17243,$26595,$3737,$31694,$48937,$0,$30528,$-9070,$-10277,$38660,$3500,$407,$70,$477,$-14,$1664,$136,$-1120,$206,$4071,$-560,$0,$0,$0,$-19,$-19,$-665,$-1244,$1667,$266,$1933,$3,$3,$-3236,$-291,$-1591,$1956,$0,$-3236
6,2017-03-31,107.03,$-6.80,-15.75,$48.16,2.22,$9.67,11.06,$4.52,23.68,$16.88B,$13.36B,1.26,$28.59B,$-10.56B,-2.71,$74.72B,$17.19B,23.01%,$74.72B,$10.76B,14.40%,$74.72B,$10.76B,14.40%,$74.72B,$11.52B,15.42%,$74.72B,$9.88B,13.22%,$74.72B,$7.01B,9.38%,$7.01B,$-10.56B,-65.86%,$7.01B,$-20.56B,-33.86%,$7.01B,$36.63B,19.49%,$10.76B,$18.03B,64.30%,$16556,$12669,$3887,$0,$1449,$14140,$2416,$-239,$2177,$541,$1636,$1658,$1587,$2613,$2416,$1552,1553,$1.02,$1.02,$5076,$8007,$711,$16884,$6264,$1079,$10002,$1564,$19743,$36627,$13355,$28588,$3502,$33829,$47184,$0,$30367,$-9265,$-10557,$36627,$1658,$197,$27,$224,$504,$1243,$84,$-2207,$-886,$843,$-292,$0,$0,$0,$-5,$-5,$-246,$-543,$1668,$374,$2042,$0,$0,$-1618,$-83,$341,$875,$0,$-1618
7,2016-12-31,85.94,$-7.03,-12.23,$48.33,1.78,$9.47,9.07,$4.48,19.18,$17.61B,$16.47B,1.07,$25.85B,$-10.90B,-2.37,$74.95B,$17.29B,23.07%,$74.95B,$10.82B,14.43%,$74.95B,$10.82B,14.43%,$74.95B,$11.56B,15.42%,$74.95B,$9.92B,13.24%,$74.95B,$6.95B,9.27%,$6.95B,$-10.90B,-64.77%,$6.95B,$-20.69B,-33.28%,$6.95B,$36.85B,19.59%,$10.82B,$14.95B,66.88%,$19189,$14717,$4472,$0,$1842,$16577,$2612,$-201,$2411,$658,$1753,$1775,$1707,$2807,$2612,$1551,1551,$1.10,$1.10,$4239,$9017,$853,$17608,$6064,$1011,$9794,$1515,$19243,$36851,$16467,$25851,$3536,$31284,$47751,$0,$30397,$-9559,$-10900,$36851,$7250,$743,$151,$894,$-1009,$-695,$373,$1477,$-63,$8077,$-1172,$0,$0,$0,$-41,$-41,$245,$-968,$1143,$-12,$1131,$7,$7,$-6378,$-173,$-5413,$822,$0,$-6378
8,2016-09-30,90.29,$-6.65,-13.58,$47.82,1.89,$9.48,9.53,$4.18,21.6,$16.57B,$14.26B,1.16,$26.96B,$-10.32B,-2.61,$74.14B,$16.84B,22.71%,$74.14B,$10.10B,13.63%,$74.14B,$10.10B,13.63%,$74.14B,$10.85B,14.63%,$74.14B,$9.19B,12.39%,$74.14B,$6.49B,8.75%,$6.49B,$-10.32B,-59.66%,$6.49B,$-20.54B,-30.77%,$6.49B,$35.58B,18.67%,$10.10B,$16.64B,63.64%,$19935,$15385,$4550,$0,$1554,$16958,$2977,$-220,$2757,$764,$1993,$2028,$1933,$3165,$2977,$1551,1551,$1.25,$1.25,$4884,$7486,$654,$16574,$6133,$986,$10224,$1660,$19003,$35577,$14258,$26960,$3300,$31636,$45894,$0,$30305,$-8889,$-10317,$35577,$5475,$548,$24,$572,$-398,$1245,$180,$-985,$-217,$5928,$-734,$0,$0,$0,$-26,$-26,$-183,$-943,$1464,$-55,$1409,$5,$5,$-4759,$-215,$-3560,$1467,$0,$-4759
9,2016-06-30,93.49,$-6.96,-13.43,$47.51,1.97,$9.59,9.75,$4.18,22.37,$16.05B,$12.67B,1.27,$28.10B,$-10.80B,-2.6,$73.62B,$16.83B,22.86%,$73.62B,$10.09B,13.70%,$73.62B,$10.09B,13.70%,$73.62B,$10.82B,14.70%,$73.62B,$9.14B,12.42%,$73.62B,$6.49B,8.81%,$6.49B,$-10.80B,-57.17%,$6.49B,$-21.02B,-30.17%,$6.49B,$34.80B,19.17%,$10.09B,$17.30B,66.75%,$19041,$14756,$4285,$0,$1513,$16288,$2753,$-223,$2530,$716,$1814,$1842,$1783,$2938,$2753,$1551,1551,$1.15,$1.15,$3814,$7989,$689,$16046,$5931,$948,$10225,$1652,$18756,$34802,$12672,$28098,$3368,$32929,$45601,$0,$29985,$-8955,$-10799,$34802,$3447,$360,$22,$382,$-385,$699,$272,$-1189,$-1071,$2836,$-480,$0,$0,$0,$-16,$-16,$59,$-437,$1464,$-111,$1353,$5,$5,$-3173,$-179,$-1994,$397,$0,$-3173
10,2016-03-31,89.27,$-7.02,-12.71,$47.34,1.89,$9.93,8.99,$4.24,21.05,$15.93B,$14.09B,1.13,$26.68B,$-10.89B,-2.45,$73.34B,$17.03B,23.22%,$73.34B,$10.23B,13.94%,$73.34B,$10.23B,13.94%,$73.34B,$10.96B,14.95%,$73.34B,$9.25B,12.60%,$73.34B,$6.59B,8.98%,$6.59B,$-10.89B,-56.78%,$6.59B,$-21.24B,-30.10%,$6.59B,$34.62B,19.76%,$10.23B,$15.79B,73.16%,$16788,$12801,$3987,$0,$1496,$14315,$2473,$-247,$2226,$630,$1596,$1605,$1525,$2648,$2473,$1550,1550,$0.98,$0.98,$2944,$8699,$811,$15928,$5865,$942,$10347,$1539,$18693,$34621,$14091,$26683,$3363,$31424,$45515,$0,$29785,$-8914,$-10894,$34621,$1605,$175,$-4,$171,$-175,$49,$223,$-922,$-1310,$462,$-226,$0,$0,$0,$-7,$-7,$-186,$-419,$1151,$-136,$1015,$6,$6,$-1585,$-29,$-593,$-473,$0,$-1585
11,2015-12-31,79.15,$-7.41,-10.69,$47.72,1.66,$9.41,8.41,$4.42,17.91,$15.80B,$15.39B,1.03,$25.25B,$-11.48B,-2.2,$73.91B,$17.43B,23.58%,$73.91B,$10.62B,14.37%,$73.91B,$10.62B,14.37%,$73.91B,$11.38B,15.39%,$73.91B,$9.62B,13.01%,$73.91B,$6.85B,9.27%,$6.85B,$-11.48B,-57.38%,$6.85B,$-21.51B,-30.68%,$6.85B,$33.96B,20.76%,$10.62B,$13.77B,79.51%,$18371,$14354,$4017,$0,$2028,$16470,$1901,$-227,$1674,$412,$1262,$1298,$1245,$2094,$1901,$1549,1549,$0.80,$0.80,$3417,$8473,$648,$15804,$5721,$890,$10038,$1143,$18152,$33956,$15386,$25250,$3253,$30046,$45432,$0,$29842,$-9402,$-11476,$33956,$7032,$754,$-182,$572,$647,$-841,$310,$-8,$66,$7865,$-960,$0,$0,$0,$-55,$-55,$307,$-708,$310,$-266,$44,$1574,$1574,$-6250,$-104,$-4736,$1735,$0,$-6250
12,2015-09-30,70.6,$-7.89,-8.95,$48.59,1.45,$9.15,7.71,$4.65,15.18,$14.11B,$14.10B,1.0,$25.80B,$-12.23B,-2.11,$75.48B,$17.98B,23.82%,$75.48B,$11.25B,14.91%,$75.48B,$11.25B,14.91%,$75.48B,$12.04B,15.96%,$75.48B,$10.21B,13.53%,$75.48B,$7.20B,9.54%,$7.20B,$-12.23B,-60.67%,$7.20B,$-22.25B,-31.87%,$7.20B,$32.01B,21.63%,$11.25B,$13.57B,81.27%,$19422,$14878,$4544,$0,$1566,$16463,$2959,$-247,$2712,$748,$1964,$1984,$1935,$3143,$2959,$1549,1549,$1.25,$1.25,$2393,$7207,$804,$14112,$5600,$919,$10025,$1355,$17899,$32011,$14102,$25800,$2721,$30135,$44237,$0,$30178,$-8927,$-12226,$32011,$5734,$561,$-118,$443,$175,$588,$170,$-1268,$-393,$5993,$-636,$0,$0,$0,$-24,$-24,$272,$-388,$311,$-86,$225,$71,$71,$-4665,$-92,$-4461,$711,$0,$-4665
13,2015-06-30,70.43,$-7.62,-9.25,$49.73,1.42,$9.27,7.59,$4.78,14.73,$13.77B,$15.39B,0.9,$24.57B,$-11.80B,-2.08,$77.39B,$18.56B,23.98%,$77.39B,$11.64B,15.04%,$77.39B,$11.64B,15.04%,$77.39B,$12.48B,16.12%,$77.39B,$10.58B,13.67%,$77.39B,$7.41B,9.58%,$7.41B,$-11.80B,-67.49%,$7.41B,$-22.52B,-33.45%,$7.41B,$32.71B,21.71%,$11.64B,$12.77B,79.54%,$18763,$14282,$4481,$0,$1568,$15871,$2892,$-259,$2633,$743,$1890,$1916,$1881,$3077,$2892,$1549,1549,$1.21,$1.21,$1838,$7207,$680,$13772,$5815,$1020,$10721,$1385,$18941,$32713,$15386,$24566,$2760,$29125,$44511,$0,$29822,$-8107,$-11798,$32713,$3750,$377,$-58,$319,$62,$809,$38,$-1461,$-931,$3300,$-413,$0,$0,$0,$-11,$-11,$200,$-224,$-98,$573,$475,$65,$65,$-3110,$-70,$-2640,$156,$0,$-3110
14,2015-03-31,65.38,$-7.91,-8.27,$51.02,1.28,$9.26,7.06,$4.74,13.79,$14.28B,$14.98B,0.95,$25.57B,$-12.25B,-2.09,$79.68B,$19.18B,24.07%,$79.68B,$11.62B,14.59%,$79.68B,$11.62B,14.59%,$79.68B,$12.49B,15.68%,$79.68B,$10.56B,13.26%,$79.68B,$7.37B,9.25%,$7.37B,$-12.25B,-73.77%,$7.37B,$-23.02B,-34.19%,$7.37B,$33.26B,21.04%,$11.62B,$13.33B,71.43%,$17352,$12965,$4387,$0,$1494,$14481,$2871,$-275,$2596,$785,$1811,$1834,$1788,$3063,$2871,$1548,1548,$1.16,$1.16,$1524,$7552,$1001,$14275,$5697,$1064,$10775,$1444,$18980,$33255,$14980,$25572,$2974,$30521,$45501,$0,$29489,$-8090,$-12246,$33255,$1834,$192,$-28,$164,$54,$393,$44,$-2327,$-2371,$-375,$-203,$0,$0,$0,$-8,$-8,$279,$68,$-97,$2250,$2153,$-48,$-48,$-1555,$-25,$525,$-158,$0,$-1555
15,2014-12-31,69.79,$-7.24,-9.64,$51.04,1.37,$9.93,7.03,$4.76,14.66,$15.48B,$15.11B,1.03,$26.93B,$-11.20B,-2.4,$80.11B,$19.33B,24.13%,$80.11B,$11.70B,14.61%,$80.11B,$11.70B,14.61%,$80.11B,$12.59B,15.72%,$80.11B,$10.65B,13.29%,$80.11B,$7.46B,9.31%,$7.46B,$-11.20B,-85.53%,$7.46B,$-22.58B,-36.11%,$7.46B,$35.19B,20.86%,$11.70B,$15.73B,66.31%,$19941,$15376,$4565,$0,$1975,$17409,$2532,$-263,$2269,$651,$1618,$1649,$1596,$2761,$2532,$1566,1566,$1.03,$1.03,$1682,$8592,$673,$15484,$6071,$1083,$11373,$1176,$19703,$35187,$15112,$26929,$2800,$31278,$46390,$0,$29249,$-6826,$-11203,$35187,$7658,$889,$113,$1002,$-463,$105,$177,$-507,$-918,$7739,$-1153,$0,$-110,$0,$-29,$-29,$296,$-996,$4351,$-1080,$3271,$-3833,$-3833,$-6035,$-242,$-6839,$-472,$0,$-6035
16,2014-09-30,70.61,$-5.58,-12.66,$50.88,1.39,$11.23,6.29,$4.97,14.21,$14.76B,$15.12B,0.98,$25.40B,$-8.68B,-2.93,$80.56B,$19.95B,24.77%,$80.56B,$12.36B,15.34%,$80.56B,$12.36B,15.34%,$80.56B,$13.24B,16.44%,$80.56B,$11.32B,14.05%,$80.56B,$7.84B,9.73%,$7.84B,$-8.68B,-104.68%,$7.84B,$-20.52B,-39.99%,$7.84B,$35.40B,21.47%,$12.36B,$16.72B,68.08%,$21335,$16213,$5122,$0,$1763,$17990,$3345,$-267,$3078,$918,$2160,$2198,$2146,$3578,$3345,$1560,1560,$1.38,$1.38,$2043,$7979,$573,$14761,$6273,$1371,$11841,$1155,$20640,$35401,$15117,$25395,$1857,$28961,$44078,$0,$29192,$-5022,$-8677,$35401,$6009,$660,$292,$952,$-176,$1326,$127,$-1408,$-569,$6385,$-804,$0,$-110,$0,$-22,$-22,$163,$-773,$2392,$-225,$2167,$-3050,$-3050,$-4471,$-208,$-5562,$-111,$0,$-4471
17,2014-06-30,70.54,$-5.01,-14.07,$49.98,1.41,$11.99,5.89,$5.03,14.02,$14.71B,$13.58B,1.08,$27.16B,$-7.85B,-3.46,$79.85B,$20.14B,25.22%,$79.85B,$12.61B,15.79%,$79.85B,$12.61B,15.79%,$79.85B,$13.48B,16.88%,$79.85B,$11.60B,14.53%,$79.85B,$8.02B,10.05%,$8.02B,$-7.85B,-112.70%,$8.02B,$-20.14B,-41.37%,$8.02B,$36.33B,21.76%,$12.61B,$19.31B,71.48%,$21051,$15950,$5101,$0,$1716,$18177,$2874,$-254,$2620,$752,$1868,$1895,$1842,$3090,$2874,$1571,1571,$1.17,$1.17,$1541,$8271,$403,$14710,$6648,$1508,$12294,$1165,$21615,$36325,$13580,$27161,$1911,$30592,$44172,$0,$28601,$-4314,$-7847,$36325,$3811,$427,$363,$790,$-245,$1484,$2,$-1666,$-1100,$3420,$-508,$0,$-103,$0,$-16,$-16,$83,$-544,$2392,$-428,$1964,$-2281,$-2281,$-2993,$-177,$-3487,$-613,$0,$-2993
18,2014-03-31,67.78,$-4.54,-14.93,$49.14,1.38,$12.57,5.39,$5.16,13.14,$14.83B,$13.97B,1.06,$25.99B,$-7.16B,-3.63,$79.28B,$20.26B,25.55%,$79.28B,$13.08B,16.49%,$79.28B,$13.08B,16.49%,$79.28B,$13.95B,17.59%,$79.28B,$12.07B,15.22%,$79.28B,$8.29B,10.46%,$8.29B,$-7.16B,-128.32%,$8.29B,$-19.40B,-43.85%,$8.29B,$36.14B,22.37%,$13.08B,$18.83B,77.37%,$17779,$13236,$4543,$0,$1547,$14828,$2951,$-268,$2683,$776,$1907,$1916,$1875,$3162,$2951,$1583,1583,$1.18,$1.18,$1823,$8724,$447,$14825,$6670,$1460,$12243,$939,$21312,$36137,$13971,$25989,$1843,$29323,$43294,$0,$28228,$-4213,$-7157,$36137,$1916,$211,$-91,$120,$395,$1086,$35,$-2131,$-1377,$715,$-256,$0,$0,$0,$0,$0,$48,$-208,$1119,$934,$2053,$-1241,$-1241,$-1503,$-114,$-805,$-331,$0,$-1503
19,2013-12-31,71.3,$-3.95,-18.06,$49.17,1.45,$12.96,5.5,$5.26,13.56,$16.85B,$17.07B,0.99,$24.02B,$-6.27B,-3.83,$80.03B,$20.81B,26.00%,$80.03B,$13.52B,16.89%,$80.03B,$13.52B,16.89%,$80.03B,$14.40B,17.99%,$80.03B,$12.54B,15.67%,$80.03B,$8.53B,10.66%,$8.53B,$-6.27B,-150.03%,$8.53B,$-18.36B,-46.33%,$8.53B,$38.17B,22.82%,$13.52B,$17.75B,82.52%,$20390,$15203,$5187,$0,$1676,$17202,$3188,$-252,$2936,$893,$2043,$2036,$1976,$3411,$3188,$1622,1622,$1.24,$1.24,$2154,$9846,$497,$16852,$6755,$1536,$12086,$939,$21316,$38168,$17066,$24023,$1876,$27376,$44442,$0,$27843,$-4190,$-6274,$38168,$8850,$882,$260,$1142,$-449,$-1413,$103,$1880,$-210,$10135,$-1200,$0,$0,$0,$-1418,$-1418,$-62,$-2680,$4443,$52,$4495,$-6666,$-6666,$-5720,$-324,$-8215,$-829,$0,$-5720
20,2013-09-30,70.09,$-4.48,-15.65,$48.26,1.45,$12.40,5.65,$5.27,13.3,$16.02B,$16.02B,1.0,$21.88B,$-7.19B,-3.04,$79.38B,$20.83B,26.24%,$79.38B,$13.56B,17.08%,$79.38B,$13.56B,17.08%,$79.38B,$14.45B,18.21%,$79.38B,$12.61B,15.89%,$79.38B,$8.64B,10.88%,$8.64B,$-7.19B,-176.06%,$8.64B,$-19.66B,-48.01%,$8.64B,$36.80B,23.19%,$13.56B,$14.69B,87.14%,$20629,$15320,$5309,$0,$1687,$17030,$3599,$-239,$3360,$952,$2408,$2402,$2328,$3817,$3599,$1614,1614,$1.44,$1.44,$3382,$8026,$585,$16016,$6583,$665,$12467,$1064,$20779,$36795,$16018,$21877,$3001,$27968,$43986,$0,$27359,$-4820,$-7191,$36795,$6814,$659,$64,$723,$-206,$546,$26,$183,$-57,$7815,$-821,$0,$0,$0,$-656,$-656,$6,$-1471,$2467,$1309,$3776,$-5219,$-5219,$-4202,$-258,$-5903,$399,$0,$-4202
21,2013-06-30,69.36,$-3.22,-21.54,$47.12,1.47,$12.26,5.66,$5.15,13.47,$16.76B,$14.71B,1.14,$21.56B,$-5.23B,-4.13,$78.34B,$20.86B,26.62%,$78.34B,$13.58B,17.34%,$78.34B,$13.58B,17.34%,$78.34B,$14.47B,18.47%,$78.34B,$12.67B,16.17%,$78.34B,$8.53B,10.88%,$8.53B,$-5.23B,-250.85%,$8.53B,$-18.23B,-50.87%,$8.53B,$37.14B,22.65%,$13.58B,$16.33B,85.01%,$20483,$15267,$5216,$0,$1850,$17146,$3337,$-246,$3091,$892,$2199,$2194,$2113,$3556,$3337,$1631,1631,$1.30,$1.30,$3586,$8217,$612,$16755,$6396,$0,$13001,$988,$20385,$37140,$14706,$21559,$2962,$27659,$42365,$0,$26537,$-4115,$-5225,$37140,$4412,$441,$65,$506,$-534,$472,$61,$154,$-647,$4500,$-520,$0,$0,$0,$-3,$-3,$32,$-491,$2467,$295,$2762,$-3028,$-3028,$-2815,$-218,$-3299,$603,$0,$-2815
22,2013-03-31,73.52,$-2.47,-29.72,$46.34,1.59,$12.70,5.79,$5.21,14.11,$16.66B,$14.51B,1.15,$20.80B,$-4.06B,-5.13,$77.90B,$21.09B,27.08%,$77.90B,$13.85B,17.78%,$77.90B,$13.85B,17.78%,$77.90B,$14.74B,18.93%,$77.90B,$12.97B,16.65%,$77.90B,$8.72B,11.19%,$8.72B,$-4.06B,-367.61%,$8.72B,$-17.42B,-55.11%,$8.72B,$37.42B,23.37%,$13.85B,$16.74B,90.39%,$18527,$13432,$5095,$0,$1677,$15136,$3391,$-236,$3155,$933,$2222,$2218,$2114,$3613,$3391,$1646,1646,$1.28,$1.28,$3981,$7976,$732,$16661,$6473,$0,$13362,$922,$20757,$37418,$14509,$20796,$2972,$26964,$41473,$0,$25800,$-3720,$-4055,$37418,$2218,$222,$77,$299,$-67,$806,$1,$-1260,$-1254,$1363,$-240,$0,$0,$0,$0,$0,$18,$-222,$3830,$-879,$2951,$-1453,$-1453,$-1414,$-137,$-53,$998,$0,$-1414
23,2012-12-31,65.72,$-1.91,-34.46,$45.57,1.44,$12.99,5.06,$5.18,12.69,$16.59B,$17.02B,0.98,$17.64B,$-3.15B,-5.59,$77.39B,$21.00B,27.14%,$77.39B,$13.86B,17.91%,$77.39B,$13.86B,17.91%,$77.39B,$14.76B,19.07%,$77.39B,$13.00B,16.80%,$77.39B,$8.75B,11.31%,$8.75B,$-3.15B,-692.95%,$8.75B,$-16.67B,-59.02%,$8.75B,$37.67B,23.63%,$13.86B,$14.49B,92.00%,$19742,$14534,$5208,$0,$1918,$16509,$3233,$-226,$3007,$799,$2208,$2191,$2083,$3466,$3233,$1692,1692,$1.24,$1.24,$2983,$8949,$619,$16590,$6645,$24,$13519,$892,$21080,$37670,$17016,$17639,$2993,$23808,$40824,$0,$25076,$-3604,$-3154,$37670,$9154,$898,$-222,$676,$-398,$-728,$10,$-183,$-661,$9421,$-1056,$0,$0,$0,$-6,$-6,$70,$-992,$3279,$898,$4177,$-6527,$-6527,$-5404,$-346,$-8100,$433,$0,$-5404
24,2012-09-30,69.96,$-0.69,-101.06,$44.62,1.57,$13.51,5.18,$5.01,13.96,$17.60B,$16.73B,1.05,$17.52B,$-1.16B,-15.1,$76.53B,$20.78B,27.15%,$76.53B,$13.58B,17.74%,$76.53B,$13.58B,17.74%,$76.53B,$14.49B,18.94%,$76.53B,$12.76B,16.67%,$76.53B,$8.54B,11.16%,$8.54B,$-1.16B,-2537.19%,$8.54B,$-14.71B,-61.34%,$8.54B,$38.31B,23.41%,$13.58B,$16.36B,88.77%,$19592,$14256,$5336,$0,$1655,$15969,$3623,$-211,$3412,$1088,$2324,$2324,$2215,$3839,$3623,$1683,1683,$1.32,$1.32,$4817,$8243,$584,$17600,$6364,$0,$13554,$791,$20709,$38309,$16726,$17520,$2045,$22743,$39469,$0,$24394,$-2835,$-1160,$38309,$6963,$665,$-90,$575,$-392,$-137,$0,$177,$-26,$7771,$-719,$0,$0,$0,$-3,$-3,$31,$-691,$3279,$625,$3904,$-4557,$-4557,$-3973,$-262,$-4888,$2267,$0,$-3973
25,2012-06-30,67.24,$-0.66,-101.98,$44.82,1.5,$14.47,4.65,$5.04,13.34,$15.56B,$16.83B,0.93,$14.82B,$-1.12B,-13.28,$77.64B,$20.95B,26.99%,$77.64B,$13.63B,17.56%,$77.64B,$13.63B,17.56%,$77.64B,$14.58B,18.78%,$77.64B,$12.83B,16.52%,$77.64B,$8.69B,11.20%,$8.69B,$-1.12B,1544.56%,$8.69B,$-14.47B,-66.32%,$8.69B,$35.80B,24.16%,$13.63B,$13.71B,90.69%,$20037,$14583,$5454,$0,$1817,$16433,$3604,$-209,$3395,$988,$2407,$2407,$2305,$3826,$3604,$1701,1701,$1.36,$1.36,$3846,$7312,$435,$15561,$6161,$0,$13351,$725,$20237,$35798,$16830,$14824,$2034,$20084,$36914,$0,$23599,$-3376,$-1116,$35798,$4639,$449,$-38,$411,$-413,$577,$80,$-150,$114,$5378,$-476,$0,$0,$0,$0,$0,$-36,$-512,$1256,$1193,$2449,$-3059,$-3059,$-2663,$-215,$-3488,$1296,$0,$-2663
26,2012-03-31,67.66,$0.22,306.14,$44.45,1.52,$15.07,4.49,$5.03,13.45,$15.34B,$15.28B,1.0,$15.35B,$0.38B,40.6,$77.84B,$20.93B,26.89%,$77.84B,$13.74B,17.65%,$77.84B,$13.74B,17.65%,$77.84B,$14.72B,18.91%,$77.84B,$12.94B,16.62%,$77.84B,$8.78B,11.28%,$8.78B,$0.38B,478.39%,$8.78B,$-13.46B,-72.20%,$8.78B,$36.40B,24.24%,$13.74B,$15.72B,86.64%,$18022,$13016,$5006,$0,$1571,$14619,$3403,$-213,$3190,$958,$2232,$2232,$2149,$3630,$3403,$1719,1719,$1.25,$1.25,$3576,$7311,$614,$15338,$6445,$0,$13840,$776,$21061,$36399,$15283,$15346,$2148,$20738,$36021,$0,$22592,$-2367,$378,$36399,$2232,$227,$46,$273,$-151,$1036,$23,$-1543,$-688,$1898,$-227,$0,$0,$0,$0,$0,$3,$-224,$-447,$2564,$2117,$-1427,$-1427,$-1338,$-135,$-783,$1026,$0,$-1338
27,2011-12-31,59.4,$0.32,186.03,$43.18,1.38,$15.34,3.87,$4.84,12.27,$14.86B,$14.79B,1.0,$14.83B,$0.55B,26.91,$76.35B,$20.42B,26.75%,$76.35B,$13.34B,17.48%,$76.35B,$13.34B,17.48%,$76.35B,$14.34B,18.78%,$76.35B,$12.54B,16.43%,$76.35B,$8.54B,11.19%,$8.54B,$0.55B,303.04%,$8.54B,$-13.07B,-75.26%,$8.54B,$35.49B,23.72%,$13.34B,$15.38B,83.52%,$18876,$13897,$4979,$0,$1959,$15930,$2946,$-187,$2759,$803,$1956,$1946,$1875,$3196,$2946,$1761,1762,$1.09,$1.09,$2550,$8120,$591,$14859,$6250,$0,$13625,$754,$20629,$35488,$14794,$14828,$2127,$20143,$34937,$0,$21757,$-2863,$551,$35488,$8879,$993,$26,$1019,$-251,$-36,$199,$691,$834,$10529,$-897,$0,$-80,$0,$-36,$-36,$-19,$-1032,$2284,$-226,$2058,$-5300,$-5300,$-4788,$-308,$-8338,$847,$0,$-4788
28,2011-09-30,46.75,$1.40,33.37,$42.14,1.11,$14.61,3.2,$4.72,9.9,$15.09B,$16.05B,0.94,$12.87B,$2.44B,5.28,$75.28B,$19.98B,26.54%,$75.28B,$13.14B,17.45%,$75.28B,$13.14B,17.45%,$75.28B,$14.14B,18.78%,$75.28B,$12.31B,16.35%,$75.28B,$8.39B,11.14%,$8.39B,$2.44B,228.86%,$8.39B,$-11.42B,-79.07%,$8.39B,$36.22B,23.36%,$13.14B,$15.31B,79.85%,$20706,$15191,$5515,$0,$1770,$17029,$3677,$-192,$3485,$1024,$2461,$2461,$2363,$3932,$3677,$1749,1749,$1.35,$1.35,$3391,$7453,$631,$15090,$6411,$0,$13861,$858,$21130,$36220,$16050,$12870,$1663,$17732,$33782,$0,$21208,$-1425,$2438,$36220,$6933,$743,$-73,$670,$-191,$970,$179,$419,$1832,$9568,$-568,$0,$-80,$0,$0,$0,$-34,$-682,$142,$810,$952,$-4292,$-4292,$-3441,$-273,$-7054,$1688,$0,$-3441
29,2011-06-30,49.44,$2.26,21.9,$39.55,1.25,$13.49,3.66,$4.36,11.34,$14.33B,$14.76B,0.97,$13.04B,$3.98B,3.28,$71.51B,$18.79B,26.27%,$71.51B,$12.30B,17.20%,$71.51B,$12.30B,17.20%,$71.51B,$13.27B,18.56%,$71.51B,$11.45B,16.01%,$71.51B,$7.85B,10.97%,$7.85B,$3.98B,183.06%,$7.85B,$-10.70B,-78.17%,$7.85B,$36.79B,21.75%,$12.30B,$17.01B,71.26%,$20234,$14805,$5429,$0,$1692,$16522,$3712,$-208,$3504,$1019,$2485,$2485,$2395,$3961,$3712,$1772,1772,$1.35,$1.35,$2178,$7904,$445,$14333,$6793,$0,$14672,$996,$22461,$36794,$14763,$13037,$1747,$18055,$32818,$0,$20178,$-262,$3976,$36794,$4472,$488,$-38,$450,$-250,$996,$186,$426,$1500,$6515,$-345,$0,$-62,$0,$0,$0,$-14,$-421,$955,$-1206,$-251,$-2847,$-2847,$-2308,$-292,$-5698,$475,$0,$-2308
30,2011-03-31,48.14,$2.42,19.92,$37.54,1.28,$12.78,3.77,$4.08,11.8,$13.39B,$14.34B,0.93,$11.89B,$4.31B,2.76,$68.66B,$17.87B,26.02%,$68.66B,$11.49B,16.74%,$68.66B,$11.49B,16.74%,$68.66B,$12.44B,18.12%,$68.66B,$10.63B,15.48%,$68.66B,$7.43B,10.82%,$7.43B,$4.31B,169.46%,$7.43B,$-10.20B,-76.94%,$7.43B,$35.55B,21.11%,$11.49B,$16.20B,65.03%,$16530,$12034,$4496,$0,$1449,$13523,$3007,$-213,$2794,$807,$1987,$1987,$1909,$3246,$3007,$1793,1794,$1.06,$1.06,$1322,$8271,$483,$13393,$6678,$0,$14514,$969,$22161,$35554,$14343,$11885,$1763,$16901,$31244,$0,$18903,$-146,$4310,$35554,$1987,$239,$30,$269,$138,$478,$116,$-491,$104,$2395,$-159,$0,$-20,$0,$0,$0,$4,$-175,$-23,$-32,$-55,$-1253,$-1253,$-1159,$-192,$-2659,$-381,$0,$-1159
31,2010-12-31,42.5,$2.18,19.47,$36.62,1.16,$12.51,3.4,$3.92,10.84,$13.76B,$12.80B,1.07,$13.37B,$3.93B,3.4,$67.71B,$17.50B,25.84%,$67.71B,$11.20B,16.54%,$67.71B,$11.20B,16.54%,$67.71B,$12.13B,17.92%,$67.71B,$10.32B,15.25%,$67.71B,$7.23B,10.67%,$7.23B,$3.93B,156.86%,$7.23B,$-10.10B,-77.93%,$7.23B,$35.05B,20.73%,$11.20B,$17.30B,60.14%,$17807,$13271,$4536,$0,$1743,$15064,$2743,$-216,$2527,$717,$1810,$1810,$1719,$2998,$2743,$1839,1842,$0.97,$0.96,$1703,$8317,$356,$13756,$6499,$0,$14034,$761,$21294,$35050,$12804,$13370,$1728,$18313,$31117,$0,$18133,$-1140,$3933,$35050,$7498,$932,$73,$1005,$123,$1071,$-72,$41,$1255,$9437,$-713,$0,$-83,$0,$0,$0,$86,$-710,$947,$-9,$938,$-4801,$-4801,$-4423,$-292,$-8578,$163,$0,$-4423
32,2010-09-30,40.24,$2.71,14.86,$35.68,1.13,$11.45,3.52,$3.76,10.7,$15.48B,$13.71B,1.13,$13.60B,$4.92B,2.76,$66.91B,$17.13B,25.60%,$66.91B,$10.90B,16.29%,$66.91B,$10.90B,16.29%,$66.91B,$11.82B,17.67%,$66.91B,$10.01B,14.96%,$66.91B,$7.03B,10.50%,$7.03B,$4.92B,136.23%,$7.03B,$-9.14B,-83.92%,$7.03B,$36.88B,20.24%,$10.90B,$18.52B,56.60%,$16936,$12612,$4324,$0,$1446,$14100,$2836,$-214,$2622,$730,$1892,$1892,$1822,$3066,$2836,$1828,1830,$0.99,$0.99,$3507,$8248,$423,$15482,$6587,$0,$14063,$747,$21397,$36879,$13713,$13595,$1557,$18243,$31956,$0,$17539,$-520,$4923,$36879,$5688,$677,$-31,$646,$160,$1286,$82,$-21,$1664,$7856,$-483,$0,$-42,$0,$0,$0,$79,$-446,$1062,$654,$1716,$-3694,$-3694,$-3254,$-275,$-5507,$1967,$0,$-3254
33,2010-06-30,32.55,$2.38,13.65,$34.86,0.93,$10.44,3.12,$3.70,8.8,$12.92B,$9.99B,1.29,$14.30B,$4.38B,3.27,$66.55B,$17.07B,25.65%,$66.55B,$10.91B,16.40%,$66.55B,$10.91B,16.40%,$66.55B,$11.82B,17.76%,$66.55B,$10.02B,15.06%,$66.55B,$7.01B,10.53%,$7.01B,$4.38B,124.92%,$7.01B,$-9.19B,-92.98%,$7.01B,$33.32B,20.64%,$10.91B,$18.67B,55.29%,$17383,$12872,$4511,$0,$1582,$14477,$2906,$-223,$2683,$641,$2042,$2042,$1982,$3130,$2906,$1846,1849,$1.07,$1.07,$1584,$7502,$310,$12924,$6162,$0,$13569,$669,$20400,$33324,$9989,$14296,$1536,$18958,$28947,$0,$16888,$-1301,$4377,$33324,$3796,$447,$-10,$437,$-270,$1364,$120,$159,$1387,$5439,$-319,$0,$-1,$0,$0,$0,$69,$-251,$1062,$-890,$172,$-2738,$-2738,$-2183,$-255,$-5004,$44,$0,$-2183
34,2010-03-31,36.57,$2.80,13.07,$33.21,1.1,$9.84,3.72,$3.42,10.69,$13.08B,$9.58B,1.37,$14.81B,$5.19B,2.85,$64.38B,$16.51B,25.65%,$64.38B,$10.44B,16.21%,$64.38B,$10.44B,16.21%,$64.38B,$11.32B,17.58%,$64.38B,$9.57B,14.87%,$64.38B,$6.57B,10.20%,$6.57B,$5.19B,106.21%,$6.57B,$-8.66B,-101.10%,$6.57B,$34.17B,19.38%,$10.44B,$20.00B,51.89%,$15587,$11463,$4124,$0,$1389,$12872,$2715,$-223,$2492,$738,$1754,$1754,$1703,$2938,$2715,$1874,1878,$0.90,$0.90,$850,$8279,$483,$13078,$6530,$0,$13851,$714,$21095,$34173,$9580,$14809,$1718,$19399,$28979,$0,$15977,$-553,$5194,$34173,$1754,$223,$-4,$219,$-28,$1218,$17,$-954,$107,$1974,$-150,$0,$0,$0,$0,$0,$46,$-104,$1130,$-706,$424,$-1646,$-1646,$-1098,$-192,$-2512,$-690,$0,$-1098
35,2009-12-31,33.41,$3.26,10.26,$31.56,1.06,$9.51,3.52,$3.26,10.25,$14.68B,$11.18B,1.31,$13.67B,$6.15B,2.23,$62.08B,$16.01B,25.79%,$62.08B,$10.04B,16.17%,$62.08B,$10.04B,16.17%,$62.08B,$10.89B,17.55%,$62.08B,$9.24B,14.89%,$62.08B,$6.34B,10.22%,$6.34B,$6.15B,98.72%,$6.34B,$-6.51B,-115.33%,$6.34B,$34.55B,19.20%,$10.04B,$19.82B,50.37%,$17008,$12837,$4171,$0,$1684,$14567,$2441,$-225,$2216,$632,$1584,$1584,$1522,$2687,$2441,$1943,1950,$0.79,$0.78,$1540,$9207,$532,$14682,$6390,$0,$12658,$822,$19870,$34552,$11178,$13672,$1869,$17229,$28407,$0,$15358,$-817,$6145,$34552,$6552,$853,$102,$955,$-187,$660,$-116,$190,$552,$7884,$-715,$0,$-429,$0,$0,$0,$46,$-1098,$2886,$246,$3132,$-5448,$-5448,$-4327,$-268,$-6911,$9,$0,$-4327
36,2009-09-30,33.4,$3.51,9.51,$30.17,1.11,$9.12,3.66,$3.17,10.54,$14.28B,$9.84B,1.45,$13.74B,$6.71B,2.05,$60.29B,$15.76B,26.14%,$60.29B,$9.83B,16.30%,$60.29B,$9.83B,16.30%,$60.29B,$10.65B,17.66%,$60.29B,$9.15B,15.17%,$60.29B,$6.27B,10.39%,$6.27B,$6.71B,91.27%,$6.27B,$-5.77B,-134.17%,$6.27B,$33.71B,19.20%,$9.83B,$20.46B,49.62%,$16573,$12306,$4267,$0,$1398,$13723,$2850,$-221,$2629,$775,$1854,$1854,$1798,$3062,$2850,$1958,1965,$0.93,$0.93,$1602,$8877,$477,$14277,$6358,$0,$12486,$584,$19428,$33705,$9838,$13741,$1899,$17153,$26991,$1448,$14936,$-1019,$6714,$33705,$4968,$607,$75,$682,$-85,$1143,$56,$-307,$846,$6419,$-483,$0,$-435,$0,$0,$0,$150,$-768,$2986,$-1106,$1880,$-4127,$-4127,$-3212,$-251,$-5710,$71,$0,$-3212
37,2009-06-30,29.54,$3.44,8.58,$30.03,0.98,$9.10,3.24,$3.25,9.09,$14.73B,$9.67B,1.52,$13.48B,$6.69B,2.02,$61.08B,$15.97B,26.14%,$61.08B,$9.87B,16.15%,$61.08B,$9.87B,16.15%,$61.08B,$10.70B,17.51%,$61.08B,$9.34B,15.29%,$61.08B,$6.55B,10.72%,$6.55B,$6.69B,80.89%,$6.55B,$-5.05B,-191.40%,$6.55B,$33.13B,19.82%,$9.87B,$20.17B,49.59%,$15213,$11264,$3949,$0,$1498,$12784,$2429,$-193,$2236,$639,$1597,$1597,$1546,$2631,$2429,$1955,1961,$0.79,$0.79,$2602,$8229,$445,$14731,$6121,$0,$11735,$540,$18396,$33127,$9666,$13480,$1845,$16774,$26440,$0,$14251,$-1719,$6687,$33127,$3114,$395,$42,$437,$-326,$1344,$-27,$358,$1148,$4573,$-323,$0,$-209,$0,$0,$0,$137,$-395,$2986,$-999,$1987,$-2745,$-2745,$-2161,$-226,$-3145,$1071,$0,$-2161
38,2009-03-31,23.78,$3.12,7.62,$30.21,0.79,$9.08,2.62,$3.26,7.3,$13.64B,$8.14B,1.68,$13.14B,$6.15B,2.14,$62.57B,$16.26B,25.99%,$62.57B,$10.04B,16.05%,$62.57B,$10.04B,16.05%,$62.57B,$10.88B,17.38%,$62.57B,$9.65B,15.42%,$62.57B,$6.69B,10.70%,$6.69B,$6.15B,67.68%,$6.69B,$-4.66B,-489.70%,$6.69B,$30.74B,20.08%,$10.04B,$19.30B,50.51%,$13286,$9660,$3626,$0,$1290,$10966,$2320,$-158,$2162,$645,$1517,$1517,$1476,$2513,$2320,$1993,2000,$0.74,$0.74,$2361,$7824,$565,$13640,$5752,$0,$10815,$537,$17104,$30744,$8135,$13144,$1855,$16457,$24592,$0,$13758,$-2969,$6152,$30744,$1517,$193,$34,$227,$44,$1095,$-34,$-1112,$-142,$1427,$-145,$0,$-209,$0,$0,$0,$166,$-188,$2986,$-641,$2345,$-1358,$-1358,$-1089,$-180,$-282,$830,$0,$-1089
39,2008-12-31,28.68,$3.94,7.28,$30.37,0.94,$9.05,3.17,$3.41,8.41,$14.94B,$10.14B,1.47,$11.38B,$7.90B,1.44,$63.64B,$16.38B,25.73%,$63.64B,$10.25B,16.10%,$63.64B,$10.25B,16.10%,$63.64B,$11.09B,17.43%,$63.64B,$9.94B,15.61%,$63.64B,$6.89B,10.83%,$6.89B,$7.90B,57.20%,$6.89B,$-3.20B,724.31%,$6.89B,$32.97B,20.55%,$10.25B,$19.28B,50.19%,$15218,$11300,$3918,$0,$1677,$12992,$2226,$-106,$2120,$605,$1515,$1515,$1445,$2443,$2226,$2068,2076,$0.71,$0.71,$1531,$9664,$574,$14939,$6348,$0,$11099,$586,$18033,$32972,$10144,$11377,$2146,$14924,$25068,$0,$13354,$-2281,$7904,$32972,$7150,$842,$114,$956,$-25,$-914,$-90,$894,$-96,$7935,$-1099,$0,$-1663,$0,$0,$0,$-399,$-3161,$6156,$-449,$5707,$-5138,$-5138,$-5079,$332,$-4178,$30,$0,$-5079
