,Date,Stock Price,Book Value per Share,Price to Book Ratio,TTM Sales per Share,Price to Sales Ratio,TTM FCF per Share,Price to FCF Ratio,TTM Net EPS,PE Ratio,Current Assets,Current Liabilities,Current Ratio,Long Term Debt,Shareholder's Equity_x,Debt to Equity Ratio,TTM Revenue_x,TTM Gross Profit,Gross Margin,TTM Revenue_y,TTM Operating Income,Operating Margin,TTM Revenue_x,TTM EBIT,EBIT Margin,TTM Revenue_y,TTM EBITDA,EBITDA Margin,TTM Revenue_x,TTM Pre-Tax Income,Pre-Tax Margin,TTM Revenue_y,TTM Net Income_x,Net Margin,TTM Net Income_y,Shareholder's Equity_y,Return on Equity,TTM Net Income_x,Tangible Equity,Return on Tangible Equity,TTM Net Income_y,Total Assets,Return on Assets,TTM Net Income,LT Investments & Debt,Return on Investment,revenue,cost-goods-sold,gross-profit,research-development-expenses,selling-general-administrative-expenses,operating-expenses,operating-income,total-non-operating-income-expense,pre-tax-income,total-provision-income-taxes,income-after-taxes,income-from-continuous-operations,net-income,ebitda,ebit,basic-shares-outstanding,shares-outstanding,eps-basic-net-earnings-per-share,eps-earnings-per-share-diluted,cash-on-hand,inventory,other-current-assets,total-current-assets,net-property-plant-equipment,long-term-investments,goodwill-intangible-assets-total,other-long-term-assets,total-long-term-assets,total-assets,total-current-liabilities,long-term-debt,other-non-current-liabilities,total-long-term-liabilities,total-liabilities,common-stock-net,retained-earnings-accumulated-deficit,comprehensive-income,total-share-holder-equity,total-liabilities-share-holders-equity,net-income-loss,total-depreciation-amortization-cash-flow,other-non-cash-items,total-non-cash-items,change-in-accounts-receivable,change-in-inventories,change-in-accounts-payable,change-in-assets-liabilities,total-change-in-assets-liabilities,cash-flow-from-operating-activities,net-change-in-property-plant-equipment,net-change-in-intangible-assets,net-acquisitions-divestitures,net-change-in-short-term-investments,net-change-in-long-term-investments,net-change-in-investments-total,investing-activities-other,cash-flow-from-investing-activities,net-long-term-debt,net-current-debt,debt-issuance-retirement-net-total,net-common-equity-issued-repurchased,net-total-equity-issued-repurchased,total-common-preferred-stock-dividends-paid,financial-activities-other,cash-flow-from-financial-activities,net-cash-flow,stock-based-compensation,common-stock-dividends-paid
0,2018-09-30,20.24,$25.57,0.79,$7.32,2.76,$-10.49,0.0,$1.94,10.43,$2.70B,$5.04B,0.54,$0.56B,$1.26B,0.44,$0.52B,$0.45B,87.62%,$0.52B,$0.37B,70.79%,$0.52B,$0.37B,70.79%,$0.52B,$0.37B,70.79%,$0.52B,$0.18B,34.43%,$0.52B,$0.13B,24.37%,$0.13B,$1.56B,8.14%,$0.13B,$0.45B,22.21%,$0.13B,$7.27B,1.99%,$0.37B,$2.12B,17.19%,$155,$17,$139,$0,$5,$47,$108,$-56,$52,$5,$47,$47,$40,$105,$108,$61,69,$0.66,$0.62,$116,$0,$0,$2698,$142,$0,$1110,$3318,$4569,$7268,$5043,$558,$108,$666,$5709,$1,$-26,$0,$1559,$7268,$111,$-3,$-943,$-946,$2,$0,$0,$6,$34,$-801,$85,$0,$0,$-8,$-756,$-764,$-3,$-682,$1622,$0,$1622,$-11,$-11,$-105,$-11,$1495,$11,$4,$-87
1,2018-06-30,18.53,$25.36,0.73,$6.83,2.71,$6.20,2.99,$1.52,12.19,$2.64B,$4.42B,0.6,$0.62B,$1.25B,0.5,$0.48B,$0.41B,86.40%,$0.48B,$0.33B,69.25%,$0.48B,$0.33B,69.25%,$0.48B,$0.34B,70.50%,$0.48B,$0.15B,31.38%,$0.48B,$0.10B,20.71%,$0.10B,$1.55B,6.34%,$0.10B,$0.54B,15.00%,$0.10B,$6.68B,1.66%,$0.33B,$2.17B,15.36%,$123,$15,$108,$0,$4,$34,$89,$-47,$42,$6,$36,$36,$30,$88,$89,$61,69,$0.49,$0.47,$103,$0,$0,$2642,$156,$0,$1011,$2868,$4034,$6677,$4422,$623,$86,$709,$5131,$1,$-38,$0,$1545,$6677,$65,$-1,$9100,$9099,$-7,$0,$0,$-9756,$-9755,$-591,$64,$0,$0,$-21,$-448,$-469,$-4,$-409,$1076,$0,$1076,$-11,$-11,$-70,$-8,$986,$-15,$3,$-58
2,2018-03-31,17.13,$25.33,0.68,$6.68,2.56,$18.98,0.9,$1.43,11.98,$2.07B,$3.61B,0.57,$0.54B,$1.24B,0.44,$0.48B,$0.41B,86.37%,$0.48B,$0.32B,67.71%,$0.48B,$0.32B,67.71%,$0.48B,$0.33B,69.81%,$0.48B,$0.14B,29.35%,$0.48B,$0.10B,19.92%,$0.10B,$1.54B,6.18%,$0.10B,$0.59B,13.45%,$0.10B,$5.79B,1.64%,$0.32B,$2.09B,15.16%,$110,$17,$94,$0,$3,$31,$79,$-41,$38,$10,$28,$28,$22,$79,$79,$61,70,$0.36,$0.35,$173,$0,$0,$2069,$187,$0,$957,$2578,$3722,$5790,$3614,$544,$89,$634,$4248,$1,$-39,$0,$1542,$5790,$28,$0,$4402,$4402,$4,$0,$0,$-4321,$-4308,$122,$32,$0,$0,$-53,$-181,$-234,$-26,$-228,$178,$0,$178,$-11,$-11,$-35,$-2,$130,$25,$1,$-29
3,2017-12-31,15.27,$25.18,0.61,$6.45,2.37,$22.86,0.67,$1.48,10.32,$2.46B,$3.39B,0.72,$0.60B,$1.25B,0.48,$0.47B,$0.40B,86.14%,$0.47B,$0.31B,66.10%,$0.47B,$0.31B,66.10%,$0.47B,$0.32B,69.08%,$0.47B,$0.13B,26.65%,$0.47B,$0.10B,21.54%,$0.10B,$1.55B,6.66%,$0.10B,$0.70B,13.46%,$0.10B,$5.61B,1.73%,$0.31B,$2.14B,14.50%,$129,$17,$112,$0,$3,$39,$90,$-44,$46,$5,$41,$41,$34,$94,$90,$66,75,$0.52,$0.50,$96,$0,$0,$2455,$207,$0,$845,$2098,$3150,$5605,$3390,$599,$71,$671,$4060,$1,$-47,$0,$1545,$5605,$118,$14,$23309,$23323,$3,$0,$11,$-23199,$-23217,$223,$167,$-0,$0,$104,$-124,$-21,$535,$682,$-916,$0,$-916,$-91,$219,$-140,$-24,$-862,$43,$5,$-126
4,2017-09-30,15.63,$24.45,0.64,$6.14,2.54,$12.61,1.24,$1.42,11.01,$2.73B,$3.51B,0.78,$0.61B,$1.31B,0.47,$0.45B,$0.39B,85.56%,$0.45B,$0.28B,62.67%,$0.45B,$0.28B,62.67%,$0.45B,$0.30B,65.78%,$0.45B,$0.09B,20.67%,$0.45B,$0.10B,21.56%,$0.10B,$1.61B,6.60%,$0.10B,$0.82B,12.95%,$0.10B,$5.79B,1.61%,$0.28B,$2.22B,13.45%,$116,$17,$99,$0,$2,$43,$73,$-49,$24,$5,$19,$19,$13,$76,$73,$67,67,$0.20,$0.20,$105,$0,$0,$2728,$228,$0,$790,$2039,$3057,$5785,$3508,$609,$57,$667,$4174,$1,$-52,$0,$1611,$5785,$77,$10,$198,$209,$2,$0,$-0,$25,$-2,$283,$141,$-0,$0,$116,$221,$338,$-63,$416,$-802,$0,$-802,$-19,$291,$-103,$-20,$-634,$65,$4,$-95
5,2017-06-30,16.01,$21.77,0.74,$6.28,2.55,$-1.76,0.0,$1.71,9.36,$3.00B,$3.88B,0.77,$0.61B,$1.46B,0.42,$0.48B,$0.41B,86.61%,$0.48B,$0.31B,64.23%,$0.48B,$0.31B,64.23%,$0.48B,$0.32B,67.15%,$0.48B,$0.11B,23.85%,$0.48B,$0.12B,24.90%,$0.12B,$1.46B,8.47%,$0.12B,$0.72B,15.83%,$0.12B,$6.01B,1.90%,$0.31B,$2.07B,14.91%,$122,$16,$107,$0,$5,$42,$81,$-49,$32,$3,$29,$29,$26,$84,$81,$67,75,$0.39,$0.38,$147,$0,$0,$2999,$247,$0,$735,$2029,$3012,$6010,$3882,$614,$59,$673,$4555,$1,$-35,$0,$1455,$6010,$58,$7,$10557,$10564,$1,$0,$2,$-10301,$-10335,$287,$102,$-0,$0,$45,$-24,$21,$7,$129,$-417,$0,$-417,$-2,$113,$-66,$-11,$-381,$35,$3,$-63
6,2017-03-31,15.14,$21.86,0.69,$5.89,2.57,$-7.55,0.0,$1.25,12.11,$3.01B,$3.83B,0.79,$0.66B,$1.46B,0.45,$0.44B,$0.37B,84.09%,$0.44B,$0.27B,60.23%,$0.44B,$0.27B,60.23%,$0.44B,$0.28B,63.64%,$0.44B,$0.07B,16.82%,$0.44B,$0.09B,20.00%,$0.09B,$1.46B,6.37%,$0.09B,$0.76B,11.08%,$0.09B,$6.00B,1.42%,$0.27B,$2.12B,12.93%,$102,$15,$86,$0,$3,$35,$66,$-44,$23,$-6,$29,$29,$28,$70,$66,$67,75,$0.42,$0.40,$140,$0,$0,$3013,$260,$0,$697,$2033,$2990,$6003,$3830,$660,$54,$714,$4544,$1,$-30,$0,$1459,$6003,$29,$4,$4817,$4821,$-4,$0,$4,$-4421,$-4454,$395,$63,$-0,$0,$102,$-84,$19,$-40,$42,$-426,$0,$-426,$-2,$113,$-32,$-7,$-352,$86,$2,$-32
7,2016-12-31,13.96,$20.26,0.69,$5.71,2.45,$-13.30,0.0,$1.05,13.3,$4.00B,$4.32B,0.93,$0.63B,$1.35B,0.46,$0.42B,$0.35B,83.18%,$0.42B,$0.25B,59.24%,$0.42B,$0.25B,59.24%,$0.42B,$0.26B,62.56%,$0.42B,$0.06B,14.69%,$0.42B,$0.07B,17.54%,$0.07B,$1.35B,5.40%,$0.07B,$0.70B,8.78%,$0.07B,$6.36B,1.20%,$0.25B,$1.98B,12.27%,$110,$17,$93,$0,$3,$47,$62,$-49,$14,$-17,$31,$31,$30,$66,$62,$69,77,$0.45,$0.47,$157,$0,$0,$4001,$303,$0,$657,$1396,$2356,$6358,$4317,$626,$64,$690,$5006,$1,$-27,$0,$1351,$6358,$76,$13,$23377,$23390,$2,$0,$-3,$-24118,$-24088,$-622,$235,$-3,$0,$-80,$-492,$-572,$534,$194,$645,$0,$645,$-98,$-98,$-132,$-11,$404,$-24,$6,$-132
8,2016-09-30,12.51,$20.21,0.62,$5.27,2.37,$-15.75,0.0,$0.82,15.25,$4.61B,$4.48B,1.03,$0.72B,$1.36B,0.53,$0.39B,$0.32B,81.73%,$0.39B,$0.24B,59.90%,$0.39B,$0.24B,59.90%,$0.39B,$0.25B,63.20%,$0.39B,$0.06B,13.96%,$0.39B,$0.06B,14.72%,$0.06B,$1.36B,4.12%,$0.06B,$0.83B,6.25%,$0.06B,$6.62B,0.97%,$0.24B,$2.07B,11.32%,$144,$16,$128,$0,$3,$46,$98,$-53,$45,$10,$35,$35,$35,$101,$98,$68,76,$0.52,$0.49,$172,$0,$0,$4606,$314,$0,$525,$1174,$2012,$6619,$4476,$719,$69,$788,$5264,$1,$-26,$0,$1355,$6619,$45,$10,$-855,$-845,$3,$0,$-4,$63,$92,$-792,$180,$-2,$0,$9,$203,$212,$-222,$168,$906,$0,$906,$-93,$-93,$-100,$-8,$704,$81,$4,$-100
9,2016-06-30,12.66,$20.09,0.63,$4.93,2.57,$-11.95,0.0,$0.82,15.44,$3.96B,$3.67B,1.08,$0.67B,$1.36B,0.49,$0.38B,$0.31B,80.47%,$0.38B,$0.23B,60.16%,$0.38B,$0.23B,60.16%,$0.38B,$0.24B,63.59%,$0.38B,$0.06B,14.51%,$0.38B,$0.06B,16.36%,$0.06B,$1.36B,4.29%,$0.06B,$0.89B,6.24%,$0.06B,$5.77B,1.08%,$0.23B,$2.03B,11.03%,$84,$22,$63,$0,$4,$45,$39,$-47,$-8,$-3,$-5,$-5,$-5,$43,$39,$68,68,$-0.08,$-0.08,$113,$0,$0,$3961,$320,$0,$471,$1015,$1807,$5768,$3665,$668,$74,$741,$4407,$1,$-30,$0,$1361,$5768,$9,$6,$8419,$8425,$-3,$0,$2,$-8620,$-8613,$-178,$136,$-2,$0,$25,$324,$349,$-167,$315,$57,$0,$57,$-83,$-83,$-68,$-6,$-99,$38,$3,$-68
10,2016-03-31,10.27,$20.59,0.5,$4.89,2.1,$-29.68,0.0,$1.26,8.15,$3.96B,$3.67B,1.08,$0.65B,$1.42B,0.46,$0.40B,$0.32B,82.03%,$0.40B,$0.25B,63.80%,$0.40B,$0.25B,63.80%,$0.40B,$0.26B,66.84%,$0.40B,$0.09B,22.28%,$0.40B,$0.10B,24.05%,$0.10B,$1.42B,6.39%,$0.10B,$0.96B,9.01%,$0.10B,$5.82B,1.59%,$0.25B,$2.07B,12.04%,$84,$17,$67,$0,$4,$33,$51,$-40,$11,$-3,$14,$14,$14,$54,$51,$72,72,$0.20,$0.20,$114,$0,$0,$3957,$340,$0,$455,$1068,$1863,$5820,$3673,$652,$80,$733,$4406,$1,$7,$0,$1415,$5820,$14,$3,$3198,$3201,$2,$0,$-1,$-3263,$-3255,$-40,$65,$-3,$0,$-6,$98,$92,$-62,$93,$57,$0,$57,$-64,$-64,$-35,$-2,$-45,$9,$1,$-35
11,2015-12-31,11.49,$20.28,0.57,$4.56,2.52,$-39.20,0.0,$1.15,9.99,$4.10B,$3.58B,1.14,$0.68B,$1.50B,0.45,$0.37B,$0.30B,81.02%,$0.37B,$0.23B,61.23%,$0.37B,$0.23B,61.23%,$0.37B,$0.24B,64.44%,$0.37B,$0.07B,19.52%,$0.37B,$0.09B,23.80%,$0.09B,$1.50B,5.86%,$0.09B,$1.04B,8.02%,$0.09B,$5.83B,1.49%,$0.23B,$2.17B,11.00%,$82,$18,$64,$0,$4,$34,$48,$-41,$7,$-9,$16,$16,$14,$51,$48,$74,83,$0.22,$0.22,$100,$0,$0,$4095,$351,$0,$460,$921,$1732,$5827,$3579,$676,$76,$752,$4331,$1,$26,$0,$1496,$5827,$90,$12,$14051,$14062,$-2,$0,$-5,$-14999,$-15016,$-863,$241,$-2,$0,$98,$-298,$-200,$-27,$12,$1034,$0,$1034,$-16,$-16,$-173,$-12,$833,$-18,$6,$-173
12,2015-09-30,10.97,$20.52,0.53,$4.49,2.44,$-33.92,0.0,$1.28,8.57,$1.49B,$3.51B,0.42,$0.49B,$1.51B,0.32,$0.37B,$0.29B,80.11%,$0.37B,$0.22B,60.22%,$0.37B,$0.22B,60.22%,$0.37B,$0.23B,63.22%,$0.37B,$0.08B,21.25%,$0.37B,$0.10B,27.25%,$0.10B,$1.51B,6.49%,$0.10B,$1.09B,8.65%,$0.10B,$5.59B,1.75%,$0.22B,$2.00B,10.82%,$129,$17,$111,$0,$3,$38,$90,$-45,$45,$6,$39,$39,$39,$93,$90,$75,83,$0.51,$0.49,$121,$0,$0,$1487,$358,$0,$423,$3324,$4106,$5592,$3508,$489,$81,$570,$4078,$1,$45,$0,$1514,$5592,$74,$8,$35352,$35360,$-2,$0,$-6,$-35954,$-35961,$-526,$175,$0,$0,$108,$-17,$91,$-335,$-69,$771,$1204,$1976,$-16,$-16,$-138,$-1213,$608,$13,$5,$-138
13,2015-06-30,11.94,$20.39,0.59,$4.50,2.65,$-32.80,0.0,$1.48,8.07,$5.45B,$3.82B,1.43,$0.61B,$1.53B,0.4,$0.37B,$0.29B,79.02%,$0.37B,$0.22B,59.40%,$0.37B,$0.22B,59.40%,$0.37B,$0.23B,62.40%,$0.37B,$0.09B,24.80%,$0.37B,$0.12B,31.61%,$0.12B,$1.53B,7.44%,$0.12B,$1.13B,9.72%,$0.12B,$6.68B,2.12%,$0.22B,$2.13B,10.67%,$100,$18,$82,$0,$3,$36,$63,$-38,$25,$-3,$28,$28,$28,$66,$63,$75,83,$0.37,$0.36,$147,$0,$0,$5451,$326,$0,$395,$506,$1226,$6677,$3821,$605,$726,$1331,$5152,$1,$41,$0,$1525,$6677,$36,$5,$-1652,$-1647,$-3,$0,$-7,$-33,$-49,$-1660,$128,$0,$0,$107,$-173,$-65,$-110,$-47,$1194,$649,$1843,$0,$0,$-92,$-6,$1745,$38,$4,$-92
14,2015-03-31,14.17,$20.68,0.69,$5.03,2.82,$-20.32,0.0,$2.05,6.91,$4.56B,$3.64B,1.25,$0.48B,$1.54B,0.31,$0.41B,$0.33B,79.95%,$0.41B,$0.26B,62.84%,$0.41B,$0.26B,62.84%,$0.41B,$0.27B,65.53%,$0.41B,$0.14B,33.99%,$0.41B,$0.16B,39.85%,$0.16B,$1.54B,10.37%,$0.16B,$1.18B,13.29%,$0.16B,$5.74B,3.24%,$0.26B,$2.03B,12.79%,$63,$18,$46,$0,$5,$35,$28,$-32,$-4,$-11,$8,$8,$8,$31,$28,$75,75,$0.09,$0.09,$111,$0,$0,$4559,$318,$0,$359,$501,$1178,$5737,$3635,$484,$76,$560,$4195,$1,$59,$0,$1542,$5737,$8,$3,$4969,$4972,$1,$0,$-5,$-5721,$-5732,$-753,$66,$0,$0,$95,$-54,$41,$-199,$-91,$880,$0,$880,$0,$0,$-46,$-0,$834,$-11,$3,$-46
15,2014-12-31,14.04,$21.18,0.66,$5.39,2.61,$-9.37,0.0,$2.46,5.71,$3.59B,$2.80B,1.28,$0.43B,$1.58B,0.27,$0.44B,$0.36B,80.32%,$0.44B,$0.29B,65.38%,$0.44B,$0.29B,65.38%,$0.44B,$0.30B,67.65%,$0.44B,$0.18B,40.50%,$0.44B,$0.19B,43.67%,$0.19B,$1.58B,12.28%,$0.19B,$1.22B,17.40%,$0.19B,$4.90B,4.15%,$0.29B,$2.01B,14.50%,$75,$20,$55,$0,$4,$35,$40,$-28,$12,$-15,$27,$27,$25,$42,$40,$73,82,$0.35,$0.35,$216,$0,$0,$3588,$303,$0,$358,$649,$1310,$4897,$2797,$430,$92,$522,$3319,$1,$98,$0,$1578,$4897,$195,$10,$27889,$27899,$-0,$0,$2,$-28446,$-28459,$-366,$187,$0,$0,$-48,$-189,$-236,$77,$28,$702,$-228,$474,$91,$91,$-174,$-3,$387,$49,$6,$-174
16,2014-09-30,13.47,$21.42,0.63,$6.15,2.19,$-8.93,0.0,$2.81,4.79,$3.60B,$2.50B,1.44,$0.42B,$1.59B,0.26,$0.48B,$0.40B,81.78%,$0.48B,$0.33B,68.12%,$0.48B,$0.33B,68.12%,$0.48B,$0.34B,70.19%,$0.48B,$0.22B,45.96%,$0.48B,$0.22B,45.55%,$0.22B,$1.59B,14.25%,$0.22B,$1.24B,20.03%,$0.22B,$4.61B,4.89%,$0.33B,$2.01B,16.78%,$129,$22,$107,$0,$4,$41,$87,$-29,$58,$3,$55,$55,$55,$90,$87,$74,83,$0.74,$0.69,$84,$0,$0,$3603,$275,$0,$346,$381,$1002,$4605,$2497,$417,$103,$520,$3017,$1,$117,$0,$1588,$4605,$168,$7,$-12434,$-12427,$2,$0,$3,$11858,$11875,$-383,$127,$-283,$0,$55,$392,$447,$17,$308,$371,$-228,$143,$82,$82,$-129,$-2,$94,$19,$4,$-129
17,2014-06-30,13.42,$21.27,0.63,$6.04,2.22,$-10.41,0.0,$2.69,4.99,$3.97B,$2.77B,1.43,$0.42B,$1.58B,0.27,$0.46B,$0.37B,81.30%,$0.46B,$0.31B,66.52%,$0.46B,$0.31B,66.52%,$0.46B,$0.32B,68.48%,$0.46B,$0.20B,43.48%,$0.46B,$0.21B,44.57%,$0.21B,$1.58B,13.48%,$0.21B,$1.26B,18.74%,$0.21B,$4.87B,4.64%,$0.31B,$2.00B,15.78%,$142,$23,$119,$0,$5,$40,$102,$-29,$73,$-2,$75,$75,$75,$105,$102,$74,83,$1.01,$0.93,$142,$0,$0,$3968,$240,$0,$315,$346,$902,$4870,$2771,$420,$101,$521,$3293,$1,$108,$0,$1577,$4870,$113,$5,$11736,$11741,$0,$0,$3,$-12380,$-12420,$-566,$79,$-283,$0,$-12,$-81,$-93,$410,$113,$659,$-228,$431,$82,$82,$-44,$-6,$464,$10,$3,$-44
18,2014-03-31,14.26,$20.87,0.68,$6.31,2.26,$-10.33,0.0,$2.62,5.44,$2.93B,$2.18B,1.35,$0.42B,$1.54B,0.27,$0.45B,$0.37B,81.92%,$0.45B,$0.29B,65.18%,$0.45B,$0.29B,65.18%,$0.45B,$0.30B,67.19%,$0.45B,$0.20B,43.53%,$0.45B,$0.18B,41.07%,$0.18B,$1.54B,12.80%,$0.18B,$0.71B,17.82%,$0.18B,$4.23B,4.53%,$0.29B,$1.96B,16.11%,$96,$23,$74,$0,$5,$36,$60,$-24,$36,$-2,$38,$38,$38,$62,$60,$72,80,$0.52,$0.50,$103,$0,$0,$2928,$187,$0,$831,$282,$1300,$4228,$2177,$417,$91,$507,$2684,$1,$76,$0,$1543,$4228,$38,$2,$3076,$3078,$3,$0,$2,$-3005,$-3002,$113,$30,$-256,$0,$1,$7,$8,$217,$-1,$-6981,$0,$-6981,$81,$81,$-42,$6814,$-128,$-16,$2,$-42
19,2013-12-31,13.36,$20.82,0.64,$7.12,1.88,$-15.91,0.0,$3.02,4.42,$3.40B,$2.34B,1.45,$0.42B,$1.47B,0.28,$0.47B,$0.40B,84.50%,$0.47B,$0.30B,64.54%,$0.47B,$0.30B,64.54%,$0.47B,$0.31B,66.24%,$0.47B,$0.22B,45.65%,$0.47B,$0.20B,42.25%,$0.20B,$1.47B,14.66%,$0.20B,$1.18B,17.84%,$0.20B,$4.31B,5.33%,$0.30B,$1.88B,18.67%,$116,$21,$95,$0,$5,$37,$80,$-25,$55,$2,$53,$53,$52,$82,$80,$63,69,$0.70,$0.63,$120,$0,$0,$3396,$148,$0,$291,$476,$915,$4311,$2338,$415,$91,$506,$2844,$1,$82,$0,$1467,$4311,$200,$9,$31615,$31624,$-1,$0,$7,$-32082,$-32067,$-243,$121,$-1,$0,$-53,$-319,$-372,$-777,$-1029,$1201,$-27,$1174,$0,$0,$-148,$239,$1265,$-6,$5,$-148
20,2013-09-30,12.86,$21.22,0.61,$8.29,1.55,$-29.75,0.0,$3.16,4.07,$3.57B,$2.22B,1.61,$0.42B,$1.50B,0.28,$0.48B,$0.42B,87.29%,$0.48B,$0.30B,63.13%,$0.48B,$0.30B,63.13%,$0.48B,$0.31B,64.58%,$0.48B,$0.23B,46.88%,$0.48B,$0.20B,40.63%,$0.20B,$1.50B,15.11%,$0.20B,$1.23B,17.89%,$0.20B,$4.25B,5.92%,$0.30B,$1.92B,20.78%,$106,$19,$86,$0,$4,$42,$64,$-27,$36,$-4,$40,$40,$40,$66,$64,$64,73,$0.61,$0.57,$181,$0,$0,$3571,$103,$0,$270,$306,$679,$4249,$2222,$420,$112,$532,$2754,$1,$111,$0,$1495,$4249,$147,$6,$12987,$12994,$-12,$0,$8,$-13575,$-13573,$-432,$98,$0,$0,$-42,$-12,$-54,$-803,$-760,$-24684,$-19,$-24702,$262,$262,$-107,$25806,$1258,$66,$4,$-107
21,2013-06-30,11.63,$21.06,0.55,$8.85,1.31,$-36.26,0.0,$3.40,3.42,$3.00B,$1.84B,1.63,$0.25B,$1.24B,0.2,$0.47B,$0.42B,89.64%,$0.47B,$0.31B,65.33%,$0.47B,$0.31B,65.33%,$0.47B,$0.32B,66.60%,$0.47B,$0.25B,52.43%,$0.47B,$0.20B,41.23%,$0.20B,$1.24B,16.08%,$0.20B,$1.02B,18.34%,$0.20B,$3.44B,6.93%,$0.31B,$1.49B,24.23%,$130,$17,$112,$0,$3,$42,$88,$-20,$68,$13,$54,$54,$54,$91,$88,$59,65,$0.92,$0.86,$101,$0,$0,$2997,$89,$0,$227,$131,$446,$3443,$1839,$250,$111,$361,$2199,$1,$111,$0,$1244,$3443,$108,$4,$17148,$17152,$2,$0,$5,$-17710,$-17700,$-441,$63,$-0,$0,$-34,$0,$-34,$-79,$-50,$560,$0,$560,$0,$0,$-67,$-8,$485,$-6,$2,$-67
22,2013-03-31,13.97,$20.72,0.67,$8.59,1.63,$-35.63,0.0,$3.33,4.19,$2.60B,$1.65B,1.57,$0.00B,$1.22B,0.0,$0.41B,$0.37B,90.66%,$0.41B,$0.27B,65.85%,$0.41B,$0.27B,65.85%,$0.41B,$0.27B,66.83%,$0.41B,$0.22B,53.56%,$0.41B,$0.17B,41.77%,$0.17B,$1.22B,15.41%,$0.17B,$1.04B,16.96%,$0.17B,$2.93B,7.01%,$0.27B,$1.22B,23.46%,$119,$14,$105,$0,$4,$47,$72,$-16,$56,$3,$53,$53,$53,$73,$72,$59,59,$0.90,$0.90,$64,$0,$0,$2595,$84,$0,$180,$67,$332,$2927,$1654,$0,$50,$50,$1705,$1,$91,$0,$1222,$2927,$53,$1,$3459,$3460,$-7,$0,$3,$-3717,$-3739,$-225,$0,$-200,$0,$-6,$93,$87,$-1,$-115,$-8152,$0,$-8152,$0,$0,$-34,$8511,$325,$-14,$1,$-34
23,2012-12-31,13.34,$20.39,0.65,$8.17,1.63,$-29.06,0.0,$3.08,4.33,$2.24B,$1.30B,1.73,$0.00B,$1.20B,0.0,$0.34B,$0.30B,90.75%,$0.34B,$0.23B,68.06%,$0.34B,$0.23B,68.06%,$0.34B,$0.23B,69.25%,$0.34B,$0.19B,55.82%,$0.34B,$0.14B,40.60%,$0.14B,$1.20B,14.36%,$0.14B,$1.08B,15.35%,$0.14B,$2.56B,6.67%,$0.23B,$1.20B,22.17%,$125,$9,$116,$0,$5,$46,$79,$-14,$65,$16,$49,$49,$48,$80,$79,$44,44,$0.88,$0.89,$73,$0,$0,$2243,$88,$0,$127,$102,$317,$2560,$1297,$0,$61,$61,$1358,$1,$71,$0,$1201,$2560,$138,$3,$21442,$21445,$-4,$0,$0,$-22468,$-22404,$-820,$136,$-0,$0,$-9,$311,$302,$-550,$-111,$596,$-157,$439,$608,$608,$-95,$-1,$951,$19,$5,$-95
24,2012-09-30,11.73,$20.10,0.58,$6.79,1.73,$-21.74,0.0,$2.95,3.98,$2.08B,$1.11B,1.87,$0.00B,$1.18B,0.0,$0.25B,$0.22B,89.56%,$0.25B,$0.18B,72.69%,$0.25B,$0.18B,72.69%,$0.25B,$0.19B,74.30%,$0.25B,$0.14B,57.43%,$0.25B,$0.11B,42.97%,$0.11B,$1.18B,13.67%,$0.11B,$1.12B,14.22%,$0.11B,$2.33B,6.13%,$0.18B,$1.18B,20.94%,$99,$8,$91,$0,$4,$29,$70,$-11,$59,$19,$40,$40,$40,$71,$70,$49,49,$0.81,$0.81,$106,$0,$0,$2079,$86,$0,$65,$99,$250,$2329,$1109,$0,$35,$35,$1145,$1,$55,$0,$1184,$2329,$89,$2,$11206,$11208,$-24,$0,$-2,$-11973,$-11960,$-662,$114,$-0,$0,$-8,$141,$133,$-302,$-54,$397,$-157,$240,$608,$608,$-61,$-17,$770,$53,$4,$-61
25,2012-06-30,9.66,$19.43,0.5,$6.28,1.54,$-11.93,0.0,$2.87,3.37,$1.54B,$0.90B,1.72,$0.16B,$0.81B,0.2,$0.19B,$0.17B,86.98%,$0.19B,$0.14B,73.96%,$0.19B,$0.14B,73.96%,$0.19B,$0.15B,76.04%,$0.19B,$0.11B,56.77%,$0.19B,$0.09B,45.31%,$0.09B,$0.81B,14.04%,$0.09B,$0.77B,14.38%,$0.09B,$1.89B,5.99%,$0.14B,$0.96B,19.69%,$64,$7,$57,$0,$3,$18,$47,$-9,$38,$8,$30,$30,$29,$48,$47,$37,37,$0.80,$0.79,$60,$0,$0,$1544,$90,$0,$33,$224,$346,$1891,$899,$157,$29,$186,$1085,$0,$38,$0,$806,$1891,$49,$1,$2376,$2378,$-15,$0,$0,$-2692,$-2694,$-268,$75,$-0,$0,$-2,$-27,$-29,$-182,$-135,$355,$-140,$215,$248,$248,$-38,$-9,$416,$13,$2,$-38
26,2012-03-31,8.88,$19.21,0.46,$5.62,1.58,$-7.24,0.0,$2.67,3.33,$1.04B,$0.59B,1.77,$0.17B,$0.60B,0.28,$0.16B,$0.14B,85.44%,$0.16B,$0.12B,74.05%,$0.16B,$0.12B,74.05%,$0.16B,$0.12B,76.58%,$0.16B,$0.09B,56.33%,$0.16B,$0.08B,47.47%,$0.08B,$0.60B,13.66%,$0.08B,$0.58B,13.82%,$0.08B,$1.38B,6.25%,$0.12B,$0.77B,18.60%,$47,$7,$40,$0,$2,$15,$32,$-7,$25,$6,$19,$19,$19,$33,$32,$29,29,$0.65,$0.65,$80,$0,$0,$1038,$105,$0,$19,$217,$340,$1378,$587,$169,$26,$195,$782,$0,$31,$0,$596,$1378,$19,$1,$-34,$-34,$-6,$0,$0,$64,$63,$48,$34,$-0,$0,$-33,$70,$37,$39,$110,$-153,$-27,$-180,$47,$47,$-16,$-7,$-156,$2,$1,$-16
27,2011-12-31,7.67,$19.22,0.4,$4.81,1.59,$-10.66,0.0,$2.37,3.24,$1.12B,$0.81B,1.38,$0.00B,$0.55B,0.0,$0.13B,$0.11B,85.16%,$0.13B,$0.10B,75.78%,$0.13B,$0.10B,75.78%,$0.13B,$0.10B,78.13%,$0.13B,$0.07B,56.25%,$0.13B,$0.06B,50.00%,$0.06B,$0.55B,12.09%,$0.06B,$0.54B,12.13%,$0.06B,$1.39B,6.00%,$0.10B,$0.55B,16.47%,$39,$4,$35,$0,$2,$7,$32,$-11,$21,$2,$20,$20,$19,$33,$32,$26,27,$0.74,$0.74,$45,$0,$0,$1119,$104,$0,$6,$158,$267,$1386,$812,$0,$28,$28,$840,$0,$27,$0,$546,$1386,$64,$2,$997,$998,$2,$0,$0,$-1353,$-1347,$-284,$63,$0,$0,$-30,$29,$-1,$-331,$-269,$384,$-47,$337,$206,$206,$-40,$19,$522,$-31,$4,$-40
28,2011-09-30,7.13,$19.04,0.37,$4.15,1.72,$-2.66,0.0,$2.10,3.39,$0.98B,$0.53B,1.84,$0.08B,$0.53B,0.15,$0.10B,$0.09B,82.52%,$0.10B,$0.07B,71.84%,$0.10B,$0.07B,71.84%,$0.10B,$0.08B,73.79%,$0.10B,$0.06B,56.31%,$0.10B,$0.05B,50.49%,$0.05B,$0.53B,11.00%,$0.05B,$0.53B,11.01%,$0.05B,$1.16B,6.00%,$0.07B,$0.61B,13.27%,$42,$7,$35,$0,$3,$11,$31,$-6,$25,$4,$21,$21,$20,$32,$31,$28,28,$0.73,$0.73,$43,$0,$0,$978,$70,$0,$1,$107,$178,$1155,$530,$80,$15,$95,$625,$0,$22,$0,$531,$1155,$45,$1,$4,$5,$-3,$0,$0,$-55,$-65,$-81,$45,$0,$0,$-31,$70,$39,$-362,$-278,$160,$-11,$149,$197,$197,$-26,$4,$325,$-33,$3,$-26
29,2011-06-30,7.21,$18.82,0.38,$3.40,2.12,$-2.63,0.0,$1.82,3.96,$0.74B,$0.28B,2.64,$0.07B,$0.52B,0.14,$0.07B,$0.06B,82.43%,$0.07B,$0.05B,70.27%,$0.07B,$0.05B,70.27%,$0.07B,$0.05B,71.62%,$0.07B,$0.04B,55.41%,$0.07B,$0.04B,54.05%,$0.04B,$0.52B,9.49%,$0.04B,$0.52B,9.49%,$0.04B,$0.88B,5.78%,$0.05B,$0.59B,10.08%,$30,$5,$25,$0,$2,$8,$22,$-4,$18,$1,$17,$17,$17,$23,$22,$28,28,$0.59,$0.59,$41,$0,$0,$741,$49,$0,$0,$94,$143,$883,$281,$71,$8,$79,$361,$0,$15,$0,$523,$883,$24,$1,$0,$1,$-8,$0,$0,$-17,$-33,$-41,$28,$0,$0,$-39,$38,$-1,$-298,$-271,$85,$0,$85,$197,$197,$-12,$-1,$269,$-43,$2,$-12
30,2011-03-31,7.81,$18.61,0.42,$3.13,2.49,$-2.91,0.0,$1.71,4.57,$0.69B,$0.24B,2.93,$0.09B,$0.52B,0.17,$0.06B,$0.05B,82.76%,$0.06B,$0.04B,70.69%,$0.06B,$0.04B,70.69%,$0.06B,$0.04B,70.69%,$0.06B,$0.03B,56.90%,$0.06B,$0.03B,53.45%,$0.03B,$0.52B,8.34%,$0.03B,$0.52B,8.34%,$0.03B,$0.84B,5.50%,$0.04B,$0.61B,8.99%,$17,$4,$14,$0,$2,$6,$12,$-3,$8,$1,$8,$8,$8,$12,$12,$22,22,$0.35,$0.35,$64,$0,$0,$689,$31,$0,$0,$120,$151,$841,$236,$88,$0,$88,$324,$0,$10,$0,$517,$841,$8,$0,$-11,$-11,$-19,$0,$0,$-3,$-25,$-28,$14,$0,$0,$-53,$18,$-35,$-226,$-248,$60,$0,$60,$197,$197,$-7,$-8,$241,$-35,$1,$-7
31,2010-12-31,7.53,$19.01,0.4,$2.58,2.92,$-2.42,0.0,$1.43,5.27,$0.43B,$0.17B,2.53,$0.10B,$0.32B,0.32,$0.05B,$0.04B,82.22%,$0.05B,$0.03B,66.67%,$0.05B,$0.03B,66.67%,$0.05B,$0.03B,66.67%,$0.05B,$0.03B,57.78%,$0.05B,$0.02B,53.33%,$0.02B,$0.32B,7.47%,$0.02B,$0.32B,7.47%,$0.02B,$0.59B,5.52%,$0.03B,$0.42B,7.82%,$14,$3,$11,$0,$2,$5,$9,$-2,$7,$0,$7,$7,$7,$9,$9,$17,17,$0.44,$0.44,$45,$0,$0,$425,$30,$0,$0,$134,$164,$589,$168,$101,$0,$101,$269,$0,$3,$0,$320,$589,$24,$0,$-31,$-31,$-9,$0,$0,$-8,$-16,$-23,$18,$0,$0,$214,$-33,$181,$-367,$-167,$101,$0,$101,$0,$0,$-13,$147,$236,$45,$2,$-13
32,2010-09-30,7.25,$19.40,0.37,$1.78,4.07,$-2.15,0.0,$1.00,7.25,$0.29B,$0.01B,25.27,$0.12B,$0.33B,0.36,$0.03B,$0.03B,83.87%,$0.03B,$0.02B,67.74%,$0.03B,$0.02B,67.74%,$0.03B,$0.02B,67.74%,$0.03B,$0.02B,61.29%,$0.03B,$0.02B,54.84%,$0.02B,$0.33B,7.05%,$0.02B,$0.33B,7.05%,$0.02B,$0.45B,5.91%,$0.02B,$0.44B,7.54%,$13,$2,$11,$0,$1,$3,$9,$-1,$8,$0,$8,$8,$8,$9,$9,$17,17,$0.46,$0.45,$25,$0,$0,$287,$26,$0,$0,$141,$167,$454,$11,$116,$0,$116,$127,$0,$9,$0,$326,$454,$17,$0,$-2,$-2,$-16,$0,$0,$-8,$-24,$-28,$7,$0,$0,$214,$-51,$163,$-227,$-57,$116,$0,$116,$0,$0,$-6,$-0,$110,$25,$2,$-6
33,2010-06-30,6.32,$19.38,0.33,$1.09,5.81,$-0.96,0.0,$0.51,12.39,$0.25B,$0.01B,18.94,$0.03B,$0.32B,0.1,$0.02B,$0.02B,78.95%,$0.02B,$0.01B,57.89%,$0.02B,$0.01B,57.89%,$0.02B,$0.01B,57.89%,$0.02B,$0.01B,52.63%,$0.02B,$0.01B,42.11%,$0.01B,$0.32B,3.36%,$0.01B,$0.32B,3.36%,$0.01B,$0.37B,3.13%,$0.01B,$0.36B,4.47%,$14,$2,$12,$0,$1,$3,$11,$-1,$10,$2,$8,$8,$8,$11,$11,$17,17,$0.49,$0.48,$41,$0,$0,$250,$13,$0,$0,$107,$121,$370,$13,$31,$2,$33,$46,$0,$8,$0,$324,$370,$9,$0,$-1,$-1,$-11,$0,$0,$-4,$-11,$-13,$0,$0,$0,$195,$-18,$177,$-173,$5,$31,$0,$31,$0,$0,$0,$-0,$31,$22,$1,$0
