,Date,Stock Price,Book Value per Share,Price to Book Ratio,TTM Sales per Share,Price to Sales Ratio,TTM FCF per Share,Price to FCF Ratio,TTM Net EPS,PE Ratio,Current Assets,Current Liabilities,Current Ratio,Long Term Debt,Shareholder's Equity_x,Debt to Equity Ratio,TTM Revenue_x,TTM Gross Profit,Gross Margin,TTM Revenue_y,TTM Operating Income,Operating Margin,TTM Revenue_x,TTM EBIT,EBIT Margin,TTM Revenue_y,TTM EBITDA,EBITDA Margin,TTM Revenue_x,TTM Pre-Tax Income,Pre-Tax Margin,TTM Revenue_y,TTM Net Income_x,Net Margin,TTM Net Income_y,Shareholder's Equity_y,Return on Equity,TTM Net Income_x,Tangible Equity,Return on Tangible Equity,TTM Net Income_y,Total Assets,Return on Assets,TTM Net Income,LT Investments & Debt,Return on Investment,revenue,cost-goods-sold,gross-profit,research-development-expenses,selling-general-administrative-expenses,operating-expenses,operating-income,total-non-operating-income-expense,pre-tax-income,total-provision-income-taxes,income-after-taxes,income-from-continuous-operations,net-income,ebitda,ebit,basic-shares-outstanding,shares-outstanding,eps-basic-net-earnings-per-share,eps-earnings-per-share-diluted,cash-on-hand,inventory,other-current-assets,total-current-assets,net-property-plant-equipment,long-term-investments,goodwill-intangible-assets-total,other-long-term-assets,total-long-term-assets,total-assets,total-current-liabilities,long-term-debt,other-non-current-liabilities,total-long-term-liabilities,total-liabilities,common-stock-net,retained-earnings-accumulated-deficit,comprehensive-income,total-share-holder-equity,total-liabilities-share-holders-equity,net-income-loss,total-depreciation-amortization-cash-flow,other-non-cash-items,total-non-cash-items,change-in-accounts-receivable,change-in-inventories,change-in-accounts-payable,change-in-assets-liabilities,total-change-in-assets-liabilities,cash-flow-from-operating-activities,net-change-in-property-plant-equipment,net-change-in-intangible-assets,net-acquisitions-divestitures,net-change-in-short-term-investments,net-change-in-long-term-investments,net-change-in-investments-total,investing-activities-other,cash-flow-from-investing-activities,net-long-term-debt,net-current-debt,debt-issuance-retirement-net-total,net-common-equity-issued-repurchased,net-total-equity-issued-repurchased,total-common-preferred-stock-dividends-paid,financial-activities-other,cash-flow-from-financial-activities,net-cash-flow,stock-based-compensation,common-stock-dividends-paid
0,2018-09-30,3.39,$-12.75,-0.27,$24.65,0.14,$-2.02,0.0,$-4.01,0.0,$0.08B,$0.03B,2.45,$0.31B,$-0.14B,-2.15,$0.27B,$0.08B,29.20%,$0.27B,$-0.02B,-5.84%,$0.27B,$-0.02B,-5.84%,$0.27B,$0.02B,8.39%,$0.27B,$-0.04B,-14.23%,$0.27B,$-0.05B,-16.42%,$-0.05B,$-0.14B,34.29%,$-0.05B,$-0.23B,20.55%,$-0.05B,$0.21B,-20.32%,$-0.02B,$0.16B,-9.24%,$71,$48,$23,$0,$17,$66,$5,$-6,$-1,$-0,$-1,$-1,$-6,$9,$5,$11,11,$-0.55,$-0.55,$13,$10,$0,$84,$39,$0,$84,$0,$123,$207,$34,$305,$3,$315,$349,$0,$-29,$-1,$-142,$207,$-30,$16,$14,$30,$-13,$-3,$2,$2,$-5,$-5,$-5,$0,$0,$0,$0,$0,$-0,$-5,$-0,$0,$-0,$0,$0,$0,$0,$-0,$-10,$1,$0
1,2018-06-30,2.0,$-12.57,-0.16,$23.77,0.08,$-2.34,0.0,$-3.51,0.0,$0.09B,$0.04B,2.24,$0.31B,$-0.14B,-2.17,$0.26B,$0.08B,28.79%,$0.26B,$-0.02B,-6.82%,$0.26B,$-0.02B,-6.82%,$0.26B,$0.02B,8.33%,$0.26B,$-0.04B,-15.15%,$0.26B,$-0.04B,-15.15%,$-0.04B,$-0.14B,32.72%,$-0.04B,$-0.23B,18.37%,$-0.04B,$0.22B,-17.19%,$-0.02B,$0.17B,-9.89%,$61,$42,$20,$0,$16,$59,$3,$-6,$-3,$-3,$-1,$-1,$-17,$8,$3,$11,11,$-1.50,$-1.50,$18,$10,$0,$90,$40,$0,$85,$0,$125,$216,$40,$305,$3,$315,$356,$0,$-23,$-5,$-140,$216,$-24,$11,$14,$25,$-7,$-2,$2,$-0,$-2,$-1,$-2,$0,$0,$0,$0,$0,$0,$-2,$-0,$0,$-0,$0,$0,$0,$0,$-0,$-5,$1,$0
2,2018-03-31,3.02,$-11.08,-0.27,$23.18,0.13,$-3.08,0.0,$-2.21,0.0,$0.08B,$0.03B,2.68,$0.30B,$-0.12B,-2.47,$0.26B,$0.07B,28.29%,$0.26B,$-0.02B,-7.75%,$0.26B,$-0.02B,-7.75%,$0.26B,$0.02B,7.36%,$0.26B,$-0.04B,-15.89%,$0.26B,$-0.03B,-9.69%,$-0.03B,$-0.12B,21.98%,$-0.03B,$-0.22B,11.52%,$-0.03B,$0.23B,-10.30%,$-0.02B,$0.18B,-10.53%,$59,$45,$14,$0,$17,$63,$-4,$-5,$-9,$-2,$-7,$-7,$-7,$2,$-4,$11,11,$-0.65,$-0.65,$20,$9,$0,$84,$50,$0,$94,$0,$145,$229,$31,$304,$5,$321,$352,$0,$-6,$-5,$-123,$229,$-7,$6,$-1,$4,$2,$1,$-1,$-1,$1,$-2,$-1,$0,$0,$0,$0,$0,$0,$-1,$-0,$0,$-0,$0,$0,$0,$0,$-0,$-3,$0,$0
3,2017-12-31,3.67,$-10.74,-0.34,$22.93,0.16,$-3.57,0.0,$-1.96,0.0,$0.10B,$0.04B,2.91,$0.30B,$-0.12B,-2.54,$0.26B,$0.08B,29.41%,$0.26B,$-0.02B,-7.06%,$0.26B,$-0.02B,-7.06%,$0.26B,$0.02B,7.84%,$0.26B,$-0.04B,-15.29%,$0.26B,$-0.02B,-9.02%,$-0.02B,$-0.12B,21.20%,$-0.02B,$-0.21B,10.59%,$-0.02B,$0.23B,-9.16%,$-0.02B,$0.18B,-9.23%,$83,$60,$23,$0,$22,$103,$-20,$-5,$-26,$-12,$-13,$-13,$-15,$4,$-20,$11,11,$-1.32,$-1.32,$23,$14,$0,$102,$44,$0,$87,$0,$132,$234,$35,$304,$3,$319,$354,$0,$-1,$-5,$-120,$234,$-22,$39,$-7,$32,$-5,$4,$5,$-1,$-7,$2,$-9,$0,$0,$0,$0,$0,$0,$-9,$0,$0,$0,$0,$0,$-8,$-0,$-8,$-14,$2,$-8
4,2017-09-30,5.9,$-9.48,-0.62,$21.46,0.27,$1.07,5.52,$-1.00,0.0,$0.08B,$0.03B,2.68,$0.30B,$-0.11B,-2.87,$0.24B,$0.07B,30.13%,$0.24B,$0.00B,0.42%,$0.24B,$0.00B,0.42%,$0.24B,$0.02B,9.62%,$0.24B,$-0.02B,-7.95%,$0.24B,$-0.01B,-5.02%,$-0.01B,$-0.11B,11.74%,$-0.01B,$-0.22B,5.48%,$-0.01B,$0.25B,-4.64%,$0.00B,$0.20B,0.50%,$61,$42,$19,$0,$15,$58,$3,$-5,$-2,$-1,$-1,$-1,$-1,$8,$3,$11,11,$-0.06,$-0.06,$15,$19,$0,$84,$51,$0,$115,$0,$167,$252,$32,$303,$2,$326,$357,$0,$13,$-5,$-106,$252,$-7,$14,$-4,$10,$-10,$1,$2,$2,$-10,$-7,$-6,$0,$0,$0,$0,$0,$-2,$-8,$0,$0,$0,$0,$0,$-8,$-0,$-8,$-22,$1,$-8
5,2017-06-30,14.25,$-9.51,-1.5,$23.29,0.61,$4.72,3.02,$-0.60,0.0,$0.09B,$0.04B,2.39,$0.30B,$-0.11B,-2.86,$0.26B,$0.08B,31.66%,$0.26B,$0.01B,3.86%,$0.26B,$0.01B,3.86%,$0.26B,$0.03B,11.97%,$0.26B,$-0.01B,-3.86%,$0.26B,$-0.01B,-2.70%,$-0.01B,$-0.11B,7.14%,$-0.01B,$-0.22B,3.23%,$-0.01B,$0.26B,-2.66%,$0.01B,$0.20B,4.90%,$55,$38,$17,$0,$14,$54,$1,$-5,$-4,$-1,$-3,$-3,$-2,$5,$1,$11,11,$-0.20,$-0.20,$18,$22,$0,$86,$53,$0,$116,$0,$170,$256,$36,$303,$2,$325,$361,$0,$14,$-6,$-106,$256,$-7,$10,$-1,$9,$-7,$-2,$3,$1,$-10,$-7,$-4,$0,$0,$0,$0,$0,$0,$-4,$0,$0,$0,$0,$0,$-5,$-0,$-5,$-19,$1,$-5
6,2017-03-31,20.61,$-9.16,-2.25,$24.92,0.83,$8.11,2.54,$-0.45,0.0,$0.09B,$0.04B,2.35,$0.30B,$-0.10B,-2.97,$0.28B,$0.09B,31.65%,$0.28B,$0.01B,5.04%,$0.28B,$0.01B,5.04%,$0.28B,$0.04B,12.59%,$0.28B,$-0.01B,-2.16%,$0.28B,$-0.01B,-1.80%,$-0.01B,$-0.10B,5.31%,$-0.01B,$-0.22B,2.33%,$-0.01B,$0.26B,-1.86%,$0.01B,$0.20B,6.75%,$56,$40,$16,$0,$16,$58,$-2,$-5,$-7,$-2,$-5,$-5,$-5,$3,$-2,$11,11,$-0.40,$-0.40,$26,$24,$0,$91,$53,$0,$117,$0,$171,$262,$39,$302,$2,$325,$364,$0,$19,$-6,$-102,$262,$-5,$5,$0,$5,$-2,$-5,$2,$3,$-6,$-5,$-3,$0,$0,$0,$0,$0,$0,$-3,$0,$0,$0,$0,$0,$-3,$-0,$-3,$-11,$1,$-3
7,2016-12-31,20.17,$-8.60,-2.34,$27.47,0.73,$10.00,2.02,$0.45,44.81,$0.09B,$0.04B,2.62,$0.30B,$-0.10B,-3.17,$0.31B,$0.10B,33.12%,$0.31B,$0.03B,9.74%,$0.31B,$0.03B,9.74%,$0.31B,$0.05B,16.23%,$0.31B,$0.01B,3.25%,$0.31B,$0.01B,1.95%,$0.01B,$-0.10B,-6.72%,$0.01B,$-0.21B,-2.83%,$0.01B,$0.26B,2.20%,$0.03B,$0.21B,14.17%,$67,$47,$20,$0,$17,$68,$-1,$-5,$-6,$-2,$-4,$-4,$-4,$7,$-1,$11,11,$-0.32,$-0.32,$37,$19,$0,$92,$53,$0,$118,$0,$172,$264,$35,$302,$1,$324,$360,$0,$26,$-6,$-95,$264,$5,$22,$2,$23,$20,$6,$-6,$3,$31,$60,$-14,$0,$0,$0,$0,$0,$0,$-14,$-9,$0,$-9,$-6,$-6,$-8,$1,$-22,$23,$4,$-8
8,2016-09-30,29.0,$-8.04,-3.6,$31.91,0.91,$8.75,3.31,$0.60,48.33,$0.09B,$0.03B,2.72,$0.30B,$-0.09B,-3.39,$0.34B,$0.11B,33.73%,$0.34B,$0.04B,12.24%,$0.34B,$0.04B,12.24%,$0.34B,$0.06B,18.51%,$0.34B,$0.02B,4.78%,$0.34B,$0.01B,2.39%,$0.01B,$-0.09B,-9.17%,$0.01B,$-0.21B,-3.77%,$0.01B,$0.27B,2.89%,$0.04B,$0.21B,19.23%,$81,$52,$29,$0,$16,$70,$12,$-5,$7,$3,$4,$4,$4,$16,$12,$11,11,$0.35,$0.35,$21,$23,$0,$93,$55,$0,$123,$0,$178,$271,$34,$301,$1,$326,$360,$0,$32,$-6,$-89,$271,$9,$14,$2,$16,$9,$2,$-4,$1,$14,$40,$-12,$0,$0,$0,$0,$0,$0,$-12,$-9,$0,$-9,$-6,$-6,$-5,$1,$-20,$8,$3,$-5
