,Date,Stock Price,Book Value per Share,Price to Book Ratio,TTM Sales per Share,Price to Sales Ratio,TTM FCF per Share,Price to FCF Ratio,TTM Net EPS,PE Ratio,Current Assets,Current Liabilities,Current Ratio,Long Term Debt,Shareholder's Equity_x,Debt to Equity Ratio,TTM Revenue_x,TTM Gross Profit,Gross Margin,TTM Revenue_y,TTM Operating Income,Operating Margin,TTM Revenue_x,TTM EBIT,EBIT Margin,TTM Revenue_y,TTM EBITDA,EBITDA Margin,TTM Revenue_x,TTM Pre-Tax Income,Pre-Tax Margin,TTM Revenue_y,TTM Net Income_x,Net Margin,TTM Net Income_y,Shareholder's Equity_y,Return on Equity,TTM Net Income_x,Tangible Equity,Return on Tangible Equity,TTM Net Income_y,Total Assets,Return on Assets,TTM Net Income,LT Investments & Debt,Return on Investment,revenue,cost-goods-sold,gross-profit,research-development-expenses,selling-general-administrative-expenses,operating-expenses,operating-income,total-non-operating-income-expense,pre-tax-income,total-provision-income-taxes,income-after-taxes,income-from-continuous-operations,net-income,ebitda,ebit,basic-shares-outstanding,shares-outstanding,eps-basic-net-earnings-per-share,eps-earnings-per-share-diluted,cash-on-hand,inventory,other-current-assets,total-current-assets,net-property-plant-equipment,long-term-investments,goodwill-intangible-assets-total,other-long-term-assets,total-long-term-assets,total-assets,total-current-liabilities,long-term-debt,other-non-current-liabilities,total-long-term-liabilities,total-liabilities,common-stock-net,retained-earnings-accumulated-deficit,comprehensive-income,total-share-holder-equity,total-liabilities-share-holders-equity,net-income-loss,total-depreciation-amortization-cash-flow,other-non-cash-items,total-non-cash-items,change-in-accounts-receivable,change-in-inventories,change-in-accounts-payable,change-in-assets-liabilities,total-change-in-assets-liabilities,cash-flow-from-operating-activities,net-change-in-property-plant-equipment,net-change-in-intangible-assets,net-acquisitions-divestitures,net-change-in-short-term-investments,net-change-in-long-term-investments,net-change-in-investments-total,investing-activities-other,cash-flow-from-investing-activities,net-long-term-debt,net-current-debt,debt-issuance-retirement-net-total,net-common-equity-issued-repurchased,net-total-equity-issued-repurchased,total-common-preferred-stock-dividends-paid,financial-activities-other,cash-flow-from-financial-activities,net-cash-flow,stock-based-compensation,common-stock-dividends-paid
0,2018-09-30,60.15,$50.03,1.2,$14.57,4.13,$8.87,6.78,$3.76,16.0,$18.07B,$18.56B,0.97,$1.99B,$3.90B,0.51,$1.08B,$0.90B,83.43%,$1.08B,$0.44B,40.74%,$1.08B,0,0.00%,$1.08B,0,0.00%,$1.08B,$0.41B,38.24%,$1.08B,$0.29B,27.04%,$0.29B,$3.90B,7.69%,$0.29B,$2.04B,15.09%,$0.29B,$24.56B,1.25%,$0.44B,$5.88B,7.51%,$300,$59,$241,$0,$120,$181,$118,$0,$118,$24,$94,$94,$94,$0,$0,$77,77,$1.22,$1.21,$551,$0,$0,$18067,$268,$3421,$1856,$945,$6490,$24558,$18559,$1986,$116,$2102,$20661,$78,$750,$-55,$3897,$24558,$264,$-7,$53,$46,$25,$0,$0,$-17,$8,$319,$-18,$0,$0,$0,$-800,$-800,$-1844,$-2662,$200,$-5,$195,$-5,$-5,$-33,$1958,$2115,$-229,$13,$-33
1,2018-06-30,61.22,$49.12,1.25,$13.88,4.41,$6.08,10.06,$3.38,18.11,$17.81B,$18.00B,0.99,$2.05B,$3.83B,0.54,$1.03B,$0.88B,85.46%,$1.03B,$0.43B,41.95%,$1.03B,0,0.00%,$1.03B,0,0.00%,$1.03B,$0.40B,38.54%,$1.03B,$0.26B,25.56%,$0.26B,$3.83B,7.01%,$0.26B,$1.97B,13.96%,$0.26B,$23.99B,1.15%,$0.43B,$5.87B,7.38%,$279,$49,$230,$0,$115,$166,$113,$-3,$110,$23,$87,$87,$87,$0,$0,$77,77,$1.13,$1.12,$647,$0,$0,$17809,$270,$3193,$1858,$858,$6179,$23988,$18002,$2047,$113,$2160,$20162,$78,$668,$-38,$3827,$23988,$170,$-3,$39,$36,$-1,$0,$0,$5,$4,$211,$-14,$0,$0,$0,$-533,$-533,$-1432,$-1979,$262,$-7,$255,$-4,$-4,$-22,$1407,$1636,$-133,$9,$-22
2,2018-03-31,63.92,$48.16,1.33,$13.24,4.83,$4.77,13.41,$3.06,20.89,$16.80B,$16.65B,1.01,$2.44B,$3.75B,0.65,$0.91B,$0.79B,87.07%,$0.91B,$0.38B,42.32%,$0.91B,0,0.00%,$0.91B,0,0.00%,$0.91B,$0.35B,38.45%,$0.91B,$0.22B,24.09%,$0.22B,$3.75B,5.91%,$0.22B,$1.89B,11.95%,$0.22B,$22.94B,0.99%,$0.38B,$6.19B,6.88%,$256,$37,$219,$0,$107,$147,$108,$-5,$103,$20,$84,$84,$84,$0,$0,$77,77,$1.08,$1.08,$369,$0,$0,$16804,$269,$3208,$1862,$791,$6131,$22935,$16648,$2442,$95,$2538,$19186,$78,$592,$-36,$3749,$22935,$84,$-1,$12,$10,$10,$0,$0,$-19,$-8,$86,$-9,$0,$0,$0,$-495,$-495,$-684,$-1187,$657,$-3,$654,$-4,$-4,$-11,$52,$691,$-411,$4,$-11
3,2017-12-31,65.86,$47.72,1.38,$12.67,5.2,$3.70,17.81,$2.80,23.52,$16.53B,$16.60B,1.0,$1.79B,$3.71B,0.48,$0.78B,$0.69B,87.98%,$0.78B,$0.33B,42.07%,$0.78B,0,0.00%,$0.78B,0,0.00%,$0.78B,$0.30B,38.11%,$0.78B,$0.17B,22.25%,$0.17B,$3.71B,5.47%,$0.17B,$1.84B,10.60%,$0.17B,$22.21B,0.91%,$0.33B,$5.49B,7.18%,$245,$33,$211,$0,$107,$144,$101,$-19,$82,$55,$27,$27,$27,$0,$0,$64,64,$0.25,$0.25,$780,$0,$0,$16532,$266,$2758,$1865,$785,$5674,$22206,$16597,$1785,$115,$1900,$18498,$78,$519,$-4,$3708,$22206,$174,$-11,$68,$57,$-32,$0,$0,$-51,$-83,$148,$-53,$0,$155,$0,$-607,$-607,$-1592,$-2098,$913,$-13,$901,$193,$193,$-36,$1488,$2546,$596,$20,$-36
4,2017-09-30,66.37,$47.31,1.4,$11.89,5.58,$4.79,13.87,$3.23,20.55,$15.78B,$15.93B,0.99,$2.09B,$3.67B,0.57,$0.67B,$0.60B,89.24%,$0.67B,$0.29B,42.75%,$0.67B,0,0.00%,$0.67B,0,0.00%,$0.67B,$0.27B,40.36%,$0.67B,$0.18B,27.35%,$0.18B,$3.67B,6.97%,$0.18B,$1.81B,12.95%,$0.18B,$21.79B,1.12%,$0.29B,$5.76B,7.59%,$245,$29,$216,$0,$105,$137,$108,$-9,$100,$35,$64,$64,$64,$0,$0,$77,77,$0.84,$0.83,$408,$0,$0,$15783,$270,$3113,$1862,$763,$6008,$21790,$15930,$2089,$98,$2187,$18117,$78,$503,$-13,$3673,$21790,$147,$-6,$37,$30,$-28,$0,$0,$-29,$-57,$120,$-36,$0,$155,$0,$-962,$-962,$-1243,$-2086,$1217,$-18,$1199,$191,$191,$-25,$825,$2190,$225,$14,$-25
5,2017-06-30,62.12,$46.56,1.33,$11.53,5.39,$5.21,11.92,$3.11,19.97,$15.39B,$15.97B,0.96,$1.19B,$3.62B,0.33,$0.55B,$0.50B,90.24%,$0.55B,$0.23B,41.95%,$0.55B,0,0.00%,$0.55B,0,0.00%,$0.55B,$0.22B,39.60%,$0.55B,$0.15B,27.31%,$0.15B,$3.62B,7.27%,$0.15B,$1.75B,12.71%,$0.15B,$20.89B,1.10%,$0.23B,$4.81B,8.12%,$159,$17,$142,$0,$74,$93,$66,$-3,$63,$20,$43,$43,$43,$0,$0,$53,54,$0.81,$0.80,$539,$0,$0,$15386,$258,$2655,$1862,$726,$5500,$20886,$15970,$1191,$110,$1301,$17271,$78,$450,$-12,$3615,$20886,$83,$2,$28,$31,$-4,$0,$0,$-25,$-30,$84,$-19,$0,$155,$0,$-487,$-487,$-723,$-1073,$319,$57,$376,$191,$191,$-14,$791,$1345,$355,$9,$-14
6,2017-03-31,65.59,$34.61,1.9,$11.34,5.78,$5.29,12.39,$3.04,21.57,$8.89B,$9.41B,0.95,$0.53B,$1.72B,0.31,$0.51B,$0.47B,91.18%,$0.51B,$0.21B,41.96%,$0.51B,0,0.00%,$0.51B,0,0.00%,$0.51B,$0.20B,39.80%,$0.51B,$0.14B,27.25%,$0.14B,$1.72B,9.33%,$0.14B,$1.16B,14.54%,$0.14B,$11.73B,1.27%,$0.21B,$2.26B,9.61%,$133,$13,$119,$0,$64,$78,$54,$-1,$53,$14,$40,$40,$40,$0,$0,$48,49,$0.83,$0.82,$193,$0,$0,$8892,$97,$1816,$565,$355,$2833,$11725,$9407,$532,$62,$594,$10002,$50,$414,$-15,$1723,$11725,$40,$2,$7,$8,$-16,$0,$0,$-25,$-40,$8,$-11,$0,$0,$0,$-285,$-285,$-219,$-515,$-175,$-15,$-190,$191,$191,$-7,$522,$516,$9,$3,$-7
7,2016-12-31,68.26,$32.28,2.11,$11.22,6.08,$5.89,11.6,$2.90,23.54,$8.67B,$8.85B,0.98,$0.76B,$1.50B,0.51,$0.48B,$0.45B,92.15%,$0.48B,$0.20B,42.15%,$0.48B,0,0.00%,$0.48B,0,0.00%,$0.48B,$0.19B,39.67%,$0.48B,$0.13B,26.24%,$0.13B,$1.50B,9.30%,$0.13B,$0.93B,14.72%,$0.13B,$11.20B,1.23%,$0.20B,$2.25B,9.38%,$132,$12,$120,$0,$61,$75,$58,$-3,$54,$18,$36,$36,$36,$0,$0,$43,44,$0.80,$0.79,$184,$0,$0,$8673,$89,$1529,$567,$337,$2522,$11195,$8851,$757,$90,$847,$9698,$46,$381,$-14,$1497,$11195,$127,$26,$7,$33,$-19,$0,$0,$-15,$-34,$127,$-15,$7,$18,$0,$-326,$-326,$-937,$-1253,$169,$7,$176,$12,$12,$-25,$827,$989,$-137,$11,$-25
8,2016-09-30,53.12,$31.97,1.66,$10.95,4.85,$5.29,10.03,$2.77,19.18,$8.54B,$8.76B,0.98,$0.65B,$1.48B,0.44,$0.46B,$0.42B,92.98%,$0.46B,$0.19B,41.45%,$0.46B,0,0.00%,$0.46B,0,0.00%,$0.46B,$0.18B,39.04%,$0.46B,$0.12B,25.88%,$0.12B,$1.48B,9.21%,$0.12B,$0.91B,14.59%,$0.12B,$10.98B,1.22%,$0.19B,$2.12B,9.39%,$129,$11,$118,$0,$63,$75,$54,$-6,$49,$16,$32,$32,$32,$0,$0,$45,46,$0.71,$0.71,$257,$0,$0,$8535,$85,$1450,$567,$342,$2443,$10978,$8757,$645,$100,$745,$9503,$46,$351,$4,$1476,$10978,$91,$7,$4,$11,$-20,$0,$0,$-3,$-24,$78,$-9,$0,$18,$0,$-210,$-210,$-727,$-928,$57,$5,$62,$7,$7,$-18,$736,$786,$-64,$8,$-18
9,2016-06-30,47.85,$29.92,1.6,$10.42,4.59,$4.49,10.65,$2.68,17.85,$7.59B,$7.37B,1.03,$1.01B,$1.26B,0.8,$0.42B,$0.39B,93.51%,$0.42B,$0.17B,41.59%,$0.42B,0,0.00%,$0.42B,0,0.00%,$0.42B,$0.17B,39.66%,$0.42B,$0.11B,26.44%,$0.11B,$1.26B,9.20%,$0.11B,$0.83B,14.57%,$0.11B,$9.74B,1.21%,$0.17B,$2.28B,8.93%,$116,$9,$108,$0,$59,$69,$48,$-1,$47,$16,$31,$31,$31,$0,$0,$41,42,$0.75,$0.73,$472,$0,$0,$7588,$79,$1334,$436,$299,$2148,$9736,$7370,$1013,$90,$1103,$8474,$42,$326,$5,$1262,$9736,$59,$4,$-1,$3,$-15,$0,$0,$12,$-3,$59,$-5,$0,$0,$0,$-249,$-249,$-536,$-790,$571,$-6,$565,$4,$4,$-12,$324,$881,$151,$5,$-12
10,2016-03-31,47.91,$29.26,1.64,$9.77,4.9,$3.85,12.45,$2.59,18.5,$7.22B,$7.15B,1.01,$0.83B,$1.23B,0.67,$0.38B,$0.35B,93.88%,$0.38B,$0.16B,42.29%,$0.38B,0,0.00%,$0.38B,0,0.00%,$0.38B,$0.15B,40.43%,$0.38B,$0.10B,27.13%,$0.10B,$1.23B,9.36%,$0.10B,$0.79B,14.63%,$0.10B,$9.26B,1.23%,$0.16B,$2.06B,9.22%,$107,$7,$100,$0,$55,$63,$44,$-2,$42,$14,$28,$28,$28,$0,$0,$40,41,$0.70,$0.68,$383,$0,$0,$7219,$79,$1251,$442,$270,$2042,$9261,$7146,$826,$61,$887,$8033,$42,$301,$2,$1229,$9261,$28,$1,$2,$3,$2,$0,$0,$-9,$-7,$24,$-3,$0,$0,$0,$-149,$-149,$-284,$-436,$383,$-16,$367,$3,$3,$-6,$109,$473,$62,$3,$-6
11,2015-12-31,50.01,$28.25,1.77,$9.23,5.42,$3.44,14.52,$2.53,19.77,$6.87B,$7.05B,0.97,$0.44B,$1.16B,0.38,$0.34B,$0.32B,94.44%,$0.34B,$0.15B,43.27%,$0.34B,0,0.00%,$0.34B,0,0.00%,$0.34B,$0.14B,41.81%,$0.34B,$0.10B,28.07%,$0.10B,$1.16B,9.71%,$0.10B,$0.71B,14.88%,$0.10B,$8.72B,1.28%,$0.15B,$1.60B,9.46%,$104,$6,$98,$0,$54,$61,$43,$-2,$40,$14,$27,$27,$27,$0,$0,$37,38,$0.67,$0.64,$321,$0,$0,$6868,$78,$1055,$443,$270,$1846,$8715,$7053,$442,$64,$506,$7559,$41,$279,$-3,$1156,$8715,$96,$16,$-3,$12,$-13,$0,$0,$-10,$-23,$85,$-10,$0,$6,$0,$-77,$-77,$-661,$-743,$51,$-33,$18,$4,$4,$-18,$787,$791,$133,$7,$-18
12,2015-09-30,48.01,$27.80,1.73,$8.41,5.71,$4.02,11.94,$2.41,19.92,$6.69B,$6.67B,1.0,$0.69B,$1.13B,0.61,$0.31B,$0.29B,94.77%,$0.31B,$0.13B,43.46%,$0.31B,0,0.00%,$0.31B,0,0.00%,$0.31B,$0.13B,42.81%,$0.31B,$0.09B,28.76%,$0.09B,$1.13B,9.77%,$0.09B,$0.69B,14.53%,$0.09B,$8.55B,1.28%,$0.13B,$1.82B,9.25%,$89,$5,$83,$0,$44,$50,$38,$-2,$36,$12,$24,$24,$24,$0,$0,$38,39,$0.64,$0.62,$327,$0,$0,$6689,$82,$1086,$441,$252,$1860,$8549,$6670,$688,$57,$744,$7415,$41,$257,$1,$1134,$8549,$69,$8,$-7,$1,$-33,$0,$0,$-2,$-35,$35,$-7,$0,$6,$0,$-105,$-105,$-449,$-556,$334,$-44,$290,$5,$-32,$-13,$415,$660,$139,$5,$-13
13,2015-06-30,52.71,$23.39,2.25,$7.99,6.59,$4.92,10.7,$2.31,22.82,$5.09B,$5.06B,1.01,$0.58B,$0.84B,0.69,$0.28B,$0.27B,95.05%,$0.28B,$0.12B,43.11%,$0.28B,0,0.00%,$0.28B,0,0.00%,$0.28B,$0.12B,43.11%,$0.28B,$0.08B,28.98%,$0.08B,$0.84B,10.09%,$0.08B,$0.60B,14.48%,$0.08B,$6.52B,1.33%,$0.12B,$1.42B,9.71%,$76,$4,$72,$0,$38,$42,$34,$-0,$34,$11,$23,$23,$23,$0,$0,$35,36,$0.65,$0.64,$273,$0,$0,$5086,$74,$923,$246,$188,$1430,$6517,$5056,$579,$40,$619,$5675,$36,$237,$0,$841,$6517,$45,$7,$-4,$3,$-18,$0,$0,$-1,$-18,$29,$-6,$0,$0,$0,$-153,$-153,$-248,$-406,$288,$-32,$255,$3,$3,$-9,$212,$462,$85,$3,$-9
14,2015-03-31,42.99,$22.98,1.87,$7.67,5.61,$4.89,8.8,$2.16,19.9,$4.92B,$4.86B,1.01,$0.59B,$0.82B,0.72,$0.27B,$0.26B,95.19%,$0.27B,$0.11B,42.22%,$0.27B,0,0.00%,$0.27B,0,0.00%,$0.27B,$0.11B,42.22%,$0.27B,$0.08B,28.15%,$0.08B,$0.82B,9.58%,$0.08B,$0.58B,13.91%,$0.08B,$6.31B,1.27%,$0.11B,$1.42B,9.84%,$73,$3,$70,$0,$37,$41,$33,$0,$33,$11,$22,$22,$22,$0,$0,$35,35,$0.62,$0.62,$294,$0,$0,$4918,$71,$887,$246,$192,$1396,$6314,$4858,$591,$41,$632,$5490,$36,$219,$6,$824,$6314,$22,$3,$-2,$1,$-5,$0,$0,$-13,$-18,$5,$-1,$0,$0,$0,$-111,$-111,$-66,$-177,$299,$-26,$273,$1,$1,$-4,$8,$278,$106,$2,$-4
15,2014-12-31,38.11,$22.46,1.7,$7.38,5.17,$5.14,7.42,$2.01,18.96,$4.74B,$4.88B,0.97,$0.29B,$0.80B,0.36,$0.26B,$0.25B,94.98%,$0.26B,$0.11B,40.93%,$0.26B,0,0.00%,$0.26B,0,0.00%,$0.26B,$0.11B,40.93%,$0.26B,$0.07B,27.03%,$0.07B,$0.80B,9.06%,$0.07B,$0.56B,13.31%,$0.07B,$6.02B,1.20%,$0.11B,$1.09B,10.07%,$68,$3,$65,$0,$36,$40,$28,$0,$28,$10,$19,$19,$19,$0,$0,$35,35,$0.55,$0.53,$188,$0,$0,$4742,$72,$809,$246,$150,$1277,$6018,$4877,$292,$47,$338,$5216,$36,$201,$4,$803,$6018,$70,$14,$8,$21,$-1,$0,$0,$4,$3,$95,$-6,$0,$0,$0,$-27,$-27,$-455,$-488,$102,$24,$126,$6,$6,$-11,$251,$372,$-21,$5,$-11
16,2014-09-30,34.73,$21.93,1.58,$7.21,4.82,$6.11,5.68,$1.92,18.09,$4.61B,$4.73B,0.98,$0.31B,$0.78B,0.4,$0.25B,$0.24B,94.44%,$0.25B,$0.10B,40.08%,$0.25B,0,0.00%,$0.25B,0,0.00%,$0.25B,$0.10B,40.08%,$0.25B,$0.07B,26.19%,$0.07B,$0.78B,8.76%,$0.07B,$0.54B,13.05%,$0.07B,$5.87B,1.16%,$0.10B,$1.09B,10.02%,$66,$3,$62,$0,$35,$38,$27,$0,$27,$9,$18,$18,$18,$0,$0,$35,35,$0.52,$0.52,$218,$0,$0,$4609,$72,$787,$247,$152,$1257,$5866,$4728,$312,$44,$356,$5084,$36,$185,$3,$782,$5866,$52,$10,$4,$14,$-6,$0,$0,$1,$-5,$61,$-4,$0,$0,$0,$-8,$-8,$-284,$-296,$123,$-6,$117,$4,$4,$-9,$130,$244,$9,$4,$-9
17,2014-06-30,37.89,$21.47,1.76,$7.06,5.37,$7.24,5.23,$1.82,20.82,$4.50B,$4.71B,0.96,$0.27B,$0.76B,0.35,$0.25B,$0.23B,94.31%,$0.25B,$0.10B,39.02%,$0.25B,0,0.00%,$0.25B,0,0.00%,$0.25B,$0.10B,39.02%,$0.25B,$0.06B,25.61%,$0.06B,$0.76B,8.57%,$0.06B,$0.52B,12.91%,$0.06B,$5.79B,1.13%,$0.10B,$1.03B,9.94%,$63,$3,$60,$0,$34,$37,$26,$0,$26,$8,$17,$17,$17,$0,$0,$35,35,$0.49,$0.49,$211,$0,$0,$4500,$73,$816,$247,$153,$1288,$5789,$4714,$268,$42,$310,$5024,$36,$170,$3,$764,$5789,$34,$7,$2,$9,$-12,$0,$0,$-6,$-17,$25,$-3,$0,$0,$0,$-35,$-35,$-172,$-210,$79,$-8,$71,$3,$3,$-6,$119,$187,$2,$3,$-6
18,2014-03-31,35.9,$20.88,1.72,$6.97,5.15,$8.11,4.42,$1.75,20.51,$4.32B,$4.57B,0.95,$0.25B,$0.74B,0.34,$0.24B,$0.23B,93.80%,$0.24B,$0.09B,37.60%,$0.24B,0,0.00%,$0.24B,0,0.00%,$0.24B,$0.09B,37.60%,$0.24B,$0.06B,24.79%,$0.06B,$0.74B,8.35%,$0.06B,$0.50B,12.75%,$0.06B,$5.60B,1.09%,$0.09B,$0.99B,9.21%,$62,$3,$59,$0,$34,$38,$25,$0,$25,$8,$16,$16,$16,$0,$0,$35,35,$0.47,$0.47,$171,$0,$0,$4316,$72,$807,$247,$158,$1285,$5601,$4569,$249,$40,$289,$4858,$36,$156,$-0,$742,$5601,$16,$3,$1,$4,$-1,$0,$0,$-6,$-7,$13,$-1,$0,$0,$0,$-34,$-34,$-40,$-75,$59,$-2,$57,$1,$1,$-3,$-32,$24,$-38,$1,$-3
19,2013-12-31,31.07,$20.55,1.51,$6.92,4.49,$8.41,3.69,$1.67,18.61,$4.31B,$4.61B,0.94,$0.19B,$0.72B,0.26,$0.24B,$0.22B,93.31%,$0.24B,$0.09B,35.98%,$0.24B,0,0.00%,$0.24B,0,0.00%,$0.24B,$0.09B,35.98%,$0.24B,$0.06B,23.85%,$0.06B,$0.72B,8.07%,$0.06B,$0.48B,12.45%,$0.06B,$5.56B,1.07%,$0.09B,$0.91B,8.69%,$61,$3,$57,$0,$35,$38,$23,$0,$23,$7,$15,$15,$15,$0,$0,$34,35,$0.44,$0.44,$209,$0,$0,$4314,$73,$766,$247,$163,$1250,$5564,$4605,$189,$46,$235,$4840,$35,$142,$-4,$724,$5564,$58,$14,$18,$32,$28,$0,$0,$9,$37,$126,$-5,$0,$0,$0,$-73,$-73,$-486,$-565,$7,$-44,$-37,$3,$3,$-3,$519,$482,$44,$4,$-3
20,2013-09-30,28.4,$20.27,1.4,$6.91,4.11,$8.04,3.53,$1.57,18.09,$4.15B,$4.42B,0.94,$0.22B,$0.71B,0.3,$0.24B,$0.22B,92.86%,$0.24B,$0.08B,34.03%,$0.24B,0,0.00%,$0.24B,0,0.00%,$0.24B,$0.08B,34.03%,$0.24B,$0.05B,22.69%,$0.05B,$0.71B,7.77%,$0.05B,$0.46B,12.10%,$0.05B,$5.39B,1.03%,$0.08B,$0.93B,8.29%,$60,$4,$56,$0,$34,$38,$22,$0,$22,$7,$15,$15,$15,$0,$0,$34,35,$0.43,$0.42,$211,$0,$0,$4146,$74,$774,$248,$148,$1245,$5391,$4419,$215,$46,$260,$4679,$35,$130,$-0,$712,$5391,$42,$10,$13,$23,$24,$0,$0,$10,$34,$100,$-4,$0,$0,$0,$-72,$-72,$-299,$-376,$33,$-31,$2,$1,$1,$0,$319,$322,$46,$3,$0
21,2013-06-30,24.5,$19.86,1.23,$6.83,3.59,$7.70,3.18,$1.48,16.55,$4.14B,$4.22B,0.98,$0.43B,$0.70B,0.61,$0.24B,$0.22B,91.91%,$0.24B,$0.08B,31.91%,$0.24B,0,0.00%,$0.24B,0,0.00%,$0.24B,$0.08B,31.91%,$0.24B,$0.05B,21.28%,$0.05B,$0.70B,7.30%,$0.05B,$0.45B,11.47%,$0.05B,$5.37B,0.98%,$0.08B,$1.12B,7.59%,$59,$4,$55,$0,$33,$38,$21,$0,$21,$7,$14,$14,$14,$0,$0,$34,34,$0.42,$0.42,$241,$0,$0,$4141,$76,$758,$248,$149,$1232,$5373,$4215,$426,$36,$462,$4677,$35,$115,$0,$697,$5373,$28,$7,$9,$16,$13,$0,$0,$-2,$11,$55,$-3,$0,$0,$0,$-53,$-53,$-251,$-307,$244,$3,$246,$1,$1,$0,$82,$328,$76,$2,$0
22,2013-03-31,22.26,$19.74,1.13,$6.74,3.3,$7.78,2.86,$1.29,17.25,$3.85B,$4.03B,0.96,$0.31B,$0.69B,0.44,$0.23B,$0.21B,90.95%,$0.23B,$0.07B,30.17%,$0.23B,0,0.00%,$0.23B,0,0.00%,$0.23B,$0.07B,30.17%,$0.23B,$0.04B,18.97%,$0.04B,$0.69B,6.51%,$0.04B,$0.44B,10.32%,$0.04B,$5.07B,0.88%,$0.07B,$1.00B,7.21%,$59,$4,$55,$0,$34,$39,$20,$0,$20,$7,$13,$13,$13,$0,$0,$34,34,$0.40,$0.39,$100,$0,$0,$3850,$76,$751,$249,$145,$1221,$5071,$4033,$306,$40,$346,$4380,$35,$101,$11,$691,$5071,$13,$3,$2,$5,$11,$0,$0,$-5,$6,$24,$-1,$0,$0,$0,$-22,$-22,$-93,$-116,$124,$14,$139,$0,$0,$0,$-112,$27,$-66,$1,$0
23,2012-12-31,17.95,$19.57,0.92,$6.64,2.7,$8.32,2.16,$1.11,16.17,$3.86B,$4.13B,0.94,$0.18B,$0.68B,0.27,$0.23B,$0.21B,89.52%,$0.23B,$0.06B,27.51%,$0.23B,0,0.00%,$0.23B,0,0.00%,$0.23B,$0.06B,27.51%,$0.23B,$0.04B,16.59%,$0.04B,$0.68B,5.57%,$0.04B,$0.43B,8.79%,$0.04B,$5.04B,0.77%,$0.06B,$0.86B,6.42%,$60,$5,$55,$0,$37,$42,$18,$0,$18,$6,$12,$12,$12,$0,$0,$34,34,$0.35,$0.33,$165,$0,$0,$3864,$76,$734,$249,$117,$1176,$5041,$4131,$182,$48,$230,$4361,$35,$87,$13,$679,$5041,$42,$17,$19,$36,$-6,$0,$0,$42,$36,$114,$-6,$0,$0,$0,$196,$196,$-441,$-250,$-141,$-17,$-158,$0,$-71,$-2,$361,$129,$-7,$4,$0
24,2012-09-30,18.41,$19.39,0.95,$6.54,2.82,$8.43,2.18,$0.94,19.58,$3.66B,$3.86B,0.95,$0.30B,$0.67B,0.44,$0.23B,$0.20B,88.44%,$0.23B,$0.05B,24.00%,$0.23B,0,0.00%,$0.23B,0,0.00%,$0.23B,$0.05B,24.00%,$0.23B,$0.03B,14.22%,$0.03B,$0.67B,4.64%,$0.03B,$0.42B,7.29%,$0.03B,$4.87B,0.66%,$0.05B,$0.97B,5.27%,$57,$6,$51,$0,$34,$41,$16,$0,$16,$5,$11,$11,$11,$0,$0,$34,35,$0.33,$0.33,$148,$0,$0,$3659,$75,$765,$250,$123,$1212,$4871,$3856,$298,$45,$343,$4199,$35,$76,$19,$673,$4871,$30,$13,$18,$31,$-4,$0,$0,$28,$24,$86,$-3,$0,$0,$0,$174,$174,$-251,$-79,$-26,$3,$-23,$-0,$-71,$-2,$65,$-31,$-24,$4,$0
25,2012-06-30,18.59,$19.01,0.98,$6.57,2.83,$8.54,2.18,$1.33,13.98,$3.64B,$3.84B,0.95,$0.39B,$0.66B,0.6,$0.23B,$0.20B,87.11%,$0.23B,$0.05B,20.89%,$0.23B,0,0.00%,$0.23B,0,0.00%,$0.23B,$0.05B,20.89%,$0.23B,$0.05B,20.44%,$0.05B,$0.66B,6.54%,$0.05B,$0.41B,10.19%,$0.05B,$4.93B,0.95%,$0.05B,$1.05B,4.57%,$56,$6,$50,$0,$34,$40,$16,$0,$16,$5,$10,$10,$8,$0,$0,$34,34,$0.23,$0.23,$211,$0,$0,$3637,$76,$836,$251,$132,$1295,$4932,$3839,$393,$40,$434,$4273,$35,$64,$17,$659,$4932,$19,$9,$13,$22,$-1,$0,$0,$16,$15,$56,$-2,$0,$0,$0,$102,$102,$-167,$-66,$70,$-4,$66,$1,$-71,$-2,$55,$49,$39,$3,$0
26,2012-03-31,17.48,$20.76,0.84,$6.63,2.64,$8.85,1.97,$1.24,14.1,$3.44B,$3.71B,0.93,$0.32B,$0.65B,0.5,$0.23B,$0.19B,85.46%,$0.23B,$0.04B,16.74%,$0.23B,0,0.00%,$0.23B,0,0.00%,$0.23B,$0.04B,16.74%,$0.23B,$0.04B,18.94%,$0.04B,$0.72B,6.03%,$0.04B,$0.47B,9.33%,$0.04B,$4.79B,0.89%,$0.04B,$1.04B,3.83%,$56,$6,$49,$0,$36,$43,$13,$0,$13,$4,$8,$8,$7,$0,$0,$34,34,$0.21,$0.21,$132,$0,$0,$3438,$76,$885,$251,$139,$1351,$4790,$3708,$324,$39,$363,$4071,$35,$57,$16,$719,$4790,$8,$5,$5,$9,$12,$0,$0,$13,$25,$42,$-1,$0,$0,$0,$54,$54,$-55,$-2,$-0,$-14,$-14,$0,$0,$-1,$-66,$-80,$-40,$1,$0
27,2011-12-31,15.39,$20.67,0.74,$6.65,2.31,$8.69,1.77,$1.09,14.12,$3.44B,$3.79B,0.91,$0.32B,$0.64B,0.51,$0.23B,$0.19B,83.26%,$0.23B,$0.03B,12.78%,$0.23B,0,0.00%,$0.23B,0,0.00%,$0.23B,$0.03B,12.78%,$0.23B,$0.04B,16.74%,$0.04B,$0.71B,5.40%,$0.04B,$0.46B,8.43%,$0.04B,$4.86B,0.78%,$0.03B,$1.03B,3.04%,$56,$7,$49,$0,$39,$47,$9,$0,$9,$1,$8,$8,$6,$0,$0,$33,34,$0.17,$0.17,$172,$0,$0,$3440,$77,$942,$252,$153,$1424,$4864,$3788,$324,$42,$366,$4154,$34,$50,$17,$710,$4864,$44,$19,$17,$35,$-19,$0,$0,$53,$34,$113,$-2,$0,$0,$0,$133,$133,$-145,$-13,$105,$-15,$90,$1,$-23,$-5,$-179,$-116,$-16,$5,$0
28,2011-09-30,10.42,$21.11,0.49,$6.76,1.54,$9.09,1.15,$0.99,10.53,$3.39B,$3.84B,0.88,$0.26B,$0.63B,0.41,$0.23B,$0.19B,80.79%,$0.23B,$0.02B,10.04%,$0.23B,0,0.00%,$0.23B,0,0.00%,$0.23B,$0.02B,10.04%,$0.23B,$0.03B,14.85%,$0.03B,$0.72B,4.89%,$0.03B,$0.47B,7.69%,$0.03B,$4.87B,0.70%,$0.02B,$0.98B,2.50%,$57,$9,$48,$0,$39,$48,$9,$0,$9,$-17,$26,$26,$25,$0,$0,$33,34,$0.74,$0.72,$181,$0,$0,$3386,$79,$986,$253,$166,$1482,$4869,$3844,$259,$42,$300,$4145,$34,$44,$16,$724,$4869,$36,$14,$10,$24,$-8,$0,$0,$35,$27,$87,$-2,$0,$0,$0,$87,$87,$-80,$6,$40,$-17,$22,$1,$1,$-4,$-120,$-101,$-8,$4,$0
29,2011-06-30,14.83,$20.48,0.72,$6.85,2.17,$9.12,1.63,$0.29,51.12,$3.38B,$3.89B,0.87,$0.21B,$0.61B,0.34,$0.23B,$0.18B,78.79%,$0.23B,$0.02B,6.93%,$0.23B,0,0.00%,$0.23B,0,0.00%,$0.23B,$0.02B,6.93%,$0.23B,$0.01B,4.33%,$0.01B,$0.70B,1.46%,$0.01B,$0.45B,2.32%,$0.01B,$4.83B,0.20%,$0.02B,$0.91B,1.78%,$58,$10,$48,$0,$40,$51,$7,$0,$7,$0,$6,$6,$5,$0,$0,$33,34,$0.14,$0.14,$216,$0,$0,$3376,$80,$968,$253,$153,$1455,$4831,$3889,$209,$34,$243,$4132,$34,$20,$17,$699,$4831,$10,$9,$20,$30,$2,$0,$0,$24,$26,$66,$-1,$0,$0,$0,$101,$101,$-32,$67,$-10,$-22,$-32,$0,$0,$-2,$-71,$-105,$28,$3,$0
30,2011-03-31,15.76,$19.96,0.79,$7.04,2.24,$8.79,1.79,$-0.70,0.0,$3.31B,$3.90B,0.85,$0.21B,$0.59B,0.35,$0.23B,$0.18B,76.92%,$0.23B,$-0.01B,-5.13%,$0.23B,0,0.00%,$0.23B,0,0.00%,$0.23B,$-0.01B,-5.13%,$0.23B,$-0.02B,-9.83%,$-0.02B,$0.68B,-3.37%,$-0.02B,$0.43B,-5.39%,$-0.02B,$4.82B,-0.47%,$-0.01B,$0.89B,-1.33%,$56,$11,$44,$0,$40,$52,$4,$0,$4,$0,$4,$4,$2,$0,$0,$33,34,$0.06,$0.06,$141,$0,$0,$3305,$82,$1027,$254,$154,$1516,$4821,$3901,$209,$30,$239,$4140,$34,$15,$5,$681,$4821,$4,$5,$11,$16,$7,$0,$0,$9,$17,$36,$-1,$0,$0,$0,$32,$32,$-21,$9,$-10,$19,$9,$0,$0,$-1,$-101,$-93,$-48,$1,$0
31,2010-12-31,12.94,$20.00,0.65,$7.29,1.78,$8.80,1.47,$-0.92,0.0,$3.35B,$3.99B,0.84,$0.22B,$0.59B,0.37,$0.24B,$0.18B,75.73%,$0.24B,$-0.02B,-8.37%,$0.24B,0,0.00%,$0.24B,0,0.00%,$0.24B,$-0.02B,-8.37%,$0.24B,$-0.03B,-12.55%,$-0.03B,$0.68B,-4.37%,$-0.03B,$0.42B,-6.96%,$-0.03B,$4.91B,-0.60%,$-0.02B,$0.90B,-2.18%,$58,$13,$45,$0,$41,$55,$3,$0,$3,$-1,$4,$4,$2,$0,$0,$33,33,$0.06,$0.06,$189,$0,$0,$3351,$82,$1061,$255,$160,$1558,$4909,$3985,$219,$28,$247,$4232,$34,$13,$6,$677,$4909,$-24,$17,$98,$115,$-4,$0,$0,$42,$38,$130,$-10,$0,$0,$0,$-80,$-80,$194,$104,$-91,$-129,$-220,$3,$3,$-5,$10,$-212,$22,$4,$0
32,2010-09-30,8.76,$20.40,0.43,$7.71,1.14,$7.65,1.14,$-1.11,0.0,$3.46B,$4.02B,0.86,$0.22B,$0.60B,0.37,$0.24B,$0.18B,74.49%,$0.24B,$-0.03B,-11.93%,$0.24B,0,0.00%,$0.24B,0,0.00%,$0.24B,$-0.03B,-11.93%,$0.24B,$-0.04B,-14.81%,$-0.04B,$0.69B,-5.20%,$-0.04B,$0.43B,-8.26%,$-0.04B,$4.96B,-0.72%,$-0.03B,$0.91B,-3.07%,$59,$15,$45,$0,$42,$57,$2,$0,$2,$0,$2,$2,$1,$0,$0,$33,34,$0.02,$0.02,$251,$0,$0,$3457,$83,$1011,$256,$156,$1505,$4962,$4023,$219,$33,$252,$4275,$34,$11,$19,$687,$4962,$-28,$12,$86,$98,$-9,$0,$0,$32,$23,$93,$-8,$0,$0,$0,$-14,$-14,$187,$165,$-91,$-84,$-175,$2,$2,$-4,$2,$-174,$84,$3,$0
33,2010-06-30,12.24,$20.40,0.6,$7.80,1.57,$7.01,1.75,$-1.28,0.0,$3.53B,$4.02B,0.88,$0.23B,$0.59B,0.39,$0.24B,$0.18B,72.95%,$0.24B,$-0.04B,-15.57%,$0.24B,0,0.00%,$0.24B,0,0.00%,$0.24B,$-0.04B,-15.57%,$0.24B,$-0.04B,-17.21%,$-0.04B,$0.68B,-6.02%,$-0.04B,$0.43B,-9.52%,$-0.04B,$4.96B,-0.83%,$-0.04B,$0.91B,-3.89%,$61,$15,$46,$0,$66,$82,$-21,$0,$-21,$6,$-26,$-26,$-28,$0,$0,$33,33,$-0.85,$-0.85,$239,$0,$0,$3525,$83,$948,$256,$146,$1434,$4958,$4019,$229,$29,$258,$4277,$33,$10,$18,$682,$4958,$-30,$8,$72,$80,$-9,$0,$0,$17,$7,$57,$-6,$0,$0,$0,$47,$47,$143,$184,$-81,$-116,$-197,$1,$1,$-2,$30,$-169,$72,$2,$0
34,2010-03-31,14.4,$21.00,0.69,$8.34,1.73,$6.59,2.19,$-1.76,0.0,$3.52B,$4.04B,0.87,$0.26B,$0.61B,0.42,$0.24B,$0.17B,70.90%,$0.24B,$-0.07B,-29.51%,$0.24B,0,0.00%,$0.24B,0,0.00%,$0.24B,$-0.07B,-29.51%,$0.24B,$-0.05B,-19.26%,$-0.05B,$0.70B,-6.68%,$-0.05B,$0.44B,-10.55%,$-0.05B,$5.02B,-0.93%,$-0.07B,$0.96B,-7.15%,$61,$16,$45,$0,$49,$66,$-4,$0,$-4,$-1,$-4,$-4,$-5,$0,$0,$33,33,$-0.16,$-0.16,$95,$0,$0,$3515,$83,$1031,$257,$136,$1507,$5022,$4043,$255,$23,$278,$4321,$33,$38,$10,$700,$5022,$-4,$4,$17,$21,$1,$0,$0,$20,$20,$38,$-4,$0,$0,$0,$-49,$-49,$62,$9,$-55,$-75,$-130,$1,$1,$-1,$13,$-118,$-71,$1,$0
35,2009-12-31,13.55,$21.22,0.64,$8.99,1.51,$6.13,2.21,$-1.57,0.0,$3.67B,$4.11B,0.89,$0.31B,$0.61B,0.51,$0.25B,$0.17B,69.11%,$0.25B,$-0.07B,-26.42%,$0.25B,0,0.00%,$0.25B,0,0.00%,$0.25B,$-0.07B,-26.42%,$0.25B,$-0.04B,-16.67%,$-0.04B,$0.70B,-5.97%,$-0.04B,$0.44B,-9.59%,$-0.04B,$5.13B,-0.81%,$-0.07B,$1.01B,-6.46%,$62,$17,$45,$0,$51,$68,$-6,$0,$-6,$-3,$-2,$-2,$-4,$0,$0,$28,28,$-0.01,$-0.01,$167,$0,$0,$3670,$81,$978,$258,$143,$1459,$5129,$4106,$310,$12,$322,$4428,$33,$43,$7,$701,$5129,$-36,$16,$96,$111,$18,$0,$0,$-3,$14,$90,$-19,$0,$0,$0,$-92,$-92,$-330,$-441,$11,$20,$30,$110,$110,$-4,$291,$427,$76,$3,$0
36,2009-09-30,12.11,$21.55,0.56,$9.36,1.29,$4.75,2.55,$-1.14,0.0,$3.68B,$4.04B,0.91,$0.32B,$0.62B,0.52,$0.25B,$0.16B,66.53%,$0.25B,$-0.05B,-19.18%,$0.25B,0,0.00%,$0.25B,0,0.00%,$0.25B,$-0.05B,-19.18%,$0.25B,$-0.03B,-11.84%,$-0.03B,$0.71B,-4.34%,$-0.03B,$0.45B,-7.10%,$-0.03B,$5.10B,-0.58%,$-0.05B,$1.03B,-4.77%,$60,$18,$42,$0,$49,$67,$-7,$0,$-7,$-4,$-3,$-3,$-5,$0,$0,$32,32,$-0.15,$-0.15,$121,$0,$0,$3679,$74,$970,$259,$112,$1415,$5095,$4044,$320,$21,$341,$4385,$33,$47,$14,$710,$5095,$-33,$11,$76,$88,$10,$0,$0,$8,$18,$72,$-10,$0,$0,$0,$-73,$-73,$-333,$-416,$21,$-40,$-19,$110,$110,$-3,$287,$374,$31,$2,$0
37,2009-06-30,12.69,$21.37,0.59,$10.00,1.27,$4.38,2.9,$-0.63,0.0,$3.63B,$3.99B,0.91,$0.33B,$0.62B,0.53,$0.25B,$0.16B,65.04%,$0.25B,$-0.03B,-10.98%,$0.25B,0,0.00%,$0.25B,0,0.00%,$0.25B,$-0.03B,-11.38%,$0.25B,$-0.02B,-6.10%,$-0.02B,$0.70B,-2.42%,$-0.02B,$0.44B,-4.19%,$-0.02B,$5.04B,-0.31%,$-0.03B,$1.03B,-2.90%,$61,$20,$41,$0,$95,$115,$-55,$0,$-55,$-23,$-32,$-32,$-33,$0,$0,$25,25,$-1.33,$-1.33,$110,$0,$0,$3634,$69,$963,$259,$111,$1403,$5037,$3986,$326,$22,$347,$4333,$33,$52,$4,$704,$5037,$-30,$8,$55,$63,$-3,$0,$0,$1,$-1,$32,$-4,$0,$0,$0,$-81,$-81,$-250,$-334,$26,$-41,$-14,$110,$110,$-2,$229,$322,$19,$2,$0
38,2009-03-31,22.59,$26.25,0.86,$10.02,2.25,$4.06,5.56,$1.04,21.72,$3.62B,$3.97B,0.91,$0.32B,$0.54B,0.59,$0.24B,$0.16B,64.20%,$0.24B,$0.04B,16.46%,$0.24B,0,0.00%,$0.24B,0,0.00%,$0.24B,$0.04B,15.64%,$0.24B,$0.03B,10.70%,$0.03B,$0.63B,4.61%,$0.03B,$0.37B,8.58%,$0.03B,$4.95B,0.57%,$0.04B,$0.95B,4.64%,$63,$21,$42,$0,$38,$60,$3,$0,$3,$1,$2,$2,$1,$0,$0,$24,25,$0.03,$0.03,$153,$0,$0,$3624,$69,$904,$260,$95,$1328,$4952,$3970,$319,$31,$350,$4321,$24,$85,$9,$632,$4952,$2,$3,$7,$10,$1,$0,$0,$3,$4,$16,$-2,$0,$0,$0,$-14,$-14,$-129,$-145,$20,$-46,$-26,$1,$1,$-1,$218,$191,$63,$1,$0
39,2008-12-31,28.4,$26.40,1.08,$10.07,2.82,$3.73,7.62,$1.27,22.37,$3.45B,$3.80B,0.91,$0.30B,$0.54B,0.56,$0.24B,$0.15B,62.24%,$0.24B,$0.05B,20.33%,$0.24B,0,0.00%,$0.24B,0,0.00%,$0.24B,$0.04B,18.26%,$0.24B,$0.03B,12.86%,$0.03B,$0.63B,5.91%,$0.03B,$0.37B,11.72%,$0.03B,$4.75B,0.73%,$0.05B,$0.93B,6.08%,$61,$23,$38,$0,$25,$50,$12,$-1,$12,$4,$8,$8,$8,$0,$0,$23,24,$0.33,$0.31,$90,$0,$0,$3452,$69,$883,$261,$89,$1302,$4754,$3798,$299,$30,$329,$4127,$24,$84,$7,$627,$4754,$31,$8,$10,$18,$-15,$0,$0,$-1,$-15,$34,$-7,$0,$-4,$0,$-325,$-325,$-637,$-972,$115,$60,$175,$25,$120,$0,$611,$906,$-32,$2,$0
40,2008-09-30,29.35,$21.63,1.36,$10.42,2.82,$3.20,9.16,$1.29,22.75,$3.29B,$3.50B,0.94,$0.31B,$0.51B,0.59,$0.23B,$0.14B,61.30%,$0.23B,$0.05B,20.00%,$0.23B,0,0.00%,$0.23B,0,0.00%,$0.23B,$0.04B,17.83%,$0.23B,$0.03B,12.61%,$0.03B,$0.51B,5.98%,$0.03B,$0.25B,12.92%,$0.03B,$4.34B,0.72%,$0.05B,$0.82B,6.24%,$61,$23,$39,$0,$24,$48,$13,$-1,$12,$3,$9,$9,$9,$0,$0,$23,24,$0.38,$0.36,$91,$0,$0,$3292,$67,$654,$261,$63,$1046,$4338,$3502,$305,$18,$323,$3825,$24,$76,$-4,$513,$4338,$23,$5,$6,$12,$-4,$0,$0,$11,$7,$41,$-3,$0,$-4,$0,$-114,$-114,$-472,$-593,$121,$3,$123,$25,$25,$0,$373,$521,$-31,$2,$0
41,2008-06-30,19.14,$21.33,0.9,$10.55,1.81,$2.72,7.05,$1.28,14.95,$3.18B,$3.34B,0.95,$0.27B,$0.48B,0.56,$0.21B,$0.13B,59.15%,$0.21B,$0.04B,19.25%,$0.21B,0,0.00%,$0.21B,0,0.00%,$0.21B,$0.04B,17.37%,$0.21B,$0.03B,12.21%,$0.03B,$0.48B,6.11%,$0.03B,$0.22B,13.05%,$0.03B,$4.11B,0.73%,$0.04B,$0.75B,6.58%,$58,$21,$37,$0,$24,$46,$12,$-1,$11,$3,$8,$8,$8,$0,$0,$22,24,$0.36,$0.34,$145,$0,$0,$3178,$67,$546,$259,$55,$928,$4106,$3344,$270,$11,$280,$3624,$23,$68,$-2,$482,$4106,$14,$3,$5,$8,$-5,$0,$0,$4,$-2,$21,$-2,$0,$0,$0,$-3,$-3,$-297,$-302,$86,$-13,$73,$2,$2,$0,$229,$304,$23,$1,$0
42,2008-03-31,24.39,$21.24,1.15,$10.57,2.31,$2.46,9.92,$1.27,19.21,$2.98B,$3.15B,0.95,$0.25B,$0.48B,0.53,$0.20B,$0.11B,57.14%,$0.20B,$0.04B,18.88%,$0.20B,0,0.00%,$0.20B,0,0.00%,$0.20B,$0.03B,17.35%,$0.20B,$0.02B,11.73%,$0.02B,$0.48B,6.20%,$0.02B,$0.22B,12.87%,$0.02B,$3.89B,0.74%,$0.04B,$0.73B,7.10%,$61,$25,$36,$0,$23,$49,$12,$-3,$9,$3,$6,$6,$6,$0,$0,$22,23,$0.27,$0.26,$116,$0,$0,$2983,$69,$530,$260,$47,$906,$3889,$3148,$251,$13,$264,$3412,$22,$60,$3,$477,$3889,$6,$1,$4,$5,$-2,$0,$0,$-0,$-2,$8,$-3,$0,$0,$0,$22,$22,$-120,$-100,$67,$-25,$42,$1,$1,$0,$43,$86,$-6,$0,$0
43,2007-12-31,24.22,$20.96,1.16,$10.32,2.35,$2.13,11.38,$1.35,17.94,$2.87B,$3.13B,0.92,$0.18B,$0.47B,0.4,$0.17B,$0.10B,56.32%,$0.17B,$0.03B,18.97%,$0.17B,0,0.00%,$0.17B,0,0.00%,$0.17B,$0.03B,18.97%,$0.17B,$0.02B,13.22%,$0.02B,$0.47B,7.24%,$0.02B,$0.21B,14.47%,$0.02B,$3.79B,0.86%,$0.03B,$0.65B,7.78%,$50,$21,$29,$0,$19,$41,$9,$0,$9,$2,$6,$6,$6,$0,$0,$16,17,$0.35,$0.32,$123,$0,$0,$2873,$68,$545,$261,$46,$921,$3794,$3132,$184,$12,$196,$3328,$22,$54,$-1,$467,$3794,$23,$4,$11,$15,$-2,$0,$0,$-19,$-22,$16,$-6,$0,$38,$0,$-27,$-27,$-391,$-386,$18,$34,$52,$1,$1,$0,$346,$399,$30,$2,$0
44,2007-09-30,27.46,$17.66,1.56,$9.95,2.76,$2.01,13.66,$1.36,20.19,$1.81B,$2.00B,0.91,$0.09B,$0.28B,0.32,$0.16B,$0.09B,56.17%,$0.16B,$0.03B,19.75%,$0.16B,0,0.00%,$0.16B,0,0.00%,$0.16B,$0.03B,19.75%,$0.16B,$0.02B,14.20%,$0.02B,$0.28B,8.69%,$0.02B,$0.15B,16.43%,$0.02B,$2.37B,1.02%,$0.03B,$0.36B,9.10%,$44,$19,$24,$0,$15,$35,$8,$0,$8,$3,$6,$6,$6,$0,$0,$16,17,$0.37,$0.35,$81,$0,$0,$1812,$38,$370,$124,$24,$556,$2368,$1998,$87,$8,$95,$2093,$16,$48,$-2,$275,$2368,$17,$2,$6,$8,$-0,$0,$0,$-2,$-2,$23,$-5,$0,$0,$0,$-8,$-8,$-233,$-246,$-18,$24,$6,$1,$1,$0,$205,$212,$-11,$2,$0
45,2007-06-30,27.98,$17.06,1.64,$9.46,2.96,$0.73,38.45,$1.33,21.03,$1.77B,$1.96B,0.9,$0.08B,$0.27B,0.3,$0.15B,$0.09B,57.79%,$0.15B,$0.03B,20.78%,$0.15B,0,0.00%,$0.15B,0,0.00%,$0.15B,$0.03B,20.78%,$0.15B,$0.02B,14.29%,$0.02B,$0.27B,8.52%,$0.02B,$0.14B,16.57%,$0.02B,$2.32B,1.01%,$0.03B,$0.34B,9.32%,$41,$18,$23,$0,$15,$33,$8,$0,$8,$2,$5,$5,$5,$0,$0,$15,17,$0.35,$0.33,$106,$0,$0,$1768,$38,$357,$125,$28,$547,$2315,$1964,$78,$8,$86,$2050,$16,$42,$-5,$265,$2315,$11,$1,$2,$3,$0,$0,$0,$-2,$-2,$13,$-3,$0,$0,$0,$0,$0,$-165,$-168,$-27,$19,$-8,$1,$1,$0,$176,$169,$13,$1,$0
46,2007-03-31,29.07,$16.93,1.72,$8.98,3.24,$-0.36,0.0,$1.26,23.07,$1.65B,$1.84B,0.9,$0.08B,$0.26B,0.3,$0.15B,$0.09B,59.59%,$0.15B,$0.03B,21.23%,$0.15B,0,0.00%,$0.15B,0,0.00%,$0.15B,$0.03B,20.55%,$0.15B,$0.02B,14.38%,$0.02B,$0.26B,8.34%,$0.02B,$0.14B,16.80%,$0.02B,$2.19B,1.00%,$0.03B,$0.34B,9.30%,$39,$17,$22,$0,$13,$31,$8,$0,$8,$3,$6,$6,$6,$0,$0,$15,17,$0.36,$0.34,$88,$0,$0,$1647,$38,$357,$125,$26,$546,$2193,$1841,$78,$10,$89,$1930,$16,$37,$-2,$263,$2193,$6,$2,$-0,$2,$-6,$0,$0,$-0,$-7,$1,$-2,$0,$0,$0,$6,$6,$-57,$-53,$-27,$-4,$-31,$0,$0,$0,$78,$47,$-5,$0,$0
47,2006-12-31,31.61,$16.58,1.91,$8.40,3.76,$-1.16,0.0,$1.16,27.25,$1.59B,$1.77B,0.9,$0.11B,$0.26B,0.41,$0.13B,$0.08B,61.11%,$0.13B,$0.03B,21.43%,$0.13B,0,0.00%,$0.13B,0,0.00%,$0.13B,$0.03B,20.63%,$0.13B,$0.02B,14.29%,$0.02B,$0.26B,7.35%,$0.02B,$0.13B,15.32%,$0.02B,$2.14B,0.90%,$0.03B,$0.36B,8.13%,$38,$16,$22,$0,$14,$30,$8,$-0,$8,$2,$6,$6,$6,$0,$0,$14,15,$0.38,$0.36,$93,$0,$0,$1591,$36,$363,$126,$27,$551,$2142,$1768,$105,$13,$118,$1886,$15,$31,$-2,$256,$2142,$18,$2,$4,$6,$0,$0,$0,$-12,$-12,$12,$-5,$0,$36,$0,$-33,$-33,$-298,$-299,$15,$75,$90,$1,$1,$0,$230,$321,$34,$1,$0
