,Date,Stock Price,Book Value per Share,Price to Book Ratio,TTM Sales per Share,Price to Sales Ratio,TTM FCF per Share,Price to FCF Ratio,TTM Net EPS,PE Ratio,Current Assets,Current Liabilities,Current Ratio,Long Term Debt,Shareholder's Equity_x,Debt to Equity Ratio,TTM Revenue_x,TTM Gross Profit,Gross Margin,TTM Revenue_y,TTM Operating Income,Operating Margin,TTM Revenue_x,TTM EBIT,EBIT Margin,TTM Revenue_y,TTM EBITDA,EBITDA Margin,TTM Revenue_x,TTM Pre-Tax Income,Pre-Tax Margin,TTM Revenue_y,TTM Net Income_x,Net Margin,TTM Net Income_y,Shareholder's Equity_y,Return on Equity,TTM Net Income_x,Tangible Equity,Return on Tangible Equity,TTM Net Income_y,Total Assets,Return on Assets,TTM Net Income,LT Investments & Debt,Return on Investment,revenue,cost-goods-sold,gross-profit,research-development-expenses,selling-general-administrative-expenses,operating-expenses,operating-income,total-non-operating-income-expense,pre-tax-income,total-provision-income-taxes,income-after-taxes,income-from-continuous-operations,net-income,ebitda,ebit,basic-shares-outstanding,shares-outstanding,eps-basic-net-earnings-per-share,eps-earnings-per-share-diluted,cash-on-hand,inventory,other-current-assets,total-current-assets,net-property-plant-equipment,long-term-investments,goodwill-intangible-assets-total,other-long-term-assets,total-long-term-assets,total-assets,total-current-liabilities,long-term-debt,other-non-current-liabilities,total-long-term-liabilities,total-liabilities,common-stock-net,retained-earnings-accumulated-deficit,comprehensive-income,total-share-holder-equity,total-liabilities-share-holders-equity,net-income-loss,total-depreciation-amortization-cash-flow,other-non-cash-items,total-non-cash-items,change-in-accounts-receivable,change-in-inventories,change-in-accounts-payable,change-in-assets-liabilities,total-change-in-assets-liabilities,cash-flow-from-operating-activities,net-change-in-property-plant-equipment,net-change-in-intangible-assets,net-acquisitions-divestitures,net-change-in-short-term-investments,net-change-in-long-term-investments,net-change-in-investments-total,investing-activities-other,cash-flow-from-investing-activities,net-long-term-debt,net-current-debt,debt-issuance-retirement-net-total,net-common-equity-issued-repurchased,net-total-equity-issued-repurchased,total-common-preferred-stock-dividends-paid,financial-activities-other,cash-flow-from-financial-activities,net-cash-flow,stock-based-compensation,common-stock-dividends-paid
0,2018-09-30,7.46,$8.85,0.84,$1.53,4.89,$7.04,1.06,$0.68,10.97,$0.03B,$0.03B,1.04,$0.50B,$0.63B,0.8,$0.11B,$0.08B,73.39%,$0.11B,$0.05B,48.62%,$0.11B,$0.08B,68.81%,$0.11B,$0.08B,68.81%,$0.11B,$0.05B,43.12%,$0.11B,$0.05B,43.12%,$0.05B,$0.63B,7.37%,$0.05B,$0.63B,7.37%,$0.05B,$1.16B,4.05%,$0.05B,$1.13B,4.69%,$28,$7,$21,$0,$1,$14,$14,$-2,$12,$0,$12,$12,$12,$17,$19,$71,71,$0.18,$0.18,$20,$0,$0,$28,$0,$1132,$0,$0,$1132,$1160,$27,$504,$0,$504,$531,$0,$0,$-65,$629,$1160,$48,$-1,$20,$19,$-2,$0,$-1,$4,$-0,$67,$0,$0,$0,$0,$0,$0,$0,$0,$-18,$0,$-18,$-15,$-15,$-51,$-2,$-86,$-19,$0,$-51
1,2018-06-30,7.01,$9.09,0.77,$1.53,4.58,$7.06,0.99,$0.60,11.68,$0.12B,$0.04B,2.97,$0.47B,$0.64B,0.73,$0.11B,$0.08B,71.56%,$0.11B,$0.05B,47.71%,$0.11B,$0.08B,68.81%,$0.11B,$0.08B,68.81%,$0.11B,$0.04B,38.53%,$0.11B,$0.04B,38.53%,$0.04B,$0.64B,6.54%,$0.04B,$0.64B,6.54%,$0.04B,$1.14B,3.59%,$0.05B,$1.10B,4.56%,$25,$6,$18,$0,$1,$13,$12,$5,$17,$0,$17,$17,$17,$19,$17,$71,71,$0.24,$0.24,$107,$0,$0,$117,$0,$1025,$0,$0,$1025,$1141,$39,$466,$0,$466,$505,$0,$0,$-69,$636,$1141,$35,$2,$126,$127,$-2,$0,$12,$2,$11,$174,$0,$0,$0,$0,$0,$0,$0,$0,$-57,$0,$-57,$-8,$-8,$-38,$-2,$-105,$69,$0,$-38
2,2018-03-31,6.52,$9.00,0.72,$1.62,4.03,$5.91,1.1,$0.62,10.51,$0.18B,$0.03B,6.66,$0.49B,$0.64B,0.76,$0.12B,$0.08B,73.04%,$0.12B,$0.06B,49.57%,$0.12B,$0.08B,70.43%,$0.12B,$0.08B,70.43%,$0.12B,$0.04B,38.26%,$0.12B,$0.04B,38.26%,$0.04B,$0.64B,6.81%,$0.04B,$0.64B,6.81%,$0.04B,$1.15B,3.69%,$0.06B,$1.13B,4.89%,$27,$7,$21,$0,$1,$14,$13,$-7,$6,$0,$6,$6,$6,$19,$19,$71,71,$0.08,$0.08,$170,$0,$0,$179,$0,$948,$0,$0,$975,$1154,$27,$487,$0,$487,$514,$0,$0,$-86,$640,$1154,$18,$0,$205,$205,$-27,$0,$-1,$2,$-27,$196,$0,$0,$0,$0,$0,$0,$0,$0,$-37,$0,$-37,$0,$0,$-26,$-2,$-64,$132,$0,$-26
3,2017-12-31,6.57,$9.10,0.72,$1.71,3.85,$2.88,2.28,$0.70,9.38,$0.08B,$0.03B,3.03,$0.51B,$0.65B,0.79,$0.12B,$0.09B,71.31%,$0.12B,$0.06B,50.00%,$0.12B,$0.09B,70.49%,$0.12B,$0.09B,69.67%,$0.12B,$0.05B,40.16%,$0.12B,$0.05B,40.16%,$0.05B,$0.65B,7.56%,$0.05B,$0.65B,7.56%,$0.05B,$1.18B,4.00%,$0.06B,$1.16B,5.10%,$29,$9,$20,$0,$1,$15,$14,$-2,$12,$0,$12,$12,$12,$20,$20,$71,71,$0.18,$0.18,$73,$0,$0,$84,$0,$1101,$0,$0,$1101,$1184,$28,$510,$0,$510,$538,$0,$0,$-108,$646,$1184,$12,$0,$52,$52,$-2,$0,$-2,$2,$-2,$62,$0,$0,$0,$0,$0,$0,$0,$0,$-15,$0,$-15,$0,$0,$-13,$0,$-28,$35,$0,$-13
4,2017-09-30,6.96,$9.10,0.76,$1.75,3.97,$0.48,14.43,$0.86,8.09,$0.05B,$0.03B,1.66,$0.53B,$0.65B,0.81,$0.13B,$0.09B,71.20%,$0.13B,$0.06B,49.60%,$0.13B,$0.09B,70.40%,$0.13B,$0.09B,68.80%,$0.13B,$0.06B,48.80%,$0.13B,$0.06B,48.80%,$0.06B,$0.65B,9.41%,$0.06B,$0.65B,9.41%,$0.06B,$1.20B,4.78%,$0.06B,$1.17B,5.03%,$28,$8,$19,$0,$2,$15,$13,$-6,$7,$0,$7,$7,$7,$17,$19,$71,71,$0.11,$0.11,$38,$0,$0,$49,$0,$1154,$0,$0,$1154,$1202,$29,$526,$0,$526,$555,$0,$0,$-113,$647,$1202,$62,$-1,$9,$8,$1,$0,$0,$-3,$-0,$69,$0,$0,$0,$0,$0,$0,$0,$0,$-41,$0,$-41,$0,$0,$-65,$-2,$-108,$-37,$0,$-65
5,2017-06-30,6.68,$9.18,0.73,$1.81,3.69,$1.71,3.91,$0.97,6.89,$0.12B,$0.03B,4.54,$0.55B,$0.65B,0.84,$0.13B,$0.09B,72.09%,$0.13B,$0.07B,50.39%,$0.13B,$0.09B,70.54%,$0.13B,$0.09B,66.67%,$0.13B,$0.08B,63.57%,$0.13B,$0.08B,63.57%,$0.08B,$0.65B,12.67%,$0.08B,$0.65B,12.67%,$0.08B,$1.23B,6.38%,$0.07B,$1.20B,5.24%,$31,$7,$24,$0,$2,$14,$17,$2,$19,$0,$19,$19,$19,$25,$23,$71,71,$0.26,$0.26,$103,$0,$0,$116,$0,$1099,$0,$0,$1111,$1228,$26,$550,$0,$550,$575,$0,$0,$-114,$652,$1228,$54,$1,$57,$57,$-13,$0,$-2,$-4,$-19,$92,$0,$0,$0,$0,$0,$0,$0,$0,$-12,$0,$-12,$0,$0,$-53,$-1,$-65,$28,$0,$-53
6,2017-03-31,7.19,$9.09,0.79,$1.87,3.84,$0.89,8.04,$1.10,6.53,$0.08B,$0.03B,2.64,$0.61B,$0.65B,0.94,$0.13B,$0.09B,70.15%,$0.13B,$0.07B,49.25%,$0.13B,$0.09B,69.40%,$0.13B,$0.09B,64.18%,$0.13B,$0.09B,67.91%,$0.13B,$0.09B,67.91%,$0.09B,$0.65B,14.15%,$0.09B,$0.65B,14.15%,$0.09B,$1.29B,7.01%,$0.07B,$1.26B,5.27%,$34,$10,$24,$0,$2,$17,$17,$-5,$11,$0,$11,$11,$11,$23,$24,$71,71,$0.16,$0.16,$67,$0,$0,$79,$0,$1194,$0,$0,$1207,$1286,$30,$609,$0,$609,$639,$0,$0,$-124,$646,$1286,$36,$-1,$-39,$-41,$-15,$0,$0,$1,$-14,$-19,$0,$0,$0,$0,$0,$0,$0,$0,$49,$0,$49,$0,$0,$-40,$0,$9,$-9,$0,$-40
7,2016-12-31,6.61,$9.11,0.73,$1.94,3.4,$1.30,5.1,$1.00,6.61,$0.06B,$0.09B,0.7,$0.65B,$0.65B,1.01,$0.14B,$0.10B,70.50%,$0.14B,$0.07B,50.36%,$0.14B,$0.10B,69.78%,$0.14B,$0.09B,66.91%,$0.14B,$0.08B,60.43%,$0.14B,$0.08B,60.43%,$0.08B,$0.65B,13.15%,$0.08B,$0.65B,13.15%,$0.08B,$1.39B,6.48%,$0.07B,$1.30B,5.61%,$32,$10,$22,$0,$2,$16,$15,$9,$24,$0,$24,$24,$24,$21,$22,$71,71,$0.34,$0.34,$45,$0,$0,$60,$0,$1326,$0,$0,$1326,$1386,$86,$652,$0,$652,$738,$0,$0,$-109,$648,$1386,$24,$-1,$-177,$-178,$-6,$0,$49,$1,$45,$-108,$0,$0,$0,$0,$0,$0,$0,$0,$98,$0,$98,$0,$0,$-20,$0,$78,$-30,$0,$-20
8,2016-09-30,6.27,$9.05,0.69,$1.98,3.17,$2.81,2.23,$0.10,62.7,$0.09B,$0.04B,2.37,$0.56B,$0.64B,0.87,$0.14B,$0.10B,71.13%,$0.14B,$0.07B,51.41%,$0.14B,$0.10B,70.42%,$0.14B,$0.10B,66.90%,$0.14B,$0.02B,13.38%,$0.14B,$0.02B,13.38%,$0.02B,$0.64B,2.98%,$0.02B,$0.64B,2.98%,$0.02B,$1.24B,1.49%,$0.07B,$1.20B,5.91%,$32,$9,$23,$0,$2,$17,$16,$12,$28,$0,$28,$28,$28,$17,$22,$72,72,$0.37,$0.37,$76,$0,$0,$85,$0,$1154,$0,$0,$1154,$1239,$36,$560,$0,$560,$596,$0,$0,$-82,$643,$1239,$19,$-5,$146,$141,$1,$0,$-4,$3,$-2,$158,$0,$0,$0,$0,$0,$0,$0,$0,$-39,$0,$-39,$-12,$-12,$-80,$-1,$-133,$26,$0,$-80
9,2016-06-30,5.49,$8.94,0.61,$2.05,2.67,$0.65,8.48,$-0.09,0.0,$0.05B,$0.04B,1.38,$0.61B,$0.64B,0.97,$0.15B,$0.11B,71.14%,$0.15B,$0.08B,51.68%,$0.15B,$0.11B,70.47%,$0.15B,$0.10B,65.77%,$0.15B,$-0.01B,-5.37%,$0.15B,$-0.01B,-5.37%,$-0.01B,$0.64B,-1.22%,$-0.01B,$0.64B,-1.22%,$-0.01B,$1.29B,-0.61%,$0.08B,$1.25B,6.09%,$36,$10,$25,$0,$2,$17,$18,$10,$28,$0,$28,$28,$28,$25,$25,$71,71,$0.39,$0.39,$38,$0,$0,$49,$0,$1237,$0,$0,$1237,$1285,$35,$614,$0,$614,$650,$0,$0,$-81,$636,$1285,$-9,$0,$47,$47,$0,$0,$-5,$2,$-4,$34,$0,$0,$0,$0,$0,$0,$0,$0,$28,$0,$28,$-12,$-12,$-60,$-1,$-46,$-12,$0,$-60
10,2016-03-31,4.67,$8.83,0.53,$2.10,2.23,$0.72,6.48,$-0.41,0.0,$0.04B,$0.04B,1.21,$0.61B,$0.63B,0.97,$0.15B,$0.11B,71.43%,$0.15B,$0.08B,51.95%,$0.15B,$0.11B,69.48%,$0.15B,$0.10B,64.94%,$0.15B,$-0.03B,-20.13%,$0.15B,$-0.03B,-20.13%,$-0.03B,$0.63B,-4.53%,$-0.03B,$0.63B,-4.53%,$-0.03B,$1.28B,-2.32%,$0.08B,$1.24B,6.25%,$39,$11,$28,$0,$2,$18,$21,$-17,$4,$0,$4,$4,$4,$30,$28,$72,72,$0.06,$0.06,$33,$0,$0,$44,$0,$1231,$0,$0,$1231,$1276,$37,$612,$0,$612,$648,$0,$0,$-33,$628,$1276,$-37,$0,$50,$50,$0,$0,$-4,$3,$-3,$10,$0,$0,$0,$0,$0,$0,$0,$0,$27,$0,$27,$-12,$-12,$-41,$-1,$-26,$-16,$0,$-41
11,2015-12-31,4.55,$9.02,0.5,$2.12,2.15,$0.51,8.94,$-0.37,0.0,$0.04B,$0.05B,0.74,$0.60B,$0.65B,0.93,$0.16B,$0.11B,70.89%,$0.16B,$0.08B,51.27%,$0.16B,$0.11B,68.35%,$0.16B,$0.10B,63.29%,$0.16B,$-0.03B,-17.72%,$0.16B,$-0.03B,-17.72%,$-0.03B,$0.65B,-3.89%,$-0.03B,$0.65B,-3.89%,$-0.03B,$1.30B,-2.05%,$0.08B,$1.25B,6.20%,$35,$10,$25,$0,$2,$17,$18,$-59,$-41,$0,$-41,$-41,$-41,$23,$25,$73,73,$-0.56,$-0.56,$26,$0,$0,$38,$0,$1262,$0,$0,$1262,$1300,$51,$601,$0,$601,$652,$0,$0,$-23,$647,$1300,$-41,$-1,$31,$29,$1,$0,$7,$1,$10,$-1,$0,$0,$0,$0,$0,$0,$0,$0,$6,$0,$6,$-8,$-8,$-20,$0,$-23,$-23,$0,$-20
12,2015-09-30,4.56,$9.82,0.46,$2.16,2.11,$-0.30,0.0,$-0.13,0.0,$0.07B,$0.05B,1.45,$0.60B,$0.72B,0.84,$0.16B,$0.12B,70.99%,$0.16B,$0.08B,50.62%,$0.16B,$0.11B,67.28%,$0.16B,$0.10B,62.35%,$0.16B,$-0.01B,-6.79%,$0.16B,$-0.01B,-6.79%,$-0.01B,$0.72B,-1.46%,$-0.01B,$0.72B,-1.46%,$-0.01B,$1.37B,-0.79%,$0.08B,$1.32B,6.13%,$39,$12,$28,$0,$1,$19,$20,$-19,$1,$0,$1,$1,$1,$20,$27,$75,75,$0.01,$0.01,$50,$0,$0,$66,$0,$1299,$0,$0,$1299,$1365,$46,$603,$0,$603,$648,$0,$0,$5,$717,$1365,$-10,$-6,$8,$2,$6,$0,$5,$1,$11,$3,$0,$0,$0,$0,$0,$0,$0,$0,$82,$0,$82,$-18,$-18,$-84,$0,$-20,$-17,$0,$-84
13,2015-06-30,5.96,$10.04,0.59,$2.23,2.67,$-2.92,0.0,$-0.17,0.0,$0.10B,$0.09B,1.1,$0.57B,$0.75B,0.77,$0.16B,$0.12B,72.39%,$0.16B,$0.09B,53.37%,$0.16B,$0.11B,68.71%,$0.16B,$0.11B,68.10%,$0.16B,$-0.01B,-7.98%,$0.16B,$-0.01B,-7.98%,$-0.01B,$0.75B,-1.66%,$-0.01B,$0.75B,-1.66%,$-0.01B,$1.41B,-0.92%,$0.09B,$1.32B,6.46%,$41,$12,$29,$0,$2,$20,$21,$-16,$5,$0,$5,$5,$5,$27,$27,$75,75,$0.07,$0.07,$83,$0,$0,$97,$0,$1294,$0,$0,$1308,$1405,$89,$571,$0,$571,$659,$0,$0,$8,$746,$1405,$-12,$0,$6,$6,$-0,$0,$47,$0,$47,$41,$0,$0,$0,$0,$0,$0,$0,$0,$46,$0,$46,$-8,$-8,$-63,$0,$-25,$17,$0,$-63
14,2015-03-31,5.96,$10.25,0.58,$2.22,2.68,$-4.20,0.0,$0.24,24.83,$0.09B,$0.05B,1.75,$0.57B,$0.77B,0.74,$0.16B,$0.11B,71.97%,$0.16B,$0.08B,52.87%,$0.16B,$0.11B,68.15%,$0.16B,$0.11B,67.52%,$0.16B,$0.01B,8.92%,$0.16B,$0.01B,8.92%,$0.01B,$0.77B,1.79%,$0.01B,$0.77B,1.79%,$0.01B,$1.39B,1.02%,$0.08B,$1.34B,6.26%,$43,$12,$30,$0,$2,$21,$22,$-15,$7,$0,$7,$7,$7,$30,$29,$75,75,$0.10,$0.10,$63,$0,$0,$89,$0,$1300,$0,$0,$1300,$1389,$51,$569,$0,$569,$620,$0,$0,$-6,$769,$1389,$-17,$0,$0,$1,$1,$0,$9,$1,$10,$-6,$0,$0,$0,$0,$0,$0,$0,$0,$44,$0,$44,$0,$0,$-42,$0,$2,$-4,$0,$-42
15,2014-12-31,6.09,$10.43,0.58,$2.22,2.74,$-6.13,0.0,$0.75,8.12,$0.08B,$0.04B,1.92,$0.60B,$0.78B,0.76,$0.15B,$0.11B,72.37%,$0.15B,$0.08B,53.29%,$0.15B,$0.10B,67.76%,$0.15B,$0.10B,66.45%,$0.15B,$0.05B,31.58%,$0.15B,$0.05B,31.58%,$0.05B,$0.78B,6.18%,$0.05B,$0.78B,6.18%,$0.05B,$1.42B,3.52%,$0.08B,$1.38B,6.18%,$39,$12,$28,$0,$2,$20,$19,$-43,$-24,$0,$-24,$-24,$-24,$24,$26,$75,75,$-0.32,$-0.32,$54,$0,$0,$81,$0,$1341,$0,$0,$1341,$1421,$42,$596,$0,$596,$638,$0,$0,$-16,$783,$1421,$-24,$-2,$-38,$-39,$1,$0,$0,$0,$1,$-62,$0,$0,$0,$0,$0,$0,$0,$0,$71,$0,$71,$0,$0,$-21,$0,$50,$-12,$0,$-21
16,2014-09-30,6.76,$11.03,0.61,$2.22,3.05,$-6.87,0.0,$1.66,4.07,$0.08B,$0.06B,1.4,$0.53B,$0.83B,0.64,$0.15B,$0.11B,72.11%,$0.15B,$0.08B,54.42%,$0.15B,$0.10B,68.03%,$0.15B,$0.10B,68.03%,$0.15B,$0.11B,75.51%,$0.15B,$0.11B,75.51%,$0.11B,$0.83B,14.60%,$0.11B,$0.83B,14.60%,$0.11B,$1.41B,8.40%,$0.08B,$1.36B,6.35%,$40,$9,$31,$0,$1,$15,$25,$-26,$-1,$0,$-1,$-1,$-1,$30,$30,$67,67,$-0.02,$-0.02,$67,$0,$0,$80,$0,$1318,$0,$0,$1332,$1412,$57,$527,$0,$527,$584,$0,$0,$-23,$828,$1412,$111,$-8,$-220,$-228,$-3,$0,$-48,$-6,$-56,$-173,$0,$0,$0,$0,$0,$0,$0,$0,$160,$0,$160,$99,$99,$-73,$-4,$181,$8,$0,$-73
17,2014-06-30,6.93,$11.33,0.61,$2.09,3.31,$-3.69,0.0,$2.02,3.43,$0.09B,$0.06B,1.64,$0.48B,$0.75B,0.64,$0.14B,$0.11B,78.26%,$0.14B,$0.07B,52.17%,$0.14B,$0.10B,74.64%,$0.14B,$0.09B,63.04%,$0.14B,$0.14B,97.83%,$0.14B,$0.13B,97.10%,$0.13B,$0.75B,18.41%,$0.13B,$0.75B,18.41%,$0.13B,$1.29B,10.66%,$0.07B,$1.23B,6.07%,$35,$12,$24,$0,$2,$18,$17,$15,$32,$0,$32,$32,$32,$22,$22,$67,67,$0.48,$0.48,$64,$0,$0,$92,$0,$1198,$0,$0,$1198,$1290,$56,$480,$0,$480,$536,$0,$0,$-24,$754,$1290,$112,$0,$-102,$-102,$-3,$0,$-51,$-5,$-59,$-48,$0,$0,$0,$0,$0,$0,$0,$0,$110,$0,$110,$0,$0,$-55,$-1,$55,$6,$0,$-55
18,2014-03-31,6.51,$11.13,0.59,$2.07,3.15,$-2.79,0.0,$1.75,3.72,$0.07B,$0.06B,1.33,$0.53B,$0.74B,0.72,$0.14B,$0.10B,75.91%,$0.14B,$0.07B,53.28%,$0.14B,$0.10B,72.26%,$0.14B,$0.08B,60.58%,$0.14B,$0.12B,85.40%,$0.14B,$0.12B,84.67%,$0.12B,$0.74B,16.27%,$0.12B,$0.74B,16.27%,$0.12B,$1.33B,9.58%,$0.07B,$1.28B,6.43%,$38,$11,$27,$0,$2,$18,$20,$21,$41,$0,$41,$41,$41,$25,$25,$67,67,$0.61,$0.61,$56,$0,$0,$74,$0,$1257,$0,$0,$1257,$1331,$56,$534,$0,$534,$590,$0,$0,$-42,$741,$1331,$80,$0,$-161,$-161,$-1,$0,$-53,$1,$-52,$-133,$0,$0,$0,$0,$0,$0,$0,$0,$168,$0,$168,$0,$0,$-36,$-1,$131,$-2,$0,$-36
19,2013-12-31,6.67,$10.80,0.62,$1.97,3.39,$-1.74,0.0,$1.55,4.3,$0.05B,$0.08B,0.56,$0.45B,$0.72B,0.63,$0.13B,$0.10B,73.08%,$0.13B,$0.07B,53.08%,$0.13B,$0.09B,69.23%,$0.13B,$0.07B,56.92%,$0.13B,$0.10B,79.23%,$0.13B,$0.10B,78.46%,$0.10B,$0.72B,14.54%,$0.10B,$0.72B,14.54%,$0.10B,$1.26B,8.75%,$0.07B,$1.17B,6.34%,$34,$10,$24,$0,$2,$16,$18,$22,$39,$0,$39,$39,$39,$23,$23,$67,67,$0.59,$0.59,$31,$0,$0,$46,$0,$1209,$0,$0,$1209,$1255,$82,$454,$0,$454,$537,$0,$0,$-46,$719,$1255,$39,$0,$-110,$-110,$2,$0,$-37,$-0,$-34,$-104,$0,$0,$0,$0,$0,$0,$0,$0,$95,$0,$95,$0,$0,$-18,$0,$76,$-28,$0,$-18
20,2013-09-30,6.33,$10.49,0.6,$1.95,3.25,$-0.72,0.0,$1.40,4.52,$0.08B,$0.09B,0.82,$0.36B,$0.70B,0.52,$0.13B,$0.09B,70.54%,$0.13B,$0.07B,53.49%,$0.13B,$0.09B,65.89%,$0.13B,$0.07B,53.49%,$0.13B,$0.09B,72.09%,$0.13B,$0.09B,71.32%,$0.09B,$0.70B,13.25%,$0.09B,$0.70B,13.25%,$0.09B,$1.15B,8.14%,$0.07B,$1.06B,6.52%,$31,$-2,$33,$0,$1,$14,$17,$6,$23,$0,$22,$22,$22,$17,$33,$66,66,$0.33,$0.33,$58,$0,$0,$75,$0,$1078,$0,$0,$1078,$1153,$92,$364,$0,$364,$456,$0,$0,$-48,$698,$1153,$92,$-6,$-104,$-110,$4,$0,$54,$1,$58,$40,$0,$0,$0,$0,$0,$0,$0,$0,$72,$0,$72,$8,$8,$-69,$-0,$11,$51,$0,$-69
21,2013-06-30,6.06,$10.43,0.58,$2.05,2.95,$-3.50,0.0,$1.36,4.45,$0.04B,$0.07B,0.49,$0.34B,$0.69B,0.48,$0.13B,$0.08B,58.91%,$0.13B,$0.07B,52.71%,$0.13B,$0.07B,52.71%,$0.13B,$0.07B,52.71%,$0.13B,$0.09B,68.22%,$0.13B,$0.09B,68.22%,$0.09B,$0.69B,12.80%,$0.09B,$0.69B,12.80%,$0.09B,$1.10B,8.03%,$0.07B,$1.03B,6.58%,$34,$14,$20,$0,$2,$16,$18,$-4,$14,$0,$14,$14,$14,$18,$18,$66,66,$0.21,$0.21,$16,$0,$0,$36,$0,$1066,$0,$0,$1066,$1102,$73,$336,$0,$336,$409,$0,$0,$-49,$693,$1102,$69,$0,$-79,$-79,$2,$0,$18,$1,$21,$11,$0,$0,$0,$0,$0,$0,$0,$0,$41,$0,$41,$8,$8,$-50,$-0,$-2,$9,$0,$-50
22,2013-03-31,6.04,$10.50,0.58,$2.07,2.92,$-4.99,0.0,$1.21,4.99,$0.04B,$0.06B,0.61,$0.39B,$0.70B,0.56,$0.12B,$0.07B,59.68%,$0.12B,$0.07B,53.23%,$0.12B,$0.07B,53.23%,$0.12B,$0.07B,53.23%,$0.12B,$0.08B,62.10%,$0.12B,$0.08B,62.10%,$0.08B,$0.70B,11.72%,$0.08B,$0.70B,11.72%,$0.08B,$1.15B,7.20%,$0.07B,$1.09B,6.58%,$31,$13,$18,$0,$2,$15,$16,$10,$27,$-0,$27,$27,$27,$16,$16,$66,66,$0.41,$0.41,$17,$0,$0,$37,$0,$1115,$0,$0,$1115,$1152,$62,$393,$0,$393,$455,$0,$0,$-63,$697,$1152,$56,$0,$-124,$-124,$0,$0,$4,$0,$5,$-63,$0,$0,$0,$0,$0,$0,$0,$0,$98,$0,$98,$8,$8,$-32,$-0,$73,$10,$0,$-32
23,2012-12-31,5.74,$10.38,0.55,$2.10,2.74,$-4.87,0.0,$0.98,5.86,$0.05B,$0.06B,0.77,$0.36B,$0.69B,0.53,$0.12B,$0.07B,61.34%,$0.12B,$0.07B,54.62%,$0.12B,$0.07B,54.62%,$0.12B,$0.07B,54.62%,$0.12B,$0.08B,63.87%,$0.12B,$0.08B,63.87%,$0.08B,$0.69B,12.09%,$0.08B,$0.69B,12.09%,$0.08B,$1.11B,7.49%,$0.07B,$1.05B,6.82%,$33,$13,$20,$0,$2,$15,$18,$10,$29,$0,$29,$29,$29,$18,$18,$66,66,$0.44,$0.44,$31,$0,$0,$48,$0,$1064,$0,$0,$1064,$1112,$62,$362,$0,$362,$424,$0,$0,$-57,$689,$1112,$29,$0,$-74,$-74,$4,$0,$3,$1,$9,$-36,$0,$0,$0,$0,$0,$0,$0,$0,$67,$0,$67,$8,$8,$-14,$-0,$60,$24,$0,$-14
24,2012-09-30,5.4,$10.22,0.53,$2.19,2.47,$-3.63,0.0,$0.88,6.14,$0.03B,$0.06B,0.52,$0.29B,$0.67B,0.44,$0.11B,$0.07B,61.95%,$0.11B,$0.06B,54.87%,$0.11B,$0.06B,54.87%,$0.11B,$0.06B,54.87%,$0.11B,$0.06B,55.75%,$0.11B,$0.06B,55.75%,$0.06B,$0.67B,10.99%,$0.06B,$0.67B,10.99%,$0.06B,$1.02B,6.61%,$0.06B,$0.96B,6.95%,$31,$12,$18,$0,$2,$14,$16,$1,$18,$0,$18,$18,$18,$16,$16,$53,53,$0.30,$0.30,$8,$0,$0,$28,$0,$990,$0,$0,$990,$1019,$55,$294,$0,$294,$349,$0,$0,$-57,$670,$1019,$63,$-10,$-161,$-172,$8,$0,$-18,$2,$-7,$-115,$0,$0,$0,$0,$0,$0,$0,$0,$-96,$0,$-96,$207,$207,$-52,$-8,$51,$-64,$0,$-52
25,2012-06-30,5.14,$10.16,0.51,$2.23,2.31,$-4.72,0.0,$-0.19,0.0,$0.03B,$0.09B,0.31,$0.33B,$0.57B,0.58,$0.11B,$0.07B,63.89%,$0.11B,$0.06B,56.48%,$0.11B,$0.06B,56.48%,$0.11B,$0.06B,56.48%,$0.11B,$0.01B,12.96%,$0.11B,$0.01B,12.96%,$0.01B,$0.57B,2.69%,$0.01B,$0.57B,2.69%,$0.01B,$0.99B,1.50%,$0.06B,$0.91B,7.06%,$29,$12,$18,$0,$2,$13,$16,$-13,$3,$0,$3,$3,$3,$16,$16,$56,56,$0.06,$0.06,$9,$0,$0,$26,$0,$929,$0,$0,$966,$992,$85,$334,$0,$334,$419,$0,$0,$-56,$573,$992,$46,$0,$-91,$-91,$-24,$0,$13,$-18,$-29,$-74,$0,$0,$0,$0,$0,$0,$0,$0,$-56,$0,$-56,$109,$109,$-37,$-4,$12,$-62,$0,$-37
26,2012-03-31,5.03,$10.38,0.48,$2.21,2.28,$-4.19,0.0,$-0.20,0.0,$0.04B,$0.05B,0.96,$0.31B,$0.58B,0.53,$0.10B,$0.07B,64.71%,$0.10B,$0.06B,56.86%,$0.10B,$0.06B,56.86%,$0.10B,$0.06B,56.86%,$0.10B,$0.01B,12.75%,$0.10B,$0.01B,12.75%,$0.01B,$0.58B,2.58%,$0.01B,$0.58B,2.58%,$0.01B,$0.94B,1.46%,$0.06B,$0.89B,7.06%,$26,$9,$17,$0,$2,$11,$15,$11,$26,$0,$26,$26,$26,$15,$15,$53,53,$0.50,$0.50,$27,$0,$0,$43,$0,$889,$0,$0,$893,$936,$45,$308,$0,$308,$353,$0,$0,$-57,$583,$936,$42,$0,$-65,$-65,$9,$0,$-15,$-16,$-22,$-44,$0,$0,$0,$0,$0,$0,$0,$0,$-82,$0,$-82,$109,$109,$-23,$-4,$-1,$-45,$0,$-23
27,2011-12-31,4.75,$10.19,0.47,$2.26,2.1,$-4.68,0.0,$-0.05,0.0,$0.06B,$0.06B,0.91,$0.34B,$0.47B,0.73,$0.10B,$0.06B,64.65%,$0.10B,$0.06B,56.57%,$0.10B,$0.06B,56.57%,$0.10B,$0.06B,56.57%,$0.10B,$0.00B,1.01%,$0.10B,$0.00B,1.01%,$0.00B,$0.47B,0.21%,$0.00B,$0.47B,0.21%,$0.00B,$0.87B,0.12%,$0.06B,$0.81B,7.18%,$27,$10,$17,$0,$2,$12,$15,$1,$16,$0,$16,$16,$16,$15,$15,$46,46,$0.34,$0.34,$42,$0,$0,$55,$0,$810,$0,$0,$812,$867,$61,$341,$0,$341,$402,$0,$0,$-47,$466,$867,$16,$0,$18,$18,$14,$0,$-17,$0,$-2,$32,$0,$0,$0,$0,$0,$0,$0,$0,$-49,$0,$-49,$0,$0,$-12,$0,$-61,$-30,$0,$-12
28,2011-09-30,4.09,$10.13,0.4,$2.22,1.84,$-6.12,0.0,$0.32,12.77,$0.09B,$0.08B,1.14,$0.39B,$0.46B,0.84,$0.09B,$0.06B,65.22%,$0.09B,$0.05B,56.52%,$0.09B,$0.05B,56.52%,$0.09B,$0.05B,56.52%,$0.09B,$0.01B,11.96%,$0.09B,$0.01B,11.96%,$0.01B,$0.46B,2.33%,$0.01B,$0.46B,2.33%,$0.01B,$0.93B,1.36%,$0.05B,$0.85B,6.95%,$26,$10,$17,$0,$1,$11,$15,$-46,$-31,$0,$-31,$-31,$-31,$15,$15,$42,42,$-0.85,$-0.85,$72,$0,$0,$88,$0,$828,$0,$0,$841,$929,$77,$389,$0,$389,$466,$0,$0,$-41,$463,$929,$10,$-7,$-144,$-151,$19,$0,$-34,$18,$3,$-138,$0,$0,$0,$0,$0,$0,$0,$0,$143,$0,$143,$114,$114,$-40,$-10,$208,$70,$0,$-40
29,2011-06-30,4.99,$11.08,0.45,$2.17,2.3,$-7.16,0.0,$1.29,3.87,$0.04B,$0.08B,0.47,$0.23B,$0.51B,0.46,$0.08B,$0.05B,63.86%,$0.08B,$0.05B,55.42%,$0.08B,$0.05B,55.42%,$0.08B,$0.05B,55.42%,$0.08B,$0.05B,59.04%,$0.08B,$0.05B,59.04%,$0.05B,$0.51B,10.83%,$0.05B,$0.51B,10.83%,$0.05B,$0.82B,6.49%,$0.05B,$0.74B,6.66%,$23,$8,$15,$0,$1,$10,$13,$-11,$2,$0,$2,$2,$2,$13,$13,$46,46,$0.05,$0.05,$29,$0,$0,$39,$0,$779,$0,$0,$779,$818,$82,$231,$0,$231,$313,$0,$0,$-52,$505,$818,$41,$0,$-102,$-102,$37,$0,$-10,$-2,$25,$-36,$0,$0,$0,$0,$0,$0,$0,$0,$-15,$0,$-15,$114,$114,$-28,$-8,$63,$27,$0,$-28
30,2011-03-31,5.18,$11.30,0.46,$2.18,2.37,$-9.59,0.0,$1.52,3.41,$0.02B,$0.05B,0.32,$0.21B,$0.51B,0.41,$0.08B,$0.05B,63.16%,$0.08B,$0.04B,55.26%,$0.08B,$0.04B,55.26%,$0.08B,$0.04B,55.26%,$0.08B,$0.05B,67.11%,$0.08B,$0.05B,67.11%,$0.05B,$0.51B,12.37%,$0.05B,$0.51B,12.37%,$0.05B,$0.78B,7.18%,$0.04B,$0.72B,6.44%,$23,$8,$15,$0,$1,$10,$13,$0,$14,$0,$14,$14,$14,$13,$13,$41,41,$0.33,$0.33,$2,$0,$0,$16,$0,$759,$0,$0,$759,$775,$51,$210,$0,$210,$261,$0,$0,$-59,$514,$775,$39,$0,$-83,$-83,$31,$0,$-40,$-2,$-11,$-54,$0,$0,$0,$0,$0,$0,$0,$0,$-35,$0,$-35,$114,$114,$-17,$-8,$54,$-0,$0,$-17
31,2010-12-31,5.2,$11.14,0.47,$2.13,2.45,$-11.16,0.0,$1.45,3.59,$0.01B,$0.04B,0.37,$0.28B,$0.40B,0.69,$0.07B,$0.04B,61.19%,$0.07B,$0.04B,53.73%,$0.07B,$0.04B,53.73%,$0.07B,$0.04B,53.73%,$0.07B,$0.03B,50.75%,$0.07B,$0.03B,50.75%,$0.03B,$0.40B,9.16%,$0.03B,$0.40B,9.16%,$0.03B,$0.72B,5.10%,$0.04B,$0.68B,5.92%,$20,$7,$13,$0,$1,$9,$11,$14,$26,$0,$26,$26,$26,$11,$11,$36,36,$0.71,$0.71,$3,$0,$0,$13,$0,$704,$0,$0,$704,$717,$35,$278,$0,$278,$314,$0,$0,$-60,$403,$717,$26,$0,$-33,$-33,$36,$0,$-53,$-3,$-20,$-27,$0,$0,$0,$0,$0,$0,$0,$0,$38,$0,$38,$0,$0,$-9,$-1,$28,$1,$0,$-9
32,2010-09-30,4.41,$10.69,0.41,$2.10,2.1,$-12.15,0.0,$1.02,4.33,$0.02B,$0.09B,0.18,$0.23B,$0.39B,0.6,$0.06B,$0.04B,59.02%,$0.06B,$0.03B,52.46%,$0.06B,$0.03B,52.46%,$0.06B,$0.03B,52.46%,$0.06B,$0.02B,27.87%,$0.06B,$0.02B,27.87%,$0.02B,$0.39B,4.90%,$0.02B,$0.39B,4.90%,$0.02B,$0.71B,2.75%,$0.03B,$0.62B,5.66%,$17,$7,$10,$0,$1,$8,$9,$-2,$7,$0,$7,$7,$7,$9,$9,$30,30,$0.20,$0.20,$2,$0,$0,$17,$0,$665,$0,$0,$695,$711,$91,$234,$0,$234,$325,$0,$0,$-64,$387,$711,$17,$-4,$-155,$-159,$-35,$0,$33,$18,$16,$-127,$0,$0,$0,$0,$0,$0,$0,$0,$23,$0,$23,$108,$108,$-28,$-7,$96,$-31,$0,$-28
33,2010-06-30,3.87,$10.94,0.35,$2.10,1.84,$-9.86,0.0,$1.10,3.52,$0.01B,$0.06B,0.19,$0.24B,$0.35B,0.68,$0.06B,$0.03B,58.93%,$0.06B,$0.03B,51.79%,$0.06B,$0.03B,51.79%,$0.06B,$0.03B,51.79%,$0.06B,$0.04B,64.29%,$0.06B,$0.04B,64.29%,$0.04B,$0.35B,11.07%,$0.04B,$0.35B,11.07%,$0.04B,$0.64B,6.32%,$0.03B,$0.58B,5.48%,$16,$6,$10,$0,$1,$8,$9,$-5,$4,$0,$4,$4,$4,$9,$9,$32,32,$0.13,$0.13,$1,$0,$0,$11,$0,$623,$0,$0,$626,$637,$56,$236,$0,$236,$292,$0,$0,$-65,$345,$637,$10,$0,$-125,$-125,$-3,$0,$-1,$17,$13,$-102,$0,$0,$0,$0,$0,$0,$0,$0,$32,$0,$32,$61,$61,$-20,$-3,$70,$-32,$0,$-20
34,2010-03-31,4.1,$11.07,0.37,$2.10,1.96,$-7.11,0.0,$1.09,3.76,$0.01B,$0.05B,0.19,$0.20B,$0.35B,0.58,$0.05B,$0.03B,58.82%,$0.05B,$0.03B,50.98%,$0.05B,$0.03B,50.98%,$0.05B,$0.03B,50.98%,$0.05B,$0.03B,60.78%,$0.05B,$0.03B,60.78%,$0.03B,$0.35B,10.31%,$0.03B,$0.35B,10.31%,$0.03B,$0.60B,6.07%,$0.03B,$0.55B,5.43%,$14,$5,$8,$0,$1,$6,$7,$-10,$-3,$0,$-3,$-3,$-3,$7,$7,$27,27,$-0.11,$-0.11,$1,$0,$0,$10,$0,$588,$0,$0,$593,$602,$52,$202,$0,$202,$253,$0,$0,$-66,$349,$602,$6,$0,$-92,$-92,$-5,$0,$5,$8,$8,$-79,$0,$0,$0,$0,$0,$0,$0,$0,$0,$0,$0,$61,$61,$-12,$-3,$47,$-32,$0,$-12
35,2009-12-31,3.44,$11.86,0.29,$2.10,1.64,$-3.56,0.0,$1.08,3.19,$0.01B,$0.02B,0.73,$0.20B,$0.31B,0.66,$0.05B,$0.03B,59.57%,$0.05B,$0.02B,51.06%,$0.05B,$0.02B,51.06%,$0.05B,$0.02B,51.06%,$0.05B,$0.08B,161.70%,$0.05B,$0.08B,161.70%,$0.08B,$0.31B,27.46%,$0.08B,$0.31B,27.46%,$0.08B,$0.53B,16.51%,$0.02B,$0.51B,5.51%,$14,$5,$8,$0,$1,$6,$7,$1,$9,$0,$9,$9,$9,$7,$7,$26,26,$0.34,$0.34,$7,$0,$0,$14,$0,$513,$0,$0,$513,$527,$19,$202,$0,$202,$221,$0,$0,$-64,$306,$527,$9,$0,$-38,$-38,$3,$0,$-20,$1,$-16,$-45,$0,$0,$0,$0,$0,$0,$0,$0,$21,$0,$21,$3,$3,$-5,$0,$19,$-26,$0,$-5
36,2009-09-30,3.04,$11.85,0.26,$2.14,1.42,$-1.33,0.0,$1.07,2.84,$0.04B,$0.04B,1.1,$0.18B,$0.30B,0.58,$0.05B,$0.03B,60.00%,$0.05B,$0.02B,51.11%,$0.05B,$0.02B,51.11%,$0.05B,$0.02B,51.11%,$0.05B,$0.04B,77.78%,$0.05B,$0.04B,77.78%,$0.04B,$0.30B,13.77%,$0.04B,$0.30B,13.77%,$0.04B,$0.51B,8.48%,$0.02B,$0.48B,5.89%,$12,$5,$7,$0,$1,$6,$6,$20,$26,$0,$26,$26,$26,$6,$6,$21,21,$1.25,$1.25,$33,$0,$0,$40,$0,$470,$0,$0,$472,$512,$36,$175,$0,$175,$212,$0,$0,$-49,$301,$512,$36,$-3,$-103,$-105,$-2,$0,$19,$10,$27,$-42,$0,$0,$0,$0,$0,$0,$0,$0,$23,$0,$23,$34,$34,$-20,$-2,$35,$-7,$0,$-20
37,2009-06-30,2.59,$11.72,0.22,$2.12,1.22,$-18.11,0.0,$1.05,2.46,$0.01B,$0.02B,0.33,$0.13B,$0.25B,0.54,$0.04B,$0.03B,59.09%,$0.04B,$0.02B,50.00%,$0.04B,$0.02B,50.00%,$0.04B,$0.02B,50.00%,$0.04B,$-0.00B,-4.55%,$0.04B,$-0.00B,-4.55%,$-0.00B,$0.25B,-0.86%,$-0.00B,$0.25B,-0.86%,$-0.00B,$0.40B,-0.51%,$0.02B,$0.38B,5.87%,$11,$4,$7,$0,$1,$5,$6,$-6,$-1,$0,$-1,$-1,$-1,$6,$6,$21,21,$-0.04,$-0.04,$1,$0,$0,$7,$0,$393,$0,$0,$395,$401,$20,$134,$0,$134,$154,$0,$0,$-41,$247,$401,$10,$0,$-32,$-32,$-0,$0,$4,$10,$13,$-10,$0,$0,$0,$0,$0,$0,$0,$0,$-15,$0,$-15,$0,$0,$-15,$0,$-30,$-40,$0,$-15
38,2009-03-31,1.32,$12.00,0.11,$2.07,0.64,$-36.49,0.0,$0.97,1.36,$0.04B,$0.02B,1.63,$0.13B,$0.25B,0.5,$0.04B,$0.02B,55.81%,$0.04B,$0.02B,46.51%,$0.04B,$0.02B,46.51%,$0.04B,$0.02B,46.51%,$0.04B,$0.01B,32.56%,$0.04B,$0.01B,32.56%,$0.01B,$0.25B,6.17%,$0.01B,$0.25B,6.17%,$0.01B,$0.40B,3.52%,$0.02B,$0.38B,5.17%,$10,$4,$6,$0,$1,$5,$5,$37,$42,$0,$42,$42,$42,$5,$5,$21,21,$2.00,$2.00,$30,$0,$0,$38,$0,$363,$0,$0,$363,$401,$23,$125,$0,$125,$148,$0,$0,$-17,$253,$401,$10,$0,$-12,$-12,$-1,$0,$9,$8,$16,$14,$0,$0,$0,$0,$0,$0,$0,$0,$-14,$0,$-14,$0,$0,$-10,$0,$-24,$-10,$0,$-10
39,2008-12-31,1.18,$10.24,0.12,$2.04,0.58,$-53.86,0.0,$0.93,1.27,$0.01B,$0.01B,0.7,$0.11B,$0.22B,0.51,$0.04B,$0.02B,53.49%,$0.04B,$0.02B,44.19%,$0.04B,$0.02B,44.19%,$0.04B,$0.02B,44.19%,$0.04B,$-0.06B,-141.86%,$0.04B,$-0.06B,-141.86%,$-0.06B,$0.22B,-28.05%,$-0.06B,$0.22B,-28.05%,$-0.06B,$0.34B,-15.14%,$0.02B,$0.33B,4.81%,$12,$5,$7,$0,$1,$6,$6,$-38,$-32,$0,$-32,$-32,$-32,$6,$6,$21,21,$-1.51,$-1.51,$1,$0,$0,$8,$0,$329,$0,$0,$329,$336,$11,$110,$0,$110,$121,$0,$0,$-12,$216,$336,$-32,$0,$38,$38,$0,$0,$0,$3,$4,$10,$0,$0,$0,$0,$0,$0,$0,$0,$-45,$0,$-45,$0,$0,$-5,$0,$-50,$-40,$0,$-5
40,2008-09-30,2.28,$10.00,0.23,$1.89,1.21,$-66.35,0.0,$0.89,2.56,$0.05B,$0.01B,6.73,$0.20B,$0.21B,0.96,$0.04B,$0.02B,55.00%,$0.04B,$0.02B,45.00%,$0.04B,$0.02B,45.00%,$0.04B,$0.02B,45.00%,$0.04B,$-0.04B,-102.50%,$0.04B,$-0.04B,-102.50%,$-0.04B,$0.21B,-18.06%,$-0.04B,$0.21B,-18.06%,$-0.04B,$0.42B,-9.61%,$0.02B,$0.41B,4.50%,$11,$5,$6,$0,$1,$6,$5,$-16,$-11,$0,$-11,$-11,$-11,$5,$5,$21,21,$-0.53,$-0.53,$40,$0,$0,$48,$0,$372,$0,$0,$372,$420,$7,$202,$0,$202,$209,$0,$0,$-12,$211,$420,$-41,$-1,$-80,$-81,$-2,$0,$-269,$-4,$-274,$-396,$0,$0,$0,$0,$0,$0,$0,$0,$192,$0,$192,$0,$0,$-14,$0,$178,$-218,$0,$-14
41,2008-06-30,2.15,$10.77,0.2,$1.35,1.6,$-47.56,0.0,$0.63,3.42,$0.05B,$0.00B,34.27,$0.20B,$0.23B,0.9,$0.03B,$0.02B,55.17%,$0.03B,$0.01B,44.83%,$0.03B,$0.01B,44.83%,$0.03B,$0.01B,44.83%,$0.03B,$-0.03B,-103.45%,$0.03B,$-0.03B,-103.45%,$-0.03B,$0.23B,-17.22%,$-0.03B,$0.23B,-17.22%,$-0.03B,$0.43B,-9.33%,$0.01B,$0.43B,4.38%,$10,$4,$5,$0,$1,$6,$4,$11,$15,$0,$15,$15,$15,$4,$4,$21,21,$0.72,$0.72,$41,$0,$0,$47,$0,$386,$0,$0,$386,$432,$1,$204,$0,$204,$205,$0,$0,$-2,$227,$432,$-30,$0,$-95,$-95,$0,$0,$-269,$-4,$-273,$-397,$0,$0,$0,$0,$0,$0,$0,$0,$194,$0,$194,$0,$0,$-14,$0,$180,$-217,$0,$-14
42,2008-03-31,2.48,$10.26,0.24,$1.15,2.16,$-28.82,0.0,$0.59,4.2,$0.09B,$0.01B,6.79,$0.20B,$0.22B,0.9,$0.02B,$0.02B,62.50%,$0.02B,$0.01B,50.00%,$0.02B,$0.01B,50.00%,$0.02B,$0.01B,50.00%,$0.02B,$-0.05B,-195.83%,$0.02B,$-0.05B,-195.83%,$-0.05B,$0.22B,-24.77%,$-0.05B,$0.22B,-24.77%,$-0.05B,$0.42B,-13.10%,$0.01B,$0.41B,4.59%,$10,$4,$5,$0,$1,$5,$4,$-38,$-33,$0,$-33,$-33,$-33,$4,$4,$21,21,$-1.58,$-1.58,$81,$0,$0,$88,$0,$336,$0,$0,$336,$424,$13,$195,$0,$195,$207,$0,$0,$-1,$216,$424,$-45,$0,$-45,$-45,$-1,$0,$-260,$-2,$-262,$-352,$0,$0,$0,$0,$0,$0,$0,$0,$185,$0,$185,$0,$0,$-9,$0,$175,$-177,$0,$-9
