,Date,Stock Price,Book Value per Share,Price to Book Ratio,TTM Sales per Share,Price to Sales Ratio,TTM FCF per Share,Price to FCF Ratio,TTM Net EPS,PE Ratio,Current Assets,Current Liabilities,Current Ratio,Long Term Debt,Shareholder's Equity_x,Debt to Equity Ratio,TTM Revenue_x,TTM Gross Profit,Gross Margin,TTM Revenue_y,TTM Operating Income,Operating Margin,TTM Revenue_x,TTM EBIT,EBIT Margin,TTM Revenue_y,TTM EBITDA,EBITDA Margin,TTM Revenue_x,TTM Pre-Tax Income,Pre-Tax Margin,TTM Revenue_y,TTM Net Income_x,Net Margin,TTM Net Income_y,Shareholder's Equity_y,Return on Equity,TTM Net Income_x,Tangible Equity,Return on Tangible Equity,TTM Net Income_y,Total Assets,Return on Assets,TTM Net Income,LT Investments & Debt,Return on Investment,revenue,cost-goods-sold,gross-profit,research-development-expenses,selling-general-administrative-expenses,operating-expenses,operating-income,total-non-operating-income-expense,pre-tax-income,total-provision-income-taxes,income-after-taxes,income-from-continuous-operations,net-income,ebitda,ebit,basic-shares-outstanding,shares-outstanding,eps-basic-net-earnings-per-share,eps-earnings-per-share-diluted,cash-on-hand,inventory,other-current-assets,total-current-assets,net-property-plant-equipment,long-term-investments,goodwill-intangible-assets-total,other-long-term-assets,total-long-term-assets,total-assets,total-current-liabilities,long-term-debt,other-non-current-liabilities,total-long-term-liabilities,total-liabilities,common-stock-net,retained-earnings-accumulated-deficit,comprehensive-income,total-share-holder-equity,total-liabilities-share-holders-equity,net-income-loss,total-depreciation-amortization-cash-flow,other-non-cash-items,total-non-cash-items,change-in-accounts-receivable,change-in-inventories,change-in-accounts-payable,change-in-assets-liabilities,total-change-in-assets-liabilities,cash-flow-from-operating-activities,net-change-in-property-plant-equipment,net-change-in-intangible-assets,net-acquisitions-divestitures,net-change-in-short-term-investments,net-change-in-long-term-investments,net-change-in-investments-total,investing-activities-other,cash-flow-from-investing-activities,net-long-term-debt,net-current-debt,debt-issuance-retirement-net-total,net-common-equity-issued-repurchased,net-total-equity-issued-repurchased,total-common-preferred-stock-dividends-paid,financial-activities-other,cash-flow-from-financial-activities,net-cash-flow,stock-based-compensation,common-stock-dividends-paid
0,2018-09-30,72.2,$50.02,1.44,$41.08,1.76,$0.66,108.67,$8.11,8.9,$0.02B,$0.04B,0.62,$0.06B,$0.10B,0.55,$0.11B,$0.11B,100.00%,$0.11B,$0.01B,12.84%,$0.11B,$0.01B,12.84%,$0.11B,$0.05B,44.95%,$0.11B,$0.01B,9.17%,$0.11B,$0.03B,24.77%,$0.03B,$0.10B,26.47%,$0.03B,$0.10B,26.47%,$0.03B,$0.25B,10.99%,$0.01B,$0.16B,8.79%,$29,$0,$29,$0,$16,$23,$7,$-1,$6,$1,$4,$4,$4,$14,$7,$2,3,$2.10,$1.54,$8,$0,$1,$23,$225,$0,$0,$0,$225,$248,$38,$57,$24,$108,$145,$0,$145,$0,$103,$248,$7,$24,$7,$31,$2,$0,$-14,$0,$-13,$26,$-27,$0,$0,$0,$0,$0,$0,$-27,$7,$0,$7,$-6,$-6,$0,$-0,$0,$-1,$0,$0
1,2018-06-30,71.0,$48.37,1.47,$38.53,1.84,$14.02,5.06,$6.89,10.3,$0.02B,$0.03B,0.63,$0.06B,$0.10B,0.59,$0.10B,$0.10B,100.00%,$0.10B,$0.00B,4.12%,$0.10B,$0.00B,4.12%,$0.10B,$0.04B,41.24%,$0.10B,$0.00B,1.03%,$0.10B,$0.02B,21.65%,$0.02B,$0.10B,21.65%,$0.02B,$0.10B,21.65%,$0.02B,$0.24B,8.67%,$0.00B,$0.16B,2.62%,$22,$0,$22,$0,$15,$22,$0,$-1,$-1,$-0,$-1,$-1,$-1,$8,$0,$2,2,$-0.27,$-0.27,$5,$0,$1,$20,$223,$0,$0,$0,$223,$243,$31,$60,$24,$110,$141,$0,$141,$0,$101,$243,$3,$16,$4,$20,$3,$0,$-12,$1,$-15,$7,$-17,$0,$0,$0,$0,$0,$0,$-17,$10,$0,$10,$-4,$-4,$0,$-0,$6,$-3,$0,$0
2,2018-03-31,52.9,$48.70,1.09,$35.16,1.5,$28.82,1.84,$7.28,7.27,$0.02B,$0.03B,0.72,$0.06B,$0.10B,0.62,$0.10B,$0.10B,100.00%,$0.10B,$0.01B,5.15%,$0.10B,$0.01B,5.15%,$0.10B,$0.04B,42.27%,$0.10B,$0.00B,2.06%,$0.10B,$0.02B,22.68%,$0.02B,$0.10B,23.40%,$0.02B,$0.10B,23.40%,$0.02B,$0.25B,9.21%,$0.01B,$0.17B,3.44%,$28,$0,$28,$0,$18,$23,$5,$-1,$4,$1,$3,$3,$3,$13,$5,$2,3,$1.53,$1.14,$8,$0,$1,$22,$223,$0,$0,$0,$223,$245,$31,$63,$23,$112,$143,$0,$142,$0,$102,$245,$3,$8,$0,$8,$5,$0,$-14,$0,$-13,$-2,$-9,$0,$0,$0,$0,$0,$0,$-9,$14,$0,$14,$-3,$-3,$0,$0,$10,$-0,$0,$0
3,2017-12-31,51.5,$47.23,1.09,$32.06,1.61,$47.01,1.1,$13.49,3.82,$0.03B,$0.05B,0.57,$0.05B,$0.10B,0.47,$0.09B,$0.09B,100.00%,$0.09B,$0.04B,47.19%,$0.09B,$0.04B,47.19%,$0.09B,$0.08B,87.64%,$0.09B,$0.04B,44.94%,$0.09B,$0.04B,46.07%,$0.04B,$0.10B,44.57%,$0.04B,$0.10B,44.57%,$0.04B,$0.25B,17.47%,$0.04B,$0.15B,31.28%,$30,$0,$30,$0,$15,$28,$2,$-1,$1,$-20,$21,$21,$21,$14,$2,$2,3,$9.98,$7.63,$8,$0,$1,$27,$220,$0,$0,$0,$220,$247,$47,$48,$24,$97,$144,$0,$138,$0,$102,$247,$47,$36,$-54,$-18,$-9,$-0,$13,$-0,$11,$40,$-13,$0,$0,$0,$0,$0,$0,$-13,$-18,$0,$-18,$-6,$-6,$0,$-5,$-29,$-2,$0,$0
4,2017-09-30,47.0,$37.90,1.24,$26.18,1.79,$46.24,1.02,$5.55,8.47,$0.03B,$0.04B,0.72,$0.05B,$0.08B,0.62,$0.07B,$0.07B,100.00%,$0.07B,$0.04B,51.39%,$0.07B,$0.04B,51.39%,$0.07B,$0.07B,101.39%,$0.07B,$0.04B,50.00%,$0.07B,$0.02B,25.00%,$0.02B,$0.08B,21.69%,$0.02B,$0.08B,21.69%,$0.02B,$0.23B,7.94%,$0.04B,$0.13B,28.57%,$17,$0,$17,$0,$12,$20,$-3,$-1,$-3,$-1,$-2,$-2,$-2,$5,$-3,$2,2,$-0.92,$-0.92,$14,$0,$1,$26,$208,$0,$0,$0,$208,$234,$35,$51,$17,$115,$151,$0,$117,$0,$83,$234,$26,$24,$-35,$-11,$-3,$0,$1,$-1,$6,$21,$7,$0,$0,$0,$0,$0,$0,$7,$-16,$0,$-16,$-5,$-5,$0,$-4,$-25,$3,$0,$0
5,2017-06-30,47.05,$40.80,1.15,$23.74,1.98,$40.34,1.17,$8.39,5.61,$0.02B,$0.04B,0.61,$0.04B,$0.09B,0.46,$0.07B,$0.07B,100.00%,$0.07B,$0.05B,67.61%,$0.07B,$0.05B,67.61%,$0.07B,$0.08B,118.31%,$0.07B,$0.05B,64.79%,$0.07B,$0.03B,35.21%,$0.03B,$0.09B,31.45%,$0.03B,$0.09B,31.45%,$0.03B,$0.23B,11.27%,$0.05B,$0.13B,42.11%,$22,$0,$22,$0,$13,$21,$1,$-0,$0,$0,$0,$0,$0,$9,$1,$2,3,$0.16,$0.12,$12,$0,$2,$23,$206,$0,$0,$1,$207,$230,$38,$41,$16,$103,$141,$0,$119,$0,$89,$230,$28,$16,$-39,$-23,$-2,$0,$-3,$-1,$9,$15,$16,$0,$0,$0,$0,$0,$0,$16,$-25,$0,$-25,$-5,$-5,$0,$-0,$-29,$1,$0,$0
6,2017-03-31,50.0,$41.09,1.22,$21.06,2.37,$32.91,1.52,$9.10,5.49,$0.03B,$0.05B,0.52,$0.03B,$0.09B,0.29,$0.06B,$0.06B,100.00%,$0.06B,$0.05B,84.13%,$0.06B,$0.05B,84.13%,$0.06B,$0.09B,139.68%,$0.06B,$0.05B,82.54%,$0.06B,$0.03B,44.44%,$0.03B,$0.09B,38.10%,$0.03B,$0.09B,38.10%,$0.03B,$0.23B,12.58%,$0.05B,$0.12B,43.89%,$20,$0,$20,$0,$12,$-22,$42,$-1,$42,$14,$28,$28,$22,$50,$42,$2,3,$9.77,$7.35,$16,$0,$1,$25,$203,$0,$0,$0,$203,$228,$48,$27,$17,$86,$134,$0,$119,$0,$94,$228,$28,$8,$-40,$-32,$-1,$0,$-1,$-0,$21,$17,$28,$0,$0,$0,$0,$0,$0,$28,$-39,$0,$-39,$-0,$-0,$0,$-0,$-39,$5,$0,$0
7,2016-12-31,54.0,$28.84,1.87,$18.64,2.9,$17.75,3.04,$0.94,57.45,$0.02B,$0.03B,0.67,$0.07B,$0.07B,1.01,$0.06B,$0.06B,100.00%,$0.06B,$0.01B,17.86%,$0.06B,$0.01B,17.86%,$0.06B,$0.04B,75.00%,$0.06B,$0.01B,14.29%,$0.06B,$0.00B,7.14%,$0.00B,$0.07B,6.13%,$0.00B,$0.07B,6.13%,$0.00B,$0.22B,1.79%,$0.01B,$0.13B,7.66%,$13,$0,$13,$0,$10,$16,$-3,$-1,$-3,$-1,$-2,$-2,$-2,$9,$-3,$2,3,$-0.94,$-0.51,$10,$0,$0,$18,$196,$0,$0,$0,$197,$215,$27,$66,$18,$122,$149,$0,$96,$0,$66,$215,$5,$30,$-29,$2,$2,$0,$-0,$0,$4,$11,$14,$0,$0,$0,$0,$0,$0,$14,$-26,$0,$-26,$-1,$-1,$0,$-1,$-29,$-3,$0,$0
8,2016-09-30,58.31,$30.16,1.93,$20.97,2.78,$13.12,4.44,$-2.78,0.0,$0.02B,$0.09B,0.19,$0.00B,$0.07B,0.05,$0.06B,$0.06B,100.00%,$0.06B,$-0.00B,-3.45%,$0.06B,$-0.00B,-3.45%,$0.06B,$0.03B,56.90%,$0.06B,$-0.01B,-8.62%,$0.06B,$-0.00B,-6.90%,$-0.00B,$0.07B,-6.20%,$-0.00B,$0.07B,-6.20%,$-0.00B,$0.21B,-1.77%,$-0.00B,$0.07B,-1.47%,$16,$0,$16,$0,$11,$8,$8,$-1,$7,$3,$5,$5,$5,$16,$8,$2,3,$2.15,$1.62,$9,$0,$1,$17,$197,$0,$0,$0,$197,$214,$91,$3,$12,$54,$145,$0,$98,$0,$69,$214,$8,$19,$-25,$-6,$2,$0,$-2,$-1,$3,$5,$17,$0,$0,$0,$0,$0,$0,$17,$-24,$0,$-24,$-1,$-1,$0,$-1,$-26,$-4,$0,$0
9,2016-06-30,60.76,$28.48,2.13,$24.86,2.44,$8.03,7.56,$-4.68,0.0,$0.03B,$0.03B,1.15,$0.09B,$0.07B,1.42,$0.06B,$0.06B,100.00%,$0.06B,$-0.01B,-15.87%,$0.06B,$-0.01B,-15.87%,$0.06B,$0.02B,34.92%,$0.06B,$-0.01B,-20.63%,$0.06B,$-0.01B,-15.87%,$-0.01B,$0.07B,-15.21%,$-0.01B,$0.07B,-15.21%,$-0.01B,$0.23B,-4.28%,$-0.01B,$0.16B,-6.27%,$14,$0,$14,$0,$13,$8,$6,$-1,$6,$1,$4,$4,$3,$13,$6,$2,3,$1.10,$0.83,$22,$0,$1,$30,$203,$0,$0,$0,$204,$233,$26,$93,$11,$142,$168,$0,$94,$0,$65,$233,$3,$12,$-16,$-4,$3,$0,$-4,$1,$6,$5,$4,$0,$0,$0,$0,$0,$0,$4,$0,$0,$0,$-1,$-1,$0,$-0,$-0,$9,$0,$0
10,2016-03-31,33.39,$26.66,1.25,$28.67,1.16,$6.13,5.45,$-6.35,0.0,$0.03B,$0.03B,1.08,$0.10B,$0.06B,1.62,$0.07B,$0.07B,100.00%,$0.07B,$-0.02B,-26.09%,$0.07B,$-0.02B,-26.09%,$0.07B,$0.01B,18.84%,$0.07B,$-0.02B,-31.88%,$0.07B,$-0.02B,-21.74%,$-0.02B,$0.06B,-21.98%,$-0.02B,$0.06B,-21.98%,$-0.02B,$0.23B,-6.32%,$-0.02B,$0.16B,-11.09%,$13,$0,$13,$0,$14,$14,$-1,$-1,$-2,$-1,$-1,$-1,$-2,$4,$-1,$2,3,$-0.81,$-0.81,$17,$0,$1,$27,$205,$0,$0,$0,$206,$233,$25,$99,$10,$146,$172,$0,$91,$0,$61,$233,$-1,$5,$-5,$0,$0,$0,$-3,$1,$2,$1,$-3,$0,$0,$0,$0,$0,$0,$-3,$6,$0,$6,$-0,$-0,$0,$-0,$6,$4,$0,$0
11,2015-12-31,53.0,$27.29,1.94,$31.77,1.67,$5.87,9.04,$-5.54,0.0,$0.02B,$0.02B,1.03,$0.09B,$0.06B,1.47,$0.08B,$0.08B,100.00%,$0.08B,$-0.02B,-20.25%,$0.08B,$-0.02B,-20.25%,$0.08B,$0.02B,18.99%,$0.08B,$-0.02B,-25.32%,$0.08B,$-0.01B,-16.46%,$-0.01B,$0.06B,-17.99%,$-0.01B,$0.06B,-17.99%,$-0.01B,$0.23B,-5.34%,$-0.02B,$0.16B,-9.62%,$15,$0,$15,$0,$15,$30,$-15,$-1,$-16,$-5,$-10,$-10,$-10,$0,$-15,$2,2,$-4.42,$-4.41,$13,$0,$0,$24,$202,$0,$0,$1,$203,$226,$23,$93,$10,$140,$163,$0,$93,$-0,$63,$226,$-13,$32,$9,$41,$3,$0,$-4,$0,$-6,$21,$-13,$0,$0,$0,$0,$0,$0,$-13,$-6,$0,$-6,$-2,$-2,$0,$-0,$-8,$1,$0,$0
12,2015-09-30,72.0,$31.89,2.26,$39.31,1.83,$9.93,7.25,$2.17,33.18,$0.03B,$0.03B,1.11,$0.09B,$0.07B,1.25,$0.11B,$0.11B,100.00%,$0.11B,$0.02B,14.81%,$0.11B,$0.02B,14.81%,$0.11B,$0.04B,37.96%,$0.11B,$0.01B,11.11%,$0.11B,$0.01B,6.48%,$0.01B,$0.07B,9.21%,$0.01B,$0.07B,9.21%,$0.01B,$0.24B,2.77%,$0.02B,$0.17B,9.32%,$21,$0,$21,$0,$16,$22,$-0,$-1,$-1,$-0,$-1,$-1,$-1,$5,$-0,$2,2,$-0.28,$-0.28,$9,$0,$7,$27,$214,$0,$0,$1,$214,$242,$25,$92,$11,$143,$168,$0,$103,$-0,$74,$242,$-3,$17,$8,$25,$1,$0,$-5,$1,$-8,$14,$-9,$0,$0,$0,$0,$0,$0,$-9,$-7,$0,$-7,$-2,$-2,$0,$-0,$-8,$-4,$0,$0
13,2015-06-30,56.0,$32.37,1.73,$43.10,1.3,$16.11,3.48,$5.92,9.46,$0.03B,$0.03B,1.11,$0.09B,$0.08B,1.26,$0.13B,$0.13B,100.00%,$0.13B,$0.03B,26.56%,$0.13B,$0.03B,26.56%,$0.13B,$0.06B,46.88%,$0.13B,$0.03B,23.44%,$0.13B,$0.02B,14.84%,$0.02B,$0.08B,25.42%,$0.02B,$0.08B,25.42%,$0.02B,$0.25B,7.44%,$0.03B,$0.17B,19.80%,$20,$0,$20,$0,$16,$21,$-2,$-1,$-3,$-1,$-2,$-2,$-2,$4,$-2,$2,2,$-0.84,$-0.84,$10,$0,$9,$31,$216,$0,$0,$1,$217,$248,$28,$94,$11,$145,$173,$0,$104,$-0,$75,$248,$-2,$11,$6,$17,$-0,$0,$-2,$0,$-7,$9,$-6,$0,$0,$0,$0,$0,$0,$-6,$-4,$0,$-4,$-1,$-1,$0,$-0,$-6,$-3,$0,$0
14,2015-03-31,53.5,$33.16,1.61,$44.08,1.21,$19.22,2.78,$7.80,6.86,$0.04B,$0.03B,1.2,$0.10B,$0.08B,1.29,$0.14B,$0.14B,100.00%,$0.14B,$0.04B,30.66%,$0.14B,$0.04B,30.66%,$0.14B,$0.07B,49.64%,$0.14B,$0.04B,27.74%,$0.14B,$0.02B,17.52%,$0.02B,$0.08B,33.92%,$0.02B,$0.08B,33.92%,$0.02B,$0.26B,9.37%,$0.04B,$0.18B,24.49%,$23,$0,$23,$0,$17,$22,$1,$-1,$-0,$0,$-0,$-0,$0,$6,$1,$2,3,$0.01,$0.00,$10,$0,$15,$37,$219,$0,$0,$1,$220,$257,$31,$99,$11,$149,$180,$0,$106,$-0,$77,$257,$-0,$5,$2,$7,$1,$0,$-1,$0,$-6,$1,$-4,$0,$0,$0,$0,$0,$0,$-4,$0,$0,$0,$-1,$-1,$0,$-0,$-1,$-4,$0,$0
15,2014-12-31,72.74,$33.54,2.17,$46.36,1.57,$22.19,3.28,$8.70,8.36,$0.04B,$0.04B,1.13,$0.10B,$0.08B,1.26,$0.14B,$0.14B,100.00%,$0.14B,$0.05B,32.64%,$0.14B,$0.05B,32.64%,$0.14B,$0.07B,51.39%,$0.14B,$0.04B,29.86%,$0.14B,$0.03B,18.75%,$0.03B,$0.08B,41.22%,$0.03B,$0.08B,41.22%,$0.03B,$0.27B,10.65%,$0.05B,$0.18B,27.61%,$44,$0,$44,$0,$19,$28,$17,$-1,$16,$5,$10,$10,$10,$26,$17,$2,3,$4.32,$3.27,$13,$0,$18,$44,$220,$0,$0,$1,$221,$265,$39,$98,$11,$148,$187,$0,$106,$-0,$78,$265,$29,$26,$-12,$14,$5,$0,$1,$0,$13,$56,$-32,$0,$0,$0,$0,$0,$0,$-32,$-21,$0,$-21,$-3,$-3,$0,$-1,$-25,$-0,$0,$0
16,2014-09-30,65.13,$29.40,2.21,$41.89,1.55,$16.12,4.04,$5.95,10.95,$0.03B,$0.04B,0.85,$0.10B,$0.07B,1.4,$0.13B,$0.13B,100.00%,$0.13B,$0.03B,25.95%,$0.13B,$0.03B,25.95%,$0.13B,$0.06B,43.51%,$0.13B,$0.03B,22.90%,$0.13B,$0.02B,14.50%,$0.02B,$0.07B,32.07%,$0.02B,$0.07B,32.07%,$0.02B,$0.25B,7.66%,$0.03B,$0.17B,20.09%,$41,$0,$41,$0,$20,$23,$18,$-1,$17,$6,$11,$11,$11,$24,$18,$2,3,$4.58,$3.47,$13,$0,$4,$33,$217,$0,$0,$1,$219,$252,$39,$96,$7,$144,$183,$0,$95,$-0,$69,$252,$19,$17,$-2,$15,$1,$0,$0,$0,$10,$44,$-19,$0,$0,$0,$0,$0,$0,$-19,$-23,$0,$-23,$-3,$-3,$0,$-0,$-26,$-0,$0,$0
17,2014-06-30,62.0,$24.99,2.48,$38.27,1.62,$11.52,5.38,$3.19,19.44,$0.03B,$0.04B,0.82,$0.11B,$0.06B,1.85,$0.12B,$0.12B,100.00%,$0.12B,$0.02B,17.50%,$0.12B,$0.02B,17.50%,$0.12B,$0.04B,35.83%,$0.12B,$0.02B,14.17%,$0.12B,$0.01B,8.33%,$0.01B,$0.06B,18.10%,$0.01B,$0.06B,18.10%,$0.01B,$0.25B,4.09%,$0.02B,$0.17B,12.35%,$29,$0,$29,$0,$18,$23,$6,$-1,$5,$1,$4,$4,$3,$12,$6,$2,3,$1.37,$1.04,$14,$0,$3,$33,$218,$0,$0,$1,$219,$251,$40,$109,$9,$152,$192,$0,$85,$-0,$59,$251,$8,$11,$4,$15,$2,$0,$-1,$0,$6,$29,$-16,$0,$0,$0,$0,$0,$0,$-16,$-11,$0,$-11,$-1,$-1,$0,$-0,$-12,$1,$0,$0
18,2014-03-31,52.4,$23.55,2.22,$40.60,1.29,$8.68,6.04,$4.07,12.87,$0.03B,$0.03B,0.98,$0.12B,$0.06B,2.07,$0.13B,$0.13B,100.00%,$0.13B,$0.03B,20.31%,$0.13B,$0.03B,20.31%,$0.13B,$0.05B,37.50%,$0.13B,$0.02B,17.19%,$0.13B,$0.01B,10.16%,$0.01B,$0.06B,24.41%,$0.01B,$0.06B,24.41%,$0.01B,$0.25B,5.39%,$0.03B,$0.17B,15.20%,$30,$0,$30,$0,$22,$24,$6,$-1,$5,$1,$4,$4,$3,$12,$6,$2,3,$1.18,$0.90,$13,$0,$3,$33,$211,$0,$0,$2,$212,$246,$34,$116,$7,$156,$190,$0,$81,$-0,$56,$246,$4,$5,$0,$5,$-0,$0,$1,$0,$2,$11,$-5,$0,$0,$0,$0,$0,$0,$-5,$-4,$0,$-4,$-1,$-1,$0,$-0,$-6,$1,$0,$0
19,2013-12-31,51.42,$22.24,2.31,$39.23,1.31,$6.92,7.43,$3.87,13.29,$0.03B,$0.03B,1.07,$0.12B,$0.05B,2.26,$0.13B,$0.13B,100.00%,$0.13B,$0.03B,20.00%,$0.13B,$0.03B,20.00%,$0.13B,$0.05B,36.00%,$0.13B,$0.02B,16.80%,$0.13B,$0.01B,9.60%,$0.01B,$0.05B,23.76%,$0.01B,$0.05B,23.76%,$0.01B,$0.24B,5.06%,$0.03B,$0.17B,14.71%,$31,$0,$31,$0,$22,$27,$4,$-1,$3,$1,$2,$2,$2,$9,$4,$2,3,$0.71,$0.53,$12,$0,$2,$33,$208,$0,$0,$2,$210,$243,$30,$120,$7,$159,$190,$0,$79,$-0,$53,$243,$13,$22,$5,$27,$-5,$0,$-1,$0,$-4,$36,$-30,$0,$0,$0,$0,$0,$0,$-30,$-0,$0,$-0,$-4,$-4,$0,$-0,$-5,$1,$0,$0
20,2013-09-30,50.29,$21.78,2.31,$38.65,1.3,$-8.40,0.0,$4.83,10.41,$0.04B,$0.03B,1.04,$0.12B,$0.05B,2.19,$0.13B,$0.13B,100.00%,$0.13B,$0.03B,22.40%,$0.13B,$0.03B,22.40%,$0.13B,$0.05B,37.60%,$0.13B,$0.02B,19.20%,$0.13B,$0.02B,12.00%,$0.02B,$0.05B,31.09%,$0.02B,$0.05B,31.09%,$0.02B,$0.24B,6.42%,$0.03B,$0.17B,16.64%,$30,$0,$30,$0,$21,$25,$5,$-1,$4,$1,$3,$3,$2,$10,$5,$2,3,$0.92,$0.71,$15,$0,$3,$35,$201,$0,$0,$2,$203,$238,$34,$115,$7,$152,$186,$0,$77,$-0,$53,$238,$12,$16,$4,$21,$-5,$0,$-0,$0,$-2,$31,$-19,$0,$0,$0,$0,$0,$0,$-19,$-5,$0,$-5,$-3,$-3,$0,$-0,$-8,$3,$0,$0
21,2013-06-30,37.0,$20.90,1.77,$37.03,1.0,$-22.22,0.0,$4.52,8.19,$0.03B,$0.03B,1.21,$0.12B,$0.05B,2.4,$0.12B,$0.12B,100.00%,$0.12B,$0.03B,21.49%,$0.12B,$0.03B,21.49%,$0.12B,$0.05B,38.02%,$0.12B,$0.02B,18.18%,$0.12B,$0.01B,11.57%,$0.01B,$0.05B,30.60%,$0.01B,$0.05B,30.60%,$0.01B,$0.24B,6.11%,$0.03B,$0.17B,15.81%,$37,$0,$37,$0,$21,$26,$11,$-1,$10,$4,$7,$7,$6,$17,$11,$2,3,$2.51,$1.92,$13,$0,$3,$34,$199,$0,$0,$3,$203,$237,$28,$121,$8,$158,$186,$0,$75,$0,$51,$237,$9,$11,$0,$11,$-5,$0,$-1,$0,$-3,$17,$-13,$0,$0,$0,$0,$0,$0,$-13,$-1,$0,$-1,$-3,$-3,$0,$-0,$-4,$1,$0,$0
22,2013-03-31,29.49,$18.29,1.61,$36.39,0.81,$-30.89,0.0,$4.80,6.14,$0.03B,$0.03B,0.92,$0.12B,$0.05B,2.72,$0.12B,$0.12B,100.00%,$0.12B,$0.03B,22.31%,$0.12B,$0.03B,22.31%,$0.12B,$0.05B,39.67%,$0.12B,$0.02B,19.01%,$0.12B,$0.02B,12.40%,$0.02B,$0.05B,34.48%,$0.02B,$0.05B,34.48%,$0.02B,$0.23B,6.73%,$0.03B,$0.17B,17.25%,$27,$0,$27,$0,$19,$22,$5,$-1,$4,$1,$2,$2,$2,$9,$5,$2,3,$0.90,$0.70,$13,$0,$3,$29,$201,$0,$0,$1,$202,$231,$31,$122,$8,$155,$186,$0,$69,$-0,$45,$231,$2,$5,$2,$7,$-0,$0,$2,$0,$2,$11,$-10,$0,$0,$0,$0,$0,$0,$-10,$0,$0,$0,$-2,$-2,$0,$-0,$-2,$-1,$0,$0
23,2012-12-31,23.0,$17.60,1.31,$35.85,0.64,$-34.05,0.0,$4.49,5.12,$0.03B,$0.03B,1.0,$0.12B,$0.04B,2.76,$0.12B,$0.12B,100.00%,$0.12B,$0.03B,20.66%,$0.12B,$0.03B,20.66%,$0.12B,$0.05B,40.50%,$0.12B,$0.02B,17.36%,$0.12B,$0.01B,11.57%,$0.01B,$0.04B,33.73%,$0.01B,$0.04B,33.73%,$0.01B,$0.23B,6.51%,$0.03B,$0.17B,17.24%,$31,$0,$31,$0,$20,$23,$7,$-1,$6,$2,$4,$4,$5,$11,$7,$3,3,$1.93,$1.49,$13,$0,$2,$30,$197,$0,$0,$1,$198,$228,$30,$122,$7,$153,$184,$0,$66,$-0,$44,$228,$15,$23,$3,$26,$3,$-0,$-10,$6,$-1,$40,$-85,$0,$0,$0,$0,$0,$0,$-85,$52,$0,$52,$-5,$-5,$0,$-1,$46,$-0,$0,$0
24,2012-09-30,27.49,$16.52,1.66,$34.41,0.8,$-19.51,0.0,$2.91,9.45,$0.04B,$0.04B,0.98,$0.11B,$0.04B,2.57,$0.12B,$0.12B,100.00%,$0.12B,$0.02B,14.53%,$0.12B,$0.02B,14.53%,$0.12B,$0.05B,38.46%,$0.12B,$0.01B,11.97%,$0.12B,$0.01B,7.69%,$0.01B,$0.04B,22.78%,$0.01B,$0.04B,22.78%,$0.01B,$0.22B,4.41%,$0.02B,$0.15B,13.08%,$26,$0,$26,$0,$17,$23,$3,$-1,$2,$0,$2,$2,$1,$9,$3,$3,3,$0.51,$0.40,$15,$0,$4,$37,$183,$0,$0,$1,$184,$221,$38,$110,$8,$141,$178,$0,$61,$-0,$43,$221,$11,$20,$2,$21,$-2,$0,$-4,$6,$1,$33,$-68,$0,$0,$0,$0,$0,$0,$-68,$40,$0,$40,$-3,$-3,$0,$-1,$36,$2,$0,$0
25,2012-06-30,26.9,$16.06,1.68,$39.84,0.68,$-7.49,0.0,$3.74,7.19,$0.04B,$0.04B,0.89,$0.10B,$0.04B,2.32,$0.14B,$0.14B,100.00%,$0.14B,$0.02B,15.33%,$0.14B,$0.02B,15.33%,$0.14B,$0.07B,48.18%,$0.14B,$0.02B,13.87%,$0.14B,$0.01B,8.76%,$0.01B,$0.04B,31.58%,$0.01B,$0.04B,31.58%,$0.01B,$0.21B,6.19%,$0.02B,$0.14B,17.72%,$37,$0,$37,$0,$18,$25,$12,$-1,$11,$4,$8,$8,$7,$19,$12,$3,3,$2.81,$2.20,$14,$0,$4,$38,$172,$0,$0,$2,$174,$212,$43,$98,$7,$127,$170,$0,$60,$0,$42,$212,$9,$14,$-2,$12,$-4,$0,$2,$5,$4,$26,$-51,$0,$0,$0,$0,$0,$0,$-51,$28,$0,$28,$-2,$-2,$0,$-1,$25,$0,$0,$0
26,2012-03-31,25.75,$13.74,1.87,$38.91,0.66,$0.98,26.35,$2.46,10.47,$0.04B,$0.05B,0.84,$0.09B,$0.04B,2.29,$0.14B,$0.14B,100.00%,$0.14B,$0.02B,11.03%,$0.14B,$0.02B,11.03%,$0.14B,$0.07B,47.79%,$0.14B,$0.01B,9.56%,$0.14B,$0.01B,5.88%,$0.01B,$0.04B,22.38%,$0.01B,$0.04B,22.38%,$0.01B,$0.20B,4.26%,$0.02B,$0.12B,13.67%,$27,$0,$27,$0,$18,$24,$3,$-1,$2,$0,$2,$2,$1,$10,$3,$3,3,$0.49,$0.39,$18,$0,$9,$41,$157,$0,$0,$1,$158,$199,$50,$85,$10,$113,$163,$0,$53,$0,$37,$199,$2,$7,$4,$10,$2,$0,$-5,$1,$-2,$10,$-20,$0,$0,$0,$0,$0,$0,$-20,$14,$0,$14,$-0,$-0,$0,$-0,$14,$4,$0,$0
27,2011-12-31,22.59,$13.23,1.71,$37.86,0.6,$3.47,6.51,$1.21,18.67,$0.04B,$0.05B,0.74,$0.07B,$0.04B,1.95,$0.13B,$0.13B,100.00%,$0.13B,$0.01B,7.81%,$0.13B,$0.01B,7.81%,$0.13B,$0.06B,46.09%,$0.13B,$0.01B,6.25%,$0.13B,$0.01B,3.91%,$0.01B,$0.04B,14.71%,$0.01B,$0.04B,14.71%,$0.01B,$0.19B,2.67%,$0.01B,$0.11B,9.24%,$27,$0,$27,$0,$20,$27,$-1,$-0,$-1,$-1,$0,$0,$-0,$7,$-1,$3,3,$-0.11,$0.09,$14,$0,$2,$40,$145,$0,$0,$1,$145,$185,$54,$70,$8,$96,$149,$0,$51,$0,$36,$185,$7,$48,$0,$48,$-4,$0,$-4,$-6,$-14,$41,$-38,$0,$0,$0,$0,$0,$0,$-38,$-3,$-20,$-23,$-2,$-2,$0,$-2,$-27,$-24,$0,$0
28,2011-09-30,19.54,$13.57,1.44,$38.06,0.51,$15.89,1.23,$-0.80,0.0,$0.04B,$0.05B,0.82,$0.07B,$0.04B,1.88,$0.13B,$0.13B,100.00%,$0.13B,$0.00B,0.77%,$0.13B,$0.00B,0.77%,$0.13B,$0.06B,48.46%,$0.13B,$-0.00B,-1.54%,$0.13B,$-0.00B,-2.31%,$-0.00B,$0.04B,-9.02%,$-0.00B,$0.04B,-9.02%,$-0.00B,$0.18B,-1.55%,$0.00B,$0.11B,0.88%,$46,$0,$46,$0,$17,$39,$7,$-1,$7,$2,$5,$5,$4,$30,$7,$3,3,$1.56,$1.23,$20,$0,$6,$39,$137,$0,$0,$4,$141,$180,$47,$70,$7,$95,$143,$0,$52,$0,$37,$180,$7,$41,$-9,$32,$0,$0,$-8,$0,$-8,$31,$-25,$0,$0,$0,$0,$0,$0,$-25,$-3,$-20,$-23,$-2,$-2,$0,$-1,$-26,$-20,$0,$0
29,2011-06-30,23.4,$12.16,1.92,$31.49,0.74,$22.43,1.04,$-1.81,0.0,$0.04B,$0.04B,0.91,$0.07B,$0.03B,2.15,$0.11B,$0.11B,100.00%,$0.11B,$-0.00B,-2.78%,$0.11B,$-0.00B,-2.78%,$0.11B,$0.04B,39.81%,$0.11B,$-0.01B,-7.41%,$0.11B,$-0.01B,-5.56%,$-0.01B,$0.03B,-17.39%,$-0.01B,$0.03B,-17.39%,$-0.01B,$0.19B,-3.00%,$-0.00B,$0.11B,-2.51%,$36,$0,$36,$0,$17,$29,$6,$-1,$5,$2,$4,$4,$3,$18,$6,$3,3,$1.16,$0.92,$22,$1,$2,$40,$146,$0,$0,$1,$147,$187,$44,$72,$21,$110,$153,$0,$47,$0,$33,$187,$2,$18,$3,$21,$-0,$0,$-3,$-0,$-4,$19,$-16,$0,$0,$0,$0,$0,$0,$-16,$-1,$-20,$-21,$-1,$-1,$0,$-0,$-22,$-18,$0,$0
30,2011-03-31,26.16,$10.88,2.4,$30.23,0.87,$25.45,1.03,$-1.05,0.0,$0.05B,$0.04B,1.11,$0.09B,$0.03B,2.81,$0.11B,$0.11B,100.00%,$0.11B,$0.00B,1.90%,$0.11B,$0.00B,1.90%,$0.11B,$0.04B,40.95%,$0.11B,$-0.00B,-3.81%,$0.11B,$-0.00B,-2.86%,$-0.00B,$0.03B,-8.16%,$-0.00B,$0.03B,-8.16%,$-0.00B,$0.20B,-1.46%,$0.00B,$0.12B,1.56%,$19,$0,$19,$0,$15,$21,$-2,$-1,$-3,$-1,$-2,$-2,$-2,$4,$-2,$3,3,$-0.86,$-0.86,$28,$1,$2,$48,$148,$0,$0,$1,$149,$197,$44,$85,$24,$123,$167,$0,$44,$0,$30,$197,$-2,$6,$8,$14,$-2,$0,$-4,$1,$-7,$5,$-6,$0,$0,$0,$0,$0,$0,$-6,$-5,$-4,$-9,$-1,$-1,$0,$-0,$-10,$-11,$0,$0
31,2010-12-31,19.35,$11.81,1.64,$32.06,0.6,$27.70,0.7,$0.72,26.87,$0.06B,$0.05B,1.21,$0.09B,$0.03B,2.81,$0.12B,$0.12B,100.00%,$0.12B,$0.01B,10.17%,$0.12B,$0.01B,10.17%,$0.12B,$0.06B,47.46%,$0.12B,$0.01B,4.24%,$0.12B,$0.00B,1.69%,$0.00B,$0.03B,5.16%,$0.00B,$0.03B,5.16%,$0.00B,$0.21B,0.95%,$0.01B,$0.13B,8.92%,$29,$-0,$29,$0,$18,$39,$-10,$-1,$-11,$-4,$-7,$-7,$-8,$11,$-10,$3,4,$-2.57,$-2.06,$39,$0,$4,$58,$150,$0,$0,$1,$150,$208,$48,$93,$18,$127,$175,$0,$46,$0,$33,$208,$3,$46,$-2,$44,$1,$1,$12,$-0,$15,$62,$-13,$0,$0,$0,$0,$0,$0,$-13,$-23,$0,$-23,$-3,$-3,$0,$-2,$-28,$21,$0,$0
32,2010-09-30,18.3,$14.79,1.24,$30.99,0.59,$19.70,0.93,$-1.70,0.0,$0.04B,$0.04B,1.05,$0.09B,$0.04B,2.11,$0.11B,$0.11B,100.00%,$0.11B,$0.00B,2.73%,$0.11B,$0.00B,2.73%,$0.11B,$0.05B,45.45%,$0.11B,$-0.01B,-4.55%,$0.11B,$-0.00B,-3.64%,$-0.00B,$0.04B,-10.26%,$-0.00B,$0.04B,-10.26%,$-0.00B,$0.21B,-1.89%,$0.00B,$0.13B,2.17%,$24,$0,$24,$0,$15,$21,$3,$-2,$1,$0,$1,$1,$1,$10,$3,$3,4,$0.28,$0.22,$18,$1,$4,$38,$166,$0,$0,$2,$168,$207,$37,$89,$18,$128,$164,$0,$54,$0,$42,$207,$10,$24,$-1,$23,$-1,$0,$4,$0,$4,$38,$-8,$0,$0,$0,$0,$0,$0,$-8,$-26,$0,$-26,$-2,$-2,$0,$-1,$-29,$1,$0,$0
33,2010-06-30,19.74,$14.44,1.37,$31.96,0.62,$17.09,1.15,$-2.68,0.0,$0.04B,$0.03B,1.07,$0.10B,$0.04B,2.38,$0.11B,$0.11B,100.00%,$0.11B,$-0.00B,-0.92%,$0.11B,$-0.00B,-0.92%,$0.11B,$0.05B,44.04%,$0.11B,$-0.01B,-8.26%,$0.11B,$-0.01B,-6.42%,$-0.01B,$0.04B,-17.28%,$-0.01B,$0.04B,-17.28%,$-0.01B,$0.21B,-3.20%,$-0.00B,$0.14B,-0.69%,$33,$0,$33,$0,$15,$22,$11,$-2,$9,$3,$7,$7,$6,$18,$11,$3,4,$2.09,$1.68,$17,$1,$2,$37,$171,$0,$0,$4,$176,$212,$34,$99,$17,$136,$171,$0,$53,$0,$42,$212,$10,$17,$-4,$13,$-1,$1,$-1,$2,$1,$23,$-8,$0,$0,$0,$0,$0,$0,$-8,$-13,$0,$-13,$-2,$-2,$0,$-1,$-16,$-0,$0,$0
34,2010-03-31,29.0,$12.42,2.33,$30.54,0.95,$16.08,1.8,$-5.46,0.0,$0.04B,$0.04B,1.01,$0.10B,$0.04B,2.7,$0.10B,$0.10B,100.00%,$0.10B,$-0.02B,-16.16%,$0.10B,$-0.02B,-16.16%,$0.10B,$0.04B,36.36%,$0.10B,$-0.02B,-24.24%,$0.10B,$-0.02B,-17.17%,$-0.02B,$0.04B,-40.00%,$-0.02B,$0.04B,-40.00%,$-0.02B,$0.21B,-7.54%,$-0.02B,$0.14B,-10.77%,$32,$0,$32,$0,$15,$25,$8,$-2,$6,$2,$4,$4,$3,$17,$8,$3,4,$1.14,$0.91,$16,$2,$3,$36,$174,$0,$0,$1,$175,$211,$36,$101,$18,$138,$174,$0,$47,$-0,$38,$211,$3,$10,$-2,$8,$0,$0,$-2,$0,$-1,$11,$-3,$0,$0,$0,$0,$0,$0,$-3,$-8,$0,$-8,$-0,$-0,$0,$-0,$-8,$-1,$0,$0
35,2009-12-31,36.39,$11.14,3.27,$29.60,1.23,$14.96,2.43,$-7.29,0.0,$0.04B,$0.04B,0.88,$0.11B,$0.03B,3.17,$0.09B,$0.09B,100.00%,$0.09B,$-0.03B,-31.11%,$0.09B,$-0.03B,-31.11%,$0.09B,$0.03B,30.00%,$0.09B,$-0.04B,-38.89%,$0.09B,$-0.02B,-25.56%,$-0.02B,$0.03B,-49.20%,$-0.02B,$0.03B,-49.20%,$-0.02B,$0.22B,-9.76%,$-0.03B,$0.14B,-18.09%,$21,$0,$21,$0,$15,$39,$-19,$-2,$-21,$-8,$-13,$-13,$-14,$5,$-19,$3,3,$-4.51,$-4.51,$17,$2,$1,$36,$181,$0,$0,$1,$182,$218,$40,$107,$20,$143,$184,$0,$44,$-0,$34,$218,$-24,$56,$-5,$51,$7,$3,$-3,$1,$7,$34,$-18,$0,$0,$0,$0,$0,$0,$-18,$-14,$0,$-14,$-0,$-0,$0,$-2,$-16,$-0,$0,$0
36,2009-09-30,28.68,$15.72,1.82,$31.95,0.9,$17.23,1.66,$-4.95,0.0,$0.04B,$0.04B,0.97,$0.11B,$0.05B,2.27,$0.10B,$0.10B,100.00%,$0.10B,$-0.02B,-19.23%,$0.10B,$-0.02B,-19.23%,$0.10B,$0.04B,36.54%,$0.10B,$-0.03B,-25.96%,$0.10B,$-0.02B,-16.35%,$-0.02B,$0.05B,-31.92%,$-0.02B,$0.05B,-31.92%,$-0.02B,$0.23B,-6.85%,$-0.02B,$0.16B,-12.40%,$23,$0,$23,$0,$15,$24,$-1,$-2,$-3,$-1,$-2,$-2,$-2,$8,$-1,$3,3,$-0.76,$-0.76,$19,$5,$0,$37,$195,$0,$0,$1,$196,$233,$38,$108,$18,$147,$185,$0,$57,$-0,$48,$233,$-10,$32,$-3,$29,$9,$-0,$-2,$1,$8,$27,$-10,$0,$0,$0,$0,$0,$0,$-10,$-13,$0,$-13,$-0,$-0,$0,$-1,$-15,$3,$0,$0
37,2009-06-30,35.81,$16.43,2.18,$35.41,1.01,$19.64,1.82,$-3.65,0.0,$0.04B,$0.04B,0.86,$0.11B,$0.05B,2.16,$0.12B,$0.12B,100.00%,$0.12B,$-0.01B,-9.76%,$0.12B,$-0.01B,-9.76%,$0.12B,$0.05B,42.28%,$0.12B,$-0.02B,-15.45%,$0.12B,$-0.01B,-10.57%,$-0.01B,$0.05B,-24.30%,$-0.01B,$0.05B,-24.30%,$-0.01B,$0.24B,-4.91%,$-0.01B,$0.16B,-7.47%,$23,$0,$23,$0,$15,$27,$-4,$-2,$-6,$-2,$-4,$-4,$-4,$6,$-4,$3,3,$-1.37,$-1.37,$16,$5,$0,$35,$204,$0,$0,$0,$204,$240,$41,$108,$18,$149,$190,$1,$66,$-0,$50,$240,$-8,$22,$-1,$21,$7,$0,$-1,$1,$5,$19,$-9,$0,$0,$0,$0,$0,$0,$-9,$-10,$0,$-10,$-0,$-0,$0,$-1,$-11,$-2,$0,$0
38,2009-03-31,49.9,$18.20,2.74,$40.86,1.22,$21.99,2.27,$-1.52,0.0,$0.04B,$0.05B,0.83,$0.11B,$0.06B,1.96,$0.15B,$0.15B,100.00%,$0.15B,$0.00B,1.34%,$0.15B,$0.00B,1.34%,$0.15B,$0.08B,50.34%,$0.15B,$-0.00B,-3.36%,$0.15B,$-0.01B,-3.36%,$-0.01B,$0.06B,-10.70%,$-0.01B,$0.06B,-10.81%,$-0.01B,$0.25B,-1.78%,$0.00B,$0.16B,1.27%,$23,$0,$23,$0,$15,$27,$-4,$-2,$-5,$-2,$-3,$-3,$-3,$8,$-4,$3,3,$-1.15,$-1.15,$20,$5,$1,$38,$213,$0,$0,$1,$214,$252,$46,$108,$18,$150,$197,$1,$70,$1,$55,$252,$-3,$12,$-2,$10,$7,$0,$-3,$0,$5,$11,$-9,$0,$0,$0,$0,$0,$0,$-9,$-2,$0,$-2,$-0,$-0,$0,$-1,$-3,$-0,$-0,$0
39,2008-12-31,51.95,$19.66,2.64,$44.34,1.17,$23.96,2.17,$0.08,649.37,$0.05B,$0.06B,0.83,$0.11B,$0.06B,1.79,$0.17B,$0.17B,100.00%,$0.17B,$0.01B,8.28%,$0.17B,$0.01B,8.28%,$0.17B,$0.09B,54.44%,$0.17B,$0.01B,3.55%,$0.17B,$0.00B,0.59%,$0.00B,$0.06B,2.33%,$0.00B,$0.06B,2.35%,$0.00B,$0.27B,0.35%,$0.01B,$0.17B,8.97%,$35,$0,$35,$0,$19,$46,$-11,$-2,$-13,$-5,$-8,$-8,$-8,$16,$-11,$3,4,$-2.69,$-2.16,$20,$5,$2,$46,$220,$0,$0,$1,$221,$268,$56,$107,$19,$152,$208,$1,$73,$1,$60,$268,$1,$78,$4,$82,$2,$0,$2,$-2,$1,$84,$-55,$0,$0,$0,$0,$0,$0,$-55,$-32,$0,$-32,$-5,$-5,$0,$-6,$-43,$-14,$0,$0
40,2008-09-30,74.0,$15.96,4.64,$47.22,1.57,$12.74,5.81,$2.48,29.84,$0.07B,$0.08B,0.85,$0.11B,$0.05B,2.17,$0.18B,$0.18B,100.00%,$0.18B,$0.03B,18.23%,$0.18B,$0.03B,18.23%,$0.18B,$0.11B,58.56%,$0.18B,$0.02B,11.05%,$0.18B,$0.01B,5.52%,$0.01B,$0.05B,24.84%,$0.01B,$0.05B,25.16%,$0.01B,$0.30B,3.35%,$0.03B,$0.15B,21.09%,$42,$0,$42,$0,$20,$36,$7,$-2,$5,$1,$4,$4,$2,$22,$7,$3,4,$0.68,$0.54,$32,$6,$1,$67,$231,$0,$0,$1,$231,$298,$79,$106,$27,$171,$250,$1,$82,$-8,$49,$298,$9,$51,$7,$58,$-1,$0,$6,$-1,$9,$76,$-45,$0,$0,$0,$0,$0,$0,$-45,$-25,$0,$-25,$-4,$-4,$0,$-3,$-32,$-1,$0,$0
41,2008-06-30,55.48,$7.10,7.82,$47.39,1.17,$-0.61,0.0,$2.14,25.93,$0.08B,$0.10B,0.74,$0.12B,$0.02B,5.25,$0.18B,$0.18B,100.00%,$0.18B,$0.03B,17.49%,$0.18B,$0.03B,17.49%,$0.18B,$0.11B,61.20%,$0.18B,$0.02B,8.74%,$0.18B,$0.01B,4.92%,$0.01B,$0.02B,21.43%,$0.01B,$0.02B,21.69%,$0.01B,$0.31B,3.02%,$0.03B,$0.14B,18.74%,$49,$0,$49,$0,$20,$39,$10,$-2,$8,$2,$6,$6,$4,$29,$10,$3,4,$1.31,$1.05,$26,$5,$0,$75,$230,$0,$0,$1,$231,$306,$102,$121,$41,$183,$285,$1,$83,$-35,$23,$306,$7,$36,$5,$41,$-6,$0,$13,$-2,$6,$54,$-33,$0,$0,$0,$0,$0,$0,$-33,$-16,$0,$-16,$-4,$-4,$0,$-3,$-23,$-2,$0,$0
42,2008-03-31,57.0,$13.09,4.35,$43.61,1.31,$-14.39,0.0,$1.80,31.67,$0.05B,$0.08B,0.68,$0.12B,$0.04B,2.97,$0.17B,$0.17B,100.00%,$0.17B,$0.03B,17.06%,$0.17B,$0.03B,17.06%,$0.17B,$0.10B,60.59%,$0.17B,$0.01B,7.06%,$0.17B,$0.01B,4.71%,$0.01B,$0.04B,15.92%,$0.01B,$0.04B,15.92%,$0.01B,$0.29B,2.67%,$0.03B,$0.16B,15.34%,$43,$0,$43,$0,$18,$35,$8,$-2,$6,$1,$4,$4,$3,$25,$8,$3,4,$0.88,$0.71,$21,$4,$0,$52,$232,$0,$0,$0,$233,$285,$76,$119,$23,$168,$245,$1,$77,$-13,$40,$285,$3,$17,$1,$18,$1,$-0,$1,$-1,$4,$25,$-14,$0,$0,$0,$0,$0,$0,$-14,$-9,$0,$-9,$-4,$-4,$0,$-1,$-14,$-3,$0,$0
43,2007-12-31,56.25,$15.52,3.62,$39.69,1.42,$-24.48,0.0,$1.94,28.99,$0.06B,$0.08B,0.75,$0.12B,$0.05B,2.47,$0.16B,$0.16B,99.36%,$0.16B,$0.03B,17.95%,$0.16B,$0.03B,17.95%,$0.16B,$0.09B,58.97%,$0.16B,$0.01B,7.05%,$0.16B,$0.01B,5.13%,$0.01B,$0.05B,15.02%,$0.01B,$0.05B,15.02%,$0.01B,$0.31B,2.63%,$0.03B,$0.17B,13.91%,$47,$0,$47,$0,$18,$39,$8,$-7,$1,$0,$1,$1,$1,$30,$8,$3,4,$0.37,$0.29,$29,$4,$1,$58,$246,$0,$0,$1,$247,$306,$78,$120,$20,$179,$257,$1,$73,$-4,$49,$306,$8,$65,$6,$70,$16,$0,$0,$1,$17,$95,$-109,$0,$0,$0,$0,$0,$0,$-109,$19,$0,$19,$-4,$-4,$0,$-4,$10,$-4,$0,$0
44,2007-09-30,56.75,$17.82,3.18,$32.81,1.73,$-42.11,0.0,$2.31,24.57,$0.05B,$0.05B,1.05,$0.16B,$0.06B,2.76,$0.13B,$0.13B,98.46%,$0.13B,$0.02B,18.46%,$0.13B,$0.02B,18.46%,$0.13B,$0.07B,50.77%,$0.13B,$0.01B,10.00%,$0.13B,$0.01B,6.92%,$0.01B,$0.06B,16.44%,$0.01B,$0.06B,16.44%,$0.01B,$0.29B,2.99%,$0.02B,$0.21B,11.61%,$44,$0,$44,$0,$16,$39,$6,$-4,$1,$0,$1,$1,$1,$28,$6,$3,4,$0.27,$0.22,$16,$4,$4,$47,$245,$0,$0,$1,$246,$294,$45,$155,$7,$192,$238,$1,$74,$2,$56,$294,$7,$43,$7,$49,$13,$1,$-6,$1,$13,$69,$-90,$0,$0,$0,$0,$0,$0,$-90,$19,$0,$19,$-4,$-4,$0,$-2,$13,$-7,$0,$0
45,2007-06-30,57.0,$17.51,3.26,$27.67,2.06,$-47.16,0.0,$3.75,15.2,$0.05B,$0.06B,0.88,$0.16B,$0.06B,2.91,$0.11B,$0.11B,98.20%,$0.11B,$0.03B,27.03%,$0.11B,$0.03B,27.03%,$0.11B,$0.06B,50.45%,$0.11B,$0.02B,20.72%,$0.11B,$0.02B,13.51%,$0.02B,$0.06B,27.78%,$0.02B,$0.06B,27.78%,$0.02B,$0.31B,5.37%,$0.03B,$0.22B,16.02%,$36,$0,$36,$0,$16,$29,$7,$-2,$4,$2,$3,$3,$3,$20,$7,$3,4,$0.85,$0.69,$16,$4,$3,$53,$260,$0,$0,$0,$261,$314,$60,$162,$7,$198,$258,$1,$73,$1,$56,$314,$6,$21,$2,$23,$7,$3,$-3,$-1,$6,$35,$-68,$0,$0,$0,$0,$0,$0,$-68,$24,$0,$24,$-2,$-2,$0,$0,$21,$-11,$0,$0
46,2007-03-31,58.16,$16.28,3.57,$24.33,2.39,$-42.24,0.0,$4.37,13.31,$0.05B,$0.06B,0.9,$0.16B,$0.05B,3.01,$0.10B,$0.10B,97.98%,$0.10B,$0.03B,31.31%,$0.10B,$0.03B,31.31%,$0.10B,$0.05B,48.48%,$0.10B,$0.03B,27.27%,$0.10B,$0.02B,17.17%,$0.02B,$0.05B,33.01%,$0.02B,$0.05B,33.01%,$0.02B,$0.30B,7.08%,$0.03B,$0.21B,19.56%,$29,$0,$28,$0,$14,$22,$7,$-1,$5,$2,$3,$3,$3,$14,$7,$3,4,$1.01,$0.82,$17,$4,$0,$53,$249,$0,$0,$0,$250,$303,$59,$156,$8,$192,$251,$1,$70,$-1,$52,$303,$3,$8,$2,$9,$2,$0,$-5,$0,$-1,$12,$-41,$0,$0,$0,$0,$0,$0,$-41,$20,$0,$20,$-1,$-1,$0,$0,$19,$-10,$0,$0
47,2006-12-31,64.5,$17.00,3.79,$22.73,2.84,$-34.99,0.0,$4.53,14.24,$0.07B,$0.07B,1.06,$0.14B,$0.06B,2.5,$0.09B,$0.09B,97.85%,$0.09B,$0.03B,33.33%,$0.09B,$0.03B,33.33%,$0.09B,$0.04B,47.31%,$0.09B,$0.03B,31.18%,$0.09B,$0.02B,19.35%,$0.02B,$0.06B,36.73%,$0.02B,$0.06B,36.73%,$0.02B,$0.29B,9.21%,$0.03B,$0.19B,24.95%,$21,$1,$20,$0,$13,$17,$4,$-0,$3,$1,$2,$2,$2,$4,$4,$3,4,$0.69,$0.57,$27,$4,$6,$72,$219,$0,$0,$1,$220,$292,$67,$136,$6,$169,$237,$1,$67,$4,$55,$292,$18,$14,$10,$25,$-16,$-3,$4,$6,$-11,$32,$-118,$0,$0,$0,$0,$0,$0,$-118,$107,$0,$107,$-7,$-7,$0,$0,$100,$14,$1,$0
