,Date,Stock Price,Book Value per Share,Price to Book Ratio,TTM Sales per Share,Price to Sales Ratio,TTM FCF per Share,Price to FCF Ratio,TTM Net EPS,PE Ratio,Current Assets,Current Liabilities,Current Ratio,Long Term Debt,Shareholder's Equity_x,Debt to Equity Ratio,TTM Revenue_x,TTM Gross Profit,Gross Margin,TTM Revenue_y,TTM Operating Income,Operating Margin,TTM Revenue_x,TTM EBIT,EBIT Margin,TTM Revenue_y,TTM EBITDA,EBITDA Margin,TTM Revenue_x,TTM Pre-Tax Income,Pre-Tax Margin,TTM Revenue_y,TTM Net Income_x,Net Margin,TTM Net Income_y,Shareholder's Equity_y,Return on Equity,TTM Net Income_x,Tangible Equity,Return on Tangible Equity,TTM Net Income_y,Total Assets,Return on Assets,TTM Net Income,LT Investments & Debt,Return on Investment,revenue,cost-goods-sold,gross-profit,research-development-expenses,selling-general-administrative-expenses,operating-expenses,operating-income,total-non-operating-income-expense,pre-tax-income,total-provision-income-taxes,income-after-taxes,income-from-continuous-operations,net-income,ebitda,ebit,basic-shares-outstanding,shares-outstanding,eps-basic-net-earnings-per-share,eps-earnings-per-share-diluted,cash-on-hand,inventory,other-current-assets,total-current-assets,net-property-plant-equipment,long-term-investments,goodwill-intangible-assets-total,other-long-term-assets,total-long-term-assets,total-assets,total-current-liabilities,long-term-debt,other-non-current-liabilities,total-long-term-liabilities,total-liabilities,common-stock-net,retained-earnings-accumulated-deficit,comprehensive-income,total-share-holder-equity,total-liabilities-share-holders-equity,net-income-loss,total-depreciation-amortization-cash-flow,other-non-cash-items,total-non-cash-items,change-in-accounts-receivable,change-in-inventories,change-in-accounts-payable,change-in-assets-liabilities,total-change-in-assets-liabilities,cash-flow-from-operating-activities,net-change-in-property-plant-equipment,net-change-in-intangible-assets,net-acquisitions-divestitures,net-change-in-short-term-investments,net-change-in-long-term-investments,net-change-in-investments-total,investing-activities-other,cash-flow-from-investing-activities,net-long-term-debt,net-current-debt,debt-issuance-retirement-net-total,net-common-equity-issued-repurchased,net-total-equity-issued-repurchased,total-common-preferred-stock-dividends-paid,financial-activities-other,cash-flow-from-financial-activities,net-cash-flow,stock-based-compensation,common-stock-dividends-paid
0,2018-09-30,13.0,$0.00,0.0,$9.48,1.37,$1.92,6.76,$1.79,7.26,$0.03B,$0.02B,1.79,$0.00B,$0.07B,0.05,$0.08B,$0.04B,51.90%,$0.08B,$0.01B,13.92%,$0.08B,$0.01B,13.92%,$0.08B,$0.01B,15.19%,$0.08B,$0.01B,10.13%,$0.08B,$0.02B,21.52%,$0.02B,$0.07B,26.56%,$0.02B,$0.03B,73.12%,$0.02B,$0.09B,18.48%,$0.01B,$0.07B,16.18%,$19,$9,$10,$1,$6,$16,$3,$-0,$2,$1,$2,$2,$2,$3,$3,$8,8,$0.22,$0.22,$8,$6,$0,$30,$6,$0,$40,$5,$59,$89,$17,$3,$4,$7,$24,$6,$-64,$-7,$65,$89,$5,$2,$1,$3,$-1,$1,$-0,$1,$-1,$7,$-2,$0,$0,$0,$0,$0,$0,$-2,$0,$-0,$-0,$0,$0,$0,$-4,$-4,$1,$1,$0
1,2018-06-30,12.0,$7.79,1.54,$9.69,1.24,$1.80,6.67,$2.02,5.94,$0.03B,$0.02B,1.61,$0.00B,$0.06B,0.05,$0.08B,$0.04B,51.25%,$0.08B,$0.01B,13.75%,$0.08B,$0.01B,13.75%,$0.08B,$0.01B,16.25%,$0.08B,$0.01B,11.25%,$0.08B,$0.02B,21.25%,$0.02B,$0.06B,27.98%,$0.02B,$0.02B,89.47%,$0.02B,$0.09B,18.68%,$0.01B,$0.07B,16.79%,$20,$9,$10,$1,$6,$17,$3,$-0,$2,$1,$2,$2,$2,$3,$3,$8,8,$0.24,$0.23,$7,$6,$0,$30,$6,$0,$40,$4,$59,$89,$19,$3,$4,$7,$26,$6,$-66,$-7,$63,$89,$4,$1,$0,$2,$-2,$1,$0,$0,$-1,$4,$-2,$0,$0,$0,$0,$0,$0,$-2,$-3,$0,$-3,$0,$0,$0,$0,$-2,$-0,$0,$0
2,2018-03-31,14.55,$0.00,0.0,$9.78,1.49,$1.71,8.51,$2.03,7.17,$0.03B,$0.02B,1.45,$0.00B,$0.07B,0.06,$0.08B,$0.04B,51.25%,$0.08B,$0.01B,13.75%,$0.08B,$0.01B,13.75%,$0.08B,$0.01B,16.25%,$0.08B,$0.01B,12.50%,$0.08B,$0.02B,21.25%,$0.02B,$0.07B,29.57%,$0.02B,$0.02B,115.25%,$0.02B,$0.10B,18.99%,$0.01B,$0.07B,17.46%,$21,$10,$11,$1,$7,$18,$3,$-0,$2,$0,$2,$2,$2,$3,$3,$8,8,$0.22,$0.21,$8,$6,$0,$32,$6,$0,$42,$5,$64,$96,$22,$4,$4,$9,$31,$6,$-67,$-3,$65,$96,$2,$1,$0,$1,$-2,$0,$-0,$0,$-0,$2,$-1,$0,$0,$0,$0,$0,$0,$-1,$-1,$0,$-1,$0,$0,$0,$0,$-1,$0,$0,$0
3,2017-12-31,18.6,$0.00,0.0,$9.63,1.93,$1.64,11.37,$2.01,9.25,$0.03B,$0.02B,1.44,$0.01B,$0.06B,0.08,$0.08B,$0.04B,50.00%,$0.08B,$0.01B,12.82%,$0.08B,$0.01B,12.82%,$0.08B,$0.01B,16.67%,$0.08B,$0.01B,12.82%,$0.08B,$0.02B,21.79%,$0.02B,$0.06B,32.08%,$0.02B,$0.02B,165.85%,$0.02B,$0.09B,19.83%,$0.01B,$0.07B,16.74%,$19,$9,$10,$1,$6,$17,$2,$-0,$2,$-9,$11,$11,$11,$3,$2,$8,8,$1.39,$1.37,$7,$7,$0,$30,$6,$0,$43,$6,$64,$94,$21,$5,$5,$10,$31,$6,$-70,$-2,$63,$94,$17,$3,$0,$3,$-2,$-1,$-2,$-8,$-10,$10,$-3,$-0,$0,$0,$0,$0,$0,$-3,$-5,$-0,$-5,$0,$0,$0,$0,$-5,$1,$0,$0
4,2017-09-30,16.95,$0.00,0.0,$9.51,1.78,$1.51,11.25,$0.72,23.54,$0.03B,$0.02B,1.42,$0.01B,$0.05B,0.12,$0.08B,$0.04B,50.00%,$0.08B,$0.01B,13.16%,$0.08B,$0.01B,13.16%,$0.08B,$0.01B,17.11%,$0.08B,$0.01B,11.84%,$0.08B,$0.01B,7.89%,$0.01B,$0.05B,12.50%,$0.01B,$0.01B,104.35%,$0.01B,$0.09B,7.36%,$0.01B,$0.06B,17.86%,$20,$10,$10,$1,$6,$17,$3,$-0,$3,$1,$2,$2,$2,$4,$3,$8,8,$0.24,$0.23,$7,$6,$0,$31,$6,$0,$43,$4,$54,$85,$22,$6,$4,$11,$33,$6,$-81,$-2,$52,$85,$5,$2,$0,$2,$-3,$-1,$-2,$1,$-2,$6,$-2,$0,$0,$0,$0,$0,$0,$-2,$0,$-0,$-0,$0,$0,$0,$-3,$-3,$1,$0,$0
5,2017-06-30,11.6,$6.21,1.87,$9.03,1.28,$1.44,8.08,$0.58,20.0,$0.03B,$0.02B,1.41,$0.01B,$0.05B,0.15,$0.07B,$0.04B,50.00%,$0.07B,$0.01B,11.11%,$0.07B,$0.01B,11.11%,$0.07B,$0.01B,15.28%,$0.07B,$0.01B,9.72%,$0.07B,$0.01B,6.94%,$0.01B,$0.05B,10.93%,$0.01B,$0.01B,83.33%,$0.01B,$0.08B,6.33%,$0.01B,$0.06B,14.48%,$20,$10,$10,$1,$6,$17,$3,$-0,$3,$1,$2,$2,$2,$3,$3,$8,8,$0.24,$0.24,$6,$6,$0,$29,$6,$0,$43,$4,$54,$83,$21,$8,$5,$12,$33,$6,$-83,$-2,$50,$83,$4,$1,$0,$2,$-3,$-1,$-1,$1,$-3,$3,$-1,$0,$0,$0,$0,$0,$0,$-1,$-2,$-0,$-2,$0,$0,$0,$0,$-2,$-0,$0,$0
6,2017-03-31,8.85,$0.00,0.0,$8.60,1.03,$1.57,5.64,$0.43,20.58,$0.03B,$0.02B,1.32,$0.01B,$0.05B,0.19,$0.07B,$0.03B,50.00%,$0.07B,$0.01B,10.29%,$0.07B,$0.01B,10.29%,$0.07B,$0.01B,16.18%,$0.07B,$0.01B,7.35%,$0.07B,$0.00B,5.88%,$0.00B,$0.05B,9.20%,$0.00B,$0.01B,61.54%,$0.00B,$0.08B,5.30%,$0.01B,$0.06B,13.21%,$19,$10,$9,$1,$6,$17,$2,$-0,$2,$1,$2,$2,$2,$3,$2,$8,8,$0.20,$0.19,$6,$5,$0,$27,$6,$0,$42,$4,$54,$81,$21,$9,$4,$13,$34,$6,$-85,$-3,$47,$81,$2,$1,$0,$1,$-2,$-0,$-0,$0,$-1,$2,$-1,$0,$0,$0,$0,$0,$0,$-1,$-1,$-0,$-1,$0,$0,$0,$0,$-1,$-0,$0,$0
7,2016-12-31,6.8,$5.42,1.25,$8.11,0.84,$1.53,4.45,$0.41,16.59,$0.03B,$0.02B,1.28,$0.01B,$0.04B,0.24,$0.06B,$0.03B,50.00%,$0.06B,$0.01B,10.94%,$0.06B,$0.01B,10.94%,$0.06B,$0.01B,15.63%,$0.06B,$0.01B,7.81%,$0.06B,$0.00B,4.69%,$0.00B,$0.04B,6.45%,$0.00B,$0.00B,40.00%,$0.00B,$0.08B,3.63%,$0.01B,$0.05B,12.61%,$17,$9,$9,$1,$6,$16,$2,$-0,$1,$1,$0,$0,$0,$3,$2,$8,8,$0.09,$0.09,$6,$5,$0,$25,$6,$0,$40,$4,$52,$77,$20,$10,$4,$14,$34,$6,$-86,$-6,$43,$77,$4,$3,$0,$3,$-4,$-1,$3,$2,$2,$9,$-3,$-0,$-9,$0,$0,$0,$0,$-12,$1,$1,$2,$0,$0,$0,$-2,$0,$-3,$0,$0
8,2016-09-30,7.51,$0.00,0.0,$9.18,0.82,$1.64,4.58,$0.34,22.09,$0.03B,$0.02B,1.9,$0.01B,$0.04B,0.27,$0.07B,$0.05B,67.12%,$0.07B,$0.03B,35.62%,$0.07B,$0.03B,35.62%,$0.07B,$0.03B,41.10%,$0.07B,$0.00B,5.48%,$0.07B,$0.00B,4.11%,$0.00B,$0.04B,6.06%,$0.00B,$0.01B,23.53%,$0.00B,$0.08B,3.36%,$0.03B,$0.06B,44.83%,$16,$8,$8,$1,$5,$15,$1,$-0,$1,$0,$1,$1,$1,$2,$1,$8,8,$0.09,$0.09,$14,$5,$0,$32,$4,$0,$33,$4,$43,$75,$17,$12,$3,$15,$32,$6,$-87,$-5,$43,$75,$3,$2,$0,$2,$-4,$0,$2,$1,$1,$6,$-3,$-0,$0,$0,$0,$0,$0,$-3,$3,$0,$3,$0,$0,$0,$-2,$1,$5,$0,$0
9,2016-06-30,5.63,$5.32,1.06,$9.01,0.62,$1.79,3.14,$0.39,14.44,$0.03B,$0.02B,1.51,$0.01B,$0.04B,0.15,$0.07B,$0.05B,66.67%,$0.07B,$0.03B,36.11%,$0.07B,$0.03B,36.11%,$0.07B,$0.03B,41.67%,$0.07B,$0.00B,5.56%,$0.07B,$0.00B,4.17%,$0.00B,$0.04B,5.71%,$0.00B,$0.01B,25.00%,$0.00B,$0.07B,3.10%,$0.03B,$0.05B,42.98%,$16,$8,$8,$1,$5,$15,$2,$-0,$1,$0,$1,$1,$1,$3,$2,$8,8,$0.13,$0.13,$8,$4,$0,$26,$4,$0,$33,$4,$43,$69,$17,$6,$4,$10,$27,$6,$-87,$-5,$41,$69,$2,$2,$0,$2,$-5,$0,$2,$1,$1,$5,$-2,$-0,$0,$0,$0,$0,$0,$-2,$-2,$0,$-2,$0,$0,$0,$-2,$-4,$-2,$0,$0
10,2016-03-31,6.04,$0.00,0.0,$8.91,0.68,$1.88,3.21,$0.43,14.05,$0.04B,$0.03B,1.15,$0.01B,$0.06B,0.13,$0.07B,$0.05B,66.20%,$0.07B,$0.03B,35.21%,$0.07B,$0.03B,35.21%,$0.07B,$0.03B,40.85%,$0.07B,$0.00B,5.63%,$0.07B,$0.00B,4.23%,$0.00B,$0.06B,5.31%,$0.00B,$0.01B,27.27%,$0.00B,$0.11B,2.80%,$0.03B,$0.07B,38.17%,$15,$7,$7,$1,$5,$13,$2,$0,$2,$1,$1,$1,$1,$2,$2,$8,8,$0.14,$0.14,$9,$5,$0,$39,$10,$0,$49,$9,$71,$110,$34,$7,$10,$17,$52,$6,$-70,$-4,$59,$110,$1,$1,$-0,$1,$-4,$0,$2,$1,$-1,$2,$-1,$0,$0,$0,$0,$0,$0,$-1,$-1,$0,$-1,$0,$0,$0,$0,$-1,$-1,$0,$0
11,2015-12-31,6.23,$7.07,0.88,$10.18,0.61,$2.15,2.9,$0.49,12.71,$0.04B,$0.03B,1.14,$0.01B,$0.06B,0.15,$0.08B,$0.05B,60.49%,$0.08B,$0.03B,30.86%,$0.08B,$0.03B,30.86%,$0.08B,$0.03B,37.04%,$0.08B,$0.00B,4.94%,$0.08B,$0.00B,4.94%,$0.00B,$0.06B,7.27%,$0.00B,$0.02B,41.03%,$0.00B,$0.10B,3.76%,$0.03B,$0.06B,38.17%,$26,$-1,$26,$1,$5,$5,$21,$-1,$-0,$0,$-0,$-0,$-0,$23,$21,$8,8,$-0.01,$-0.01,$7,$5,$12,$35,$3,$0,$32,$3,$69,$103,$30,$8,$4,$18,$48,$6,$-72,$-6,$55,$103,$4,$5,$-1,$5,$-1,$1,$1,$1,$1,$9,$-2,$0,$0,$0,$0,$0,$0,$-2,$-5,$-1,$-5,$0,$0,$0,$0,$-5,$1,$0,$0
12,2015-09-30,6.83,$0.00,0.0,$10.26,0.67,$1.66,4.1,$1.73,3.95,$0.04B,$0.03B,1.14,$0.01B,$0.06B,0.18,$0.08B,$0.07B,80.49%,$0.08B,$0.05B,54.88%,$0.08B,$0.05B,54.88%,$0.08B,$0.05B,60.98%,$0.08B,$0.01B,6.10%,$0.08B,$0.01B,17.07%,$0.01B,$0.06B,25.57%,$0.01B,$0.01B,294.74%,$0.01B,$0.11B,12.90%,$0.05B,$0.07B,67.92%,$15,$7,$7,$1,$5,$13,$1,$-0,$1,$0,$1,$1,$1,$2,$1,$8,8,$0.13,$0.12,$8,$5,$1,$35,$0,$0,$48,$9,$60,$105,$31,$10,$9,$19,$50,$6,$-72,$0,$55,$105,$4,$3,$0,$3,$-1,$0,$0,$1,$-1,$6,$-2,$0,$0,$0,$0,$0,$0,$-2,$-3,$-0,$-3,$0,$0,$0,$0,$-3,$-0,$0,$0
13,2015-06-30,8.68,$0.00,0.0,$11.82,0.73,$1.14,7.63,$1.72,5.04,$0.04B,$0.03B,1.16,$0.01B,$0.06B,0.21,$0.09B,$0.07B,73.12%,$0.09B,$0.05B,49.46%,$0.09B,$0.05B,49.46%,$0.09B,$0.05B,54.84%,$0.09B,$0.01B,5.38%,$0.09B,$0.01B,15.05%,$0.01B,$0.06B,26.67%,$0.01B,$0.01B,1400.00%,$0.01B,$0.11B,12.64%,$0.05B,$0.07B,70.50%,$15,$8,$7,$1,$5,$14,$1,$-0,$1,$0,$1,$1,$1,$2,$1,$8,8,$0.13,$0.13,$8,$6,$4,$38,$0,$0,$51,$9,$63,$111,$33,$12,$10,$22,$54,$6,$-73,$0,$57,$111,$3,$2,$0,$2,$-2,$-0,$1,$0,$-1,$4,$-1,$0,$0,$0,$0,$0,$0,$-1,$-3,$-0,$-3,$0,$0,$0,$-0,$-3,$-0,$0,$0
14,2015-03-31,8.7,$0.00,0.0,$13.04,0.67,$1.01,8.59,$1.73,5.03,$0.04B,$0.03B,1.17,$0.01B,$0.05B,0.24,$0.10B,$0.07B,67.31%,$0.10B,$0.05B,45.19%,$0.10B,$0.05B,45.19%,$0.10B,$0.05B,50.00%,$0.10B,$0.01B,4.81%,$0.10B,$0.01B,13.46%,$0.01B,$0.05B,27.86%,$0.01B,$0.00B,-509.09%,$0.01B,$0.11B,12.28%,$0.05B,$0.07B,72.59%,$25,$16,$9,$1,$5,$23,$2,$0,$2,$0,$2,$2,$2,$3,$2,$8,8,$0.24,$0.23,$8,$6,$2,$37,$0,$0,$49,$9,$61,$107,$32,$13,$9,$22,$54,$6,$-74,$0,$53,$107,$2,$1,$-0,$1,$-0,$-0,$0,$0,$0,$3,$-0,$0,$0,$0,$0,$0,$0,$-0,$-1,$-0,$-1,$0,$0,$0,$-0,$-1,$-0,$0,$0
15,2014-12-31,8.19,$7.00,1.17,$13.79,0.59,$0.62,13.24,$1.71,4.79,$0.04B,$0.03B,1.07,$0.01B,$0.05B,0.22,$0.11B,$0.07B,66.04%,$0.11B,$0.05B,45.28%,$0.11B,$0.05B,45.28%,$0.11B,$0.05B,50.00%,$0.11B,$0.01B,4.72%,$0.11B,$0.01B,12.26%,$0.01B,$0.05B,26.80%,$0.01B,$0.00B,-200.00%,$0.01B,$0.11B,10.99%,$0.05B,$0.07B,74.42%,$27,$-17,$43,$1,$3,$-14,$41,$-1,$1,$-10,$11,$10,$10,$43,$41,$8,8,$1.27,$1.23,$9,$6,$2,$37,$32,$0,$51,$9,$96,$111,$34,$12,$10,$22,$57,$6,$-76,$-3,$54,$111,$13,$6,$0,$6,$-1,$-0,$-1,$-9,$0,$6,$-3,$0,$0,$0,$0,$0,$-1,$-4,$4,$-2,$4,$2,$0,$0,$2,$4,$5,$0,$0
16,2014-09-30,8.22,$0.00,0.0,$15.30,0.54,$1.37,6.01,$1.13,7.27,$0.04B,$0.04B,1.03,$0.02B,$0.05B,0.33,$0.11B,$0.04B,33.64%,$0.11B,$0.01B,7.48%,$0.11B,$0.01B,7.48%,$0.11B,$0.01B,11.21%,$0.11B,$0.01B,7.48%,$0.11B,$0.01B,6.54%,$0.01B,$0.05B,15.30%,$0.01B,$-0.01B,-63.64%,$0.01B,$0.11B,5.88%,$0.01B,$0.06B,13.01%,$26,$17,$9,$1,$6,$24,$2,$-1,$1,$0,$1,$1,$1,$3,$2,$8,8,$0.14,$0.13,$9,$6,$2,$38,$0,$0,$54,$10,$64,$114,$36,$15,$10,$32,$68,$6,$-86,$0,$46,$114,$3,$4,$0,$4,$0,$0,$0,$0,$0,$4,$-3,$0,$0,$0,$0,$0,$0,$-3,$0,$0,$13,$0,$10,$0,$-18,$5,$6,$0,$0
17,2014-06-30,9.11,$0.00,0.0,$16.29,0.56,$1.97,4.62,$1.14,7.99,$0.04B,$0.04B,1.03,$0.02B,$0.05B,0.37,$0.11B,$0.04B,33.33%,$0.11B,$0.01B,7.62%,$0.11B,$0.01B,7.62%,$0.11B,$0.01B,11.43%,$0.11B,$0.01B,7.62%,$0.11B,$0.01B,6.67%,$0.01B,$0.05B,15.82%,$0.01B,$-0.01B,-59.57%,$0.01B,$0.12B,6.01%,$0.01B,$0.07B,13.68%,$26,$17,$9,$1,$6,$24,$2,$-0,$1,$0,$1,$1,$1,$3,$2,$8,8,$0.15,$0.14,$12,$6,$3,$42,$0,$0,$58,$10,$68,$124,$41,$18,$11,$35,$76,$6,$-87,$0,$48,$124,$2,$3,$0,$3,$0,$0,$0,$0,$-3,$3,$0,$0,$0,$0,$0,$0,$-9,$-9,$0,$0,$8,$0,$10,$0,$-3,$15,$8,$0,$0
18,2014-03-31,9.81,$0.00,0.0,$17.19,0.57,$1.98,4.95,$1.17,8.38,$0.04B,$0.04B,1.01,$0.02B,$0.05B,0.4,$0.10B,$0.03B,33.33%,$0.10B,$0.01B,7.84%,$0.10B,$0.01B,7.84%,$0.10B,$0.01B,11.76%,$0.10B,$0.01B,8.82%,$0.10B,$0.01B,6.86%,$0.01B,$0.05B,16.77%,$0.01B,$-0.01B,-57.14%,$0.01B,$0.12B,6.33%,$0.01B,$0.07B,14.88%,$27,$18,$9,$1,$6,$24,$3,$-1,$2,$1,$1,$1,$1,$4,$3,$7,7,$0.22,$0.21,$13,$6,$0,$43,$0,$0,$58,$10,$68,$124,$43,$19,$10,$35,$78,$10,$-88,$0,$46,$124,$1,$1,$0,$1,$0,$0,$0,$0,$-3,$-0,$-0,$0,$0,$0,$0,$0,$-8,$-8,$0,$-1,$9,$0,$10,$0,$0,$18,$10,$0,$0
19,2013-12-31,11.84,$0.00,0.0,$17.15,0.69,$2.18,5.44,$1.10,10.76,$0.03B,$0.04B,0.71,$0.01B,$0.04B,0.25,$0.10B,$0.03B,32.99%,$0.10B,$0.01B,7.22%,$0.10B,$0.01B,7.22%,$0.10B,$0.01B,11.34%,$0.10B,$0.01B,8.25%,$0.10B,$0.01B,7.22%,$0.01B,$0.04B,17.72%,$0.01B,$-0.02B,-54.90%,$0.01B,$0.11B,6.71%,$0.01B,$0.05B,14.29%,$28,$19,$9,$1,$8,$27,$1,$3,$4,$0,$4,$4,$4,$2,$1,$6,6,$0.68,$0.65,$3,$6,$2,$31,$0,$0,$59,$10,$68,$114,$44,$11,$16,$27,$71,$4,$-89,$0,$43,$114,$7,$4,$-4,$4,$-1,$-1,$1,$1,$2,$10,$-3,$0,$-4,$0,$0,$0,$0,$-7,$-3,$1,$-3,$0,$0,$0,$0,$-2,$-0,$0,$0
20,2013-09-30,5.37,$0.00,0.0,$14.98,0.36,$1.83,2.93,$0.56,9.59,$0.03B,$0.04B,0.76,$0.01B,$0.04B,0.22,$0.09B,$0.03B,32.97%,$0.09B,$0.01B,8.79%,$0.09B,$0.01B,8.79%,$0.09B,$0.01B,13.19%,$0.09B,$0.01B,6.59%,$0.09B,$0.00B,4.40%,$0.00B,$0.04B,10.67%,$0.00B,$-0.01B,-32.00%,$0.00B,$0.10B,4.01%,$0.01B,$0.05B,17.02%,$24,$17,$8,$1,$5,$23,$2,$-0,$1,$1,$1,$1,$1,$3,$2,$6,6,$0.14,$0.14,$3,$5,$0,$30,$0,$1,$51,$11,$63,$104,$39,$9,$16,$25,$64,$4,$-93,$0,$40,$104,$3,$3,$0,$3,$0,$0,$0,$0,$-0,$5,$-2,$0,$0,$0,$0,$0,$0,$-2,$0,$-0,$-4,$0,$0,$0,$0,$-5,$-1,$0,$0
21,2013-06-30,3.93,$0.00,0.0,$14.12,0.28,$1.55,2.53,$0.46,8.54,$0.03B,$0.04B,0.76,$0.01B,$0.04B,0.23,$0.09B,$0.03B,33.33%,$0.09B,$0.01B,8.05%,$0.09B,$0.01B,8.05%,$0.09B,$0.01B,12.64%,$0.09B,$0.01B,6.90%,$0.09B,$0.00B,3.45%,$0.00B,$0.04B,8.33%,$0.00B,$-0.01B,-23.08%,$0.00B,$0.10B,3.08%,$0.01B,$0.05B,15.38%,$23,$16,$8,$1,$5,$21,$2,$-0,$2,$0,$1,$1,$1,$3,$2,$6,6,$0.17,$0.17,$3,$4,$2,$27,$0,$1,$50,$10,$62,$100,$36,$9,$16,$25,$61,$4,$-94,$0,$38,$100,$2,$2,$0,$2,$0,$0,$0,$0,$-1,$3,$-2,$0,$0,$0,$0,$0,$0,$-2,$0,$-3,$0,$0,$0,$0,$0,$-3,$-1,$0,$0
22,2013-03-31,2.72,$0.00,0.0,$14.29,0.19,$1.72,1.58,$0.33,8.24,$0.03B,$0.04B,0.75,$0.01B,$0.04B,0.24,$0.09B,$0.03B,32.94%,$0.09B,$0.01B,7.06%,$0.09B,$0.01B,7.06%,$0.09B,$0.01B,12.94%,$0.09B,$0.00B,4.71%,$0.09B,$0.00B,2.35%,$0.00B,$0.04B,5.80%,$0.00B,$-0.01B,-14.29%,$0.00B,$0.10B,2.09%,$0.01B,$0.05B,13.64%,$22,$15,$7,$1,$5,$21,$2,$-0,$1,$0,$1,$1,$1,$3,$2,$6,6,$0.14,$0.14,$2,$4,$2,$28,$0,$1,$50,$10,$61,$99,$37,$9,$12,$25,$62,$4,$-95,$0,$37,$99,$1,$1,$0,$1,$0,$0,$0,$0,$-1,$1,$-0,$0,$0,$0,$0,$0,$0,$-0,$0,$-0,$-2,$0,$0,$0,$0,$-2,$-1,$0,$0
23,2012-12-31,2.51,$0.00,0.0,$14.42,0.17,$1.73,1.45,$0.22,11.41,$0.03B,$0.04B,0.71,$0.01B,$0.04B,0.29,$0.09B,$0.03B,32.94%,$0.09B,$0.01B,5.88%,$0.09B,$0.01B,5.88%,$0.09B,$0.01B,12.94%,$0.09B,$0.00B,4.71%,$0.09B,$0.00B,1.18%,$0.00B,$0.04B,2.99%,$0.00B,$-0.01B,-6.56%,$0.00B,$0.10B,1.05%,$0.01B,$0.05B,11.63%,$22,$15,$7,$1,$5,$20,$2,$0,$2,$0,$1,$1,$1,$3,$2,$8,8,$0.11,$0.11,$4,$4,$2,$26,$0,$1,$49,$10,$60,$96,$37,$10,$14,$24,$61,$4,$-96,$0,$35,$96,$2,$6,$0,$6,$0,$0,$0,$0,$2,$8,$-2,$0,$-0,$0,$0,$-1,$-3,$-6,$0,$0,$-1,$0,$2,$0,$-2,$-0,$2,$0,$0
24,2012-09-30,2.45,$0.00,0.0,$15.99,0.15,$2.05,1.19,$-1.72,0.0,$0.03B,$0.04B,0.7,$0.01B,$0.03B,0.26,$0.08B,$0.03B,32.53%,$0.08B,$0.00B,3.61%,$0.08B,$0.00B,3.61%,$0.08B,$0.02B,19.28%,$0.08B,$-0.01B,-6.02%,$0.08B,$-0.01B,-10.84%,$-0.01B,$0.03B,-27.48%,$-0.01B,$-0.01B,57.14%,$-0.01B,$0.09B,-9.60%,$0.00B,$0.04B,7.23%,$20,$14,$7,$1,$4,$19,$1,$-0,$1,$0,$1,$1,$0,$2,$1,$6,6,$0.04,$0.04,$2,$4,$3,$26,$0,$1,$48,$9,$58,$94,$37,$9,$13,$22,$59,$4,$-96,$0,$34,$94,$1,$4,$0,$4,$0,$0,$0,$0,$-1,$4,$-2,$0,$-0,$0,$0,$-1,$-3,$-6,$0,$-0,$-0,$0,$2,$0,$0,$2,$1,$0,$0
25,2012-06-30,2.75,$0.00,0.0,$17.22,0.16,$2.55,1.08,$-1.80,0.0,$0.03B,$0.04B,0.63,$0.01B,$0.03B,0.3,$0.09B,$0.03B,32.94%,$0.09B,$0.00B,3.53%,$0.09B,$0.00B,3.53%,$0.09B,$0.02B,20.00%,$0.09B,$-0.01B,-5.88%,$0.09B,$-0.01B,-10.59%,$-0.01B,$0.03B,-25.90%,$-0.01B,$-0.02B,56.25%,$-0.01B,$0.09B,-9.40%,$0.00B,$0.04B,6.86%,$21,$14,$7,$1,$5,$20,$1,$-1,$0,$0,$-0,$0,$0,$3,$1,$5,5,$0.04,$0.04,$2,$4,$3,$25,$0,$0,$48,$9,$58,$94,$40,$9,$12,$22,$62,$3,$-96,$0,$32,$94,$0,$3,$0,$3,$0,$0,$0,$0,$1,$4,$-2,$0,$-0,$0,$0,$-1,$-3,$-6,$0,$0,$2,$0,$0,$0,$0,$2,$1,$0,$0
26,2012-03-31,2.79,$0.00,0.0,$18.13,0.15,$2.54,1.1,$-1.83,0.0,$0.03B,$0.04B,0.57,$0.01B,$0.03B,0.25,$0.09B,$0.03B,33.72%,$0.09B,$0.00B,3.49%,$0.09B,$0.00B,3.49%,$0.09B,$0.02B,19.77%,$0.09B,$-0.00B,-4.65%,$0.09B,$-0.01B,-10.47%,$-0.01B,$0.03B,-23.68%,$-0.01B,$-0.02B,56.25%,$-0.01B,$0.10B,-9.00%,$0.00B,$0.04B,6.25%,$22,$14,$7,$1,$5,$20,$1,$-0,$1,$0,$0,$0,$0,$3,$1,$5,5,$0.03,$0.03,$1,$4,$2,$25,$0,$0,$52,$10,$62,$98,$44,$8,$13,$21,$65,$3,$-97,$0,$33,$98,$0,$1,$0,$1,$0,$0,$0,$0,$-0,$2,$-1,$0,$-0,$0,$0,$-1,$-3,$-5,$0,$2,$1,$0,$0,$0,$0,$3,$-1,$0,$0
27,2011-12-31,3.41,$0.00,0.0,$18.53,0.18,$2.70,1.26,$-1.78,0.0,$0.02B,$0.04B,0.6,$0.01B,$0.03B,0.27,$0.09B,$0.03B,35.29%,$0.09B,$0.00B,3.53%,$0.09B,$0.00B,3.53%,$0.09B,$0.02B,20.00%,$0.09B,$-0.00B,-4.71%,$0.09B,$-0.01B,-10.59%,$-0.01B,$0.03B,-21.95%,$-0.01B,$-0.02B,58.06%,$-0.01B,$0.09B,-8.78%,$0.00B,$0.04B,5.80%,$20,$15,$6,$1,$5,$21,$-0,$-7,$-7,$1,$-8,$-9,$-9,$8,$-0,$5,5,$-1.83,$-1.83,$2,$4,$2,$22,$0,$0,$48,$8,$56,$89,$37,$9,$12,$20,$58,$3,$-97,$0,$32,$89,$-8,$13,$0,$13,$0,$0,$0,$0,$1,$8,$-3,$0,$0,$0,$0,$-2,$0,$-5,$0,$-1,$-2,$0,$0,$0,$-2,$-4,$-1,$0,$0
28,2011-09-30,4.08,$0.00,0.0,$18.45,0.22,$2.22,1.84,$0.12,34.0,$0.03B,$0.04B,0.63,$0.01B,$0.04B,0.23,$0.09B,$0.03B,36.47%,$0.09B,$0.00B,4.71%,$0.09B,$0.00B,4.71%,$0.09B,$0.01B,11.76%,$0.09B,$0.00B,4.71%,$0.09B,0,0.00%,$0.00B,$0.04B,0.00%,$0.00B,$-0.01B,0.00%,$0.00B,$0.10B,0.00%,$0.00B,$0.05B,7.17%,$22,$15,$8,$1,$5,$21,$1,$-1,$1,$0,$0,$-0,$-0,$3,$1,$5,5,$-0.04,$-0.04,$1,$5,$0,$25,$0,$1,$56,$8,$65,$102,$40,$10,$10,$20,$60,$3,$-88,$0,$42,$102,$1,$5,$0,$5,$0,$0,$0,$0,$0,$7,$-3,$0,$0,$0,$0,$-1,$0,$-5,$0,$-2,$-1,$0,$0,$0,$-1,$-3,$-1,$0,$0
29,2011-06-30,4.65,$0.00,0.0,$17.50,0.27,$1.34,3.46,$0.25,18.6,$0.03B,$0.04B,0.68,$0.01B,$0.05B,0.31,$0.08B,$0.03B,36.59%,$0.08B,$0.01B,6.10%,$0.08B,$0.01B,6.10%,$0.08B,$0.01B,10.98%,$0.08B,$0.00B,4.88%,$0.08B,0,0.00%,$0.00B,$0.05B,0.00%,$0.00B,$-0.02B,0.00%,$0.00B,$0.11B,0.00%,$0.01B,$0.06B,8.81%,$22,$14,$8,$1,$5,$21,$1,$-0,$1,$0,$1,$0,$0,$3,$1,$4,4,$0.01,$0.01,$2,$4,$3,$28,$0,$1,$61,$9,$70,$111,$41,$14,$11,$24,$66,$3,$-88,$0,$45,$111,$0,$3,$0,$3,$0,$0,$0,$0,$-1,$4,$-2,$0,$0,$0,$0,$-1,$0,$-3,$0,$-2,$2,$0,$0,$-1,$0,$-1,$0,$0,$0
30,2011-03-31,5.94,$0.00,0.0,$15.94,0.37,$0.83,7.19,$0.30,19.8,$0.03B,$0.04B,0.64,$0.01B,$0.05B,0.27,$0.08B,$0.03B,37.18%,$0.08B,$0.01B,7.69%,$0.08B,$0.01B,7.69%,$0.08B,$0.01B,11.54%,$0.08B,$0.00B,5.13%,$0.08B,0,0.00%,$0.00B,$0.05B,0.00%,$0.00B,$-0.02B,0.00%,$0.00B,$0.11B,0.00%,$0.01B,$0.06B,10.76%,$21,$13,$8,$1,$5,$20,$1,$-0,$1,$0,$1,$0,$0,$3,$1,$5,5,$0.08,$0.08,$2,$4,$4,$26,$0,$0,$61,$8,$70,$108,$41,$12,$10,$22,$63,$3,$-88,$0,$45,$108,$0,$2,$0,$2,$0,$0,$0,$0,$0,$3,$-1,$0,$0,$0,$0,$-1,$0,$-2,$0,$-2,$0,$0,$0,$0,$0,$-2,$-1,$0,$0
31,2010-12-31,6.04,$0.00,0.0,$14.14,0.43,$0.89,6.8,$0.23,26.26,$0.02B,$0.04B,0.6,$0.01B,$0.01B,1.84,$0.07B,$0.03B,36.49%,$0.07B,$0.01B,9.46%,$0.07B,$0.01B,9.46%,$0.07B,$0.01B,12.16%,$0.07B,$0.00B,5.41%,$0.07B,0,0.00%,$0.00B,$0.04B,0.00%,$0.00B,$-0.02B,0.00%,$0.00B,$0.10B,0.00%,$0.01B,$0.06B,12.61%,$20,$13,$7,$1,$5,$19,$1,$-0,$1,$0,$1,$0,$0,$1,$1,$5,5,$0.07,$0.07,$2,$4,$3,$23,$0,$0,$60,$8,$69,$103,$38,$12,$9,$22,$60,$0,$0,$0,$44,$103,$2,$6,$0,$6,$0,$0,$0,$0,$-2,$7,$-4,$0,$-1,$0,$0,$0,$0,$-5,$0,$3,$-3,$0,$0,$-2,$0,$-3,$-1,$0,$0
32,2010-09-30,6.8,$0.00,0.0,$13.46,0.51,$2.18,3.13,$0.07,97.14,$0.02B,$0.04B,0.65,$0.01B,$0.04B,0.3,$0.07B,$0.03B,36.62%,$0.07B,$0.01B,9.86%,$0.07B,$0.01B,9.86%,$0.07B,$0.01B,15.49%,$0.07B,$0.00B,5.63%,$0.07B,0,0.00%,$0.00B,$0.04B,0.00%,$0.00B,$-0.02B,0.00%,$0.00B,$0.10B,0.00%,$0.01B,$0.06B,12.56%,$19,$12,$7,$1,$4,$17,$2,$-1,$1,$0,$1,$0,$0,$2,$2,$5,5,$0.09,$0.09,$2,$4,$0,$24,$0,$0,$60,$8,$68,$103,$38,$13,$9,$22,$59,$0,$0,$0,$43,$103,$0,$0,$0,$0,$0,$0,$0,$0,$0,$0,$0,$0,$0,$0,$0,$0,$0,$0,$0,$0,$0,$0,$0,$0,$0,$0,$0,$0,$0
33,2010-06-30,7.05,$0.00,0.0,$13.25,0.53,$3.39,2.08,$0.22,32.05,$0.02B,$0.04B,0.65,$0.01B,$0.01B,1.83,$0.07B,$0.03B,37.68%,$0.07B,$0.01B,11.59%,$0.07B,$0.01B,11.59%,$0.07B,$0.01B,18.84%,$0.07B,$0.01B,7.25%,$0.07B,$0.00B,1.45%,$0.00B,$0.04B,2.42%,$0.00B,$-0.02B,-5.41%,$0.00B,$0.10B,1.01%,$0.01B,$0.05B,14.16%,$18,$11,$7,$1,$4,$16,$2,$-1,$1,$0,$1,$0,$0,$3,$2,$5,5,$0.06,$0.06,$3,$3,$4,$24,$0,$0,$58,$7,$65,$99,$37,$13,$8,$21,$58,$0,$0,$0,$41,$99,$1,$3,$0,$3,$0,$0,$0,$0,$-3,$1,$-2,$0,$0,$0,$0,$-0,$0,$-2,$0,$4,$-2,$0,$0,$0,$-1,$0,$-0,$0,$0
34,2010-03-31,6.85,$0.00,0.0,$12.94,0.53,$4.32,1.59,$-0.44,0.0,$0.02B,$0.04B,0.62,$0.01B,$0.01B,1.99,$0.07B,$0.03B,38.81%,$0.07B,$0.01B,10.45%,$0.07B,$0.01B,10.45%,$0.07B,$0.02B,23.88%,$0.07B,$0.00B,2.99%,$0.07B,$-0.00B,-2.99%,$-0.00B,$0.04B,-4.91%,$-0.00B,$-0.02B,10.26%,$-0.00B,$0.10B,-2.03%,$0.01B,$0.06B,12.12%,$17,$10,$6,$1,$4,$15,$2,$-0,$1,$1,$1,$0,$0,$3,$2,$7,7,$0.01,$0.01,$3,$3,$4,$22,$0,$0,$60,$7,$68,$100,$36,$14,$8,$22,$58,$0,$0,$0,$41,$100,$1,$1,$0,$1,$0,$0,$0,$0,$1,$3,$-1,$0,$0,$0,$0,$-0,$0,$-1,$0,$-0,$-2,$0,$0,$0,$0,$-2,$-0,$0,$0
35,2009-12-31,6.35,$0.00,0.0,$10.37,0.61,$3.98,1.6,$-0.45,0.0,$0.02B,$0.03B,0.62,$0.02B,$0.04B,0.37,$0.07B,$0.03B,40.91%,$0.07B,$0.01B,10.61%,$0.07B,$0.01B,10.61%,$0.07B,$0.02B,24.24%,$0.07B,$0.00B,3.03%,$0.07B,$-0.00B,-3.03%,$-0.00B,$0.04B,-4.94%,$-0.00B,$-0.02B,10.00%,$-0.00B,$0.10B,-2.05%,$0.01B,$0.06B,11.91%,$17,$11,$6,$1,$4,$15,$1,$-1,$1,$1,$0,$-0,$-0,$3,$1,$5,5,$-0.08,$-0.09,$3,$2,$3,$20,$0,$0,$60,$7,$67,$97,$32,$15,$8,$23,$55,$0,$0,$0,$41,$97,$1,$9,$0,$9,$0,$0,$0,$0,$2,$11,$-2,$0,$-0,$0,$0,$-1,$0,$-3,$0,$-6,$-1,$0,$0,$0,$-1,$-8,$1,$0,$0
36,2009-09-30,4.74,$0.00,0.0,$6.87,0.69,$2.11,2.24,$-0.36,0.0,$0.02B,$0.04B,0.67,$0.02B,$0.00B,0.0,$0.07B,$0.03B,41.79%,$0.07B,$0.01B,11.94%,$0.07B,$0.01B,11.94%,$0.07B,$0.02B,22.39%,$0.07B,$0.00B,2.99%,$0.07B,$-0.00B,-2.99%,$-0.00B,$0.04B,-5.10%,$-0.00B,$-0.02B,8.79%,$-0.00B,$0.10B,-2.02%,$0.01B,$0.06B,13.45%,$17,$10,$7,$1,$3,$14,$3,$-0,$2,$0,$2,$1,$1,$4,$3,$5,5,$0.24,$0.24,$3,$3,$3,$23,$0,$0,$61,$7,$69,$101,$35,$17,$8,$25,$59,$0,$0,$0,$42,$101,$1,$7,$0,$7,$0,$0,$0,$0,$-0,$7,$-2,$0,$-0,$0,$0,$-0,$0,$-2,$0,$0,$-4,$0,$0,$0,$-1,$-5,$0,$0,$0
37,2009-06-30,4.23,$0.00,0.0,$7.62,0.55,$0.90,4.7,$-0.45,0.0,$0.02B,$0.03B,0.73,$0.02B,$0.00B,0.0,$0.07B,$0.03B,40.85%,$0.07B,$0.01B,9.86%,$0.07B,$0.01B,9.86%,$0.07B,$0.01B,18.31%,$0.07B,$0.00B,1.41%,$0.07B,$-0.00B,-2.82%,$-0.00B,$0.04B,-5.23%,$-0.00B,$-0.02B,7.55%,$-0.00B,$0.10B,-1.96%,$0.01B,$0.06B,11.43%,$16,$9,$7,$1,$4,$14,$1,$-3,$-2,$0,$-2,$-3,$-3,$6,$1,$5,5,$-0.60,$-0.60,$3,$3,$3,$23,$0,$0,$60,$6,$67,$97,$31,$20,$7,$27,$58,$0,$0,$0,$39,$97,$-1,$6,$0,$6,$0,$0,$0,$0,$1,$5,$-1,$0,$-0,$0,$0,$-0,$0,$-1,$0,$-0,$-3,$0,$0,$0,$-1,$-4,$0,$0,$0
38,2009-03-31,3.09,$0.00,0.0,$8.49,0.36,$0.92,3.34,$0.32,9.66,$0.02B,$0.03B,0.75,$0.02B,$0.00B,0.0,$0.07B,$0.03B,39.19%,$0.07B,$0.01B,12.16%,$0.07B,$0.01B,12.16%,$0.07B,$0.01B,14.86%,$0.07B,$0.00B,5.41%,$0.07B,$0.00B,2.70%,$0.00B,$0.04B,5.30%,$0.00B,$-0.02B,-6.56%,$0.00B,$0.10B,1.89%,$0.01B,$0.06B,14.40%,$16,$9,$7,$1,$4,$14,$2,$-1,$1,$0,$1,$0,$0,$3,$2,$0,0,$0.00,$0.00,$1,$3,$3,$21,$0,$0,$60,$6,$66,$95,$28,$21,$6,$27,$55,$0,$0,$0,$40,$95,$1,$2,$0,$2,$0,$0,$0,$0,$-1,$1,$-0,$0,$0,$0,$0,$0,$0,$-0,$0,$-1,$-1,$0,$0,$0,$0,$-2,$-1,$0,$0
39,2008-12-31,4.1,$0.00,0.0,$12.42,0.33,$1.18,3.48,$0.48,8.54,$0.02B,$0.03B,0.74,$0.02B,$0.04B,0.67,$0.08B,$0.03B,38.16%,$0.08B,$0.01B,11.84%,$0.08B,$0.01B,11.84%,$0.08B,$0.01B,15.79%,$0.08B,$0.01B,6.58%,$0.08B,$0.00B,3.95%,$0.00B,$0.04B,8.22%,$0.00B,$-0.03B,-8.70%,$0.00B,$0.10B,2.75%,$0.01B,$0.06B,14.34%,$18,$11,$7,$1,$4,$16,$2,$-1,$1,$0,$1,$0,$0,$2,$2,$0,0,$0.00,$0.00,$3,$4,$0,$23,$0,$0,$65,$5,$72,$103,$31,$24,$6,$36,$67,$3,$-87,$0,$36,$103,$2,$7,$0,$7,$0,$0,$0,$0,$-3,$11,$-3,$0,$0,$0,$0,$0,$-0,$-3,$0,$-1,$-6,$0,$1,$0,$0,$-6,$2,$0,$0
40,2008-09-30,5.23,$0.00,0.0,$16.00,0.33,$2.55,2.05,$0.53,9.87,$0.03B,$0.04B,0.7,$0.03B,$0.00B,0.0,$0.07B,$0.03B,37.84%,$0.07B,$0.01B,10.81%,$0.07B,$0.01B,10.81%,$0.07B,$0.01B,18.92%,$0.07B,$0.01B,6.76%,$0.07B,$0.00B,4.05%,$0.00B,$0.04B,8.45%,$0.00B,$-0.03B,-8.28%,$0.00B,$0.11B,2.77%,$0.01B,$0.07B,12.85%,$21,$13,$8,$1,$4,$18,$2,$-1,$1,$0,$1,$1,$1,$2,$2,$5,5,$0.15,$0.15,$2,$3,$0,$25,$0,$0,$72,$6,$79,$113,$36,$27,$7,$39,$75,$0,$0,$0,$38,$113,$0,$0,$0,$0,$0,$0,$0,$0,$0,$0,$0,$0,$0,$0,$0,$0,$0,$0,$0,$0,$0,$0,$0,$0,$0,$0,$0,$0,$0
41,2008-06-30,6.79,$0.00,0.0,$11.65,0.58,$2.55,2.66,$0.38,17.87,$0.02B,$0.04B,0.6,$0.03B,$0.04B,0.76,$0.07B,$0.02B,36.92%,$0.07B,$0.01B,10.77%,$0.07B,$0.01B,10.77%,$0.07B,$0.01B,21.54%,$0.07B,$0.00B,6.15%,$0.07B,$0.00B,3.08%,$0.00B,$0.04B,5.93%,$0.00B,$-0.04B,-5.44%,$0.00B,$0.11B,1.91%,$0.01B,$0.06B,11.62%,$19,$12,$7,$0,$4,$17,$3,$-1,$1,$0,$1,$1,$1,$4,$3,$5,5,$0.17,$0.17,$1,$3,$0,$22,$0,$0,$74,$6,$82,$112,$36,$28,$7,$39,$76,$3,$-88,$0,$37,$112,$2,$4,$0,$4,$0,$0,$0,$0,$-2,$6,$-1,$0,$0,$0,$0,$0,$-0,$-2,$0,$-4,$0,$0,$0,$0,$0,$-4,$-1,$0,$0
42,2008-03-31,4.83,$0.00,0.0,$11.13,0.43,$2.04,2.37,$0.09,53.67,$0.02B,$0.04B,0.58,$0.03B,$0.04B,0.76,$0.06B,$0.02B,36.21%,$0.06B,$0.01B,8.62%,$0.06B,$0.01B,8.62%,$0.06B,$0.01B,18.97%,$0.06B,$0.00B,5.17%,$0.06B,$0.00B,1.72%,$0.00B,$0.04B,3.15%,$0.00B,$-0.04B,-3.15%,$0.00B,$0.11B,1.02%,$0.01B,$0.06B,8.85%,$18,$11,$7,$1,$4,$16,$2,$-1,$2,$0,$1,$1,$1,$4,$2,$5,5,$0.16,$0.16,$1,$3,$0,$21,$0,$0,$72,$6,$79,$108,$36,$26,$7,$37,$73,$3,$-89,$0,$35,$108,$1,$2,$0,$2,$0,$0,$0,$0,$-1,$2,$-0,$0,$0,$0,$0,$0,$-0,$-1,$0,$-2,$0,$0,$0,$0,$0,$-2,$-1,$0,$0
43,2007-12-31,6.16,$0.00,0.0,$10.98,0.56,$1.79,3.45,$-0.13,0.0,$0.02B,$0.03B,0.54,$0.03B,$0.03B,0.81,$0.05B,$0.02B,35.29%,$0.05B,$0.00B,7.84%,$0.05B,$0.00B,7.84%,$0.05B,$0.01B,15.69%,$0.05B,$0.00B,1.96%,$0.05B,0,0.00%,$0.00B,$0.03B,0.00%,$0.00B,$-0.04B,0.00%,$0.00B,$0.10B,0.00%,$0.00B,$0.06B,7.66%,$16,$10,$6,$1,$4,$15,$1,$-1,$1,$0,$1,$0,$0,$4,$1,$5,5,$0.05,$0.05,$1,$3,$0,$18,$0,$0,$69,$5,$75,$100,$33,$26,$6,$35,$68,$3,$-90,$0,$32,$100,$-0,$6,$0,$6,$0,$0,$0,$0,$0,$8,$-2,$0,$-17,$0,$0,$0,$-0,$-18,$0,$-4,$0,$0,$10,$0,$0,$6,$-5,$0,$0
44,2007-09-30,8.1,$0.00,0.0,$7.40,1.09,$0.41,19.69,$-0.18,0.0,$0.02B,$0.03B,0.55,$0.03B,$0.03B,0.86,$0.05B,$0.02B,50.00%,$0.05B,$0.01B,30.43%,$0.05B,$0.01B,30.43%,$0.05B,$0.02B,32.61%,$0.05B,$0.01B,23.91%,$0.05B,0,0.00%,$0.00B,$0.03B,0.00%,$0.00B,$-0.04B,0.00%,$0.00B,$0.10B,0.00%,$0.01B,$0.06B,28.87%,$12,$8,$4,$0,$3,$11,$1,$-1,$0,$0,$0,$0,$0,$2,$1,$0,0,$0.00,$0.00,$2,$3,$0,$18,$0,$0,$67,$5,$73,$99,$33,$27,$5,$34,$68,$3,$-90,$0,$31,$99,$-1,$4,$0,$4,$0,$0,$0,$0,$0,$5,$-1,$0,$-16,$0,$0,$0,$-0,$-18,$0,$-0,$-0,$0,$10,$0,$0,$9,$-4,$0,$0
45,2007-06-30,8.36,$0.00,0.0,$10.88,0.77,$0.41,20.32,$-0.04,0.0,$0.03B,$0.03B,0.89,$0.02B,$0.03B,0.7,$0.05B,$0.02B,51.11%,$0.05B,$0.01B,31.11%,$0.05B,$0.01B,31.11%,$0.05B,$0.01B,31.11%,$0.05B,$0.01B,26.67%,$0.05B,0,0.00%,$0.00B,$0.03B,0.00%,$0.00B,$-0.02B,0.00%,$0.00B,$0.08B,0.00%,$0.01B,$0.05B,31.82%,$12,$7,$4,$0,$3,$11,$1,$-1,$-0,$0,$-0,$-0,$-0,$1,$1,$4,3,$-0.09,$-0.12,$13,$1,$0,$26,$0,$0,$46,$4,$51,$84,$29,$20,$5,$27,$56,$3,$-90,$0,$29,$84,$-1,$3,$0,$3,$0,$0,$0,$0,$-0,$3,$-1,$0,$0,$0,$0,$0,$-0,$-1,$0,$-1,$-3,$0,$10,$0,$0,$5,$7,$0,$0
46,2007-03-31,10.5,$0.00,0.0,$10.61,0.99,0,0.0,$0.30,35.0,$0.02B,$0.03B,0.62,$0.02B,$0.02B,1.02,$0.04B,$0.03B,67.44%,$0.04B,$0.02B,53.49%,$0.04B,$0.02B,53.49%,$0.04B,$0.02B,53.49%,$0.04B,$0.02B,51.16%,$0.04B,$0.00B,2.33%,$0.00B,$0.02B,7.02%,$0.00B,$-0.03B,-4.65%,$0.00B,$0.08B,1.76%,$0.02B,$0.04B,72.44%,$11,$7,$4,$0,$2,$10,$1,$-1,$0,$0,$0,$-0,$-0,$1,$1,$3,3,$-0.06,$-0.06,$6,$1,$0,$18,$0,$0,$48,$4,$53,$79,$29,$22,$5,$28,$58,$2,$-89,$0,$22,$79,$0,$0,$0,$0,$0,$0,$0,$0,$0,$0,$0,$0,$0,$0,$0,$0,$0,$0,$0,$0,$0,$0,$0,$0,$0,$0,$0,$0,$0
47,2006-12-31,11.2,$0.00,0.0,$11.44,0.98,0,0.0,$0.37,30.27,$0.02B,$0.03B,0.61,$0.02B,$0.02B,1.2,$0.04B,$0.04B,83.33%,$0.04B,$0.03B,76.19%,$0.04B,$0.03B,76.19%,$0.04B,$0.03B,76.19%,$0.04B,$0.03B,76.19%,$0.04B,$0.00B,2.38%,$0.00B,$0.02B,11.43%,$0.00B,$-0.03B,-6.67%,$0.00B,$0.08B,2.70%,$0.03B,$0.04B,154.22%,$11,$0,$11,$0,$0,$0,$11,$0,$11,$0,$11,$0,$0,$11,$11,$0,0,$0.00,$0.00,$6,$1,$0,$17,$0,$4,$47,$0,$52,$76,$28,$23,$5,$29,$57,$2,$-89,$0,$19,$76,$1,$5,$0,$5,$0,$0,$0,$0,$-1,$5,$-1,$0,$0,$0,$0,$0,$0,$-1,$0,$-1,$-5,$0,$6,$0,$0,$-0,$4,$0,$0
