,Date,Stock Price,Book Value per Share,Price to Book Ratio,TTM Sales per Share,Price to Sales Ratio,TTM FCF per Share,Price to FCF Ratio,TTM Net EPS,PE Ratio,Current Assets,Current Liabilities,Current Ratio,Long Term Debt,Shareholder's Equity_x,Debt to Equity Ratio,TTM Revenue_x,TTM Gross Profit,Gross Margin,TTM Revenue_y,TTM Operating Income,Operating Margin,TTM Revenue_x,TTM EBIT,EBIT Margin,TTM Revenue_y,TTM EBITDA,EBITDA Margin,TTM Revenue_x,TTM Pre-Tax Income,Pre-Tax Margin,TTM Revenue_y,TTM Net Income_x,Net Margin,TTM Net Income_y,Shareholder's Equity_y,Return on Equity,TTM Net Income_x,Tangible Equity,Return on Tangible Equity,TTM Net Income_y,Total Assets,Return on Assets,TTM Net Income,LT Investments & Debt,Return on Investment,revenue,cost-goods-sold,gross-profit,research-development-expenses,selling-general-administrative-expenses,operating-expenses,operating-income,total-non-operating-income-expense,pre-tax-income,total-provision-income-taxes,income-after-taxes,income-from-continuous-operations,net-income,ebitda,ebit,basic-shares-outstanding,shares-outstanding,eps-basic-net-earnings-per-share,eps-earnings-per-share-diluted,cash-on-hand,inventory,other-current-assets,total-current-assets,net-property-plant-equipment,long-term-investments,goodwill-intangible-assets-total,other-long-term-assets,total-long-term-assets,total-assets,total-current-liabilities,long-term-debt,other-non-current-liabilities,total-long-term-liabilities,total-liabilities,common-stock-net,retained-earnings-accumulated-deficit,comprehensive-income,total-share-holder-equity,total-liabilities-share-holders-equity,net-income-loss,total-depreciation-amortization-cash-flow,other-non-cash-items,total-non-cash-items,change-in-accounts-receivable,change-in-inventories,change-in-accounts-payable,change-in-assets-liabilities,total-change-in-assets-liabilities,cash-flow-from-operating-activities,net-change-in-property-plant-equipment,net-change-in-intangible-assets,net-acquisitions-divestitures,net-change-in-short-term-investments,net-change-in-long-term-investments,net-change-in-investments-total,investing-activities-other,cash-flow-from-investing-activities,net-long-term-debt,net-current-debt,debt-issuance-retirement-net-total,net-common-equity-issued-repurchased,net-total-equity-issued-repurchased,total-common-preferred-stock-dividends-paid,financial-activities-other,cash-flow-from-financial-activities,net-cash-flow,stock-based-compensation,common-stock-dividends-paid
0,2018-09-30,79.18,$48.98,1.62,$32.85,2.41,$-5.30,0.0,$4.50,17.6,$1.21B,$1.74B,0.7,$4.49B,$5.49B,0.82,$3.70B,$2.65B,71.64%,$3.70B,$0.82B,22.08%,$3.70B,$0.82B,22.08%,$3.70B,$1.57B,42.44%,$3.70B,$0.67B,18.24%,$3.70B,$0.51B,13.72%,$0.51B,$5.49B,9.69%,$0.51B,$5.49B,9.69%,$0.51B,$17.67B,2.93%,$0.82B,$9.97B,8.44%,$1268,$390,$878,$0,$298,$835,$433,$-29,$404,$84,$320,$320,$315,$638,$433,$112,113,$2.81,$2.80,$65,$309,$272,$1207,$13826,$0,$0,$341,$16465,$17672,$1735,$4487,$3636,$10451,$12186,$2630,$2780,$-55,$5486,$17672,$540,$581,$-43,$538,$-57,$-21,$-9,$-26,$-90,$988,$-867,$0,$0,$0,$-19,$-19,$-20,$-906,$213,$0,$213,$0,$0,$-233,$-11,$-31,$51,$0,$-233
1,2018-06-30,79.87,$46.08,1.73,$32.11,2.49,$-7.97,0.0,$4.16,19.2,$1.12B,$2.24B,0.5,$4.19B,$5.16B,0.81,$3.61B,$2.64B,73.19%,$3.61B,$0.84B,23.35%,$3.61B,$0.84B,23.35%,$3.61B,$1.54B,42.60%,$3.61B,$0.70B,19.25%,$3.61B,$0.47B,12.96%,$0.47B,$5.16B,9.03%,$0.47B,$5.16B,9.03%,$0.47B,$17.49B,2.73%,$0.84B,$9.35B,8.76%,$974,$257,$717,$0,$322,$732,$242,$-27,$216,$44,$172,$172,$167,$435,$242,$112,112,$1.49,$1.48,$4,$311,$279,$1119,$13803,$0,$0,$275,$16373,$17492,$2239,$4192,$3652,$10094,$12333,$2625,$2465,$-57,$5159,$17492,$180,$376,$-35,$341,$0,$-23,$37,$-51,$-125,$396,$-661,$0,$0,$0,$-1,$-1,$-17,$-679,$-82,$521,$439,$-2,$-2,$-152,$-11,$273,$-10,$13,$-152
2,2018-03-31,78.44,$46.04,1.7,$31.85,2.46,$-9.05,0.0,$4.17,18.81,$0.96B,$1.87B,0.51,$4.29B,$5.15B,0.83,$3.58B,$2.62B,73.02%,$3.58B,$0.90B,25.08%,$3.58B,$0.90B,25.08%,$3.58B,$1.53B,42.84%,$3.58B,$0.74B,20.66%,$3.58B,$0.47B,13.07%,$0.47B,$5.15B,9.11%,$0.47B,$5.15B,9.11%,$0.47B,$17.15B,2.76%,$0.90B,$9.44B,9.37%,$693,$197,$496,$0,$319,$661,$31,$-25,$7,$-1,$8,$8,$3,$215,$31,$112,112,$0.03,$0.03,$15,$306,$307,$957,$13625,$0,$0,$58,$16191,$17148,$1874,$4291,$3651,$10120,$11995,$2620,$2454,$-52,$5154,$17148,$8,$184,$-23,$161,$0,$-17,$-26,$1,$-2,$167,$-352,$0,$0,$0,$-1,$-1,$-8,$-361,$0,$275,$275,$-3,$-3,$-76,$0,$196,$2,$11,$-76
3,2017-12-31,83.01,$45.96,1.81,$31.74,2.62,$-9.20,0.0,$4.35,19.08,$1.02B,$1.20B,0.85,$4.79B,$5.14B,0.93,$3.57B,$2.58B,72.46%,$3.57B,$0.93B,26.19%,$3.57B,$0.93B,26.19%,$3.57B,$1.53B,42.91%,$3.57B,$0.77B,21.45%,$3.57B,$0.49B,13.68%,$0.49B,$5.14B,9.58%,$0.49B,$5.14B,9.58%,$0.49B,$17.02B,2.92%,$0.93B,$9.93B,9.80%,$760,$204,$556,$0,$298,$649,$110,$-63,$47,$21,$27,$27,$22,$280,$110,$112,112,$0.19,$0.19,$14,$289,$298,$1016,$13445,$0,$0,$85,$16003,$17019,$1198,$4790,$3672,$10686,$11883,$2615,$2443,$-45,$5136,$17019,$508,$596,$168,$764,$0,$-7,$-24,$-132,$-154,$1118,$-1385,$0,$0,$0,$-2,$-2,$-41,$-1429,$723,$-82,$641,$-13,$-13,$-290,$-23,$316,$5,$21,$-290
4,2017-09-30,81.75,$47.27,1.73,$31.57,2.59,$-8.50,0.0,$4.63,17.66,$1.17B,$1.30B,0.9,$4.49B,$5.28B,0.85,$3.55B,$2.52B,71.20%,$3.55B,$0.95B,26.71%,$3.55B,$0.95B,26.71%,$3.55B,$1.53B,43.02%,$3.55B,$0.80B,22.65%,$3.55B,$0.52B,14.64%,$0.52B,$5.28B,10.29%,$0.52B,$5.28B,10.29%,$0.52B,$16.98B,3.15%,$0.95B,$9.77B,10.20%,$1183,$310,$873,$0,$276,$724,$460,$-34,$425,$144,$281,$281,$276,$608,$460,$112,112,$2.47,$2.46,$11,$284,$305,$1174,$13155,$0,$0,$143,$15804,$16978,$1303,$4491,$2108,$10397,$11700,$2609,$2576,$-42,$5278,$16978,$491,$426,$122,$548,$-185,$-2,$-30,$-88,$-234,$805,$-984,$0,$0,$0,$-1,$-1,$-33,$-1018,$549,$-104,$446,$0,$0,$-219,$-11,$215,$2,$0,$-219
5,2017-06-30,81.71,$44.70,1.83,$31.46,2.6,$-8.79,0.0,$4.52,18.08,$1.07B,$1.64B,0.65,$4.19B,$4.99B,0.84,$3.53B,$2.48B,70.33%,$3.53B,$0.94B,26.58%,$3.53B,$0.94B,26.58%,$3.53B,$1.52B,43.16%,$3.53B,$0.79B,22.30%,$3.53B,$0.51B,14.34%,$0.51B,$4.99B,10.18%,$0.51B,$4.99B,10.18%,$0.51B,$16.67B,3.13%,$0.94B,$9.18B,10.27%,$945,$255,$690,$0,$265,$647,$297,$-36,$261,$89,$172,$172,$167,$431,$297,$112,112,$1.50,$1.49,$5,$288,$266,$1068,$12967,$0,$0,$141,$15602,$16670,$1639,$4193,$2133,$10041,$11680,$2604,$2300,$-44,$4990,$16670,$201,$278,$57,$335,$0,$-5,$22,$-167,$-245,$291,$-676,$0,$0,$0,$-1,$-1,$-12,$-688,$252,$305,$556,$-9,$-9,$-143,$-11,$394,$-4,$13,$-143
6,2017-03-31,79.4,$44.51,1.78,$31.22,2.54,$-7.86,0.0,$4.11,19.32,$0.80B,$1.19B,0.67,$4.27B,$4.97B,0.86,$3.50B,$2.43B,69.53%,$3.50B,$0.87B,24.95%,$3.50B,$0.87B,24.95%,$3.50B,$1.48B,42.21%,$3.50B,$0.72B,20.52%,$3.50B,$0.46B,13.15%,$0.46B,$4.97B,9.38%,$0.46B,$4.97B,9.38%,$0.46B,$16.19B,2.90%,$0.87B,$9.24B,9.71%,$678,$212,$465,$0,$270,$610,$67,$-35,$32,$4,$28,$28,$23,$211,$67,$112,112,$0.21,$0.21,$3,$283,$209,$795,$12882,$0,$0,$70,$15398,$16193,$1194,$4274,$2124,$10033,$11227,$2595,$2279,$-43,$4966,$16193,$28,$144,$10,$153,$0,$-1,$22,$-107,$-41,$140,$-343,$0,$0,$0,$-1,$-1,$-5,$-349,$255,$30,$286,$-12,$-12,$-71,$-0,$203,$-6,$10,$-71
7,2016-12-31,73.67,$44.33,1.66,$31.23,2.36,$-8.04,0.0,$3.94,18.7,$0.82B,$1.29B,0.64,$4.02B,$4.94B,0.82,$3.50B,$2.42B,69.30%,$3.50B,$0.86B,24.47%,$3.50B,$0.86B,24.47%,$3.50B,$1.46B,41.71%,$3.50B,$0.70B,19.93%,$3.50B,$0.44B,12.61%,$0.44B,$4.94B,9.10%,$0.44B,$4.94B,9.10%,$0.44B,$16.00B,2.82%,$0.86B,$8.96B,9.81%,$739,$243,$496,$0,$249,$616,$123,$-37,$85,$27,$58,$58,$53,$275,$123,$111,112,$0.48,$0.48,$9,$283,$172,$822,$12714,$0,$0,$69,$15182,$16004,$1293,$4022,$2089,$9775,$11068,$2596,$2256,$-44,$4936,$16004,$462,$603,$165,$768,$0,$-1,$-67,$-123,$-206,$1023,$-1211,$0,$0,$0,$-2,$-2,$-39,$-1252,$323,$177,$500,$-5,$-5,$-274,$-23,$198,$-31,$19,$-274
8,2016-09-30,71.12,$44.89,1.58,$31.22,2.28,$-5.78,0.0,$3.84,18.52,$0.98B,$1.11B,0.88,$4.15B,$4.99B,0.83,$3.49B,$2.43B,69.57%,$3.49B,$0.84B,24.13%,$3.49B,$0.84B,24.13%,$3.49B,$1.42B,40.65%,$3.49B,$0.68B,19.50%,$3.49B,$0.43B,12.28%,$0.43B,$4.99B,8.95%,$0.43B,$4.99B,8.95%,$0.43B,$15.81B,2.79%,$0.84B,$9.14B,9.88%,$1167,$336,$831,$0,$259,$716,$451,$-42,$409,$141,$268,$268,$263,$606,$451,$111,112,$2.36,$2.35,$48,$286,$172,$977,$12446,$0,$0,$69,$14828,$15806,$1110,$4145,$2035,$9704,$10814,$2553,$2343,$-42,$4992,$15806,$403,$451,$139,$590,$0,$-4,$-57,$-194,$-228,$765,$-976,$0,$0,$0,$-2,$-2,$-33,$-1010,$340,$117,$457,$12,$12,$-203,$-11,$254,$9,$28,$-203
9,2016-06-30,75.27,$42.45,1.77,$31.55,2.39,$-3.22,0.0,$3.79,19.86,$0.96B,$1.48B,0.65,$3.90B,$4.72B,0.83,$3.53B,$2.43B,69.05%,$3.53B,$0.84B,23.74%,$3.53B,$0.84B,23.74%,$3.53B,$1.41B,40.09%,$3.53B,$0.67B,19.12%,$3.53B,$0.42B,12.00%,$0.42B,$4.72B,8.92%,$0.42B,$4.72B,8.92%,$0.42B,$15.54B,2.79%,$0.84B,$8.62B,10.13%,$915,$275,$641,$0,$284,$684,$232,$-40,$192,$66,$126,$126,$121,$385,$232,$111,112,$1.09,$1.08,$43,$278,$168,$963,$12241,$0,$0,$60,$14575,$15539,$1479,$3898,$2022,$9341,$10819,$2549,$2080,$-44,$4719,$15539,$136,$296,$65,$361,$0,$2,$48,$-29,$-74,$422,$-702,$0,$0,$0,$-1,$-1,$-12,$-715,$369,$64,$433,$10,$10,$-135,$-11,$297,$4,$25,$-135
10,2016-03-31,69.1,$42.65,1.62,$31.37,2.2,$-1.57,0.0,$3.81,18.14,$0.83B,$1.59B,0.52,$3.46B,$4.74B,0.73,$3.50B,$2.40B,68.61%,$3.50B,$0.84B,23.91%,$3.50B,$0.84B,23.91%,$3.50B,$1.41B,40.19%,$3.50B,$0.68B,19.34%,$3.50B,$0.43B,12.14%,$0.43B,$4.74B,9.05%,$0.43B,$4.74B,9.05%,$0.43B,$15.19B,2.84%,$0.84B,$8.20B,10.29%,$677,$221,$456,$0,$286,$627,$50,$-39,$11,$2,$9,$9,$4,$193,$50,$111,112,$0.04,$0.04,$14,$278,$225,$826,$12024,$0,$0,$61,$14359,$15185,$1586,$3463,$2041,$8859,$10445,$2547,$2097,$-44,$4740,$15185,$9,$143,$12,$155,$47,$2,$-38,$-76,$-20,$144,$-366,$0,$0,$0,$-1,$-1,$-6,$-372,$0,$262,$262,$9,$9,$-68,$0,$203,$-25,$17,$-68
11,2015-12-31,58.79,$42.53,1.38,$31.34,1.88,$-0.31,0.0,$3.91,15.04,$0.89B,$1.44B,0.62,$3.46B,$4.72B,0.73,$3.50B,$2.39B,68.50%,$3.50B,$0.86B,24.46%,$3.50B,$0.86B,24.46%,$3.50B,$1.43B,40.89%,$3.50B,$0.70B,19.89%,$3.50B,$0.44B,12.50%,$0.44B,$4.72B,9.40%,$0.44B,$4.72B,9.40%,$0.44B,$15.03B,2.96%,$0.86B,$8.18B,10.64%,$734,$233,$502,$0,$264,$625,$110,$-41,$69,$23,$46,$46,$41,$236,$110,$111,112,$0.36,$0.38,$39,$280,$203,$891,$11809,$0,$0,$65,$14138,$15028,$1442,$3462,$2013,$8866,$10309,$2542,$2093,$-45,$4719,$15028,$456,$573,$266,$840,$0,$-24,$-34,$-148,$-201,$1094,$-1030,$0,$0,$0,$-17,$-17,$-19,$-1066,$427,$-147,$279,$19,$19,$-260,$-35,$4,$32,$19,$-260
12,2015-09-30,57.91,$43.22,1.34,$31.29,1.85,$1.00,58.18,$3.59,16.13,$1.06B,$1.52B,0.7,$3.26B,$4.79B,0.68,$3.49B,$2.36B,67.74%,$3.49B,$0.81B,23.09%,$3.49B,$0.81B,23.09%,$3.49B,$1.39B,39.78%,$3.49B,$0.64B,18.38%,$3.49B,$0.40B,11.50%,$0.40B,$4.79B,8.72%,$0.40B,$4.79B,8.72%,$0.40B,$14.88B,2.75%,$0.81B,$8.05B,10.22%,$1199,$364,$835,$0,$264,$754,$445,$-44,$402,$140,$262,$262,$257,$599,$445,$111,112,$2.32,$2.30,$13,$279,$192,$1062,$11603,$0,$0,$68,$13813,$14875,$1523,$3257,$2058,$8560,$10084,$2529,$2190,$-64,$4791,$14875,$410,$447,$181,$628,$0,$-23,$-53,$-193,$-217,$821,$-745,$0,$0,$0,$-13,$-13,$-15,$-773,$255,$-90,$165,$13,$13,$-192,$-28,$-43,$5,$0,$-192
13,2015-06-30,50.87,$40.84,1.25,$31.11,1.64,$2.80,18.17,$3.49,14.57,$1.03B,$1.34B,0.77,$3.57B,$4.53B,0.79,$3.46B,$2.32B,66.95%,$3.46B,$0.78B,22.59%,$3.46B,$0.78B,22.59%,$3.46B,$1.35B,38.95%,$3.46B,$0.62B,17.97%,$3.46B,$0.39B,11.21%,$0.39B,$4.53B,8.51%,$0.39B,$4.53B,8.51%,$0.39B,$14.70B,2.70%,$0.78B,$8.09B,10.05%,$891,$281,$609,$0,$254,$659,$232,$-37,$195,$67,$128,$128,$123,$379,$232,$111,111,$1.11,$1.10,$14,$274,$194,$1032,$11471,$0,$0,$71,$13670,$14701,$1340,$3566,$2054,$8836,$10176,$2527,$1933,$-66,$4526,$14701,$148,$294,$79,$372,$0,$-18,$37,$-78,$-126,$394,$-490,$0,$0,$0,$-9,$-9,$-11,$-510,$255,$10,$265,$12,$12,$-128,$-28,$121,$6,$0,$-128
14,2015-03-31,56.45,$41.11,1.37,$31.28,1.8,$4.46,12.66,$3.58,15.77,$0.94B,$1.37B,0.68,$3.28B,$4.55B,0.72,$3.48B,$2.32B,66.83%,$3.48B,$0.80B,23.13%,$3.48B,$0.80B,23.13%,$3.48B,$1.36B,39.04%,$3.48B,$0.64B,18.50%,$3.48B,$0.40B,11.42%,$0.40B,$4.55B,8.77%,$0.40B,$4.55B,8.77%,$0.40B,$14.44B,2.82%,$0.80B,$7.83B,10.57%,$671,$223,$448,$0,$258,$604,$68,$-39,$29,$8,$21,$21,$16,$215,$68,$111,111,$0.15,$0.14,$12,$266,$207,$935,$11325,$0,$0,$173,$13500,$14436,$1374,$3281,$1671,$8509,$9883,$2523,$1942,$-66,$4553,$14436,$21,$147,$1,$149,$0,$-10,$-36,$-33,$-25,$144,$-224,$0,$0,$0,$-4,$-4,$-5,$-233,$250,$-103,$147,$10,$10,$-64,$0,$93,$4,$0,$-64
15,2014-12-31,59.99,$40.87,1.47,$31.44,1.91,$5.62,10.67,$3.58,16.76,$0.97B,$1.56B,0.62,$3.01B,$4.52B,0.67,$3.49B,$2.31B,66.20%,$3.49B,$0.81B,23.23%,$3.49B,$0.81B,23.23%,$3.49B,$1.35B,38.61%,$3.49B,$0.65B,18.48%,$3.49B,$0.40B,11.37%,$0.40B,$4.52B,8.86%,$0.40B,$4.52B,8.86%,$0.40B,$14.29B,2.87%,$0.81B,$7.53B,10.81%,$726,$257,$470,$0,$302,$666,$60,$-46,$15,$5,$10,$10,$5,$194,$60,$111,111,$0.05,$0.05,$8,$256,$189,$973,$11194,$0,$0,$72,$13315,$14289,$1559,$3007,$1989,$8211,$9770,$2513,$1926,$-68,$4519,$14289,$424,$537,$135,$673,$0,$4,$-0,$-138,$3,$1100,$-890,$0,$0,$0,$-17,$-17,$-15,$-923,$79,$-6,$73,$15,$15,$-247,$-20,$-179,$-2,$33,$-247
16,2014-09-30,47.52,$42.05,1.13,$31.22,1.52,$5.35,8.89,$3.75,12.67,$1.04B,$1.45B,0.72,$3.04B,$4.64B,0.65,$3.47B,$2.30B,66.49%,$3.47B,$0.84B,24.10%,$3.47B,$0.84B,24.10%,$3.47B,$1.36B,39.25%,$3.47B,$0.67B,19.39%,$3.47B,$0.42B,12.01%,$0.42B,$4.64B,9.38%,$0.42B,$4.64B,9.38%,$0.42B,$13.98B,3.05%,$0.84B,$7.68B,11.28%,$1173,$382,$790,$0,$264,$751,$422,$-39,$383,$135,$248,$248,$244,$560,$422,$111,111,$2.20,$2.20,$10,$263,$162,$1041,$11004,$0,$0,$78,$12939,$13980,$1449,$3038,$1934,$7888,$9336,$2502,$2052,$-62,$4644,$13980,$414,$403,$92,$495,$-149,$-3,$-7,$-58,$-22,$887,$-610,$0,$0,$0,$-13,$-13,$-11,$-634,$71,$-134,$-63,$15,$15,$-188,$-16,$-252,$1,$0,$-188
17,2014-06-30,49.78,$39.69,1.25,$31.05,1.6,$5.88,8.47,$3.59,13.87,$1.00B,$1.56B,0.64,$3.00B,$4.38B,0.69,$3.44B,$2.32B,67.22%,$3.44B,$0.83B,24.07%,$3.44B,$0.83B,24.07%,$3.44B,$1.36B,39.37%,$3.44B,$0.66B,19.05%,$3.44B,$0.40B,11.56%,$0.40B,$4.38B,9.09%,$0.40B,$4.38B,9.09%,$0.40B,$13.69B,2.92%,$0.83B,$7.38B,11.36%,$906,$291,$615,$0,$255,$652,$254,$-38,$216,$75,$141,$141,$132,$388,$254,$111,111,$1.20,$1.19,$9,$269,$142,$999,$11029,$0,$0,$83,$12691,$13690,$1555,$3000,$1737,$7754,$9308,$2500,$1808,$-74,$4382,$13690,$166,$265,$48,$313,$0,$-9,$31,$-126,$-14,$465,$-376,$0,$0,$0,$-9,$-9,$-8,$-393,$32,$24,$56,$13,$13,$-125,$-16,$-72,$-0,$0,$-125
18,2014-03-31,46.58,$39.67,1.17,$31.14,1.5,$5.97,7.8,$3.58,13.01,$0.90B,$1.40B,0.64,$3.05B,$4.38B,0.7,$3.45B,$2.34B,67.69%,$3.45B,$0.84B,24.17%,$3.45B,$0.84B,24.17%,$3.45B,$1.36B,39.46%,$3.45B,$0.66B,19.02%,$3.45B,$0.40B,11.49%,$0.40B,$4.38B,9.17%,$0.40B,$4.38B,9.17%,$0.40B,$13.45B,2.92%,$0.84B,$7.42B,11.60%,$686,$250,$436,$0,$259,$611,$75,$-44,$31,$6,$25,$25,$16,$206,$75,$110,111,$0.14,$0.14,$103,$260,$139,$898,$10955,$0,$0,$82,$12553,$13451,$1395,$3046,$1679,$7678,$9073,$2497,$1801,$-75,$4378,$13451,$25,$130,$3,$134,$0,$-0,$-51,$-45,$91,$249,$-200,$0,$0,$0,$-4,$-4,$-4,$-209,$250,$-144,$106,$9,$9,$-63,$0,$53,$94,$0,$-63
19,2013-12-31,44.61,$39.39,1.13,$31.14,1.43,$5.92,7.53,$3.66,12.19,$1.04B,$1.62B,0.65,$2.80B,$4.34B,0.64,$3.46B,$2.36B,68.25%,$3.46B,$0.85B,24.52%,$3.46B,$0.85B,24.52%,$3.46B,$1.37B,39.62%,$3.46B,$0.67B,19.42%,$3.46B,$0.41B,11.72%,$0.41B,$4.34B,9.48%,$0.41B,$4.34B,9.48%,$0.41B,$13.51B,2.99%,$0.85B,$7.14B,11.75%,$700,$236,$463,$0,$279,$616,$84,$-42,$42,$9,$33,$33,$24,$206,$84,$110,111,$0.22,$0.22,$10,$260,$154,$1044,$10889,$0,$0,$85,$12465,$13509,$1619,$2796,$1735,$7550,$9168,$2492,$1785,$-78,$4340,$13509,$440,$524,$311,$835,$0,$-12,$45,$-26,$-121,$1153,$-975,$0,$0,$0,$-17,$-17,$-17,$-1009,$13,$61,$74,$17,$17,$-235,$-17,$-161,$-17,$0,$-235
20,2013-09-30,45.68,$40.18,1.14,$31.10,1.47,$7.31,6.25,$3.64,12.55,$1.35B,$1.45B,0.93,$2.82B,$4.42B,0.64,$3.45B,$2.38B,68.94%,$3.45B,$0.86B,25.06%,$3.45B,$0.86B,25.06%,$3.45B,$1.36B,39.44%,$3.45B,$0.68B,19.78%,$3.45B,$0.40B,11.72%,$0.40B,$4.42B,9.59%,$0.40B,$4.42B,9.59%,$0.40B,$13.82B,2.99%,$0.86B,$7.24B,11.92%,$1152,$351,$801,$0,$277,$737,$416,$-49,$367,$132,$235,$235,$226,$556,$416,$110,111,$2.06,$2.04,$135,$258,$179,$1350,$10529,$0,$0,$86,$12472,$13823,$1447,$2820,$1715,$7954,$9401,$2489,$1886,$-89,$4421,$13823,$407,$401,$281,$682,$0,$-9,$45,$-133,$-207,$882,$-547,$0,$0,$0,$-13,$-13,$-12,$-572,$64,$-92,$-29,$10,$10,$-174,$-8,$-201,$109,$0,$-174
21,2013-06-30,45.87,$37.90,1.21,$30.75,1.49,$7.00,6.55,$3.81,12.04,$1.07B,$1.54B,0.69,$2.82B,$4.17B,0.68,$3.41B,$2.38B,69.99%,$3.41B,$0.90B,26.31%,$3.41B,$0.90B,26.31%,$3.41B,$1.34B,39.21%,$3.41B,$0.72B,21.00%,$3.41B,$0.42B,12.42%,$0.42B,$4.17B,10.19%,$0.42B,$4.17B,10.19%,$0.42B,$13.56B,3.15%,$0.90B,$6.99B,12.24%,$916,$278,$638,$0,$270,$656,$260,$-43,$217,$77,$140,$140,$131,$395,$260,$110,111,$1.19,$1.18,$28,$253,$171,$1066,$10472,$0,$0,$96,$12496,$13563,$1537,$2820,$1726,$7856,$9393,$2487,$1660,$-104,$4169,$13563,$172,$260,$111,$371,$0,$-4,$86,$-107,$-89,$454,$-355,$0,$0,$0,$-9,$-9,$-8,$-372,$96,$-62,$34,$10,$10,$-116,$-8,$-81,$2,$0,$-116
22,2013-03-31,47.44,$37.77,1.26,$30.45,1.56,$6.65,7.13,$3.74,12.69,$0.87B,$0.89B,0.98,$3.30B,$4.15B,0.8,$3.37B,$2.36B,70.04%,$3.37B,$0.89B,26.43%,$3.37B,$0.89B,26.43%,$3.37B,$1.29B,38.18%,$3.37B,$0.71B,20.96%,$3.37B,$0.41B,12.29%,$0.41B,$4.15B,10.14%,$0.41B,$4.15B,10.14%,$0.41B,$13.30B,3.10%,$0.89B,$7.46B,12.05%,$687,$231,$456,$0,$263,$600,$87,$-42,$45,$12,$33,$33,$24,$212,$87,$110,111,$0.22,$0.22,$25,$259,$154,$872,$10427,$0,$0,$98,$12429,$13301,$892,$3304,$1854,$8257,$9149,$2484,$1649,$-108,$4152,$13301,$33,$125,$62,$187,$0,$-9,$12,$-54,$-8,$212,$-168,$0,$0,$0,$-4,$-4,$-4,$-177,$104,$-92,$12,$9,$9,$-58,$-0,$-37,$-1,$0,$-58
23,2012-12-31,41.36,$37.38,1.11,$29.94,1.38,$5.23,7.91,$3.44,12.02,$1.01B,$1.08B,0.93,$3.20B,$4.10B,0.78,$3.30B,$2.31B,69.87%,$3.30B,$0.85B,25.77%,$3.30B,$0.85B,25.77%,$3.30B,$1.22B,36.83%,$3.30B,$0.66B,19.90%,$3.30B,$0.38B,11.57%,$0.38B,$4.10B,9.52%,$0.38B,$4.10B,9.52%,$0.38B,$13.38B,2.87%,$0.85B,$7.30B,11.62%,$693,$211,$482,$0,$276,$592,$101,$-48,$53,$18,$35,$35,$23,$197,$101,$110,111,$0.21,$0.21,$26,$249,$207,$1006,$10396,$0,$0,$99,$12374,$13380,$1084,$3199,$1685,$8194,$9277,$2467,$1624,$-114,$4102,$13380,$413,$365,$418,$782,$0,$-23,$-97,$56,$-24,$1171,$-840,$0,$0,$0,$-17,$-17,$-16,$-873,$-178,$92,$-86,$16,$16,$-225,$-10,$-306,$-7,$0,$-225
24,2012-09-30,42.4,$38.15,1.11,$29.75,1.43,$4.77,8.88,$3.35,12.66,$1.10B,$0.95B,1.16,$3.34B,$4.19B,0.8,$3.28B,$2.28B,69.48%,$3.28B,$0.83B,25.30%,$3.28B,$0.83B,25.30%,$3.28B,$1.19B,36.22%,$3.28B,$0.63B,19.26%,$3.28B,$0.37B,11.35%,$0.37B,$4.19B,9.37%,$0.37B,$4.19B,9.37%,$0.37B,$13.46B,2.81%,$0.83B,$7.53B,11.45%,$1109,$303,$807,$0,$257,$662,$448,$-48,$400,$147,$253,$253,$245,$531,$448,$110,111,$2.23,$2.21,$79,$250,$176,$1099,$10225,$0,$0,$101,$12361,$13460,$949,$3339,$1665,$8325,$9275,$2456,$1721,$-119,$4186,$13460,$382,$269,$244,$513,$0,$-24,$-70,$62,$34,$929,$-629,$0,$0,$0,$-13,$-13,$-11,$-653,$-71,$0,$-71,$10,$10,$-167,$-2,$-230,$46,$0,$-167
25,2012-06-30,41.15,$35.60,1.16,$29.96,1.37,$4.92,8.37,$3.46,11.89,$0.95B,$1.10B,0.86,$3.37B,$3.90B,0.87,$3.29B,$2.26B,68.54%,$3.29B,$0.82B,24.78%,$3.29B,$0.82B,24.78%,$3.29B,$1.16B,35.32%,$3.29B,$0.62B,18.71%,$3.29B,$0.38B,11.60%,$0.38B,$3.90B,9.74%,$0.38B,$3.90B,9.74%,$0.38B,$13.21B,2.90%,$0.82B,$7.27B,11.46%,$879,$265,$614,$0,$258,$624,$254,$-47,$208,$77,$131,$131,$122,$346,$254,$109,110,$1.12,$1.11,$11,$247,$118,$947,$10118,$0,$0,$108,$12267,$13214,$1104,$3371,$1650,$8211,$9315,$2453,$1476,$-150,$3899,$13214,$130,$185,$208,$394,$0,$-21,$9,$-29,$-65,$459,$-399,$0,$0,$0,$-9,$-9,$-7,$-415,$-70,$109,$39,$9,$9,$-111,$-2,$-66,$-22,$0,$-111
26,2012-03-31,37.68,$35.27,1.07,$29.29,1.29,$5.02,7.51,$3.14,12.0,$0.91B,$1.16B,0.78,$3.34B,$3.86B,0.87,$3.21B,$2.20B,68.42%,$3.21B,$0.76B,23.62%,$3.21B,$0.76B,23.62%,$3.21B,$1.10B,34.19%,$3.21B,$0.55B,17.17%,$3.21B,$0.35B,10.80%,$0.35B,$3.86B,8.95%,$0.35B,$3.86B,8.95%,$0.35B,$13.18B,2.67%,$0.76B,$7.20B,10.97%,$621,$216,$404,$0,$253,$573,$48,$-52,$-4,$-5,$0,$0,$-8,$142,$48,$109,109,$-0.08,$-0.08,$21,$240,$154,$905,$10059,$0,$0,$118,$12279,$13184,$1158,$3341,$1627,$8165,$9322,$2450,$1469,$-168,$3861,$13184,$-0,$94,$5,$99,$52,$-14,$-39,$-20,$17,$115,$-227,$0,$0,$0,$-4,$-4,$-4,$-235,$-57,$217,$160,$4,$4,$-56,$-2,$107,$-13,$0,$-56
27,2011-12-31,37.49,$35.98,1.04,$29.57,1.27,$6.60,5.68,$3.08,12.17,$0.96B,$1.34B,0.71,$3.02B,$3.93B,0.77,$3.24B,$2.23B,68.85%,$3.24B,$0.75B,23.04%,$3.24B,$0.75B,23.04%,$3.24B,$1.09B,33.47%,$3.24B,$0.54B,16.66%,$3.24B,$0.34B,10.49%,$0.34B,$3.93B,8.84%,$0.34B,$3.93B,8.84%,$0.34B,$13.11B,2.66%,$0.75B,$6.95B,11.05%,$668,$216,$452,$0,$264,$589,$79,$-52,$27,$7,$20,$20,$13,$168,$79,$109,110,$0.11,$0.12,$34,$226,$154,$956,$9962,$0,$0,$114,$12155,$13111,$1343,$3019,$1624,$7838,$9180,$2444,$1534,$-152,$3931,$13111,$367,$339,$274,$613,$0,$-23,$58,$121,$146,$1126,$-846,$0,$45,$0,$39,$39,$-20,$-782,$-185,$-17,$-201,$16,$16,$-222,$-13,$-420,$-77,$0,$-222
28,2011-09-30,33.04,$36.66,0.9,$29.55,1.12,$4.39,7.53,$3.04,10.87,$1.59B,$1.78B,0.89,$3.05B,$4.00B,0.76,$3.22B,$2.20B,68.38%,$3.22B,$0.72B,22.46%,$3.22B,$0.72B,22.46%,$3.22B,$1.07B,33.14%,$3.22B,$0.52B,16.04%,$3.22B,$0.33B,10.36%,$0.33B,$4.00B,8.78%,$0.33B,$4.00B,8.78%,$0.33B,$13.15B,2.66%,$0.72B,$7.05B,10.76%,$1125,$338,$787,$0,$244,$690,$435,$-50,$385,$131,$253,$253,$255,$507,$435,$109,110,$2.34,$2.32,$565,$229,$144,$1591,$9802,$0,$0,$164,$11559,$13150,$1783,$3047,$1485,$7364,$9147,$2442,$1579,$-122,$4003,$13150,$347,$249,$253,$502,$0,$-26,$29,$-22,$72,$921,$-607,$0,$45,$0,$43,$43,$-16,$-534,$242,$-17,$225,$15,$15,$-166,$-6,$68,$455,$0,$-166
29,2011-06-30,33.88,$34.05,0.99,$29.55,1.15,$1.92,17.66,$2.86,11.85,$1.04B,$1.83B,0.57,$2.76B,$3.72B,0.74,$3.22B,$2.18B,67.81%,$3.22B,$0.69B,21.43%,$3.22B,$0.69B,21.43%,$3.22B,$1.04B,32.41%,$3.22B,$0.48B,15.05%,$3.22B,$0.31B,9.74%,$0.31B,$3.72B,8.32%,$0.31B,$3.72B,8.32%,$0.31B,$12.47B,2.52%,$0.69B,$6.48B,10.15%,$800,$244,$556,$0,$251,$603,$197,$-53,$144,$51,$93,$93,$87,$282,$197,$109,110,$0.80,$0.79,$92,$221,$156,$1037,$9656,$0,$0,$175,$11437,$12474,$1831,$2762,$1471,$6927,$8758,$2438,$1324,$-143,$3716,$12474,$84,$177,$126,$303,$0,$-18,$38,$60,$49,$436,$-365,$0,$0,$0,$47,$47,$-10,$-328,$-13,$-9,$-22,$15,$15,$-113,$-6,$-126,$-18,$0,$-113
30,2011-03-31,32.13,$34.20,0.94,$29.71,1.08,$-0.23,0.0,$3.14,10.23,$0.96B,$1.67B,0.57,$2.85B,$3.73B,0.76,$3.22B,$2.18B,67.59%,$3.22B,$0.69B,21.54%,$3.22B,$0.69B,21.54%,$3.22B,$1.05B,32.57%,$3.22B,$0.49B,15.07%,$3.22B,$0.34B,10.60%,$0.34B,$3.73B,9.14%,$0.34B,$3.73B,9.14%,$0.34B,$12.30B,2.77%,$0.69B,$6.57B,10.04%,$649,$212,$437,$0,$293,$613,$36,$-52,$-16,$-6,$-10,$-10,$-15,$128,$36,$109,109,$-0.14,$-0.14,$114,$182,$142,$958,$9580,$0,$0,$171,$11345,$12303,$1674,$2845,$1455,$6900,$8574,$2435,$1352,$-149,$3729,$12303,$-10,$92,$43,$135,$76,$21,$-25,$-17,$118,$243,$-182,$0,$0,$0,$-5,$-5,$-5,$-193,$-0,$1,$1,$12,$12,$-55,$-4,$-47,$4,$0,$-55
31,2010-12-31,30.73,$34.71,0.89,$29.86,1.03,$-2.89,0.0,$3.22,9.54,$1.03B,$1.45B,0.71,$3.05B,$3.78B,0.81,$3.19B,$2.14B,67.20%,$3.19B,$0.72B,22.42%,$3.19B,$0.72B,22.42%,$3.19B,$1.07B,33.43%,$3.19B,$0.51B,15.87%,$3.19B,$0.35B,10.98%,$0.35B,$3.78B,9.64%,$0.35B,$3.78B,9.64%,$0.35B,$12.39B,2.86%,$0.72B,$6.82B,10.34%,$649,$226,$424,$0,$263,$594,$56,$-51,$4,$-5,$10,$10,$7,$151,$56,$107,107,$0.12,$0.12,$110,$203,$164,$1025,$9579,$0,$0,$155,$11368,$12393,$1450,$3046,$1445,$7168,$8618,$2421,$1424,$-160,$3775,$12393,$370,$350,$192,$542,$-68,$12,$9,$-139,$-162,$750,$-716,$0,$100,$0,$48,$48,$-8,$-576,$-107,$-137,$-244,$256,$256,$-217,$-5,$-210,$-35,$0,$-217
32,2010-09-30,30.21,$35.21,0.86,$29.92,1.01,$0.30,101.33,$2.85,10.6,$1.24B,$0.97B,1.29,$3.46B,$3.83B,0.91,$3.16B,$2.08B,65.85%,$3.16B,$0.93B,29.53%,$3.16B,$0.93B,29.53%,$3.16B,$1.33B,42.18%,$3.16B,$0.72B,22.72%,$3.16B,$0.31B,9.91%,$0.31B,$3.83B,8.83%,$0.31B,$3.83B,8.83%,$0.31B,$12.44B,2.58%,$0.93B,$7.29B,13.44%,$1117,$354,$763,$0,$257,$716,$400,$-48,$352,$122,$230,$230,$234,$481,$400,$109,109,$2.15,$2.14,$196,$196,$135,$1243,$9526,$0,$0,$233,$11192,$12435,$968,$3463,$1570,$7639,$8607,$2419,$1474,$-173,$3828,$12435,$358,$255,$127,$382,$-104,$19,$37,$-110,$-170,$570,$-527,$0,$100,$0,$53,$53,$-3,$-377,$-85,$-154,$-238,$255,$255,$-162,$3,$-142,$51,$0,$-162
33,2010-06-30,26.25,$33.07,0.79,$30.43,0.86,$2.18,12.04,$2.55,10.3,$1.09B,$1.23B,0.89,$3.33B,$3.59B,0.93,$3.13B,$2.03B,64.66%,$3.13B,$0.90B,28.74%,$3.13B,$0.90B,28.74%,$3.13B,$1.38B,44.19%,$3.13B,$0.68B,21.68%,$3.13B,$0.27B,8.49%,$0.27B,$3.59B,7.72%,$0.27B,$3.59B,7.72%,$0.27B,$12.16B,2.22%,$0.90B,$6.92B,13.13%,$803,$252,$551,$0,$245,$601,$201,$-57,$145,$51,$93,$93,$115,$288,$201,$107,108,$1.07,$1.07,$51,$202,$207,$1087,$9475,$0,$0,$219,$11071,$12158,$1227,$3327,$1586,$7338,$8565,$2412,$1240,$-169,$3593,$12158,$119,$174,$-10,$165,$-7,$14,$45,$-209,$-82,$201,$-363,$0,$100,$0,$-12,$-12,$-3,$-278,$-15,$-149,$-164,$255,$255,$-107,$-2,$-18,$-95,$0,$-107
34,2010-03-31,26.87,$30.71,0.87,$31.07,0.86,$2.12,12.66,$2.16,12.44,$0.72B,$1.39B,0.52,$3.31B,$3.33B,0.99,$3.15B,$2.00B,63.56%,$3.15B,$0.87B,27.67%,$3.15B,$0.87B,27.67%,$3.15B,$1.42B,44.98%,$3.15B,$0.66B,20.84%,$3.15B,$0.22B,6.96%,$0.22B,$3.33B,6.53%,$0.22B,$3.33B,6.53%,$0.22B,$11.94B,1.84%,$0.87B,$6.64B,12.78%,$620,$216,$405,$0,$240,$563,$58,$-53,$5,$-7,$12,$12,$-6,$146,$58,$101,101,$-0.06,$-0.06,$4,$209,$115,$721,$9486,$104,$0,$218,$11214,$11935,$1394,$3306,$1598,$7211,$8605,$2156,$1239,$-178,$3330,$11935,$-1,$88,$109,$197,$0,$6,$-23,$-217,$-210,$-14,$-200,$0,$0,$0,$-6,$-6,$-5,$-210,$-4,$136,$132,$1,$1,$-51,$1,$82,$-142,$0,$-51
35,2009-12-31,25.67,$33.80,0.76,$31.15,0.82,$1.94,13.21,$0.67,38.32,$0.93B,$1.11B,0.84,$3.50B,$3.43B,1.02,$3.15B,$1.97B,62.59%,$3.15B,$0.62B,19.53%,$3.15B,$0.62B,19.53%,$3.15B,$1.21B,38.49%,$3.15B,$0.40B,12.52%,$3.15B,$0.07B,2.16%,$0.07B,$3.43B,2.05%,$0.07B,$3.43B,2.05%,$0.07B,$11.99B,0.58%,$0.62B,$6.93B,9.01%,$620,$258,$362,$0,$233,$346,$274,$-58,$216,$83,$133,$133,$-30,$418,$274,$101,101,$-0.34,$-0.30,$145,$215,$81,$929,$9405,$120,$0,$139,$11058,$11986,$1109,$3497,$1645,$7449,$8558,$2153,$1298,$-132,$3428,$11986,$73,$598,$342,$940,$0,$-12,$-27,$137,$55,$1067,$-711,$0,$0,$0,$22,$22,$-15,$-705,$411,$-517,$-106,$3,$3,$-205,$-14,$-322,$40,$0,$-205
36,2009-09-30,22.66,$33.82,0.67,$30.74,0.74,$-1.84,0.0,$0.58,39.07,$1.15B,$0.95B,1.21,$3.52B,$3.43B,1.03,$3.11B,$1.92B,61.72%,$3.11B,$0.44B,14.01%,$3.11B,$0.44B,14.01%,$3.11B,$1.03B,33.11%,$3.11B,$0.20B,6.56%,$3.11B,$0.06B,1.90%,$0.06B,$3.43B,1.77%,$0.06B,$3.43B,1.77%,$0.06B,$11.83B,0.51%,$0.44B,$6.95B,6.47%,$1089,$382,$707,$0,$232,$722,$367,$-54,$313,$110,$203,$203,$187,$532,$367,$101,101,$1.84,$1.84,$101,$228,$60,$1151,$9162,$150,$0,$129,$10680,$11831,$954,$3520,$1663,$7452,$8406,$2149,$1382,$-131,$3425,$11831,$98,$454,$351,$805,$-79,$-17,$-36,$178,$-131,$771,$-541,$0,$0,$0,$15,$15,$-10,$-537,$447,$-528,$-82,$3,$3,$-154,$-6,$-239,$-4,$0,$-154
37,2009-06-30,20.49,$31.98,0.64,$30.59,0.67,$-2.95,0.0,$0.24,85.36,$1.19B,$1.30B,0.91,$3.53B,$3.24B,1.09,$3.09B,$1.86B,60.22%,$3.09B,$0.35B,11.16%,$3.09B,$0.35B,11.16%,$3.09B,$0.93B,29.95%,$3.09B,$0.12B,3.85%,$3.09B,$0.02B,0.78%,$0.02B,$3.24B,0.71%,$0.02B,$3.24B,0.71%,$0.02B,$11.86B,0.21%,$0.35B,$6.77B,5.17%,$819,$292,$527,$0,$248,$647,$172,$-50,$122,$41,$81,$81,$68,$320,$172,$101,101,$0.68,$0.68,$182,$238,$96,$1185,$9084,$199,$0,$124,$10678,$11863,$1296,$3529,$1613,$7331,$8627,$2147,$1248,$-184,$3236,$11863,$-93,$289,$209,$498,$0,$-22,$-50,$83,$-202,$202,$-360,$0,$0,$0,$-11,$-11,$-170,$-541,$638,$-280,$358,$2,$2,$-102,$-6,$251,$-88,$0,$-102
38,2009-03-31,17.71,$31.63,0.56,$31.27,0.57,$0.83,21.23,$0.89,19.9,$0.80B,$1.03B,0.78,$3.53B,$3.20B,1.1,$3.16B,$1.87B,59.31%,$3.16B,$0.35B,11.05%,$3.16B,$0.35B,11.05%,$3.16B,$0.95B,30.11%,$3.16B,$0.13B,3.99%,$3.16B,$0.09B,2.85%,$0.09B,$3.20B,2.56%,$0.09B,$3.20B,2.56%,$0.09B,$11.42B,0.78%,$0.35B,$6.73B,5.22%,$626,$247,$378,$0,$232,$823,$-197,$-59,$-256,$-95,$-161,$-161,$-157,$-56,$-197,$101,101,$-1.50,$-1.55,$33,$230,$120,$802,$8989,$213,$0,$130,$10616,$11418,$1033,$3529,$1576,$7188,$8220,$2147,$1235,$-215,$3197,$11418,$-166,$141,$49,$190,$76,$-12,$-78,$-1,$-81,$-56,$-174,$0,$0,$0,$-5,$-5,$-2,$-182,$483,$-263,$220,$1,$1,$-51,$-4,$166,$-72,$0,$-51
39,2008-12-31,21.1,$34.61,0.61,$31.92,0.66,$3.19,6.61,$2.40,8.79,$0.88B,$1.51B,0.59,$3.03B,$3.49B,0.87,$3.22B,$1.89B,58.70%,$3.22B,$0.58B,18.07%,$3.22B,$0.58B,18.07%,$3.22B,$1.20B,37.20%,$3.22B,$0.37B,11.61%,$3.22B,$0.24B,7.55%,$0.24B,$3.49B,6.75%,$0.24B,$3.49B,6.75%,$0.24B,$11.62B,2.12%,$0.58B,$6.53B,8.73%,$577,$269,$308,$0,$197,$482,$94,$-70,$25,$4,$20,$20,$-39,$234,$94,$101,101,$-0.39,$-0.39,$105,$254,$54,$882,$8917,$415,$0,$152,$10738,$11620,$1506,$3032,$1510,$6621,$8127,$2151,$1444,$-147,$3493,$11620,$260,$615,$131,$745,$0,$-25,$-69,$-56,$-157,$848,$-875,$0,$0,$0,$73,$73,$-13,$-815,$-105,$332,$226,$4,$4,$-204,$-10,$16,$49,$0,$-204
40,2008-09-30,22.23,$35.84,0.62,$31.47,0.71,$0.88,25.37,$2.82,7.88,$1.00B,$1.36B,0.73,$3.05B,$3.61B,0.84,$3.17B,$1.98B,62.35%,$3.17B,$0.54B,16.98%,$3.17B,$0.54B,16.98%,$3.17B,$1.15B,36.23%,$3.17B,$0.36B,11.41%,$3.17B,$0.29B,8.98%,$0.29B,$3.61B,7.90%,$0.29B,$3.61B,7.90%,$0.29B,$11.45B,2.51%,$0.54B,$6.66B,8.04%,$1070,$421,$649,$0,$240,$794,$276,$-48,$228,$77,$151,$151,$152,$428,$276,$101,101,$1.50,$1.50,$105,$273,$50,$1000,$8785,$441,$0,$144,$10453,$11453,$1361,$3047,$1498,$6479,$7840,$2142,$1536,$-63,$3613,$11453,$281,$475,$142,$618,$-40,$-14,$-11,$-22,$-115,$784,$-667,$0,$0,$0,$79,$79,$-9,$-597,$-91,$101,$10,$8,$8,$-158,$2,$-139,$48,$0,$-158
41,2008-06-30,19.56,$37.21,0.53,$32.83,0.6,$-2.59,0.0,$3.39,5.77,$1.04B,$1.18B,0.88,$3.09B,$3.75B,0.82,$3.31B,$2.03B,61.47%,$3.31B,$0.60B,18.19%,$3.31B,$0.60B,18.19%,$3.31B,$1.22B,36.93%,$3.31B,$0.43B,12.93%,$3.31B,$0.34B,10.34%,$0.34B,$3.75B,9.50%,$0.34B,$3.75B,9.50%,$0.34B,$11.58B,3.02%,$0.60B,$6.83B,8.94%,$885,$346,$538,$0,$227,$708,$176,$-47,$129,$16,$113,$113,$134,$345,$176,$101,101,$1.33,$1.33,$97,$265,$173,$1036,$8673,$464,$0,$398,$10542,$11578,$1184,$3086,$1650,$6646,$7830,$2139,$1437,$175,$3748,$11578,$129,$324,$381,$704,$0,$-4,$-0,$-67,$-155,$679,$-454,$0,$0,$0,$84,$84,$-9,$-379,$-84,$-74,$-159,$6,$6,$-106,$-1,$-259,$40,$0,$-106
42,2008-03-31,21.96,$35.22,0.62,$32.63,0.67,$-6.28,0.0,$2.84,7.73,$0.91B,$1.34B,0.68,$3.12B,$3.54B,0.88,$3.29B,$2.01B,61.27%,$3.29B,$0.59B,17.80%,$3.29B,$0.59B,17.80%,$3.29B,$1.21B,36.75%,$3.29B,$0.42B,12.75%,$3.29B,$0.29B,8.73%,$0.29B,$3.54B,8.16%,$0.29B,$3.54B,8.16%,$0.29B,$11.20B,2.55%,$0.59B,$6.66B,8.74%,$688,$293,$395,$0,$226,$652,$36,$-44,$-8,$-2,$-6,$-6,$-4,$191,$36,$101,101,$-0.04,$-0.04,$18,$284,$216,$906,$8543,$481,$0,$223,$10292,$11198,$1342,$3115,$1469,$6312,$7653,$2135,$1356,$56,$3544,$11198,$-4,$155,$83,$238,$0,$-11,$-85,$49,$13,$246,$-238,$0,$0,$0,$-5,$-5,$-5,$-248,$14,$2,$16,$3,$3,$-53,$-3,$-37,$-39,$0,$-53
43,2007-12-31,26.19,$35.15,0.75,$32.69,0.8,$-6.27,0.0,$3.04,8.61,$0.91B,$1.34B,0.68,$3.13B,$3.53B,0.89,$3.29B,$2.05B,62.33%,$3.29B,$0.62B,18.73%,$3.29B,$0.62B,18.73%,$3.29B,$1.25B,38.01%,$3.29B,$0.45B,13.75%,$3.29B,$0.31B,9.35%,$0.31B,$3.53B,8.82%,$0.31B,$3.53B,8.82%,$0.31B,$11.16B,2.75%,$0.62B,$6.66B,9.23%,$531,$134,$397,$0,$225,$480,$51,$-38,$13,$10,$3,$3,$3,$186,$51,$100,101,$0.02,$0.04,$56,$276,$92,$907,$8436,$533,$0,$167,$10255,$11162,$1344,$3127,$1411,$6286,$7631,$2136,$1414,$-16,$3532,$11162,$307,$635,$-318,$317,$59,$-87,$-42,$79,$34,$658,$-919,$0,$0,$0,$70,$70,$-25,$-873,$69,$305,$373,$24,$24,$-210,$-3,$185,$-31,$0,$-210
44,2007-09-30,24.09,$35.55,0.68,$32.78,0.73,$-7.13,0.0,$3.19,7.55,$1.07B,$1.31B,0.82,$3.23B,$3.57B,0.91,$3.30B,$2.09B,63.32%,$3.30B,$0.63B,18.95%,$3.30B,$0.63B,18.95%,$3.30B,$1.29B,39.19%,$3.30B,$0.45B,13.67%,$3.30B,$0.32B,9.79%,$0.32B,$3.57B,9.30%,$0.32B,$3.57B,9.30%,$0.32B,$11.40B,2.87%,$0.63B,$6.80B,9.34%,$1205,$501,$704,$0,$213,$867,$339,$-45,$294,$92,$202,$202,$209,$500,$339,$100,101,$2.08,$2.07,$44,$178,$197,$1069,$8296,$617,$0,$187,$10327,$11396,$1306,$3229,$1428,$6521,$7827,$2130,$1464,$-23,$3569,$11396,$304,$500,$-153,$348,$0,$-30,$-49,$-95,$-174,$477,$-710,$0,$34,$0,$17,$17,$-18,$-678,$62,$238,$299,$19,$19,$-158,$-3,$157,$-43,$0,$-158
45,2007-06-30,23.96,$34.13,0.7,$31.60,0.76,$-7.33,0.0,$2.96,8.09,$0.99B,$1.27B,0.78,$3.23B,$3.42B,0.94,$3.17B,$2.07B,65.17%,$3.17B,$0.60B,18.80%,$3.17B,$0.60B,18.80%,$3.17B,$1.31B,41.17%,$3.17B,$0.44B,13.88%,$3.17B,$0.30B,9.40%,$0.30B,$3.42B,8.69%,$0.30B,$3.42B,8.69%,$0.30B,$11.18B,2.65%,$0.60B,$6.66B,8.96%,$863,$345,$518,$0,$212,$704,$159,$-39,$120,$41,$79,$79,$79,$331,$159,$100,101,$0.79,$0.78,$23,$171,$279,$994,$8118,$586,$0,$226,$10188,$11182,$1270,$3233,$1376,$6489,$7759,$2126,$1307,$-8,$3423,$11182,$96,$339,$-131,$209,$0,$-23,$-14,$23,$-14,$290,$-438,$0,$0,$0,$22,$22,$-13,$-428,$64,$105,$169,$18,$18,$-105,$-7,$74,$-64,$0,$-105
46,2007-03-31,28.7,$34.41,0.83,$32.32,0.89,$-8.96,0.0,$3.31,8.67,$0.97B,$1.09B,0.89,$3.19B,$3.45B,0.92,$3.23B,$2.14B,66.09%,$3.23B,$0.63B,19.43%,$3.23B,$0.63B,19.43%,$3.23B,$1.33B,41.27%,$3.23B,$0.48B,14.85%,$3.23B,$0.33B,10.24%,$0.33B,$3.45B,9.75%,$0.33B,$3.45B,9.75%,$0.33B,$11.01B,2.98%,$0.63B,$6.64B,9.64%,$695,$261,$434,$0,$206,$627,$68,$-43,$26,$9,$16,$16,$17,$235,$68,$100,101,$0.17,$0.16,$121,$162,$321,$971,$7986,$533,$0,$263,$10038,$11009,$1091,$3187,$1409,$6469,$7560,$2121,$1281,$47,$3449,$11009,$17,$167,$-68,$99,$0,$-14,$-125,$238,$99,$215,$-206,$0,$0,$0,$28,$28,$-5,$-184,$14,$35,$49,$8,$8,$-52,$-1,$3,$34,$0,$-52
47,2006-12-31,29.84,$34.48,0.87,$32.15,0.93,$-10.69,0.0,$3.28,9.1,$1.48B,$1.46B,1.01,$3.23B,$3.45B,0.94,$3.21B,$2.14B,66.76%,$3.21B,$0.62B,19.24%,$3.21B,$0.62B,19.24%,$3.21B,$1.27B,39.57%,$3.21B,$0.47B,14.72%,$3.21B,$0.33B,10.17%,$0.33B,$3.45B,9.78%,$0.33B,$3.45B,9.78%,$0.33B,$11.46B,2.96%,$0.62B,$6.68B,9.71%,$536,$103,$433,$0,$201,$477,$59,$-48,$11,$1,$10,$10,$18,$227,$59,$99,100,$0.18,$0.17,$120,$190,$668,$1475,$7882,$526,$0,$279,$9981,$11456,$1459,$3233,$1463,$6551,$8010,$2115,$1320,$12,$3446,$11456,$327,$652,$-627,$25,$9,$2,$-46,$75,$41,$394,$-738,$0,$0,$0,$194,$194,$-25,$-569,$230,$10,$240,$40,$40,$-201,$30,$108,$-67,$0,$-201
