,Date,Stock Price,Book Value per Share,Price to Book Ratio,TTM Sales per Share,Price to Sales Ratio,TTM FCF per Share,Price to FCF Ratio,TTM Net EPS,PE Ratio,Current Assets,Current Liabilities,Current Ratio,Long Term Debt,Shareholder's Equity_x,Debt to Equity Ratio,TTM Revenue_x,TTM Gross Profit,Gross Margin,TTM Revenue_y,TTM Operating Income,Operating Margin,TTM Revenue_x,TTM EBIT,EBIT Margin,TTM Revenue_y,TTM EBITDA,EBITDA Margin,TTM Revenue_x,TTM Pre-Tax Income,Pre-Tax Margin,TTM Revenue_y,TTM Net Income_x,Net Margin,TTM Net Income_y,Shareholder's Equity_y,Return on Equity,TTM Net Income_x,Tangible Equity,Return on Tangible Equity,TTM Net Income_y,Total Assets,Return on Assets,TTM Net Income,LT Investments & Debt,Return on Investment,revenue,cost-goods-sold,gross-profit,research-development-expenses,selling-general-administrative-expenses,operating-expenses,operating-income,total-non-operating-income-expense,pre-tax-income,total-provision-income-taxes,income-after-taxes,income-from-continuous-operations,net-income,ebitda,ebit,basic-shares-outstanding,shares-outstanding,eps-basic-net-earnings-per-share,eps-earnings-per-share-diluted,cash-on-hand,inventory,other-current-assets,total-current-assets,net-property-plant-equipment,long-term-investments,goodwill-intangible-assets-total,other-long-term-assets,total-long-term-assets,total-assets,total-current-liabilities,long-term-debt,other-non-current-liabilities,total-long-term-liabilities,total-liabilities,common-stock-net,retained-earnings-accumulated-deficit,comprehensive-income,total-share-holder-equity,total-liabilities-share-holders-equity,net-income-loss,total-depreciation-amortization-cash-flow,other-non-cash-items,total-non-cash-items,change-in-accounts-receivable,change-in-inventories,change-in-accounts-payable,change-in-assets-liabilities,total-change-in-assets-liabilities,cash-flow-from-operating-activities,net-change-in-property-plant-equipment,net-change-in-intangible-assets,net-acquisitions-divestitures,net-change-in-short-term-investments,net-change-in-long-term-investments,net-change-in-investments-total,investing-activities-other,cash-flow-from-investing-activities,net-long-term-debt,net-current-debt,debt-issuance-retirement-net-total,net-common-equity-issued-repurchased,net-total-equity-issued-repurchased,total-common-preferred-stock-dividends-paid,financial-activities-other,cash-flow-from-financial-activities,net-cash-flow,stock-based-compensation,common-stock-dividends-paid
0,2018-09-30,105.95,$3.35,31.62,$8.95,11.84,$-5.00,0.0,$-0.23,0.0,$0.45B,$0.10B,4.58,$0.58B,$0.20B,2.95,$0.53B,$0.34B,64.15%,$0.53B,$0.01B,1.89%,$0.53B,$0.01B,1.89%,$0.53B,$0.03B,4.91%,$0.53B,$-0.01B,-2.26%,$0.53B,$-0.01B,-2.64%,$-0.01B,$0.20B,-7.92%,$-0.01B,$0.15B,-10.69%,$-0.01B,$0.89B,-1.66%,$0.01B,$0.78B,1.33%,$151,$49,$102,$22,$73,$144,$7,$-5,$2,$0,$2,$2,$2,$11,$7,$59,61,$0.03,$0.03,$290,$58,$0,$446,$229,$146,$48,$18,$441,$886,$97,$584,$7,$591,$688,$0,$-694,$-2,$198,$886,$-7,$11,$55,$67,$-25,$-25,$0,$-8,$-55,$5,$-128,$0,$0,$-16,$0,$-16,$0,$-144,$0,$-7,$-7,$13,$13,$0,$-14,$-7,$-146,$31,$0
1,2018-06-30,85.7,$3.04,28.21,$8.57,9.99,$-3.49,0.0,$-0.30,0.0,$0.42B,$0.08B,5.54,$0.58B,$0.18B,3.22,$0.50B,$0.31B,62.28%,$0.50B,$0.01B,1.00%,$0.50B,$0.01B,1.00%,$0.50B,$0.02B,4.19%,$0.50B,$-0.02B,-3.19%,$0.50B,$-0.02B,-3.59%,$-0.02B,$0.18B,-12.35%,$-0.02B,$0.13B,-17.82%,$-0.02B,$0.84B,-2.41%,$0.01B,$0.76B,0.76%,$124,$42,$82,$18,$59,$120,$4,$-6,$-1,$0,$-2,$-2,$-2,$8,$4,$59,59,$-0.03,$-0.03,$300,$41,$0,$422,$198,$156,$45,$18,$417,$839,$76,$577,$6,$584,$660,$0,$-695,$-2,$179,$839,$-8,$7,$31,$38,$-7,$-8,$0,$-7,$-40,$-10,$-90,$0,$0,$-27,$0,$-27,$0,$-117,$0,$-7,$-7,$11,$11,$0,$-13,$-8,$-136,$15,$0
2,2018-03-31,86.68,$2.90,29.84,$8.36,10.37,$-2.53,0.0,$-0.40,0.0,$0.45B,$0.08B,5.48,$0.57B,$0.17B,3.34,$0.49B,$0.30B,60.57%,$0.49B,$-0.00B,-0.41%,$0.49B,$-0.00B,-0.41%,$0.49B,$0.01B,2.67%,$0.49B,$-0.02B,-4.72%,$0.49B,$-0.02B,-4.93%,$-0.02B,$0.17B,-20.47%,$-0.02B,$0.13B,-32.88%,$-0.02B,$0.83B,-3.68%,$-0.00B,$0.74B,-0.35%,$124,$48,$76,$20,$56,$124,$0,$-6,$-6,$0,$-7,$-7,$-7,$4,$0,$58,58,$-0.11,$-0.11,$352,$26,$0,$452,$153,$164,$44,$17,$378,$830,$82,$570,$7,$577,$659,$0,$-693,$-2,$171,$830,$-7,$4,$16,$20,$2,$7,$0,$-5,$-17,$-4,$-35,$0,$0,$-21,$0,$-21,$0,$-56,$0,$-0,$-0,$3,$3,$0,$-12,$-9,$-69,$8,$0
3,2017-12-31,69.0,$2.72,25.39,$8.01,8.62,$-2.67,0.0,$-0.46,0.0,$0.54B,$0.09B,6.24,$0.57B,$0.16B,3.57,$0.47B,$0.28B,59.78%,$0.47B,$-0.01B,-1.51%,$0.47B,$-0.01B,-1.51%,$0.47B,$0.01B,1.51%,$0.47B,$-0.03B,-5.81%,$0.47B,$-0.03B,-5.81%,$-0.03B,$0.16B,-29.83%,$-0.03B,$0.11B,-57.45%,$-0.03B,$0.82B,-4.86%,$-0.01B,$0.73B,-1.44%,$131,$51,$80,$19,$61,$131,$-1,$-6,$-7,$-0,$-7,$-7,$-7,$3,$-1,$58,58,$-0.12,$-0.12,$440,$34,$0,$537,$108,$126,$44,$2,$280,$817,$86,$566,$6,$572,$658,$0,$-707,$-0,$159,$817,$-27,$14,$53,$66,$-26,$2,$0,$-1,$2,$41,$-77,$0,$0,$-134,$0,$-134,$0,$-211,$-0,$293,$293,$16,$16,$0,$-4,$305,$135,$32,$0
4,2017-09-30,55.08,$1.28,43.14,$7.56,7.28,$-2.16,0.0,$-0.50,0.0,$0.37B,$0.08B,4.88,$0.35B,$0.07B,4.65,$0.44B,$0.26B,59.13%,$0.44B,$-0.01B,-2.28%,$0.44B,$-0.01B,-2.28%,$0.44B,$0.00B,0.68%,$0.44B,$-0.03B,-6.62%,$0.44B,$-0.03B,-6.62%,$-0.03B,$0.07B,-43.61%,$-0.03B,$0.03B,-122.11%,$-0.03B,$0.50B,-6.23%,$-0.01B,$0.42B,-2.47%,$122,$48,$74,$20,$51,$120,$2,$-4,$-2,$0,$-2,$-2,$-2,$6,$2,$58,58,$-0.04,$-0.04,$276,$35,$0,$366,$88,$0,$44,$2,$134,$500,$75,$345,$6,$351,$426,$0,$-700,$-0,$74,$500,$-20,$11,$38,$48,$-20,$0,$0,$-0,$-9,$19,$-48,$0,$0,$-14,$0,$-14,$0,$-61,$-0,$0,$-0,$11,$11,$0,$-4,$7,$-35,$24,$0
5,2017-06-30,51.31,$1.12,46.01,$7.12,7.21,$-2.08,0.0,$-0.51,0.0,$0.34B,$0.05B,7.06,$0.34B,$0.07B,5.27,$0.41B,$0.24B,58.64%,$0.41B,$-0.01B,-2.43%,$0.41B,$-0.01B,-2.43%,$0.41B,$0.00B,0.73%,$0.41B,$-0.03B,-7.30%,$0.41B,$-0.03B,-7.30%,$-0.03B,$0.07B,-46.69%,$-0.03B,$0.02B,-133.33%,$-0.03B,$0.46B,-6.62%,$-0.01B,$0.41B,-2.51%,$110,$45,$65,$18,$50,$113,$-3,$-4,$-8,$0,$-8,$-8,$-8,$0,$-3,$58,58,$-0.13,$-0.13,$259,$34,$0,$339,$76,$0,$43,$2,$121,$459,$48,$341,$6,$347,$395,$0,$-698,$-1,$65,$459,$-18,$7,$24,$31,$-10,$2,$0,$-1,$-17,$-4,$-39,$0,$0,$-25,$0,$-25,$0,$-64,$-0,$0,$-0,$8,$8,$0,$-3,$4,$-64,$15,$0
6,2017-03-31,43.09,$1.10,39.25,$6.75,6.38,$-1.56,0.0,$-0.46,0.0,$0.34B,$0.04B,8.56,$0.34B,$0.06B,5.3,$0.39B,$0.23B,58.25%,$0.39B,$-0.01B,-2.06%,$0.39B,$-0.01B,-2.06%,$0.39B,$0.01B,1.29%,$0.39B,$-0.03B,-6.70%,$0.39B,$-0.03B,-6.70%,$-0.03B,$0.06B,-47.49%,$-0.03B,$0.02B,-189.09%,$-0.03B,$0.45B,-6.43%,$-0.01B,$0.40B,-2.30%,$102,$42,$59,$18,$47,$107,$-5,$-5,$-10,$0,$-10,$-10,$-10,$-2,$-5,$58,58,$-0.17,$-0.17,$254,$34,$0,$337,$65,$0,$42,$1,$108,$445,$39,$337,$5,$342,$381,$0,$-690,$-1,$64,$445,$-10,$3,$11,$15,$-12,$1,$0,$-1,$-27,$-22,$-26,$0,$0,$-17,$0,$-17,$0,$-42,$-0,$0,$-0,$6,$6,$0,$-3,$3,$-61,$7,$0
7,2016-12-31,37.68,$1.10,34.28,$6.41,5.87,$-0.98,0.0,$-0.51,0.0,$0.37B,$0.06B,6.64,$0.33B,$0.06B,5.27,$0.37B,$0.21B,57.49%,$0.37B,$-0.01B,-3.00%,$0.37B,$-0.01B,-3.00%,$0.37B,$0.00B,0.82%,$0.37B,$-0.03B,-7.36%,$0.37B,$-0.03B,-7.63%,$-0.03B,$0.06B,-61.88%,$-0.03B,$0.02B,-589.47%,$-0.03B,$0.46B,-7.84%,$-0.01B,$0.40B,-3.69%,$104,$43,$61,$16,$49,$108,$-4,$-5,$-9,$0,$-9,$-9,$-9,$-1,$-4,$57,57,$-0.15,$-0.15,$299,$36,$0,$370,$45,$0,$42,$0,$87,$457,$56,$333,$5,$338,$393,$0,$-680,$-1,$63,$457,$-29,$14,$45,$58,$13,$-24,$0,$-3,$-14,$16,$-22,$0,$6,$-162,$0,$-162,$0,$-178,$-6,$180,$175,$5,$5,$0,$-3,$177,$15,$24,$0
8,2016-09-30,40.94,$1.13,36.11,$6.08,6.73,$-1.28,0.0,$-0.83,0.0,$0.36B,$0.05B,6.67,$0.33B,$0.07B,5.05,$0.35B,$0.19B,55.33%,$0.35B,$-0.02B,-5.76%,$0.35B,$-0.02B,-5.76%,$0.35B,$-0.00B,-1.15%,$0.35B,$-0.03B,-9.80%,$0.35B,$-0.05B,-13.26%,$-0.05B,$0.07B,-121.05%,$-0.05B,$0.03B,2300.00%,$-0.05B,$0.45B,-14.77%,$-0.02B,$0.39B,-7.98%,$95,$39,$56,$14,$39,$92,$2,$-5,$-3,$0,$-3,$-3,$-3,$6,$2,$57,57,$-0.05,$-0.05,$283,$33,$0,$362,$51,$0,$40,$0,$91,$453,$54,$329,$5,$334,$388,$0,$-671,$-0,$65,$453,$-20,$10,$28,$38,$3,$-21,$0,$-3,$-22,$-4,$-19,$0,$6,$-67,$0,$-67,$0,$-81,$-5,$180,$176,$5,$5,$0,$-3,$178,$93,$17,$0
9,2016-06-30,30.24,$0.48,63.08,$5.68,5.32,$-0.89,0.0,$-1.11,0.0,$0.18B,$0.06B,3.29,$0.18B,$0.03B,6.4,$0.32B,$0.17B,52.01%,$0.32B,$-0.04B,-11.46%,$0.32B,$-0.04B,-11.46%,$0.32B,$-0.02B,-6.50%,$0.32B,$-0.05B,-15.17%,$0.32B,$-0.06B,-19.20%,$-0.06B,$0.03B,-174.65%,$-0.06B,$-0.01B,800.00%,$-0.06B,$0.26B,-22.84%,$-0.04B,$0.20B,-17.64%,$87,$37,$50,$13,$39,$89,$-1,$-3,$-4,$0,$-4,$-4,$-4,$2,$-1,$57,57,$-0.08,$-0.08,$111,$24,$0,$181,$41,$0,$41,$0,$82,$263,$55,$176,$5,$180,$236,$0,$-668,$-0,$27,$263,$-17,$7,$16,$23,$4,$-13,$0,$-2,$-13,$-7,$-6,$0,$6,$-36,$0,$-36,$0,$-36,$-3,$0,$-3,$1,$1,$0,$-3,$-5,$-47,$11,$0
10,2016-03-31,33.16,$0.46,71.74,$5.22,6.35,$-0.80,0.0,$-1.30,0.0,$0.17B,$0.05B,3.45,$0.17B,$0.03B,6.58,$0.30B,$0.15B,50.17%,$0.30B,$-0.05B,-16.84%,$0.30B,$-0.05B,-16.84%,$0.30B,$-0.03B,-11.11%,$0.30B,$-0.06B,-20.88%,$0.30B,$-0.07B,-24.58%,$-0.07B,$0.03B,-157.84%,$-0.07B,$-0.01B,-14600.00%,$-0.07B,$0.26B,-26.00%,$-0.05B,$0.20B,-22.70%,$81,$37,$44,$13,$39,$89,$-8,$-3,$-11,$0,$-11,$-11,$-12,$-4,$-8,$57,57,$-0.22,$-0.22,$112,$14,$0,$172,$42,$0,$41,$1,$83,$255,$50,$174,$5,$179,$228,$0,$-664,$-0,$26,$255,$-12,$3,$8,$11,$2,$-3,$0,$-0,$-10,$-11,$-3,$0,$5,$0,$0,$0,$0,$1,$-1,$0,$-1,$1,$1,$0,$-2,$-2,$-11,$5,$0
11,2015-12-31,37.81,$0.60,63.24,$4.65,8.13,$-0.69,0.0,$-1.29,0.0,$0.19B,$0.07B,2.93,$0.17B,$0.03B,5.05,$0.26B,$0.13B,50.76%,$0.26B,$-0.05B,-18.56%,$0.26B,$-0.05B,-18.56%,$0.26B,$-0.03B,-12.50%,$0.26B,$-0.06B,-23.11%,$0.26B,$-0.07B,-27.65%,$-0.07B,$0.03B,-121.67%,$-0.07B,$-0.01B,-634.78%,$-0.07B,$0.28B,-24.87%,$-0.05B,$0.21B,-20.94%,$84,$42,$42,$13,$42,$96,$-13,$-3,$-16,$0,$-16,$-16,$-27,$-8,$-13,$57,57,$-0.47,$-0.47,$123,$12,$0,$191,$42,$0,$41,$0,$84,$275,$65,$172,$4,$176,$241,$0,$-652,$-1,$34,$275,$-74,$16,$37,$53,$-10,$-1,$0,$1,$8,$-13,$-11,$0,$-5,$0,$0,$0,$0,$-15,$-6,$0,$-6,$8,$8,$0,$-3,$-0,$-29,$19,$0
12,2015-09-30,25.91,$0.97,26.75,$3.45,7.52,$-0.33,0.0,$-0.91,0.0,$0.19B,$0.06B,3.27,$0.18B,$0.06B,3.17,$0.20B,$0.11B,57.95%,$0.20B,$-0.04B,-17.95%,$0.20B,$-0.04B,-17.95%,$0.20B,$-0.02B,-10.77%,$0.20B,$-0.05B,-24.10%,$0.20B,$-0.05B,-26.15%,$-0.05B,$0.06B,-70.34%,$-0.05B,$0.00B,-242.86%,$-0.05B,$0.29B,-17.06%,$-0.04B,$0.23B,-14.29%,$71,$40,$32,$10,$36,$86,$-15,$-3,$-18,$0,$-18,$-18,$-19,$-11,$-15,$57,57,$-0.34,$-0.34,$145,$13,$0,$194,$42,$0,$53,$4,$99,$293,$59,$175,$4,$179,$238,$0,$-624,$-0,$55,$293,$-46,$11,$22,$34,$5,$0,$0,$1,$18,$6,$-7,$0,$-5,$0,$0,$0,$0,$-12,$-4,$0,$-4,$7,$7,$0,$-2,$0,$-6,$14,$0
13,2015-06-30,30.99,$1.24,25.09,$3.53,8.77,$-0.39,0.0,$-0.77,0.0,$0.20B,$0.05B,3.87,$0.18B,$0.07B,2.48,$0.20B,$0.12B,59.80%,$0.20B,$-0.02B,-11.56%,$0.20B,$-0.02B,-11.56%,$0.20B,$-0.01B,-5.03%,$0.20B,$-0.04B,-20.10%,$0.20B,$-0.04B,-21.61%,$-0.04B,$0.07B,-54.60%,$-0.04B,$0.02B,-156.36%,$-0.04B,$0.30B,-14.29%,$-0.02B,$0.25B,-9.19%,$61,$30,$31,$12,$33,$75,$-14,$-3,$-17,$0,$-17,$-17,$-15,$-10,$-14,$57,57,$-0.27,$-0.27,$145,$23,$0,$204,$42,$0,$50,$5,$97,$300,$53,$175,$3,$177,$230,$0,$-605,$0,$70,$300,$-27,$7,$15,$22,$7,$-10,$0,$1,$3,$-3,$-5,$0,$0,$0,$0,$0,$0,$-5,$-3,$0,$-3,$6,$6,$0,$-2,$1,$-6,$10,$0
14,2015-03-31,33.35,$1.42,23.42,$3.77,8.85,$-0.38,0.0,$-1.03,0.0,$0.21B,$0.05B,4.34,$0.18B,$0.08B,2.16,$0.21B,$0.12B,59.05%,$0.21B,$-0.01B,-6.67%,$0.21B,$-0.01B,-6.67%,$0.21B,$-0.00B,-0.95%,$0.21B,$-0.05B,-24.76%,$0.21B,$-0.06B,-27.14%,$-0.06B,$0.08B,-70.59%,$-0.06B,$0.03B,-200.00%,$-0.06B,$0.31B,-18.55%,$-0.01B,$0.26B,-5.55%,$48,$19,$29,$8,$28,$55,$-7,$-3,$-10,$0,$-10,$-10,$-12,$-4,$-7,$56,56,$-0.21,$-0.21,$146,$20,$0,$205,$45,$0,$51,$5,$100,$306,$47,$175,$3,$178,$225,$0,$-590,$0,$81,$306,$-12,$3,$8,$11,$3,$-7,$0,$1,$-3,$-3,$-4,$0,$0,$0,$0,$0,$0,$-4,$-1,$0,$-1,$5,$5,$0,$-1,$2,$-6,$5,$0
15,2014-12-31,46.06,$1.49,30.93,$4.17,11.04,$-0.30,0.0,$-0.93,0.0,$0.21B,$0.04B,4.7,$0.17B,$0.08B,1.98,$0.23B,$0.13B,55.41%,$0.23B,$-0.01B,-3.90%,$0.23B,$-0.01B,-3.90%,$0.23B,$0.00B,1.30%,$0.23B,$-0.05B,-20.78%,$0.23B,$-0.05B,-22.08%,$-0.05B,$0.08B,-56.04%,$-0.05B,$0.03B,-134.21%,$-0.05B,$0.30B,-16.83%,$-0.01B,$0.25B,-3.61%,$15,$-5,$21,$7,$12,$14,$1,$-3,$-2,$-0,$-2,$-2,$-5,$4,$1,$56,56,$-0.09,$-0.09,$151,$13,$0,$208,$37,$0,$52,$0,$89,$297,$44,$166,$3,$169,$213,$0,$-578,$-0,$84,$297,$-52,$12,$59,$71,$-10,$-4,$0,$2,$-11,$9,$-11,$0,$0,$0,$0,$0,$0,$-11,$-4,$5,$1,$12,$12,$0,$-9,$4,$1,$23,$0
16,2014-09-30,36.85,$1.43,25.7,$5.17,7.13,$-0.33,0.0,$-0.87,0.0,$0.21B,$0.05B,4.33,$0.17B,$0.08B,2.12,$0.29B,$0.14B,49.12%,$0.29B,$-0.01B,-3.51%,$0.29B,$-0.01B,-3.51%,$0.29B,$0.00B,0.70%,$0.29B,$-0.05B,-17.19%,$0.29B,$-0.05B,-17.19%,$-0.05B,$0.08B,-48.40%,$-0.05B,$0.03B,-103.70%,$-0.05B,$0.30B,-16.29%,$-0.01B,$0.25B,-4.04%,$75,$37,$38,$7,$34,$78,$-3,$-8,$-11,$0,$-11,$-11,$-11,$0,$-3,$56,56,$-0.19,$-0.19,$146,$10,$0,$207,$37,$0,$53,$5,$95,$301,$48,$171,$3,$173,$221,$0,$-573,$0,$80,$301,$-46,$9,$53,$62,$-17,$-0,$0,$2,$-11,$4,$-9,$0,$0,$0,$0,$0,$0,$-9,$3,$0,$3,$7,$7,$0,$-9,$1,$-3,$18,$0
17,2014-06-30,39.67,$1.40,28.27,$4.95,8.02,$-0.20,0.0,$-1.07,0.0,$0.23B,$0.07B,3.26,$0.18B,$0.08B,2.24,$0.27B,$0.13B,47.60%,$0.27B,$-0.02B,-8.86%,$0.27B,$-0.02B,-8.86%,$0.27B,$-0.01B,-4.43%,$0.27B,$-0.06B,-21.77%,$0.27B,$-0.06B,-21.77%,$-0.06B,$0.08B,-52.91%,$-0.06B,$0.02B,-104.42%,$-0.06B,$0.33B,-19.82%,$-0.02B,$0.25B,-9.81%,$72,$36,$36,$7,$34,$77,$-5,$-24,$-29,$0,$-29,$-29,$-29,$-2,$-5,$55,55,$-0.53,$-0.53,$176,$9,$0,$232,$34,$0,$53,$6,$93,$325,$71,$175,$2,$176,$247,$0,$-562,$0,$78,$325,$-35,$6,$35,$41,$-11,$1,$0,$-1,$-7,$-1,$-6,$0,$0,$0,$0,$0,$0,$-6,$33,$0,$33,$5,$5,$0,$-6,$32,$26,$9,$0
18,2014-03-31,47.42,$2.22,21.39,$4.76,9.96,$-0.08,0.0,$-0.74,0.0,$0.20B,$0.04B,4.64,$0.12B,$0.12B,0.99,$0.26B,$0.12B,46.33%,$0.26B,$-0.03B,-9.65%,$0.26B,$-0.03B,-9.65%,$0.26B,$-0.01B,-5.02%,$0.26B,$-0.04B,-15.44%,$0.26B,$-0.04B,-15.83%,$-0.04B,$0.12B,-32.41%,$-0.04B,$0.07B,-57.95%,$-0.04B,$0.29B,-14.24%,$-0.03B,$0.24B,-10.25%,$69,$36,$33,$7,$28,$71,$-2,$-4,$-6,$0,$-6,$-6,$-6,$1,$-2,$55,55,$-0.11,$-0.11,$146,$10,$0,$200,$33,$0,$54,$2,$89,$289,$43,$121,$2,$123,$166,$0,$-533,$0,$122,$289,$-6,$3,$8,$11,$-5,$-1,$0,$-1,$-6,$-1,$-2,$0,$0,$0,$0,$0,$0,$-2,$-1,$0,$-1,$4,$4,$0,$-4,$-1,$-4,$4,$0
19,2013-12-31,37.1,$2.27,16.34,$4.59,8.09,$-0.06,0.0,$-0.83,0.0,$0.20B,$0.04B,4.68,$0.12B,$0.13B,0.96,$0.25B,$0.11B,45.34%,$0.25B,$-0.03B,-11.74%,$0.25B,$-0.03B,-11.74%,$0.25B,$-0.02B,-6.88%,$0.25B,$-0.05B,-18.22%,$0.25B,$-0.05B,-18.62%,$-0.05B,$0.13B,-35.80%,$-0.05B,$0.07B,-64.56%,$-0.05B,$0.29B,-16.08%,$-0.03B,$0.24B,-11.97%,$69,$36,$33,$6,$26,$68,$0,$-3,$-3,$-0,$-3,$-3,$-3,$3,$0,$54,54,$-0.04,$-0.04,$150,$9,$0,$198,$32,$0,$56,$2,$90,$288,$42,$119,$2,$121,$163,$0,$-527,$0,$125,$288,$-45,$12,$30,$42,$-5,$5,$0,$-5,$7,$3,$-7,$0,$0,$0,$0,$0,$0,$-7,$-3,$0,$-3,$103,$103,$0,$-3,$96,$92,$13,$0
20,2013-09-30,36.24,$2.23,16.27,$4.53,8.01,$-0.83,0.0,$-1.00,0.0,$0.20B,$0.05B,4.14,$0.12B,$0.12B,0.97,$0.24B,$0.10B,44.07%,$0.24B,$-0.04B,-14.83%,$0.24B,$-0.04B,-14.83%,$0.24B,$-0.02B,-9.75%,$0.24B,$-0.05B,-22.03%,$0.24B,$-0.05B,-22.46%,$-0.05B,$0.12B,-48.96%,$-0.05B,$0.07B,-106.00%,$-0.05B,$0.29B,-20.11%,$-0.04B,$0.24B,-16.04%,$61,$34,$27,$6,$39,$78,$-17,$-4,$-21,$0,$-21,$-21,$-21,$-14,$-17,$54,54,$-0.39,$-0.39,$154,$5,$0,$200,$31,$0,$57,$2,$90,$289,$48,$117,$3,$120,$168,$0,$-524,$0,$121,$289,$-42,$9,$25,$34,$-5,$9,$0,$-6,$16,$7,$-5,$0,$0,$0,$0,$0,$0,$-5,$-2,$0,$-2,$99,$99,$0,$-3,$94,$97,$10,$0
21,2013-06-30,31.41,$2.55,12.34,$4.54,6.91,$-1.54,0.0,$-0.87,0.0,$0.20B,$0.03B,5.82,$0.11B,$0.14B,0.81,$0.23B,$0.10B,43.91%,$0.23B,$-0.03B,-11.30%,$0.23B,$-0.03B,-11.30%,$0.23B,$-0.02B,-6.52%,$0.23B,$-0.04B,-18.70%,$0.23B,$-0.04B,-19.13%,$-0.04B,$0.14B,-48.62%,$-0.04B,$0.08B,-141.94%,$-0.04B,$0.29B,-18.18%,$-0.03B,$0.25B,-13.23%,$60,$33,$27,$5,$27,$66,$-6,$-5,$-10,$0,$-11,$-11,$-11,$-3,$-6,$54,54,$-0.20,$-0.20,$151,$6,$0,$197,$29,$0,$58,$2,$89,$286,$34,$112,$2,$114,$148,$0,$-503,$0,$138,$286,$-21,$6,$16,$21,$-3,$9,$0,$-6,$3,$3,$-3,$0,$0,$0,$0,$0,$0,$-3,$-2,$0,$-2,$98,$98,$0,$-2,$93,$94,$7,$0
22,2013-03-31,25.86,$2.43,10.64,$4.49,5.75,$-2.06,0.0,$-0.97,0.0,$0.20B,$0.04B,4.53,$0.11B,$0.13B,0.82,$0.22B,$0.10B,43.44%,$0.22B,$-0.03B,-14.03%,$0.22B,$-0.03B,-14.03%,$0.22B,$-0.02B,-9.05%,$0.22B,$-0.05B,-21.27%,$0.22B,$-0.05B,-21.27%,$-0.05B,$0.13B,-66.43%,$-0.05B,$0.07B,-482.05%,$-0.05B,$0.28B,-21.22%,$-0.03B,$0.24B,-17.87%,$57,$32,$25,$4,$27,$64,$-6,$-4,$-11,$0,$-11,$-11,$-11,$-3,$-6,$53,53,$-0.20,$-0.20,$148,$9,$0,$195,$25,$0,$59,$2,$86,$281,$43,$106,$2,$108,$151,$0,$-492,$0,$130,$281,$-11,$3,$7,$10,$1,$6,$0,$-5,$-1,$-1,$-1,$0,$0,$0,$0,$0,$0,$-1,$0,$0,$0,$94,$94,$0,$-1,$93,$91,$3,$0
23,2012-12-31,21.22,$0.91,23.23,$4.42,4.8,$-2.24,0.0,$-1.08,0.0,$0.11B,$0.05B,2.28,$0.10B,$0.04B,2.35,$0.21B,$0.09B,42.92%,$0.21B,$-0.04B,-16.98%,$0.21B,$-0.04B,-16.98%,$0.21B,$-0.03B,-11.79%,$0.21B,$-0.05B,-24.06%,$0.21B,$-0.05B,-24.06%,$-0.05B,$0.04B,-91.48%,$-0.05B,$-0.02B,784.62%,$-0.05B,$0.20B,-24.85%,$-0.04B,$0.15B,-22.54%,$58,$33,$25,$6,$26,$64,$-6,$-4,$-10,$0,$-10,$-10,$-10,$-3,$-6,$48,48,$-0.21,$-0.21,$57,$15,$0,$110,$25,$0,$60,$2,$88,$198,$48,$104,$2,$106,$154,$0,$-482,$0,$44,$198,$-52,$11,$24,$35,$-14,$-3,$0,$2,$-12,$-29,$-11,$0,$0,$0,$0,$0,$0,$-11,$0,$0,$0,$5,$5,$0,$-2,$3,$-37,$10,$0
24,2012-09-30,21.58,$1.05,20.58,$4.22,5.11,$-2.19,0.0,$-1.17,0.0,$0.11B,$0.05B,2.32,$0.10B,$0.05B,2.01,$0.20B,$0.09B,42.79%,$0.20B,$-0.04B,-20.40%,$0.20B,$-0.04B,-20.40%,$0.20B,$-0.03B,-14.93%,$0.20B,$-0.06B,-27.36%,$0.20B,$-0.06B,-27.36%,$-0.06B,$0.05B,-83.97%,$-0.06B,$-0.01B,-3666.67%,$-0.06B,$0.20B,-26.07%,$-0.04B,$0.15B,-24.05%,$55,$30,$24,$7,$26,$63,$-8,$-4,$-12,$0,$-12,$-12,$-12,$-6,$-8,$48,48,$-0.26,$-0.26,$63,$15,$0,$114,$25,$0,$62,$2,$89,$203,$49,$102,$2,$104,$153,$0,$-471,$0,$50,$203,$-42,$8,$17,$25,$-9,$-3,$0,$-3,$-7,$-23,$-9,$0,$0,$0,$0,$0,$0,$-9,$0,$0,$0,$3,$3,$0,$-1,$2,$-31,$8,$0
25,2012-06-30,21.37,$1.23,17.33,$4.02,5.31,$-2.08,0.0,$-1.20,0.0,$0.12B,$0.04B,2.7,$0.10B,$0.06B,1.68,$0.19B,$0.08B,42.41%,$0.19B,$-0.04B,-22.51%,$0.19B,$-0.04B,-22.51%,$0.19B,$-0.03B,-16.23%,$0.19B,$-0.06B,-29.84%,$0.19B,$-0.06B,-29.84%,$-0.06B,$0.06B,-77.29%,$-0.06B,$-0.00B,-518.18%,$-0.06B,$0.20B,-26.60%,$-0.04B,$0.16B,-23.89%,$51,$29,$22,$7,$26,$62,$-11,$-4,$-14,$0,$-14,$-14,$-14,$-8,$-11,$48,48,$-0.30,$-0.30,$70,$16,$0,$116,$21,$0,$63,$3,$87,$204,$43,$99,$2,$101,$145,$0,$-459,$0,$59,$204,$-29,$5,$12,$17,$-4,$-5,$0,$-2,$-8,$-20,$-4,$0,$0,$0,$0,$0,$0,$-4,$0,$0,$0,$2,$2,$0,$-1,$0,$-24,$5,$0
26,2012-03-31,19.14,$1.47,13.01,$3.65,5.24,$-2.05,0.0,$-1.32,0.0,$0.13B,$0.03B,3.94,$0.11B,$0.07B,1.58,$0.17B,$0.07B,43.02%,$0.17B,$-0.05B,-27.33%,$0.17B,$-0.05B,-27.33%,$0.17B,$-0.04B,-20.93%,$0.17B,$-0.06B,-36.05%,$0.17B,$-0.05B,-29.65%,$-0.05B,$0.07B,-61.82%,$-0.05B,$0.01B,-245.78%,$-0.05B,$0.22B,-23.21%,$-0.05B,$0.18B,-24.74%,$48,$27,$20,$5,$26,$59,$-11,$-4,$-15,$0,$-15,$-15,$-15,$-8,$-11,$48,48,$-0.31,$-0.31,$83,$15,$0,$128,$20,$0,$65,$3,$87,$216,$33,$111,$2,$113,$145,$0,$-444,$0,$70,$216,$-15,$3,$6,$9,$-4,$-3,$0,$-1,$-3,$-9,$-2,$0,$0,$0,$0,$0,$0,$-2,$0,$0,$0,$1,$1,$0,$-1,$-0,$-11,$3,$0
27,2011-12-31,18.83,$1.74,10.81,$3.27,5.76,$-2.07,0.0,$-1.23,0.0,$0.13B,$0.03B,4.74,$0.11B,$0.08B,1.31,$0.15B,$0.07B,44.74%,$0.15B,$-0.04B,-28.29%,$0.15B,$-0.04B,-28.29%,$0.15B,$-0.03B,-22.37%,$0.15B,$-0.06B,-37.50%,$0.15B,$-0.05B,-30.26%,$-0.05B,$0.08B,-57.50%,$-0.05B,$0.02B,-133.33%,$-0.05B,$0.22B,-22.66%,$-0.04B,$0.19B,-24.23%,$47,$27,$20,$6,$25,$58,$-11,$-4,$-14,$0,$-14,$-14,$-14,$-8,$-11,$47,47,$-0.30,$-0.30,$94,$12,$0,$133,$19,$0,$67,$3,$89,$221,$28,$109,$2,$111,$139,$0,$-430,$0,$83,$221,$-46,$9,$9,$18,$-4,$2,$0,$-0,$3,$-25,$-11,$0,$-38,$0,$0,$0,$0,$-49,$51,$0,$51,$5,$5,$0,$-1,$55,$-19,$8,$0
28,2011-09-30,15.26,$1.76,8.67,$2.96,5.16,$-2.35,0.0,$-1.43,0.0,$0.14B,$0.03B,5.57,$0.11B,$0.08B,1.27,$0.13B,$0.06B,46.62%,$0.13B,$-0.04B,-31.58%,$0.13B,$-0.04B,-31.58%,$0.13B,$-0.04B,-30.08%,$0.13B,$-0.06B,-48.12%,$0.13B,$-0.05B,-39.85%,$-0.05B,$0.08B,-69.97%,$-0.05B,$0.03B,-112.77%,$-0.05B,$0.22B,-28.38%,$-0.04B,$0.19B,-25.65%,$45,$26,$19,$5,$24,$54,$-10,$-4,$-14,$0,$-14,$-14,$-14,$-7,$-10,$47,47,$-0.29,$-0.29,$104,$13,$0,$138,$18,$0,$57,$3,$78,$216,$25,$106,$1,$108,$132,$0,$-427,$0,$83,$216,$-31,$6,$3,$9,$4,$1,$0,$-2,$5,$-18,$-9,$0,$-38,$0,$0,$0,$0,$-47,$51,$0,$51,$5,$5,$0,$-1,$55,$-9,$6,$0
29,2011-06-30,22.17,$1.99,11.13,$2.65,8.37,$-2.57,0.0,$-1.44,0.0,$0.15B,$0.03B,5.56,$0.10B,$0.09B,1.11,$0.11B,$0.06B,48.67%,$0.11B,$-0.04B,-35.40%,$0.11B,$-0.04B,-35.40%,$0.11B,$-0.04B,-33.63%,$0.11B,$-0.06B,-54.87%,$0.11B,$-0.05B,-45.13%,$-0.05B,$0.09B,-80.31%,$-0.05B,$0.04B,-104.62%,$-0.05B,$0.23B,-29.96%,$-0.04B,$0.20B,-26.98%,$32,$18,$15,$7,$23,$47,$-15,$-5,$-19,$-11,$-8,$-8,$-8,$-13,$-15,$46,46,$-0.17,$-0.17,$107,$16,$0,$148,$16,$0,$59,$3,$78,$226,$27,$104,$1,$105,$132,$0,$-413,$0,$94,$226,$-18,$3,$-2,$1,$1,$-2,$0,$-1,$-0,$-17,$-6,$0,$-38,$0,$0,$0,$0,$-43,$51,$0,$51,$4,$4,$0,$-1,$54,$-7,$4,$0
30,2011-03-31,20.62,$1.30,15.81,$2.55,8.07,$-2.53,0.0,$-1.38,0.0,$0.13B,$0.02B,7.95,$0.07B,$0.06B,1.19,$0.10B,$0.05B,48.08%,$0.10B,$-0.04B,-33.65%,$0.10B,$-0.04B,-33.65%,$0.10B,$-0.03B,-30.77%,$0.10B,$-0.06B,-54.81%,$0.10B,$-0.06B,-54.81%,$-0.06B,$0.06B,-111.76%,$-0.06B,$0.06B,-111.76%,$-0.06B,$0.15B,-36.95%,$-0.04B,$0.13B,-26.37%,$28,$15,$14,$5,$16,$36,$-7,$-3,$-10,$0,$-10,$-10,$-10,$-6,$-7,$46,46,$-0.22,$-0.22,$104,$12,$0,$134,$14,$0,$0,$1,$15,$149,$17,$71,$1,$72,$89,$0,$-394,$0,$60,$149,$-10,$1,$4,$5,$1,$-1,$0,$-3,$-3,$-8,$-3,$0,$0,$0,$0,$0,$0,$-3,$0,$0,$0,$3,$3,$0,$-1,$2,$-9,$2,$0
31,2010-12-31,15.5,$1.46,10.63,$2.48,6.24,$-2.57,0.0,$-1.53,0.0,$0.14B,$0.02B,7.52,$0.07B,$0.07B,1.05,$0.10B,$0.04B,45.36%,$0.10B,$-0.04B,-40.21%,$0.10B,$-0.04B,-40.21%,$0.10B,$-0.03B,-35.05%,$0.10B,$-0.06B,-62.89%,$0.10B,$-0.06B,-62.89%,$-0.06B,$0.07B,-131.89%,$-0.06B,$0.07B,-131.89%,$-0.06B,$0.16B,-38.92%,$-0.04B,$0.14B,-28.94%,$28,$14,$14,$4,$15,$37,$-10,$-11,$-21,$0,$-21,$-21,$-21,$-14,$-10,$40,40,$-0.50,$-0.50,$113,$11,$0,$142,$13,$0,$0,$1,$14,$156,$19,$69,$2,$71,$90,$0,$-384,$0,$66,$156,$-61,$5,$28,$33,$-5,$-1,$0,$0,$-7,$-36,$-7,$0,$0,$0,$0,$0,$0,$-7,$-33,$0,$-33,$60,$60,$0,$-0,$27,$-15,$5,$0
32,2010-09-30,14.14,$0.83,16.95,$2.46,5.74,$-3.27,0.0,$-1.45,0.0,$0.13B,$0.02B,6.52,$0.09B,$0.03B,2.81,$0.09B,$0.04B,41.57%,$0.09B,$-0.04B,-46.07%,$0.09B,$-0.04B,-46.07%,$0.09B,$-0.03B,-32.58%,$0.09B,$-0.06B,-62.92%,$0.09B,$-0.06B,-62.92%,$-0.06B,$0.03B,-123.76%,$-0.06B,$0.03B,-123.76%,$-0.06B,$0.15B,-34.78%,$-0.04B,$0.13B,-29.60%,$25,$14,$12,$4,$16,$34,$-8,$-4,$-12,$0,$-12,$-12,$-12,$-5,$-8,$40,40,$-0.30,$-0.30,$104,$13,$0,$133,$14,$0,$0,$2,$17,$150,$20,$94,$2,$96,$116,$0,$-363,$0,$34,$150,$-40,$9,$8,$18,$-3,$-3,$0,$-0,$-5,$-28,$-4,$0,$0,$0,$0,$0,$0,$-4,$0,$0,$0,$8,$8,$0,$-0,$7,$-24,$4,$0
33,2010-06-30,15.05,$1.10,13.73,$2.50,6.03,$-3.96,0.0,$-2.03,0.0,$0.15B,$0.02B,6.13,$0.09B,$0.04B,2.1,$0.08B,$0.03B,37.35%,$0.08B,$-0.05B,-55.42%,$0.08B,$-0.05B,-55.42%,$0.08B,$-0.04B,-42.17%,$0.08B,$-0.06B,-73.49%,$0.08B,$-0.06B,-73.49%,$-0.06B,$0.04B,-165.99%,$-0.06B,$0.04B,-165.99%,$-0.06B,$0.16B,-39.93%,$-0.05B,$0.14B,-35.25%,$23,$13,$10,$5,$15,$33,$-10,$-4,$-14,$0,$-14,$-14,$-14,$-7,$-10,$38,38,$-0.36,$-0.36,$118,$10,$0,$146,$14,$0,$0,$3,$16,$162,$24,$92,$2,$94,$118,$0,$-351,$0,$44,$162,$-28,$6,$6,$12,$-3,$-0,$0,$1,$1,$-15,$-2,$0,$0,$0,$0,$0,$0,$-2,$0,$0,$0,$0,$0,$0,$7,$7,$-10,$3,$0
34,2010-03-31,15.09,$1.08,13.99,$2.42,6.23,$-4.56,0.0,$-2.40,0.0,$0.14B,$0.02B,7.93,$0.10B,$0.04B,2.4,$0.08B,$0.02B,32.00%,$0.08B,$-0.05B,-69.33%,$0.08B,$-0.05B,-69.33%,$0.08B,$-0.04B,-54.67%,$0.08B,$-0.07B,-89.33%,$0.08B,$-0.07B,-89.33%,$-0.07B,$0.04B,-268.00%,$-0.07B,$0.04B,-268.00%,$-0.07B,$0.16B,-48.91%,$-0.05B,$0.14B,-44.64%,$21,$12,$8,$4,$15,$32,$-11,$-4,$-14,$0,$-14,$-14,$-14,$-8,$-11,$38,38,$-0.38,$-0.38,$118,$7,$0,$142,$15,$0,$0,$2,$17,$159,$18,$98,$2,$100,$118,$0,$-344,$0,$41,$159,$-14,$3,$3,$6,$-1,$3,$0,$-0,$-1,$-9,$-1,$0,$0,$0,$0,$0,$0,$-1,$0,$0,$0,$1,$1,$0,$0,$1,$-10,$1,$0
35,2009-12-31,14.28,$1.64,8.71,$2.32,6.15,$-4.76,0.0,$-2.74,0.0,$0.15B,$0.02B,7.79,$0.09B,$0.06B,1.44,$0.07B,$0.02B,27.27%,$0.07B,$-0.06B,-87.88%,$0.07B,$-0.06B,-87.88%,$0.07B,$-0.05B,-72.73%,$0.07B,$-0.07B,-110.61%,$0.07B,$-0.07B,-110.61%,$-0.07B,$0.06B,-394.59%,$-0.07B,$0.06B,-394.59%,$-0.07B,$0.17B,-57.37%,$-0.06B,$0.15B,-54.72%,$20,$13,$7,$3,$16,$32,$-12,$-4,$-16,$0,$-16,$-16,$-16,$-9,$-12,$30,30,$-0.39,$-0.39,$128,$10,$0,$154,$15,$0,$0,$3,$19,$173,$20,$89,$2,$91,$111,$0,$-323,$0,$62,$173,$-72,$11,$10,$21,$-7,$6,$0,$2,$2,$-49,$-3,$0,$0,$0,$0,$0,$0,$-3,$29,$0,$29,$94,$94,$0,$0,$124,$71,$4,$0
36,2009-09-30,11.23,$0.01,1145.92,$2.07,5.42,$-6.36,0.0,$-3.34,0.0,$0.10B,$0.02B,5.48,$0.10B,$0.00B,316.51,$0.06B,$0.01B,20.69%,$0.06B,$-0.07B,-125.86%,$0.06B,$-0.07B,-125.86%,$0.06B,$-0.06B,-110.34%,$0.06B,$-0.09B,-148.28%,$0.06B,$-0.09B,-148.28%,$-0.09B,$0.00B,-860.00%,$-0.09B,$0.00B,-860.00%,$-0.09B,$0.12B,-77.48%,$-0.07B,$0.10B,-80.89%,$19,$13,$6,$3,$16,$32,$-13,$-3,$-17,$0,$-17,$-17,$-17,$-11,$-13,$28,28,$-0.60,$-0.60,$73,$9,$0,$100,$16,$0,$0,$2,$17,$117,$18,$96,$3,$99,$117,$0,$-315,$0,$0,$117,$-57,$8,$6,$14,$-7,$8,$0,$2,$3,$-39,$-2,$0,$0,$0,$0,$0,$0,$-2,$-28,$0,$-28,$28,$28,$0,$57,$57,$16,$3,$0
37,2009-06-30,7.7,$-0.12,-61.9,$1.77,4.36,$-7.59,0.0,$-3.21,0.0,$0.08B,$0.02B,4.79,$0.08B,$-0.00B,-23.94,$0.05B,$0.01B,12.24%,$0.05B,$-0.08B,-163.27%,$0.05B,$-0.08B,-163.27%,$0.05B,$-0.07B,-142.86%,$0.05B,$-0.09B,-185.71%,$0.05B,$-0.09B,-185.71%,$-0.09B,$-0.00B,-505.56%,$-0.09B,$-0.00B,-505.56%,$-0.09B,$0.10B,-78.79%,$-0.08B,$0.08B,-83.77%,$15,$11,$3,$3,$16,$31,$-16,$-4,$-20,$0,$-20,$-20,$-20,$-13,$-16,$28,28,$-0.73,$-0.73,$52,$10,$0,$80,$16,$0,$0,$3,$19,$99,$17,$83,$3,$86,$103,$0,$-290,$0,$-3,$99,$-40,$5,$4,$10,$-5,$6,$0,$2,$2,$-28,$-1,$0,$0,$0,$0,$0,$0,$-1,$0,$0,$0,$0,$0,$0,$25,$25,$-4,$2,$0
38,2009-03-31,4.1,$0.56,7.38,$1.51,2.71,$-8.35,0.0,$-3.35,0.0,$0.10B,$0.02B,5.05,$0.08B,$0.02B,5.27,$0.04B,$0.00B,2.44%,$0.04B,$-0.09B,-209.76%,$0.04B,$-0.09B,-209.76%,$0.04B,$-0.08B,-187.80%,$0.04B,$-0.10B,-231.71%,$0.04B,$-0.10B,-231.71%,$-0.10B,$0.02B,-301.59%,$-0.10B,$0.02B,-301.59%,$-0.10B,$0.12B,-73.36%,$-0.09B,$0.10B,-78.54%,$12,$10,$2,$3,$16,$30,$-17,$-2,$-20,$0,$-20,$-20,$-20,$-15,$-17,$28,28,$-0.71,$-0.71,$68,$15,$0,$100,$16,$0,$0,$3,$20,$120,$20,$81,$3,$85,$104,$0,$-270,$0,$15,$120,$-20,$2,$3,$5,$-3,$2,$0,$-0,$2,$-13,$-0,$0,$0,$0,$0,$0,$0,$-0,$0,$0,$0,$0,$0,$0,$25,$25,$12,$1,$0
39,2008-12-31,7.72,$1.01,7.63,$1.31,5.91,$-8.59,0.0,$-3.37,0.0,$0.09B,$0.02B,5.22,$0.06B,$0.03B,2.14,$0.04B,$-0.00B,-11.11%,$0.04B,$-0.09B,-247.22%,$0.04B,$-0.09B,-247.22%,$0.04B,$-0.08B,-225.00%,$0.04B,$-0.10B,-263.89%,$0.04B,$-0.10B,-263.89%,$-0.10B,$0.03B,-205.41%,$-0.10B,$0.03B,-205.41%,$-0.10B,$0.11B,-73.93%,$-0.09B,$0.09B,-83.18%,$12,$11,$1,$4,$17,$39,$-27,$-2,$-29,$0,$-29,$-29,$-29,$-25,$-27,$28,28,$-1.05,$-1.05,$57,$17,$0,$88,$18,$0,$0,$2,$20,$108,$17,$60,$3,$63,$80,$0,$-250,$0,$28,$108,$-95,$9,$17,$26,$-12,$-9,$0,$3,$-14,$-83,$-10,$0,$0,$0,$0,$0,$0,$-10,$53,$0,$53,$1,$1,$0,$0,$55,$-38,$3,$0
40,2008-09-30,13.92,$1.14,12.2,$1.14,12.22,$-8.85,0.0,$-2.94,0.0,$0.11B,$0.02B,6.7,$0.09B,$0.03B,2.69,$0.03B,$-0.01B,-25.00%,$0.03B,$-0.08B,-278.57%,$0.03B,$-0.08B,-278.57%,$0.03B,$-0.07B,-253.57%,$0.03B,$-0.08B,-292.86%,$0.03B,$-0.08B,-292.86%,$-0.08B,$0.03B,-131.73%,$-0.08B,$0.03B,-131.73%,$-0.08B,$0.14B,-61.08%,$-0.08B,$0.12B,-69.64%,$10,$10,$-0,$3,$16,$30,$-20,$-2,$-22,$0,$-22,$-22,$-22,$-17,$-20,$28,28,$-0.78,$-0.78,$74,$16,$0,$106,$26,$0,$0,$3,$29,$135,$16,$85,$3,$88,$104,$0,$-220,$0,$32,$135,$-66,$6,$5,$12,$-9,$-8,$0,$1,$-12,$-66,$-9,$0,$0,$0,$0,$0,$0,$-9,$53,$0,$53,$1,$1,$0,$0,$55,$-20,$3,$0
41,2008-06-30,15.73,$1.85,8.5,$0.92,17.14,$-7.76,0.0,$-2.71,0.0,$0.13B,$0.02B,8.04,$0.09B,$0.05B,1.66,$0.02B,$-0.01B,-50.00%,$0.02B,$-0.07B,-331.82%,$0.02B,$-0.07B,-331.82%,$0.02B,$-0.07B,-304.55%,$0.02B,$-0.07B,-336.36%,$0.02B,$-0.07B,-336.36%,$-0.07B,$0.05B,-94.57%,$-0.07B,$0.05B,-94.57%,$-0.07B,$0.16B,-55.02%,$-0.07B,$0.14B,-65.47%,$7,$10,$-2,$3,$16,$30,$-22,$-2,$-24,$0,$-24,$-24,$-24,$-20,$-22,$28,28,$-0.87,$-0.87,$99,$13,$0,$125,$26,$0,$0,$3,$30,$155,$16,$85,$3,$88,$103,$0,$-199,$0,$51,$155,$-44,$4,$3,$7,$-6,$-5,$0,$1,$-5,$-42,$-8,$0,$0,$0,$0,$0,$0,$-8,$53,$0,$53,$1,$1,$0,$0,$55,$5,$2,$0
42,2008-03-31,14.4,$2.67,5.38,$0.90,16.0,$-8.05,0.0,$-2.83,0.0,$0.09B,$0.03B,3.49,$0.01B,$0.07B,0.18,$0.02B,$-0.01B,-72.22%,$0.02B,$-0.06B,-350.00%,$0.02B,$-0.06B,-350.00%,$0.02B,$-0.06B,-322.22%,$0.02B,$-0.06B,-350.00%,$0.02B,$-0.06B,-350.00%,$-0.06B,$0.07B,-67.74%,$-0.06B,$0.07B,-67.74%,$-0.06B,$0.12B,-47.37%,$-0.06B,$0.09B,-57.14%,$7,$10,$-3,$3,$14,$27,$-20,$0,$-20,$0,$-20,$-20,$-20,$-19,$-20,$27,27,$-0.73,$-0.73,$73,$8,$0,$91,$25,$0,$0,$1,$26,$116,$26,$13,$4,$17,$43,$0,$-175,$0,$74,$116,$-20,$1,$1,$3,$-3,$0,$0,$1,$3,$-14,$-5,$0,$0,$0,$0,$0,$0,$-5,$-3,$0,$-3,$1,$1,$0,$0,$-2,$-22,$1,$0
