,Date,Stock Price,Book Value per Share,Price to Book Ratio,TTM Sales per Share,Price to Sales Ratio,TTM FCF per Share,Price to FCF Ratio,TTM Net EPS,PE Ratio,Current Assets,Current Liabilities,Current Ratio,Long Term Debt,Shareholder's Equity_x,Debt to Equity Ratio,TTM Revenue_x,TTM Gross Profit,Gross Margin,TTM Revenue_y,TTM Operating Income,Operating Margin,TTM Revenue_x,TTM EBIT,EBIT Margin,TTM Revenue_y,TTM EBITDA,EBITDA Margin,TTM Revenue_x,TTM Pre-Tax Income,Pre-Tax Margin,TTM Revenue_y,TTM Net Income_x,Net Margin,TTM Net Income_y,Shareholder's Equity_y,Return on Equity,TTM Net Income_x,Tangible Equity,Return on Tangible Equity,TTM Net Income_y,Total Assets,Return on Assets,TTM Net Income,LT Investments & Debt,Return on Investment,revenue,cost-goods-sold,gross-profit,research-development-expenses,selling-general-administrative-expenses,operating-expenses,operating-income,total-non-operating-income-expense,pre-tax-income,total-provision-income-taxes,income-after-taxes,income-from-continuous-operations,net-income,ebitda,ebit,basic-shares-outstanding,shares-outstanding,eps-basic-net-earnings-per-share,eps-earnings-per-share-diluted,cash-on-hand,inventory,other-current-assets,total-current-assets,net-property-plant-equipment,long-term-investments,goodwill-intangible-assets-total,other-long-term-assets,total-long-term-assets,total-assets,total-current-liabilities,long-term-debt,other-non-current-liabilities,total-long-term-liabilities,total-liabilities,common-stock-net,retained-earnings-accumulated-deficit,comprehensive-income,total-share-holder-equity,total-liabilities-share-holders-equity,net-income-loss,total-depreciation-amortization-cash-flow,other-non-cash-items,total-non-cash-items,change-in-accounts-receivable,change-in-inventories,change-in-accounts-payable,change-in-assets-liabilities,total-change-in-assets-liabilities,cash-flow-from-operating-activities,net-change-in-property-plant-equipment,net-change-in-intangible-assets,net-acquisitions-divestitures,net-change-in-short-term-investments,net-change-in-long-term-investments,net-change-in-investments-total,investing-activities-other,cash-flow-from-investing-activities,net-long-term-debt,net-current-debt,debt-issuance-retirement-net-total,net-common-equity-issued-repurchased,net-total-equity-issued-repurchased,total-common-preferred-stock-dividends-paid,financial-activities-other,cash-flow-from-financial-activities,net-cash-flow,stock-based-compensation,common-stock-dividends-paid
0,2018-09-30,72.5,$74.90,0.97,$29.79,2.43,$25.10,2.89,$4.27,16.98,$0.02B,$0.01B,2.42,$0.15B,$0.32B,0.45,$0.13B,$0.06B,44.96%,$0.13B,$0.03B,23.26%,$0.13B,$0.03B,23.26%,$0.13B,$0.06B,44.19%,$0.13B,$0.03B,19.38%,$0.13B,$0.02B,17.05%,$0.02B,$0.32B,7.18%,$0.02B,$0.32B,7.18%,$0.02B,$0.49B,4.77%,$0.03B,$0.47B,6.70%,$28,$17,$11,$0,$2,$24,$4,$-1,$3,$0,$3,$3,$3,$11,$4,$4,4,$0.60,$0.60,$7,$0,$5,$24,$451,$0,$0,$9,$460,$485,$10,$147,$5,$151,$162,$63,$0,$0,$323,$485,$11,$22,$0,$22,$1,$0,$0,$-3,$-3,$30,$-3,$0,$-115,$0,$0,$0,$0,$-118,$19,$0,$19,$-1,$-1,$0,$71,$90,$2,$1,$0
1,2018-06-30,73.5,$76.15,0.97,$27.65,2.66,$26.33,2.79,$4.65,15.81,$0.03B,$0.01B,3.28,$0.15B,$0.33B,0.45,$0.12B,$0.05B,45.00%,$0.12B,$0.03B,23.33%,$0.12B,$0.03B,23.33%,$0.12B,$0.05B,43.33%,$0.12B,$0.02B,19.17%,$0.12B,$0.02B,17.50%,$0.02B,$0.33B,7.45%,$0.02B,$0.33B,7.45%,$0.02B,$0.49B,4.83%,$0.03B,$0.48B,6.64%,$28,$15,$13,$0,$1,$24,$4,$-1,$3,$0,$3,$3,$0,$13,$4,$4,4,$0.04,$0.04,$5,$0,$11,$28,$452,$0,$0,$9,$461,$489,$8,$147,$5,$152,$160,$63,$0,$0,$329,$489,$8,$14,$-0,$14,$3,$0,$0,$-4,$-4,$18,$-2,$0,$-115,$0,$-0,$-0,$0,$-117,$20,$0,$20,$-1,$-1,$0,$80,$99,$-0,$1,$0
2,2018-03-31,69.61,$76.88,0.91,$24.86,2.8,$29.76,2.34,$4.64,15.0,$0.02B,$0.01B,2.15,$0.15B,$0.33B,0.44,$0.11B,$0.05B,44.44%,$0.11B,$0.03B,23.15%,$0.11B,$0.03B,23.15%,$0.11B,$0.04B,40.74%,$0.11B,$0.02B,18.52%,$0.11B,$0.02B,19.44%,$0.02B,$0.33B,8.16%,$0.02B,$0.33B,8.16%,$0.02B,$0.49B,5.15%,$0.03B,$0.48B,6.33%,$25,$12,$13,$0,$2,$18,$7,$-1,$6,$0,$6,$6,$6,$12,$7,$4,4,$1.31,$1.31,$5,$0,$5,$17,$464,$0,$0,$8,$472,$489,$8,$146,$3,$149,$156,$66,$0,$0,$332,$489,$6,$5,$0,$5,$2,$0,$0,$-0,$-0,$11,$-1,$0,$-113,$0,$0,$0,$0,$-114,$18,$0,$18,$-0,$-0,$0,$86,$104,$0,$1,$0
3,2017-12-31,68.37,$55.82,1.22,$23.08,2.96,$34.23,2.0,$4.10,16.68,$0.02B,$0.01B,1.85,$0.13B,$0.24B,0.53,$0.10B,$0.04B,41.00%,$0.10B,$0.03B,31.00%,$0.10B,$0.03B,31.00%,$0.10B,$0.05B,50.00%,$0.10B,$0.03B,26.00%,$0.10B,$0.02B,18.00%,$0.02B,$0.24B,7.72%,$0.02B,$0.24B,7.72%,$0.02B,$0.38B,4.72%,$0.03B,$0.37B,8.46%,$48,$26,$21,$0,$2,$33,$15,$-1,$13,$1,$12,$12,$13,$21,$15,$4,4,$2.92,$2.92,$5,$0,$6,$18,$347,$0,$0,$15,$363,$381,$10,$127,$3,$130,$140,$64,$0,$0,$241,$381,$24,$20,$-5,$15,$-2,$0,$0,$-6,$-7,$32,$24,$0,$-6,$0,$-6,$-6,$-6,$7,$-3,$0,$-3,$-1,$-1,$0,$-32,$-36,$2,$1,$0
4,2017-09-30,68.27,$52.33,1.3,$22.11,3.09,$22.36,3.05,$2.23,30.61,$0.02B,$0.01B,1.97,$0.14B,$0.23B,0.62,$0.10B,$0.04B,38.95%,$0.10B,$0.02B,21.05%,$0.10B,$0.02B,21.05%,$0.10B,$0.04B,42.11%,$0.10B,$0.02B,16.84%,$0.10B,$0.01B,10.53%,$0.01B,$0.23B,4.26%,$0.01B,$0.23B,4.26%,$0.01B,$0.38B,2.59%,$0.02B,$0.37B,5.44%,$19,$11,$7,$0,$1,$17,$2,$-1,$1,$0,$1,$1,$2,$6,$2,$4,4,$0.38,$0.38,$4,$0,$10,$18,$359,$0,$0,$0,$360,$379,$9,$140,$3,$143,$153,$54,$0,$0,$226,$379,$12,$13,$-16,$-3,$0,$0,$0,$-1,$-2,$7,$25,$0,$-5,$0,$-0,$-0,$0,$20,$10,$0,$10,$-1,$-1,$0,$-35,$-26,$1,$1,$0
5,2017-06-30,71.18,$53.47,1.33,$20.82,3.42,$12.67,5.62,$2.30,30.95,$0.02B,$0.01B,1.67,$0.14B,$0.23B,0.59,$0.09B,$0.04B,41.57%,$0.09B,$0.02B,22.47%,$0.09B,$0.02B,22.47%,$0.09B,$0.04B,42.70%,$0.09B,$0.02B,17.98%,$0.09B,$0.01B,11.24%,$0.01B,$0.23B,4.15%,$0.01B,$0.23B,4.15%,$0.01B,$0.38B,2.55%,$0.02B,$0.37B,5.39%,$16,$9,$7,$0,$1,$15,$1,$-1,$-0,$0,$-0,$-0,$0,$5,$1,$4,4,$0.03,$0.03,$5,$0,$9,$18,$363,$0,$0,$0,$364,$382,$11,$136,$4,$140,$151,$56,$0,$0,$231,$382,$11,$9,$-16,$-7,$1,$0,$0,$1,$1,$6,$25,$0,$-5,$0,$0,$0,$0,$20,$5,$0,$5,$-0,$-0,$0,$-29,$-24,$2,$1,$0
6,2017-03-31,67.39,$54.37,1.24,$20.09,3.35,$4.46,15.11,$2.36,28.55,$0.02B,$0.02B,1.03,$0.13B,$0.24B,0.55,$0.09B,$0.04B,40.70%,$0.09B,$0.02B,22.09%,$0.09B,$0.02B,22.09%,$0.09B,$0.04B,40.70%,$0.09B,$0.02B,17.44%,$0.09B,$0.01B,11.63%,$0.01B,$0.24B,4.06%,$0.01B,$0.24B,4.06%,$0.01B,$0.38B,2.58%,$0.02B,$0.36B,5.19%,$17,$11,$6,$0,$2,$5,$13,$-1,$12,$0,$12,$12,$3,$18,$13,$4,4,$0.77,$0.77,$4,$0,$8,$17,$365,$0,$0,$0,$367,$384,$17,$128,$4,$132,$149,$59,$0,$0,$235,$384,$12,$5,$-13,$-8,$1,$0,$0,$-0,$-0,$3,$26,$0,$-5,$0,$0,$0,$0,$21,$3,$0,$3,$0,$0,$0,$-25,$-22,$1,$1,$0
7,2016-12-31,62.52,$57.58,1.09,$18.65,3.35,$-2.64,0.0,$1.34,46.66,$0.03B,$0.02B,1.53,$0.13B,$0.25B,0.5,$0.08B,$0.03B,41.25%,$0.08B,$0.01B,6.25%,$0.08B,$0.01B,6.25%,$0.08B,$0.02B,23.75%,$0.08B,$0.00B,2.50%,$0.08B,$0.01B,7.50%,$0.01B,$0.25B,2.38%,$0.01B,$0.25B,2.38%,$0.01B,$0.40B,1.57%,$0.01B,$0.37B,1.39%,$43,$26,$17,$0,$1,$39,$4,$-1,$3,$0,$3,$3,$5,$11,$4,$4,4,$1.06,$1.06,$3,$0,$21,$32,$364,$0,$0,$3,$367,$399,$21,$125,$4,$130,$151,$58,$0,$0,$248,$399,$2,$13,$-2,$12,$-1,$0,$0,$-9,$-9,$5,$-0,$0,$-40,$0,$0,$0,$0,$-40,$46,$0,$46,$0,$0,$0,$-18,$28,$-7,$1,$0
8,2016-09-30,61.57,$58.01,1.06,$13.69,4.5,$0.58,106.36,$0.80,76.96,$0.02B,$0.02B,0.9,$0.13B,$0.25B,0.51,$0.06B,$0.02B,40.68%,$0.06B,$0.00B,6.78%,$0.06B,$0.00B,6.78%,$0.06B,$0.01B,23.73%,$0.06B,$0.00B,3.39%,$0.06B,$0.00B,5.08%,$0.00B,$0.25B,1.17%,$0.00B,$0.25B,1.17%,$0.00B,$0.40B,0.80%,$0.00B,$0.38B,1.13%,$13,$6,$7,$0,$1,$11,$2,$-1,$1,$0,$1,$1,$2,$4,$2,$4,4,$0.45,$0.45,$3,$0,$11,$20,$381,$0,$0,$1,$383,$402,$22,$129,$1,$130,$152,$56,$0,$0,$250,$402,$-1,$7,$-9,$-2,$-0,$0,$0,$-7,$-5,$-9,$-1,$0,$-33,$0,$0,$0,$0,$-34,$49,$0,$49,$0,$0,$0,$-13,$37,$-6,$1,$0
9,2016-06-30,59.24,$58.59,1.01,$14.17,4.18,$6.60,8.98,$0.48,123.41,$0.01B,$0.02B,0.71,$0.09B,$0.25B,0.37,$0.06B,$0.02B,36.07%,$0.06B,$0.00B,1.64%,$0.06B,$0.00B,1.64%,$0.06B,$0.01B,19.67%,$0.06B,$-0.00B,-1.64%,$0.06B,$0.00B,3.28%,$0.00B,$0.25B,0.80%,$0.00B,$0.25B,0.80%,$0.00B,$0.37B,0.56%,$0.00B,$0.35B,0.30%,$13,$7,$5,$0,$1,$13,$0,$-1,$-1,$0,$-1,$-1,$0,$2,$0,$4,4,$0.09,$0.09,$3,$0,$7,$13,$350,$0,$0,$3,$353,$365,$18,$94,$1,$95,$112,$57,$0,$0,$253,$365,$-2,$5,$-4,$1,$1,$0,$0,$-4,$-3,$-4,$-0,$0,$-1,$0,$0,$0,$-2,$-3,$9,$0,$9,$0,$0,$0,$-9,$0,$-7,$1,$0
10,2016-03-31,55.18,$59.02,0.94,$14.46,3.82,$10.21,5.4,$0.45,122.63,$0.01B,$0.02B,0.64,$0.09B,$0.26B,0.34,$0.06B,$0.02B,35.48%,$0.06B,$0.00B,1.61%,$0.06B,$0.00B,1.61%,$0.06B,$0.01B,19.35%,$0.06B,$-0.00B,-1.61%,$0.06B,$0.00B,3.23%,$0.00B,$0.26B,0.83%,$0.00B,$0.26B,0.83%,$0.00B,$0.36B,0.57%,$0.00B,$0.34B,0.31%,$11,$7,$4,$0,$2,$12,$-1,$-1,$-1,$0,$-2,$-2,$-1,$2,$-1,$4,4,$-0.25,$-0.25,$4,$0,$3,$11,$350,$0,$0,$1,$351,$361,$17,$86,$2,$88,$105,$60,$0,$0,$257,$361,$-2,$3,$1,$3,$0,$0,$0,$-3,$-3,$-2,$0,$0,$0,$0,$0,$0,$0,$0,$1,$0,$1,$0,$0,$0,$-5,$-4,$-6,$0,$0
11,2015-12-31,57.75,$61.18,0.94,$18.16,3.18,$12.65,4.57,$2.50,23.1,$0.02B,$0.02B,1.04,$0.09B,$0.26B,0.32,$0.08B,$0.03B,38.46%,$0.08B,$0.01B,12.82%,$0.08B,$0.01B,12.82%,$0.08B,$0.02B,26.92%,$0.08B,$0.01B,8.97%,$0.08B,$0.01B,14.10%,$0.01B,$0.26B,4.68%,$0.01B,$0.26B,4.68%,$0.01B,$0.37B,3.17%,$0.01B,$0.35B,3.13%,$22,$14,$8,$0,$1,$19,$3,$-1,$3,$-0,$3,$3,$2,$6,$3,$4,4,$0.52,$0.52,$10,$0,$4,$17,$352,$0,$0,$1,$353,$370,$17,$85,$6,$90,$107,$64,$0,$0,$263,$370,$8,$11,$7,$17,$-1,$0,$0,$-4,$-5,$20,$-2,$0,$-56,$1,$0,$1,$0,$-56,$-5,$0,$-5,$0,$0,$0,$27,$22,$-14,$1,$0
12,2015-09-30,59.91,$51.30,1.17,$17.02,3.52,$30.68,1.95,$1.24,48.31,$0.03B,$0.02B,1.25,$0.09B,$0.22B,0.39,$0.07B,$0.03B,42.47%,$0.07B,$0.02B,21.92%,$0.07B,$0.02B,21.92%,$0.07B,$0.03B,36.99%,$0.07B,$0.01B,16.44%,$0.07B,$0.01B,8.22%,$0.01B,$0.22B,2.65%,$0.01B,$0.22B,2.65%,$0.01B,$0.33B,1.76%,$0.02B,$0.31B,5.15%,$15,$10,$5,$0,$1,$16,$-1,$-1,$-2,$0,$-2,$-2,$1,$2,$-1,$4,4,$0.13,$0.13,$18,$0,$4,$26,$305,$0,$0,$1,$305,$332,$21,$85,$5,$90,$111,$64,$0,$0,$221,$332,$5,$8,$4,$12,$-1,$0,$0,$-0,$0,$17,$-1,$0,$-5,$1,$0,$1,$0,$-5,$-5,$0,$-5,$0,$0,$0,$-13,$-18,$-6,$1,$0
13,2015-06-30,60.37,$52.35,1.15,$16.65,3.63,$41.79,1.44,$1.45,41.64,$0.03B,$0.02B,1.4,$0.09B,$0.23B,0.38,$0.07B,$0.03B,43.06%,$0.07B,$0.03B,36.11%,$0.07B,$0.03B,36.11%,$0.07B,$0.04B,51.39%,$0.07B,$0.02B,31.94%,$0.07B,$0.01B,8.33%,$0.01B,$0.23B,2.66%,$0.01B,$0.23B,2.66%,$0.01B,$0.34B,1.78%,$0.03B,$0.31B,8.48%,$14,$9,$5,$0,$1,$14,$0,$-1,$-1,$0,$-1,$-1,$0,$2,$0,$4,4,$0.06,$0.06,$23,$0,$3,$32,$309,$0,$0,$1,$309,$341,$23,$85,$9,$94,$116,$66,$0,$0,$225,$341,$6,$5,$3,$8,$1,$0,$0,$-3,$-2,$12,$-1,$0,$-3,$1,$0,$1,$0,$-3,$-0,$0,$-0,$0,$0,$0,$-10,$-10,$-1,$1,$0
14,2015-03-31,55.43,$53.70,1.03,$17.65,3.14,$44.89,1.23,$1.80,30.79,$0.04B,$0.02B,2.6,$0.09B,$0.23B,0.37,$0.08B,$0.03B,42.86%,$0.08B,$0.03B,37.66%,$0.08B,$0.03B,37.66%,$0.08B,$0.04B,53.25%,$0.08B,$0.03B,35.06%,$0.08B,$0.01B,10.39%,$0.01B,$0.23B,3.57%,$0.01B,$0.23B,3.57%,$0.01B,$0.35B,2.43%,$0.03B,$0.32B,9.56%,$27,$14,$12,$0,$1,$19,$8,$-1,$7,$0,$7,$7,$8,$11,$8,$4,4,$1.80,$1.80,$26,$0,$4,$38,$308,$0,$0,$1,$309,$347,$15,$85,$17,$102,$116,$69,$0,$0,$231,$347,$7,$3,$2,$5,$0,$0,$0,$-3,$-3,$9,$-1,$0,$-3,$1,$0,$1,$0,$-2,$-0,$0,$-0,$0,$0,$0,$-5,$-5,$2,$0,$0
15,2014-12-31,55.0,$53.13,1.04,$19.99,2.75,$47.41,1.16,$2.75,20.0,$0.04B,$0.01B,2.64,$0.09B,$0.23B,0.37,$0.09B,$0.04B,45.45%,$0.09B,$0.04B,39.77%,$0.09B,$0.04B,39.77%,$0.09B,$0.05B,54.55%,$0.09B,$0.03B,38.64%,$0.09B,$0.01B,13.64%,$0.01B,$0.23B,5.40%,$0.01B,$0.23B,5.40%,$0.01B,$0.35B,3.72%,$0.04B,$0.31B,11.72%,$17,$9,$9,$0,$1,$8,$9,$-1,$8,$0,$8,$8,$-3,$12,$9,$4,4,$-0.68,$-0.68,$25,$0,$7,$37,$307,$0,$0,$0,$307,$345,$14,$85,$18,$103,$117,$63,$0,$0,$228,$345,$32,$13,$-18,$-5,$-1,$0,$0,$7,$4,$31,$67,$0,$-74,$-1,$0,$-1,$0,$-8,$14,$0,$14,$-7,$-7,$0,$-13,$-5,$17,$1,$0
16,2014-09-30,57.35,$50.88,1.13,$20.37,2.82,$28.64,2.0,$4.31,13.31,$0.07B,$0.01B,5.65,$0.07B,$0.22B,0.32,$0.09B,$0.04B,43.33%,$0.09B,$0.03B,32.22%,$0.09B,$0.03B,32.22%,$0.09B,$0.04B,45.56%,$0.09B,$0.03B,31.11%,$0.09B,$0.02B,21.11%,$0.02B,$0.22B,8.68%,$0.02B,$0.22B,8.68%,$0.02B,$0.31B,6.05%,$0.03B,$0.29B,9.89%,$14,$9,$5,$0,$1,$5,$9,$-1,$9,$0,$8,$8,$1,$12,$9,$4,4,$0.34,$0.34,$46,$0,$21,$74,$238,$0,$0,$0,$238,$312,$13,$71,$11,$81,$94,$69,$0,$0,$218,$312,$24,$10,$-3,$7,$-0,$0,$0,$-1,$-2,$28,$36,$0,$-4,$-4,$0,$-4,$0,$28,$-0,$0,$-0,$-7,$-7,$0,$-14,$-22,$35,$1,$0
17,2014-06-30,57.92,$50.09,1.16,$19.89,2.91,$16.43,3.52,$3.94,14.7,$0.03B,$0.01B,4.35,$0.08B,$0.22B,0.34,$0.09B,$0.04B,43.18%,$0.09B,$0.02B,21.59%,$0.09B,$0.02B,21.59%,$0.09B,$0.03B,35.23%,$0.09B,$0.02B,20.45%,$0.09B,$0.02B,20.45%,$0.02B,$0.22B,8.48%,$0.02B,$0.22B,8.48%,$0.02B,$0.32B,5.93%,$0.02B,$0.30B,6.71%,$19,$11,$7,$0,$0,$15,$3,$-1,$3,$0,$2,$2,$2,$6,$3,$4,4,$0.41,$0.41,$21,$0,$4,$29,$285,$0,$0,$0,$286,$315,$7,$76,$13,$88,$95,$77,$0,$0,$220,$315,$16,$7,$6,$13,$-1,$0,$0,$0,$-3,$26,$-1,$0,$0,$-3,$0,$-3,$0,$-4,$-0,$0,$-0,$0,$0,$0,$-11,$-11,$11,$1,$0
18,2014-03-31,57.91,$51.49,1.12,$20.97,2.76,$14.45,4.01,$4.87,11.89,$0.03B,$0.01B,4.33,$0.08B,$0.22B,0.34,$0.09B,$0.04B,45.65%,$0.09B,$0.02B,25.00%,$0.09B,$0.02B,25.00%,$0.09B,$0.04B,39.13%,$0.09B,$0.02B,23.91%,$0.09B,$0.02B,23.91%,$0.02B,$0.22B,10.55%,$0.02B,$0.22B,10.55%,$0.02B,$0.32B,7.53%,$0.02B,$0.30B,8.48%,$38,$19,$19,$0,$1,$24,$14,$-1,$14,$0,$14,$14,$12,$18,$14,$4,4,$2.75,$2.75,$21,$0,$4,$30,$287,$0,$0,$0,$288,$318,$7,$76,$13,$88,$95,$78,$0,$0,$223,$318,$14,$4,$6,$9,$-2,$0,$0,$0,$-3,$20,$-0,$0,$0,$0,$0,$0,$0,$-0,$-0,$0,$-0,$0,$0,$0,$-6,$-6,$14,$0,$0
19,2013-12-31,55.83,$49.09,1.14,$16.18,3.45,$10.91,5.12,$2.88,19.39,$0.02B,$0.01B,2.55,$0.08B,$0.22B,0.35,$0.07B,$0.03B,43.66%,$0.07B,$0.01B,18.31%,$0.07B,$0.01B,18.31%,$0.07B,$0.03B,35.21%,$0.07B,$0.01B,15.49%,$0.07B,$0.01B,18.31%,$0.01B,$0.22B,6.40%,$0.01B,$0.22B,6.40%,$0.01B,$0.31B,4.66%,$0.01B,$0.29B,5.03%,$19,$11,$8,$0,$1,$16,$3,$-0,$2,$-0,$2,$2,$4,$5,$3,$4,4,$0.89,$0.89,$7,$0,$10,$20,$290,$0,$0,$0,$291,$311,$8,$76,$13,$88,$96,$68,$0,$0,$215,$311,$12,$12,$-5,$7,$-0,$0,$0,$-2,$-1,$18,$-2,$0,$-43,$0,$0,$0,$0,$-46,$32,$0,$32,$0,$0,$0,$-1,$31,$3,$1,$0
20,2013-09-30,55.95,$44.19,1.27,$14.78,3.79,$11.17,5.01,$2.00,27.97,$0.02B,$0.01B,2.45,$0.06B,$0.19B,0.3,$0.07B,$0.03B,41.54%,$0.07B,$0.01B,15.38%,$0.07B,$0.01B,15.38%,$0.07B,$0.02B,35.38%,$0.07B,$0.01B,12.31%,$0.07B,$0.01B,13.85%,$0.01B,$0.19B,4.49%,$0.01B,$0.19B,4.49%,$0.01B,$0.27B,3.36%,$0.01B,$0.25B,4.04%,$12,$8,$4,$0,$1,$12,$-1,$-0,$-1,$-0,$-1,$-1,$-0,$2,$-1,$4,4,$-0.03,$-0.03,$7,$0,$9,$20,$249,$0,$0,$0,$250,$270,$8,$58,$13,$71,$79,$67,$0,$0,$191,$270,$9,$10,$-5,$5,$-1,$0,$0,$-1,$-1,$13,$-2,$0,$0,$0,$0,$0,$0,$-2,$14,$0,$14,$0,$0,$0,$-22,$-8,$3,$1,$0
21,2013-06-30,57.4,$47.55,1.21,$15.44,3.72,$11.62,4.94,$2.84,20.21,$0.02B,$0.01B,2.08,$0.04B,$0.21B,0.21,$0.07B,$0.03B,45.59%,$0.07B,$0.01B,20.59%,$0.07B,$0.01B,20.59%,$0.07B,$0.03B,39.71%,$0.07B,$0.01B,17.65%,$0.07B,$0.01B,19.12%,$0.01B,$0.21B,6.72%,$0.01B,$0.21B,6.72%,$0.01B,$0.27B,5.06%,$0.01B,$0.25B,5.92%,$23,$12,$11,$0,$1,$16,$7,$-0,$7,$-0,$7,$7,$6,$11,$7,$4,4,$1.34,$1.34,$11,$0,$2,$17,$253,$0,$0,$0,$253,$270,$8,$44,$13,$57,$65,$69,$0,$0,$205,$270,$10,$7,$0,$7,$-1,$0,$0,$0,$-0,$17,$-1,$0,$0,$0,$0,$0,$0,$-1,$-0,$0,$-0,$0,$0,$0,$-8,$-8,$8,$1,$0
22,2013-03-31,50.1,$46.99,1.07,$14.22,3.52,$9.78,5.12,$-0.64,0.0,$0.01B,$0.01B,1.38,$0.04B,$0.20B,0.22,$0.06B,$0.03B,42.86%,$0.06B,$-0.00B,-3.17%,$0.06B,$-0.00B,-3.17%,$0.06B,$0.01B,17.46%,$0.06B,$-0.01B,-7.94%,$0.06B,$-0.00B,-3.17%,$-0.00B,$0.20B,-1.09%,$-0.00B,$0.20B,-1.09%,$-0.00B,$0.27B,-0.81%,$-0.00B,$0.25B,-0.89%,$17,$9,$8,$0,$1,$13,$4,$-0,$3,$-0,$3,$3,$3,$7,$4,$4,4,$0.76,$0.76,$4,$0,$2,$10,$256,$0,$0,$1,$257,$266,$7,$44,$13,$57,$64,$65,$0,$0,$202,$266,$3,$3,$0,$3,$-1,$0,$0,$0,$-2,$5,$-0,$0,$0,$0,$0,$0,$0,$-0,$-0,$0,$-0,$0,$0,$0,$-4,$-4,$0,$1,$0
23,2012-12-31,45.04,$47.47,0.95,$12.42,3.63,$9.18,4.91,$-1.13,0.0,$0.01B,$0.01B,0.94,$0.04B,$0.20B,0.22,$0.06B,$0.02B,41.82%,$0.06B,$-0.01B,-9.09%,$0.06B,$-0.01B,-9.09%,$0.06B,$0.01B,12.73%,$0.06B,$-0.01B,-12.73%,$0.06B,$-0.00B,-7.27%,$-0.00B,$0.20B,-2.27%,$-0.00B,$0.20B,-2.27%,$-0.00B,$0.27B,-1.69%,$-0.01B,$0.25B,-2.28%,$13,$9,$4,$0,$1,$13,$-0,$-0,$-1,$0,$-1,$-1,$-0,$3,$-0,$4,4,$-0.05,$-0.05,$4,$0,$1,$7,$260,$0,$0,$1,$260,$267,$8,$44,$13,$57,$65,$63,$0,$0,$203,$267,$-7,$11,$-3,$8,$1,$0,$0,$13,$15,$16,$1,$0,$-45,$0,$0,$0,$0,$-45,$3,$-5,$-2,$0,$0,$0,$31,$30,$1,$1,$0
24,2012-09-30,41.82,$38.28,1.09,$13.58,3.08,$9.14,4.58,$-0.54,0.0,$0.01B,$0.01B,1.3,$0.04B,$0.16B,0.25,$0.06B,$0.03B,43.33%,$0.06B,$-0.00B,-3.33%,$0.06B,$-0.00B,-3.33%,$0.06B,$0.01B,20.00%,$0.06B,$-0.00B,-5.00%,$0.06B,$-0.00B,-3.33%,$-0.00B,$0.16B,-1.18%,$-0.00B,$0.16B,-1.18%,$-0.00B,$0.23B,-0.88%,$-0.00B,$0.21B,-0.94%,$15,$7,$8,$0,$1,$11,$3,$-0,$3,$0,$3,$3,$4,$6,$3,$4,4,$0.81,$0.81,$4,$0,$2,$8,$217,$0,$0,$1,$217,$225,$6,$41,$14,$55,$61,$65,$0,$0,$164,$225,$-6,$8,$-3,$5,$1,$0,$0,$12,$13,$12,$2,$0,$0,$0,$0,$0,$0,$2,$-0,$-5,$-5,$0,$0,$0,$-7,$-12,$1,$1,$0
25,2012-06-30,43.8,$37.94,1.15,$11.96,3.66,$8.30,5.28,$-1.49,0.0,$0.01B,$0.01B,1.07,$0.04B,$0.16B,0.26,$0.05B,$0.02B,39.62%,$0.05B,$-0.01B,-11.32%,$0.05B,$-0.01B,-11.32%,$0.05B,$0.01B,13.21%,$0.05B,$-0.01B,-13.21%,$0.05B,$-0.01B,-13.21%,$-0.01B,$0.16B,-4.04%,$-0.01B,$0.16B,-4.04%,$-0.01B,$0.23B,-3.06%,$-0.01B,$0.21B,-2.74%,$18,$11,$7,$0,$1,$27,$-9,$-0,$-10,$0,$-10,$-10,$-9,$-5,$-9,$4,4,$-2.14,$-2.14,$2,$0,$1,$6,$219,$0,$0,$1,$219,$226,$6,$43,$14,$57,$63,$63,$0,$0,$163,$226,$-9,$5,$0,$6,$-1,$0,$0,$13,$12,$9,$-1,$0,$0,$0,$0,$0,$0,$-1,$-0,$-3,$-3,$0,$0,$0,$-6,$-9,$-1,$1,$0
26,2012-03-31,34.47,$40.82,0.84,$11.17,3.09,$8.72,3.95,$1.38,24.98,$0.01B,$0.00B,1.09,$0.05B,$0.18B,0.26,$0.05B,$0.02B,42.86%,$0.05B,$0.01B,12.24%,$0.05B,$0.01B,12.24%,$0.05B,$0.02B,36.73%,$0.05B,$0.01B,12.24%,$0.05B,$0.01B,10.20%,$0.01B,$0.18B,2.81%,$0.01B,$0.18B,2.81%,$0.01B,$0.23B,2.17%,$0.01B,$0.22B,2.68%,$9,$4,$4,$0,$1,$8,$1,$-0,$1,$-0,$1,$1,$1,$3,$1,$4,4,$0.27,$0.27,$1,$0,$1,$5,$222,$0,$0,$1,$223,$227,$4,$46,$2,$48,$52,$74,$0,$0,$175,$227,$1,$2,$0,$2,$0,$0,$0,$0,$-0,$2,$-0,$0,$0,$0,$0,$0,$0,$-0,$-0,$-0,$-0,$0,$0,$0,$-3,$-3,$-2,$0,$0
27,2011-12-31,33.64,$41.50,0.81,$13.25,2.54,$10.01,3.36,$1.93,17.43,$0.01B,$0.01B,1.27,$0.05B,$0.18B,0.26,$0.06B,$0.03B,44.83%,$0.06B,$0.01B,17.24%,$0.06B,$0.01B,17.24%,$0.06B,$0.02B,39.66%,$0.06B,$0.01B,15.52%,$0.06B,$0.01B,13.79%,$0.01B,$0.18B,4.47%,$0.01B,$0.18B,4.47%,$0.01B,$0.23B,3.44%,$0.01B,$0.22B,4.43%,$18,$11,$7,$0,$4,$14,$3,$-0,$3,$0,$3,$2,$2,$8,$3,$4,4,$0.52,$0.52,$3,$0,$1,$7,$223,$0,$0,$1,$224,$230,$5,$46,$2,$48,$53,$75,$0,$0,$177,$230,$9,$13,$0,$13,$-1,$0,$0,$0,$0,$22,$-5,$0,$-0,$0,$0,$0,$0,$-5,$-0,$-5,$-0,$1,$1,$0,$-12,$-16,$0,$1,$0
28,2011-09-30,31.83,$0.00,0.0,$10.99,2.9,$7.93,4.02,$1.76,18.09,$0.00B,$0.01B,0.82,$0.05B,$0.18B,0.27,$0.05B,$0.02B,46.94%,$0.05B,$0.01B,16.33%,$0.05B,$0.01B,16.33%,$0.05B,$0.02B,36.73%,$0.05B,$0.01B,14.29%,$0.05B,$0.01B,16.33%,$0.01B,$0.18B,4.46%,$0.01B,$0.18B,4.46%,$0.01B,$0.23B,3.42%,$0.01B,$0.23B,3.52%,$8,$4,$3,$0,$1,$8,$-1,$-0,$-1,$0,$-1,$-1,$-1,$1,$-1,$4,4,$-0.14,$-0.14,$1,$0,$2,$4,$300,$0,$0,$1,$301,$232,$5,$47,$2,$49,$54,$75,$0,$0,$178,$232,$6,$8,$0,$8,$-1,$0,$0,$-0,$0,$14,$-4,$0,$-0,$0,$0,$0,$0,$-5,$-0,$-3,$-3,$1,$1,$0,$-8,$-11,$-1,$1,$0
29,2011-06-30,35.07,$0.00,0.0,$11.12,3.15,$6.76,5.19,$2.12,16.54,$0.01B,$0.01B,0.99,$0.05B,$0.18B,0.26,$0.05B,$0.02B,48.00%,$0.05B,$0.01B,20.00%,$0.05B,$0.01B,20.00%,$0.05B,$0.02B,40.00%,$0.05B,$0.01B,18.00%,$0.05B,$0.01B,20.00%,$0.01B,$0.18B,5.47%,$0.01B,$0.18B,5.47%,$0.01B,$0.23B,4.25%,$0.01B,$0.23B,4.37%,$14,$7,$7,$0,$1,$11,$3,$-0,$3,$0,$3,$3,$3,$6,$3,$4,4,$0.73,$0.73,$2,$0,$1,$5,$300,$0,$0,$1,$301,$234,$5,$46,$2,$48,$53,$77,$0,$0,$181,$234,$7,$6,$0,$7,$-0,$0,$0,$0,$-0,$14,$-4,$0,$-0,$0,$0,$0,$0,$-4,$-0,$-4,$-4,$1,$1,$0,$-6,$-10,$0,$1,$0
30,2011-03-31,35.81,$0.00,0.0,$9.61,3.73,$4.71,7.6,$1.14,31.41,$0.00B,$0.01B,0.78,$0.05B,$0.18B,0.26,$0.04B,$0.02B,47.73%,$0.04B,$0.01B,15.91%,$0.04B,$0.01B,15.91%,$0.04B,$0.02B,36.36%,$0.04B,$0.01B,11.36%,$0.04B,$0.01B,13.64%,$0.01B,$0.18B,3.41%,$0.01B,$0.18B,3.41%,$0.01B,$0.23B,2.68%,$0.01B,$0.23B,3.22%,$18,$9,$9,$0,$1,$13,$5,$-0,$4,$0,$4,$4,$4,$8,$5,$4,4,$0.82,$0.82,$2,$0,$1,$4,$299,$0,$0,$1,$300,$233,$6,$46,$2,$48,$53,$74,$0,$0,$180,$233,$4,$3,$-0,$3,$-1,$0,$0,$0,$-0,$8,$-0,$0,$-0,$0,$0,$0,$0,$-1,$-0,$-4,$-4,$1,$1,$0,$-4,$-8,$-1,$0,$0
31,2010-12-31,28.03,$42.54,0.66,$6.80,4.12,$3.17,8.85,$0.42,66.73,$0.00B,$0.01B,0.83,$0.05B,$0.18B,0.28,$0.03B,$0.02B,46.88%,$0.03B,$0.00B,9.38%,$0.03B,$0.00B,9.38%,$0.03B,$0.01B,28.13%,$0.03B,$0.00B,3.13%,$0.03B,$0.00B,6.25%,$0.00B,$0.18B,1.18%,$0.00B,$0.18B,1.18%,$0.00B,$0.24B,0.94%,$0.00B,$0.23B,1.49%,$9,$4,$4,$0,$3,$7,$1,$-0,$1,$-0,$1,$2,$2,$3,$1,$5,5,$0.35,$0.35,$2,$0,$1,$4,$298,$0,$0,$1,$300,$236,$5,$50,$2,$52,$57,$71,$0,$0,$179,$236,$1,$6,$-1,$6,$-0,$0,$0,$1,$3,$9,$-1,$0,$-58,$0,$0,$1,$0,$-58,$11,$10,$11,$-12,$27,$-4,$-0,$44,$-5,$1,$0
32,2010-09-30,20.49,$0.00,0.0,$6.10,3.36,$1.32,15.58,$-0.01,0.0,$0.01B,$0.00B,1.31,$0.04B,$0.19B,0.21,$0.03B,$0.01B,50.00%,$0.03B,$0.00B,7.14%,$0.03B,$0.00B,7.14%,$0.03B,$0.00B,14.29%,$0.03B,$-0.00B,-3.57%,$0.03B,0,0.00%,$0.00B,$0.19B,0.00%,$0.00B,$0.19B,0.00%,$0.00B,$0.24B,0.00%,$0.00B,$0.23B,1.05%,$9,$5,$4,$0,$3,$8,$1,$-0,$1,$-0,$1,$1,$1,$3,$1,$5,5,$0.23,$0.22,$3,$0,$1,$5,$297,$0,$0,$2,$299,$238,$4,$41,$2,$43,$46,$82,$0,$0,$191,$238,$-0,$4,$0,$4,$0,$0,$0,$0,$2,$5,$-0,$0,$-58,$0,$0,$1,$-0,$-57,$0,$0,$11,$0,$0,$-2,$39,$48,$-4,$0,$0
33,2010-06-30,19.27,$0.00,0.0,$5.69,3.39,$-0.03,0.0,$-0.03,0.0,$0.01B,$0.00B,3.69,$0.03B,$0.15B,0.2,$0.03B,$0.02B,57.69%,$0.03B,$0.00B,11.54%,$0.03B,$0.00B,11.54%,$0.03B,$0.00B,15.38%,$0.03B,$-0.00B,-3.85%,$0.03B,0,0.00%,$0.00B,$0.15B,0.00%,$0.00B,$0.15B,0.00%,$0.00B,$0.19B,0.00%,$0.00B,$0.18B,1.68%,$8,$4,$4,$0,$4,$8,$0,$-1,$-1,$0,$-1,$-1,$-1,$2,$0,$5,5,$-0.25,$-0.25,$9,$0,$1,$12,$238,$0,$0,$2,$240,$188,$3,$30,$2,$32,$35,$82,$0,$0,$153,$188,$-1,$2,$0,$2,$0,$0,$0,$0,$-0,$1,$-0,$0,$0,$0,$0,$1,$-0,$1,$0,$0,$1,$0,$0,$-1,$-0,$-0,$2,$0,$0
34,2010-03-31,19.33,$0.00,0.0,$4.71,4.1,$-0.58,0.0,$0.06,322.22,$0.01B,$0.02B,0.47,$0.01B,$0.15B,0.07,$0.02B,$0.01B,59.09%,$0.02B,$0.00B,9.09%,$0.02B,$0.00B,9.09%,$0.02B,$0.00B,9.09%,$0.02B,$-0.00B,-4.55%,$0.02B,0,0.00%,$0.00B,$0.15B,0.00%,$0.00B,$0.15B,0.00%,$0.00B,$0.19B,0.00%,$0.00B,$0.16B,1.17%,$6,$3,$3,$0,$3,$5,$1,$-0,$0,$0,$0,$0,$0,$1,$1,$5,5,$0.10,$0.10,$8,$0,$1,$10,$0,$0,$0,$2,$2,$186,$21,$10,$1,$11,$32,$83,$0,$0,$154,$186,$0,$1,$0,$1,$0,$0,$0,$0,$-0,$1,$-0,$0,$0,$0,$0,$1,$0,$1,$0,$0,$-1,$0,$0,$0,$-0,$-1,$1,$0,$0
35,2009-12-31,18.28,$0.00,0.0,$4.48,4.08,$-0.68,0.0,$-0.07,0.0,$0.01B,$0.00B,3.03,$0.03B,$0.15B,0.19,$0.02B,$0.01B,61.90%,$0.02B,$0.00B,4.76%,$0.02B,$0.00B,4.76%,$0.02B,$0.00B,9.52%,$0.02B,$-0.00B,-4.76%,$0.02B,0,0.00%,$0.00B,$0.15B,0.00%,$0.00B,$0.15B,0.00%,$0.00B,$0.19B,0.00%,$0.00B,$0.18B,0.59%,$5,$2,$3,$0,$3,$5,$-0,$-1,$-1,$0,$-1,$-0,$-0,$-2,$-0,$5,5,$-0.08,$-0.08,$8,$0,$1,$9,$238,$1,$0,$2,$240,$187,$3,$29,$1,$30,$33,$83,$0,$0,$154,$187,$0,$0,$-1,$2,$0,$0,$0,$-0,$0,$1,$-1,$0,$-34,$0,$2,$2,$0,$-34,$-0,$0,$-0,$-2,$-2,$-3,$27,$22,$-11,$1,$0
36,2009-09-30,17.76,$0.00,0.0,$4.01,4.43,$-0.07,0.0,$-0.30,0.0,$0.04B,$0.00B,15.25,$0.03B,$0.16B,0.19,$0.02B,$0.01B,63.16%,$0.02B,0,0.00%,$0.02B,0,0.00%,$0.02B,$0.00B,10.53%,$0.02B,$-0.00B,-10.53%,$0.02B,$-0.00B,-5.26%,$-0.00B,$0.16B,-0.80%,$-0.00B,$0.16B,-0.80%,$-0.00B,$0.19B,-0.59%,$0.00B,$0.18B,0.00%,$7,$2,$5,$0,$3,$4,$2,$-1,$1,$0,$1,$1,$1,$3,$2,$5,5,$0.20,$0.20,$38,$0,$2,$40,$203,$3,$0,$4,$209,$188,$3,$29,$1,$30,$33,$84,$0,$0,$155,$188,$-1,$2,$0,$2,$0,$0,$0,$0,$-1,$-0,$-1,$0,$-2,$0,$0,$0,$0,$-3,$0,$0,$-0,$0,$-2,$-3,$27,$23,$20,$0,$0
37,2009-06-30,16.59,$0.00,0.0,$4.19,3.96,$1.16,14.25,$-0.51,0.0,$0.01B,$0.00B,4.47,$0.03B,$0.13B,0.21,$0.02B,$0.01B,52.63%,$0.02B,$-0.00B,-10.53%,$0.02B,$-0.00B,-10.53%,$0.02B,$-0.00B,-5.26%,$0.02B,$-0.00B,-21.05%,$0.02B,$-0.00B,-10.53%,$-0.00B,$0.13B,-1.66%,$-0.00B,$0.13B,-1.66%,$-0.00B,$0.16B,-1.22%,$-0.00B,$0.16B,-1.36%,$4,$2,$2,$0,$3,$4,$-1,$-0,$-1,$0,$-1,$-1,$-1,$-0,$-1,$5,5,$-0.16,$-0.16,$11,$0,$1,$13,$202,$4,$0,$2,$207,$159,$3,$27,$1,$28,$31,$84,$0,$0,$128,$159,$-1,$1,$0,$1,$0,$0,$0,$0,$-1,$-0,$-1,$0,$0,$0,$0,$0,$-0,$-2,$0,$0,$-1,$0,$-2,$-2,$0,$-5,$-7,$0,$0
38,2009-03-31,14.76,$0.00,0.0,$5.77,2.56,$2.23,6.61,$0.01,0.0,$0.02B,$0.00B,4.57,$0.03B,$0.13B,0.21,$0.03B,$0.01B,50.00%,$0.03B,$0.00B,3.85%,$0.03B,$0.00B,3.85%,$0.03B,0,0.00%,$0.03B,$-0.00B,-3.85%,$0.03B,$0.00B,3.85%,$0.00B,$0.13B,0.90%,$0.00B,$0.13B,0.90%,$0.00B,$0.16B,0.60%,$0.00B,$0.16B,0.72%,$5,$2,$3,$0,$3,$5,$-0,$-0,$-0,$0,$-0,$-0,$-0,$1,$-0,$5,5,$-0.03,$-0.03,$15,$0,$1,$17,$201,$4,$0,$1,$206,$163,$4,$27,$1,$28,$32,$86,$0,$0,$131,$163,$-0,$1,$0,$1,$0,$0,$0,$0,$0,$1,$-1,$0,$0,$0,$0,$0,$-0,$-1,$0,$0,$-1,$0,$-1,$-1,$0,$-3,$-3,$0,$0
39,2008-12-31,14.4,$0.00,0.0,$6.03,2.39,$2.03,7.1,$0.24,60.0,$0.02B,$0.00B,5.54,$0.03B,$0.00B,0.0,$0.03B,$0.01B,51.85%,$0.03B,$0.00B,7.41%,$0.03B,$0.00B,7.41%,$0.03B,$0.00B,3.70%,$0.03B,0,0.00%,$0.03B,$0.00B,7.41%,$0.00B,$0.09B,1.98%,$0.00B,$0.09B,1.98%,$0.00B,$0.17B,1.19%,$0.00B,$0.12B,1.55%,$3,$1,$2,$0,$4,$5,$-1,$-0,$-2,$-0,$-2,$-1,$-1,$-2,$-1,$5,5,$-0.31,$-0.31,$18,$0,$1,$20,$201,$4,$0,$1,$205,$165,$4,$28,$1,$74,$78,$0,$0,$0,$88,$165,$0,$0,$0,$0,$0,$0,$0,$0,$0,$7,$-5,$0,$-1,$0,$0,$27,$0,$21,$0,$0,$-1,$0,$-3,$-7,$-1,$-12,$16,$0,$0
40,2008-09-30,19.79,$0.00,0.0,$8.99,2.2,$3.58,5.53,$1.85,10.7,$0.02B,$0.00B,5.84,$0.03B,$0.13B,0.21,$0.04B,$0.01B,30.95%,$0.04B,$0.01B,21.43%,$0.04B,$0.01B,21.43%,$0.04B,$0.00B,9.52%,$0.04B,$0.01B,19.05%,$0.04B,$0.01B,21.43%,$0.01B,$0.13B,8.70%,$0.01B,$0.13B,8.70%,$0.01B,$0.17B,5.23%,$0.01B,$0.16B,6.83%,$7,$4,$3,$0,$4,$8,$-0,$-0,$-1,$-0,$-1,$-0,$-0,$-0,$-0,$5,5,$-0.01,$-0.01,$22,$0,$2,$24,$198,$4,$0,$1,$203,$168,$4,$28,$2,$30,$34,$91,$0,$0,$134,$168,$3,$1,$0,$1,$0,$0,$0,$0,$-1,$8,$-3,$0,$0,$0,$0,$16,$0,$13,$0,$0,$-1,$0,$0,$-6,$-3,$-11,$10,$0,$0
41,2008-06-30,22.51,$0.00,0.0,$9.89,2.28,$3.53,6.37,$2.60,8.66,$0.02B,$0.00B,4.1,$0.03B,$0.09B,0.31,$0.05B,$0.02B,36.17%,$0.05B,$0.01B,25.53%,$0.05B,$0.01B,25.53%,$0.05B,$0.01B,19.15%,$0.05B,$0.01B,25.53%,$0.05B,$0.01B,27.66%,$0.01B,$0.09B,13.94%,$0.01B,$0.09B,13.94%,$0.01B,$0.17B,7.42%,$0.01B,$0.12B,9.84%,$11,$6,$5,$0,$3,$10,$2,$-0,$2,$0,$2,$2,$2,$1,$2,$5,5,$0.37,$0.36,$13,$0,$2,$16,$0,$13,$0,$1,$15,$170,$4,$28,$2,$75,$79,$0,$0,$0,$91,$170,$3,$0,$0,$0,$0,$0,$0,$0,$-2,$6,$-2,$0,$0,$0,$0,$15,$0,$13,$0,$0,$-1,$0,$-3,$0,$-5,$-9,$9,$0,$0
42,2008-03-31,23.73,$0.00,0.0,$10.70,2.22,$3.33,7.13,$3.25,7.3,$0.01B,$0.00B,3.45,$0.03B,$-0.00B,-24.43,$0.05B,$0.02B,41.18%,$0.05B,$0.02B,29.41%,$0.05B,$0.02B,29.41%,$0.05B,$0.02B,29.41%,$0.05B,$0.02B,29.41%,$0.05B,$0.02B,31.37%,$0.02B,$0.09B,17.11%,$0.02B,$0.09B,17.11%,$0.02B,$0.17B,8.99%,$0.02B,$0.12B,12.24%,$6,$3,$4,$0,$3,$6,$1,$0,$1,$0,$1,$1,$1,$2,$1,$5,5,$0.20,$0.20,$10,$0,$1,$13,$198,$15,$0,$2,$214,$171,$4,$28,$2,$76,$79,$0,$0,$0,$92,$171,$1,$1,$0,$1,$0,$0,$0,$0,$-2,$0,$-1,$0,$0,$0,$0,$14,$0,$13,$0,$0,$-1,$0,$-3,$-2,$0,$-6,$7,$0,$0
43,2007-12-31,29.1,$0.00,0.0,$10.78,2.7,$3.14,9.28,$3.23,9.01,$0.04B,$0.01B,6.43,$0.03B,$0.00B,0.0,$0.05B,$0.02B,40.38%,$0.05B,$0.02B,28.85%,$0.05B,$0.02B,28.85%,$0.05B,$0.02B,28.85%,$0.05B,$0.02B,28.85%,$0.05B,$0.02B,30.77%,$0.02B,$0.10B,17.30%,$0.02B,$0.10B,17.30%,$0.02B,$0.18B,8.91%,$0.02B,$0.13B,12.30%,$18,$16,$1,$0,$-4,$12,$6,$0,$6,$-0,$6,$6,$6,$1,$6,$5,5,$1.34,$1.30,$33,$0,$1,$35,$197,$0,$0,$3,$200,$179,$5,$29,$2,$77,$83,$0,$0,$0,$97,$179,$0,$0,$0,$0,$0,$0,$0,$0,$0,$22,$-12,$0,$0,$0,$0,$-6,$0,$-18,$0,$0,$-1,$0,$-1,$-7,$-0,$-9,$-5,$0,$0
44,2007-09-30,28.58,$0.00,0.0,$10.60,2.7,$7.66,3.73,$3.56,8.03,$0.04B,$0.01B,3.49,$0.03B,$0.00B,0.0,$0.05B,$0.03B,62.75%,$0.05B,$0.02B,31.37%,$0.05B,$0.02B,31.37%,$0.05B,$0.02B,41.18%,$0.05B,$0.02B,33.33%,$0.05B,$0.02B,35.29%,$0.02B,$0.09B,19.94%,$0.02B,$0.09B,19.94%,$0.02B,$0.18B,10.01%,$0.02B,$0.12B,13.33%,$12,$5,$7,$0,$4,$9,$3,$0,$3,$0,$3,$4,$4,$5,$3,$5,5,$0.76,$0.74,$31,$0,$10,$43,$192,$0,$0,$2,$194,$181,$12,$29,$0,$76,$88,$0,$0,$0,$93,$181,$9,$5,$0,$5,$0,$0,$0,$0,$-2,$12,$-7,$0,$0,$0,$0,$-2,$0,$-9,$0,$0,$-1,$0,$1,$-5,$-0,$-6,$-3,$0,$0
45,2007-06-30,32.47,$0.00,0.0,$11.86,2.74,$10.80,3.01,$4.56,7.12,$0.04B,$0.01B,3.14,$0.03B,$0.00B,0.0,$0.06B,$0.04B,64.91%,$0.06B,$0.02B,38.60%,$0.06B,$0.02B,38.60%,$0.06B,$0.02B,35.09%,$0.06B,$0.02B,38.60%,$0.06B,$0.02B,38.60%,$0.02B,$0.09B,25.21%,$0.02B,$0.09B,25.21%,$0.02B,$0.18B,13.41%,$0.02B,$0.12B,18.80%,$15,$6,$9,$0,$4,$10,$5,$0,$5,$0,$5,$5,$5,$7,$5,$5,5,$1.03,$1.01,$31,$0,$3,$42,$191,$0,$0,$1,$193,$181,$13,$30,$0,$76,$90,$0,$0,$0,$92,$181,$6,$3,$0,$3,$0,$0,$0,$0,$-2,$7,$-4,$0,$0,$0,$0,$0,$0,$-4,$0,$0,$-1,$0,$1,$-3,$-0,$-4,$-1,$0,$0
46,2007-03-31,26.61,$0.00,0.0,$11.94,2.23,$12.01,2.22,$4.29,6.2,$0.04B,$0.01B,2.94,$0.03B,$0.00B,0.0,$0.06B,$0.04B,60.34%,$0.06B,$0.02B,36.21%,$0.06B,$0.02B,36.21%,$0.06B,$0.02B,32.76%,$0.06B,$0.02B,36.21%,$0.06B,$0.02B,36.21%,$0.02B,$0.09B,25.45%,$0.02B,$0.09B,25.45%,$0.02B,$0.18B,14.36%,$0.02B,$0.12B,18.63%,$7,$3,$4,$0,$3,$6,$1,$0,$1,$0,$1,$1,$1,$2,$1,$5,5,$0.18,$0.18,$28,$3,$0,$38,$188,$0,$0,$2,$190,$177,$13,$30,$0,$76,$89,$0,$0,$0,$88,$177,$1,$1,$0,$1,$0,$0,$0,$0,$-3,$-1,$-1,$0,$0,$0,$0,$0,$-0,$-1,$0,$0,$-1,$0,$1,$-1,$0,$-2,$-4,$0,$0
47,2006-12-31,22.61,$0.00,0.0,$13.91,1.63,$13.35,1.69,$5.22,4.33,$0.04B,$0.02B,2.78,$0.03B,$0.00B,0.0,$0.07B,$0.04B,61.19%,$0.07B,$0.03B,38.81%,$0.07B,$0.03B,38.81%,$0.07B,$0.03B,38.81%,$0.07B,$0.03B,38.81%,$0.07B,$0.03B,37.31%,$0.03B,$0.09B,31.95%,$0.03B,$0.09B,31.95%,$0.03B,$0.18B,19.46%,$0.03B,$0.12B,23.91%,$17,$5,$12,$0,$4,$9,$7,$0,$8,$-0,$8,$8,$8,$7,$7,$5,5,$1.68,$1.63,$32,$0,$8,$41,$0,$0,$0,$2,$2,$180,$15,$31,$0,$78,$93,$0,$0,$0,$88,$180,$0,$0,$0,$0,$0,$0,$0,$0,$0,$44,$-12,$0,$-58,$0,$0,$-10,$0,$-80,$0,$0,$45,$0,$0,$-5,$-0,$40,$4,$0,$0
