,Date,Stock Price,Book Value per Share,Price to Book Ratio,TTM Sales per Share,Price to Sales Ratio,TTM FCF per Share,Price to FCF Ratio,TTM Net EPS,PE Ratio,Current Assets,Current Liabilities,Current Ratio,Long Term Debt,Shareholder's Equity_x,Debt to Equity Ratio,TTM Revenue_x,TTM Gross Profit,Gross Margin,TTM Revenue_y,TTM Operating Income,Operating Margin,TTM Revenue_x,TTM EBIT,EBIT Margin,TTM Revenue_y,TTM EBITDA,EBITDA Margin,TTM Revenue_x,TTM Pre-Tax Income,Pre-Tax Margin,TTM Revenue_y,TTM Net Income_x,Net Margin,TTM Net Income_y,Shareholder's Equity_y,Return on Equity,TTM Net Income_x,Tangible Equity,Return on Tangible Equity,TTM Net Income_y,Total Assets,Return on Assets,TTM Net Income,LT Investments & Debt,Return on Investment,revenue,cost-goods-sold,gross-profit,research-development-expenses,selling-general-administrative-expenses,operating-expenses,operating-income,total-non-operating-income-expense,pre-tax-income,total-provision-income-taxes,income-after-taxes,income-from-continuous-operations,net-income,ebitda,ebit,basic-shares-outstanding,shares-outstanding,eps-basic-net-earnings-per-share,eps-earnings-per-share-diluted,cash-on-hand,inventory,other-current-assets,total-current-assets,net-property-plant-equipment,long-term-investments,goodwill-intangible-assets-total,other-long-term-assets,total-long-term-assets,total-assets,total-current-liabilities,long-term-debt,other-non-current-liabilities,total-long-term-liabilities,total-liabilities,common-stock-net,retained-earnings-accumulated-deficit,comprehensive-income,total-share-holder-equity,total-liabilities-share-holders-equity,net-income-loss,total-depreciation-amortization-cash-flow,other-non-cash-items,total-non-cash-items,change-in-accounts-receivable,change-in-inventories,change-in-accounts-payable,change-in-assets-liabilities,total-change-in-assets-liabilities,cash-flow-from-operating-activities,net-change-in-property-plant-equipment,net-change-in-intangible-assets,net-acquisitions-divestitures,net-change-in-short-term-investments,net-change-in-long-term-investments,net-change-in-investments-total,investing-activities-other,cash-flow-from-investing-activities,net-long-term-debt,net-current-debt,debt-issuance-retirement-net-total,net-common-equity-issued-repurchased,net-total-equity-issued-repurchased,total-common-preferred-stock-dividends-paid,financial-activities-other,cash-flow-from-financial-activities,net-cash-flow,stock-based-compensation,common-stock-dividends-paid
0,2018-09-30,45.61,$27.86,1.64,$22.22,2.05,$3.96,11.53,$2.30,19.83,$0.63B,$0.70B,0.9,$2.13B,$2.49B,0.86,$1.98B,$1.13B,56.86%,$1.98B,$0.38B,18.97%,$1.98B,$0.38B,18.97%,$1.98B,$0.75B,37.59%,$1.98B,$0.27B,13.52%,$1.98B,$0.21B,10.34%,$0.21B,$2.49B,8.35%,$0.21B,$2.49B,8.35%,$0.21B,$7.98B,2.59%,$0.38B,$4.61B,7.95%,$525,$258,$267,$0,$80,$434,$91,$-29,$62,$9,$53,$53,$53,$187,$91,$89,89,$0.59,$0.59,$200,$76,$166,$631,$6782,$0,$0,$94,$7344,$7975,$703,$2127,$2004,$4786,$5489,$1209,$1285,$-8,$2486,$7975,$163,$281,$60,$341,$12,$2,$17,$25,$56,$536,$-401,$0,$0,$0,$122,$122,$1,$-278,$0,$0,$0,$0,$0,$-93,$-4,$-97,$161,$0,$-93
1,2018-06-30,42.76,$27.62,1.55,$22.12,1.93,$4.13,10.36,$2.15,19.89,$0.49B,$0.68B,0.73,$2.13B,$2.47B,0.86,$1.97B,$1.12B,56.69%,$1.97B,$0.36B,18.41%,$1.97B,$0.36B,18.41%,$1.97B,$0.72B,36.66%,$1.97B,$0.26B,13.13%,$1.97B,$0.19B,9.74%,$0.19B,$2.47B,7.89%,$0.19B,$2.47B,7.89%,$0.19B,$7.91B,2.45%,$0.36B,$4.59B,7.65%,$449,$175,$274,$0,$101,$369,$80,$-28,$52,$6,$46,$46,$46,$173,$80,$89,89,$0.51,$0.51,$48,$85,$198,$493,$6840,$0,$0,$93,$7416,$7909,$679,$2126,$1981,$4765,$5444,$1208,$1265,$-8,$2465,$7909,$110,$185,$44,$229,$26,$-7,$-20,$17,$16,$338,$-266,$0,$0,$0,$1,$1,$0,$-265,$0,$0,$0,$0,$0,$-61,$-3,$-64,$9,$0,$-61
2,2018-03-31,40.17,$27.45,1.46,$22.13,1.82,$4.31,9.32,$2.00,20.08,$0.53B,$0.39B,1.35,$2.43B,$2.45B,0.99,$1.97B,$1.09B,55.48%,$1.97B,$0.35B,17.85%,$1.97B,$0.35B,17.85%,$1.97B,$0.71B,35.75%,$1.97B,$0.25B,12.63%,$1.97B,$0.18B,9.03%,$0.18B,$2.45B,7.37%,$0.18B,$2.45B,7.37%,$0.18B,$7.89B,2.29%,$0.35B,$4.88B,7.42%,$493,$199,$294,$0,$102,$393,$100,$-28,$72,$8,$64,$64,$64,$192,$100,$89,89,$0.72,$0.72,$70,$80,$230,$532,$6781,$0,$0,$89,$7360,$7892,$393,$2426,$1964,$5050,$5443,$1206,$1251,$-8,$2449,$7892,$64,$92,$30,$122,$45,$-2,$-17,$-11,$15,$194,$-131,$0,$0,$0,$0,$0,$1,$-130,$0,$0,$0,$0,$0,$-30,$-3,$-33,$31,$0,$-30
3,2017-12-31,44.8,$27.11,1.65,$22.55,1.99,$4.23,10.59,$2.10,21.34,$0.53B,$0.43B,1.22,$2.43B,$2.42B,1.0,$2.01B,$1.11B,55.15%,$2.01B,$0.38B,18.72%,$2.01B,$0.38B,18.72%,$2.01B,$0.72B,35.89%,$2.01B,$0.27B,13.59%,$2.01B,$0.19B,9.31%,$0.19B,$2.42B,7.79%,$0.19B,$2.42B,7.79%,$0.19B,$7.84B,2.42%,$0.38B,$4.84B,8.04%,$515,$223,$292,$0,$99,$410,$105,$-23,$82,$40,$42,$42,$42,$193,$105,$89,89,$0.48,$0.48,$39,$78,$241,$526,$6741,$0,$0,$91,$7312,$7838,$432,$2426,$1904,$4990,$5422,$1207,$1217,$-8,$2416,$7838,$187,$345,$91,$436,$-3,$0,$5,$-2,$0,$597,$-514,$0,$0,$0,$3,$3,$-3,$-514,$75,$0,$75,$0,$0,$-118,$-7,$-50,$33,$0,$-118
4,2017-09-30,44.53,$26.96,1.65,$22.66,1.96,$2.95,15.08,$2.30,19.36,$0.47B,$0.49B,0.95,$2.28B,$2.40B,0.95,$2.02B,$1.09B,54.06%,$2.02B,$0.38B,18.68%,$2.02B,$0.38B,18.68%,$2.02B,$0.71B,35.23%,$2.02B,$0.27B,13.38%,$2.02B,$0.21B,10.21%,$0.21B,$2.40B,8.65%,$0.21B,$2.40B,8.65%,$0.21B,$7.76B,2.70%,$0.38B,$4.68B,8.19%,$515,$257,$258,$0,$93,$437,$78,$-25,$53,$13,$40,$40,$40,$165,$78,$89,89,$0.44,$0.44,$89,$70,$156,$466,$6638,$0,$0,$88,$7293,$7759,$491,$2277,$1600,$4866,$5357,$1204,$1205,$-7,$2402,$7759,$145,$257,$48,$305,$40,$12,$14,$24,$90,$519,$-369,$0,$0,$0,$2,$2,$-2,$-369,$25,$0,$25,$0,$0,$-87,$-5,$-67,$83,$0,$-87
5,2017-06-30,44.25,$26.86,1.65,$22.32,1.98,$1.75,25.25,$2.24,19.75,$0.41B,$0.51B,0.81,$2.20B,$2.39B,0.92,$1.99B,$1.07B,53.75%,$1.99B,$0.36B,18.27%,$1.99B,$0.36B,18.27%,$1.99B,$0.69B,34.68%,$1.99B,$0.26B,12.93%,$1.99B,$0.20B,10.07%,$0.20B,$2.39B,8.48%,$0.20B,$2.39B,8.48%,$0.20B,$7.65B,2.64%,$0.36B,$4.59B,7.91%,$449,$199,$250,$0,$95,$380,$69,$-27,$42,$10,$32,$32,$32,$155,$69,$89,89,$0.36,$0.36,$33,$82,$158,$412,$6573,$0,$0,$91,$7241,$7653,$512,$2200,$1578,$4749,$5261,$1203,$1196,$-7,$2392,$7653,$105,$170,$29,$199,$55,$0,$-29,$18,$44,$333,$-245,$0,$0,$0,$2,$2,$-2,$-245,$0,$0,$0,$0,$0,$-57,$-4,$-61,$27,$0,$-57
6,2017-03-31,42.71,$26.80,1.59,$22.10,1.93,$0.98,43.65,$2.30,18.57,$0.49B,$0.55B,0.89,$2.20B,$2.39B,0.92,$1.97B,$1.06B,53.71%,$1.97B,$0.36B,18.21%,$1.97B,$0.36B,18.21%,$1.97B,$0.68B,34.64%,$1.97B,$0.26B,13.28%,$1.97B,$0.21B,10.43%,$0.21B,$2.39B,8.78%,$0.21B,$2.39B,8.78%,$0.21B,$7.61B,2.73%,$0.36B,$4.59B,7.79%,$530,$222,$308,$0,$100,$406,$124,$-28,$96,$23,$73,$73,$73,$208,$124,$89,89,$0.82,$0.82,$31,$77,$215,$485,$6466,$0,$0,$88,$7127,$7612,$548,$2200,$1512,$4677,$5225,$1200,$1195,$-8,$2387,$7612,$73,$84,$19,$103,$29,$5,$-10,$-25,$-1,$170,$-114,$0,$0,$0,$2,$2,$-1,$-113,$0,$0,$0,$0,$0,$-28,$-4,$-32,$25,$0,$-28
7,2016-12-31,41.37,$26.35,1.57,$21.62,1.91,$0.69,60.22,$2.16,19.15,$0.46B,$0.58B,0.8,$2.20B,$2.34B,0.94,$1.92B,$1.02B,53.04%,$1.92B,$0.33B,17.32%,$1.92B,$0.33B,17.32%,$1.92B,$0.65B,34.01%,$1.92B,$0.24B,12.64%,$1.92B,$0.19B,10.04%,$0.19B,$2.34B,8.35%,$0.19B,$2.34B,8.35%,$0.19B,$7.53B,2.59%,$0.33B,$4.54B,7.28%,$524,$249,$275,$0,$92,$418,$106,$-27,$79,$18,$61,$61,$61,$183,$106,$89,89,$0.69,$0.68,$6,$82,$220,$463,$6434,$0,$0,$91,$7064,$7527,$577,$2200,$1456,$4606,$5183,$1201,$1150,$-7,$2344,$7527,$193,$321,$50,$371,$-9,$0,$15,$21,$27,$553,$-584,$0,$0,$0,$2,$2,$-3,$-585,$151,$0,$151,$0,$0,$-110,$-7,$34,$2,$0,$-110
8,2016-09-30,40.36,$25.98,1.55,$21.66,1.86,$0.11,366.28,$2.05,19.69,$0.48B,$0.45B,1.06,$2.33B,$2.31B,1.01,$1.90B,$1.00B,52.63%,$1.90B,$0.31B,16.39%,$1.90B,$0.31B,16.39%,$1.90B,$0.63B,33.35%,$1.90B,$0.23B,11.96%,$1.90B,$0.18B,9.64%,$0.18B,$2.31B,7.99%,$0.18B,$2.31B,7.99%,$0.18B,$7.46B,2.49%,$0.31B,$4.64B,6.88%,$484,$249,$235,$0,$92,$420,$64,$-24,$40,$6,$34,$34,$34,$143,$64,$89,89,$0.38,$0.38,$88,$82,$166,$476,$6340,$0,$0,$83,$6979,$7455,$448,$2325,$1461,$4697,$5145,$1199,$1118,$-7,$2310,$7455,$132,$244,$28,$272,$0,$1,$31,$37,$122,$497,$-454,$0,$0,$0,$1,$1,$-1,$-454,$132,$-6,$126,$0,$0,$-82,$-3,$41,$84,$0,$-82
9,2016-06-30,41.51,$25.90,1.6,$21.58,1.92,$-0.52,0.0,$2.07,20.05,$0.51B,$0.44B,1.16,$2.32B,$2.30B,1.01,$1.89B,$1.00B,52.65%,$1.89B,$0.32B,16.67%,$1.89B,$0.32B,16.67%,$1.89B,$0.63B,33.54%,$1.89B,$0.23B,12.22%,$1.89B,$0.19B,9.79%,$0.19B,$2.30B,8.15%,$0.19B,$2.30B,8.15%,$0.19B,$7.45B,2.53%,$0.32B,$4.63B,7.05%,$428,$190,$238,$0,$91,$364,$64,$-18,$46,$9,$37,$37,$37,$147,$64,$89,89,$0.42,$0.42,$93,$87,$208,$512,$6284,$0,$0,$84,$6934,$7446,$442,$2324,$1464,$4701,$5143,$1198,$1113,$-8,$2303,$7446,$98,$165,$43,$208,$59,$-4,$-13,$9,$51,$338,$-319,$0,$0,$0,$0,$0,$0,$-319,$132,$-6,$126,$0,$0,$-53,$-3,$70,$89,$0,$-53
10,2016-03-31,36.88,$25.77,1.43,$22.33,1.65,$-1.54,0.0,$2.09,17.64,$0.54B,$0.51B,1.06,$2.20B,$2.29B,0.96,$1.91B,$0.99B,51.94%,$1.91B,$0.32B,16.89%,$1.91B,$0.32B,16.89%,$1.91B,$0.64B,33.21%,$1.91B,$0.24B,12.29%,$1.91B,$0.18B,9.57%,$0.18B,$2.29B,8.13%,$0.18B,$2.29B,8.13%,$0.18B,$7.34B,2.53%,$0.32B,$4.49B,7.31%,$487,$215,$272,$0,$91,$388,$99,$-21,$78,$17,$61,$61,$61,$181,$99,$89,89,$0.68,$0.68,$4,$82,$321,$537,$6160,$0,$0,$80,$6807,$7344,$508,$2199,$1439,$4545,$5053,$1195,$1104,$-8,$2291,$7344,$61,$82,$18,$100,$46,$1,$-11,$-23,$13,$161,$-131,$0,$0,$0,$0,$0,$-2,$-133,$7,$-6,$1,$0,$0,$-27,$-2,$-28,$0,$0,$-27
11,2015-12-31,33.7,$25.43,1.33,$22.66,1.49,$-2.42,0.0,$2.03,16.6,$0.56B,$0.63B,0.89,$2.06B,$2.26B,0.91,$1.90B,$0.97B,51.16%,$1.90B,$0.31B,16.28%,$1.90B,$0.31B,16.28%,$1.90B,$0.61B,32.35%,$1.90B,$0.22B,11.43%,$1.90B,$0.17B,9.06%,$0.17B,$2.26B,7.95%,$0.17B,$2.26B,7.95%,$0.17B,$7.21B,2.40%,$0.31B,$4.32B,7.16%,$499,$245,$254,$0,$92,$415,$84,$-21,$63,$12,$51,$51,$51,$162,$84,$84,84,$0.57,$0.58,$4,$83,$312,$557,$6012,$0,$0,$77,$6653,$7210,$626,$2060,$1375,$4326,$4952,$1196,$1070,$-8,$2258,$7210,$172,$305,$95,$400,$-11,$0,$6,$-26,$-31,$520,$-598,$0,$0,$0,$3,$3,$73,$-522,$-291,$0,$-291,$271,$271,$-97,$-4,$-121,$-123,$0,$-97
12,2015-09-30,33.98,$25.14,1.35,$22.95,1.48,$-7.54,0.0,$2.01,16.91,$0.61B,$0.47B,1.3,$2.20B,$2.23B,0.99,$1.90B,$0.96B,50.34%,$1.90B,$0.30B,15.64%,$1.90B,$0.30B,15.64%,$1.90B,$0.60B,31.65%,$1.90B,$0.21B,11.16%,$1.90B,$0.16B,8.64%,$0.16B,$2.23B,7.90%,$0.16B,$2.23B,7.90%,$0.16B,$7.20B,2.30%,$0.30B,$4.44B,7.00%,$476,$245,$231,$0,$87,$408,$68,$-24,$44,$8,$36,$36,$36,$144,$68,$89,89,$0.40,$0.40,$92,$94,$286,$605,$5920,$0,$0,$85,$6592,$7197,$465,$2204,$1386,$4500,$4965,$1193,$1046,$-7,$2232,$7197,$121,$227,$70,$297,$37,$-12,$13,$6,$44,$439,$-452,$0,$0,$0,$1,$1,$74,$-377,$-297,$0,$-297,$271,$271,$-70,$-1,$-97,$-35,$0,$-70
13,2015-06-30,30.22,$25.02,1.21,$23.62,1.28,$-11.72,0.0,$2.08,14.53,$0.65B,$0.51B,1.27,$2.20B,$2.22B,0.99,$1.91B,$0.95B,49.66%,$1.91B,$0.29B,15.42%,$1.91B,$0.29B,15.42%,$1.91B,$0.60B,31.36%,$1.91B,$0.22B,11.64%,$1.91B,$0.17B,8.76%,$0.17B,$2.22B,8.39%,$0.17B,$2.22B,8.39%,$0.17B,$7.20B,2.39%,$0.29B,$4.43B,7.05%,$450,$214,$236,$0,$88,$378,$72,$-22,$50,$15,$35,$35,$35,$148,$72,$81,81,$0.44,$0.44,$122,$101,$301,$646,$5874,$0,$0,$86,$6552,$7198,$509,$2204,$1373,$4468,$4977,$1191,$1037,$-7,$2221,$7198,$85,$151,$45,$196,$32,$-19,$-22,$-10,$-19,$248,$-313,$0,$0,$0,$0,$0,$75,$-238,$-242,$0,$-242,$271,$271,$-44,$0,$-15,$-5,$0,$-44
14,2015-03-31,33.51,$24.75,1.35,$23.33,1.44,$-13.35,0.0,$2.07,16.19,$0.58B,$0.81B,0.72,$2.13B,$1.94B,1.1,$1.88B,$0.93B,49.20%,$1.88B,$0.28B,14.89%,$1.88B,$0.28B,14.89%,$1.88B,$0.58B,30.90%,$1.88B,$0.22B,11.54%,$1.88B,$0.17B,8.88%,$0.17B,$1.94B,8.78%,$0.17B,$1.94B,8.78%,$0.17B,$7.09B,2.46%,$0.28B,$4.07B,6.92%,$473,$223,$250,$0,$90,$388,$85,$-25,$60,$10,$50,$50,$50,$160,$85,$78,81,$0.64,$0.62,$27,$95,$333,$584,$5789,$0,$0,$83,$6507,$7091,$809,$2134,$1334,$4343,$5152,$918,$1028,$-7,$1939,$7091,$50,$75,$24,$99,$37,$-13,$-1,$-33,$-10,$134,$-178,$0,$0,$0,$-1,$-1,$12,$-167,$-45,$0,$-45,$0,$0,$-22,$0,$-67,$-100,$0,$-22
15,2014-12-31,33.92,$24.43,1.39,$23.68,1.43,$-13.10,0.0,$2.18,15.56,$0.70B,$0.87B,0.8,$2.13B,$1.91B,1.11,$1.90B,$0.93B,48.95%,$1.90B,$0.29B,15.42%,$1.90B,$0.29B,15.42%,$1.90B,$0.59B,31.26%,$1.90B,$0.24B,12.37%,$1.90B,$0.18B,9.21%,$0.18B,$1.91B,9.30%,$0.18B,$1.91B,9.30%,$0.18B,$7.04B,2.66%,$0.29B,$4.04B,7.41%,$500,$261,$239,$0,$90,$428,$72,$-14,$58,$15,$43,$43,$43,$149,$72,$78,80,$0.58,$0.55,$127,$82,$341,$699,$5679,$0,$0,$80,$6343,$7042,$873,$2126,$1270,$4258,$5131,$918,$1000,$-7,$1911,$7042,$174,$301,$122,$423,$8,$0,$-13,$-51,$-56,$520,$-1007,$0,$8,$0,$-2,$-2,$7,$-994,$585,$0,$585,$0,$0,$-87,$-4,$494,$20,$0,$-87
16,2014-09-30,28.59,$24.15,1.18,$23.92,1.2,$-8.50,0.0,$2.22,12.88,$0.54B,$0.48B,1.12,$2.25B,$1.89B,1.19,$1.90B,$0.92B,48.18%,$1.90B,$0.30B,15.69%,$1.90B,$0.30B,15.69%,$1.90B,$0.58B,30.75%,$1.90B,$0.24B,12.37%,$1.90B,$0.18B,9.43%,$0.18B,$1.89B,9.63%,$0.18B,$1.89B,9.63%,$0.18B,$6.66B,2.83%,$0.30B,$4.14B,7.68%,$484,$262,$222,$0,$81,$419,$65,$-11,$54,$16,$38,$38,$39,$141,$65,$78,80,$0.48,$0.47,$97,$84,$205,$542,$5553,$0,$0,$77,$6115,$6657,$482,$2251,$1246,$4286,$4768,$916,$978,$-5,$1889,$6657,$131,$224,$100,$324,$32,$-18,$18,$-6,$26,$473,$-820,$0,$0,$0,$-2,$-2,$1,$-821,$405,$0,$405,$0,$0,$-66,$-1,$338,$-10,$0,$-66
17,2014-06-30,30.59,$23.94,1.28,$23.44,1.31,$-4.09,0.0,$2.15,14.23,$0.51B,$0.46B,1.12,$2.07B,$1.87B,1.11,$1.85B,$0.88B,47.78%,$1.85B,$0.29B,15.46%,$1.85B,$0.29B,15.46%,$1.85B,$0.56B,30.16%,$1.85B,$0.22B,11.68%,$1.85B,$0.17B,9.24%,$0.17B,$1.87B,9.32%,$0.17B,$1.87B,9.32%,$0.17B,$6.40B,2.79%,$0.29B,$3.94B,7.66%,$423,$209,$214,$0,$83,$365,$58,$-13,$45,$10,$35,$35,$35,$131,$58,$78,80,$0.44,$0.43,$97,$85,$210,$513,$5324,$0,$0,$80,$5886,$6399,$457,$2071,$1226,$4070,$4527,$914,$962,$-5,$1872,$6399,$93,$148,$51,$199,$55,$-20,$-29,$13,$19,$302,$-497,$0,$0,$0,$-1,$-1,$4,$-494,$225,$0,$225,$0,$0,$-43,$0,$182,$-10,$0,$-43
18,2014-03-31,28.3,$23.75,1.19,$23.46,1.21,$-1.41,0.0,$1.43,19.79,$0.55B,$0.45B,1.22,$1.85B,$1.86B,0.99,$1.83B,$0.85B,46.61%,$1.83B,$0.22B,11.86%,$1.83B,$0.22B,11.86%,$1.83B,$0.48B,26.12%,$1.83B,$0.14B,7.54%,$1.83B,$0.11B,6.23%,$0.11B,$1.86B,6.31%,$0.11B,$1.86B,6.31%,$0.11B,$6.17B,1.90%,$0.22B,$3.70B,6.01%,$493,$238,$255,$0,$82,$395,$98,$-20,$78,$20,$58,$58,$58,$173,$98,$79,80,$0.74,$0.73,$64,$64,$263,$549,$5009,$0,$0,$80,$5620,$6169,$451,$1846,$1253,$3861,$4312,$912,$949,$-5,$1857,$6169,$58,$75,$46,$121,$14,$2,$-6,$-29,$-19,$158,$-181,$0,$0,$0,$0,$0,$2,$-179,$0,$0,$0,$0,$0,$-22,$0,$-22,$-43,$0,$-22
19,2013-12-31,26.21,$23.31,1.12,$23.56,1.11,$-0.37,0.0,$1.35,19.41,$0.59B,$0.39B,1.5,$1.92B,$1.82B,1.05,$1.81B,$0.83B,45.75%,$1.81B,$0.21B,11.38%,$1.81B,$0.21B,11.38%,$1.81B,$0.45B,25.08%,$1.81B,$0.13B,6.91%,$1.81B,$0.11B,5.80%,$0.11B,$1.82B,5.89%,$0.11B,$1.82B,5.89%,$0.11B,$6.10B,1.79%,$0.21B,$3.74B,5.87%,$499,$275,$224,$0,$85,$422,$77,$-19,$58,$11,$47,$47,$47,$139,$77,$77,77,$0.60,$0.59,$107,$65,$273,$591,$4880,$0,$0,$84,$5510,$6101,$393,$1916,$1232,$3888,$4281,$911,$913,$-5,$1820,$6101,$104,$248,$104,$352,$0,$0,$14,$54,$68,$544,$-656,$0,$0,$0,$-1,$-1,$-35,$-692,$263,$0,$263,$67,$67,$-84,$-3,$243,$95,$0,$-84
20,2013-09-30,24.05,$22.97,1.05,$23.23,1.04,$3.74,6.44,$1.14,21.1,$0.57B,$0.38B,1.49,$1.76B,$1.79B,0.98,$1.77B,$0.82B,46.00%,$1.77B,$0.20B,11.27%,$1.77B,$0.20B,11.27%,$1.77B,$0.45B,25.14%,$1.77B,$0.12B,6.54%,$1.77B,$0.09B,4.85%,$0.09B,$1.79B,4.88%,$0.09B,$1.79B,4.88%,$0.09B,$5.89B,1.49%,$0.20B,$3.55B,5.90%,$435,$244,$191,$0,$76,$382,$53,$-18,$35,$4,$31,$31,$31,$115,$53,$78,78,$0.40,$0.40,$91,$72,$265,$565,$4659,$0,$0,$81,$5326,$5891,$380,$1761,$1139,$3718,$4098,$910,$888,$-6,$1793,$5891,$57,$186,$92,$278,$47,$0,$13,$34,$94,$459,$-453,$0,$0,$0,$-1,$-1,$-37,$-491,$108,$0,$108,$67,$67,$-62,$-2,$111,$79,$0,$-62
21,2013-06-30,25.57,$22.78,1.12,$23.63,1.08,$6.73,3.8,$1.24,20.62,$0.63B,$0.44B,1.44,$1.69B,$1.76B,0.96,$1.79B,$0.84B,47.18%,$1.79B,$0.23B,12.80%,$1.79B,$0.23B,12.80%,$1.79B,$0.48B,26.61%,$1.79B,$0.14B,7.66%,$1.79B,$0.09B,5.20%,$0.09B,$1.76B,5.34%,$0.09B,$1.76B,5.34%,$0.09B,$5.80B,1.63%,$0.23B,$3.45B,6.91%,$403,$220,$183,$0,$80,$414,$-11,$-22,$-33,$-11,$-22,$-22,$-22,$51,$-11,$76,76,$-0.29,$-0.29,$119,$72,$299,$627,$4532,$0,$0,$81,$5169,$5796,$435,$1686,$1091,$3599,$4034,$889,$878,$-6,$1762,$5796,$26,$124,$87,$211,$39,$0,$-13,$19,$45,$279,$-260,$0,$0,$0,$-1,$-1,$2,$-259,$83,$0,$83,$47,$47,$-41,$-2,$87,$107,$0,$-41
22,2013-03-31,24.89,$23.23,1.07,$23.79,1.05,$8.20,3.03,$1.87,13.31,$0.56B,$0.46B,1.23,$1.54B,$1.76B,0.87,$1.80B,$0.87B,48.19%,$1.80B,$0.30B,16.73%,$1.80B,$0.30B,16.73%,$1.80B,$0.55B,30.52%,$1.80B,$0.21B,11.40%,$1.80B,$0.14B,7.84%,$0.14B,$1.76B,8.16%,$0.14B,$1.76B,8.16%,$0.14B,$5.66B,2.47%,$0.30B,$3.29B,9.19%,$473,$243,$230,$0,$81,$386,$87,$-22,$65,$17,$48,$48,$49,$149,$87,$76,76,$0.65,$0.65,$33,$77,$310,$564,$4449,$0,$0,$86,$5097,$5661,$460,$1536,$1072,$3443,$3903,$841,$922,$-6,$1758,$5661,$48,$62,$31,$93,$29,$0,$-4,$1,$26,$165,$-108,$0,$0,$0,$-1,$-1,$2,$-107,$-17,$0,$-17,$0,$0,$-20,$0,$-37,$21,$0,$-20
23,2012-12-31,22.05,$22.90,0.96,$23.90,0.92,$7.99,2.76,$1.87,11.79,$0.62B,$0.52B,1.19,$1.54B,$1.73B,0.89,$1.81B,$0.87B,48.09%,$1.81B,$0.30B,16.73%,$1.81B,$0.30B,16.73%,$1.81B,$0.55B,30.47%,$1.81B,$0.20B,11.30%,$1.81B,$0.14B,7.81%,$0.14B,$1.73B,8.24%,$0.14B,$1.73B,8.24%,$0.14B,$5.67B,2.46%,$0.30B,$3.27B,9.19%,$463,$251,$212,$0,$81,$392,$71,$-22,$49,$21,$28,$28,$28,$131,$71,$75,76,$0.38,$0.38,$12,$78,$380,$622,$4392,$0,$0,$94,$5048,$5670,$521,$1536,$1048,$3419,$3940,$841,$893,$-6,$1730,$5670,$140,$248,$74,$322,$-4,$0,$1,$35,$40,$494,$-293,$0,$0,$0,$-3,$-3,$2,$-294,$-113,$0,$-113,$0,$0,$-81,$0,$-194,$6,$0,$-81
24,2012-09-30,21.37,$22.76,0.94,$24.13,0.89,$7.37,2.9,$1.88,11.37,$0.78B,$0.65B,1.21,$1.54B,$1.72B,0.89,$1.82B,$0.87B,47.56%,$1.82B,$0.30B,16.47%,$1.82B,$0.30B,16.47%,$1.82B,$0.55B,29.93%,$1.82B,$0.20B,10.98%,$1.82B,$0.14B,7.80%,$0.14B,$1.72B,8.38%,$0.14B,$1.72B,8.38%,$0.14B,$5.76B,2.47%,$0.30B,$3.26B,9.11%,$450,$231,$219,$0,$74,$368,$82,$-26,$56,$19,$37,$37,$38,$145,$82,$76,76,$0.50,$0.50,$156,$78,$381,$784,$4351,$0,$0,$95,$4973,$5757,$648,$1536,$1055,$3390,$4038,$838,$885,$-6,$1719,$5757,$112,$188,$103,$291,$41,$0,$-42,$46,$53,$450,$-218,$0,$0,$0,$9,$9,$0,$-209,$-30,$0,$-30,$0,$0,$-61,$0,$-91,$150,$0,$-61
25,2012-06-30,20.66,$22.52,0.92,$24.00,0.86,$6.74,3.07,$1.74,11.87,$0.73B,$0.57B,1.29,$1.59B,$1.70B,0.93,$1.81B,$0.85B,47.18%,$1.81B,$0.29B,15.80%,$1.81B,$0.29B,15.80%,$1.81B,$0.53B,29.12%,$1.81B,$0.18B,10.06%,$1.81B,$0.13B,7.24%,$0.13B,$1.70B,7.80%,$0.13B,$1.70B,7.80%,$0.13B,$5.70B,2.29%,$0.29B,$3.29B,8.56%,$413,$207,$206,$0,$82,$352,$61,$-26,$35,$9,$26,$26,$26,$124,$61,$76,76,$0.34,$0.34,$74,$80,$402,$728,$4317,$0,$0,$92,$4974,$5702,$566,$1586,$1077,$3435,$4001,$837,$867,$-6,$1701,$5702,$75,$125,$75,$200,$42,$0,$-57,$0,$-7,$267,$-137,$0,$0,$0,$10,$10,$-1,$-128,$-30,$0,$-30,$0,$0,$-41,$0,$-71,$68,$0,$-41
26,2012-03-31,18.96,$22.45,0.84,$23.98,0.79,$6.89,2.75,$1.69,11.22,$0.78B,$0.59B,1.33,$1.64B,$1.70B,0.97,$1.81B,$0.84B,46.18%,$1.81B,$0.28B,15.60%,$1.81B,$0.28B,15.60%,$1.81B,$0.52B,28.48%,$1.81B,$0.18B,9.85%,$1.81B,$0.13B,7.02%,$0.13B,$1.70B,7.62%,$0.13B,$1.70B,7.62%,$0.13B,$5.79B,2.24%,$0.28B,$3.33B,8.34%,$479,$248,$231,$0,$81,$391,$88,$-24,$64,$15,$49,$49,$49,$150,$88,$75,75,$0.65,$0.65,$8,$81,$496,$780,$4288,$0,$0,$97,$5009,$5789,$588,$1635,$1117,$3506,$4094,$836,$862,$-6,$1695,$5789,$49,$62,$44,$106,$9,$0,$-18,$-42,$-43,$110,$-69,$0,$0,$0,$10,$10,$1,$-58,$-30,$0,$-30,$0,$0,$-20,$0,$-50,$2,$0,$-20
27,2011-12-31,18.78,$22.11,0.85,$24.06,0.78,$7.36,2.55,$1.96,9.58,$0.72B,$0.61B,1.17,$1.64B,$1.67B,0.98,$1.81B,$0.85B,46.99%,$1.81B,$0.31B,17.04%,$1.81B,$0.31B,17.04%,$1.81B,$0.54B,29.56%,$1.81B,$0.21B,11.31%,$1.81B,$0.15B,8.11%,$0.15B,$1.67B,8.89%,$0.15B,$1.67B,8.89%,$0.15B,$5.73B,2.63%,$0.31B,$3.30B,9.06%,$479,$269,$210,$0,$84,$410,$69,$-24,$45,$16,$29,$29,$29,$126,$69,$75,75,$0.38,$0.38,$6,$71,$495,$716,$4285,$0,$0,$101,$5017,$5733,$614,$1635,$1094,$3453,$4067,$836,$833,$-6,$1666,$5733,$147,$227,$137,$364,$-15,$0,$5,$-9,$-10,$453,$-300,$0,$0,$0,$-4,$-4,$5,$-299,$-69,$0,$-69,$0,$0,$-79,$-4,$-152,$2,$0,$-79
28,2011-09-30,17.23,$21.98,0.78,$23.74,0.73,$4.55,3.79,$1.91,9.02,$0.74B,$0.51B,1.45,$1.80B,$1.66B,1.09,$1.79B,$0.83B,46.62%,$1.79B,$0.30B,16.71%,$1.79B,$0.30B,16.71%,$1.79B,$0.53B,29.85%,$1.79B,$0.20B,10.90%,$1.79B,$0.14B,7.99%,$0.14B,$1.66B,8.74%,$0.14B,$1.66B,8.74%,$0.14B,$5.61B,2.58%,$0.30B,$3.45B,8.70%,$439,$232,$207,$0,$80,$371,$68,$-30,$38,$11,$27,$27,$27,$127,$68,$75,75,$0.36,$0.36,$97,$69,$438,$740,$4255,$0,$0,$98,$4871,$5611,$511,$1798,$1064,$3444,$3955,$833,$825,$-5,$1656,$5611,$118,$170,$109,$279,$22,$0,$3,$13,$46,$399,$-215,$0,$0,$0,$-2,$-2,$3,$-214,$-29,$0,$-29,$0,$0,$-59,$-4,$-92,$93,$0,$-59
29,2011-06-30,17.97,$21.87,0.82,$24.08,0.75,$1.22,14.74,$2.20,8.17,$0.65B,$0.42B,1.54,$1.80B,$1.65B,1.09,$1.81B,$0.85B,46.64%,$1.81B,$0.32B,17.70%,$1.81B,$0.32B,17.70%,$1.81B,$0.56B,30.65%,$1.81B,$0.23B,12.51%,$1.81B,$0.17B,9.10%,$0.17B,$1.65B,10.19%,$0.17B,$1.65B,10.19%,$0.17B,$5.50B,2.98%,$0.32B,$3.45B,9.39%,$411,$224,$187,$0,$75,$354,$57,$-26,$31,$9,$22,$22,$22,$112,$57,$75,75,$0.29,$0.29,$72,$61,$384,$651,$4227,$0,$0,$108,$4852,$5503,$423,$1798,$1036,$3432,$3855,$832,$818,$-5,$1648,$5503,$91,$111,$77,$188,$28,$0,$-16,$11,$31,$279,$-138,$0,$0,$0,$-2,$-2,$1,$-139,$-29,$0,$-29,$0,$0,$-39,$-4,$-72,$68,$0,$-39
30,2011-03-31,16.55,$21.84,0.76,$24.14,0.69,$-0.89,0.0,$2.23,7.42,$0.69B,$0.45B,1.54,$1.80B,$1.65B,1.09,$1.82B,$0.84B,46.31%,$1.82B,$0.32B,17.66%,$1.82B,$0.32B,17.66%,$1.82B,$0.56B,30.69%,$1.82B,$0.23B,12.54%,$1.82B,$0.17B,9.19%,$0.17B,$1.65B,10.46%,$0.17B,$1.65B,10.46%,$0.17B,$5.54B,3.03%,$0.32B,$3.44B,9.44%,$484,$236,$248,$0,$77,$369,$115,$-24,$91,$22,$69,$69,$69,$171,$115,$75,75,$0.92,$0.92,$27,$56,$450,$689,$4179,$0,$0,$121,$4846,$5535,$447,$1798,$1036,$3443,$3890,$832,$815,$-5,$1645,$5535,$69,$56,$38,$94,$-1,$0,$-10,$-14,$-17,$146,$-69,$0,$0,$0,$-1,$-1,$0,$-70,$-29,$0,$-29,$0,$0,$-20,$-4,$-53,$23,$0,$-20
31,2010-12-31,14.78,$21.23,0.7,$23.68,0.62,$-2.23,0.0,$1.67,8.85,$0.66B,$0.49B,1.35,$1.80B,$1.60B,1.12,$1.78B,$0.78B,43.75%,$1.78B,$0.27B,14.97%,$1.78B,$0.27B,14.97%,$1.78B,$0.51B,28.32%,$1.78B,$0.17B,9.76%,$1.78B,$0.13B,7.01%,$0.13B,$1.60B,7.95%,$0.13B,$1.60B,7.95%,$0.13B,$5.49B,2.28%,$0.27B,$3.40B,7.94%,$455,$263,$192,$0,$68,$396,$59,$-24,$35,$13,$22,$22,$25,$124,$59,$75,75,$0.33,$0.33,$4,$56,$464,$661,$4133,$0,$0,$119,$4830,$5491,$489,$1798,$1020,$3403,$3892,$831,$766,$-5,$1599,$5491,$121,$238,$76,$314,$24,$0,$-11,$-37,$7,$391,$-450,$0,$0,$0,$4,$4,$16,$-430,$82,$0,$82,$0,$0,$-78,$8,$12,$-27,$0,$-78
32,2010-09-30,13.49,$21.05,0.64,$24.30,0.56,$-5.70,0.0,$1.44,9.37,$0.75B,$0.52B,1.44,$1.81B,$1.59B,1.14,$1.81B,$0.74B,40.93%,$1.81B,$0.25B,13.57%,$1.81B,$0.25B,13.57%,$1.81B,$0.47B,25.92%,$1.81B,$0.15B,8.33%,$1.81B,$0.11B,5.96%,$0.11B,$1.59B,6.93%,$0.11B,$1.59B,6.93%,$0.11B,$5.62B,2.00%,$0.25B,$3.39B,7.48%,$464,$245,$219,$0,$70,$374,$90,$-20,$70,$22,$48,$48,$49,$149,$90,$75,75,$0.65,$0.65,$7,$57,$475,$750,$4114,$0,$0,$115,$4867,$5617,$520,$1808,$1089,$3512,$4032,$830,$760,$-5,$1585,$5617,$99,$173,$67,$240,$54,$0,$-16,$-68,$23,$317,$-384,$0,$0,$0,$2,$2,$18,$-364,$63,$20,$83,$0,$0,$-58,$-2,$23,$-24,$0,$-58
33,2010-06-30,11.89,$20.68,0.57,$24.05,0.49,$-7.03,0.0,$1.22,9.74,$0.69B,$0.42B,1.62,$1.81B,$1.56B,1.16,$1.79B,$0.70B,39.07%,$1.79B,$0.22B,12.15%,$1.79B,$0.22B,12.15%,$1.79B,$0.44B,24.30%,$1.79B,$0.13B,7.13%,$1.79B,$0.09B,5.07%,$0.09B,$1.56B,5.86%,$0.09B,$1.56B,5.86%,$0.09B,$5.40B,1.71%,$0.22B,$3.37B,6.85%,$415,$232,$183,$0,$69,$358,$57,$-25,$32,$8,$24,$24,$24,$114,$57,$75,75,$0.32,$0.32,$63,$62,$373,$685,$4052,$0,$0,$110,$4719,$5404,$424,$1808,$1023,$3423,$3847,$830,$731,$-5,$1557,$5404,$51,$114,$55,$169,$59,$0,$-37,$-38,$37,$246,$-264,$0,$0,$0,$1,$1,$18,$-245,$63,$8,$71,$0,$0,$-38,$-2,$31,$32,$0,$-38
34,2010-03-31,12.18,$20.54,0.59,$23.71,0.51,$-9.12,0.0,$1.22,9.99,$0.79B,$0.54B,1.48,$1.75B,$1.55B,1.13,$1.77B,$0.68B,38.46%,$1.77B,$0.21B,11.65%,$1.77B,$0.21B,11.65%,$1.77B,$0.42B,23.59%,$1.77B,$0.13B,7.07%,$1.77B,$0.09B,5.15%,$0.09B,$1.55B,5.88%,$0.09B,$1.55B,5.88%,$0.09B,$5.44B,1.72%,$0.21B,$3.30B,6.69%,$449,$263,$186,$0,$68,$388,$61,$-24,$37,$10,$27,$27,$27,$118,$61,$75,75,$0.36,$0.36,$52,$53,$491,$794,$3964,$0,$0,$114,$4642,$5436,$535,$1750,$1029,$3349,$3884,$829,$727,$-5,$1552,$5436,$27,$57,$20,$77,$33,$0,$-11,$-50,$-28,$68,$-92,$0,$0,$0,$1,$1,$18,$-73,$42,$4,$46,$0,$0,$-19,$-1,$26,$21,$0,$-19
35,2009-12-31,12.54,$20.52,0.61,$25.14,0.5,$-9.58,0.0,$1.33,9.43,$0.69B,$0.62B,1.11,$1.56B,$1.54B,1.01,$1.80B,$0.68B,37.80%,$1.80B,$0.21B,11.53%,$1.80B,$0.21B,11.53%,$1.80B,$0.42B,23.23%,$1.80B,$0.13B,6.93%,$1.80B,$0.10B,5.27%,$0.10B,$1.54B,6.15%,$0.10B,$1.54B,6.15%,$0.10B,$5.17B,1.82%,$0.21B,$3.10B,7.03%,$485,$331,$154,$0,$65,$447,$38,$-26,$12,$4,$8,$8,$8,$89,$38,$73,73,$0.10,$0.10,$31,$58,$442,$690,$3858,$0,$0,$109,$4482,$5172,$620,$1558,$952,$3009,$3629,$829,$719,$-6,$1543,$5172,$89,$211,$64,$275,$11,$0,$-16,$83,$25,$386,$-696,$0,$0,$0,$0,$0,$-4,$-700,$373,$-138,$235,$170,$170,$-72,$2,$335,$21,$0,$-72
36,2009-09-30,11.82,$20.68,0.57,$25.65,0.46,$-8.52,0.0,$1.54,7.68,$0.77B,$0.75B,1.02,$1.41B,$1.56B,0.91,$1.77B,$0.71B,39.99%,$1.77B,$0.23B,12.84%,$1.77B,$0.23B,12.84%,$1.77B,$0.44B,24.94%,$1.77B,$0.14B,7.98%,$1.77B,$0.11B,6.05%,$0.11B,$1.56B,7.15%,$0.11B,$1.56B,7.15%,$0.11B,$5.25B,2.08%,$0.23B,$2.96B,8.07%,$445,$267,$178,$0,$63,$383,$62,$-15,$47,$16,$31,$31,$32,$115,$62,$75,75,$0.43,$0.43,$46,$72,$418,$765,$3800,$0,$0,$104,$4487,$5252,$747,$1408,$957,$2950,$3697,$829,$730,$-5,$1555,$5252,$81,$160,$16,$176,$61,$0,$-51,$105,$115,$377,$-544,$0,$0,$0,$-1,$-1,$-1,$-546,$288,$-203,$85,$170,$170,$-53,$3,$205,$36,$0,$-53
37,2009-06-30,11.39,$20.55,0.55,$26.13,0.44,$-7.24,0.0,$1.11,10.26,$0.89B,$0.76B,1.17,$1.41B,$1.54B,0.91,$1.72B,$0.67B,39.00%,$1.72B,$0.19B,10.80%,$1.72B,$0.19B,10.80%,$1.72B,$0.40B,23.27%,$1.72B,$0.09B,5.40%,$1.72B,$0.08B,4.35%,$0.08B,$1.54B,5.18%,$0.08B,$1.54B,5.18%,$0.08B,$5.28B,1.51%,$0.19B,$2.95B,6.88%,$389,$227,$162,$0,$67,$344,$45,$-16,$29,$3,$26,$26,$24,$95,$45,$75,75,$0.31,$0.31,$58,$75,$489,$892,$3662,$0,$0,$98,$4392,$5284,$764,$1408,$978,$2976,$3740,$830,$717,$-5,$1544,$5284,$50,$107,$13,$120,$51,$0,$-56,$55,$50,$220,$-395,$0,$0,$0,$0,$0,$-1,$-396,$288,$-203,$85,$170,$170,$-34,$3,$224,$48,$0,$-34
38,2009-03-31,10.01,$20.46,0.49,$27.75,0.36,$-2.33,0.0,$1.42,7.05,$0.94B,$0.84B,1.12,$1.29B,$1.54B,0.84,$1.76B,$0.70B,40.02%,$1.76B,$0.22B,12.34%,$1.76B,$0.22B,12.34%,$1.76B,$0.43B,24.56%,$1.76B,$0.12B,6.82%,$1.76B,$0.09B,5.12%,$0.09B,$1.54B,6.43%,$0.09B,$1.54B,6.43%,$0.09B,$5.19B,1.87%,$0.22B,$2.82B,8.36%,$485,$297,$188,$0,$68,$422,$63,$-26,$37,$13,$24,$24,$31,$120,$63,$66,66,$0.47,$0.47,$47,$72,$625,$940,$3440,$0,$0,$82,$4247,$5187,$839,$1287,$1023,$2811,$3650,$829,$713,$-5,$1537,$5187,$24,$57,$9,$66,$19,$0,$-35,$-39,$-55,$40,$-91,$0,$0,$0,$0,$0,$0,$-91,$130,$-203,$-73,$170,$170,$-15,$6,$88,$37,$0,$-15
39,2008-12-31,10.79,$21.64,0.5,$27.88,0.39,$-0.81,0.0,$1.39,7.76,$0.82B,$0.89B,0.92,$1.16B,$1.35B,0.86,$1.75B,$0.70B,40.00%,$1.75B,$0.22B,12.44%,$1.75B,$0.22B,12.44%,$1.75B,$0.43B,24.36%,$1.75B,$0.12B,6.99%,$1.75B,$0.09B,4.99%,$0.09B,$1.35B,6.45%,$0.09B,$1.35B,6.45%,$0.09B,$4.89B,1.90%,$0.22B,$2.52B,8.56%,$449,$270,$179,$0,$68,$392,$57,$-29,$28,$8,$20,$20,$20,$111,$57,$63,63,$0.32,$0.32,$10,$71,$571,$820,$3301,$0,$0,$91,$4069,$4889,$889,$1164,$1004,$2646,$3535,$659,$700,$-5,$1354,$4889,$87,$208,$65,$273,$6,$0,$-11,$-171,$-176,$183,$-383,$0,$0,$0,$4,$4,$-3,$-382,$59,$138,$197,$0,$0,$-60,$-1,$136,$-63,$0,$-60
40,2008-09-30,12.76,$21.64,0.59,$28.22,0.45,$0.61,21.05,$1.47,8.68,$0.63B,$0.72B,0.87,$1.16B,$1.35B,0.86,$1.77B,$0.69B,39.01%,$1.77B,$0.22B,12.17%,$1.77B,$0.22B,12.17%,$1.77B,$0.42B,23.56%,$1.77B,$0.13B,7.36%,$1.77B,$0.09B,5.15%,$0.09B,$1.35B,6.80%,$0.09B,$1.35B,6.80%,$0.09B,$4.48B,2.07%,$0.22B,$2.52B,8.39%,$400,$257,$143,$0,$68,$379,$21,$-22,$-1,$-1,$0,$0,$0,$75,$21,$63,63,$0.00,$0.00,$5,$69,$343,$627,$3236,$0,$0,$140,$3848,$4475,$721,$1164,$894,$2400,$3121,$662,$696,$-4,$1354,$4475,$67,$154,$74,$228,$66,$0,$-10,$-120,$-64,$222,$-281,$0,$0,$0,$3,$3,$1,$-277,$-6,$38,$32,$0,$0,$-45,$0,$-13,$-68,$0,$-45
41,2008-06-30,11.9,$21.66,0.55,$28.79,0.41,$0.59,20.19,$1.79,6.65,$1.07B,$0.79B,1.35,$1.16B,$1.36B,0.86,$1.80B,$0.70B,39.03%,$1.80B,$0.24B,13.27%,$1.80B,$0.24B,13.27%,$1.80B,$0.43B,23.99%,$1.80B,$0.16B,9.05%,$1.80B,$0.11B,6.16%,$0.11B,$1.36B,8.37%,$0.11B,$1.36B,8.37%,$0.11B,$4.69B,2.59%,$0.24B,$2.52B,9.30%,$425,$231,$194,$0,$68,$349,$76,$-20,$56,$17,$39,$39,$39,$126,$76,$63,63,$0.63,$0.63,$202,$72,$643,$1068,$3188,$0,$0,$144,$3626,$4694,$794,$1164,$1243,$2545,$3339,$648,$711,$-4,$1355,$4694,$67,$100,$40,$140,$53,$0,$-35,$134,$152,$368,$-206,$0,$0,$0,$1,$1,$1,$-204,$-6,$0,$-6,$0,$0,$-29,$0,$-35,$129,$0,$-29
42,2008-03-31,11.67,$21.27,0.55,$28.43,0.41,$-1.33,0.0,$1.89,6.18,$0.68B,$0.49B,1.39,$1.26B,$1.33B,0.94,$1.78B,$0.70B,39.09%,$1.78B,$0.24B,13.61%,$1.78B,$0.24B,13.61%,$1.78B,$0.43B,24.07%,$1.78B,$0.18B,9.90%,$1.78B,$0.12B,6.64%,$0.12B,$1.33B,9.00%,$0.12B,$1.33B,9.00%,$0.12B,$4.27B,2.89%,$0.24B,$2.59B,9.53%,$471,$289,$182,$0,$69,$408,$63,$-24,$39,$11,$28,$28,$28,$113,$63,$63,63,$0.44,$0.44,$51,$60,$334,$678,$3147,$0,$0,$146,$3591,$4269,$489,$1256,$960,$2450,$2939,$647,$687,$-4,$1330,$4269,$28,$50,$24,$74,$0,$0,$13,$7,$20,$117,$-71,$0,$0,$0,$1,$1,$2,$-68,$-56,$0,$-56,$0,$0,$-15,$0,$-71,$-22,$0,$-15
43,2007-12-31,14.08,$21.05,0.67,$27.87,0.51,$-1.18,0.0,$2.33,6.04,$0.54B,$0.39B,1.38,$1.31B,$1.32B,1.0,$1.74B,$0.71B,40.96%,$1.74B,$0.27B,15.43%,$1.74B,$0.27B,15.43%,$1.74B,$0.45B,25.82%,$1.74B,$0.22B,12.56%,$1.74B,$0.15B,8.32%,$0.15B,$1.32B,11.19%,$0.15B,$1.32B,11.19%,$0.15B,$4.11B,3.66%,$0.27B,$2.63B,11.00%,$470,$300,$170,$0,$68,$415,$55,$-19,$36,$12,$24,$24,$24,$102,$55,$63,63,$0.40,$0.40,$73,$64,$210,$538,$3066,$0,$0,$154,$3570,$4108,$391,$1313,$769,$2401,$2792,$646,$674,$-4,$1316,$4108,$145,$181,$-18,$163,$-4,$0,$19,$19,$34,$344,$-455,$0,$0,$0,$-2,$-2,$6,$-451,$310,$-81,$229,$0,$0,$-58,$-3,$168,$61,$0,$-58
44,2007-09-30,13.85,$20.84,0.66,$27.01,0.51,$-3.65,0.0,$2.57,5.39,$0.52B,$0.44B,1.2,$1.24B,$1.30B,0.95,$1.69B,$0.73B,43.40%,$1.69B,$0.31B,18.12%,$1.69B,$0.31B,18.12%,$1.69B,$0.49B,29.25%,$1.69B,$0.26B,15.39%,$1.69B,$0.16B,9.53%,$0.16B,$1.30B,12.65%,$0.16B,$1.30B,12.65%,$0.16B,$4.09B,4.15%,$0.31B,$2.54B,13.14%,$435,$278,$157,$0,$66,$390,$45,$-13,$32,$12,$20,$20,$20,$91,$45,$63,63,$0.32,$0.32,$60,$63,$168,$523,$3006,$0,$0,$93,$3565,$4088,$436,$1238,$721,$2349,$2785,$645,$664,$-6,$1303,$4088,$121,$134,$-4,$130,$29,$0,$41,$-21,$49,$291,$-351,$0,$0,$0,$-2,$-2,$2,$-351,$235,$-81,$154,$0,$0,$-43,$-3,$108,$48,$0,$-43
45,2007-06-30,13.44,$20.75,0.65,$26.01,0.52,$-5.23,0.0,$2.41,5.58,$0.47B,$0.41B,1.13,$1.11B,$1.30B,0.85,$1.63B,$0.72B,44.03%,$1.63B,$0.28B,17.28%,$1.63B,$0.28B,17.28%,$1.63B,$0.48B,29.40%,$1.63B,$0.24B,14.64%,$1.63B,$0.15B,9.29%,$0.15B,$1.30B,12.12%,$0.15B,$1.30B,12.12%,$0.15B,$3.89B,4.00%,$0.28B,$2.41B,12.62%,$402,$216,$186,$0,$64,$323,$79,$-10,$69,$23,$46,$46,$46,$122,$79,$63,63,$0.73,$0.73,$42,$65,$156,$465,$2892,$0,$0,$103,$3429,$3894,$413,$1108,$702,$2184,$2597,$644,$659,$-6,$1297,$3894,$101,$88,$-16,$72,$37,$0,$-25,$22,$34,$201,$-159,$0,$0,$0,$-1,$-1,$-5,$-165,$105,$-81,$24,$0,$0,$-28,$-2,$-6,$30,$0,$-28
46,2007-03-31,14.05,$20.24,0.69,$25.20,0.56,$-8.54,0.0,$2.11,6.66,$0.48B,$0.50B,0.97,$0.94B,$1.27B,0.75,$1.58B,$0.71B,44.76%,$1.58B,$0.24B,15.43%,$1.58B,$0.24B,15.43%,$1.58B,$0.45B,28.57%,$1.58B,$0.20B,12.44%,$1.58B,$0.13B,8.38%,$0.13B,$1.27B,10.80%,$0.13B,$1.27B,10.80%,$0.13B,$3.76B,3.58%,$0.24B,$2.21B,11.23%,$436,$235,$201,$0,$66,$346,$90,$-8,$82,$27,$55,$55,$55,$135,$90,$63,63,$0.88,$0.88,$5,$62,$160,$481,$2763,$0,$0,$97,$3278,$3759,$497,$943,$690,$1997,$2494,$643,$628,$-6,$1265,$3759,$55,$45,$-23,$22,$-1,$0,$23,$19,$41,$122,$-67,$0,$0,$0,$-1,$-1,$-1,$-69,$6,$-52,$-46,$0,$0,$-14,$0,$-60,$-7,$0,$-14
47,2006-12-31,12.92,$19.58,0.66,$24.32,0.53,$-11.82,0.0,$1.13,11.43,$0.53B,$0.56B,0.94,$0.94B,$1.22B,0.77,$1.52B,$0.62B,40.59%,$1.52B,$0.16B,10.46%,$1.52B,$0.16B,10.46%,$1.52B,$0.38B,24.87%,$1.52B,$0.11B,7.04%,$1.52B,$0.07B,4.67%,$0.07B,$1.22B,5.90%,$0.07B,$1.22B,5.90%,$0.07B,$3.77B,1.96%,$0.16B,$2.16B,7.47%,$416,$227,$189,$0,$43,$324,$92,$-15,$77,$37,$40,$40,$40,$146,$92,$63,63,$0.64,$0.64,$12,$64,$274,$527,$2718,$0,$0,$103,$3240,$3767,$562,$937,$685,$1981,$2543,$643,$587,$-6,$1224,$3767,$71,$219,$-12,$207,$17,$0,$-88,$-105,$-176,$106,$-371,$0,$0,$0,$-16,$-16,$7,$-380,$113,$81,$194,$0,$0,$-28,$-2,$164,$-110,$0,$-28
