,Date,Stock Price,Book Value per Share,Price to Book Ratio,TTM Sales per Share,Price to Sales Ratio,TTM FCF per Share,Price to FCF Ratio,TTM Net EPS,PE Ratio,Current Assets,Current Liabilities,Current Ratio,Long Term Debt,Shareholder's Equity_x,Debt to Equity Ratio,TTM Revenue_x,TTM Gross Profit,Gross Margin,TTM Revenue_y,TTM Operating Income,Operating Margin,TTM Revenue_x,TTM EBIT,EBIT Margin,TTM Revenue_y,TTM EBITDA,EBITDA Margin,TTM Revenue_x,TTM Pre-Tax Income,Pre-Tax Margin,TTM Revenue_y,TTM Net Income_x,Net Margin,TTM Net Income_y,Shareholder's Equity_y,Return on Equity,TTM Net Income_x,Tangible Equity,Return on Tangible Equity,TTM Net Income_y,Total Assets,Return on Assets,TTM Net Income,LT Investments & Debt,Return on Investment,revenue,cost-goods-sold,gross-profit,research-development-expenses,selling-general-administrative-expenses,operating-expenses,operating-income,total-non-operating-income-expense,pre-tax-income,total-provision-income-taxes,income-after-taxes,income-from-continuous-operations,net-income,ebitda,ebit,basic-shares-outstanding,shares-outstanding,eps-basic-net-earnings-per-share,eps-earnings-per-share-diluted,cash-on-hand,inventory,other-current-assets,total-current-assets,net-property-plant-equipment,long-term-investments,goodwill-intangible-assets-total,other-long-term-assets,total-long-term-assets,total-assets,total-current-liabilities,long-term-debt,other-non-current-liabilities,total-long-term-liabilities,total-liabilities,common-stock-net,retained-earnings-accumulated-deficit,comprehensive-income,total-share-holder-equity,total-liabilities-share-holders-equity,net-income-loss,total-depreciation-amortization-cash-flow,other-non-cash-items,total-non-cash-items,change-in-accounts-receivable,change-in-inventories,change-in-accounts-payable,change-in-assets-liabilities,total-change-in-assets-liabilities,cash-flow-from-operating-activities,net-change-in-property-plant-equipment,net-change-in-intangible-assets,net-acquisitions-divestitures,net-change-in-short-term-investments,net-change-in-long-term-investments,net-change-in-investments-total,investing-activities-other,cash-flow-from-investing-activities,net-long-term-debt,net-current-debt,debt-issuance-retirement-net-total,net-common-equity-issued-repurchased,net-total-equity-issued-repurchased,total-common-preferred-stock-dividends-paid,financial-activities-other,cash-flow-from-financial-activities,net-cash-flow,stock-based-compensation,common-stock-dividends-paid
0,2018-09-30,63.2,$18.11,3.49,$14.21,4.45,$4.53,13.94,$0.99,63.84,$0.35B,$0.05B,6.91,$0.00B,$0.53B,0.0,$0.43B,$0.22B,51.40%,$0.43B,$0.06B,14.42%,$0.43B,$0.06B,14.42%,$0.43B,$0.09B,20.47%,$0.43B,$0.07B,15.35%,$0.43B,$0.03B,6.98%,$0.03B,$0.53B,5.62%,$0.03B,$0.42B,7.19%,$0.03B,$0.60B,4.96%,$0.06B,$0.53B,11.62%,$110,$53,$57,$17,$22,$92,$18,$1,$19,$1,$18,$18,$18,$24,$18,$29,30,$0.60,$0.59,$248,$74,$0,$349,$114,$0,$114,$24,$256,$604,$51,$0,$23,$23,$73,$0,$384,$-2,$531,$604,$47,$19,$15,$34,$3,$-17,$3,$-3,$-16,$66,$-19,$0,$-1,$89,$0,$89,$0,$69,$0,$0,$0,$-66,$-66,$-14,$0,$-80,$55,$16,$-14
1,2018-06-30,73.05,$17.75,4.12,$14.18,5.15,$3.80,19.23,$0.94,77.71,$0.33B,$0.04B,7.5,$0.00B,$0.52B,0.0,$0.43B,$0.22B,51.04%,$0.43B,$0.06B,13.92%,$0.43B,$0.06B,13.92%,$0.43B,$0.09B,20.19%,$0.43B,$0.06B,14.85%,$0.43B,$0.03B,6.73%,$0.03B,$0.52B,5.36%,$0.03B,$0.41B,6.84%,$0.03B,$0.59B,4.76%,$0.06B,$0.52B,11.08%,$109,$53,$56,$18,$23,$94,$16,$1,$17,$1,$15,$15,$15,$22,$16,$30,30,$0.52,$0.51,$247,$69,$0,$333,$111,$0,$116,$25,$255,$588,$44,$0,$22,$22,$66,$0,$372,$-2,$522,$588,$30,$13,$11,$24,$10,$-12,$-7,$-1,$-11,$42,$-11,$0,$-1,$90,$0,$90,$0,$79,$0,$0,$0,$-58,$-58,$-9,$0,$-67,$55,$12,$-9
2,2018-03-31,68.21,$18.02,3.79,$14.08,4.84,$2.98,22.91,$0.89,76.64,$0.35B,$0.05B,7.26,$0.00B,$0.53B,0.0,$0.43B,$0.22B,50.47%,$0.43B,$0.06B,13.49%,$0.43B,$0.06B,13.49%,$0.43B,$0.09B,19.77%,$0.43B,$0.06B,14.42%,$0.43B,$0.03B,6.51%,$0.03B,$0.53B,5.11%,$0.03B,$0.42B,6.52%,$0.03B,$0.60B,4.57%,$0.06B,$0.53B,10.59%,$103,$50,$54,$17,$22,$89,$14,$1,$15,$1,$14,$14,$14,$21,$14,$30,31,$0.48,$0.46,$258,$63,$0,$350,$110,$0,$117,$26,$255,$604,$48,$0,$22,$22,$71,$0,$361,$-2,$534,$604,$14,$7,$6,$12,$-1,$-6,$0,$-3,$-11,$16,$-6,$-1,$0,$52,$0,$52,$0,$45,$0,$0,$0,$-29,$-29,$-5,$0,$-33,$28,$6,$-5
3,2017-12-31,73.22,$18.39,3.98,$14.17,5.17,$2.66,27.53,$0.90,81.36,$0.37B,$0.05B,7.14,$0.00B,$0.55B,0.0,$0.43B,$0.21B,49.31%,$0.43B,$0.06B,13.19%,$0.43B,$0.06B,13.19%,$0.43B,$0.08B,19.21%,$0.43B,$0.06B,13.89%,$0.43B,$0.03B,6.48%,$0.03B,$0.55B,5.12%,$0.03B,$0.43B,6.55%,$0.03B,$0.62B,4.60%,$0.06B,$0.55B,10.43%,$108,$54,$54,$17,$22,$94,$14,$1,$15,$32,$-17,$-17,$-17,$21,$14,$30,31,$-0.57,$-0.57,$283,$57,$0,$365,$112,$0,$117,$25,$257,$621,$51,$0,$22,$22,$73,$0,$351,$-2,$548,$621,$28,$26,$41,$67,$-10,$-5,$0,$-18,$-12,$82,$-32,$0,$0,$-2,$0,$-2,$0,$-35,$0,$0,$0,$1,$1,$-17,$0,$-16,$32,$25,$-17
4,2017-09-30,72.74,$18.92,3.84,$14.09,5.16,$3.93,18.5,$1.93,37.69,$0.35B,$0.05B,6.38,$0.00B,$0.56B,0.0,$0.43B,$0.21B,49.06%,$0.43B,$0.06B,13.38%,$0.43B,$0.06B,13.38%,$0.43B,$0.08B,19.01%,$0.43B,$0.06B,13.85%,$0.43B,$0.06B,13.85%,$0.06B,$0.56B,11.02%,$0.06B,$0.44B,14.23%,$0.06B,$0.62B,9.96%,$0.06B,$0.56B,10.64%,$111,$56,$56,$17,$22,$95,$16,$1,$17,$0,$17,$17,$17,$23,$16,$30,31,$0.55,$0.54,$264,$55,$0,$347,$115,$0,$119,$25,$278,$624,$54,$0,$7,$8,$62,$0,$372,$-2,$562,$624,$45,$19,$18,$37,$-11,$-3,$5,$-21,$-27,$55,$-30,$0,$0,$-25,$0,$-25,$0,$-55,$0,$0,$0,$1,$1,$-12,$0,$-11,$-11,$18,$-12
5,2017-06-30,72.3,$18.38,3.93,$13.88,5.21,$5.21,13.88,$1.87,38.66,$0.34B,$0.05B,7.33,$0.00B,$0.55B,0.0,$0.42B,$0.20B,48.68%,$0.42B,$0.05B,12.95%,$0.42B,$0.05B,12.95%,$0.42B,$0.08B,18.47%,$0.42B,$0.06B,13.19%,$0.42B,$0.06B,13.19%,$0.06B,$0.55B,10.74%,$0.06B,$0.43B,14.11%,$0.06B,$0.60B,9.65%,$0.05B,$0.55B,10.54%,$108,$54,$53,$17,$22,$93,$14,$0,$15,$1,$14,$14,$14,$20,$14,$30,30,$0.47,$0.46,$254,$52,$0,$342,$113,$0,$120,$7,$260,$602,$47,$0,$7,$8,$55,$0,$360,$-2,$547,$602,$28,$12,$11,$23,$-12,$0,$-4,$-8,$-21,$30,$-23,$0,$0,$-33,$0,$-33,$0,$-56,$0,$0,$0,$5,$5,$-8,$0,$-3,$-29,$11,$-8
6,2017-03-31,65.07,$17.85,3.64,$13.67,4.76,$6.30,10.33,$1.79,36.35,$0.33B,$0.05B,6.54,$0.00B,$0.53B,0.0,$0.41B,$0.20B,48.65%,$0.41B,$0.05B,12.78%,$0.41B,$0.05B,12.78%,$0.41B,$0.08B,18.43%,$0.41B,$0.05B,12.78%,$0.41B,$0.05B,12.78%,$0.05B,$0.53B,10.67%,$0.05B,$0.41B,14.32%,$0.05B,$0.59B,9.51%,$0.05B,$0.53B,10.67%,$105,$54,$50,$17,$21,$92,$13,$1,$13,$-1,$14,$14,$14,$19,$13,$29,30,$0.48,$0.47,$250,$51,$0,$333,$106,$0,$122,$8,$256,$589,$51,$0,$7,$8,$59,$0,$350,$-3,$530,$589,$14,$6,$4,$10,$-9,$1,$-2,$-8,$-18,$6,$-6,$0,$0,$-16,$0,$-16,$0,$-22,$0,$0,$0,$4,$4,$-4,$0,$0,$-16,$5,$-4
7,2016-12-31,67.01,$17.20,3.9,$13.22,5.07,$6.94,9.66,$1.62,41.36,$0.32B,$0.04B,7.24,$0.00B,$0.50B,0.0,$0.39B,$0.19B,49.23%,$0.39B,$0.05B,12.56%,$0.39B,$0.05B,12.56%,$0.39B,$0.07B,18.72%,$0.39B,$0.05B,12.82%,$0.39B,$0.05B,12.31%,$0.05B,$0.50B,10.35%,$0.05B,$0.38B,14.20%,$0.05B,$0.55B,9.18%,$0.05B,$0.50B,10.57%,$102,$52,$50,$16,$21,$89,$14,$0,$14,$-0,$14,$14,$14,$19,$14,$29,30,$0.49,$0.48,$250,$53,$0,$318,$95,$0,$123,$6,$236,$554,$44,$0,$7,$7,$51,$0,$333,$-3,$503,$554,$49,$24,$21,$45,$1,$-1,$8,$-3,$4,$98,$-12,$0,$0,$-105,$0,$-105,$0,$-117,$0,$0,$0,$7,$7,$-15,$0,$-8,$-28,$21,$-15
8,2016-09-30,62.13,$16.10,3.86,$12.72,4.89,$6.42,9.68,$1.60,38.83,$0.30B,$0.06B,5.05,$0.00B,$0.47B,0.0,$0.38B,$0.19B,49.20%,$0.38B,$0.05B,12.23%,$0.38B,$0.05B,12.23%,$0.38B,$0.07B,18.88%,$0.38B,$0.05B,12.50%,$0.38B,$0.05B,12.50%,$0.05B,$0.47B,10.56%,$0.05B,$0.34B,14.79%,$0.05B,$0.54B,9.28%,$0.05B,$0.47B,10.33%,$102,$52,$50,$16,$21,$89,$13,$0,$13,$1,$13,$13,$13,$19,$13,$29,30,$0.44,$0.43,$227,$50,$0,$299,$94,$0,$125,$6,$237,$535,$59,$0,$6,$7,$66,$0,$308,$-2,$469,$535,$35,$18,$16,$34,$-6,$2,$9,$-2,$1,$70,$-8,$0,$0,$-47,$0,$-47,$0,$-55,$0,$0,$0,$2,$2,$-11,$0,$-9,$6,$15,$-11
9,2016-06-30,49.25,$15.51,3.18,$12.32,4.0,$6.01,8.2,$1.51,32.61,$0.27B,$0.06B,4.94,$0.00B,$0.45B,0.0,$0.36B,$0.18B,49.31%,$0.36B,$0.05B,12.40%,$0.36B,$0.05B,12.40%,$0.36B,$0.07B,19.28%,$0.36B,$0.05B,12.67%,$0.36B,$0.05B,12.67%,$0.05B,$0.45B,10.68%,$0.05B,$0.32B,15.26%,$0.05B,$0.51B,9.37%,$0.05B,$0.45B,10.45%,$98,$50,$48,$16,$20,$86,$12,$0,$12,$1,$11,$11,$11,$18,$12,$29,29,$0.40,$0.39,$202,$47,$0,$269,$96,$0,$127,$6,$240,$510,$55,$0,$3,$7,$61,$0,$298,$-2,$448,$510,$22,$12,$10,$22,$-6,$5,$3,$-1,$-0,$44,$-5,$0,$0,$-13,$0,$-13,$0,$-18,$0,$0,$0,$-3,$-3,$-7,$0,$-10,$15,$9,$-7
10,2016-03-31,48.71,$15.11,3.22,$11.84,4.11,$5.93,8.21,$1.42,34.31,$0.25B,$0.05B,4.94,$0.00B,$0.44B,0.0,$0.35B,$0.18B,50.00%,$0.35B,$0.04B,12.00%,$0.35B,$0.04B,12.00%,$0.35B,$0.07B,19.14%,$0.35B,$0.04B,12.29%,$0.35B,$0.04B,12.57%,$0.04B,$0.44B,10.33%,$0.04B,$0.31B,14.92%,$0.04B,$0.49B,9.01%,$0.04B,$0.44B,9.86%,$88,$44,$44,$15,$19,$78,$10,$0,$11,$0,$10,$10,$10,$17,$10,$29,29,$0.36,$0.35,$185,$46,$0,$249,$98,$0,$128,$6,$243,$493,$50,$0,$3,$7,$58,$0,$290,$-2,$435,$493,$10,$6,$5,$11,$-3,$6,$-2,$-1,$-1,$20,$-2,$0,$0,$-7,$0,$-7,$0,$-9,$0,$0,$0,$-3,$-3,$-4,$0,$-7,$5,$4,$-4
11,2015-12-31,47.57,$14.96,3.18,$11.58,4.11,$5.79,8.22,$1.33,35.77,$0.24B,$0.05B,4.62,$0.00B,$0.43B,0.0,$0.35B,$0.17B,50.14%,$0.35B,$0.04B,11.30%,$0.35B,$0.04B,11.30%,$0.35B,$0.06B,18.26%,$0.35B,$0.04B,11.30%,$0.35B,$0.04B,11.59%,$0.04B,$0.43B,9.37%,$0.04B,$0.30B,13.57%,$0.04B,$0.49B,8.13%,$0.04B,$0.43B,9.13%,$88,$45,$43,$14,$18,$77,$11,$0,$11,$-2,$13,$13,$13,$17,$11,$29,30,$0.44,$0.43,$174,$52,$0,$240,$99,$0,$130,$6,$247,$488,$52,$0,$6,$7,$59,$0,$285,$-2,$429,$488,$39,$25,$10,$34,$4,$14,$-2,$3,$19,$92,$-22,$0,$-16,$30,$0,$30,$0,$-8,$0,$0,$0,$-41,$-41,$-14,$0,$-55,$29,$15,$-14
12,2015-09-30,41.15,$14.46,2.85,$11.43,3.6,$5.44,7.56,$1.37,30.04,$0.22B,$0.06B,4.04,$0.00B,$0.41B,0.0,$0.34B,$0.18B,51.16%,$0.34B,$0.04B,11.63%,$0.34B,$0.04B,11.63%,$0.34B,$0.06B,18.60%,$0.34B,$0.04B,11.63%,$0.34B,$0.04B,11.92%,$0.04B,$0.41B,9.59%,$0.04B,$0.28B,13.72%,$0.04B,$0.47B,8.31%,$0.04B,$0.41B,9.36%,$89,$45,$44,$14,$18,$77,$12,$0,$12,$1,$12,$12,$12,$18,$12,$29,29,$0.40,$0.39,$151,$55,$0,$223,$102,$0,$132,$6,$250,$473,$55,$0,$1,$7,$62,$0,$276,$-1,$411,$473,$26,$18,$12,$30,$1,$10,$-2,$6,$11,$67,$-18,$0,$-16,$23,$0,$23,$0,$-11,$0,$0,$0,$-47,$-47,$-11,$0,$-57,$-1,$12,$-11
13,2015-06-30,43.95,$14.69,2.99,$11.33,3.88,$5.57,7.9,$1.50,29.3,$0.26B,$0.06B,4.0,$0.00B,$0.43B,0.0,$0.35B,$0.18B,52.46%,$0.35B,$0.05B,13.04%,$0.35B,$0.05B,13.04%,$0.35B,$0.07B,20.00%,$0.35B,$0.05B,13.04%,$0.35B,$0.05B,13.04%,$0.05B,$0.43B,10.28%,$0.05B,$0.30B,14.40%,$0.05B,$0.50B,8.91%,$0.05B,$0.43B,10.28%,$85,$41,$44,$15,$20,$76,$9,$0,$9,$1,$9,$9,$9,$15,$9,$29,30,$0.29,$0.29,$171,$64,$0,$258,$93,$0,$133,$5,$242,$500,$64,$0,$1,$7,$72,$0,$268,$-1,$428,$500,$15,$12,$8,$20,$-1,$1,$6,$3,$8,$43,$-5,$0,$-16,$19,$0,$19,$0,$-2,$0,$0,$0,$-19,$-19,$-7,$0,$-26,$15,$8,$-7
14,2015-03-31,50.55,$14.97,3.38,$11.35,4.45,$5.36,9.43,$1.75,28.88,$0.26B,$0.06B,4.45,$0.00B,$0.44B,0.0,$0.35B,$0.19B,53.30%,$0.35B,$0.05B,14.33%,$0.35B,$0.05B,14.33%,$0.35B,$0.07B,21.20%,$0.35B,$0.05B,14.61%,$0.35B,$0.05B,15.19%,$0.05B,$0.44B,11.94%,$0.05B,$0.31B,16.43%,$0.05B,$0.51B,10.40%,$0.05B,$0.44B,11.26%,$83,$40,$42,$15,$20,$76,$7,$-0,$7,$0,$6,$6,$6,$13,$7,$29,30,$0.22,$0.21,$173,$65,$0,$262,$94,$0,$135,$5,$245,$507,$59,$0,$1,$8,$67,$0,$263,$-1,$440,$507,$6,$6,$4,$10,$-1,$0,$0,$2,$1,$18,$-3,$0,$-15,$27,$0,$27,$0,$8,$0,$0,$0,$3,$3,$-4,$0,$-1,$25,$4,$-4
15,2014-12-31,50.11,$14.75,3.4,$11.27,4.45,$5.26,9.52,$1.94,25.83,$0.27B,$0.06B,4.82,$0.00B,$0.43B,0.0,$0.35B,$0.19B,54.44%,$0.35B,$0.06B,16.05%,$0.35B,$0.06B,16.05%,$0.35B,$0.08B,22.92%,$0.35B,$0.06B,16.33%,$0.35B,$0.06B,16.91%,$0.06B,$0.43B,13.16%,$0.06B,$0.32B,17.85%,$0.06B,$0.49B,11.50%,$0.06B,$0.43B,12.49%,$87,$41,$46,$14,$20,$75,$12,$0,$12,$-2,$14,$14,$14,$18,$12,$30,31,$0.49,$0.47,$175,$64,$0,$266,$96,$0,$116,$4,$228,$494,$55,$0,$1,$8,$63,$0,$260,$-1,$431,$494,$60,$24,$15,$39,$2,$-22,$2,$8,$-13,$86,$-23,$0,$0,$-7,$0,$-7,$-8,$-38,$0,$0,$0,$-67,$-67,$-13,$0,$-80,$-32,$14,$-13
16,2014-09-30,52.09,$15.30,3.41,$11.43,4.56,$6.02,8.65,$1.98,26.31,$0.29B,$0.06B,5.0,$0.00B,$0.45B,0.0,$0.35B,$0.19B,54.55%,$0.35B,$0.06B,16.76%,$0.35B,$0.06B,16.76%,$0.35B,$0.08B,23.58%,$0.35B,$0.06B,17.33%,$0.35B,$0.06B,17.33%,$0.06B,$0.45B,13.56%,$0.06B,$0.33B,18.44%,$0.06B,$0.52B,11.85%,$0.06B,$0.45B,13.12%,$90,$41,$49,$13,$19,$73,$17,$0,$17,$1,$16,$16,$16,$23,$17,$30,31,$0.54,$0.52,$214,$57,$0,$292,$97,$0,$117,$4,$227,$519,$58,$0,$3,$9,$68,$0,$249,$-0,$452,$519,$45,$18,$11,$28,$2,$-15,$3,$13,$-0,$73,$-17,$0,$0,$-45,$0,$-45,$-1,$-64,$0,$0,$0,$-32,$-32,$-10,$0,$-41,$-32,$11,$-10
17,2014-06-30,55.48,$15.04,3.69,$11.49,4.83,$6.30,8.81,$2.00,27.74,$0.30B,$0.06B,5.32,$0.00B,$0.45B,0.0,$0.35B,$0.19B,54.24%,$0.35B,$0.06B,16.67%,$0.35B,$0.06B,16.67%,$0.35B,$0.08B,23.45%,$0.35B,$0.06B,17.23%,$0.35B,$0.06B,17.51%,$0.06B,$0.45B,14.07%,$0.06B,$0.34B,19.36%,$0.06B,$0.52B,12.25%,$0.06B,$0.45B,13.39%,$89,$40,$49,$14,$20,$75,$14,$0,$15,$-2,$17,$17,$17,$20,$14,$30,31,$0.55,$0.54,$212,$51,$0,$296,$91,$0,$118,$4,$222,$518,$56,$0,$2,$9,$65,$0,$236,$-0,$453,$518,$29,$12,$9,$21,$-4,$-9,$2,$9,$-7,$42,$-10,$0,$0,$-25,$0,$-25,$0,$-35,$0,$0,$0,$-16,$-16,$-6,$0,$-22,$-14,$8,$-6
18,2014-03-31,63.3,$15.03,4.21,$11.55,5.48,$6.59,9.61,$1.91,33.14,$0.30B,$0.05B,5.55,$0.00B,$0.46B,0.0,$0.35B,$0.19B,53.54%,$0.35B,$0.06B,16.43%,$0.35B,$0.06B,16.43%,$0.35B,$0.08B,23.23%,$0.35B,$0.06B,17.00%,$0.35B,$0.06B,16.71%,$0.06B,$0.46B,13.95%,$0.06B,$0.34B,19.59%,$0.06B,$0.52B,12.07%,$0.06B,$0.46B,13.71%,$83,$37,$46,$13,$20,$70,$13,$0,$13,$1,$12,$12,$12,$19,$13,$30,31,$0.41,$0.40,$218,$48,$0,$301,$92,$0,$119,$3,$220,$521,$54,$0,$3,$10,$64,$0,$223,$-0,$457,$521,$12,$6,$8,$14,$-4,$-6,$1,$4,$-10,$16,$-4,$0,$0,$-25,$0,$-25,$0,$-29,$0,$0,$0,$7,$7,$-3,$0,$4,$-9,$4,$-3
19,2013-12-31,53.62,$14.55,3.69,$11.47,4.68,$6.80,7.88,$1.88,28.52,$0.28B,$0.05B,5.5,$0.00B,$0.44B,0.0,$0.35B,$0.18B,52.74%,$0.35B,$0.05B,15.56%,$0.35B,$0.05B,15.56%,$0.35B,$0.08B,22.48%,$0.35B,$0.06B,16.14%,$0.35B,$0.06B,16.71%,$0.06B,$0.44B,14.53%,$0.06B,$0.32B,21.05%,$0.06B,$0.50B,12.46%,$0.05B,$0.44B,13.53%,$90,$42,$48,$13,$20,$75,$15,$0,$16,$-0,$16,$16,$16,$21,$15,$29,30,$0.54,$0.52,$202,$42,$0,$277,$90,$0,$121,$3,$224,$501,$50,$0,$7,$14,$65,$0,$213,$-0,$437,$501,$57,$24,$13,$38,$-5,$2,$2,$3,$4,$99,$-14,$0,$0,$-109,$32,$-78,$1,$-91,$0,$0,$0,$30,$30,$-9,$1,$22,$30,$16,$-9
20,2013-09-30,51.95,$13.86,3.75,$11.26,4.61,$5.25,9.89,$1.69,30.74,$0.25B,$0.05B,4.93,$0.00B,$0.42B,0.0,$0.34B,$0.17B,51.79%,$0.34B,$0.05B,14.29%,$0.34B,$0.05B,14.29%,$0.34B,$0.07B,21.43%,$0.34B,$0.05B,14.88%,$0.34B,$0.05B,15.48%,$0.05B,$0.42B,13.86%,$0.05B,$0.29B,20.82%,$0.05B,$0.48B,11.82%,$0.05B,$0.42B,12.79%,$92,$43,$49,$13,$19,$75,$17,$0,$17,$0,$17,$17,$17,$23,$17,$30,31,$0.56,$0.54,$180,$40,$0,$251,$90,$0,$123,$4,$232,$484,$51,$0,$9,$18,$69,$0,$200,$-0,$415,$484,$41,$18,$7,$25,$-8,$4,$3,$7,$9,$75,$-11,$0,$0,$-71,$0,$-71,$1,$-81,$0,$0,$0,$28,$28,$-7,$0,$21,$15,$12,$-7
21,2013-06-30,38.85,$12.95,3.0,$10.97,3.54,$3.77,10.3,$-0.39,0.0,$0.22B,$0.05B,4.42,$0.00B,$0.38B,0.0,$0.32B,$0.16B,50.93%,$0.32B,$0.02B,4.66%,$0.32B,$0.02B,4.66%,$0.32B,$0.04B,12.11%,$0.32B,$-0.02B,-4.97%,$0.32B,$-0.01B,-2.80%,$-0.01B,$0.38B,-2.51%,$-0.01B,$0.26B,-3.88%,$-0.01B,$0.45B,-2.13%,$0.02B,$0.38B,4.18%,$88,$42,$46,$13,$19,$75,$13,$1,$14,$0,$14,$14,$14,$19,$13,$29,30,$0.47,$0.45,$145,$43,$0,$216,$90,$0,$125,$5,$233,$450,$49,$0,$9,$18,$67,$0,$186,$-1,$383,$450,$25,$12,$5,$17,$-8,$1,$3,$9,$5,$46,$-6,$0,$0,$-28,$0,$-28,$0,$-34,$0,$0,$0,$15,$15,$-5,$0,$10,$22,$8,$-5
22,2013-03-31,41.5,$12.48,3.32,$10.72,3.87,$3.85,10.77,$-1.09,0.0,$0.19B,$0.05B,4.06,$0.00B,$0.36B,0.0,$0.31B,$0.16B,50.32%,$0.31B,$0.01B,3.55%,$0.31B,$0.01B,3.55%,$0.31B,$0.04B,11.29%,$0.31B,$-0.02B,-6.45%,$0.31B,$-0.03B,-9.68%,$-0.03B,$0.36B,-8.35%,$-0.03B,$0.24B,-12.97%,$-0.03B,$0.43B,-6.96%,$0.01B,$0.36B,3.06%,$77,$37,$40,$12,$19,$68,$9,$0,$9,$-2,$11,$11,$11,$15,$9,$29,30,$0.38,$0.37,$119,$44,$0,$191,$90,$0,$126,$5,$236,$427,$47,$0,$8,$18,$65,$0,$174,$-0,$362,$427,$11,$6,$0,$6,$-7,$1,$3,$7,$4,$22,$-4,$0,$0,$-18,$0,$-18,$0,$-22,$0,$0,$0,$9,$9,$-2,$0,$6,$6,$4,$-2
23,2012-12-31,32.07,$11.95,2.68,$10.57,3.03,$3.74,8.57,$-1.21,0.0,$0.17B,$0.04B,4.06,$0.00B,$0.34B,0.0,$0.31B,$0.15B,49.51%,$0.31B,$0.01B,3.61%,$0.31B,$0.01B,3.61%,$0.31B,$0.03B,10.82%,$0.31B,$-0.02B,-6.56%,$0.31B,$-0.03B,-11.15%,$-0.03B,$0.34B,-9.33%,$-0.03B,$0.21B,-12.96%,$-0.03B,$0.40B,-7.79%,$0.01B,$0.34B,3.02%,$79,$40,$39,$12,$18,$70,$9,$0,$10,$-0,$10,$10,$10,$15,$9,$29,29,$0.33,$0.34,$95,$45,$0,$165,$90,$0,$128,$5,$234,$399,$41,$0,$8,$18,$58,$0,$166,$-0,$341,$399,$-34,$21,$74,$96,$5,$18,$2,$-9,$-9,$52,$-16,$0,$-116,$0,$41,$41,$-33,$-125,$0,$0,$0,$1,$1,$-6,$1,$-4,$-76,$14,$-6
24,2012-09-30,29.0,$12.00,2.42,$10.03,2.89,$4.11,7.06,$-1.32,0.0,$0.19B,$0.06B,3.29,$0.00B,$0.35B,0.0,$0.29B,$0.14B,49.15%,$0.29B,$0.01B,3.41%,$0.29B,$0.01B,3.41%,$0.29B,$0.03B,10.24%,$0.29B,$-0.02B,-7.51%,$0.29B,$-0.04B,-12.97%,$-0.04B,$0.35B,-10.26%,$-0.04B,$0.22B,-12.91%,$-0.04B,$0.42B,-8.54%,$0.01B,$0.35B,2.70%,$78,$39,$39,$11,$18,$94,$-16,$-33,$-49,$-5,$-44,$-44,$-44,$-10,$-16,$29,29,$-1.54,$-1.54,$110,$47,$0,$187,$90,$0,$128,$4,$230,$417,$57,$0,$8,$12,$69,$0,$159,$0,$348,$417,$-44,$15,$73,$89,$1,$16,$5,$-9,$-15,$30,$-12,$0,$-116,$37,$0,$37,$-18,$-109,$0,$0,$0,$18,$18,$-4,$1,$14,$-65,$11,$-4
25,2012-06-30,35.48,$13.39,2.65,$9.85,3.6,$5.05,7.03,$0.47,75.49,$0.21B,$0.08B,2.56,$0.00B,$0.39B,0.0,$0.29B,$0.14B,48.28%,$0.29B,$0.04B,12.76%,$0.29B,$0.04B,12.76%,$0.29B,$0.06B,18.97%,$0.29B,$0.04B,13.10%,$0.29B,$0.01B,4.83%,$0.01B,$0.39B,3.73%,$0.01B,$0.26B,4.30%,$0.01B,$0.48B,3.11%,$0.04B,$0.39B,9.85%,$76,$39,$38,$12,$16,$67,$9,$0,$10,$17,$-7,$-7,$-7,$15,$9,$29,29,$-0.25,$-0.25,$133,$49,$0,$209,$92,$0,$129,$43,$271,$480,$81,$0,$7,$12,$94,$0,$205,$0,$386,$480,$0,$10,$12,$21,$-5,$14,$4,$6,$28,$49,$-9,$0,$-113,$12,$-0,$12,$-18,$-128,$0,$0,$0,$14,$14,$-3,$0,$12,$-66,$7,$-3
26,2012-03-31,35.26,$13.48,2.62,$9.82,3.59,$4.63,7.62,$1.07,32.96,$0.28B,$0.03B,8.64,$0.00B,$0.38B,0.0,$0.29B,$0.14B,47.62%,$0.29B,$0.04B,13.95%,$0.29B,$0.04B,13.95%,$0.29B,$0.06B,19.73%,$0.29B,$0.04B,14.29%,$0.29B,$0.03B,10.88%,$0.03B,$0.38B,8.51%,$0.03B,$0.36B,9.08%,$0.03B,$0.45B,7.20%,$0.04B,$0.38B,10.90%,$72,$37,$35,$11,$15,$63,$9,$1,$9,$2,$7,$7,$7,$13,$9,$28,29,$0.26,$0.25,$214,$43,$0,$281,$90,$0,$23,$44,$170,$450,$32,$0,$35,$35,$68,$0,$213,$0,$383,$450,$7,$4,$3,$7,$-7,$9,$1,$3,$7,$22,$-7,$0,$0,$6,$-0,$6,$-18,$-19,$0,$0,$0,$6,$6,$-1,$0,$5,$7,$3,$-1
27,2011-12-31,31.46,$12.99,2.42,$9.92,3.17,$4.10,7.68,$1.15,27.36,$0.25B,$0.03B,7.35,$0.00B,$0.37B,0.0,$0.30B,$0.14B,47.16%,$0.30B,$0.04B,14.72%,$0.30B,$0.04B,14.72%,$0.30B,$0.06B,20.40%,$0.30B,$0.05B,15.05%,$0.30B,$0.04B,11.71%,$0.04B,$0.37B,9.37%,$0.04B,$0.34B,10.01%,$0.04B,$0.43B,7.94%,$0.04B,$0.37B,11.78%,$67,$35,$32,$10,$14,$59,$8,$0,$8,$2,$6,$6,$6,$12,$8,$29,30,$0.23,$0.21,$181,$52,$0,$250,$88,$32,$24,$27,$183,$433,$34,$0,$34,$34,$68,$0,$206,$0,$365,$433,$34,$18,$12,$30,$-4,$10,$-2,$-3,$5,$69,$-21,$0,$-7,$-42,$19,$-23,$-1,$-52,$0,$0,$0,$-28,$-28,$-6,$1,$-33,$-16,$9,$-6
28,2011-09-30,29.0,$13.13,2.21,$10.17,2.85,$3.53,8.21,$1.23,23.58,$0.27B,$0.04B,7.0,$0.00B,$0.37B,0.0,$0.31B,$0.15B,47.54%,$0.31B,$0.05B,15.41%,$0.31B,$0.05B,15.41%,$0.31B,$0.06B,20.98%,$0.31B,$0.05B,15.74%,$0.31B,$0.04B,12.46%,$0.04B,$0.37B,10.25%,$0.04B,$0.35B,10.96%,$0.04B,$0.44B,8.62%,$0.05B,$0.37B,12.68%,$75,$40,$35,$10,$14,$65,$11,$1,$11,$4,$8,$8,$8,$15,$11,$29,30,$0.26,$0.25,$198,$52,$0,$268,$85,$25,$24,$26,$173,$440,$38,$0,$34,$34,$72,$0,$202,$0,$368,$440,$28,$13,$8,$22,$-5,$10,$-1,$1,$10,$60,$-14,$0,$-7,$-16,$-8,$-24,$-1,$-46,$0,$0,$0,$-18,$-18,$-4,$1,$-21,$-7,$7,$-4
29,2011-06-30,36.35,$13.35,2.72,$10.23,3.55,$3.53,10.29,$1.41,25.78,$0.28B,$0.03B,8.06,$0.00B,$0.39B,0.0,$0.31B,$0.15B,48.85%,$0.31B,$0.05B,16.72%,$0.31B,$0.05B,16.72%,$0.31B,$0.07B,22.30%,$0.31B,$0.05B,17.38%,$0.31B,$0.04B,14.10%,$0.04B,$0.39B,11.87%,$0.04B,$0.36B,12.64%,$0.04B,$0.45B,9.96%,$0.05B,$0.39B,14.08%,$80,$43,$38,$10,$14,$67,$13,$0,$14,$3,$11,$11,$11,$18,$13,$29,30,$0.37,$0.35,$204,$54,$0,$277,$85,$30,$24,$25,$178,$454,$34,$0,$32,$32,$66,$0,$196,$0,$388,$454,$20,$9,$7,$15,$-2,$8,$-4,$2,$5,$41,$-10,$-7,$0,$-5,$-8,$-12,$-4,$-33,$0,$0,$0,$10,$10,$-3,$1,$8,$15,$5,$-3
30,2011-03-31,36.21,$12.94,2.8,$10.29,3.52,$3.88,9.33,$1.59,22.77,$0.26B,$0.03B,7.69,$0.00B,$0.37B,0.0,$0.31B,$0.15B,49.84%,$0.31B,$0.06B,18.69%,$0.31B,$0.06B,18.69%,$0.31B,$0.07B,23.93%,$0.31B,$0.06B,19.02%,$0.31B,$0.05B,15.74%,$0.05B,$0.37B,13.93%,$0.05B,$0.35B,14.66%,$0.05B,$0.44B,11.53%,$0.06B,$0.37B,16.55%,$77,$40,$36,$10,$15,$65,$12,$0,$12,$2,$10,$10,$10,$16,$12,$29,30,$0.34,$0.33,$170,$63,$0,$256,$85,$37,$24,$22,$181,$437,$33,$0,$31,$31,$64,$0,$187,$0,$373,$437,$10,$4,$3,$8,$-8,$-1,$-3,$0,$-12,$6,$-7,$0,$-7,$-10,$-6,$-16,$0,$-30,$0,$0,$0,$7,$7,$-1,$0,$6,$-18,$3,$-1
31,2010-12-31,37.89,$12.48,3.04,$10.19,3.72,$4.39,8.63,$1.68,22.55,$0.26B,$0.05B,5.29,$0.00B,$0.35B,0.0,$0.30B,$0.15B,50.67%,$0.30B,$0.06B,20.00%,$0.30B,$0.06B,20.00%,$0.30B,$0.08B,25.00%,$0.30B,$0.06B,20.33%,$0.30B,$0.05B,16.67%,$0.05B,$0.35B,15.29%,$0.05B,$0.33B,15.89%,$0.05B,$0.43B,12.48%,$0.06B,$0.35B,18.35%,$73,$37,$36,$10,$15,$62,$11,$0,$11,$3,$9,$9,$9,$15,$11,$28,30,$0.32,$0.29,$183,$62,$0,$262,$84,$32,$25,$17,$172,$433,$49,$0,$30,$30,$79,$0,$179,$0,$354,$433,$49,$15,$13,$28,$16,$-34,$-0,$-5,$-17,$60,$-29,$0,$-9,$-0,$-2,$-2,$-7,$-47,$0,$0,$0,$12,$12,$-6,$1,$7,$21,$11,$-6
32,2010-09-30,29.95,$11.95,2.51,$10.05,2.98,$4.43,6.77,$1.70,17.62,$0.25B,$0.04B,5.96,$0.00B,$0.33B,0.0,$0.29B,$0.15B,51.19%,$0.29B,$0.06B,20.48%,$0.29B,$0.06B,20.48%,$0.29B,$0.07B,25.26%,$0.29B,$0.06B,20.82%,$0.29B,$0.05B,17.06%,$0.05B,$0.33B,16.14%,$0.05B,$0.32B,16.53%,$0.05B,$0.40B,13.21%,$0.06B,$0.33B,19.37%,$75,$36,$39,$9,$14,$60,$15,$0,$16,$3,$13,$13,$13,$19,$15,$28,29,$0.45,$0.43,$180,$49,$0,$250,$74,$44,$15,$6,$153,$403,$42,$0,$27,$27,$69,$0,$171,$0,$334,$403,$41,$11,$8,$19,$14,$-23,$0,$10,$6,$66,$-20,$0,$-9,$-1,$0,$-1,$-7,$-36,$0,$0,$0,$4,$4,$-4,$0,$0,$29,$7,$-4
33,2010-06-30,30.28,$11.39,2.66,$9.59,3.16,$3.86,7.84,$1.59,19.05,$0.24B,$0.05B,4.92,$0.00B,$0.32B,0.0,$0.28B,$0.14B,50.36%,$0.28B,$0.06B,20.14%,$0.28B,$0.06B,20.14%,$0.28B,$0.07B,24.82%,$0.28B,$0.06B,20.14%,$0.28B,$0.05B,16.55%,$0.05B,$0.32B,15.73%,$0.05B,$0.31B,15.99%,$0.05B,$0.39B,12.87%,$0.06B,$0.32B,19.15%,$80,$38,$41,$9,$14,$61,$19,$0,$19,$4,$16,$16,$16,$23,$19,$28,30,$0.56,$0.53,$172,$36,$0,$240,$71,$57,$5,$7,$152,$392,$49,$0,$26,$26,$75,$0,$160,$-0,$317,$392,$28,$7,$6,$13,$3,$-9,$4,$9,$11,$52,$-12,$0,$0,$-9,$0,$-9,$-5,$-26,$0,$0,$0,$1,$1,$-3,$1,$-1,$25,$5,$-3
34,2010-03-31,38.69,$10.82,3.58,$8.65,4.48,$3.08,12.57,$1.22,31.72,$0.22B,$0.05B,4.78,$0.00B,$0.30B,0.0,$0.25B,$0.12B,49.80%,$0.25B,$0.04B,17.00%,$0.25B,$0.04B,17.00%,$0.25B,$0.05B,21.86%,$0.25B,$0.04B,17.41%,$0.25B,$0.04B,14.17%,$0.04B,$0.30B,12.70%,$0.04B,$0.30B,12.94%,$0.04B,$0.37B,10.51%,$0.04B,$0.30B,15.25%,$72,$36,$36,$8,$13,$57,$15,$0,$15,$3,$12,$12,$12,$18,$15,$27,29,$0.45,$0.42,$148,$31,$0,$221,$66,$63,$5,$7,$153,$374,$46,$0,$25,$25,$71,$0,$146,$-0,$303,$374,$12,$3,$5,$8,$-6,$-5,$6,$2,$-4,$17,$-3,$0,$-2,$-24,$0,$-24,$0,$-29,$0,$0,$0,$3,$3,$-1,$1,$3,$-10,$2,$-1
35,2009-12-31,34.1,$10.44,3.27,$7.65,4.46,$2.63,12.99,$0.81,42.1,$0.22B,$0.04B,6.01,$0.00B,$0.29B,0.0,$0.22B,$0.11B,50.23%,$0.22B,$0.03B,13.02%,$0.22B,$0.03B,13.02%,$0.22B,$0.04B,18.60%,$0.22B,$0.03B,13.95%,$0.22B,$0.02B,10.70%,$0.02B,$0.29B,8.77%,$0.02B,$0.28B,8.95%,$0.02B,$0.35B,7.35%,$0.03B,$0.29B,10.68%,$66,$32,$34,$8,$14,$55,$11,$0,$11,$2,$9,$9,$9,$14,$11,$27,28,$0.34,$0.33,$156,$26,$0,$216,$62,$40,$5,$7,$129,$345,$36,$0,$24,$24,$60,$0,$135,$0,$285,$345,$23,$11,$13,$23,$-9,$2,$7,$-6,$-2,$45,$-14,$0,$0,$0,$-54,$-54,$10,$-58,$0,$0,$0,$-8,$-8,$-3,$-8,$-20,$-32,$11,$-3
36,2009-09-30,31.24,$9.82,3.18,$6.65,4.7,$2.40,13.03,$-0.23,0.0,$0.21B,$0.03B,6.92,$0.00B,$0.27B,0.0,$0.19B,$0.09B,48.69%,$0.19B,$-0.00B,-1.57%,$0.19B,$-0.00B,-1.57%,$0.19B,$0.01B,5.24%,$0.19B,$0.00B,0.52%,$0.19B,$-0.01B,-3.66%,$-0.01B,$0.27B,-2.73%,$-0.01B,$0.26B,-2.79%,$-0.01B,$0.32B,-2.30%,$-0.00B,$0.27B,-1.17%,$60,$31,$29,$7,$11,$49,$11,$0,$11,$2,$9,$9,$9,$14,$11,$27,28,$0.34,$0.32,$153,$20,$0,$213,$58,$23,$5,$5,$105,$319,$31,$0,$23,$23,$53,$0,$126,$0,$265,$319,$14,$8,$10,$18,$-7,$8,$6,$-4,$4,$35,$-8,$0,$0,$-19,$0,$-19,$0,$-27,$-9,$0,$-9,$-15,$-15,$-2,$0,$-26,$-17,$8,$-2
37,2009-06-30,22.28,$9.35,2.38,$6.19,3.6,$2.18,10.2,$-0.32,0.0,$0.21B,$0.02B,8.72,$0.00B,$0.25B,0.0,$0.19B,$0.09B,50.27%,$0.19B,$-0.01B,-2.70%,$0.19B,$-0.01B,-2.70%,$0.19B,$0.01B,3.78%,$0.19B,$0.00B,0.00%,$0.19B,$-0.01B,-4.32%,$-0.01B,$0.25B,-2.97%,$-0.01B,$0.24B,-3.04%,$-0.01B,$0.29B,-2.52%,$-0.01B,$0.25B,-1.85%,$49,$25,$24,$8,$12,$44,$5,$1,$6,$1,$5,$5,$5,$8,$5,$27,28,$0.17,$0.16,$158,$22,$0,$212,$56,$1,$5,$5,$83,$294,$24,$0,$21,$21,$45,$0,$118,$-0,$249,$294,$5,$5,$7,$12,$-1,$6,$1,$-3,$2,$19,$-3,$0,$0,$1,$0,$1,$0,$-2,$-9,$0,$-9,$-21,$-21,$-1,$0,$-32,$-15,$7,$-1
38,2009-03-31,16.09,$9.28,1.73,$6.06,2.65,$2.26,7.11,$-0.25,0.0,$0.22B,$0.02B,9.12,$0.00B,$0.25B,0.0,$0.19B,$0.10B,51.58%,$0.19B,$-0.00B,-1.58%,$0.19B,$-0.00B,-1.58%,$0.19B,$0.01B,4.21%,$0.19B,$0.00B,1.58%,$0.19B,$-0.01B,-2.63%,$-0.01B,$0.25B,-1.73%,$-0.01B,$0.24B,-1.78%,$-0.01B,$0.29B,-1.48%,$-0.00B,$0.25B,-1.04%,$40,$19,$21,$8,$12,$39,$1,$1,$2,$2,$0,$0,$0,$4,$1,$27,28,$0.01,$0.01,$150,$29,$0,$216,$57,$2,$5,$0,$79,$294,$24,$0,$21,$21,$44,$0,$114,$-0,$250,$294,$0,$2,$5,$8,$-5,$-0,$-1,$1,$-6,$2,$-2,$0,$0,$0,$0,$0,$0,$-2,$-9,$0,$-9,$-14,$-14,$-1,$0,$-23,$-23,$4,$-1
39,2008-12-31,18.57,$9.43,1.97,$6.24,2.98,$2.49,7.47,$-0.04,0.0,$0.23B,$0.03B,7.1,$0.00B,$0.26B,0.0,$0.20B,$0.11B,51.98%,$0.20B,$0.00B,1.49%,$0.20B,$0.00B,1.49%,$0.20B,$0.01B,6.44%,$0.20B,$0.01B,4.95%,$0.20B,$0.00B,0.99%,$0.00B,$0.26B,0.66%,$0.00B,$0.25B,0.68%,$0.00B,$0.31B,0.57%,$0.00B,$0.26B,1.00%,$42,$23,$19,$14,$23,$62,$-20,$2,$-18,$3,$-21,$-21,$-21,$-16,$-20,$30,32,$-0.68,$-0.62,$174,$28,$0,$234,$57,$1,$6,$0,$79,$313,$33,$0,$20,$20,$53,$0,$114,$-0,$260,$313,$2,$11,$36,$47,$1,$-9,$-1,$-4,$-13,$36,$-9,$0,$0,$-29,$108,$79,$1,$71,$0,$0,$0,$-58,$-58,$-1,$1,$-58,$49,$35,$-1
40,2008-09-30,22.48,$10.91,2.06,$6.59,3.41,$3.28,6.84,$0.88,25.55,$0.28B,$0.03B,9.39,$0.00B,$0.32B,0.0,$0.21B,$0.11B,53.52%,$0.21B,$0.03B,14.08%,$0.21B,$0.03B,14.08%,$0.21B,$0.04B,17.37%,$0.21B,$0.04B,17.84%,$0.21B,$0.03B,14.08%,$0.03B,$0.32B,9.72%,$0.03B,$0.31B,9.98%,$0.03B,$0.37B,8.40%,$0.03B,$0.32B,9.72%,$54,$25,$29,$7,$13,$45,$9,$2,$10,$3,$8,$8,$8,$11,$9,$31,33,$0.25,$0.23,$226,$26,$0,$279,$57,$0,$8,$0,$90,$369,$30,$0,$19,$19,$49,$0,$136,$0,$320,$369,$22,$7,$16,$22,$-4,$-7,$4,$-3,$-13,$32,$-7,$0,$0,$-23,$102,$80,$1,$73,$0,$0,$0,$-6,$-6,$0,$1,$-6,$100,$12,$0
41,2008-06-30,29.49,$10.46,2.82,$6.53,4.52,$3.71,7.94,$0.87,33.89,$0.29B,$0.03B,8.47,$0.00B,$0.32B,0.0,$0.21B,$0.11B,53.11%,$0.21B,$0.03B,12.92%,$0.21B,$0.03B,12.92%,$0.21B,$0.03B,16.27%,$0.21B,$0.04B,17.22%,$0.21B,$0.03B,13.88%,$0.03B,$0.32B,9.88%,$0.03B,$0.32B,10.14%,$0.03B,$0.38B,8.52%,$0.03B,$0.32B,9.20%,$54,$25,$29,$8,$14,$47,$7,$2,$9,$2,$8,$8,$8,$9,$7,$31,33,$0.25,$0.23,$238,$24,$0,$287,$57,$0,$8,$0,$89,$376,$34,$0,$18,$18,$52,$0,$128,$0,$324,$376,$15,$4,$11,$15,$-4,$-4,$4,$-1,$-4,$26,$-4,$0,$0,$-16,$102,$87,$1,$83,$0,$0,$0,$10,$10,$0,$1,$11,$119,$8,$0
42,2008-03-31,27.29,$9.91,2.75,$6.29,4.34,$3.61,7.55,$0.86,31.74,$0.26B,$0.03B,9.06,$0.00B,$0.30B,0.0,$0.20B,$0.11B,53.54%,$0.20B,$0.03B,13.13%,$0.20B,$0.03B,13.13%,$0.20B,$0.03B,16.67%,$0.20B,$0.04B,18.18%,$0.20B,$0.03B,14.14%,$0.03B,$0.30B,10.27%,$0.03B,$0.29B,10.54%,$0.03B,$0.35B,8.87%,$0.03B,$0.30B,9.53%,$52,$24,$28,$8,$13,$45,$7,$2,$9,$2,$7,$7,$7,$9,$7,$30,32,$0.24,$0.22,$213,$22,$0,$256,$57,$0,$8,$0,$91,$348,$28,$0,$18,$18,$46,$0,$120,$0,$301,$348,$7,$2,$4,$6,$-3,$-2,$1,$2,$-3,$10,$-3,$0,$0,$71,$0,$71,$1,$69,$0,$0,$0,$-0,$-0,$0,$0,$0,$79,$4,$0
43,2007-12-31,32.12,$9.63,3.34,$6.15,5.22,$3.55,9.06,$0.85,37.79,$0.24B,$0.03B,8.53,$0.00B,$0.29B,0.0,$0.19B,$0.10B,53.93%,$0.19B,$0.03B,13.61%,$0.19B,$0.03B,13.61%,$0.19B,$0.03B,16.75%,$0.19B,$0.04B,18.32%,$0.19B,$0.03B,14.66%,$0.03B,$0.29B,10.97%,$0.03B,$0.28B,11.24%,$0.03B,$0.34B,9.44%,$0.03B,$0.29B,10.19%,$53,$25,$28,$7,$13,$46,$7,$3,$10,$3,$7,$7,$7,$8,$7,$29,31,$0.22,$0.20,$205,$20,$0,$244,$57,$0,$9,$1,$91,$335,$29,$0,$17,$17,$46,$0,$113,$0,$289,$335,$27,$8,$16,$23,$-4,$9,$3,$2,$13,$63,$-11,$0,$-5,$-99,$21,$-79,$0,$-95,$0,$0,$0,$25,$25,$0,$1,$26,$-7,$14,$0
44,2007-09-30,27.71,$8.77,3.16,$5.80,4.78,$2.51,11.02,$0.75,36.95,$0.22B,$0.03B,7.67,$0.00B,$0.26B,0.0,$0.18B,$0.10B,54.19%,$0.18B,$0.02B,11.17%,$0.18B,$0.02B,11.17%,$0.18B,$0.03B,15.08%,$0.18B,$0.03B,15.64%,$0.18B,$0.02B,13.41%,$0.02B,$0.26B,10.07%,$0.02B,$0.25B,10.32%,$0.02B,$0.30B,8.63%,$0.02B,$0.26B,8.39%,$50,$23,$26,$7,$13,$44,$6,$2,$8,$1,$7,$7,$7,$8,$6,$29,31,$0.23,$0.22,$177,$20,$0,$217,$55,$1,$5,$0,$85,$302,$28,$0,$14,$14,$43,$0,$107,$0,$260,$302,$20,$6,$11,$17,$-4,$8,$2,$1,$7,$44,$-7,$0,$0,$-8,$0,$-8,$0,$-15,$0,$0,$0,$8,$8,$0,$0,$8,$37,$10,$0
45,2007-06-30,24.44,$8.39,2.91,$5.70,4.29,$1.82,13.46,$0.62,39.42,$0.19B,$0.02B,8.25,$0.00B,$0.24B,0.0,$0.17B,$0.10B,54.91%,$0.17B,$0.02B,8.67%,$0.17B,$0.02B,8.67%,$0.17B,$0.02B,12.72%,$0.17B,$0.02B,13.29%,$0.17B,$0.02B,11.56%,$0.02B,$0.24B,8.82%,$0.02B,$0.24B,9.05%,$0.02B,$0.28B,7.50%,$0.02B,$0.24B,6.62%,$43,$19,$24,$6,$12,$37,$6,$2,$9,$2,$7,$7,$7,$8,$6,$29,31,$0.24,$0.22,$149,$25,$0,$193,$55,$1,$6,$0,$85,$278,$23,$0,$14,$14,$38,$0,$100,$0,$241,$278,$13,$4,$5,$9,$-4,$3,$-1,$1,$-0,$22,$-5,$0,$0,$-5,$0,$-5,$0,$-10,$0,$0,$0,$0,$0,$0,$0,$0,$12,$6,$0
46,2007-03-31,21.13,$8.06,2.62,$5.64,3.74,$1.63,12.96,$0.55,38.42,$0.19B,$0.03B,6.95,$0.00B,$0.23B,0.0,$0.17B,$0.10B,55.56%,$0.17B,$0.01B,7.02%,$0.17B,$0.01B,7.02%,$0.17B,$0.02B,11.11%,$0.17B,$0.02B,11.11%,$0.17B,$0.02B,10.53%,$0.02B,$0.23B,8.24%,$0.02B,$0.23B,8.47%,$0.02B,$0.27B,6.96%,$0.01B,$0.23B,5.49%,$45,$20,$25,$6,$13,$39,$7,$2,$8,$2,$7,$7,$7,$8,$7,$29,31,$0.23,$0.21,$137,$26,$0,$187,$54,$1,$6,$0,$84,$271,$27,$0,$13,$13,$40,$0,$93,$0,$231,$271,$7,$2,$3,$5,$-7,$2,$1,$1,$-6,$6,$-1,$0,$0,$0,$1,$1,$0,$-0,$0,$0,$0,$0,$0,$0,$0,$0,$6,$3,$0
47,2006-12-31,21.88,$7.70,2.84,$5.36,4.08,$1.70,12.88,$0.31,70.56,$0.17B,$0.04B,4.33,$0.00B,$0.22B,0.0,$0.16B,$0.09B,54.66%,$0.16B,$0.00B,1.86%,$0.16B,$0.00B,1.86%,$0.16B,$0.01B,6.21%,$0.16B,$0.01B,6.21%,$0.16B,$0.01B,6.21%,$0.01B,$0.22B,4.65%,$0.01B,$0.22B,4.79%,$0.01B,$0.26B,3.95%,$0.00B,$0.22B,1.39%,$41,$19,$22,$6,$15,$40,$1,$2,$3,$-0,$3,$3,$3,$3,$1,$29,31,$0.11,$0.10,$129,$28,$0,$174,$53,$4,$6,$0,$87,$261,$40,$0,$0,$0,$40,$0,$85,$0,$221,$261,$9,$7,$11,$18,$3,$-10,$2,$-1,$2,$29,$-10,$-3,$0,$-25,$39,$14,$-1,$-0,$0,$0,$0,$-14,$-14,$0,$0,$-14,$15,$15,$0
