,Date,Stock Price,Book Value per Share,Price to Book Ratio,TTM Sales per Share,Price to Sales Ratio,TTM FCF per Share,Price to FCF Ratio,TTM Net EPS,PE Ratio,Current Assets,Current Liabilities,Current Ratio,Long Term Debt,Shareholder's Equity_x,Debt to Equity Ratio,TTM Revenue_x,TTM Gross Profit,Gross Margin,TTM Revenue_y,TTM Operating Income,Operating Margin,TTM Revenue_x,TTM EBIT,EBIT Margin,TTM Revenue_y,TTM EBITDA,EBITDA Margin,TTM Revenue_x,TTM Pre-Tax Income,Pre-Tax Margin,TTM Revenue_y,TTM Net Income_x,Net Margin,TTM Net Income_y,Shareholder's Equity_y,Return on Equity,TTM Net Income_x,Tangible Equity,Return on Tangible Equity,TTM Net Income_y,Total Assets,Return on Assets,TTM Net Income,LT Investments & Debt,Return on Investment,revenue,cost-goods-sold,gross-profit,research-development-expenses,selling-general-administrative-expenses,operating-expenses,operating-income,total-non-operating-income-expense,pre-tax-income,total-provision-income-taxes,income-after-taxes,income-from-continuous-operations,net-income,ebitda,ebit,basic-shares-outstanding,shares-outstanding,eps-basic-net-earnings-per-share,eps-earnings-per-share-diluted,cash-on-hand,inventory,other-current-assets,total-current-assets,net-property-plant-equipment,long-term-investments,goodwill-intangible-assets-total,other-long-term-assets,total-long-term-assets,total-assets,total-current-liabilities,long-term-debt,other-non-current-liabilities,total-long-term-liabilities,total-liabilities,common-stock-net,retained-earnings-accumulated-deficit,comprehensive-income,total-share-holder-equity,total-liabilities-share-holders-equity,net-income-loss,total-depreciation-amortization-cash-flow,other-non-cash-items,total-non-cash-items,change-in-accounts-receivable,change-in-inventories,change-in-accounts-payable,change-in-assets-liabilities,total-change-in-assets-liabilities,cash-flow-from-operating-activities,net-change-in-property-plant-equipment,net-change-in-intangible-assets,net-acquisitions-divestitures,net-change-in-short-term-investments,net-change-in-long-term-investments,net-change-in-investments-total,investing-activities-other,cash-flow-from-investing-activities,net-long-term-debt,net-current-debt,debt-issuance-retirement-net-total,net-common-equity-issued-repurchased,net-total-equity-issued-repurchased,total-common-preferred-stock-dividends-paid,financial-activities-other,cash-flow-from-financial-activities,net-cash-flow,stock-based-compensation,common-stock-dividends-paid
0,2018-09-30,37.2,$30.68,1.21,$8.93,4.17,$7.38,5.04,$2.00,18.6,$9.09B,$8.62B,1.06,$0.97B,$1.92B,0.51,$0.43B,$0.39B,89.77%,$0.43B,$0.17B,38.84%,$0.43B,0,0.00%,$0.43B,0,0.00%,$0.43B,$0.15B,33.95%,$0.43B,$0.10B,23.02%,$0.10B,$1.92B,6.94%,$0.10B,$1.00B,12.41%,$0.10B,$11.50B,1.11%,$0.17B,$2.89B,7.96%,$136,$16,$120,$0,$65,$86,$50,$-14,$36,$8,$28,$28,$28,$0,$0,$62,62,$0.46,$0.46,$270,$0,$0,$9086,$66,$1214,$913,$198,$2418,$11504,$8615,$972,$0,$972,$9588,$1,$261,$-17,$1916,$11504,$84,$24,$36,$60,$-11,$0,$0,$0,$9,$152,$-9,$0,$147,$0,$79,$79,$-288,$-72,$-11,$86,$76,$0,$0,$0,$-91,$-15,$66,$6,$0
1,2018-06-30,38.15,$27.63,1.38,$8.68,4.4,$6.02,6.34,$2.04,18.7,$6.43B,$6.39B,1.01,$0.48B,$1.29B,0.38,$0.37B,$0.34B,91.13%,$0.37B,$0.15B,39.78%,$0.37B,0,0.00%,$0.37B,0,0.00%,$0.37B,$0.14B,37.90%,$0.37B,$0.09B,24.46%,$0.09B,$1.29B,7.62%,$0.09B,$0.76B,13.16%,$0.09B,$8.16B,1.18%,$0.15B,$1.77B,8.52%,$101,$12,$89,$0,$49,$62,$38,$-1,$37,$10,$27,$27,$27,$0,$0,$46,47,$0.59,$0.58,$138,$0,$0,$6425,$54,$989,$533,$140,$1733,$8158,$6385,$484,$0,$484,$6870,$0,$232,$-12,$1289,$8158,$55,$10,$9,$19,$11,$0,$0,$0,$32,$107,$-5,$0,$-0,$0,$-127,$-127,$-105,$-238,$-11,$-147,$-157,$0,$0,$0,$222,$65,$-66,$4,$0
2,2018-03-31,40.2,$27.12,1.48,$8.44,4.76,$4.90,8.2,$1.81,22.21,$6.40B,$6.24B,1.03,$0.59B,$1.26B,0.47,$0.35B,$0.32B,92.53%,$0.35B,$0.14B,40.80%,$0.35B,0,0.00%,$0.35B,0,0.00%,$0.35B,$0.13B,36.21%,$0.35B,$0.08B,22.41%,$0.08B,$1.26B,7.02%,$0.08B,$0.73B,12.17%,$0.08B,$8.09B,1.07%,$0.14B,$1.85B,8.59%,$98,$10,$89,$0,$49,$61,$38,$-1,$37,$9,$28,$28,$28,$0,$0,$46,47,$0.61,$0.60,$133,$0,$0,$6400,$53,$970,$535,$115,$1687,$8087,$6236,$589,$0,$589,$6825,$0,$205,$-9,$1262,$8087,$28,$4,$7,$11,$8,$0,$0,$0,$-4,$36,$3,$0,$-0,$0,$-102,$-102,$-61,$-160,$-10,$-42,$-53,$-0,$-0,$0,$106,$53,$-71,$2,$0
3,2017-12-31,40.0,$26.86,1.49,$8.11,4.93,$4.33,9.24,$1.55,25.81,$6.42B,$6.14B,1.05,$0.64B,$1.24B,0.52,$0.30B,$0.28B,93.00%,$0.30B,$0.12B,41.00%,$0.30B,0,0.00%,$0.30B,0,0.00%,$0.30B,$0.10B,34.33%,$0.30B,$0.06B,20.00%,$0.06B,$1.24B,6.57%,$0.06B,$0.71B,10.93%,$0.06B,$8.03B,0.95%,$0.12B,$1.88B,8.76%,$95,$8,$88,$0,$45,$54,$41,$-5,$36,$19,$16,$16,$16,$0,$0,$38,39,$0.37,$0.37,$204,$0,$0,$6422,$53,$872,$536,$129,$1603,$8025,$6141,$641,$0,$641,$6783,$0,$177,$0,$1242,$8025,$60,$20,$167,$187,$-168,$0,$0,$0,$-163,$84,$-4,$0,$226,$0,$27,$27,$-545,$-296,$3,$61,$64,$3,$3,$0,$188,$255,$43,$6,$0
4,2017-09-30,37.75,$24.44,1.54,$7.46,5.06,$4.50,8.39,$1.62,23.3,$5.17B,$5.09B,1.02,$0.46B,$0.98B,0.47,$0.26B,$0.24B,93.33%,$0.26B,$0.10B,40.00%,$0.26B,0,0.00%,$0.26B,0,0.00%,$0.26B,$0.09B,33.73%,$0.26B,$0.06B,21.96%,$0.06B,$0.98B,7.80%,$0.06B,$0.58B,12.19%,$0.06B,$6.53B,1.06%,$0.10B,$1.44B,8.89%,$78,$6,$73,$0,$39,$47,$31,$-1,$31,$11,$20,$20,$20,$0,$0,$40,40,$0.51,$0.50,$126,$0,$0,$5173,$46,$781,$405,$106,$1359,$6532,$5089,$462,$0,$462,$5551,$0,$161,$2,$982,$6532,$44,$14,$8,$22,$-37,$0,$0,$0,$-26,$40,$-2,$0,$77,$-0,$135,$134,$-416,$-207,$0,$-74,$-74,$3,$3,$0,$203,$132,$-35,$4,$0
5,2017-06-30,36.9,$23.96,1.54,$7.26,5.08,$4.99,7.4,$1.45,25.45,$5.09B,$5.00B,1.02,$0.48B,$0.96B,0.5,$0.23B,$0.21B,93.33%,$0.23B,$0.09B,38.22%,$0.23B,0,0.00%,$0.23B,0,0.00%,$0.23B,$0.07B,31.11%,$0.23B,$0.05B,20.00%,$0.05B,$0.96B,7.69%,$0.05B,$0.55B,11.25%,$0.05B,$6.44B,0.98%,$0.09B,$1.44B,9.05%,$77,$5,$72,$0,$39,$46,$32,$-10,$22,$8,$14,$14,$14,$0,$0,$40,40,$0.36,$0.35,$233,$0,$0,$5094,$45,$767,$406,$106,$1346,$6441,$5004,$477,$0,$477,$5481,$0,$141,$3,$960,$6441,$24,$10,$5,$15,$0,$0,$0,$0,$5,$44,$-1,$0,$77,$0,$141,$141,$-264,$-46,$0,$-59,$-59,$3,$3,$0,$131,$75,$72,$3,$0
6,2017-03-31,38.55,$16.88,2.28,$6.96,5.53,$4.89,7.89,$1.47,26.22,$3.49B,$3.32B,1.05,$0.38B,$0.47B,0.81,$0.19B,$0.18B,93.26%,$0.19B,$0.07B,36.79%,$0.19B,0,0.00%,$0.19B,0,0.00%,$0.19B,$0.07B,33.68%,$0.19B,$0.04B,21.24%,$0.04B,$0.47B,9.00%,$0.04B,$0.36B,11.94%,$0.04B,$4.17B,1.05%,$0.07B,$0.85B,9.48%,$50,$4,$46,$0,$27,$31,$19,$-5,$14,$5,$10,$10,$10,$0,$0,$28,28,$0.35,$0.34,$104,$0,$0,$3492,$12,$481,$111,$65,$683,$4174,$3323,$381,$0,$381,$3703,$0,$127,$-2,$471,$4174,$10,$2,$7,$9,$-2,$0,$0,$0,$-10,$8,$-1,$0,$0,$0,$-53,$-53,$-145,$-199,$0,$-17,$-17,$-0,$-0,$0,$152,$135,$-56,$1,$0
7,2016-12-31,35.35,$16.54,2.14,$6.82,5.18,$5.04,7.02,$1.46,24.21,$3.40B,$3.18B,1.07,$0.40B,$0.46B,0.86,$0.19B,$0.17B,93.51%,$0.19B,$0.07B,37.30%,$0.19B,0,0.00%,$0.19B,0,0.00%,$0.19B,$0.07B,35.14%,$0.19B,$0.04B,21.62%,$0.04B,$0.46B,8.99%,$0.04B,$0.35B,12.03%,$0.04B,$4.04B,1.07%,$0.07B,$0.86B,9.97%,$50,$3,$47,$0,$26,$30,$20,$-1,$19,$7,$12,$12,$12,$0,$0,$27,27,$0.44,$0.43,$161,$0,$0,$3402,$12,$427,$112,$67,$634,$4036,$3179,$397,$0,$397,$3577,$0,$117,$-3,$460,$4036,$40,$16,$129,$145,$-117,$0,$0,$0,$-122,$63,$-2,$0,$40,$0,$80,$80,$-549,$-431,$-51,$182,$131,$1,$1,$0,$314,$446,$78,$3,$0
8,2016-09-30,26.46,$16.27,1.63,$6.67,3.97,$3.88,6.82,$1.40,18.9,$3.20B,$3.10B,1.03,$0.21B,$0.45B,0.46,$0.17B,$0.16B,92.98%,$0.17B,$0.06B,36.26%,$0.17B,0,0.00%,$0.17B,0,0.00%,$0.17B,$0.06B,34.50%,$0.17B,$0.04B,21.05%,$0.04B,$0.45B,8.89%,$0.04B,$0.34B,11.77%,$0.04B,$3.76B,1.05%,$0.06B,$0.66B,10.02%,$48,$3,$45,$0,$29,$33,$15,$0,$15,$6,$9,$9,$9,$0,$0,$27,28,$0.34,$0.33,$108,$0,$0,$3197,$11,$352,$112,$62,$557,$3755,$3099,$206,$0,$206,$3305,$0,$105,$1,$450,$3755,$28,$3,$88,$91,$-80,$0,$0,$0,$-79,$40,$-0,$0,$40,$0,$155,$155,$-377,$-182,$-61,$0,$-61,$1,$1,$0,$228,$168,$25,$2,$0
9,2016-06-30,24.0,$15.94,1.51,$6.50,3.69,$3.14,7.64,$1.43,16.78,$3.11B,$2.97B,1.05,$0.19B,$0.44B,0.43,$0.16B,$0.15B,92.36%,$0.16B,$0.06B,38.22%,$0.16B,0,0.00%,$0.16B,0,0.00%,$0.16B,$0.06B,36.31%,$0.16B,$0.04B,22.29%,$0.04B,$0.44B,9.59%,$0.04B,$0.33B,12.53%,$0.04B,$3.60B,1.11%,$0.06B,$0.63B,10.12%,$45,$3,$42,$0,$24,$28,$17,$-0,$17,$6,$10,$10,$10,$0,$0,$27,28,$0.38,$0.37,$189,$0,$0,$3113,$11,$282,$112,$64,$485,$3599,$2967,$191,$0,$191,$3158,$0,$96,$2,$441,$3599,$19,$3,$48,$51,$-43,$0,$0,$0,$-44,$26,$1,$0,$40,$0,$224,$224,$-209,$57,$-76,$0,$-76,$1,$1,$0,$99,$24,$107,$1,$0
10,2016-03-31,21.37,$15.58,1.37,$6.45,3.31,$2.45,8.71,$1.42,15.05,$3.05B,$2.94B,1.04,$0.20B,$0.43B,0.46,$0.15B,$0.13B,91.78%,$0.15B,$0.06B,37.67%,$0.15B,0,0.00%,$0.15B,0,0.00%,$0.15B,$0.05B,35.62%,$0.15B,$0.03B,22.60%,$0.03B,$0.43B,10.15%,$0.03B,$0.32B,13.04%,$0.03B,$3.56B,1.13%,$0.06B,$0.62B,9.73%,$42,$3,$39,$0,$21,$25,$17,$-3,$14,$6,$9,$9,$9,$0,$0,$26,26,$0.33,$0.33,$197,$0,$0,$3050,$12,$305,$113,$66,$514,$3563,$2939,$195,$0,$195,$3134,$0,$86,$1,$429,$3563,$9,$-1,$0,$-0,$7,$0,$0,$0,$1,$9,$1,$0,$40,$0,$202,$202,$-142,$102,$-71,$0,$-71,$0,$0,$0,$75,$4,$115,$0,$0
11,2015-12-31,21.25,$13.86,1.53,$6.20,3.43,$2.04,10.44,$1.18,18.01,$2.34B,$2.23B,1.05,$0.27B,$0.30B,0.89,$0.13B,$0.12B,90.91%,$0.13B,$0.05B,34.09%,$0.13B,0,0.00%,$0.13B,0,0.00%,$0.13B,$0.04B,31.06%,$0.13B,$0.03B,19.70%,$0.03B,$0.30B,9.08%,$0.03B,$0.24B,11.43%,$0.03B,$2.79B,0.95%,$0.05B,$0.56B,7.75%,$36,$3,$33,$0,$19,$23,$13,$-0,$13,$5,$8,$8,$8,$0,$0,$21,21,$0.40,$0.38,$80,$0,$0,$2335,$9,$312,$58,$63,$454,$2790,$2225,$265,$0,$265,$2491,$0,$77,$0,$299,$2790,$26,$5,$91,$96,$-105,$0,$0,$0,$-98,$24,$-0,$0,$3,$-2,$-38,$-40,$-294,$-331,$0,$48,$48,$1,$1,$0,$227,$275,$-33,$1,$0
12,2015-09-30,20.32,$13.52,1.5,$6.10,3.33,$1.63,12.47,$1.04,19.54,$2.26B,$2.16B,1.05,$0.26B,$0.29B,0.9,$0.12B,$0.11B,91.06%,$0.12B,$0.04B,32.52%,$0.12B,0,0.00%,$0.12B,0,0.00%,$0.12B,$0.04B,28.46%,$0.12B,$0.02B,17.89%,$0.02B,$0.29B,8.41%,$0.02B,$0.23B,10.48%,$0.02B,$2.72B,0.87%,$0.04B,$0.55B,7.46%,$34,$3,$31,$0,$18,$21,$13,$-0,$13,$5,$8,$8,$8,$0,$0,$22,22,$0.36,$0.36,$103,$0,$0,$2264,$9,$314,$58,$58,$452,$2715,$2163,$262,$0,$262,$2425,$0,$69,$1,$291,$2715,$17,$4,$5,$9,$-12,$0,$0,$0,$-12,$14,$1,$0,$3,$0,$-38,$-38,$-203,$-237,$42,$0,$42,$1,$1,$0,$172,$215,$-8,$1,$0
13,2015-06-30,16.96,$13.09,1.3,$6.01,2.82,$1.51,11.22,$0.99,17.13,$2.20B,$2.12B,1.04,$0.24B,$0.28B,0.84,$0.12B,$0.10B,90.43%,$0.12B,$0.04B,31.30%,$0.12B,0,0.00%,$0.12B,0,0.00%,$0.12B,$0.03B,26.96%,$0.12B,$0.02B,16.52%,$0.02B,$0.28B,7.97%,$0.02B,$0.22B,9.78%,$0.02B,$2.64B,0.80%,$0.04B,$0.52B,7.00%,$34,$3,$31,$0,$19,$22,$12,$0,$12,$5,$8,$8,$8,$0,$0,$21,22,$0.36,$0.36,$83,$0,$0,$2196,$9,$303,$59,$57,$441,$2637,$2117,$238,$0,$238,$2355,$0,$61,$-0,$282,$2637,$10,$2,$5,$7,$-8,$0,$0,$0,$-10,$7,$-1,$0,$3,$0,$-32,$-32,$-154,$-183,$17,$0,$17,$2,$2,$0,$129,$149,$-28,$0,$0
14,2015-03-31,16.19,$12.78,1.27,$5.67,2.85,$1.37,11.84,$0.90,17.99,$2.31B,$2.07B,1.12,$0.41B,$0.27B,1.51,$0.10B,$0.09B,90.29%,$0.10B,$0.03B,30.10%,$0.10B,0,0.00%,$0.10B,0,0.00%,$0.10B,$0.03B,25.24%,$0.10B,$0.02B,15.53%,$0.02B,$0.27B,7.42%,$0.02B,$0.21B,8.93%,$0.02B,$2.75B,0.73%,$0.03B,$0.69B,6.21%,$28,$3,$25,$0,$18,$21,$7,$-4,$3,$1,$2,$2,$2,$0,$0,$20,20,$0.09,$0.09,$178,$0,$0,$2305,$10,$311,$59,$55,$448,$2753,$2066,$414,$0,$414,$2480,$0,$53,$1,$273,$2753,$2,$1,$2,$3,$-5,$0,$0,$0,$-4,$0,$-1,$0,$3,$0,$-36,$-36,$-170,$-203,$193,$0,$193,$-0,$-0,$0,$76,$270,$67,$0,$0
15,2014-12-31,17.33,$11.81,1.47,$5.45,3.18,$1.29,13.41,$0.96,18.05,$1.73B,$1.65B,1.05,$0.19B,$0.20B,0.94,$0.10B,$0.09B,91.58%,$0.10B,$0.03B,30.53%,$0.10B,0,0.00%,$0.10B,0,0.00%,$0.10B,$0.03B,28.42%,$0.10B,$0.02B,17.89%,$0.02B,$0.20B,8.73%,$0.02B,$0.17B,10.26%,$0.02B,$2.04B,0.88%,$0.03B,$0.39B,7.23%,$27,$3,$25,$0,$17,$20,$8,$-1,$7,$3,$4,$4,$4,$0,$0,$17,17,$0.22,$0.23,$111,$0,$0,$1734,$9,$219,$29,$39,$304,$2039,$1652,$187,$0,$187,$1839,$0,$51,$1,$200,$2039,$17,$4,$1,$4,$-10,$0,$0,$0,$-8,$13,$-1,$0,$-8,$-2,$59,$57,$-300,$-252,$-96,$0,$-96,$-5,$-5,$0,$325,$223,$-16,$1,$0
16,2014-09-30,14.05,$11.59,1.21,$5.11,2.75,$1.33,10.53,$0.97,14.48,$1.65B,$1.57B,1.05,$0.27B,$0.20B,1.34,$0.09B,$0.08B,91.01%,$0.09B,$0.03B,32.58%,$0.09B,0,0.00%,$0.09B,0,0.00%,$0.09B,$0.03B,30.34%,$0.09B,$0.02B,19.10%,$0.02B,$0.20B,9.02%,$0.02B,$0.17B,10.58%,$0.02B,$2.03B,0.92%,$0.03B,$0.46B,7.22%,$26,$2,$23,$0,$14,$17,$9,$0,$9,$3,$5,$5,$5,$0,$0,$17,17,$0.32,$0.31,$104,$0,$0,$1648,$9,$301,$29,$37,$387,$2034,$1571,$266,$0,$266,$1836,$0,$48,$0,$198,$2034,$13,$3,$0,$3,$-7,$0,$0,$0,$-5,$11,$-1,$0,$-8,$-2,$-19,$-21,$-221,$-251,$-76,$0,$-76,$-3,$-3,$0,$296,$217,$-23,$0,$0
17,2014-06-30,14.09,$11.26,1.25,$4.71,2.99,$1.21,11.62,$0.84,16.77,$1.58B,$1.46B,1.08,$0.27B,$0.19B,1.38,$0.08B,$0.08B,91.46%,$0.08B,$0.03B,30.49%,$0.08B,0,0.00%,$0.08B,0,0.00%,$0.08B,$0.02B,28.05%,$0.08B,$0.02B,18.29%,$0.02B,$0.19B,8.25%,$0.02B,$0.16B,9.66%,$0.02B,$1.92B,0.86%,$0.03B,$0.46B,7.09%,$22,$2,$20,$0,$12,$14,$7,$0,$7,$3,$5,$5,$5,$0,$0,$17,17,$0.28,$0.27,$120,$0,$0,$1584,$9,$254,$29,$35,$338,$1922,$1464,$266,$0,$266,$1729,$0,$42,$-0,$192,$1922,$7,$1,$-1,$1,$-4,$0,$0,$0,$-5,$3,$-1,$0,$-8,$0,$-145,$-145,$24,$-130,$-16,$0,$-16,$-3,$-3,$0,$139,$120,$-7,$0,$0
18,2014-03-31,16.14,$10.96,1.47,$4.58,3.52,$1.45,11.14,$0.55,29.35,$1.45B,$1.45B,1.0,$0.11B,$0.19B,0.56,$0.08B,$0.07B,92.21%,$0.08B,$0.02B,29.87%,$0.08B,0,0.00%,$0.08B,0,0.00%,$0.08B,$0.02B,20.78%,$0.08B,$0.01B,12.99%,$0.01B,$0.19B,5.68%,$0.01B,$0.16B,6.66%,$0.01B,$1.75B,0.61%,$0.02B,$0.30B,7.80%,$20,$1,$19,$0,$14,$15,$5,$-1,$4,$2,$3,$3,$3,$0,$0,$17,17,$0.15,$0.15,$124,$0,$0,$1447,$10,$216,$29,$34,$298,$1745,$1451,$106,$0,$106,$1556,$0,$37,$-1,$189,$1745,$3,$1,$0,$1,$-1,$0,$0,$0,$-5,$-1,$-0,$0,$-8,$0,$38,$38,$16,$46,$-176,$0,$-176,$-0,$-0,$0,$129,$-47,$-2,$0,$0
19,2013-12-31,15.74,$10.52,1.5,$4.48,3.51,$1.49,10.57,$0.53,29.7,$1.37B,$1.33B,1.03,$0.21B,$0.18B,1.22,$0.07B,$0.07B,91.78%,$0.07B,$0.02B,31.51%,$0.07B,0,0.00%,$0.07B,0,0.00%,$0.07B,$0.02B,20.55%,$0.07B,$0.01B,12.33%,$0.01B,$0.18B,5.35%,$0.01B,$0.15B,6.19%,$0.01B,$1.71B,0.58%,$0.02B,$0.39B,8.39%,$21,$1,$19,$0,$12,$13,$8,$-0,$7,$2,$4,$4,$4,$0,$0,$16,17,$0.26,$0.25,$127,$0,$0,$1368,$10,$272,$24,$32,$346,$1714,$1325,$214,$0,$214,$1539,$0,$35,$-3,$175,$1714,$9,$2,$-2,$0,$-3,$0,$0,$0,$6,$16,$-4,$0,$138,$0,$163,$163,$-183,$115,$72,$0,$72,$5,$5,$0,$-139,$-63,$67,$1,$0
20,2013-09-30,13.42,$10.28,1.31,$4.82,2.78,$1.47,9.14,$0.61,22.0,$1.20B,$1.30B,0.92,$0.10B,$0.17B,0.57,$0.07B,$0.06B,92.75%,$0.07B,$0.02B,30.43%,$0.07B,0,0.00%,$0.07B,0,0.00%,$0.07B,$0.01B,20.29%,$0.07B,$0.01B,13.04%,$0.01B,$0.17B,5.69%,$0.01B,$0.15B,6.39%,$0.01B,$1.57B,0.63%,$0.02B,$0.27B,8.69%,$19,$1,$17,$0,$12,$14,$5,$0,$5,$2,$3,$3,$3,$0,$0,$17,17,$0.19,$0.18,$61,$0,$0,$1201,$10,$294,$24,$31,$368,$1569,$1301,$97,$0,$97,$1398,$0,$31,$-3,$171,$1569,$5,$2,$-1,$0,$0,$0,$0,$0,$6,$11,$-3,$0,$139,$0,$274,$274,$-215,$194,$-46,$0,$-46,$5,$5,$0,$-161,$-203,$2,$1,$0
21,2013-06-30,12.22,$10.15,1.2,$5.19,2.36,$0.92,13.3,$0.75,16.29,$1.16B,$1.33B,0.87,$0.06B,$0.17B,0.35,$0.07B,$0.06B,92.42%,$0.07B,$0.02B,33.33%,$0.07B,0,0.00%,$0.07B,0,0.00%,$0.07B,$0.02B,22.73%,$0.07B,$0.01B,13.64%,$0.01B,$0.17B,6.41%,$0.01B,$0.14B,7.02%,$0.01B,$1.56B,0.69%,$0.02B,$0.23B,9.94%,$17,$1,$16,$0,$11,$13,$5,$-5,$-0,$0,$-0,$-0,$-0,$0,$0,$16,16,$-0.02,$-0.02,$104,$0,$0,$1161,$10,$325,$25,$29,$398,$1558,$1331,$58,$0,$58,$1390,$0,$28,$-2,$169,$1558,$2,$1,$-1,$-1,$-0,$0,$0,$0,$6,$7,$-1,$0,$139,$0,$200,$200,$-89,$249,$-84,$0,$-84,$5,$5,$0,$-131,$-211,$45,$0,$0
22,2013-03-31,13.15,$10.21,1.29,$5.90,2.23,$0.80,16.35,$1.32,9.96,$1.04B,$1.20B,0.87,$0.06B,$0.16B,0.35,$0.07B,$0.06B,91.30%,$0.07B,$0.03B,39.13%,$0.07B,0,0.00%,$0.07B,0,0.00%,$0.07B,$0.03B,36.23%,$0.07B,$0.02B,21.74%,$0.02B,$0.16B,12.27%,$0.02B,$0.14B,12.96%,$0.02B,$1.41B,1.27%,$0.03B,$0.21B,13.62%,$16,$1,$15,$0,$10,$11,$5,$-2,$3,$1,$2,$2,$2,$0,$0,$14,15,$0.14,$0.13,$99,$0,$0,$1042,$9,$312,$16,$25,$365,$1407,$1195,$55,$0,$55,$1249,$0,$28,$2,$158,$1407,$2,$-0,$0,$0,$-2,$0,$0,$0,$-2,$0,$-1,$0,$125,$0,$58,$58,$18,$200,$-88,$0,$-88,$5,$5,$0,$-76,$-160,$40,$0,$0
23,2012-12-31,10.24,$9.85,1.04,$6.08,1.68,$0.99,10.31,$1.44,7.11,$1.04B,$0.91B,1.14,$0.13B,$0.14B,0.94,$0.07B,$0.06B,89.39%,$0.07B,$0.03B,39.39%,$0.07B,0,0.00%,$0.07B,0,0.00%,$0.07B,$0.03B,39.39%,$0.07B,$0.02B,24.24%,$0.02B,$0.14B,15.24%,$0.02B,$0.13B,15.65%,$0.02B,$1.17B,1.48%,$0.03B,$0.26B,14.67%,$17,$2,$16,$0,$10,$11,$6,$0,$6,$2,$4,$4,$4,$0,$0,$11,11,$0.33,$0.32,$59,$0,$0,$1041,$9,$95,$3,$19,$132,$1174,$913,$126,$0,$126,$1039,$0,$26,$1,$135,$1174,$16,$0,$-4,$-4,$-2,$0,$0,$0,$0,$12,$-5,$0,$39,$0,$241,$241,$-368,$-91,$87,$0,$87,$31,$31,$0,$-40,$78,$-1,$0,$0
24,2012-09-30,9.54,$9.66,0.99,$5.76,1.66,$1.16,8.22,$1.36,7.01,$0.92B,$0.90B,1.02,$0.09B,$0.10B,0.86,$0.06B,$0.05B,87.10%,$0.06B,$0.02B,38.71%,$0.06B,0,0.00%,$0.06B,0,0.00%,$0.06B,$0.02B,38.71%,$0.06B,$0.02B,24.19%,$0.02B,$0.10B,16.13%,$0.02B,$0.10B,16.57%,$0.02B,$1.09B,1.46%,$0.02B,$0.19B,16.70%,$16,$2,$14,$0,$8,$10,$6,$0,$6,$2,$3,$3,$3,$0,$0,$10,11,$0.34,$0.32,$58,$0,$0,$919,$10,$126,$3,$26,$171,$1089,$904,$86,$0,$86,$989,$0,$22,$1,$100,$1089,$12,$0,$-3,$-3,$-10,$0,$0,$0,$-9,$0,$-1,$0,$39,$0,$148,$148,$-187,$-0,$47,$0,$47,$0,$0,$0,$-49,$-2,$-2,$0,$0
25,2012-06-30,8.4,$9.30,0.9,$5.71,1.47,$2.08,4.03,$1.27,6.61,$0.86B,$0.93B,0.92,$0.04B,$0.10B,0.4,$0.06B,$0.05B,85.25%,$0.06B,$0.02B,36.07%,$0.06B,0,0.00%,$0.06B,0,0.00%,$0.06B,$0.02B,36.07%,$0.06B,$0.01B,22.95%,$0.01B,$0.10B,15.69%,$0.01B,$0.09B,16.14%,$0.01B,$1.07B,1.42%,$0.02B,$0.14B,17.19%,$20,$2,$18,$0,$8,$10,$10,$0,$10,$4,$6,$6,$6,$0,$0,$10,11,$0.56,$0.55,$65,$0,$0,$859,$9,$159,$3,$29,$206,$1065,$930,$39,$0,$39,$969,$0,$19,$1,$96,$1065,$9,$-0,$-2,$-2,$-4,$0,$0,$0,$-4,$3,$-0,$0,$39,$0,$75,$75,$-81,$33,$0,$0,$0,$-0,$-0,$0,$-31,$-31,$5,$0,$0
26,2012-03-31,8.0,$8.66,0.92,$4.98,1.61,$2.16,3.7,$0.80,10.0,$0.78B,$0.86B,0.92,$0.04B,$0.09B,0.43,$0.05B,$0.04B,81.13%,$0.05B,$0.01B,24.53%,$0.05B,0,0.00%,$0.05B,0,0.00%,$0.05B,$0.01B,24.53%,$0.05B,$0.01B,16.98%,$0.01B,$0.09B,10.50%,$0.01B,$0.09B,10.78%,$0.01B,$0.99B,0.94%,$0.01B,$0.13B,10.44%,$13,$2,$11,$0,$7,$9,$4,$0,$4,$2,$3,$3,$3,$0,$0,$10,11,$0.26,$0.25,$94,$0,$0,$784,$10,$163,$2,$18,$201,$985,$857,$39,$0,$39,$896,$0,$13,$0,$89,$985,$3,$0,$0,$1,$0,$0,$0,$0,$-2,$2,$-0,$0,$0,$0,$6,$6,$8,$14,$0,$0,$0,$-0,$-0,$0,$18,$18,$33,$0,$0
27,2011-12-31,6.34,$8.39,0.76,$5.32,1.19,$1.88,3.37,$0.99,6.4,$0.79B,$0.84B,0.95,$0.04B,$0.09B,0.45,$0.06B,$0.05B,80.70%,$0.06B,$0.02B,29.82%,$0.06B,0,0.00%,$0.06B,0,0.00%,$0.06B,$0.02B,29.82%,$0.06B,$0.01B,19.30%,$0.01B,$0.09B,13.17%,$0.01B,$0.09B,13.58%,$0.01B,$0.96B,1.16%,$0.02B,$0.13B,13.93%,$13,$2,$11,$0,$7,$9,$4,$0,$4,$2,$3,$3,$3,$0,$0,$10,11,$0.25,$0.24,$60,$0,$0,$794,$10,$128,$2,$18,$167,$961,$836,$39,$0,$39,$874,$0,$10,$0,$87,$961,$11,$0,$0,$0,$5,$0,$0,$0,$1,$12,$-3,$0,$0,$0,$196,$196,$-129,$64,$-40,$0,$-40,$-4,$-4,$0,$-35,$-79,$-3,$0,$0
28,2011-09-30,5.9,$8.39,0.7,$5.00,1.18,$1.83,3.23,$0.89,6.63,$0.77B,$0.81B,0.95,$0.04B,$0.09B,0.46,$0.05B,$0.04B,79.63%,$0.05B,$0.02B,29.63%,$0.05B,0,0.00%,$0.05B,0,0.00%,$0.05B,$0.02B,29.63%,$0.05B,$0.01B,18.52%,$0.01B,$0.09B,12.27%,$0.01B,$0.08B,12.58%,$0.01B,$0.93B,1.09%,$0.02B,$0.12B,12.33%,$15,$2,$12,$0,$8,$11,$4,$0,$4,$1,$2,$2,$2,$0,$0,$10,11,$0.25,$0.23,$38,$0,$0,$767,$10,$121,$2,$19,$161,$929,$805,$39,$0,$39,$844,$0,$7,$1,$85,$929,$8,$0,$-2,$-1,$8,$0,$0,$0,$5,$11,$-3,$0,$0,$0,$156,$156,$-80,$73,$-40,$0,$-40,$-4,$-4,$0,$-67,$-110,$-26,$0,$0
29,2011-06-30,6.4,$8.11,0.79,$4.63,1.38,$1.42,4.52,$0.83,7.71,$0.75B,$0.83B,0.91,$0.04B,$0.08B,0.47,$0.05B,$0.04B,78.00%,$0.05B,$0.02B,30.00%,$0.05B,0,0.00%,$0.05B,0,0.00%,$0.05B,$0.02B,30.00%,$0.05B,$0.01B,20.00%,$0.01B,$0.08B,12.50%,$0.01B,$0.08B,12.70%,$0.01B,$0.95B,1.13%,$0.02B,$0.12B,10.89%,$12,$2,$9,$0,$8,$11,$1,$0,$1,$0,$1,$1,$1,$0,$0,$10,11,$0.08,$0.08,$47,$0,$0,$751,$10,$155,$2,$21,$198,$948,$827,$39,$0,$39,$866,$0,$5,$0,$82,$948,$6,$0,$-3,$-2,$7,$0,$0,$0,$3,$6,$-2,$0,$0,$0,$83,$83,$-12,$69,$-40,$0,$-40,$-4,$-4,$0,$-48,$-91,$-16,$0,$0
30,2011-03-31,6.82,$7.90,0.86,$4.33,1.57,$1.56,4.38,$0.78,8.74,$0.75B,$0.84B,0.9,$0.04B,$0.08B,0.49,$0.05B,$0.04B,76.60%,$0.05B,$0.01B,29.79%,$0.05B,0,0.00%,$0.05B,0,0.00%,$0.05B,$0.01B,29.79%,$0.05B,$0.01B,19.15%,$0.01B,$0.08B,11.46%,$0.01B,$0.08B,11.58%,$0.01B,$0.96B,1.06%,$0.01B,$0.12B,9.62%,$17,$3,$14,$0,$6,$9,$8,$0,$8,$3,$5,$5,$5,$0,$0,$10,11,$0.47,$0.44,$57,$0,$0,$752,$8,$155,$2,$30,$205,$956,$838,$39,$0,$39,$877,$0,$4,$-1,$80,$956,$5,$0,$-4,$-3,$2,$0,$0,$0,$-3,$-1,$-0,$0,$0,$0,$47,$47,$22,$69,$-40,$0,$-40,$-4,$-4,$0,$-31,$-74,$-7,$0,$0
31,2010-12-31,6.48,$7.83,0.83,$3.63,1.79,$1.88,3.44,$0.38,17.05,$0.62B,$0.67B,0.93,$0.08B,$0.08B,1.0,$0.04B,$0.03B,71.79%,$0.04B,$0.01B,17.95%,$0.04B,0,0.00%,$0.04B,0,0.00%,$0.04B,$0.01B,17.95%,$0.04B,$0.00B,10.26%,$0.00B,$0.08B,5.19%,$0.00B,$0.08B,5.19%,$0.00B,$0.83B,0.50%,$0.01B,$0.16B,4.55%,$10,$3,$8,$0,$5,$8,$3,$0,$3,$1,$2,$2,$2,$0,$0,$10,11,$0.16,$0.14,$63,$0,$0,$623,$8,$168,$0,$16,$204,$827,$669,$79,$0,$79,$748,$0,$-1,$-1,$79,$827,$4,$2,$3,$5,$4,$0,$0,$0,$1,$9,$-1,$0,$0,$0,$58,$58,$-81,$-23,$-23,$0,$-23,$0,$0,$0,$41,$18,$4,$0,$0
32,2010-09-30,4.45,$7.83,0.57,$4.55,0.98,$2.06,2.16,$0.20,22.25,$0.60B,$0.67B,0.9,$0.08B,$0.08B,0.98,$0.04B,$0.03B,65.00%,$0.04B,$0.00B,10.00%,$0.04B,0,0.00%,$0.04B,0,0.00%,$0.04B,$0.00B,10.00%,$0.04B,$0.00B,5.00%,$0.00B,$0.08B,2.64%,$0.00B,$0.08B,2.64%,$0.00B,$0.82B,0.25%,$0.00B,$0.16B,2.53%,$11,$3,$8,$0,$5,$8,$3,$0,$3,$1,$2,$2,$2,$0,$0,$10,11,$0.18,$0.17,$51,$0,$0,$598,$8,$186,$0,$18,$223,$821,$666,$77,$0,$77,$743,$0,$-2,$1,$79,$821,$3,$1,$4,$5,$1,$0,$0,$0,$-3,$5,$-0,$0,$0,$0,$68,$68,$-94,$-26,$-25,$0,$-25,$0,$0,$0,$38,$13,$-8,$0,$0
33,2010-06-30,4.19,$7.52,0.56,$5.74,0.73,$3.00,1.4,$0.03,139.67,$0.58B,$0.65B,0.9,$0.08B,$0.08B,1.02,$0.04B,$0.02B,60.00%,$0.04B,$0.00B,2.50%,$0.04B,0,0.00%,$0.04B,0,0.00%,$0.04B,$0.00B,2.50%,$0.04B,0,0.00%,$0.00B,$0.08B,0.00%,$0.00B,$0.08B,0.00%,$0.00B,$0.80B,0.00%,$0.00B,$0.15B,0.56%,$9,$3,$6,$0,$5,$9,$0,$0,$0,$0,$0,$0,$0,$0,$0,$10,11,$0.03,$0.03,$35,$0,$0,$581,$9,$178,$0,$19,$216,$797,$645,$77,$0,$77,$722,$0,$-4,$-1,$76,$797,$1,$1,$3,$4,$2,$0,$0,$0,$1,$6,$-0,$0,$0,$0,$15,$15,$-34,$-19,$-25,$0,$-25,$0,$0,$0,$13,$-12,$-25,$0,$0
34,2010-03-31,4.9,$7.39,0.66,$7.17,0.68,$3.41,1.44,$-0.12,0.0,$0.59B,$0.62B,0.96,$0.08B,$0.07B,1.04,$0.04B,$0.02B,57.14%,$0.04B,0,0.00%,$0.04B,0,0.00%,$0.04B,0,0.00%,$0.04B,0,0.00%,$0.04B,$-0.00B,-2.38%,$-0.00B,$0.07B,-1.52%,$-0.00B,$0.07B,-1.52%,$-0.00B,$0.77B,-0.12%,$0.00B,$0.15B,0.00%,$9,$4,$6,$0,$5,$9,$1,$0,$1,$0,$0,$0,$0,$0,$0,$10,11,$0.05,$0.04,$50,$0,$0,$591,$9,$135,$0,$22,$177,$768,$617,$77,$0,$77,$694,$0,$-4,$-2,$74,$768,$0,$0,$1,$2,$1,$0,$0,$0,$0,$2,$-0,$0,$0,$0,$23,$23,$-5,$18,$-25,$0,$-25,$0,$0,$0,$-6,$-31,$-10,$0,$0
35,2009-12-31,3.38,$7.33,0.46,$8.23,0.41,$3.44,0.98,$-0.07,0.0,$0.63B,$0.63B,1.0,$0.10B,$0.07B,1.39,$0.05B,$0.02B,53.33%,$0.05B,0,0.00%,$0.05B,0,0.00%,$0.05B,0,0.00%,$0.05B,0,0.00%,$0.05B,0,0.00%,$0.00B,$0.07B,0.00%,$0.00B,$0.07B,0.00%,$0.00B,$0.81B,0.00%,$0.00B,$0.18B,0.00%,$11,$4,$6,$0,$6,$11,$0,$0,$0,$0,$-0,$-0,$-0,$0,$0,$6,6,$-0.04,$-0.02,$60,$0,$0,$630,$9,$138,$0,$20,$178,$807,$632,$102,$0,$102,$734,$0,$-5,$-2,$74,$807,$-0,$1,$7,$8,$-2,$0,$0,$0,$-2,$6,$-0,$0,$0,$0,$-10,$-10,$-4,$-14,$-118,$0,$-118,$15,$15,$0,$162,$58,$50,$0,$0
36,2009-09-30,4.3,$11.66,0.37,$8.09,0.53,$2.86,1.5,$-0.01,0.0,$0.70B,$0.61B,1.14,$0.18B,$0.06B,3.03,$0.05B,$0.02B,51.11%,$0.05B,0,0.00%,$0.05B,0,0.00%,$0.05B,0,0.00%,$0.05B,0,0.00%,$0.05B,0,0.00%,$0.00B,$0.06B,0.00%,$0.00B,$0.06B,0.00%,$0.00B,$0.85B,0.00%,$0.00B,$0.24B,0.00%,$11,$5,$6,$0,$6,$11,$-0,$0,$-0,$-0,$-0,$-0,$-0,$0,$0,$5,5,$-0.00,$-0.00,$116,$0,$0,$696,$9,$116,$0,$16,$152,$848,$613,$177,$0,$177,$790,$0,$-4,$-2,$58,$848,$-0,$1,$7,$8,$0,$0,$0,$-0,$-1,$7,$-0,$0,$0,$0,$-4,$-4,$-2,$-6,$-43,$0,$-43,$-0,$-0,$0,$149,$105,$106,$0,$0
37,2009-06-30,5.1,$11.60,0.44,$7.87,0.65,$2.37,2.15,$0.15,34.0,$0.66B,$0.55B,1.19,$0.18B,$0.06B,3.05,$0.05B,$0.02B,50.00%,$0.05B,$0.00B,4.35%,$0.05B,0,0.00%,$0.05B,0,0.00%,$0.05B,$0.00B,4.35%,$0.05B,$0.00B,2.17%,$0.00B,$0.06B,1.72%,$0.00B,$0.06B,1.72%,$0.00B,$0.79B,0.13%,$0.00B,$0.24B,0.74%,$11,$5,$6,$0,$7,$12,$-1,$0,$-1,$-1,$-1,$-1,$-1,$0,$0,$5,5,$-0.15,$-0.15,$59,$0,$0,$659,$9,$96,$0,$13,$129,$788,$554,$177,$0,$177,$730,$0,$-4,$-2,$58,$788,$-0,$1,$4,$5,$0,$0,$0,$0,$-0,$4,$-0,$0,$0,$0,$3,$3,$-6,$-3,$-43,$0,$-43,$-0,$-0,$0,$92,$48,$50,$0,$0
38,2009-03-31,4.33,$12.12,0.36,$7.05,0.61,$1.79,2.42,$0.02,216.5,$0.63B,$0.50B,1.26,$0.18B,$0.06B,3.13,$0.04B,$0.02B,45.45%,$0.04B,$0.00B,2.27%,$0.04B,0,0.00%,$0.04B,0,0.00%,$0.04B,$0.00B,2.27%,$0.04B,$0.00B,2.27%,$0.00B,$0.06B,1.72%,$0.00B,$0.06B,1.72%,$0.00B,$0.74B,0.14%,$0.00B,$0.24B,0.35%,$12,$6,$6,$0,$5,$11,$1,$0,$1,$0,$1,$1,$1,$0,$0,$5,6,$0.11,$0.09,$8,$0,$0,$625,$9,$81,$0,$12,$112,$737,$497,$182,$0,$182,$679,$0,$-4,$-2,$58,$737,$1,$0,$2,$2,$0,$0,$0,$0,$-1,$1,$-0,$0,$0,$0,$8,$8,$-9,$-1,$-38,$0,$-38,$-0,$-0,$0,$36,$-2,$-2,$0,$0
39,2008-12-31,4.0,$11.74,0.34,$7.10,0.56,$3.13,1.28,$0.06,66.67,$0.64B,$0.46B,1.38,$0.22B,$0.06B,3.83,$0.05B,$0.02B,44.44%,$0.05B,$0.00B,2.22%,$0.05B,0,0.00%,$0.05B,0,0.00%,$0.05B,$0.00B,2.22%,$0.05B,$0.00B,2.22%,$0.00B,$0.06B,1.71%,$0.00B,$0.06B,1.71%,$0.00B,$0.74B,0.13%,$0.00B,$0.28B,0.31%,$11,$6,$5,$0,$5,$11,$0,$0,$0,$-0,$0,$0,$0,$0,$0,$5,6,$0.02,$0.07,$10,$0,$0,$636,$10,$71,$0,$12,$103,$740,$462,$220,$0,$220,$682,$0,$-4,$-3,$58,$740,$1,$1,$5,$6,$1,$0,$0,$-1,$-3,$4,$-1,$0,$0,$0,$-0,$-0,$-7,$-8,$-88,$0,$-88,$-2,$-2,$0,$70,$-20,$-24,$0,$0
40,2008-09-30,5.1,$11.83,0.43,$7.47,0.68,$2.89,1.77,$0.14,36.44,$0.65B,$0.43B,1.52,$0.27B,$0.06B,4.69,$0.05B,$0.02B,43.75%,$0.05B,$0.00B,4.17%,$0.05B,0,0.00%,$0.05B,0,0.00%,$0.05B,$0.00B,4.17%,$0.05B,$0.00B,4.17%,$0.00B,$0.06B,3.38%,$0.00B,$0.06B,3.38%,$0.00B,$0.76B,0.27%,$0.00B,$0.33B,0.59%,$12,$6,$6,$0,$5,$11,$2,$0,$2,$1,$1,$1,$1,$0,$0,$5,6,$0.20,$0.16,$10,$0,$0,$653,$9,$74,$0,$12,$105,$759,$429,$272,$0,$272,$701,$0,$-4,$-2,$58,$759,$1,$3,$6,$9,$-0,$0,$0,$-1,$-4,$6,$-1,$0,$0,$0,$-27,$-27,$1,$-27,$-36,$0,$-36,$-2,$-2,$0,$35,$-3,$-25,$0,$0
41,2008-06-30,5.15,$12.00,0.43,$7.69,0.67,$1.89,2.73,$0.11,46.82,$0.61B,$0.41B,1.47,$0.25B,$0.06B,4.18,$0.05B,$0.02B,42.00%,$0.05B,$0.00B,2.00%,$0.05B,0,0.00%,$0.05B,0,0.00%,$0.05B,$0.00B,2.00%,$0.05B,$0.00B,4.00%,$0.00B,$0.06B,3.35%,$0.00B,$0.06B,3.35%,$0.00B,$0.72B,0.26%,$0.00B,$0.31B,0.28%,$9,$6,$3,$0,$5,$11,$-2,$0,$-2,$-1,$-1,$-1,$-1,$0,$0,$5,6,$-0.25,$-0.25,$10,$0,$0,$605,$9,$83,$0,$12,$113,$718,$413,$246,$0,$246,$659,$0,$-5,$-0,$59,$718,$-0,$-0,$5,$5,$1,$0,$0,$-0,$-2,$2,$-0,$0,$0,$0,$18,$18,$1,$18,$-62,$0,$-62,$-2,$-2,$0,$20,$-44,$-24,$0,$0
42,2008-03-31,7.63,$12.09,0.63,$8.43,0.91,$1.38,5.53,$0.54,14.13,$0.64B,$0.41B,1.55,$0.30B,$0.06B,5.02,$0.06B,$0.02B,43.64%,$0.06B,$0.01B,9.09%,$0.06B,0,0.00%,$0.06B,0,0.00%,$0.06B,$0.01B,9.09%,$0.06B,$0.00B,7.27%,$0.00B,$0.06B,6.69%,$0.00B,$0.06B,6.69%,$0.00B,$0.77B,0.53%,$0.01B,$0.36B,1.38%,$13,$7,$6,$0,$4,$11,$1,$0,$1,$0,$1,$1,$1,$0,$0,$5,6,$0.17,$0.13,$23,$0,$0,$639,$10,$102,$0,$13,$131,$770,$413,$298,$0,$298,$711,$0,$-4,$-1,$59,$770,$1,$0,$1,$1,$-1,$0,$0,$0,$8,$10,$-0,$0,$0,$0,$-18,$-18,$0,$-19,$-10,$0,$-10,$-2,$-2,$0,$10,$-2,$-11,$0,$0
43,2007-12-31,6.91,$11.76,0.59,$8.52,0.81,$-0.18,0.0,$0.55,12.56,$0.66B,$0.39B,1.68,$0.31B,$0.06B,5.07,$0.06B,$0.02B,42.86%,$0.06B,$0.01B,8.93%,$0.06B,0,0.00%,$0.06B,0,0.00%,$0.06B,$0.01B,8.93%,$0.06B,$0.00B,7.14%,$0.00B,$0.06B,6.72%,$0.00B,$0.06B,6.72%,$0.00B,$0.76B,0.53%,$0.01B,$0.37B,1.36%,$14,$8,$6,$0,$5,$13,$1,$0,$1,$0,$1,$1,$1,$0,$0,$5,7,$0.14,$0.10,$34,$0,$0,$661,$9,$73,$0,$13,$103,$763,$394,$308,$0,$308,$703,$0,$-5,$-1,$61,$763,$4,$1,$1,$2,$-3,$0,$0,$-1,$-3,$3,$-1,$0,$0,$0,$395,$395,$-407,$-13,$-19,$0,$-19,$-1,$-1,$0,$47,$28,$17,$0,$0
44,2007-09-30,10.57,$11.60,0.91,$8.50,1.24,$-0.45,0.0,$0.64,16.52,$0.64B,$0.40B,1.6,$0.32B,$0.06B,5.37,$0.06B,$0.02B,42.86%,$0.06B,$0.01B,8.93%,$0.06B,0,0.00%,$0.06B,0,0.00%,$0.06B,$0.01B,10.71%,$0.06B,$0.00B,7.14%,$0.00B,$0.06B,6.81%,$0.00B,$0.06B,6.81%,$0.00B,$0.78B,0.54%,$0.01B,$0.38B,1.35%,$14,$8,$6,$0,$5,$13,$1,$0,$1,$1,$1,$1,$1,$0,$0,$5,6,$0.16,$0.13,$7,$0,$0,$637,$10,$114,$0,$12,$142,$779,$398,$322,$0,$322,$719,$0,$-6,$-1,$60,$779,$3,$1,$1,$2,$-5,$0,$0,$-1,$-4,$0,$-1,$0,$0,$0,$284,$284,$-337,$-55,$-5,$0,$-5,$-1,$-1,$0,$51,$44,$-10,$0,$0
45,2007-06-30,10.69,$11.38,0.94,$8.32,1.29,$0.31,34.78,$0.74,14.45,$0.62B,$0.38B,1.62,$0.28B,$0.06B,4.79,$0.06B,$0.02B,42.86%,$0.06B,$0.01B,10.71%,$0.06B,0,0.00%,$0.06B,0,0.00%,$0.06B,$0.01B,12.50%,$0.06B,$0.01B,8.93%,$0.01B,$0.06B,8.62%,$0.01B,$0.06B,8.62%,$0.01B,$0.72B,0.69%,$0.01B,$0.34B,1.62%,$14,$8,$6,$0,$5,$12,$2,$0,$2,$1,$1,$1,$1,$0,$0,$5,6,$0.22,$0.18,$8,$0,$0,$616,$9,$75,$0,$12,$104,$720,$379,$281,$0,$281,$661,$0,$-7,$-1,$59,$720,$2,$0,$1,$1,$-3,$0,$0,$-0,$-3,$-0,$-1,$0,$0,$0,$6,$6,$0,$5,$-45,$0,$-45,$-1,$-1,$0,$33,$-13,$-9,$0,$0
46,2007-03-31,10.8,$11.22,0.96,$7.95,1.36,$0.33,32.63,$1.00,10.8,$0.63B,$0.36B,1.77,$0.32B,$0.06B,5.44,$0.05B,$0.02B,42.59%,$0.05B,$0.01B,11.11%,$0.05B,0,0.00%,$0.05B,0,0.00%,$0.05B,$0.01B,12.96%,$0.05B,$0.01B,12.96%,$0.01B,$0.06B,12.28%,$0.01B,$0.06B,12.28%,$0.01B,$0.73B,0.97%,$0.01B,$0.38B,1.57%,$14,$8,$6,$0,$5,$12,$1,$0,$1,$1,$1,$1,$1,$0,$0,$5,7,$0.18,$0.14,$34,$0,$0,$627,$9,$77,$0,$12,$105,$732,$355,$318,$0,$318,$674,$0,$-8,$-1,$58,$732,$1,$0,$0,$0,$-1,$0,$0,$-0,$-0,$1,$-1,$0,$0,$0,$17,$17,$0,$16,$-8,$0,$-8,$-1,$-1,$0,$9,$-0,$17,$0,$0
47,2006-12-31,12.18,$11.03,1.1,$7.58,1.61,$0.15,83.71,$1.12,10.88,$0.63B,$0.35B,1.81,$0.33B,$0.06B,5.63,$0.05B,$0.02B,45.10%,$0.05B,$0.01B,13.73%,$0.05B,0,0.00%,$0.05B,0,0.00%,$0.05B,$0.01B,15.69%,$0.05B,$0.01B,15.69%,$0.01B,$0.06B,14.35%,$0.01B,$0.06B,14.35%,$0.01B,$0.73B,1.13%,$0.01B,$0.39B,1.85%,$14,$8,$6,$0,$5,$13,$1,$0,$2,$1,$1,$1,$1,$0,$0,$5,7,$0.24,$0.19,$17,$0,$0,$626,$9,$77,$0,$12,$105,$731,$346,$327,$0,$327,$673,$0,$-9,$-1,$58,$731,$7,$1,$0,$1,$-4,$0,$0,$-1,$-3,$2,$-3,$0,$0,$0,$-36,$-27,$-10,$-39,$9,$0,$9,$0,$0,$0,$23,$20,$-17,$0,$0
