,Date,Stock Price,Book Value per Share,Price to Book Ratio,TTM Sales per Share,Price to Sales Ratio,TTM FCF per Share,Price to FCF Ratio,TTM Net EPS,PE Ratio,Current Assets,Current Liabilities,Current Ratio,Long Term Debt,Shareholder's Equity_x,Debt to Equity Ratio,TTM Revenue_x,TTM Gross Profit,Gross Margin,TTM Revenue_y,TTM Operating Income,Operating Margin,TTM Revenue_x,TTM EBIT,EBIT Margin,TTM Revenue_y,TTM EBITDA,EBITDA Margin,TTM Revenue_x,TTM Pre-Tax Income,Pre-Tax Margin,TTM Revenue_y,TTM Net Income_x,Net Margin,TTM Net Income_y,Shareholder's Equity_y,Return on Equity,TTM Net Income_x,Tangible Equity,Return on Tangible Equity,TTM Net Income_y,Total Assets,Return on Assets,TTM Net Income,LT Investments & Debt,Return on Investment,revenue,cost-goods-sold,gross-profit,research-development-expenses,selling-general-administrative-expenses,operating-expenses,operating-income,total-non-operating-income-expense,pre-tax-income,total-provision-income-taxes,income-after-taxes,income-from-continuous-operations,net-income,ebitda,ebit,basic-shares-outstanding,shares-outstanding,eps-basic-net-earnings-per-share,eps-earnings-per-share-diluted,cash-on-hand,inventory,other-current-assets,total-current-assets,net-property-plant-equipment,long-term-investments,goodwill-intangible-assets-total,other-long-term-assets,total-long-term-assets,total-assets,total-current-liabilities,long-term-debt,other-non-current-liabilities,total-long-term-liabilities,total-liabilities,common-stock-net,retained-earnings-accumulated-deficit,comprehensive-income,total-share-holder-equity,total-liabilities-share-holders-equity,net-income-loss,total-depreciation-amortization-cash-flow,other-non-cash-items,total-non-cash-items,change-in-accounts-receivable,change-in-inventories,change-in-accounts-payable,change-in-assets-liabilities,total-change-in-assets-liabilities,cash-flow-from-operating-activities,net-change-in-property-plant-equipment,net-change-in-intangible-assets,net-acquisitions-divestitures,net-change-in-short-term-investments,net-change-in-long-term-investments,net-change-in-investments-total,investing-activities-other,cash-flow-from-investing-activities,net-long-term-debt,net-current-debt,debt-issuance-retirement-net-total,net-common-equity-issued-repurchased,net-total-equity-issued-repurchased,total-common-preferred-stock-dividends-paid,financial-activities-other,cash-flow-from-financial-activities,net-cash-flow,stock-based-compensation,common-stock-dividends-paid
0,2018-09-30,18.09,$8.30,2.18,$44.26,0.41,$2.96,6.11,$1.57,11.52,$2.28B,$1.32B,1.73,$2.30B,$2.07B,1.11,$11.02B,$0.99B,9.02%,$11.02B,$0.63B,5.69%,$11.02B,$0.63B,5.69%,$11.02B,$0.91B,8.26%,$11.02B,$0.48B,4.36%,$11.02B,$0.39B,3.53%,$0.39B,$2.07B,19.42%,$0.39B,$0.52B,97.13%,$0.39B,$5.98B,6.24%,$0.63B,$4.37B,13.81%,$2698,$2528,$170,$0,$84,$2612,$85,$-25,$60,$31,$29,$29,$29,$157,$85,$249,249,$0.12,$0.12,$416,$1183,$3,$2283,$2121,$0,$1553,$17,$3694,$5976,$1323,$2302,$78,$2586,$3909,$3,$429,$-84,$2068,$5976,$255,$212,$18,$229,$-3,$65,$0,$-23,$-59,$425,$-229,$0,$0,$0,$0,$0,$0,$-229,$-1071,$703,$-368,$6,$6,$0,$-11,$-374,$-174,$9,$0
1,2018-06-30,20.13,$8.25,2.44,$44.66,0.45,$3.63,5.55,$2.38,8.46,$2.59B,$1.39B,1.87,$2.58B,$2.05B,1.26,$11.12B,$1.30B,11.72%,$11.12B,$0.91B,8.22%,$11.12B,$0.91B,8.22%,$11.12B,$1.20B,10.77%,$11.12B,$0.77B,6.95%,$11.12B,$0.59B,5.33%,$0.59B,$2.05B,30.99%,$0.59B,$0.48B,200.85%,$0.59B,$6.30B,9.48%,$0.91B,$4.64B,20.26%,$2837,$2562,$274,$0,$89,$2652,$185,$-40,$145,$39,$106,$106,$107,$255,$185,$249,249,$0.43,$0.43,$674,$1190,$3,$2591,$2114,$0,$1576,$18,$3712,$6303,$1387,$2584,$80,$2861,$4248,$3,$400,$-64,$2054,$6303,$226,$139,$4,$143,$-32,$60,$0,$-35,$-65,$304,$-154,$0,$0,$0,$0,$0,$0,$-154,$-673,$604,$-69,$6,$6,$0,$-6,$-70,$84,$6,$0
2,2018-03-31,24.61,$8.17,3.01,$44.32,0.56,$3.58,6.88,$2.89,8.52,$2.59B,$1.44B,1.8,$2.63B,$2.03B,1.29,$11.04B,$1.50B,13.63%,$11.04B,$1.11B,10.03%,$11.04B,$1.11B,10.03%,$11.04B,$1.39B,12.61%,$11.04B,$0.99B,8.95%,$11.04B,$0.72B,6.52%,$0.72B,$2.03B,42.29%,$0.72B,$0.37B,181.82%,$0.72B,$6.40B,12.76%,$1.11B,$4.66B,27.64%,$2747,$2459,$288,$0,$86,$2545,$202,$-45,$156,$37,$119,$119,$119,$271,$202,$249,249,$0.48,$0.48,$591,$1242,$3,$2593,$2122,$0,$1662,$19,$3805,$6398,$1441,$2626,$85,$2923,$4364,$3,$293,$26,$2034,$6398,$119,$69,$7,$76,$-62,$20,$0,$-24,$-194,$1,$-76,$0,$0,$0,$0,$0,$0,$-76,$-434,$502,$69,$6,$6,$0,$-4,$70,$2,$1,$0
3,2017-12-31,31.06,$7.46,4.16,$43.25,0.72,$3.66,8.49,$2.79,11.13,$2.52B,$1.45B,1.73,$2.64B,$1.86B,1.42,$10.77B,$1.47B,13.68%,$10.77B,$1.07B,9.96%,$10.77B,$1.07B,9.96%,$10.77B,$1.35B,12.53%,$10.77B,$0.98B,9.12%,$10.77B,$0.70B,6.45%,$0.70B,$1.86B,48.31%,$0.70B,$0.24B,150.51%,$0.70B,$6.25B,14.14%,$1.07B,$4.49B,31.32%,$2742,$2481,$262,$0,$97,$2587,$155,$-35,$120,$-14,$134,$134,$134,$228,$155,$249,249,$0.53,$0.54,$590,$1255,$1,$2516,$2095,$0,$1619,$18,$3732,$6249,$1453,$2636,$96,$2940,$4393,$3,$174,$-31,$1856,$6249,$718,$278,$-44,$234,$-82,$-207,$0,$-26,$-151,$801,$-335,$0,$-659,$0,$0,$0,$2,$-992,$-1382,$1872,$490,$-10,$-10,$0,$-14,$466,$292,$3,$0
4,2017-09-30,28.41,$6.88,4.13,$45.58,0.62,$3.63,7.83,$2.53,11.23,$2.35B,$1.42B,1.66,$2.55B,$1.71B,1.49,$11.42B,$1.54B,13.47%,$11.42B,$1.11B,9.70%,$11.42B,$1.11B,9.70%,$11.42B,$1.37B,11.98%,$11.42B,$1.02B,8.92%,$11.42B,$0.63B,5.54%,$0.63B,$1.71B,42.24%,$0.63B,$0.09B,108.17%,$0.63B,$6.06B,13.72%,$1.11B,$4.26B,34.92%,$2794,$2315,$479,$0,$106,$2422,$372,$-21,$352,$113,$238,$238,$233,$444,$372,$249,249,$0.94,$0.93,$407,$1196,$3,$2351,$2076,$0,$1616,$20,$3713,$6063,$1420,$2549,$98,$2933,$4353,$3,$40,$-37,$1710,$6063,$584,$205,$39,$244,$-146,$-150,$0,$-26,$-210,$618,$-256,$0,$-659,$0,$0,$0,$0,$-914,$-610,$1014,$404,$-10,$-10,$0,$-5,$390,$109,$2,$0
5,2017-06-30,21.92,$4.86,4.51,$44.15,0.5,$3.52,6.23,$1.99,11.02,$1.79B,$0.98B,1.82,$1.40B,$1.21B,1.16,$11.12B,$1.31B,11.80%,$11.12B,$0.91B,8.20%,$11.12B,$0.91B,8.20%,$11.12B,$1.19B,10.67%,$11.12B,$0.82B,7.39%,$11.12B,$0.50B,4.48%,$0.50B,$1.21B,38.37%,$0.50B,$0.88B,66.53%,$0.50B,$3.86B,12.96%,$0.91B,$2.61B,35.27%,$2752,$2277,$475,$0,$96,$2374,$378,$-18,$360,$115,$245,$245,$234,$448,$378,$249,249,$0.94,$0.94,$324,$968,$6,$1788,$1722,$0,$329,$17,$2069,$3857,$982,$1404,$89,$1665,$2647,$3,$-193,$-67,$1210,$3857,$346,$133,$36,$169,$-93,$-94,$0,$-21,$-181,$334,$-197,$0,$-360,$0,$0,$0,$0,$-556,$-592,$1014,$422,$-10,$-10,$0,$-3,$409,$196,$2,$0
6,2017-03-31,22.51,$3.94,5.72,$41.05,0.55,$3.76,5.98,$1.65,13.64,$1.42B,$0.92B,1.55,$1.35B,$0.98B,1.38,$10.39B,$1.12B,10.80%,$10.39B,$0.77B,7.42%,$10.39B,$0.77B,7.42%,$10.39B,$1.02B,9.82%,$10.39B,$0.69B,6.67%,$10.39B,$0.42B,4.01%,$0.42B,$0.98B,34.74%,$0.42B,$0.64B,60.35%,$0.42B,$3.49B,11.49%,$0.77B,$2.33B,31.90%,$2479,$2223,$257,$0,$90,$2313,$167,$-17,$150,$49,$101,$101,$94,$229,$167,$249,249,$0.38,$0.38,$35,$924,$5,$1419,$1710,$0,$345,$17,$2071,$3490,$917,$1347,$89,$1594,$2511,$3,$-427,$-63,$979,$3490,$101,$63,$17,$79,$-50,$-63,$0,$-20,$-114,$66,$-121,$0,$-360,$0,$0,$0,$0,$-481,$-334,$663,$328,$-10,$-10,$0,$0,$319,$-94,$1,$0
7,2016-12-31,18.99,$8.38,2.27,$38.79,0.49,$4.57,4.15,$1.73,10.98,$1.81B,$1.19B,1.53,$1.40B,$2.09B,0.67,$9.88B,$1.10B,11.18%,$9.88B,$0.79B,8.03%,$9.88B,$0.79B,8.03%,$9.88B,$1.02B,10.36%,$9.88B,$0.72B,7.33%,$9.88B,$0.44B,4.46%,$0.44B,$2.09B,33.97%,$0.44B,$0.73B,53.55%,$0.44B,$5.02B,12.23%,$0.79B,$3.48B,32.70%,$3392,$3065,$327,$0,$136,$3202,$190,$-34,$156,$49,$107,$107,$71,$247,$190,$254,254,$0.29,$0.28,$298,$976,$5,$1810,$1834,$0,$1359,$19,$3212,$5022,$1185,$1396,$103,$1751,$2936,$307,$-783,$-330,$2086,$5022,$480,$232,$-7,$225,$-32,$-33,$0,$5,$90,$795,$-328,$0,$0,$0,$0,$0,$0,$-328,$-570,$564,$-6,$-114,$-114,$-715,$7,$-828,$-399,$6,$-715
8,2016-09-30,21.12,$3.61,5.85,$35.23,0.6,$6.00,3.52,$1.70,12.42,$1.37B,$0.84B,1.62,$1.01B,$0.92B,1.1,$9.02B,$0.98B,10.89%,$9.02B,$0.73B,8.06%,$9.02B,$0.73B,8.06%,$9.02B,$0.96B,10.61%,$9.02B,$0.67B,7.46%,$9.02B,$0.43B,4.80%,$0.43B,$0.92B,39.64%,$0.43B,$0.75B,47.78%,$0.43B,$3.00B,13.62%,$0.73B,$1.92B,34.36%,$2495,$2242,$253,$0,$76,$2318,$177,$-21,$156,$54,$102,$102,$99,$262,$177,$254,255,$0.39,$0.39,$86,$797,$6,$1370,$1450,$0,$166,$16,$1632,$3002,$844,$1005,$92,$1241,$2085,$3,$-591,$-66,$917,$3002,$395,$174,$-2,$172,$-66,$-18,$0,$-12,$-15,$552,$-208,$0,$0,$0,$0,$0,$0,$-208,$-533,$515,$-18,$-17,$-17,$-716,$7,$-743,$-428,$5,$-716
9,2016-06-30,25.48,$3.22,7.92,$33.58,0.76,$7.50,3.4,$1.84,13.85,$1.41B,$0.83B,1.71,$1.12B,$0.82B,1.37,$8.64B,$1.01B,11.74%,$8.64B,$0.78B,9.04%,$8.64B,$0.78B,9.04%,$8.64B,$0.97B,11.21%,$8.64B,$0.73B,8.42%,$8.64B,$0.47B,5.45%,$0.47B,$0.82B,40.13%,$0.47B,$0.65B,48.18%,$0.47B,$3.01B,14.43%,$0.78B,$1.94B,35.56%,$2028,$1742,$286,$0,$50,$1792,$237,$-5,$231,$78,$153,$153,$153,$283,$237,$255,255,$0.60,$0.60,$41,$833,$7,$1409,$1415,$0,$168,$16,$1599,$3008,$825,$1118,$102,$1365,$2189,$3,$-690,$-68,$819,$3008,$271,$89,$-6,$83,$7,$-31,$0,$-25,$-65,$289,$-86,$0,$0,$0,$0,$0,$0,$-86,$-220,$322,$103,$-4,$-4,$-700,$-1,$-602,$-399,$2,$-700
10,2016-03-31,22.86,$5.39,4.24,$33.53,0.68,$8.64,2.65,$2.17,10.53,$1.81B,$0.80B,2.28,$0.99B,$1.37B,0.72,$8.66B,$1.16B,13.39%,$8.66B,$0.92B,10.64%,$8.66B,$0.92B,10.64%,$8.66B,$1.10B,12.72%,$8.66B,$0.87B,10.01%,$8.66B,$0.56B,6.45%,$0.56B,$1.37B,44.40%,$0.56B,$1.17B,50.88%,$0.56B,$3.39B,16.95%,$0.92B,$2.36B,40.94%,$1963,$1725,$238,$0,$49,$1774,$189,$-8,$181,$63,$118,$118,$118,$231,$189,$255,255,$0.46,$0.46,$575,$779,$7,$1814,$1351,$0,$206,$16,$1573,$3387,$795,$986,$101,$1220,$2016,$3,$-143,$-66,$1371,$3387,$118,$42,$1,$43,$-2,$23,$0,$4,$25,$185,$-36,$0,$0,$0,$0,$0,$0,$-36,$-0,$-7,$-7,$1,$1,$0,$-0,$-6,$143,$1,$0
11,2015-12-31,19.88,$4.95,4.02,$33.73,0.59,$9.07,2.19,$2.50,7.95,$1.75B,$0.85B,2.06,$0.99B,$1.26B,0.78,$8.75B,$1.30B,14.84%,$8.75B,$1.06B,12.12%,$8.75B,$1.06B,12.12%,$8.75B,$1.24B,14.11%,$8.75B,$1.00B,11.45%,$8.75B,$0.65B,7.37%,$0.65B,$1.26B,56.41%,$0.65B,$1.06B,62.71%,$0.65B,$3.32B,20.16%,$1.06B,$2.25B,48.73%,$2533,$2328,$205,$0,$75,$2409,$124,$-19,$105,$25,$80,$80,$63,$181,$124,$258,259,$0.25,$0.25,$440,$801,$7,$1746,$1353,$0,$204,$16,$1572,$3318,$847,$986,$92,$1210,$2057,$3,$-261,$-59,$1262,$3318,$663,$174,$17,$191,$76,$84,$0,$26,$166,$1020,$-176,$0,$-374,$0,$0,$0,$0,$-549,$-690,$1709,$1019,$-99,$-99,$-1498,$-6,$-585,$-118,$3,$-1498
12,2015-09-30,18.7,$4.87,3.84,$32.07,0.58,$9.30,2.01,$2.89,6.47,$1.76B,$0.91B,1.94,$1.00B,$1.24B,0.81,$8.33B,$1.47B,17.68%,$8.33B,$1.27B,15.20%,$8.33B,$1.27B,15.20%,$8.33B,$1.43B,17.14%,$8.33B,$1.17B,14.05%,$8.33B,$0.75B,8.99%,$0.75B,$1.24B,54.38%,$0.75B,$1.04B,57.33%,$0.75B,$3.34B,23.83%,$1.27B,$2.24B,58.45%,$2113,$1828,$285,$0,$53,$1881,$231,$-21,$210,$73,$137,$137,$137,$273,$231,$259,260,$0.53,$0.53,$397,$841,$7,$1756,$1347,$0,$207,$32,$1586,$3342,$906,$1000,$103,$1193,$2099,$3,$-324,$-66,$1243,$3342,$583,$116,$-10,$106,$41,$17,$0,$-1,$167,$856,$-116,$0,$-374,$0,$0,$0,$0,$-490,$-684,$1686,$1002,$-45,$-45,$-1498,$-4,$-546,$-179,$2,$-1498
13,2015-06-30,20.67,$4.47,4.63,$32.67,0.63,$9.06,2.28,$3.35,6.17,$1.90B,$0.82B,2.33,$1.00B,$1.16B,0.86,$8.49B,$1.64B,19.30%,$8.49B,$1.44B,16.98%,$8.49B,$1.44B,16.98%,$8.49B,$1.60B,18.82%,$8.49B,$1.35B,15.90%,$8.49B,$0.87B,10.23%,$0.87B,$1.16B,55.14%,$0.87B,$1.14B,56.06%,$0.87B,$3.15B,27.26%,$1.44B,$2.16B,64.37%,$2054,$1622,$432,$0,$54,$1676,$378,$-8,$371,$129,$242,$242,$241,$417,$378,$260,260,$0.93,$0.93,$574,$787,$7,$1904,$1189,$0,$24,$30,$1244,$3147,$819,$1000,$87,$1169,$1987,$3,$-461,$-56,$1160,$3147,$446,$75,$-0,$75,$35,$3,$0,$11,$67,$588,$-86,$0,$0,$0,$0,$0,$0,$-86,$-684,$1680,$996,$0,$0,$-1498,$-2,$-504,$-2,$1,$-1498
14,2015-03-31,20.33,$3.50,5.81,$33.20,0.61,$8.40,2.42,$3.15,6.45,$1.75B,$0.76B,2.32,$1.15B,$0.91B,1.27,$8.62B,$1.56B,18.04%,$8.62B,$1.36B,15.82%,$8.62B,$1.36B,15.82%,$8.62B,$1.52B,17.63%,$8.62B,$1.27B,14.71%,$8.62B,$0.82B,9.48%,$0.82B,$0.91B,47.29%,$0.82B,$0.88B,48.04%,$0.82B,$2.99B,25.58%,$1.36B,$2.06B,60.10%,$2053,$1676,$377,$0,$50,$1725,$328,$-12,$316,$111,$204,$204,$204,$364,$328,$260,260,$0.79,$0.79,$478,$789,$1,$1754,$1181,$0,$25,$31,$1238,$2992,$756,$1150,$102,$1327,$2083,$3,$-703,$-65,$909,$2992,$204,$36,$10,$46,$13,$-2,$0,$13,$46,$296,$-32,$0,$0,$0,$0,$0,$0,$-32,$-534,$1680,$1146,$0,$0,$-1498,$-1,$-353,$-98,$1,$-1498
15,2014-12-31,24.48,$8.48,2.89,$33.08,0.74,$7.96,3.08,$2.74,8.93,$1.86B,$0.72B,2.58,$0.00B,$2.20B,0.0,$8.58B,$1.39B,16.23%,$8.58B,$1.20B,14.02%,$8.58B,$1.20B,14.02%,$8.58B,$1.36B,15.86%,$8.58B,$1.10B,12.84%,$8.58B,$0.71B,8.28%,$0.71B,$2.20B,37.48%,$0.71B,$2.17B,38.06%,$0.71B,$3.09B,22.13%,$1.20B,$2.20B,52.88%,$2110,$1731,$379,$0,$51,$1781,$329,$-56,$273,$106,$167,$167,$167,$374,$329,$259,259,$0.65,$0.64,$576,$790,$1,$1858,$1183,$0,$27,$24,$1234,$3092,$720,$4,$97,$175,$895,$3,$591,$-63,$2197,$3092,$711,$158,$121,$279,$-10,$11,$0,$-44,$77,$1067,$-160,$0,$0,$0,$97,$97,$0,$-63,$-910,$0,$-910,$4,$4,$0,$0,$-906,$68,$5,$0
16,2014-09-30,22.81,$7.84,2.91,$32.84,0.69,$7.53,3.03,$2.65,8.61,$2.18B,$0.88B,2.47,$0.50B,$2.03B,0.25,$8.52B,$1.22B,14.34%,$8.52B,$1.03B,12.11%,$8.52B,$1.03B,12.11%,$8.52B,$1.18B,13.86%,$8.52B,$0.97B,11.42%,$8.52B,$0.69B,8.06%,$0.69B,$2.03B,39.92%,$0.69B,$2.00B,40.63%,$0.69B,$3.51B,21.25%,$1.03B,$2.53B,46.42%,$2268,$1818,$450,$0,$45,$1863,$406,$-16,$389,$134,$256,$256,$256,$442,$406,$259,260,$0.99,$0.99,$869,$818,$1,$2181,$1180,$0,$28,$31,$1325,$3506,$884,$502,$88,$591,$1475,$3,$424,$-56,$2031,$3506,$544,$113,$-68,$44,$-36,$-10,$0,$-17,$214,$802,$-123,$0,$0,$0,$97,$97,$0,$-26,$-410,$0,$-410,$0,$0,$0,$0,$-410,$360,$4,$0
17,2014-06-30,20.42,$6.85,2.98,$32.36,0.63,$6.93,2.95,$2.28,8.96,$1.86B,$0.82B,2.27,$0.50B,$1.77B,0.28,$8.40B,$1.01B,12.02%,$8.40B,$0.82B,9.71%,$8.40B,$0.82B,9.71%,$8.40B,$0.97B,11.51%,$8.40B,$0.75B,8.95%,$8.40B,$0.59B,7.05%,$0.59B,$1.77B,38.15%,$0.59B,$1.75B,38.95%,$0.59B,$3.19B,18.89%,$0.82B,$2.28B,37.79%,$2187,$1837,$349,$0,$49,$1886,$300,$-11,$290,$99,$190,$190,$190,$339,$300,$259,260,$0.73,$0.73,$527,$837,$5,$1864,$1174,$0,$30,$32,$1323,$3186,$820,$502,$90,$592,$1412,$3,$168,$-55,$1774,$3186,$289,$77,$-79,$-3,$-30,$-28,$0,$-20,$130,$416,$-86,$0,$0,$0,$97,$97,$0,$10,$-410,$0,$-410,$0,$0,$0,$0,$-410,$19,$2,$0
18,2014-03-31,15.62,$6.12,2.55,$32.36,0.48,$6.68,2.34,$2.29,6.82,$1.82B,$0.88B,2.06,$0.50B,$1.59B,0.32,$8.39B,$0.94B,11.24%,$8.39B,$0.75B,8.97%,$8.39B,$0.75B,8.97%,$8.39B,$0.90B,10.76%,$8.39B,$0.67B,7.96%,$8.39B,$0.59B,7.07%,$0.59B,$1.59B,42.18%,$0.59B,$1.56B,43.20%,$0.59B,$3.07B,19.32%,$0.75B,$2.09B,35.64%,$2018,$1803,$215,$0,$47,$1850,$168,$-18,$150,$52,$98,$98,$98,$206,$168,$259,259,$0.38,$0.38,$552,$794,$6,$1824,$1165,$0,$31,$34,$1246,$3070,$884,$502,$87,$600,$1484,$3,$-22,$-52,$1586,$3070,$98,$38,$3,$41,$2,$14,$0,$-9,$57,$196,$-46,$0,$0,$0,$60,$60,$0,$14,$-205,$0,$-205,$0,$0,$0,$0,$-205,$7,$1,$0
19,2013-12-31,12.13,$5.76,2.11,$32.45,0.37,$6.09,1.99,$2.12,5.72,$1.93B,$1.08B,1.78,$0.50B,$1.49B,0.34,$8.41B,$0.85B,10.06%,$8.41B,$0.66B,7.83%,$8.41B,$0.66B,7.83%,$8.41B,$0.81B,9.62%,$8.41B,$0.58B,6.84%,$8.41B,$0.55B,6.54%,$0.55B,$1.49B,43.89%,$0.55B,$1.46B,45.15%,$0.55B,$3.17B,18.15%,$0.66B,$2.00B,31.14%,$2047,$1839,$208,$0,$50,$1889,$158,$-14,$144,$0,$144,$144,$143,$194,$158,$259,259,$0.55,$0.55,$605,$809,$7,$1929,$1152,$0,$33,$40,$1243,$3172,$1083,$502,$80,$596,$1680,$3,$-120,$-46,$1493,$3172,$550,$151,$9,$159,$7,$143,$0,$-8,$170,$879,$-85,$0,$0,$0,$-97,$-97,$0,$-182,$-253,$0,$-253,$0,$0,$0,$3,$-250,$440,$3,$0
20,2013-09-30,12.53,$5.23,2.4,$33.31,0.38,$3.58,3.5,$1.66,7.55,$1.82B,$0.76B,2.39,$0.91B,$1.35B,0.67,$8.55B,$0.71B,8.35%,$8.55B,$0.53B,6.17%,$8.55B,$0.53B,6.17%,$8.55B,$0.68B,7.96%,$8.55B,$0.43B,5.06%,$8.55B,$0.43B,5.03%,$0.43B,$1.35B,38.84%,$0.43B,$1.32B,40.15%,$0.43B,$3.11B,14.50%,$0.53B,$2.27B,24.77%,$2143,$1906,$237,$0,$47,$1954,$189,$-23,$167,$6,$161,$161,$161,$227,$189,$259,259,$0.62,$0.62,$330,$911,$25,$1818,$1159,$0,$34,$39,$1292,$3109,$759,$912,$85,$997,$1756,$3,$-264,$-32,$1354,$3109,$406,$114,$9,$123,$-25,$39,$0,$-15,$67,$597,$-73,$0,$0,$0,$0,$0,$0,$-73,$-758,$506,$-253,$0,$0,$0,$-5,$-258,$262,$2,$0
21,2013-06-30,11.15,$4.60,2.42,$33.04,0.34,$2.04,5.48,$1.21,9.22,$1.59B,$0.73B,2.16,$0.91B,$1.19B,0.77,$8.48B,$0.58B,6.88%,$8.48B,$0.40B,4.73%,$8.48B,$0.40B,4.73%,$8.48B,$0.55B,6.51%,$8.48B,$0.31B,3.66%,$8.48B,$0.31B,3.68%,$0.31B,$1.19B,31.46%,$0.31B,$1.16B,32.70%,$0.31B,$2.92B,10.69%,$0.40B,$2.10B,19.31%,$2184,$1902,$283,$0,$45,$1946,$238,$-31,$207,$16,$191,$191,$191,$276,$238,$259,259,$0.74,$0.74,$78,$952,$29,$1585,$1167,$0,$35,$39,$1339,$2924,$734,$912,$87,$999,$1732,$3,$-424,$-33,$1191,$2924,$245,$76,$2,$78,$-8,$-1,$0,$-16,$-12,$311,$-46,$0,$0,$0,$0,$0,$0,$-46,$-758,$506,$-253,$0,$0,$0,$0,$-253,$10,$2,$0
22,2013-03-31,6.86,$3.76,1.82,$32.24,0.21,$1.23,5.59,$0.74,9.27,$1.56B,$0.70B,2.22,$1.13B,$0.97B,1.16,$8.27B,$0.44B,5.37%,$8.27B,$0.26B,3.17%,$8.27B,$0.26B,3.17%,$8.27B,$0.41B,4.98%,$8.27B,$0.17B,2.06%,$8.27B,$0.19B,2.30%,$0.19B,$0.97B,20.93%,$0.19B,$0.94B,21.87%,$0.19B,$2.92B,6.50%,$0.26B,$2.10B,12.67%,$2037,$1918,$118,$0,$44,$1963,$74,$-17,$57,$3,$54,$54,$55,$112,$74,$259,259,$0.21,$0.21,$44,$972,$27,$1560,$1182,$0,$37,$43,$1359,$2918,$703,$1126,$115,$1242,$1944,$3,$-615,$-58,$974,$2918,$54,$38,$-8,$30,$-5,$-17,$0,$-7,$-63,$21,$-24,$0,$0,$0,$0,$0,$0,$-24,$-311,$289,$-23,$0,$0,$0,$0,$-23,$-25,$1,$0
23,2012-12-31,5.4,$3.51,1.54,$32.82,0.16,$1.31,4.12,$0.71,7.61,$1.54B,$0.73B,2.11,$1.15B,$0.91B,1.26,$8.12B,$0.44B,5.37%,$8.12B,$0.25B,3.08%,$8.12B,$0.25B,3.08%,$8.12B,$0.40B,4.90%,$8.12B,$0.15B,1.88%,$8.12B,$0.17B,2.14%,$0.17B,$0.91B,20.15%,$0.17B,$0.87B,21.14%,$0.17B,$2.91B,5.97%,$0.25B,$2.06B,12.17%,$2190,$2114,$76,$0,$48,$2162,$27,$-25,$2,$-20,$22,$22,$23,$66,$27,$250,250,$0.08,$0.08,$68,$950,$27,$1543,$1190,$0,$38,$46,$1371,$2914,$730,$1149,$126,$1275,$2005,$3,$-670,$-69,$909,$2914,$174,$147,$3,$150,$-14,$-66,$0,$6,$-125,$200,$-61,$0,$0,$0,$1,$1,$0,$-60,$-309,$0,$-309,$198,$198,$0,$0,$-111,$27,$1,$0
24,2012-09-30,3.81,$3.45,1.11,$32.20,0.12,$-0.29,0.0,$0.22,17.34,$1.56B,$0.73B,2.14,$1.15B,$0.89B,1.29,$7.76B,$0.38B,4.90%,$7.76B,$0.18B,2.32%,$7.76B,$0.18B,2.32%,$7.76B,$0.34B,4.41%,$7.76B,$0.08B,1.04%,$7.76B,$0.07B,0.85%,$0.07B,$0.89B,8.51%,$0.07B,$0.85B,8.99%,$0.07B,$2.92B,2.27%,$0.18B,$2.04B,8.81%,$2068,$1962,$106,$0,$44,$2007,$62,$-18,$44,$1,$43,$43,$43,$98,$62,$259,259,$0.17,$0.17,$60,$979,$29,$1563,$1197,$0,$40,$49,$1357,$2920,$732,$1151,$145,$1296,$2028,$3,$-692,$-62,$893,$2920,$152,$109,$1,$110,$-3,$-95,$0,$-3,$-106,$156,$-33,$0,$0,$0,$1,$1,$0,$-33,$-903,$596,$-307,$198,$198,$0,$0,$-109,$13,$0,$0
25,2012-06-30,5.34,$3.30,1.62,$32.61,0.16,$-1.85,0.0,$-0.71,0.0,$1.57B,$0.73B,2.16,$1.22B,$0.86B,1.42,$7.58B,$0.21B,2.80%,$7.58B,$-0.01B,-0.09%,$7.58B,$-0.01B,-0.09%,$7.58B,$0.17B,2.28%,$7.58B,$-0.13B,-1.66%,$7.58B,$-0.14B,-1.85%,$-0.14B,$0.86B,-19.49%,$-0.14B,$0.81B,-20.74%,$-0.14B,$2.94B,-4.79%,$-0.01B,$2.07B,-0.34%,$1974,$1830,$144,$0,$45,$1875,$99,$-32,$67,$-2,$69,$69,$69,$136,$99,$259,259,$0.27,$0.27,$54,$988,$45,$1568,$1210,$0,$41,$49,$1371,$2939,$725,$1215,$145,$1360,$2085,$3,$-735,$-57,$855,$2939,$109,$72,$4,$76,$-2,$-110,$0,$14,$-105,$80,$-25,$0,$0,$0,$-0,$-0,$0,$-25,$-244,$0,$-244,$198,$198,$0,$0,$-45,$8,$0,$0
26,2012-03-31,5.57,$3.08,1.81,$33.53,0.17,$-3.12,0.0,$-1.58,0.0,$1.49B,$0.69B,2.17,$1.25B,$0.80B,1.57,$7.53B,$0.02B,0.29%,$7.53B,$-0.21B,-2.72%,$7.53B,$-0.21B,-2.72%,$7.53B,$-0.01B,-0.12%,$7.53B,$-0.32B,-4.21%,$7.53B,$-0.34B,-4.47%,$-0.34B,$0.80B,-47.35%,$-0.34B,$0.75B,-50.54%,$-0.34B,$2.88B,-11.31%,$-0.21B,$2.05B,-9.58%,$1889,$1779,$110,$0,$48,$1827,$62,$-22,$40,$1,$40,$40,$39,$98,$62,$224,224,$0.18,$0.18,$52,$910,$50,$1488,$1225,$1,$43,$51,$1391,$2878,$687,$1250,$145,$1394,$2081,$3,$-805,$-46,$797,$2878,$40,$36,$-3,$33,$3,$-26,$0,$18,$-43,$29,$-14,$0,$0,$0,$-0,$-0,$0,$-14,$-209,$0,$-209,$198,$198,$0,$0,$-10,$6,$0,$0
27,2011-12-31,4.3,$2.61,1.65,$33.49,0.13,$-3.91,0.0,$-2.32,0.0,$1.46B,$0.72B,2.04,$1.46B,$0.56B,2.61,$7.54B,$-0.14B,-1.87%,$7.54B,$-0.37B,-4.96%,$7.54B,$-0.37B,-4.96%,$7.54B,$-0.16B,-2.16%,$7.54B,$-0.49B,-6.46%,$7.54B,$-0.50B,-6.60%,$-0.50B,$0.56B,-66.09%,$-0.50B,$0.51B,-70.40%,$-0.50B,$2.88B,-16.25%,$-0.37B,$2.02B,-16.87%,$1829,$1809,$20,$0,$63,$1872,$-43,$-27,$-70,$15,$-85,$-85,$-85,$10,$-43,$225,225,$-0.38,$-0.38,$49,$879,$54,$1464,$1242,$0,$44,$58,$1415,$2880,$717,$1458,$146,$1604,$2321,$2,$-844,$-46,$558,$2880,$-496,$210,$22,$232,$-64,$123,$0,$79,$135,$-129,$-107,$0,$37,$0,$11,$11,$0,$-58,$134,$0,$134,$0,$0,$0,$-7,$127,$-64,$1,$0
28,2011-09-30,3.19,$3.10,1.03,$33.41,0.1,$-3.53,0.0,$-1.72,0.0,$1.54B,$0.71B,2.16,$1.51B,$0.66B,2.27,$7.52B,$-0.04B,-0.56%,$7.52B,$-0.28B,-3.70%,$7.52B,$-0.28B,-3.70%,$7.52B,$-0.07B,-0.86%,$7.52B,$-0.39B,-5.24%,$7.52B,$-0.37B,-4.92%,$-0.37B,$0.66B,-41.94%,$-0.37B,$0.62B,-44.31%,$-0.37B,$3.00B,-11.77%,$-0.28B,$2.17B,-12.07%,$1891,$1954,$-62,$0,$63,$2016,$-125,$-38,$-163,$-0,$-163,$-163,$-163,$-71,$-125,$225,225,$-0.72,$-0.72,$104,$920,$46,$1537,$1318,$2,$46,$62,$1462,$3000,$711,$1509,$111,$1625,$2336,$2,$-759,$-25,$664,$3000,$-411,$157,$11,$168,$-43,$102,$0,$35,$113,$-129,$-114,$0,$0,$0,$10,$10,$0,$-104,$185,$0,$185,$-3,$-3,$0,$-5,$178,$-59,$0,$0
29,2011-06-30,4.04,$3.86,1.05,$33.03,0.12,$-2.80,0.0,$-0.69,0.0,$1.65B,$0.72B,2.29,$1.50B,$0.83B,1.81,$7.35B,$0.18B,2.41%,$7.35B,$-0.04B,-0.54%,$7.35B,$-0.04B,-0.54%,$7.35B,$0.18B,2.41%,$7.35B,$-0.14B,-1.93%,$7.35B,$-0.15B,-2.03%,$-0.15B,$0.83B,-15.28%,$-0.15B,$0.78B,-16.07%,$-0.15B,$3.16B,-4.73%,$-0.04B,$2.33B,-1.73%,$1923,$1969,$-46,$0,$52,$2021,$-99,$-26,$-124,$3,$-128,$-128,$-128,$-46,$-99,$225,225,$-0.57,$-0.57,$97,$967,$48,$1649,$1358,$12,$47,$65,$1515,$3163,$720,$1498,$114,$1616,$2336,$2,$-596,$-24,$828,$3163,$-248,$103,$-7,$96,$-56,$65,$0,$-17,$11,$-140,$-98,$0,$0,$0,$-1,$-1,$0,$-99,$174,$0,$174,$0,$0,$0,$-7,$167,$-72,$0,$0
30,2011-03-31,5.76,$4.47,1.29,$32.46,0.18,$-2.11,0.0,$0.06,95.92,$1.66B,$0.72B,2.32,$1.40B,$0.96B,1.46,$7.13B,$0.36B,4.98%,$7.13B,$0.11B,1.56%,$7.13B,$0.11B,1.56%,$7.13B,$0.34B,4.70%,$7.13B,$0.02B,0.21%,$7.13B,$0.01B,0.17%,$0.01B,$0.96B,1.18%,$0.01B,$0.91B,1.24%,$0.01B,$3.19B,0.39%,$0.11B,$2.36B,4.89%,$1892,$1946,$-53,$0,$54,$1999,$-107,$-23,$-130,$-10,$-120,$-120,$-121,$-56,$-107,$225,225,$-0.54,$-0.54,$126,$967,$51,$1664,$1369,$12,$48,$66,$1528,$3192,$719,$1397,$114,$1515,$2234,$2,$-469,$-24,$958,$3192,$-120,$51,$-15,$36,$-67,$64,$0,$11,$-19,$-102,$-60,$0,$0,$0,$-1,$-1,$0,$-60,$120,$0,$120,$0,$0,$0,$-1,$119,$-43,$0,$0
31,2010-12-31,5.29,$5.03,1.05,$31.71,0.17,$-1.56,0.0,$0.41,12.91,$1.71B,$0.74B,2.32,$1.28B,$1.08B,1.19,$6.88B,$0.46B,6.68%,$6.88B,$0.19B,2.70%,$6.88B,$0.19B,2.70%,$6.88B,$0.42B,6.04%,$6.88B,$0.07B,0.96%,$6.88B,$0.09B,1.26%,$0.09B,$1.08B,8.59%,$0.09B,$1.03B,9.05%,$0.09B,$3.22B,2.89%,$0.19B,$2.36B,8.44%,$1811,$1692,$119,$0,$66,$1759,$53,$-30,$23,$-20,$43,$43,$42,$108,$53,$225,225,$0.18,$0.18,$169,$1029,$48,$1710,$1358,$12,$49,$67,$1508,$3219,$739,$1281,$117,$1402,$2140,$2,$-349,$-24,$1079,$3219,$90,$231,$-19,$212,$-9,$-286,$0,$-47,$-288,$15,$-165,$0,$0,$0,$51,$51,$0,$-114,$-759,$0,$-759,$800,$800,$0,$-71,$-29,$-130,$0,$0
32,2010-09-30,4.2,$4.84,0.87,$44.44,0.09,$-1.31,0.0,$0.65,6.45,$1.50B,$0.68B,2.22,$1.17B,$1.04B,1.13,$6.67B,$0.42B,6.35%,$6.67B,$0.14B,2.11%,$6.67B,$0.14B,2.11%,$6.67B,$0.20B,2.94%,$6.67B,$-0.03B,-0.37%,$6.67B,$0.08B,1.18%,$0.08B,$1.04B,9.98%,$0.08B,$0.99B,10.70%,$0.08B,$3.02B,2.62%,$0.14B,$2.20B,6.63%,$1720,$1563,$157,$0,$44,$1607,$113,$-24,$89,$31,$59,$59,$58,$171,$113,$214,214,$0.27,$0.27,$55,$911,$59,$1497,$1344,$56,$50,$71,$1521,$3018,$676,$1167,$89,$1306,$1982,$2,$-390,$-24,$1036,$3018,$48,$175,$14,$189,$-43,$-168,$0,$31,$-215,$22,$-97,$0,$0,$0,$0,$0,$0,$-97,$-856,$0,$-856,$792,$792,$0,$-50,$-114,$-190,$0,$0
33,2010-06-30,4.9,$4.60,1.07,$58.92,0.08,$1.77,2.77,$0.38,12.91,$1.30B,$0.64B,2.02,$1.17B,$0.99B,1.19,$6.69B,$0.43B,6.43%,$6.69B,$0.15B,2.17%,$6.69B,$0.15B,2.17%,$6.69B,$0.20B,2.99%,$6.69B,$-0.06B,-0.84%,$6.69B,$0.10B,1.55%,$0.10B,$0.99B,18.20%,$0.10B,$0.93B,20.12%,$0.10B,$2.93B,3.44%,$0.15B,$2.15B,8.92%,$1708,$1575,$132,$0,$81,$1656,$52,$-19,$33,$-2,$35,$35,$33,$112,$52,$214,214,$0.15,$0.15,$46,$782,$27,$1296,$1394,$56,$52,$118,$1632,$2927,$642,$1168,$90,$1300,$1942,$2,$-448,$-24,$985,$2927,$-11,$117,$-8,$109,$-18,$-41,$0,$-2,$-113,$-15,$-66,$0,$0,$0,$-1,$-1,$0,$-67,$-867,$0,$-867,$800,$800,$0,$-50,$-117,$-200,$0,$0
34,2010-03-31,7.94,$4.44,1.79,$74.94,0.11,$3.42,2.32,$0.95,8.36,$1.20B,$0.66B,1.82,$1.15B,$0.95B,1.21,$6.76B,$0.46B,6.85%,$6.76B,$0.20B,2.99%,$6.76B,$0.20B,2.99%,$6.76B,$0.25B,3.76%,$6.76B,$-0.04B,-0.52%,$6.76B,$0.12B,1.83%,$0.12B,$0.95B,34.98%,$0.12B,$0.90B,41.58%,$0.12B,$2.89B,4.07%,$0.20B,$2.10B,17.94%,$1643,$1591,$52,$0,$84,$1675,$-32,$-46,$-79,$-33,$-45,$-45,$-46,$25,$-32,$214,214,$-0.21,$-0.21,$56,$732,$0,$1195,$1453,$61,$53,$125,$1693,$2888,$657,$1146,$93,$1280,$1937,$2,$-481,$-24,$951,$2888,$-45,$58,$-13,$44,$12,$11,$0,$-6,$-4,$-5,$-30,$0,$0,$0,$-0,$-0,$0,$-31,$-903,$0,$-903,$800,$800,$0,$-50,$-153,$-188,$0,$0
35,2009-12-31,6.64,$2.50,2.66,$90.21,0.07,$2.73,2.43,$0.37,17.96,$1.51B,$0.85B,1.77,$1.86B,$0.19B,9.64,$6.81B,$0.49B,7.19%,$6.81B,$0.25B,3.73%,$6.81B,$0.25B,3.73%,$6.81B,$0.31B,4.55%,$6.81B,$-0.01B,-0.19%,$6.81B,$0.11B,1.63%,$0.11B,$0.19B,83.46%,$0.11B,$0.14B,148.49%,$0.11B,$3.21B,3.56%,$0.25B,$2.05B,40.43%,$1603,$1520,$83,$0,$76,$1595,$8,$-76,$-68,$-102,$34,$34,$34,$-112,$8,$74,77,$0.45,$0.44,$244,$741,$0,$1509,$1475,$58,$55,$113,$1700,$3209,$851,$1859,$240,$2166,$3017,$1,$-436,$-27,$193,$3209,$34,$57,$-162,$-105,$7,$26,$0,$7,$67,$-4,$-28,$0,$0,$0,$-2,$-2,$1,$-28,$50,$0,$50,$0,$0,$0,$-2,$48,$16,$2,$0
36,2009-09-30,5.04,$2.04,2.47,$94.77,0.05,$1.26,4.01,$-3.16,0.0,$1.37B,$0.51B,2.69,$0.04B,$0.16B,0.26,$7.09B,$0.32B,4.57%,$7.09B,$2.12B,29.95%,$7.09B,$0.25B,3.47%,$7.09B,$2.30B,32.44%,$7.09B,$-0.17B,-2.45%,$7.09B,$-0.15B,-2.14%,$-0.15B,$0.16B,-131.60%,$-0.15B,$0.10B,-277.63%,$-0.15B,$3.06B,-4.87%,$2.12B,$0.20B,1356.55%,$1736,$1573,$163,$0,$46,$1619,$117,$-59,$58,$-25,$82,$82,$83,$175,$117,$74,77,$1.12,$1.07,$225,$764,$0,$1366,$1499,$57,$57,$64,$1694,$3061,$508,$41,$2332,$2395,$2903,$1,$-469,$-27,$157,$3061,$77,$176,$-42,$133,$32,$17,$0,$20,$-26,$185,$26,$0,$0,$0,$0,$0,$0,$26,$-20,$-101,$-121,$0,$0,$0,$103,$-18,$187,$0,$0
37,2009-06-30,3.72,$1.58,2.35,$72.27,0.05,$-1.47,0.0,$-3.16,0.0,$1.29B,$0.48B,2.71,$0.04B,$0.12B,0.36,$5.35B,$0.16B,3.01%,$5.35B,$2.01B,37.48%,$5.35B,$0.13B,2.41%,$5.35B,$2.12B,39.69%,$5.35B,$-0.23B,-4.33%,$5.35B,$-0.24B,-4.39%,$-0.24B,$0.12B,-143.07%,$-0.24B,$0.06B,-233.25%,$-0.24B,$3.03B,-7.40%,$2.01B,$0.16B,947.34%,$1777,$1611,$165,$0,$57,$1668,$109,$-55,$54,$1,$53,$53,$53,$166,$109,$74,74,$0.72,$0.72,$114,$799,$0,$1291,$1532,$60,$60,$89,$1740,$3031,$476,$42,$2355,$2438,$2914,$1,$-552,$21,$117,$3031,$-6,$118,$-15,$102,$85,$-17,$0,$13,$-44,$53,$41,$0,$0,$0,$-3,$-3,$0,$38,$-22,$-101,$-123,$0,$0,$0,$103,$-20,$69,$0,$0
38,2009-03-31,1.34,$0.88,1.53,$79.73,0.02,$-8.87,0.0,$-3.88,0.0,$1.39B,$0.68B,2.06,$0.04B,$0.07B,0.6,$5.78B,$0.05B,0.85%,$5.78B,$1.85B,32.07%,$5.78B,$-0.02B,-0.40%,$5.78B,$1.98B,34.18%,$5.78B,$-0.36B,-6.28%,$5.78B,$-0.34B,-5.90%,$-0.34B,$0.07B,-80.85%,$-0.34B,$0.00B,-137.50%,$-0.34B,$3.17B,-10.08%,$1.85B,$0.10B,221.11%,$1698,$1619,$79,$0,$59,$1678,$20,$-77,$-57,$2,$-59,$-59,$-59,$81,$20,$74,74,$-0.79,$-0.79,$60,$826,$52,$1389,$1573,$56,$62,$85,$1777,$3165,$675,$39,$2297,$2425,$3100,$1,$-604,$22,$65,$3165,$-59,$61,$-6,$54,$44,$-29,$0,$-0,$-47,$-51,$-12,$0,$0,$0,$-2,$-2,$0,$-14,$-23,$-11,$-34,$0,$0,$0,$112,$78,$12,$0,$0
39,2008-12-31,0.47,$1.66,0.28,$88.36,0.01,$-12.49,0.0,$-3.09,0.0,$1.37B,$0.61B,2.24,$0.04B,$0.12B,0.34,$6.19B,$-0.07B,-1.05%,$6.19B,$1.69B,27.32%,$6.19B,$-0.19B,-3.02%,$6.19B,$1.87B,30.20%,$6.19B,$-0.48B,-7.79%,$6.19B,$-0.39B,-6.35%,$-0.39B,$0.12B,-59.39%,$-0.39B,$0.06B,-103.83%,$-0.39B,$3.22B,-11.03%,$1.69B,$0.17B,114.48%,$1877,$1960,$-83,$0,$0,$0,$1877,$0,$-229,$0,$0,$-229,$-229,$1877,$0,$74,74,$-3.09,$-3.09,$47,$796,$17,$1370,$1646,$57,$65,$77,$1845,$3215,$613,$42,$2339,$2479,$3092,$1,$-546,$21,$123,$3215,$-229,$60,$-0,$60,$-206,$268,$0,$3,$57,$-112,$-28,$0,$0,$0,$-1,$-1,$-7,$-36,$134,$101,$235,$0,$0,$0,$-115,$119,$-29,$0,$0
40,2008-09-30,1.86,$0.00,0.0,$93.78,0.02,$-11.77,0.0,0,0.0,$1.45B,$2.71B,0.54,$0.07B,$0.35B,0.19,$6.36B,$0.12B,1.94%,$6.36B,$1.86B,29.27%,$6.36B,$-0.19B,-2.94%,$6.36B,$2.04B,32.07%,$6.36B,$-0.28B,-4.39%,$6.36B,$-0.20B,-3.08%,$-0.20B,$0.35B,-21.41%,$-0.20B,$0.28B,-37.42%,$-0.20B,$3.30B,-5.27%,$1.86B,$0.42B,89.83%,$0,$0,$0,$0,$0,$0,$0,$0,$0,$0,$0,$0,$0,$0,$0,$0,0,$0.00,$0.00,$72,$1036,$0,$1451,$1673,$56,$67,$52,$1848,$3299,$2713,$68,$86,$234,$2947,$1,$-317,$21,$352,$3299,$0,$0,$0,$0,$0,$0,$0,$0,$0,$0,$0,$0,$0,$0,$0,$0,$0,$0,$0,$0,$0,$0,$0,$0,$0,$0,$0,$0,$0
41,2008-06-30,9.7,$15.49,0.63,$93.78,0.1,$-11.77,0.0,0,0.0,$1.45B,$0.92B,1.58,$1.52B,$1.15B,1.32,$6.36B,$0.12B,1.94%,$6.36B,$1.86B,29.27%,$6.36B,$-0.19B,-2.94%,$6.36B,$2.04B,32.07%,$6.36B,$-0.28B,-4.39%,$6.36B,$-0.20B,-3.08%,$-0.20B,$1.15B,-17.49%,$-0.20B,$0.65B,-31.64%,$-0.20B,$3.85B,-5.11%,$1.86B,$2.67B,71.86%,$2207,$2154,$53,$0,$92,$2250,$-43,$-34,$-77,$-28,$-48,$-48,$-53,$18,$-43,$70,70,$-0.75,$-0.75,$65,$1103,$86,$1454,$1716,$54,$500,$124,$2393,$3847,$918,$1519,$85,$1782,$2700,$1,$487,$13,$1147,$3847,$-197,$177,$-80,$97,$12,$-175,$0,$-47,$-253,$-352,$-78,$0,$0,$0,$-7,$-7,$0,$-85,$200,$0,$200,$177,$177,$-5,$52,$425,$-12,$0,$-5
42,2008-03-31,15.1,$15.40,0.98,$93.95,0.16,$-7.36,0.0,0,0.0,$1.49B,$0.91B,1.64,$1.63B,$1.03B,1.59,$6.25B,$0.31B,4.88%,$6.25B,$2.04B,32.63%,$6.25B,$-0.01B,-0.11%,$6.25B,$2.22B,35.43%,$6.25B,$-0.10B,-1.63%,$6.25B,$-0.08B,-1.28%,$-0.08B,$1.03B,-7.17%,$-0.08B,$0.53B,-13.05%,$-0.08B,$3.89B,-2.04%,$2.04B,$2.66B,77.44%,$2101,$2136,$-35,$0,$103,$2244,$-144,$-32,$-176,$-64,$-112,$-112,$-111,$-27,$-144,$67,67,$-1.67,$-1.67,$107,$1086,$84,$1486,$1737,$44,$500,$125,$2406,$3892,$905,$1630,$84,$1962,$2867,$1,$541,$13,$1025,$3892,$-144,$116,$-46,$71,$37,$-155,$0,$-22,$-173,$-246,$-51,$0,$0,$0,$-4,$-4,$0,$-56,$312,$0,$312,$0,$0,$-3,$24,$333,$31,$0,$-3
43,2007-12-31,21.61,$17.10,1.26,$92.24,0.23,$-5.03,0.0,0,0.0,$1.37B,$0.93B,1.48,$1.40B,$1.14B,1.23,$6.14B,$0.42B,6.91%,$6.14B,$2.17B,35.40%,$6.14B,$0.13B,2.05%,$6.14B,$2.32B,37.78%,$6.14B,$0.02B,0.26%,$6.14B,$-0.01B,-0.15%,$-0.01B,$1.14B,-0.80%,$-0.01B,$0.64B,-1.45%,$-0.01B,$3.84B,-0.23%,$2.17B,$2.54B,80.93%,$2047,$1942,$105,$0,$0,$0,$2047,$0,$-26,$7,$0,$-33,$-32,$2047,$0,$67,67,$-0.49,$-0.49,$103,$1027,$48,$1366,$1790,$46,$500,$135,$2471,$3837,$926,$1404,$56,$1773,$2698,$1,$654,$14,$1138,$3837,$-32,$56,$-9,$47,$-0,$-65,$0,$3,$-50,$-35,$-43,$0,$0,$0,$-1,$-1,$0,$-43,$86,$0,$86,$0,$0,$-1,$23,$107,$28,$0,$-1
44,2007-09-30,25.93,$0.00,0.0,$81.57,0.32,$-4.50,0.0,0,0.0,$1.30B,$0.91B,1.44,$1.32B,$1.17B,1.13,$5.43B,$0.39B,7.09%,$5.43B,$1.46B,26.95%,$5.43B,$0.13B,2.32%,$5.43B,$1.61B,29.64%,$5.43B,$0.03B,0.50%,$5.43B,$0.01B,0.26%,$0.01B,$1.17B,1.25%,$0.01B,$0.67B,2.32%,$0.01B,$3.77B,0.35%,$1.46B,$2.49B,58.40%,$0,$0,$0,$0,$0,$0,$0,$0,$0,$0,$0,$0,$0,$0,$0,$0,0,$0.00,$0.00,$74,$925,$63,$1301,$1783,$46,$505,$139,$2473,$3774,$905,$1319,$52,$1697,$2602,$1,$688,$14,$1172,$3774,$0,$0,$0,$0,$0,$0,$0,$0,$0,$0,$0,$0,$0,$0,$0,$0,$0,$0,$0,$0,$0,$0,$0,$0,$0,$0,$0,$0,$0
45,2007-06-30,28.49,$16.98,1.68,$81.57,0.35,$-4.50,0.0,0,0.0,$1.65B,$0.95B,1.74,$1.72B,$1.13B,1.52,$5.43B,$0.39B,7.09%,$5.43B,$1.46B,26.95%,$5.43B,$0.13B,2.32%,$5.43B,$1.61B,29.64%,$5.43B,$0.03B,0.50%,$5.43B,$0.01B,0.26%,$0.01B,$1.13B,1.27%,$0.01B,$0.62B,1.96%,$0.01B,$4.19B,0.38%,$1.46B,$2.85B,63.59%,$2104,$1870,$235,$0,$98,$1968,$137,$-37,$100,$37,$63,$63,$63,$195,$137,$67,67,$0.94,$0.94,$71,$945,$30,$1650,$1897,$44,$509,$88,$2538,$4188,$948,$1719,$80,$2109,$3058,$1,$656,$4,$1130,$4188,$14,$146,$8,$154,$-58,$-112,$0,$1,$-153,$15,$-130,$0,$-1109,$0,$82,$82,$0,$-1157,$-208,$0,$-208,$0,$0,$-4,$1256,$1043,$-99,$0,$-4
46,2007-03-31,24.78,$16.06,1.54,$69.29,0.36,$-4.08,0.0,0,0.0,$1.59B,$0.86B,1.84,$1.79B,$1.07B,1.67,$4.61B,$0.19B,4.18%,$4.61B,$1.30B,28.17%,$4.61B,$-0.04B,-0.82%,$4.61B,$1.42B,30.83%,$4.61B,$-0.11B,-2.41%,$4.61B,$-0.07B,-1.50%,$-0.07B,$1.07B,-6.24%,$-0.07B,$0.55B,-8.19%,$-0.07B,$4.15B,-2.13%,$1.30B,$2.86B,65.25%,$1987,$1903,$84,$0,$95,$1998,$-11,$-48,$-58,$-19,$-39,$-39,$-40,$77,$-11,$67,67,$-0.60,$-0.60,$93,$896,$48,$1588,$1912,$31,$515,$101,$2559,$4147,$863,$1790,$85,$2215,$3078,$1,$595,$3,$1069,$4147,$-49,$88,$13,$101,$-13,$-64,$0,$13,$-104,$-52,$-89,$0,$-1109,$0,$79,$79,$0,$-1119,$-132,$0,$-132,$0,$0,$-3,$1219,$1084,$-87,$0,$-3
47,2006-12-31,21.97,$16.68,1.32,$58.45,0.38,$-3.00,0.0,0,0.0,$1.49B,$0.86B,1.73,$0.71B,$1.11B,0.64,$3.89B,$0.15B,3.75%,$3.89B,$1.27B,32.69%,$3.89B,$-0.07B,-1.67%,$3.89B,$1.37B,35.26%,$3.89B,$-0.10B,-2.57%,$3.89B,$-0.06B,-1.57%,$-0.06B,$1.11B,-5.42%,$-0.06B,$0.57B,-6.16%,$-0.06B,$4.08B,-2.17%,$1.27B,$1.82B,75.50%,$1337,$1272,$66,$0,$0,$0,$1337,$0,$-15,$-6,$0,$0,$-9,$1337,$0,$67,67,$-0.13,$-0.13,$169,$861,$50,$1488,$1793,$147,$538,$112,$2590,$4077,$862,$713,$1090,$2105,$2967,$1,$637,$3,$1110,$4077,$-9,$33,$-3,$30,$18,$-29,$0,$-3,$-27,$-6,$-37,$0,$34,$0,$-32,$-32,$-2,$-37,$9,$0,$9,$0,$0,$-1,$25,$33,$-10,$0,$-1
