,Date,Stock Price,Book Value per Share,Price to Book Ratio,TTM Sales per Share,Price to Sales Ratio,TTM FCF per Share,Price to FCF Ratio,TTM Net EPS,PE Ratio,Current Assets,Current Liabilities,Current Ratio,Long Term Debt,Shareholder's Equity_x,Debt to Equity Ratio,TTM Revenue_x,TTM Gross Profit,Gross Margin,TTM Revenue_y,TTM Operating Income,Operating Margin,TTM Revenue_x,TTM EBIT,EBIT Margin,TTM Revenue_y,TTM EBITDA,EBITDA Margin,TTM Revenue_x,TTM Pre-Tax Income,Pre-Tax Margin,TTM Revenue_y,TTM Net Income_x,Net Margin,TTM Net Income_y,Shareholder's Equity_y,Return on Equity,TTM Net Income_x,Tangible Equity,Return on Tangible Equity,TTM Net Income_y,Total Assets,Return on Assets,TTM Net Income,LT Investments & Debt,Return on Investment,revenue,cost-goods-sold,gross-profit,research-development-expenses,selling-general-administrative-expenses,operating-expenses,operating-income,total-non-operating-income-expense,pre-tax-income,total-provision-income-taxes,income-after-taxes,income-from-continuous-operations,net-income,ebitda,ebit,basic-shares-outstanding,shares-outstanding,eps-basic-net-earnings-per-share,eps-earnings-per-share-diluted,cash-on-hand,inventory,other-current-assets,total-current-assets,net-property-plant-equipment,long-term-investments,goodwill-intangible-assets-total,other-long-term-assets,total-long-term-assets,total-assets,total-current-liabilities,long-term-debt,other-non-current-liabilities,total-long-term-liabilities,total-liabilities,common-stock-net,retained-earnings-accumulated-deficit,comprehensive-income,total-share-holder-equity,total-liabilities-share-holders-equity,net-income-loss,total-depreciation-amortization-cash-flow,other-non-cash-items,total-non-cash-items,change-in-accounts-receivable,change-in-inventories,change-in-accounts-payable,change-in-assets-liabilities,total-change-in-assets-liabilities,cash-flow-from-operating-activities,net-change-in-property-plant-equipment,net-change-in-intangible-assets,net-acquisitions-divestitures,net-change-in-short-term-investments,net-change-in-long-term-investments,net-change-in-investments-total,investing-activities-other,cash-flow-from-investing-activities,net-long-term-debt,net-current-debt,debt-issuance-retirement-net-total,net-common-equity-issued-repurchased,net-total-equity-issued-repurchased,total-common-preferred-stock-dividends-paid,financial-activities-other,cash-flow-from-financial-activities,net-cash-flow,stock-based-compensation,common-stock-dividends-paid
0,2018-09-30,109.13,$21.17,5.16,$61.76,1.77,$5.34,20.42,$5.18,21.07,$6.74B,$3.93B,1.71,$5.02B,$5.08B,0.99,$15.41B,$6.48B,42.05%,$15.41B,$1.83B,11.86%,$15.41B,$1.83B,11.86%,$15.41B,$2.32B,15.04%,$15.41B,$1.73B,11.21%,$15.41B,$1.23B,8.01%,$1.23B,$5.08B,23.28%,$1.23B,$-0.87B,-172.11%,$1.23B,$16.72B,7.30%,$1.83B,$10.10B,18.01%,$3817,$2253,$1564,$110,$867,$3340,$477,$-26,$451,$79,$372,$372,$378,$599,$477,$242,244,$1.56,$1.55,$1160,$1962,$402,$6741,$2738,$266,$5943,$724,$9977,$16718,$3933,$5023,$913,$7707,$11640,$969,$17987,$-2197,$5078,$16718,$1097,$370,$-10,$360,$-419,$-285,$0,$-149,$-700,$667,$-226,$0,$-98,$0,$0,$0,$13,$-311,$987,$4,$991,$-1299,$-1299,$-338,$-24,$-670,$-333,$21,$-338
1,2018-06-30,103.28,$20.59,5.02,$60.71,1.7,$6.73,15.35,$5.99,17.24,$6.88B,$4.05B,1.7,$5.05B,$4.98B,1.01,$15.37B,$6.59B,42.86%,$15.37B,$1.90B,12.35%,$15.37B,$1.90B,12.35%,$15.37B,$2.38B,15.50%,$15.37B,$1.80B,11.71%,$15.37B,$1.47B,9.54%,$1.47B,$4.98B,26.50%,$1.47B,$-0.92B,-297.21%,$1.47B,$16.79B,8.56%,$1.90B,$10.03B,18.70%,$4131,$2379,$1752,$114,$945,$3646,$485,$-6,$479,$104,$375,$375,$371,$610,$485,$245,246,$1.51,$1.51,$1083,$1956,$402,$6879,$2738,$258,$5906,$723,$9915,$16794,$4047,$5048,$929,$7764,$11811,$969,$17725,$-2275,$4983,$16794,$715,$248,$82,$330,$-626,$-270,$0,$-35,$-863,$131,$-118,$0,$-98,$0,$0,$0,$-1,$-217,$989,$10,$999,$-1053,$-1053,$-222,$-29,$-305,$-416,$18,$-222
2,2018-03-31,110.65,$22.45,4.93,$58.63,1.89,$7.88,14.05,$6.42,17.23,$7.11B,$4.03B,1.76,$5.20B,$5.47B,0.95,$15.04B,$6.56B,43.59%,$15.04B,$2.03B,13.51%,$15.04B,$2.03B,13.51%,$15.04B,$2.51B,16.66%,$15.04B,$1.98B,13.16%,$15.04B,$1.59B,10.58%,$1.59B,$5.47B,27.81%,$1.59B,$-0.77B,-497.97%,$1.59B,$17.54B,9.27%,$2.03B,$10.67B,20.18%,$3781,$2181,$1600,$112,$906,$3322,$459,$-38,$421,$87,$334,$334,$334,$582,$459,$250,251,$1.34,$1.33,$1404,$1963,$400,$7110,$2862,$270,$6232,$719,$10434,$17544,$4030,$5199,$985,$8047,$12077,$969,$17464,$-2005,$5467,$17544,$340,$123,$-9,$114,$-373,$-202,$0,$-121,$-667,$-228,$-75,$0,$-96,$0,$0,$0,$-7,$-178,$991,$7,$998,$-591,$-591,$-112,$0,$295,$-90,$9,$-112
3,2017-12-31,115.38,$22.58,5.11,$57.03,2.02,$8.87,13.0,$6.31,18.28,$6.48B,$3.90B,1.66,$4.13B,$5.67B,0.73,$14.75B,$6.54B,44.35%,$14.75B,$2.06B,14.00%,$14.75B,$2.06B,14.00%,$14.75B,$2.52B,17.11%,$14.75B,$2.01B,13.60%,$14.75B,$1.59B,10.81%,$1.59B,$5.67B,28.08%,$1.59B,$-0.32B,-620.84%,$1.59B,$16.54B,9.48%,$2.06B,$9.81B,21.31%,$3682,$2118,$1564,$118,$919,$3275,$407,$-30,$377,$224,$153,$153,$151,$527,$407,$256,258,$0.60,$0.60,$1491,$1730,$353,$6477,$2824,$268,$5987,$677,$10061,$16538,$3895,$4134,$967,$6971,$10866,$969,$17140,$-2057,$5672,$16538,$1615,$460,$-175,$285,$-76,$-116,$0,$-213,$-346,$1568,$-360,$0,$368,$-1,$-100,$-101,$26,$-67,$-588,$-100,$-688,$-761,$-761,$-434,$-71,$-1954,$-384,$35,$-434
4,2017-09-30,106.9,$23.62,4.53,$55.03,1.94,$7.82,13.67,$6.89,15.51,$7.64B,$4.62B,1.65,$4.09B,$6.01B,0.68,$14.35B,$6.45B,44.98%,$14.35B,$1.87B,13.02%,$14.35B,$1.87B,13.02%,$14.35B,$2.32B,16.15%,$14.35B,$1.75B,12.17%,$14.35B,$1.78B,12.43%,$1.78B,$6.01B,32.50%,$1.78B,$0.03B,-527.51%,$1.78B,$17.62B,10.72%,$1.87B,$10.10B,19.85%,$3776,$2104,$1672,$114,$894,$3229,$547,$-24,$523,$124,$399,$399,$610,$664,$547,$256,258,$2.38,$2.36,$2328,$1805,$350,$7638,$2730,$261,$5980,$585,$9977,$17615,$4618,$4089,$928,$6987,$11605,$969,$17106,$-2063,$6010,$17615,$1459,$340,$-260,$80,$-350,$-200,$0,$-142,$-578,$1032,$-207,$0,$524,$0,$-100,$-100,$-1,$216,$-9,$-87,$-96,$-368,$-368,$-321,$-66,$-851,$467,$26,$-321
5,2017-06-30,107.71,$22.36,4.82,$54.15,1.99,$6.64,16.22,$3.84,28.05,$7.15B,$4.44B,1.61,$4.00B,$5.74B,0.7,$14.23B,$6.46B,45.41%,$14.23B,$1.88B,13.22%,$14.23B,$1.88B,13.22%,$14.23B,$2.33B,16.35%,$14.23B,$0.80B,5.61%,$14.23B,$0.99B,6.95%,$0.99B,$5.74B,18.79%,$0.99B,$-0.23B,-194.40%,$0.99B,$16.98B,6.05%,$1.88B,$9.73B,20.68%,$3804,$2083,$1721,$112,$876,$3184,$620,$39,$659,$157,$502,$502,$496,$733,$620,$257,259,$1.93,$1.92,$1617,$1766,$571,$7145,$2710,$256,$5963,$582,$9832,$16977,$4441,$3998,$910,$6801,$11242,$969,$16613,$-2059,$5735,$16977,$843,$223,$-37,$186,$-406,$-185,$0,$-63,$-635,$446,$-135,$0,$-10,$0,$-100,$-100,$-16,$-261,$-8,$-64,$-72,$-143,$-143,$-205,$-70,$-490,$-251,$17,$-205
6,2017-03-31,102.55,$20.63,4.97,$53.51,1.92,$4.88,21.0,$3.27,31.36,$6.65B,$4.27B,1.56,$3.82B,$5.29B,0.72,$14.21B,$6.54B,46.00%,$14.21B,$1.90B,13.38%,$14.21B,$1.90B,13.38%,$14.21B,$2.34B,16.44%,$14.21B,$0.77B,5.41%,$14.21B,$0.86B,6.07%,$0.86B,$5.29B,16.63%,$0.86B,$-0.51B,-168.47%,$0.86B,$16.15B,5.26%,$1.90B,$9.10B,20.82%,$3486,$1902,$1584,$109,$875,$2996,$490,$-44,$446,$110,$336,$336,$337,$600,$490,$258,260,$1.31,$1.30,$1389,$1727,$473,$6646,$2806,$175,$5800,$588,$9508,$16154,$4273,$3817,$939,$6595,$10868,$969,$16214,$-2076,$5286,$16154,$342,$110,$14,$124,$-296,$-157,$0,$-8,$-481,$9,$-63,$0,$-61,$0,$0,$0,$-14,$-138,$-7,$-39,$-46,$-154,$-154,$-103,$-69,$-372,$-471,$9,$-103
7,2016-12-31,92.12,$19.10,4.82,$53.23,1.73,$5.12,17.98,$3.27,28.17,$6.57B,$4.25B,1.55,$3.79B,$4.92B,0.77,$14.27B,$6.58B,46.09%,$14.27B,$1.90B,13.31%,$14.27B,$1.90B,13.31%,$14.27B,$2.34B,16.39%,$14.27B,$0.78B,5.46%,$14.27B,$0.87B,6.12%,$0.87B,$4.92B,16.86%,$0.87B,$-0.64B,-158.73%,$0.87B,$15.77B,5.23%,$1.90B,$8.70B,20.58%,$3284,$1807,$1477,$113,$859,$3073,$211,$-92,$119,$37,$82,$82,$340,$320,$211,$266,267,$1.30,$1.30,$1863,$1514,$543,$6574,$2608,$179,$5555,$669,$9197,$15771,$4253,$3787,$935,$6603,$10856,$969,$15980,$-2356,$4915,$15771,$895,$440,$223,$663,$-68,$56,$0,$-32,$-143,$1351,$-380,$0,$745,$92,$-13,$79,$-8,$436,$609,$-376,$233,$-1019,$-1019,$-414,$-10,$-1210,$509,$45,$-414
8,2016-09-30,100.05,$19.40,5.16,$51.02,1.96,$6.85,14.61,$3.13,31.97,$6.42B,$4.46B,1.44,$3.75B,$5.12B,0.73,$13.74B,$6.47B,47.05%,$13.74B,$2.03B,14.76%,$13.74B,$2.03B,14.76%,$13.74B,$2.45B,17.85%,$13.74B,$0.97B,7.05%,$13.74B,$0.85B,6.16%,$0.85B,$5.12B,16.23%,$0.85B,$-0.65B,-144.91%,$0.85B,$16.49B,4.97%,$2.03B,$8.87B,21.75%,$3660,$1978,$1682,$115,$893,$3099,$561,$-987,$-426,$-220,$-206,$-206,$-184,$674,$561,$266,266,$-0.69,$-0.69,$975,$1676,$804,$6417,$2863,$328,$5774,$592,$10073,$16490,$4460,$3752,$824,$6909,$11369,$969,$15744,$-2541,$5121,$16490,$551,$331,$100,$431,$-256,$-43,$0,$29,$-202,$776,$-239,$0,$-321,$92,$41,$133,$-18,$-445,$-253,$275,$22,$-371,$-371,$-309,$-34,$-692,$-382,$37,$-309
9,2016-06-30,100.43,$20.40,4.92,$50.91,1.97,$7.48,13.42,$5.41,18.56,$7.11B,$4.38B,1.62,$4.43B,$5.43B,0.82,$13.81B,$6.46B,46.79%,$13.81B,$2.03B,14.71%,$13.81B,$2.03B,14.71%,$13.81B,$2.45B,17.75%,$13.81B,$1.95B,14.12%,$13.81B,$1.46B,10.60%,$1.46B,$5.43B,27.96%,$1.46B,$-0.24B,-248.56%,$1.46B,$17.25B,8.46%,$2.03B,$9.86B,21.45%,$3782,$1988,$1794,$115,$930,$3142,$640,$-10,$630,$285,$345,$345,$370,$743,$640,$267,269,$1.38,$1.37,$1669,$1803,$527,$7107,$2950,$322,$5675,$654,$10141,$17248,$4375,$4426,$837,$7440,$11815,$969,$16034,$-2749,$5433,$17248,$730,$218,$-594,$-376,$-362,$-104,$0,$55,$-355,$-1,$-149,$0,$-10,$133,$0,$133,$-27,$-53,$-249,$989,$740,$-127,$-127,$-203,$-45,$365,$294,$26,$-203
10,2016-03-31,107.12,$19.72,5.43,$51.79,2.07,$8.13,13.18,$5.27,20.33,$6.72B,$4.56B,1.48,$4.23B,$5.25B,0.81,$14.12B,$6.48B,45.90%,$14.12B,$1.87B,13.21%,$14.12B,$1.87B,13.21%,$14.12B,$2.31B,16.34%,$14.12B,$1.77B,12.54%,$14.12B,$1.43B,10.13%,$1.43B,$5.25B,27.56%,$1.43B,$-0.67B,-208.98%,$1.43B,$17.32B,8.23%,$1.87B,$9.47B,19.91%,$3544,$1920,$1624,$116,$906,$3057,$487,$-31,$456,$112,$344,$344,$347,$602,$487,$268,269,$1.30,$1.29,$1030,$1863,$719,$6718,$3038,$370,$5913,$628,$10597,$17315,$4556,$4226,$1107,$7511,$12067,$969,$15770,$-2643,$5248,$17315,$354,$115,$12,$127,$-273,$-120,$0,$-89,$-432,$79,$-70,$0,$-6,$31,$0,$31,$-18,$-63,$-251,$88,$-163,$-136,$-136,$-96,$-34,$-429,$-402,$10,$-96
11,2015-12-31,94.58,$18.99,4.98,$51.92,1.82,$6.28,15.07,$5.15,18.37,$6.71B,$4.70B,1.43,$4.03B,$5.07B,0.79,$14.24B,$6.46B,45.33%,$14.24B,$1.82B,12.80%,$14.24B,$1.82B,12.80%,$14.24B,$2.27B,15.93%,$14.24B,$1.75B,12.25%,$14.24B,$1.41B,9.87%,$1.41B,$5.07B,27.20%,$1.41B,$-0.78B,-205.71%,$1.41B,$17.08B,8.08%,$1.82B,$9.10B,19.60%,$2754,$1389,$1365,$107,$841,$2414,$340,$-31,$309,$66,$243,$243,$314,$434,$340,$271,274,$1.16,$1.15,$1455,$1659,$889,$6712,$2822,$367,$5847,$617,$10364,$17076,$4695,$4026,$1116,$7312,$12007,$969,$15521,$-2702,$5069,$17076,$1427,$446,$75,$521,$-125,$37,$0,$-2,$-34,$1895,$-430,$0,$-273,$305,$19,$324,$-16,$-395,$902,$-560,$342,$-698,$-698,$-383,$-73,$-812,$625,$54,$-383
12,2015-09-30,83.64,$19.30,4.33,$53.08,1.58,$4.37,19.15,$4.29,19.5,$7.29B,$4.77B,1.53,$4.25B,$5.20B,0.82,$14.63B,$6.51B,44.49%,$14.63B,$1.82B,12.41%,$14.63B,$1.82B,12.41%,$14.63B,$2.26B,15.48%,$14.63B,$1.39B,9.48%,$14.63B,$1.18B,8.03%,$1.18B,$5.20B,22.51%,$1.18B,$-0.67B,-161.90%,$1.18B,$17.57B,6.71%,$1.82B,$9.45B,19.67%,$3725,$2049,$1676,$117,$875,$3161,$564,$-10,$554,$133,$421,$421,$433,$671,$564,$271,273,$1.60,$1.59,$1414,$1841,$589,$7292,$2919,$453,$5867,$669,$10282,$17574,$4770,$4250,$1074,$7608,$12378,$969,$15302,$-2592,$5196,$17574,$1109,$352,$-103,$249,$-413,$-89,$0,$-164,$-355,$986,$-262,$0,$-201,$74,$0,$74,$38,$-351,$903,$-410,$493,$-450,$-450,$-287,$-24,$-268,$329,$42,$-287
13,2015-06-30,109.05,$19.41,5.62,$53.52,2.04,$4.35,25.08,$4.03,27.06,$7.37B,$4.83B,1.53,$4.22B,$5.26B,0.8,$14.84B,$6.54B,44.06%,$14.84B,$1.78B,11.98%,$14.84B,$1.78B,11.98%,$14.84B,$2.24B,15.09%,$14.84B,$1.33B,8.98%,$14.84B,$1.11B,7.50%,$1.11B,$5.26B,20.34%,$1.11B,$-0.63B,-2237.19%,$1.11B,$17.60B,6.40%,$1.78B,$9.48B,19.41%,$4100,$2283,$1817,$123,$954,$3625,$475,$-23,$452,$110,$342,$342,$337,$600,$475,$273,275,$1.24,$1.23,$1182,$1861,$651,$7374,$2917,$459,$5881,$561,$10222,$17596,$4825,$4222,$994,$7515,$12340,$969,$14966,$-2332,$5256,$17596,$669,$245,$-136,$109,$-591,$-80,$0,$-57,$-572,$186,$-162,$0,$21,$10,$0,$10,$23,$-108,$904,$-444,$460,$-301,$-301,$-189,$-12,$-42,$21,$40,$-189
14,2015-03-31,107.02,$18.97,5.64,$53.16,2.01,$4.86,22.0,$4.18,25.63,$7.08B,$4.77B,1.48,$4.02B,$5.16B,0.78,$14.82B,$6.50B,43.83%,$14.82B,$1.85B,12.50%,$14.82B,$1.85B,12.50%,$14.82B,$2.30B,15.54%,$14.82B,$1.40B,9.48%,$14.82B,$1.16B,7.84%,$1.16B,$5.16B,20.25%,$1.16B,$-0.66B,188.56%,$1.16B,$17.37B,6.71%,$1.85B,$9.18B,20.34%,$3662,$2065,$1597,$119,$914,$3218,$444,$-14,$430,$104,$326,$326,$322,$564,$444,$273,276,$1.18,$1.17,$1170,$1881,$699,$7084,$2965,$449,$5818,$602,$10284,$17368,$4773,$4023,$1009,$7437,$12210,$484,$14728,$-2309,$5158,$17368,$327,$120,$-300,$-180,$-327,$-136,$0,$-99,$-558,$-429,$-72,$0,$38,$51,$19,$70,$-1,$35,$1241,$-517,$724,$-156,$-156,$-91,$-19,$458,$49,$15,$-91
15,2014-12-31,109.37,$19.36,5.65,$52.80,2.07,$6.89,15.86,$7.49,14.6,$6.44B,$4.88B,1.32,$3.53B,$5.27B,0.67,$14.79B,$6.44B,43.56%,$14.79B,$1.81B,12.26%,$14.79B,$1.81B,12.26%,$14.79B,$2.26B,15.31%,$14.79B,$1.35B,9.10%,$14.79B,$2.10B,14.21%,$2.10B,$5.27B,35.21%,$2.10B,$-0.95B,170.93%,$2.10B,$17.54B,12.18%,$1.81B,$8.80B,19.77%,$3138,$1722,$1416,$117,$870,$2806,$332,$-381,$-49,$-93,$44,$44,$83,$429,$332,$277,280,$0.34,$0.33,$1183,$1825,$620,$6443,$3092,$443,$6212,$470,$11092,$17535,$4875,$3533,$1069,$7395,$12270,$484,$14498,$-2116,$5265,$17535,$2159,$450,$-897,$-447,$-116,$-99,$0,$-197,$-181,$1528,$-564,$0,$-488,$143,$0,$143,$52,$-857,$-640,$1021,$381,$-693,$-693,$-361,$-296,$-969,$-430,$71,$-361
16,2014-09-30,92.79,$22.61,4.1,$53.63,1.73,$7.92,11.72,$8.08,11.48,$8.90B,$4.90B,1.82,$2.95B,$6.21B,0.48,$15.15B,$6.50B,42.89%,$15.15B,$1.81B,11.95%,$15.15B,$1.81B,11.95%,$15.15B,$2.28B,15.07%,$15.15B,$1.71B,11.29%,$15.15B,$2.27B,15.00%,$2.27B,$6.21B,38.18%,$2.27B,$2.03B,135.36%,$2.27B,$17.09B,13.50%,$1.81B,$9.16B,19.86%,$3935,$2229,$1706,$120,$941,$3409,$526,$-27,$499,$116,$383,$383,$371,$645,$526,$276,279,$1.34,$1.33,$3038,$1905,$566,$8898,$2720,$449,$4172,$596,$8189,$17087,$4896,$2954,$1066,$5986,$10882,$484,$14506,$-1447,$6205,$17087,$2070,$353,$-1139,$-786,$-416,$-205,$0,$-206,$-287,$1037,$-302,$0,$1511,$24,$0,$24,$-13,$1220,$-39,$-14,$-53,$-398,$-398,$-269,$-96,$-816,$1352,$53,$-269
17,2014-06-30,98.78,$22.93,4.31,$52.57,1.88,$8.85,11.17,$7.53,13.12,$9.04B,$4.96B,1.82,$2.96B,$6.32B,0.47,$14.99B,$6.41B,42.73%,$14.99B,$1.66B,11.07%,$14.99B,$1.66B,11.07%,$14.99B,$2.13B,14.18%,$14.99B,$1.46B,9.73%,$14.99B,$2.13B,14.19%,$2.13B,$6.32B,36.87%,$2.13B,$2.04B,147.50%,$2.13B,$17.30B,12.72%,$1.66B,$9.28B,18.36%,$4082,$2306,$1776,$126,$985,$3532,$550,$-26,$524,$125,$399,$399,$386,$665,$550,$277,280,$1.39,$1.38,$2913,$1964,$544,$9035,$2777,$381,$4282,$595,$8265,$17300,$4962,$2958,$1041,$6017,$10979,$484,$14227,$-1181,$6321,$17300,$1693,$234,$-1051,$-817,$-531,$-203,$0,$-134,$-542,$401,$-232,$0,$1601,$-329,$0,$-329,$-18,$1022,$-2,$-16,$-18,$-259,$-259,$-177,$-92,$-546,$870,$38,$-177
18,2014-03-31,90.63,$22.02,4.12,$51.39,1.76,$9.43,9.61,$7.33,12.36,$8.89B,$4.57B,1.95,$3.37B,$6.09B,0.55,$14.79B,$6.25B,42.25%,$14.79B,$1.57B,10.60%,$14.79B,$1.57B,10.60%,$14.79B,$2.04B,13.78%,$14.79B,$1.36B,9.17%,$14.79B,$2.08B,14.08%,$2.08B,$6.09B,37.75%,$2.08B,$1.79B,176.45%,$2.08B,$17.12B,12.68%,$1.57B,$9.46B,17.65%,$3636,$2091,$1545,$120,$900,$3230,$406,$-34,$372,$89,$283,$283,$1262,$525,$406,$278,281,$4.54,$4.49,$3039,$1929,$471,$8888,$2724,$380,$4295,$560,$8229,$17117,$4566,$3373,$1084,$6462,$11028,$484,$13934,$-1230,$6089,$17117,$1301,$119,$-973,$-854,$-363,$-178,$0,$-86,$-380,$163,$-103,$0,$1603,$118,$0,$118,$-23,$1595,$0,$-13,$-13,$-165,$-165,$-85,$-40,$-303,$1443,$18,$-85
19,2013-12-31,88.56,$18.75,4.72,$48.99,1.81,$8.71,10.17,$11.00,8.05,$7.21B,$4.14B,1.75,$3.37B,$5.20B,0.65,$14.27B,$5.95B,41.72%,$14.27B,$1.45B,10.18%,$14.27B,$1.45B,10.18%,$14.27B,$1.90B,13.35%,$14.27B,$1.23B,8.59%,$14.27B,$3.23B,22.65%,$3.23B,$5.20B,61.48%,$3.23B,$0.85B,304.67%,$3.23B,$15.86B,20.21%,$1.45B,$8.57B,16.85%,$3500,$2028,$1472,$119,$905,$3171,$329,$-13,$316,$71,$245,$245,$254,$448,$329,$287,290,$1.05,$1.02,$1745,$1824,$484,$7214,$2876,$393,$4347,$542,$8649,$15863,$4135,$3372,$1174,$6530,$10665,$484,$12757,$-1260,$5198,$15863,$3353,$452,$-2023,$-1571,$-25,$44,$0,$-51,$-8,$1791,$-494,$0,$-43,$569,$0,$569,$-29,$3,$-605,$-7,$-612,$-932,$-932,$-345,$-90,$-1979,$-190,$81,$-345
20,2013-09-30,77.74,$19.30,4.03,$44.73,1.74,$8.93,8.7,$10.84,7.17,$8.12B,$4.36B,1.86,$3.37B,$5.48B,0.61,$13.18B,$5.29B,40.15%,$13.18B,$1.20B,9.07%,$13.18B,$1.20B,9.07%,$13.18B,$1.61B,12.24%,$13.18B,$0.96B,7.26%,$13.18B,$3.20B,24.31%,$3.20B,$5.48B,63.62%,$3.20B,$1.09B,331.42%,$3.20B,$16.64B,20.04%,$1.20B,$8.85B,14.24%,$3774,$2161,$1613,$117,$910,$3399,$375,$-128,$247,$40,$207,$207,$226,$488,$375,$286,290,$0.79,$0.78,$2249,$1878,$447,$8120,$2687,$404,$4394,$404,$8518,$16638,$4362,$3368,$1182,$6795,$11157,$484,$12589,$-1469,$5481,$16638,$3071,$333,$-1999,$-1666,$-306,$-6,$0,$-80,$-196,$1282,$-250,$0,$-38,$469,$0,$469,$-13,$168,$-607,$-13,$-620,$-261,$-261,$-259,$-47,$-1187,$256,$59,$-259
21,2013-06-30,67.88,$18.55,3.66,$42.66,1.59,$8.19,8.29,$11.15,6.09,$7.71B,$4.11B,1.88,$3.36B,$5.30B,0.63,$12.82B,$5.10B,39.83%,$12.82B,$1.25B,9.75%,$12.82B,$1.25B,9.75%,$12.82B,$1.66B,12.94%,$12.82B,$1.11B,8.68%,$12.82B,$3.32B,25.88%,$3.32B,$5.30B,70.59%,$3.32B,$0.99B,422.55%,$3.32B,$16.07B,21.09%,$1.25B,$8.66B,15.51%,$3883,$2263,$1620,$118,$925,$3425,$458,$-36,$422,$98,$324,$324,$341,$577,$458,$287,290,$1.19,$1.18,$1781,$1862,$844,$7710,$2637,$402,$4311,$1006,$8356,$16066,$4106,$3355,$1050,$6659,$10765,$484,$12450,$-1639,$5301,$16066,$2816,$220,$-2191,$-1971,$-462,$-24,$0,$-47,$-394,$494,$-149,$0,$-35,$610,$0,$610,$-32,$394,$-602,$-18,$-620,$-95,$-95,$-172,$-37,$-924,$-63,$32,$-172
22,2013-03-31,61.85,$17.67,3.5,$40.65,1.52,$8.07,7.67,$11.15,5.55,$7.73B,$3.73B,2.07,$3.35B,$5.04B,0.67,$12.46B,$4.95B,39.69%,$12.46B,$1.25B,10.01%,$12.46B,$1.25B,10.01%,$12.46B,$1.64B,13.15%,$12.46B,$1.12B,8.96%,$12.46B,$3.34B,26.79%,$3.34B,$5.04B,77.76%,$3.34B,$1.31B,631.60%,$3.34B,$15.38B,21.65%,$1.25B,$8.39B,16.51%,$3108,$1862,$1246,$109,$746,$2818,$290,$-49,$241,$44,$197,$197,$2410,$391,$290,$292,295,$8.25,$8.16,$2380,$1698,$824,$7726,$2461,$418,$3727,$1044,$7650,$15376,$3727,$3353,$1043,$6608,$10335,$484,$12196,$-1608,$5041,$15376,$2445,$101,$-2226,$-2125,$-273,$-109,$0,$-64,$-411,$-89,$-63,$0,$940,$762,$0,$762,$-25,$1614,$-600,$6,$-594,$-108,$-108,$-84,$-14,$-800,$715,$15,$-84
23,2012-12-31,62.23,$14.07,4.42,$40.92,1.52,$8.48,7.33,$3.03,20.54,$7.72B,$4.46B,1.73,$3.37B,$4.32B,0.78,$12.69B,$5.09B,40.10%,$12.69B,$1.10B,8.63%,$12.69B,$1.10B,8.63%,$12.69B,$1.49B,11.78%,$12.69B,$0.83B,6.53%,$12.69B,$0.94B,7.42%,$0.94B,$4.32B,24.06%,$0.94B,$0.48B,827.25%,$0.94B,$15.88B,6.16%,$1.10B,$7.69B,15.46%,$2417,$1604,$813,$95,$593,$2344,$73,$-26,$47,$-11,$58,$58,$227,$157,$73,$307,310,$0.74,$0.73,$2393,$1687,$392,$7715,$2888,$422,$3846,$338,$8163,$15878,$4461,$3368,$1152,$7095,$11556,$484,$9871,$-1666,$4322,$15878,$1064,$399,$171,$570,$171,$53,$0,$-52,$172,$1787,$-330,$0,$-122,$-1082,$0,$-1082,$-77,$-1611,$207,$-10,$197,$30,$30,$-358,$-220,$-351,$-151,$71,$-358
24,2012-09-30,52.54,$13.47,3.9,$44.41,1.18,$7.44,7.07,$3.00,17.54,$7.78B,$4.49B,1.73,$3.37B,$4.13B,0.81,$13.79B,$5.61B,40.67%,$13.79B,$1.33B,9.64%,$13.79B,$1.33B,9.64%,$13.79B,$1.72B,12.45%,$13.79B,$1.07B,7.73%,$13.79B,$0.93B,6.75%,$0.93B,$4.13B,25.19%,$0.93B,$0.36B,-1033.33%,$0.93B,$15.61B,6.24%,$1.33B,$7.50B,19.22%,$3408,$1983,$1425,$112,$779,$2979,$429,$-27,$402,$92,$310,$310,$339,$533,$429,$307,311,$1.11,$1.09,$2011,$1777,$799,$7777,$2759,$424,$3772,$874,$7829,$15606,$4490,$3365,$1138,$6984,$11474,$484,$9734,$-1704,$4132,$15606,$811,$315,$264,$579,$-225,$-83,$0,$-48,$-267,$1039,$-164,$0,$-53,$-610,$0,$-610,$-49,$-876,$195,$-8,$187,$18,$18,$-328,$-118,$-241,$-65,$53,$-328
25,2012-06-30,48.29,$12.03,4.01,$45.59,1.06,$6.43,7.51,$2.89,16.74,$7.15B,$4.57B,1.57,$2.96B,$3.68B,0.81,$14.23B,$5.68B,39.91%,$14.23B,$1.37B,9.60%,$14.23B,$1.37B,9.60%,$14.23B,$1.77B,12.41%,$14.23B,$1.13B,7.91%,$14.23B,$0.90B,6.34%,$0.90B,$3.68B,24.81%,$0.90B,$-0.04B,-525.95%,$0.90B,$14.82B,6.16%,$1.37B,$6.64B,19.75%,$3528,$2066,$1462,$113,$792,$3073,$455,$-29,$426,$98,$328,$328,$362,$558,$455,$306,310,$1.19,$1.17,$1247,$1775,$819,$7151,$2719,$419,$3711,$817,$7666,$14817,$4565,$2964,$1159,$6577,$11142,$484,$9486,$-1793,$3675,$14817,$447,$211,$335,$546,$-389,$-124,$0,$-40,$-536,$434,$-102,$0,$-33,$-225,$0,$-225,$-70,$-430,$-191,$10,$-181,$-21,$-21,$-216,$-25,$-443,$-440,$0,$-216
26,2012-03-31,43.36,$11.54,3.76,$46.64,0.93,$5.78,7.5,$2.78,15.62,$6.94B,$4.56B,1.52,$2.99B,$3.52B,0.85,$14.69B,$5.79B,39.39%,$14.69B,$1.42B,9.68%,$14.69B,$1.42B,9.68%,$14.69B,$1.84B,12.52%,$14.69B,$1.20B,8.16%,$14.69B,$0.88B,5.99%,$0.88B,$3.52B,23.23%,$0.88B,$-0.35B,-686.16%,$0.88B,$14.83B,5.96%,$1.42B,$6.50B,19.67%,$3333,$1946,$1387,$110,$823,$3195,$138,$-185,$-47,$-31,$-16,$-16,$13,$246,$138,$306,309,$0.04,$0.04,$1034,$1830,$844,$6944,$2785,$426,$3861,$818,$7890,$14834,$4558,$2988,$1237,$6760,$11318,$484,$9213,$-1653,$3516,$14834,$51,$108,$331,$439,$-286,$-129,$0,$-21,$-492,$-2,$-28,$0,$-44,$-50,$0,$-50,$-59,$-181,$-175,$20,$-155,$-42,$-42,$-102,$-13,$-312,$-479,$0,$-102
27,2011-12-31,37.55,$11.34,3.31,$46.72,0.8,$5.28,7.11,$3.44,10.93,$6.69B,$3.70B,1.81,$3.57B,$3.45B,1.04,$14.89B,$5.80B,38.99%,$14.89B,$1.67B,11.24%,$14.89B,$1.67B,11.24%,$14.89B,$2.10B,14.09%,$14.89B,$1.60B,10.73%,$14.89B,$1.10B,7.36%,$1.10B,$3.45B,28.01%,$1.10B,$-0.34B,-1622.22%,$1.10B,$14.38B,7.39%,$1.67B,$7.02B,22.01%,$3517,$2184,$1333,$107,$911,$3210,$307,$-23,$284,$45,$239,$239,$216,$380,$307,$307,312,$0.71,$0.70,$1482,$1607,$302,$6694,$2721,$387,$3785,$795,$7688,$14382,$3702,$3574,$1113,$7234,$10936,$484,$9288,$-1800,$3446,$14382,$1212,$425,$-3,$422,$-107,$-74,$0,$-39,$-153,$1436,$-299,$0,$-31,$624,$78,$702,$-19,$353,$-400,$9,$-391,$-777,$-777,$-453,$-11,$-1632,$116,$34,$-453
28,2011-09-30,31.58,$12.65,2.5,$45.68,0.69,$4.75,6.65,$3.36,9.4,$6.94B,$3.79B,1.83,$3.59B,$3.91B,0.92,$14.75B,$5.76B,39.09%,$14.75B,$1.67B,11.32%,$14.75B,$1.67B,11.32%,$14.75B,$2.14B,14.51%,$14.75B,$1.60B,10.88%,$14.75B,$1.08B,7.35%,$1.08B,$3.91B,27.06%,$1.08B,$0.03B,-5101.18%,$1.08B,$14.54B,7.24%,$1.67B,$7.50B,21.37%,$3849,$2353,$1496,$108,$806,$3383,$466,$-4,$462,$120,$342,$342,$311,$582,$466,$314,317,$0.99,$0.98,$1338,$1737,$777,$6940,$2669,$400,$3872,$662,$7603,$14543,$3788,$3590,$1145,$6849,$10637,$484,$9159,$-1464,$3906,$14543,$973,$352,$-52,$300,$-390,$-190,$0,$-53,$-478,$777,$-204,$0,$-56,$599,$78,$677,$77,$494,$-396,$-4,$-400,$-563,$-563,$-304,$-3,$-1270,$-40,$0,$-304
29,2011-06-30,40.26,$13.61,2.96,$44.01,0.91,$4.66,8.64,$3.17,12.7,$7.24B,$3.92B,1.85,$3.61B,$4.29B,0.84,$14.36B,$5.62B,39.14%,$14.36B,$1.60B,11.17%,$14.36B,$1.60B,11.17%,$14.36B,$2.07B,14.44%,$14.36B,$1.53B,10.64%,$14.36B,$1.04B,7.21%,$1.04B,$4.29B,25.53%,$1.04B,$0.14B,-10615.38%,$1.04B,$15.27B,6.96%,$1.60B,$7.90B,20.74%,$3986,$2417,$1569,$110,$829,$3475,$511,$-11,$500,$128,$372,$372,$340,$630,$511,$316,321,$1.08,$1.06,$1245,$1821,$828,$7239,$2759,$405,$4151,$713,$8028,$15267,$3922,$3613,$1270,$7057,$10979,$484,$8938,$-1083,$4288,$15267,$631,$236,$-66,$170,$-508,$-176,$0,$-36,$-549,$252,$-116,$0,$-52,$374,$78,$452,$41,$325,$-403,$12,$-391,$-322,$-322,$-210,$-38,$-961,$-359,$0,$-210
30,2011-03-31,41.95,$12.63,3.32,$41.95,1.0,$5.08,8.25,$2.93,14.34,$7.08B,$3.75B,1.89,$3.99B,$4.00B,1.0,$13.83B,$5.43B,39.28%,$13.83B,$1.52B,10.98%,$13.83B,$1.52B,10.98%,$13.83B,$1.98B,14.35%,$13.83B,$1.44B,10.41%,$13.83B,$0.97B,6.99%,$0.97B,$4.00B,24.84%,$0.97B,$-0.10B,-1285.05%,$0.97B,$15.10B,6.72%,$1.52B,$7.99B,20.45%,$3533,$2127,$1406,$103,$797,$3144,$389,$-38,$351,$92,$259,$259,$228,$506,$389,$321,325,$0.71,$0.70,$1383,$1755,$820,$7084,$2696,$554,$4097,$672,$8019,$15103,$3749,$3993,$1230,$7359,$11108,$484,$8687,$-1187,$3995,$15103,$259,$117,$-76,$41,$-312,$-142,$0,$-56,$-484,$-156,$-39,$0,$-10,$50,$0,$50,$-46,$-45,$-2,$-2,$-4,$-246,$-246,$-89,$-14,$-353,$-545,$0,$-89
31,2010-12-31,36.82,$11.95,3.08,$40.44,0.91,$5.41,6.8,$2.32,15.9,$7.06B,$3.63B,1.95,$4.04B,$3.83B,1.06,$13.42B,$5.21B,38.81%,$13.42B,$1.37B,10.18%,$13.42B,$1.37B,10.18%,$13.42B,$1.84B,13.69%,$13.42B,$1.30B,9.65%,$13.42B,$0.77B,5.73%,$0.77B,$3.83B,20.02%,$0.77B,$-0.15B,-699.09%,$0.77B,$14.98B,5.47%,$1.37B,$7.88B,19.16%,$3379,$2086,$1293,$104,$871,$3075,$304,$-13,$291,$63,$228,$228,$205,$422,$304,$326,330,$0.63,$0.62,$1978,$1573,$278,$7058,$2686,$550,$3987,$694,$7917,$14975,$3625,$4043,$1211,$7517,$11142,$484,$8548,$-1411,$3833,$14975,$880,$470,$-229,$241,$-188,$-34,$0,$-15,$239,$1310,$-281,$0,$-34,$-624,$0,$-624,$-10,$-949,$983,$-247,$736,$-440,$-440,$-447,$47,$-104,$284,$0,$-447
32,2010-09-30,31.66,$12.58,2.52,$39.61,0.8,$5.76,5.49,$2.12,14.93,$6.31B,$3.52B,1.79,$3.07B,$4.10B,0.75,$13.16B,$5.10B,38.74%,$13.16B,$1.26B,9.60%,$13.16B,$1.26B,9.60%,$13.16B,$1.62B,12.27%,$13.16B,$1.20B,9.15%,$13.16B,$0.71B,5.36%,$0.71B,$4.10B,18.28%,$0.71B,$0.08B,-500.71%,$0.71B,$14.12B,5.09%,$1.26B,$7.17B,18.26%,$3460,$2108,$1352,$97,$739,$3060,$400,$-14,$386,$94,$292,$292,$262,$516,$400,$328,331,$0.80,$0.79,$930,$1638,$779,$6305,$2620,$536,$4022,$637,$7815,$14120,$3523,$3066,$1293,$6495,$10018,$484,$8433,$-1280,$4102,$14120,$652,$352,$-118,$234,$-395,$-101,$0,$7,$-128,$698,$-131,$0,$-18,$0,$0,$0,$-3,$-152,$0,$-198,$-198,$-206,$-206,$-301,$11,$-694,$-127,$0,$-301
33,2010-06-30,26.07,$11.02,2.37,$38.87,0.67,$5.95,4.38,$1.81,14.4,$5.89B,$3.37B,1.75,$3.02B,$3.64B,0.83,$12.93B,$4.98B,38.55%,$12.93B,$1.15B,8.91%,$12.93B,$1.15B,8.91%,$12.93B,$1.39B,10.74%,$12.93B,$1.09B,8.46%,$12.93B,$0.60B,4.67%,$0.60B,$3.64B,15.99%,$0.60B,$-0.13B,-207.22%,$0.60B,$13.37B,4.31%,$1.15B,$6.66B,16.87%,$3458,$2076,$1382,$97,$745,$3033,$425,$-13,$412,$111,$301,$301,$272,$540,$425,$331,333,$0.82,$0.82,$784,$1541,$780,$5886,$2533,$525,$3764,$658,$7480,$13366,$3373,$3017,$1087,$6354,$9727,$484,$8262,$-1603,$3639,$13366,$360,$236,$44,$280,$-406,$-98,$0,$-10,$-203,$367,$-84,$0,$-18,$0,$0,$0,$-45,$-147,$0,$-205,$-205,$-63,$-63,$-208,$0,$-476,$-273,$0,$-208
34,2010-03-31,27.99,$11.39,2.46,$37.96,0.74,$5.16,5.43,$1.44,19.43,$5.92B,$3.42B,1.73,$3.05B,$3.79B,0.81,$12.58B,$4.82B,38.28%,$12.58B,$1.00B,7.92%,$12.58B,$1.00B,7.92%,$12.58B,$1.12B,8.89%,$12.58B,$0.93B,7.42%,$12.58B,$0.48B,3.79%,$0.48B,$3.79B,12.88%,$0.48B,$-0.24B,-105.24%,$0.48B,$13.76B,3.34%,$1.00B,$6.84B,14.59%,$3126,$1944,$1182,$96,$727,$2888,$238,$-32,$206,$147,$59,$59,$30,$359,$238,$332,334,$0.09,$0.09,$689,$1599,$825,$5922,$2660,$503,$4030,$641,$7834,$13756,$3418,$3051,$1249,$6549,$9967,$484,$8080,$-1353,$3789,$13756,$59,$121,$67,$188,$-230,$-83,$0,$-57,$-301,$-54,$-37,$0,$-16,$0,$0,$0,$-40,$-93,$0,$-155,$-155,$20,$20,$-90,$0,$-225,$-368,$0,$-90
35,2009-12-31,24.83,$11.84,2.1,$37.07,0.67,$4.39,5.65,$1.01,24.59,$5.98B,$3.58B,1.67,$3.07B,$3.92B,0.78,$12.24B,$4.70B,38.40%,$12.24B,$0.71B,5.80%,$12.24B,$0.71B,5.80%,$12.24B,$0.71B,5.80%,$12.24B,$0.62B,5.04%,$12.24B,$0.34B,2.75%,$0.34B,$3.92B,9.58%,$0.34B,$-0.28B,-53.74%,$0.34B,$14.24B,2.36%,$0.71B,$7.00B,10.73%,$3116,$1934,$1182,$102,$757,$2916,$200,$0,$200,$37,$163,$163,$142,$200,$200,$330,331,$0.44,$0.43,$1064,$1548,$256,$5981,$2754,$499,$4200,$806,$8259,$14240,$3577,$3074,$1385,$6741,$10318,$484,$8139,$-1261,$3922,$14240,$426,$480,$-43,$437,$345,$232,$0,$104,$482,$1345,$-196,$0,$-26,$0,$0,$0,$19,$-203,$301,$-947,$-646,$-47,$-47,$-430,$0,$-1123,$36,$0,$-430
36,2009-09-30,24.47,$11.18,2.19,$37.29,0.66,$4.24,5.77,$0.80,30.59,$6.25B,$3.87B,1.62,$3.08B,$3.73B,0.83,$12.31B,$4.68B,37.99%,$12.31B,$0.70B,5.65%,$12.31B,$0.70B,5.65%,$12.31B,$0.70B,5.65%,$12.31B,$0.55B,4.43%,$12.31B,$0.27B,2.15%,$0.27B,$3.73B,7.80%,$0.27B,$-0.52B,-37.23%,$0.27B,$14.57B,1.85%,$0.70B,$6.82B,10.72%,$3225,$1989,$1236,$95,$732,$2936,$289,$-14,$275,$90,$185,$185,$159,$289,$289,$330,332,$0.48,$0.48,$898,$1656,$841,$6248,$2765,$506,$4254,$796,$8321,$14569,$3869,$3082,$1460,$6966,$10835,$484,$8088,$-1431,$3734,$14569,$0,$0,$0,$0,$0,$0,$0,$0,$0,$760,$-130,$0,$-24,$0,$0,$0,$16,$-138,$299,$-769,$-470,$0,$0,$-291,$0,$-761,$-123,$0,$-291
37,2009-06-30,18.28,$10.21,1.79,$40.33,0.45,$4.35,4.2,$0.67,27.29,$6.42B,$4.10B,1.57,$3.31B,$3.37B,0.98,$13.31B,$4.97B,37.30%,$13.31B,$0.64B,4.79%,$13.31B,$0.64B,4.79%,$13.31B,$0.64B,4.79%,$13.31B,$0.47B,3.55%,$13.31B,$0.22B,1.68%,$0.22B,$3.37B,6.34%,$0.22B,$-0.77B,-37.24%,$0.22B,$14.57B,1.54%,$0.64B,$6.67B,9.60%,$3115,$1898,$1217,$97,$731,$2845,$270,$-17,$253,$84,$169,$169,$146,$270,$270,$328,329,$0.45,$0.45,$1052,$1672,$851,$6422,$2745,$499,$4142,$757,$8143,$14565,$4102,$3306,$1322,$7095,$11197,$484,$8017,$-1613,$3368,$14565,$0,$0,$0,$0,$0,$0,$0,$0,$0,$106,$-86,$0,$-21,$0,$0,$0,$-25,$-132,$421,$-174,$247,$0,$0,$-184,$0,$63,$31,$0,$-184
38,2009-03-31,15.18,$9.13,1.66,$44.37,0.34,$5.15,2.95,$0.98,15.49,$5.77B,$3.97B,1.45,$2.99B,$3.00B,0.99,$14.67B,$5.39B,36.76%,$14.67B,$0.79B,5.41%,$14.67B,$0.79B,5.41%,$14.67B,$0.79B,5.41%,$14.67B,$0.61B,4.19%,$14.67B,$0.33B,2.23%,$0.33B,$3.00B,8.54%,$0.33B,$-0.93B,-81.95%,$0.33B,$13.60B,2.20%,$0.79B,$5.99B,11.35%,$2783,$1718,$1065,$94,$716,$2832,$-49,$-62,$-111,$-20,$-91,$-91,$-111,$-49,$-49,$328,329,$-0.34,$-0.34,$531,$1677,$849,$5770,$2658,$493,$3932,$750,$7833,$13603,$3970,$2986,$1214,$6630,$10600,$484,$7958,$-1877,$3003,$13603,$0,$0,$0,$0,$0,$0,$0,$0,$0,$-291,$-50,$0,$-11,$0,$0,$0,$-27,$-88,$26,$-19,$7,$0,$0,$-87,$0,$-80,$-490,$0,$-87
39,2008-12-31,17.19,$10.62,1.62,$47.86,0.36,$6.19,2.78,$1.62,10.61,$6.35B,$4.21B,1.51,$3.01B,$3.49B,0.86,$15.85B,$5.69B,35.93%,$15.85B,$1.06B,6.70%,$15.85B,$1.06B,6.70%,$15.85B,$1.06B,6.70%,$15.85B,$0.91B,5.73%,$15.85B,$0.54B,3.39%,$0.54B,$3.49B,12.89%,$0.54B,$-0.62B,-248.50%,$0.54B,$14.70B,3.48%,$1.06B,$6.50B,14.16%,$3188,$2029,$1159,$107,$748,$3002,$186,$-58,$128,$46,$82,$157,$71,$186,$186,$329,331,$0.22,$0.22,$1021,$1702,$306,$6348,$2798,$509,$4113,$930,$8350,$14698,$4210,$3009,$1243,$6999,$11209,$484,$8156,$-1628,$3489,$14698,$624,$563,$176,$739,$48,$79,$0,$-234,$-14,$1437,$-338,$0,$-1448,$0,$0,$0,$1911,$125,$-176,$-505,$-681,$6,$6,$-422,$40,$-1057,$495,$0,$-422
40,2008-09-30,23.35,$12.80,1.82,$48.35,0.48,$5.18,4.51,$2.01,11.62,$6.58B,$4.47B,1.47,$3.22B,$4.20B,0.77,$16.02B,$5.69B,35.53%,$16.02B,$1.19B,7.40%,$16.02B,$1.19B,7.40%,$16.02B,$1.19B,7.40%,$16.02B,$1.11B,6.93%,$16.02B,$0.67B,4.16%,$0.67B,$4.20B,15.37%,$0.67B,$-0.07B,149.22%,$0.67B,$15.05B,4.46%,$1.19B,$7.43B,16.44%,$4225,$2701,$1524,$114,$877,$3994,$231,$-28,$203,$65,$138,$117,$117,$231,$231,$329,331,$0.36,$0.35,$558,$1818,$750,$6579,$2833,$571,$4272,$791,$8467,$15046,$4469,$3221,$1012,$6373,$10842,$484,$8172,$-766,$4204,$15046,$0,$0,$0,$0,$0,$0,$0,$0,$0,$868,$-203,$0,$-1405,$0,$0,$0,$1667,$59,$308,$-977,$-669,$7,$7,$-314,$40,$-936,$-10,$0,$-314
41,2008-06-30,22.78,$14.09,1.62,$44.85,0.51,$4.14,5.5,$2.24,10.19,$7.09B,$4.75B,1.49,$3.44B,$4.62B,0.74,$14.87B,$5.29B,35.60%,$14.87B,$1.30B,8.72%,$14.87B,$1.30B,8.72%,$14.87B,$1.30B,8.72%,$14.87B,$1.24B,8.36%,$14.87B,$0.74B,4.98%,$0.74B,$4.62B,17.28%,$0.74B,$0.03B,78.66%,$0.74B,$16.21B,5.33%,$1.30B,$8.06B,19.48%,$4474,$2829,$1645,$118,$936,$4048,$426,$-32,$394,$116,$278,$250,$250,$426,$426,$329,331,$0.76,$0.76,$278,$2124,$782,$7091,$3363,$395,$4599,$759,$9116,$16207,$4745,$3440,$1040,$6838,$11583,$484,$8141,$-300,$4624,$16207,$0,$0,$0,$0,$0,$0,$0,$0,$0,$402,$-117,$0,$-1584,$0,$0,$0,$1697,$-4,$286,$-792,$-506,$2,$2,$-214,$40,$-678,$-260,$0,$-214
42,2008-03-31,23.83,$13.33,1.79,$40.83,0.58,$3.49,6.82,$2.23,10.68,$6.95B,$4.49B,1.55,$3.64B,$4.37B,0.83,$13.55B,$4.80B,35.45%,$13.55B,$1.27B,9.37%,$13.55B,$1.27B,9.37%,$13.55B,$1.27B,9.37%,$13.55B,$1.25B,9.20%,$13.55B,$0.74B,5.46%,$0.74B,$4.37B,18.26%,$0.74B,$-0.20B,55.59%,$0.74B,$15.90B,5.91%,$1.27B,$8.01B,21.72%,$3962,$2596,$1366,$112,$871,$3743,$219,$-36,$183,$57,$126,$100,$100,$219,$219,$329,331,$0.31,$0.31,$310,$1977,$1229,$6949,$3253,$382,$4573,$742,$8950,$15899,$4492,$3639,$1076,$7033,$11525,$484,$7976,$-378,$4374,$15899,$0,$0,$0,$0,$0,$0,$0,$0,$0,$49,$-48,$0,$-1571,$0,$0,$0,$1697,$78,$281,$-609,$-328,$0,$0,$-85,$40,$-373,$-228,$0,$-85
43,2007-12-31,27.43,$12.67,2.16,$36.80,0.75,$2.94,9.34,$2.52,10.91,$6.94B,$4.63B,1.5,$1.20B,$4.15B,0.29,$12.22B,$4.39B,35.94%,$12.22B,$1.33B,10.89%,$12.22B,$1.33B,10.89%,$12.22B,$1.33B,10.89%,$12.22B,$1.32B,10.76%,$12.22B,$0.83B,6.82%,$0.83B,$4.15B,21.84%,$0.83B,$2.03B,48.57%,$0.83B,$12.63B,7.49%,$1.33B,$5.35B,26.67%,$3360,$2203,$1157,$94,$649,$3050,$310,$20,$330,$96,$234,$293,$200,$310,$310,$329,332,$0.61,$0.61,$2232,$1532,$237,$6941,$2578,$370,$2121,$619,$5688,$12629,$4632,$1201,$927,$3846,$8478,$484,$7963,$-582,$4151,$12629,$910,$403,$28,$431,$-224,$-49,$0,$-121,$-329,$1063,$-296,$0,$-233,$0,$0,$0,$-1678,$-2207,$-46,$1744,$1698,$-80,$-80,$-402,$0,$1216,$83,$0,$-402
44,2007-09-30,29.29,$12.22,2.4,$35.59,0.82,$3.01,9.73,$2.38,12.31,$5.42B,$3.03B,1.79,$1.18B,$4.00B,0.3,$11.83B,$4.26B,36.03%,$11.83B,$1.30B,10.99%,$11.83B,$1.30B,10.99%,$11.83B,$1.30B,10.99%,$11.83B,$1.26B,10.67%,$11.83B,$0.79B,6.69%,$0.79B,$4.00B,21.97%,$0.79B,$1.91B,51.04%,$0.79B,$10.91B,7.53%,$1.30B,$5.18B,27.30%,$3073,$1947,$1126,$86,$595,$2732,$341,$-5,$336,$105,$231,$213,$191,$341,$341,$329,332,$0.58,$0.58,$227,$1385,$1307,$5416,$2391,$357,$2091,$652,$5491,$10907,$3032,$1181,$950,$3872,$6904,$484,$7848,$-596,$4003,$10907,$549,$0,$-2,$-2,$0,$0,$0,$0,$0,$547,$-226,$0,$-212,$0,$0,$0,$-48,$-486,$-21,$48,$27,$-83,$-83,$-250,$19,$-287,$-216,$0,$-250
45,2007-06-30,29.31,$11.23,2.61,$33.89,0.86,$3.48,8.42,$2.08,14.13,$4.95B,$2.96B,1.67,$1.15B,$3.69B,0.31,$11.26B,$4.07B,36.10%,$11.26B,$1.26B,11.20%,$11.26B,$1.26B,11.20%,$11.26B,$1.26B,11.20%,$11.26B,$1.03B,9.13%,$11.26B,$0.69B,6.13%,$0.69B,$3.69B,19.88%,$0.69B,$1.58B,47.40%,$0.69B,$10.68B,6.75%,$1.26B,$4.84B,27.22%,$3155,$2001,$1154,$87,$564,$2755,$400,$-2,$398,$125,$273,$250,$249,$400,$400,$330,333,$0.76,$0.75,$197,$1480,$691,$4951,$2535,$374,$2103,$721,$5733,$10684,$2962,$1151,$1496,$4037,$6999,$484,$7742,$-832,$3685,$10684,$226,$0,$-1,$-1,$0,$0,$0,$0,$0,$225,$-155,$0,$-172,$0,$0,$0,$-47,$-374,$-21,$88,$67,$-38,$-38,$-165,$19,$-117,$-262,$0,$-165
46,2007-03-31,26.9,$10.46,2.57,$32.87,0.82,$3.91,6.87,$2.17,12.42,$4.73B,$2.95B,1.6,$1.16B,$3.44B,0.34,$10.93B,$3.99B,36.49%,$10.93B,$1.27B,11.62%,$10.93B,$1.27B,11.62%,$10.93B,$1.27B,11.62%,$10.93B,$1.04B,9.47%,$10.93B,$0.72B,6.60%,$0.72B,$3.44B,21.09%,$0.72B,$1.34B,48.71%,$0.72B,$10.35B,7.27%,$1.27B,$4.59B,27.64%,$2632,$1677,$955,$81,$502,$2352,$280,$-29,$251,$57,$194,$176,$194,$280,$280,$329,332,$0.59,$0.59,$182,$1459,$654,$4729,$2512,$356,$2092,$656,$5616,$10345,$2949,$1158,$1454,$3960,$6909,$484,$7576,$-923,$3436,$10345,$-108,$0,$8,$8,$0,$0,$0,$0,$0,$-100,$-83,$0,$-148,$0,$0,$0,$-29,$-260,$-10,$173,$163,$-6,$-6,$-82,$9,$84,$-275,$0,$-82
47,2006-12-31,24.39,$10.00,2.44,$32.86,0.74,$4.40,5.54,$2.14,11.42,$4.86B,$2.82B,1.72,$1.16B,$3.28B,0.35,$10.94B,$3.98B,36.40%,$10.94B,$1.28B,11.67%,$10.94B,$1.28B,11.67%,$10.94B,$1.28B,11.67%,$10.94B,$1.05B,9.63%,$10.94B,$0.71B,6.50%,$0.71B,$3.28B,21.14%,$0.71B,$1.36B,46.43%,$0.71B,$10.07B,7.43%,$1.28B,$4.44B,28.08%,$2972,$1944,$1028,$85,$562,$2693,$279,$-1,$278,$88,$190,$173,$157,$279,$279,$331,333,$0.48,$0.47,$443,$1203,$801,$4855,$2307,$343,$1919,$643,$5212,$10067,$2816,$1155,$903,$3971,$6787,$484,$7453,$-939,$3280,$10067,$711,$375,$12,$387,$-92,$-80,$0,$57,$-33,$1115,$-321,$0,$-402,$0,$0,$0,$61,$-662,$-14,$-73,$-87,$-98,$-98,$-316,$0,$-501,$-26,$0,$-316
