,Date,Stock Price,Book Value per Share,Price to Book Ratio,TTM Sales per Share,Price to Sales Ratio,TTM FCF per Share,Price to FCF Ratio,TTM Net EPS,PE Ratio,Current Assets,Current Liabilities,Current Ratio,Long Term Debt,Shareholder's Equity_x,Debt to Equity Ratio,TTM Revenue_x,TTM Gross Profit,Gross Margin,TTM Revenue_y,TTM Operating Income,Operating Margin,TTM Revenue_x,TTM EBIT,EBIT Margin,TTM Revenue_y,TTM EBITDA,EBITDA Margin,TTM Revenue_x,TTM Pre-Tax Income,Pre-Tax Margin,TTM Revenue_y,TTM Net Income_x,Net Margin,TTM Net Income_y,Shareholder's Equity_y,Return on Equity,TTM Net Income_x,Tangible Equity,Return on Tangible Equity,TTM Net Income_y,Total Assets,Return on Assets,TTM Net Income,LT Investments & Debt,Return on Investment,revenue,cost-goods-sold,gross-profit,research-development-expenses,selling-general-administrative-expenses,operating-expenses,operating-income,total-non-operating-income-expense,pre-tax-income,total-provision-income-taxes,income-after-taxes,income-from-continuous-operations,net-income,ebitda,ebit,basic-shares-outstanding,shares-outstanding,eps-basic-net-earnings-per-share,eps-earnings-per-share-diluted,cash-on-hand,inventory,other-current-assets,total-current-assets,net-property-plant-equipment,long-term-investments,goodwill-intangible-assets-total,other-long-term-assets,total-long-term-assets,total-assets,total-current-liabilities,long-term-debt,other-non-current-liabilities,total-long-term-liabilities,total-liabilities,common-stock-net,retained-earnings-accumulated-deficit,comprehensive-income,total-share-holder-equity,total-liabilities-share-holders-equity,net-income-loss,total-depreciation-amortization-cash-flow,other-non-cash-items,total-non-cash-items,change-in-accounts-receivable,change-in-inventories,change-in-accounts-payable,change-in-assets-liabilities,total-change-in-assets-liabilities,cash-flow-from-operating-activities,net-change-in-property-plant-equipment,net-change-in-intangible-assets,net-acquisitions-divestitures,net-change-in-short-term-investments,net-change-in-long-term-investments,net-change-in-investments-total,investing-activities-other,cash-flow-from-investing-activities,net-long-term-debt,net-current-debt,debt-issuance-retirement-net-total,net-common-equity-issued-repurchased,net-total-equity-issued-repurchased,total-common-preferred-stock-dividends-paid,financial-activities-other,cash-flow-from-financial-activities,net-cash-flow,stock-based-compensation,common-stock-dividends-paid
0,2018-09-30,4.9,$1.86,2.63,$11.18,0.44,$-0.08,0.0,$-1.30,0.0,$0.05B,$0.05B,0.97,$0.00B,$0.02B,0.19,$0.10B,$0.02B,18.37%,$0.10B,$0.00B,2.04%,$0.10B,$0.00B,2.04%,$0.10B,$0.01B,7.14%,$0.10B,$-0.00B,-1.02%,$0.10B,$-0.01B,-12.24%,$-0.01B,$0.02B,-71.64%,$-0.01B,$0.00B,-320.00%,$-0.01B,$0.08B,-15.74%,$0.00B,$0.02B,9.76%,$26,$21,$5,$0,$4,$24,$2,$-1,$1,$0,$1,$1,$0,$3,$2,$9,9,$0.01,$0.01,$1,$26,$0,$51,$6,$0,$12,$5,$27,$77,$52,$3,$4,$9,$61,$0,$-2,$-6,$16,$77,$-1,$2,$-0,$2,$-0,$-4,$0,$-1,$-0,$1,$-0,$0,$0,$0,$0,$0,$0,$-0,$1,$-2,$-1,$0,$0,$0,$2,$0,$0,$0,$0
1,2018-06-30,5.1,$1.85,2.76,$11.13,0.46,$-0.27,0.0,$-1.40,0.0,$0.05B,$0.05B,0.98,$0.00B,$0.02B,0.21,$0.10B,$0.02B,18.56%,$0.10B,$0.00B,1.03%,$0.10B,$0.00B,1.03%,$0.10B,$0.01B,6.19%,$0.10B,$-0.00B,-2.06%,$0.10B,$-0.01B,-13.40%,$-0.01B,$0.02B,-66.67%,$-0.01B,$0.00B,-236.36%,$-0.01B,$0.08B,-16.77%,$0.00B,$0.02B,4.44%,$25,$19,$5,$0,$4,$24,$1,$-1,$0,$0,$-0,$-0,$-1,$2,$1,$9,9,$-0.09,$-0.09,$0,$27,$0,$53,$6,$0,$13,$5,$26,$79,$54,$3,$4,$9,$63,$0,$-2,$-6,$16,$79,$-1,$2,$-0,$1,$-1,$-5,$0,$-2,$-2,$-2,$-0,$0,$0,$0,$0,$0,$0,$-0,$-6,$7,$0,$0,$0,$0,$1,$2,$0,$0,$0
2,2018-03-31,6.6,$1.94,3.4,$11.44,0.58,$0.10,63.77,$-1.16,0.0,$0.05B,$0.05B,0.99,$0.00B,$0.02B,0.23,$0.10B,$0.02B,19.19%,$0.10B,$0.00B,2.02%,$0.10B,$0.00B,2.02%,$0.10B,$0.01B,7.07%,$0.10B,$-0.00B,-1.01%,$0.10B,$-0.01B,-11.11%,$-0.01B,$0.02B,-48.89%,$-0.01B,$0.00B,-146.67%,$-0.01B,$0.08B,-14.01%,$0.00B,$0.02B,7.77%,$23,$19,$4,$0,$4,$23,$0,$-1,$-1,$-0,$-1,$-1,$-1,$1,$0,$9,9,$-0.07,$-0.07,$0,$25,$0,$49,$6,$0,$13,$5,$27,$75,$49,$4,$4,$9,$59,$0,$-1,$-6,$17,$75,$-1,$1,$-0,$1,$0,$-1,$0,$-1,$1,$1,$-0,$0,$0,$0,$0,$0,$0,$-0,$1,$-2,$-1,$0,$0,$0,$-0,$-1,$0,$0,$0
3,2017-12-31,7.61,$2.01,3.79,$11.61,0.66,$0.07,117.11,$-1.07,0.0,$0.05B,$0.05B,1.02,$0.00B,$0.02B,0.24,$0.10B,$0.02B,20.79%,$0.10B,$0.00B,2.97%,$0.10B,$0.00B,2.97%,$0.10B,$0.01B,7.92%,$0.10B,0,0.00%,$0.10B,$-0.01B,-9.90%,$-0.01B,$0.02B,-40.00%,$-0.01B,$0.00B,-114.29%,$-0.01B,$0.07B,-12.54%,$0.00B,$0.02B,10.62%,$24,$20,$4,$0,$4,$24,$-1,$-1,$-1,$3,$-4,$-4,$-10,$1,$-1,$9,9,$-1.14,$-1.14,$0,$23,$0,$47,$6,$0,$13,$4,$27,$74,$47,$4,$4,$10,$57,$0,$-0,$-6,$18,$74,$-9,$5,$5,$10,$3,$-2,$0,$-0,$1,$1,$-1,$0,$0,$0,$0,$0,$0,$-1,$-1,$1,$1,$0,$0,$0,$-0,$1,$-0,$0,$0
4,2017-09-30,7.68,$3.14,2.45,$10.49,0.73,$-1.09,0.0,$-0.11,0.0,$0.05B,$0.05B,1.0,$0.00B,$0.03B,0.0,$0.09B,$0.02B,23.08%,$0.09B,$0.00B,4.40%,$0.09B,$0.00B,4.40%,$0.09B,$0.01B,8.79%,$0.09B,$0.00B,1.10%,$0.09B,$-0.00B,-2.20%,$-0.00B,$0.03B,-7.41%,$-0.00B,$0.01B,-19.05%,$-0.00B,$0.08B,-2.48%,$0.00B,$0.03B,13.22%,$25,$20,$5,$0,$4,$24,$1,$-1,$0,$1,$-0,$-0,$-1,$2,$1,$9,9,$-0.09,$-0.09,$1,$28,$0,$52,$7,$0,$17,$0,$30,$82,$52,$0,$1,$3,$54,$0,$10,$-6,$27,$82,$1,$3,$-0,$3,$-1,$-2,$0,$0,$-3,$-0,$-1,$0,$0,$0,$0,$0,$0,$-1,$1,$1,$3,$0,$0,$0,$0,$3,$1,$0,$0
5,2017-06-30,6.55,$3.21,2.04,$10.94,0.6,$-2.00,0.0,$0.02,327.5,$0.05B,$0.05B,1.1,$0.01B,$0.03B,0.17,$0.10B,$0.02B,24.21%,$0.10B,$0.00B,4.21%,$0.10B,$0.00B,4.21%,$0.10B,$0.01B,8.42%,$0.10B,$0.00B,1.05%,$0.10B,$-0.00B,-1.05%,$-0.00B,$0.03B,-3.64%,$-0.00B,$0.01B,-9.76%,$-0.00B,$0.08B,-1.25%,$0.00B,$0.03B,12.60%,$27,$21,$6,$0,$4,$25,$2,$-1,$1,$-0,$2,$2,$1,$3,$2,$9,9,$0.15,$0.15,$0,$30,$0,$52,$7,$0,$17,$0,$31,$83,$47,$5,$1,$7,$55,$0,$10,$-6,$28,$83,$1,$2,$-1,$1,$-0,$-4,$0,$-0,$-0,$2,$-1,$0,$0,$0,$0,$0,$0,$-1,$1,$-1,$-0,$0,$0,$0,$-1,$-1,$0,$0,$0
6,2017-03-31,7.5,$3.04,2.47,$11.26,0.67,$-3.58,0.0,$-0.11,0.0,$0.05B,$0.05B,1.08,$0.01B,$0.03B,0.18,$0.10B,$0.02B,23.47%,$0.10B,$0.00B,3.06%,$0.10B,$0.00B,3.06%,$0.10B,$0.01B,7.14%,$0.10B,$0.00B,1.02%,$0.10B,$-0.00B,-2.04%,$-0.00B,$0.03B,-7.21%,$-0.00B,$0.01B,-20.51%,$-0.00B,$0.08B,-2.50%,$0.00B,$0.03B,9.38%,$25,$19,$6,$0,$4,$24,$1,$-1,$0,$0,$0,$0,$0,$2,$1,$9,9,$0.01,$0.01,$0,$30,$0,$49,$7,$0,$18,$1,$31,$80,$46,$5,$0,$8,$54,$0,$9,$-6,$27,$80,$0,$1,$0,$1,$1,$-4,$0,$0,$-0,$1,$-0,$0,$0,$0,$0,$0,$0,$-0,$-0,$-0,$-0,$0,$0,$0,$-0,$-1,$-0,$0,$0
7,2016-12-31,5.95,$3.01,1.98,$11.44,0.52,$-4.21,0.0,$-0.06,0.0,$0.05B,$0.04B,1.06,$0.00B,$0.03B,0.15,$0.10B,$0.02B,23.00%,$0.10B,$0.00B,3.00%,$0.10B,$0.00B,3.00%,$0.10B,$0.01B,7.00%,$0.10B,$0.00B,2.00%,$0.10B,$-0.00B,-1.00%,$-0.00B,$0.03B,-3.57%,$-0.00B,$0.01B,-10.26%,$-0.00B,$0.08B,-1.28%,$0.00B,$0.03B,9.16%,$14,$10,$4,$0,$2,$14,$-0,$1,$0,$0,$0,$0,$-2,$1,$-0,$9,9,$-0.25,$-0.25,$0,$22,$0,$46,$6,$0,$15,$1,$31,$77,$44,$4,$1,$7,$51,$0,$9,$-6,$26,$77,$-1,$3,$0,$3,$-4,$-8,$0,$-0,$-12,$-9,$-1,$0,$0,$0,$0,$0,$0,$-1,$7,$4,$11,$0,$0,$0,$-1,$10,$-0,$0,$0
8,2016-09-30,5.77,$3.32,1.74,$13.25,0.44,$-3.70,0.0,$-0.02,0.0,$0.05B,$0.04B,1.15,$0.00B,$0.03B,0.14,$0.11B,$0.03B,22.32%,$0.11B,$0.00B,1.79%,$0.11B,$0.00B,1.79%,$0.11B,$0.01B,5.36%,$0.11B,0,0.00%,$0.11B,0,0.00%,$0.00B,$0.03B,0.00%,$0.00B,$0.01B,0.00%,$0.00B,$0.08B,0.00%,$0.00B,$0.03B,6.20%,$29,$23,$7,$0,$5,$28,$1,$-1,$0,$0,$0,$0,$0,$2,$1,$9,9,$0.04,$0.04,$1,$27,$0,$49,$7,$0,$19,$1,$31,$80,$42,$4,$2,$9,$51,$0,$11,$-5,$29,$80,$1,$2,$0,$3,$-4,$-8,$0,$-0,$-12,$-9,$-0,$0,$0,$0,$0,$0,$0,$-0,$6,$5,$11,$0,$0,$0,$-1,$10,$0,$0,$0
9,2016-06-30,5.35,$3.29,1.63,$13.22,0.4,$-3.15,0.0,$-0.54,0.0,$0.05B,$0.04B,1.16,$0.01B,$0.03B,0.18,$0.11B,$0.02B,21.30%,$0.11B,$-0.00B,-1.85%,$0.11B,$-0.00B,-1.85%,$0.11B,$0.00B,0.93%,$0.11B,$-0.01B,-4.63%,$0.11B,$-0.00B,-3.70%,$-0.00B,$0.03B,-14.29%,$-0.00B,$0.01B,-50.00%,$-0.00B,$0.08B,-5.42%,$-0.00B,$0.03B,-6.45%,$30,$24,$6,$0,$5,$29,$1,$-1,$1,$1,$0,$0,$0,$2,$1,$9,9,$0.02,$0.02,$3,$26,$0,$51,$7,$0,$19,$1,$32,$83,$44,$5,$3,$11,$55,$0,$11,$-5,$29,$83,$1,$2,$1,$2,$-5,$-8,$0,$-0,$-15,$-12,$-0,$0,$0,$0,$0,$0,$0,$-0,$9,$5,$14,$0,$0,$0,$1,$15,$3,$0,$0
10,2016-03-31,5.05,$3.26,1.55,$13.35,0.38,$-1.98,0.0,$-0.67,0.0,$0.04B,$0.03B,1.18,$0.01B,$0.03B,0.19,$0.10B,$0.02B,21.15%,$0.10B,$-0.00B,-3.85%,$0.10B,$-0.00B,-3.85%,$0.10B,$-0.00B,-0.96%,$0.10B,$-0.01B,-6.73%,$0.10B,$-0.01B,-4.81%,$-0.01B,$0.03B,-17.86%,$-0.01B,$0.01B,-62.50%,$-0.01B,$0.07B,-7.04%,$-0.00B,$0.03B,-12.90%,$27,$21,$6,$0,$5,$25,$1,$-0,$1,$0,$1,$1,$1,$2,$1,$9,9,$0.07,$0.07,$0,$21,$0,$39,$7,$0,$20,$1,$33,$72,$33,$5,$3,$11,$44,$0,$10,$-5,$28,$72,$1,$1,$0,$1,$-1,$-3,$0,$-1,$-7,$-5,$-0,$0,$0,$0,$0,$0,$0,$-0,$4,$0,$4,$0,$0,$0,$1,$4,$-0,$0,$0
11,2015-12-31,3.95,$3.15,1.25,$14.20,0.28,$-1.51,0.0,$-0.77,0.0,$0.04B,$0.04B,0.92,$0.00B,$0.03B,0.01,$0.11B,$0.02B,20.75%,$0.11B,$-0.01B,-4.72%,$0.11B,$-0.01B,-4.72%,$0.11B,$-0.00B,-1.89%,$0.11B,$-0.01B,-7.55%,$0.11B,$-0.01B,-5.66%,$-0.01B,$0.03B,-21.24%,$-0.01B,$0.01B,-75.00%,$-0.01B,$0.07B,-8.48%,$-0.01B,$0.03B,-16.00%,$26,$20,$6,$0,$5,$27,$-1,$-1,$-2,$-1,$-1,$-1,$-1,$-0,$-1,$8,8,$-0.14,$-0.14,$1,$18,$0,$35,$7,$0,$20,$1,$32,$67,$38,$0,$0,$1,$39,$0,$10,$-6,$27,$67,$-6,$3,$0,$4,$-2,$-5,$0,$-0,$-1,$-4,$-1,$0,$-2,$0,$0,$0,$-0,$-3,$-2,$0,$-2,$5,$5,$0,$2,$5,$-3,$0,$0
12,2015-09-30,3.85,$3.28,1.17,$14.17,0.27,$-0.95,0.0,$-1.03,0.0,$0.04B,$0.04B,0.97,$0.00B,$0.03B,0.0,$0.10B,$0.02B,17.31%,$0.10B,$-0.01B,-6.73%,$0.10B,$-0.01B,-6.73%,$0.10B,$-0.00B,-2.88%,$0.10B,$-0.01B,-9.62%,$0.10B,$-0.01B,-7.69%,$-0.01B,$0.03B,-27.35%,$-0.01B,$0.01B,-88.89%,$-0.01B,$0.07B,-11.07%,$-0.01B,$0.03B,-20.44%,$25,$20,$5,$0,$5,$28,$-3,$-1,$-5,$-1,$-4,$-4,$-4,$-3,$-3,$7,7,$-0.48,$-0.48,$0,$16,$0,$35,$8,$0,$21,$1,$37,$73,$36,$0,$1,$8,$45,$0,$11,$-6,$28,$73,$-5,$2,$-0,$2,$-3,$-2,$0,$0,$-0,$-3,$-1,$0,$-2,$0,$0,$0,$-0,$-3,$-2,$0,$-2,$4,$4,$0,$1,$3,$-4,$0,$0
13,2015-06-30,7.15,$3.88,1.84,$14.44,0.5,$-0.37,0.0,$-0.30,0.0,$0.03B,$0.03B,1.15,$0.01B,$0.03B,0.19,$0.11B,$0.02B,19.05%,$0.11B,$-0.00B,-0.95%,$0.11B,$-0.00B,-0.95%,$0.11B,$0.00B,2.86%,$0.11B,$-0.00B,-2.86%,$0.11B,$-0.00B,-1.90%,$-0.00B,$0.03B,-6.56%,$-0.00B,$0.01B,-16.33%,$-0.00B,$0.07B,-2.90%,$-0.00B,$0.03B,-2.72%,$26,$21,$5,$0,$6,$27,$-1,$-0,$-1,$-0,$-1,$-1,$-1,$0,$-1,$7,7,$-0.11,$-0.11,$0,$16,$0,$34,$11,$0,$19,$1,$38,$72,$29,$5,$1,$14,$43,$0,$15,$-5,$29,$72,$-1,$2,$-1,$1,$-2,$-2,$0,$0,$-1,$-1,$-1,$0,$-0,$0,$0,$0,$-0,$-1,$-2,$0,$-2,$0,$0,$0,$1,$-1,$-4,$0,$0
14,2015-03-31,9.03,$3.95,2.29,$13.78,0.66,$-0.22,0.0,$-0.15,0.0,$0.03B,$0.03B,1.19,$0.01B,$0.03B,0.2,$0.10B,$0.02B,19.00%,$0.10B,$0.00B,1.00%,$0.10B,$0.00B,1.00%,$0.10B,$0.00B,4.00%,$0.10B,$-0.00B,-2.00%,$0.10B,$-0.00B,-1.00%,$-0.00B,$0.03B,-3.20%,$-0.00B,$0.01B,-6.78%,$-0.00B,$0.07B,-1.53%,$0.00B,$0.04B,2.65%,$29,$23,$6,$0,$6,$29,$-0,$-0,$-0,$-0,$-0,$-0,$-0,$1,$-0,$7,7,$-0.03,$-0.03,$0,$14,$0,$32,$11,$0,$20,$1,$38,$71,$27,$6,$1,$14,$42,$0,$16,$-5,$29,$71,$-0,$1,$-1,$0,$-3,$-0,$0,$-0,$-1,$-0,$-0,$0,$-0,$0,$0,$0,$0,$-0,$-4,$0,$-4,$0,$0,$0,$1,$-3,$-4,$0,$0
15,2014-12-31,9.34,$4.16,2.24,$12.76,0.73,$-0.45,0.0,$-0.04,0.0,$0.03B,$0.02B,1.38,$0.01B,$0.03B,0.31,$0.09B,$0.02B,19.57%,$0.09B,$0.00B,2.17%,$0.09B,$0.00B,2.17%,$0.09B,$0.00B,4.35%,$0.09B,$-0.00B,-1.09%,$0.09B,0,0.00%,$0.00B,$0.03B,0.00%,$0.00B,$0.01B,0.00%,$0.00B,$0.07B,0.00%,$0.00B,$0.04B,5.23%,$24,$22,$2,$0,$4,$27,$-3,$-1,$-4,$-1,$-3,$-3,$-3,$-1,$-3,$7,7,$-0.41,$-0.41,$4,$14,$0,$34,$11,$0,$19,$1,$39,$73,$24,$10,$0,$18,$42,$0,$16,$-3,$31,$73,$-0,$3,$1,$4,$-1,$-2,$0,$-0,$-3,$0,$-1,$0,$-1,$0,$0,$0,$-0,$-2,$-0,$6,$6,$-0,$-0,$0,$-0,$6,$3,$0,$0
16,2014-09-30,8.04,$4.56,1.76,$12.77,0.63,$-0.28,0.0,$0.66,12.18,$0.03B,$0.02B,1.79,$0.01B,$0.03B,0.17,$0.09B,$0.02B,23.60%,$0.09B,$0.01B,6.74%,$0.09B,$0.01B,6.74%,$0.09B,$0.01B,7.87%,$0.09B,$0.00B,4.49%,$0.09B,$0.01B,5.62%,$0.01B,$0.03B,15.75%,$0.01B,$0.02B,26.67%,$0.01B,$0.06B,8.73%,$0.01B,$0.04B,15.89%,$26,$19,$7,$0,$4,$23,$3,$-0,$2,$1,$2,$2,$2,$3,$3,$7,7,$0.25,$0.25,$1,$15,$0,$34,$11,$0,$13,$1,$27,$60,$19,$5,$0,$9,$28,$0,$19,$-2,$33,$60,$3,$1,$-1,$0,$-5,$-2,$0,$-0,$-2,$1,$-1,$0,$0,$0,$0,$0,$-0,$-1,$-2,$1,$-0,$-0,$-0,$0,$0,$-0,$0,$0,$0
17,2014-06-30,8.32,$4.44,1.87,$12.84,0.65,$-0.23,0.0,$0.58,14.34,$0.03B,$0.02B,1.86,$0.01B,$0.03B,0.2,$0.09B,$0.02B,23.53%,$0.09B,$0.01B,5.88%,$0.09B,$0.01B,5.88%,$0.09B,$0.01B,8.24%,$0.09B,$0.00B,4.71%,$0.09B,$0.00B,4.71%,$0.00B,$0.03B,13.01%,$0.00B,$0.02B,22.86%,$0.00B,$0.06B,7.02%,$0.01B,$0.04B,13.33%,$21,$17,$4,$0,$4,$20,$1,$-0,$0,$0,$0,$0,$0,$1,$1,$7,7,$0.04,$0.04,$0,$15,$0,$31,$12,$0,$13,$1,$27,$58,$16,$6,$0,$10,$26,$0,$17,$-1,$32,$58,$1,$1,$-1,$0,$-2,$-2,$0,$-0,$-1,$-0,$-1,$0,$0,$0,$0,$0,$-0,$-1,$-1,$1,$-0,$0,$0,$0,$1,$0,$-0,$0,$0
18,2014-03-31,8.7,$4.30,2.03,$13.65,0.64,$-0.21,0.0,$0.75,11.6,$0.03B,$0.02B,1.85,$0.01B,$0.03B,0.21,$0.09B,$0.02B,25.58%,$0.09B,$0.01B,6.98%,$0.09B,$0.01B,6.98%,$0.09B,$0.01B,9.30%,$0.09B,$0.01B,6.98%,$0.09B,$0.01B,5.81%,$0.01B,$0.03B,18.02%,$0.01B,$0.02B,34.48%,$0.01B,$0.06B,8.97%,$0.01B,$0.04B,17.14%,$21,$16,$5,$0,$4,$20,$1,$-0,$1,$0,$1,$1,$1,$1,$1,$7,7,$0.08,$0.08,$0,$13,$0,$29,$12,$0,$13,$1,$27,$57,$16,$7,$0,$10,$26,$0,$17,$-2,$31,$57,$1,$0,$-0,$0,$-3,$-1,$0,$-0,$-3,$-2,$-0,$0,$0,$0,$0,$0,$-0,$-0,$-0,$1,$0,$0,$0,$0,$2,$2,$-0,$0,$0
