,Date,Stock Price,Book Value per Share,Price to Book Ratio,TTM Sales per Share,Price to Sales Ratio,TTM FCF per Share,Price to FCF Ratio,TTM Net EPS,PE Ratio,Current Assets,Current Liabilities,Current Ratio,Long Term Debt,Shareholder's Equity_x,Debt to Equity Ratio,TTM Revenue_x,TTM Gross Profit,Gross Margin,TTM Revenue_y,TTM Operating Income,Operating Margin,TTM Revenue_x,TTM EBIT,EBIT Margin,TTM Revenue_y,TTM EBITDA,EBITDA Margin,TTM Revenue_x,TTM Pre-Tax Income,Pre-Tax Margin,TTM Revenue_y,TTM Net Income_x,Net Margin,TTM Net Income_y,Shareholder's Equity_y,Return on Equity,TTM Net Income_x,Tangible Equity,Return on Tangible Equity,TTM Net Income_y,Total Assets,Return on Assets,TTM Net Income,LT Investments & Debt,Return on Investment,revenue,cost-goods-sold,gross-profit,research-development-expenses,selling-general-administrative-expenses,operating-expenses,operating-income,total-non-operating-income-expense,pre-tax-income,total-provision-income-taxes,income-after-taxes,income-from-continuous-operations,net-income,ebitda,ebit,basic-shares-outstanding,shares-outstanding,eps-basic-net-earnings-per-share,eps-earnings-per-share-diluted,cash-on-hand,inventory,other-current-assets,total-current-assets,net-property-plant-equipment,long-term-investments,goodwill-intangible-assets-total,other-long-term-assets,total-long-term-assets,total-assets,total-current-liabilities,long-term-debt,other-non-current-liabilities,total-long-term-liabilities,total-liabilities,common-stock-net,retained-earnings-accumulated-deficit,comprehensive-income,total-share-holder-equity,total-liabilities-share-holders-equity,net-income-loss,total-depreciation-amortization-cash-flow,other-non-cash-items,total-non-cash-items,change-in-accounts-receivable,change-in-inventories,change-in-accounts-payable,change-in-assets-liabilities,total-change-in-assets-liabilities,cash-flow-from-operating-activities,net-change-in-property-plant-equipment,net-change-in-intangible-assets,net-acquisitions-divestitures,net-change-in-short-term-investments,net-change-in-long-term-investments,net-change-in-investments-total,investing-activities-other,cash-flow-from-investing-activities,net-long-term-debt,net-current-debt,debt-issuance-retirement-net-total,net-common-equity-issued-repurchased,net-total-equity-issued-repurchased,total-common-preferred-stock-dividends-paid,financial-activities-other,cash-flow-from-financial-activities,net-cash-flow,stock-based-compensation,common-stock-dividends-paid
0,2018-09-30,46.95,$29.60,1.59,$17.05,2.75,$7.62,6.16,$1.65,28.45,$0.71B,$2.60B,0.27,$0.29B,$1.59B,0.18,$0.92B,$0.37B,40.55%,$0.92B,$0.13B,14.10%,$0.92B,$0.13B,14.10%,$0.92B,$0.15B,16.72%,$0.92B,$0.10B,11.04%,$0.92B,$0.09B,9.62%,$0.09B,$1.59B,5.56%,$0.09B,$1.30B,6.82%,$0.09B,$4.65B,1.87%,$0.13B,$1.88B,6.71%,$249,$148,$102,$0,$0,$209,$40,$-9,$31,$-0,$31,$31,$31,$45,$40,$54,54,$0.58,$0.58,$88,$0,$0,$713,$31,$3384,$289,$162,$3940,$4653,$2599,$288,$180,$468,$3067,$1,$1640,$-20,$1587,$4653,$72,$17,$13,$30,$-46,$0,$46,$52,$52,$146,$-8,$0,$0,$173,$77,$250,$-7,$235,$-1,$-123,$-124,$0,$0,$-300,$-4,$-428,$-47,$4,$-300
1,2018-06-30,35.45,$29.37,1.21,$16.67,2.13,$7.08,5.0,$1.61,22.02,$0.68B,$2.55B,0.27,$0.29B,$1.58B,0.18,$0.89B,$0.37B,41.16%,$0.89B,$0.13B,14.65%,$0.89B,$0.13B,14.65%,$0.89B,$0.16B,17.56%,$0.89B,$0.11B,11.74%,$0.89B,$0.09B,9.62%,$0.09B,$1.58B,5.22%,$0.09B,$1.28B,6.35%,$0.09B,$4.58B,1.80%,$0.13B,$1.86B,6.50%,$256,$162,$94,$0,$0,$221,$35,$-7,$28,$-0,$28,$28,$28,$40,$35,$54,54,$0.53,$0.53,$67,$0,$0,$681,$31,$3354,$291,$157,$3903,$4583,$2551,$288,$169,$457,$3009,$1,$1625,$-16,$1575,$4583,$40,$11,$9,$20,$-42,$0,$22,$27,$8,$66,$-5,$0,$0,$191,$96,$288,$-5,$278,$-1,$-123,$-124,$0,$0,$-283,$-4,$-411,$-68,$3,$-283
2,2018-03-31,48.13,$29.28,1.64,$15.74,3.06,$7.08,6.79,$1.44,33.43,$0.63B,$2.53B,0.25,$0.37B,$1.57B,0.24,$0.84B,$0.36B,43.13%,$0.84B,$0.13B,15.17%,$0.84B,$0.13B,15.17%,$0.84B,$0.16B,18.36%,$0.84B,$0.10B,11.37%,$0.84B,$0.08B,9.24%,$0.08B,$1.57B,4.55%,$0.08B,$1.28B,5.49%,$0.08B,$4.68B,1.61%,$0.13B,$1.94B,6.05%,$201,$130,$71,$0,$0,$187,$14,$-5,$8,$-3,$12,$12,$12,$20,$14,$54,54,$0.22,$0.22,$43,$0,$0,$633,$32,$3499,$292,$155,$4046,$4679,$2530,$372,$208,$579,$3110,$1,$1614,$-8,$1569,$4679,$12,$6,$17,$23,$-10,$0,$28,$21,$39,$73,$-2,$0,$0,$61,$84,$145,$3,$146,$-0,$-40,$-40,$0,$0,$-267,$-4,$-311,$-91,$1,$-267
3,2017-12-31,56.3,$29.83,1.89,$16.16,3.48,$6.96,8.09,$1.99,28.29,$0.72B,$2.49B,0.29,$0.41B,$1.60B,0.26,$0.87B,$0.40B,45.84%,$0.87B,$0.16B,18.59%,$0.87B,$0.16B,18.59%,$0.87B,$0.19B,21.94%,$0.87B,$0.13B,14.78%,$0.87B,$0.11B,12.36%,$0.11B,$1.60B,6.02%,$0.11B,$1.30B,7.21%,$0.11B,$4.93B,2.18%,$0.16B,$2.01B,7.32%,$209,$105,$104,$0,$0,$169,$40,$-6,$34,$17,$17,$17,$17,$48,$40,$53,54,$0.32,$0.33,$134,$0,$0,$715,$32,$3687,$294,$141,$4214,$4929,$2485,$412,$438,$849,$3334,$1,$1614,$15,$1595,$4929,$107,$29,$-12,$17,$-15,$0,$26,$19,$30,$149,$-10,$-3,$0,$18,$256,$275,$-36,$225,$40,$-77,$-37,$0,$0,$-315,$-5,$-357,$17,$11,$-315
4,2017-09-30,49.48,$34.65,1.43,$16.71,2.96,$7.34,6.74,$2.69,18.39,$0.70B,$2.50B,0.28,$0.40B,$1.85B,0.22,$0.90B,$0.42B,47.26%,$0.90B,$0.19B,21.34%,$0.90B,$0.19B,21.34%,$0.90B,$0.22B,24.47%,$0.90B,$0.16B,17.65%,$0.90B,$0.15B,16.20%,$0.15B,$1.85B,7.93%,$0.15B,$1.56B,9.45%,$0.15B,$4.93B,2.94%,$0.19B,$2.25B,8.46%,$228,$129,$99,$0,$0,$186,$42,$-7,$35,$6,$29,$29,$29,$49,$42,$53,54,$0.54,$0.54,$119,$0,$0,$703,$32,$3672,$295,$157,$4222,$4925,$2497,$400,$176,$577,$3074,$1,$1864,$25,$1851,$4925,$90,$21,$-8,$13,$-39,$0,$49,$12,$22,$118,$-9,$-3,$0,$111,$166,$277,$-33,$232,$0,$-48,$-48,$0,$0,$-299,$-2,$-349,$2,$7,$-299
5,2017-06-30,54.73,$34.41,1.59,$16.64,3.29,$7.56,7.24,$2.78,19.69,$0.64B,$2.43B,0.26,$0.43B,$1.84B,0.23,$0.89B,$0.43B,48.26%,$0.89B,$0.20B,22.33%,$0.89B,$0.20B,22.33%,$0.89B,$0.23B,25.70%,$0.89B,$0.17B,18.74%,$0.89B,$0.15B,16.84%,$0.15B,$1.84B,7.99%,$0.15B,$1.55B,9.48%,$0.15B,$4.86B,3.03%,$0.20B,$2.26B,8.68%,$206,$116,$90,$0,$0,$173,$32,$-13,$19,$-0,$20,$20,$20,$38,$32,$53,54,$0.37,$0.36,$117,$0,$0,$639,$33,$3693,$292,$149,$4223,$4862,$2427,$426,$170,$596,$3024,$1,$1852,$26,$1838,$4862,$61,$14,$4,$18,$-12,$0,$25,$-20,$-7,$67,$-7,$0,$0,$152,$80,$232,$16,$242,$0,$-22,$-22,$0,$0,$-282,$-5,$-309,$0,$6,$-282
6,2017-03-31,53.96,$34.19,1.58,$16.83,3.21,$7.95,6.78,$3.23,16.71,$0.60B,$2.43B,0.25,$0.45B,$1.83B,0.25,$0.90B,$0.45B,49.78%,$0.90B,$0.22B,24.56%,$0.90B,$0.22B,24.56%,$0.90B,$0.25B,28.11%,$0.90B,$0.20B,21.78%,$0.90B,$0.17B,19.22%,$0.17B,$1.83B,8.99%,$0.17B,$1.53B,10.63%,$0.17B,$4.87B,3.47%,$0.22B,$2.27B,9.52%,$223,$119,$104,$0,$0,$176,$47,$-7,$40,$-1,$41,$41,$41,$55,$47,$53,54,$0.78,$0.77,$102,$0,$0,$604,$32,$3748,$294,$145,$4269,$4873,$2428,$448,$170,$619,$3047,$1,$1849,$20,$1826,$4873,$41,$8,$6,$14,$-1,$0,$25,$-6,$17,$69,$-5,$0,$0,$155,$25,$180,$10,$186,$0,$0,$0,$0,$0,$-266,$-5,$-270,$-15,$3,$-266
7,2016-12-31,50.07,$33.78,1.48,$16.29,3.07,$7.81,6.41,$2.82,17.76,$0.62B,$2.40B,0.26,$0.45B,$1.80B,0.25,$0.87B,$0.37B,42.53%,$0.87B,$0.20B,22.99%,$0.87B,$0.20B,22.99%,$0.87B,$0.23B,26.67%,$0.87B,$0.18B,20.34%,$0.87B,$0.15B,17.36%,$0.15B,$1.80B,7.69%,$0.15B,$1.50B,9.07%,$0.15B,$5.07B,3.03%,$0.20B,$2.25B,8.56%,$238,$107,$130,$0,$0,$168,$70,$-6,$64,$9,$55,$55,$55,$77,$70,$53,53,$1.03,$1.03,$117,$0,$0,$620,$32,$3926,$295,$136,$4445,$5065,$2396,$448,$422,$870,$3266,$1,$1824,$17,$1799,$5065,$151,$33,$-8,$25,$-6,$0,$10,$-8,$-4,$169,$-11,$0,$0,$-358,$88,$-269,$1,$-279,$0,$100,$100,$-2,$-2,$-119,$7,$-14,$-124,$12,$-119
8,2016-09-30,42.98,$38.38,1.12,$15.22,2.82,$6.70,6.42,$2.45,17.54,$0.64B,$2.44B,0.26,$0.35B,$2.04B,0.17,$0.82B,$0.33B,40.71%,$0.82B,$0.16B,20.05%,$0.82B,$0.16B,20.05%,$0.82B,$0.20B,24.21%,$0.82B,$0.14B,17.60%,$0.82B,$0.13B,16.01%,$0.13B,$2.04B,6.54%,$0.13B,$1.75B,7.69%,$0.13B,$5.02B,2.65%,$0.16B,$2.39B,6.98%,$224,$118,$106,$0,$0,$174,$50,$-7,$44,$10,$34,$34,$34,$59,$50,$53,53,$0.64,$0.63,$129,$0,$0,$638,$38,$3850,$297,$143,$4378,$5016,$2436,$348,$187,$538,$2974,$1,$2035,$56,$2042,$5016,$96,$26,$-4,$21,$-24,$0,$44,$-2,$19,$129,$-8,$0,$0,$-168,$22,$-146,$10,$-144,$0,$0,$0,$-2,$-2,$-102,$7,$-97,$-112,$7,$-102
9,2016-06-30,43.6,$38.12,1.14,$14.25,3.06,$6.26,6.97,$2.01,21.69,$0.64B,$2.41B,0.27,$0.35B,$2.03B,0.17,$0.77B,$0.24B,31.21%,$0.77B,$0.13B,16.51%,$0.77B,$0.13B,16.51%,$0.77B,$0.16B,20.94%,$0.77B,$0.11B,14.43%,$0.77B,$0.11B,13.91%,$0.11B,$2.03B,5.36%,$0.11B,$1.73B,6.32%,$0.11B,$4.98B,2.17%,$0.13B,$2.38B,5.42%,$215,$107,$108,$0,$0,$161,$54,$-5,$48,$5,$43,$43,$43,$62,$54,$53,53,$0.81,$0.81,$145,$0,$0,$638,$38,$3817,$299,$137,$4339,$4977,$2412,$348,$180,$537,$2949,$1,$2018,$61,$2028,$4977,$62,$17,$11,$28,$-11,$0,$23,$-10,$2,$86,$-5,$0,$0,$-111,$-3,$-114,$23,$-96,$0,$0,$0,$-2,$-2,$-86,$2,$-86,$-96,$6,$-86
10,2016-03-31,40.95,$37.30,1.1,$13.89,2.95,$5.71,7.17,$1.80,22.75,$0.68B,$2.42B,0.28,$0.35B,$1.99B,0.18,$0.76B,$0.18B,23.51%,$0.76B,$0.12B,15.72%,$0.76B,$0.12B,15.72%,$0.76B,$0.15B,20.34%,$0.76B,$0.10B,13.74%,$0.76B,$0.10B,12.81%,$0.10B,$1.99B,4.85%,$0.10B,$1.68B,5.71%,$0.10B,$4.89B,1.96%,$0.12B,$2.33B,5.06%,$193,$168,$26,$0,$0,$168,$26,$-5,$21,$1,$19,$19,$19,$34,$26,$53,53,$0.36,$0.36,$197,$0,$0,$680,$38,$3698,$301,$130,$4214,$4894,$2422,$348,$140,$488,$2910,$1,$1991,$47,$1985,$4894,$19,$9,$17,$25,$-3,$0,$25,$-10,$12,$57,$0,$0,$0,$-49,$23,$-26,$-6,$-32,$0,$0,$0,$-1,$-1,$-69,$2,$-69,$-44,$3,$-69
11,2015-12-31,39.03,$36.88,1.06,$13.92,2.8,$5.29,7.38,$2.11,18.5,$0.72B,$2.40B,0.3,$0.35B,$1.96B,0.18,$0.77B,$0.20B,26.30%,$0.77B,$0.14B,18.65%,$0.77B,$0.14B,18.65%,$0.77B,$0.18B,23.45%,$0.77B,$0.13B,16.71%,$0.77B,$0.12B,15.03%,$0.12B,$1.96B,5.69%,$0.12B,$1.66B,6.70%,$0.12B,$4.91B,2.32%,$0.14B,$2.31B,6.03%,$186,$93,$93,$0,$0,$152,$34,$-3,$31,$-4,$35,$35,$35,$43,$34,$55,55,$0.66,$0.65,$241,$0,$0,$717,$38,$3650,$303,$138,$4189,$4906,$2398,$348,$202,$550,$2948,$1,$1988,$24,$1958,$4906,$116,$36,$31,$67,$-15,$0,$16,$-67,$-65,$111,$-10,$0,$0,$-34,$271,$237,$0,$228,$0,$100,$100,$-173,$-173,$-218,$-4,$-295,$44,$9,$-218
12,2015-09-30,38.42,$37.76,1.02,$14.20,2.71,$5.01,7.67,$2.58,14.89,$0.69B,$2.45B,0.28,$0.35B,$2.01B,0.17,$0.80B,$0.20B,24.88%,$0.80B,$0.20B,24.88%,$0.80B,$0.20B,24.88%,$0.80B,$0.24B,29.60%,$0.80B,$0.19B,23.01%,$0.80B,$0.15B,18.16%,$0.15B,$2.01B,6.99%,$0.15B,$1.70B,8.21%,$0.15B,$4.96B,2.88%,$0.20B,$2.36B,8.29%,$175,$162,$13,$0,$0,$162,$13,$-2,$11,$1,$10,$10,$10,$22,$13,$54,54,$0.19,$0.19,$201,$0,$0,$688,$39,$3749,$305,$127,$4275,$4963,$2448,$350,$159,$509,$2956,$1,$2023,$36,$2007,$4963,$81,$27,$25,$52,$-37,$0,$56,$-37,$-18,$106,$-6,$0,$0,$-48,$233,$186,$-9,$170,$0,$100,$100,$-165,$-165,$-201,$-5,$-272,$4,$8,$-201
13,2015-06-30,35.96,$38.09,0.94,$14.43,2.49,$4.86,7.4,$2.98,12.07,$0.62B,$2.42B,0.26,$0.35B,$2.06B,0.17,$0.83B,$0.24B,28.45%,$0.83B,$0.24B,28.45%,$0.83B,$0.24B,28.45%,$0.83B,$0.27B,32.65%,$0.83B,$0.22B,26.53%,$0.83B,$0.17B,20.53%,$0.17B,$2.06B,7.89%,$0.17B,$1.75B,9.22%,$0.17B,$5.00B,3.32%,$0.24B,$2.41B,9.61%,$203,$157,$46,$0,$0,$157,$46,$-5,$41,$8,$33,$33,$33,$55,$46,$55,56,$0.60,$0.60,$151,$0,$0,$618,$39,$3858,$307,$134,$4383,$5001,$2421,$350,$162,$523,$2944,$1,$2029,$41,$2057,$5001,$71,$19,$1,$20,$-17,$0,$25,$-39,$-32,$54,$0,$0,$0,$-26,$148,$122,$-8,$114,$0,$100,$100,$-123,$-123,$-184,$-5,$-213,$-46,$5,$-184
14,2015-03-31,35.49,$38.39,0.92,$14.50,2.45,$4.38,8.1,$3.22,11.02,$0.67B,$2.44B,0.27,$0.35B,$2.13B,0.16,$0.85B,$0.26B,30.75%,$0.85B,$0.26B,30.75%,$0.85B,$0.26B,30.75%,$0.85B,$0.30B,35.33%,$0.85B,$0.25B,28.87%,$0.85B,$0.19B,22.07%,$0.19B,$2.13B,8.38%,$0.19B,$1.82B,9.75%,$0.19B,$5.11B,3.58%,$0.26B,$2.48B,10.41%,$208,$156,$51,$0,$0,$156,$51,$-6,$46,$8,$38,$38,$38,$61,$51,$57,57,$0.67,$0.67,$204,$0,$0,$665,$40,$3932,$309,$128,$4449,$5114,$2444,$350,$161,$541,$2985,$1,$2012,$66,$2129,$5114,$38,$10,$4,$14,$-7,$0,$28,$-32,$-11,$37,$0,$0,$0,$5,$94,$98,$0,$98,$0,$100,$100,$-57,$-57,$-167,$-4,$-129,$7,$3,$-167
15,2014-12-31,34.67,$38.17,0.91,$14.23,2.44,$4.23,8.2,$3.31,10.47,$0.64B,$2.42B,0.27,$0.25B,$2.16B,0.12,$0.85B,$0.28B,32.51%,$0.85B,$0.28B,32.51%,$0.85B,$0.28B,32.51%,$0.85B,$0.32B,37.32%,$0.85B,$0.26B,30.63%,$0.85B,$0.20B,23.12%,$0.20B,$2.16B,8.57%,$0.20B,$1.85B,9.94%,$0.20B,$5.17B,3.70%,$0.28B,$2.41B,10.87%,$218,$128,$90,$0,$0,$128,$90,$-3,$87,$22,$65,$65,$65,$100,$90,$59,60,$1.13,$1.11,$197,$0,$0,$644,$40,$4010,$311,$125,$4525,$5169,$2422,$250,$321,$590,$3011,$1,$1992,$58,$2158,$5169,$197,$40,$-2,$38,$15,$0,$-16,$-131,$-132,$96,$-3,$0,$0,$85,$73,$158,$112,$267,$0,$0,$0,$-222,$-222,$-71,$-2,$-295,$68,$10,$-71
16,2014-09-30,31.73,$40.24,0.79,$13.68,2.32,$3.19,9.95,$3.33,9.53,$0.74B,$2.57B,0.29,$0.25B,$2.32B,0.11,$0.83B,$0.30B,36.64%,$0.83B,$0.30B,36.64%,$0.83B,$0.30B,36.64%,$0.83B,$0.34B,40.51%,$0.83B,$0.28B,34.34%,$0.83B,$0.20B,24.55%,$0.20B,$2.32B,8.61%,$0.20B,$2.01B,9.82%,$0.20B,$5.33B,3.82%,$0.30B,$2.57B,11.62%,$204,$153,$50,$0,$0,$153,$50,$-3,$47,$13,$35,$35,$35,$56,$50,$59,59,$0.59,$0.59,$248,$0,$0,$739,$40,$4051,$314,$137,$4587,$5326,$2570,$250,$164,$435,$3005,$1,$2094,$67,$2321,$5326,$131,$30,$7,$37,$-42,$0,$56,$-74,$-61,$101,$-2,$0,$35,$142,$-8,$134,$73,$240,$0,$0,$0,$-163,$-163,$-54,$-5,$-222,$119,$8,$-54
17,2014-06-30,31.76,$40.23,0.79,$13.14,2.42,$1.90,16.75,$3.76,8.45,$0.69B,$2.57B,0.27,$0.25B,$2.36B,0.11,$0.80B,$0.34B,42.29%,$0.80B,$0.34B,42.29%,$0.80B,$0.34B,42.29%,$0.80B,$0.38B,46.64%,$0.80B,$0.32B,40.30%,$0.80B,$0.23B,28.73%,$0.23B,$2.36B,9.75%,$0.23B,$2.04B,10.98%,$0.23B,$5.40B,4.42%,$0.34B,$2.61B,13.29%,$222,$151,$71,$0,$0,$151,$71,$-5,$66,$16,$50,$50,$50,$84,$71,$60,60,$0.84,$0.84,$211,$0,$0,$688,$40,$4139,$317,$171,$4709,$5398,$2566,$250,$189,$471,$3037,$1,$2077,$82,$2361,$5398,$97,$24,$-8,$16,$-28,$0,$27,$-79,$-79,$29,$0,$0,$35,$77,$6,$84,$95,$213,$0,$0,$0,$-120,$-120,$-36,$-5,$-161,$81,$6,$-36
18,2014-03-31,31.64,$39.51,0.8,$12.17,2.6,$1.21,26.13,$3.73,8.48,$0.78B,$2.61B,0.3,$0.25B,$2.35B,0.11,$0.75B,$0.33B,44.36%,$0.75B,$0.33B,44.36%,$0.75B,$0.33B,44.36%,$0.75B,$0.37B,48.87%,$0.75B,$0.32B,42.90%,$0.75B,$0.23B,30.68%,$0.23B,$2.35B,9.77%,$0.23B,$2.03B,10.88%,$0.23B,$5.41B,4.48%,$0.33B,$2.60B,13.25%,$208,$142,$66,$0,$0,$142,$66,$-5,$61,$15,$47,$47,$47,$78,$66,$61,61,$0.76,$0.76,$296,$0,$0,$775,$41,$4075,$319,$154,$4630,$5406,$2613,$250,$167,$441,$3054,$1,$2044,$70,$2352,$5406,$47,$12,$7,$19,$-17,$0,$30,$-49,$-35,$30,$0,$0,$35,$100,$22,$122,$82,$239,$0,$0,$0,$-79,$-79,$-18,$-6,$-103,$167,$3,$-18
19,2013-12-31,34.21,$39.13,0.87,$11.93,2.87,$0.50,67.8,$4.79,7.14,$0.57B,$2.36B,0.24,$0.25B,$2.39B,0.1,$0.74B,$0.37B,49.73%,$0.74B,$0.37B,49.73%,$0.74B,$0.37B,49.73%,$0.74B,$0.40B,54.32%,$0.74B,$0.40B,53.65%,$0.74B,$0.30B,40.14%,$0.30B,$2.39B,12.55%,$0.30B,$2.18B,13.81%,$0.30B,$5.15B,5.81%,$0.37B,$2.64B,14.77%,$193,$77,$116,$0,$0,$77,$116,$-5,$110,$40,$71,$71,$71,$117,$116,$62,62,$1.15,$1.15,$207,$0,$0,$574,$41,$3941,$213,$351,$4577,$5150,$2363,$250,$143,$393,$2756,$1,$2016,$60,$2394,$5150,$298,$36,$-74,$-38,$12,$0,$-15,$-208,$-210,$39,$-6,$0,$0,$-244,$488,$243,$-305,$-68,$123,$0,$123,$-29,$-29,$-46,$-7,$40,$11,$9,$-46
20,2013-09-30,31.6,$38.48,0.82,$11.98,2.64,$1.45,21.76,$5.29,5.97,$0.67B,$2.47B,0.27,$0.00B,$2.37B,0.0,$0.74B,$0.41B,55.26%,$0.74B,$0.41B,55.26%,$0.74B,$0.41B,55.26%,$0.74B,$0.45B,60.92%,$0.74B,$0.45B,59.97%,$0.74B,$0.33B,44.07%,$0.33B,$2.37B,14.00%,$0.33B,$2.16B,15.43%,$0.33B,$4.96B,6.48%,$0.41B,$2.37B,16.88%,$181,$95,$87,$0,$0,$95,$87,$0,$87,$23,$63,$63,$63,$96,$87,$62,62,$1.02,$1.02,$279,$0,$0,$667,$41,$3858,$214,$152,$4297,$4964,$2467,$0,$123,$123,$2590,$1,$1963,$70,$2373,$4964,$227,$34,$-54,$-19,$-22,$0,$24,$-170,$-168,$24,$0,$0,$23,$-103,$399,$296,$-17,$302,$-125,$0,$-125,$-2,$-2,$-31,$-7,$-165,$161,$7,$-31
21,2013-06-30,36.38,$37.79,0.96,$11.90,3.06,$2.06,17.68,$5.24,6.94,$0.50B,$2.50B,0.2,$0.13B,$2.34B,0.05,$0.74B,$0.41B,55.50%,$0.74B,$0.41B,55.50%,$0.74B,$0.41B,55.50%,$0.74B,$0.45B,61.06%,$0.74B,$0.44B,59.97%,$0.74B,$0.32B,43.96%,$0.32B,$2.34B,13.91%,$0.32B,$2.12B,15.32%,$0.32B,$5.11B,6.42%,$0.41B,$2.46B,16.88%,$171,$106,$65,$0,$0,$106,$65,$-0,$65,$14,$50,$50,$50,$77,$65,$62,62,$0.82,$0.81,$119,$0,$0,$495,$42,$4157,$215,$168,$4617,$5112,$2495,$125,$155,$280,$2775,$1,$1915,$75,$2337,$5112,$163,$24,$-53,$-29,$-11,$0,$2,$-128,$-136,$-12,$0,$0,$23,$-50,$72,$22,$-9,$35,$0,$0,$0,$0,$0,$-15,$-7,$-22,$1,$5,$-15
22,2013-03-31,32.85,$38.19,0.86,$11.80,2.78,$2.78,11.8,$5.38,6.11,$0.47B,$2.54B,0.19,$0.13B,$2.36B,0.05,$0.73B,$0.42B,58.08%,$0.73B,$0.42B,58.08%,$0.73B,$0.42B,58.08%,$0.73B,$0.46B,63.42%,$0.73B,$0.46B,62.60%,$0.73B,$0.33B,45.48%,$0.33B,$2.36B,14.34%,$0.33B,$2.14B,15.80%,$0.33B,$5.22B,6.62%,$0.42B,$2.49B,17.74%,$195,$95,$100,$0,$0,$95,$100,$35,$135,$22,$113,$113,$113,$112,$100,$62,62,$1.83,$1.82,$95,$0,$0,$471,$41,$4318,$217,$145,$4748,$5219,$2540,$125,$165,$318,$2858,$1,$1880,$138,$2361,$5219,$113,$12,$-45,$-33,$-13,$0,$20,$-90,$-83,$-13,$0,$0,$23,$-113,$72,$-42,$15,$-4,$0,$0,$0,$0,$0,$0,$-7,$-7,$-24,$2,$0
23,2012-12-31,28.97,$36.85,0.79,$11.58,2.5,$3.45,8.39,$4.46,6.5,$0.42B,$2.33B,0.18,$0.13B,$2.27B,0.06,$0.72B,$0.40B,55.87%,$0.72B,$0.40B,55.87%,$0.72B,$0.40B,55.87%,$0.72B,$0.44B,61.03%,$0.72B,$0.40B,55.45%,$0.72B,$0.28B,38.41%,$0.28B,$2.27B,12.07%,$0.28B,$2.05B,13.31%,$0.28B,$4.88B,5.53%,$0.40B,$2.40B,17.13%,$195,$38,$158,$0,$0,$38,$158,$-0,$158,$56,$101,$101,$101,$167,$158,$61,62,$1.65,$1.64,$119,$0,$0,$421,$42,$3927,$216,$248,$4456,$4877,$2334,$125,$132,$272,$2606,$1,$1783,$145,$2271,$4877,$275,$38,$20,$58,$75,$0,$-59,$-257,$-240,$91,$0,$0,$0,$3,$214,$217,$-190,$27,$67,$0,$67,$0,$0,$-200,$3,$-130,$-12,$9,$-200
24,2012-09-30,29.19,$38.23,0.76,$11.77,2.48,$4.56,6.4,$5.10,5.73,$0.46B,$2.50B,0.19,$0.00B,$2.35B,0.0,$0.73B,$0.45B,62.04%,$0.73B,$0.45B,62.04%,$0.73B,$0.45B,62.04%,$0.73B,$0.49B,67.13%,$0.73B,$0.45B,61.49%,$0.73B,$0.32B,43.33%,$0.32B,$2.35B,13.99%,$0.32B,$2.14B,15.44%,$0.32B,$4.97B,6.30%,$0.45B,$2.35B,19.70%,$176,$90,$86,$0,$0,$90,$86,$-3,$84,$23,$60,$60,$60,$94,$86,$61,62,$0.98,$0.97,$98,$0,$0,$463,$41,$4126,$210,$100,$4509,$4973,$2497,$0,$126,$126,$2623,$0,$1851,$159,$2349,$4973,$174,$28,$-6,$22,$-5,$0,$7,$-135,$-134,$61,$0,$0,$0,$-84,$82,$-3,$-11,$-14,$-58,$0,$-58,$0,$0,$-23,$0,$-80,$-33,$6,$-23
25,2012-06-30,28.67,$37.15,0.77,$11.55,2.48,$5.29,5.42,$4.84,5.93,$0.50B,$2.51B,0.2,$0.05B,$2.28B,0.02,$0.71B,$0.43B,60.17%,$0.71B,$0.43B,60.17%,$0.71B,$0.43B,60.17%,$0.71B,$0.47B,65.50%,$0.71B,$0.43B,59.75%,$0.71B,$0.30B,41.94%,$0.30B,$2.28B,13.78%,$0.30B,$2.07B,15.27%,$0.30B,$5.00B,5.97%,$0.43B,$2.33B,19.32%,$164,$83,$80,$0,$0,$83,$80,$-1,$80,$21,$58,$58,$58,$90,$80,$61,62,$0.95,$0.95,$132,$0,$0,$499,$41,$4101,$211,$96,$4497,$4996,$2513,$50,$155,$204,$2718,$0,$1799,$140,$2278,$4996,$114,$20,$-1,$19,$8,$0,$-13,$-94,$-99,$33,$0,$0,$0,$-72,$55,$-16,$2,$-14,$0,$0,$0,$0,$0,$-15,$-2,$-17,$2,$5,$-15
26,2012-03-31,28.27,$36.16,0.78,$11.73,2.41,$5.62,5.03,$4.79,5.9,$0.51B,$2.60B,0.2,$0.05B,$2.22B,0.02,$0.72B,$0.43B,58.98%,$0.72B,$0.43B,58.98%,$0.72B,$0.43B,58.98%,$0.72B,$0.46B,63.95%,$0.72B,$0.42B,58.43%,$0.72B,$0.30B,40.88%,$0.30B,$2.22B,14.15%,$0.30B,$2.01B,15.76%,$0.30B,$5.03B,5.94%,$0.43B,$2.27B,19.93%,$181,$105,$76,$0,$0,$105,$76,$-1,$75,$20,$56,$56,$56,$86,$76,$61,62,$0.91,$0.90,$120,$0,$0,$507,$40,$4125,$212,$95,$4527,$5033,$2599,$50,$167,$217,$2817,$0,$1748,$133,$2217,$5033,$56,$10,$-6,$4,$-10,$0,$23,$-41,$-28,$28,$0,$0,$0,$-25,$-6,$-31,$3,$-28,$0,$0,$0,$0,$0,$-8,$-2,$-10,$-10,$2,$-8
27,2011-12-31,25.54,$35.42,0.72,$11.62,2.2,$5.57,4.58,$4.67,5.47,$0.50B,$2.58B,0.2,$0.05B,$2.16B,0.02,$0.72B,$0.42B,58.30%,$0.72B,$0.42B,58.30%,$0.72B,$0.42B,58.30%,$0.72B,$0.45B,63.32%,$0.72B,$0.42B,57.88%,$0.72B,$0.29B,40.17%,$0.29B,$2.16B,14.33%,$0.29B,$1.95B,16.06%,$0.29B,$5.00B,5.81%,$0.42B,$2.21B,20.29%,$206,$-3,$209,$0,$0,$-3,$209,$-1,$208,$68,$141,$141,$141,$218,$209,$61,62,$2.31,$2.27,$130,$0,$0,$502,$40,$4091,$213,$95,$4496,$4999,$2581,$50,$204,$253,$2834,$0,$1700,$130,$2164,$4999,$287,$36,$4,$40,$31,$0,$-35,$-161,$-165,$159,$0,$0,$0,$20,$-56,$-36,$-14,$-50,$-0,$0,$-0,$-21,$-21,$-8,$-1,$-30,$80,$7,$-8
28,2011-09-30,22.97,$33.11,0.69,$11.15,2.06,$5.15,4.46,$4.03,5.7,$0.55B,$2.78B,0.2,$0.05B,$2.02B,0.03,$0.70B,$0.36B,51.72%,$0.70B,$0.36B,51.72%,$0.70B,$0.36B,51.72%,$0.70B,$0.39B,56.61%,$0.70B,$0.36B,51.44%,$0.70B,$0.25B,35.78%,$0.25B,$2.02B,12.89%,$0.25B,$1.81B,14.53%,$0.25B,$4.99B,5.06%,$0.36B,$2.07B,18.15%,$162,$98,$64,$0,$0,$98,$64,$-1,$63,$19,$44,$44,$44,$73,$64,$61,62,$0.72,$0.71,$126,$0,$0,$550,$41,$4047,$214,$89,$4439,$4989,$2781,$50,$136,$186,$2967,$0,$1567,$122,$2022,$4989,$146,$27,$25,$52,$-17,$0,$22,$-96,$-92,$106,$0,$0,$0,$50,$-55,$-5,$-5,$-9,$0,$0,$0,$-21,$-21,$0,$-1,$-23,$75,$5,$0
29,2011-06-30,22.25,$32.14,0.69,$11.35,1.96,$5.12,4.35,$4.13,5.39,$0.50B,$2.76B,0.18,$0.05B,$1.97B,0.03,$0.72B,$0.37B,51.05%,$0.72B,$0.37B,51.05%,$0.72B,$0.37B,51.05%,$0.72B,$0.40B,55.52%,$0.72B,$0.36B,50.77%,$0.72B,$0.26B,35.80%,$0.26B,$1.97B,13.61%,$0.26B,$1.75B,15.20%,$0.26B,$4.93B,5.26%,$0.37B,$2.02B,18.89%,$175,$97,$78,$0,$0,$97,$78,$-1,$77,$22,$55,$55,$55,$86,$78,$61,62,$0.90,$0.90,$101,$0,$0,$503,$43,$4005,$217,$98,$4423,$4927,$2755,$51,$154,$205,$2960,$0,$1531,$99,$1966,$4927,$103,$18,$11,$29,$1,$0,$-7,$-73,$-79,$53,$0,$0,$0,$22,$3,$25,$-10,$15,$0,$0,$0,$-15,$-15,$0,$-3,$-18,$50,$4,$0
30,2011-03-31,20.14,$30.82,0.65,$10.99,1.83,$5.42,3.72,$3.86,5.22,$0.47B,$2.79B,0.17,$0.05B,$1.89B,0.03,$0.70B,$0.35B,49.57%,$0.70B,$0.35B,49.57%,$0.70B,$0.35B,49.57%,$0.70B,$0.38B,53.99%,$0.70B,$0.35B,49.43%,$0.70B,$0.24B,34.33%,$0.24B,$1.89B,13.11%,$0.24B,$1.67B,14.50%,$0.24B,$4.91B,5.00%,$0.35B,$1.94B,18.42%,$174,$106,$67,$0,$0,$106,$67,$-1,$67,$19,$48,$48,$48,$77,$67,$61,62,$0.78,$0.78,$60,$0,$0,$469,$44,$4008,$219,$93,$4437,$4905,$2794,$51,$175,$226,$3020,$0,$1476,$75,$1885,$4905,$48,$9,$12,$21,$-3,$0,$20,$-60,$-43,$25,$0,$0,$0,$17,$-34,$-17,$18,$1,$0,$0,$0,$-15,$-15,$0,$-2,$-17,$9,$2,$0
31,2010-12-31,19.26,$30.17,0.64,$10.68,1.8,$5.75,3.35,$3.66,5.26,$0.45B,$2.78B,0.16,$0.05B,$1.86B,0.03,$0.69B,$0.34B,48.41%,$0.69B,$0.34B,48.41%,$0.69B,$0.34B,48.41%,$0.69B,$0.36B,52.31%,$0.69B,$0.33B,48.12%,$0.69B,$0.23B,33.38%,$0.23B,$1.86B,12.79%,$0.23B,$1.63B,13.98%,$0.23B,$4.88B,4.84%,$0.34B,$1.91B,18.04%,$185,$34,$151,$0,$0,$34,$151,$-1,$151,$48,$102,$102,$102,$158,$151,$64,64,$1.63,$1.61,$51,$0,$0,$454,$44,$3990,$221,$81,$4421,$4875,$2782,$51,$186,$237,$3019,$0,$1428,$79,$1856,$4875,$232,$27,$-16,$11,$12,$0,$-19,$-86,$-94,$139,$0,$0,$-200,$39,$144,$182,$-5,$-22,$-0,$0,$-0,$-106,$-106,$0,$0,$-107,$10,$6,$0
32,2010-09-30,18.31,$29.45,0.62,$10.57,1.73,$4.72,3.88,$3.31,5.53,$0.44B,$2.77B,0.16,$0.05B,$1.82B,0.03,$0.69B,$0.31B,44.86%,$0.69B,$0.31B,44.86%,$0.69B,$0.31B,44.86%,$0.69B,$0.34B,48.48%,$0.69B,$0.31B,44.43%,$0.69B,$0.21B,30.97%,$0.21B,$1.82B,12.10%,$0.21B,$1.69B,13.07%,$0.21B,$4.77B,4.54%,$0.31B,$1.87B,17.04%,$181,$112,$69,$0,$0,$112,$69,$-1,$68,$17,$51,$51,$51,$76,$69,$63,64,$0.81,$0.80,$48,$0,$0,$442,$44,$3998,$131,$95,$4329,$4771,$2774,$51,$128,$180,$2953,$0,$1326,$133,$1818,$4771,$130,$20,$-8,$12,$-1,$0,$5,$-44,$-40,$109,$0,$0,$0,$-135,$128,$-7,$2,$-5,$0,$0,$0,$-94,$-94,$0,$-2,$-96,$8,$5,$0
33,2010-06-30,18.04,$28.15,0.64,$10.51,1.72,$3.27,5.52,$3.34,5.4,$0.43B,$2.76B,0.15,$0.05B,$1.79B,0.03,$0.69B,$0.32B,46.75%,$0.69B,$0.32B,46.75%,$0.69B,$0.32B,46.75%,$0.69B,$0.35B,50.07%,$0.69B,$0.32B,45.89%,$0.69B,$0.22B,31.46%,$0.22B,$1.79B,12.63%,$0.22B,$1.66B,13.67%,$0.22B,$4.74B,4.65%,$0.32B,$1.84B,18.24%,$162,$100,$61,$0,$0,$100,$61,$-1,$61,$20,$40,$40,$40,$68,$61,$65,65,$0.63,$0.62,$45,$0,$0,$425,$44,$3966,$131,$102,$4312,$4737,$2763,$51,$131,$182,$2945,$0,$1275,$105,$1793,$4737,$78,$13,$12,$25,$12,$0,$-13,$-32,$-33,$76,$0,$0,$0,$-111,$63,$-48,$16,$-32,$0,$0,$0,$-39,$-39,$0,$0,$-39,$5,$3,$0
34,2010-03-31,18.61,$27.04,0.69,$10.68,1.74,$2.31,8.06,$3.52,5.29,$0.44B,$2.80B,0.16,$0.05B,$1.76B,0.03,$0.71B,$0.34B,48.30%,$0.71B,$0.34B,48.30%,$0.71B,$0.34B,48.30%,$0.71B,$0.36B,51.27%,$0.71B,$0.33B,47.31%,$0.71B,$0.23B,32.86%,$0.23B,$1.76B,13.98%,$0.23B,$1.63B,15.17%,$0.23B,$4.71B,4.98%,$0.34B,$1.81B,19.93%,$164,$110,$54,$0,$0,$110,$54,$-1,$53,$15,$38,$38,$38,$60,$54,$65,66,$0.59,$0.58,$49,$0,$0,$436,$44,$3909,$132,$102,$4271,$4706,$2804,$51,$94,$145,$2949,$0,$1235,$72,$1758,$4706,$38,$6,$10,$16,$1,$0,$24,$-25,$-0,$48,$0,$0,$0,$35,$-74,$-39,$0,$-38,$0,$0,$0,$0,$0,$0,$-1,$-1,$8,$1,$0
35,2009-12-31,17.07,$26.30,0.65,$10.13,1.69,$1.70,10.04,$3.36,5.08,$0.44B,$2.78B,0.16,$0.05B,$1.71B,0.03,$0.67B,$0.33B,48.29%,$0.67B,$0.33B,48.29%,$0.67B,$0.33B,48.29%,$0.67B,$0.34B,51.11%,$0.67B,$0.32B,47.25%,$0.67B,$0.22B,32.99%,$0.22B,$1.71B,14.00%,$0.22B,$1.57B,15.15%,$0.22B,$4.65B,4.87%,$0.33B,$1.76B,19.90%,$184,$58,$126,$0,$0,$58,$126,$-1,$125,$40,$85,$85,$85,$131,$126,$66,66,$1.29,$1.29,$41,$0,$0,$436,$44,$3838,$132,$102,$4211,$4647,$2780,$50,$112,$162,$2943,$0,$1196,$59,$1705,$4647,$222,$20,$23,$43,$1,$0,$-1,$-181,$-181,$75,$0,$0,$-125,$269,$-123,$145,$0,$21,$-7,$0,$-7,$-52,$-52,$0,$-0,$-59,$37,$6,$0
36,2009-09-30,16.59,$25.25,0.66,$9.34,1.78,$3.01,5.52,$3.20,5.18,$0.44B,$2.85B,0.15,$0.05B,$1.65B,0.03,$0.63B,$0.31B,49.92%,$0.63B,$0.31B,49.92%,$0.63B,$0.31B,49.92%,$0.63B,$0.33B,52.80%,$0.63B,$0.31B,48.80%,$0.63B,$0.21B,34.08%,$0.21B,$1.65B,14.05%,$0.21B,$1.52B,15.10%,$0.21B,$4.67B,4.77%,$0.31B,$1.70B,20.01%,$183,$99,$83,$0,$0,$99,$83,$-4,$79,$24,$55,$55,$55,$88,$83,$65,66,$0.85,$0.84,$21,$0,$0,$438,$44,$3863,$129,$102,$4231,$4669,$2854,$50,$116,$166,$3020,$0,$1112,$76,$1649,$4669,$137,$14,$28,$42,$-21,$0,$37,$-168,$-153,$16,$0,$0,$-124,$318,$-174,$145,$15,$35,$-7,$10,$2,$-38,$-38,$0,$2,$-34,$17,$5,$0
37,2009-06-30,14.69,$23.36,0.63,$8.32,1.77,$4.90,3.0,$2.69,5.46,$0.41B,$2.88B,0.14,$0.05B,$1.53B,0.04,$0.56B,$0.26B,45.89%,$0.56B,$0.26B,45.89%,$0.56B,$0.26B,45.89%,$0.56B,$0.28B,49.11%,$0.56B,$0.25B,45.18%,$0.56B,$0.18B,32.14%,$0.18B,$1.53B,12.53%,$0.18B,$1.40B,13.38%,$0.18B,$4.60B,4.10%,$0.26B,$1.58B,17.34%,$175,$97,$78,$0,$0,$97,$78,$-1,$77,$23,$54,$54,$54,$83,$78,$66,66,$0.82,$0.81,$13,$0,$0,$414,$43,$3772,$130,$112,$4185,$4598,$2882,$54,$135,$188,$3071,$0,$1057,$9,$1528,$4598,$82,$9,$28,$37,$-4,$0,$12,$-106,$-99,$13,$0,$0,$-124,$229,$-101,$128,$32,$35,$-0,$-3,$-3,$-36,$-36,$0,$0,$-39,$9,$3,$0
38,2009-03-31,14.82,$22.10,0.67,$7.88,1.88,$6.16,2.41,$2.52,5.89,$0.41B,$2.73B,0.15,$0.04B,$1.46B,0.02,$0.54B,$0.24B,44.80%,$0.54B,$0.24B,44.80%,$0.54B,$0.24B,44.80%,$0.54B,$0.26B,47.96%,$0.54B,$0.24B,43.87%,$0.54B,$0.17B,31.41%,$0.17B,$1.46B,12.35%,$0.17B,$1.37B,12.90%,$0.17B,$4.32B,3.90%,$0.24B,$1.50B,16.72%,$131,$93,$38,$0,$0,$93,$38,$-1,$37,$9,$28,$28,$28,$42,$38,$67,67,$0.43,$0.42,$23,$0,$0,$412,$23,$3574,$90,$75,$3910,$4322,$2729,$35,$96,$131,$2860,$0,$999,$-14,$1462,$4322,$28,$4,$12,$16,$-14,$0,$39,$-61,$-36,$8,$0,$0,$-4,$80,$-45,$34,$3,$33,$0,$-3,$-3,$-19,$-19,$0,$0,$-21,$20,$1,$0
39,2008-12-31,16.78,$21.35,0.79,$8.21,2.04,$6.92,2.43,$2.62,6.42,$0.38B,$2.69B,0.14,$0.04B,$1.42B,0.03,$0.57B,$0.26B,44.97%,$0.57B,$0.26B,44.97%,$0.57B,$0.26B,44.97%,$0.57B,$0.27B,47.80%,$0.57B,$0.25B,43.74%,$0.57B,$0.18B,31.22%,$0.18B,$1.42B,13.39%,$0.18B,$1.35B,13.77%,$0.18B,$4.28B,4.05%,$0.26B,$1.46B,17.87%,$136,$23,$113,$0,$0,$23,$113,$-1,$112,$36,$76,$76,$76,$117,$113,$66,69,$1.15,$1.13,$3,$0,$0,$376,$23,$3576,$72,$76,$3905,$4281,$2693,$35,$129,$164,$2857,$0,$971,$-36,$1424,$4281,$178,$17,$54,$70,$93,$0,$-33,$-148,$-87,$168,$0,$0,$0,$-238,$161,$-77,$-18,$-95,$-18,$6,$-13,$-88,$-88,$0,$0,$-100,$-27,$8,$0
40,2008-09-30,17.8,$19.89,0.89,$8.57,2.08,$7.88,2.26,$2.22,8.02,$0.39B,$2.82B,0.14,$0.06B,$1.33B,0.04,$0.60B,$0.22B,36.56%,$0.60B,$0.22B,36.56%,$0.60B,$0.22B,36.56%,$0.60B,$0.24B,39.23%,$0.60B,$0.21B,35.06%,$0.60B,$0.15B,25.38%,$0.15B,$1.33B,11.88%,$0.15B,$1.26B,12.22%,$0.15B,$4.34B,3.45%,$0.22B,$1.39B,15.45%,$118,$90,$28,$0,$0,$90,$28,$-1,$27,$5,$22,$22,$22,$33,$28,$67,68,$0.33,$0.33,$5,$0,$0,$393,$24,$3524,$72,$171,$3948,$4340,$2818,$58,$131,$190,$3007,$0,$895,$-56,$1333,$4340,$101,$12,$60,$73,$8,$0,$-8,$-39,$-39,$145,$0,$0,$0,$-141,$54,$-87,$-8,$-96,$0,$5,$5,$-80,$-80,$0,$0,$-75,$-26,$6,$0
41,2008-06-30,15.29,$20.06,0.76,$9.34,1.64,$8.65,1.77,$2.51,6.1,$0.38B,$2.84B,0.14,$0.16B,$1.26B,0.13,$0.66B,$0.25B,38.48%,$0.66B,$0.25B,38.48%,$0.66B,$0.25B,38.48%,$0.66B,$0.27B,40.76%,$0.66B,$0.24B,36.82%,$0.66B,$0.17B,26.21%,$0.17B,$1.26B,13.88%,$0.17B,$1.26B,14.09%,$0.17B,$4.38B,3.90%,$0.25B,$1.42B,17.96%,$153,$91,$62,$0,$0,$91,$62,$-2,$60,$17,$43,$43,$43,$66,$62,$64,69,$0.68,$0.64,$8,$0,$0,$384,$24,$3674,$0,$186,$3993,$4377,$2839,$164,$119,$283,$3122,$0,$872,$-15,$1255,$4377,$79,$8,$19,$27,$4,$0,$-10,$21,$15,$101,$0,$0,$0,$-100,$12,$-88,$8,$-80,$0,$13,$13,$-63,$-63,$0,$6,$-44,$-22,$5,$0
42,2008-03-31,17.11,$18.97,0.9,$9.63,1.78,$8.50,2.01,$2.40,7.13,$0.45B,$2.93B,0.15,$0.16B,$1.28B,0.13,$0.69B,$0.25B,36.10%,$0.69B,$0.25B,36.10%,$0.69B,$0.25B,36.10%,$0.69B,$0.26B,38.28%,$0.69B,$0.24B,34.35%,$0.69B,$0.17B,24.45%,$0.17B,$1.28B,13.76%,$0.17B,$1.28B,13.97%,$0.17B,$4.47B,3.79%,$0.25B,$1.44B,17.81%,$160,$108,$52,$0,$0,$108,$52,$-2,$49,$13,$36,$36,$36,$55,$52,$64,70,$0.56,$0.52,$11,$0,$0,$446,$24,$3699,$0,$211,$4028,$4474,$2925,$164,$109,$273,$3198,$0,$829,$13,$1276,$4474,$36,$4,$12,$16,$-12,$0,$28,$-15,$2,$61,$0,$0,$0,$-75,$2,$-73,$6,$-67,$0,$14,$14,$-23,$-23,$0,$0,$-10,$-16,$2,$0
43,2007-12-31,17.46,$19.34,0.9,$9.83,1.78,$8.83,1.98,$2.39,7.3,$0.50B,$2.91B,0.17,$0.16B,$1.26B,0.13,$0.71B,$0.25B,35.27%,$0.71B,$0.25B,35.27%,$0.71B,$0.25B,35.27%,$0.71B,$0.27B,37.54%,$0.71B,$0.24B,33.57%,$0.71B,$0.17B,23.80%,$0.17B,$1.26B,14.09%,$0.17B,$1.18B,14.30%,$0.17B,$4.44B,3.79%,$0.25B,$1.42B,18.20%,$168,$92,$77,$0,$0,$92,$77,$-3,$74,$22,$51,$51,$51,$81,$77,$66,72,$0.79,$0.74,$30,$0,$0,$496,$24,$3639,$72,$84,$3945,$4441,$2906,$164,$115,$279,$3186,$0,$793,$10,$1255,$4441,$168,$16,$18,$34,$37,$0,$-13,$-20,$4,$244,$0,$0,$0,$-53,$-132,$-185,$17,$-168,$-15,$1,$-14,$-54,$-54,$0,$2,$-67,$9,$8,$0
44,2007-09-30,17.12,$18.34,0.93,$10.29,1.66,$8.04,2.13,$2.16,7.93,$0.46B,$2.97B,0.15,$0.18B,$1.20B,0.15,$0.73B,$0.23B,30.65%,$0.73B,$0.23B,30.65%,$0.73B,$0.23B,30.65%,$0.73B,$0.24B,32.83%,$0.73B,$0.21B,29.02%,$0.73B,$0.15B,20.84%,$0.15B,$1.20B,13.20%,$0.15B,$1.20B,13.20%,$0.15B,$4.43B,3.47%,$0.23B,$1.38B,17.39%,$179,$116,$63,$0,$0,$116,$63,$-3,$60,$17,$43,$43,$43,$67,$63,$66,71,$0.66,$0.62,$3,$0,$0,$458,$23,$3637,$0,$208,$3976,$4434,$2969,$180,$87,$267,$3236,$0,$742,$-9,$1198,$4434,$117,$12,$17,$28,$3,$0,$-6,$14,$11,$207,$0,$0,$0,$-107,$-106,$-213,$17,$-196,$0,$12,$12,$-41,$-41,$0,$2,$-27,$-16,$6,$0
45,2007-06-30,17.7,$17.45,1.01,$10.45,1.69,$7.03,2.52,$2.03,8.74,$0.47B,$2.97B,0.16,$0.18B,$1.15B,0.16,$0.74B,$0.21B,28.36%,$0.74B,$0.21B,28.36%,$0.74B,$0.21B,28.36%,$0.74B,$0.23B,30.65%,$0.74B,$0.20B,26.75%,$0.74B,$0.14B,19.22%,$0.14B,$1.15B,12.66%,$0.14B,$1.15B,12.66%,$0.14B,$4.39B,3.26%,$0.21B,$1.33B,16.69%,$180,$124,$56,$0,$0,$124,$56,$-3,$53,$15,$38,$38,$38,$60,$56,$66,72,$0.57,$0.53,$10,$0,$0,$468,$23,$3559,$0,$223,$3926,$4394,$2973,$179,$87,$267,$3240,$0,$699,$-28,$1154,$4394,$74,$8,$13,$21,$7,$0,$-8,$34,$33,$95,$0,$0,$0,$-107,$10,$-97,$-4,$-101,$0,$11,$11,$-17,$-17,$0,$2,$-4,$-10,$4,$0
46,2007-03-31,16.26,$17.46,0.93,$10.51,1.55,$6.34,2.57,$1.95,8.36,$0.50B,$3.03B,0.16,$0.18B,$1.16B,0.15,$0.74B,$0.20B,27.10%,$0.74B,$0.20B,27.10%,$0.74B,$0.20B,27.10%,$0.74B,$0.22B,29.54%,$0.74B,$0.19B,25.47%,$0.74B,$0.14B,18.29%,$0.14B,$1.16B,12.63%,$0.14B,$1.16B,12.63%,$0.14B,$4.46B,3.19%,$0.20B,$1.34B,16.67%,$179,$126,$53,$0,$0,$126,$53,$-3,$50,$14,$36,$36,$36,$57,$53,$67,72,$0.54,$0.51,$1,$0,$0,$498,$23,$3614,$0,$213,$3959,$4457,$3033,$179,$81,$261,$3293,$0,$661,$2,$1164,$4457,$36,$4,$8,$12,$-10,$0,$35,$28,$53,$87,$0,$0,$0,$-144,$23,$-121,$6,$-115,$0,$0,$0,$0,$0,$0,$0,$0,$-28,$2,$0
47,2006-12-31,15.87,$16.81,0.94,$10.65,1.49,$6.83,2.32,$3.46,4.59,$0.51B,$2.97B,0.17,$0.00B,$1.12B,0.0,$0.74B,$0.19B,25.51%,$0.74B,$0.19B,25.51%,$0.74B,$0.19B,25.51%,$0.74B,$0.21B,28.09%,$0.74B,$0.18B,23.88%,$0.74B,$0.24B,32.02%,$0.24B,$1.12B,23.58%,$0.24B,$1.12B,23.58%,$0.24B,$4.34B,5.78%,$0.19B,$1.12B,16.65%,$196,$143,$53,$0,$0,$143,$53,$-3,$50,$14,$36,$36,$36,$57,$53,$64,70,$0.50,$0.47,$29,$0,$0,$513,$23,$3492,$0,$202,$3830,$4343,$2967,$0,$78,$257,$3224,$0,$622,$0,$1119,$4343,$236,$19,$-157,$-138,$25,$0,$-47,$157,$135,$183,$0,$0,$0,$-85,$-472,$-558,$366,$-192,$0,$0,$0,$0,$0,$0,$1,$1,$-7,$5,$0
