,Date,Stock Price,Book Value per Share,Price to Book Ratio,TTM Sales per Share,Price to Sales Ratio,TTM FCF per Share,Price to FCF Ratio,TTM Net EPS,PE Ratio,Current Assets,Current Liabilities,Current Ratio,Long Term Debt,Shareholder's Equity_x,Debt to Equity Ratio,TTM Revenue_x,TTM Gross Profit,Gross Margin,TTM Revenue_y,TTM Operating Income,Operating Margin,TTM Revenue_x,TTM EBIT,EBIT Margin,TTM Revenue_y,TTM EBITDA,EBITDA Margin,TTM Revenue_x,TTM Pre-Tax Income,Pre-Tax Margin,TTM Revenue_y,TTM Net Income_x,Net Margin,TTM Net Income_y,Shareholder's Equity_y,Return on Equity,TTM Net Income_x,Tangible Equity,Return on Tangible Equity,TTM Net Income_y,Total Assets,Return on Assets,TTM Net Income,LT Investments & Debt,Return on Investment,revenue,cost-goods-sold,gross-profit,research-development-expenses,selling-general-administrative-expenses,operating-expenses,operating-income,total-non-operating-income-expense,pre-tax-income,total-provision-income-taxes,income-after-taxes,income-from-continuous-operations,net-income,ebitda,ebit,basic-shares-outstanding,shares-outstanding,eps-basic-net-earnings-per-share,eps-earnings-per-share-diluted,cash-on-hand,inventory,other-current-assets,total-current-assets,net-property-plant-equipment,long-term-investments,goodwill-intangible-assets-total,other-long-term-assets,total-long-term-assets,total-assets,total-current-liabilities,long-term-debt,other-non-current-liabilities,total-long-term-liabilities,total-liabilities,common-stock-net,retained-earnings-accumulated-deficit,comprehensive-income,total-share-holder-equity,total-liabilities-share-holders-equity,net-income-loss,total-depreciation-amortization-cash-flow,other-non-cash-items,total-non-cash-items,change-in-accounts-receivable,change-in-inventories,change-in-accounts-payable,change-in-assets-liabilities,total-change-in-assets-liabilities,cash-flow-from-operating-activities,net-change-in-property-plant-equipment,net-change-in-intangible-assets,net-acquisitions-divestitures,net-change-in-short-term-investments,net-change-in-long-term-investments,net-change-in-investments-total,investing-activities-other,cash-flow-from-investing-activities,net-long-term-debt,net-current-debt,debt-issuance-retirement-net-total,net-common-equity-issued-repurchased,net-total-equity-issued-repurchased,total-common-preferred-stock-dividends-paid,financial-activities-other,cash-flow-from-financial-activities,net-cash-flow,stock-based-compensation,common-stock-dividends-paid
0,2018-09-30,36.0,$25.33,1.42,$19.01,1.89,$1.57,23.0,$3.04,11.84,$2.95B,$2.37B,1.24,$0.00B,$1.15B,0.0,$0.87B,$0.87B,100.00%,$0.87B,$0.21B,24.02%,$0.87B,$0.21B,24.02%,$0.87B,$0.26B,29.68%,$0.87B,$0.09B,10.62%,$0.87B,$0.14B,15.94%,$0.14B,$1.15B,12.01%,$0.14B,$0.61B,22.94%,$0.14B,$3.66B,3.77%,$0.21B,$1.15B,18.09%,$218,$0,$218,$0,$154,$173,$44,$-30,$14,$2,$13,$13,$10,$54,$44,$45,45,$0.22,$0.22,$114,$0,$0,$2952,$55,$22,$536,$27,$705,$3657,$2373,$0,$8,$136,$2509,$0,$1258,$-213,$1148,$3657,$57,$31,$-42,$-11,$0,$0,$-1,$6,$22,$68,$-17,$0,$0,$0,$-4,$-4,$-42,$-63,$34,$-12,$22,$0,$0,$0,$-18,$4,$-6,$7,$0
1,2018-06-30,38.55,$25.11,1.54,$18.66,2.07,$0.18,213.57,$3.16,12.2,$2.83B,$2.30B,1.23,$0.00B,$1.14B,0.0,$0.85B,$0.85B,100.00%,$0.85B,$0.22B,25.68%,$0.85B,$0.22B,25.68%,$0.85B,$0.27B,31.45%,$0.85B,$0.11B,12.49%,$0.85B,$0.14B,16.96%,$0.14B,$1.14B,12.76%,$0.14B,$0.60B,25.10%,$0.14B,$3.60B,3.99%,$0.22B,$1.14B,19.32%,$219,$0,$219,$0,$143,$163,$55,$-30,$25,$4,$22,$22,$20,$65,$55,$45,45,$0.43,$0.43,$72,$0,$0,$2829,$53,$81,$539,$32,$766,$3595,$2301,$0,$8,$157,$2458,$0,$1248,$-209,$1137,$3595,$45,$20,$-31,$-10,$0,$0,$0,$-1,$-8,$27,$-11,$0,$0,$0,$-12,$-12,$14,$-9,$-28,$-8,$-36,$0,$0,$0,$-16,$-52,$-49,$5,$0
2,2018-03-31,38.0,$25.96,1.46,$18.20,2.09,$-0.63,0.0,$2.98,12.75,$2.89B,$2.35B,1.23,$0.00B,$1.18B,0.0,$0.83B,$0.83B,100.00%,$0.83B,$0.21B,25.42%,$0.83B,$0.21B,25.42%,$0.83B,$0.26B,31.33%,$0.83B,$0.11B,12.77%,$0.83B,$0.14B,16.39%,$0.14B,$1.18B,12.41%,$0.14B,$0.61B,25.20%,$0.14B,$3.70B,3.83%,$0.21B,$1.18B,19.26%,$223,$0,$223,$0,$148,$170,$54,$-24,$29,$6,$23,$23,$21,$64,$54,$45,45,$0.47,$0.47,$101,$0,$0,$2893,$54,$88,$567,$38,$806,$3700,$2353,$0,$15,$171,$2524,$0,$1229,$-156,$1175,$3700,$23,$10,$-9,$2,$0,$0,$-3,$3,$9,$34,$-8,$0,$0,$0,$-14,$-14,$43,$21,$-49,$-6,$-56,$0,$0,$0,$-15,$-71,$-19,$2,$0
3,2017-12-31,33.2,$25.17,1.32,$17.71,1.88,$-0.56,0.0,$3.54,9.38,$2.93B,$2.37B,1.24,$0.00B,$1.14B,0.0,$0.81B,$0.81B,100.00%,$0.81B,$0.21B,25.80%,$0.81B,$0.21B,25.80%,$0.81B,$0.26B,31.70%,$0.81B,$0.16B,19.41%,$0.81B,$0.16B,20.02%,$0.16B,$1.14B,15.57%,$0.16B,$0.59B,32.65%,$0.16B,$3.70B,4.76%,$0.21B,$1.14B,20.06%,$206,$0,$206,$0,$130,$150,$55,$-31,$24,$-64,$89,$89,$87,$74,$55,$46,46,$1.92,$1.92,$121,$0,$0,$2930,$49,$78,$550,$33,$768,$3698,$2371,$0,$9,$190,$2560,$0,$1212,$-179,$1138,$3698,$169,$47,$-183,$-136,$0,$0,$3,$-6,$-32,$1,$-23,$0,$93,$0,$3,$3,$-354,$-280,$350,$13,$363,$-45,$-45,$0,$-23,$296,$26,$0,$0
4,2017-09-30,28.65,$23.55,1.22,$16.57,1.73,$1.90,15.1,$1.24,23.1,$2.71B,$2.15B,1.26,$0.00B,$1.06B,0.0,$0.76B,$0.76B,100.00%,$0.76B,$0.16B,21.23%,$0.76B,$0.16B,21.23%,$0.76B,$0.20B,25.82%,$0.76B,$0.11B,14.68%,$0.76B,$0.06B,7.60%,$0.06B,$1.06B,5.85%,$0.06B,$0.50B,12.90%,$0.06B,$3.46B,1.76%,$0.16B,$1.06B,16.33%,$201,$0,$201,$0,$128,$147,$54,$-27,$28,$11,$17,$17,$16,$64,$54,$45,45,$0.34,$0.34,$114,$0,$0,$2706,$36,$76,$564,$37,$754,$3461,$2150,$0,$1,$247,$2397,$0,$1125,$-166,$1064,$3461,$80,$28,$-85,$-57,$0,$0,$1,$-9,$-25,$-2,$-10,$0,$93,$0,$4,$4,$-174,$-87,$156,$10,$166,$-45,$-45,$0,$-22,$99,$19,$6,$0
5,2017-06-30,37.9,$22.25,1.7,$16.91,2.24,$4.47,8.49,$1.64,23.11,$2.63B,$2.09B,1.26,$0.00B,$1.01B,0.0,$0.78B,$0.78B,100.00%,$0.78B,$0.18B,22.32%,$0.78B,$0.18B,22.32%,$0.78B,$0.21B,27.04%,$0.78B,$0.14B,17.47%,$0.78B,$0.08B,9.69%,$0.08B,$1.01B,7.81%,$0.08B,$0.46B,17.94%,$0.08B,$3.36B,2.34%,$0.18B,$1.01B,17.99%,$200,$0,$200,$0,$133,$152,$48,$-24,$25,$11,$14,$14,$12,$58,$48,$46,46,$0.25,$0.25,$93,$0,$0,$2628,$37,$76,$542,$40,$733,$3361,$2093,$0,$3,$263,$2356,$0,$1109,$-204,$1005,$3361,$63,$18,$-81,$-63,$0,$0,$1,$-10,$-15,$-14,$-7,$0,$93,$0,$3,$3,$-145,$-56,$118,$9,$128,$-45,$-45,$0,$-21,$62,$-2,$4,$0
6,2017-03-31,33.15,$21.12,1.57,$17.48,1.9,$6.52,5.09,$2.18,15.21,$2.47B,$1.91B,1.29,$0.00B,$0.98B,0.0,$0.81B,$0.81B,100.00%,$0.81B,$0.20B,24.63%,$0.81B,$0.20B,24.63%,$0.81B,$0.24B,29.31%,$0.81B,$0.17B,20.44%,$0.81B,$0.10B,12.32%,$0.10B,$0.98B,10.47%,$0.10B,$0.45B,25.16%,$0.10B,$3.17B,3.10%,$0.20B,$0.98B,20.94%,$207,$0,$207,$0,$133,$153,$53,$28,$81,$31,$50,$50,$48,$62,$53,$46,47,$1.04,$1.03,$82,$0,$0,$2467,$38,$74,$534,$32,$707,$3174,$1912,$0,$13,$281,$2193,$0,$1098,$-233,$981,$3174,$50,$8,$-48,$-39,$0,$0,$1,$-0,$22,$33,$-3,$0,$89,$0,$-1,$-1,$-41,$45,$-89,$1,$-87,$0,$0,$0,$-3,$-90,$-12,$2,$0
7,2016-12-31,39.1,$19.79,1.98,$17.90,2.18,$6.03,6.49,$1.84,21.25,$2.42B,$1.97B,1.23,$0.00B,$0.92B,0.0,$0.83B,$0.83B,100.00%,$0.83B,$0.22B,26.27%,$0.83B,$0.22B,26.27%,$0.83B,$0.26B,31.20%,$0.83B,$0.13B,16.14%,$0.83B,$0.08B,10.12%,$0.08B,$0.92B,8.96%,$0.08B,$0.39B,22.47%,$0.08B,$3.16B,2.58%,$0.22B,$0.92B,23.26%,$155,$0,$155,$0,$131,$148,$7,$-29,$-22,$-7,$-15,$-15,$-18,$13,$7,$46,46,$-0.38,$-0.39,$94,$0,$0,$2423,$39,$69,$528,$77,$741,$3164,$1965,$0,$15,$282,$2247,$0,$1049,$-252,$917,$3164,$91,$41,$-18,$23,$0,$0,$-2,$18,$-8,$106,$-14,$0,$-60,$0,$1,$1,$-144,$-217,$83,$33,$116,$0,$0,$0,$-21,$94,$23,$0,$0
8,2016-09-30,34.54,$21.32,1.62,$19.31,1.79,$7.95,4.35,$3.08,11.21,$2.52B,$2.02B,1.25,$0.00B,$0.99B,0.0,$0.91B,$0.91B,100.00%,$0.91B,$0.28B,31.16%,$0.91B,$0.28B,31.16%,$0.91B,$0.33B,36.24%,$0.91B,$0.21B,23.43%,$0.91B,$0.14B,15.80%,$0.14B,$0.99B,15.58%,$0.14B,$0.40B,40.08%,$0.14B,$3.28B,4.45%,$0.28B,$0.99B,30.72%,$222,$0,$222,$0,$134,$154,$67,$-14,$53,$17,$37,$37,$34,$79,$67,$46,46,$0.74,$0.74,$92,$0,$0,$2519,$44,$67,$592,$37,$760,$3279,$2015,$0,$5,$276,$2291,$0,$1067,$-200,$988,$3279,$106,$35,$-6,$29,$0,$0,$-1,$11,$-16,$119,$-12,$0,$-67,$0,$10,$10,$-168,$-236,$74,$40,$114,$0,$0,$0,$-21,$93,$20,$0,$0
9,2016-06-30,24.14,$20.18,1.2,$19.26,1.25,$8.00,3.02,$2.70,8.94,$2.56B,$2.07B,1.24,$0.00B,$0.94B,0.0,$0.91B,$0.91B,100.00%,$0.91B,$0.27B,29.50%,$0.91B,$0.27B,29.50%,$0.91B,$0.31B,34.32%,$0.91B,$0.19B,21.16%,$0.91B,$0.13B,13.82%,$0.13B,$0.94B,14.06%,$0.13B,$0.36B,35.85%,$0.13B,$3.31B,4.02%,$0.27B,$0.94B,30.01%,$228,$0,$228,$0,$134,$156,$73,$-19,$54,$17,$37,$37,$36,$84,$73,$46,46,$0.79,$0.79,$117,$0,$0,$2561,$47,$67,$577,$39,$745,$3306,$2074,$0,$20,$296,$2370,$0,$1033,$-214,$935,$3306,$70,$24,$8,$32,$0,$0,$-1,$19,$-18,$83,$-9,$0,$-65,$0,$9,$9,$-177,$-243,$170,$10,$180,$0,$0,$0,$-11,$169,$46,$0,$0
10,2016-03-31,29.39,$19.62,1.5,$19.22,1.53,$8.28,3.55,$2.97,9.9,$2.49B,$2.08B,1.2,$0.00B,$0.91B,0.0,$0.92B,$0.92B,100.00%,$0.92B,$0.29B,30.94%,$0.92B,$0.29B,30.94%,$0.92B,$0.33B,35.61%,$0.92B,$0.22B,23.67%,$0.92B,$0.14B,15.31%,$0.14B,$0.91B,15.90%,$0.14B,$0.35B,39.36%,$0.14B,$3.27B,4.69%,$0.29B,$0.91B,32.13%,$225,$0,$225,$0,$133,$154,$71,$-22,$49,$16,$33,$33,$32,$83,$71,$46,46,$0.69,$0.69,$79,$0,$0,$2490,$48,$71,$557,$87,$779,$3269,$2077,$0,$14,$283,$2360,$0,$996,$-196,$909,$3269,$33,$12,$5,$17,$0,$0,$-2,$-36,$-37,$13,$-6,$0,$-25,$0,$6,$6,$-144,$-170,$151,$6,$157,$0,$0,$0,$-11,$146,$8,$0,$0
11,2015-12-31,34.69,$18.19,1.91,$19.37,1.79,$9.37,3.7,$3.47,10.0,$2.31B,$1.89B,1.22,$0.00B,$0.84B,0.0,$0.94B,$0.94B,100.00%,$0.94B,$0.31B,32.94%,$0.94B,$0.31B,32.94%,$0.94B,$0.35B,37.19%,$0.94B,$0.26B,27.31%,$0.94B,$0.17B,17.75%,$0.17B,$0.84B,19.33%,$0.17B,$0.32B,47.99%,$0.17B,$2.99B,5.83%,$0.31B,$0.84B,35.88%,$230,$0,$230,$0,$139,$159,$71,$-15,$56,$15,$41,$41,$41,$82,$71,$48,48,$0.88,$0.86,$71,$0,$0,$2306,$45,$74,$519,$33,$685,$2991,$1885,$0,$4,$266,$2151,$0,$964,$-229,$840,$2991,$168,$40,$-16,$24,$0,$0,$1,$-18,$10,$203,$-14,$0,$-1,$0,$14,$14,$-281,$-282,$280,$23,$303,$-166,$-166,$0,$-17,$120,$32,$0,$0
12,2015-09-30,52.92,$18.70,2.83,$19.59,2.7,$10.30,5.14,$3.54,14.95,$2.27B,$1.81B,1.26,$0.00B,$0.90B,0.0,$0.96B,$0.96B,100.00%,$0.96B,$0.35B,36.28%,$0.96B,$0.35B,36.28%,$0.96B,$0.39B,40.33%,$0.96B,$0.29B,30.56%,$0.96B,$0.17B,17.98%,$0.17B,$0.90B,19.67%,$0.17B,$0.38B,48.22%,$0.17B,$2.99B,6.15%,$0.35B,$0.90B,39.68%,$229,$0,$229,$0,$127,$175,$54,$-20,$34,$17,$18,$18,$17,$64,$54,$48,48,$0.36,$0.36,$69,$0,$0,$2274,$46,$76,$527,$61,$711,$2985,$1811,$0,$4,$272,$2083,$0,$1033,$-201,$901,$2985,$127,$30,$4,$34,$0,$0,$-3,$-29,$-36,$125,$-11,$0,$-1,$0,$13,$13,$-217,$-215,$195,$21,$216,$-86,$-86,$0,$-1,$129,$29,$0,$0
13,2015-06-30,62.31,$18.58,3.35,$19.60,3.18,$11.03,5.65,$4.19,14.87,$2.09B,$1.63B,1.28,$0.00B,$0.90B,0.0,$0.97B,$0.97B,100.00%,$0.97B,$0.38B,39.40%,$0.97B,$0.38B,39.40%,$0.97B,$0.42B,43.11%,$0.97B,$0.34B,34.98%,$0.97B,$0.21B,21.30%,$0.21B,$0.90B,23.15%,$0.21B,$0.39B,58.60%,$0.21B,$2.78B,7.51%,$0.38B,$0.90B,42.83%,$237,$0,$237,$0,$130,$148,$89,$-10,$79,$28,$51,$51,$51,$99,$89,$48,49,$1.06,$1.06,$57,$0,$0,$2089,$46,$88,$512,$47,$694,$2784,$1627,$0,$6,$259,$1886,$0,$1016,$-154,$898,$2784,$110,$19,$-3,$16,$0,$0,$-1,$-6,$-30,$96,$-6,$0,$0,$0,$1,$1,$-47,$-52,$54,$7,$61,$-78,$-78,$0,$-1,$-17,$17,$0,$0
14,2015-03-31,54.32,$16.91,3.21,$18.62,2.92,$11.05,4.92,$3.87,14.04,$2.01B,$1.61B,1.25,$0.00B,$0.82B,0.0,$0.93B,$0.93B,100.00%,$0.93B,$0.37B,39.27%,$0.93B,$0.37B,39.27%,$0.93B,$0.40B,42.92%,$0.93B,$0.32B,34.55%,$0.93B,$0.19B,20.82%,$0.19B,$0.82B,21.37%,$0.19B,$0.31B,41.70%,$0.19B,$2.70B,7.81%,$0.37B,$0.82B,40.32%,$245,$0,$245,$0,$131,$149,$96,$-8,$88,$30,$58,$58,$58,$105,$96,$49,49,$1.19,$1.19,$41,$0,$0,$2012,$47,$91,$507,$38,$688,$2701,$1611,$0,$7,$272,$1883,$0,$964,$-179,$817,$2701,$58,$9,$1,$10,$0,$0,$5,$1,$-4,$64,$-3,$0,$0,$0,$-2,$-2,$-12,$-17,$13,$8,$21,$-78,$-78,$0,$4,$-53,$1,$0,$0
15,2014-12-31,57.93,$18.20,3.18,$17.47,3.32,$10.66,5.43,$3.49,16.6,$2.05B,$1.62B,1.27,$0.00B,$0.90B,0.0,$0.88B,$0.88B,100.00%,$0.88B,$0.34B,38.82%,$0.88B,$0.34B,38.82%,$0.88B,$0.37B,42.45%,$0.88B,$0.30B,34.17%,$0.88B,$0.18B,20.09%,$0.18B,$0.90B,19.01%,$0.18B,$0.36B,30.24%,$0.18B,$2.78B,7.98%,$0.34B,$0.90B,36.73%,$251,$0,$251,$0,$127,$141,$110,$-16,$93,$46,$47,$47,$47,$120,$110,$50,50,$0.94,$0.94,$40,$0,$0,$2054,$48,$90,$538,$42,$724,$2779,$1615,$0,$6,$262,$1877,$0,$906,$-116,$902,$2779,$177,$33,$59,$91,$0,$0,$-20,$-6,$-0,$268,$-24,$0,$-1534,$0,$-44,$-44,$571,$-1031,$673,$2,$676,$-33,$-33,$0,$6,$648,$-122,$0,$0
16,2014-09-30,52.23,$19.17,2.72,$16.13,3.24,$9.95,5.25,$3.47,15.05,$2.01B,$1.56B,1.29,$0.00B,$0.96B,0.0,$0.82B,$0.82B,100.00%,$0.82B,$0.31B,38.04%,$0.82B,$0.31B,38.04%,$0.82B,$0.34B,41.60%,$0.82B,$0.28B,34.48%,$0.82B,$0.18B,21.60%,$0.18B,$0.96B,19.07%,$0.18B,$0.35B,25.82%,$0.18B,$2.76B,9.15%,$0.31B,$0.96B,33.60%,$239,$0,$239,$0,$131,$151,$88,$-9,$80,$28,$51,$51,$51,$95,$88,$50,50,$1.02,$1.01,$70,$0,$0,$2014,$46,$0,$607,$86,$744,$2757,$1560,$0,$0,$237,$1798,$1,$859,$-41,$960,$2757,$130,$22,$34,$56,$0,$0,$-16,$-4,$-13,$172,$-17,$0,$-851,$0,$0,$0,$8,$-860,$599,$0,$599,$0,$0,$0,$4,$603,$-92,$0,$0
17,2014-06-30,59.53,$19.02,3.13,$15.30,3.89,$10.06,5.92,$3.39,17.56,$1.51B,$0.52B,2.92,$0.00B,$0.95B,0.0,$0.77B,$0.77B,100.00%,$0.77B,$0.30B,38.89%,$0.77B,$0.30B,38.89%,$0.77B,$0.33B,42.76%,$0.77B,$0.28B,35.66%,$0.77B,$0.17B,22.22%,$0.17B,$0.95B,19.39%,$0.17B,$0.83B,22.40%,$0.17B,$1.70B,10.61%,$0.30B,$0.95B,33.93%,$197,$0,$197,$0,$111,$125,$72,$-11,$61,$24,$38,$38,$38,$80,$72,$50,50,$0.75,$0.74,$271,$0,$0,$1509,$39,$0,$119,$27,$187,$1695,$517,$0,$0,$226,$743,$1,$808,$6,$952,$1695,$78,$16,$22,$38,$-0,$0,$5,$-11,$-8,$109,$-13,$0,$0,$0,$0,$0,$20,$7,$-5,$0,$-5,$0,$0,$0,$4,$-1,$109,$0,$0
18,2014-03-31,57.86,$18.18,3.18,$14.96,3.87,$9.94,5.82,$3.50,16.52,$1.46B,$0.51B,2.85,$0.00B,$0.91B,0.0,$0.76B,$0.76B,100.00%,$0.76B,$0.30B,39.87%,$0.76B,$0.30B,39.87%,$0.76B,$0.33B,43.68%,$0.76B,$0.29B,37.63%,$0.76B,$0.18B,23.42%,$0.18B,$0.91B,21.02%,$0.18B,$0.79B,24.50%,$0.18B,$1.64B,11.39%,$0.30B,$0.91B,31.88%,$194,$0,$194,$0,$110,$122,$72,$-5,$67,$26,$41,$41,$41,$79,$72,$50,50,$0.82,$0.81,$192,$0,$0,$1458,$35,$0,$119,$29,$184,$1643,$512,$0,$0,$221,$732,$1,$770,$4,$910,$1643,$41,$8,$11,$19,$0,$0,$3,$1,$-10,$49,$-6,$0,$0,$0,$0,$0,$-15,$-21,$-3,$0,$-3,$0,$0,$0,$4,$2,$30,$0,$0
19,2013-12-31,52.84,$17.45,3.03,$14.42,3.66,$10.17,5.19,$3.45,15.33,$1.43B,$0.52B,2.73,$0.00B,$0.87B,0.0,$0.74B,$0.74B,100.00%,$0.74B,$0.30B,40.35%,$0.74B,$0.30B,40.35%,$0.74B,$0.33B,44.16%,$0.74B,$0.28B,38.32%,$0.74B,$0.18B,23.91%,$0.18B,$0.87B,21.80%,$0.18B,$0.75B,25.68%,$0.18B,$1.60B,11.75%,$0.30B,$0.87B,29.60%,$185,$0,$185,$0,$92,$107,$78,$-5,$73,$28,$46,$46,$46,$85,$78,$50,51,$0.92,$0.92,$162,$0,$0,$1425,$32,$0,$120,$23,$176,$1601,$522,$0,$0,$210,$732,$0,$730,$4,$869,$1601,$177,$28,$17,$46,$0,$0,$-1,$-11,$3,$225,$-16,$0,$-639,$0,$0,$0,$479,$-176,$147,$0,$147,$-59,$-59,$0,$-8,$80,$129,$0,$0
20,2013-09-30,59.93,$16.42,3.65,$13.79,4.35,$8.48,7.07,$3.24,18.52,$1.38B,$0.52B,2.65,$0.00B,$0.82B,0.0,$0.71B,$0.71B,100.00%,$0.71B,$0.28B,39.57%,$0.71B,$0.28B,39.57%,$0.71B,$0.31B,43.55%,$0.71B,$0.27B,37.87%,$0.71B,$0.17B,23.55%,$0.17B,$0.82B,21.64%,$0.17B,$0.70B,25.84%,$0.17B,$1.55B,11.70%,$0.28B,$0.82B,28.96%,$198,$0,$198,$0,$100,$118,$79,$-4,$75,$26,$49,$49,$47,$87,$79,$50,51,$0.94,$0.93,$109,$0,$0,$1380,$28,$0,$120,$20,$168,$1548,$521,$0,$0,$210,$731,$0,$684,$3,$817,$1548,$131,$21,$9,$30,$-1,$0,$2,$-1,$11,$172,$-10,$0,$0,$0,$0,$0,$-178,$-187,$148,$0,$148,$-59,$-59,$0,$2,$91,$76,$0,$0
21,2013-06-30,51.21,$5.20,9.84,$12.83,3.99,$7.01,7.31,$2.96,17.3,$1.29B,$0.05B,24.17,$0.41B,$0.79B,0.52,$0.66B,$0.66B,100.00%,$0.66B,$0.26B,39.06%,$0.66B,$0.26B,39.06%,$0.66B,$0.28B,43.01%,$0.66B,$0.25B,37.54%,$0.66B,$0.15B,23.10%,$0.15B,$0.79B,20.81%,$0.15B,$0.67B,25.10%,$0.15B,$1.46B,11.47%,$0.26B,$1.21B,25.98%,$183,$0,$183,$0,$98,$109,$74,$-3,$71,$27,$43,$43,$44,$81,$74,$51,51,$0.86,$0.85,$43,$0,$0,$1293,$27,$0,$124,$12,$164,$1457,$54,$414,$0,$612,$665,$1,$636,$-2,$792,$1457,$82,$14,$2,$16,$-0,$0,$-3,$-1,$-1,$97,$-7,$0,$0,$0,$0,$0,$-159,$-165,$86,$0,$86,$-9,$-9,$0,$1,$79,$11,$0,$0
22,2013-03-31,42.31,$14.76,2.87,$10.22,4.14,$5.57,7.6,$2.73,15.5,$1.22B,$0.06B,18.89,$0.37B,$0.75B,0.49,$0.62B,$0.62B,100.00%,$0.62B,$0.24B,38.20%,$0.62B,$0.24B,38.20%,$0.62B,$0.26B,42.22%,$0.62B,$0.23B,36.60%,$0.62B,$0.14B,22.47%,$0.14B,$0.75B,20.28%,$0.14B,$0.63B,24.71%,$0.14B,$1.38B,11.16%,$0.24B,$1.12B,25.89%,$170,$0,$170,$0,$93,$104,$66,$-3,$63,$25,$39,$39,$39,$72,$66,$51,51,$0.76,$0.75,$39,$0,$0,$1218,$25,$0,$125,$14,$165,$1383,$64,$371,$0,$567,$632,$0,$593,$-2,$751,$1383,$39,$6,$1,$7,$1,$0,$1,$-2,$13,$58,$-2,$0,$0,$0,$0,$0,$-92,$-94,$44,$0,$44,$-2,$-2,$0,$1,$43,$6,$0,$0
23,2012-12-31,35.62,$13.97,2.55,$9.61,3.7,$4.85,7.35,$2.47,14.44,$1.12B,$0.38B,3.0,$0.00B,$0.71B,0.0,$0.59B,$0.59B,100.00%,$0.59B,$0.22B,36.42%,$0.59B,$0.22B,36.42%,$0.59B,$0.24B,40.64%,$0.59B,$0.21B,34.91%,$0.59B,$0.13B,21.25%,$0.13B,$0.71B,19.15%,$0.13B,$0.58B,23.60%,$0.13B,$1.29B,10.55%,$0.22B,$0.71B,25.10%,$154,$0,$154,$0,$81,$94,$60,$-2,$58,$22,$36,$36,$36,$67,$60,$51,51,$1.12,$1.11,$33,$0,$0,$1122,$25,$0,$130,$12,$167,$1289,$375,$0,$0,$206,$581,$1,$554,$3,$708,$1289,$126,$26,$-9,$17,$-0,$0,$1,$2,$-12,$131,$-7,$0,$-149,$0,$0,$0,$-49,$-206,$106,$0,$106,$-23,$-23,$0,$-3,$81,$6,$0,$0
24,2012-09-30,34.81,$13.24,2.63,$8.90,3.91,$5.61,6.2,$2.28,15.27,$1.01B,$0.04B,24.11,$0.25B,$0.67B,0.37,$0.56B,$0.56B,100.00%,$0.56B,$0.20B,36.45%,$0.56B,$0.20B,36.45%,$0.56B,$0.23B,40.57%,$0.56B,$0.19B,34.47%,$0.56B,$0.12B,21.01%,$0.12B,$0.67B,18.58%,$0.12B,$0.55B,22.54%,$0.12B,$1.17B,10.27%,$0.20B,$0.92B,22.87%,$151,$0,$151,$0,$84,$93,$57,$-2,$55,$22,$33,$33,$33,$63,$57,$51,51,$0.66,$0.65,$31,$0,$0,$1013,$26,$0,$122,$9,$156,$1170,$42,$251,$0,$457,$499,$0,$518,$2,$670,$1170,$90,$19,$-7,$12,$2,$0,$-1,$-0,$-9,$94,$-5,$0,$-49,$0,$0,$0,$-43,$-97,$29,$0,$29,$-23,$-23,$0,$1,$8,$5,$0,$0
25,2012-06-30,30.42,$12.51,2.43,$8.16,3.73,$6.20,4.91,$2.12,14.35,$1.02B,$0.04B,27.2,$0.29B,$0.63B,0.46,$0.52B,$0.52B,100.00%,$0.52B,$0.19B,36.54%,$0.52B,$0.19B,36.54%,$0.52B,$0.21B,40.77%,$0.52B,$0.18B,34.23%,$0.52B,$0.11B,21.15%,$0.11B,$0.63B,18.20%,$0.11B,$0.51B,21.79%,$0.11B,$1.17B,9.89%,$0.19B,$0.93B,21.97%,$148,$0,$148,$0,$84,$93,$55,$-2,$52,$20,$32,$32,$32,$61,$55,$153,154,$0.21,$0.21,$43,$0,$0,$1018,$26,$0,$122,$8,$156,$1174,$37,$293,$0,$503,$540,$0,$485,$0,$633,$1174,$57,$13,$-3,$10,$1,$0,$-0,$-0,$-13,$54,$-3,$0,$-49,$0,$0,$0,$-36,$-87,$72,$0,$72,$-23,$-23,$0,$1,$50,$16,$0,$0
26,2012-03-31,23.91,$12.05,1.98,$9.42,2.54,$7.50,3.19,$1.99,12.01,$0.98B,$0.04B,23.22,$0.27B,$0.62B,0.43,$0.49B,$0.49B,100.00%,$0.49B,$0.18B,36.76%,$0.49B,$0.18B,36.76%,$0.49B,$0.20B,41.27%,$0.49B,$0.17B,34.70%,$0.49B,$0.10B,21.36%,$0.10B,$0.62B,17.88%,$0.10B,$0.50B,21.10%,$0.10B,$1.14B,9.68%,$0.18B,$0.89B,21.51%,$140,$0,$140,$0,$87,$96,$44,$-3,$42,$17,$25,$25,$25,$50,$44,$52,52,$0.49,$0.49,$28,$0,$0,$982,$26,$0,$125,$9,$160,$1142,$42,$266,$0,$479,$521,$0,$453,$1,$621,$1142,$25,$6,$0,$6,$3,$0,$-4,$1,$-12,$20,$-1,$0,$-49,$0,$0,$0,$-14,$-64,$45,$0,$45,$-2,$-2,$0,$1,$44,$1,$0,$0
27,2011-12-31,22.51,$11.58,1.94,$8.88,2.53,$7.93,2.84,$1.95,11.56,$0.96B,$0.04B,22.53,$0.22B,$0.60B,0.37,$0.46B,$0.46B,100.00%,$0.46B,$0.18B,38.78%,$0.46B,$0.18B,38.78%,$0.46B,$0.20B,43.57%,$0.46B,$0.17B,36.38%,$0.46B,$0.10B,22.22%,$0.10B,$0.60B,18.37%,$0.10B,$0.52B,21.33%,$0.10B,$1.07B,9.77%,$0.18B,$0.82B,21.91%,$118,$0,$118,$0,$62,$71,$47,$-4,$43,$17,$27,$27,$27,$52,$47,$51,52,$0.52,$0.52,$27,$0,$0,$961,$26,$0,$76,$8,$110,$1071,$43,$221,$0,$433,$476,$0,$428,$0,$595,$1071,$101,$21,$28,$48,$1,$0,$4,$-0,$23,$173,$-8,$0,$-400,$0,$0,$0,$304,$-105,$-81,$0,$-81,$0,$0,$0,$-2,$-83,$-14,$0,$0
28,2011-09-30,20.74,$11.07,1.87,$8.59,2.42,$7.39,2.81,$1.83,11.31,$0.96B,$0.03B,38.14,$0.26B,$0.57B,0.46,$0.44B,$0.44B,100.00%,$0.44B,$0.17B,37.78%,$0.44B,$0.17B,37.78%,$0.44B,$0.19B,42.76%,$0.44B,$0.16B,35.75%,$0.44B,$0.10B,21.72%,$0.10B,$0.57B,18.14%,$0.10B,$0.49B,21.29%,$0.10B,$1.06B,9.36%,$0.17B,$0.83B,20.71%,$114,$0,$114,$0,$63,$70,$44,$-3,$41,$16,$25,$25,$26,$49,$44,$51,52,$0.50,$0.49,$30,$0,$0,$956,$23,$0,$76,$9,$108,$1064,$25,$262,$0,$471,$496,$0,$401,$0,$568,$1064,$74,$16,$26,$42,$2,$0,$2,$-1,$7,$123,$-4,$0,$0,$0,$0,$0,$-88,$-92,$-41,$0,$-41,$0,$0,$0,$-2,$-42,$-11,$0,$0
29,2011-06-30,28.26,$10.56,2.68,$8.24,3.43,$6.98,4.05,$1.70,16.63,$0.91B,$0.02B,39.37,$0.25B,$0.54B,0.46,$0.42B,$0.42B,100.00%,$0.42B,$0.16B,36.79%,$0.42B,$0.16B,36.79%,$0.42B,$0.18B,41.75%,$0.42B,$0.15B,34.91%,$0.42B,$0.09B,20.75%,$0.09B,$0.54B,17.45%,$0.09B,$0.47B,20.72%,$0.09B,$1.02B,8.83%,$0.16B,$0.79B,21.79%,$115,$0,$115,$0,$62,$70,$44,$-1,$43,$17,$26,$26,$26,$50,$44,$51,52,$0.50,$0.49,$25,$0,$0,$912,$24,$0,$78,$8,$110,$1022,$23,$252,$0,$456,$479,$0,$376,$0,$542,$1022,$49,$11,$22,$33,$2,$0,$2,$-1,$5,$87,$-2,$0,$0,$0,$0,$0,$-48,$-51,$-51,$0,$-51,$0,$0,$0,$-2,$-52,$-16,$0,$0
30,2011-03-31,28.38,$10.05,2.82,$7.83,3.62,$6.56,4.33,$1.59,17.88,$0.91B,$0.02B,50.56,$0.29B,$0.52B,0.57,$0.40B,$0.40B,100.00%,$0.40B,$0.15B,36.32%,$0.40B,$0.15B,36.32%,$0.40B,$0.17B,41.29%,$0.40B,$0.14B,34.08%,$0.40B,$0.08B,20.40%,$0.08B,$0.52B,17.05%,$0.08B,$0.44B,20.50%,$0.08B,$1.02B,8.46%,$0.15B,$0.81B,20.79%,$112,$0,$112,$0,$62,$69,$43,$-3,$40,$16,$24,$24,$23,$49,$43,$51,52,$0.45,$0.45,$35,$0,$0,$910,$24,$0,$79,$7,$110,$1020,$18,$292,$0,$486,$504,$0,$350,$0,$516,$1020,$24,$6,$14,$20,$2,$0,$4,$1,$-0,$43,$-2,$0,$0,$0,$0,$0,$-36,$-38,$-10,$0,$-10,$0,$0,$0,$-1,$-11,$-6,$0,$0
31,2010-12-31,25.07,$9.58,2.62,$7.38,3.4,$6.29,3.98,$1.44,17.37,$0.88B,$0.02B,37.48,$0.30B,$0.49B,0.62,$0.37B,$0.37B,100.00%,$0.37B,$0.13B,34.58%,$0.37B,$0.13B,34.58%,$0.37B,$0.15B,39.41%,$0.37B,$0.12B,32.44%,$0.37B,$0.07B,19.84%,$0.07B,$0.49B,16.03%,$0.07B,$0.41B,19.45%,$0.07B,$1.00B,7.91%,$0.13B,$0.79B,18.85%,$101,$0,$101,$0,$57,$64,$36,$-2,$34,$13,$21,$21,$21,$41,$36,$50,51,$0.41,$0.41,$41,$0,$0,$884,$24,$0,$80,$8,$112,$996,$24,$302,$0,$482,$505,$0,$327,$0,$491,$996,$74,$17,$47,$64,$0,$0,$-1,$1,$6,$144,$-10,$0,$-23,$0,$0,$0,$-138,$-171,$-18,$0,$-18,$72,$72,$0,$-6,$48,$21,$0,$0
32,2010-09-30,21.55,$9.15,2.36,$6.97,3.09,$5.39,4.0,$1.31,16.45,$0.84B,$0.31B,2.69,$0.00B,$0.47B,0.0,$0.35B,$0.35B,100.00%,$0.35B,$0.12B,33.33%,$0.35B,$0.12B,33.33%,$0.35B,$0.13B,37.97%,$0.35B,$0.11B,31.01%,$0.35B,$0.07B,18.84%,$0.07B,$0.47B,15.38%,$0.07B,$0.39B,18.48%,$0.07B,$0.95B,7.35%,$0.12B,$0.47B,17.69%,$96,$0,$96,$0,$55,$63,$33,$-2,$31,$12,$19,$19,$18,$37,$33,$51,51,$0.36,$0.36,$20,$0,$0,$838,$23,$0,$82,$5,$110,$948,$312,$1,$1,$168,$479,$0,$306,$-0,$468,$948,$53,$12,$34,$47,$1,$0,$2,$-0,$4,$103,$-6,$0,$-23,$0,$0,$0,$-114,$-143,$-31,$0,$-31,$72,$72,$0,$-1,$40,$0,$0,$0
33,2010-06-30,22.26,$8.77,2.54,$6.58,3.38,$4.81,4.63,$1.17,19.08,$0.80B,$0.02B,38.66,$0.29B,$0.45B,0.65,$0.32B,$0.32B,100.00%,$0.32B,$0.10B,31.76%,$0.32B,$0.10B,31.76%,$0.32B,$0.12B,36.48%,$0.32B,$0.09B,29.25%,$0.32B,$0.06B,17.92%,$0.06B,$0.45B,14.77%,$0.06B,$0.37B,17.52%,$0.06B,$0.92B,6.80%,$0.10B,$0.74B,14.63%,$93,$0,$93,$0,$52,$59,$34,$-2,$32,$12,$20,$20,$20,$39,$34,$51,51,$0.38,$0.38,$18,$0,$0,$804,$23,$0,$83,$5,$111,$915,$21,$291,$1,$445,$466,$0,$288,$-0,$449,$915,$34,$8,$22,$30,$1,$0,$1,$0,$3,$67,$-5,$0,$-23,$0,$0,$0,$-82,$-110,$-30,$0,$-30,$72,$72,$0,$-1,$41,$-2,$0,$0
34,2010-03-31,18.29,$8.61,2.12,$6.31,2.9,$4.41,4.14,$1.04,17.59,$0.78B,$0.02B,39.49,$0.30B,$0.44B,0.68,$0.30B,$0.30B,100.00%,$0.30B,$0.09B,29.73%,$0.30B,$0.09B,29.73%,$0.30B,$0.10B,34.12%,$0.30B,$0.08B,27.03%,$0.30B,$0.05B,16.55%,$0.05B,$0.44B,13.96%,$0.05B,$0.36B,16.29%,$0.05B,$0.88B,6.21%,$0.09B,$0.74B,13.42%,$83,$0,$83,$0,$51,$57,$26,$-2,$24,$9,$15,$15,$15,$30,$26,$49,49,$0.30,$0.30,$23,$0,$0,$776,$22,$0,$79,$6,$107,$882,$20,$298,$1,$425,$444,$0,$268,$-0,$438,$882,$15,$3,$9,$13,$0,$0,$1,$-1,$0,$28,$-2,$0,$-23,$0,$0,$0,$-49,$-73,$-23,$0,$-23,$72,$72,$0,$0,$49,$3,$0,$0
35,2009-12-31,14.95,$7.21,2.07,$6.07,2.46,$4.22,3.54,$0.96,15.63,$0.73B,$0.02B,35.92,$0.32B,$0.34B,0.96,$0.28B,$0.28B,100.00%,$0.28B,$0.08B,28.47%,$0.28B,$0.08B,28.47%,$0.28B,$0.09B,33.45%,$0.28B,$0.07B,25.98%,$0.28B,$0.04B,15.66%,$0.04B,$0.34B,13.95%,$0.04B,$0.30B,16.01%,$0.04B,$0.79B,5.98%,$0.08B,$0.66B,13.06%,$73,$0,$73,$0,$45,$51,$22,$-2,$20,$8,$12,$12,$12,$25,$22,$46,46,$0.27,$0.27,$20,$0,$0,$727,$22,$0,$40,$5,$67,$794,$20,$321,$1,$439,$459,$0,$253,$-0,$335,$794,$44,$13,$29,$42,$-1,$0,$1,$-2,$-1,$85,$-5,$0,$-0,$0,$0,$0,$-130,$-134,$52,$0,$52,$2,$2,$0,$1,$55,$6,$0,$0
36,2009-09-30,15.11,$6.93,2.18,$5.95,2.54,$4.12,3.66,$0.92,16.42,$0.69B,$0.02B,37.06,$0.31B,$0.32B,0.96,$0.28B,$0.28B,100.00%,$0.28B,$0.08B,28.36%,$0.28B,$0.08B,28.36%,$0.28B,$0.09B,33.09%,$0.28B,$0.07B,25.45%,$0.28B,$0.04B,15.64%,$0.04B,$0.32B,14.20%,$0.04B,$0.28B,16.43%,$0.04B,$0.76B,6.12%,$0.08B,$0.63B,13.29%,$69,$0,$69,$0,$44,$50,$19,$-2,$17,$7,$10,$10,$10,$22,$19,$46,47,$0.22,$0.22,$20,$0,$0,$694,$22,$0,$41,$3,$66,$760,$19,$308,$1,$419,$438,$0,$241,$-0,$322,$760,$32,$10,$22,$32,$1,$0,$1,$-0,$0,$64,$-3,$0,$-0,$0,$0,$0,$-97,$-100,$40,$0,$40,$2,$2,$0,$1,$42,$6,$0,$0
37,2009-06-30,12.91,$6.69,1.93,$5.97,2.16,$4.16,3.1,$0.95,13.54,$0.65B,$0.02B,41.09,$0.29B,$0.31B,0.94,$0.28B,$0.28B,100.00%,$0.28B,$0.08B,29.09%,$0.28B,$0.08B,29.09%,$0.28B,$0.09B,33.45%,$0.28B,$0.07B,25.82%,$0.28B,$0.04B,16.00%,$0.04B,$0.31B,15.15%,$0.04B,$0.27B,17.64%,$0.04B,$0.72B,6.54%,$0.08B,$0.60B,14.17%,$71,$0,$71,$0,$44,$50,$21,$-2,$19,$8,$12,$12,$12,$24,$21,$46,46,$0.25,$0.25,$16,$0,$0,$652,$22,$0,$41,$4,$67,$719,$16,$292,$0,$394,$410,$0,$231,$-0,$309,$719,$22,$7,$14,$21,$1,$0,$-0,$-1,$-3,$40,$-1,$0,$-0,$0,$0,$0,$-61,$-62,$23,$0,$23,$1,$1,$0,$0,$24,$2,$0,$0
38,2009-03-31,8.95,$6.43,1.39,$5.82,1.54,$4.16,2.15,$0.95,9.42,$0.61B,$0.01B,43.65,$0.27B,$0.30B,0.91,$0.27B,$0.27B,100.00%,$0.27B,$0.08B,29.85%,$0.27B,$0.08B,29.85%,$0.27B,$0.09B,33.96%,$0.27B,$0.07B,26.49%,$0.27B,$0.04B,16.04%,$0.04B,$0.30B,15.45%,$0.04B,$0.26B,17.79%,$0.04B,$0.67B,6.74%,$0.08B,$0.56B,14.87%,$68,$0,$68,$0,$44,$50,$18,$-2,$17,$6,$10,$10,$10,$23,$18,$46,46,$0.22,$0.22,$17,$0,$0,$605,$23,$0,$40,$4,$67,$672,$14,$268,$0,$363,$377,$0,$219,$-0,$296,$672,$10,$4,$6,$10,$-0,$0,$0,$-0,$-4,$16,$-1,$0,$-0,$0,$0,$0,$-13,$-14,$-0,$0,$-0,$0,$0,$0,$-0,$0,$3,$0,$0
39,2008-12-31,11.28,$6.19,1.82,$5.74,1.96,$4.22,2.67,$0.99,11.39,$0.59B,$0.02B,33.5,$0.27B,$0.28B,0.95,$0.26B,$0.26B,100.00%,$0.26B,$0.08B,31.82%,$0.26B,$0.08B,31.82%,$0.26B,$0.09B,34.85%,$0.26B,$0.07B,27.65%,$0.26B,$0.05B,17.05%,$0.05B,$0.28B,16.90%,$0.05B,$0.24B,19.21%,$0.05B,$0.66B,7.43%,$0.08B,$0.55B,16.37%,$67,$0,$67,$0,$41,$47,$20,$-3,$17,$7,$11,$11,$11,$22,$20,$46,46,$0.23,$0.23,$14,$0,$0,$590,$24,$0,$41,$3,$68,$658,$18,$268,$0,$356,$374,$0,$209,$0,$284,$658,$45,$8,$31,$38,$-2,$0,$-1,$-1,$-2,$82,$-6,$0,$-26,$0,$0,$0,$-154,$-186,$100,$0,$100,$1,$1,$0,$0,$101,$-3,$0,$0
40,2008-09-30,16.21,$5.97,2.72,$5.49,2.95,$4.09,3.96,$0.99,16.32,$0.57B,$0.02B,29.2,$0.27B,$0.27B,0.98,$0.25B,$0.25B,100.00%,$0.25B,$0.08B,32.68%,$0.25B,$0.08B,32.68%,$0.25B,$0.09B,35.04%,$0.25B,$0.07B,28.74%,$0.25B,$0.05B,17.72%,$0.05B,$0.27B,17.72%,$0.05B,$0.23B,19.87%,$0.05B,$0.64B,8.03%,$0.08B,$0.54B,17.44%,$69,$0,$69,$0,$42,$47,$21,$-3,$18,$7,$11,$11,$11,$23,$21,$46,46,$0.25,$0.25,$28,$0,$0,$567,$23,$0,$42,$9,$74,$642,$19,$267,$0,$349,$368,$0,$198,$0,$273,$642,$35,$6,$24,$29,$-0,$0,$-0,$0,$2,$66,$-4,$0,$-26,$0,$0,$0,$-125,$-155,$99,$0,$99,$1,$1,$0,$0,$100,$11,$0,$0
41,2008-06-30,12.5,$5.71,2.19,$5.17,2.42,$3.91,3.2,$0.99,12.58,$0.54B,$0.01B,37.93,$0.23B,$0.26B,0.9,$0.24B,$0.24B,100.00%,$0.24B,$0.08B,34.17%,$0.24B,$0.08B,34.17%,$0.24B,$0.09B,36.67%,$0.24B,$0.07B,30.42%,$0.24B,$0.05B,19.17%,$0.05B,$0.26B,19.05%,$0.05B,$0.24B,21.08%,$0.05B,$0.58B,9.26%,$0.08B,$0.50B,19.45%,$64,$0,$64,$0,$38,$42,$21,$-3,$19,$7,$11,$11,$11,$23,$21,$46,46,$0.25,$0.25,$16,$0,$0,$535,$17,$0,$23,$6,$46,$581,$14,$234,$0,$307,$321,$0,$187,$0,$260,$581,$23,$4,$15,$19,$1,$0,$1,$-0,$-1,$41,$-3,$0,$0,$0,$0,$0,$-105,$-108,$66,$0,$66,$0,$0,$0,$0,$67,$-0,$0,$0
42,2008-03-31,14.3,$5.45,2.62,$4.91,2.91,$3.78,3.78,$1.01,14.16,$0.50B,$0.01B,37.33,$0.22B,$0.25B,0.87,$0.23B,$0.23B,100.00%,$0.23B,$0.08B,35.50%,$0.23B,$0.08B,35.50%,$0.23B,$0.09B,38.10%,$0.23B,$0.08B,32.47%,$0.23B,$0.05B,20.78%,$0.05B,$0.25B,19.96%,$0.05B,$0.23B,22.12%,$0.05B,$0.54B,10.95%,$0.08B,$0.47B,22.09%,$64,$0,$64,$0,$39,$42,$22,$-2,$19,$8,$12,$12,$12,$24,$22,$46,46,$0.26,$0.26,$17,$0,$0,$497,$17,$0,$23,$6,$46,$543,$13,$217,$0,$282,$295,$0,$176,$0,$248,$543,$12,$2,$7,$9,$0,$0,$-0,$0,$-1,$20,$-2,$0,$0,$0,$0,$0,$-67,$-69,$49,$0,$49,$0,$0,$0,$0,$49,$0,$0,$0
43,2007-12-31,13.22,$5.17,2.56,$4.62,2.86,$3.79,3.49,$1.02,13.01,$0.43B,$0.02B,28.03,$0.17B,$0.24B,0.71,$0.22B,$0.22B,100.00%,$0.22B,$0.08B,36.65%,$0.22B,$0.08B,36.65%,$0.22B,$0.09B,39.37%,$0.22B,$0.08B,34.84%,$0.22B,$0.05B,22.17%,$0.05B,$0.24B,20.10%,$0.05B,$0.21B,22.30%,$0.05B,$0.48B,12.86%,$0.08B,$0.40B,25.27%,$57,$0,$57,$0,$34,$38,$19,$-2,$17,$7,$11,$11,$11,$19,$19,$47,47,$0.23,$0.24,$17,$0,$0,$430,$16,$0,$24,$6,$46,$476,$15,$168,$0,$226,$241,$0,$164,$0,$235,$476,$48,$6,$27,$32,$-2,$0,$1,$-0,$-0,$80,$-9,$0,$-0,$0,$0,$0,$-184,$-193,$167,$0,$167,$-48,$-48,$-16,$2,$104,$-8,$0,$-16
44,2007-09-30,17.69,$4.92,3.59,$4.43,3.99,$3.37,5.25,$1.02,17.34,$0.34B,$0.01B,26.69,$0.10B,$0.22B,0.45,$0.21B,$0.21B,100.00%,$0.21B,$0.08B,37.56%,$0.21B,$0.08B,37.56%,$0.21B,$0.09B,40.38%,$0.21B,$0.08B,36.62%,$0.21B,$0.05B,23.00%,$0.05B,$0.22B,19.86%,$0.05B,$0.20B,22.05%,$0.05B,$0.39B,14.62%,$0.08B,$0.32B,28.39%,$55,$0,$55,$0,$31,$35,$20,$-1,$18,$7,$12,$12,$12,$22,$20,$46,47,$0.25,$0.25,$14,$0,$0,$344,$15,$0,$24,$4,$44,$387,$13,$100,$0,$151,$164,$0,$153,$0,$223,$387,$38,$6,$18,$24,$0,$0,$-0,$-0,$-0,$61,$-7,$0,$-0,$0,$0,$0,$-100,$-107,$99,$0,$99,$-49,$-49,$-16,$1,$35,$-11,$0,$-16
45,2007-06-30,20.01,$5.33,3.75,$4.25,4.71,$3.05,6.56,$1.00,19.94,$0.31B,$0.01B,29.83,$0.04B,$0.26B,0.15,$0.21B,$0.21B,100.00%,$0.21B,$0.08B,37.86%,$0.21B,$0.08B,37.86%,$0.21B,$0.08B,40.78%,$0.21B,$0.08B,37.86%,$0.21B,$0.05B,23.30%,$0.05B,$0.26B,19.24%,$0.05B,$0.23B,21.38%,$0.05B,$0.35B,15.62%,$0.08B,$0.29B,30.03%,$55,$0,$55,$0,$30,$34,$21,$-0,$21,$8,$13,$13,$13,$23,$21,$48,49,$0.27,$0.27,$15,$0,$0,$306,$14,$0,$24,$4,$42,$348,$10,$38,$0,$82,$92,$0,$141,$0,$256,$348,$26,$4,$11,$15,$0,$0,$-0,$-0,$-3,$38,$-4,$0,$0,$0,$0,$0,$-62,$-66,$37,$0,$37,$-4,$-4,$-16,$1,$18,$-10,$0,$-16
46,2007-03-31,14.61,$5.44,2.69,$4.08,3.58,$2.87,5.09,$0.97,15.12,$0.27B,$0.01B,20.49,$0.00B,$0.26B,0.0,$0.20B,$0.20B,100.00%,$0.20B,$0.08B,38.07%,$0.20B,$0.08B,38.07%,$0.20B,$0.08B,41.12%,$0.20B,$0.08B,38.07%,$0.20B,$0.05B,23.35%,$0.05B,$0.26B,19.09%,$0.05B,$0.24B,21.35%,$0.05B,$0.31B,16.14%,$0.08B,$0.26B,30.99%,$54,$0,$54,$0,$30,$33,$21,$0,$21,$8,$13,$13,$13,$23,$21,$48,48,$0.27,$0.27,$28,$0,$0,$271,$12,$0,$25,$5,$41,$313,$13,$1,$0,$39,$52,$0,$144,$0,$261,$313,$13,$2,$4,$6,$0,$0,$1,$-1,$3,$22,$-2,$0,$0,$0,$0,$0,$-17,$-19,$-0,$0,$-0,$0,$0,$0,$0,$-0,$3,$0,$0
47,2006-12-31,15.28,$5.16,2.96,$3.90,3.91,$2.79,5.48,$0.92,16.55,$0.25B,$0.01B,21.6,$0.00B,$0.25B,0.0,$0.19B,$0.19B,100.00%,$0.19B,$0.07B,38.30%,$0.19B,$0.07B,38.30%,$0.19B,$0.08B,40.96%,$0.19B,$0.07B,38.30%,$0.19B,$0.04B,23.40%,$0.04B,$0.25B,19.28%,$0.04B,$0.22B,21.76%,$0.04B,$0.29B,16.33%,$0.07B,$0.25B,31.41%,$49,$0,$49,$0,$27,$31,$18,$0,$18,$7,$11,$11,$11,$18,$18,$48,48,$0.24,$0.24,$25,$0,$0,$253,$11,$0,$25,$4,$40,$293,$12,$1,$0,$34,$46,$0,$132,$0,$247,$293,$44,$5,$13,$18,$0,$0,$1,$-0,$-3,$59,$-7,$0,$0,$0,$0,$0,$-33,$-40,$-16,$0,$-16,$3,$3,$0,$2,$-11,$9,$0,$0
