,Date,Stock Price,Book Value per Share,Price to Book Ratio,TTM Sales per Share,Price to Sales Ratio,TTM FCF per Share,Price to FCF Ratio,TTM Net EPS,PE Ratio,Current Assets,Current Liabilities,Current Ratio,Long Term Debt,Shareholder's Equity_x,Debt to Equity Ratio,TTM Revenue_x,TTM Gross Profit,Gross Margin,TTM Revenue_y,TTM Operating Income,Operating Margin,TTM Revenue_x,TTM EBIT,EBIT Margin,TTM Revenue_y,TTM EBITDA,EBITDA Margin,TTM Revenue_x,TTM Pre-Tax Income,Pre-Tax Margin,TTM Revenue_y,TTM Net Income_x,Net Margin,TTM Net Income_y,Shareholder's Equity_y,Return on Equity,TTM Net Income_x,Tangible Equity,Return on Tangible Equity,TTM Net Income_y,Total Assets,Return on Assets,TTM Net Income,LT Investments & Debt,Return on Investment,revenue,cost-goods-sold,gross-profit,research-development-expenses,selling-general-administrative-expenses,operating-expenses,operating-income,total-non-operating-income-expense,pre-tax-income,total-provision-income-taxes,income-after-taxes,income-from-continuous-operations,net-income,ebitda,ebit,basic-shares-outstanding,shares-outstanding,eps-basic-net-earnings-per-share,eps-earnings-per-share-diluted,cash-on-hand,inventory,other-current-assets,total-current-assets,net-property-plant-equipment,long-term-investments,goodwill-intangible-assets-total,other-long-term-assets,total-long-term-assets,total-assets,total-current-liabilities,long-term-debt,other-non-current-liabilities,total-long-term-liabilities,total-liabilities,common-stock-net,retained-earnings-accumulated-deficit,comprehensive-income,total-share-holder-equity,total-liabilities-share-holders-equity,net-income-loss,total-depreciation-amortization-cash-flow,other-non-cash-items,total-non-cash-items,change-in-accounts-receivable,change-in-inventories,change-in-accounts-payable,change-in-assets-liabilities,total-change-in-assets-liabilities,cash-flow-from-operating-activities,net-change-in-property-plant-equipment,net-change-in-intangible-assets,net-acquisitions-divestitures,net-change-in-short-term-investments,net-change-in-long-term-investments,net-change-in-investments-total,investing-activities-other,cash-flow-from-investing-activities,net-long-term-debt,net-current-debt,debt-issuance-retirement-net-total,net-common-equity-issued-repurchased,net-total-equity-issued-repurchased,total-common-preferred-stock-dividends-paid,financial-activities-other,cash-flow-from-financial-activities,net-cash-flow,stock-based-compensation,common-stock-dividends-paid
0,2018-09-30,26.65,$11.12,2.4,$14.78,1.8,$3.57,7.47,$0.70,38.07,$0.16B,$0.06B,2.93,$0.12B,$0.36B,0.34,$0.50B,$0.17B,34.40%,$0.50B,$0.03B,5.80%,$0.50B,$0.03B,5.80%,$0.50B,$0.05B,10.20%,$0.50B,$0.03B,5.20%,$0.50B,$0.02B,4.60%,$0.02B,$0.36B,6.28%,$0.02B,$-0.02B,484.21%,$0.02B,$0.55B,4.51%,$0.03B,$0.47B,6.62%,$124,$79,$45,$0,$29,$115,$9,$-1,$8,$2,$6,$6,$6,$15,$9,$33,34,$0.19,$0.19,$45,$0,$2,$161,$7,$0,$372,$10,$388,$549,$55,$119,$20,$139,$194,$0,$145,$-3,$355,$549,$17,$15,$14,$29,$11,$0,$-12,$-3,$-4,$43,$-4,$0,$-21,$0,$0,$0,$0,$-25,$131,$-55,$76,$-52,$-52,$0,$-3,$21,$39,$12,$0
1,2018-06-30,26.37,$11.25,2.34,$14.73,1.79,$3.20,8.25,$0.72,36.63,$0.13B,$0.06B,2.24,$0.06B,$0.37B,0.15,$0.50B,$0.17B,34.00%,$0.50B,$0.03B,6.20%,$0.50B,$0.03B,6.20%,$0.50B,$0.05B,10.40%,$0.50B,$0.03B,5.80%,$0.50B,$0.02B,4.80%,$0.02B,$0.37B,6.50%,$0.02B,$0.01B,223.26%,$0.02B,$0.51B,4.84%,$0.03B,$0.43B,7.26%,$122,$80,$42,$0,$28,$113,$8,$-1,$8,$2,$6,$6,$6,$14,$8,$33,34,$0.18,$0.17,$10,$0,$3,$126,$7,$0,$364,$8,$379,$505,$56,$56,$19,$75,$131,$0,$139,$-2,$374,$505,$11,$10,$9,$20,$12,$0,$-9,$-4,$-1,$30,$-2,$0,$-11,$0,$0,$0,$0,$-13,$0,$1,$1,$-10,$-10,$0,$-3,$-12,$4,$8,$0
2,2018-03-31,22.92,$11.08,2.07,$14.61,1.57,$3.04,7.55,$0.62,36.97,$0.12B,$0.05B,2.72,$0.06B,$0.37B,0.15,$0.50B,$0.17B,33.74%,$0.50B,$0.03B,6.26%,$0.50B,$0.03B,6.26%,$0.50B,$0.05B,10.30%,$0.50B,$0.03B,5.86%,$0.50B,$0.02B,4.04%,$0.02B,$0.37B,5.47%,$0.02B,$0.02B,266.67%,$0.02B,$0.49B,4.06%,$0.03B,$0.43B,7.27%,$121,$79,$42,$0,$29,$114,$7,$-0,$6,$1,$5,$5,$5,$12,$7,$33,34,$0.15,$0.15,$5,$0,$4,$123,$7,$0,$352,$6,$366,$489,$45,$56,$18,$74,$119,$0,$133,$-2,$370,$489,$5,$5,$6,$11,$7,$0,$-12,$-6,$-11,$4,$-1,$0,$0,$0,$0,$0,$0,$-1,$0,$1,$1,$-2,$-2,$0,$-3,$-4,$-1,$4,$0
3,2017-12-31,19.07,$11.02,1.73,$14.26,1.34,$3.31,5.76,$0.55,34.67,$0.13B,$0.06B,2.11,$0.06B,$0.37B,0.15,$0.49B,$0.16B,33.20%,$0.49B,$0.03B,5.98%,$0.49B,$0.03B,5.98%,$0.49B,$0.05B,10.10%,$0.49B,$0.03B,5.77%,$0.49B,$0.02B,3.71%,$0.02B,$0.37B,4.97%,$0.02B,$0.01B,167.44%,$0.02B,$0.50B,3.73%,$0.03B,$0.42B,6.92%,$133,$90,$43,$0,$29,$129,$5,$-0,$4,$-2,$6,$6,$6,$10,$5,$33,34,$0.19,$0.19,$6,$0,$6,$129,$7,$0,$356,$6,$370,$499,$61,$55,$16,$71,$133,$0,$128,$-2,$366,$499,$19,$20,$13,$33,$-3,$0,$5,$2,$3,$55,$-4,$0,$-38,$0,$0,$0,$0,$-42,$-0,$23,$23,$-32,$-32,$0,$-7,$-17,$-4,$14,$0
4,2017-09-30,19.67,$10.96,1.79,$13.76,1.43,$3.45,5.7,$0.47,41.85,$0.12B,$0.04B,2.92,$0.07B,$0.37B,0.18,$0.47B,$0.15B,32.63%,$0.47B,$0.03B,6.36%,$0.47B,$0.03B,6.36%,$0.47B,$0.05B,10.59%,$0.47B,$0.03B,6.36%,$0.47B,$0.02B,3.39%,$0.02B,$0.37B,4.44%,$0.02B,$0.01B,88.89%,$0.02B,$0.49B,3.39%,$0.03B,$0.43B,7.29%,$124,$81,$43,$0,$27,$113,$11,$-0,$11,$4,$7,$7,$7,$16,$11,$33,34,$0.22,$0.21,$2,$0,$2,$117,$7,$0,$360,$6,$374,$491,$40,$65,$19,$84,$124,$0,$122,$-2,$367,$491,$12,$15,$11,$26,$1,$0,$-6,$-3,$-8,$30,$-3,$0,$-38,$0,$0,$0,$0,$-41,$0,$33,$33,$-24,$-24,$0,$-6,$3,$-8,$11,$0
5,2017-06-30,18.64,$10.70,1.74,$13.52,1.38,$3.65,5.11,$0.42,44.38,$0.11B,$0.04B,2.58,$0.07B,$0.36B,0.19,$0.47B,$0.15B,31.48%,$0.47B,$0.03B,5.78%,$0.47B,$0.03B,5.78%,$0.47B,$0.05B,9.85%,$0.47B,$0.03B,5.78%,$0.47B,$0.02B,3.21%,$0.02B,$0.36B,4.14%,$0.02B,$-0.00B,49.18%,$0.02B,$0.49B,3.24%,$0.03B,$0.43B,6.69%,$117,$78,$39,$0,$26,$109,$8,$-1,$8,$5,$2,$2,$2,$13,$8,$33,34,$0.07,$0.07,$6,$0,$3,$113,$8,$0,$363,$6,$378,$491,$44,$68,$20,$88,$132,$0,$115,$-2,$359,$491,$5,$10,$9,$19,$9,$0,$-6,$-1,$1,$25,$-3,$0,$-38,$0,$0,$0,$0,$-41,$-0,$36,$36,$-21,$-21,$0,$-4,$11,$-4,$7,$0
6,2017-03-31,17.36,$10.61,1.64,$13.62,1.27,$3.73,4.65,$0.52,33.38,$0.11B,$0.03B,3.32,$0.04B,$0.36B,0.11,$0.47B,$0.15B,30.80%,$0.47B,$0.03B,5.91%,$0.47B,$0.03B,5.91%,$0.47B,$0.05B,9.92%,$0.47B,$0.03B,5.91%,$0.47B,$0.02B,4.01%,$0.02B,$0.36B,5.23%,$0.02B,$0.03B,44.19%,$0.02B,$0.45B,4.19%,$0.03B,$0.40B,7.06%,$111,$75,$36,$0,$26,$106,$5,$-0,$5,$2,$3,$3,$3,$10,$5,$33,34,$0.08,$0.08,$11,$0,$6,$109,$8,$0,$328,$5,$341,$451,$33,$39,$21,$59,$92,$0,$112,$-2,$358,$451,$3,$5,$5,$10,$17,$0,$-8,$-8,$1,$13,$-1,$0,$-7,$0,$0,$0,$0,$-8,$0,$7,$7,$-8,$-8,$0,$-3,$-5,$1,$4,$0
7,2016-12-31,17.49,$10.61,1.65,$13.94,1.25,$3.44,5.08,$0.60,29.15,$0.12B,$0.05B,2.66,$0.03B,$0.36B,0.09,$0.49B,$0.15B,30.80%,$0.49B,$0.03B,6.37%,$0.49B,$0.03B,6.37%,$0.49B,$0.05B,10.27%,$0.49B,$0.03B,6.37%,$0.49B,$0.02B,4.31%,$0.02B,$0.36B,5.79%,$0.02B,$0.04B,47.46%,$0.02B,$0.46B,4.59%,$0.03B,$0.39B,7.74%,$120,$83,$36,$0,$24,$113,$6,$-0,$6,$3,$4,$4,$4,$11,$6,$34,35,$0.11,$0.09,$10,$0,$5,$122,$9,$0,$320,$5,$334,$457,$46,$32,$19,$51,$97,$0,$110,$-3,$359,$457,$20,$18,$17,$35,$17,$0,$-0,$-9,$8,$63,$-6,$0,$-7,$-0,$0,$-0,$0,$-14,$-0,$-24,$-24,$-18,$-18,$0,$-6,$-48,$1,$14,$0
8,2016-09-30,20.15,$10.75,1.88,$14.42,1.4,$2.98,6.76,$0.71,28.38,$0.12B,$0.04B,3.4,$0.03B,$0.37B,0.08,$0.50B,$0.16B,31.54%,$0.50B,$0.04B,7.19%,$0.50B,$0.04B,7.19%,$0.50B,$0.06B,10.98%,$0.50B,$0.04B,7.19%,$0.50B,$0.03B,4.99%,$0.03B,$0.37B,6.94%,$0.03B,$0.06B,60.98%,$0.03B,$0.45B,5.41%,$0.04B,$0.40B,8.91%,$119,$83,$36,$0,$24,$111,$8,$-0,$8,$2,$6,$6,$6,$12,$8,$34,35,$0.16,$0.16,$9,$0,$2,$122,$10,$0,$315,$4,$328,$450,$36,$28,$15,$43,$79,$0,$106,$-2,$372,$450,$17,$14,$9,$23,$13,$0,$-5,$-7,$1,$40,$-5,$0,$-0,$-1,$0,$-1,$0,$-6,$0,$-28,$-28,$0,$0,$0,$-5,$-33,$1,$10,$0
9,2016-06-30,20.31,$10.51,1.93,$14.56,1.4,$2.67,7.62,$0.77,26.38,$0.13B,$0.04B,2.93,$0.04B,$0.36B,0.1,$0.50B,$0.16B,32.21%,$0.50B,$0.04B,7.95%,$0.50B,$0.04B,7.95%,$0.50B,$0.06B,11.73%,$0.50B,$0.04B,7.75%,$0.50B,$0.03B,5.17%,$0.03B,$0.36B,7.41%,$0.03B,$0.05B,78.79%,$0.03B,$0.46B,5.63%,$0.04B,$0.40B,9.92%,$124,$86,$38,$0,$26,$115,$9,$-0,$9,$3,$6,$6,$6,$14,$9,$34,35,$0.17,$0.17,$9,$0,$2,$125,$10,$0,$318,$4,$332,$456,$43,$36,$14,$50,$93,$0,$100,$-2,$363,$456,$11,$9,$7,$16,$10,$0,$-4,$-4,$2,$29,$-4,$0,$-0,$0,$0,$0,$0,$-4,$-0,$-20,$-20,$0,$0,$0,$-5,$-25,$1,$7,$0
10,2016-03-31,21.72,$10.28,2.11,$14.16,1.53,$2.48,8.77,$0.72,30.17,$0.14B,$0.04B,3.23,$0.06B,$0.36B,0.16,$0.49B,$0.16B,32.65%,$0.49B,$0.04B,7.39%,$0.49B,$0.04B,7.39%,$0.49B,$0.06B,11.29%,$0.49B,$0.04B,7.19%,$0.49B,$0.02B,4.93%,$0.02B,$0.36B,7.03%,$0.02B,$0.04B,92.31%,$0.02B,$0.47B,5.26%,$0.04B,$0.41B,9.01%,$124,$84,$40,$0,$27,$115,$8,$-1,$8,$2,$5,$5,$5,$13,$8,$34,35,$0.16,$0.16,$9,$0,$6,$135,$8,$0,$320,$4,$332,$467,$42,$56,$14,$70,$111,$0,$94,$-2,$356,$467,$5,$5,$4,$9,$4,$0,$-6,$-8,$-10,$4,$-2,$0,$-0,$0,$0,$0,$0,$-2,$0,$0,$0,$0,$0,$0,$-2,$-2,$0,$0,$0
11,2015-12-31,17.12,$10.14,1.69,$13.84,1.24,$2.62,6.54,$0.68,25.18,$0.14B,$0.06B,2.47,$0.06B,$0.35B,0.16,$0.47B,$0.16B,32.70%,$0.47B,$0.04B,7.38%,$0.47B,$0.04B,7.38%,$0.47B,$0.05B,11.39%,$0.47B,$0.03B,6.96%,$0.47B,$0.02B,4.85%,$0.02B,$0.35B,6.92%,$0.02B,$0.03B,113.58%,$0.02B,$0.47B,5.13%,$0.04B,$0.41B,8.89%,$134,$90,$44,$0,$27,$123,$11,$-1,$11,$3,$8,$8,$8,$16,$11,$33,34,$0.23,$0.21,$9,$0,$7,$140,$8,$0,$323,$4,$335,$474,$57,$56,$13,$69,$126,$0,$89,$-2,$349,$474,$23,$18,$14,$32,$4,$0,$-3,$-10,$-10,$45,$-4,$0,$-38,$0,$0,$0,$0,$-42,$-0,$2,$2,$-3,$-3,$0,$-4,$-4,$-2,$13,$0
12,2015-09-30,15.43,$9.92,1.56,$13.75,1.12,$2.25,6.85,$0.65,23.74,$0.13B,$0.04B,3.06,$0.06B,$0.34B,0.18,$0.47B,$0.15B,32.40%,$0.47B,$0.03B,7.30%,$0.47B,$0.03B,7.30%,$0.47B,$0.05B,11.37%,$0.47B,$0.03B,6.65%,$0.47B,$0.02B,4.51%,$0.02B,$0.34B,6.53%,$0.02B,$0.03B,109.09%,$0.02B,$0.45B,4.81%,$0.03B,$0.40B,8.89%,$121,$81,$40,$0,$24,$109,$12,$-1,$11,$4,$7,$7,$7,$16,$12,$33,34,$0.22,$0.22,$9,$0,$3,$128,$8,$0,$311,$4,$323,$451,$42,$61,$12,$73,$114,$0,$81,$-1,$336,$451,$15,$14,$9,$23,$8,$0,$-8,$-11,$-12,$26,$-3,$0,$-27,$0,$0,$0,$0,$-30,$0,$7,$7,$-3,$-3,$0,$-3,$2,$-2,$10,$0
13,2015-06-30,19.24,$9.64,2.0,$13.72,1.4,$1.44,13.37,$0.65,29.6,$0.11B,$0.04B,3.0,$0.06B,$0.33B,0.18,$0.46B,$0.15B,32.68%,$0.46B,$0.03B,7.36%,$0.46B,$0.03B,7.36%,$0.46B,$0.05B,11.69%,$0.46B,$0.03B,6.93%,$0.46B,$0.02B,4.55%,$0.02B,$0.33B,6.72%,$0.02B,$0.02B,125.37%,$0.02B,$0.43B,4.87%,$0.03B,$0.39B,9.02%,$108,$74,$35,$0,$25,$103,$5,$-1,$5,$1,$4,$4,$4,$10,$5,$33,34,$0.12,$0.12,$7,$0,$7,$114,$8,$0,$307,$4,$320,$434,$38,$60,$10,$70,$108,$0,$74,$-1,$325,$434,$8,$9,$5,$15,$22,$0,$-11,$-12,$-2,$21,$-2,$0,$-24,$0,$0,$0,$0,$-26,$0,$6,$6,$-3,$-3,$0,$-3,$1,$-4,$7,$0
14,2015-03-31,20.69,$9.49,2.18,$14.05,1.47,$0.85,24.24,$0.72,28.74,$0.12B,$0.04B,3.07,$0.07B,$0.32B,0.21,$0.47B,$0.15B,32.70%,$0.47B,$0.04B,8.49%,$0.47B,$0.04B,8.49%,$0.47B,$0.06B,12.74%,$0.47B,$0.04B,8.07%,$0.47B,$0.02B,4.88%,$0.02B,$0.32B,7.58%,$0.02B,$0.01B,184.00%,$0.02B,$0.44B,5.37%,$0.04B,$0.39B,10.80%,$111,$75,$36,$0,$24,$104,$7,$-1,$6,$2,$4,$4,$4,$12,$7,$33,34,$0.12,$0.12,$6,$0,$5,$115,$8,$0,$308,$4,$321,$436,$37,$68,$10,$78,$115,$0,$70,$-1,$320,$436,$4,$5,$3,$7,$20,$0,$-11,$-12,$-3,$8,$-1,$0,$-22,$0,$0,$0,$0,$-23,$-0,$14,$13,$-1,$-1,$0,$-2,$10,$-5,$3,$0
15,2014-12-31,18.63,$9.27,2.01,$13.79,1.35,$0.48,39.07,$0.69,27.0,$0.13B,$0.06B,2.39,$0.05B,$0.31B,0.18,$0.46B,$0.15B,32.60%,$0.46B,$0.04B,8.32%,$0.46B,$0.04B,8.32%,$0.46B,$0.06B,12.47%,$0.46B,$0.04B,8.10%,$0.46B,$0.02B,4.81%,$0.02B,$0.31B,7.51%,$0.02B,$0.02B,176.00%,$0.02B,$0.43B,5.32%,$0.04B,$0.36B,10.70%,$126,$85,$40,$0,$25,$116,$10,$-0,$9,$3,$6,$6,$6,$15,$10,$32,33,$0.20,$0.20,$11,$0,$4,$131,$8,$0,$282,$4,$294,$425,$55,$54,$12,$66,$121,$0,$66,$-1,$305,$425,$23,$18,$9,$27,$-27,$0,$14,$-4,$-17,$34,$-7,$0,$-46,$0,$0,$0,$0,$-54,$0,$35,$35,$-6,$-6,$0,$-5,$24,$4,$13,$0
16,2014-09-30,14.99,$9.15,1.64,$13.06,1.15,$0.89,16.88,$0.67,22.37,$0.13B,$0.04B,3.18,$0.08B,$0.30B,0.25,$0.43B,$0.14B,33.18%,$0.43B,$0.04B,8.64%,$0.43B,$0.04B,8.64%,$0.43B,$0.05B,12.62%,$0.43B,$0.04B,8.64%,$0.43B,$0.02B,5.14%,$0.02B,$0.30B,7.82%,$0.02B,$0.02B,129.41%,$0.02B,$0.43B,5.66%,$0.04B,$0.38B,11.04%,$117,$77,$40,$0,$22,$105,$12,$-0,$12,$5,$7,$7,$7,$17,$12,$32,33,$0.23,$0.22,$5,$0,$7,$132,$8,$0,$286,$4,$297,$430,$42,$75,$13,$88,$130,$0,$60,$-1,$300,$430,$17,$13,$8,$21,$-31,$0,$6,$-12,$-37,$1,$-5,$0,$-47,$0,$0,$0,$0,$-52,$0,$56,$56,$-2,$-2,$0,$-4,$50,$-2,$9,$0
17,2014-06-30,19.47,$8.85,2.2,$12.59,1.55,$1.65,11.8,$0.68,28.63,$0.12B,$0.05B,2.54,$0.07B,$0.29B,0.25,$0.41B,$0.14B,33.33%,$0.41B,$0.04B,8.58%,$0.41B,$0.04B,8.58%,$0.41B,$0.05B,12.25%,$0.41B,$0.04B,8.58%,$0.41B,$0.02B,5.39%,$0.02B,$0.29B,8.18%,$0.02B,$0.00B,82.24%,$0.02B,$0.42B,6.16%,$0.04B,$0.36B,11.36%,$117,$79,$38,$0,$22,$105,$11,$-0,$11,$5,$6,$6,$6,$16,$11,$32,33,$0.20,$0.19,$7,$0,$9,$121,$8,$0,$288,$4,$300,$421,$48,$71,$13,$84,$132,$0,$52,$-0,$289,$421,$9,$8,$5,$13,$-15,$0,$5,$-10,$-19,$3,$-4,$0,$-46,$0,$0,$0,$0,$-50,$0,$52,$52,$-2,$-2,$0,$-3,$47,$-0,$6,$0
18,2014-03-31,18.12,$8.60,2.11,$12.05,1.5,$2.05,8.86,$0.63,28.76,$0.10B,$0.03B,3.09,$0.05B,$0.28B,0.18,$0.39B,$0.13B,33.51%,$0.39B,$0.03B,8.31%,$0.39B,$0.03B,8.31%,$0.39B,$0.04B,11.43%,$0.39B,$0.03B,8.05%,$0.39B,$0.02B,5.45%,$0.02B,$0.28B,8.16%,$0.02B,$0.01B,55.26%,$0.02B,$0.38B,6.40%,$0.03B,$0.33B,11.27%,$97,$66,$31,$0,$21,$92,$5,$-0,$5,$2,$3,$3,$3,$9,$5,$31,33,$0.10,$0.09,$5,$0,$6,$100,$8,$0,$265,$4,$276,$377,$32,$50,$17,$67,$99,$0,$46,$-0,$277,$377,$3,$4,$4,$8,$-3,$0,$-1,$-9,$-14,$-3,$-2,$0,$-27,$0,$0,$0,$0,$-28,$0,$31,$31,$-0,$-0,$0,$-1,$29,$-2,$3,$0
19,2013-12-31,23.42,$8.28,2.83,$11.77,1.99,$2.11,11.11,$0.67,34.96,$0.10B,$0.04B,2.51,$0.02B,$0.26B,0.07,$0.37B,$0.12B,33.24%,$0.37B,$0.03B,8.58%,$0.37B,$0.03B,8.58%,$0.37B,$0.04B,11.53%,$0.37B,$0.03B,8.31%,$0.37B,$0.02B,5.90%,$0.02B,$0.26B,8.86%,$0.02B,$0.04B,43.56%,$0.02B,$0.33B,7.30%,$0.03B,$0.28B,12.13%,$97,$64,$33,$0,$20,$89,$9,$0,$9,$3,$6,$6,$6,$12,$9,$30,32,$0.18,$0.17,$7,$0,$7,$95,$8,$0,$219,$4,$231,$326,$38,$19,$9,$28,$66,$0,$43,$-0,$259,$326,$21,$11,$10,$22,$1,$0,$-0,$3,$4,$47,$-8,$0,$-38,$0,$0,$0,$0,$-46,$-0,$16,$16,$-13,$-13,$0,$-2,$1,$1,$11,$0
20,2013-09-30,18.36,$8.12,2.26,$11.38,1.61,$2.08,8.83,$0.64,28.69,$0.10B,$0.03B,2.95,$0.02B,$0.25B,0.06,$0.36B,$0.12B,32.59%,$0.36B,$0.03B,8.36%,$0.36B,$0.03B,8.36%,$0.36B,$0.04B,11.42%,$0.36B,$0.03B,8.08%,$0.36B,$0.02B,5.57%,$0.02B,$0.25B,8.26%,$0.02B,$0.05B,36.70%,$0.02B,$0.30B,6.98%,$0.03B,$0.27B,11.83%,$97,$63,$34,$0,$21,$86,$10,$-0,$10,$3,$7,$7,$7,$13,$10,$30,32,$0.24,$0.23,$5,$0,$5,$96,$8,$0,$196,$4,$208,$304,$32,$16,$5,$21,$54,$0,$37,$-0,$251,$304,$16,$8,$7,$16,$-5,$0,$-2,$1,$-6,$26,$-6,$0,$-20,$0,$0,$0,$0,$-26,$0,$13,$13,$-13,$-13,$0,$-1,$-0,$-0,$8,$0
21,2013-06-30,13.34,$7.87,1.7,$11.10,1.2,$2.07,6.44,$0.57,23.4,$0.10B,$0.04B,2.56,$0.02B,$0.24B,0.08,$0.35B,$0.11B,31.81%,$0.35B,$0.03B,8.02%,$0.35B,$0.03B,8.02%,$0.35B,$0.04B,10.89%,$0.35B,$0.03B,7.45%,$0.35B,$0.02B,5.16%,$0.02B,$0.24B,7.58%,$0.02B,$0.05B,33.18%,$0.02B,$0.31B,6.45%,$0.03B,$0.26B,11.30%,$94,$64,$31,$0,$19,$87,$8,$-0,$7,$3,$5,$5,$5,$10,$8,$30,32,$0.15,$0.14,$5,$0,$4,$96,$9,$0,$198,$3,$210,$306,$38,$20,$5,$25,$63,$0,$30,$-0,$243,$306,$9,$5,$5,$10,$-8,$0,$2,$2,$-3,$15,$-4,$0,$-20,$0,$0,$0,$0,$-24,$0,$18,$18,$-10,$-10,$0,$-1,$7,$-1,$5,$0
22,2013-03-31,11.66,$7.78,1.5,$10.79,1.08,$1.99,5.87,$0.55,21.2,$0.08B,$0.02B,3.73,$0.01B,$0.24B,0.03,$0.34B,$0.11B,31.75%,$0.34B,$0.03B,8.01%,$0.34B,$0.03B,8.01%,$0.34B,$0.04B,10.98%,$0.34B,$0.03B,7.72%,$0.34B,$0.02B,5.04%,$0.02B,$0.24B,7.32%,$0.02B,$0.06B,30.36%,$0.02B,$0.27B,6.35%,$0.03B,$0.25B,11.24%,$85,$59,$26,$0,$18,$80,$5,$0,$5,$1,$4,$4,$4,$8,$5,$30,32,$0.14,$0.13,$4,$0,$4,$82,$6,$0,$178,$4,$187,$269,$22,$6,$2,$8,$30,$0,$26,$-0,$240,$269,$4,$2,$3,$5,$-2,$0,$-1,$-7,$-10,$-1,$-2,$0,$-0,$0,$0,$0,$0,$-3,$0,$3,$3,$-1,$-1,$0,$-0,$2,$-2,$3,$0
23,2012-12-31,11.78,$7.60,1.55,$10.58,1.11,$2.13,5.53,$0.52,22.65,$0.08B,$0.03B,2.83,$0.00B,$0.23B,0.01,$0.33B,$0.10B,31.80%,$0.33B,$0.03B,8.26%,$0.33B,$0.03B,8.26%,$0.33B,$0.04B,11.01%,$0.33B,$0.03B,7.95%,$0.33B,$0.02B,4.89%,$0.02B,$0.23B,7.12%,$0.02B,$0.06B,29.77%,$0.02B,$0.27B,6.16%,$0.03B,$0.24B,11.60%,$83,$57,$26,$0,$16,$76,$7,$-0,$7,$3,$4,$4,$4,$10,$7,$30,31,$0.15,$0.14,$6,$0,$4,$81,$4,$0,$178,$4,$186,$267,$29,$3,$1,$4,$33,$0,$21,$-0,$234,$267,$16,$10,$8,$19,$-1,$0,$2,$3,$5,$39,$-2,$0,$-37,$0,$0,$0,$0,$-39,$0,$3,$3,$-6,$-6,$0,$-1,$-4,$-4,$10,$0
24,2012-09-30,12.07,$7.55,1.6,$10.32,1.17,$1.33,9.1,$0.47,25.68,$0.09B,$0.03B,3.06,$0.01B,$0.23B,0.05,$0.31B,$0.10B,31.53%,$0.31B,$0.03B,7.96%,$0.31B,$0.03B,7.96%,$0.31B,$0.03B,10.51%,$0.31B,$0.02B,7.64%,$0.31B,$0.02B,4.78%,$0.02B,$0.23B,6.94%,$0.02B,$0.05B,27.78%,$0.02B,$0.27B,6.02%,$0.03B,$0.24B,11.20%,$87,$59,$28,$0,$18,$80,$8,$-0,$7,$2,$5,$5,$5,$10,$8,$30,32,$0.17,$0.16,$3,$0,$3,$86,$5,$0,$180,$4,$188,$274,$28,$12,$1,$13,$41,$0,$17,$-0,$233,$274,$12,$7,$7,$14,$-9,$0,$2,$2,$-5,$21,$-1,$0,$-36,$0,$0,$0,$0,$-38,$0,$12,$12,$-0,$-0,$0,$-0,$11,$-6,$7,$0
25,2012-06-30,11.23,$7.31,1.54,$9.93,1.13,$0.69,16.17,$0.43,26.12,$0.08B,$0.03B,3.3,$0.01B,$0.22B,0.06,$0.30B,$0.09B,31.31%,$0.30B,$0.02B,7.74%,$0.30B,$0.02B,7.74%,$0.30B,$0.03B,10.44%,$0.30B,$0.02B,7.74%,$0.30B,$0.01B,4.38%,$0.01B,$0.22B,6.30%,$0.01B,$0.05B,24.41%,$0.01B,$0.26B,5.51%,$0.02B,$0.23B,10.91%,$82,$55,$27,$0,$17,$75,$7,$-0,$7,$3,$4,$4,$4,$9,$7,$29,31,$0.12,$0.12,$4,$0,$3,$83,$4,$0,$168,$5,$178,$261,$25,$13,$1,$14,$39,$0,$12,$-0,$222,$261,$7,$4,$4,$9,$-8,$0,$-1,$3,$-6,$9,$-1,$0,$-26,$0,$0,$0,$0,$-27,$0,$13,$13,$-0,$-0,$0,$-0,$12,$-5,$4,$0
26,2012-03-31,12.01,$7.12,1.69,$9.54,1.26,$0.21,56.36,$0.41,29.29,$0.07B,$0.02B,3.69,$0.01B,$0.21B,0.03,$0.28B,$0.09B,30.96%,$0.28B,$0.02B,7.47%,$0.28B,$0.02B,7.47%,$0.28B,$0.03B,10.32%,$0.28B,$0.02B,7.47%,$0.28B,$0.01B,4.27%,$0.01B,$0.21B,6.07%,$0.01B,$0.05B,22.22%,$0.01B,$0.24B,5.35%,$0.02B,$0.22B,10.54%,$75,$52,$23,$0,$15,$70,$5,$0,$5,$2,$3,$3,$3,$7,$5,$29,30,$0.10,$0.10,$3,$0,$3,$73,$4,$0,$157,$4,$165,$237,$20,$6,$1,$8,$27,$0,$8,$-0,$210,$237,$3,$2,$3,$5,$-2,$0,$-1,$-3,$-6,$2,$-0,$0,$-14,$0,$0,$0,$0,$-15,$0,$6,$6,$-0,$-0,$0,$0,$6,$-7,$2,$0
27,2011-12-31,10.01,$6.92,1.45,$9.02,1.11,$-0.10,0.0,$0.37,27.05,$0.08B,$0.02B,3.19,$0.00B,$0.20B,0.0,$0.26B,$0.08B,30.53%,$0.26B,$0.02B,7.25%,$0.26B,$0.02B,7.25%,$0.26B,$0.03B,9.92%,$0.26B,$0.02B,7.25%,$0.26B,$0.01B,4.20%,$0.01B,$0.20B,5.76%,$0.01B,$0.06B,19.73%,$0.01B,$0.22B,5.10%,$0.02B,$0.20B,9.95%,$70,$49,$21,$0,$13,$65,$5,$0,$5,$2,$3,$3,$3,$7,$5,$28,29,$0.10,$0.09,$10,$0,$3,$75,$3,$0,$142,$3,$149,$224,$24,$0,$1,$1,$25,$0,$5,$-0,$199,$224,$11,$8,$9,$18,$-8,$0,$-2,$-5,$-14,$14,$-3,$0,$-19,$0,$14,$14,$0,$-9,$0,$0,$0,$-8,$-8,$0,$-0,$-9,$-3,$9,$0
28,2011-09-30,7.32,$6.86,1.07,$8.58,0.85,$0.13,57.55,$0.33,22.18,$0.07B,$0.03B,2.74,$0.00B,$0.19B,0.0,$0.25B,$0.08B,30.24%,$0.25B,$0.02B,6.85%,$0.25B,$0.02B,6.85%,$0.25B,$0.02B,9.27%,$0.25B,$0.02B,6.85%,$0.25B,$0.01B,3.63%,$0.01B,$0.19B,4.85%,$0.01B,$0.05B,16.44%,$0.01B,$0.22B,4.25%,$0.02B,$0.19B,9.16%,$70,$48,$22,$0,$14,$64,$6,$0,$6,$2,$3,$3,$3,$8,$6,$28,30,$0.12,$0.12,$2,$0,$5,$71,$4,$0,$144,$3,$150,$221,$26,$0,$2,$2,$28,$0,$3,$-0,$194,$221,$8,$6,$7,$13,$-9,$0,$-3,$-7,$-19,$2,$-3,$0,$-19,$0,$14,$14,$0,$-8,$0,$0,$0,$-6,$-6,$0,$1,$-5,$-11,$0,$0
29,2011-06-30,10.26,$6.70,1.53,$8.16,1.26,$0.64,15.94,$0.29,35.38,$0.08B,$0.03B,3.03,$0.00B,$0.19B,0.0,$0.23B,$0.07B,29.61%,$0.23B,$0.02B,6.44%,$0.23B,$0.02B,6.44%,$0.23B,$0.02B,8.58%,$0.23B,$0.02B,6.44%,$0.23B,$0.01B,3.43%,$0.01B,$0.19B,4.46%,$0.01B,$0.06B,14.16%,$0.01B,$0.22B,3.91%,$0.02B,$0.19B,8.36%,$66,$44,$21,$0,$13,$61,$5,$0,$5,$2,$3,$3,$3,$7,$5,$28,29,$0.10,$0.10,$12,$0,$5,$77,$3,$0,$132,$3,$138,$215,$25,$0,$2,$2,$27,$0,$-1,$-0,$188,$215,$5,$3,$3,$7,$-8,$0,$-3,$-5,$-16,$-4,$-2,$0,$-7,$0,$14,$14,$0,$5,$0,$0,$0,$-2,$-2,$0,$1,$-1,$-0,$4,$0
30,2011-03-31,12.01,$6.56,1.83,$7.82,1.54,$1.17,10.31,$0.26,46.19,$0.07B,$0.02B,4.15,$0.00B,$0.18B,0.0,$0.22B,$0.07B,29.28%,$0.22B,$0.01B,5.86%,$0.22B,$0.01B,5.86%,$0.22B,$0.02B,8.11%,$0.22B,$0.01B,5.86%,$0.22B,$0.01B,3.15%,$0.01B,$0.18B,3.99%,$0.01B,$0.06B,12.28%,$0.01B,$0.20B,3.51%,$0.01B,$0.18B,7.41%,$56,$40,$16,$0,$11,$53,$3,$0,$3,$1,$2,$2,$2,$4,$3,$27,29,$0.07,$0.06,$20,$0,$4,$74,$3,$1,$123,$3,$130,$203,$18,$0,$2,$2,$20,$0,$-4,$-0,$183,$203,$2,$1,$1,$3,$-0,$0,$-3,$-8,$-11,$-7,$-1,$0,$-0,$0,$2,$2,$0,$1,$0,$0,$0,$1,$1,$0,$1,$2,$-3,$2,$0
31,2010-12-31,12.5,$6.50,1.92,$7.58,1.65,$1.58,7.89,$0.23,54.35,$0.08B,$0.03B,2.66,$0.00B,$0.18B,0.0,$0.22B,$0.06B,28.84%,$0.22B,$0.01B,5.58%,$0.22B,$0.01B,5.58%,$0.22B,$0.02B,7.91%,$0.22B,$0.01B,5.58%,$0.22B,$0.01B,2.79%,$0.01B,$0.18B,3.47%,$0.01B,$0.05B,10.67%,$0.01B,$0.21B,3.06%,$0.01B,$0.18B,6.95%,$56,$40,$16,$0,$11,$53,$3,$0,$3,$2,$1,$1,$1,$4,$3,$27,28,$0.05,$0.05,$24,$0,$3,$76,$2,$2,$124,$3,$131,$208,$29,$0,$2,$2,$31,$0,$-5,$-0,$177,$208,$6,$5,$10,$14,$-5,$0,$1,$3,$-2,$19,$-1,$0,$-5,$0,$-4,$-4,$0,$-11,$0,$0,$0,$-13,$-13,$0,$-0,$-14,$-5,$11,$0
32,2010-09-30,9.14,$6.44,1.42,$7.26,1.26,$1.73,5.27,$0.20,45.7,$0.07B,$0.02B,3.11,$0.00B,$0.17B,0.0,$0.21B,$0.06B,28.16%,$0.21B,$0.01B,5.34%,$0.21B,$0.01B,5.34%,$0.21B,$0.02B,7.77%,$0.21B,$0.01B,5.34%,$0.21B,$0.01B,2.91%,$0.01B,$0.17B,3.52%,$0.01B,$0.06B,10.48%,$0.01B,$0.19B,3.15%,$0.01B,$0.17B,6.45%,$55,$38,$16,$0,$12,$51,$4,$0,$4,$1,$2,$2,$2,$5,$4,$27,28,$0.08,$0.08,$21,$0,$1,$67,$2,$7,$113,$4,$126,$193,$22,$0,$1,$1,$23,$0,$-7,$-0,$170,$193,$5,$4,$6,$10,$-4,$0,$1,$3,$-0,$15,$-1,$0,$-2,$0,$-5,$-5,$0,$-8,$0,$0,$0,$-12,$-12,$0,$1,$-11,$-4,$8,$0
33,2010-06-30,8.91,$6.39,1.39,$6.87,1.3,$1.84,4.84,$0.12,74.25,$0.07B,$0.02B,3.23,$0.00B,$0.17B,0.0,$0.20B,$0.05B,27.18%,$0.20B,$0.01B,3.59%,$0.20B,$0.01B,3.59%,$0.20B,$0.01B,6.15%,$0.20B,$0.01B,3.59%,$0.20B,$0.00B,2.05%,$0.00B,$0.17B,2.34%,$0.00B,$0.06B,6.96%,$0.00B,$0.19B,2.12%,$0.01B,$0.17B,4.10%,$55,$39,$17,$0,$12,$52,$3,$0,$3,$1,$2,$2,$2,$5,$3,$27,29,$0.08,$0.07,$22,$0,$1,$67,$2,$9,$114,$4,$128,$194,$21,$0,$1,$1,$22,$0,$-9,$-0,$172,$194,$3,$2,$4,$7,$-3,$0,$-1,$4,$0,$10,$-1,$0,$-2,$0,$-6,$-6,$0,$-8,$0,$0,$0,$-5,$-5,$0,$1,$-5,$-3,$5,$0
34,2010-03-31,11.27,$6.33,1.78,$6.56,1.72,$2.06,5.48,$0.04,281.75,$0.06B,$0.02B,3.84,$0.00B,$0.17B,0.0,$0.19B,$0.05B,25.95%,$0.19B,$0.00B,2.16%,$0.19B,$0.00B,2.16%,$0.19B,$0.01B,4.86%,$0.19B,$0.00B,2.16%,$0.19B,$0.00B,1.08%,$0.00B,$0.17B,1.17%,$0.00B,$0.06B,3.45%,$0.00B,$0.19B,1.07%,$0.00B,$0.17B,2.34%,$49,$35,$13,$0,$10,$47,$2,$0,$2,$1,$1,$1,$1,$3,$2,$27,28,$0.03,$0.03,$23,$0,$1,$63,$1,$7,$115,$3,$127,$190,$16,$0,$1,$1,$18,$0,$-11,$-0,$172,$190,$1,$1,$2,$4,$2,$0,$-0,$-2,$0,$5,$-0,$0,$-2,$0,$-3,$-3,$0,$-5,$0,$0,$0,$-1,$-1,$0,$0,$-1,$-1,$2,$0
35,2009-12-31,8.43,$6.22,1.36,$6.62,1.27,$2.05,4.11,$0.04,210.75,$0.07B,$0.02B,4.32,$0.00B,$0.17B,0.0,$0.19B,$0.05B,25.67%,$0.19B,$0.00B,1.60%,$0.19B,$0.00B,1.60%,$0.19B,$0.01B,4.81%,$0.19B,$0.00B,2.14%,$0.19B,$0.00B,1.07%,$0.00B,$0.17B,1.16%,$0.00B,$0.06B,3.39%,$0.00B,$0.19B,1.07%,$0.00B,$0.17B,1.75%,$47,$35,$12,$0,$10,$46,$2,$0,$2,$1,$1,$1,$1,$3,$2,$28,29,$0.03,$0.03,$24,$0,$2,$65,$1,$4,$112,$3,$119,$185,$15,$0,$1,$1,$16,$0,$-12,$-0,$168,$185,$1,$6,$9,$15,$9,$0,$-1,$-2,$6,$23,$-1,$0,$0,$0,$-10,$-10,$0,$-11,$0,$0,$0,$-17,$-17,$0,$1,$-17,$-5,$10,$0
36,2009-09-30,8.27,$6.31,1.31,$6.83,1.21,$2.06,4.01,$0.05,165.4,$0.07B,$0.01B,5.09,$0.00B,$0.17B,0.0,$0.20B,$0.05B,26.90%,$0.20B,$0.00B,1.02%,$0.20B,$0.00B,1.02%,$0.20B,$0.01B,4.57%,$0.20B,$0.00B,2.03%,$0.20B,$0.00B,1.02%,$0.00B,$0.17B,1.15%,$0.00B,$0.06B,3.36%,$0.00B,$0.19B,1.06%,$0.00B,$0.17B,1.15%,$44,$34,$11,$0,$10,$45,$-0,$0,$-0,$-0,$0,$0,$0,$1,$-0,$27,28,$0.00,$0.00,$29,$0,$2,$69,$1,$0,$113,$2,$117,$185,$14,$0,$1,$1,$15,$0,$-13,$-0,$171,$185,$1,$4,$7,$12,$11,$0,$-1,$-5,$5,$18,$-1,$0,$0,$0,$-4,$-4,$0,$-5,$0,$0,$0,$-12,$-12,$0,$0,$-12,$1,$7,$0
37,2009-06-30,6.99,$6.30,1.11,$7.18,0.97,$1.84,3.81,$0.12,58.25,$0.07B,$0.01B,5.1,$0.00B,$0.17B,0.0,$0.21B,$0.06B,28.91%,$0.21B,$0.01B,2.84%,$0.21B,$0.01B,2.84%,$0.21B,$0.01B,6.64%,$0.21B,$0.01B,3.79%,$0.21B,$0.00B,1.90%,$0.00B,$0.17B,2.28%,$0.00B,$0.06B,6.69%,$0.00B,$0.19B,2.09%,$0.01B,$0.17B,3.42%,$45,$33,$12,$0,$10,$45,$0,$0,$0,$0,$-0,$-0,$-0,$2,$0,$28,28,$-0.01,$-0.01,$31,$0,$2,$71,$2,$0,$114,$2,$117,$188,$14,$0,$1,$1,$15,$0,$-13,$-0,$173,$188,$1,$3,$5,$8,$11,$0,$-2,$-3,$6,$15,$-0,$0,$-0,$0,$0,$0,$0,$-0,$0,$0,$0,$-7,$-7,$0,$0,$-6,$8,$0,$0
38,2009-03-31,5.4,$6.25,0.86,$7.49,0.72,$1.63,3.32,$0.26,20.77,$0.07B,$0.01B,5.12,$0.00B,$0.18B,0.0,$0.23B,$0.07B,30.67%,$0.23B,$0.01B,5.78%,$0.23B,$0.01B,5.78%,$0.23B,$0.02B,9.33%,$0.23B,$0.02B,6.67%,$0.23B,$0.01B,3.56%,$0.01B,$0.18B,4.53%,$0.01B,$0.06B,13.50%,$0.01B,$0.19B,4.12%,$0.01B,$0.18B,7.37%,$51,$38,$13,$0,$11,$50,$1,$0,$2,$1,$1,$1,$1,$3,$1,$28,29,$0.03,$0.03,$25,$0,$3,$72,$2,$0,$115,$1,$118,$190,$14,$0,$1,$1,$15,$0,$-12,$-0,$175,$190,$1,$2,$3,$4,$4,$0,$-0,$-4,$-1,$4,$-0,$0,$-0,$0,$0,$0,$0,$-0,$0,$0,$0,$-3,$-3,$0,$0,$-2,$2,$2,$0
39,2008-12-31,4.78,$6.13,0.78,$7.57,0.63,$1.62,2.96,$0.33,14.48,$0.08B,$0.02B,3.98,$0.00B,$0.18B,0.0,$0.23B,$0.07B,32.03%,$0.23B,$0.02B,7.36%,$0.23B,$0.02B,7.36%,$0.23B,$0.03B,10.82%,$0.23B,$0.02B,7.79%,$0.23B,$0.01B,4.33%,$0.01B,$0.18B,5.69%,$0.01B,$0.06B,17.70%,$0.01B,$0.19B,5.16%,$0.02B,$0.18B,9.67%,$57,$40,$17,$0,$12,$55,$1,$0,$2,$1,$1,$1,$1,$3,$1,$29,30,$0.04,$0.03,$23,$0,$3,$75,$2,$0,$116,$1,$119,$194,$19,$0,$1,$1,$19,$0,$-13,$-0,$175,$194,$10,$7,$8,$15,$3,$0,$0,$-3,$0,$25,$-2,$0,$-1,$0,$0,$0,$0,$-2,$0,$0,$0,$-8,$-8,$0,$0,$-8,$15,$9,$0
40,2008-09-30,6.64,$6.09,1.09,$7.77,0.85,$1.53,4.34,$0.45,14.76,$0.07B,$0.02B,4.42,$0.00B,$0.18B,0.0,$0.24B,$0.08B,33.05%,$0.24B,$0.02B,9.75%,$0.24B,$0.02B,9.75%,$0.24B,$0.03B,13.56%,$0.24B,$0.02B,9.75%,$0.24B,$0.01B,5.93%,$0.01B,$0.18B,8.07%,$0.01B,$0.06B,26.54%,$0.01B,$0.19B,7.26%,$0.02B,$0.18B,13.26%,$58,$39,$19,$0,$13,$54,$4,$-1,$4,$2,$2,$2,$2,$6,$4,$29,30,$0.07,$0.07,$16,$0,$3,$70,$3,$0,$119,$1,$124,$194,$16,$0,$0,$0,$16,$0,$-14,$-0,$178,$194,$9,$5,$3,$9,$1,$0,$-1,$-5,$-5,$13,$-1,$0,$-0,$0,$0,$0,$0,$-1,$0,$0,$0,$-4,$-4,$0,$0,$-4,$7,$7,$0
41,2008-06-30,9.66,$5.98,1.61,$7.61,1.27,$1.44,6.71,$0.53,18.23,$0.07B,$0.02B,3.92,$0.00B,$0.18B,0.0,$0.23B,$0.08B,33.77%,$0.23B,$0.03B,11.69%,$0.23B,$0.03B,11.69%,$0.23B,$0.04B,15.15%,$0.23B,$0.03B,11.69%,$0.23B,$0.02B,7.36%,$0.02B,$0.18B,10.12%,$0.02B,$0.06B,36.36%,$0.02B,$0.20B,8.96%,$0.03B,$0.18B,16.07%,$59,$39,$20,$0,$12,$52,$7,$-0,$7,$3,$4,$4,$4,$9,$7,$30,31,$0.13,$0.13,$18,$0,$4,$73,$3,$0,$120,$2,$125,$198,$19,$0,$0,$1,$20,$0,$-16,$-0,$178,$198,$7,$4,$4,$8,$2,$0,$-0,$-5,$-4,$11,$-1,$0,$-0,$0,$0,$0,$0,$-1,$0,$0,$0,$1,$1,$0,$-0,$1,$10,$5,$0
42,2008-03-31,7.94,$5.79,1.37,$7.45,1.07,$1.31,6.07,$0.53,14.98,$0.06B,$0.02B,3.9,$0.00B,$0.17B,0.0,$0.23B,$0.08B,33.78%,$0.23B,$0.03B,12.00%,$0.23B,$0.03B,12.00%,$0.23B,$0.03B,15.11%,$0.23B,$0.03B,12.00%,$0.23B,$0.02B,7.56%,$0.02B,$0.17B,10.81%,$0.02B,$0.05B,42.77%,$0.02B,$0.19B,9.50%,$0.03B,$0.17B,17.17%,$57,$40,$18,$0,$11,$52,$5,$0,$5,$2,$3,$3,$3,$7,$5,$30,31,$0.10,$0.10,$13,$0,$2,$64,$3,$0,$121,$1,$126,$189,$16,$0,$0,$1,$17,$0,$-20,$-0,$172,$189,$3,$2,$2,$4,$4,$0,$-1,$-5,$-2,$5,$-0,$0,$-0,$0,$0,$0,$0,$-1,$0,$0,$0,$0,$0,$0,$0,$1,$5,$2,$0
43,2007-12-31,15.74,$5.63,2.8,$7.29,2.16,$1.11,14.14,$0.54,29.15,$0.06B,$0.02B,2.83,$0.00B,$0.17B,0.0,$0.22B,$0.08B,34.40%,$0.22B,$0.03B,12.84%,$0.22B,$0.03B,12.84%,$0.22B,$0.03B,15.60%,$0.22B,$0.03B,12.84%,$0.22B,$0.02B,7.80%,$0.02B,$0.17B,11.76%,$0.02B,$0.04B,49.64%,$0.02B,$0.19B,10.19%,$0.03B,$0.17B,19.31%,$62,$41,$21,$0,$12,$55,$7,$0,$7,$3,$5,$5,$5,$10,$7,$28,30,$0.15,$0.15,$8,$0,$4,$64,$3,$0,$121,$1,$126,$190,$23,$0,$0,$2,$24,$0,$-23,$-0,$166,$190,$16,$6,$-1,$5,$-2,$0,$-2,$5,$2,$23,$-2,$0,$-27,$0,$0,$0,$0,$-29,$-1,$0,$-1,$4,$4,$0,$7,$9,$4,$6,$0
44,2007-09-30,21.87,$5.39,4.06,$7.01,3.12,$0.84,26.1,$0.49,44.63,$0.06B,$0.02B,2.39,$0.00B,$0.16B,0.0,$0.21B,$0.07B,33.66%,$0.21B,$0.03B,12.68%,$0.21B,$0.03B,12.68%,$0.21B,$0.03B,15.12%,$0.21B,$0.03B,12.68%,$0.21B,$0.02B,7.32%,$0.02B,$0.16B,11.56%,$0.02B,$0.04B,50.42%,$0.02B,$0.18B,9.87%,$0.03B,$0.16B,19.96%,$53,$34,$19,$0,$10,$46,$8,$0,$8,$3,$5,$5,$5,$9,$8,$28,30,$0.16,$0.15,$0,$0,$5,$56,$3,$0,$121,$1,$125,$182,$24,$0,$0,$2,$26,$0,$-28,$-0,$156,$182,$12,$4,$5,$10,$-2,$0,$-2,$-7,$-11,$10,$-1,$0,$-21,$0,$0,$0,$0,$-22,$-1,$0,$-1,$3,$3,$0,$6,$8,$-4,$4,$0
45,2007-06-30,20.7,$4.82,4.29,$6.83,3.03,$0.68,30.45,$0.44,47.05,$0.05B,$0.02B,2.56,$0.00B,$0.14B,0.0,$0.20B,$0.07B,33.67%,$0.20B,$0.02B,11.73%,$0.20B,$0.02B,11.73%,$0.20B,$0.03B,14.29%,$0.20B,$0.02B,11.73%,$0.20B,$0.01B,6.63%,$0.01B,$0.14B,11.21%,$0.01B,$0.03B,50.49%,$0.01B,$0.16B,9.40%,$0.02B,$0.14B,19.53%,$53,$34,$18,$0,$10,$46,$7,$0,$7,$3,$4,$4,$4,$8,$7,$28,30,$0.15,$0.13,$0,$0,$1,$47,$2,$0,$105,$1,$108,$155,$18,$0,$0,$2,$20,$0,$-32,$-0,$135,$155,$7,$3,$3,$6,$-3,$0,$-2,$-2,$-6,$7,$-1,$0,$-14,$0,$0,$0,$0,$-15,$-1,$0,$-1,$2,$2,$0,$3,$4,$-4,$3,$0
46,2007-03-31,19.78,$4.41,4.49,$6.45,3.07,$0.52,38.36,$0.39,50.72,$0.05B,$0.02B,2.92,$0.00B,$0.12B,0.02,$0.18B,$0.06B,33.70%,$0.18B,$0.02B,11.05%,$0.18B,$0.02B,11.05%,$0.18B,$0.03B,13.81%,$0.18B,$0.02B,11.05%,$0.18B,$0.01B,6.08%,$0.01B,$0.12B,10.58%,$0.01B,$0.03B,50.57%,$0.01B,$0.14B,8.61%,$0.02B,$0.12B,18.60%,$50,$33,$17,$0,$10,$44,$6,$0,$6,$2,$3,$3,$3,$7,$6,$27,29,$0.12,$0.11,$1,$0,$2,$45,$2,$0,$92,$1,$95,$140,$15,$2,$0,$4,$19,$0,$-36,$-0,$121,$140,$3,$1,$3,$4,$-0,$0,$-2,$-6,$-8,$-1,$-0,$0,$-6,$0,$0,$0,$0,$-7,$-0,$2,$2,$1,$1,$0,$2,$4,$-4,$2,$0
47,2006-12-31,16.41,$4.02,4.08,$5.88,2.79,$0.53,30.69,$0.35,46.89,$0.05B,$0.02B,2.12,$0.00B,$0.11B,0.0,$0.16B,$0.05B,32.92%,$0.16B,$0.02B,10.56%,$0.16B,$0.02B,10.56%,$0.16B,$0.02B,13.66%,$0.16B,$0.02B,10.56%,$0.16B,$0.01B,6.21%,$0.01B,$0.11B,10.96%,$0.01B,$0.03B,51.95%,$0.01B,$0.13B,8.83%,$0.02B,$0.11B,17.94%,$49,$34,$15,$0,$9,$44,$5,$0,$5,$2,$3,$3,$3,$7,$5,$25,28,$0.11,$0.10,$5,$0,$3,$47,$2,$0,$81,$1,$84,$131,$22,$0,$0,$1,$24,$0,$-40,$-0,$107,$131,$10,$4,$5,$9,$-6,$0,$1,$-1,$-5,$13,$-2,$0,$-17,$0,$0,$0,$-0,$-19,$-1,$-4,$-5,$4,$4,$0,$7,$5,$-1,$3,$0
