,Date,Stock Price,Book Value per Share,Price to Book Ratio,TTM Sales per Share,Price to Sales Ratio,TTM FCF per Share,Price to FCF Ratio,TTM Net EPS,PE Ratio,Current Assets,Current Liabilities,Current Ratio,Long Term Debt,Shareholder's Equity_x,Debt to Equity Ratio,TTM Revenue_x,TTM Gross Profit,Gross Margin,TTM Revenue_y,TTM Operating Income,Operating Margin,TTM Revenue_x,TTM EBIT,EBIT Margin,TTM Revenue_y,TTM EBITDA,EBITDA Margin,TTM Revenue_x,TTM Pre-Tax Income,Pre-Tax Margin,TTM Revenue_y,TTM Net Income_x,Net Margin,TTM Net Income_y,Shareholder's Equity_y,Return on Equity,TTM Net Income_x,Tangible Equity,Return on Tangible Equity,TTM Net Income_y,Total Assets,Return on Assets,TTM Net Income,LT Investments & Debt,Return on Investment,revenue,cost-goods-sold,gross-profit,research-development-expenses,selling-general-administrative-expenses,operating-expenses,operating-income,total-non-operating-income-expense,pre-tax-income,total-provision-income-taxes,income-after-taxes,income-from-continuous-operations,net-income,ebitda,ebit,basic-shares-outstanding,shares-outstanding,eps-basic-net-earnings-per-share,eps-earnings-per-share-diluted,cash-on-hand,inventory,other-current-assets,total-current-assets,net-property-plant-equipment,long-term-investments,goodwill-intangible-assets-total,other-long-term-assets,total-long-term-assets,total-assets,total-current-liabilities,long-term-debt,other-non-current-liabilities,total-long-term-liabilities,total-liabilities,common-stock-net,retained-earnings-accumulated-deficit,comprehensive-income,total-share-holder-equity,total-liabilities-share-holders-equity,net-income-loss,total-depreciation-amortization-cash-flow,other-non-cash-items,total-non-cash-items,change-in-accounts-receivable,change-in-inventories,change-in-accounts-payable,change-in-assets-liabilities,total-change-in-assets-liabilities,cash-flow-from-operating-activities,net-change-in-property-plant-equipment,net-change-in-intangible-assets,net-acquisitions-divestitures,net-change-in-short-term-investments,net-change-in-long-term-investments,net-change-in-investments-total,investing-activities-other,cash-flow-from-investing-activities,net-long-term-debt,net-current-debt,debt-issuance-retirement-net-total,net-common-equity-issued-repurchased,net-total-equity-issued-repurchased,total-common-preferred-stock-dividends-paid,financial-activities-other,cash-flow-from-financial-activities,net-cash-flow,stock-based-compensation,common-stock-dividends-paid
0,2018-09-30,70.8,$41.65,1.7,$34.40,2.06,$9.49,7.46,$0.86,82.33,$2.77B,$1.49B,1.85,$3.07B,$5.66B,0.54,$4.82B,$1.90B,39.47%,$4.82B,$0.29B,5.96%,$4.82B,$0.29B,5.98%,$4.82B,$0.71B,14.80%,$4.82B,$0.22B,4.54%,$4.82B,$0.12B,2.53%,$0.12B,$5.66B,2.04%,$0.12B,$-1.34B,-8.91%,$0.12B,$10.94B,1.07%,$0.29B,$8.73B,3.13%,$1133,$708,$425,$44,$263,$1255,$-122,$43,$-79,$-12,$-68,$-68,$-68,$-18,$-122,$137,137,$-0.49,$-0.49,$444,$885,$0,$2769,$820,$0,$7001,$352,$8174,$10943,$1494,$3071,$424,$3789,$5283,$7436,$-1920,$143,$5660,$10943,$50,$318,$205,$523,$20,$-101,$45,$-4,$-174,$399,$-57,$11,$5,$-8,$0,$-8,$-33,$-81,$-48,$0,$-48,$-399,$-399,$-79,$-12,$-538,$-235,$27,$-79
1,2018-06-30,72.91,$42.86,1.7,$34.85,2.09,$10.01,7.28,$1.66,43.92,$2.78B,$1.54B,1.81,$3.09B,$5.90B,0.52,$4.92B,$1.98B,40.17%,$4.92B,$0.57B,11.61%,$4.92B,$0.57B,11.63%,$4.92B,$1.00B,20.32%,$4.92B,$0.43B,8.68%,$4.92B,$0.24B,4.78%,$0.24B,$5.90B,3.87%,$0.24B,$-1.40B,-16.50%,$0.24B,$11.23B,2.03%,$0.57B,$8.98B,6.14%,$1186,$715,$471,$92,$276,$1092,$95,$-39,$55,$19,$36,$36,$36,$201,$95,$138,139,$0.26,$0.26,$527,$884,$0,$2779,$812,$0,$7293,$341,$8447,$11226,$1538,$3085,$415,$3791,$5328,$7594,$-1852,$155,$5897,$11226,$117,$214,$30,$244,$-24,$-99,$89,$-6,$-106,$255,$-33,$10,$1,$-8,$0,$-8,$0,$-29,$-35,$0,$-35,$-265,$-265,$-53,$-10,$-362,$-152,$22,$-53
2,2018-03-31,83.12,$44.42,1.87,$34.93,2.38,$10.15,8.19,$0.91,91.35,$2.90B,$1.39B,2.08,$3.28B,$6.21B,0.53,$4.97B,$2.01B,40.43%,$4.97B,$0.63B,12.58%,$4.97B,$0.63B,12.60%,$4.97B,$1.05B,21.19%,$4.97B,$0.30B,5.96%,$4.97B,$0.13B,2.60%,$0.13B,$6.21B,2.11%,$0.13B,$-1.35B,-8.83%,$0.13B,$11.64B,1.10%,$0.63B,$9.49B,6.65%,$1217,$724,$493,$38,$294,$1061,$156,$-46,$111,$30,$81,$81,$81,$264,$156,$141,141,$0.57,$0.57,$687,$844,$0,$2901,$829,$0,$7560,$330,$8739,$11640,$1393,$3281,$429,$4042,$5434,$7770,$-1888,$324,$6206,$11640,$81,$107,$29,$137,$3,$-44,$58,$-22,$-45,$172,$-13,$10,$1,$0,$0,$0,$0,$-2,$-20,$0,$-20,$-108,$-108,$-27,$-8,$-163,$9,$13,$-27
3,2017-12-31,86.73,$43.83,1.98,$34.64,2.5,$10.22,8.48,$0.84,103.25,$2.82B,$1.44B,1.96,$3.27B,$6.17B,0.53,$4.95B,$1.98B,40.03%,$4.95B,$0.60B,12.09%,$4.95B,$0.60B,12.11%,$4.95B,$1.02B,20.64%,$4.95B,$0.28B,5.68%,$4.95B,$0.12B,2.43%,$0.12B,$6.17B,1.97%,$0.12B,$-1.39B,-8.08%,$0.12B,$11.63B,0.97%,$0.60B,$9.44B,6.17%,$1283,$770,$513,$47,$301,$1125,$159,$-27,$132,$59,$73,$73,$73,$266,$159,$142,143,$0.52,$0.52,$679,$807,$0,$2820,$833,$0,$7556,$410,$8809,$11629,$1436,$3271,$430,$4022,$5458,$7893,$-1976,$253,$6171,$11629,$120,$422,$261,$683,$3,$-16,$-40,$-5,$-104,$699,$-89,$87,$2354,$0,$0,$0,$-15,$2338,$-2604,$0,$-2604,$-191,$-191,$-91,$-119,$-3005,$56,$44,$-91
4,2017-09-30,84.08,$42.91,1.96,$34.93,2.41,$9.77,8.6,$-9.16,0.0,$2.97B,$1.73B,1.72,$3.28B,$6.04B,0.54,$4.99B,$1.96B,39.15%,$4.99B,$-0.05B,-0.90%,$4.99B,$-0.05B,-0.90%,$4.99B,$0.39B,7.79%,$4.99B,$-1.50B,-29.94%,$4.99B,$-1.31B,-26.27%,$-1.31B,$6.04B,-21.73%,$-1.31B,$-1.56B,61.66%,$-1.31B,$11.84B,-10.19%,$-0.05B,$9.32B,-0.44%,$1231,$734,$498,$38,$288,$1069,$162,$-34,$129,$84,$45,$45,$45,$268,$162,$141,142,$0.31,$0.31,$776,$822,$0,$2972,$822,$0,$7603,$423,$8871,$11843,$1733,$3276,$435,$4068,$5801,$7900,$-2050,$191,$6042,$11843,$46,$315,$246,$561,$38,$-28,$-6,$4,$-125,$482,$-55,$86,$2247,$0,$0,$0,$-6,$2272,$-2244,$0,$-2244,$-191,$-191,$-69,$-118,$-2621,$154,$28,$-69
5,2017-06-30,74.85,$42.65,1.76,$35.05,2.14,$9.30,8.05,$-18.23,0.0,$2.82B,$1.63B,1.73,$3.27B,$6.08B,0.54,$5.03B,$1.94B,38.65%,$5.03B,$-1.68B,-33.33%,$5.03B,$-1.68B,-33.33%,$5.03B,$-1.24B,-24.70%,$5.03B,$-3.53B,-70.17%,$5.03B,$-2.95B,-58.65%,$-2.95B,$6.08B,-46.07%,$-2.95B,$-1.55B,102.51%,$-2.95B,$11.79B,-21.23%,$-1.68B,$9.35B,-15.11%,$1238,$733,$505,$43,$275,$1089,$149,$-225,$-76,$-7,$-70,$-70,$-70,$255,$149,$143,143,$-0.49,$-0.49,$761,$818,$0,$2821,$877,$0,$7626,$436,$8971,$11792,$1630,$3268,$445,$4081,$5711,$8045,$-2094,$131,$6081,$11792,$2,$209,$233,$442,$52,$-5,$-6,$-13,$-159,$285,$-37,$86,$2237,$0,$0,$0,$-4,$2282,$-2229,$0,$-2229,$-58,$-58,$-46,$-115,$-2449,$139,$15,$-46
6,2017-03-31,65.66,$42.31,1.55,$35.77,1.84,$8.78,7.48,$-16.39,0.0,$5.11B,$2.49B,2.06,$4.62B,$6.07B,0.76,$5.13B,$1.98B,38.69%,$5.13B,$-1.64B,-31.96%,$5.13B,$-1.64B,-31.96%,$5.13B,$-1.21B,-23.54%,$5.13B,$-4.26B,-83.11%,$5.13B,$-3.41B,-66.52%,$-3.41B,$6.07B,-47.78%,$-3.41B,$-1.45B,91.21%,$-3.41B,$13.98B,-22.00%,$-1.64B,$10.69B,-13.19%,$1194,$730,$464,$40,$282,$1066,$129,$-33,$96,$24,$72,$72,$72,$232,$129,$143,144,$0.50,$0.50,$3078,$800,$0,$5113,$875,$0,$7519,$395,$8866,$13979,$2485,$4619,$459,$5427,$7912,$8118,$-2024,$-26,$6067,$13979,$72,$103,$-7,$96,$50,$1,$3,$-27,$27,$195,$-22,$85,$2225,$0,$0,$0,$-1,$2288,$-13,$0,$-13,$0,$0,$-23,$-1,$-37,$2456,$6,$-23
7,2016-12-31,82.14,$41.55,1.98,$36.86,2.23,$8.02,10.24,$-19.23,0.0,$2.81B,$1.84B,1.53,$5.23B,$5.96B,0.88,$5.28B,$2.05B,38.88%,$5.28B,$-2.00B,-37.87%,$5.28B,$-2.00B,-37.87%,$5.28B,$-1.57B,-29.69%,$5.28B,$-4.85B,-91.80%,$5.28B,$-4.01B,-75.97%,$-4.01B,$5.96B,-49.82%,$-4.01B,$-3.95B,84.24%,$-4.01B,$13.87B,-23.76%,$-2.00B,$11.18B,-14.64%,$1331,$844,$488,$42,$315,$1816,$-485,$-1159,$-1644,$-285,$-1359,$-1359,$-1359,$-366,$-485,$143,143,$-9.48,$-9.48,$622,$795,$0,$2805,$870,$0,$9911,$212,$11065,$13870,$1836,$5225,$462,$6076,$7913,$8135,$-2095,$-82,$5958,$13870,$-4013,$432,$4337,$4769,$-1,$101,$-76,$-12,$-102,$655,$-106,$354,$-358,$5,$0,$5,$-69,$-175,$-171,$0,$-171,$8,$8,$-83,$-22,$-269,$205,$23,$-83
8,2016-09-30,90.97,$52.18,1.74,$20.57,4.42,$5.03,18.07,$-10.49,0.0,$2.62B,$1.51B,1.73,$5.64B,$7.48B,0.75,$2.93B,$1.14B,38.88%,$2.93B,$-2.01B,-68.50%,$2.93B,$-2.01B,-68.50%,$2.93B,$-1.77B,-60.30%,$2.93B,$-3.54B,-120.94%,$2.93B,$-2.83B,-96.58%,$-2.83B,$7.48B,-31.10%,$-2.83B,$-4.55B,55.59%,$-2.83B,$15.89B,-15.48%,$-2.01B,$13.12B,-13.70%,$1262,$777,$485,$50,$282,$2730,$-1468,$-434,$-1902,$-312,$-1590,$-1590,$-1590,$-1362,$-1468,$143,143,$-11.10,$-11.10,$363,$885,$0,$2622,$881,$0,$12032,$217,$13266,$15888,$1513,$5638,$457,$6893,$8406,$8149,$-737,$72,$7483,$15888,$-2654,$314,$2916,$3230,$113,$25,$-58,$-9,$-128,$449,$-85,$260,$-378,$0,$0,$0,$-66,$-270,$-159,$0,$-159,$8,$8,$-62,$-21,$-234,$-55,$15,$-62
9,2016-06-30,89.18,$63.19,1.41,$20.43,4.36,$5.83,15.3,$-0.96,0.0,$3.03B,$2.06B,1.47,$5.65B,$9.05B,0.63,$2.94B,$1.19B,40.44%,$2.94B,$-0.36B,-12.32%,$2.94B,$-0.36B,-12.32%,$2.94B,$-0.13B,-4.46%,$2.94B,$-1.34B,-45.71%,$2.94B,$-0.98B,-33.22%,$-0.98B,$9.05B,-9.86%,$-0.98B,$-5.01B,18.85%,$-0.98B,$18.29B,-5.08%,$-0.36B,$14.70B,-2.36%,$1341,$794,$547,$47,$298,$1156,$185,$-997,$-812,$-278,$-534,$-534,$-534,$289,$185,$143,143,$-3.73,$-3.73,$642,$895,$0,$3028,$889,$0,$14053,$212,$15263,$18291,$2060,$5653,$423,$7183,$9243,$8144,$874,$31,$9048,$18291,$-1064,$208,$1256,$1464,$41,$5,$-47,$-29,$-171,$230,$-57,$170,$-420,$0,$0,$0,$-1,$-308,$358,$0,$358,$4,$4,$-42,$-14,$306,$224,$10,$-42
10,2016-03-31,125.64,$67.91,1.85,$20.74,6.06,$7.54,16.67,$-1.93,0.0,$3.02B,$2.22B,1.36,$5.90B,$9.73B,0.61,$3.01B,$1.24B,41.24%,$3.01B,$-0.36B,-11.79%,$3.01B,$-0.36B,-11.79%,$3.01B,$-0.30B,-9.96%,$3.01B,$-0.47B,-15.60%,$3.01B,$-0.46B,-15.41%,$-0.46B,$9.73B,-4.50%,$-0.46B,$-5.54B,9.11%,$-0.46B,$19.50B,-2.37%,$-0.36B,$15.63B,-2.27%,$1347,$814,$533,$45,$310,$1579,$-232,$-259,$-490,$39,$-529,$-529,$-529,$-129,$-232,$143,143,$-3.70,$-3.70,$589,$905,$0,$3015,$896,$0,$15268,$234,$16485,$19500,$2222,$5903,$409,$7552,$9774,$8161,$1428,$137,$9725,$19500,$-529,$103,$453,$556,$17,$4,$-3,$-1,$72,$99,$-35,$83,$-416,$0,$0,$0,$-1,$-369,$460,$0,$460,$3,$3,$-21,$-5,$437,$171,$16,$-21
11,2015-12-31,141.95,$70.63,2.01,$18.20,7.8,$8.14,17.43,$-0.26,0.0,$2.79B,$2.55B,1.09,$4.97B,$10.11B,0.49,$2.63B,$1.08B,40.96%,$2.63B,$0.07B,2.55%,$2.63B,$0.07B,2.55%,$2.63B,$0.08B,2.89%,$2.63B,$0.01B,0.38%,$2.63B,$0.04B,1.63%,$0.04B,$10.11B,0.42%,$0.04B,$-5.25B,-1.13%,$0.04B,$19.35B,0.23%,$0.07B,$15.08B,0.44%,$-1023,$-597,$-427,$-51,$-117,$-533,$-490,$154,$-336,$-162,$-174,$-174,$-174,$-476,$-490,$146,146,$-1.18,$-1.18,$418,$899,$0,$2792,$886,$0,$15352,$248,$16558,$19350,$2552,$4972,$346,$6691,$9243,$8143,$1980,$-15,$10107,$19350,$43,$172,$107,$279,$53,$-30,$-194,$3,$-121,$201,$-78,$166,$-792,$0,$0,$0,$-5,$-708,$690,$0,$690,$-495,$-495,$-36,$-9,$150,$-368,$23,$-36
12,2015-09-30,154.15,$73.31,2.1,$33.04,4.67,$10.37,14.87,$0.99,155.71,$2.88B,$1.66B,1.73,$5.23B,$10.73B,0.49,$4.73B,$1.89B,39.96%,$4.73B,$1.63B,34.46%,$4.73B,$0.56B,11.78%,$4.73B,$1.84B,38.88%,$4.73B,$0.43B,9.12%,$4.73B,$0.29B,6.07%,$0.29B,$10.73B,2.82%,$0.29B,$-4.91B,-11.04%,$0.29B,$19.70B,1.59%,$1.63B,$15.96B,10.86%,$1273,$738,$535,$42,$316,$1098,$175,$120,$295,$34,$261,$261,$261,$272,$175,$146,147,$1.78,$1.78,$523,$888,$0,$2881,$924,$0,$15645,$225,$16822,$19703,$1661,$5230,$375,$7310,$8971,$8633,$2034,$65,$10732,$19703,$216,$244,$157,$401,$-8,$-29,$-28,$14,$0,$617,$-128,$250,$-2500,$0,$0,$0,$-312,$-2689,$-876,$0,$-876,$6,$6,$-54,$-19,$-943,$-3090,$30,$-54
13,2015-06-30,181.04,$72.88,2.48,$31.46,5.76,$8.25,21.94,$0.94,192.6,$3.18B,$1.69B,1.88,$5.25B,$10.66B,0.49,$4.41B,$1.68B,38.04%,$4.41B,$1.59B,36.11%,$4.41B,$0.52B,11.78%,$4.41B,$1.70B,38.65%,$4.41B,$0.25B,5.56%,$4.41B,$0.12B,2.77%,$0.12B,$10.66B,1.26%,$0.12B,$-4.68B,-7.02%,$0.12B,$19.72B,0.74%,$1.59B,$15.91B,11.41%,$1415,$814,$601,$63,$339,$1223,$192,$-132,$61,$83,$-22,$-22,$-22,$207,$192,$146,146,$-0.15,$-0.15,$798,$839,$0,$3183,$932,$0,$15341,$225,$16538,$19721,$1694,$5247,$372,$7364,$9058,$8622,$1938,$102,$10663,$19721,$-45,$148,$318,$466,$-48,$8,$167,$19,$142,$563,$-89,$169,$-2099,$0,$0,$0,$-303,$-2321,$-941,$0,$-941,$4,$4,$-36,$-14,$-987,$-2811,$16,$-36
14,2015-03-31,162.06,$68.08,2.38,$21.78,7.44,$5.34,30.36,$0.56,289.38,$5.13B,$1.28B,4.0,$4.37B,$9.59B,0.46,$2.99B,$1.08B,35.94%,$2.99B,$1.40B,46.77%,$2.99B,$0.33B,10.93%,$2.99B,$1.58B,52.93%,$2.99B,$0.18B,6.15%,$2.99B,$0.14B,4.81%,$0.14B,$9.59B,1.57%,$0.14B,$-0.41B,-14.74%,$0.14B,$16.18B,0.96%,$1.40B,$13.95B,10.83%,$967,$598,$369,$35,$143,$777,$190,$-201,$-10,$12,$-22,$-22,$-22,$247,$190,$141,141,$-0.16,$-0.16,$3452,$637,$0,$5130,$769,$0,$9995,$261,$11053,$16183,$1284,$4368,$301,$5313,$6597,$7705,$1900,$-19,$9586,$16183,$-22,$57,$171,$228,$32,$2,$18,$-4,$-26,$180,$-32,$88,$-4,$0,$0,$0,$-298,$-246,$-10,$0,$-10,$1,$1,$-18,$-5,$-32,$-166,$8,$-18
15,2014-12-31,163.5,$69.00,2.37,$22.39,7.3,$6.37,25.65,$1.59,102.83,$5.36B,$1.33B,4.05,$4.44B,$9.72B,0.46,$3.03B,$1.02B,33.72%,$3.03B,$1.31B,43.33%,$3.03B,$0.24B,7.93%,$3.03B,$1.68B,55.38%,$3.03B,$0.26B,8.49%,$3.03B,$0.21B,7.07%,$0.21B,$9.72B,2.40%,$0.21B,$-0.40B,-15.86%,$0.21B,$16.46B,1.48%,$1.31B,$14.16B,10.63%,$1072,$688,$384,$53,$0,$0,$1072,$0,$85,$15,$0,$0,$70,$1199,$0,$136,137,$0.52,$0.51,$3616,$642,$0,$5364,$757,$0,$10119,$192,$11097,$16461,$1325,$4439,$291,$5421,$6746,$7695,$2013,$7,$9715,$16461,$167,$254,$23,$277,$-5,$-18,$-47,$-16,$25,$468,$-48,$0,$-83,$0,$0,$0,$-26,$-157,$1570,$0,$1570,$1032,$1032,$-29,$-64,$2509,$2797,$16,$-29
16,2014-09-30,146.8,$65.10,2.26,$24.48,6.0,$4.75,30.9,$0.21,699.05,$2.63B,$1.02B,2.59,$3.05B,$8.72B,0.35,$2.94B,$1.00B,34.00%,$2.94B,$1.22B,41.53%,$2.94B,$0.24B,8.18%,$2.94B,$1.52B,51.79%,$2.94B,$0.06B,2.01%,$2.94B,$0.06B,1.98%,$0.06B,$8.72B,0.67%,$0.06B,$-1.46B,-3.33%,$0.06B,$13.78B,0.42%,$1.22B,$11.77B,10.40%,$952,$630,$322,$37,$146,$814,$137,$-29,$109,$12,$96,$96,$96,$137,$137,$134,134,$0.72,$0.72,$913,$657,$0,$2634,$762,$0,$10175,$182,$11147,$13781,$1018,$3051,$287,$4046,$5064,$6685,$1957,$74,$8717,$13781,$96,$127,$-9,$117,$57,$-30,$-33,$-12,$-19,$195,$-32,$0,$0,$0,$0,$0,$1,$-31,$-40,$-2,$-42,$-5,$-5,$-14,$-1,$-61,$92,$9,$-14
17,2014-06-30,142.37,$0.00,0.0,$27.25,5.22,$4.20,33.91,$0.67,212.49,$2.55B,$1.08B,2.37,$3.09B,$8.69B,0.36,$2.92B,$1.03B,35.39%,$2.92B,$1.26B,43.28%,$2.92B,$0.28B,9.71%,$2.92B,$1.56B,53.60%,$2.92B,$0.11B,3.67%,$2.92B,$0.07B,2.50%,$0.07B,$8.69B,1.03%,$0.07B,$-1.64B,-5.43%,$0.07B,$13.88B,0.62%,$1.26B,$11.78B,12.77%,$0,$0,$0,$0,$0,$0,$0,$0,$0,$0,$0,$0,$0,$0,$0,$0,0,$0.00,$0.00,$805,$632,$0,$2551,$780,$0,$10331,$195,$11329,$13880,$1075,$3091,$293,$4112,$5187,$6678,$1875,$140,$8694,$13880,$0,$0,$0,$0,$0,$0,$0,$0,$0,$0,$0,$0,$0,$0,$0,$0,$0,$0,$0,$0,$0,$0,$0,$0,$0,$0,$0,$0,$0
18,2014-03-31,150.95,$63.97,2.36,$27.25,5.54,$4.20,35.95,$0.67,225.29,$2.30B,$0.95B,2.42,$3.13B,$8.56B,0.37,$2.92B,$1.03B,35.39%,$2.92B,$1.26B,43.28%,$2.92B,$0.28B,9.71%,$2.92B,$1.56B,53.60%,$2.92B,$0.11B,3.67%,$2.92B,$0.07B,2.50%,$0.07B,$8.56B,1.34%,$0.07B,$-1.90B,-7.82%,$0.07B,$13.74B,0.76%,$1.26B,$11.68B,15.77%,$1004,$689,$315,$45,$148,$901,$103,$-41,$63,$15,$48,$48,$48,$341,$103,$134,134,$0.36,$0.36,$617,$694,$0,$2304,$741,$61,$10458,$156,$11438,$13743,$953,$3126,$275,$4231,$5184,$6671,$1757,$130,$8559,$13743,$73,$238,$186,$424,$-90,$20,$-52,$-3,$-96,$401,$-120,$-1598,$0,$66,$0,$66,$6,$-1646,$1294,$0,$1294,$1,$1,$-32,$-188,$1075,$-171,$19,$-32
19,2013-12-31,149.68,$63.56,2.35,$29.51,5.07,$5.46,27.42,$1.49,100.46,$2.29B,$0.96B,2.38,$3.16B,$8.50B,0.37,$2.83B,$1.05B,37.01%,$2.83B,$1.34B,47.25%,$2.83B,$0.36B,12.68%,$2.83B,$1.51B,53.43%,$2.83B,$0.20B,7.20%,$2.83B,$0.14B,4.84%,$0.14B,$8.50B,3.53%,$0.14B,$-1.98B,-32.66%,$0.14B,$13.71B,1.89%,$1.34B,$11.66B,22.41%,$979,$618,$361,$38,$0,$0,$979,$0,$-113,$-27,$0,$0,$-86,$1042,$0,$99,99,$-0.87,$-0.87,$607,$702,$0,$2286,$719,$69,$10479,$139,$11427,$13713,$962,$3159,$245,$4250,$5212,$6663,$1723,$115,$8501,$13713,$25,$110,$188,$298,$-65,$11,$-71,$-16,$-103,$220,$-78,$0,$-1528,$0,$0,$0,$6,$-1600,$1329,$0,$1329,$-1,$-1,$-18,$-188,$1122,$-259,$14,$-18
20,2013-09-30,120.27,$26.19,4.59,$28.93,4.16,$6.03,19.95,$3.48,34.56,$2.37B,$0.74B,3.18,$1.94B,$2.47B,0.78,$2.74B,$0.99B,36.33%,$2.74B,$1.24B,45.39%,$2.74B,$0.36B,13.12%,$2.74B,$1.39B,50.84%,$2.74B,$0.46B,16.92%,$2.74B,$0.33B,12.02%,$0.33B,$2.47B,14.40%,$0.33B,$0.14B,219.33%,$0.33B,$5.51B,6.70%,$1.24B,$4.41B,31.72%,$933,$577,$356,$32,$142,$754,$180,$-22,$157,$46,$111,$111,$111,$180,$180,$94,95,$1.18,$1.18,$817,$721,$0,$2367,$691,$0,$2330,$98,$3142,$5509,$744,$1936,$235,$2295,$3039,$546,$1819,$104,$2470,$5509,$111,$48,$-12,$36,$-46,$-12,$-68,$2,$-48,$99,$-36,$0,$0,$0,$0,$0,$0,$-36,$0,$1,$1,$-4,$-4,$-9,$-18,$-29,$37,$6,$-9
21,2013-06-30,117.86,$0.00,0.0,$27.24,4.33,$5.68,20.74,$3.42,34.46,$2.24B,$0.75B,2.99,$1.93B,$2.33B,0.83,$2.57B,$0.92B,35.87%,$2.57B,$1.22B,47.38%,$2.57B,$0.34B,13.06%,$2.57B,$1.37B,53.17%,$2.57B,$0.45B,17.37%,$2.57B,$0.32B,12.59%,$0.32B,$2.33B,15.02%,$0.32B,$0.00B,145.29%,$0.32B,$5.35B,7.10%,$1.22B,$4.26B,33.51%,$0,$0,$0,$0,$0,$0,$0,$0,$0,$0,$0,$0,$0,$0,$0,$0,0,$0.00,$0.00,$780,$704,$0,$2237,$681,$4,$2332,$76,$3114,$5351,$749,$1928,$213,$2269,$3018,$539,$1716,$77,$2333,$5351,$0,$0,$0,$0,$0,$0,$0,$0,$0,$0,$0,$0,$0,$0,$0,$0,$0,$0,$0,$0,$0,$0,$0,$0,$0,$0,$0,$0,$0
22,2013-03-31,115.57,$23.67,4.88,$27.24,4.24,$5.68,20.34,$3.42,33.79,$1.70B,$0.67B,2.52,$1.33B,$2.23B,0.6,$2.57B,$0.92B,35.87%,$2.57B,$1.22B,47.38%,$2.57B,$0.34B,13.06%,$2.57B,$1.37B,53.17%,$2.57B,$0.45B,17.37%,$2.57B,$0.32B,12.59%,$0.32B,$2.23B,15.90%,$0.32B,$0.16B,108.54%,$0.32B,$4.50B,7.65%,$1.22B,$3.56B,36.19%,$920,$588,$331,$29,$124,$741,$179,$-19,$160,$48,$112,$112,$112,$291,$179,$94,95,$1.19,$1.18,$301,$685,$0,$1698,$643,$0,$2066,$71,$2798,$4496,$674,$1332,$185,$1597,$2271,$531,$1606,$87,$2225,$4496,$324,$113,$-0,$113,$-6,$-81,$-17,$19,$-56,$380,$-64,$0,$-608,$9,$0,$9,$0,$-663,$1,$4,$5,$-4,$-4,$-25,$15,$-8,$-302,$14,$-25
23,2012-12-31,101.17,$22.44,4.51,$25.77,3.93,$4.73,21.38,$3.47,29.16,$1.77B,$0.64B,2.79,$1.33B,$2.11B,0.63,$2.43B,$0.87B,35.83%,$2.43B,$1.19B,48.79%,$2.43B,$0.30B,12.46%,$2.43B,$1.33B,54.50%,$2.43B,$0.42B,17.36%,$2.43B,$0.33B,13.49%,$0.33B,$2.11B,17.04%,$0.33B,$0.30B,107.19%,$0.33B,$4.29B,7.96%,$1.19B,$3.44B,36.10%,$883,$576,$307,$28,$0,$0,$883,$0,$146,$40,$0,$0,$106,$920,$0,$94,95,$1.13,$1.12,$460,$639,$0,$1774,$618,$0,$1808,$78,$2520,$4294,$635,$1330,$174,$1551,$2186,$524,$1502,$81,$2108,$4294,$212,$70,$-1,$69,$16,$-45,$-18,$4,$-51,$230,$-39,$0,$-327,$0,$0,$0,$0,$-366,$1,$3,$3,$-5,$-5,$-16,$15,$-2,$-143,$9,$-16
24,2012-09-30,112.88,$20.95,5.39,$25.34,4.45,$4.47,25.26,$3.41,33.1,$1.90B,$0.63B,3.02,$1.33B,$1.97B,0.68,$2.39B,$0.86B,36.00%,$2.39B,$1.14B,47.82%,$2.39B,$0.30B,12.70%,$2.39B,$1.28B,53.48%,$2.39B,$0.42B,17.60%,$2.39B,$0.32B,13.50%,$0.32B,$1.97B,17.83%,$0.32B,$0.43B,129.58%,$0.32B,$4.12B,7.99%,$1.14B,$3.30B,35.69%,$770,$485,$285,$27,$101,$613,$157,$-16,$141,$35,$106,$106,$106,$157,$157,$94,94,$1.13,$1.12,$632,$599,$0,$1901,$580,$0,$1534,$88,$2217,$4117,$630,$1330,$166,$1522,$2152,$513,$1405,$46,$1965,$4117,$106,$33,$-10,$23,$-7,$-48,$-13,$-9,$-84,$45,$-15,$0,$0,$0,$0,$0,$0,$-15,$1,$2,$2,$-8,$-8,$-8,$13,$-0,$30,$5,$-8
25,2012-06-30,114.51,$0.00,0.0,$24.90,4.6,$4.52,25.31,$3.04,37.67,$1.80B,$0.65B,2.75,$1.33B,$1.85B,0.72,$2.34B,$0.80B,34.26%,$2.34B,$1.09B,46.39%,$2.34B,$0.25B,10.59%,$2.34B,$1.22B,52.16%,$2.34B,$0.37B,15.72%,$2.34B,$0.29B,12.22%,$0.29B,$1.85B,16.82%,$0.29B,$0.30B,219.16%,$0.29B,$4.02B,7.37%,$1.09B,$3.18B,35.63%,$0,$0,$0,$0,$0,$0,$0,$0,$0,$0,$0,$0,$0,$0,$0,$0,0,$0.00,$0.00,$602,$547,$0,$1796,$578,$0,$1549,$87,$2228,$4024,$653,$1329,$165,$1519,$2171,$505,$1307,$39,$1853,$4024,$0,$0,$0,$0,$0,$0,$0,$0,$0,$0,$0,$0,$0,$0,$0,$0,$0,$0,$0,$0,$0,$0,$0,$0,$0,$0,$0,$0,$0
26,2012-03-31,100.24,$18.98,5.28,$24.90,4.03,$4.52,22.16,$3.04,32.97,$1.79B,$0.63B,2.84,$1.46B,$1.77B,0.82,$2.34B,$0.80B,34.26%,$2.34B,$1.09B,46.39%,$2.34B,$0.25B,10.59%,$2.34B,$1.22B,52.16%,$2.34B,$0.37B,15.72%,$2.34B,$0.29B,12.22%,$0.29B,$1.77B,17.66%,$0.29B,$0.19B,212.64%,$0.29B,$4.04B,7.79%,$1.09B,$3.23B,38.05%,$778,$499,$279,$28,$98,$632,$146,$-11,$135,$19,$116,$116,$116,$248,$146,$93,94,$1.24,$1.23,$554,$590,$0,$1791,$564,$0,$1583,$89,$2249,$4040,$630,$1455,$163,$1638,$2267,$496,$1199,$76,$1773,$4040,$286,$102,$17,$119,$-29,$-28,$-44,$-6,$-93,$312,$-86,$10,$-582,$0,$0,$0,$0,$-658,$605,$-3,$602,$2,$2,$-22,$7,$590,$244,$14,$-22
27,2011-12-31,94.33,$17.48,5.4,$24.02,3.93,$4.07,23.15,$2.76,34.18,$1.73B,$0.67B,2.6,$1.45B,$1.63B,0.89,$2.26B,$0.76B,33.79%,$2.26B,$1.06B,47.14%,$2.26B,$0.23B,9.98%,$2.26B,$1.17B,51.97%,$2.26B,$0.35B,15.34%,$2.26B,$0.26B,11.49%,$0.26B,$1.63B,16.90%,$0.26B,$0.07B,185.66%,$0.26B,$3.94B,7.57%,$1.06B,$3.08B,40.53%,$838,$543,$295,$31,$0,$0,$838,$0,$144,$45,$0,$0,$100,$871,$0,$93,94,$1.07,$1.06,$531,$581,$0,$1734,$551,$0,$1561,$84,$2208,$3943,$667,$1453,$183,$1645,$2312,$487,$1091,$51,$1631,$3943,$170,$67,$-1,$66,$-11,$-34,$-14,$-6,$-16,$220,$-56,$-537,$0,$0,$0,$0,$-1,$-593,$603,$-3,$600,$-0,$-0,$-14,$6,$592,$221,$9,$-14
28,2011-09-30,94.06,$16.57,5.68,$22.80,4.13,$3.31,28.39,$2.67,35.23,$1.30B,$0.62B,2.09,$1.16B,$1.54B,0.75,$2.14B,$0.72B,33.58%,$2.14B,$0.94B,44.17%,$2.14B,$0.23B,10.54%,$2.14B,$1.05B,48.95%,$2.14B,$0.32B,15.18%,$2.14B,$0.25B,11.66%,$0.25B,$1.54B,17.15%,$0.25B,$-0.04B,172.32%,$0.25B,$3.51B,7.86%,$0.94B,$2.70B,39.33%,$725,$498,$228,$20,$106,$624,$102,$-13,$89,$18,$70,$70,$70,$102,$102,$93,94,$0.76,$0.75,$117,$563,$0,$1299,$533,$0,$1585,$84,$2215,$3514,$622,$1156,$182,$1348,$1970,$478,$998,$66,$1544,$3514,$70,$35,$-11,$24,$9,$-7,$-47,$5,$-40,$54,$-19,$11,$-547,$0,$0,$0,$-0,$-556,$251,$56,$307,$-2,$-2,$-7,$8,$306,$-193,$4,$-7
29,2011-06-30,85.05,$0.00,0.0,$21.95,3.87,$2.77,30.66,$2.72,31.27,$1.38B,$0.61B,2.27,$0.88B,$1.53B,0.57,$2.05B,$0.70B,34.28%,$2.05B,$0.95B,46.47%,$2.05B,$0.24B,11.46%,$2.05B,$1.06B,51.44%,$2.05B,$0.34B,16.43%,$2.05B,$0.25B,12.34%,$0.25B,$1.53B,18.50%,$0.25B,$0.32B,167.55%,$0.25B,$3.19B,8.48%,$0.95B,$2.41B,42.66%,$0,$0,$0,$0,$0,$0,$0,$0,$0,$0,$0,$0,$0,$0,$0,$0,0,$0.00,$0.00,$310,$506,$0,$1377,$507,$0,$1212,$82,$1812,$3189,$606,$875,$167,$1052,$1658,$468,$934,$127,$1531,$3189,$0,$0,$0,$0,$0,$0,$0,$0,$0,$0,$0,$0,$0,$0,$0,$0,$0,$0,$0,$0,$0,$0,$0,$0,$0,$0,$0,$0,$0
30,2011-03-31,76.9,$15.38,5.0,$21.95,3.5,$2.77,27.73,$2.72,28.27,$1.26B,$0.57B,2.22,$0.88B,$1.43B,0.61,$2.05B,$0.70B,34.28%,$2.05B,$0.95B,46.47%,$2.05B,$0.24B,11.46%,$2.05B,$1.06B,51.44%,$2.05B,$0.34B,16.43%,$2.05B,$0.25B,12.34%,$0.25B,$1.43B,20.11%,$0.25B,$0.21B,581.61%,$0.25B,$3.04B,8.54%,$0.95B,$2.30B,44.54%,$692,$452,$239,$24,$93,$569,$123,$-10,$113,$21,$92,$92,$89,$199,$123,$92,94,$0.96,$0.95,$223,$494,$0,$1260,$466,$0,$1217,$82,$1778,$3037,$567,$875,$158,$1046,$1612,$459,$855,$109,$1425,$3037,$254,$76,$-62,$14,$-104,$-31,$16,$9,$-39,$229,$-47,$0,$-1,$1,$0,$1,$-10,$-57,$-45,$-8,$-52,$4,$4,$-19,$11,$-56,$113,$12,$-19
31,2010-12-31,61.19,$14.17,4.32,$20.37,3.0,$2.83,21.62,$2.43,25.18,$1.16B,$0.59B,1.98,$0.88B,$1.31B,0.67,$1.90B,$0.65B,34.32%,$1.90B,$0.92B,48.44%,$1.90B,$0.20B,10.60%,$1.90B,$1.00B,52.56%,$1.90B,$0.31B,16.29%,$1.90B,$0.23B,11.91%,$0.23B,$1.31B,19.38%,$0.23B,$0.09B,175.88%,$0.23B,$2.94B,8.00%,$0.92B,$2.18B,45.17%,$718,$468,$250,$25,$0,$0,$718,$0,$122,$32,$0,$90,$90,$744,$0,$92,93,$0.98,$0.97,$135,$484,$0,$1164,$460,$0,$1218,$80,$1771,$2935,$588,$875,$147,$1039,$1627,$440,$773,$93,$1308,$2935,$165,$50,$-60,$-9,$-104,$-24,$19,$15,$-33,$123,$-31,$0,$2,$1,$0,$1,$-4,$-32,$-45,$-8,$-53,$-3,$-3,$-12,$6,$-62,$25,$7,$-12
32,2010-09-30,61.98,$13.07,4.74,$18.95,3.27,$3.27,18.95,$2.01,30.83,$1.02B,$0.57B,1.78,$0.84B,$1.21B,0.7,$1.76B,$0.60B,34.01%,$1.76B,$0.78B,44.46%,$1.76B,$0.20B,11.41%,$1.76B,$0.85B,48.44%,$1.76B,$0.28B,15.96%,$1.76B,$0.20B,11.19%,$0.20B,$1.21B,18.14%,$0.20B,$-0.01B,84.73%,$0.20B,$2.77B,7.28%,$0.78B,$2.05B,40.31%,$641,$427,$214,$18,$84,$530,$112,$-10,$102,$29,$74,$74,$74,$112,$112,$92,93,$0.81,$0.80,$57,$461,$0,$1017,$452,$0,$1218,$72,$1755,$2772,$571,$840,$139,$996,$1567,$435,$689,$78,$1205,$2772,$74,$23,$-63,$-39,$-58,$-4,$-10,$4,$-41,$-6,$-9,$0,$2,$0,$0,$0,$0,$-7,$-95,$56,$-39,$-4,$-4,$-6,$9,$-40,$-54,$4,$-6
33,2010-06-30,56.95,$0.00,0.0,$17.73,3.21,$3.74,15.21,$1.87,30.45,$1.40B,$0.92B,1.52,$0.94B,$1.09B,0.86,$1.65B,$0.55B,33.25%,$1.65B,$0.76B,45.93%,$1.65B,$0.18B,10.62%,$1.65B,$0.83B,50.18%,$1.65B,$0.24B,14.81%,$1.65B,$0.18B,10.62%,$0.18B,$1.09B,17.06%,$0.18B,$-0.11B,49.37%,$0.18B,$3.11B,6.69%,$0.76B,$2.03B,40.30%,$0,$0,$0,$0,$0,$0,$0,$0,$0,$0,$0,$0,$0,$0,$0,$0,0,$0.00,$0.00,$510,$453,$0,$1403,$449,$0,$1205,$53,$1706,$3109,$923,$935,$108,$1093,$2015,$428,$620,$43,$1094,$3109,$0,$0,$0,$0,$0,$0,$0,$0,$0,$0,$0,$0,$0,$0,$0,$0,$0,$0,$0,$0,$0,$0,$0,$0,$0,$0,$0,$0,$0
34,2010-03-31,56.55,$11.57,4.89,$17.73,3.19,$3.74,15.1,$1.87,30.24,$1.15B,$0.45B,2.53,$0.83B,$1.06B,0.78,$1.65B,$0.55B,33.25%,$1.65B,$0.76B,45.93%,$1.65B,$0.18B,10.62%,$1.65B,$0.83B,50.18%,$1.65B,$0.24B,14.81%,$1.65B,$0.18B,10.62%,$0.18B,$1.06B,17.81%,$0.18B,$0.55B,35.57%,$0.18B,$2.49B,7.08%,$0.76B,$1.88B,41.59%,$538,$350,$187,$18,$73,$448,$89,$-5,$85,$23,$62,$62,$62,$141,$89,$91,93,$0.68,$0.67,$319,$420,$0,$1145,$383,$0,$509,$452,$1344,$2489,$453,$825,$105,$979,$1431,$414,$577,$65,$1057,$2489,$175,$52,$9,$61,$-13,$-34,$-13,$0,$-15,$220,$-35,$0,$-37,$0,$0,$0,$-10,$-82,$-68,$0,$-68,$-56,$-56,$-17,$2,$-138,$1,$11,$-17
35,2009-12-31,38.31,$10.85,3.53,$17.35,2.21,$2.48,15.42,$1.70,22.53,$1.16B,$0.49B,2.39,$0.83B,$0.99B,0.83,$1.62B,$0.51B,31.62%,$1.62B,$0.74B,45.79%,$1.62B,$0.16B,9.78%,$1.62B,$0.81B,50.06%,$1.62B,$0.22B,13.80%,$1.62B,$0.16B,9.84%,$0.16B,$0.99B,17.12%,$0.16B,$0.51B,35.29%,$0.16B,$2.46B,6.51%,$0.74B,$1.81B,41.60%,$582,$385,$198,$21,$0,$0,$582,$0,$94,$31,$0,$63,$61,$600,$0,$92,93,$0.66,$0.65,$283,$411,$0,$1160,$362,$0,$483,$454,$1299,$2459,$486,$825,$106,$985,$1470,$405,$521,$62,$989,$2459,$113,$34,$3,$37,$-25,$-23,$-9,$8,$6,$156,$-23,$0,$-24,$0,$0,$0,$-10,$-58,$-68,$0,$-68,$-60,$-60,$-11,$4,$-134,$-35,$8,$-11
36,2009-09-30,32.64,$10.50,3.11,$16.83,1.94,$1.22,26.83,$1.42,22.99,$1.10B,$0.46B,2.4,$0.83B,$0.96B,0.86,$1.57B,$0.46B,29.28%,$1.57B,$0.70B,44.24%,$1.57B,$0.16B,10.06%,$1.57B,$0.76B,48.63%,$1.57B,$0.17B,10.57%,$1.57B,$0.12B,7.83%,$0.12B,$0.96B,13.85%,$0.12B,$0.47B,30.24%,$0.12B,$2.41B,5.05%,$0.70B,$1.79B,39.61%,$528,$365,$163,$19,$58,$442,$86,$-21,$65,$14,$51,$51,$52,$86,$86,$92,93,$0.56,$0.56,$245,$391,$0,$1102,$362,$0,$489,$454,$1305,$2407,$459,$825,$99,$984,$1443,$435,$466,$60,$963,$2407,$52,$16,$2,$19,$-24,$-3,$-30,$-5,$-34,$36,$-8,$0,$-24,$0,$0,$0,$-5,$-37,$-50,$0,$-50,$-22,$-22,$-5,$2,$-74,$-74,$3,$-5
37,2009-06-30,26.63,$0.00,0.0,$15.99,1.67,$0.86,31.13,$1.16,22.95,$1.15B,$0.50B,2.3,$0.88B,$0.92B,0.95,$1.50B,$0.43B,28.89%,$1.50B,$0.67B,44.56%,$1.50B,$0.13B,8.74%,$1.50B,$0.74B,49.17%,$1.50B,$0.15B,10.27%,$1.50B,$0.11B,7.27%,$0.11B,$0.92B,12.54%,$0.11B,$0.44B,27.97%,$0.11B,$2.54B,4.43%,$0.67B,$1.80B,38.10%,$0,$0,$0,$0,$0,$0,$0,$0,$0,$0,$0,$0,$0,$0,$0,$0,0,$0.00,$0.00,$316,$385,$0,$1153,$354,$0,$483,$450,$1383,$2536,$501,$875,$86,$1113,$1614,$452,$419,$51,$922,$2536,$0,$0,$0,$0,$0,$0,$0,$0,$0,$0,$0,$0,$0,$0,$0,$0,$0,$0,$0,$0,$0,$0,$0,$0,$0,$0,$0,$0,$0
38,2009-03-31,23.75,$9.13,2.6,$15.99,1.49,$0.86,27.77,$1.16,20.48,$1.04B,$0.44B,2.37,$0.88B,$0.84B,1.04,$1.50B,$0.43B,28.89%,$1.50B,$0.67B,44.56%,$1.50B,$0.13B,8.74%,$1.50B,$0.74B,49.17%,$1.50B,$0.15B,10.27%,$1.50B,$0.11B,7.27%,$0.11B,$0.84B,12.50%,$0.11B,$0.38B,28.20%,$0.11B,$2.37B,4.41%,$0.67B,$1.72B,37.93%,$506,$356,$150,$18,$60,$434,$72,$-8,$64,$17,$46,$46,$46,$123,$72,$92,93,$0.50,$0.49,$198,$383,$0,$1037,$338,$0,$458,$445,$1334,$2372,$438,$875,$74,$1093,$1531,$449,$384,$8,$841,$2372,$109,$51,$19,$70,$-6,$-9,$-4,$-29,$-78,$102,$-32,$-1,$-88,$0,$0,$0,$2,$-119,$-31,$-14,$-45,$-53,$-53,$-15,$3,$-110,$-121,$7,$-15
39,2008-12-31,30.83,$8.97,3.44,$15.62,1.97,$1.23,25.12,$1.09,28.28,$1.05B,$0.46B,2.3,$0.89B,$0.83B,1.08,$1.47B,$0.43B,29.38%,$1.47B,$0.66B,44.71%,$1.47B,$0.12B,8.28%,$1.47B,$0.73B,49.39%,$1.47B,$0.15B,9.91%,$1.47B,$0.10B,6.99%,$0.10B,$0.83B,11.74%,$0.10B,$0.33B,26.89%,$0.10B,$2.43B,4.24%,$0.66B,$1.72B,38.28%,$537,$391,$147,$20,$0,$0,$537,$0,$37,$13,$0,$24,$25,$555,$0,$92,94,$0.27,$0.27,$162,$407,$0,$1052,$347,$0,$495,$446,$1376,$2428,$457,$892,$111,$1145,$1602,$443,$343,$40,$826,$2428,$63,$34,$11,$46,$-14,$-29,$14,$2,$-72,$36,$-21,$-1,$-88,$0,$0,$0,$2,$-108,$-14,$-14,$-28,$-53,$-53,$-10,$3,$-88,$-156,$5,$-10
40,2008-09-30,36.63,$9.56,3.83,$14.45,2.54,$1.90,19.29,$1.18,31.05,$1.12B,$0.48B,2.35,$0.89B,$0.89B,1.01,$1.37B,$0.42B,30.39%,$1.37B,$0.56B,40.60%,$1.37B,$0.12B,8.89%,$1.37B,$0.62B,45.48%,$1.37B,$0.16B,11.30%,$1.37B,$0.11B,8.16%,$0.11B,$0.89B,12.80%,$0.11B,$0.41B,27.77%,$0.11B,$2.51B,4.80%,$0.56B,$1.78B,33.59%,$456,$320,$136,$18,$59,$396,$59,$-6,$53,$14,$38,$38,$38,$59,$59,$93,95,$0.41,$0.40,$249,$422,$0,$1120,$350,$0,$482,$462,$1385,$2505,$476,$893,$112,$1141,$1617,$469,$323,$96,$888,$2505,$38,$17,$-12,$5,$16,$-40,$7,$7,$-41,$1,$-6,$-1,$-15,$0,$0,$0,$2,$-20,$-14,$-11,$-25,$-24,$-24,$-5,$2,$-52,$-69,$3,$-5
41,2008-06-30,30.22,$0.00,0.0,$13.67,2.21,$2.19,13.8,$1.14,26.51,$1.16B,$0.49B,2.37,$0.90B,$0.93B,0.96,$1.30B,$0.40B,30.64%,$1.30B,$0.55B,41.96%,$1.30B,$0.11B,8.47%,$1.30B,$0.61B,47.11%,$1.30B,$0.15B,11.16%,$1.30B,$0.11B,8.31%,$0.11B,$0.93B,12.77%,$0.11B,$0.43B,27.15%,$0.11B,$2.58B,4.93%,$0.55B,$1.83B,34.80%,$0,$0,$0,$0,$0,$0,$0,$0,$0,$0,$0,$0,$0,$0,$0,$0,0,$0.00,$0.00,$319,$375,$0,$1163,$339,$0,$508,$464,$1418,$2581,$492,$895,$112,$1156,$1647,$489,$290,$155,$934,$2581,$0,$0,$0,$0,$0,$0,$0,$0,$0,$0,$0,$0,$0,$0,$0,$0,$0,$0,$0,$0,$0,$0,$0,$0,$0,$0,$0,$0,$0
42,2008-03-31,35.83,$9.22,3.89,$13.67,2.62,$2.19,16.36,$1.14,31.43,$0.86B,$0.42B,2.05,$0.70B,$0.86B,0.81,$1.30B,$0.40B,30.64%,$1.30B,$0.55B,41.96%,$1.30B,$0.11B,8.47%,$1.30B,$0.61B,47.11%,$1.30B,$0.15B,11.16%,$1.30B,$0.11B,8.31%,$0.11B,$0.86B,13.49%,$0.11B,$0.37B,27.64%,$0.11B,$2.20B,5.33%,$0.55B,$1.56B,37.32%,$481,$330,$150,$19,$68,$418,$63,$-7,$56,$16,$40,$40,$40,$114,$63,$93,95,$0.43,$0.42,$65,$336,$0,$858,$319,$0,$492,$450,$1342,$2199,$418,$698,$102,$921,$1339,$498,$267,$95,$861,$2199,$108,$51,$6,$57,$-71,$-37,$53,$18,$-33,$132,$-26,$-12,$-87,$31,$0,$31,$0,$-95,$-96,$138,$43,$-33,$-33,$-14,$8,$4,$34,$6,$-14
43,2007-12-31,33.2,$8.75,3.8,$12.49,2.66,$1.57,21.14,$0.90,36.89,$0.80B,$0.37B,2.18,$0.65B,$0.82B,0.79,$1.18B,$0.35B,29.49%,$1.18B,$0.52B,43.64%,$1.18B,$0.08B,6.78%,$1.18B,$0.57B,48.56%,$1.18B,$0.11B,9.41%,$1.18B,$0.09B,7.20%,$0.09B,$0.82B,11.16%,$0.09B,$0.41B,21.94%,$0.09B,$2.04B,4.36%,$0.52B,$1.46B,36.15%,$435,$305,$131,$16,$0,$0,$435,$0,$46,$12,$0,$0,$34,$451,$0,$93,95,$0.37,$0.36,$102,$326,$0,$803,$329,$0,$404,$443,$1236,$2039,$369,$648,$100,$854,$1223,$505,$232,$79,$816,$2039,$68,$31,$5,$36,$-22,$-24,$25,$10,$-11,$93,$-14,$-12,$0,$20,$0,$20,$0,$-6,$-5,$-8,$-13,$-19,$-19,$-9,$3,$-38,$42,$4,$-9
44,2007-09-30,20.21,$8.24,2.45,$11.88,1.7,$0.74,27.19,$0.77,26.25,$0.75B,$0.34B,2.17,$0.64B,$0.77B,0.83,$1.12B,$0.31B,28.05%,$1.12B,$0.45B,40.41%,$1.12B,$0.08B,7.17%,$1.12B,$0.51B,45.43%,$1.12B,$0.09B,8.06%,$1.12B,$0.07B,6.45%,$0.07B,$0.77B,9.86%,$0.07B,$0.38B,19.15%,$0.07B,$1.95B,3.78%,$0.45B,$1.41B,32.24%,$383,$265,$117,$16,$54,$336,$47,$-4,$43,$9,$34,$34,$34,$47,$47,$93,95,$0.37,$0.36,$79,$315,$0,$747,$322,$0,$387,$441,$1199,$1947,$344,$643,$87,$831,$1175,$521,$202,$48,$771,$1947,$34,$16,$3,$18,$-3,$-21,$8,$-1,$-25,$27,$-4,$0,$0,$16,$0,$16,$-12,$-1,$-8,$-0,$-8,$-0,$-0,$-4,$1,$-12,$17,$2,$-4
45,2007-06-30,18.5,$0.00,0.0,$11.49,1.61,$0.35,52.96,$0.60,30.83,$0.72B,$0.38B,1.89,$0.65B,$0.75B,0.86,$1.07B,$0.29B,26.93%,$1.07B,$0.43B,40.07%,$1.07B,$0.06B,5.50%,$1.07B,$0.49B,45.29%,$1.07B,$0.07B,6.34%,$1.07B,$0.06B,5.13%,$0.06B,$0.75B,7.82%,$0.06B,$0.40B,15.06%,$0.06B,$1.93B,2.94%,$0.43B,$1.41B,31.15%,$0,$0,$0,$0,$0,$0,$0,$0,$0,$0,$0,$0,$0,$0,$0,$0,0,$0.00,$0.00,$79,$295,$3,$719,$331,$0,$356,$464,$1206,$1925,$380,$651,$36,$791,$1171,$519,$178,$57,$754,$1925,$0,$0,$0,$0,$0,$0,$0,$0,$0,$0,$0,$0,$0,$0,$0,$0,$0,$0,$0,$0,$0,$0,$0,$0,$0,$0,$0,$0,$0
46,2007-03-31,16.65,$7.62,2.18,$11.49,1.45,$0.35,47.67,$0.60,27.75,$0.71B,$0.34B,2.1,$0.71B,$0.71B,1.01,$1.07B,$0.29B,26.93%,$1.07B,$0.43B,40.07%,$1.07B,$0.06B,5.50%,$1.07B,$0.49B,45.29%,$1.07B,$0.07B,6.34%,$1.07B,$0.06B,5.13%,$0.06B,$0.71B,8.15%,$0.06B,$0.36B,15.50%,$0.06B,$1.89B,3.01%,$0.43B,$1.42B,31.98%,$362,$263,$100,$16,$50,$329,$33,$-11,$22,$5,$17,$17,$17,$75,$33,$92,93,$0.19,$0.18,$93,$310,$0,$713,$321,$0,$349,$465,$1178,$1891,$339,$709,$34,$846,$1185,$507,$164,$34,$705,$1891,$55,$42,$28,$70,$-9,$-4,$-19,$-5,$-50,$74,$-28,$0,$0,$-30,$0,$-30,$-60,$-117,$100,$-16,$84,$-16,$-16,$-12,$-0,$56,$16,$7,$-12
47,2006-12-31,16.27,$7.47,2.18,$11.14,1.46,$0.83,19.67,$0.64,25.42,$0.72B,$0.35B,2.04,$0.67B,$0.69B,0.97,$1.04B,$0.29B,27.42%,$1.04B,$0.43B,40.94%,$1.04B,$0.06B,5.37%,$1.04B,$0.48B,46.40%,$1.04B,$0.08B,7.29%,$1.04B,$0.06B,5.66%,$0.06B,$0.69B,9.01%,$0.06B,$0.37B,16.83%,$0.06B,$1.85B,3.33%,$0.43B,$1.36B,32.96%,$371,$274,$96,$15,$0,$0,$371,$0,$25,$4,$0,$0,$21,$385,$0,$92,94,$0.23,$0.23,$74,$323,$0,$718,$320,$0,$326,$444,$1136,$1854,$352,$669,$35,$810,$1162,$510,$151,$31,$692,$1854,$38,$28,$1,$29,$-9,$-23,$-4,$-5,$-49,$18,$-17,$0,$0,$-6,$0,$-6,$0,$-23,$45,$-2,$43,$-12,$-12,$-8,$-0,$23,$21,$6,$-8
