,Date,Stock Price,Book Value per Share,Price to Book Ratio,TTM Sales per Share,Price to Sales Ratio,TTM FCF per Share,Price to FCF Ratio,TTM Net EPS,PE Ratio,Current Assets,Current Liabilities,Current Ratio,Long Term Debt,Shareholder's Equity_x,Debt to Equity Ratio,TTM Revenue_x,TTM Gross Profit,Gross Margin,TTM Revenue_y,TTM Operating Income,Operating Margin,TTM Revenue_x,TTM EBIT,EBIT Margin,TTM Revenue_y,TTM EBITDA,EBITDA Margin,TTM Revenue_x,TTM Pre-Tax Income,Pre-Tax Margin,TTM Revenue_y,TTM Net Income_x,Net Margin,TTM Net Income_y,Shareholder's Equity_y,Return on Equity,TTM Net Income_x,Tangible Equity,Return on Tangible Equity,TTM Net Income_y,Total Assets,Return on Assets,TTM Net Income,LT Investments & Debt,Return on Investment,revenue,cost-goods-sold,gross-profit,research-development-expenses,selling-general-administrative-expenses,operating-expenses,operating-income,total-non-operating-income-expense,pre-tax-income,total-provision-income-taxes,income-after-taxes,income-from-continuous-operations,net-income,ebitda,ebit,basic-shares-outstanding,shares-outstanding,eps-basic-net-earnings-per-share,eps-earnings-per-share-diluted,cash-on-hand,inventory,other-current-assets,total-current-assets,net-property-plant-equipment,long-term-investments,goodwill-intangible-assets-total,other-long-term-assets,total-long-term-assets,total-assets,total-current-liabilities,long-term-debt,other-non-current-liabilities,total-long-term-liabilities,total-liabilities,common-stock-net,retained-earnings-accumulated-deficit,comprehensive-income,total-share-holder-equity,total-liabilities-share-holders-equity,net-income-loss,total-depreciation-amortization-cash-flow,other-non-cash-items,total-non-cash-items,change-in-accounts-receivable,change-in-inventories,change-in-accounts-payable,change-in-assets-liabilities,total-change-in-assets-liabilities,cash-flow-from-operating-activities,net-change-in-property-plant-equipment,net-change-in-intangible-assets,net-acquisitions-divestitures,net-change-in-short-term-investments,net-change-in-long-term-investments,net-change-in-investments-total,investing-activities-other,cash-flow-from-investing-activities,net-long-term-debt,net-current-debt,debt-issuance-retirement-net-total,net-common-equity-issued-repurchased,net-total-equity-issued-repurchased,total-common-preferred-stock-dividends-paid,financial-activities-other,cash-flow-from-financial-activities,net-cash-flow,stock-based-compensation,common-stock-dividends-paid
0,2018-09-30,8.7,$2.63,3.31,$7.35,1.18,$-1.04,0.0,$0.10,87.0,$0.05B,$0.03B,1.8,$0.02B,$0.06B,0.28,$0.17B,$0.06B,37.87%,$0.17B,$0.01B,5.33%,$0.17B,$0.01B,5.33%,$0.17B,$0.02B,11.24%,$0.17B,$0.00B,2.37%,$0.17B,$0.00B,0.59%,$0.00B,$0.06B,1.67%,$0.00B,$0.03B,4.00%,$0.00B,$0.11B,0.89%,$0.01B,$0.08B,11.92%,$43,$26,$17,$0,$13,$40,$4,$-0,$3,$1,$3,$3,$2,$6,$4,$24,24,$0.10,$0.10,$11,$0,$0,$53,$20,$0,$33,$1,$57,$110,$30,$18,$1,$18,$48,$0,$-523,$-0,$62,$110,$-3,$8,$4,$12,$1,$0,$0,$-7,$-12,$-3,$-8,$0,$0,$0,$0,$0,$0,$-8,$0,$4,$4,$3,$3,$0,$-4,$3,$-8,$4,$0
1,2018-06-30,9.7,$2.46,3.94,$7.43,1.31,$-0.69,0.0,$0.03,323.33,$0.05B,$0.03B,1.57,$0.02B,$0.06B,0.3,$0.17B,$0.06B,37.50%,$0.17B,$0.01B,4.17%,$0.17B,$0.01B,4.17%,$0.17B,$0.02B,10.12%,$0.17B,$0.00B,1.79%,$0.17B,0,0.00%,$0.00B,$0.06B,0.00%,$0.00B,$0.02B,0.00%,$0.00B,$0.11B,0.00%,$0.01B,$0.08B,9.69%,$42,$27,$15,$0,$13,$43,$-1,$-1,$-3,$0,$-3,$-3,$-3,$2,$-1,$23,23,$-0.13,$-0.13,$10,$0,$0,$54,$19,$0,$34,$0,$57,$110,$34,$18,$1,$18,$53,$0,$-526,$-0,$58,$110,$-6,$5,$4,$10,$-0,$0,$0,$-5,$-10,$-6,$-5,$0,$0,$0,$0,$0,$0,$-5,$4,$0,$4,$2,$2,$0,$-4,$2,$-9,$3,$0
2,2018-03-31,9.45,$2.59,3.65,$7.35,1.28,$-0.31,0.0,$0.13,72.69,$0.05B,$0.03B,1.75,$0.01B,$0.06B,0.23,$0.17B,$0.06B,36.97%,$0.17B,$0.01B,4.85%,$0.17B,$0.01B,4.85%,$0.17B,$0.02B,9.70%,$0.17B,$0.01B,4.24%,$0.17B,$0.00B,1.21%,$0.00B,$0.06B,3.54%,$0.00B,$0.02B,8.89%,$0.00B,$0.11B,1.83%,$0.01B,$0.07B,11.47%,$37,$25,$12,$0,$11,$38,$-1,$-0,$-2,$1,$-2,$-2,$-3,$1,$-1,$23,23,$-0.11,$-0.11,$15,$0,$0,$54,$19,$0,$35,$0,$57,$111,$31,$14,$7,$20,$51,$0,$-523,$0,$60,$111,$-3,$2,$2,$4,$6,$0,$0,$-5,$-4,$-3,$-3,$0,$0,$0,$0,$0,$0,$-3,$0,$0,$0,$1,$1,$0,$0,$1,$-4,$2,$0
3,2017-12-31,7.1,$2.69,2.64,$7.26,0.98,$-0.29,0.0,$0.14,50.71,$0.06B,$0.04B,1.6,$0.01B,$0.06B,0.22,$0.16B,$0.06B,37.04%,$0.16B,$0.01B,4.32%,$0.16B,$0.01B,4.32%,$0.16B,$0.02B,9.26%,$0.16B,$0.01B,4.94%,$0.16B,$0.00B,1.85%,$0.00B,$0.06B,5.50%,$0.00B,$0.02B,14.12%,$0.00B,$0.12B,2.83%,$0.01B,$0.07B,10.85%,$47,$27,$20,$0,$13,$40,$7,$-1,$6,$1,$6,$6,$5,$10,$7,$22,22,$0.25,$0.25,$19,$0,$0,$64,$17,$0,$36,$0,$56,$120,$40,$14,$7,$20,$60,$0,$-520,$0,$60,$120,$3,$8,$5,$13,$-4,$0,$0,$0,$-3,$13,$-9,$0,$-10,$0,$0,$0,$0,$-19,$10,$0,$10,$1,$1,$0,$-0,$11,$3,$7,$0
4,2017-09-30,7.0,$2.39,2.92,$6.91,1.01,$-0.28,0.0,$-0.11,0.0,$0.05B,$0.03B,1.59,$0.01B,$0.05B,0.26,$0.15B,$0.06B,35.71%,$0.15B,$0.00B,1.30%,$0.15B,$0.00B,1.30%,$0.15B,$0.01B,5.84%,$0.15B,$0.00B,1.95%,$0.15B,$-0.00B,-1.30%,$-0.00B,$0.05B,-3.81%,$-0.00B,$0.02B,-8.99%,$-0.00B,$0.11B,-2.02%,$0.00B,$0.07B,3.39%,$42,$27,$16,$0,$12,$41,$2,$0,$2,$1,$1,$1,$1,$4,$2,$22,23,$0.03,$0.03,$12,$0,$0,$54,$15,$0,$32,$0,$50,$105,$34,$14,$3,$17,$51,$0,$-525,$0,$54,$105,$-2,$6,$3,$9,$-1,$0,$0,$-2,$-3,$4,$-6,$0,$-10,$0,$0,$0,$0,$-17,$0,$10,$10,$1,$1,$0,$-0,$11,$-4,$5,$0
5,2017-06-30,6.5,$2.32,2.81,$6.65,0.98,$-0.08,0.0,$-0.03,0.0,$0.05B,$0.03B,1.56,$0.01B,$0.05B,0.26,$0.15B,$0.05B,35.37%,$0.15B,$0.00B,0.68%,$0.15B,$0.00B,0.68%,$0.15B,$0.01B,5.44%,$0.15B,$0.00B,1.36%,$0.15B,$-0.00B,-0.68%,$-0.00B,$0.05B,-1.93%,$-0.00B,$0.02B,-3.96%,$-0.00B,$0.10B,-1.07%,$0.00B,$0.07B,1.82%,$39,$26,$13,$0,$11,$39,$-0,$1,$1,$1,$-0,$-0,$-1,$1,$-0,$22,22,$-0.03,$-0.03,$13,$0,$0,$51,$14,$0,$32,$0,$50,$102,$33,$14,$3,$17,$50,$0,$-526,$-0,$52,$102,$-3,$4,$2,$6,$2,$0,$0,$-4,$-1,$1,$-4,$0,$-10,$0,$0,$0,$0,$-14,$10,$0,$10,$1,$1,$0,$-0,$11,$-3,$3,$0
6,2017-03-31,6.4,$2.34,2.74,$6.52,0.98,$0.19,33.21,$-0.03,0.0,$0.05B,$0.04B,1.16,$0.00B,$0.05B,0.0,$0.14B,$0.05B,35.66%,$0.14B,$0.00B,1.40%,$0.14B,$0.00B,1.40%,$0.14B,$0.01B,6.29%,$0.14B,$0.00B,0.70%,$0.14B,$-0.00B,-0.70%,$-0.00B,$0.05B,-1.96%,$-0.00B,$0.02B,-3.57%,$-0.00B,$0.10B,-1.15%,$0.00B,$0.05B,3.92%,$34,$23,$11,$0,$11,$36,$-2,$1,$-1,$1,$-2,$-2,$-2,$0,$-2,$22,22,$-0.10,$-0.10,$12,$0,$0,$48,$13,$0,$33,$0,$48,$97,$42,$0,$3,$3,$45,$0,$-525,$1,$52,$97,$-2,$2,$1,$3,$2,$0,$0,$-2,$-4,$-3,$-2,$0,$-10,$0,$0,$0,$0,$-12,$10,$0,$10,$0,$0,$0,$0,$10,$-4,$2,$0
7,2016-12-31,5.9,$2.40,2.46,$6.38,0.92,$0.59,10.05,$0.05,118.0,$0.05B,$0.04B,1.46,$0.00B,$0.05B,0.0,$0.14B,$0.05B,35.71%,$0.14B,$0.00B,2.14%,$0.14B,$0.00B,2.14%,$0.14B,$0.01B,7.14%,$0.14B,$0.00B,1.43%,$0.14B,0,0.00%,$0.00B,$0.05B,0.00%,$0.00B,$0.03B,0.00%,$0.00B,$0.09B,0.00%,$0.00B,$0.05B,5.94%,$39,$24,$15,$0,$11,$37,$2,$-1,$1,$1,$0,$0,$-0,$4,$2,$22,22,$-0.02,$-0.02,$16,$0,$0,$53,$12,$0,$25,$1,$41,$93,$36,$0,$5,$5,$41,$0,$-523,$0,$52,$93,$1,$7,$4,$11,$-4,$0,$0,$-2,$-2,$10,$-6,$0,$-4,$0,$0,$0,$0,$-10,$4,$0,$4,$-4,$-4,$0,$0,$-0,$1,$5,$0
8,2016-09-30,4.71,$2.35,2.0,$5.95,0.79,$0.74,6.36,$0.14,33.64,$0.05B,$0.03B,1.76,$0.00B,$0.05B,0.0,$0.14B,$0.05B,35.29%,$0.14B,$0.01B,3.68%,$0.14B,$0.01B,3.68%,$0.14B,$0.01B,8.82%,$0.14B,$0.01B,3.68%,$0.14B,$0.00B,1.47%,$0.00B,$0.05B,3.96%,$0.00B,$0.03B,6.11%,$0.00B,$0.08B,2.54%,$0.01B,$0.05B,9.90%,$35,$22,$13,$0,$10,$34,$1,$0,$1,$-1,$2,$2,$2,$3,$1,$22,22,$0.11,$0.11,$13,$0,$0,$47,$12,$0,$17,$1,$34,$81,$27,$0,$3,$3,$29,$0,$-523,$0,$51,$81,$1,$5,$1,$6,$-0,$0,$0,$-2,$-1,$6,$-5,$0,$0,$0,$0,$0,$0,$-5,$0,$0,$0,$-4,$-4,$0,$0,$-4,$-2,$3,$0
9,2016-06-30,5.22,$2.23,2.34,$5.67,0.92,$1.04,5.04,$-0.11,0.0,$0.05B,$0.03B,1.71,$0.00B,$0.05B,0.0,$0.13B,$0.05B,33.58%,$0.13B,$0.00B,2.99%,$0.13B,$0.00B,2.99%,$0.13B,$0.01B,7.46%,$0.13B,$0.00B,1.49%,$0.13B,$-0.00B,-2.24%,$-0.00B,$0.05B,-5.94%,$-0.00B,$0.03B,-9.30%,$-0.00B,$0.08B,-3.85%,$0.00B,$0.05B,7.92%,$35,$23,$12,$0,$10,$35,$1,$-0,$0,$0,$-0,$-0,$-1,$2,$1,$22,22,$-0.03,$-0.03,$15,$0,$0,$46,$11,$0,$18,$2,$32,$77,$27,$0,$2,$2,$29,$0,$-525,$0,$49,$77,$-1,$3,$1,$4,$2,$0,$0,$-0,$3,$5,$-2,$0,$0,$0,$0,$0,$0,$-2,$0,$0,$0,$-4,$-4,$0,$0,$-4,$0,$2,$0
10,2016-03-31,4.72,$2.25,2.09,$5.46,0.86,$1.08,4.35,$-0.04,0.0,$0.05B,$0.03B,1.76,$0.00B,$0.05B,0.0,$0.14B,$0.05B,33.82%,$0.14B,$0.01B,3.68%,$0.14B,$0.01B,3.68%,$0.14B,$0.01B,8.82%,$0.14B,$0.00B,2.94%,$0.14B,$-0.00B,-0.74%,$-0.00B,$0.05B,-1.87%,$-0.00B,$0.03B,-2.90%,$-0.00B,$0.08B,-1.24%,$0.01B,$0.05B,9.35%,$31,$22,$10,$0,$9,$32,$-1,$1,$0,$0,$-0,$-0,$-1,$1,$-1,$22,22,$-0.02,$-0.02,$16,$0,$0,$45,$11,$0,$18,$2,$32,$77,$26,$0,$2,$2,$28,$0,$-525,$0,$50,$77,$-1,$2,$-0,$1,$3,$0,$0,$-0,$4,$5,$-1,$0,$0,$0,$0,$0,$0,$-1,$0,$0,$0,$-3,$-3,$0,$0,$-3,$1,$1,$0
11,2015-12-31,3.72,$2.31,1.61,$5.32,0.7,$1.07,3.46,$-0.13,0.0,$0.05B,$0.03B,1.83,$0.00B,$0.05B,0.0,$0.14B,$0.05B,33.33%,$0.14B,$0.01B,4.35%,$0.14B,$0.01B,4.35%,$0.14B,$0.01B,9.42%,$0.14B,$0.00B,1.45%,$0.14B,$-0.00B,-2.17%,$-0.00B,$0.05B,-5.26%,$-0.00B,$0.03B,-8.11%,$-0.00B,$0.08B,-3.56%,$0.01B,$0.05B,10.53%,$35,$22,$13,$0,$7,$31,$4,$0,$4,$-1,$5,$5,$2,$6,$4,$26,26,$0.09,$0.09,$15,$0,$0,$48,$12,$0,$18,$1,$33,$80,$26,$0,$2,$2,$28,$0,$-524,$1,$52,$80,$-3,$8,$6,$14,$6,$0,$0,$3,$3,$13,$-4,$0,$0,$0,$0,$0,$0,$-4,$0,$0,$0,$-18,$-18,$0,$-0,$-18,$-11,$4,$0
12,2015-09-30,3.77,$2.24,1.68,$5.32,0.71,$0.91,4.13,$-0.29,0.0,$0.05B,$0.03B,1.86,$0.00B,$0.05B,0.0,$0.14B,$0.05B,33.80%,$0.14B,$0.01B,5.63%,$0.14B,$0.01B,5.63%,$0.14B,$0.02B,10.56%,$0.14B,$0.00B,2.11%,$0.14B,$-0.01B,-4.93%,$-0.01B,$0.05B,-11.34%,$-0.01B,$0.03B,-17.18%,$-0.01B,$0.08B,-7.78%,$0.01B,$0.05B,12.96%,$33,$24,$10,$0,$8,$34,$-0,$-2,$-2,$0,$-3,$-3,$-3,$1,$-0,$25,25,$-0.14,$-0.14,$16,$0,$0,$46,$11,$0,$19,$1,$32,$78,$25,$0,$2,$2,$27,$0,$-526,$1,$51,$78,$-5,$6,$8,$14,$9,$0,$0,$-1,$4,$12,$-3,$0,$0,$0,$0,$0,$0,$-3,$0,$0,$0,$-18,$-18,$0,$0,$-18,$-10,$5,$0
13,2015-06-30,4.39,$2.49,1.76,$5.54,0.79,$0.68,6.49,$-0.16,0.0,$0.05B,$0.03B,2.1,$0.00B,$0.06B,0.0,$0.15B,$0.05B,34.21%,$0.15B,$0.01B,5.92%,$0.15B,$0.01B,5.92%,$0.15B,$0.02B,11.84%,$0.15B,$0.01B,3.29%,$0.15B,$-0.00B,-2.63%,$-0.00B,$0.06B,-5.90%,$-0.00B,$0.04B,-8.79%,$-0.00B,$0.09B,-4.12%,$0.01B,$0.06B,13.28%,$37,$24,$13,$0,$9,$35,$2,$0,$2,$0,$2,$2,$1,$4,$2,$26,27,$0.04,$0.04,$20,$0,$0,$54,$12,$0,$21,$1,$34,$88,$26,$0,$1,$1,$27,$0,$-523,$2,$61,$88,$-2,$4,$5,$9,$6,$0,$0,$-1,$1,$7,$-2,$0,$0,$0,$0,$0,$0,$-2,$0,$0,$0,$-11,$-11,$0,$0,$-11,$-6,$3,$0
14,2015-03-31,4.02,$2.48,1.62,$5.56,0.72,$0.60,6.75,$-0.25,0.0,$0.06B,$0.03B,2.15,$0.00B,$0.06B,0.0,$0.16B,$0.05B,32.48%,$0.16B,$0.01B,3.82%,$0.16B,$0.01B,3.82%,$0.16B,$0.02B,9.55%,$0.16B,$0.00B,1.27%,$0.16B,$-0.01B,-3.82%,$-0.01B,$0.06B,-8.19%,$-0.01B,$0.04B,-12.00%,$-0.01B,$0.09B,-5.77%,$0.01B,$0.06B,8.19%,$33,$23,$10,$0,$8,$33,$-0,$-2,$-2,$0,$-2,$-2,$-3,$2,$-0,$26,26,$-0.11,$-0.11,$23,$0,$0,$57,$12,$0,$22,$1,$35,$91,$27,$0,$1,$1,$28,$0,$-524,$2,$64,$91,$-3,$2,$3,$5,$6,$0,$0,$0,$3,$5,$-1,$0,$0,$0,$0,$0,$0,$-1,$0,$0,$0,$-5,$-5,$0,$0,$-5,$-2,$1,$0
15,2014-12-31,5.72,$2.65,2.16,$5.57,1.03,$0.50,11.41,$-0.26,0.0,$0.07B,$0.03B,2.19,$0.00B,$0.07B,0.0,$0.16B,$0.05B,30.86%,$0.16B,$0.00B,1.85%,$0.16B,$0.00B,1.85%,$0.16B,$0.01B,7.41%,$0.16B,0,0.00%,$0.16B,$-0.01B,-4.32%,$-0.01B,$0.07B,-8.67%,$-0.01B,$0.05B,-12.39%,$-0.01B,$0.10B,-6.22%,$0.00B,$0.07B,3.72%,$39,$23,$15,$0,$7,$33,$6,$-1,$5,$2,$3,$3,$-2,$8,$6,$29,29,$-0.08,$-0.08,$26,$0,$0,$66,$12,$0,$22,$0,$36,$103,$30,$0,$1,$1,$32,$0,$-521,$2,$71,$103,$-8,$10,$8,$18,$1,$0,$0,$2,$-0,$10,$-5,$0,$1,$0,$0,$0,$0,$-4,$0,$0,$0,$-20,$-20,$0,$-2,$-23,$-18,$5,$0
16,2014-09-30,5.86,$2.76,2.13,$5.22,1.12,$0.71,8.31,$-0.40,0.0,$0.07B,$0.03B,2.22,$0.00B,$0.08B,0.0,$0.15B,$0.05B,30.07%,$0.15B,$-0.01B,-3.92%,$0.15B,$-0.01B,-3.92%,$0.15B,$0.00B,2.61%,$0.15B,$-0.01B,-5.23%,$0.15B,$-0.01B,-7.19%,$-0.01B,$0.08B,-12.72%,$-0.01B,$0.05B,-18.03%,$-0.01B,$0.11B,-9.17%,$-0.01B,$0.08B,-6.94%,$43,$29,$14,$0,$10,$41,$1,$-1,$0,$1,$-0,$-0,$-0,$4,$1,$28,28,$-0.01,$-0.01,$26,$0,$0,$65,$13,$0,$25,$3,$41,$106,$29,$0,$1,$1,$31,$0,$-519,$2,$75,$106,$-5,$7,$4,$11,$5,$0,$0,$-0,$1,$7,$-4,$0,$0,$0,$0,$0,$0,$-4,$0,$0,$0,$-18,$-18,$0,$-2,$-20,$-17,$3,$0
17,2014-06-30,6.39,$2.92,2.19,$5.46,1.17,$0.77,8.3,$-0.23,0.0,$0.07B,$0.03B,2.37,$0.00B,$0.08B,0.0,$0.16B,$0.05B,33.13%,$0.16B,$-0.00B,-1.23%,$0.16B,$-0.00B,-1.23%,$0.16B,$0.01B,5.52%,$0.16B,$-0.00B,-1.23%,$0.16B,$-0.01B,-3.68%,$-0.01B,$0.08B,-6.49%,$-0.01B,$0.06B,-9.13%,$-0.01B,$0.12B,-4.67%,$-0.00B,$0.08B,-2.16%,$42,$30,$12,$0,$11,$43,$-1,$0,$-1,$0,$-1,$-1,$-1,$1,$-1,$30,30,$-0.05,$-0.05,$37,$0,$0,$74,$13,$0,$26,$2,$42,$116,$31,$0,$1,$1,$32,$0,$-519,$3,$83,$116,$-5,$5,$1,$7,$8,$0,$0,$-0,$4,$6,$-2,$0,$0,$0,$0,$0,$0,$-2,$0,$0,$0,$-9,$-9,$0,$-2,$-11,$-7,$2,$0
18,2014-03-31,6.93,$3.14,2.21,$5.75,1.2,$0.44,15.63,$-0.12,0.0,$0.08B,$0.03B,2.81,$0.00B,$0.09B,0.0,$0.17B,$0.06B,35.09%,$0.17B,$0.00B,1.17%,$0.17B,$0.00B,1.17%,$0.17B,$0.01B,8.19%,$0.17B,$0.00B,0.58%,$0.17B,$-0.00B,-1.75%,$-0.00B,$0.09B,-3.17%,$-0.00B,$0.07B,-4.48%,$-0.00B,$0.13B,-2.26%,$0.00B,$0.09B,2.11%,$38,$29,$9,$0,$10,$41,$-3,$-0,$-4,$0,$-4,$-4,$-4,$-1,$-3,$30,30,$-0.12,$-0.12,$46,$0,$0,$83,$13,$0,$26,$2,$43,$125,$30,$0,$1,$1,$31,$0,$-517,$2,$94,$125,$-4,$3,$1,$3,$7,$0,$0,$1,$3,$3,$-1,$0,$0,$0,$0,$0,$0,$-1,$0,$0,$0,$2,$2,$0,$-2,$0,$2,$1,$0
19,2013-12-31,6.72,$3.20,2.1,$6.06,1.11,$0.33,20.52,$-0.02,0.0,$0.09B,$0.04B,2.35,$0.00B,$0.09B,0.0,$0.18B,$0.07B,37.08%,$0.18B,$0.01B,2.81%,$0.18B,$0.01B,2.81%,$0.18B,$0.02B,10.11%,$0.18B,$0.01B,2.81%,$0.18B,$0.00B,0.56%,$0.00B,$0.09B,1.07%,$0.00B,$0.07B,1.54%,$0.00B,$0.13B,0.74%,$0.01B,$0.09B,5.33%,$30,$18,$11,$0,$10,$33,$-3,$-0,$-3,$1,$-4,$-4,$-6,$0,$-3,$29,30,$-0.22,$-0.21,$44,$0,$0,$88,$14,$0,$27,$0,$45,$133,$37,$0,$2,$2,$39,$0,$-513,$2,$94,$133,$-0,$13,$10,$24,$7,$0,$0,$-3,$-5,$18,$-7,$0,$0,$0,$0,$0,$0,$-7,$-6,$0,$-6,$3,$3,$0,$-2,$-5,$6,$6,$0
20,2013-09-30,6.26,$3.37,1.86,$7.10,0.88,$0.36,17.62,$0.26,24.08,$0.09B,$0.04B,2.24,$0.00B,$0.10B,0.0,$0.20B,$0.07B,35.32%,$0.20B,$0.01B,3.98%,$0.20B,$0.01B,3.98%,$0.20B,$0.02B,11.44%,$0.20B,$0.01B,4.48%,$0.20B,$0.01B,4.48%,$0.01B,$0.10B,9.84%,$0.01B,$0.07B,14.63%,$0.01B,$0.14B,6.52%,$0.01B,$0.10B,8.67%,$53,$32,$22,$0,$13,$48,$5,$1,$6,$1,$5,$5,$5,$9,$5,$29,30,$0.17,$0.16,$43,$0,$0,$90,$18,$0,$28,$2,$50,$140,$40,$0,$1,$1,$42,$0,$-507,$3,$99,$140,$6,$10,$4,$14,$2,$0,$0,$-2,$-10,$10,$-5,$0,$0,$0,$0,$0,$0,$-5,$-2,$0,$-2,$3,$3,$0,$-2,$-1,$5,$4,$0
21,2013-06-30,5.49,$3.15,1.74,$7.29,0.75,$0.42,13.18,$0.20,27.45,$0.08B,$0.04B,2.1,$0.00B,$0.09B,0.0,$0.20B,$0.07B,34.50%,$0.20B,$0.01B,3.00%,$0.20B,$0.01B,3.00%,$0.20B,$0.02B,10.00%,$0.20B,$0.01B,3.00%,$0.20B,$0.01B,3.50%,$0.01B,$0.09B,8.38%,$0.01B,$0.06B,13.40%,$0.01B,$0.13B,5.19%,$0.01B,$0.09B,7.04%,$50,$33,$18,$0,$12,$48,$3,$-0,$2,$1,$2,$2,$2,$6,$3,$29,29,$0.06,$0.06,$31,$0,$0,$81,$18,$0,$29,$2,$51,$133,$39,$0,$2,$2,$41,$0,$-512,$2,$92,$133,$1,$7,$3,$10,$0,$0,$0,$-3,$-14,$-3,$-3,$0,$0,$0,$0,$0,$0,$-3,$-2,$0,$-2,$3,$3,$0,$-2,$0,$-7,$2,$0
22,2013-03-31,6.95,$3.13,2.22,$7.59,0.92,$0.49,14.05,$0.18,38.61,$0.08B,$0.04B,1.93,$0.00B,$0.09B,0.0,$0.20B,$0.07B,34.16%,$0.20B,$0.01B,2.97%,$0.20B,$0.01B,2.97%,$0.20B,$0.02B,9.90%,$0.20B,$0.01B,2.97%,$0.20B,$0.01B,2.97%,$0.01B,$0.09B,7.89%,$0.01B,$0.06B,13.87%,$0.01B,$0.14B,4.55%,$0.01B,$0.09B,7.59%,$45,$30,$15,$0,$12,$45,$-0,$-0,$-0,$0,$-0,$-0,$-0,$3,$-0,$29,29,$-0.02,$-0.02,$38,$0,$0,$82,$20,$0,$31,$2,$53,$135,$42,$0,$2,$2,$45,$0,$-514,$3,$90,$135,$-0,$3,$2,$5,$7,$0,$0,$-1,$-4,$1,$-2,$0,$0,$0,$0,$0,$0,$-2,$-1,$0,$-1,$4,$4,$0,$-2,$2,$-0,$1,$0
23,2012-12-31,6.45,$3.03,2.13,$8.02,0.8,$0.54,11.89,$0.21,30.71,$0.09B,$0.05B,1.74,$0.00B,$0.09B,0.04,$0.21B,$0.07B,33.97%,$0.21B,$0.01B,3.35%,$0.21B,$0.01B,3.35%,$0.21B,$0.02B,10.53%,$0.21B,$0.01B,3.35%,$0.21B,$0.01B,2.87%,$0.01B,$0.09B,8.73%,$0.01B,$0.05B,17.39%,$0.01B,$0.14B,4.67%,$0.01B,$0.09B,9.59%,$53,$37,$16,$0,$11,$53,$0,$1,$1,$-0,$2,$2,$2,$5,$0,$26,26,$0.06,$0.06,$38,$0,$0,$88,$20,$0,$32,$1,$55,$144,$51,$3,$5,$8,$59,$0,$-513,$4,$85,$144,$5,$14,$5,$20,$-4,$0,$0,$-0,$-6,$19,$-8,$0,$-2,$0,$0,$0,$0,$-9,$-3,$0,$-3,$14,$14,$0,$-3,$8,$17,$6,$0
24,2012-09-30,8.56,$2.63,3.25,$7.99,1.07,$0.56,15.16,$0.20,42.8,$0.07B,$0.05B,1.41,$0.00B,$0.07B,0.06,$0.21B,$0.07B,34.47%,$0.21B,$0.01B,3.88%,$0.21B,$0.01B,3.88%,$0.21B,$0.02B,10.19%,$0.21B,$0.01B,2.91%,$0.21B,$0.01B,2.43%,$0.01B,$0.07B,8.03%,$0.01B,$0.03B,18.52%,$0.01B,$0.13B,4.03%,$0.01B,$0.07B,11.90%,$52,$32,$20,$0,$13,$49,$3,$-0,$3,$1,$3,$3,$3,$6,$3,$26,26,$0.10,$0.10,$20,$0,$0,$71,$20,$0,$34,$2,$56,$127,$50,$4,$6,$10,$60,$0,$-515,$4,$67,$127,$4,$10,$4,$14,$-4,$0,$0,$0,$-6,$12,$-6,$0,$-1,$0,$0,$0,$0,$-7,$-2,$0,$-2,$-1,$-1,$0,$-3,$-6,$-0,$4,$0
25,2012-06-30,7.95,$2.46,3.24,$8.05,0.99,$0.57,13.85,$0.12,66.25,$0.06B,$0.05B,1.31,$0.01B,$0.06B,0.07,$0.21B,$0.07B,33.50%,$0.21B,$0.01B,3.40%,$0.21B,$0.01B,3.40%,$0.21B,$0.02B,9.71%,$0.21B,$0.00B,1.94%,$0.21B,$0.00B,0.97%,$0.00B,$0.06B,3.40%,$0.00B,$0.03B,7.84%,$0.00B,$0.12B,1.67%,$0.01B,$0.07B,10.89%,$52,$33,$18,$0,$13,$49,$3,$-1,$2,$1,$1,$1,$1,$6,$3,$25,26,$0.04,$0.04,$12,$0,$0,$63,$20,$0,$35,$2,$58,$121,$48,$5,$6,$11,$59,$0,$-517,$3,$62,$121,$1,$7,$3,$10,$-5,$0,$0,$-0,$-10,$1,$-4,$0,$-1,$0,$0,$0,$0,$-6,$-2,$0,$-2,$-1,$-1,$0,$-1,$-4,$-9,$3,$0
26,2012-03-31,6.29,$2.43,2.58,$8.08,0.78,$0.94,6.67,$0.11,57.18,$0.06B,$0.05B,1.29,$0.01B,$0.06B,0.09,$0.21B,$0.07B,32.68%,$0.21B,$0.01B,2.93%,$0.21B,$0.01B,2.93%,$0.21B,$0.02B,8.78%,$0.21B,$0.00B,1.46%,$0.21B,$0.00B,0.98%,$0.00B,$0.06B,3.57%,$0.00B,$0.03B,8.08%,$0.00B,$0.12B,1.69%,$0.01B,$0.07B,9.64%,$52,$34,$17,$0,$13,$51,$1,$-0,$1,$0,$0,$0,$0,$5,$1,$25,26,$0.01,$0.01,$18,$0,$0,$64,$19,$0,$36,$2,$58,$122,$50,$5,$6,$11,$61,$0,$-518,$4,$61,$122,$0,$4,$1,$5,$1,$0,$0,$1,$-3,$2,$-2,$0,$-1,$0,$0,$0,$0,$-3,$-1,$0,$-1,$-0,$-0,$0,$-1,$-2,$-2,$1,$0
27,2011-12-31,5.95,$2.35,2.53,$8.15,0.73,$1.13,5.25,$0.12,49.58,$0.07B,$0.05B,1.31,$0.01B,$0.06B,0.1,$0.20B,$0.07B,32.35%,$0.20B,$0.01B,2.94%,$0.20B,$0.01B,2.94%,$0.20B,$0.02B,8.33%,$0.20B,$0.00B,1.47%,$0.20B,$0.00B,0.98%,$0.00B,$0.06B,3.76%,$0.00B,$0.02B,8.33%,$0.00B,$0.13B,1.74%,$0.01B,$0.07B,9.92%,$50,$34,$16,$0,$12,$49,$1,$-1,$0,$-1,$1,$1,$1,$4,$1,$25,25,$0.04,$0.04,$20,$0,$0,$68,$19,$0,$36,$0,$58,$126,$52,$6,$9,$15,$67,$0,$-519,$3,$59,$126,$3,$11,$3,$14,$-4,$0,$0,$-2,$3,$19,$-8,$0,$-3,$0,$0,$0,$0,$-11,$-3,$0,$-3,$-1,$-1,$0,$-2,$-5,$2,$5,$0
28,2011-09-30,4.72,$2.15,2.2,$8.24,0.57,$0.55,8.59,$0.24,19.67,$0.06B,$0.05B,1.39,$0.01B,$0.05B,0.13,$0.20B,$0.07B,32.84%,$0.20B,$0.01B,4.41%,$0.20B,$0.01B,4.41%,$0.20B,$0.02B,9.80%,$0.20B,$0.01B,3.43%,$0.20B,$0.01B,2.45%,$0.01B,$0.05B,9.85%,$0.01B,$0.03B,21.51%,$0.01B,$0.11B,4.54%,$0.01B,$0.06B,15.32%,$52,$34,$18,$0,$12,$49,$2,$-1,$1,$1,$0,$0,$0,$5,$2,$25,25,$0.02,$0.02,$20,$0,$0,$63,$18,$0,$26,$1,$47,$109,$45,$7,$5,$12,$57,$0,$-520,$3,$53,$109,$2,$8,$4,$11,$-2,$0,$0,$-1,$-0,$13,$-6,$0,$-1,$0,$0,$0,$0,$-7,$-2,$0,$-2,$-1,$-1,$0,$-1,$-4,$1,$4,$0
29,2011-06-30,7.15,$2.10,3.41,$8.11,0.88,$0.08,92.26,$0.33,21.67,$0.07B,$0.05B,1.35,$0.01B,$0.05B,0.15,$0.20B,$0.06B,32.16%,$0.20B,$0.01B,5.03%,$0.20B,$0.01B,5.03%,$0.20B,$0.02B,10.05%,$0.20B,$0.01B,5.03%,$0.20B,$0.01B,4.02%,$0.01B,$0.05B,16.49%,$0.01B,$0.02B,39.02%,$0.01B,$0.12B,7.41%,$0.01B,$0.06B,17.47%,$51,$35,$16,$0,$12,$49,$2,$-0,$1,$1,$1,$1,$1,$4,$2,$25,25,$0.03,$0.03,$23,$0,$0,$67,$18,$0,$27,$2,$48,$115,$50,$8,$7,$14,$64,$0,$-520,$4,$51,$115,$1,$5,$1,$6,$-2,$0,$0,$-2,$3,$10,$-4,$0,$0,$0,$0,$0,$0,$-4,$-2,$0,$-2,$-1,$-1,$0,$0,$-2,$4,$2,$0
30,2011-03-31,6.07,$2.10,2.9,$7.99,0.76,$-0.34,0.0,$0.30,20.23,$0.06B,$0.05B,1.43,$0.01B,$0.05B,0.16,$0.19B,$0.06B,32.47%,$0.19B,$0.01B,5.15%,$0.19B,$0.01B,5.15%,$0.19B,$0.02B,10.31%,$0.19B,$0.01B,5.15%,$0.19B,$0.01B,3.61%,$0.01B,$0.05B,15.30%,$0.01B,$0.02B,40.00%,$0.01B,$0.11B,6.71%,$0.01B,$0.06B,18.18%,$51,$35,$16,$0,$12,$49,$1,$0,$1,$1,$0,$0,$0,$4,$1,$24,25,$0.02,$0.02,$23,$0,$0,$64,$16,$0,$28,$1,$47,$111,$45,$8,$7,$16,$60,$0,$-521,$4,$50,$111,$0,$2,$0,$3,$1,$0,$0,$-0,$3,$6,$-1,$0,$0,$0,$0,$0,$0,$-1,$-1,$0,$-1,$-0,$-0,$0,$0,$-1,$4,$1,$0
31,2010-12-31,6.33,$2.04,3.1,$7.68,0.82,$-0.74,0.0,$0.13,48.69,$0.06B,$0.04B,1.43,$0.01B,$0.05B,0.18,$0.18B,$0.06B,31.52%,$0.18B,$0.01B,4.35%,$0.18B,$0.01B,4.35%,$0.18B,$0.02B,10.33%,$0.18B,$0.01B,3.26%,$0.18B,$0.00B,2.17%,$0.00B,$0.05B,9.30%,$0.00B,$0.02B,27.59%,$0.00B,$0.11B,3.94%,$0.01B,$0.06B,15.17%,$50,$34,$17,$0,$10,$46,$4,$-0,$4,$-0,$4,$4,$4,$7,$4,$24,24,$0.18,$0.17,$19,$0,$0,$59,$16,$0,$29,$0,$47,$106,$41,$9,$7,$16,$57,$0,$-521,$4,$49,$106,$3,$11,$3,$14,$-2,$0,$0,$-3,$-13,$3,$-7,$0,$-8,$0,$0,$0,$0,$-15,$-2,$0,$-2,$-0,$-0,$0,$-1,$-4,$-15,$4,$0
32,2010-09-30,5.67,$1.83,3.1,$7.69,0.74,$-0.06,0.0,$0.05,113.4,$0.06B,$0.04B,1.42,$0.01B,$0.04B,0.22,$0.18B,$0.06B,32.07%,$0.18B,$0.00B,2.17%,$0.18B,$0.00B,2.17%,$0.18B,$0.02B,8.15%,$0.18B,$0.01B,2.72%,$0.18B,$0.00B,1.09%,$0.00B,$0.04B,4.88%,$0.00B,$0.02B,15.69%,$0.00B,$0.10B,1.95%,$0.00B,$0.05B,7.77%,$47,$32,$15,$0,$10,$44,$3,$1,$4,$1,$3,$3,$3,$5,$3,$24,24,$0.11,$0.11,$20,$0,$0,$55,$15,$0,$27,$1,$45,$100,$39,$10,$7,$17,$57,$0,$-526,$4,$44,$100,$-1,$8,$3,$11,$2,$0,$0,$-2,$-10,$0,$-5,$0,$-3,$0,$0,$0,$0,$-9,$-2,$0,$-2,$-0,$-0,$0,$-3,$-4,$-13,$3,$0
33,2010-06-30,4.15,$1.68,2.48,$7.67,0.54,$0.38,10.9,$0.21,19.76,$0.06B,$0.04B,1.31,$0.01B,$0.04B,0.26,$0.18B,$0.06B,32.97%,$0.18B,$0.01B,4.95%,$0.18B,$0.01B,4.95%,$0.18B,$0.02B,10.99%,$0.18B,$0.01B,4.40%,$0.18B,$0.01B,2.75%,$0.01B,$0.04B,12.66%,$0.01B,$0.01B,45.45%,$0.01B,$0.10B,4.83%,$0.01B,$0.05B,17.82%,$46,$31,$15,$0,$10,$43,$2,$-1,$1,$1,$0,$0,$0,$4,$2,$24,24,$0.00,$0.00,$22,$0,$0,$56,$15,$0,$28,$1,$45,$100,$43,$11,$7,$18,$60,$0,$-528,$4,$40,$100,$-3,$6,$3,$9,$2,$0,$0,$-2,$-6,$-0,$-4,$0,$-3,$0,$0,$0,$0,$-7,$-1,$0,$-1,$-0,$-0,$0,$-1,$-2,$-11,$2,$0
34,2010-03-31,5.87,$1.68,3.5,$7.71,0.76,$0.74,7.99,$0.42,13.98,$0.06B,$0.04B,1.34,$0.01B,$0.04B,0.29,$0.18B,$0.06B,34.25%,$0.18B,$0.01B,7.18%,$0.18B,$0.01B,7.18%,$0.18B,$0.02B,13.26%,$0.18B,$0.01B,7.18%,$0.18B,$0.01B,5.52%,$0.01B,$0.04B,26.85%,$0.01B,$0.01B,100.00%,$0.01B,$0.10B,9.80%,$0.01B,$0.05B,26.67%,$41,$30,$11,$0,$10,$42,$-1,$-2,$-3,$0,$-3,$-3,$-3,$3,$-1,$24,24,$-0.15,$-0.15,$24,$0,$0,$56,$14,$0,$29,$1,$44,$100,$42,$11,$8,$19,$61,$0,$-528,$3,$39,$100,$-3,$4,$1,$4,$3,$0,$0,$0,$-4,$-3,$-1,$0,$-3,$0,$0,$0,$0,$-5,$0,$0,$0,$-0,$-0,$0,$-1,$-1,$-10,$1,$0
35,2009-12-31,5.91,$1.78,3.32,$7.65,0.77,$0.93,6.37,$0.65,9.09,$0.07B,$0.05B,1.37,$0.01B,$0.04B,0.27,$0.18B,$0.06B,35.75%,$0.18B,$0.02B,9.50%,$0.18B,$0.02B,9.50%,$0.18B,$0.03B,14.53%,$0.18B,$0.02B,10.06%,$0.18B,$0.02B,8.38%,$0.02B,$0.04B,44.44%,$0.02B,$0.01B,187.50%,$0.02B,$0.11B,15.15%,$0.02B,$0.05B,37.16%,$50,$32,$18,$0,$9,$49,$0,$3,$3,$1,$2,$2,$2,$3,$0,$23,24,$0.10,$0.09,$33,$0,$0,$68,$10,$0,$29,$0,$42,$111,$50,$11,$8,$19,$69,$0,$-525,$3,$41,$111,$15,$8,$-1,$6,$3,$0,$0,$-2,$-4,$18,$-6,$0,$-2,$0,$0,$0,$0,$-8,$-5,$0,$-5,$-0,$-0,$0,$-0,$-6,$6,$3,$0
36,2009-09-30,5.6,$1.65,3.39,$7.66,0.73,$0.97,5.76,$0.88,6.36,$0.06B,$0.05B,1.36,$0.01B,$0.04B,0.27,$0.18B,$0.06B,35.39%,$0.18B,$0.03B,14.61%,$0.18B,$0.03B,14.61%,$0.18B,$0.03B,19.10%,$0.18B,$0.02B,12.92%,$0.18B,$0.02B,11.24%,$0.02B,$0.04B,68.38%,$0.02B,$0.01B,444.44%,$0.02B,$0.10B,20.83%,$0.03B,$0.05B,62.28%,$45,$29,$16,$0,$11,$38,$8,$-1,$7,$1,$6,$6,$6,$10,$8,$23,24,$0.27,$0.27,$28,$0,$0,$63,$8,$0,$29,$2,$40,$103,$46,$10,$8,$19,$65,$0,$-527,$3,$38,$103,$13,$5,$-0,$5,$3,$0,$0,$-2,$-11,$8,$-2,$0,$-2,$0,$0,$0,$0,$-4,$-4,$0,$-4,$-0,$-0,$0,$0,$-4,$1,$3,$0
37,2009-06-30,2.7,$1.34,2.01,$7.89,0.34,$0.99,2.73,$0.79,3.42,$0.06B,$0.04B,1.37,$0.01B,$0.03B,0.38,$0.18B,$0.07B,35.71%,$0.18B,$0.02B,13.19%,$0.18B,$0.02B,13.19%,$0.18B,$0.03B,17.03%,$0.18B,$0.02B,11.54%,$0.18B,$0.02B,9.89%,$0.02B,$0.03B,74.23%,$0.02B,$0.01B,2400.00%,$0.02B,$0.09B,19.15%,$0.02B,$0.04B,63.16%,$45,$28,$17,$0,$11,$39,$6,$-1,$6,$1,$5,$5,$5,$8,$6,$23,23,$0.22,$0.21,$29,$0,$0,$60,$8,$0,$23,$2,$34,$94,$44,$12,$7,$19,$63,$0,$-533,$3,$31,$94,$7,$3,$1,$4,$6,$0,$0,$-2,$-6,$5,$-1,$0,$0,$0,$0,$0,$0,$-1,$-3,$0,$-3,$-0,$-0,$0,$0,$-3,$2,$1,$0
38,2009-03-31,2.84,$1.15,2.46,$8.11,0.35,$0.87,3.25,$0.78,3.64,$0.05B,$0.04B,1.3,$0.01B,$0.03B,0.51,$0.19B,$0.07B,34.76%,$0.19B,$0.02B,12.83%,$0.19B,$0.02B,12.83%,$0.19B,$0.03B,16.04%,$0.19B,$0.02B,10.70%,$0.19B,$0.02B,9.63%,$0.02B,$0.03B,92.31%,$0.02B,$0.00B,-423.53%,$0.02B,$0.09B,19.35%,$0.02B,$0.04B,69.57%,$39,$26,$13,$0,$10,$36,$3,$-1,$2,$1,$2,$2,$2,$5,$3,$22,23,$0.08,$0.08,$25,$0,$0,$53,$8,$0,$23,$2,$35,$88,$41,$13,$8,$21,$62,$0,$-538,$3,$25,$88,$2,$1,$0,$2,$7,$0,$0,$-0,$-3,$0,$-1,$0,$0,$0,$0,$0,$0,$-1,$-1,$0,$-1,$-0,$-0,$0,$0,$-2,$-2,$0,$0
39,2008-12-31,4.08,$1.04,3.91,$8.53,0.48,$0.85,4.79,$0.86,4.74,$0.06B,$0.05B,1.2,$0.01B,$0.02B,0.63,$0.20B,$0.07B,35.71%,$0.20B,$0.03B,13.27%,$0.20B,$0.03B,13.27%,$0.20B,$0.03B,16.33%,$0.20B,$0.02B,11.22%,$0.20B,$0.02B,10.20%,$0.02B,$0.02B,133.33%,$0.02B,$-0.00B,-216.22%,$0.02B,$0.10B,20.30%,$0.03B,$0.04B,83.20%,$49,$32,$17,$0,$8,$40,$9,$-1,$8,$2,$7,$7,$7,$11,$9,$22,23,$0.30,$0.29,$27,$0,$0,$63,$8,$0,$24,$0,$36,$99,$52,$14,$9,$24,$76,$0,$-540,$3,$23,$99,$19,$6,$3,$9,$2,$0,$0,$-7,$-11,$17,$-3,$0,$0,$0,$0,$0,$0,$-3,$-26,$0,$-26,$-2,$-2,$0,$-0,$-28,$-16,$2,$0
40,2008-09-30,8.96,$0.80,11.14,$11.64,0.77,$2.42,3.7,$0.35,25.6,$0.06B,$0.05B,1.16,$0.02B,$0.02B,0.88,$0.21B,$0.08B,38.86%,$0.21B,$0.02B,11.37%,$0.21B,$0.02B,11.37%,$0.21B,$0.03B,14.69%,$0.21B,$0.01B,4.74%,$0.21B,$0.01B,4.27%,$0.01B,$0.02B,92.31%,$0.01B,$-0.01B,-61.02%,$0.01B,$0.10B,8.63%,$0.02B,$0.03B,75.00%,$49,$31,$18,$0,$12,$43,$6,$-1,$5,$1,$4,$4,$4,$7,$6,$22,23,$0.19,$0.18,$23,$0,$0,$58,$8,$0,$24,$3,$37,$95,$50,$16,$11,$27,$77,$0,$-547,$4,$18,$95,$12,$4,$5,$10,$5,$0,$0,$-9,$-14,$8,$-2,$0,$0,$0,$0,$0,$0,$-2,$-25,$0,$-25,$0,$0,$0,$-0,$-25,$-20,$5,$0
41,2008-06-30,9.41,$0.57,16.45,$14.68,0.64,$2.63,3.57,$-0.14,0.0,$0.05B,$0.05B,1.16,$0.02B,$0.01B,1.36,$0.22B,$0.08B,39.07%,$0.22B,$0.02B,8.37%,$0.22B,$0.02B,8.37%,$0.22B,$0.03B,12.56%,$0.22B,$0.00B,0.93%,$0.22B,$0.00B,0.93%,$0.00B,$0.01B,-53.33%,$0.00B,$-0.01B,-6.96%,$0.00B,$0.09B,1.83%,$0.02B,$0.03B,54.55%,$50,$33,$17,$0,$11,$44,$6,$-1,$5,$0,$5,$5,$5,$7,$6,$22,23,$0.21,$0.20,$20,$0,$0,$53,$8,$0,$25,$3,$37,$90,$45,$17,$15,$32,$77,$0,$-551,$3,$12,$90,$8,$3,$5,$8,$9,$0,$0,$-5,$-14,$2,$-1,$0,$0,$0,$0,$0,$0,$-1,$-24,$0,$-24,$0,$0,$0,$-0,$-24,$-22,$5,$0
42,2008-03-31,8.74,$0.33,26.23,$18.38,0.48,$3.16,2.77,$1.68,5.2,$0.07B,$0.07B,1.05,$0.02B,$0.01B,2.56,$0.22B,$0.09B,38.99%,$0.22B,$0.02B,7.34%,$0.22B,$0.02B,7.34%,$0.22B,$0.03B,12.39%,$0.22B,$-0.00B,-1.83%,$0.22B,$0.02B,7.34%,$0.02B,$0.01B,-65.31%,$0.02B,$-0.02B,-31.84%,$0.02B,$0.11B,13.88%,$0.02B,$0.03B,46.72%,$48,$30,$18,$0,$13,$43,$5,$-1,$4,$1,$4,$4,$4,$7,$5,$22,23,$0.17,$0.16,$20,$0,$0,$72,$8,$0,$25,$3,$38,$110,$69,$18,$16,$34,$103,$0,$-555,$3,$7,$110,$4,$2,$3,$5,$-12,$0,$0,$-2,$-9,$-0,$-0,$0,$0,$0,$0,$0,$0,$-0,$-22,$0,$-22,$0,$0,$0,$-0,$-22,$-23,$3,$0
43,2007-12-31,8.57,$0.11,78.55,$20.96,0.41,$3.00,2.85,$1.65,5.19,$0.08B,$0.07B,1.26,$0.04B,$0.00B,16.21,$0.23B,$0.09B,38.33%,$0.23B,$0.02B,7.49%,$0.23B,$0.02B,7.49%,$0.23B,$0.03B,12.78%,$0.23B,$-0.01B,-2.64%,$0.23B,$0.01B,6.17%,$0.01B,$0.00B,-27.45%,$0.01B,$-0.02B,-18.06%,$0.01B,$0.12B,11.02%,$0.02B,$0.04B,48.92%,$64,$35,$29,$0,$21,$57,$7,$-11,$-4,$0,$-4,$-4,$-4,$10,$7,$12,12,$-0.83,$-0.80,$42,$0,$0,$83,$8,$0,$26,$0,$40,$122,$66,$38,$16,$54,$120,$0,$-559,$4,$2,$122,$13,$10,$11,$21,$7,$0,$0,$-3,$-4,$30,$-4,$0,$0,$0,$0,$0,$0,$-4,$-33,$0,$-33,$0,$0,$0,$-3,$-36,$12,$21,$0
44,2007-09-30,13.58,$-2.35,-5.77,$23.35,0.58,$3.87,3.51,$1.41,9.63,$0.07B,$0.05B,1.4,$0.07B,$-0.04B,-2.06,$0.21B,$0.07B,33.33%,$0.21B,$0.01B,4.23%,$0.21B,$0.01B,4.23%,$0.21B,$0.02B,9.86%,$0.21B,$-0.01B,-3.29%,$0.21B,$0.02B,7.04%,$0.02B,$-0.04B,-19.35%,$0.02B,$-0.06B,-14.32%,$0.02B,$0.12B,10.62%,$0.01B,$0.04B,27.48%,$53,$34,$20,$0,$18,$53,$0,$-3,$-3,$0,$-3,$-3,$-3,$3,$0,$10,10,$-0.31,$-0.31,$28,$0,$0,$74,$7,$0,$26,$6,$42,$115,$53,$74,$18,$99,$151,$0,$-555,$5,$-36,$115,$17,$8,$-7,$1,$4,$0,$0,$-1,$-11,$7,$-2,$0,$0,$0,$0,$0,$0,$-2,$-25,$0,$-25,$0,$0,$0,$-2,$-27,$-2,$12,$0
45,2007-06-30,15.9,$-7.16,-2.22,$26.51,0.6,$4.38,3.63,$1.03,15.44,$0.07B,$0.06B,1.28,$0.11B,$-0.07B,-1.48,$0.22B,$0.07B,31.63%,$0.22B,$0.01B,4.65%,$0.22B,$0.01B,4.65%,$0.22B,$0.02B,9.77%,$0.22B,$-0.01B,-4.19%,$0.22B,$0.01B,6.51%,$0.01B,$-0.07B,-14.78%,$0.01B,$-0.10B,-11.43%,$0.01B,$0.11B,9.00%,$0.01B,$0.03B,32.00%,$53,$35,$18,$0,$14,$49,$4,$-5,$-1,$0,$-1,$-1,$19,$7,$4,$9,9,$2.02,$2.02,$30,$0,$0,$72,$8,$0,$27,$6,$43,$114,$56,$106,$16,$130,$186,$0,$-552,$3,$-71,$114,$20,$6,$-14,$-8,$7,$0,$0,$-2,$-5,$6,$-1,$0,$0,$0,$0,$0,$0,$-1,$-25,$0,$-25,$0,$0,$0,$-0,$-25,$-1,$5,$0
46,2007-03-31,14.29,$-11.34,-1.26,$29.28,0.49,$4.72,3.02,$-1.59,0.0,$0.11B,$0.11B,1.03,$0.13B,$-0.10B,-1.27,$0.22B,$0.07B,29.95%,$0.22B,$0.01B,3.23%,$0.22B,$0.01B,3.23%,$0.22B,$0.02B,8.29%,$0.22B,$-0.01B,-5.07%,$0.22B,$-0.01B,-4.15%,$-0.01B,$-0.10B,8.74%,$-0.01B,$-0.13B,6.87%,$-0.01B,$0.16B,-5.30%,$0.01B,$0.03B,23.33%,$57,$37,$20,$0,$14,$51,$6,$-4,$2,$1,$1,$1,$2,$9,$6,$8,12,$0.16,$0.13,$25,$0,$42,$109,$9,$0,$27,$10,$48,$157,$106,$127,$15,$150,$257,$0,$-571,$2,$-99,$157,$2,$3,$3,$6,$6,$0,$0,$0,$-9,$-2,$-0,$0,$0,$0,$0,$0,$0,$-0,$-10,$0,$-10,$0,$0,$0,$-0,$-10,$-12,$3,$0
47,2006-12-31,8.0,$-13.36,-0.6,$35.14,0.23,$6.07,1.32,$-3.42,0.0,$0.13B,$0.12B,1.04,$0.14B,$-0.10B,-1.31,$0.23B,$0.06B,27.88%,$0.23B,$0.00B,1.77%,$0.23B,$0.00B,1.77%,$0.23B,$0.02B,6.64%,$0.23B,$-0.02B,-10.18%,$0.23B,$-0.02B,-9.29%,$-0.02B,$-0.10B,20.24%,$-0.02B,$-0.13B,15.94%,$-0.02B,$0.18B,-12.33%,$0.00B,$0.03B,12.90%,$50,$37,$13,$0,$12,$51,$-1,$-4,$-5,$0,$-5,$-5,$-3,$2,$-1,$7,7,$-0.35,$-0.35,$30,$0,$0,$127,$9,$0,$28,$1,$52,$179,$122,$137,$13,$161,$283,$0,$-572,$2,$-104,$179,$-21,$12,$14,$26,$14,$0,$0,$2,$16,$21,$-1,$0,$0,$0,$0,$0,$0,$-1,$7,$0,$7,$0,$0,$0,$-7,$-0,$22,$6,$0
