,Date,Stock Price,Book Value per Share,Price to Book Ratio,TTM Sales per Share,Price to Sales Ratio,TTM FCF per Share,Price to FCF Ratio,TTM Net EPS,PE Ratio,Current Assets,Current Liabilities,Current Ratio,Long Term Debt,Shareholder's Equity_x,Debt to Equity Ratio,TTM Revenue_x,TTM Gross Profit,Gross Margin,TTM Revenue_y,TTM Operating Income,Operating Margin,TTM Revenue_x,TTM EBIT,EBIT Margin,TTM Revenue_y,TTM EBITDA,EBITDA Margin,TTM Revenue_x,TTM Pre-Tax Income,Pre-Tax Margin,TTM Revenue_y,TTM Net Income_x,Net Margin,TTM Net Income_y,Shareholder's Equity_y,Return on Equity,TTM Net Income_x,Tangible Equity,Return on Tangible Equity,TTM Net Income_y,Total Assets,Return on Assets,TTM Net Income,LT Investments & Debt,Return on Investment,revenue,cost-goods-sold,gross-profit,research-development-expenses,selling-general-administrative-expenses,operating-expenses,operating-income,total-non-operating-income-expense,pre-tax-income,total-provision-income-taxes,income-after-taxes,income-from-continuous-operations,net-income,ebitda,ebit,basic-shares-outstanding,shares-outstanding,eps-basic-net-earnings-per-share,eps-earnings-per-share-diluted,cash-on-hand,inventory,other-current-assets,total-current-assets,net-property-plant-equipment,long-term-investments,goodwill-intangible-assets-total,other-long-term-assets,total-long-term-assets,total-assets,total-current-liabilities,long-term-debt,other-non-current-liabilities,total-long-term-liabilities,total-liabilities,common-stock-net,retained-earnings-accumulated-deficit,comprehensive-income,total-share-holder-equity,total-liabilities-share-holders-equity,net-income-loss,total-depreciation-amortization-cash-flow,other-non-cash-items,total-non-cash-items,change-in-accounts-receivable,change-in-inventories,change-in-accounts-payable,change-in-assets-liabilities,total-change-in-assets-liabilities,cash-flow-from-operating-activities,net-change-in-property-plant-equipment,net-change-in-intangible-assets,net-acquisitions-divestitures,net-change-in-short-term-investments,net-change-in-long-term-investments,net-change-in-investments-total,investing-activities-other,cash-flow-from-investing-activities,net-long-term-debt,net-current-debt,debt-issuance-retirement-net-total,net-common-equity-issued-repurchased,net-total-equity-issued-repurchased,total-common-preferred-stock-dividends-paid,financial-activities-other,cash-flow-from-financial-activities,net-cash-flow,stock-based-compensation,common-stock-dividends-paid
0,2018-09-30,120.55,$33.59,3.59,$41.65,2.89,$19.25,6.26,$9.07,13.29,$4.72B,$8.08B,0.58,$0.00B,$1.44B,0.0,$1.86B,$1.38B,74.41%,$1.86B,$0.42B,22.41%,$1.86B,$0.45B,23.98%,$1.86B,$0.69B,36.91%,$1.86B,$0.42B,22.41%,$1.86B,$0.40B,21.77%,$0.40B,$1.44B,28.40%,$0.40B,$1.39B,29.44%,$0.40B,$12.71B,3.22%,$0.42B,$1.44B,29.24%,$485,$125,$359,$0,$186,$373,$111,$0,$111,$26,$85,$85,$85,$181,$119,$43,44,$1.95,$1.94,$225,$0,$0,$4717,$0,$3007,$49,$2826,$7990,$12708,$8080,$0,$3002,$3184,$11264,$0,$1453,$-10,$1443,$12708,$238,$181,$5,$186,$-14,$0,$0,$-129,$-138,$285,$-11,$0,$0,$0,$-121,$-121,$0,$-132,$0,$0,$0,$-167,$-167,$-33,$-6,$-207,$-55,$15,$-33
1,2018-06-30,99.39,$32.45,3.06,$39.94,2.49,$17.41,5.71,$8.59,11.57,$4.65B,$7.95B,0.59,$0.00B,$1.40B,0.0,$1.80B,$1.34B,74.42%,$1.80B,$0.41B,22.53%,$1.80B,$0.43B,24.08%,$1.80B,$0.67B,37.15%,$1.80B,$0.41B,22.53%,$1.80B,$0.39B,21.47%,$0.39B,$1.40B,27.93%,$0.39B,$1.35B,29.01%,$0.39B,$12.50B,3.11%,$0.41B,$1.40B,29.31%,$468,$111,$356,$0,$180,$354,$114,$0,$114,$27,$87,$87,$87,$177,$121,$44,44,$1.96,$1.95,$159,$0,$0,$4650,$0,$2940,$50,$2803,$7847,$12497,$7948,$0,$2966,$3148,$11096,$0,$1409,$-9,$1401,$12497,$152,$119,$1,$121,$-10,$0,$0,$-99,$-109,$164,$-6,$0,$0,$0,$-116,$-116,$0,$-122,$0,$0,$0,$-134,$-134,$-22,$-5,$-161,$-121,$13,$-22
2,2018-03-31,96.15,$32.46,2.96,$38.34,2.51,$16.30,5.9,$8.00,12.02,$4.73B,$7.87B,0.6,$0.00B,$1.43B,0.0,$1.74B,$1.29B,74.03%,$1.74B,$0.39B,22.19%,$1.74B,$0.42B,23.85%,$1.74B,$0.65B,37.04%,$1.74B,$0.39B,22.19%,$1.74B,$0.36B,20.76%,$0.36B,$1.43B,26.83%,$0.36B,$1.38B,27.91%,$0.36B,$12.49B,2.95%,$0.39B,$1.43B,28.69%,$460,$123,$337,$0,$184,$377,$83,$0,$83,$17,$66,$66,$66,$153,$90,$45,45,$1.46,$1.46,$191,$0,$0,$4731,$0,$2879,$51,$2833,$7761,$12493,$7866,$0,$3016,$3200,$11066,$0,$1417,$9,$1427,$12493,$66,$63,$-11,$52,$-63,$0,$0,$-15,$-72,$46,$0,$0,$0,$-2,$-70,$-72,$0,$-72,$0,$0,$0,$-46,$-46,$-11,$-5,$-63,$-89,$12,$-11
3,2017-12-31,100.83,$32.07,3.14,$36.82,2.74,$16.40,6.15,$7.65,13.18,$4.72B,$7.75B,0.61,$0.00B,$1.42B,0.0,$1.69B,$1.25B,74.13%,$1.69B,$0.38B,22.44%,$1.69B,$0.41B,24.16%,$1.69B,$0.63B,37.30%,$1.69B,$0.38B,22.44%,$1.69B,$0.35B,20.60%,$0.35B,$1.42B,26.69%,$0.35B,$1.37B,27.82%,$0.35B,$12.46B,2.88%,$0.38B,$1.42B,29.07%,$443,$114,$329,$0,$168,$335,$108,$0,$108,$-60,$168,$168,$166,$174,$115,$46,46,$3.69,$3.68,$280,$0,$0,$4715,$0,$2762,$52,$2981,$7746,$12461,$7750,$0,$3114,$3292,$11042,$0,$1375,$44,$1419,$12461,$350,$221,$-39,$183,$-18,$0,$0,$-124,$-144,$389,$-7,$0,$0,$0,$-122,$-122,$0,$-128,$0,$0,$0,$-150,$-150,$-36,$-8,$-193,$68,$15,$-36
4,2017-09-30,80.8,$28.85,2.8,$35.43,2.28,$13.96,5.79,$5.14,15.72,$4.66B,$7.61B,0.61,$0.00B,$1.28B,0.0,$1.64B,$1.22B,74.27%,$1.64B,$0.36B,21.83%,$1.64B,$0.39B,23.60%,$1.64B,$0.61B,37.01%,$1.64B,$0.36B,21.83%,$1.64B,$0.24B,14.45%,$0.24B,$1.28B,18.90%,$0.24B,$1.23B,19.74%,$0.24B,$12.21B,2.01%,$0.36B,$1.28B,28.54%,$427,$111,$316,$0,$163,$327,$100,$0,$100,$34,$67,$67,$67,$164,$107,$45,45,$1.46,$1.46,$177,$0,$0,$4657,$0,$2687,$52,$2910,$7550,$12207,$7613,$0,$3058,$3314,$10926,$0,$1229,$52,$1281,$12207,$182,$162,$9,$171,$-30,$0,$0,$-135,$-143,$210,$-8,$0,$0,$0,$-71,$-71,$0,$-79,$0,$0,$0,$-133,$-133,$-27,$-7,$-166,$-35,$13,$-27
5,2017-06-30,74.87,$28.18,2.66,$34.17,2.19,$12.81,5.84,$4.90,15.28,$4.57B,$7.47B,0.61,$0.00B,$1.27B,0.0,$1.60B,$1.19B,74.39%,$1.60B,$0.35B,21.67%,$1.60B,$0.38B,23.54%,$1.60B,$0.59B,36.76%,$1.60B,$0.35B,21.67%,$1.60B,$0.23B,14.28%,$0.23B,$1.27B,18.40%,$0.23B,$1.22B,19.24%,$0.23B,$11.95B,1.96%,$0.35B,$1.27B,27.92%,$414,$105,$309,$0,$160,$317,$96,$0,$96,$33,$63,$63,$63,$155,$104,$46,46,$1.36,$1.36,$154,$0,$0,$4570,$0,$2637,$53,$2851,$7375,$11945,$7466,$0,$2969,$3210,$10676,$0,$1224,$44,$1269,$11945,$115,$106,$13,$119,$-13,$0,$0,$-101,$-115,$120,$-6,$0,$0,$0,$-72,$-72,$0,$-79,$0,$0,$0,$-75,$-75,$-18,$-6,$-99,$-57,$12,$-18
6,2017-03-31,81.05,$27.37,2.96,$33.13,2.45,$12.33,6.57,$4.77,16.99,$4.62B,$7.29B,0.63,$0.00B,$1.25B,0.0,$1.56B,$1.17B,74.58%,$1.56B,$0.34B,21.90%,$1.56B,$0.37B,23.75%,$1.56B,$0.57B,36.75%,$1.56B,$0.34B,21.90%,$1.56B,$0.22B,14.34%,$0.22B,$1.25B,18.30%,$0.22B,$1.19B,19.17%,$0.22B,$11.67B,1.96%,$0.34B,$1.25B,27.95%,$405,$107,$298,$0,$163,$330,$75,$0,$75,$23,$52,$52,$52,$137,$82,$46,46,$1.12,$1.11,$186,$0,$0,$4621,$0,$2477,$54,$2750,$7049,$11670,$7286,$0,$2899,$3137,$10424,$0,$1182,$35,$1246,$11670,$52,$55,$4,$59,$-29,$0,$0,$-39,$-59,$53,$0,$0,$0,$-3,$-31,$-34,$0,$-34,$0,$0,$0,$-30,$-30,$-9,$-6,$-45,$-26,$10,$-9
7,2016-12-31,68.02,$26.71,2.55,$31.86,2.13,$11.77,5.78,$4.58,14.85,$4.62B,$7.18B,0.64,$0.00B,$1.22B,0.0,$1.52B,$1.13B,74.61%,$1.52B,$0.34B,22.17%,$1.52B,$0.37B,24.08%,$1.52B,$0.56B,36.84%,$1.52B,$0.34B,22.17%,$1.52B,$0.22B,14.28%,$0.22B,$1.22B,18.00%,$0.22B,$1.17B,18.88%,$0.22B,$11.44B,1.93%,$0.34B,$1.22B,27.96%,$394,$99,$295,$0,$156,$307,$87,$0,$87,$30,$57,$57,$55,$151,$94,$47,47,$1.22,$1.22,$212,$0,$0,$4616,$0,$2395,$55,$2622,$6823,$11439,$7181,$0,$2812,$3037,$10218,$0,$1139,$30,$1221,$11439,$219,$194,$52,$245,$-20,$0,$0,$-178,$-170,$294,$-14,$0,$0,$0,$-34,$-34,$0,$-48,$0,$0,$0,$-150,$-150,$-33,$-4,$-187,$60,$13,$-33
8,2016-09-30,52.03,$26.56,1.96,$30.50,1.71,$10.89,4.78,$4.34,11.99,$4.58B,$7.05B,0.65,$0.00B,$1.22B,0.0,$1.48B,$1.10B,74.51%,$1.48B,$0.32B,21.77%,$1.48B,$0.35B,23.80%,$1.48B,$0.54B,36.24%,$1.48B,$0.32B,21.77%,$1.48B,$0.21B,14.13%,$0.21B,$1.22B,17.61%,$0.21B,$1.17B,18.50%,$0.21B,$11.37B,1.89%,$0.32B,$1.22B,27.13%,$384,$98,$286,$0,$145,$295,$88,$0,$88,$30,$58,$58,$58,$144,$96,$47,47,$1.22,$1.22,$195,$0,$0,$4583,$0,$2323,$56,$2734,$6785,$11369,$7052,$0,$2880,$3096,$10148,$0,$1090,$64,$1221,$11369,$163,$137,$2,$139,$-36,$0,$0,$-152,$-135,$167,$-11,$0,$0,$0,$47,$47,$0,$36,$0,$0,$0,$-132,$-132,$-25,$-4,$-160,$43,$12,$-25
9,2016-06-30,55.98,$25.91,2.16,$29.44,1.9,$10.29,5.44,$4.10,13.65,$0.43B,$6.97B,0.06,$0.00B,$1.21B,0.0,$1.45B,$1.08B,74.29%,$1.45B,$0.31B,21.30%,$1.45B,$0.34B,23.43%,$1.45B,$0.52B,35.77%,$1.45B,$0.31B,21.30%,$1.45B,$0.20B,13.78%,$0.20B,$1.21B,17.12%,$0.20B,$1.15B,18.01%,$0.20B,$11.21B,1.84%,$0.31B,$1.21B,26.45%,$379,$93,$286,$0,$142,$287,$92,$0,$92,$33,$59,$59,$59,$142,$99,$48,48,$1.23,$1.23,$213,$0,$0,$426,$0,$2262,$57,$6841,$10778,$11205,$6972,$0,$2826,$3026,$9997,$0,$1041,$63,$1207,$11205,$105,$88,$6,$94,$-24,$0,$0,$-105,$-94,$105,$-11,$0,$0,$0,$76,$76,$0,$65,$0,$0,$0,$-91,$-91,$-16,$-4,$-111,$61,$10,$-16
10,2016-03-31,43.41,$24.80,1.75,$28.27,1.54,$9.83,4.42,$3.81,11.39,$4.54B,$6.89B,0.66,$0.00B,$1.17B,0.0,$1.42B,$1.06B,74.21%,$1.42B,$0.29B,20.66%,$1.42B,$0.33B,22.91%,$1.42B,$0.50B,35.21%,$1.42B,$0.29B,20.66%,$1.42B,$0.19B,13.35%,$0.19B,$1.17B,16.30%,$0.19B,$1.12B,17.16%,$0.19B,$11.01B,1.77%,$0.29B,$1.17B,25.21%,$363,$95,$267,$0,$143,$292,$70,$0,$70,$25,$45,$45,$45,$123,$77,$49,49,$0.92,$0.92,$176,$0,$0,$4540,$0,$2215,$57,$2608,$6472,$11013,$6893,$0,$2770,$2947,$9840,$0,$990,$45,$1173,$11013,$45,$46,$6,$52,$-13,$0,$0,$-70,$-62,$35,$-8,$0,$0,$-16,$56,$40,$16,$48,$0,$0,$0,$-50,$-50,$-8,$-3,$-61,$23,$7,$-8
11,2015-12-31,45.86,$23.72,1.93,$27.35,1.68,$10.43,4.39,$3.71,12.36,$4.45B,$6.77B,0.66,$0.00B,$1.15B,0.0,$1.41B,$1.05B,74.59%,$1.41B,$0.29B,20.71%,$1.41B,$0.32B,23.06%,$1.41B,$0.49B,35.02%,$1.41B,$0.29B,20.71%,$1.41B,$0.19B,13.38%,$0.19B,$1.15B,15.90%,$0.19B,$1.09B,16.74%,$0.19B,$10.61B,1.76%,$0.29B,$1.15B,24.61%,$353,$90,$263,$0,$142,$281,$72,$0,$72,$24,$48,$48,$47,$127,$80,$51,51,$0.96,$0.96,$152,$0,$0,$4453,$0,$2196,$58,$2373,$6157,$10611,$6773,$0,$2544,$2692,$9465,$0,$953,$12,$1146,$10611,$190,$167,$57,$225,$-11,$0,$0,$-145,$-150,$264,$-7,$0,$0,$0,$-51,$-51,$0,$-58,$0,$0,$0,$-200,$-200,$-33,$-8,$-240,$-40,$15,$-33
12,2015-09-30,43.62,$23.61,1.85,$26.69,1.63,$9.60,4.54,$3.58,12.18,$4.46B,$6.69B,0.67,$0.00B,$1.15B,0.0,$1.40B,$1.04B,74.70%,$1.40B,$0.29B,20.65%,$1.40B,$0.32B,23.08%,$1.40B,$0.48B,34.62%,$1.40B,$0.29B,20.65%,$1.40B,$0.18B,13.19%,$0.18B,$1.15B,15.24%,$0.18B,$1.09B,16.04%,$0.18B,$10.56B,1.72%,$0.29B,$1.15B,23.86%,$356,$93,$262,$0,$138,$281,$75,$0,$75,$26,$49,$49,$49,$127,$84,$50,50,$0.98,$0.98,$161,$0,$0,$4463,$0,$2138,$59,$2401,$6100,$10563,$6694,$0,$2570,$2722,$9416,$0,$913,$38,$1147,$10563,$142,$120,$12,$133,$-22,$0,$0,$-144,$-134,$141,$-6,$0,$0,$-33,$45,$12,$33,$39,$0,$0,$0,$-181,$-181,$-25,$-1,$-207,$-31,$13,$-25
13,2015-06-30,44.06,$23.90,1.84,$25.78,1.71,$9.20,4.79,$3.35,13.15,$4.48B,$6.67B,0.67,$0.00B,$1.20B,0.0,$1.38B,$1.03B,75.04%,$1.38B,$0.28B,20.10%,$1.38B,$0.31B,22.57%,$1.38B,$0.47B,33.96%,$1.38B,$0.28B,20.10%,$1.38B,$0.18B,12.77%,$0.18B,$1.20B,14.15%,$0.18B,$1.14B,14.89%,$0.18B,$10.78B,1.64%,$0.28B,$1.20B,22.27%,$351,$87,$264,$0,$137,$274,$77,$0,$77,$28,$49,$49,$49,$124,$85,$52,52,$0.94,$0.94,$154,$0,$0,$4481,$0,$2157,$60,$2615,$6300,$10781,$6671,$0,$2756,$2912,$9584,$1,$871,$66,$1198,$10781,$93,$77,$9,$86,$-12,$0,$0,$-110,$-94,$84,$-5,$0,$0,$0,$12,$12,$0,$7,$0,$0,$0,$-110,$-110,$-17,$-2,$-128,$-40,$11,$-17
14,2015-03-31,48.92,$24.04,2.03,$25.04,1.95,$8.88,5.51,$3.30,14.82,$4.46B,$6.50B,0.69,$0.00B,$1.24B,0.0,$1.36B,$1.03B,75.48%,$1.36B,$0.28B,20.32%,$1.36B,$0.31B,22.83%,$1.36B,$0.46B,34.09%,$1.36B,$0.28B,20.32%,$1.36B,$0.18B,12.96%,$0.18B,$1.24B,13.86%,$0.18B,$1.18B,14.58%,$0.18B,$10.72B,1.64%,$0.28B,$1.24B,21.73%,$345,$86,$259,$0,$139,$278,$67,$0,$67,$23,$43,$43,$43,$114,$75,$53,53,$0.82,$0.82,$180,$0,$0,$4455,$0,$2133,$61,$2665,$6269,$10724,$6504,$0,$2823,$2981,$9485,$1,$831,$84,$1239,$10724,$43,$38,$8,$46,$0,$0,$0,$-46,$-26,$63,$-2,$0,$0,$0,$-25,$-25,$0,$-27,$0,$0,$0,$-39,$-39,$-9,$-3,$-50,$-15,$9,$-9
15,2014-12-31,51.99,$23.87,2.18,$24.37,2.13,$8.36,6.22,$3.29,15.8,$0.37B,$6.45B,0.06,$0.00B,$1.25B,0.0,$1.34B,$1.01B,75.62%,$1.34B,$0.28B,20.64%,$1.34B,$0.31B,23.19%,$1.34B,$0.46B,34.55%,$1.34B,$0.28B,20.64%,$1.34B,$0.18B,13.31%,$0.18B,$1.25B,13.97%,$0.18B,$1.18B,14.73%,$0.18B,$10.74B,1.68%,$0.28B,$1.25B,21.66%,$343,$86,$257,$0,$134,$274,$69,$0,$69,$24,$45,$45,$43,$118,$78,$55,55,$0.84,$0.84,$192,$0,$0,$374,$0,$2086,$62,$6829,$10364,$10738,$6451,$0,$2901,$3042,$9492,$1,$796,$96,$1245,$10738,$181,$152,$48,$199,$-11,$0,$0,$-134,$-144,$237,$-7,$0,$3,$0,$-11,$-11,$0,$-16,$0,$0,$0,$-148,$-148,$-27,$-1,$-176,$43,$18,$-27
16,2014-09-30,46.1,$24.11,1.91,$23.68,1.95,$7.05,6.54,$3.12,14.77,$0.35B,$6.41B,0.05,$0.00B,$1.29B,0.0,$1.31B,$1.00B,75.97%,$1.31B,$0.26B,20.06%,$1.31B,$0.30B,22.65%,$1.31B,$0.45B,34.02%,$1.31B,$0.26B,20.06%,$1.31B,$0.17B,12.81%,$0.17B,$1.29B,13.25%,$0.17B,$1.23B,13.99%,$0.17B,$10.74B,1.60%,$0.26B,$1.29B,20.74%,$339,$85,$254,$0,$136,$275,$64,$0,$64,$22,$42,$42,$41,$112,$73,$55,55,$0.75,$0.75,$165,$0,$0,$348,$0,$2084,$65,$6924,$10394,$10743,$6409,$0,$2903,$3039,$9448,$1,$757,$108,$1294,$10743,$136,$111,$16,$127,$-17,$0,$0,$-133,$-132,$131,$-6,$0,$3,$22,$-24,$-2,$-22,$-27,$0,$0,$0,$-66,$-66,$-20,$-3,$-88,$14,$14,$-20
17,2014-06-30,45.63,$24.04,1.9,$23.14,1.97,$6.07,7.52,$3.15,14.49,$4.40B,$6.13B,0.72,$0.00B,$1.30B,0.0,$1.28B,$0.97B,75.82%,$1.28B,$0.26B,20.44%,$1.28B,$0.30B,23.01%,$1.28B,$0.44B,34.24%,$1.28B,$0.26B,20.44%,$1.28B,$0.17B,13.26%,$0.17B,$1.30B,13.67%,$0.17B,$1.24B,14.47%,$0.17B,$10.59B,1.64%,$0.26B,$1.30B,21.07%,$331,$76,$255,$0,$128,$255,$76,$0,$76,$26,$49,$49,$49,$119,$84,$55,55,$0.89,$0.89,$151,$0,$0,$4404,$0,$1910,$67,$2919,$6190,$10594,$6131,$0,$3022,$3160,$9291,$1,$722,$132,$1303,$10594,$94,$73,$7,$79,$-9,$0,$0,$-109,$-103,$70,$-4,$0,$3,$-4,$-16,$-20,$4,$-17,$0,$0,$0,$-35,$-35,$-13,$-3,$-51,$1,$6,$-13
18,2014-03-31,44.8,$22.97,1.95,$22.36,2.0,$5.49,8.15,$3.00,14.93,$4.40B,$6.06B,0.73,$0.00B,$1.25B,0.0,$1.25B,$0.95B,75.92%,$1.25B,$0.25B,20.18%,$1.25B,$0.29B,22.89%,$1.25B,$0.43B,34.13%,$1.25B,$0.25B,20.18%,$1.25B,$0.16B,13.08%,$0.16B,$1.25B,13.62%,$0.16B,$1.19B,14.44%,$0.16B,$10.39B,1.60%,$0.25B,$1.25B,21.00%,$324,$79,$245,$0,$129,$257,$67,$0,$67,$23,$43,$43,$45,$113,$75,$55,55,$0.81,$0.81,$158,$0,$0,$4404,$0,$1876,$68,$2798,$5985,$10388,$6063,$0,$2944,$3072,$9135,$1,$679,$111,$1254,$10388,$45,$37,$18,$55,$-4,$0,$0,$-59,$-63,$38,$-1,$0,$3,$-19,$-6,$-25,$19,$-4,$0,$0,$0,$-13,$-13,$-7,$-3,$-23,$9,$3,$-7
19,2013-12-31,40.7,$22.29,1.83,$21.60,1.88,$5.79,7.03,$2.84,14.33,$0.33B,$6.03B,0.05,$0.00B,$1.22B,0.0,$1.23B,$0.93B,75.90%,$1.23B,$0.25B,19.95%,$1.23B,$0.28B,22.80%,$1.23B,$0.42B,33.88%,$1.23B,$0.25B,19.95%,$1.23B,$0.16B,12.79%,$0.16B,$1.22B,12.89%,$0.16B,$1.15B,13.67%,$0.16B,$10.33B,1.53%,$0.25B,$1.22B,20.11%,$317,$74,$242,$0,$122,$261,$56,$0,$56,$19,$37,$37,$33,$102,$65,$56,57,$0.66,$0.66,$149,$0,$0,$325,$0,$1854,$69,$6842,$10005,$10330,$6031,$0,$2971,$3077,$9108,$1,$641,$108,$1222,$10330,$163,$135,$21,$156,$-8,$0,$0,$-116,$-131,$188,$-24,$0,$0,$0,$59,$59,$0,$35,$0,$0,$0,$-155,$-155,$-25,$-5,$-185,$37,$14,$-25
20,2013-09-30,38.16,$21.86,1.75,$20.29,1.88,$4.71,8.09,$2.84,13.44,$4.36B,$5.98B,0.73,$0.00B,$1.20B,0.0,$1.18B,$0.91B,77.27%,$1.18B,$0.25B,21.12%,$1.18B,$0.28B,24.09%,$1.18B,$0.42B,35.54%,$1.18B,$0.25B,21.12%,$1.18B,$0.17B,14.25%,$0.17B,$1.20B,13.64%,$0.17B,$1.13B,14.46%,$0.17B,$10.20B,1.64%,$0.25B,$1.20B,20.22%,$310,$80,$230,$0,$117,$248,$63,$0,$63,$22,$41,$41,$43,$105,$71,$55,55,$0.78,$0.78,$147,$0,$0,$4363,$0,$1782,$69,$2806,$5836,$10200,$5984,$0,$2918,$3020,$9004,$1,$610,$120,$1196,$10200,$126,$99,$2,$101,$-18,$0,$0,$-119,$-136,$91,$-18,$0,$0,$0,$144,$144,$0,$125,$0,$0,$0,$-169,$-169,$-19,$8,$-180,$35,$11,$-19
21,2013-06-30,35.32,$21.03,1.68,$19.50,1.81,$5.00,7.07,$2.78,12.7,$4.29B,$5.90B,0.73,$0.00B,$1.15B,0.0,$1.17B,$0.90B,77.31%,$1.17B,$0.26B,22.00%,$1.17B,$0.29B,25.00%,$1.17B,$0.42B,36.30%,$1.17B,$0.26B,22.00%,$1.17B,$0.17B,14.47%,$0.17B,$1.15B,13.34%,$0.17B,$1.08B,14.12%,$0.17B,$10.01B,1.64%,$0.26B,$1.15B,20.29%,$303,$68,$235,$0,$114,$237,$67,$0,$67,$24,$43,$43,$43,$108,$76,$57,58,$0.76,$0.74,$118,$0,$0,$4293,$0,$1776,$70,$2733,$5713,$10005,$5903,$0,$2867,$2956,$8859,$1,$573,$117,$1146,$10005,$82,$65,$-2,$62,$-13,$0,$0,$-71,$-92,$53,$-16,$0,$0,$54,$145,$199,$-54,$130,$0,$0,$0,$-169,$-169,$-13,$7,$-175,$6,$8,$-13
22,2013-03-31,30.82,$23.07,1.34,$19.05,1.62,$4.55,6.77,$2.76,11.17,$4.39B,$5.89B,0.75,$0.00B,$1.31B,0.0,$1.17B,$0.89B,76.59%,$1.17B,$0.26B,22.47%,$1.17B,$0.30B,25.39%,$1.17B,$0.43B,36.62%,$1.17B,$0.26B,22.47%,$1.17B,$0.17B,14.67%,$0.17B,$1.31B,13.16%,$0.17B,$1.24B,13.91%,$0.17B,$10.43B,1.66%,$0.26B,$1.31B,20.17%,$298,$73,$225,$0,$112,$239,$59,$0,$59,$21,$38,$38,$38,$101,$68,$57,58,$0.67,$0.65,$203,$0,$0,$4388,$0,$1934,$70,$2943,$6045,$10433,$5888,$0,$3115,$3238,$9125,$1,$536,$163,$1308,$10433,$39,$33,$1,$34,$-7,$0,$0,$-4,$-9,$64,$-9,$0,$0,$7,$44,$50,$-7,$35,$0,$0,$0,$-3,$-3,$-6,$1,$-9,$90,$5,$-6
23,2012-12-31,28.12,$22.62,1.24,$18.26,1.54,$3.52,7.99,$2.72,10.34,$4.29B,$5.83B,0.74,$0.00B,$1.28B,0.0,$1.16B,$0.88B,76.02%,$1.16B,$0.27B,23.03%,$1.16B,$0.30B,25.80%,$1.16B,$0.43B,36.80%,$1.16B,$0.27B,23.03%,$1.16B,$0.17B,14.98%,$0.17B,$1.28B,13.12%,$0.17B,$1.21B,13.85%,$0.17B,$10.34B,1.70%,$0.27B,$1.28B,20.17%,$268,$47,$221,$0,$109,$207,$60,$0,$60,$20,$40,$40,$44,$105,$69,$61,62,$0.68,$0.66,$112,$0,$0,$4288,$0,$1976,$70,$2920,$6050,$10338,$5831,$0,$3117,$3231,$9062,$1,$503,$169,$1275,$10338,$174,$126,$57,$183,$-1,$0,$0,$-220,$-232,$124,$-11,$0,$0,$9,$73,$83,$-9,$62,$74,$0,$74,$-258,$-258,$-15,$-13,$-211,$-24,$19,$-15
24,2012-09-30,26.75,$22.39,1.19,$17.75,1.51,$2.85,9.39,$2.62,10.21,$4.36B,$5.77B,0.76,$0.00B,$1.34B,0.0,$1.16B,$0.86B,73.95%,$1.16B,$0.26B,22.61%,$1.16B,$0.29B,25.19%,$1.16B,$0.42B,35.77%,$1.16B,$0.26B,22.61%,$1.16B,$0.17B,14.19%,$0.17B,$1.34B,12.39%,$0.17B,$1.27B,13.08%,$0.17B,$10.43B,1.64%,$0.26B,$1.34B,19.74%,$299,$77,$222,$0,$102,$229,$71,$0,$71,$25,$46,$46,$44,$110,$79,$60,62,$0.74,$0.72,$186,$0,$0,$4357,$0,$2013,$69,$2959,$6077,$10434,$5768,$0,$3233,$3329,$9097,$1,$468,$177,$1337,$10434,$134,$90,$30,$120,$-11,$0,$0,$-142,$-151,$103,$-5,$0,$0,$-28,$59,$31,$28,$54,$74,$0,$74,$-170,$-170,$-9,$-3,$-108,$50,$14,$-9
25,2012-06-30,24.91,$21.33,1.17,$16.61,1.5,$1.43,17.36,$2.43,10.25,$4.18B,$5.62B,0.74,$0.00B,$1.28B,0.0,$1.14B,$0.84B,73.60%,$1.14B,$0.25B,21.75%,$1.14B,$0.28B,24.30%,$1.14B,$0.40B,34.82%,$1.14B,$0.25B,21.75%,$1.14B,$0.16B,13.60%,$0.16B,$1.28B,11.15%,$0.16B,$1.21B,11.75%,$0.16B,$9.95B,1.55%,$0.25B,$1.28B,17.83%,$301,$75,$225,$0,$104,$229,$72,$0,$72,$26,$46,$46,$45,$111,$80,$62,63,$0.73,$0.72,$108,$0,$0,$4179,$0,$1929,$70,$2782,$5772,$9951,$5617,$0,$2974,$3057,$8674,$1,$427,$156,$1277,$9951,$88,$59,$14,$73,$-4,$0,$0,$-146,$-149,$12,$0,$0,$0,$5,$127,$132,$-5,$127,$0,$0,$0,$-161,$-161,$-5,$-0,$-166,$-28,$9,$-5
26,2012-03-31,23.44,$21.24,1.1,$15.52,1.51,$1.16,20.17,$2.29,10.24,$4.21B,$5.58B,0.75,$0.00B,$1.39B,0.0,$1.11B,$0.82B,73.79%,$1.11B,$0.23B,21.01%,$1.11B,$0.26B,23.52%,$1.11B,$0.38B,33.93%,$1.11B,$0.23B,21.01%,$1.11B,$0.15B,13.20%,$0.15B,$1.39B,10.08%,$0.15B,$1.32B,10.61%,$0.15B,$10.07B,1.47%,$0.23B,$1.39B,16.05%,$287,$76,$210,$0,$99,$223,$63,$0,$63,$22,$42,$42,$40,$99,$70,$65,66,$0.62,$0.61,$156,$0,$0,$4210,$0,$2035,$71,$2810,$5864,$10074,$5583,$0,$3015,$3103,$8687,$1,$384,$160,$1387,$10074,$42,$29,$6,$35,$5,$0,$0,$-88,$-81,$-5,$-0,$0,$0,$0,$32,$32,$0,$32,$0,$0,$0,$-2,$-2,$-2,$-4,$-8,$19,$4,$-2
27,2011-12-31,21.58,$20.45,1.06,$14.94,1.44,$1.28,16.83,$2.36,9.15,$4.16B,$5.50B,0.76,$0.00B,$1.33B,0.0,$1.10B,$0.82B,74.52%,$1.10B,$0.24B,22.12%,$1.10B,$0.27B,24.66%,$1.10B,$0.38B,34.72%,$1.10B,$0.24B,22.12%,$1.10B,$0.15B,13.78%,$0.15B,$1.33B,10.24%,$0.15B,$1.26B,10.77%,$0.15B,$9.85B,1.51%,$0.24B,$1.33B,16.44%,$276,$73,$203,$0,$98,$219,$57,$0,$57,$19,$37,$37,$36,$96,$64,$72,73,$0.53,$0.51,$136,$0,$0,$4155,$0,$2043,$72,$2677,$5697,$9852,$5504,$0,$2939,$3021,$8525,$1,$344,$147,$1327,$9852,$157,$112,$12,$124,$3,$0,$0,$-180,$-194,$87,$-4,$0,$0,$0,$132,$132,$0,$129,$0,$0,$0,$-204,$-204,$-7,$5,$-207,$10,$18,$-7
28,2011-09-30,20.0,$21.31,0.94,$15.00,1.33,$0.70,28.56,$2.48,8.06,$4.16B,$5.45B,0.76,$0.00B,$1.57B,0.0,$1.11B,$0.81B,73.60%,$1.11B,$0.23B,20.80%,$1.11B,$0.26B,23.33%,$1.11B,$0.35B,31.56%,$1.11B,$0.23B,20.80%,$1.11B,$0.13B,12.12%,$0.13B,$1.57B,8.87%,$0.13B,$1.50B,9.33%,$0.13B,$10.01B,1.33%,$0.23B,$1.57B,15.23%,$276,$75,$201,$0,$96,$220,$56,$0,$56,$20,$35,$35,$34,$91,$63,$74,74,$0.46,$0.46,$154,$0,$0,$4155,$0,$2190,$73,$2585,$5853,$10008,$5447,$0,$2852,$2989,$8436,$1,$527,$145,$1572,$10008,$120,$79,$-23,$57,$-14,$0,$0,$-141,$-163,$13,$0,$0,$0,$-4,$26,$23,$2,$25,$0,$0,$0,$-4,$-4,$-5,$0,$-9,$28,$19,$-5
29,2011-06-30,20.35,$21.02,0.97,$14.59,1.39,$0.73,28.06,$2.47,8.24,$4.09B,$5.42B,0.75,$0.00B,$1.55B,0.0,$1.07B,$0.80B,74.60%,$1.07B,$0.24B,22.04%,$1.07B,$0.26B,24.65%,$1.07B,$0.35B,32.96%,$1.07B,$0.24B,22.04%,$1.07B,$0.14B,13.07%,$0.14B,$1.55B,9.55%,$0.14B,$1.47B,10.06%,$0.14B,$10.17B,1.41%,$0.24B,$1.55B,16.10%,$275,$67,$208,$0,$101,$217,$58,$0,$58,$21,$38,$38,$37,$92,$65,$73,74,$0.50,$0.49,$114,$0,$0,$4088,$0,$2206,$74,$2836,$6082,$10170,$5421,$0,$3072,$3203,$8623,$1,$489,$164,$1547,$10170,$85,$51,$-36,$14,$-12,$0,$0,$-81,$-105,$-6,$0,$0,$0,$18,$3,$21,$-18,$3,$0,$0,$0,$-4,$-4,$-3,$0,$-7,$-12,$12,$-3
30,2011-03-31,23.59,$20.37,1.16,$14.11,1.67,$1.57,15.05,$2.18,10.82,$4.06B,$5.38B,0.76,$0.00B,$1.49B,0.0,$1.03B,$0.78B,75.34%,$1.03B,$0.21B,20.78%,$1.03B,$0.24B,23.50%,$1.03B,$0.33B,31.94%,$1.03B,$0.21B,20.78%,$1.03B,$0.13B,12.14%,$0.13B,$1.49B,8.87%,$0.13B,$1.42B,9.38%,$0.13B,$10.18B,1.29%,$0.21B,$1.49B,15.19%,$276,$67,$210,$0,$89,$203,$73,$0,$73,$26,$47,$47,$45,$104,$80,$73,74,$0.62,$0.62,$115,$0,$0,$4058,$0,$2240,$74,$2893,$6116,$10175,$5375,$0,$3167,$3309,$8684,$1,$447,$153,$1491,$10175,$47,$24,$-38,$-14,$-5,$0,$0,$-32,$-31,$3,$0,$0,$0,$-4,$-12,$-17,$4,$-12,$0,$0,$0,$0,$0,$-1,$0,$-1,$-11,$5,$-1
