,Date,Stock Price,Book Value per Share,Price to Book Ratio,TTM Sales per Share,Price to Sales Ratio,TTM FCF per Share,Price to FCF Ratio,TTM Net EPS,PE Ratio,Current Assets,Current Liabilities,Current Ratio,Long Term Debt,Shareholder's Equity_x,Debt to Equity Ratio,TTM Revenue_x,TTM Gross Profit,Gross Margin,TTM Revenue_y,TTM Operating Income,Operating Margin,TTM Revenue_x,TTM EBIT,EBIT Margin,TTM Revenue_y,TTM EBITDA,EBITDA Margin,TTM Revenue_x,TTM Pre-Tax Income,Pre-Tax Margin,TTM Revenue_y,TTM Net Income_x,Net Margin,TTM Net Income_y,Shareholder's Equity_y,Return on Equity,TTM Net Income_x,Tangible Equity,Return on Tangible Equity,TTM Net Income_y,Total Assets,Return on Assets,TTM Net Income,LT Investments & Debt,Return on Investment,revenue,cost-goods-sold,gross-profit,research-development-expenses,selling-general-administrative-expenses,operating-expenses,operating-income,total-non-operating-income-expense,pre-tax-income,total-provision-income-taxes,income-after-taxes,income-from-continuous-operations,net-income,ebitda,ebit,basic-shares-outstanding,shares-outstanding,eps-basic-net-earnings-per-share,eps-earnings-per-share-diluted,cash-on-hand,inventory,other-current-assets,total-current-assets,net-property-plant-equipment,long-term-investments,goodwill-intangible-assets-total,other-long-term-assets,total-long-term-assets,total-assets,total-current-liabilities,long-term-debt,other-non-current-liabilities,total-long-term-liabilities,total-liabilities,common-stock-net,retained-earnings-accumulated-deficit,comprehensive-income,total-share-holder-equity,total-liabilities-share-holders-equity,net-income-loss,total-depreciation-amortization-cash-flow,other-non-cash-items,total-non-cash-items,change-in-accounts-receivable,change-in-inventories,change-in-accounts-payable,change-in-assets-liabilities,total-change-in-assets-liabilities,cash-flow-from-operating-activities,net-change-in-property-plant-equipment,net-change-in-intangible-assets,net-acquisitions-divestitures,net-change-in-short-term-investments,net-change-in-long-term-investments,net-change-in-investments-total,investing-activities-other,cash-flow-from-investing-activities,net-long-term-debt,net-current-debt,debt-issuance-retirement-net-total,net-common-equity-issued-repurchased,net-total-equity-issued-repurchased,total-common-preferred-stock-dividends-paid,financial-activities-other,cash-flow-from-financial-activities,net-cash-flow,stock-based-compensation,common-stock-dividends-paid
0,2018-09-30,24.82,$11.57,2.15,$51.03,0.49,$-0.36,0.0,$1.31,18.95,$0.94B,$0.66B,1.43,$0.31B,$0.59B,0.52,$2.64B,$0.29B,11.02%,$2.64B,$0.10B,3.86%,$2.64B,$0.10B,3.86%,$2.64B,$0.18B,6.66%,$2.64B,$0.09B,3.48%,$2.64B,$0.07B,2.61%,$0.07B,$0.59B,12.02%,$0.07B,$0.30B,20.92%,$0.07B,$1.62B,4.85%,$0.10B,$0.90B,12.24%,$909,$802,$107,$0,$52,$858,$51,$-6,$46,$11,$35,$35,$33,$72,$51,$51,52,$0.64,$0.63,$60,$0,$382,$938,$369,$0,$294,$7,$683,$1621,$658,$306,$65,$371,$1029,$0,$432,$1,$592,$1621,$53,$56,$-2,$54,$-79,$0,$24,$-81,$-120,$-13,$-71,$0,$-111,$0,$0,$0,$0,$-182,$112,$0,$112,$-7,$-7,$-18,$-2,$85,$-110,$1,$-18
1,2018-06-30,27.23,$11.20,2.43,$45.22,0.6,$3.41,7.99,$1.08,25.21,$0.95B,$0.61B,1.55,$0.36B,$0.58B,0.62,$2.34B,$0.25B,10.85%,$2.34B,$0.08B,3.38%,$2.34B,$0.08B,3.38%,$2.34B,$0.15B,6.37%,$2.34B,$0.08B,3.33%,$2.34B,$0.06B,2.44%,$0.06B,$0.58B,10.16%,$0.06B,$0.29B,16.75%,$0.06B,$1.61B,4.27%,$0.08B,$0.93B,9.97%,$649,$577,$71,$0,$43,$629,$20,$-2,$18,$4,$14,$14,$12,$39,$20,$52,52,$0.23,$0.23,$175,$0,$361,$951,$357,$0,$291,$6,$663,$1614,$613,$355,$68,$423,$1037,$0,$402,$0,$577,$1614,$18,$35,$-1,$34,$18,$0,$2,$-87,$-53,$-1,$-40,$0,$-111,$0,$0,$0,$0,$-151,$-9,$170,$161,$1,$1,$-6,$0,$157,$5,$0,$-6
2,2018-03-31,24.93,$10.97,2.27,$44.91,0.56,$5.68,4.39,$1.27,19.63,$0.69B,$0.44B,1.58,$0.18B,$0.57B,0.32,$2.32B,$0.27B,11.50%,$2.32B,$0.10B,4.22%,$2.32B,$0.10B,4.22%,$2.32B,$0.17B,7.11%,$2.32B,$0.10B,4.18%,$2.32B,$0.07B,2.89%,$0.07B,$0.57B,12.24%,$0.07B,$0.37B,19.21%,$0.07B,$1.20B,5.45%,$0.10B,$0.75B,13.33%,$504,$460,$45,$0,$39,$498,$6,$-1,$4,$0,$4,$4,$1,$23,$6,$51,52,$0.01,$0.01,$134,$0,$263,$690,$314,$0,$196,$3,$513,$1202,$435,$182,$6,$202,$637,$0,$394,$0,$565,$1202,$4,$17,$-1,$16,$31,$0,$-10,$-35,$-16,$4,$-15,$0,$0,$0,$0,$0,$-10,$-25,$-13,$0,$-13,$1,$1,$-3,$0,$-14,$-36,$0,$-3
3,2017-12-31,27.06,$10.93,2.48,$46.00,0.59,$6.52,4.15,$1.41,19.19,$0.74B,$0.46B,1.63,$0.19B,$0.56B,0.34,$2.38B,$0.28B,11.64%,$2.38B,$0.11B,4.50%,$2.38B,$0.11B,4.50%,$2.38B,$0.17B,7.27%,$2.38B,$0.11B,4.45%,$2.38B,$0.07B,3.11%,$0.07B,$0.56B,13.92%,$0.07B,$0.36B,21.64%,$0.07B,$1.26B,6.07%,$0.11B,$0.76B,14.80%,$579,$511,$68,$0,$45,$554,$25,$-1,$24,$-0,$24,$24,$23,$42,$25,$51,52,$0.44,$0.43,$170,$0,$266,$743,$312,$0,$198,$3,$513,$1256,$455,$193,$32,$239,$694,$0,$396,$0,$562,$1256,$77,$67,$-6,$61,$41,$0,$-31,$42,$51,$189,$-71,$0,$-66,$6,$0,$6,$0,$-131,$-7,$0,$-7,$-4,$-4,$-11,$-1,$-23,$35,$1,$-11
4,2017-09-30,29.22,$10.52,2.78,$46.38,0.63,$4.51,6.48,$1.25,23.38,$0.75B,$0.51B,1.49,$0.19B,$0.54B,0.36,$2.40B,$0.28B,11.57%,$2.40B,$0.11B,4.62%,$2.40B,$0.11B,4.62%,$2.40B,$0.18B,7.37%,$2.40B,$0.11B,4.54%,$2.40B,$0.07B,2.70%,$0.07B,$0.54B,12.60%,$0.07B,$0.34B,19.36%,$0.07B,$1.26B,5.43%,$0.11B,$0.73B,15.65%,$608,$538,$70,$0,$42,$580,$28,$4,$32,$10,$22,$22,$21,$45,$28,$51,52,$0.40,$0.40,$163,$40,$179,$752,$305,$0,$200,$5,$510,$1262,$505,$192,$13,$215,$720,$0,$377,$0,$541,$1262,$53,$50,$-9,$41,$55,$0,$-18,$13,$67,$161,$-50,$0,$-66,$-13,$0,$-13,$0,$-130,$-11,$0,$-11,$-4,$-4,$-8,$-1,$-24,$7,$1,$-8
5,2017-06-30,24.73,$10.14,2.44,$44.38,0.56,$2.48,9.96,$0.94,26.3,$0.69B,$0.47B,1.45,$0.18B,$0.52B,0.35,$2.30B,$0.26B,11.20%,$2.30B,$0.09B,4.08%,$2.30B,$0.09B,4.08%,$2.30B,$0.16B,7.08%,$2.30B,$0.09B,3.73%,$2.30B,$0.05B,2.13%,$0.05B,$0.52B,9.74%,$0.05B,$0.32B,14.65%,$0.05B,$1.20B,4.22%,$0.09B,$0.71B,13.39%,$631,$547,$84,$0,$45,$593,$39,$-2,$37,$14,$22,$22,$22,$55,$39,$51,52,$0.42,$0.42,$112,$42,$160,$685,$309,$0,$202,$2,$513,$1197,$471,$183,$12,$205,$676,$0,$359,$0,$521,$1197,$31,$32,$-2,$30,$54,$0,$-37,$31,$56,$116,$-40,$0,$-66,$0,$0,$0,$0,$-106,$-25,$0,$-25,$-4,$-4,$-6,$0,$-34,$-24,$1,$-6
6,2017-03-31,22.97,$9.75,2.36,$40.95,0.56,$0.41,55.73,$0.62,37.05,$0.71B,$0.44B,1.61,$0.20B,$0.50B,0.39,$2.13B,$0.22B,10.19%,$2.13B,$0.07B,3.10%,$2.13B,$0.07B,3.10%,$2.13B,$0.14B,6.39%,$2.13B,$0.06B,2.72%,$2.13B,$0.03B,1.50%,$0.03B,$0.50B,6.46%,$0.03B,$0.34B,9.50%,$0.03B,$1.16B,2.82%,$0.07B,$0.70B,9.46%,$562,$506,$55,$0,$40,$546,$15,$-2,$13,$5,$9,$9,$8,$31,$15,$52,52,$0.15,$0.15,$148,$45,$130,$711,$286,$0,$158,$2,$446,$1158,$442,$195,$9,$214,$656,$0,$340,$0,$502,$1158,$9,$16,$-1,$15,$36,$0,$-44,$35,$26,$49,$-17,$0,$0,$0,$0,$0,$0,$-17,$-12,$0,$-12,$-4,$-4,$-3,$0,$-19,$13,$0,$-3
7,2016-12-31,22.48,$9.67,2.33,$38.41,0.59,$-1.06,0.0,$0.52,43.23,$0.73B,$0.45B,1.63,$0.20B,$0.50B,0.41,$2.00B,$0.20B,10.07%,$2.00B,$0.06B,2.90%,$2.00B,$0.06B,2.90%,$2.00B,$0.13B,6.46%,$2.00B,$0.05B,2.50%,$2.00B,$0.03B,1.35%,$0.03B,$0.50B,5.50%,$0.03B,$0.34B,8.13%,$0.03B,$1.17B,2.40%,$0.06B,$0.70B,8.31%,$602,$533,$69,$0,$40,$573,$29,$-2,$27,$12,$15,$15,$14,$46,$29,$52,52,$0.28,$0.27,$136,$49,$139,$731,$277,$0,$160,$2,$439,$1171,$450,$203,$9,$222,$672,$0,$335,$0,$499,$1171,$28,$71,$8,$79,$-66,$0,$43,$-36,$-44,$63,$-48,$0,$-11,$0,$0,$0,$0,$-59,$-14,$0,$-14,$-4,$-4,$-11,$0,$-28,$-25,$2,$-11
8,2016-09-30,20.28,$9.49,2.14,$36.44,0.56,$-1.50,0.0,$0.48,42.26,$0.67B,$0.40B,1.68,$0.21B,$0.49B,0.44,$1.89B,$0.20B,10.36%,$1.89B,$0.05B,2.70%,$1.89B,$0.05B,2.70%,$1.89B,$0.12B,6.50%,$1.89B,$0.04B,2.33%,$1.89B,$0.03B,1.37%,$0.03B,$0.49B,5.34%,$0.03B,$0.34B,7.92%,$0.03B,$1.12B,2.33%,$0.05B,$0.71B,7.31%,$508,$458,$50,$0,$36,$496,$11,$-3,$9,$4,$5,$5,$5,$31,$11,$52,52,$0.09,$0.09,$149,$55,$159,$674,$287,$0,$155,$2,$445,$1119,$401,$214,$13,$227,$628,$0,$324,$0,$491,$1119,$13,$54,$-2,$52,$27,$0,$10,$-70,$-14,$51,$-44,$0,$-4,$0,$0,$0,$0,$-48,$-7,$0,$-7,$1,$1,$-9,$0,$-15,$-12,$1,$-9
9,2016-06-30,18.59,$9.44,1.97,$37.40,0.5,$-2.84,0.0,$0.76,24.46,$0.64B,$0.39B,1.63,$0.20B,$0.49B,0.41,$1.94B,$0.22B,11.24%,$1.94B,$0.07B,3.76%,$1.94B,$0.07B,3.76%,$1.94B,$0.14B,7.32%,$1.94B,$0.07B,3.40%,$1.94B,$0.04B,2.06%,$0.04B,$0.49B,8.29%,$0.04B,$0.33B,12.42%,$0.04B,$1.09B,3.56%,$0.07B,$0.69B,10.55%,$457,$414,$43,$0,$32,$446,$11,$-2,$9,$3,$5,$5,$5,$28,$11,$52,52,$0.10,$0.10,$97,$62,$137,$635,$293,$0,$159,$1,$455,$1090,$390,$200,$12,$212,$601,$0,$322,$0,$489,$1090,$8,$34,$-2,$33,$3,$0,$-11,$-34,$-35,$5,$-36,$0,$-4,$0,$0,$0,$0,$-41,$-25,$0,$-25,$1,$1,$-6,$0,$-29,$-64,$1,$-6
10,2016-03-31,23.79,$9.38,2.54,$37.95,0.63,$-3.20,0.0,$0.73,32.59,$0.67B,$0.41B,1.65,$0.21B,$0.49B,0.43,$1.97B,$0.22B,11.24%,$1.97B,$0.07B,3.56%,$1.97B,$0.07B,3.56%,$1.97B,$0.14B,7.02%,$1.97B,$0.06B,3.20%,$1.97B,$0.04B,1.98%,$0.04B,$0.49B,8.21%,$0.04B,$0.33B,12.47%,$0.04B,$1.12B,3.48%,$0.07B,$0.70B,10.26%,$430,$391,$39,$0,$33,$424,$7,$-2,$5,$2,$3,$3,$3,$24,$7,$52,52,$0.05,$0.05,$99,$67,$143,$673,$280,$0,$161,$1,$443,$1115,$408,$210,$12,$222,$630,$0,$320,$0,$486,$1115,$3,$17,$-0,$16,$-21,$0,$12,$-43,$-55,$-36,$-9,$0,$-4,$0,$0,$0,$0,$-13,$-12,$0,$-12,$1,$1,$-3,$0,$-14,$-62,$0,$-3
11,2015-12-31,21.52,$9.36,2.3,$37.25,0.58,$-2.57,0.0,$0.71,30.31,$0.69B,$0.42B,1.65,$0.22B,$0.48B,0.46,$1.93B,$0.22B,11.40%,$1.93B,$0.07B,3.47%,$1.93B,$0.07B,3.47%,$1.93B,$0.13B,6.94%,$1.93B,$0.06B,3.16%,$1.93B,$0.04B,1.97%,$0.04B,$0.48B,8.13%,$0.04B,$0.32B,12.51%,$0.04B,$1.13B,3.42%,$0.07B,$0.70B,9.96%,$497,$433,$64,$0,$41,$475,$22,$-1,$21,$9,$13,$13,$13,$40,$22,$52,52,$0.24,$0.24,$161,$68,$119,$687,$284,$0,$161,$0,$445,$1132,$416,$220,$13,$233,$649,$0,$320,$0,$483,$1132,$37,$66,$-15,$51,$20,$0,$-5,$-66,$-40,$48,$-57,$0,$-22,$31,$0,$31,$0,$-49,$30,$0,$30,$2,$2,$-10,$0,$22,$22,$1,$-10
12,2015-09-30,17.45,$9.16,1.91,$37.08,0.47,$-3.28,0.0,$0.64,27.27,$0.70B,$0.44B,1.59,$0.21B,$0.47B,0.44,$1.92B,$0.21B,10.72%,$1.92B,$0.06B,3.18%,$1.92B,$0.06B,3.18%,$1.92B,$0.13B,6.56%,$1.92B,$0.06B,2.86%,$1.92B,$0.03B,1.77%,$0.03B,$0.47B,7.39%,$0.03B,$0.31B,11.46%,$0.03B,$1.16B,3.08%,$0.06B,$0.68B,9.22%,$556,$484,$72,$0,$39,$523,$33,$-2,$31,$12,$19,$19,$19,$50,$33,$52,52,$0.37,$0.37,$89,$65,$119,$704,$286,$0,$163,$3,$452,$1156,$444,$206,$12,$238,$683,$0,$310,$0,$473,$1156,$24,$49,$-5,$43,$-46,$0,$5,$-75,$-84,$-17,$-46,$0,$-22,$31,$0,$31,$0,$-38,$10,$0,$10,$2,$2,$-7,$0,$4,$-50,$1,$-7
13,2015-06-30,19.23,$8.84,2.18,$38.20,0.5,$-3.28,0.0,$0.80,24.04,$0.63B,$0.40B,1.57,$0.19B,$0.46B,0.42,$1.98B,$0.21B,10.57%,$1.98B,$0.07B,3.39%,$1.98B,$0.07B,3.39%,$1.98B,$0.13B,6.57%,$1.98B,$0.07B,3.34%,$1.98B,$0.04B,2.12%,$0.04B,$0.46B,9.26%,$0.04B,$0.29B,14.46%,$0.04B,$1.08B,3.82%,$0.07B,$0.65B,10.26%,$484,$437,$46,$0,$39,$476,$8,$-2,$6,$2,$4,$4,$4,$24,$8,$52,52,$0.07,$0.07,$86,$65,$111,$627,$286,$0,$164,$2,$453,$1080,$400,$192,$11,$223,$623,$0,$294,$0,$457,$1080,$5,$32,$-4,$27,$22,$0,$0,$-76,$-50,$-17,$-32,$0,$-22,$31,$0,$31,$0,$-23,$-10,$0,$-10,$2,$2,$-4,$0,$-13,$-53,$1,$-4
14,2015-03-31,16.65,$8.82,1.89,$38.81,0.43,$-3.07,0.0,$1.04,16.01,$0.63B,$0.39B,1.63,$0.20B,$0.46B,0.45,$2.01B,$0.22B,11.15%,$2.01B,$0.09B,4.33%,$2.01B,$0.09B,4.33%,$2.01B,$0.15B,7.37%,$2.01B,$0.09B,4.33%,$2.01B,$0.05B,2.69%,$0.05B,$0.46B,12.13%,$0.05B,$0.29B,19.06%,$0.05B,$1.08B,4.94%,$0.09B,$0.66B,13.52%,$393,$355,$38,$0,$34,$389,$4,$-2,$3,$1,$2,$2,$2,$20,$4,$52,52,$0.03,$0.03,$137,$61,$86,$633,$282,$0,$167,$0,$449,$1082,$389,$203,$15,$238,$626,$0,$293,$0,$456,$1082,$2,$16,$-4,$11,$41,$0,$-8,$-37,$-11,$2,$-14,$0,$-22,$0,$0,$0,$0,$-36,$1,$0,$1,$2,$2,$-2,$0,$0,$-33,$0,$-2
15,2014-12-31,22.46,$8.80,2.55,$40.31,0.56,$-3.53,0.0,$1.22,18.41,$0.67B,$0.42B,1.59,$0.21B,$0.45B,0.45,$2.09B,$0.24B,11.31%,$2.09B,$0.10B,4.94%,$2.09B,$0.10B,4.94%,$2.09B,$0.16B,7.77%,$2.09B,$0.10B,4.89%,$2.09B,$0.06B,3.02%,$0.06B,$0.45B,14.52%,$0.06B,$0.30B,23.08%,$0.06B,$1.10B,5.86%,$0.10B,$0.66B,16.43%,$488,$438,$50,$0,$33,$471,$16,$-2,$15,$6,$9,$9,$9,$32,$16,$52,52,$0.17,$0.17,$170,$58,$69,$667,$271,$0,$159,$0,$431,$1098,$419,$205,$14,$225,$644,$0,$294,$0,$454,$1098,$64,$58,$-1,$57,$-30,$0,$1,$-49,$-85,$36,$-82,$0,$-15,$-12,$6,$-6,$0,$-103,$20,$0,$20,$-1,$-1,$-9,$0,$10,$-57,$1,$-9
16,2014-09-30,25.89,$8.66,2.99,$41.31,0.63,$-2.67,0.0,$1.49,17.38,$0.71B,$0.47B,1.53,$0.20B,$0.45B,0.45,$2.14B,$0.26B,12.22%,$2.14B,$0.13B,5.99%,$2.14B,$0.13B,5.99%,$2.14B,$0.19B,8.66%,$2.14B,$0.13B,5.95%,$2.14B,$0.08B,3.56%,$0.08B,$0.45B,18.11%,$0.08B,$0.29B,29.46%,$0.08B,$1.14B,7.15%,$0.13B,$0.65B,20.98%,$613,$538,$75,$0,$36,$574,$39,$3,$42,$15,$27,$27,$27,$54,$39,$52,52,$0.53,$0.53,$146,$58,$97,$714,$263,$0,$161,$0,$424,$1139,$468,$199,$15,$224,$692,$0,$287,$0,$447,$1139,$55,$43,$-10,$33,$-81,$0,$30,$-49,$-90,$-2,$-61,$0,$-15,$17,$6,$23,$0,$-52,$11,$0,$11,$-1,$-1,$-7,$0,$2,$-52,$1,$-7
17,2014-06-30,27.78,$8.20,3.39,$40.13,0.69,$-2.26,0.0,$1.38,20.13,$0.65B,$0.42B,1.54,$0.19B,$0.42B,0.44,$2.07B,$0.26B,12.58%,$2.07B,$0.13B,6.17%,$2.07B,$0.13B,6.17%,$2.07B,$0.18B,8.82%,$2.07B,$0.12B,5.88%,$2.07B,$0.07B,3.42%,$0.07B,$0.42B,17.64%,$0.07B,$0.26B,29.68%,$0.07B,$1.06B,6.87%,$0.13B,$0.61B,21.66%,$515,$454,$61,$0,$33,$487,$28,$-1,$27,$11,$16,$16,$16,$42,$28,$52,52,$0.31,$0.31,$162,$61,$88,$648,$245,$0,$161,$0,$407,$1055,$422,$187,$12,$209,$631,$0,$261,$0,$424,$1055,$27,$28,$-5,$23,$-6,$0,$3,$-53,$-53,$-3,$-36,$0,$-6,$16,$1,$18,$0,$-24,$-5,$0,$-5,$2,$2,$-5,$0,$-9,$-36,$0,$-5
18,2014-03-31,28.85,$7.93,3.64,$38.80,0.74,$-2.66,0.0,$1.37,21.06,$0.62B,$0.39B,1.56,$0.18B,$0.41B,0.45,$2.00B,$0.26B,12.97%,$2.00B,$0.13B,6.39%,$2.00B,$0.13B,6.39%,$2.00B,$0.18B,9.03%,$2.00B,$0.12B,6.04%,$2.00B,$0.07B,3.54%,$0.07B,$0.41B,18.39%,$0.07B,$0.25B,32.13%,$0.07B,$1.01B,7.10%,$0.13B,$0.59B,22.66%,$470,$420,$50,$0,$30,$450,$20,$-2,$18,$7,$11,$11,$11,$34,$20,$52,52,$0.21,$0.21,$167,$59,$75,$616,$229,$0,$162,$0,$391,$1007,$394,$182,$10,$203,$597,$0,$247,$0,$410,$1007,$11,$14,$-5,$8,$16,$0,$-8,$-51,$-41,$-22,$-14,$0,$0,$1,$1,$3,$0,$-11,$-12,$0,$-12,$2,$2,$-3,$0,$-14,$-46,$0,$-3
19,2013-12-31,29.92,$7.73,3.87,$37.68,0.79,$-2.48,0.0,$1.35,22.16,$0.66B,$0.43B,1.53,$0.19B,$0.40B,0.49,$1.94B,$0.26B,13.17%,$1.94B,$0.13B,6.43%,$1.94B,$0.13B,6.43%,$1.94B,$0.18B,9.05%,$1.94B,$0.12B,6.12%,$1.94B,$0.07B,3.60%,$0.07B,$0.40B,18.94%,$0.07B,$0.24B,34.57%,$0.07B,$1.05B,7.17%,$0.13B,$0.59B,23.25%,$538,$463,$75,$0,$34,$497,$41,$-1,$40,$15,$26,$26,$22,$55,$41,$52,52,$0.44,$0.44,$215,$52,$62,$660,$227,$0,$164,$0,$391,$1051,$430,$193,$18,$222,$652,$0,$238,$0,$398,$1051,$75,$51,$-17,$34,$-37,$0,$-25,$15,$-31,$78,$-79,$0,$-2,$-16,$0,$-16,$0,$-97,$67,$0,$67,$1,$1,$-11,$0,$58,$39,$0,$-11
20,2013-09-30,24.46,$7.32,3.34,$36.61,0.67,$-1.09,0.0,$1.24,19.73,$0.62B,$0.41B,1.52,$0.19B,$0.38B,0.51,$1.89B,$0.24B,12.51%,$1.89B,$0.11B,5.94%,$1.89B,$0.11B,5.94%,$1.89B,$0.16B,8.43%,$1.89B,$0.11B,5.62%,$1.89B,$0.07B,3.44%,$0.07B,$0.38B,18.40%,$0.07B,$0.21B,35.18%,$0.07B,$1.02B,6.87%,$0.11B,$0.57B,22.13%,$551,$476,$75,$0,$36,$512,$39,$-2,$37,$14,$23,$23,$22,$52,$39,$52,52,$0.42,$0.42,$177,$44,$96,$624,$220,$7,$167,$1,$395,$1019,$411,$191,$19,$231,$641,$0,$218,$0,$378,$1019,$49,$37,$-4,$33,$-16,$0,$-33,$-39,$-61,$21,$-62,$0,$-2,$0,$0,$0,$0,$-64,$64,$0,$64,$1,$1,$-6,$0,$60,$16,$0,$-6
21,2013-06-30,18.91,$6.95,2.72,$34.34,0.55,$-0.22,0.0,$1.16,16.3,$0.53B,$0.38B,1.38,$0.15B,$0.36B,0.41,$1.77B,$0.22B,12.27%,$1.77B,$0.10B,5.83%,$1.77B,$0.10B,5.83%,$1.77B,$0.15B,8.26%,$1.77B,$0.10B,5.54%,$1.77B,$0.06B,3.45%,$0.06B,$0.36B,18.06%,$0.06B,$0.19B,34.46%,$0.06B,$0.93B,6.83%,$0.10B,$0.51B,22.48%,$445,$385,$60,$0,$32,$417,$28,$-2,$26,$10,$16,$16,$16,$40,$28,$52,52,$0.30,$0.30,$117,$38,$98,$528,$216,$13,$168,$1,$397,$925,$381,$148,$17,$186,$567,$0,$198,$0,$358,$925,$26,$24,$-10,$13,$17,$0,$-50,$-22,$-51,$-12,$-48,$0,$-1,$0,$0,$0,$0,$-49,$17,$0,$17,$1,$1,$-2,$0,$16,$-44,$0,$-2
22,2013-03-31,21.16,$6.67,3.17,$32.28,0.66,$1.59,13.31,$1.09,19.41,$0.53B,$0.39B,1.36,$0.14B,$0.34B,0.41,$1.66B,$0.20B,12.11%,$1.66B,$0.10B,5.78%,$1.66B,$0.10B,5.78%,$1.66B,$0.14B,8.13%,$1.66B,$0.09B,5.48%,$1.66B,$0.06B,3.43%,$0.06B,$0.34B,17.65%,$0.06B,$0.17B,33.48%,$0.06B,$0.91B,6.74%,$0.10B,$0.48B,22.71%,$410,$364,$46,$0,$29,$393,$17,$-1,$16,$6,$10,$10,$10,$29,$17,$51,51,$0.19,$0.19,$145,$38,$76,$529,$195,$13,$170,$1,$379,$909,$388,$140,$16,$176,$564,$0,$184,$0,$344,$909,$10,$11,$0,$11,$18,$0,$-47,$-0,$-29,$-7,$-18,$0,$-1,$0,$0,$0,$0,$-19,$9,$0,$9,$1,$1,$0,$0,$10,$-16,$0,$0
23,2012-12-31,14.37,$6.47,2.22,$30.00,0.48,$2.84,5.06,$1.10,13.07,$0.57B,$0.42B,1.34,$0.13B,$0.33B,0.4,$1.54B,$0.19B,12.52%,$1.54B,$0.10B,6.23%,$1.54B,$0.10B,6.23%,$1.54B,$0.13B,8.50%,$1.54B,$0.09B,5.97%,$1.54B,$0.06B,3.70%,$0.06B,$0.33B,18.46%,$0.06B,$0.16B,34.76%,$0.06B,$0.93B,7.18%,$0.10B,$0.47B,24.74%,$481,$426,$55,$0,$27,$453,$28,$-1,$27,$9,$18,$18,$17,$38,$28,$51,51,$0.32,$0.33,$161,$37,$77,$565,$185,$13,$169,$0,$367,$931,$421,$132,$26,$178,$599,$0,$176,$0,$333,$931,$58,$36,$-4,$32,$-52,$0,$34,$23,$8,$98,$-28,$0,$-86,$20,$0,$20,$0,$-95,$41,$0,$41,$0,$0,$-8,$0,$34,$37,$0,$-8
24,2012-09-30,12.45,$6.15,2.02,$27.93,0.45,$1.75,7.12,$1.01,12.32,$0.50B,$0.40B,1.27,$0.06B,$0.32B,0.2,$1.43B,$0.19B,13.18%,$1.43B,$0.09B,6.49%,$1.43B,$0.09B,6.49%,$1.43B,$0.13B,8.86%,$1.43B,$0.09B,6.00%,$1.43B,$0.05B,3.63%,$0.05B,$0.32B,17.67%,$0.05B,$0.18B,32.45%,$0.05B,$0.81B,7.00%,$0.09B,$0.38B,26.03%,$432,$376,$56,$0,$26,$402,$30,$-1,$29,$11,$18,$18,$18,$39,$30,$51,51,$0.34,$0.34,$83,$37,$99,$501,$159,$12,$136,$0,$308,$809,$395,$62,$15,$98,$493,$0,$160,$0,$316,$809,$40,$25,$-5,$21,$-65,$0,$20,$-18,$-42,$19,$-16,$0,$-38,$17,$0,$17,$0,$-38,$-21,$0,$-21,$0,$0,$-5,$0,$-25,$-44,$0,$-5
25,2012-06-30,11.42,$5.83,1.96,$26.89,0.42,$1.89,6.03,$1.05,10.87,$0.44B,$0.34B,1.29,$0.07B,$0.30B,0.22,$1.38B,$0.19B,13.44%,$1.38B,$0.10B,6.90%,$1.38B,$0.10B,6.90%,$1.38B,$0.13B,9.30%,$1.38B,$0.09B,6.46%,$1.38B,$0.05B,3.85%,$0.05B,$0.30B,18.84%,$0.05B,$0.16B,35.45%,$0.05B,$0.74B,7.46%,$0.10B,$0.36B,27.86%,$337,$293,$44,$0,$23,$317,$21,$-1,$19,$7,$12,$12,$12,$29,$21,$51,51,$0.23,$0.23,$119,$35,$86,$436,$151,$12,$136,$0,$300,$736,$339,$65,$12,$98,$437,$0,$144,$0,$299,$736,$22,$17,$-4,$12,$21,$0,$-2,$-20,$5,$40,$-6,$0,$-35,$23,$0,$23,$0,$-18,$-20,$0,$-20,$0,$0,$-3,$0,$-23,$-1,$0,$-3
26,2012-03-31,15.24,$5.60,2.72,$27.21,0.56,$2.06,7.41,$1.10,13.86,$0.41B,$0.31B,1.33,$0.06B,$0.29B,0.2,$1.39B,$0.18B,13.07%,$1.39B,$0.10B,6.82%,$1.39B,$0.10B,6.82%,$1.39B,$0.13B,9.27%,$1.39B,$0.09B,6.75%,$1.39B,$0.06B,3.95%,$0.06B,$0.29B,20.52%,$0.06B,$0.15B,39.86%,$0.06B,$0.70B,7.90%,$0.10B,$0.35B,29.23%,$292,$254,$38,$0,$20,$274,$17,$-0,$17,$7,$11,$11,$10,$25,$17,$51,51,$0.21,$0.20,$134,$33,$68,$412,$137,$13,$137,$0,$287,$699,$310,$58,$23,$102,$412,$0,$134,$0,$287,$699,$11,$8,$0,$8,$38,$4,$-20,$-1,$21,$40,$-1,$0,$-19,$23,$0,$23,$0,$3,$-28,$0,$-28,$1,$1,$-2,$0,$-28,$14,$0,$-2
27,2011-12-31,14.14,$5.38,2.63,$28.57,0.5,$1.83,7.73,$1.14,12.41,$0.46B,$0.35B,1.33,$0.07B,$0.28B,0.25,$1.46B,$0.19B,12.67%,$1.46B,$0.10B,6.78%,$1.46B,$0.10B,6.78%,$1.46B,$0.13B,9.11%,$1.46B,$0.10B,6.64%,$1.46B,$0.06B,3.90%,$0.06B,$0.28B,22.35%,$0.06B,$0.15B,45.06%,$0.06B,$0.73B,8.32%,$0.10B,$0.34B,31.65%,$373,$322,$51,$0,$26,$348,$25,$-4,$21,$8,$12,$12,$12,$34,$25,$51,51,$0.24,$0.24,$143,$32,$73,$460,$130,$13,$126,$0,$269,$728,$345,$67,$20,$108,$453,$0,$125,$0,$275,$728,$59,$34,$17,$51,$21,$0,$17,$-111,$-70,$40,$-26,$0,$0,$3,$0,$3,$0,$-23,$-5,$0,$-5,$-1,$-1,$-5,$0,$-12,$5,$0,$-5
28,2011-09-30,9.89,$5.17,1.91,$28.39,0.35,$2.86,3.45,$1.14,8.68,$0.41B,$0.34B,1.22,$0.05B,$0.26B,0.19,$1.42B,$0.18B,12.54%,$1.42B,$0.10B,6.83%,$1.42B,$0.10B,6.83%,$1.42B,$0.13B,9.23%,$1.42B,$0.10B,6.83%,$1.42B,$0.06B,4.01%,$0.06B,$0.26B,23.92%,$0.06B,$0.14B,53.02%,$0.06B,$0.68B,8.39%,$0.10B,$0.31B,32.61%,$375,$323,$52,$0,$20,$343,$32,$0,$32,$13,$19,$19,$19,$40,$32,$51,51,$0.38,$0.38,$119,$32,$82,$409,$124,$17,$127,$0,$268,$677,$337,$49,$11,$76,$413,$0,$114,$0,$264,$677,$46,$25,$7,$33,$50,$0,$-5,$-116,$-53,$25,$-15,$0,$0,$3,$0,$3,$0,$-12,$-28,$0,$-28,$-1,$-1,$-4,$0,$-33,$-20,$0,$-4
29,2011-06-30,12.16,$4.82,2.52,$26.09,0.47,$2.54,4.79,$0.93,13.08,$0.41B,$0.36B,1.16,$0.05B,$0.25B,0.22,$1.28B,$0.15B,12.08%,$1.28B,$0.08B,6.12%,$1.28B,$0.08B,6.12%,$1.28B,$0.11B,8.63%,$1.28B,$0.08B,6.12%,$1.28B,$0.05B,3.61%,$0.05B,$0.25B,21.17%,$0.05B,$0.12B,48.04%,$0.05B,$0.68B,7.15%,$0.08B,$0.30B,27.88%,$352,$311,$41,$0,$20,$331,$21,$3,$24,$9,$14,$14,$14,$30,$21,$51,51,$0.28,$0.28,$158,$29,$51,$414,$121,$18,$129,$0,$268,$682,$358,$54,$12,$79,$436,$0,$96,$0,$246,$682,$27,$18,$1,$19,$53,$0,$1,$-59,$6,$52,$-10,$0,$0,$3,$0,$3,$0,$-7,$-22,$0,$-22,$-1,$-1,$-3,$0,$-25,$20,$0,$-3
30,2011-03-31,9.54,$4.60,2.07,$23.69,0.4,$1.57,6.09,$0.81,11.78,$0.38B,$0.33B,1.15,$0.06B,$0.24B,0.26,$1.13B,$0.14B,12.43%,$1.13B,$0.07B,6.04%,$1.13B,$0.07B,6.04%,$1.13B,$0.10B,8.53%,$1.13B,$0.07B,5.77%,$1.13B,$0.04B,3.46%,$0.04B,$0.24B,19.92%,$0.04B,$0.10B,46.43%,$0.04B,$0.66B,6.52%,$0.07B,$0.30B,25.64%,$360,$319,$41,$0,$20,$339,$21,$-1,$20,$8,$12,$12,$12,$29,$21,$50,51,$0.25,$0.24,$154,$22,$41,$383,$121,$19,$132,$0,$272,$655,$334,$61,$12,$85,$420,$0,$83,$0,$235,$655,$12,$9,$1,$9,$61,$7,$-7,$-51,$9,$31,$-4,$0,$0,$3,$0,$3,$0,$-1,$-13,$0,$-13,$1,$1,$-1,$0,$-14,$16,$0,$-1
31,2010-12-31,8.95,$4.22,2.12,$20.49,0.44,$0.99,9.02,$0.72,12.44,$0.43B,$0.38B,1.12,$0.07B,$0.21B,0.35,$0.94B,$0.12B,13.07%,$0.94B,$0.06B,6.16%,$0.94B,$0.06B,6.16%,$0.94B,$0.08B,8.93%,$0.94B,$0.06B,5.95%,$0.94B,$0.03B,3.61%,$0.03B,$0.21B,19.40%,$0.03B,$0.07B,46.10%,$0.03B,$0.70B,6.14%,$0.06B,$0.28B,23.39%,$333,$289,$44,$0,$21,$311,$23,$-2,$21,$8,$12,$12,$12,$32,$23,$43,47,$0.26,$0.24,$141,$26,$30,$427,$123,$19,$135,$0,$277,$704,$382,$73,$29,$114,$496,$0,$72,$0,$208,$704,$34,$26,$3,$29,$-42,$0,$12,$44,$19,$82,$-21,$0,$-19,$4,$-18,$-14,$0,$-54,$-17,$0,$-17,$22,$22,$-6,$0,$-1,$25,$0,$-6
32,2010-09-30,6.12,$3.83,1.6,$16.78,0.36,$0.36,17.14,$0.58,10.55,$0.33B,$0.28B,1.19,$0.06B,$0.18B,0.34,$0.73B,$0.10B,13.66%,$0.73B,$0.04B,5.93%,$0.73B,$0.04B,5.93%,$0.73B,$0.06B,8.69%,$0.73B,$0.05B,6.34%,$0.73B,$0.03B,3.59%,$0.03B,$0.18B,16.33%,$0.03B,$0.09B,38.24%,$0.03B,$0.53B,5.23%,$0.04B,$0.24B,18.44%,$230,$202,$28,$0,$15,$217,$13,$-0,$13,$6,$8,$8,$8,$19,$13,$45,46,$0.17,$0.17,$108,$23,$32,$327,$97,$19,$90,$0,$206,$533,$276,$62,$14,$77,$354,$0,$61,$0,$180,$533,$21,$17,$2,$19,$-40,$-5,$14,$-2,$-31,$10,$-15,$0,$0,$4,$-18,$-14,$0,$-29,$-1,$0,$-1,$18,$18,$-5,$0,$12,$-8,$0,$-5
33,2010-06-30,5.87,$3.61,1.62,$14.85,0.4,$1.02,5.76,$0.64,9.18,$0.31B,$0.25B,1.27,$0.08B,$0.16B,0.51,$0.60B,$0.09B,15.12%,$0.60B,$0.04B,7.14%,$0.60B,$0.04B,7.14%,$0.60B,$0.06B,9.80%,$0.60B,$0.05B,7.81%,$0.60B,$0.03B,4.32%,$0.03B,$0.16B,19.55%,$0.03B,$0.07B,40.94%,$0.03B,$0.50B,6.12%,$0.04B,$0.24B,21.80%,$203,$177,$27,$0,$16,$192,$11,$0,$11,$4,$7,$7,$7,$16,$11,$43,45,$0.16,$0.16,$120,$20,$31,$312,$97,$3,$89,$0,$190,$501,$245,$82,$11,$96,$342,$0,$55,$0,$160,$501,$14,$11,$2,$13,$-13,$-5,$2,$-8,$-22,$5,$-12,$0,$0,$-3,$0,$-3,$0,$-15,$8,$0,$8,$4,$4,$-4,$0,$8,$-3,$0,$-4
34,2010-03-31,7.19,$4.27,1.68,$14.02,0.51,$1.23,5.83,$0.74,9.72,$0.29B,$0.24B,1.24,$0.07B,$0.15B,0.48,$0.52B,$0.09B,16.38%,$0.52B,$0.05B,8.67%,$0.52B,$0.05B,8.67%,$0.52B,$0.06B,11.18%,$0.52B,$0.05B,9.63%,$0.52B,$0.03B,5.39%,$0.03B,$0.15B,25.45%,$0.03B,$0.06B,44.98%,$0.03B,$0.48B,7.77%,$0.05B,$0.23B,28.13%,$175,$151,$24,$0,$13,$164,$11,$-0,$11,$4,$7,$7,$7,$17,$11,$33,46,$0.20,$0.15,$112,$25,$23,$293,$91,$2,$91,$0,$184,$477,$236,$74,$11,$88,$324,$0,$49,$0,$153,$477,$7,$6,$3,$8,$-9,$-7,$3,$-4,$-16,$-1,$-1,$0,$0,$1,$0,$1,$0,$-0,$-6,$0,$-6,$4,$4,$-3,$0,$-5,$-7,$0,$-3
35,2009-12-31,7.38,$4.40,1.68,$13.98,0.53,$1.49,4.94,$0.76,9.71,$0.29B,$0.25B,1.17,$0.08B,$0.14B,0.54,$0.47B,$0.08B,16.24%,$0.47B,$0.04B,8.76%,$0.47B,$0.04B,8.76%,$0.47B,$0.05B,10.68%,$0.47B,$0.05B,10.26%,$0.47B,$0.03B,5.77%,$0.03B,$0.14B,31.12%,$0.03B,$0.05B,44.26%,$0.03B,$0.48B,8.94%,$0.04B,$0.22B,32.80%,$117,$97,$20,$0,$12,$109,$8,$3,$11,$4,$7,$7,$4,$11,$8,$32,34,$0.12,$0.09,$120,$22,$18,$286,$93,$6,$94,$0,$193,$478,$245,$78,$9,$90,$334,$0,$43,$0,$144,$478,$26,$9,$-3,$6,$16,$-4,$-7,$-4,$-3,$28,$-5,$0,$25,$-15,$0,$-15,$0,$5,$-7,$0,$-7,$0,$0,$-8,$0,$-14,$17,$0,$-8
36,2009-09-30,6.65,$2.31,2.87,$15.52,0.43,$2.87,2.32,$0.89,7.48,$0.21B,$0.15B,1.43,$0.02B,$0.08B,0.3,$0.49B,$0.07B,15.10%,$0.49B,$0.04B,8.57%,$0.49B,$0.04B,8.57%,$0.49B,$0.05B,10.20%,$0.49B,$0.05B,9.80%,$0.49B,$0.03B,6.33%,$0.03B,$0.08B,48.06%,$0.03B,$0.07B,50.20%,$0.03B,$0.24B,12.63%,$0.04B,$0.10B,46.67%,$107,$86,$20,$0,$7,$94,$13,$1,$14,$5,$9,$9,$8,$15,$13,$32,34,$0.24,$0.23,$85,$0,$29,$207,$32,$3,$3,$0,$37,$244,$145,$22,$0,$24,$169,$0,$40,$0,$75,$244,$22,$6,$-5,$1,$10,$0,$-15,$5,$-1,$22,$-4,$0,$0,$10,$0,$10,$-1,$5,$-11,$0,$-11,$-0,$-0,$-7,$0,$-18,$6,$0,$-7
37,2009-06-30,6.82,$2.09,3.26,$17.12,0.4,$3.89,1.76,$0.98,6.96,$0.21B,$0.15B,1.42,$0.03B,$0.07B,0.37,$0.53B,$0.08B,14.15%,$0.53B,$0.04B,7.36%,$0.53B,$0.04B,7.36%,$0.53B,$0.05B,8.87%,$0.53B,$0.05B,8.68%,$0.53B,$0.03B,6.23%,$0.03B,$0.07B,57.14%,$0.03B,$0.07B,60.00%,$0.03B,$0.24B,13.57%,$0.04B,$0.09B,46.85%,$120,$99,$21,$0,$8,$107,$13,$1,$14,$5,$9,$9,$9,$15,$13,$32,33,$0.26,$0.26,$75,$0,$29,$210,$28,$1,$3,$0,$33,$242,$147,$25,$0,$27,$174,$0,$33,$0,$68,$242,$14,$4,$-2,$2,$-5,$0,$-6,$0,$-12,$4,$-1,$0,$0,$-0,$-1,$-1,$0,$-2,$-5,$0,$-5,$-0,$-0,$-7,$0,$-12,$-14,$0,$-7
