,Date,Stock Price,Book Value per Share,Price to Book Ratio,TTM Sales per Share,Price to Sales Ratio,TTM FCF per Share,Price to FCF Ratio,TTM Net EPS,PE Ratio,Current Assets,Current Liabilities,Current Ratio,Long Term Debt,Shareholder's Equity_x,Debt to Equity Ratio,TTM Revenue_x,TTM Gross Profit,Gross Margin,TTM Revenue_y,TTM Operating Income,Operating Margin,TTM Revenue_x,TTM EBIT,EBIT Margin,TTM Revenue_y,TTM EBITDA,EBITDA Margin,TTM Revenue_x,TTM Pre-Tax Income,Pre-Tax Margin,TTM Revenue_y,TTM Net Income_x,Net Margin,TTM Net Income_y,Shareholder's Equity_y,Return on Equity,TTM Net Income_x,Tangible Equity,Return on Tangible Equity,TTM Net Income_y,Total Assets,Return on Assets,TTM Net Income,LT Investments & Debt,Return on Investment,revenue,cost-goods-sold,gross-profit,research-development-expenses,selling-general-administrative-expenses,operating-expenses,operating-income,total-non-operating-income-expense,pre-tax-income,total-provision-income-taxes,income-after-taxes,income-from-continuous-operations,net-income,ebitda,ebit,basic-shares-outstanding,shares-outstanding,eps-basic-net-earnings-per-share,eps-earnings-per-share-diluted,cash-on-hand,inventory,other-current-assets,total-current-assets,net-property-plant-equipment,long-term-investments,goodwill-intangible-assets-total,other-long-term-assets,total-long-term-assets,total-assets,total-current-liabilities,long-term-debt,other-non-current-liabilities,total-long-term-liabilities,total-liabilities,common-stock-net,retained-earnings-accumulated-deficit,comprehensive-income,total-share-holder-equity,total-liabilities-share-holders-equity,net-income-loss,total-depreciation-amortization-cash-flow,other-non-cash-items,total-non-cash-items,change-in-accounts-receivable,change-in-inventories,change-in-accounts-payable,change-in-assets-liabilities,total-change-in-assets-liabilities,cash-flow-from-operating-activities,net-change-in-property-plant-equipment,net-change-in-intangible-assets,net-acquisitions-divestitures,net-change-in-short-term-investments,net-change-in-long-term-investments,net-change-in-investments-total,investing-activities-other,cash-flow-from-investing-activities,net-long-term-debt,net-current-debt,debt-issuance-retirement-net-total,net-common-equity-issued-repurchased,net-total-equity-issued-repurchased,total-common-preferred-stock-dividends-paid,financial-activities-other,cash-flow-from-financial-activities,net-cash-flow,stock-based-compensation,common-stock-dividends-paid
0,2018-09-30,18.05,$2.39,7.56,$8.27,2.18,$0.33,54.66,$0.14,128.93,$0.04B,$0.05B,0.94,$0.18B,$0.09B,1.94,$0.30B,$0.09B,28.67%,$0.30B,$-0.04B,-14.00%,$0.30B,$-0.04B,-14.00%,$0.30B,$-0.02B,-5.67%,$0.30B,$-0.07B,-22.33%,$0.30B,$-0.05B,-18.00%,$-0.05B,$0.09B,-56.84%,$-0.05B,$-0.08B,43.20%,$-0.05B,$0.32B,-14.62%,$-0.04B,$0.27B,-13.01%,$82,$58,$23,$0,$7,$140,$-58,$-2,$-61,$-2,$-58,$-58,$-58,$-52,$-58,$40,40,$-1.45,$-1.45,$6,$10,$0,$43,$97,$0,$172,$6,$275,$318,$46,$178,$2,$180,$226,$0,$-330,$-1,$92,$318,$-57,$18,$65,$83,$-6,$-3,$7,$-1,$-4,$23,$-14,$-1,$0,$0,$0,$0,$5,$-10,$-84,$-0,$-84,$74,$74,$0,$-2,$-12,$0,$3,$0
1,2018-06-30,17.49,$4.01,4.36,$8.60,2.03,$0.03,502.59,$0.28,62.46,$0.05B,$0.04B,1.06,$0.19B,$0.15B,1.24,$0.30B,$0.09B,29.33%,$0.30B,$0.03B,9.00%,$0.30B,$0.03B,9.00%,$0.30B,$0.05B,17.33%,$0.30B,$-0.00B,-0.33%,$0.30B,$0.01B,3.00%,$0.01B,$0.15B,10.11%,$0.01B,$-0.08B,-6.09%,$0.01B,$0.39B,2.33%,$0.03B,$0.34B,7.95%,$76,$53,$23,$0,$10,$69,$7,$-11,$-4,$-5,$0,$0,$0,$13,$7,$36,37,$0.01,$0.01,$6,$8,$0,$46,$106,$0,$235,$0,$340,$387,$44,$188,$2,$192,$236,$0,$-272,$-1,$151,$387,$2,$12,$-1,$12,$-5,$-2,$5,$-2,$-3,$10,$-8,$-0,$0,$0,$0,$0,$3,$-6,$-82,$6,$-76,$73,$73,$0,$-2,$-4,$1,$3,$0
2,2018-03-31,11.71,$2.14,5.46,$8.80,1.33,$-0.14,0.0,$0.20,58.55,$0.04B,$0.04B,1.05,$0.28B,$0.07B,4.13,$0.30B,$0.09B,28.76%,$0.30B,$0.02B,7.69%,$0.30B,$0.02B,7.69%,$0.30B,$0.05B,16.39%,$0.30B,$0.00B,0.33%,$0.30B,$0.01B,2.34%,$0.01B,$0.07B,10.49%,$0.01B,$-0.17B,-4.09%,$0.01B,$0.39B,1.81%,$0.02B,$0.34B,6.80%,$74,$53,$20,$0,$9,$69,$5,$-5,$-1,$-2,$1,$1,$1,$11,$5,$33,34,$0.04,$0.04,$5,$6,$0,$39,$105,$7,$236,$1,$348,$388,$38,$275,$2,$284,$321,$0,$-273,$-1,$66,$388,$1,$6,$0,$6,$-5,$0,$4,$-3,$-3,$4,$-3,$-0,$0,$0,$0,$0,$-0,$-4,$-1,$8,$7,$-8,$-8,$0,$0,$-1,$-0,$1,$0
3,2017-12-31,12.57,$2.38,5.29,$8.54,1.47,$-0.31,0.0,$-0.21,0.0,$0.03B,$0.03B,1.04,$0.27B,$0.07B,3.78,$0.29B,$0.08B,29.37%,$0.29B,$0.02B,5.24%,$0.29B,$0.02B,5.24%,$0.29B,$0.04B,14.34%,$0.29B,$-0.01B,-3.50%,$0.29B,$-0.01B,-2.10%,$-0.01B,$0.07B,-9.09%,$-0.01B,$-0.17B,3.47%,$-0.01B,$0.38B,-1.55%,$0.02B,$0.34B,4.46%,$68,$49,$20,$0,$8,$64,$4,$-5,$-1,$-4,$3,$3,$3,$11,$4,$33,33,$0.10,$0.11,$6,$6,$0,$33,$106,$7,$237,$1,$351,$384,$32,$270,$2,$280,$312,$0,$-274,$-1,$71,$384,$-6,$27,$5,$31,$-5,$0,$5,$-8,$-7,$18,$-17,$-0,$0,$0,$0,$0,$-4,$-21,$3,$-6,$-4,$-3,$-3,$0,$-0,$-7,$-10,$6,$0
4,2017-09-30,11.85,$2.27,5.23,$7.90,1.5,$-0.10,0.0,$-0.69,0.0,$0.04B,$0.04B,0.99,$0.27B,$0.07B,3.99,$0.26B,$0.08B,29.46%,$0.26B,$0.00B,1.55%,$0.26B,$0.00B,1.55%,$0.26B,$0.03B,10.08%,$0.26B,$-0.02B,-8.14%,$0.26B,$-0.02B,-8.14%,$-0.02B,$0.07B,-32.68%,$-0.02B,$-0.17B,11.97%,$-0.02B,$0.39B,-5.40%,$0.00B,$0.34B,1.19%,$82,$57,$25,$0,$8,$72,$11,$-5,$5,$0,$5,$5,$5,$17,$11,$34,35,$0.15,$0.14,$4,$7,$0,$37,$107,$6,$239,$1,$352,$389,$37,$270,$2,$284,$322,$0,$-277,$-1,$68,$389,$-9,$20,$9,$28,$-8,$-0,$8,$-7,$-8,$11,$-13,$-0,$0,$0,$0,$0,$-2,$-16,$-1,$-2,$-3,$-3,$-3,$0,$-0,$-6,$-11,$5,$0
5,2017-06-30,12.7,$2.06,6.16,$6.71,1.89,$0.10,123.66,$-0.75,0.0,$0.03B,$0.04B,0.83,$0.27B,$0.06B,4.4,$0.21B,$0.06B,29.25%,$0.21B,$-0.00B,-1.89%,$0.21B,$-0.00B,-1.89%,$0.21B,$0.01B,6.60%,$0.21B,$-0.02B,-11.32%,$0.21B,$-0.02B,-11.32%,$-0.02B,$0.06B,-43.24%,$-0.02B,$-0.18B,18.97%,$-0.02B,$0.39B,-7.74%,$-0.00B,$0.33B,-1.52%,$75,$54,$21,$0,$8,$72,$3,$-5,$-2,$0,$-2,$-2,$-2,$10,$3,$33,33,$-0.07,$-0.07,$5,$7,$0,$33,$109,$6,$239,$1,$355,$388,$40,$271,$2,$287,$327,$0,$-282,$-1,$62,$388,$-14,$13,$7,$21,$-4,$-1,$8,$-4,$-1,$5,$-9,$-0,$0,$0,$0,$0,$-1,$-11,$-1,$-1,$-2,$-3,$-3,$0,$-0,$-6,$-11,$4,$0
6,2017-03-31,13.58,$2.12,6.42,$5.61,2.42,$0.30,44.85,$-0.60,0.0,$0.03B,$0.04B,0.89,$0.27B,$0.06B,4.32,$0.17B,$0.05B,29.82%,$0.17B,$-0.00B,-2.34%,$0.17B,$-0.00B,-2.34%,$0.17B,$0.01B,5.26%,$0.17B,$-0.02B,-11.70%,$0.17B,$-0.02B,-11.70%,$-0.02B,$0.06B,-42.11%,$-0.02B,$-0.18B,26.14%,$-0.02B,$0.39B,-8.65%,$-0.00B,$0.34B,-2.09%,$61,$43,$18,$0,$11,$64,$-3,$-8,$-12,$0,$-12,$-12,$-12,$3,$-3,$32,32,$-0.37,$-0.37,$6,$8,$0,$32,$109,$6,$239,$0,$355,$387,$36,$272,$2,$288,$324,$0,$-279,$-1,$63,$387,$-12,$6,$6,$12,$1,$-2,$3,$-1,$-0,$0,$-4,$-0,$0,$0,$0,$0,$-1,$-5,$-1,$0,$-1,$-3,$-3,$0,$0,$-4,$-9,$2,$0
7,2016-12-31,12.28,$2.20,5.59,$4.84,2.54,$0.43,28.46,$-0.19,0.0,$0.04B,$0.03B,1.19,$0.27B,$0.06B,4.2,$0.14B,$0.04B,29.58%,$0.14B,$0.00B,0.70%,$0.14B,$0.00B,0.70%,$0.14B,$0.01B,7.04%,$0.14B,$-0.01B,-4.93%,$0.14B,$-0.01B,-4.93%,$-0.01B,$0.06B,-18.18%,$-0.01B,$-0.18B,25.23%,$-0.01B,$0.39B,-4.63%,$0.00B,$0.34B,0.84%,$40,$29,$12,$0,$12,$48,$-7,$-4,$-12,$0,$-12,$-12,$-12,$-4,$-7,$28,28,$-0.41,$-0.41,$16,$6,$0,$39,$104,$6,$241,$0,$352,$391,$33,$270,$10,$294,$327,$0,$-267,$-2,$64,$391,$-6,$11,$9,$20,$0,$1,$0,$2,$3,$16,$-10,$-0,$-151,$0,$0,$0,$-3,$-163,$132,$34,$166,$-1,$-1,$0,$-4,$161,$14,$8,$0
8,2016-09-30,12.13,$1.26,9.63,$4.59,2.64,$0.51,23.83,$0.20,60.65,$0.03B,$0.02B,1.22,$0.02B,$0.03B,0.49,$0.13B,$0.04B,29.32%,$0.13B,$0.01B,6.77%,$0.13B,$0.01B,6.77%,$0.13B,$0.02B,13.53%,$0.13B,$0.01B,3.76%,$0.13B,$0.01B,3.76%,$0.01B,$0.03B,17.24%,$0.01B,$0.03B,23.81%,$0.01B,$0.07B,7.19%,$0.01B,$0.05B,19.05%,$36,$24,$11,$0,$5,$33,$3,$-0,$2,$0,$2,$2,$2,$5,$3,$29,30,$0.08,$0.08,$2,$8,$0,$27,$38,$0,$8,$0,$46,$74,$22,$16,$3,$19,$41,$0,$-256,$-1,$33,$74,$6,$7,$2,$9,$-5,$-1,$2,$0,$-4,$11,$-7,$-0,$0,$0,$0,$0,$-2,$-9,$0,$-0,$-0,$-1,$-1,$0,$-0,$-1,$0,$2,$0
9,2016-06-30,11.81,$1.15,10.3,$4.68,2.52,$0.62,19.16,$0.17,69.47,$0.03B,$0.03B,1.09,$0.02B,$0.03B,0.54,$0.13B,$0.04B,29.01%,$0.13B,$0.01B,6.11%,$0.13B,$0.01B,6.11%,$0.13B,$0.02B,12.98%,$0.13B,$0.00B,3.05%,$0.13B,$0.00B,3.05%,$0.00B,$0.03B,14.68%,$0.00B,$0.02B,21.05%,$0.00B,$0.07B,5.90%,$0.01B,$0.05B,17.11%,$34,$24,$10,$0,$5,$32,$3,$-0,$2,$0,$2,$2,$2,$5,$3,$29,30,$0.08,$0.08,$2,$8,$0,$27,$38,$0,$8,$0,$46,$73,$25,$16,$3,$19,$43,$0,$-258,$-1,$30,$73,$3,$5,$1,$6,$-5,$-1,$5,$-1,$-2,$8,$-5,$-0,$0,$0,$0,$0,$-1,$-7,$-0,$0,$-0,$-1,$-1,$0,$0,$-1,$-0,$1,$0
10,2016-03-31,10.09,$1.04,9.68,$4.76,2.12,$0.76,13.31,$0.12,84.08,$0.02B,$0.02B,1.36,$0.02B,$0.03B,0.8,$0.13B,$0.04B,27.91%,$0.13B,$0.01B,4.65%,$0.13B,$0.01B,4.65%,$0.13B,$0.02B,12.40%,$0.13B,$0.00B,2.33%,$0.13B,$0.00B,2.33%,$0.00B,$0.03B,11.65%,$0.00B,$0.02B,17.39%,$0.00B,$0.07B,4.49%,$0.01B,$0.05B,12.83%,$32,$23,$9,$0,$5,$31,$2,$-0,$1,$0,$1,$1,$1,$4,$2,$26,29,$0.04,$0.04,$1,$5,$0,$22,$37,$0,$8,$0,$45,$67,$16,$21,$3,$24,$40,$0,$-260,$-1,$27,$67,$1,$2,$1,$3,$-3,$2,$1,$-1,$-1,$3,$-3,$-0,$0,$0,$0,$0,$-1,$-4,$0,$1,$1,$-1,$-1,$0,$0,$0,$-1,$1,$0
11,2015-12-31,8.0,$1.01,7.9,$4.84,1.65,$0.78,10.23,$0.07,114.29,$0.02B,$0.02B,1.27,$0.02B,$0.03B,0.76,$0.13B,$0.04B,27.78%,$0.13B,$0.00B,3.17%,$0.13B,$0.00B,3.17%,$0.13B,$0.02B,11.90%,$0.13B,$0.00B,1.59%,$0.13B,$0.00B,1.59%,$0.00B,$0.03B,8.16%,$0.00B,$0.02B,12.70%,$0.00B,$0.06B,3.01%,$0.00B,$0.05B,8.60%,$31,$22,$9,$0,$5,$31,$1,$-0,$0,$0,$0,$0,$0,$4,$1,$25,27,$0.00,$0.00,$2,$7,$0,$20,$36,$0,$8,$0,$44,$64,$16,$20,$3,$22,$38,$0,$-261,$-1,$26,$64,$2,$10,$4,$14,$-2,$-0,$-0,$0,$-3,$14,$-5,$-0,$0,$0,$0,$0,$-2,$-8,$-31,$27,$-4,$0,$0,$0,$0,$-4,$1,$3,$0
12,2015-09-30,7.55,$0.99,7.6,$4.89,1.54,$0.63,12.05,$-0.07,0.0,$0.02B,$0.02B,1.21,$0.02B,$0.03B,0.84,$0.13B,$0.03B,26.40%,$0.13B,0,0.00%,$0.13B,0,0.00%,$0.13B,$0.01B,8.80%,$0.13B,$-0.00B,-1.60%,$0.13B,$-0.00B,-1.60%,$-0.00B,$0.03B,-8.51%,$-0.00B,$0.02B,-13.79%,$-0.00B,$0.07B,-2.99%,$0.00B,$0.05B,0.00%,$34,$24,$10,$0,$5,$32,$2,$-0,$1,$0,$1,$1,$1,$4,$2,$25,27,$0.05,$0.05,$2,$8,$0,$21,$36,$0,$8,$1,$45,$67,$18,$21,$2,$24,$41,$0,$-261,$-1,$26,$67,$2,$7,$3,$10,$-1,$-2,$1,$0,$-2,$10,$-4,$-0,$0,$0,$0,$0,$-2,$-6,$-3,$-0,$-3,$0,$0,$0,$0,$-3,$1,$2,$0
13,2015-06-30,5.72,$0.95,6.02,$4.64,1.23,$0.38,14.86,$-0.11,0.0,$0.02B,$0.02B,1.08,$0.02B,$0.02B,0.93,$0.12B,$0.03B,26.50%,$0.12B,$-0.00B,-0.85%,$0.12B,$-0.00B,-0.85%,$0.12B,$0.01B,8.55%,$0.12B,$-0.00B,-2.56%,$0.12B,$-0.00B,-2.56%,$-0.00B,$0.02B,-13.19%,$-0.00B,$0.02B,-22.22%,$-0.00B,$0.07B,-4.44%,$-0.00B,$0.05B,-2.11%,$32,$24,$8,$0,$4,$31,$1,$-1,$1,$0,$1,$1,$1,$4,$1,$25,27,$0.03,$0.03,$3,$9,$0,$23,$37,$0,$9,$1,$47,$69,$21,$22,$2,$24,$46,$0,$-263,$-1,$24,$69,$0,$5,$2,$7,$-1,$-2,$5,$0,$1,$9,$-3,$-0,$0,$0,$0,$0,$-1,$-4,$-2,$-0,$-2,$0,$0,$0,$0,$-2,$2,$1,$0
14,2015-03-31,5.23,$0.89,5.88,$4.53,1.15,$0.26,20.15,$-0.40,0.0,$0.02B,$0.02B,1.12,$0.03B,$0.02B,1.13,$0.11B,$0.03B,26.79%,$0.11B,$-0.00B,-3.57%,$0.11B,$-0.00B,-3.57%,$0.11B,$0.01B,6.25%,$0.11B,$-0.01B,-8.93%,$0.11B,$-0.01B,-8.93%,$-0.01B,$0.02B,-44.44%,$-0.01B,$0.01B,-76.92%,$-0.01B,$0.07B,-14.65%,$-0.00B,$0.05B,-8.33%,$29,$22,$8,$0,$5,$29,$0,$-1,$-0,$0,$-0,$-0,$-0,$3,$0,$25,25,$-0.01,$-0.01,$1,$6,$0,$19,$37,$0,$9,$1,$47,$66,$17,$25,$2,$27,$44,$0,$-264,$-1,$22,$66,$-0,$3,$1,$4,$-2,$1,$0,$-1,$-1,$2,$-1,$-0,$0,$0,$0,$0,$-1,$-2,$0,$1,$1,$0,$0,$0,$-0,$1,$0,$1,$0
15,2014-12-31,4.31,$0.90,4.77,$4.32,1.0,$0.37,11.75,$-0.55,0.0,$0.02B,$0.02B,1.04,$0.02B,$0.02B,1.09,$0.11B,$0.03B,26.17%,$0.11B,$-0.01B,-5.61%,$0.11B,$-0.01B,-5.61%,$0.11B,$0.00B,3.74%,$0.11B,$-0.01B,-13.08%,$0.11B,$-0.01B,-13.08%,$-0.01B,$0.02B,-58.33%,$-0.01B,$0.01B,-98.25%,$-0.01B,$0.07B,-20.14%,$-0.01B,$0.05B,-12.24%,$30,$22,$7,$0,$7,$33,$-3,$-1,$-4,$0,$-4,$-4,$-4,$-0,$-3,$24,24,$-0.14,$-0.14,$0,$7,$0,$18,$38,$0,$9,$1,$48,$66,$17,$24,$2,$27,$43,$0,$-263,$-1,$22,$66,$-13,$11,$10,$20,$-1,$-1,$2,$1,$1,$8,$-5,$-0,$0,$0,$0,$0,$-2,$-7,$-1,$1,$-0,$0,$0,$0,$-1,$-1,$0,$4,$0
16,2014-09-30,4.31,$0.95,4.55,$3.92,1.1,$0.29,14.7,$-0.57,0.0,$0.02B,$0.02B,1.23,$0.03B,$0.02B,1.19,$0.10B,$0.03B,26.80%,$0.10B,$-0.01B,-5.15%,$0.10B,$-0.01B,-5.15%,$0.10B,$0.01B,5.15%,$0.10B,$-0.01B,-13.40%,$0.10B,$-0.01B,-14.43%,$-0.01B,$0.02B,-52.83%,$-0.01B,$0.01B,-86.15%,$-0.01B,$0.07B,-19.79%,$-0.01B,$0.05B,-9.80%,$26,$19,$8,$0,$4,$26,$1,$-1,$0,$0,$0,$0,$0,$3,$1,$24,26,$0.01,$0.01,$1,$8,$0,$19,$39,$0,$10,$1,$50,$69,$16,$28,$2,$30,$46,$0,$-260,$-1,$23,$69,$-10,$8,$6,$14,$-1,$-1,$1,$0,$-1,$3,$-3,$-0,$0,$0,$0,$0,$-2,$-5,$-1,$4,$3,$0,$0,$0,$-1,$3,$0,$1,$0
17,2014-06-30,4.77,$0.94,5.06,$3.96,1.2,$0.52,9.18,$-0.67,0.0,$0.02B,$0.02B,0.95,$0.03B,$0.02B,1.08,$0.10B,$0.03B,25.77%,$0.10B,$-0.01B,-6.19%,$0.10B,$-0.01B,-6.19%,$0.10B,$0.01B,5.15%,$0.10B,$-0.02B,-15.46%,$0.10B,$-0.02B,-16.49%,$-0.02B,$0.02B,-54.24%,$-0.02B,$0.01B,-84.21%,$-0.02B,$0.07B,-22.22%,$-0.01B,$0.05B,-11.59%,$27,$20,$7,$0,$4,$29,$-2,$-4,$-6,$0,$-6,$-6,$-6,$1,$-2,$24,24,$-0.26,$-0.26,$0,$8,$0,$21,$40,$0,$10,$1,$51,$72,$22,$25,$2,$27,$49,$0,$-260,$-0,$23,$72,$-10,$6,$5,$11,$-2,$-1,$8,$0,$4,$5,$-3,$-0,$0,$0,$0,$0,$-2,$-5,$-1,$1,$0,$0,$0,$0,$-1,$-0,$0,$1,$0
18,2014-03-31,3.89,$1.18,3.3,$3.85,1.01,$0.58,6.66,$-0.51,0.0,$0.02B,$0.02B,0.93,$0.02B,$0.03B,0.78,$0.09B,$0.02B,25.53%,$0.09B,$-0.01B,-5.32%,$0.09B,$-0.01B,-5.32%,$0.09B,$0.01B,6.38%,$0.09B,$-0.01B,-11.70%,$0.09B,$-0.01B,-12.77%,$-0.01B,$0.03B,-36.36%,$-0.01B,$0.02B,-54.55%,$-0.01B,$0.07B,-16.38%,$-0.01B,$0.05B,-9.30%,$24,$17,$6,$0,$4,$26,$-2,$-1,$-4,$0,$-4,$-4,$-4,$0,$-2,$24,24,$-0.16,$-0.16,$1,$6,$0,$17,$42,$0,$10,$1,$54,$71,$18,$22,$2,$24,$43,$0,$-254,$-1,$28,$71,$-4,$3,$1,$4,$-0,$0,$4,$-0,$4,$4,$-1,$-0,$0,$0,$0,$0,$-1,$-3,$3,$-3,$-1,$-0,$-0,$0,$-0,$-1,$1,$0,$0
19,2013-12-31,2.63,$1.31,2.01,$3.81,0.69,$0.60,4.39,$-0.46,0.0,$0.02B,$0.01B,1.1,$0.02B,$0.03B,0.72,$0.09B,$0.02B,25.00%,$0.09B,$-0.00B,-4.35%,$0.09B,$-0.00B,-4.35%,$0.09B,$0.01B,7.61%,$0.09B,$-0.01B,-9.78%,$0.09B,$-0.01B,-11.96%,$-0.01B,$0.03B,-30.77%,$-0.01B,$0.02B,-45.36%,$-0.01B,$0.07B,-14.67%,$-0.00B,$0.05B,-7.17%,$20,$14,$5,$0,$3,$21,$-2,$-1,$-3,$0,$-3,$-3,$-4,$1,$-2,$24,24,$-0.15,$-0.15,$0,$6,$0,$16,$43,$0,$11,$2,$55,$71,$14,$23,$2,$25,$39,$0,$-250,$-0,$32,$71,$-11,$11,$4,$16,$2,$1,$-0,$-1,$2,$7,$-5,$-0,$0,$0,$0,$0,$-3,$-7,$6,$-4,$2,$-1,$-1,$0,$0,$1,$0,$1,$0
20,2013-09-30,2.38,$1.47,1.62,$3.88,0.61,$0.60,3.96,$-3.54,0.0,$0.02B,$0.02B,0.93,$0.02B,$0.04B,0.52,$0.09B,$0.02B,24.73%,$0.09B,$-0.08B,-80.65%,$0.09B,$-0.08B,-80.65%,$0.09B,$-0.06B,-68.82%,$0.09B,$-0.08B,-86.02%,$0.09B,$-0.08B,-90.32%,$-0.08B,$0.04B,-219.61%,$-0.08B,$0.02B,-320.00%,$-0.08B,$0.07B,-108.04%,$-0.08B,$0.05B,-129.31%,$26,$19,$7,$0,$4,$26,$-0,$-1,$-2,$0,$-2,$-2,$-2,$3,$-0,$24,24,$-0.09,$-0.09,$0,$7,$0,$17,$43,$0,$11,$3,$57,$74,$18,$18,$2,$21,$39,$0,$-246,$-0,$35,$74,$-7,$9,$3,$11,$2,$1,$4,$-2,$5,$9,$-4,$-0,$0,$0,$0,$0,$-2,$-6,$3,$-6,$-3,$0,$0,$0,$-1,$-3,$0,$1,$0
21,2013-06-30,1.82,$1.55,1.18,$3.92,0.46,$0.44,4.09,$-3.61,0.0,$0.02B,$0.02B,1.01,$0.02B,$0.04B,0.51,$0.09B,$0.02B,23.66%,$0.09B,$-0.08B,-82.80%,$0.09B,$-0.08B,-82.80%,$0.09B,$-0.07B,-70.97%,$0.09B,$-0.08B,-86.02%,$0.09B,$-0.09B,-92.47%,$-0.09B,$0.04B,-145.76%,$-0.09B,$0.03B,-289.08%,$-0.09B,$0.08B,-86.65%,$-0.08B,$0.06B,-97.16%,$24,$18,$6,$0,$4,$25,$-1,$-1,$-2,$0,$-2,$-2,$-2,$2,$-1,$24,24,$-0.10,$-0.10,$0,$7,$1,$19,$44,$0,$12,$3,$58,$77,$19,$19,$2,$21,$40,$0,$-244,$-0,$37,$77,$-5,$6,$2,$7,$0,$1,$3,$-1,$3,$6,$-2,$-0,$0,$0,$0,$0,$-1,$-3,$3,$-5,$-2,$0,$0,$0,$-1,$-3,$-0,$1,$0
22,2013-03-31,1.1,$1.65,0.67,$3.96,0.28,$0.26,4.19,$-4.62,0.0,$0.02B,$0.02B,1.09,$0.02B,$0.04B,0.49,$0.09B,$0.02B,22.34%,$0.09B,$-0.09B,-95.74%,$0.09B,$-0.09B,-95.74%,$0.09B,$-0.08B,-84.04%,$0.09B,$-0.09B,-98.94%,$0.09B,$-0.11B,-117.02%,$-0.11B,$0.04B,-137.50%,$-0.11B,$0.03B,-325.93%,$-0.11B,$0.08B,-91.48%,$-0.09B,$0.06B,-89.78%,$22,$17,$5,$0,$4,$24,$-1,$-1,$-2,$0,$-2,$-2,$-3,$1,$-1,$24,24,$-0.11,$-0.11,$0,$6,$2,$19,$45,$0,$12,$3,$59,$78,$17,$19,$2,$22,$39,$0,$-242,$-0,$39,$78,$-3,$3,$1,$4,$1,$2,$0,$0,$3,$4,$-1,$-0,$0,$0,$0,$0,$-1,$-1,$0,$-2,$-2,$-0,$-0,$0,$-0,$-2,$-0,$0,$0
23,2012-12-31,1.19,$1.75,0.68,$3.86,0.31,$0.12,9.57,$-4.67,0.0,$0.02B,$0.02B,1.16,$0.02B,$0.04B,0.51,$0.09B,$0.02B,22.83%,$0.09B,$-0.09B,-98.91%,$0.09B,$-0.09B,-98.91%,$0.09B,$-0.08B,-85.87%,$0.09B,$-0.09B,-102.17%,$0.09B,$-0.11B,-120.65%,$-0.11B,$0.04B,-103.74%,$-0.11B,$0.03B,-297.99%,$-0.11B,$0.08B,-76.03%,$-0.09B,$0.06B,-72.37%,$21,$16,$5,$0,$4,$94,$-73,$-1,$-74,$-0,$-74,$-74,$-77,$-70,$-73,$24,24,$-3.25,$-3.25,$0,$8,$3,$22,$46,$0,$12,$2,$60,$82,$19,$21,$0,$22,$40,$0,$-239,$-0,$42,$82,$-111,$11,$102,$113,$2,$-1,$1,$2,$3,$6,$-4,$-1,$0,$0,$0,$0,$-1,$-6,$15,$-7,$8,$-0,$-0,$0,$-2,$5,$-1,$1,$0
24,2012-09-30,1.05,$4.99,0.21,$3.95,0.27,$-1.11,0.0,$-1.73,0.0,$0.03B,$0.02B,1.47,$0.02B,$0.12B,0.18,$0.09B,$0.02B,21.74%,$0.09B,$-0.02B,-23.91%,$0.09B,$-0.02B,-23.91%,$0.09B,$-0.01B,-11.96%,$0.09B,$-0.03B,-27.17%,$0.09B,$-0.04B,-44.57%,$-0.04B,$0.12B,-30.60%,$-0.04B,$0.04B,-92.13%,$-0.04B,$0.16B,-23.91%,$-0.02B,$0.14B,-14.92%,$26,$20,$6,$0,$5,$28,$-2,$-1,$-2,$0,$-2,$-2,$-4,$1,$-2,$24,24,$-0.16,$-0.16,$1,$8,$4,$30,$48,$0,$81,$2,$130,$160,$20,$21,$0,$21,$42,$0,$-162,$0,$118,$160,$-34,$8,$28,$36,$-1,$0,$3,$0,$3,$5,$-3,$-1,$0,$0,$0,$0,$-1,$-4,$15,$-8,$7,$-0,$-0,$0,$-2,$5,$-0,$1,$0
25,2012-06-30,1.11,$5.11,0.22,$3.87,0.29,$-1.82,0.0,$-1.71,0.0,$0.03B,$0.02B,1.45,$0.02B,$0.12B,0.16,$0.09B,$0.02B,21.11%,$0.09B,$-0.02B,-24.44%,$0.09B,$-0.02B,-24.44%,$0.09B,$-0.01B,-13.33%,$0.09B,$-0.03B,-27.78%,$0.09B,$-0.04B,-44.44%,$-0.04B,$0.12B,-27.87%,$-0.04B,$0.04B,-84.21%,$-0.04B,$0.16B,-22.57%,$-0.02B,$0.14B,-14.47%,$25,$20,$5,$0,$4,$38,$-14,$-1,$-15,$-1,$-14,$-14,$-26,$-11,$-14,$24,24,$-1.11,$-1.11,$1,$9,$0,$29,$50,$0,$80,$2,$132,$161,$20,$19,$1,$20,$40,$0,$-158,$-1,$121,$161,$-30,$5,$26,$31,$-2,$0,$4,$-2,$0,$1,$-2,$-1,$0,$0,$0,$0,$-0,$-2,$15,$-10,$5,$-0,$-0,$0,$-2,$3,$0,$1,$0
26,2012-03-31,1.95,$6.18,0.32,$3.86,0.51,$-2.14,0.0,$-0.70,0.0,$0.03B,$0.02B,1.51,$0.02B,$0.15B,0.1,$0.09B,$0.02B,23.26%,$0.09B,$-0.01B,-10.47%,$0.09B,$-0.01B,-10.47%,$0.09B,0,0.00%,$0.09B,$-0.01B,-13.95%,$0.09B,$-0.02B,-18.60%,$-0.02B,$0.15B,-10.44%,$-0.02B,$0.04B,-31.68%,$-0.02B,$0.18B,-8.73%,$-0.01B,$0.16B,-5.73%,$20,$15,$5,$0,$5,$22,$-2,$-1,$-3,$1,$-3,$-3,$-4,$1,$-2,$24,24,$-0.16,$-0.16,$0,$8,$0,$25,$50,$0,$106,$1,$157,$181,$16,$15,$4,$19,$35,$0,$-132,$-0,$147,$181,$-4,$2,$2,$5,$1,$1,$-0,$-1,$0,$1,$-1,$-0,$0,$0,$0,$0,$0,$-1,$0,$0,$0,$-0,$-0,$0,$-0,$-0,$-0,$0,$0
27,2011-12-31,3.04,$6.32,0.48,$3.92,0.78,$-2.13,0.0,$-0.65,0.0,$0.03B,$0.03B,0.9,$0.00B,$0.15B,0.0,$0.08B,$0.02B,24.10%,$0.08B,$-0.01B,-10.84%,$0.08B,$-0.01B,-10.84%,$0.08B,$-0.00B,-1.20%,$0.08B,$-0.01B,-13.25%,$0.08B,$-0.01B,-16.87%,$-0.01B,$0.15B,-9.64%,$-0.01B,$0.06B,-30.60%,$-0.01B,$0.18B,-7.95%,$-0.01B,$0.15B,-5.97%,$21,$17,$4,$0,$5,$25,$-4,$-1,$-5,$0,$-5,$-5,$-7,$-2,$-4,$22,22,$-0.31,$-0.31,$1,$6,$4,$27,$50,$0,$92,$16,$158,$184,$30,$0,$5,$5,$35,$0,$-128,$-1,$150,$184,$-14,$9,$6,$14,$-7,$-3,$5,$-4,$-8,$-8,$-17,$-0,$-2,$0,$0,$0,$-2,$-21,$-3,$-0,$-3,$40,$40,$0,$-1,$36,$0,$1,$0
28,2011-09-30,5.64,$6.59,0.86,$6.19,0.91,$-4.25,0.0,$-1.31,0.0,$0.03B,$0.02B,1.12,$0.00B,$0.16B,0.01,$0.08B,$0.02B,26.67%,$0.08B,$-0.01B,-12.00%,$0.08B,$-0.01B,-12.00%,$0.08B,$-0.00B,-1.33%,$0.08B,$-0.01B,-14.67%,$0.08B,$-0.02B,-24.00%,$-0.02B,$0.16B,-13.24%,$-0.02B,$0.05B,-48.00%,$-0.02B,$0.18B,-10.91%,$-0.01B,$0.16B,-6.16%,$24,$19,$5,$0,$5,$26,$-2,$-0,$-2,$0,$-3,$-3,$-3,$0,$-2,$24,24,$-0.14,$-0.14,$1,$10,$0,$27,$45,$0,$106,$5,$156,$183,$24,$2,$1,$3,$27,$0,$-121,$-1,$156,$183,$-7,$6,$3,$10,$-6,$-6,$11,$-1,$-3,$-1,$-14,$-0,$-2,$0,$0,$0,$-2,$-18,$-16,$-0,$-16,$40,$40,$0,$-1,$23,$1,$1,$0
