,Date,Stock Price,Book Value per Share,Price to Book Ratio,TTM Sales per Share,Price to Sales Ratio,TTM FCF per Share,Price to FCF Ratio,TTM Net EPS,PE Ratio,Current Assets,Current Liabilities,Current Ratio,Long Term Debt,Shareholder's Equity_x,Debt to Equity Ratio,TTM Revenue_x,TTM Gross Profit,Gross Margin,TTM Revenue_y,TTM Operating Income,Operating Margin,TTM Revenue_x,TTM EBIT,EBIT Margin,TTM Revenue_y,TTM EBITDA,EBITDA Margin,TTM Revenue_x,TTM Pre-Tax Income,Pre-Tax Margin,TTM Revenue_y,TTM Net Income_x,Net Margin,TTM Net Income_y,Shareholder's Equity_y,Return on Equity,TTM Net Income_x,Tangible Equity,Return on Tangible Equity,TTM Net Income_y,Total Assets,Return on Assets,TTM Net Income,LT Investments & Debt,Return on Investment,revenue,cost-goods-sold,gross-profit,research-development-expenses,selling-general-administrative-expenses,operating-expenses,operating-income,total-non-operating-income-expense,pre-tax-income,total-provision-income-taxes,income-after-taxes,income-from-continuous-operations,net-income,ebitda,ebit,basic-shares-outstanding,shares-outstanding,eps-basic-net-earnings-per-share,eps-earnings-per-share-diluted,cash-on-hand,inventory,other-current-assets,total-current-assets,net-property-plant-equipment,long-term-investments,goodwill-intangible-assets-total,other-long-term-assets,total-long-term-assets,total-assets,total-current-liabilities,long-term-debt,other-non-current-liabilities,total-long-term-liabilities,total-liabilities,common-stock-net,retained-earnings-accumulated-deficit,comprehensive-income,total-share-holder-equity,total-liabilities-share-holders-equity,net-income-loss,total-depreciation-amortization-cash-flow,other-non-cash-items,total-non-cash-items,change-in-accounts-receivable,change-in-inventories,change-in-accounts-payable,change-in-assets-liabilities,total-change-in-assets-liabilities,cash-flow-from-operating-activities,net-change-in-property-plant-equipment,net-change-in-intangible-assets,net-acquisitions-divestitures,net-change-in-short-term-investments,net-change-in-long-term-investments,net-change-in-investments-total,investing-activities-other,cash-flow-from-investing-activities,net-long-term-debt,net-current-debt,debt-issuance-retirement-net-total,net-common-equity-issued-repurchased,net-total-equity-issued-repurchased,total-common-preferred-stock-dividends-paid,financial-activities-other,cash-flow-from-financial-activities,net-cash-flow,stock-based-compensation,common-stock-dividends-paid
0,2018-09-30,35.02,$1.70,20.64,$5.77,6.07,$-1.92,0.0,$-2.07,0.0,$0.34B,$0.13B,2.63,$0.22B,$0.06B,3.53,$0.19B,$0.12B,60.53%,$0.19B,$-0.05B,-27.89%,$0.19B,$-0.05B,-27.89%,$0.19B,$-0.03B,-14.21%,$0.19B,$-0.07B,-36.32%,$0.19B,$-0.07B,-36.32%,$-0.07B,$0.06B,255.56%,$-0.07B,$0.00B,77.09%,$-0.07B,$0.43B,-21.58%,$-0.05B,$0.29B,-27.21%,$49,$19,$30,$14,$28,$61,$-12,$-4,$-16,$0,$-16,$-16,$-16,$-6,$-12,$36,36,$-0.44,$-0.44,$282,$0,$0,$339,$15,$0,$60,$5,$91,$429,$129,$222,$1,$237,$366,$0,$-280,$-3,$63,$429,$-51,$19,$16,$35,$-14,$0,$0,$19,$7,$-9,$-5,$0,$0,$0,$0,$0,$0,$-5,$0,$-0,$-0,$145,$145,$0,$-9,$136,$121,$16,$0
1,2018-06-30,36.57,$-2.10,-17.42,$5.71,6.4,$-2.55,0.0,$-2.30,0.0,$0.19B,$0.12B,1.65,$0.22B,$-0.07B,-3.19,$0.18B,$0.11B,59.56%,$0.18B,$-0.06B,-32.24%,$0.18B,$-0.06B,-32.24%,$0.18B,$-0.03B,-18.03%,$0.18B,$-0.07B,-40.44%,$0.18B,$-0.07B,-40.44%,$-0.07B,$-0.07B,143.69%,$-0.07B,$-0.13B,63.79%,$-0.07B,$0.28B,-25.90%,$-0.06B,$0.15B,-35.28%,$47,$19,$29,$13,$29,$60,$-13,$-4,$-17,$-0,$-17,$-17,$-17,$-7,$-13,$33,33,$-0.52,$-0.52,$142,$0,$0,$190,$15,$0,$61,$4,$92,$281,$115,$219,$1,$235,$350,$0,$-264,$-3,$-69,$281,$-36,$13,$11,$24,$-7,$0,$0,$11,$3,$-8,$-4,$0,$0,$0,$0,$0,$0,$-4,$0,$-0,$-0,$2,$2,$0,$-9,$-7,$-19,$11,$0
2,2018-03-31,33.01,$-1.69,-19.51,$5.54,5.96,$-2.92,0.0,$-2.40,0.0,$0.19B,$0.10B,1.85,$0.23B,$-0.06B,-4.24,$0.18B,$0.10B,59.09%,$0.18B,$-0.06B,-35.80%,$0.18B,$-0.06B,-35.80%,$0.18B,$-0.04B,-22.16%,$0.18B,$-0.08B,-43.18%,$0.18B,$-0.08B,-43.75%,$-0.08B,$-0.06B,196.18%,$-0.08B,$-0.12B,79.59%,$-0.08B,$0.28B,-26.55%,$-0.06B,$0.18B,-35.69%,$48,$20,$28,$15,$28,$63,$-15,$-4,$-19,$0,$-19,$-19,$-19,$-8,$-15,$32,32,$-0.58,$-0.58,$148,$0,$0,$187,$15,$0,$64,$4,$93,$280,$101,$234,$1,$234,$336,$0,$-247,$-2,$-55,$280,$-19,$6,$6,$12,$3,$0,$0,$7,$2,$-5,$-2,$0,$0,$0,$0,$0,$0,$-2,$0,$-0,$-0,$2,$2,$0,$-7,$-6,$-12,$6,$0
3,2017-12-31,26.45,$-1.47,-17.98,$5.35,4.94,$-3.13,0.0,$-2.47,0.0,$0.20B,$0.10B,1.98,$0.21B,$-0.05B,-4.54,$0.17B,$0.10B,59.52%,$0.17B,$-0.07B,-39.29%,$0.17B,$-0.07B,-39.29%,$0.17B,$-0.05B,-26.79%,$0.17B,$-0.08B,-45.83%,$0.17B,$-0.08B,-46.43%,$-0.08B,$-0.05B,255.74%,$-0.08B,$-0.11B,97.50%,$-0.08B,$0.29B,-28.60%,$-0.07B,$0.17B,-41.77%,$46,$18,$28,$14,$27,$59,$-13,$-4,$-17,$0,$-17,$-17,$-17,$-6,$-13,$32,32,$-0.52,$-0.52,$161,$0,$0,$202,$14,$0,$65,$4,$87,$289,$102,$213,$1,$234,$336,$0,$-238,$-3,$-47,$289,$-78,$20,$22,$42,$2,$0,$0,$11,$10,$-25,$-4,$-0,$-34,$16,$0,$16,$0,$-22,$94,$-0,$93,$8,$8,$0,$-11,$91,$42,$23,$0
4,2017-09-30,24.13,$-1.11,-21.74,$5.20,4.64,$-2.95,0.0,$-2.55,0.0,$0.20B,$0.10B,2.08,$0.21B,$-0.04B,-5.94,$0.16B,$0.10B,59.26%,$0.16B,$-0.07B,-42.59%,$0.16B,$-0.07B,-42.59%,$0.16B,$-0.05B,-31.48%,$0.16B,$-0.08B,-48.77%,$0.16B,$-0.08B,-49.38%,$-0.08B,$-0.04B,410.26%,$-0.08B,$-0.10B,131.15%,$-0.08B,$0.29B,-31.07%,$-0.07B,$0.18B,-47.18%,$42,$18,$24,$14,$27,$60,$-18,$-4,$-21,$-0,$-21,$-21,$-21,$-12,$-18,$32,32,$-0.67,$-0.67,$157,$0,$0,$204,$14,$0,$67,$7,$89,$293,$98,$210,$1,$230,$328,$0,$-221,$-3,$-35,$293,$-61,$13,$17,$31,$-0,$0,$0,$5,$0,$-30,$-3,$-0,$-34,$16,$0,$16,$0,$-21,$94,$-0,$93,$8,$8,$0,$-10,$91,$39,$18,$0
5,2017-06-30,27.39,$-0.65,-42.44,$5.14,5.33,$-2.38,0.0,$-2.40,0.0,$0.24B,$0.10B,2.52,$0.21B,$-0.02B,-10.14,$0.16B,$0.10B,60.13%,$0.16B,$-0.06B,-40.51%,$0.16B,$-0.06B,-40.51%,$0.16B,$-0.05B,-30.38%,$0.16B,$-0.07B,-46.20%,$0.16B,$-0.08B,-47.47%,$-0.08B,$-0.02B,909.09%,$-0.08B,$-0.05B,182.93%,$-0.08B,$0.30B,-30.99%,$-0.06B,$0.19B,-47.32%,$40,$16,$24,$14,$27,$57,$-17,$-3,$-19,$0,$-20,$-20,$-20,$-13,$-17,$32,32,$-0.62,$-0.62,$204,$0,$0,$244,$15,$0,$33,$6,$54,$298,$97,$207,$1,$222,$318,$0,$-200,$-4,$-20,$298,$-40,$8,$12,$20,$0,$0,$0,$4,$-1,$-21,$-2,$0,$0,$10,$0,$10,$0,$8,$94,$-0,$93,$6,$6,$0,$-6,$94,$80,$12,$0
6,2017-03-31,24.19,$-0.63,-38.23,$5.08,4.76,$-2.13,0.0,$-2.46,0.0,$0.16B,$0.09B,1.67,$0.12B,$-0.02B,-6.24,$0.16B,$0.09B,59.35%,$0.16B,$-0.07B,-41.94%,$0.16B,$-0.07B,-41.94%,$0.16B,$-0.05B,-31.61%,$0.16B,$-0.07B,-47.74%,$0.16B,$-0.08B,-49.03%,$-0.08B,$-0.02B,-3377.78%,$-0.08B,$-0.05B,247.15%,$-0.08B,$0.21B,-33.37%,$-0.07B,$0.10B,-52.53%,$40,$17,$24,$14,$27,$58,$-18,$-2,$-20,$0,$-20,$-20,$-20,$-14,$-18,$31,31,$-0.65,$-0.65,$118,$0,$0,$157,$15,$0,$32,$6,$53,$211,$94,$124,$1,$136,$231,$0,$-180,$-5,$-20,$211,$-20,$4,$6,$10,$1,$0,$0,$4,$-2,$-12,$-1,$0,$0,$10,$0,$10,$0,$9,$0,$-0,$-0,$3,$3,$0,$-6,$-3,$-6,$6,$0
7,2016-12-31,21.52,$-0.11,-193.87,$5.05,4.26,$-1.91,0.0,$-2.49,0.0,$0.17B,$0.10B,1.8,$0.12B,$-0.00B,-36.03,$0.15B,$0.09B,58.82%,$0.15B,$-0.07B,-42.48%,$0.15B,$-0.07B,-42.48%,$0.15B,$-0.05B,-32.03%,$0.15B,$-0.07B,-48.37%,$0.15B,$-0.08B,-49.67%,$-0.08B,$-0.00B,-460.61%,$-0.08B,$-0.04B,440.58%,$-0.08B,$0.23B,-32.00%,$-0.07B,$0.12B,-47.71%,$40,$16,$24,$13,$27,$56,$-16,$-2,$-19,$-0,$-19,$-19,$-19,$-12,$-16,$30,30,$-0.59,$-0.59,$134,$0,$0,$174,$15,$0,$33,$6,$54,$228,$97,$122,$1,$134,$231,$0,$-160,$-5,$-3,$228,$-75,$16,$21,$37,$6,$0,$0,$13,$24,$-14,$-8,$-2,$0,$-13,$-2,$-15,$0,$-25,$0,$-0,$-0,$2,$2,$0,$-5,$-4,$-44,$20,$0
8,2016-09-30,22.61,$0.33,69.14,$5.16,4.39,$-0.88,0.0,$-2.48,0.0,$0.18B,$0.09B,2.0,$0.12B,$0.01B,12.09,$0.16B,$0.09B,60.00%,$0.16B,$-0.06B,-41.29%,$0.16B,$-0.06B,-41.29%,$0.16B,$-0.05B,-30.97%,$0.16B,$-0.07B,-46.45%,$0.16B,$-0.08B,-48.39%,$-0.08B,$0.01B,-241.94%,$-0.08B,$-0.02B,2500.00%,$-0.08B,$0.23B,-30.46%,$-0.06B,$0.13B,-42.88%,$38,$16,$23,$13,$23,$52,$-13,$-2,$-15,$0,$-16,$-16,$-16,$-9,$-13,$30,30,$-0.52,$-0.52,$146,$0,$0,$179,$15,$0,$33,$3,$52,$231,$90,$121,$1,$131,$221,$0,$-142,$-4,$10,$231,$-57,$12,$14,$26,$13,$0,$0,$11,$23,$-7,$-7,$0,$0,$-48,$0,$-48,$0,$-56,$0,$-0,$-0,$2,$2,$0,$-5,$-4,$-67,$14,$0
9,2016-06-30,17.43,$0.72,24.37,$5.27,3.3,$-0.35,0.0,$-2.57,0.0,$0.19B,$0.09B,2.12,$0.12B,$0.02B,5.49,$0.16B,$0.10B,60.76%,$0.16B,$-0.07B,-42.41%,$0.16B,$-0.07B,-42.41%,$0.16B,$-0.05B,-31.65%,$0.16B,$-0.08B,-47.47%,$0.16B,$-0.08B,-48.73%,$-0.08B,$0.02B,-170.17%,$-0.08B,$-0.01B,-733.33%,$-0.08B,$0.24B,-30.05%,$-0.07B,$0.14B,-41.36%,$37,$16,$21,$13,$26,$55,$-18,$-2,$-20,$0,$-21,$-21,$-21,$-14,$-18,$30,30,$-0.68,$-0.68,$145,$0,$0,$189,$15,$0,$33,$3,$52,$241,$89,$119,$1,$130,$219,$0,$-126,$-4,$22,$241,$-41,$8,$11,$19,$2,$0,$0,$13,$12,$-9,$-5,$0,$0,$-39,$0,$-39,$0,$-45,$0,$-0,$-0,$0,$0,$0,$-5,$-4,$-59,$11,$0
10,2016-03-31,11.79,$1.21,9.73,$5.46,2.16,$0.13,88.18,$-2.42,0.0,$0.20B,$0.09B,2.16,$0.12B,$0.04B,3.2,$0.16B,$0.10B,61.96%,$0.16B,$-0.06B,-38.04%,$0.16B,$-0.06B,-38.04%,$0.16B,$-0.05B,-27.61%,$0.16B,$-0.07B,-42.94%,$0.16B,$-0.07B,-44.17%,$-0.07B,$0.04B,-121.01%,$-0.07B,$0.00B,-303.16%,$-0.07B,$0.25B,-27.07%,$-0.06B,$0.15B,-35.48%,$38,$16,$22,$13,$27,$56,$-18,$-2,$-20,$0,$-20,$-20,$-20,$-14,$-18,$30,30,$-0.68,$-0.68,$154,$0,$0,$198,$15,$0,$35,$3,$53,$250,$92,$117,$1,$122,$214,$0,$-106,$-4,$37,$250,$-20,$4,$5,$9,$1,$0,$0,$8,$8,$-3,$-4,$0,$0,$-32,$0,$-32,$0,$-36,$0,$-0,$-0,$0,$0,$0,$-5,$-4,$-43,$5,$0
11,2015-12-31,23.04,$1.86,12.37,$5.70,4.05,$0.25,91.76,$-2.22,0.0,$0.21B,$0.09B,2.44,$0.12B,$0.06B,2.09,$0.17B,$0.11B,63.91%,$0.17B,$-0.06B,-33.14%,$0.17B,$-0.06B,-33.14%,$0.17B,$-0.04B,-23.08%,$0.17B,$-0.06B,-37.87%,$0.17B,$-0.07B,-39.05%,$-0.07B,$0.06B,-91.99%,$-0.07B,$0.02B,-187.23%,$-0.07B,$0.26B,-24.24%,$-0.06B,$0.17B,-30.15%,$42,$15,$27,$12,$27,$57,$-15,$-2,$-17,$0,$-18,$-18,$-18,$-11,$-15,$30,30,$-0.61,$-0.61,$164,$0,$0,$211,$16,$0,$35,$2,$52,$263,$86,$116,$1,$121,$208,$0,$-85,$-4,$55,$263,$-66,$16,$31,$47,$32,$0,$0,$7,$34,$16,$-7,$0,$0,$-2,$0,$-2,$0,$-9,$0,$-0,$-0,$2,$2,$0,$-7,$-6,$1,$28,$0
12,2015-09-30,22.14,$2.26,9.79,$6.14,3.61,$-0.31,0.0,$-2.22,0.0,$0.22B,$0.08B,2.58,$0.12B,$0.07B,1.71,$0.18B,$0.12B,66.30%,$0.18B,$-0.04B,-23.76%,$0.18B,$-0.04B,-23.76%,$0.18B,$-0.03B,-15.47%,$0.18B,$-0.05B,-27.62%,$0.18B,$-0.07B,-35.91%,$-0.07B,$0.07B,-78.55%,$-0.07B,$0.03B,-146.89%,$-0.07B,$0.27B,-23.09%,$-0.04B,$0.18B,-22.02%,$41,$15,$26,$12,$29,$57,$-16,$-2,$-18,$-0,$-18,$-18,$-18,$-11,$-16,$30,30,$-0.61,$-0.61,$158,$0,$0,$217,$16,$0,$36,$2,$54,$271,$84,$115,$1,$120,$204,$0,$-67,$-4,$67,$271,$-48,$12,$22,$34,$20,$0,$0,$8,$21,$7,$-5,$0,$0,$-22,$0,$-22,$0,$-28,$0,$-0,$-0,$1,$1,$0,$-7,$-6,$-26,$21,$0
13,2015-06-30,21.11,$2.65,7.96,$6.37,3.31,$-0.56,0.0,$-1.74,0.0,$0.23B,$0.08B,2.73,$0.11B,$0.08B,1.44,$0.19B,$0.13B,67.38%,$0.19B,$-0.03B,-16.58%,$0.19B,$-0.03B,-16.58%,$0.19B,$-0.02B,-9.63%,$0.19B,$-0.04B,-19.25%,$0.19B,$-0.05B,-27.27%,$-0.05B,$0.08B,-56.35%,$-0.05B,$0.04B,-102.00%,$-0.05B,$0.28B,-19.67%,$-0.03B,$0.19B,-17.79%,$42,$16,$26,$11,$28,$55,$-13,$-2,$-15,$0,$-16,$-16,$-16,$-9,$-13,$30,30,$-0.53,$-0.53,$157,$0,$0,$225,$16,$0,$38,$2,$55,$280,$82,$113,$1,$119,$201,$0,$-49,$-4,$79,$280,$-30,$8,$15,$23,$11,$0,$0,$6,$9,$2,$-2,$0,$0,$-11,$0,$-11,$0,$-13,$0,$-0,$-0,$1,$1,$0,$-5,$-4,$-15,$15,$0
14,2015-03-31,24.71,$2.93,8.45,$6.49,3.81,$-1.08,0.0,$-1.45,0.0,$0.22B,$0.07B,2.98,$0.11B,$0.09B,1.3,$0.19B,$0.13B,68.78%,$0.19B,$-0.03B,-13.76%,$0.19B,$-0.03B,-13.76%,$0.19B,$-0.01B,-7.41%,$0.19B,$-0.03B,-15.34%,$0.19B,$-0.04B,-22.22%,$-0.04B,$0.09B,-44.21%,$-0.04B,$0.05B,-80.38%,$-0.04B,$0.28B,-17.89%,$-0.03B,$0.20B,-17.28%,$44,$15,$29,$12,$29,$55,$-12,$-2,$-14,$0,$-14,$-14,$-14,$-8,$-12,$29,29,$-0.48,$-0.48,$154,$0,$0,$220,$15,$0,$38,$2,$55,$275,$74,$112,$1,$115,$189,$0,$-33,$-5,$86,$275,$-14,$4,$8,$11,$13,$0,$0,$-1,$1,$-1,$-1,$0,$0,$-12,$0,$-12,$0,$-14,$0,$-0,$-0,$1,$1,$0,$-5,$-4,$-19,$8,$0
15,2014-12-31,27.48,$3.41,8.07,$6.43,4.27,$-0.95,0.0,$-1.26,0.0,$0.24B,$0.09B,2.72,$0.11B,$0.10B,1.12,$0.19B,$0.13B,68.28%,$0.19B,$-0.02B,-12.37%,$0.19B,$-0.02B,-12.37%,$0.19B,$-0.01B,-6.45%,$0.19B,$-0.02B,-12.90%,$0.19B,$-0.04B,-19.35%,$-0.04B,$0.10B,-36.64%,$-0.04B,$0.06B,-68.25%,$-0.04B,$0.30B,-16.94%,$-0.02B,$0.21B,-18.29%,$54,$15,$39,$11,$29,$56,$-2,$-1,$-3,$15,$-18,$-18,$-17,$0,$-2,$29,29,$-0.61,$-0.61,$161,$0,$0,$240,$16,$0,$42,$2,$60,$300,$88,$110,$1,$113,$201,$0,$-19,$-2,$99,$300,$-38,$11,$39,$50,$-14,$0,$0,$4,$-11,$2,$-10,$0,$-22,$0,$0,$0,$40,$8,$109,$0,$109,$19,$19,$0,$-21,$106,$116,$23,$0
16,2014-09-30,25.2,$3.37,7.47,$5.86,4.3,$-0.32,0.0,$-0.66,0.0,$0.11B,$0.08B,1.35,$0.00B,$0.10B,0.0,$0.17B,$0.12B,67.84%,$0.17B,$-0.02B,-11.70%,$0.17B,$-0.02B,-11.70%,$0.17B,$-0.01B,-5.85%,$0.17B,$-0.02B,-11.70%,$0.17B,$-0.02B,-11.11%,$-0.02B,$0.10B,-18.77%,$-0.02B,$0.05B,-30.40%,$-0.02B,$0.18B,-10.41%,$-0.02B,$0.10B,-19.75%,$47,$14,$32,$11,$24,$50,$-4,$-0,$-4,$-0,$-4,$-4,$-4,$-1,$-4,$29,29,$-0.13,$-0.13,$43,$0,$0,$108,$17,$0,$44,$2,$74,$182,$80,$0,$1,$4,$84,$0,$-1,$-1,$98,$182,$-20,$8,$18,$26,$5,$0,$0,$-4,$-3,$3,$-8,$0,$-22,$0,$0,$0,$37,$7,$0,$0,$0,$1,$1,$0,$-16,$-15,$-4,$17,$0
17,2014-06-30,26.44,$3.36,7.87,$5.46,4.84,$0.07,370.31,$-0.50,0.0,$0.11B,$0.08B,1.36,$0.00B,$0.10B,0.0,$0.16B,$0.11B,68.32%,$0.16B,$-0.02B,-9.32%,$0.16B,$-0.02B,-9.32%,$0.16B,$-0.01B,-4.35%,$0.16B,$-0.02B,-9.32%,$0.16B,$-0.01B,-8.70%,$-0.01B,$0.10B,-13.59%,$-0.01B,$0.05B,-18.60%,$-0.01B,$0.18B,-7.89%,$-0.02B,$0.10B,-14.56%,$44,$15,$30,$11,$24,$52,$-8,$-1,$-8,$-1,$-7,$-7,$-7,$-5,$-8,$29,29,$-0.24,$-0.24,$33,$0,$0,$105,$17,$0,$48,$1,$76,$182,$78,$0,$3,$7,$84,$0,$3,$0,$97,$182,$-16,$5,$12,$18,$-5,$0,$0,$-5,$-11,$-9,$-6,$0,$-22,$0,$0,$0,$37,$9,$0,$0,$0,$1,$1,$0,$-16,$-15,$-15,$10,$0
18,2014-03-31,31.51,$3.43,9.19,$5.12,6.16,$0.74,42.67,$-0.24,0.0,$0.11B,$0.08B,1.35,$0.00B,$0.10B,0.0,$0.15B,$0.11B,68.63%,$0.15B,$-0.01B,-3.92%,$0.15B,$-0.01B,-3.92%,$0.15B,0,0.00%,$0.15B,$-0.01B,-3.92%,$0.15B,$-0.01B,-3.92%,$-0.01B,$0.10B,-5.80%,$-0.01B,$0.05B,-6.86%,$-0.01B,$0.19B,-3.52%,$-0.01B,$0.10B,-5.80%,$41,$15,$26,$11,$22,$49,$-9,$-1,$-9,$-1,$-9,$-9,$-8,$-6,$-9,$29,29,$-0.29,$-0.29,$50,$0,$0,$108,$18,$0,$49,$2,$79,$186,$80,$0,$3,$7,$87,$0,$10,$-0,$99,$186,$-9,$3,$4,$7,$7,$0,$0,$-0,$6,$3,$-2,$0,$-22,$0,$0,$0,$37,$13,$0,$0,$0,$1,$1,$0,$-15,$-14,$2,$4,$0
19,2013-12-31,39.9,$3.95,10.11,$4.84,8.25,$0.69,58.14,$0.11,362.73,$0.14B,$0.07B,2.11,$0.00B,$0.11B,0.0,$0.15B,$0.10B,69.86%,$0.15B,$0.00B,2.74%,$0.15B,$0.00B,2.74%,$0.15B,$0.01B,5.48%,$0.15B,$0.00B,2.74%,$0.15B,$0.00B,2.74%,$0.00B,$0.11B,3.92%,$0.00B,$0.10B,4.07%,$0.00B,$0.18B,2.47%,$0.00B,$0.11B,3.92%,$39,$11,$28,$8,$18,$38,$1,$-0,$1,$0,$0,$0,$0,$2,$1,$28,30,$0.00,$0.00,$84,$0,$0,$137,$16,$0,$15,$1,$43,$180,$65,$0,$1,$4,$69,$0,$18,$0,$111,$180,$3,$4,$14,$18,$-7,$0,$0,$-2,$-5,$17,$-6,$0,$-13,$0,$0,$0,$-39,$-59,$0,$0,$0,$3,$3,$0,$-0,$3,$-39,$16,$0
20,2013-09-30,34.19,$3.72,9.19,$4.70,7.28,$0.86,39.6,$0.16,213.69,$0.14B,$0.05B,2.64,$0.00B,$0.11B,0.0,$0.14B,$0.10B,69.29%,$0.14B,$0.01B,3.57%,$0.14B,$0.01B,3.57%,$0.14B,$0.01B,6.43%,$0.14B,$0.01B,3.57%,$0.14B,$0.01B,3.57%,$0.01B,$0.11B,5.18%,$0.01B,$0.11B,5.18%,$0.01B,$0.16B,3.26%,$0.01B,$0.11B,5.18%,$37,$11,$26,$8,$16,$35,$1,$0,$1,$0,$1,$1,$1,$2,$1,$28,30,$0.04,$0.03,$91,$0,$0,$142,$15,$0,$0,$5,$20,$162,$54,$0,$1,$4,$57,$0,$18,$0,$105,$162,$3,$3,$12,$16,$-6,$0,$0,$-5,$-8,$11,$-5,$0,$0,$0,$0,$0,$0,$-5,$0,$0,$0,$3,$3,$0,$-2,$1,$7,$12,$0
21,2013-06-30,29.95,$3.53,8.48,$4.54,6.6,$0.80,37.37,$0.18,166.39,$0.13B,$0.05B,2.66,$0.00B,$0.10B,0.0,$0.13B,$0.09B,69.17%,$0.13B,$0.01B,4.51%,$0.13B,$0.01B,4.51%,$0.13B,$0.01B,6.77%,$0.13B,$0.01B,4.51%,$0.13B,$0.01B,3.76%,$0.01B,$0.10B,5.46%,$0.01B,$0.10B,5.46%,$0.01B,$0.15B,3.38%,$0.01B,$0.10B,6.56%,$36,$11,$25,$8,$16,$35,$1,$-0,$1,$0,$1,$1,$1,$2,$1,$28,30,$0.02,$0.02,$88,$0,$0,$132,$15,$0,$0,$6,$21,$153,$50,$0,$1,$4,$54,$0,$17,$0,$99,$153,$2,$2,$7,$9,$1,$0,$0,$-3,$-4,$8,$-4,$0,$0,$0,$0,$0,$0,$-4,$0,$0,$0,$3,$3,$0,$-2,$0,$5,$8,$0
22,2013-03-31,27.17,$3.34,8.13,$4.34,6.25,$0.76,35.67,$0.20,135.85,$0.13B,$0.06B,2.37,$0.00B,$0.09B,0.0,$0.13B,$0.09B,70.40%,$0.13B,$0.01B,5.60%,$0.13B,$0.01B,5.60%,$0.13B,$0.01B,7.20%,$0.13B,$0.01B,5.60%,$0.13B,$0.01B,4.00%,$0.01B,$0.09B,5.76%,$0.01B,$0.09B,5.76%,$0.01B,$0.15B,3.54%,$0.01B,$0.09B,8.07%,$34,$11,$23,$8,$14,$33,$1,$-0,$1,$-1,$2,$2,$2,$2,$1,$28,29,$0.06,$0.06,$82,$0,$0,$131,$15,$0,$0,$6,$21,$152,$55,$0,$1,$4,$59,$0,$17,$0,$93,$152,$2,$1,$3,$4,$-4,$0,$0,$2,$-5,$1,$-2,$0,$0,$0,$0,$0,$0,$-2,$0,$0,$0,$1,$1,$0,$-2,$-1,$-1,$3,$0
23,2012-12-31,18.29,$3.22,5.68,$4.15,4.4,$0.86,21.2,$0.18,101.61,$0.13B,$0.05B,2.34,$0.00B,$0.09B,0.0,$0.12B,$0.08B,71.19%,$0.12B,$0.01B,6.78%,$0.12B,$0.01B,6.78%,$0.12B,$0.01B,8.47%,$0.12B,$0.01B,6.78%,$0.12B,$0.00B,3.39%,$0.00B,$0.09B,4.83%,$0.00B,$0.09B,4.83%,$0.00B,$0.15B,3.01%,$0.01B,$0.09B,9.67%,$33,$10,$23,$7,$14,$30,$2,$-0,$2,$1,$1,$1,$1,$3,$2,$27,28,$0.05,$0.04,$84,$0,$0,$127,$13,$0,$0,$2,$19,$146,$54,$0,$1,$3,$58,$0,$15,$0,$89,$146,$5,$2,$10,$12,$-5,$0,$0,$8,$7,$25,$-10,$0,$0,$0,$0,$0,$0,$-10,$0,$0,$0,$1,$1,$0,$-1,$-0,$15,$10,$0
24,2012-09-30,19.07,$3.08,6.18,$3.95,4.83,$0.74,25.93,$0.21,90.81,$0.12B,$0.05B,2.32,$0.00B,$0.09B,0.0,$0.11B,$0.08B,72.07%,$0.11B,$0.01B,8.11%,$0.11B,$0.01B,8.11%,$0.11B,$0.01B,9.01%,$0.11B,$0.01B,8.11%,$0.11B,$0.01B,4.50%,$0.01B,$0.09B,6.33%,$0.01B,$0.09B,6.33%,$0.01B,$0.14B,3.94%,$0.01B,$0.09B,11.39%,$30,$9,$21,$7,$12,$28,$2,$-0,$2,$0,$1,$1,$1,$2,$2,$27,28,$0.05,$0.05,$73,$0,$0,$124,$11,$0,$0,$6,$17,$141,$54,$0,$0,$3,$56,$0,$13,$-0,$85,$141,$4,$2,$7,$9,$-13,$0,$0,$8,$-1,$11,$-7,$0,$0,$0,$0,$0,$0,$-7,$0,$0,$0,$1,$1,$0,$-1,$0,$4,$7,$0
25,2012-06-30,16.82,$2.93,5.74,$3.80,4.43,$0.92,18.29,$0.23,73.13,$0.11B,$0.04B,2.64,$0.00B,$0.08B,0.0,$0.11B,$0.08B,73.58%,$0.11B,$0.01B,9.43%,$0.11B,$0.01B,9.43%,$0.11B,$0.01B,10.38%,$0.11B,$0.01B,9.43%,$0.11B,$0.01B,5.66%,$0.01B,$0.08B,7.97%,$0.01B,$0.08B,7.97%,$0.01B,$0.13B,5.02%,$0.01B,$0.08B,13.29%,$28,$7,$21,$7,$12,$26,$2,$-0,$2,$1,$1,$1,$1,$2,$2,$27,28,$0.04,$0.04,$71,$0,$0,$112,$8,$0,$0,$6,$14,$126,$42,$0,$0,$3,$45,$0,$12,$-0,$80,$126,$2,$1,$4,$5,$-2,$0,$0,$5,$-0,$7,$-4,$0,$0,$0,$0,$0,$0,$-4,$0,$0,$0,$1,$1,$0,$-1,$-0,$3,$4,$0
26,2012-03-31,18.7,$2.82,6.62,$3.66,5.11,$1.08,17.3,$0.24,77.92,$0.11B,$0.04B,2.78,$0.00B,$0.08B,0.0,$0.10B,$0.07B,72.55%,$0.10B,$0.01B,9.80%,$0.10B,$0.01B,9.80%,$0.10B,$0.01B,11.76%,$0.10B,$0.01B,9.80%,$0.10B,$0.01B,5.88%,$0.01B,$0.08B,8.36%,$0.01B,$0.08B,8.36%,$0.01B,$0.12B,5.24%,$0.01B,$0.08B,13.94%,$27,$8,$19,$7,$10,$25,$2,$0,$2,$1,$1,$1,$1,$3,$2,$27,28,$0.04,$0.04,$71,$0,$0,$107,$5,$0,$0,$6,$11,$119,$39,$0,$0,$3,$41,$0,$11,$-0,$77,$119,$1,$0,$2,$2,$6,$0,$0,$-3,$0,$3,$-1,$0,$0,$0,$0,$0,$0,$-1,$0,$0,$0,$0,$0,$0,$-0,$0,$2,$2,$0
27,2011-12-31,14.88,$2.74,5.44,$3.49,4.27,$1.19,12.53,$0.23,64.7,$0.11B,$0.04B,2.5,$0.00B,$0.07B,0.0,$0.10B,$0.07B,72.92%,$0.10B,$0.01B,9.38%,$0.10B,$0.01B,9.38%,$0.10B,$0.01B,11.46%,$0.10B,$0.01B,9.38%,$0.10B,$0.01B,6.25%,$0.01B,$0.07B,8.79%,$0.01B,$0.07B,8.79%,$0.01B,$0.12B,5.45%,$0.01B,$0.07B,13.19%,$26,$7,$19,$7,$10,$24,$3,$-0,$3,$1,$2,$2,$2,$3,$3,$27,28,$0.09,$0.08,$68,$0,$0,$111,$5,$0,$0,$6,$11,$121,$44,$0,$0,$3,$47,$0,$10,$0,$74,$121,$6,$2,$7,$9,$-7,$0,$0,$3,$-1,$14,$-3,$0,$0,$0,$0,$0,$-0,$-3,$0,$0,$0,$2,$2,$0,$-1,$1,$13,$7,$0
28,2011-09-30,12.89,$2.60,4.96,$3.31,3.89,$0.52,24.71,$0.17,75.82,$0.10B,$0.04B,2.48,$0.00B,$0.07B,0.0,$0.09B,$0.07B,73.33%,$0.09B,$0.01B,6.67%,$0.09B,$0.01B,6.67%,$0.09B,$0.01B,8.89%,$0.09B,$0.01B,6.67%,$0.09B,$0.01B,5.56%,$0.01B,$0.07B,7.72%,$0.01B,$0.07B,7.72%,$0.01B,$0.11B,4.80%,$0.01B,$0.07B,9.27%,$25,$6,$19,$7,$9,$23,$3,$-0,$3,$1,$2,$2,$2,$3,$3,$27,28,$0.07,$0.07,$66,$0,$0,$102,$4,$0,$0,$6,$10,$112,$41,$0,$0,$1,$42,$0,$8,$-0,$70,$112,$4,$1,$4,$6,$-0,$0,$0,$-3,$1,$11,$-2,$0,$0,$0,$0,$0,$-0,$-2,$0,$0,$0,$2,$2,$0,$-0,$1,$11,$5,$0
29,2011-06-30,17.49,$2.47,7.09,$3.01,5.81,$-0.14,0.0,$0.01,1749.0,$0.10B,$0.04B,2.48,$0.00B,$0.07B,0.0,$0.08B,$0.06B,70.37%,$0.08B,$-0.00B,-1.23%,$0.08B,$-0.00B,-1.23%,$0.08B,$0.00B,2.47%,$0.08B,$-0.00B,-1.23%,$0.08B,$0.00B,1.23%,$0.00B,$0.07B,1.63%,$0.00B,$0.07B,1.63%,$0.00B,$0.11B,1.02%,$-0.00B,$0.07B,-1.63%,$24,$6,$17,$6,$9,$22,$2,$-0,$2,$1,$1,$1,$1,$3,$2,$27,28,$0.05,$0.05,$64,$0,$0,$97,$4,$0,$0,$6,$10,$106,$39,$0,$0,$1,$40,$0,$6,$-0,$66,$106,$2,$1,$2,$3,$3,$0,$0,$-1,$3,$9,$-1,$0,$0,$0,$0,$0,$-0,$-1,$0,$0,$0,$2,$2,$0,$-0,$1,$9,$3,$0
30,2011-03-31,14.57,$2.35,6.21,$2.84,5.13,$-0.44,0.0,$-0.06,0.0,$0.09B,$0.04B,2.5,$0.00B,$0.06B,0.0,$0.08B,$0.05B,70.67%,$0.08B,$-0.00B,-5.33%,$0.08B,$-0.00B,-5.33%,$0.08B,$-0.00B,-2.67%,$0.08B,$-0.00B,-5.33%,$0.08B,$-0.00B,-1.33%,$-0.00B,$0.06B,-1.69%,$-0.00B,$0.06B,-1.69%,$-0.00B,$0.10B,-1.06%,$-0.00B,$0.06B,-6.72%,$21,$6,$15,$6,$8,$20,$1,$0,$1,$0,$1,$1,$1,$2,$1,$27,27,$0.03,$0.03,$62,$0,$0,$92,$3,$0,$0,$6,$9,$101,$37,$0,$0,$1,$38,$0,$4,$-0,$63,$101,$1,$0,$1,$1,$4,$0,$0,$2,$4,$6,$-1,$0,$0,$-0,$0,$-0,$-0,$-1,$0,$0,$0,$1,$1,$0,$-0,$1,$6,$2,$0
31,2010-12-31,11.39,$2.26,5.05,$2.71,4.2,$-0.65,0.0,$-0.07,0.0,$0.09B,$0.04B,2.41,$0.00B,$0.06B,0.0,$0.07B,$0.05B,71.83%,$0.07B,$-0.00B,-5.63%,$0.07B,$-0.00B,-5.63%,$0.07B,$-0.00B,-4.23%,$0.07B,$-0.00B,-5.63%,$0.07B,$-0.00B,-2.82%,$-0.00B,$0.06B,-3.46%,$-0.00B,$0.06B,-3.46%,$-0.00B,$0.10B,-2.16%,$-0.00B,$0.06B,-6.90%,$20,$6,$15,$5,$10,$20,$-0,$-0,$-0,$-1,$1,$1,$1,$0,$-0,$26,26,$0.02,$0.02,$56,$0,$0,$89,$3,$0,$0,$5,$9,$98,$37,$0,$0,$1,$39,$0,$4,$-0,$60,$98,$-2,$1,$6,$8,$-17,$0,$0,$5,$-11,$-5,$-2,$0,$0,$-0,$0,$-0,$-0,$-2,$0,$0,$0,$1,$1,$0,$-0,$1,$-7,$7,$0
32,2010-09-30,9.28,$2.15,4.32,$2.58,3.6,$0.00,0.0,$-0.05,0.0,$0.08B,$0.03B,2.77,$0.00B,$0.06B,0.0,$0.07B,$0.05B,70.59%,$0.07B,$-0.00B,-2.94%,$0.07B,$-0.00B,-2.94%,$0.07B,$-0.00B,-1.47%,$0.07B,$-0.00B,-2.94%,$0.07B,$-0.00B,-2.94%,$-0.00B,$0.06B,-3.54%,$-0.00B,$0.06B,-3.54%,$-0.00B,$0.09B,-2.24%,$-0.00B,$0.06B,-3.52%,$16,$5,$10,$5,$9,$19,$-4,$0,$-4,$-1,$-2,$-2,$-2,$-3,$-4,$26,26,$-0.09,$-0.09,$53,$0,$0,$80,$3,$0,$0,$3,$6,$86,$29,$0,$0,$1,$30,$0,$3,$-0,$56,$86,$-3,$1,$4,$5,$-9,$0,$0,$-1,$-10,$-7,$-1,$0,$0,$-0,$0,$-0,$-0,$-2,$0,$0,$0,$0,$0,$0,$-1,$-0,$-9,$4,$0
33,2010-06-30,6.5,$2.21,2.94,$2.60,2.5,$0.48,13.46,$0.07,92.86,$0.09B,$0.04B,2.51,$0.00B,$0.06B,0.03,$0.07B,$0.05B,72.46%,$0.07B,$0.00B,4.35%,$0.07B,$0.00B,4.35%,$0.07B,$0.00B,4.35%,$0.07B,$0.00B,4.35%,$0.07B,$0.00B,1.45%,$0.00B,$0.06B,1.80%,$0.00B,$0.06B,1.80%,$0.00B,$0.09B,1.12%,$0.00B,$0.06B,5.38%,$18,$5,$13,$5,$9,$19,$-1,$0,$-1,$-0,$-1,$-1,$-1,$-1,$-1,$26,26,$-0.02,$-0.02,$61,$0,$0,$87,$3,$0,$0,$4,$7,$94,$35,$1,$0,$1,$36,$0,$5,$-0,$58,$94,$-0,$1,$3,$3,$-10,$0,$0,$5,$-3,$0,$-1,$0,$0,$-0,$0,$-0,$-0,$-1,$0,$0,$0,$0,$0,$0,$-1,$-0,$-2,$3,$0
34,2010-03-31,9.88,$2.18,4.53,$2.57,3.84,$0.58,17.0,$0.15,65.87,$0.08B,$0.03B,2.58,$0.00B,$0.06B,0.0,$0.07B,$0.05B,72.06%,$0.07B,$0.01B,8.82%,$0.07B,$0.01B,8.82%,$0.07B,$0.01B,8.82%,$0.07B,$0.01B,8.82%,$0.07B,$0.00B,5.88%,$0.00B,$0.06B,7.48%,$0.00B,$0.06B,7.48%,$0.00B,$0.09B,4.65%,$0.01B,$0.06B,11.21%,$17,$5,$13,$5,$7,$17,$1,$0,$1,$0,$0,$0,$0,$1,$1,$26,27,$0.02,$0.02,$61,$0,$0,$84,$3,$0,$0,$4,$7,$92,$33,$0,$0,$2,$35,$0,$6,$0,$57,$92,$0,$0,$1,$1,$-7,$0,$0,$5,$-2,$-0,$-0,$0,$0,$0,$0,$0,$-0,$-1,$0,$0,$0,$0,$0,$0,$-0,$-0,$-1,$1,$0
35,2009-12-31,10.35,$2.14,4.84,$2.61,3.97,$0.61,17.09,$0.21,49.29,$0.08B,$0.03B,2.82,$0.00B,$0.06B,0.0,$0.07B,$0.05B,71.01%,$0.07B,$0.01B,11.59%,$0.07B,$0.01B,11.59%,$0.07B,$0.01B,11.59%,$0.07B,$0.01B,11.59%,$0.07B,$0.01B,8.70%,$0.01B,$0.06B,11.76%,$0.01B,$0.06B,11.76%,$0.01B,$0.09B,7.27%,$0.01B,$0.06B,15.69%,$17,$5,$12,$5,$6,$15,$2,$0,$2,$0,$1,$1,$1,$2,$2,$26,26,$0.04,$0.04,$62,$0,$0,$79,$3,$0,$0,$4,$7,$85,$28,$0,$0,$2,$30,$0,$6,$0,$55,$85,$6,$1,$3,$5,$6,$0,$0,$-4,$1,$11,$-1,$0,$0,$0,$0,$0,$0,$-1,$0,$0,$0,$0,$0,$0,$0,$0,$10,$5,$0
36,2009-09-30,8.42,$2.03,4.15,$2.71,3.1,$0.69,12.23,$0.31,27.16,$0.08B,$0.03B,2.61,$0.00B,$0.05B,0.0,$0.07B,$0.05B,72.22%,$0.07B,$0.01B,13.89%,$0.07B,$0.01B,13.89%,$0.07B,$0.01B,15.28%,$0.07B,$0.01B,13.89%,$0.07B,$0.01B,12.50%,$0.01B,$0.05B,18.65%,$0.01B,$0.05B,18.65%,$0.01B,$0.09B,11.18%,$0.01B,$0.05B,20.73%,$17,$4,$12,$5,$6,$15,$1,$0,$1,$0,$1,$1,$1,$1,$1,$26,26,$0.03,$0.03,$56,$0,$0,$81,$3,$0,$0,$2,$5,$86,$31,$0,$0,$3,$34,$0,$4,$0,$52,$86,$4,$1,$4,$5,$-3,$0,$0,$-1,$-5,$5,$-1,$0,$0,$0,$0,$0,$0,$-1,$0,$0,$0,$0,$0,$0,$0,$0,$4,$4,$0
37,2009-06-30,8.12,$1.94,4.19,$2.82,2.88,$0.78,10.45,$0.37,21.95,$0.08B,$0.03B,2.67,$0.00B,$0.05B,0.0,$0.07B,$0.05B,72.97%,$0.07B,$0.01B,16.22%,$0.07B,$0.01B,16.22%,$0.07B,$0.01B,18.92%,$0.07B,$0.01B,17.57%,$0.07B,$0.01B,13.51%,$0.01B,$0.05B,21.98%,$0.01B,$0.05B,21.98%,$0.01B,$0.08B,12.74%,$0.01B,$0.05B,26.37%,$17,$5,$12,$5,$6,$15,$2,$0,$2,$1,$2,$2,$2,$2,$2,$26,26,$0.06,$0.06,$54,$0,$0,$75,$3,$0,$0,$2,$5,$81,$28,$0,$0,$3,$31,$0,$4,$0,$50,$81,$4,$1,$3,$3,$-1,$0,$0,$-1,$-5,$2,$-0,$0,$0,$0,$0,$0,$0,$-0,$0,$0,$0,$0,$0,$0,$0,$0,$2,$3,$0
38,2009-03-31,4.65,$1.83,2.55,$2.87,1.62,$0.87,5.35,$0.39,11.92,$0.07B,$0.03B,2.64,$0.00B,$0.05B,0.0,$0.08B,$0.06B,73.68%,$0.08B,$0.01B,17.11%,$0.08B,$0.01B,17.11%,$0.08B,$0.02B,21.05%,$0.08B,$0.02B,19.74%,$0.08B,$0.01B,13.16%,$0.01B,$0.05B,23.12%,$0.01B,$0.05B,23.12%,$0.01B,$0.08B,13.03%,$0.01B,$0.05B,30.06%,$18,$5,$13,$5,$6,$15,$3,$0,$3,$1,$2,$2,$2,$3,$3,$26,26,$0.08,$0.08,$52,$0,$0,$73,$3,$0,$0,$2,$5,$78,$28,$0,$0,$3,$31,$0,$2,$0,$47,$78,$2,$0,$1,$2,$-1,$0,$0,$-0,$-3,$0,$-0,$0,$0,$0,$0,$0,$0,$-0,$0,$0,$0,$0,$0,$0,$0,$0,$0,$1,$0
39,2008-12-31,5.75,$1.70,3.37,$2.85,2.02,$0.90,6.35,$0.41,14.02,$0.07B,$0.03B,2.39,$0.00B,$0.04B,0.0,$0.08B,$0.06B,73.68%,$0.08B,$0.01B,18.42%,$0.08B,$0.01B,18.42%,$0.08B,$0.02B,22.37%,$0.08B,$0.02B,21.05%,$0.08B,$0.01B,14.47%,$0.01B,$0.04B,26.99%,$0.01B,$0.04B,26.99%,$0.01B,$0.08B,14.47%,$0.01B,$0.04B,34.36%,$20,$5,$15,$5,$6,$16,$4,$0,$4,$0,$4,$4,$4,$5,$4,$26,27,$0.13,$0.13,$52,$0,$0,$72,$3,$0,$0,$2,$5,$77,$30,$0,$0,$3,$33,$0,$-0,$0,$44,$77,$11,$2,$3,$6,$-2,$0,$0,$-1,$-3,$14,$-1,$0,$0,$0,$0,$0,$0,$-1,$0,$0,$0,$-5,$-5,$0,$-0,$-5,$8,$4,$0
40,2008-09-30,9.39,$1.59,5.89,$2.86,3.28,$0.79,11.95,$0.40,23.48,$0.07B,$0.04B,2.1,$0.00B,$0.04B,0.0,$0.07B,$0.05B,72.97%,$0.07B,$0.01B,18.92%,$0.07B,$0.01B,18.92%,$0.07B,$0.02B,22.97%,$0.07B,$0.02B,21.62%,$0.07B,$0.01B,13.51%,$0.01B,$0.04B,26.14%,$0.01B,$0.04B,26.14%,$0.01B,$0.08B,13.51%,$0.01B,$0.04B,36.60%,$19,$5,$14,$5,$6,$16,$3,$0,$4,$1,$2,$2,$2,$4,$3,$26,26,$0.09,$0.09,$48,$0,$0,$73,$3,$0,$0,$2,$5,$78,$35,$0,$0,$2,$37,$0,$-4,$0,$41,$78,$7,$1,$3,$4,$-7,$0,$0,$4,$-4,$7,$-1,$0,$0,$0,$0,$0,$0,$-1,$0,$0,$0,$-2,$-2,$0,$-0,$-3,$4,$3,$0
41,2008-06-30,11.23,$1.55,7.25,$2.76,4.07,$0.74,15.08,$0.44,25.52,$0.07B,$0.03B,2.19,$0.00B,$0.04B,0.0,$0.07B,$0.05B,73.24%,$0.07B,$0.01B,19.72%,$0.07B,$0.01B,19.72%,$0.07B,$0.02B,22.54%,$0.07B,$0.02B,21.13%,$0.07B,$0.01B,16.90%,$0.01B,$0.04B,34.04%,$0.01B,$0.04B,34.04%,$0.01B,$0.07B,17.02%,$0.01B,$0.04B,39.72%,$19,$5,$14,$5,$6,$15,$3,$0,$4,$1,$2,$2,$2,$4,$3,$26,27,$0.09,$0.08,$49,$0,$2,$69,$3,$0,$0,$2,$5,$74,$31,$0,$0,$2,$33,$0,$-6,$0,$41,$74,$5,$1,$2,$3,$-2,$0,$0,$2,$-2,$5,$-1,$0,$0,$0,$0,$0,$0,$-1,$0,$0,$0,$0,$0,$0,$0,$0,$4,$2,$0
