,Date,Stock Price,Book Value per Share,Price to Book Ratio,TTM Sales per Share,Price to Sales Ratio,TTM FCF per Share,Price to FCF Ratio,TTM Net EPS,PE Ratio,Current Assets,Current Liabilities,Current Ratio,Long Term Debt,Shareholder's Equity_x,Debt to Equity Ratio,TTM Revenue_x,TTM Gross Profit,Gross Margin,TTM Revenue_y,TTM Operating Income,Operating Margin,TTM Revenue_x,TTM EBIT,EBIT Margin,TTM Revenue_y,TTM EBITDA,EBITDA Margin,TTM Revenue_x,TTM Pre-Tax Income,Pre-Tax Margin,TTM Revenue_y,TTM Net Income_x,Net Margin,TTM Net Income_y,Shareholder's Equity_y,Return on Equity,TTM Net Income_x,Tangible Equity,Return on Tangible Equity,TTM Net Income_y,Total Assets,Return on Assets,TTM Net Income,LT Investments & Debt,Return on Investment,revenue,cost-goods-sold,gross-profit,research-development-expenses,selling-general-administrative-expenses,operating-expenses,operating-income,total-non-operating-income-expense,pre-tax-income,total-provision-income-taxes,income-after-taxes,income-from-continuous-operations,net-income,ebitda,ebit,basic-shares-outstanding,shares-outstanding,eps-basic-net-earnings-per-share,eps-earnings-per-share-diluted,cash-on-hand,inventory,other-current-assets,total-current-assets,net-property-plant-equipment,long-term-investments,goodwill-intangible-assets-total,other-long-term-assets,total-long-term-assets,total-assets,total-current-liabilities,long-term-debt,other-non-current-liabilities,total-long-term-liabilities,total-liabilities,common-stock-net,retained-earnings-accumulated-deficit,comprehensive-income,total-share-holder-equity,total-liabilities-share-holders-equity,net-income-loss,total-depreciation-amortization-cash-flow,other-non-cash-items,total-non-cash-items,change-in-accounts-receivable,change-in-inventories,change-in-accounts-payable,change-in-assets-liabilities,total-change-in-assets-liabilities,cash-flow-from-operating-activities,net-change-in-property-plant-equipment,net-change-in-intangible-assets,net-acquisitions-divestitures,net-change-in-short-term-investments,net-change-in-long-term-investments,net-change-in-investments-total,investing-activities-other,cash-flow-from-investing-activities,net-long-term-debt,net-current-debt,debt-issuance-retirement-net-total,net-common-equity-issued-repurchased,net-total-equity-issued-repurchased,total-common-preferred-stock-dividends-paid,financial-activities-other,cash-flow-from-financial-activities,net-cash-flow,stock-based-compensation,common-stock-dividends-paid
0,2018-09-30,18.3,$16.22,1.13,$8.29,2.21,$14.18,1.29,$0.55,33.27,$1.04B,$0.93B,1.12,$0.11B,$0.12B,0.91,$0.06B,$0.06B,87.50%,$0.06B,$0.01B,10.94%,$0.06B,0,0.00%,$0.06B,0,0.00%,$0.06B,$0.01B,10.94%,$0.06B,$0.00B,6.25%,$0.00B,$0.12B,3.31%,$0.00B,$0.12B,3.31%,$0.00B,$1.16B,0.34%,$0.01B,$0.23B,2.97%,$16,$2,$14,$0,$11,$13,$2,$0,$2,$1,$2,$2,$2,$0,$0,$7,8,$0.25,$0.24,$79,$0,$0,$1038,$9,$95,$0,$16,$119,$1157,$925,$111,$0,$111,$1036,$0,$191,$0,$122,$1157,$2,$1,$1,$2,$16,$0,$2,$1,$20,$24,$0,$0,$0,$0,$8,$8,$26,$34,$-0,$-15,$-15,$-0,$-0,$-1,$-6,$-22,$36,$1,$-1
1,2018-06-30,18.93,$16.23,1.17,$8.45,2.24,$10.00,1.89,$0.28,67.62,$1.05B,$0.93B,1.13,$0.13B,$0.12B,1.05,$0.07B,$0.06B,87.69%,$0.07B,$0.01B,7.69%,$0.07B,0,0.00%,$0.07B,0,0.00%,$0.07B,$0.01B,7.69%,$0.07B,$0.00B,3.08%,$0.00B,$0.12B,1.64%,$0.00B,$0.12B,1.64%,$0.00B,$1.18B,0.17%,$0.01B,$0.25B,2.09%,$16,$2,$14,$0,$12,$13,$2,$0,$2,$1,$1,$1,$1,$0,$0,$8,8,$0.18,$0.18,$43,$0,$0,$1045,$9,$104,$0,$18,$130,$1176,$929,$126,$0,$126,$1055,$0,$191,$0,$120,$1176,$2,$3,$1,$4,$21,$0,$2,$-1,$22,$28,$-0,$0,$0,$2,$-29,$-27,$-0,$-27,$-0,$0,$-0,$-7,$-7,$-4,$-19,$-30,$-30,$1,$-4
2,2018-03-31,17.81,$16.16,1.1,$8.60,2.07,$16.82,1.06,$0.22,80.98,$1.04B,$0.95B,1.1,$0.11B,$0.12B,0.92,$0.07B,$0.06B,89.39%,$0.07B,$0.01B,7.58%,$0.07B,0,0.00%,$0.07B,0,0.00%,$0.07B,$0.01B,7.58%,$0.07B,$0.00B,3.03%,$0.00B,$0.12B,1.62%,$0.00B,$0.12B,1.62%,$0.00B,$1.18B,0.17%,$0.01B,$0.23B,2.07%,$16,$2,$14,$0,$12,$14,$2,$0,$2,$1,$2,$2,$2,$0,$0,$7,8,$0.23,$0.23,$51,$0,$0,$1038,$9,$112,$0,$18,$139,$1177,$945,$111,$0,$111,$1056,$0,$190,$0,$121,$1177,$1,$2,$0,$3,$26,$0,$3,$-0,$29,$33,$-0,$0,$0,$0,$-35,$-35,$9,$-26,$-0,$-15,$-15,$-6,$-6,$-3,$-4,$-29,$-22,$1,$-3
3,2017-12-31,17.98,$16.15,1.11,$8.62,2.09,$23.99,0.75,$0.13,138.32,$1.03B,$0.93B,1.11,$0.11B,$0.12B,0.92,$0.07B,$0.06B,89.55%,$0.07B,$0.01B,7.46%,$0.07B,0,0.00%,$0.07B,0,0.00%,$0.07B,$0.01B,7.46%,$0.07B,$0.00B,1.49%,$0.00B,$0.12B,0.79%,$0.00B,$0.12B,0.79%,$0.00B,$1.16B,0.08%,$0.01B,$0.23B,2.05%,$16,$2,$14,$0,$13,$15,$1,$0,$1,$2,$-1,$-1,$-1,$0,$0,$8,8,$-0.10,$-0.10,$47,$0,$0,$1033,$8,$104,$0,$17,$129,$1162,$930,$111,$0,$111,$1041,$0,$190,$0,$121,$1162,$-1,$2,$1,$2,$20,$0,$3,$-0,$23,$24,$-0,$0,$0,$1,$-28,$-27,$18,$-9,$-0,$-15,$-15,$-5,$-5,$-2,$-19,$-41,$-26,$1,$-2
4,2017-09-30,19.01,$16.42,1.16,$8.78,2.17,$25.24,0.75,$0.41,46.38,$1.09B,$0.95B,1.15,$0.12B,$0.13B,0.97,$0.07B,$0.06B,90.00%,$0.07B,$0.01B,10.00%,$0.07B,0,0.00%,$0.07B,0,0.00%,$0.07B,$0.01B,10.00%,$0.07B,$0.00B,5.71%,$0.00B,$0.13B,3.09%,$0.00B,$0.13B,3.09%,$0.00B,$1.19B,0.33%,$0.01B,$0.25B,2.84%,$17,$2,$15,$0,$16,$18,$-0,$0,$-0,$-0,$-0,$-0,$-0,$0,$0,$8,8,$-0.03,$-0.03,$49,$0,$0,$1088,$7,$82,$0,$17,$106,$1194,$948,$121,$0,$121,$1069,$0,$191,$0,$125,$1194,$-0,$1,$-0,$0,$-10,$0,$1,$1,$-9,$-9,$1,$0,$0,$0,$-4,$-4,$-4,$-7,$-0,$-5,$-5,$-2,$-2,$-1,$0,$-8,$-24,$0,$-1
5,2017-06-30,18.54,$16.62,1.12,$9.01,2.06,$17.72,1.05,$0.64,28.97,$1.10B,$0.95B,1.16,$0.13B,$0.13B,0.98,$0.07B,$0.07B,90.41%,$0.07B,$0.01B,13.70%,$0.07B,0,0.00%,$0.07B,0,0.00%,$0.07B,$0.01B,13.70%,$0.07B,$0.01B,8.22%,$0.01B,$0.13B,4.56%,$0.01B,$0.13B,4.56%,$0.01B,$1.20B,0.50%,$0.01B,$0.25B,3.92%,$17,$2,$16,$0,$14,$16,$2,$0,$2,$1,$1,$1,$1,$0,$0,$8,8,$0.13,$0.12,$73,$0,$0,$1097,$7,$78,$0,$19,$103,$1201,$946,$126,$0,$126,$1072,$0,$193,$0,$128,$1201,$5,$3,$2,$5,$72,$0,$3,$-2,$74,$83,$1,$0,$0,$2,$-21,$-19,$-66,$-85,$20,$15,$35,$-8,$-8,$-4,$-0,$23,$22,$1,$-4
6,2017-03-31,17.84,$16.69,1.07,$9.32,1.91,$13.49,1.32,$0.83,21.49,$1.11B,$0.96B,1.17,$0.11B,$0.13B,0.85,$0.08B,$0.07B,89.61%,$0.08B,$0.01B,15.58%,$0.08B,0,0.00%,$0.08B,0,0.00%,$0.08B,$0.01B,15.58%,$0.08B,$0.01B,10.39%,$0.01B,$0.13B,6.03%,$0.01B,$0.13B,6.03%,$0.01B,$1.20B,0.67%,$0.01B,$0.24B,4.84%,$17,$2,$15,$0,$14,$15,$2,$0,$2,$1,$1,$1,$1,$0,$0,$8,8,$0.14,$0.14,$125,$0,$0,$1114,$6,$59,$0,$20,$85,$1199,$957,$111,$0,$111,$1068,$0,$193,$0,$132,$1199,$4,$2,$2,$4,$83,$0,$2,$-1,$84,$92,$1,$0,$0,$0,$-0,$-0,$-42,$-42,$20,$0,$20,$-4,$-4,$-3,$11,$24,$74,$1,$-3
7,2016-12-31,19.21,$16.75,1.15,$9.33,2.06,$8.41,2.28,$0.87,22.08,$1.11B,$0.95B,1.17,$0.11B,$0.13B,0.84,$0.08B,$0.07B,89.74%,$0.08B,$0.01B,16.67%,$0.08B,0,0.00%,$0.08B,0,0.00%,$0.08B,$0.01B,16.67%,$0.08B,$0.01B,10.26%,$0.01B,$0.13B,5.98%,$0.01B,$0.13B,5.98%,$0.01B,$1.19B,0.67%,$0.01B,$0.24B,5.33%,$19,$2,$17,$0,$14,$16,$3,$0,$3,$1,$2,$2,$2,$0,$0,$8,8,$0.19,$0.18,$83,$0,$0,$1111,$6,$52,$0,$24,$82,$1192,$948,$111,$0,$111,$1060,$0,$193,$0,$133,$1192,$3,$1,$2,$3,$27,$0,$3,$-0,$30,$36,$1,$0,$0,$1,$6,$7,$-29,$-21,$20,$0,$20,$-3,$-3,$-2,$2,$17,$32,$1,$-2
8,2016-09-30,18.46,$16.70,1.11,$9.02,2.05,$10.59,1.74,$0.80,23.07,$1.16B,$0.96B,1.21,$0.15B,$0.13B,1.1,$0.08B,$0.07B,89.47%,$0.08B,$0.01B,15.79%,$0.08B,0,0.00%,$0.08B,0,0.00%,$0.08B,$0.01B,15.79%,$0.08B,$0.01B,9.21%,$0.01B,$0.13B,5.19%,$0.01B,$0.13B,5.19%,$0.01B,$1.24B,0.59%,$0.01B,$0.28B,4.99%,$20,$2,$18,$0,$15,$17,$3,$0,$3,$1,$2,$2,$2,$0,$0,$8,8,$0.20,$0.20,$39,$0,$0,$1161,$6,$55,$0,$21,$82,$1243,$963,$146,$0,$146,$1109,$0,$192,$0,$133,$1243,$2,$1,$2,$3,$-76,$0,$2,$-0,$-74,$-70,$0,$0,$0,$0,$4,$4,$-15,$-11,$20,$35,$55,$-2,$-2,$-1,$17,$69,$-12,$1,$-1
9,2016-06-30,17.15,$16.73,1.03,$8.88,1.93,$27.23,0.63,$0.88,19.49,$1.08B,$0.95B,1.15,$0.09B,$0.13B,0.68,$0.08B,$0.07B,90.79%,$0.08B,$0.01B,17.11%,$0.08B,0,0.00%,$0.08B,0,0.00%,$0.08B,$0.01B,17.11%,$0.08B,$0.01B,9.21%,$0.01B,$0.13B,5.13%,$0.01B,$0.13B,5.13%,$0.01B,$1.17B,0.60%,$0.01B,$0.23B,5.70%,$21,$2,$19,$0,$15,$17,$4,$0,$4,$2,$3,$3,$3,$0,$0,$8,9,$0.31,$0.31,$51,$0,$0,$1083,$6,$60,$0,$22,$88,$1171,$947,$91,$0,$91,$1038,$0,$192,$0,$133,$1171,$7,$2,$-1,$1,$39,$0,$-0,$0,$39,$48,$5,$0,$0,$3,$-39,$-37,$-32,$-64,$-0,$0,$-0,$-12,$-12,$-4,$2,$-14,$-30,$1,$-4
10,2016-03-31,15.88,$16.54,0.96,$8.72,1.82,$15.04,1.06,$0.85,18.68,$1.10B,$0.95B,1.17,$0.09B,$0.14B,0.67,$0.08B,$0.07B,90.79%,$0.08B,$0.01B,17.11%,$0.08B,0,0.00%,$0.08B,0,0.00%,$0.08B,$0.01B,17.11%,$0.08B,$0.01B,7.89%,$0.01B,$0.14B,4.33%,$0.01B,$0.14B,4.33%,$0.01B,$1.17B,0.51%,$0.01B,$0.23B,5.65%,$18,$2,$16,$0,$14,$16,$3,$0,$3,$1,$1,$1,$1,$0,$0,$8,9,$0.18,$0.18,$111,$0,$0,$1104,$5,$41,$0,$23,$70,$1174,$947,$91,$0,$91,$1038,$0,$190,$0,$136,$1174,$5,$1,$-1,$1,$44,$0,$0,$-1,$44,$49,$4,$0,$0,$0,$-18,$-18,$3,$-11,$-0,$0,$-0,$-8,$-8,$-3,$3,$-8,$30,$1,$-3
11,2015-12-31,17.46,$16.52,1.06,$8.92,1.96,$-6.43,0.0,$0.96,18.19,$1.10B,$0.94B,1.18,$0.09B,$0.14B,0.66,$0.08B,$0.07B,92.41%,$0.08B,$0.02B,18.99%,$0.08B,0,0.00%,$0.08B,0,0.00%,$0.08B,$0.02B,18.99%,$0.08B,$0.01B,10.13%,$0.01B,$0.14B,5.71%,$0.01B,$0.14B,5.71%,$0.01B,$1.17B,0.68%,$0.02B,$0.23B,6.21%,$17,$2,$15,$0,$13,$15,$2,$0,$2,$1,$1,$1,$1,$0,$0,$8,9,$0.12,$0.11,$111,$0,$0,$1104,$5,$32,$0,$24,$61,$1165,$935,$91,$0,$91,$1027,$0,$190,$0,$138,$1165,$3,$1,$-1,$0,$52,$0,$-0,$-0,$51,$55,$2,$0,$0,$0,$-9,$-9,$-5,$-11,$-0,$0,$-0,$-5,$-5,$-2,$-6,$-14,$30,$1,$-2
12,2015-09-30,15.41,$16.52,0.93,$9.02,1.71,$-19.82,0.0,$1.10,14.01,$1.13B,$0.95B,1.19,$0.09B,$0.14B,0.66,$0.08B,$0.08B,93.83%,$0.08B,$0.02B,20.99%,$0.08B,0,0.00%,$0.08B,0,0.00%,$0.08B,$0.02B,20.99%,$0.08B,$0.01B,11.11%,$0.01B,$0.14B,6.36%,$0.01B,$0.14B,6.36%,$0.01B,$1.18B,0.77%,$0.02B,$0.23B,7.37%,$20,$2,$19,$0,$14,$16,$4,$0,$4,$2,$2,$2,$2,$0,$0,$9,9,$0.29,$0.28,$156,$0,$0,$1128,$5,$22,$0,$22,$49,$1177,$947,$91,$0,$91,$1038,$0,$190,$0,$139,$1177,$2,$0,$-1,$-0,$65,$0,$2,$2,$68,$70,$0,$0,$0,$0,$1,$1,$7,$8,$-0,$0,$-0,$-4,$-4,$-1,$1,$-4,$75,$0,$-1
13,2015-06-30,15.26,$16.34,0.93,$8.67,1.76,$-29.87,0.0,$1.07,14.26,$1.12B,$0.94B,1.19,$0.09B,$0.14B,0.65,$0.08B,$0.07B,92.50%,$0.08B,$0.02B,21.25%,$0.08B,0,0.00%,$0.08B,0,0.00%,$0.08B,$0.02B,21.25%,$0.08B,$0.01B,11.25%,$0.01B,$0.14B,6.29%,$0.01B,$0.14B,6.29%,$0.01B,$1.18B,0.78%,$0.02B,$0.23B,7.74%,$21,$2,$19,$0,$15,$17,$4,$0,$4,$2,$2,$2,$2,$0,$0,$9,9,$0.28,$0.28,$81,$0,$0,$1123,$5,$23,$0,$23,$51,$1175,$942,$91,$0,$91,$1033,$0,$188,$0,$141,$1175,$10,$2,$-1,$1,$-70,$0,$0,$1,$-69,$-58,$3,$0,$0,$2,$-1,$1,$-44,$-40,$50,$0,$50,$-12,$-12,$-4,$27,$60,$-38,$1,$-4
14,2015-03-31,14.47,$16.27,0.89,$8.23,1.76,$-18.72,0.0,$1.01,14.33,$1.16B,$0.94B,1.23,$0.13B,$0.14B,0.93,$0.08B,$0.07B,92.31%,$0.08B,$0.02B,21.79%,$0.08B,0,0.00%,$0.08B,0,0.00%,$0.08B,$0.02B,21.79%,$0.08B,$0.01B,11.54%,$0.01B,$0.14B,6.24%,$0.01B,$0.14B,6.24%,$0.01B,$1.21B,0.79%,$0.02B,$0.27B,8.17%,$21,$2,$20,$0,$15,$17,$5,$0,$5,$2,$3,$3,$3,$0,$0,$9,9,$0.29,$0.29,$31,$0,$0,$1160,$6,$24,$0,$24,$54,$1214,$941,$131,$0,$131,$1072,$0,$187,$0,$142,$1214,$7,$1,$-1,$1,$-151,$0,$2,$2,$-147,$-139,$1,$0,$0,$0,$1,$1,$-49,$-47,$30,$60,$90,$-9,$-9,$-3,$20,$98,$-88,$1,$-3
15,2014-12-31,13.6,$16.05,0.85,$7.50,1.81,$6.35,2.14,$0.86,15.81,$1.06B,$0.93B,1.15,$0.04B,$0.14B,0.29,$0.07B,$0.07B,90.41%,$0.07B,$0.02B,20.55%,$0.07B,0,0.00%,$0.07B,0,0.00%,$0.07B,$0.02B,20.55%,$0.07B,$0.01B,9.59%,$0.01B,$0.14B,4.79%,$0.01B,$0.14B,4.79%,$0.01B,$1.11B,0.63%,$0.02B,$0.19B,7.89%,$19,$2,$18,$0,$14,$15,$4,$0,$4,$2,$2,$2,$2,$0,$0,$9,9,$0.26,$0.25,$32,$0,$0,$1061,$6,$23,$0,$22,$51,$1112,$927,$41,$0,$41,$968,$0,$185,$0,$144,$1112,$5,$1,$1,$2,$-69,$0,$0,$-0,$-69,$-63,$1,$0,$0,$0,$1,$1,$-27,$-25,$-0,$0,$-0,$-5,$-5,$-2,$8,$1,$-87,$1,$-2
16,2014-09-30,13.02,$15.84,0.82,$7.05,1.85,$19.63,0.66,$0.77,16.91,$1.06B,$0.92B,1.15,$0.04B,$0.15B,0.29,$0.07B,$0.06B,88.73%,$0.07B,$0.01B,19.72%,$0.07B,0,0.00%,$0.07B,0,0.00%,$0.07B,$0.01B,19.72%,$0.07B,$0.01B,9.86%,$0.01B,$0.15B,4.72%,$0.01B,$0.15B,4.72%,$0.01B,$1.11B,0.63%,$0.01B,$0.19B,7.20%,$19,$2,$17,$0,$13,$14,$4,$0,$4,$2,$2,$2,$2,$0,$0,$9,9,$0.26,$0.25,$85,$0,$0,$1057,$6,$24,$0,$20,$50,$1107,$920,$41,$0,$41,$962,$0,$184,$0,$145,$1107,$2,$1,$490,$491,$-514,$0,$-0,$2,$-512,$-19,$0,$0,$0,$0,$1,$1,$-17,$-16,$-0,$0,$-0,$-2,$-2,$-1,$5,$1,$-34,$0,$-1
17,2014-06-30,12.88,$15.66,0.82,$6.82,1.89,$23.58,0.55,$0.66,19.51,$1.05B,$0.92B,1.15,$0.04B,$0.15B,0.28,$0.07B,$0.06B,88.57%,$0.07B,$0.01B,18.57%,$0.07B,0,0.00%,$0.07B,0,0.00%,$0.07B,$0.01B,18.57%,$0.07B,$0.01B,10.00%,$0.01B,$0.15B,4.63%,$0.01B,$0.15B,4.63%,$0.01B,$1.11B,0.62%,$0.01B,$0.19B,6.45%,$19,$2,$17,$0,$14,$15,$4,$0,$4,$2,$2,$2,$2,$0,$0,$10,10,$0.22,$0.21,$119,$0,$0,$1052,$6,$24,$0,$23,$53,$1106,$918,$41,$0,$41,$960,$0,$182,$0,$146,$1106,$7,$2,$-4,$-2,$46,$0,$-2,$0,$44,$49,$3,$0,$0,$0,$10,$10,$-26,$-12,$-65,$0,$-65,$-17,$-17,$-4,$-25,$-111,$-75,$1,$-4
18,2014-03-31,13.56,$15.51,0.87,$7.52,1.8,$24.66,0.55,$0.93,14.58,$1.07B,$0.92B,1.16,$0.05B,$0.15B,0.34,$0.08B,$0.07B,88.61%,$0.08B,$0.02B,22.78%,$0.08B,0,0.00%,$0.08B,0,0.00%,$0.08B,$0.02B,22.78%,$0.08B,$0.01B,12.66%,$0.01B,$0.15B,6.46%,$0.01B,$0.15B,6.46%,$0.01B,$1.13B,0.87%,$0.02B,$0.20B,8.14%,$16,$2,$14,$0,$12,$13,$3,$0,$3,$1,$1,$1,$1,$0,$0,$10,10,$0.14,$0.14,$193,$0,$0,$1070,$6,$26,$0,$23,$55,$1125,$924,$51,$0,$51,$975,$0,$181,$0,$150,$1125,$5,$1,$-3,$-2,$98,$0,$-4,$-1,$93,$96,$3,$0,$0,$0,$9,$9,$-23,$-11,$-55,$0,$-55,$-12,$-12,$-3,$-16,$-85,$-0,$0,$-3
19,2013-12-31,13.11,$15.47,0.85,$8.32,1.58,$22.84,0.57,$1.24,10.57,$1.07B,$0.93B,1.15,$0.05B,$0.15B,0.34,$0.09B,$0.08B,88.76%,$0.09B,$0.02B,25.84%,$0.09B,0,0.00%,$0.09B,0,0.00%,$0.09B,$0.02B,25.84%,$0.09B,$0.01B,15.73%,$0.01B,$0.15B,8.95%,$0.01B,$0.15B,8.95%,$0.01B,$1.13B,1.19%,$0.02B,$0.20B,9.70%,$17,$2,$15,$0,$12,$14,$3,$0,$3,$1,$2,$2,$2,$0,$0,$10,10,$0.16,$0.16,$182,$0,$0,$1072,$7,$29,$0,$27,$62,$1134,$930,$51,$0,$51,$982,$0,$181,$0,$152,$1134,$3,$1,$-2,$-1,$70,$0,$-3,$0,$63,$65,$2,$0,$0,$0,$6,$6,$-10,$-2,$-55,$0,$-55,$-9,$-9,$-2,$-9,$-75,$-12,$0,$-2
20,2013-09-30,14.41,$15.41,0.94,$9.60,1.5,$12.79,1.13,$1.72,8.38,$1.09B,$0.94B,1.16,$0.06B,$0.16B,0.36,$0.10B,$0.09B,89.42%,$0.10B,$0.03B,30.77%,$0.10B,0,0.00%,$0.10B,0,0.00%,$0.10B,$0.03B,30.77%,$0.10B,$0.02B,18.27%,$0.02B,$0.16B,12.06%,$0.02B,$0.16B,12.06%,$0.02B,$1.15B,1.57%,$0.03B,$0.21B,12.48%,$18,$2,$16,$0,$14,$16,$3,$0,$3,$1,$2,$2,$2,$0,$0,$10,11,$0.15,$0.14,$157,$0,$0,$1092,$7,$32,$0,$22,$61,$1153,$939,$56,$0,$56,$996,$0,$180,$0,$157,$1153,$2,$0,$0,$1,$22,$0,$-4,$-0,$17,$20,$1,$0,$0,$0,$3,$3,$-2,$2,$-50,$0,$-50,$-3,$-3,$-1,$-4,$-58,$-37,$0,$-1
21,2013-06-30,13.7,$15.40,0.89,$10.96,1.25,$5.19,2.64,$2.38,5.76,$1.13B,$0.95B,1.2,$0.11B,$0.16B,0.67,$0.12B,$0.11B,90.00%,$0.12B,$0.04B,35.00%,$0.12B,0,0.00%,$0.12B,0,0.00%,$0.12B,$0.04B,35.00%,$0.12B,$0.03B,21.67%,$0.03B,$0.16B,16.67%,$0.03B,$0.16B,16.67%,$0.03B,$1.21B,2.10%,$0.04B,$0.27B,15.43%,$28,$3,$25,$0,$16,$18,$9,$0,$9,$4,$5,$5,$5,$0,$0,$11,11,$0.51,$0.49,$194,$0,$0,$1133,$7,$35,$0,$36,$78,$1211,$945,$106,$0,$106,$1051,$0,$180,$1,$160,$1211,$26,$2,$2,$4,$22,$0,$1,$3,$25,$55,$12,$0,$0,$0,$10,$10,$41,$63,$-20,$0,$-20,$-9,$-9,$-3,$-38,$-70,$49,$1,$-3
22,2013-03-31,14.61,$15.07,0.97,$10.93,1.34,$-0.58,0.0,$2.28,6.41,$1.15B,$0.96B,1.2,$0.11B,$0.16B,0.68,$0.12B,$0.11B,90.00%,$0.12B,$0.04B,33.33%,$0.12B,0,0.00%,$0.12B,0,0.00%,$0.12B,$0.04B,33.33%,$0.12B,$0.03B,20.83%,$0.03B,$0.16B,16.42%,$0.03B,$0.16B,16.42%,$0.03B,$1.22B,2.00%,$0.04B,$0.26B,14.63%,$26,$3,$23,$0,$15,$18,$8,$0,$8,$3,$5,$5,$5,$0,$0,$11,11,$0.46,$0.45,$220,$0,$0,$1147,$7,$38,$0,$30,$74,$1221,$958,$107,$0,$107,$1064,$0,$175,$1,$157,$1221,$21,$1,$-1,$0,$54,$0,$2,$-0,$56,$77,$11,$0,$0,$0,$7,$7,$35,$53,$-20,$0,$-20,$-7,$-7,$-2,$-26,$-55,$75,$0,$-2
23,2012-12-31,14.97,$14.71,1.02,$10.65,1.41,$-5.44,0.0,$2.04,7.34,$1.17B,$0.97B,1.21,$0.13B,$0.16B,0.81,$0.12B,$0.11B,88.98%,$0.12B,$0.04B,30.51%,$0.12B,0,0.00%,$0.12B,0,0.00%,$0.12B,$0.04B,30.51%,$0.12B,$0.02B,18.64%,$0.02B,$0.16B,14.79%,$0.02B,$0.16B,14.79%,$0.02B,$1.25B,1.74%,$0.04B,$0.28B,12.86%,$32,$3,$29,$0,$17,$20,$12,$0,$12,$5,$7,$7,$7,$0,$0,$11,11,$0.65,$0.64,$100,$0,$0,$1169,$7,$40,$0,$32,$79,$1248,$966,$127,$0,$127,$1092,$0,$171,$1,$156,$1248,$16,$1,$-0,$1,$-63,$0,$3,$-1,$-63,$-47,$9,$0,$0,$0,$5,$5,$19,$33,$-0,$0,$-0,$-4,$-4,$-1,$-26,$-31,$-46,$0,$-1
24,2012-09-30,12.12,$14.11,0.86,$9.57,1.27,$-3.10,0.0,$1.56,7.77,$1.19B,$0.99B,1.19,$0.13B,$0.15B,0.84,$0.11B,$0.09B,86.92%,$0.11B,$0.03B,25.23%,$0.11B,0,0.00%,$0.11B,0,0.00%,$0.11B,$0.03B,25.23%,$0.11B,$0.02B,15.89%,$0.02B,$0.15B,11.68%,$0.02B,$0.15B,11.68%,$0.02B,$1.27B,1.33%,$0.03B,$0.28B,9.33%,$34,$3,$31,$0,$18,$21,$13,$0,$13,$5,$9,$9,$9,$0,$0,$11,11,$0.81,$0.80,$98,$0,$0,$1186,$7,$43,$0,$36,$86,$1271,$994,$127,$0,$127,$1121,$0,$165,$1,$151,$1271,$9,$0,$0,$1,$-76,$0,$0,$0,$-71,$-61,$-0,$0,$0,$0,$7,$7,$16,$22,$-0,$0,$-0,$-2,$-2,$-1,$-5,$-7,$-47,$0,$-1
25,2012-06-30,9.79,$13.34,0.73,$8.34,1.17,$-4.16,0.0,$0.96,10.2,$1.18B,$0.99B,1.19,$0.13B,$0.15B,0.87,$0.10B,$0.08B,83.16%,$0.10B,$0.02B,18.95%,$0.10B,0,0.00%,$0.10B,0,0.00%,$0.10B,$0.02B,18.95%,$0.10B,$0.01B,10.53%,$0.01B,$0.15B,6.96%,$0.01B,$0.15B,6.96%,$0.01B,$1.26B,0.77%,$0.02B,$0.27B,5.95%,$28,$3,$25,$0,$18,$21,$7,$0,$7,$3,$4,$4,$4,$0,$0,$11,11,$0.39,$0.39,$145,$0,$0,$1177,$7,$45,$0,$32,$84,$1261,$990,$127,$0,$127,$1116,$0,$157,$1,$145,$1261,$11,$1,$8,$9,$-37,$0,$2,$3,$-32,$-12,$17,$0,$0,$0,$8,$8,$62,$88,$-80,$0,$-80,$-7,$-7,$-2,$16,$-73,$3,$1,$-2
26,2012-03-31,9.25,$13.01,0.71,$7.64,1.21,$-1.30,0.0,$0.75,12.33,$1.20B,$1.00B,1.2,$0.15B,$0.14B,1.02,$0.09B,$0.07B,79.55%,$0.09B,$0.02B,17.05%,$0.09B,0,0.00%,$0.09B,0,0.00%,$0.09B,$0.02B,17.05%,$0.09B,$0.01B,9.09%,$0.01B,$0.14B,5.60%,$0.01B,$0.14B,5.60%,$0.01B,$1.29B,0.61%,$0.02B,$0.29B,4.66%,$24,$3,$20,$0,$16,$20,$4,$0,$4,$2,$2,$2,$2,$0,$0,$11,11,$0.21,$0.21,$187,$0,$0,$1198,$6,$47,$0,$36,$89,$1287,$997,$147,$0,$147,$1144,$0,$154,$1,$143,$1287,$7,$1,$4,$5,$8,$0,$2,$1,$10,$22,$14,$0,$0,$0,$6,$6,$39,$59,$-60,$0,$-60,$-5,$-5,$-1,$29,$-37,$44,$1,$-1
27,2011-12-31,7.86,$12.78,0.61,$7.50,1.05,$1.60,4.92,$0.74,10.62,$1.21B,$0.98B,1.24,$0.18B,$0.14B,1.24,$0.09B,$0.07B,78.16%,$0.09B,$0.02B,17.24%,$0.09B,0,0.00%,$0.09B,0,0.00%,$0.09B,$0.02B,17.24%,$0.09B,$0.01B,9.20%,$0.01B,$0.14B,5.63%,$0.01B,$0.14B,5.63%,$0.01B,$1.30B,0.61%,$0.02B,$0.32B,4.39%,$21,$4,$17,$0,$14,$18,$3,$0,$3,$1,$2,$2,$2,$0,$0,$11,11,$0.16,$0.16,$134,$0,$0,$1209,$6,$49,$0,$35,$89,$1299,$979,$177,$0,$177,$1156,$0,$152,$1,$143,$1299,$4,$1,$5,$5,$-32,$0,$2,$0,$-30,$-21,$8,$0,$0,$0,$4,$4,$26,$37,$-30,$0,$-30,$-3,$-3,$-1,$8,$-26,$-9,$1,$-1
28,2011-09-30,7.34,$12.55,0.58,$7.90,0.93,$6.56,1.12,$0.95,7.73,$1.22B,$0.99B,1.23,$0.19B,$0.14B,1.3,$0.09B,$0.07B,78.02%,$0.09B,$0.02B,20.88%,$0.09B,0,0.00%,$0.09B,0,0.00%,$0.09B,$0.02B,20.88%,$0.09B,$0.01B,10.99%,$0.01B,$0.14B,7.12%,$0.01B,$0.14B,7.12%,$0.01B,$1.32B,0.75%,$0.02B,$0.33B,5.22%,$22,$4,$17,$0,$13,$17,$4,$0,$4,$2,$2,$2,$2,$0,$0,$11,12,$0.20,$0.20,$80,$0,$0,$1221,$5,$51,$0,$42,$98,$1320,$990,$187,$0,$187,$1176,$0,$150,$1,$144,$1320,$2,$0,$1,$2,$-87,$0,$2,$-2,$-85,$-81,$4,$0,$0,$0,$2,$2,$17,$24,$-20,$0,$-20,$-1,$-1,$-0,$16,$-5,$-62,$1,$-0
29,2011-06-30,6.71,$12.34,0.54,$8.34,0.8,$9.50,0.71,$1.15,5.83,$1.22B,$0.97B,1.26,$0.21B,$0.14B,1.47,$0.10B,$0.07B,77.89%,$0.10B,$0.02B,24.21%,$0.10B,0,0.00%,$0.10B,0,0.00%,$0.10B,$0.02B,24.21%,$0.10B,$0.01B,13.68%,$0.01B,$0.14B,9.45%,$0.01B,$0.14B,9.45%,$0.01B,$1.31B,0.96%,$0.02B,$0.35B,5.92%,$21,$5,$16,$0,$13,$17,$4,$0,$4,$2,$2,$2,$2,$0,$0,$11,11,$0.19,$0.19,$143,$0,$0,$1220,$5,$53,$0,$36,$94,$1314,$966,$207,$0,$207,$1173,$0,$147,$1,$141,$1314,$13,$1,$9,$11,$-26,$0,$-2,$1,$-26,$-2,$40,$0,$0,$0,$14,$14,$86,$139,$-103,$0,$-103,$0,$0,$-0,$13,$-91,$46,$1,$-0
30,2011-03-31,6.93,$12.22,0.57,$9.02,0.77,$11.23,0.62,$1.25,5.54,$1.24B,$0.97B,1.28,$0.23B,$0.14B,1.66,$0.10B,$0.07B,77.08%,$0.10B,$0.03B,26.04%,$0.10B,0,0.00%,$0.10B,0,0.00%,$0.10B,$0.03B,26.04%,$0.10B,$0.01B,14.58%,$0.01B,$0.14B,10.43%,$0.01B,$0.14B,10.43%,$0.01B,$1.34B,1.02%,$0.03B,$0.37B,6.09%,$23,$5,$18,$0,$14,$19,$4,$0,$4,$2,$2,$2,$2,$0,$0,$11,11,$0.20,$0.20,$175,$0,$0,$1239,$5,$55,$0,$40,$100,$1339,$968,$232,$0,$232,$1199,$0,$146,$1,$140,$1339,$11,$1,$5,$6,$19,$0,$-1,$3,$23,$39,$31,$0,$0,$0,$11,$11,$62,$104,$-78,$0,$-78,$0,$0,$-0,$14,$-64,$79,$1,$-0
31,2010-12-31,6.05,$11.99,0.5,$8.74,0.69,$8.64,0.7,$1.08,5.6,$1.24B,$0.95B,1.31,$0.27B,$0.14B,1.99,$0.09B,$0.07B,73.91%,$0.09B,$0.02B,23.91%,$0.09B,0,0.00%,$0.09B,0,0.00%,$0.09B,$0.02B,23.91%,$0.09B,$0.01B,13.04%,$0.01B,$0.14B,9.21%,$0.01B,$0.14B,9.21%,$0.01B,$1.36B,0.86%,$0.02B,$0.41B,5.16%,$25,$5,$20,$0,$12,$18,$7,$0,$7,$3,$4,$4,$4,$0,$0,$11,11,$0.37,$0.37,$154,$0,$0,$1242,$6,$74,$0,$36,$116,$1358,$950,$272,$0,$272,$1221,$0,$144,$1,$137,$1358,$9,$1,$4,$5,$7,$0,$1,$3,$10,$24,$19,$0,$0,$0,$6,$6,$53,$78,$-38,$0,$-38,$0,$0,$-0,$-6,$-45,$57,$1,$-0
32,2010-09-30,4.85,$11.61,0.42,$10.01,0.48,$10.04,0.48,$1.08,4.49,$1.27B,$0.96B,1.32,$0.30B,$0.13B,2.22,$0.09B,$0.06B,70.33%,$0.09B,$0.02B,20.88%,$0.09B,0,0.00%,$0.09B,0,0.00%,$0.09B,$0.02B,20.88%,$0.09B,$0.01B,12.09%,$0.01B,$0.13B,8.66%,$0.01B,$0.13B,8.66%,$0.01B,$1.39B,0.78%,$0.02B,$0.43B,4.33%,$26,$6,$20,$0,$12,$18,$8,$0,$8,$4,$5,$5,$5,$0,$0,$11,11,$0.40,$0.40,$67,$0,$0,$1269,$6,$64,$0,$51,$120,$1389,$962,$295,$0,$295,$1257,$0,$140,$1,$132,$1389,$5,$0,$1,$1,$-62,$0,$1,$1,$-57,$-51,$9,$0,$0,$0,$3,$3,$26,$38,$-15,$0,$-15,$0,$0,$-0,$-1,$-16,$-29,$0,$-0
33,2010-06-30,3.99,$11.20,0.36,$12.02,0.33,$20.04,0.2,$-0.14,0.0,$1.28B,$0.96B,1.33,$0.31B,$0.13B,2.42,$0.09B,$0.06B,67.03%,$0.09B,$0.00B,2.20%,$0.09B,0,0.00%,$0.09B,0,0.00%,$0.09B,$0.00B,2.20%,$0.09B,$0.00B,1.10%,$0.00B,$0.13B,0.82%,$0.00B,$0.13B,0.82%,$0.00B,$1.40B,0.07%,$0.00B,$0.44B,0.43%,$22,$6,$16,$0,$10,$17,$6,$0,$6,$2,$3,$3,$3,$0,$0,$9,9,$0.55,$0.55,$96,$0,$0,$1277,$6,$67,$0,$49,$122,$1399,$962,$310,$0,$310,$1272,$0,$135,$1,$128,$1399,$1,$2,$21,$23,$-9,$0,$-6,$-8,$-23,$1,$44,$0,$0,$0,$92,$92,$95,$230,$-147,$0,$-147,$12,$12,$-0,$-56,$-192,$39,$1,$-0
34,2010-03-31,2.89,$7.06,0.41,$14.37,0.2,$6.83,0.42,$-0.21,0.0,$1.28B,$0.97B,1.32,$0.31B,$0.12B,2.49,$0.10B,$0.07B,66.67%,$0.10B,$-0.00B,-4.04%,$0.10B,0,0.00%,$0.10B,0,0.00%,$0.10B,$-0.00B,-4.04%,$0.10B,$-0.00B,-1.01%,$-0.00B,$0.12B,-0.85%,$-0.00B,$0.12B,-0.85%,$-0.00B,$1.41B,-0.07%,$-0.00B,$0.43B,-0.80%,$19,$7,$12,$0,$12,$19,$1,$0,$1,$0,$0,$0,$0,$0,$0,$11,11,$0.03,$0.03,$86,$0,$0,$1279,$6,$87,$0,$33,$126,$1405,$971,$310,$0,$310,$1281,$0,$132,$1,$124,$1405,$-2,$1,$19,$20,$-2,$0,$-1,$-8,$-10,$8,$32,$0,$0,$0,$89,$89,$77,$197,$-147,$0,$-147,$12,$12,$-0,$-41,$-177,$29,$1,$-0
35,2009-12-31,2.29,$10.85,0.21,$16.98,0.13,$-3.58,0.0,$-0.65,0.0,$1.29B,$0.96B,1.34,$0.34B,$0.12B,2.71,$0.11B,$0.07B,66.36%,$0.11B,$-0.01B,-8.41%,$0.11B,0,0.00%,$0.11B,0,0.00%,$0.11B,$-0.01B,-8.41%,$0.11B,$-0.00B,-3.74%,$-0.00B,$0.12B,-3.45%,$-0.00B,$0.12B,-3.45%,$-0.00B,$1.42B,-0.26%,$-0.01B,$0.46B,-1.67%,$24,$8,$16,$0,$12,$20,$4,$0,$4,$2,$3,$3,$3,$0,$0,$7,7,$0.37,$0.37,$72,$0,$0,$1285,$6,$73,$0,$50,$130,$1415,$956,$335,$0,$335,$1291,$0,$132,$1,$124,$1415,$-2,$1,$17,$18,$11,$0,$-3,$-9,$-4,$11,$25,$0,$0,$0,$85,$85,$56,$166,$-122,$0,$-122,$12,$12,$-0,$-53,$-163,$15,$1,$-0
36,2009-09-30,6.67,$17.51,0.38,$17.31,0.39,$-7.14,0.0,$-2.07,0.0,$1.34B,$0.95B,1.41,$0.42B,$0.11B,3.83,$0.11B,$0.07B,63.55%,$0.11B,$-0.02B,-22.43%,$0.11B,0,0.00%,$0.11B,0,0.00%,$0.11B,$-0.02B,-22.43%,$0.11B,$-0.01B,-13.08%,$-0.01B,$0.11B,-12.23%,$-0.01B,$0.11B,-12.23%,$-0.01B,$1.48B,-0.91%,$-0.02B,$0.53B,-4.19%,$26,$9,$17,$0,$26,$35,$-9,$0,$-9,$-4,$-5,$-5,$-5,$0,$0,$6,6,$-0.82,$-0.82,$98,$0,$0,$1343,$6,$88,$0,$43,$137,$1480,$954,$417,$0,$417,$1371,$0,$130,$1,$109,$1480,$-5,$0,$15,$15,$21,$0,$-1,$0,$16,$26,$12,$0,$0,$0,$68,$68,$32,$113,$-40,$0,$-40,$0,$0,$-0,$-57,$-97,$42,$0,$-0
37,2009-06-30,4.57,$18.47,0.25,$17.11,0.27,$-12.43,0.0,$-1.20,0.0,$1.38B,$1.01B,1.36,$0.46B,$0.12B,3.97,$0.11B,$0.07B,61.32%,$0.11B,$-0.01B,-13.21%,$0.11B,0,0.00%,$0.11B,0,0.00%,$0.11B,$-0.01B,-13.21%,$0.11B,$-0.01B,-8.49%,$-0.01B,$0.12B,-7.59%,$-0.01B,$0.12B,-7.59%,$-0.01B,$1.58B,-0.57%,$-0.01B,$0.57B,-2.35%,$30,$10,$21,$0,$20,$30,$0,$0,$0,$-1,$1,$1,$1,$0,$0,$6,6,$0.21,$0.21,$57,$0,$0,$1375,$6,$175,$0,$24,$205,$1580,$1008,$457,$0,$457,$1465,$0,$135,$2,$115,$1580,$-7,$2,$36,$38,$-118,$0,$0,$1,$-116,$-86,$35,$0,$0,$0,$30,$30,$110,$175,$90,$-113,$-23,$0,$0,$-1,$-24,$-48,$42,$-1,$-1
38,2009-03-31,4.32,$18.68,0.23,$16.16,0.27,$5.54,0.78,$-1.60,0.0,$1.35B,$0.97B,1.39,$0.48B,$0.12B,4.11,$0.10B,$0.06B,56.00%,$0.10B,$-0.02B,-16.00%,$0.10B,0,0.00%,$0.10B,0,0.00%,$0.10B,$-0.02B,-16.00%,$0.10B,$-0.01B,-12.00%,$-0.01B,$0.12B,-9.94%,$-0.01B,$0.12B,-9.94%,$-0.01B,$1.56B,-0.76%,$-0.02B,$0.59B,-2.65%,$27,$10,$17,$0,$21,$31,$-4,$0,$-4,$-2,$-3,$-3,$-3,$0,$0,$6,6,$-0.41,$-0.41,$12,$0,$0,$1348,$6,$170,$0,$39,$215,$1563,$969,$478,$0,$478,$1447,$0,$133,$1,$116,$1563,$-9,$2,$36,$38,$-89,$0,$2,$2,$-95,$-67,$24,$0,$0,$0,$17,$17,$89,$130,$80,$-81,$-1,$0,$0,$-1,$-64,$-67,$-3,$1,$-1
39,2008-12-31,3.69,$18.98,0.19,$15.97,0.23,$22.16,0.17,$-1.04,0.0,$0.07B,$0.95B,0.07,$0.48B,$0.12B,4.08,$0.10B,$0.05B,51.52%,$0.10B,$-0.01B,-10.10%,$0.10B,0,0.00%,$0.10B,0,0.00%,$0.10B,$-0.01B,-10.10%,$0.10B,$-0.01B,-8.08%,$-0.01B,$0.12B,-6.48%,$-0.01B,$0.12B,-6.48%,$-0.01B,$1.55B,-0.50%,$-0.01B,$0.60B,-1.63%,$24,$11,$13,$0,$24,$35,$-11,$0,$-11,$-5,$-7,$-7,$-7,$0,$0,$6,6,$-1.05,$-1.05,$18,$0,$0,$71,$7,$1443,$0,$31,$1480,$1551,$953,$481,$0,$481,$1433,$0,$136,$0,$118,$1551,$-6,$1,$22,$23,$-17,$0,$0,$1,$-24,$-7,$17,$0,$0,$0,$8,$8,$61,$86,$100,$-99,$1,$0,$0,$-1,$-78,$-77,$2,$1,$-1
40,2008-09-30,7.12,$20.05,0.35,$16.35,0.44,$28.89,0.25,$0.20,35.58,$1.38B,$0.98B,1.42,$0.49B,$0.13B,3.97,$0.10B,$0.05B,49.50%,$0.10B,$0.00B,2.97%,$0.10B,0,0.00%,$0.10B,0,0.00%,$0.10B,$0.00B,2.97%,$0.10B,0,0.00%,$0.00B,$0.13B,0.00%,$0.00B,$0.13B,0.00%,$0.00B,$1.59B,0.00%,$0.00B,$0.62B,0.49%,$25,$12,$14,$0,$13,$25,$1,$0,$1,$0,$0,$0,$0,$0,$0,$6,6,$0.05,$0.05,$12,$0,$0,$1380,$7,$185,$0,$22,$214,$1594,$975,$494,$0,$494,$1469,$0,$143,$1,$125,$1594,$0,$1,$5,$6,$-10,$0,$2,$-0,$-8,$-2,$8,$0,$0,$0,$1,$1,$32,$41,$75,$-60,$15,$0,$0,$-0,$-57,$-42,$-3,$0,$-0
41,2008-06-30,7.58,$19.97,0.38,$16.22,0.47,$34.70,0.22,$0.27,28.06,$1.42B,$1.03B,1.38,$0.48B,$0.12B,3.87,$0.10B,$0.05B,46.53%,$0.10B,$0.00B,2.97%,$0.10B,0,0.00%,$0.10B,0,0.00%,$0.10B,$0.00B,2.97%,$0.10B,$0.00B,0.99%,$0.00B,$0.12B,0.80%,$0.00B,$0.12B,0.80%,$0.00B,$1.63B,0.06%,$0.00B,$0.60B,0.49%,$24,$12,$12,$0,$14,$26,$-2,$0,$-2,$-0,$-2,$-2,$-2,$0,$0,$6,6,$-0.29,$-0.28,$15,$0,$0,$1419,$7,$185,$0,$22,$213,$1632,$1029,$479,$0,$479,$1508,$0,$143,$1,$124,$1632,$1,$2,$10,$12,$34,$0,$4,$-2,$35,$48,$13,$0,$0,$0,$11,$11,$-49,$-25,$-42,$19,$-23,$-4,$-4,$-4,$11,$-20,$2,$2,$-4
42,2008-03-31,12.7,$20.49,0.62,$16.42,0.77,$32.76,0.39,$0.78,16.28,$1.45B,$1.05B,1.39,$0.50B,$0.13B,3.93,$0.10B,$0.05B,45.19%,$0.10B,$0.01B,8.65%,$0.10B,0,0.00%,$0.10B,0,0.00%,$0.10B,$0.01B,7.69%,$0.10B,$0.00B,3.85%,$0.00B,$0.13B,3.15%,$0.00B,$0.13B,3.15%,$0.00B,$1.67B,0.24%,$0.01B,$0.63B,1.46%,$26,$13,$12,$0,$10,$24,$2,$0,$2,$1,$1,$1,$1,$0,$0,$6,6,$0.16,$0.15,$17,$0,$0,$1450,$7,$200,$0,$17,$224,$1674,$1047,$500,$0,$500,$1547,$0,$145,$2,$127,$1674,$3,$2,$8,$10,$42,$0,$-3,$1,$40,$53,$8,$0,$0,$0,$-2,$-2,$-74,$-68,$-32,$29,$-3,$-4,$-4,$-3,$31,$20,$5,$2,$-3
43,2007-12-31,12.97,$20.38,0.64,$16.79,0.77,$20.62,0.63,$1.02,12.72,$1.44B,$1.02B,1.41,$0.49B,$0.13B,3.91,$0.11B,$0.05B,45.37%,$0.11B,$0.01B,10.19%,$0.11B,0,0.00%,$0.11B,0,0.00%,$0.11B,$0.01B,9.26%,$0.11B,$0.01B,4.63%,$0.01B,$0.13B,3.90%,$0.01B,$0.13B,3.90%,$0.01B,$1.64B,0.30%,$0.01B,$0.62B,1.69%,$26,$14,$12,$0,$9,$24,$2,$0,$2,$1,$1,$1,$1,$0,$0,$6,6,$0.17,$0.17,$13,$0,$0,$1435,$7,$185,$0,$14,$206,$1640,$1020,$494,$0,$494,$1514,$0,$149,$1,$126,$1640,$2,$1,$5,$6,$41,$0,$-3,$2,$41,$48,$4,$0,$0,$0,$12,$12,$-54,$-38,$-65,$57,$-8,$-4,$-4,$-2,$4,$-10,$-0,$1,$-2
44,2007-09-30,17.39,$20.24,0.86,$17.07,1.02,$12.84,1.35,$1.05,16.56,$1.41B,$1.03B,1.37,$0.45B,$0.13B,3.59,$0.11B,$0.05B,46.43%,$0.11B,$0.01B,10.71%,$0.11B,0,0.00%,$0.11B,0,0.00%,$0.11B,$0.01B,9.82%,$0.11B,$0.01B,4.46%,$0.01B,$0.13B,3.84%,$0.01B,$0.13B,3.84%,$0.01B,$1.61B,0.29%,$0.01B,$0.58B,1.71%,$25,$14,$11,$0,$9,$24,$1,$0,$1,$1,$1,$1,$1,$0,$0,$6,6,$0.10,$0.10,$14,$0,$0,$1410,$7,$180,$0,$9,$196,$1606,$1027,$453,$0,$453,$1480,$0,$149,$1,$126,$1606,$1,$1,$2,$2,$39,$0,$-2,$2,$39,$42,$1,$0,$0,$0,$21,$21,$-19,$3,$-60,$10,$-50,$-3,$-3,$-1,$11,$-44,$1,$1,$-1
45,2007-06-30,19.33,$20.20,0.96,$17.73,1.09,$5.89,3.28,$1.70,11.37,$1.43B,$1.02B,1.41,$0.50B,$0.13B,3.9,$0.12B,$0.06B,49.58%,$0.12B,$0.02B,16.81%,$0.12B,0,0.00%,$0.12B,0,0.00%,$0.12B,$0.02B,15.97%,$0.12B,$0.01B,7.56%,$0.01B,$0.13B,6.75%,$0.01B,$0.13B,6.75%,$0.01B,$1.65B,0.52%,$0.02B,$0.63B,2.68%,$27,$15,$12,$0,$9,$24,$4,$0,$3,$2,$1,$1,$1,$0,$0,$7,7,$0.21,$0.22,$13,$0,$0,$1433,$7,$195,$0,$15,$216,$1649,$1017,$503,$0,$503,$1520,$0,$146,$1,$129,$1649,$10,$2,$4,$6,$41,$0,$-6,$-2,$32,$49,$4,$0,$0,$0,$24,$24,$-94,$-67,$-5,$-38,$-43,$-18,$-18,$-5,$80,$15,$-4,$3,$-5
46,2007-03-31,21.11,$20.11,1.05,$17.56,1.2,$8.93,2.36,$1.94,10.88,$1.54B,$1.00B,1.54,$0.64B,$0.13B,4.84,$0.12B,$0.06B,52.10%,$0.12B,$0.02B,18.49%,$0.12B,0,0.00%,$0.12B,0,0.00%,$0.12B,$0.02B,18.49%,$0.12B,$0.01B,9.24%,$0.01B,$0.13B,8.15%,$0.01B,$0.13B,8.15%,$0.01B,$1.77B,0.64%,$0.02B,$0.77B,2.90%,$30,$16,$14,$0,$10,$25,$4,$0,$4,$2,$2,$2,$2,$0,$0,$7,7,$0.36,$0.36,$16,$0,$0,$1544,$7,$208,$0,$11,$226,$1770,$1002,$637,$0,$637,$1638,$0,$149,$1,$132,$1770,$9,$2,$4,$5,$-27,$0,$-5,$-1,$-33,$-19,$3,$0,$0,$0,$10,$10,$-131,$-118,$91,$0,$91,$-14,$-14,$-3,$63,$137,$-0,$2,$-3
47,2006-12-31,23.19,$19.99,1.16,$16.77,1.38,$24.98,0.93,$2.04,11.37,$1.53B,$0.95B,1.62,$0.69B,$0.13B,5.15,$0.12B,$0.06B,54.78%,$0.12B,$0.02B,20.87%,$0.12B,0,0.00%,$0.12B,0,0.00%,$0.12B,$0.02B,20.87%,$0.12B,$0.01B,10.43%,$0.01B,$0.13B,8.81%,$0.01B,$0.13B,8.81%,$0.01B,$1.77B,0.72%,$0.02B,$0.82B,3.35%,$30,$15,$15,$0,$12,$27,$3,$0,$3,$1,$1,$1,$1,$0,$0,$7,7,$0.23,$0.22,$22,$0,$0,$1530,$7,$224,$0,$10,$241,$1770,$947,$689,$0,$689,$1636,$0,$147,$0,$134,$1770,$7,$1,$2,$3,$-5,$0,$-3,$-1,$-9,$1,$3,$0,$0,$0,$-7,$-7,$-132,$-136,$143,$0,$143,$-9,$-9,$-2,$9,$141,$6,$1,$-2
