,Date,Stock Price,Book Value per Share,Price to Book Ratio,TTM Sales per Share,Price to Sales Ratio,TTM FCF per Share,Price to FCF Ratio,TTM Net EPS,PE Ratio,Current Assets,Current Liabilities,Current Ratio,Long Term Debt,Shareholder's Equity_x,Debt to Equity Ratio,TTM Revenue_x,TTM Gross Profit,Gross Margin,TTM Revenue_y,TTM Operating Income,Operating Margin,TTM Revenue_x,TTM EBIT,EBIT Margin,TTM Revenue_y,TTM EBITDA,EBITDA Margin,TTM Revenue_x,TTM Pre-Tax Income,Pre-Tax Margin,TTM Revenue_y,TTM Net Income_x,Net Margin,TTM Net Income_y,Shareholder's Equity_y,Return on Equity,TTM Net Income_x,Tangible Equity,Return on Tangible Equity,TTM Net Income_y,Total Assets,Return on Assets,TTM Net Income,LT Investments & Debt,Return on Investment,revenue,cost-goods-sold,gross-profit,research-development-expenses,selling-general-administrative-expenses,operating-expenses,operating-income,total-non-operating-income-expense,pre-tax-income,total-provision-income-taxes,income-after-taxes,income-from-continuous-operations,net-income,ebitda,ebit,basic-shares-outstanding,shares-outstanding,eps-basic-net-earnings-per-share,eps-earnings-per-share-diluted,cash-on-hand,inventory,other-current-assets,total-current-assets,net-property-plant-equipment,long-term-investments,goodwill-intangible-assets-total,other-long-term-assets,total-long-term-assets,total-assets,total-current-liabilities,long-term-debt,other-non-current-liabilities,total-long-term-liabilities,total-liabilities,common-stock-net,retained-earnings-accumulated-deficit,comprehensive-income,total-share-holder-equity,total-liabilities-share-holders-equity,net-income-loss,total-depreciation-amortization-cash-flow,other-non-cash-items,total-non-cash-items,change-in-accounts-receivable,change-in-inventories,change-in-accounts-payable,change-in-assets-liabilities,total-change-in-assets-liabilities,cash-flow-from-operating-activities,net-change-in-property-plant-equipment,net-change-in-intangible-assets,net-acquisitions-divestitures,net-change-in-short-term-investments,net-change-in-long-term-investments,net-change-in-investments-total,investing-activities-other,cash-flow-from-investing-activities,net-long-term-debt,net-current-debt,debt-issuance-retirement-net-total,net-common-equity-issued-repurchased,net-total-equity-issued-repurchased,total-common-preferred-stock-dividends-paid,financial-activities-other,cash-flow-from-financial-activities,net-cash-flow,stock-based-compensation,common-stock-dividends-paid
0,2018-09-30,3.0,$1.71,1.76,$1.06,2.84,$-0.33,0.0,$-0.02,0.0,$0.02B,$0.00B,20.66,$0.00B,$0.02B,0.0,$0.01B,$0.00B,33.33%,$0.01B,$-0.00B,-8.33%,$0.01B,$-0.00B,-8.33%,$0.01B,$-0.00B,-16.67%,$0.01B,$-0.00B,-8.33%,$0.01B,$-0.00B,-8.33%,$-0.00B,$0.02B,-3.81%,$-0.00B,$0.02B,-3.81%,$-0.00B,$0.02B,-3.60%,$-0.00B,$0.02B,-3.81%,$2,$2,$1,$0,$2,$3,$-1,$0,$-1,$0,$-1,$-1,$-1,$-1,$-1,$12,12,$-0.09,$-0.09,$9,$3,$0,$18,$2,$0,$0,$0,$2,$21,$1,$0,$0,$0,$1,$0,$8,$-0,$20,$21,$-1,$0,$1,$1,$1,$-1,$-0,$-0,$-1,$-1,$-0,$0,$0,$12,$0,$12,$0,$12,$0,$0,$0,$0,$0,$-12,$0,$-11,$-1,$0,$-12
1,2018-06-30,3.25,$1.78,1.83,$1.03,3.14,$2.26,1.44,$-0.07,0.0,$0.02B,$0.00B,12.26,$0.00B,$0.02B,0.0,$0.01B,$0.00B,23.08%,$0.01B,$-0.00B,-7.69%,$0.01B,$-0.00B,-7.69%,$0.01B,$-0.00B,-15.38%,$0.01B,$-0.00B,-7.69%,$0.01B,$-0.00B,-7.69%,$-0.00B,$0.02B,-3.31%,$-0.00B,$0.02B,-3.31%,$-0.00B,$0.02B,-3.10%,$-0.00B,$0.02B,-3.31%,$3,$2,$1,$0,$1,$3,$-0,$0,$-0,$0,$-0,$-0,$-0,$-0,$-0,$11,11,$-0.02,$-0.02,$10,$2,$0,$20,$3,$0,$0,$0,$3,$22,$2,$0,$0,$0,$2,$0,$9,$-0,$21,$22,$-0,$0,$0,$1,$1,$-1,$-0,$0,$-0,$-0,$-0,$0,$0,$12,$0,$12,$0,$12,$0,$0,$0,$0,$0,$-12,$0,$-11,$0,$0,$-12
2,2018-03-31,2.23,$2.86,0.78,$0.87,2.58,$4.63,0.48,$-0.19,0.0,$0.03B,$0.00B,16.89,$0.00B,$0.03B,0.0,$0.01B,$0.00B,16.67%,$0.01B,$-0.00B,-25.00%,$0.01B,$-0.00B,-25.00%,$0.01B,$-0.00B,-33.33%,$0.01B,$-0.00B,-16.67%,$0.01B,$-0.00B,-25.00%,$-0.00B,$0.03B,-8.22%,$-0.00B,$0.03B,-8.22%,$-0.00B,$0.03B,-7.64%,$-0.00B,$0.03B,-8.22%,$3,$2,$1,$0,$1,$3,$-0,$0,$0,$0,$0,$0,$0,$0,$-0,$11,11,$0.00,$0.00,$22,$2,$0,$31,$3,$0,$0,$0,$3,$34,$2,$0,$0,$0,$2,$0,$21,$-0,$32,$34,$0,$0,$0,$0,$0,$-0,$-0,$-0,$-0,$-0,$0,$0,$0,$0,$0,$0,$0,$0,$0,$0,$0,$0,$0,$0,$0,$0,$0,$0,$0
3,2017-12-31,1.64,$2.86,0.57,$0.61,2.68,$7.11,0.23,$2.32,0.7,$0.03B,$0.00B,15.68,$0.00B,$0.03B,0.0,$0.01B,$0.00B,10.00%,$0.01B,$-0.00B,-40.00%,$0.01B,$-0.00B,-40.00%,$0.01B,$-0.01B,-50.00%,$0.01B,$-0.00B,-30.00%,$0.01B,$0.04B,410.00%,$0.04B,$0.03B,100.00%,$0.04B,$0.03B,100.00%,$0.04B,$0.03B,90.61%,$-0.00B,$0.03B,-9.76%,$4,$3,$1,$0,$2,$4,$-0,$0,$-0,$-0,$-0,$-0,$-0,$-1,$-0,$16,16,$0.23,$0.31,$22,$2,$0,$28,$3,$0,$0,$3,$5,$34,$2,$0,$0,$0,$2,$0,$21,$-0,$32,$34,$41,$0,$-43,$-43,$4,$1,$-2,$0,$-0,$-3,$-0,$0,$0,$-19,$0,$-19,$41,$22,$0,$-2,$-2,$-15,$-15,$0,$0,$-16,$3,$0,$0
4,2017-09-30,1.61,$2.89,0.56,$0.39,4.12,$7.24,0.22,$2.28,0.71,$0.03B,$0.00B,10.6,$0.00B,$0.04B,0.0,$0.01B,0,0.00%,$0.01B,$-0.01B,-71.43%,$0.01B,$-0.01B,-71.43%,$0.01B,$-0.00B,-57.14%,$0.01B,$-0.00B,-57.14%,$0.01B,$0.04B,571.43%,$0.04B,$0.04B,115.94%,$0.04B,$0.04B,115.94%,$0.04B,$0.04B,100.00%,$-0.01B,$0.04B,-14.49%,$3,$3,$0,$0,$1,$4,$-1,$0,$-1,$-0,$-0,$-0,$-1,$-1,$-1,$16,16,$-0.05,$-0.05,$28,$2,$0,$34,$3,$0,$0,$3,$5,$39,$3,$0,$0,$0,$3,$0,$21,$-0,$36,$39,$41,$1,$-44,$-43,$5,$1,$-2,$-1,$1,$-1,$41,$0,$0,$-24,$0,$-24,$0,$17,$0,$-2,$-2,$-11,$-11,$0,$0,$-12,$3,$0,$0
5,2017-06-30,1.58,$2.84,0.55,$0.28,5.62,$4.69,0.34,$2.34,0.67,$0.04B,$0.00B,10.0,$0.00B,$0.05B,0.0,$0.01B,0,0.00%,$0.01B,$-0.01B,-100.00%,$0.01B,$-0.01B,-100.00%,$0.01B,$-0.00B,-80.00%,$0.01B,$-0.00B,-80.00%,$0.01B,$0.04B,820.00%,$0.04B,$0.05B,150.46%,$0.04B,$0.05B,150.46%,$0.04B,$0.05B,122.39%,$-0.01B,$0.05B,-18.35%,$2,$2,$0,$0,$2,$4,$-2,$0,$-1,$-1,$-1,$-1,$-2,$-2,$-2,$17,17,$-0.14,$-0.14,$37,$2,$0,$42,$3,$0,$0,$5,$8,$50,$4,$0,$0,$0,$4,$0,$22,$0,$46,$50,$42,$0,$-44,$-43,$4,$1,$-1,$-1,$1,$-1,$41,$0,$0,$0,$0,$0,$0,$41,$-2,$0,$-2,$-2,$-2,$0,$0,$-3,$37,$0,$0
6,2017-03-31,1.71,$2.91,0.59,$0.23,7.51,$2.29,0.75,$2.42,0.71,$0.05B,$0.01B,6.51,$0.00B,$0.05B,0.0,$0.00B,0,0.00%,$0.00B,$-0.00B,-100.00%,$0.00B,$-0.00B,-100.00%,$0.00B,$-0.00B,-75.00%,$0.00B,$-0.00B,-100.00%,$0.00B,$0.04B,1050.00%,$0.04B,$0.05B,243.48%,$0.04B,$0.05B,243.48%,$0.04B,$0.06B,175.00%,$-0.00B,$0.05B,-23.19%,$1,$1,$0,$0,$1,$2,$-1,$-0,$-1,$-0,$-1,$-1,$44,$-1,$-1,$17,18,$2.57,$2.47,$43,$2,$0,$50,$3,$0,$0,$5,$8,$58,$8,$0,$0,$0,$8,$0,$24,$0,$50,$58,$44,$0,$-44,$-43,$2,$1,$-2,$2,$3,$3,$41,$0,$0,$0,$0,$0,$0,$41,$-2,$0,$-2,$0,$0,$0,$0,$-1,$42,$0,$0
7,2016-12-31,1.51,$0.35,4.32,$0.24,6.18,$-0.12,0.0,$-0.17,0.0,$0.01B,$0.01B,1.41,$0.00B,$0.01B,0.0,$0.00B,0,0.00%,$0.00B,$-0.00B,-100.00%,$0.00B,$-0.00B,-100.00%,$0.00B,$-0.00B,-75.00%,$0.00B,$-0.00B,-100.00%,$0.00B,$-0.00B,-75.00%,$-0.00B,$0.01B,-46.15%,$-0.00B,$0.01B,-46.15%,$-0.00B,$0.01B,-23.53%,$-0.00B,$0.01B,-57.14%,$1,$0,$0,$0,$1,$1,$-1,$-0,$-1,$0,$-1,$-1,$-1,$-0,$-1,$17,17,$-0.03,$-0.03,$0,$3,$0,$10,$3,$0,$0,$0,$3,$13,$7,$0,$0,$0,$7,$0,$-20,$0,$6,$13,$-3,$0,$0,$0,$-2,$2,$1,$1,$2,$-0,$-1,$0,$0,$0,$0,$0,$0,$-1,$-0,$0,$-0,$0,$0,$0,$0,$-0,$-1,$0,$0
8,2016-09-30,1.48,$0.38,3.88,$-0.41,0.0,$-0.31,0.0,$-0.20,0.0,$0.01B,$0.01B,1.56,$0.00B,$0.01B,0.0,$-0.01B,$-0.01B,100.00%,$-0.01B,$-0.00B,42.86%,$-0.01B,$-0.00B,42.86%,$-0.01B,$-0.00B,42.86%,$-0.01B,$-0.00B,42.86%,$-0.01B,$-0.00B,42.86%,$-0.00B,$0.01B,-41.38%,$-0.00B,$0.01B,-41.38%,$-0.00B,$0.01B,-22.64%,$-0.00B,$0.01B,-37.50%,$1,$1,$0,$0,$1,$2,$-1,$-0,$-1,$0,$-1,$-1,$0,$-1,$-1,$17,18,$0.01,$0.01,$0,$4,$0,$10,$3,$0,$0,$0,$3,$13,$6,$0,$0,$0,$6,$0,$-19,$0,$7,$13,$-2,$0,$0,$0,$0,$0,$1,$0,$1,$-1,$-0,$0,$0,$0,$0,$0,$0,$-0,$0,$0,$0,$0,$0,$0,$0,$0,$-1,$0,$0
9,2016-06-30,0.99,$0.37,2.65,$-0.23,0.0,$-0.43,0.0,$-0.17,0.0,$0.01B,$0.01B,1.64,$0.00B,$0.01B,0.0,$-0.00B,$-0.00B,100.00%,$-0.00B,$-0.00B,25.00%,$-0.00B,$-0.00B,25.00%,$-0.00B,$-0.00B,25.00%,$-0.00B,$-0.00B,25.00%,$-0.00B,$-0.00B,50.00%,$-0.00B,$0.01B,-25.00%,$-0.00B,$0.01B,-25.00%,$-0.00B,$0.01B,-14.81%,$-0.00B,$0.01B,-11.43%,$1,$1,$0,$0,$1,$2,$-1,$-0,$-1,$0,$-1,$-1,$-1,$-1,$-1,$17,17,$-0.07,$-0.07,$1,$4,$0,$8,$3,$0,$0,$0,$3,$12,$5,$0,$0,$0,$5,$0,$-19,$0,$6,$12,$-2,$0,$0,$0,$2,$-0,$0,$0,$2,$-0,$-0,$0,$0,$0,$0,$0,$0,$-0,$0,$0,$0,$0,$0,$0,$0,$0,$-1,$0,$0
10,2016-03-31,1.06,$0.44,2.41,$-0.15,0.0,$-0.38,0.0,$-0.21,0.0,$0.01B,$0.00B,2.36,$0.00B,$0.01B,0.2,$-0.00B,$-0.00B,100.00%,$-0.00B,$-0.00B,66.67%,$-0.00B,$-0.00B,66.67%,$-0.00B,$-0.00B,33.33%,$-0.00B,$-0.00B,66.67%,$-0.00B,$-0.00B,100.00%,$-0.00B,$0.01B,-35.29%,$-0.00B,$0.01B,-35.29%,$-0.00B,$0.01B,-22.22%,$-0.00B,$0.01B,-21.62%,$1,$1,$0,$0,$2,$2,$-1,$-0,$-1,$0,$-1,$-1,$-1,$-1,$-1,$17,17,$-0.08,$-0.08,$2,$4,$0,$10,$3,$0,$0,$0,$3,$13,$4,$1,$0,$1,$6,$0,$-18,$0,$7,$13,$-1,$0,$0,$0,$1,$0,$1,$0,$2,$1,$-0,$0,$0,$0,$0,$0,$0,$-0,$0,$0,$0,$0,$0,$0,$0,$0,$1,$0,$0
11,2015-12-31,1.13,$0.52,2.19,$0.16,7.11,$-0.29,0.0,$-0.22,0.0,$0.01B,$0.01B,2.62,$0.00B,$0.01B,0.17,$0.00B,$0.00B,50.00%,$0.00B,$-0.00B,-100.00%,$0.00B,$-0.00B,-100.00%,$0.00B,$-0.00B,-50.00%,$0.00B,$-0.00B,-100.00%,$0.00B,$-0.00B,-150.00%,$-0.00B,$0.01B,-33.33%,$-0.00B,$0.01B,-33.33%,$-0.00B,$0.02B,-21.43%,$-0.00B,$0.01B,-21.62%,$-10,$-3,$-7,$-0,$-6,$-10,$0,$-0,$0,$0,$0,$0,$-1,$0,$0,$16,16,$-0.07,$-0.07,$2,$4,$0,$12,$3,$0,$0,$0,$3,$15,$5,$1,$0,$1,$6,$0,$-17,$0,$9,$15,$-4,$0,$0,$0,$2,$-1,$0,$-0,$-0,$-3,$-1,$0,$0,$0,$0,$0,$0,$-1,$1,$0,$1,$2,$2,$0,$-0,$3,$-1,$0,$0
12,2015-09-30,1.19,$0.59,2.03,$1.30,0.92,$-0.24,0.0,$-0.19,0.0,$0.01B,$0.00B,2.92,$0.00B,$0.01B,0.0,$0.02B,$0.01B,66.67%,$0.02B,$-0.00B,-14.29%,$0.02B,$-0.00B,-14.29%,$0.02B,$-0.00B,-9.52%,$0.02B,$-0.00B,-14.29%,$0.02B,$-0.00B,-14.29%,$-0.00B,$0.01B,-31.58%,$-0.00B,$0.01B,-31.58%,$-0.00B,$0.01B,-21.05%,$-0.00B,$0.01B,-31.58%,$4,$2,$3,$0,$2,$4,$1,$-0,$1,$0,$1,$1,$1,$1,$1,$17,17,$0.04,$0.04,$1,$5,$0,$11,$3,$0,$0,$0,$3,$14,$4,$0,$0,$0,$4,$0,$-16,$0,$10,$14,$-2,$0,$0,$0,$3,$-2,$0,$-1,$-0,$-2,$-1,$0,$0,$0,$0,$0,$0,$-1,$0,$0,$0,$2,$2,$0,$0,$2,$-2,$0,$0
13,2015-06-30,1.02,$0.51,1.99,$1.32,0.77,$-0.15,0.0,$-0.41,0.0,$0.01B,$0.00B,2.57,$0.00B,$0.01B,0.0,$0.02B,$0.02B,68.18%,$0.02B,$-0.01B,-31.82%,$0.02B,$-0.01B,-31.82%,$0.02B,$-0.01B,-27.27%,$0.02B,$-0.01B,-31.82%,$0.02B,$-0.01B,-31.82%,$-0.01B,$0.01B,-71.79%,$-0.01B,$0.01B,-71.79%,$-0.01B,$0.01B,-45.90%,$-0.01B,$0.01B,-71.79%,$2,$1,$1,$0,$2,$4,$-2,$0,$-2,$0,$-2,$-2,$-2,$-1,$-2,$16,16,$-0.10,$-0.10,$4,$4,$0,$9,$3,$0,$0,$0,$3,$12,$4,$0,$0,$0,$4,$0,$-16,$0,$8,$12,$-3,$0,$0,$0,$5,$-0,$-0,$1,$3,$1,$-0,$0,$0,$0,$0,$0,$0,$-0,$0,$0,$0,$1,$1,$0,$0,$1,$1,$0,$0
14,2015-03-31,0.99,$0.59,1.67,$1.29,0.76,$-0.11,0.0,$-0.50,0.0,$0.01B,$0.01B,2.25,$0.00B,$0.01B,0.0,$0.02B,$0.02B,68.18%,$0.02B,$-0.01B,-36.36%,$0.02B,$-0.01B,-36.36%,$0.02B,$-0.01B,-36.36%,$0.02B,$-0.01B,-36.36%,$0.02B,$-0.01B,-36.36%,$-0.01B,$0.01B,-71.11%,$-0.01B,$0.01B,-78.05%,$-0.01B,$0.02B,-46.38%,$-0.01B,$0.01B,-71.11%,$6,$2,$4,$0,$5,$7,$-1,$-0,$-1,$0,$-1,$-1,$-1,$-1,$-1,$16,16,$-0.09,$-0.09,$5,$3,$0,$12,$3,$0,$0,$0,$3,$15,$6,$0,$0,$0,$6,$0,$-15,$0,$9,$15,$-1,$0,$0,$0,$2,$0,$1,$1,$3,$2,$-0,$0,$0,$0,$0,$0,$0,$-0,$0,$0,$0,$0,$0,$0,$0,$0,$2,$0,$0
15,2014-12-31,1.1,$0.67,1.63,$1.30,0.85,$-0.07,0.0,$-0.46,0.0,$0.01B,$0.01B,2.57,$0.00B,$0.01B,0.0,$0.02B,$0.02B,68.18%,$0.02B,$-0.01B,-36.36%,$0.02B,$-0.01B,-36.36%,$0.02B,$-0.01B,-36.36%,$0.02B,$-0.01B,-36.36%,$0.02B,$-0.01B,-36.36%,$-0.01B,$0.01B,-65.31%,$-0.01B,$0.01B,-78.05%,$-0.01B,$0.02B,-45.07%,$-0.01B,$0.01B,-65.31%,$9,$3,$6,$0,$6,$10,$-1,$-0,$-1,$0,$-1,$-1,$-1,$-1,$-1,$17,17,$-0.05,$-0.05,$3,$3,$0,$13,$3,$0,$0,$0,$3,$16,$5,$0,$0,$0,$5,$0,$-13,$0,$11,$16,$-8,$0,$5,$5,$-1,$-1,$-0,$1,$-0,$-3,$-0,$0,$0,$0,$0,$0,$0,$-0,$-0,$0,$-0,$5,$5,$0,$0,$5,$1,$1,$0
16,2014-09-30,1.06,$0.68,1.55,$1.35,0.78,$0.19,5.68,$-0.38,0.0,$0.02B,$0.01B,2.15,$0.00B,$0.01B,0.0,$0.02B,$0.02B,69.57%,$0.02B,$-0.01B,-26.09%,$0.02B,$-0.01B,-26.09%,$0.02B,$-0.01B,-26.09%,$0.02B,$-0.01B,-26.09%,$0.02B,$-0.01B,-26.09%,$-0.01B,$0.01B,-47.06%,$-0.01B,$0.01B,-61.54%,$-0.01B,$0.02B,-33.33%,$-0.01B,$0.01B,-47.06%,$5,$2,$4,$0,$3,$8,$-3,$-0,$-3,$0,$-3,$-3,$-3,$-3,$-3,$18,18,$-0.18,$-0.18,$5,$4,$0,$15,$2,$0,$0,$0,$2,$18,$7,$0,$0,$0,$7,$0,$-13,$0,$11,$18,$-7,$0,$4,$4,$1,$-2,$1,$1,$2,$-1,$-0,$0,$0,$0,$0,$0,$0,$-0,$0,$0,$0,$5,$5,$0,$0,$5,$3,$0,$0
17,2014-06-30,1.27,$0.71,1.81,$1.44,0.89,$0.27,4.71,$-0.12,0.0,$0.01B,$0.01B,2.3,$0.00B,$0.01B,0.0,$0.02B,$0.02B,66.67%,$0.02B,$-0.00B,-8.33%,$0.02B,$-0.00B,-8.33%,$0.02B,$-0.00B,-8.33%,$0.02B,$-0.00B,-8.33%,$0.02B,$-0.00B,-8.33%,$-0.00B,$0.01B,-15.38%,$-0.00B,$0.01B,-22.22%,$-0.00B,$0.02B,-11.27%,$-0.00B,$0.01B,-15.38%,$2,$1,$1,$0,$4,$5,$-3,$0,$-3,$0,$-3,$-3,$-3,$-3,$-3,$17,17,$-0.19,$-0.19,$7,$3,$0,$14,$3,$0,$4,$0,$6,$20,$6,$0,$0,$0,$6,$0,$-9,$0,$14,$20,$-4,$0,$0,$0,$3,$-1,$0,$2,$5,$1,$-0,$0,$0,$0,$0,$0,$0,$-0,$0,$0,$0,$5,$5,$0,$0,$5,$6,$0,$0
18,2014-03-31,1.51,$0.77,1.96,$1.45,1.04,$0.43,3.54,$-0.04,0.0,$0.01B,$0.00B,2.62,$0.00B,$0.01B,0.0,$0.02B,$0.02B,66.67%,$0.02B,$-0.00B,-4.17%,$0.02B,$-0.00B,-4.17%,$0.02B,$-0.00B,-4.17%,$0.02B,$-0.00B,-4.17%,$0.02B,$-0.00B,-4.17%,$-0.00B,$0.01B,-8.33%,$-0.00B,$0.01B,-12.12%,$-0.00B,$0.02B,-6.06%,$-0.00B,$0.01B,-8.33%,$6,$2,$4,$0,$5,$7,$-1,$-0,$-1,$0,$-1,$-1,$-1,$-1,$-1,$16,16,$-0.05,$-0.05,$6,$2,$0,$11,$3,$0,$4,$0,$6,$17,$4,$0,$0,$0,$4,$0,$-6,$0,$13,$17,$-1,$0,$0,$0,$2,$0,$-0,$1,$4,$3,$-0,$0,$0,$0,$0,$0,$0,$-0,$0,$0,$0,$1,$1,$0,$0,$1,$4,$0,$0
19,2013-12-31,1.21,$0.78,1.55,$1.54,0.79,$0.48,2.53,$0.03,40.45,$0.01B,$0.01B,2.44,$0.00B,$0.01B,0.0,$0.03B,$0.02B,65.38%,$0.03B,0,0.00%,$0.03B,0,0.00%,$0.03B,0,0.00%,$0.03B,0,0.00%,$0.03B,0,0.00%,$0.00B,$0.01B,0.00%,$0.00B,$0.01B,0.00%,$0.00B,$0.02B,0.00%,$0.00B,$0.01B,0.00%,$10,$3,$7,$0,$6,$9,$1,$-0,$1,$0,$1,$1,$1,$1,$1,$16,16,$0.04,$0.04,$2,$3,$0,$11,$3,$0,$4,$0,$6,$17,$5,$0,$0,$0,$5,$0,$-5,$0,$13,$17,$0,$0,$0,$1,$0,$-0,$-0,$1,$0,$1,$-0,$0,$0,$0,$0,$0,$0,$-0,$-0,$0,$-0,$0,$0,$0,$0,$0,$1,$0,$0
20,2013-09-30,1.43,$0.73,1.96,$1.56,0.92,$0.03,46.34,$0.02,71.6,$0.01B,$0.01B,2.23,$0.00B,$0.01B,0.0,$0.03B,$0.02B,64.00%,$0.03B,$-0.00B,-4.00%,$0.03B,$-0.00B,-4.00%,$0.03B,0,0.00%,$0.03B,$-0.00B,-4.00%,$0.03B,$-0.00B,-4.00%,$-0.00B,$0.01B,-8.89%,$-0.00B,$0.01B,-12.90%,$-0.00B,$0.02B,-6.15%,$-0.00B,$0.01B,-8.89%,$6,$2,$4,$0,$2,$5,$1,$-0,$1,$0,$1,$1,$1,$1,$1,$16,16,$0.08,$0.08,$1,$3,$0,$11,$3,$0,$4,$0,$6,$17,$5,$0,$0,$0,$5,$0,$-6,$0,$12,$17,$-0,$0,$0,$0,$1,$-1,$0,$0,$0,$0,$-0,$0,$0,$0,$0,$0,$0,$-0,$0,$0,$0,$0,$0,$0,$0,$0,$0,$0,$0
21,2013-06-30,1.17,$0.65,1.8,$1.56,0.75,$-0.22,0.0,$0.01,116.82,$0.01B,$0.00B,2.01,$0.00B,$0.01B,0.0,$0.02B,$0.02B,62.50%,$0.02B,$-0.00B,-4.17%,$0.02B,$-0.00B,-4.17%,$0.02B,0,0.00%,$0.02B,$-0.00B,-4.17%,$0.02B,$-0.00B,-4.17%,$-0.00B,$0.01B,-9.30%,$-0.00B,$0.01B,-13.79%,$-0.00B,$0.02B,-6.15%,$-0.00B,$0.01B,-9.30%,$2,$1,$1,$0,$2,$4,$-2,$-0,$-2,$0,$-2,$-2,$-2,$-2,$-2,$16,16,$-0.11,$-0.11,$4,$3,$0,$9,$2,$0,$4,$0,$6,$15,$4,$0,$0,$0,$5,$0,$-7,$0,$10,$15,$-1,$0,$0,$0,$4,$-1,$-0,$3,$5,$4,$-0,$0,$0,$0,$0,$0,$0,$-0,$0,$0,$0,$0,$0,$0,$0,$0,$3,$0,$0
22,2013-03-31,1.27,$0.76,1.69,$1.57,0.81,$-0.49,0.0,$-0.01,0.0,$0.01B,$0.00B,2.65,$0.00B,$0.01B,0.0,$0.02B,$0.02B,62.50%,$0.02B,$-0.00B,-4.17%,$0.02B,$-0.00B,-4.17%,$0.02B,0,0.00%,$0.02B,$-0.00B,-4.17%,$0.02B,$-0.00B,-4.17%,$-0.00B,$0.01B,-9.52%,$-0.00B,$0.01B,-14.81%,$-0.00B,$0.02B,-6.15%,$-0.00B,$0.01B,-9.52%,$8,$2,$5,$0,$5,$7,$0,$-0,$0,$0,$0,$0,$0,$0,$0,$16,16,$0.02,$0.02,$5,$2,$0,$10,$2,$0,$4,$0,$6,$16,$4,$0,$0,$0,$4,$0,$-6,$0,$12,$16,$0,$0,$0,$0,$2,$-0,$-1,$2,$3,$4,$-0,$0,$0,$0,$0,$0,$0,$-0,$0,$0,$0,$0,$0,$0,$0,$0,$4,$0,$0
23,2012-12-31,1.03,$0.73,1.41,$1.51,0.68,$-0.67,0.0,$-0.08,0.0,$0.01B,$0.01B,2.18,$0.00B,$0.01B,0.0,$0.02B,$0.01B,63.64%,$0.02B,$-0.00B,-9.09%,$0.02B,$-0.00B,-9.09%,$0.02B,$-0.00B,-4.55%,$0.02B,$-0.00B,-9.09%,$0.02B,$-0.00B,-9.09%,$-0.00B,$0.01B,-19.51%,$-0.00B,$0.01B,-30.77%,$-0.00B,$0.02B,-11.94%,$-0.00B,$0.01B,-19.51%,$9,$3,$6,$0,$6,$9,$0,$0,$0,$0,$0,$0,$0,$1,$0,$15,15,$0.04,$0.04,$1,$2,$0,$11,$2,$0,$4,$0,$6,$17,$5,$0,$0,$0,$5,$0,$-6,$0,$11,$17,$-1,$0,$-1,$-1,$-2,$1,$0,$-1,$-4,$-6,$-0,$0,$0,$0,$0,$0,$0,$-0,$0,$0,$0,$1,$1,$0,$0,$1,$-5,$0,$0
24,2012-09-30,0.97,$0.67,1.46,$1.40,0.69,$-0.41,0.0,$-0.23,0.0,$0.01B,$0.01B,1.58,$0.00B,$0.01B,0.0,$0.02B,$0.01B,65.00%,$0.02B,$-0.00B,-20.00%,$0.02B,$-0.00B,-20.00%,$0.02B,$-0.00B,-20.00%,$0.02B,$-0.00B,-20.00%,$0.02B,$-0.00B,-20.00%,$-0.00B,$0.01B,-39.02%,$-0.00B,$0.01B,-61.54%,$-0.00B,$0.02B,-23.19%,$-0.00B,$0.01B,-39.02%,$5,$2,$3,$0,$2,$4,$1,$0,$1,$0,$1,$1,$1,$1,$1,$15,15,$0.07,$0.07,$2,$3,$0,$11,$2,$0,$4,$0,$6,$17,$7,$0,$0,$0,$7,$0,$-6,$0,$10,$17,$-2,$0,$0,$0,$-1,$-1,$-0,$1,$-2,$-3,$-0,$0,$0,$0,$0,$0,$0,$-0,$0,$0,$0,$0,$0,$0,$0,$0,$-4,$0,$0
25,2012-06-30,0.81,$0.59,1.38,$1.37,0.59,$-0.37,0.0,$-0.23,0.0,$0.01B,$0.01B,1.43,$0.00B,$0.01B,0.0,$0.02B,$0.01B,70.00%,$0.02B,$-0.00B,-20.00%,$0.02B,$-0.00B,-20.00%,$0.02B,$-0.00B,-20.00%,$0.02B,$-0.00B,-20.00%,$0.02B,$-0.00B,-20.00%,$-0.00B,$0.01B,-36.36%,$-0.00B,$0.01B,-55.17%,$-0.00B,$0.02B,-22.22%,$-0.00B,$0.01B,-36.36%,$2,$1,$1,$1,$2,$4,$-2,$0,$-2,$0,$-2,$-2,$-2,$-2,$-2,$15,15,$-0.13,$-0.13,$5,$3,$0,$9,$2,$0,$4,$0,$6,$15,$6,$0,$0,$0,$6,$0,$-7,$0,$9,$15,$-3,$0,$0,$0,$2,$-0,$-0,$1,$2,$-1,$-0,$0,$0,$0,$0,$0,$0,$-0,$0,$0,$0,$0,$0,$0,$0,$0,$-1,$0,$0
26,2012-03-31,0.73,$0.72,1.02,$1.36,0.54,$-0.28,0.0,$-0.16,0.0,$0.01B,$0.01B,1.65,$0.00B,$0.01B,0.0,$0.02B,$0.01B,70.00%,$0.02B,$-0.00B,-15.00%,$0.02B,$-0.00B,-15.00%,$0.02B,$-0.00B,-15.00%,$0.02B,$-0.00B,-15.00%,$0.02B,$-0.00B,-15.00%,$-0.00B,$0.01B,-25.53%,$-0.00B,$0.01B,-37.50%,$-0.00B,$0.02B,-16.00%,$-0.00B,$0.01B,-25.53%,$6,$2,$4,$0,$5,$7,$-1,$-0,$-1,$0,$-1,$-1,$-1,$-1,$-1,$15,15,$-0.05,$-0.05,$6,$3,$0,$12,$2,$0,$4,$0,$6,$18,$7,$0,$0,$0,$7,$0,$-5,$0,$11,$18,$-1,$0,$0,$0,$1,$0,$-0,$1,$1,$1,$-0,$0,$0,$0,$0,$0,$0,$-0,$0,$0,$0,$0,$0,$0,$0,$0,$1,$0,$0
27,2011-12-31,0.87,$0.76,1.14,$1.17,0.74,$-0.24,0.0,$-0.18,0.0,$0.01B,$0.01B,1.68,$0.00B,$0.01B,0.0,$0.02B,$0.01B,70.59%,$0.02B,$-0.00B,-17.65%,$0.02B,$-0.00B,-17.65%,$0.02B,$-0.00B,-17.65%,$0.02B,$-0.00B,-17.65%,$0.02B,$-0.00B,-17.65%,$-0.00B,$0.01B,-24.49%,$-0.00B,$0.01B,-35.29%,$-0.00B,$0.02B,-15.58%,$-0.00B,$0.01B,-24.49%,$7,$3,$5,$0,$6,$9,$-2,$0,$-2,$0,$-2,$-2,$-2,$-2,$-2,$15,15,$-0.12,$-0.12,$6,$3,$0,$13,$2,$0,$4,$0,$6,$19,$8,$0,$0,$0,$8,$0,$-5,$0,$11,$19,$-3,$0,$1,$1,$2,$-1,$0,$-1,$-0,$-2,$-0,$0,$0,$0,$0,$0,$0,$-0,$0,$0,$0,$-0,$-0,$0,$0,$-0,$-3,$1,$0
28,2011-09-30,0.58,$0.87,0.66,$1.10,0.53,$-0.34,0.0,$-0.14,0.0,$0.01B,$0.01B,1.9,$0.00B,$0.01B,0.0,$0.02B,$0.01B,68.75%,$0.02B,$-0.00B,-12.50%,$0.02B,$-0.00B,-12.50%,$0.02B,$-0.00B,-12.50%,$0.02B,$-0.00B,-12.50%,$0.02B,$-0.00B,-12.50%,$-0.00B,$0.01B,-15.69%,$-0.00B,$0.01B,-22.22%,$-0.00B,$0.02B,-10.00%,$-0.00B,$0.01B,-15.69%,$5,$1,$4,$0,$2,$4,$1,$0,$1,$0,$1,$1,$1,$1,$1,$15,15,$0.07,$0.07,$5,$4,$0,$14,$2,$0,$4,$0,$6,$20,$8,$0,$0,$0,$8,$0,$-3,$0,$13,$20,$-1,$0,$0,$1,$0,$-2,$0,$-1,$-3,$-3,$-0,$0,$0,$0,$0,$0,$0,$-0,$0,$0,$0,$-0,$-0,$0,$0,$-0,$-4,$0,$0
29,2011-06-30,0.63,$0.79,0.8,$1.12,0.56,$-0.35,0.0,$-0.15,0.0,$0.01B,$0.01B,2.04,$0.00B,$0.01B,0.0,$0.02B,$0.01B,68.75%,$0.02B,$-0.00B,-12.50%,$0.02B,$-0.00B,-12.50%,$0.02B,$-0.00B,-12.50%,$0.02B,$-0.00B,-12.50%,$0.02B,$-0.00B,-12.50%,$-0.00B,$0.01B,-15.38%,$-0.00B,$0.01B,-21.05%,$-0.00B,$0.02B,-9.76%,$-0.00B,$0.01B,-15.38%,$2,$1,$1,$0,$2,$3,$-1,$0,$-1,$0,$-1,$-1,$-1,$-1,$-1,$15,15,$-0.06,$-0.06,$9,$2,$0,$12,$2,$0,$4,$0,$6,$18,$6,$0,$0,$0,$6,$0,$-4,$0,$12,$18,$-2,$0,$0,$0,$4,$0,$-0,$1,$2,$1,$-0,$0,$0,$0,$0,$0,$0,$-0,$0,$0,$0,$0,$0,$0,$0,$0,$1,$0,$0
30,2011-03-31,0.9,$0.85,1.06,$1.08,0.84,$-0.44,0.0,$-0.24,0.0,$0.01B,$0.01B,1.91,$0.00B,$0.01B,0.0,$0.02B,$0.01B,66.67%,$0.02B,$-0.00B,-20.00%,$0.02B,$-0.00B,-20.00%,$0.02B,$-0.00B,-20.00%,$0.02B,$-0.00B,-20.00%,$0.02B,$-0.00B,-20.00%,$-0.00B,$0.01B,-22.64%,$-0.00B,$0.01B,-30.00%,$-0.00B,$0.02B,-14.29%,$-0.00B,$0.01B,-22.64%,$3,$1,$2,$0,$3,$4,$-1,$0,$-1,$0,$-1,$-1,$-1,$-1,$-1,$15,15,$-0.07,$-0.07,$10,$1,$0,$14,$2,$0,$4,$0,$6,$20,$7,$0,$0,$0,$7,$0,$-3,$0,$13,$20,$-1,$0,$0,$0,$2,$0,$-0,$0,$2,$1,$0,$0,$0,$0,$0,$0,$0,$0,$0,$0,$0,$0,$0,$0,$0,$0,$1,$0,$0
31,2010-12-31,0.9,$0.92,0.99,$1.02,0.89,$-0.45,0.0,$-0.25,0.0,$0.02B,$0.01B,1.91,$0.00B,$0.01B,0.0,$0.01B,$0.01B,64.29%,$0.01B,$-0.00B,-21.43%,$0.01B,$-0.00B,-21.43%,$0.01B,$-0.00B,-21.43%,$0.01B,$-0.00B,-21.43%,$0.01B,$-0.00B,-21.43%,$-0.00B,$0.01B,-21.43%,$-0.00B,$0.01B,-27.91%,$-0.00B,$0.02B,-13.95%,$-0.00B,$0.01B,-21.43%,$6,$3,$4,$0,$5,$7,$-1,$0,$-1,$0,$-1,$-1,$-1,$-1,$-1,$14,14,$-0.08,$-0.08,$8,$2,$0,$16,$2,$0,$4,$0,$6,$22,$8,$0,$0,$0,$8,$0,$-2,$0,$13,$22,$-4,$0,$0,$1,$-1,$-0,$-0,$-0,$-1,$-4,$-0,$-1,$0,$0,$0,$0,$0,$-1,$0,$0,$0,$0,$0,$0,$0,$0,$-5,$0,$0
32,2010-09-30,0.87,$0.99,0.88,$1.28,0.67,$-0.14,0.0,$-0.03,0.0,$0.02B,$0.01B,2.08,$0.00B,$0.01B,0.0,$0.02B,$0.01B,58.82%,$0.02B,0,0.00%,$0.02B,0,0.00%,$0.02B,0,0.00%,$0.02B,0,0.00%,$0.02B,0,0.00%,$0.00B,$0.01B,0.00%,$0.00B,$0.01B,0.00%,$0.00B,$0.02B,0.00%,$0.00B,$0.01B,0.00%,$5,$2,$4,$0,$2,$4,$1,$0,$1,$0,$1,$1,$1,$1,$1,$15,15,$0.06,$0.06,$9,$2,$0,$16,$2,$0,$4,$0,$6,$22,$8,$0,$0,$0,$8,$0,$-1,$0,$14,$22,$-2,$0,$-1,$-1,$-1,$0,$0,$0,$-0,$-3,$-0,$-1,$0,$0,$0,$0,$0,$-1,$0,$0,$0,$0,$0,$0,$0,$0,$-4,$0,$0
33,2010-06-30,0.82,$0.92,0.89,$1.31,0.63,$-0.16,0.0,$0.00,0.0,$0.01B,$0.01B,2.16,$0.00B,$0.01B,0.0,$0.02B,$0.01B,58.82%,$0.02B,0,0.00%,$0.02B,0,0.00%,$0.02B,0,0.00%,$0.02B,0,0.00%,$0.02B,0,0.00%,$0.00B,$0.01B,0.00%,$0.00B,$0.01B,0.00%,$0.00B,$0.02B,0.00%,$0.00B,$0.01B,0.00%,$1,$1,$0,$0,$3,$3,$-2,$0,$-2,$0,$-2,$-2,$-2,$-2,$-2,$15,15,$-0.15,$-0.15,$11,$1,$0,$14,$3,$0,$4,$0,$6,$20,$6,$0,$0,$0,$6,$0,$-2,$0,$13,$20,$-3,$0,$-1,$-1,$3,$1,$-0,$0,$3,$-1,$-0,$-1,$0,$0,$0,$0,$0,$-1,$0,$0,$0,$0,$0,$0,$0,$0,$-2,$0,$0
34,2010-03-31,1.5,$1.08,1.39,$1.37,1.1,$-0.32,0.0,$-0.21,0.0,$0.02B,$0.01B,2.45,$0.00B,$0.02B,0.0,$0.02B,$0.01B,55.56%,$0.02B,$-0.00B,-16.67%,$0.02B,$-0.00B,-16.67%,$0.02B,$-0.00B,-11.11%,$0.02B,$-0.00B,-16.67%,$0.02B,$-0.00B,-16.67%,$-0.00B,$0.02B,-22.64%,$-0.00B,$0.01B,-24.49%,$-0.00B,$0.02B,-15.58%,$-0.00B,$0.02B,-22.64%,$2,$1,$1,$0,$2,$3,$-1,$0,$-1,$0,$-1,$-1,$-1,$-1,$-1,$13,13,$-0.08,$-0.08,$13,$1,$0,$16,$3,$0,$4,$0,$6,$22,$7,$0,$0,$0,$7,$0,$0,$0,$16,$22,$-1,$0,$-1,$-1,$2,$1,$-0,$0,$3,$1,$-0,$-1,$0,$-1,$0,$-1,$0,$-2,$0,$0,$0,$0,$0,$0,$0,$0,$-0,$0,$0
35,2009-12-31,1.48,$1.08,1.37,$1.53,0.97,$-0.38,0.0,$-0.30,0.0,$0.02B,$0.01B,2.58,$0.00B,$0.01B,0.0,$0.02B,$0.01B,55.00%,$0.02B,$-0.00B,-20.00%,$0.02B,$-0.00B,-20.00%,$0.02B,$-0.00B,-15.00%,$0.02B,$-0.00B,-20.00%,$0.02B,$-0.00B,-20.00%,$-0.00B,$0.01B,-30.19%,$-0.00B,$0.01B,-30.19%,$-0.00B,$0.02B,-20.78%,$-0.00B,$0.01B,-30.19%,$9,$4,$5,$0,$3,$7,$2,$-0,$2,$0,$2,$2,$2,$2,$2,$13,13,$0.14,$0.14,$13,$1,$0,$19,$3,$0,$0,$0,$3,$21,$7,$0,$0,$0,$7,$0,$2,$0,$14,$21,$-4,$1,$1,$1,$2,$1,$-0,$0,$3,$0,$0,$0,$0,$0,$0,$0,$0,$0,$0,$0,$0,$0,$0,$0,$0,$0,$1,$0,$0
36,2009-09-30,1.72,$0.94,1.82,$1.35,1.27,$-0.76,0.0,$-0.59,0.0,$0.02B,$0.01B,2.61,$0.00B,$0.01B,0.0,$0.02B,$0.01B,50.00%,$0.02B,$-0.01B,-44.44%,$0.02B,$-0.01B,-44.44%,$0.02B,$-0.01B,-38.89%,$0.02B,$-0.01B,-44.44%,$0.02B,$-0.01B,-44.44%,$-0.01B,$0.01B,-56.14%,$-0.01B,$0.01B,-56.14%,$-0.01B,$0.02B,-40.00%,$-0.01B,$0.01B,-56.14%,$5,$1,$4,$0,$2,$4,$1,$0,$1,$0,$1,$1,$1,$1,$1,$13,13,$0.09,$0.09,$9,$3,$0,$15,$3,$0,$0,$0,$3,$18,$6,$0,$0,$0,$6,$0,$-0,$0,$12,$18,$-6,$0,$-1,$-0,$2,$-0,$-0,$1,$3,$-4,$0,$0,$0,$0,$0,$0,$0,$0,$0,$0,$0,$0,$0,$0,$0,$0,$-3,$0,$0
37,2009-06-30,2.81,$0.85,3.31,$1.45,1.93,$-0.92,0.0,$-0.61,0.0,$0.01B,$0.01B,2.47,$0.00B,$0.01B,0.0,$0.02B,$0.01B,47.37%,$0.02B,$-0.01B,-42.11%,$0.02B,$-0.01B,-42.11%,$0.02B,$-0.01B,-36.84%,$0.02B,$-0.01B,-42.11%,$0.02B,$-0.01B,-42.11%,$-0.01B,$0.01B,-49.23%,$-0.01B,$0.01B,-49.23%,$-0.01B,$0.02B,-35.96%,$-0.01B,$0.01B,-49.23%,$2,$1,$0,$0,$5,$6,$-5,$0,$-5,$0,$-5,$-5,$-5,$-4,$-5,$13,13,$-0.36,$-0.36,$9,$3,$0,$14,$3,$0,$0,$0,$3,$16,$6,$0,$0,$0,$6,$0,$-1,$0,$11,$16,$-7,$0,$-1,$-0,$5,$0,$-1,$1,$4,$-3,$0,$0,$0,$0,$0,$0,$0,$0,$0,$0,$0,$0,$0,$0,$0,$0,$-3,$0,$0
38,2009-03-31,3.49,$1.21,2.89,$1.48,2.36,$-0.84,0.0,$-0.47,0.0,$0.02B,$0.01B,2.97,$0.00B,$0.02B,0.0,$0.02B,$0.01B,52.63%,$0.02B,$-0.01B,-31.58%,$0.02B,$-0.01B,-31.58%,$0.02B,$-0.01B,-31.58%,$0.02B,$-0.01B,-31.58%,$0.02B,$-0.01B,-31.58%,$-0.01B,$0.02B,-32.88%,$-0.01B,$0.02B,-32.88%,$-0.01B,$0.02B,-24.24%,$-0.01B,$0.02B,-32.88%,$4,$2,$2,$0,$4,$6,$-2,$0,$-2,$0,$-2,$-2,$-2,$-2,$-2,$13,13,$-0.17,$-0.17,$12,$3,$0,$18,$4,$0,$0,$0,$4,$22,$6,$0,$0,$0,$6,$0,$3,$0,$16,$22,$-2,$0,$-0,$-0,$3,$-0,$-0,$1,$3,$0,$-0,$0,$0,$0,$0,$0,$0,$-0,$0,$0,$0,$0,$0,$0,$0,$0,$0,$0,$0
39,2008-12-31,3.01,$1.38,2.19,$1.58,1.9,$-0.79,0.0,$-0.42,0.0,$0.02B,$0.01B,3.13,$0.00B,$0.02B,0.0,$0.02B,$0.01B,60.00%,$0.02B,$-0.01B,-35.00%,$0.02B,$-0.01B,-35.00%,$0.02B,$-0.01B,-35.00%,$0.02B,$-0.01B,-30.00%,$0.02B,$-0.01B,-30.00%,$-0.01B,$0.02B,-30.38%,$-0.01B,$0.02B,-30.38%,$-0.01B,$0.02B,-22.64%,$-0.01B,$0.02B,-35.44%,$7,$4,$3,$1,$4,$9,$-2,$0,$-2,$0,$-2,$-2,$-2,$-2,$-2,$13,13,$-0.16,$-0.16,$12,$3,$0,$21,$4,$0,$0,$0,$4,$24,$7,$0,$0,$0,$7,$0,$5,$0,$18,$24,$-6,$1,$-0,$1,$1,$0,$0,$-2,$1,$-4,$-0,$0,$1,$0,$0,$0,$0,$1,$0,$0,$0,$0,$0,$0,$0,$0,$-3,$0,$0
40,2008-09-30,3.8,$1.53,2.48,$1.90,2.0,$-0.60,0.0,$-0.15,0.0,$0.02B,$0.01B,3.31,$0.00B,$0.02B,0.0,$0.02B,$0.02B,70.83%,$0.02B,$-0.00B,-12.50%,$0.02B,$-0.00B,-12.50%,$0.02B,$-0.00B,-12.50%,$0.02B,$-0.00B,-8.33%,$0.02B,$-0.00B,-8.33%,$-0.00B,$0.02B,-9.52%,$-0.00B,$0.02B,-9.52%,$-0.00B,$0.03B,-6.90%,$-0.00B,$0.02B,-14.29%,$6,$2,$4,$1,$2,$6,$1,$0,$1,$0,$1,$1,$1,$1,$1,$13,13,$0.07,$0.07,$11,$5,$0,$23,$4,$0,$0,$0,$4,$27,$7,$0,$0,$0,$7,$0,$7,$0,$20,$27,$-4,$1,$0,$1,$1,$0,$0,$-2,$-2,$-5,$-0,$0,$0,$0,$0,$0,$0,$-0,$0,$0,$0,$0,$0,$0,$0,$0,$-5,$0,$0
41,2008-06-30,3.88,$1.46,2.65,$2.11,1.84,$-0.68,0.0,$-0.12,0.0,$0.02B,$0.01B,3.18,$0.00B,$0.02B,0.0,$0.03B,$0.02B,70.37%,$0.03B,$-0.00B,-11.11%,$0.03B,$-0.00B,-11.11%,$0.03B,$-0.00B,-11.11%,$0.03B,$-0.00B,-7.41%,$0.03B,$-0.00B,-7.41%,$-0.00B,$0.02B,-9.30%,$-0.00B,$0.02B,-9.30%,$-0.00B,$0.03B,-6.67%,$-0.00B,$0.02B,-13.95%,$2,$1,$1,$1,$3,$5,$-3,$0,$-3,$0,$-3,$-3,$-3,$-3,$-3,$13,13,$-0.22,$-0.22,$14,$5,$0,$21,$4,$0,$0,$0,$4,$26,$7,$0,$0,$0,$7,$0,$6,$0,$19,$26,$-4,$0,$-1,$-0,$5,$0,$-0,$-2,$3,$-2,$-0,$0,$0,$0,$0,$0,$0,$-0,$0,$0,$0,$0,$0,$0,$0,$0,$-2,$0,$0
42,2008-03-31,3.87,$1.69,2.29,$2.13,1.82,$-0.73,0.0,$-0.18,0.0,$0.03B,$0.01B,3.45,$0.00B,$0.02B,0.0,$0.03B,$0.02B,70.37%,$0.03B,$-0.00B,-14.81%,$0.03B,$-0.00B,-14.81%,$0.03B,$-0.00B,-14.81%,$0.03B,$-0.00B,-7.41%,$0.03B,$-0.00B,-11.11%,$-0.00B,$0.02B,-13.79%,$-0.00B,$0.02B,-13.79%,$-0.00B,$0.03B,-9.76%,$-0.00B,$0.02B,-18.39%,$5,$2,$4,$1,$5,$8,$-3,$0,$-2,$0,$-2,$-2,$-2,$-3,$-3,$13,13,$-0.12,$-0.12,$16,$4,$0,$25,$4,$0,$0,$0,$4,$29,$7,$0,$0,$0,$7,$0,$9,$0,$22,$29,$0,$0,$0,$0,$0,$0,$0,$0,$0,$1,$-0,$0,$0,$0,$0,$0,$0,$-0,$0,$0,$0,$0,$0,$0,$0,$0,$1,$0,$0
43,2007-12-31,3.6,$1.81,1.99,$2.20,1.63,$-0.72,0.0,$-0.21,0.0,$0.03B,$0.01B,2.81,$0.00B,$0.02B,0.0,$0.03B,$0.02B,67.86%,$0.03B,$-0.00B,-10.71%,$0.03B,$-0.00B,-10.71%,$0.03B,$-0.00B,-10.71%,$0.03B,$-0.00B,-7.14%,$0.03B,$-0.00B,-10.71%,$-0.00B,$0.02B,-13.48%,$-0.00B,$0.02B,-13.48%,$-0.00B,$0.03B,-9.52%,$-0.00B,$0.02B,-13.48%,$11,$3,$8,$2,$4,$9,$2,$0,$2,$0,$2,$2,$2,$2,$2,$13,13,$0.14,$0.14,$15,$4,$2,$29,$4,$0,$0,$0,$5,$34,$10,$0,$0,$0,$10,$0,$11,$0,$23,$34,$-2,$1,$0,$1,$0,$-1,$-0,$2,$-0,$-1,$-1,$0,$0,$0,$0,$0,$0,$-1,$0,$0,$0,$0,$0,$0,$0,$0,$-2,$0,$0
44,2007-09-30,3.11,$1.68,1.85,$2.44,1.28,$-0.57,0.0,$-0.23,0.0,$0.03B,$0.01B,2.83,$0.00B,$0.02B,0.0,$0.03B,$0.02B,64.52%,$0.03B,$-0.00B,-12.90%,$0.03B,$-0.00B,-12.90%,$0.03B,$-0.00B,-12.90%,$0.03B,$-0.00B,-9.68%,$0.03B,$-0.00B,-12.90%,$-0.00B,$0.02B,-17.39%,$-0.00B,$0.02B,-17.39%,$-0.00B,$0.03B,-12.60%,$-0.00B,$0.02B,-17.39%,$9,$3,$6,$2,$3,$8,$1,$0,$1,$0,$1,$1,$1,$1,$1,$13,13,$0.10,$0.10,$12,$6,$0,$26,$5,$0,$0,$0,$5,$31,$9,$0,$0,$0,$9,$0,$9,$0,$22,$31,$0,$0,$0,$0,$0,$0,$0,$0,$0,$-6,$-0,$0,$0,$0,$0,$0,$0,$-0,$0,$0,$0,$0,$0,$0,$0,$0,$-6,$0,$0
45,2007-06-30,3.5,$1.58,2.21,$2.61,1.35,$-0.32,0.0,$-0.25,0.0,$0.02B,$0.01B,2.69,$0.00B,$0.02B,0.0,$0.03B,$0.02B,60.61%,$0.03B,$-0.00B,-12.12%,$0.03B,$-0.00B,-12.12%,$0.03B,$-0.00B,-12.12%,$0.03B,$-0.00B,-9.09%,$0.03B,$-0.00B,-12.12%,$-0.00B,$0.02B,-17.02%,$-0.00B,$0.02B,-17.02%,$-0.00B,$0.03B,-12.60%,$-0.00B,$0.02B,-17.02%,$2,$1,$1,$2,$3,$6,$-4,$0,$-3,$0,$-3,$-3,$-4,$-4,$-4,$13,13,$-0.28,$-0.28,$16,$6,$0,$24,$5,$0,$0,$0,$5,$29,$9,$0,$0,$0,$9,$0,$8,$0,$20,$29,$0,$0,$0,$0,$0,$0,$0,$0,$0,$-2,$-0,$0,$0,$0,$0,$0,$0,$-0,$0,$0,$0,$0,$0,$0,$0,$0,$-2,$0,$0
46,2007-03-31,5.62,$1.86,3.02,$2.93,1.92,$-0.18,0.0,$-0.18,0.0,$0.03B,$0.01B,3.25,$0.00B,$0.02B,0.0,$0.04B,$0.02B,56.76%,$0.04B,$-0.00B,-8.11%,$0.04B,$-0.00B,-8.11%,$0.04B,$-0.00B,-8.11%,$0.04B,$-0.00B,-8.11%,$0.04B,$-0.00B,-8.11%,$-0.00B,$0.02B,-12.37%,$-0.00B,$0.02B,-12.37%,$-0.00B,$0.03B,-9.45%,$-0.00B,$0.02B,-12.37%,$6,$2,$4,$1,$5,$8,$-2,$0,$-2,$0,$-2,$-2,$-2,$-2,$-2,$13,13,$-0.15,$-0.15,$19,$4,$0,$27,$5,$0,$0,$0,$5,$32,$8,$0,$0,$0,$8,$0,$11,$0,$24,$32,$0,$0,$0,$0,$0,$0,$0,$0,$0,$1,$-0,$0,$0,$0,$0,$0,$0,$-0,$0,$0,$0,$0,$0,$0,$0,$0,$1,$0,$0
47,2006-12-31,4.29,$2.01,2.13,$3.32,1.29,$-0.14,0.0,$-0.15,0.0,$0.03B,$0.01B,3.22,$0.00B,$0.03B,0.0,$0.04B,$0.02B,53.66%,$0.04B,$-0.00B,-7.32%,$0.04B,$-0.00B,-7.32%,$0.04B,$-0.00B,-7.32%,$0.04B,$-0.00B,-4.88%,$0.04B,$-0.00B,-4.88%,$-0.00B,$0.03B,-8.25%,$-0.00B,$0.03B,-8.25%,$-0.00B,$0.04B,-6.30%,$-0.00B,$0.03B,-12.37%,$14,$5,$9,$1,$7,$13,$1,$0,$1,$0,$1,$1,$1,$1,$1,$13,13,$0.09,$0.09,$18,$4,$0,$30,$5,$0,$0,$0,$5,$35,$9,$0,$0,$0,$9,$0,$13,$0,$26,$35,$-2,$1,$-0,$1,$1,$-0,$0,$0,$1,$1,$-0,$0,$0,$0,$0,$0,$0,$-0,$-1,$0,$-1,$2,$2,$0,$0,$0,$-0,$0,$0
