,Date,Stock Price,Book Value per Share,Price to Book Ratio,TTM Sales per Share,Price to Sales Ratio,TTM FCF per Share,Price to FCF Ratio,TTM Net EPS,PE Ratio,Current Assets,Current Liabilities,Current Ratio,Long Term Debt,Shareholder's Equity_x,Debt to Equity Ratio,TTM Revenue_x,TTM Gross Profit,Gross Margin,TTM Revenue_y,TTM Operating Income,Operating Margin,TTM Revenue_x,TTM EBIT,EBIT Margin,TTM Revenue_y,TTM EBITDA,EBITDA Margin,TTM Revenue_x,TTM Pre-Tax Income,Pre-Tax Margin,TTM Revenue_y,TTM Net Income_x,Net Margin,TTM Net Income_y,Shareholder's Equity_y,Return on Equity,TTM Net Income_x,Tangible Equity,Return on Tangible Equity,TTM Net Income_y,Total Assets,Return on Assets,TTM Net Income,LT Investments & Debt,Return on Investment,revenue,cost-goods-sold,gross-profit,research-development-expenses,selling-general-administrative-expenses,operating-expenses,operating-income,total-non-operating-income-expense,pre-tax-income,total-provision-income-taxes,income-after-taxes,income-from-continuous-operations,net-income,ebitda,ebit,basic-shares-outstanding,shares-outstanding,eps-basic-net-earnings-per-share,eps-earnings-per-share-diluted,cash-on-hand,inventory,other-current-assets,total-current-assets,net-property-plant-equipment,long-term-investments,goodwill-intangible-assets-total,other-long-term-assets,total-long-term-assets,total-assets,total-current-liabilities,long-term-debt,other-non-current-liabilities,total-long-term-liabilities,total-liabilities,common-stock-net,retained-earnings-accumulated-deficit,comprehensive-income,total-share-holder-equity,total-liabilities-share-holders-equity,net-income-loss,total-depreciation-amortization-cash-flow,other-non-cash-items,total-non-cash-items,change-in-accounts-receivable,change-in-inventories,change-in-accounts-payable,change-in-assets-liabilities,total-change-in-assets-liabilities,cash-flow-from-operating-activities,net-change-in-property-plant-equipment,net-change-in-intangible-assets,net-acquisitions-divestitures,net-change-in-short-term-investments,net-change-in-long-term-investments,net-change-in-investments-total,investing-activities-other,cash-flow-from-investing-activities,net-long-term-debt,net-current-debt,debt-issuance-retirement-net-total,net-common-equity-issued-repurchased,net-total-equity-issued-repurchased,total-common-preferred-stock-dividends-paid,financial-activities-other,cash-flow-from-financial-activities,net-cash-flow,stock-based-compensation,common-stock-dividends-paid
0,2018-09-30,5.8,$0.06,96.67,$24.63,0.24,$-10.74,0.0,$-0.26,0.0,$0.05B,$0.04B,1.1,$0.02B,$0.00B,6.41,$0.21B,$0.09B,42.03%,$0.21B,$0.13B,60.87%,$0.21B,$-0.01B,-3.38%,$0.21B,$0.13B,61.35%,$0.21B,$-0.01B,-3.38%,$0.21B,$0.00B,0.97%,$0.00B,$0.00B,61.54%,$0.00B,$0.00B,88.89%,$0.00B,$0.07B,3.02%,$0.13B,$0.02B,622.22%,$71,$43,$28,$1,$31,$74,$-3,$-1,$-4,$0,$-4,$-4,$-1,$-3,$-3,$8,8,$-0.09,$-0.09,$8,$29,$2,$47,$22,$0,$1,$0,$23,$71,$43,$21,$3,$24,$67,$0,$-3,$0,$3,$71,$-14,$2,$2,$4,$-4,$-16,$0,$4,$-17,$-27,$-10,$-0,$0,$0,$0,$0,$0,$-10,$0,$-8,$-8,$0,$0,$0,$50,$42,$4,$0,$0
1,2018-06-30,8.5,$0.19,45.82,$22.91,0.37,$-5.91,0.0,$-0.26,0.0,$0.06B,$0.04B,1.28,$0.02B,$0.01B,2.01,$0.19B,$0.08B,43.23%,$0.19B,$0.12B,64.58%,$0.19B,$-0.01B,-4.69%,$0.19B,$0.13B,65.10%,$0.19B,$-0.01B,-4.17%,$0.19B,$-0.00B,-1.04%,$-0.00B,$0.01B,-53.33%,$-0.00B,$0.01B,-66.67%,$-0.00B,$0.08B,-2.53%,$0.12B,$0.03B,800.00%,$75,$42,$33,$1,$36,$79,$-3,$-1,$-4,$0,$-4,$-4,$-1,$-3,$-3,$8,8,$-0.09,$-0.09,$10,$33,$1,$56,$20,$0,$1,$0,$21,$77,$44,$20,$3,$23,$67,$0,$-2,$0,$10,$77,$-8,$1,$1,$2,$-3,$-22,$0,$4,$-22,$-28,$-7,$-0,$0,$0,$0,$0,$0,$-7,$0,$-8,$-8,$0,$0,$0,$50,$42,$7,$0,$0
2,2018-03-31,8.22,$0.26,31.54,$19.63,0.42,$-1.69,0.0,$-0.18,0.0,$0.06B,$0.04B,1.42,$0.02B,$0.01B,1.36,$0.17B,$0.07B,43.03%,$0.17B,$0.13B,79.39%,$0.17B,$-0.00B,-1.21%,$0.17B,$0.13B,80.00%,$0.17B,0,0.00%,$0.17B,$0.00B,1.82%,$0.00B,$0.01B,120.00%,$0.00B,$0.01B,150.00%,$0.00B,$0.08B,3.04%,$0.13B,$0.03B,1416.22%,$61,$35,$26,$1,$29,$64,$-3,$-1,$-4,$0,$-4,$-4,$-1,$-2,$-3,$8,8,$-0.17,$-0.17,$27,$27,$3,$62,$16,$0,$1,$0,$17,$79,$44,$19,$3,$22,$65,$0,$-1,$0,$14,$79,$-4,$1,$0,$1,$0,$-15,$0,$3,$-13,$-16,$-3,$-0,$0,$0,$0,$0,$0,$-3,$0,$-8,$-8,$0,$0,$0,$50,$42,$23,$0,$0
3,2017-12-31,10.05,$0.00,0.0,$15.95,0.63,$0.49,20.65,$-0.05,0.0,$0.02B,$0.04B,0.56,$0.01B,$-0.01B,-0.58,$0.13B,$0.06B,44.03%,$0.13B,$0.13B,98.51%,$0.13B,$-0.00B,-0.75%,$0.13B,$0.13B,98.51%,$0.13B,$0.00B,1.49%,$0.13B,$0.00B,1.49%,$0.00B,$-0.01B,800.00%,$0.00B,$-0.02B,inf%,$0.00B,$0.04B,1.69%,$0.13B,$-0.01B,5866.67%,$0,$0,$0,$0,$-60,$-135,$135,$3,$5,$0,$5,$5,$5,$135,$2,$5,18,$0.62,$0.51,$4,$13,$0,$23,$13,$0,$1,$0,$15,$38,$41,$8,$2,$10,$52,$0,$-14,$0,$-14,$38,$1,$0,$-1,$-1,$0,$0,$0,$0,$-1,$-1,$0,$0,$0,$0,$0,$0,$34,$34,$1,$0,$1,$-34,$-34,$0,$0,$-34,$-0,$0,$0
4,2017-09-30,10.03,$1.05,9.58,$15.95,0.63,$0.35,28.49,$-0.49,0.0,$0.00B,$0.00B,0.39,$0.00B,$0.01B,0.0,$0.13B,$0.06B,44.03%,$0.13B,$-0.01B,-3.73%,$0.13B,$-0.01B,-3.73%,$0.13B,$-0.01B,-3.73%,$0.13B,$-0.01B,-3.73%,$0.13B,$-0.01B,-3.73%,$-0.01B,$0.01B,-100.00%,$-0.01B,$0.01B,-100.00%,$-0.01B,$0.12B,-3.39%,$-0.01B,$0.01B,-100.00%,$56,$32,$24,$0,$29,$61,$-5,$-0,$-5,$0,$-5,$-5,$-5,$-5,$-5,$8,8,$-0.65,$-0.65,$0,$0,$0,$0,$0,$122,$0,$0,$122,$122,$1,$0,$116,$116,$117,$0,$-1,$0,$5,$122,$-4,$0,$0,$0,$-1,$-5,$0,$7,$13,$9,$-5,$-0,$0,$0,$0,$0,$0,$-5,$-0,$0,$-0,$0,$0,$0,$-4,$-4,$-1,$0,$0
5,2017-06-30,9.95,$0.99,10.03,$9.28,1.07,$-0.14,0.0,$-0.52,0.0,$0.00B,$0.00B,0.1,$0.00B,$0.01B,0.0,$0.08B,$0.04B,44.87%,$0.08B,0,0.00%,$0.08B,0,0.00%,$0.08B,0,0.00%,$0.08B,0,0.00%,$0.08B,0,0.00%,$0.00B,$0.01B,0.00%,$0.00B,$0.01B,0.00%,$0.00B,$0.16B,0.00%,$0.00B,$0.01B,0.00%,$48,$27,$21,$0,$17,$44,$4,$0,$4,$0,$4,$4,$4,$4,$4,$8,8,$0.43,$0.43,$0,$0,$0,$0,$0,$156,$0,$0,$156,$156,$2,$0,$149,$149,$151,$0,$-3,$0,$5,$156,$2,$0,$0,$0,$0,$-8,$0,$5,$3,$5,$-4,$0,$0,$0,$0,$0,$0,$-4,$-0,$0,$-0,$0,$0,$0,$-2,$-3,$-2,$0,$0
6,2017-03-31,10.0,$1.00,10.0,$3.59,2.78,$-0.30,0.0,$-0.52,0.0,$0.00B,$0.00B,0.13,$0.00B,$0.01B,0.0,$0.03B,$0.01B,46.67%,$0.03B,$-0.00B,-13.33%,$0.03B,$-0.00B,-13.33%,$0.03B,$-0.00B,-13.33%,$0.03B,$-0.00B,-13.33%,$0.03B,$-0.00B,-13.33%,$-0.00B,$0.01B,-80.00%,$-0.00B,$0.01B,-80.00%,$-0.00B,$0.16B,-2.56%,$-0.00B,$0.01B,-80.00%,$30,$16,$14,$0,$16,$32,$-2,$-0,$-2,$0,$-2,$-2,$-2,$-2,$-2,$8,8,$-0.24,$-0.24,$0,$0,$0,$0,$0,$156,$0,$0,$156,$156,$2,$0,$149,$149,$151,$0,$-3,$0,$5,$156,$-2,$0,$0,$0,$-1,$-6,$0,$7,$5,$3,$-3,$0,$0,$0,$0,$0,$0,$-3,$-0,$0,$-0,$0,$0,$0,$0,$-0,$-0,$0,$0
7,2016-12-31,9.94,$1.00,9.89,0,0.0,$-0.34,0.0,$-0.49,0.0,$0.00B,$0.00B,0.15,$0.00B,$0.01B,0.0,$0.00B,0,nan%,$0.00B,$-0.00B,inf%,$0.00B,$-0.00B,inf%,$0.00B,$-0.00B,inf%,$0.00B,$-0.00B,inf%,$0.00B,$-0.00B,inf%,$-0.00B,$0.01B,-40.00%,$-0.00B,$0.01B,-40.00%,$-0.00B,$0.16B,-1.28%,$-0.00B,$0.01B,-40.00%,$0,$0,$0,$0,$2,$2,$-2,$0,$-2,$0,$-2,$-2,$-2,$-2,$-2,$5,5,$-0.44,$-0.44,$0,$0,$0,$0,$0,$156,$0,$0,$156,$156,$2,$0,$149,$149,$151,$0,$-3,$0,$5,$156,$-2,$0,$-0,$-0,$0,$0,$0,$0,$2,$-1,$0,$0,$0,$0,$0,$0,$0,$0,$0,$0,$0,$0,$0,$0,$0,$0,$-1,$0,$0
8,2016-09-30,9.88,$1.05,9.42,0,0.0,$-0.17,0.0,$-0.05,0.0,$0.00B,$0.00B,4.72,$0.00B,$0.01B,0.0,$0.00B,0,nan%,$0.00B,0,nan%,$0.00B,0,nan%,$0.00B,0,nan%,$0.00B,0,nan%,$0.00B,0,nan%,$0.00B,$0.01B,0.00%,$0.00B,$0.01B,0.00%,$0.00B,$0.16B,0.00%,$0.00B,$0.01B,0.00%,$0,$0,$0,$0,$0,$0,$-0,$0,$-0,$0,$-0,$-0,$-0,$-0,$-0,$5,5,$-0.03,$-0.03,$1,$0,$0,$1,$0,$155,$0,$0,$155,$156,$0,$0,$151,$151,$151,$0,$-1,$0,$5,$156,$-0,$0,$-0,$-0,$0,$0,$0,$0,$0,$-0,$0,$0,$0,$0,$0,$0,$0,$0,$0,$0,$0,$0,$0,$0,$0,$0,$-0,$0,$0
