,Date,Stock Price,Book Value per Share,Price to Book Ratio,TTM Sales per Share,Price to Sales Ratio,TTM FCF per Share,Price to FCF Ratio,TTM Net EPS,PE Ratio,Current Assets,Current Liabilities,Current Ratio,Long Term Debt,Shareholder's Equity_x,Debt to Equity Ratio,TTM Revenue_x,TTM Gross Profit,Gross Margin,TTM Revenue_y,TTM Operating Income,Operating Margin,TTM Revenue_x,TTM EBIT,EBIT Margin,TTM Revenue_y,TTM EBITDA,EBITDA Margin,TTM Revenue_x,TTM Pre-Tax Income,Pre-Tax Margin,TTM Revenue_y,TTM Net Income_x,Net Margin,TTM Net Income_y,Shareholder's Equity_y,Return on Equity,TTM Net Income_x,Tangible Equity,Return on Tangible Equity,TTM Net Income_y,Total Assets,Return on Assets,TTM Net Income,LT Investments & Debt,Return on Investment,revenue,cost-goods-sold,gross-profit,research-development-expenses,selling-general-administrative-expenses,operating-expenses,operating-income,total-non-operating-income-expense,pre-tax-income,total-provision-income-taxes,income-after-taxes,income-from-continuous-operations,net-income,ebitda,ebit,basic-shares-outstanding,shares-outstanding,eps-basic-net-earnings-per-share,eps-earnings-per-share-diluted,cash-on-hand,inventory,other-current-assets,total-current-assets,net-property-plant-equipment,long-term-investments,goodwill-intangible-assets-total,other-long-term-assets,total-long-term-assets,total-assets,total-current-liabilities,long-term-debt,other-non-current-liabilities,total-long-term-liabilities,total-liabilities,common-stock-net,retained-earnings-accumulated-deficit,comprehensive-income,total-share-holder-equity,total-liabilities-share-holders-equity,net-income-loss,total-depreciation-amortization-cash-flow,other-non-cash-items,total-non-cash-items,change-in-accounts-receivable,change-in-inventories,change-in-accounts-payable,change-in-assets-liabilities,total-change-in-assets-liabilities,cash-flow-from-operating-activities,net-change-in-property-plant-equipment,net-change-in-intangible-assets,net-acquisitions-divestitures,net-change-in-short-term-investments,net-change-in-long-term-investments,net-change-in-investments-total,investing-activities-other,cash-flow-from-investing-activities,net-long-term-debt,net-current-debt,debt-issuance-retirement-net-total,net-common-equity-issued-repurchased,net-total-equity-issued-repurchased,total-common-preferred-stock-dividends-paid,financial-activities-other,cash-flow-from-financial-activities,net-cash-flow,stock-based-compensation,common-stock-dividends-paid
0,2018-09-30,0.4,$0.39,1.02,$0.33,1.21,$-1.95,0.0,$-0.62,0.0,$0.00B,$0.01B,0.14,$0.00B,$0.01B,0.3,$0.00B,0,0.00%,$0.00B,$-0.02B,-450.00%,$0.00B,$-0.02B,-450.00%,$0.00B,$-0.02B,-450.00%,$0.00B,$-0.02B,-475.00%,$0.00B,$-0.03B,-650.00%,$-0.03B,$0.01B,-221.28%,$-0.03B,$-0.01B,216.67%,$-0.03B,$0.03B,-100.00%,$-0.02B,$0.01B,-122.03%,$1,$1,$-0,$0,$0,$5,$-4,$0,$-4,$0,$-4,$-4,$-4,$-4,$-4,$23,23,$-0.17,$-0.17,$0,$0,$0,$1,$0,$0,$23,$0,$23,$25,$10,$3,$2,$5,$15,$0,$-41,$0,$9,$25,$-9,$1,$3,$4,$-0,$-0,$1,$0,$1,$-5,$-0,$0,$0,$0,$0,$0,$0,$-0,$3,$0,$3,$2,$2,$0,$-0,$5,$-0,$-0,$0
1,2018-06-30,0.37,$0.54,0.68,$0.34,1.09,$-2.34,0.0,$-1.98,0.0,$0.00B,$0.01B,0.13,$0.00B,$0.01B,0.23,$0.00B,0,0.00%,$0.00B,$-0.02B,-600.00%,$0.00B,$-0.02B,-600.00%,$0.00B,$-0.02B,-500.00%,$0.00B,$-0.02B,-700.00%,$0.00B,$-0.03B,-1066.67%,$-0.03B,$0.01B,-220.69%,$-0.03B,$-0.01B,266.67%,$-0.03B,$0.03B,-112.28%,$-0.02B,$0.02B,-105.88%,$1,$1,$0,$0,$0,$3,$-2,$-1,$-3,$0,$-3,$-3,$-3,$-2,$-2,$21,21,$-0.15,$-0.15,$0,$0,$0,$1,$0,$0,$24,$0,$25,$26,$9,$3,$1,$4,$14,$0,$-37,$0,$12,$26,$-5,$1,$1,$2,$-0,$-0,$-0,$0,$-0,$-4,$-0,$0,$0,$0,$0,$0,$0,$-0,$0,$2,$2,$2,$2,$0,$-0,$3,$-0,$-0,$0
2,2018-03-31,0.54,$0.68,0.79,$0.74,0.72,$-3.71,0.0,$-17.18,0.0,$0.00B,$0.01B,0.14,$0.00B,$0.01B,0.22,$0.00B,0,0.00%,$0.00B,$-0.02B,-850.00%,$0.00B,$-0.02B,-850.00%,$0.00B,$-0.01B,-700.00%,$0.00B,$-0.02B,-1100.00%,$0.00B,$-0.04B,-1900.00%,$-0.04B,$0.01B,-230.30%,$-0.04B,$-0.01B,298.04%,$-0.04B,$0.03B,-121.60%,$-0.02B,$0.02B,-93.15%,$1,$1,$0,$0,$0,$3,$-2,$0,$-2,$0,$-2,$-2,$-6,$-2,$-2,$13,13,$-0.47,$-0.47,$0,$0,$0,$1,$0,$0,$25,$0,$25,$26,$9,$3,$1,$4,$13,$0,$-34,$0,$13,$26,$-2,$0,$0,$1,$0,$0,$-0,$0,$0,$-1,$-0,$0,$0,$0,$0,$0,$0,$-0,$0,$0,$0,$1,$1,$0,$0,$1,$-0,$-0,$0
3,2017-12-31,1.2,$1.28,0.94,$1.24,0.97,$-4.34,0.0,$-18.81,0.0,$0.00B,$0.01B,0.17,$0.00B,$0.01B,0.23,$0.00B,0,0.00%,$0.00B,$-0.02B,-1600.00%,$0.00B,$-0.02B,-1600.00%,$0.00B,$-0.01B,-1300.00%,$0.00B,$-0.02B,-2100.00%,$0.00B,$-0.03B,-3300.00%,$-0.03B,$0.01B,-412.50%,$-0.03B,$-0.01B,216.39%,$-0.03B,$0.03B,-132.00%,$-0.02B,$0.02B,-177.78%,$1,$1,$0,$0,$0,$11,$-10,$1,$-10,$0,$-10,$-10,$-13,$-10,$-10,$5,5,$11.24,$11.24,$0,$0,$0,$2,$0,$0,$25,$0,$26,$27,$10,$3,$1,$4,$14,$0,$-32,$0,$13,$27,$-21,$3,$13,$15,$-0,$-0,$1,$-0,$-1,$-7,$-0,$0,$0,$0,$0,$0,$0,$-0,$-1,$-0,$-1,$0,$8,$0,$-0,$7,$0,$0,$0
4,2017-09-30,2.16,$2.16,1.0,$2.46,0.88,$-5.09,0.0,$-18.81,0.0,$0.00B,$0.01B,0.08,$0.00B,$0.02B,0.01,$0.00B,$0.00B,100.00%,$0.00B,$-0.01B,-500.00%,$0.00B,$-0.01B,-500.00%,$0.00B,$-0.00B,-200.00%,$0.00B,$-0.01B,-1000.00%,$0.00B,$-0.02B,-1900.00%,$-0.02B,$0.02B,-584.62%,$-0.02B,$-0.01B,138.18%,$-0.02B,$0.04B,-102.70%,$-0.01B,$0.02B,-111.11%,$0,$0,$-0,$0,$0,$4,$-4,$-3,$-6,$0,$-6,$-6,$-10,$-1,$-4,$7,7,$-1.36,$-1.36,$0,$0,$0,$1,$0,$0,$34,$0,$34,$35,$14,$0,$1,$1,$15,$0,$-22,$0,$20,$35,$-11,$2,$5,$7,$-0,$0,$0,$0,$-1,$-4,$0,$0,$0,$0,$0,$0,$0,$0,$1,$-2,$-1,$0,$5,$0,$-0,$5,$0,$0,$0
5,2017-06-30,9.0,$3.09,2.92,$3.27,2.76,$-5.96,0.0,$-19.85,0.0,$0.00B,$0.02B,0.11,$0.00B,$0.02B,0.01,$0.00B,$0.00B,100.00%,$0.00B,$-0.00B,-100.00%,$0.00B,$-0.00B,-100.00%,$0.00B,$-0.00B,-100.00%,$0.00B,$-0.00B,-400.00%,$0.00B,$-0.01B,-900.00%,$-0.01B,$0.02B,144.00%,$-0.01B,$-0.02B,59.02%,$-0.01B,$0.04B,-87.80%,$-0.00B,$0.02B,19.05%,$0,$0,$-0,$0,$0,$1,$-1,$-3,$-4,$0,$-4,$-4,$-9,$-1,$-1,$1,1,$-15.35,$-15.35,$1,$0,$0,$2,$0,$0,$35,$0,$35,$37,$16,$0,$1,$1,$17,$0,$-15,$0,$20,$37,$-4,$0,$3,$3,$-0,$0,$0,$-0,$1,$-1,$0,$0,$0,$0,$0,$0,$0,$0,$-0,$1,$1,$0,$0,$0,$-0,$2,$1,$0,$0
6,2017-03-31,20.1,$-23.08,-0.87,$3.99,5.04,$-5.32,0.0,$-6.01,0.0,$0.00B,$0.02B,0.03,$0.00B,$-0.02B,0.0,$0.00B,$0.00B,50.00%,$0.00B,0,0.00%,$0.00B,0,0.00%,$0.00B,0,0.00%,$0.00B,0,0.00%,$0.00B,0,0.00%,$0.00B,$-0.02B,0.00%,$0.00B,$-0.02B,0.00%,$0.00B,$0.00B,0.00%,$0.00B,$-0.02B,0.00%,$0,$0,$0,$0,$0,$1,$-1,$-0,$-1,$0,$-1,$-1,$-1,$-1,$-1,$0,0,$-1.69,$-1.69,$0,$0,$0,$1,$0,$0,$1,$0,$1,$1,$21,$0,$1,$1,$22,$0,$-227,$0,$-21,$1,$-1,$0,$0,$0,$-0,$-0,$0,$0,$0,$-0,$0,$0,$0,$0,$0,$0,$0,$0,$0,$0,$0,$0,$0,$0,$0,$0,$-0,$0,$0
7,2016-12-31,8.53,$-14.36,-0.59,$3.79,2.25,$-7.47,0.0,$-8.71,0.0,$0.00B,$0.00B,0.18,$0.00B,$-0.01B,-0.66,$0.00B,$0.00B,50.00%,$0.00B,$-0.00B,-50.00%,$0.00B,$-0.00B,-50.00%,$0.00B,$-0.00B,-50.00%,$0.00B,$-0.00B,-50.00%,$0.00B,$-0.00B,-150.00%,$-0.00B,$-0.01B,21.82%,$-0.00B,$-0.01B,20.34%,$-0.00B,$0.00B,-120.00%,$-0.00B,$-0.00B,7.84%,$1,$-0,$1,$0,$0,$-1,$1,$-0,$1,$0,$1,$1,$1,$1,$1,$0,0,$-1.86,$-1.86,$0,$0,$0,$1,$0,$0,$0,$0,$0,$1,$3,$4,$0,$4,$7,$0,$-11,$0,$-6,$1,$-2,$0,$0,$1,$-0,$-0,$0,$-0,$1,$-1,$0,$0,$0,$0,$0,$0,$0,$0,$0,$0,$1,$0,$0,$0,$-0,$1,$-0,$0,$0
8,2016-09-30,8.46,$-22.17,-0.38,$3.35,2.52,$-35.92,0.0,$-8.71,0.0,$0.00B,$0.02B,0.05,$0.00B,$-0.02B,0.0,$0.00B,0,0.00%,$0.00B,$-0.00B,-400.00%,$0.00B,$-0.00B,-400.00%,$0.00B,$-0.00B,-400.00%,$0.00B,$-0.01B,-500.00%,$0.00B,$-0.02B,-2400.00%,$-0.02B,$-0.02B,154.84%,$-0.02B,$-0.02B,143.28%,$-0.02B,$0.00B,-685.71%,$-0.00B,$-0.02B,25.81%,$0,$0,$0,$0,$0,$1,$-0,$-0,$-0,$0,$-0,$-0,$-0,$-0,$-0,$0,0,$-1.15,$-1.15,$0,$0,$1,$1,$0,$0,$1,$0,$1,$2,$18,$0,$2,$2,$20,$0,$-220,$0,$-18,$2,$-1,$0,$0,$1,$-0,$-0,$0,$-0,$0,$-1,$0,$0,$0,$0,$0,$0,$0,$0,$0,$0,$0,$0,$0,$0,$-0,$0,$-0,$0,$0
9,2016-06-30,16.5,$-21.17,-0.78,$3.23,5.1,$-55.64,0.0,$-22.82,0.0,$0.00B,$0.02B,0.1,$0.00B,$-0.02B,0.0,$0.00B,0,0.00%,$0.00B,$-0.01B,-600.00%,$0.00B,$-0.01B,-600.00%,$0.00B,$-0.01B,-600.00%,$0.00B,$-0.01B,-700.00%,$0.00B,$-0.03B,-3200.00%,$-0.03B,$-0.02B,345.95%,$-0.03B,$-0.02B,261.22%,$-0.03B,$0.00B,-355.56%,$-0.01B,$-0.02B,64.86%,$1,$0,$0,$0,$0,$1,$-0,$-0,$-0,$0,$-0,$-0,$-0,$-0,$-0,$0,0,$-1.03,$-1.03,$0,$0,$1,$2,$0,$0,$1,$0,$1,$3,$18,$0,$2,$2,$19,$0,$-218,$0,$-16,$3,$-1,$0,$0,$0,$-0,$-0,$0,$0,$-0,$-0,$0,$0,$0,$0,$0,$0,$0,$0,$0,$0,$0,$0,$0,$0,$-0,$0,$-0,$0,$0
10,2016-03-31,17.51,$-22.36,-0.78,$3.15,5.55,$-70.07,0.0,$-30.33,0.0,$0.00B,$0.02B,0.12,$0.00B,$-0.02B,0.0,$0.00B,0,nan%,$0.00B,$-0.01B,inf%,$0.00B,$-0.01B,inf%,$0.00B,$-0.01B,inf%,$0.00B,$-0.01B,inf%,$0.00B,$-0.04B,inf%,$-0.04B,$-0.02B,1400.00%,$-0.04B,$-0.02B,388.89%,$-0.04B,$0.00B,-218.75%,$-0.01B,$-0.02B,640.00%,$0,$1,$-0,$0,$2,$2,$-2,$0,$-2,$0,$-2,$-2,$-4,$-2,$-2,$1,1,$-5.41,$-5.41,$0,$0,$2,$2,$0,$0,$1,$0,$1,$4,$17,$0,$2,$2,$19,$0,$-217,$0,$-15,$4,$-3,$0,$0,$0,$0,$0,$1,$0,$1,$-2,$-0,$0,$0,$0,$0,$0,$-0,$-0,$-0,$-0,$-0,$0,$2,$0,$0,$2,$-0,$0,$0
11,2015-12-31,32.1,$-27.66,-1.16,$5.20,6.17,$-78.47,0.0,$-36.34,0.0,$0.00B,$0.02B,0.19,$0.00B,$-0.01B,0.0,$0.00B,0,0.00%,$0.00B,$-0.01B,-800.00%,$0.00B,$-0.01B,-800.00%,$0.00B,$-0.01B,-800.00%,$0.00B,$-0.01B,-1000.00%,$0.00B,$-0.03B,-3400.00%,$-0.03B,$-0.01B,-906.67%,$-0.03B,$-0.01B,566.67%,$-0.03B,$0.01B,-144.68%,$-0.01B,$-0.01B,-114.29%,$0,$1,$-0,$0,$2,$3,$-2,$-0,$-3,$0,$-3,$-3,$-20,$-2,$-2,$0,0,$-47.15,$-47.15,$0,$0,$3,$3,$0,$0,$1,$0,$2,$5,$17,$0,$1,$1,$18,$0,$-213,$0,$-13,$5,$-33,$0,$19,$20,$0,$-0,$-0,$-1,$1,$-12,$-0,$0,$0,$0,$0,$0,$2,$2,$-0,$0,$0,$9,$9,$0,$0,$9,$-1,$1,$0
12,2015-09-30,27.7,$14.50,1.91,$-59.25,0.0,$-103.23,0.0,$-59.46,0.0,$0.02B,$0.02B,1.0,$0.00B,$0.01B,0.08,$-0.02B,$-0.01B,53.33%,$-0.02B,$-0.01B,33.33%,$-0.02B,$-0.01B,33.33%,$-0.02B,$-0.01B,40.00%,$-0.02B,$-0.01B,40.00%,$-0.02B,$-0.02B,133.33%,$-0.02B,$0.01B,-228.57%,$-0.02B,$-0.00B,2000.00%,$-0.02B,$0.02B,-67.23%,$-0.01B,$0.01B,-36.36%,$0,$0,$-0,$0,$2,$3,$-2,$0,$-2,$0,$-2,$-2,$-8,$-2,$-2,$0,0,$-16.52,$-16.52,$3,$0,$4,$16,$0,$0,$8,$0,$8,$24,$16,$1,$1,$2,$18,$0,$-194,$0,$7,$24,$-14,$0,$4,$4,$0,$0,$-0,$-0,$-0,$-9,$-0,$0,$0,$0,$0,$0,$2,$2,$-1,$1,$0,$9,$9,$0,$0,$9,$1,$0,$0
13,2015-06-30,50.1,$26.61,1.88,$-43.37,0.0,$-128.30,0.0,$-44.44,0.0,$0.02B,$0.01B,1.16,$0.01B,$0.01B,0.45,$-0.01B,$-0.01B,54.55%,$-0.01B,$-0.01B,63.64%,$-0.01B,$-0.01B,63.64%,$-0.01B,$-0.01B,63.64%,$-0.01B,$-0.01B,72.73%,$-0.01B,$-0.01B,109.09%,$-0.01B,$0.01B,-126.32%,$-0.01B,$-0.00B,600.00%,$-0.01B,$0.03B,-38.10%,$-0.01B,$0.02B,-43.75%,$0,$0,$-0,$0,$2,$3,$-2,$-0,$-3,$-0,$-3,$-3,$-3,$-2,$-2,$0,0,$-9.01,$-9.01,$2,$3,$1,$15,$1,$0,$14,$0,$16,$31,$13,$5,$2,$7,$20,$0,$-187,$0,$11,$31,$-6,$0,$-0,$0,$0,$0,$0,$-0,$0,$-6,$-0,$0,$0,$0,$0,$0,$-0,$-0,$-0,$1,$1,$6,$6,$0,$0,$7,$1,$0,$0
14,2015-03-31,43.2,$25.44,1.7,$-16.85,0.0,$-143.04,0.0,$-52.55,0.0,$0.02B,$0.01B,1.65,$0.01B,$0.01B,0.79,$-0.00B,$-0.00B,100.00%,$-0.00B,$-0.01B,225.00%,$-0.00B,$-0.01B,225.00%,$-0.00B,$-0.01B,200.00%,$-0.00B,$-0.01B,225.00%,$-0.00B,$-0.01B,325.00%,$-0.01B,$0.01B,-140.54%,$-0.01B,$-0.01B,577.78%,$-0.01B,$0.03B,-41.27%,$-0.01B,$0.02B,-55.38%,$1,$0,$0,$0,$2,$3,$-2,$-0,$-2,$0,$-2,$-2,$-3,$-2,$-2,$0,0,$-10.81,$-10.81,$5,$3,$2,$18,$1,$0,$15,$0,$16,$34,$11,$8,$5,$13,$24,$0,$-187,$0,$10,$34,$-3,$0,$0,$0,$-0,$0,$1,$-1,$-1,$-4,$-0,$0,$0,$0,$0,$0,$0,$0,$-0,$1,$1,$6,$6,$0,$0,$7,$4,$0,$0
15,2014-12-31,60.3,$24.34,2.48,$6.28,9.6,$-147.75,0.0,$-59.76,0.0,$0.03B,$0.01B,2.38,$0.01B,$0.01B,1.13,$0.00B,$-0.00B,-200.00%,$0.00B,$-0.01B,-1100.00%,$0.00B,$-0.01B,-1100.00%,$0.00B,$-0.01B,-900.00%,$0.00B,$-0.01B,-1100.00%,$0.00B,$-0.01B,-1400.00%,$-0.01B,$0.01B,-136.59%,$-0.01B,$0.01B,933.33%,$-0.01B,$0.03B,-45.53%,$-0.01B,$0.01B,-67.69%,$-16,$-8,$-8,$0,$-9,$-17,$1,$0,$1,$0,$0,$0,$-6,$-0,$1,$0,0,$-23.72,$-23.72,$2,$0,$26,$29,$0,$0,$1,$0,$1,$30,$12,$7,$4,$11,$23,$0,$-184,$0,$7,$30,$-14,$1,$-4,$-3,$-0,$0,$2,$0,$3,$-14,$-0,$0,$0,$0,$0,$0,$4,$4,$1,$0,$1,$0,$9,$0,$0,$10,$-0,$1,$0
16,2014-09-30,113.1,$41.79,2.71,$95.43,1.19,$-129.83,0.0,$-38.14,0.0,$0.01B,$0.01B,1.4,$0.01B,$0.01B,0.55,$0.02B,$0.01B,34.78%,$0.02B,$-0.02B,-69.57%,$0.02B,$-0.02B,-69.57%,$0.02B,$-0.01B,-52.17%,$0.02B,$-0.02B,-69.57%,$0.02B,$-0.01B,-52.17%,$-0.01B,$0.01B,-106.67%,$-0.01B,$-0.01B,282.35%,$-0.01B,$0.03B,-39.02%,$-0.02B,$0.02B,-92.75%,$4,$2,$2,$1,$5,$8,$-4,$-0,$-4,$-1,$-3,$-3,$-0,$-3,$-4,$0,0,$-1.50,$-1.50,$1,$4,$2,$14,$2,$0,$15,$0,$17,$31,$10,$6,$5,$11,$21,$0,$-177,$0,$10,$31,$-8,$1,$1,$2,$-6,$0,$1,$-0,$-5,$-11,$-0,$0,$0,$0,$0,$0,$4,$3,$-6,$6,$0,$0,$7,$0,$0,$7,$-1,$1,$0
17,2014-06-30,112.2,$42.27,2.65,$105.98,1.06,$-111.51,0.0,$-58.27,0.0,$0.01B,$0.01B,1.37,$0.01B,$0.01B,0.6,$0.03B,$0.01B,30.77%,$0.03B,$-0.02B,-65.38%,$0.03B,$-0.02B,-65.38%,$0.03B,$-0.01B,-53.85%,$0.03B,$-0.02B,-69.23%,$0.03B,$-0.02B,-69.23%,$-0.02B,$0.01B,-144.00%,$-0.02B,$-0.01B,553.85%,$-0.02B,$0.03B,-57.60%,$-0.02B,$0.02B,-91.89%,$7,$4,$2,$1,$6,$11,$-4,$0,$-4,$-0,$-4,$-4,$-4,$-3,$-4,$0,0,$-17.12,$-17.12,$1,$4,$1,$13,$2,$0,$16,$0,$18,$31,$10,$6,$5,$11,$21,$0,$-177,$0,$10,$31,$-8,$1,$3,$4,$-3,$-0,$1,$0,$-3,$-7,$-0,$0,$0,$0,$0,$0,$-0,$-0,$-4,$4,$0,$0,$7,$0,$0,$7,$-0,$1,$0
18,2014-03-31,137.4,$58.36,2.35,$108.19,1.27,$-106.10,0.0,$-51.96,0.0,$0.01B,$0.01B,1.58,$0.00B,$0.01B,0.26,$0.03B,$0.01B,34.62%,$0.03B,$-0.02B,-61.54%,$0.03B,$-0.02B,-61.54%,$0.03B,$-0.01B,-50.00%,$0.03B,$-0.02B,-65.38%,$0.03B,$-0.02B,-65.38%,$-0.02B,$0.01B,-111.48%,$-0.02B,$-0.00B,1700.00%,$-0.02B,$0.03B,-51.13%,$-0.02B,$0.02B,-75.29%,$6,$4,$2,$1,$5,$10,$-4,$-0,$-4,$1,$-4,$-4,$-4,$-3,$-4,$0,0,$-18.02,$-18.02,$2,$4,$1,$13,$2,$0,$16,$0,$18,$31,$8,$4,$5,$8,$16,$0,$-173,$0,$14,$31,$-4,$0,$2,$2,$-2,$-0,$-0,$0,$-2,$-4,$-0,$0,$0,$0,$0,$0,$-0,$-0,$-4,$1,$-3,$0,$7,$0,$0,$4,$0,$0,$0
19,2013-12-31,165.6,$46.74,3.54,$114.30,1.45,$-104.80,0.0,$-48.37,0.0,$0.01B,$0.01B,1.37,$0.01B,$0.01B,0.55,$0.03B,$0.01B,37.04%,$0.03B,$-0.02B,-59.26%,$0.03B,$-0.02B,-59.26%,$0.03B,$-0.01B,-48.15%,$0.03B,$-0.02B,-62.96%,$0.03B,$-0.02B,-62.96%,$-0.02B,$0.01B,-95.77%,$-0.02B,$-0.01B,-1360.00%,$-0.02B,$0.03B,-47.55%,$-0.02B,$0.02B,-65.98%,$6,$4,$2,$1,$5,$10,$-4,$-0,$-4,$-0,$-4,$-4,$-4,$-3,$-4,$0,0,$-17.12,$-17.12,$2,$4,$1,$12,$2,$0,$16,$0,$18,$30,$9,$6,$4,$10,$19,$0,$-169,$0,$11,$30,$-16,$3,$6,$9,$-3,$1,$1,$-0,$-1,$-8,$-1,$0,$-1,$0,$0,$0,$-0,$-2,$0,$0,$0,$8,$8,$0,$-0,$7,$-3,$0,$0
20,2013-09-30,136.8,$62.89,2.18,$126.39,1.08,$-124.74,0.0,$-57.68,0.0,$0.01B,$0.01B,1.58,$0.01B,$0.02B,0.36,$0.03B,$0.01B,35.71%,$0.03B,$-0.02B,-53.57%,$0.03B,$-0.02B,-53.57%,$0.03B,$-0.01B,-46.43%,$0.03B,$-0.02B,-53.57%,$0.03B,$-0.02B,-53.57%,$-0.02B,$0.02B,-75.00%,$-0.02B,$-0.00B,-461.54%,$-0.02B,$0.03B,-39.47%,$-0.02B,$0.02B,-60.61%,$7,$4,$2,$1,$7,$12,$-5,$-0,$-6,$-0,$-6,$-6,$-6,$-5,$-5,$0,0,$-23.42,$-23.42,$4,$4,$1,$14,$2,$0,$16,$0,$19,$33,$9,$5,$3,$9,$18,$1,$-164,$0,$15,$33,$-12,$2,$5,$7,$-2,$1,$-0,$-0,$-1,$-6,$-1,$0,$-1,$0,$0,$0,$-0,$-2,$-6,$7,$0,$8,$8,$0,$-0,$7,$-0,$0,$0
21,2013-06-30,144.0,$85.86,1.68,$138.95,1.04,$-139.15,0.0,$-50.47,0.0,$0.02B,$0.01B,2.52,$0.01B,$0.02B,0.35,$0.03B,$0.01B,41.38%,$0.03B,$-0.01B,-41.38%,$0.03B,$-0.01B,-41.38%,$0.03B,$-0.01B,-34.48%,$0.03B,$-0.01B,-41.38%,$0.03B,$-0.01B,-41.38%,$-0.01B,$0.02B,-54.55%,$-0.01B,$0.00B,-266.67%,$-0.01B,$0.04B,-29.63%,$-0.01B,$0.03B,-47.52%,$7,$4,$3,$1,$5,$10,$-3,$0,$-3,$-0,$-3,$-3,$-3,$-2,$-3,$0,0,$-12.31,$-12.31,$6,$4,$1,$20,$2,$0,$17,$0,$19,$39,$8,$7,$3,$10,$18,$1,$-159,$0,$21,$39,$-6,$1,$2,$3,$-2,$1,$-0,$-0,$-2,$-6,$-0,$0,$-1,$0,$0,$0,$-0,$-1,$-6,$8,$2,$8,$8,$0,$-0,$9,$2,$0,$0
22,2013-03-31,144.0,$98.33,1.46,$154.88,0.93,$-142.44,0.0,$-43.26,0.0,$0.02B,$0.01B,2.27,$0.01B,$0.02B,0.25,$0.03B,$0.01B,45.16%,$0.03B,$-0.01B,-32.26%,$0.03B,$-0.01B,-32.26%,$0.03B,$-0.01B,-29.03%,$0.03B,$-0.01B,-32.26%,$0.03B,$-0.01B,-32.26%,$-0.01B,$0.02B,-43.48%,$-0.01B,$0.01B,-160.00%,$-0.01B,$0.04B,-23.81%,$-0.01B,$0.03B,-40.00%,$7,$4,$3,$1,$6,$11,$-4,$0,$-4,$0,$-4,$-4,$-4,$-3,$-4,$0,0,$-16.22,$-16.22,$8,$5,$1,$22,$2,$0,$17,$0,$20,$41,$9,$6,$2,$8,$17,$1,$-156,$0,$24,$41,$-4,$1,$1,$2,$-1,$0,$-1,$-0,$-2,$-3,$-0,$0,$-1,$0,$0,$0,$-0,$-1,$-6,$6,$0,$8,$8,$0,$-0,$8,$3,$0,$0
23,2012-12-31,219.6,$101.98,2.15,$164.69,1.33,$-144.77,0.0,$-46.87,0.0,$0.02B,$0.02B,1.23,$0.00B,$0.02B,0.0,$0.03B,$0.01B,45.16%,$0.03B,$-0.01B,-25.81%,$0.03B,$-0.01B,-25.81%,$0.03B,$-0.01B,-25.81%,$0.03B,$-0.01B,-29.03%,$0.03B,$-0.01B,-29.03%,$-0.01B,$0.02B,-38.30%,$-0.01B,$0.00B,-120.00%,$-0.01B,$0.04B,-20.69%,$-0.01B,$0.02B,-32.99%,$7,$6,$2,$1,$4,$11,$-3,$1,$-2,$0,$-2,$-2,$-2,$-3,$-3,$0,0,$-10.50,$-10.50,$4,$5,$1,$19,$2,$0,$18,$0,$20,$39,$15,$0,$3,$3,$19,$0,$-152,$0,$20,$39,$-8,$2,$1,$3,$-3,$-1,$-1,$-0,$-5,$-10,$-1,$0,$-4,$0,$0,$0,$-0,$-5,$-3,$0,$-3,$17,$17,$0,$0,$15,$-0,$1,$0
24,2012-09-30,342.0,$113.60,3.01,$189.47,1.81,$-87.41,0.0,$-36.05,0.0,$0.02B,$0.02B,1.36,$0.00B,$0.02B,0.02,$0.03B,$0.02B,51.52%,$0.03B,$-0.01B,-15.15%,$0.03B,$-0.01B,-15.15%,$0.03B,$-0.01B,-15.15%,$0.03B,$-0.01B,-21.21%,$0.03B,$-0.01B,-21.21%,$-0.01B,$0.02B,-32.94%,$-0.01B,$0.00B,-116.67%,$-0.01B,$0.04B,-16.57%,$-0.01B,$0.02B,-21.51%,$8,$4,$4,$1,$6,$10,$-2,$-0,$-3,$0,$-3,$-3,$-3,$-2,$-2,$0,0,$-14.42,$-14.42,$9,$4,$1,$22,$2,$0,$18,$0,$20,$43,$17,$0,$3,$4,$20,$1,$-149,$0,$23,$43,$-6,$2,$1,$3,$-2,$-1,$-1,$-0,$-5,$-8,$-1,$0,$-3,$-4,$0,$-4,$-0,$-8,$-2,$0,$-2,$17,$17,$0,$0,$16,$-0,$1,$0
25,2012-06-30,324.0,$127.42,2.54,$210.09,1.54,$-52.69,0.0,$-32.45,0.0,$0.03B,$0.02B,1.95,$0.00B,$0.03B,0.05,$0.03B,$0.02B,51.52%,$0.03B,$-0.00B,-9.09%,$0.03B,$-0.00B,-9.09%,$0.03B,$-0.00B,-9.09%,$0.03B,$-0.01B,-15.15%,$0.03B,$-0.01B,-18.18%,$-0.01B,$0.03B,-40.00%,$-0.01B,$0.01B,-600.00%,$-0.01B,$0.05B,-15.38%,$-0.00B,$0.03B,-15.79%,$9,$5,$5,$1,$5,$10,$-1,$1,$-1,$-0,$-1,$-1,$-1,$-1,$-1,$0,0,$-3.61,$-3.61,$15,$4,$1,$29,$2,$0,$14,$0,$16,$45,$15,$1,$3,$5,$19,$1,$-146,$0,$25,$45,$-3,$1,$1,$2,$-2,$-0,$-1,$-0,$-3,$-5,$-0,$0,$0,$-9,$0,$-9,$-0,$-9,$-1,$0,$-1,$17,$17,$0,$0,$16,$1,$0,$0
26,2012-03-31,432.0,$130.34,3.31,$220.37,1.96,$-25.68,0.0,$-75.71,0.0,$0.03B,$0.02B,1.99,$0.00B,$0.03B,0.05,$0.03B,$0.02B,53.13%,$0.03B,$-0.00B,-12.50%,$0.03B,$-0.00B,-12.50%,$0.03B,$-0.00B,-9.38%,$0.03B,$-0.01B,-31.25%,$0.03B,$-0.01B,-34.38%,$-0.01B,$0.03B,-125.71%,$-0.01B,$0.01B,200.00%,$-0.01B,$0.05B,-30.99%,$-0.00B,$0.03B,-28.07%,$7,$4,$3,$1,$5,$10,$-2,$-0,$-3,$0,$-3,$-3,$-3,$-2,$-2,$0,0,$-18.03,$-18.03,$19,$4,$1,$31,$2,$0,$14,$0,$16,$47,$16,$1,$4,$6,$21,$1,$-146,$0,$26,$47,$-3,$1,$1,$1,$0,$-0,$-1,$-0,$-1,$-3,$-0,$0,$0,$0,$0,$0,$-0,$-0,$-0,$0,$-0,$17,$17,$0,$0,$17,$14,$0,$0
27,2011-12-31,464.4,$80.26,5.79,$233.65,1.99,$-8.92,0.0,$-79.31,0.0,$0.02B,$0.02B,1.05,$0.01B,$0.01B,0.45,$0.03B,$0.02B,56.25%,$0.03B,$-0.00B,-9.38%,$0.03B,$-0.00B,-9.38%,$0.03B,$-0.00B,-3.13%,$0.03B,$-0.01B,-31.25%,$0.03B,$-0.01B,-34.38%,$-0.01B,$0.01B,-293.33%,$-0.01B,$-0.00B,102.33%,$-0.01B,$0.03B,-34.92%,$-0.00B,$0.02B,-27.27%,$9,$3,$5,$1,$5,$9,$-0,$1,$0,$0,$0,$0,$0,$0,$-0,$0,0,$0.63,$0.63,$5,$4,$1,$17,$2,$0,$14,$0,$16,$34,$16,$5,$1,$6,$23,$1,$-143,$0,$11,$34,$-10,$2,$9,$11,$-2,$-1,$1,$1,$-1,$0,$-0,$0,$0,$0,$0,$0,$-0,$-1,$2,$0,$2,$0,$0,$0,$0,$2,$1,$1,$0
28,2011-09-30,464.4,$-10.99,-42.27,$208.37,2.23,$-22.83,0.0,$-86.52,0.0,$0.01B,$0.01B,1.35,$0.01B,$-0.00B,-4.92,$0.03B,$0.02B,53.57%,$0.03B,$-0.00B,-14.29%,$0.03B,$-0.00B,-14.29%,$0.03B,$-0.00B,-7.14%,$0.03B,$-0.01B,-39.29%,$0.03B,$-0.01B,-42.86%,$-0.01B,$-0.00B,-369.23%,$-0.01B,$-0.02B,102.13%,$-0.01B,$0.03B,-38.71%,$-0.00B,$0.01B,-35.56%,$8,$4,$4,$1,$4,$9,$-0,$-1,$-1,$-0,$-1,$-1,$-2,$0,$-0,$0,0,$-10.82,$-10.82,$1,$3,$1,$14,$2,$0,$15,$0,$16,$30,$10,$7,$1,$21,$31,$0,$-144,$2,$-2,$30,$-10,$2,$9,$11,$-1,$-0,$0,$-0,$-1,$-1,$-0,$0,$0,$0,$0,$0,$-0,$-0,$-1,$0,$-1,$0,$0,$0,$0,$-1,$-2,$1,$0
29,2011-06-30,630.0,$0.81,776.15,$180.37,3.49,$-22.68,0.0,$-82.92,0.0,$0.01B,$0.01B,1.41,$0.01B,$0.00B,66.72,$0.02B,$0.01B,54.17%,$0.02B,$-0.01B,-20.83%,$0.02B,$-0.01B,-20.83%,$0.02B,$-0.00B,-12.50%,$0.02B,$-0.01B,-45.83%,$0.02B,$-0.01B,-45.83%,$-0.01B,$0.00B,-183.33%,$-0.01B,$-0.02B,200.00%,$-0.01B,$0.03B,-40.74%,$-0.01B,$0.01B,-41.67%,$8,$3,$5,$1,$6,$9,$-2,$-4,$-6,$-0,$-6,$-6,$-6,$-1,$-2,$0,0,$-46.87,$-46.87,$3,$3,$1,$14,$2,$0,$15,$0,$17,$31,$10,$7,$1,$21,$31,$0,$-143,$2,$0,$31,$-9,$1,$8,$9,$-1,$0,$-0,$0,$-0,$0,$-0,$0,$0,$0,$0,$0,$-0,$-0,$-1,$0,$-1,$0,$0,$0,$0,$-1,$-1,$1,$0
30,2011-03-31,316.8,$40.85,7.76,$161.65,1.96,$-22.72,0.0,$-43.26,0.0,$0.02B,$0.01B,1.76,$0.01B,$0.01B,1.55,$0.02B,$0.01B,47.62%,$0.02B,$-0.00B,-19.05%,$0.02B,$-0.00B,-19.05%,$0.02B,$-0.00B,-14.29%,$0.02B,$-0.01B,-28.57%,$0.02B,$-0.01B,-28.57%,$-0.01B,$0.01B,-70.59%,$-0.01B,$-0.01B,-800.00%,$-0.01B,$0.03B,-26.37%,$-0.00B,$0.01B,-32.00%,$7,$3,$4,$1,$4,$8,$-1,$-2,$-3,$-0,$-3,$-3,$-3,$-0,$-1,$0,0,$-21.63,$-21.63,$3,$3,$1,$15,$2,$0,$15,$0,$17,$31,$8,$9,$2,$17,$26,$0,$-136,$2,$6,$31,$-3,$0,$2,$3,$-0,$0,$-1,$0,$-0,$0,$-0,$0,$0,$0,$0,$0,$-0,$-0,$-0,$0,$-0,$0,$0,$0,$0,$-0,$-0,$0,$0
31,2010-12-31,237.6,$62.17,3.82,$146.83,1.62,$-19.94,0.0,$-25.24,0.0,$0.02B,$0.01B,1.82,$0.01B,$0.01B,1.02,$0.02B,$0.01B,47.37%,$0.02B,$-0.00B,-15.79%,$0.02B,$-0.00B,-15.79%,$0.02B,$-0.00B,-15.79%,$0.02B,$-0.00B,-15.79%,$0.02B,$-0.00B,-15.79%,$-0.00B,$0.01B,-30.77%,$-0.00B,$-0.01B,-52.17%,$-0.00B,$0.03B,-15.79%,$-0.00B,$0.02B,-25.53%,$5,$3,$2,$0,$3,$6,$-1,$1,$-1,$0,$-1,$-1,$-1,$-1,$-1,$0,0,$-3.61,$-3.61,$3,$3,$1,$15,$2,$0,$15,$0,$17,$32,$8,$9,$1,$15,$24,$0,$-133,$2,$9,$32,$-3,$1,$0,$1,$0,$-0,$0,$0,$1,$-2,$-0,$0,$-6,$0,$0,$0,$-0,$-6,$-0,$0,$-0,$0,$6,$0,$0,$6,$-2,$-0,$0
32,2010-09-30,144.0,$68.07,2.12,$157.31,0.92,$0.76,190.55,$-18.03,0.0,$0.01B,$0.00B,2.91,$0.00B,$0.01B,0.0,$0.02B,$0.01B,47.62%,$0.02B,$-0.00B,-9.52%,$0.02B,$-0.00B,-9.52%,$0.02B,$-0.00B,-4.76%,$0.02B,$-0.00B,-9.52%,$0.02B,$-0.00B,-9.52%,$-0.00B,$0.01B,-19.05%,$-0.00B,$0.01B,-19.51%,$-0.00B,$0.01B,-13.33%,$-0.00B,$0.01B,-19.05%,$4,$2,$2,$1,$2,$5,$-1,$0,$-1,$0,$-1,$-1,$-1,$-1,$-1,$0,0,$-7.21,$-7.21,$5,$4,$1,$12,$1,$0,$0,$0,$2,$14,$4,$0,$0,$0,$5,$0,$-133,$2,$9,$14,$-2,$1,$0,$1,$1,$-0,$-0,$0,$1,$-1,$-0,$0,$0,$0,$0,$0,$-0,$-0,$-0,$0,$-0,$0,$0,$0,$0,$-0,$-1,$-0,$0
33,2010-06-30,176.4,$72.96,2.42,$161.98,1.09,$7.59,23.23,$-14.42,0.0,$0.01B,$0.00B,3.06,$0.00B,$0.01B,0.0,$0.02B,$0.01B,50.00%,$0.02B,$-0.00B,-4.55%,$0.02B,$-0.00B,-4.55%,$0.02B,0,0.00%,$0.02B,$-0.00B,-4.55%,$0.02B,$-0.00B,-4.55%,$-0.00B,$0.01B,-9.09%,$-0.00B,$0.01B,-9.30%,$-0.00B,$0.01B,-6.56%,$-0.00B,$0.01B,-9.09%,$5,$3,$2,$1,$3,$6,$-1,$0,$-1,$0,$-1,$-1,$-1,$-1,$-1,$0,0,$-7.21,$-7.21,$5,$3,$1,$13,$1,$0,$0,$0,$1,$14,$4,$0,$0,$0,$4,$0,$-132,$1,$10,$14,$-1,$0,$0,$0,$1,$0,$-0,$0,$1,$-0,$-0,$0,$0,$0,$0,$0,$-0,$-0,$0,$0,$0,$0,$0,$0,$0,$0,$-0,$-0,$0
34,2010-03-31,309.6,$81.72,3.79,$164.78,1.88,$8.39,36.89,$-10.82,0.0,$0.02B,$0.01B,3.02,$0.00B,$0.01B,0.0,$0.02B,$0.01B,54.55%,$0.02B,$-0.00B,-4.55%,$0.02B,$-0.00B,-4.55%,$0.02B,0,0.00%,$0.02B,$-0.00B,-4.55%,$0.02B,$-0.00B,-4.55%,$-0.00B,$0.01B,-8.70%,$-0.00B,$0.01B,-8.89%,$-0.00B,$0.02B,-6.35%,$-0.00B,$0.01B,-8.70%,$5,$3,$3,$1,$2,$6,$-0,$0,$-0,$-0,$-0,$-0,$-0,$-0,$-0,$0,0,$-3.61,$-3.61,$6,$3,$1,$15,$1,$0,$0,$1,$1,$16,$5,$0,$0,$0,$5,$0,$-131,$1,$11,$16,$-0,$0,$-0,$0,$-0,$-0,$0,$-0,$1,$0,$-0,$0,$0,$0,$0,$0,$0,$-0,$0,$0,$0,$0,$0,$0,$0,$0,$0,$0,$0
35,2009-12-31,248.4,$85.30,2.91,$161.46,1.54,$6.52,38.08,$-14.42,0.0,$0.01B,$0.00B,3.52,$0.00B,$0.01B,0.0,$0.02B,$0.01B,54.55%,$0.02B,$-0.00B,-9.09%,$0.02B,$-0.00B,-9.09%,$0.02B,$-0.00B,-4.55%,$0.02B,$-0.00B,-9.09%,$0.02B,$-0.00B,-9.09%,$-0.00B,$0.01B,-17.02%,$-0.00B,$0.01B,-17.39%,$-0.00B,$0.02B,-12.50%,$-0.00B,$0.01B,-17.02%,$7,$3,$3,$1,$2,$6,$0,$0,$0,$0,$0,$0,$0,$1,$0,$0,0,$0.00,$0.00,$6,$4,$1,$14,$1,$0,$0,$0,$2,$16,$4,$0,$0,$0,$4,$0,$-130,$2,$12,$16,$-2,$1,$1,$2,$1,$1,$0,$0,$2,$1,$-0,$0,$0,$0,$0,$0,$-0,$-0,$0,$0,$0,$0,$0,$0,$0,$0,$1,$0,$0
36,2009-09-30,252.0,$84.21,2.99,$158.61,1.59,$-5.60,0.0,$-14.42,0.0,$0.01B,$0.00B,3.71,$0.00B,$0.01B,0.0,$0.02B,$0.01B,57.14%,$0.02B,$-0.00B,-9.52%,$0.02B,$-0.00B,-9.52%,$0.02B,$-0.00B,-9.52%,$0.02B,$-0.00B,-9.52%,$0.02B,$-0.00B,-9.52%,$-0.00B,$0.01B,-16.67%,$-0.00B,$0.01B,-16.67%,$-0.00B,$0.02B,-12.12%,$-0.00B,$0.01B,-16.67%,$5,$2,$3,$1,$2,$5,$-0,$0,$-0,$-0,$-0,$-0,$-0,$-0,$-0,$0,0,$-3.61,$-3.61,$5,$4,$1,$14,$1,$0,$0,$1,$2,$15,$4,$0,$0,$0,$4,$0,$-130,$2,$11,$15,$-2,$1,$0,$1,$1,$1,$-0,$0,$2,$0,$-0,$0,$0,$0,$0,$0,$-0,$-0,$0,$0,$0,$0,$0,$0,$0,$0,$-0,$0,$0
37,2009-06-30,144.0,$87.22,1.65,$160.96,0.89,$-9.97,0.0,$-14.42,0.0,$0.01B,$0.00B,3.52,$0.00B,$0.01B,0.0,$0.02B,$0.01B,57.14%,$0.02B,$-0.00B,-14.29%,$0.02B,$-0.00B,-14.29%,$0.02B,$-0.00B,-9.52%,$0.02B,$-0.00B,-9.52%,$0.02B,$-0.00B,-9.52%,$-0.00B,$0.01B,-15.69%,$-0.00B,$0.01B,-16.00%,$-0.00B,$0.02B,-11.59%,$-0.00B,$0.01B,-23.53%,$5,$3,$3,$1,$3,$6,$-1,$-0,$-1,$-0,$-1,$-1,$-1,$-1,$-1,$0,0,$-3.61,$-3.61,$5,$5,$1,$14,$1,$0,$0,$1,$2,$16,$4,$0,$0,$0,$4,$0,$-130,$2,$12,$16,$-2,$0,$0,$1,$1,$0,$-0,$0,$1,$0,$-0,$0,$0,$0,$0,$0,$-0,$-0,$0,$0,$0,$0,$0,$0,$0,$0,$0,$0,$0
38,2009-03-31,122.4,$89.84,1.36,$166.49,0.74,$-9.05,0.0,$-10.82,0.0,$0.02B,$0.00B,3.34,$0.00B,$0.01B,0.0,$0.02B,$0.01B,59.09%,$0.02B,$-0.00B,-9.09%,$0.02B,$-0.00B,-9.09%,$0.02B,$-0.00B,-4.55%,$0.02B,$-0.00B,-4.55%,$0.02B,$-0.00B,-4.55%,$-0.00B,$0.01B,-7.55%,$-0.00B,$0.01B,-7.69%,$-0.00B,$0.02B,-5.56%,$-0.00B,$0.01B,-15.09%,$5,$2,$3,$1,$3,$6,$-1,$0,$-1,$-0,$-1,$-1,$-1,$-1,$-1,$0,0,$-7.21,$-7.21,$5,$5,$1,$15,$1,$0,$0,$1,$2,$17,$4,$0,$0,$0,$5,$0,$-129,$1,$12,$17,$-1,$0,$0,$0,$1,$-0,$0,$-0,$1,$0,$-0,$0,$0,$0,$0,$0,$-0,$-0,$0,$0,$0,$0,$0,$0,$0,$0,$0,$0,$0
39,2008-12-31,158.4,$96.78,1.64,$175.73,0.9,$-8.38,0.0,$-3.61,0.0,$0.02B,$0.00B,3.68,$0.00B,$0.01B,0.0,$0.02B,$0.01B,60.87%,$0.02B,$-0.00B,-4.35%,$0.02B,$-0.00B,-4.35%,$0.02B,0,0.00%,$0.02B,0,0.00%,$0.02B,0,0.00%,$0.00B,$0.01B,0.00%,$0.00B,$0.01B,0.00%,$0.00B,$0.02B,0.00%,$-0.00B,$0.01B,-7.27%,$6,$3,$3,$1,$2,$6,$-0,$-0,$-0,$0,$-0,$-0,$-0,$0,$-0,$0,0,$0.00,$0.00,$5,$5,$1,$16,$1,$0,$0,$1,$2,$18,$4,$0,$0,$0,$4,$0,$-128,$1,$13,$18,$-0,$1,$1,$2,$-1,$-1,$-0,$0,$-2,$-0,$-0,$0,$0,$0,$0,$0,$-0,$-0,$0,$0,$0,$0,$0,$0,$0,$0,$-1,$0,$0
40,2008-09-30,216.0,$100.51,2.15,$178.70,1.21,$-0.95,0.0,$-3.61,0.0,$0.02B,$0.00B,3.76,$0.00B,$0.01B,0.0,$0.02B,$0.02B,62.50%,$0.02B,$-0.00B,-4.17%,$0.02B,$-0.00B,-4.17%,$0.02B,0,0.00%,$0.02B,0,0.00%,$0.02B,0,0.00%,$0.00B,$0.01B,0.00%,$0.00B,$0.01B,0.00%,$0.00B,$0.02B,0.00%,$-0.00B,$0.01B,-7.14%,$5,$2,$3,$1,$3,$6,$-1,$0,$-0,$0,$-0,$-0,$-0,$-0,$-1,$0,0,$-3.61,$-3.61,$5,$5,$1,$15,$1,$0,$1,$1,$3,$18,$4,$0,$0,$0,$4,$0,$-128,$2,$14,$18,$-0,$0,$0,$1,$0,$-0,$-0,$0,$-1,$-0,$-0,$0,$0,$0,$0,$0,$-0,$-0,$0,$0,$0,$0,$0,$0,$0,$0,$-1,$0,$0
41,2008-06-30,288.0,$105.27,2.74,$177.12,1.63,$9.66,29.82,$-10.82,0.0,$0.02B,$0.01B,3.57,$0.00B,$0.01B,0.0,$0.02B,$0.02B,62.50%,$0.02B,$-0.00B,-4.17%,$0.02B,$-0.00B,-4.17%,$0.02B,$-0.00B,-4.17%,$0.02B,$-0.00B,-4.17%,$0.02B,$-0.00B,-4.17%,$-0.00B,$0.01B,-7.14%,$-0.00B,$0.01B,-7.41%,$-0.00B,$0.02B,-5.06%,$-0.00B,$0.01B,-7.14%,$6,$3,$4,$1,$3,$6,$0,$0,$0,$0,$0,$0,$0,$0,$0,$0,0,$0.00,$0.00,$6,$5,$1,$16,$1,$0,$1,$1,$3,$19,$5,$0,$0,$0,$5,$0,$-128,$2,$14,$19,$0,$0,$0,$0,$-0,$-0,$-0,$0,$-1,$0,$-0,$0,$0,$0,$0,$0,$-0,$-0,$0,$0,$0,$0,$0,$0,$0,$0,$-0,$0,$0
42,2008-03-31,176.4,$104.11,1.69,$177.44,0.99,$24.51,7.2,$-10.82,0.0,$0.02B,$0.01B,3.13,$0.00B,$0.01B,0.0,$0.02B,$0.01B,58.33%,$0.02B,$-0.00B,-8.33%,$0.02B,$-0.00B,-8.33%,$0.02B,$-0.00B,-4.17%,$0.02B,$-0.00B,-4.17%,$0.02B,$-0.00B,-4.17%,$-0.00B,$0.01B,-7.02%,$-0.00B,$0.01B,-7.27%,$-0.00B,$0.02B,-4.94%,$-0.00B,$0.01B,-14.04%,$6,$3,$4,$1,$3,$6,$0,$0,$0,$0,$0,$0,$0,$0,$0,$0,0,$0.00,$0.00,$6,$4,$1,$17,$1,$0,$1,$1,$3,$20,$5,$0,$0,$0,$6,$0,$-128,$2,$14,$20,$0,$0,$0,$0,$-1,$0,$-0,$0,$-0,$0,$-0,$0,$0,$0,$0,$0,$-0,$-0,$0,$0,$0,$0,$0,$0,$0,$0,$0,$0,$0
43,2007-12-31,194.4,$103.35,1.88,$169.91,1.14,$38.46,5.05,$-18.03,0.0,$0.02B,$0.01B,3.34,$0.00B,$0.01B,0.0,$0.02B,$0.01B,56.52%,$0.02B,$-0.00B,-13.04%,$0.02B,$-0.00B,-13.04%,$0.02B,$-0.00B,-8.70%,$0.02B,$-0.00B,-8.70%,$0.02B,$-0.00B,-8.70%,$-0.00B,$0.01B,-13.79%,$-0.00B,$0.01B,-14.55%,$-0.00B,$0.02B,-9.88%,$-0.00B,$0.01B,-20.69%,$7,$3,$4,$1,$3,$6,$0,$0,$0,$0,$0,$0,$0,$0,$0,$0,0,$3.61,$3.61,$6,$5,$1,$16,$2,$0,$1,$1,$3,$19,$5,$0,$0,$0,$5,$0,$-128,$2,$14,$19,$-2,$1,$-1,$0,$1,$-1,$-1,$-0,$-1,$-3,$3,$0,$0,$0,$0,$0,$-0,$3,$0,$0,$0,$0,$0,$0,$0,$0,$-0,$0,$0
44,2007-09-30,259.2,$102.35,2.53,$164.63,1.57,$26.60,9.75,$-25.24,0.0,$0.02B,$0.01B,2.74,$0.00B,$0.01B,0.0,$0.02B,$0.01B,54.55%,$0.02B,$-0.00B,-18.18%,$0.02B,$-0.00B,-18.18%,$0.02B,$-0.00B,-9.09%,$0.02B,$-0.00B,-13.64%,$0.02B,$-0.00B,-13.64%,$-0.00B,$0.01B,-20.00%,$-0.00B,$0.01B,-21.05%,$-0.00B,$0.02B,-14.46%,$-0.00B,$0.01B,-26.67%,$5,$3,$3,$1,$3,$7,$-1,$0,$-1,$0,$-1,$-1,$-1,$-1,$-1,$0,0,$-10.82,$-10.82,$7,$4,$1,$18,$2,$0,$1,$1,$3,$21,$6,$0,$0,$0,$7,$0,$-128,$2,$14,$21,$-2,$1,$-1,$0,$1,$-2,$0,$-0,$-0,$-3,$3,$0,$0,$0,$0,$0,$-0,$3,$0,$0,$0,$0,$0,$0,$0,$0,$1,$0,$0
45,2007-06-30,248.4,$110.96,2.24,$162.93,1.52,$23.57,10.54,$-25.24,0.0,$0.02B,$0.01B,3.3,$0.00B,$0.02B,0.0,$0.02B,$0.01B,50.00%,$0.02B,$-0.01B,-22.73%,$0.02B,$-0.01B,-22.73%,$0.02B,$-0.00B,-9.09%,$0.02B,$-0.00B,-18.18%,$0.02B,$-0.00B,-18.18%,$-0.00B,$0.02B,-25.40%,$-0.00B,$0.02B,-26.67%,$-0.00B,$0.02B,-19.05%,$-0.01B,$0.02B,-31.75%,$6,$3,$3,$0,$3,$7,$-1,$1,$0,$0,$0,$0,$0,$-0,$-1,$0,0,$0.00,$0.00,$8,$3,$1,$18,$1,$0,$1,$1,$3,$21,$6,$0,$0,$0,$6,$0,$-127,$2,$15,$21,$-1,$1,$-1,$-0,$0,$-1,$-0,$-0,$-0,$-2,$4,$0,$0,$0,$0,$0,$-0,$4,$0,$0,$0,$0,$0,$0,$0,$0,$2,$0,$0
46,2007-03-31,259.2,$107.81,2.4,$162.32,1.6,$11.84,21.89,$-28.84,0.0,$0.02B,$0.01B,3.27,$0.00B,$0.02B,0.0,$0.02B,$0.01B,50.00%,$0.02B,$-0.00B,-18.18%,$0.02B,$-0.00B,-18.18%,$0.02B,$-0.00B,-9.09%,$0.02B,$-0.00B,-18.18%,$0.02B,$-0.00B,-18.18%,$-0.00B,$0.02B,-24.24%,$-0.00B,$0.01B,-25.81%,$-0.00B,$0.02B,-18.39%,$-0.00B,$0.02B,-24.24%,$5,$3,$3,$1,$3,$7,$-1,$0,$-1,$0,$-1,$-1,$-1,$-1,$-1,$0,0,$-7.21,$-7.21,$8,$3,$1,$17,$1,$0,$1,$1,$3,$20,$5,$0,$0,$0,$5,$0,$-127,$2,$15,$20,$-1,$0,$-0,$0,$1,$-0,$-0,$-0,$0,$-1,$3,$0,$0,$0,$0,$0,$-0,$3,$0,$0,$0,$0,$0,$0,$0,$0,$2,$0,$0
47,2006-12-31,162.0,$117.54,1.38,$171.66,0.94,$-4.43,0.0,$-25.24,0.0,$0.02B,$0.01B,2.93,$0.00B,$0.02B,0.0,$0.02B,$0.01B,47.83%,$0.02B,$-0.00B,-13.04%,$0.02B,$-0.00B,-13.04%,$0.02B,$-0.00B,-4.35%,$0.02B,$-0.00B,-13.04%,$0.02B,$-0.00B,-13.04%,$-0.00B,$0.02B,-17.39%,$-0.00B,$0.02B,-18.46%,$-0.00B,$0.02B,-13.04%,$-0.00B,$0.02B,-17.39%,$6,$3,$3,$1,$3,$7,$-1,$0,$-1,$0,$-1,$-1,$-1,$-0,$-1,$0,0,$-7.21,$-7.21,$6,$3,$1,$16,$1,$0,$1,$1,$6,$21,$5,$0,$0,$0,$5,$0,$-126,$2,$16,$21,$-3,$2,$1,$3,$2,$0,$-1,$0,$-0,$-1,$-0,$0,$0,$0,$0,$0,$-0,$-0,$0,$0,$0,$0,$0,$0,$0,$0,$-1,$0,$0
