,Date,Stock Price,Book Value per Share,Price to Book Ratio,TTM Sales per Share,Price to Sales Ratio,TTM FCF per Share,Price to FCF Ratio,TTM Net EPS,PE Ratio,Current Assets,Current Liabilities,Current Ratio,Long Term Debt,Shareholder's Equity_x,Debt to Equity Ratio,TTM Revenue_x,TTM Gross Profit,Gross Margin,TTM Revenue_y,TTM Operating Income,Operating Margin,TTM Revenue_x,TTM EBIT,EBIT Margin,TTM Revenue_y,TTM EBITDA,EBITDA Margin,TTM Revenue_x,TTM Pre-Tax Income,Pre-Tax Margin,TTM Revenue_y,TTM Net Income_x,Net Margin,TTM Net Income_y,Shareholder's Equity_y,Return on Equity,TTM Net Income_x,Tangible Equity,Return on Tangible Equity,TTM Net Income_y,Total Assets,Return on Assets,TTM Net Income,LT Investments & Debt,Return on Investment,revenue,cost-goods-sold,gross-profit,research-development-expenses,selling-general-administrative-expenses,operating-expenses,operating-income,total-non-operating-income-expense,pre-tax-income,total-provision-income-taxes,income-after-taxes,income-from-continuous-operations,net-income,ebitda,ebit,basic-shares-outstanding,shares-outstanding,eps-basic-net-earnings-per-share,eps-earnings-per-share-diluted,cash-on-hand,inventory,other-current-assets,total-current-assets,net-property-plant-equipment,long-term-investments,goodwill-intangible-assets-total,other-long-term-assets,total-long-term-assets,total-assets,total-current-liabilities,long-term-debt,other-non-current-liabilities,total-long-term-liabilities,total-liabilities,common-stock-net,retained-earnings-accumulated-deficit,comprehensive-income,total-share-holder-equity,total-liabilities-share-holders-equity,net-income-loss,total-depreciation-amortization-cash-flow,other-non-cash-items,total-non-cash-items,change-in-accounts-receivable,change-in-inventories,change-in-accounts-payable,change-in-assets-liabilities,total-change-in-assets-liabilities,cash-flow-from-operating-activities,net-change-in-property-plant-equipment,net-change-in-intangible-assets,net-acquisitions-divestitures,net-change-in-short-term-investments,net-change-in-long-term-investments,net-change-in-investments-total,investing-activities-other,cash-flow-from-investing-activities,net-long-term-debt,net-current-debt,debt-issuance-retirement-net-total,net-common-equity-issued-repurchased,net-total-equity-issued-repurchased,total-common-preferred-stock-dividends-paid,financial-activities-other,cash-flow-from-financial-activities,net-cash-flow,stock-based-compensation,common-stock-dividends-paid
0,2018-09-30,67.28,$29.45,2.28,$124.77,0.54,$3.56,18.87,$2.16,31.15,$0.26B,$0.26B,0.99,$0.00B,$0.30B,0.0,$1.65B,$0.13B,8.14%,$1.65B,$0.03B,1.52%,$1.65B,$0.03B,1.52%,$1.65B,$0.05B,3.22%,$1.65B,$0.04B,2.67%,$1.65B,$0.03B,1.82%,$0.03B,$0.38B,7.70%,$0.03B,$0.16B,14.05%,$0.03B,$0.70B,4.27%,$0.03B,$0.38B,6.41%,$421,$392,$30,$0,$16,$414,$7,$4,$11,$4,$7,$7,$5,$14,$7,$13,13,$0.41,$0.41,$49,$0,$0,$261,$47,$164,$213,$12,$443,$704,$264,$0,$18,$63,$327,$0,$209,$-28,$377,$704,$2,$21,$14,$35,$-32,$0,$0,$13,$-14,$22,$-13,$0,$-48,$0,$0,$0,$3,$-58,$-3,$36,$33,$-44,$-44,$-3,$-0,$-14,$-49,$6,$0
1,2018-06-30,78.55,$28.84,2.72,$122.17,0.64,$4.43,17.72,$2.63,29.87,$0.29B,$0.26B,1.13,$0.00B,$0.29B,0.0,$1.64B,$0.14B,8.26%,$1.64B,$0.02B,1.47%,$1.64B,$0.02B,1.47%,$1.64B,$0.05B,3.18%,$1.64B,$0.05B,3.12%,$1.64B,$0.04B,2.26%,$0.04B,$0.37B,9.46%,$0.04B,$0.21B,16.37%,$0.04B,$0.68B,5.26%,$0.02B,$0.37B,6.13%,$412,$385,$27,$0,$19,$421,$-9,$-0,$-10,$2,$-11,$-11,$-12,$-2,$-9,$13,13,$-0.95,$-0.95,$32,$0,$15,$289,$47,$166,$160,$14,$391,$680,$256,$1,$16,$55,$311,$0,$203,$-28,$369,$680,$-6,$14,$14,$28,$-34,$0,$0,$-1,$-30,$-8,$-9,$0,$0,$0,$0,$0,$3,$-6,$-2,$0,$-2,$-44,$-44,$-2,$-0,$-48,$-62,$4,$0
2,2018-03-31,69.14,$30.67,2.25,$120.49,0.57,$5.61,12.33,$3.76,18.39,$0.32B,$0.26B,1.23,$0.00B,$0.32B,0.0,$1.63B,$0.14B,8.52%,$1.63B,$0.04B,2.39%,$1.63B,$0.04B,2.39%,$1.63B,$0.07B,4.11%,$1.63B,$0.07B,4.17%,$1.63B,$0.05B,3.13%,$0.05B,$0.40B,13.09%,$0.05B,$0.23B,22.90%,$0.05B,$0.72B,7.24%,$0.04B,$0.40B,10.01%,$406,$371,$35,$0,$18,$396,$10,$-2,$8,$2,$6,$6,$4,$17,$10,$13,13,$0.29,$0.29,$88,$0,$0,$318,$50,$166,$166,$15,$402,$720,$260,$1,$20,$62,$322,$0,$215,$-24,$399,$720,$6,$7,$2,$9,$-12,$0,$0,$4,$11,$26,$-5,$0,$0,$0,$0,$0,$0,$-5,$-1,$0,$-1,$-28,$-28,$-1,$0,$-30,$-10,$1,$0
3,2017-12-31,59.34,$30.99,1.92,$118.74,0.5,$6.26,9.48,$3.07,19.33,$0.30B,$0.23B,1.31,$0.00B,$0.34B,0.0,$1.62B,$0.13B,8.25%,$1.62B,$0.04B,2.22%,$1.62B,$0.04B,2.22%,$1.62B,$0.06B,3.88%,$1.62B,$0.06B,3.94%,$1.62B,$0.04B,2.59%,$0.04B,$0.41B,11.10%,$0.04B,$0.25B,19.86%,$0.04B,$0.70B,6.01%,$0.04B,$0.41B,9.50%,$407,$365,$42,$0,$19,$390,$17,$18,$35,$-4,$39,$39,$33,$24,$17,$14,14,$2.42,$2.40,$96,$0,$0,$296,$50,$170,$166,$17,$408,$704,$227,$1,$21,$64,$291,$0,$205,$-26,$414,$704,$54,$27,$-38,$-11,$6,$0,$0,$4,$12,$55,$-20,$0,$0,$0,$13,$13,$8,$1,$0,$0,$0,$-27,$-27,$-4,$-2,$-34,$23,$8,$0
4,2017-09-30,54.08,$28.27,1.91,$115.29,0.47,$3.80,14.25,$5.58,9.69,$0.31B,$0.25B,1.26,$0.00B,$0.30B,0.0,$1.60B,$0.12B,7.55%,$1.60B,$0.00B,0.19%,$1.60B,$0.00B,0.19%,$1.60B,$0.03B,1.87%,$1.60B,$0.01B,0.50%,$1.60B,$0.08B,4.99%,$0.08B,$0.38B,21.69%,$0.08B,$0.21B,39.80%,$0.08B,$0.71B,11.53%,$0.00B,$0.38B,0.81%,$410,$378,$31,$0,$19,$403,$6,$12,$18,$3,$15,$15,$12,$13,$6,$14,14,$0.88,$0.88,$93,$0,$0,$313,$48,$157,$167,$19,$396,$709,$248,$1,$24,$79,$327,$0,$167,$-26,$382,$709,$15,$20,$-12,$8,$-11,$0,$0,$-1,$14,$37,$-15,$0,$0,$0,$13,$13,$0,$-2,$-2,$0,$-2,$-17,$-17,$-3,$-0,$-22,$13,$5,$0
5,2017-06-30,50.61,$26.93,1.88,$113.47,0.45,$2.99,16.95,$4.65,10.88,$0.29B,$0.24B,1.2,$0.00B,$0.29B,0.0,$1.61B,$0.12B,7.73%,$1.61B,$0.01B,0.44%,$1.61B,$0.01B,0.44%,$1.61B,$0.04B,2.43%,$1.61B,$-0.00B,-0.12%,$1.61B,$0.07B,4.17%,$0.07B,$0.36B,19.05%,$0.07B,$0.20B,37.17%,$0.07B,$0.68B,8.67%,$0.01B,$0.36B,1.98%,$408,$377,$31,$0,$18,$402,$6,$1,$7,$3,$4,$4,$2,$13,$6,$14,14,$0.18,$0.18,$58,$0,$0,$286,$48,$161,$168,$16,$397,$683,$239,$1,$25,$81,$320,$0,$153,$-29,$363,$683,$-0,$14,$-2,$12,$-9,$0,$0,$-3,$-2,$9,$-11,$0,$0,$0,$-1,$-0,$0,$-11,$-1,$0,$-1,$-18,$-18,$-2,$-0,$-21,$-22,$3,$0
6,2017-03-31,44.44,$26.37,1.68,$110.00,0.4,$4.03,11.01,$4.68,9.5,$0.30B,$0.26B,1.16,$0.00B,$0.28B,0.0,$1.60B,$0.12B,7.71%,$1.60B,$0.01B,0.50%,$1.60B,$0.01B,0.50%,$1.60B,$0.05B,3.01%,$1.60B,$-0.00B,-0.19%,$1.60B,$0.07B,4.26%,$0.07B,$0.36B,19.74%,$0.07B,$0.19B,105.43%,$0.07B,$0.70B,7.90%,$0.01B,$0.36B,1.94%,$399,$369,$30,$0,$17,$393,$7,$-2,$4,$3,$2,$2,$-5,$13,$7,$14,14,$-0.40,$-0.40,$86,$0,$0,$300,$47,$159,$167,$20,$398,$698,$259,$1,$25,$84,$343,$0,$150,$-32,$355,$698,$-4,$6,$1,$7,$1,$0,$0,$1,$33,$36,$-6,$0,$0,$-0,$-1,$-1,$0,$-6,$-1,$0,$-1,$-19,$-19,$-1,$0,$-20,$10,$1,$0
7,2016-12-31,38.05,$27.12,1.4,$106.14,0.36,$3.46,11.0,$5.15,7.39,$0.29B,$0.23B,1.27,$0.00B,$0.30B,0.01,$1.58B,$0.13B,7.98%,$1.58B,$0.01B,0.57%,$1.58B,$0.01B,0.57%,$1.58B,$0.06B,3.68%,$1.58B,$-0.00B,-0.13%,$1.58B,$0.07B,4.69%,$0.07B,$0.38B,21.57%,$0.07B,$0.21B,-151.02%,$0.07B,$0.69B,7.85%,$0.01B,$0.38B,1.88%,$386,$357,$29,$0,$17,$402,$-16,$-5,$-21,$5,$-26,$-26,$71,$-9,$-16,$15,15,$4.84,$4.84,$75,$0,$0,$288,$46,$161,$169,$19,$397,$685,$228,$2,$22,$82,$310,$0,$157,$-33,$375,$685,$90,$49,$-113,$-63,$-19,$0,$0,$-8,$15,$42,$-40,$0,$372,$0,$-14,$-14,$6,$324,$-305,$0,$-305,$-66,$-66,$-4,$-1,$-377,$-13,$5,$0
8,2016-09-30,48.63,$22.02,2.21,$96.15,0.51,$2.16,22.49,$4.30,11.31,$0.32B,$0.59B,0.54,$0.00B,$0.24B,0.0,$1.45B,$0.07B,4.48%,$1.45B,$-0.01B,-0.83%,$1.45B,$-0.01B,-0.83%,$1.45B,$0.05B,3.10%,$1.45B,$-0.01B,-0.90%,$1.45B,$0.07B,4.68%,$0.07B,$0.31B,19.93%,$0.07B,$0.13B,-116.24%,$0.07B,$1.02B,6.58%,$-0.01B,$0.31B,-2.20%,$412,$378,$34,$0,$17,$402,$10,$-1,$8,$5,$4,$4,$-1,$22,$10,$15,15,$-0.05,$-0.05,$55,$0,$0,$323,$57,$0,$183,$28,$701,$1024,$594,$0,$28,$116,$710,$0,$73,$-28,$314,$1024,$7,$43,$-36,$7,$-22,$0,$0,$-11,$31,$45,$-34,$0,$0,$0,$-6,$-6,$5,$-35,$20,$0,$20,$-49,$-49,$-3,$-0,$-32,$-22,$3,$0
9,2016-06-30,44.88,$22.81,1.97,$91.51,0.49,$1.51,29.71,$3.94,11.39,$0.33B,$0.31B,1.05,$0.27B,$0.26B,1.07,$1.42B,$0.06B,4.23%,$1.42B,$-0.02B,-1.34%,$1.42B,$-0.02B,-1.34%,$1.42B,$0.04B,2.89%,$1.42B,$-0.02B,-1.62%,$1.42B,$0.06B,4.37%,$0.06B,$0.33B,18.18%,$0.06B,$-0.27B,-35.99%,$0.06B,$1.04B,5.76%,$-0.02B,$0.61B,-2.89%,$398,$368,$30,$0,$17,$391,$7,$-1,$6,$4,$2,$2,$3,$22,$7,$15,15,$0.21,$0.21,$72,$0,$0,$325,$67,$0,$601,$42,$711,$1036,$311,$273,$30,$392,$703,$0,$74,$-25,$334,$1036,$6,$30,$-31,$-1,$-7,$0,$0,$-5,$33,$38,$-24,$0,$0,$-0,$-6,$-6,$4,$-26,$7,$0,$7,$-32,$-32,$-2,$0,$-27,$-16,$2,$0
10,2016-03-31,51.07,$23.43,2.18,$90.76,0.56,$1.21,42.1,$3.99,12.8,$0.31B,$0.28B,1.08,$0.28B,$0.27B,1.01,$1.44B,$0.08B,5.35%,$1.44B,$-0.01B,-0.76%,$1.44B,$-0.01B,-0.76%,$1.44B,$0.05B,3.47%,$1.44B,$-0.02B,-1.25%,$1.44B,$0.06B,4.38%,$0.06B,$0.35B,18.65%,$0.06B,$-0.27B,-32.27%,$0.06B,$1.03B,5.61%,$-0.01B,$0.62B,-1.57%,$382,$349,$33,$0,$19,$374,$8,$-3,$5,$4,$1,$1,$1,$23,$8,$15,15,$0.07,$0.07,$99,$0,$0,$305,$61,$0,$615,$42,$720,$1026,$284,$275,$27,$394,$677,$0,$70,$-18,$349,$1026,$2,$15,$-29,$-14,$23,$0,$0,$-0,$46,$35,$-10,$0,$0,$-0,$-3,$-3,$3,$-11,$7,$0,$7,$-19,$-19,$-1,$0,$-13,$10,$1,$0
11,2015-12-31,46.92,$24.05,1.95,$91.60,0.51,$0.13,352.78,$4.24,11.07,$0.32B,$0.30B,1.08,$0.27B,$0.29B,0.93,$1.48B,$0.10B,6.56%,$1.48B,$0.00B,0.14%,$1.48B,$0.00B,0.14%,$1.48B,$0.06B,4.26%,$1.48B,$-0.01B,-0.68%,$1.48B,$0.07B,4.53%,$0.07B,$0.37B,20.49%,$0.07B,$0.17B,-30.08%,$0.07B,$1.05B,5.75%,$0.00B,$0.64B,0.27%,$260,$292,$-32,$0,$13,$297,$-37,$4,$-32,$-1,$-31,$-31,$65,$-22,$-37,$16,16,$4.09,$4.09,$84,$0,$0,$320,$46,$9,$200,$34,$730,$1050,$295,$269,$23,$387,$682,$0,$69,$-17,$368,$1050,$83,$60,$-62,$-1,$-87,$0,$0,$34,$-66,$16,$-35,$0,$197,$0,$-16,$-16,$-2,$143,$-271,$0,$-271,$-32,$49,$-4,$-8,$-234,$-76,$27,$0
12,2015-09-30,43.58,$19.43,2.24,$104.41,0.42,$3.37,12.92,$0.62,70.29,$0.42B,$0.32B,1.31,$0.45B,$0.24B,1.92,$1.67B,$0.17B,10.29%,$1.67B,$0.05B,3.23%,$1.67B,$0.05B,3.23%,$1.67B,$0.12B,7.06%,$1.67B,$0.03B,1.61%,$1.67B,$0.01B,0.54%,$0.01B,$0.31B,3.10%,$0.01B,$-0.32B,-2.39%,$0.01B,$1.20B,0.75%,$0.05B,$0.76B,7.12%,$380,$351,$29,$0,$21,$377,$3,$-4,$-2,$2,$-4,$-4,$-7,$18,$3,$16,16,$-0.41,$-0.41,$111,$0,$0,$415,$51,$0,$636,$45,$782,$1197,$315,$451,$28,$568,$884,$0,$-6,$-14,$313,$1197,$7,$46,$10,$56,$-88,$0,$0,$37,$-37,$26,$-24,$0,$-3,$-0,$-14,$-14,$-1,$-43,$-93,$0,$-93,$4,$84,$-3,$-5,$-17,$-34,$9,$0
13,2015-06-30,44.28,$18.78,2.36,$101.28,0.44,$4.75,9.32,$1.05,42.17,$0.42B,$0.32B,1.31,$0.46B,$0.24B,1.89,$1.60B,$0.17B,10.74%,$1.60B,$0.05B,3.31%,$1.60B,$0.05B,3.31%,$1.60B,$0.11B,6.93%,$1.60B,$0.03B,1.94%,$1.60B,$0.02B,1.00%,$0.02B,$0.32B,6.25%,$0.02B,$-0.36B,-4.98%,$0.02B,$1.22B,1.51%,$0.05B,$0.78B,8.05%,$418,$372,$47,$0,$18,$403,$15,$-4,$11,$6,$5,$5,$4,$31,$15,$16,16,$0.26,$0.26,$149,$0,$0,$419,$62,$0,$680,$56,$798,$1217,$321,$459,$30,$575,$896,$0,$-0,$-8,$321,$1217,$13,$31,$4,$35,$-61,$0,$0,$13,$-24,$24,$-13,$0,$-2,$-0,$-14,$-14,$-0,$-29,$-87,$0,$-87,$2,$82,$-2,$-5,$-12,$-15,$6,$0
14,2015-03-31,53.12,$17.93,2.96,$99.32,0.53,$4.80,11.07,$1.25,42.5,$0.42B,$0.29B,1.43,$0.48B,$0.23B,2.08,$1.53B,$0.16B,10.48%,$1.53B,$0.05B,3.41%,$1.53B,$0.05B,3.41%,$1.53B,$0.10B,6.48%,$1.53B,$0.03B,2.10%,$1.53B,$0.02B,1.24%,$0.02B,$0.31B,8.64%,$0.02B,$-0.38B,-7.32%,$0.02B,$1.20B,2.06%,$0.05B,$0.78B,9.37%,$420,$367,$53,$0,$19,$399,$21,$-8,$13,$7,$6,$6,$5,$36,$21,$16,16,$0.32,$0.32,$173,$0,$0,$420,$59,$0,$682,$37,$778,$1199,$294,$477,$30,$598,$893,$0,$-7,$-14,$306,$1199,$6,$15,$3,$18,$-50,$0,$0,$27,$-9,$15,$-6,$0,$-2,$-0,$0,$-0,$1,$-7,$-71,$0,$-71,$1,$82,$-1,$-6,$5,$10,$3,$0
15,2014-12-31,36.44,$13.96,2.61,$92.28,0.39,$4.58,7.96,$1.37,26.6,$0.38B,$0.34B,1.1,$0.49B,$0.22B,2.19,$1.40B,$0.14B,9.74%,$1.40B,$0.04B,3.08%,$1.40B,$0.04B,3.08%,$1.40B,$0.08B,5.66%,$1.40B,$0.03B,2.08%,$1.40B,$0.02B,1.43%,$0.02B,$0.22B,10.94%,$0.02B,$-0.45B,-12.12%,$0.02B,$1.17B,2.74%,$0.04B,$0.71B,10.31%,$454,$410,$43,$0,$9,$439,$15,$-10,$5,$-2,$7,$7,$7,$33,$15,$15,16,$0.46,$0.45,$138,$0,$0,$375,$43,$0,$666,$34,$794,$1169,$339,$485,$26,$608,$948,$0,$-13,$-9,$221,$1169,$20,$35,$-4,$31,$-17,$0,$28,$-8,$4,$55,$-23,$0,$-417,$-0,$0,$-0,$-3,$-443,$453,$0,$453,$10,$10,$0,$-10,$453,$61,$8,$0
16,2014-09-30,48.38,$11.79,4.1,$82.76,0.58,$5.72,8.46,$1.16,41.71,$0.30B,$0.22B,1.36,$0.19B,$0.18B,1.07,$1.22B,$0.12B,9.43%,$1.22B,$0.03B,2.79%,$1.22B,$0.03B,2.79%,$1.22B,$0.06B,4.59%,$1.22B,$0.03B,2.38%,$1.22B,$0.02B,1.31%,$0.02B,$0.18B,9.68%,$0.02B,$-0.11B,-28.96%,$0.02B,$0.66B,2.93%,$0.03B,$0.36B,11.45%,$309,$280,$29,$0,$20,$307,$2,$-1,$2,$1,$1,$1,$0,$11,$2,$15,15,$0.02,$0.02,$141,$0,$0,$302,$44,$0,$281,$30,$356,$658,$222,$189,$59,$260,$482,$0,$-20,$-7,$176,$658,$13,$18,$0,$18,$-17,$0,$0,$1,$3,$34,$-12,$0,$-60,$-0,$0,$-0,$-4,$-75,$68,$0,$68,$10,$10,$0,$2,$80,$38,$5,$0
17,2014-06-30,36.59,$11.93,3.07,$82.06,0.45,$7.01,5.22,$1.39,26.32,$0.30B,$0.22B,1.36,$0.19B,$0.18B,1.07,$1.19B,$0.11B,9.18%,$1.19B,$0.04B,3.37%,$1.19B,$0.04B,3.37%,$1.19B,$0.06B,4.80%,$1.19B,$0.03B,2.78%,$1.19B,$0.02B,1.68%,$0.02B,$0.18B,12.68%,$0.02B,$-0.11B,-62.99%,$0.02B,$0.66B,4.11%,$0.04B,$0.37B,15.30%,$344,$309,$35,$0,$16,$330,$14,$-1,$12,$6,$7,$7,$7,$19,$14,$14,14,$0.47,$0.46,$128,$0,$0,$299,$46,$0,$288,$31,$364,$663,$220,$189,$66,$266,$486,$0,$-21,$1,$177,$663,$13,$9,$0,$10,$-22,$0,$0,$-3,$-4,$18,$-8,$0,$-60,$-0,$0,$-0,$-5,$-73,$68,$0,$68,$9,$9,$0,$2,$78,$24,$1,$0
18,2014-03-31,28.28,$11.59,2.44,$79.29,0.36,$8.26,3.42,$1.36,20.79,$0.23B,$0.18B,1.25,$0.08B,$0.16B,0.47,$1.13B,$0.10B,9.02%,$1.13B,$0.04B,3.27%,$1.13B,$0.04B,3.27%,$1.13B,$0.05B,4.69%,$1.13B,$0.03B,2.74%,$1.13B,$0.02B,1.68%,$0.02B,$0.16B,12.82%,$0.02B,$0.00B,-205.41%,$0.02B,$0.44B,4.46%,$0.04B,$0.23B,16.82%,$289,$260,$29,$0,$14,$277,$12,$-2,$10,$4,$6,$6,$6,$16,$12,$14,15,$0.45,$0.44,$109,$0,$0,$226,$33,$0,$155,$20,$209,$435,$181,$75,$13,$97,$277,$0,$-27,$-2,$157,$435,$6,$4,$-1,$3,$-13,$0,$0,$2,$-2,$8,$-3,$0,$0,$-0,$0,$-0,$2,$-1,$0,$0,$0,$0,$0,$0,$0,$0,$7,$0,$0
19,2013-12-31,25.72,$11.14,2.31,$79.73,0.32,$9.88,2.6,$1.41,18.24,$0.21B,$0.17B,1.22,$0.08B,$0.15B,0.5,$1.12B,$0.10B,9.08%,$1.12B,$0.04B,3.38%,$1.12B,$0.04B,3.38%,$1.12B,$0.05B,4.81%,$1.12B,$0.03B,2.85%,$1.12B,$0.02B,1.78%,$0.02B,$0.15B,14.21%,$0.02B,$-0.01B,-108.11%,$0.02B,$0.43B,4.77%,$0.04B,$0.23B,17.14%,$277,$255,$22,$0,$12,$271,$6,$-2,$5,$1,$3,$3,$3,$10,$6,$14,14,$0.24,$0.24,$103,$0,$0,$212,$33,$0,$157,$24,$213,$425,$174,$75,$15,$100,$274,$0,$-34,$-1,$151,$425,$19,$16,$3,$19,$0,$0,$7,$-9,$17,$55,$-10,$0,$-1,$0,$0,$0,$-3,$-14,$-7,$0,$-7,$10,$10,$0,$-1,$2,$43,$3,$0
20,2013-09-30,28.69,$10.82,2.65,$81.58,0.35,$9.16,3.13,$1.39,20.64,$0.21B,$0.18B,1.2,$0.08B,$0.15B,0.52,$1.13B,$0.11B,9.44%,$1.13B,$0.04B,3.53%,$1.13B,$0.04B,3.53%,$1.13B,$0.06B,4.94%,$1.13B,$0.03B,2.91%,$1.13B,$0.02B,1.77%,$0.02B,$0.15B,15.07%,$0.02B,$-0.01B,-70.80%,$0.02B,$0.43B,4.86%,$0.04B,$0.22B,17.86%,$277,$254,$23,$0,$11,$269,$8,$-2,$6,$2,$4,$4,$4,$12,$8,$14,14,$0.26,$0.25,$95,$0,$0,$210,$31,$0,$158,$27,$215,$425,$176,$76,$16,$103,$279,$0,$-37,$-1,$146,$425,$16,$12,$7,$19,$5,$0,$0,$-10,$11,$46,$-6,$0,$0,$-0,$0,$-0,$-5,$-11,$-83,$76,$-7,$9,$9,$0,$-1,$1,$35,$2,$0
21,2013-06-30,29.09,$10.39,2.8,$82.89,0.35,$8.79,3.31,$1.23,23.65,$0.20B,$0.19B,1.04,$0.06B,$0.14B,0.44,$1.14B,$0.11B,9.51%,$1.14B,$0.04B,3.26%,$1.14B,$0.04B,3.26%,$1.14B,$0.05B,4.67%,$1.14B,$0.03B,2.64%,$1.14B,$0.02B,1.50%,$0.02B,$0.14B,13.60%,$0.02B,$-0.02B,-45.03%,$0.02B,$0.42B,4.19%,$0.04B,$0.20B,16.14%,$288,$259,$28,$0,$13,$276,$11,$-2,$10,$4,$6,$6,$6,$15,$11,$13,14,$0.44,$0.43,$78,$0,$0,$202,$30,$0,$159,$29,$218,$420,$194,$61,$15,$88,$282,$0,$-41,$-1,$139,$420,$13,$8,$5,$13,$2,$0,$0,$-8,$4,$30,$-3,$0,$0,$-0,$0,$-0,$-9,$-12,$-7,$0,$-7,$6,$6,$0,$1,$0,$18,$2,$0
22,2013-03-31,18.49,$9.75,1.9,$82.65,0.22,$7.65,2.42,$0.91,20.32,$0.20B,$0.14B,1.37,$0.11B,$0.13B,0.88,$1.13B,$0.10B,9.05%,$1.13B,$0.03B,2.66%,$1.13B,$0.03B,2.66%,$1.13B,$0.05B,4.08%,$1.13B,$0.02B,2.04%,$1.13B,$0.01B,1.06%,$0.01B,$0.13B,10.06%,$0.01B,$-0.04B,-26.09%,$0.01B,$0.41B,3.00%,$0.03B,$0.24B,12.41%,$281,$252,$29,$0,$12,$268,$13,$-2,$11,$5,$7,$7,$7,$17,$13,$13,15,$0.51,$0.49,$85,$0,$0,$195,$30,$0,$162,$22,$213,$408,$142,$112,$15,$139,$281,$0,$-46,$-1,$127,$408,$7,$4,$1,$5,$9,$0,$0,$-0,$18,$30,$-1,$0,$0,$-0,$0,$-0,$0,$-1,$-3,$0,$-3,$1,$1,$0,$0,$-1,$27,$1,$0
23,2012-12-31,16.99,$9.23,1.84,$82.66,0.21,$6.07,2.8,$0.65,26.14,$0.18B,$0.13B,1.33,$0.12B,$0.12B,0.98,$1.11B,$0.10B,8.68%,$1.11B,$0.02B,2.17%,$1.11B,$0.02B,2.17%,$1.11B,$0.04B,3.62%,$1.11B,$0.02B,1.54%,$1.11B,$0.01B,0.72%,$0.01B,$0.12B,6.91%,$0.01B,$-0.05B,-15.46%,$0.01B,$0.39B,2.02%,$0.02B,$0.24B,9.81%,$287,$260,$27,$0,$15,$278,$8,$-2,$6,$4,$3,$3,$3,$12,$8,$13,13,$0.21,$0.21,$58,$0,$0,$176,$30,$0,$164,$22,$216,$392,$133,$116,$14,$140,$273,$0,$-53,$-1,$119,$392,$8,$16,$8,$24,$-17,$0,$0,$24,$10,$42,$-10,$0,$-0,$0,$0,$0,$3,$-7,$-21,$0,$-21,$-3,$-3,$0,$0,$-23,$13,$4,$0
24,2012-09-30,12.99,$8.98,1.45,$79.54,0.16,$5.08,2.56,$0.65,19.98,$0.18B,$0.13B,1.37,$0.13B,$0.12B,1.11,$1.06B,$0.09B,8.65%,$1.06B,$0.02B,2.16%,$1.06B,$0.02B,2.16%,$1.06B,$0.04B,3.67%,$1.06B,$0.02B,1.51%,$1.06B,$0.01B,0.75%,$0.01B,$0.12B,7.06%,$0.01B,$-0.05B,-14.16%,$0.01B,$0.40B,2.04%,$0.02B,$0.24B,9.26%,$280,$257,$24,$0,$12,$275,$5,$-2,$3,$2,$1,$1,$1,$9,$5,$13,13,$0.09,$0.09,$67,$0,$0,$184,$31,$0,$165,$22,$218,$402,$134,$128,$14,$153,$287,$0,$-56,$-1,$115,$402,$6,$12,$7,$19,$-10,$0,$0,$6,$15,$40,$-8,$0,$-0,$0,$0,$0,$1,$-6,$-10,$0,$-10,$-3,$-3,$0,$0,$-13,$21,$4,$0
25,2012-06-30,13.71,$8.86,1.55,$76.24,0.18,$4.40,3.11,$0.71,19.31,$0.18B,$0.13B,1.41,$0.13B,$0.12B,1.16,$1.02B,$0.09B,8.83%,$1.02B,$0.02B,2.36%,$1.02B,$0.02B,2.36%,$1.02B,$0.04B,3.93%,$1.02B,$0.02B,1.67%,$1.02B,$0.01B,0.88%,$0.01B,$0.12B,8.18%,$0.01B,$-0.05B,-14.52%,$0.01B,$0.40B,2.33%,$0.02B,$0.25B,9.64%,$279,$257,$22,$0,$14,$275,$4,$-2,$3,$1,$1,$1,$1,$8,$4,$13,13,$0.11,$0.11,$54,$0,$0,$177,$31,$0,$170,$22,$223,$400,$125,$134,$13,$159,$284,$0,$-57,$-1,$116,$400,$4,$8,$4,$12,$-10,$0,$0,$-1,$1,$17,$-6,$0,$-0,$0,$0,$0,$1,$-5,$-5,$0,$-5,$0,$0,$0,$0,$-5,$7,$3,$0
26,2012-03-31,15.51,$8.71,1.78,$71.32,0.22,$4.63,3.35,$0.96,16.16,$0.17B,$0.11B,1.5,$0.14B,$0.11B,1.22,$0.98B,$0.09B,9.64%,$0.98B,$0.03B,3.08%,$0.98B,$0.03B,3.08%,$0.98B,$0.05B,4.72%,$0.98B,$0.02B,2.46%,$0.98B,$0.02B,1.64%,$0.02B,$0.11B,15.09%,$0.02B,$-0.06B,-23.70%,$0.02B,$0.39B,4.17%,$0.03B,$0.25B,11.95%,$260,$237,$23,$0,$13,$254,$7,$-2,$5,$2,$3,$3,$3,$11,$7,$13,13,$0.23,$0.23,$51,$0,$0,$168,$31,$0,$172,$19,$221,$390,$112,$138,$14,$164,$276,$0,$-59,$-1,$113,$390,$3,$4,$0,$4,$-8,$0,$0,$3,$2,$9,$-4,$0,$-0,$-0,$0,$-0,$2,$-3,$-3,$0,$-3,$-0,$-0,$0,$0,$-3,$4,$1,$0
27,2011-12-31,13.76,$8.39,1.64,$69.02,0.2,$5.08,2.71,$1.07,12.86,$0.16B,$0.11B,1.48,$0.14B,$0.11B,1.29,$0.94B,$0.10B,10.60%,$0.94B,$0.04B,3.92%,$0.94B,$0.04B,3.92%,$0.94B,$0.05B,5.51%,$0.94B,$0.03B,2.86%,$0.94B,$0.02B,1.80%,$0.02B,$0.11B,16.79%,$0.02B,$-0.06B,-22.97%,$0.02B,$0.38B,4.44%,$0.04B,$0.25B,14.79%,$244,$222,$23,$0,$12,$237,$7,$-2,$5,$2,$3,$3,$3,$11,$7,$13,13,$0.22,$0.23,$48,$0,$0,$158,$29,$0,$173,$19,$221,$379,$107,$140,$10,$163,$270,$0,$-62,$-1,$109,$379,$17,$15,$7,$22,$-9,$0,$0,$6,$-8,$31,$-11,$0,$-5,$-0,$0,$-0,$2,$-15,$-32,$0,$-32,$0,$0,$0,$-3,$-34,$-18,$4,$0
28,2011-09-30,10.65,$7.89,1.35,$65.33,0.16,$5.85,1.82,$1.18,9.03,$0.16B,$0.11B,1.43,$0.14B,$0.10B,1.4,$0.92B,$0.10B,11.22%,$0.92B,$0.04B,4.47%,$0.92B,$0.04B,4.47%,$0.92B,$0.06B,6.10%,$0.92B,$0.03B,3.16%,$0.92B,$0.02B,1.96%,$0.02B,$0.10B,18.70%,$0.02B,$-0.07B,-22.29%,$0.02B,$0.38B,4.67%,$0.04B,$0.25B,16.33%,$236,$214,$22,$0,$13,$230,$6,$-2,$4,$2,$2,$2,$2,$10,$6,$13,13,$0.15,$0.15,$54,$0,$0,$159,$24,$0,$174,$20,$219,$378,$112,$143,$10,$164,$276,$0,$-67,$-1,$102,$378,$14,$11,$4,$16,$-2,$0,$0,$-1,$1,$32,$-9,$0,$-5,$-0,$0,$-0,$1,$-13,$-29,$0,$-29,$-0,$-0,$0,$-3,$-32,$-13,$3,$0
29,2011-06-30,12.65,$7.35,1.72,$63.98,0.2,$6.65,1.9,$1.25,10.12,$0.17B,$0.11B,1.54,$0.16B,$0.10B,1.57,$0.90B,$0.11B,11.79%,$0.90B,$0.04B,4.89%,$0.90B,$0.04B,4.89%,$0.90B,$0.06B,6.56%,$0.90B,$0.03B,3.34%,$0.90B,$0.02B,2.11%,$0.02B,$0.10B,20.77%,$0.02B,$-0.08B,-21.71%,$0.02B,$0.39B,4.87%,$0.04B,$0.26B,17.41%,$235,$210,$26,$0,$12,$225,$10,$0,$10,$3,$8,$8,$8,$14,$10,$13,15,$0.57,$0.55,$60,$0,$0,$169,$24,$0,$177,$20,$220,$389,$110,$158,$11,$179,$289,$0,$-69,$-1,$100,$389,$12,$8,$3,$11,$1,$0,$0,$-4,$-1,$22,$-7,$0,$-6,$-0,$0,$-0,$1,$-12,$-15,$0,$-15,$-0,$-0,$0,$-3,$-17,$-7,$2,$0
30,2011-03-31,14.98,$6.94,2.16,$62.96,0.24,$6.99,2.14,$1.43,10.48,$0.17B,$0.12B,1.47,$0.15B,$0.09B,1.63,$0.89B,$0.11B,12.64%,$0.89B,$0.05B,5.76%,$0.89B,$0.05B,5.76%,$0.89B,$0.07B,7.45%,$0.89B,$0.03B,3.72%,$0.89B,$0.02B,2.03%,$0.02B,$0.09B,20.87%,$0.02B,$-0.08B,-19.05%,$0.02B,$0.39B,4.60%,$0.05B,$0.25B,20.28%,$228,$199,$29,$0,$12,$214,$14,$-6,$8,$3,$4,$4,$4,$17,$14,$13,13,$0.34,$0.34,$65,$0,$0,$173,$17,$0,$178,$18,$214,$387,$118,$153,$10,$175,$293,$0,$-74,$-1,$94,$387,$4,$4,$3,$7,$-7,$0,$0,$-0,$1,$13,$-2,$0,$0,$-0,$0,$-0,$0,$-1,$-12,$0,$-12,$0,$0,$0,$-3,$-15,$-4,$1,$0
31,2010-12-31,16.07,$6.85,2.35,$60.65,0.26,$7.04,2.28,$1.75,9.18,$0.17B,$0.11B,1.51,$0.16B,$0.09B,1.85,$0.88B,$0.12B,13.31%,$0.88B,$0.06B,6.48%,$0.88B,$0.06B,6.48%,$0.88B,$0.07B,8.30%,$0.88B,$0.04B,4.66%,$0.88B,$0.02B,2.62%,$0.02B,$0.09B,28.48%,$0.02B,$-0.09B,-22.55%,$0.02B,$0.39B,5.85%,$0.06B,$0.25B,22.62%,$219,$193,$26,$0,$12,$208,$11,$-4,$7,$3,$4,$4,$4,$15,$11,$13,15,$0.33,$0.36,$69,$0,$0,$172,$16,$0,$180,$19,$215,$387,$114,$164,$9,$184,$298,$0,$-79,$-1,$89,$387,$24,$15,$8,$23,$0,$0,$0,$-2,$-3,$44,$-10,$0,$0,$-0,$0,$-0,$-2,$-13,$-22,$0,$-22,$0,$0,$0,$0,$-21,$10,$2,$0
32,2010-09-30,16.39,$6.13,2.67,$62.32,0.26,$9.13,1.8,$1.84,8.91,$0.18B,$0.13B,1.42,$0.17B,$0.08B,2.03,$0.88B,$0.12B,13.70%,$0.88B,$0.06B,6.96%,$0.88B,$0.06B,6.96%,$0.88B,$0.08B,8.79%,$0.88B,$0.04B,5.02%,$0.88B,$0.03B,2.85%,$0.03B,$0.08B,33.78%,$0.03B,$-0.10B,-22.62%,$0.03B,$0.40B,6.37%,$0.06B,$0.25B,24.30%,$217,$193,$25,$0,$12,$208,$9,$-4,$5,$2,$3,$3,$3,$13,$9,$13,13,$0.22,$0.22,$72,$0,$0,$181,$16,$0,$182,$19,$217,$398,$127,$169,$8,$188,$315,$0,$-83,$-1,$83,$398,$19,$11,$5,$17,$-2,$0,$0,$-8,$6,$42,$-8,$0,$0,$-0,$0,$-0,$-2,$-11,$-18,$0,$-18,$0,$0,$0,$0,$-18,$13,$1,$0
33,2010-06-30,14.0,$5.86,2.39,$61.62,0.23,$9.63,1.45,$1.96,7.14,$0.18B,$0.12B,1.43,$0.17B,$0.08B,2.18,$0.87B,$0.12B,13.86%,$0.87B,$0.06B,7.16%,$0.87B,$0.06B,7.16%,$0.87B,$0.08B,9.01%,$0.87B,$0.04B,5.08%,$0.87B,$0.03B,3.00%,$0.03B,$0.08B,38.66%,$0.03B,$-0.10B,-21.80%,$0.03B,$0.39B,6.64%,$0.06B,$0.25B,24.41%,$222,$190,$32,$0,$12,$205,$17,$-4,$13,$6,$7,$7,$7,$21,$17,$13,15,$0.55,$0.54,$62,$0,$0,$178,$13,$0,$184,$19,$216,$394,$124,$173,$6,$190,$314,$0,$-86,$-2,$79,$394,$16,$7,$4,$11,$-3,$0,$0,$-8,$-3,$25,$-4,$0,$0,$-0,$0,$-0,$-3,$-7,$-15,$0,$-15,$0,$0,$0,$0,$-14,$3,$0,$0
34,2010-03-31,15.19,$5.33,2.85,$61.29,0.25,$9.55,1.59,$1.82,8.35,$0.18B,$0.13B,1.41,$0.18B,$0.07B,2.47,$0.84B,$0.12B,13.76%,$0.84B,$0.06B,7.06%,$0.84B,$0.06B,7.06%,$0.84B,$0.08B,8.97%,$0.84B,$0.04B,4.78%,$0.84B,$0.02B,2.87%,$0.02B,$0.07B,40.00%,$0.02B,$-0.11B,-18.68%,$0.02B,$0.39B,6.19%,$0.06B,$0.25B,23.00%,$221,$187,$34,$0,$11,$201,$20,$-4,$16,$7,$9,$9,$9,$24,$20,$13,15,$0.69,$0.66,$64,$0,$0,$179,$13,$0,$186,$17,$215,$394,$127,$178,$6,$195,$322,$0,$-93,$-1,$72,$394,$9,$4,$1,$5,$-10,$0,$0,$-1,$1,$15,$-3,$0,$0,$-0,$0,$-0,$-0,$-3,$-9,$0,$-9,$0,$0,$0,$0,$-9,$4,$0,$0
35,2009-12-31,15.8,$4.83,3.27,$59.07,0.27,$9.17,1.72,$1.60,9.88,$0.17B,$0.12B,1.43,$0.19B,$0.06B,3.0,$0.80B,$0.11B,13.84%,$0.80B,$0.05B,6.73%,$0.80B,$0.05B,6.73%,$0.80B,$0.07B,8.73%,$0.80B,$0.03B,4.24%,$0.80B,$0.02B,2.62%,$0.02B,$0.06B,39.62%,$0.02B,$-0.13B,-15.30%,$0.02B,$0.38B,5.50%,$0.05B,$0.25B,20.79%,$216,$187,$29,$0,$11,$201,$15,$-5,$10,$5,$6,$6,$6,$19,$15,$13,13,$0.42,$0.42,$59,$0,$0,$167,$11,$0,$188,$17,$216,$383,$117,$187,$5,$204,$321,$0,$-102,$-2,$62,$383,$21,$16,$7,$23,$-11,$0,$0,$12,$17,$61,$-4,$0,$-1,$-0,$0,$-0,$-1,$-6,$-34,$0,$-34,$0,$0,$0,$-1,$-34,$22,$0,$0
36,2009-09-30,11.66,$4.14,2.82,$56.95,0.2,$5.44,2.14,$-0.56,0.0,$0.18B,$0.12B,1.54,$0.21B,$0.06B,3.73,$0.76B,$0.10B,12.83%,$0.76B,$0.01B,0.92%,$0.76B,$0.01B,0.92%,$0.76B,$0.02B,2.88%,$0.76B,$-0.01B,-1.70%,$0.76B,$-0.01B,-0.92%,$-0.01B,$0.06B,-14.89%,$-0.01B,$-0.13B,4.83%,$-0.01B,$0.40B,-1.85%,$0.01B,$0.26B,2.66%,$207,$182,$25,$0,$11,$197,$10,$-5,$5,$0,$4,$4,$4,$14,$10,$13,13,$0.34,$0.34,$65,$0,$0,$177,$11,$0,$189,$17,$218,$395,$115,$208,$5,$224,$339,$0,$-108,$-2,$56,$395,$16,$12,$7,$19,$-11,$0,$0,$6,$8,$43,$-3,$0,$-1,$-0,$0,$-0,$0,$-3,$-11,$0,$-11,$0,$0,$0,$-1,$-11,$29,$0,$0
37,2009-06-30,10.95,$3.72,2.94,$54.55,0.2,$3.10,3.53,$-12.07,0.0,$0.16B,$0.10B,1.58,$0.21B,$0.05B,4.24,$0.72B,$0.09B,12.29%,$0.72B,$-0.14B,-19.48%,$0.72B,$-0.14B,-19.48%,$0.72B,$-0.13B,-17.40%,$0.72B,$-0.16B,-22.24%,$0.72B,$-0.15B,-20.99%,$-0.15B,$0.05B,-332.24%,$-0.15B,$-0.14B,96.97%,$-0.15B,$0.38B,-39.79%,$-0.14B,$0.26B,-52.96%,$192,$165,$27,$0,$10,$178,$14,$-5,$9,$3,$5,$5,$5,$18,$14,$13,13,$0.40,$0.40,$46,$0,$0,$158,$12,$0,$191,$18,$221,$378,$100,$213,$4,$228,$328,$0,$-112,$-3,$50,$378,$11,$8,$3,$11,$-7,$0,$0,$3,$-3,$19,$-2,$0,$-0,$-0,$0,$-0,$0,$-2,$-7,$0,$-7,$0,$0,$0,$-1,$-8,$9,$0,$0
38,2009-03-31,6.88,$3.25,2.12,$53.66,0.13,$2.55,2.7,$-12.20,0.0,$0.15B,$0.09B,1.6,$0.22B,$0.04B,5.0,$0.71B,$0.09B,12.06%,$0.71B,$-0.15B,-20.57%,$0.71B,$-0.15B,-20.57%,$0.71B,$-0.13B,-18.44%,$0.71B,$-0.16B,-23.26%,$0.71B,$-0.15B,-21.84%,$-0.15B,$0.04B,-189.54%,$-0.15B,$-0.15B,92.63%,$-0.15B,$0.37B,-36.30%,$-0.15B,$0.26B,-47.39%,$187,$157,$30,$0,$12,$172,$15,$-5,$10,$4,$6,$6,$6,$19,$15,$13,15,$0.45,$0.44,$40,$0,$0,$151,$11,$0,$193,$17,$222,$372,$94,$219,$4,$234,$328,$0,$-117,$-4,$44,$372,$6,$4,$1,$5,$-10,$0,$0,$4,$-4,$8,$-1,$0,$-0,$-0,$0,$-0,$0,$-1,$-4,$0,$-4,$0,$0,$0,$-1,$-4,$3,$0,$0
39,2008-12-31,1.45,$2.81,0.52,$54.72,0.03,$2.95,0.49,$-12.35,0.0,$0.14B,$0.09B,1.57,$0.22B,$0.04B,5.9,$0.69B,$0.08B,11.71%,$0.69B,$-0.15B,-21.53%,$0.69B,$-0.15B,-21.53%,$0.69B,$-0.13B,-19.36%,$0.69B,$-0.17B,-24.28%,$0.69B,$-0.16B,-22.54%,$-0.16B,$0.04B,-134.19%,$-0.16B,$-0.16B,88.14%,$-0.16B,$0.37B,-33.16%,$-0.15B,$0.26B,-43.22%,$178,$162,$16,$0,$16,$210,$-32,$-5,$-37,$-15,$-22,$-22,$-22,$-29,$-32,$13,13,$-1.82,$-1.81,$37,$0,$0,$142,$12,$0,$194,$18,$224,$366,$90,$223,$4,$238,$328,$0,$-123,$-4,$38,$366,$-156,$15,$168,$183,$-9,$0,$0,$-7,$-15,$12,$-5,$0,$-11,$-0,$0,$-0,$6,$-10,$-9,$0,$-9,$0,$0,$0,$0,$-8,$-6,$9,$0
40,2008-09-30,9.8,$3.98,2.46,$48.71,0.2,$3.69,2.66,$-10.26,0.0,$0.15B,$0.10B,1.5,$0.23B,$0.05B,4.4,$0.61B,$0.09B,13.87%,$0.61B,$-0.11B,-17.62%,$0.61B,$-0.11B,-17.62%,$0.61B,$-0.09B,-15.33%,$0.61B,$-0.12B,-20.23%,$0.61B,$-0.13B,-21.21%,$-0.13B,$0.05B,-85.53%,$-0.13B,$-0.18B,69.33%,$-0.13B,$0.41B,-25.15%,$-0.11B,$0.28B,-28.14%,$167,$151,$16,$0,$10,$305,$-138,$-5,$-143,$-2,$-141,$-141,$-141,$-134,$-138,$13,13,$-11.17,$-11.17,$44,$0,$0,$149,$12,$0,$233,$18,$263,$412,$99,$227,$4,$262,$361,$0,$-101,$0,$51,$412,$-134,$12,$143,$155,$-8,$0,$0,$-8,$-9,$13,$-4,$0,$-8,$-0,$0,$-0,$6,$-5,$-6,$0,$-6,$0,$0,$0,$0,$-6,$1,$2,$0
41,2008-06-30,21.11,$14.87,1.42,$40.74,0.52,$3.47,6.09,$1.18,17.89,$0.15B,$0.09B,1.73,$0.23B,$0.19B,1.2,$0.51B,$0.08B,16.08%,$0.51B,$0.04B,6.86%,$0.51B,$0.04B,6.86%,$0.51B,$0.05B,9.22%,$0.51B,$0.02B,4.71%,$0.51B,$0.01B,2.75%,$0.01B,$0.19B,7.78%,$0.01B,$-0.18B,-11.16%,$0.01B,$0.55B,2.99%,$0.04B,$0.42B,9.76%,$173,$150,$23,$0,$10,$163,$10,$-4,$6,$2,$3,$3,$3,$14,$10,$13,13,$0.27,$0.27,$46,$0,$0,$147,$11,$0,$371,$18,$401,$547,$85,$230,$3,$271,$355,$0,$39,$1,$192,$547,$7,$8,$2,$10,$-2,$0,$0,$-6,$-5,$12,$-2,$0,$-7,$-0,$0,$-0,$5,$-4,$-4,$0,$-4,$0,$0,$0,$0,$-4,$4,$1,$0
42,2008-03-31,30.0,$14.42,2.08,$32.40,0.93,$2.79,10.76,$1.21,24.79,$0.15B,$0.10B,1.54,$0.23B,$0.18B,1.27,$0.40B,$0.07B,18.55%,$0.40B,$0.03B,7.77%,$0.40B,$0.03B,7.77%,$0.40B,$0.04B,10.03%,$0.40B,$0.02B,6.02%,$0.40B,$0.02B,3.76%,$0.02B,$0.18B,8.76%,$0.02B,$-0.19B,-23.90%,$0.02B,$0.56B,3.96%,$0.03B,$0.42B,10.54%,$174,$148,$26,$0,$12,$163,$11,$-5,$6,$2,$4,$4,$4,$15,$11,$13,13,$0.30,$0.29,$56,$0,$0,$151,$11,$0,$377,$18,$406,$557,$98,$233,$4,$275,$373,$0,$36,$-0,$184,$557,$4,$4,$1,$5,$-3,$0,$0,$0,$3,$12,$-1,$0,$-0,$0,$0,$0,$5,$4,$-2,$0,$-2,$0,$0,$0,$-0,$-2,$14,$1,$0
43,2007-12-31,28.14,$14.16,1.99,$23.81,1.18,$1.97,14.27,$1.20,23.45,$0.14B,$0.10B,1.47,$0.24B,$0.18B,1.31,$0.29B,$0.06B,21.75%,$0.29B,$0.03B,8.77%,$0.29B,$0.03B,8.77%,$0.29B,$0.03B,10.88%,$0.29B,$0.02B,8.42%,$0.29B,$0.01B,4.91%,$0.01B,$0.18B,8.58%,$0.01B,$-0.20B,700.00%,$0.01B,$0.55B,4.88%,$0.03B,$0.42B,10.98%,$99,$79,$20,$0,$9,$90,$9,$-2,$7,$3,$4,$4,$4,$11,$9,$12,12,$0.35,$0.34,$44,$0,$0,$142,$12,$0,$379,$19,$410,$552,$96,$236,$0,$275,$371,$0,$32,$1,$181,$552,$14,$5,$2,$7,$-1,$0,$0,$-12,$-3,$18,$-2,$0,$-242,$-0,$0,$-0,$-3,$-248,$243,$0,$243,$-9,$-9,$0,$-10,$224,$-5,$2,$0
44,2007-09-30,29.36,$13.24,2.22,$20.41,1.44,$1.11,26.36,$0.90,32.62,$0.11B,$0.03B,3.83,$0.02B,$0.16B,0.09,$0.24B,$0.05B,20.66%,$0.24B,$0.02B,7.02%,$0.24B,$0.02B,7.02%,$0.24B,$0.02B,9.09%,$0.24B,$0.02B,7.44%,$0.24B,$0.01B,4.55%,$0.01B,$0.16B,6.97%,$0.01B,$0.07B,15.77%,$0.01B,$0.22B,5.59%,$0.02B,$0.18B,10.40%,$64,$50,$13,$0,$7,$58,$5,$-0,$5,$2,$3,$3,$3,$7,$5,$12,12,$0.27,$0.27,$41,$0,$0,$109,$4,$0,$96,$8,$109,$218,$29,$15,$0,$27,$55,$0,$28,$1,$163,$218,$10,$3,$1,$4,$-1,$0,$0,$-6,$-7,$7,$-1,$0,$-18,$-0,$0,$-0,$-0,$-19,$18,$0,$18,$-9,$-9,$0,$1,$9,$-3,$1,$0
45,2007-06-30,26.72,$12.80,2.09,$18.95,1.41,$0.47,57.31,$0.85,31.44,$0.10B,$0.02B,4.09,$0.01B,$0.16B,0.04,$0.23B,$0.05B,21.33%,$0.23B,$0.02B,7.11%,$0.23B,$0.02B,7.11%,$0.23B,$0.02B,8.89%,$0.23B,$0.02B,8.00%,$0.23B,$0.01B,4.89%,$0.01B,$0.16B,7.03%,$0.01B,$0.07B,15.12%,$0.01B,$0.19B,5.85%,$0.02B,$0.16B,10.08%,$62,$48,$15,$0,$8,$56,$6,$0,$6,$3,$4,$4,$4,$7,$6,$12,12,$0.31,$0.30,$32,$0,$0,$95,$3,$0,$85,$8,$96,$190,$23,$6,$0,$10,$34,$0,$25,$0,$157,$190,$7,$2,$1,$3,$-3,$0,$0,$-5,$-9,$1,$-1,$0,$-9,$-0,$0,$-0,$1,$-8,$7,$0,$7,$-11,$-11,$0,$0,$-3,$-10,$1,$0
46,2007-03-31,23.72,$12.53,1.89,$17.49,1.36,$-0.26,0.0,$0.83,28.58,$0.09B,$0.03B,3.08,$0.00B,$0.15B,0.0,$0.21B,$0.05B,21.53%,$0.21B,$0.02B,7.18%,$0.21B,$0.02B,7.18%,$0.21B,$0.02B,9.09%,$0.21B,$0.02B,8.61%,$0.21B,$0.01B,4.78%,$0.01B,$0.15B,6.41%,$0.01B,$0.07B,13.25%,$0.01B,$0.19B,5.38%,$0.02B,$0.15B,9.55%,$60,$47,$14,$0,$7,$55,$5,$0,$6,$2,$3,$3,$3,$6,$5,$12,12,$0.28,$0.28,$33,$0,$0,$90,$3,$0,$85,$7,$96,$187,$29,$1,$0,$5,$34,$0,$21,$0,$152,$187,$3,$1,$0,$1,$-4,$0,$0,$-1,$-4,$1,$-0,$0,$-1,$-0,$0,$-0,$1,$-0,$-0,$0,$-0,$-10,$-10,$0,$0,$-10,$-10,$0,$0
47,2006-12-31,25.13,$13.23,1.9,$16.69,1.51,$-0.31,0.0,$0.81,31.02,$0.10B,$0.03B,3.35,$0.00B,$0.16B,0.0,$0.19B,$0.04B,21.88%,$0.19B,$0.02B,7.81%,$0.19B,$0.02B,7.81%,$0.19B,$0.02B,9.90%,$0.19B,$0.02B,8.33%,$0.19B,$0.01B,5.21%,$0.01B,$0.16B,7.19%,$0.01B,$0.07B,15.81%,$0.01B,$0.19B,5.90%,$0.02B,$0.16B,10.49%,$56,$47,$8,$0,$6,$55,$1,$0,$1,$1,$1,$1,$1,$2,$1,$11,12,$0.04,$0.04,$43,$0,$0,$96,$3,$0,$86,$7,$97,$192,$29,$1,$0,$5,$33,$0,$18,$0,$159,$192,$9,$4,$5,$8,$-15,$0,$0,$2,$-11,$7,$-1,$0,$-18,$-0,$0,$-0,$-7,$-26,$-17,$0,$-17,$66,$66,$0,$2,$50,$32,$0,$0
