,Date,Stock Price,Book Value per Share,Price to Book Ratio,TTM Sales per Share,Price to Sales Ratio,TTM FCF per Share,Price to FCF Ratio,TTM Net EPS,PE Ratio,Current Assets,Current Liabilities,Current Ratio,Long Term Debt,Shareholder's Equity_x,Debt to Equity Ratio,TTM Revenue_x,TTM Gross Profit,Gross Margin,TTM Revenue_y,TTM Operating Income,Operating Margin,TTM Revenue_x,TTM EBIT,EBIT Margin,TTM Revenue_y,TTM EBITDA,EBITDA Margin,TTM Revenue_x,TTM Pre-Tax Income,Pre-Tax Margin,TTM Revenue_y,TTM Net Income_x,Net Margin,TTM Net Income_y,Shareholder's Equity_y,Return on Equity,TTM Net Income_x,Tangible Equity,Return on Tangible Equity,TTM Net Income_y,Total Assets,Return on Assets,TTM Net Income,LT Investments & Debt,Return on Investment,revenue,cost-goods-sold,gross-profit,research-development-expenses,selling-general-administrative-expenses,operating-expenses,operating-income,total-non-operating-income-expense,pre-tax-income,total-provision-income-taxes,income-after-taxes,income-from-continuous-operations,net-income,ebitda,ebit,basic-shares-outstanding,shares-outstanding,eps-basic-net-earnings-per-share,eps-earnings-per-share-diluted,cash-on-hand,inventory,other-current-assets,total-current-assets,net-property-plant-equipment,long-term-investments,goodwill-intangible-assets-total,other-long-term-assets,total-long-term-assets,total-assets,total-current-liabilities,long-term-debt,other-non-current-liabilities,total-long-term-liabilities,total-liabilities,common-stock-net,retained-earnings-accumulated-deficit,comprehensive-income,total-share-holder-equity,total-liabilities-share-holders-equity,net-income-loss,total-depreciation-amortization-cash-flow,other-non-cash-items,total-non-cash-items,change-in-accounts-receivable,change-in-inventories,change-in-accounts-payable,change-in-assets-liabilities,total-change-in-assets-liabilities,cash-flow-from-operating-activities,net-change-in-property-plant-equipment,net-change-in-intangible-assets,net-acquisitions-divestitures,net-change-in-short-term-investments,net-change-in-long-term-investments,net-change-in-investments-total,investing-activities-other,cash-flow-from-investing-activities,net-long-term-debt,net-current-debt,debt-issuance-retirement-net-total,net-common-equity-issued-repurchased,net-total-equity-issued-repurchased,total-common-preferred-stock-dividends-paid,financial-activities-other,cash-flow-from-financial-activities,net-cash-flow,stock-based-compensation,common-stock-dividends-paid
0,2018-09-30,9.7,$1.81,5.35,$0.19,50.46,$-6.88,0.0,$-2.63,0.0,$0.29B,$0.03B,11.38,$0.23B,$0.06B,3.97,$0.01B,$0.01B,100.00%,$0.01B,$-0.11B,-2120.00%,$0.01B,$-0.11B,-2120.00%,$0.01B,$-0.11B,-2120.00%,$0.01B,$-0.11B,-2240.00%,$0.01B,$-0.11B,-2240.00%,$-0.11B,$0.06B,-133.33%,$-0.11B,$0.06B,-134.13%,$-0.11B,$0.32B,-44.76%,$-0.11B,$0.29B,-48.29%,$0,$0,$0,$16,$14,$30,$-30,$-2,$-32,$0,$-32,$-32,$-32,$-30,$-30,$32,32,$-1.01,$-1.01,$289,$0,$0,$293,$1,$23,$1,$0,$25,$318,$26,$229,$6,$235,$260,$0,$-560,$-0,$58,$318,$-90,$-1,$18,$17,$5,$0,$0,$0,$10,$-62,$-0,$0,$0,$-105,$0,$-105,$0,$-105,$169,$0,$169,$52,$52,$0,$0,$221,$54,$13,$0
1,2018-06-30,10.2,$2.70,3.78,$0.19,53.38,$-6.98,0.0,$-3.40,0.0,$0.27B,$0.03B,7.88,$0.20B,$0.09B,2.37,$0.01B,$0.01B,100.00%,$0.01B,$-0.10B,-1920.00%,$0.01B,$-0.10B,-1920.00%,$0.01B,$-0.10B,-1920.00%,$0.01B,$-0.10B,-2020.00%,$0.01B,$-0.10B,-2020.00%,$-0.10B,$0.09B,-106.88%,$-0.10B,$0.09B,-107.45%,$-0.10B,$0.33B,-47.36%,$-0.10B,$0.29B,-51.82%,$0,$0,$0,$15,$13,$28,$-28,$-2,$-30,$0,$-30,$-30,$-30,$-28,$-28,$32,32,$-0.94,$-0.94,$264,$0,$0,$268,$1,$57,$1,$0,$60,$328,$34,$203,$6,$208,$242,$0,$-528,$-0,$85,$328,$-57,$0,$11,$11,$5,$0,$0,$-0,$5,$-42,$-0,$0,$0,$-148,$0,$-148,$0,$-148,$159,$0,$159,$52,$52,$0,$0,$211,$21,$9,$0
2,2018-03-31,13.0,$3.52,3.69,$0.46,27.98,$-7.19,0.0,$-3.12,0.0,$0.19B,$0.02B,8.06,$0.05B,$0.11B,0.47,$0.01B,$0.01B,100.00%,$0.01B,$-0.09B,-653.85%,$0.01B,$-0.09B,-653.85%,$0.01B,$-0.08B,-646.15%,$0.01B,$-0.09B,-676.92%,$0.01B,$-0.09B,-684.62%,$-0.09B,$0.11B,-87.68%,$-0.09B,$0.11B,-88.34%,$-0.09B,$0.19B,-50.35%,$-0.09B,$0.16B,-55.28%,$0,$0,$0,$15,$12,$27,$-27,$-1,$-28,$0,$-28,$-28,$-28,$-27,$-27,$31,31,$-0.91,$-0.91,$185,$0,$0,$188,$2,$0,$1,$1,$3,$191,$23,$52,$5,$57,$81,$0,$-498,$-0,$111,$191,$-28,$0,$5,$5,$5,$0,$0,$0,$4,$-19,$-0,$0,$0,$-19,$0,$-19,$0,$-19,$0,$0,$0,$52,$52,$0,$0,$52,$14,$4,$0
3,2017-12-31,17.9,$2.95,6.06,$0.46,38.5,$-7.63,0.0,$-3.35,0.0,$0.16B,$0.02B,9.56,$0.06B,$0.08B,0.72,$0.01B,$0.01B,100.00%,$0.01B,$-0.09B,-653.85%,$0.01B,$-0.09B,-653.85%,$0.01B,$-0.08B,-638.46%,$0.01B,$-0.09B,-676.92%,$0.01B,$-0.09B,-684.62%,$-0.09B,$0.08B,-93.68%,$-0.09B,$0.08B,-94.68%,$-0.09B,$0.16B,-53.70%,$-0.09B,$0.14B,-58.93%,$5,$0,$5,$14,$12,$26,$-21,$-1,$-22,$0,$-22,$-22,$-22,$-21,$-21,$27,27,$-0.75,$-0.75,$152,$0,$0,$160,$2,$0,$1,$1,$3,$164,$17,$59,$5,$64,$81,$0,$-470,$-0,$82,$164,$-89,$1,$17,$19,$-5,$0,$0,$1,$-8,$-79,$-1,$0,$0,$-49,$7,$-42,$1,$-42,$20,$0,$20,$83,$83,$0,$0,$103,$-18,$17,$0
4,2017-09-30,25.1,$3.58,7.01,$0.28,90.96,$-9.34,0.0,$-3.73,0.0,$0.17B,$0.02B,10.52,$0.05B,$0.10B,0.49,$0.01B,$0.01B,100.00%,$0.01B,$-0.09B,-1125.00%,$0.01B,$-0.09B,-1125.00%,$0.01B,$-0.09B,-1087.50%,$0.01B,$-0.09B,-1150.00%,$0.01B,$-0.09B,-1162.50%,$-0.09B,$0.10B,-100.54%,$-0.09B,$0.10B,-102.20%,$-0.09B,$0.17B,-58.58%,$-0.09B,$0.15B,-65.93%,$0,$0,$0,$12,$8,$20,$-20,$-1,$-21,$0,$-21,$-21,$-21,$-20,$-20,$28,28,$-0.77,$-0.77,$164,$0,$0,$166,$2,$0,$1,$1,$4,$170,$16,$49,$5,$54,$70,$0,$-448,$-0,$100,$170,$-67,$1,$13,$14,$1,$0,$0,$1,$-3,$-56,$-1,$0,$0,$-56,$0,$-56,$0,$-57,$10,$0,$10,$82,$82,$0,$0,$92,$-21,$13,$0
5,2017-06-30,24.1,$4.11,5.87,$0.28,87.48,$-10.38,0.0,$-4.00,0.0,$0.18B,$0.02B,11.88,$0.05B,$0.11B,0.43,$0.01B,$0.01B,100.00%,$0.01B,$-0.09B,-1162.50%,$0.01B,$-0.09B,-1162.50%,$0.01B,$-0.09B,-1125.00%,$0.01B,$-0.10B,-1187.50%,$0.01B,$-0.10B,-1200.00%,$-0.10B,$0.11B,-108.17%,$-0.10B,$0.11B,-110.03%,$-0.10B,$0.18B,-64.32%,$-0.09B,$0.16B,-74.10%,$8,$0,$8,$15,$9,$24,$-17,$-1,$-17,$1,$-18,$-18,$-18,$-16,$-17,$27,27,$-0.66,$-0.66,$175,$0,$0,$178,$2,$0,$1,$1,$4,$182,$15,$49,$5,$54,$69,$0,$-427,$-0,$113,$182,$-46,$1,$9,$10,$1,$0,$0,$0,$-5,$-41,$-1,$0,$0,$-49,$0,$-49,$0,$-50,$10,$0,$10,$79,$79,$0,$0,$89,$-2,$9,$0
6,2017-03-31,19.25,$3.29,5.84,$0.00,0.0,$-11.15,0.0,$-5.03,0.0,$0.14B,$0.02B,7.66,$0.04B,$0.09B,0.46,$0.00B,0,nan%,$0.00B,$-0.11B,inf%,$0.00B,$-0.11B,inf%,$0.00B,$-0.10B,inf%,$0.00B,$-0.11B,inf%,$0.00B,$-0.11B,inf%,$-0.11B,$0.09B,-124.14%,$-0.11B,$0.08B,-126.69%,$-0.11B,$0.15B,-75.26%,$-0.11B,$0.12B,-90.99%,$0,$0,$0,$19,$8,$27,$-27,$-1,$-28,$0,$-28,$-28,$-28,$-26,$-27,$24,24,$-1.14,$-1.14,$140,$0,$0,$143,$2,$0,$2,$1,$5,$147,$19,$39,$5,$44,$63,$0,$-409,$-0,$85,$147,$-28,$0,$4,$4,$0,$0,$0,$0,$-2,$-25,$-1,$0,$0,$-3,$0,$-3,$0,$-4,$0,$0,$0,$37,$37,$0,$0,$37,$8,$4,$0
7,2016-12-31,15.4,$3.06,5.02,0,0.0,$-11.14,0.0,$-5.67,0.0,$0.13B,$0.02B,6.47,$0.04B,$0.07B,0.54,$0.00B,0,nan%,$0.00B,$-0.11B,inf%,$0.00B,$-0.11B,inf%,$0.00B,$-0.11B,inf%,$0.00B,$-0.11B,inf%,$0.00B,$-0.11B,inf%,$-0.11B,$0.07B,-132.14%,$-0.11B,$0.07B,-134.95%,$-0.11B,$0.14B,-80.73%,$-0.11B,$0.11B,-101.15%,$0,$0,$0,$20,$7,$26,$-26,$-1,$-26,$0,$-26,$-26,$-26,$-25,$-26,$20,20,$-1.00,$-1.00,$129,$0,$0,$132,$1,$0,$2,$1,$4,$136,$20,$39,$5,$44,$64,$0,$-380,$-0,$72,$136,$-112,$2,$11,$13,$5,$0,$0,$-2,$5,$-94,$-1,$0,$0,$-76,$0,$-76,$2,$-75,$20,$0,$20,$71,$71,$0,$0,$91,$-78,$11,$0
8,2016-09-30,13.01,$3.78,3.44,0,0.0,$-9.83,0.0,$-5.71,0.0,$0.13B,$0.02B,5.86,$0.02B,$0.09B,0.23,$0.00B,0,nan%,$0.00B,$-0.10B,inf%,$0.00B,$-0.10B,inf%,$0.00B,$-0.10B,inf%,$0.00B,$-0.11B,inf%,$0.00B,$-0.11B,inf%,$-0.11B,$0.09B,-116.16%,$-0.11B,$0.08B,-118.44%,$-0.11B,$0.13B,-75.71%,$-0.10B,$0.11B,-93.48%,$0,$0,$0,$17,$6,$23,$-23,$-1,$-24,$0,$-24,$-24,$-24,$-23,$-23,$23,23,$-1.04,$-1.04,$124,$0,$0,$127,$1,$0,$2,$1,$4,$132,$22,$20,$5,$24,$46,$0,$-354,$0,$85,$132,$-85,$1,$9,$10,$5,$0,$0,$-0,$6,$-70,$-0,$0,$0,$-68,$0,$-68,$-1,$-70,$0,$0,$0,$61,$61,$0,$0,$61,$-78,$8,$0
9,2016-06-30,13.91,$4.70,2.96,0,0.0,$-8.98,0.0,$-6.00,0.0,$0.16B,$0.03B,5.45,$0.02B,$0.11B,0.18,$0.00B,0,nan%,$0.00B,$-0.10B,inf%,$0.00B,$-0.10B,inf%,$0.00B,$-0.10B,inf%,$0.00B,$-0.11B,inf%,$0.00B,$-0.11B,inf%,$-0.11B,$0.11B,-105.00%,$-0.11B,$0.10B,-107.14%,$-0.11B,$0.16B,-71.31%,$-0.10B,$0.13B,-86.67%,$0,$0,$0,$22,$8,$30,$-30,$-1,$-30,$0,$-30,$-30,$-30,$-29,$-30,$18,18,$-1.69,$-1.69,$153,$0,$0,$155,$1,$0,$2,$1,$4,$159,$28,$20,$5,$24,$53,$0,$-330,$0,$106,$159,$-62,$1,$6,$6,$7,$0,$0,$-0,$15,$-41,$-0,$0,$0,$-63,$0,$-63,$-1,$-65,$0,$0,$0,$62,$62,$0,$0,$62,$-44,$5,$0
10,2016-03-31,15.17,$4.14,3.66,0,0.0,$-7.76,0.0,$-5.27,0.0,$0.12B,$0.03B,4.59,$0.02B,$0.07B,0.27,$0.00B,0,nan%,$0.00B,$-0.09B,inf%,$0.00B,$-0.09B,inf%,$0.00B,$-0.09B,inf%,$0.00B,$-0.09B,inf%,$0.00B,$-0.09B,inf%,$-0.09B,$0.07B,-83.68%,$-0.09B,$0.07B,-85.45%,$-0.09B,$0.12B,-61.69%,$-0.09B,$0.09B,-72.73%,$0,$0,$0,$24,$6,$31,$-31,$-1,$-31,$0,$-31,$-31,$-31,$-30,$-31,$18,18,$-1.78,$-1.78,$115,$0,$0,$119,$1,$0,$2,$1,$4,$123,$26,$20,$5,$24,$50,$0,$-300,$0,$73,$123,$-31,$0,$3,$3,$4,$0,$0,$-0,$10,$-19,$-0,$0,$0,$-68,$0,$-68,$-1,$-69,$0,$0,$0,$1,$1,$0,$0,$1,$-87,$2,$0
11,2015-12-31,18.97,$5.75,3.3,0,0.0,$-6.94,0.0,$-4.23,0.0,$0.14B,$0.02B,6.95,$0.02B,$0.10B,0.19,$0.00B,0,nan%,$0.00B,$-0.07B,inf%,$0.00B,$-0.07B,inf%,$0.00B,$-0.07B,inf%,$0.00B,$-0.07B,inf%,$0.00B,$-0.07B,inf%,$-0.07B,$0.10B,-63.53%,$-0.07B,$0.10B,-64.99%,$-0.07B,$0.15B,-50.09%,$-0.07B,$0.12B,-57.49%,$0,$0,$0,$15,$6,$20,$-20,$-1,$-21,$0,$-21,$-21,$-21,$-20,$-20,$17,17,$-1.26,$-1.26,$134,$0,$0,$142,$1,$0,$2,$1,$4,$146,$21,$20,$5,$24,$45,$0,$-269,$0,$101,$146,$-71,$1,$5,$6,$-3,$0,$0,$-1,$11,$-55,$-1,$0,$0,$0,$0,$0,$0,$-1,$19,$0,$19,$72,$72,$0,$0,$91,$35,$5,$0
12,2015-09-30,19.0,$6.83,2.78,$1.58,12.01,$-10.90,0.0,$-4.19,0.0,$0.16B,$0.01B,11.39,$0.02B,$0.12B,0.16,$0.00B,$0.00B,100.00%,$0.00B,$-0.05B,-1300.00%,$0.00B,$-0.05B,-1300.00%,$0.00B,$-0.05B,-1275.00%,$0.00B,$-0.06B,-1525.00%,$0.00B,$-0.06B,-1525.00%,$-0.06B,$0.12B,-55.33%,$-0.06B,$0.12B,-57.01%,$-0.06B,$0.16B,-45.95%,$-0.05B,$0.14B,-45.12%,$0,$0,$0,$18,$6,$23,$-23,$-0,$-23,$0,$-23,$-23,$-23,$-23,$-23,$18,18,$-1.33,$-1.33,$146,$0,$8,$155,$1,$0,$2,$3,$6,$161,$14,$20,$7,$27,$41,$0,$-248,$0,$120,$161,$-50,$1,$3,$3,$-1,$0,$0,$-1,$7,$-39,$-1,$0,$0,$0,$0,$0,$0,$-0,$19,$0,$19,$71,$71,$0,$0,$90,$51,$3,$0
13,2015-06-30,25.77,$8.03,3.21,$1.58,16.29,$-68.79,0.0,$-358.04,0.0,$0.15B,$0.01B,13.55,$0.00B,$0.14B,0.0,$0.00B,$0.00B,100.00%,$0.00B,$-0.03B,-800.00%,$0.00B,$-0.03B,-800.00%,$0.00B,$-0.03B,-775.00%,$0.00B,$-0.04B,-1025.00%,$0.00B,$-0.04B,-1050.00%,$-0.04B,$0.14B,-47.32%,$-0.04B,$0.14B,-48.84%,$-0.04B,$0.16B,-41.28%,$-0.03B,$0.14B,-36.06%,$0,$0,$0,$11,$4,$16,$-16,$-0,$-16,$0,$-16,$-16,$-16,$-16,$-16,$16,16,$-0.96,$-0.96,$149,$0,$5,$154,$0,$0,$3,$3,$6,$160,$11,$0,$8,$8,$19,$0,$-224,$0,$141,$160,$-26,$0,$1,$2,$0,$0,$0,$-1,$7,$-17,$-0,$0,$0,$0,$0,$0,$-0,$-1,$0,$0,$0,$71,$71,$0,$0,$71,$53,$1,$0
14,2015-03-31,31.26,$5.86,5.33,$5.72,5.46,$-148.69,0.0,$-398.87,0.0,$0.09B,$0.01B,12.91,$0.00B,$0.09B,0.0,$0.00B,$0.00B,100.00%,$0.00B,$-0.02B,-450.00%,$0.00B,$-0.02B,-450.00%,$0.00B,$-0.02B,-425.00%,$0.00B,$-0.03B,-675.00%,$0.00B,$-0.03B,-725.00%,$-0.03B,$0.09B,-45.31%,$-0.03B,$0.08B,-46.77%,$-0.03B,$0.10B,-39.86%,$-0.02B,$0.09B,-28.13%,$0,$0,$0,$7,$4,$11,$-11,$0,$-11,$0,$-11,$-11,$-11,$-10,$-11,$14,14,$-0.74,$-0.74,$93,$0,$1,$94,$0,$0,$3,$3,$6,$100,$7,$0,$8,$8,$15,$0,$-208,$0,$85,$100,$-11,$0,$-0,$0,$4,$0,$0,$-0,$7,$-3,$-0,$0,$0,$0,$0,$0,$0,$-0,$0,$0,$0,$0,$0,$0,$0,$0,$-3,$0,$0
15,2014-12-31,38.55,$6.60,5.84,$6.43,6.0,$-202.07,0.0,$-399.93,0.0,$0.10B,$0.00B,27.09,$0.00B,$0.10B,0.0,$0.00B,$0.00B,100.00%,$0.00B,$-0.01B,-200.00%,$0.00B,$-0.01B,-200.00%,$0.00B,$-0.01B,-200.00%,$0.00B,$-0.02B,-425.00%,$0.00B,$-0.02B,-475.00%,$-0.02B,$0.10B,-31.67%,$-0.02B,$0.09B,-32.34%,$-0.02B,$0.11B,-29.01%,$-0.01B,$0.10B,-13.33%,$4,$0,$4,$3,$2,$6,$-2,$-9,$-11,$0,$-11,$-11,$-11,$-2,$-2,$3,3,$84.82,$84.82,$96,$0,$0,$101,$0,$0,$6,$3,$9,$110,$4,$0,$11,$11,$15,$0,$-198,$0,$95,$110,$-18,$0,$11,$11,$-5,$0,$0,$-0,$-12,$-19,$0,$0,$0,$0,$0,$0,$14,$14,$11,$0,$11,$90,$90,$0,$-1,$100,$95,$1,$0
16,2014-09-30,23.33,$21.44,1.09,$97.23,0.24,$-297.31,0.0,$-402.25,0.0,$0.04B,$0.00B,13.96,$0.00B,$0.03B,0.0,$0.01B,$0.01B,100.00%,$0.01B,$0.01B,133.33%,$0.01B,$0.01B,133.33%,$0.01B,$0.00B,83.33%,$0.01B,$0.01B,183.33%,$0.01B,$0.00B,33.33%,$0.00B,$0.03B,7.21%,$0.00B,$0.03B,7.21%,$0.00B,$0.04B,5.23%,$0.01B,$0.03B,28.83%,$0,$0,$0,$1,$2,$3,$-3,$-0,$-3,$0,$-3,$-3,$-4,$-3,$-3,$0,0,$-29.48,$-29.48,$36,$0,$0,$37,$0,$0,$0,$0,$0,$37,$3,$0,$0,$0,$3,$0,$-154,$0,$34,$37,$-7,$0,$1,$1,$0,$0,$0,$-0,$-3,$-8,$0,$0,$0,$0,$0,$0,$-0,$0,$10,$0,$10,$0,$0,$0,$-1,$8,$0,$1,$0
17,2014-06-30,22.92,$26.23,0.87,$97.48,0.24,$-243.14,0.0,$-50.07,0.0,$0.04B,$0.00B,17.79,$0.00B,$0.04B,0.0,$0.01B,$0.01B,100.00%,$0.01B,$0.01B,100.00%,$0.01B,$0.01B,100.00%,$0.01B,$0.00B,66.67%,$0.01B,$0.01B,150.00%,$0.01B,$0.00B,16.67%,$0.00B,$0.04B,2.61%,$0.00B,$0.04B,2.61%,$0.00B,$0.04B,2.05%,$0.01B,$0.04B,15.69%,$0,$0,$0,$1,$1,$2,$-2,$-0,$-2,$0,$-2,$-2,$-3,$-2,$-2,$0,0,$-42.23,$-42.23,$43,$0,$0,$44,$0,$0,$0,$0,$0,$44,$2,$0,$0,$0,$2,$0,$-146,$0,$42,$44,$-3,$0,$1,$1,$-0,$0,$0,$3,$-3,$-6,$0,$0,$0,$0,$0,$0,$0,$0,$0,$0,$0,$5,$5,$0,$-1,$5,$-1,$0,$0
18,2014-03-31,21.56,$44.22,0.49,$93.46,0.23,$-166.97,0.0,$-12.61,0.0,$0.07B,$0.00B,36.86,$0.00B,$0.07B,0.0,$0.01B,$0.01B,100.00%,$0.01B,$0.00B,16.67%,$0.01B,$0.00B,16.67%,$0.01B,$0.00B,50.00%,$0.01B,$0.00B,66.67%,$0.01B,$-0.00B,-50.00%,$-0.00B,$0.07B,-6.28%,$-0.00B,$0.07B,-6.28%,$-0.00B,$0.07B,-5.17%,$0.00B,$0.07B,2.09%,$0,$0,$0,$1,$0,$1,$-1,$-0,$-1,$0,$-1,$-1,$-1,$-1,$-1,$0,0,$-20.93,$-20.93,$70,$0,$0,$71,$0,$0,$0,$0,$0,$71,$2,$0,$0,$0,$2,$0,$-142,$0,$69,$71,$-1,$0,$0,$0,$-0,$0,$0,$-0,$-3,$-4,$0,$0,$0,$0,$0,$0,$0,$0,$4,$0,$4,$0,$0,$0,$0,$4,$0,$0,$0
19,2013-12-31,23.52,$-496.59,-0.05,$89.02,0.26,$-116.09,0.0,$-17.53,0.0,$0.00B,$0.04B,0.04,$0.00B,$-0.11B,0.0,$0.00B,0,nan%,$0.00B,$-0.01B,inf%,$0.00B,$-0.01B,inf%,$0.00B,$-0.01B,inf%,$0.00B,$-0.01B,inf%,$0.00B,$-0.01B,inf%,$-0.01B,$-0.03B,-25.00%,$-0.01B,$-0.03B,-25.37%,$-0.01B,$0.00B,-20.88%,$-0.01B,$-0.03B,-15.38%,$6,$0,$6,$-1,$-5,$-9,$14,$3,$17,$0,$17,$17,$10,$11,$14,$0,0,$-171.08,$-171.08,$1,$0,$0,$1,$0,$0,$0,$0,$0,$1,$35,$0,$0,$0,$35,$0,$-180,$0,$-34,$1,$-5,$0,$-3,$-3,$0,$0,$0,$-1,$1,$-6,$0,$0,$0,$0,$0,$0,$0,$0,$6,$0,$6,$0,$0,$0,$0,$6,$0,$0,$0
20,2013-09-30,22.26,$48.61,0.46,$-4.23,0.0,$-23.36,0.0,$-18.25,0.0,$0.08B,$0.00B,25.91,$0.00B,$0.08B,0.0,$-0.01B,$-0.01B,100.00%,$-0.01B,$-0.03B,414.29%,$-0.01B,$-0.03B,414.29%,$-0.01B,$-0.02B,328.57%,$-0.01B,$-0.03B,414.29%,$-0.01B,$-0.03B,428.57%,$-0.03B,$0.08B,-35.61%,$-0.03B,$0.08B,-36.25%,$-0.03B,$0.08B,-34.68%,$-0.03B,$0.08B,-34.42%,$0,$0,$0,$2,$3,$5,$-5,$-0,$-5,$0,$-5,$-5,$-5,$-4,$-5,$2,2,$-3.00,$-3.00,$76,$0,$0,$79,$0,$0,$0,$0,$0,$79,$3,$0,$0,$0,$3,$0,$-134,$0,$76,$79,$-22,$4,$2,$6,$0,$0,$1,$6,$7,$-9,$0,$0,$0,$-64,$47,$-17,$0,$-17,$0,$0,$0,$0,$0,$0,$0,$0,$-26,$2,$0
21,2013-06-30,21.14,$51.15,0.41,$2.04,10.36,$-18.46,0.0,$-12.24,0.0,$0.08B,$0.00B,60.13,$0.00B,$0.08B,0.0,$0.00B,$0.00B,100.00%,$0.00B,$-0.02B,-633.33%,$0.00B,$-0.02B,-633.33%,$0.00B,$-0.01B,-466.67%,$0.00B,$-0.02B,-633.33%,$0.00B,$-0.02B,-666.67%,$-0.02B,$0.08B,-22.10%,$-0.02B,$0.08B,-22.66%,$-0.02B,$0.08B,-21.56%,$-0.02B,$0.08B,-20.99%,$0,$0,$0,$1,$3,$7,$-7,$-0,$-7,$0,$-7,$-7,$-7,$-3,$-7,$2,2,$-4.32,$-4.32,$78,$0,$0,$81,$0,$0,$0,$0,$0,$81,$1,$0,$0,$0,$1,$0,$-129,$-0,$80,$81,$-17,$3,$2,$5,$0,$0,$-1,$6,$5,$-8,$0,$0,$0,$-54,$40,$-14,$0,$-14,$0,$0,$0,$0,$0,$0,$0,$0,$-22,$2,$0
22,2013-03-31,33.53,$54.99,0.61,$2.26,14.83,$-19.40,0.0,$-11.52,0.0,$0.09B,$0.00B,40.2,$0.00B,$0.09B,0.0,$0.00B,$0.00B,100.00%,$0.00B,$-0.02B,-566.67%,$0.00B,$-0.02B,-566.67%,$0.00B,$-0.02B,-533.33%,$0.00B,$-0.02B,-566.67%,$0.00B,$-0.02B,-600.00%,$-0.02B,$0.09B,-19.10%,$-0.02B,$0.08B,-19.73%,$-0.02B,$0.09B,-18.56%,$-0.02B,$0.09B,-18.04%,$-6,$0,$-6,$2,$3,$5,$-10,$-0,$-11,$0,$-11,$-11,$-11,$-10,$-10,$2,2,$-6.72,$-6.72,$81,$0,$0,$85,$0,$0,$3,$0,$3,$88,$2,$0,$0,$0,$2,$0,$-123,$0,$86,$88,$-11,$0,$1,$1,$0,$0,$-0,$6,$5,$-4,$-0,$0,$0,$-29,$24,$-6,$0,$-6,$0,$0,$0,$0,$0,$0,$0,$0,$-10,$1,$0
23,2012-12-31,31.15,$61.32,0.51,$6.00,5.19,$-19.72,0.0,$-9.24,0.0,$0.10B,$0.00B,35.66,$0.00B,$0.10B,0.0,$0.01B,$0.01B,100.00%,$0.01B,$-0.01B,-133.33%,$0.01B,$-0.01B,-133.33%,$0.01B,$-0.01B,-122.22%,$0.01B,$-0.01B,-122.22%,$0.01B,$-0.01B,-133.33%,$-0.01B,$0.10B,-13.60%,$-0.01B,$0.09B,-14.08%,$-0.01B,$0.10B,-13.15%,$-0.01B,$0.10B,-13.60%,$-1,$0,$-1,$3,$2,$5,$-7,$0,$-6,$0,$-6,$-6,$-7,$-6,$-7,$2,2,$-4.20,$-4.20,$85,$0,$0,$95,$0,$0,$3,$0,$3,$98,$3,$0,$0,$0,$3,$0,$-112,$0,$95,$98,$-12,$1,$3,$4,$0,$0,$0,$-6,$-7,$-15,$-0,$0,$0,$-41,$46,$5,$0,$5,$0,$0,$0,$39,$39,$0,$0,$39,$29,$3,$0
24,2012-09-30,37.17,$65.11,0.57,$18.23,2.04,$-15.01,0.0,$-0.60,0.0,$0.10B,$0.00B,30.04,$0.00B,$0.10B,0.0,$0.02B,$0.02B,100.00%,$0.02B,0,0.00%,$0.02B,0,0.00%,$0.02B,$0.00B,4.35%,$0.02B,0,0.00%,$0.02B,0,0.00%,$0.00B,$0.10B,0.00%,$0.00B,$0.10B,0.00%,$0.00B,$0.10B,0.00%,$0.00B,$0.10B,0.00%,$10,$0,$10,$3,$2,$6,$5,$-0,$5,$0,$5,$5,$5,$5,$5,$2,2,$3.12,$3.00,$99,$0,$0,$101,$0,$0,$3,$0,$3,$104,$3,$0,$0,$0,$3,$0,$-106,$0,$101,$104,$-5,$0,$2,$3,$0,$0,$0,$1,$1,$-2,$-0,$0,$0,$23,$0,$23,$0,$23,$0,$0,$0,$39,$39,$0,$0,$39,$59,$2,$0
25,2012-06-30,43.4,$61.64,0.7,$12.27,3.54,$-25.64,0.0,$-8.04,0.0,$0.10B,$0.00B,30.56,$0.00B,$0.10B,0.0,$0.01B,$0.01B,100.00%,$0.01B,$-0.01B,-71.43%,$0.01B,$-0.01B,-71.43%,$0.01B,$-0.01B,-64.29%,$0.01B,$-0.01B,-71.43%,$0.01B,$-0.01B,-71.43%,$-0.01B,$0.10B,-14.29%,$-0.01B,$0.09B,-14.93%,$-0.01B,$0.10B,-13.75%,$-0.01B,$0.10B,-14.29%,$0,$0,$0,$3,$3,$6,$-5,$-0,$-5,$0,$-5,$-5,$-5,$-5,$-5,$1,1,$-3.60,$-3.60,$92,$0,$0,$95,$0,$0,$3,$0,$3,$98,$3,$0,$0,$0,$3,$0,$-110,$-0,$95,$98,$-10,$0,$1,$2,$0,$0,$0,$0,$0,$-8,$-0,$0,$0,$-12,$21,$8,$0,$8,$0,$0,$0,$38,$38,$0,$0,$38,$38,$1,$0
26,2012-03-31,73.64,$40.12,1.84,$14.71,5.01,$-26.88,0.0,$-6.48,0.0,$0.06B,$0.00B,23.62,$0.00B,$0.06B,0.0,$0.02B,$0.02B,100.00%,$0.02B,$-0.01B,-41.18%,$0.02B,$-0.01B,-41.18%,$0.02B,$-0.01B,-35.29%,$0.02B,$-0.01B,-41.18%,$0.02B,$-0.01B,-41.18%,$-0.01B,$0.06B,-11.38%,$-0.01B,$0.06B,-11.97%,$-0.01B,$0.07B,-10.85%,$-0.01B,$0.06B,-11.38%,$0,$0,$0,$2,$3,$5,$-5,$-0,$-5,$0,$-5,$-5,$-5,$-5,$-5,$1,1,$-4.44,$-4.44,$59,$0,$0,$61,$0,$0,$3,$0,$3,$65,$3,$0,$0,$0,$3,$0,$-105,$0,$62,$65,$-5,$0,$1,$1,$0,$0,$-0,$1,$1,$-4,$-0,$0,$0,$-12,$7,$-5,$0,$-5,$0,$0,$0,$1,$1,$0,$0,$1,$-8,$1,$0
27,2011-12-31,54.81,$56.77,0.97,$17.49,3.13,$-27.66,0.0,$-3.72,0.0,$0.07B,$0.00B,19.72,$0.00B,$0.07B,0.0,$0.02B,$0.02B,100.00%,$0.02B,$-0.00B,-20.00%,$0.02B,$-0.00B,-20.00%,$0.02B,$-0.00B,-10.00%,$0.02B,$-0.00B,-20.00%,$0.02B,$-0.00B,-20.00%,$-0.00B,$0.07B,-6.48%,$-0.00B,$0.06B,-6.81%,$-0.00B,$0.07B,-6.11%,$-0.00B,$0.07B,-6.48%,$13,$0,$13,$3,$4,$7,$5,$-0,$5,$0,$5,$5,$5,$6,$5,$1,1,$4.68,$4.68,$63,$0,$0,$66,$0,$0,$3,$0,$3,$69,$3,$0,$0,$0,$3,$0,$-100,$0,$66,$69,$-4,$1,$4,$6,$0,$0,$0,$-9,$-8,$-6,$-0,$0,$0,$-52,$54,$1,$0,$1,$0,$0,$0,$1,$1,$0,$0,$1,$-3,$4,$0
28,2011-09-30,46.34,$50.55,0.92,$8.92,5.2,$-40.09,0.0,$-10.56,0.0,$0.06B,$0.00B,23.62,$0.00B,$0.06B,0.0,$0.01B,$0.01B,100.00%,$0.01B,$-0.01B,-120.00%,$0.01B,$-0.01B,-120.00%,$0.01B,$-0.01B,-100.00%,$0.01B,$-0.01B,-120.00%,$0.01B,$-0.01B,-120.00%,$-0.01B,$0.06B,-19.59%,$-0.01B,$0.05B,-20.60%,$-0.01B,$0.06B,-17.98%,$-0.01B,$0.06B,-19.59%,$1,$0,$1,$3,$3,$6,$-5,$-0,$-5,$0,$-5,$-5,$-5,$-5,$-5,$1,1,$-4.44,$-4.44,$54,$0,$0,$55,$0,$0,$3,$1,$4,$59,$2,$0,$0,$0,$2,$0,$-105,$0,$57,$59,$-9,$1,$2,$3,$0,$0,$0,$-7,$-7,$-13,$-0,$0,$0,$-38,$42,$3,$0,$3,$0,$0,$0,$0,$0,$0,$0,$0,$-10,$2,$0
29,2011-06-30,76.65,$54.42,1.41,$11.16,6.87,$-40.65,0.0,$-8.64,0.0,$0.06B,$0.00B,16.36,$0.00B,$0.06B,0.0,$0.01B,$0.01B,100.00%,$0.01B,$-0.01B,-83.33%,$0.01B,$-0.01B,-83.33%,$0.01B,$-0.01B,-58.33%,$0.01B,$-0.01B,-83.33%,$0.01B,$-0.01B,-83.33%,$-0.01B,$0.06B,-15.75%,$-0.01B,$0.06B,-16.53%,$-0.01B,$0.07B,-13.89%,$-0.01B,$0.06B,-15.75%,$3,$0,$3,$3,$3,$5,$-2,$-0,$-2,$0,$-2,$-2,$-2,$-2,$-2,$1,1,$-2.04,$-2.04,$60,$0,$0,$61,$0,$0,$3,$1,$4,$65,$4,$0,$0,$0,$4,$0,$-100,$0,$61,$65,$-4,$1,$1,$2,$0,$0,$1,$-6,$-6,$-8,$-0,$0,$0,$-35,$34,$-1,$0,$-1,$0,$0,$0,$0,$0,$0,$0,$0,$-9,$1,$0
30,2011-03-31,57.33,$55.80,1.03,$11.18,5.13,$-41.98,0.0,$-8.40,0.0,$0.07B,$0.01B,10.3,$0.00B,$0.06B,0.0,$0.01B,$0.01B,100.00%,$0.01B,$-0.01B,-83.33%,$0.01B,$-0.01B,-83.33%,$0.01B,$-0.01B,-58.33%,$0.01B,$-0.01B,-83.33%,$0.01B,$-0.01B,-83.33%,$-0.01B,$0.06B,-15.33%,$-0.01B,$0.06B,-16.06%,$-0.01B,$0.07B,-12.99%,$-0.01B,$0.06B,-15.33%,$3,$0,$3,$2,$3,$5,$-2,$-0,$-2,$0,$-2,$-2,$-2,$-1,$-2,$1,1,$-1.68,$-1.68,$63,$0,$0,$65,$1,$0,$3,$1,$4,$69,$6,$0,$0,$0,$7,$0,$-98,$0,$63,$69,$-2,$0,$1,$1,$0,$0,$0,$-3,$-4,$-4,$-0,$0,$0,$-18,$12,$-6,$0,$-6,$0,$0,$0,$0,$0,$0,$0,$0,$-10,$1,$0
31,2010-12-31,51.8,$56.95,0.91,$11.19,4.63,$-42.96,0.0,$-8.40,0.0,$0.07B,$0.01B,7.2,$0.00B,$0.06B,0.0,$0.01B,$0.01B,100.00%,$0.01B,$-0.01B,-83.33%,$0.01B,$-0.01B,-83.33%,$0.01B,$-0.01B,-58.33%,$0.01B,$-0.01B,-83.33%,$0.01B,$-0.01B,-83.33%,$-0.01B,$0.06B,-14.93%,$-0.01B,$0.06B,-15.63%,$-0.01B,$0.07B,-12.16%,$-0.01B,$0.06B,-14.93%,$3,$0,$3,$3,$3,$6,$-3,$-0,$-3,$0,$-3,$-3,$-3,$-2,$-3,$1,1,$-2.28,$-2.28,$68,$0,$0,$69,$1,$0,$3,$1,$4,$74,$10,$0,$0,$0,$10,$0,$-96,$0,$64,$74,$-9,$2,$2,$3,$0,$0,$-0,$-12,$-14,$-20,$-0,$0,$0,$-107,$123,$16,$0,$16,$0,$0,$0,$0,$0,$0,$0,$0,$-3,$2,$0
32,2010-09-30,48.79,$58.85,0.83,$11.48,4.25,$-24.90,0.0,$-8.16,0.0,$0.08B,$0.01B,5.45,$0.00B,$0.07B,0.0,$0.01B,$0.01B,100.00%,$0.01B,$-0.01B,-75.00%,$0.01B,$-0.01B,-75.00%,$0.01B,$-0.01B,-58.33%,$0.01B,$-0.01B,-75.00%,$0.01B,$-0.01B,-75.00%,$-0.01B,$0.07B,-13.09%,$-0.01B,$0.06B,-13.69%,$-0.01B,$0.08B,-10.29%,$-0.01B,$0.07B,-13.09%,$3,$0,$3,$3,$3,$6,$-3,$-0,$-3,$0,$-3,$-3,$-3,$-2,$-3,$1,1,$-2.52,$-2.52,$74,$0,$0,$76,$1,$0,$3,$1,$5,$80,$14,$0,$0,$0,$14,$0,$-94,$0,$66,$80,$-7,$1,$1,$3,$0,$0,$1,$-9,$-10,$-14,$-0,$0,$0,$-79,$89,$9,$0,$9,$0,$0,$0,$0,$0,$0,$0,$0,$-4,$1,$0
33,2010-06-30,58.31,$60.90,0.96,$10.58,5.51,$-8.82,0.0,$-9.12,0.0,$0.08B,$0.02B,5.27,$0.00B,$0.07B,0.0,$0.01B,$0.01B,100.00%,$0.01B,$-0.01B,-90.91%,$0.01B,$-0.01B,-90.91%,$0.01B,$-0.01B,-72.73%,$0.01B,$-0.01B,-90.91%,$0.01B,$-0.01B,-90.91%,$-0.01B,$0.07B,-14.18%,$-0.01B,$0.07B,-14.81%,$-0.01B,$0.09B,-10.81%,$-0.01B,$0.07B,-14.13%,$3,$0,$3,$2,$3,$5,$-2,$-0,$-2,$0,$-2,$-2,$-2,$-2,$-2,$1,1,$-1.80,$-1.80,$79,$0,$0,$80,$1,$0,$3,$1,$5,$85,$15,$0,$1,$2,$17,$0,$-91,$0,$68,$85,$-4,$1,$1,$2,$0,$0,$0,$-6,$-7,$-9,$-0,$0,$0,$-60,$62,$2,$0,$2,$0,$0,$0,$0,$0,$0,$0,$0,$-7,$1,$0
34,2010-03-31,55.79,$62.35,0.89,$7.78,7.17,$-14.70,0.0,$-13.81,0.0,$0.09B,$0.02B,5.62,$0.00B,$0.07B,0.0,$0.01B,$0.01B,100.00%,$0.01B,$-0.02B,-187.50%,$0.01B,$-0.02B,-187.50%,$0.01B,$-0.01B,-162.50%,$0.01B,$-0.02B,-187.50%,$0.01B,$-0.02B,-187.50%,$-0.02B,$0.07B,-20.69%,$-0.02B,$0.07B,-21.58%,$-0.02B,$0.09B,-16.39%,$-0.02B,$0.07B,-20.55%,$3,$0,$3,$2,$3,$5,$-2,$-0,$-2,$0,$-2,$-2,$-2,$-1,$-2,$1,1,$-1.68,$-1.68,$83,$0,$0,$85,$1,$0,$3,$1,$5,$90,$15,$0,$1,$5,$20,$0,$-89,$0,$70,$90,$-2,$0,$0,$1,$0,$0,$0,$-3,$-4,$-5,$-0,$0,$0,$-34,$28,$-7,$0,$-7,$0,$0,$0,$0,$0,$0,$0,$0,$-12,$0,$0
35,2009-12-31,47.6,$63.75,0.75,$4.98,9.56,$-20.78,0.0,$-23.53,0.0,$0.09B,$0.02B,5.62,$0.00B,$0.07B,0.0,$0.01B,$0.01B,100.00%,$0.01B,$-0.02B,-440.00%,$0.01B,$-0.02B,-440.00%,$0.01B,$-0.02B,-400.00%,$0.01B,$-0.02B,-440.00%,$0.01B,$-0.02B,-440.00%,$-0.02B,$0.07B,-29.04%,$-0.02B,$0.07B,-30.24%,$-0.02B,$0.10B,-24.18%,$-0.02B,$0.07B,-28.85%,$3,$0,$3,$2,$3,$5,$-2,$-0,$-2,$0,$-2,$-2,$-2,$-2,$-2,$1,1,$-0.12,$-0.12,$89,$0,$0,$90,$1,$0,$3,$1,$5,$95,$16,$0,$1,$8,$24,$0,$-87,$0,$71,$95,$-22,$2,$1,$3,$0,$0,$0,$20,$20,$1,$-0,$0,$0,$-128,$95,$-33,$48,$15,$-3,$0,$-3,$0,$0,$0,$0,$-3,$13,$1,$0
