,Date,Stock Price,Book Value per Share,Price to Book Ratio,TTM Sales per Share,Price to Sales Ratio,TTM FCF per Share,Price to FCF Ratio,TTM Net EPS,PE Ratio,Current Assets,Current Liabilities,Current Ratio,Long Term Debt,Shareholder's Equity_x,Debt to Equity Ratio,TTM Revenue_x,TTM Gross Profit,Gross Margin,TTM Revenue_y,TTM Operating Income,Operating Margin,TTM Revenue_x,TTM EBIT,EBIT Margin,TTM Revenue_y,TTM EBITDA,EBITDA Margin,TTM Revenue_x,TTM Pre-Tax Income,Pre-Tax Margin,TTM Revenue_y,TTM Net Income_x,Net Margin,TTM Net Income_y,Shareholder's Equity_y,Return on Equity,TTM Net Income_x,Tangible Equity,Return on Tangible Equity,TTM Net Income_y,Total Assets,Return on Assets,TTM Net Income,LT Investments & Debt,Return on Investment,revenue,cost-goods-sold,gross-profit,research-development-expenses,selling-general-administrative-expenses,operating-expenses,operating-income,total-non-operating-income-expense,pre-tax-income,total-provision-income-taxes,income-after-taxes,income-from-continuous-operations,net-income,ebitda,ebit,basic-shares-outstanding,shares-outstanding,eps-basic-net-earnings-per-share,eps-earnings-per-share-diluted,cash-on-hand,inventory,other-current-assets,total-current-assets,net-property-plant-equipment,long-term-investments,goodwill-intangible-assets-total,other-long-term-assets,total-long-term-assets,total-assets,total-current-liabilities,long-term-debt,other-non-current-liabilities,total-long-term-liabilities,total-liabilities,common-stock-net,retained-earnings-accumulated-deficit,comprehensive-income,total-share-holder-equity,total-liabilities-share-holders-equity,net-income-loss,total-depreciation-amortization-cash-flow,other-non-cash-items,total-non-cash-items,change-in-accounts-receivable,change-in-inventories,change-in-accounts-payable,change-in-assets-liabilities,total-change-in-assets-liabilities,cash-flow-from-operating-activities,net-change-in-property-plant-equipment,net-change-in-intangible-assets,net-acquisitions-divestitures,net-change-in-short-term-investments,net-change-in-long-term-investments,net-change-in-investments-total,investing-activities-other,cash-flow-from-investing-activities,net-long-term-debt,net-current-debt,debt-issuance-retirement-net-total,net-common-equity-issued-repurchased,net-total-equity-issued-repurchased,total-common-preferred-stock-dividends-paid,financial-activities-other,cash-flow-from-financial-activities,net-cash-flow,stock-based-compensation,common-stock-dividends-paid
0,2018-09-30,1.55,$1.31,1.18,$7.96,0.19,$0.68,2.27,$-0.11,0.0,$0.07B,$0.05B,1.31,$0.01B,$0.04B,0.21,$0.29B,$0.08B,28.67%,$0.29B,$0.00B,0.68%,$0.29B,$0.00B,0.68%,$0.29B,$0.01B,2.73%,$0.29B,$0.00B,0.34%,$0.29B,$-0.00B,-1.37%,$-0.00B,$0.04B,-9.58%,$-0.00B,$0.04B,-9.76%,$-0.00B,$0.11B,-3.77%,$0.00B,$0.05B,3.96%,$69,$50,$19,$0,$14,$70,$-1,$1,$0,$0,$0,$0,$0,$1,$-1,$35,35,$0.01,$0.01,$8,$53,$4,$69,$15,$0,$1,$2,$37,$106,$53,$9,$2,$11,$64,$0,$-132,$1,$43,$106,$1,$5,$3,$7,$-1,$1,$0,$-3,$3,$11,$-4,$0,$0,$0,$0,$0,$0,$-4,$0,$-0,$-0,$0,$0,$-0,$-1,$-1,$5,$2,$0
1,2018-06-30,1.5,$1.28,1.17,$7.86,0.19,$0.71,2.11,$-0.10,0.0,$0.07B,$0.05B,1.29,$0.01B,$0.04B,0.21,$0.30B,$0.09B,29.19%,$0.30B,$0.00B,1.34%,$0.30B,$0.00B,1.34%,$0.30B,$0.01B,3.36%,$0.30B,$0.00B,0.67%,$0.30B,$-0.00B,-1.01%,$-0.00B,$0.04B,-7.06%,$-0.00B,$0.04B,-7.19%,$-0.00B,$0.11B,-2.81%,$0.00B,$0.05B,7.77%,$77,$55,$21,$0,$15,$76,$0,$-0,$0,$1,$-0,$-0,$-1,$2,$0,$35,35,$-0.02,$-0.02,$7,$54,$4,$67,$15,$0,$1,$2,$37,$105,$52,$9,$2,$11,$63,$0,$-133,$1,$42,$105,$0,$3,$2,$5,$-0,$0,$0,$-2,$2,$8,$-3,$0,$0,$0,$0,$0,$0,$-3,$0,$-0,$-0,$0,$0,$-0,$-1,$-1,$4,$1,$0
2,2018-03-31,2.05,$1.30,1.58,$7.67,0.27,$0.82,2.5,$0.59,3.47,$0.07B,$0.06B,1.26,$0.01B,$0.04B,0.22,$0.30B,$0.09B,29.57%,$0.30B,$0.01B,1.99%,$0.30B,$0.01B,1.99%,$0.30B,$0.01B,3.65%,$0.30B,$0.00B,1.00%,$0.30B,$0.03B,8.31%,$0.03B,$0.04B,57.47%,$0.03B,$0.04B,58.48%,$0.03B,$0.11B,23.09%,$0.01B,$0.05B,11.37%,$78,$55,$23,$0,$15,$77,$2,$-0,$1,$0,$1,$1,$1,$3,$2,$35,38,$0.02,$0.02,$9,$58,$3,$74,$15,$0,$1,$1,$38,$112,$58,$9,$2,$11,$70,$0,$-132,$1,$42,$112,$1,$2,$1,$3,$-1,$-4,$0,$-1,$5,$9,$-1,$0,$0,$0,$0,$0,$0,$-1,$0,$-0,$-0,$0,$0,$-0,$-0,$-1,$6,$1,$0
3,2017-12-31,2.52,$1.26,2.01,$7.62,0.33,$0.79,3.18,$0.58,4.34,$0.06B,$0.05B,1.28,$0.01B,$0.04B,0.23,$0.30B,$0.09B,29.61%,$0.30B,$0.01B,1.64%,$0.30B,$0.01B,1.64%,$0.30B,$0.01B,3.62%,$0.30B,$0.00B,0.99%,$0.30B,$0.02B,7.89%,$0.02B,$0.04B,63.58%,$0.02B,$0.04B,64.86%,$0.02B,$0.10B,23.47%,$0.01B,$0.05B,10.58%,$69,$48,$21,$0,$13,$68,$1,$-0,$0,$4,$-4,$-4,$-4,$2,$1,$35,40,$-0.11,$-0.09,$3,$54,$3,$63,$15,$0,$1,$1,$38,$101,$49,$9,$2,$11,$60,$0,$-133,$1,$40,$101,$24,$7,$-19,$-12,$1,$-3,$0,$-1,$-0,$12,$-5,$0,$0,$0,$0,$0,$0,$-5,$0,$-1,$-1,$-8,$-8,$-0,$-2,$-11,$-4,$3,$0
4,2017-09-30,2.89,$1.29,2.24,$7.85,0.37,$1.04,2.77,$0.66,4.38,$0.07B,$0.05B,1.29,$0.01B,$0.05B,0.2,$0.31B,$0.09B,29.41%,$0.31B,$0.00B,1.31%,$0.31B,$0.00B,1.31%,$0.31B,$0.01B,3.59%,$0.31B,$0.00B,0.98%,$0.31B,$0.03B,8.50%,$0.03B,$0.05B,77.61%,$0.03B,$0.05B,80.00%,$0.03B,$0.11B,26.67%,$0.00B,$0.06B,9.30%,$74,$52,$22,$0,$14,$72,$1,$-0,$1,$0,$1,$1,$1,$3,$1,$36,39,$0.02,$0.02,$7,$54,$3,$66,$15,$0,$1,$1,$43,$109,$52,$9,$2,$12,$63,$0,$-129,$1,$46,$109,$28,$5,$-24,$-18,$0,$-3,$0,$0,$2,$12,$-4,$0,$0,$0,$0,$0,$0,$-4,$0,$-0,$-0,$-6,$-6,$-0,$-2,$-8,$0,$2,$0
5,2017-06-30,3.23,$1.27,2.54,$7.79,0.41,$1.19,2.71,$0.64,5.05,$0.07B,$0.05B,1.27,$0.01B,$0.05B,0.21,$0.31B,$0.09B,29.51%,$0.31B,$0.00B,1.31%,$0.31B,$0.00B,1.31%,$0.31B,$0.01B,3.61%,$0.31B,$0.00B,0.66%,$0.31B,$0.03B,8.20%,$0.03B,$0.05B,87.72%,$0.03B,$0.05B,90.91%,$0.03B,$0.11B,27.47%,$0.00B,$0.06B,10.46%,$80,$57,$23,$0,$15,$79,$2,$-0,$1,$-26,$27,$27,$27,$3,$2,$35,40,$0.76,$0.67,$10,$52,$3,$68,$16,$0,$1,$1,$43,$111,$53,$9,$2,$12,$65,$0,$-130,$1,$46,$111,$27,$4,$-24,$-21,$1,$-1,$0,$-1,$6,$12,$-2,$0,$0,$0,$0,$0,$0,$-2,$0,$-0,$-0,$-5,$-5,$-0,$-2,$-7,$3,$2,$0
6,2017-03-31,3.35,$0.56,5.98,$7.73,0.43,$1.24,2.69,$-0.01,0.0,$0.07B,$0.06B,1.23,$0.01B,$0.02B,0.5,$0.30B,$0.09B,30.03%,$0.30B,$0.00B,1.32%,$0.30B,$0.00B,1.32%,$0.30B,$0.01B,3.96%,$0.30B,$0.00B,0.66%,$0.30B,$-0.00B,-0.33%,$-0.00B,$0.02B,-4.30%,$-0.00B,$0.02B,-4.49%,$-0.00B,$0.09B,-1.22%,$0.00B,$0.03B,12.03%,$81,$57,$24,$0,$15,$80,$1,$-0,$1,$0,$1,$1,$0,$3,$1,$35,40,$0.02,$0.02,$7,$57,$3,$70,$16,$0,$1,$1,$18,$88,$57,$10,$2,$12,$69,$0,$-157,$1,$19,$88,$0,$2,$1,$3,$0,$-6,$0,$-0,$4,$8,$-1,$0,$0,$0,$0,$0,$0,$-1,$0,$-0,$-0,$-5,$-5,$-0,$-1,$-6,$1,$1,$0
7,2016-12-31,3.52,$0.67,5.23,$7.78,0.45,$1.31,2.68,$0.01,352.0,$0.06B,$0.05B,1.36,$0.01B,$0.02B,0.42,$0.30B,$0.09B,30.36%,$0.30B,$0.01B,1.65%,$0.30B,$0.01B,1.65%,$0.30B,$0.01B,4.29%,$0.30B,$0.00B,0.99%,$0.30B,0,0.00%,$0.00B,$0.02B,0.00%,$0.00B,$0.02B,0.00%,$0.00B,$0.08B,0.00%,$0.01B,$0.03B,14.60%,$71,$50,$21,$0,$14,$71,$0,$-0,$-0,$-0,$-0,$-0,$-2,$2,$0,$35,36,$0.00,$0.00,$7,$51,$3,$64,$16,$0,$1,$1,$18,$82,$47,$10,$2,$12,$59,$0,$-157,$1,$23,$82,$-1,$8,$3,$11,$-0,$0,$0,$2,$11,$22,$-6,$-0,$0,$0,$0,$0,$0,$-6,$0,$-12,$-12,$-0,$-0,$-0,$-1,$-14,$1,$3,$0
8,2016-09-30,3.29,$0.74,4.47,$7.79,0.42,$0.83,3.94,$0.04,82.25,$0.06B,$0.05B,1.39,$0.01B,$0.03B,0.39,$0.30B,$0.09B,30.43%,$0.30B,$0.01B,2.34%,$0.30B,$0.01B,2.34%,$0.30B,$0.02B,5.35%,$0.30B,$0.01B,1.67%,$0.30B,0,0.00%,$0.00B,$0.03B,0.00%,$0.00B,$0.03B,0.00%,$0.00B,$0.08B,0.00%,$0.01B,$0.04B,20.59%,$73,$51,$22,$0,$15,$73,$1,$-0,$0,$-0,$0,$0,$-0,$3,$1,$35,41,$0.01,$0.01,$8,$49,$3,$63,$18,$0,$1,$1,$20,$83,$45,$10,$2,$12,$58,$0,$-155,$0,$26,$83,$1,$6,$2,$8,$0,$2,$0,$-0,$10,$19,$-5,$-0,$0,$0,$0,$0,$0,$-5,$0,$-12,$-12,$1,$1,$-0,$-1,$-13,$2,$2,$0
9,2016-06-30,3.95,$0.72,5.49,$8.06,0.49,$0.52,7.64,$0.04,98.75,$0.06B,$0.04B,1.44,$0.01B,$0.03B,0.4,$0.30B,$0.09B,30.30%,$0.30B,$0.01B,2.02%,$0.30B,$0.01B,2.02%,$0.30B,$0.02B,5.05%,$0.30B,$0.01B,1.68%,$0.30B,0,0.00%,$0.00B,$0.03B,0.00%,$0.00B,$0.02B,0.00%,$0.00B,$0.08B,0.00%,$0.01B,$0.04B,18.18%,$78,$54,$24,$0,$15,$76,$2,$-0,$1,$0,$1,$1,$1,$4,$2,$35,40,$0.03,$0.03,$5,$44,$3,$56,$18,$0,$1,$1,$20,$76,$39,$10,$2,$12,$51,$0,$-155,$0,$25,$76,$2,$4,$1,$5,$0,$7,$0,$-0,$8,$15,$-3,$-0,$0,$0,$0,$0,$0,$-3,$0,$-12,$-12,$1,$1,$0,$-1,$-13,$-1,$2,$0
10,2016-03-31,2.56,$0.67,3.84,$8.36,0.31,$0.29,8.74,0,0.0,$0.06B,$0.04B,1.34,$0.01B,$0.02B,0.44,$0.30B,$0.09B,29.49%,$0.30B,$0.00B,1.02%,$0.30B,$0.00B,1.02%,$0.30B,$0.01B,4.07%,$0.30B,$0.00B,1.02%,$0.30B,$-0.00B,-0.68%,$-0.00B,$0.02B,-8.99%,$-0.00B,$0.02B,-9.52%,$-0.00B,$0.08B,-2.49%,$0.00B,$0.03B,9.38%,$81,$56,$25,$0,$15,$79,$2,$-0,$2,$0,$2,$2,$1,$4,$2,$34,39,$0.04,$0.04,$5,$47,$3,$58,$18,$0,$1,$1,$21,$79,$43,$10,$2,$12,$56,$0,$-156,$0,$23,$79,$1,$2,$1,$3,$-0,$4,$0,$0,$7,$10,$-1,$-0,$0,$0,$0,$0,$0,$-1,$0,$-9,$-9,$0,$0,$0,$-1,$-10,$-1,$1,$0
11,2015-12-31,2.95,$0.65,4.55,$8.58,0.34,$0.14,21.64,$-0.03,0.0,$0.06B,$0.05B,1.28,$0.01B,$0.02B,0.46,$0.29B,$0.08B,28.62%,$0.29B,$0.00B,0.34%,$0.29B,$0.00B,0.34%,$0.29B,$0.01B,3.45%,$0.29B,$0.00B,0.34%,$0.29B,$-0.00B,-1.03%,$-0.00B,$0.02B,-13.64%,$-0.00B,$0.02B,-14.63%,$-0.00B,$0.08B,-3.68%,$0.00B,$0.03B,3.17%,$67,$48,$20,$0,$11,$65,$2,$-0,$2,$1,$1,$1,$-2,$5,$2,$34,34,$0.01,$0.01,$6,$51,$2,$63,$18,$0,$1,$1,$21,$84,$49,$10,$2,$13,$62,$0,$-157,$0,$22,$84,$-2,$8,$2,$10,$1,$-3,$0,$1,$-1,$6,$-8,$-0,$0,$0,$0,$0,$0,$-8,$0,$0,$0,$0,$0,$0,$-1,$-0,$-2,$2,$0
12,2015-09-30,1.88,$0.66,2.86,$8.70,0.22,$0.07,27.69,$-0.09,0.0,$0.06B,$0.05B,1.3,$0.01B,$0.02B,0.47,$0.29B,$0.08B,27.89%,$0.29B,$-0.00B,-1.02%,$0.29B,$-0.00B,-1.02%,$0.29B,$0.01B,1.70%,$0.29B,$-0.00B,-1.36%,$0.29B,$-0.00B,-1.02%,$-0.00B,$0.02B,-13.64%,$-0.00B,$0.02B,-14.63%,$-0.00B,$0.08B,-3.69%,$-0.00B,$0.03B,-9.60%,$71,$50,$21,$0,$15,$71,$-0,$-0,$-0,$-0,$-0,$-0,$0,$2,$-0,$34,34,$0.00,$0.00,$6,$46,$3,$59,$19,$0,$1,$2,$21,$80,$45,$10,$2,$13,$58,$0,$-156,$0,$22,$80,$-2,$6,$1,$7,$0,$2,$0,$-0,$2,$7,$-6,$-0,$0,$0,$0,$0,$0,$-6,$0,$-3,$-3,$0,$0,$0,$-1,$-3,$-2,$2,$0
13,2015-06-30,2.2,$0.64,3.45,$8.65,0.25,$-0.08,0.0,$-0.17,0.0,$0.06B,$0.04B,1.31,$0.01B,$0.02B,0.44,$0.29B,$0.08B,27.15%,$0.29B,$-0.01B,-1.72%,$0.29B,$-0.01B,-1.72%,$0.29B,$0.00B,1.03%,$0.29B,$-0.01B,-2.06%,$0.29B,$-0.01B,-1.72%,$-0.01B,$0.02B,-23.81%,$-0.01B,$0.02B,-25.64%,$-0.01B,$0.08B,-6.27%,$-0.01B,$0.03B,-16.53%,$76,$56,$21,$0,$16,$78,$-1,$-0,$-1,$-0,$-1,$-1,$-1,$1,$-1,$34,34,$-0.02,$-0.02,$7,$45,$3,$58,$17,$0,$2,$2,$20,$78,$44,$9,$2,$12,$56,$0,$-156,$0,$22,$78,$-1,$4,$1,$5,$1,$3,$0,$1,$3,$6,$-4,$-0,$0,$0,$0,$0,$0,$-4,$0,$-3,$-3,$0,$0,$0,$-1,$-4,$-1,$1,$0
14,2015-03-31,2.17,$0.65,3.35,$8.70,0.25,$0.09,24.69,$-0.22,0.0,$0.06B,$0.05B,1.29,$0.01B,$0.02B,0.42,$0.29B,$0.08B,26.71%,$0.29B,$-0.01B,-2.05%,$0.29B,$-0.01B,-2.05%,$0.29B,$0.00B,0.68%,$0.29B,$-0.01B,-2.40%,$0.29B,$-0.01B,-2.05%,$-0.01B,$0.02B,-29.27%,$-0.01B,$0.02B,-31.58%,$-0.01B,$0.08B,-7.84%,$-0.01B,$0.03B,-20.00%,$76,$55,$21,$0,$15,$76,$-0,$-0,$-0,$-0,$-0,$-0,$-0,$2,$-0,$34,34,$0.00,$0.00,$8,$48,$3,$64,$17,$0,$2,$2,$20,$84,$49,$9,$2,$12,$62,$0,$-156,$0,$22,$84,$-0,$2,$0,$2,$-0,$0,$0,$0,$2,$5,$-2,$-0,$0,$0,$0,$0,$0,$-2,$0,$-2,$-2,$0,$0,$0,$-0,$-2,$0,$1,$0
15,2014-12-31,2.34,$0.66,3.54,$8.43,0.28,$0.21,11.19,$-0.22,0.0,$0.06B,$0.05B,1.31,$0.01B,$0.02B,0.42,$0.28B,$0.08B,27.46%,$0.28B,$-0.01B,-2.11%,$0.28B,$-0.01B,-2.11%,$0.28B,$0.00B,1.06%,$0.28B,$-0.01B,-2.46%,$0.28B,$-0.01B,-2.11%,$-0.01B,$0.02B,-29.27%,$-0.01B,$0.02B,-31.58%,$-0.01B,$0.08B,-8.28%,$-0.01B,$0.03B,-20.00%,$71,$52,$19,$0,$15,$73,$-2,$-0,$-3,$0,$-3,$-3,$-2,$-0,$-2,$33,33,$-0.06,$-0.06,$8,$48,$3,$63,$17,$0,$2,$2,$20,$83,$48,$9,$2,$13,$61,$0,$-155,$0,$22,$83,$-7,$9,$2,$12,$1,$-11,$0,$-0,$-3,$1,$-6,$-0,$0,$-0,$0,$-0,$0,$-6,$0,$4,$4,$0,$0,$0,$7,$11,$7,$2,$0
16,2014-09-30,2.82,$0.55,5.13,$8.15,0.35,$0.11,25.52,$-0.19,0.0,$0.05B,$0.04B,1.22,$0.01B,$0.02B,0.51,$0.27B,$0.08B,27.84%,$0.27B,$-0.01B,-1.83%,$0.27B,$-0.01B,-1.83%,$0.27B,$0.00B,1.10%,$0.27B,$-0.01B,-1.83%,$0.27B,$-0.01B,-1.83%,$-0.01B,$0.02B,-24.69%,$-0.01B,$0.02B,-27.03%,$-0.01B,$0.07B,-7.25%,$-0.01B,$0.03B,-16.81%,$68,$50,$18,$0,$14,$70,$-2,$-0,$-2,$0,$-2,$-2,$-2,$0,$-2,$34,34,$-0.08,$-0.08,$1,$45,$3,$53,$17,$0,$2,$1,$21,$74,$44,$9,$2,$12,$55,$0,$-153,$0,$18,$74,$-4,$7,$2,$9,$1,$-8,$0,$0,$-4,$1,$-4,$-0,$0,$-0,$0,$-0,$0,$-4,$0,$4,$4,$0,$0,$0,$-0,$4,$0,$2,$0
17,2014-06-30,3.61,$0.60,6.0,$7.98,0.45,$-0.04,0.0,$-0.15,0.0,$0.04B,$0.03B,1.32,$0.01B,$0.02B,0.47,$0.27B,$0.08B,28.46%,$0.27B,$-0.00B,-1.50%,$0.27B,$-0.00B,-1.50%,$0.27B,$0.01B,2.25%,$0.27B,$-0.00B,-1.50%,$0.27B,$-0.00B,-1.50%,$-0.00B,$0.02B,-18.82%,$-0.00B,$0.02B,-20.78%,$-0.00B,$0.07B,-5.80%,$-0.00B,$0.03B,-13.11%,$77,$57,$20,$0,$16,$79,$-2,$-0,$-2,$0,$-2,$-2,$-2,$0,$-2,$33,33,$-0.07,$-0.07,$2,$35,$3,$44,$18,$0,$2,$1,$21,$65,$34,$9,$2,$12,$45,$0,$-150,$0,$20,$65,$-2,$5,$1,$6,$1,$2,$0,$1,$7,$11,$-3,$0,$0,$-1,$0,$-1,$0,$-4,$0,$-7,$-7,$0,$0,$0,$-0,$-7,$1,$1,$0
18,2014-03-31,3.06,$0.65,4.74,$7.73,0.4,$-0.41,0.0,$-0.37,0.0,$0.05B,$0.04B,1.32,$0.01B,$0.02B,0.44,$0.26B,$0.08B,29.07%,$0.26B,$-0.01B,-4.26%,$0.26B,$-0.01B,-4.26%,$0.26B,0,0.00%,$0.26B,$-0.01B,-4.26%,$0.26B,$-0.01B,-4.65%,$-0.01B,$0.02B,-54.55%,$-0.01B,$0.02B,-60.00%,$-0.01B,$0.07B,-17.14%,$-0.01B,$0.03B,-35.48%,$68,$47,$21,$0,$14,$68,$0,$-0,$0,$0,$0,$0,$0,$3,$0,$33,34,$0.00,$0.00,$1,$37,$3,$46,$19,$0,$2,$2,$22,$68,$35,$9,$2,$12,$46,$0,$-148,$0,$22,$68,$0,$2,$0,$3,$0,$0,$0,$2,$5,$8,$-2,$0,$0,$0,$0,$0,$0,$-2,$0,$-6,$-6,$0,$0,$0,$0,$-6,$1,$0,$0
19,2013-12-31,2.48,$0.63,3.96,$7.84,0.32,$-0.64,0.0,$-0.48,0.0,$0.05B,$0.04B,1.27,$0.01B,$0.02B,0.46,$0.26B,$0.07B,29.02%,$0.26B,$-0.01B,-5.49%,$0.26B,$-0.01B,-5.49%,$0.26B,$-0.00B,-0.78%,$0.26B,$-0.01B,-5.49%,$0.26B,$-0.02B,-5.88%,$-0.02B,$0.02B,-62.50%,$-0.02B,$0.02B,-68.97%,$-0.02B,$0.07B,-20.48%,$-0.01B,$0.03B,-45.53%,$60,$42,$17,$0,$13,$61,$-1,$-0,$-1,$-0,$-1,$-1,$-1,$0,$-1,$33,33,$-0.04,$-0.04,$1,$37,$3,$46,$20,$0,$2,$2,$23,$69,$36,$10,$2,$12,$48,$0,$-148,$0,$21,$69,$-16,$13,$7,$20,$2,$6,$0,$0,$-4,$1,$-8,$0,$0,$0,$0,$0,$-0,$-8,$10,$-10,$-0,$2,$8,$0,$-1,$7,$-0,$1,$0
20,2013-09-30,1.32,$0.66,2.01,$8.05,0.16,$-0.76,0.0,$-1.43,0.0,$0.05B,$0.04B,1.26,$0.01B,$0.02B,0.44,$0.26B,$0.08B,29.07%,$0.26B,$-0.05B,-17.44%,$0.26B,$-0.05B,-17.44%,$0.26B,$-0.03B,-11.63%,$0.26B,$-0.05B,-17.44%,$0.26B,$-0.05B,-17.44%,$-0.05B,$0.02B,-174.76%,$-0.05B,$0.02B,-195.65%,$-0.05B,$0.07B,-57.51%,$-0.05B,$0.03B,-148.76%,$62,$44,$18,$0,$14,$63,$-1,$-0,$-1,$0,$-1,$-1,$-1,$3,$-1,$33,33,$-0.04,$-0.04,$1,$40,$4,$50,$20,$0,$2,$1,$24,$74,$40,$10,$2,$12,$52,$0,$-147,$0,$22,$74,$-14,$11,$6,$17,$3,$3,$0,$0,$-5,$-2,$-7,$0,$0,$-0,$0,$-0,$-0,$-7,$10,$-8,$2,$2,$8,$0,$-1,$9,$0,$1,$0
21,2013-06-30,1.15,$0.69,1.67,$8.56,0.13,$-0.87,0.0,$-1.48,0.0,$0.05B,$0.03B,1.31,$0.01B,$0.02B,0.41,$0.27B,$0.08B,29.74%,$0.27B,$-0.05B,-17.47%,$0.27B,$-0.05B,-17.47%,$0.27B,$-0.03B,-11.52%,$0.27B,$-0.05B,-17.47%,$0.27B,$-0.05B,-17.47%,$-0.05B,$0.02B,-135.25%,$-0.05B,$0.02B,-184.31%,$-0.05B,$0.07B,-51.65%,$-0.05B,$0.03B,-127.03%,$68,$49,$19,$0,$16,$77,$-9,$-0,$-9,$0,$-10,$-10,$-10,$-6,$-9,$33,33,$-0.29,$-0.29,$1,$34,$4,$45,$21,$0,$2,$1,$24,$69,$34,$9,$2,$12,$46,$0,$-146,$0,$23,$69,$-13,$8,$7,$14,$2,$9,$0,$-0,$-1,$1,$-5,$0,$0,$0,$0,$0,$-0,$-5,$10,$-13,$-3,$2,$8,$0,$-1,$4,$-0,$1,$0
22,2013-03-31,1.2,$0.96,1.25,$9.14,0.13,$-0.99,0.0,$-1.25,0.0,$0.05B,$0.05B,1.0,$0.00B,$0.03B,0.0,$0.28B,$0.09B,30.14%,$0.28B,$-0.04B,-13.83%,$0.28B,$-0.04B,-13.83%,$0.28B,$-0.02B,-7.80%,$0.28B,$-0.04B,-14.18%,$0.28B,$-0.04B,-13.83%,$-0.04B,$0.03B,-88.64%,$-0.04B,$0.03B,-139.29%,$-0.04B,$0.08B,-36.97%,$-0.04B,$0.03B,-88.64%,$65,$46,$20,$0,$16,$69,$-3,$-0,$-3,$0,$-3,$-3,$-3,$1,$-3,$31,31,$-0.11,$-0.11,$1,$38,$3,$49,$27,$0,$3,$2,$32,$81,$49,$0,$2,$2,$52,$0,$-136,$0,$30,$81,$-3,$4,$0,$4,$0,$5,$0,$1,$0,$1,$-3,$0,$0,$0,$0,$0,$-0,$-3,$0,$-4,$-4,$0,$6,$0,$-0,$2,$0,$0,$0
23,2012-12-31,1.83,$0.89,2.06,$9.89,0.18,$-1.03,0.0,$-1.17,0.0,$0.06B,$0.06B,0.93,$0.00B,$0.03B,0.0,$0.30B,$0.09B,30.26%,$0.30B,$-0.04B,-11.84%,$0.30B,$-0.04B,-11.84%,$0.30B,$-0.02B,-6.25%,$0.30B,$-0.04B,-12.50%,$0.30B,$-0.04B,-12.17%,$-0.04B,$0.03B,-71.50%,$-0.04B,$0.02B,-126.50%,$-0.04B,$0.09B,-31.16%,$-0.04B,$0.03B,-69.57%,$63,$45,$18,$0,$16,$95,$-32,$-0,$-32,$-1,$-31,$-31,$-31,$-28,$-32,$31,31,$-0.99,$-0.99,$1,$43,$4,$56,$29,$0,$3,$2,$33,$89,$60,$0,$1,$2,$61,$0,$-133,$0,$28,$89,$-36,$16,$28,$44,$0,$10,$0,$-4,$-9,$-0,$-10,$0,$-0,$3,$0,$3,$-0,$-7,$-18,$16,$-2,$1,$1,$0,$-1,$-2,$-9,$2,$0
24,2012-09-30,3.46,$1.87,1.85,$10.38,0.33,$-0.82,0.0,$-0.41,0.0,$0.06B,$0.06B,1.01,$0.00B,$0.06B,0.0,$0.32B,$0.10B,30.82%,$0.32B,$-0.01B,-4.09%,$0.32B,$-0.01B,-4.09%,$0.32B,$0.00B,1.26%,$0.32B,$-0.02B,-4.72%,$0.32B,$-0.01B,-4.09%,$-0.01B,$0.06B,-21.67%,$-0.01B,$0.03B,-41.60%,$-0.01B,$0.13B,-9.85%,$-0.01B,$0.06B,-20.63%,$73,$50,$23,$0,$18,$76,$-3,$-0,$-3,$0,$-3,$-3,$-3,$2,$-3,$31,31,$-0.09,$-0.09,$1,$49,$4,$63,$32,$0,$28,$1,$61,$125,$63,$0,$2,$4,$67,$0,$-102,$0,$58,$125,$-5,$13,$2,$15,$-1,$4,$0,$-4,$-13,$-4,$-8,$-0,$0,$3,$0,$3,$-0,$-5,$-18,$17,$-1,$1,$1,$0,$-1,$-1,$-9,$1,$0
25,2012-06-30,4.18,$1.95,2.15,$10.59,0.39,$-0.47,0.0,$-0.49,0.0,$0.07B,$0.06B,1.01,$0.00B,$0.06B,0.0,$0.32B,$0.10B,30.56%,$0.32B,$-0.02B,-4.63%,$0.32B,$-0.02B,-4.63%,$0.32B,0,0.00%,$0.32B,$-0.02B,-5.25%,$0.32B,$-0.02B,-4.63%,$-0.02B,$0.06B,-24.10%,$-0.02B,$0.03B,-46.88%,$-0.02B,$0.13B,-10.89%,$-0.02B,$0.06B,-21.90%,$81,$56,$24,$0,$18,$82,$-1,$-1,$-2,$0,$-2,$-2,$-2,$3,$-1,$31,31,$-0.06,$-0.06,$2,$49,$4,$65,$33,$0,$28,$1,$62,$127,$64,$0,$1,$3,$67,$0,$-99,$0,$60,$127,$-2,$8,$2,$10,$-2,$3,$0,$-3,$-9,$-2,$-5,$-0,$0,$3,$0,$3,$-0,$-2,$-18,$13,$-5,$0,$0,$0,$0,$-5,$-9,$1,$0
26,2012-03-31,3.61,$1.99,1.82,$10.71,0.34,$-0.23,0.0,$-0.51,0.0,$0.07B,$0.07B,1.0,$0.00B,$0.06B,0.0,$0.33B,$0.10B,31.50%,$0.33B,$-0.02B,-4.89%,$0.33B,$-0.02B,-4.89%,$0.33B,$-0.00B,-0.31%,$0.33B,$-0.02B,-5.20%,$0.33B,$-0.02B,-4.89%,$-0.02B,$0.06B,-24.52%,$-0.02B,$0.03B,-47.06%,$-0.02B,$0.13B,-11.17%,$-0.02B,$0.06B,-21.26%,$87,$61,$27,$0,$19,$88,$-0,$-0,$-1,$0,$-1,$-1,$-1,$4,$-0,$31,31,$-0.03,$-0.03,$11,$46,$3,$70,$34,$0,$29,$1,$64,$134,$70,$0,$1,$3,$73,$0,$-97,$0,$61,$134,$-1,$4,$1,$5,$-1,$6,$0,$0,$-4,$-0,$-2,$-0,$0,$1,$0,$1,$0,$-1,$0,$-0,$-0,$0,$0,$0,$-0,$-0,$-2,$1,$0
27,2011-12-31,4.37,$1.99,2.2,$10.71,0.41,$-0.04,0.0,$-0.49,0.0,$0.08B,$0.07B,1.13,$0.01B,$0.06B,0.19,$0.33B,$0.11B,32.42%,$0.33B,$-0.02B,-4.89%,$0.33B,$-0.02B,-4.89%,$0.33B,0,0.00%,$0.33B,$-0.02B,-4.89%,$0.33B,$-0.02B,-4.59%,$-0.02B,$0.06B,-21.98%,$-0.02B,$0.03B,-41.96%,$-0.02B,$0.14B,-10.19%,$-0.02B,$0.07B,-19.39%,$77,$53,$24,$0,$20,$86,$-9,$-0,$-9,$-2,$-7,$-7,$-7,$-5,$-9,$31,31,$-0.24,$-0.24,$11,$52,$4,$76,$35,$2,$29,$1,$67,$142,$67,$12,$1,$14,$81,$0,$-97,$0,$61,$142,$-15,$17,$6,$23,$-3,$-4,$0,$3,$3,$10,$-14,$-0,$0,$2,$0,$2,$1,$-12,$-6,$-0,$-6,$0,$0,$0,$-0,$-6,$-7,$3,$0
28,2011-09-30,5.07,$2.20,2.31,$10.84,0.47,$-0.37,0.0,$-0.36,0.0,$0.08B,$0.06B,1.2,$0.01B,$0.07B,0.2,$0.33B,$0.11B,33.03%,$0.33B,$-0.01B,-3.03%,$0.33B,$-0.01B,-3.03%,$0.33B,$0.01B,2.12%,$0.33B,$-0.01B,-3.03%,$0.33B,$-0.01B,-3.33%,$-0.01B,$0.07B,-15.44%,$-0.01B,$0.03B,-30.14%,$-0.01B,$0.15B,-7.32%,$-0.01B,$0.08B,-11.49%,$79,$54,$24,$0,$23,$84,$-5,$-0,$-5,$0,$-5,$-5,$-5,$-2,$-5,$31,31,$-0.17,$-0.17,$16,$46,$4,$76,$35,$2,$34,$1,$72,$148,$63,$13,$1,$17,$81,$0,$-90,$0,$67,$148,$-8,$13,$2,$15,$-3,$2,$0,$2,$4,$10,$-11,$-0,$0,$2,$0,$2,$1,$-8,$-5,$0,$-5,$0,$0,$0,$-0,$-4,$-2,$2,$0
29,2011-06-30,7.66,$2.34,3.27,$10.66,0.72,$-0.62,0.0,$-0.62,0.0,$0.08B,$0.06B,1.32,$0.02B,$0.07B,0.21,$0.32B,$0.11B,33.75%,$0.32B,$-0.01B,-2.17%,$0.32B,$-0.01B,-2.17%,$0.32B,$0.01B,3.41%,$0.32B,$-0.01B,-2.17%,$0.32B,$-0.02B,-5.88%,$-0.02B,$0.07B,-25.94%,$-0.02B,$0.04B,-48.72%,$-0.02B,$0.15B,-12.38%,$-0.01B,$0.09B,-7.73%,$84,$56,$28,$0,$23,$86,$-2,$-0,$-2,$0,$-3,$-3,$-3,$2,$-2,$31,31,$-0.08,$-0.08,$17,$46,$4,$77,$34,$4,$33,$1,$72,$149,$58,$15,$1,$19,$77,$0,$-84,$0,$72,$149,$-3,$9,$2,$11,$-2,$2,$0,$-0,$-0,$7,$-7,$-0,$0,$0,$0,$0,$1,$-6,$-3,$0,$-3,$0,$0,$0,$-0,$-3,$-1,$1,$0
30,2011-03-31,8.7,$2.41,3.62,$9.56,0.91,$-0.53,0.0,$-0.53,0.0,$0.08B,$0.06B,1.36,$0.02B,$0.07B,0.22,$0.29B,$0.10B,33.90%,$0.29B,$-0.00B,-1.37%,$0.29B,$-0.00B,-1.37%,$0.29B,$0.01B,4.11%,$0.29B,$-0.00B,-1.37%,$0.29B,$-0.02B,-5.48%,$-0.02B,$0.07B,-20.78%,$-0.02B,$0.04B,-33.51%,$-0.02B,$0.15B,-10.98%,$-0.00B,$0.09B,-4.42%,$87,$57,$30,$0,$22,$87,$0,$-0,$-0,$0,$-0,$-0,$-0,$5,$0,$30,30,$-0.01,$-0.01,$20,$43,$6,$77,$34,$4,$34,$1,$73,$150,$57,$16,$1,$20,$77,$0,$-82,$0,$73,$150,$-0,$5,$1,$5,$-1,$5,$0,$0,$2,$7,$-4,$0,$0,$-0,$0,$-0,$0,$-4,$-2,$0,$-2,$0,$0,$0,$-0,$-2,$1,$1,$0
31,2010-12-31,8.4,$2.39,3.51,$8.49,0.99,$-0.49,0.0,$-0.47,0.0,$0.08B,$0.06B,1.33,$0.02B,$0.07B,0.25,$0.26B,$0.09B,34.10%,$0.26B,$-0.00B,-0.77%,$0.26B,$-0.00B,-0.77%,$0.26B,$0.01B,4.60%,$0.26B,$-0.00B,-0.77%,$0.26B,$-0.01B,-5.36%,$-0.01B,$0.07B,-17.45%,$-0.01B,$0.04B,-25.00%,$-0.01B,$0.15B,-10.29%,$-0.00B,$0.09B,-2.23%,$80,$53,$27,$0,$22,$83,$-3,$-0,$-3,$0,$-3,$-3,$-3,$2,$-3,$30,30,$-0.10,$-0.09,$19,$48,$6,$78,$33,$4,$37,$1,$75,$154,$59,$18,$1,$22,$81,$0,$-81,$0,$73,$154,$-14,$12,$15,$28,$1,$-17,$0,$1,$-15,$-2,$-12,$0,$-29,$10,$0,$10,$-1,$-31,$24,$0,$24,$1,$1,$0,$-1,$24,$-9,$3,$0
32,2010-09-30,8.2,$2.46,3.33,$7.32,1.12,$0.07,125.57,$-0.35,0.0,$0.09B,$0.07B,1.38,$0.02B,$0.08B,0.26,$0.23B,$0.08B,34.36%,$0.23B,$0.00B,0.88%,$0.23B,$0.00B,0.88%,$0.23B,$0.01B,5.73%,$0.23B,$0.00B,0.88%,$0.23B,$-0.01B,-4.41%,$-0.01B,$0.08B,-12.08%,$-0.01B,$0.04B,-15.44%,$-0.01B,$0.16B,-8.08%,$0.00B,$0.09B,2.29%,$72,$48,$24,$0,$19,$74,$-2,$-0,$-2,$11,$-13,$-13,$-13,$2,$-2,$30,30,$-0.43,$-0.43,$26,$46,$12,$89,$36,$4,$31,$1,$72,$161,$65,$19,$1,$22,$86,$0,$-79,$0,$75,$161,$-11,$8,$14,$22,$3,$-16,$0,$-4,$-9,$2,$-10,$-1,$-28,$10,$0,$10,$-1,$-29,$25,$0,$25,$1,$1,$0,$-0,$25,$-2,$2,$0
33,2010-06-30,6.0,$2.87,2.09,$6.46,0.93,$0.46,13.18,$0.11,54.55,$0.08B,$0.03B,2.45,$0.00B,$0.09B,0.0,$0.20B,$0.07B,35.15%,$0.20B,$0.01B,2.48%,$0.20B,$0.01B,2.48%,$0.20B,$0.01B,6.93%,$0.20B,$0.01B,2.48%,$0.20B,$0.00B,1.98%,$0.00B,$0.09B,4.75%,$0.00B,$0.07B,5.63%,$0.00B,$0.12B,3.67%,$0.01B,$0.09B,5.93%,$53,$35,$18,$0,$14,$53,$1,$0,$1,$0,$0,$0,$0,$3,$1,$30,32,$0.02,$0.01,$40,$27,$4,$75,$15,$4,$14,$0,$43,$118,$31,$0,$0,$0,$31,$0,$-66,$0,$87,$118,$2,$4,$2,$6,$1,$-8,$0,$1,$1,$9,$-6,$-1,$0,$-14,$0,$-14,$-0,$-21,$0,$0,$0,$1,$1,$0,$0,$1,$-11,$1,$0
34,2010-03-31,7.52,$2.84,2.65,$6.24,1.21,$0.48,15.59,$0.12,62.67,$0.07B,$0.03B,2.75,$0.00B,$0.09B,0.0,$0.19B,$0.07B,35.75%,$0.19B,$0.01B,2.59%,$0.19B,$0.01B,2.59%,$0.19B,$0.01B,6.74%,$0.19B,$0.01B,2.59%,$0.19B,$0.01B,2.59%,$0.01B,$0.09B,6.08%,$0.01B,$0.07B,7.22%,$0.01B,$0.11B,4.83%,$0.01B,$0.09B,6.08%,$56,$36,$20,$0,$13,$54,$2,$0,$2,$1,$2,$2,$2,$5,$2,$30,31,$0.05,$0.05,$41,$18,$4,$68,$14,$4,$14,$0,$43,$111,$25,$0,$0,$0,$25,$0,$-66,$0,$86,$111,$2,$2,$1,$3,$0,$1,$0,$-1,$2,$7,$-3,$0,$-1,$-5,$0,$-5,$0,$-9,$0,$0,$0,$0,$0,$0,$0,$1,$-1,$1,$0
35,2009-12-31,5.2,$2.77,1.88,$5.77,0.9,$0.39,13.17,$0.05,104.0,$0.06B,$0.02B,2.92,$0.00B,$0.08B,0.0,$0.18B,$0.06B,36.16%,$0.18B,$0.00B,2.26%,$0.18B,$0.00B,2.26%,$0.18B,$0.01B,5.65%,$0.18B,$0.00B,2.26%,$0.18B,$0.00B,1.13%,$0.00B,$0.08B,2.49%,$0.00B,$0.07B,2.96%,$0.00B,$0.11B,2.02%,$0.00B,$0.08B,4.98%,$46,$29,$16,$0,$11,$45,$1,$0,$1,$1,$1,$1,$1,$3,$1,$30,31,$0.01,$0.01,$37,$19,$3,$64,$12,$4,$13,$0,$41,$105,$22,$0,$0,$0,$22,$0,$-68,$0,$83,$105,$1,$6,$7,$12,$-2,$-8,$0,$-0,$-2,$12,$-8,$0,$-1,$-9,$0,$-9,$0,$-18,$0,$0,$0,$0,$0,$0,$-0,$0,$-6,$3,$0
36,2009-09-30,5.45,$2.72,2.0,$5.42,1.01,$0.25,22.1,$-0.09,0.0,$0.06B,$0.02B,2.89,$0.00B,$0.08B,0.0,$0.17B,$0.06B,36.36%,$0.17B,$-0.00B,-2.42%,$0.17B,$-0.00B,-2.42%,$0.17B,$0.03B,15.15%,$0.17B,$-0.00B,-1.82%,$0.17B,$-0.00B,-1.21%,$-0.00B,$0.08B,-2.53%,$-0.00B,$0.07B,-3.02%,$-0.00B,$0.10B,-2.10%,$-0.00B,$0.08B,-5.06%,$47,$30,$17,$0,$11,$46,$1,$0,$1,$1,$1,$1,$1,$3,$1,$30,31,$0.03,$0.03,$38,$15,$4,$61,$12,$4,$13,$0,$41,$102,$21,$0,$0,$0,$21,$0,$-68,$0,$81,$102,$1,$4,$5,$9,$-1,$-4,$0,$-1,$0,$10,$-7,$-1,$0,$-2,$0,$-2,$0,$-9,$0,$0,$0,$0,$0,$0,$-0,$-0,$1,$3,$0
37,2009-06-30,3.77,$2.66,1.42,$5.13,0.74,$0.09,39.89,$-0.14,0.0,$0.06B,$0.02B,3.3,$0.00B,$0.08B,0.0,$0.16B,$0.06B,35.48%,$0.16B,$-0.01B,-3.87%,$0.16B,$-0.01B,-3.87%,$0.16B,$0.02B,14.19%,$0.16B,$-0.01B,-3.23%,$0.16B,$-0.00B,-1.94%,$-0.00B,$0.08B,-3.81%,$-0.00B,$0.07B,-4.63%,$-0.00B,$0.10B,-3.21%,$-0.01B,$0.08B,-7.62%,$44,$28,$16,$0,$10,$43,$1,$0,$1,$0,$1,$1,$1,$2,$1,$30,30,$0.02,$0.02,$37,$12,$3,$56,$10,$6,$12,$0,$41,$96,$17,$0,$0,$0,$17,$0,$-69,$-0,$79,$96,$-0,$3,$4,$6,$-1,$-1,$0,$-0,$1,$8,$-4,$0,$0,$0,$-4,$-4,$0,$-7,$0,$0,$0,$0,$0,$0,$-0,$-0,$0,$2,$0
38,2009-03-31,1.6,$2.61,0.61,$5.13,0.31,$-0.03,0.0,$-0.56,0.0,$0.05B,$0.02B,3.48,$0.00B,$0.08B,0.0,$0.15B,$0.05B,35.06%,$0.15B,$-0.03B,-17.53%,$0.15B,$-0.03B,-17.53%,$0.15B,$0.00B,1.95%,$0.15B,$-0.03B,-16.88%,$0.15B,$-0.02B,-10.39%,$-0.02B,$0.08B,-20.25%,$-0.02B,$0.07B,-25.20%,$-0.02B,$0.09B,-16.98%,$-0.03B,$0.08B,-34.18%,$40,$25,$15,$0,$10,$39,$1,$0,$1,$1,$-1,$-1,$-1,$2,$1,$30,30,$-0.02,$-0.02,$34,$11,$3,$52,$9,$6,$12,$0,$41,$93,$15,$0,$0,$0,$15,$0,$-70,$-0,$78,$93,$-1,$1,$2,$4,$-1,$-0,$0,$-0,$-0,$3,$-2,$0,$0,$0,$0,$0,$0,$-2,$0,$0,$0,$0,$0,$0,$-0,$-0,$1,$1,$0
39,2008-12-31,1.39,$2.60,0.54,$5.14,0.27,$-0.12,0.0,$-0.57,0.0,$0.05B,$0.01B,3.79,$0.00B,$0.08B,0.0,$0.15B,$0.05B,34.42%,$0.15B,$-0.03B,-19.48%,$0.15B,$-0.03B,-19.48%,$0.15B,$0.00B,1.30%,$0.15B,$-0.03B,-18.18%,$0.15B,$-0.02B,-10.39%,$-0.02B,$0.08B,-19.45%,$-0.02B,$0.07B,-26.45%,$-0.02B,$0.09B,-16.24%,$-0.03B,$0.08B,-36.47%,$34,$22,$12,$0,$10,$40,$-7,$0,$-6,$-3,$-3,$-3,$-3,$18,$-7,$30,30,$-0.12,$-0.12,$32,$11,$0,$49,$8,$6,$13,$0,$42,$90,$13,$0,$0,$0,$13,$0,$-69,$-0,$78,$90,$-17,$32,$-9,$23,$2,$0,$0,$-0,$-3,$3,$-4,$0,$-1,$16,$0,$16,$0,$11,$-1,$0,$-1,$0,$0,$0,$-0,$-1,$13,$3,$0
40,2008-09-30,2.15,$2.69,0.8,$5.33,0.4,$0.09,23.65,$-0.63,0.0,$0.05B,$0.01B,3.51,$0.00B,$0.08B,0.0,$0.16B,$0.05B,34.39%,$0.16B,$-0.03B,-19.11%,$0.16B,$-0.03B,-19.11%,$0.16B,$-0.02B,-12.74%,$0.16B,$-0.03B,-17.83%,$0.16B,$-0.02B,-11.46%,$-0.02B,$0.08B,-20.99%,$-0.02B,$0.06B,-31.58%,$-0.02B,$0.10B,-17.39%,$-0.03B,$0.08B,-34.99%,$37,$24,$12,$0,$9,$38,$-1,$0,$-1,$-0,$-0,$-0,$-0,$0,$-1,$30,30,$-0.02,$-0.02,$33,$12,$3,$51,$7,$6,$18,$0,$44,$95,$14,$0,$0,$0,$14,$0,$-65,$-0,$80,$95,$-13,$7,$12,$19,$1,$-1,$0,$-1,$-4,$2,$-3,$0,$-0,$16,$0,$16,$0,$13,$0,$-1,$-1,$0,$0,$0,$-0,$-1,$14,$2,$0
41,2008-06-30,3.62,$2.68,1.35,$5.36,0.67,$0.24,15.29,$-0.58,0.0,$0.06B,$0.02B,2.93,$0.00B,$0.08B,0.0,$0.16B,$0.06B,35.44%,$0.16B,$-0.03B,-17.72%,$0.16B,$-0.03B,-17.72%,$0.16B,$-0.02B,-10.13%,$0.16B,$-0.03B,-15.82%,$0.16B,$-0.02B,-10.76%,$-0.02B,$0.08B,-18.94%,$-0.02B,$0.06B,-30.91%,$-0.02B,$0.10B,-15.85%,$-0.03B,$0.08B,-31.20%,$43,$29,$15,$0,$11,$63,$-20,$0,$-20,$-8,$-12,$-12,$-12,$-17,$-20,$30,30,$-0.40,$-0.40,$34,$14,$0,$55,$7,$7,$18,$0,$44,$99,$19,$0,$0,$0,$19,$0,$-65,$0,$80,$99,$-13,$6,$11,$17,$0,$-3,$0,$-2,$-2,$2,$-2,$0,$0,$16,$0,$16,$0,$14,$0,$-1,$-1,$0,$0,$0,$-0,$-1,$15,$1,$0
42,2008-03-31,3.2,$3.06,1.05,$5.33,0.6,$0.36,8.83,$-0.15,0.0,$0.05B,$0.02B,2.86,$0.00B,$0.09B,0.0,$0.16B,$0.06B,35.03%,$0.16B,$-0.01B,-4.46%,$0.16B,$-0.01B,-4.46%,$0.16B,$0.00B,2.55%,$0.16B,$-0.00B,-2.55%,$0.16B,$-0.00B,-2.55%,$-0.00B,$0.09B,-4.29%,$-0.00B,$0.05B,-7.69%,$-0.00B,$0.11B,-3.63%,$-0.01B,$0.09B,-7.49%,$40,$26,$14,$0,$11,$42,$-2,$0,$-1,$-1,$-1,$-1,$-1,$1,$-2,$30,30,$-0.03,$-0.03,$32,$13,$4,$53,$7,$8,$39,$0,$57,$110,$18,$0,$0,$0,$18,$0,$-53,$0,$91,$110,$-1,$3,$1,$4,$0,$-1,$0,$-2,$-3,$-0,$-1,$0,$0,$15,$0,$15,$0,$14,$0,$-1,$-1,$0,$0,$0,$-0,$-1,$13,$1,$0
43,2007-12-31,8.11,$3.07,2.64,$5.64,1.44,$0.62,13.18,$-0.11,0.0,$0.06B,$0.02B,3.2,$0.00B,$0.09B,0.0,$0.16B,$0.06B,34.16%,$0.16B,$-0.00B,-2.48%,$0.16B,$-0.00B,-2.48%,$0.16B,$0.01B,3.73%,$0.16B,$-0.00B,-1.86%,$0.16B,$-0.00B,-1.86%,$-0.00B,$0.09B,-3.20%,$-0.00B,$0.05B,-5.94%,$-0.00B,$0.11B,-2.70%,$-0.00B,$0.09B,-4.26%,$37,$25,$13,$0,$15,$44,$-7,$0,$-6,$-1,$-5,$-5,$-5,$-4,$-7,$28,28,$-0.20,$-0.20,$42,$11,$0,$59,$7,$0,$41,$0,$51,$110,$18,$0,$0,$0,$18,$0,$-52,$0,$92,$110,$-4,$10,$1,$11,$-0,$-2,$0,$0,$3,$10,$-5,$0,$-1,$-23,$0,$-23,$0,$-29,$0,$-34,$-34,$72,$72,$0,$-0,$38,$18,$2,$0
