,Date,Stock Price,Book Value per Share,Price to Book Ratio,TTM Sales per Share,Price to Sales Ratio,TTM FCF per Share,Price to FCF Ratio,TTM Net EPS,PE Ratio,Current Assets,Current Liabilities,Current Ratio,Long Term Debt,Shareholder's Equity_x,Debt to Equity Ratio,TTM Revenue_x,TTM Gross Profit,Gross Margin,TTM Revenue_y,TTM Operating Income,Operating Margin,TTM Revenue_x,TTM EBIT,EBIT Margin,TTM Revenue_y,TTM EBITDA,EBITDA Margin,TTM Revenue_x,TTM Pre-Tax Income,Pre-Tax Margin,TTM Revenue_y,TTM Net Income_x,Net Margin,TTM Net Income_y,Shareholder's Equity_y,Return on Equity,TTM Net Income_x,Tangible Equity,Return on Tangible Equity,TTM Net Income_y,Total Assets,Return on Assets,TTM Net Income,LT Investments & Debt,Return on Investment,revenue,cost-goods-sold,gross-profit,research-development-expenses,selling-general-administrative-expenses,operating-expenses,operating-income,total-non-operating-income-expense,pre-tax-income,total-provision-income-taxes,income-after-taxes,income-from-continuous-operations,net-income,ebitda,ebit,basic-shares-outstanding,shares-outstanding,eps-basic-net-earnings-per-share,eps-earnings-per-share-diluted,cash-on-hand,inventory,other-current-assets,total-current-assets,net-property-plant-equipment,long-term-investments,goodwill-intangible-assets-total,other-long-term-assets,total-long-term-assets,total-assets,total-current-liabilities,long-term-debt,other-non-current-liabilities,total-long-term-liabilities,total-liabilities,common-stock-net,retained-earnings-accumulated-deficit,comprehensive-income,total-share-holder-equity,total-liabilities-share-holders-equity,net-income-loss,total-depreciation-amortization-cash-flow,other-non-cash-items,total-non-cash-items,change-in-accounts-receivable,change-in-inventories,change-in-accounts-payable,change-in-assets-liabilities,total-change-in-assets-liabilities,cash-flow-from-operating-activities,net-change-in-property-plant-equipment,net-change-in-intangible-assets,net-acquisitions-divestitures,net-change-in-short-term-investments,net-change-in-long-term-investments,net-change-in-investments-total,investing-activities-other,cash-flow-from-investing-activities,net-long-term-debt,net-current-debt,debt-issuance-retirement-net-total,net-common-equity-issued-repurchased,net-total-equity-issued-repurchased,total-common-preferred-stock-dividends-paid,financial-activities-other,cash-flow-from-financial-activities,net-cash-flow,stock-based-compensation,common-stock-dividends-paid
0,2018-09-30,201.63,$51.25,3.93,$15.69,12.85,$22.15,9.1,$7.42,27.17,$0.43B,$0.41B,1.06,$1.42B,$4.90B,0.29,$2.73B,$2.00B,73.26%,$2.73B,$1.41B,51.57%,$2.73B,$1.41B,51.57%,$2.73B,$1.89B,69.20%,$2.73B,$1.40B,51.28%,$2.73B,$1.29B,47.29%,$1.29B,$8.92B,14.48%,$1.29B,$8.71B,14.83%,$1.29B,$10.75B,12.07%,$1.41B,$10.34B,13.61%,$706,$196,$511,$0,$27,$347,$359,$-1,$358,$0,$358,$380,$323,$483,$359,$174,174,$1.85,$1.85,$433,$0,$0,$433,$9348,$0,$209,$758,$10315,$10748,$410,$1418,$0,$1418,$1828,$17,$-760,$-84,$8920,$10748,$1129,$362,$41,$403,$0,$0,$0,$0,$0,$1578,$-349,$0,$-108,$0,$92,$92,$3,$-362,$0,$-1,$-1,$8,$8,$-1209,$-15,$-1218,$-1,$52,$-1209
1,2018-06-30,226.86,$51.25,4.43,$15.58,14.56,$21.86,10.38,$7.18,31.6,$0.34B,$0.35B,0.96,$1.42B,$4.90B,0.29,$2.71B,$1.99B,73.25%,$2.71B,$1.41B,51.99%,$2.71B,$1.41B,51.99%,$2.71B,$1.88B,69.34%,$2.71B,$1.41B,51.81%,$2.71B,$1.25B,46.06%,$1.25B,$8.92B,13.98%,$1.25B,$8.71B,14.32%,$1.25B,$10.69B,11.66%,$1.41B,$10.34B,13.61%,$686,$191,$495,$0,$31,$342,$343,$-2,$341,$0,$341,$405,$348,$463,$343,$174,174,$2.00,$2.00,$338,$0,$0,$338,$9255,$0,$207,$892,$10355,$10693,$351,$1421,$0,$1421,$1772,$17,$-735,$-85,$8921,$10693,$750,$238,$-24,$214,$0,$0,$0,$0,$0,$978,$-223,$0,$-34,$0,$0,$0,$2,$-255,$0,$-1,$-1,$2,$2,$-806,$-13,$-818,$-95,$34,$-806
2,2018-03-31,198.55,$51.26,3.87,$15.46,12.84,$21.82,9.1,$6.77,29.33,$0.36B,$0.33B,1.11,$1.44B,$4.89B,0.3,$2.69B,$1.98B,73.37%,$2.69B,$1.43B,52.93%,$2.69B,$1.43B,52.93%,$2.69B,$1.89B,70.06%,$2.69B,$1.43B,52.93%,$2.69B,$1.18B,43.80%,$1.18B,$8.92B,12.93%,$1.18B,$8.71B,13.24%,$1.18B,$10.69B,11.08%,$1.43B,$10.36B,13.84%,$670,$193,$477,$0,$32,$342,$328,$-3,$325,$0,$325,$344,$288,$446,$328,$174,174,$1.66,$1.65,$363,$0,$0,$363,$9235,$0,$211,$877,$10322,$10686,$327,$1443,$0,$1443,$1770,$17,$-736,$-71,$8916,$10686,$344,$118,$10,$128,$0,$0,$0,$0,$0,$459,$-99,$0,$-18,$0,$2,$2,$0,$-115,$0,$-0,$-0,$1,$1,$-403,$-11,$-414,$-70,$17,$-403
3,2017-12-31,205.0,$51.56,3.98,$15.32,13.38,$21.85,9.38,$6.74,30.42,$0.43B,$0.34B,1.29,$1.43B,$4.94B,0.29,$2.67B,$1.96B,73.50%,$2.67B,$1.42B,53.37%,$2.67B,$1.42B,53.37%,$2.67B,$1.88B,70.39%,$2.67B,$1.43B,53.60%,$2.67B,$1.17B,43.93%,$1.17B,$8.96B,12.69%,$1.17B,$8.75B,12.99%,$1.17B,$10.73B,11.18%,$1.42B,$10.40B,14.03%,$672,$152,$520,$0,$21,$293,$380,$-2,$378,$0,$378,$391,$334,$500,$380,$174,174,$1.93,$1.91,$433,$0,$0,$433,$9230,$0,$215,$854,$10300,$10733,$337,$1431,$0,$1431,$1769,$17,$-676,$-75,$8964,$10733,$1448,$455,$68,$522,$0,$0,$0,$0,$0,$1976,$-461,$0,$-285,$0,$0,$0,$6,$-740,$0,$990,$990,$43,$-319,$-1630,$-33,$-992,$243,$38,$-1630
4,2017-09-30,207.94,$51.57,4.03,$15.21,13.67,$22.31,9.32,$6.85,30.36,$0.69B,$0.38B,1.83,$1.43B,$4.93B,0.29,$2.65B,$1.95B,73.55%,$2.65B,$1.42B,53.57%,$2.65B,$1.42B,53.57%,$2.65B,$1.86B,70.42%,$2.65B,$1.43B,53.95%,$2.65B,$1.19B,44.99%,$1.19B,$8.96B,12.73%,$1.19B,$8.75B,13.02%,$1.19B,$10.77B,11.52%,$1.42B,$10.39B,14.16%,$686,$191,$496,$0,$22,$326,$360,$2,$362,$0,$362,$358,$280,$473,$360,$174,174,$1.61,$1.61,$694,$0,$0,$694,$9006,$0,$206,$860,$10071,$10766,$380,$1426,$0,$1426,$1806,$17,$-662,$-75,$8959,$10766,$1058,$334,$55,$389,$0,$0,$0,$0,$0,$1503,$-325,$0,$-82,$0,$0,$0,$6,$-401,$0,$991,$991,$35,$-327,$-1228,$-31,$-595,$506,$26,$-1228
5,2017-06-30,200.7,$55.39,3.62,$15.09,13.3,$22.62,8.87,$7.02,28.59,$0.36B,$0.32B,1.11,$0.42B,$4.98B,0.09,$2.62B,$1.94B,73.78%,$2.62B,$1.41B,53.77%,$2.62B,$1.41B,53.77%,$2.62B,$1.85B,70.62%,$2.62B,$1.42B,54.15%,$2.62B,$1.22B,46.49%,$1.22B,$9.62B,13.00%,$1.22B,$9.42B,13.30%,$1.22B,$10.37B,12.07%,$1.41B,$10.04B,14.40%,$664,$183,$482,$0,$15,$308,$357,$3,$360,$0,$360,$355,$277,$467,$357,$174,174,$1.59,$1.59,$358,$0,$0,$358,$8960,$0,$207,$841,$10007,$10366,$323,$421,$0,$421,$744,$17,$-609,$-82,$9622,$10366,$699,$221,$30,$251,$0,$0,$0,$0,$0,$965,$-217,$0,$-34,$0,$0,$0,$6,$-245,$0,$-1,$-1,$32,$303,$-818,$-29,$-545,$175,$13,$-818
6,2017-03-31,208.67,$54.13,3.86,$14.91,13.99,$22.87,9.13,$7.04,29.64,$0.12B,$0.30B,0.41,$0.40B,$5.03B,0.08,$2.59B,$1.92B,73.86%,$2.59B,$1.39B,53.62%,$2.59B,$1.39B,53.62%,$2.59B,$1.83B,70.55%,$2.59B,$1.40B,54.01%,$2.59B,$1.22B,47.19%,$1.22B,$9.39B,13.17%,$1.22B,$9.18B,13.48%,$1.22B,$10.08B,12.22%,$1.39B,$9.79B,14.33%,$646,$183,$463,$0,$25,$319,$327,$3,$330,$0,$330,$344,$281,$438,$327,$173,174,$1.62,$1.62,$121,$0,$0,$121,$8930,$0,$210,$824,$9963,$10084,$295,$396,$0,$396,$690,$17,$-553,$-92,$9394,$10084,$344,$111,$8,$119,$0,$0,$0,$0,$0,$459,$-95,$0,$-23,$0,$0,$0,$0,$-118,$0,$-0,$-0,$18,$18,$-408,$-13,$-404,$-63,$9,$-408
7,2016-12-31,211.1,$54.49,3.87,$14.72,14.34,$22.86,9.24,$6.81,31.0,$0.18B,$0.30B,0.62,$0.39B,$5.07B,0.08,$2.56B,$1.89B,73.91%,$2.56B,$1.37B,53.67%,$2.56B,$1.37B,53.67%,$2.56B,$1.81B,70.59%,$2.56B,$1.39B,54.10%,$2.56B,$1.18B,46.25%,$1.18B,$9.44B,12.72%,$1.18B,$9.23B,13.02%,$1.18B,$10.13B,11.82%,$1.37B,$9.83B,14.15%,$651,$145,$506,$0,$20,$277,$374,$2,$376,$0,$376,$416,$353,$486,$374,$173,174,$2.04,$2.03,$184,$0,$0,$184,$8923,$0,$213,$811,$9947,$10130,$298,$391,$0,$391,$689,$17,$-488,$-95,$9442,$10130,$1460,$433,$47,$480,$0,$0,$0,$0,$0,$1945,$-351,$0,$-416,$0,$67,$67,$1,$-699,$0,$77,$77,$26,$299,$-1506,$-19,$-1149,$97,$37,$-1506
8,2016-09-30,208.84,$52.50,3.98,$14.49,14.41,$22.07,9.46,$6.52,32.03,$0.06B,$0.35B,0.17,$0.43B,$5.07B,0.09,$2.52B,$1.86B,73.79%,$2.52B,$1.35B,53.46%,$2.52B,$1.35B,53.46%,$2.52B,$1.77B,70.41%,$2.52B,$1.36B,53.89%,$2.52B,$1.13B,45.04%,$1.13B,$9.09B,12.26%,$1.13B,$8.88B,12.55%,$1.13B,$9.87B,11.42%,$1.35B,$9.52B,13.98%,$663,$179,$485,$0,$22,$310,$353,$3,$355,$0,$355,$369,$309,$462,$353,$173,174,$1.78,$1.78,$57,$0,$0,$57,$8781,$0,$213,$815,$9809,$9866,$346,$431,$0,$431,$777,$17,$-494,$-84,$9089,$9866,$1045,$322,$63,$385,$0,$0,$0,$0,$0,$1480,$-252,$0,$-257,$0,$67,$67,$-14,$-456,$0,$94,$94,$14,$-50,$-1099,$-16,$-1071,$-47,$27,$-1099
9,2016-06-30,237.26,$53.46,4.44,$14.24,16.66,$21.34,11.12,$6.32,37.54,$0.26B,$0.31B,0.85,$0.44B,$5.08B,0.09,$2.47B,$1.83B,73.85%,$2.47B,$1.32B,53.27%,$2.47B,$1.32B,53.27%,$2.47B,$1.74B,70.41%,$2.47B,$1.33B,53.80%,$2.47B,$1.10B,44.42%,$1.10B,$9.26B,11.81%,$1.10B,$9.04B,12.09%,$1.10B,$10.00B,11.13%,$1.32B,$9.69B,13.74%,$634,$172,$462,$0,$18,$297,$337,$3,$340,$0,$340,$358,$281,$444,$337,$173,174,$1.62,$1.61,$260,$0,$0,$260,$8734,$0,$213,$789,$9737,$9997,$306,$437,$0,$437,$743,$17,$-492,$-79,$9255,$9997,$676,$212,$53,$265,$0,$0,$0,$0,$0,$965,$-173,$0,$-185,$0,$67,$67,$3,$-288,$0,$103,$103,$11,$119,$-729,$-14,$-521,$156,$15,$-729
10,2016-03-31,254.15,$54.61,4.65,$13.99,18.16,$20.89,12.17,$6.23,40.79,$0.31B,$0.28B,1.11,$0.34B,$5.10B,0.07,$2.43B,$1.79B,73.82%,$2.43B,$1.28B,52.74%,$2.43B,$1.28B,52.74%,$2.43B,$1.71B,70.19%,$2.43B,$1.30B,53.31%,$2.43B,$1.08B,44.55%,$1.08B,$9.45B,11.62%,$1.08B,$9.24B,11.89%,$1.08B,$10.06B,11.06%,$1.28B,$9.79B,13.47%,$612,$173,$439,$0,$23,$301,$310,$4,$314,$0,$314,$317,$241,$415,$310,$173,174,$1.40,$1.39,$306,$0,$0,$306,$8643,$0,$213,$903,$9759,$10064,$275,$337,$0,$337,$612,$17,$-477,$-68,$9453,$10064,$317,$105,$15,$120,$0,$0,$0,$0,$0,$441,$-79,$0,$-85,$0,$0,$0,$2,$-163,$0,$-6,$-6,$10,$300,$-357,$-13,$-76,$201,$7,$-357
11,2015-12-31,226.75,$53.19,4.26,$13.73,16.51,$20.60,11.0,$6.07,37.36,$0.10B,$0.26B,0.4,$0.32B,$5.14B,0.06,$2.38B,$1.75B,73.34%,$2.38B,$1.23B,51.76%,$2.38B,$1.23B,51.76%,$2.38B,$1.66B,69.65%,$2.38B,$1.25B,52.39%,$2.38B,$1.05B,44.25%,$1.05B,$9.20B,11.32%,$1.05B,$8.99B,11.58%,$1.05B,$9.78B,10.85%,$1.23B,$9.52B,13.07%,$609,$138,$472,$0,$19,$263,$346,$3,$348,$0,$348,$365,$303,$452,$346,$173,174,$1.76,$1.74,$104,$0,$0,$104,$8558,$0,$211,$905,$9674,$9778,$262,$319,$0,$319,$581,$17,$-435,$-69,$9198,$9778,$1318,$426,$-1,$425,$0,$0,$0,$0,$0,$1748,$-294,$0,$-177,$0,$0,$0,$15,$-456,$0,$247,$247,$30,$-240,$-1371,$-27,$-1391,$-99,$33,$-1371
12,2015-09-30,192.38,$53.82,3.57,$13.41,14.34,$20.20,9.52,$5.97,32.22,$0.04B,$0.30B,0.12,$0.06B,$5.12B,0.01,$2.33B,$1.70B,73.00%,$2.33B,$1.18B,50.73%,$2.33B,$1.18B,50.73%,$2.33B,$1.61B,69.26%,$2.33B,$1.20B,51.72%,$2.33B,$1.04B,44.50%,$1.04B,$9.30B,11.02%,$1.04B,$9.09B,11.28%,$1.04B,$9.66B,10.65%,$1.18B,$9.36B,12.49%,$619,$165,$454,$0,$24,$294,$325,$4,$329,$0,$329,$341,$274,$431,$325,$173,174,$1.58,$1.58,$36,$0,$0,$36,$8500,$0,$213,$906,$9619,$9655,$295,$56,$0,$56,$351,$17,$-444,$-67,$9304,$9655,$952,$320,$-29,$291,$0,$0,$0,$0,$0,$1312,$-212,$0,$-105,$0,$0,$0,$31,$-286,$-17,$0,$-17,$26,$-119,$-1017,$-24,$-1177,$-152,$0,$-1017
13,2015-06-30,166.2,$53.89,3.08,$13.12,12.67,$19.70,8.44,$5.73,29.01,$0.02B,$0.27B,0.08,$0.06B,$5.13B,0.01,$2.27B,$1.65B,72.69%,$2.27B,$1.14B,49.91%,$2.27B,$1.14B,49.91%,$2.27B,$1.57B,69.09%,$2.27B,$1.16B,50.88%,$2.27B,$0.99B,43.67%,$0.99B,$9.31B,10.58%,$0.99B,$9.09B,10.84%,$0.99B,$9.64B,10.22%,$1.14B,$9.36B,12.01%,$589,$161,$428,$0,$21,$289,$300,$4,$304,$0,$304,$328,$264,$407,$300,$173,173,$1.53,$1.52,$20,$0,$0,$20,$8497,$0,$216,$901,$9615,$9635,$270,$59,$0,$59,$329,$17,$-428,$-62,$9306,$9635,$611,$214,$-25,$188,$0,$0,$0,$0,$0,$840,$-130,$0,$-88,$0,$14,$14,$16,$-188,$11,$-16,$-5,$-3,$-148,$-662,$-3,$-818,$-167,$0,$-662
14,2015-03-31,176.11,$54.75,3.22,$12.83,13.73,$19.33,9.11,$5.47,32.2,$0.15B,$0.26B,0.58,$0.06B,$5.12B,0.01,$2.22B,$1.61B,72.51%,$2.22B,$1.10B,49.53%,$2.22B,$1.10B,49.53%,$2.22B,$1.54B,69.10%,$2.22B,$1.12B,50.34%,$2.22B,$0.95B,42.60%,$0.95B,$9.45B,10.09%,$0.95B,$9.23B,10.33%,$0.95B,$9.77B,9.67%,$1.10B,$9.51B,11.64%,$565,$172,$393,$0,$24,$303,$262,$6,$267,$0,$267,$283,$213,$369,$262,$173,173,$1.23,$1.23,$153,$0,$0,$153,$8481,$0,$221,$916,$9619,$9772,$264,$59,$0,$59,$323,$17,$-399,$-79,$9449,$9772,$283,$107,$-9,$98,$0,$0,$0,$0,$0,$382,$-71,$0,$-32,$0,$0,$0,$9,$-94,$0,$-6,$-6,$-10,$-10,$-306,$-2,$-323,$-35,$0,$-306
15,2014-12-31,163.91,$55.13,2.97,$12.58,13.03,$19.23,8.53,$5.25,31.22,$0.19B,$0.25B,0.76,$0.06B,$5.18B,0.01,$2.18B,$1.56B,71.81%,$2.18B,$1.06B,48.48%,$2.18B,$1.06B,48.48%,$2.18B,$1.49B,68.55%,$2.18B,$1.07B,49.04%,$2.18B,$0.91B,41.69%,$0.91B,$9.51B,9.79%,$0.91B,$9.28B,10.03%,$0.91B,$9.82B,9.30%,$1.06B,$9.57B,11.29%,$553,$130,$423,$0,$19,$259,$293,$10,$303,$0,$303,$348,$284,$404,$293,$172,173,$1.65,$1.64,$188,$0,$0,$188,$8485,$0,$229,$917,$9631,$9819,$247,$64,$0,$64,$312,$17,$-375,$-48,$9507,$9819,$1150,$437,$29,$466,$0,$0,$0,$0,$0,$1604,$-223,$0,$-393,$0,$0,$0,$417,$-198,$-750,$-44,$-795,$38,$777,$-1201,$-19,$-1237,$169,$30,$-1201
16,2014-09-30,145.95,$53.89,2.71,$12.26,11.9,$18.61,7.84,$5.02,29.07,$0.10B,$0.26B,0.38,$0.07B,$5.16B,0.01,$2.12B,$1.52B,71.58%,$2.12B,$1.02B,47.83%,$2.12B,$1.02B,47.83%,$2.12B,$1.45B,68.33%,$2.12B,$1.04B,48.87%,$2.12B,$0.87B,40.90%,$0.87B,$9.29B,9.53%,$0.87B,$9.06B,9.78%,$0.87B,$9.62B,8.87%,$1.02B,$9.36B,11.03%,$567,$159,$409,$0,$18,$288,$280,$4,$283,$0,$283,$295,$232,$391,$280,$172,173,$1.34,$1.34,$98,$0,$0,$98,$8353,$0,$230,$944,$9526,$9624,$260,$72,$0,$72,$332,$17,$-418,$-28,$9292,$9624,$802,$327,$-3,$323,$0,$0,$0,$0,$0,$1153,$-142,$0,$-269,$0,$0,$0,$420,$10,$-750,$-22,$-772,$36,$591,$-897,$-5,$-1083,$79,$0,$-897
17,2014-06-30,149.57,$54.03,2.77,$11.95,12.51,$18.01,8.31,$5.02,29.8,$0.60B,$0.56B,1.06,$0.08B,$5.18B,0.01,$2.07B,$1.47B,71.31%,$2.07B,$0.99B,47.65%,$2.07B,$0.99B,47.65%,$2.07B,$1.41B,68.02%,$2.07B,$1.01B,48.81%,$2.07B,$0.87B,41.94%,$0.87B,$9.31B,9.65%,$0.87B,$9.09B,9.90%,$0.87B,$9.95B,8.97%,$0.99B,$9.39B,10.84%,$538,$151,$387,$0,$15,$272,$266,$0,$266,$0,$266,$278,$218,$372,$266,$172,173,$1.27,$1.26,$388,$0,$0,$596,$8167,$0,$225,$958,$9351,$9946,$560,$75,$0,$75,$635,$17,$-408,$-5,$9311,$9946,$507,$215,$-0,$215,$0,$0,$0,$0,$0,$726,$-81,$0,$-31,$0,$0,$0,$214,$102,$-428,$-19,$-447,$30,$30,$-594,$552,$-459,$369,$0,$-594
18,2014-03-31,145.87,$52.25,2.79,$11.66,12.51,$17.84,8.17,$4.96,29.41,$0.31B,$0.60B,0.52,$0.09B,$5.20B,0.02,$2.01B,$1.43B,71.00%,$2.01B,$0.96B,47.52%,$2.01B,$0.96B,47.52%,$2.01B,$1.36B,67.68%,$2.01B,$0.99B,48.96%,$2.01B,$0.86B,42.55%,$0.86B,$9.00B,9.69%,$0.86B,$8.77B,9.94%,$0.86B,$9.68B,9.07%,$0.96B,$9.09B,10.68%,$520,$175,$345,$0,$19,$303,$217,$-1,$216,$0,$216,$228,$174,$326,$217,$172,173,$1.01,$1.01,$101,$0,$0,$311,$8185,$0,$232,$955,$9372,$9683,$595,$88,$0,$88,$683,$17,$-386,$-0,$9000,$9683,$228,$109,$1,$110,$0,$0,$0,$0,$0,$331,$-39,$0,$0,$0,$0,$0,$212,$173,$-378,$-1,$-379,$25,$253,$-294,$-2,$-422,$82,$0,$-294
19,2013-12-31,129.23,$51.34,2.52,$11.38,11.36,$17.74,7.28,$4.89,26.43,$0.45B,$0.92B,0.49,$0.14B,$5.26B,0.03,$1.97B,$1.41B,71.55%,$1.97B,$0.95B,48.40%,$1.97B,$0.95B,48.40%,$1.97B,$1.34B,68.14%,$1.97B,$0.98B,50.03%,$1.97B,$0.85B,43.00%,$0.85B,$8.82B,9.62%,$0.85B,$8.57B,9.86%,$0.85B,$9.88B,9.08%,$0.95B,$8.96B,10.67%,$497,$119,$378,$0,$17,$245,$252,$20,$272,$0,$272,$298,$244,$361,$252,$172,173,$1.42,$1.41,$19,$0,$0,$447,$8240,$0,$247,$942,$9429,$9876,$918,$139,$0,$139,$1057,$17,$-318,$-1,$8819,$9876,$1058,$387,$-33,$354,$0,$0,$0,$0,$0,$1430,$-160,$0,$-1151,$0,$-105,$-105,$3,$-1412,$617,$-252,$365,$21,$723,$-1091,$-13,$-16,$2,$0,$-1091
20,2013-09-30,136.57,$51.27,2.66,$11.24,12.15,$17.42,7.84,$4.70,29.06,$0.48B,$0.24B,1.96,$0.10B,$5.24B,0.02,$1.94B,$1.38B,71.10%,$1.94B,$0.94B,48.71%,$1.94B,$0.94B,48.71%,$1.94B,$1.22B,63.11%,$1.94B,$0.96B,49.38%,$1.94B,$0.81B,41.85%,$0.81B,$8.81B,9.42%,$0.81B,$8.59B,9.65%,$0.81B,$9.15B,8.98%,$0.94B,$8.91B,10.71%,$512,$148,$364,$0,$18,$262,$250,$5,$255,$0,$255,$286,$231,$347,$250,$172,173,$1.35,$1.34,$57,$0,$0,$477,$7575,$0,$217,$881,$8673,$9150,$243,$100,$0,$100,$343,$17,$-322,$-4,$8807,$9150,$760,$278,$-15,$264,$0,$0,$0,$0,$0,$1040,$-134,$0,$-422,$0,$0,$0,$10,$-547,$0,$-368,$-368,$16,$16,$-798,$697,$-453,$40,$0,$-798
21,2013-06-30,129.4,$51.04,2.54,$11.06,11.7,$17.37,7.45,$4.54,28.5,$0.82B,$0.22B,3.73,$0.11B,$5.20B,0.02,$1.90B,$1.35B,70.94%,$1.90B,$0.93B,48.61%,$1.90B,$0.93B,48.61%,$1.90B,$1.11B,58.17%,$1.90B,$0.93B,49.03%,$1.90B,$0.78B,41.09%,$0.78B,$8.76B,9.11%,$0.78B,$8.56B,9.34%,$0.78B,$9.10B,8.62%,$0.93B,$8.88B,10.45%,$485,$143,$343,$0,$14,$248,$238,$5,$243,$0,$243,$262,$208,$329,$238,$172,173,$1.21,$1.20,$411,$0,$0,$815,$7267,$0,$205,$807,$8279,$9095,$219,$112,$0,$112,$330,$17,$-339,$-23,$8764,$9095,$474,$182,$4,$186,$0,$0,$0,$0,$0,$673,$-58,$0,$-54,$0,$0,$0,$8,$-105,$-133,$-224,$-357,$16,$16,$-531,$698,$-173,$394,$0,$-531
22,2013-03-31,127.49,$51.03,2.5,$10.90,11.69,$17.10,7.46,$4.11,31.02,$0.80B,$0.21B,3.88,$0.14B,$5.19B,0.03,$1.87B,$1.32B,70.44%,$1.87B,$0.90B,47.97%,$1.87B,$0.90B,47.97%,$1.87B,$1.08B,57.58%,$1.87B,$0.90B,48.24%,$1.87B,$0.71B,37.67%,$0.71B,$8.75B,8.27%,$0.71B,$8.55B,8.48%,$0.71B,$9.10B,7.77%,$0.90B,$8.90B,10.13%,$471,$150,$321,$0,$18,$260,$211,$2,$213,$0,$213,$212,$162,$302,$211,$171,173,$0.94,$0.94,$398,$0,$0,$797,$7292,$0,$207,$805,$8305,$9102,$205,$142,$0,$142,$348,$17,$-332,$-21,$8754,$9102,$212,$91,$12,$103,$0,$0,$0,$0,$0,$309,$-36,$0,$-14,$0,$0,$0,$8,$-41,$-133,$-193,$-326,$4,$706,$-264,$-2,$114,$381,$0,$-264
23,2012-12-31,120.32,$47.39,2.54,$10.74,11.21,$17.05,7.05,$3.90,30.85,$0.43B,$0.20B,2.12,$0.47B,$5.29B,0.09,$1.84B,$1.29B,69.83%,$1.84B,$0.87B,47.37%,$1.84B,$0.87B,47.37%,$1.84B,$1.05B,56.92%,$1.84B,$0.88B,47.53%,$1.84B,$0.67B,36.30%,$0.67B,$8.12B,7.82%,$0.67B,$7.91B,8.02%,$0.67B,$8.79B,7.30%,$0.87B,$8.59B,9.76%,$470,$120,$350,$0,$13,$225,$245,$1,$246,$0,$246,$272,$210,$245,$245,$171,172,$1.22,$1.22,$17,$0,$0,$428,$7332,$0,$209,$824,$8365,$8793,$202,$469,$0,$469,$671,$17,$-279,$-1,$8123,$8793,$943,$358,$-23,$335,$0,$0,$0,$0,$0,$1286,$-78,$0,$-226,$0,$0,$0,$13,$-290,$72,$0,$72,$103,$-224,$-959,$-6,$-1117,$-122,$0,$-959
24,2012-09-30,114.62,$50.97,2.25,$10.56,10.86,$16.55,6.93,$3.64,31.49,$0.94B,$0.24B,3.86,$0.35B,$5.13B,0.07,$1.81B,$1.24B,68.27%,$1.81B,$0.83B,45.61%,$1.81B,$0.83B,45.61%,$1.81B,$1.09B,60.31%,$1.81B,$0.85B,47.10%,$1.81B,$0.62B,34.44%,$0.62B,$8.70B,7.24%,$0.62B,$8.49B,7.42%,$0.62B,$9.29B,6.77%,$0.83B,$9.05B,9.19%,$477,$141,$336,$0,$15,$247,$231,$1,$231,$0,$231,$253,$202,$231,$231,$171,172,$1.19,$1.18,$536,$0,$0,$936,$7331,$0,$210,$812,$8353,$9288,$243,$348,$0,$348,$591,$17,$-313,$-15,$8697,$9288,$670,$0,$258,$258,$0,$0,$0,$0,$0,$956,$-64,$0,$-128,$0,$0,$0,$4,$-188,$0,$-49,$-49,$0,$-1249,$-721,$1647,$-372,$397,$0,$-721
25,2012-06-30,118.03,$50.33,2.35,$10.39,11.37,$16.24,7.27,$3.15,37.47,$0.83B,$0.23B,3.66,$0.37B,$5.10B,0.07,$1.78B,$1.21B,67.83%,$1.78B,$0.79B,44.66%,$1.78B,$0.79B,44.66%,$1.78B,$1.15B,64.74%,$1.78B,$0.83B,46.51%,$1.78B,$0.54B,30.31%,$0.54B,$8.58B,6.32%,$0.54B,$8.37B,6.48%,$0.54B,$9.18B,5.89%,$0.79B,$8.95B,8.90%,$456,$143,$313,$0,$12,$244,$212,$2,$214,$0,$214,$199,$132,$301,$212,$170,172,$0.78,$0.77,$438,$0,$0,$830,$7344,$0,$212,$793,$8349,$9179,$227,$369,$0,$369,$596,$17,$-339,$-27,$8583,$9179,$406,$176,$15,$190,$0,$0,$0,$0,$0,$606,$-42,$0,$-88,$0,$0,$0,$5,$-125,$0,$-29,$-29,$-5,$-839,$-483,$1169,$-182,$299,$0,$-483
26,2012-03-31,112.03,$51.75,2.16,$10.28,10.9,$16.05,6.98,$3.15,35.56,$1.04B,$0.21B,4.86,$0.37B,$5.14B,0.07,$1.76B,$1.19B,67.65%,$1.76B,$0.78B,44.13%,$1.76B,$0.78B,44.13%,$1.76B,$1.13B,64.52%,$1.76B,$0.80B,45.62%,$1.76B,$0.54B,30.69%,$0.54B,$8.82B,6.32%,$0.54B,$8.61B,6.48%,$0.54B,$9.41B,5.88%,$0.78B,$9.19B,8.67%,$440,$152,$288,$0,$16,$255,$185,$0,$185,$0,$185,$206,$125,$272,$185,$170,171,$0.74,$0.73,$620,$0,$0,$1035,$7349,$0,$211,$811,$8371,$9406,$213,$373,$0,$373,$586,$17,$-297,$-12,$8821,$9406,$207,$87,$-10,$77,$0,$0,$0,$0,$0,$279,$-15,$0,$-42,$0,$0,$0,$3,$-54,$0,$-25,$-25,$-11,$526,$-243,$-2,$256,$481,$0,$-243
27,2011-12-31,108.1,$48.82,2.21,$10.18,10.62,$15.97,6.77,$3.29,32.86,$0.54B,$0.21B,2.57,$0.40B,$5.20B,0.08,$1.74B,$1.18B,67.68%,$1.74B,$0.76B,43.95%,$1.74B,$0.76B,43.95%,$1.74B,$1.12B,64.63%,$1.74B,$0.78B,45.05%,$1.74B,$0.56B,32.37%,$0.56B,$8.31B,6.60%,$0.56B,$8.10B,6.77%,$0.56B,$8.93B,6.12%,$0.76B,$8.71B,8.53%,$436,$138,$298,$0,$11,$239,$197,$26,$222,$0,$222,$219,$164,$287,$197,$170,171,$0.97,$0.96,$139,$0,$0,$542,$7379,$0,$210,$802,$8391,$8933,$211,$398,$0,$411,$622,$17,$-260,$-23,$8311,$8933,$836,$359,$-9,$349,$0,$0,$0,$0,$0,$1203,$-89,$0,$-79,$102,$-359,$-257,$343,$-81,$-174,$0,$-174,$-92,$-404,$-846,$-14,$-1439,$-317,$0,$-846
28,2011-09-30,88.86,$49.46,1.8,$9.90,8.98,$15.33,5.8,$3.04,29.23,$0.63B,$0.24B,2.57,$0.42B,$5.19B,0.08,$1.69B,$1.15B,68.09%,$1.69B,$0.74B,43.59%,$1.69B,$0.74B,43.59%,$1.69B,$1.10B,65.01%,$1.69B,$0.75B,44.66%,$1.69B,$0.52B,30.78%,$0.52B,$8.41B,6.03%,$0.52B,$8.20B,6.18%,$0.52B,$9.09B,5.57%,$0.74B,$8.83B,8.09%,$446,$139,$307,$0,$14,$246,$200,$6,$206,$0,$206,$193,$118,$291,$200,$170,171,$0.69,$0.69,$161,$0,$0,$627,$7437,$0,$211,$810,$8458,$9086,$244,$419,$0,$431,$676,$17,$-265,$-15,$8410,$9086,$616,$269,$-17,$252,$0,$0,$0,$0,$0,$909,$-74,$0,$106,$102,$121,$224,$-358,$-102,$0,$-154,$-154,$16,$-1027,$-632,$711,$-1102,$-296,$0,$-632
29,2011-06-30,90.27,$50.63,1.78,$9.77,9.24,$14.80,6.1,$3.42,26.4,$0.78B,$0.23B,3.4,$0.45B,$5.33B,0.08,$1.66B,$1.13B,67.93%,$1.66B,$0.72B,43.38%,$1.66B,$0.72B,43.38%,$1.66B,$1.08B,65.22%,$1.66B,$0.73B,43.62%,$1.66B,$0.58B,35.08%,$0.58B,$8.58B,6.69%,$0.58B,$8.37B,6.86%,$0.58B,$9.27B,6.16%,$0.72B,$9.03B,7.81%,$434,$139,$295,$0,$13,$241,$193,$-6,$188,$0,$188,$211,$132,$283,$193,$169,170,$0.78,$0.77,$144,$0,$0,$775,$7464,$0,$209,$825,$8497,$9272,$228,$450,$0,$462,$690,$17,$-238,$2,$8583,$9272,$422,$178,$-39,$139,$0,$0,$0,$0,$0,$582,$-55,$0,$-7,$102,$120,$222,$-355,$-194,$0,$-127,$-127,$1,$-517,$-414,$357,$-700,$-312,$0,$-414
30,2011-03-31,87.07,$51.63,1.69,$9.63,9.04,$14.54,5.99,$3.01,28.93,$1.02B,$0.21B,4.83,$0.46B,$5.36B,0.09,$1.64B,$1.10B,67.48%,$1.64B,$0.70B,42.97%,$1.64B,$0.70B,42.97%,$1.64B,$1.06B,64.91%,$1.64B,$0.70B,43.03%,$1.64B,$0.51B,31.30%,$0.51B,$8.75B,5.85%,$0.51B,$8.54B,6.00%,$0.51B,$9.44B,5.37%,$0.70B,$9.21B,7.56%,$420,$144,$275,$0,$14,$247,$173,$-7,$166,$0,$166,$211,$148,$261,$173,$169,170,$0.87,$0.87,$145,$0,$0,$1017,$7494,$0,$211,$714,$8419,$9436,$211,$462,$0,$474,$685,$17,$-224,$-1,$8751,$9436,$211,$89,$-32,$57,$0,$0,$0,$0,$0,$265,$-16,$0,$-26,$102,$0,$102,$-345,$-285,$0,$-106,$-106,$11,$11,$-194,$-4,$-292,$-311,$0,$-194
31,2010-12-31,79.05,$51.46,1.54,$9.51,8.31,$14.40,5.49,$2.35,33.64,$1.05B,$0.21B,5.12,$0.57B,$5.31B,0.11,$1.61B,$1.09B,67.33%,$1.61B,$0.69B,42.90%,$1.61B,$0.69B,42.90%,$1.61B,$1.05B,64.97%,$1.61B,$0.69B,42.90%,$1.61B,$0.40B,24.74%,$0.40B,$8.71B,4.55%,$0.40B,$8.49B,4.67%,$0.40B,$9.50B,4.15%,$0.69B,$9.28B,7.42%,$386,$116,$271,$0,$9,$217,$169,$24,$193,$0,$193,$189,$121,$261,$169,$169,170,$0.71,$0.71,$559,$0,$0,$1054,$7533,$0,$217,$692,$8442,$9495,$206,$568,$0,$581,$786,$17,$-236,$-16,$8709,$9495,$696,$354,$48,$402,$0,$0,$0,$0,$0,$1093,$-94,$0,$-108,$-105,$0,$-105,$40,$-267,$0,$-77,$-77,$-264,$-276,$-755,$-25,$-1133,$-308,$0,$-755
32,2010-09-30,75.03,$52.05,1.44,$9.61,7.81,$14.65,5.12,$2.34,32.07,$1.13B,$0.24B,4.64,$0.59B,$5.43B,0.11,$1.63B,$1.10B,67.61%,$1.63B,$0.71B,43.82%,$1.63B,$0.71B,43.82%,$1.63B,$1.03B,63.12%,$1.63B,$0.68B,41.49%,$1.63B,$0.40B,24.28%,$0.40B,$8.81B,4.46%,$0.40B,$8.59B,4.57%,$0.40B,$9.65B,4.08%,$0.71B,$9.40B,7.58%,$422,$135,$288,$0,$9,$236,$186,$-8,$178,$0,$178,$243,$182,$279,$186,$169,170,$1.08,$1.07,$616,$0,$0,$1131,$7592,$0,$220,$708,$8520,$9651,$244,$590,$0,$603,$846,$17,$-226,$-12,$8805,$9651,$507,$263,$32,$295,$0,$0,$0,$0,$0,$822,$-80,$0,$-75,$-105,$0,$-105,$20,$-240,$0,$-58,$-58,$-169,$-333,$-561,$122,$-830,$-250,$0,$-561
33,2010-06-30,67.45,$51.68,1.31,$9.56,7.06,$14.87,4.54,$2.30,29.33,$1.05B,$0.23B,4.51,$0.59B,$5.34B,0.11,$1.62B,$1.10B,67.78%,$1.62B,$0.72B,44.28%,$1.62B,$0.72B,44.28%,$1.62B,$1.06B,65.62%,$1.62B,$0.68B,41.99%,$1.62B,$0.39B,23.87%,$0.39B,$8.73B,4.33%,$0.39B,$8.51B,4.44%,$0.39B,$9.57B,3.97%,$0.72B,$9.33B,7.58%,$408,$137,$270,$0,$10,$232,$175,$-9,$167,$0,$167,$127,$61,$261,$175,$169,170,$0.36,$0.36,$569,$0,$0,$1046,$7618,$0,$225,$680,$8523,$9570,$232,$593,$0,$606,$838,$17,$-272,$-35,$8731,$9570,$261,$170,$87,$257,$0,$0,$0,$0,$0,$526,$-45,$0,$-54,$-95,$0,$-95,$10,$-185,$0,$-55,$-55,$-179,$-194,$-380,$0,$-629,$-289,$0,$-380
34,2010-03-31,69.97,$52.23,1.34,$9.57,7.31,$15.03,4.66,$2.74,25.54,$1.34B,$0.20B,6.67,$0.52B,$5.41B,0.1,$1.62B,$1.10B,67.99%,$1.62B,$0.72B,44.64%,$1.62B,$0.72B,44.64%,$1.62B,$1.06B,65.88%,$1.62B,$0.69B,42.41%,$1.62B,$0.46B,28.48%,$0.46B,$8.81B,5.13%,$0.46B,$8.60B,5.26%,$0.46B,$9.74B,4.71%,$0.72B,$9.33B,7.60%,$397,$141,$257,$0,$10,$236,$162,$-8,$154,$0,$154,$129,$35,$247,$162,$168,169,$0.21,$0.21,$815,$0,$0,$1342,$7488,$0,$212,$703,$8402,$9744,$201,$516,$205,$735,$936,$17,$-203,$-25,$8808,$9744,$130,$85,$38,$123,$0,$0,$0,$0,$0,$233,$-10,$0,$0,$-95,$0,$-95,$-1,$-106,$0,$-2,$-2,$12,$12,$-179,$-0,$-170,$-44,$0,$-179
35,2009-12-31,61.5,$53.81,1.14,$9.62,6.39,$15.19,4.05,$3.48,17.67,$1.33B,$0.21B,6.25,$0.52B,$5.66B,0.09,$1.62B,$1.10B,67.94%,$1.62B,$0.73B,44.76%,$1.62B,$0.73B,44.76%,$1.62B,$1.07B,65.91%,$1.62B,$0.70B,42.97%,$1.62B,$0.58B,36.00%,$0.58B,$9.06B,6.50%,$0.58B,$8.85B,6.66%,$0.58B,$9.81B,6.00%,$0.73B,$9.58B,7.64%,$400,$115,$285,$0,$9,$210,$190,$-14,$176,$0,$176,$187,$117,$240,$190,$168,169,$0.70,$0.69,$764,$0,$0,$1325,$7562,$0,$213,$705,$8480,$9806,$212,$519,$0,$532,$744,$17,$-154,$-15,$9061,$9806,$790,$342,$-49,$293,$0,$0,$0,$0,$0,$1113,$-77,$0,$12,$-18,$0,$-18,$-9,$-91,$-110,$-8,$-117,$2,$-15,$-625,$-181,$-938,$83,$0,$-625
36,2009-09-30,56.41,$53.68,1.05,$9.70,5.82,$14.54,3.88,$3.50,16.12,$1.24B,$0.24B,5.26,$0.52B,$5.64B,0.09,$1.64B,$1.11B,67.89%,$1.64B,$0.72B,44.16%,$1.64B,$0.72B,44.16%,$1.64B,$1.12B,68.44%,$1.64B,$0.70B,42.69%,$1.64B,$0.59B,36.02%,$0.59B,$9.04B,6.56%,$0.59B,$8.82B,6.72%,$0.59B,$9.81B,6.03%,$0.72B,$9.56B,7.57%,$412,$128,$284,$0,$9,$223,$189,$-7,$182,$0,$182,$243,$173,$313,$189,$168,169,$1.03,$1.03,$671,$0,$0,$1243,$7634,$0,$214,$719,$8567,$9809,$236,$522,$0,$534,$771,$17,$-178,$-12,$9038,$9809,$603,$293,$-58,$235,$0,$0,$0,$0,$0,$838,$-63,$0,$-18,$0,$0,$0,$6,$-75,$-110,$-6,$-115,$2,$-169,$-469,$-20,$-773,$-10,$0,$-469
37,2009-06-30,48.71,$53.14,0.92,$9.82,4.96,$13.98,3.48,$2.89,16.85,$1.14B,$0.22B,5.17,$0.52B,$5.55B,0.1,$1.65B,$1.13B,68.44%,$1.65B,$0.74B,44.68%,$1.65B,$0.74B,44.68%,$1.65B,$1.32B,79.93%,$1.65B,$0.71B,43.11%,$1.65B,$0.49B,29.44%,$0.49B,$8.95B,5.44%,$0.49B,$8.73B,5.58%,$0.49B,$9.70B,4.94%,$0.74B,$9.47B,7.75%,$406,$135,$272,$0,$8,$226,$180,$-7,$173,$0,$173,$213,$135,$264,$180,$168,169,$0.80,$0.80,$585,$0,$0,$1135,$7695,$0,$215,$658,$8568,$9704,$220,$524,$0,$537,$757,$17,$-259,$-18,$8947,$9704,$359,$169,$-8,$162,$0,$0,$0,$0,$0,$542,$-39,$0,$10,$0,$0,$0,$-1,$-29,$-110,$-4,$-113,$1,$-17,$-326,$-154,$-610,$-96,$0,$-312
38,2009-03-31,40.76,$52.72,0.77,$9.89,4.12,$13.60,3.0,$2.49,16.37,$1.01B,$0.21B,4.8,$0.53B,$5.48B,0.1,$1.67B,$1.14B,68.31%,$1.67B,$0.71B,42.56%,$1.67B,$0.71B,42.56%,$1.67B,$1.23B,73.95%,$1.67B,$0.68B,40.88%,$1.67B,$0.42B,25.21%,$0.42B,$8.88B,4.69%,$0.42B,$8.65B,4.81%,$0.42B,$9.63B,4.20%,$0.71B,$9.40B,7.39%,$404,$143,$261,$0,$10,$237,$167,$-1,$166,$0,$166,$154,$159,$252,$167,$168,168,$0.95,$0.95,$493,$0,$0,$1011,$7748,$0,$224,$644,$8616,$9626,$211,$527,$0,$540,$751,$17,$-302,$-42,$8876,$9626,$153,$85,$17,$102,$0,$0,$0,$0,$0,$260,$-11,$0,$0,$0,$0,$0,$9,$-1,$-110,$-2,$-112,$1,$-17,$-164,$-153,$-446,$-187,$0,$-8
39,2008-12-31,58.1,$53.88,1.08,$10.20,5.7,$13.36,4.35,$4.18,13.9,$1.23B,$0.21B,5.81,$0.64B,$5.64B,0.11,$1.72B,$1.17B,67.83%,$1.72B,$0.69B,40.37%,$1.72B,$0.69B,40.37%,$1.72B,$1.11B,64.46%,$1.72B,$0.65B,37.87%,$1.72B,$0.71B,41.07%,$0.71B,$9.07B,7.85%,$0.71B,$8.84B,8.06%,$0.71B,$9.94B,6.95%,$0.69B,$9.71B,7.19%,$413,$121,$293,$0,$6,$227,$186,$-9,$177,$0,$177,$165,$122,$290,$186,$168,169,$0.72,$0.73,$681,$0,$0,$1233,$7822,$0,$227,$654,$8703,$9936,$212,$644,$0,$657,$869,$17,$-290,$-32,$9067,$9936,$974,$414,$-288,$127,$0,$0,$0,$0,$0,$1077,$-151,$0,$568,$0,$-55,$-55,$-22,$340,$0,$-35,$-35,$-109,$-176,$-734,$-39,$-984,$435,$0,$-734
40,2008-09-30,71.09,$50.45,1.41,$10.32,6.89,$12.91,5.51,$4.06,17.51,$1.37B,$0.26B,5.38,$0.65B,$5.40B,0.12,$1.74B,$1.18B,67.81%,$1.74B,$0.68B,38.96%,$1.74B,$0.68B,38.96%,$1.74B,$1.12B,64.43%,$1.74B,$0.63B,36.14%,$1.74B,$0.69B,39.36%,$0.69B,$8.93B,7.69%,$0.69B,$8.70B,7.93%,$0.69B,$10.20B,6.64%,$0.68B,$9.58B,7.01%,$431,$125,$306,$0,$9,$225,$206,$-9,$197,$0,$197,$150,$71,$516,$206,$168,169,$0.43,$0.42,$808,$0,$0,$1374,$7901,$0,$230,$690,$8821,$10195,$255,$646,$0,$1011,$1266,$17,$-177,$4,$8929,$10195,$812,$310,$-313,$-3,$0,$0,$0,$0,$0,$809,$-131,$0,$577,$0,$-67,$-67,$-11,$369,$0,$-30,$-30,$-102,$-102,$-476,$-29,$-637,$544,$0,$-476
41,2008-06-30,57.65,$50.76,1.14,$10.52,5.48,$12.54,4.6,$4.15,13.89,$1.41B,$0.22B,6.33,$0.69B,$5.45B,0.13,$1.78B,$1.18B,66.24%,$1.78B,$0.62B,34.66%,$1.78B,$0.62B,34.66%,$1.78B,$1.24B,69.72%,$1.78B,$0.56B,31.52%,$1.78B,$0.70B,39.44%,$0.70B,$8.98B,7.91%,$0.70B,$8.74B,8.19%,$0.70B,$10.25B,6.72%,$0.62B,$9.67B,6.33%,$418,$140,$278,$0,$33,$268,$150,$-10,$141,$0,$141,$145,$68,$174,$150,$168,168,$0.40,$0.40,$794,$0,$0,$1412,$7909,$0,$236,$695,$8840,$10253,$223,$690,$0,$1054,$1277,$17,$-156,$37,$8976,$10253,$664,$0,$-153,$-153,$0,$0,$0,$0,$0,$511,$-72,$0,$589,$0,$-33,$-33,$-33,$451,$0,$8,$8,$-107,$-107,$-336,$0,$-435,$530,$0,$-336
42,2008-03-31,62.83,$50.90,1.23,$10.67,5.89,$12.24,5.13,$3.83,16.4,$1.36B,$0.21B,6.6,$0.68B,$5.47B,0.13,$1.81B,$1.18B,65.19%,$1.81B,$0.56B,30.77%,$1.81B,$0.56B,30.77%,$1.81B,$0.98B,54.09%,$1.81B,$0.49B,27.24%,$1.81B,$0.65B,35.80%,$0.65B,$9.00B,7.39%,$0.65B,$8.75B,7.70%,$0.65B,$10.25B,6.17%,$0.56B,$9.68B,5.72%,$457,$168,$289,$0,$15,$305,$152,$-16,$136,$0,$136,$521,$445,$128,$152,$169,169,$2.64,$2.63,$746,$0,$0,$1364,$7922,$0,$246,$716,$8883,$10248,$207,$683,$0,$1046,$1252,$17,$-131,$37,$8996,$10248,$520,$-24,$-257,$-280,$0,$0,$0,$0,$0,$240,$-31,$0,$601,$0,$-33,$-33,$-31,$507,$0,$10,$10,$-109,$-109,$-168,$0,$-268,$481,$0,$-10
43,2007-12-31,51.7,$51.72,1.0,$10.52,4.91,$12.00,4.31,$1.16,44.57,$0.25B,$0.30B,0.81,$1.07B,$5.24B,0.2,$1.79B,$1.16B,64.75%,$1.79B,$0.48B,26.75%,$1.79B,$0.48B,26.75%,$1.79B,$1.10B,61.50%,$1.79B,$0.41B,23.11%,$1.79B,$0.20B,11.14%,$0.20B,$8.76B,2.29%,$0.20B,$8.42B,2.41%,$0.20B,$10.64B,1.88%,$0.48B,$9.83B,4.89%,$437,$128,$309,$0,$10,$266,$171,$-15,$156,$0,$156,$197,$102,$305,$171,$169,170,$0.61,$0.61,$245,$0,$0,$245,$9583,$0,$348,$467,$10398,$10643,$303,$1070,$0,$1577,$1880,$17,$-485,$50,$8763,$10643,$487,$623,$-54,$568,$0,$0,$0,$0,$0,$1048,$-191,$0,$-73,$0,$0,$0,$2,$-262,$-345,$-455,$-800,$8,$358,$-598,$-42,$-1082,$-290,$0,$-598
44,2007-09-30,55.04,$49.16,1.12,$10.95,5.03,$10.87,5.06,$0.08,687.94,$0.19B,$0.32B,0.59,$1.04B,$5.23B,0.2,$1.78B,$1.12B,62.89%,$1.78B,$0.32B,17.91%,$1.78B,$0.32B,17.91%,$1.78B,$1.03B,58.00%,$1.78B,$0.25B,13.98%,$1.78B,$0.02B,0.95%,$0.02B,$8.76B,0.20%,$0.02B,$8.36B,0.21%,$0.02B,$10.63B,0.16%,$0.32B,$9.80B,3.22%,$468,$166,$303,$0,$11,$325,$144,$-15,$128,$0,$128,$154,$87,$634,$144,$169,170,$0.51,$0.51,$189,$0,$0,$189,$9577,$0,$397,$466,$10440,$10630,$323,$1042,$0,$1549,$1872,$17,$-503,$64,$8758,$10630,$290,$488,$-32,$457,$0,$0,$0,$0,$0,$753,$-131,$0,$-71,$6,$0,$6,$-13,$-208,$0,$-810,$-810,$8,$358,$-464,$0,$-916,$-367,$0,$-448
45,2007-06-30,53.39,$48.05,1.11,$10.75,4.97,$10.43,5.12,$-0.39,0.0,$0.07B,$0.33B,0.21,$1.09B,$5.20B,0.21,$1.68B,$1.06B,63.00%,$1.68B,$0.27B,15.97%,$1.68B,$0.27B,15.97%,$1.68B,$0.61B,35.99%,$1.68B,$0.21B,12.23%,$1.68B,$-0.08B,-4.51%,$-0.08B,$8.56B,-0.89%,$-0.08B,$8.12B,-0.95%,$-0.08B,$10.48B,-0.70%,$0.27B,$9.65B,2.70%,$448,$169,$279,$0,$21,$358,$90,$-17,$73,$0,$73,$78,$14,$-88,$90,$169,170,$0.09,$0.08,$67,$0,$0,$67,$9498,$0,$435,$477,$10410,$10477,$327,$1088,$0,$1591,$1918,$17,$-505,$36,$8559,$10477,$137,$-2,$337,$335,$0,$0,$0,$0,$0,$469,$-76,$0,$-27,$6,$0,$6,$5,$-92,$0,$-745,$-745,$7,$190,$-308,$0,$-863,$-489,$0,$-297
46,2007-03-31,65.4,$48.41,1.35,$10.43,6.27,$10.49,6.23,$0.08,817.46,$0.09B,$0.30B,0.31,$1.20B,$5.26B,0.23,$1.53B,$0.97B,63.43%,$1.53B,$0.32B,20.53%,$1.53B,$0.32B,20.53%,$1.53B,$0.88B,57.24%,$1.53B,$0.27B,17.41%,$1.53B,$-0.02B,-1.24%,$-0.02B,$8.62B,-0.24%,$-0.02B,$8.12B,-0.26%,$-0.02B,$10.62B,-0.20%,$0.32B,$9.82B,3.52%,$434,$168,$266,$0,$17,$361,$73,$-17,$56,$0,$56,$61,$-4,$248,$73,$169,169,$-0.03,$-0.03,$91,$0,$0,$91,$9571,$0,$504,$453,$10528,$10619,$296,$1201,$0,$1703,$2000,$17,$-434,$30,$8619,$10619,$60,$175,$-4,$171,$0,$0,$0,$0,$0,$195,$-27,$0,$-22,$5,$0,$5,$-0,$-45,$0,$-649,$-649,$5,$188,$-155,$0,$-616,$-465,$0,$-149
47,2006-12-31,67.0,$50.31,1.33,$10.02,6.68,$10.53,6.36,$0.59,113.56,$0.56B,$0.33B,1.67,$1.85B,$5.35B,0.35,$1.38B,$0.88B,64.03%,$1.38B,$0.36B,26.18%,$1.38B,$0.36B,26.18%,$1.38B,$0.80B,57.94%,$1.38B,$0.33B,23.79%,$1.38B,$0.05B,3.41%,$0.05B,$8.51B,0.69%,$0.05B,$7.92B,0.73%,$0.05B,$11.20B,0.56%,$0.36B,$10.36B,4.66%,$431,$159,$272,$0,$35,$419,$12,$-20,$-8,$0,$-8,$-8,$-80,$239,$12,$143,144,$-0.67,$-0.66,$556,$0,$0,$556,$9598,$0,$589,$456,$10643,$11198,$334,$1849,$0,$2355,$2688,$17,$-345,$19,$8510,$11198,$314,$438,$1,$439,$0,$0,$0,$0,$0,$753,$-190,$0,$-161,$0,$0,$0,$-122,$-474,$345,$-668,$-323,$85,$632,$-553,$16,$-228,$54,$-12,$-534
