,Date,Stock Price,Book Value per Share,Price to Book Ratio,TTM Sales per Share,Price to Sales Ratio,TTM FCF per Share,Price to FCF Ratio,TTM Net EPS,PE Ratio,Current Assets,Current Liabilities,Current Ratio,Long Term Debt,Shareholder's Equity_x,Debt to Equity Ratio,TTM Revenue_x,TTM Gross Profit,Gross Margin,TTM Revenue_y,TTM Operating Income,Operating Margin,TTM Revenue_x,TTM EBIT,EBIT Margin,TTM Revenue_y,TTM EBITDA,EBITDA Margin,TTM Revenue_x,TTM Pre-Tax Income,Pre-Tax Margin,TTM Revenue_y,TTM Net Income_x,Net Margin,TTM Net Income_y,Shareholder's Equity_y,Return on Equity,TTM Net Income_x,Tangible Equity,Return on Tangible Equity,TTM Net Income_y,Total Assets,Return on Assets,TTM Net Income,LT Investments & Debt,Return on Investment,revenue,cost-goods-sold,gross-profit,research-development-expenses,selling-general-administrative-expenses,operating-expenses,operating-income,total-non-operating-income-expense,pre-tax-income,total-provision-income-taxes,income-after-taxes,income-from-continuous-operations,net-income,ebitda,ebit,basic-shares-outstanding,shares-outstanding,eps-basic-net-earnings-per-share,eps-earnings-per-share-diluted,cash-on-hand,inventory,other-current-assets,total-current-assets,net-property-plant-equipment,long-term-investments,goodwill-intangible-assets-total,other-long-term-assets,total-long-term-assets,total-assets,total-current-liabilities,long-term-debt,other-non-current-liabilities,total-long-term-liabilities,total-liabilities,common-stock-net,retained-earnings-accumulated-deficit,comprehensive-income,total-share-holder-equity,total-liabilities-share-holders-equity,net-income-loss,total-depreciation-amortization-cash-flow,other-non-cash-items,total-non-cash-items,change-in-accounts-receivable,change-in-inventories,change-in-accounts-payable,change-in-assets-liabilities,total-change-in-assets-liabilities,cash-flow-from-operating-activities,net-change-in-property-plant-equipment,net-change-in-intangible-assets,net-acquisitions-divestitures,net-change-in-short-term-investments,net-change-in-long-term-investments,net-change-in-investments-total,investing-activities-other,cash-flow-from-investing-activities,net-long-term-debt,net-current-debt,debt-issuance-retirement-net-total,net-common-equity-issued-repurchased,net-total-equity-issued-repurchased,total-common-preferred-stock-dividends-paid,financial-activities-other,cash-flow-from-financial-activities,net-cash-flow,stock-based-compensation,common-stock-dividends-paid
0,2018-09-30,127.09,$72.31,1.76,$15.01,8.47,$25.43,5.0,$5.94,21.4,$0.04B,$0.09B,0.51,$0.00B,$1.02B,0.0,$0.41B,$0.28B,68.69%,$0.41B,$0.18B,42.96%,$0.41B,$0.18B,42.96%,$0.41B,$0.27B,66.50%,$0.41B,$0.26B,64.08%,$0.41B,$0.16B,39.32%,$0.16B,$1.98B,8.34%,$0.16B,$1.98B,8.34%,$0.16B,$2.06B,7.87%,$0.18B,$1.98B,9.10%,$104,$32,$72,$0,$2,$59,$45,$0,$45,$0,$45,$45,$25,$70,$45,$27,27,$0.92,$0.92,$9,$0,$0,$44,$2003,$0,$0,$16,$2020,$2063,$86,$0,$0,$0,$86,$0,$66,$0,$1977,$2063,$219,$74,$-89,$-15,$0,$0,$0,$0,$0,$204,$101,$0,$-142,$0,$0,$0,$1,$-41,$0,$0,$0,$-4,$-134,$-115,$-20,$-269,$-106,$3,$-75
1,2018-06-30,128.5,$72.48,1.77,$14.89,8.63,$20.48,6.28,$5.68,22.62,$0.04B,$0.08B,0.5,$0.01B,$1.02B,0.01,$0.41B,$0.28B,68.63%,$0.41B,$0.18B,42.89%,$0.41B,$0.18B,42.89%,$0.41B,$0.27B,66.42%,$0.41B,$0.26B,64.22%,$0.41B,$0.16B,37.99%,$0.16B,$1.98B,8.14%,$0.16B,$1.98B,8.14%,$0.16B,$2.07B,7.47%,$0.18B,$1.99B,9.18%,$102,$31,$71,$0,$2,$58,$44,$59,$102,$0,$102,$102,$70,$68,$44,$27,27,$2.57,$2.56,$7,$0,$0,$41,$2016,$0,$0,$15,$2031,$2072,$81,$10,$0,$10,$91,$0,$69,$0,$1981,$2072,$174,$49,$-91,$-42,$0,$0,$0,$0,$0,$132,$-15,$0,$-142,$0,$0,$0,$128,$-30,$0,$10,$10,$-4,$-134,$-73,$-13,$-209,$-108,$2,$-46
2,2018-03-31,112.27,$70.27,1.6,$14.82,7.58,$20.38,5.51,$4.02,27.93,$0.08B,$0.08B,0.95,$0.00B,$0.96B,0.0,$0.41B,$0.28B,68.72%,$0.41B,$0.17B,42.86%,$0.41B,$0.17B,42.86%,$0.41B,$0.27B,66.50%,$0.41B,$0.20B,50.25%,$0.41B,$0.11B,27.09%,$0.11B,$1.92B,5.90%,$0.11B,$1.92B,5.90%,$0.11B,$2.00B,5.35%,$0.17B,$1.92B,9.21%,$104,$33,$71,$0,$2,$59,$45,$27,$72,$0,$72,$72,$46,$69,$45,$27,27,$1.69,$1.69,$39,$0,$0,$75,$1919,$0,$0,$7,$1926,$2001,$79,$3,$0,$3,$81,$0,$22,$0,$1920,$2001,$72,$24,$-32,$-8,$0,$0,$0,$0,$0,$64,$-7,$0,$0,$0,$0,$0,$43,$36,$0,$3,$3,$-5,$-135,$-37,$-6,$-175,$-76,$1,$-23
3,2017-12-31,123.31,$69.34,1.78,$14.69,8.39,$20.47,6.03,$3.30,37.37,$0.15B,$0.08B,1.86,$0.00B,$0.93B,0.0,$0.40B,$0.28B,68.91%,$0.40B,$0.17B,42.79%,$0.40B,$0.17B,42.79%,$0.40B,$0.27B,66.42%,$0.40B,$0.18B,44.53%,$0.40B,$0.09B,22.39%,$0.09B,$1.89B,4.90%,$0.09B,$1.89B,4.90%,$0.09B,$2.10B,4.38%,$0.17B,$1.89B,9.11%,$102,$32,$69,$0,$3,$59,$43,$2,$45,$0,$45,$45,$21,$67,$43,$27,27,$0.77,$0.77,$115,$0,$0,$149,$1843,$0,$0,$108,$1951,$2100,$80,$0,$0,$130,$210,$0,$-2,$0,$1890,$2100,$179,$95,$-2,$92,$0,$0,$0,$0,$0,$272,$-52,$5,$0,$0,$-32,$-32,$0,$-79,$0,$0,$0,$-0,$-35,$-145,$-26,$-205,$-13,$5,$-93
4,2017-09-30,130.73,$66.90,1.95,$14.56,8.98,$20.49,6.38,$3.00,43.58,$0.17B,$0.08B,2.02,$0.00B,$0.93B,0.0,$0.40B,$0.28B,69.27%,$0.40B,$0.17B,42.32%,$0.40B,$0.17B,42.32%,$0.40B,$0.26B,66.50%,$0.40B,$0.17B,43.83%,$0.40B,$0.08B,20.65%,$0.08B,$1.82B,4.51%,$0.08B,$1.82B,4.51%,$0.08B,$2.13B,3.98%,$0.17B,$1.82B,8.99%,$100,$32,$69,$0,$2,$57,$43,$-1,$43,$0,$43,$43,$18,$67,$43,$27,27,$0.67,$0.66,$133,$0,$0,$167,$1854,$0,$0,$105,$1959,$2126,$83,$0,$0,$220,$303,$0,$0,$0,$1823,$2126,$134,$71,$1,$72,$0,$0,$0,$0,$0,$206,$-38,$2,$0,$0,$-30,$-30,$0,$-65,$0,$0,$0,$-0,$-8,$-108,$-19,$-135,$5,$3,$-69
5,2017-06-30,128.83,$66.86,1.93,$14.47,8.9,$20.43,6.31,$3.06,42.1,$0.04B,$0.08B,0.5,$0.10B,$0.94B,0.11,$0.39B,$0.27B,69.29%,$0.39B,$0.16B,41.62%,$0.39B,$0.16B,41.62%,$0.39B,$0.26B,66.24%,$0.39B,$0.17B,43.15%,$0.39B,$0.08B,21.32%,$0.08B,$1.82B,4.60%,$0.08B,$1.82B,4.60%,$0.08B,$2.00B,4.14%,$0.16B,$1.92B,8.67%,$100,$30,$70,$0,$2,$56,$43,$1,$44,$0,$44,$44,$25,$67,$43,$27,27,$0.91,$0.90,$5,$0,$0,$39,$1861,$0,$0,$98,$1959,$1998,$78,$101,$0,$101,$179,$0,$5,$0,$1819,$1998,$91,$47,$-1,$46,$0,$0,$0,$0,$0,$138,$-24,$2,$0,$0,$-24,$-24,$2,$-44,$0,$101,$101,$-2,$-232,$-72,$-13,$-216,$-122,$4,$-46
6,2017-03-31,110.95,$66.74,1.66,$14.38,7.72,$20.12,5.51,$2.74,40.49,$0.04B,$0.08B,0.51,$0.11B,$0.94B,0.11,$0.39B,$0.27B,68.97%,$0.39B,$0.16B,40.26%,$0.39B,$0.16B,40.26%,$0.39B,$0.26B,65.38%,$0.39B,$0.16B,41.03%,$0.39B,$0.08B,19.23%,$0.08B,$1.81B,4.09%,$0.08B,$1.81B,4.09%,$0.08B,$2.00B,3.70%,$0.16B,$1.92B,8.31%,$100,$31,$69,$0,$3,$57,$43,$4,$47,$0,$47,$47,$26,$66,$43,$27,27,$0.97,$0.97,$5,$0,$0,$39,$1871,$0,$0,$88,$1958,$1997,$76,$107,$0,$107,$183,$0,$3,$0,$1814,$1997,$47,$23,$-3,$21,$0,$0,$0,$0,$0,$68,$-9,$2,$0,$0,$-15,$-15,$0,$-21,$0,$107,$107,$-3,$-233,$-36,$-7,$-169,$-123,$2,$-23
7,2016-12-31,111.8,$66.72,1.68,$14.24,7.85,$19.84,5.64,$2.31,48.4,$0.16B,$0.08B,2.04,$0.00B,$0.93B,0.0,$0.39B,$0.26B,68.39%,$0.39B,$0.15B,38.60%,$0.39B,$0.15B,38.60%,$0.39B,$0.25B,64.77%,$0.39B,$0.15B,37.56%,$0.39B,$0.06B,16.58%,$0.06B,$1.81B,3.47%,$0.06B,$1.81B,3.47%,$0.06B,$2.12B,3.09%,$0.15B,$1.81B,7.96%,$97,$31,$67,$0,$3,$58,$39,$0,$40,$0,$40,$40,$13,$64,$39,$27,27,$0.47,$0.47,$129,$0,$0,$160,$1884,$0,$0,$75,$1959,$2119,$79,$0,$0,$230,$309,$0,$-0,$0,$1811,$2119,$145,$100,$6,$106,$0,$0,$0,$0,$0,$251,$-32,$0,$-13,$0,$-40,$-40,$0,$-85,$-250,$0,$-250,$1,$185,$-139,$-22,$-226,$-60,$11,$-81
8,2016-09-30,108.25,$68.46,1.58,$14.14,7.66,$18.91,5.72,$2.39,45.29,$0.04B,$0.08B,0.44,$0.06B,$0.94B,0.06,$0.38B,$0.26B,68.41%,$0.38B,$0.15B,38.12%,$0.38B,$0.15B,38.12%,$0.38B,$0.25B,64.75%,$0.38B,$0.14B,36.03%,$0.38B,$0.07B,17.23%,$0.07B,$1.86B,3.55%,$0.07B,$1.86B,3.55%,$0.07B,$2.00B,3.16%,$0.15B,$1.92B,7.74%,$97,$31,$67,$0,$3,$58,$39,$0,$39,$0,$39,$39,$20,$64,$39,$27,27,$0.73,$0.72,$5,$0,$0,$37,$1897,$0,$0,$66,$1963,$2000,$83,$60,$0,$60,$143,$0,$8,$0,$1857,$2000,$105,$75,$9,$84,$0,$0,$0,$0,$0,$190,$-24,$0,$-13,$0,$-29,$-29,$0,$-66,$-250,$60,$-190,$1,$1,$-102,$-16,$-308,$-184,$9,$-61
9,2016-06-30,100.42,$68.44,1.47,$14.01,7.17,$18.03,5.57,$2.50,40.17,$0.04B,$0.07B,0.48,$0.05B,$0.93B,0.06,$0.38B,$0.26B,68.07%,$0.38B,$0.14B,37.20%,$0.38B,$0.14B,37.20%,$0.38B,$0.24B,64.38%,$0.38B,$0.15B,38.26%,$0.38B,$0.07B,17.94%,$0.07B,$1.85B,3.66%,$0.07B,$1.85B,3.66%,$0.07B,$1.98B,3.16%,$0.14B,$1.91B,7.54%,$96,$30,$66,$0,$5,$60,$36,$-2,$34,$0,$34,$34,$16,$61,$36,$27,27,$0.58,$0.58,$4,$0,$0,$36,$1898,$0,$0,$48,$1947,$1982,$74,$54,$0,$54,$128,$0,$8,$0,$1854,$1982,$66,$51,$6,$56,$-2,$0,$0,$0,$-4,$119,$-14,$0,$0,$0,$-13,$-13,$0,$-28,$-250,$54,$-196,$-1,$-1,$-68,$-11,$-276,$-185,$7,$-41
10,2016-03-31,94.46,$68.52,1.38,$13.92,6.79,$18.27,5.17,$2.33,40.54,$0.23B,$0.32B,0.7,$0.00B,$0.94B,0.0,$0.38B,$0.26B,67.82%,$0.38B,$0.14B,36.70%,$0.38B,$0.14B,36.70%,$0.38B,$0.24B,64.63%,$0.38B,$0.14B,37.23%,$0.38B,$0.06B,16.76%,$0.06B,$1.86B,3.36%,$0.06B,$1.86B,3.36%,$0.06B,$2.18B,2.84%,$0.14B,$1.86B,7.36%,$96,$32,$64,$0,$4,$61,$35,$-3,$32,$0,$32,$32,$15,$61,$35,$27,27,$0.54,$0.54,$195,$0,$0,$228,$1915,$0,$0,$36,$1952,$2179,$324,$0,$0,$0,$324,$0,$13,$0,$1855,$2179,$32,$25,$2,$27,$-0,$0,$0,$0,$-2,$57,$-6,$0,$0,$0,$-4,$-4,$0,$-10,$0,$0,$0,$-1,$-1,$-34,$-5,$-41,$6,$3,$-20
11,2015-12-31,81.54,$68.82,1.18,$13.80,5.91,$17.97,4.54,$2.52,32.36,$0.22B,$0.33B,0.67,$0.00B,$0.94B,0.0,$0.37B,$0.25B,67.74%,$0.37B,$0.13B,36.02%,$0.37B,$0.13B,36.02%,$0.37B,$0.24B,64.25%,$0.37B,$0.15B,39.78%,$0.37B,$0.07B,18.28%,$0.07B,$1.86B,3.60%,$0.07B,$1.86B,3.60%,$0.07B,$2.19B,3.05%,$0.13B,$1.86B,7.09%,$94,$29,$65,$0,$3,$59,$36,$-3,$33,$0,$33,$33,$15,$62,$36,$27,27,$0.56,$0.55,$189,$0,$0,$219,$1933,$0,$0,$35,$1967,$2187,$326,$0,$0,$0,$326,$0,$18,$0,$1861,$2187,$149,$106,$-16,$90,$0,$0,$0,$0,$0,$239,$-46,$0,$0,$0,$50,$50,$0,$3,$0,$0,$0,$4,$-71,$-119,$-16,$-206,$36,$9,$-59
12,2015-09-30,73.52,$68.81,1.07,$13.71,5.36,$25.16,2.92,$5.01,14.67,$0.28B,$0.33B,0.86,$0.00B,$0.94B,0.0,$0.37B,$0.25B,67.48%,$0.37B,$0.13B,34.96%,$0.37B,$0.13B,34.96%,$0.37B,$0.23B,63.41%,$0.37B,$0.24B,63.69%,$0.37B,$0.14B,36.59%,$0.14B,$1.86B,7.10%,$0.14B,$1.86B,7.10%,$0.14B,$2.27B,6.02%,$0.13B,$1.86B,6.78%,$93,$30,$63,$0,$3,$60,$34,$13,$46,$0,$46,$46,$22,$60,$34,$27,27,$0.83,$0.83,$252,$0,$0,$284,$1970,$0,$0,$10,$1980,$2265,$331,$0,$0,$75,$406,$0,$19,$0,$1859,$2265,$116,$79,$-24,$56,$-4,$0,$0,$0,$7,$179,$-38,$0,$0,$0,$55,$55,$0,$17,$0,$0,$0,$4,$4,$-89,$-12,$-96,$100,$7,$-43
13,2015-06-30,66.28,$71.17,0.93,$13.80,4.8,$25.09,2.64,$4.60,14.41,$0.23B,$0.32B,0.73,$0.00B,$0.93B,0.0,$0.37B,$0.25B,66.94%,$0.37B,$0.13B,34.41%,$0.37B,$0.13B,34.41%,$0.37B,$0.23B,62.90%,$0.37B,$0.22B,58.60%,$0.37B,$0.12B,33.33%,$0.12B,$1.92B,6.48%,$0.12B,$1.92B,6.48%,$0.12B,$2.24B,5.54%,$0.13B,$1.92B,6.68%,$93,$30,$63,$0,$3,$61,$33,$-3,$29,$0,$29,$29,$11,$60,$33,$27,27,$0.41,$0.41,$200,$0,$0,$233,$1998,$0,$0,$8,$2007,$2240,$320,$0,$0,$0,$320,$0,$13,$0,$1920,$2240,$70,$53,$-9,$44,$-3,$0,$0,$0,$-2,$111,$-1,$0,$0,$0,$0,$0,$0,$-1,$0,$0,$0,$2,$2,$-57,$-7,$-62,$48,$5,$-27
14,2015-03-31,75.76,$71.20,1.06,$13.84,5.47,$24.46,3.1,$4.55,16.65,$0.22B,$0.32B,0.69,$0.00B,$0.92B,0.0,$0.37B,$0.25B,66.76%,$0.37B,$0.13B,33.78%,$0.37B,$0.13B,33.78%,$0.37B,$0.23B,62.47%,$0.37B,$0.22B,58.18%,$0.37B,$0.12B,32.98%,$0.12B,$1.92B,6.43%,$0.12B,$1.92B,6.43%,$0.12B,$2.24B,5.51%,$0.13B,$1.92B,6.59%,$92,$32,$61,$0,$3,$61,$31,$9,$40,$0,$40,$40,$20,$57,$31,$27,27,$0.73,$0.73,$188,$0,$0,$221,$2010,$0,$0,$7,$2016,$2237,$319,$0,$0,$0,$319,$0,$15,$0,$1919,$2237,$40,$26,$-11,$15,$-1,$0,$0,$0,$-2,$54,$-12,$0,$0,$0,$24,$24,$0,$13,$0,$0,$0,$1,$1,$-32,$0,$-31,$36,$2,$-17
15,2014-12-31,72.12,$70.89,1.02,$13.96,5.16,$24.54,2.94,$4.19,17.21,$0.18B,$0.32B,0.57,$0.00B,$0.91B,0.0,$0.38B,$0.25B,66.49%,$0.38B,$0.13B,33.51%,$0.38B,$0.13B,33.51%,$0.38B,$0.24B,62.77%,$0.38B,$0.21B,54.52%,$0.38B,$0.11B,30.05%,$0.11B,$1.91B,5.91%,$0.11B,$1.91B,5.91%,$0.11B,$2.23B,5.06%,$0.13B,$1.91B,6.59%,$91,$29,$62,$0,$5,$61,$31,$89,$120,$0,$120,$120,$82,$57,$31,$27,27,$3.05,$3.04,$152,$0,$0,$181,$2035,$0,$0,$10,$2046,$2227,$319,$0,$0,$0,$319,$0,$9,$0,$1908,$2227,$205,$110,$-85,$25,$1,$0,$0,$0,$-2,$228,$158,$0,$-45,$0,$0,$0,$0,$113,$0,$0,$0,$3,$3,$-188,$-35,$-220,$121,$10,$-128
16,2014-09-30,66.28,$71.01,0.93,$14.34,4.62,$16.80,3.94,$1.83,36.22,$0.09B,$0.33B,0.27,$0.00B,$0.92B,0.0,$0.38B,$0.26B,67.28%,$0.38B,$0.14B,35.62%,$0.38B,$0.14B,35.62%,$0.38B,$0.25B,65.44%,$0.38B,$0.12B,32.45%,$0.38B,$0.05B,12.93%,$0.05B,$1.91B,2.56%,$0.05B,$1.91B,2.56%,$0.05B,$2.24B,2.19%,$0.14B,$1.91B,7.06%,$96,$33,$63,$0,$3,$63,$33,$-3,$29,$0,$29,$29,$11,$60,$33,$27,27,$0.42,$0.42,$58,$0,$0,$89,$2140,$0,$0,$13,$2153,$2242,$330,$0,$0,$0,$330,$0,$14,$0,$1912,$2242,$85,$84,$4,$88,$-1,$0,$0,$0,$6,$179,$-40,$0,$-19,$0,$0,$0,$0,$-59,$0,$0,$0,$3,$3,$-86,$-11,$-94,$26,$6,$-40
17,2014-06-30,72.23,$71.06,1.02,$14.47,4.99,$16.69,4.33,$1.78,40.58,$0.09B,$0.32B,0.3,$0.00B,$0.92B,0.0,$0.37B,$0.25B,67.56%,$0.37B,$0.13B,35.66%,$0.37B,$0.13B,35.66%,$0.37B,$0.25B,65.68%,$0.37B,$0.12B,32.44%,$0.37B,$0.05B,12.60%,$0.05B,$1.91B,2.52%,$0.05B,$1.91B,2.52%,$0.05B,$2.23B,2.13%,$0.13B,$1.91B,7.05%,$94,$32,$63,$0,$3,$63,$31,$-3,$28,$0,$28,$28,$10,$59,$31,$27,27,$0.37,$0.36,$63,$0,$0,$94,$2130,$0,$0,$7,$2137,$2231,$320,$0,$0,$0,$320,$0,$16,$0,$1912,$2231,$55,$57,$3,$59,$5,$0,$0,$0,$2,$117,$-23,$0,$0,$0,$0,$0,$0,$-23,$0,$0,$0,$2,$2,$-57,$-7,$-62,$31,$4,$-27
18,2014-03-31,71.91,$71.13,1.01,$14.59,4.93,$16.55,4.35,$1.78,40.4,$0.08B,$0.32B,0.25,$0.00B,$0.92B,0.0,$0.37B,$0.25B,67.57%,$0.37B,$0.13B,35.97%,$0.37B,$0.13B,35.97%,$0.37B,$0.24B,66.21%,$0.37B,$0.12B,32.43%,$0.37B,$0.05B,12.53%,$0.05B,$1.91B,2.53%,$0.05B,$1.91B,2.53%,$0.05B,$2.23B,2.11%,$0.13B,$1.91B,7.09%,$95,$33,$62,$0,$2,$64,$31,$-3,$28,$0,$28,$28,$10,$60,$31,$27,27,$0.37,$0.37,$46,$0,$0,$81,$2145,$0,$0,$8,$2153,$2234,$321,$0,$0,$0,$321,$0,$20,$0,$1913,$2234,$28,$28,$1,$29,$1,$0,$0,$0,$-2,$55,$-11,$0,$0,$0,$0,$0,$0,$-11,$0,$0,$0,$2,$2,$-32,$0,$-30,$14,$1,$-17
19,2013-12-31,65.33,$71.31,0.92,$14.66,4.46,$16.65,3.92,$1.76,37.12,$0.06B,$0.32B,0.19,$0.00B,$0.92B,0.0,$0.36B,$0.25B,68.06%,$0.36B,$0.13B,36.39%,$0.36B,$0.13B,36.39%,$0.36B,$0.24B,66.39%,$0.36B,$0.12B,32.22%,$0.36B,$0.05B,12.50%,$0.05B,$1.92B,2.54%,$0.05B,$1.92B,2.54%,$0.05B,$2.24B,2.09%,$0.13B,$1.92B,7.13%,$94,$27,$67,$0,$-2,$53,$40,$-2,$38,$0,$38,$38,$18,$69,$40,$25,25,$0.69,$0.69,$31,$0,$0,$63,$2163,$0,$0,$13,$2176,$2239,$324,$0,$0,$0,$324,$0,$23,$0,$1915,$2239,$116,$109,$-4,$105,$-0,$0,$0,$0,$1,$222,$-59,$0,$-114,$0,$0,$0,$0,$-173,$-218,$0,$-218,$197,$303,$-116,$0,$-31,$19,$-3,$-57
20,2013-09-30,63.42,$70.53,0.9,$14.57,4.35,$16.34,3.88,$1.48,42.85,$0.05B,$0.33B,0.15,$0.09B,$0.73B,0.12,$0.36B,$0.24B,67.04%,$0.36B,$0.12B,34.08%,$0.36B,$0.12B,34.08%,$0.36B,$0.23B,64.23%,$0.36B,$0.10B,29.30%,$0.36B,$0.04B,10.42%,$0.04B,$1.72B,2.18%,$0.04B,$1.72B,2.18%,$0.04B,$2.14B,1.73%,$0.12B,$1.81B,6.68%,$90,$30,$60,$0,$3,$59,$31,$-4,$27,$0,$27,$27,$9,$57,$31,$24,24,$0.37,$0.37,$18,$0,$0,$49,$2072,$0,$0,$15,$2087,$2136,$325,$90,$0,$90,$415,$0,$18,$0,$1721,$2136,$78,$80,$3,$83,$-2,$0,$0,$0,$4,$166,$-43,$0,$-14,$0,$0,$0,$0,$-57,$-128,$0,$-128,$4,$111,$-76,$-10,$-103,$5,$4,$-32
21,2013-06-30,60.97,$70.60,0.86,$14.47,4.21,$16.01,3.81,$1.32,46.19,$0.05B,$0.32B,0.16,$0.09B,$0.73B,0.12,$0.35B,$0.24B,67.05%,$0.35B,$0.12B,33.81%,$0.35B,$0.12B,33.81%,$0.35B,$0.23B,64.49%,$0.35B,$0.10B,28.69%,$0.35B,$0.03B,9.38%,$0.03B,$1.72B,1.98%,$0.03B,$1.72B,1.98%,$0.03B,$2.13B,1.52%,$0.12B,$1.81B,6.57%,$88,$29,$59,$0,$2,$58,$30,$-4,$26,$0,$26,$26,$9,$57,$30,$24,24,$0.36,$0.36,$19,$0,$0,$50,$2065,$0,$0,$12,$2077,$2126,$315,$90,$0,$90,$405,$0,$19,$0,$1721,$2126,$51,$54,$2,$56,$2,$0,$0,$0,$-2,$106,$-25,$0,$0,$0,$0,$0,$0,$-25,$-128,$0,$-128,$4,$110,$-50,$-6,$-75,$6,$3,$-21
22,2013-03-31,66.28,$70.70,0.94,$14.40,4.6,$15.92,4.16,$1.02,64.98,$0.04B,$0.32B,0.13,$0.09B,$0.73B,0.12,$0.35B,$0.24B,67.14%,$0.35B,$0.12B,33.43%,$0.35B,$0.12B,33.43%,$0.35B,$0.23B,64.57%,$0.35B,$0.10B,28.00%,$0.35B,$0.03B,7.14%,$0.03B,$1.72B,1.55%,$0.03B,$1.72B,1.55%,$0.03B,$2.13B,1.15%,$0.12B,$1.81B,6.50%,$88,$29,$59,$0,$2,$59,$30,$-5,$25,$0,$25,$25,$9,$56,$30,$24,24,$0.35,$0.35,$8,$0,$0,$40,$2076,$0,$0,$11,$2086,$2127,$316,$90,$0,$90,$406,$0,$21,$0,$1721,$2127,$25,$27,$1,$28,$2,$0,$0,$0,$-1,$53,$-10,$0,$0,$0,$0,$0,$0,$-10,$-128,$0,$-128,$2,$108,$-27,$0,$-48,$-5,$1,$-14
23,2012-12-31,54.25,$66.43,0.82,$14.28,3.8,$16.01,3.39,$0.81,66.98,$0.04B,$0.34B,0.13,$0.20B,$0.73B,0.27,$0.35B,$0.23B,67.15%,$0.35B,$0.11B,32.85%,$0.35B,$0.11B,32.85%,$0.35B,$0.23B,64.84%,$0.35B,$0.10B,27.38%,$0.35B,$0.02B,5.48%,$0.02B,$1.61B,1.23%,$0.02B,$1.61B,1.23%,$0.02B,$2.15B,0.87%,$0.11B,$1.81B,6.36%,$89,$29,$60,$0,$2,$59,$30,$-5,$26,$0,$26,$26,$10,$58,$30,$24,24,$0.41,$0.40,$13,$0,$0,$43,$2093,$0,$0,$16,$2109,$2152,$338,$200,$0,$200,$538,$0,$23,$0,$1614,$2152,$95,$109,$4,$113,$-5,$0,$0,$0,$1,$209,$-57,$0,$-51,$0,$2,$2,$0,$-106,$-64,$-185,$-249,$6,$261,$-108,$0,$-95,$8,$5,$-56
24,2012-09-30,55.41,$66.44,0.83,$13.64,4.06,$15.12,3.66,$0.77,71.96,$0.19B,$0.36B,0.54,$0.20B,$0.73B,0.28,$0.33B,$0.22B,66.67%,$0.33B,$0.11B,32.43%,$0.33B,$0.11B,32.43%,$0.33B,$0.21B,63.66%,$0.33B,$0.09B,27.33%,$0.33B,$0.02B,5.41%,$0.02B,$1.61B,1.22%,$0.02B,$1.61B,1.22%,$0.02B,$2.30B,0.83%,$0.11B,$1.81B,6.04%,$87,$29,$58,$0,$2,$58,$29,$-5,$24,$0,$24,$24,$5,$56,$29,$24,24,$0.21,$0.21,$160,$0,$0,$190,$2094,$0,$0,$17,$2111,$2301,$355,$200,$0,$332,$687,$0,$24,$0,$1613,$2301,$69,$81,$4,$85,$-6,$0,$0,$0,$4,$158,$-44,$0,$-37,$0,$0,$0,$0,$-81,$-51,$-185,$-236,$5,$393,$-70,$-10,$78,$155,$4,$-32
25,2012-06-30,55.81,$62.83,0.89,$13.18,4.24,$14.99,3.72,$1.19,46.9,$0.03B,$0.35B,0.1,$0.24B,$0.74B,0.33,$0.32B,$0.22B,66.87%,$0.32B,$0.11B,33.44%,$0.32B,$0.11B,33.44%,$0.32B,$0.21B,63.78%,$0.32B,$0.10B,29.41%,$0.32B,$0.03B,8.67%,$0.03B,$1.52B,1.98%,$0.03B,$1.52B,1.98%,$0.03B,$2.11B,1.40%,$0.11B,$1.76B,6.31%,$86,$28,$58,$0,$2,$57,$28,$-5,$23,$0,$23,$23,$1,$56,$28,$24,24,$0.06,$0.06,$3,$0,$0,$34,$2065,$0,$0,$15,$2080,$2113,$350,$240,$0,$240,$590,$0,$30,$0,$1523,$2113,$45,$55,$3,$57,$-4,$0,$0,$0,$2,$105,$-26,$0,$0,$0,$0,$0,$0,$-26,$-10,$-185,$-195,$4,$168,$-47,$-6,$-80,$-2,$3,$-21
26,2012-03-31,53.65,$58.58,0.92,$12.60,4.26,$14.78,3.63,$1.59,33.74,$0.03B,$0.35B,0.1,$0.36B,$0.76B,0.47,$0.31B,$0.21B,66.77%,$0.31B,$0.11B,34.19%,$0.31B,$0.11B,34.19%,$0.31B,$0.20B,63.55%,$0.31B,$0.10B,31.29%,$0.31B,$0.04B,12.26%,$0.04B,$1.42B,2.75%,$0.04B,$1.42B,2.75%,$0.04B,$2.12B,2.03%,$0.11B,$1.78B,6.54%,$85,$28,$57,$0,$2,$58,$27,$-5,$22,$0,$22,$22,$3,$55,$27,$24,24,$0.14,$0.14,$6,$0,$0,$34,$2075,$0,$0,$13,$2088,$2122,$347,$356,$0,$356,$703,$0,$39,$0,$1419,$2122,$22,$27,$1,$29,$1,$0,$0,$0,$5,$56,$-11,$0,$0,$0,$0,$0,$0,$-11,$-0,$-79,$-79,$3,$62,$-26,$-0,$-44,$1,$1,$-14
27,2011-12-31,45.06,$56.39,0.8,$12.07,3.73,$14.43,3.12,$2.12,21.25,$0.03B,$0.34B,0.09,$0.44B,$0.76B,0.57,$0.30B,$0.20B,66.22%,$0.30B,$0.11B,35.12%,$0.30B,$0.11B,35.12%,$0.30B,$0.19B,62.88%,$0.30B,$0.10B,33.44%,$0.30B,$0.05B,17.39%,$0.05B,$1.36B,3.79%,$0.05B,$1.36B,3.79%,$0.05B,$2.14B,2.98%,$0.11B,$1.80B,6.89%,$75,$25,$49,$0,$4,$51,$24,$-2,$22,$0,$22,$22,$9,$45,$24,$25,25,$0.37,$0.36,$5,$0,$0,$32,$2091,$0,$0,$16,$2107,$2139,$343,$435,$0,$435,$778,$0,$46,$0,$1361,$2139,$103,$84,$-1,$84,$-3,$0,$0,$0,$-6,$181,$-48,$0,$-298,$0,$9,$9,$0,$-337,$-19,$342,$323,$-29,$-68,$-85,$-13,$156,$-0,$2,$-43
28,2011-09-30,39.94,$56.46,0.71,$11.87,3.36,$14.63,2.73,$2.10,19.02,$0.03B,$0.10B,0.29,$0.15B,$0.76B,0.19,$0.29B,$0.20B,67.01%,$0.29B,$0.11B,36.05%,$0.29B,$0.11B,36.05%,$0.29B,$0.19B,64.29%,$0.29B,$0.10B,34.69%,$0.29B,$0.02B,5.78%,$0.02B,$1.36B,1.22%,$0.02B,$1.36B,1.22%,$0.02B,$1.61B,1.05%,$0.11B,$1.51B,7.29%,$77,$25,$52,$0,$1,$48,$29,$-1,$28,$0,$28,$28,$15,$50,$29,$25,25,$0.63,$0.63,$4,$0,$0,$30,$1568,$0,$0,$14,$1582,$1612,$103,$146,$0,$146,$249,$0,$48,$0,$1362,$1612,$81,$63,$-1,$62,$-2,$0,$0,$0,$-0,$142,$-30,$0,$-30,$0,$9,$9,$0,$-51,$-3,$53,$50,$-29,$-68,$-73,$-0,$-92,$-1,$1,$-42
29,2011-06-30,44.05,$56.08,0.79,$11.59,3.8,$14.39,3.06,$1.86,23.68,$0.03B,$0.22B,0.13,$0.02B,$0.79B,0.02,$0.29B,$0.19B,66.90%,$0.29B,$0.10B,35.19%,$0.29B,$0.10B,35.19%,$0.29B,$0.18B,64.11%,$0.29B,$0.10B,33.80%,$0.29B,$0.02B,7.67%,$0.02B,$1.39B,1.57%,$0.02B,$1.39B,1.57%,$0.02B,$1.62B,1.39%,$0.10B,$1.40B,7.08%,$73,$24,$49,$0,$2,$47,$26,$-1,$25,$0,$25,$25,$11,$47,$26,$25,25,$0.46,$0.46,$3,$0,$0,$29,$1579,$0,$0,$11,$1590,$1619,$216,$18,$0,$18,$233,$0,$43,$0,$1386,$1619,$50,$42,$1,$43,$1,$0,$0,$0,$-1,$92,$-18,$0,$-27,$0,$0,$0,$0,$-44,$-3,$41,$37,$1,$-38,$-43,$-7,$-50,$-2,$1,$-22
30,2011-03-31,45.94,$56.04,0.82,$11.46,4.01,$14.27,3.22,$1.77,25.95,$0.03B,$0.22B,0.14,$0.00B,$0.79B,0.0,$0.28B,$0.19B,67.25%,$0.28B,$0.10B,35.92%,$0.28B,$0.10B,35.92%,$0.28B,$0.18B,64.44%,$0.28B,$0.10B,34.51%,$0.28B,$0.03B,11.62%,$0.03B,$1.39B,2.35%,$0.03B,$1.39B,2.35%,$0.03B,$1.61B,2.12%,$0.10B,$1.39B,7.16%,$74,$26,$48,$0,$2,$48,$26,$-1,$25,$0,$25,$25,$17,$46,$26,$25,25,$0.67,$0.67,$5,$0,$0,$32,$1565,$0,$0,$10,$1575,$1606,$221,$0,$0,$0,$221,$0,$43,$0,$1385,$1606,$25,$21,$0,$21,$1,$0,$0,$0,$-1,$45,$-8,$0,$0,$0,$0,$0,$0,$-8,$-3,$28,$25,$1,$-38,$-21,$-3,$-38,$-1,$0,$-11
31,2010-12-31,43.85,$57.68,0.76,$11.23,3.91,$14.17,3.09,$1.58,27.75,$0.03B,$0.11B,0.29,$0.09B,$0.83B,0.11,$0.28B,$0.19B,67.51%,$0.28B,$0.10B,35.74%,$0.28B,$0.10B,35.74%,$0.28B,$0.18B,64.62%,$0.28B,$0.10B,34.66%,$0.28B,$0.04B,14.08%,$0.04B,$1.42B,2.74%,$0.04B,$1.42B,2.74%,$0.04B,$1.62B,2.52%,$0.10B,$1.52B,6.85%,$70,$22,$48,$0,$3,$45,$25,$-1,$24,$0,$24,$24,$-26,$46,$25,$25,25,$0.34,$0.34,$5,$0,$0,$30,$1577,$0,$0,$13,$1591,$1621,$105,$93,$0,$93,$198,$0,$37,$0,$1423,$1621,$102,$79,$-3,$76,$-3,$0,$0,$0,$-0,$177,$-40,$0,$-296,$0,$9,$9,$0,$-327,$-1,$93,$92,$8,$-42,$-99,$-5,$-54,$-203,$2,$-56
32,2010-09-30,44.16,$56.81,0.78,$11.36,3.89,$15.38,2.87,$1.64,26.93,$0.05B,$0.11B,0.42,$0.00B,$0.83B,0.0,$0.27B,$0.19B,67.77%,$0.27B,$0.10B,36.26%,$0.27B,$0.10B,36.26%,$0.27B,$0.18B,65.20%,$0.27B,$0.10B,35.53%,$0.27B,$0.07B,25.27%,$0.07B,$1.40B,4.81%,$0.07B,$1.40B,4.81%,$0.07B,$1.51B,4.50%,$0.10B,$1.40B,6.90%,$70,$23,$47,$0,$2,$46,$24,$-1,$23,$0,$23,$23,$20,$45,$24,$25,25,$0.39,$0.39,$19,$0,$0,$45,$1447,$0,$0,$13,$1461,$1505,$107,$0,$0,$0,$107,$0,$39,$0,$1399,$1505,$78,$58,$-4,$54,$-3,$0,$0,$0,$3,$135,$-28,$0,$-159,$0,$9,$9,$0,$-178,$-1,$0,$-1,$6,$-68,$-65,$-13,$-146,$-189,$2,$-32
33,2010-06-30,43.22,$56.89,0.76,$11.49,3.76,$16.42,2.63,$2.31,18.71,$0.07B,$0.10B,0.67,$0.00B,$0.83B,0.0,$0.27B,$0.18B,68.15%,$0.27B,$0.10B,36.67%,$0.27B,$0.10B,36.67%,$0.27B,$0.18B,65.56%,$0.27B,$0.10B,35.93%,$0.27B,$0.07B,25.56%,$0.07B,$1.40B,4.76%,$0.07B,$1.40B,4.76%,$0.07B,$1.50B,4.45%,$0.10B,$1.40B,6.82%,$70,$21,$48,$0,$2,$42,$27,$-1,$26,$0,$26,$26,$22,$46,$27,$25,25,$0.38,$0.37,$44,$0,$0,$68,$1423,$0,$0,$11,$1434,$1502,$102,$0,$0,$0,$102,$0,$40,$0,$1400,$1502,$54,$37,$-4,$33,$1,$0,$0,$0,$2,$89,$-18,$0,$-124,$0,$9,$9,$0,$-132,$-1,$0,$-1,$6,$-68,$-44,$-9,$-121,$-165,$1,$-22
34,2010-03-31,41.03,$60.00,0.68,$11.94,3.44,$17.62,2.33,$2.36,17.39,$0.19B,$0.10B,1.98,$0.00B,$0.84B,0.0,$0.27B,$0.18B,67.91%,$0.27B,$0.10B,35.45%,$0.27B,$0.10B,35.45%,$0.27B,$0.18B,65.67%,$0.27B,$0.09B,34.70%,$0.27B,$0.07B,24.63%,$0.07B,$1.47B,4.63%,$0.07B,$1.47B,4.63%,$0.07B,$1.57B,4.33%,$0.10B,$1.47B,6.67%,$67,$23,$44,$0,$3,$44,$23,$-1,$23,$0,$23,$23,$23,$42,$23,$24,25,$0.48,$0.48,$169,$0,$0,$194,$1366,$0,$0,$7,$1374,$1568,$98,$0,$0,$0,$98,$0,$42,$0,$1470,$1568,$28,$18,$-5,$13,$1,$0,$0,$0,$0,$41,$-7,$0,$-58,$0,$9,$9,$0,$-56,$-0,$0,$-0,$3,$3,$-22,$-5,$-24,$-39,$1,$-11
35,2009-12-31,37.8,$60.07,0.63,$12.57,3.01,$18.32,2.06,$3.48,10.86,$0.23B,$0.10B,2.34,$0.00B,$0.84B,0.0,$0.27B,$0.19B,68.52%,$0.27B,$0.09B,34.81%,$0.27B,$0.09B,34.81%,$0.27B,$0.18B,66.30%,$0.27B,$0.09B,34.07%,$0.27B,$0.06B,22.22%,$0.06B,$1.47B,4.34%,$0.06B,$1.47B,4.34%,$0.06B,$1.57B,4.04%,$0.09B,$1.47B,6.80%,$66,$20,$46,$0,$1,$40,$25,$-1,$25,$0,$25,$25,$4,$45,$25,$22,22,$0.34,$0.33,$208,$0,$0,$232,$1326,$0,$0,$7,$1333,$1565,$99,$0,$0,$0,$99,$0,$41,$0,$1466,$1565,$94,$85,$1,$86,$0,$0,$0,$0,$-0,$180,$-30,$0,$0,$0,$3,$3,$0,$-27,$-6,$0,$-6,$172,$110,$-84,$-19,$1,$153,$3,$-40
36,2009-09-30,38.41,$60.17,0.64,$12.96,2.96,$19.01,2.02,$3.55,10.82,$0.23B,$0.10B,2.19,$0.00B,$0.84B,0.0,$0.27B,$0.19B,68.86%,$0.27B,$0.09B,33.70%,$0.27B,$0.09B,33.70%,$0.27B,$0.18B,66.67%,$0.27B,$0.09B,32.97%,$0.27B,$0.04B,14.65%,$0.04B,$1.47B,2.95%,$0.04B,$1.47B,2.95%,$0.04B,$1.57B,2.74%,$0.09B,$1.47B,6.78%,$67,$21,$46,$0,$1,$43,$24,$-1,$23,$0,$23,$23,$20,$44,$24,$23,23,$0.37,$0.37,$203,$0,$0,$227,$1337,$0,$0,$7,$1344,$1571,$104,$0,$0,$0,$104,$0,$43,$0,$1467,$1571,$69,$65,$0,$65,$0,$0,$0,$0,$4,$138,$-17,$0,$0,$0,$0,$0,$0,$-17,$-6,$0,$-6,$172,$109,$-62,$-14,$27,$148,$2,$-29
37,2009-06-30,35.94,$63.18,0.57,$13.48,2.67,$19.43,1.85,$2.75,13.07,$0.05B,$0.10B,0.45,$0.00B,$0.67B,0.0,$0.28B,$0.19B,68.71%,$0.28B,$0.09B,32.37%,$0.28B,$0.09B,32.37%,$0.28B,$0.19B,66.55%,$0.28B,$0.09B,32.01%,$0.28B,$0.04B,13.67%,$0.04B,$1.30B,2.99%,$0.04B,$1.30B,2.99%,$0.04B,$1.40B,2.64%,$0.09B,$1.30B,7.07%,$68,$21,$46,$0,$2,$45,$23,$-1,$22,$0,$22,$22,$19,$45,$23,$21,21,$0.40,$0.39,$22,$0,$0,$46,$1349,$0,$0,$6,$1355,$1400,$102,$0,$0,$0,$102,$0,$45,$0,$1298,$1400,$45,$45,$-0,$45,$2,$0,$0,$0,$3,$93,$-9,$0,$0,$0,$0,$0,$0,$-9,$-6,$0,$-6,$1,$-62,$-50,$-0,$-117,$-33,$2,$-24
38,2009-03-31,27.06,$63.23,0.43,$13.63,1.99,$19.14,1.41,$2.55,10.61,$0.03B,$0.10B,0.29,$0.00B,$0.67B,0.0,$0.28B,$0.19B,69.04%,$0.28B,$0.09B,31.32%,$0.28B,$0.09B,31.32%,$0.28B,$0.19B,66.55%,$0.28B,$0.09B,31.32%,$0.28B,$0.04B,12.81%,$0.04B,$1.30B,2.93%,$0.04B,$1.30B,2.93%,$0.04B,$1.40B,2.47%,$0.09B,$1.30B,7.15%,$69,$22,$47,$0,$2,$47,$22,$-1,$22,$0,$22,$22,$17,$45,$22,$20,21,$1.59,$1.59,$5,$0,$0,$30,$1365,$0,$0,$5,$1370,$1400,$102,$0,$0,$0,$102,$0,$45,$0,$1298,$1400,$22,$23,$1,$24,$2,$0,$0,$0,$3,$48,$-5,$0,$0,$0,$0,$0,$0,$-5,$-5,$0,$-5,$0,$-63,$-20,$-5,$-93,$-50,$1,$-9
39,2008-12-31,32.39,$66.65,0.49,$13.66,2.37,$19.00,1.71,$1.13,28.67,$0.08B,$0.11B,0.74,$0.00B,$0.66B,0.0,$0.28B,$0.20B,69.15%,$0.28B,$0.09B,30.50%,$0.28B,$0.09B,30.50%,$0.28B,$0.19B,66.67%,$0.28B,$0.09B,30.50%,$0.28B,$0.02B,8.16%,$0.02B,$1.36B,1.93%,$0.02B,$1.36B,1.93%,$0.02B,$1.47B,1.55%,$0.09B,$1.36B,7.23%,$69,$20,$49,$0,$2,$46,$23,$-1,$23,$0,$23,$23,$-16,$48,$23,$20,21,$0.47,$0.46,$55,$0,$0,$79,$1382,$0,$0,$8,$1391,$1469,$106,$0,$0,$0,$106,$0,$51,$0,$1364,$1469,$85,$100,$3,$103,$2,$0,$0,$0,$1,$189,$-35,$0,$0,$0,$0,$0,$0,$-35,$-1,$0,$-1,$-21,$-26,$-107,$0,$-134,$20,$4,$-49
40,2008-09-30,41.34,$55.20,0.75,$13.44,3.07,$18.08,2.29,$0.83,49.81,$0.08B,$0.11B,0.67,$0.00B,$0.41B,0.0,$0.28B,$0.19B,68.68%,$0.28B,$0.08B,29.18%,$0.28B,$0.08B,29.18%,$0.28B,$0.19B,66.19%,$0.28B,$0.08B,29.18%,$0.28B,$0.04B,15.30%,$0.04B,$1.13B,3.78%,$0.04B,$1.13B,3.78%,$0.04B,$1.49B,2.88%,$0.08B,$1.13B,7.21%,$72,$23,$49,$0,$2,$49,$22,$-1,$22,$0,$22,$22,$18,$47,$22,$20,21,$0.26,$0.26,$52,$0,$0,$76,$1401,$0,$0,$9,$1410,$1486,$114,$0,$0,$242,$356,$0,$55,$0,$1129,$1486,$62,$75,$3,$78,$1,$0,$0,$0,$8,$148,$-29,$0,$0,$0,$0,$0,$0,$-29,$-1,$0,$-1,$-21,$-21,$-80,$0,$-102,$17,$3,$-37
41,2008-06-30,36.73,$55.39,0.66,$13.15,2.79,$17.45,2.1,$0.77,47.69,$0.06B,$0.11B,0.56,$0.00B,$0.42B,0.0,$0.28B,$0.19B,69.06%,$0.28B,$0.08B,28.78%,$0.28B,$0.08B,28.78%,$0.28B,$0.18B,66.19%,$0.28B,$0.08B,28.78%,$0.28B,$0.03B,10.43%,$0.03B,$1.13B,2.52%,$0.03B,$1.13B,2.52%,$0.03B,$1.49B,1.92%,$0.08B,$1.13B,6.94%,$71,$22,$49,$0,$2,$49,$21,$-1,$21,$0,$21,$21,$17,$47,$21,$20,21,$0.22,$0.22,$38,$0,$0,$62,$1416,$0,$0,$7,$1423,$1485,$110,$0,$0,$243,$353,$0,$58,$0,$1132,$1485,$40,$50,$2,$52,$4,$0,$0,$0,$6,$98,$-20,$0,$0,$0,$0,$0,$0,$-20,$-1,$0,$-1,$-21,$-21,$-53,$0,$-75,$3,$2,$-24
42,2008-03-31,36.65,$55.59,0.66,$12.84,2.85,$17.08,2.15,$0.72,50.91,$0.05B,$0.11B,0.48,$0.00B,$0.42B,0.0,$0.27B,$0.19B,68.98%,$0.27B,$0.08B,28.47%,$0.27B,$0.08B,28.47%,$0.27B,$0.18B,66.06%,$0.27B,$0.08B,28.83%,$0.27B,$0.02B,5.84%,$0.02B,$1.14B,1.37%,$0.02B,$1.14B,1.37%,$0.02B,$1.49B,1.05%,$0.08B,$1.14B,6.68%,$70,$22,$48,$0,$2,$50,$20,$-1,$20,$0,$20,$20,$4,$46,$20,$20,21,$0.18,$0.18,$27,$0,$0,$53,$1431,$0,$0,$7,$1437,$1490,$110,$0,$0,$245,$354,$0,$63,$0,$1135,$1490,$20,$25,$0,$26,$2,$0,$0,$0,$4,$49,$-9,$0,$0,$0,$0,$0,$0,$-9,$-0,$0,$-0,$-22,$-22,$-27,$0,$-48,$-8,$1,$-12
43,2007-12-31,36.8,$55.62,0.66,$12.44,2.96,$17.03,2.16,$0.81,45.43,$0.06B,$0.11B,0.53,$0.00B,$0.44B,0.0,$0.27B,$0.19B,69.14%,$0.27B,$0.08B,29.74%,$0.27B,$0.08B,29.74%,$0.27B,$0.18B,66.17%,$0.27B,$0.08B,30.11%,$0.27B,$0.02B,6.69%,$0.02B,$1.16B,1.52%,$0.02B,$1.16B,1.52%,$0.02B,$1.52B,1.16%,$0.08B,$1.16B,6.77%,$68,$21,$47,$0,$2,$49,$19,$-0,$19,$0,$19,$29,$4,$46,$19,$21,22,$0.16,$0.17,$35,$0,$0,$59,$1447,$0,$0,$10,$1457,$1517,$112,$0,$0,$249,$361,$0,$68,$0,$1156,$1517,$82,$98,$4,$102,$-1,$0,$0,$0,$1,$184,$-43,$0,$-139,$0,$0,$0,$1,$-180,$-6,$0,$-6,$-27,$74,$-104,$-0,$-36,$-32,$4,$-46
44,2007-09-30,39.48,$55.58,0.71,$12.20,3.24,$16.33,2.42,$0.81,48.74,$0.08B,$0.11B,0.75,$0.00B,$0.47B,0.0,$0.26B,$0.18B,68.94%,$0.26B,$0.08B,30.30%,$0.26B,$0.08B,30.30%,$0.26B,$0.17B,65.91%,$0.26B,$0.08B,31.06%,$0.26B,$0.02B,6.82%,$0.02B,$1.19B,1.56%,$0.02B,$1.19B,1.56%,$0.02B,$1.55B,1.17%,$0.08B,$1.19B,6.91%,$69,$21,$48,$0,$2,$49,$20,$0,$20,$0,$20,$17,$4,$45,$20,$21,22,$0.20,$0.20,$57,$0,$0,$81,$1461,$0,$0,$8,$1469,$1550,$108,$0,$0,$256,$363,$0,$73,$0,$1187,$1550,$52,$72,$13,$84,$3,$0,$0,$0,$5,$141,$-30,$0,$-139,$0,$0,$0,$0,$-169,$-6,$0,$-6,$140,$102,$-77,$-0,$19,$-9,$3,$-34
45,2007-06-30,43.66,$55.82,0.78,$11.89,3.67,$15.87,2.75,$0.77,56.7,$0.10B,$0.11B,0.91,$0.00B,$0.48B,0.0,$0.26B,$0.18B,68.87%,$0.26B,$0.08B,30.74%,$0.26B,$0.08B,30.74%,$0.26B,$0.17B,66.15%,$0.26B,$0.08B,31.91%,$0.26B,$0.02B,6.61%,$0.02B,$1.19B,1.50%,$0.02B,$1.19B,1.50%,$0.02B,$1.55B,1.13%,$0.08B,$1.19B,6.95%,$67,$21,$46,$0,$2,$48,$19,$0,$20,$0,$20,$17,$4,$44,$19,$21,22,$0.18,$0.17,$72,$0,$0,$96,$1448,$0,$0,$10,$1457,$1554,$105,$0,$0,$257,$363,$0,$79,$0,$1191,$1554,$35,$46,$8,$55,$2,$0,$0,$0,$2,$92,$-17,$0,$-114,$0,$0,$0,$0,$-131,$-6,$0,$-6,$0,$102,$-50,$-0,$46,$7,$2,$-21
46,2007-03-31,48.26,$56.06,0.86,$11.52,4.19,$15.53,3.11,$0.80,60.32,$0.09B,$0.11B,0.85,$0.00B,$0.48B,0.0,$0.25B,$0.17B,69.08%,$0.25B,$0.08B,31.33%,$0.25B,$0.08B,31.33%,$0.25B,$0.17B,66.27%,$0.25B,$0.08B,32.53%,$0.25B,$0.02B,6.83%,$0.02B,$1.20B,1.53%,$0.02B,$1.20B,1.53%,$0.02B,$1.56B,1.14%,$0.08B,$1.20B,7.02%,$65,$20,$45,$0,$2,$44,$22,$1,$22,$0,$22,$19,$6,$43,$22,$21,22,$0.28,$0.27,$66,$0,$0,$92,$1463,$0,$0,$8,$1471,$1562,$108,$0,$0,$259,$367,$0,$84,$0,$1196,$1562,$19,$22,$4,$26,$3,$0,$0,$0,$4,$49,$-7,$0,$-114,$0,$0,$0,$0,$-121,$-5,$0,$-5,$0,$101,$-23,$-0,$73,$1,$1,$-8
47,2006-12-31,48.18,$49.51,0.97,$11.22,4.29,$15.33,3.14,$0.76,63.4,$0.09B,$0.11B,0.82,$0.00B,$0.48B,0.0,$0.24B,$0.17B,69.14%,$0.24B,$0.08B,30.86%,$0.24B,$0.08B,30.86%,$0.24B,$0.16B,66.26%,$0.24B,$0.08B,32.51%,$0.24B,$0.02B,6.58%,$0.02B,$1.06B,1.48%,$0.02B,$1.06B,1.48%,$0.02B,$1.46B,1.10%,$0.08B,$1.06B,6.93%,$63,$19,$43,$0,$2,$44,$19,$1,$20,$0,$20,$17,$4,$42,$19,$21,22,$0.17,$0.18,$67,$0,$0,$91,$1361,$0,$0,$12,$1373,$1464,$110,$0,$0,$298,$408,$0,$84,$0,$1055,$1464,$65,$86,$18,$104,$-4,$0,$0,$0,$-3,$166,$-39,$0,$-139,$0,$8,$8,$1,$-170,$-1,$0,$-1,$-15,$-41,$-88,$0,$-130,$-134,$3,$-33
