,Date,Stock Price,Book Value per Share,Price to Book Ratio,TTM Sales per Share,Price to Sales Ratio,TTM FCF per Share,Price to FCF Ratio,TTM Net EPS,PE Ratio,Current Assets,Current Liabilities,Current Ratio,Long Term Debt,Shareholder's Equity_x,Debt to Equity Ratio,TTM Revenue_x,TTM Gross Profit,Gross Margin,TTM Revenue_y,TTM Operating Income,Operating Margin,TTM Revenue_x,TTM EBIT,EBIT Margin,TTM Revenue_y,TTM EBITDA,EBITDA Margin,TTM Revenue_x,TTM Pre-Tax Income,Pre-Tax Margin,TTM Revenue_y,TTM Net Income_x,Net Margin,TTM Net Income_y,Shareholder's Equity_y,Return on Equity,TTM Net Income_x,Tangible Equity,Return on Tangible Equity,TTM Net Income_y,Total Assets,Return on Assets,TTM Net Income,LT Investments & Debt,Return on Investment,revenue,cost-goods-sold,gross-profit,research-development-expenses,selling-general-administrative-expenses,operating-expenses,operating-income,total-non-operating-income-expense,pre-tax-income,total-provision-income-taxes,income-after-taxes,income-from-continuous-operations,net-income,ebitda,ebit,basic-shares-outstanding,shares-outstanding,eps-basic-net-earnings-per-share,eps-earnings-per-share-diluted,cash-on-hand,inventory,other-current-assets,total-current-assets,net-property-plant-equipment,long-term-investments,goodwill-intangible-assets-total,other-long-term-assets,total-long-term-assets,total-assets,total-current-liabilities,long-term-debt,other-non-current-liabilities,total-long-term-liabilities,total-liabilities,common-stock-net,retained-earnings-accumulated-deficit,comprehensive-income,total-share-holder-equity,total-liabilities-share-holders-equity,net-income-loss,total-depreciation-amortization-cash-flow,other-non-cash-items,total-non-cash-items,change-in-accounts-receivable,change-in-inventories,change-in-accounts-payable,change-in-assets-liabilities,total-change-in-assets-liabilities,cash-flow-from-operating-activities,net-change-in-property-plant-equipment,net-change-in-intangible-assets,net-acquisitions-divestitures,net-change-in-short-term-investments,net-change-in-long-term-investments,net-change-in-investments-total,investing-activities-other,cash-flow-from-investing-activities,net-long-term-debt,net-current-debt,debt-issuance-retirement-net-total,net-common-equity-issued-repurchased,net-total-equity-issued-repurchased,total-common-preferred-stock-dividends-paid,financial-activities-other,cash-flow-from-financial-activities,net-cash-flow,stock-based-compensation,common-stock-dividends-paid
0,2018-07-31,21.66,$2.74,7.91,$5.39,4.02,$-0.19,0.0,$-0.80,0.0,$1.45B,$0.36B,4.03,$0.44B,$0.64B,0.68,$1.18B,$0.77B,65.54%,$1.18B,$-0.18B,-15.50%,$1.18B,$-0.18B,-15.50%,$1.18B,$-0.11B,-9.31%,$1.18B,$-0.18B,-15.41%,$1.18B,$-0.19B,-15.75%,$-0.19B,$0.64B,-32.22%,$-0.19B,$0.64B,-32.49%,$-0.19B,$1.65B,-14.01%,$-0.18B,$1.08B,-23.05%,$309,$103,$206,$84,$177,$364,$-55,$-4,$-59,$1,$-60,$-60,$-60,$-32,$-55,$229,229,$-0.26,$-0.26,$1107,$42,$0,$1450,$102,$0,$4,$20,$196,$1646,$360,$437,$5,$642,$1002,$0,$-1028,$-3,$644,$1646,$-124,$41,$98,$139,$1,$-9,$-18,$39,$12,$27,$-43,$0,$0,$-383,$0,$-383,$0,$-426,$0,$0,$0,$29,$591,$0,$-65,$526,$127,$98,$0
1,2018-04-30,20.23,$2.75,7.35,$5.12,3.95,$-0.34,0.0,$-0.83,0.0,$1.39B,$0.32B,4.34,$0.43B,$0.63B,0.68,$1.10B,$0.72B,65.27%,$1.10B,$-0.19B,-17.23%,$1.10B,$-0.19B,-17.23%,$1.10B,$-0.12B,-11.30%,$1.10B,$-0.18B,-16.50%,$1.10B,$-0.18B,-16.77%,$-0.18B,$0.63B,-34.88%,$-0.18B,$0.63B,-35.22%,$-0.18B,$1.58B,-16.17%,$-0.19B,$1.06B,-29.76%,$256,$90,$166,$78,$150,$318,$-62,$-1,$-63,$1,$-64,$-64,$-64,$-44,$-62,$224,224,$-0.29,$-0.29,$1098,$39,$0,$1388,$94,$0,$5,$22,$188,$1576,$320,$430,$5,$624,$944,$0,$-968,$-3,$632,$1576,$-64,$18,$44,$62,$47,$-4,$-19,$-3,$21,$19,$-22,$0,$0,$-10,$0,$-10,$0,$-33,$0,$0,$0,$9,$571,$0,$-65,$507,$493,$44,$0
2,2018-01-31,20.14,$2.60,7.75,$4.86,4.14,$-0.45,0.0,$-0.84,0.0,$0.94B,$0.36B,2.6,$0.00B,$0.57B,0.0,$1.02B,$0.67B,65.33%,$1.02B,$-0.19B,-18.07%,$1.02B,$-0.19B,-18.07%,$1.02B,$-0.12B,-12.01%,$1.02B,$-0.17B,-16.99%,$1.02B,$-0.18B,-17.29%,$-0.18B,$0.57B,-36.44%,$-0.18B,$0.57B,-36.84%,$-0.18B,$1.12B,-18.39%,$-0.19B,$0.57B,-38.09%,$338,$118,$220,$75,$169,$362,$-24,$5,$-19,$1,$-20,$-20,$-20,$-8,$-24,$212,212,$-0.08,$-0.08,$597,$34,$0,$943,$89,$0,$5,$19,$181,$1124,$363,$0,$4,$187,$550,$0,$-904,$-2,$574,$1124,$-178,$62,$153,$214,$-75,$-13,$29,$94,$36,$73,$-65,$0,$0,$8,$0,$8,$-2,$-59,$0,$0,$0,$47,$47,$0,$0,$47,$60,$151,$0
3,2017-10-31,16.43,$2.13,7.73,$4.43,3.71,$-0.96,0.0,$-1.00,0.0,$0.84B,$0.33B,2.56,$0.00B,$0.46B,0.0,$0.91B,$0.60B,65.43%,$0.91B,$-0.20B,-22.21%,$0.91B,$-0.20B,-22.21%,$0.91B,$-0.14B,-15.65%,$0.91B,$-0.20B,-21.55%,$0.91B,$-0.20B,-21.88%,$-0.20B,$0.46B,-43.31%,$-0.20B,$0.45B,-43.84%,$-0.20B,$0.96B,-22.06%,$-0.20B,$0.46B,-43.96%,$278,$96,$182,$69,$155,$319,$-42,$1,$-41,$1,$-42,$-42,$-42,$-26,$-42,$213,213,$-0.20,$-0.20,$551,$37,$0,$835,$84,$0,$5,$37,$127,$963,$326,$0,$4,$177,$503,$0,$-968,$-1,$459,$963,$-166,$46,$109,$154,$-34,$-14,$12,$61,$25,$14,$-44,$0,$0,$-7,$0,$-7,$-2,$-53,$0,$0,$0,$38,$38,$0,$0,$38,$-2,$108,$0
4,2017-07-31,12.07,$2.11,5.72,$4.14,2.92,$-1.41,0.0,$-1.20,0.0,$0.77B,$0.28B,2.72,$0.00B,$0.45B,0.0,$0.83B,$0.54B,65.31%,$0.83B,$-0.24B,-28.69%,$0.83B,$-0.24B,-28.69%,$0.83B,$-0.18B,-21.85%,$0.83B,$-0.23B,-28.09%,$0.83B,$-0.24B,-28.45%,$-0.24B,$0.45B,-50.80%,$-0.24B,$0.44B,-51.47%,$-0.24B,$0.89B,-26.95%,$-0.24B,$0.45B,-51.23%,$225,$76,$148,$69,$140,$286,$-61,$3,$-58,$1,$-58,$-58,$-58,$-46,$-61,$209,209,$-0.28,$-0.28,$523,$34,$0,$769,$82,$0,$6,$32,$121,$890,$283,$0,$3,$161,$445,$0,$-927,$-0,$445,$890,$-116,$30,$70,$100,$0,$-10,$0,$11,$1,$-14,$-30,$0,$0,$12,$0,$12,$0,$-18,$0,$0,$0,$21,$21,$0,$0,$21,$-12,$69,$0
5,2017-04-30,10.61,$2.24,4.75,$3.91,2.71,$-1.46,0.0,$-1.22,0.0,$0.75B,$0.25B,2.99,$0.00B,$0.47B,0.0,$0.77B,$0.50B,65.11%,$0.77B,$-0.24B,-30.74%,$0.77B,$-0.24B,-30.74%,$0.77B,$-0.18B,-23.87%,$0.77B,$-0.24B,-30.48%,$0.77B,$-0.24B,-31.00%,$-0.24B,$0.47B,-49.41%,$-0.24B,$0.46B,-50.08%,$-0.24B,$0.87B,-27.40%,$-0.24B,$0.47B,-48.99%,$183,$64,$119,$65,$112,$241,$-58,$2,$-56,$1,$-57,$-57,$-57,$-43,$-58,$206,206,$-0.28,$-0.28,$536,$39,$0,$753,$82,$0,$6,$31,$120,$873,$252,$0,$3,$156,$408,$0,$-865,$-0,$465,$873,$-57,$15,$33,$47,$37,$-16,$-4,$-21,$-5,$-14,$-13,$0,$0,$-4,$0,$-4,$0,$-17,$0,$0,$0,$16,$16,$0,$0,$16,$-15,$32,$0
6,2017-01-31,11.37,$2.34,4.86,$3.76,3.02,$-1.42,0.0,$-1.26,0.0,$0.78B,$0.27B,2.86,$0.00B,$0.48B,0.0,$0.73B,$0.48B,65.38%,$0.73B,$-0.24B,-33.52%,$0.73B,$-0.24B,-33.52%,$0.73B,$-0.20B,-26.79%,$0.73B,$-0.24B,-33.24%,$0.73B,$-0.25B,-33.79%,$-0.25B,$0.48B,-48.93%,$-0.25B,$0.47B,-49.57%,$-0.25B,$0.90B,-28.30%,$-0.24B,$0.48B,-48.53%,$228,$79,$149,$73,$119,$270,$-42,$1,$-42,$1,$-43,$-43,$-43,$-28,$-42,$195,195,$-0.21,$-0.21,$547,$23,$0,$780,$82,$0,$7,$31,$120,$900,$273,$0,$3,$148,$421,$0,$-802,$-1,$478,$900,$-245,$50,$118,$168,$-44,$-4,$11,$99,$62,$-14,$-77,$-1,$0,$-364,$0,$-364,$-6,$-447,$0,$0,$0,$41,$41,$0,$0,$41,$-421,$117,$0
7,2016-10-31,12.34,$2.39,5.16,$4.41,2.8,$-1.52,0.0,$-1.29,0.0,$0.73B,$0.23B,3.17,$0.00B,$0.48B,0.0,$0.65B,$0.43B,65.38%,$0.65B,$-0.25B,-37.69%,$0.65B,$-0.25B,-37.69%,$0.65B,$-0.20B,-30.92%,$0.65B,$-0.24B,-37.54%,$0.65B,$-0.25B,-38.00%,$-0.25B,$0.48B,-47.14%,$-0.25B,$0.47B,-47.75%,$-0.25B,$0.85B,-28.65%,$-0.25B,$0.48B,-46.76%,$197,$69,$128,$62,$114,$275,$-78,$-0,$-78,$0,$-79,$-79,$-79,$-65,$-78,$196,196,$-0.40,$-0.40,$518,$20,$0,$734,$82,$0,$7,$30,$120,$854,$232,$0,$3,$145,$376,$0,$-760,$0,$478,$854,$-202,$36,$80,$116,$-38,$-0,$4,$69,$34,$-52,$-65,$-1,$0,$-366,$0,$-366,$-6,$-437,$0,$0,$0,$36,$36,$0,$0,$36,$-452,$79,$0
8,2016-07-31,12.6,$2.62,4.82,$5.17,2.44,$-1.99,0.0,$-1.65,0.0,$0.75B,$0.22B,3.45,$0.00B,$0.51B,0.0,$0.58B,$0.38B,64.55%,$0.58B,$-0.22B,-38.18%,$0.58B,$-0.22B,-38.18%,$0.58B,$-0.18B,-31.34%,$0.58B,$-0.22B,-38.01%,$0.58B,$-0.23B,-38.53%,$-0.23B,$0.51B,-40.87%,$-0.23B,$0.51B,-41.38%,$-0.23B,$0.86B,-26.38%,$-0.22B,$0.51B,-40.51%,$163,$57,$106,$59,$107,$223,$-59,$0,$-59,$0,$-60,$-60,$-60,$-48,$-59,$193,193,$-0.31,$-0.31,$570,$23,$0,$746,$79,$0,$7,$29,$116,$862,$216,$0,$2,$132,$348,$0,$-681,$1,$514,$862,$-123,$22,$51,$74,$7,$-2,$-10,$51,$45,$-5,$-46,$-1,$0,$-363,$0,$-363,$-6,$-416,$0,$0,$0,$21,$21,$0,$0,$21,$-399,$51,$0
