,Date,Stock Price,Book Value per Share,Price to Book Ratio,TTM Sales per Share,Price to Sales Ratio,TTM FCF per Share,Price to FCF Ratio,TTM Net EPS,PE Ratio,Current Assets,Current Liabilities,Current Ratio,Long Term Debt,Shareholder's Equity_x,Debt to Equity Ratio,TTM Revenue_x,TTM Gross Profit,Gross Margin,TTM Revenue_y,TTM Operating Income,Operating Margin,TTM Revenue_x,TTM EBIT,EBIT Margin,TTM Revenue_y,TTM EBITDA,EBITDA Margin,TTM Revenue_x,TTM Pre-Tax Income,Pre-Tax Margin,TTM Revenue_y,TTM Net Income_x,Net Margin,TTM Net Income_y,Shareholder's Equity_y,Return on Equity,TTM Net Income_x,Tangible Equity,Return on Tangible Equity,TTM Net Income_y,Total Assets,Return on Assets,TTM Net Income,LT Investments & Debt,Return on Investment,revenue,cost-goods-sold,gross-profit,research-development-expenses,selling-general-administrative-expenses,operating-expenses,operating-income,total-non-operating-income-expense,pre-tax-income,total-provision-income-taxes,income-after-taxes,income-from-continuous-operations,net-income,ebitda,ebit,basic-shares-outstanding,shares-outstanding,eps-basic-net-earnings-per-share,eps-earnings-per-share-diluted,cash-on-hand,inventory,other-current-assets,total-current-assets,net-property-plant-equipment,long-term-investments,goodwill-intangible-assets-total,other-long-term-assets,total-long-term-assets,total-assets,total-current-liabilities,long-term-debt,other-non-current-liabilities,total-long-term-liabilities,total-liabilities,common-stock-net,retained-earnings-accumulated-deficit,comprehensive-income,total-share-holder-equity,total-liabilities-share-holders-equity,net-income-loss,total-depreciation-amortization-cash-flow,other-non-cash-items,total-non-cash-items,change-in-accounts-receivable,change-in-inventories,change-in-accounts-payable,change-in-assets-liabilities,total-change-in-assets-liabilities,cash-flow-from-operating-activities,net-change-in-property-plant-equipment,net-change-in-intangible-assets,net-acquisitions-divestitures,net-change-in-short-term-investments,net-change-in-long-term-investments,net-change-in-investments-total,investing-activities-other,cash-flow-from-investing-activities,net-long-term-debt,net-current-debt,debt-issuance-retirement-net-total,net-common-equity-issued-repurchased,net-total-equity-issued-repurchased,total-common-preferred-stock-dividends-paid,financial-activities-other,cash-flow-from-financial-activities,net-cash-flow,stock-based-compensation,common-stock-dividends-paid
0,2018-09-30,1.3,$0.19,6.92,$0.00,0.0,$-0.52,0.0,$-0.18,0.0,$0.02B,$0.01B,3.31,$0.00B,$0.02B,0.0,$0.00B,0,nan%,$0.00B,$-0.04B,inf%,$0.00B,$-0.04B,inf%,$0.00B,$-0.03B,inf%,$0.00B,$-0.03B,inf%,$0.00B,$-0.03B,inf%,$-0.03B,$0.02B,-92.56%,$-0.03B,$0.02B,-92.56%,$-0.03B,$0.03B,-70.89%,$-0.04B,$0.02B,-115.70%,$0,$0,$0,$7,$2,$9,$-9,$0,$-9,$0,$-9,$-9,$-9,$-8,$-9,$114,114,$-0.08,$-0.08,$22,$0,$2,$24,$5,$0,$0,$1,$6,$31,$7,$0,$2,$2,$9,$0,$-224,$0,$22,$31,$-9,$1,$1,$2,$0,$0,$-1,$-1,$-2,$-9,$-0,$0,$0,$8,$0,$8,$0,$8,$0,$0,$0,$0,$0,$0,$0,$1,$-0,$1,$0
1,2018-06-30,1.22,$0.25,4.86,$0.00,0.0,$-0.50,0.0,$-0.26,0.0,$0.03B,$0.01B,3.75,$0.00B,$0.03B,0.0,$0.00B,0,nan%,$0.00B,$-0.03B,inf%,$0.00B,$-0.03B,inf%,$0.00B,$-0.03B,inf%,$0.00B,$-0.03B,inf%,$0.00B,$-0.03B,inf%,$-0.03B,$0.03B,-84.55%,$-0.03B,$0.03B,-84.55%,$-0.03B,$0.04B,-65.82%,$-0.03B,$0.03B,-107.32%,$0,$0,$0,$6,$3,$9,$-9,$-0,$-9,$0,$-9,$-9,$-9,$-8,$-9,$106,106,$-0.08,$-0.08,$31,$0,$1,$32,$6,$0,$0,$1,$7,$39,$9,$0,$2,$2,$10,$0,$-216,$0,$29,$39,$-26,$2,$-1,$1,$1,$0,$1,$-0,$4,$-21,$-0,$0,$0,$-15,$21,$6,$0,$6,$0,$0,$0,$20,$20,$0,$0,$20,$4,$7,$0
2,2018-03-31,1.37,$0.30,4.57,$0.00,0.0,$-0.55,0.0,$-0.24,0.0,$0.04B,$0.01B,4.57,$0.00B,$0.03B,0.0,$0.00B,0,nan%,$0.00B,$-0.03B,inf%,$0.00B,$-0.03B,inf%,$0.00B,$-0.03B,inf%,$0.00B,$-0.02B,inf%,$0.00B,$-0.02B,inf%,$-0.02B,$0.03B,-77.42%,$-0.02B,$0.03B,-77.42%,$-0.02B,$0.04B,-61.15%,$-0.03B,$0.03B,-100.00%,$0,$0,$0,$6,$3,$9,$-9,$8,$-2,$0,$-2,$-2,$-2,$-9,$-9,$110,110,$-0.01,$-0.01,$34,$0,$1,$36,$6,$0,$0,$1,$7,$43,$8,$0,$2,$2,$10,$0,$-207,$0,$33,$43,$-17,$2,$-3,$-1,$0,$0,$-0,$0,$3,$-16,$-0,$0,$0,$-21,$21,$-0,$0,$-0,$0,$0,$0,$17,$17,$0,$0,$17,$1,$5,$0
3,2017-12-31,1.38,$0.34,4.08,$0.00,0.0,$-0.57,0.0,$-0.32,0.0,$0.04B,$0.01B,6.4,$0.00B,$0.04B,0.0,$0.00B,0,nan%,$0.00B,$-0.03B,inf%,$0.00B,$-0.03B,inf%,$0.00B,$-0.03B,inf%,$0.00B,$-0.03B,inf%,$0.00B,$-0.03B,inf%,$-0.03B,$0.04B,-94.49%,$-0.03B,$0.04B,-94.49%,$-0.03B,$0.05B,-75.95%,$-0.03B,$0.04B,-94.49%,$0,$0,$0,$6,$3,$9,$-8,$0,$-8,$0,$-8,$-8,$-8,$-8,$-8,$105,105,$-0.08,$-0.08,$36,$0,$1,$37,$6,$0,$0,$1,$8,$45,$6,$0,$2,$2,$8,$0,$-205,$5,$37,$45,$-16,$1,$3,$4,$1,$0,$-0,$0,$2,$-10,$-0,$0,$0,$-10,$8,$-2,$0,$-2,$0,$0,$0,$16,$16,$0,$0,$16,$4,$3,$0
4,2017-09-30,1.51,$0.25,6.09,0,0.0,$-0.60,0.0,$-0.32,0.0,$0.02B,$0.01B,4.79,$0.00B,$0.02B,0.0,$0.00B,0,nan%,$0.00B,$-0.03B,inf%,$0.00B,$-0.03B,inf%,$0.00B,$-0.03B,inf%,$0.00B,$-0.03B,inf%,$0.00B,$-0.03B,inf%,$-0.03B,$0.02B,-100.87%,$-0.03B,$0.02B,-100.87%,$-0.03B,$0.03B,-80.00%,$-0.03B,$0.02B,-100.87%,$0,$0,$0,$5,$3,$7,$-7,$0,$-7,$0,$-7,$-7,$-7,$-7,$-7,$97,97,$-0.08,$-0.08,$21,$0,$1,$23,$7,$0,$0,$1,$8,$31,$5,$0,$2,$2,$7,$0,$-197,$1,$24,$31,$-7,$1,$1,$2,$1,$0,$-0,$-0,$0,$-5,$-0,$0,$0,$4,$8,$12,$0,$12,$0,$0,$0,$1,$1,$0,$0,$1,$8,$2,$0
5,2017-06-30,1.28,$0.31,4.1,0,0.0,$-0.59,0.0,$-0.32,0.0,$0.03B,$0.01B,5.36,$0.00B,$0.03B,0.0,$0.00B,0,nan%,$0.00B,$-0.03B,inf%,$0.00B,$-0.03B,inf%,$0.00B,$-0.03B,inf%,$0.00B,$-0.03B,inf%,$0.00B,$-0.03B,inf%,$-0.03B,$0.03B,-90.32%,$-0.03B,$0.03B,-90.32%,$-0.03B,$0.04B,-72.73%,$-0.03B,$0.03B,-93.55%,$0,$0,$0,$5,$2,$7,$-7,$-0,$-7,$0,$-7,$-7,$-7,$-6,$-7,$87,87,$-0.07,$-0.07,$27,$0,$1,$29,$7,$0,$0,$1,$9,$38,$5,$0,$2,$2,$7,$0,$-190,$2,$30,$38,$-28,$2,$4,$6,$1,$0,$-1,$-1,$-0,$-22,$-0,$0,$0,$2,$2,$5,$0,$4,$0,$0,$0,$16,$16,$0,$0,$16,$-2,$4,$0
6,2017-03-31,1.23,$0.37,3.32,0,0.0,$-0.60,0.0,$-0.33,0.0,$0.04B,$0.01B,5.65,$0.00B,$0.04B,0.0,$0.00B,0,nan%,$0.00B,$-0.03B,inf%,$0.00B,$-0.03B,inf%,$0.00B,$-0.03B,inf%,$0.00B,$-0.03B,inf%,$0.00B,$-0.03B,inf%,$-0.03B,$0.04B,-81.82%,$-0.03B,$0.04B,-81.82%,$-0.03B,$0.04B,-66.67%,$-0.03B,$0.04B,-84.85%,$0,$0,$0,$6,$2,$8,$-8,$0,$-8,$0,$-8,$-8,$-8,$-8,$-8,$92,92,$-0.09,$-0.09,$33,$0,$1,$35,$8,$0,$0,$1,$9,$44,$6,$0,$2,$2,$8,$0,$-183,$1,$36,$44,$-21,$1,$3,$4,$2,$0,$-1,$-1,$2,$-15,$-0,$0,$0,$-4,$3,$-1,$0,$-1,$0,$0,$0,$16,$16,$0,$0,$16,$-1,$3,$0
7,2016-12-31,1.43,$0.31,4.63,0,0.0,$-0.61,0.0,$-0.33,0.0,$0.02B,$0.01B,4.27,$0.00B,$0.03B,0.0,$0.00B,0,nan%,$0.00B,$-0.03B,inf%,$0.00B,$-0.03B,inf%,$0.00B,$-0.03B,inf%,$0.00B,$-0.03B,inf%,$0.00B,$-0.03B,inf%,$-0.03B,$0.03B,-74.82%,$-0.03B,$0.03B,-74.82%,$-0.03B,$0.03B,-61.90%,$-0.03B,$0.03B,-77.70%,$0,$0,$0,$5,$1,$7,$-7,$0,$-7,$0,$-7,$-7,$-7,$-6,$-7,$81,81,$-0.08,$-0.08,$22,$0,$1,$23,$8,$0,$0,$1,$9,$32,$5,$0,$2,$2,$7,$0,$-175,$0,$25,$32,$-13,$1,$1,$2,$2,$0,$0,$-0,$1,$-10,$-0,$0,$0,$9,$3,$11,$0,$11,$0,$0,$0,$0,$0,$0,$0,$0,$1,$1,$0
8,2016-09-30,1.6,$0.41,3.93,$0.03,46.15,$-0.60,0.0,$-0.30,0.0,$0.03B,$0.01B,5.64,$0.00B,$0.03B,0.0,$0.00B,$0.00B,100.00%,$0.00B,$-0.02B,-800.00%,$0.00B,$-0.02B,-800.00%,$0.00B,$-0.02B,-766.67%,$0.00B,$-0.02B,-766.67%,$0.00B,$-0.02B,-766.67%,$-0.02B,$0.03B,-56.44%,$-0.02B,$0.03B,-56.44%,$-0.02B,$0.04B,-47.92%,$-0.02B,$0.03B,-58.90%,$0,$0,$0,$5,$2,$7,$-7,$0,$-6,$0,$-6,$-6,$-6,$-6,$-7,$81,81,$-0.08,$-0.08,$29,$0,$1,$30,$9,$0,$0,$1,$10,$40,$5,$0,$2,$2,$7,$0,$-168,$2,$33,$40,$-6,$1,$0,$1,$2,$0,$-0,$0,$1,$-4,$-0,$0,$0,$2,$2,$4,$0,$4,$0,$0,$0,$0,$0,$0,$0,$0,$-0,$0,$0
9,2016-06-30,1.33,$0.48,2.8,$0.04,37.07,$-0.61,0.0,$-0.29,0.0,$0.04B,$0.01B,6.16,$0.00B,$0.04B,0.0,$0.00B,$0.00B,100.00%,$0.00B,$-0.02B,-766.67%,$0.00B,$-0.02B,-766.67%,$0.00B,$-0.02B,-733.33%,$0.00B,$-0.02B,-766.67%,$0.00B,$-0.02B,-766.67%,$-0.02B,$0.04B,-50.55%,$-0.02B,$0.04B,-50.55%,$-0.02B,$0.05B,-43.40%,$-0.02B,$0.04B,-50.55%,$0,$0,$0,$4,$2,$6,$-6,$-0,$-6,$0,$-6,$-6,$-6,$-6,$-6,$80,80,$-0.08,$-0.08,$33,$0,$1,$36,$9,$0,$0,$1,$10,$46,$6,$0,$2,$2,$8,$0,$-162,$1,$38,$46,$-23,$2,$4,$6,$-1,$0,$-0,$-2,$-1,$-19,$-2,$0,$0,$-1,$4,$3,$0,$1,$0,$0,$0,$1,$1,$0,$0,$1,$-16,$3,$0
10,2016-03-31,1.61,$0.54,2.99,$0.04,43.26,$-0.66,0.0,$-0.28,0.0,$0.04B,$0.01B,8.14,$0.00B,$0.04B,0.0,$0.00B,$0.00B,100.00%,$0.00B,$-0.02B,-766.67%,$0.00B,$-0.02B,-766.67%,$0.00B,$-0.02B,-700.00%,$0.00B,$-0.02B,-733.33%,$0.00B,$-0.02B,-733.33%,$-0.02B,$0.04B,-43.56%,$-0.02B,$0.04B,-43.56%,$-0.02B,$0.05B,-37.61%,$-0.02B,$0.04B,-45.54%,$0,$0,$0,$6,$2,$7,$-7,$0,$-7,$0,$-7,$-7,$-7,$-7,$-7,$80,80,$-0.09,$-0.09,$38,$0,$0,$39,$10,$0,$0,$1,$11,$50,$5,$0,$2,$2,$7,$0,$-156,$1,$43,$50,$-17,$2,$3,$4,$2,$0,$-1,$-2,$-0,$-13,$-2,$0,$0,$-4,$-0,$-4,$0,$-5,$0,$0,$0,$1,$1,$0,$0,$1,$-17,$2,$0
11,2015-12-31,1.13,$0.62,1.83,$0.04,29.3,$-0.71,0.0,$-0.29,0.0,$0.05B,$0.01B,9.71,$0.00B,$0.05B,0.0,$0.00B,$0.00B,100.00%,$0.00B,$-0.02B,-800.00%,$0.00B,$-0.02B,-800.00%,$0.00B,$-0.02B,-700.00%,$0.00B,$-0.02B,-733.33%,$0.00B,$-0.02B,-733.33%,$-0.02B,$0.05B,-42.93%,$-0.02B,$0.05B,-42.93%,$-0.02B,$0.06B,-36.97%,$-0.02B,$0.05B,-46.83%,$3,$0,$3,$5,$2,$7,$-4,$0,$-4,$0,$-4,$-4,$-4,$-4,$-4,$79,79,$-0.05,$-0.05,$44,$0,$0,$45,$10,$0,$0,$1,$11,$56,$5,$0,$2,$2,$7,$0,$-148,$1,$49,$56,$-10,$1,$2,$3,$3,$0,$-1,$-3,$-0,$-7,$-1,$0,$0,$-9,$-1,$-10,$0,$-11,$0,$0,$0,$1,$1,$0,$0,$1,$-18,$2,$0
12,2015-09-30,1.82,$0.66,2.75,$0.01,0.0,$-0.73,0.0,$-0.33,0.0,$0.05B,$0.00B,11.5,$0.00B,$0.05B,0.0,$0.00B,0,nan%,$0.00B,$-0.03B,inf%,$0.00B,$-0.03B,inf%,$0.00B,$-0.02B,inf%,$0.00B,$-0.02B,inf%,$0.00B,$-0.02B,inf%,$-0.02B,$0.05B,-46.83%,$-0.02B,$0.05B,-46.83%,$-0.02B,$0.06B,-40.00%,$-0.03B,$0.05B,-50.73%,$0,$0,$0,$4,$1,$6,$-6,$-0,$-6,$0,$-6,$-6,$-6,$-5,$-6,$79,79,$-0.07,$-0.07,$47,$0,$1,$49,$10,$0,$0,$1,$12,$60,$4,$0,$1,$4,$8,$0,$-144,$0,$52,$60,$-6,$1,$1,$2,$1,$0,$-1,$1,$1,$-4,$-1,$0,$0,$-8,$0,$-8,$0,$-9,$0,$0,$0,$1,$1,$0,$0,$1,$-12,$1,$0
13,2015-06-30,2.52,$0.74,3.41,$0.01,0.0,$-0.72,0.0,$-0.35,0.0,$0.06B,$0.01B,9.2,$0.00B,$0.06B,0.0,$0.00B,0,nan%,$0.00B,$-0.03B,inf%,$0.00B,$-0.03B,inf%,$0.00B,$-0.02B,inf%,$0.00B,$-0.02B,inf%,$0.00B,$-0.02B,inf%,$-0.02B,$0.06B,-46.38%,$-0.02B,$0.06B,-46.38%,$-0.02B,$0.07B,-39.34%,$-0.03B,$0.06B,-50.24%,$0,$0,$0,$4,$2,$6,$-6,$1,$-5,$0,$-5,$-5,$-5,$-5,$-6,$70,70,$-0.07,$-0.07,$53,$0,$2,$57,$10,$0,$0,$1,$11,$68,$6,$0,$1,$4,$10,$0,$-139,$2,$58,$68,$-25,$2,$4,$7,$1,$0,$-1,$-2,$-3,$-21,$-1,$0,$0,$16,$6,$22,$0,$22,$0,$0,$0,$17,$17,$0,$0,$17,$18,$4,$0
14,2015-03-31,2.8,$0.64,4.37,$0.01,0.0,$-0.75,0.0,$-0.37,0.0,$0.04B,$0.01B,8.71,$0.00B,$0.05B,0.0,$0.00B,0,nan%,$0.00B,$-0.03B,inf%,$0.00B,$-0.03B,inf%,$0.00B,$-0.02B,inf%,$0.00B,$-0.03B,inf%,$0.00B,$-0.03B,inf%,$-0.03B,$0.05B,-47.39%,$-0.03B,$0.05B,-47.39%,$-0.03B,$0.05B,-40.00%,$-0.03B,$0.05B,-51.18%,$0,$0,$0,$6,$2,$8,$-8,$0,$-7,$0,$-7,$-7,$-7,$-7,$-8,$71,71,$-0.10,$-0.10,$42,$0,$2,$44,$10,$0,$0,$1,$11,$54,$5,$0,$1,$4,$9,$0,$-133,$1,$46,$54,$-19,$2,$3,$5,$1,$0,$-1,$-0,$-1,$-16,$-1,$0,$0,$13,$7,$19,$0,$19,$0,$0,$0,$1,$1,$0,$0,$1,$4,$3,$0
15,2014-12-31,2.5,$0.70,3.59,$0.01,0.0,$-0.75,0.0,$-0.41,0.0,$0.05B,$0.01B,9.11,$0.00B,$0.05B,0.0,$0.00B,0,nan%,$0.00B,$-0.03B,inf%,$0.00B,$-0.03B,inf%,$0.00B,$-0.03B,inf%,$0.00B,$-0.03B,inf%,$0.00B,$-0.03B,inf%,$-0.03B,$0.05B,-46.75%,$-0.03B,$0.05B,-46.75%,$-0.03B,$0.06B,-39.56%,$-0.03B,$0.05B,-48.48%,$0,$0,$0,$5,$2,$6,$-6,$0,$-6,$0,$-6,$-6,$-6,$-6,$-6,$70,70,$-0.09,$-0.09,$46,$0,$1,$47,$10,$0,$0,$1,$11,$58,$5,$0,$1,$4,$9,$0,$-126,$-0,$49,$58,$-12,$1,$2,$3,$2,$0,$-1,$-0,$0,$-9,$-1,$0,$0,$11,$0,$11,$0,$11,$0,$0,$0,$1,$1,$0,$0,$1,$2,$2,$0
16,2014-09-30,2.86,$0.77,3.71,$0.01,0.0,$-0.76,0.0,$-0.43,0.0,$0.05B,$0.01B,8.74,$0.00B,$0.05B,0.0,$0.00B,0,nan%,$0.00B,$-0.03B,inf%,$0.00B,$-0.03B,inf%,$0.00B,$-0.03B,inf%,$0.00B,$-0.03B,inf%,$0.00B,$-0.03B,inf%,$-0.03B,$0.05B,-46.09%,$-0.03B,$0.05B,-46.09%,$-0.03B,$0.06B,-39.16%,$-0.03B,$0.05B,-47.74%,$0,$0,$0,$4,$2,$6,$-6,$-0,$-6,$0,$-6,$-6,$-6,$-5,$-6,$69,69,$-0.09,$-0.09,$51,$0,$1,$52,$11,$0,$0,$1,$12,$64,$6,$0,$1,$4,$10,$0,$-120,$-1,$54,$64,$-6,$1,$1,$2,$2,$0,$-1,$-0,$1,$-3,$-0,$0,$0,$5,$0,$5,$0,$5,$0,$0,$0,$0,$0,$0,$0,$0,$1,$1,$0
17,2014-06-30,3.12,$0.91,3.45,$0.01,0.0,$-0.80,0.0,$-0.42,0.0,$0.06B,$0.01B,8.38,$0.00B,$0.06B,0.0,$0.00B,0,nan%,$0.00B,$-0.03B,inf%,$0.00B,$-0.03B,inf%,$0.00B,$-0.03B,inf%,$0.00B,$-0.03B,inf%,$0.00B,$-0.03B,inf%,$-0.03B,$0.06B,-44.26%,$-0.03B,$0.06B,-44.26%,$-0.03B,$0.07B,-37.63%,$-0.03B,$0.06B,-45.90%,$0,$0,$0,$4,$2,$7,$-7,$1,$-6,$0,$-6,$-6,$-6,$-5,$-7,$64,64,$-0.09,$-0.09,$59,$0,$1,$62,$11,$0,$0,$1,$12,$74,$7,$0,$2,$5,$12,$0,$-114,$3,$62,$74,$-27,$3,$5,$8,$-2,$0,$1,$-1,$-1,$-19,$-2,$0,$0,$7,$-4,$4,$0,$2,$0,$0,$0,$13,$13,$0,$0,$13,$-5,$6,$0
18,2014-03-31,3.7,$0.97,3.81,$0.01,0.0,$-0.86,0.0,$-0.45,0.0,$0.07B,$0.01B,10.05,$0.00B,$0.07B,0.0,$0.00B,0,nan%,$0.00B,$-0.03B,inf%,$0.00B,$-0.03B,inf%,$0.00B,$-0.03B,inf%,$0.00B,$-0.03B,inf%,$0.00B,$-0.03B,inf%,$-0.03B,$0.07B,-46.86%,$-0.03B,$0.07B,-46.86%,$-0.03B,$0.08B,-39.86%,$-0.03B,$0.07B,-46.86%,$0,$0,$0,$7,$3,$9,$-9,$0,$-9,$0,$-9,$-9,$-9,$-9,$-9,$66,66,$-0.14,$-0.14,$64,$0,$1,$65,$11,$0,$0,$1,$13,$77,$6,$0,$2,$5,$11,$0,$-108,$3,$66,$77,$-21,$2,$4,$6,$0,$0,$1,$-0,$1,$-14,$-1,$0,$0,$2,$-4,$-2,$0,$-4,$0,$0,$0,$12,$12,$0,$0,$12,$-5,$4,$0
19,2013-12-31,3.52,$0.94,3.73,$0.01,0.0,$-0.89,0.0,$-0.41,0.0,$0.06B,$0.01B,10.47,$0.00B,$0.06B,0.0,$0.00B,0,nan%,$0.00B,$-0.03B,inf%,$0.00B,$-0.03B,inf%,$0.00B,$-0.02B,inf%,$0.00B,$-0.03B,inf%,$0.00B,$-0.03B,inf%,$-0.03B,$0.06B,-42.19%,$-0.03B,$0.06B,-42.19%,$-0.03B,$0.07B,-35.97%,$-0.03B,$0.06B,-42.19%,$0,$0,$0,$5,$2,$7,$-7,$0,$-7,$0,$-7,$-7,$-7,$-7,$-7,$62,62,$-0.11,$-0.11,$57,$0,$1,$58,$11,$0,$0,$1,$13,$71,$6,$0,$2,$5,$10,$0,$-98,$1,$61,$71,$-11,$1,$2,$4,$-0,$0,$0,$-0,$-0,$-8,$-1,$0,$0,$8,$-4,$4,$0,$3,$0,$0,$0,$1,$1,$0,$0,$1,$-4,$2,$0
20,2013-09-30,3.38,$0.92,3.69,$0.01,336.97,$-0.91,0.0,$-0.38,0.0,$0.05B,$0.01B,9.16,$0.00B,$0.06B,0.0,$0.00B,0,nan%,$0.00B,$-0.02B,inf%,$0.00B,$-0.02B,inf%,$0.00B,$-0.02B,inf%,$0.00B,$-0.02B,inf%,$0.00B,$-0.02B,inf%,$-0.02B,$0.06B,-35.92%,$-0.02B,$0.06B,-35.92%,$-0.02B,$0.07B,-30.77%,$-0.02B,$0.06B,-37.55%,$0,$0,$0,$3,$2,$5,$-5,$0,$-5,$0,$-5,$-5,$-5,$-4,$-5,$59,59,$-0.08,$-0.08,$49,$0,$3,$52,$12,$0,$0,$1,$13,$65,$6,$0,$2,$5,$11,$0,$-92,$1,$55,$65,$-5,$1,$1,$2,$-2,$0,$0,$-0,$-2,$-5,$-0,$0,$0,$7,$-2,$5,$0,$4,$0,$0,$0,$1,$1,$0,$0,$1,$-0,$1,$0
21,2013-06-30,3.06,$0.97,3.15,$0.01,244.73,$-0.93,0.0,$-0.38,0.0,$0.06B,$0.01B,9.3,$0.00B,$0.06B,0.0,$0.00B,0,nan%,$0.00B,$-0.02B,inf%,$0.00B,$-0.02B,inf%,$0.00B,$-0.02B,inf%,$0.00B,$-0.02B,inf%,$0.00B,$-0.02B,inf%,$-0.02B,$0.06B,-32.06%,$-0.02B,$0.06B,-32.06%,$-0.02B,$0.07B,-27.81%,$-0.02B,$0.06B,-33.59%,$0,$0,$0,$6,$1,$7,$-7,$0,$-7,$0,$-7,$-7,$-7,$-7,$-7,$55,55,$-0.12,$-0.12,$54,$0,$1,$55,$12,$0,$0,$1,$13,$68,$6,$0,$2,$5,$11,$0,$-87,$0,$57,$68,$-21,$1,$3,$4,$-0,$0,$1,$-2,$0,$-17,$-4,$0,$0,$-10,$-5,$-15,$0,$-20,$0,$0,$0,$36,$36,$0,$0,$36,$-0,$3,$0
22,2013-03-31,3.07,$1.09,2.81,$0.01,234.62,$-0.66,0.0,$-0.35,0.0,$0.06B,$0.01B,10.6,$0.00B,$0.06B,0.0,$0.00B,0,nan%,$0.00B,$-0.02B,inf%,$0.00B,$-0.02B,inf%,$0.00B,$-0.02B,inf%,$0.00B,$-0.02B,inf%,$0.00B,$-0.02B,inf%,$-0.02B,$0.06B,-29.63%,$-0.02B,$0.06B,-29.63%,$-0.02B,$0.07B,-25.62%,$-0.02B,$0.06B,-31.28%,$0,$0,$0,$5,$1,$6,$-6,$0,$-6,$0,$-6,$-6,$-6,$-6,$-6,$58,58,$-0.10,$-0.10,$60,$0,$0,$61,$12,$1,$0,$1,$13,$74,$6,$0,$2,$5,$10,$0,$-80,$1,$64,$74,$-14,$1,$2,$3,$-1,$0,$0,$-2,$-1,$-12,$-3,$0,$0,$-1,$-1,$-2,$0,$-6,$0,$0,$0,$36,$36,$0,$0,$36,$18,$2,$0
23,2012-12-31,3.19,$1.18,2.7,$0.01,213.38,$-0.48,0.0,$-0.34,0.0,$0.07B,$0.01B,10.82,$0.00B,$0.07B,0.0,$0.00B,0,nan%,$0.00B,$-0.02B,inf%,$0.00B,$-0.02B,inf%,$0.00B,$-0.02B,inf%,$0.00B,$-0.02B,inf%,$0.00B,$-0.02B,inf%,$-0.02B,$0.07B,-29.49%,$-0.02B,$0.07B,-29.49%,$-0.02B,$0.08B,-25.20%,$-0.02B,$0.07B,-33.18%,$0,$0,$0,$4,$1,$5,$-5,$0,$-4,$0,$-4,$-4,$-4,$-5,$-5,$58,58,$-0.08,$-0.08,$65,$0,$0,$66,$10,$1,$0,$1,$13,$79,$6,$0,$1,$4,$10,$0,$-74,$0,$69,$79,$-8,$0,$2,$2,$-1,$0,$2,$-2,$-1,$-7,$-3,$0,$0,$-11,$-1,$-12,$0,$-15,$0,$0,$0,$36,$36,$0,$0,$36,$14,$2,$0
24,2012-09-30,3.94,$1.26,3.12,$0.02,233.84,$-0.32,0.0,$-0.31,0.0,$0.07B,$0.01B,13.38,$0.00B,$0.07B,0.0,$0.00B,0,nan%,$0.00B,$-0.02B,inf%,$0.00B,$-0.02B,inf%,$0.00B,$-0.02B,inf%,$0.00B,$-0.01B,inf%,$0.00B,$-0.01B,inf%,$-0.01B,$0.07B,-29.79%,$-0.01B,$0.07B,-29.79%,$-0.01B,$0.08B,-24.89%,$-0.02B,$0.07B,-31.91%,$0,$0,$0,$3,$2,$4,$-4,$0,$-4,$0,$-4,$-4,$-4,$-4,$-4,$48,48,$-0.08,$-0.08,$68,$0,$0,$70,$6,$1,$0,$1,$11,$81,$5,$0,$1,$4,$9,$0,$-70,$0,$72,$81,$-4,$0,$1,$2,$-1,$0,$1,$-1,$-1,$-4,$-2,$0,$0,$0,$-1,$-1,$0,$-3,$0,$0,$0,$35,$35,$0,$0,$35,$29,$1,$0
25,2012-06-30,2.4,$0.81,2.95,$0.02,146.59,$-0.13,0.0,$-0.34,0.0,$0.04B,$0.01B,6.92,$0.00B,$0.04B,0.0,$0.00B,0,nan%,$0.00B,$-0.02B,inf%,$0.00B,$-0.02B,inf%,$0.00B,$-0.02B,inf%,$0.00B,$-0.01B,inf%,$0.00B,$-0.01B,inf%,$-0.01B,$0.04B,-35.90%,$-0.01B,$0.04B,-35.90%,$-0.01B,$0.05B,-28.87%,$-0.02B,$0.04B,-38.46%,$0,$0,$0,$2,$2,$4,$-4,$-0,$-4,$0,$-4,$-4,$-4,$-4,$-4,$44,44,$-0.09,$-0.09,$38,$0,$0,$38,$5,$1,$0,$1,$9,$47,$6,$0,$1,$4,$10,$0,$-66,$-0,$38,$47,$-15,$0,$5,$5,$-0,$0,$-0,$6,$6,$-3,$-1,$0,$0,$-21,$-8,$-29,$0,$-31,$0,$0,$0,$1,$1,$0,$0,$1,$-33,$5,$0
26,2012-03-31,2.31,$0.85,2.71,$0.01,164.08,$-0.24,0.0,$-0.34,0.0,$0.04B,$0.01B,8.54,$0.00B,$0.04B,0.0,$0.00B,0,nan%,$0.00B,$-0.02B,inf%,$0.00B,$-0.02B,inf%,$0.00B,$-0.02B,inf%,$0.00B,$-0.01B,inf%,$0.00B,$-0.01B,inf%,$-0.01B,$0.04B,-34.78%,$-0.01B,$0.04B,-34.78%,$-0.01B,$0.05B,-29.02%,$-0.02B,$0.04B,-37.27%,$0,$0,$0,$3,$2,$5,$-5,$0,$-4,$0,$-4,$-4,$-4,$-5,$-5,$44,44,$-0.09,$-0.09,$40,$0,$0,$41,$3,$1,$0,$1,$5,$47,$5,$0,$1,$4,$9,$0,$-62,$0,$38,$47,$-11,$0,$4,$4,$-2,$0,$0,$6,$5,$-2,$-1,$0,$0,$-22,$-6,$-28,$0,$-29,$0,$0,$0,$0,$0,$0,$0,$0,$-31,$4,$0
27,2011-12-31,2.49,$0.91,2.72,$0.01,0.0,$-0.27,0.0,$-0.32,0.0,$0.04B,$0.01B,8.81,$0.00B,$0.04B,0.0,$0.00B,0,nan%,$0.00B,$-0.01B,inf%,$0.00B,$-0.01B,inf%,$0.00B,$-0.01B,inf%,$0.00B,$-0.01B,inf%,$0.00B,$-0.01B,inf%,$-0.01B,$0.04B,-30.77%,$-0.01B,$0.04B,-30.77%,$-0.01B,$0.05B,-26.80%,$-0.01B,$0.04B,-30.77%,$0,$0,$0,$1,$1,$2,$-2,$0,$-2,$0,$-2,$-2,$-2,$-2,$-2,$44,44,$-0.05,$-0.05,$42,$0,$0,$44,$3,$1,$0,$0,$6,$50,$5,$0,$1,$4,$9,$0,$-57,$-0,$40,$50,$-6,$0,$2,$2,$-2,$0,$-0,$7,$5,$0,$-1,$0,$0,$-30,$-5,$-36,$0,$-37,$0,$0,$0,$0,$0,$0,$0,$0,$-36,$2,$0
28,2011-09-30,2.17,$0.94,2.32,$0.00,0.0,$-0.36,0.0,$-0.38,0.0,$0.05B,$0.01B,9.19,$0.00B,$0.04B,0.0,$0.00B,0,nan%,$0.00B,$-0.01B,inf%,$0.00B,$-0.01B,inf%,$0.00B,$-0.01B,inf%,$0.00B,$-0.01B,inf%,$0.00B,$-0.01B,inf%,$-0.01B,$0.04B,-41.48%,$-0.01B,$0.04B,-41.48%,$-0.01B,$0.05B,-36.84%,$-0.01B,$0.04B,-41.48%,$0,$0,$0,$3,$2,$4,$-4,$-0,$-4,$0,$-4,$-4,$-4,$-4,$-4,$43,43,$-0.11,$-0.11,$46,$0,$0,$46,$2,$1,$0,$0,$3,$50,$5,$0,$1,$5,$10,$0,$-55,$0,$40,$50,$-4,$0,$1,$1,$-0,$0,$-0,$7,$7,$3,$-0,$0,$0,$-32,$-1,$-33,$0,$-33,$0,$0,$0,$0,$0,$0,$0,$0,$-29,$1,$0
29,2011-06-30,2.9,$1.02,2.83,0,0.0,$-0.49,0.0,$-0.35,0.0,$0.04B,$0.00B,21.46,$0.00B,$0.04B,0.0,$0.00B,0,nan%,$0.00B,$-0.01B,inf%,$0.00B,$-0.01B,inf%,$0.00B,$-0.01B,inf%,$0.00B,$-0.01B,inf%,$0.00B,$-0.01B,inf%,$-0.01B,$0.04B,-48.98%,$-0.01B,$0.04B,-48.98%,$-0.01B,$0.05B,-45.28%,$-0.01B,$0.04B,-48.98%,$0,$0,$0,$3,$1,$4,$-4,$0,$-4,$0,$-4,$-4,$-4,$-4,$-4,$31,31,$-0.09,$-0.09,$43,$0,$0,$43,$2,$0,$0,$0,$3,$46,$2,$0,$1,$1,$3,$0,$-51,$0,$43,$46,$-11,$0,$3,$4,$1,$0,$0,$-0,$1,$-6,$-1,$0,$0,$1,$-0,$1,$0,$-0,$-0,$0,$-0,$47,$47,$0,$0,$47,$41,$3,$0
30,2011-03-31,2.59,$1.10,2.35,0,0.0,$-0.62,0.0,$-0.26,0.0,$0.05B,$0.00B,23.95,$0.00B,$0.05B,0.0,$0.00B,0,nan%,$0.00B,$-0.01B,inf%,$0.00B,$-0.01B,inf%,$0.00B,$-0.01B,inf%,$0.00B,$-0.01B,inf%,$0.00B,$-0.01B,inf%,$-0.01B,$0.05B,-67.80%,$-0.01B,$0.05B,-67.80%,$-0.01B,$0.05B,-60.61%,$-0.01B,$0.05B,-67.80%,$0,$0,$0,$2,$1,$3,$-3,$0,$-3,$0,$-3,$-3,$-3,$-3,$-3,$37,37,$-0.07,$-0.07,$45,$0,$0,$46,$2,$0,$0,$0,$3,$48,$2,$0,$1,$1,$2,$0,$-47,$0,$46,$48,$-7,$0,$2,$3,$0,$0,$1,$-0,$1,$-4,$-1,$0,$0,$1,$0,$1,$0,$0,$-0,$0,$-0,$47,$47,$0,$0,$47,$43,$2,$0
31,2010-12-31,1.43,$0.23,6.33,0,0.0,$-0.72,0.0,$-0.32,0.0,$0.01B,$0.00B,3.74,$0.00B,$0.01B,0.0,$0.00B,0,nan%,$0.00B,$-0.01B,inf%,$0.00B,$-0.01B,inf%,$0.00B,$-0.01B,inf%,$0.00B,$-0.01B,inf%,$0.00B,$-0.01B,inf%,$-0.01B,$0.01B,-225.00%,$-0.01B,$0.01B,-225.00%,$-0.01B,$0.01B,-163.64%,$-0.01B,$0.01B,-225.00%,$0,$0,$0,$2,$1,$3,$-3,$0,$-3,$0,$-3,$-3,$-3,$-3,$-3,$25,25,$-0.11,$-0.11,$5,$0,$0,$6,$2,$0,$0,$0,$2,$8,$1,$0,$0,$0,$2,$0,$-45,$0,$6,$8,$-5,$0,$2,$2,$0,$0,$0,$-0,$1,$-2,$-1,$0,$0,$1,$0,$1,$0,$0,$-0,$0,$-0,$5,$5,$0,$0,$5,$3,$2,$0
32,2010-09-30,1.49,$0.13,11.54,0,0.0,$-0.73,0.0,$-0.32,0.0,$0.00B,$0.00B,1.72,$0.00B,$0.00B,0.0,$0.00B,0,nan%,$0.00B,$-0.01B,inf%,$0.00B,$-0.01B,inf%,$0.00B,$-0.01B,inf%,$0.00B,$-0.01B,inf%,$0.00B,$-0.01B,inf%,$-0.01B,$0.00B,-228.57%,$-0.01B,$0.00B,-228.57%,$-0.01B,$0.00B,-160.00%,$-0.01B,$0.00B,-228.57%,$0,$0,$0,$1,$1,$2,$-2,$0,$-2,$0,$-2,$-2,$-2,$-2,$-2,$21,21,$-0.08,$-0.08,$2,$0,$0,$2,$2,$0,$0,$0,$2,$4,$1,$0,$0,$0,$2,$0,$-42,$0,$3,$4,$-2,$0,$1,$1,$0,$0,$0,$-0,$0,$-1,$-0,$0,$0,$0,$0,$0,$0,$0,$-0,$0,$-0,$0,$0,$0,$0,$0,$-0,$0,$0
33,2010-06-30,1.15,$0.19,6.03,0,0.0,$-0.74,0.0,$-0.35,0.0,$0.00B,$0.00B,2.81,$0.00B,$0.00B,0.0,$0.00B,0,nan%,$0.00B,$-0.01B,inf%,$0.00B,$-0.01B,inf%,$0.00B,$-0.01B,inf%,$0.00B,$-0.01B,inf%,$0.00B,$-0.01B,inf%,$-0.01B,$0.00B,-228.57%,$-0.01B,$0.00B,-228.57%,$-0.01B,$0.01B,-160.00%,$-0.01B,$0.00B,-228.57%,$0,$0,$0,$1,$1,$2,$-2,$-0,$-2,$0,$-2,$-2,$-2,$-2,$-2,$17,17,$-0.10,$-0.10,$2,$0,$0,$4,$2,$0,$0,$0,$2,$6,$1,$0,$0,$0,$2,$0,$-40,$0,$4,$6,$-7,$0,$2,$2,$-0,$0,$0,$0,$0,$-5,$-0,$0,$0,$-1,$-0,$-1,$0,$-1,$-0,$0,$-0,$6,$6,$0,$0,$6,$-1,$2,$0
34,2010-03-31,1.11,$0.15,7.64,0,0.0,$-0.83,0.0,$-0.35,0.0,$0.00B,$0.00B,2.13,$0.00B,$0.00B,0.0,$0.00B,0,nan%,$0.00B,$-0.01B,inf%,$0.00B,$-0.01B,inf%,$0.00B,$-0.01B,inf%,$0.00B,$-0.01B,inf%,$0.00B,$-0.01B,inf%,$-0.01B,$0.00B,-246.15%,$-0.01B,$0.00B,-246.15%,$-0.01B,$0.00B,-177.78%,$-0.01B,$0.00B,-246.15%,$0,$0,$0,$1,$1,$2,$-2,$-0,$-2,$0,$-2,$-2,$-2,$-2,$-2,$18,18,$-0.13,$-0.13,$2,$0,$0,$2,$1,$0,$0,$0,$2,$4,$1,$0,$0,$0,$1,$0,$-38,$0,$3,$4,$-6,$0,$1,$2,$0,$0,$0,$0,$0,$-4,$-0,$0,$0,$-1,$-0,$-1,$0,$-1,$-0,$0,$-0,$4,$4,$0,$0,$4,$-1,$1,$0
35,2009-12-31,1.16,$0.24,4.74,0,0.0,$-0.91,0.0,$-0.39,0.0,$0.00B,$0.00B,3.84,$0.00B,$0.00B,0.0,$0.00B,0,nan%,$0.00B,$-0.01B,inf%,$0.00B,$-0.01B,inf%,$0.00B,$-0.01B,inf%,$0.00B,$-0.01B,inf%,$0.00B,$-0.01B,inf%,$-0.01B,$0.00B,-246.15%,$-0.01B,$0.00B,-246.15%,$-0.01B,$0.01B,-177.78%,$-0.01B,$0.00B,-246.15%,$0,$0,$0,$1,$1,$2,$-2,$-0,$-2,$0,$-2,$-2,$-2,$-2,$-2,$17,17,$-0.10,$-0.10,$4,$0,$0,$4,$1,$0,$0,$0,$2,$6,$1,$0,$0,$0,$1,$0,$-36,$0,$4,$6,$-3,$0,$1,$1,$0,$0,$0,$0,$1,$-2,$-0,$0,$0,$-3,$-0,$-3,$0,$-3,$-0,$0,$-0,$4,$4,$0,$0,$4,$-1,$1,$0
36,2009-09-30,1.38,$0.22,6.15,0,0.0,$-1.03,0.0,$-0.28,0.0,$0.00B,$0.00B,2.92,$0.00B,$0.00B,0.0,$0.00B,0,nan%,$0.00B,$-0.01B,inf%,$0.00B,$-0.01B,inf%,$0.00B,$-0.01B,inf%,$0.00B,$-0.01B,inf%,$0.00B,$-0.01B,inf%,$-0.01B,$0.00B,-233.33%,$-0.01B,$0.00B,-233.33%,$-0.01B,$0.00B,-175.00%,$-0.01B,$0.00B,-233.33%,$0,$0,$0,$1,$1,$2,$-2,$0,$-2,$0,$-2,$-2,$-2,$-2,$-2,$15,15,$-0.11,$-0.11,$2,$0,$0,$3,$1,$0,$0,$0,$2,$4,$1,$0,$0,$0,$1,$0,$-34,$0,$3,$4,$-2,$0,$1,$1,$0,$0,$-0,$-0,$0,$-1,$-0,$0,$0,$0,$0,$0,$0,$-0,$0,$0,$0,$1,$1,$0,$0,$1,$-0,$1,$0
37,2009-06-30,1.37,$0.25,5.52,0,0.0,$-1.22,0.0,$-0.17,0.0,$0.00B,$0.00B,3.49,$0.00B,$0.00B,0.01,$0.00B,0,nan%,$0.00B,$-0.01B,inf%,$0.00B,$-0.01B,inf%,$0.00B,$-0.01B,inf%,$0.00B,$-0.01B,inf%,$0.00B,$-0.01B,inf%,$-0.01B,$0.00B,-233.33%,$-0.01B,$0.00B,-233.33%,$-0.01B,$0.00B,-175.00%,$-0.01B,$0.00B,-233.33%,$0,$0,$0,$1,$1,$2,$-2,$0,$-2,$0,$-2,$-2,$-2,$-2,$-2,$11,11,$-0.08,$-0.08,$2,$0,$0,$3,$1,$0,$0,$0,$2,$4,$1,$0,$0,$0,$1,$0,$-33,$0,$3,$4,$-7,$0,$2,$2,$-0,$0,$-0,$0,$-0,$-4,$-0,$0,$0,$0,$1,$1,$0,$1,$-0,$0,$-0,$5,$5,$0,$0,$5,$2,$2,$0
38,2009-03-31,1.28,$0.24,5.35,0,0.0,$-1.63,0.0,$-0.17,0.0,$0.00B,$0.00B,3.65,$0.00B,$0.00B,0.01,$0.00B,0,nan%,$0.00B,$-0.01B,inf%,$0.00B,$-0.01B,inf%,$0.00B,$-0.01B,inf%,$0.00B,$-0.01B,inf%,$0.00B,$-0.01B,inf%,$-0.01B,$0.00B,-290.91%,$-0.01B,$0.00B,-290.91%,$-0.01B,$0.00B,-200.00%,$-0.01B,$0.00B,-290.91%,$0,$0,$0,$1,$1,$2,$-2,$-0,$-2,$0,$-2,$-2,$-2,$-2,$-2,$12,12,$-0.17,$-0.17,$2,$0,$0,$2,$1,$0,$0,$0,$2,$4,$1,$0,$0,$0,$1,$0,$-31,$0,$3,$4,$-5,$0,$2,$2,$0,$0,$-0,$0,$0,$-3,$-0,$0,$0,$0,$1,$1,$0,$1,$-0,$0,$-0,$4,$4,$0,$0,$4,$1,$2,$0
39,2008-12-31,0.41,$0.29,1.41,0,0.0,$-1.87,0.0,$-0.39,0.0,$0.00B,$0.00B,3.42,$0.00B,$0.00B,0.01,$0.00B,0,nan%,$0.00B,$-0.01B,inf%,$0.00B,$-0.01B,inf%,$0.00B,$-0.01B,inf%,$0.00B,$-0.01B,inf%,$0.00B,$-0.01B,inf%,$-0.01B,$0.00B,-300.00%,$-0.01B,$0.00B,-300.00%,$-0.01B,$0.00B,-211.76%,$-0.01B,$0.00B,-300.00%,$0,$0,$0,$0,$1,$1,$-1,$-0,$-1,$0,$-1,$-1,$-1,$-1,$-1,$10,10,$-0.09,$-0.09,$2,$0,$0,$3,$1,$0,$0,$0,$1,$4,$1,$0,$0,$0,$1,$0,$-29,$0,$3,$4,$-3,$0,$1,$1,$-0,$0,$0,$0,$-0,$-2,$-0,$0,$0,$0,$1,$1,$0,$1,$-0,$0,$-0,$3,$3,$0,$0,$3,$2,$1,$0
40,2008-09-30,0.82,$0.34,2.43,0,0.0,$-2.07,0.0,$-0.79,0.0,$0.00B,$0.00B,3.12,$0.00B,$0.00B,0.01,$0.00B,0,nan%,$0.00B,$-0.01B,inf%,$0.00B,$-0.01B,inf%,$0.00B,$-0.01B,inf%,$0.00B,$-0.01B,inf%,$0.00B,$-0.01B,inf%,$-0.01B,$0.00B,-314.29%,$-0.01B,$0.00B,-314.29%,$-0.01B,$0.00B,-231.58%,$-0.01B,$0.00B,-314.29%,$0,$0,$0,$1,$1,$2,$-2,$-0,$-2,$0,$-2,$-2,$-2,$-2,$-2,$8,8,$-0.29,$-0.29,$2,$0,$0,$3,$1,$0,$0,$0,$2,$4,$1,$0,$0,$0,$1,$0,$-28,$0,$3,$4,$-2,$0,$1,$1,$-0,$0,$-0,$-0,$-0,$-2,$-0,$0,$0,$0,$1,$1,$0,$1,$-0,$0,$-0,$3,$3,$0,$0,$3,$2,$1,$0
41,2008-06-30,1.2,$0.34,3.58,0,0.0,$-2.06,0.0,$-0.79,0.0,$0.00B,$0.00B,1.97,$0.00B,$0.00B,0.02,$0.00B,0,nan%,$0.00B,$-0.01B,inf%,$0.00B,$-0.01B,inf%,$0.00B,$-0.01B,inf%,$0.00B,$-0.01B,inf%,$0.00B,$-0.01B,inf%,$-0.01B,$0.00B,-258.82%,$-0.01B,$0.00B,-258.82%,$-0.01B,$0.00B,-200.00%,$-0.01B,$0.00B,-258.82%,$0,$0,$0,$1,$1,$3,$-3,$-0,$-3,$0,$-3,$-3,$-3,$-3,$-3,$6,6,$-0.45,$-0.45,$2,$0,$0,$2,$1,$0,$0,$0,$1,$4,$1,$0,$0,$0,$1,$0,$-26,$0,$2,$4,$-10,$0,$5,$6,$0,$0,$0,$-0,$0,$-5,$-1,$0,$0,$0,$2,$2,$0,$1,$0,$0,$0,$2,$2,$0,$-0,$2,$-1,$5,$0
42,2008-03-31,1.75,$0.60,2.92,0,0.0,$-3.55,0.0,$-0.79,0.0,$0.00B,$0.00B,3.93,$0.00B,$0.00B,0.01,$0.00B,0,nan%,$0.00B,$-0.01B,inf%,$0.00B,$-0.01B,inf%,$0.00B,$-0.01B,inf%,$0.00B,$-0.01B,inf%,$0.00B,$-0.01B,inf%,$-0.01B,$0.00B,-228.57%,$-0.01B,$0.00B,-228.57%,$-0.01B,$0.01B,-192.00%,$-0.01B,$0.00B,-209.52%,$0,$0,$0,$1,$2,$3,$-3,$0,$-3,$0,$-3,$-3,$-3,$-3,$-3,$7,7,$-0.39,$-0.39,$3,$0,$0,$4,$1,$0,$0,$0,$1,$5,$1,$0,$0,$0,$1,$0,$-23,$-0,$4,$5,$-7,$0,$4,$4,$0,$0,$0,$-0,$0,$-3,$-1,$0,$0,$0,$2,$2,$0,$1,$0,$0,$0,$2,$2,$0,$0,$2,$0,$4,$0
43,2007-12-31,3.55,$0.80,4.46,0,0.0,$-4.46,0.0,$-2.40,0.0,$0.01B,$0.00B,6.65,$0.00B,$0.01B,0.01,$0.00B,0,nan%,$0.00B,$-0.01B,inf%,$0.00B,$-0.01B,inf%,$0.00B,$-0.01B,inf%,$0.00B,$-0.01B,inf%,$0.00B,$-0.01B,inf%,$-0.01B,$0.01B,-260.00%,$-0.01B,$0.01B,-260.00%,$-0.01B,$0.01B,-208.00%,$-0.01B,$0.01B,-240.00%,$0,$0,$0,$1,$2,$3,$-3,$0,$-3,$0,$-3,$-3,$-3,$-3,$-3,$6,6,$-0.40,$-0.40,$4,$0,$0,$5,$1,$0,$0,$0,$1,$6,$1,$0,$0,$0,$1,$0,$-20,$-0,$5,$6,$-5,$0,$3,$3,$-0,$0,$0,$-0,$-0,$-2,$-1,$0,$0,$0,$0,$0,$0,$-0,$0,$0,$0,$1,$1,$0,$0,$1,$-1,$3,$0
44,2007-09-30,8.0,$0.89,8.99,0,0.0,$-4.94,0.0,$-2.00,0.0,$0.01B,$0.00B,6.96,$0.00B,$0.01B,0.01,$0.00B,0,nan%,$0.00B,$-0.01B,inf%,$0.00B,$-0.01B,inf%,$0.00B,$-0.01B,inf%,$0.00B,$-0.01B,inf%,$0.00B,$-0.01B,inf%,$-0.01B,$0.01B,-275.00%,$-0.01B,$0.01B,-275.00%,$-0.01B,$0.01B,-220.00%,$-0.01B,$0.01B,-250.00%,$0,$0,$0,$1,$2,$2,$-2,$0,$-2,$0,$-2,$-2,$-2,$-2,$-2,$6,6,$-0.39,$-0.39,$4,$0,$0,$6,$1,$0,$0,$0,$1,$7,$1,$0,$0,$0,$1,$0,$-18,$-0,$6,$7,$-2,$0,$2,$2,$-1,$0,$0,$-0,$-1,$-1,$-0,$0,$0,$0,$-0,$-0,$0,$-0,$0,$0,$0,$0,$0,$0,$0,$0,$-1,$2,$0
45,2007-06-30,18.0,$0.85,21.19,0,0.0,$-6.57,0.0,$-2.00,0.0,$0.01B,$0.00B,8.26,$0.00B,$0.01B,0.0,$0.00B,0,nan%,$0.00B,$-0.01B,inf%,$0.00B,$-0.01B,inf%,$0.00B,$-0.01B,inf%,$0.00B,$-0.01B,inf%,$0.00B,$-0.01B,inf%,$-0.01B,$0.01B,-400.00%,$-0.01B,$0.01B,-400.00%,$-0.01B,$0.01B,-225.00%,$-0.01B,$0.01B,-327.27%,$0,$0,$0,$1,$2,$3,$-3,$-1,$-4,$0,$-4,$-4,$-4,$-3,$-3,$1,1,$-1.53,$-1.53,$5,$0,$0,$6,$0,$0,$0,$0,$1,$7,$1,$0,$0,$0,$1,$0,$-16,$-0,$6,$7,$-8,$0,$5,$6,$-0,$0,$-0,$0,$-0,$-3,$-0,$0,$0,$0,$-4,$-4,$-2,$-6,$0,$0,$0,$9,$9,$0,$-0,$8,$-1,$3,$0
46,2007-03-31,26.0,$1.94,13.43,0,0.0,$-10.83,0.0,$-2.00,0.0,$0.01B,$0.00B,1.83,$0.00B,$0.00B,0.0,$0.00B,0,nan%,$0.00B,$-0.01B,inf%,$0.00B,$-0.01B,inf%,$0.00B,$-0.01B,inf%,$0.00B,$-0.01B,inf%,$0.00B,$-0.01B,inf%,$-0.01B,$0.00B,-1200.00%,$-0.01B,$0.00B,-1200.00%,$-0.01B,$0.01B,-200.00%,$-0.01B,$0.00B,-466.67%,$0,$0,$0,$1,$1,$4,$-4,$0,$-4,$0,$-4,$-4,$-4,$-4,$-4,$1,1,$-2.93,$-2.93,$5,$0,$0,$5,$0,$0,$0,$0,$1,$5,$3,$0,$0,$0,$3,$0,$-12,$0,$3,$5,$-5,$0,$2,$2,$-0,$0,$0,$0,$2,$-2,$-0,$0,$0,$0,$-0,$-0,$0,$-0,$-0,$0,$-0,$5,$5,$0,$-0,$4,$2,$2,$0
47,2006-12-31,4.0,$0.49,8.21,0,0.0,$-14.02,0.0,$0.01,400.0,$0.00B,$0.00B,1.42,$0.00B,$0.00B,0.0,$0.00B,0,nan%,$0.00B,$-0.00B,inf%,$0.00B,$-0.00B,inf%,$0.00B,$-0.00B,inf%,$0.00B,$-0.00B,inf%,$0.00B,$-0.00B,inf%,$-0.00B,$0.00B,1200.00%,$-0.00B,$0.00B,1200.00%,$-0.00B,$0.00B,-150.00%,$-0.00B,$0.00B,-533.33%,$0,$0,$0,$0,$0,$1,$-1,$-0,$-1,$0,$-1,$-1,$-1,$-0,$-1,$1,1,$-0.58,$-0.58,$1,$0,$0,$1,$0,$0,$0,$0,$0,$1,$1,$0,$0,$0,$1,$0,$-8,$0,$1,$1,$-1,$0,$0,$1,$0,$0,$-0,$0,$-0,$-1,$-0,$0,$0,$0,$-0,$-0,$0,$-0,$0,$0,$0,$0,$0,$0,$-0,$-0,$-2,$0,$0
