,Date,Stock Price,Book Value per Share,Price to Book Ratio,TTM Sales per Share,Price to Sales Ratio,TTM FCF per Share,Price to FCF Ratio,TTM Net EPS,PE Ratio,Current Assets,Current Liabilities,Current Ratio,Long Term Debt,Shareholder's Equity_x,Debt to Equity Ratio,TTM Revenue_x,TTM Gross Profit,Gross Margin,TTM Revenue_y,TTM Operating Income,Operating Margin,TTM Revenue_x,TTM EBIT,EBIT Margin,TTM Revenue_y,TTM EBITDA,EBITDA Margin,TTM Revenue_x,TTM Pre-Tax Income,Pre-Tax Margin,TTM Revenue_y,TTM Net Income_x,Net Margin,TTM Net Income_y,Shareholder's Equity_y,Return on Equity,TTM Net Income_x,Tangible Equity,Return on Tangible Equity,TTM Net Income_y,Total Assets,Return on Assets,TTM Net Income,LT Investments & Debt,Return on Investment,revenue,cost-goods-sold,gross-profit,research-development-expenses,selling-general-administrative-expenses,operating-expenses,operating-income,total-non-operating-income-expense,pre-tax-income,total-provision-income-taxes,income-after-taxes,income-from-continuous-operations,net-income,ebitda,ebit,basic-shares-outstanding,shares-outstanding,eps-basic-net-earnings-per-share,eps-earnings-per-share-diluted,cash-on-hand,inventory,other-current-assets,total-current-assets,net-property-plant-equipment,long-term-investments,goodwill-intangible-assets-total,other-long-term-assets,total-long-term-assets,total-assets,total-current-liabilities,long-term-debt,other-non-current-liabilities,total-long-term-liabilities,total-liabilities,common-stock-net,retained-earnings-accumulated-deficit,comprehensive-income,total-share-holder-equity,total-liabilities-share-holders-equity,net-income-loss,total-depreciation-amortization-cash-flow,other-non-cash-items,total-non-cash-items,change-in-accounts-receivable,change-in-inventories,change-in-accounts-payable,change-in-assets-liabilities,total-change-in-assets-liabilities,cash-flow-from-operating-activities,net-change-in-property-plant-equipment,net-change-in-intangible-assets,net-acquisitions-divestitures,net-change-in-short-term-investments,net-change-in-long-term-investments,net-change-in-investments-total,investing-activities-other,cash-flow-from-investing-activities,net-long-term-debt,net-current-debt,debt-issuance-retirement-net-total,net-common-equity-issued-repurchased,net-total-equity-issued-repurchased,total-common-preferred-stock-dividends-paid,financial-activities-other,cash-flow-from-financial-activities,net-cash-flow,stock-based-compensation,common-stock-dividends-paid
0,2018-09-30,51.14,$19.34,2.64,$10.89,4.69,$6.22,8.22,$3.74,13.67,$0.24B,$0.24B,1.0,$2.92B,$1.70B,1.72,$1.42B,$1.42B,100.00%,$1.42B,$0.74B,52.18%,$1.42B,$0.74B,52.18%,$1.42B,$0.86B,60.25%,$1.42B,$0.74B,52.18%,$1.42B,$0.48B,33.71%,$0.48B,$2.44B,20.94%,$0.48B,$2.26B,22.77%,$0.48B,$5.64B,8.78%,$0.74B,$5.37B,14.25%,$384,$0,$384,$0,$108,$167,$217,$0,$217,$0,$217,$217,$144,$247,$217,$123,137,$1.17,$1.10,$100,$12,$0,$239,$2999,$2215,$185,$0,$5404,$5643,$238,$2922,$11,$2962,$3200,$1698,$0,$-1,$2443,$5643,$575,$87,$-44,$43,$-9,$0,$8,$28,$34,$652,$-410,$0,$0,$0,$28,$28,$0,$-382,$-25,$0,$-25,$114,$86,$-416,$0,$-355,$-85,$0,$-416
1,2018-06-30,50.35,$18.61,2.71,$10.80,4.66,$6.07,8.3,$3.15,15.98,$0.26B,$0.21B,1.25,$2.92B,$1.59B,1.84,$1.34B,$1.34B,100.00%,$1.34B,$0.66B,49.14%,$1.34B,$0.66B,49.14%,$1.34B,$0.78B,57.88%,$1.34B,$0.66B,49.14%,$1.34B,$0.39B,29.28%,$0.39B,$2.33B,18.44%,$0.39B,$2.15B,20.20%,$0.39B,$5.51B,7.67%,$0.66B,$5.25B,13.47%,$354,$0,$354,$0,$110,$168,$186,$0,$186,$0,$186,$186,$121,$215,$186,$122,136,$0.99,$0.94,$151,$13,$0,$263,$2948,$2104,$185,$0,$5243,$5506,$210,$2921,$12,$2963,$3173,$1587,$0,$-1,$2333,$5506,$358,$57,$-45,$12,$-3,$0,$-3,$30,$27,$397,$-234,$0,$0,$0,$22,$22,$0,$-212,$0,$0,$0,$67,$49,$-268,$0,$-219,$-34,$0,$-268
2,2018-03-31,46.45,$17.98,2.58,$10.73,4.33,$5.81,7.99,$2.82,16.47,$0.28B,$0.19B,1.52,$2.92B,$1.49B,1.96,$1.26B,$1.26B,100.00%,$1.26B,$0.59B,46.91%,$1.26B,$0.59B,46.91%,$1.26B,$0.71B,56.10%,$1.26B,$0.59B,46.91%,$1.26B,$0.34B,26.70%,$0.34B,$2.23B,16.98%,$0.34B,$2.05B,18.72%,$0.34B,$5.39B,7.06%,$0.59B,$5.16B,12.95%,$355,$0,$355,$0,$123,$181,$174,$0,$174,$2,$172,$172,$110,$202,$174,$122,135,$0.91,$0.87,$167,$13,$0,$283,$2925,$1986,$185,$0,$5103,$5386,$186,$2921,$11,$2966,$3152,$1489,$0,$-1,$2234,$5386,$172,$28,$-46,$-18,$-5,$0,$-4,$26,$17,$171,$-74,$0,$0,$0,$14,$14,$0,$-60,$0,$0,$0,$9,$0,$-129,$0,$-129,$-18,$0,$-129
3,2017-12-31,50.24,$17.42,2.88,$10.55,4.76,$5.96,8.43,$2.55,19.7,$0.29B,$0.17B,1.71,$2.92B,$1.42B,2.06,$1.17B,$1.17B,100.00%,$1.17B,$0.53B,45.17%,$1.17B,$0.53B,45.17%,$1.17B,$0.64B,55.09%,$1.17B,$0.53B,45.17%,$1.17B,$0.29B,24.98%,$0.29B,$2.16B,15.92%,$0.29B,$1.98B,17.71%,$0.29B,$5.33B,6.54%,$0.53B,$5.08B,12.34%,$331,$0,$331,$0,$108,$165,$166,$0,$166,$2,$164,$164,$105,$194,$166,$112,115,$0.89,$0.81,$185,$12,$0,$292,$2918,$1932,$185,$0,$5042,$5334,$171,$2920,$11,$3002,$3173,$1416,$0,$-1,$2161,$5334,$524,$116,$54,$170,$-4,$-1,$14,$16,$30,$724,$-431,$0,$-729,$0,$52,$52,$326,$-782,$-144,$0,$-144,$468,$1205,$-642,$-178,$241,$183,$0,$-642
4,2017-09-30,49.81,$15.75,3.16,$10.08,4.94,$2.45,20.3,$2.37,21.02,$0.09B,$0.14B,0.64,$2.27B,$1.78B,1.28,$1.07B,$1.07B,100.00%,$1.07B,$0.47B,43.62%,$1.07B,$0.47B,43.62%,$1.07B,$0.58B,54.22%,$1.07B,$0.47B,43.62%,$1.07B,$0.26B,24.02%,$0.26B,$1.78B,15.19%,$0.26B,$1.59B,17.07%,$0.26B,$4.22B,6.16%,$0.47B,$4.05B,11.63%,$299,$0,$299,$0,$110,$167,$132,$0,$132,$1,$131,$131,$56,$164,$132,$111,111,$0.51,$0.51,$2,$12,$0,$87,$2675,$1265,$185,$0,$4132,$4219,$135,$2273,$12,$2309,$2444,$1776,$0,$-1,$1775,$4219,$360,$88,$8,$96,$13,$-1,$0,$13,$30,$486,$-308,$0,$0,$0,$32,$32,$326,$50,$-258,$0,$-258,$171,$171,$-287,$-162,$-536,$0,$0,$-287
5,2017-06-30,46.26,$15.72,2.94,$9.58,4.83,$1.34,34.51,$2.43,19.04,$0.09B,$0.13B,0.71,$2.23B,$1.77B,1.26,$0.99B,$0.99B,100.00%,$0.99B,$0.45B,44.99%,$0.99B,$0.45B,44.99%,$0.99B,$0.55B,55.71%,$0.99B,$0.45B,44.99%,$0.99B,$0.26B,25.99%,$0.26B,$1.77B,15.52%,$0.26B,$1.59B,16.95%,$0.26B,$4.17B,6.73%,$0.45B,$4.00B,12.11%,$277,$0,$277,$0,$105,$157,$120,$0,$120,$1,$119,$119,$66,$148,$120,$109,109,$0.61,$0.61,$1,$12,$0,$94,$2670,$1212,$185,$2,$4074,$4168,$133,$2227,$12,$2264,$2397,$1772,$0,$-1,$1771,$4168,$229,$56,$-5,$51,$6,$-1,$-2,$10,$11,$291,$-188,$0,$0,$0,$17,$17,$325,$154,$-295,$0,$-295,$171,$171,$-183,$-139,$-446,$-1,$0,$-183
6,2017-03-31,47.54,$14.78,3.22,$9.45,5.03,$1.16,41.13,$2.33,20.4,$0.09B,$0.10B,0.85,$2.36B,$1.63B,1.45,$0.93B,$0.93B,100.00%,$0.93B,$0.43B,45.76%,$0.93B,$0.43B,45.76%,$0.93B,$0.53B,56.61%,$0.93B,$0.43B,45.76%,$0.93B,$0.24B,25.56%,$0.24B,$1.63B,15.37%,$0.24B,$1.44B,16.36%,$0.24B,$4.13B,6.85%,$0.43B,$3.99B,12.73%,$262,$0,$262,$0,$100,$152,$110,$0,$110,$0,$110,$110,$65,$138,$110,$107,107,$0.60,$0.60,$1,$12,$0,$88,$2669,$1176,$185,$2,$4037,$4125,$104,$2357,$11,$2393,$2497,$1629,$0,$-1,$1628,$4125,$110,$28,$-2,$26,$10,$-1,$-2,$6,$19,$155,$-62,$0,$0,$0,$8,$8,$321,$267,$-53,$0,$-53,$40,$40,$-88,$-199,$-300,$122,$0,$-88
7,2016-12-31,44.59,$14.32,3.11,$9.48,4.7,$0.46,97.1,$2.17,20.55,$0.10B,$0.11B,0.9,$2.40B,$1.57B,1.53,$0.87B,$0.87B,100.00%,$0.87B,$0.41B,46.96%,$0.87B,$0.41B,46.96%,$0.87B,$0.51B,57.96%,$0.87B,$0.41B,46.96%,$0.87B,$0.21B,23.94%,$0.21B,$1.57B,14.22%,$0.21B,$1.38B,14.70%,$0.21B,$4.11B,6.72%,$0.41B,$3.96B,13.65%,$228,$0,$228,$0,$78,$125,$103,$0,$103,$1,$102,$102,$69,$128,$103,$95,95,$0.68,$0.68,$2,$11,$0,$100,$2675,$1142,$185,$0,$4009,$4109,$111,$2396,$11,$2432,$2543,$1567,$0,$-1,$1566,$4109,$408,$96,$16,$112,$-58,$-2,$19,$8,$-28,$492,$-584,$0,$-990,$0,$16,$16,$0,$-1558,$1022,$0,$1022,$971,$971,$-378,$-597,$1018,$-48,$0,$-378
8,2016-09-30,44.02,$15.75,2.79,$12.52,3.52,$-5.45,0.0,$2.13,20.67,$0.07B,$0.11B,0.67,$1.09B,$1.66B,0.66,$1.09B,$1.09B,100.00%,$1.09B,$0.49B,44.88%,$1.09B,$0.49B,44.88%,$1.09B,$0.60B,55.48%,$1.09B,$0.49B,44.88%,$1.09B,$0.19B,17.51%,$0.19B,$1.66B,13.20%,$0.19B,$1.66B,13.64%,$0.19B,$2.88B,6.33%,$0.49B,$2.75B,16.86%,$222,$0,$222,$0,$75,$110,$112,$0,$112,$0,$112,$112,$57,$137,$112,$101,101,$0.57,$0.57,$19,$6,$0,$70,$1674,$1103,$3,$25,$2810,$2881,$105,$1091,$5,$1117,$1222,$1660,$0,$-1,$1658,$2881,$306,$71,$10,$81,$-15,$-1,$7,$3,$-16,$371,$-321,$0,$0,$0,$10,$10,$-24,$-335,$-258,$0,$-258,$972,$972,$-177,$-604,$-67,$-31,$0,$-177
9,2016-06-30,50.13,$13.54,3.7,$11.50,4.36,$-12.42,0.0,$2.06,24.33,$0.08B,$0.06B,1.36,$1.34B,$1.34B,1.0,$0.96B,$0.96B,100.00%,$0.96B,$0.43B,44.38%,$0.96B,$0.43B,44.38%,$0.96B,$0.52B,54.38%,$0.96B,$0.43B,44.38%,$0.96B,$0.17B,18.13%,$0.17B,$1.34B,15.69%,$0.17B,$1.34B,16.38%,$0.17B,$2.77B,6.57%,$0.43B,$2.69B,16.64%,$219,$0,$219,$0,$84,$118,$101,$0,$101,$1,$100,$100,$47,$124,$101,$91,91,$0.52,$0.52,$36,$6,$3,$84,$1673,$1008,$3,$1,$2689,$2773,$62,$1343,$5,$1368,$1430,$1344,$0,$-1,$1343,$2773,$194,$46,$11,$57,$-14,$-1,$7,$0,$-8,$243,$-174,$0,$0,$0,$7,$7,$0,$-167,$-56,$0,$-56,$669,$669,$-107,$-596,$-90,$-14,$0,$-107
10,2016-03-31,55.69,$15.53,3.58,$10.17,5.48,$-17.90,0.0,$2.05,27.17,$0.07B,$0.04B,1.5,$1.30B,$1.31B,0.99,$0.83B,$0.83B,100.00%,$0.83B,$0.37B,44.27%,$0.83B,$0.37B,44.27%,$0.83B,$0.45B,53.80%,$0.83B,$0.37B,44.27%,$0.83B,$0.16B,19.30%,$0.16B,$1.31B,18.72%,$0.16B,$1.31B,19.81%,$0.16B,$2.68B,6.89%,$0.37B,$2.62B,16.35%,$204,$0,$204,$0,$77,$110,$94,$0,$94,$0,$94,$94,$36,$117,$94,$83,83,$0.44,$0.44,$20,$5,$2,$65,$1642,$967,$3,$1,$2617,$2682,$43,$1303,$4,$1325,$1368,$463,$0,$-1,$1314,$2682,$94,$23,$7,$30,$-11,$-1,$7,$1,$-13,$111,$-97,$0,$0,$0,$3,$3,$0,$-94,$-8,$0,$-8,$0,$0,$-51,$12,$-47,$-30,$0,$-51
11,2015-12-31,54.19,$17.16,3.16,$8.60,6.3,$-19.77,0.0,$2.00,27.09,$0.09B,$0.13B,0.68,$2.06B,$1.44B,1.42,$0.70B,$0.70B,100.00%,$0.70B,$0.31B,44.03%,$0.70B,$0.31B,44.03%,$0.70B,$0.37B,52.81%,$0.70B,$0.31B,44.03%,$0.70B,$0.15B,22.01%,$0.15B,$1.44B,25.26%,$0.15B,$1.26B,27.39%,$0.15B,$3.66B,7.60%,$0.31B,$3.50B,15.74%,$440,$0,$440,$0,$205,$260,$180,$0,$180,$0,$180,$180,$50,$224,$180,$81,81,$0.62,$0.62,$50,$8,$2,$91,$2437,$945,$182,$1,$3571,$3662,$133,$2055,$15,$2085,$2218,$392,$0,$-2,$1444,$3662,$306,$61,$13,$74,$1,$-2,$-9,$2,$12,$392,$-948,$0,$-734,$0,$12,$12,$0,$-1670,$1282,$0,$1282,$384,$384,$-299,$-56,$1311,$33,$0,$-299
12,2015-09-30,43.18,$4.02,10.73,$8.48,5.09,$-17.84,0.0,$1.83,23.6,$0.11B,$0.03B,3.5,$1.10B,$0.34B,3.27,$0.65B,$0.65B,100.00%,$0.65B,$0.28B,43.81%,$0.65B,$0.28B,43.81%,$0.65B,$0.34B,51.86%,$0.65B,$0.28B,43.81%,$0.65B,$0.14B,21.05%,$0.14B,$0.34B,51.76%,$0.14B,$0.33B,52.66%,$0.14B,$1.47B,11.03%,$0.28B,$1.44B,23.68%,$97,$0,$97,$0,$31,$46,$51,$0,$51,$0,$51,$51,$41,$57,$51,$82,82,$0.50,$0.50,$73,$3,$3,$105,$489,$858,$3,$10,$1366,$1471,$30,$1100,$5,$1105,$1135,$338,$0,$-2,$336,$1471,$129,$17,$3,$20,$-4,$-2,$-9,$4,$-2,$147,$-677,$0,$-734,$0,$8,$8,$0,$-1403,$1171,$0,$1171,$396,$396,$-253,$14,$1328,$72,$0,$-253
13,2015-06-30,62.7,$3.88,16.15,$8.04,7.8,$-11.38,0.0,$1.70,36.88,$0.13B,$0.04B,3.29,$1.10B,$0.32B,3.39,$0.61B,$0.61B,100.00%,$0.61B,$0.26B,43.31%,$0.61B,$0.26B,43.31%,$0.61B,$0.31B,51.57%,$0.61B,$0.26B,43.31%,$0.61B,$0.12B,20.17%,$0.12B,$0.32B,54.95%,$0.12B,$0.32B,56.09%,$0.12B,$1.47B,12.79%,$0.26B,$1.42B,28.50%,$88,$0,$88,$0,$31,$46,$42,$0,$42,$-0,$42,$42,$33,$48,$42,$82,82,$0.40,$0.40,$104,$3,$3,$134,$481,$836,$3,$10,$1336,$1469,$41,$1100,$4,$1104,$1145,$326,$0,$-2,$324,$1469,$78,$11,$-3,$8,$-1,$-1,$-4,$2,$12,$98,$-484,$0,$-734,$0,$5,$5,$0,$-1214,$1023,$0,$1023,$396,$396,$-212,$5,$1213,$97,$0,$-212
14,2015-03-31,61.25,$3.81,16.06,$7.74,7.92,$-6.93,0.0,$1.61,38.04,$0.17B,$0.03B,5.44,$1.10B,$0.32B,3.45,$0.57B,$0.57B,100.00%,$0.57B,$0.25B,43.73%,$0.57B,$0.25B,43.73%,$0.57B,$0.30B,52.09%,$0.57B,$0.25B,43.73%,$0.57B,$0.12B,20.73%,$0.12B,$0.32B,65.12%,$0.12B,$0.32B,66.85%,$0.12B,$1.45B,17.71%,$0.25B,$1.42B,38.91%,$70,$0,$70,$0,$26,$37,$33,$0,$33,$0,$33,$33,$29,$38,$33,$78,78,$0.37,$0.37,$138,$2,$3,$170,$465,$801,$3,$10,$1284,$1454,$31,$1100,$4,$1104,$1135,$320,$0,$-2,$319,$1454,$33,$5,$-5,$0,$-5,$-0,$-3,$2,$-3,$30,$-162,$0,$-734,$0,$1,$1,$0,$-895,$700,$0,$700,$396,$396,$-175,$77,$998,$133,$0,$-175
15,2014-12-31,59.46,$0.94,63.06,$7.56,7.86,$-5.44,0.0,$1.47,40.45,$0.04B,$0.03B,1.07,$0.43B,$0.07B,5.95,$0.56B,$0.56B,100.00%,$0.56B,$0.25B,44.24%,$0.56B,$0.25B,44.24%,$0.56B,$0.29B,52.52%,$0.56B,$0.25B,44.24%,$0.56B,$0.11B,19.42%,$0.11B,$0.07B,76.19%,$0.11B,$0.06B,78.83%,$0.11B,$0.54B,27.59%,$0.25B,$0.50B,66.62%,$391,$0,$391,$0,$196,$233,$157,$0,$157,$0,$157,$157,$33,$192,$157,$73,73,$0.44,$0.44,$8,$2,$3,$36,$485,$0,$11,$1,$503,$540,$34,$430,$4,$434,$467,$72,$0,$0,$72,$540,$245,$46,$2,$48,$-14,$0,$12,$1,$3,$296,$-659,$0,$-166,$0,$0,$0,$0,$-825,$370,$0,$370,$0,$0,$-348,$99,$121,$-408,$0,$-348
16,2014-09-30,57.32,$2.29,25.0,$2.94,19.49,$-0.36,0.0,$1.27,45.13,$0.07B,$0.02B,4.62,$0.16B,$0.17B,0.93,$0.21B,$0.21B,100.00%,$0.21B,$0.11B,51.87%,$0.21B,$0.11B,51.87%,$0.21B,$0.13B,59.35%,$0.21B,$0.11B,51.87%,$0.21B,$0.09B,42.99%,$0.09B,$0.17B,29.70%,$0.09B,$0.17B,29.94%,$0.09B,$0.35B,20.43%,$0.11B,$0.33B,25.83%,$56,$0,$56,$0,$20,$25,$30,$0,$30,$0,$30,$30,$27,$34,$30,$74,74,$0.37,$0.37,$43,$2,$3,$67,$274,$0,$3,$0,$284,$351,$15,$160,$3,$163,$178,$173,$0,$0,$173,$351,$88,$12,$1,$13,$-7,$-0,$-3,$2,$-6,$95,$-96,$0,$-138,$0,$0,$0,$-7,$-242,$0,$0,$0,$0,$0,$-323,$88,$-235,$-382,$0,$-323
17,2014-06-30,64.58,$2.21,29.25,$2.91,22.21,$0.33,194.39,$1.07,60.35,$0.06B,$0.01B,4.35,$0.16B,$0.17B,0.96,$0.21B,$0.21B,100.00%,$0.21B,$0.11B,52.15%,$0.21B,$0.11B,52.15%,$0.21B,$0.12B,59.33%,$0.21B,$0.11B,52.15%,$0.21B,$0.08B,36.84%,$0.08B,$0.17B,18.85%,$0.08B,$0.16B,18.97%,$0.08B,$0.34B,15.18%,$0.11B,$0.33B,22.31%,$57,$0,$57,$0,$21,$26,$31,$0,$31,$0,$31,$31,$30,$35,$31,$74,74,$0.41,$0.41,$35,$2,$3,$58,$275,$0,$3,$0,$284,$343,$13,$160,$3,$163,$176,$167,$0,$0,$167,$343,$58,$8,$0,$8,$-7,$0,$-2,$1,$-7,$59,$-79,$0,$-138,$0,$0,$0,$6,$-211,$0,$0,$0,$0,$0,$-299,$61,$-239,$-391,$0,$-299
