,Date,Stock Price,Book Value per Share,Price to Book Ratio,TTM Sales per Share,Price to Sales Ratio,TTM FCF per Share,Price to FCF Ratio,TTM Net EPS,PE Ratio,Current Assets,Current Liabilities,Current Ratio,Long Term Debt,Shareholder's Equity_x,Debt to Equity Ratio,TTM Revenue_x,TTM Gross Profit,Gross Margin,TTM Revenue_y,TTM Operating Income,Operating Margin,TTM Revenue_x,TTM EBIT,EBIT Margin,TTM Revenue_y,TTM EBITDA,EBITDA Margin,TTM Revenue_x,TTM Pre-Tax Income,Pre-Tax Margin,TTM Revenue_y,TTM Net Income_x,Net Margin,TTM Net Income_y,Shareholder's Equity_y,Return on Equity,TTM Net Income_x,Tangible Equity,Return on Tangible Equity,TTM Net Income_y,Total Assets,Return on Assets,TTM Net Income,LT Investments & Debt,Return on Investment,revenue,cost-goods-sold,gross-profit,research-development-expenses,selling-general-administrative-expenses,operating-expenses,operating-income,total-non-operating-income-expense,pre-tax-income,total-provision-income-taxes,income-after-taxes,income-from-continuous-operations,net-income,ebitda,ebit,basic-shares-outstanding,shares-outstanding,eps-basic-net-earnings-per-share,eps-earnings-per-share-diluted,cash-on-hand,inventory,other-current-assets,total-current-assets,net-property-plant-equipment,long-term-investments,goodwill-intangible-assets-total,other-long-term-assets,total-long-term-assets,total-assets,total-current-liabilities,long-term-debt,other-non-current-liabilities,total-long-term-liabilities,total-liabilities,common-stock-net,retained-earnings-accumulated-deficit,comprehensive-income,total-share-holder-equity,total-liabilities-share-holders-equity,net-income-loss,total-depreciation-amortization-cash-flow,other-non-cash-items,total-non-cash-items,change-in-accounts-receivable,change-in-inventories,change-in-accounts-payable,change-in-assets-liabilities,total-change-in-assets-liabilities,cash-flow-from-operating-activities,net-change-in-property-plant-equipment,net-change-in-intangible-assets,net-acquisitions-divestitures,net-change-in-short-term-investments,net-change-in-long-term-investments,net-change-in-investments-total,investing-activities-other,cash-flow-from-investing-activities,net-long-term-debt,net-current-debt,debt-issuance-retirement-net-total,net-common-equity-issued-repurchased,net-total-equity-issued-repurchased,total-common-preferred-stock-dividends-paid,financial-activities-other,cash-flow-from-financial-activities,net-cash-flow,stock-based-compensation,common-stock-dividends-paid
0,2018-09-30,2.41,$1.06,2.27,$0.14,16.81,$-4.21,0.0,$-1.26,0.0,$0.05B,$0.01B,4.17,$0.00B,$0.04B,0.0,$0.01B,$0.01B,100.00%,$0.01B,$-0.06B,-1200.00%,$0.01B,$-0.06B,-1200.00%,$0.01B,$-0.06B,-1160.00%,$0.01B,$-0.06B,-1140.00%,$0.01B,$-0.06B,-1140.00%,$-0.06B,$0.04B,-101.79%,$-0.06B,$0.03B,-126.67%,$-0.06B,$0.06B,-75.00%,$-0.06B,$0.04B,-107.14%,$1,$0,$1,$16,$4,$20,$-19,$0,$-18,$0,$-18,$-18,$-18,$-18,$-19,$37,37,$-0.50,$-0.50,$46,$0,$0,$48,$1,$0,$14,$1,$16,$64,$12,$0,$13,$13,$25,$0,$-261,$-0,$39,$64,$-45,$1,$3,$5,$0,$0,$0,$-2,$1,$-40,$-0,$0,$0,$18,$0,$18,$0,$18,$0,$0,$0,$11,$11,$0,$-0,$11,$-11,$3,$0
1,2018-06-30,2.79,$1.54,1.81,$0.18,15.82,$-4.74,0.0,$-1.82,0.0,$0.06B,$0.01B,6.7,$0.00B,$0.06B,0.0,$0.01B,$0.01B,100.00%,$0.01B,$-0.06B,-916.67%,$0.01B,$-0.06B,-916.67%,$0.01B,$-0.05B,-900.00%,$0.01B,$-0.05B,-883.33%,$0.01B,$-0.05B,-883.33%,$-0.05B,$0.06B,-95.07%,$-0.05B,$0.04B,-109.84%,$-0.05B,$0.08B,-70.43%,$-0.06B,$0.06B,-98.65%,$1,$0,$1,$13,$4,$17,$-16,$0,$-15,$0,$-15,$-15,$-15,$-15,$-16,$36,36,$-0.43,$-0.43,$61,$0,$0,$63,$1,$0,$15,$1,$17,$79,$9,$0,$14,$14,$23,$0,$-242,$-0,$56,$79,$-27,$1,$2,$3,$0,$0,$-0,$-2,$-2,$-25,$-0,$0,$0,$4,$0,$4,$0,$4,$0,$0,$0,$11,$11,$0,$-0,$10,$-11,$2,$0
2,2018-03-31,4.75,$1.74,2.72,$0.20,23.9,$-5.15,0.0,$-2.07,0.0,$0.07B,$0.01B,8.09,$0.00B,$0.06B,0.0,$0.01B,$0.01B,100.00%,$0.01B,$-0.06B,-933.33%,$0.01B,$-0.06B,-933.33%,$0.01B,$-0.06B,-933.33%,$0.01B,$-0.06B,-916.67%,$0.01B,$-0.06B,-916.67%,$-0.06B,$0.06B,-100.92%,$-0.06B,$0.05B,-108.91%,$-0.06B,$0.08B,-77.46%,$-0.06B,$0.06B,-102.75%,$1,$0,$1,$8,$4,$12,$-11,$0,$-11,$0,$-11,$-11,$-11,$-11,$-11,$34,34,$-0.32,$-0.32,$64,$0,$2,$66,$0,$0,$15,$1,$17,$82,$8,$0,$14,$14,$22,$0,$-227,$-0,$60,$82,$-11,$1,$1,$2,$0,$0,$-1,$-1,$-3,$-12,$0,$0,$0,$1,$0,$1,$0,$1,$0,$0,$0,$0,$0,$0,$0,$0,$-11,$1,$0
3,2017-12-31,5.83,$2.00,2.92,$0.21,27.47,$-5.41,0.0,$-2.35,0.0,$0.08B,$0.01B,7.7,$0.00B,$0.07B,0.0,$0.01B,$0.01B,100.00%,$0.01B,$-0.06B,-1000.00%,$0.01B,$-0.06B,-1000.00%,$0.01B,$-0.06B,-1000.00%,$0.01B,$-0.06B,-983.33%,$0.01B,$-0.06B,-983.33%,$-0.06B,$0.07B,-104.89%,$-0.06B,$0.07B,-105.36%,$-0.06B,$0.08B,-85.20%,$-0.06B,$0.07B,-106.67%,$2,$0,$2,$12,$3,$15,$-14,$0,$-13,$0,$-13,$-13,$-13,$-14,$-14,$25,25,$-0.50,$-0.50,$75,$0,$0,$76,$0,$0,$0,$2,$3,$79,$10,$0,$0,$0,$10,$0,$-217,$-0,$69,$79,$-59,$0,$4,$4,$1,$0,$0,$1,$3,$-52,$-0,$0,$0,$22,$0,$22,$-2,$20,$0,$0,$0,$43,$43,$0,$-0,$43,$11,$3,$0
4,2017-09-30,2.1,$1.53,1.38,$0.36,5.76,$-5.59,0.0,$-2.22,0.0,$0.05B,$0.01B,4.21,$0.00B,$0.04B,0.0,$0.01B,$0.01B,100.00%,$0.01B,$-0.06B,-700.00%,$0.01B,$-0.06B,-700.00%,$0.01B,$-0.06B,-687.50%,$0.01B,$-0.06B,-687.50%,$0.01B,$-0.06B,-687.50%,$-0.06B,$0.04B,-92.83%,$-0.06B,$0.04B,-92.83%,$-0.06B,$0.06B,-76.12%,$-0.06B,$0.04B,-94.51%,$2,$0,$2,$13,$3,$16,$-14,$0,$-14,$0,$-14,$-14,$-14,$-14,$-14,$25,25,$-0.56,$-0.56,$44,$0,$0,$46,$13,$0,$0,$2,$14,$61,$11,$0,$11,$11,$22,$0,$-203,$-0,$38,$61,$-46,$1,$3,$4,$-0,$0,$1,$0,$2,$-41,$-0,$0,$0,$42,$0,$42,$0,$42,$0,$0,$0,$0,$0,$0,$0,$0,$1,$2,$0
5,2017-06-30,4.68,$2.04,2.29,$0.39,12.05,$-5.36,0.0,$-2.20,0.0,$0.06B,$0.01B,5.65,$0.00B,$0.05B,0.0,$0.01B,$0.01B,100.00%,$0.01B,$-0.05B,-662.50%,$0.01B,$-0.05B,-662.50%,$0.01B,$-0.05B,-650.00%,$0.01B,$-0.05B,-650.00%,$0.01B,$-0.05B,-650.00%,$-0.05B,$0.05B,-71.97%,$-0.05B,$0.05B,-71.97%,$-0.05B,$0.06B,-62.65%,$-0.05B,$0.05B,-73.36%,$1,$0,$1,$15,$3,$18,$-17,$0,$-17,$0,$-17,$-17,$-17,$-17,$-17,$25,25,$-0.68,$-0.68,$58,$0,$0,$61,$1,$0,$0,$0,$1,$62,$11,$0,$0,$0,$11,$0,$-190,$-0,$51,$62,$-32,$1,$2,$2,$-0,$0,$0,$-0,$2,$-28,$-0,$0,$0,$33,$0,$33,$0,$33,$0,$0,$0,$0,$0,$0,$0,$0,$5,$1,$0
6,2017-03-31,7.82,$2.68,2.92,$0.42,18.69,$-5.04,0.0,$-1.99,0.0,$0.08B,$0.01B,9.23,$0.00B,$0.07B,0.0,$0.01B,$0.01B,100.00%,$0.01B,$-0.05B,-562.50%,$0.01B,$-0.05B,-562.50%,$0.01B,$-0.04B,-550.00%,$0.01B,$-0.04B,-550.00%,$0.01B,$-0.04B,-550.00%,$-0.04B,$0.07B,-65.43%,$-0.04B,$0.07B,-65.43%,$-0.04B,$0.08B,-55.87%,$-0.05B,$0.07B,-66.91%,$1,$0,$1,$13,$3,$16,$-15,$0,$-15,$0,$-15,$-15,$-15,$-15,$-15,$25,25,$-0.60,$-0.60,$70,$0,$0,$75,$1,$0,$0,$0,$1,$75,$8,$0,$0,$0,$8,$0,$-173,$-0,$67,$75,$-15,$0,$1,$1,$-0,$0,$-1,$-0,$-1,$-15,$-0,$0,$0,$12,$0,$12,$0,$12,$0,$0,$0,$0,$0,$0,$0,$0,$-3,$0,$0
7,2016-12-31,12.26,$3.26,3.76,$0.49,25.27,$-5.21,0.0,$-2.26,0.0,$0.09B,$0.01B,10.31,$0.00B,$0.08B,0.0,$0.01B,$0.01B,100.00%,$0.01B,$-0.04B,-475.00%,$0.01B,$-0.04B,-475.00%,$0.01B,$-0.04B,-462.50%,$0.01B,$-0.04B,-462.50%,$0.01B,$-0.04B,-475.00%,$-0.04B,$0.08B,-62.81%,$-0.04B,$0.08B,-62.81%,$-0.04B,$0.09B,-52.05%,$-0.04B,$0.08B,-62.81%,$4,$0,$4,$10,$3,$14,$-10,$0,$-9,$0,$-9,$-9,$-9,$-9,$-10,$19,19,$-0.18,$-0.18,$86,$0,$0,$90,$1,$0,$0,$0,$1,$91,$9,$0,$0,$1,$10,$0,$-157,$-0,$81,$91,$-37,$0,$2,$2,$0,$0,$-0,$-9,$-7,$-42,$-0,$0,$0,$-67,$0,$-67,$0,$-67,$0,$0,$0,$117,$117,$0,$-3,$114,$5,$2,$0
