,Date,Stock Price,Book Value per Share,Price to Book Ratio,TTM Sales per Share,Price to Sales Ratio,TTM FCF per Share,Price to FCF Ratio,TTM Net EPS,PE Ratio,Current Assets,Current Liabilities,Current Ratio,Long Term Debt,Shareholder's Equity_x,Debt to Equity Ratio,TTM Revenue_x,TTM Gross Profit,Gross Margin,TTM Revenue_y,TTM Operating Income,Operating Margin,TTM Revenue_x,TTM EBIT,EBIT Margin,TTM Revenue_y,TTM EBITDA,EBITDA Margin,TTM Revenue_x,TTM Pre-Tax Income,Pre-Tax Margin,TTM Revenue_y,TTM Net Income_x,Net Margin,TTM Net Income_y,Shareholder's Equity_y,Return on Equity,TTM Net Income_x,Tangible Equity,Return on Tangible Equity,TTM Net Income_y,Total Assets,Return on Assets,TTM Net Income,LT Investments & Debt,Return on Investment,revenue,cost-goods-sold,gross-profit,research-development-expenses,selling-general-administrative-expenses,operating-expenses,operating-income,total-non-operating-income-expense,pre-tax-income,total-provision-income-taxes,income-after-taxes,income-from-continuous-operations,net-income,ebitda,ebit,basic-shares-outstanding,shares-outstanding,eps-basic-net-earnings-per-share,eps-earnings-per-share-diluted,cash-on-hand,inventory,other-current-assets,total-current-assets,net-property-plant-equipment,long-term-investments,goodwill-intangible-assets-total,other-long-term-assets,total-long-term-assets,total-assets,total-current-liabilities,long-term-debt,other-non-current-liabilities,total-long-term-liabilities,total-liabilities,common-stock-net,retained-earnings-accumulated-deficit,comprehensive-income,total-share-holder-equity,total-liabilities-share-holders-equity,net-income-loss,total-depreciation-amortization-cash-flow,other-non-cash-items,total-non-cash-items,change-in-accounts-receivable,change-in-inventories,change-in-accounts-payable,change-in-assets-liabilities,total-change-in-assets-liabilities,cash-flow-from-operating-activities,net-change-in-property-plant-equipment,net-change-in-intangible-assets,net-acquisitions-divestitures,net-change-in-short-term-investments,net-change-in-long-term-investments,net-change-in-investments-total,investing-activities-other,cash-flow-from-investing-activities,net-long-term-debt,net-current-debt,debt-issuance-retirement-net-total,net-common-equity-issued-repurchased,net-total-equity-issued-repurchased,total-common-preferred-stock-dividends-paid,financial-activities-other,cash-flow-from-financial-activities,net-cash-flow,stock-based-compensation,common-stock-dividends-paid
0,2018-09-30,26.63,$2.51,10.6,$0.54,49.2,$-11.91,0.0,$-5.38,0.0,$0.40B,$0.06B,6.61,$0.20B,$0.17B,1.21,$0.04B,$0.03B,82.86%,$0.04B,$-0.34B,-982.86%,$0.04B,$-0.34B,-982.86%,$0.04B,$-0.34B,-980.00%,$0.04B,$-0.35B,-1011.43%,$0.04B,$-0.35B,-1008.57%,$-0.35B,$0.17B,-134.99%,$-0.35B,$0.16B,-138.98%,$-0.35B,$0.45B,-69.56%,$-0.34B,$0.37B,-82.84%,$14,$4,$10,$40,$39,$83,$-69,$-2,$-71,$0,$-71,$-71,$-71,$-69,$-69,$66,66,$-1.08,$-1.08,$370,$6,$11,$404,$5,$11,$7,$21,$44,$448,$61,$202,$13,$220,$281,$0,$-1437,$-0,$167,$448,$-262,$1,$41,$42,$-1,$-13,$5,$-7,$-43,$-263,$-2,$0,$0,$-218,$338,$120,$0,$118,$95,$0,$95,$15,$15,$0,$-0,$109,$-35,$36,$0
1,2018-06-30,37.77,$3.34,11.32,$0.39,96.36,$-10.65,0.0,$-5.71,0.0,$0.48B,$0.07B,6.69,$0.20B,$0.22B,0.91,$0.03B,$0.02B,92.00%,$0.03B,$-0.36B,-1420.00%,$0.03B,$-0.36B,-1420.00%,$0.03B,$-0.35B,-1416.00%,$0.03B,$-0.37B,-1464.00%,$0.03B,$-0.37B,-1460.00%,$-0.37B,$0.22B,-111.71%,$-0.37B,$0.21B,-114.42%,$-0.37B,$0.51B,-65.94%,$-0.36B,$0.42B,-77.81%,$4,$1,$3,$66,$40,$108,$-104,$-2,$-106,$0,$-106,$-106,$-106,$-103,$-104,$66,66,$-1.61,$-1.61,$436,$7,$8,$479,$5,$21,$8,$0,$34,$513,$72,$200,$16,$221,$293,$0,$-1366,$-1,$220,$513,$-190,$0,$30,$30,$3,$-6,$-3,$-7,$-20,$-180,$-1,$0,$0,$-167,$237,$70,$0,$69,$95,$0,$95,$8,$8,$0,$-0,$103,$-9,$24,$0
2,2018-03-31,32.66,$4.71,6.93,$0.40,82.17,$-9.66,0.0,$-5.32,0.0,$0.44B,$0.06B,7.59,$0.11B,$0.31B,0.35,$0.03B,$0.02B,96.00%,$0.03B,$-0.32B,-1268.00%,$0.03B,$-0.32B,-1268.00%,$0.03B,$-0.32B,-1264.00%,$0.03B,$-0.33B,-1316.00%,$0.03B,$-0.33B,-1316.00%,$-0.33B,$0.31B,-109.67%,$-0.33B,$0.30B,-112.57%,$-0.33B,$0.50B,-65.57%,$-0.32B,$0.42B,-78.27%,$7,$0,$6,$60,$32,$92,$-85,$1,$-85,$0,$-85,$-85,$-84,$-85,$-85,$66,66,$-1.28,$-1.28,$409,$3,$8,$436,$5,$43,$8,$5,$60,$497,$58,$107,$16,$129,$186,$0,$-1260,$-1,$310,$497,$-85,$0,$14,$14,$5,$-2,$11,$-5,$-18,$-88,$-1,$0,$0,$-78,$148,$70,$0,$70,$0,$0,$0,$6,$6,$0,$-0,$6,$-13,$11,$0
3,2017-12-31,48.68,$5.35,9.09,$0.39,125.95,$-9.21,0.0,$-4.78,0.0,$0.48B,$0.08B,5.94,$0.11B,$0.35B,0.3,$0.02B,$0.02B,100.00%,$0.02B,$-0.27B,-1186.96%,$0.02B,$-0.27B,-1186.96%,$0.02B,$-0.27B,-1178.26%,$0.02B,$-0.29B,-1243.48%,$0.02B,$-0.29B,-1247.83%,$-0.29B,$0.35B,-108.92%,$-0.29B,$0.34B,-111.67%,$-0.29B,$0.57B,-62.02%,$-0.27B,$0.45B,-74.59%,$10,$0,$10,$68,$27,$96,$-86,$-6,$-92,$0,$-92,$-92,$-92,$-86,$-86,$60,60,$-1.44,$-1.44,$463,$1,$1,$478,$5,$71,$8,$10,$94,$572,$81,$105,$18,$142,$222,$0,$-1205,$-0,$349,$572,$-286,$2,$60,$62,$-4,$-1,$-5,$-21,$-1,$-225,$-1,$-5,$0,$-576,$353,$-223,$0,$-229,$48,$0,$48,$400,$400,$0,$-1,$447,$-7,$43,$0
4,2017-09-30,54.03,$6.57,8.23,$0.46,116.39,$-8.92,0.0,$-4.32,0.0,$0.58B,$0.07B,8.31,$0.11B,$0.43B,0.25,$0.03B,$0.03B,100.00%,$0.03B,$-0.24B,-896.30%,$0.03B,$-0.24B,-896.30%,$0.03B,$-0.24B,-888.89%,$0.03B,$-0.25B,-922.22%,$0.03B,$-0.25B,-922.22%,$-0.25B,$0.43B,-110.91%,$-0.25B,$0.42B,-113.70%,$-0.25B,$0.63B,-61.41%,$-0.24B,$0.53B,-77.25%,$4,$0,$4,$55,$29,$84,$-80,$-2,$-83,$0,$-83,$-83,$-83,$-80,$-80,$59,59,$-1.41,$-1.41,$569,$0,$2,$580,$6,$29,$8,$10,$52,$632,$70,$105,$11,$134,$203,$0,$-1113,$-0,$428,$632,$-194,$2,$41,$43,$0,$0,$3,$-18,$-9,$-159,$-2,$-5,$0,$-374,$250,$-124,$0,$-130,$48,$0,$48,$398,$398,$0,$-1,$445,$156,$32,$0
5,2017-06-30,56.17,$1.97,28.53,$0.56,99.55,$-9.46,0.0,$-4.55,0.0,$0.29B,$0.06B,4.95,$0.10B,$0.11B,0.9,$0.03B,$0.03B,100.00%,$0.03B,$-0.25B,-790.63%,$0.03B,$-0.25B,-790.63%,$0.03B,$-0.25B,-784.38%,$0.03B,$-0.26B,-803.13%,$0.03B,$-0.26B,-809.38%,$-0.26B,$0.11B,-145.71%,$-0.26B,$0.11B,-149.28%,$-0.26B,$0.31B,-79.20%,$-0.25B,$0.22B,-105.31%,$4,$0,$4,$49,$20,$70,$-66,$-4,$-69,$0,$-69,$-69,$-70,$-65,$-66,$57,57,$-1.22,$-1.22,$270,$0,$3,$286,$6,$0,$8,$6,$20,$306,$58,$102,$11,$135,$192,$0,$-1030,$-0,$113,$306,$-111,$1,$28,$29,$0,$0,$-3,$-16,$-19,$-101,$-0,$-5,$0,$-186,$171,$-16,$0,$-21,$48,$0,$48,$10,$10,$0,$-1,$57,$-65,$22,$0
6,2017-03-31,39.19,$2.87,13.65,$0.57,68.41,$-9.59,0.0,$-4.35,0.0,$0.33B,$0.05B,6.81,$0.10B,$0.16B,0.6,$0.03B,$0.03B,100.00%,$0.03B,$-0.25B,-765.63%,$0.03B,$-0.25B,-765.63%,$0.03B,$-0.24B,-759.38%,$0.03B,$-0.25B,-765.63%,$0.03B,$-0.25B,-768.75%,$-0.25B,$0.16B,-106.72%,$-0.25B,$0.16B,-108.13%,$-0.25B,$0.34B,-69.84%,$-0.25B,$0.26B,-91.59%,$5,$0,$5,$31,$15,$46,$-41,$-1,$-42,$0,$-42,$-42,$-42,$-40,$-41,$57,57,$-0.74,$-0.74,$318,$0,$6,$328,$6,$0,$3,$4,$13,$341,$48,$98,$11,$129,$177,$0,$-960,$-0,$164,$341,$-42,$1,$11,$11,$0,$0,$-5,$-4,$-21,$-52,$-0,$0,$0,$-148,$95,$-52,$0,$-53,$48,$0,$48,$4,$4,$0,$-1,$51,$-53,$9,$0
7,2016-12-31,22.44,$3.41,6.58,$0.63,35.68,$-9.38,0.0,$-4.76,0.0,$0.33B,$0.07B,5.01,$0.05B,$0.19B,0.26,$0.04B,$0.04B,100.00%,$0.04B,$-0.27B,-768.57%,$0.04B,$-0.27B,-768.57%,$0.04B,$-0.27B,-762.86%,$0.04B,$-0.27B,-765.71%,$0.04B,$-0.27B,-768.57%,$-0.27B,$0.19B,-95.05%,$-0.27B,$0.19B,-96.16%,$-0.27B,$0.34B,-70.23%,$-0.27B,$0.24B,-91.03%,$14,$0,$14,$56,$13,$69,$-55,$0,$-55,$0,$-55,$-55,$-54,$-55,$-55,$56,56,$-0.95,$-0.95,$319,$0,$7,$329,$6,$0,$3,$5,$15,$343,$66,$50,$10,$85,$151,$0,$-918,$-0,$193,$343,$-268,$3,$30,$33,$1,$0,$4,$35,$38,$-196,$-2,$0,$0,$-252,$395,$142,$0,$141,$50,$0,$50,$2,$2,$0,$6,$58,$2,$30,$0
8,2016-09-30,22.71,$4.27,5.32,$0.47,48.18,$-9.95,0.0,$-5.04,0.0,$0.30B,$0.05B,6.36,$0.00B,$0.24B,0.0,$0.03B,$0.03B,100.00%,$0.03B,$-0.28B,-1120.00%,$0.03B,$-0.28B,-1120.00%,$0.03B,$-0.28B,-1108.00%,$0.03B,$-0.28B,-1116.00%,$0.03B,$-0.28B,-1124.00%,$-0.28B,$0.24B,-82.10%,$-0.28B,$0.24B,-82.89%,$-0.28B,$0.32B,-66.43%,$-0.28B,$0.24B,-81.81%,$9,$0,$9,$87,$14,$101,$-91,$0,$-91,$0,$-91,$-91,$-93,$-91,$-91,$57,57,$-1.64,$-1.64,$277,$0,$16,$302,$6,$0,$3,$6,$16,$318,$47,$0,$2,$29,$76,$0,$-865,$0,$241,$318,$-213,$2,$22,$25,$-4,$0,$-1,$22,$5,$-183,$-2,$0,$0,$-198,$295,$97,$-2,$94,$0,$0,$0,$2,$2,$0,$-0,$1,$-88,$22,$0
9,2016-06-30,23.6,$5.74,4.11,$0.36,65.24,$-9.59,0.0,$-4.45,0.0,$0.38B,$0.05B,7.6,$0.00B,$0.32B,0.0,$0.02B,$0.02B,100.00%,$0.02B,$-0.25B,-1289.47%,$0.02B,$-0.25B,-1289.47%,$0.02B,$-0.24B,-1268.42%,$0.02B,$-0.24B,-1278.95%,$0.02B,$-0.24B,-1278.95%,$-0.24B,$0.32B,-66.99%,$-0.24B,$0.32B,-67.45%,$-0.24B,$0.41B,-54.95%,$-0.25B,$0.32B,-67.54%,$4,$0,$4,$45,$17,$62,$-58,$0,$-57,$0,$-57,$-57,$-57,$-57,$-58,$56,56,$-1.02,$-1.02,$354,$0,$5,$381,$7,$0,$3,$16,$26,$407,$50,$0,$2,$33,$84,$0,$-772,$0,$324,$407,$-122,$2,$15,$16,$0,$0,$-5,$10,$1,$-105,$-2,$0,$0,$-155,$214,$59,$0,$57,$0,$0,$0,$1,$1,$0,$-0,$1,$-47,$15,$0
10,2016-03-31,20.4,$6.61,3.08,$0.33,61.36,$-9.58,0.0,$-4.55,0.0,$0.44B,$0.05B,8.32,$0.00B,$0.37B,0.0,$0.02B,$0.02B,100.00%,$0.02B,$-0.25B,-1447.06%,$0.02B,$-0.25B,-1447.06%,$0.02B,$-0.24B,-1423.53%,$0.02B,$-0.24B,-1435.29%,$0.02B,$-0.24B,-1435.29%,$-0.24B,$0.37B,-65.28%,$-0.24B,$0.37B,-65.59%,$-0.24B,$0.46B,-54.10%,$-0.25B,$0.37B,-65.82%,$8,$0,$8,$59,$15,$74,$-65,$0,$-65,$0,$-65,$-65,$-65,$-64,$-65,$56,56,$-1.15,$-1.15,$421,$0,$11,$443,$7,$0,$3,$11,$21,$464,$53,$0,$3,$37,$90,$0,$-714,$0,$374,$464,$-65,$1,$7,$8,$0,$0,$3,$25,$19,$-38,$-1,$0,$0,$-53,$116,$63,$0,$62,$0,$0,$0,$1,$1,$0,$-0,$1,$24,$7,$0
11,2015-12-31,51.45,$7.64,6.74,$0.23,220.18,$-9.85,0.0,$-4.35,0.0,$0.47B,$0.05B,9.1,$0.00B,$0.43B,0.0,$0.01B,$0.01B,100.00%,$0.01B,$-0.23B,-2072.73%,$0.01B,$-0.23B,-2072.73%,$0.01B,$-0.22B,-2027.27%,$0.01B,$-0.23B,-2054.55%,$0.01B,$-0.23B,-2054.55%,$-0.23B,$0.43B,-58.70%,$-0.23B,$0.43B,-58.82%,$-0.23B,$0.50B,-49.51%,$-0.23B,$0.43B,-59.22%,$4,$0,$4,$60,$11,$71,$-66,$-0,$-66,$0,$-66,$-66,$-66,$-65,$-66,$52,52,$-1.24,$-1.24,$445,$0,$17,$466,$6,$16,$3,$12,$37,$503,$51,$0,$3,$21,$73,$0,$-649,$-0,$430,$503,$-227,$4,$22,$27,$-1,$0,$-4,$-18,$-8,$-207,$-5,$0,$0,$-266,$324,$58,$-0,$53,$0,$0,$0,$284,$284,$0,$-1,$283,$129,$23,$0
12,2015-09-30,42.6,$6.13,6.95,$0.20,207.96,$-8.16,0.0,$-3.94,0.0,$0.38B,$0.05B,7.66,$0.00B,$0.32B,0.0,$0.01B,$0.01B,100.00%,$0.01B,$-0.20B,-2233.33%,$0.01B,$-0.20B,-2233.33%,$0.01B,$-0.20B,-2177.78%,$0.01B,$-0.20B,-2211.11%,$0.01B,$-0.20B,-2211.11%,$-0.20B,$0.32B,-54.60%,$-0.20B,$0.32B,-54.60%,$-0.20B,$0.40B,-45.77%,$-0.20B,$0.32B,-55.14%,$3,$0,$3,$48,$10,$58,$-56,$0,$-55,$0,$-55,$-55,$-55,$-55,$-56,$53,53,$-1.05,$-1.05,$356,$0,$0,$376,$5,$0,$0,$13,$18,$395,$49,$0,$2,$23,$72,$0,$-583,$0,$323,$395,$-160,$3,$16,$20,$0,$0,$-5,$-18,$-9,$-150,$-3,$0,$0,$-187,$241,$54,$0,$51,$0,$0,$0,$120,$120,$0,$-0,$119,$20,$16,$0
13,2015-06-30,45.55,$7.02,6.48,$0.21,218.9,$-6.64,0.0,$-3.75,0.0,$0.42B,$0.05B,8.5,$0.00B,$0.37B,0.0,$0.01B,$0.01B,100.00%,$0.01B,$-0.18B,-2262.50%,$0.01B,$-0.18B,-2262.50%,$0.01B,$-0.18B,-2200.00%,$0.01B,$-0.18B,-2250.00%,$0.01B,$-0.18B,-2250.00%,$-0.18B,$0.37B,-53.57%,$-0.18B,$0.37B,-53.57%,$-0.18B,$0.44B,-44.33%,$-0.18B,$0.37B,-53.87%,$2,$0,$2,$52,$9,$61,$-59,$0,$-58,$0,$-58,$-58,$-58,$-58,$-59,$52,52,$-1.12,$-1.12,$402,$0,$0,$417,$5,$6,$0,$14,$25,$442,$49,$0,$2,$25,$74,$0,$-528,$-0,$368,$442,$-105,$2,$10,$12,$0,$0,$-1,$-12,$-3,$-96,$-3,$0,$0,$-168,$162,$-6,$0,$-8,$0,$0,$0,$116,$116,$0,$-0,$115,$11,$10,$0
14,2015-03-31,37.96,$8.05,4.71,$0.22,171.82,$-5.58,0.0,$-3.39,0.0,$0.40B,$0.04B,9.89,$0.00B,$0.42B,0.0,$0.01B,$0.01B,100.00%,$0.01B,$-0.15B,-1925.00%,$0.01B,$-0.15B,-1925.00%,$0.01B,$-0.15B,-1850.00%,$0.01B,$-0.15B,-1912.50%,$0.01B,$-0.15B,-1912.50%,$-0.15B,$0.42B,-50.25%,$-0.15B,$0.42B,-50.25%,$-0.15B,$0.49B,-41.46%,$-0.15B,$0.42B,-50.57%,$2,$0,$2,$40,$9,$49,$-47,$-0,$-47,$0,$-47,$-47,$-47,$-45,$-47,$50,50,$-0.95,$-0.95,$391,$0,$0,$403,$3,$65,$0,$15,$83,$486,$41,$0,$2,$27,$67,$0,$-470,$-0,$419,$486,$-47,$1,$5,$6,$0,$0,$-9,$-7,$-7,$-47,$-1,$0,$0,$-91,$101,$10,$0,$9,$0,$0,$0,$113,$113,$0,$0,$113,$75,$5,$0
15,2014-12-31,28.32,$7.13,3.97,$0.23,122.52,$-4.94,0.0,$-3.19,0.0,$0.32B,$0.04B,7.66,$0.00B,$0.35B,0.0,$0.01B,$0.01B,100.00%,$0.01B,$-0.14B,-1725.00%,$0.01B,$-0.14B,-1725.00%,$0.01B,$-0.13B,-1662.50%,$0.01B,$-0.14B,-1712.50%,$0.01B,$-0.14B,-1712.50%,$-0.14B,$0.35B,-51.31%,$-0.14B,$0.35B,-51.31%,$-0.14B,$0.42B,-41.83%,$-0.14B,$0.35B,-51.69%,$2,$0,$2,$35,$7,$42,$-39,$0,$-39,$0,$-39,$-39,$-39,$-38,$-39,$43,43,$-0.82,$-0.82,$309,$0,$2,$315,$3,$83,$0,$16,$101,$416,$41,$0,$1,$28,$69,$0,$-423,$-0,$348,$416,$-137,$5,$9,$15,$0,$0,$11,$14,$22,$-101,$-2,$0,$0,$-330,$192,$-138,$0,$-139,$0,$0,$0,$180,$180,$0,$-1,$180,$-60,$9,$0
16,2014-09-30,25.28,$5.04,5.01,$0.27,95.38,$-5.39,0.0,$-3.00,0.0,$0.23B,$0.04B,5.72,$0.00B,$0.21B,0.0,$0.01B,$0.01B,100.00%,$0.01B,$-0.12B,-1550.00%,$0.01B,$-0.12B,-1550.00%,$0.01B,$-0.12B,-1487.50%,$0.01B,$-0.12B,-1537.50%,$0.01B,$-0.12B,-1537.50%,$-0.12B,$0.21B,-48.43%,$-0.12B,$0.21B,-48.43%,$-0.12B,$0.28B,-40.33%,$-0.12B,$0.21B,-48.82%,$2,$0,$2,$32,$6,$38,$-36,$-0,$-36,$0,$-36,$-36,$-36,$-35,$-36,$41,41,$-0.86,$-0.86,$225,$0,$0,$230,$3,$37,$0,$10,$50,$280,$40,$0,$1,$30,$70,$0,$-384,$-0,$209,$280,$-98,$4,$7,$11,$0,$0,$9,$23,$30,$-57,$-1,$0,$0,$-156,$146,$-10,$0,$-12,$0,$0,$0,$4,$4,$0,$-0,$4,$-65,$7,$0
17,2014-06-30,29.18,$5.84,4.99,$0.29,102.38,$-5.22,0.0,$-2.67,0.0,$0.23B,$0.04B,6.6,$0.00B,$0.24B,0.0,$0.01B,$0.01B,100.00%,$0.01B,$-0.11B,-1188.89%,$0.01B,$-0.11B,-1188.89%,$0.01B,$-0.10B,-1133.33%,$0.01B,$-0.11B,-1177.78%,$0.01B,$-0.11B,-1177.78%,$-0.11B,$0.24B,-42.19%,$-0.11B,$0.24B,-42.19%,$-0.11B,$0.29B,-36.39%,$-0.11B,$0.24B,-42.59%,$2,$0,$2,$29,$5,$34,$-32,$0,$-31,$0,$-31,$-31,$-31,$-30,$-32,$41,41,$-0.76,$-0.76,$228,$0,$0,$233,$3,$58,$0,$0,$61,$294,$35,$0,$1,$17,$52,$0,$-348,$0,$242,$294,$-62,$3,$5,$7,$0,$0,$3,$17,$22,$-33,$-1,$0,$0,$-140,$111,$-29,$0,$-30,$0,$0,$0,$3,$3,$0,$0,$3,$-61,$5,$0
18,2014-03-31,25.9,$6.55,3.96,$0.40,64.17,$-6.41,0.0,$-3.38,0.0,$0.27B,$0.03B,8.33,$0.00B,$0.27B,0.0,$0.01B,$0.01B,100.00%,$0.01B,$-0.10B,-970.00%,$0.01B,$-0.10B,-970.00%,$0.01B,$-0.09B,-930.00%,$0.01B,$-0.10B,-970.00%,$0.01B,$-0.10B,-970.00%,$-0.10B,$0.27B,-39.67%,$-0.10B,$0.27B,-39.67%,$-0.10B,$0.32B,-34.77%,$-0.10B,$0.27B,-39.67%,$2,$0,$2,$28,$5,$33,$-31,$0,$-31,$0,$-31,$-31,$-31,$-30,$-31,$41,41,$-0.75,$-0.75,$261,$0,$0,$273,$3,$44,$0,$0,$47,$320,$33,$0,$1,$18,$51,$0,$-316,$0,$269,$320,$-31,$1,$2,$4,$0,$0,$4,$13,$14,$-13,$-0,$0,$0,$-74,$31,$-42,$0,$-43,$0,$0,$0,$1,$1,$0,$0,$1,$-55,$2,$0
