,Date,Stock Price,Book Value per Share,Price to Book Ratio,TTM Sales per Share,Price to Sales Ratio,TTM FCF per Share,Price to FCF Ratio,TTM Net EPS,PE Ratio,Current Assets,Current Liabilities,Current Ratio,Long Term Debt,Shareholder's Equity_x,Debt to Equity Ratio,TTM Revenue_x,TTM Gross Profit,Gross Margin,TTM Revenue_y,TTM Operating Income,Operating Margin,TTM Revenue_x,TTM EBIT,EBIT Margin,TTM Revenue_y,TTM EBITDA,EBITDA Margin,TTM Revenue_x,TTM Pre-Tax Income,Pre-Tax Margin,TTM Revenue_y,TTM Net Income_x,Net Margin,TTM Net Income_y,Shareholder's Equity_y,Return on Equity,TTM Net Income_x,Tangible Equity,Return on Tangible Equity,TTM Net Income_y,Total Assets,Return on Assets,TTM Net Income,LT Investments & Debt,Return on Investment,revenue,cost-goods-sold,gross-profit,research-development-expenses,selling-general-administrative-expenses,operating-expenses,operating-income,total-non-operating-income-expense,pre-tax-income,total-provision-income-taxes,income-after-taxes,income-from-continuous-operations,net-income,ebitda,ebit,basic-shares-outstanding,shares-outstanding,eps-basic-net-earnings-per-share,eps-earnings-per-share-diluted,cash-on-hand,inventory,other-current-assets,total-current-assets,net-property-plant-equipment,long-term-investments,goodwill-intangible-assets-total,other-long-term-assets,total-long-term-assets,total-assets,total-current-liabilities,long-term-debt,other-non-current-liabilities,total-long-term-liabilities,total-liabilities,common-stock-net,retained-earnings-accumulated-deficit,comprehensive-income,total-share-holder-equity,total-liabilities-share-holders-equity,net-income-loss,total-depreciation-amortization-cash-flow,other-non-cash-items,total-non-cash-items,change-in-accounts-receivable,change-in-inventories,change-in-accounts-payable,change-in-assets-liabilities,total-change-in-assets-liabilities,cash-flow-from-operating-activities,net-change-in-property-plant-equipment,net-change-in-intangible-assets,net-acquisitions-divestitures,net-change-in-short-term-investments,net-change-in-long-term-investments,net-change-in-investments-total,investing-activities-other,cash-flow-from-investing-activities,net-long-term-debt,net-current-debt,debt-issuance-retirement-net-total,net-common-equity-issued-repurchased,net-total-equity-issued-repurchased,total-common-preferred-stock-dividends-paid,financial-activities-other,cash-flow-from-financial-activities,net-cash-flow,stock-based-compensation,common-stock-dividends-paid
0,2018-09-30,81.44,$0.00,0.0,$182.97,0.45,$23.27,3.5,$1.83,44.5,$78.63B,$91.70B,0.86,$27.81B,$208.04B,0.13,$317.61B,$102.05B,32.13%,$317.61B,$17.82B,5.61%,$317.61B,$17.82B,5.61%,$317.61B,$34.38B,10.82%,$317.61B,$13.94B,4.39%,$317.61B,$6.22B,1.96%,$6.22B,$208.04B,2.98%,$6.22B,$191.04B,3.22%,$6.22B,$365.08B,1.71%,$17.82B,$235.85B,7.14%,$88363,$67041,$21322,$432,$5089,$80344,$8019,$-1986,$6039,$2220,$3820,$3820,$3092,$8019,$8019,$1819,1819,$1.69,$1.69,$27115,$26012,$0,$78631,$243793,$16867,$17005,$5721,$286452,$365083,$91703,$27807,$35890,$65339,$157041,$26904,$18917,$0,$208042,$365083,$9309,$24466,$9515,$33981,$-7989,$-4762,$0,$1713,$-5520,$37770,$-21730,$-711,$-458,$-93,$20,$-72,$372,$-22600,$-54920,$49196,$-5724,$0,$0,$-2231,$-3027,$-10981,$4657,$0,$-2231
1,2018-03-31,68.93,$0.00,0.0,$185.82,0.37,$24.07,2.86,$1.98,34.81,$70.67B,$86.58B,0.82,$47.08B,$218.90B,0.22,$290.95B,$104.55B,35.93%,$290.95B,$11.45B,3.93%,$290.95B,$11.45B,3.93%,$290.95B,$28.00B,9.62%,$290.95B,$8.93B,3.07%,$290.95B,$3.31B,1.14%,$3.31B,$218.90B,1.59%,$3.31B,$204.34B,1.71%,$3.31B,$377.14B,0.91%,$11.45B,$265.98B,4.47%,$85359,$56555,$28804,$975,$7360,$80949,$4411,$-589,$3821,$1428,$2393,$2393,$1597,$12509,$4411,$1692,1692,$0.94,$0.94,$19886,$22920,$0,$70672,$262689,$13642,$14565,$11653,$306470,$377141,$86576,$47076,$22892,$71666,$158242,$28789,$113639,$0,$218899,$377141,$2393,$8098,$868,$8966,$-4801,$-165,$0,$129,$-1637,$9721,$-8982,$-186,$0,$1478,$-11,$1467,$12,$-7690,$-12890,$12615,$-275,$0,$0,$0,$-991,$-1266,$439,$0,$0
2,2017-09-30,63.37,$0.00,0.0,$166.67,0.38,$24.57,2.58,$-0.18,0.0,$72.01B,$91.50B,0.79,$44.96B,$206.80B,0.22,$259.54B,$98.36B,37.90%,$259.54B,$6.63B,2.55%,$259.54B,$6.63B,2.55%,$259.54B,$23.06B,8.88%,$259.54B,$3.85B,1.48%,$259.54B,$-0.40B,-0.15%,$-0.40B,$206.80B,-0.19%,$-0.40B,$191.37B,-0.21%,$-0.40B,$366.63B,-0.11%,$6.63B,$251.76B,2.58%,$72221,$46050,$26171,$1042,$7292,$69691,$2530,$-639,$1891,$552,$1339,$1339,$703,$2530,$2530,$1562,1562,$0.45,$0.45,$25403,$20395,$0,$72013,$252100,$12755,$15437,$10712,$294614,$366627,$91498,$44959,$21704,$68326,$159824,$27435,$106267,$0,$206803,$366627,$4481,$24760,$3570,$28330,$-5553,$1578,$0,$0,$3809,$36620,$-18639,$-187,$0,$-582,$-195,$-777,$164,$-19440,$-4575,$2609,$-1966,$0,$0,$-1115,$-3647,$-6728,$10076,$0,$-1115
3,2017-03-31,70.63,$0.00,0.0,$159.94,0.44,$17.85,3.96,$-0.15,0.0,$59.81B,$80.96B,0.74,$42.74B,$201.26B,0.21,$255.67B,$98.05B,38.35%,$255.67B,$6.69B,2.62%,$255.67B,$6.69B,2.62%,$255.67B,$23.12B,9.04%,$255.67B,$3.46B,1.35%,$255.67B,$-0.27B,-0.11%,$-0.27B,$201.26B,-0.13%,$-0.27B,$186.47B,-0.14%,$-0.27B,$347.01B,-0.07%,$6.69B,$244.00B,2.55%,$71665,$45912,$25752,$664,$6678,$68807,$2858,$-669,$2189,$647,$1542,$1542,$828,$11319,$2858,$1900,1900,$0.44,$0.44,$14671,$21469,$0,$59806,$246932,$12039,$14792,$10326,$287201,$347006,$80955,$42739,$20270,$64791,$145746,$26575,$104094,$0,$201260,$347006,$1542,$8461,$989,$9450,$-3909,$-169,$0,$0,$-394,$10598,$-5844,$-125,$0,$-586,$-99,$-685,$79,$-6575,$-5785,$2492,$-3293,$0,$0,$0,$-921,$-4214,$-234,$0,$0
4,2016-09-30,64.41,$0.00,0.0,$154.85,0.42,$13.41,4.8,$-0.10,0.0,$62.27B,$76.35B,0.82,$57.59B,$204.65B,0.28,$250.89B,$98.96B,39.44%,$250.89B,$6.09B,2.43%,$250.89B,$6.09B,2.43%,$250.89B,$21.70B,8.65%,$250.89B,$2.90B,1.16%,$250.89B,$-0.10B,-0.04%,$-0.10B,$204.65B,-0.05%,$-0.10B,$189.68B,-0.05%,$-0.10B,$360.86B,-0.03%,$6.09B,$262.24B,2.26%,$61706,$37881,$23825,$1017,$6902,$60059,$1646,$-621,$1026,$442,$583,$583,$180,$1646,$1646,$1200,1200,$0.15,$0.15,$18123,$19768,$0,$62265,$257961,$12641,$14972,$10480,$298590,$360856,$76351,$57591,$20454,$79856,$156208,$27453,$105755,$0,$204648,$360856,$3119,$23484,$130,$23614,$-2861,$-737,$0,$0,$1904,$28638,$-17096,$-434,$0,$7,$-294,$-287,$1619,$-16198,$-7041,$4508,$-2533,$0,$0,$-697,$-2334,$-5565,$7076,$0,$-697
5,2016-03-31,63.26,$0.00,0.0,$155.83,0.41,$10.08,6.28,$2.20,28.76,$57.80B,$74.73B,0.77,$64.96B,$204.28B,0.32,$286.72B,$107.68B,37.56%,$286.72B,$11.34B,3.96%,$286.72B,$11.34B,3.96%,$286.72B,$26.95B,9.40%,$286.72B,$8.47B,2.95%,$286.72B,$4.26B,1.49%,$4.26B,$204.28B,2.02%,$4.26B,$189.18B,2.14%,$4.26B,$365.92B,1.12%,$11.34B,$269.24B,4.17%,$53948,$31341,$22607,$678,$7133,$54356,$-409,$-852,$-1261,$412,$-1673,$-1673,$-2108,$7565,$-409,$1723,1723,$-1.22,$-1.22,$15359,$18224,$0,$57800,$268020,$11645,$15095,$10749,$308124,$365924,$74727,$64957,$20163,$86919,$161646,$27984,$106720,$0,$204278,$365924,$-1673,$7974,$1231,$9205,$-1295,$1177,$0,$0,$1800,$9332,$-7716,$-150,$0,$12,$-68,$-56,$58,$-7865,$-1089,$4559,$3470,$0,$0,$0,$-831,$2639,$4103,$0,$0
6,2015-09-30,66.51,$0.00,0.0,$172.50,0.39,$4.23,15.72,$6.52,10.2,$65.53B,$84.93B,0.77,$62.53B,$209.65B,0.3,$319.26B,$118.29B,37.05%,$319.26B,$20.28B,6.35%,$319.26B,$20.28B,6.35%,$319.26B,$34.77B,10.89%,$319.26B,$17.45B,5.47%,$319.26B,$11.97B,3.75%,$11.97B,$209.65B,5.62%,$11.97B,$198.97B,5.92%,$11.97B,$379.35B,3.09%,$20.28B,$272.18B,7.47%,$68354,$42486,$25868,$738,$7278,$65763,$2591,$-1084,$1507,$340,$1167,$1167,$831,$2591,$2591,$1731,1731,$0.48,$0.48,$15474,$22512,$0,$65532,$271705,$18302,$10679,$10812,$313821,$379354,$84931,$62533,$20145,$84776,$169707,$29265,$113352,$0,$209646,$379354,$5739,$21994,$4563,$26557,$-3180,$4009,$0,$0,$-421,$31875,$-23588,$-217,$55,$640,$-190,$450,$1031,$-22269,$3226,$-1262,$1965,$0,$0,$-4390,$-3594,$-6019,$3464,$0,$-4390
7,2015-03-31,103.3,$0.00,0.0,$183.75,0.56,$3.15,32.75,$8.65,11.94,$66.05B,$90.48B,0.73,$61.43B,$215.51B,0.29,$345.31B,$124.70B,36.11%,$345.31B,$24.82B,7.19%,$345.31B,$24.82B,7.19%,$345.31B,$39.31B,11.38%,$345.31B,$22.59B,6.54%,$345.31B,$15.97B,4.62%,$15.97B,$215.51B,7.57%,$15.97B,$205.30B,7.95%,$15.97B,$390.26B,4.11%,$24.82B,$276.94B,9.27%,$66885,$40223,$26662,$812,$7610,$64621,$2264,$-632,$1632,$373,$1259,$1259,$1002,$9898,$2264,$2050,2050,$0.49,$0.49,$13349,$25664,$0,$66046,$280188,$20032,$10214,$10777,$324218,$390264,$90478,$61428,$20140,$84274,$174752,$29832,$116293,$0,$215512,$390264,$1259,$7634,$1250,$8884,$-2457,$1391,$0,$0,$-5352,$4792,$-8749,$-120,$0,$319,$-110,$210,$163,$-8496,$3026,$2855,$5881,$0,$0,$0,$-956,$4926,$1277,$0,$0
8,2014-09-30,119.37,$0.00,0.0,$198.91,0.6,$0.80,149.56,$11.37,10.5,$75.65B,$99.67B,0.76,$54.98B,$213.28B,0.26,$364.49B,$130.78B,35.88%,$364.49B,$31.01B,8.51%,$364.49B,$31.01B,8.51%,$364.49B,$44.18B,12.12%,$364.49B,$28.87B,7.92%,$364.49B,$20.70B,5.68%,$20.70B,$213.28B,10.07%,$20.70B,$201.78B,10.53%,$20.70B,$388.48B,5.41%,$31.01B,$268.26B,11.86%,$97534,$64992,$32542,$840,$7755,$90640,$6895,$-305,$6590,$1398,$5192,$5192,$4535,$6895,$6895,$1862,1862,$2.44,$2.44,$12062,$33950,$0,$75647,$268634,$20472,$11500,$10340,$312830,$388477,$99672,$54978,$18536,$75522,$175194,$29723,$114636,$0,$213283,$388477,$17218,$21317,$3521,$24838,$-5803,$2912,$0,$0,$-691,$41365,$-29675,$-261,$0,$544,$-258,$286,$840,$-28810,$-1585,$5646,$4061,$0,$0,$-9654,$-3890,$-9483,$3306,$0,$-9654
9,2014-03-31,96.84,$0.00,0.0,$195.52,0.5,$-7.36,0.0,$11.16,8.68,$79.28B,$101.26B,0.78,$54.58B,$213.57B,0.26,$354.22B,$128.39B,36.25%,$354.22B,$30.34B,8.57%,$354.22B,$30.34B,8.57%,$354.22B,$43.51B,12.28%,$354.22B,$28.18B,7.96%,$354.22B,$20.11B,5.68%,$20.11B,$213.57B,10.19%,$20.11B,$202.38B,10.61%,$20.11B,$389.54B,5.45%,$30.34B,$268.15B,12.08%,$86483,$53267,$33216,$934,$7532,$77954,$8529,$-806,$7723,$1629,$6094,$6094,$5600,$15385,$8529,$1803,1803,$3.11,$3.11,$8640,$40576,$0,$79284,$266374,$20543,$11190,$10149,$310250,$389535,$101255,$54577,$17931,$74709,$175964,$29924,$115033,$0,$213570,$389535,$6094,$6857,$1152,$8009,$-4628,$-3463,$0,$0,$-10741,$3362,$-12209,$-117,$0,$893,$-228,$665,$103,$-11558,$4419,$4591,$9010,$0,$0,$0,$-827,$8184,$171,$0,$0
10,2013-09-30,98.14,$0.00,0.0,$192.31,0.51,$-6.63,0.0,$11.40,8.61,$96.69B,$108.20B,0.89,$56.94B,$201.08B,0.28,$351.21B,$127.59B,36.33%,$351.21B,$30.52B,8.69%,$351.21B,$30.52B,8.69%,$351.21B,$43.02B,12.25%,$351.21B,$29.05B,8.27%,$351.21B,$20.73B,5.90%,$20.73B,$201.08B,10.99%,$20.73B,$193.93B,11.36%,$20.73B,$386.12B,5.89%,$30.52B,$258.02B,12.80%,$94408,$62133,$32275,$949,$8184,$87275,$7133,$-489,$6644,$1288,$5355,$5355,$4831,$7133,$7133,$1860,1860,$2.60,$2.60,$25975,$35162,$0,$96689,$252111,$20370,$7150,$9552,$289426,$386115,$108195,$56943,$16778,$76843,$185037,$29704,$104792,$0,$201077,$386115,$17131,$19239,$-160,$19079,$-9503,$-550,$0,$0,$-2830,$33380,$-26474,$-449,$0,$-348,$-606,$-954,$223,$-27653,$19289,$-1196,$18093,$0,$0,$-3893,$-1307,$12892,$18387,$0,$-3893
11,2013-03-31,112.88,$0.00,0.0,$194.45,0.58,$-8.01,0.0,$11.79,9.57,$87.07B,$95.03B,0.92,$56.87B,$194.61B,0.29,$337.55B,$176.06B,52.16%,$337.55B,$104.13B,30.85%,$337.55B,$104.13B,30.85%,$337.55B,$122.01B,36.14%,$337.55B,$103.15B,30.56%,$337.55B,$20.48B,6.07%,$20.48B,$194.61B,11.35%,$20.48B,$188.28B,11.74%,$20.48B,$365.94B,6.21%,$104.13B,$251.48B,46.71%,$86064,$53313,$32751,$905,$7036,$77608,$8455,$-543,$7912,$1483,$6429,$6429,$5738,$14767,$8455,$1801,1801,$3.19,$3.19,$18382,$38508,$0,$87070,$248875,$14381,$6322,$9045,$278871,$365941,$95026,$56872,$15842,$76309,$171335,$29155,$101925,$0,$194606,$365941,$6429,$6312,$1184,$7496,$-4372,$-4399,$0,$0,$-11202,$2723,$-10442,$-82,$0,$-113,$-69,$-182,$-16,$-10722,$11399,$8599,$19999,$0,$0,$0,$-920,$19079,$11161,$0,$0
12,2012-09-30,110.61,$0.00,0.0,$189.22,0.58,$0.71,156.64,$11.58,9.55,$79.68B,$90.74B,0.88,$47.28B,$179.91B,0.26,$334.27B,$173.34B,51.86%,$334.27B,$102.69B,30.72%,$334.27B,$102.69B,30.72%,$334.27B,$114.25B,34.18%,$334.27B,$102.20B,30.57%,$334.27B,$20.58B,6.16%,$20.58B,$179.91B,11.89%,$20.58B,$173.97B,12.30%,$20.58B,$333.75B,6.60%,$102.69B,$227.18B,49.70%,$87264,$57120,$30145,$632,$7376,$81043,$6222,$-319,$5902,$1276,$4626,$4626,$3944,$6222,$6222,$1781,1781,$2.22,$2.22,$19180,$30853,$0,$79681,$226507,$13194,$5935,$8207,$254068,$333749,$90736,$47277,$12765,$63107,$153843,$28954,$92654,$0,$179906,$333749,$15673,$17929,$3757,$21686,$-5613,$-2102,$0,$0,$-10789,$26570,$-29912,$-530,$-7,$-2578,$-879,$-3456,$135,$-33770,$13579,$6291,$19870,$0,$0,$-4766,$-988,$14115,$7018,$0,$-4766
13,2012-03-31,115.62,$0.00,0.0,$140.22,0.82,$2.58,44.77,$9.34,12.38,$78.13B,$90.64B,0.86,$37.95B,$179.23B,0.21,$247.00B,$143.20B,57.98%,$247.00B,$96.47B,39.05%,$247.00B,$96.47B,39.05%,$247.00B,$108.03B,43.74%,$247.00B,$96.30B,38.99%,$247.00B,$16.63B,6.73%,$16.63B,$179.23B,9.87%,$16.63B,$173.62B,10.23%,$16.63B,$323.04B,5.59%,$96.47B,$217.18B,49.42%,$83473,$51057,$32416,$907,$6463,$74763,$8710,$-123,$8587,$1631,$6956,$6956,$6217,$14894,$8710,$1864,1864,$3.34,$3.34,$15831,$33922,$0,$78129,$218969,$12442,$5617,$7711,$244914,$323043,$90640,$37951,$11900,$53169,$143809,$29064,$94630,$0,$179233,$323043,$6956,$6184,$932,$7115,$-4702,$-4988,$0,$0,$-10603,$3469,$-11257,$-70,$-2,$-5,$-321,$-326,$24,$-11631,$5181,$9746,$14927,$0,$0,$0,$-651,$14276,$6045,$0,$0
14,2011-12-31,102.27,$0.00,0.0,$131.60,0.78,$7.82,13.07,$9.04,11.31,$59.32B,$86.81B,0.68,$28.01B,$167.80B,0.17,$231.41B,$140.34B,60.65%,$231.41B,$95.85B,41.42%,$231.41B,$95.85B,41.42%,$231.41B,$105.99B,45.80%,$231.41B,$95.86B,41.42%,$231.41B,$16.05B,6.93%,$16.05B,$167.80B,9.80%,$16.05B,$161.77B,10.14%,$16.05B,$297.23B,5.64%,$95.85B,$195.80B,51.81%,$80745,$0,$80745,$0,$0,$0,$80745,$0,$80745,$0,$80745,$4581,$4581,$86123,$80745,$1527,1527,$3.00,$3.00,$9546,$28249,$11215,$59320,$0,$11668,$6022,$7475,$25245,$297226,$86806,$28005,$11405,$42625,$129431,$28368,$86291,$0,$167795,$297226,$22624,$21401,$0,$21401,$0,$0,$0,$0,$213,$44974,$-41412,$0,$-409,$0,$0,$-912,$-1231,$-43964,$0,$-56817,$-2833,$0,$0,$-10421,$71506,$1435,$2397,$0,$0
15,2011-09-30,99.13,$0.00,0.0,$109.87,0.9,$9.29,10.67,$9.23,10.74,$72.47B,$93.21B,0.78,$20.85B,$165.43B,0.13,$214.06B,$123.00B,57.46%,$214.06B,$78.51B,36.67%,$214.06B,$78.51B,36.67%,$214.06B,$87.79B,41.01%,$214.06B,$78.51B,36.68%,$214.06B,$17.96B,8.39%,$17.96B,$165.43B,11.28%,$17.96B,$159.67B,11.65%,$17.96B,$292.20B,6.62%,$78.51B,$186.28B,44.04%,$82783,$52745,$30038,$464,$16915,$75774,$7010,$-44,$6966,$617,$6349,$5834,$5834,$7010,$7010,$1945,1945,$3.00,$3.00,$20739,$28667,$11614,$72466,$0,$10951,$5760,$6933,$23720,$292199,$93205,$20853,$10011,$33563,$126768,$28551,$124019,$0,$165431,$292199,$17846,$16023,$0,$16023,$0,$0,$0,$0,$-766,$33620,$-25011,$0,$-383,$0,$0,$-767,$-3,$-26164,$0,$7473,$5375,$0,$0,$-5241,$-1536,$6070,$13516,$0,$0
16,2011-06-30,117.76,$0.00,0.0,$98.72,1.19,$12.09,9.74,$9.23,12.76,$66.88B,$84.17B,0.8,$19.75B,$161.77B,0.12,$185.05B,$116.69B,63.06%,$185.05B,$78.65B,42.50%,$185.05B,$78.65B,42.50%,$185.05B,$87.93B,47.52%,$185.05B,$78.40B,42.36%,$185.05B,$17.26B,9.33%,$17.26B,$161.77B,11.42%,$17.26B,$155.36B,11.81%,$17.26B,$278.63B,6.72%,$78.65B,$181.52B,46.14%,$0,$0,$0,$0,$0,$0,$0,$0,$0,$0,$0,$0,$0,$0,$0,$0,0,$0.00,$0.00,$18440,$26907,$10293,$66879,$0,$10901,$6415,$4315,$21691,$278625,$84172,$19747,$10241,$32683,$116855,$28185,$102457,$0,$161770,$278625,$0,$0,$0,$0,$0,$0,$0,$0,$0,$0,$0,$0,$0,$0,$0,$0,$0,$0,$0,$0,$0,$0,$0,$0,$0,$0,$0,$0,$0
17,2011-03-31,120.26,$0.00,0.0,$127.84,0.94,$12.09,9.95,$11.84,10.16,$62.37B,$80.25B,0.78,$16.34B,$160.12B,0.1,$239.08B,$170.72B,71.41%,$239.08B,$132.68B,55.50%,$239.08B,$132.68B,55.50%,$239.08B,$141.96B,59.38%,$239.08B,$132.43B,55.39%,$239.08B,$22.11B,9.25%,$22.11B,$160.12B,15.16%,$22.11B,$156.00B,15.60%,$22.11B,$269.50B,9.04%,$132.68B,$176.46B,80.41%,$67878,$38324,$29555,$1170,$15533,$59785,$8094,$50,$8144,$1963,$6181,$5632,$5632,$12852,$8094,$1877,1877,$3.04,$3.04,$17612,$24066,$10140,$62366,$0,$10645,$4120,$5881,$20690,$269499,$80248,$16341,$9825,$29131,$109379,$27856,$81636,$0,$160120,$269499,$6181,$4759,$0,$4759,$0,$0,$0,$0,$-1631,$10036,$-8041,$0,$6,$0,$0,$280,$-46,$-7801,$0,$7230,$1469,$0,$0,$0,$-392,$8307,$10546,$0,$0
18,2010-12-31,103.86,$0.00,0.0,$117.52,0.88,$12.32,8.43,$11.43,9.09,$42.36B,$63.56B,0.67,$19.43B,$149.40B,0.13,$217.84B,$163.84B,75.21%,$217.84B,$131.01B,60.14%,$217.84B,$131.01B,60.14%,$217.84B,$139.56B,64.06%,$217.84B,$130.82B,60.06%,$217.84B,$21.23B,9.75%,$21.23B,$149.40B,15.12%,$21.23B,$145.63B,15.54%,$21.23B,$244.99B,9.09%,$131.01B,$168.83B,82.40%,$63403,$0,$63403,$0,$0,$0,$63403,$0,$63403,$0,$63403,$6493,$6493,$67924,$63403,$2035,2035,$3.19,$3.19,$7206,$19950,$7664,$42357,$0,$10002,$3764,$5640,$19448,$244994,$63558,$19427,$9429,$32038,$95596,$27069,$73845,$0,$149398,$244994,$22302,$16744,$0,$16744,$0,$0,$0,$0,$4694,$45950,$-38217,$0,$102,$0,$0,$-5494,$541,$-43067,$0,$-5544,$5468,$0,$0,$-7868,$-1070,$-9014,$-6096,$0,$0
19,2010-09-30,91.96,$0.00,0.0,$113.15,0.81,$9.20,10.0,$9.99,9.21,$49.25B,$58.35B,0.84,$21.90B,$133.06B,0.17,$203.62B,$149.62B,73.48%,$203.62B,$116.79B,57.36%,$203.62B,$116.79B,57.36%,$203.62B,$115.78B,56.86%,$203.62B,$116.60B,57.27%,$203.62B,$17.96B,8.82%,$17.96B,$133.06B,13.17%,$17.96B,$127.80B,13.52%,$17.96B,$234.08B,7.96%,$116.79B,$154.96B,76.24%,$53769,$30041,$23727,$438,$12176,$46617,$7152,$-266,$6849,$1286,$5563,$5136,$5136,$7152,$7152,$1712,1712,$3.00,$3.00,$16356,$16854,$9841,$49245,$0,$8777,$5259,$3288,$17358,$234076,$58354,$21901,$7640,$42660,$101014,$27069,$69014,$0,$133062,$234076,$15981,$12222,$0,$12222,$0,$0,$0,$0,$7087,$36065,$-23693,$0,$-115,$0,$0,$-4101,$126,$-27784,$0,$-8940,$7599,$0,$0,$-3520,$-826,$-5687,$2620,$0,$0
20,2010-06-30,85.07,$0.00,0.0,$98.32,0.87,$4.33,19.65,$8.99,9.46,$55.28B,$60.05B,0.92,$19.19B,$140.60B,0.14,$189.02B,$146.63B,77.57%,$189.02B,$115.90B,61.32%,$189.02B,$115.90B,61.32%,$189.02B,$114.89B,60.78%,$189.02B,$116.16B,61.45%,$189.02B,$17.55B,9.28%,$17.55B,$140.60B,12.95%,$17.55B,$137.52B,13.21%,$17.55B,$229.98B,8.00%,$115.90B,$159.79B,77.54%,$54033,$0,$54033,$0,$0,$0,$54033,$0,$54033,$0,$54033,$4848,$4848,$54033,$54033,$1855,1855,$2.61,$2.61,$19153,$17797,$11394,$55283,$0,$4266,$3082,$5484,$12868,$229976,$60049,$19185,$7427,$29325,$89374,$26904,$104120,$0,$140602,$229976,$0,$0,$0,$0,$0,$0,$0,$0,$0,$0,$0,$0,$0,$0,$0,$0,$0,$0,$0,$0,$0,$0,$0,$0,$0,$0,$0,$0,$0
21,2010-03-31,89.25,$0.00,0.0,$87.78,1.02,$4.33,20.62,$9.02,9.89,$53.72B,$62.98B,0.85,$13.70B,$138.69B,0.1,$169.25B,$126.85B,74.95%,$169.25B,$96.13B,56.80%,$169.25B,$96.13B,56.80%,$169.25B,$95.12B,56.20%,$169.25B,$96.39B,56.95%,$169.25B,$17.57B,10.38%,$17.57B,$138.69B,13.49%,$17.57B,$135.59B,13.73%,$17.57B,$225.47B,8.39%,$96.13B,$152.39B,67.66%,$46633,$23953,$22680,$1064,$11170,$40213,$6420,$-15,$6539,$1343,$5196,$4753,$4753,$10446,$6420,$1805,1805,$2.63,$2.63,$20179,$18110,$9260,$53718,$0,$4530,$3098,$4847,$12520,$225471,$62975,$13701,$7101,$23805,$86780,$26849,$66984,$0,$138690,$225471,$5196,$4026,$0,$4026,$0,$0,$0,$0,$1118,$10931,$-8590,$0,$2,$0,$0,$-15,$28,$-8575,$0,$5670,$-327,$0,$0,$0,$-301,$5041,$7423,$0,$0
22,2009-12-31,90.57,$0.00,0.0,$71.52,1.27,$4.23,21.4,$7.39,12.26,$43.16B,$56.96B,0.76,$12.53B,$133.07B,0.09,$149.31B,$119.52B,80.05%,$149.31B,$93.64B,62.72%,$149.31B,$93.64B,62.72%,$149.31B,$91.67B,61.40%,$149.31B,$93.45B,62.59%,$149.31B,$15.60B,10.45%,$15.60B,$133.07B,12.27%,$15.60B,$130.43B,12.45%,$15.60B,$212.61B,7.88%,$93.64B,$145.60B,68.09%,$49181,$0,$49181,$0,$0,$0,$49181,$0,$49181,$0,$49181,$3223,$3223,$44146,$49181,$1837,1837,$1.75,$1.75,$12747,$16827,$8737,$43157,$0,$4137,$2641,$4971,$11792,$212612,$56962,$12530,$6907,$22581,$79543,$26831,$62168,$0,$133069,$212612,$15622,$4907,$0,$4907,$0,$0,$0,$0,$5546,$38405,$-37164,$0,$-2403,$0,$0,$-198,$1436,$-38329,$0,$6504,$8786,$0,$0,$-7343,$-165,$7781,$7883,$0,$0
23,2009-09-30,86.6,$0.00,0.0,$63.01,1.37,$-0.11,0.0,$7.40,11.7,$54.19B,$60.71B,0.89,$10.61B,$129.54B,0.08,$131.98B,$65.63B,49.73%,$131.98B,$11.32B,8.57%,$131.98B,$11.32B,8.57%,$131.98B,$28.00B,21.21%,$131.98B,$53.56B,40.58%,$131.98B,$15.44B,11.70%,$15.44B,$129.54B,12.62%,$15.44B,$127.87B,12.79%,$15.44B,$209.39B,8.22%,$11.32B,$140.15B,8.65%,$39171,$18439,$20732,$759,$10064,$32903,$6267,$-49,$6406,$1659,$4747,$4724,$4724,$6267,$6267,$2362,2362,$2.00,$2.00,$23390,$14982,$11695,$54193,$0,$6571,$1663,$4594,$12866,$209394,$60707,$10611,$5875,$19151,$79858,$26904,$94011,$0,$129536,$209394,$12397,$9942,$0,$9942,$0,$0,$0,$0,$4625,$27898,$-22332,$0,$0,$0,$0,$-2311,$235,$-24408,$0,$10587,$7219,$0,$0,$-4023,$140,$13923,$17433,$0,$0
24,2009-06-30,82.84,$0.00,0.0,$66.65,1.24,$-1.10,0.0,$8.40,9.86,$41.75B,$43.23B,0.97,$10.60B,$119.60B,0.09,$137.21B,$63.81B,46.50%,$137.21B,$11.91B,8.68%,$137.21B,$11.91B,8.68%,$137.21B,$28.59B,20.84%,$137.21B,$55.36B,40.34%,$137.21B,$17.30B,12.61%,$17.30B,$119.60B,14.53%,$17.30B,$117.97B,14.72%,$17.30B,$189.72B,9.68%,$11.91B,$130.20B,9.44%,$34260,$0,$34260,$0,$0,$0,$34260,$0,$34260,$0,$34260,$4865,$4865,$34260,$34260,$1844,1844,$2.64,$2.64,$14170,$12877,$10987,$41754,$0,$5268,$1630,$4559,$11488,$189717,$43230,$10599,$5658,$26884,$70114,$26904,$92699,$0,$119603,$189717,$0,$0,$0,$0,$0,$0,$0,$0,$0,$0,$0,$0,$0,$0,$0,$0,$0,$0,$0,$0,$0,$0,$0,$0,$0,$0,$0,$0,$0
25,2009-03-31,58.5,$0.00,0.0,$48.07,1.22,$-1.10,0.0,$5.76,10.16,$38.12B,$38.47B,0.99,$7.76B,$126.39B,0.06,$102.95B,$29.55B,28.70%,$102.95B,$-22.35B,-21.71%,$102.95B,$-22.35B,-21.71%,$102.95B,$-5.67B,-5.50%,$102.95B,$21.10B,20.49%,$102.95B,$12.44B,12.08%,$12.44B,$126.39B,10.68%,$12.44B,$124.85B,10.82%,$12.44B,$180.29B,7.24%,$-22.35B,$134.15B,-18.30%,$26693,$11342,$15351,$748,$7607,$22757,$3935,$-238,$3606,$843,$2763,$2787,$2787,$6996,$3935,$2787,2787,$1.00,$1.00,$13195,$12023,$9961,$38120,$0,$4420,$1533,$4164,$10148,$180287,$38468,$7764,$5526,$15433,$53902,$26813,$58242,$0,$126385,$180287,$2763,$3061,$0,$3061,$0,$0,$0,$0,$3086,$8933,$-5586,$0,$0,$0,$0,$63,$-31,$-5555,$0,$-198,$3668,$0,$0,$0,$-24,$3446,$6842,$0,$0
26,2008-12-31,65.31,$0.00,0.0,$38.49,1.7,$-2.30,0.0,$4.76,13.72,$32.32B,$38.07B,0.85,$4.73B,$113.88B,0.04,$112.53B,$31.58B,28.07%,$112.53B,$-20.56B,-18.27%,$112.53B,$-20.56B,-18.27%,$112.53B,$-6.94B,-6.17%,$112.53B,$23.30B,20.71%,$112.53B,$14.35B,12.76%,$14.35B,$113.88B,12.88%,$14.35B,$112.34B,13.03%,$14.35B,$171.96B,8.64%,$-20.56B,$118.61B,-17.66%,$31855,$36569,$-4713,$1321,$19273,$65002,$-33146,$711,$9284,$2334,$6950,$3066,$3066,$-19524,$-33146,$1744,1744,$1.76,$1.76,$6245,$13056,$9988,$32324,$0,$4160,$1537,$4426,$10194,$171961,$38065,$4727,$5389,$20016,$58080,$26355,$62203,$0,$113881,$171961,$18238,$13623,$0,$13623,$0,$0,$0,$0,$-6224,$24553,$-30957,$0,$-887,$0,$0,$-521,$1557,$-30808,$0,$9925,$-1400,$0,$0,$-7722,$327,$1130,$-5142,$0,$0
27,2008-09-30,75.4,$0.00,0.0,$20.23,3.73,$1.37,55.01,$3.00,25.13,$44.83B,$36.96B,1.21,$5.13B,$116.38B,0.04,$80.67B,$36.29B,44.99%,$80.67B,$12.58B,15.60%,$80.67B,$12.58B,15.60%,$80.67B,$12.58B,15.60%,$80.67B,$14.02B,17.38%,$80.67B,$11.29B,13.99%,$11.29B,$116.38B,10.53%,$11.29B,$115.01B,10.65%,$11.29B,$173.42B,7.14%,$12.58B,$121.51B,11.20%,$44404,$25496,$18908,$901,$8007,$37542,$6862,$1346,$8208,$1622,$6586,$6586,$6586,$6862,$6862,$2195,2195,$3.00,$3.00,$12053,$16188,$11755,$44832,$0,$4441,$1367,$4390,$10198,$173419,$36957,$5131,$4022,$20084,$57041,$26721,$89657,$0,$116378,$173419,$0,$0,$0,$0,$0,$0,$0,$0,$0,$21293,$-18284,$0,$0,$0,$0,$-67,$1080,$-17271,$0,$1487,$-1285,$0,$-353,$0,$-3370,$-3522,$497,$0,$0
28,2008-06-30,93.07,$0.00,0.0,0,0.0,0,0.0,0,0.0,$38.91B,$33.75B,1.15,$5.08B,$109.04B,0.05,$36.27B,$17.39B,47.94%,$36.27B,$5.72B,15.77%,$36.27B,$5.72B,15.77%,$36.27B,$5.72B,15.77%,$36.27B,$5.81B,16.02%,$36.27B,$4.70B,12.96%,$4.70B,$109.04B,4.75%,$4.70B,$107.79B,4.81%,$4.70B,$161.83B,3.23%,$5.72B,$114.12B,5.49%,$0,$0,$0,$0,$0,$0,$0,$0,$0,$0,$0,$0,$0,$0,$0,$0,0,$0.00,$0.00,$8473,$14193,$11412,$38910,$0,$4375,$1254,$4527,$10155,$161830,$33747,$5081,$3884,$19041,$52787,$26355,$82688,$0,$109043,$161830,$0,$0,$0,$0,$0,$0,$0,$0,$0,$0,$0,$0,$0,$0,$0,$0,$0,$0,$0,$0,$0,$0,$0,$0,$0,$0,$0,$0,$0
29,2008-03-31,89.16,$0.00,0.0,0,0.0,0,0.0,0,0.0,$41.79B,$32.69B,1.28,$5.01B,$106.60B,0.05,$36.27B,$17.39B,47.94%,$36.27B,$5.72B,15.77%,$36.27B,$5.72B,15.77%,$36.27B,$5.72B,15.77%,$36.27B,$5.81B,16.02%,$36.27B,$4.70B,12.96%,$4.70B,$106.60B,5.22%,$4.70B,$105.36B,5.28%,$4.70B,$157.60B,3.55%,$5.72B,$111.61B,6.00%,$36267,$18881,$17386,$928,$8091,$30547,$5720,$92,$5811,$1110,$4702,$4702,$4702,$5720,$5720,$0,0,$0.00,$0.00,$15635,$12933,$8034,$41785,$0,$4387,$1239,$3560,$9186,$157596,$32688,$5007,$3522,$18309,$50997,$25623,$80976,$0,$106599,$157596,$0,$0,$0,$0,$0,$0,$0,$0,$0,$4478,$-2725,$0,$0,$0,$0,$-3,$-95,$-2823,$0,$1294,$-92,$0,$0,$0,$1118,$2321,$3943,$0,$0
30,2007-12-31,124.85,$0.00,0.0,0,0.0,0,0.0,0,0.0,$30.52B,$26.15B,1.17,$5.38B,$96.81B,0.06,$0.00B,0,nan%,$0.00B,0,nan%,$0.00B,0,nan%,$0.00B,0,nan%,$0.00B,0,nan%,$0.00B,0,nan%,$0.00B,$96.81B,0.00%,$0.00B,$95.69B,0.00%,$0.00B,$139.94B,0.00%,$0.00B,$102.19B,0.00%,$0,$0,$0,$0,$0,$0,$0,$0,$0,$0,$0,$0,$0,$0,$0,$0,0,$0.00,$0.00,$11027,$11678,$4754,$30515,$0,$4170,$1120,$3432,$8722,$139937,$26149,$5375,$3268,$16979,$43128,$24159,$59272,$0,$96809,$139937,$20490,$8795,$0,$8795,$0,$0,$0,$0,$-1136,$26895,$-21764,$0,$204,$0,$0,$-115,$-2640,$-24315,$0,$504,$-447,$0,$8744,$-8516,$-634,$-350,$2235,$0,$0
