,Date,Stock Price,Book Value per Share,Price to Book Ratio,TTM Sales per Share,Price to Sales Ratio,TTM FCF per Share,Price to FCF Ratio,TTM Net EPS,PE Ratio,Current Assets,Current Liabilities,Current Ratio,Long Term Debt,Shareholder's Equity_x,Debt to Equity Ratio,TTM Revenue_x,TTM Gross Profit,Gross Margin,TTM Revenue_y,TTM Operating Income,Operating Margin,TTM Revenue_x,TTM EBIT,EBIT Margin,TTM Revenue_y,TTM EBITDA,EBITDA Margin,TTM Revenue_x,TTM Pre-Tax Income,Pre-Tax Margin,TTM Revenue_y,TTM Net Income_x,Net Margin,TTM Net Income_y,Shareholder's Equity_y,Return on Equity,TTM Net Income_x,Tangible Equity,Return on Tangible Equity,TTM Net Income_y,Total Assets,Return on Assets,TTM Net Income,LT Investments & Debt,Return on Investment,revenue,cost-goods-sold,gross-profit,research-development-expenses,selling-general-administrative-expenses,operating-expenses,operating-income,total-non-operating-income-expense,pre-tax-income,total-provision-income-taxes,income-after-taxes,income-from-continuous-operations,net-income,ebitda,ebit,basic-shares-outstanding,shares-outstanding,eps-basic-net-earnings-per-share,eps-earnings-per-share-diluted,cash-on-hand,inventory,other-current-assets,total-current-assets,net-property-plant-equipment,long-term-investments,goodwill-intangible-assets-total,other-long-term-assets,total-long-term-assets,total-assets,total-current-liabilities,long-term-debt,other-non-current-liabilities,total-long-term-liabilities,total-liabilities,common-stock-net,retained-earnings-accumulated-deficit,comprehensive-income,total-share-holder-equity,total-liabilities-share-holders-equity,net-income-loss,total-depreciation-amortization-cash-flow,other-non-cash-items,total-non-cash-items,change-in-accounts-receivable,change-in-inventories,change-in-accounts-payable,change-in-assets-liabilities,total-change-in-assets-liabilities,cash-flow-from-operating-activities,net-change-in-property-plant-equipment,net-change-in-intangible-assets,net-acquisitions-divestitures,net-change-in-short-term-investments,net-change-in-long-term-investments,net-change-in-investments-total,investing-activities-other,cash-flow-from-investing-activities,net-long-term-debt,net-current-debt,debt-issuance-retirement-net-total,net-common-equity-issued-repurchased,net-total-equity-issued-repurchased,total-common-preferred-stock-dividends-paid,financial-activities-other,cash-flow-from-financial-activities,net-cash-flow,stock-based-compensation,common-stock-dividends-paid
0,2018-09-30,65.09,$22.67,2.87,$81.17,0.8,$2.99,21.8,$6.39,10.19,$0.12B,$0.13B,0.96,$0.14B,$0.14B,1.05,$0.51B,$0.31B,61.58%,$0.51B,$0.03B,5.94%,$0.51B,$0.03B,5.94%,$0.51B,$0.08B,15.25%,$0.51B,$0.03B,5.15%,$0.51B,$0.05B,9.70%,$0.05B,$0.14B,37.48%,$0.05B,$0.14B,37.48%,$0.05B,$0.47B,11.57%,$0.03B,$0.28B,12.18%,$140,$53,$87,$0,$35,$127,$13,$-1,$12,$3,$9,$9,$9,$25,$13,$6,6,$1.53,$1.52,$29,$2,$0,$121,$342,$0,$0,$3,$345,$466,$126,$143,$0,$203,$329,$0,$193,$0,$136,$466,$18,$37,$6,$43,$-19,$0,$12,$1,$-3,$58,$-38,$0,$0,$-2,$0,$-2,$0,$-41,$-27,$20,$-7,$-10,$-10,$0,$0,$-17,$0,$1,$0
1,2018-06-30,46.97,$21.41,2.19,$75.21,0.62,$3.22,14.58,$6.93,6.78,$0.12B,$0.13B,0.94,$0.13B,$0.13B,0.98,$0.47B,$0.29B,60.97%,$0.47B,$0.02B,4.43%,$0.47B,$0.02B,4.43%,$0.47B,$0.07B,13.92%,$0.47B,$0.02B,4.22%,$0.47B,$0.04B,9.07%,$0.04B,$0.13B,35.46%,$0.04B,$0.13B,35.46%,$0.04B,$0.44B,10.70%,$0.02B,$0.26B,9.41%,$135,$52,$83,$0,$34,$125,$10,$-1,$9,$2,$7,$7,$7,$23,$10,$6,6,$1.18,$1.17,$28,$2,$0,$117,$319,$0,$0,$3,$322,$439,$125,$128,$0,$184,$309,$0,$184,$0,$130,$439,$9,$24,$3,$28,$-17,$0,$5,$3,$-7,$30,$-35,$0,$0,$-2,$0,$-2,$0,$-37,$-12,$27,$15,$-7,$-7,$0,$0,$8,$0,$0,$0
2,2018-03-31,36.35,$20.93,1.74,$70.39,0.52,$6.86,5.3,$6.01,6.05,$0.11B,$0.12B,0.89,$0.09B,$0.13B,0.71,$0.45B,$0.27B,60.49%,$0.45B,$0.01B,3.13%,$0.45B,$0.01B,3.13%,$0.45B,$0.06B,12.50%,$0.45B,$0.01B,3.13%,$0.45B,$0.04B,8.48%,$0.04B,$0.13B,33.70%,$0.04B,$0.13B,33.70%,$0.04B,$0.40B,9.90%,$0.01B,$0.22B,6.71%,$119,$46,$74,$0,$33,$116,$4,$-2,$2,$0,$1,$1,$1,$15,$4,$6,6,$0.22,$0.22,$26,$2,$0,$107,$287,$0,$0,$3,$290,$397,$120,$92,$0,$147,$268,$0,$177,$0,$129,$397,$1,$12,$2,$13,$-7,$0,$4,$2,$1,$16,$-12,$0,$0,$-1,$0,$-1,$0,$-13,$-8,$5,$-3,$0,$0,$0,$0,$-3,$0,$0,$0
3,2017-12-31,34.43,$20.71,1.66,$68.34,0.5,$8.26,4.17,$6.15,5.6,$0.10B,$0.11B,0.92,$0.10B,$0.13B,0.78,$0.44B,$0.26B,60.05%,$0.44B,$0.01B,2.97%,$0.44B,$0.01B,2.97%,$0.44B,$0.05B,12.33%,$0.44B,$0.02B,3.65%,$0.44B,$0.04B,8.90%,$0.04B,$0.13B,37.32%,$0.04B,$0.13B,37.32%,$0.04B,$0.39B,10.34%,$0.01B,$0.23B,6.35%,$111,$44,$67,$0,$30,$108,$3,$-1,$3,$-29,$32,$32,$32,$14,$3,$6,6,$4.99,$4.93,$27,$2,$0,$102,$287,$0,$0,$3,$290,$392,$111,$99,$0,$154,$265,$0,$168,$7,$128,$392,$39,$42,$-28,$14,$-1,$0,$1,$-1,$-2,$50,$-49,$0,$0,$4,$0,$4,$0,$-45,$7,$-6,$1,$-6,$-6,$0,$0,$-5,$0,$1,$0
4,2017-09-30,23.93,$15.59,1.53,$67.31,0.36,$7.04,3.4,$1.26,18.99,$0.11B,$0.11B,0.96,$0.09B,$0.10B,0.91,$0.44B,$0.26B,60.69%,$0.44B,$0.01B,2.76%,$0.44B,$0.01B,2.76%,$0.44B,$0.05B,11.95%,$0.44B,$0.01B,3.22%,$0.44B,$0.01B,1.84%,$0.01B,$0.10B,8.33%,$0.01B,$0.10B,8.33%,$0.01B,$0.38B,2.14%,$0.01B,$0.19B,5.92%,$109,$44,$65,$0,$29,$105,$4,$2,$6,$2,$3,$3,$3,$14,$4,$6,6,$0.54,$0.54,$25,$2,$0,$105,$272,$0,$0,$2,$275,$379,$109,$89,$0,$172,$281,$0,$136,$5,$98,$379,$7,$31,$1,$32,$-7,$0,$9,$0,$4,$44,$-22,$0,$0,$4,$0,$4,$0,$-18,$-18,$-6,$-24,$-2,$-2,$0,$0,$-26,$0,$0,$0
5,2017-06-30,18.95,$15.18,1.25,$67.16,0.28,$5.31,3.57,$1.25,15.16,$0.10B,$0.09B,1.11,$0.10B,$0.10B,1.06,$0.44B,$0.27B,61.61%,$0.44B,$0.01B,2.99%,$0.44B,$0.01B,2.99%,$0.44B,$0.05B,12.18%,$0.44B,$0.01B,3.22%,$0.44B,$0.01B,1.84%,$0.01B,$0.10B,8.47%,$0.01B,$0.10B,8.47%,$0.01B,$0.37B,2.14%,$0.01B,$0.20B,6.26%,$109,$44,$65,$0,$30,$106,$3,$-0,$3,$1,$2,$2,$2,$13,$3,$6,6,$0.25,$0.25,$25,$2,$0,$96,$268,$0,$0,$2,$270,$367,$87,$102,$0,$183,$270,$0,$133,$6,$96,$367,$4,$21,$1,$22,$-2,$0,$-2,$3,$0,$26,$-9,$0,$0,$3,$0,$3,$0,$-6,$-14,$-5,$-19,$-1,$-1,$0,$0,$-20,$0,$0,$0
6,2017-03-31,16.29,$14.97,1.09,$67.23,0.24,$3.63,4.49,$1.61,10.12,$0.10B,$0.08B,1.23,$0.11B,$0.10B,1.16,$0.44B,$0.27B,62.56%,$0.44B,$0.02B,3.88%,$0.44B,$0.02B,3.88%,$0.44B,$0.06B,13.01%,$0.44B,$0.02B,3.88%,$0.44B,$0.01B,2.28%,$0.01B,$0.10B,10.72%,$0.01B,$0.10B,10.72%,$0.01B,$0.37B,2.66%,$0.02B,$0.21B,8.10%,$109,$43,$66,$0,$31,$107,$3,$1,$4,$1,$2,$2,$2,$13,$3,$6,6,$0.36,$0.36,$26,$2,$0,$101,$267,$0,$0,$2,$269,$370,$82,$111,$0,$192,$274,$0,$131,$7,$96,$370,$2,$11,$-0,$10,$-4,$0,$0,$1,$-0,$12,$-0,$0,$0,$2,$0,$2,$0,$2,$-11,$-4,$-15,$0,$0,$0,$0,$-15,$0,$0,$0
7,2016-12-31,25.98,$14.72,1.77,$64.70,0.4,$1.50,17.28,$1.66,15.65,$0.10B,$0.08B,1.24,$0.12B,$0.09B,1.32,$0.43B,$0.27B,63.28%,$0.43B,$0.02B,4.62%,$0.43B,$0.02B,4.62%,$0.43B,$0.06B,13.63%,$0.43B,$0.02B,4.16%,$0.43B,$0.01B,2.54%,$0.01B,$0.09B,11.52%,$0.01B,$0.09B,11.52%,$0.01B,$0.38B,2.91%,$0.02B,$0.22B,9.55%,$108,$40,$68,$0,$33,$107,$2,$-1,$1,$0,$1,$1,$1,$12,$2,$7,7,$0.12,$0.12,$28,$2,$0,$100,$277,$0,$0,$2,$280,$380,$81,$124,$0,$205,$286,$0,$129,$7,$94,$380,$11,$39,$2,$41,$-7,$0,$3,$-1,$-5,$47,$-54,$0,$0,$1,$0,$1,$0,$-53,$36,$-10,$26,$-21,$-21,$0,$0,$5,$-0,$0,$0
8,2016-09-30,20.02,$14.42,1.39,$62.39,0.32,$-1.72,0.0,$2.00,10.01,$0.11B,$0.09B,1.18,$0.11B,$0.09B,1.24,$0.43B,$0.27B,63.70%,$0.43B,$0.02B,5.39%,$0.43B,$0.02B,5.39%,$0.43B,$0.06B,14.29%,$0.43B,$0.02B,5.15%,$0.43B,$0.01B,3.04%,$0.01B,$0.09B,13.33%,$0.01B,$0.09B,13.33%,$0.01B,$0.38B,3.49%,$0.02B,$0.21B,11.22%,$109,$40,$69,$0,$32,$104,$5,$0,$6,$2,$3,$3,$3,$15,$5,$6,6,$0.54,$0.53,$26,$2,$0,$107,$267,$0,$0,$2,$269,$376,$91,$114,$0,$193,$284,$0,$128,$6,$92,$376,$10,$29,$3,$31,$-10,$0,$10,$0,$0,$42,$-31,$0,$0,$1,$0,$1,$-5,$-36,$19,$-4,$15,$-21,$-21,$0,$0,$-6,$-0,$0,$0
9,2016-06-30,15.89,$14.05,1.13,$60.29,0.26,$-4.68,0.0,$2.27,7.0,$0.11B,$0.10B,1.13,$0.12B,$0.09B,1.27,$0.43B,$0.28B,64.71%,$0.43B,$0.03B,6.59%,$0.43B,$0.03B,6.59%,$0.43B,$0.07B,15.29%,$0.43B,$0.03B,5.88%,$0.43B,$0.02B,3.76%,$0.02B,$0.09B,16.16%,$0.02B,$0.09B,16.16%,$0.02B,$0.38B,4.37%,$0.03B,$0.21B,14.16%,$112,$41,$71,$0,$32,$104,$7,$-1,$6,$2,$4,$4,$4,$17,$7,$7,7,$0.61,$0.61,$28,$2,$0,$107,$268,$0,$0,$2,$271,$378,$95,$115,$0,$193,$287,$0,$124,$7,$91,$378,$7,$19,$2,$21,$-12,$0,$9,$2,$0,$28,$-21,$0,$0,$-1,$0,$-1,$-4,$-26,$22,$-4,$18,$-20,$-20,$0,$0,$-2,$-0,$0,$0
10,2016-03-31,30.8,$14.74,2.09,$57.77,0.53,$-4.43,0.0,$2.60,11.85,$0.10B,$0.10B,1.01,$0.10B,$0.11B,0.96,$0.42B,$0.28B,66.03%,$0.42B,$0.03B,7.84%,$0.42B,$0.03B,7.84%,$0.42B,$0.07B,16.15%,$0.42B,$0.03B,7.36%,$0.42B,$0.02B,4.51%,$0.02B,$0.11B,18.18%,$0.02B,$0.11B,18.18%,$0.02B,$0.38B,5.32%,$0.03B,$0.21B,17.37%,$104,$37,$66,$0,$32,$98,$6,$-1,$5,$2,$3,$3,$3,$15,$6,$7,7,$0.41,$0.41,$26,$2,$0,$98,$277,$0,$0,$2,$280,$378,$97,$101,$0,$176,$273,$0,$120,$6,$105,$378,$3,$9,$1,$10,$-6,$0,$4,$-0,$2,$15,$-17,$0,$0,$-1,$0,$-1,$-1,$-19,$12,$-8,$3,$-0,$-0,$0,$0,$3,$0,$0,$0
11,2015-12-31,27.59,$14.27,1.93,$56.60,0.49,$-2.67,0.0,$2.91,9.48,$0.09B,$0.09B,1.09,$0.10B,$0.10B,0.98,$0.42B,$0.28B,67.79%,$0.42B,$0.04B,8.65%,$0.42B,$0.04B,8.65%,$0.42B,$0.07B,16.83%,$0.42B,$0.04B,8.41%,$0.42B,$0.02B,5.05%,$0.02B,$0.10B,20.05%,$0.02B,$0.10B,20.05%,$0.02B,$0.36B,6.18%,$0.04B,$0.20B,20.25%,$102,$36,$66,$0,$31,$97,$5,$0,$5,$2,$3,$3,$3,$14,$5,$7,7,$0.46,$0.47,$25,$2,$0,$93,$263,$0,$0,$2,$265,$358,$85,$99,$0,$172,$256,$0,$117,$5,$102,$358,$21,$32,$7,$40,$1,$0,$1,$1,$1,$62,$-92,$0,$0,$-1,$0,$-1,$8,$-86,$34,$10,$44,$-48,$-48,$0,$0,$-4,$-27,$0,$0
12,2015-09-30,33.05,$13.82,2.39,$55.29,0.6,$9.70,3.41,$2.73,12.11,$0.10B,$0.11B,0.93,$0.08B,$0.10B,0.81,$0.42B,$0.29B,70.43%,$0.42B,$0.03B,8.17%,$0.42B,$0.03B,8.17%,$0.42B,$0.07B,16.35%,$0.42B,$0.03B,7.93%,$0.42B,$0.02B,4.81%,$0.02B,$0.10B,19.18%,$0.02B,$0.10B,19.18%,$0.02B,$0.35B,6.03%,$0.03B,$0.18B,20.54%,$107,$35,$72,$0,$30,$97,$10,$-1,$9,$4,$6,$6,$6,$19,$10,$7,7,$0.81,$0.80,$26,$2,$0,$98,$250,$0,$0,$2,$252,$350,$105,$80,$0,$147,$252,$0,$114,$5,$98,$350,$18,$24,$7,$31,$-6,$0,$21,$3,$18,$67,$-76,$0,$0,$-2,$0,$-2,$8,$-71,$23,$2,$25,$-48,$-48,$0,$0,$-23,$-26,$0,$0
13,2015-06-30,58.05,$15.15,3.83,$53.78,1.08,$17.10,3.4,$2.56,22.68,$0.12B,$0.10B,1.18,$0.06B,$0.11B,0.56,$0.42B,$0.31B,73.32%,$0.42B,$0.03B,7.69%,$0.42B,$0.03B,7.69%,$0.42B,$0.07B,15.87%,$0.42B,$0.03B,7.69%,$0.42B,$0.02B,4.57%,$0.02B,$0.11B,17.04%,$0.02B,$0.11B,17.04%,$0.02B,$0.34B,5.91%,$0.03B,$0.18B,19.34%,$108,$34,$74,$0,$31,$96,$12,$-0,$12,$4,$7,$7,$7,$20,$12,$7,7,$0.95,$0.94,$49,$2,$0,$122,$218,$0,$0,$2,$221,$343,$103,$63,$0,$127,$230,$0,$108,$7,$113,$343,$12,$15,$4,$20,$-5,$0,$5,$3,$5,$37,$-28,$0,$0,$-2,$0,$-2,$6,$-24,$8,$2,$10,$-29,$-29,$0,$0,$-19,$-6,$0,$0
14,2015-03-31,57.27,$14.22,4.03,$52.31,1.09,$19.82,2.89,$2.24,25.57,$0.11B,$0.09B,1.19,$0.05B,$0.11B,0.48,$0.41B,$0.31B,75.97%,$0.41B,$0.03B,7.04%,$0.41B,$0.03B,7.04%,$0.41B,$0.06B,15.53%,$0.41B,$0.03B,6.80%,$0.41B,$0.02B,4.13%,$0.02B,$0.11B,14.91%,$0.02B,$0.11B,14.91%,$0.02B,$0.31B,5.41%,$0.03B,$0.16B,17.34%,$99,$29,$70,$0,$29,$90,$9,$-0,$9,$3,$5,$5,$5,$17,$9,$7,7,$0.72,$0.72,$30,$1,$0,$109,$197,$0,$0,$2,$199,$308,$91,$51,$0,$111,$202,$0,$101,$6,$106,$308,$5,$8,$2,$10,$-2,$0,$5,$2,$7,$22,$-10,$0,$0,$-2,$0,$-2,$-2,$-14,$-6,$2,$-4,$-29,$-29,$0,$0,$-32,$-25,$0,$0
15,2014-12-31,51.84,$13.47,3.85,$51.16,1.01,$20.28,2.56,$1.69,30.67,$0.13B,$0.12B,1.12,$0.05B,$0.10B,0.52,$0.41B,$0.32B,77.86%,$0.41B,$0.02B,5.60%,$0.41B,$0.02B,5.60%,$0.41B,$0.06B,14.36%,$0.41B,$0.02B,5.11%,$0.41B,$0.01B,3.16%,$0.01B,$0.10B,11.11%,$0.01B,$0.10B,11.11%,$0.01B,$0.33B,4.10%,$0.02B,$0.15B,13.11%,$102,$25,$77,$0,$35,$99,$3,$0,$3,$1,$2,$2,$2,$12,$3,$8,8,$0.27,$0.27,$53,$1,$0,$129,$193,$0,$0,$2,$196,$325,$115,$52,$0,$110,$225,$0,$96,$6,$100,$325,$13,$36,$3,$39,$5,$0,$-2,$-3,$3,$55,$10,$0,$0,$-2,$0,$-2,$-8,$-0,$-15,$2,$-14,$-15,$-15,$0,$0,$-29,$26,$0,$0
16,2014-09-30,36.25,$15.87,2.28,$49.61,0.73,$11.99,3.02,$1.57,23.09,$0.10B,$0.07B,1.37,$0.05B,$0.13B,0.41,$0.41B,$0.32B,78.57%,$0.41B,$0.02B,5.42%,$0.41B,$0.02B,5.42%,$0.41B,$0.06B,14.53%,$0.41B,$0.02B,4.93%,$0.41B,$0.01B,2.96%,$0.01B,$0.13B,9.92%,$0.01B,$0.13B,9.92%,$0.01B,$0.31B,3.77%,$0.02B,$0.18B,11.96%,$107,$23,$84,$0,$33,$99,$8,$-0,$8,$3,$5,$5,$5,$17,$8,$8,8,$0.63,$0.63,$25,$1,$0,$101,$205,$0,$0,$2,$208,$309,$74,$52,$0,$108,$182,$0,$94,$7,$127,$309,$11,$27,$3,$30,$-4,$0,$1,$-0,$2,$43,$6,$0,$0,$-0,$0,$-0,$-2,$3,$-33,$3,$-30,$-15,$-15,$0,$0,$-45,$1,$0,$0
17,2014-06-30,27.96,$15.40,1.82,$48.04,0.58,$6.45,4.34,$1.22,22.92,$0.10B,$0.08B,1.25,$0.06B,$0.12B,0.48,$0.40B,$0.29B,72.57%,$0.40B,$0.02B,4.74%,$0.40B,$0.02B,4.74%,$0.40B,$0.06B,13.97%,$0.40B,$0.02B,3.99%,$0.40B,$0.01B,2.24%,$0.01B,$0.12B,7.42%,$0.01B,$0.12B,7.42%,$0.01B,$0.31B,2.78%,$0.02B,$0.18B,9.96%,$104,$22,$82,$0,$31,$96,$9,$-0,$8,$3,$5,$5,$5,$18,$9,$8,8,$0.62,$0.62,$23,$1,$0,$98,$214,$0,$0,$2,$216,$314,$78,$59,$0,$113,$191,$0,$89,$7,$123,$314,$6,$18,$1,$19,$-4,$0,$3,$-0,$1,$27,$5,$0,$0,$0,$0,$0,$-1,$4,$-23,$5,$-18,$-14,$-14,$0,$0,$-32,$-1,$0,$0
18,2014-03-31,19.88,$14.73,1.35,$47.11,0.42,$2.15,9.24,$0.91,21.85,$0.10B,$0.08B,1.27,$0.07B,$0.12B,0.62,$0.40B,$0.27B,66.58%,$0.40B,$0.02B,3.74%,$0.40B,$0.02B,3.74%,$0.40B,$0.05B,13.22%,$0.40B,$0.01B,2.99%,$0.40B,$0.01B,1.75%,$0.01B,$0.12B,5.75%,$0.01B,$0.12B,5.75%,$0.01B,$0.32B,2.12%,$0.02B,$0.19B,7.57%,$98,$21,$77,$0,$30,$95,$3,$-1,$2,$1,$1,$1,$1,$12,$3,$8,8,$0.17,$0.17,$22,$1,$0,$100,$217,$0,$0,$2,$220,$320,$79,$73,$0,$123,$202,$0,$84,$7,$118,$320,$1,$9,$-0,$9,$-6,$0,$1,$-2,$-5,$6,$11,$0,$0,$0,$0,$0,$0,$11,$-13,$10,$-3,$-14,$-14,$0,$0,$-17,$-1,$0,$0
19,2013-12-31,20.72,$14.52,1.43,$46.44,0.45,$-0.60,0.0,$0.69,30.03,$0.09B,$0.09B,0.99,$0.07B,$0.12B,0.61,$0.40B,$0.24B,60.30%,$0.40B,$0.01B,2.98%,$0.40B,$0.01B,2.98%,$0.40B,$0.05B,12.66%,$0.40B,$0.01B,2.23%,$0.40B,$0.01B,1.49%,$0.01B,$0.12B,4.88%,$0.01B,$0.12B,4.88%,$0.01B,$0.33B,1.80%,$0.01B,$0.19B,5.88%,$97,$21,$76,$0,$30,$94,$2,$0,$2,$1,$1,$1,$1,$12,$2,$9,9,$0.15,$0.15,$22,$1,$0,$93,$234,$0,$0,$2,$237,$329,$93,$70,$0,$120,$213,$0,$83,$6,$116,$329,$6,$39,$3,$42,$-9,$0,$-3,$5,$-5,$43,$-44,$0,$0,$0,$0,$0,$-0,$-44,$8,$-6,$2,$-0,$-0,$0,$0,$2,$1,$0,$0
20,2013-09-30,17.49,$14.79,1.18,$46.33,0.38,$-5.45,0.0,$0.50,34.98,$0.10B,$0.08B,1.25,$0.08B,$0.13B,0.6,$0.40B,$0.22B,54.73%,$0.40B,$0.01B,2.49%,$0.40B,$0.01B,2.49%,$0.40B,$0.05B,12.19%,$0.40B,$0.01B,1.49%,$0.40B,$0.01B,1.24%,$0.01B,$0.13B,4.02%,$0.01B,$0.13B,4.02%,$0.01B,$0.33B,1.51%,$0.01B,$0.21B,4.81%,$102,$46,$56,$0,$32,$97,$5,$-1,$4,$2,$2,$2,$2,$14,$5,$9,9,$0.28,$0.28,$20,$2,$0,$97,$231,$0,$0,$2,$233,$330,$78,$77,$0,$124,$202,$0,$81,$6,$128,$330,$5,$30,$3,$33,$-11,$0,$2,$4,$-1,$36,$-31,$0,$0,$0,$0,$0,$-4,$-35,$5,$-6,$-1,$-0,$-0,$0,$0,$-1,$-0,$0,$0
21,2013-06-30,10.25,$14.48,0.71,$45.44,0.23,$-8.72,0.0,$0.32,32.03,$0.10B,$0.09B,1.11,$0.09B,$0.13B,0.7,$0.40B,$0.22B,55.19%,$0.40B,$0.01B,1.52%,$0.40B,$0.01B,1.52%,$0.40B,$0.05B,11.65%,$0.40B,$0.00B,0.76%,$0.40B,$0.00B,1.01%,$0.00B,$0.13B,3.19%,$0.00B,$0.13B,3.19%,$0.00B,$0.34B,1.23%,$0.01B,$0.21B,2.93%,$104,$46,$58,$0,$33,$99,$5,$-1,$4,$2,$3,$3,$3,$15,$5,$9,9,$0.31,$0.31,$19,$2,$0,$96,$246,$0,$0,$2,$248,$344,$86,$87,$0,$133,$219,$0,$79,$5,$125,$344,$2,$20,$2,$22,$-11,$0,$4,$4,$0,$24,$-27,$0,$0,$0,$0,$0,$-3,$-30,$3,$3,$6,$-0,$-0,$0,$0,$5,$-0,$0,$0
22,2013-03-31,11.0,$14.16,0.78,$44.20,0.25,$-9.53,0.0,$0.12,91.67,$0.10B,$0.08B,1.26,$0.09B,$0.12B,0.75,$0.39B,$0.22B,57.14%,$0.39B,$0.00B,0.52%,$0.39B,$0.00B,0.52%,$0.39B,$0.04B,10.91%,$0.39B,$0.00B,0.26%,$0.39B,$0.00B,0.52%,$0.00B,$0.12B,1.58%,$0.00B,$0.12B,1.58%,$0.00B,$0.33B,0.63%,$0.00B,$0.21B,1.01%,$100,$47,$53,$0,$33,$100,$-0,$-1,$-1,$-0,$-0,$-0,$-0,$10,$-0,$9,9,$-0.05,$-0.05,$20,$2,$0,$95,$236,$0,$0,$2,$239,$334,$76,$91,$0,$136,$211,$0,$76,$5,$123,$334,$-0,$10,$0,$10,$-8,$0,$4,$2,$0,$10,$-16,$0,$0,$0,$0,$0,$-2,$-18,$4,$5,$9,$-0,$-0,$0,$0,$9,$0,$0,$0
23,2012-12-31,10.23,$14.04,0.73,$43.74,0.23,$-10.42,0.0,$0.25,40.92,$0.09B,$0.07B,1.17,$0.08B,$0.12B,0.64,$0.38B,$0.23B,59.06%,$0.38B,$0.00B,0.79%,$0.38B,$0.00B,0.79%,$0.38B,$0.04B,11.02%,$0.38B,$0.00B,0.79%,$0.38B,$0.00B,0.79%,$0.00B,$0.12B,2.33%,$0.00B,$0.12B,2.33%,$0.00B,$0.32B,0.98%,$0.00B,$0.20B,1.57%,$96,$43,$53,$0,$33,$96,$-0,$-0,$-1,$-0,$-0,$-0,$-0,$10,$-0,$9,9,$-0.04,$-0.04,$18,$2,$0,$85,$230,$0,$0,$2,$233,$318,$73,$79,$0,$123,$195,$0,$77,$4,$122,$318,$2,$38,$-1,$38,$-3,$0,$-3,$-0,$-6,$34,$-77,$0,$0,$4,$0,$4,$-0,$-73,$50,$7,$57,$0,$0,$-17,$0,$39,$0,$0,$-17
24,2012-09-30,9.05,$15.11,0.6,$42.61,0.21,$-8.27,0.0,$0.31,29.19,$0.09B,$0.07B,1.24,$0.06B,$0.13B,0.47,$0.37B,$0.22B,58.56%,$0.37B,$0.00B,0.80%,$0.37B,$0.00B,0.80%,$0.37B,$0.04B,10.96%,$0.37B,$0.00B,0.80%,$0.37B,$0.00B,0.80%,$0.00B,$0.13B,2.27%,$0.00B,$0.13B,2.27%,$0.00B,$0.31B,1.02%,$0.00B,$0.19B,1.61%,$95,$41,$54,$0,$32,$94,$1,$1,$1,$1,$1,$1,$1,$11,$1,$9,9,$0.10,$0.10,$19,$2,$0,$88,$219,$0,$0,$2,$222,$310,$71,$62,$0,$108,$179,$0,$86,$5,$131,$310,$2,$28,$-0,$28,$-6,$0,$2,$1,$-2,$28,$-52,$0,$0,$3,$0,$3,$-0,$-48,$28,$2,$29,$0,$0,$-9,$0,$21,$1,$0,$-9
25,2012-06-30,8.76,$15.02,0.58,$41.69,0.21,$-4.95,0.0,$0.02,438.07,$0.09B,$0.07B,1.25,$0.05B,$0.13B,0.39,$0.37B,$0.22B,58.97%,$0.37B,$-0.00B,-0.27%,$0.37B,$-0.00B,-0.27%,$0.37B,$0.04B,9.51%,$0.37B,$-0.00B,-0.27%,$0.37B,0,0.00%,$0.00B,$0.13B,0.00%,$0.00B,$0.13B,0.00%,$0.00B,$0.30B,0.00%,$-0.00B,$0.18B,-0.57%,$94,$34,$60,$0,$39,$93,$1,$0,$2,$1,$1,$1,$1,$11,$1,$9,9,$0.11,$0.11,$23,$2,$0,$88,$207,$0,$0,$2,$209,$298,$70,$51,$0,$97,$167,$0,$85,$5,$131,$298,$2,$19,$0,$19,$-6,$0,$3,$3,$2,$22,$-32,$0,$0,$2,$0,$2,$1,$-29,$22,$-3,$19,$0,$0,$-9,$0,$10,$4,$0,$-9
26,2012-03-31,10.16,$14.97,0.68,$41.41,0.25,$-3.48,0.0,$-0.01,0.0,$0.09B,$0.06B,1.53,$0.06B,$0.13B,0.45,$0.37B,$0.21B,57.57%,$0.37B,0,0.00%,$0.37B,0,0.00%,$0.37B,$0.03B,9.19%,$0.37B,$-0.00B,-0.54%,$0.37B,0,0.00%,$0.00B,$0.13B,0.00%,$0.00B,$0.13B,0.00%,$0.00B,$0.30B,0.00%,$0.00B,$0.19B,0.00%,$96,$38,$58,$0,$37,$95,$1,$0,$1,$0,$1,$1,$1,$10,$1,$9,9,$0.08,$0.08,$21,$2,$0,$93,$200,$0,$0,$2,$202,$295,$61,$59,$0,$104,$165,$0,$84,$5,$130,$295,$1,$9,$0,$10,$-11,$0,$2,$1,$-7,$4,$-18,$0,$0,$1,$0,$1,$2,$-15,$9,$3,$12,$0,$0,$0,$0,$12,$0,$0,$0
27,2011-12-31,7.94,$15.81,0.5,$39.41,0.2,$-1.29,0.0,$-0.30,0.0,$0.08B,$0.05B,1.57,$0.04B,$0.14B,0.32,$0.36B,$0.20B,56.82%,$0.36B,$-0.01B,-1.39%,$0.36B,$-0.01B,-1.39%,$0.36B,$0.03B,7.80%,$0.36B,$-0.01B,-1.67%,$0.36B,$-0.00B,-0.84%,$-0.00B,$0.14B,-2.14%,$-0.00B,$0.14B,-2.14%,$-0.00B,$0.28B,-1.14%,$-0.01B,$0.18B,-3.13%,$89,$42,$47,$0,$27,$90,$-0,$-0,$-1,$-1,$0,$0,$0,$9,$-0,$9,9,$0.00,$0.00,$20,$2,$0,$84,$193,$0,$0,$2,$196,$279,$53,$44,$0,$88,$142,$0,$92,$5,$137,$279,$-3,$34,$-3,$31,$2,$0,$5,$-2,$7,$35,$-60,$0,$0,$-1,$0,$-1,$-0,$-61,$12,$9,$21,$-8,$-8,$0,$0,$13,$-14,$0,$0
28,2011-09-30,8.34,$15.47,0.54,$37.84,0.22,$1.79,4.65,$-0.44,0.0,$0.08B,$0.06B,1.46,$0.01B,$0.14B,0.1,$0.35B,$0.21B,58.91%,$0.35B,$-0.01B,-2.01%,$0.35B,$-0.01B,-2.01%,$0.35B,$0.02B,6.90%,$0.35B,$-0.01B,-2.01%,$0.35B,$-0.00B,-1.15%,$-0.00B,$0.14B,-2.79%,$-0.00B,$0.14B,-2.79%,$-0.00B,$0.25B,-1.54%,$-0.01B,$0.15B,-4.49%,$89,$37,$52,$0,$35,$92,$-3,$-0,$-3,$-1,$-2,$-2,$-2,$5,$-3,$9,9,$-0.19,$-0.19,$19,$1,$0,$82,$170,$0,$0,$2,$172,$254,$56,$14,$0,$60,$116,$0,$92,$3,$138,$254,$-3,$25,$-2,$22,$-2,$0,$12,$0,$15,$35,$-30,$0,$0,$-1,$0,$-1,$1,$-30,$-12,$0,$-12,$-6,$-6,$0,$0,$-18,$-13,$0,$0
29,2011-06-30,8.24,$15.81,0.52,$37.10,0.22,$1.50,5.5,$-0.30,0.0,$0.09B,$0.06B,1.52,$0.01B,$0.14B,0.06,$0.35B,$0.20B,58.09%,$0.35B,$-0.00B,-1.16%,$0.35B,$-0.00B,-1.16%,$0.35B,$0.03B,7.23%,$0.35B,$-0.01B,-1.45%,$0.35B,$-0.00B,-0.58%,$-0.00B,$0.14B,-1.37%,$-0.00B,$0.14B,-1.37%,$-0.00B,$0.26B,-0.76%,$-0.00B,$0.15B,-2.50%,$96,$40,$56,$0,$35,$94,$2,$-0,$1,$0,$1,$1,$1,$10,$2,$9,9,$0.08,$0.08,$23,$1,$0,$92,$164,$0,$0,$2,$166,$258,$60,$9,$0,$56,$116,$0,$93,$5,$142,$258,$-1,$17,$-1,$16,$-8,$0,$5,$2,$4,$18,$-15,$0,$0,$0,$0,$0,$-1,$-15,$-7,$0,$-7,$-5,$-5,$0,$0,$-12,$-9,$0,$0
30,2011-03-31,10.15,$15.57,0.65,$35.62,0.28,$0.65,15.61,$-0.25,0.0,$0.10B,$0.06B,1.7,$0.01B,$0.15B,0.07,$0.34B,$0.19B,57.91%,$0.34B,$-0.00B,-1.19%,$0.34B,$-0.00B,-1.19%,$0.34B,$0.02B,7.16%,$0.34B,$-0.00B,-1.19%,$0.34B,$-0.00B,-0.60%,$-0.00B,$0.15B,-1.36%,$-0.00B,$0.15B,-1.36%,$-0.00B,$0.26B,-0.75%,$-0.00B,$0.16B,-2.39%,$85,$36,$49,$0,$34,$89,$-4,$1,$-3,$-1,$-2,$-2,$-2,$4,$-4,$9,9,$-0.21,$-0.21,$34,$1,$0,$102,$157,$0,$0,$2,$160,$261,$60,$10,$0,$56,$116,$0,$93,$5,$145,$261,$-2,$8,$-2,$6,$-6,$0,$4,$1,$3,$8,$-2,$0,$0,$0,$0,$0,$-0,$-2,$-3,$0,$-3,$-1,$-1,$0,$0,$-4,$1,$0,$0
31,2010-12-31,9.37,$15.71,0.6,$35.26,0.27,$-1.42,0.0,$-0.07,0.0,$0.10B,$0.05B,1.89,$0.02B,$0.15B,0.12,$0.33B,$0.19B,57.83%,$0.33B,0,0.00%,$0.33B,0,0.00%,$0.33B,$0.03B,8.13%,$0.33B,$-0.00B,-0.60%,$0.33B,0,0.00%,$0.00B,$0.15B,0.00%,$0.00B,$0.15B,0.00%,$0.00B,$0.26B,0.00%,$0.00B,$0.17B,0.00%,$78,$30,$48,$0,$33,$80,$-2,$-0,$-2,$-1,$-1,$-1,$-1,$5,$-2,$9,9,$-0.12,$-0.12,$32,$1,$0,$97,$165,$0,$0,$2,$168,$264,$51,$17,$0,$65,$116,$0,$95,$4,$148,$264,$-1,$27,$-1,$26,$-2,$0,$0,$-5,$-10,$15,$-12,$0,$0,$-1,$0,$-1,$-1,$-14,$3,$0,$3,$0,$0,$0,$0,$3,$4,$0,$0
32,2010-09-30,10.51,$15.74,0.67,$35.54,0.3,$1.42,7.38,$-0.37,0.0,$0.10B,$0.06B,1.85,$0.02B,$0.15B,0.14,$0.34B,$0.19B,57.01%,$0.34B,$-0.00B,-1.19%,$0.34B,$-0.00B,-1.19%,$0.34B,$0.03B,8.36%,$0.34B,$-0.01B,-2.09%,$0.34B,$-0.00B,-0.90%,$-0.00B,$0.15B,-2.03%,$-0.00B,$0.15B,-2.03%,$-0.00B,$0.28B,-1.11%,$-0.00B,$0.17B,-2.27%,$87,$39,$48,$0,$33,$87,$-0,$-0,$-1,$-0,$-0,$-0,$-0,$6,$-0,$9,9,$-0.05,$-0.05,$33,$1,$0,$104,$170,$0,$0,$2,$172,$276,$56,$21,$0,$72,$128,$0,$96,$4,$148,$276,$0,$20,$-0,$20,$-9,$0,$8,$-3,$-6,$14,$-11,$0,$0,$-1,$0,$-1,$-2,$-14,$6,$0,$6,$0,$0,$0,$0,$6,$6,$0,$0
33,2010-06-30,12.55,$15.68,0.8,$34.49,0.36,$3.34,3.76,$-0.45,0.0,$0.09B,$0.04B,2.23,$0.03B,$0.15B,0.23,$0.33B,$0.19B,58.15%,$0.33B,$-0.01B,-1.54%,$0.33B,$-0.01B,-1.54%,$0.33B,$0.03B,8.92%,$0.33B,$-0.01B,-2.46%,$0.33B,$-0.00B,-1.23%,$-0.00B,$0.15B,-2.69%,$-0.00B,$0.15B,-2.69%,$-0.00B,$0.27B,-1.49%,$-0.01B,$0.18B,-2.79%,$85,$36,$49,$0,$32,$83,$2,$-0,$2,$1,$1,$1,$1,$9,$2,$9,9,$0.13,$0.13,$29,$1,$0,$92,$178,$0,$0,$2,$180,$272,$41,$34,$0,$83,$125,$0,$96,$2,$148,$272,$1,$13,$-2,$11,$-8,$0,$3,$-0,$-5,$8,$-12,$0,$0,$-1,$0,$-1,$-0,$-13,$10,$0,$10,$0,$0,$0,$0,$10,$4,$0,$0
34,2010-03-31,11.53,$15.68,0.74,$32.72,0.35,$4.95,2.33,$-0.83,0.0,$0.08B,$0.04B,2.04,$0.03B,$0.15B,0.22,$0.31B,$0.18B,59.09%,$0.31B,$-0.01B,-3.57%,$0.31B,$-0.01B,-3.57%,$0.31B,$0.03B,8.12%,$0.31B,$-0.01B,-4.55%,$0.31B,$-0.01B,-2.27%,$-0.01B,$0.15B,-4.70%,$-0.01B,$0.15B,-4.70%,$-0.01B,$0.27B,-2.62%,$-0.01B,$0.18B,-6.13%,$82,$35,$47,$0,$32,$82,$-0,$-0,$-1,$-0,$-0,$-0,$-0,$7,$-0,$9,9,$-0.03,$-0.03,$19,$1,$0,$83,$187,$0,$0,$2,$188,$271,$41,$33,$0,$83,$123,$0,$95,$4,$148,$271,$-0,$7,$-1,$6,$-8,$0,$3,$-2,$-5,$0,$-14,$0,$0,$0,$0,$0,$0,$-14,$7,$0,$7,$0,$0,$0,$0,$7,$-7,$0,$0
35,2009-12-31,8.63,$15.63,0.55,$31.02,0.28,$6.74,1.28,$-1.16,0.0,$0.08B,$0.04B,2.27,$0.03B,$0.15B,0.19,$0.29B,$0.18B,60.62%,$0.29B,$-0.02B,-5.14%,$0.29B,$-0.02B,-5.14%,$0.29B,$0.02B,7.88%,$0.29B,$-0.02B,-6.16%,$0.29B,$-0.01B,-3.42%,$-0.01B,$0.15B,-6.67%,$-0.01B,$0.15B,-6.67%,$-0.01B,$0.26B,-3.72%,$-0.02B,$0.17B,-8.23%,$81,$34,$47,$0,$33,$87,$-6,$-0,$-7,$-3,$-4,$-4,$-4,$6,$-6,$9,9,$-0.41,$-0.41,$25,$1,$0,$80,$179,$0,$0,$2,$181,$261,$35,$27,$0,$78,$114,$0,$95,$3,$147,$261,$-11,$38,$-4,$34,$-3,$0,$0,$3,$9,$32,$-3,$0,$0,$0,$0,$0,$0,$-2,$-10,$-11,$-21,$0,$0,$0,$0,$-21,$9,$0,$0
36,2009-09-30,6.73,$16.00,0.42,$31.10,0.22,$2.78,2.42,$-1.93,0.0,$0.08B,$0.04B,2.0,$0.03B,$0.15B,0.2,$0.30B,$0.17B,58.64%,$0.30B,$-0.02B,-8.14%,$0.30B,$-0.02B,-8.14%,$0.30B,$0.03B,9.15%,$0.30B,$-0.03B,-9.49%,$0.30B,$-0.02B,-5.76%,$-0.02B,$0.15B,-11.18%,$-0.02B,$0.15B,-11.18%,$-0.02B,$0.27B,-6.15%,$-0.02B,$0.18B,-12.87%,$77,$31,$46,$0,$31,$78,$-1,$-1,$-2,$-1,$-1,$-1,$-1,$7,$-1,$9,9,$-0.13,$-0.13,$18,$1,$0,$78,$192,$0,$0,$1,$192,$271,$39,$30,$0,$81,$120,$0,$99,$3,$151,$271,$-7,$26,$-2,$24,$-5,$0,$1,$0,$6,$22,$-2,$0,$0,$0,$0,$0,$-0,$-2,$-7,$-11,$-18,$0,$0,$0,$0,$-18,$3,$0,$0
37,2009-06-30,4.57,$15.99,0.29,$33.91,0.13,$-0.97,0.0,$-2.13,0.0,$0.07B,$0.04B,1.66,$0.03B,$0.15B,0.22,$0.32B,$0.18B,56.79%,$0.32B,$-0.02B,-7.41%,$0.32B,$-0.02B,-7.41%,$0.32B,$0.03B,8.64%,$0.32B,$-0.03B,-9.57%,$0.32B,$-0.02B,-5.86%,$-0.02B,$0.15B,-12.14%,$-0.02B,$0.15B,-12.44%,$-0.02B,$0.27B,-6.50%,$-0.02B,$0.18B,-12.23%,$68,$26,$42,$0,$29,$72,$-4,$-0,$-4,$-2,$-2,$-2,$-2,$5,$-4,$9,9,$-0.25,$-0.25,$14,$1,$0,$67,$199,$0,$0,$1,$200,$267,$41,$32,$0,$76,$117,$0,$101,$1,$150,$267,$-6,$17,$-2,$15,$5,$0,$-2,$-2,$2,$11,$-1,$0,$0,$0,$0,$0,$-0,$-1,$-4,$-6,$-9,$0,$0,$0,$0,$-9,$1,$0,$0
38,2009-03-31,4.59,$16.10,0.28,$38.06,0.12,$-2.74,0.0,$-2.02,0.0,$0.07B,$0.04B,1.68,$0.04B,$0.15B,0.27,$0.37B,$0.20B,54.22%,$0.37B,$-0.02B,-5.99%,$0.37B,$-0.02B,-5.99%,$0.37B,$0.03B,8.45%,$0.37B,$-0.03B,-7.90%,$0.37B,$-0.02B,-4.90%,$-0.02B,$0.15B,-11.13%,$-0.02B,$0.15B,-11.69%,$-0.02B,$0.28B,-5.87%,$-0.02B,$0.19B,-10.85%,$66,$24,$42,$0,$29,$69,$-4,$-2,$-5,$-2,$-3,$-3,$-3,$5,$-4,$9,9,$-0.36,$-0.36,$11,$1,$0,$66,$211,$0,$0,$1,$211,$277,$39,$41,$0,$86,$125,$0,$103,$-0,$152,$277,$-3,$9,$-1,$8,$4,$0,$-2,$-2,$1,$6,$-3,$0,$0,$0,$0,$0,$-0,$-3,$2,$-5,$-3,$0,$0,$0,$0,$-3,$-0,$0,$0
39,2008-12-31,5.85,$16.52,0.35,$41.87,0.14,$-2.70,0.0,$-1.95,0.0,$0.07B,$0.05B,1.33,$0.04B,$0.16B,0.23,$0.41B,$0.22B,53.07%,$0.41B,$-0.02B,-5.41%,$0.41B,$-0.02B,-5.41%,$0.41B,$0.03B,7.62%,$0.41B,$-0.03B,-7.13%,$0.41B,$-0.02B,-4.42%,$-0.02B,$0.16B,-10.76%,$-0.02B,$0.16B,-11.58%,$-0.02B,$0.29B,-5.63%,$-0.02B,$0.19B,-10.49%,$84,$41,$43,$0,$24,$99,$-15,$-2,$-17,$-6,$-11,$-11,$-11,$10,$-15,$10,10,$-1.18,$-1.18,$13,$1,$0,$69,$221,$0,$0,$1,$221,$290,$52,$35,$0,$83,$135,$0,$106,$1,$155,$290,$-19,$53,$-4,$49,$15,$0,$-11,$6,$10,$41,$-49,$0,$0,$-4,$0,$-4,$4,$-48,$45,$-33,$12,$-4,$-4,$0,$0,$8,$0,$0,$0
40,2008-09-30,9.1,$17.53,0.52,$43.17,0.21,$-2.70,0.0,$-0.84,0.0,$0.11B,$0.07B,1.58,$0.05B,$0.17B,0.29,$0.43B,$0.23B,55.06%,$0.43B,$-0.01B,-2.12%,$0.43B,$-0.01B,-2.12%,$0.43B,$0.03B,6.82%,$0.43B,$-0.01B,-3.06%,$0.43B,$-0.01B,-1.88%,$-0.01B,$0.17B,-4.62%,$-0.01B,$0.15B,-5.07%,$-0.01B,$0.34B,-2.44%,$-0.01B,$0.22B,-4.13%,$106,$49,$57,$0,$39,$107,$-1,$-4,$-5,$-2,$-3,$-3,$-3,$8,$-1,$10,10,$-0.33,$-0.33,$28,$1,$0,$107,$213,$0,$15,$1,$229,$336,$68,$50,$0,$99,$166,$0,$118,$2,$169,$336,$-7,$28,$1,$28,$-6,$0,$0,$5,$-2,$19,$-34,$0,$0,$-4,$0,$-4,$3,$-35,$35,$-5,$30,$-2,$-2,$0,$0,$27,$12,$0,$0
41,2008-06-30,8.9,$17.64,0.5,$42.06,0.21,$-2.67,0.0,$-0.51,0.0,$0.09B,$0.06B,1.45,$0.04B,$0.17B,0.22,$0.42B,$0.24B,57.14%,$0.42B,$-0.01B,-1.90%,$0.42B,$-0.01B,-1.90%,$0.42B,$0.03B,7.62%,$0.42B,$-0.01B,-1.90%,$0.42B,$-0.01B,-1.19%,$-0.01B,$0.17B,-2.81%,$-0.01B,$0.16B,-3.08%,$-0.01B,$0.32B,-1.53%,$-0.01B,$0.21B,-3.63%,$111,$54,$57,$0,$41,$112,$-2,$-1,$-2,$-1,$-1,$-1,$-1,$8,$-2,$10,10,$-0.14,$-0.14,$16,$1,$0,$91,$216,$0,$15,$1,$232,$323,$63,$38,$0,$89,$152,$0,$121,$-0,$171,$323,$-4,$18,$-2,$17,$-5,$0,$-1,$7,$4,$16,$-23,$0,$0,$-3,$0,$-3,$4,$-22,$24,$-16,$8,$-2,$-2,$0,$0,$6,$0,$0,$0
42,2008-03-31,13.11,$17.90,0.73,$40.99,0.32,$-4.18,0.0,$-0.16,0.0,$0.10B,$0.06B,1.76,$0.05B,$0.17B,0.27,$0.42B,$0.25B,60.34%,$0.42B,$-0.00B,-0.48%,$0.42B,$-0.00B,-0.48%,$0.42B,$0.04B,9.13%,$0.42B,$-0.00B,-0.48%,$0.42B,$-0.00B,-0.48%,$-0.00B,$0.17B,-1.10%,$-0.00B,$0.16B,-1.20%,$-0.00B,$0.33B,-0.61%,$-0.00B,$0.22B,-0.88%,$106,$47,$59,$0,$44,$110,$-4,$-1,$-5,$-2,$-3,$-3,$-3,$5,$-4,$10,10,$-0.29,$-0.29,$19,$1,$0,$104,$211,$0,$15,$1,$227,$331,$59,$46,$0,$98,$157,$0,$122,$1,$174,$331,$-3,$9,$-1,$8,$-6,$0,$1,$2,$-1,$4,$-1,$0,$0,$-3,$0,$-3,$0,$-4,$-1,$2,$1,$-2,$-2,$0,$0,$-0,$0,$0,$0
43,2007-12-31,12.98,$18.23,0.71,$39.77,0.33,$-6.15,0.0,$0.25,51.92,$0.10B,$0.04B,2.32,$0.04B,$0.18B,0.25,$0.41B,$0.26B,62.59%,$0.41B,$0.00B,0.98%,$0.41B,$0.00B,0.98%,$0.41B,$0.05B,11.00%,$0.41B,$0.01B,1.22%,$0.41B,$0.00B,0.49%,$0.00B,$0.18B,1.08%,$0.00B,$0.16B,1.17%,$0.00B,$0.32B,0.61%,$0.00B,$0.22B,1.75%,$102,$42,$61,$0,$44,$104,$-2,$0,$-1,$-0,$-1,$-1,$-1,$8,$-2,$10,10,$-0.07,$-0.07,$18,$1,$0,$100,$204,$0,$15,$1,$220,$320,$43,$44,$0,$98,$141,$0,$125,$2,$179,$320,$3,$39,$1,$40,$3,$0,$1,$-0,$2,$45,$-54,$0,$0,$-4,$0,$-4,$-4,$-62,$-1,$24,$23,$-7,$-7,$0,$0,$16,$-1,$0,$0
44,2007-09-30,15.04,$18.33,0.82,$39.16,0.38,$-3.44,0.0,$0.74,20.32,$0.10B,$0.05B,1.94,$0.04B,$0.19B,0.21,$0.40B,$0.26B,64.11%,$0.40B,$0.01B,3.22%,$0.40B,$0.01B,3.22%,$0.40B,$0.05B,13.12%,$0.40B,$0.01B,3.22%,$0.40B,$0.01B,1.73%,$0.01B,$0.19B,3.74%,$0.01B,$0.17B,4.08%,$0.01B,$0.33B,2.15%,$0.01B,$0.23B,5.82%,$101,$38,$63,$0,$43,$101,$0,$-0,$0,$0,$0,$0,$0,$11,$0,$10,10,$0.00,$0.00,$19,$1,$0,$100,$216,$0,$15,$1,$233,$332,$51,$40,$0,$93,$144,$0,$126,$3,$188,$332,$3,$30,$2,$31,$-6,$0,$4,$4,$4,$38,$-54,$0,$0,$-3,$0,$-3,$0,$-57,$-0,$20,$19,$-1,$-1,$0,$0,$19,$0,$0,$0
45,2007-06-30,15.27,$18.34,0.83,$38.99,0.39,$-0.50,0.0,$1.06,14.4,$0.10B,$0.04B,2.23,$0.05B,$0.19B,0.24,$0.40B,$0.26B,64.27%,$0.40B,$0.02B,4.71%,$0.40B,$0.02B,4.71%,$0.40B,$0.06B,13.90%,$0.40B,$0.02B,4.71%,$0.40B,$0.01B,2.48%,$0.01B,$0.19B,5.41%,$0.01B,$0.17B,5.91%,$0.01B,$0.33B,3.15%,$0.02B,$0.23B,8.73%,$107,$39,$68,$0,$44,$103,$4,$-1,$4,$1,$2,$2,$2,$14,$4,$10,10,$0.21,$0.21,$17,$1,$0,$97,$217,$0,$16,$1,$233,$331,$44,$46,$0,$99,$142,$0,$126,$4,$188,$331,$3,$19,$1,$21,$-8,$0,$-1,$6,$-0,$24,$-46,$0,$0,$-1,$0,$-1,$0,$-47,$-1,$25,$24,$-1,$-1,$0,$0,$23,$-0,$0,$0
46,2007-03-31,17.22,$18.10,0.95,$38.68,0.45,$3.55,4.85,$1.36,12.66,$0.10B,$0.05B,2.16,$0.04B,$0.19B,0.21,$0.40B,$0.26B,64.41%,$0.40B,$0.02B,6.02%,$0.40B,$0.02B,6.02%,$0.40B,$0.06B,14.79%,$0.40B,$0.02B,6.02%,$0.40B,$0.01B,3.26%,$0.01B,$0.19B,7.14%,$0.01B,$0.17B,7.83%,$0.01B,$0.32B,4.23%,$0.02B,$0.23B,11.50%,$99,$35,$64,$0,$43,$96,$2,$-0,$2,$1,$1,$1,$1,$12,$2,$10,10,$0.12,$0.12,$17,$1,$0,$96,$211,$0,$16,$1,$227,$323,$45,$40,$0,$92,$137,$0,$124,$3,$187,$323,$1,$9,$0,$10,$-5,$0,$-1,$4,$1,$12,$-29,$0,$0,$-1,$0,$-1,$0,$-30,$-1,$19,$18,$0,$0,$0,$0,$18,$0,$0,$0
47,2006-12-31,18.39,$17.96,1.02,$38.86,0.47,$6.76,2.72,$1.74,10.57,$0.10B,$0.06B,1.69,$0.02B,$0.19B,0.12,$0.40B,$0.26B,64.84%,$0.40B,$0.03B,7.73%,$0.40B,$0.03B,7.73%,$0.40B,$0.06B,15.96%,$0.40B,$0.03B,7.73%,$0.40B,$0.02B,4.24%,$0.02B,$0.19B,9.56%,$0.02B,$0.17B,10.49%,$0.02B,$0.31B,5.63%,$0.03B,$0.21B,15.42%,$97,$33,$64,$0,$40,$89,$7,$-0,$7,$3,$4,$4,$4,$16,$7,$10,10,$0.41,$0.41,$15,$1,$0,$95,$203,$0,$16,$1,$220,$314,$56,$21,$0,$73,$129,$0,$122,$3,$185,$314,$18,$34,$3,$37,$4,$0,$2,$0,$6,$61,$-42,$0,$0,$-1,$0,$-1,$0,$-43,$-1,$-18,$-18,$0,$0,$0,$0,$-18,$-0,$0,$0
