,Date,Stock Price,Book Value per Share,Price to Book Ratio,TTM Sales per Share,Price to Sales Ratio,TTM FCF per Share,Price to FCF Ratio,TTM Net EPS,PE Ratio,Current Assets,Current Liabilities,Current Ratio,Long Term Debt,Shareholder's Equity_x,Debt to Equity Ratio,TTM Revenue_x,TTM Gross Profit,Gross Margin,TTM Revenue_y,TTM Operating Income,Operating Margin,TTM Revenue_x,TTM EBIT,EBIT Margin,TTM Revenue_y,TTM EBITDA,EBITDA Margin,TTM Revenue_x,TTM Pre-Tax Income,Pre-Tax Margin,TTM Revenue_y,TTM Net Income_x,Net Margin,TTM Net Income_y,Shareholder's Equity_y,Return on Equity,TTM Net Income_x,Tangible Equity,Return on Tangible Equity,TTM Net Income_y,Total Assets,Return on Assets,TTM Net Income,LT Investments & Debt,Return on Investment,revenue,cost-goods-sold,gross-profit,research-development-expenses,selling-general-administrative-expenses,operating-expenses,operating-income,total-non-operating-income-expense,pre-tax-income,total-provision-income-taxes,income-after-taxes,income-from-continuous-operations,net-income,ebitda,ebit,basic-shares-outstanding,shares-outstanding,eps-basic-net-earnings-per-share,eps-earnings-per-share-diluted,cash-on-hand,inventory,other-current-assets,total-current-assets,net-property-plant-equipment,long-term-investments,goodwill-intangible-assets-total,other-long-term-assets,total-long-term-assets,total-assets,total-current-liabilities,long-term-debt,other-non-current-liabilities,total-long-term-liabilities,total-liabilities,common-stock-net,retained-earnings-accumulated-deficit,comprehensive-income,total-share-holder-equity,total-liabilities-share-holders-equity,net-income-loss,total-depreciation-amortization-cash-flow,other-non-cash-items,total-non-cash-items,change-in-accounts-receivable,change-in-inventories,change-in-accounts-payable,change-in-assets-liabilities,total-change-in-assets-liabilities,cash-flow-from-operating-activities,net-change-in-property-plant-equipment,net-change-in-intangible-assets,net-acquisitions-divestitures,net-change-in-short-term-investments,net-change-in-long-term-investments,net-change-in-investments-total,investing-activities-other,cash-flow-from-investing-activities,net-long-term-debt,net-current-debt,debt-issuance-retirement-net-total,net-common-equity-issued-repurchased,net-total-equity-issued-repurchased,total-common-preferred-stock-dividends-paid,financial-activities-other,cash-flow-from-financial-activities,net-cash-flow,stock-based-compensation,common-stock-dividends-paid
0,2018-09-30,0.96,$-12.34,-0.08,$10.81,0.09,$-3.19,0.0,$-6.37,0.0,$0.12B,$0.11B,1.08,$0.32B,$-0.17B,-1.87,$0.13B,$0.09B,68.75%,$0.13B,$-0.05B,-38.28%,$0.13B,$-0.05B,-38.28%,$0.13B,$-0.01B,-4.69%,$0.13B,$-0.09B,-67.19%,$0.13B,$-0.08B,-60.16%,$-0.08B,$-0.17B,41.45%,$-0.08B,$-0.32B,25.65%,$-0.08B,$0.28B,-37.38%,$-0.05B,$0.15B,-47.12%,$37,$12,$25,$2,$32,$48,$-11,$-11,$-21,$0,$-21,$-21,$-12,$-4,$-11,$13,13,$-0.89,$-0.89,$25,$18,$0,$121,$1,$0,$151,$2,$154,$275,$112,$322,$2,$335,$447,$0,$-479,$0,$-172,$275,$-53,$23,$3,$26,$6,$4,$-0,$-10,$2,$-25,$-0,$0,$-69,$0,$0,$0,$0,$-69,$45,$0,$45,$42,$42,$0,$-1,$86,$-8,$1,$0
1,2018-06-30,2.43,$-16.99,-0.14,$10.47,0.23,$-1.82,0.0,$-5.06,0.0,$0.07B,$0.09B,0.77,$0.28B,$-0.21B,-1.37,$0.13B,$0.09B,70.99%,$0.13B,$-0.04B,-28.24%,$0.13B,$-0.04B,-28.24%,$0.13B,$0.02B,14.50%,$0.13B,$-0.06B,-45.04%,$0.13B,$-0.06B,-45.04%,$-0.06B,$-0.21B,33.05%,$-0.06B,$-0.30B,20.24%,$-0.06B,$0.17B,-29.84%,$-0.04B,$0.08B,-62.18%,$21,$6,$16,$0,$18,$26,$-4,$-9,$-14,$0,$-14,$-14,$-14,$-1,$-4,$12,12,$-1.13,$-1.13,$20,$5,$0,$66,$1,$0,$98,$2,$100,$167,$86,$281,$4,$286,$372,$0,$-468,$0,$-205,$167,$-32,$16,$2,$17,$10,$0,$-2,$0,$7,$-8,$-0,$0,$0,$0,$0,$0,$0,$0,$-5,$0,$-5,$0,$0,$0,$-0,$-5,$-13,$1,$0
2,2018-03-31,2.39,$-16.21,-0.15,$12.13,0.2,$-2.05,0.0,$-6.09,0.0,$0.08B,$0.09B,0.88,$0.28B,$-0.19B,-1.45,$0.14B,$0.10B,70.14%,$0.14B,$-0.05B,-31.94%,$0.14B,$-0.05B,-31.94%,$0.14B,$0.03B,19.44%,$0.14B,$-0.07B,-46.53%,$0.14B,$-0.07B,-46.53%,$-0.07B,$-0.19B,39.82%,$-0.07B,$-0.29B,22.52%,$-0.07B,$0.18B,-30.80%,$-0.05B,$0.09B,-66.19%,$28,$9,$19,$0,$17,$37,$-9,$-9,$-19,$0,$-19,$-19,$-19,$3,$-9,$12,12,$-1.57,$-1.57,$27,$5,$0,$77,$1,$0,$99,$2,$102,$178,$87,$279,$5,$283,$371,$0,$-454,$0,$-192,$178,$-19,$12,$1,$13,$8,$-0,$-2,$-5,$5,$-0,$-0,$0,$0,$0,$0,$0,$0,$-0,$-5,$0,$-5,$0,$0,$0,$-0,$-6,$-6,$0,$0
3,2017-12-31,2.4,$-14.72,-0.16,$12.73,0.19,$-2.11,0.0,$-7.46,0.0,$0.09B,$0.09B,0.98,$0.28B,$-0.17B,-1.6,$0.15B,$0.10B,69.86%,$0.15B,$-0.06B,-39.04%,$0.15B,$-0.06B,-39.04%,$0.15B,$0.03B,17.12%,$0.15B,$-0.08B,-52.74%,$0.15B,$-0.08B,-52.74%,$-0.08B,$-0.17B,49.36%,$-0.08B,$-0.28B,25.18%,$-0.08B,$0.20B,-32.35%,$-0.06B,$0.10B,-135.71%,$42,$14,$28,$0,$17,$66,$-25,$-7,$-32,$0,$-32,$-32,$-32,$-4,$-25,$11,11,$-2.68,$-2.53,$33,$5,$0,$92,$1,$0,$109,$2,$112,$204,$94,$278,$6,$284,$378,$0,$-436,$0,$-174,$204,$-77,$82,$-7,$75,$5,$2,$0,$-6,$-4,$-6,$-0,$0,$0,$0,$0,$0,$2,$2,$12,$0,$12,$2,$2,$0,$-14,$0,$-4,$2,$0
4,2017-09-30,3.15,$-12.42,-0.25,$12.70,0.25,$-3.79,0.0,$-14.78,0.0,$0.09B,$0.09B,0.99,$0.12B,$-0.14B,-0.8,$0.13B,$0.10B,70.90%,$0.13B,$-0.11B,-81.34%,$0.13B,$-0.11B,-81.34%,$0.13B,$-0.03B,-18.66%,$0.13B,$-0.13B,-97.76%,$0.13B,$-0.13B,-97.76%,$-0.13B,$-0.14B,92.91%,$-0.13B,$-0.29B,41.79%,$-0.13B,$0.24B,-49.53%,$-0.11B,$-0.03B,-181.67%,$40,$11,$30,$0,$20,$39,$1,$5,$6,$0,$6,$6,$6,$21,$1,$11,17,$0.57,$0.42,$27,$8,$0,$93,$1,$0,$145,$2,$149,$242,$94,$115,$7,$291,$385,$0,$-403,$-0,$-143,$242,$-45,$61,$-23,$38,$2,$-0,$-3,$-0,$-3,$-9,$-0,$0,$0,$0,$0,$0,$0,$-0,$12,$0,$13,$1,$1,$0,$-14,$0,$-9,$2,$0
5,2017-06-30,4.02,$-16.35,-0.25,$14.94,0.27,$-5.93,0.0,$-18.19,0.0,$0.08B,$0.11B,0.75,$0.28B,$-0.16B,-1.71,$0.14B,$0.10B,71.11%,$0.14B,$-0.13B,-94.07%,$0.14B,$-0.13B,-94.07%,$0.14B,$-0.04B,-30.37%,$0.14B,$-0.16B,-120.74%,$0.14B,$-0.16B,-120.74%,$-0.16B,$-0.16B,144.57%,$-0.16B,$-0.33B,51.34%,$-0.16B,$0.25B,-54.79%,$-0.13B,$0.12B,-94.25%,$34,$10,$24,$0,$19,$47,$-13,$-9,$-22,$0,$-22,$-22,$-22,$8,$-13,$10,10,$-2.16,$-2.16,$14,$8,$0,$82,$1,$0,$164,$0,$165,$246,$109,$279,$22,$301,$410,$0,$-409,$-0,$-164,$246,$-51,$41,$1,$42,$5,$-1,$1,$-1,$-0,$-9,$-0,$0,$0,$0,$0,$0,$0,$-0,$-13,$0,$-13,$0,$0,$0,$0,$-13,$-22,$1,$0
6,2017-03-31,3.7,$-14.25,-0.26,$17.02,0.22,$-8.27,0.0,$-20.73,0.0,$0.08B,$0.09B,0.88,$0.12B,$-0.14B,-0.84,$0.14B,$0.10B,70.29%,$0.14B,$-0.14B,-98.55%,$0.14B,$-0.14B,-98.55%,$0.14B,$-0.05B,-35.51%,$0.14B,$-0.17B,-124.64%,$0.14B,$-0.17B,-124.64%,$-0.17B,$-0.14B,231.65%,$-0.17B,$-0.32B,55.13%,$-0.17B,$0.26B,-51.08%,$-0.14B,$-0.02B,-76.30%,$30,$10,$20,$1,$20,$50,$-20,$-9,$-29,$0,$-29,$-29,$-29,$0,$-20,$10,10,$-2.94,$-2.94,$23,$7,$0,$77,$1,$0,$182,$0,$183,$260,$87,$119,$23,$315,$403,$0,$-388,$-0,$-143,$260,$-29,$21,$1,$22,$20,$0,$-2,$-7,$7,$-1,$-0,$0,$0,$0,$0,$0,$0,$-0,$-13,$0,$-13,$0,$0,$0,$0,$-13,$-14,$1,$0
7,2016-12-31,1.94,$-11.39,-0.17,$19.37,0.1,$-8.77,0.0,$-21.99,0.0,$0.11B,$0.11B,0.99,$0.29B,$-0.11B,-2.55,$0.14B,$0.10B,70.00%,$0.14B,$-0.14B,-100.00%,$0.14B,$-0.14B,-100.00%,$0.14B,$-0.05B,-34.29%,$0.14B,$-0.17B,-120.71%,$0.14B,$-0.17B,-120.71%,$-0.17B,$-0.11B,466.21%,$-0.17B,$-0.31B,54.83%,$-0.17B,$0.31B,-44.01%,$-0.14B,$0.18B,-53.33%,$30,$9,$21,$1,$25,$107,$-77,$-9,$-86,$0,$-86,$-86,$-86,$-54,$-77,$8,8,$-9.77,$-9.77,$36,$8,$0,$109,$1,$0,$200,$0,$202,$310,$110,$290,$25,$315,$425,$0,$-358,$-0,$-114,$310,$-170,$93,$38,$131,$11,$2,$0,$13,$22,$-17,$-1,$0,$-1,$0,$0,$0,$0,$-2,$-20,$-1,$-21,$20,$20,$0,$-0,$-2,$-20,$3,$0
8,2016-09-30,6.22,$-3.20,-1.95,$24.21,0.26,$-9.53,0.0,$-25.29,0.0,$0.10B,$0.09B,1.08,$0.30B,$-0.03B,-10.01,$0.16B,$0.11B,69.87%,$0.16B,$-0.11B,-73.08%,$0.16B,$-0.11B,-73.08%,$0.16B,$-0.02B,-9.62%,$0.16B,$-0.14B,-92.31%,$0.16B,$-0.17B,-105.77%,$-0.17B,$-0.03B,-33000.00%,$-0.17B,$-0.31B,53.79%,$-0.17B,$0.37B,-38.26%,$-0.11B,$0.27B,-44.62%,$41,$11,$31,$2,$22,$59,$-17,$-9,$-26,$0,$-26,$-26,$-26,$5,$-17,$9,9,$-2.99,$-2.99,$29,$8,$0,$98,$1,$0,$275,$0,$276,$374,$91,$301,$12,$313,$404,$0,$-272,$-0,$-30,$374,$-84,$70,$-11,$59,$17,$2,$-7,$-7,$2,$-23,$-1,$0,$-1,$0,$0,$0,$0,$-2,$-20,$-1,$-21,$18,$18,$0,$-0,$-3,$-28,$2,$0
9,2016-06-30,4.48,$-1.14,-3.93,$27.49,0.16,$-8.79,0.0,$-24.10,0.0,$0.11B,$0.10B,1.05,$0.30B,$-0.01B,-30.9,$0.16B,$0.12B,70.12%,$0.16B,$-0.11B,-68.90%,$0.16B,$-0.11B,-68.90%,$0.16B,$-0.01B,-5.49%,$0.16B,$-0.13B,-81.71%,$0.16B,$-0.15B,-91.46%,$-0.15B,$-0.01B,-413.79%,$-0.15B,$-0.31B,49.38%,$-0.15B,$0.40B,-30.79%,$-0.11B,$0.29B,-38.40%,$37,$12,$25,$2,$25,$59,$-22,$-9,$-31,$-0,$-31,$-31,$-31,$0,$-22,$7,7,$-4.67,$-4.67,$29,$10,$0,$106,$1,$0,$295,$0,$297,$403,$101,$300,$11,$312,$412,$1,$-246,$0,$-10,$403,$-57,$48,$-12,$35,$13,$0,$-4,$-1,$1,$-21,$-1,$0,$-1,$0,$0,$0,$0,$-2,$-15,$-1,$-16,$11,$11,$0,$-0,$-5,$-27,$2,$0
10,2016-03-31,10.5,$1.41,7.45,$30.95,0.34,$-7.56,0.0,$-25.60,0.0,$0.13B,$0.12B,1.07,$0.30B,$0.01B,35.32,$0.17B,$0.12B,70.69%,$0.17B,$-0.11B,-60.92%,$0.17B,$-0.11B,-60.92%,$0.17B,$-0.00B,-0.57%,$0.17B,$-0.14B,-79.89%,$0.17B,$-0.15B,-86.78%,$-0.15B,$0.01B,-217.27%,$-0.15B,$-0.31B,49.75%,$-0.15B,$0.45B,-27.92%,$-0.11B,$0.31B,-32.07%,$32,$11,$21,$1,$26,$56,$-24,$-2,$-26,$0,$-26,$-26,$-26,$1,$-24,$6,6,$-4.24,$-4.24,$47,$12,$0,$129,$2,$0,$317,$0,$320,$449,$121,$304,$15,$319,$441,$1,$-215,$0,$9,$449,$-26,$25,$-11,$14,$9,$-2,$7,$-6,$8,$-3,$-0,$0,$0,$0,$0,$0,$0,$-0,$-15,$-1,$-16,$0,$0,$0,$-0,$-16,$-19,$1,$0
11,2015-12-31,29.5,$5.42,5.45,$34.45,0.86,$-11.99,0.0,$-27.60,0.0,$0.16B,$0.13B,1.18,$0.12B,$0.03B,3.47,$0.18B,$0.12B,70.45%,$0.18B,$-0.10B,-57.39%,$0.18B,$-0.10B,-57.39%,$0.18B,$-0.00B,-1.14%,$0.18B,$-0.14B,-80.11%,$0.18B,$-0.15B,-84.66%,$-0.15B,$0.03B,-180.06%,$-0.15B,$-0.31B,50.94%,$-0.15B,$0.50B,-27.47%,$-0.10B,$0.15B,-29.88%,$46,$14,$32,$3,$25,$97,$-51,$-10,$-61,$21,$-82,$-82,$-82,$-21,$-51,$5,5,$-13.65,$-13.65,$66,$10,$0,$156,$2,$0,$341,$0,$344,$499,$132,$115,$30,$334,$466,$0,$-189,$0,$33,$499,$-148,$100,$38,$138,$-17,$0,$0,$-0,$-4,$-15,$-1,$0,$-88,$0,$0,$0,$5,$-84,$120,$8,$128,$0,$0,$0,$-8,$120,$21,$6,$0
12,2015-09-30,31.8,$18.53,1.72,$39.97,0.8,$-6.95,0.0,$-16.20,0.0,$0.18B,$0.13B,1.38,$0.31B,$0.11B,2.77,$0.18B,$0.13B,70.65%,$0.18B,$-0.05B,-28.80%,$0.18B,$-0.05B,-28.80%,$0.18B,$0.04B,19.57%,$0.18B,$-0.09B,-50.54%,$0.18B,$-0.08B,-40.76%,$-0.08B,$0.11B,-78.53%,$-0.08B,$-0.29B,26.69%,$-0.08B,$0.60B,-13.96%,$-0.05B,$0.43B,-13.48%,$49,$12,$37,$3,$27,$65,$-16,$-0,$-16,$-6,$-11,$-11,$-11,$11,$-16,$6,6,$-1.76,$-1.76,$67,$11,$0,$175,$2,$0,$407,$15,$423,$598,$127,$313,$44,$358,$485,$1,$-107,$0,$113,$598,$-67,$70,$-9,$61,$-16,$-0,$0,$-3,$-5,$-11,$-1,$0,$-86,$0,$0,$0,$5,$-82,$120,$3,$123,$0,$0,$0,$-7,$116,$22,$4,$0
13,2015-06-30,59.2,$20.16,2.94,$40.25,1.47,$-11.23,0.0,$-17.50,0.0,$0.18B,$0.12B,1.47,$0.31B,$0.12B,2.55,$0.17B,$0.11B,67.47%,$0.17B,$-0.04B,-25.90%,$0.17B,$-0.04B,-25.90%,$0.17B,$0.03B,18.07%,$0.17B,$-0.09B,-53.01%,$0.17B,$-0.08B,-45.78%,$-0.08B,$0.12B,-84.92%,$-0.08B,$-0.30B,27.46%,$-0.08B,$0.62B,-14.89%,$-0.04B,$0.44B,-11.31%,$47,$14,$33,$1,$25,$62,$-15,$-20,$-36,$-4,$-32,$-32,$-32,$8,$-15,$5,5,$-6.20,$-6.20,$77,$9,$0,$176,$2,$0,$427,$12,$441,$617,$120,$312,$59,$374,$494,$1,$-96,$0,$123,$617,$-56,$43,$6,$49,$-2,$1,$0,$-1,$-3,$-10,$-1,$0,$-81,$0,$0,$0,$0,$-82,$130,$1,$131,$0,$0,$0,$-7,$124,$32,$3,$0
14,2015-03-31,106.9,$15.90,6.72,$35.88,2.98,$-11.99,0.0,$-12.90,0.0,$0.12B,$0.10B,1.21,$0.28B,$0.06B,4.55,$0.14B,$0.09B,63.97%,$0.14B,$-0.04B,-26.47%,$0.14B,$-0.04B,-26.47%,$0.14B,$0.02B,12.50%,$0.14B,$-0.06B,-45.59%,$0.14B,$-0.05B,-36.76%,$-0.05B,$0.06B,-60.24%,$-0.05B,$-0.27B,24.27%,$-0.05B,$0.46B,-11.93%,$-0.04B,$0.34B,-11.54%,$34,$12,$22,$1,$20,$53,$-19,$-9,$-28,$-5,$-24,$-24,$-24,$0,$-19,$4,4,$-6.20,$-6.20,$19,$13,$0,$117,$2,$0,$327,$10,$339,$456,$97,$281,$9,$297,$394,$0,$-64,$0,$62,$456,$-24,$19,$-1,$18,$-1,$-1,$-4,$-5,$-13,$-19,$-0,$0,$0,$0,$0,$0,$0,$-0,$-0,$3,$3,$0,$0,$0,$-0,$3,$-16,$2,$0
15,2014-12-31,93.9,$21.80,4.31,$32.18,2.92,$-8.65,0.0,$-9.30,0.0,$0.12B,$0.10B,1.23,$0.29B,$0.08B,3.41,$0.12B,$0.07B,61.16%,$0.12B,$-0.03B,-25.62%,$0.12B,$-0.03B,-25.62%,$0.12B,$0.01B,4.13%,$0.12B,$-0.05B,-40.50%,$0.12B,$-0.04B,-29.75%,$-0.04B,$0.08B,-38.61%,$-0.04B,$-0.26B,24.96%,$-0.04B,$0.48B,-9.74%,$-0.03B,$0.37B,-11.56%,$54,$16,$38,$2,$19,$56,$-3,$-10,$-13,$-5,$-8,$-8,$-8,$17,$-3,$4,4,$-2.00,$-2.00,$35,$10,$0,$120,$2,$0,$345,$11,$358,$478,$98,$285,$12,$297,$394,$0,$-40,$0,$84,$478,$-35,$35,$-2,$34,$-18,$2,$12,$3,$10,$9,$-1,$0,$-254,$0,$0,$0,$5,$-250,$285,$-10,$275,$2,$2,$0,$-17,$260,$19,$5,$0
16,2014-09-30,76.8,$23.28,3.3,$24.53,3.13,$-12.63,0.0,$-8.80,0.0,$0.11B,$0.09B,1.23,$0.29B,$0.09B,3.2,$0.09B,$0.05B,54.95%,$0.09B,$-0.06B,-65.93%,$0.09B,$-0.06B,-65.93%,$0.09B,$-0.04B,-46.15%,$0.09B,$-0.06B,-60.44%,$0.09B,$-0.03B,-37.36%,$-0.03B,$0.09B,-34.00%,$-0.03B,$-0.28B,41.59%,$-0.03B,$0.49B,-11.23%,$-0.06B,$0.37B,-29.41%,$31,$13,$19,$0,$14,$37,$-6,$-5,$-11,$1,$-12,$-12,$-12,$5,$-6,$4,4,$-3.10,$-3.10,$16,$12,$0,$113,$1,$0,$365,$11,$378,$490,$92,$285,$11,$309,$401,$0,$-33,$0,$89,$490,$-27,$16,$3,$19,$-26,$2,$0,$-3,$-15,$-23,$-1,$0,$-252,$0,$0,$0,$5,$-247,$285,$2,$287,$2,$2,$0,$-17,$271,$1,$3,$0
17,2014-06-30,89.8,$25.60,3.51,$21.20,4.24,$-9.07,0.0,$-7.30,0.0,$0.12B,$0.07B,1.82,$0.07B,$0.10B,0.67,$0.08B,$0.04B,51.28%,$0.08B,$-0.06B,-76.92%,$0.08B,$-0.06B,-76.92%,$0.08B,$-0.05B,-64.10%,$0.08B,$-0.05B,-66.67%,$0.08B,$-0.03B,-35.90%,$-0.03B,$0.10B,-28.07%,$-0.03B,$-0.02B,95.73%,$-0.03B,$0.25B,-11.72%,$-0.06B,$0.16B,-45.20%,$17,$9,$8,$0,$13,$25,$-8,$-2,$-10,$-4,$-6,$-6,$-6,$-5,$-8,$4,4,$-1.60,$-1.60,$61,$13,$0,$124,$1,$0,$118,$6,$129,$253,$68,$65,$11,$88,$156,$0,$-21,$0,$97,$253,$-16,$5,$2,$7,$3,$1,$0,$0,$-1,$-10,$-0,$0,$1,$0,$0,$0,$0,$1,$65,$-4,$61,$2,$2,$0,$-9,$55,$45,$3,$0
18,2014-03-31,53.5,$27.35,1.96,$22.15,2.42,$-6.48,0.0,$-7.30,0.0,$0.13B,$0.07B,1.87,$0.07B,$0.10B,0.63,$0.08B,$0.04B,50.00%,$0.08B,$-0.06B,-73.17%,$0.08B,$-0.06B,-73.17%,$0.08B,$-0.05B,-60.98%,$0.08B,$-0.05B,-60.98%,$0.08B,$-0.03B,-34.15%,$-0.03B,$0.10B,-28.43%,$-0.03B,$-0.02B,70.44%,$-0.03B,$0.26B,-11.58%,$-0.06B,$0.17B,-51.39%,$19,$10,$9,$1,$14,$33,$-14,$-1,$-15,$-6,$-10,$-10,$-10,$-12,$-14,$4,4,$-2.60,$-2.60,$56,$11,$3,$125,$1,$0,$120,$6,$132,$257,$67,$65,$12,$87,$154,$0,$-15,$0,$103,$257,$-10,$3,$2,$4,$-6,$2,$0,$-3,$-1,$-6,$-0,$0,$0,$0,$0,$0,$0,$-0,$65,$-12,$53,$0,$0,$0,$-7,$46,$40,$2,$0
19,2013-12-31,25.2,$29.77,0.85,$23.34,1.08,$-4.13,0.0,$-7.00,0.0,$0.08B,$0.07B,1.1,$0.00B,$0.11B,0.01,$0.09B,$0.04B,48.24%,$0.09B,$-0.05B,-63.53%,$0.09B,$-0.05B,-63.53%,$0.09B,$-0.04B,-51.76%,$0.09B,$-0.05B,-54.12%,$0.09B,$-0.03B,-30.59%,$-0.03B,$0.11B,-26.87%,$-0.03B,$-0.01B,45.41%,$-0.03B,$0.21B,-10.42%,$-0.05B,$0.11B,-49.54%,$24,$10,$14,$1,$24,$56,$-32,$13,$-19,$-13,$-6,$-6,$-6,$-30,$-32,$4,4,$-1.60,$-1.60,$16,$14,$0,$76,$7,$0,$123,$1,$135,$211,$69,$1,$14,$31,$101,$0,$-5,$0,$111,$211,$-26,$10,$-13,$-3,$12,$7,$-3,$8,$22,$-7,$-0,$20,$-0,$0,$5,$5,$0,$23,$-0,$-25,$-25,$0,$0,$0,$1,$-24,$-7,$2,$0
20,2013-09-30,27.2,$23.28,1.17,$23.24,1.17,$-3.00,0.0,$-6.00,0.0,$0.07B,$0.08B,0.9,$0.00B,$0.09B,0.02,$0.08B,$0.04B,48.10%,$0.08B,$-0.02B,-30.38%,$0.08B,$-0.02B,-30.38%,$0.08B,$-0.02B,-18.99%,$0.08B,$-0.03B,-36.71%,$0.08B,$-0.02B,-26.58%,$-0.02B,$0.09B,-23.66%,$-0.02B,$-0.07B,30.00%,$-0.02B,$0.24B,-8.09%,$-0.02B,$0.09B,-21.62%,$18,$10,$9,$1,$12,$24,$-6,$-2,$-8,$-3,$-6,$-6,$-6,$-3,$-6,$4,4,$-1.60,$-1.60,$10,$17,$0,$68,$7,$0,$154,$1,$167,$235,$76,$1,$35,$71,$147,$0,$0,$0,$88,$235,$-19,$8,$-7,$1,$15,$5,$0,$-3,$9,$-9,$-0,$20,$-0,$0,$5,$5,$0,$23,$-13,$-16,$-28,$0,$0,$0,$1,$-27,$-13,$2,$0
21,2013-06-30,36.1,$24.71,1.46,$24.55,1.47,$-0.19,0.0,$-4.50,0.0,$0.07B,$0.09B,0.84,$0.01B,$0.09B,0.07,$0.08B,$0.04B,49.37%,$0.08B,$-0.02B,-24.05%,$0.08B,$-0.02B,-24.05%,$0.08B,$-0.01B,-15.19%,$0.08B,$-0.02B,-27.85%,$0.08B,$-0.02B,-18.99%,$-0.02B,$0.09B,-17.34%,$-0.02B,$-0.06B,37.50%,$-0.02B,$0.26B,-6.56%,$-0.02B,$0.10B,-17.47%,$21,$11,$9,$2,$13,$28,$-8,$0,$-8,$-2,$-6,$-6,$-6,$-5,$-8,$4,4,$-1.50,$-1.50,$9,$19,$0,$72,$7,$0,$155,$30,$193,$264,$85,$6,$37,$87,$173,$0,$6,$0,$92,$264,$-14,$5,$-1,$4,$11,$4,$6,$-1,$9,$-1,$-0,$0,$-0,$0,$5,$5,$0,$4,$-13,$-6,$-19,$0,$0,$0,$1,$-17,$-14,$1,$0
22,2013-03-31,49.6,$25.68,1.93,$22.71,2.18,$2.20,22.51,$-3.20,0.0,$0.09B,$0.07B,1.36,$0.04B,$0.10B,0.42,$0.07B,$0.04B,54.41%,$0.07B,$-0.01B,-17.65%,$0.07B,$-0.01B,-17.65%,$0.07B,$-0.01B,-11.76%,$0.07B,$-0.02B,-22.06%,$0.07B,$-0.01B,-14.71%,$-0.01B,$0.10B,-12.08%,$-0.01B,$-0.09B,97.56%,$-0.01B,$0.29B,-5.27%,$-0.01B,$0.14B,-11.59%,$22,$13,$9,$1,$14,$30,$-8,$-3,$-11,$-3,$-8,$-8,$-8,$-6,$-8,$4,4,$-2.30,$-2.30,$26,$18,$0,$91,$7,$3,$185,$2,$197,$288,$67,$41,$39,$125,$192,$0,$12,$2,$96,$288,$-8,$2,$2,$4,$7,$5,$-1,$-1,$7,$3,$-0,$0,$-0,$0,$0,$0,$0,$-0,$-0,$-1,$-1,$0,$0,$0,$2,$1,$3,$1,$0
23,2012-12-31,77.5,$23.58,3.29,$21.89,3.54,$3.34,23.18,$-0.50,0.0,$0.10B,$0.05B,1.77,$0.04B,$0.08B,0.53,$0.06B,$0.04B,63.33%,$0.06B,$-0.00B,-3.33%,$0.06B,$-0.00B,-3.33%,$0.06B,$0.00B,1.67%,$0.06B,$-0.00B,-3.33%,$0.06B,$-0.00B,-1.67%,$-0.00B,$0.08B,-1.38%,$-0.00B,$-0.06B,-4.44%,$-0.00B,$0.25B,-0.72%,$-0.00B,$0.12B,-2.41%,$18,$8,$11,$0,$11,$20,$-2,$-0,$-2,$-0,$-1,$-1,$-1,$-1,$-2,$3,3,$-0.60,$-0.50,$23,$22,$0,$96,$7,$6,$141,$2,$156,$251,$54,$41,$42,$119,$173,$0,$20,$3,$79,$251,$-1,$3,$2,$5,$-4,$-1,$-2,$-0,$-5,$-2,$-0,$-1,$-64,$0,$0,$0,$0,$-65,$40,$-6,$34,$25,$25,$0,$-3,$55,$-12,$3,$0
24,2012-09-30,74.5,$27.04,2.75,$24.17,3.08,$7.91,9.42,$1.50,49.67,$0.07B,$0.03B,2.68,$0.00B,$0.08B,0.02,$0.06B,$0.04B,65.08%,$0.06B,$0.01B,9.52%,$0.06B,$0.01B,9.52%,$0.06B,$0.01B,14.29%,$0.06B,$0.01B,9.52%,$0.06B,$0.00B,6.35%,$0.00B,$0.08B,6.13%,$0.00B,$0.05B,8.25%,$0.00B,$0.11B,4.10%,$0.01B,$0.08B,9.16%,$18,$8,$10,$0,$10,$19,$-1,$0,$-1,$-0,$-0,$-0,$-0,$0,$-1,$3,3,$-0.10,$-0.10,$37,$7,$0,$74,$7,$6,$25,$0,$38,$112,$28,$1,$0,$6,$34,$0,$22,$3,$79,$112,$-0,$2,$2,$5,$1,$0,$0,$-0,$-4,$1,$-0,$-3,$-10,$0,$0,$0,$0,$-13,$-0,$-6,$-6,$24,$24,$0,$-3,$15,$2,$2,$0
25,2012-06-30,72.9,$26.57,2.74,$24.72,2.95,$8.22,8.87,$2.40,30.38,$0.08B,$0.03B,3.04,$0.00B,$0.08B,0.0,$0.06B,$0.04B,64.52%,$0.06B,$0.01B,16.13%,$0.06B,$0.01B,16.13%,$0.06B,$0.01B,20.97%,$0.06B,$0.01B,16.13%,$0.06B,$0.01B,9.68%,$0.01B,$0.08B,10.62%,$0.01B,$0.06B,13.79%,$0.01B,$0.11B,6.74%,$0.01B,$0.08B,17.24%,$10,$3,$7,$0,$8,$12,$-1,$-0,$-1,$-1,$-1,$-1,$-1,$-1,$-1,$3,3,$-0.30,$-0.30,$51,$7,$0,$80,$1,$5,$21,$0,$28,$108,$26,$0,$0,$4,$31,$0,$22,$3,$77,$108,$0,$1,$2,$3,$5,$-0,$1,$0,$3,$6,$-0,$-3,$-5,$0,$0,$0,$0,$-8,$0,$-6,$-6,$24,$24,$0,$-0,$17,$16,$1,$0
26,2012-03-31,90.0,$20.98,4.29,$26.23,3.43,$9.68,9.3,$3.40,26.47,$0.07B,$0.03B,2.24,$0.00B,$0.06B,0.0,$0.06B,$0.04B,65.63%,$0.06B,$0.01B,20.31%,$0.06B,$0.01B,20.31%,$0.06B,$0.02B,26.56%,$0.06B,$0.01B,20.31%,$0.06B,$0.01B,14.06%,$0.01B,$0.06B,21.05%,$0.01B,$0.04B,27.69%,$0.01B,$0.09B,12.12%,$0.01B,$0.06B,28.42%,$14,$5,$10,$0,$7,$12,$2,$-0,$2,$1,$1,$1,$1,$3,$2,$3,3,$0.50,$0.40,$39,$5,$0,$67,$1,$6,$13,$0,$20,$87,$30,$0,$0,$2,$32,$0,$23,$2,$55,$87,$1,$1,$1,$2,$4,$1,$-1,$0,$2,$5,$-0,$-2,$0,$0,$0,$0,$0,$-2,$0,$0,$0,$2,$2,$0,$-0,$2,$5,$0,$0
27,2011-12-31,92.6,$19.27,4.8,$25.13,3.69,$10.00,9.26,$3.40,27.24,$0.07B,$0.03B,2.16,$0.00B,$0.05B,0.0,$0.06B,$0.04B,66.67%,$0.06B,$0.01B,21.67%,$0.06B,$0.01B,21.67%,$0.06B,$0.02B,26.67%,$0.06B,$0.01B,21.67%,$0.06B,$0.01B,15.00%,$0.01B,$0.05B,26.47%,$0.01B,$0.04B,37.11%,$0.01B,$0.08B,14.01%,$0.01B,$0.05B,33.77%,$21,$8,$14,$0,$7,$15,$6,$-0,$6,$2,$4,$4,$4,$7,$6,$2,2,$1.60,$1.50,$35,$6,$0,$68,$1,$4,$9,$0,$14,$83,$31,$0,$1,$1,$33,$0,$22,$1,$50,$83,$8,$2,$1,$3,$-6,$-2,$1,$-0,$-2,$9,$-0,$0,$0,$0,$-2,$-2,$0,$-2,$0,$1,$1,$20,$20,$0,$-1,$19,$26,$1,$0
28,2011-09-30,88.2,$17.06,5.17,$21.62,4.08,$8.17,10.79,$2.60,33.92,$0.07B,$0.03B,2.47,$0.01B,$0.04B,0.14,$0.05B,$0.04B,70.59%,$0.05B,$0.01B,19.61%,$0.05B,$0.01B,19.61%,$0.05B,$0.01B,25.49%,$0.05B,$0.01B,19.61%,$0.05B,$0.01B,11.76%,$0.01B,$0.04B,22.86%,$0.01B,$0.03B,37.50%,$0.01B,$0.08B,10.91%,$0.01B,$0.05B,31.25%,$17,$8,$9,$0,$6,$14,$3,$-0,$3,$1,$2,$2,$2,$4,$3,$2,3,$0.80,$0.80,$28,$8,$0,$65,$1,$2,$9,$0,$13,$78,$26,$6,$1,$7,$34,$0,$18,$0,$44,$78,$4,$2,$-1,$1,$-9,$-3,$3,$0,$-4,$1,$-0,$0,$0,$0,$-1,$-1,$0,$-1,$0,$1,$1,$19,$19,$0,$-1,$19,$19,$1,$0
29,2011-06-30,85.1,$9.63,8.84,$18.01,4.73,$8.54,9.97,$2.80,30.39,$0.04B,$0.02B,1.88,$0.01B,$0.02B,0.28,$0.04B,$0.03B,78.57%,$0.04B,$0.01B,21.43%,$0.04B,$0.01B,21.43%,$0.04B,$0.01B,26.19%,$0.04B,$0.01B,23.81%,$0.04B,$0.01B,14.29%,$0.01B,$0.02B,30.77%,$0.01B,$0.01B,66.67%,$0.01B,$0.05B,13.41%,$0.01B,$0.03B,37.89%,$12,$3,$9,$0,$5,$10,$2,$-0,$2,$1,$2,$2,$2,$3,$2,$2,2,$0.70,$0.70,$17,$4,$0,$37,$1,$1,$10,$0,$12,$49,$20,$6,$1,$8,$28,$0,$16,$0,$22,$49,$2,$1,$-1,$1,$4,$0,$-0,$-0,$5,$9,$-0,$0,$0,$0,$0,$0,$0,$0,$0,$1,$1,$0,$0,$0,$-1,$-0,$8,$1,$0
30,2011-03-31,116.2,$8.86,13.12,$14.54,7.99,$6.81,17.06,$2.20,52.82,$0.03B,$0.02B,1.8,$0.01B,$0.02B,0.3,$0.03B,$0.03B,82.35%,$0.03B,$0.01B,20.59%,$0.03B,$0.01B,20.59%,$0.03B,$0.01B,26.47%,$0.03B,$0.01B,23.53%,$0.03B,$0.00B,11.76%,$0.00B,$0.02B,22.22%,$0.00B,$0.01B,47.06%,$0.00B,$0.05B,10.00%,$0.01B,$0.03B,33.73%,$10,$2,$8,$0,$5,$8,$2,$-0,$2,$1,$1,$1,$1,$2,$2,$2,2,$0.40,$0.40,$13,$4,$0,$34,$1,$1,$10,$0,$13,$47,$19,$6,$2,$8,$27,$0,$14,$0,$20,$47,$1,$0,$-0,$0,$3,$0,$-1,$-0,$4,$5,$-0,$0,$0,$0,$0,$0,$0,$-0,$0,$1,$1,$0,$0,$0,$-1,$-0,$5,$0,$0
31,2010-12-31,60.5,$8.35,7.24,$14.23,4.25,$6.39,9.47,$4.20,14.4,$0.03B,$0.02B,1.67,$0.01B,$0.02B,0.26,$0.03B,$0.03B,84.85%,$0.03B,$0.01B,27.27%,$0.03B,$0.01B,27.27%,$0.03B,$0.01B,33.33%,$0.03B,$0.01B,30.30%,$0.03B,$0.01B,24.24%,$0.01B,$0.02B,45.71%,$0.01B,$0.01B,91.43%,$0.01B,$0.05B,22.07%,$0.01B,$0.02B,48.00%,$12,$2,$10,$0,$6,$9,$3,$-0,$3,$1,$1,$1,$1,$4,$3,$2,2,$0.50,$0.50,$9,$4,$0,$32,$1,$2,$11,$0,$14,$46,$19,$5,$2,$8,$27,$0,$13,$0,$19,$46,$9,$1,$-3,$-2,$-8,$-1,$2,$0,$-2,$5,$-0,$0,$-4,$0,$-2,$-2,$-0,$-6,$0,$5,$5,$-1,$-1,$0,$0,$5,$4,$0,$0
32,2010-09-30,35.0,$7.63,4.58,$12.99,2.69,$9.15,3.82,$4.70,7.45,$0.02B,$0.02B,1.32,$0.00B,$0.02B,0.0,$0.03B,$0.03B,86.21%,$0.03B,$0.01B,31.03%,$0.03B,$0.01B,31.03%,$0.03B,$0.01B,34.48%,$0.03B,$0.01B,34.48%,$0.03B,$0.01B,34.48%,$0.01B,$0.02B,71.43%,$0.01B,$0.01B,129.03%,$0.01B,$0.04B,35.71%,$0.01B,$0.02B,64.29%,$8,$1,$6,$0,$4,$6,$2,$1,$3,$1,$2,$2,$2,$2,$2,$2,2,$1.00,$1.00,$9,$4,$0,$23,$1,$0,$12,$0,$14,$37,$17,$0,$2,$2,$19,$0,$12,$0,$17,$37,$8,$1,$-3,$-3,$-2,$-1,$-0,$1,$-3,$2,$-0,$0,$-4,$0,$0,$0,$0,$-4,$0,$2,$2,$-0,$-0,$0,$4,$6,$4,$0,$0
33,2010-06-30,35.3,$6.60,5.35,$12.60,2.8,$10.90,3.24,$4.20,8.4,$0.02B,$0.01B,1.57,$0.00B,$0.02B,0.0,$0.03B,$0.02B,85.19%,$0.03B,$0.01B,29.63%,$0.03B,$0.01B,29.63%,$0.03B,$0.01B,33.33%,$0.03B,$0.01B,29.63%,$0.03B,$0.01B,33.33%,$0.01B,$0.02B,76.60%,$0.01B,$0.01B,109.09%,$0.01B,$0.03B,43.37%,$0.01B,$0.02B,68.09%,$4,$1,$4,$0,$3,$4,$0,$0,$0,$0,$0,$0,$0,$1,$0,$2,2,$0.10,$0.10,$12,$1,$0,$21,$1,$0,$6,$0,$9,$30,$14,$0,$0,$0,$14,$0,$10,$0,$16,$30,$5,$0,$-2,$-2,$0,$0,$2,$0,$1,$5,$-0,$0,$-2,$0,$0,$0,$0,$-2,$0,$0,$0,$0,$0,$0,$4,$4,$7,$0,$0
34,2010-03-31,40.0,$7.19,5.57,$13.96,2.87,$12.62,3.17,$4.10,9.76,$0.02B,$0.02B,1.61,$0.00B,$0.02B,0.0,$0.03B,$0.02B,80.00%,$0.03B,$0.01B,36.67%,$0.03B,$0.01B,36.67%,$0.03B,$0.01B,36.67%,$0.03B,$0.01B,36.67%,$0.03B,$0.01B,40.00%,$0.01B,$0.02B,120.00%,$0.01B,$0.01B,150.00%,$0.01B,$0.03B,77.42%,$0.01B,$0.02B,110.00%,$9,$1,$8,$0,$3,$5,$4,$0,$4,$-1,$5,$5,$5,$4,$4,$2,2,$2.40,$2.40,$13,$1,$0,$24,$1,$0,$7,$0,$9,$32,$15,$0,$0,$0,$15,$0,$9,$0,$18,$32,$5,$0,$-3,$-2,$-2,$1,$-0,$0,$1,$4,$0,$0,$-2,$0,$0,$0,$0,$-2,$0,$0,$0,$0,$0,$0,$6,$6,$8,$0,$0
35,2009-12-31,39.6,$2.57,15.39,$13.36,2.96,$12.36,3.2,$1.70,23.29,$0.01B,$0.01B,1.43,$0.00B,$0.01B,0.0,$0.03B,$0.02B,78.57%,$0.03B,$0.01B,35.71%,$0.03B,$0.01B,35.71%,$0.03B,$0.01B,35.71%,$0.03B,$0.01B,35.71%,$0.03B,$0.01B,35.71%,$0.01B,$0.01B,129.03%,$0.01B,$0.00B,133.33%,$0.01B,$0.01B,102.56%,$0.01B,$0.01B,129.03%,$8,$1,$7,$0,$4,$6,$3,$-0,$3,$0,$2,$2,$3,$3,$3,$2,2,$1.20,$1.20,$5,$1,$0,$11,$0,$0,$1,$0,$2,$13,$8,$0,$0,$0,$8,$0,$4,$0,$5,$13,$9,$0,$1,$1,$-2,$1,$0,$-2,$-0,$10,$-0,$0,$-0,$0,$0,$0,$-0,$-1,$0,$0,$0,$0,$0,$0,$-10,$-10,$-0,$1,$0
36,2009-09-30,34.0,$22.54,1.51,$9.37,3.63,$3.37,10.09,$0.50,68.0,$0.01B,$0.00B,61.06,$0.00B,$0.01B,0.0,$0.02B,$0.02B,75.00%,$0.02B,$0.01B,35.00%,$0.02B,$0.01B,35.00%,$0.02B,$0.01B,35.00%,$0.02B,$0.01B,35.00%,$0.02B,$0.01B,35.00%,$0.01B,$0.01B,82.35%,$0.01B,$0.01B,82.35%,$0.01B,$0.01B,70.00%,$0.01B,$0.01B,82.35%,$6,$2,$4,$0,$2,$5,$1,$0,$1,$-0,$1,$1,$1,$1,$1,$2,2,$0.50,$0.50,$7,$0,$0,$7,$1,$0,$0,$0,$1,$8,$0,$0,$0,$0,$0,$0,$-1,$0,$8,$8,$7,$0,$3,$3,$-3,$1,$0,$-2,$-4,$5,$0,$0,$-0,$0,$0,$0,$-0,$-1,$0,$0,$0,$0,$0,$0,$-6,$-6,$-1,$1,$0
37,2009-06-30,25.0,$23.46,1.07,$6.58,3.8,$-4.14,0.0,$-1.80,0.0,$0.01B,$0.00B,64.72,$0.00B,$0.01B,0.0,$0.01B,$0.01B,78.57%,$0.01B,$0.01B,42.86%,$0.01B,$0.01B,42.86%,$0.01B,$0.01B,42.86%,$0.01B,$0.01B,42.86%,$0.01B,$0.01B,35.71%,$0.01B,$0.01B,57.14%,$0.01B,$0.01B,57.14%,$0.01B,$0.01B,43.48%,$0.01B,$0.01B,68.57%,$7,$1,$5,$0,$2,$4,$3,$0,$3,$0,$3,$3,$3,$3,$3,$2,2,$1.40,$1.40,$7,$0,$0,$8,$1,$0,$0,$0,$1,$9,$0,$0,$0,$0,$0,$0,$-0,$0,$9,$9,$6,$0,$2,$2,$0,$1,$0,$-1,$-0,$8,$0,$0,$-0,$0,$0,$0,$-0,$-1,$0,$0,$0,$0,$0,$0,$-6,$-6,$1,$1,$0
38,2009-03-31,23.0,$24.20,0.95,$3.46,6.64,$-10.44,0.0,$-2.80,0.0,$0.01B,$0.00B,43.21,$0.00B,$0.01B,0.0,$0.01B,$0.01B,85.71%,$0.01B,$0.00B,42.86%,$0.01B,$0.00B,42.86%,$0.01B,$0.00B,42.86%,$0.01B,$0.00B,42.86%,$0.01B,$0.00B,28.57%,$0.00B,$0.01B,22.86%,$0.00B,$0.01B,22.86%,$0.00B,$0.01B,15.38%,$0.00B,$0.01B,34.29%,$7,$1,$6,$0,$3,$5,$3,$0,$3,$-0,$3,$3,$3,$3,$3,$2,2,$1.30,$1.30,$8,$0,$0,$8,$1,$0,$0,$0,$1,$9,$0,$0,$0,$0,$0,$0,$-0,$0,$9,$9,$3,$0,$1,$1,$-1,$1,$0,$-0,$-1,$3,$0,$0,$0,$0,$0,$0,$-0,$-0,$0,$0,$0,$0,$0,$0,$-3,$-3,$-0,$1,$0
39,2008-12-31,18.2,$22.29,0.82,0,0.0,$-13.20,0.0,$-0.20,0.0,$0.01B,$0.01B,1.79,$0.00B,$0.01B,0.0,$0.00B,0,nan%,$0.00B,$-0.00B,inf%,$0.00B,$-0.00B,inf%,$0.00B,$-0.00B,inf%,$0.00B,$0.00B,inf%,$0.00B,0,nan%,$0.00B,$0.01B,0.00%,$0.00B,$0.01B,0.00%,$0.00B,$0.01B,0.00%,$-0.00B,$0.01B,-11.11%,$0,$0,$0,$0,$0,$0,$-0,$0,$-0,$0,$-0,$-0,$-0,$-0,$-0,$0,0,$-1.20,$-1.20,$8,$0,$0,$9,$1,$0,$0,$0,$5,$14,$5,$0,$0,$1,$6,$0,$-1,$0,$8,$14,$-1,$0,$-1,$-1,$0,$0,$-0,$-0,$-0,$-2,$-0,$0,$0,$0,$0,$0,$2,$2,$0,$0,$0,$0,$0,$0,$0,$0,$1,$0,$0
40,2008-09-30,28.6,$23.30,1.23,0,0.0,$-8.91,0.0,$-0.20,0.0,$0.01B,$0.01B,1.81,$0.00B,$0.01B,0.0,$0.00B,0,nan%,$0.00B,$-0.00B,inf%,$0.00B,$-0.00B,inf%,$0.00B,$-0.00B,inf%,$0.00B,$0.00B,inf%,$0.00B,0,nan%,$0.00B,$0.01B,0.00%,$0.00B,$0.01B,0.00%,$0.00B,$0.01B,0.00%,$-0.00B,$0.01B,-14.29%,$0,$0,$0,$0,$0,$0,$-0,$0,$-0,$0,$-0,$-0,$-1,$-0,$-0,$0,0,$-1.80,$-1.80,$8,$0,$0,$9,$1,$0,$0,$0,$5,$14,$5,$0,$0,$1,$6,$0,$-0,$0,$9,$14,$-0,$0,$-1,$-1,$0,$0,$0,$-0,$-0,$-2,$-0,$0,$0,$0,$0,$0,$2,$2,$0,$0,$0,$0,$0,$0,$0,$0,$1,$0,$0
41,2008-06-30,35.0,$25.05,1.4,0,0.0,$-3.97,0.0,$1.60,21.88,$0.01B,$0.01B,1.93,$0.00B,$0.01B,0.01,$0.00B,0,nan%,$0.00B,$-0.00B,inf%,$0.00B,$-0.00B,inf%,$0.00B,$-0.00B,inf%,$0.00B,$0.00B,inf%,$0.00B,$0.00B,inf%,$0.00B,$0.01B,21.05%,$0.00B,$0.01B,21.05%,$0.00B,$0.02B,8.16%,$-0.00B,$0.01B,-17.39%,$0,$0,$0,$0,$0,$0,$-0,$0,$-0,$0,$-0,$-0,$-0,$-0,$-0,$0,0,$-1.00,$-1.00,$9,$0,$0,$10,$5,$0,$0,$0,$5,$15,$5,$0,$0,$1,$6,$0,$0,$0,$9,$15,$1,$0,$-1,$-1,$0,$0,$0,$-0,$-0,$-1,$-0,$0,$0,$0,$0,$0,$2,$2,$0,$0,$0,$0,$0,$0,$0,$0,$1,$0,$0
42,2008-03-31,35.2,$26.00,1.35,0,0.0,$-1.30,0.0,$2.60,13.54,$0.01B,$0.01B,1.91,$0.00B,$0.01B,0.01,$0.00B,0,nan%,$0.00B,$-0.00B,inf%,$0.00B,$-0.00B,inf%,$0.00B,$-0.00B,inf%,$0.00B,$0.00B,inf%,$0.00B,$0.00B,inf%,$0.00B,$0.01B,40.00%,$0.00B,$0.01B,40.00%,$0.00B,$0.02B,4.12%,$-0.00B,$0.01B,-21.05%,$0,$0,$0,$0,$1,$1,$-1,$2,$1,$0,$1,$1,$1,$-1,$-1,$0,0,$2.60,$2.60,$7,$0,$0,$10,$5,$0,$0,$0,$6,$16,$5,$0,$0,$1,$6,$0,$1,$0,$10,$16,$1,$0,$-1,$-1,$0,$0,$0,$-0,$-0,$-0,$-0,$0,$0,$0,$0,$0,$0,$-0,$0,$0,$0,$0,$0,$0,$0,$0,$-0,$0,$0
43,2007-12-31,39.6,$0.00,0.0,0,0.0,0,0.0,0,0.0,$0.00B,$0.00B,0.0,$0.00B,$0.00B,0.0,$0.00B,0,nan%,$0.00B,0,nan%,$0.00B,0,nan%,$0.00B,0,nan%,$0.00B,0,nan%,$0.00B,0,nan%,$0.00B,$0.00B,nan%,$0.00B,$0.00B,nan%,$0.00B,$0.00B,0.00%,$0.00B,$0.00B,0.00%,$0,$0,$0,$0,$0,$0,$0,$0,$0,$0,$0,$0,$0,$0,$0,$0,0,$0.00,$0.00,$0,$0,$0,$0,$0,$0,$0,$0,$0,$0,$0,$0,$0,$0,$0,$0,$0,$0,$0,$0,$0,$0,$0,$0,$0,$0,$0,$0,$0,$0,$0,$0,$0,$0,$0,$0,$0,$0,$0,$0,$0,$0,$0,$0,$0,$0,$0,$0,$0
44,2007-09-30,42.6,$0.00,0.0,0,0.0,0,0.0,0,0.0,$0.02B,$0.00B,11.48,$0.00B,$0.00B,0.0,$0.00B,0,nan%,$0.00B,0,nan%,$0.00B,0,nan%,$0.00B,0,nan%,$0.00B,0,nan%,$0.00B,0,nan%,$0.00B,$0.00B,nan%,$0.00B,$0.00B,nan%,$0.00B,$0.02B,0.00%,$0.00B,$0.00B,0.00%,$0,$0,$0,$0,$0,$0,$0,$0,$0,$0,$0,$0,$0,$0,$0,$0,0,$0.00,$0.00,$7,$0,$0,$18,$0,$0,$0,$0,$0,$18,$2,$4,$12,$17,$18,$0,$0,$0,$0,$18,$0,$0,$0,$0,$0,$0,$0,$-17,$-17,$-16,$41,$0,$0,$0,$0,$0,$-2,$39,$-1,$0,$-1,$0,$-18,$0,$0,$-18,$5,$0,$0
45,2007-06-30,48.0,$0.00,0.0,0,0.0,0,0.0,0,0.0,$0.06B,$0.01B,4.17,$0.01B,$0.00B,0.0,$0.00B,0,nan%,$0.00B,0,nan%,$0.00B,0,nan%,$0.00B,0,nan%,$0.00B,0,nan%,$0.00B,0,nan%,$0.00B,$0.00B,nan%,$0.00B,$0.00B,nan%,$0.00B,$0.06B,0.00%,$0.00B,$0.01B,0.00%,$0,$0,$0,$0,$0,$0,$0,$0,$0,$0,$0,$0,$0,$0,$0,$0,0,$0.00,$0.00,$3,$0,$0,$58,$0,$0,$0,$5,$5,$63,$14,$5,$26,$49,$63,$0,$0,$0,$0,$63,$0,$0,$2,$2,$0,$0,$0,$-0,$-0,$1,$-0,$0,$0,$0,$0,$0,$0,$-0,$-1,$0,$-1,$0,$0,$0,$0,$-1,$1,$0,$0
46,2007-03-31,37.0,$0.00,0.0,0,0.0,0,0.0,0,0.0,$0.06B,$0.02B,4.29,$0.01B,$0.00B,0.0,$0.00B,0,nan%,$0.00B,0,nan%,$0.00B,0,nan%,$0.00B,0,nan%,$0.00B,0,nan%,$0.00B,0,nan%,$0.00B,$0.00B,nan%,$0.00B,$0.00B,nan%,$0.00B,$0.07B,0.00%,$0.00B,$0.01B,0.00%,$0,$0,$0,$0,$0,$0,$0,$0,$0,$0,$0,$0,$0,$0,$0,$0,0,$0.00,$0.00,$3,$0,$0,$64,$0,$0,$0,$5,$5,$69,$15,$5,$29,$55,$69,$0,$0,$0,$0,$69,$0,$0,$2,$2,$0,$0,$0,$-1,$-1,$1,$-0,$0,$0,$0,$0,$0,$0,$-0,$-0,$0,$-0,$0,$0,$0,$0,$-0,$1,$0,$0
47,2006-12-31,29.4,$0.00,0.0,0,0.0,0,0.0,0,0.0,$0.00B,$0.00B,0.0,$0.00B,$0.00B,0.0,$0.00B,0,nan%,$0.00B,0,nan%,$0.00B,0,nan%,$0.00B,0,nan%,$0.00B,0,nan%,$0.00B,0,nan%,$0.00B,$0.00B,nan%,$0.00B,$0.00B,nan%,$0.00B,$0.00B,0.00%,$0.00B,$0.00B,0.00%,$0,$0,$0,$0,$0,$0,$0,$0,$0,$0,$0,$0,$0,$0,$0,$0,0,$0.00,$0.00,$0,$0,$0,$0,$0,$0,$0,$0,$0,$0,$0,$0,$0,$0,$0,$0,$0,$0,$0,$0,$0,$0,$0,$0,$0,$0,$0,$0,$0,$0,$0,$0,$0,$0,$0,$0,$0,$0,$0,$0,$0,$0,$0,$0,$0,$0,$0,$0,$0
