,Date,Stock Price,Book Value per Share,Price to Book Ratio,TTM Sales per Share,Price to Sales Ratio,TTM FCF per Share,Price to FCF Ratio,TTM Net EPS,PE Ratio,Current Assets,Current Liabilities,Current Ratio,Long Term Debt,Shareholder's Equity_x,Debt to Equity Ratio,TTM Revenue_x,TTM Gross Profit,Gross Margin,TTM Revenue_y,TTM Operating Income,Operating Margin,TTM Revenue_x,TTM EBIT,EBIT Margin,TTM Revenue_y,TTM EBITDA,EBITDA Margin,TTM Revenue_x,TTM Pre-Tax Income,Pre-Tax Margin,TTM Revenue_y,TTM Net Income_x,Net Margin,TTM Net Income_y,Shareholder's Equity_y,Return on Equity,TTM Net Income_x,Tangible Equity,Return on Tangible Equity,TTM Net Income_y,Total Assets,Return on Assets,TTM Net Income,LT Investments & Debt,Return on Investment,revenue,cost-goods-sold,gross-profit,research-development-expenses,selling-general-administrative-expenses,operating-expenses,operating-income,total-non-operating-income-expense,pre-tax-income,total-provision-income-taxes,income-after-taxes,income-from-continuous-operations,net-income,ebitda,ebit,basic-shares-outstanding,shares-outstanding,eps-basic-net-earnings-per-share,eps-earnings-per-share-diluted,cash-on-hand,inventory,other-current-assets,total-current-assets,net-property-plant-equipment,long-term-investments,goodwill-intangible-assets-total,other-long-term-assets,total-long-term-assets,total-assets,total-current-liabilities,long-term-debt,other-non-current-liabilities,total-long-term-liabilities,total-liabilities,common-stock-net,retained-earnings-accumulated-deficit,comprehensive-income,total-share-holder-equity,total-liabilities-share-holders-equity,net-income-loss,total-depreciation-amortization-cash-flow,other-non-cash-items,total-non-cash-items,change-in-accounts-receivable,change-in-inventories,change-in-accounts-payable,change-in-assets-liabilities,total-change-in-assets-liabilities,cash-flow-from-operating-activities,net-change-in-property-plant-equipment,net-change-in-intangible-assets,net-acquisitions-divestitures,net-change-in-short-term-investments,net-change-in-long-term-investments,net-change-in-investments-total,investing-activities-other,cash-flow-from-investing-activities,net-long-term-debt,net-current-debt,debt-issuance-retirement-net-total,net-common-equity-issued-repurchased,net-total-equity-issued-repurchased,total-common-preferred-stock-dividends-paid,financial-activities-other,cash-flow-from-financial-activities,net-cash-flow,stock-based-compensation,common-stock-dividends-paid
0,2018-06-30,45.7,$0.00,0.0,0.0,0.0,0.0,0.0,0.0,0.0,$11.50B,$577.39B,0.02,$8.67B,$21.63B,0.4,$0.00B,0,nan%,$0.00B,0,nan%,$0.00B,0,nan%,$0.00B,0,nan%,$0.00B,0,nan%,$0.00B,0,nan%,$0.00B,$21.63B,0.00%,$0.00B,$19.42B,0.00%,$0.00B,$682.09B,0.00%,$0.00B,$30.29B,0.00%,$0,$0,$0,$0,$0,$0,$0,$0,$0,$0,$0,$0,$0,$0,$0,$0,0,$0.00,$0.00,$11500,$0,$0,$11500,$0,$588159,$2205,$55495,$669298,$682092,$577391,$8665,$74410,$83075,$660466,$176,$17630,$0,$21626,$682092,$2359,$0,$0,$0,$0,$0,$0,$0,$0,$-995,$-227,$0,$-338,$0,$0,$0,$0,$-565,$0,$0,$-136,$0,$8,$-1143,$-260,$-1531,$-3049,$0,$0
1,2017-12-31,49.9,$0.00,0.0,0.0,0.0,0.0,0.0,0.0,0.0,$13.78B,$448.33B,0.03,$8.09B,$20.74B,0.39,$0.00B,0,nan%,$0.00B,0,nan%,$0.00B,0,nan%,$0.00B,0,nan%,$0.00B,0,nan%,$0.00B,0,nan%,$0.00B,$20.74B,0.00%,$0.00B,$18.83B,0.00%,$0.00B,$636.59B,0.00%,$0.00B,$28.84B,0.00%,$0,$0,$0,$0,$0,$0,$0,$0,$0,$0,$0,$0,$0,$0,$0,$0,0,$0.00,$0.00,$13777,$0,$0,$13777,$0,$561069,$1910,$35054,$621797,$636591,$448327,$8094,$159428,$167522,$615849,$166,$15886,$0,$20742,$636591,$5117,$0,$0,$0,$0,$0,$0,$0,$0,$2088,$-173,$0,$1224,$0,$0,$0,$0,$1052,$0,$0,$-240,$0,$27,$-1494,$-487,$-2194,$806,$0,$0
2,2017-06-30,44.83,$0.00,0.0,0.0,0.0,0.0,0.0,0.0,0.0,$12.65B,$535.78B,0.02,$8.46B,$19.76B,0.43,$0.00B,0,nan%,$0.00B,0,nan%,$0.00B,0,nan%,$0.00B,0,nan%,$0.00B,0,nan%,$0.00B,0,nan%,$0.00B,$19.76B,0.00%,$0.00B,$17.84B,0.00%,$0.00B,$615.32B,0.00%,$0.00B,$28.22B,0.00%,$0,$0,$0,$0,$0,$0,$0,$0,$0,$0,$0,$0,$0,$0,$0,$0,0,$0.00,$0.00,$12652,$0,$0,$12652,$0,$537469,$1920,$38494,$601735,$615317,$535777,$8459,$51322,$59781,$595558,$165,$14963,$0,$19759,$615317,$2823,$0,$0,$0,$0,$0,$0,$0,$0,$115,$-72,$0,$1040,$0,$0,$0,$0,$968,$0,$0,$0,$0,$13,$-1005,$-270,$-1262,$-220,$0,$0
3,2016-12-31,38.05,$0.00,0.0,0.0,0.0,0.0,0.0,0.0,0.0,$13.64B,$452.57B,0.03,$9.21B,$19.88B,0.46,$0.00B,0,nan%,$0.00B,0,nan%,$0.00B,0,nan%,$0.00B,0,nan%,$0.00B,0,nan%,$0.00B,0,nan%,$0.00B,$19.88B,0.00%,$0.00B,$17.67B,0.00%,$0.00B,$637.67B,0.00%,$0.00B,$29.09B,0.00%,$0,$0,$0,$0,$0,$0,$0,$0,$0,$0,$0,$0,$0,$0,$0,$0,0,$0.00,$0.00,$13641,$0,$0,$13641,$2055,$549665,$2206,$45317,$625072,$637666,$452571,$9213,$156003,$165217,$617788,$175,$14830,$0,$19878,$637666,$4353,$0,$0,$0,$0,$0,$0,$0,$0,$2983,$-333,$0,$-411,$0,$0,$0,$0,$-744,$0,$0,$1663,$0,$18,$-1717,$-466,$-503,$3094,$0,$0
4,2015-12-31,41.5,$0.00,0.0,0.0,0.0,0.0,0.0,0.0,0.0,$11.90B,$412.64B,0.03,$7.66B,$19.81B,0.39,$0.00B,0,nan%,$0.00B,0,nan%,$0.00B,0,nan%,$0.00B,0,nan%,$0.00B,0,nan%,$0.00B,0,nan%,$0.00B,$19.81B,0.00%,$0.00B,$17.21B,0.00%,$0.00B,$591.70B,0.00%,$0.00B,$27.47B,0.00%,$0,$0,$0,$0,$0,$0,$0,$0,$0,$0,$0,$0,$0,$0,$0,$0,0,$0.00,$0.00,$11899,$0,$0,$11899,$2855,$519693,$2596,$38494,$580826,$591700,$412636,$7662,$151593,$159255,$571890,$196,$15957,$0,$19810,$591700,$5078,$0,$0,$0,$0,$0,$0,$0,$0,$3873,$-346,$0,$-372,$0,$0,$0,$0,$-717,$0,$0,$902,$0,$11,$-1489,$-454,$-1031,$2099,$0,$0
5,2015-06-30,44.35,$0.00,0.0,0.0,0.0,0.0,0.0,0.0,0.0,$22.21B,$6.80B,3.27,$7.47B,$18.54B,0.4,$0.00B,0,nan%,$0.00B,0,nan%,$0.00B,0,nan%,$0.00B,0,nan%,$0.00B,0,nan%,$0.00B,0,nan%,$0.00B,$18.54B,0.00%,$0.00B,$4.75B,0.00%,$0.00B,$578.79B,0.00%,$0.00B,$26.01B,0.00%,$0,$0,$0,$0,$0,$0,$0,$0,$0,$0,$0,$0,$0,$0,$0,$0,0,$0.00,$0.00,$12709,$0,$0,$22207,$0,$508602,$13791,$28368,$555079,$578793,$6799,$7474,$545980,$553454,$560253,$196,$14683,$0,$18540,$578793,$3192,$0,$0,$0,$0,$0,$0,$0,$1078,$3674,$-138,$0,$0,$0,$0,$0,$52,$-86,$0,$0,$904,$0,$3,$-1009,$-227,$-329,$2893,$0,$0
6,2014-12-31,41.51,$0.00,0.0,0.0,0.0,0.0,0.0,0.0,0.0,$18.01B,$6.45B,2.79,$12.63B,$19.47B,0.65,$0.00B,0,nan%,$0.00B,0,nan%,$0.00B,0,nan%,$0.00B,0,nan%,$0.00B,0,nan%,$0.00B,0,nan%,$0.00B,$19.47B,0.00%,$0.00B,$16.65B,0.00%,$0.00B,$608.49B,0.00%,$0.00B,$32.10B,0.00%,$0,$0,$0,$0,$0,$0,$0,$0,$0,$0,$0,$0,$0,$0,$0,$0,0,$0.00,$0.00,$10563,$0,$0,$18010,$0,$556158,$2818,$13363,$588863,$608485,$6446,$12633,$569939,$582572,$589018,$211,$14484,$0,$19467,$608485,$5198,$0,$0,$0,$0,$0,$0,$0,$11792,$3013,$-1149,$0,$251,$0,$0,$0,$0,$-898,$0,$0,$-733,$0,$0,$-1475,$-537,$-2746,$-620,$0,$0
7,2014-06-30,40.94,$0.00,0.0,0.0,0.0,0.0,0.0,0.0,0.0,$20.13B,$5.71B,3.52,$12.92B,$17.88B,0.72,$0.00B,0,nan%,$0.00B,0,nan%,$0.00B,0,nan%,$0.00B,0,nan%,$0.00B,0,nan%,$0.00B,0,nan%,$0.00B,$17.88B,0.00%,$0.00B,$15.13B,0.00%,$0.00B,$571.03B,0.00%,$0.00B,$30.80B,0.00%,$0,$0,$0,$0,$0,$0,$0,$0,$0,$0,$0,$0,$0,$0,$0,$0,0,$0.00,$0.00,$9935,$0,$0,$20127,$0,$519761,$2752,$13087,$549367,$571025,$5712,$12915,$534514,$547429,$553142,$215,$13434,$0,$17884,$571025,$0,$0,$0,$0,$0,$0,$0,$0,$0,$0,$0,$0,$0,$0,$0,$0,$0,$0,$0,$0,$0,$0,$0,$0,$0,$0,$0,$0,$0
8,2013-12-31,39.42,$0.00,0.0,0.0,0.0,0.0,0.0,0.0,0.0,$17.43B,$5.15B,3.38,$12.02B,$15.10B,0.8,$0.00B,0,nan%,$0.00B,0,nan%,$0.00B,0,nan%,$0.00B,0,nan%,$0.00B,0,nan%,$0.00B,0,nan%,$0.00B,$15.10B,0.00%,$0.00B,$12.54B,0.00%,$0.00B,$510.02B,0.00%,$0.00B,$27.12B,0.00%,$0,$0,$0,$0,$0,$0,$0,$0,$0,$0,$0,$0,$0,$0,$0,$0,0,$0.00,$0.00,$10617,$0,$0,$17432,$0,$463896,$2563,$12515,$491147,$510018,$5153,$12022,$477741,$489764,$494917,$200,$11619,$0,$15102,$510018,$3258,$0,$0,$0,$0,$0,$0,$0,$-1213,$2072,$-280,$0,$-634,$0,$0,$0,$0,$-914,$0,$0,$1759,$0,$9,$-1222,$-469,$77,$1031,$0,$0
9,2013-06-30,28.42,$0.00,0.0,0.0,0.0,0.0,0.0,0.0,0.0,$18.26B,$5.76B,3.17,$11.68B,$14.80B,0.79,$0.00B,0,nan%,$0.00B,0,nan%,$0.00B,0,nan%,$0.00B,0,nan%,$0.00B,0,nan%,$0.00B,0,nan%,$0.00B,$14.80B,0.00%,$0.00B,$12.26B,0.00%,$0.00B,$500.55B,0.00%,$0.00B,$26.48B,0.00%,$0,$0,$0,$0,$0,$0,$0,$0,$0,$0,$0,$0,$0,$0,$0,$0,0,$0.00,$0.00,$10508,$0,$0,$18256,$0,$452726,$2538,$13018,$480961,$500551,$5764,$11680,$468312,$479992,$485756,$197,$10325,$0,$14795,$500551,$0,$0,$0,$0,$0,$0,$0,$0,$0,$0,$0,$0,$0,$0,$0,$0,$0,$0,$0,$0,$0,$0,$0,$0,$0,$0,$0,$0,$0
10,2012-12-31,24.33,$0.00,0.0,0.0,0.0,0.0,0.0,0.0,0.0,$16.71B,$5.89B,2.84,$10.83B,$16.43B,0.66,$0.00B,0,nan%,$0.00B,0,nan%,$0.00B,0,nan%,$0.00B,0,nan%,$0.00B,0,nan%,$0.00B,0,nan%,$0.00B,$16.43B,0.00%,$0.00B,$13.82B,0.00%,$0.00B,$491.78B,0.00%,$0.00B,$27.26B,0.00%,$0,$0,$0,$0,$0,$0,$0,$0,$0,$0,$0,$0,$0,$0,$0,$0,0,$0.00,$0.00,$10119,$0,$0,$16712,$0,$449262,$2611,$11430,$473858,$491782,$5887,$10829,$458638,$469467,$475354,$203,$10860,$0,$16428,$491782,$5053,$0,$0,$0,$0,$0,$0,$0,$-3465,$707,$-198,$0,$-319,$0,$0,$0,$0,$-517,$0,$40,$0,$0,$27,$-1038,$-442,$-1414,$-1384,$0,$0
11,2012-06-30,19.56,$0.00,0.0,0.0,0.0,0.0,0.0,0.0,0.0,$17.86B,$6.07B,2.94,$11.65B,$14.77B,0.79,$0.00B,0,nan%,$0.00B,0,nan%,$0.00B,0,nan%,$0.00B,0,nan%,$0.00B,0,nan%,$0.00B,0,nan%,$0.00B,$14.77B,0.00%,$0.00B,$12.16B,0.00%,$0.00B,$447.57B,0.00%,$0.00B,$26.42B,0.00%,$0,$0,$0,$0,$0,$0,$0,$0,$0,$0,$0,$0,$0,$0,$0,$0,0,$0.00,$0.00,$10669,$0,$0,$17858,$0,$412208,$2605,$3185,$428443,$447565,$6067,$11647,$415082,$426730,$432796,$201,$9210,$0,$14769,$447565,$0,$0,$0,$0,$0,$0,$0,$0,$0,$0,$0,$0,$0,$0,$0,$0,$0,$0,$0,$0,$0,$0,$0,$0,$0,$0,$0,$0,$0
12,2011-12-31,16.28,$0.00,0.0,0.0,0.0,0.0,0.0,0.0,0.0,$17.58B,$7.67B,2.29,$12.71B,$14.70B,0.87,$0.00B,0,nan%,$0.00B,0,nan%,$0.00B,0,nan%,$0.00B,0,nan%,$0.00B,0,nan%,$0.00B,0,nan%,$0.00B,$14.70B,0.00%,$0.00B,$12.06B,0.00%,$0.00B,$438.93B,0.00%,$0.00B,$27.41B,0.00%,$0,$0,$0,$0,$0,$0,$0,$0,$0,$0,$0,$0,$0,$0,$0,$0,0,$0.00,$0.00,$11643,$0,$0,$17575,$0,$402071,$2636,$3523,$420157,$438932,$7669,$12712,$403855,$416566,$424235,$204,$9368,$0,$14696,$438932,$3090,$0,$0,$0,$0,$0,$0,$0,$220,$2788,$-183,$0,$-85,$0,$0,$0,$0,$-268,$0,$0,$11,$0,$27,$-1030,$-473,$-1465,$1004,$0,$0
13,2011-06-30,18.84,$0.00,0.0,0.0,0.0,0.0,0.0,0.0,0.0,$35.42B,$2.38B,14.86,$12.07B,$13.95B,0.87,$0.00B,0,nan%,$0.00B,0,nan%,$0.00B,0,nan%,$0.00B,0,nan%,$0.00B,0,nan%,$0.00B,0,nan%,$0.00B,$13.95B,0.00%,$0.00B,$11.28B,0.00%,$0.00B,$439.77B,0.00%,$0.00B,$26.02B,0.00%,$0,$0,$0,$0,$0,$0,$0,$0,$0,$0,$0,$0,$0,$0,$0,$0,0,$0.00,$0.00,$14017,$0,$0,$35421,$0,$367864,$2673,$21167,$403106,$439769,$2384,$12070,$411365,$423436,$425820,$207,$8847,$0,$13949,$439769,$0,$0,$0,$0,$0,$0,$0,$0,$0,$0,$0,$0,$0,$0,$0,$0,$0,$0,$0,$0,$0,$0,$0,$0,$0,$0,$0,$0,$0
14,2010-12-31,16.6,$0.00,0.0,0.0,0.0,0.0,0.0,0.0,0.0,$15.78B,$2.38B,6.63,$12.68B,$12.49B,1.02,$0.00B,0,nan%,$0.00B,0,nan%,$0.00B,0,nan%,$0.00B,0,nan%,$0.00B,0,nan%,$0.00B,0,nan%,$0.00B,$12.49B,0.00%,$0.00B,$9.96B,0.00%,$0.00B,$403.28B,0.00%,$0.00B,$25.17B,0.00%,$0,$0,$0,$0,$0,$0,$0,$0,$0,$0,$0,$0,$0,$0,$0,$0,0,$0.00,$0.00,$10254,$0,$0,$15775,$0,$370025,$2524,$3334,$386563,$403284,$2378,$12683,$375737,$388420,$390798,$196,$7704,$0,$12486,$403284,$3204,$0,$0,$0,$0,$0,$0,$0,$-210,$3012,$-138,$0,$-224,$0,$0,$0,$0,$-362,$0,$0,$-2,$0,$6,$-694,$0,$-690,$2047,$0,$0
15,2010-06-30,11.75,$0.00,0.0,0.0,0.0,0.0,0.0,0.0,0.0,$31.37B,$2.73B,11.51,$10.91B,$10.74B,1.02,$0.00B,0,nan%,$0.00B,0,nan%,$0.00B,0,nan%,$0.00B,0,nan%,$0.00B,0,nan%,$0.00B,0,nan%,$0.00B,$10.74B,0.00%,$0.00B,$8.37B,0.00%,$0.00B,$363.17B,0.00%,$0.00B,$21.65B,0.00%,$0,$0,$0,$0,$0,$0,$0,$0,$0,$0,$0,$0,$0,$0,$0,$0,0,$0.00,$0.00,$9012,$0,$0,$31365,$0,$303243,$2371,$15433,$331236,$363171,$2726,$10912,$338793,$349705,$352431,$189,$6140,$0,$10739,$363171,$0,$0,$0,$0,$0,$0,$0,$0,$0,$0,$0,$0,$0,$0,$0,$0,$0,$0,$0,$0,$0,$0,$0,$0,$0,$0,$0,$0,$0
16,2009-12-31,15.67,$0.00,0.0,0.0,0.0,0.0,0.0,0.0,0.0,$13.38B,$2.83B,4.72,$11.63B,$9.82B,1.19,$0.00B,0,nan%,$0.00B,0,nan%,$0.00B,0,nan%,$0.00B,0,nan%,$0.00B,0,nan%,$0.00B,0,nan%,$0.00B,$9.82B,0.00%,$0.00B,$7.57B,0.00%,$0.00B,$356.64B,0.00%,$0.00B,$21.45B,0.00%,$0,$0,$0,$0,$0,$0,$0,$0,$0,$0,$0,$0,$0,$0,$0,$0,0,$0.00,$0.00,$8310,$0,$0,$13376,$0,$326838,$2246,$2859,$342689,$356640,$2833,$11633,$332304,$343988,$346820,$199,$6207,$0,$9820,$356640,$2449,$0,$-22,$-22,$0,$0,$0,$0,$-3349,$169,$-58,$0,$-778,$0,$0,$0,$-31,$-868,$0,$0,$897,$0,$5,$-539,$-338,$25,$-1015,$0,$0
17,2009-06-30,10.38,$0.00,0.0,0.0,0.0,0.0,0.0,0.0,0.0,$29.15B,$2.00B,14.61,$11.00B,$7.31B,1.51,$0.00B,0,nan%,$0.00B,0,nan%,$0.00B,0,nan%,$0.00B,0,nan%,$0.00B,0,nan%,$0.00B,0,nan%,$0.00B,$7.31B,0.00%,$0.00B,$-1.40B,0.00%,$0.00B,$308.65B,0.00%,$0.00B,$18.30B,0.00%,$0,$0,$0,$0,$0,$0,$0,$0,$0,$0,$0,$0,$0,$0,$0,$0,0,$0.00,$0.00,$10127,$0,$0,$29152,$0,$264467,$8708,$2334,$278835,$308650,$1995,$10995,$288307,$299348,$301343,$195,$4861,$0,$7307,$308650,$0,$0,$0,$0,$0,$0,$0,$0,$0,$0,$0,$0,$0,$0,$0,$0,$0,$0,$0,$0,$0,$0,$0,$0,$0,$0,$0,$0,$0
18,2008-12-31,9.27,$0.00,0.0,0.0,0.0,0.0,0.0,0.0,0.0,$35.17B,$2.73B,12.88,$11.58B,$9.49B,1.22,$0.00B,0,nan%,$0.00B,0,nan%,$0.00B,0,nan%,$0.00B,0,nan%,$0.00B,0,nan%,$0.00B,0,nan%,$0.00B,$9.49B,0.00%,$0.00B,$6.67B,0.00%,$0.00B,$399.83B,0.00%,$0.00B,$21.07B,0.00%,$0,$0,$0,$0,$0,$0,$0,$0,$0,$0,$0,$0,$0,$0,$0,$0,0,$0.00,$0.00,$11047,$0,$0,$35169,$0,$325829,$2810,$19335,$363484,$399830,$2731,$11581,$376035,$387615,$390346,$232,$6685,$0,$9485,$399830,$-3847,$0,$0,$0,$0,$0,$0,$0,$7379,$2122,$-425,$0,$0,$0,$0,$0,$0,$-425,$0,$0,$0,$0,$22,$-551,$-326,$-855,$1862,$0,$0
19,2008-06-30,15.37,$0.00,0.0,0.0,0.0,0.0,0.0,0.0,0.0,$35.20B,$1.52B,23.09,$12.56B,$10.95B,1.15,$0.00B,0,nan%,$0.00B,0,nan%,$0.00B,0,nan%,$0.00B,0,nan%,$0.00B,0,nan%,$0.00B,0,nan%,$0.00B,$10.95B,0.00%,$0.00B,$7.96B,0.00%,$0.00B,$416.40B,0.00%,$0.00B,$23.51B,0.00%,$0,$0,$0,$0,$0,$0,$0,$0,$0,$0,$0,$0,$0,$0,$0,$0,0,$0.00,$0.00,$9552,$0,$0,$35202,$0,$323854,$2988,$16640,$352469,$416398,$1524,$12564,$389291,$403925,$405449,$245,$7925,$0,$10949,$416398,$0,$0,$0,$0,$0,$0,$0,$0,$0,$0,$0,$0,$0,$0,$0,$0,$0,$0,$0,$0,$0,$0,$0,$0,$0,$0,$0,$0,$0
20,2007-12-31,20.37,$0.00,0.0,0.0,0.0,0.0,0.0,0.0,0.0,$29.83B,$3.68B,8.11,$13.13B,$12.62B,1.04,$0.00B,0,nan%,$0.00B,0,nan%,$0.00B,0,nan%,$0.00B,0,nan%,$0.00B,0,nan%,$0.00B,0,nan%,$0.00B,$12.62B,0.00%,$0.00B,$9.55B,0.00%,$0.00B,$439.93B,0.00%,$0.00B,$25.75B,0.00%,$0,$0,$0,$0,$0,$0,$0,$0,$0,$0,$0,$0,$0,$0,$0,$0,0,$0.00,$0.00,$9912,$0,$0,$29826,$0,$376851,$3069,$20589,$408076,$439928,$3676,$13133,$410500,$423633,$427309,$246,$8889,$0,$12619,$439928,$2372,$0,$444,$444,$0,$0,$0,$0,$847,$2278,$-340,$0,$-22,$0,$0,$0,$-1077,$-1439,$0,$0,$0,$0,$12,$-511,$-661,$-1159,$-240,$0,$0
