,Date,Stock Price,Book Value per Share,Price to Book Ratio,TTM Sales per Share,Price to Sales Ratio,TTM FCF per Share,Price to FCF Ratio,TTM Net EPS,PE Ratio,Current Assets,Current Liabilities,Current Ratio,Long Term Debt,Shareholder's Equity_x,Debt to Equity Ratio,TTM Revenue_x,TTM Gross Profit,Gross Margin,TTM Revenue_y,TTM Operating Income,Operating Margin,TTM Revenue_x,TTM EBIT,EBIT Margin,TTM Revenue_y,TTM EBITDA,EBITDA Margin,TTM Revenue_x,TTM Pre-Tax Income,Pre-Tax Margin,TTM Revenue_y,TTM Net Income_x,Net Margin,TTM Net Income_y,Shareholder's Equity_y,Return on Equity,TTM Net Income_x,Tangible Equity,Return on Tangible Equity,TTM Net Income_y,Total Assets,Return on Assets,TTM Net Income,LT Investments & Debt,Return on Investment,revenue,cost-goods-sold,gross-profit,research-development-expenses,selling-general-administrative-expenses,operating-expenses,operating-income,total-non-operating-income-expense,pre-tax-income,total-provision-income-taxes,income-after-taxes,income-from-continuous-operations,net-income,ebitda,ebit,basic-shares-outstanding,shares-outstanding,eps-basic-net-earnings-per-share,eps-earnings-per-share-diluted,cash-on-hand,inventory,other-current-assets,total-current-assets,net-property-plant-equipment,long-term-investments,goodwill-intangible-assets-total,other-long-term-assets,total-long-term-assets,total-assets,total-current-liabilities,long-term-debt,other-non-current-liabilities,total-long-term-liabilities,total-liabilities,common-stock-net,retained-earnings-accumulated-deficit,comprehensive-income,total-share-holder-equity,total-liabilities-share-holders-equity,net-income-loss,total-depreciation-amortization-cash-flow,other-non-cash-items,total-non-cash-items,change-in-accounts-receivable,change-in-inventories,change-in-accounts-payable,change-in-assets-liabilities,total-change-in-assets-liabilities,cash-flow-from-operating-activities,net-change-in-property-plant-equipment,net-change-in-intangible-assets,net-acquisitions-divestitures,net-change-in-short-term-investments,net-change-in-long-term-investments,net-change-in-investments-total,investing-activities-other,cash-flow-from-investing-activities,net-long-term-debt,net-current-debt,debt-issuance-retirement-net-total,net-common-equity-issued-repurchased,net-total-equity-issued-repurchased,total-common-preferred-stock-dividends-paid,financial-activities-other,cash-flow-from-financial-activities,net-cash-flow,stock-based-compensation,common-stock-dividends-paid
0,2018-07-31,153.52,$72.55,2.12,$121.37,1.26,$3.78,40.64,$8.85,17.35,$3.17B,$1.84B,1.73,$2.89B,$5.57B,0.52,$9.51B,$5.25B,55.28%,$9.51B,$0.84B,8.82%,$9.51B,$0.84B,8.82%,$9.51B,$1.17B,12.33%,$9.51B,$0.69B,7.29%,$9.51B,$0.69B,7.28%,$0.69B,$5.57B,12.63%,$0.69B,$-1.72B,-35.95%,$0.69B,$11.70B,5.89%,$0.84B,$8.46B,9.84%,$2334,$1037,$1297,$0,$1072,$2102,$231,$-29,$202,$38,$165,$165,$165,$314,$231,$77,78,$2.15,$2.12,$431,$1731,$79,$3166,$881,$0,$7285,$366,$8532,$11698,$1836,$2894,$1402,$4297,$6132,$85,$3951,$-505,$5565,$11698,$344,$166,$13,$179,$-80,$-208,$0,$71,$-212,$311,$-165,$0,$-16,$0,$0,$0,$0,$-181,$-85,$66,$-19,$-142,$-142,$-9,$-3,$-172,$-63,$27,$-9
1,2018-04-30,159.63,$72.11,2.21,$117.72,1.36,$2.17,73.44,$8.25,19.35,$3.04B,$1.73B,1.76,$3.01B,$5.57B,0.54,$9.24B,$5.10B,55.23%,$9.24B,$0.79B,8.52%,$9.24B,$0.79B,8.52%,$9.24B,$1.12B,12.11%,$9.24B,$0.64B,6.95%,$9.24B,$0.65B,7.00%,$0.65B,$5.57B,12.07%,$0.65B,$-1.87B,-31.43%,$0.65B,$11.72B,5.54%,$0.79B,$8.58B,9.29%,$2315,$1024,$1291,$0,$1053,$2070,$244,$-28,$216,$37,$179,$179,$179,$328,$244,$77,78,$2.33,$2.29,$435,$1525,$68,$3042,$874,$0,$7435,$365,$8673,$11715,$1727,$3013,$1408,$4423,$6150,$85,$3789,$-407,$5565,$11715,$179,$83,$13,$97,$-145,$34,$0,$24,$-401,$-126,$-77,$0,$-16,$0,$0,$0,$0,$-93,$0,$235,$235,$-62,$-62,$-6,$-1,$166,$-59,$12,$-6
2,2018-01-31,155.0,$71.73,2.16,$113.30,1.37,$3.17,48.91,$6.85,22.63,$3.03B,$1.87B,1.62,$3.06B,$5.54B,0.55,$8.92B,$4.89B,54.90%,$8.92B,$0.66B,7.36%,$8.92B,$0.66B,7.36%,$8.92B,$0.98B,11.00%,$8.92B,$0.51B,5.73%,$8.92B,$0.54B,6.03%,$0.54B,$5.54B,10.37%,$0.54B,$-2.03B,-24.87%,$0.54B,$11.89B,4.69%,$0.66B,$8.60B,7.87%,$2499,$1130,$1369,$0,$1296,$2417,$82,$-57,$25,$-83,$108,$108,$109,$168,$82,$78,79,$1.40,$1.38,$494,$1591,$65,$3031,$900,$0,$7561,$394,$8855,$11886,$1872,$3061,$1414,$4478,$6349,$85,$3625,$-322,$5536,$11886,$536,$325,$-147,$178,$3,$-164,$0,$-40,$-14,$700,$-355,$0,$-40,$-14,$0,$-14,$-50,$-459,$-264,$0,$-264,$-229,$-229,$-12,$-3,$-508,$-236,$45,$-12
3,2017-10-31,126.71,$68.11,1.86,$107.56,1.18,$7.75,16.35,$6.72,18.86,$3.14B,$1.73B,1.82,$3.18B,$5.25B,0.61,$8.52B,$4.66B,54.70%,$8.52B,$0.90B,10.52%,$8.52B,$0.90B,10.52%,$8.52B,$1.22B,14.31%,$8.52B,$0.61B,7.17%,$8.52B,$0.53B,6.22%,$0.53B,$5.25B,10.59%,$0.53B,$-2.09B,-23.81%,$0.53B,$11.66B,4.70%,$0.90B,$8.43B,10.96%,$2357,$1060,$1297,$0,$1020,$2076,$281,$-31,$250,$11,$239,$239,$239,$362,$281,$77,79,$3.09,$3.05,$612,$1466,$40,$3144,$821,$0,$7336,$357,$8514,$11658,$1726,$3183,$1497,$4682,$6408,$84,$3515,$-526,$5250,$11658,$428,$239,$-29,$210,$-190,$-100,$0,$-30,$-396,$243,$-235,$0,$-40,$-5,$0,$-5,$-32,$-312,$-50,$188,$138,$-189,$-189,$-12,$-2,$-64,$-118,$33,$-12
4,2017-07-31,119.16,$65.68,1.81,$105.34,1.13,$12.99,9.17,$5.23,22.78,$2.94B,$1.63B,1.8,$3.19B,$5.10B,0.63,$8.41B,$4.56B,54.19%,$8.41B,$0.81B,9.68%,$8.41B,$0.81B,9.68%,$8.41B,$1.14B,13.55%,$8.41B,$0.53B,6.30%,$8.41B,$0.42B,4.96%,$0.42B,$5.10B,8.52%,$0.42B,$-2.25B,-18.17%,$0.42B,$11.45B,3.75%,$0.81B,$8.28B,10.05%,$2070,$923,$1147,$0,$971,$1889,$181,$-30,$151,$31,$119,$119,$120,$261,$181,$78,79,$1.54,$1.52,$559,$1499,$33,$2936,$806,$0,$7349,$364,$8518,$11454,$1633,$3186,$1537,$4726,$6359,$84,$3278,$-497,$5095,$11454,$190,$158,$-20,$138,$-8,$-120,$0,$-42,$-150,$177,$-156,$0,$-28,$-2,$0,$-2,$6,$-180,$-50,$-1,$-51,$-123,$-123,$-9,$-1,$-184,$-171,$21,$-9
5,2017-04-30,100.88,$62.48,1.61,$102.82,0.98,$16.69,6.04,$4.82,20.93,$2.66B,$1.38B,1.93,$3.16B,$4.88B,0.65,$8.27B,$4.45B,53.72%,$8.27B,$0.78B,9.39%,$8.27B,$0.78B,9.39%,$8.27B,$1.11B,13.36%,$8.27B,$0.49B,5.97%,$8.27B,$0.39B,4.69%,$0.39B,$4.88B,8.05%,$0.39B,$-2.29B,-16.49%,$0.39B,$10.91B,3.51%,$0.78B,$8.03B,9.62%,$1989,$908,$1081,$0,$961,$1876,$113,$-29,$85,$14,$70,$70,$70,$190,$113,$78,79,$0.90,$0.89,$491,$1254,$48,$2655,$752,$0,$7163,$342,$8257,$10912,$1378,$3157,$1499,$4659,$6037,$84,$3162,$-651,$4875,$10912,$70,$77,$-17,$61,$-68,$73,$0,$5,$-188,$-57,$-68,$0,$-28,$-1,$0,$-1,$6,$-91,$-50,$23,$-27,$-62,$-62,$-6,$1,$-94,$-239,$9,$-6
6,2017-01-31,93.63,$61.16,1.53,$101.06,0.93,$19.06,4.91,$6.76,13.85,$2.88B,$1.57B,1.84,$3.20B,$4.81B,0.67,$8.20B,$4.37B,53.29%,$8.20B,$0.81B,9.83%,$8.20B,$0.81B,9.83%,$8.20B,$1.13B,13.74%,$8.20B,$0.68B,8.23%,$8.20B,$0.55B,6.70%,$0.55B,$4.81B,11.42%,$0.55B,$-2.28B,-22.82%,$0.55B,$11.07B,4.98%,$0.81B,$8.00B,10.04%,$2108,$970,$1138,$0,$979,$1785,$323,$-198,$125,$25,$101,$101,$101,$407,$323,$80,81,$1.29,$1.29,$730,$1318,$57,$2880,$760,$0,$7080,$349,$8188,$11068,$1565,$3197,$1499,$4699,$6263,$84,$3098,$-711,$4805,$11068,$549,$322,$-145,$177,$22,$2,$0,$39,$230,$956,$-230,$0,$-158,$-32,$0,$-32,$-61,$-481,$29,$-7,$22,$-309,$-309,$-12,$-5,$-304,$174,$38,$-12
7,2016-10-31,106.74,$60.33,1.77,$100.43,1.06,$17.81,5.99,$7.13,14.97,$2.95B,$1.36B,2.17,$3.30B,$4.79B,0.69,$8.21B,$4.31B,52.46%,$8.21B,$0.66B,8.03%,$8.21B,$0.66B,8.03%,$8.21B,$0.97B,11.77%,$8.21B,$0.70B,8.50%,$8.21B,$0.58B,7.10%,$0.58B,$4.79B,12.27%,$0.58B,$-2.36B,-24.10%,$0.58B,$11.07B,5.32%,$0.66B,$8.10B,8.32%,$2244,$1053,$1192,$0,$918,$2046,$198,$-29,$169,$43,$126,$126,$126,$282,$198,$80,81,$1.58,$1.56,$662,$1258,$99,$2948,$730,$0,$7155,$236,$8121,$11069,$1356,$3303,$1614,$4918,$6274,$84,$2997,$-700,$4794,$11069,$448,$238,$-22,$216,$-123,$71,$0,$34,$-87,$577,$-146,$0,$-158,$-25,$0,$-25,$-37,$-366,$127,$-5,$122,$-217,$-217,$-12,$-4,$-111,$106,$29,$-12
8,2016-07-31,100.8,$59.80,1.69,$98.66,1.02,$15.10,6.67,$8.24,12.23,$2.94B,$1.39B,2.12,$3.36B,$4.80B,0.7,$8.13B,$4.22B,51.85%,$8.13B,$0.72B,8.80%,$8.13B,$0.72B,8.80%,$8.13B,$1.00B,12.31%,$8.13B,$0.76B,9.29%,$8.13B,$0.68B,8.35%,$0.68B,$4.80B,14.47%,$0.68B,$-2.49B,-28.02%,$0.68B,$11.18B,6.25%,$0.72B,$8.16B,9.13%,$1933,$900,$1034,$0,$875,$1790,$143,$-28,$115,$24,$91,$91,$91,$226,$143,$81,81,$1.12,$1.11,$742,$1412,$35,$2939,$736,$0,$7288,$217,$8241,$11180,$1388,$3358,$1630,$4988,$6376,$84,$2874,$-653,$4804,$11180,$322,$153,$-121,$32,$98,$-56,$0,$29,$55,$409,$-86,$0,$-158,$-2,$0,$-2,$-25,$-271,$178,$-7,$171,$-124,$-124,$-9,$-4,$35,$185,$20,$-9
9,2016-04-30,95.31,$60.04,1.59,$97.21,0.98,$13.79,6.91,$8.35,11.41,$2.53B,$1.40B,1.81,$2.99B,$4.86B,0.62,$8.06B,$4.18B,51.90%,$8.06B,$0.73B,9.01%,$8.06B,$0.73B,9.01%,$8.06B,$0.99B,12.31%,$8.06B,$0.77B,9.50%,$8.06B,$0.69B,8.56%,$0.69B,$4.86B,15.02%,$0.69B,$-2.52B,-28.40%,$0.69B,$10.89B,6.43%,$0.73B,$7.85B,9.42%,$1918,$911,$1007,$0,$865,$1776,$142,$124,$266,$34,$232,$232,$232,$212,$142,$81,82,$2.85,$2.83,$365,$1281,$43,$2528,$750,$0,$7381,$226,$8357,$10885,$1395,$2992,$1636,$4628,$6023,$84,$2787,$-575,$4862,$10885,$232,$71,$-142,$-72,$13,$90,$0,$20,$-51,$109,$-46,$0,$-158,$-2,$0,$-2,$-13,$-218,$-52,$15,$-37,$-52,$-52,$-6,$-2,$-97,$-191,$10,$-6
10,2016-01-31,73.12,$55.86,1.31,$96.33,0.76,$13.16,5.56,$6.89,10.61,$2.81B,$1.53B,1.84,$3.03B,$4.55B,0.67,$8.02B,$4.16B,51.89%,$8.02B,$0.76B,9.49%,$8.02B,$0.76B,9.49%,$8.02B,$1.02B,12.69%,$8.02B,$0.65B,8.07%,$8.02B,$0.57B,7.13%,$0.57B,$4.55B,12.74%,$0.57B,$-2.31B,-23.41%,$0.57B,$10.67B,5.36%,$0.76B,$7.58B,9.89%,$2113,$1040,$1073,$0,$899,$1937,$176,$-28,$148,$14,$134,$134,$134,$246,$176,$82,83,$1.64,$1.63,$556,$1322,$90,$2805,$745,$0,$6866,$259,$7869,$10674,$1527,$3032,$1563,$4594,$6122,$84,$2561,$-704,$4552,$10674,$572,$257,$6,$264,$33,$-96,$0,$73,$69,$905,$-264,$0,$0,$-27,$0,$-27,$-31,$-322,$-350,$17,$-333,$-131,$-131,$-13,$-8,$-484,$77,$42,$-13
11,2015-10-31,90.6,$55.38,1.64,$95.74,0.95,$11.84,7.65,$5.88,15.41,$2.77B,$1.37B,2.02,$3.19B,$4.55B,0.7,$7.98B,$4.16B,52.15%,$7.98B,$0.59B,7.41%,$7.98B,$0.59B,7.41%,$7.98B,$0.84B,10.54%,$7.98B,$0.47B,5.93%,$7.98B,$0.49B,6.14%,$0.49B,$4.55B,11.03%,$0.49B,$-2.38B,-19.34%,$0.49B,$10.71B,4.58%,$0.59B,$7.74B,7.63%,$2165,$1064,$1101,$0,$854,$1911,$254,$-27,$226,$4,$222,$222,$222,$317,$254,$82,83,$2.69,$2.67,$370,$1332,$66,$2765,$732,$0,$6922,$286,$7940,$10705,$1366,$3191,$1601,$4793,$6159,$84,$2427,$-615,$4546,$10705,$438,$187,$11,$198,$-132,$-94,$0,$69,$-248,$388,$-169,$0,$0,$-27,$0,$-27,$-15,$-210,$-201,$19,$-181,$-82,$-82,$-13,$-1,$-276,$-109,$31,$-13
12,2015-07-31,115.55,$53.36,2.17,$96.50,1.2,$11.01,10.49,$5.92,19.52,$2.72B,$1.37B,1.98,$3.24B,$4.41B,0.73,$8.05B,$4.23B,52.54%,$8.05B,$0.62B,7.67%,$8.05B,$0.62B,7.67%,$8.05B,$0.86B,10.74%,$8.05B,$0.50B,6.15%,$8.05B,$0.49B,6.14%,$0.49B,$4.41B,11.10%,$0.49B,$-2.51B,-18.75%,$0.49B,$10.63B,4.56%,$0.62B,$7.65B,7.84%,$1864,$862,$1002,$0,$851,$1710,$154,$-28,$126,$24,$102,$102,$102,$217,$154,$83,84,$1.24,$1.22,$467,$1403,$82,$2716,$709,$0,$6921,$287,$7916,$10632,$1369,$3237,$1617,$4853,$6222,$84,$2208,$-580,$4410,$10632,$216,$124,$13,$137,$106,$-165,$0,$74,$-30,$323,$-101,$0,$0,$-23,$0,$-23,$-4,$-127,$-166,$-0,$-166,$-22,$-22,$-9,$-0,$-197,$-13,$20,$-9
13,2015-04-30,102.87,$53.76,1.91,$97.92,1.05,$9.16,11.23,$6.22,16.54,$2.62B,$1.23B,2.14,$3.36B,$4.45B,0.76,$8.16B,$4.28B,52.47%,$8.16B,$0.62B,7.63%,$8.16B,$0.62B,7.63%,$8.16B,$0.87B,10.63%,$8.16B,$0.50B,6.07%,$8.16B,$0.52B,6.36%,$0.52B,$4.45B,11.58%,$0.52B,$-2.57B,-18.78%,$0.52B,$10.65B,4.68%,$0.62B,$7.81B,7.78%,$1879,$894,$986,$0,$815,$1703,$177,$-30,$147,$33,$114,$114,$114,$238,$177,$83,83,$1.38,$1.37,$419,$1173,$103,$2623,$721,$0,$7019,$287,$8026,$10650,$1227,$3363,$1616,$4978,$6205,$83,$2109,$-449,$4445,$10650,$114,$61,$2,$63,$-29,$83,$0,$24,$-117,$60,$-49,$0,$0,$-22,$0,$-22,$8,$-63,$-50,$2,$-48,$-6,$-6,$-6,$0,$-60,$-60,$9,$-6
14,2015-01-31,109.72,$52.89,2.07,$98.99,1.11,$7.79,14.08,$5.27,20.82,$2.79B,$1.43B,1.95,$3.44B,$4.36B,0.79,$8.24B,$4.33B,52.50%,$8.24B,$0.53B,6.43%,$8.24B,$0.53B,6.43%,$8.24B,$0.77B,9.39%,$8.24B,$0.39B,4.76%,$8.24B,$0.44B,5.34%,$0.44B,$4.36B,9.80%,$0.44B,$-2.68B,-15.09%,$0.44B,$10.83B,3.88%,$0.53B,$7.80B,6.52%,$2069,$998,$1071,$0,$1066,$2063,$6,$-32,$-26,$-77,$52,$52,$52,$69,$6,$82,83,$0.62,$0.62,$479,$1257,$165,$2786,$726,$0,$7041,$273,$8039,$10825,$1428,$3439,$1594,$5033,$6461,$83,$2001,$-417,$4364,$10825,$439,$245,$259,$504,$-17,$-72,$0,$-23,$-153,$789,$-256,$0,$-14,$-26,$0,$-26,$-62,$-358,$-506,$0,$-506,$2,$2,$-13,$2,$-515,$-114,$49,$-13
15,2014-10-31,113.75,$55.60,2.05,$99.00,1.15,$3.51,32.45,$4.19,27.15,$2.87B,$1.38B,2.08,$3.62B,$4.58B,0.79,$8.23B,$4.33B,52.60%,$8.23B,$0.68B,8.32%,$8.23B,$0.68B,8.32%,$8.23B,$0.94B,11.37%,$8.23B,$0.53B,6.48%,$8.23B,$0.35B,4.26%,$0.35B,$4.58B,7.81%,$0.35B,$-2.78B,-11.46%,$0.35B,$11.27B,3.04%,$0.68B,$8.20B,8.31%,$2233,$1066,$1168,$0,$893,$1953,$280,$-32,$248,$22,$226,$226,$226,$340,$280,$82,83,$2.74,$2.71,$365,$1240,$173,$2867,$708,$0,$7361,$330,$8399,$11266,$1379,$3619,$1685,$5303,$6682,$83,$1950,$-130,$4584,$11266,$387,$181,$82,$263,$-169,$4,$0,$15,$-327,$324,$-174,$0,$-15,$-26,$0,$-26,$-26,$-240,$-326,$32,$-294,$-1,$-1,$-13,$3,$-305,$-228,$37,$-13
16,2014-07-31,109.57,$54.98,1.99,$99.48,1.1,$0.12,899.57,$3.85,28.46,$3.00B,$1.60B,1.87,$3.64B,$4.53B,0.8,$8.25B,$4.33B,52.48%,$8.25B,$0.65B,7.91%,$8.25B,$0.65B,7.91%,$8.25B,$0.91B,10.98%,$8.25B,$0.49B,5.91%,$8.25B,$0.32B,3.89%,$0.32B,$4.53B,7.25%,$0.32B,$-3.03B,-10.16%,$0.32B,$11.59B,2.76%,$0.65B,$8.17B,7.85%,$1976,$921,$1055,$0,$896,$1816,$159,$-34,$126,$-1,$127,$127,$127,$220,$159,$82,83,$1.54,$1.52,$461,$1365,$215,$2995,$704,$0,$7559,$328,$8591,$11585,$1604,$3643,$1808,$5451,$7055,$83,$1727,$60,$4530,$11585,$162,$121,$77,$198,$-2,$-89,$0,$-3,$-190,$170,$-103,$0,$-7,$-26,$0,$-26,$-14,$-151,$-301,$160,$-140,$-4,$-4,$-9,$0,$-153,$-132,$24,$-9
17,2014-04-30,124.84,$54.41,2.29,$99.90,1.25,$-1.45,0.0,$2.13,58.61,$2.93B,$1.47B,2.0,$3.86B,$4.48B,0.86,$8.24B,$4.30B,52.20%,$8.24B,$0.58B,7.04%,$8.24B,$0.58B,7.04%,$8.24B,$0.87B,10.55%,$8.24B,$0.40B,4.85%,$8.24B,$0.19B,2.29%,$0.19B,$4.48B,4.38%,$0.19B,$-3.18B,-5.81%,$0.19B,$11.63B,1.63%,$0.58B,$8.34B,6.96%,$1964,$931,$1033,$0,$859,$1879,$85,$-41,$44,$9,$35,$35,$35,$145,$85,$82,83,$0.43,$0.42,$513,$1178,$207,$2927,$709,$0,$7663,$330,$8702,$11629,$1466,$3862,$1821,$5683,$7150,$83,$1607,$144,$4480,$11629,$35,$61,$81,$142,$-80,$112,$0,$-29,$-229,$-51,$-51,$0,$-7,$-26,$0,$-26,$-2,$-86,$-81,$140,$59,$-4,$-4,$-3,$1,$53,$-80,$12,$-3
18,2014-01-31,120.13,$52.76,2.28,$100.17,1.2,$-2.49,0.0,$1.46,82.28,$3.00B,$1.55B,1.93,$3.88B,$4.34B,0.9,$8.19B,$4.22B,51.55%,$8.19B,$0.51B,6.27%,$8.19B,$0.51B,6.27%,$8.19B,$0.83B,10.10%,$8.19B,$0.33B,4.01%,$8.19B,$0.14B,1.76%,$0.14B,$4.34B,3.41%,$0.14B,$-3.22B,-4.34%,$0.14B,$11.58B,1.24%,$0.51B,$8.21B,6.13%,$2052,$983,$1070,$0,$910,$1892,$160,$-45,$115,$152,$-38,$-38,$-38,$231,$160,$81,83,$-0.44,$-0.43,$593,$1281,$211,$2999,$712,$0,$7559,$306,$8577,$11576,$1552,$3878,$1804,$5688,$7240,$83,$1575,$42,$4335,$11576,$143,$314,$-60,$254,$-32,$-44,$0,$156,$39,$412,$-237,$0,$-1754,$-4,$0,$-4,$-63,$-2057,$1593,$-244,$1349,$-10,$-10,$-12,$28,$1355,$-299,$58,$-12
19,2013-10-31,123.77,$53.42,2.32,$97.47,1.27,$0.26,484.42,$3.01,41.12,$3.06B,$1.30B,2.36,$4.18B,$4.36B,0.96,$7.77B,$4.03B,51.88%,$7.77B,$0.46B,5.96%,$7.77B,$0.46B,5.96%,$7.77B,$0.75B,9.59%,$7.77B,$0.29B,3.76%,$7.77B,$0.26B,3.37%,$0.26B,$4.36B,6.63%,$0.26B,$-3.20B,-9.25%,$0.26B,$11.65B,2.47%,$0.46B,$8.53B,6.02%,$2259,$1087,$1172,$0,$927,$2010,$249,$-46,$203,$7,$197,$197,$197,$311,$249,$82,83,$2.41,$2.37,$543,$1164,$212,$3062,$689,$0,$7563,$339,$8591,$11654,$1300,$4175,$1814,$5995,$7295,$82,$1613,$78,$4359,$11654,$181,$243,$-42,$201,$-176,$74,$0,$59,$-346,$36,$-166,$0,$-1797,$-4,$0,$-4,$-38,$-2004,$1891,$-239,$1652,$-34,$-34,$-12,$16,$1622,$-350,$47,$-12
20,2013-07-31,130.91,$49.88,2.62,$92.39,1.42,$3.84,34.1,$2.88,45.45,$3.07B,$1.43B,2.15,$4.20B,$4.07B,1.03,$7.15B,$3.73B,52.11%,$7.15B,$0.46B,6.36%,$7.15B,$0.46B,6.36%,$7.15B,$0.71B,9.92%,$7.15B,$0.30B,4.22%,$7.15B,$0.23B,3.19%,$0.23B,$4.07B,6.29%,$0.23B,$-3.41B,-9.64%,$0.23B,$11.54B,2.41%,$0.46B,$8.26B,6.76%,$1965,$939,$1026,$0,$941,$1879,$86,$-47,$38,$44,$-5,$-5,$-5,$183,$86,$81,81,$-0.07,$-0.07,$629,$1339,$114,$3069,$686,$0,$7480,$300,$8466,$11535,$1429,$4195,$1836,$6037,$7466,$82,$1419,$1,$4069,$11535,$-16,$181,$22,$203,$-14,$-59,$0,$75,$-144,$44,$-106,$0,$-1797,$0,$0,$0,$-27,$-1929,$1912,$-248,$1664,$-33,$-33,$-9,$10,$1633,$-263,$35,$-9
21,2013-04-30,114.6,$50.86,2.25,$86.38,1.33,$6.31,18.17,$4.27,26.84,$3.06B,$1.29B,2.37,$4.36B,$4.12B,1.06,$6.53B,$3.45B,52.79%,$6.53B,$0.52B,8.00%,$6.53B,$0.52B,8.00%,$6.53B,$0.72B,10.96%,$6.53B,$0.39B,5.96%,$6.53B,$0.32B,4.90%,$0.32B,$4.12B,9.70%,$0.32B,$-3.42B,-17.00%,$0.32B,$11.59B,3.87%,$0.52B,$8.48B,9.02%,$1910,$958,$952,$0,$895,$1892,$18,$-46,$-28,$-17,$-10,$-10,$-10,$103,$18,$80,80,$-0.13,$-0.13,$746,$1136,$130,$3056,$680,$0,$7544,$313,$8536,$11593,$1290,$4362,$1814,$6182,$7472,$81,$1429,$36,$4121,$11593,$-10,$84,$-8,$76,$-69,$146,$0,$54,$-201,$-135,$-46,$0,$-1797,$0,$0,$0,$-14,$-1857,$2093,$-236,$1857,$-10,$-10,$-6,$12,$1853,$-146,$19,$-6
22,2013-01-31,118.0,$44.61,2.65,$81.90,1.44,$8.03,14.69,$5.79,20.38,$2.44B,$1.16B,2.1,$2.21B,$3.25B,0.68,$6.04B,$3.25B,53.78%,$6.04B,$0.66B,10.92%,$6.04B,$0.66B,10.92%,$6.04B,$0.80B,13.27%,$6.04B,$0.54B,9.00%,$6.04B,$0.42B,6.97%,$0.42B,$3.25B,14.14%,$0.42B,$-1.29B,-29.63%,$0.42B,$7.73B,5.97%,$0.66B,$5.46B,13.69%,$1636,$756,$881,$0,$771,$1526,$110,$-31,$79,$-2,$81,$81,$80,$148,$110,$70,74,$1.10,$1.08,$892,$878,$67,$2437,$561,$0,$4540,$193,$5295,$7732,$1162,$2212,$1105,$3317,$4479,$73,$1446,$140,$3253,$7732,$434,$140,$9,$149,$56,$-58,$0,$-98,$-13,$570,$-211,$0,$-38,$-8,$0,$-8,$-51,$-308,$400,$-8,$393,$-1,$-1,$-11,$4,$385,$659,$34,$-11
23,2012-10-31,109.14,$43.13,2.53,$80.78,1.35,$7.57,14.41,$5.81,18.79,$1.91B,$1.14B,1.68,$1.65B,$2.95B,0.56,$5.94B,$3.14B,52.91%,$5.94B,$0.57B,9.66%,$5.94B,$0.57B,9.66%,$5.94B,$0.71B,11.97%,$5.94B,$0.47B,7.96%,$5.94B,$0.38B,6.36%,$0.38B,$3.05B,13.30%,$0.38B,$-1.34B,-24.95%,$0.38B,$6.99B,5.55%,$0.57B,$4.69B,12.50%,$1643,$774,$869,$0,$631,$1402,$241,$-28,$213,$45,$168,$168,$163,$276,$241,$71,74,$2.31,$2.27,$277,$855,$92,$1912,$520,$0,$4384,$170,$5074,$6986,$1140,$1648,$1152,$2800,$3940,$71,$1368,$31,$3046,$6986,$353,$103,$31,$134,$-122,$-51,$0,$10,$-202,$285,$-137,$0,$-13,$-2,$0,$-2,$-36,$-188,$-37,$-1,$-38,$-7,$-7,$-8,$-0,$-53,$43,$26,$-8
24,2012-07-31,78.79,$39.42,2.0,$81.24,0.97,$6.33,12.45,$5.11,15.42,$1.82B,$1.11B,1.64,$1.72B,$2.69B,0.64,$5.95B,$3.10B,52.14%,$5.95B,$0.53B,8.91%,$5.95B,$0.53B,8.91%,$5.95B,$0.66B,11.16%,$5.95B,$0.43B,7.14%,$5.95B,$0.32B,5.39%,$0.32B,$2.78B,11.57%,$0.32B,$-1.48B,-19.85%,$0.32B,$6.73B,4.72%,$0.53B,$4.50B,11.48%,$1337,$594,$743,$0,$589,$1183,$153,$-28,$125,$35,$90,$90,$87,$188,$153,$70,74,$1.24,$1.22,$262,$909,$105,$1820,$484,$0,$4261,$166,$4912,$6731,$1109,$1715,$1126,$2841,$3951,$71,$1203,$-58,$2781,$6731,$185,$68,$25,$93,$46,$-117,$0,$-40,$-71,$207,$-82,$0,$0,$0,$0,$0,$-26,$-107,$-50,$-0,$-50,$-9,$-9,$-5,$1,$-63,$29,$19,$-5
25,2012-04-30,88.04,$40.21,2.19,$81.40,1.08,$5.54,15.88,$4.84,18.19,$1.73B,$0.98B,1.76,$1.80B,$2.74B,0.66,$5.95B,$3.08B,51.85%,$5.95B,$0.51B,8.57%,$5.95B,$0.51B,8.57%,$5.95B,$0.64B,10.78%,$5.95B,$0.40B,6.76%,$5.95B,$0.30B,4.99%,$0.30B,$2.83B,10.77%,$0.30B,$-1.58B,-17.35%,$0.30B,$6.78B,4.34%,$0.51B,$4.62B,10.86%,$1427,$671,$757,$0,$603,$1271,$156,$-29,$127,$31,$95,$95,$91,$190,$156,$69,74,$1.33,$1.30,$239,$736,$102,$1728,$479,$0,$4407,$166,$5052,$6780,$982,$1795,$1175,$2969,$3951,$71,$1113,$86,$2829,$6780,$95,$33,$10,$44,$-62,$76,$0,$8,$-140,$-1,$-39,$0,$0,$0,$0,$0,$-14,$-53,$-30,$94,$64,$-2,$-2,$-5,$0,$57,$5,$11,$-5
26,2012-01-31,76.5,$39.90,1.92,$80.87,0.95,$5.48,13.97,$4.36,17.54,$1.74B,$1.04B,1.67,$1.83B,$2.53B,0.73,$5.89B,$3.06B,51.88%,$5.89B,$0.49B,8.34%,$5.89B,$0.49B,8.34%,$5.89B,$0.62B,10.56%,$5.89B,$0.36B,6.15%,$5.89B,$0.26B,4.41%,$0.26B,$2.72B,9.57%,$0.26B,$-1.67B,-14.39%,$0.26B,$6.75B,3.79%,$0.49B,$4.55B,10.32%,$1533,$759,$774,$0,$734,$1509,$24,$-16,$8,$-31,$39,$39,$37,$57,$24,$67,73,$0.54,$0.53,$233,$809,$105,$1739,$459,$0,$4381,$173,$5013,$6752,$1044,$1833,$1160,$2993,$4037,$68,$1023,$74,$2715,$6752,$276,$132,$134,$266,$-41,$-111,$0,$32,$-72,$491,$-170,$0,$-35,$-49,$0,$-49,$-51,$-304,$-451,$8,$-443,$19,$19,$-11,$-9,$-444,$-266,$41,$-11
27,2011-10-31,73.7,$41.06,1.79,$80.60,0.91,$4.91,15.02,$3.97,18.56,$1.79B,$1.00B,1.8,$2.03B,$2.59B,0.79,$5.76B,$3.02B,52.44%,$5.76B,$0.47B,8.17%,$5.76B,$0.47B,8.17%,$5.76B,$0.60B,10.46%,$5.76B,$0.41B,7.07%,$5.76B,$0.27B,4.74%,$0.27B,$2.78B,10.30%,$0.27B,$-1.75B,-14.48%,$0.27B,$6.92B,3.97%,$0.47B,$4.81B,9.74%,$1654,$825,$829,$0,$633,$1457,$197,$-32,$165,$53,$112,$112,$106,$229,$197,$67,73,$1.57,$1.54,$160,$842,$104,$1792,$436,$0,$4520,$174,$5130,$6922,$995,$2030,$1121,$3152,$4147,$68,$1069,$117,$2775,$6922,$237,$99,$65,$164,$-172,$-126,$0,$62,$-248,$173,$-118,$0,$-25,$-49,$0,$-49,$-35,$-227,$-286,$8,$-278,$7,$7,$-8,$-14,$-293,$-339,$31,$-8
28,2011-07-31,70.83,$40.14,1.76,$79.03,0.9,$5.34,13.27,$3.55,19.95,$1.78B,$1.01B,1.77,$2.09B,$2.52B,0.83,$5.62B,$2.98B,53.09%,$5.62B,$0.45B,8.03%,$5.62B,$0.45B,8.03%,$5.62B,$0.60B,10.74%,$5.62B,$0.38B,6.75%,$5.62B,$0.27B,4.75%,$0.27B,$2.71B,10.43%,$0.27B,$-1.86B,-13.63%,$0.27B,$6.92B,3.89%,$0.45B,$4.80B,9.29%,$1334,$610,$724,$0,$591,$1201,$133,$-31,$102,$35,$67,$67,$63,$165,$133,$67,73,$0.94,$0.92,$288,$913,$98,$1783,$426,$0,$4570,$141,$5137,$6920,$1008,$2090,$1111,$3201,$4209,$68,$959,$174,$2711,$6920,$124,$66,$47,$113,$39,$-187,$0,$48,$-97,$141,$-74,$0,$0,$-15,$0,$-15,$-25,$-114,$-247,$8,$-239,$6,$6,$-5,$-12,$-250,$-211,$21,$-5
29,2011-04-30,69.66,$39.66,1.76,$77.47,0.9,$5.45,12.79,$1.80,38.7,$1.67B,$0.86B,1.94,$2.21B,$2.48B,0.89,$5.39B,$2.83B,52.60%,$5.39B,$0.36B,6.72%,$5.39B,$0.36B,6.72%,$5.39B,$0.53B,9.88%,$5.39B,$0.19B,3.60%,$5.39B,$0.13B,2.47%,$0.13B,$2.67B,5.49%,$0.13B,$-1.96B,-6.55%,$0.13B,$6.85B,1.97%,$0.36B,$4.88B,7.51%,$1369,$641,$729,$0,$592,$1233,$137,$-49,$87,$30,$58,$58,$54,$171,$137,$67,73,$0.81,$0.79,$295,$691,$100,$1671,$418,$0,$4628,$137,$5184,$6854,$862,$2208,$1113,$3321,$4183,$68,$892,$213,$2671,$6854,$58,$34,$27,$62,$-54,$36,$0,$32,$-129,$-10,$-34,$0,$0,$-10,$0,$-10,$-13,$-58,$-149,$7,$-142,$6,$6,$-5,$-11,$-152,$-204,$10,$-5
30,2011-01-31,57.71,$36.42,1.58,$70.45,0.82,$5.18,11.13,$0.48,120.23,$1.84B,$0.93B,1.97,$2.36B,$2.25B,1.05,$4.64B,$2.42B,52.22%,$4.64B,$0.20B,4.36%,$4.64B,$0.20B,4.36%,$4.64B,$0.35B,7.57%,$4.64B,$0.08B,1.64%,$4.64B,$0.05B,1.10%,$0.05B,$2.44B,2.39%,$0.05B,$-1.98B,-3.50%,$0.05B,$6.78B,0.89%,$0.20B,$4.81B,4.95%,$1398,$662,$736,$0,$645,$1395,$3,$50,$53,$1,$53,$53,$50,$37,$3,$63,67,$1.01,$1.02,$499,$711,$98,$1835,$405,$0,$4422,$123,$4949,$6784,$931,$2364,$1047,$3411,$4342,$67,$840,$56,$2443,$6784,$54,$147,$164,$311,$-115,$-142,$0,$16,$-6,$359,$-101,$0,$-2493,$0,$0,$0,$-184,$-2778,$2158,$5,$2163,$386,$575,$-10,$-301,$2427,$18,$33,$-10
31,2010-10-31,60.61,$36.07,1.68,$61.40,0.99,$4.98,12.17,$0.27,224.48,$1.90B,$0.87B,2.19,$2.52B,$2.23B,1.13,$3.85B,$1.99B,51.70%,$3.85B,$0.25B,6.54%,$3.85B,$0.25B,6.54%,$3.85B,$0.38B,9.84%,$3.85B,$0.07B,1.76%,$3.85B,$0.03B,0.73%,$0.03B,$2.42B,1.54%,$0.03B,$-2.04B,-2.92%,$0.03B,$6.87B,0.61%,$0.25B,$4.94B,7.71%,$1516,$723,$793,$0,$615,$1338,$178,$-41,$137,$37,$100,$100,$100,$230,$178,$66,72,$1.42,$1.39,$491,$689,$64,$1896,$399,$0,$4456,$121,$4976,$6873,$867,$2524,$1067,$3591,$4458,$67,$791,$93,$2415,$6873,$2,$114,$171,$285,$-206,$-137,$0,$25,$-146,$141,$-55,$0,$-2493,$0,$0,$0,$-170,$-2719,$2309,$0,$2309,$383,$571,$-7,$-300,$2573,$11,$23,$-7
32,2010-07-31,51.23,$32.61,1.57,$53.49,0.96,$4.96,10.33,$0.73,70.18,$1.67B,$0.80B,2.09,$2.49B,$1.98B,1.26,$3.03B,$1.54B,50.66%,$3.03B,$0.16B,5.41%,$3.03B,$0.16B,5.41%,$3.03B,$0.25B,8.31%,$3.03B,$0.01B,0.43%,$3.03B,$0.01B,0.40%,$0.01B,$2.16B,0.80%,$0.01B,$-2.15B,-2.68%,$0.01B,$6.49B,0.35%,$0.16B,$4.66B,6.78%,$1103,$528,$575,$0,$525,$1059,$44,$-127,$-83,$-13,$-71,$-71,$-71,$94,$44,$66,66,$-1.07,$-1.07,$475,$694,$62,$1667,$395,$0,$4310,$117,$4822,$6489,$796,$2492,$1038,$3529,$4325,$66,$693,$-32,$2163,$6489,$-98,$62,$150,$212,$94,$-142,$0,$-71,$-17,$97,$-29,$-2491,$0,$0,$0,$0,$-162,$-2682,$2309,$5,$2314,$369,$558,$-5,$-300,$2567,$-6,$12,$-5
33,2010-04-30,62.17,$26.12,2.38,$46.88,1.33,$5.23,11.89,$2.07,30.03,$1.38B,$0.40B,3.46,$0.40B,$1.51B,0.26,$2.46B,$1.23B,49.92%,$2.46B,$0.17B,6.95%,$2.46B,$0.17B,6.95%,$2.46B,$0.22B,9.02%,$2.46B,$0.14B,5.65%,$2.46B,$0.11B,4.47%,$0.11B,$1.51B,9.02%,$0.11B,$0.35B,162.36%,$0.11B,$2.73B,4.58%,$0.17B,$1.91B,10.56%,$619,$302,$317,$0,$287,$642,$-23,$-8,$-31,$-3,$-28,$-28,$-28,$-10,$-23,$52,52,$-0.53,$-0.53,$792,$285,$13,$1376,$161,$0,$1167,$26,$1354,$2730,$397,$400,$420,$819,$1217,$58,$764,$-80,$1513,$2730,$-28,$12,$48,$60,$-45,$-21,$0,$8,$-73,$-41,$-5,$0,$0,$0,$0,$0,$-11,$-16,$0,$0,$0,$369,$369,$-4,$3,$367,$311,$4,$-4
34,2010-01-31,38.74,$22.51,1.72,$45.78,0.85,$5.56,6.96,$3.08,12.58,$1.00B,$0.36B,2.74,$0.40B,$1.17B,0.34,$2.40B,$1.18B,49.33%,$2.40B,$0.24B,10.13%,$2.40B,$0.24B,10.13%,$2.40B,$0.29B,12.26%,$2.40B,$0.21B,8.80%,$2.40B,$0.16B,6.80%,$0.16B,$1.17B,14.85%,$0.16B,$0.01B,-356.28%,$0.16B,$2.34B,7.19%,$0.24B,$1.57B,16.23%,$615,$307,$307,$0,$255,$562,$53,$-8,$45,$18,$27,$27,$27,$65,$53,$52,53,$0.53,$0.51,$481,$264,$13,$995,$167,$0,$1158,$19,$1345,$2340,$363,$400,$409,$808,$1171,$57,$796,$-80,$1169,$2340,$162,$50,$26,$76,$-1,$21,$0,$-54,$-24,$214,$-24,$0,$-2,$0,$0,$0,$-37,$-63,$0,$0,$0,$8,$8,$-8,$1,$1,$153,$14,$-8
35,2009-10-31,39.55,$22.11,1.79,$45.15,0.88,$4.84,8.17,$1.83,21.61,$0.96B,$0.36B,2.69,$0.40B,$1.14B,0.35,$2.36B,$1.14B,48.12%,$2.36B,$0.14B,5.93%,$2.36B,$0.14B,5.93%,$2.36B,$0.19B,8.22%,$2.36B,$0.11B,4.62%,$2.36B,$0.10B,4.15%,$0.10B,$1.14B,9.29%,$0.10B,$-0.00B,-125.24%,$0.10B,$2.30B,4.39%,$0.14B,$1.54B,9.63%,$697,$360,$338,$0,$247,$607,$90,$-8,$82,$-1,$84,$84,$84,$103,$90,$52,53,$1.62,$1.58,$357,$282,$16,$958,$172,$0,$1148,$26,$1346,$2304,$356,$400,$405,$804,$1161,$57,$771,$-70,$1143,$2304,$135,$38,$18,$56,$-84,$3,$0,$-33,$-110,$81,$-19,$-6,$0,$0,$0,$0,$-26,$-51,$0,$0,$0,$3,$3,$-6,$1,$-2,$28,$9,$-6
36,2009-07-31,34.82,$20.43,1.7,$45.86,0.76,$3.81,9.13,$1.28,27.2,$0.89B,$0.36B,2.47,$0.40B,$1.06B,0.38,$2.39B,$1.14B,47.64%,$2.39B,$0.14B,5.69%,$2.39B,$0.14B,5.69%,$2.39B,$0.19B,7.99%,$2.39B,$0.11B,4.43%,$2.39B,$0.07B,2.84%,$0.07B,$1.06B,6.53%,$0.07B,$-0.08B,-83.18%,$0.07B,$2.23B,3.05%,$0.14B,$1.45B,9.43%,$529,$264,$266,$0,$214,$478,$51,$-8,$43,$17,$27,$27,$27,$64,$51,$52,52,$0.51,$0.51,$370,$302,$16,$886,$184,$0,$1137,$27,$1348,$2233,$358,$400,$420,$820,$1178,$57,$690,$-71,$1055,$2233,$51,$25,$8,$33,$27,$-18,$0,$-25,$-4,$81,$-13,$-6,$0,$0,$0,$0,$-19,$-37,$0,$0,$0,$1,$1,$-4,$0,$-2,$41,$6,$-4
37,2009-04-30,28.53,$19.85,1.44,$46.42,0.61,$3.52,8.11,$1.33,21.45,$0.85B,$0.32B,2.69,$0.40B,$1.02B,0.39,$2.42B,$1.16B,47.96%,$2.42B,$0.14B,5.74%,$2.42B,$0.14B,5.74%,$2.42B,$0.20B,8.05%,$2.42B,$0.11B,4.58%,$2.42B,$0.07B,2.89%,$0.07B,$1.02B,6.75%,$0.07B,$-0.11B,-92.72%,$0.07B,$2.19B,3.15%,$0.14B,$1.42B,9.67%,$557,$286,$272,$0,$223,$508,$49,$-8,$41,$17,$25,$25,$25,$62,$49,$52,52,$0.48,$0.48,$282,$281,$16,$849,$189,$0,$1130,$27,$1346,$2194,$315,$400,$456,$855,$1171,$57,$663,$-72,$1023,$2194,$25,$12,$3,$16,$-23,$3,$0,$-9,$-62,$-22,$-6,$-6,$0,$0,$0,$0,$-10,$-21,$0,$0,$0,$1,$1,$-4,$0,$-3,$-46,$3,$-4
38,2009-01-31,18.66,$19.40,0.96,$47.64,0.39,$3.42,5.46,$1.75,10.66,$0.86B,$0.35B,2.48,$0.40B,$1.00B,0.4,$2.49B,$1.20B,48.19%,$2.49B,$0.17B,6.86%,$2.49B,$0.17B,6.86%,$2.49B,$0.23B,9.11%,$2.49B,$0.15B,5.86%,$2.49B,$0.09B,3.69%,$0.09B,$1.00B,8.91%,$0.09B,$-0.12B,-135.79%,$0.09B,$2.20B,4.16%,$0.17B,$1.40B,11.94%,$578,$318,$260,$0,$309,$628,$-50,$-7,$-57,$-19,$-38,$-38,$-38,$-35,$-50,$51,52,$-0.74,$-0.73,$328,$283,$18,$864,$193,$0,$1118,$25,$1336,$2200,$349,$400,$453,$852,$1201,$57,$642,$-73,$999,$2200,$92,$55,$63,$118,$-39,$39,$0,$22,$30,$240,$-88,$0,$-35,$2,$0,$2,$-55,$-177,$0,$0,$0,$3,$3,$-8,$1,$-4,$58,$11,$-8
39,2008-10-31,24.0,$21.19,1.13,$46.81,0.51,$2.69,8.91,$3.04,7.89,$0.88B,$0.35B,2.51,$0.40B,$1.09B,0.37,$2.50B,$1.23B,49.34%,$2.50B,$0.27B,10.96%,$2.50B,$0.27B,10.96%,$2.50B,$0.33B,13.13%,$2.50B,$0.25B,10.04%,$2.50B,$0.16B,6.40%,$0.16B,$1.09B,15.65%,$0.16B,$-0.02B,-249.03%,$0.16B,$2.28B,7.26%,$0.27B,$1.49B,19.27%,$727,$386,$341,$0,$255,$641,$86,$-7,$79,$26,$54,$54,$54,$100,$86,$51,52,$1.04,$1.03,$198,$329,$5,$877,$253,$0,$1109,$44,$1406,$2284,$350,$400,$444,$843,$1193,$57,$680,$-17,$1091,$2284,$130,$41,$15,$56,$-149,$-5,$0,$42,$-106,$79,$-72,$0,$-34,$0,$2,$2,$-44,$-148,$0,$0,$0,$3,$3,$-8,$1,$-4,$-72,$8,$-8
40,2008-07-31,34.63,$20.17,1.72,$44.94,0.77,$2.25,15.42,$3.06,11.32,$0.81B,$0.29B,2.76,$0.40B,$1.04B,0.39,$2.47B,$1.22B,49.47%,$2.47B,$0.29B,11.75%,$2.47B,$0.29B,11.75%,$2.47B,$0.34B,13.86%,$2.47B,$0.27B,10.94%,$2.47B,$0.17B,6.77%,$0.17B,$1.04B,16.26%,$0.17B,$-0.06B,-407.32%,$0.17B,$2.20B,7.61%,$0.29B,$1.44B,20.33%,$561,$272,$289,$0,$234,$506,$54,$-7,$48,$18,$29,$29,$29,$68,$54,$51,52,$0.57,$0.56,$261,$325,$5,$812,$248,$0,$1094,$44,$1387,$2200,$294,$400,$468,$868,$1162,$57,$630,$-17,$1038,$2200,$76,$27,$10,$38,$-21,$-3,$0,$65,$-6,$107,$-54,$0,$-29,$0,$2,$2,$-36,$-117,$0,$0,$0,$3,$3,$-4,$1,$-0,$-9,$5,$-4
41,2008-04-30,41.25,$19.53,2.11,$43.80,0.94,$1.26,32.64,$3.18,12.97,$0.79B,$0.29B,2.71,$0.40B,$1.00B,0.4,$2.46B,$1.21B,49.17%,$2.46B,$0.30B,12.36%,$2.46B,$0.30B,12.36%,$2.46B,$0.35B,14.36%,$2.46B,$0.29B,11.63%,$2.46B,$0.18B,7.20%,$0.18B,$1.00B,17.18%,$0.18B,$-0.08B,-853.01%,$0.18B,$2.16B,8.12%,$0.30B,$1.40B,21.26%,$626,$315,$311,$0,$230,$545,$81,$-5,$76,$29,$47,$47,$47,$94,$81,$51,52,$0.91,$0.90,$184,$295,$9,$791,$243,$0,$1079,$45,$1367,$2158,$292,$400,$463,$862,$1154,$57,$601,$-17,$1004,$2158,$47,$13,$0,$14,$-85,$29,$0,$46,$-66,$-6,$-28,$0,$-25,$0,$0,$0,$-26,$-78,$0,$0,$0,$1,$1,$-4,$1,$-2,$-86,$2,$-4
42,2008-01-31,41.09,$18.65,2.2,$42.11,0.98,$0.82,50.02,$3.20,12.84,$0.84B,$0.36B,2.32,$0.40B,$0.96B,0.42,$2.43B,$1.19B,49.11%,$2.43B,$0.31B,12.74%,$2.43B,$0.31B,12.74%,$2.43B,$0.36B,14.64%,$2.43B,$0.29B,12.12%,$2.43B,$0.18B,7.55%,$0.18B,$0.96B,17.80%,$0.18B,$-0.11B,-2361.29%,$0.18B,$2.17B,8.52%,$0.31B,$1.36B,21.64%,$585,$292,$292,$0,$240,$532,$53,$-4,$48,$18,$30,$30,$30,$66,$53,$56,57,$0.57,$0.56,$270,$322,$10,$836,$232,$0,$1062,$42,$1336,$2172,$360,$400,$456,$856,$1216,$57,$559,$-17,$956,$2172,$183,$47,$12,$59,$-48,$-27,$0,$12,$-23,$219,$-95,$0,$2,$3,$0,$3,$-36,$-126,$0,$0,$0,$-188,$-188,$-8,$6,$-190,$-96,$10,$-8
43,2007-10-31,46.62,$19.66,2.37,$42.28,1.1,$2.47,18.85,$3.12,14.94,$0.98B,$0.32B,3.04,$0.40B,$1.11B,0.36,$2.40B,$1.18B,49.19%,$2.40B,$0.30B,12.64%,$2.40B,$0.30B,12.64%,$2.40B,$0.35B,14.48%,$2.40B,$0.29B,12.10%,$2.40B,$0.18B,7.51%,$0.18B,$1.11B,17.57%,$0.18B,$0.08B,18000.00%,$0.18B,$2.25B,8.54%,$0.30B,$1.51B,21.27%,$696,$368,$329,$0,$226,$594,$102,$-4,$98,$37,$61,$61,$61,$114,$102,$56,58,$1.08,$1.05,$337,$332,$9,$983,$203,$0,$1036,$30,$1268,$2252,$323,$400,$418,$818,$1141,$56,$528,$-30,$1111,$2252,$153,$34,$7,$41,$-171,$-47,$0,$30,$-151,$43,$-61,$0,$1,$0,$3,$3,$-25,$-82,$0,$0,$0,$12,$12,$-8,$6,$9,$-29,$8,$-8
44,2007-07-31,50.74,$18.60,2.73,$40.24,1.26,$4.30,11.81,$2.96,17.14,$0.89B,$0.28B,3.21,$0.40B,$1.05B,0.38,$2.27B,$1.13B,49.80%,$2.27B,$0.29B,12.60%,$2.27B,$0.29B,12.60%,$2.27B,$0.33B,14.41%,$2.27B,$0.27B,12.03%,$2.27B,$0.17B,7.49%,$0.17B,$1.05B,17.48%,$0.17B,$0.02B,-772.73%,$0.17B,$2.13B,8.36%,$0.29B,$1.45B,20.84%,$552,$275,$277,$0,$210,$484,$68,$-4,$64,$25,$39,$39,$39,$79,$68,$56,58,$0.69,$0.68,$366,$322,$9,$892,$185,$0,$1026,$30,$1242,$2134,$278,$400,$406,$806,$1084,$56,$472,$-31,$1050,$2134,$92,$22,$4,$26,$-59,$-37,$0,$17,$-84,$35,$-33,$0,$1,$0,$3,$3,$-18,$-47,$0,$0,$0,$12,$12,$-4,$5,$13,$0,$5,$-4
45,2007-04-30,54.45,$19.18,2.84,$39.03,1.39,$5.87,9.28,$2.61,20.86,$0.82B,$0.24B,3.35,$0.40B,$1.00B,0.4,$2.18B,$1.08B,49.63%,$2.18B,$0.27B,12.32%,$2.18B,$0.27B,12.32%,$2.18B,$0.31B,14.11%,$2.18B,$0.26B,11.72%,$2.18B,$0.15B,6.85%,$0.15B,$1.00B,16.15%,$0.15B,$-0.02B,-342.53%,$0.15B,$2.04B,7.59%,$0.27B,$1.40B,20.27%,$592,$299,$293,$0,$207,$506,$86,$-1,$84,$31,$53,$53,$53,$96,$86,$56,58,$0.95,$0.92,$300,$281,$9,$816,$171,$0,$1019,$30,$1220,$2036,$244,$400,$398,$797,$1041,$56,$432,$-32,$995,$2036,$53,$11,$1,$12,$-85,$3,$0,$3,$-118,$-53,$-9,$0,$1,$0,$3,$3,$-10,$-15,$0,$0,$0,$3,$3,$-4,$2,$1,$-66,$3,$-4
46,2007-01-31,53.68,$16.87,3.18,$37.74,1.42,$7.15,7.5,$2.56,20.97,$0.80B,$0.30B,2.68,$0.40B,$0.94B,0.42,$2.09B,$1.03B,49.28%,$2.09B,$0.23B,11.20%,$2.09B,$0.23B,11.20%,$2.09B,$0.27B,13.01%,$2.09B,$0.25B,11.87%,$2.09B,$0.14B,6.79%,$0.14B,$0.94B,16.13%,$0.14B,$-0.07B,-246.96%,$0.14B,$2.01B,7.45%,$0.23B,$1.34B,18.28%,$557,$277,$280,$0,$232,$510,$47,$-3,$44,$17,$27,$27,$27,$58,$47,$52,53,$0.41,$0.55,$366,$285,$10,$800,$172,$0,$1014,$28,$1213,$2013,$298,$400,$374,$773,$1071,$56,$389,$-32,$942,$2013,$155,$38,$23,$60,$20,$-16,$0,$-16,$36,$251,$-46,$0,$-113,$33,$0,$33,$-28,$-154,$0,$0,$0,$18,$18,$-11,$-5,$2,$99,$7,$-8
47,2006-10-31,44.51,$16.28,2.73,$36.23,1.23,$6.26,7.11,$2.50,17.8,$0.85B,$0.25B,3.37,$0.40B,$0.90B,0.44,$1.99B,$0.97B,48.77%,$1.99B,$0.23B,11.49%,$1.99B,$0.23B,11.49%,$1.99B,$0.27B,13.35%,$1.99B,$0.24B,12.04%,$1.99B,$0.14B,6.77%,$0.14B,$0.90B,16.11%,$0.14B,$-0.02B,-188.81%,$0.14B,$1.95B,7.33%,$0.23B,$1.30B,18.51%,$568,$288,$280,$0,$196,$484,$85,$-4,$81,$30,$51,$51,$51,$94,$85,$55,57,$0.92,$0.89,$359,$281,$24,$845,$158,$0,$920,$25,$1102,$1948,$251,$400,$394,$793,$1044,$56,$364,$-34,$903,$1948,$128,$27,$8,$35,$-69,$-23,$0,$15,$-57,$112,$-26,$0,$0,$0,$33,$33,$-21,$-15,$0,$0,$0,$10,$10,$-9,$-8,$-7,$91,$0,$-6
