,Date,Stock Price,Book Value per Share,Price to Book Ratio,TTM Sales per Share,Price to Sales Ratio,TTM FCF per Share,Price to FCF Ratio,TTM Net EPS,PE Ratio,Current Assets,Current Liabilities,Current Ratio,Long Term Debt,Shareholder's Equity_x,Debt to Equity Ratio,TTM Revenue_x,TTM Gross Profit,Gross Margin,TTM Revenue_y,TTM Operating Income,Operating Margin,TTM Revenue_x,TTM EBIT,EBIT Margin,TTM Revenue_y,TTM EBITDA,EBITDA Margin,TTM Revenue_x,TTM Pre-Tax Income,Pre-Tax Margin,TTM Revenue_y,TTM Net Income_x,Net Margin,TTM Net Income_y,Shareholder's Equity_y,Return on Equity,TTM Net Income_x,Tangible Equity,Return on Tangible Equity,TTM Net Income_y,Total Assets,Return on Assets,TTM Net Income,LT Investments & Debt,Return on Investment,revenue,cost-goods-sold,gross-profit,research-development-expenses,selling-general-administrative-expenses,operating-expenses,operating-income,total-non-operating-income-expense,pre-tax-income,total-provision-income-taxes,income-after-taxes,income-from-continuous-operations,net-income,ebitda,ebit,basic-shares-outstanding,shares-outstanding,eps-basic-net-earnings-per-share,eps-earnings-per-share-diluted,cash-on-hand,inventory,other-current-assets,total-current-assets,net-property-plant-equipment,long-term-investments,goodwill-intangible-assets-total,other-long-term-assets,total-long-term-assets,total-assets,total-current-liabilities,long-term-debt,other-non-current-liabilities,total-long-term-liabilities,total-liabilities,common-stock-net,retained-earnings-accumulated-deficit,comprehensive-income,total-share-holder-equity,total-liabilities-share-holders-equity,net-income-loss,total-depreciation-amortization-cash-flow,other-non-cash-items,total-non-cash-items,change-in-accounts-receivable,change-in-inventories,change-in-accounts-payable,change-in-assets-liabilities,total-change-in-assets-liabilities,cash-flow-from-operating-activities,net-change-in-property-plant-equipment,net-change-in-intangible-assets,net-acquisitions-divestitures,net-change-in-short-term-investments,net-change-in-long-term-investments,net-change-in-investments-total,investing-activities-other,cash-flow-from-investing-activities,net-long-term-debt,net-current-debt,debt-issuance-retirement-net-total,net-common-equity-issued-repurchased,net-total-equity-issued-repurchased,total-common-preferred-stock-dividends-paid,financial-activities-other,cash-flow-from-financial-activities,net-cash-flow,stock-based-compensation,common-stock-dividends-paid
0,2018-09-30,33.38,$25.63,1.3,$67.72,0.49,$1.16,28.85,$2.25,14.84,$3.38B,$1.82B,1.86,$0.95B,$3.82B,0.25,$10.54B,$1.38B,13.12%,$10.54B,$0.45B,4.22%,$10.54B,$0.45B,4.22%,$10.54B,$0.69B,6.51%,$10.54B,$0.38B,3.56%,$10.54B,$0.35B,3.33%,$0.35B,$3.82B,9.39%,$0.35B,$1.63B,22.29%,$0.35B,$7.19B,5.18%,$0.45B,$4.78B,9.72%,$2985,$2559,$426,$0,$224,$2793,$193,$-24,$168,$43,$125,$125,$125,$255,$193,$153,154,$0.82,$0.81,$114,$95,$680,$3378,$1351,$0,$2197,$266,$3813,$7191,$1816,$953,$388,$1551,$3367,$0,$2426,$-238,$3824,$7191,$238,$183,$86,$268,$0,$0,$0,$-285,$-285,$222,$-204,$0,$-95,$0,$-2,$-2,$-20,$-322,$-2606,$2913,$307,$-217,$-217,$0,$-18,$73,$-26,$40,$0
1,2018-06-30,33.4,$24.69,1.35,$64.75,0.52,$1.19,28.14,$2.00,16.7,$3.08B,$1.69B,1.82,$0.84B,$3.69B,0.23,$10.16B,$1.31B,12.87%,$10.16B,$0.39B,3.86%,$10.16B,$0.39B,3.86%,$10.16B,$0.63B,6.19%,$10.16B,$0.34B,3.34%,$10.16B,$0.32B,3.10%,$0.32B,$3.69B,8.48%,$0.32B,$1.53B,20.36%,$0.32B,$6.79B,4.74%,$0.39B,$4.53B,8.70%,$2656,$2323,$333,$0,$206,$2533,$123,$-19,$104,$29,$75,$75,$74,$184,$123,$153,155,$0.49,$0.48,$120,$86,$552,$3075,$1325,$0,$2159,$231,$3716,$6790,$1691,$841,$369,$1406,$3097,$0,$2301,$-249,$3693,$6790,$113,$120,$63,$184,$0,$0,$0,$-114,$-114,$183,$-136,$0,$-46,$0,$-2,$-2,$-2,$-185,$-1863,$2050,$188,$-190,$-190,$0,$-16,$-18,$-19,$28,$0
2,2018-03-31,34.35,$24.30,1.41,$61.66,0.56,$0.30,116.2,$1.93,17.8,$2.96B,$1.55B,1.91,$0.88B,$3.65B,0.24,$9.71B,$1.28B,13.16%,$9.71B,$0.38B,3.90%,$9.71B,$0.38B,3.90%,$9.71B,$0.61B,6.24%,$9.71B,$0.34B,3.50%,$9.71B,$0.31B,3.14%,$0.31B,$3.65B,8.31%,$0.31B,$1.47B,19.17%,$0.31B,$6.65B,4.78%,$0.38B,$4.53B,8.67%,$2418,$2117,$301,$0,$215,$2342,$75,$-19,$57,$18,$39,$39,$38,$135,$75,$157,158,$0.24,$0.24,$102,$95,$498,$2957,$1302,$0,$2174,$221,$3696,$6653,$1550,$883,$377,$1457,$3006,$0,$2227,$-228,$3647,$6653,$39,$59,$46,$105,$-132,$-14,$0,$55,$-118,$26,$-61,$0,$-31,$0,$-1,$-1,$1,$-92,$-761,$975,$214,$-174,$-174,$0,$-14,$27,$-38,$15,$0
3,2017-12-31,39.11,$24.67,1.59,$60.35,0.65,$0.22,176.17,$2.00,19.56,$2.87B,$1.49B,1.92,$0.67B,$3.80B,0.18,$9.47B,$1.24B,13.12%,$9.47B,$0.38B,4.00%,$9.47B,$0.38B,4.00%,$9.47B,$0.60B,6.30%,$9.47B,$0.35B,3.74%,$9.47B,$0.32B,3.33%,$0.32B,$3.80B,8.73%,$0.32B,$1.66B,19.39%,$0.32B,$6.48B,5.16%,$0.38B,$4.47B,9.04%,$2479,$2156,$323,$0,$206,$2425,$54,$-8,$46,$-70,$116,$116,$114,$112,$54,$156,157,$0.73,$0.72,$138,$81,$497,$2870,$1289,$0,$2132,$190,$3610,$6480,$1492,$671,$342,$1192,$2685,$0,$2191,$-203,$3796,$6480,$318,$217,$78,$295,$0,$0,$0,$-241,$-241,$372,$-221,$0,$-361,$0,$9,$9,$-2,$-576,$-2630,$2930,$300,$-50,$-50,$0,$-22,$228,$26,$46,$0
4,2017-09-30,37.37,$24.04,1.55,$57.95,0.64,$0.53,70.62,$1.85,20.2,$2.95B,$1.59B,1.85,$0.76B,$3.73B,0.2,$9.09B,$1.23B,13.50%,$9.09B,$0.44B,4.87%,$9.09B,$0.44B,4.87%,$9.09B,$0.65B,7.19%,$9.09B,$0.42B,4.64%,$9.09B,$0.29B,3.18%,$0.29B,$3.73B,8.27%,$0.29B,$1.52B,18.10%,$0.29B,$6.64B,4.96%,$0.44B,$4.49B,11.08%,$2609,$2259,$351,$0,$201,$2469,$140,$-8,$132,$42,$90,$90,$89,$198,$140,$157,159,$0.57,$0.56,$92,$86,$643,$2948,$1256,$0,$2212,$223,$3692,$6640,$1592,$760,$345,$1318,$2910,$0,$2077,$-192,$3730,$6640,$203,$159,$44,$203,$0,$0,$0,$-230,$-230,$175,$-152,$0,$-361,$0,$-54,$-54,$0,$-566,$-1668,$2058,$390,$0,$0,$0,$-20,$370,$-19,$34,$0
5,2017-06-30,32.92,$23.02,1.43,$54.67,0.6,$0.89,37.12,$1.77,18.6,$2.62B,$1.29B,2.04,$0.48B,$3.51B,0.14,$8.52B,$1.18B,13.83%,$8.52B,$0.43B,5.08%,$8.52B,$0.43B,5.08%,$8.52B,$0.64B,7.47%,$8.52B,$0.42B,4.90%,$8.52B,$0.27B,3.21%,$0.27B,$3.51B,8.10%,$0.27B,$1.71B,17.30%,$0.27B,$5.75B,4.95%,$0.43B,$3.99B,11.35%,$2200,$1898,$302,$0,$186,$2091,$110,$-5,$105,$40,$64,$64,$64,$161,$110,$155,156,$0.41,$0.41,$100,$94,$631,$2617,$1190,$0,$1801,$145,$3136,$5753,$1286,$484,$267,$958,$2244,$0,$1988,$-231,$3509,$5753,$113,$101,$31,$133,$0,$0,$0,$-244,$-244,$1,$-93,$0,$-8,$0,$-13,$-13,$-0,$-114,$-1126,$1245,$119,$0,$0,$0,$-19,$100,$-12,$23,$0
6,2017-03-31,37.11,$22.35,1.66,$52.06,0.71,$2.60,14.29,$1.47,25.24,$2.48B,$1.27B,1.96,$0.42B,$3.40B,0.12,$8.12B,$1.08B,13.27%,$8.12B,$0.36B,4.41%,$8.12B,$0.36B,4.41%,$8.12B,$0.56B,6.94%,$8.12B,$0.34B,4.24%,$8.12B,$0.23B,2.80%,$0.23B,$3.40B,6.87%,$0.23B,$1.61B,15.05%,$0.23B,$5.54B,4.19%,$0.36B,$3.82B,9.63%,$2178,$1912,$266,$0,$185,$2103,$75,$-4,$71,$23,$48,$48,$48,$125,$75,$155,155,$0.31,$0.31,$107,$90,$557,$2475,$1162,$0,$1790,$116,$3068,$5543,$1265,$419,$262,$880,$2144,$0,$1924,$-258,$3399,$5543,$48,$50,$15,$65,$-95,$-1,$0,$-90,$-117,$-4,$-42,$0,$-2,$0,$-4,$-4,$-1,$-49,$-633,$694,$61,$0,$0,$0,$-17,$44,$-7,$12,$0
7,2016-12-31,34.85,$22.10,1.58,$48.55,0.72,$3.90,8.94,$1.29,27.02,$2.29B,$1.21B,1.9,$0.35B,$3.34B,0.11,$7.65B,$1.01B,13.25%,$7.65B,$0.32B,4.18%,$7.65B,$0.32B,4.18%,$7.65B,$0.52B,6.85%,$7.65B,$0.31B,4.01%,$7.65B,$0.20B,2.60%,$0.20B,$3.34B,6.12%,$0.20B,$1.55B,13.75%,$0.20B,$5.35B,3.72%,$0.32B,$3.70B,8.75%,$2103,$1795,$308,$0,$174,$1985,$118,$-4,$114,$25,$89,$89,$88,$170,$118,$157,157,$0.54,$0.54,$112,$89,$473,$2289,$1174,$0,$1790,$101,$3065,$5354,$1205,$354,$260,$806,$2011,$0,$1876,$-272,$3343,$5354,$200,$203,$36,$239,$0,$0,$0,$-49,$-49,$390,$-191,$0,$-69,$0,$-10,$-10,$4,$-266,$-2868,$2742,$-125,$0,$0,$0,$-9,$-134,$-17,$43,$0
8,2016-09-30,27.99,$21.67,1.29,$44.91,0.62,$4.91,5.7,$0.69,40.57,$2.41B,$1.25B,1.93,$0.48B,$3.28B,0.15,$7.45B,$0.93B,12.47%,$7.45B,$0.21B,2.77%,$7.45B,$0.21B,2.77%,$7.45B,$0.41B,5.49%,$7.45B,$0.19B,2.61%,$7.45B,$0.11B,1.42%,$0.11B,$3.28B,3.33%,$0.11B,$1.47B,7.61%,$0.11B,$5.48B,1.99%,$0.21B,$3.76B,5.68%,$2042,$1740,$303,$0,$164,$1912,$130,$-2,$128,$55,$74,$74,$74,$181,$130,$155,155,$0.48,$0.48,$117,$89,$498,$2405,$1166,$0,$1810,$96,$3071,$5476,$1246,$482,$287,$954,$2200,$0,$1788,$-243,$3277,$5476,$112,$151,$10,$162,$87,$-10,$0,$-260,$-68,$205,$-127,$0,$-68,$0,$-7,$-7,$1,$-202,$-2058,$2055,$-3,$0,$0,$0,$-8,$-10,$-11,$33,$0
9,2016-06-30,23.12,$21.20,1.09,$42.00,0.55,$5.69,4.06,$1.36,17.0,$2.24B,$1.21B,1.86,$0.40B,$3.20B,0.13,$7.34B,$0.86B,11.72%,$7.34B,$0.16B,2.14%,$7.34B,$0.16B,2.14%,$7.34B,$0.36B,4.89%,$7.34B,$0.14B,1.96%,$7.34B,$0.25B,3.38%,$0.25B,$3.20B,7.83%,$0.25B,$1.40B,18.09%,$0.25B,$5.30B,4.68%,$0.16B,$3.60B,4.39%,$1792,$1592,$200,$0,$157,$1757,$35,$-4,$31,$15,$17,$17,$17,$87,$35,$156,156,$0.11,$0.11,$162,$75,$466,$2244,$1161,$0,$1799,$93,$3053,$5297,$1208,$401,$284,$886,$2094,$0,$1715,$-231,$3203,$5297,$38,$100,$19,$119,$264,$2,$0,$-160,$117,$274,$-98,$0,$-40,$0,$-5,$-5,$1,$-142,$-1432,$1346,$-86,$0,$0,$0,$-7,$-93,$34,$23,$0
10,2016-03-31,22.56,$19.78,1.14,$39.31,0.57,$5.38,4.19,$1.47,15.35,$2.25B,$1.24B,1.82,$0.40B,$3.17B,0.13,$7.42B,$0.89B,11.97%,$7.42B,$0.19B,2.57%,$7.42B,$0.19B,2.57%,$7.42B,$0.39B,5.27%,$7.42B,$0.18B,2.42%,$7.42B,$0.28B,3.73%,$0.28B,$3.17B,8.10%,$0.28B,$1.37B,17.16%,$0.28B,$5.30B,5.03%,$0.19B,$3.58B,5.05%,$1714,$1510,$203,$0,$159,$1676,$37,$-3,$34,$13,$21,$21,$20,$86,$37,$163,163,$0.13,$0.13,$155,$73,$383,$2248,$1154,$0,$1807,$87,$3047,$5296,$1236,$404,$276,$886,$2122,$0,$1698,$-234,$3173,$5296,$21,$49,$16,$65,$159,$5,$0,$-20,$120,$206,$-43,$0,$-40,$0,$-2,$-2,$1,$-84,$-734,$650,$-85,$0,$0,$0,$-6,$-91,$27,$14,$0
11,2015-12-31,20.25,$19.33,1.05,$37.42,0.54,$4.95,4.09,$1.59,12.74,$2.28B,$1.20B,1.89,$0.48B,$3.09B,0.15,$7.57B,$0.92B,12.20%,$7.57B,$0.24B,3.14%,$7.57B,$0.24B,3.14%,$7.57B,$0.44B,5.77%,$7.57B,$0.23B,3.02%,$7.57B,$0.31B,4.09%,$0.31B,$3.09B,8.37%,$0.31B,$1.33B,17.16%,$0.31B,$5.21B,5.42%,$0.24B,$3.56B,5.96%,$1899,$1676,$223,$0,$152,$1896,$4,$-3,$1,$3,$-2,$-2,$-5,$55,$4,$195,195,$-0.03,$-0.03,$129,$75,$318,$2278,$1102,$0,$1758,$76,$2936,$5214,$1204,$475,$260,$922,$2126,$0,$1678,$-295,$3088,$5214,$322,$199,$-114,$85,$0,$0,$0,$222,$222,$629,$-184,$0,$-113,$0,$-6,$-6,$-4,$-307,$-2938,$3349,$411,$-1606,$-1606,$0,$-33,$-1228,$-62,$37,$0
12,2015-09-30,24.21,$19.62,1.23,$36.80,0.66,$2.74,8.84,$1.92,12.61,$2.36B,$1.34B,1.76,$0.35B,$3.20B,0.11,$7.67B,$1.00B,13.00%,$7.67B,$0.32B,4.17%,$7.67B,$0.32B,4.17%,$7.67B,$0.52B,6.73%,$7.67B,$0.31B,4.08%,$7.67B,$0.38B,4.98%,$0.38B,$3.20B,9.40%,$0.38B,$1.38B,17.81%,$0.38B,$5.37B,6.39%,$0.32B,$3.55B,7.53%,$1939,$1704,$235,$0,$146,$1859,$81,$-3,$78,$32,$46,$46,$216,$131,$81,$189,189,$1.15,$1.15,$49,$65,$352,$2363,$1126,$0,$1822,$63,$3011,$5373,$1341,$348,$255,$829,$2170,$0,$1683,$-265,$3204,$5373,$327,$148,$-171,$-23,$78,$-23,$0,$-76,$91,$395,$-151,$0,$-102,$0,$-4,$-4,$2,$-255,$-1978,$2253,$275,$-1529,$-1529,$0,$-6,$-1260,$-141,$29,$0
13,2015-06-30,28.82,$20.44,1.41,$36.31,0.79,$0.61,47.37,$1.20,24.02,$2.32B,$1.18B,1.96,$0.21B,$4.21B,0.05,$7.88B,$1.10B,13.95%,$7.88B,$0.37B,4.70%,$7.88B,$0.37B,4.70%,$7.88B,$0.56B,7.13%,$7.88B,$0.37B,4.63%,$7.88B,$0.26B,3.31%,$0.26B,$4.21B,5.95%,$0.26B,$2.38B,10.90%,$0.26B,$6.13B,4.22%,$0.37B,$4.42B,8.21%,$1872,$1645,$228,$0,$150,$1803,$69,$-2,$67,$32,$35,$35,$46,$119,$69,$213,213,$0.22,$0.22,$65,$56,$348,$2316,$1130,$0,$1833,$852,$3815,$6131,$1179,$214,$298,$742,$1921,$0,$1466,$-197,$4210,$6131,$108,$98,$2,$100,$138,$-13,$0,$-98,$78,$286,$-112,$0,$-73,$0,$-3,$-3,$3,$-184,$-634,$768,$134,$-354,$-354,$0,$-5,$-225,$-125,$19,$0
14,2015-03-31,28.53,$20.35,1.4,$35.89,0.79,$-0.99,0.0,$1.35,21.13,$2.39B,$1.12B,2.12,$0.12B,$4.31B,0.03,$7.85B,$1.14B,14.47%,$7.85B,$0.42B,5.38%,$7.85B,$0.42B,5.38%,$7.85B,$0.60B,7.70%,$7.85B,$0.42B,5.32%,$7.85B,$0.30B,3.77%,$0.30B,$4.31B,6.68%,$0.30B,$2.14B,12.41%,$0.30B,$6.14B,4.83%,$0.42B,$4.43B,9.38%,$1861,$1623,$238,$0,$145,$1777,$84,$-1,$83,$31,$52,$52,$53,$132,$84,$215,215,$0.25,$0.25,$136,$46,$341,$2388,$1480,$0,$2175,$99,$3753,$6141,$1124,$115,$291,$706,$1830,$0,$1420,$-212,$4311,$6141,$58,$48,$5,$53,$120,$-3,$0,$-78,$68,$180,$-57,$0,$-35,$0,$-1,$-1,$1,$-92,$-104,$147,$42,$-182,$-182,$0,$-3,$-142,$-55,$9,$0
15,2014-12-31,28.39,$20.75,1.37,$35.30,0.8,$-2.14,0.0,$1.35,21.03,$2.50B,$1.11B,2.26,$0.07B,$4.53B,0.02,$7.75B,$1.17B,15.09%,$7.75B,$0.43B,5.52%,$7.75B,$0.43B,5.52%,$7.75B,$0.61B,7.81%,$7.75B,$0.43B,5.50%,$7.75B,$0.30B,3.83%,$0.30B,$4.53B,6.70%,$0.30B,$2.69B,12.28%,$0.30B,$6.25B,4.91%,$0.43B,$4.60B,9.57%,$2000,$1705,$296,$0,$200,$1914,$86,$-1,$85,$28,$58,$58,$67,$134,$86,$220,220,$0.30,$0.30,$191,$39,$290,$2496,$1100,$0,$1840,$818,$3758,$6254,$1106,$72,$333,$622,$1728,$0,$1367,$-123,$4526,$6254,$315,$176,$145,$322,$0,$0,$0,$-389,$-389,$248,$-233,$0,$-262,$0,$-3,$-3,$10,$-489,$-896,$943,$47,$-92,$-92,$0,$-13,$-58,$-298,$37,$0
16,2014-09-30,36.29,$21.13,1.72,$34.13,1.06,$-1.45,0.0,$1.82,19.94,$2.54B,$1.13B,2.25,$0.08B,$4.49B,0.02,$7.45B,$1.11B,14.85%,$7.45B,$0.44B,5.90%,$7.45B,$0.44B,5.90%,$7.45B,$0.61B,8.14%,$7.45B,$0.55B,7.42%,$7.45B,$0.40B,5.33%,$0.40B,$4.49B,9.10%,$0.40B,$2.38B,17.18%,$0.40B,$6.23B,6.68%,$0.44B,$4.57B,10.03%,$2146,$1809,$337,$0,$196,$2015,$131,$-1,$130,$37,$93,$93,$95,$177,$131,$219,220,$0.43,$0.43,$144,$39,$317,$2536,$1388,$0,$2110,$195,$3693,$6229,$1128,$83,$278,$613,$1741,$0,$1300,$-74,$4489,$6229,$244,$129,$54,$183,$-375,$-6,$0,$-94,$-434,$-7,$-178,$0,$-161,$0,$-3,$-3,$2,$-341,$-664,$711,$47,$-44,$-44,$0,$-2,$1,$-345,$27,$0
17,2014-06-30,34.58,$20.74,1.67,$32.01,1.08,$-0.42,0.0,$1.82,19.0,$2.24B,$0.97B,2.32,$0.00B,$4.40B,0.0,$6.95B,$1.04B,15.00%,$6.95B,$0.45B,6.47%,$6.95B,$0.45B,6.47%,$6.95B,$0.61B,8.77%,$6.95B,$0.56B,8.11%,$6.95B,$0.40B,5.68%,$0.40B,$4.40B,9.30%,$0.40B,$2.34B,17.47%,$0.40B,$5.91B,6.86%,$0.45B,$4.41B,10.59%,$1838,$1574,$264,$0,$135,$1717,$121,$-2,$119,$41,$78,$78,$81,$161,$121,$220,220,$0.37,$0.37,$189,$41,$238,$2243,$1312,$0,$2057,$297,$3666,$5909,$967,$4,$283,$541,$1508,$0,$1206,$-24,$4401,$5909,$144,$83,$16,$99,$-158,$-7,$0,$-34,$-301,$-57,$-113,$0,$-80,$0,$-3,$-3,$2,$-194,$-347,$336,$-11,$-44,$-44,$0,$-0,$-55,$-300,$20,$0
18,2014-03-31,36.9,$20.22,1.82,$30.52,1.21,$0.38,98.3,$1.78,20.73,$2.21B,$0.98B,2.25,$0.01B,$4.32B,0.0,$6.59B,$1.02B,15.48%,$6.59B,$0.45B,6.77%,$6.59B,$0.45B,6.77%,$6.59B,$0.60B,9.12%,$6.59B,$0.56B,8.53%,$6.59B,$0.38B,5.83%,$0.38B,$4.32B,9.33%,$0.38B,$2.27B,17.28%,$0.38B,$5.83B,6.89%,$0.45B,$4.32B,10.83%,$1763,$1491,$272,$0,$173,$1672,$90,$1,$92,$33,$59,$59,$54,$133,$90,$219,219,$0.25,$0.25,$273,$36,$275,$2214,$1270,$0,$2052,$291,$3612,$5827,$982,$5,$273,$527,$1510,$0,$1124,$-55,$4317,$5827,$59,$43,$28,$71,$-61,$-2,$0,$-76,$-190,$-61,$-69,$0,$-76,$0,$0,$0,$0,$-145,$-13,$2,$-10,$0,$0,$0,$-0,$-10,$-215,$10,$0
19,2013-12-31,31.56,$19.60,1.61,$29.90,1.06,$0.91,34.67,$1.87,16.88,$2.31B,$1.04B,2.22,$0.00B,$4.24B,0.0,$6.41B,$0.99B,15.38%,$6.41B,$0.48B,7.41%,$6.41B,$0.48B,7.41%,$6.41B,$0.62B,9.70%,$6.41B,$0.59B,9.19%,$6.41B,$0.40B,6.27%,$0.40B,$4.24B,10.06%,$0.40B,$2.25B,18.40%,$0.40B,$5.79B,7.43%,$0.48B,$4.24B,11.89%,$1706,$1472,$234,$0,$127,$1608,$98,$113,$212,$70,$141,$141,$167,$136,$98,$215,215,$0.77,$0.77,$489,$32,$213,$2313,$1206,$0,$1989,$286,$3480,$5793,$1042,$1,$264,$509,$1552,$0,$1070,$-37,$4241,$5793,$421,$146,$-135,$11,$-70,$6,$0,$-17,$-62,$371,$-207,$0,$-284,$0,$186,$186,$26,$-278,$-342,$342,$-1,$1,$1,$0,$-17,$-17,$94,$34,$0
20,2013-09-30,27.51,$19.14,1.44,$29.82,0.92,$0.01,0.0,$1.56,17.63,$2.14B,$0.97B,2.22,$0.00B,$4.02B,0.0,$6.38B,$1.04B,16.29%,$6.38B,$0.54B,8.44%,$6.38B,$0.54B,8.44%,$6.38B,$0.69B,10.74%,$6.38B,$0.54B,8.44%,$6.38B,$0.33B,5.24%,$0.33B,$4.02B,8.61%,$0.33B,$2.18B,15.65%,$0.33B,$5.50B,6.37%,$0.54B,$4.02B,13.87%,$1645,$1372,$273,$0,$125,$1504,$141,$-0,$141,$43,$98,$98,$93,$180,$141,$215,215,$0.43,$0.43,$309,$36,$232,$2137,$1154,$0,$1841,$363,$3358,$5495,$965,$0,$266,$506,$1471,$0,$903,$-11,$4024,$5495,$250,$109,$17,$126,$-97,$3,$0,$-53,$-131,$245,$-205,$0,$-125,$0,$-11,$-11,$24,$-316,$-0,$0,$-0,$1,$1,$0,$-9,$-8,$-86,$28,$0
21,2013-06-30,26.46,$18.56,1.43,$29.35,0.9,$-0.87,0.0,$1.58,16.75,$2.18B,$0.80B,2.72,$0.00B,$3.89B,0.0,$6.27B,$1.02B,16.25%,$6.27B,$0.52B,8.36%,$6.27B,$0.52B,8.36%,$6.27B,$0.67B,10.71%,$6.27B,$0.53B,8.38%,$6.27B,$0.34B,5.38%,$0.34B,$3.89B,8.89%,$0.34B,$2.19B,16.53%,$0.34B,$5.19B,6.50%,$0.52B,$3.89B,13.71%,$1474,$1233,$241,$0,$119,$1357,$117,$-0,$117,$42,$75,$75,$70,$152,$117,$214,214,$0.33,$0.33,$363,$41,$405,$2177,$1103,$0,$1702,$206,$3011,$5188,$800,$0,$266,$500,$1300,$0,$810,$-24,$3888,$5188,$152,$70,$24,$95,$29,$-3,$0,$-33,$-84,$162,$-158,$0,$-1,$0,$-9,$-9,$-13,$-182,$0,$0,$0,$1,$1,$0,$-7,$-6,$-32,$20,$0
22,2013-03-31,28.58,$18.29,1.56,$28.98,0.99,$-1.06,0.0,$1.56,18.32,$2.19B,$0.83B,2.63,$0.00B,$3.83B,0.0,$6.18B,$0.99B,16.03%,$6.18B,$0.51B,8.18%,$6.18B,$0.51B,8.18%,$6.18B,$0.65B,10.59%,$6.18B,$0.51B,8.18%,$6.18B,$0.33B,5.39%,$0.33B,$3.83B,8.99%,$0.33B,$2.12B,17.43%,$0.33B,$5.16B,6.51%,$0.51B,$3.83B,13.48%,$1586,$1347,$238,$0,$114,$1466,$119,$-0,$119,$42,$77,$77,$72,$154,$119,$213,214,$0.34,$0.34,$367,$38,$407,$2186,$1072,$0,$1714,$183,$2969,$5155,$830,$0,$266,$494,$1324,$0,$740,$1,$3831,$5155,$77,$35,$9,$44,$31,$0,$0,$-60,$-76,$44,$-56,$0,$-1,$0,$-9,$-9,$0,$-66,$0,$0,$0,$0,$0,$0,$-5,$-5,$-28,$8,$0
23,2012-12-31,27.29,$17.69,1.54,$27.83,0.98,$-1.50,0.0,$1.44,18.95,$2.20B,$0.88B,2.5,$0.00B,$3.77B,0.0,$5.92B,$0.94B,15.84%,$5.92B,$0.47B,7.85%,$5.92B,$0.47B,7.85%,$5.92B,$0.62B,10.39%,$5.92B,$0.47B,7.85%,$5.92B,$0.31B,5.19%,$0.31B,$3.77B,8.49%,$0.31B,$2.05B,17.20%,$0.31B,$5.14B,6.13%,$0.47B,$3.77B,12.72%,$1673,$1387,$287,$0,$117,$1512,$161,$-0,$161,$55,$105,$105,$99,$199,$161,$213,213,$0.46,$0.46,$395,$38,$343,$2202,$1046,$0,$1721,$172,$2939,$5141,$881,$0,$263,$488,$1369,$0,$668,$14,$3772,$5141,$323,$149,$33,$181,$-342,$26,$0,$-145,$-337,$167,$-197,$0,$-69,$0,$-54,$-54,$-2,$-321,$-1053,$1053,$-0,$2,$2,$0,$-18,$-15,$79,$26,$0
24,2012-09-30,24.7,$17.54,1.41,$25.05,0.99,$-1.12,0.0,$1.30,19.0,$2.14B,$0.93B,2.31,$0.13B,$3.67B,0.03,$5.33B,$0.79B,14.88%,$5.33B,$0.37B,7.02%,$5.33B,$0.37B,7.02%,$5.33B,$0.52B,9.66%,$5.33B,$0.37B,7.02%,$5.33B,$0.27B,5.14%,$0.27B,$3.67B,7.79%,$0.27B,$1.80B,16.10%,$0.27B,$5.26B,5.59%,$0.37B,$3.80B,10.51%,$1532,$1280,$252,$0,$115,$1405,$127,$1,$128,$40,$88,$88,$96,$166,$127,$213,213,$0.45,$0.45,$128,$56,$379,$2136,$1057,$0,$1870,$192,$3119,$5255,$925,$125,$284,$660,$1585,$0,$569,$20,$3670,$5255,$221,$111,$23,$134,$-310,$21,$0,$-203,$-363,$-8,$-140,$0,$-69,$0,$-54,$-54,$-2,$-264,$-650,$775,$125,$2,$2,$0,$-13,$114,$-187,$20,$0
25,2012-06-30,24.07,$16.95,1.42,$23.80,1.01,$-0.57,0.0,$1.10,21.88,$1.83B,$0.78B,2.33,$0.04B,$3.55B,0.01,$5.05B,$0.74B,14.58%,$5.05B,$0.34B,6.75%,$5.05B,$0.34B,6.75%,$5.05B,$0.48B,9.47%,$5.05B,$0.34B,6.71%,$5.05B,$0.23B,4.56%,$0.23B,$3.55B,6.71%,$0.23B,$1.68B,14.10%,$0.23B,$4.90B,4.89%,$0.34B,$3.59B,9.92%,$1386,$1173,$213,$0,$105,$1288,$98,$-1,$97,$35,$62,$62,$66,$135,$98,$213,213,$0.31,$0.31,$173,$58,$353,$1825,$1017,$0,$1871,$185,$3073,$4897,$784,$39,$286,$567,$1351,$0,$473,$-3,$3546,$4897,$120,$72,$18,$90,$-37,$22,$0,$-154,$-176,$34,$-70,$0,$-69,$0,$-54,$-54,$0,$-192,$-311,$350,$39,$1,$1,$0,$-6,$34,$-142,$13,$0
26,2012-03-31,20.9,$16.65,1.26,$22.00,0.95,$-0.56,0.0,$0.94,22.23,$1.77B,$0.76B,2.32,$0.00B,$3.47B,0.0,$4.67B,$0.68B,14.48%,$4.67B,$0.30B,6.44%,$4.67B,$0.30B,6.44%,$4.67B,$0.43B,9.29%,$4.67B,$0.30B,6.42%,$4.67B,$0.20B,4.19%,$0.20B,$3.47B,5.82%,$0.20B,$1.62B,12.24%,$0.20B,$4.76B,4.31%,$0.30B,$3.47B,8.94%,$1329,$1143,$186,$0,$98,$1250,$79,$-0,$79,$29,$50,$50,$46,$115,$79,$211,212,$0.22,$0.22,$177,$72,$308,$1770,$986,$0,$1856,$144,$2985,$4755,$763,$0,$290,$522,$1285,$0,$407,$12,$3471,$4755,$50,$36,$10,$45,$-39,$3,$0,$-88,$-169,$-73,$-31,$0,$-42,$0,$-5,$-5,$0,$-78,$0,$0,$0,$0,$0,$0,$0,$1,$-138,$6,$0
27,2011-12-31,21.54,$16.12,1.34,$19.68,1.09,$-0.24,0.0,$0.64,33.66,$1.77B,$0.78B,2.26,$0.00B,$3.39B,0.0,$4.19B,$0.56B,13.40%,$4.19B,$0.20B,4.65%,$4.19B,$0.20B,4.65%,$4.19B,$0.32B,7.73%,$4.19B,$0.19B,4.63%,$4.19B,$0.13B,3.15%,$0.13B,$3.39B,3.95%,$0.13B,$1.72B,8.26%,$0.13B,$4.70B,2.97%,$0.20B,$3.39B,5.84%,$1083,$941,$142,$0,$64,$1013,$70,$-0,$70,$13,$57,$57,$66,$99,$70,$213,213,$0.30,$0.30,$315,$63,$189,$1765,$939,$0,$1672,$323,$2934,$4699,$781,$0,$295,$529,$1310,$0,$362,$1,$3389,$4699,$144,$128,$8,$136,$-270,$-14,$0,$5,$-77,$204,$-153,$0,$-80,$0,$-35,$-35,$-4,$-272,$-1,$0,$-1,$-149,$-149,$0,$-9,$-159,$-224,$19,$0
28,2011-09-30,18.79,$16.06,1.17,$18.40,1.02,$-0.02,0.0,$0.48,39.15,$1.58B,$0.65B,2.42,$0.00B,$3.30B,0.0,$3.92B,$0.53B,13.64%,$3.92B,$0.17B,4.26%,$3.92B,$0.17B,4.26%,$3.92B,$0.30B,7.53%,$3.92B,$0.17B,4.26%,$3.92B,$0.10B,2.55%,$0.10B,$3.30B,3.00%,$0.10B,$1.52B,6.36%,$0.10B,$4.46B,2.30%,$0.17B,$3.30B,5.01%,$1251,$1056,$195,$0,$92,$1157,$94,$-1,$93,$37,$56,$56,$52,$129,$94,$211,211,$0.25,$0.25,$258,$74,$133,$1577,$957,$0,$1786,$145,$2887,$4464,$652,$0,$278,$509,$1161,$0,$295,$-6,$3303,$4464,$74,$100,$39,$139,$-252,$-21,$0,$46,$-120,$93,$-123,$0,$-54,$0,$-35,$-35,$-4,$-217,$-1,$0,$-1,$-149,$-149,$0,$-3,$-154,$-281,$16,$0
29,2011-06-30,20.2,$15.93,1.27,$18.18,1.11,$-0.41,0.0,$0.53,38.11,$1.48B,$0.50B,2.93,$0.00B,$3.30B,0.0,$3.87B,$0.53B,13.67%,$3.87B,$0.17B,4.34%,$3.87B,$0.17B,4.34%,$3.87B,$0.30B,7.70%,$3.87B,$0.17B,4.37%,$3.87B,$0.11B,2.87%,$0.11B,$3.30B,3.35%,$0.11B,$1.55B,6.93%,$0.11B,$4.29B,2.60%,$0.17B,$3.30B,5.06%,$1011,$857,$154,$0,$89,$953,$58,$0,$58,$24,$34,$34,$32,$91,$58,$215,215,$0.15,$0.15,$380,$62,$109,$1477,$939,$0,$1750,$127,$2816,$4293,$504,$0,$275,$486,$990,$0,$243,$23,$3303,$4293,$18,$65,$21,$86,$-55,$-10,$0,$9,$-52,$52,$-85,$0,$0,$0,$-35,$-35,$0,$-120,$-0,$0,$-0,$-94,$-94,$0,$1,$-93,$-159,$11,$0
30,2011-03-31,22.43,$15.87,1.41,$17.60,1.27,$-0.42,0.0,$0.54,41.54,$1.56B,$0.48B,3.24,$0.00B,$3.36B,0.0,$3.73B,$0.53B,14.23%,$3.73B,$0.18B,4.69%,$3.73B,$0.18B,4.69%,$3.73B,$0.30B,8.12%,$3.73B,$0.17B,4.48%,$3.73B,$0.11B,3.00%,$0.11B,$3.36B,3.41%,$0.11B,$1.61B,7.00%,$0.11B,$4.33B,2.67%,$0.18B,$3.36B,5.33%,$849,$778,$71,$0,$92,$876,$-27,$-0,$-27,$-11,$-16,$-16,$-18,$5,$-27,$214,214,$-0.08,$-0.08,$503,$53,$111,$1562,$911,$0,$1753,$98,$2762,$4325,$483,$0,$268,$482,$965,$0,$211,$25,$3360,$4325,$-16,$32,$16,$47,$-10,$-1,$0,$-7,$-35,$-4,$-34,$0,$0,$0,$0,$0,$0,$-34,$-0,$0,$-0,$1,$1,$0,$2,$2,$-36,$6,$0
31,2010-12-31,19.92,$15.62,1.28,$17.19,1.16,$-0.43,0.0,$0.73,27.29,$1.60B,$0.50B,3.19,$0.00B,$3.37B,0.0,$3.63B,$0.59B,16.23%,$3.63B,$0.24B,6.72%,$3.63B,$0.24B,6.72%,$3.63B,$0.37B,10.25%,$3.63B,$0.23B,6.45%,$3.63B,$0.15B,4.24%,$0.15B,$3.37B,4.77%,$0.15B,$1.61B,9.78%,$0.15B,$4.34B,3.74%,$0.24B,$3.37B,7.49%,$805,$690,$114,$0,$63,$762,$42,$0,$43,$19,$24,$24,$34,$70,$42,$210,212,$0.16,$0.15,$539,$52,$135,$1596,$901,$0,$1755,$89,$2745,$4341,$500,$0,$262,$474,$974,$0,$229,$14,$3367,$4341,$156,$127,$52,$179,$-17,$-17,$0,$-65,$-117,$218,$-120,$0,$-130,$0,$0,$0,$0,$-250,$-146,$0,$-146,$1,$1,$0,$-0,$-146,$-160,$21,$0
32,2010-09-30,19.08,$15.35,1.24,$18.29,1.04,$0.21,92.98,$0.78,24.46,$1.62B,$0.50B,3.21,$0.00B,$3.24B,0.0,$3.81B,$0.67B,17.48%,$3.81B,$0.27B,7.19%,$3.81B,$0.27B,7.19%,$3.81B,$0.42B,11.05%,$3.81B,$0.26B,6.85%,$3.81B,$0.16B,4.30%,$0.16B,$3.24B,5.18%,$0.16B,$1.63B,10.64%,$0.16B,$4.13B,4.04%,$0.27B,$3.24B,8.49%,$1206,$1016,$190,$0,$82,$1111,$95,$1,$95,$31,$64,$64,$63,$132,$95,$209,211,$0.30,$0.30,$441,$46,$266,$1621,$864,$0,$1606,$39,$2510,$4131,$504,$0,$212,$388,$893,$0,$195,$6,$3238,$4131,$121,$100,$52,$152,$-94,$-13,$0,$-209,$-294,$-21,$-93,$0,$0,$0,$0,$0,$0,$-93,$-147,$0,$-147,$0,$0,$0,$2,$-145,$-258,$17,$0
33,2010-06-30,20.65,$15.01,1.38,$16.38,1.26,$1.54,13.43,$0.80,25.81,$1.43B,$0.42B,3.39,$0.00B,$3.17B,0.0,$3.39B,$0.62B,18.43%,$3.39B,$0.25B,7.39%,$3.39B,$0.25B,7.39%,$3.39B,$0.38B,11.31%,$3.39B,$0.24B,6.94%,$3.39B,$0.16B,4.84%,$0.16B,$3.17B,5.36%,$0.16B,$1.55B,11.22%,$0.16B,$3.96B,4.16%,$0.25B,$3.17B,7.92%,$871,$714,$156,$0,$82,$806,$65,$-9,$56,$23,$33,$33,$33,$96,$65,$209,211,$0.16,$0.16,$520,$41,$128,$1425,$876,$0,$1619,$40,$2535,$3960,$420,$0,$217,$373,$794,$0,$133,$4,$3167,$3960,$57,$62,$22,$85,$20,$-7,$0,$-83,$-109,$33,$-68,$0,$0,$0,$0,$0,$0,$-68,$-147,$0,$-147,$0,$0,$0,$2,$-145,$-180,$12,$0
34,2010-03-31,19.16,$14.88,1.29,$16.36,1.17,$2.15,8.92,$0.81,23.65,$1.51B,$0.40B,3.74,$0.13B,$3.14B,0.04,$3.33B,$0.61B,18.21%,$3.33B,$0.25B,7.36%,$3.33B,$0.25B,7.36%,$3.33B,$0.37B,11.06%,$3.33B,$0.24B,7.12%,$3.33B,$0.16B,4.93%,$0.16B,$3.14B,5.56%,$0.16B,$1.51B,11.84%,$0.16B,$4.05B,4.26%,$0.25B,$3.27B,7.96%,$748,$619,$129,$0,$81,$706,$42,$-2,$40,$16,$24,$24,$24,$74,$42,$209,210,$0.11,$0.11,$660,$33,$57,$1505,$870,$0,$1629,$45,$2544,$4049,$402,$128,$218,$509,$911,$0,$100,$7,$3138,$4049,$24,$32,$16,$48,$17,$0,$0,$9,$-68,$4,$-43,$0,$0,$0,$0,$0,$0,$-43,$-3,$0,$-3,$0,$0,$0,$2,$-1,$-40,$6,$0
35,2009-12-31,20.84,$14.81,1.41,$16.53,1.26,$2.70,7.72,$0.81,25.73,$1.58B,$0.50B,3.19,$0.13B,$3.11B,0.04,$3.32B,$0.59B,17.90%,$3.32B,$0.24B,7.29%,$3.32B,$0.24B,7.29%,$3.32B,$0.36B,10.70%,$3.32B,$0.23B,7.05%,$3.32B,$0.16B,4.85%,$0.16B,$3.11B,5.67%,$0.16B,$1.48B,12.33%,$0.16B,$4.12B,4.33%,$0.24B,$3.24B,8.16%,$985,$794,$191,$0,$95,$913,$72,$-3,$70,$25,$44,$44,$44,$119,$72,$201,201,$0.21,$0.21,$700,$33,$61,$1583,$854,$0,$1634,$45,$2534,$4117,$496,$127,$217,$511,$1006,$0,$76,$4,$3111,$4117,$164,$113,$64,$177,$253,$8,$0,$-54,$37,$377,$-156,$0,$36,$0,$0,$0,$0,$-120,$2,$0,$2,$1,$1,$0,$-2,$1,$262,$20,$0
36,2009-09-30,22.13,$14.26,1.55,$16.32,1.36,$1.97,11.25,$0.84,26.35,$1.40B,$0.39B,3.6,$0.13B,$2.82B,0.04,$3.26B,$0.57B,17.51%,$3.26B,$0.25B,7.62%,$3.26B,$0.25B,7.62%,$3.26B,$0.34B,10.38%,$3.26B,$0.24B,7.37%,$3.26B,$0.16B,5.01%,$0.16B,$2.82B,5.96%,$0.16B,$1.32B,13.23%,$0.16B,$3.63B,4.55%,$0.25B,$2.95B,8.68%,$781,$633,$148,$0,$71,$710,$71,$-2,$69,$5,$64,$64,$63,$94,$71,$199,205,$0.32,$0.32,$584,$32,$62,$1403,$693,$0,$1507,$32,$2231,$3634,$390,$125,$194,$420,$810,$0,$21,$2,$2824,$3634,$119,$66,$56,$122,$136,$-6,$0,$-14,$38,$279,$-116,$0,$-14,$0,$0,$0,$0,$-130,$-1,$0,$-1,$1,$1,$0,$-2,$-2,$146,$15,$0
37,2009-06-30,23.13,$13.78,1.68,$17.68,1.31,$0.67,34.65,$0.79,29.28,$1.39B,$0.43B,3.22,$0.12B,$2.73B,0.05,$3.53B,$0.61B,17.24%,$3.53B,$0.27B,7.74%,$3.53B,$0.27B,7.74%,$3.53B,$0.37B,10.41%,$3.53B,$0.26B,7.37%,$3.53B,$0.15B,4.31%,$0.15B,$2.73B,5.82%,$0.15B,$1.24B,13.67%,$0.15B,$3.60B,4.27%,$0.27B,$2.86B,9.96%,$813,$676,$138,$0,$73,$753,$60,$-2,$58,$24,$34,$34,$33,$81,$60,$198,198,$0.17,$0.17,$524,$28,$49,$1386,$677,$0,$1494,$42,$2214,$3600,$431,$124,$219,$435,$866,$0,$-43,$-0,$2733,$3600,$55,$43,$21,$64,$61,$-2,$0,$23,$52,$171,$-82,$0,$0,$0,$0,$0,$0,$-82,$-1,$0,$-1,$0,$0,$0,$-2,$-3,$86,$10,$0
38,2009-03-31,21.45,$13.62,1.57,$18.46,1.16,$-0.14,0.0,$0.84,25.54,$1.34B,$0.41B,3.31,$0.12B,$2.69B,0.05,$3.68B,$0.63B,17.12%,$3.68B,$0.29B,7.78%,$3.68B,$0.29B,7.78%,$3.68B,$0.39B,10.50%,$3.68B,$0.27B,7.27%,$3.68B,$0.16B,4.27%,$0.16B,$2.69B,6.29%,$0.16B,$1.19B,15.89%,$0.16B,$3.53B,4.44%,$0.29B,$2.82B,10.87%,$739,$621,$117,$0,$74,$700,$39,$-2,$37,$15,$21,$21,$21,$61,$39,$198,198,$0.11,$0.11,$509,$26,$60,$1341,$654,$0,$1499,$37,$2190,$3531,$405,$123,$220,$435,$839,$0,$-76,$-4,$2692,$3531,$21,$22,$13,$35,$108,$0,$0,$2,$54,$111,$-39,$0,$0,$0,$0,$0,$0,$-39,$1,$0,$1,$0,$0,$0,$-2,$-1,$71,$5,$0
39,2008-12-31,19.8,$13.58,1.46,$19.64,1.01,$-0.71,0.0,$0.85,23.29,$1.39B,$0.45B,3.07,$0.12B,$2.68B,0.05,$3.78B,$0.64B,16.83%,$3.78B,$0.29B,7.67%,$3.78B,$0.29B,7.67%,$3.78B,$0.40B,10.48%,$3.78B,$0.27B,7.06%,$3.78B,$0.16B,4.15%,$0.16B,$2.68B,6.60%,$0.16B,$1.18B,18.08%,$0.16B,$3.56B,4.48%,$0.29B,$2.81B,11.53%,$922,$755,$167,$0,$82,$844,$78,$-1,$76,$30,$46,$46,$46,$102,$78,$178,197,$0.24,$0.25,$438,$26,$54,$1385,$635,$0,$1504,$33,$2173,$3558,$452,$122,$218,$424,$876,$0,$-86,$-3,$2682,$3558,$158,$106,$45,$151,$-78,$0,$0,$12,$-66,$243,$-170,$0,$-35,$0,$0,$0,$-15,$-219,$-0,$0,$-0,$6,$6,$0,$2,$8,$31,$17,$0
40,2008-09-30,27.01,$13.51,2.0,$20.41,1.32,$-0.34,0.0,$0.79,34.19,$1.38B,$0.78B,1.77,$0.14B,$2.34B,0.06,$3.74B,$0.62B,16.59%,$3.74B,$0.27B,7.12%,$3.74B,$0.27B,7.12%,$3.74B,$0.38B,10.03%,$3.74B,$0.23B,6.05%,$3.74B,$0.13B,3.56%,$0.13B,$2.34B,5.90%,$0.13B,$0.84B,17.91%,$0.13B,$3.56B,3.84%,$0.27B,$2.48B,11.10%,$1053,$868,$186,$0,$80,$957,$96,$-8,$89,$37,$52,$52,$52,$123,$96,$173,204,$0.30,$0.28,$266,$26,$71,$1383,$640,$0,$1504,$36,$2180,$3563,$780,$144,$219,$443,$1223,$0,$-95,$1,$2339,$3563,$111,$82,$33,$115,$-234,$-0,$0,$3,$-176,$50,$-154,$0,$-28,$0,$0,$0,$-15,$-196,$-1,$0,$-1,$6,$6,$0,$3,$8,$-141,$12,$0
41,2008-06-30,33.27,$13.17,2.53,$19.15,1.74,$0.58,57.52,$0.83,40.08,$1.32B,$0.76B,1.75,$0.14B,$2.28B,0.06,$3.34B,$0.55B,16.44%,$3.34B,$0.22B,6.59%,$3.34B,$0.22B,6.59%,$3.34B,$0.32B,9.61%,$3.34B,$0.19B,5.60%,$3.34B,$0.13B,3.89%,$0.13B,$2.28B,5.90%,$0.13B,$0.75B,18.71%,$0.13B,$3.49B,3.84%,$0.22B,$2.42B,9.12%,$961,$802,$159,$0,$76,$888,$73,$-7,$65,$27,$38,$38,$38,$100,$73,$172,197,$0.22,$0.21,$305,$31,$82,$1318,$606,$0,$1533,$34,$2173,$3490,$755,$144,$215,$458,$1213,$0,$-149,$3,$2278,$3490,$59,$55,$16,$71,$-95,$-5,$0,$-20,$-97,$33,$-104,$0,$-23,$0,$0,$0,$-15,$-142,$-1,$0,$-1,$6,$6,$0,$2,$7,$-102,$8,$0
42,2008-03-31,23.17,$12.87,1.8,$17.95,1.29,$1.17,19.82,$0.78,29.71,$1.31B,$0.74B,1.77,$0.14B,$2.21B,0.07,$2.93B,$0.48B,16.21%,$2.93B,$0.19B,6.31%,$2.93B,$0.19B,6.31%,$2.93B,$0.27B,9.28%,$2.93B,$0.16B,5.46%,$2.93B,$0.11B,3.89%,$0.11B,$2.21B,6.21%,$0.11B,$0.71B,18.38%,$0.11B,$3.40B,3.88%,$0.19B,$2.35B,8.75%,$844,$721,$124,$0,$71,$802,$43,$-5,$37,$16,$21,$21,$21,$71,$43,$171,172,$0.13,$0.13,$372,$25,$75,$1307,$561,$0,$1497,$32,$2091,$3398,$740,$144,$207,$448,$1188,$0,$-190,$2,$2210,$3398,$21,$28,$7,$35,$-33,$1,$0,$-9,$-42,$15,$-51,$0,$-0,$0,$0,$0,$0,$-51,$-0,$0,$-0,$1,$1,$0,$1,$2,$-35,$4,$0
43,2007-12-31,26.24,$12.78,2.05,$16.83,1.56,$1.64,15.98,$0.89,29.48,$1.31B,$0.76B,1.72,$0.14B,$2.19B,0.07,$2.66B,$0.43B,16.15%,$2.66B,$0.17B,6.40%,$2.66B,$0.17B,6.40%,$2.66B,$0.24B,9.15%,$2.66B,$0.15B,5.65%,$2.66B,$0.12B,4.67%,$0.12B,$2.19B,8.40%,$0.12B,$0.68B,22.70%,$0.12B,$3.39B,4.96%,$0.17B,$2.33B,9.33%,$879,$728,$151,$0,$85,$825,$54,$-18,$35,$13,$22,$22,$22,$81,$54,$137,162,$0.11,$0.17,$407,$26,$72,$1305,$532,$0,$1508,$43,$2083,$3388,$757,$144,$200,$445,$1203,$0,$-214,$4,$2185,$3388,$125,$74,$25,$99,$-1,$7,$0,$5,$-4,$219,$-100,$0,$-20,$0,$0,$0,$0,$-121,$-95,$0,$-95,$9,$9,$0,$6,$-79,$23,$18,$0
44,2007-09-30,26.45,$12.54,2.11,$16.28,1.63,$1.60,16.5,$0.45,58.78,$1.24B,$0.44B,2.83,$0.41B,$2.14B,0.19,$2.35B,$0.37B,15.65%,$2.35B,$0.10B,4.29%,$2.35B,$0.10B,4.29%,$2.35B,$0.22B,9.23%,$2.35B,$0.10B,4.21%,$2.35B,$0.07B,3.06%,$0.07B,$2.14B,6.47%,$0.07B,$0.64B,15.12%,$0.07B,$3.28B,3.49%,$0.10B,$2.55B,6.62%,$656,$541,$115,$0,$60,$605,$50,$-0,$50,$3,$47,$47,$49,$69,$50,$136,168,$0.36,$0.31,$371,$27,$63,$1238,$503,$0,$1491,$35,$2036,$3275,$438,$414,$195,$702,$1140,$0,$-248,$2,$2135,$3275,$102,$46,$5,$51,$-2,$6,$0,$1,$-38,$115,$-46,$0,$1,$0,$0,$0,$0,$-45,$-95,$0,$-95,$5,$5,$0,$6,$-84,$-12,$6,$0
45,2007-06-30,30.67,$6.75,4.55,$15.89,1.93,$1.53,20.06,$0.31,98.94,$0.99B,$0.28B,3.55,$0.41B,$0.81B,0.51,$2.22B,$0.34B,15.14%,$2.22B,$0.09B,4.01%,$2.22B,$0.09B,4.01%,$2.22B,$0.20B,8.96%,$2.22B,$0.09B,3.87%,$2.22B,$0.05B,2.03%,$0.05B,$0.81B,5.86%,$0.05B,$0.45B,11.04%,$0.05B,$1.68B,2.72%,$0.09B,$1.22B,7.53%,$552,$467,$85,$0,$47,$515,$38,$0,$38,$16,$22,$22,$22,$51,$38,$119,150,$0.18,$0.17,$406,$23,$50,$987,$294,$0,$362,$34,$695,$1682,$278,$414,$0,$595,$874,$0,$-297,$0,$809,$1682,$53,$28,$0,$28,$40,$5,$0,$-19,$-8,$72,$-38,$0,$-20,$0,$0,$0,$0,$-58,$-2,$0,$-2,$3,$3,$0,$6,$7,$22,$4,$0
46,2007-03-31,25.22,$6.49,3.89,$15.83,1.59,$1.35,18.65,$0.28,90.07,$0.97B,$0.30B,3.27,$0.41B,$0.78B,0.53,$2.18B,$0.33B,15.17%,$2.18B,$0.09B,3.90%,$2.18B,$0.09B,3.90%,$2.18B,$0.20B,9.12%,$2.18B,$0.08B,3.53%,$2.18B,$0.04B,1.88%,$0.04B,$0.78B,5.47%,$0.04B,$0.42B,10.71%,$0.04B,$1.66B,2.52%,$0.09B,$1.19B,7.26%,$569,$491,$78,$0,$49,$541,$28,$-1,$27,$-4,$31,$31,$31,$42,$28,$118,150,$0.26,$0.23,$406,$25,$41,$971,$293,$0,$359,$33,$692,$1663,$297,$414,$0,$590,$887,$0,$-319,$0,$775,$1663,$31,$14,$0,$14,$45,$3,$0,$-9,$19,$64,$-25,$0,$-18,$0,$0,$0,$0,$-42,$-2,$0,$-2,$0,$0,$0,$2,$1,$23,$2,$0
47,2006-12-31,19.67,$6.15,3.2,$16.27,1.21,$0.91,21.73,$0.12,163.92,$0.99B,$0.33B,2.96,$0.41B,$0.73B,0.57,$2.11B,$0.31B,14.79%,$2.11B,$0.07B,3.51%,$2.11B,$0.07B,3.51%,$2.11B,$0.19B,8.91%,$2.11B,$0.06B,3.03%,$2.11B,$0.02B,0.85%,$0.02B,$0.73B,2.45%,$0.02B,$0.40B,5.00%,$0.02B,$1.64B,1.12%,$0.07B,$1.14B,6.36%,$575,$485,$90,$0,$48,$590,$-15,$-2,$-16,$15,$-32,$-32,$-30,$55,$-15,$117,118,$-0.26,$-0.23,$384,$29,$36,$991,$277,$0,$332,$32,$649,$1639,$334,$414,$131,$576,$910,$0,$-352,$0,$729,$1639,$17,$113,$-1,$112,$-70,$-3,$0,$16,$-9,$121,$-38,$0,$0,$0,$0,$0,$0,$-38,$-2,$0,$-2,$1,$1,$0,$-2,$-3,$79,$6,$0
