,Date,Stock Price,Book Value per Share,Price to Book Ratio,TTM Sales per Share,Price to Sales Ratio,TTM FCF per Share,Price to FCF Ratio,TTM Net EPS,PE Ratio,Current Assets,Current Liabilities,Current Ratio,Long Term Debt,Shareholder's Equity_x,Debt to Equity Ratio,TTM Revenue_x,TTM Gross Profit,Gross Margin,TTM Revenue_y,TTM Operating Income,Operating Margin,TTM Revenue_x,TTM EBIT,EBIT Margin,TTM Revenue_y,TTM EBITDA,EBITDA Margin,TTM Revenue_x,TTM Pre-Tax Income,Pre-Tax Margin,TTM Revenue_y,TTM Net Income_x,Net Margin,TTM Net Income_y,Shareholder's Equity_y,Return on Equity,TTM Net Income_x,Tangible Equity,Return on Tangible Equity,TTM Net Income_y,Total Assets,Return on Assets,TTM Net Income,LT Investments & Debt,Return on Investment,revenue,cost-goods-sold,gross-profit,research-development-expenses,selling-general-administrative-expenses,operating-expenses,operating-income,total-non-operating-income-expense,pre-tax-income,total-provision-income-taxes,income-after-taxes,income-from-continuous-operations,net-income,ebitda,ebit,basic-shares-outstanding,shares-outstanding,eps-basic-net-earnings-per-share,eps-earnings-per-share-diluted,cash-on-hand,inventory,other-current-assets,total-current-assets,net-property-plant-equipment,long-term-investments,goodwill-intangible-assets-total,other-long-term-assets,total-long-term-assets,total-assets,total-current-liabilities,long-term-debt,other-non-current-liabilities,total-long-term-liabilities,total-liabilities,common-stock-net,retained-earnings-accumulated-deficit,comprehensive-income,total-share-holder-equity,total-liabilities-share-holders-equity,net-income-loss,total-depreciation-amortization-cash-flow,other-non-cash-items,total-non-cash-items,change-in-accounts-receivable,change-in-inventories,change-in-accounts-payable,change-in-assets-liabilities,total-change-in-assets-liabilities,cash-flow-from-operating-activities,net-change-in-property-plant-equipment,net-change-in-intangible-assets,net-acquisitions-divestitures,net-change-in-short-term-investments,net-change-in-long-term-investments,net-change-in-investments-total,investing-activities-other,cash-flow-from-investing-activities,net-long-term-debt,net-current-debt,debt-issuance-retirement-net-total,net-common-equity-issued-repurchased,net-total-equity-issued-repurchased,total-common-preferred-stock-dividends-paid,financial-activities-other,cash-flow-from-financial-activities,net-cash-flow,stock-based-compensation,common-stock-dividends-paid
0,2018-09-30,174.19,$69.78,2.5,$48.37,3.6,$-3.97,0.0,$7.68,22.68,$2.66B,$2.23B,1.2,$2.29B,$11.89B,0.19,$8.26B,$3.77B,45.63%,$8.26B,$1.43B,17.32%,$8.26B,$1.43B,17.32%,$8.26B,$3.03B,36.61%,$8.26B,$0.90B,10.90%,$8.26B,$1.31B,15.90%,$1.31B,$11.89B,11.41%,$1.31B,$11.63B,11.68%,$1.31B,$18.02B,7.53%,$1.43B,$14.18B,10.37%,$2476,$1139,$1337,$0,$179,$1732,$744,$-215,$529,$118,$411,$411,$411,$1164,$744,$171,171,$2.40,$2.39,$1476,$269,$32,$2660,$12931,$193,$267,$1973,$15364,$18024,$2225,$2286,$555,$3905,$6130,$2,$3147,$0,$11894,$18024,$652,$1204,$549,$1753,$-233,$-70,$305,$-81,$-77,$2328,$-2299,$0,$0,$0,$522,$522,$0,$-1777,$-450,$0,$-450,$-43,$-43,$-27,$-8,$-528,$23,$0,$-27
1,2018-06-30,189.24,$67.39,2.81,$40.76,4.64,$-5.95,0.0,$5.16,36.67,$2.46B,$2.26B,1.09,$2.29B,$11.48B,0.2,$6.95B,$3.01B,43.23%,$6.95B,$0.75B,10.83%,$6.95B,$0.75B,10.83%,$6.95B,$2.30B,33.13%,$6.95B,$0.34B,4.86%,$6.95B,$0.88B,12.65%,$0.88B,$11.48B,7.86%,$0.88B,$11.22B,8.06%,$0.88B,$17.45B,5.16%,$0.75B,$13.77B,5.59%,$2111,$1269,$842,$0,$165,$1917,$194,$-112,$82,$19,$63,$63,$66,$600,$194,$170,171,$0.38,$0.38,$1183,$236,$25,$2459,$12490,$313,$269,$1918,$14990,$17449,$2262,$2285,$471,$3703,$5965,$2,$2764,$0,$11484,$17449,$241,$784,$480,$1264,$-208,$-35,$218,$-24,$-49,$1456,$-1593,$0,$0,$0,$567,$567,$0,$-1026,$-450,$0,$-450,$-50,$-50,$-27,$-7,$-534,$-104,$0,$-27
2,2018-03-31,171.78,$66.91,2.57,$37.01,4.64,$-5.49,0.0,$6.14,27.98,$2.82B,$2.25B,1.26,$2.28B,$11.40B,0.2,$6.31B,$3.12B,49.42%,$6.31B,$1.01B,16.05%,$6.31B,$1.01B,16.05%,$6.31B,$2.52B,40.03%,$6.31B,$0.61B,9.67%,$6.31B,$1.05B,16.61%,$1.05B,$11.40B,9.54%,$1.05B,$11.13B,9.78%,$1.05B,$17.32B,6.24%,$1.01B,$13.69B,7.64%,$2150,$1267,$883,$0,$166,$1825,$325,$-97,$228,$50,$178,$178,$178,$703,$325,$170,171,$1.04,$1.04,$1723,$218,$30,$2824,$12230,$93,$269,$1907,$14499,$17323,$2250,$2284,$459,$3671,$5921,$2,$2698,$0,$11402,$17323,$178,$378,$214,$592,$-181,$-6,$-9,$-21,$-216,$554,$-865,$0,$0,$0,$461,$461,$0,$-404,$0,$0,$0,$-45,$-45,$0,$0,$-45,$105,$0,$0
3,2017-12-31,172.69,$66.27,2.61,$32.09,5.38,$-4.12,0.0,$4.85,35.61,$3.01B,$2.13B,1.41,$2.28B,$11.28B,0.2,$5.46B,$3.06B,56.04%,$5.46B,$0.73B,13.29%,$5.46B,$0.73B,13.29%,$5.46B,$2.22B,40.75%,$5.46B,$0.31B,5.66%,$5.46B,$0.83B,15.16%,$0.83B,$11.28B,7.72%,$0.83B,$11.01B,7.92%,$0.83B,$17.00B,5.05%,$0.73B,$13.56B,5.53%,$1526,$818,$708,$0,$144,$1358,$168,$-106,$62,$-603,$665,$665,$659,$558,$168,$170,170,$3.88,$3.87,$2109,$212,$34,$3007,$11766,$66,$270,$1894,$13996,$17003,$2128,$2283,$414,$3596,$5724,$2,$2547,$0,$11279,$17003,$833,$1498,$-157,$1341,$-122,$-35,$134,$-57,$-84,$2090,$-2349,$0,$0,$0,$566,$566,$0,$-1783,$-485,$0,$-485,$-30,$-30,$-14,$0,$-529,$-222,$0,$-14
4,2017-09-30,147.4,$62.27,2.37,$27.48,5.36,$-2.93,0.0,$0.72,204.72,$2.90B,$1.72B,1.69,$2.28B,$10.60B,0.22,$4.65B,$2.89B,62.03%,$4.65B,$0.59B,12.61%,$4.65B,$0.59B,12.61%,$4.65B,$2.08B,44.67%,$4.65B,$0.16B,3.50%,$4.65B,$0.13B,2.69%,$0.13B,$10.60B,1.19%,$0.13B,$10.33B,1.22%,$0.13B,$16.47B,0.77%,$0.59B,$12.88B,4.52%,$1167,$594,$573,$0,$134,$1101,$66,$-100,$-34,$-11,$-23,$-23,$-23,$443,$66,$170,170,$-0.13,$-0.13,$1993,$187,$71,$2901,$11347,$151,$270,$1796,$13564,$16465,$1715,$2282,$396,$4153,$5868,$2,$1882,$0,$10597,$16465,$168,$1108,$148,$1256,$-131,$-9,$82,$-67,$-123,$1301,$-1608,$0,$0,$0,$346,$346,$0,$-1262,$-485,$0,$-485,$-29,$-29,$-7,$0,$-521,$-482,$0,$-7
5,2017-06-30,159.38,$62.33,2.56,$27.59,5.78,$-1.60,0.0,$0.98,162.64,$3.06B,$1.56B,1.97,$2.28B,$10.60B,0.22,$4.67B,$2.90B,62.08%,$4.67B,$0.59B,12.60%,$4.67B,$0.59B,12.60%,$4.67B,$2.12B,45.30%,$4.67B,$0.14B,3.02%,$4.67B,$0.17B,3.64%,$0.17B,$10.60B,1.63%,$0.17B,$10.33B,1.67%,$0.17B,$16.27B,1.05%,$0.59B,$12.88B,4.51%,$1462,$510,$952,$0,$132,$1009,$453,$-99,$354,$121,$233,$233,$233,$820,$453,$170,170,$1.36,$1.36,$2199,$192,$181,$3064,$10996,$187,$270,$1754,$13207,$16271,$1558,$2281,$343,$4111,$5669,$2,$1912,$0,$10602,$16271,$191,$731,$-19,$712,$27,$-11,$-42,$-32,$-56,$847,$-905,$0,$0,$0,$128,$128,$0,$-777,$-485,$0,$-485,$-36,$-36,$-7,$0,$-528,$-458,$0,$-7
6,2017-03-31,186.0,$60.84,3.06,$23.78,7.82,$-4.77,0.0,$-2.01,0.0,$2.94B,$0.95B,3.09,$2.73B,$10.35B,0.26,$4.00B,$2.18B,54.64%,$4.00B,$-0.15B,-3.68%,$4.00B,$-0.15B,-3.68%,$4.00B,$1.43B,35.65%,$4.00B,$-0.62B,-15.61%,$4.00B,$-0.33B,-8.28%,$-0.33B,$10.35B,-3.18%,$-0.33B,$10.08B,-3.27%,$-0.33B,$15.75B,-2.03%,$-0.15B,$13.08B,-1.12%,$1300,$476,$824,$0,$131,$1262,$38,$-111,$-73,$-31,$-42,$-42,$-42,$402,$38,$170,170,$-0.25,$-0.25,$2209,$200,$101,$2940,$10682,$168,$272,$1687,$12809,$15749,$952,$2729,$354,$4449,$5401,$2,$1679,$0,$10348,$15749,$-42,$364,$142,$506,$92,$-19,$-153,$-20,$-100,$364,$-441,$0,$0,$0,$143,$143,$0,$-298,$-485,$0,$-485,$-36,$-36,$0,$0,$-521,$-455,$0,$0
7,2016-12-31,179.81,$61.34,2.93,$20.37,8.83,$-7.02,0.0,$-3.41,0.0,$3.30B,$1.57B,2.11,$2.73B,$10.41B,0.26,$3.38B,$1.65B,48.67%,$3.38B,$-0.45B,-13.19%,$3.38B,$-0.45B,-13.19%,$3.38B,$1.14B,33.74%,$3.38B,$-0.96B,-28.36%,$3.38B,$-0.56B,-16.44%,$-0.56B,$10.41B,-5.43%,$-0.56B,$10.14B,-5.58%,$-0.56B,$16.46B,-3.38%,$-0.45B,$13.14B,-3.44%,$725,$187,$538,$0,$128,$695,$30,$-114,$-84,$-41,$-43,$-43,$-43,$414,$30,$166,166,$-0.19,$-0.19,$2559,$181,$37,$3298,$10841,$420,$272,$1628,$13161,$16459,$1566,$2728,$357,$4482,$6048,$2,$1728,$0,$10411,$16459,$-556,$1587,$610,$2197,$-134,$-32,$58,$-74,$-142,$1499,$-1553,$0,$-428,$0,$-1839,$-1839,$0,$-3820,$-455,$0,$-455,$2516,$2516,$-13,$0,$2048,$-273,$0,$-13
8,2016-09-30,185.38,$61.46,3.02,$21.44,8.65,$-10.62,0.0,$-7.32,0.0,$3.45B,$1.38B,2.51,$2.73B,$10.43B,0.26,$3.47B,$1.68B,48.41%,$3.47B,$-1.27B,-36.56%,$3.47B,$-1.27B,-36.56%,$3.47B,$0.34B,9.80%,$3.47B,$-1.85B,-53.29%,$3.47B,$-1.14B,-32.76%,$-1.14B,$10.43B,-11.69%,$-1.14B,$10.16B,-12.02%,$-1.14B,$16.33B,-7.05%,$-1.27B,$13.16B,-10.09%,$1186,$599,$587,$0,$114,$1118,$68,$-124,$-56,$-78,$22,$22,$22,$481,$68,$170,170,$0.13,$0.13,$2624,$159,$177,$3454,$10669,$319,$272,$1611,$12871,$16325,$1377,$2726,$354,$4517,$5894,$2,$1772,$0,$10431,$16325,$-513,$1203,$424,$1627,$-64,$-7,$-8,$-91,$-155,$959,$-1040,$0,$-429,$0,$-2045,$-2045,$0,$-3514,$-455,$0,$-455,$2517,$2517,$-7,$0,$2055,$-500,$0,$-7
9,2016-06-30,150.96,$61.24,2.47,$29.38,5.14,$-12.94,0.0,$-3.18,0.0,$4.70B,$1.83B,2.57,$2.73B,$10.39B,0.26,$4.52B,$2.80B,61.98%,$4.52B,$-0.21B,-4.54%,$4.52B,$-0.21B,-4.54%,$4.52B,$1.38B,30.54%,$4.52B,$-0.79B,-17.46%,$4.52B,$-0.51B,-11.33%,$-0.51B,$10.39B,-5.47%,$-0.51B,$10.11B,-5.63%,$-0.51B,$16.81B,-3.25%,$-0.21B,$13.11B,-1.68%,$786,$551,$235,$0,$116,$1069,$-283,$-128,$-411,$-143,$-268,$-268,$-268,$128,$-283,$164,164,$-1.63,$-1.63,$3298,$165,$279,$4699,$10192,$23,$272,$1622,$12109,$16808,$1831,$2725,$372,$4591,$6422,$2,$1756,$0,$10386,$16808,$-535,$790,$368,$1158,$-51,$-12,$-60,$-18,$-104,$519,$-1095,$0,$0,$0,$-1494,$-1494,$0,$-2589,$0,$0,$0,$2511,$2511,$-7,$0,$2504,$434,$0,$-7
10,2016-03-31,140.51,$59.28,2.37,$28.91,4.86,$-14.62,0.0,$-3.01,0.0,$4.08B,$1.78B,2.29,$2.72B,$9.70B,0.28,$4.38B,$2.81B,64.20%,$4.38B,$-0.16B,-3.54%,$4.38B,$-0.16B,-3.54%,$4.38B,$1.38B,31.44%,$4.38B,$-0.72B,-16.40%,$4.38B,$-0.46B,-10.56%,$-0.46B,$9.70B,-5.23%,$-0.46B,$9.42B,-5.39%,$-0.46B,$16.17B,-3.07%,$-0.16B,$12.42B,-1.33%,$685,$399,$286,$0,$103,$946,$-261,$-147,$-408,$-141,$-267,$-267,$-267,$118,$-261,$162,162,$-1.65,$-1.65,$2505,$153,$549,$4081,$10138,$21,$272,$1659,$12090,$16171,$1783,$2724,$334,$4693,$6476,$2,$2024,$0,$9695,$16171,$-267,$379,$130,$509,$33,$0,$-169,$-36,$-132,$110,$-549,$0,$0,$0,$-914,$-914,$0,$-1463,$0,$0,$0,$1574,$1574,$0,$0,$1574,$221,$0,$0
11,2015-12-31,125.14,$56.07,2.23,$30.51,4.1,$-16.03,0.0,$-1.88,0.0,$3.19B,$1.46B,2.19,$3.21B,$8.38B,0.38,$4.56B,$3.11B,68.08%,$4.56B,$0.09B,2.04%,$4.56B,$0.09B,2.04%,$4.56B,$1.58B,34.64%,$4.56B,$-0.42B,-9.23%,$4.56B,$-0.27B,-5.99%,$-0.27B,$8.38B,-3.20%,$-0.27B,$8.10B,-3.30%,$-0.27B,$15.15B,-1.87%,$0.09B,$11.58B,0.82%,$811,$240,$571,$0,$114,$1603,$-792,$-181,$-973,$-350,$-623,$-623,$-623,$-387,$-792,$149,149,$-4.13,$-4.12,$1391,$155,$722,$3194,$10022,$0,$272,$1666,$11960,$15154,$1462,$3207,$334,$5317,$6779,$2,$2298,$0,$8375,$15154,$-273,$1487,$266,$1753,$54,$8,$-258,$-9,$-225,$1255,$-1840,$0,$0,$0,$0,$0,$0,$-1840,$998,$0,$998,$-25,$-25,$-12,$-10,$951,$366,$0,$-12
12,2015-09-30,121.4,$60.07,2.02,$36.76,3.3,$-14.41,0.0,$5.20,23.35,$2.40B,$1.15B,2.1,$2.68B,$8.98B,0.3,$5.43B,$3.85B,70.84%,$5.43B,$1.65B,30.39%,$5.43B,$1.65B,30.39%,$5.43B,$3.07B,56.51%,$5.43B,$1.22B,22.44%,$5.43B,$0.78B,14.39%,$0.78B,$8.98B,9.10%,$0.78B,$8.71B,9.40%,$0.78B,$14.97B,5.37%,$1.65B,$11.66B,14.66%,$2237,$528,$1709,$0,$117,$1106,$1131,$-128,$1003,$355,$648,$648,$646,$1521,$1131,$149,150,$4.28,$4.27,$581,$238,$655,$2403,$10562,$0,$272,$1728,$12562,$14965,$1147,$2675,$237,$4837,$5984,$2,$2921,$0,$8981,$14965,$350,$1082,$-382,$700,$26,$-29,$-266,$-41,$-261,$789,$-1208,$0,$0,$0,$0,$0,$0,$-1208,$0,$0,$0,$-25,$-25,$-6,$6,$-25,$-444,$0,$-6
13,2015-06-30,138.37,$55.76,2.48,$32.42,4.27,$-10.43,0.0,$3.51,39.42,$1.31B,$1.03B,1.26,$2.67B,$8.31B,0.32,$4.71B,$3.29B,69.89%,$4.71B,$1.24B,26.25%,$4.71B,$1.24B,26.25%,$4.71B,$2.56B,54.41%,$4.71B,$0.86B,18.33%,$4.71B,$0.51B,10.83%,$0.51B,$8.31B,6.27%,$0.51B,$8.04B,6.48%,$0.51B,$14.00B,3.61%,$1.24B,$10.98B,11.44%,$644,$400,$244,$0,$120,$877,$-233,$-107,$-340,$-123,$-217,$-217,$-218,$124,$-233,$149,149,$-1.46,$-1.46,$219,$269,$389,$1305,$10495,$277,$272,$1653,$12697,$14002,$1033,$2672,$275,$4661,$5694,$2,$2281,$0,$8308,$14002,$-296,$692,$310,$1002,$49,$-44,$-275,$-4,$-274,$432,$-1206,$0,$0,$0,$0,$0,$0,$-1206,$0,$0,$0,$-31,$-31,$-6,$5,$-32,$-806,$0,$-6
14,2015-03-31,163.14,$57.04,2.86,$34.62,4.71,$-4.68,0.0,$4.98,32.76,$1.69B,$1.16B,1.46,$2.67B,$8.50B,0.31,$5.00B,$3.61B,72.32%,$5.00B,$1.63B,32.56%,$5.00B,$1.63B,32.56%,$5.00B,$2.86B,57.29%,$5.00B,$1.29B,25.82%,$5.00B,$0.73B,14.59%,$0.73B,$8.50B,9.41%,$0.73B,$8.23B,9.75%,$0.73B,$14.35B,5.28%,$1.63B,$11.17B,15.63%,$869,$288,$581,$0,$121,$882,$-13,$-98,$-111,$-37,$-74,$-74,$-78,$322,$-13,$149,149,$-0.52,$-0.52,$383,$266,$660,$1694,$10440,$259,$272,$1682,$12653,$14347,$1162,$2668,$280,$4686,$5848,$2,$2500,$0,$8499,$14347,$-78,$335,$77,$412,$96,$-34,$-250,$-43,$-230,$104,$-717,$0,$0,$0,$0,$0,$0,$-717,$0,$0,$0,$-30,$-30,$0,$1,$-29,$-642,$0,$0
15,2014-12-31,148.47,$57.68,2.57,$35.39,4.2,$-1.68,0.0,$6.35,23.38,$2.36B,$1.42B,1.66,$2.65B,$8.59B,0.31,$5.07B,$3.68B,72.48%,$5.07B,$1.90B,37.44%,$5.07B,$1.90B,37.44%,$5.07B,$3.04B,59.98%,$5.07B,$1.60B,31.49%,$5.07B,$0.93B,18.34%,$0.93B,$8.59B,12.73%,$0.93B,$8.32B,13.23%,$0.93B,$14.91B,6.97%,$1.90B,$11.24B,19.04%,$1683,$368,$1315,$0,$140,$917,$766,$-99,$667,$237,$430,$430,$432,$1103,$766,$144,144,$2.96,$2.94,$1025,$241,$615,$2359,$10390,$239,$272,$1649,$12550,$14909,$1419,$2648,$289,$4901,$6320,$2,$2583,$0,$8589,$14909,$930,$1143,$334,$1477,$-29,$-37,$104,$-62,$-41,$2366,$-2699,$0,$0,$0,$0,$0,$0,$-2699,$0,$0,$0,$959,$959,$-12,$18,$965,$632,$0,$-12
16,2014-09-30,196.47,$50.02,3.93,$30.50,6.44,$0.49,401.29,$-6.38,0.0,$1.49B,$1.44B,1.04,$2.66B,$7.15B,0.37,$4.31B,$3.01B,69.80%,$4.31B,$-0.11B,-2.53%,$4.31B,$-0.11B,-2.53%,$4.31B,$0.96B,22.18%,$4.31B,$-0.44B,-10.13%,$4.31B,$-0.87B,-20.14%,$-0.87B,$7.15B,-12.76%,$-0.87B,$6.88B,-13.29%,$-0.87B,$13.27B,-6.85%,$-0.11B,$9.82B,-1.15%,$1513,$362,$1151,$0,$139,$797,$716,$-69,$647,$236,$411,$411,$374,$1013,$716,$143,143,$2.58,$2.58,$550,$237,$167,$1491,$9827,$221,$272,$1461,$11781,$13272,$1439,$2662,$284,$4680,$6119,$1,$2152,$0,$7153,$13272,$499,$806,$585,$1391,$-77,$-27,$96,$-68,$-92,$1798,$-1628,$0,$0,$0,$0,$0,$0,$-1628,$0,$0,$0,$-20,$-20,$-6,$13,$-13,$157,$0,$-6
17,2014-06-30,229.18,$47.20,4.86,$25.73,8.91,$0.33,695.34,$-8.31,0.0,$1.38B,$1.47B,0.94,$2.66B,$6.75B,0.39,$3.61B,$2.43B,67.41%,$3.61B,$-0.63B,-17.35%,$3.61B,$-0.63B,-17.35%,$3.61B,$0.38B,10.48%,$3.61B,$-0.96B,-26.52%,$3.61B,$-1.15B,-31.93%,$-1.15B,$6.75B,-16.54%,$-1.15B,$6.48B,-17.23%,$-1.15B,$12.71B,-8.86%,$-0.63B,$9.41B,-6.47%,$932,$365,$567,$0,$138,$774,$158,$-71,$87,$32,$55,$55,$1,$425,$158,$143,143,$0.01,$0.01,$445,$221,$38,$1380,$9474,$229,$274,$1353,$11330,$12710,$1465,$2659,$361,$4495,$5960,$1,$1784,$0,$6750,$12710,$124,$509,$583,$1092,$-59,$-8,$30,$5,$-33,$1183,$-1103,$0,$0,$0,$0,$0,$0,$-1103,$0,$0,$0,$-26,$-26,$-6,$4,$-28,$52,$0,$-6
18,2014-03-31,186.63,$47.02,3.97,$27.55,6.78,$0.66,284.89,$-5.92,0.0,$1.54B,$1.24B,1.25,$2.71B,$6.72B,0.4,$3.84B,$2.82B,73.43%,$3.84B,$-0.19B,-5.03%,$3.84B,$-0.19B,-5.03%,$3.84B,$0.79B,20.57%,$3.84B,$-0.52B,-13.59%,$3.84B,$-0.82B,-21.28%,$-0.82B,$6.72B,-11.35%,$-0.82B,$6.45B,-11.81%,$-0.82B,$12.47B,-6.10%,$-0.19B,$9.43B,-1.94%,$944,$301,$643,$0,$136,$685,$259,$-63,$196,$51,$145,$145,$123,$501,$259,$143,143,$0.85,$0.85,$257,$231,$48,$1542,$8990,$239,$274,$1420,$10923,$12465,$1238,$2706,$301,$4503,$5741,$1,$1782,$0,$6724,$12465,$123,$242,$240,$482,$-37,$-16,$-70,$-30,$-139,$466,$-626,$0,$0,$0,$0,$0,$0,$-626,$50,$-1,$49,$-27,$-27,$0,$2,$24,$-136,$0,$0
19,2013-12-31,183.53,$46.26,3.97,$26.71,6.87,$-0.84,0.0,$-6.02,0.0,$1.73B,$1.25B,1.38,$2.65B,$6.62B,0.4,$3.66B,$2.73B,74.74%,$3.66B,$-0.24B,-6.42%,$3.66B,$-0.24B,-6.42%,$3.66B,$0.74B,20.15%,$3.66B,$-0.57B,-15.69%,$3.66B,$-0.84B,-22.91%,$-0.84B,$6.62B,-11.44%,$-0.84B,$6.34B,-11.90%,$-0.84B,$12.29B,-6.12%,$-0.24B,$9.27B,-2.31%,$925,$275,$650,$0,$136,$2167,$-1242,$-125,$-1367,$-494,$-873,$-873,$-1367,$-982,$-1242,$136,136,$-10.00,$-9.96,$393,$220,$78,$1730,$8626,$225,$274,$1439,$10564,$12294,$1250,$2653,$303,$4429,$5679,$1,$1665,$0,$6615,$12294,$-799,$972,$1953,$2925,$-123,$-39,$209,$-30,$20,$2146,$-2165,$0,$0,$0,$25,$25,$0,$-2140,$-1080,$0,$-1080,$1271,$1271,$-11,$-22,$158,$164,$0,$-11
20,2013-09-30,188.24,$55.98,3.36,$25.40,7.41,$-9.60,0.0,$4.02,46.83,$1.53B,$1.22B,1.26,$2.85B,$7.76B,0.37,$3.42B,$2.59B,75.50%,$3.42B,$1.78B,52.02%,$3.42B,$1.78B,52.02%,$3.42B,$2.60B,75.91%,$3.42B,$1.39B,40.71%,$3.42B,$0.56B,16.38%,$0.56B,$7.76B,7.86%,$0.56B,$7.48B,8.19%,$0.56B,$14.55B,4.04%,$1.78B,$10.61B,17.39%,$807,$235,$572,$0,$121,$608,$199,$-72,$127,$48,$79,$79,$91,$434,$199,$139,139,$0.65,$0.65,$744,$226,$119,$1533,$10988,$236,$280,$1508,$13012,$14545,$1215,$2851,$301,$5567,$6782,$1,$3033,$0,$7763,$14545,$559,$712,$329,$1041,$-89,$-28,$184,$-59,$5,$1605,$-1462,$0,$0,$0,$0,$0,$0,$-1462,$-879,$0,$-879,$1271,$1271,$-6,$-14,$372,$515,$0,$-6
21,2013-06-30,144.29,$55.20,2.61,$24.59,5.87,$-17.63,0.0,$3.52,40.99,$1.47B,$1.01B,1.45,$2.82B,$7.65B,0.37,$3.23B,$2.45B,75.77%,$3.23B,$1.67B,51.70%,$3.23B,$1.67B,51.70%,$3.23B,$2.47B,76.39%,$3.23B,$1.27B,39.20%,$3.23B,$0.49B,15.13%,$0.49B,$7.65B,7.36%,$0.49B,$7.37B,7.70%,$0.49B,$14.16B,3.64%,$1.67B,$10.47B,16.83%,$1159,$208,$951,$0,$117,$568,$591,$-68,$523,$183,$340,$340,$337,$836,$591,$138,139,$2.42,$2.40,$696,$199,$196,$1465,$10647,$228,$280,$1543,$12697,$14163,$1012,$2823,$289,$5502,$6514,$1,$2947,$0,$7648,$14163,$460,$477,$64,$541,$-33,$-1,$-9,$-29,$-64,$937,$-814,$0,$0,$0,$0,$0,$0,$-814,$-904,$0,$-904,$1266,$1266,$-6,$-12,$344,$467,$0,$-6
22,2013-03-31,123.86,$53.25,2.33,$23.71,5.22,$-23.40,0.0,$0.55,225.2,$1.20B,$0.97B,1.23,$3.02B,$7.27B,0.42,$2.99B,$2.27B,75.76%,$2.99B,$1.07B,35.61%,$2.99B,$1.07B,35.61%,$2.99B,$1.83B,61.08%,$2.99B,$0.65B,21.63%,$2.99B,$0.08B,2.71%,$0.08B,$7.27B,1.31%,$0.08B,$6.97B,1.38%,$0.08B,$13.76B,0.62%,$1.07B,$10.28B,11.13%,$767,$206,$561,$0,$114,$550,$217,$-74,$143,$50,$93,$93,$101,$449,$217,$129,133,$0.77,$0.75,$430,$233,$159,$1196,$10593,$216,$298,$1457,$12565,$13761,$972,$3017,$303,$5523,$6495,$1,$2610,$0,$7266,$13761,$109,$232,$152,$384,$-42,$1,$-57,$-41,$-133,$360,$-707,$0,$0,$0,$0,$0,$0,$-707,$-707,$0,$-707,$1263,$1263,$0,$-8,$548,$201,$0,$0
23,2012-12-31,106.22,$47.56,2.23,$24.16,4.4,$-22.80,0.0,$1.48,71.77,$1.05B,$1.04B,1.02,$3.72B,$5.87B,0.63,$3.01B,$2.36B,78.39%,$3.01B,$1.16B,38.46%,$3.01B,$1.16B,38.46%,$3.01B,$1.88B,62.37%,$3.01B,$0.83B,27.66%,$3.01B,$0.19B,6.38%,$0.19B,$5.87B,3.30%,$0.19B,$5.57B,3.48%,$0.19B,$13.07B,1.52%,$1.16B,$9.59B,12.70%,$691,$190,$501,$0,$92,$-83,$774,$-174,$601,$205,$396,$396,$32,$880,$774,$123,126,$0.23,$0.24,$229,$197,$283,$1050,$10078,$204,$298,$1438,$12019,$13069,$1035,$3721,$305,$6167,$7202,$1,$2515,$0,$5867,$13069,$243,$718,$853,$1571,$-28,$33,$46,$-12,$23,$1837,$-2959,$0,$-297,$0,$0,$0,$0,$-3256,$1165,$0,$1165,$-56,$-56,$-10,$12,$1111,$-308,$0,$-10
24,2012-09-30,104.04,$47.07,2.21,$22.56,4.61,$-13.40,0.0,$0.33,315.27,$1.58B,$0.99B,1.59,$3.56B,$5.80B,0.61,$2.78B,$2.22B,79.93%,$2.78B,$0.19B,6.80%,$2.78B,$0.19B,6.80%,$2.78B,$0.91B,32.55%,$2.78B,$-0.03B,-0.94%,$2.78B,$0.05B,1.83%,$0.05B,$5.80B,0.89%,$0.05B,$5.51B,0.93%,$0.05B,$12.81B,0.42%,$0.19B,$9.36B,2.16%,$615,$180,$436,$0,$112,$526,$89,$-89,$0,$11,$-11,$-11,$19,$304,$89,$123,123,$0.15,$0.15,$334,$277,$236,$1580,$9346,$194,$293,$1401,$11234,$12814,$992,$3562,$251,$6022,$7014,$1,$2486,$0,$5800,$12814,$203,$613,$596,$1208,$-8,$-6,$24,$-45,$-54,$1357,$-2219,$0,$-297,$0,$0,$0,$0,$-2516,$1013,$0,$1013,$-50,$-50,$-5,$-3,$955,$-204,$0,$-5
25,2012-06-30,87.87,$46.79,1.88,$25.96,3.38,$-4.14,0.0,$3.13,28.07,$1.28B,$1.13B,1.14,$3.29B,$5.76B,0.57,$3.15B,$2.66B,84.38%,$3.15B,$0.73B,23.28%,$3.15B,$0.73B,23.28%,$3.15B,$1.36B,43.28%,$3.15B,$0.54B,17.21%,$3.15B,$0.38B,11.97%,$0.38B,$5.76B,6.72%,$0.38B,$5.46B,7.10%,$0.38B,$12.57B,3.21%,$0.73B,$9.04B,8.76%,$918,$150,$768,$0,$99,$933,$-15,$-82,$-97,$-45,$-52,$-52,$-71,$194,$-15,$123,123,$-0.57,$-0.57,$318,$278,$335,$1284,$9247,$184,$298,$1556,$11286,$12570,$1129,$3285,$244,$5684,$6813,$1,$2474,$0,$5757,$12570,$181,$397,$367,$765,$34,$-33,$31,$-42,$-21,$925,$-1526,$0,$-296,$0,$0,$0,$0,$-1822,$743,$0,$743,$-55,$-55,$-5,$-6,$677,$-220,$0,$-5
26,2012-03-31,111.16,$47.41,2.34,$25.29,4.4,$4.16,26.7,$5.73,19.4,$1.37B,$1.11B,1.23,$2.62B,$5.83B,0.45,$3.04B,$2.59B,85.38%,$3.04B,$1.22B,40.05%,$3.04B,$1.22B,40.05%,$3.04B,$1.77B,58.30%,$3.04B,$1.05B,34.52%,$3.04B,$0.69B,22.69%,$0.69B,$5.83B,12.82%,$0.69B,$5.54B,13.57%,$0.69B,$12.03B,6.15%,$1.22B,$8.45B,15.29%,$784,$132,$653,$0,$109,$475,$309,$19,$328,$118,$210,$210,$212,$498,$309,$122,126,$1.73,$1.68,$317,$282,$290,$1367,$9154,$177,$298,$1030,$10658,$12026,$1110,$2621,$281,$5083,$6193,$1,$2544,$-2,$5833,$12026,$221,$188,$64,$253,$-21,$-31,$19,$-33,$-47,$426,$-680,$0,$0,$0,$0,$0,$0,$-680,$85,$0,$85,$-55,$-55,$-0,$3,$33,$-221,$0,$-0
27,2011-12-31,89.1,$46.38,1.92,$21.33,4.18,$10.61,8.4,$7.01,12.71,$1.40B,$1.07B,1.31,$2.53B,$5.65B,0.45,$2.51B,$2.10B,83.65%,$2.51B,$0.85B,33.74%,$2.51B,$0.85B,33.74%,$2.51B,$1.34B,53.36%,$2.51B,$0.60B,23.72%,$2.51B,$0.82B,32.59%,$0.82B,$5.65B,16.20%,$0.82B,$5.35B,17.22%,$0.82B,$11.45B,7.65%,$0.85B,$8.18B,11.13%,$463,$98,$365,$0,$85,$657,$-194,$-63,$-257,$-87,$-170,$-170,$-109,$-91,$-194,$117,119,$-0.98,$-1.06,$537,$242,$252,$1402,$8601,$170,$298,$976,$10045,$11447,$1070,$2529,$255,$4727,$5796,$1,$2335,$-3,$5651,$11447,$882,$494,$123,$616,$-47,$-137,$136,$58,$31,$1530,$-1471,$0,$0,$0,$-90,$-90,$0,$-1561,$-98,$0,$-98,$570,$570,$-10,$-5,$457,$426,$0,$-10
28,2011-09-30,65.49,$44.66,1.47,$24.69,2.65,$13.59,4.82,$8.61,7.61,$1.10B,$0.78B,1.42,$2.59B,$5.20B,0.5,$2.89B,$2.50B,86.27%,$2.89B,$1.54B,53.15%,$2.89B,$1.54B,53.15%,$2.89B,$1.98B,68.46%,$2.89B,$0.83B,28.73%,$2.89B,$1.01B,34.82%,$1.01B,$5.20B,21.43%,$1.01B,$4.90B,22.89%,$1.01B,$10.99B,9.81%,$1.54B,$7.78B,21.12%,$984,$113,$871,$0,$87,$351,$633,$-65,$568,$183,$385,$385,$345,$762,$633,$116,117,$2.96,$2.95,$211,$260,$241,$1104,$8553,$164,$298,$859,$9881,$10985,$776,$2587,$245,$5012,$5788,$1,$2446,$-0,$5197,$10985,$995,$391,$-337,$54,$-35,$-116,$84,$22,$-19,$1030,$-765,$0,$0,$0,$-90,$-90,$0,$-855,$-33,$0,$-33,$-37,$-37,$-5,$-1,$-76,$99,$0,$-5
29,2011-06-30,89.14,$41.43,2.15,$21.34,4.18,$14.37,6.2,$6.60,13.51,$1.07B,$0.76B,1.42,$2.57B,$4.82B,0.53,$2.49B,$2.11B,84.56%,$2.49B,$1.14B,45.87%,$2.49B,$1.14B,45.87%,$2.49B,$1.59B,63.91%,$2.49B,$0.44B,17.48%,$2.49B,$0.77B,30.91%,$0.77B,$4.82B,17.37%,$0.77B,$4.52B,18.62%,$0.77B,$10.35B,7.84%,$1.14B,$7.39B,16.33%,$805,$102,$703,$0,$80,$337,$468,$-59,$409,$140,$269,$269,$241,$601,$468,$116,119,$2.07,$2.03,$352,$234,$190,$1071,$8117,$156,$298,$709,$9282,$10353,$756,$2571,$345,$4781,$5537,$1,$2100,$3,$4816,$10353,$610,$261,$-234,$27,$-24,$-74,$6,$5,$-72,$564,$-159,$0,$0,$0,$-83,$-83,$0,$-242,$-43,$0,$-43,$-39,$-39,$-5,$6,$-81,$241,$0,$-5
30,2011-03-31,101.43,$39.19,2.59,$18.40,5.51,$14.87,6.82,$5.98,16.96,$1.24B,$0.70B,1.78,$2.56B,$4.55B,0.56,$2.14B,$1.76B,82.35%,$2.14B,$0.79B,37.03%,$2.14B,$0.79B,37.03%,$2.14B,$1.24B,58.10%,$2.14B,$0.26B,12.03%,$2.14B,$0.69B,32.44%,$0.69B,$4.55B,16.31%,$0.69B,$4.26B,17.54%,$0.69B,$10.03B,7.27%,$0.79B,$7.12B,11.62%,$261,$99,$163,$0,$77,$320,$-59,$-65,$-124,$-48,$-76,$-76,$342,$69,$-59,$116,116,$2.96,$2.96,$521,$188,$186,$1236,$7774,$109,$298,$609,$8790,$10026,$696,$2563,$418,$4777,$5472,$1,$1854,$3,$4554,$10026,$344,$128,$-182,$-54,$-25,$-29,$-90,$-17,$-146,$143,$371,$0,$0,$0,$-37,$-37,$0,$334,$-45,$-0,$-45,$-35,$-35,$-0,$13,$-68,$409,$0,$-0
31,2010-12-31,86.37,$36.65,2.36,$20.53,4.21,$11.58,7.46,$5.10,16.93,$1.20B,$0.77B,1.56,$2.60B,$4.23B,0.62,$2.38B,$2.02B,84.68%,$2.38B,$1.05B,44.16%,$2.38B,$1.05B,44.16%,$2.38B,$1.51B,63.31%,$2.38B,$0.78B,32.83%,$2.38B,$0.59B,24.81%,$0.59B,$4.23B,14.48%,$0.59B,$3.93B,15.63%,$0.59B,$9.68B,6.38%,$1.05B,$6.83B,15.79%,$842,$84,$758,$0,$69,$347,$495,$-517,$-22,$-34,$12,$12,$79,$548,$495,$115,116,$0.68,$0.65,$111,$174,$186,$1197,$7564,$72,$298,$548,$8482,$9679,$769,$2602,$289,$4684,$5453,$1,$1510,$7,$4226,$9679,$646,$457,$91,$548,$37,$-26,$129,$-47,$91,$1285,$-882,$0,$0,$0,$-73,$-73,$0,$-955,$-183,$0,$-183,$-7,$-7,$-9,$-47,$-246,$84,$0,$-9
32,2010-09-30,64.69,$36.07,1.79,$14.57,4.44,$9.27,6.98,$4.91,13.18,$0.69B,$0.60B,1.16,$2.54B,$4.16B,0.61,$1.69B,$1.35B,79.77%,$1.69B,$0.54B,32.03%,$1.69B,$0.54B,32.03%,$1.69B,$0.97B,57.47%,$1.69B,$0.74B,43.71%,$1.69B,$0.57B,33.75%,$0.57B,$4.16B,14.46%,$0.57B,$3.86B,15.67%,$0.57B,$9.30B,6.28%,$0.54B,$6.70B,8.24%,$586,$101,$485,$0,$76,$346,$240,$-67,$173,$76,$96,$96,$109,$376,$240,$115,116,$0.95,$0.94,$78,$182,$191,$689,$7666,$0,$298,$628,$8608,$9297,$596,$2539,$256,$4543,$5139,$1,$1431,$18,$4158,$9297,$564,$405,$-197,$208,$98,$-6,$62,$-42,$130,$902,$-549,$0,$0,$0,$-16,$-16,$0,$-564,$-239,$0,$-239,$-7,$-7,$-5,$-36,$-287,$51,$0,$-5
33,2010-06-30,59.1,$35.24,1.68,$12.97,4.56,$7.09,8.34,$3.91,15.12,$0.71B,$0.59B,1.21,$2.53B,$4.06B,0.62,$1.49B,$1.16B,77.90%,$1.49B,$0.35B,23.58%,$1.49B,$0.35B,23.58%,$1.49B,$0.78B,52.44%,$1.49B,$0.55B,36.77%,$1.49B,$0.45B,30.34%,$0.45B,$4.06B,11.98%,$0.45B,$3.76B,13.04%,$0.45B,$9.11B,5.09%,$0.35B,$6.59B,5.43%,$447,$94,$353,$0,$66,$332,$115,$115,$230,$83,$147,$147,$163,$248,$115,$115,116,$1.42,$1.41,$198,$122,$159,$713,$7572,$0,$299,$527,$8400,$9112,$587,$2531,$233,$4467,$5054,$1,$1324,$29,$4058,$9112,$449,$268,$-177,$91,$96,$12,$50,$-25,$153,$693,$-238,$0,$0,$0,$-0,$-0,$0,$-238,$-241,$0,$-241,$-10,$-10,$-5,$-29,$-285,$170,$0,$-5
34,2010-03-31,55.99,$33.75,1.66,$11.51,4.86,$3.06,18.28,$1.70,32.94,$0.59B,$0.52B,1.13,$2.65B,$3.88B,0.68,$1.32B,$1.00B,75.66%,$1.32B,$0.19B,14.25%,$1.32B,$0.19B,14.25%,$1.32B,$0.62B,47.01%,$1.32B,$0.19B,14.18%,$1.32B,$0.20B,15.39%,$0.20B,$3.88B,5.56%,$0.20B,$3.58B,6.08%,$0.20B,$8.97B,2.29%,$0.19B,$6.53B,2.91%,$507,$86,$421,$0,$65,$305,$202,$199,$401,$144,$257,$257,$240,$336,$202,$115,115,$2.09,$2.08,$35,$121,$158,$587,$7598,$0,$309,$478,$8386,$8973,$522,$2648,$255,$4567,$5089,$1,$1157,$39,$3884,$8973,$261,$134,$-125,$9,$48,$17,$-34,$-21,$29,$299,$-167,$0,$0,$0,$0,$0,$0,$-167,$-119,$3,$-116,$-10,$-10,$-0,$1,$-126,$7,$0,$-0
35,2009-12-31,47.85,$31.85,1.5,$11.30,4.23,$0.63,75.98,$-0.51,0.0,$0.62B,$0.57B,1.08,$2.76B,$3.64B,0.76,$1.29B,$0.94B,73.18%,$1.29B,$0.05B,3.95%,$1.29B,$0.05B,3.95%,$1.29B,$0.51B,39.69%,$1.29B,$-0.23B,-17.44%,$1.29B,$-0.05B,-4.03%,$-0.05B,$3.64B,-1.45%,$-0.05B,$3.33B,-1.59%,$-0.05B,$8.87B,-0.59%,$0.05B,$6.40B,0.78%,$146,$60,$86,$0,$47,$163,$-17,$-50,$-67,$-36,$-32,$-32,$57,$9,$-17,$114,114,$0.49,$0.49,$27,$139,$57,$616,$7567,$0,$309,$375,$8251,$8867,$571,$2761,$334,$4653,$5224,$1,$918,$51,$3643,$8867,$-42,$462,$180,$642,$16,$-47,$-66,$-10,$-56,$543,$-411,$0,$0,$0,$0,$0,$0,$-411,$-160,$0,$-159,$48,$48,$-9,$-32,$-153,$-21,$0,$-9
36,2009-09-30,36.05,$30.91,1.17,$14.12,2.55,$-1.55,0.0,$-1.56,0.0,$0.42B,$0.52B,0.82,$2.87B,$3.53B,0.81,$1.62B,$1.17B,72.23%,$1.62B,$0.10B,6.18%,$1.62B,$0.10B,6.18%,$1.62B,$0.64B,39.70%,$1.62B,$-0.24B,-15.03%,$1.62B,$-0.17B,-10.76%,$-0.17B,$3.53B,-4.84%,$-0.17B,$3.23B,-5.29%,$-0.17B,$8.68B,-1.95%,$0.10B,$6.40B,1.53%,$393,$90,$303,$0,$63,$341,$52,$-68,$-15,$-5,$-10,$-10,$-7,$190,$52,$114,114,$-0.06,$-0.06,$56,$146,$52,$423,$7564,$0,$309,$383,$8258,$8681,$518,$2867,$244,$4629,$5147,$1,$862,$65,$3534,$8681,$-96,$436,$105,$541,$71,$-52,$-94,$-13,$-34,$411,$-313,$0,$0,$0,$0,$0,$0,$-313,$-48,$0,$-48,$-14,$-14,$-5,$-24,$-91,$7,$0,$-5
37,2009-06-30,25.3,$31.06,0.81,$15.78,1.6,$-2.98,0.0,$-1.53,0.0,$0.48B,$0.58B,0.83,$2.98B,$3.54B,0.84,$1.83B,$1.36B,74.49%,$1.83B,$0.15B,7.94%,$1.83B,$0.15B,7.94%,$1.83B,$0.64B,35.08%,$1.83B,$-0.21B,-11.60%,$1.83B,$-0.17B,-9.41%,$-0.17B,$3.54B,-4.79%,$-0.17B,$3.23B,-5.24%,$-0.17B,$8.87B,-1.90%,$0.15B,$6.52B,2.22%,$273,$85,$188,$0,$57,$322,$-49,$-83,$-132,$-42,$-90,$-90,$-87,$85,$-49,$114,114,$-0.76,$-0.76,$64,$119,$71,$482,$7632,$0,$311,$447,$8391,$8873,$580,$2979,$216,$4752,$5332,$1,$875,$77,$3541,$8873,$-98,$298,$106,$404,$54,$-58,$-107,$8,$-57,$248,$-260,$0,$0,$0,$0,$0,$0,$-260,$69,$0,$69,$-18,$-18,$-5,$-19,$27,$16,$0,$-5
38,2009-03-31,16.34,$31.86,0.51,$18.80,0.87,$-2.72,0.0,$0.59,27.7,$0.45B,$0.49B,0.91,$3.08B,$3.63B,0.85,$2.20B,$1.72B,78.24%,$2.20B,$0.52B,23.72%,$2.20B,$0.52B,23.72%,$2.20B,$0.96B,43.71%,$2.20B,$0.20B,8.95%,$2.20B,$0.07B,3.13%,$0.07B,$3.63B,1.98%,$0.07B,$3.32B,2.17%,$0.07B,$9.05B,0.76%,$0.52B,$6.71B,8.22%,$478,$110,$367,$0,$62,$413,$65,$-75,$-11,$-1,$-10,$-10,$-15,$228,$65,$114,114,$-0.13,$-0.13,$44,$68,$126,$449,$7749,$0,$311,$543,$8603,$9052,$493,$3075,$204,$4928,$5422,$1,$968,$74,$3630,$9052,$-11,$163,$-61,$103,$42,$-34,$-111,$-17,$-68,$24,$-171,$0,$0,$0,$0,$0,$0,$-171,$171,$0,$171,$-19,$-19,$0,$-9,$143,$-4,$0,$0
39,2008-12-31,16.02,$32.12,0.5,$19.57,0.82,$-1.43,0.0,$1.81,8.85,$0.49B,$0.70B,0.7,$2.90B,$3.68B,0.79,$2.31B,$1.85B,79.98%,$2.31B,$0.72B,31.37%,$2.31B,$0.72B,31.37%,$2.31B,$1.08B,46.92%,$2.31B,$0.42B,18.24%,$2.31B,$0.21B,9.10%,$0.21B,$3.68B,6.28%,$0.21B,$3.37B,6.93%,$0.21B,$9.16B,2.32%,$0.72B,$6.58B,11.80%,$473,$162,$310,$0,$73,$441,$32,$-117,$-85,$22,$-107,$-62,$-65,$139,$32,$115,115,$-0.57,$-0.57,$48,$77,$75,$487,$7860,$0,$311,$504,$8675,$9162,$695,$2899,$208,$4787,$5482,$1,$989,$89,$3680,$9162,$232,$358,$548,$907,$45,$-82,$66,$-103,$-104,$1034,$-1151,$0,$0,$0,$0,$0,$0,$-1151,$226,$-8,$218,$-8,$-8,$-36,$-21,$154,$36,$0,$-36
40,2008-09-30,51.77,$29.86,1.73,$19.93,2.6,$-8.89,0.0,$4.10,12.63,$0.69B,$0.81B,0.84,$2.82B,$3.51B,0.8,$2.37B,$1.96B,82.63%,$2.37B,$0.85B,35.84%,$2.37B,$0.85B,35.84%,$2.37B,$1.16B,48.99%,$2.37B,$0.61B,25.82%,$2.37B,$0.48B,20.29%,$0.48B,$3.51B,15.08%,$0.48B,$3.20B,16.71%,$0.48B,$9.07B,5.39%,$0.85B,$6.33B,14.28%,$603,$107,$496,$0,$78,$506,$97,$-81,$16,$13,$3,$3,$-5,$189,$97,$118,118,$-0.04,$-0.04,$67,$146,$48,$685,$7697,$0,$311,$373,$8381,$9067,$814,$2823,$282,$4742,$5556,$1,$1064,$-90,$3511,$9067,$295,$251,$447,$698,$-39,$-55,$15,$-99,$-176,$817,$-885,$0,$0,$0,$0,$0,$0,$-885,$228,$0,$228,$-78,$-78,$-17,$-10,$123,$55,$0,$-17
41,2008-06-30,77.29,$26.39,2.93,$18.85,4.1,$-15.43,0.0,$4.97,15.55,$0.86B,$1.34B,0.64,$2.64B,$3.13B,0.85,$2.25B,$1.84B,81.49%,$2.25B,$0.95B,42.12%,$2.25B,$0.95B,42.12%,$2.25B,$1.25B,55.35%,$2.25B,$0.75B,33.24%,$2.25B,$0.59B,26.05%,$0.59B,$3.13B,19.11%,$0.59B,$2.82B,21.26%,$0.59B,$9.17B,6.69%,$0.95B,$5.77B,16.44%,$647,$97,$549,$0,$81,$318,$328,$-52,$277,$121,$156,$156,$154,$406,$328,$118,119,$1.30,$1.29,$43,$132,$8,$858,$7640,$0,$311,$356,$8307,$9165,$1339,$2642,$467,$4699,$6039,$1,$1087,$-546,$3126,$9165,$292,$159,$219,$378,$-99,$-41,$-1,$-38,$-159,$511,$-491,$0,$0,$0,$0,$0,$0,$-491,$49,$13,$62,$-22,$-22,$-17,$-12,$12,$31,$0,$-17
42,2008-03-31,48.5,$25.81,1.88,$17.05,2.85,$-20.80,0.0,$3.95,12.28,$0.69B,$1.02B,0.67,$2.80B,$3.05B,0.92,$2.05B,$1.63B,79.32%,$2.05B,$0.71B,34.83%,$2.05B,$0.71B,34.83%,$2.05B,$0.99B,48.15%,$2.05B,$0.53B,25.61%,$2.05B,$0.47B,22.88%,$0.47B,$3.05B,15.32%,$0.47B,$2.74B,17.05%,$0.47B,$8.75B,5.51%,$0.71B,$5.85B,12.61%,$585,$95,$491,$0,$75,$318,$267,$-54,$213,$86,$127,$127,$126,$349,$267,$118,118,$1.07,$1.07,$17,$124,$39,$689,$7418,$0,$311,$319,$8057,$8746,$1023,$2804,$289,$4672,$5695,$1,$934,$-318,$3051,$8746,$129,$81,$78,$159,$-14,$-26,$-34,$-45,$-110,$178,$-178,$0,$0,$0,$0,$0,$0,$-178,$46,$0,$46,$-26,$-26,$-0,$-15,$5,$5,$0,$-0
43,2007-12-31,48.09,$25.85,1.86,$15.09,3.19,$-23.38,0.0,$3.10,15.51,$0.77B,$0.99B,0.77,$2.76B,$3.04B,0.91,$1.83B,$1.41B,77.13%,$1.83B,$0.53B,28.82%,$1.83B,$0.53B,28.82%,$1.83B,$0.76B,41.59%,$1.83B,$0.36B,19.38%,$1.83B,$0.37B,20.36%,$0.37B,$3.04B,12.25%,$0.37B,$2.73B,13.64%,$0.37B,$8.62B,4.52%,$0.53B,$5.80B,9.76%,$531,$112,$419,$0,$35,$375,$156,$-51,$105,$-20,$125,$84,$205,$215,$156,$118,119,$1.74,$1.72,$12,$98,$214,$765,$7223,$0,$311,$308,$7852,$8617,$994,$2755,$270,$4580,$5574,$1,$822,$-228,$3043,$8617,$372,$234,$361,$594,$-97,$-11,$30,$-101,$-193,$773,$-1783,$0,$0,$0,$0,$0,$0,$-1783,$1251,$1,$1252,$-208,$-208,$-33,$2,$1013,$5,$0,$-33
44,2007-09-30,44.29,$26.07,1.7,$12.92,3.43,$-7.85,0.0,$1.61,27.51,$1.31B,$1.00B,1.3,$2.61B,$3.07B,0.85,$1.59B,$1.22B,76.77%,$1.59B,$0.44B,27.37%,$1.59B,$0.44B,27.37%,$1.59B,$0.65B,40.93%,$1.59B,$0.29B,18.08%,$1.59B,$0.20B,12.30%,$0.20B,$3.07B,6.47%,$0.20B,$2.75B,7.20%,$0.20B,$8.55B,2.47%,$0.44B,$5.68B,8.58%,$490,$114,$377,$0,$32,$292,$198,$-44,$154,$61,$93,$93,$102,$277,$198,$120,122,$0.85,$0.84,$19,$99,$91,$1307,$6663,$0,$311,$269,$7246,$8554,$1003,$2611,$221,$4485,$5489,$1,$622,$6,$3065,$8554,$168,$175,$382,$557,$-55,$-6,$12,$-78,$-187,$538,$-1405,$0,$0,$0,$0,$0,$0,$-1405,$1108,$0,$1108,$-205,$-205,$-16,$-9,$878,$12,$0,$-16
45,2007-06-30,47.81,$25.51,1.87,$12.04,3.97,$9.17,5.22,$1.41,33.91,$0.60B,$0.88B,0.68,$2.23B,$3.09B,0.72,$1.50B,$1.16B,76.95%,$1.50B,$0.39B,26.25%,$1.50B,$0.39B,26.25%,$1.50B,$0.55B,36.91%,$1.50B,$0.25B,16.79%,$1.50B,$0.18B,11.66%,$0.18B,$3.09B,5.82%,$0.18B,$2.78B,6.49%,$0.18B,$8.14B,2.32%,$0.39B,$5.32B,8.38%,$444,$105,$339,$0,$29,$352,$93,$-39,$53,$17,$37,$37,$36,$146,$93,$121,123,$0.30,$0.30,$25,$108,$106,$597,$7010,$0,$310,$220,$7541,$8138,$880,$2230,$269,$4167,$5048,$1,$539,$-33,$3090,$8138,$66,$96,$283,$380,$1,$-9,$-33,$-23,$-98,$347,$-986,$0,$0,$0,$0,$0,$0,$-986,$729,$0,$729,$-47,$-47,$-16,$-10,$657,$18,$0,$-16
46,2007-03-31,42.31,$24.58,1.72,$11.61,3.64,$25.50,1.66,$1.80,23.51,$0.51B,$0.93B,0.55,$1.86B,$2.98B,0.62,$1.47B,$1.13B,76.61%,$1.47B,$0.45B,30.80%,$1.47B,$0.45B,30.80%,$1.47B,$0.61B,41.60%,$1.47B,$0.32B,21.41%,$1.47B,$0.23B,15.43%,$0.23B,$2.98B,7.66%,$0.23B,$2.67B,8.56%,$0.23B,$7.70B,3.12%,$0.45B,$4.84B,10.26%,$367,$89,$278,$0,$33,$286,$81,$-38,$43,$15,$28,$28,$30,$124,$81,$122,123,$0.24,$0.24,$13,$96,$75,$514,$6654,$0,$310,$220,$7187,$7700,$932,$1859,$289,$3785,$4718,$1,$508,$-110,$2983,$7700,$30,$43,$92,$136,$-15,$2,$-25,$-17,$-35,$130,$-447,$0,$0,$0,$0,$0,$0,$-447,$360,$0,$360,$-29,$-29,$0,$-8,$324,$6,$0,$0
47,2006-12-31,38.83,$24.50,1.59,$11.71,3.32,$35.49,1.09,$5.84,6.65,$0.54B,$0.89B,0.61,$1.50B,$2.99B,0.5,$1.50B,$1.15B,76.62%,$1.50B,$0.44B,29.06%,$1.50B,$0.44B,29.06%,$1.50B,$0.59B,39.68%,$1.50B,$0.29B,19.51%,$1.50B,$0.74B,49.43%,$0.74B,$2.99B,25.03%,$0.74B,$2.68B,27.97%,$0.74B,$7.36B,10.38%,$0.44B,$4.48B,10.27%,$292,$63,$229,$0,$26,$228,$64,$-26,$38,$31,$7,$7,$28,$105,$64,$124,128,$0.32,$0.20,$7,$95,$116,$537,$6283,$0,$310,$226,$6819,$7355,$887,$1497,$331,$3484,$4371,$1,$497,$-115,$2985,$7355,$740,$160,$-84,$76,$121,$-48,$-36,$-71,$-61,$755,$146,$0,$0,$0,$0,$0,$0,$146,$-555,$1,$-554,$-332,$-332,$-32,$4,$-914,$-12,$0,$-32
