,Date,Stock Price,Book Value per Share,Price to Book Ratio,TTM Sales per Share,Price to Sales Ratio,TTM FCF per Share,Price to FCF Ratio,TTM Net EPS,PE Ratio,Current Assets,Current Liabilities,Current Ratio,Long Term Debt,Shareholder's Equity_x,Debt to Equity Ratio,TTM Revenue_x,TTM Gross Profit,Gross Margin,TTM Revenue_y,TTM Operating Income,Operating Margin,TTM Revenue_x,TTM EBIT,EBIT Margin,TTM Revenue_y,TTM EBITDA,EBITDA Margin,TTM Revenue_x,TTM Pre-Tax Income,Pre-Tax Margin,TTM Revenue_y,TTM Net Income_x,Net Margin,TTM Net Income_y,Shareholder's Equity_y,Return on Equity,TTM Net Income_x,Tangible Equity,Return on Tangible Equity,TTM Net Income_y,Total Assets,Return on Assets,TTM Net Income,LT Investments & Debt,Return on Investment,revenue,cost-goods-sold,gross-profit,research-development-expenses,selling-general-administrative-expenses,operating-expenses,operating-income,total-non-operating-income-expense,pre-tax-income,total-provision-income-taxes,income-after-taxes,income-from-continuous-operations,net-income,ebitda,ebit,basic-shares-outstanding,shares-outstanding,eps-basic-net-earnings-per-share,eps-earnings-per-share-diluted,cash-on-hand,inventory,other-current-assets,total-current-assets,net-property-plant-equipment,long-term-investments,goodwill-intangible-assets-total,other-long-term-assets,total-long-term-assets,total-assets,total-current-liabilities,long-term-debt,other-non-current-liabilities,total-long-term-liabilities,total-liabilities,common-stock-net,retained-earnings-accumulated-deficit,comprehensive-income,total-share-holder-equity,total-liabilities-share-holders-equity,net-income-loss,total-depreciation-amortization-cash-flow,other-non-cash-items,total-non-cash-items,change-in-accounts-receivable,change-in-inventories,change-in-accounts-payable,change-in-assets-liabilities,total-change-in-assets-liabilities,cash-flow-from-operating-activities,net-change-in-property-plant-equipment,net-change-in-intangible-assets,net-acquisitions-divestitures,net-change-in-short-term-investments,net-change-in-long-term-investments,net-change-in-investments-total,investing-activities-other,cash-flow-from-investing-activities,net-long-term-debt,net-current-debt,debt-issuance-retirement-net-total,net-common-equity-issued-repurchased,net-total-equity-issued-repurchased,total-common-preferred-stock-dividends-paid,financial-activities-other,cash-flow-from-financial-activities,net-cash-flow,stock-based-compensation,common-stock-dividends-paid
0,2018-09-30,9.54,$1.41,6.78,$2.18,4.38,$2.50,3.81,$0.56,17.04,$0.07B,$0.03B,2.17,$0.00B,$0.10B,0.0,$0.16B,$0.16B,100.00%,$0.16B,$0.08B,51.92%,$0.16B,$0.08B,51.92%,$0.16B,$0.08B,51.92%,$0.16B,$0.10B,66.67%,$0.16B,$0.01B,6.41%,$0.01B,$0.10B,10.81%,$0.01B,$0.10B,10.81%,$0.01B,$0.17B,6.35%,$0.08B,$0.10B,87.57%,$40,$0,$40,$0,$19,$19,$20,$1,$21,$1,$19,$19,$4,$20,$20,$17,72,$0.24,$0.22,$33,$0,$0,$71,$6,$58,$0,$0,$100,$170,$33,$0,$40,$40,$73,$0,$27,$0,$97,$170,$54,$1,$11,$12,$-1,$0,$0,$-2,$1,$68,$-0,$0,$0,$-35,$0,$-35,$0,$-35,$0,$0,$0,$-2,$-2,$-9,$-53,$-64,$-31,$7,$-9
1,2018-06-30,9.18,$1.33,6.91,$2.14,4.29,$2.23,4.11,$0.51,18.0,$0.09B,$0.02B,3.9,$0.00B,$0.09B,0.0,$0.15B,$0.15B,100.00%,$0.15B,$0.08B,51.97%,$0.15B,$0.08B,51.97%,$0.15B,$0.08B,52.63%,$0.15B,$0.10B,67.76%,$0.15B,$0.01B,5.92%,$0.01B,$0.09B,9.81%,$0.01B,$0.09B,9.81%,$0.01B,$0.16B,5.52%,$0.08B,$0.09B,86.10%,$38,$0,$38,$0,$19,$19,$20,$-0,$20,$2,$17,$17,$3,$20,$20,$18,72,$0.20,$0.20,$54,$0,$0,$91,$6,$21,$0,$0,$64,$155,$23,$0,$39,$39,$62,$0,$23,$0,$92,$155,$35,$1,$8,$9,$0,$0,$0,$0,$-5,$39,$-0,$0,$0,$-0,$0,$-0,$-1,$-1,$0,$0,$0,$-0,$-0,$-8,$-41,$-49,$-11,$5,$-8
2,2018-03-31,11.06,$1.19,9.26,$2.09,5.3,$2.03,5.45,$0.46,24.03,$0.07B,$0.02B,4.42,$0.00B,$0.08B,0.0,$0.15B,$0.15B,100.00%,$0.15B,$0.08B,51.35%,$0.15B,$0.08B,51.35%,$0.15B,$0.08B,52.03%,$0.15B,$0.10B,67.57%,$0.15B,$0.01B,6.08%,$0.01B,$0.08B,9.97%,$0.01B,$0.08B,9.97%,$0.01B,$0.14B,5.33%,$0.08B,$0.08B,84.21%,$39,$0,$39,$0,$19,$19,$20,$-0,$20,$2,$18,$18,$4,$20,$20,$18,72,$0.20,$0.20,$28,$0,$0,$71,$6,$21,$0,$0,$65,$136,$16,$0,$38,$38,$54,$0,$20,$-0,$82,$136,$18,$0,$4,$5,$-5,$0,$1,$0,$-17,$5,$0,$0,$0,$0,$0,$0,$-1,$-1,$0,$0,$0,$-3,$-3,$-8,$-30,$-41,$-36,$2,$-8
3,2017-12-31,10.19,$1.44,7.06,$2.00,5.11,$1.95,5.22,$0.38,26.82,$0.10B,$0.03B,3.16,$0.00B,$0.10B,0.0,$0.14B,$0.14B,100.00%,$0.14B,$0.07B,48.94%,$0.14B,$0.07B,48.94%,$0.14B,$0.07B,49.65%,$0.14B,$0.09B,66.67%,$0.14B,$0.01B,4.96%,$0.01B,$0.10B,7.82%,$0.01B,$0.10B,7.82%,$0.01B,$0.17B,3.99%,$0.07B,$0.10B,77.09%,$39,$0,$39,$0,$18,$18,$21,$22,$43,$28,$15,$15,$-1,$21,$21,$17,71,$-0.05,$-0.04,$64,$0,$0,$101,$6,$22,$0,$0,$68,$169,$32,$0,$38,$38,$70,$0,$24,$-0,$99,$169,$60,$1,$17,$18,$-7,$0,$0,$-2,$-11,$68,$-0,$0,$0,$1,$0,$1,$-0,$1,$0,$0,$0,$-1,$-1,$-6,$-40,$-48,$20,$10,$-6
4,2017-09-30,10.37,$1.37,7.59,$1.87,5.55,$1.85,5.6,$0.71,14.61,$0.09B,$0.03B,3.0,$0.00B,$0.09B,0.0,$0.13B,$0.13B,100.00%,$0.13B,$0.06B,47.33%,$0.13B,$0.06B,47.33%,$0.13B,$0.06B,48.09%,$0.13B,$0.02B,12.98%,$0.13B,$0.02B,14.50%,$0.02B,$0.09B,22.35%,$0.02B,$0.09B,22.35%,$0.02B,$0.19B,10.69%,$0.06B,$0.09B,72.94%,$36,$0,$36,$0,$18,$18,$18,$1,$20,$2,$17,$17,$3,$19,$18,$17,71,$0.17,$0.17,$53,$0,$0,$87,$6,$28,$0,$0,$105,$192,$29,$0,$69,$69,$98,$0,$26,$0,$94,$192,$45,$1,$10,$11,$-5,$0,$1,$-2,$-8,$48,$-0,$0,$0,$0,$0,$0,$-0,$-0,$0,$0,$0,$-1,$-1,$-6,$-36,$-42,$5,$8,$-6
5,2017-06-30,9.65,$1.26,7.64,$1.75,5.52,$1.79,5.38,$0.66,14.63,$0.07B,$0.02B,3.18,$0.00B,$0.09B,0.0,$0.12B,$0.12B,100.00%,$0.12B,$0.06B,45.90%,$0.12B,$0.06B,45.90%,$0.12B,$0.06B,45.90%,$0.12B,$0.01B,7.38%,$0.12B,$0.02B,14.75%,$0.02B,$0.09B,23.45%,$0.02B,$0.09B,23.45%,$0.02B,$0.18B,11.54%,$0.06B,$0.09B,72.96%,$34,$0,$34,$0,$17,$17,$17,$1,$17,$2,$15,$15,$3,$17,$17,$17,71,$0.15,$0.15,$39,$0,$0,$72,$7,$27,$0,$0,$106,$178,$23,$0,$69,$69,$91,$0,$23,$-0,$86,$178,$28,$1,$6,$7,$-3,$0,$1,$-2,$-11,$24,$-0,$0,$0,$-0,$0,$-0,$-0,$-1,$0,$0,$0,$-1,$-1,$-5,$-25,$-31,$-8,$5,$-5
6,2017-03-31,9.32,$1.15,8.09,$1.65,5.65,$1.86,5.02,$0.60,15.54,$0.06B,$0.02B,3.62,$0.00B,$0.08B,0.0,$0.11B,$0.11B,100.00%,$0.11B,$0.05B,43.86%,$0.11B,$0.05B,43.86%,$0.11B,$0.05B,44.74%,$0.11B,$0.00B,3.51%,$0.11B,$0.02B,14.04%,$0.02B,$0.08B,23.02%,$0.02B,$0.08B,23.02%,$0.02B,$0.16B,11.85%,$0.05B,$0.08B,71.94%,$32,$0,$32,$0,$19,$19,$13,$1,$14,$2,$13,$13,$2,$13,$13,$17,71,$0.13,$0.12,$24,$0,$0,$56,$7,$25,$0,$0,$106,$162,$15,$0,$68,$68,$83,$0,$21,$-0,$79,$162,$13,$0,$3,$3,$-2,$0,$1,$-2,$-16,$-0,$-0,$0,$0,$-0,$0,$-0,$-0,$-1,$0,$0,$0,$-0,$-0,$-5,$-17,$-22,$-23,$3,$-5
7,2016-12-31,10.24,$1.20,8.54,$1.58,6.5,$2.05,5.0,$0.58,17.66,$0.08B,$0.03B,2.8,$0.00B,$0.08B,0.0,$0.11B,$0.11B,100.00%,$0.11B,$0.05B,43.52%,$0.11B,$0.05B,43.52%,$0.11B,$0.05B,45.37%,$0.11B,0,0.00%,$0.11B,$0.02B,14.81%,$0.02B,$0.08B,24.81%,$0.02B,$0.08B,24.81%,$0.02B,$0.18B,13.70%,$0.05B,$0.08B,72.87%,$29,$0,$29,$0,$15,$15,$14,$-48,$-34,$-57,$23,$23,$11,$14,$14,$16,69,$0.68,$0.70,$47,$0,$0,$76,$7,$22,$0,$0,$103,$179,$27,$0,$71,$71,$98,$0,$22,$-0,$81,$179,$54,$1,$-0,$1,$-5,$0,$-0,$-2,$4,$59,$-0,$0,$0,$0,$0,$0,$0,$0,$0,$0,$0,$-1,$-1,$-6,$-43,$-50,$8,$7,$-6
8,2016-09-30,7.07,$0.91,7.76,$1.56,4.53,$1.95,3.62,$0.43,16.44,$0.06B,$0.02B,2.77,$0.00B,$0.06B,0.0,$0.11B,$0.11B,100.00%,$0.11B,$0.05B,42.99%,$0.11B,$0.05B,42.99%,$0.11B,$0.05B,44.86%,$0.11B,$0.05B,45.79%,$0.11B,$0.01B,6.54%,$0.01B,$0.06B,10.69%,$0.01B,$0.06B,10.69%,$0.01B,$0.11B,6.97%,$0.05B,$0.06B,70.23%,$27,$0,$27,$0,$15,$15,$12,$0,$12,$0,$12,$12,$2,$12,$12,$16,69,$0.13,$0.12,$35,$0,$0,$63,$7,$20,$0,$0,$42,$105,$23,$0,$21,$21,$44,$0,$12,$-0,$61,$105,$31,$1,$7,$8,$-3,$0,$0,$-2,$4,$42,$-0,$0,$0,$0,$0,$0,$-0,$0,$0,$0,$0,$-2,$-2,$-6,$-39,$-47,$-4,$5,$-6
9,2016-06-30,6.96,$0.85,8.16,$1.62,4.3,$1.99,3.5,$0.44,15.82,$0.05B,$0.02B,2.99,$0.00B,$0.06B,0.0,$0.11B,$0.11B,100.00%,$0.11B,$0.05B,45.05%,$0.11B,$0.05B,45.05%,$0.11B,$0.05B,47.75%,$0.11B,$0.05B,43.24%,$0.11B,$0.01B,6.31%,$0.01B,$0.06B,10.26%,$0.01B,$0.06B,10.26%,$0.01B,$0.09B,6.75%,$0.05B,$0.06B,72.99%,$26,$0,$26,$0,$15,$15,$11,$0,$12,$2,$9,$9,$1,$12,$11,$16,69,$0.09,$0.09,$28,$0,$0,$53,$7,$19,$0,$0,$41,$94,$18,$0,$19,$19,$37,$0,$10,$-0,$57,$94,$19,$1,$5,$6,$0,$0,$0,$-2,$3,$28,$-0,$0,$0,$0,$0,$0,$-0,$-0,$0,$0,$0,$-1,$-1,$-5,$-31,$-38,$-11,$3,$-5
10,2016-03-31,6.88,$0.88,7.83,$1.67,4.13,$1.94,3.55,$0.48,14.34,$0.05B,$0.01B,3.83,$0.00B,$0.06B,0.0,$0.12B,$0.12B,100.00%,$0.12B,$0.05B,45.22%,$0.12B,$0.05B,45.22%,$0.12B,$0.05B,46.96%,$0.12B,$0.05B,42.61%,$0.12B,$0.01B,6.96%,$0.01B,$0.06B,11.11%,$0.01B,$0.06B,11.11%,$0.01B,$0.09B,7.44%,$0.05B,$0.06B,71.72%,$26,$0,$26,$0,$16,$16,$10,$-1,$10,$0,$9,$9,$2,$11,$10,$15,68,$0.11,$0.10,$24,$0,$0,$48,$8,$18,$0,$0,$41,$89,$13,$0,$18,$18,$30,$0,$9,$-0,$59,$89,$9,$0,$2,$3,$1,$0,$0,$-0,$0,$12,$1,$0,$0,$-2,$0,$-2,$-0,$-1,$0,$0,$0,$-1,$-1,$-5,$-20,$-26,$-15,$2,$-5
11,2015-12-31,7.46,$1.27,5.88,$1.71,4.36,$1.82,4.1,$0.50,14.92,$0.06B,$0.01B,6.3,$0.00B,$0.09B,0.0,$0.12B,$0.12B,100.00%,$0.12B,$0.06B,46.61%,$0.12B,$0.06B,46.61%,$0.12B,$0.06B,47.46%,$0.12B,$0.05B,44.07%,$0.12B,$0.01B,6.78%,$0.01B,$0.09B,10.60%,$0.01B,$0.09B,10.60%,$0.01B,$0.11B,7.21%,$0.06B,$0.09B,72.37%,$28,$0,$28,$0,$15,$15,$13,$2,$15,$3,$12,$12,$2,$13,$13,$14,68,$0.15,$0.17,$39,$0,$0,$64,$8,$27,$0,$0,$50,$114,$10,$0,$19,$19,$29,$0,$12,$-0,$85,$114,$47,$1,$19,$20,$0,$0,$-1,$-6,$-10,$57,$-6,$0,$0,$1,$0,$1,$-1,$-6,$0,$0,$0,$-4,$-4,$-5,$-46,$-55,$-4,$11,$-5
12,2015-09-30,7.7,$1.10,7.02,$1.73,4.46,$1.86,4.15,$0.52,14.8,$0.06B,$0.02B,2.82,$0.00B,$0.07B,0.0,$0.12B,$0.12B,100.00%,$0.12B,$0.06B,47.90%,$0.12B,$0.06B,47.90%,$0.12B,$0.06B,48.74%,$0.12B,$0.05B,43.70%,$0.12B,$0.01B,6.72%,$0.01B,$0.07B,10.60%,$0.01B,$0.07B,10.60%,$0.01B,$0.12B,7.24%,$0.06B,$0.07B,75.00%,$31,$0,$31,$0,$15,$15,$16,$-5,$11,$1,$10,$10,$2,$17,$16,$15,68,$0.13,$0.13,$37,$0,$0,$64,$8,$28,$0,$0,$54,$118,$23,$0,$22,$23,$45,$0,$11,$-0,$72,$118,$35,$1,$11,$12,$-2,$0,$0,$-5,$4,$51,$-6,$0,$0,$0,$0,$0,$-0,$-6,$0,$0,$0,$-3,$-3,$-5,$-42,$-50,$-5,$4,$-5
13,2015-06-30,9.53,$1.09,8.76,$1.71,5.56,$1.88,5.08,$0.53,17.98,$0.05B,$0.02B,3.06,$0.00B,$0.07B,0.01,$0.12B,$0.12B,100.00%,$0.12B,$0.06B,49.15%,$0.12B,$0.06B,49.15%,$0.12B,$0.06B,49.15%,$0.12B,$0.06B,46.61%,$0.12B,$0.01B,6.78%,$0.01B,$0.07B,11.03%,$0.01B,$0.07B,11.03%,$0.01B,$0.11B,7.60%,$0.06B,$0.07B,79.45%,$30,$0,$30,$0,$16,$16,$13,$0,$13,$1,$13,$13,$2,$13,$13,$13,68,$0.15,$0.13,$28,$0,$0,$54,$8,$33,$0,$0,$55,$109,$18,$1,$19,$19,$37,$0,$9,$0,$72,$109,$24,$0,$6,$6,$-1,$0,$1,$-6,$-1,$29,$-6,$0,$0,$0,$0,$0,$-0,$-5,$0,$0,$0,$-1,$-1,$-5,$-33,$-39,$-15,$3,$-5
14,2015-03-31,7.88,$1.11,7.13,$1.69,4.66,$1.88,4.2,$0.53,14.87,$0.05B,$0.01B,4.12,$0.00B,$0.07B,0.0,$0.12B,$0.12B,100.00%,$0.12B,$0.06B,52.59%,$0.12B,$0.06B,52.59%,$0.12B,$0.06B,52.59%,$0.12B,$0.06B,48.28%,$0.12B,$0.01B,6.90%,$0.01B,$0.07B,11.72%,$0.01B,$0.07B,11.72%,$0.01B,$0.10B,8.08%,$0.06B,$0.07B,88.73%,$29,$0,$29,$0,$16,$16,$13,$-0,$13,$1,$12,$12,$2,$13,$13,$13,68,$0.12,$0.12,$25,$0,$0,$50,$6,$32,$0,$0,$52,$103,$12,$0,$17,$17,$29,$0,$8,$0,$73,$103,$12,$0,$2,$3,$-1,$0,$0,$-6,$-6,$8,$-3,$0,$0,$1,$0,$1,$-0,$-2,$0,$0,$0,$1,$1,$-4,$-20,$-24,$-18,$1,$-4
15,2014-12-31,7.84,$1.29,6.08,$1.66,4.72,$1.97,3.97,$0.52,15.07,$0.07B,$0.01B,8.07,$0.00B,$0.09B,0.0,$0.11B,$0.11B,100.00%,$0.11B,$0.06B,54.87%,$0.11B,$0.06B,54.87%,$0.11B,$0.06B,54.87%,$0.11B,$0.06B,50.44%,$0.11B,$0.01B,6.19%,$0.01B,$0.09B,11.07%,$0.01B,$0.09B,11.07%,$0.01B,$0.11B,7.57%,$0.06B,$0.09B,97.25%,$29,$0,$29,$0,$14,$14,$15,$-0,$15,$1,$14,$14,$2,$15,$15,$13,68,$0.19,$0.15,$42,$0,$0,$67,$3,$28,$0,$0,$45,$112,$8,$0,$18,$19,$27,$0,$10,$0,$85,$112,$55,$0,$12,$13,$8,$0,$1,$-17,$-12,$55,$-2,$0,$0,$-0,$0,$-0,$0,$-3,$0,$0,$0,$-3,$-3,$-4,$-40,$-48,$5,$9,$-4
16,2014-09-30,7.89,$0.93,8.52,$1.67,4.73,$1.85,4.27,$0.53,14.88,$0.07B,$0.02B,3.59,$0.00B,$0.06B,0.01,$0.11B,$0.11B,100.00%,$0.11B,$0.06B,56.64%,$0.11B,$0.06B,56.64%,$0.11B,$0.06B,56.64%,$0.11B,$0.06B,53.10%,$0.11B,$0.01B,6.19%,$0.01B,$0.06B,12.33%,$0.01B,$0.06B,12.33%,$0.01B,$0.10B,8.28%,$0.06B,$0.06B,111.79%,$30,$0,$30,$0,$13,$13,$17,$-2,$14,$-0,$15,$15,$2,$17,$17,$13,68,$0.16,$0.14,$40,$0,$0,$66,$1,$15,$0,$0,$31,$97,$18,$0,$18,$18,$37,$0,$8,$0,$60,$97,$41,$0,$7,$7,$-1,$0,$0,$-9,$-2,$46,$-0,$0,$0,$-0,$0,$-0,$-0,$-0,$0,$0,$0,$-1,$-1,$-4,$-37,$-42,$3,$4,$-4
17,2014-06-30,9.19,$0.85,10.82,$1.59,5.78,$1.74,5.28,$0.51,18.02,$0.06B,$0.01B,4.05,$0.00B,$0.06B,0.01,$0.11B,$0.11B,100.00%,$0.11B,$0.06B,56.07%,$0.11B,$0.06B,56.07%,$0.11B,$0.06B,56.07%,$0.11B,$0.06B,52.34%,$0.11B,$0.01B,6.54%,$0.01B,$0.06B,12.96%,$0.01B,$0.06B,12.96%,$0.01B,$0.08B,8.75%,$0.06B,$0.06B,110.09%,$28,$0,$28,$0,$12,$12,$16,$-1,$14,$-0,$14,$14,$2,$16,$16,$12,68,$0.17,$0.13,$29,$0,$0,$55,$1,$15,$0,$0,$29,$84,$14,$1,$14,$15,$29,$0,$7,$0,$55,$84,$27,$0,$4,$4,$-1,$0,$1,$-9,$-7,$24,$-0,$0,$0,$-0,$0,$-0,$-0,$-0,$0,$0,$0,$-0,$-0,$-4,$-28,$-32,$-8,$3,$-4
18,2014-03-31,9.66,$0.81,11.91,$1.51,6.39,$1.69,5.7,$0.48,20.13,$0.05B,$0.01B,4.33,$0.00B,$0.05B,0.01,$0.10B,$0.10B,100.00%,$0.10B,$0.06B,54.46%,$0.10B,$0.06B,54.46%,$0.10B,$0.06B,54.46%,$0.10B,$0.05B,53.47%,$0.10B,$0.01B,5.94%,$0.01B,$0.05B,11.71%,$0.01B,$0.05B,11.71%,$0.01B,$0.08B,7.95%,$0.06B,$0.05B,106.28%,$26,$0,$26,$0,$12,$12,$14,$-0,$14,$2,$12,$12,$1,$14,$14,$12,68,$0.12,$0.11,$26,$0,$0,$52,$1,$13,$0,$0,$25,$77,$12,$1,$12,$12,$24,$0,$5,$0,$53,$77,$12,$0,$3,$3,$-0,$0,$5,$-6,$-4,$11,$-0,$0,$0,$0,$0,$0,$-0,$-0,$0,$0,$0,$0,$0,$-3,$-16,$-19,$-8,$1,$-3
19,2013-12-31,9.43,$0.90,10.46,$1.44,6.56,$1.64,5.74,$0.46,20.49,$0.06B,$0.01B,10.66,$0.00B,$0.06B,0.01,$0.10B,$0.10B,100.00%,$0.10B,$0.05B,52.08%,$0.10B,$0.05B,52.08%,$0.10B,$0.05B,52.08%,$0.10B,$0.05B,51.04%,$0.10B,$0.01B,6.25%,$0.01B,$0.06B,12.18%,$0.01B,$0.06B,12.18%,$0.01B,$0.08B,8.30%,$0.05B,$0.06B,100.00%,$29,$0,$29,$0,$12,$12,$17,$1,$18,$2,$16,$16,$2,$17,$17,$12,67,$0.20,$0.14,$34,$0,$0,$59,$1,$8,$0,$0,$21,$80,$6,$1,$15,$16,$22,$0,$6,$0,$59,$80,$48,$0,$6,$6,$-9,$0,$-0,$1,$-10,$44,$-0,$0,$0,$-1,$0,$-1,$-0,$-2,$0,$0,$0,$-2,$-2,$-3,$-36,$-41,$1,$6,$-3
20,2013-09-30,5.41,$0.76,7.15,$1.30,4.16,$1.47,3.69,$0.39,13.88,$0.06B,$0.02B,3.93,$0.00B,$0.05B,0.02,$0.09B,$0.09B,100.00%,$0.09B,$0.04B,48.84%,$0.09B,$0.04B,48.84%,$0.09B,$0.04B,48.84%,$0.09B,$0.04B,47.67%,$0.09B,$0.01B,5.81%,$0.01B,$0.05B,10.75%,$0.01B,$0.05B,10.75%,$0.01B,$0.08B,7.30%,$0.04B,$0.05B,88.42%,$24,$0,$24,$0,$11,$11,$13,$-3,$10,$-2,$12,$12,$2,$13,$13,$12,67,$0.16,$0.12,$36,$0,$0,$58,$1,$7,$0,$0,$21,$79,$15,$1,$15,$16,$30,$0,$5,$0,$49,$79,$32,$0,$4,$4,$-5,$0,$0,$0,$2,$38,$-0,$0,$0,$0,$-1,$-1,$-0,$-2,$0,$0,$0,$-2,$-2,$-3,$-29,$-34,$2,$4,$-3
21,2013-06-30,5.18,$0.68,7.59,$1.23,4.22,$1.41,3.68,$0.36,14.4,$0.05B,$0.01B,4.59,$0.00B,$0.04B,0.02,$0.08B,$0.08B,100.00%,$0.08B,$0.04B,46.91%,$0.08B,$0.04B,46.91%,$0.08B,$0.04B,46.91%,$0.08B,$0.04B,48.15%,$0.08B,$0.00B,4.94%,$0.00B,$0.04B,8.89%,$0.00B,$0.04B,8.89%,$0.00B,$0.07B,5.95%,$0.04B,$0.05B,82.61%,$22,$0,$22,$0,$11,$11,$11,$0,$12,$1,$10,$10,$1,$11,$11,$12,67,$0.10,$0.10,$27,$0,$0,$46,$1,$8,$0,$0,$19,$66,$10,$1,$11,$12,$22,$0,$3,$0,$44,$66,$20,$0,$3,$3,$-4,$0,$0,$-1,$-3,$20,$-0,$0,$0,$0,$-1,$-1,$-0,$-1,$0,$0,$0,$-2,$-2,$-2,$-22,$-26,$-7,$3,$-2
22,2013-03-31,5.14,$0.69,7.45,$2.63,1.95,$3.13,1.64,$0.32,16.07,$0.05B,$0.01B,5.43,$0.00B,$0.05B,0.03,$0.08B,$0.08B,100.00%,$0.08B,$0.04B,45.45%,$0.08B,$0.04B,45.45%,$0.08B,$0.04B,46.75%,$0.08B,$0.04B,46.75%,$0.08B,$0.00B,5.19%,$0.00B,$0.05B,9.14%,$0.00B,$0.05B,9.14%,$0.00B,$0.06B,5.99%,$0.04B,$0.05B,78.21%,$21,$0,$21,$0,$11,$11,$9,$-0,$9,$-0,$10,$10,$1,$9,$9,$11,67,$0.10,$0.09,$25,$0,$0,$45,$1,$7,$0,$0,$19,$64,$8,$1,$10,$11,$20,$0,$2,$0,$45,$64,$10,$0,$1,$1,$-4,$0,$2,$-0,$-4,$7,$0,$0,$0,$0,$-1,$-1,$-0,$-1,$0,$0,$0,$-1,$-1,$-2,$-12,$-14,$-8,$1,$-2
23,2012-12-31,4.16,$0.74,5.61,$2.62,1.59,$3.15,1.32,$0.32,13.01,$0.05B,$0.00B,11.33,$0.00B,$0.05B,0.03,$0.08B,$0.08B,100.00%,$0.08B,$0.04B,47.37%,$0.08B,$0.04B,47.37%,$0.08B,$0.04B,48.68%,$0.08B,$0.04B,48.68%,$0.08B,$0.00B,5.26%,$0.00B,$0.05B,9.36%,$0.00B,$0.05B,9.36%,$0.00B,$0.07B,5.99%,$0.04B,$0.05B,82.29%,$19,$0,$19,$0,$10,$10,$9,$0,$10,$1,$9,$9,$1,$9,$9,$11,65,$0.08,$0.08,$34,$0,$0,$49,$1,$5,$0,$0,$16,$65,$4,$1,$11,$12,$17,$0,$3,$0,$48,$65,$34,$0,$4,$4,$0,$0,$0,$0,$-6,$32,$-0,$0,$0,$0,$0,$0,$-0,$-0,$0,$0,$0,$-1,$-1,$-3,$-31,$-34,$-2,$3,$-3
24,2012-09-30,3.99,$0.66,6.03,$2.62,1.53,$3.37,1.19,$0.28,14.26,$0.06B,$0.02B,3.4,$0.00B,$0.04B,0.03,$0.08B,$0.08B,100.00%,$0.08B,$0.03B,40.79%,$0.08B,$0.03B,40.79%,$0.08B,$0.03B,42.11%,$0.08B,$0.03B,43.42%,$0.08B,$0.00B,3.95%,$0.00B,$0.04B,7.10%,$0.00B,$0.04B,7.10%,$0.00B,$0.07B,4.46%,$0.03B,$0.04B,71.26%,$19,$0,$19,$0,$9,$9,$9,$-1,$8,$-1,$9,$9,$1,$9,$9,$11,65,$0.12,$0.09,$39,$0,$0,$58,$1,$5,$0,$0,$16,$74,$17,$1,$13,$14,$31,$0,$2,$0,$43,$74,$26,$0,$3,$3,$-3,$0,$2,$0,$5,$33,$-0,$0,$0,$0,$0,$0,$-0,$-0,$0,$0,$0,$-0,$-0,$-3,$-27,$-30,$3,$2,$-3
25,2012-06-30,3.37,$0.60,5.63,$4.32,0.78,$7.28,0.46,$0.24,14.06,$0.05B,$0.01B,3.87,$0.00B,$0.04B,0.04,$0.08B,$0.08B,100.00%,$0.08B,$0.03B,41.56%,$0.08B,$0.03B,41.56%,$0.08B,$0.03B,42.86%,$0.08B,$0.03B,44.16%,$0.08B,$0.00B,2.60%,$0.00B,$0.04B,4.68%,$0.00B,$0.04B,4.68%,$0.00B,$0.06B,3.01%,$0.03B,$0.04B,73.14%,$18,$0,$18,$0,$10,$10,$8,$0,$9,$2,$7,$7,$1,$9,$8,$11,11,$0.06,$0.06,$33,$0,$0,$50,$1,$5,$0,$0,$14,$64,$13,$1,$11,$12,$25,$0,$1,$0,$39,$64,$17,$0,$2,$2,$-1,$0,$1,$0,$3,$21,$-0,$0,$0,$0,$0,$0,$0,$0,$0,$0,$0,$-0,$-0,$-2,$-22,$-25,$-3,$1,$-2
26,2012-03-31,4.43,$0.63,7.04,$4.84,0.91,$7.86,0.56,$0.27,16.41,$0.05B,$0.01B,4.49,$0.00B,$0.04B,0.04,$0.08B,$0.08B,100.00%,$0.08B,$0.04B,44.44%,$0.08B,$0.04B,44.44%,$0.08B,$0.04B,44.44%,$0.08B,$0.04B,43.21%,$0.08B,$0.00B,2.47%,$0.00B,$0.04B,4.57%,$0.00B,$0.04B,4.57%,$0.00B,$0.06B,2.99%,$0.04B,$0.04B,80.90%,$20,$0,$20,$0,$10,$10,$10,$0,$10,$0,$10,$10,$1,$10,$10,$11,65,$0.10,$0.09,$29,$0,$0,$49,$1,$5,$0,$0,$15,$64,$11,$2,$11,$12,$23,$0,$1,$0,$41,$64,$10,$0,$0,$0,$-4,$0,$3,$0,$-2,$8,$0,$0,$0,$0,$0,$0,$0,$0,$0,$0,$0,$0,$0,$-2,$-13,$-15,$-7,$1,$-2
27,2011-12-31,3.17,$0.72,4.43,$4.88,0.65,$7.93,0.4,$0.29,10.94,$0.05B,$0.01B,8.59,$0.00B,$0.05B,0.04,$0.08B,$0.08B,100.00%,$0.08B,$0.04B,44.58%,$0.08B,$0.04B,44.58%,$0.08B,$0.04B,45.78%,$0.08B,$0.04B,44.58%,$0.08B,$0.00B,3.61%,$0.00B,$0.05B,6.82%,$0.00B,$0.05B,6.82%,$0.00B,$0.07B,4.55%,$0.04B,$0.05B,83.15%,$19,$0,$19,$0,$15,$15,$4,$2,$6,$2,$4,$4,$0,$4,$4,$10,65,$0.02,$0.07,$36,$0,$0,$52,$1,$5,$0,$0,$15,$67,$6,$2,$13,$14,$20,$0,$2,$0,$46,$67,$33,$0,$10,$11,$1,$0,$-0,$1,$2,$46,$-0,$0,$0,$0,$0,$0,$-0,$-0,$0,$0,$0,$0,$0,$-1,$-26,$-27,$19,$5,$-1
28,2011-09-30,2.38,$0.70,3.42,$4.90,0.49,$7.87,0.3,$0.35,6.81,$0.05B,$0.01B,4.14,$0.00B,$0.05B,0.0,$0.09B,$0.09B,100.00%,$0.09B,$0.04B,51.76%,$0.09B,$0.04B,51.76%,$0.09B,$0.05B,52.94%,$0.09B,$0.04B,48.24%,$0.09B,$0.00B,4.71%,$0.00B,$0.05B,9.76%,$0.00B,$0.05B,9.76%,$0.00B,$0.07B,6.53%,$0.04B,$0.05B,107.32%,$20,$0,$20,$0,$10,$10,$10,$-1,$9,$2,$8,$8,$0,$10,$10,$10,10,$0.05,$0.05,$38,$0,$0,$54,$2,$5,$0,$0,$17,$71,$13,$0,$13,$13,$26,$0,$2,$0,$45,$71,$29,$0,$6,$6,$0,$0,$0,$0,$9,$44,$-0,$0,$0,$0,$0,$0,$-1,$-1,$0,$0,$0,$0,$0,$-1,$-22,$-23,$20,$3,$-1
29,2011-06-30,4.11,$0.67,6.12,$3.19,1.29,$4.06,1.01,$0.39,10.53,$0.05B,$0.01B,4.91,$0.00B,$0.04B,0.0,$0.08B,$0.08B,100.00%,$0.08B,$0.04B,51.81%,$0.08B,$0.04B,51.81%,$0.08B,$0.04B,53.01%,$0.08B,$0.04B,48.19%,$0.08B,$0.01B,6.02%,$0.01B,$0.04B,12.90%,$0.01B,$0.04B,12.90%,$0.01B,$0.07B,8.70%,$0.04B,$0.04B,110.97%,$22,$0,$22,$0,$10,$10,$12,$-2,$10,$-1,$11,$11,$1,$12,$12,$10,10,$0.09,$0.09,$27,$0,$0,$47,$2,$6,$0,$0,$19,$66,$10,$0,$13,$13,$22,$0,$2,$0,$43,$66,$22,$0,$3,$3,$-4,$0,$0,$0,$1,$26,$-0,$0,$0,$0,$0,$0,$-1,$-1,$0,$0,$0,$0,$0,$-1,$-16,$-16,$9,$2,$-1
30,2011-03-31,5.08,$0.65,7.86,$3.00,1.69,$4.09,1.24,$0.35,14.51,$0.04B,$0.01B,5.48,$0.00B,$0.04B,0.0,$0.08B,$0.08B,100.00%,$0.08B,$0.04B,51.25%,$0.08B,$0.04B,51.25%,$0.08B,$0.04B,52.50%,$0.08B,$0.04B,50.00%,$0.08B,$0.00B,5.00%,$0.00B,$0.04B,10.81%,$0.00B,$0.04B,10.81%,$0.00B,$0.06B,7.44%,$0.04B,$0.04B,110.81%,$22,$0,$22,$0,$10,$10,$11,$0,$12,$1,$11,$11,$2,$12,$11,$9,65,$0.18,$0.11,$23,$0,$0,$41,$2,$7,$0,$0,$18,$60,$8,$0,$10,$10,$18,$0,$1,$0,$42,$60,$11,$0,$1,$1,$-1,$0,$2,$-0,$1,$13,$-0,$0,$0,$0,$0,$0,$-1,$-1,$0,$0,$0,$0,$0,$-0,$-6,$-7,$6,$1,$-0
31,2010-12-31,5.29,$0.52,10.07,$2.96,1.78,$4.05,1.31,$0.33,16.02,$0.03B,$0.00B,8.84,$0.00B,$0.03B,0.0,$0.08B,$0.08B,100.00%,$0.08B,$0.04B,51.95%,$0.08B,$0.04B,51.95%,$0.08B,$0.04B,51.95%,$0.08B,$0.04B,48.05%,$0.08B,$0.00B,3.90%,$0.00B,$0.03B,8.63%,$0.00B,$0.03B,8.63%,$0.00B,$0.05B,5.74%,$0.04B,$0.03B,108.84%,$21,$0,$21,$0,$10,$10,$11,$-1,$10,$-1,$10,$10,$1,$11,$11,$9,65,$0.12,$0.11,$18,$0,$0,$34,$2,$3,$0,$0,$14,$48,$4,$0,$11,$11,$15,$0,$-0,$0,$34,$48,$36,$0,$5,$5,$-2,$0,$-1,$3,$0,$42,$-0,$0,$0,$0,$0,$0,$-2,$-2,$-10,$0,$-10,$0,$0,$-2,$-27,$-39,$0,$4,$-2
32,2010-09-30,4.82,$0.55,8.72,$2.93,1.64,$3.86,1.25,$0.30,16.06,$0.04B,$0.01B,3.77,$0.00B,$0.04B,0.0,$0.07B,$0.07B,100.00%,$0.07B,$0.04B,52.70%,$0.07B,$0.04B,52.70%,$0.07B,$0.04B,52.70%,$0.07B,$0.04B,50.00%,$0.07B,$0.00B,4.05%,$0.00B,$0.04B,9.09%,$0.00B,$0.04B,9.09%,$0.00B,$0.06B,5.71%,$0.04B,$0.04B,104.00%,$18,$0,$18,$0,$9,$9,$9,$-1,$8,$-1,$9,$9,$1,$9,$9,$9,65,$0.13,$0.09,$28,$0,$0,$43,$2,$3,$0,$0,$13,$56,$11,$0,$8,$9,$20,$0,$0,$0,$36,$56,$26,$0,$4,$4,$-1,$0,$-1,$3,$9,$39,$-0,$0,$0,$0,$0,$0,$-2,$-2,$-10,$0,$-10,$0,$0,$-1,$-16,$-26,$11,$3,$-1
33,2010-06-30,4.45,$0.56,7.96,$2.91,1.53,$3.65,1.22,$0.30,14.83,$0.04B,$0.01B,4.68,$0.00B,$0.04B,0.0,$0.07B,$0.07B,100.00%,$0.07B,$0.04B,53.42%,$0.07B,$0.04B,53.42%,$0.07B,$0.04B,53.42%,$0.07B,$0.04B,53.42%,$0.07B,$0.00B,4.11%,$0.00B,$0.04B,9.60%,$0.00B,$0.04B,9.60%,$0.00B,$0.05B,5.56%,$0.04B,$0.04B,98.11%,$19,$0,$19,$0,$9,$9,$10,$0,$10,$3,$8,$8,$0,$10,$10,$9,9,$0.05,$0.05,$25,$0,$0,$39,$2,$4,$0,$0,$12,$51,$8,$0,$7,$7,$15,$0,$-1,$0,$36,$51,$17,$0,$3,$3,$0,$0,$-1,$0,$4,$25,$-0,$0,$0,$3,$0,$3,$0,$3,$-10,$0,$-10,$0,$0,$-0,$-10,$-20,$8,$2,$-0
34,2010-03-31,5.31,$0.52,10.22,$1.06,5.03,$1.29,4.12,$0.32,16.58,$0.04B,$0.01B,6.7,$0.01B,$0.03B,0.23,$0.07B,$0.07B,100.00%,$0.07B,$0.04B,51.47%,$0.07B,$0.04B,51.47%,$0.07B,$0.04B,51.47%,$0.07B,$0.04B,55.88%,$0.07B,$0.00B,5.88%,$0.00B,$0.03B,14.55%,$0.00B,$0.03B,14.55%,$0.00B,$0.05B,7.11%,$0.04B,$0.04B,82.35%,$19,$0,$19,$0,$9,$9,$10,$-1,$9,$-0,$9,$9,$1,$10,$10,$9,65,$0.11,$0.09,$21,$0,$0,$35,$2,$9,$0,$0,$19,$54,$5,$8,$8,$15,$21,$0,$-1,$0,$33,$54,$9,$0,$1,$1,$0,$0,$-1,$-0,$0,$10,$-0,$0,$0,$0,$0,$0,$0,$0,$-3,$0,$-3,$0,$0,$0,$-4,$-6,$4,$1,$0
35,2009-12-31,5.66,$0.43,13.3,$0.97,5.81,$1.29,4.41,$0.27,20.97,$0.03B,$0.00B,7.2,$0.01B,$0.03B,0.37,$0.06B,$0.06B,100.00%,$0.06B,$0.03B,47.62%,$0.06B,$0.03B,47.62%,$0.06B,$0.03B,47.62%,$0.06B,$0.03B,49.21%,$0.06B,$0.00B,4.76%,$0.00B,$0.03B,12.77%,$0.00B,$0.03B,12.77%,$0.00B,$0.05B,5.29%,$0.03B,$0.04B,68.18%,$18,$0,$18,$0,$9,$9,$10,$-0,$10,$1,$8,$8,$1,$10,$10,$8,65,$0.07,$0.08,$17,$0,$0,$31,$2,$8,$0,$0,$17,$49,$4,$10,$7,$17,$21,$0,$-2,$0,$27,$49,$33,$0,$-3,$-2,$0,$0,$1,$-0,$-1,$30,$-0,$0,$0,$0,$0,$0,$0,$-0,$-28,$0,$-28,$0,$0,$0,$-13,$-41,$-12,$3,$0
36,2009-09-30,5.68,$0.46,12.46,$3.63,1.56,$11.40,0.5,$0.76,7.48,$0.03B,$0.01B,3.27,$0.02B,$0.03B,0.55,$0.06B,$0.06B,100.00%,$0.06B,$0.04B,55.56%,$0.06B,$0.04B,55.56%,$0.06B,$0.04B,55.56%,$0.06B,$0.03B,47.62%,$0.06B,$0.01B,7.94%,$0.01B,$0.03B,24.10%,$0.01B,$0.03B,24.10%,$0.01B,$0.06B,8.30%,$0.04B,$0.05B,72.54%,$17,$0,$17,$0,$8,$8,$9,$2,$10,$-2,$12,$12,$1,$9,$9,$9,65,$0.17,$0.09,$19,$0,$0,$34,$2,$18,$0,$0,$28,$62,$11,$16,$7,$23,$33,$0,$-3,$0,$29,$62,$24,$0,$-5,$-5,$1,$0,$-0,$0,$6,$26,$-0,$0,$0,$0,$0,$0,$0,$0,$-22,$0,$-22,$0,$0,$0,$-12,$-34,$-8,$1,$0
37,2009-06-30,5.27,$0.33,15.92,$7.47,0.71,$18.93,0.28,$-0.75,0.0,$0.04B,$0.01B,4.59,$0.03B,$0.02B,1.22,$0.07B,$0.07B,100.00%,$0.07B,$0.04B,56.34%,$0.07B,$0.04B,56.34%,$0.07B,$0.04B,56.34%,$0.07B,$0.08B,118.31%,$0.07B,$-0.01B,-7.04%,$-0.01B,$0.02B,-38.46%,$-0.01B,$0.02B,-38.46%,$-0.01B,$0.06B,-7.38%,$0.04B,$0.05B,82.90%,$14,$0,$14,$0,$8,$8,$6,$3,$9,$-0,$9,$9,$1,$6,$6,$9,65,$0.10,$0.07,$26,$0,$0,$37,$3,$15,$0,$0,$22,$60,$8,$26,$4,$30,$39,$0,$-4,$0,$21,$60,$12,$0,$-1,$-1,$3,$0,$1,$1,$7,$18,$-0,$0,$0,$0,$0,$0,$0,$0,$-12,$0,$-12,$0,$0,$0,$-7,$-19,$-2,$1,$0
38,2009-03-31,1.33,$0.25,5.3,$7.69,0.17,$19.16,0.07,$-0.69,0.0,$0.04B,$0.01B,7.35,$0.03B,$0.02B,1.8,$0.09B,$0.09B,100.00%,$0.09B,$0.05B,60.00%,$0.09B,$0.05B,60.00%,$0.09B,$0.05B,60.00%,$0.09B,$0.09B,103.53%,$0.09B,$-0.01B,-5.88%,$-0.01B,$0.02B,-60.61%,$-0.01B,$0.02B,-60.61%,$-0.01B,$0.06B,-5.35%,$0.05B,$0.05B,99.51%,$14,$0,$14,$0,$8,$8,$5,$-3,$2,$-0,$3,$3,$0,$5,$5,$7,64,$0.07,$0.04,$27,$0,$0,$38,$3,$11,$0,$0,$18,$56,$5,$30,$4,$34,$40,$0,$-5,$0,$17,$56,$3,$0,$2,$2,$3,$0,$0,$1,$5,$10,$0,$0,$0,$0,$0,$0,$0,$0,$-8,$0,$-8,$0,$0,$0,$-3,$-11,$-1,$0,$0
39,2008-12-31,2.93,$0.25,11.52,$7.95,0.37,$19.16,0.15,$-0.60,0.0,$0.04B,$0.00B,9.64,$0.04B,$0.02B,2.33,$0.10B,$0.10B,100.00%,$0.10B,$0.06B,63.37%,$0.10B,$0.06B,63.37%,$0.10B,$0.06B,63.37%,$0.10B,$0.10B,99.01%,$0.10B,$-0.00B,-3.96%,$-0.00B,$0.02B,-76.19%,$-0.00B,$0.02B,-76.19%,$-0.00B,$0.06B,-3.31%,$0.06B,$0.05B,114.80%,$18,$0,$18,$0,$3,$3,$15,$-6,$9,$1,$9,$9,$3,$15,$15,$6,6,$0.56,$0.56,$27,$0,$0,$42,$3,$14,$0,$0,$20,$63,$4,$38,$4,$42,$46,$0,$-5,$0,$16,$63,$32,$1,$32,$32,$13,$0,$-4,$-5,$0,$65,$-0,$0,$0,$0,$0,$0,$0,$-0,$-22,$0,$-22,$0,$0,$-2,$-40,$-65,$0,$5,$-2
40,2008-09-30,6.59,$-0.02,-278.18,$5.00,1.32,$8.59,0.77,$-1.04,0.0,$0.05B,$0.02B,2.24,$0.05B,$-0.00B,-30.96,$0.12B,$0.12B,100.00%,$0.12B,$0.07B,59.32%,$0.12B,$0.07B,59.32%,$0.12B,$0.07B,59.32%,$0.12B,$0.11B,92.37%,$0.12B,$0.03B,25.42%,$0.03B,$-0.00B,4000.00%,$0.03B,$-0.00B,4000.00%,$0.03B,$0.09B,20.83%,$0.07B,$0.05B,123.35%,$25,$0,$25,$0,$11,$11,$14,$49,$64,$64,$-0,$-0,$-9,$14,$14,$6,6,$-1.42,$-1.42,$32,$0,$0,$54,$3,$31,$0,$0,$38,$92,$24,$47,$6,$69,$93,$0,$-9,$0,$-2,$92,$24,$0,$23,$23,$6,$0,$1,$-11,$2,$49,$-0,$0,$0,$0,$0,$0,$-0,$-0,$-13,$0,$-13,$0,$0,$-2,$-29,$-44,$5,$1,$-2
