,Date,Stock Price,Book Value per Share,Price to Book Ratio,TTM Sales per Share,Price to Sales Ratio,TTM FCF per Share,Price to FCF Ratio,TTM Net EPS,PE Ratio,Current Assets,Current Liabilities,Current Ratio,Long Term Debt,Shareholder's Equity_x,Debt to Equity Ratio,TTM Revenue_x,TTM Gross Profit,Gross Margin,TTM Revenue_y,TTM Operating Income,Operating Margin,TTM Revenue_x,TTM EBIT,EBIT Margin,TTM Revenue_y,TTM EBITDA,EBITDA Margin,TTM Revenue_x,TTM Pre-Tax Income,Pre-Tax Margin,TTM Revenue_y,TTM Net Income_x,Net Margin,TTM Net Income_y,Shareholder's Equity_y,Return on Equity,TTM Net Income_x,Tangible Equity,Return on Tangible Equity,TTM Net Income_y,Total Assets,Return on Assets,TTM Net Income,LT Investments & Debt,Return on Investment,revenue,cost-goods-sold,gross-profit,research-development-expenses,selling-general-administrative-expenses,operating-expenses,operating-income,total-non-operating-income-expense,pre-tax-income,total-provision-income-taxes,income-after-taxes,income-from-continuous-operations,net-income,ebitda,ebit,basic-shares-outstanding,shares-outstanding,eps-basic-net-earnings-per-share,eps-earnings-per-share-diluted,cash-on-hand,inventory,other-current-assets,total-current-assets,net-property-plant-equipment,long-term-investments,goodwill-intangible-assets-total,other-long-term-assets,total-long-term-assets,total-assets,total-current-liabilities,long-term-debt,other-non-current-liabilities,total-long-term-liabilities,total-liabilities,common-stock-net,retained-earnings-accumulated-deficit,comprehensive-income,total-share-holder-equity,total-liabilities-share-holders-equity,net-income-loss,total-depreciation-amortization-cash-flow,other-non-cash-items,total-non-cash-items,change-in-accounts-receivable,change-in-inventories,change-in-accounts-payable,change-in-assets-liabilities,total-change-in-assets-liabilities,cash-flow-from-operating-activities,net-change-in-property-plant-equipment,net-change-in-intangible-assets,net-acquisitions-divestitures,net-change-in-short-term-investments,net-change-in-long-term-investments,net-change-in-investments-total,investing-activities-other,cash-flow-from-investing-activities,net-long-term-debt,net-current-debt,debt-issuance-retirement-net-total,net-common-equity-issued-repurchased,net-total-equity-issued-repurchased,total-common-preferred-stock-dividends-paid,financial-activities-other,cash-flow-from-financial-activities,net-cash-flow,stock-based-compensation,common-stock-dividends-paid
0,2018-07-31,49.8,$6.30,7.9,$16.23,3.07,$0.70,71.61,$-0.17,0.0,$0.22B,$0.14B,1.55,$0.01B,$0.12B,0.11,$0.33B,$0.17B,51.37%,$0.33B,$0.00B,0.30%,$0.33B,$0.00B,0.30%,$0.33B,$0.01B,2.74%,$0.33B,$0.00B,1.22%,$0.33B,$-0.00B,-0.91%,$-0.00B,$0.12B,-2.59%,$-0.00B,$0.11B,-2.86%,$-0.00B,$0.28B,-1.06%,$0.00B,$0.14B,0.77%,$85,$40,$44,$14,$29,$83,$2,$1,$3,$1,$1,$1,$1,$4,$2,$20,21,$0.06,$0.05,$140,$0,$21,$215,$30,$0,$11,$11,$65,$280,$138,$13,$5,$18,$156,$0,$-54,$-8,$124,$280,$3,$5,$9,$13,$27,$0,$-3,$-30,$-7,$9,$-3,$0,$-0,$0,$0,$0,$0,$-3,$-0,$0,$-0,$0,$0,$-3,$-9,$-12,$-7,$5,$-3
1,2018-04-30,44.84,$6.45,6.95,$16.25,2.76,$0.68,66.11,$-0.28,0.0,$0.23B,$0.15B,1.52,$0.01B,$0.13B,0.11,$0.32B,$0.16B,51.25%,$0.32B,0,0.00%,$0.32B,0,0.00%,$0.32B,$0.01B,2.19%,$0.32B,$0.00B,0.31%,$0.32B,$-0.01B,-1.56%,$-0.01B,$0.13B,-4.44%,$-0.01B,$0.11B,-4.93%,$-0.01B,$0.29B,-1.81%,$0.00B,$0.14B,0.00%,$86,$41,$45,$14,$29,$84,$2,$1,$3,$1,$1,$1,$1,$4,$2,$19,21,$0.07,$0.07,$144,$0,$24,$225,$30,$0,$11,$11,$66,$291,$148,$13,$5,$18,$166,$0,$-53,$-7,$125,$291,$1,$2,$5,$7,$26,$0,$-5,$-25,$-5,$4,$-1,$0,$0,$0,$0,$0,$0,$-1,$-0,$0,$-0,$0,$0,$0,$-4,$-4,$-3,$2,$0
2,2018-01-31,42.97,$5.49,7.83,$15.94,2.7,$0.93,46.08,$-0.49,0.0,$0.25B,$0.18B,1.4,$0.01B,$0.11B,0.13,$0.31B,$0.16B,51.15%,$0.31B,$-0.00B,-0.98%,$0.31B,$-0.00B,-0.98%,$0.31B,$0.00B,0.98%,$0.31B,$-0.00B,-1.31%,$0.31B,$-0.01B,-2.95%,$-0.01B,$0.11B,-8.26%,$-0.01B,$0.10B,-9.18%,$-0.01B,$0.30B,-3.33%,$-0.00B,$0.12B,-2.45%,$81,$40,$41,$12,$31,$83,$-3,$-0,$-3,$2,$-5,$-5,$-5,$-1,$-3,$19,19,$-0.26,$-0.26,$147,$0,$16,$246,$30,$0,$11,$3,$53,$300,$175,$13,$5,$19,$194,$0,$-76,$-7,$106,$300,$-9,$6,$9,$15,$-13,$0,$3,$14,$5,$10,$-5,$0,$0,$0,$0,$0,$0,$-5,$-0,$0,$-0,$0,$0,$-5,$-3,$-9,$2,$9,$-5
3,2017-10-31,36.82,$5.68,6.49,$15.60,2.36,$1.44,25.52,$-1.03,0.0,$0.20B,$0.13B,1.6,$0.01B,$0.11B,0.12,$0.30B,$0.16B,52.19%,$0.30B,$0.00B,1.35%,$0.30B,$0.00B,1.35%,$0.30B,$0.01B,3.37%,$0.30B,$0.00B,1.35%,$0.30B,$-0.02B,-6.40%,$-0.02B,$0.11B,-17.16%,$-0.02B,$0.10B,-19.05%,$-0.02B,$0.26B,-7.16%,$0.00B,$0.12B,3.22%,$77,$38,$39,$12,$26,$76,$0,$1,$1,$1,$-0,$-0,$-0,$2,$0,$19,19,$-0.01,$-0.01,$140,$0,$14,$204,$30,$0,$11,$2,$51,$256,$128,$13,$5,$18,$146,$0,$-69,$-8,$109,$256,$-4,$4,$7,$12,$19,$0,$-1,$-23,$-5,$3,$-3,$0,$0,$0,$0,$0,$0,$-3,$-0,$0,$-0,$0,$0,$-4,$-3,$-8,$-5,$7,$-4
4,2017-07-31,31.13,$5.71,5.46,$15.09,2.06,$1.63,19.08,$-0.94,0.0,$0.21B,$0.13B,1.59,$0.01B,$0.11B,0.12,$0.29B,$0.15B,52.41%,$0.29B,$0.01B,2.07%,$0.29B,$0.01B,2.07%,$0.29B,$0.01B,4.14%,$0.29B,$0.01B,2.07%,$0.29B,$-0.02B,-5.86%,$-0.02B,$0.11B,-14.72%,$-0.02B,$0.10B,-16.27%,$-0.02B,$0.26B,-6.40%,$0.01B,$0.12B,4.65%,$76,$37,$39,$12,$27,$75,$1,$-1,$-0,$1,$-1,$-1,$-1,$2,$1,$19,19,$-0.06,$-0.06,$149,$0,$15,$206,$31,$0,$11,$2,$51,$258,$130,$14,$5,$18,$148,$0,$-68,$-7,$110,$258,$-4,$3,$4,$7,$28,$0,$-3,$-21,$4,$8,$-2,$0,$0,$0,$0,$0,$0,$-2,$-0,$0,$-0,$0,$0,$-3,$-3,$-6,$4,$4,$-3
5,2017-04-30,29.92,$5.84,5.13,$14.69,2.04,$1.35,22.1,$-0.85,0.0,$0.22B,$0.14B,1.58,$0.01B,$0.11B,0.12,$0.28B,$0.15B,52.82%,$0.28B,$0.01B,1.76%,$0.28B,$0.01B,1.76%,$0.28B,$0.01B,3.87%,$0.28B,$0.01B,2.11%,$0.28B,$-0.02B,-5.28%,$-0.02B,$0.11B,-12.58%,$-0.02B,$0.10B,-13.86%,$-0.02B,$0.27B,-5.61%,$0.01B,$0.13B,3.76%,$71,$35,$37,$12,$26,$73,$-1,$-1,$-2,$1,$-3,$-3,$-3,$0,$-1,$19,19,$-0.14,$-0.14,$153,$0,$16,$216,$30,$0,$11,$2,$50,$266,$136,$14,$5,$19,$155,$0,$-65,$-8,$111,$266,$-3,$2,$2,$3,$23,$0,$-3,$-13,$7,$8,$-1,$0,$0,$0,$0,$0,$0,$-1,$-0,$0,$-0,$0,$0,$0,$-0,$-0,$8,$2,$0
6,2017-01-31,28.57,$5.93,4.82,$14.41,1.98,$1.00,28.68,$-0.86,0.0,$0.23B,$0.15B,1.54,$0.01B,$0.11B,0.12,$0.28B,$0.15B,52.52%,$0.28B,$0.00B,1.08%,$0.28B,$0.00B,1.08%,$0.28B,$0.01B,3.24%,$0.28B,$0.00B,1.44%,$0.28B,$-0.02B,-5.40%,$-0.02B,$0.11B,-12.22%,$-0.02B,$0.10B,-13.39%,$-0.02B,$0.28B,-5.58%,$0.00B,$0.13B,2.20%,$73,$33,$40,$11,$26,$69,$4,$0,$5,$20,$-15,$-15,$-15,$6,$4,$19,19,$-0.80,$-0.80,$145,$0,$15,$230,$31,$0,$11,$3,$51,$281,$150,$14,$5,$19,$168,$0,$-61,$-9,$113,$281,$-15,$6,$22,$28,$-4,$0,$1,$10,$6,$19,$-3,$0,$0,$0,$0,$0,$0,$-3,$-0,$0,$-0,$0,$0,$-5,$-2,$-8,$7,$7,$-5
7,2016-10-31,23.72,$6.73,3.52,$14.09,1.68,$1.25,18.97,$0.18,131.76,$0.20B,$0.11B,1.8,$0.01B,$0.13B,0.11,$0.27B,$0.14B,52.55%,$0.27B,$0.00B,1.09%,$0.27B,$0.00B,1.09%,$0.27B,$0.01B,2.92%,$0.27B,$0.00B,1.09%,$0.27B,$0.00B,1.46%,$0.00B,$0.13B,3.16%,$0.00B,$0.12B,3.46%,$0.00B,$0.26B,1.48%,$0.00B,$0.14B,2.14%,$70,$33,$36,$11,$23,$67,$2,$0,$3,$1,$2,$2,$2,$4,$2,$19,20,$0.08,$0.08,$136,$0,$17,$201,$31,$0,$11,$2,$57,$258,$112,$14,$5,$19,$130,$0,$-45,$-8,$128,$258,$-0,$5,$6,$10,$26,$0,$-3,$-28,$-4,$5,$-2,$0,$0,$0,$0,$0,$0,$-2,$-0,$0,$-0,$0,$0,$-4,$-2,$-6,$-2,$6,$-4
8,2016-07-31,18.6,$6.60,2.82,$14.07,1.32,$1.47,12.65,$0.24,77.49,$0.21B,$0.12B,1.71,$0.01B,$0.13B,0.11,$0.27B,$0.15B,53.31%,$0.27B,$0.00B,1.47%,$0.27B,$0.00B,1.47%,$0.27B,$0.01B,3.31%,$0.27B,$0.00B,1.10%,$0.27B,$0.01B,1.84%,$0.01B,$0.13B,3.98%,$0.01B,$0.11B,4.36%,$0.01B,$0.27B,1.87%,$0.00B,$0.14B,2.87%,$70,$33,$37,$11,$26,$70,$-0,$0,$0,$-1,$1,$1,$1,$1,$-0,$19,20,$0.05,$0.05,$135,$0,$18,$207,$32,$0,$11,$2,$58,$265,$121,$14,$5,$19,$140,$0,$-46,$-8,$125,$265,$-2,$3,$4,$7,$20,$0,$-4,$-20,$-3,$2,$-2,$0,$0,$0,$0,$0,$0,$-2,$-0,$0,$-0,$0,$0,$-3,$-2,$-4,$-3,$4,$-3
9,2016-04-30,19.2,$6.66,2.88,$14.15,1.36,$1.84,10.45,$0.30,64.02,$0.21B,$0.13B,1.66,$0.01B,$0.13B,0.11,$0.27B,$0.15B,53.85%,$0.27B,$0.01B,2.20%,$0.27B,$0.01B,2.20%,$0.27B,$0.01B,4.40%,$0.27B,$0.01B,2.20%,$0.27B,$0.01B,2.20%,$0.01B,$0.13B,4.81%,$0.01B,$0.12B,5.26%,$0.01B,$0.27B,2.26%,$0.01B,$0.14B,4.32%,$65,$32,$33,$11,$25,$68,$-3,$-1,$-4,$-1,$-3,$-3,$-3,$-2,$-3,$19,19,$-0.15,$-0.15,$140,$0,$19,$212,$32,$0,$11,$3,$59,$271,$128,$14,$4,$18,$146,$0,$-45,$-8,$125,$271,$-3,$1,$2,$3,$21,$0,$-3,$-17,$1,$1,$-1,$0,$0,$0,$0,$0,$0,$-1,$-0,$0,$-0,$0,$0,$0,$-0,$-0,$2,$2,$0
10,2016-01-31,18.06,$6.82,2.65,$14.25,1.27,$1.99,9.09,$0.48,37.63,$0.23B,$0.14B,1.62,$0.01B,$0.13B,0.11,$0.28B,$0.15B,54.51%,$0.28B,$0.01B,3.61%,$0.28B,$0.01B,3.61%,$0.28B,$0.02B,5.78%,$0.28B,$0.01B,3.97%,$0.28B,$0.01B,3.61%,$0.01B,$0.13B,8.10%,$0.01B,$0.12B,8.89%,$0.01B,$0.29B,3.77%,$0.01B,$0.14B,7.26%,$69,$31,$38,$10,$25,$66,$4,$0,$4,$-0,$4,$4,$4,$5,$4,$19,20,$0.23,$0.21,$138,$0,$16,$227,$32,$0,$11,$3,$60,$287,$141,$14,$4,$19,$159,$0,$-40,$-9,$128,$287,$9,$6,$8,$13,$11,$0,$-1,$-8,$2,$24,$-3,$0,$0,$0,$0,$0,$0,$-3,$-0,$0,$-0,$8,$8,$-5,$-3,$-0,$17,$7,$-5
11,2015-10-31,24.84,$6.60,3.77,$15.43,1.61,$2.06,12.06,$0.68,36.53,$0.19B,$0.11B,1.8,$0.01B,$0.12B,0.12,$0.29B,$0.16B,55.21%,$0.29B,$0.01B,4.86%,$0.29B,$0.01B,4.86%,$0.29B,$0.02B,6.94%,$0.29B,$0.02B,5.21%,$0.29B,$0.01B,4.51%,$0.01B,$0.12B,10.90%,$0.01B,$0.11B,12.01%,$0.01B,$0.25B,4.93%,$0.01B,$0.14B,10.49%,$68,$31,$37,$10,$23,$65,$3,$-0,$3,$1,$3,$3,$3,$5,$3,$19,20,$0.14,$0.14,$127,$0,$13,$190,$33,$0,$11,$3,$59,$248,$106,$14,$4,$19,$124,$0,$-43,$-9,$124,$248,$5,$4,$6,$10,$36,$0,$-4,$-36,$-5,$10,$-3,$0,$0,$0,$0,$0,$0,$-3,$-0,$0,$-0,$8,$8,$-4,$-3,$1,$6,$6,$-4
12,2015-07-31,25.89,$6.48,3.99,$16.38,1.58,$1.77,14.59,$0.85,30.46,$0.20B,$0.12B,1.69,$0.01B,$0.12B,0.12,$0.29B,$0.16B,55.44%,$0.29B,$0.02B,5.78%,$0.29B,$0.02B,5.78%,$0.29B,$0.02B,7.48%,$0.29B,$0.02B,6.12%,$0.29B,$0.02B,5.10%,$0.02B,$0.12B,14.22%,$0.02B,$0.11B,15.87%,$0.02B,$0.26B,5.94%,$0.02B,$0.14B,14.17%,$71,$33,$39,$11,$26,$69,$2,$0,$3,$1,$2,$2,$2,$4,$2,$19,20,$0.08,$0.08,$130,$0,$15,$200,$33,$0,$11,$3,$59,$258,$118,$14,$4,$19,$137,$0,$-44,$-8,$122,$258,$2,$3,$3,$6,$31,$0,$-4,$-25,$1,$9,$-2,$0,$0,$0,$0,$0,$0,$-2,$-0,$0,$-0,$8,$8,$-3,$-2,$4,$10,$4,$-3
13,2015-04-30,23.58,$6.48,3.64,$17.08,1.38,$1.62,14.53,$0.82,28.76,$0.21B,$0.13B,1.63,$0.02B,$0.12B,0.12,$0.30B,$0.16B,55.41%,$0.30B,$0.02B,5.74%,$0.30B,$0.02B,5.74%,$0.30B,$0.02B,7.09%,$0.30B,$0.02B,5.74%,$0.30B,$0.01B,4.73%,$0.01B,$0.12B,15.43%,$0.01B,$0.11B,17.55%,$0.01B,$0.27B,5.81%,$0.02B,$0.14B,16.11%,$69,$32,$37,$11,$26,$69,$1,$-0,$1,$0,$1,$1,$1,$2,$1,$18,19,$0.03,$0.03,$131,$0,$15,$207,$33,$0,$11,$3,$60,$267,$127,$15,$5,$19,$146,$0,$-44,$-7,$120,$267,$1,$1,$1,$3,$27,$0,$-4,$-21,$1,$4,$-1,$0,$0,$0,$0,$0,$0,$-1,$-0,$0,$-0,$8,$8,$0,$-1,$7,$10,$1,$0
14,2015-01-31,18.65,$6.12,3.05,$17.84,1.05,$1.62,11.51,$0.78,23.92,$0.22B,$0.15B,1.46,$0.02B,$0.11B,0.13,$0.30B,$0.16B,55.59%,$0.30B,$0.02B,5.42%,$0.30B,$0.02B,5.42%,$0.30B,$0.02B,7.12%,$0.30B,$0.02B,5.42%,$0.30B,$0.01B,4.41%,$0.01B,$0.11B,16.94%,$0.01B,$0.10B,19.85%,$0.01B,$0.28B,5.70%,$0.02B,$0.13B,17.53%,$80,$34,$46,$10,$28,$72,$8,$-0,$8,$1,$7,$7,$7,$9,$8,$16,17,$0.43,$0.41,$121,$0,$15,$222,$33,$0,$11,$4,$61,$282,$152,$15,$5,$20,$172,$0,$-45,$-7,$111,$282,$13,$6,$6,$12,$-11,$0,$3,$8,$-1,$24,$-5,$0,$0,$0,$0,$0,$0,$-5,$-0,$0,$-0,$37,$37,$-4,$-3,$29,$45,$5,$-4
15,2014-10-31,20.68,$4.29,4.82,$17.64,1.17,$1.66,12.48,$0.63,32.83,$0.14B,$0.11B,1.25,$0.02B,$0.07B,0.21,$0.29B,$0.16B,55.71%,$0.29B,$0.01B,4.84%,$0.29B,$0.01B,4.84%,$0.29B,$0.02B,6.57%,$0.29B,$0.01B,4.84%,$0.29B,$0.01B,3.46%,$0.01B,$0.07B,15.38%,$0.01B,$0.06B,18.60%,$0.01B,$0.20B,4.62%,$0.01B,$0.08B,17.55%,$74,$33,$41,$10,$25,$68,$6,$0,$6,$1,$5,$5,$5,$7,$6,$16,17,$0.33,$0.31,$71,$0,$16,$142,$33,$0,$11,$4,$61,$203,$114,$15,$5,$20,$134,$0,$-49,$-6,$69,$203,$6,$4,$5,$9,$23,$0,$-1,$-32,$-10,$5,$-3,$0,$0,$0,$0,$0,$0,$-3,$-0,$0,$-0,$0,$0,$-3,$-3,$-6,$-5,$4,$-3
16,2014-07-31,18.11,$3.93,4.61,$17.27,1.05,$2.02,8.97,$0.45,40.23,$0.15B,$0.13B,1.16,$0.02B,$0.06B,0.24,$0.28B,$0.16B,55.87%,$0.28B,$0.01B,4.27%,$0.28B,$0.01B,4.27%,$0.28B,$0.02B,6.05%,$0.28B,$0.01B,3.91%,$0.28B,$0.01B,2.49%,$0.01B,$0.06B,11.20%,$0.01B,$0.05B,13.66%,$0.01B,$0.21B,3.26%,$0.01B,$0.08B,15.48%,$73,$33,$40,$11,$27,$71,$2,$-0,$2,$1,$1,$1,$1,$3,$2,$16,17,$0.06,$0.06,$75,$0,$14,$150,$33,$0,$11,$4,$63,$212,$129,$15,$6,$20,$149,$0,$-53,$-7,$63,$212,$1,$3,$3,$6,$18,$0,$-2,$-18,$-1,$5,$-2,$0,$0,$0,$0,$0,$0,$-2,$-0,$0,$-0,$0,$0,$-2,$-3,$-5,$-1,$3,$-2
17,2014-04-30,18.19,$4.01,4.54,$16.96,1.07,$2.40,7.57,$0.47,38.7,$0.15B,$0.13B,1.14,$0.02B,$0.06B,0.24,$0.27B,$0.15B,56.04%,$0.27B,$0.01B,4.03%,$0.27B,$0.01B,4.03%,$0.27B,$0.02B,6.23%,$0.27B,$0.01B,4.03%,$0.27B,$0.01B,2.56%,$0.01B,$0.06B,11.43%,$0.01B,$0.05B,14.07%,$0.01B,$0.22B,3.30%,$0.01B,$0.08B,14.43%,$68,$31,$37,$11,$25,$68,$0,$-0,$-0,$0,$-0,$-0,$-0,$2,$0,$16,16,$-0.01,$-0.01,$78,$0,$15,$153,$33,$0,$11,$5,$63,$216,$134,$15,$3,$18,$152,$0,$-53,$-7,$64,$216,$-0,$1,$1,$2,$20,$0,$-3,$-16,$1,$3,$-1,$0,$0,$0,$0,$0,$0,$-1,$-0,$0,$-0,$0,$0,$0,$-1,$-1,$2,$1,$0
18,2014-01-31,17.3,$4.07,4.25,$16.60,1.04,$2.95,5.86,$0.40,43.25,$0.17B,$0.15B,1.14,$0.02B,$0.06B,0.24,$0.27B,$0.15B,55.81%,$0.27B,$0.01B,3.37%,$0.27B,$0.01B,3.37%,$0.27B,$0.02B,5.62%,$0.27B,$0.01B,3.37%,$0.27B,$0.01B,2.25%,$0.01B,$0.06B,10.13%,$0.01B,$0.05B,12.50%,$0.01B,$0.24B,2.86%,$0.01B,$0.08B,12.04%,$74,$31,$43,$10,$27,$68,$6,$0,$6,$2,$4,$4,$4,$7,$6,$16,16,$0.28,$0.26,$76,$0,$15,$170,$33,$0,$11,$5,$64,$235,$150,$15,$6,$21,$171,$0,$-51,$-7,$64,$235,$6,$6,$5,$11,$-1,$0,$-1,$9,$6,$24,$-5,$0,$0,$0,$0,$0,$0,$-5,$-0,$0,$-0,$-1,$-1,$-5,$-1,$-8,$11,$5,$-5
19,2013-10-31,14.13,$3.78,3.74,$16.09,0.88,$2.55,5.55,$0.26,54.34,$0.13B,$0.12B,1.1,$0.02B,$0.06B,0.26,$0.26B,$0.14B,55.60%,$0.26B,$0.01B,2.32%,$0.26B,$0.01B,2.32%,$0.26B,$0.01B,5.02%,$0.26B,$0.01B,2.32%,$0.26B,$0.00B,1.54%,$0.00B,$0.06B,6.93%,$0.00B,$0.05B,8.60%,$0.00B,$0.20B,1.93%,$0.01B,$0.08B,8.16%,$66,$29,$37,$10,$23,$62,$4,$-0,$3,$1,$2,$2,$2,$5,$4,$16,16,$0.13,$0.13,$66,$0,$13,$128,$34,$0,$11,$5,$69,$197,$116,$15,$6,$21,$137,$0,$-55,$-8,$59,$197,$2,$4,$4,$8,$27,$0,$-5,$-20,$1,$12,$-4,$0,$0,$0,$0,$0,$0,$-4,$-0,$0,$-0,$-1,$-1,$-4,$-1,$-6,$1,$4,$-4
20,2013-07-31,12.02,$3.69,3.26,$15.84,0.76,$2.57,4.68,$0.25,48.07,$0.13B,$0.12B,1.08,$0.02B,$0.06B,0.26,$0.26B,$0.14B,55.69%,$0.26B,$0.01B,1.96%,$0.26B,$0.01B,1.96%,$0.26B,$0.01B,4.71%,$0.26B,$0.01B,2.35%,$0.26B,$0.00B,1.57%,$0.00B,$0.06B,6.87%,$0.00B,$0.05B,8.42%,$0.00B,$0.20B,1.94%,$0.01B,$0.07B,6.78%,$65,$29,$36,$10,$24,$64,$1,$1,$2,$1,$1,$1,$1,$3,$1,$16,16,$0.08,$0.08,$69,$0,$14,$130,$33,$0,$11,$5,$70,$200,$121,$15,$6,$21,$142,$0,$-55,$-8,$58,$200,$-0,$3,$2,$5,$28,$0,$-4,$-16,$8,$13,$-3,$0,$0,$0,$0,$0,$0,$-3,$-0,$0,$-0,$-1,$-1,$-3,$-1,$-5,$4,$2,$-3
21,2013-04-30,11.24,$3.63,3.1,$15.53,0.72,$2.52,4.47,$0.23,48.89,$0.14B,$0.13B,1.07,$0.02B,$0.06B,0.27,$0.25B,$0.14B,55.78%,$0.25B,$0.01B,2.39%,$0.25B,$0.01B,2.39%,$0.25B,$0.01B,4.78%,$0.25B,$0.01B,1.99%,$0.25B,$0.00B,1.59%,$0.00B,$0.06B,6.78%,$0.00B,$0.05B,8.16%,$0.00B,$0.21B,1.96%,$0.01B,$0.07B,8.05%,$62,$29,$33,$11,$24,$64,$-2,$0,$-2,$-0,$-1,$-1,$-1,$-0,$-2,$16,16,$-0.08,$-0.08,$74,$0,$15,$137,$33,$0,$11,$5,$70,$207,$128,$15,$7,$22,$150,$0,$-55,$-8,$56,$207,$-1,$1,$1,$3,$28,$0,$-4,$-13,$11,$12,$-1,$0,$0,$0,$0,$0,$0,$-1,$-0,$0,$-0,$-1,$-1,$-1,$-0,$-2,$9,$1,$-1
22,2013-01-31,12.93,$3.73,3.46,$15.41,0.84,$2.06,6.26,$0.43,30.07,$0.16B,$0.15B,1.07,$0.02B,$0.06B,0.27,$0.25B,$0.14B,56.92%,$0.25B,$0.01B,4.74%,$0.25B,$0.01B,4.74%,$0.25B,$0.02B,6.72%,$0.25B,$0.01B,3.95%,$0.25B,$0.01B,2.77%,$0.01B,$0.06B,11.57%,$0.01B,$0.05B,13.53%,$0.01B,$0.23B,3.46%,$0.01B,$0.07B,15.79%,$66,$27,$38,$10,$25,$63,$3,$-0,$3,$1,$2,$2,$2,$5,$3,$16,16,$0.12,$0.13,$65,$0,$14,$156,$33,$0,$11,$6,$70,$226,$146,$15,$7,$22,$168,$0,$-52,$-8,$58,$226,$7,$5,$6,$10,$-7,$0,$2,$4,$-1,$16,$-4,$0,$-8,$0,$0,$0,$-0,$-11,$-0,$0,$-0,$-8,$-8,$-8,$-1,$-17,$-12,$5,$-8
23,2012-10-31,11.02,$3.87,2.85,$15.31,0.72,$2.35,4.69,$0.53,20.78,$0.13B,$0.11B,1.16,$0.02B,$0.06B,0.26,$0.25B,$0.15B,57.54%,$0.25B,$0.02B,5.95%,$0.25B,$0.02B,5.95%,$0.25B,$0.02B,7.54%,$0.25B,$0.01B,5.16%,$0.25B,$0.01B,3.57%,$0.01B,$0.06B,14.63%,$0.01B,$0.05B,16.67%,$0.01B,$0.19B,4.49%,$0.02B,$0.08B,19.48%,$62,$27,$35,$10,$22,$59,$3,$-0,$3,$1,$2,$2,$2,$4,$3,$16,16,$0.12,$0.11,$70,$0,$10,$125,$33,$0,$9,$4,$66,$190,$108,$16,$6,$22,$130,$0,$-49,$-9,$61,$190,$5,$4,$5,$8,$25,$0,$-3,$-24,$-2,$11,$-3,$0,$-5,$0,$0,$0,$0,$-8,$-0,$0,$-0,$-6,$-6,$-3,$-1,$-10,$-7,$4,$-3
24,2012-07-31,12.5,$3.83,3.26,$15.16,0.82,$2.49,5.03,$0.60,20.83,$0.13B,$0.11B,1.15,$0.02B,$0.06B,0.26,$0.25B,$0.15B,57.77%,$0.25B,$0.02B,6.37%,$0.25B,$0.02B,6.37%,$0.25B,$0.02B,7.97%,$0.25B,$0.01B,5.58%,$0.25B,$0.01B,3.98%,$0.01B,$0.06B,16.13%,$0.01B,$0.05B,18.10%,$0.01B,$0.19B,4.97%,$0.02B,$0.08B,20.58%,$61,$27,$34,$9,$23,$59,$2,$-0,$1,$0,$1,$1,$1,$3,$2,$16,16,$0.06,$0.06,$74,$0,$11,$126,$33,$0,$9,$4,$66,$192,$109,$16,$6,$22,$131,$0,$-49,$-10,$61,$192,$3,$2,$3,$6,$28,$0,$-3,$-23,$3,$11,$-2,$0,$-5,$0,$0,$0,$0,$-7,$-0,$0,$-0,$-4,$-4,$-2,$-1,$-7,$-3,$2,$-2
25,2012-04-30,11.0,$3.92,2.81,$15.17,0.73,$2.60,4.23,$0.73,15.07,$0.14B,$0.12B,1.19,$0.02B,$0.06B,0.25,$0.25B,$0.15B,57.94%,$0.25B,$0.02B,7.54%,$0.25B,$0.02B,7.54%,$0.25B,$0.02B,9.13%,$0.25B,$0.02B,7.14%,$0.25B,$0.01B,4.76%,$0.01B,$0.06B,19.35%,$0.01B,$0.06B,21.52%,$0.01B,$0.20B,5.92%,$0.02B,$0.08B,24.36%,$64,$27,$37,$10,$24,$60,$4,$-1,$3,$2,$2,$2,$2,$5,$4,$16,16,$0.12,$0.11,$78,$0,$13,$141,$33,$0,$6,$3,$61,$202,$119,$16,$5,$21,$140,$0,$-49,$-10,$62,$202,$2,$1,$1,$2,$20,$0,$-3,$-15,$1,$5,$-1,$0,$0,$0,$0,$0,$0,$-1,$-0,$0,$-0,$-2,$-2,$-1,$-0,$-3,$1,$1,$-1
26,2012-01-31,11.46,$3.91,2.93,$14.91,0.77,$2.63,4.36,$0.67,17.1,$0.16B,$0.14B,1.17,$0.02B,$0.06B,0.26,$0.25B,$0.14B,57.49%,$0.25B,$0.02B,7.29%,$0.25B,$0.02B,7.29%,$0.25B,$0.02B,8.91%,$0.25B,$0.02B,6.88%,$0.25B,$0.01B,4.45%,$0.01B,$0.06B,18.11%,$0.01B,$0.06B,20.18%,$0.01B,$0.22B,5.43%,$0.02B,$0.08B,23.45%,$65,$26,$39,$9,$23,$59,$6,$-0,$6,$2,$4,$4,$4,$7,$6,$16,17,$0.23,$0.23,$77,$0,$12,$158,$33,$0,$6,$3,$60,$218,$135,$16,$5,$21,$156,$0,$-49,$-10,$62,$218,$11,$5,$6,$11,$-0,$0,$-0,$1,$-0,$21,$-4,$0,$-0,$0,$0,$0,$0,$-4,$-0,$0,$-0,$-4,$-4,$-2,$-1,$-8,$10,$5,$-2
27,2011-10-31,10.17,$3.90,2.61,$14.81,0.69,$3.05,3.34,$0.64,15.9,$0.13B,$0.11B,1.19,$0.02B,$0.06B,0.25,$0.24B,$0.14B,56.97%,$0.24B,$0.02B,6.56%,$0.24B,$0.02B,6.56%,$0.24B,$0.02B,8.20%,$0.24B,$0.01B,5.74%,$0.24B,$0.01B,3.69%,$0.01B,$0.06B,15.19%,$0.01B,$0.06B,16.98%,$0.01B,$0.19B,4.47%,$0.02B,$0.08B,21.26%,$61,$26,$35,$9,$21,$56,$4,$-0,$4,$1,$3,$3,$3,$5,$4,$16,17,$0.19,$0.18,$75,$0,$10,$130,$33,$0,$6,$3,$63,$193,$109,$16,$5,$21,$130,$0,$-51,$-9,$63,$193,$7,$4,$4,$8,$25,$0,$-4,$-22,$-2,$13,$-3,$0,$-0,$0,$0,$0,$0,$-3,$-0,$0,$-0,$-1,$-1,$-1,$-1,$-3,$8,$4,$-1
