,Date,Stock Price,Book Value per Share,Price to Book Ratio,TTM Sales per Share,Price to Sales Ratio,TTM FCF per Share,Price to FCF Ratio,TTM Net EPS,PE Ratio,Current Assets,Current Liabilities,Current Ratio,Long Term Debt,Shareholder's Equity_x,Debt to Equity Ratio,TTM Revenue_x,TTM Gross Profit,Gross Margin,TTM Revenue_y,TTM Operating Income,Operating Margin,TTM Revenue_x,TTM EBIT,EBIT Margin,TTM Revenue_y,TTM EBITDA,EBITDA Margin,TTM Revenue_x,TTM Pre-Tax Income,Pre-Tax Margin,TTM Revenue_y,TTM Net Income_x,Net Margin,TTM Net Income_y,Shareholder's Equity_y,Return on Equity,TTM Net Income_x,Tangible Equity,Return on Tangible Equity,TTM Net Income_y,Total Assets,Return on Assets,TTM Net Income,LT Investments & Debt,Return on Investment,revenue,cost-goods-sold,gross-profit,research-development-expenses,selling-general-administrative-expenses,operating-expenses,operating-income,total-non-operating-income-expense,pre-tax-income,total-provision-income-taxes,income-after-taxes,income-from-continuous-operations,net-income,ebitda,ebit,basic-shares-outstanding,shares-outstanding,eps-basic-net-earnings-per-share,eps-earnings-per-share-diluted,cash-on-hand,inventory,other-current-assets,total-current-assets,net-property-plant-equipment,long-term-investments,goodwill-intangible-assets-total,other-long-term-assets,total-long-term-assets,total-assets,total-current-liabilities,long-term-debt,other-non-current-liabilities,total-long-term-liabilities,total-liabilities,common-stock-net,retained-earnings-accumulated-deficit,comprehensive-income,total-share-holder-equity,total-liabilities-share-holders-equity,net-income-loss,total-depreciation-amortization-cash-flow,other-non-cash-items,total-non-cash-items,change-in-accounts-receivable,change-in-inventories,change-in-accounts-payable,change-in-assets-liabilities,total-change-in-assets-liabilities,cash-flow-from-operating-activities,net-change-in-property-plant-equipment,net-change-in-intangible-assets,net-acquisitions-divestitures,net-change-in-short-term-investments,net-change-in-long-term-investments,net-change-in-investments-total,investing-activities-other,cash-flow-from-investing-activities,net-long-term-debt,net-current-debt,debt-issuance-retirement-net-total,net-common-equity-issued-repurchased,net-total-equity-issued-repurchased,total-common-preferred-stock-dividends-paid,financial-activities-other,cash-flow-from-financial-activities,net-cash-flow,stock-based-compensation,common-stock-dividends-paid
0,2018-09-30,72.03,$0.76,94.61,$15.36,4.69,$6.91,10.43,$-3.32,0.0,$17.38B,$11.24B,1.55,$15.37B,$0.93B,16.56,$22.73B,$12.49B,54.94%,$22.73B,$0.74B,3.26%,$22.73B,$0.74B,3.26%,$22.73B,$2.58B,11.33%,$22.73B,$0.51B,2.26%,$22.73B,$-4.86B,-21.40%,$-4.86B,$0.93B,-27.12%,$-4.86B,$-8.53B,-60.45%,$-4.86B,$32.69B,-8.71%,$0.74B,$16.29B,2.10%,$5804,$2851,$2953,$1387,$689,$6457,$-653,$-121,$-774,$-281,$-493,$-493,$-493,$16,$-653,$1463,1463,$-0.36,$-0.35,$12088,$1693,$699,$17384,$2975,$35,$9453,$1935,$15302,$32686,$11236,$15365,$1225,$20522,$31758,$0,$663,$265,$928,$32686,$-4864,$1834,$5465,$7299,$734,$337,$-94,$-204,$1460,$3895,$-784,$0,$-326,$0,$3253,$3253,$2238,$4381,$-5500,$4,$-5496,$-21977,$-21977,$-3466,$-548,$-31487,$-23252,$883,$-3466
1,2018-06-30,56.12,$15.70,3.57,$15.36,3.65,$7.68,7.31,$-2.86,0.0,$44.32B,$16.21B,2.73,$15.38B,$23.07B,0.67,$22.83B,$12.79B,56.00%,$22.83B,$1.73B,7.57%,$22.83B,$1.73B,7.57%,$22.83B,$3.37B,14.75%,$22.83B,$1.72B,7.54%,$22.83B,$-4.20B,-18.40%,$-4.20B,$23.07B,-16.55%,$-4.20B,$13.26B,-27.51%,$-4.20B,$62.09B,-6.56%,$1.73B,$38.45B,3.95%,$5599,$2491,$3108,$1416,$655,$4674,$925,$31,$956,$-263,$1219,$1219,$1219,$1339,$925,$1478,1487,$0.82,$0.82,$35910,$1785,$3460,$44318,$3073,$35,$9804,$4016,$17772,$62090,$16212,$15378,$5724,$22810,$39022,$0,$22745,$323,$23068,$62090,$-4371,$1165,$5692,$6857,$470,$245,$-296,$-88,$1845,$4331,$-625,$0,$-192,$0,$3428,$3428,$4,$2615,$-4402,$2187,$-2215,$-1038,$-1038,$-2600,$-484,$-6337,$590,$659,$-2600
2,2018-03-31,54.83,$16.07,3.41,$15.20,3.61,$6.62,8.28,$-3.10,0.0,$45.54B,$12.66B,3.6,$19.36B,$23.82B,0.81,$22.61B,$12.56B,55.57%,$22.61B,$1.58B,6.98%,$22.61B,$1.58B,6.98%,$22.61B,$3.19B,14.13%,$22.61B,$1.62B,7.18%,$22.61B,$-4.56B,-20.15%,$-4.56B,$23.82B,-16.60%,$-4.56B,$13.71B,-26.52%,$-4.56B,$64.13B,-7.05%,$1.58B,$43.18B,3.37%,$5261,$2239,$3022,$1402,$869,$4820,$441,$-83,$358,$-5,$363,$363,$363,$829,$441,$1482,1494,$0.25,$0.24,$39571,$1797,$0,$45544,$3224,$35,$10111,$4086,$18582,$64126,$12660,$19361,$3206,$27647,$40307,$495,$22779,$545,$23819,$64126,$-5590,$751,$6180,$6931,$94,$243,$-511,$-55,$937,$2278,$-411,$0,$-170,$0,$2060,$2060,$2,$1481,$0,$1233,$1233,$-90,$-90,$-1689,$-328,$-874,$2917,$470,$-1689
3,2017-12-31,62.81,$16.16,3.89,$15.04,4.18,$6.82,9.21,$-2.84,0.0,$40.97B,$12.03B,3.41,$19.38B,$23.92B,0.81,$22.36B,$12.35B,55.22%,$22.36B,$1.87B,8.34%,$22.36B,$1.87B,8.34%,$22.36B,$3.40B,15.22%,$22.36B,$2.12B,9.49%,$22.36B,$-4.17B,-18.64%,$-4.17B,$23.92B,-14.22%,$-4.17B,$13.74B,-22.01%,$-4.17B,$64.35B,-6.66%,$1.87B,$43.31B,4.02%,$6068,$2663,$3405,$1420,$773,$6039,$29,$-56,$-27,$5926,$-5953,$-5953,$-5953,$392,$29,$1477,1477,$-4.03,$-4.03,$35403,$1872,$638,$40966,$3224,$4447,$10186,$4287,$23385,$64351,$12027,$19381,$3246,$28400,$40427,$265,$23273,$386,$23924,$64351,$-5953,$363,$5988,$6351,$581,$162,$-248,$-131,$1364,$1762,$-226,$0,$-122,$0,$-2923,$-2923,$10,$-3261,$0,$967,$967,$-91,$-91,$-844,$-197,$-165,$-1667,$248,$-844
4,2017-09-30,50.44,$20.86,2.42,$14.95,3.37,$6.76,7.46,$1.65,30.57,$43.59B,$10.91B,4.0,$19.40B,$30.75B,0.63,$22.29B,$12.50B,56.07%,$22.29B,$2.61B,11.73%,$22.29B,$2.61B,11.73%,$22.29B,$4.15B,18.62%,$22.29B,$3.02B,13.55%,$22.29B,$2.47B,11.06%,$2.47B,$30.75B,7.92%,$2.47B,$20.39B,11.71%,$2.47B,$65.49B,4.14%,$2.61B,$50.14B,5.71%,$5905,$2653,$3252,$1397,$742,$5571,$334,$101,$435,$265,$170,$170,$169,$807,$334,$1477,1490,$0.11,$0.11,$37308,$2035,$618,$43593,$3216,$1270,$10360,$4147,$21893,$65486,$10907,$19398,$2432,$23833,$34740,$274,$30088,$384,$30746,$65486,$2465,$1537,$307,$1844,$-1104,$-200,$-45,$-62,$692,$5001,$-690,$0,$-1544,$0,$22649,$22649,$-1952,$18463,$10953,$-751,$10202,$-845,$-845,$-3252,$-534,$5571,$29083,$914,$-3252
5,2017-06-30,53.14,$21.19,2.51,$15.11,3.52,$8.60,6.18,$2.61,20.36,$27.02B,$9.16B,2.95,$19.40B,$31.28B,0.62,$22.57B,$12.89B,57.12%,$22.57B,$4.08B,18.09%,$22.57B,$4.08B,18.09%,$22.57B,$5.59B,24.77%,$22.57B,$4.55B,20.14%,$22.57B,$3.90B,17.26%,$3.90B,$31.28B,12.41%,$3.90B,$20.88B,18.04%,$3.90B,$64.38B,6.92%,$4.08B,$50.69B,9.34%,$5371,$2488,$2883,$1391,$710,$4598,$773,$85,$858,$-7,$865,$865,$866,$1166,$773,$1478,1491,$0.59,$0.58,$20863,$2002,$624,$27021,$3164,$16889,$10403,$4155,$37358,$64379,$9163,$19403,$2419,$23933,$33096,$225,$30778,$291,$31283,$64379,$2296,$1064,$123,$1187,$-1021,$-182,$-543,$-38,$-906,$2577,$-428,$0,$-1401,$0,$3447,$3447,$-1960,$-342,$10953,$-750,$10203,$-696,$-696,$-2411,$-396,$6700,$8963,$712,$-2411
6,2017-03-31,54.64,$21.21,2.58,$15.58,3.51,$10.47,5.22,$3.00,18.21,$16.91B,$10.15B,1.67,$9.94B,$31.33B,0.32,$23.24B,$13.52B,58.16%,$23.24B,$4.90B,21.09%,$23.24B,$4.90B,21.09%,$23.24B,$6.37B,27.41%,$23.24B,$5.38B,23.15%,$23.24B,$4.47B,19.25%,$4.47B,$31.33B,14.32%,$4.47B,$20.75B,20.61%,$4.47B,$56.08B,8.46%,$4.90B,$41.27B,11.89%,$5016,$2208,$2808,$1386,$615,$4287,$729,$128,$857,$108,$749,$749,$749,$1039,$729,$1477,1489,$0.51,$0.50,$9982,$2066,$659,$16908,$3065,$18876,$10581,$4191,$39171,$56079,$10145,$9939,$2441,$14600,$24745,$346,$30768,$230,$31334,$56079,$1431,$671,$298,$969,$-1691,$-245,$-677,$27,$6,$2406,$-251,$0,$-1382,$0,$4351,$4351,$-1958,$760,$0,$249,$249,$-437,$-437,$-1567,$-227,$-1982,$1178,$485,$-1567
7,2016-12-31,61.55,$21.11,2.92,$15.91,3.87,$11.18,5.51,$3.28,18.77,$15.78B,$7.99B,1.97,$9.94B,$31.21B,0.32,$23.78B,$14.12B,59.38%,$23.78B,$5.59B,23.50%,$23.78B,$5.59B,23.50%,$23.78B,$7.12B,29.94%,$23.78B,$5.99B,25.20%,$23.78B,$4.89B,20.56%,$4.89B,$31.21B,15.87%,$4.89B,$22.18B,22.70%,$4.89B,$52.37B,9.51%,$5.59B,$41.14B,13.70%,$5999,$2443,$3556,$1311,$591,$5221,$778,$92,$870,$189,$681,$681,$682,$1139,$778,$1478,1495,$0.46,$0.46,$10812,$1910,$972,$15779,$2270,$18973,$9024,$4008,$36587,$52366,$7994,$9935,$953,$13166,$21160,$214,$30815,$186,$31206,$52366,$681,$361,$118,$479,$131,$-354,$-208,$-100,$426,$1586,$-129,$0,$-57,$0,$2774,$2774,$-1907,$681,$0,$0,$0,$-313,$-313,$-784,$-214,$-1311,$939,$239,$-784
8,2016-09-30,64.16,$21.52,2.98,$15.71,4.08,$11.92,5.38,$3.81,16.84,$22.98B,$7.31B,3.14,$10.01B,$31.77B,0.32,$23.55B,$13.81B,58.61%,$23.55B,$6.50B,27.57%,$23.55B,$6.50B,27.57%,$23.55B,$8.03B,34.09%,$23.55B,$6.83B,29.01%,$23.55B,$5.71B,24.22%,$5.71B,$31.77B,18.66%,$5.71B,$22.59B,27.01%,$5.71B,$52.36B,11.22%,$6.50B,$41.78B,16.01%,$6184,$2540,$3644,$1230,$568,$4381,$1803,$157,$1960,$361,$1599,$1599,$1599,$2246,$1803,$1484,1498,$1.08,$1.07,$18648,$1556,$558,$22981,$2306,$13702,$9179,$2161,$29378,$52359,$7311,$10008,$895,$13280,$20591,$414,$30936,$428,$31768,$52359,$5702,$1535,$324,$1859,$-232,$-49,$541,$-61,$71,$7632,$-539,$0,$-812,$0,$-2577,$-2577,$440,$-3488,$0,$749,$749,$-3255,$-3255,$-2990,$-258,$-5754,$-1614,$943,$-2990
9,2016-06-30,49.76,$20.80,2.39,$14.91,3.34,$10.10,4.92,$3.41,14.59,$20.98B,$6.84B,3.07,$10.02B,$30.64B,0.33,$22.83B,$13.37B,58.55%,$22.83B,$5.83B,25.55%,$22.83B,$5.83B,25.55%,$22.83B,$7.25B,31.77%,$22.83B,$6.13B,26.83%,$22.83B,$5.17B,22.64%,$5.17B,$30.64B,16.96%,$5.17B,$21.31B,24.58%,$5.17B,$50.79B,10.24%,$5.83B,$40.66B,14.42%,$6044,$2534,$3510,$1268,$620,$4452,$1592,$101,$1693,$250,$1443,$1443,$1444,$1948,$1592,$1471,1486,$0.98,$0.97,$17110,$1338,$592,$20979,$2341,$13922,$9326,$2143,$29807,$50786,$6843,$10024,$855,$13305,$20148,$169,$30134,$344,$30638,$50786,$4103,$1092,$201,$1293,$39,$169,$263,$-117,$-80,$5316,$-389,$232,$-663,$0,$-1605,$-1605,$196,$-2229,$0,$748,$748,$-3276,$-3276,$-2208,$-29,$-4765,$-1675,$730,$-2208
10,2016-03-31,47.05,$20.20,2.33,$14.42,3.26,$8.73,5.39,$3.17,14.84,$20.16B,$7.03B,2.87,$9.99B,$29.64B,0.34,$22.61B,$13.24B,58.53%,$22.61B,$5.48B,24.22%,$22.61B,$5.48B,24.22%,$22.61B,$6.84B,30.22%,$22.61B,$5.83B,25.78%,$22.61B,$4.91B,21.70%,$4.91B,$29.64B,15.77%,$4.91B,$20.08B,21.98%,$4.91B,$50.06B,9.65%,$5.48B,$39.63B,13.33%,$5551,$2141,$3410,$1301,$619,$4136,$1415,$55,$1470,$306,$1164,$1164,$1164,$1785,$1415,$1487,1498,$0.78,$0.78,$16402,$1427,$590,$20157,$2391,$13582,$9553,$2174,$29903,$50060,$7026,$9993,$878,$13397,$20423,$0,$29485,$160,$29637,$50060,$2660,$736,$50,$786,$254,$79,$137,$170,$30,$3476,$-253,$0,$-623,$0,$-940,$-940,$381,$-1435,$0,$948,$948,$-3327,$-3327,$-1427,$-16,$-3822,$-1785,$494,$-1427
11,2015-12-31,45.56,$20.22,2.25,$14.85,3.07,$7.34,6.21,$3.02,15.09,$20.34B,$6.50B,3.13,$9.95B,$30.23B,0.33,$23.96B,$14.09B,58.82%,$23.96B,$5.40B,22.53%,$23.96B,$5.40B,22.53%,$23.96B,$6.62B,27.61%,$23.96B,$5.90B,24.62%,$23.96B,$4.80B,20.02%,$4.80B,$30.23B,14.46%,$4.80B,$20.50B,19.15%,$4.80B,$50.23B,9.57%,$5.40B,$40.18B,13.28%,$5775,$2534,$3241,$1352,$578,$4090,$1685,$25,$1710,$214,$1496,$1496,$1498,$2051,$1685,$1502,1517,$1.00,$0.99,$16528,$1216,$664,$20338,$2484,$14063,$9737,$1991,$29891,$50229,$6503,$9950,$913,$13493,$19996,$0,$30172,$69,$30233,$50229,$1496,$366,$-237,$129,$646,$291,$50,$29,$1114,$2739,$-128,$0,$-450,$0,$-452,$-452,$314,$-716,$0,$-1,$-1,$-1951,$-1951,$-717,$4,$-2665,$-647,$247,$-717
12,2015-09-30,48.49,$20.61,2.35,$15.26,3.18,$6.87,7.06,$3.20,15.15,$22.10B,$6.10B,3.62,$9.97B,$31.41B,0.32,$25.28B,$14.90B,58.95%,$25.28B,$5.78B,22.85%,$25.28B,$5.78B,22.85%,$25.28B,$6.99B,27.65%,$25.28B,$6.49B,25.66%,$25.28B,$5.27B,20.85%,$5.27B,$31.41B,14.93%,$5.27B,$22.19B,18.89%,$5.27B,$50.80B,10.61%,$5.78B,$41.38B,14.34%,$5456,$2252,$3204,$1356,$595,$4315,$1141,$111,$1252,$190,$1062,$1062,$1062,$1467,$1141,$1618,1639,$0.69,$0.69,$17321,$1492,$687,$22099,$2534,$13626,$9221,$1863,$28697,$50796,$6100,$9969,$817,$13282,$19382,$0,$31226,$195,$31414,$50796,$5268,$1214,$971,$2185,$550,$93,$-908,$-1354,$-1947,$5506,$-728,$0,$-3019,$0,$178,$178,$-3,$-3572,$9937,$1000,$10937,$-10459,$-10459,$-2880,$141,$-2261,$-347,$1026,$-2880
13,2015-06-30,56.05,$21.04,2.66,$15.83,3.54,$8.47,6.62,$3.64,15.4,$25.93B,$6.08B,4.26,$9.91B,$33.20B,0.3,$26.52B,$15.63B,58.95%,$26.52B,$6.63B,24.99%,$26.52B,$6.63B,24.99%,$26.52B,$7.81B,29.46%,$26.52B,$7.49B,28.23%,$26.52B,$6.10B,23.02%,$6.10B,$33.20B,16.38%,$6.10B,$26.53B,20.09%,$6.10B,$52.30B,12.43%,$6.63B,$43.11B,16.68%,$5832,$2451,$3381,$1407,$621,$4597,$1235,$163,$1398,$215,$1183,$1183,$1184,$1532,$1235,$1608,1629,$0.74,$0.73,$21331,$1583,$581,$25928,$2574,$13894,$6664,$1960,$26367,$52295,$6083,$9913,$527,$13016,$19099,$0,$32699,$503,$33196,$52295,$4207,$888,$891,$1779,$438,$-122,$-769,$-1305,$-2164,$3822,$-654,$0,$-325,$0,$-1247,$-1247,$6,$-2220,$9937,$999,$10936,$-8445,$-8445,$-2142,$139,$488,$2080,$793,$-2142
14,2015-03-31,61.63,$23.17,2.66,$16.22,3.8,$10.23,6.03,$4.22,14.6,$20.74B,$6.17B,3.36,$0.00B,$37.83B,0.0,$27.49B,$16.32B,59.36%,$27.49B,$7.47B,27.16%,$27.49B,$7.47B,27.16%,$27.49B,$8.65B,31.45%,$27.49B,$8.59B,31.23%,$27.49B,$7.16B,26.04%,$7.16B,$37.83B,18.52%,$7.16B,$30.96B,22.55%,$7.16B,$47.17B,14.87%,$7.47B,$37.83B,19.32%,$6894,$2628,$4266,$1375,$545,$5558,$1336,$203,$1539,$487,$1052,$1052,$1053,$1565,$1336,$1645,1667,$0.64,$0.63,$15555,$1861,$733,$20740,$2523,$14055,$6870,$1936,$26433,$47173,$6169,$0,$503,$3170,$9339,$4956,$32411,$472,$37834,$47173,$3023,$591,$454,$1045,$338,$-403,$-508,$-1384,$-2362,$1706,$-449,$0,$-191,$0,$-112,$-112,$62,$-690,$0,$1094,$1094,$-3194,$-3194,$-1385,$69,$-3416,$-2415,$522,$-1385
15,2014-12-31,65.68,$23.47,2.8,$15.79,4.16,$11.68,5.62,$4.73,13.89,$22.76B,$6.41B,3.55,$0.00B,$38.82B,0.0,$26.96B,$15.94B,59.10%,$26.96B,$8.12B,30.12%,$26.96B,$8.12B,30.12%,$26.96B,$9.36B,34.72%,$26.96B,$9.32B,34.56%,$26.96B,$8.06B,29.91%,$8.06B,$38.82B,20.81%,$8.06B,$31.91B,25.33%,$8.06B,$48.45B,16.69%,$8.12B,$38.82B,20.95%,$7099,$3047,$4052,$1352,$583,$5035,$2064,$234,$2298,$327,$1971,$1971,$1972,$2426,$2064,$1661,1686,$1.19,$1.17,$17788,$1761,$528,$22761,$2531,$13815,$6910,$1101,$25686,$48447,$6405,$0,$460,$3223,$9628,$6334,$32061,$428,$38819,$48447,$1971,$362,$86,$448,$173,$-303,$268,$-213,$-55,$2364,$-253,$0,$-111,$0,$-1394,$-1394,$22,$-1736,$0,$0,$0,$-1548,$-1548,$-697,$42,$-2203,$-1582,$273,$-697
16,2014-09-30,65.69,$23.47,2.8,$15.42,4.26,$11.92,5.51,$4.65,14.13,$22.41B,$6.01B,3.73,$0.00B,$39.17B,0.0,$26.49B,$15.80B,59.66%,$26.49B,$7.55B,28.50%,$26.49B,$7.55B,28.50%,$26.49B,$8.70B,32.85%,$26.49B,$8.78B,33.14%,$26.49B,$7.97B,30.08%,$7.97B,$39.17B,20.80%,$7.97B,$32.10B,25.34%,$7.97B,$48.57B,16.68%,$7.55B,$39.17B,19.71%,$6692,$2758,$3934,$1364,$546,$4700,$1992,$260,$2252,$357,$1895,$1895,$1895,$2289,$1992,$1683,1714,$1.13,$1.11,$17565,$1458,$401,$22413,$2487,$14457,$7068,$975,$26161,$48574,$6013,$0,$428,$3395,$9408,$0,$30799,$634,$39166,$48574,$7964,$1150,$391,$1541,$-281,$-155,$619,$-184,$-618,$8887,$-1148,$0,$-107,$0,$-465,$-465,$81,$-1639,$0,$0,$0,$-3110,$-3110,$-2586,$216,$-5480,$1765,$1059,$-2586
17,2014-06-30,69.2,$23.12,2.99,$15.22,4.55,$11.82,5.86,$4.40,15.73,$22.41B,$6.02B,3.72,$0.00B,$38.79B,0.0,$26.28B,$15.63B,59.50%,$26.28B,$7.15B,27.20%,$26.28B,$7.15B,27.20%,$26.28B,$8.27B,31.48%,$26.28B,$8.35B,31.77%,$26.28B,$7.57B,28.82%,$7.57B,$38.79B,20.17%,$7.57B,$32.00B,24.59%,$7.57B,$48.36B,16.11%,$7.15B,$38.79B,19.04%,$6806,$2740,$4066,$1429,$582,$4731,$2075,$422,$2497,$260,$2237,$2237,$2238,$2367,$2075,$1683,1714,$1.33,$1.31,$18153,$1185,$535,$22408,$2555,$14563,$6791,$843,$25947,$48355,$6021,$0,$379,$3547,$9568,$8346,$29618,$825,$38787,$48355,$6070,$853,$268,$1121,$43,$116,$321,$-66,$77,$7268,$-918,$0,$341,$0,$-1040,$-1040,$65,$-1552,$0,$0,$0,$-2207,$-2207,$-1884,$174,$-3917,$1802,$806,$-1884
18,2014-03-31,68.54,$22.69,3.02,$14.78,4.64,$11.21,6.12,$3.99,17.18,$21.01B,$5.90B,3.56,$0.00B,$38.25B,0.0,$25.71B,$15.31B,59.56%,$25.71B,$6.75B,26.24%,$25.71B,$6.75B,26.24%,$25.71B,$7.84B,30.48%,$25.71B,$7.76B,30.18%,$25.71B,$6.92B,26.89%,$6.92B,$38.25B,18.57%,$6.92B,$31.33B,22.65%,$6.92B,$47.88B,14.83%,$6.75B,$38.25B,18.12%,$6367,$2482,$3885,$1356,$539,$4377,$1990,$282,$2272,$314,$1958,$1958,$1959,$2279,$1990,$1688,1719,$1.16,$1.14,$16628,$1147,$521,$21008,$2573,$15425,$6925,$783,$26867,$47875,$5901,$0,$354,$3721,$9622,$9347,$28097,$810,$38253,$47875,$3833,$561,$196,$757,$-96,$153,$35,$15,$5,$4595,$-797,$0,$441,$0,$-2164,$-2164,$62,$-2458,$0,$0,$0,$-1051,$-1051,$-1179,$289,$-1941,$195,$532,$-1179
19,2013-12-31,64.23,$21.95,2.93,$14.55,4.41,$11.09,5.79,$3.91,16.43,$20.59B,$5.31B,3.87,$0.00B,$37.03B,0.0,$25.47B,$15.18B,59.60%,$25.47B,$6.64B,26.05%,$25.47B,$6.64B,26.05%,$25.47B,$7.68B,30.16%,$25.47B,$7.62B,29.93%,$25.47B,$6.82B,26.78%,$6.82B,$37.03B,18.40%,$6.82B,$30.33B,22.42%,$6.82B,$46.28B,14.65%,$6.64B,$37.03B,17.89%,$6622,$2706,$3916,$1328,$623,$5129,$1493,$264,$1757,$313,$1444,$1444,$1875,$1765,$1493,$1688,1722,$1.11,$1.09,$17280,$1064,$510,$20585,$2562,$14330,$6702,$757,$25697,$46282,$5313,$0,$376,$3942,$9255,$0,$26737,$784,$37027,$46282,$1874,$272,$130,$402,$788,$237,$-148,$-30,$505,$2781,$-210,$0,$473,$0,$101,$101,$81,$445,$0,$0,$0,$-561,$-561,$-590,$78,$-1073,$2150,$282,$-590
20,2013-09-30,57.96,$21.42,2.71,$14.14,4.1,$10.61,5.46,$3.91,14.82,$19.56B,$5.21B,3.75,$0.00B,$36.09B,0.0,$24.87B,$15.05B,60.51%,$24.87B,$7.23B,29.08%,$24.87B,$7.23B,29.08%,$24.87B,$8.25B,33.17%,$24.87B,$8.19B,32.95%,$24.87B,$6.85B,27.56%,$6.85B,$36.09B,18.69%,$6.85B,$29.56B,22.85%,$6.85B,$45.52B,14.84%,$7.23B,$36.09B,19.72%,$6481,$2714,$3767,$1349,$657,$4893,$1588,$233,$1821,$320,$1501,$1501,$1501,$1861,$1588,$1715,1754,$0.88,$0.86,$14966,$1302,$572,$19555,$2995,$14440,$6529,$938,$25961,$45516,$5213,$0,$550,$4216,$9429,$0,$25461,$753,$36087,$45516,$6845,$1017,$1031,$2048,$-680,$-300,$307,$-194,$-115,$8778,$-1044,$0,$-192,$0,$-402,$-402,$60,$-1578,$95,$0,$95,$-3085,$-3085,$-2055,$200,$-4845,$2335,$1105,$-2055
21,2013-06-30,52.32,$21.83,2.4,$13.25,3.95,$8.91,5.87,$3.78,13.84,$15.97B,$5.03B,3.18,$0.00B,$37.58B,0.0,$23.26B,$14.31B,61.53%,$23.26B,$6.88B,29.57%,$23.26B,$6.88B,29.57%,$23.26B,$7.88B,33.88%,$23.26B,$7.90B,33.97%,$23.26B,$6.62B,28.48%,$6.62B,$37.58B,18.38%,$6.62B,$30.90B,22.62%,$6.62B,$46.81B,14.54%,$6.88B,$37.58B,19.09%,$6243,$2497,$3746,$1298,$613,$4566,$1677,$233,$1910,$332,$1578,$1578,$1580,$1932,$1677,$1727,1765,$0.91,$0.90,$11461,$1727,$506,$15972,$2974,$18941,$6685,$791,$30837,$46809,$5028,$0,$519,$4198,$9226,$0,$24564,$698,$37583,$46809,$5344,$744,$815,$1559,$-445,$-699,$598,$-141,$-635,$6268,$-808,$0,$-179,$0,$-5068,$-5068,$68,$-5987,$42,$0,$42,$-325,$-325,$-1463,$213,$-1533,$-1274,$831,$-1463
22,2013-03-31,57.02,$21.80,2.62,$12.34,4.62,$7.84,7.27,$3.57,15.97,$17.77B,$5.26B,3.38,$0.00B,$37.63B,0.0,$21.64B,$13.47B,62.25%,$21.64B,$6.58B,30.42%,$21.64B,$6.58B,30.42%,$21.64B,$7.55B,34.89%,$21.64B,$7.57B,34.98%,$21.64B,$6.25B,28.88%,$6.25B,$37.63B,17.97%,$6.25B,$30.92B,22.50%,$6.25B,$47.60B,14.05%,$6.58B,$37.63B,18.92%,$6124,$2372,$3752,$1214,$661,$4247,$1877,$259,$2136,$273,$1863,$1863,$1866,$2125,$1877,$1722,1763,$1.08,$1.06,$13493,$1484,$582,$17766,$2971,$17046,$6710,$1877,$29833,$47599,$5263,$0,$1011,$4708,$9971,$0,$23599,$1021,$37628,$47599,$3766,$489,$446,$935,$-424,$-454,$377,$-212,$-510,$4191,$-494,$0,$-132,$0,$-3115,$-3115,$70,$-3671,$0,$0,$0,$497,$497,$-859,$101,$-261,$286,$550,$-859
23,2012-12-31,52.49,$20.60,2.55,$11.70,4.49,$7.48,7.02,$3.79,13.85,$17.10B,$5.01B,3.42,$0.00B,$35.35B,0.0,$20.46B,$12.88B,62.95%,$20.46B,$6.22B,30.40%,$20.46B,$6.22B,30.40%,$20.46B,$7.15B,34.94%,$20.46B,$7.17B,35.04%,$20.46B,$6.61B,32.33%,$6.61B,$35.35B,19.84%,$6.61B,$28.60B,25.08%,$6.61B,$44.84B,15.40%,$6.22B,$35.35B,18.65%,$6018,$2237,$3781,$1106,$587,$3930,$2088,$239,$2327,$424,$1903,$1903,$1906,$2329,$2088,$1709,1751,$1.12,$1.09,$13275,$1277,$595,$17103,$2874,$15096,$6755,$1686,$27738,$44841,$5005,$0,$966,$4482,$9487,$0,$22172,$880,$35354,$44841,$1903,$241,$329,$570,$-185,$-247,$376,$-55,$-498,$1975,$-205,$0,$-39,$0,$-1009,$-1009,$26,$-1227,$0,$0,$0,$90,$90,$-428,$63,$-275,$486,$283,$-428
24,2012-09-30,52.8,$19.66,2.69,$10.99,4.81,$7.29,7.24,$3.51,15.04,$15.65B,$5.30B,2.95,$0.00B,$33.55B,0.0,$19.12B,$12.03B,62.89%,$19.12B,$5.68B,29.72%,$19.12B,$5.68B,29.72%,$19.12B,$6.58B,34.41%,$19.12B,$6.56B,34.32%,$19.12B,$6.11B,31.95%,$6.11B,$33.55B,19.31%,$6.11B,$26.69B,24.77%,$6.11B,$43.01B,14.85%,$5.68B,$33.55B,17.96%,$4871,$1840,$3031,$1114,$628,$3636,$1235,$291,$1526,$287,$1239,$1239,$1271,$1492,$1235,$1700,1741,$0.75,$0.73,$12374,$1030,$473,$15645,$2851,$14463,$6855,$1786,$27367,$43012,$5302,$0,$426,$4165,$9467,$0,$20701,$866,$33545,$43012,$6059,$897,$-293,$604,$-456,$-252,$371,$13,$-665,$5998,$-1284,$0,$-833,$0,$-6602,$-6602,$1842,$-6877,$119,$0,$119,$401,$401,$-1583,$306,$-757,$-1655,$1035,$-1583
25,2012-06-30,46.87,$19.05,2.46,$10.62,4.41,$7.13,6.57,$3.40,13.79,$16.38B,$5.52B,2.97,$0.00B,$32.61B,0.0,$18.37B,$11.61B,63.23%,$18.37B,$5.68B,30.94%,$18.37B,$5.68B,30.94%,$18.37B,$6.58B,35.82%,$18.37B,$6.36B,34.63%,$18.37B,$5.89B,32.09%,$5.89B,$32.61B,19.66%,$5.89B,$24.92B,25.52%,$5.89B,$42.45B,14.92%,$5.68B,$32.61B,18.95%,$4626,$1719,$2907,$974,$544,$3244,$1382,$199,$1581,$375,$1206,$1206,$1207,$1603,$1382,$1715,1758,$0.70,$0.69,$13395,$820,$400,$16377,$2888,$13152,$7688,$663,$26068,$42445,$5516,$0,$515,$4324,$9840,$0,$19868,$620,$32605,$42445,$4797,$640,$-595,$45,$-249,$-53,$197,$264,$-253,$4589,$-1034,$1925,$-677,$0,$-7013,$-7013,$-76,$-6875,$119,$0,$119,$886,$886,$-1158,$413,$260,$-2050,$752,$-1158
26,2012-03-31,57.04,$18.63,3.06,$10.11,5.64,$6.68,8.54,$3.32,17.18,$17.86B,$5.18B,3.45,$0.00B,$31.87B,0.0,$17.36B,$11.05B,63.65%,$17.36B,$5.41B,31.18%,$17.36B,$5.41B,31.18%,$17.36B,$6.27B,36.13%,$17.36B,$6.05B,34.86%,$17.36B,$5.72B,32.96%,$5.72B,$31.87B,20.14%,$5.72B,$25.26B,26.16%,$5.72B,$41.53B,15.19%,$5.41B,$31.87B,19.06%,$4943,$1783,$3160,$954,$595,$3429,$1514,$220,$1734,$296,$1438,$1438,$2230,$1725,$1514,$1698,1743,$1.31,$1.28,$15079,$781,$327,$17861,$2760,$11489,$6609,$1494,$23670,$41531,$5178,$0,$589,$4483,$9661,$0,$19090,$809,$31870,$41531,$3594,$419,$-506,$-87,$-195,$-21,$287,$350,$160,$3667,$-635,$0,$-329,$0,$-4481,$-4481,$1872,$-3573,$81,$0,$81,$1036,$1036,$-729,$59,$447,$536,$488,$-729
27,2011-12-31,45.69,$16.89,2.7,$9.57,4.78,$5.91,7.73,$2.63,17.37,$14.03B,$4.99B,2.81,$0.00B,$28.50B,0.0,$16.29B,$10.70B,65.70%,$16.29B,$5.33B,32.72%,$16.29B,$5.33B,32.72%,$16.29B,$6.53B,40.06%,$16.29B,$5.94B,36.45%,$16.29B,$4.49B,27.57%,$4.49B,$28.50B,16.82%,$4.49B,$21.78B,21.48%,$4.49B,$37.61B,12.57%,$5.33B,$28.50B,19.97%,$4681,$1754,$2927,$873,$503,$3130,$1551,$170,$1721,$321,$1400,$1400,$1401,$1759,$1551,$1684,1721,$0.83,$0.81,$11540,$714,$236,$14034,$2607,$10438,$6717,$2184,$23572,$37606,$4994,$0,$580,$4115,$9109,$0,$17237,$495,$28497,$37606,$1395,$208,$248,$456,$-38,$50,$26,$-67,$-72,$1779,$-359,$0,$-300,$0,$-1413,$-1413,$4,$-2068,$0,$0,$0,$129,$129,$-362,$42,$-191,$-498,$247,$-362
28,2011-09-30,40.46,$16.05,2.52,$8.88,4.56,$5.05,8.01,$2.53,15.99,$14.29B,$5.29B,2.7,$0.00B,$26.97B,0.0,$14.96B,$10.08B,67.39%,$14.96B,$5.03B,33.60%,$14.96B,$5.03B,33.60%,$14.96B,$6.22B,41.55%,$14.96B,$5.69B,38.02%,$14.96B,$4.26B,28.48%,$4.26B,$26.97B,16.87%,$4.26B,$20.44B,21.28%,$4.26B,$36.42B,12.47%,$5.03B,$26.97B,19.90%,$4116,$1497,$2619,$851,$532,$2880,$1236,$88,$1324,$270,$1054,$1054,$1056,$1491,$1236,$1658,1691,$0.63,$0.61,$11652,$765,$346,$14293,$2414,$9261,$6531,$2220,$22129,$36422,$5289,$0,$620,$4161,$9450,$0,$16204,$353,$26972,$36422,$4242,$1189,$-973,$216,$-140,$-62,$-26,$98,$442,$4900,$-593,$0,$-3624,$0,$-287,$-287,$15,$-4489,$0,$0,$0,$2505,$2505,$-1346,$359,$1518,$1915,$824,$-1346
29,2011-06-30,47.03,$15.68,3.0,$8.22,5.72,$4.70,10.0,$2.44,19.28,$12.83B,$4.46B,2.88,$0.00B,$26.30B,0.0,$13.79B,$9.59B,69.51%,$13.79B,$4.97B,36.03%,$13.79B,$4.97B,36.03%,$13.79B,$6.07B,44.05%,$13.79B,$5.76B,41.79%,$13.79B,$4.07B,29.51%,$4.07B,$26.30B,17.15%,$4.07B,$20.01B,21.42%,$4.07B,$35.10B,12.44%,$4.97B,$26.30B,20.95%,$3623,$1278,$2345,$757,$475,$2510,$1113,$161,$1274,$289,$985,$985,$1035,$1298,$1113,$1673,1709,$0.62,$0.61,$10728,$753,$210,$12833,$2267,$9493,$6293,$2330,$22267,$35100,$4464,$0,$705,$4335,$8799,$0,$15516,$744,$26301,$35100,$3194,$934,$-1165,$-231,$21,$-43,$-191,$120,$117,$3080,$-400,$0,$0,$0,$-2141,$-2141,$-22,$-2563,$0,$0,$0,$2454,$2454,$-985,$203,$1672,$2199,$568,$-985
30,2011-03-31,45.24,$15.01,3.01,$7.75,5.84,$4.76,9.5,$2.30,19.67,$14.85B,$4.39B,3.39,$0.00B,$25.00B,0.0,$12.87B,$9.09B,70.64%,$12.87B,$4.75B,36.91%,$12.87B,$4.75B,36.91%,$12.87B,$5.84B,45.35%,$12.87B,$5.57B,43.25%,$12.87B,$3.80B,29.54%,$3.80B,$25.00B,17.18%,$3.80B,$21.41B,21.31%,$3.80B,$33.82B,12.15%,$4.75B,$25.00B,21.47%,$3870,$1059,$2811,$738,$529,$2440,$1430,$189,$1619,$355,$1264,$1264,$999,$1978,$1430,$1654,1689,$0.60,$0.59,$13025,$606,$174,$14850,$2114,$9081,$3591,$2271,$18974,$33824,$4385,$0,$705,$4438,$8823,$0,$14840,$802,$25001,$33824,$2164,$749,$-1349,$-600,$23,$-81,$-145,$186,$252,$1816,$-181,$0,$-89,$0,$-378,$-378,$23,$-625,$0,$0,$0,$2024,$2024,$-625,$220,$1619,$2820,$375,$-625
31,2010-12-31,40.7,$13.91,2.92,$7.04,5.78,$4.89,8.32,$2.17,18.76,$12.33B,$3.94B,3.13,$0.00B,$22.74B,0.0,$11.66B,$8.13B,69.74%,$11.66B,$4.10B,35.12%,$11.66B,$4.10B,35.12%,$11.66B,$4.80B,41.17%,$11.66B,$4.91B,42.12%,$11.66B,$3.58B,30.67%,$3.58B,$22.74B,16.99%,$3.58B,$18.23B,21.64%,$3.58B,$31.29B,11.94%,$4.10B,$22.74B,19.45%,$3348,$1043,$2305,$649,$409,$2101,$1247,$223,$1470,$218,$1252,$1252,$1170,$1448,$1247,$1623,1648,$0.72,$0.71,$10509,$574,$255,$12331,$2361,$8598,$4502,$1520,$18960,$31291,$3943,$0,$791,$4612,$8555,$0,$14161,$757,$22736,$31291,$1170,$201,$-1494,$-1293,$76,$-45,$-234,$353,$171,$48,$-102,$0,$0,$0,$649,$649,$7,$554,$0,$0,$0,$791,$791,$-309,$79,$561,$1164,$174,$-309
32,2010-09-30,36.97,$12.94,2.86,$6.59,5.61,$5.60,6.6,$1.96,18.86,$12.13B,$5.47B,2.22,$0.00B,$20.86B,0.0,$10.98B,$7.68B,69.94%,$10.98B,$3.73B,33.94%,$10.98B,$3.73B,33.94%,$10.98B,$4.39B,40.00%,$10.98B,$4.49B,40.91%,$10.98B,$3.25B,29.57%,$3.25B,$20.86B,15.68%,$3.25B,$16.35B,20.11%,$3.25B,$30.57B,11.07%,$3.73B,$20.86B,18.00%,$2949,$824,$2125,$584,$362,$1770,$1179,$221,$1400,$327,$1073,$1073,$865,$1350,$1179,$1643,1658,$0.54,$0.53,$10279,$528,$275,$12133,$2373,$8123,$4510,$1511,$18439,$30572,$5468,$0,$761,$4246,$9714,$0,$13305,$697,$20858,$30572,$3247,$666,$209,$875,$-18,$-80,$148,$133,$-46,$4076,$-426,$0,$-94,$0,$617,$617,$-936,$-839,$1064,$0,$1064,$-2327,$-2327,$-1177,$35,$-2405,$830,$612,$-1177
33,2010-06-30,26.77,$12.36,2.17,$6.40,4.18,$7.23,3.7,$1.91,14.01,$11.61B,$5.19B,2.24,$0.00B,$19.89B,0.0,$10.70B,$7.55B,70.59%,$10.70B,$3.46B,32.36%,$10.70B,$3.46B,32.36%,$10.70B,$4.13B,38.63%,$10.70B,$4.16B,38.92%,$10.70B,$3.19B,29.78%,$3.19B,$19.89B,15.48%,$3.19B,$15.37B,19.91%,$3.19B,$29.40B,11.15%,$3.46B,$19.89B,16.83%,$2700,$852,$1848,$623,$332,$1807,$893,$183,$1076,$244,$832,$832,$767,$1059,$893,$1629,1642,$0.47,$0.47,$9968,$446,$189,$11614,$2382,$7618,$4516,$1497,$17787,$29401,$5190,$0,$738,$4325,$9515,$0,$12746,$529,$19886,$29401,$2382,$495,$158,$653,$-91,$7,$23,$170,$-52,$2983,$-313,$0,$0,$0,$260,$260,$-943,$-996,$1064,$0,$1064,$-2374,$-2374,$-872,$32,$-2150,$-176,$453,$-872
34,2010-03-31,34.02,$12.63,2.69,$6.40,5.31,$8.73,3.9,$1.88,18.09,$12.65B,$3.33B,3.8,$0.00B,$20.72B,0.0,$10.75B,$7.59B,70.63%,$10.75B,$3.46B,32.21%,$10.75B,$3.46B,32.21%,$10.75B,$4.12B,38.33%,$10.75B,$4.07B,37.87%,$10.75B,$3.16B,29.35%,$3.16B,$20.72B,15.56%,$3.16B,$16.14B,20.13%,$3.16B,$28.50B,11.41%,$3.46B,$20.72B,17.08%,$2663,$809,$1854,$648,$430,$1887,$776,$189,$965,$191,$774,$774,$774,$943,$776,$1662,1678,$0.47,$0.46,$11156,$402,$210,$12652,$2374,$7057,$4576,$462,$15845,$28497,$3330,$0,$760,$4447,$7777,$0,$12287,$820,$20720,$28497,$1615,$329,$86,$415,$35,$52,$-81,$235,$2,$2032,$-196,$0,$0,$0,$-267,$-267,$36,$-427,$0,$0,$0,$-1231,$-1231,$-563,$30,$-1764,$-164,$304,$-563
35,2009-12-31,37.33,$12.76,2.93,$6.30,5.93,$10.24,3.65,$1.24,30.11,$13.57B,$2.95B,4.6,$0.00B,$21.35B,0.0,$10.54B,$7.45B,70.72%,$10.54B,$2.68B,25.39%,$10.54B,$2.68B,25.39%,$10.54B,$3.32B,31.51%,$10.54B,$3.00B,28.50%,$10.54B,$2.09B,19.85%,$2.09B,$21.35B,10.80%,$2.09B,$16.72B,14.18%,$2.09B,$28.90B,7.88%,$2.68B,$21.35B,13.81%,$2670,$816,$1854,$596,$379,$1791,$879,$173,$1052,$211,$841,$841,$841,$1041,$879,$1672,1691,$0.50,$0.50,$12164,$350,$245,$13574,$2384,$6764,$4632,$431,$15329,$28903,$2948,$0,$827,$4602,$7550,$0,$11792,$744,$21353,$28903,$841,$162,$92,$254,$87,$101,$-226,$306,$144,$1239,$-88,$0,$0,$0,$-91,$-91,$7,$-172,$0,$0,$0,$152,$152,$-284,$12,$-120,$943,$151,$-284
36,2009-09-30,36.17,$12.17,2.97,$6.23,5.8,$11.52,3.14,$0.94,38.47,$12.57B,$2.81B,4.47,$0.00B,$20.32B,0.0,$10.39B,$7.36B,70.88%,$10.39B,$2.54B,24.47%,$10.39B,$2.54B,24.47%,$10.39B,$3.18B,30.59%,$10.39B,$2.40B,23.13%,$10.39B,$1.59B,15.33%,$1.59B,$20.32B,8.69%,$1.59B,$15.76B,11.61%,$1.59B,$27.45B,6.32%,$2.54B,$20.32B,13.88%,$2662,$668,$1994,$519,$297,$1749,$913,$156,$1069,$66,$1003,$1003,$803,$1088,$913,$1656,1673,$0.48,$0.49,$11069,$453,$199,$12570,$2387,$6673,$4557,$415,$14875,$27445,$2813,$0,$852,$4316,$7129,$0,$11235,$588,$20316,$27445,$1592,$635,$952,$1587,$3083,$69,$57,$-200,$3993,$7172,$-761,$0,$0,$173,$-5223,$-5050,$354,$-5457,$0,$0,$0,$357,$357,$-1093,$-97,$-833,$877,$584,$-1093
37,2009-06-30,36.21,$11.28,3.21,$6.65,5.45,$8.99,4.03,$0.98,36.95,$11.73B,$2.37B,4.95,$0.00B,$18.71B,0.0,$11.06B,$7.78B,70.35%,$11.06B,$2.97B,26.81%,$11.06B,$2.97B,26.81%,$11.06B,$3.55B,32.06%,$11.06B,$2.44B,22.08%,$11.06B,$1.67B,15.08%,$1.67B,$18.71B,9.41%,$1.67B,$14.06B,12.72%,$1.67B,$25.71B,6.81%,$2.97B,$18.71B,16.73%,$2753,$864,$1889,$618,$377,$1859,$894,$90,$984,$247,$737,$737,$737,$1048,$894,$1656,1675,$0.45,$0.44,$9880,$375,$247,$11731,$2311,$5801,$4650,$398,$13982,$25713,$2372,$0,$1102,$4630,$7002,$0,$10716,$7,$18711,$25713,$790,$460,$1156,$1616,$2691,$143,$-8,$-118,$3445,$5851,$-617,$0,$0,$173,$-2938,$-2765,$355,$-3027,$0,$-173,$-173,$-9,$-9,$-810,$54,$-938,$1881,$436,$-810
38,2009-03-31,31.05,$10.35,3.0,$6.68,4.65,$6.82,4.55,$0.99,31.36,$11.23B,$2.26B,4.98,$0.00B,$17.11B,0.0,$11.07B,$7.76B,70.15%,$11.07B,$2.90B,26.16%,$11.07B,$2.90B,26.16%,$11.07B,$3.44B,31.06%,$11.07B,$2.34B,21.14%,$11.07B,$1.68B,15.17%,$1.68B,$17.11B,9.73%,$1.68B,$12.49B,12.51%,$1.68B,$24.08B,7.31%,$2.90B,$17.11B,16.78%,$2455,$738,$1717,$604,$375,$2465,$-10,$-91,$-101,$188,$-289,$-289,$-289,$144,$-10,$1651,1651,$-0.18,$-0.18,$9415,$409,$324,$11232,$2282,$4560,$4625,$444,$12852,$24084,$2257,$0,$1115,$4714,$6971,$0,$10241,$-776,$17113,$24084,$52,$306,$976,$1282,$2824,$113,$-103,$-114,$3430,$4764,$-468,$0,$0,$173,$-1875,$-1702,$323,$-1847,$0,$-173,$-173,$-184,$-184,$-528,$29,$-856,$2052,$285,$-528
39,2008-12-31,28.46,$10.39,2.74,$6.77,4.2,$5.07,5.61,$1.64,17.35,$11.01B,$2.08B,5.29,$0.00B,$17.14B,0.0,$11.22B,$7.83B,69.82%,$11.22B,$3.72B,33.14%,$11.22B,$3.72B,33.14%,$11.22B,$4.22B,37.60%,$11.22B,$3.35B,29.83%,$11.22B,$2.73B,24.37%,$2.73B,$17.14B,16.23%,$2.73B,$12.56B,19.83%,$2.73B,$23.46B,12.73%,$3.72B,$17.14B,22.07%,$2517,$755,$1762,$604,$413,$1772,$745,$-294,$451,$110,$341,$341,$341,$897,$745,$1653,1667,$0.21,$0.20,$9020,$458,$290,$11010,$2262,$4048,$4574,$565,$12445,$23455,$2082,$0,$570,$4236,$6318,$0,$10794,$-1070,$17137,$23455,$341,$152,$556,$708,$2716,$65,$-192,$-83,$2452,$3501,$-234,$0,$0,$162,$-1227,$-1065,$198,$-1101,$26,$-162,$-136,$-285,$-285,$0,$15,$-406,$1986,$145,$0
40,2008-09-30,33.97,$10.84,3.13,$6.73,5.05,$3.56,9.53,$1.90,17.88,$11.87B,$2.44B,4.87,$0.00B,$17.94B,0.0,$11.14B,$7.73B,69.36%,$11.14B,$3.73B,33.48%,$11.14B,$3.73B,33.48%,$11.14B,$4.19B,37.57%,$11.14B,$3.83B,34.34%,$11.14B,$3.16B,28.36%,$3.16B,$17.94B,19.19%,$3.16B,$13.32B,22.29%,$3.16B,$24.71B,15.64%,$3.73B,$17.94B,22.66%,$3334,$922,$2412,$621,$455,$1998,$1336,$-228,$1108,$229,$879,$879,$879,$1456,$1336,$1632,1660,$0.54,$0.52,$6411,$521,$464,$11872,$2162,$4858,$4621,$369,$12840,$24712,$2440,$0,$333,$4328,$6768,$0,$10717,$-284,$17944,$24712,$3160,$456,$650,$1106,$-802,$-47,$-63,$-106,$-708,$3558,$-1397,$0,$0,$248,$-1695,$-1447,$25,$-2819,$0,$0,$0,$-486,$-486,$-982,$161,$-1307,$-571,$541,$-982
41,2008-06-30,34.97,$10.26,3.41,$6.08,5.75,$4.03,8.68,$2.05,17.06,$9.06B,$2.11B,4.29,$0.00B,$16.83B,0.0,$10.11B,$6.90B,68.19%,$10.11B,$3.17B,31.35%,$10.11B,$3.17B,31.35%,$10.11B,$3.61B,35.66%,$10.11B,$3.67B,36.24%,$10.11B,$3.41B,33.74%,$3.41B,$16.83B,21.41%,$3.41B,$15.31B,23.85%,$3.41B,$19.60B,18.30%,$3.17B,$16.83B,19.90%,$2762,$889,$1873,$596,$453,$1938,$824,$58,$882,$134,$748,$748,$748,$941,$824,$1626,1654,$0.46,$0.45,$6940,$618,$228,$9061,$1912,$4567,$1520,$1667,$10536,$19597,$2111,$0,$536,$660,$2771,$0,$10104,$-61,$16826,$19597,$2282,$336,$276,$612,$-178,$-142,$-4,$-15,$-327,$2567,$-983,$0,$0,$95,$321,$416,$30,$-537,$0,$-95,$-95,$-970,$-970,$-716,$310,$-1471,$559,$393,$-716
42,2008-03-31,32.21,$9.57,3.36,$5.78,5.57,$4.36,7.38,$2.07,15.56,$8.35B,$2.04B,4.1,$0.00B,$15.48B,0.0,$9.68B,$6.66B,68.83%,$9.68B,$3.13B,32.33%,$9.68B,$3.13B,32.33%,$9.68B,$3.55B,36.65%,$9.68B,$3.76B,38.80%,$9.68B,$3.46B,35.78%,$3.46B,$15.48B,22.03%,$3.46B,$13.96B,24.50%,$3.46B,$18.15B,18.86%,$3.13B,$15.48B,19.91%,$2606,$820,$1786,$553,$420,$1793,$813,$93,$906,$140,$766,$766,$766,$924,$813,$1617,1643,$0.47,$0.47,$6462,$612,$192,$8351,$1817,$4436,$1520,$1258,$9801,$18152,$2038,$0,$509,$637,$2675,$0,$9616,$-115,$15477,$18152,$1533,$219,$226,$445,$8,$-135,$20,$22,$-151,$1827,$-428,$0,$0,$87,$754,$841,$26,$439,$0,$-87,$-87,$-1434,$-1434,$-455,$101,$-1875,$392,$255,$-455
43,2007-12-31,30.81,$9.58,3.22,$5.50,5.6,$4.32,7.14,$2.03,15.18,$9.10B,$2.12B,4.3,$0.00B,$15.61B,0.0,$9.29B,$6.46B,69.54%,$9.29B,$3.06B,32.97%,$9.29B,$3.06B,32.97%,$9.29B,$3.46B,37.28%,$9.29B,$3.78B,40.65%,$9.29B,$3.42B,36.83%,$3.42B,$15.61B,21.93%,$3.42B,$14.11B,24.32%,$3.42B,$18.35B,18.87%,$3.06B,$15.61B,19.64%,$2440,$783,$1657,$511,$389,$1683,$757,$173,$930,$163,$767,$767,$767,$865,$757,$1635,1664,$0.47,$0.46,$7351,$522,$195,$9098,$1794,$4265,$1499,$1086,$9250,$18348,$2117,$0,$484,$621,$2738,$0,$9076,$134,$15610,$18348,$767,$108,$128,$236,$43,$-47,$-77,$-7,$-123,$880,$-127,$0,$0,$138,$579,$717,$0,$590,$0,$-138,$-138,$-823,$-823,$0,$47,$-914,$557,$125,$0
44,2007-09-30,32.98,$9.62,3.43,$5.24,6.3,$4.14,7.96,$1.95,16.91,$8.82B,$2.26B,3.91,$0.00B,$15.84B,0.0,$8.87B,$6.19B,69.78%,$8.87B,$2.88B,32.50%,$8.87B,$2.88B,32.50%,$8.87B,$3.27B,36.82%,$8.87B,$3.63B,40.87%,$8.87B,$3.30B,37.23%,$3.30B,$15.84B,21.67%,$3.30B,$13.85B,24.01%,$3.30B,$18.50B,18.73%,$2.88B,$15.84B,18.91%,$2306,$725,$1581,$481,$323,$1529,$777,$170,$947,$-184,$1131,$1131,$1131,$877,$777,$1660,1693,$0.68,$0.67,$7002,$469,$200,$8821,$1788,$5234,$1989,$345,$9674,$18495,$2258,$0,$260,$402,$2660,$0,$8541,$237,$15835,$18495,$3303,$383,$101,$484,$-16,$-234,$209,$-74,$24,$3811,$-818,$0,$0,$-421,$-743,$-1164,$84,$-1898,$0,$0,$0,$-926,$-926,$-862,$677,$-1111,$804,$488,$-862
45,2007-06-30,33.74,$9.53,3.54,$5.04,6.69,$3.87,8.71,$1.64,20.57,$9.05B,$2.11B,4.3,$0.00B,$15.93B,0.0,$8.57B,$6.02B,70.33%,$8.57B,$2.79B,32.54%,$8.57B,$2.79B,32.54%,$8.57B,$3.15B,36.80%,$8.57B,$3.49B,40.75%,$8.57B,$2.79B,32.53%,$2.79B,$15.93B,19.04%,$2.79B,$14.61B,20.89%,$2.79B,$18.45B,16.57%,$2.79B,$15.93B,19.04%,$2325,$688,$1637,$454,$401,$1543,$782,$190,$972,$174,$798,$798,$798,$881,$782,$1670,1704,$0.48,$0.47,$7308,$396,$395,$9048,$1631,$4954,$1322,$1040,$9398,$18446,$2106,$0,$262,$408,$2514,$0,$7640,$258,$15932,$18446,$2171,$283,$380,$663,$-62,$-147,$127,$-53,$-66,$2768,$-571,$0,$0,$-153,$103,$-50,$13,$-608,$0,$153,$153,$227,$227,$-632,$199,$-53,$2109,$371,$-632
46,2007-03-31,33.06,$9.03,3.66,$4.81,6.88,$3.59,9.2,$1.54,21.47,$8.08B,$1.83B,4.42,$0.00B,$15.03B,0.0,$8.19B,$5.78B,70.55%,$8.19B,$2.71B,33.07%,$8.19B,$2.71B,33.07%,$8.19B,$3.04B,37.16%,$8.19B,$3.34B,40.80%,$8.19B,$2.63B,32.12%,$2.63B,$15.03B,18.92%,$2.63B,$13.71B,20.84%,$2.63B,$17.25B,16.57%,$2.71B,$15.03B,19.49%,$2221,$634,$1587,$454,$385,$1473,$748,$180,$928,$202,$726,$726,$726,$841,$748,$1659,1693,$0.44,$0.43,$6551,$347,$234,$8078,$1582,$4751,$1320,$1037,$9176,$17254,$1826,$0,$247,$398,$2224,$0,$7075,$197,$15030,$17254,$1373,$184,$256,$440,$-17,$-98,$134,$-53,$-33,$1780,$-414,$0,$0,$0,$537,$537,$1,$124,$0,$0,$0,$119,$119,$-398,$119,$-160,$1746,$257,$-398
47,2006-12-31,29.2,$8.57,3.41,$4.56,6.4,$3.43,8.5,$1.45,20.14,$7.38B,$1.76B,4.2,$0.00B,$14.18B,0.0,$7.80B,$5.51B,70.54%,$7.80B,$2.62B,33.59%,$7.80B,$2.62B,33.59%,$7.80B,$2.93B,37.49%,$7.80B,$3.20B,40.99%,$7.80B,$2.50B,32.01%,$2.50B,$14.18B,18.51%,$2.50B,$12.86B,20.32%,$2.50B,$16.34B,16.35%,$2.62B,$14.18B,19.42%,$2019,$634,$1385,$440,$369,$1443,$576,$203,$779,$131,$648,$648,$648,$667,$576,$1653,1685,$0.39,$0.38,$5947,$330,$180,$7379,$1559,$4598,$1320,$1041,$8959,$16338,$1758,$0,$261,$405,$2163,$0,$6549,$199,$14175,$16338,$648,$91,$93,$184,$-9,$-81,$47,$-38,$-43,$789,$-322,$0,$0,$0,$543,$543,$-2,$219,$0,$0,$0,$1,$1,$0,$32,$33,$1042,$130,$0
