,Date,Stock Price,Book Value per Share,Price to Book Ratio,TTM Sales per Share,Price to Sales Ratio,TTM FCF per Share,Price to FCF Ratio,TTM Net EPS,PE Ratio,Current Assets,Current Liabilities,Current Ratio,Long Term Debt,Shareholder's Equity_x,Debt to Equity Ratio,TTM Revenue_x,TTM Gross Profit,Gross Margin,TTM Revenue_y,TTM Operating Income,Operating Margin,TTM Revenue_x,TTM EBIT,EBIT Margin,TTM Revenue_y,TTM EBITDA,EBITDA Margin,TTM Revenue_x,TTM Pre-Tax Income,Pre-Tax Margin,TTM Revenue_y,TTM Net Income_x,Net Margin,TTM Net Income_y,Shareholder's Equity_y,Return on Equity,TTM Net Income_x,Tangible Equity,Return on Tangible Equity,TTM Net Income_y,Total Assets,Return on Assets,TTM Net Income,LT Investments & Debt,Return on Investment,revenue,cost-goods-sold,gross-profit,research-development-expenses,selling-general-administrative-expenses,operating-expenses,operating-income,total-non-operating-income-expense,pre-tax-income,total-provision-income-taxes,income-after-taxes,income-from-continuous-operations,net-income,ebitda,ebit,basic-shares-outstanding,shares-outstanding,eps-basic-net-earnings-per-share,eps-earnings-per-share-diluted,cash-on-hand,inventory,other-current-assets,total-current-assets,net-property-plant-equipment,long-term-investments,goodwill-intangible-assets-total,other-long-term-assets,total-long-term-assets,total-assets,total-current-liabilities,long-term-debt,other-non-current-liabilities,total-long-term-liabilities,total-liabilities,common-stock-net,retained-earnings-accumulated-deficit,comprehensive-income,total-share-holder-equity,total-liabilities-share-holders-equity,net-income-loss,total-depreciation-amortization-cash-flow,other-non-cash-items,total-non-cash-items,change-in-accounts-receivable,change-in-inventories,change-in-accounts-payable,change-in-assets-liabilities,total-change-in-assets-liabilities,cash-flow-from-operating-activities,net-change-in-property-plant-equipment,net-change-in-intangible-assets,net-acquisitions-divestitures,net-change-in-short-term-investments,net-change-in-long-term-investments,net-change-in-investments-total,investing-activities-other,cash-flow-from-investing-activities,net-long-term-debt,net-current-debt,debt-issuance-retirement-net-total,net-common-equity-issued-repurchased,net-total-equity-issued-repurchased,total-common-preferred-stock-dividends-paid,financial-activities-other,cash-flow-from-financial-activities,net-cash-flow,stock-based-compensation,common-stock-dividends-paid
0,2018-09-30,40.85,$29.18,1.4,$14.04,2.91,$6.30,6.49,$2.72,15.02,$3.84B,$3.80B,1.01,$0.47B,$0.46B,1.03,$0.21B,$0.17B,83.41%,$0.21B,$0.05B,22.93%,$0.21B,0,0.00%,$0.21B,0,0.00%,$0.21B,$0.04B,20.98%,$0.21B,$0.04B,19.51%,$0.04B,$0.46B,10.39%,$0.04B,$0.37B,11.94%,$0.04B,$4.79B,0.95%,$0.05B,$0.93B,6.29%,$59,$12,$47,$0,$35,$47,$12,$-1,$10,$2,$9,$9,$9,$0,$0,$16,16,$0.56,$0.55,$232,$0,$0,$3842,$74,$651,$90,$136,$951,$4793,$3801,$471,$63,$534,$4335,$16,$180,$-7,$457,$4793,$30,$6,$13,$19,$-1,$0,$0,$-10,$-12,$37,$-7,$0,$-4,$14,$-5,$9,$-207,$-210,$-31,$120,$90,$-1,$-1,$0,$82,$170,$-2,$1,$0
1,2018-06-30,47.45,$26.45,1.79,$13.36,3.55,$6.14,7.73,$2.75,17.25,$3.22B,$3.32B,0.97,$0.36B,$0.37B,0.98,$0.19B,$0.16B,85.03%,$0.19B,$0.05B,24.06%,$0.19B,0,0.00%,$0.19B,0,0.00%,$0.19B,$0.04B,22.99%,$0.19B,$0.04B,20.86%,$0.04B,$0.37B,11.17%,$0.04B,$0.33B,12.33%,$0.04B,$4.11B,1.00%,$0.05B,$0.73B,6.79%,$50,$9,$41,$0,$28,$37,$13,$-0,$12,$2,$10,$10,$10,$0,$0,$14,14,$0.75,$0.73,$145,$0,$0,$3222,$64,$658,$37,$126,$885,$4107,$3316,$363,$59,$421,$3737,$14,$172,$-7,$370,$4107,$21,$3,$7,$10,$-0,$0,$0,$-1,$-1,$29,$-3,$0,$0,$30,$-15,$15,$-150,$-138,$58,$13,$71,$1,$1,$-2,$32,$102,$-7,$1,$-2
2,2018-03-31,44.79,$25.86,1.73,$12.77,3.51,$5.48,8.17,$2.67,16.78,$3.16B,$3.30B,0.96,$0.32B,$0.36B,0.88,$0.18B,$0.15B,86.93%,$0.18B,$0.04B,24.43%,$0.18B,0,0.00%,$0.18B,0,0.00%,$0.18B,$0.04B,23.86%,$0.18B,$0.04B,21.59%,$0.04B,$0.36B,11.42%,$0.04B,$0.32B,12.49%,$0.04B,$4.03B,1.01%,$0.04B,$0.68B,7.06%,$48,$7,$41,$0,$28,$35,$13,$-0,$13,$2,$11,$11,$11,$0,$0,$14,14,$0.76,$0.74,$144,$0,$0,$3162,$64,$638,$37,$125,$864,$4026,$3297,$318,$51,$369,$3666,$14,$162,$-6,$360,$4026,$11,$2,$4,$5,$0,$0,$0,$-8,$-8,$8,$-1,$0,$0,$24,$14,$37,$-97,$-60,$22,$3,$25,$0,$0,$-1,$13,$38,$-14,$0,$-1
3,2017-12-31,42.74,$25.38,1.68,$12.25,3.49,$5.67,7.53,$2.61,16.38,$3.11B,$3.28B,0.95,$0.30B,$0.35B,0.84,$0.17B,$0.15B,88.02%,$0.17B,$0.04B,25.15%,$0.17B,0,0.00%,$0.17B,0,0.00%,$0.17B,$0.04B,24.55%,$0.17B,$0.04B,21.56%,$0.04B,$0.35B,11.37%,$0.04B,$0.32B,12.31%,$0.04B,$3.98B,1.00%,$0.04B,$0.65B,7.41%,$48,$6,$42,$0,$33,$39,$9,$-1,$8,$-2,$10,$10,$10,$0,$0,$13,14,$0.71,$0.70,$181,$0,$0,$3112,$63,$652,$37,$118,$871,$3983,$3281,$295,$53,$349,$3629,$14,$152,$-2,$353,$3983,$36,$7,$5,$12,$0,$0,$0,$-14,$-14,$34,$-6,$0,$-3,$-180,$153,$-27,$-374,$-411,$-25,$22,$-3,$2,$2,$-2,$385,$382,$5,$1,$-2
4,2017-09-30,45.33,$23.71,1.91,$11.84,3.83,$5.50,8.24,$2.55,17.78,$2.78B,$2.91B,0.96,$0.28B,$0.30B,0.93,$0.16B,$0.14B,89.24%,$0.16B,$0.05B,28.48%,$0.16B,0,0.00%,$0.16B,0,0.00%,$0.16B,$0.04B,27.85%,$0.16B,$0.04B,22.15%,$0.04B,$0.31B,11.67%,$0.04B,$0.29B,12.50%,$0.04B,$3.55B,1.02%,$0.05B,$0.59B,8.35%,$41,$5,$35,$0,$25,$30,$10,$-0,$10,$2,$8,$8,$8,$0,$0,$13,14,$0.60,$0.58,$137,$0,$0,$2778,$62,$584,$20,$106,$772,$3550,$2910,$280,$47,$327,$3237,$0,$142,$-1,$313,$3550,$26,$5,$8,$13,$1,$0,$0,$-12,$-11,$27,$-4,$0,$-8,$21,$-11,$10,$-269,$-271,$-32,$38,$5,$-1,$-1,$0,$225,$230,$-14,$1,$0
5,2017-06-30,47.17,$23.16,2.04,$11.65,4.05,$5.45,8.66,$2.43,19.41,$2.69B,$2.89B,0.93,$0.21B,$0.31B,0.7,$0.15B,$0.14B,90.91%,$0.15B,$0.04B,28.57%,$0.15B,0,0.00%,$0.15B,0,0.00%,$0.15B,$0.04B,27.27%,$0.15B,$0.03B,21.43%,$0.03B,$0.31B,11.30%,$0.03B,$0.29B,12.14%,$0.03B,$3.46B,0.98%,$0.04B,$0.52B,8.40%,$39,$4,$35,$0,$23,$28,$11,$0,$11,$3,$9,$9,$9,$0,$0,$13,14,$0.67,$0.65,$166,$0,$0,$2686,$61,$593,$20,$97,$771,$3457,$2888,$212,$52,$264,$3152,$13,$135,$-1,$305,$3457,$18,$-0,$5,$5,$1,$0,$0,$-5,$-4,$19,$-2,$0,$0,$13,$-17,$-4,$-146,$-152,$-39,$-22,$-61,$1,$1,$-1,$201,$140,$7,$1,$-1
6,2017-03-31,42.1,$22.48,1.87,$11.20,3.76,$5.17,8.14,$2.31,18.23,$2.65B,$2.83B,0.94,$0.21B,$0.30B,0.72,$0.15B,$0.13B,91.10%,$0.15B,$0.04B,28.77%,$0.15B,0,0.00%,$0.15B,0,0.00%,$0.15B,$0.04B,27.40%,$0.15B,$0.03B,21.23%,$0.03B,$0.30B,10.90%,$0.03B,$0.28B,11.56%,$0.03B,$3.38B,0.98%,$0.04B,$0.51B,7.70%,$39,$4,$35,$0,$23,$27,$12,$-0,$12,$2,$9,$9,$9,$0,$0,$13,13,$0.70,$0.68,$243,$0,$0,$2647,$61,$558,$20,$95,$734,$3381,$2825,$212,$48,$260,$3085,$13,$127,$-2,$296,$3381,$9,$1,$3,$4,$0,$0,$0,$-3,$-3,$11,$-1,$0,$0,$-86,$26,$-60,$-41,$-103,$-39,$-21,$-59,$1,$1,$-1,$137,$77,$-14,$0,$-1
7,2016-12-31,43.0,$21.82,1.97,$10.87,3.96,$4.64,9.27,$2.16,19.91,$2.55B,$2.71B,0.94,$0.25B,$0.29B,0.88,$0.14B,$0.13B,91.24%,$0.14B,$0.04B,27.74%,$0.14B,0,0.00%,$0.14B,0,0.00%,$0.14B,$0.04B,26.28%,$0.14B,$0.03B,20.44%,$0.03B,$0.29B,10.40%,$0.03B,$0.27B,10.91%,$0.03B,$3.30B,0.94%,$0.04B,$0.54B,6.93%,$39,$3,$36,$0,$24,$27,$12,$-0,$11,$3,$9,$9,$9,$0,$0,$13,13,$0.65,$0.65,$172,$0,$0,$2546,$61,$574,$20,$100,$755,$3302,$2709,$251,$56,$307,$3016,$13,$119,$-2,$286,$3302,$19,$3,$7,$10,$-0,$0,$0,$-3,$-3,$26,$-2,$0,$-70,$-135,$219,$84,$-143,$-132,$-83,$-50,$-132,$31,$31,$-1,$228,$126,$19,$1,$-1
8,2016-09-30,31.49,$21.48,1.47,$10.57,2.98,$5.22,6.04,$2.09,15.07,$2.50B,$2.66B,0.94,$0.25B,$0.28B,0.9,$0.13B,$0.12B,90.55%,$0.13B,$0.04B,27.56%,$0.13B,0,0.00%,$0.13B,0,0.00%,$0.13B,$0.03B,26.77%,$0.13B,$0.03B,20.47%,$0.03B,$0.28B,10.23%,$0.03B,$0.26B,10.59%,$0.03B,$3.28B,0.93%,$0.04B,$0.53B,6.42%,$37,$3,$34,$0,$25,$28,$9,$-1,$8,$2,$6,$6,$6,$0,$0,$13,13,$0.47,$0.46,$172,$0,$0,$2504,$59,$565,$21,$131,$777,$3281,$2655,$252,$93,$345,$3000,$13,$111,$1,$281,$3281,$19,$4,$6,$10,$-0,$0,$0,$-3,$-3,$26,$-4,$0,$-70,$-23,$108,$84,$-143,$-132,$-37,$-95,$-132,$31,$31,$-1,$228,$126,$19,$1,$-1
9,2016-06-30,26.94,$21.07,1.28,$10.26,2.63,$5.15,5.23,$2.18,12.36,$2.01B,$2.03B,0.99,$0.33B,$0.28B,1.2,$0.12B,$0.11B,90.00%,$0.12B,$0.04B,29.17%,$0.12B,0,0.00%,$0.12B,0,0.00%,$0.12B,$0.04B,29.17%,$0.12B,$0.03B,21.67%,$0.03B,$0.28B,10.87%,$0.03B,$0.27B,11.09%,$0.03B,$2.68B,0.99%,$0.04B,$0.61B,6.48%,$31,$3,$28,$0,$19,$21,$9,$-0,$9,$2,$7,$7,$7,$0,$0,$12,13,$0.54,$0.53,$118,$0,$0,$2013,$39,$511,$5,$116,$671,$2683,$2025,$330,$53,$383,$2408,$13,$105,$2,$275,$2683,$13,$2,$4,$7,$-1,$0,$0,$-4,$-5,$15,$-3,$0,$0,$-14,$171,$157,$-221,$-67,$-20,$-39,$-58,$27,$27,$-1,$93,$60,$8,$1,$-1
10,2016-03-31,23.6,$19.86,1.19,$10.57,2.23,$4.70,5.02,$1.60,14.75,$1.96B,$2.05B,0.96,$0.28B,$0.24B,1.21,$0.12B,$0.10B,88.89%,$0.12B,$0.02B,19.66%,$0.12B,0,0.00%,$0.12B,0,0.00%,$0.12B,$0.02B,20.51%,$0.12B,$0.02B,15.38%,$0.02B,$0.24B,8.05%,$0.02B,$0.23B,8.24%,$0.02B,$2.64B,0.70%,$0.02B,$0.52B,4.48%,$30,$3,$27,$0,$19,$22,$8,$0,$8,$2,$6,$6,$6,$0,$0,$12,12,$0.54,$0.53,$117,$0,$0,$1964,$38,$537,$5,$97,$677,$2641,$2054,$284,$68,$352,$2406,$12,$99,$0,$235,$2641,$6,$1,$2,$3,$-0,$0,$0,$-5,$-5,$5,$-3,$0,$0,$-46,$110,$63,$-76,$-15,$-96,$0,$-96,$1,$1,$-0,$109,$13,$3,$0,$-0
11,2015-12-31,23.99,$19.21,1.25,$11.51,2.08,$4.77,5.03,$1.59,15.09,$1.89B,$2.03B,0.93,$0.30B,$0.23B,1.33,$0.12B,$0.10B,87.83%,$0.12B,$0.02B,17.39%,$0.12B,0,0.00%,$0.12B,0,0.00%,$0.12B,$0.02B,18.26%,$0.12B,$0.02B,13.91%,$0.02B,$0.23B,7.90%,$0.02B,$0.22B,8.10%,$0.02B,$2.59B,0.63%,$0.02B,$0.53B,3.86%,$29,$3,$26,$0,$17,$20,$9,$0,$9,$2,$7,$7,$7,$0,$0,$10,11,$0.62,$0.59,$113,$0,$0,$1885,$37,$577,$5,$89,$709,$2593,$2025,$299,$42,$342,$2367,$12,$93,$-2,$226,$2593,$17,$4,$12,$17,$-0,$0,$0,$-3,$-3,$30,$-4,$0,$0,$-205,$309,$103,$-165,$-66,$-149,$-77,$-226,$65,$65,$-1,$201,$39,$4,$1,$-1
12,2015-09-30,21.56,$18.85,1.14,$12.21,1.77,$5.24,4.11,$1.39,15.51,$1.85B,$2.02B,0.92,$0.29B,$0.22B,1.31,$0.11B,$0.10B,86.84%,$0.11B,$0.02B,13.16%,$0.11B,0,0.00%,$0.11B,0,0.00%,$0.11B,$0.02B,13.16%,$0.11B,$0.01B,10.53%,$0.01B,$0.22B,6.59%,$0.01B,$0.22B,6.78%,$0.01B,$2.58B,0.47%,$0.02B,$0.51B,2.88%,$30,$3,$27,$0,$18,$21,$9,$0,$9,$2,$6,$6,$6,$0,$0,$12,12,$0.55,$0.55,$123,$0,$0,$1853,$38,$591,$5,$90,$723,$2576,$2023,$289,$43,$332,$2355,$12,$87,$0,$221,$2576,$10,$3,$12,$16,$0,$0,$0,$-3,$-3,$23,$-4,$0,$0,$16,$65,$81,$-123,$-46,$-32,$-182,$-214,$65,$65,$-1,$176,$26,$3,$1,$-1
13,2015-06-30,21.46,$18.10,1.19,$13.07,1.64,$5.80,3.7,$1.34,16.01,$1.81B,$2.01B,0.9,$0.29B,$0.21B,1.36,$0.11B,$0.10B,85.59%,$0.11B,$0.01B,9.91%,$0.11B,0,0.00%,$0.11B,0,0.00%,$0.11B,$0.01B,9.91%,$0.11B,$0.01B,9.01%,$0.01B,$0.21B,6.20%,$0.01B,$0.21B,6.40%,$0.01B,$2.54B,0.40%,$0.01B,$0.50B,2.09%,$28,$4,$24,$0,$26,$30,$-3,$0,$-2,$-2,$-1,$-1,$-1,$0,$0,$10,10,$-0.05,$-0.05,$124,$0,$0,$1813,$38,$592,$5,$94,$730,$2543,$2005,$288,$38,$326,$2331,$12,$81,$-2,$212,$2543,$4,$2,$11,$13,$0,$0,$0,$-8,$-8,$9,$-4,$0,$0,$-74,$240,$166,$-177,$-15,$-73,$-140,$-213,$64,$64,$0,$157,$8,$2,$1,$0
14,2015-03-31,17.57,$18.89,0.93,$13.59,1.29,$6.06,2.9,$1.84,9.55,$1.72B,$1.92B,0.9,$0.39B,$0.15B,2.56,$0.11B,$0.09B,85.32%,$0.11B,$0.02B,17.43%,$0.11B,0,0.00%,$0.11B,0,0.00%,$0.11B,$0.02B,16.51%,$0.11B,$0.02B,13.76%,$0.02B,$0.15B,10.56%,$0.02B,$0.15B,10.95%,$0.02B,$2.49B,0.60%,$0.02B,$0.54B,3.53%,$28,$4,$24,$0,$19,$23,$5,$0,$5,$1,$4,$4,$4,$0,$0,$8,8,$0.52,$0.52,$92,$0,$0,$1723,$38,$637,$5,$88,$769,$2492,$1918,$386,$37,$423,$2341,$8,$82,$0,$151,$2492,$4,$1,$1,$2,$-0,$0,$0,$-1,$-2,$5,$-3,$0,$0,$51,$18,$69,$-25,$41,$-92,$-1,$-93,$0,$0,$-0,$55,$-39,$7,$0,$-0
15,2014-12-31,17.58,$18.12,0.97,$13.33,1.32,$6.16,2.86,$1.72,10.22,$1.74B,$1.95B,0.9,$0.39B,$0.14B,2.74,$0.11B,$0.09B,85.05%,$0.11B,$0.02B,16.82%,$0.11B,0,0.00%,$0.11B,0,0.00%,$0.11B,$0.02B,15.89%,$0.11B,$0.01B,13.08%,$0.01B,$0.14B,10.04%,$0.01B,$0.14B,10.41%,$0.01B,$2.53B,0.57%,$0.02B,$0.54B,3.31%,$28,$4,$24,$0,$20,$24,$4,$0,$3,$0,$3,$3,$3,$0,$0,$8,8,$0.38,$0.37,$136,$0,$0,$1743,$36,$652,$5,$90,$782,$2525,$1948,$394,$39,$433,$2381,$8,$78,$-2,$144,$2525,$15,$5,$8,$13,$1,$0,$0,$-3,$-2,$26,$-2,$0,$0,$-8,$137,$129,$-257,$-130,$95,$4,$99,$1,$-29,$-2,$33,$101,$-4,$1,$-2
16,2014-09-30,17.34,$17.15,1.01,$15.15,1.14,$8.47,2.05,$1.85,9.37,$1.67B,$1.88B,0.89,$0.39B,$0.14B,2.81,$0.11B,$0.09B,85.32%,$0.11B,$0.02B,19.27%,$0.11B,0,0.00%,$0.11B,0,0.00%,$0.11B,$0.02B,16.51%,$0.11B,$0.01B,12.84%,$0.01B,$0.14B,9.96%,$0.01B,$0.13B,10.35%,$0.01B,$2.45B,0.58%,$0.02B,$0.53B,3.82%,$27,$4,$23,$0,$18,$22,$5,$0,$5,$1,$4,$4,$4,$0,$0,$8,8,$0.51,$0.50,$122,$0,$0,$1672,$36,$653,$5,$85,$778,$2451,$1876,$388,$48,$436,$2312,$8,$75,$-5,$138,$2451,$12,$4,$5,$8,$0,$0,$0,$-1,$-1,$19,$-2,$0,$0,$10,$67,$77,$-116,$-41,$-36,$23,$-13,$0,$-29,$-2,$67,$23,$0,$1,$-2
17,2014-06-30,16.94,$16.99,1.0,$16.52,1.03,$11.24,1.51,$1.86,9.11,$1.66B,$1.88B,0.88,$0.42B,$0.14B,3.08,$0.11B,$0.09B,84.55%,$0.11B,$0.02B,19.09%,$0.11B,0,0.00%,$0.11B,0,0.00%,$0.11B,$0.02B,16.36%,$0.11B,$0.01B,11.82%,$0.01B,$0.14B,9.09%,$0.01B,$0.13B,9.47%,$0.01B,$2.47B,0.53%,$0.02B,$0.55B,3.81%,$26,$4,$22,$0,$17,$21,$5,$0,$5,$1,$4,$4,$4,$0,$0,$8,8,$0.46,$0.45,$130,$0,$0,$1656,$36,$682,$5,$85,$809,$2465,$1882,$415,$34,$449,$2330,$8,$71,$-4,$135,$2465,$8,$2,$3,$6,$0,$0,$0,$-7,$-7,$7,$-1,$0,$0,$16,$30,$46,$-93,$-48,$-11,$67,$56,$0,$-30,$-2,$30,$55,$14,$1,$-2
18,2014-03-31,16.81,$17.85,0.94,$18.17,0.93,$13.89,1.21,$2.00,8.41,$1.60B,$1.84B,0.87,$0.42B,$0.14B,2.96,$0.11B,$0.09B,84.68%,$0.11B,$0.02B,19.82%,$0.11B,0,0.00%,$0.11B,0,0.00%,$0.11B,$0.02B,17.12%,$0.11B,$0.01B,10.81%,$0.01B,$0.14B,8.25%,$0.01B,$0.14B,8.60%,$0.01B,$2.43B,0.49%,$0.02B,$0.56B,4.01%,$26,$4,$22,$0,$17,$21,$4,$0,$4,$0,$4,$4,$3,$0,$0,$8,8,$0.40,$0.40,$129,$0,$0,$1599,$37,$707,$5,$79,$828,$2426,$1837,$418,$29,$447,$2285,$8,$68,$-8,$141,$2426,$4,$1,$2,$3,$1,$0,$0,$-5,$-4,$3,$-1,$0,$0,$16,$-2,$14,$-33,$-19,$-21,$41,$20,$0,$-15,$-1,$25,$30,$13,$0,$-1
19,2013-12-31,16.69,$18.72,0.89,$19.67,0.85,$14.85,1.12,$2.09,7.98,$1.57B,$1.80B,0.87,$0.41B,$0.15B,2.81,$0.11B,$0.09B,83.49%,$0.11B,$0.02B,21.10%,$0.11B,0,0.00%,$0.11B,0,0.00%,$0.11B,$0.02B,17.43%,$0.11B,$0.01B,10.09%,$0.01B,$0.15B,7.55%,$0.01B,$0.14B,7.84%,$0.01B,$2.40B,0.46%,$0.02B,$0.56B,4.26%,$30,$4,$26,$0,$19,$23,$7,$-1,$4,$1,$4,$4,$3,$0,$0,$6,6,$0.51,$0.49,$131,$0,$0,$1570,$37,$697,$5,$86,$825,$2395,$1796,$414,$37,$451,$2247,$8,$65,$-14,$148,$2395,$15,$6,$1,$8,$4,$0,$0,$6,$9,$32,$-2,$0,$3,$-9,$-82,$-91,$-74,$-165,$-11,$18,$7,$1,$1,$-4,$109,$113,$-20,$1,$-4
20,2013-09-30,15.53,$25.46,0.61,$19.13,0.81,$15.45,1.01,$2.08,7.47,$1.66B,$1.91B,0.87,$0.39B,$0.15B,2.63,$0.10B,$0.08B,82.35%,$0.10B,$0.02B,19.61%,$0.10B,0,0.00%,$0.10B,0,0.00%,$0.10B,$0.02B,18.63%,$0.10B,$0.01B,9.80%,$0.01B,$0.15B,6.96%,$0.01B,$0.14B,7.19%,$0.01B,$2.49B,0.44%,$0.02B,$0.54B,3.79%,$28,$5,$23,$0,$18,$23,$5,$-0,$5,$1,$4,$4,$3,$0,$0,$6,6,$0.52,$0.51,$139,$0,$0,$1656,$39,$704,$7,$80,$830,$2486,$1911,$388,$38,$427,$2338,$6,$62,$-10,$148,$2486,$11,$5,$3,$8,$3,$0,$0,$8,$11,$31,$-2,$0,$3,$0,$-82,$-82,$-65,$-145,$3,$-1,$2,$0,$0,$-3,$113,$112,$-3,$1,$-3
21,2013-06-30,15.1,$25.03,0.6,$19.06,0.79,$14.31,1.06,$2.01,7.51,$1.62B,$1.87B,0.87,$0.39B,$0.15B,2.7,$0.10B,$0.08B,81.63%,$0.10B,$0.02B,19.39%,$0.10B,0,0.00%,$0.10B,0,0.00%,$0.10B,$0.02B,18.37%,$0.10B,$0.01B,9.18%,$0.01B,$0.15B,6.36%,$0.01B,$0.14B,6.53%,$0.01B,$2.45B,0.41%,$0.02B,$0.54B,3.64%,$27,$4,$23,$0,$16,$21,$6,$-0,$6,$2,$4,$4,$3,$0,$0,$5,5,$0.60,$0.59,$112,$0,$0,$1622,$39,$703,$7,$76,$825,$2447,$1874,$393,$35,$427,$2301,$6,$59,$-9,$145,$2447,$7,$4,$1,$5,$3,$0,$0,$4,$8,$20,$-1,$0,$3,$12,$-80,$-68,$-51,$-117,$8,$-13,$-6,$0,$0,$-2,$88,$80,$-17,$0,$-2
22,2013-03-31,16.09,$28.81,0.56,$18.95,0.85,$11.66,1.38,$1.86,8.65,$1.35B,$1.59B,0.85,$0.38B,$0.14B,2.67,$0.10B,$0.08B,80.00%,$0.10B,$0.02B,17.89%,$0.10B,0,0.00%,$0.10B,0,0.00%,$0.10B,$0.02B,16.84%,$0.10B,$0.01B,8.42%,$0.01B,$0.14B,5.71%,$0.01B,$0.14B,5.84%,$0.01B,$2.14B,0.39%,$0.02B,$0.52B,3.29%,$24,$4,$19,$0,$15,$19,$5,$-0,$4,$1,$3,$3,$2,$0,$0,$5,5,$0.50,$0.49,$82,$0,$0,$1353,$31,$693,$3,$63,$791,$2144,$1592,$380,$30,$409,$2002,$5,$56,$4,$142,$2144,$3,$2,$2,$3,$3,$0,$0,$-2,$1,$7,$-1,$0,$0,$16,$-93,$-77,$-7,$-85,$3,$1,$4,$0,$0,$-1,$46,$49,$-28,$0,$-1
23,2012-12-31,12.89,$28.56,0.45,$19.06,0.68,$11.42,1.13,$1.85,6.97,$1.39B,$1.55B,0.9,$0.38B,$0.14B,2.68,$0.09B,$0.08B,79.79%,$0.09B,$0.02B,18.09%,$0.09B,0,0.00%,$0.09B,0,0.00%,$0.09B,$0.02B,18.09%,$0.09B,$0.01B,8.51%,$0.01B,$0.14B,5.67%,$0.01B,$0.14B,5.80%,$0.01B,$2.09B,0.39%,$0.02B,$0.52B,3.29%,$23,$5,$19,$0,$14,$19,$4,$0,$4,$1,$3,$3,$2,$0,$0,$5,5,$0.51,$0.49,$126,$0,$0,$1394,$31,$602,$3,$63,$700,$2094,$1545,$377,$31,$408,$1953,$5,$53,$5,$140,$2094,$13,$6,$8,$15,$1,$0,$0,$2,$3,$31,$-2,$0,$0,$-2,$-41,$-43,$-88,$-133,$-11,$-31,$-43,$1,$-9,$-4,$167,$111,$8,$1,$-4
24,2012-09-30,14.56,$28.61,0.51,$19.20,0.76,$12.58,1.16,$1.71,8.51,$1.34B,$1.48B,0.9,$0.37B,$0.14B,2.67,$0.10B,$0.07B,77.89%,$0.10B,$0.02B,17.89%,$0.10B,0,0.00%,$0.10B,0,0.00%,$0.10B,$0.02B,17.89%,$0.10B,$0.01B,8.42%,$0.01B,$0.14B,5.63%,$0.01B,$0.14B,5.76%,$0.01B,$2.02B,0.40%,$0.02B,$0.51B,3.29%,$24,$5,$19,$0,$15,$19,$4,$0,$4,$1,$3,$3,$2,$0,$0,$5,5,$0.45,$0.44,$111,$0,$0,$1335,$32,$591,$3,$62,$689,$2024,$1484,$371,$30,$401,$1885,$5,$51,$6,$139,$2024,$10,$5,$5,$10,$-2,$0,$0,$3,$1,$21,$-2,$0,$0,$-4,$-27,$-31,$-45,$-77,$-8,$-71,$-79,$0,$-10,$-3,$136,$44,$-13,$1,$-3
25,2012-06-30,12.73,$28.74,0.44,$19.47,0.65,$13.89,0.92,$1.26,10.11,$1.30B,$1.50B,0.87,$0.38B,$0.14B,2.72,$0.10B,$0.07B,76.84%,$0.10B,$0.02B,16.84%,$0.10B,0,0.00%,$0.10B,0,0.00%,$0.10B,$0.02B,16.84%,$0.10B,$0.01B,6.32%,$0.01B,$0.14B,4.20%,$0.01B,$0.14B,4.29%,$0.01B,$2.04B,0.30%,$0.02B,$0.52B,3.07%,$24,$5,$19,$0,$14,$19,$4,$-0,$4,$1,$3,$3,$2,$0,$0,$5,5,$0.44,$0.44,$99,$0,$0,$1300,$31,$639,$3,$70,$743,$2043,$1501,$378,$25,$403,$1904,$5,$49,$4,$139,$2043,$7,$3,$3,$6,$-1,$0,$0,$-8,$-8,$5,$-1,$0,$0,$16,$-76,$-60,$-16,$-77,$-1,$-26,$-27,$0,$-10,$-2,$110,$71,$-1,$1,$-2
26,2012-03-31,11.82,$30.22,0.39,$19.59,0.6,$18.05,0.65,$1.16,10.19,$1.28B,$1.45B,0.88,$0.38B,$0.15B,2.58,$0.10B,$0.07B,75.79%,$0.10B,$0.02B,16.84%,$0.10B,0,0.00%,$0.10B,0,0.00%,$0.10B,$0.02B,16.84%,$0.10B,$0.01B,6.32%,$0.01B,$0.15B,4.21%,$0.01B,$0.14B,4.30%,$0.01B,$1.99B,0.31%,$0.02B,$0.52B,3.07%,$23,$5,$18,$0,$14,$19,$5,$0,$5,$1,$3,$3,$2,$0,$0,$5,5,$0.48,$0.48,$80,$0,$0,$1279,$32,$616,$3,$62,$714,$1993,$1447,$376,$25,$401,$1847,$5,$47,$3,$146,$1993,$3,$2,$-23,$-21,$25,$0,$0,$-1,$24,$6,$-1,$0,$0,$22,$-55,$-32,$-12,$-45,$-65,$0,$-65,$0,$0,$-1,$91,$26,$-14,$0,$-1
27,2011-12-31,8.82,$30.36,0.29,$19.82,0.44,$20.60,0.43,$0.92,9.58,$1.30B,$1.42B,0.92,$0.38B,$0.14B,2.61,$0.10B,$0.07B,73.96%,$0.10B,$0.01B,14.58%,$0.10B,0,0.00%,$0.10B,0,0.00%,$0.10B,$0.01B,14.58%,$0.10B,$0.01B,5.21%,$0.01B,$0.14B,3.59%,$0.01B,$0.14B,3.67%,$0.01B,$1.97B,0.26%,$0.01B,$0.52B,2.68%,$24,$5,$18,$0,$14,$20,$4,$0,$4,$1,$3,$3,$2,$0,$0,$5,5,$0.37,$0.36,$116,$0,$0,$1298,$32,$565,$3,$69,$669,$1967,$1419,$377,$26,$403,$1822,$5,$45,$5,$144,$1967,$10,$6,$11,$17,$10,$0,$0,$-1,$9,$37,$-3,$0,$0,$56,$-136,$-80,$-54,$-137,$-50,$73,$24,$-1,$1,$-4,$91,$112,$11,$1,$-4
28,2011-09-30,8.46,$30.16,0.28,$20.14,0.42,$16.99,0.5,$0.68,12.44,$1.28B,$1.35B,0.94,$0.38B,$0.14B,2.66,$0.10B,$0.07B,72.92%,$0.10B,$0.01B,12.50%,$0.10B,0,0.00%,$0.10B,0,0.00%,$0.10B,$0.01B,12.50%,$0.10B,$0.00B,4.17%,$0.00B,$0.14B,2.93%,$0.00B,$0.14B,3.00%,$0.00B,$1.90B,0.21%,$0.01B,$0.52B,2.26%,$24,$6,$18,$0,$15,$21,$3,$0,$3,$1,$2,$2,$-0,$0,$0,$5,5,$-0.01,$-0.01,$91,$0,$0,$1276,$31,$526,$3,$63,$623,$1899,$1351,$381,$24,$405,$1756,$5,$43,$4,$143,$1899,$7,$4,$5,$10,$9,$0,$0,$1,$9,$26,$-2,$0,$0,$73,$-97,$-24,$-47,$-72,$-45,$2,$-42,$0,$2,$-3,$93,$49,$3,$1,$-3
29,2011-06-30,8.6,$29.01,0.3,$20.45,0.42,$13.23,0.65,$0.90,9.56,$1.27B,$1.34B,0.95,$0.38B,$0.14B,2.78,$0.10B,$0.07B,71.88%,$0.10B,$0.01B,12.50%,$0.10B,0,0.00%,$0.10B,0,0.00%,$0.10B,$0.01B,12.50%,$0.10B,$0.01B,5.21%,$0.01B,$0.14B,3.71%,$0.01B,$0.13B,3.81%,$0.01B,$1.88B,0.27%,$0.01B,$0.52B,2.22%,$24,$6,$18,$0,$14,$20,$4,$-0,$4,$1,$3,$3,$2,$0,$0,$5,5,$0.34,$0.34,$96,$0,$0,$1266,$31,$514,$3,$64,$612,$1878,$1337,$382,$23,$404,$1741,$5,$43,$2,$137,$1878,$5,$3,$3,$6,$12,$0,$0,$2,$13,$25,$-1,$0,$0,$68,$-88,$-21,$-36,$-57,$-44,$-19,$-63,$0,$0,$-2,$99,$35,$3,$0,$-2
30,2011-03-31,8.07,$28.22,0.29,$20.66,0.39,$9.94,0.81,$0.71,11.36,$1.29B,$1.33B,0.97,$0.39B,$0.13B,2.93,$0.10B,$0.07B,69.79%,$0.10B,$0.01B,10.42%,$0.10B,0,0.00%,$0.10B,0,0.00%,$0.10B,$0.01B,10.42%,$0.10B,$0.00B,4.17%,$0.00B,$0.13B,2.99%,$0.00B,$0.13B,3.07%,$0.00B,$1.87B,0.22%,$0.01B,$0.52B,1.82%,$24,$6,$17,$0,$14,$21,$3,$0,$3,$1,$2,$2,$1,$0,$0,$5,5,$0.23,$0.23,$149,$0,$0,$1290,$31,$492,$3,$58,$583,$1874,$1330,$390,$21,$411,$1741,$5,$42,$-1,$133,$1874,$2,$1,$1,$3,$13,$0,$0,$-1,$12,$17,$-0,$0,$0,$5,$-69,$-64,$3,$-61,$-36,$-6,$-42,$0,$0,$-1,$80,$37,$-6,$0,$-1
31,2010-12-31,6.85,$28.75,0.24,$20.68,0.33,$7.43,0.92,$0.53,12.93,$1.32B,$1.26B,1.05,$0.43B,$0.13B,3.21,$0.10B,$0.07B,69.47%,$0.10B,$0.01B,9.47%,$0.10B,0,0.00%,$0.10B,0,0.00%,$0.10B,$0.01B,9.47%,$0.10B,$0.00B,3.16%,$0.00B,$0.13B,2.26%,$0.00B,$0.13B,2.32%,$0.00B,$1.84B,0.16%,$0.01B,$0.56B,1.62%,$24,$7,$17,$0,$15,$22,$2,$0,$2,$1,$2,$2,$1,$0,$0,$5,5,$0.12,$0.11,$160,$0,$0,$1319,$31,$425,$3,$58,$518,$1837,$1256,$425,$23,$448,$1704,$5,$41,$1,$133,$1837,$7,$6,$10,$16,$-7,$0,$0,$2,$-5,$18,$-2,$0,$0,$-67,$-57,$-124,$67,$-59,$30,$-10,$21,$3,$6,$-4,$25,$48,$6,$0,$-4
32,2010-09-30,8.63,$29.46,0.29,$20.97,0.41,$6.52,1.32,$0.40,21.57,$1.29B,$1.22B,1.05,$0.43B,$0.14B,3.14,$0.10B,$0.07B,68.75%,$0.10B,$0.01B,9.38%,$0.10B,0,0.00%,$0.10B,0,0.00%,$0.10B,$0.01B,9.38%,$0.10B,$0.00B,2.08%,$0.00B,$0.14B,1.53%,$0.00B,$0.13B,1.57%,$0.00B,$1.81B,0.11%,$0.01B,$0.56B,1.65%,$24,$8,$17,$0,$13,$21,$3,$-0,$3,$1,$2,$2,$1,$0,$0,$5,5,$0.21,$0.21,$109,$0,$0,$1286,$32,$425,$3,$61,$521,$1807,$1223,$425,$23,$448,$1671,$5,$40,$4,$136,$1807,$5,$4,$6,$10,$-9,$0,$0,$2,$-7,$8,$-2,$0,$0,$-24,$-51,$-75,$50,$-26,$30,$-14,$16,$3,$6,$-3,$-3,$16,$-2,$0,$-3
33,2010-06-30,9.43,$29.17,0.32,$21.61,0.44,$8.95,1.05,$0.31,30.43,$1.31B,$1.25B,1.05,$0.43B,$0.13B,3.18,$0.10B,$0.07B,67.68%,$0.10B,$0.01B,8.08%,$0.10B,0,0.00%,$0.10B,0,0.00%,$0.10B,$0.01B,8.08%,$0.10B,$0.00B,2.02%,$0.00B,$0.13B,1.55%,$0.00B,$0.13B,1.59%,$0.00B,$1.84B,0.11%,$0.01B,$0.56B,1.49%,$24,$8,$16,$0,$14,$21,$2,$0,$2,$1,$2,$2,$1,$0,$0,$5,5,$0.15,$0.15,$118,$0,$0,$1314,$32,$425,$3,$61,$521,$1836,$1253,$426,$22,$448,$1702,$5,$39,$4,$134,$1836,$3,$3,$4,$7,$1,$0,$0,$-1,$-0,$9,$-2,$0,$0,$-30,$-50,$-80,$25,$-57,$31,$-18,$14,$3,$6,$-2,$31,$48,$1,$0,$-2
34,2010-03-31,8.47,$27.90,0.3,$21.96,0.39,$9.22,0.92,$-0.26,0.0,$1.35B,$1.27B,1.07,$0.42B,$0.13B,3.28,$0.10B,$0.07B,67.00%,$0.10B,$0.01B,5.00%,$0.10B,0,0.00%,$0.10B,0,0.00%,$0.10B,$0.00B,4.00%,$0.10B,$-0.00B,-1.00%,$-0.00B,$0.13B,-0.79%,$-0.00B,$0.13B,-0.81%,$-0.00B,$1.83B,-0.06%,$0.01B,$0.55B,0.95%,$23,$8,$16,$0,$14,$22,$2,$0,$2,$0,$1,$1,$0,$0,$0,$5,5,$0.06,$0.06,$127,$0,$0,$1351,$32,$388,$3,$59,$482,$1832,$1266,$419,$20,$439,$1704,$5,$39,$2,$128,$1832,$1,$2,$2,$4,$3,$0,$0,$-2,$1,$6,$-1,$0,$0,$-50,$-15,$-66,$-1,$-67,$25,$-35,$-10,$3,$3,$-1,$60,$52,$-10,$0,$-1
35,2009-12-31,7.95,$27.59,0.29,$22.28,0.36,$9.34,0.85,$-0.45,0.0,$1.32B,$1.24B,1.06,$0.39B,$0.13B,3.12,$0.10B,$0.07B,65.35%,$0.10B,$0.00B,2.97%,$0.10B,0,0.00%,$0.10B,0,0.00%,$0.10B,$0.00B,1.98%,$0.10B,$-0.00B,-1.98%,$-0.00B,$0.13B,-1.57%,$-0.00B,$0.12B,-1.61%,$-0.00B,$1.78B,-0.12%,$0.00B,$0.52B,0.60%,$25,$8,$17,$0,$15,$23,$2,$0,$2,$1,$1,$1,$-0,$0,$0,$5,5,$-0.02,$-0.02,$87,$0,$0,$1316,$31,$371,$3,$58,$463,$1780,$1240,$392,$22,$414,$1654,$5,$38,$0,$126,$1780,$2,$5,$19,$24,$2,$0,$0,$-13,$-12,$14,$-3,$0,$0,$-14,$-121,$-135,$-50,$-188,$62,$49,$111,$0,$38,$-4,$30,$176,$2,$1,$-4
36,2009-09-30,9.66,$28.26,0.34,$22.12,0.44,$8.04,1.2,$-0.54,0.0,$1.31B,$1.21B,1.08,$0.39B,$0.13B,3.03,$0.10B,$0.06B,63.37%,$0.10B,0,0.00%,$0.10B,0,0.00%,$0.10B,0,0.00%,$0.10B,$-0.00B,-0.99%,$0.10B,$-0.00B,-2.97%,$-0.00B,$0.13B,-2.52%,$-0.00B,$0.13B,-2.58%,$-0.00B,$1.75B,-0.18%,$0.00B,$0.52B,0.00%,$27,$9,$18,$0,$16,$25,$2,$0,$2,$1,$2,$2,$1,$0,$0,$5,5,$0.12,$0.12,$83,$0,$0,$1311,$31,$346,$3,$58,$439,$1749,$1211,$389,$21,$410,$1621,$5,$39,$3,$128,$1749,$1,$3,$13,$16,$4,$0,$0,$-2,$2,$19,$-2,$0,$0,$-41,$-91,$-132,$-42,$-176,$59,$13,$71,$0,$38,$-3,$37,$144,$-13,$0,$-3
37,2009-06-30,9.47,$28.00,0.34,$21.61,0.44,$5.25,1.81,$0.17,55.71,$1.29B,$1.17B,1.11,$0.39B,$0.13B,3.03,$0.10B,$0.06B,61.62%,$0.10B,0,0.00%,$0.10B,0,0.00%,$0.10B,0,0.00%,$0.10B,$-0.00B,-1.01%,$0.10B,0,0.00%,$0.00B,$0.13B,0.00%,$0.00B,$0.12B,0.00%,$0.00B,$1.70B,0.00%,$0.00B,$0.51B,0.00%,$25,$9,$16,$0,$17,$26,$-1,$-0,$-2,$-1,$-1,$-1,$-2,$0,$0,$5,5,$-0.42,$-0.42,$79,$0,$0,$1290,$31,$321,$3,$55,$411,$1701,$1168,$386,$20,$406,$1574,$5,$38,$2,$127,$1701,$-1,$2,$10,$12,$1,$0,$0,$-2,$-2,$9,$-1,$0,$0,$-30,$-68,$-98,$-16,$-115,$55,$37,$93,$0,$38,$-2,$-30,$99,$-7,$0,$-2
38,2009-03-31,7.58,$28.65,0.26,$21.44,0.35,$3.58,2.12,$0.88,8.62,$1.31B,$1.21B,1.09,$0.32B,$0.13B,2.49,$0.10B,$0.06B,60.61%,$0.10B,$0.00B,4.04%,$0.10B,0,0.00%,$0.10B,0,0.00%,$0.10B,$0.00B,4.04%,$0.10B,$0.00B,3.03%,$0.00B,$0.13B,3.02%,$0.00B,$0.13B,3.13%,$0.00B,$1.68B,0.18%,$0.00B,$0.45B,0.96%,$24,$9,$15,$0,$15,$24,$-0,$-0,$-0,$-0,$0,$0,$-1,$0,$0,$5,5,$-0.14,$-0.14,$119,$0,$0,$1311,$31,$280,$3,$56,$370,$1681,$1209,$323,$20,$342,$1551,$5,$41,$3,$130,$1681,$0,$1,$5,$6,$3,$0,$0,$-3,$-0,$6,$-0,$0,$0,$-71,$-26,$-97,$5,$-92,$-8,$21,$13,$0,$38,$-1,$28,$78,$-9,$0,$-1
39,2008-12-31,9.43,$20.51,0.46,$21.39,0.44,$1.67,5.64,$1.06,8.9,$1.26B,$1.16B,1.09,$0.33B,$0.09B,3.57,$0.10B,$0.06B,59.00%,$0.10B,$0.01B,6.00%,$0.10B,0,0.00%,$0.10B,0,0.00%,$0.10B,$0.01B,6.00%,$0.10B,$0.00B,4.00%,$0.00B,$0.09B,4.49%,$0.00B,$0.09B,4.69%,$0.00B,$1.61B,0.25%,$0.01B,$0.42B,1.53%,$25,$10,$15,$0,$16,$26,$-1,$0,$-1,$-0,$-0,$-0,$-1,$0,$0,$5,5,$-0.10,$-0.11,$56,$0,$0,$1261,$31,$256,$3,$54,$345,$1606,$1160,$330,$22,$353,$1513,$5,$41,$4,$92,$1606,$7,$3,$4,$6,$-1,$0,$0,$-4,$-6,$8,$-2,$0,$18,$-31,$-37,$-69,$-196,$-249,$78,$-68,$10,$-1,$-1,$-2,$228,$234,$-7,$0,$-2
40,2008-09-30,12.5,$19.34,0.65,$21.09,0.59,$2.17,5.75,$1.46,8.56,$1.22B,$1.11B,1.1,$0.33B,$0.09B,3.66,$0.10B,$0.06B,56.12%,$0.10B,$0.01B,10.20%,$0.10B,0,0.00%,$0.10B,0,0.00%,$0.10B,$0.01B,10.20%,$0.10B,$0.01B,6.12%,$0.01B,$0.09B,6.86%,$0.01B,$0.09B,7.16%,$0.01B,$1.64B,0.39%,$0.01B,$0.42B,2.69%,$25,$10,$15,$0,$13,$23,$2,$0,$2,$1,$2,$2,$4,$0,$0,$5,5,$0.83,$0.83,$45,$0,$0,$1216,$32,$232,$3,$52,$425,$1641,$1107,$327,$20,$444,$1552,$5,$42,$0,$89,$1641,$7,$2,$2,$4,$2,$0,$0,$-7,$-5,$6,$-2,$0,$5,$1,$-18,$-17,$-162,$-176,$75,$-47,$27,$0,$0,$-2,$137,$163,$-7,$0,$-2
41,2008-06-30,11.76,$18.73,0.63,$21.17,0.56,$2.33,5.06,$0.92,12.78,$1.25B,$1.19B,1.05,$0.29B,$0.09B,3.37,$0.10B,$0.05B,54.08%,$0.10B,$0.01B,10.20%,$0.10B,0,0.00%,$0.10B,0,0.00%,$0.10B,$0.01B,10.20%,$0.10B,$0.00B,3.06%,$0.00B,$0.09B,3.56%,$0.00B,$0.08B,3.74%,$0.00B,$1.58B,0.20%,$0.01B,$0.38B,2.88%,$25,$10,$15,$0,$12,$22,$3,$0,$3,$1,$2,$2,$1,$0,$0,$5,5,$0.29,$0.29,$56,$0,$0,$1249,$32,$246,$4,$52,$334,$1584,$1185,$292,$18,$312,$1497,$5,$38,$1,$87,$1584,$2,$1,$4,$6,$2,$0,$0,$-7,$-6,$2,$-1,$0,$0,$3,$-12,$-9,$-99,$-109,$39,$20,$59,$0,$0,$-1,$53,$111,$5,$0,$-1
42,2008-03-31,13.96,$19.18,0.73,$21.21,0.66,$1.95,7.17,$0.86,16.24,$1.19B,$1.16B,1.03,$0.26B,$0.09B,2.99,$0.10B,$0.05B,51.02%,$0.10B,$0.01B,9.18%,$0.10B,0,0.00%,$0.10B,0,0.00%,$0.10B,$0.01B,9.18%,$0.10B,$0.00B,3.06%,$0.00B,$0.09B,3.72%,$0.00B,$0.08B,3.91%,$0.00B,$1.53B,0.21%,$0.01B,$0.35B,2.72%,$25,$11,$14,$0,$11,$22,$2,$0,$2,$1,$2,$2,$0,$0,$0,$5,5,$0.05,$0.05,$47,$0,$0,$1194,$32,$250,$4,$47,$334,$1527,$1158,$264,$15,$281,$1439,$5,$37,$5,$88,$1527,$1,$1,$3,$3,$1,$0,$0,$-7,$-7,$-3,$-0,$0,$0,$6,$-12,$-5,$-48,$-54,$11,$-14,$-2,$0,$0,$-0,$59,$56,$-0,$0,$-0
43,2007-12-31,13.35,$18.72,0.71,$20.88,0.64,$2.06,6.47,$1.03,12.97,$1.11B,$1.05B,1.05,$0.25B,$0.09B,2.94,$0.10B,$0.05B,48.96%,$0.10B,$0.01B,9.38%,$0.10B,0,0.00%,$0.10B,0,0.00%,$0.10B,$0.01B,9.38%,$0.10B,$0.00B,4.17%,$0.00B,$0.09B,5.21%,$0.00B,$0.08B,5.50%,$0.00B,$1.48B,0.29%,$0.01B,$0.34B,2.87%,$23,$12,$11,$0,$8,$20,$3,$0,$3,$1,$2,$3,$1,$0,$0,$5,5,$0.29,$0.28,$54,$0,$0,$1107,$32,$221,$3,$46,$370,$1477,$1054,$253,$23,$336,$1390,$5,$36,$3,$86,$1477,$6,$2,$3,$5,$-1,$0,$0,$-0,$-1,$10,$-2,$-1,$0,$-7,$-37,$-44,$-158,$-205,$61,$72,$132,$0,$8,$-1,$54,$193,$-2,$0,$-1
44,2007-09-30,13.55,$16.50,0.82,$20.37,0.67,$-0.09,0.0,$0.76,17.83,$1.10B,$1.07B,1.03,$0.24B,$0.08B,3.22,$0.09B,$0.05B,48.94%,$0.09B,$0.01B,6.38%,$0.09B,0,0.00%,$0.09B,0,0.00%,$0.09B,$0.01B,6.38%,$0.09B,$0.00B,3.19%,$0.00B,$0.08B,4.11%,$0.00B,$0.07B,4.35%,$0.00B,$1.41B,0.23%,$0.01B,$0.32B,2.03%,$25,$12,$13,$0,$10,$22,$2,$0,$2,$1,$2,$2,$1,$0,$0,$5,5,$0.29,$0.29,$50,$0,$0,$1100,$32,$229,$4,$49,$314,$1414,$1071,$244,$22,$267,$1338,$5,$35,$1,$76,$1414,$4,$2,$2,$4,$0,$0,$0,$-2,$-1,$7,$-2,$-1,$0,$-5,$-32,$-38,$-105,$-146,$52,$64,$116,$0,$0,$-1,$20,$136,$-3,$-0,$-1
45,2007-06-30,14.82,$15.83,0.94,$19.54,0.76,$-1.86,0.0,$0.58,25.56,$1.05B,$1.00B,1.05,$0.24B,$0.07B,3.3,$0.09B,$0.04B,47.78%,$0.09B,$0.01B,5.56%,$0.09B,0,0.00%,$0.09B,0,0.00%,$0.09B,$0.01B,5.56%,$0.09B,$0.00B,3.33%,$0.00B,$0.07B,4.38%,$0.00B,$0.07B,4.65%,$0.00B,$1.33B,0.23%,$0.01B,$0.31B,1.79%,$25,$12,$12,$0,$10,$23,$2,$0,$2,$1,$1,$1,$1,$0,$0,$5,5,$0.23,$0.23,$40,$0,$0,$1052,$32,$205,$4,$40,$281,$1333,$1002,$239,$18,$259,$1260,$5,$34,$-1,$73,$1333,$3,$1,$2,$3,$-0,$0,$0,$-5,$-5,$0,$-1,$-1,$0,$-1,$-11,$-12,$-56,$-69,$47,$32,$80,$0,$0,$-1,$-18,$61,$-7,$0,$-1
46,2007-03-31,14.41,$15.85,0.91,$18.50,0.78,$-3.17,0.0,$0.61,23.63,$1.05B,$1.00B,1.05,$0.21B,$0.07B,2.95,$0.09B,$0.04B,49.41%,$0.09B,$0.01B,5.88%,$0.09B,0,0.00%,$0.09B,0,0.00%,$0.09B,$0.01B,5.88%,$0.09B,$0.00B,3.53%,$0.00B,$0.07B,4.67%,$0.00B,$0.07B,4.94%,$0.00B,$1.30B,0.24%,$0.01B,$0.29B,1.93%,$23,$12,$11,$0,$10,$21,$2,$0,$2,$1,$1,$1,$1,$0,$0,$5,5,$0.22,$0.22,$62,$0,$0,$1049,$32,$180,$4,$39,$255,$1304,$997,$214,$19,$234,$1231,$5,$33,$0,$72,$1304,$1,$1,$1,$1,$-2,$0,$0,$-3,$-5,$-3,$-0,$-1,$0,$-23,$15,$-8,$-29,$-37,$22,$8,$29,$0,$0,$-0,$2,$32,$-8,$-0,$-0
47,2006-12-31,16.47,$15.54,1.06,$17.33,0.95,$-3.51,0.0,$0.57,28.89,$1.00B,$0.99B,1.02,$0.19B,$0.07B,2.71,$0.08B,$0.04B,51.25%,$0.08B,$0.00B,5.00%,$0.08B,0,0.00%,$0.08B,0,0.00%,$0.08B,$0.00B,5.00%,$0.08B,$0.00B,3.75%,$0.00B,$0.07B,5.00%,$0.00B,$0.07B,5.29%,$0.00B,$1.27B,0.25%,$0.00B,$0.26B,1.63%,$21,$11,$10,$0,$10,$21,$-0,$0,$-0,$-0,$0,$0,$0,$0,$0,$5,5,$0.02,$0.02,$47,$0,$0,$1004,$33,$195,$3,$37,$267,$1272,$987,$192,$21,$214,$1201,$5,$32,$0,$71,$1272,$3,$3,$3,$6,$-6,$0,$0,$5,$-1,$7,$-9,$0,$0,$1,$-12,$-11,$-203,$-223,$25,$4,$29,$0,$13,$-0,$177,$219,$4,$0,$-0
