,Date,Stock Price,Book Value per Share,Price to Book Ratio,TTM Sales per Share,Price to Sales Ratio,TTM FCF per Share,Price to FCF Ratio,TTM Net EPS,PE Ratio,Current Assets,Current Liabilities,Current Ratio,Long Term Debt,Shareholder's Equity_x,Debt to Equity Ratio,TTM Revenue_x,TTM Gross Profit,Gross Margin,TTM Revenue_y,TTM Operating Income,Operating Margin,TTM Revenue_x,TTM EBIT,EBIT Margin,TTM Revenue_y,TTM EBITDA,EBITDA Margin,TTM Revenue_x,TTM Pre-Tax Income,Pre-Tax Margin,TTM Revenue_y,TTM Net Income_x,Net Margin,TTM Net Income_y,Shareholder's Equity_y,Return on Equity,TTM Net Income_x,Tangible Equity,Return on Tangible Equity,TTM Net Income_y,Total Assets,Return on Assets,TTM Net Income,LT Investments & Debt,Return on Investment,revenue,cost-goods-sold,gross-profit,research-development-expenses,selling-general-administrative-expenses,operating-expenses,operating-income,total-non-operating-income-expense,pre-tax-income,total-provision-income-taxes,income-after-taxes,income-from-continuous-operations,net-income,ebitda,ebit,basic-shares-outstanding,shares-outstanding,eps-basic-net-earnings-per-share,eps-earnings-per-share-diluted,cash-on-hand,inventory,other-current-assets,total-current-assets,net-property-plant-equipment,long-term-investments,goodwill-intangible-assets-total,other-long-term-assets,total-long-term-assets,total-assets,total-current-liabilities,long-term-debt,other-non-current-liabilities,total-long-term-liabilities,total-liabilities,common-stock-net,retained-earnings-accumulated-deficit,comprehensive-income,total-share-holder-equity,total-liabilities-share-holders-equity,net-income-loss,total-depreciation-amortization-cash-flow,other-non-cash-items,total-non-cash-items,change-in-accounts-receivable,change-in-inventories,change-in-accounts-payable,change-in-assets-liabilities,total-change-in-assets-liabilities,cash-flow-from-operating-activities,net-change-in-property-plant-equipment,net-change-in-intangible-assets,net-acquisitions-divestitures,net-change-in-short-term-investments,net-change-in-long-term-investments,net-change-in-investments-total,investing-activities-other,cash-flow-from-investing-activities,net-long-term-debt,net-current-debt,debt-issuance-retirement-net-total,net-common-equity-issued-repurchased,net-total-equity-issued-repurchased,total-common-preferred-stock-dividends-paid,financial-activities-other,cash-flow-from-financial-activities,net-cash-flow,stock-based-compensation,common-stock-dividends-paid
0,2018-09-30,65.17,$9.88,6.6,$12.90,5.05,$4.60,14.17,$0.63,103.44,$0.20B,$0.16B,1.26,$0.08B,$0.39B,0.21,$0.50B,$0.29B,58.13%,$0.50B,$0.07B,14.29%,$0.50B,$0.07B,14.29%,$0.50B,$0.14B,26.98%,$0.50B,$0.04B,7.14%,$0.50B,$0.04B,7.34%,$0.04B,$0.39B,11.25%,$0.04B,$-0.13B,-18.41%,$0.04B,$0.79B,4.41%,$0.07B,$0.47B,14.48%,$117,$48,$70,$13,$37,$101,$17,$-6,$11,$-0,$11,$11,$11,$31,$17,$39,43,$0.28,$0.27,$39,$63,$0,$200,$70,$0,$519,$4,$594,$794,$158,$83,$164,$247,$405,$0,$29,$-0,$388,$794,$42,$45,$22,$67,$0,$0,$1,$-10,$-16,$93,$-23,$0,$0,$0,$0,$0,$147,$124,$-172,$0,$-172,$12,$12,$0,$-55,$-214,$3,$9,$0
1,2018-06-30,66.5,$9.46,7.03,$11.66,5.7,$3.07,21.66,$0.47,141.49,$0.17B,$0.15B,1.1,$0.08B,$0.37B,0.22,$0.44B,$0.25B,57.76%,$0.44B,$0.05B,11.87%,$0.44B,$0.05B,11.87%,$0.44B,$0.11B,25.11%,$0.44B,$0.02B,4.57%,$0.44B,$0.02B,4.57%,$0.02B,$0.37B,6.98%,$0.02B,$-0.16B,-13.96%,$0.02B,$0.76B,2.69%,$0.05B,$0.45B,11.02%,$103,$45,$58,$13,$39,$103,$0,$-9,$-9,$-6,$-3,$-3,$-3,$16,$0,$38,38,$-0.08,$-0.08,$39,$60,$0,$168,$67,$0,$526,$3,$596,$764,$152,$81,$161,$242,$395,$0,$18,$0,$369,$764,$31,$32,$18,$50,$22,$4,$-5,$-12,$6,$86,$-14,$0,$0,$0,$0,$0,$147,$133,$-172,$0,$-172,$6,$6,$0,$-51,$-217,$3,$6,$0
2,2018-03-31,51.81,$8.84,5.86,$10.08,5.14,$1.62,31.91,$0.20,259.05,$0.27B,$0.20B,1.36,$0.13B,$0.33B,0.4,$0.37B,$0.21B,57.37%,$0.37B,$0.04B,10.99%,$0.37B,$0.04B,10.99%,$0.37B,$0.09B,24.13%,$0.37B,$0.02B,4.02%,$0.37B,$0.01B,2.95%,$0.01B,$0.33B,4.44%,$0.01B,$-0.20B,-13.54%,$0.01B,$0.87B,1.68%,$0.04B,$0.46B,9.10%,$169,$63,$106,$13,$39,$118,$51,$-12,$39,$5,$34,$34,$34,$68,$51,$35,42,$0.96,$0.86,$102,$58,$0,$268,$63,$0,$533,$2,$598,$866,$197,$132,$205,$338,$535,$0,$22,$0,$331,$866,$34,$17,$11,$28,$-25,$5,$-1,$-3,$-26,$36,$-5,$0,$0,$0,$0,$0,$147,$142,$-112,$0,$-112,$2,$2,$0,$-2,$-112,$66,$3,$0
3,2017-12-31,43.35,$6.58,6.59,$8.22,5.28,$1.65,26.3,$-0.24,0.0,$0.33B,$0.13B,2.58,$0.38B,$0.23B,1.66,$0.28B,$0.16B,56.12%,$0.28B,$0.01B,3.24%,$0.28B,$0.01B,3.24%,$0.28B,$0.05B,17.27%,$0.28B,$-0.01B,-2.88%,$0.28B,$-0.01B,-3.24%,$-0.01B,$0.23B,-4.10%,$-0.01B,$-0.31B,300.00%,$-0.01B,$0.94B,-1.67%,$0.01B,$0.60B,2.11%,$115,$56,$59,$11,$35,$111,$4,$-9,$-5,$-0,$-5,$-5,$-5,$21,$4,$34,34,$-0.16,$-0.15,$36,$67,$147,$331,$62,$0,$541,$2,$604,$935,$128,$377,$203,$580,$708,$0,$-12,$0,$227,$935,$-8,$39,$20,$60,$-42,$0,$13,$-2,$-24,$28,$-18,$0,$-414,$0,$0,$0,$0,$-432,$245,$10,$255,$25,$25,$0,$-9,$271,$-133,$9,$0
4,2017-09-30,43.86,$6.44,6.81,$6.43,6.83,$1.34,32.66,$-0.15,0.0,$0.24B,$0.04B,6.28,$0.15B,$0.22B,0.7,$0.22B,$0.12B,57.41%,$0.22B,$0.01B,5.09%,$0.22B,$0.01B,5.09%,$0.22B,$0.04B,18.52%,$0.22B,$-0.00B,0.00%,$0.22B,$-0.01B,-2.78%,$-0.01B,$0.22B,-2.81%,$-0.01B,$0.10B,-6.14%,$-0.01B,$0.41B,-1.50%,$0.01B,$0.37B,3.03%,$51,$21,$30,$7,$20,$53,$-3,$-3,$-5,$0,$-6,$-6,$-6,$5,$-3,$34,34,$-0.16,$-0.16,$173,$23,$0,$244,$50,$0,$119,$1,$169,$414,$39,$152,$1,$156,$195,$0,$-7,$-0,$219,$414,$-3,$22,$6,$28,$-17,$3,$2,$3,$-8,$16,$-13,$0,$-14,$0,$0,$0,$0,$-27,$-0,$0,$-0,$15,$15,$0,$-0,$14,$3,$6,$0
5,2017-06-30,27.14,$6.36,4.27,$6.43,4.22,$0.85,32.09,$-0.01,0.0,$0.23B,$0.03B,7.19,$0.15B,$0.21B,0.71,$0.21B,$0.13B,58.88%,$0.21B,$0.02B,7.48%,$0.21B,$0.02B,7.48%,$0.21B,$0.04B,20.56%,$0.21B,$0.00B,1.87%,$0.21B,$-0.00B,-0.47%,$-0.00B,$0.21B,-0.48%,$-0.00B,$0.09B,-1.07%,$-0.00B,$0.40B,-0.26%,$0.02B,$0.36B,4.50%,$38,$19,$19,$8,$20,$49,$-11,$-3,$-14,$-2,$-12,$-12,$-12,$-4,$-11,$34,34,$-0.35,$-0.35,$175,$23,$0,$225,$51,$0,$121,$1,$173,$399,$31,$151,$1,$155,$186,$0,$-2,$-0,$213,$399,$2,$14,$4,$18,$5,$3,$-4,$-1,$3,$24,$-8,$0,$-15,$0,$0,$0,$0,$-23,$-0,$0,$-0,$5,$5,$0,$-0,$4,$6,$4,$0
6,2017-03-31,22.64,$6.63,3.41,$6.49,3.49,$0.13,177.01,$0.10,226.4,$0.25B,$0.03B,8.41,$0.15B,$0.22B,0.68,$0.22B,$0.13B,60.00%,$0.22B,$0.02B,8.37%,$0.22B,$0.02B,8.37%,$0.22B,$0.05B,21.86%,$0.22B,$0.01B,2.79%,$0.22B,$0.00B,1.40%,$0.00B,$0.22B,1.48%,$0.00B,$0.11B,3.31%,$0.00B,$0.40B,0.78%,$0.02B,$0.37B,5.16%,$74,$25,$48,$8,$21,$54,$19,$-3,$16,$2,$14,$14,$14,$26,$19,$33,34,$0.43,$0.42,$197,$22,$0,$245,$50,$0,$109,$1,$160,$404,$29,$150,$3,$155,$184,$0,$10,$-0,$220,$404,$14,$7,$2,$9,$4,$4,$-4,$2,$6,$30,$-4,$0,$0,$0,$0,$0,$0,$-4,$-0,$0,$-0,$3,$3,$0,$-0,$2,$28,$2,$0
7,2016-12-31,21.42,$6.10,3.51,$5.86,3.65,$-0.93,0.0,$-0.43,0.0,$0.23B,$0.03B,6.71,$0.14B,$0.20B,0.72,$0.19B,$0.11B,58.64%,$0.19B,$-0.00B,-2.09%,$0.19B,$-0.00B,-2.09%,$0.19B,$0.03B,13.09%,$0.19B,$-0.02B,-8.38%,$0.19B,$-0.01B,-7.33%,$-0.01B,$0.20B,-7.10%,$-0.01B,$0.09B,-16.77%,$-0.01B,$0.39B,-3.70%,$-0.00B,$0.35B,-1.17%,$53,$26,$27,$8,$20,$47,$6,$-3,$3,$5,$-2,$-2,$-2,$13,$6,$33,33,$-0.05,$-0.05,$170,$26,$0,$225,$51,$0,$111,$1,$163,$388,$34,$144,$10,$154,$188,$0,$-4,$-0,$201,$388,$-14,$29,$4,$33,$-6,$1,$4,$-6,$-8,$12,$-12,$0,$-5,$0,$0,$0,$0,$-17,$-5,$0,$-5,$-12,$-12,$0,$-0,$-17,$-22,$8,$0
8,2016-09-30,22.09,$6.03,3.67,$5.79,3.82,$-0.34,0.0,$-0.38,0.0,$0.21B,$0.03B,8.23,$0.15B,$0.20B,0.75,$0.19B,$0.11B,59.47%,$0.19B,$-0.01B,-3.68%,$0.19B,$-0.01B,-3.68%,$0.19B,$0.02B,11.58%,$0.19B,$-0.02B,-10.00%,$0.19B,$-0.01B,-6.32%,$-0.01B,$0.20B,-5.95%,$-0.01B,$0.08B,-13.68%,$-0.01B,$0.38B,-3.13%,$-0.01B,$0.34B,-2.01%,$49,$18,$32,$9,$18,$47,$2,$-3,$-1,$-0,$-1,$-1,$-1,$9,$2,$33,33,$-0.02,$-0.02,$153,$23,$0,$209,$50,$0,$112,$1,$168,$376,$25,$147,$5,$154,$180,$0,$-2,$-0,$197,$376,$-12,$22,$-3,$19,$-7,$4,$1,$-7,$-12,$-5,$-8,$0,$-5,$0,$0,$0,$0,$-13,$-5,$0,$-5,$-15,$-15,$0,$-0,$-20,$-38,$6,$0
9,2016-06-30,17.86,$5.96,3.0,$5.67,3.15,$0.29,61.29,$-0.38,0.0,$0.20B,$0.02B,8.6,$0.15B,$0.19B,0.75,$0.19B,$0.11B,59.04%,$0.19B,$-0.01B,-4.26%,$0.19B,$-0.01B,-4.26%,$0.19B,$0.02B,11.17%,$0.19B,$-0.02B,-10.64%,$0.19B,$-0.01B,-6.38%,$-0.01B,$0.19B,-5.79%,$-0.01B,$0.08B,-12.90%,$-0.01B,$0.37B,-3.05%,$-0.01B,$0.34B,-2.27%,$39,$17,$22,$10,$19,$48,$-9,$-3,$-12,$-4,$-8,$-8,$-8,$-1,$-9,$33,33,$-0.24,$-0.24,$156,$23,$0,$200,$50,$0,$114,$1,$169,$370,$23,$145,$5,$153,$177,$0,$-2,$-0,$193,$370,$-11,$15,$-4,$12,$2,$4,$-2,$-6,$-3,$-2,$-5,$0,$-5,$0,$0,$0,$0,$-11,$-5,$0,$-5,$-18,$-18,$0,$-0,$-23,$-36,$4,$0
10,2016-03-31,17.26,$6.14,2.81,$5.48,3.15,$0.99,17.37,$-0.40,0.0,$0.21B,$0.03B,7.46,$0.14B,$0.20B,0.73,$0.18B,$0.11B,59.24%,$0.18B,$-0.01B,-4.89%,$0.18B,$-0.01B,-4.89%,$0.18B,$0.02B,10.33%,$0.18B,$-0.02B,-11.41%,$0.18B,$-0.01B,-7.07%,$-0.01B,$0.20B,-6.00%,$-0.01B,$0.08B,-12.81%,$-0.01B,$0.38B,-3.18%,$-0.01B,$0.34B,-2.48%,$50,$19,$31,$13,$20,$54,$-3,$-3,$-6,$-3,$-3,$-3,$-3,$4,$-3,$33,33,$-0.11,$-0.11,$153,$25,$0,$210,$52,$0,$116,$1,$169,$379,$28,$144,$5,$152,$180,$0,$6,$-0,$198,$379,$-3,$8,$-1,$6,$-8,$2,$1,$-3,$-11,$-8,$-2,$0,$-5,$0,$0,$0,$0,$-7,$-5,$0,$-5,$-19,$-19,$0,$-0,$-23,$-38,$2,$0
11,2015-12-31,21.2,$6.56,3.23,$5.67,3.74,$2.10,10.12,$-0.18,0.0,$0.24B,$0.03B,7.81,$0.15B,$0.22B,0.67,$0.20B,$0.12B,60.71%,$0.20B,$0.00B,1.53%,$0.20B,$0.00B,1.53%,$0.20B,$0.03B,15.82%,$0.20B,$-0.01B,-4.59%,$0.20B,$-0.01B,-3.06%,$-0.01B,$0.22B,-2.61%,$-0.01B,$0.11B,-5.26%,$-0.01B,$0.41B,-1.40%,$0.00B,$0.37B,0.80%,$52,$24,$28,$10,$20,$50,$3,$-3,$-0,$0,$-0,$-0,$-0,$10,$3,$34,34,$-0.02,$-0.01,$192,$26,$0,$241,$53,$0,$113,$1,$166,$407,$31,$147,$4,$157,$188,$0,$10,$-0,$219,$407,$-6,$29,$3,$32,$16,$-2,$-3,$-2,$11,$37,$-17,$0,$0,$0,$0,$0,$0,$-17,$-1,$0,$-1,$-28,$-28,$0,$-1,$-29,$-9,$7,$0
12,2015-09-30,18.88,$6.57,2.88,$6.01,3.14,$2.22,8.49,$0.03,629.33,$0.25B,$0.04B,6.91,$0.15B,$0.22B,0.67,$0.21B,$0.14B,64.59%,$0.21B,$0.01B,6.22%,$0.21B,$0.01B,6.22%,$0.21B,$0.04B,20.10%,$0.21B,$0.00B,1.44%,$0.21B,$0.00B,0.48%,$0.00B,$0.22B,0.42%,$0.00B,$0.11B,0.85%,$0.00B,$0.42B,0.23%,$0.01B,$0.37B,3.41%,$47,$17,$30,$8,$18,$46,$1,$-3,$-2,$-1,$-1,$-1,$-1,$8,$1,$34,34,$-0.02,$-0.02,$184,$25,$0,$251,$52,$0,$115,$1,$168,$419,$36,$146,$5,$163,$200,$0,$10,$-0,$219,$419,$-6,$22,$-1,$21,$3,$0,$-2,$1,$5,$20,$-12,$0,$0,$0,$0,$0,$0,$-12,$-1,$0,$-1,$-25,$-25,$0,$-0,$-27,$-18,$6,$0
13,2015-06-30,22.95,$6.79,3.38,$5.82,3.94,$2.24,10.25,$-0.12,0.0,$0.26B,$0.03B,7.62,$0.15B,$0.23B,0.63,$0.20B,$0.13B,63.55%,$0.20B,$0.00B,0.99%,$0.20B,$0.00B,0.99%,$0.20B,$0.03B,15.27%,$0.20B,$-0.01B,-2.46%,$0.20B,$-0.00B,-1.97%,$-0.00B,$0.23B,-1.70%,$-0.00B,$0.11B,-3.50%,$-0.00B,$0.43B,-1.00%,$0.00B,$0.38B,0.58%,$35,$15,$20,$9,$18,$45,$-10,$-3,$-13,$-4,$-9,$-9,$-9,$-3,$-10,$35,35,$-0.26,$-0.26,$210,$24,$0,$261,$51,$0,$117,$1,$169,$429,$34,$145,$5,$165,$199,$0,$11,$-0,$230,$429,$-5,$15,$2,$16,$19,$1,$-4,$-3,$12,$23,$-7,$0,$0,$0,$0,$0,$0,$-7,$-1,$0,$-1,$-11,$-11,$0,$-0,$-12,$4,$4,$0
14,2015-03-31,26.98,$7.29,3.7,$5.72,4.72,$2.09,12.91,$-0.06,0.0,$0.29B,$0.04B,7.9,$0.14B,$0.25B,0.57,$0.20B,$0.13B,62.81%,$0.20B,$0.00B,1.01%,$0.20B,$0.00B,1.01%,$0.20B,$0.03B,15.08%,$0.20B,$-0.00B,-1.01%,$0.20B,$-0.00B,-1.01%,$-0.00B,$0.25B,-0.86%,$-0.00B,$0.13B,-1.86%,$-0.00B,$0.46B,-0.56%,$0.00B,$0.40B,0.65%,$62,$21,$41,$8,$22,$53,$9,$-3,$6,$2,$4,$4,$4,$16,$9,$35,36,$0.12,$0.11,$233,$23,$0,$285,$49,$0,$120,$1,$170,$455,$36,$144,$6,$168,$204,$0,$20,$-0,$251,$455,$4,$8,$3,$11,$16,$1,$-3,$4,$17,$32,$-3,$0,$0,$0,$0,$0,$0,$-3,$-0,$0,$-0,$0,$0,$0,$-0,$-0,$29,$2,$0
15,2014-12-31,28.92,$7.12,4.06,$5.36,5.4,$1.81,15.95,$-0.21,0.0,$0.27B,$0.04B,7.54,$0.14B,$0.25B,0.58,$0.18B,$0.11B,59.78%,$0.18B,$-0.01B,-4.89%,$0.18B,$-0.01B,-4.89%,$0.18B,$0.02B,10.33%,$0.18B,$-0.01B,-5.43%,$0.18B,$-0.01B,-4.35%,$-0.01B,$0.25B,-3.53%,$-0.01B,$0.12B,-8.33%,$-0.01B,$0.45B,-2.57%,$-0.01B,$0.39B,-3.38%,$65,$21,$44,$9,$19,$52,$13,$-1,$12,$5,$7,$7,$7,$21,$13,$34,34,$0.20,$0.20,$204,$25,$0,$274,$49,$0,$123,$1,$173,$447,$36,$143,$6,$166,$202,$0,$16,$-0,$245,$447,$-7,$29,$7,$36,$-5,$3,$4,$4,$7,$36,$-11,$0,$0,$0,$0,$0,$0,$-11,$172,$0,$172,$3,$3,$0,$-7,$168,$193,$7,$0
16,2014-09-30,26.87,$6.32,4.25,$4.97,5.41,$1.24,21.63,$-0.38,0.0,$0.09B,$0.03B,2.88,$0.01B,$0.22B,0.02,$0.17B,$0.10B,58.48%,$0.17B,$-0.02B,-12.87%,$0.17B,$-0.02B,-12.87%,$0.17B,$0.01B,2.92%,$0.17B,$-0.02B,-12.87%,$0.17B,$-0.01B,-8.19%,$-0.01B,$0.22B,-6.32%,$-0.01B,$0.09B,-16.33%,$-0.01B,$0.27B,-5.24%,$-0.02B,$0.22B,-9.71%,$41,$17,$24,$12,$17,$51,$-10,$-0,$-10,$-5,$-6,$-6,$-6,$-3,$-10,$34,34,$-0.17,$-0.17,$23,$24,$0,$90,$49,$0,$128,$1,$178,$268,$31,$5,$7,$19,$50,$0,$9,$-0,$217,$268,$-14,$21,$-1,$20,$5,$4,$-1,$2,$12,$17,$-8,$-0,$0,$0,$0,$0,$0,$-9,$-0,$0,$-0,$3,$3,$0,$-2,$0,$9,$5,$0
17,2014-06-30,22.11,$6.41,3.45,$4.76,4.65,$1.20,18.49,$-0.34,0.0,$0.07B,$0.02B,3.67,$0.01B,$0.22B,0.02,$0.16B,$0.09B,57.32%,$0.16B,$-0.02B,-10.98%,$0.16B,$-0.02B,-10.98%,$0.16B,$0.01B,5.49%,$0.16B,$-0.02B,-10.98%,$0.16B,$-0.01B,-7.32%,$-0.01B,$0.22B,-5.41%,$-0.01B,$0.09B,-14.86%,$-0.01B,$0.26B,-4.50%,$-0.02B,$0.23B,-7.94%,$31,$16,$16,$8,$15,$41,$-10,$-0,$-10,$-3,$-7,$-7,$-7,$-4,$-10,$34,34,$-0.20,$-0.20,$18,$24,$0,$72,$50,$0,$135,$2,$186,$259,$20,$5,$7,$19,$39,$0,$14,$0,$220,$259,$-8,$14,$-0,$14,$13,$4,$-1,$-2,$12,$17,$-7,$-0,$0,$0,$0,$0,$0,$-7,$-0,$0,$-0,$0,$0,$0,$-1,$-1,$10,$3,$0
18,2014-03-31,27.3,$6.58,4.15,$4.72,5.78,$1.40,19.43,$-0.19,0.0,$0.08B,$0.02B,3.42,$0.01B,$0.23B,0.02,$0.16B,$0.09B,57.67%,$0.16B,$-0.02B,-9.20%,$0.16B,$-0.02B,-9.20%,$0.16B,$0.01B,6.75%,$0.16B,$-0.02B,-9.20%,$0.16B,$-0.01B,-4.29%,$-0.01B,$0.23B,-3.16%,$-0.01B,$0.09B,-9.15%,$-0.01B,$0.27B,-2.61%,$-0.02B,$0.23B,-6.62%,$47,$20,$26,$9,$17,$49,$-2,$-0,$-2,$-1,$-2,$-2,$-2,$5,$-2,$34,34,$-0.04,$-0.04,$25,$25,$0,$81,$50,$0,$138,$2,$190,$271,$24,$5,$9,$23,$46,$0,$21,$0,$225,$271,$-2,$7,$2,$10,$13,$3,$-1,$0,$14,$22,$-4,$-0,$0,$0,$0,$0,$0,$-4,$-0,$0,$-0,$-0,$-0,$0,$-1,$-1,$17,$2,$0
19,2013-12-31,30.89,$6.57,4.7,$5.15,6.0,$1.79,17.28,$0.21,147.1,$0.08B,$0.02B,3.28,$0.01B,$0.22B,0.02,$0.18B,$0.11B,61.80%,$0.18B,$0.00B,2.25%,$0.18B,$0.00B,2.25%,$0.18B,$0.03B,16.85%,$0.18B,$0.00B,2.25%,$0.18B,$0.01B,3.93%,$0.01B,$0.22B,3.19%,$0.01B,$0.08B,9.03%,$0.01B,$0.27B,2.64%,$0.00B,$0.23B,1.78%,$52,$18,$34,$11,$18,$52,$0,$-0,$-0,$-1,$1,$1,$1,$7,$0,$34,35,$0.03,$0.03,$9,$28,$0,$79,$48,$0,$143,$2,$193,$271,$24,$5,$8,$24,$48,$0,$23,$0,$224,$271,$7,$25,$5,$30,$3,$-12,$-1,$1,$-12,$26,$-21,$-2,$-11,$0,$0,$0,$0,$-34,$-0,$-5,$-5,$6,$6,$0,$1,$2,$-6,$9,$0
20,2013-09-30,28.4,$6.41,4.43,$5.26,5.4,$1.87,15.17,$0.44,64.55,$0.07B,$0.02B,3.33,$0.01B,$0.22B,0.02,$0.18B,$0.11B,62.22%,$0.18B,$0.02B,10.56%,$0.18B,$0.02B,10.56%,$0.18B,$0.05B,25.00%,$0.18B,$0.02B,10.00%,$0.18B,$0.02B,8.33%,$0.02B,$0.22B,7.02%,$0.02B,$0.07B,20.20%,$0.02B,$0.27B,5.83%,$0.02B,$0.22B,8.62%,$34,$15,$18,$7,$14,$39,$-6,$-0,$-6,$-2,$-4,$-4,$-4,$1,$-6,$34,34,$-0.13,$-0.13,$10,$27,$0,$71,$45,$0,$148,$2,$195,$266,$21,$5,$9,$27,$48,$0,$22,$0,$218,$266,$6,$18,$8,$26,$13,$-12,$-1,$-1,$-8,$24,$-17,$-1,$-11,$0,$0,$0,$0,$-30,$-0,$-5,$-5,$5,$5,$0,$1,$1,$-5,$5,$0
21,2013-06-30,25.53,$6.48,3.94,$5.27,4.84,$1.63,15.66,$0.55,46.42,$0.07B,$0.02B,3.9,$0.01B,$0.22B,0.02,$0.18B,$0.11B,62.57%,$0.18B,$0.02B,13.41%,$0.18B,$0.02B,13.41%,$0.18B,$0.05B,26.82%,$0.18B,$0.02B,12.29%,$0.18B,$0.02B,10.06%,$0.02B,$0.22B,8.74%,$0.02B,$0.07B,25.90%,$0.02B,$0.27B,7.19%,$0.02B,$0.23B,11.03%,$30,$14,$16,$8,$13,$37,$-7,$-0,$-7,$-6,$-2,$-2,$-2,$-2,$-7,$34,34,$-0.05,$-0.05,$22,$25,$0,$71,$41,$0,$151,$2,$194,$265,$18,$5,$11,$27,$46,$0,$26,$0,$219,$265,$11,$12,$6,$19,$19,$-9,$-2,$-1,$0,$29,$-12,$-1,$-9,$0,$0,$0,$0,$-22,$-0,$-5,$-5,$4,$4,$0,$1,$-0,$7,$4,$0
22,2013-03-31,23.75,$6.47,3.67,$5.33,4.46,$1.15,20.7,$0.50,47.5,$0.09B,$0.02B,4.01,$0.01B,$0.22B,0.03,$0.18B,$0.11B,62.78%,$0.18B,$0.03B,14.44%,$0.18B,$0.03B,14.44%,$0.18B,$0.05B,28.33%,$0.18B,$0.02B,13.33%,$0.18B,$0.02B,9.44%,$0.02B,$0.22B,8.62%,$0.02B,$0.09B,26.56%,$0.02B,$0.26B,7.02%,$0.03B,$0.22B,12.18%,$62,$20,$42,$8,$16,$45,$17,$-0,$17,$5,$12,$12,$12,$24,$17,$34,35,$0.37,$0.36,$44,$21,$0,$92,$37,$0,$127,$2,$165,$257,$23,$5,$2,$16,$39,$0,$28,$0,$218,$257,$12,$7,$2,$9,$18,$-5,$-3,$3,$13,$34,$-3,$-1,$0,$0,$0,$0,$0,$-4,$-0,$-5,$-5,$3,$3,$0,$1,$-1,$30,$2,$0
23,2012-12-31,18.67,$5.97,3.13,$4.67,4.0,$0.31,59.96,$0.14,133.36,$0.08B,$0.02B,3.32,$0.01B,$0.20B,0.05,$0.16B,$0.09B,60.26%,$0.16B,$0.01B,5.77%,$0.16B,$0.01B,5.77%,$0.16B,$0.03B,21.15%,$0.16B,$0.01B,4.49%,$0.16B,$0.01B,3.21%,$0.01B,$0.20B,2.65%,$0.01B,$0.07B,9.57%,$0.01B,$0.24B,2.11%,$0.01B,$0.21B,4.29%,$54,$18,$36,$7,$12,$39,$15,$-1,$14,$5,$9,$9,$9,$22,$15,$33,34,$0.26,$0.26,$15,$15,$0,$75,$34,$0,$131,$2,$167,$242,$23,$11,$1,$20,$42,$0,$15,$0,$200,$242,$5,$23,$7,$30,$-18,$-1,$2,$1,$-16,$20,$-12,$-16,$-1,$0,$0,$0,$0,$-29,$-2,$-37,$-39,$1,$1,$0,$0,$-38,$-46,$7,$0
24,2012-09-30,18.93,$5.61,3.38,$4.22,4.48,$1.37,13.83,$-0.09,0.0,$0.07B,$0.02B,4.48,$0.03B,$0.19B,0.13,$0.14B,$0.08B,57.86%,$0.14B,$-0.00B,-2.86%,$0.14B,$-0.00B,-2.86%,$0.14B,$0.02B,13.57%,$0.14B,$-0.01B,-4.29%,$0.14B,$-0.00B,-2.14%,$-0.00B,$0.19B,-1.62%,$-0.00B,$0.05B,-6.59%,$-0.00B,$0.24B,-1.22%,$-0.00B,$0.21B,-1.85%,$33,$15,$18,$5,$13,$34,$-1,$-0,$-2,$-1,$-1,$-1,$-1,$4,$-1,$33,33,$-0.02,$-0.02,$18,$17,$0,$69,$31,$0,$135,$2,$168,$237,$15,$25,$1,$35,$50,$0,$7,$0,$187,$237,$-4,$16,$3,$19,$-2,$-2,$-1,$-3,$-9,$6,$-7,$-15,$-1,$0,$0,$0,$0,$-23,$-2,$-23,$-25,$-0,$-0,$0,$-1,$-26,$-43,$5,$0
25,2012-06-30,15.68,$5.55,2.83,$4.22,3.71,$2.34,6.71,$-0.10,0.0,$0.06B,$0.01B,4.98,$0.03B,$0.18B,0.14,$0.14B,$0.08B,57.86%,$0.14B,$-0.00B,-2.86%,$0.14B,$-0.00B,-2.86%,$0.14B,$0.02B,13.57%,$0.14B,$-0.01B,-4.29%,$0.14B,$-0.00B,-2.14%,$-0.00B,$0.18B,-1.63%,$-0.00B,$0.05B,-7.23%,$-0.00B,$0.23B,-1.17%,$-0.00B,$0.21B,-1.81%,$31,$14,$17,$7,$13,$35,$-5,$-0,$-5,$-2,$-3,$-3,$-3,$1,$-5,$33,33,$-0.09,$-0.09,$20,$17,$0,$64,$29,$0,$138,$1,$168,$233,$13,$25,$1,$36,$49,$0,$7,$0,$184,$233,$-3,$11,$2,$13,$2,$-2,$-1,$-3,$-5,$5,$-4,$-15,$0,$0,$0,$0,$0,$-19,$-2,$-23,$-25,$-3,$-3,$0,$0,$-28,$-41,$4,$0
26,2012-03-31,18.37,$5.59,3.28,$4.12,4.45,$3.27,5.62,$-0.11,0.0,$0.07B,$0.02B,4.44,$0.03B,$0.19B,0.13,$0.14B,$0.08B,57.66%,$0.14B,$-0.00B,-2.92%,$0.14B,$-0.00B,-2.92%,$0.14B,$0.02B,11.68%,$0.14B,$-0.01B,-5.11%,$0.14B,$-0.00B,-2.92%,$-0.00B,$0.19B,-2.18%,$-0.00B,$0.04B,-8.89%,$-0.00B,$0.24B,-1.53%,$-0.00B,$0.21B,-1.77%,$38,$15,$23,$9,$12,$37,$0,$-0,$0,$0,$0,$0,$0,$6,$0,$33,34,$0.00,$0.00,$22,$16,$0,$68,$28,$0,$141,$1,$170,$238,$15,$25,$1,$38,$53,$0,$10,$0,$185,$238,$0,$6,$2,$7,$0,$-2,$1,$-3,$-4,$4,$-1,$-15,$0,$0,$0,$0,$0,$-16,$-2,$-23,$-25,$-3,$-3,$0,$0,$-28,$-40,$2,$0
27,2011-12-31,15.13,$5.57,2.72,$4.81,3.14,$3.96,3.82,$0.24,63.04,$0.10B,$0.03B,3.17,$0.05B,$0.19B,0.26,$0.16B,$0.10B,60.38%,$0.16B,$0.01B,8.81%,$0.16B,$0.01B,8.81%,$0.16B,$0.03B,19.50%,$0.16B,$0.01B,6.29%,$0.16B,$0.01B,4.40%,$0.01B,$0.19B,3.83%,$0.01B,$0.04B,14.29%,$0.01B,$0.28B,2.62%,$0.01B,$0.23B,6.03%,$38,$15,$23,$7,$12,$36,$2,$-1,$1,$0,$1,$1,$1,$8,$2,$33,33,$0.02,$0.02,$61,$14,$0,$104,$28,$0,$145,$1,$175,$279,$33,$48,$1,$61,$94,$0,$10,$0,$185,$279,$8,$18,$11,$29,$-1,$3,$0,$8,$11,$48,$-5,$-16,$0,$0,$0,$0,$0,$-21,$-0,$-30,$-30,$59,$59,$0,$0,$28,$55,$8,$0
28,2011-09-30,16.37,$5.49,2.98,$4.77,3.43,$2.09,7.83,$0.20,81.85,$0.09B,$0.03B,2.74,$0.05B,$0.18B,0.27,$0.15B,$0.09B,59.48%,$0.15B,$0.01B,7.19%,$0.15B,$0.01B,7.19%,$0.15B,$0.03B,16.99%,$0.15B,$0.01B,5.23%,$0.15B,$0.01B,3.92%,$0.01B,$0.18B,3.64%,$0.01B,$0.04B,16.90%,$0.01B,$0.27B,2.39%,$0.01B,$0.23B,4.95%,$33,$15,$18,$6,$12,$34,$-1,$-0,$-2,$-1,$-1,$-1,$-1,$4,$-1,$33,33,$-0.03,$-0.03,$51,$15,$0,$93,$32,$0,$147,$1,$180,$273,$34,$49,$1,$57,$91,$0,$9,$0,$182,$273,$7,$12,$8,$20,$-4,$3,$-0,$-0,$7,$34,$-3,$-14,$0,$0,$0,$0,$0,$-18,$-0,$-30,$-30,$59,$59,$0,$-1,$27,$44,$6,$0
29,2011-06-30,15.15,$5.47,2.77,$4.77,3.18,$0.49,31.01,$0.02,757.5,$0.10B,$0.02B,6.42,$0.05B,$0.18B,0.27,$0.15B,$0.09B,59.46%,$0.15B,$0.01B,6.08%,$0.15B,$0.01B,6.08%,$0.15B,$0.02B,14.86%,$0.15B,$0.01B,4.05%,$0.15B,$0.00B,0.68%,$0.00B,$0.18B,0.68%,$0.00B,$0.06B,4.30%,$0.00B,$0.25B,0.42%,$0.01B,$0.23B,4.25%,$28,$13,$15,$6,$12,$33,$-5,$-0,$-6,$-2,$-4,$-4,$-4,$-2,$-5,$33,33,$-0.11,$-0.11,$65,$15,$0,$100,$32,$0,$121,$1,$154,$254,$16,$50,$1,$57,$73,$0,$10,$0,$182,$254,$8,$7,$8,$14,$3,$2,$-1,$-0,$12,$34,$-2,$-1,$0,$0,$0,$0,$0,$-3,$-0,$-30,$-30,$58,$58,$0,$-1,$27,$59,$4,$0
30,2011-03-31,11.96,$5.53,2.16,$4.81,2.48,$-1.06,0.0,$0.04,299.0,$0.11B,$0.02B,5.53,$0.05B,$0.18B,0.27,$0.15B,$0.09B,59.31%,$0.15B,$0.01B,4.14%,$0.15B,$0.01B,4.14%,$0.15B,$0.02B,13.79%,$0.15B,$0.00B,2.76%,$0.15B,$0.00B,2.07%,$0.00B,$0.18B,2.29%,$0.00B,$0.06B,52.17%,$0.00B,$0.26B,1.32%,$0.01B,$0.23B,2.94%,$60,$20,$40,$7,$12,$42,$18,$-1,$17,$6,$11,$11,$11,$21,$18,$32,33,$0.35,$0.35,$59,$15,$0,$107,$32,$0,$123,$2,$156,$263,$19,$50,$1,$61,$80,$0,$14,$0,$183,$263,$11,$3,$8,$11,$-3,$3,$0,$-1,$3,$26,$-1,$-0,$0,$0,$0,$0,$0,$-1,$-0,$-30,$-30,$58,$58,$0,$-1,$28,$52,$2,$0
31,2010-12-31,14.45,$3.95,3.66,$3.99,3.62,$-2.35,0.0,$-0.40,0.0,$0.06B,$0.02B,3.55,$0.08B,$0.11B,0.71,$0.11B,$0.06B,54.87%,$0.11B,$-0.02B,-14.16%,$0.11B,$-0.02B,-14.16%,$0.11B,$-0.00B,-2.65%,$0.11B,$-0.02B,-15.04%,$0.11B,$-0.01B,-9.73%,$-0.01B,$0.11B,-9.54%,$-0.01B,$-0.01B,102.33%,$-0.01B,$0.22B,-4.99%,$-0.02B,$0.19B,-8.14%,$32,$14,$18,$5,$11,$32,$-1,$-1,$-1,$-1,$-0,$-0,$-0,$3,$-1,$29,29,$0.00,$0.00,$7,$18,$0,$56,$31,$0,$126,$2,$159,$215,$16,$80,$1,$86,$102,$0,$3,$0,$113,$215,$-11,$12,$6,$19,$3,$2,$-3,$-4,$-17,$-10,$-6,$-4,$-128,$4,$0,$4,$0,$-135,$72,$0,$72,$-8,$-8,$0,$-1,$63,$-82,$5,$0
32,2010-09-30,10.99,$3.90,2.82,$5.08,2.16,$0.41,26.83,$0.28,39.25,$0.06B,$0.02B,3.24,$0.08B,$0.11B,0.72,$0.15B,$0.09B,62.16%,$0.15B,$0.02B,11.49%,$0.15B,$0.02B,11.49%,$0.15B,$0.03B,18.92%,$0.15B,$0.02B,10.81%,$0.15B,$0.01B,6.08%,$0.01B,$0.11B,7.59%,$0.01B,$-0.01B,40.91%,$0.01B,$0.21B,4.32%,$0.02B,$0.19B,9.35%,$28,$13,$15,$6,$11,$32,$-3,$-1,$-4,$2,$-6,$-6,$-6,$-0,$-3,$28,28,$-0.21,$-0.21,$7,$19,$0,$56,$31,$0,$125,$2,$158,$213,$17,$80,$2,$85,$102,$0,$3,$0,$111,$213,$-11,$9,$3,$12,$4,$1,$-2,$-4,$-14,$-13,$-5,$-2,$-128,$4,$0,$4,$0,$-131,$75,$-3,$72,$-8,$-8,$0,$-1,$63,$-82,$4,$0
33,2010-06-30,12.69,$4.06,3.12,$5.94,2.14,$1.89,6.72,$0.99,12.82,$0.07B,$0.02B,3.81,$0.08B,$0.12B,0.72,$0.18B,$0.12B,65.34%,$0.18B,$0.04B,25.00%,$0.18B,$0.04B,25.00%,$0.18B,$0.05B,30.68%,$0.18B,$0.04B,25.00%,$0.18B,$0.03B,17.05%,$0.03B,$0.12B,24.95%,$0.03B,$-0.01B,56.87%,$0.03B,$0.22B,15.58%,$0.04B,$0.20B,26.67%,$25,$12,$13,$6,$11,$33,$-8,$-1,$-8,$-6,$-2,$-2,$-2,$-4,$-8,$28,28,$-0.09,$-0.09,$15,$20,$0,$65,$29,$0,$125,$2,$157,$221,$17,$83,$2,$88,$105,$0,$9,$0,$116,$221,$-5,$5,$-5,$1,$6,$0,$-1,$-4,$-10,$-14,$-2,$0,$-128,$4,$0,$4,$-0,$-127,$75,$0,$75,$-8,$-8,$0,$-0,$67,$-74,$3,$0
34,2010-03-31,14.54,$4.20,3.46,$5.88,2.47,$2.81,5.18,$1.10,13.22,$0.08B,$0.02B,4.11,$0.08B,$0.12B,0.69,$0.18B,$0.12B,66.48%,$0.18B,$0.05B,30.11%,$0.18B,$0.05B,30.11%,$0.18B,$0.06B,34.09%,$0.18B,$0.05B,30.11%,$0.18B,$0.03B,18.75%,$0.03B,$0.12B,28.39%,$0.03B,$-0.01B,42.31%,$0.03B,$0.23B,19.76%,$0.05B,$0.20B,37.39%,$28,$13,$16,$6,$10,$32,$-4,$-0,$-4,$-2,$-3,$-3,$-3,$-2,$-4,$29,29,$-0.09,$-0.09,$20,$21,$0,$75,$29,$0,$127,$2,$158,$233,$18,$83,$2,$94,$112,$0,$11,$0,$121,$233,$-3,$2,$-0,$2,$4,$-0,$-3,$-4,$-13,$-14,$-1,$0,$-128,$4,$0,$4,$-0,$-125,$75,$0,$75,$-4,$-4,$0,$-0,$71,$-69,$1,$0
35,2009-12-31,13.78,$4.36,3.16,$5.43,2.54,$3.62,3.81,$1.10,12.53,$0.13B,$0.03B,4.28,$0.01B,$0.13B,0.05,$0.17B,$0.11B,66.06%,$0.17B,$0.05B,31.52%,$0.17B,$0.05B,31.52%,$0.17B,$0.06B,35.76%,$0.17B,$0.05B,31.52%,$0.17B,$0.03B,20.00%,$0.03B,$0.13B,29.27%,$0.03B,$0.12B,31.81%,$0.03B,$0.17B,23.57%,$0.05B,$0.13B,43.70%,$67,$19,$48,$3,$12,$35,$32,$-0,$32,$11,$20,$20,$20,$34,$32,$30,30,$0.66,$0.65,$93,$15,$0,$126,$21,$0,$8,$1,$40,$166,$30,$7,$1,$10,$40,$0,$14,$0,$126,$166,$33,$6,$6,$12,$16,$-3,$1,$2,$28,$73,$-7,$-0,$0,$-4,$0,$-4,$0,$-11,$-0,$0,$-0,$-32,$-32,$0,$1,$-31,$31,$5,$0
36,2009-09-30,16.23,$3.92,4.14,$4.25,3.82,$2.21,7.36,$0.62,26.18,$0.11B,$0.02B,4.68,$0.01B,$0.12B,0.05,$0.13B,$0.08B,61.83%,$0.13B,$0.03B,22.14%,$0.13B,$0.03B,22.14%,$0.13B,$0.04B,27.48%,$0.13B,$0.03B,22.14%,$0.13B,$0.02B,14.50%,$0.02B,$0.12B,17.12%,$0.02B,$0.11B,18.72%,$0.02B,$0.15B,14.15%,$0.03B,$0.12B,24.79%,$56,$18,$38,$3,$11,$32,$24,$-0,$24,$9,$15,$15,$15,$26,$24,$30,30,$0.50,$0.50,$65,$13,$0,$111,$20,$0,$9,$2,$39,$150,$24,$5,$2,$8,$32,$0,$-6,$0,$118,$150,$13,$4,$3,$8,$-0,$-1,$1,$4,$7,$28,$-3,$0,$0,$-5,$0,$-5,$-0,$-8,$-1,$0,$-1,$-18,$-18,$0,$1,$-17,$2,$3,$0
37,2009-06-30,14.56,$3.34,4.35,$3.37,4.33,$1.87,7.78,$0.27,53.93,$0.08B,$0.01B,7.89,$0.01B,$0.10B,0.06,$0.11B,$0.06B,58.88%,$0.11B,$0.01B,11.21%,$0.11B,$0.01B,11.21%,$0.11B,$0.02B,17.76%,$0.11B,$0.01B,12.15%,$0.11B,$0.01B,8.41%,$0.01B,$0.10B,7.98%,$0.01B,$0.09B,8.76%,$0.01B,$0.12B,6.72%,$0.01B,$0.11B,10.11%,$25,$10,$15,$3,$9,$24,$1,$-0,$1,$0,$1,$1,$1,$2,$1,$30,30,$0.02,$0.02,$49,$12,$0,$78,$19,$0,$9,$2,$40,$119,$10,$6,$2,$8,$18,$0,$-21,$0,$100,$119,$-2,$3,$0,$3,$17,$-0,$-2,$-4,$11,$12,$-2,$0,$0,$0,$0,$0,$-0,$-2,$-0,$0,$-0,$-18,$-18,$0,$0,$-19,$-8,$2,$0
38,2009-03-31,9.22,$3.46,2.66,$3.24,2.85,$2.21,4.18,$0.23,40.09,$0.08B,$0.01B,8.08,$0.01B,$0.11B,0.06,$0.10B,$0.06B,57.69%,$0.10B,$0.01B,9.62%,$0.10B,$0.01B,9.62%,$0.10B,$0.02B,17.31%,$0.10B,$0.01B,10.58%,$0.10B,$0.01B,6.73%,$0.01B,$0.11B,6.05%,$0.01B,$0.10B,6.67%,$0.01B,$0.13B,5.09%,$0.01B,$0.11B,8.20%,$17,$8,$8,$3,$9,$21,$-5,$-0,$-5,$-2,$-3,$-3,$-3,$-3,$-5,$31,31,$-0.09,$-0.09,$56,$13,$0,$84,$19,$0,$9,$2,$41,$125,$10,$6,$0,$8,$18,$0,$-22,$0,$107,$125,$-3,$2,$-1,$1,$19,$-1,$-2,$-3,$12,$10,$-1,$0,$0,$0,$0,$0,$0,$-1,$-0,$0,$-0,$-10,$-10,$0,$0,$-10,$-2,$1,$0
39,2008-12-31,13.07,$3.74,3.5,$3.94,3.32,$2.70,4.85,$0.58,22.53,$0.10B,$0.02B,6.55,$0.01B,$0.12B,0.05,$0.13B,$0.08B,61.72%,$0.13B,$0.03B,22.66%,$0.13B,$0.03B,22.66%,$0.13B,$0.04B,28.91%,$0.13B,$0.03B,23.44%,$0.13B,$0.02B,14.84%,$0.02B,$0.12B,16.27%,$0.02B,$0.11B,18.05%,$0.02B,$0.14B,13.60%,$0.03B,$0.13B,23.53%,$33,$14,$20,$2,$7,$25,$9,$0,$9,$3,$6,$6,$6,$11,$9,$32,33,$0.19,$0.19,$58,$12,$0,$101,$19,$0,$10,$2,$42,$143,$15,$6,$0,$8,$24,$0,$-19,$0,$119,$143,$19,$9,$4,$13,$-2,$-1,$-1,$3,$-3,$29,$-4,$-0,$0,$0,$0,$0,$0,$-4,$-1,$0,$-1,$-16,$-16,$0,$5,$-12,$12,$3,$0
40,2008-09-30,16.41,$3.84,4.28,$4.06,4.04,$2.67,6.15,$0.64,25.64,$0.11B,$0.02B,6.87,$0.01B,$0.13B,0.05,$0.13B,$0.08B,61.65%,$0.13B,$0.03B,23.31%,$0.13B,$0.03B,23.31%,$0.13B,$0.04B,30.08%,$0.13B,$0.03B,24.06%,$0.13B,$0.02B,15.79%,$0.02B,$0.13B,18.42%,$0.02B,$0.11B,20.74%,$0.02B,$0.15B,15.27%,$0.03B,$0.13B,25.67%,$32,$12,$20,$3,$9,$25,$7,$0,$8,$3,$5,$5,$5,$9,$7,$32,33,$0.15,$0.15,$62,$11,$0,$107,$19,$0,$11,$1,$41,$149,$16,$6,$2,$8,$24,$0,$-25,$0,$125,$149,$13,$6,$-2,$4,$-4,$-0,$-2,$8,$1,$18,$-2,$0,$0,$0,$0,$0,$-0,$-2,$-1,$0,$-1,$-5,$-5,$0,$6,$1,$17,$3,$0
41,2008-06-30,16.54,$3.45,4.79,$3.93,4.21,$2.66,6.23,$0.56,29.54,$0.09B,$0.01B,7.95,$0.01B,$0.11B,0.06,$0.13B,$0.08B,60.47%,$0.13B,$0.03B,21.71%,$0.13B,$0.03B,21.71%,$0.13B,$0.04B,28.68%,$0.13B,$0.03B,21.71%,$0.13B,$0.02B,13.95%,$0.02B,$0.11B,16.78%,$0.02B,$0.10B,19.30%,$0.02B,$0.13B,13.82%,$0.03B,$0.12B,24.51%,$22,$10,$12,$3,$9,$23,$-1,$0,$-1,$-0,$-1,$-1,$-1,$1,$-1,$32,32,$-0.02,$-0.02,$61,$10,$0,$94,$19,$0,$12,$0,$39,$133,$12,$7,$2,$9,$20,$0,$-30,$0,$112,$133,$8,$4,$7,$11,$8,$1,$-3,$-0,$4,$23,$-1,$0,$0,$0,$0,$0,$-0,$-1,$-0,$0,$-0,$-5,$-5,$0,$0,$-6,$16,$2,$0
42,2008-03-31,16.06,$3.44,4.67,$3.82,4.2,$2.52,6.36,$0.53,30.3,$0.10B,$0.01B,6.6,$0.01B,$0.11B,0.06,$0.13B,$0.08B,59.52%,$0.13B,$0.03B,20.63%,$0.13B,$0.03B,20.63%,$0.13B,$0.04B,27.78%,$0.13B,$0.03B,20.63%,$0.13B,$0.02B,13.49%,$0.02B,$0.11B,16.59%,$0.02B,$0.10B,19.43%,$0.02B,$0.13B,13.55%,$0.03B,$0.12B,23.74%,$41,$14,$27,$3,$9,$27,$14,$0,$14,$5,$9,$9,$9,$16,$14,$32,33,$0.27,$0.26,$65,$11,$0,$95,$19,$0,$13,$0,$40,$134,$14,$7,$2,$9,$23,$0,$-29,$0,$111,$134,$9,$2,$6,$8,$12,$1,$-2,$-0,$9,$26,$-0,$0,$0,$0,$0,$0,$-0,$-0,$-0,$0,$-0,$-6,$-6,$0,$0,$-6,$19,$1,$0
43,2007-12-31,19.47,$3.29,5.91,$3.59,5.43,$2.22,8.79,$0.41,47.49,$0.09B,$0.02B,5.14,$0.01B,$0.11B,0.07,$0.12B,$0.07B,57.98%,$0.12B,$0.02B,16.81%,$0.12B,$0.02B,16.81%,$0.12B,$0.03B,24.37%,$0.12B,$0.02B,16.81%,$0.12B,$0.01B,10.92%,$0.01B,$0.11B,13.13%,$0.01B,$0.09B,15.66%,$0.01B,$0.13B,10.70%,$0.02B,$0.12B,18.87%,$38,$15,$23,$3,$7,$27,$11,$0,$11,$3,$8,$8,$8,$14,$11,$32,33,$0.25,$0.25,$45,$11,$0,$87,$20,$0,$14,$0,$47,$134,$17,$7,$0,$9,$26,$0,$-38,$0,$108,$134,$14,$10,$9,$18,$-5,$-1,$1,$1,$-5,$27,$-3,$-1,$0,$0,$0,$0,$-0,$-4,$-1,$0,$-1,$-15,$-15,$0,$1,$-15,$9,$4,$0
44,2007-09-30,19.56,$2.99,6.54,$3.57,5.49,$1.95,10.01,$0.70,27.94,$0.07B,$0.01B,4.89,$0.01B,$0.10B,0.07,$0.12B,$0.07B,57.50%,$0.12B,$0.02B,16.67%,$0.12B,$0.02B,16.67%,$0.12B,$0.03B,24.17%,$0.12B,$0.02B,17.50%,$0.12B,$0.02B,19.17%,$0.02B,$0.10B,23.53%,$0.02B,$0.08B,28.48%,$0.02B,$0.12B,19.21%,$0.02B,$0.11B,19.05%,$28,$11,$16,$3,$8,$24,$4,$0,$4,$2,$2,$2,$2,$6,$4,$32,33,$0.08,$0.07,$35,$12,$0,$67,$19,$0,$15,$0,$52,$120,$14,$7,$0,$8,$22,$0,$-46,$0,$98,$120,$6,$7,$7,$14,$1,$-2,$-0,$-0,$-2,$18,$-2,$-1,$0,$0,$0,$0,$-0,$-3,$-1,$0,$-1,$-15,$-15,$0,$0,$-16,$-1,$3,$0
45,2007-06-30,17.56,$2.86,6.13,$3.43,5.12,$1.64,10.7,$0.69,25.45,$0.06B,$0.01B,4.86,$0.01B,$0.09B,0.08,$0.12B,$0.07B,56.90%,$0.12B,$0.02B,15.52%,$0.12B,$0.02B,15.52%,$0.12B,$0.03B,23.28%,$0.12B,$0.02B,16.38%,$0.12B,$0.02B,19.83%,$0.02B,$0.09B,24.40%,$0.02B,$0.08B,30.26%,$0.02B,$0.11B,19.70%,$0.02B,$0.10B,17.69%,$19,$9,$9,$3,$8,$22,$-3,$0,$-3,$-1,$-2,$-2,$-2,$-1,$-3,$32,32,$-0.05,$-0.05,$37,$10,$0,$59,$19,$0,$16,$0,$55,$114,$12,$7,$0,$9,$21,$0,$-48,$0,$93,$114,$3,$5,$4,$9,$10,$-1,$0,$-1,$6,$18,$-1,$-0,$0,$0,$0,$0,$-0,$-1,$-0,$0,$-0,$-16,$-16,$0,$0,$-17,$0,$2,$0
46,2007-03-31,12.0,$2.97,4.05,$3.33,3.6,$1.31,9.18,$0.62,19.35,$0.06B,$0.01B,5.17,$0.01B,$0.10B,0.08,$0.11B,$0.07B,57.52%,$0.11B,$0.02B,15.04%,$0.11B,$0.02B,15.04%,$0.11B,$0.03B,23.01%,$0.11B,$0.02B,15.93%,$0.11B,$0.02B,18.58%,$0.02B,$0.10B,22.64%,$0.02B,$0.08B,28.67%,$0.02B,$0.12B,18.22%,$0.02B,$0.10B,16.87%,$34,$13,$21,$3,$8,$26,$8,$0,$8,$3,$5,$5,$5,$10,$8,$33,34,$0.15,$0.14,$39,$9,$0,$63,$19,$0,$17,$0,$55,$118,$12,$8,$0,$9,$21,$0,$-47,$0,$97,$118,$5,$3,$4,$7,$7,$1,$-1,$-1,$4,$16,$-0,$0,$0,$0,$0,$0,$-0,$-0,$-0,$0,$-0,$-13,$-13,$0,$0,$-13,$2,$1,$0
47,2006-12-31,13.62,$3.08,4.42,$3.10,4.39,$0.97,14.0,$0.63,21.62,$0.07B,$0.02B,4.63,$0.01B,$0.10B,0.08,$0.11B,$0.06B,57.55%,$0.11B,$0.01B,13.21%,$0.11B,$0.01B,13.21%,$0.11B,$0.02B,21.70%,$0.11B,$0.02B,14.15%,$0.11B,$0.02B,19.81%,$0.02B,$0.10B,22.83%,$0.02B,$0.08B,29.58%,$0.02B,$0.13B,18.30%,$0.01B,$0.11B,13.97%,$39,$15,$23,$3,$8,$28,$11,$1,$12,$0,$17,$17,$18,$14,$11,$33,34,$0.55,$0.54,$37,$10,$0,$68,$20,$0,$19,$0,$59,$127,$15,$8,$0,$9,$24,$0,$-52,$0,$103,$127,$22,$9,$-4,$5,$-2,$-1,$-1,$-2,$-6,$21,$-4,$-7,$0,$0,$0,$0,$0,$-11,$-1,$0,$-1,$-8,$-8,$0,$0,$-8,$2,$3,$0
