,Date,Stock Price,Book Value per Share,Price to Book Ratio,TTM Sales per Share,Price to Sales Ratio,TTM FCF per Share,Price to FCF Ratio,TTM Net EPS,PE Ratio,Current Assets,Current Liabilities,Current Ratio,Long Term Debt,Shareholder's Equity_x,Debt to Equity Ratio,TTM Revenue_x,TTM Gross Profit,Gross Margin,TTM Revenue_y,TTM Operating Income,Operating Margin,TTM Revenue_x,TTM EBIT,EBIT Margin,TTM Revenue_y,TTM EBITDA,EBITDA Margin,TTM Revenue_x,TTM Pre-Tax Income,Pre-Tax Margin,TTM Revenue_y,TTM Net Income_x,Net Margin,TTM Net Income_y,Shareholder's Equity_y,Return on Equity,TTM Net Income_x,Tangible Equity,Return on Tangible Equity,TTM Net Income_y,Total Assets,Return on Assets,TTM Net Income,LT Investments & Debt,Return on Investment,revenue,cost-goods-sold,gross-profit,research-development-expenses,selling-general-administrative-expenses,operating-expenses,operating-income,total-non-operating-income-expense,pre-tax-income,total-provision-income-taxes,income-after-taxes,income-from-continuous-operations,net-income,ebitda,ebit,basic-shares-outstanding,shares-outstanding,eps-basic-net-earnings-per-share,eps-earnings-per-share-diluted,cash-on-hand,inventory,other-current-assets,total-current-assets,net-property-plant-equipment,long-term-investments,goodwill-intangible-assets-total,other-long-term-assets,total-long-term-assets,total-assets,total-current-liabilities,long-term-debt,other-non-current-liabilities,total-long-term-liabilities,total-liabilities,common-stock-net,retained-earnings-accumulated-deficit,comprehensive-income,total-share-holder-equity,total-liabilities-share-holders-equity,net-income-loss,total-depreciation-amortization-cash-flow,other-non-cash-items,total-non-cash-items,change-in-accounts-receivable,change-in-inventories,change-in-accounts-payable,change-in-assets-liabilities,total-change-in-assets-liabilities,cash-flow-from-operating-activities,net-change-in-property-plant-equipment,net-change-in-intangible-assets,net-acquisitions-divestitures,net-change-in-short-term-investments,net-change-in-long-term-investments,net-change-in-investments-total,investing-activities-other,cash-flow-from-investing-activities,net-long-term-debt,net-current-debt,debt-issuance-retirement-net-total,net-common-equity-issued-repurchased,net-total-equity-issued-repurchased,total-common-preferred-stock-dividends-paid,financial-activities-other,cash-flow-from-financial-activities,net-cash-flow,stock-based-compensation,common-stock-dividends-paid
0,2018-09-30,11.32,$14.07,0.8,$8.18,1.38,$-1.88,0.0,$-0.99,0.0,$0.22B,$0.63B,0.35,$2.45B,$3.38B,0.73,$1.95B,$1.88B,96.41%,$1.95B,$-0.17B,-8.66%,$1.95B,$-0.17B,-8.66%,$1.95B,$0.71B,36.14%,$1.95B,$-0.73B,-37.52%,$1.95B,$-0.23B,-11.94%,$-0.23B,$3.38B,-6.55%,$-0.23B,$3.38B,-6.55%,$-0.23B,$7.16B,-3.15%,$-0.17B,$5.83B,-2.82%,$561,$18,$543,$0,$114,$404,$157,$-147,$10,$3,$7,$7,$7,$393,$157,$237,237,$0.03,$0.03,$0,$0,$14,$221,$6877,$0,$0,$58,$6936,$7157,$631,$2451,$302,$3152,$3782,$2,$2002,$-10,$3375,$7157,$-382,$678,$399,$1076,$0,$0,$0,$-19,$-19,$675,$-815,$0,$-48,$0,$0,$0,$0,$-863,$287,$-29,$258,$-66,$-66,$0,$0,$192,$4,$28,$0
1,2018-06-30,12.26,$14.18,0.86,$7.43,1.65,$0.75,16.4,$-1.03,0.0,$0.21B,$0.63B,0.34,$2.65B,$3.36B,0.79,$1.78B,$1.72B,96.63%,$1.78B,$-0.19B,-10.90%,$1.78B,$-0.19B,-10.90%,$1.78B,$0.62B,35.00%,$1.78B,$-0.75B,-42.08%,$1.78B,$-0.24B,-13.65%,$-0.24B,$3.36B,-6.71%,$-0.24B,$3.36B,-6.71%,$-0.24B,$7.39B,-3.27%,$-0.19B,$6.01B,-3.28%,$532,$13,$519,$0,$125,$854,$-322,$-120,$-442,$-106,$-336,$-336,$-336,$-78,$-322,$237,237,$-1.42,$-1.42,$0,$0,$24,$214,$6902,$0,$0,$274,$7176,$7390,$627,$2649,$355,$3402,$4028,$2,$1995,$-10,$3361,$7390,$-390,$441,$351,$792,$0,$0,$0,$-26,$-26,$377,$-716,$0,$-45,$0,$0,$0,$0,$-761,$486,$-36,$451,$-64,$-64,$0,$0,$386,$3,$23,$0
2,2018-03-31,9.79,$15.55,0.63,$6.78,1.44,$1.43,6.85,$0.58,16.88,$0.15B,$0.61B,0.24,$2.46B,$3.70B,0.67,$1.63B,$1.57B,96.45%,$1.63B,$0.13B,7.78%,$1.63B,$0.13B,7.78%,$1.63B,$0.89B,54.72%,$1.63B,$-0.23B,-14.34%,$1.63B,$0.14B,8.46%,$0.14B,$3.70B,3.74%,$0.14B,$3.70B,3.74%,$0.14B,$7.61B,1.86%,$0.13B,$6.16B,2.19%,$429,$18,$411,$0,$123,$408,$21,$-89,$-68,$-14,$-54,$-54,$-54,$219,$21,$241,241,$-0.22,$-0.22,$0,$2,$3,$150,$7380,$0,$0,$79,$7459,$7609,$613,$2458,$337,$3299,$3912,$2,$2336,$-11,$3697,$7609,$-54,$198,$4,$202,$0,$0,$0,$12,$12,$160,$-374,$0,$0,$0,$0,$0,$0,$-374,$296,$-24,$272,$-58,$-58,$0,$0,$214,$1,$11,$0
3,2017-12-31,9.57,$15.63,0.61,$6.75,1.42,$1.92,4.99,$1.12,8.54,$0.17B,$0.57B,0.29,$2.16B,$3.80B,0.57,$1.62B,$1.55B,95.63%,$1.62B,$0.10B,6.22%,$1.62B,$0.10B,6.22%,$1.62B,$0.86B,53.11%,$1.62B,$-0.04B,-2.65%,$1.62B,$0.27B,16.57%,$0.27B,$3.80B,7.34%,$0.27B,$3.80B,7.34%,$0.27B,$7.40B,3.68%,$0.10B,$5.96B,1.79%,$429,$21,$408,$0,$116,$454,$-25,$-207,$-232,$-382,$150,$150,$150,$171,$-25,$241,241,$0.62,$0.62,$0,$0,$8,$165,$6544,$0,$0,$686,$7230,$7395,$573,$2161,$346,$3024,$3597,$2,$2443,$-11,$3798,$7395,$269,$761,$-425,$336,$-2,$-1,$4,$-0,$14,$598,$-353,$0,$-815,$0,$0,$0,$0,$-1168,$143,$32,$175,$-7,$-7,$0,$-43,$126,$-444,$22,$0
4,2017-09-30,8.57,$15.10,0.57,$6.77,1.27,$1.45,5.89,$-0.06,0.0,$0.94B,$0.61B,1.55,$1.89B,$3.64B,0.52,$1.59B,$1.52B,95.23%,$1.59B,$0.09B,5.58%,$1.59B,$0.09B,5.58%,$1.59B,$0.86B,53.95%,$1.59B,$-0.01B,-0.69%,$1.59B,$-0.01B,-0.88%,$-0.01B,$3.64B,-0.39%,$-0.01B,$3.64B,-0.39%,$-0.01B,$7.35B,-0.19%,$0.09B,$5.53B,1.60%,$390,$9,$382,$0,$132,$258,$132,$-139,$-7,$-3,$-3,$-3,$-3,$311,$132,$241,241,$-0.01,$-0.01,$783,$6,$4,$941,$6292,$0,$0,$114,$6406,$7347,$606,$1891,$317,$3104,$3710,$2,$2292,$-15,$3638,$7347,$119,$565,$-237,$328,$0,$0,$0,$45,$45,$483,$8,$0,$-95,$0,$0,$0,$0,$-86,$0,$-12,$-12,$-7,$-7,$0,$-1,$-20,$376,$14,$0
5,2017-06-30,10.1,$15.11,0.67,$6.74,1.5,$0.04,237.65,$-0.26,0.0,$0.42B,$0.52B,0.82,$1.89B,$3.64B,0.52,$1.59B,$1.48B,93.32%,$1.59B,$-0.14B,-8.58%,$1.59B,$-0.14B,-8.58%,$1.59B,$0.68B,42.56%,$1.59B,$-0.08B,-5.30%,$1.59B,$-0.06B,-3.91%,$-0.06B,$3.64B,-1.73%,$-0.06B,$3.64B,-1.73%,$-0.06B,$7.27B,-0.85%,$-0.14B,$5.52B,-2.44%,$384,$11,$373,$0,$132,$385,$-1,$74,$73,$27,$45,$45,$45,$192,$-1,$241,241,$0.19,$0.19,$179,$9,$49,$424,$6737,$0,$0,$104,$6841,$7266,$519,$1889,$328,$3111,$3631,$2,$2296,$-15,$3635,$7266,$122,$386,$-223,$163,$0,$0,$0,$11,$11,$296,$-476,$0,$-77,$0,$0,$0,$0,$-552,$0,$-1,$-1,$-6,$-6,$0,$-1,$-8,$-264,$8,$0
6,2017-03-31,12.71,$14.90,0.85,$6.68,1.9,$0.64,19.98,$-1.35,0.0,$0.51B,$0.41B,1.24,$2.02B,$3.58B,0.56,$1.54B,$1.41B,91.93%,$1.54B,$-0.23B,-14.78%,$1.54B,$-0.23B,-14.78%,$1.54B,$0.60B,39.19%,$1.54B,$-0.47B,-30.40%,$1.54B,$-0.30B,-19.79%,$-0.30B,$3.58B,-8.44%,$-0.30B,$3.58B,-8.44%,$-0.30B,$7.24B,-4.16%,$-0.23B,$5.61B,-4.04%,$420,$31,$389,$0,$133,$425,$-5,$128,$123,$46,$77,$77,$77,$188,$-5,$240,240,$0.32,$0.32,$338,$7,$0,$513,$6628,$0,$0,$95,$6722,$7235,$414,$2022,$343,$3238,$3652,$2,$2250,$-15,$3583,$7235,$77,$193,$-126,$67,$0,$0,$0,$6,$6,$150,$-245,$0,$0,$0,$0,$0,$0,$-245,$0,$-3,$-3,$-6,$-6,$0,$0,$-10,$-105,$6,$0
7,2016-12-31,18.41,$14.55,1.27,$6.31,2.92,$0.53,34.94,$-6.22,0.0,$0.64B,$0.52B,1.24,$2.02B,$3.50B,0.58,$1.38B,$1.27B,91.94%,$1.38B,$-1.60B,-116.27%,$1.38B,$-1.60B,-116.27%,$1.38B,$-0.72B,-52.51%,$1.38B,$-1.95B,-141.83%,$1.38B,$-1.25B,-90.41%,$-1.25B,$3.50B,-34.88%,$-1.25B,$3.50B,-34.88%,$-1.25B,$7.25B,-17.01%,$-1.60B,$5.52B,-28.65%,$400,$26,$374,$0,$138,$436,$-37,$-164,$-200,$-67,$-133,$-133,$-133,$169,$-37,$222,222,$0.04,$0.04,$444,$10,$0,$640,$6539,$0,$0,$66,$6605,$7245,$515,$2021,$381,$3228,$3743,$2,$2173,$-17,$3503,$7245,$-1245,$878,$917,$1794,$95,$9,$-50,$19,$141,$664,$-540,$0,$-639,$0,$0,$0,$0,$-1179,$-177,$-18,$-194,$777,$777,$0,$0,$583,$68,$36,$0
8,2016-09-30,19.53,$15.17,1.29,$7.16,2.73,$-3.64,0.0,$-5.88,0.0,$1.21B,$0.37B,3.26,$2.02B,$3.64B,0.56,$1.45B,$1.21B,83.53%,$1.45B,$-1.70B,-117.37%,$1.45B,$-1.70B,-117.37%,$1.45B,$-0.79B,-54.67%,$1.45B,$-1.82B,-126.23%,$1.45B,$-1.15B,-79.65%,$-1.15B,$3.64B,-31.28%,$-1.15B,$3.64B,-31.28%,$-1.15B,$7.28B,-15.13%,$-1.70B,$5.65B,-29.77%,$382,$38,$344,$0,$169,$476,$-93,$13,$-80,$-29,$-51,$-51,$-51,$126,$-93,$240,240,$-0.21,$-0.21,$1032,$11,$1,$1209,$5971,$0,$0,$96,$6066,$7275,$371,$2019,$350,$3269,$3640,$2,$2307,$-12,$3635,$7275,$-1112,$672,$844,$1516,$0,$0,$0,$128,$128,$533,$-382,$0,$-40,$0,$0,$0,$-30,$-452,$-177,$-26,$-202,$778,$778,$0,$0,$575,$656,$29,$0
9,2016-06-30,17.63,$15.36,1.15,$8.43,2.09,$-7.57,0.0,$-5.55,0.0,$1.37B,$0.52B,2.66,$2.02B,$3.68B,0.55,$1.57B,$1.22B,77.85%,$1.57B,$-1.69B,-107.64%,$1.57B,$-1.69B,-107.64%,$1.57B,$-0.76B,-48.63%,$1.57B,$-1.71B,-109.10%,$1.57B,$-1.08B,-68.68%,$-1.08B,$3.68B,-28.66%,$-1.08B,$3.68B,-28.66%,$-1.08B,$7.48B,-13.65%,$-1.69B,$5.70B,-29.22%,$334,$28,$305,$0,$133,$426,$-92,$-218,$-310,$-113,$-197,$-197,$-197,$119,$-92,$218,218,$-0.90,$-0.90,$1038,$7,$1,$1371,$6019,$0,$0,$92,$6110,$7482,$515,$2018,$349,$3287,$3802,$2,$2358,$-12,$3680,$7482,$-1061,$453,$886,$1339,$0,$0,$0,$-58,$-58,$220,$-253,$0,$-24,$0,$0,$0,$-30,$-307,$0,$-30,$-30,$779,$779,$0,$0,$749,$662,$19,$0
10,2016-03-31,14.11,$15.95,0.88,$10.15,1.39,$-11.14,0.0,$-5.08,0.0,$1.07B,$0.46B,2.33,$2.02B,$3.46B,0.58,$1.81B,$1.31B,72.19%,$1.81B,$-1.62B,-89.18%,$1.81B,$-1.62B,-89.18%,$1.81B,$-0.68B,-37.69%,$1.81B,$-1.52B,-83.83%,$1.81B,$-0.96B,-52.87%,$-0.96B,$3.46B,-25.00%,$-0.96B,$3.46B,-25.00%,$-0.96B,$7.28B,-11.77%,$-1.62B,$5.47B,-27.37%,$261,$18,$243,$0,$140,$1640,$-1379,$16,$-1363,$-499,$-864,$-864,$-864,$-1137,$-1379,$190,190,$-4.55,$-4.55,$616,$8,$134,$1065,$6136,$0,$0,$82,$6217,$7283,$457,$2016,$319,$3368,$3825,$2,$2555,$-12,$3458,$7283,$-864,$242,$757,$998,$0,$0,$0,$-53,$-53,$82,$-178,$0,$0,$0,$0,$0,$0,$-178,$0,$-30,$-30,$366,$366,$0,$0,$336,$240,$8,$0
11,2015-12-31,13.4,$22.33,0.6,$11.43,1.17,$-14.11,0.0,$-0.85,0.0,$0.93B,$0.64B,1.45,$2.02B,$3.95B,0.51,$2.02B,$1.39B,68.65%,$2.02B,$-0.37B,-18.13%,$2.02B,$-0.37B,-18.13%,$2.02B,$0.52B,25.90%,$2.02B,$-0.24B,-12.04%,$2.02B,$-0.15B,-7.43%,$-0.15B,$3.95B,-3.78%,$-0.15B,$3.95B,-3.78%,$-0.15B,$8.40B,-1.77%,$-0.37B,$5.96B,-6.00%,$468,$153,$315,$0,$129,$600,$-132,$61,$-71,$-32,$-39,$-39,$-39,$102,$-132,$177,177,$-0.22,$-0.22,$376,$13,$147,$932,$7385,$0,$0,$82,$7466,$8398,$642,$2015,$314,$3809,$4450,$2,$3418,$-12,$3948,$8398,$-149,$887,$306,$1193,$125,$16,$-35,$17,$-497,$481,$-1119,$0,$-98,$0,$0,$0,$0,$-1218,$0,$-25,$-25,$-3,$-3,$-14,$-6,$-48,$-784,$35,$-14
12,2015-09-30,12.51,$22.48,0.56,$12.55,1.0,$6.60,1.9,$3.09,4.05,$1.04B,$0.74B,1.41,$2.04B,$3.97B,0.51,$2.23B,$1.61B,72.33%,$2.23B,$-1.30B,-58.34%,$2.23B,$-1.30B,-58.34%,$2.23B,$-0.36B,-16.14%,$2.23B,$-0.90B,-40.40%,$2.23B,$0.56B,24.89%,$0.56B,$3.97B,13.86%,$0.56B,$3.97B,13.86%,$0.56B,$8.46B,6.40%,$-1.30B,$6.01B,-21.06%,$508,$147,$360,$0,$150,$595,$-88,$118,$30,$9,$21,$21,$21,$152,$-88,$177,177,$0.12,$0.12,$496,$12,$184,$1041,$7349,$0,$0,$67,$7416,$8456,$739,$2042,$280,$3745,$4484,$2,$3459,$-23,$3972,$8456,$-111,$654,$234,$888,$0,$0,$0,$-503,$-503,$274,$-857,$0,$-24,$0,$0,$0,$0,$-881,$0,$-42,$-42,$-2,$-2,$-11,$-3,$-57,$-664,$23,$-11
13,2015-06-30,18.46,$22.35,0.83,$14.72,1.25,$13.53,1.36,$3.91,4.72,$1.04B,$0.60B,1.73,$2.22B,$3.95B,0.56,$2.63B,$1.87B,71.16%,$2.63B,$-1.10B,-41.72%,$2.63B,$-1.10B,-41.72%,$2.63B,$-0.13B,-4.90%,$2.63B,$-0.70B,-26.48%,$2.63B,$0.71B,26.79%,$0.71B,$3.95B,17.58%,$0.71B,$3.95B,17.58%,$0.71B,$8.43B,7.72%,$-1.10B,$6.17B,-17.01%,$575,$185,$390,$0,$157,$591,$-17,$-98,$-115,$-39,$-76,$-76,$-76,$201,$-17,$177,177,$-0.43,$-0.43,$446,$10,$164,$1044,$7347,$0,$0,$42,$7389,$8433,$604,$2219,$281,$3881,$4485,$2,$3443,$-24,$3948,$8433,$-132,$415,$206,$620,$0,$0,$0,$-491,$-491,$-3,$-654,$0,$0,$0,$0,$0,$0,$-654,$0,$-47,$-47,$-2,$-2,$-7,$-2,$-58,$-715,$16,$-7
14,2015-03-31,20.77,$22.75,0.91,$16.40,1.27,$21.61,0.96,$3.83,5.42,$1.18B,$0.64B,1.83,$2.22B,$4.02B,0.55,$2.94B,$2.12B,71.98%,$2.94B,$-1.12B,-37.94%,$2.94B,$-1.12B,-37.94%,$2.94B,$-0.11B,-3.84%,$2.94B,$-0.75B,-25.48%,$2.94B,$0.69B,23.40%,$0.69B,$4.02B,17.31%,$0.69B,$4.02B,17.31%,$0.69B,$8.52B,7.13%,$-1.12B,$6.24B,-16.32%,$468,$148,$321,$0,$140,$597,$-129,$42,$-87,$-32,$-56,$-56,$-56,$69,$-129,$176,176,$-0.32,$-0.32,$500,$8,$312,$1177,$7297,$0,$0,$51,$7348,$8524,$643,$2218,$294,$3862,$4505,$2,$3523,$-24,$4020,$8524,$-56,$197,$78,$276,$0,$0,$0,$-493,$-493,$-273,$-341,$0,$0,$0,$0,$0,$0,$-341,$0,$-39,$-39,$-2,$-2,$-4,$-2,$-47,$-660,$9,$-4
15,2014-12-31,20.13,$23.23,0.87,$18.28,1.1,$25.07,0.8,$4.37,4.61,$2.00B,$1.35B,1.49,$2.22B,$4.08B,0.54,$3.29B,$2.38B,72.13%,$3.29B,$-0.85B,-25.71%,$3.29B,$-0.85B,-25.71%,$3.29B,$0.20B,6.10%,$3.29B,$-0.64B,-19.49%,$3.29B,$0.79B,23.83%,$0.79B,$4.08B,19.85%,$0.79B,$4.08B,19.85%,$0.79B,$9.29B,7.71%,$-0.85B,$6.29B,-11.69%,$679,$137,$542,$0,$181,$1746,$-1067,$339,$-729,$-259,$-470,$-470,$666,$-781,$-1067,$180,180,$3.70,$3.71,$1160,$14,$339,$2002,$7231,$0,$0,$54,$7285,$9287,$1345,$2218,$286,$3867,$5212,$2,$3588,$-24,$4075,$9287,$784,$1047,$-902,$145,$-161,$-20,$320,$-21,$613,$1543,$1531,$0,$-961,$0,$0,$0,$8,$578,$-780,$-54,$-834,$-106,$-106,$-15,$-36,$-991,$1130,$28,$-15
16,2014-09-30,30.61,$22.21,1.38,$17.39,1.76,$7.09,4.32,$0.36,85.03,$0.84B,$1.01B,0.83,$3.12B,$4.00B,0.78,$3.13B,$2.23B,71.18%,$3.13B,$0.07B,2.17%,$3.13B,$0.07B,2.17%,$3.13B,$1.09B,34.79%,$3.13B,$-0.10B,-3.19%,$3.13B,$0.07B,2.14%,$0.07B,$4.00B,1.72%,$0.07B,$4.00B,1.72%,$0.07B,$10.28B,0.66%,$0.07B,$7.12B,0.92%,$910,$290,$620,$0,$180,$795,$115,$119,$234,$80,$154,$154,$171,$383,$115,$180,181,$0.95,$0.94,$0,$16,$33,$838,$8212,$0,$0,$52,$9439,$10276,$1005,$3116,$253,$5271,$6276,$2,$3025,$-24,$4000,$10276,$119,$761,$281,$1042,$0,$0,$0,$59,$59,$1220,$-564,$0,$-950,$0,$0,$0,$53,$-1461,$348,$-81,$266,$-7,$-7,$-11,$-20,$229,$-12,$24,$-11
17,2014-06-30,34.29,$21.24,1.61,$16.36,2.1,$4.00,8.56,$-0.37,0.0,$1.38B,$0.91B,1.52,$3.91B,$3.83B,1.02,$2.94B,$2.11B,71.63%,$2.94B,$0.04B,1.22%,$2.94B,$0.04B,1.22%,$2.94B,$1.05B,35.51%,$2.94B,$-0.31B,-10.67%,$2.94B,$-0.07B,-2.28%,$-0.07B,$3.83B,-1.72%,$-0.07B,$3.83B,-1.73%,$-0.07B,$10.56B,-0.67%,$0.04B,$7.74B,0.49%,$887,$251,$636,$0,$173,$923,$-36,$-132,$-168,$-62,$-106,$-106,$-92,$216,$-36,$180,180,$-0.51,$-0.51,$702,$9,$0,$1384,$9096,$37,$0,$46,$9179,$10563,$910,$3911,$318,$5827,$6737,$2,$2858,$-25,$3826,$10563,$-53,$493,$344,$838,$0,$0,$0,$75,$75,$860,$-73,$0,$-949,$0,$0,$0,$50,$-972,$913,$-85,$828,$-6,$-6,$-7,$-13,$802,$690,$15,$-7
18,2014-03-31,29.24,$21.74,1.34,$15.62,1.87,$-0.81,0.0,$1.13,25.88,$0.71B,$0.83B,0.86,$3.92B,$3.92B,1.0,$2.81B,$1.99B,71.00%,$2.81B,$0.28B,9.94%,$2.81B,$0.28B,9.94%,$2.81B,$1.29B,45.89%,$2.81B,$0.14B,4.95%,$2.81B,$0.20B,7.23%,$0.20B,$3.92B,5.35%,$0.20B,$3.92B,5.40%,$0.20B,$10.58B,2.10%,$0.28B,$7.84B,3.93%,$818,$240,$578,$0,$153,$677,$141,$-120,$21,$8,$13,$13,$40,$383,$141,$180,180,$0.22,$0.22,$4,$8,$0,$710,$9782,$39,$0,$49,$9869,$10580,$828,$3919,$315,$5836,$6664,$2,$2954,$-26,$3916,$10580,$40,$242,$80,$322,$0,$0,$0,$-39,$-39,$322,$-327,$0,$-947,$0,$0,$0,$50,$-1224,$922,$-13,$909,$-6,$-6,$-4,$-6,$894,$-8,$8,$-4
19,2013-12-31,30.43,$21.62,1.41,$15.01,2.03,$-1.84,0.0,$0.89,34.19,$0.55B,$0.67B,0.82,$3.00B,$3.88B,0.77,$2.69B,$1.89B,70.51%,$2.69B,$0.20B,7.56%,$2.69B,$0.20B,7.56%,$2.69B,$1.23B,45.61%,$2.69B,$0.11B,4.17%,$2.69B,$0.16B,5.92%,$0.16B,$3.88B,4.37%,$0.16B,$3.88B,4.43%,$0.16B,$9.41B,1.70%,$0.20B,$6.87B,2.99%,$518,$122,$396,$0,$172,$671,$-152,$-34,$-187,$-51,$-136,$-136,$-52,$108,$-152,$179,180,$-0.29,$-0.29,$12,$13,$0,$551,$7593,$0,$0,$98,$8858,$9409,$674,$2998,$258,$4859,$5532,$2,$2918,$-27,$3877,$9409,$159,$1022,$186,$1208,$3,$3,$-180,$25,$-176,$1192,$-1351,$0,$-41,$0,$0,$0,$-50,$-1442,$-210,$69,$-141,$440,$440,$-14,$-6,$280,$30,$27,$-14
20,2013-09-30,27.47,$21.94,1.25,$14.52,1.89,$-1.47,0.0,$1.05,26.16,$0.55B,$0.71B,0.77,$2.88B,$3.93B,0.73,$2.60B,$1.77B,68.13%,$2.60B,$0.05B,2.00%,$2.60B,$0.05B,2.00%,$2.60B,$1.07B,41.35%,$2.60B,$0.06B,2.27%,$2.60B,$0.19B,7.24%,$0.19B,$3.93B,5.38%,$0.19B,$3.87B,5.47%,$0.19B,$9.31B,2.03%,$0.05B,$6.81B,0.77%,$720,$222,$498,$0,$140,$636,$83,$-63,$20,$8,$12,$12,$37,$338,$83,$179,180,$0.21,$0.21,$123,$13,$39,$547,$8602,$39,$60,$59,$8760,$9307,$707,$2882,$297,$4674,$5382,$2,$2974,$-24,$3925,$9307,$211,$762,$14,$776,$0,$0,$0,$-8,$-8,$979,$-881,$0,$-39,$0,$0,$0,$0,$-921,$-325,$-38,$-363,$441,$441,$-11,$-2,$65,$123,$20,$-11
21,2013-06-30,27.54,$19.25,1.43,$13.56,2.03,$-2.37,0.0,$0.82,33.59,$0.79B,$0.68B,1.16,$3.41B,$3.45B,0.99,$2.42B,$1.65B,68.18%,$2.42B,$-0.04B,-1.82%,$2.42B,$-0.04B,-1.82%,$2.42B,$0.96B,39.64%,$2.42B,$0.04B,1.45%,$2.42B,$0.15B,6.12%,$0.15B,$3.45B,4.41%,$0.15B,$3.39B,4.49%,$0.15B,$9.45B,1.61%,$-0.04B,$6.86B,-0.66%,$751,$231,$521,$0,$118,$544,$207,$77,$285,$105,$180,$180,$178,$459,$207,$179,180,$0.99,$0.99,$140,$4,$104,$793,$8484,$40,$60,$71,$8654,$9447,$683,$3406,$304,$5313,$5996,$2,$2940,$-5,$3451,$9447,$176,$507,$37,$544,$0,$0,$0,$-222,$-222,$498,$-577,$0,$-22,$0,$0,$0,$0,$-599,$199,$56,$254,$-8,$-8,$-7,$1,$241,$140,$13,$-7
22,2013-03-31,31.54,$18.34,1.72,$12.18,2.59,$-1.84,0.0,$-0.17,0.0,$0.59B,$0.65B,0.91,$3.37B,$3.29B,1.02,$2.17B,$1.48B,68.41%,$2.17B,$-0.31B,-14.13%,$2.17B,$-0.31B,-14.13%,$2.17B,$0.66B,30.44%,$2.17B,$-0.25B,-11.55%,$2.17B,$-0.03B,-1.43%,$-0.03B,$3.29B,-0.93%,$-0.03B,$3.23B,-0.94%,$-0.03B,$9.14B,-0.36%,$-0.31B,$6.66B,-4.89%,$697,$217,$479,$0,$115,$632,$65,$-71,$-6,$-2,$-4,$-4,$-4,$321,$65,$177,177,$-0.02,$-0.02,$0,$7,$86,$593,$8391,$41,$60,$60,$8551,$9144,$651,$3368,$342,$5205,$5856,$2,$2765,$14,$3288,$9144,$-4,$256,$83,$338,$0,$0,$0,$-162,$-162,$172,$-360,$0,$-24,$0,$0,$0,$0,$-383,$161,$60,$221,$-8,$-8,$-4,$2,$211,$0,$6,$-4
23,2012-12-31,29.97,$18.57,1.61,$11.63,2.58,$-0.81,0.0,$0.72,41.62,$0.66B,$0.77B,0.85,$3.21B,$3.31B,0.97,$2.07B,$1.39B,67.26%,$2.07B,$-0.32B,-15.50%,$2.07B,$-0.32B,-15.50%,$2.07B,$0.59B,28.44%,$2.07B,$0.00B,0.05%,$2.07B,$0.13B,6.18%,$0.13B,$3.31B,3.77%,$0.13B,$3.25B,3.84%,$0.13B,$9.11B,1.54%,$-0.32B,$6.52B,-5.47%,$427,$157,$270,$0,$251,$729,$-303,$63,$-240,$-88,$-152,$-152,$-23,$-44,$-303,$178,179,$-0.13,$-0.13,$0,$13,$189,$657,$8300,$41,$60,$51,$8451,$9109,$769,$3207,$325,$5025,$5795,$2,$2773,$33,$3314,$9109,$128,$911,$131,$1042,$10,$29,$101,$-17,$126,$1296,$-1388,$0,$-1406,$0,$0,$0,$0,$-2795,$1527,$10,$1537,$0,$0,$-14,$-24,$1499,$0,$26,$-14
24,2012-09-30,31.32,$18.96,1.65,$14.02,2.23,$-0.75,0.0,$0.85,36.85,$0.62B,$0.62B,1.01,$3.18B,$3.38B,0.94,$2.50B,$1.68B,67.08%,$2.50B,$-0.00B,-0.08%,$2.50B,$-0.00B,-0.08%,$2.50B,$0.85B,34.04%,$2.50B,$0.24B,9.61%,$2.50B,$0.15B,6.05%,$0.15B,$3.38B,4.44%,$0.15B,$3.32B,4.52%,$0.15B,$9.00B,1.91%,$-0.00B,$6.56B,-0.04%,$542,$165,$378,$0,$102,$555,$-13,$8,$-4,$-2,$-2,$-2,$-3,$223,$-13,$178,178,$-0.02,$-0.02,$0,$109,$187,$620,$8190,$42,$60,$85,$8376,$8996,$617,$3181,$316,$5002,$5619,$2,$2806,$77,$3377,$8996,$154,$652,$111,$763,$0,$0,$0,$55,$55,$972,$-1035,$0,$-1400,$0,$0,$0,$0,$-2436,$1501,$-2,$1499,$0,$0,$-11,$-25,$1464,$0,$20,$-11
25,2012-06-30,29.63,$19.21,1.54,$15.90,1.86,$-0.37,0.0,$1.44,20.57,$0.80B,$0.49B,1.63,$1.87B,$3.42B,0.55,$2.84B,$1.80B,63.39%,$2.84B,$0.19B,6.84%,$2.84B,$0.19B,6.84%,$2.84B,$1.00B,35.27%,$2.84B,$0.41B,14.32%,$2.84B,$0.26B,9.03%,$0.26B,$3.42B,7.56%,$0.26B,$3.36B,7.69%,$0.26B,$7.64B,3.42%,$0.19B,$5.28B,3.81%,$499,$146,$354,$0,$97,$555,$-56,$56,$0,$0,$0,$0,$-1,$160,$-56,$178,178,$-0.00,$-0.00,$146,$102,$268,$796,$6624,$42,$60,$117,$6842,$7638,$487,$1867,$304,$3734,$4221,$2,$2821,$118,$3416,$7638,$156,$416,$60,$476,$0,$0,$0,$62,$62,$694,$-678,$0,$-4,$0,$0,$0,$0,$-682,$187,$-29,$157,$-10,$-10,$-7,$-7,$134,$146,$12,$-7
26,2012-03-31,30.13,$19.46,1.55,$17.62,1.71,$-0.47,0.0,$1.96,15.37,$0.78B,$0.55B,1.41,$1.67B,$3.46B,0.48,$3.14B,$1.92B,61.07%,$3.14B,$0.42B,13.30%,$3.14B,$0.42B,13.30%,$3.14B,$1.20B,38.07%,$3.14B,$0.55B,17.62%,$3.14B,$0.35B,11.13%,$0.35B,$3.46B,10.51%,$0.35B,$3.40B,10.70%,$0.35B,$7.53B,4.77%,$0.42B,$5.13B,8.43%,$603,$212,$391,$0,$95,$554,$50,$195,$245,$89,$156,$156,$155,$250,$50,$177,179,$0.87,$0.87,$304,$98,$334,$775,$6499,$43,$60,$157,$6758,$7533,$549,$1674,$298,$3526,$4075,$2,$2825,$162,$3458,$7533,$156,$200,$-49,$152,$0,$0,$0,$21,$21,$329,$-333,$0,$-1,$0,$0,$0,$0,$-335,$-6,$29,$23,$-9,$-9,$-4,$-4,$6,$0,$6,$-4
27,2011-12-31,28.92,$18.96,1.53,$17.70,1.63,$-0.68,0.0,$1.50,19.28,$0.73B,$0.64B,1.15,$1.68B,$3.35B,0.5,$3.16B,$1.98B,62.52%,$3.16B,$0.51B,15.99%,$3.16B,$0.51B,15.99%,$3.16B,$1.28B,40.39%,$3.16B,$0.43B,13.49%,$3.16B,$0.27B,8.48%,$0.27B,$3.35B,8.28%,$0.27B,$3.29B,8.43%,$0.27B,$7.44B,3.74%,$0.51B,$5.03B,10.43%,$853,$302,$552,$0,$90,$837,$16,$-17,$-1,$-2,$1,$1,$-0,$217,$16,$177,178,$-0.01,$0.00,$0,$16,$274,$731,$6449,$42,$60,$161,$6712,$7443,$638,$1679,$289,$3453,$4091,$2,$2674,$208,$3352,$7443,$270,$770,$281,$1051,$-145,$-22,$128,$-7,$-29,$1293,$-1375,$0,$-48,$0,$0,$0,$0,$-1423,$148,$10,$158,$0,$0,$-14,$-14,$130,$0,$22,$-14
28,2011-09-30,26.71,$18.80,1.42,$16.45,1.62,$-2.12,0.0,$1.87,14.28,$0.72B,$0.59B,1.22,$1.58B,$3.33B,0.48,$2.93B,$1.90B,64.63%,$2.93B,$0.62B,20.98%,$2.93B,$0.62B,20.98%,$2.93B,$1.36B,46.35%,$2.93B,$0.53B,18.04%,$2.93B,$0.33B,11.36%,$0.33B,$3.33B,10.52%,$0.33B,$3.27B,10.72%,$0.33B,$7.30B,4.76%,$0.62B,$4.91B,13.04%,$880,$380,$500,$0,$84,$697,$183,$-22,$162,$59,$102,$102,$102,$373,$183,$177,179,$0.58,$0.57,$0,$103,$225,$720,$6324,$44,$60,$150,$6577,$7297,$589,$1583,$264,$3381,$3970,$2,$2677,$184,$3327,$7297,$270,$569,$105,$674,$0,$0,$0,$12,$12,$956,$-950,$0,$-41,$0,$0,$0,$0,$-991,$52,$7,$59,$0,$0,$-11,$-13,$35,$0,$17,$-11
29,2011-06-30,41.25,$18.00,2.29,$14.70,2.81,$-2.98,0.0,$1.70,24.26,$0.66B,$0.58B,1.13,$1.57B,$3.18B,0.49,$2.62B,$1.80B,68.67%,$2.62B,$0.58B,22.20%,$2.62B,$0.58B,22.20%,$2.62B,$1.31B,49.94%,$2.62B,$0.48B,18.46%,$2.62B,$0.30B,11.54%,$0.30B,$3.18B,9.73%,$0.30B,$3.13B,9.92%,$0.30B,$7.08B,4.41%,$0.58B,$4.76B,12.68%,$808,$331,$477,$0,$80,$639,$169,$-21,$148,$54,$94,$94,$93,$357,$169,$177,179,$0.52,$0.52,$0,$98,$184,$656,$6182,$44,$60,$134,$6419,$7075,$583,$1573,$265,$3308,$3891,$2,$2579,$146,$3184,$7075,$167,$379,$59,$438,$0,$0,$0,$23,$23,$629,$-630,$0,$-30,$0,$0,$0,$0,$-660,$42,$-2,$40,$0,$0,$-7,$-1,$32,$0,$11,$-7
30,2011-03-31,39.96,$17.49,2.28,$13.15,3.04,$-3.64,0.0,$1.69,23.64,$0.58B,$0.48B,1.22,$1.57B,$3.09B,0.51,$2.34B,$1.70B,72.51%,$2.34B,$0.54B,23.09%,$2.34B,$0.54B,23.09%,$2.34B,$1.23B,52.59%,$2.34B,$0.45B,19.03%,$2.34B,$0.30B,12.83%,$0.30B,$3.09B,9.86%,$0.30B,$3.03B,10.06%,$0.30B,$6.82B,4.50%,$0.54B,$4.66B,12.27%,$618,$172,$446,$0,$77,$481,$137,$-21,$117,$43,$74,$74,$73,$329,$137,$176,178,$0.42,$0.41,$0,$80,$201,$581,$6011,$44,$60,$123,$6238,$6819,$477,$1573,$267,$3250,$3727,$2,$2490,$147,$3091,$6819,$74,$192,$23,$215,$0,$0,$0,$11,$11,$299,$-342,$0,$0,$0,$0,$0,$0,$-342,$42,$6,$47,$0,$0,$-4,$-2,$42,$0,$7,$-4
