,Date,Stock Price,Book Value per Share,Price to Book Ratio,TTM Sales per Share,Price to Sales Ratio,TTM FCF per Share,Price to FCF Ratio,TTM Net EPS,PE Ratio,Current Assets,Current Liabilities,Current Ratio,Long Term Debt,Shareholder's Equity_x,Debt to Equity Ratio,TTM Revenue_x,TTM Gross Profit,Gross Margin,TTM Revenue_y,TTM Operating Income,Operating Margin,TTM Revenue_x,TTM EBIT,EBIT Margin,TTM Revenue_y,TTM EBITDA,EBITDA Margin,TTM Revenue_x,TTM Pre-Tax Income,Pre-Tax Margin,TTM Revenue_y,TTM Net Income_x,Net Margin,TTM Net Income_y,Shareholder's Equity_y,Return on Equity,TTM Net Income_x,Tangible Equity,Return on Tangible Equity,TTM Net Income_y,Total Assets,Return on Assets,TTM Net Income,LT Investments & Debt,Return on Investment,revenue,cost-goods-sold,gross-profit,research-development-expenses,selling-general-administrative-expenses,operating-expenses,operating-income,total-non-operating-income-expense,pre-tax-income,total-provision-income-taxes,income-after-taxes,income-from-continuous-operations,net-income,ebitda,ebit,basic-shares-outstanding,shares-outstanding,eps-basic-net-earnings-per-share,eps-earnings-per-share-diluted,cash-on-hand,inventory,other-current-assets,total-current-assets,net-property-plant-equipment,long-term-investments,goodwill-intangible-assets-total,other-long-term-assets,total-long-term-assets,total-assets,total-current-liabilities,long-term-debt,other-non-current-liabilities,total-long-term-liabilities,total-liabilities,common-stock-net,retained-earnings-accumulated-deficit,comprehensive-income,total-share-holder-equity,total-liabilities-share-holders-equity,net-income-loss,total-depreciation-amortization-cash-flow,other-non-cash-items,total-non-cash-items,change-in-accounts-receivable,change-in-inventories,change-in-accounts-payable,change-in-assets-liabilities,total-change-in-assets-liabilities,cash-flow-from-operating-activities,net-change-in-property-plant-equipment,net-change-in-intangible-assets,net-acquisitions-divestitures,net-change-in-short-term-investments,net-change-in-long-term-investments,net-change-in-investments-total,investing-activities-other,cash-flow-from-investing-activities,net-long-term-debt,net-current-debt,debt-issuance-retirement-net-total,net-common-equity-issued-repurchased,net-total-equity-issued-repurchased,total-common-preferred-stock-dividends-paid,financial-activities-other,cash-flow-from-financial-activities,net-cash-flow,stock-based-compensation,common-stock-dividends-paid
0,2018-09-30,37.88,$11.17,3.39,$6.40,5.92,$2.25,16.84,$0.38,99.68,$1.87B,$1.37B,1.37,$1.07B,$2.53B,0.42,$1.50B,$1.00B,66.71%,$1.50B,$0.22B,14.77%,$1.50B,$0.22B,14.77%,$1.50B,$0.47B,31.08%,$1.50B,$0.19B,12.77%,$1.50B,$0.09B,5.95%,$0.09B,$2.53B,3.50%,$0.09B,$-0.09B,-240.54%,$0.09B,$5.30B,1.72%,$0.22B,$3.59B,5.63%,$378,$121,$257,$42,$128,$301,$77,$-5,$72,$12,$60,$60,$60,$134,$77,$227,235,$0.27,$0.26,$921,$160,$0,$1870,$494,$0,$2622,$273,$3429,$5299,$1369,$1067,$253,$1403,$2772,$3,$1321,$-305,$2527,$5299,$129,$182,$30,$212,$-9,$-30,$-1,$-35,$-92,$249,$-72,$-31,$-173,$39,$-8,$31,$12,$-233,$0,$-1,$-1,$-62,$-62,$0,$-4,$-68,$-58,$31,$0
1,2018-06-30,36.16,$10.93,3.31,$6.36,5.69,$2.13,17.01,$0.33,109.58,$1.69B,$0.94B,1.79,$1.34B,$2.52B,0.53,$1.48B,$0.98B,66.26%,$1.48B,$0.21B,14.04%,$1.48B,$0.21B,14.04%,$1.48B,$0.45B,30.57%,$1.48B,$0.17B,11.54%,$1.48B,$0.08B,5.20%,$0.08B,$2.52B,3.02%,$0.08B,$-0.14B,-1400.00%,$0.08B,$5.31B,1.50%,$0.21B,$3.87B,5.07%,$377,$123,$254,$40,$151,$324,$53,$-7,$46,$9,$37,$37,$37,$117,$53,$227,234,$0.16,$0.16,$900,$158,$0,$1688,$492,$0,$2667,$422,$3621,$5309,$941,$1341,$409,$1844,$2785,$3,$1268,$-280,$2524,$5309,$69,$125,$19,$144,$1,$-19,$-0,$-31,$-46,$166,$-43,$-24,$-173,$-194,$296,$102,$16,$-120,$-1,$0,$-1,$-19,$-19,$0,$-5,$-25,$17,$19,$0
2,2018-03-31,32.31,$11.18,2.89,$6.24,5.17,$1.99,16.22,$0.23,140.48,$1.75B,$0.82B,2.14,$1.35B,$2.58B,0.53,$1.45B,$0.95B,65.54%,$1.45B,$0.18B,12.17%,$1.45B,$0.18B,12.17%,$1.45B,$0.42B,28.89%,$1.45B,$0.14B,9.42%,$1.45B,$0.05B,3.71%,$0.05B,$2.58B,2.12%,$0.05B,$0.06B,257.14%,$0.05B,$5.11B,1.09%,$0.18B,$3.94B,4.31%,$344,$118,$226,$40,$128,$296,$48,$-9,$39,$7,$32,$32,$32,$109,$48,$227,233,$0.14,$0.14,$1014,$160,$0,$1745,$504,$0,$2520,$294,$3361,$5105,$815,$1354,$279,$1709,$2525,$3,$1244,$-206,$2581,$5105,$32,$61,$7,$69,$-0,$-5,$-17,$-20,$-53,$48,$-19,$-15,$0,$-85,$230,$145,$-3,$109,$-0,$0,$-0,$0,$0,$0,$-2,$-2,$157,$10,$0
3,2017-12-31,30.93,$11.22,2.76,$6.08,5.09,$2.05,15.05,$0.17,181.94,$1.65B,$0.33B,5.07,$1.76B,$2.54B,0.69,$1.42B,$0.92B,65.09%,$1.42B,$0.15B,10.79%,$1.42B,$0.15B,10.79%,$1.42B,$0.40B,27.86%,$1.42B,$0.11B,8.04%,$1.42B,$0.04B,2.82%,$0.04B,$2.54B,1.59%,$0.04B,$0.03B,-213.33%,$0.04B,$5.04B,0.85%,$0.15B,$4.30B,3.82%,$397,$136,$261,$41,$167,$353,$43,$-10,$34,$74,$-40,$-40,$-40,$105,$43,$228,233,$-0.17,$-0.18,$1017,$156,$0,$1648,$494,$0,$2512,$345,$3391,$5039,$325,$1758,$338,$2173,$2498,$3,$1248,$-221,$2541,$5039,$40,$241,$93,$334,$-34,$-22,$4,$2,$-88,$287,$-90,$-34,$-51,$-451,$184,$-266,$-23,$-464,$328,$394,$723,$-9,$-9,$0,$-326,$387,$219,$34,$0
4,2017-09-30,31.5,$11.34,2.78,$5.91,5.33,$2.33,13.53,$0.39,80.77,$1.57B,$0.30B,5.33,$1.75B,$2.57B,0.68,$1.39B,$0.89B,64.12%,$1.39B,$0.11B,8.21%,$1.39B,$0.11B,8.21%,$1.39B,$0.36B,25.65%,$1.39B,$0.07B,4.76%,$1.39B,$0.09B,6.41%,$0.09B,$2.57B,3.52%,$0.09B,$0.03B,1780.00%,$0.09B,$5.10B,1.97%,$0.11B,$4.31B,2.97%,$364,$123,$241,$38,$129,$300,$64,$-12,$52,$3,$48,$48,$48,$122,$64,$228,233,$0.21,$0.21,$975,$162,$0,$1571,$484,$0,$2535,$437,$3526,$5097,$295,$1747,$447,$2235,$2530,$3,$1290,$-226,$2567,$5097,$80,$180,$22,$202,$-0,$-24,$-3,$-5,$-72,$211,$-65,$-27,$-51,$-206,$-1,$-207,$-23,$-372,$330,$395,$725,$-12,$-12,$0,$-327,$386,$233,$28,$0
5,2017-06-30,33.53,$10.98,3.05,$5.76,5.82,$2.48,13.52,$0.33,103.04,$1.16B,$0.30B,3.85,$1.38B,$2.51B,0.55,$1.36B,$0.87B,63.83%,$1.36B,$0.10B,7.19%,$1.36B,$0.10B,7.19%,$1.36B,$0.34B,25.02%,$1.36B,$0.05B,3.82%,$1.36B,$0.08B,5.58%,$0.08B,$2.51B,2.98%,$0.08B,$-0.04B,447.06%,$0.08B,$4.56B,1.76%,$0.10B,$3.89B,2.65%,$349,$124,$225,$38,$155,$327,$22,$-10,$12,$-2,$14,$14,$14,$84,$22,$228,233,$0.06,$0.06,$609,$156,$0,$1159,$466,$0,$2543,$323,$3397,$4556,$301,$1384,$325,$1750,$2051,$3,$1242,$-245,$2505,$4556,$32,$122,$17,$139,$13,$-19,$-4,$-9,$-41,$130,$-38,$-18,$-50,$-39,$65,$26,$0,$-80,$56,$0,$56,$3,$3,$0,$-10,$48,$104,$19,$0
6,2017-03-31,28.97,$10.53,2.75,$5.66,5.12,$2.54,11.41,$0.36,80.72,$0.76B,$0.27B,2.79,$1.07B,$2.43B,0.44,$1.35B,$0.86B,63.50%,$1.35B,$0.11B,7.86%,$1.35B,$0.11B,7.86%,$1.35B,$0.34B,25.52%,$1.35B,$0.06B,4.67%,$1.35B,$0.08B,6.16%,$0.08B,$2.43B,3.21%,$0.08B,$-0.10B,200.00%,$0.08B,$4.07B,1.97%,$0.11B,$3.50B,2.90%,$308,$112,$196,$37,$125,$284,$24,$-7,$16,$-1,$18,$18,$18,$84,$24,$230,235,$0.08,$0.08,$273,$144,$0,$763,$442,$0,$2529,$271,$3305,$4068,$274,$1072,$252,$1364,$1638,$3,$1240,$-295,$2430,$4068,$18,$60,$7,$67,$34,$-9,$-9,$-7,$-25,$60,$-16,$-8,$-50,$0,$62,$62,$0,$-12,$-244,$0,$-244,$2,$2,$0,$-2,$-244,$-194,$9,$0
7,2016-12-31,29.1,$11.11,2.62,$5.60,5.19,$2.48,11.74,$0.34,85.28,$1.04B,$0.31B,3.36,$1.07B,$2.61B,0.41,$1.34B,$0.85B,63.15%,$1.34B,$0.10B,7.40%,$1.34B,$0.10B,7.40%,$1.34B,$0.33B,24.81%,$1.34B,$0.06B,4.26%,$1.34B,$0.08B,6.05%,$0.08B,$2.61B,3.08%,$0.08B,$0.12B,85.94%,$0.08B,$4.31B,1.92%,$0.10B,$3.67B,2.68%,$367,$139,$228,$32,$182,$362,$4,$-18,$-14,$-23,$9,$9,$9,$66,$4,$235,239,$0.03,$0.03,$532,$137,$0,$1038,$437,$0,$2483,$283,$3271,$4308,$308,$1067,$285,$1393,$1701,$3,$1263,$-334,$2607,$4308,$80,$234,$19,$253,$-12,$-20,$-1,$18,$8,$342,$-74,$-19,$-90,$-496,$510,$14,$-9,$-179,$-8,$0,$-8,$6,$6,$0,$-9,$-11,$149,$28,$0
8,2016-09-30,28.5,$11.55,2.47,$5.53,5.15,$2.28,12.49,$0.51,55.99,$0.96B,$0.25B,3.85,$1.07B,$2.67B,0.4,$1.32B,$0.84B,63.71%,$1.32B,$0.15B,11.59%,$1.32B,$0.15B,11.59%,$1.32B,$0.38B,28.86%,$1.32B,$0.12B,9.17%,$1.32B,$0.12B,9.39%,$0.12B,$2.67B,4.73%,$0.12B,$0.08B,160.52%,$0.12B,$4.33B,2.96%,$0.15B,$3.74B,4.15%,$339,$118,$221,$36,$127,$290,$48,$-10,$38,$3,$35,$35,$35,$107,$48,$235,239,$0.15,$0.15,$464,$145,$0,$963,$461,$0,$2586,$311,$3365,$4328,$250,$1069,$303,$1412,$1662,$3,$1274,$-249,$2666,$4328,$72,$172,$6,$178,$19,$-14,$-15,$8,$-8,$242,$-55,$-13,$-90,$23,$-21,$1,$-7,$-163,$-8,$0,$-8,$3,$3,$0,$-11,$-16,$65,$20,$0
9,2016-06-30,22.65,$11.66,1.94,$5.49,4.12,$2.22,10.22,$0.51,44.51,$0.90B,$0.25B,3.63,$1.07B,$2.63B,0.41,$1.30B,$0.83B,63.66%,$1.30B,$0.15B,11.65%,$1.30B,$0.15B,11.65%,$1.30B,$0.38B,28.94%,$1.30B,$0.12B,9.34%,$1.30B,$0.12B,9.49%,$0.12B,$2.63B,4.76%,$0.12B,$0.06B,184.27%,$0.12B,$4.12B,2.97%,$0.15B,$3.70B,4.14%,$334,$124,$211,$42,$129,$305,$30,$-7,$23,$2,$21,$21,$21,$87,$30,$235,239,$0.09,$0.09,$406,$140,$0,$901,$460,$0,$2566,$186,$3218,$4119,$248,$1072,$120,$1244,$1492,$3,$1244,$-249,$2627,$4119,$37,$113,$-3,$111,$26,$-6,$-9,$4,$0,$148,$-40,$-7,$-90,$-355,$388,$33,$-2,$-107,$-1,$0,$-1,$1,$1,$0,$-5,$-5,$38,$12,$0
10,2016-03-31,23.2,$11.68,1.99,$5.49,4.23,$2.13,10.88,$0.53,43.81,$0.96B,$0.25B,3.91,$1.06B,$2.63B,0.4,$1.28B,$0.82B,63.62%,$1.28B,$0.16B,12.57%,$1.28B,$0.16B,12.57%,$1.28B,$0.38B,29.43%,$1.28B,$0.13B,9.91%,$1.28B,$0.13B,9.91%,$0.13B,$2.63B,4.96%,$0.13B,$0.11B,241.90%,$0.13B,$4.12B,3.06%,$0.16B,$3.68B,4.45%,$298,$114,$185,$40,$119,$282,$17,$-7,$10,$-6,$16,$16,$16,$72,$17,$234,238,$0.07,$0.07,$447,$149,$0,$963,$460,$0,$2513,$179,$3157,$4120,$246,$1060,$143,$1249,$1495,$3,$1236,$-216,$2625,$4120,$16,$56,$-1,$55,$23,$-9,$-15,$-6,$-22,$49,$-18,$-3,$0,$41,$-1,$40,$-1,$18,$-0,$0,$-0,$1,$1,$0,$-4,$-4,$66,$5,$0
11,2015-12-31,28.71,$11.02,2.61,$5.54,5.18,$2.18,13.18,$0.55,52.17,$0.96B,$0.27B,3.58,$1.05B,$2.57B,0.41,$1.28B,$0.83B,64.64%,$1.28B,$0.18B,13.97%,$1.28B,$0.18B,13.97%,$1.28B,$0.39B,30.52%,$1.28B,$0.14B,10.62%,$1.28B,$0.13B,10.15%,$0.13B,$2.57B,5.15%,$0.13B,$0.06B,1209.30%,$0.13B,$4.18B,3.13%,$0.18B,$3.62B,5.00%,$349,$125,$224,$39,$116,$290,$58,$-8,$50,$-1,$51,$51,$52,$115,$58,$233,239,$0.21,$0.21,$421,$137,$0,$961,$443,$0,$2512,$261,$3218,$4179,$268,$1049,$224,$1343,$1611,$3,$1209,$-259,$2568,$4179,$130,$211,$0,$212,$-25,$-33,$8,$52,$-24,$317,$-98,$-20,$-67,$-318,$362,$44,$-6,$-146,$-253,$-0,$-253,$-11,$-11,$0,$5,$-259,$-103,$24,$0
12,2015-09-30,26.81,$11.24,2.39,$5.57,4.82,$2.09,12.85,$0.46,58.68,$0.98B,$0.28B,3.52,$1.06B,$2.52B,0.42,$1.29B,$0.82B,63.47%,$1.29B,$0.14B,10.99%,$1.29B,$0.14B,10.99%,$1.29B,$0.36B,28.17%,$1.29B,$0.10B,7.82%,$1.29B,$0.10B,8.05%,$0.10B,$2.52B,4.08%,$0.10B,$0.04B,1386.67%,$0.10B,$4.16B,2.46%,$0.14B,$3.58B,3.95%,$315,$110,$205,$36,$113,$268,$46,$-9,$38,$4,$34,$34,$34,$101,$46,$225,228,$0.16,$0.15,$432,$134,$0,$977,$442,$0,$2482,$252,$3183,$4159,$277,$1058,$199,$1362,$1639,$3,$1181,$-246,$2520,$4159,$78,$155,$30,$185,$5,$-25,$-3,$30,$-32,$231,$-68,$-14,$-7,$84,$-6,$78,$-6,$-17,$-252,$-0,$-252,$-12,$-12,$0,$2,$-262,$-62,$23,$0
13,2015-06-30,25.74,$11.32,2.27,$5.64,4.57,$2.01,12.8,$0.46,56.34,$0.93B,$0.27B,3.51,$1.05B,$2.54B,0.41,$1.31B,$0.84B,63.82%,$1.31B,$0.15B,11.12%,$1.31B,$0.15B,11.12%,$1.31B,$0.37B,27.80%,$1.31B,$0.10B,7.62%,$1.31B,$0.11B,8.00%,$0.11B,$2.54B,4.04%,$0.11B,$0.00B,251.50%,$0.11B,$4.13B,2.44%,$0.15B,$3.59B,4.01%,$319,$119,$201,$34,$117,$279,$40,$-11,$29,$4,$25,$25,$25,$89,$40,$225,228,$0.11,$0.11,$372,$138,$0,$928,$445,$0,$2534,$217,$3203,$4131,$265,$1049,$172,$1329,$1594,$3,$1149,$-196,$2537,$4131,$44,$100,$25,$125,$10,$-19,$-3,$17,$-35,$135,$-51,$-6,$-7,$-95,$138,$43,$-1,$-21,$-251,$-0,$-252,$-9,$-9,$0,$-3,$-263,$-158,$20,$0
14,2015-03-31,26.17,$11.06,2.37,$5.66,4.62,$1.97,13.26,$0.49,53.61,$0.96B,$0.33B,2.88,$1.05B,$2.48B,0.42,$1.33B,$0.85B,64.38%,$1.33B,$0.15B,11.62%,$1.33B,$0.15B,11.62%,$1.33B,$0.37B,28.15%,$1.33B,$0.11B,8.30%,$1.33B,$0.11B,8.53%,$0.11B,$2.48B,4.26%,$0.11B,$-0.06B,169.29%,$0.11B,$4.17B,2.56%,$0.15B,$3.53B,4.13%,$298,$101,$198,$38,$115,$263,$35,$-16,$19,$-0,$19,$19,$19,$86,$35,$224,229,$0.08,$0.08,$401,$136,$0,$958,$410,$0,$2533,$262,$3213,$4170,$333,$1048,$206,$1359,$1691,$3,$1137,$-235,$2479,$4170,$19,$51,$16,$67,$21,$-17,$1,$1,$-23,$63,$-23,$-2,$-7,$77,$-2,$75,$-16,$27,$-188,$-0,$-188,$4,$4,$0,$2,$-182,$-105,$10,$0
15,2014-12-31,24.36,$11.90,2.05,$5.71,4.26,$1.92,12.68,$0.51,47.88,$1.15B,$0.43B,2.66,$1.04B,$2.66B,0.39,$1.34B,$0.87B,64.36%,$1.34B,$0.16B,11.98%,$1.34B,$0.16B,11.98%,$1.34B,$0.38B,28.13%,$1.34B,$0.12B,8.85%,$1.34B,$0.12B,8.71%,$0.12B,$2.66B,4.31%,$0.12B,$0.04B,109.09%,$0.12B,$4.45B,2.60%,$0.16B,$3.70B,4.21%,$360,$144,$216,$44,$142,$339,$21,$-7,$15,$-11,$26,$26,$26,$88,$21,$233,243,$0.10,$0.09,$577,$132,$0,$1149,$428,$0,$2615,$258,$3306,$4454,$432,$1041,$207,$1365,$1796,$3,$1126,$-135,$2658,$4454,$117,$216,$34,$250,$-17,$-42,$-5,$-10,$-79,$288,$-87,$-10,$-160,$-420,$266,$-154,$4,$-408,$-392,$717,$325,$-46,$-46,$0,$-87,$193,$62,$41,$0
16,2014-09-30,23.65,$11.76,2.01,$5.78,4.09,$1.84,12.85,$0.65,36.14,$1.27B,$0.44B,2.91,$1.03B,$2.71B,0.38,$1.35B,$0.89B,65.80%,$1.35B,$0.17B,12.94%,$1.35B,$0.17B,12.94%,$1.35B,$0.38B,28.10%,$1.35B,$0.14B,10.04%,$1.35B,$0.15B,11.23%,$0.15B,$2.71B,5.53%,$0.15B,$0.18B,130.17%,$0.15B,$4.46B,3.43%,$0.17B,$3.75B,4.59%,$336,$113,$223,$41,$122,$286,$50,$-13,$37,$3,$35,$35,$35,$102,$50,$224,232,$0.16,$0.15,$692,$132,$0,$1267,$442,$0,$2538,$208,$3194,$4461,$436,$1034,$159,$1312,$1748,$3,$1101,$-75,$2714,$4461,$91,$150,$36,$186,$-7,$-27,$-8,$-3,$-68,$209,$-60,$-7,$-42,$-166,$-9,$-176,$4,$-281,$-390,$718,$327,$-13,$-13,$0,$-84,$231,$154,$30,$0
17,2014-06-30,25.39,$12.29,2.07,$5.71,4.45,$1.72,14.77,$0.69,37.05,$1.20B,$0.30B,4.06,$1.18B,$2.76B,0.43,$1.33B,$0.87B,65.59%,$1.33B,$0.16B,11.87%,$1.33B,$0.16B,11.87%,$1.33B,$0.36B,27.12%,$1.33B,$0.13B,9.62%,$1.33B,$0.16B,11.80%,$0.16B,$2.76B,5.77%,$0.16B,$0.10B,216.55%,$0.16B,$4.56B,3.65%,$0.16B,$3.93B,4.23%,$331,$115,$216,$38,$121,$283,$48,$-9,$39,$6,$33,$33,$33,$97,$48,$224,232,$0.15,$0.15,$655,$136,$0,$1201,$461,$0,$2651,$246,$3363,$4564,$296,$1175,$208,$1513,$1809,$3,$1079,$13,$2755,$4564,$56,$98,$6,$104,$13,$-14,$-8,$-5,$-41,$119,$-42,$-5,$-42,$-206,$13,$-193,$3,$-279,$-374,$719,$344,$-1,$-1,$0,$-98,$246,$89,$19,$0
18,2014-03-31,21.9,$11.84,1.85,$5.68,3.85,$1.65,13.24,$0.31,70.33,$1.22B,$0.31B,3.88,$1.17B,$2.73B,0.43,$1.32B,$0.83B,62.81%,$1.32B,$0.08B,5.78%,$1.32B,$0.08B,5.78%,$1.32B,$0.28B,21.22%,$1.32B,$0.04B,3.19%,$1.32B,$0.07B,5.48%,$0.07B,$2.73B,2.68%,$0.07B,$0.11B,150.79%,$0.07B,$4.49B,1.73%,$0.08B,$3.90B,2.11%,$317,$107,$210,$40,$118,$275,$42,$-14,$28,$5,$23,$23,$23,$91,$42,$224,234,$0.10,$0.10,$678,$133,$0,$1216,$451,$0,$2625,$189,$3270,$4487,$314,$1171,$135,$1440,$1754,$3,$1063,$8,$2733,$4487,$23,$49,$-1,$49,$15,$-7,$-10,$-9,$-26,$46,$-17,$-2,$0,$-64,$-5,$-69,$0,$-88,$-373,$723,$350,$29,$29,$0,$-102,$276,$234,$10,$0
19,2013-12-31,24.73,$12.09,2.04,$5.63,4.39,$1.66,14.87,$0.29,85.06,$0.92B,$0.34B,2.73,$0.85B,$2.72B,0.31,$1.30B,$0.82B,62.67%,$1.30B,$0.06B,4.84%,$1.30B,$0.06B,4.84%,$1.30B,$0.26B,20.12%,$1.30B,$0.04B,2.84%,$1.30B,$0.07B,5.30%,$0.07B,$2.72B,2.58%,$0.07B,$0.08B,132.69%,$0.07B,$4.09B,1.71%,$0.06B,$3.57B,1.79%,$361,$125,$236,$44,$149,$327,$34,$-3,$31,$-29,$60,$60,$60,$88,$34,$225,233,$0.27,$0.27,$380,$128,$0,$921,$445,$0,$2646,$71,$3168,$4088,$337,$845,$38,$1027,$1365,$3,$1054,$-4,$2724,$4088,$69,$199,$-15,$184,$-15,$-17,$-7,$-4,$6,$259,$-84,$-34,$-171,$43,$-4,$38,$-1,$-252,$-7,$-1,$-8,$-61,$-61,$0,$-0,$-69,$-64,$38,$0
20,2013-09-30,22.22,$11.85,1.87,$5.58,3.98,$1.54,14.46,$0.20,112.64,$0.87B,$0.30B,2.88,$0.85B,$2.68B,0.32,$1.29B,$0.81B,63.12%,$1.29B,$0.08B,6.06%,$1.29B,$0.08B,6.06%,$1.29B,$0.28B,21.51%,$1.29B,$0.05B,3.49%,$1.29B,$0.05B,3.65%,$0.05B,$2.68B,1.76%,$0.05B,$0.00B,78.01%,$0.05B,$4.06B,1.16%,$0.08B,$3.52B,2.22%,$322,$111,$211,$34,$133,$288,$34,$-4,$30,$-10,$41,$41,$41,$85,$34,$226,233,$0.18,$0.18,$356,$143,$0,$874,$429,$0,$2676,$71,$3181,$4055,$303,$846,$40,$1075,$1379,$3,$994,$1,$2676,$4055,$9,$145,$31,$176,$16,$-29,$-16,$-3,$-9,$177,$-56,$-22,$-170,$0,$12,$12,$-1,$-237,$-4,$0,$-4,$-45,$-45,$0,$-0,$-50,$-114,$27,$0
21,2013-06-30,20.68,$11.50,1.8,$5.50,3.76,$1.48,13.95,$0.15,142.2,$0.90B,$0.30B,3.04,$0.85B,$2.60B,0.33,$1.27B,$0.80B,63.07%,$1.27B,$0.08B,6.54%,$1.27B,$0.08B,6.54%,$1.27B,$0.28B,22.13%,$1.27B,$0.05B,3.86%,$1.27B,$0.04B,2.76%,$0.04B,$2.60B,1.31%,$0.04B,$0.01B,45.75%,$0.04B,$3.98B,0.87%,$0.08B,$3.44B,2.42%,$315,$146,$169,$34,$160,$349,$-34,$-12,$-47,$5,$-52,$-52,$-52,$15,$-34,$225,225,$-0.23,$-0.23,$373,$133,$0,$902,$412,$0,$2590,$67,$3074,$3976,$297,$846,$49,$1084,$1381,$3,$954,$-30,$2595,$3976,$-32,$95,$49,$144,$-3,$-19,$-12,$6,$-18,$94,$-34,$-16,$-102,$16,$-4,$12,$2,$-138,$-3,$0,$-3,$-45,$-45,$0,$3,$-45,$-94,$18,$0
22,2013-03-31,21.89,$11.69,1.87,$5.43,4.03,$1.47,14.89,$0.52,42.15,$0.98B,$0.27B,3.66,$0.85B,$2.69B,0.31,$1.26B,$0.84B,66.16%,$1.26B,$0.16B,12.84%,$1.26B,$0.16B,12.84%,$1.26B,$0.36B,28.53%,$1.26B,$0.14B,10.70%,$1.26B,$0.12B,9.51%,$0.12B,$2.69B,4.46%,$0.12B,$0.12B,169.01%,$0.12B,$4.03B,3.01%,$0.16B,$3.54B,4.85%,$304,$104,$200,$34,$129,$275,$29,$-6,$23,$3,$20,$20,$20,$74,$29,$225,233,$0.09,$0.08,$461,$131,$0,$984,$416,$0,$2567,$63,$3050,$4034,$269,$846,$47,$1074,$1343,$3,$1005,$21,$2691,$4034,$20,$45,$-6,$39,$1,$-3,$-13,$5,$-13,$46,$-16,$-7,$0,$0,$-1,$-1,$0,$-23,$-1,$-0,$-1,$-44,$-44,$0,$5,$-40,$-21,$9,$0
23,2012-12-31,18.85,$12.06,1.56,$5.42,3.48,$1.31,14.4,$0.56,33.61,$0.99B,$0.27B,3.72,$0.85B,$2.72B,0.31,$1.25B,$0.82B,65.71%,$1.25B,$0.17B,13.48%,$1.25B,$0.17B,13.48%,$1.25B,$0.37B,29.35%,$1.25B,$0.15B,11.56%,$1.25B,$0.13B,10.29%,$0.13B,$2.72B,4.82%,$0.13B,$0.11B,226.32%,$0.13B,$4.09B,3.28%,$0.17B,$3.57B,5.24%,$347,$114,$233,$32,$142,$298,$49,$-10,$39,$0,$38,$38,$38,$103,$49,$227,232,$0.18,$0.17,$484,$135,$0,$993,$419,$0,$2614,$60,$3095,$4088,$267,$846,$59,$1096,$1363,$3,$985,$44,$2724,$4088,$130,$198,$18,$216,$-14,$-20,$-10,$5,$-100,$245,$-101,$-26,$-132,$-34,$-8,$-42,$0,$-301,$393,$-143,$249,$-19,$-19,$0,$-4,$227,$173,$25,$0
24,2012-09-30,19.22,$11.91,1.61,$5.37,3.58,$1.38,13.91,$0.39,48.71,$0.80B,$0.54B,1.49,$0.45B,$2.71B,0.16,$1.24B,$0.79B,63.90%,$1.24B,$0.10B,8.06%,$1.24B,$0.10B,8.06%,$1.24B,$0.29B,23.53%,$1.24B,$0.08B,6.77%,$1.24B,$0.09B,7.33%,$0.09B,$2.71B,3.45%,$0.09B,$0.07B,298.36%,$0.09B,$3.96B,2.37%,$0.10B,$3.16B,3.24%,$304,$105,$199,$31,$120,$265,$39,$-5,$34,$5,$29,$29,$29,$89,$39,$228,233,$0.13,$0.13,$311,$143,$0,$803,$408,$0,$2646,$53,$3153,$3956,$539,$445,$60,$705,$1245,$3,$947,$39,$2712,$3956,$91,$144,$-8,$135,$5,$-22,$-5,$-9,$-52,$175,$-67,$-18,$-132,$1,$-7,$-6,$0,$-223,$-3,$69,$66,$16,$16,$0,$-0,$82,$37,$19,$0
25,2012-06-30,17.34,$11.63,1.49,$5.33,3.25,$1.40,12.37,$0.43,40.73,$0.74B,$0.51B,1.45,$0.45B,$2.64B,0.17,$1.23B,$0.78B,63.78%,$1.23B,$0.10B,7.75%,$1.23B,$0.10B,7.75%,$1.23B,$0.28B,22.84%,$1.23B,$0.09B,7.59%,$1.23B,$0.10B,7.91%,$0.10B,$2.64B,3.72%,$0.10B,$-0.02B,303.13%,$0.10B,$3.88B,2.53%,$0.10B,$3.09B,3.11%,$307,$104,$203,$31,$117,$262,$45,$-6,$39,$6,$34,$34,$33,$94,$45,$227,231,$0.15,$0.15,$266,$140,$0,$744,$384,$0,$2659,$49,$3133,$3877,$512,$445,$57,$723,$1235,$3,$918,$9,$2642,$3877,$62,$93,$14,$107,$5,$-26,$0,$-13,$-69,$100,$-41,$-5,$-132,$0,$-7,$-7,$0,$-185,$-2,$69,$67,$12,$12,$0,$-1,$78,$-7,$13,$0
26,2012-03-31,16.17,$11.62,1.39,$5.22,3.1,$1.44,11.24,$0.43,37.97,$0.76B,$0.45B,1.68,$0.45B,$2.64B,0.17,$1.20B,$0.77B,63.86%,$1.20B,$0.10B,7.99%,$1.20B,$0.10B,7.99%,$1.20B,$0.27B,22.56%,$1.20B,$0.09B,7.83%,$1.20B,$0.10B,8.08%,$0.10B,$2.64B,3.74%,$0.10B,$0.07B,61.88%,$0.10B,$3.80B,2.51%,$0.10B,$3.08B,3.07%,$296,$107,$189,$29,$116,$260,$36,$-3,$33,$5,$28,$28,$29,$82,$36,$226,230,$0.13,$0.13,$275,$134,$0,$759,$386,$0,$2567,$60,$3039,$3798,$452,$446,$58,$711,$1163,$3,$885,$47,$2635,$3798,$28,$45,$-8,$37,$2,$-3,$-19,$-19,$-54,$11,$-18,$-4,$-2,$0,$-0,$-0,$0,$-25,$-1,$2,$1,$10,$10,$0,$0,$11,$-1,$5,$0
27,2011-12-31,14.34,$11.34,1.26,$5.07,2.83,$1.60,8.98,$0.43,33.68,$0.75B,$0.45B,1.65,$0.45B,$2.56B,0.17,$1.17B,$0.75B,64.16%,$1.17B,$0.10B,8.38%,$1.17B,$0.10B,8.38%,$1.17B,$0.27B,22.75%,$1.17B,$0.10B,8.21%,$1.17B,$0.10B,8.21%,$0.10B,$2.56B,3.74%,$0.10B,$0.01B,39.22%,$0.10B,$3.73B,2.46%,$0.10B,$3.00B,3.07%,$334,$133,$202,$33,$181,$354,$-20,$-2,$-22,$-21,$-1,$-1,$-0,$27,$-20,$225,230,$0.00,$-0.01,$276,$132,$0,$745,$372,$0,$2553,$56,$2984,$3730,$452,$446,$64,$720,$1172,$3,$856,$16,$2558,$3730,$95,$167,$25,$193,$-28,$-16,$7,$-19,$-43,$245,$-85,$-35,$-457,$56,$-19,$37,$0,$-540,$-430,$142,$-287,$9,$9,$0,$-32,$-311,$-607,$20,$0
28,2011-09-30,14.36,$11.46,1.25,$4.86,2.96,$1.66,8.65,$0.58,24.69,$0.97B,$0.65B,1.5,$0.45B,$2.59B,0.17,$1.12B,$0.74B,65.74%,$1.12B,$0.17B,15.08%,$1.12B,$0.17B,15.08%,$1.12B,$0.33B,29.26%,$1.12B,$0.16B,14.54%,$1.12B,$0.13B,11.78%,$0.13B,$2.59B,5.18%,$0.13B,$0.07B,39.26%,$0.13B,$3.95B,3.34%,$0.17B,$3.03B,5.19%,$289,$101,$188,$33,$114,$255,$34,$9,$43,$9,$34,$34,$35,$77,$34,$225,229,$0.16,$0.16,$486,$146,$0,$974,$374,$0,$2513,$67,$2975,$3948,$648,$447,$51,$716,$1364,$3,$856,$9,$2585,$3948,$96,$121,$-4,$116,$-8,$-26,$-8,$3,$-47,$165,$-54,$-16,$-433,$18,$-19,$-1,$0,$-504,$-78,$0,$-78,$8,$8,$0,$3,$-67,$-435,$14,$0
29,2011-06-30,19.75,$0.00,0.0,$4.79,4.12,$1.65,11.95,$0.58,33.96,$1.41B,$0.37B,3.85,$0.80B,$2.59B,0.31,$1.11B,$0.73B,66.00%,$1.11B,$0.19B,16.73%,$1.11B,$0.19B,16.73%,$1.11B,$0.30B,27.22%,$1.11B,$0.17B,15.10%,$1.11B,$0.13B,12.03%,$0.13B,$2.59B,5.30%,$0.13B,$0.48B,33.71%,$0.13B,$4.00B,3.38%,$0.19B,$3.39B,5.58%,$282,$94,$188,$33,$103,$236,$46,$-6,$40,$7,$33,$33,$33,$85,$46,$225,232,$0.15,$0.15,$953,$139,$107,$1408,$0,$0,$2112,$67,$2205,$3998,$365,$796,$61,$1039,$1404,$3,$821,$0,$2594,$3998,$61,$78,$2,$79,$-5,$-12,$-1,$-3,$-35,$106,$-38,$-7,$-5,$-60,$-19,$-79,$0,$-130,$-2,$0,$-2,$6,$6,$0,$3,$7,$-41,$9,$0
30,2011-03-31,20.82,$0.00,0.0,$4.70,4.43,$1.36,15.3,$0.60,34.56,$1.39B,$0.38B,3.7,$0.80B,$2.54B,0.31,$1.09B,$0.72B,65.78%,$1.09B,$0.18B,16.74%,$1.09B,$0.18B,16.74%,$1.09B,$0.26B,23.83%,$1.09B,$0.17B,15.36%,$1.09B,$0.14B,12.79%,$0.14B,$2.54B,5.69%,$0.14B,$0.42B,39.71%,$0.14B,$3.96B,3.58%,$0.18B,$3.33B,5.56%,$264,$92,$172,$33,$95,$226,$38,$-3,$35,$7,$28,$28,$28,$77,$38,$225,231,$0.13,$0.13,$939,$133,$114,$1388,$0,$0,$2117,$52,$2200,$3958,$375,$797,$59,$1047,$1422,$3,$788,$0,$2536,$3958,$28,$39,$-1,$38,$-0,$-4,$3,$-3,$-16,$50,$-21,$-5,$-3,$-65,$6,$-59,$0,$-88,$-1,$0,$-1,$4,$4,$0,$2,$6,$-52,$4,$0
31,2010-12-31,20.3,$11.03,1.84,$4.73,4.3,$1.29,15.71,$0.62,32.58,$1.37B,$0.39B,3.51,$0.80B,$2.48B,0.32,$1.09B,$0.72B,65.87%,$1.09B,$0.19B,17.39%,$1.09B,$0.19B,17.39%,$1.09B,$0.26B,24.01%,$1.09B,$0.17B,15.92%,$1.09B,$0.14B,13.25%,$0.14B,$2.48B,6.03%,$0.14B,$0.37B,47.33%,$0.14B,$3.91B,3.75%,$0.19B,$3.27B,5.83%,$286,$97,$189,$34,$116,$235,$51,$-5,$45,$9,$36,$36,$36,$89,$51,$231,231,$0.16,$0.16,$934,$127,$0,$1365,$346,$0,$2106,$61,$2549,$3914,$388,$797,$51,$1049,$1438,$3,$760,$65,$2476,$3914,$144,$143,$-20,$143,$-7,$2,$3,$-2,$-16,$251,$-76,$-44,$-37,$-66,$8,$-58,$-44,$-216,$-50,$0,$-50,$11,$11,$0,$4,$-35,$3,$14,$0
32,2010-09-30,18.42,$0.00,0.0,$4.73,3.89,$1.25,14.75,$0.65,28.16,$1.35B,$0.40B,3.42,$0.82B,$2.43B,0.34,$1.09B,$0.72B,65.60%,$1.09B,$0.17B,15.87%,$1.09B,$0.17B,15.87%,$1.09B,$0.24B,22.11%,$1.09B,$0.18B,16.24%,$1.09B,$0.15B,13.94%,$0.15B,$2.43B,6.49%,$0.15B,$0.31B,58.02%,$0.15B,$3.89B,3.99%,$0.17B,$3.25B,5.37%,$274,$94,$181,$31,$93,$224,$50,$-3,$47,$10,$36,$36,$36,$50,$50,$224,230,$0.17,$0.16,$887,$131,$118,$1352,$0,$0,$2126,$47,$2202,$3891,$395,$822,$36,$1065,$1460,$3,$724,$0,$2430,$3891,$108,$104,$-21,$83,$-5,$-2,$5,$24,$-26,$165,$-55,$-40,$-27,$-40,$12,$-28,$0,$-150,$-49,$0,$-49,$8,$8,$0,$2,$-40,$-18,$10,$0
33,2010-06-30,19.96,$0.00,0.0,$4.83,4.13,$1.41,14.15,$0.69,29.12,$1.35B,$0.32B,4.2,$0.90B,$2.34B,0.38,$1.08B,$0.71B,65.71%,$1.08B,$0.18B,16.36%,$1.08B,$0.18B,16.36%,$1.08B,$0.24B,22.68%,$1.08B,$0.18B,16.64%,$1.08B,$0.15B,14.31%,$0.15B,$2.34B,6.72%,$0.15B,$0.30B,61.35%,$0.15B,$3.77B,4.08%,$0.18B,$3.23B,5.52%,$263,$90,$173,$29,$95,$220,$43,$-3,$40,$1,$39,$39,$39,$43,$43,$233,233,$0.17,$0.17,$918,$118,$127,$1353,$0,$0,$2031,$52,$2112,$3768,$322,$896,$13,$1111,$1433,$3,$687,$0,$2335,$3768,$0,$0,$0,$0,$0,$0,$0,$0,$0,$0,$0,$0,$0,$0,$0,$0,$0,$0,$0,$0,$0,$0,$0,$0,$0,$0,$0,$0,$0
34,2010-03-31,23.87,$0.00,0.0,$4.93,4.84,$1.41,16.93,$0.68,35.37,$1.33B,$0.34B,3.94,$0.90B,$2.31B,0.39,$1.05B,$0.69B,65.91%,$1.05B,$0.18B,17.47%,$1.05B,$0.18B,17.47%,$1.05B,$0.25B,23.93%,$1.05B,$0.18B,17.09%,$1.05B,$0.15B,13.87%,$0.15B,$2.31B,6.98%,$0.15B,$0.24B,130.94%,$0.15B,$3.78B,4.08%,$0.18B,$3.21B,6.13%,$264,$91,$173,$32,$91,$220,$45,$-3,$41,$8,$33,$33,$33,$79,$45,$227,227,$0.15,$0.15,$889,$125,$128,$1332,$0,$0,$2074,$34,$2136,$3780,$338,$897,$25,$1131,$1469,$3,$649,$0,$2311,$3780,$33,$34,$0,$34,$0,$0,$0,$0,$-35,$30,$-16,$0,$-16,$0,$0,$-39,$-6,$-78,$0,$0,$0,$0,$3,$0,$-1,$2,$-31,$0,$0
35,2009-12-31,23.19,$10.25,2.26,$4.89,4.74,$1.37,16.92,$0.65,35.45,$1.33B,$0.38B,3.55,$0.90B,$2.29B,0.39,$1.01B,$0.67B,66.04%,$1.01B,$0.18B,17.82%,$1.01B,$0.18B,17.82%,$1.01B,$0.24B,23.86%,$1.01B,$0.17B,17.03%,$1.01B,$0.14B,13.66%,$0.14B,$2.29B,7.34%,$0.14B,$0.20B,-569.07%,$0.14B,$3.80B,4.13%,$0.18B,$3.19B,6.42%,$289,$101,$188,$31,$127,$254,$35,$14,$49,$5,$44,$44,$44,$69,$35,$232,232,$0.19,$0.19,$866,$131,$143,$1333,$528,$0,$2089,$30,$2674,$3796,$376,$898,$20,$1130,$1505,$3,$616,$50,$2291,$3796,$138,$120,$-6,$120,$-25,$-22,$-9,$-15,$-35,$217,$-51,$-17,$-235,$-40,$1,$-39,$-17,$-342,$-28,$0,$-25,$650,$650,$0,$4,$629,$492,$10,$0
36,2009-09-30,22.1,$0.00,0.0,$4.87,4.54,$1.35,16.37,$0.59,37.33,$1.37B,$0.38B,3.65,$0.90B,$2.23B,0.4,$0.96B,$0.64B,66.39%,$0.96B,$0.15B,15.45%,$0.96B,$0.15B,15.45%,$0.96B,$0.25B,25.89%,$0.96B,$0.16B,16.60%,$0.96B,$0.12B,12.42%,$0.12B,$2.23B,7.13%,$0.12B,$0.26B,-74.61%,$0.12B,$3.76B,3.83%,$0.15B,$3.13B,5.68%,$260,$87,$173,$27,$89,$206,$53,$-4,$49,$12,$38,$38,$38,$53,$53,$201,201,$0.19,$0.19,$861,$134,$196,$1372,$0,$0,$1968,$27,$2072,$3755,$376,$899,$14,$1150,$1526,$3,$571,$0,$2228,$3755,$93,$87,$0,$87,$0,$0,$0,$0,$-3,$164,$-36,$0,$-111,$0,$0,$1,$-14,$-160,$0,$0,$-25,$0,$562,$0,$0,$537,$528,$0,$0
37,2009-06-30,19.31,$0.00,0.0,$4.74,4.07,$1.01,19.12,$0.51,37.94,$0.79B,$0.26B,2.97,$0.95B,$1.54B,0.62,$0.93B,$0.62B,66.31%,$0.93B,$0.15B,15.82%,$0.93B,$0.15B,15.82%,$0.93B,$0.26B,27.77%,$0.93B,$0.14B,14.85%,$0.93B,$0.10B,10.98%,$0.10B,$1.54B,6.90%,$0.10B,$-0.25B,-33.75%,$0.10B,$2.97B,3.53%,$0.15B,$2.48B,6.05%,$240,$81,$160,$25,$84,$189,$51,$-10,$41,$10,$31,$31,$31,$51,$51,$196,196,$0.16,$0.16,$390,$120,$108,$785,$0,$0,$1789,$24,$1889,$2971,$264,$948,$12,$1171,$1436,$2,$533,$0,$1535,$2971,$0,$0,$0,$0,$0,$0,$0,$0,$0,$0,$0,$0,$0,$0,$0,$0,$0,$0,$0,$0,$0,$0,$0,$0,$0,$0,$0,$0,$0
38,2009-03-31,16.57,$0.00,0.0,$4.62,3.59,$1.20,13.81,$0.47,35.47,$0.71B,$0.22B,3.17,$0.95B,$1.46B,0.65,$0.91B,$0.60B,66.59%,$0.91B,$0.14B,15.66%,$0.91B,$0.14B,15.66%,$0.91B,$0.25B,27.45%,$0.91B,$0.13B,13.78%,$0.91B,$0.09B,10.36%,$0.09B,$1.46B,6.42%,$0.09B,$-0.31B,-31.05%,$0.09B,$2.83B,3.28%,$0.14B,$2.41B,5.86%,$221,$74,$146,$26,$80,$180,$41,$-8,$33,$8,$25,$25,$25,$68,$41,$196,196,$0.13,$0.13,$337,$110,$99,$705,$0,$0,$1769,$27,$1846,$2832,$223,$949,$10,$1147,$1370,$2,$502,$0,$1462,$2832,$25,$27,$0,$27,$0,$0,$0,$0,$-38,$14,$-10,$0,$-2,$0,$0,$0,$-2,$-14,$0,$-1,$0,$0,$5,$0,$1,$5,$4,$0,$0
39,2008-12-31,18.24,$0.00,0.0,$4.54,4.02,$1.16,15.7,$0.45,40.85,$0.70B,$0.26B,2.68,$0.95B,$1.45B,0.65,$0.89B,$0.60B,67.08%,$0.89B,$0.15B,16.46%,$0.89B,$0.15B,16.46%,$0.89B,$0.25B,28.22%,$0.89B,$0.12B,13.44%,$0.89B,$0.09B,9.97%,$0.09B,$1.45B,6.09%,$0.09B,$-0.34B,-29.72%,$0.09B,$2.89B,3.10%,$0.15B,$2.40B,6.05%,$237,$80,$157,$28,$127,$234,$3,$34,$36,$12,$25,$25,$25,$76,$3,$195,195,$0.13,$0.13,$333,$109,$103,$704,$0,$0,$1792,$26,$1892,$2885,$262,$950,$7,$1169,$1431,$2,$478,$0,$1454,$2885,$89,$106,$11,$106,$-19,$-30,$6,$5,$-18,$173,$-38,$-18,$-151,$2,$-4,$-2,$-20,$-211,$-8,$-8,$0,$18,$18,$0,$2,$13,$-14,$10,$0
40,2008-09-30,20.49,$0.00,0.0,$4.34,4.72,$0.72,28.62,$0.39,51.94,$0.71B,$0.22B,3.3,$0.96B,$1.46B,0.66,$0.87B,$0.58B,66.63%,$0.87B,$0.19B,21.36%,$0.87B,$0.19B,21.36%,$0.87B,$0.24B,27.94%,$0.87B,$0.10B,12.01%,$0.87B,$0.08B,9.12%,$0.08B,$1.46B,5.47%,$0.08B,$-0.31B,-26.03%,$0.08B,$2.87B,2.78%,$0.19B,$2.41B,7.64%,$231,$78,$153,$24,$77,$179,$52,$-24,$28,$7,$21,$21,$21,$63,$52,$197,197,$0.10,$0.10,$326,$114,$113,$708,$0,$0,$1768,$35,$1881,$2873,$215,$956,$7,$1200,$1415,$2,$453,$0,$1458,$2873,$64,$33,$0,$33,$0,$0,$0,$0,$-64,$84,$-26,$0,$-88,$0,$0,$-3,$-23,$-140,$0,$-2,$0,$0,$13,$0,$6,$16,$-21,$0,$0
41,2008-06-30,20.9,$0.00,0.0,$4.16,5.03,$0.64,32.68,$0.25,83.89,$0.74B,$0.18B,4.02,$0.98B,$1.48B,0.66,$0.81B,$0.54B,66.50%,$0.81B,$0.16B,19.95%,$0.81B,$0.16B,19.95%,$0.81B,$0.23B,28.08%,$0.81B,$0.07B,8.62%,$0.81B,$0.05B,6.28%,$0.05B,$1.48B,3.61%,$0.05B,$-0.26B,-15.25%,$0.05B,$2.87B,1.82%,$0.16B,$2.46B,6.76%,$218,$70,$148,$24,$78,$172,$46,$-19,$28,$4,$23,$23,$23,$42,$46,$198,198,$0.11,$0.11,$381,$108,$95,$735,$0,$0,$1735,$32,$1837,$2874,$183,$982,$11,$1212,$1395,$2,$432,$0,$1479,$2874,$44,$21,$0,$21,$0,$0,$0,$0,$-41,$53,$-15,$0,$-2,$0,$0,$-3,$-5,$-26,$0,$-1,$0,$0,$8,$0,$4,$10,$33,$0,$0
42,2008-03-31,21.6,$0.00,0.0,$3.95,5.47,$0.59,36.88,$0.28,77.03,$0.70B,$0.17B,4.1,$0.98B,$1.45B,0.68,$0.73B,$0.49B,66.53%,$0.73B,$0.15B,20.30%,$0.73B,$0.15B,20.30%,$0.73B,$0.23B,31.28%,$0.73B,$0.08B,10.29%,$0.73B,$0.05B,7.00%,$0.05B,$1.45B,4.26%,$0.05B,$-0.29B,-26.95%,$0.05B,$2.84B,2.13%,$0.15B,$2.43B,7.20%,$207,$66,$141,$21,$74,$161,$46,$-18,$28,$7,$20,$20,$20,$71,$46,$198,198,$0.10,$0.10,$352,$99,$87,$696,$0,$0,$1744,$27,$1847,$2842,$170,$983,$11,$1221,$1391,$2,$409,$0,$1451,$2842,$20,$25,$0,$25,$0,$0,$0,$0,$-24,$6,$-10,$0,$-1,$0,$0,$1,$-1,$-10,$0,$-1,$0,$0,$6,$0,$3,$8,$4,$0,$0
43,2007-12-31,21.86,$0.00,0.0,$3.77,5.8,$0.71,30.99,$0.31,70.15,$0.65B,$0.17B,3.91,$0.98B,$1.39B,0.71,$0.65B,$0.43B,66.62%,$0.65B,$0.13B,20.31%,$0.65B,$0.13B,20.31%,$0.65B,$0.20B,30.15%,$0.65B,$0.08B,11.69%,$0.65B,$0.05B,7.85%,$0.05B,$1.39B,5.20%,$0.05B,$-0.36B,-126.71%,$0.05B,$2.78B,2.56%,$0.13B,$2.38B,7.67%,$210,$75,$135,$23,$79,$169,$41,$-21,$20,$5,$15,$15,$15,$66,$41,$206,206,$0.07,$0.07,$350,$88,$68,$648,$0,$0,$1747,$25,$1844,$2775,$166,$983,$8,$1218,$1384,$2,$389,$0,$1392,$2775,$50,$63,$0,$63,$0,$0,$0,$0,$-56,$85,$-34,$0,$-860,$0,$0,$253,$-19,$-660,$0,$440,$0,$0,$42,$0,$12,$494,$-83,$0,$0
44,2007-09-30,20.16,$0.00,0.0,$3.60,5.61,$0.95,21.16,$0.37,53.91,$0.62B,$0.19B,3.32,$0.98B,$1.33B,0.74,$0.57B,$0.42B,74.91%,$0.57B,$0.22B,38.34%,$0.57B,$0.22B,38.34%,$0.57B,$0.26B,45.23%,$0.57B,$0.18B,32.16%,$0.57B,$0.06B,9.72%,$0.06B,$1.33B,7.10%,$0.06B,$-0.43B,45.64%,$0.06B,$2.70B,3.43%,$0.22B,$2.31B,15.57%,$177,$60,$116,$18,$67,$148,$29,$-35,$-6,$1,$-7,$-7,$-7,$49,$29,$179,179,$-0.04,$-0.04,$309,$87,$93,$621,$0,$0,$1762,$28,$1798,$2696,$187,$983,$13,$1180,$1368,$2,$374,$0,$1328,$2696,$35,$38,$0,$38,$0,$0,$0,$0,$-20,$63,$-23,$0,$-859,$0,$0,$254,$-19,$-648,$0,$441,$0,$0,$31,$0,$10,$482,$-122,$0,$0
45,2007-06-30,18.47,$0.00,0.0,$3.40,5.43,$0.73,25.24,$0.55,33.57,$0.70B,$0.13B,5.55,$0.49B,$0.62B,0.79,$0.51B,$0.39B,76.92%,$0.51B,$0.22B,42.60%,$0.51B,$0.22B,42.60%,$0.51B,$0.24B,46.35%,$0.51B,$0.22B,42.60%,$0.51B,$0.08B,15.98%,$0.08B,$0.62B,14.09%,$0.08B,$0.33B,27.05%,$0.08B,$1.26B,6.62%,$0.22B,$1.11B,20.13%,$135,$42,$93,$13,$46,$103,$32,$0,$33,$10,$23,$23,$23,$42,$32,$151,151,$0.15,$0.15,$480,$67,$61,$703,$0,$0,$292,$28,$330,$1262,$127,$489,$6,$518,$644,$2,$381,$0,$617,$1262,$42,$18,$0,$18,$0,$0,$0,$0,$-23,$35,$-14,$0,$-7,$0,$0,$-44,$-18,$-83,$0,$-7,$0,$0,$5,$0,$2,$-1,$-50,$0,$0
46,2007-03-31,17.84,$0.00,0.0,$3.28,5.44,$0.59,29.99,$0.50,35.79,$0.70B,$0.13B,5.33,$0.50B,$0.59B,0.86,$0.49B,$0.41B,84.54%,$0.49B,$0.30B,61.24%,$0.49B,$0.30B,61.24%,$0.49B,$0.31B,63.09%,$0.49B,$0.30B,61.03%,$0.49B,$0.07B,14.85%,$0.07B,$0.59B,17.12%,$0.07B,$0.30B,32.99%,$0.07B,$1.25B,7.92%,$0.30B,$1.09B,37.28%,$128,$39,$89,$12,$45,$98,$30,$-1,$29,$9,$20,$20,$20,$39,$30,$147,147,$0.14,$0.14,$485,$66,$60,$703,$0,$0,$285,$27,$323,$1250,$132,$502,$6,$530,$662,$2,$358,$0,$587,$1250,$20,$9,$0,$9,$0,$0,$0,$0,$-8,$21,$-6,$0,$-3,$0,$0,$-44,$-14,$-68,$0,$-0,$0,$0,$3,$0,$1,$3,$-44,$0,$0
47,2006-12-31,15.71,$0.00,0.0,$3.15,4.99,$0.49,31.76,$0.49,32.19,$0.68B,$0.12B,5.86,$0.50B,$0.57B,0.89,$0.47B,$0.43B,92.27%,$0.47B,$0.38B,80.69%,$0.47B,$0.38B,80.69%,$0.47B,$0.38B,80.69%,$0.47B,$0.38B,80.69%,$0.47B,$0.07B,15.02%,$0.07B,$0.57B,25.57%,$0.07B,$0.29B,49.12%,$0.07B,$1.21B,11.74%,$0.38B,$1.07B,71.72%,$126,$0,$126,$0,$0,$0,$126,$0,$126,$0,$126,$19,$19,$126,$126,$149,149,$0.14,$0.14,$483,$64,$51,$683,$0,$0,$279,$27,$308,$1212,$117,$502,$6,$529,$646,$2,$345,$0,$566,$1212,$71,$30,$0,$30,$0,$0,$0,$0,$-5,$101,$-28,$0,$-95,$0,$0,$-37,$-6,$-165,$0,$284,$0,$0,$11,$0,$8,$303,$239,$0,$0
