,Date,Stock Price,Book Value per Share,Price to Book Ratio,TTM Sales per Share,Price to Sales Ratio,TTM FCF per Share,Price to FCF Ratio,TTM Net EPS,PE Ratio,Current Assets,Current Liabilities,Current Ratio,Long Term Debt,Shareholder's Equity_x,Debt to Equity Ratio,TTM Revenue_x,TTM Gross Profit,Gross Margin,TTM Revenue_y,TTM Operating Income,Operating Margin,TTM Revenue_x,TTM EBIT,EBIT Margin,TTM Revenue_y,TTM EBITDA,EBITDA Margin,TTM Revenue_x,TTM Pre-Tax Income,Pre-Tax Margin,TTM Revenue_y,TTM Net Income_x,Net Margin,TTM Net Income_y,Shareholder's Equity_y,Return on Equity,TTM Net Income_x,Tangible Equity,Return on Tangible Equity,TTM Net Income_y,Total Assets,Return on Assets,TTM Net Income,LT Investments & Debt,Return on Investment,revenue,cost-goods-sold,gross-profit,research-development-expenses,selling-general-administrative-expenses,operating-expenses,operating-income,total-non-operating-income-expense,pre-tax-income,total-provision-income-taxes,income-after-taxes,income-from-continuous-operations,net-income,ebitda,ebit,basic-shares-outstanding,shares-outstanding,eps-basic-net-earnings-per-share,eps-earnings-per-share-diluted,cash-on-hand,inventory,other-current-assets,total-current-assets,net-property-plant-equipment,long-term-investments,goodwill-intangible-assets-total,other-long-term-assets,total-long-term-assets,total-assets,total-current-liabilities,long-term-debt,other-non-current-liabilities,total-long-term-liabilities,total-liabilities,common-stock-net,retained-earnings-accumulated-deficit,comprehensive-income,total-share-holder-equity,total-liabilities-share-holders-equity,net-income-loss,total-depreciation-amortization-cash-flow,other-non-cash-items,total-non-cash-items,change-in-accounts-receivable,change-in-inventories,change-in-accounts-payable,change-in-assets-liabilities,total-change-in-assets-liabilities,cash-flow-from-operating-activities,net-change-in-property-plant-equipment,net-change-in-intangible-assets,net-acquisitions-divestitures,net-change-in-short-term-investments,net-change-in-long-term-investments,net-change-in-investments-total,investing-activities-other,cash-flow-from-investing-activities,net-long-term-debt,net-current-debt,debt-issuance-retirement-net-total,net-common-equity-issued-repurchased,net-total-equity-issued-repurchased,total-common-preferred-stock-dividends-paid,financial-activities-other,cash-flow-from-financial-activities,net-cash-flow,stock-based-compensation,common-stock-dividends-paid
0,2018-09-30,89.1,$9.51,9.37,$6.43,13.86,$5.78,15.41,$1.09,81.74,$0.40B,$0.18B,2.2,$0.00B,$0.37B,0.0,$0.27B,$0.21B,76.49%,$0.27B,$0.05B,17.54%,$0.27B,$0.05B,17.54%,$0.27B,$0.07B,27.24%,$0.27B,$0.05B,19.03%,$0.27B,$0.05B,16.79%,$0.05B,$0.37B,12.42%,$0.05B,$0.36B,12.94%,$0.05B,$0.59B,7.96%,$0.05B,$0.37B,12.97%,$72,$17,$55,$13,$25,$54,$18,$1,$19,$-4,$23,$23,$23,$25,$18,$39,42,$0.60,$0.56,$327,$0,$0,$402,$65,$67,$16,$9,$184,$586,$183,$0,$11,$29,$212,$0,$46,$-1,$374,$586,$43,$21,$19,$39,$6,$0,$0,$5,$17,$99,$-19,$0,$-3,$0,$-26,$-26,$0,$-49,$-1,$0,$-1,$-26,$-26,$0,$-12,$-39,$11,$23,$0
1,2018-06-30,84.3,$9.37,9.0,$6.21,13.58,$5.27,15.99,$0.74,113.92,$0.39B,$0.18B,2.17,$0.00B,$0.37B,0.0,$0.26B,$0.20B,77.25%,$0.26B,$0.04B,15.69%,$0.26B,$0.04B,15.69%,$0.26B,$0.06B,25.10%,$0.26B,$0.04B,17.25%,$0.26B,$0.03B,11.76%,$0.03B,$0.37B,8.55%,$0.03B,$0.35B,8.87%,$0.03B,$0.57B,5.51%,$0.04B,$0.37B,11.40%,$68,$16,$52,$13,$28,$57,$11,$1,$12,$1,$10,$10,$10,$18,$11,$39,42,$0.26,$0.24,$323,$0,$0,$391,$65,$67,$16,$8,$180,$571,$180,$0,$12,$26,$206,$0,$46,$-1,$365,$571,$19,$14,$17,$31,$12,$0,$-0,$-1,$17,$67,$-13,$0,$-3,$0,$-33,$-33,$0,$-50,$-1,$0,$-1,$-7,$-7,$0,$-9,$-17,$0,$16,$0
2,2018-03-31,72.75,$9.40,7.74,$5.99,12.14,$4.90,14.85,$0.68,106.99,$0.39B,$0.17B,2.3,$0.00B,$0.37B,0.0,$0.24B,$0.19B,77.69%,$0.24B,$0.04B,15.70%,$0.24B,$0.04B,15.70%,$0.24B,$0.06B,24.79%,$0.24B,$0.04B,16.94%,$0.24B,$0.03B,11.16%,$0.03B,$0.37B,8.04%,$0.03B,$0.35B,8.25%,$0.03B,$0.57B,5.20%,$0.04B,$0.37B,11.31%,$65,$16,$49,$13,$28,$56,$8,$1,$10,$1,$9,$9,$9,$15,$8,$39,42,$0.24,$0.22,$329,$0,$0,$394,$61,$65,$13,$8,$172,$566,$171,$0,$13,$28,$199,$0,$51,$-1,$366,$566,$9,$7,$9,$16,$15,$0,$-0,$-1,$18,$43,$-6,$0,$0,$0,$-32,$-32,$0,$-38,$-1,$0,$-1,$6,$6,$0,$-4,$2,$7,$9,$0
3,2017-12-31,59.35,$8.90,6.67,$5.81,10.21,$4.73,12.54,$1.02,58.19,$0.37B,$0.17B,2.23,$0.00B,$0.34B,0.0,$0.23B,$0.18B,78.26%,$0.23B,$0.04B,16.52%,$0.23B,$0.04B,16.52%,$0.23B,$0.06B,25.22%,$0.23B,$0.04B,16.96%,$0.23B,$0.04B,17.39%,$0.04B,$0.34B,12.68%,$0.04B,$0.33B,12.91%,$0.04B,$0.54B,8.19%,$0.04B,$0.34B,12.04%,$63,$14,$49,$12,$27,$53,$10,$1,$10,$8,$3,$3,$3,$15,$10,$37,40,$0.07,$0.06,$288,$0,$0,$369,$59,$67,$14,$3,$168,$538,$166,$0,$11,$28,$194,$0,$40,$-1,$344,$538,$40,$22,$25,$47,$-18,$0,$-0,$37,$20,$108,$-38,$0,$-12,$0,$-68,$-68,$0,$-118,$0,$0,$0,$31,$31,$0,$-21,$10,$-0,$27,$0
4,2017-09-30,51.8,$8.65,5.99,$5.60,9.24,$4.16,12.45,$1.10,47.09,$0.37B,$0.15B,2.48,$0.00B,$0.33B,0.0,$0.22B,$0.17B,78.08%,$0.22B,$0.04B,16.89%,$0.22B,$0.04B,16.89%,$0.22B,$0.06B,26.03%,$0.22B,$0.04B,17.35%,$0.22B,$0.04B,19.63%,$0.04B,$0.33B,14.63%,$0.04B,$0.32B,14.75%,$0.04B,$0.50B,9.44%,$0.04B,$0.33B,12.59%,$59,$13,$47,$11,$25,$49,$11,$1,$12,$3,$8,$8,$8,$16,$11,$38,40,$0.22,$0.21,$303,$0,$0,$367,$51,$40,$7,$3,$134,$501,$148,$0,$9,$25,$174,$0,$37,$-0,$328,$501,$38,$16,$9,$25,$0,$0,$-1,$19,$19,$82,$-27,$0,$-6,$0,$-51,$-51,$0,$-83,$0,$0,$0,$23,$23,$0,$-18,$5,$4,$19,$0
5,2017-06-30,40.8,$8.16,5.0,$5.44,7.49,$3.72,10.97,$1.02,40.0,$0.34B,$0.14B,2.45,$0.00B,$0.31B,0.0,$0.21B,$0.16B,77.73%,$0.21B,$0.03B,16.11%,$0.21B,$0.03B,16.11%,$0.21B,$0.05B,25.59%,$0.21B,$0.03B,16.11%,$0.21B,$0.04B,18.96%,$0.04B,$0.31B,14.69%,$0.04B,$0.31B,14.75%,$0.04B,$0.47B,9.38%,$0.03B,$0.31B,12.49%,$55,$12,$43,$11,$24,$46,$9,$0,$9,$2,$7,$7,$7,$14,$9,$37,40,$0.19,$0.18,$279,$0,$0,$344,$43,$45,$1,$3,$128,$472,$140,$0,$9,$25,$166,$0,$29,$-0,$306,$472,$29,$11,$-1,$9,$0,$0,$-0,$10,$11,$49,$-13,$0,$0,$0,$9,$9,$0,$-5,$0,$0,$0,$15,$15,$0,$-15,$-1,$44,$11,$0
6,2017-03-31,37.9,$7.68,4.93,$5.32,7.13,$3.48,10.88,$0.93,40.75,$0.30B,$0.14B,2.15,$0.00B,$0.28B,0.0,$0.20B,$0.16B,77.94%,$0.20B,$0.03B,15.20%,$0.20B,$0.03B,15.20%,$0.20B,$0.05B,24.51%,$0.20B,$0.03B,15.20%,$0.20B,$0.04B,18.14%,$0.04B,$0.28B,14.65%,$0.04B,$0.28B,14.71%,$0.04B,$0.44B,9.23%,$0.03B,$0.28B,12.28%,$53,$12,$41,$10,$23,$45,$8,$0,$8,$-14,$22,$22,$22,$13,$8,$36,39,$0.60,$0.56,$245,$0,$0,$295,$41,$64,$1,$3,$146,$442,$138,$0,$1,$19,$157,$0,$22,$-0,$284,$442,$22,$5,$-10,$-5,$5,$0,$0,$9,$15,$32,$-5,$0,$0,$0,$4,$4,$0,$-1,$0,$0,$0,$6,$6,$0,$-14,$-9,$23,$4,$0
7,2016-12-31,31.65,$7.21,4.39,$5.17,6.12,$3.10,10.2,$0.50,63.3,$0.30B,$0.13B,2.31,$0.00B,$0.26B,0.0,$0.20B,$0.16B,78.68%,$0.20B,$0.03B,15.74%,$0.20B,$0.03B,15.74%,$0.20B,$0.05B,24.87%,$0.20B,$0.03B,15.74%,$0.20B,$0.02B,10.15%,$0.02B,$0.26B,8.55%,$0.02B,$0.26B,8.58%,$0.02B,$0.41B,5.32%,$0.03B,$0.26B,13.25%,$52,$12,$40,$9,$22,$43,$9,$-0,$9,$3,$6,$6,$6,$14,$9,$35,38,$0.17,$0.15,$244,$0,$0,$301,$39,$46,$1,$3,$106,$407,$130,$0,$3,$18,$149,$0,$-8,$-0,$258,$407,$19,$18,$11,$29,$-5,$0,$-1,$16,$20,$68,$-23,$0,$0,$0,$-73,$-73,$0,$-96,$0,$0,$0,$15,$15,$0,$8,$23,$-5,$20,$0
8,2016-09-30,38.19,$6.77,5.64,$4.97,7.68,$3.13,12.18,$0.49,77.94,$0.26B,$0.13B,2.06,$0.00B,$0.24B,0.0,$0.19B,$0.15B,79.37%,$0.19B,$0.03B,15.87%,$0.19B,$0.03B,15.87%,$0.19B,$0.05B,24.87%,$0.19B,$0.03B,15.87%,$0.19B,$0.02B,10.05%,$0.02B,$0.24B,8.70%,$0.02B,$0.24B,8.75%,$0.02B,$0.39B,5.35%,$0.03B,$0.24B,13.73%,$51,$11,$40,$10,$22,$43,$8,$0,$8,$3,$5,$5,$5,$13,$8,$35,39,$0.14,$0.13,$210,$0,$0,$261,$41,$65,$1,$2,$124,$385,$127,$0,$2,$17,$144,$0,$-14,$0,$241,$385,$13,$13,$11,$24,$0,$0,$-1,$11,$17,$55,$-19,$0,$0,$0,$-46,$-46,$0,$-65,$0,$0,$0,$13,$13,$0,$5,$17,$7,$15,$0
9,2016-06-30,29.81,$6.43,4.64,$4.78,6.24,$2.91,10.24,$0.47,63.43,$0.26B,$0.13B,2.08,$0.00B,$0.23B,0.0,$0.18B,$0.14B,80.00%,$0.18B,$0.03B,16.11%,$0.18B,$0.03B,16.11%,$0.18B,$0.05B,25.00%,$0.18B,$0.03B,16.11%,$0.18B,$0.02B,10.00%,$0.02B,$0.23B,8.83%,$0.02B,$0.23B,8.90%,$0.02B,$0.37B,5.40%,$0.03B,$0.23B,14.23%,$48,$10,$38,$9,$23,$43,$6,$0,$6,$2,$4,$4,$4,$10,$6,$35,38,$0.10,$0.09,$214,$0,$0,$262,$40,$47,$1,$2,$106,$369,$126,$0,$2,$15,$141,$0,$-19,$0,$227,$369,$8,$8,$6,$15,$2,$0,$-0,$5,$12,$34,$-9,$0,$0,$0,$-12,$-12,$0,$-21,$0,$0,$0,$9,$9,$0,$4,$13,$26,$10,$0
10,2016-03-31,25.31,$6.03,4.19,$4.54,5.57,$2.63,9.61,$0.47,53.85,$0.26B,$0.12B,2.18,$0.00B,$0.21B,0.0,$0.17B,$0.14B,80.23%,$0.17B,$0.03B,16.28%,$0.17B,$0.03B,16.28%,$0.17B,$0.04B,25.58%,$0.17B,$0.03B,16.28%,$0.17B,$0.02B,9.88%,$0.02B,$0.21B,8.95%,$0.02B,$0.21B,9.03%,$0.02B,$0.34B,5.45%,$0.03B,$0.21B,14.74%,$46,$10,$37,$8,$21,$39,$8,$0,$8,$3,$5,$5,$5,$12,$8,$35,38,$0.14,$0.13,$206,$0,$0,$256,$32,$35,$2,$2,$87,$343,$117,$0,$2,$15,$132,$0,$-23,$0,$210,$343,$5,$4,$1,$5,$-0,$0,$2,$3,$8,$17,$-4,$0,$0,$0,$3,$3,$0,$-2,$0,$0,$0,$2,$2,$0,$3,$5,$21,$5,$0
11,2015-12-31,33.09,$5.68,5.82,$4.30,7.69,$2.39,13.83,$0.42,78.79,$0.23B,$0.11B,2.04,$0.00B,$0.20B,0.0,$0.16B,$0.13B,80.37%,$0.16B,$0.03B,15.34%,$0.16B,$0.03B,15.34%,$0.16B,$0.04B,24.54%,$0.16B,$0.03B,15.34%,$0.16B,$0.02B,9.20%,$0.02B,$0.20B,8.43%,$0.02B,$0.19B,8.52%,$0.02B,$0.32B,5.09%,$0.03B,$0.20B,14.04%,$44,$9,$35,$9,$19,$37,$8,$-0,$8,$2,$5,$5,$5,$12,$8,$34,38,$0.16,$0.14,$179,$0,$0,$229,$31,$43,$2,$2,$94,$324,$112,$0,$1,$16,$128,$0,$-27,$-0,$196,$324,$16,$15,$25,$40,$-10,$0,$-3,$21,$10,$66,$-20,$0,$0,$0,$-41,$-41,$0,$-61,$0,$0,$0,$10,$10,$0,$0,$11,$15,$17,$0
12,2015-09-30,28.46,$5.32,5.35,$4.12,6.91,$1.93,14.74,$0.97,29.34,$0.23B,$0.11B,2.14,$0.00B,$0.18B,0.0,$0.16B,$0.13B,80.13%,$0.16B,$0.02B,13.46%,$0.16B,$0.02B,13.46%,$0.16B,$0.04B,22.44%,$0.16B,$0.02B,13.46%,$0.16B,$0.04B,23.08%,$0.04B,$0.18B,21.56%,$0.04B,$0.18B,21.82%,$0.04B,$0.30B,12.93%,$0.02B,$0.18B,12.57%,$42,$9,$34,$8,$19,$36,$7,$-0,$7,$3,$4,$4,$4,$11,$7,$34,38,$0.12,$0.11,$174,$0,$0,$225,$30,$26,$2,$2,$73,$298,$105,$0,$1,$11,$116,$0,$-33,$0,$182,$298,$10,$11,$18,$29,$-6,$0,$-4,$9,$2,$42,$-15,$0,$0,$0,$-15,$-15,$0,$-30,$0,$0,$0,$7,$7,$0,$0,$7,$18,$13,$0
13,2015-06-30,40.35,$5.05,7.99,$3.93,10.27,$1.62,24.87,$0.95,42.47,$0.21B,$0.10B,2.08,$0.00B,$0.17B,0.0,$0.15B,$0.12B,79.73%,$0.15B,$0.02B,12.16%,$0.15B,$0.02B,12.16%,$0.15B,$0.03B,20.95%,$0.15B,$0.02B,11.49%,$0.15B,$0.04B,23.65%,$0.04B,$0.17B,23.10%,$0.04B,$0.17B,23.45%,$0.04B,$0.28B,13.58%,$0.02B,$0.17B,11.88%,$40,$8,$32,$7,$19,$35,$5,$0,$5,$2,$3,$3,$3,$9,$5,$34,38,$0.10,$0.09,$158,$0,$0,$206,$29,$29,$2,$2,$77,$282,$99,$0,$1,$11,$110,$0,$-37,$0,$172,$282,$6,$7,$11,$18,$-2,$0,$-5,$6,$1,$26,$-11,$0,$0,$0,$-13,$-13,$0,$-24,$0,$0,$0,$6,$6,$0,$0,$6,$8,$8,$0
14,2015-03-31,46.48,$4.78,9.72,$3.77,12.34,$1.47,31.68,$0.91,51.08,$0.20B,$0.10B,1.95,$0.00B,$0.16B,0.0,$0.14B,$0.11B,79.29%,$0.14B,$0.02B,10.71%,$0.14B,$0.02B,10.71%,$0.14B,$0.03B,19.29%,$0.14B,$0.01B,10.00%,$0.14B,$0.03B,24.29%,$0.03B,$0.16B,24.91%,$0.03B,$0.16B,25.33%,$0.03B,$0.27B,14.26%,$0.02B,$0.16B,10.99%,$37,$8,$30,$7,$17,$33,$5,$-0,$5,$2,$3,$3,$3,$8,$5,$34,38,$0.09,$0.08,$143,$0,$0,$196,$28,$31,$2,$2,$78,$274,$101,$0,$1,$11,$112,$0,$-40,$0,$162,$274,$3,$3,$5,$9,$-6,$0,$-4,$6,$-2,$10,$-6,$0,$0,$0,$-6,$-6,$0,$-12,$0,$0,$0,$3,$3,$0,$0,$4,$2,$4,$0
15,2014-12-31,37.75,$4.52,8.35,$3.72,10.15,$1.72,22.0,$0.82,46.04,$0.17B,$0.10B,1.72,$0.00B,$0.15B,0.0,$0.13B,$0.11B,78.95%,$0.13B,$0.01B,7.52%,$0.13B,$0.01B,7.52%,$0.13B,$0.02B,16.54%,$0.13B,$0.01B,6.77%,$0.13B,$0.03B,23.31%,$0.03B,$0.15B,25.31%,$0.03B,$0.15B,25.78%,$0.03B,$0.26B,14.11%,$0.01B,$0.15B,8.16%,$37,$8,$29,$7,$18,$32,$4,$-1,$4,$-22,$26,$26,$26,$7,$4,$33,37,$0.79,$0.70,$127,$0,$0,$167,$27,$39,$2,$2,$93,$260,$97,$0,$1,$11,$108,$0,$-43,$0,$152,$260,$30,$12,$-12,$1,$-5,$0,$2,$11,$10,$41,$-14,$0,$0,$0,$-0,$-0,$0,$-14,$-1,$0,$-1,$8,$8,$0,$0,$7,$34,$11,$0
16,2014-09-30,26.6,$3.60,7.39,$3.54,7.51,$1.30,20.52,$0.13,204.62,$0.15B,$0.09B,1.75,$0.00B,$0.12B,0.0,$0.13B,$0.10B,79.20%,$0.13B,$0.01B,4.80%,$0.13B,$0.01B,4.80%,$0.13B,$0.02B,14.40%,$0.13B,$0.01B,4.00%,$0.13B,$0.01B,4.00%,$0.01B,$0.12B,4.54%,$0.01B,$0.12B,4.64%,$0.01B,$0.22B,2.46%,$0.01B,$0.12B,5.44%,$34,$7,$27,$6,$17,$31,$4,$-0,$3,$0,$3,$3,$3,$7,$4,$33,37,$0.09,$0.08,$113,$0,$0,$150,$25,$38,$2,$1,$66,$215,$85,$0,$1,$10,$96,$0,$-68,$-1,$120,$215,$4,$9,$7,$17,$-2,$0,$-0,$6,$4,$25,$-10,$0,$0,$0,$27,$27,$0,$17,$-1,$0,$-1,$5,$5,$0,$0,$4,$46,$7,$0
17,2014-06-30,25.67,$3.40,7.55,$3.38,7.59,$1.03,24.83,$0.08,320.88,$0.14B,$0.08B,1.74,$0.00B,$0.11B,0.0,$0.12B,$0.09B,78.15%,$0.12B,$0.00B,2.52%,$0.12B,$0.00B,2.52%,$0.12B,$0.02B,12.61%,$0.12B,$0.00B,3.36%,$0.12B,$0.00B,2.52%,$0.00B,$0.11B,2.85%,$0.00B,$0.11B,2.91%,$0.00B,$0.21B,1.54%,$0.00B,$0.11B,2.85%,$32,$7,$25,$6,$17,$31,$2,$0,$2,$0,$2,$2,$2,$5,$2,$33,37,$0.05,$0.04,$109,$0,$0,$143,$24,$34,$3,$1,$62,$205,$82,$0,$1,$10,$92,$0,$-71,$-1,$112,$205,$1,$6,$5,$11,$0,$0,$-0,$4,$3,$15,$-7,$0,$0,$0,$-12,$-12,$0,$-18,$-1,$0,$-1,$3,$3,$0,$0,$3,$-1,$5,$0
18,2014-03-31,25.43,$3.25,7.82,$3.25,7.83,$0.99,25.79,$0.05,508.6,$0.13B,$0.08B,1.6,$0.00B,$0.11B,0.0,$0.11B,$0.09B,77.88%,$0.11B,$0.00B,1.77%,$0.11B,$0.00B,1.77%,$0.11B,$0.01B,11.50%,$0.11B,$0.00B,2.65%,$0.11B,$0.00B,1.77%,$0.00B,$0.11B,1.98%,$0.00B,$0.10B,2.03%,$0.00B,$0.20B,1.06%,$0.00B,$0.11B,1.97%,$30,$7,$24,$6,$17,$31,$-0,$0,$-0,$0,$-0,$-0,$-0,$3,$-0,$33,33,$-0.01,$-0.01,$106,$0,$0,$132,$24,$39,$3,$1,$67,$199,$82,$0,$1,$10,$93,$0,$-73,$-1,$106,$199,$-0,$3,$2,$5,$7,$0,$0,$4,$10,$15,$-4,$0,$0,$0,$-6,$-6,$0,$-10,$-0,$0,$-0,$1,$1,$0,$0,$1,$6,$2,$0
19,2013-12-31,23.11,$3.19,7.26,$3.11,7.44,$0.84,27.45,$0.04,577.75,$0.13B,$0.08B,1.65,$0.00B,$0.10B,0.0,$0.11B,$0.08B,76.85%,$0.11B,$0.00B,1.85%,$0.11B,$0.00B,1.85%,$0.11B,$0.01B,11.11%,$0.11B,$0.00B,1.85%,$0.11B,$0.00B,0.93%,$0.00B,$0.10B,1.02%,$0.00B,$0.10B,1.05%,$0.00B,$0.19B,0.55%,$0.00B,$0.10B,2.04%,$29,$7,$23,$6,$16,$29,$0,$-0,$0,$0,$-0,$-0,$-0,$3,$0,$32,36,$0.00,$0.00,$97,$0,$0,$130,$23,$36,$3,$1,$62,$193,$79,$0,$1,$10,$89,$0,$-74,$0,$103,$193,$2,$10,$6,$16,$-4,$0,$-0,$12,$8,$25,$-14,$0,$0,$0,$-7,$-7,$0,$-21,$-1,$0,$-1,$4,$4,$0,$0,$3,$7,$6,$0
20,2013-09-30,21.39,$3.12,6.86,$3.17,6.75,$0.90,23.71,$0.07,305.57,$0.13B,$0.07B,1.83,$0.00B,$0.10B,0.0,$0.10B,$0.08B,76.92%,$0.10B,$0.00B,3.85%,$0.10B,$0.00B,3.85%,$0.10B,$0.01B,12.50%,$0.10B,$0.00B,2.88%,$0.10B,$0.00B,1.92%,$0.00B,$0.10B,2.10%,$0.00B,$0.10B,2.17%,$0.00B,$0.18B,1.13%,$0.00B,$0.10B,4.19%,$28,$6,$21,$5,$15,$26,$1,$0,$2,$0,$1,$1,$1,$4,$1,$32,36,$0.04,$0.04,$101,$0,$0,$131,$22,$25,$3,$1,$51,$182,$72,$0,$1,$10,$81,$0,$-73,$-1,$100,$182,$2,$7,$4,$11,$-1,$0,$-1,$5,$2,$15,$-10,$0,$0,$0,$-0,$-0,$0,$-10,$-1,$0,$-1,$3,$3,$0,$0,$3,$7,$4,$0
21,2013-06-30,16.12,$3.01,5.36,$3.28,4.91,$0.87,18.62,$0.09,179.11,$0.13B,$0.07B,1.82,$0.00B,$0.10B,0.0,$0.10B,$0.08B,78.79%,$0.10B,$0.01B,5.05%,$0.10B,$0.01B,5.05%,$0.10B,$0.01B,13.13%,$0.10B,$0.00B,3.03%,$0.10B,$0.00B,1.01%,$0.00B,$0.10B,1.40%,$0.00B,$0.09B,1.47%,$0.00B,$0.18B,0.67%,$0.01B,$0.10B,6.94%,$26,$6,$20,$5,$14,$25,$1,$0,$1,$0,$1,$1,$1,$3,$1,$32,35,$0.03,$0.02,$106,$0,$0,$134,$23,$20,$3,$1,$46,$180,$74,$0,$1,$10,$84,$0,$-74,$-1,$96,$180,$0,$5,$2,$7,$2,$0,$0,$3,$6,$13,$-6,$0,$0,$0,$26,$26,$0,$19,$-1,$0,$-1,$2,$2,$0,$0,$2,$34,$2,$0
