,Date,Stock Price,Book Value per Share,Price to Book Ratio,TTM Sales per Share,Price to Sales Ratio,TTM FCF per Share,Price to FCF Ratio,TTM Net EPS,PE Ratio,Current Assets,Current Liabilities,Current Ratio,Long Term Debt,Shareholder's Equity_x,Debt to Equity Ratio,TTM Revenue_x,TTM Gross Profit,Gross Margin,TTM Revenue_y,TTM Operating Income,Operating Margin,TTM Revenue_x,TTM EBIT,EBIT Margin,TTM Revenue_y,TTM EBITDA,EBITDA Margin,TTM Revenue_x,TTM Pre-Tax Income,Pre-Tax Margin,TTM Revenue_y,TTM Net Income_x,Net Margin,TTM Net Income_y,Shareholder's Equity_y,Return on Equity,TTM Net Income_x,Tangible Equity,Return on Tangible Equity,TTM Net Income_y,Total Assets,Return on Assets,TTM Net Income,LT Investments & Debt,Return on Investment,revenue,cost-goods-sold,gross-profit,research-development-expenses,selling-general-administrative-expenses,operating-expenses,operating-income,total-non-operating-income-expense,pre-tax-income,total-provision-income-taxes,income-after-taxes,income-from-continuous-operations,net-income,ebitda,ebit,basic-shares-outstanding,shares-outstanding,eps-basic-net-earnings-per-share,eps-earnings-per-share-diluted,cash-on-hand,inventory,other-current-assets,total-current-assets,net-property-plant-equipment,long-term-investments,goodwill-intangible-assets-total,other-long-term-assets,total-long-term-assets,total-assets,total-current-liabilities,long-term-debt,other-non-current-liabilities,total-long-term-liabilities,total-liabilities,common-stock-net,retained-earnings-accumulated-deficit,comprehensive-income,total-share-holder-equity,total-liabilities-share-holders-equity,net-income-loss,total-depreciation-amortization-cash-flow,other-non-cash-items,total-non-cash-items,change-in-accounts-receivable,change-in-inventories,change-in-accounts-payable,change-in-assets-liabilities,total-change-in-assets-liabilities,cash-flow-from-operating-activities,net-change-in-property-plant-equipment,net-change-in-intangible-assets,net-acquisitions-divestitures,net-change-in-short-term-investments,net-change-in-long-term-investments,net-change-in-investments-total,investing-activities-other,cash-flow-from-investing-activities,net-long-term-debt,net-current-debt,debt-issuance-retirement-net-total,net-common-equity-issued-repurchased,net-total-equity-issued-repurchased,total-common-preferred-stock-dividends-paid,financial-activities-other,cash-flow-from-financial-activities,net-cash-flow,stock-based-compensation,common-stock-dividends-paid
0,2018-09-30,13.57,$3.11,4.36,$8.45,1.61,$1.20,11.33,$0.38,35.71,$0.14B,$0.07B,2.14,$0.00B,$0.15B,0.0,$0.43B,$0.06B,14.65%,$0.43B,$0.02B,4.65%,$0.43B,$0.02B,4.65%,$0.43B,$0.03B,6.05%,$0.43B,$0.02B,4.65%,$0.43B,$0.02B,4.42%,$0.02B,$0.15B,13.57%,$0.02B,$0.08B,27.74%,$0.02B,$0.22B,9.12%,$0.02B,$0.15B,14.29%,$113,$97,$16,$3,$7,$108,$5,$-0,$5,$0,$5,$5,$5,$7,$5,$49,52,$0.11,$0.10,$71,$0,$0,$141,$4,$0,$70,$7,$82,$223,$66,$0,$4,$4,$70,$0,$-124,$-0,$153,$223,$5,$2,$3,$5,$3,$0,$2,$-0,$0,$10,$-0,$-1,$0,$0,$0,$0,$0,$-1,$0,$0,$0,$2,$2,$0,$-6,$-4,$6,$3,$0
1,2018-06-30,12.7,$3.08,4.12,$8.17,1.55,$1.06,12.02,$0.31,40.97,$0.14B,$0.07B,2.02,$0.00B,$0.15B,0.0,$0.40B,$0.06B,14.36%,$0.40B,$0.02B,3.96%,$0.40B,$0.02B,3.96%,$0.40B,$0.02B,5.69%,$0.40B,$0.02B,3.96%,$0.40B,$0.02B,3.71%,$0.02B,$0.15B,11.36%,$0.02B,$0.08B,23.72%,$0.02B,$0.22B,7.60%,$0.02B,$0.15B,12.12%,$112,$95,$17,$3,$7,$105,$6,$-0,$6,$0,$5,$5,$5,$8,$6,$46,50,$0.12,$0.11,$65,$0,$0,$138,$4,$0,$71,$8,$83,$220,$68,$0,$4,$4,$72,$0,$-129,$-0,$148,$220,$16,$8,$10,$17,$-25,$0,$7,$3,$-6,$27,$-1,$-2,$-14,$0,$0,$0,$1,$-16,$0,$0,$0,$10,$10,$0,$-6,$4,$15,$10,$0
2,2018-03-31,12.77,$2.85,4.49,$7.72,1.65,$0.91,14.05,$0.18,70.94,$0.12B,$0.07B,1.77,$0.00B,$0.13B,0.0,$0.37B,$0.05B,13.90%,$0.37B,$0.01B,3.21%,$0.37B,$0.01B,3.21%,$0.37B,$0.02B,5.08%,$0.37B,$0.01B,2.41%,$0.37B,$0.01B,2.41%,$0.01B,$0.13B,7.23%,$0.01B,$0.06B,15.38%,$0.01B,$0.21B,4.85%,$0.01B,$0.13B,9.64%,$118,$100,$18,$4,$8,$111,$7,$1,$7,$0,$7,$7,$7,$8,$7,$47,51,$0.15,$0.14,$47,$0,$0,$123,$4,$0,$72,$8,$84,$207,$70,$0,$4,$4,$73,$0,$-135,$-0,$134,$207,$11,$6,$7,$13,$-25,$0,$5,$-1,$-8,$15,$-0,$-2,$-14,$0,$0,$0,$1,$-15,$0,$0,$0,$3,$3,$0,$-5,$-3,$-2,$8,$0
3,2017-12-31,8.38,$2.70,3.1,$7.15,1.17,$0.78,10.78,$0.05,167.6,$0.10B,$0.06B,1.75,$0.00B,$0.13B,0.0,$0.34B,$0.04B,13.13%,$0.34B,$0.01B,1.49%,$0.34B,$0.01B,1.49%,$0.34B,$0.01B,4.18%,$0.34B,$0.00B,0.90%,$0.34B,$0.00B,0.90%,$0.00B,$0.13B,2.49%,$0.00B,$0.05B,5.24%,$0.00B,$0.18B,1.70%,$0.01B,$0.13B,4.15%,$87,$75,$12,$3,$7,$86,$2,$0,$2,$-0,$2,$2,$2,$3,$2,$46,50,$0.04,$0.04,$42,$0,$0,$98,$5,$0,$73,$8,$85,$183,$56,$0,$2,$2,$58,$0,$-142,$-0,$125,$183,$3,$4,$5,$9,$-5,$0,$0,$-2,$-3,$10,$-0,$-1,$-14,$0,$0,$0,$0,$-15,$0,$0,$0,$0,$0,$0,$-2,$-2,$-7,$5,$0
4,2017-09-30,7.35,$2.65,2.77,$6.83,1.08,$0.62,11.85,$-0.16,0.0,$0.11B,$0.05B,1.96,$0.00B,$0.12B,0.0,$0.31B,$0.04B,11.46%,$0.31B,$-0.01B,-1.59%,$0.31B,$-0.01B,-1.59%,$0.31B,$0.01B,1.91%,$0.31B,$-0.01B,-2.23%,$0.31B,$-0.01B,-2.23%,$-0.01B,$0.12B,-5.91%,$-0.01B,$0.06B,-12.12%,$-0.01B,$0.18B,-4.06%,$-0.01B,$0.12B,-4.22%,$87,$76,$11,$3,$7,$86,$1,$0,$1,$-0,$1,$1,$1,$4,$1,$46,47,$0.03,$0.03,$50,$0,$0,$106,$5,$0,$59,$8,$73,$179,$54,$0,$4,$4,$58,$0,$-144,$-0,$121,$179,$1,$2,$3,$5,$-5,$0,$2,$-1,$-4,$2,$-0,$-1,$0,$0,$0,$0,$0,$-1,$0,$0,$0,$-0,$-0,$0,$-1,$-1,$1,$2,$0
5,2017-06-30,4.17,$2.60,1.6,$6.56,0.64,$0.59,7.06,$-0.27,0.0,$0.10B,$0.05B,1.9,$0.00B,$0.12B,0.0,$0.30B,$0.03B,10.33%,$0.30B,$-0.01B,-3.67%,$0.30B,$-0.01B,-3.67%,$0.30B,0,0.00%,$0.30B,$-0.01B,-4.33%,$0.30B,$-0.01B,-4.00%,$-0.01B,$0.12B,-10.06%,$-0.01B,$0.06B,-21.05%,$-0.01B,$0.17B,-6.88%,$-0.01B,$0.12B,-9.22%,$82,$71,$11,$3,$6,$80,$2,$-3,$-1,$0,$-1,$-1,$-1,$4,$2,$46,46,$-0.03,$-0.03,$50,$0,$0,$100,$6,$0,$60,$9,$74,$174,$53,$0,$4,$4,$56,$0,$-145,$-0,$118,$174,$-12,$11,$11,$23,$3,$0,$5,$1,$8,$19,$-1,$-2,$0,$0,$0,$0,$-1,$-4,$-15,$0,$-15,$-2,$-2,$0,$-1,$-19,$-4,$9,$0
6,2017-03-31,3.9,$2.60,1.5,$6.53,0.6,$0.19,20.42,$-0.30,0.0,$0.09B,$0.05B,1.91,$0.00B,$0.12B,0.0,$0.30B,$0.03B,9.09%,$0.30B,$-0.02B,-5.72%,$0.30B,$-0.02B,-5.72%,$0.30B,$-0.00B,-1.35%,$0.30B,$-0.02B,-5.39%,$0.30B,$-0.01B,-4.71%,$-0.01B,$0.12B,-11.57%,$-0.01B,$0.06B,-24.45%,$-0.01B,$0.17B,-7.81%,$-0.02B,$0.12B,-14.05%,$79,$69,$10,$3,$6,$79,$0,$0,$1,$-0,$1,$1,$1,$3,$0,$46,46,$0.01,$0.01,$42,$0,$0,$92,$6,$0,$61,$10,$78,$170,$48,$0,$4,$4,$52,$0,$-144,$-0,$118,$170,$-11,$9,$7,$16,$4,$0,$1,$-0,$3,$8,$-1,$-2,$0,$0,$0,$0,$0,$-3,$-15,$0,$-15,$-2,$-2,$0,$-1,$-18,$-12,$7,$0
7,2016-12-31,3.76,$2.56,1.47,$6.59,0.57,$0.01,259.31,$-0.37,0.0,$0.09B,$0.05B,1.9,$0.00B,$0.12B,0.0,$0.30B,$0.03B,8.36%,$0.30B,$-0.02B,-6.69%,$0.30B,$-0.02B,-6.69%,$0.30B,$-0.01B,-2.01%,$0.30B,$-0.02B,-6.69%,$0.30B,$-0.02B,-6.02%,$-0.02B,$0.12B,-14.63%,$-0.02B,$0.05B,-31.44%,$-0.02B,$0.17B,-9.64%,$-0.02B,$0.12B,-15.78%,$66,$62,$4,$3,$6,$73,$-8,$-0,$-8,$0,$-8,$-8,$-8,$-5,$-8,$46,46,$-0.17,$-0.17,$37,$0,$0,$85,$7,$0,$63,$11,$81,$166,$45,$0,$4,$4,$49,$0,$-144,$-0,$117,$166,$-11,$6,$5,$11,$6,$0,$1,$0,$2,$2,$-1,$-1,$0,$0,$0,$0,$0,$-2,$-15,$0,$-15,$-1,$-1,$0,$-1,$-17,$-16,$5,$0
8,2016-09-30,3.02,$2.70,1.12,$6.59,0.46,$-0.15,0.0,$-0.33,0.0,$0.11B,$0.06B,1.75,$0.00B,$0.12B,0.0,$0.30B,$0.03B,8.72%,$0.30B,$-0.02B,-6.04%,$0.30B,$-0.02B,-6.04%,$0.30B,$-0.00B,-1.34%,$0.30B,$-0.02B,-6.04%,$0.30B,$-0.02B,-5.37%,$-0.02B,$0.12B,-12.75%,$-0.02B,$0.06B,-27.71%,$-0.02B,$0.19B,-8.31%,$-0.02B,$0.12B,-13.53%,$73,$68,$6,$4,$7,$78,$-5,$0,$-5,$-1,$-4,$-4,$-4,$-2,$-5,$46,46,$-0.08,$-0.08,$54,$0,$0,$106,$7,$0,$64,$11,$83,$188,$60,$0,$5,$5,$65,$0,$-136,$-0,$124,$188,$-4,$3,$3,$6,$3,$0,$1,$-1,$-1,$1,$-0,$-1,$0,$0,$0,$0,$0,$-1,$0,$0,$0,$0,$0,$0,$-0,$-0,$-0,$3,$0
9,2016-06-30,3.55,$2.74,1.3,$6.60,0.54,$-0.11,0.0,$-0.39,0.0,$0.11B,$0.06B,1.7,$0.00B,$0.13B,0.0,$0.30B,$0.03B,8.75%,$0.30B,$-0.02B,-6.40%,$0.30B,$-0.02B,-6.40%,$0.30B,$-0.00B,-1.35%,$0.30B,$-0.02B,-6.40%,$0.30B,$-0.02B,-6.06%,$-0.02B,$0.13B,-14.15%,$-0.02B,$0.06B,-31.30%,$-0.02B,$0.19B,-9.24%,$-0.02B,$0.13B,-13.72%,$79,$72,$7,$4,$7,$83,$-4,$-0,$-4,$-0,$-3,$-3,$-3,$0,$-4,$45,45,$-0.08,$-0.08,$54,$0,$0,$108,$8,$0,$66,$11,$85,$193,$64,$0,$5,$5,$68,$0,$-133,$-0,$125,$193,$-19,$15,$11,$26,$-2,$0,$-1,$-4,$-6,$1,$-2,$-3,$0,$0,$0,$0,$0,$-5,$0,$-0,$-0,$0,$0,$0,$-2,$-2,$-7,$11,$0
10,2016-03-31,3.42,$2.77,1.23,$6.44,0.53,$0.05,67.59,$-0.44,0.0,$0.11B,$0.05B,2.09,$0.02B,$0.13B,0.12,$0.29B,$0.03B,9.34%,$0.29B,$-0.02B,-6.57%,$0.29B,$-0.02B,-6.57%,$0.29B,$-0.00B,-1.38%,$0.29B,$-0.02B,-6.92%,$0.29B,$-0.02B,-6.92%,$-0.02B,$0.13B,-15.38%,$-0.02B,$0.06B,-34.63%,$-0.02B,$0.20B,-10.11%,$-0.02B,$0.14B,-13.10%,$81,$73,$8,$4,$7,$84,$-3,$-0,$-3,$0,$-3,$-3,$-3,$1,$-3,$45,45,$-0.07,$-0.07,$55,$0,$0,$111,$8,$0,$68,$12,$88,$200,$53,$15,$5,$20,$74,$0,$-128,$-0,$126,$200,$-16,$11,$9,$20,$-4,$0,$2,$-5,$-4,$1,$-2,$-3,$0,$0,$0,$0,$-0,$-4,$0,$0,$0,$0,$0,$0,$-2,$-2,$-6,$8,$0
11,2015-12-31,4.29,$2.80,1.53,$6.34,0.68,$0.19,22.51,$-0.45,0.0,$0.10B,$0.04B,2.34,$0.02B,$0.13B,0.12,$0.28B,$0.03B,10.25%,$0.28B,$-0.02B,-6.71%,$0.28B,$-0.02B,-6.71%,$0.28B,$-0.00B,-1.06%,$0.28B,$-0.02B,-7.07%,$0.28B,$-0.02B,-7.07%,$-0.02B,$0.13B,-15.04%,$-0.02B,$0.06B,-34.04%,$-0.02B,$0.19B,-9.41%,$-0.02B,$0.14B,-12.22%,$65,$60,$5,$4,$7,$71,$-6,$-0,$-6,$0,$-6,$-6,$-6,$-3,$-6,$45,45,$-0.14,$-0.14,$51,$0,$0,$98,$9,$0,$70,$12,$91,$189,$42,$15,$6,$21,$63,$0,$-126,$-0,$127,$189,$-13,$8,$6,$14,$5,$0,$-3,$-4,$-6,$-5,$-1,$-2,$0,$0,$0,$0,$0,$-3,$0,$0,$0,$0,$0,$0,$-2,$-2,$-10,$6,$0
12,2015-09-30,5.55,$2.90,1.91,$6.40,0.87,$0.36,15.53,$-0.44,0.0,$0.11B,$0.05B,2.46,$0.02B,$0.13B,0.12,$0.29B,$0.03B,10.53%,$0.29B,$-0.02B,-6.32%,$0.29B,$-0.02B,-6.32%,$0.29B,0,0.00%,$0.29B,$-0.02B,-7.02%,$0.29B,$-0.02B,-6.67%,$-0.02B,$0.13B,-13.97%,$-0.02B,$0.06B,-31.93%,$-0.02B,$0.20B,-8.25%,$-0.02B,$0.15B,-10.76%,$72,$66,$6,$4,$8,$78,$-6,$-0,$-6,$0,$-6,$-6,$-6,$-2,$-6,$45,45,$-0.14,$-0.14,$61,$0,$0,$113,$9,$0,$73,$3,$84,$197,$46,$15,$6,$21,$67,$0,$-119,$-0,$131,$197,$-6,$4,$3,$7,$0,$0,$-1,$5,$3,$3,$-0,$-1,$0,$0,$0,$0,$0,$-2,$0,$0,$0,$0,$0,$0,$-1,$-1,$0,$3,$0
13,2015-06-30,6.45,$3.04,2.12,$6.35,1.02,$0.23,28.23,$-0.44,0.0,$0.12B,$0.05B,2.42,$0.02B,$0.14B,0.11,$0.28B,$0.03B,10.64%,$0.28B,$-0.02B,-6.74%,$0.28B,$-0.02B,-6.74%,$0.28B,0,0.00%,$0.28B,$-0.02B,-7.09%,$0.28B,$-0.02B,-6.74%,$-0.02B,$0.14B,-13.69%,$-0.02B,$0.06B,-31.80%,$-0.02B,$0.21B,-7.68%,$-0.02B,$0.15B,-10.56%,$71,$63,$8,$4,$7,$75,$-4,$-1,$-5,$-0,$-5,$-5,$-5,$0,$-4,$44,44,$-0.12,$-0.12,$60,$0,$0,$118,$9,$0,$75,$3,$87,$205,$49,$15,$6,$21,$70,$0,$-113,$-0,$136,$205,$-20,$19,$10,$28,$-4,$0,$2,$-0,$-2,$6,$0,$-2,$-1,$36,$0,$36,$-0,$33,$-63,$-0,$-63,$1,$1,$0,$-1,$-63,$-24,$10,$0
14,2015-03-31,5.95,$3.10,1.92,$6.31,0.94,$0.40,14.96,$-0.47,0.0,$0.17B,$0.07B,2.42,$0.05B,$0.14B,0.33,$0.28B,$0.03B,10.39%,$0.28B,$-0.12B,-41.94%,$0.28B,$-0.12B,-41.94%,$0.28B,$-0.10B,-34.41%,$0.28B,$-0.12B,-41.94%,$0.28B,$-0.11B,-40.50%,$-0.11B,$0.14B,-80.14%,$-0.11B,$0.06B,-190.72%,$-0.11B,$0.26B,-42.60%,$-0.12B,$0.18B,-60.47%,$75,$65,$10,$5,$8,$78,$-3,$-1,$-3,$-0,$-3,$-3,$-3,$2,$-3,$45,45,$-0.07,$-0.07,$114,$0,$0,$171,$9,$0,$77,$1,$88,$259,$71,$45,$6,$50,$121,$0,$-108,$-1,$138,$259,$-15,$15,$5,$19,$-3,$0,$2,$-1,$0,$5,$1,$-1,$0,$39,$0,$39,$0,$38,$-13,$-0,$-13,$1,$1,$0,$-1,$-13,$30,$7,$0
15,2014-12-31,6.07,$3.12,1.94,$6.27,0.97,$0.46,13.06,$-0.46,0.0,$0.17B,$0.07B,2.56,$0.05B,$0.14B,0.36,$0.28B,$0.03B,10.51%,$0.28B,$-0.12B,-42.39%,$0.28B,$-0.12B,-42.39%,$0.28B,$-0.09B,-34.06%,$0.28B,$-0.12B,-42.75%,$0.28B,$-0.11B,-40.94%,$-0.11B,$0.14B,-67.87%,$-0.11B,$0.06B,-197.38%,$-0.11B,$0.26B,-38.44%,$-0.12B,$0.19B,-52.29%,$67,$60,$6,$4,$7,$72,$-5,$-0,$-6,$-0,$-5,$-5,$-5,$-0,$-5,$44,44,$-0.12,$-0.12,$116,$0,$0,$169,$9,$0,$80,$0,$91,$260,$66,$50,$6,$55,$121,$0,$-105,$-1,$139,$260,$-12,$10,$2,$13,$0,$0,$3,$-0,$-1,$1,$1,$-1,$0,$11,$0,$11,$0,$11,$-8,$-0,$-8,$1,$1,$0,$-1,$-7,$4,$5,$0
16,2014-09-30,4.15,$3.20,1.3,$6.29,0.66,$0.57,7.24,$-1.35,0.0,$0.17B,$0.06B,2.7,$0.06B,$0.14B,0.39,$0.28B,$0.03B,12.00%,$0.28B,$-0.12B,-41.82%,$0.28B,$-0.12B,-41.82%,$0.28B,$-0.09B,-32.73%,$0.28B,$-0.12B,-42.18%,$0.28B,$-0.15B,-55.27%,$-0.15B,$0.14B,-79.27%,$-0.15B,$0.06B,-278.90%,$-0.15B,$0.27B,-47.17%,$-0.12B,$0.20B,-45.28%,$69,$63,$6,$5,$8,$77,$-7,$1,$-6,$0,$-6,$-6,$-6,$-2,$-7,$44,44,$-0.14,$-0.14,$116,$0,$0,$170,$10,$0,$83,$1,$95,$265,$63,$55,$6,$60,$123,$0,$-100,$-1,$142,$265,$-6,$5,$0,$6,$1,$0,$1,$-1,$-3,$-4,$1,$-0,$0,$-1,$0,$-1,$0,$-1,$-4,$-0,$-4,$1,$1,$0,$-0,$-4,$-8,$2,$0
17,2014-06-30,5.51,$3.30,1.67,$6.51,0.85,$0.70,7.85,$-1.23,0.0,$0.18B,$0.07B,2.67,$0.06B,$0.15B,0.41,$0.28B,$0.04B,14.13%,$0.28B,$-0.11B,-38.16%,$0.28B,$-0.11B,-38.16%,$0.28B,$-0.08B,-28.62%,$0.28B,$-0.11B,-39.22%,$0.28B,$-0.15B,-51.94%,$-0.15B,$0.15B,-64.90%,$-0.15B,$0.06B,-240.98%,$-0.15B,$0.28B,-40.55%,$-0.11B,$0.21B,-36.83%,$68,$61,$7,$5,$9,$170,$-102,$1,$-102,$-3,$-99,$-99,$-99,$-96,$-102,$44,44,$-2.27,$-2.27,$123,$0,$0,$177,$11,$0,$87,$0,$100,$277,$66,$60,$6,$65,$132,$0,$-93,$-1,$145,$277,$-146,$26,$149,$175,$-3,$0,$1,$-8,$-11,$18,$-5,$-5,$-1,$0,$0,$0,$-0,$-11,$-13,$-3,$-15,$3,$3,$0,$-1,$-14,$-6,$10,$0
18,2014-03-31,6.64,$5.50,1.21,$6.73,0.99,$1.55,4.29,$-1.13,0.0,$0.17B,$0.06B,2.68,$0.07B,$0.24B,0.27,$0.29B,$0.05B,16.49%,$0.29B,$-0.00B,-1.37%,$0.29B,$-0.00B,-1.37%,$0.29B,$0.02B,8.25%,$0.29B,$-0.01B,-2.75%,$0.29B,$-0.05B,-17.18%,$-0.05B,$0.24B,-19.23%,$-0.05B,$0.05B,-75.76%,$-0.05B,$0.37B,-12.48%,$-0.00B,$0.30B,-1.21%,$72,$62,$10,$5,$8,$75,$-3,$-1,$-4,$-1,$-3,$-3,$-3,$4,$-3,$44,44,$-0.06,$-0.06,$120,$0,$0,$171,$11,$0,$187,$1,$203,$374,$64,$65,$6,$71,$134,$0,$5,$-1,$240,$374,$-48,$20,$49,$69,$-3,$0,$1,$-5,$-9,$13,$-5,$-5,$-1,$-1,$0,$-1,$0,$-11,$-9,$-3,$-11,$2,$2,$0,$-1,$-10,$-8,$8,$0
19,2013-12-31,8.69,$5.52,1.57,$6.92,1.26,$2.05,4.24,$-1.12,0.0,$0.16B,$0.06B,2.85,$0.07B,$0.24B,0.29,$0.30B,$0.05B,17.79%,$0.30B,$0.00B,0.34%,$0.30B,$0.00B,0.34%,$0.30B,$0.03B,9.73%,$0.30B,$-0.00B,-1.34%,$0.30B,$-0.05B,-16.44%,$-0.05B,$0.24B,-18.20%,$-0.05B,$0.05B,-69.75%,$-0.05B,$0.37B,-11.83%,$0.00B,$0.31B,0.29%,$66,$56,$10,$5,$8,$69,$-3,$-1,$-4,$40,$-44,$-44,$-44,$4,$-3,$43,43,$-1.01,$-1.01,$122,$0,$0,$164,$11,$0,$192,$1,$210,$373,$57,$69,$6,$76,$133,$0,$8,$-1,$240,$373,$-45,$13,$46,$59,$4,$0,$-0,$-2,$-4,$10,$-4,$-4,$-1,$-2,$0,$-2,$0,$-11,$-5,$-2,$-7,$2,$2,$0,$-1,$-6,$-7,$6,$0
20,2013-09-30,9.44,$6.49,1.45,$7.08,1.33,$2.39,3.94,$-0.10,0.0,$0.18B,$0.07B,2.71,$0.07B,$0.28B,0.26,$0.30B,$0.05B,17.43%,$0.30B,$-0.09B,-29.61%,$0.30B,$-0.09B,-29.61%,$0.30B,$-0.06B,-19.41%,$0.30B,$-0.10B,-31.58%,$0.30B,$-0.07B,-22.37%,$-0.07B,$0.28B,-24.44%,$-0.07B,$0.09B,-91.89%,$-0.07B,$0.43B,-15.90%,$-0.09B,$0.35B,-25.19%,$77,$64,$13,$5,$8,$77,$-0,$-1,$-1,$-0,$-1,$-1,$-1,$7,$-0,$43,43,$-0.02,$-0.02,$127,$0,$0,$178,$11,$0,$196,$1,$248,$426,$66,$73,$6,$79,$145,$0,$52,$-1,$281,$426,$-1,$7,$3,$10,$-2,$0,$2,$-0,$-5,$4,$-1,$-1,$0,$-1,$0,$-1,$0,$-3,$-3,$-1,$-3,$1,$1,$0,$-1,$-3,$-2,$3,$0
21,2013-06-30,8.63,$6.50,1.33,$7.13,1.21,$2.57,3.36,$-0.08,0.0,$0.18B,$0.07B,2.67,$0.08B,$0.28B,0.28,$0.31B,$0.05B,17.32%,$0.31B,$-0.09B,-29.08%,$0.31B,$-0.09B,-29.08%,$0.31B,$-0.06B,-18.63%,$0.31B,$-0.10B,-31.05%,$0.31B,$-0.07B,-21.90%,$-0.07B,$0.28B,-22.95%,$-0.07B,$0.08B,-112.61%,$-0.07B,$0.43B,-15.10%,$-0.09B,$0.36B,-23.73%,$76,$61,$15,$5,$8,$73,$2,$-1,$1,$3,$-2,$-2,$-2,$9,$2,$43,43,$-0.04,$-0.04,$128,$0,$0,$178,$10,$0,$201,$1,$252,$430,$67,$77,$6,$84,$151,$0,$53,$-1,$279,$430,$-67,$32,$73,$106,$15,$0,$-5,$3,$12,$51,$-1,$-5,$0,$-1,$0,$-1,$0,$-7,$-8,$-8,$-16,$-6,$-6,$0,$-0,$-22,$22,$12,$0
22,2013-03-31,5.97,$6.46,0.92,$7.19,0.83,$2.36,2.53,$-0.04,0.0,$0.18B,$0.06B,2.77,$0.08B,$0.28B,0.29,$0.32B,$0.06B,18.04%,$0.32B,$-0.09B,-27.53%,$0.32B,$-0.09B,-27.53%,$0.32B,$-0.05B,-17.09%,$0.32B,$-0.09B,-29.43%,$0.32B,$-0.07B,-20.57%,$-0.07B,$0.28B,-21.19%,$-0.07B,$0.07B,-142.08%,$-0.07B,$0.43B,-14.04%,$-0.09B,$0.36B,-22.10%,$79,$64,$15,$5,$8,$77,$2,$-2,$0,$3,$-2,$-2,$-2,$9,$2,$43,43,$-0.05,$-0.05,$114,$0,$0,$176,$8,$0,$206,$1,$252,$428,$64,$81,$7,$88,$152,$0,$55,$-1,$277,$428,$-66,$26,$72,$98,$9,$0,$-6,$-2,$-1,$31,$-1,$-4,$0,$-1,$0,$-1,$0,$-7,$-5,$-6,$-11,$-6,$-6,$0,$-0,$-17,$7,$9,$0
23,2012-12-31,6.72,$6.44,1.04,$7.37,0.91,$2.54,2.64,$0.07,96.0,$0.17B,$0.06B,2.82,$0.09B,$0.28B,0.31,$0.33B,$0.06B,19.09%,$0.33B,$-0.08B,-25.15%,$0.33B,$-0.08B,-25.15%,$0.33B,$-0.05B,-14.85%,$0.33B,$-0.09B,-26.67%,$0.33B,$-0.06B,-18.18%,$-0.06B,$0.28B,-18.53%,$-0.06B,$0.06B,-169.01%,$-0.06B,$0.43B,-12.38%,$-0.08B,$0.36B,-20.04%,$72,$62,$10,$5,$8,$166,$-94,$-1,$-96,$-32,$-63,$-63,$-63,$-84,$-94,$43,43,$-1.48,$-1.48,$108,$0,$0,$169,$8,$0,$212,$1,$258,$427,$60,$85,$7,$92,$152,$0,$57,$-2,$276,$427,$-64,$18,$69,$88,$12,$0,$-4,$-5,$-3,$22,$-1,$-4,$0,$-3,$0,$-3,$0,$-8,$-3,$-5,$-8,$-6,$-6,$0,$-0,$-14,$-0,$6,$0
24,2012-09-30,8.39,$7.85,1.07,$7.59,1.11,$2.55,3.29,$0.15,55.93,$0.16B,$0.06B,2.81,$0.09B,$0.34B,0.27,$0.35B,$0.08B,21.49%,$0.35B,$0.02B,5.44%,$0.35B,$0.02B,5.44%,$0.35B,$0.05B,14.61%,$0.35B,$0.02B,4.30%,$0.35B,$0.01B,2.01%,$0.01B,$0.34B,2.03%,$0.01B,$0.03B,21.05%,$0.01B,$0.49B,1.37%,$0.02B,$0.43B,4.34%,$79,$65,$13,$5,$8,$78,$1,$-1,$-0,$0,$-0,$-0,$-0,$9,$1,$43,43,$-0.00,$-0.00,$104,$0,$0,$164,$8,$0,$309,$1,$326,$490,$58,$89,$7,$96,$154,$0,$120,$-2,$336,$490,$-0,$8,$3,$11,$8,$0,$-3,$0,$-0,$10,$-0,$-1,$0,$-3,$0,$-3,$0,$-4,$-1,$-4,$-5,$-6,$-6,$0,$-0,$-11,$-4,$3,$0
25,2012-06-30,9.26,$7.83,1.18,$7.82,1.18,$2.52,3.68,$0.26,35.62,$0.17B,$0.07B,2.47,$0.09B,$0.34B,0.27,$0.37B,$0.09B,23.45%,$0.37B,$0.03B,7.55%,$0.37B,$0.03B,7.55%,$0.37B,$0.06B,15.90%,$0.37B,$0.02B,6.47%,$0.37B,$0.01B,3.23%,$0.01B,$0.34B,3.41%,$0.01B,$0.02B,28.07%,$0.01B,$0.51B,2.30%,$0.03B,$0.43B,6.29%,$86,$67,$19,$5,$10,$82,$4,$-1,$3,$3,$0,$0,$0,$12,$4,$46,47,$0.01,$0.02,$105,$0,$0,$174,$9,$0,$315,$1,$334,$507,$70,$92,$6,$98,$169,$0,$120,$-1,$338,$507,$13,$31,$16,$47,$-2,$0,$-0,$-4,$-14,$46,$-2,$-2,$-60,$-2,$0,$-2,$0,$-67,$-1,$-3,$-4,$-39,$-39,$0,$-0,$-43,$-64,$13,$0
26,2012-03-31,10.49,$7.82,1.34,$7.90,1.33,$3.06,3.43,$0.39,26.9,$0.18B,$0.07B,2.65,$0.10B,$0.35B,0.28,$0.38B,$0.09B,24.54%,$0.38B,$0.04B,9.23%,$0.38B,$0.04B,9.23%,$0.38B,$0.07B,17.15%,$0.38B,$0.03B,7.92%,$0.38B,$0.02B,4.75%,$0.02B,$0.35B,5.06%,$0.02B,$0.03B,31.86%,$0.02B,$0.51B,3.43%,$0.04B,$0.44B,7.77%,$93,$72,$21,$5,$10,$87,$6,$-1,$5,$2,$3,$3,$3,$14,$6,$45,46,$0.06,$0.06,$115,$0,$0,$182,$9,$0,$316,$1,$332,$514,$69,$95,$5,$100,$169,$0,$120,$-0,$345,$514,$13,$23,$13,$36,$-1,$0,$1,$0,$-6,$42,$-2,$-2,$-55,$-4,$0,$-4,$0,$-62,$1,$-2,$-2,$-33,$-33,$0,$-0,$-35,$-54,$10,$0
27,2011-12-31,9.36,$7.80,1.2,$8.00,1.17,$3.25,2.88,$0.46,20.35,$0.21B,$0.07B,3.05,$0.10B,$0.36B,0.27,$0.39B,$0.10B,25.63%,$0.39B,$0.04B,10.41%,$0.39B,$0.04B,10.41%,$0.39B,$0.07B,18.02%,$0.39B,$0.04B,9.14%,$0.39B,$0.02B,5.33%,$0.02B,$0.36B,5.92%,$0.02B,$0.05B,32.94%,$0.02B,$0.53B,3.99%,$0.04B,$0.46B,9.10%,$91,$68,$22,$5,$9,$82,$8,$-1,$7,$3,$4,$4,$4,$16,$8,$47,48,$0.09,$0.09,$145,$0,$0,$209,$9,$0,$303,$1,$320,$529,$69,$98,$5,$103,$171,$0,$117,$0,$358,$529,$10,$15,$8,$22,$0,$0,$1,$2,$-7,$25,$-1,$-1,$-31,$-5,$0,$-5,$0,$-38,$2,$-2,$0,$-13,$-13,$0,$-0,$-13,$-27,$7,$0
28,2011-09-30,10.35,$7.69,1.35,$8.10,1.28,$3.30,3.14,$0.51,20.29,$0.22B,$0.07B,2.97,$0.09B,$0.37B,0.24,$0.40B,$0.11B,26.43%,$0.40B,$0.04B,10.97%,$0.40B,$0.04B,10.97%,$0.40B,$0.07B,18.20%,$0.40B,$0.04B,9.73%,$0.40B,$0.02B,5.99%,$0.02B,$0.37B,6.91%,$0.02B,$0.07B,40.17%,$0.02B,$0.53B,4.63%,$0.04B,$0.46B,9.92%,$101,$76,$25,$6,$9,$91,$10,$-1,$9,$4,$5,$5,$5,$17,$10,$48,49,$0.12,$0.11,$145,$0,$0,$215,$10,$0,$301,$1,$317,$533,$73,$89,$5,$94,$167,$0,$113,$0,$366,$533,$5,$7,$4,$11,$-6,$0,$4,$3,$-6,$11,$-1,$-1,$-30,$-4,$0,$-4,$0,$-36,$-1,$-1,$-3,$2,$2,$0,$-0,$-1,$-26,$3,$0
29,2011-06-30,12.98,$7.50,1.73,$8.23,1.58,$3.26,3.98,$0.56,23.18,$0.23B,$0.07B,3.35,$0.10B,$0.36B,0.27,$0.40B,$0.11B,27.48%,$0.40B,$0.05B,12.13%,$0.40B,$0.05B,12.13%,$0.40B,$0.08B,19.06%,$0.40B,$0.04B,10.89%,$0.40B,$0.03B,6.68%,$0.03B,$0.36B,8.14%,$0.03B,$0.08B,44.81%,$0.03B,$0.53B,5.42%,$0.05B,$0.45B,11.52%,$94,$69,$25,$6,$8,$83,$11,$-1,$9,$3,$6,$6,$6,$18,$11,$46,49,$0.13,$0.12,$167,$0,$0,$231,$9,$0,$278,$1,$293,$525,$69,$96,$4,$100,$170,$0,$107,$0,$355,$525,$27,$27,$3,$31,$4,$0,$6,$8,$20,$78,$-5,$-2,$-92,$-35,$0,$-35,$-1,$-135,$20,$-11,$9,$17,$17,$0,$7,$33,$-23,$14,$0
30,2011-03-31,22.73,$7.27,3.13,$9.43,2.41,$3.04,7.47,$0.56,40.59,$0.22B,$0.07B,3.07,$0.10B,$0.34B,0.29,$0.40B,$0.11B,28.07%,$0.40B,$0.05B,12.53%,$0.40B,$0.05B,12.53%,$0.40B,$0.08B,19.05%,$0.40B,$0.05B,11.78%,$0.40B,$0.03B,6.77%,$0.03B,$0.34B,8.56%,$0.03B,$0.06B,43.72%,$0.03B,$0.52B,5.68%,$0.05B,$0.44B,12.35%,$108,$79,$29,$7,$10,$96,$12,$-1,$11,$5,$6,$6,$6,$20,$12,$47,51,$0.14,$0.13,$150,$0,$0,$219,$9,$0,$283,$0,$297,$516,$71,$100,$3,$104,$175,$0,$101,$-0,$341,$516,$21,$20,$4,$24,$-0,$0,$7,$4,$13,$59,$-4,$-1,$-92,$-25,$0,$-25,$0,$-123,$22,$-8,$14,$12,$12,$0,$7,$33,$-31,$11,$0
31,2010-12-31,19.21,$7.02,2.74,$9.97,1.93,$2.79,6.88,$0.54,35.57,$0.20B,$0.07B,2.89,$0.10B,$0.33B,0.31,$0.38B,$0.11B,28.27%,$0.38B,$0.05B,12.57%,$0.38B,$0.05B,12.57%,$0.38B,$0.07B,18.59%,$0.38B,$0.05B,11.78%,$0.38B,$0.03B,6.54%,$0.03B,$0.33B,8.33%,$0.03B,$0.04B,35.97%,$0.03B,$0.50B,5.49%,$0.05B,$0.43B,12.44%,$98,$71,$27,$6,$10,$86,$11,$-1,$10,$3,$7,$7,$7,$18,$11,$46,49,$0.15,$0.14,$126,$0,$0,$198,$9,$0,$288,$0,$302,$500,$68,$102,$3,$105,$173,$0,$95,$-0,$327,$500,$14,$13,$2,$14,$0,$0,$5,$-2,$1,$30,$-3,$-1,$-87,$-19,$0,$-19,$-0,$-109,$23,$-7,$16,$10,$10,$0,$5,$31,$-49,$7,$0
