,Date,Stock Price,Book Value per Share,Price to Book Ratio,TTM Sales per Share,Price to Sales Ratio,TTM FCF per Share,Price to FCF Ratio,TTM Net EPS,PE Ratio,Current Assets,Current Liabilities,Current Ratio,Long Term Debt,Shareholder's Equity_x,Debt to Equity Ratio,TTM Revenue_x,TTM Gross Profit,Gross Margin,TTM Revenue_y,TTM Operating Income,Operating Margin,TTM Revenue_x,TTM EBIT,EBIT Margin,TTM Revenue_y,TTM EBITDA,EBITDA Margin,TTM Revenue_x,TTM Pre-Tax Income,Pre-Tax Margin,TTM Revenue_y,TTM Net Income_x,Net Margin,TTM Net Income_y,Shareholder's Equity_y,Return on Equity,TTM Net Income_x,Tangible Equity,Return on Tangible Equity,TTM Net Income_y,Total Assets,Return on Assets,TTM Net Income,LT Investments & Debt,Return on Investment,revenue,cost-goods-sold,gross-profit,research-development-expenses,selling-general-administrative-expenses,operating-expenses,operating-income,total-non-operating-income-expense,pre-tax-income,total-provision-income-taxes,income-after-taxes,income-from-continuous-operations,net-income,ebitda,ebit,basic-shares-outstanding,shares-outstanding,eps-basic-net-earnings-per-share,eps-earnings-per-share-diluted,cash-on-hand,inventory,other-current-assets,total-current-assets,net-property-plant-equipment,long-term-investments,goodwill-intangible-assets-total,other-long-term-assets,total-long-term-assets,total-assets,total-current-liabilities,long-term-debt,other-non-current-liabilities,total-long-term-liabilities,total-liabilities,common-stock-net,retained-earnings-accumulated-deficit,comprehensive-income,total-share-holder-equity,total-liabilities-share-holders-equity,net-income-loss,total-depreciation-amortization-cash-flow,other-non-cash-items,total-non-cash-items,change-in-accounts-receivable,change-in-inventories,change-in-accounts-payable,change-in-assets-liabilities,total-change-in-assets-liabilities,cash-flow-from-operating-activities,net-change-in-property-plant-equipment,net-change-in-intangible-assets,net-acquisitions-divestitures,net-change-in-short-term-investments,net-change-in-long-term-investments,net-change-in-investments-total,investing-activities-other,cash-flow-from-investing-activities,net-long-term-debt,net-current-debt,debt-issuance-retirement-net-total,net-common-equity-issued-repurchased,net-total-equity-issued-repurchased,total-common-preferred-stock-dividends-paid,financial-activities-other,cash-flow-from-financial-activities,net-cash-flow,stock-based-compensation,common-stock-dividends-paid
0,2018-09-30,21.29,$12.64,1.68,$25.81,0.82,$5.92,3.6,$2.91,7.32,$3.64B,$3.77B,0.97,$5.89B,$5.76B,1.02,$13.04B,$4.55B,34.90%,$13.04B,$1.26B,9.64%,$13.04B,$1.26B,9.64%,$13.04B,$1.88B,14.40%,$13.04B,$1.55B,11.90%,$13.04B,$2.11B,16.15%,$2.11B,$5.76B,30.51%,$2.11B,$-6.28B,-40.15%,$2.11B,$17.67B,10.75%,$1.26B,$11.64B,9.37%,$3231,$2109,$1122,$0,$718,$2994,$237,$-149,$88,$6,$82,$82,$72,$404,$237,$459,461,$0.16,$0.16,$532,$1727,$198,$3643,$1300,$554,$12036,$140,$14030,$17673,$3768,$5885,$255,$8148,$11916,$5,$5747,$-116,$5757,$17673,$677,$489,$-161,$328,$0,$0,$0,$444,$-38,$996,$-172,$0,$0,$0,$208,$208,$-120,$-84,$-273,$0,$-273,$-623,$-623,$0,$-387,$-1283,$-373,$67,$0
1,2018-06-30,20.91,$12.58,1.66,$23.22,0.9,$5.90,3.54,$3.01,6.95,$3.47B,$3.46B,1.0,$6.25B,$5.80B,1.08,$12.19B,$4.26B,34.91%,$12.19B,$1.23B,10.08%,$12.19B,$1.23B,10.08%,$12.19B,$1.86B,15.27%,$12.19B,$1.51B,12.38%,$12.19B,$2.33B,19.12%,$2.33B,$5.80B,31.69%,$2.33B,$-6.31B,-54.17%,$2.33B,$17.83B,11.35%,$1.23B,$12.05B,8.67%,$3233,$2050,$1183,$0,$666,$2875,$358,$-135,$223,$25,$198,$198,$187,$517,$358,$467,471,$0.40,$0.40,$657,$1510,$200,$3470,$1303,$824,$12106,$126,$14359,$17829,$3459,$6253,$225,$8569,$12028,$5,$5784,$-102,$5801,$17829,$595,$322,$-131,$191,$0,$0,$0,$188,$-75,$711,$-98,$0,$0,$0,$-50,$-50,$-58,$-206,$121,$0,$121,$-493,$-493,$0,$-384,$-756,$-247,$46,$0
2,2018-03-31,24.49,$12.62,1.94,$20.70,1.18,$5.91,4.14,$2.85,8.59,$4.30B,$3.94B,1.09,$6.39B,$5.97B,1.07,$11.31B,$3.93B,34.76%,$11.31B,$1.12B,9.94%,$11.31B,$1.12B,9.94%,$11.31B,$1.80B,15.95%,$11.31B,$1.54B,13.58%,$11.31B,$2.32B,20.50%,$2.32B,$5.97B,29.80%,$2.32B,$-6.22B,-68.41%,$2.32B,$18.72B,10.88%,$1.12B,$12.36B,7.62%,$3230,$2093,$1137,$0,$680,$2936,$294,$-9,$285,$29,$256,$256,$384,$457,$294,$562,568,$0.68,$0.68,$1055,$1510,$465,$4303,$1357,$815,$12191,$49,$14412,$18715,$3937,$6388,$332,$8810,$12747,$5,$5853,$3,$5968,$18715,$397,$163,$-207,$-44,$0,$0,$0,$22,$-65,$288,$-47,$0,$0,$0,$-22,$-22,$-20,$-89,$672,$0,$672,$-217,$-217,$0,$-516,$-61,$151,$23,$0
3,2017-12-31,24.55,$18.00,1.36,$19.32,1.27,$6.22,3.95,$2.75,8.93,$4.17B,$3.44B,1.21,$7.55B,$10.08B,0.75,$10.40B,$3.62B,34.75%,$10.40B,$1.04B,10.02%,$10.40B,$1.04B,10.02%,$10.40B,$1.77B,16.99%,$10.40B,$1.52B,14.64%,$10.40B,$2.44B,23.46%,$2.44B,$10.08B,30.15%,$2.44B,$-2.18B,-94.59%,$2.44B,$24.12B,11.18%,$1.04B,$17.64B,6.85%,$3344,$2236,$1108,$0,$574,$2976,$368,$588,$956,$-1091,$2047,$2047,$1463,$499,$368,$531,535,$2.78,$2.75,$903,$1411,$125,$4165,$1341,$2672,$12259,$50,$19957,$24122,$3441,$7553,$242,$10598,$14039,$6,$9068,$-133,$10083,$24122,$2487,$725,$-1802,$-1077,$0,$0,$0,$-143,$82,$1492,$-204,$0,$22,$0,$-156,$-156,$-53,$-391,$-162,$0,$-162,$-765,$-765,$0,$-109,$-1036,$78,$123,$0
4,2017-09-30,24.21,$14.44,1.68,$18.20,1.33,$5.78,4.19,$1.10,22.01,$3.12B,$2.65B,1.18,$7.05B,$7.56B,0.93,$10.22B,$3.58B,35.05%,$10.22B,$1.05B,10.24%,$10.22B,$1.05B,10.24%,$10.22B,$1.85B,18.12%,$10.22B,$1.05B,10.26%,$10.22B,$1.30B,12.69%,$1.30B,$7.56B,17.79%,$1.30B,$-2.50B,-44.56%,$1.30B,$21.45B,6.21%,$1.05B,$14.61B,7.31%,$2381,$1554,$827,$0,$439,$2173,$208,$-163,$45,$-33,$78,$78,$296,$388,$208,$534,539,$0.55,$0.55,$895,$1197,$81,$3118,$1117,$7122,$10060,$30,$18329,$21447,$2646,$7050,$177,$11242,$13888,$6,$7605,$-157,$7559,$21447,$1011,$594,$-628,$-34,$0,$0,$0,$162,$95,$1080,$-126,$0,$0,$0,$-140,$-140,$-36,$-302,$-228,$0,$-228,$-452,$-452,$0,$-40,$-720,$71,$59,$0
5,2017-06-30,24.8,$13.97,1.78,$17.66,1.4,$5.36,4.63,$0.97,25.57,$2.98B,$2.47B,1.21,$6.94B,$7.50B,0.93,$10.25B,$3.59B,35.04%,$10.25B,$1.00B,9.71%,$10.25B,$1.00B,9.71%,$10.25B,$1.85B,18.00%,$10.25B,$1.65B,16.04%,$10.25B,$1.47B,14.34%,$1.47B,$7.50B,20.34%,$1.47B,$-2.65B,-47.06%,$1.47B,$20.97B,7.07%,$1.00B,$14.43B,6.96%,$2352,$1494,$858,$0,$398,$2098,$254,$-4,$250,$76,$174,$174,$175,$460,$254,$536,541,$0.33,$0.32,$905,$1096,$86,$2978,$1116,$6696,$10152,$31,$17995,$20973,$2470,$6935,$149,$11004,$13474,$6,$7574,$-185,$7499,$20973,$703,$414,$-454,$-40,$0,$0,$0,$299,$120,$783,$-74,$0,$0,$0,$-118,$-118,$-29,$-221,$-298,$0,$-298,$-152,$-152,$0,$-41,$-491,$80,$37,$0
6,2017-03-31,19.88,$13.51,1.47,$17.39,1.14,$4.92,4.04,$0.99,20.08,$2.92B,$2.43B,1.2,$7.01B,$7.25B,0.97,$10.46B,$3.68B,35.14%,$10.46B,$0.99B,9.48%,$10.46B,$0.99B,9.48%,$10.46B,$1.86B,17.75%,$10.46B,$1.99B,19.06%,$10.46B,$1.67B,16.00%,$1.67B,$7.25B,23.57%,$1.67B,$-2.99B,-48.93%,$1.67B,$20.76B,8.08%,$0.99B,$14.26B,7.05%,$2327,$1505,$822,$0,$401,$2114,$213,$59,$272,$84,$188,$188,$507,$421,$213,$538,541,$0.94,$0.94,$821,$1050,$80,$2920,$1124,$6440,$10239,$35,$17838,$20758,$2425,$7013,$162,$11086,$13511,$6,$7399,$-243,$7247,$20758,$519,$208,$-393,$-185,$0,$0,$0,$254,$92,$426,$-30,$0,$0,$0,$-21,$-21,$-1,$-52,$-205,$0,$-205,$-152,$-152,$0,$-30,$-387,$-4,$16,$0
7,2016-12-31,20.25,$12.62,1.6,$17.05,1.19,$4.57,4.43,$0.97,20.88,$3.17B,$2.53B,1.25,$7.17B,$6.86B,1.04,$10.65B,$3.74B,35.12%,$10.65B,$0.97B,9.09%,$10.65B,$0.97B,9.09%,$10.65B,$1.84B,17.30%,$10.65B,$1.85B,17.39%,$10.65B,$1.24B,11.60%,$1.24B,$6.86B,17.70%,$1.24B,$-3.50B,-33.11%,$1.24B,$20.36B,5.95%,$0.97B,$14.03B,7.04%,$3162,$2086,$1076,$0,$493,$2790,$372,$110,$482,$158,$324,$324,$319,$583,$372,$610,616,$0.54,$0.54,$825,$968,$68,$3169,$1131,$5664,$10359,$32,$17186,$20355,$2534,$7166,$158,$10960,$13494,$6,$7032,$-266,$6861,$20355,$1274,$874,$-724,$150,$0,$0,$0,$136,$19,$1443,$-233,$0,$0,$910,$-2133,$-1223,$-36,$-1492,$-1071,$0,$-1071,$-799,$-799,$0,$298,$-1572,$-1624,$5,$0
8,2016-09-30,20.11,$11.97,1.68,$17.32,1.16,$3.90,5.16,$1.01,19.91,$2.70B,$2.42B,1.12,$7.26B,$7.30B,0.99,$10.86B,$3.82B,35.21%,$10.86B,$0.96B,8.84%,$10.86B,$0.96B,8.84%,$10.86B,$1.85B,17.02%,$10.86B,$1.37B,12.59%,$10.86B,$1.21B,11.15%,$1.21B,$7.30B,17.34%,$1.21B,$-3.35B,-30.87%,$1.21B,$21.03B,5.77%,$0.96B,$14.56B,6.94%,$2412,$1575,$837,$0,$455,$2255,$157,$484,$641,$190,$451,$451,$469,$382,$157,$615,622,$0.76,$0.75,$505,$1189,$154,$2696,$1211,$6415,$10653,$57,$18336,$21032,$2415,$7255,$182,$11315,$13730,$6,$7381,$-198,$7302,$21032,$944,$663,$-552,$111,$0,$0,$0,$349,$-35,$1020,$-177,$0,$0,$910,$-2117,$-1207,$-14,$-1398,$-941,$0,$-941,$-603,$-603,$0,$-44,$-1588,$-1944,$-17,$0
9,2016-06-30,24.89,$11.30,2.2,$16.98,1.47,$3.59,6.93,$1.21,20.57,$2.71B,$3.21B,0.84,$6.44B,$6.99B,0.92,$10.60B,$3.78B,35.67%,$10.60B,$1.05B,9.91%,$10.60B,$1.05B,9.91%,$10.60B,$1.86B,17.57%,$10.60B,$1.01B,9.53%,$10.60B,$0.93B,8.79%,$0.93B,$6.99B,14.10%,$0.93B,$-3.84B,-24.54%,$0.93B,$20.69B,4.59%,$1.05B,$13.43B,7.84%,$2563,$1621,$942,$0,$471,$2313,$250,$349,$599,$212,$387,$387,$379,$471,$250,$621,628,$0.61,$0.60,$510,$1088,$204,$2714,$1230,$5856,$10837,$56,$17979,$20693,$3214,$6440,$288,$10485,$13699,$6,$7065,$-191,$6994,$20693,$466,$438,$-117,$321,$0,$0,$0,$392,$-116,$671,$-125,$0,$0,$910,$-2313,$-1403,$-1,$-1529,$-654,$0,$-654,$-417,$-417,$0,$-23,$-1094,$-1939,$-36,$0
10,2016-03-31,24.63,$10.81,2.28,$16.53,1.49,$3.52,7.0,$1.19,20.7,$5.61B,$4.19B,1.34,$6.27B,$6.75B,0.93,$10.29B,$3.68B,35.79%,$10.29B,$1.07B,10.39%,$10.29B,$1.07B,10.39%,$10.29B,$1.82B,17.71%,$10.29B,$0.79B,7.69%,$10.29B,$0.79B,7.72%,$0.79B,$6.75B,12.63%,$0.79B,$-4.23B,-22.15%,$0.79B,$20.96B,4.04%,$1.07B,$13.02B,8.08%,$2510,$1626,$884,$0,$478,$2321,$189,$-59,$130,$38,$92,$92,$68,$406,$189,$627,634,$0.11,$0.11,$3344,$1084,$87,$5609,$1201,$3133,$10977,$38,$15349,$20958,$4190,$6271,$295,$10020,$14210,$6,$6689,$-189,$6748,$20958,$76,$217,$56,$273,$0,$0,$0,$281,$-19,$294,$-51,$0,$0,$309,$-13,$296,$-12,$233,$25,$0,$25,$-238,$-238,$0,$-13,$-226,$294,$21,$0
11,2015-12-31,27.16,$10.87,2.5,$17.19,1.58,$3.50,7.75,$1.32,20.58,$5.88B,$3.10B,1.9,$7.48B,$6.88B,1.09,$9.99B,$3.60B,36.00%,$9.99B,$1.12B,11.17%,$9.99B,$1.12B,11.17%,$9.99B,$1.82B,18.21%,$9.99B,$0.82B,8.17%,$9.99B,$0.87B,8.70%,$0.87B,$6.88B,14.42%,$0.87B,$-4.26B,-25.99%,$0.87B,$21.18B,4.60%,$1.12B,$14.36B,8.49%,$3370,$2211,$1159,$0,$571,$3006,$364,$-367,$-3,$-26,$23,$23,$294,$588,$364,$617,624,$0.37,$0.38,$3359,$1000,$73,$5875,$1140,$2067,$11132,$39,$15305,$21180,$3100,$7481,$222,$11205,$14305,$6,$6626,$-215,$6875,$21180,$911,$703,$-271,$432,$0,$0,$0,$-237,$-281,$1062,$-258,$0,$-844,$-11,$401,$390,$-76,$-788,$747,$0,$747,$-785,$-785,$0,$-84,$-122,$143,$111,$0
12,2015-09-30,26.19,$9.64,2.72,$18.40,1.42,$5.07,5.16,$1.34,19.54,$5.69B,$3.58B,1.59,$6.96B,$5.80B,1.2,$9.87B,$3.61B,36.54%,$9.87B,$1.20B,12.12%,$9.87B,$1.20B,12.12%,$9.87B,$1.85B,18.75%,$9.87B,$1.18B,11.95%,$9.87B,$0.83B,8.44%,$0.83B,$5.80B,14.48%,$0.83B,$-2.85B,-26.84%,$0.83B,$18.29B,4.56%,$1.20B,$12.76B,9.37%,$2153,$1358,$795,$0,$398,$1906,$247,$37,$284,$86,$198,$198,$190,$397,$247,$601,609,$0.32,$0.31,$3454,$1232,$73,$5692,$1034,$2845,$8651,$63,$12593,$18285,$3576,$6961,$218,$8907,$12483,$6,$5887,$-189,$5802,$18285,$608,$479,$-215,$264,$0,$0,$0,$-35,$-84,$803,$-164,$0,$-20,$-14,$145,$131,$202,$149,$-144,$0,$-144,$-531,$-531,$0,$-33,$-708,$240,$70,$0
13,2015-06-30,28.97,$9.44,3.07,$19.64,1.47,$6.01,4.82,$1.18,24.55,$5.40B,$3.41B,1.58,$7.07B,$5.73B,1.23,$10.05B,$3.65B,36.37%,$10.05B,$1.19B,11.82%,$10.05B,$1.19B,11.82%,$10.05B,$1.86B,18.50%,$10.05B,$1.05B,10.47%,$10.05B,$0.76B,7.59%,$0.76B,$5.73B,13.36%,$0.76B,$-3.01B,-22.51%,$0.76B,$18.14B,4.21%,$1.19B,$12.79B,9.42%,$2252,$1409,$843,$0,$413,$1983,$269,$111,$380,$122,$258,$258,$242,$430,$269,$610,619,$0.40,$0.39,$3434,$1029,$77,$5399,$1020,$2926,$8733,$64,$12743,$18142,$3409,$7065,$202,$9006,$12415,$6,$5821,$-188,$5727,$18142,$410,$329,$-214,$115,$0,$0,$0,$287,$41,$598,$-104,$0,$-20,$51,$173,$224,$153,$253,$-161,$0,$-161,$-377,$-377,$0,$-21,$-559,$283,$34,$0
14,2015-03-31,29.45,$9.27,3.18,$21.01,1.4,$6.72,4.38,$1.15,25.61,$5.27B,$3.40B,1.55,$6.98B,$5.71B,1.22,$10.28B,$3.74B,36.35%,$10.28B,$1.18B,11.46%,$10.28B,$1.18B,11.46%,$10.28B,$1.85B,18.02%,$10.28B,$0.80B,7.77%,$10.28B,$0.60B,5.82%,$0.60B,$5.71B,8.43%,$0.60B,$-3.26B,-15.58%,$0.60B,$18.00B,3.03%,$1.18B,$12.69B,8.48%,$2214,$1415,$799,$0,$395,$1978,$236,$-81,$155,$3,$152,$152,$143,$404,$236,$473,480,$0.32,$0.31,$3210,$1119,$75,$5271,$1038,$2655,$8966,$72,$12731,$18002,$3396,$6981,$181,$8901,$12297,$6,$5813,$-210,$5705,$18002,$152,$168,$-40,$128,$0,$0,$0,$258,$-52,$220,$-44,$0,$-20,$26,$-45,$-19,$156,$73,$-111,$0,$-111,$-123,$-123,$0,$-5,$-239,$44,$13,$0
15,2014-12-31,29.69,$9.36,3.17,$21.23,1.4,$7.06,4.21,$1.06,28.01,$5.55B,$2.77B,2.01,$7.06B,$5.78B,1.22,$10.50B,$3.82B,36.34%,$10.50B,$1.19B,11.32%,$10.50B,$1.19B,11.32%,$10.50B,$1.86B,17.69%,$10.50B,$0.78B,7.38%,$10.50B,$0.54B,5.11%,$0.54B,$5.78B,6.31%,$0.54B,$-3.30B,-12.82%,$0.54B,$18.60B,2.51%,$1.19B,$12.84B,7.81%,$3252,$2082,$1170,$0,$557,$2808,$444,$-83,$361,$130,$231,$231,$258,$620,$444,$484,492,$0.45,$0.46,$3195,$1049,$72,$5548,$1093,$2857,$9078,$22,$13050,$18598,$2767,$7062,$168,$10051,$12818,$6,$5757,$-94,$5780,$18598,$626,$669,$32,$701,$0,$0,$0,$-84,$321,$1648,$-241,$0,$0,$-273,$92,$-181,$-16,$-438,$757,$0,$757,$-785,$-785,$0,$-59,$-87,$1404,$93,$0
16,2014-09-30,23.52,$10.24,2.3,$19.71,1.19,$5.59,4.21,$0.91,25.84,$4.44B,$3.49B,1.27,$6.52B,$5.63B,1.16,$9.93B,$3.29B,33.15%,$9.93B,$1.13B,11.36%,$9.93B,$1.13B,11.36%,$9.93B,$1.79B,18.00%,$9.93B,$0.76B,7.68%,$9.93B,$0.52B,5.24%,$0.52B,$5.63B,5.24%,$0.52B,$-4.00B,-17.34%,$0.52B,$17.71B,2.27%,$1.13B,$12.15B,6.88%,$2330,$1488,$842,$0,$437,$2091,$239,$-83,$156,$27,$129,$129,$120,$405,$239,$477,487,$0.18,$0.17,$2273,$1279,$87,$4439,$1131,$2432,$9623,$82,$13268,$17707,$3487,$6523,$241,$8592,$12079,$6,$5499,$2,$5628,$17707,$355,$493,$26,$519,$0,$0,$0,$165,$231,$1108,$-142,$0,$0,$-65,$-11,$-76,$-12,$-230,$313,$0,$313,$-736,$-736,$0,$-54,$-477,$704,$56,$0
17,2014-06-30,24.22,$20.16,1.2,$19.18,1.26,$4.30,5.64,$0.89,27.21,$4.76B,$3.80B,1.25,$6.62B,$11.26B,0.59,$9.83B,$3.25B,33.10%,$9.83B,$1.09B,11.05%,$9.83B,$1.09B,11.05%,$9.83B,$1.58B,16.03%,$9.83B,$0.76B,7.78%,$9.83B,$0.51B,5.22%,$0.51B,$11.26B,4.50%,$0.51B,$-4.80B,-15.82%,$0.51B,$24.72B,2.08%,$1.09B,$17.88B,6.15%,$2483,$1558,$925,$0,$495,$2224,$259,$-132,$127,$40,$87,$87,$77,$423,$259,$486,496,$0.22,$0.21,$2490,$1181,$113,$4757,$1276,$2511,$16055,$123,$19965,$24722,$3798,$6620,$333,$9668,$13466,$6,$5844,$116,$11256,$24722,$216,$327,$22,$349,$0,$0,$0,$311,$260,$832,$-85,$0,$0,$-20,$-6,$-26,$5,$-106,$151,$0,$151,$-478,$-478,$0,$-40,$-367,$342,$45,$0
18,2014-03-31,24.06,$20.03,1.2,$19.16,1.26,$3.38,7.13,$0.89,27.03,$4.53B,$3.59B,1.26,$6.61B,$11.37B,0.58,$9.99B,$3.45B,34.57%,$9.99B,$1.11B,11.12%,$9.99B,$1.11B,11.12%,$9.99B,$1.67B,16.75%,$9.99B,$0.83B,8.31%,$9.99B,$0.56B,5.57%,$0.56B,$11.37B,4.83%,$0.56B,$-4.67B,-16.90%,$0.56B,$24.66B,2.27%,$1.11B,$17.97B,6.32%,$2434,$1556,$878,$0,$469,$2188,$246,$-115,$131,$40,$91,$91,$82,$409,$246,$494,504,$0.22,$0.22,$2166,$1213,$110,$4529,$1272,$2714,$16035,$112,$20133,$24662,$3586,$6608,$271,$9710,$13296,$6,$5767,$112,$11366,$24662,$110,$163,$-1,$162,$0,$0,$0,$176,$125,$397,$-41,$0,$0,$-38,$7,$-31,$-8,$-80,$199,$0,$199,$-213,$-213,$0,$-37,$-51,$260,$21,$0
19,2013-12-31,24.45,$19.92,1.23,$19.25,1.27,$2.74,8.91,$0.85,28.77,$4.43B,$3.76B,1.18,$6.11B,$11.44B,0.53,$10.22B,$3.69B,36.07%,$10.22B,$1.14B,11.12%,$10.22B,$1.14B,11.12%,$10.22B,$1.77B,17.27%,$10.22B,$0.74B,7.21%,$10.22B,$0.50B,4.90%,$0.50B,$11.44B,4.32%,$0.50B,$1.47B,-14.84%,$0.50B,$24.68B,2.03%,$1.14B,$17.54B,6.42%,$2683,$2036,$647,$0,$244,$2299,$384,$-35,$349,$120,$229,$229,$241,$550,$384,$519,527,$0.31,$0.29,$1314,$1123,$184,$4426,$1208,$2550,$9970,$80,$20250,$24676,$3756,$6106,$191,$9485,$13241,$6,$5685,$99,$11435,$24676,$580,$629,$171,$800,$0,$0,$0,$-84,$-353,$1027,$-291,$0,$-24,$-559,$753,$194,$-41,$-162,$-1054,$0,$-1054,$-1089,$-1089,$0,$-65,$-2208,$-1389,$110,$0
20,2013-09-30,19.77,$21.05,0.94,$19.62,1.01,$3.37,5.87,$0.86,22.98,$3.97B,$3.99B,0.99,$5.67B,$11.56B,0.49,$10.55B,$4.11B,38.92%,$10.55B,$1.18B,11.17%,$10.55B,$1.18B,11.17%,$10.55B,$1.80B,17.02%,$10.55B,$0.79B,7.47%,$10.55B,$1.51B,14.28%,$1.51B,$11.56B,12.81%,$1.51B,$-4.97B,-30.25%,$1.51B,$24.37B,6.01%,$1.18B,$17.23B,6.59%,$2225,$1423,$802,$0,$432,$2028,$197,$-40,$157,$35,$122,$122,$113,$193,$197,$513,523,$0.15,$0.15,$1533,$1328,$152,$3967,$1206,$2568,$16527,$102,$20403,$24370,$3994,$5668,$255,$8817,$12811,$5,$5444,$126,$11559,$24370,$334,$463,$-93,$370,$0,$0,$0,$94,$-239,$535,$-176,$0,$0,$-559,$765,$206,$-17,$13,$-1294,$0,$-1294,$-750,$-750,$0,$-52,$-2096,$-1591,$72,$0
21,2013-06-30,18.41,$20.86,0.88,$19.35,0.95,$3.96,4.64,$0.65,28.32,$4.11B,$3.43B,1.2,$5.96B,$11.67B,0.51,$10.52B,$4.09B,38.91%,$10.52B,$1.17B,11.12%,$10.52B,$1.17B,11.12%,$10.52B,$1.94B,18.42%,$10.52B,$0.59B,5.61%,$10.52B,$1.35B,12.85%,$1.35B,$11.67B,12.95%,$1.35B,$-4.99B,-28.29%,$1.35B,$24.29B,5.73%,$1.17B,$17.62B,7.05%,$2647,$1521,$1126,$0,$605,$2363,$284,$-91,$193,$43,$150,$150,$120,$521,$284,$523,531,$0.21,$0.21,$1956,$1129,$115,$4109,$1175,$2248,$16654,$99,$20176,$24285,$3433,$5959,$239,$9187,$12620,$5,$5331,$55,$11665,$24285,$203,$467,$-113,$354,$0,$0,$0,$250,$-124,$447,$-136,$0,$-32,$-672,$1085,$413,$-10,$235,$-1303,$0,$-1303,$-522,$-522,$0,$-40,$-1865,$-1212,$81,$0
22,2013-03-31,17.6,$20.64,0.85,$18.57,0.95,$4.41,3.99,$0.86,20.47,$4.03B,$3.71B,1.09,$6.59B,$11.77B,0.56,$10.24B,$3.84B,37.55%,$10.24B,$1.18B,11.49%,$10.24B,$1.18B,11.49%,$10.24B,$1.85B,18.11%,$10.24B,$0.77B,7.55%,$10.24B,$1.47B,14.32%,$1.47B,$11.77B,16.11%,$1.47B,$-5.01B,-31.91%,$1.47B,$25.35B,6.73%,$1.18B,$18.36B,7.89%,$2664,$1553,$1111,$0,$610,$2393,$271,$-233,$38,$-15,$53,$53,$27,$501,$271,$535,542,$0.18,$0.18,$1370,$1116,$575,$4033,$1189,$3247,$16776,$109,$21321,$25354,$3706,$6593,$212,$9880,$13586,$5,$5211,$66,$11768,$25354,$53,$230,$-92,$138,$0,$0,$0,$206,$-102,$100,$-59,$0,$0,$-658,$-1,$-659,$-36,$-754,$-316,$0,$-316,$-252,$-252,$0,$-45,$-613,$-1290,$39,$0
23,2012-12-31,16.22,$20.71,0.78,$17.64,0.92,$4.78,3.39,$0.84,19.31,$5.26B,$4.49B,1.17,$6.25B,$12.05B,0.52,$9.89B,$3.58B,36.22%,$9.89B,$1.16B,11.76%,$9.89B,$1.16B,11.76%,$9.89B,$1.75B,17.74%,$9.89B,$0.88B,8.93%,$9.89B,$1.53B,15.47%,$1.53B,$12.05B,19.65%,$1.53B,$-4.95B,-34.93%,$1.53B,$26.26B,7.75%,$1.16B,$18.30B,8.83%,$3013,$1946,$1067,$0,$473,$2587,$426,$-26,$400,$123,$277,$277,$1246,$580,$426,$541,551,$-0.11,$-0.12,$2846,$1106,$105,$5258,$1235,$2670,$16997,$95,$20997,$26255,$4489,$6246,$260,$9715,$14204,$5,$5184,$148,$12051,$26255,$1591,$591,$-1057,$-466,$0,$0,$0,$-78,$320,$1447,$-333,$0,$-83,$-12,$198,$186,$-39,$-269,$805,$0,$805,$-487,$-487,$0,$-69,$249,$1445,$79,$0
24,2012-09-30,15.34,$11.02,1.39,$17.28,0.89,$3.74,4.1,$1.00,15.34,$3.85B,$4.14B,0.93,$5.81B,$6.28B,0.92,$9.95B,$3.62B,36.35%,$9.95B,$1.15B,11.50%,$9.95B,$1.15B,11.50%,$9.95B,$1.78B,17.83%,$9.95B,$0.95B,9.57%,$9.95B,$0.57B,5.72%,$0.57B,$6.28B,8.85%,$0.57B,$-4.18B,-13.67%,$0.57B,$18.54B,3.25%,$1.15B,$12.09B,9.99%,$2196,$1407,$789,$0,$414,$2007,$189,$-230,$-41,$-15,$-26,$-26,$-41,$336,$189,$542,552,$-0.08,$-0.08,$1793,$1247,$95,$3846,$1207,$2951,$10457,$82,$14697,$18543,$4144,$5806,$221,$8117,$12261,$5,$3938,$154,$6282,$18543,$328,$437,$31,$468,$0,$0,$0,$162,$170,$944,$-237,$0,$348,$46,$-192,$-146,$-40,$-75,$805,$0,$805,$-690,$-690,$0,$-30,$85,$946,$44,$0
25,2012-06-30,14.18,$11.59,1.22,$16.84,0.84,$2.99,4.74,$1.08,13.13,$2.64B,$3.86B,0.68,$4.56B,$6.31B,0.72,$9.89B,$3.60B,36.38%,$9.89B,$1.18B,11.93%,$9.89B,$1.18B,11.93%,$9.89B,$1.81B,18.34%,$9.89B,$1.08B,10.87%,$9.89B,$0.59B,5.98%,$0.59B,$6.31B,9.08%,$0.59B,$-4.25B,-14.13%,$0.59B,$17.03B,3.45%,$1.18B,$10.87B,10.44%,$2365,$1488,$877,$0,$440,$2075,$290,$86,$376,$127,$249,$249,$234,$437,$290,$553,562,$0.42,$0.42,$790,$1096,$87,$2637,$1168,$2597,$10555,$74,$14394,$17031,$3857,$4564,$218,$6865,$10722,$5,$3979,$121,$6309,$17031,$354,$290,$-84,$206,$0,$0,$0,$357,$195,$730,$-151,$0,$348,$46,$-108,$-62,$-40,$95,$-207,$0,$-207,$-637,$-637,$0,$-26,$-870,$-57,$33,$0
26,2012-03-31,15.8,$11.47,1.38,$16.33,0.97,$2.34,6.75,$0.96,16.46,$2.76B,$3.49B,0.79,$4.92B,$6.51B,0.76,$9.77B,$3.57B,36.52%,$9.77B,$1.18B,12.06%,$9.77B,$1.18B,12.06%,$9.77B,$1.81B,18.55%,$9.77B,$1.01B,10.33%,$9.77B,$0.61B,6.28%,$0.61B,$6.51B,9.30%,$0.61B,$-4.15B,-14.63%,$0.61B,$17.14B,3.56%,$1.18B,$11.42B,10.04%,$2314,$1466,$848,$0,$447,$2056,$258,$-110,$148,$43,$105,$105,$91,$401,$258,$572,581,$0.16,$0.16,$794,$1124,$112,$2764,$1149,$2495,$10659,$77,$14380,$17144,$3486,$4918,$202,$7153,$10639,$5,$3745,$177,$6505,$17144,$105,$143,$0,$143,$0,$0,$0,$268,$77,$330,$-68,$0,$0,$38,$-45,$-7,$-16,$-91,$-29,$0,$-29,$-228,$-228,$0,$-27,$-284,$-53,$17,$0
27,2011-12-31,13.52,$11.46,1.18,$15.91,0.85,$2.00,6.76,$0.87,15.54,$3.12B,$3.57B,0.87,$4.85B,$6.63B,0.73,$9.62B,$3.50B,36.42%,$9.62B,$1.13B,11.78%,$9.62B,$1.13B,11.78%,$9.62B,$1.77B,18.45%,$9.62B,$0.94B,9.76%,$9.62B,$0.91B,9.48%,$0.91B,$6.63B,13.85%,$0.91B,$-4.08B,-21.17%,$0.91B,$17.34B,5.25%,$1.13B,$11.48B,9.43%,$3079,$1975,$1104,$0,$503,$2671,$408,$62,$470,$166,$304,$499,$285,$601,$408,$595,602,$0.51,$0.50,$847,$1071,$148,$3120,$1133,$2303,$10705,$78,$14219,$17339,$3568,$4850,$248,$7144,$10712,$6,$3654,$152,$6627,$17339,$965,$641,$-505,$136,$0,$0,$0,$-174,$-201,$900,$-312,$0,$-14,$-46,$-65,$-111,$0,$-437,$-516,$0,$-516,$-366,$-366,$0,$-34,$-916,$-506,$46,$0
28,2011-09-30,12.6,$11.07,1.14,$15.57,0.81,$2.59,4.87,$1.05,12.0,$2.93B,$3.45B,0.85,$4.84B,$6.60B,0.73,$9.42B,$3.41B,36.20%,$9.42B,$1.12B,11.90%,$9.42B,$1.12B,11.90%,$9.42B,$1.72B,18.24%,$9.42B,$0.81B,8.55%,$9.42B,$1.97B,20.93%,$1.97B,$6.60B,25.32%,$1.97B,$-4.25B,-61.62%,$1.97B,$17.03B,10.02%,$1.12B,$11.43B,8.31%,$2133,$1364,$769,$0,$394,$1909,$224,$-143,$81,$56,$25,$25,$-19,$375,$224,$597,604,$0.00,$0.00,$896,$1205,$177,$2926,$1079,$2088,$10849,$83,$14099,$17025,$3446,$4838,$275,$6983,$10429,$0,$0,$0,$6596,$17025,$661,$448,$-456,$-8,$0,$0,$0,$106,$-137,$516,$-192,$0,$0,$-89,$0,$-89,$-21,$-302,$-478,$0,$-478,$-87,$-87,$0,$-50,$-615,$-457,$30,$0
29,2011-06-30,13.66,$11.10,1.23,$15.30,0.89,$3.53,3.87,$1.20,11.38,$3.19B,$2.05B,1.56,$5.92B,$6.68B,0.89,$9.26B,$3.36B,36.25%,$9.26B,$1.12B,12.07%,$9.26B,$1.12B,12.07%,$9.26B,$1.71B,18.42%,$9.26B,$0.76B,8.22%,$9.26B,$2.17B,23.44%,$2.17B,$6.68B,28.35%,$2.17B,$-4.30B,-64.42%,$2.17B,$17.57B,11.16%,$1.12B,$12.60B,8.34%,$2245,$1398,$847,$0,$411,$1957,$288,$22,$310,$115,$195,$0,$257,$436,$288,$599,607,$0.30,$0.30,$1375,$1103,$79,$3190,$1044,$2279,$10974,$82,$14379,$17569,$2047,$5919,$256,$8845,$10892,$0,$0,$0,$6677,$17569,$668,$297,$-499,$-202,$0,$0,$0,$230,$-72,$332,$-103,$0,$0,$-48,$-7,$-55,$1,$-157,$-201,$0,$-201,$0,$0,$0,$-42,$-243,$-41,$28,$0
30,2011-03-31,13.26,$10.72,1.24,$14.99,0.88,$3.28,4.04,$1.00,13.26,$3.21B,$2.04B,1.57,$6.10B,$6.44B,0.95,$9.07B,$3.28B,36.16%,$9.07B,$1.10B,12.17%,$9.07B,$1.10B,12.17%,$9.07B,$1.68B,18.55%,$9.07B,$0.59B,6.45%,$9.07B,$1.97B,21.74%,$1.97B,$6.44B,26.48%,$1.97B,$-4.60B,-55.12%,$1.97B,$17.55B,10.31%,$1.10B,$12.54B,8.45%,$2159,$1377,$782,$0,$420,$1946,$213,$-135,$78,$15,$63,$63,$389,$362,$213,$598,605,$0.07,$0.07,$1366,$1120,$81,$3205,$1031,$2190,$11041,$84,$14346,$17551,$2037,$6100,$252,$9076,$11113,$0,$0,$0,$6438,$17551,$399,$149,$-344,$-195,$0,$0,$0,$195,$-86,$108,$-41,$0,$0,$-111,$-5,$-116,$0,$-157,$-29,$0,$-29,$0,$0,$0,$-22,$-51,$-114,$16,$0
31,2010-12-31,12.94,$15.58,0.83,$14.83,0.87,$3.34,3.87,$1.44,8.98,$6.56B,$4.74B,1.38,$5.97B,$11.44B,0.52,$8.93B,$3.23B,36.13%,$8.93B,$1.11B,12.40%,$8.93B,$1.11B,12.40%,$8.93B,$1.68B,18.80%,$8.93B,$0.96B,10.79%,$8.93B,$1.89B,21.18%,$1.89B,$11.44B,25.96%,$1.89B,$0.35B,-50.53%,$1.89B,$26.60B,9.95%,$1.11B,$17.41B,8.60%,$2886,$1873,$1013,$0,$467,$2490,$396,$-59,$337,$-12,$349,$349,$1345,$546,$396,$596,605,$0.54,$0.53,$1353,$1069,$85,$6555,$1038,$2059,$11091,$87,$20045,$26600,$4739,$5970,$266,$10419,$15158,$7,$2742,$226,$11442,$26600,$1937,$571,$-1598,$-1027,$0,$0,$0,$247,$293,$1203,$-258,$0,$459,$0,$-28,$-28,$171,$344,$-1817,$0,$-1817,$0,$0,$0,$3,$-1814,$-602,$47,$0
32,2010-09-30,11.41,$10.14,1.13,$14.62,0.78,$3.17,3.61,$1.10,10.38,$2.65B,$1.99B,1.33,$4.97B,$6.06B,0.82,$8.76B,$3.17B,36.15%,$8.76B,$1.11B,12.66%,$8.76B,$1.11B,12.66%,$8.76B,$1.68B,19.13%,$8.76B,$0.41B,4.72%,$8.76B,$6.94B,79.30%,$6.94B,$6.06B,112.78%,$6.94B,$-4.93B,-141.50%,$6.94B,$16.03B,41.56%,$1.11B,$11.03B,9.55%,$1968,$1254,$714,$0,$353,$1748,$220,$-184,$36,$-66,$102,$102,$179,$361,$220,$596,604,$0.30,$0.30,$935,$1109,$84,$2645,$1042,$1269,$10986,$87,$13384,$16029,$1987,$4972,$283,$7981,$9968,$0,$0,$0,$6061,$16029,$634,$421,$-399,$22,$0,$0,$0,$561,$414,$1070,$-176,$0,$459,$0,$-31,$-31,$-45,$207,$-1519,$0,$-1519,$0,$0,$0,$-88,$-1607,$-756,$29,$0
33,2010-06-30,8.98,$9.75,0.92,$14.44,0.62,$2.64,3.4,$0.92,9.76,$3.14B,$2.19B,1.44,$5.39B,$5.83B,0.92,$8.62B,$3.10B,35.94%,$8.62B,$1.08B,12.57%,$8.62B,$1.08B,12.57%,$8.62B,$1.65B,19.12%,$8.62B,$0.37B,4.26%,$8.62B,$6.76B,78.45%,$6.76B,$5.83B,106.97%,$6.76B,$-5.13B,-140.00%,$6.76B,$16.32B,39.74%,$1.08B,$11.23B,9.09%,$2053,$1284,$769,$0,$356,$1779,$274,$-140,$134,$69,$65,$65,$58,$413,$274,$595,605,$0.10,$0.10,$1100,$956,$77,$3138,$993,$1146,$10960,$83,$13182,$16320,$2185,$5392,$254,$8301,$10486,$0,$0,$0,$5834,$16320,$385,$280,$-364,$-84,$0,$0,$0,$241,$-101,$200,$-123,$0,$459,$0,$-31,$-31,$800,$1105,$-1031,$0,$-1031,$0,$0,$0,$-43,$-1074,$216,$26,$0
34,2010-03-31,12.58,$9.73,1.29,$14.28,0.88,$3.24,3.88,$1.03,12.21,$3.82B,$2.38B,1.61,$6.03B,$5.81B,1.04,$8.50B,$3.06B,35.96%,$8.50B,$1.08B,12.65%,$8.50B,$1.08B,12.65%,$8.50B,$1.64B,19.24%,$8.50B,$0.46B,5.46%,$8.50B,$6.83B,80.35%,$6.83B,$5.81B,105.23%,$6.83B,$-5.28B,-143.74%,$6.83B,$17.15B,39.78%,$1.08B,$11.84B,8.82%,$2025,$1294,$731,$0,$372,$1807,$218,$239,$457,$137,$320,$320,$310,$359,$218,$595,595,$0.52,$0.51,$1731,$1007,$77,$3819,$1012,$1140,$11088,$90,$13330,$17149,$2380,$6025,$220,$8959,$11339,$0,$0,$0,$5810,$17149,$320,$141,$-286,$-145,$0,$0,$0,$204,$-12,$163,$-59,$0,$451,$0,$-31,$-31,$798,$1159,$-437,$0,$-437,$0,$0,$0,$-27,$-464,$847,$22,$0
35,2009-12-31,8.94,$11.61,0.77,$13.96,0.64,$3.20,2.8,$0.42,21.27,$3.38B,$2.74B,1.23,$5.41B,$6.92B,0.78,$8.31B,$2.97B,35.80%,$8.31B,$1.04B,12.53%,$8.31B,$1.04B,12.53%,$8.31B,$1.61B,19.35%,$8.31B,$-0.08B,-0.99%,$8.31B,$6.46B,77.81%,$6.46B,$6.92B,97.71%,$6.46B,$-4.30B,-137.97%,$6.46B,$17.34B,37.75%,$1.04B,$12.33B,8.29%,$2711,$1759,$952,$0,$410,$2314,$397,$-611,$-214,$-86,$-128,$-128,$6397,$542,$397,$594,594,$0.32,$0.33,$884,$985,$65,$3379,$1030,$1629,$11223,$82,$13964,$17343,$2743,$5410,$323,$7677,$10420,$0,$0,$0,$6923,$17343,$6501,$566,$-6184,$-5618,$0,$0,$0,$5,$147,$1030,$-208,$0,$306,$0,$-17,$-17,$-33,$48,$-1261,$0,$-1261,$0,$0,$0,$-121,$-1382,$52,$38,$0
36,2009-09-30,9.14,$11.25,0.81,$13.40,0.68,$2.39,3.83,$-1.10,0.0,$3.05B,$2.62B,1.16,$5.57B,$6.71B,0.83,$7.97B,$2.82B,35.37%,$7.97B,$0.87B,10.91%,$7.97B,$0.87B,10.91%,$7.97B,$1.43B,17.99%,$7.97B,$-0.95B,-11.97%,$7.97B,$-0.65B,-8.15%,$-0.65B,$6.71B,-10.00%,$-0.65B,$-4.61B,13.37%,$-0.65B,$17.22B,-3.79%,$0.87B,$12.28B,6.78%,$1827,$1182,$645,$0,$312,$1633,$194,$-204,$-10,$-13,$3,$3,$-6,$333,$194,$594,594,$-0.01,$-0.01,$816,$1106,$78,$3047,$1013,$1763,$11315,$79,$14170,$17217,$2623,$5570,$365,$7887,$10510,$0,$0,$0,$6707,$17217,$91,$421,$27,$448,$0,$0,$0,$183,$160,$699,$-132,$0,$82,$0,$-16,$-16,$-26,$-92,$-494,$0,$-494,$0,$0,$0,$-124,$-618,$-16,$24,$0
37,2009-06-30,3.99,$10.93,0.37,$13.35,0.3,$1.84,2.17,$-1.09,0.0,$3.00B,$2.44B,1.23,$5.78B,$6.52B,0.89,$7.94B,$2.79B,35.17%,$7.94B,$0.84B,10.54%,$7.94B,$0.84B,10.54%,$7.94B,$1.41B,17.69%,$7.94B,$-1.38B,-17.41%,$7.94B,$-0.93B,-11.67%,$-0.93B,$6.52B,-13.95%,$-0.93B,$-4.82B,19.36%,$-0.93B,$16.97B,-5.23%,$0.84B,$12.30B,6.22%,$1936,$1208,$728,$0,$327,$1670,$266,$-35,$231,$95,$136,$136,$128,$401,$266,$594,598,$0.22,$0.21,$946,$942,$64,$2998,$1021,$1534,$11336,$78,$13969,$16967,$2443,$5784,$333,$8006,$10449,$0,$0,$0,$6518,$16967,$88,$282,$33,$315,$0,$0,$0,$350,$116,$519,$-84,$0,$72,$0,$-23,$-23,$-14,$-49,$-243,$0,$-243,$0,$0,$0,$-97,$-340,$114,$12,$0
38,2009-03-31,2.59,$10.58,0.24,$13.40,0.19,$1.45,1.79,$-1.30,0.0,$3.12B,$1.35B,2.32,$7.03B,$6.31B,1.12,$7.96B,$2.79B,35.06%,$7.96B,$0.83B,10.46%,$7.96B,$0.83B,10.46%,$7.96B,$1.40B,17.61%,$7.96B,$-1.45B,-18.15%,$7.96B,$-0.96B,-12.10%,$-0.96B,$6.31B,-13.99%,$-0.96B,$-5.01B,20.60%,$-0.96B,$16.94B,-5.28%,$0.83B,$13.34B,5.89%,$1831,$1183,$648,$0,$317,$1647,$184,$-273,$-89,$-41,$-48,$-48,$-57,$331,$184,$594,594,$-0.10,$-0.10,$939,$967,$65,$3116,$1010,$1461,$11316,$33,$13820,$16936,$1346,$7030,$364,$9283,$10629,$0,$0,$0,$6307,$16936,$-48,$147,$72,$219,$0,$0,$0,$250,$-64,$107,$-30,$0,$70,$0,$-8,$-8,$7,$39,$8,$0,$8,$0,$0,$0,$-18,$-10,$107,$10,$0
39,2008-12-31,2.49,$10.87,0.23,$13.59,0.18,$1.41,1.77,$-1.20,0.0,$3.28B,$1.71B,1.92,$6.96B,$6.46B,1.08,$8.08B,$2.86B,35.34%,$8.08B,$0.91B,11.21%,$8.08B,$0.91B,11.21%,$8.08B,$1.47B,18.16%,$8.08B,$-1.24B,-15.32%,$8.08B,$-0.78B,-9.67%,$-0.78B,$6.46B,-10.91%,$-0.78B,$-5.01B,17.18%,$-0.78B,$17.49B,-4.16%,$0.91B,$13.41B,6.22%,$2377,$1579,$798,$0,$373,$2151,$226,$-1312,$-1086,$-382,$-704,$-704,$-715,$369,$226,$594,594,$-1.19,$-1.19,$832,$1032,$46,$3282,$1064,$1640,$11465,$36,$14205,$17487,$1710,$6956,$365,$9320,$11030,$0,$0,$0,$6457,$17487,$-745,$561,$931,$1492,$0,$0,$0,$-74,$-239,$508,$-166,$0,$-51,$0,$-340,$-340,$16,$-541,$46,$0,$46,$-75,$-75,$0,$307,$278,$275,$23,$0
40,2008-09-30,10.64,$12.30,0.86,$13.50,0.79,$1.33,8.02,0,0.0,$3.76B,$2.13B,1.76,$7.44B,$7.31B,1.02,$8.18B,$2.95B,36.05%,$8.18B,$1.08B,13.21%,$8.18B,$1.08B,13.21%,$8.18B,$1.64B,20.02%,$8.18B,$0.14B,1.67%,$8.18B,$0.10B,1.27%,$0.10B,$7.31B,1.40%,$0.10B,$-4.32B,-2.38%,$0.10B,$19.51B,0.54%,$1.08B,$14.75B,7.25%,$1798,$1179,$619,$0,$315,$1637,$161,$-600,$-439,$-164,$-275,$-275,$-283,$304,$161,$594,594,$-0.48,$-0.48,$1442,$1157,$83,$3758,$1042,$3045,$11622,$43,$15752,$19510,$2133,$7439,$362,$10070,$12203,$0,$0,$0,$7307,$19510,$-41,$418,$63,$481,$0,$0,$0,$116,$-98,$342,$-100,$0,$-69,$0,$-340,$-340,$15,$-494,$1181,$0,$1181,$-75,$-75,$0,$-70,$1036,$885,$16,$0
41,2008-06-30,12.25,$12.57,0.98,$13.28,0.92,$1.01,12.12,0,0.0,$2.97B,$1.23B,2.42,$7.63B,$7.46B,1.02,$8.14B,$2.98B,36.53%,$8.14B,$1.14B,14.01%,$8.14B,$1.14B,14.01%,$8.14B,$1.69B,20.75%,$8.14B,$0.72B,8.78%,$8.14B,$0.47B,5.71%,$0.47B,$7.46B,6.09%,$0.47B,$-4.37B,-10.96%,$0.47B,$19.03B,2.42%,$1.14B,$15.10B,7.60%,$1954,$1228,$726,$0,$328,$1692,$262,$-93,$169,$67,$102,$102,$92,$398,$262,$594,594,$0.15,$0.15,$731,$1015,$73,$2969,$1098,$3088,$11828,$45,$16059,$19028,$1225,$7632,$345,$10340,$11565,$0,$0,$0,$7463,$19028,$234,$275,$-167,$108,$0,$0,$0,$170,$-77,$265,$-67,$0,$-40,$0,$-340,$-340,$-2,$-449,$462,$0,$462,$-75,$-75,$0,$-42,$345,$174,$8,$0
42,2008-03-31,13.64,$12.46,1.09,$12.80,1.07,$0.77,17.74,0,0.0,$2.92B,$1.31B,2.23,$7.64B,$7.40B,1.03,$7.98B,$2.93B,36.69%,$7.98B,$1.13B,14.11%,$7.98B,$1.13B,14.11%,$7.98B,$1.68B,21.00%,$7.98B,$0.74B,9.22%,$7.98B,$0.48B,5.95%,$0.48B,$7.40B,6.04%,$0.48B,$-4.50B,-11.79%,$0.48B,$19.15B,2.45%,$1.13B,$15.04B,7.49%,$1950,$1238,$712,$0,$316,$1693,$257,$-139,$118,$-14,$132,$132,$125,$396,$257,$594,596,$0.21,$0.21,$646,$1022,$71,$2922,$1116,$3171,$11895,$44,$16226,$19148,$1313,$7638,$364,$10436,$11749,$0,$0,$0,$7399,$19148,$132,$139,$-87,$52,$0,$0,$0,$151,$-96,$88,$-35,$0,$0,$0,$-339,$-339,$5,$-369,$465,$0,$465,$-75,$-75,$0,$-40,$350,$89,$4,$0
43,2007-12-31,15.83,$12.76,1.24,$12.24,1.29,$0.73,21.76,0,0.0,$2.92B,$1.51B,1.94,$7.16B,$7.64B,0.94,$7.80B,$2.88B,36.88%,$7.80B,$1.11B,14.27%,$7.80B,$1.11B,14.27%,$7.80B,$1.65B,21.14%,$7.80B,$0.78B,9.95%,$7.80B,$0.44B,5.65%,$0.44B,$7.64B,5.36%,$0.44B,$-4.28B,-12.04%,$0.44B,$19.33B,2.26%,$1.11B,$14.80B,7.39%,$2480,$1587,$893,$0,$353,$2079,$401,$-112,$289,$110,$179,$199,$170,$540,$401,$634,634,$0.28,$0.27,$557,$975,$61,$2921,$1074,$3369,$11919,$43,$16405,$19326,$1505,$7164,$350,$10184,$11689,$0,$0,$0,$7637,$19326,$470,$536,$-199,$337,$0,$0,$0,$-290,$-203,$604,$-289,$0,$-224,$0,$0,$0,$-74,$-587,$780,$0,$780,$-1224,$-1224,$0,$28,$-416,$-389,$-2,$0
44,2007-09-30,16.02,$13.01,1.23,$11.78,1.36,$0.67,23.93,0,0.0,$2.78B,$1.22B,2.29,$7.04B,$8.05B,0.88,$7.63B,$2.85B,37.29%,$7.63B,$1.13B,14.82%,$7.63B,$1.13B,14.82%,$7.63B,$1.65B,21.65%,$7.63B,$0.82B,10.77%,$7.63B,$0.55B,7.26%,$0.55B,$8.05B,6.53%,$0.55B,$-3.84B,-16.20%,$0.55B,$19.39B,2.83%,$1.13B,$15.09B,7.48%,$1760,$1116,$644,$0,$288,$1539,$221,$-82,$139,$55,$84,$78,$78,$356,$221,$594,628,$0.12,$0.12,$718,$1015,$56,$2778,$1058,$3630,$11880,$44,$16612,$19390,$1215,$7043,$297,$10130,$11345,$0,$0,$0,$8045,$19390,$271,$397,$-236,$161,$0,$0,$0,$-23,$-138,$294,$-236,$0,$-108,$0,$-11,$-11,$-24,$-379,$673,$0,$673,$-821,$-821,$0,$-5,$-153,$-228,$-6,$0
45,2007-06-30,18.46,$13.26,1.39,$11.50,1.61,$0.68,27.26,0,0.0,$2.68B,$1.12B,2.39,$6.82B,$8.40B,0.81,$7.57B,$2.83B,37.44%,$7.57B,$1.16B,15.33%,$7.57B,$1.16B,15.33%,$7.57B,$1.67B,22.05%,$7.57B,$0.85B,11.24%,$7.57B,$0.59B,7.80%,$0.59B,$8.40B,6.93%,$0.59B,$-3.50B,-17.26%,$0.59B,$19.55B,3.02%,$1.16B,$15.22B,7.75%,$1791,$1112,$679,$0,$295,$1544,$247,$-57,$190,$81,$109,$102,$102,$384,$247,$638,638,$0.16,$0.16,$806,$862,$59,$2683,$1012,$3913,$11901,$43,$16869,$19552,$1122,$6819,$252,$10032,$11154,$0,$0,$0,$8398,$19552,$193,$262,$-173,$89,$0,$0,$0,$138,$-57,$225,$-167,$0,$-108,$0,$0,$0,$-4,$-279,$450,$0,$450,$-531,$-531,$0,$-6,$-87,$-140,$-11,$0
46,2007-03-31,19.67,$13.52,1.45,$11.16,1.76,$0.84,23.5,0,0.0,$2.81B,$1.18B,2.37,$6.32B,$8.82B,0.72,$7.49B,$2.81B,37.58%,$7.49B,$1.16B,15.44%,$7.49B,$1.16B,15.44%,$7.49B,$1.65B,22.06%,$7.49B,$0.84B,11.24%,$7.49B,$0.61B,8.20%,$0.61B,$8.82B,7.20%,$0.61B,$-3.04B,-17.98%,$0.61B,$19.65B,3.18%,$1.16B,$15.14B,8.05%,$1771,$1110,$661,$0,$292,$1527,$244,$-86,$158,$60,$98,$91,$91,$369,$244,$596,652,$0.14,$0.14,$885,$885,$56,$2805,$964,$3982,$11853,$43,$16842,$19647,$1182,$6320,$260,$9648,$10830,$0,$0,$0,$8817,$19647,$91,$125,$-102,$23,$0,$0,$0,$120,$-1,$113,$-82,$0,$0,$0,$0,$0,$0,$-82,$-49,$0,$-49,$-34,$-34,$0,$-11,$-94,$-61,$-5,$0
