,Date,Stock Price,Book Value per Share,Price to Book Ratio,TTM Sales per Share,Price to Sales Ratio,TTM FCF per Share,Price to FCF Ratio,TTM Net EPS,PE Ratio,Current Assets,Current Liabilities,Current Ratio,Long Term Debt,Shareholder's Equity_x,Debt to Equity Ratio,TTM Revenue_x,TTM Gross Profit,Gross Margin,TTM Revenue_y,TTM Operating Income,Operating Margin,TTM Revenue_x,TTM EBIT,EBIT Margin,TTM Revenue_y,TTM EBITDA,EBITDA Margin,TTM Revenue_x,TTM Pre-Tax Income,Pre-Tax Margin,TTM Revenue_y,TTM Net Income_x,Net Margin,TTM Net Income_y,Shareholder's Equity_y,Return on Equity,TTM Net Income_x,Tangible Equity,Return on Tangible Equity,TTM Net Income_y,Total Assets,Return on Assets,TTM Net Income,LT Investments & Debt,Return on Investment,revenue,cost-goods-sold,gross-profit,research-development-expenses,selling-general-administrative-expenses,operating-expenses,operating-income,total-non-operating-income-expense,pre-tax-income,total-provision-income-taxes,income-after-taxes,income-from-continuous-operations,net-income,ebitda,ebit,basic-shares-outstanding,shares-outstanding,eps-basic-net-earnings-per-share,eps-earnings-per-share-diluted,cash-on-hand,inventory,other-current-assets,total-current-assets,net-property-plant-equipment,long-term-investments,goodwill-intangible-assets-total,other-long-term-assets,total-long-term-assets,total-assets,total-current-liabilities,long-term-debt,other-non-current-liabilities,total-long-term-liabilities,total-liabilities,common-stock-net,retained-earnings-accumulated-deficit,comprehensive-income,total-share-holder-equity,total-liabilities-share-holders-equity,net-income-loss,total-depreciation-amortization-cash-flow,other-non-cash-items,total-non-cash-items,change-in-accounts-receivable,change-in-inventories,change-in-accounts-payable,change-in-assets-liabilities,total-change-in-assets-liabilities,cash-flow-from-operating-activities,net-change-in-property-plant-equipment,net-change-in-intangible-assets,net-acquisitions-divestitures,net-change-in-short-term-investments,net-change-in-long-term-investments,net-change-in-investments-total,investing-activities-other,cash-flow-from-investing-activities,net-long-term-debt,net-current-debt,debt-issuance-retirement-net-total,net-common-equity-issued-repurchased,net-total-equity-issued-repurchased,total-common-preferred-stock-dividends-paid,financial-activities-other,cash-flow-from-financial-activities,net-cash-flow,stock-based-compensation,common-stock-dividends-paid
0,2017-09-30,6.12,$-3.59,-1.71,$13.96,0.44,$0.45,13.64,$-0.24,0.0,$0.18B,$0.22B,0.78,$0.07B,$-0.12B,-0.57,$0.48B,$0.20B,42.26%,$0.48B,$0.00B,0.21%,$0.48B,$0.00B,0.21%,$0.48B,$0.01B,1.67%,$0.48B,$-0.01B,-1.88%,$0.48B,$-0.01B,-1.88%,$-0.01B,$-0.12B,7.58%,$-0.01B,$-0.12B,7.58%,$-0.01B,$0.21B,-4.10%,$0.00B,$-0.05B,-1.93%,$107,$63,$44,$10,$38,$112,$-5,$-3,$-7,$0,$-8,$-8,$-8,$-3,$-5,$35,35,$-0.23,$-0.23,$11,$49,$9,$175,$11,$0,$0,$25,$36,$211,$223,$71,$6,$112,$335,$0,$-605,$4,$-124,$211,$-12,$3,$5,$8,$10,$-4,$7,$-9,$3,$-0,$-1,$0,$0,$0,$0,$0,$0,$-1,$-2,$0,$-2,$1,$1,$0,$-2,$-2,$-3,$3,$0
1,2017-06-30,7.81,$-3.46,-2.26,$14.82,0.53,$0.52,14.9,$0.07,111.57,$0.18B,$0.23B,0.78,$0.06B,$-0.12B,-0.51,$0.51B,$0.21B,42.29%,$0.51B,$0.01B,2.37%,$0.51B,$0.01B,2.37%,$0.51B,$0.02B,3.56%,$0.51B,$0.00B,0.40%,$0.51B,$0.00B,0.59%,$0.00B,$-0.12B,-2.53%,$0.00B,$-0.12B,-2.53%,$0.00B,$0.21B,1.35%,$0.01B,$-0.06B,-32.65%,$117,$66,$51,$11,$40,$119,$-2,$-2,$-5,$-1,$-4,$-4,$-4,$-1,$-2,$34,34,$-0.11,$-0.11,$11,$48,$10,$178,$10,$0,$0,$25,$35,$213,$229,$60,$5,$102,$331,$0,$-597,$3,$-118,$213,$-4,$2,$2,$3,$7,$-2,$3,$-6,$1,$1,$-0,$0,$0,$0,$0,$0,$-0,$0,$-5,$0,$-5,$0,$0,$0,$-0,$-5,$-4,$2,$0
2,2017-03-31,6.96,$-3.41,-2.04,$14.88,0.47,$0.64,10.93,$0.10,69.6,$0.19B,$0.23B,0.82,$0.07B,$-0.12B,-0.56,$0.51B,$0.21B,42.38%,$0.51B,$0.01B,2.38%,$0.51B,$0.01B,2.38%,$0.51B,$0.02B,3.76%,$0.51B,$0.00B,0.79%,$0.51B,$0.00B,0.59%,$0.00B,$-0.12B,-2.47%,$0.00B,$-0.12B,-2.47%,$0.00B,$0.23B,1.36%,$0.01B,$-0.05B,-55.17%,$121,$69,$52,$11,$40,$120,$1,$-3,$-2,$0,$-2,$-2,$-2,$3,$1,$34,34,$-0.06,$-0.06,$15,$48,$10,$188,$11,$0,$0,$26,$37,$225,$230,$65,$8,$111,$341,$0,$-593,$3,$-116,$225,$4,$7,$12,$19,$-10,$8,$-5,$-6,$-13,$9,$-2,$0,$0,$0,$0,$0,$-20,$-22,$-8,$0,$-8,$1,$1,$0,$-1,$-8,$-21,$7,$0
3,2016-12-31,6.66,$-3.44,-1.94,$15.00,0.44,$-0.04,0.0,$-1.44,0.0,$0.19B,$0.23B,0.83,$0.07B,$-0.12B,-0.62,$0.50B,$0.22B,42.86%,$0.50B,$-0.04B,-7.94%,$0.50B,$-0.04B,-7.94%,$0.50B,$0.02B,4.37%,$0.50B,$-0.05B,-9.52%,$0.50B,$-0.05B,-9.72%,$-0.05B,$-0.12B,39.60%,$-0.05B,$-0.12B,39.52%,$-0.05B,$0.23B,-22.00%,$-0.04B,$-0.04B,533.33%,$133,$78,$55,$11,$37,$126,$7,$-2,$5,$0,$5,$5,$5,$9,$7,$34,34,$0.16,$0.16,$25,$51,$9,$193,$12,$0,$0,$25,$37,$230,$232,$72,$8,$114,$346,$3,$-591,$3,$-117,$230,$6,$5,$9,$14,$-2,$6,$3,$-15,$-9,$10,$-2,$0,$0,$0,$0,$0,$-20,$-22,$0,$0,$0,$1,$1,$0,$-1,$0,$-11,$5,$0
4,2016-09-30,5.89,$-3.64,-1.62,$14.99,0.39,$-0.86,0.0,$-1.60,0.0,$0.20B,$0.17B,1.17,$0.13B,$-0.12B,-1.05,$0.50B,$0.22B,43.49%,$0.50B,$-0.05B,-9.22%,$0.50B,$-0.05B,-9.22%,$0.50B,$0.02B,3.21%,$0.50B,$-0.05B,-10.62%,$0.50B,$-0.06B,-11.02%,$-0.06B,$-0.12B,48.35%,$-0.06B,$-0.12B,42.97%,$-0.06B,$0.22B,-23.43%,$-0.05B,$0.01B,-245.33%,$135,$79,$56,$11,$39,$129,$6,$-1,$4,$0,$4,$4,$4,$7,$6,$34,34,$0.12,$0.12,$32,$57,$7,$204,$12,$0,$0,$4,$17,$221,$174,$130,$8,$171,$344,$3,$-598,$4,$-123,$221,$1,$3,$6,$9,$-2,$2,$5,$-13,$-8,$2,$-1,$0,$0,$0,$0,$0,$-0,$-1,$-5,$0,$-5,$1,$1,$0,$-1,$-5,$-4,$4,$0
5,2016-06-30,3.36,$-3.87,-0.87,$14.59,0.23,$-1.01,0.0,$-2.00,0.0,$0.19B,$0.17B,1.17,$0.13B,$-0.13B,-1.01,$0.48B,$0.21B,43.04%,$0.48B,$-0.06B,-12.89%,$0.48B,$-0.06B,-12.89%,$0.48B,$0.00B,0.21%,$0.48B,$-0.07B,-14.14%,$0.48B,$-0.07B,-14.55%,$-0.07B,$-0.13B,68.29%,$-0.07B,$-0.13B,53.54%,$-0.07B,$0.21B,-27.37%,$-0.06B,$0.00B,-196.83%,$116,$66,$51,$11,$39,$118,$-2,$-1,$-3,$0,$-4,$-4,$-4,$-0,$-2,$33,33,$-0.11,$-0.11,$37,$57,$7,$192,$12,$0,$0,$4,$17,$209,$165,$131,$9,$173,$338,$3,$-602,$4,$-129,$209,$-4,$2,$3,$5,$15,$4,$-8,$-8,$4,$5,$-1,$0,$0,$0,$0,$0,$-0,$-1,$-4,$0,$-4,$0,$0,$0,$-0,$-4,$1,$2,$0
6,2016-03-31,4.88,$-3.78,-1.29,$14.53,0.34,$-1.60,0.0,$-2.24,0.0,$0.21B,$0.18B,1.18,$0.13B,$-0.13B,-1.05,$0.48B,$0.20B,42.65%,$0.48B,$-0.07B,-14.29%,$0.48B,$-0.07B,-14.29%,$0.48B,$-0.01B,-1.05%,$0.48B,$-0.08B,-15.76%,$0.48B,$-0.08B,-16.18%,$-0.08B,$-0.13B,88.25%,$-0.08B,$-0.13B,59.46%,$-0.08B,$0.23B,-27.28%,$-0.07B,$0.01B,-217.60%,$120,$66,$54,$11,$37,$171,$-51,$-2,$-54,$0,$-54,$-54,$-54,$6,$-51,$33,33,$-1.67,$-1.67,$37,$62,$8,$213,$13,$0,$0,$5,$18,$231,$180,$132,$9,$177,$356,$0,$-597,$4,$-126,$231,$-76,$63,$15,$78,$18,$6,$-8,$-14,$-13,$-12,$-3,$0,$0,$0,$0,$0,$-0,$-4,$-18,$0,$-18,$2,$2,$0,$-3,$-19,$-34,$9,$0
7,2015-12-31,7.44,$-2.33,-3.2,$15.42,0.48,$-1.03,0.0,$-0.32,0.0,$0.20B,$0.17B,1.19,$0.14B,$-0.08B,-1.8,$0.50B,$0.21B,41.87%,$0.50B,$-0.01B,-2.78%,$0.50B,$-0.01B,-2.78%,$0.50B,$-0.01B,-0.99%,$0.50B,$-0.01B,-1.59%,$0.50B,$-0.01B,-1.98%,$-0.01B,$-0.08B,14.13%,$-0.01B,$-0.13B,7.86%,$-0.01B,$0.28B,-3.19%,$-0.01B,$0.06B,-44.09%,$128,$72,$56,$11,$42,$127,$1,$-2,$-0,$0,$-1,$-1,$-1,$3,$1,$33,33,$-0.03,$-0.03,$36,$56,$12,$204,$14,$0,$56,$4,$74,$278,$171,$138,$12,$184,$355,$3,$-546,$4,$-77,$278,$-24,$6,$12,$18,$23,$13,$-13,$-20,$-10,$-16,$-3,$0,$0,$0,$0,$0,$-0,$-3,$-15,$0,$-15,$2,$2,$0,$-3,$-16,$-35,$7,$0
8,2015-09-30,5.58,$-2.38,-2.35,$15.29,0.36,$-0.24,0.0,$-0.08,0.0,$0.23B,$0.20B,1.13,$0.14B,$-0.08B,-1.72,$0.52B,$0.22B,42.47%,$0.52B,$-0.01B,-0.97%,$0.52B,$-0.01B,-0.97%,$0.52B,$0.00B,0.77%,$0.52B,$-0.00B,-0.19%,$0.52B,$-0.00B,-0.39%,$-0.00B,$-0.08B,2.83%,$-0.00B,$-0.14B,1.57%,$-0.00B,$0.31B,-0.59%,$-0.01B,$0.06B,-33.90%,$117,$71,$46,$13,$42,$127,$-10,$-1,$-11,$0,$-11,$-11,$-11,$-8,$-10,$33,33,$-0.32,$-0.32,$65,$61,$12,$231,$15,$0,$56,$4,$75,$305,$204,$135,$11,$180,$384,$3,$-545,$4,$-78,$305,$-22,$4,$8,$12,$32,$10,$2,$-22,$7,$-2,$-2,$0,$0,$0,$0,$0,$-0,$-2,$-16,$0,$-16,$2,$2,$0,$-3,$-18,$-22,$5,$0
9,2015-06-30,13.44,$-2.10,-6.39,$15.93,0.84,$0.10,128.49,$0.24,56.0,$0.24B,$0.27B,0.9,$0.07B,$-0.07B,-1.01,$0.54B,$0.24B,44.03%,$0.54B,$0.01B,1.68%,$0.54B,$0.01B,1.68%,$0.54B,$0.02B,3.54%,$0.54B,$0.01B,2.24%,$0.54B,$0.01B,1.87%,$0.01B,$-0.07B,-13.75%,$0.01B,$-0.12B,-7.74%,$0.01B,$0.32B,2.86%,$0.01B,$0.00B,30.00%,$111,$64,$47,$13,$42,$119,$-8,$-2,$-10,$0,$-11,$-11,$-11,$-6,$-8,$32,32,$-0.32,$-0.32,$56,$74,$12,$240,$14,$0,$56,$4,$75,$315,$265,$69,$11,$117,$383,$3,$-534,$4,$-68,$315,$-11,$2,$4,$6,$27,$-1,$-19,$-13,$-9,$-14,$-1,$0,$0,$0,$0,$0,$-0,$-1,$0,$0,$0,$0,$0,$0,$-0,$0,$-14,$3,$0
10,2015-03-31,12.8,$-1.87,-6.84,$16.59,0.77,$0.72,17.74,$0.40,32.0,$0.28B,$0.30B,0.95,$0.07B,$-0.06B,-1.14,$0.55B,$0.25B,44.30%,$0.55B,$0.02B,2.71%,$0.55B,$0.02B,2.71%,$0.55B,$0.03B,5.06%,$0.55B,$0.02B,3.25%,$0.55B,$0.02B,3.07%,$0.02B,$-0.06B,-21.79%,$0.02B,$-0.12B,-12.62%,$0.02B,$0.36B,4.74%,$0.02B,$0.01B,25.64%,$148,$85,$62,$15,$45,$145,$3,$10,$13,$-0,$13,$13,$13,$6,$3,$32,33,$0.46,$0.45,$71,$75,$12,$282,$15,$0,$56,$5,$76,$357,$298,$69,$11,$120,$418,$3,$-523,$4,$-60,$357,$17,$14,$1,$15,$-23,$-21,$13,$-1,$-26,$6,$-3,$0,$-1,$0,$15,$15,$-0,$12,$-50,$0,$-50,$4,$4,$0,$-2,$-49,$-31,$12,$0
11,2014-12-31,14.08,$-2.39,-5.88,$16.18,0.87,$1.58,8.93,$-0.40,0.0,$0.29B,$0.33B,0.89,$0.07B,$-0.08B,-0.91,$0.53B,$0.24B,44.09%,$0.53B,0,0.00%,$0.53B,0,0.00%,$0.53B,$0.02B,2.81%,$0.53B,$-0.01B,-1.69%,$0.53B,$-0.01B,-1.88%,$-0.01B,$-0.08B,11.80%,$-0.01B,$-0.13B,7.03%,$-0.01B,$0.37B,-2.78%,$0.00B,$-0.01B,0.00%,$142,$77,$65,$14,$41,$132,$10,$-2,$7,$0,$7,$7,$7,$12,$10,$32,38,$0.24,$0.24,$110,$63,$10,$293,$15,$0,$57,$9,$81,$374,$328,$70,$13,$123,$451,$3,$-536,$5,$-77,$374,$4,$11,$11,$22,$-9,$-7,$9,$-11,$-15,$11,$-2,$0,$-1,$0,$0,$0,$-0,$-3,$0,$0,$0,$2,$2,$0,$-2,$-0,$8,$9,$0
12,2014-09-30,9.28,$-2.70,-3.44,$17.13,0.54,$1.69,5.5,$-0.72,0.0,$0.27B,$0.19B,1.47,$0.20B,$-0.09B,-2.36,$0.54B,$0.23B,43.02%,$0.54B,$-0.01B,-1.86%,$0.54B,$-0.01B,-1.86%,$0.54B,$0.01B,1.49%,$0.54B,$-0.02B,-3.35%,$0.54B,$-0.02B,-3.54%,$-0.02B,$-0.09B,22.22%,$-0.02B,$-0.14B,13.17%,$-0.02B,$0.35B,-5.33%,$-0.01B,$0.12B,-8.44%,$135,$73,$62,$15,$42,$131,$4,$-2,$2,$0,$1,$1,$1,$7,$4,$32,32,$0.00,$0.00,$108,$61,$10,$272,$16,$0,$57,$9,$82,$354,$185,$204,$14,$256,$440,$3,$-543,$6,$-86,$354,$-3,$8,$7,$16,$9,$-4,$0,$-9,$-4,$9,$-1,$0,$-1,$0,$0,$0,$-0,$-2,$0,$0,$0,$2,$2,$0,$-2,$-1,$6,$6,$0
13,2014-06-30,9.76,$-2.83,-3.45,$17.19,0.57,$1.63,6.0,$-0.96,0.0,$0.27B,$0.18B,1.45,$0.20B,$-0.09B,-2.3,$0.53B,$0.23B,42.21%,$0.53B,$-0.02B,-3.56%,$0.53B,$-0.02B,-3.56%,$0.53B,$0.00B,0.19%,$0.53B,$-0.03B,-5.07%,$0.53B,$-0.03B,-5.25%,$-0.03B,$-0.09B,33.23%,$-0.03B,$-0.15B,19.34%,$-0.03B,$0.35B,-7.88%,$-0.02B,$0.12B,-15.83%,$128,$73,$56,$15,$42,$130,$-2,$-3,$-4,$0,$-4,$-4,$-4,$3,$-2,$31,31,$-0.16,$-0.16,$107,$58,$11,$266,$17,$0,$57,$10,$85,$351,$183,$204,$14,$256,$440,$3,$-544,$7,$-89,$351,$-4,$5,$4,$9,$11,$1,$-3,$-7,$2,$6,$-1,$0,$0,$0,$0,$0,$-0,$-1,$0,$0,$0,$0,$0,$0,$-0,$-0,$5,$3,$0
14,2014-03-31,9.76,$-2.79,-3.5,$17.92,0.54,$1.72,5.69,$-0.72,0.0,$0.27B,$0.19B,1.44,$0.20B,$-0.09B,-2.33,$0.55B,$0.24B,43.22%,$0.55B,$-0.01B,-1.99%,$0.55B,$-0.01B,-1.99%,$0.55B,$0.01B,1.63%,$0.55B,$-0.02B,-3.44%,$0.55B,$-0.02B,-3.80%,$-0.02B,$-0.09B,25.85%,$-0.02B,$-0.15B,14.56%,$-0.02B,$0.36B,-5.88%,$-0.01B,$0.12B,-8.92%,$128,$76,$52,$15,$43,$140,$-12,$-2,$-14,$-0,$-14,$-14,$-14,$-7,$-12,$31,31,$-0.48,$-0.48,$102,$60,$10,$274,$18,$0,$60,$11,$88,$362,$191,$204,$15,$259,$449,$3,$-540,$7,$-87,$362,$-21,$21,$25,$46,$-5,$16,$-6,$9,$11,$35,$-6,$0,$0,$0,$-1,$-1,$0,$-7,$-1,$0,$-1,$4,$4,$0,$-2,$1,$30,$13,$0
15,2013-12-31,9.6,$-2.57,-3.74,$18.44,0.52,$0.68,14.11,$-0.72,0.0,$0.27B,$0.18B,1.5,$0.21B,$-0.08B,-2.57,$0.57B,$0.25B,43.36%,$0.57B,$-0.01B,-2.12%,$0.57B,$-0.01B,-2.12%,$0.57B,$0.01B,1.59%,$0.57B,$-0.02B,-3.54%,$0.57B,$-0.02B,-3.89%,$-0.02B,$-0.08B,27.50%,$-0.02B,$-0.14B,15.15%,$-0.02B,$0.36B,-6.13%,$-0.01B,$0.13B,-9.60%,$146,$84,$61,$16,$44,$146,$-0,$-2,$-2,$0,$-2,$-2,$-2,$5,$-0,$31,31,$-0.08,$-0.08,$83,$71,$11,$270,$18,$0,$62,$10,$90,$360,$181,$205,$15,$259,$440,$2,$-527,$6,$-80,$360,$-7,$16,$19,$35,$-7,$8,$-9,$-2,$-13,$16,$-5,$0,$0,$0,$-1,$-1,$1,$-5,$0,$0,$0,$2,$2,$0,$-2,$1,$11,$10,$0
16,2013-09-30,11.04,$-2.61,-4.23,$19.03,0.58,$-0.24,0.0,$-0.96,0.0,$0.26B,$0.18B,1.45,$0.21B,$-0.08B,-2.54,$0.58B,$0.25B,43.60%,$0.58B,$-0.02B,-3.11%,$0.58B,$-0.02B,-3.11%,$0.58B,$0.01B,0.87%,$0.58B,$-0.03B,-4.50%,$0.58B,$-0.03B,-4.84%,$-0.03B,$-0.08B,35.90%,$-0.03B,$-0.15B,19.21%,$-0.03B,$0.35B,-7.71%,$-0.02B,$0.12B,-14.17%,$131,$75,$56,$16,$45,$136,$-5,$-2,$-7,$1,$-8,$-8,$-8,$0,$-5,$31,31,$-0.24,$-0.24,$77,$80,$11,$255,$19,$0,$64,$10,$93,$348,$175,$205,$9,$253,$429,$2,$-525,$6,$-81,$348,$-5,$11,$14,$25,$11,$2,$-14,$-4,$-12,$8,$-3,$0,$0,$0,$-1,$-1,$-0,$-4,$0,$0,$0,$2,$2,$0,$-2,$0,$5,$7,$0
17,2013-06-30,10.96,$-2.54,-4.31,$19.69,0.56,$-1.11,0.0,$-1.12,0.0,$0.26B,$0.18B,1.44,$0.21B,$-0.08B,-2.65,$0.59B,$0.26B,42.93%,$0.59B,$-0.02B,-3.87%,$0.59B,$-0.02B,-3.87%,$0.59B,$0.00B,0.34%,$0.59B,$-0.03B,-5.22%,$0.59B,$-0.03B,-5.39%,$-0.03B,$-0.08B,42.81%,$-0.03B,$-0.14B,22.11%,$-0.03B,$0.36B,-8.82%,$-0.02B,$0.13B,-18.36%,$148,$78,$70,$17,$45,$142,$6,$-2,$4,$0,$3,$3,$3,$11,$6,$30,31,$0.08,$0.08,$80,$83,$13,$263,$20,$0,$66,$9,$96,$358,$182,$205,$10,$254,$436,$2,$-517,$6,$-77,$358,$3,$6,$8,$13,$11,$1,$-12,$-5,$-7,$9,$-1,$0,$0,$0,$0,$0,$-0,$-1,$0,$0,$0,$0,$0,$0,$-0,$-0,$8,$3,$0
18,2013-03-31,10.24,$-2.71,-3.78,$19.64,0.52,$-1.54,0.0,$-1.76,0.0,$0.27B,$0.20B,1.38,$0.21B,$-0.08B,-2.49,$0.59B,$0.24B,41.06%,$0.59B,$-0.04B,-7.33%,$0.59B,$-0.04B,-7.33%,$0.59B,$-0.02B,-2.56%,$0.59B,$-0.05B,-8.69%,$0.59B,$-0.05B,-8.86%,$-0.05B,$-0.08B,73.50%,$-0.05B,$-0.15B,36.36%,$-0.05B,$0.37B,-14.27%,$-0.04B,$0.12B,-34.61%,$140,$82,$58,$17,$50,$153,$-13,$-2,$-15,$-0,$-15,$-15,$-15,$-7,$-13,$30,30,$-0.48,$-0.48,$72,$88,$12,$269,$21,$0,$68,$10,$100,$369,$195,$205,$13,$256,$451,$2,$-519,$6,$-82,$369,$-52,$27,$25,$52,$12,$2,$-9,$2,$8,$8,$-10,$0,$0,$0,$-2,$-2,$1,$-11,$18,$0,$18,$5,$5,$0,$-2,$21,$18,$15,$0
19,2012-12-31,9.92,$-2.39,-4.14,$20.47,0.48,$-0.28,0.0,$-1.68,0.0,$0.27B,$0.20B,1.4,$0.21B,$-0.07B,-2.84,$0.61B,$0.25B,40.86%,$0.61B,$-0.04B,-6.10%,$0.61B,$-0.04B,-6.10%,$0.61B,$-0.01B,-1.15%,$0.61B,$-0.05B,-7.91%,$0.61B,$-0.05B,-8.07%,$-0.05B,$-0.07B,79.03%,$-0.05B,$-0.14B,35.70%,$-0.05B,$0.38B,-13.21%,$-0.04B,$0.13B,-28.91%,$159,$91,$68,$19,$48,$165,$-6,$-2,$-8,$0,$-8,$-8,$-8,$1,$-6,$30,30,$-0.32,$-0.32,$55,$89,$9,$273,$24,$0,$70,$10,$105,$378,$195,$205,$6,$255,$450,$2,$-503,$7,$-72,$378,$-37,$21,$19,$40,$-5,$4,$-10,$-4,$-11,$-8,$-9,$0,$0,$0,$-2,$-2,$1,$-11,$18,$0,$18,$3,$3,$0,$-2,$19,$0,$12,$0
20,2012-09-30,12.88,$-2.25,-5.73,$20.96,0.61,$1.12,11.53,$-1.20,0.0,$0.24B,$0.18B,1.31,$0.18B,$-0.07B,-2.73,$0.62B,$0.25B,40.90%,$0.62B,$-0.02B,-3.86%,$0.62B,$-0.02B,-3.86%,$0.62B,$0.01B,1.13%,$0.62B,$-0.04B,-5.80%,$0.62B,$-0.04B,-5.96%,$-0.04B,$-0.07B,67.89%,$-0.04B,$-0.14B,27.72%,$-0.04B,$0.35B,-9.73%,$-0.02B,$0.12B,-17.78%,$147,$88,$59,$19,$50,$157,$-10,$-2,$-12,$0,$-12,$-12,$-12,$-3,$-10,$30,30,$-0.40,$-0.40,$33,$92,$9,$238,$26,$0,$73,$8,$107,$346,$182,$184,$6,$232,$413,$2,$-495,$7,$-68,$346,$-29,$15,$13,$28,$11,$4,$-13,$-10,$-14,$-15,$-7,$0,$0,$0,$-2,$-2,$0,$-8,$0,$0,$0,$3,$3,$0,$-2,$1,$-22,$8,$0
21,2012-06-30,16.24,$-2.04,-7.94,$21.58,0.75,$2.19,7.41,$-0.72,0.0,$0.26B,$0.19B,1.33,$0.18B,$-0.06B,-3.05,$0.64B,$0.27B,41.78%,$0.64B,$-0.01B,-1.10%,$0.64B,$-0.01B,-1.10%,$0.64B,$0.03B,4.07%,$0.64B,$-0.02B,-3.13%,$0.64B,$-0.02B,-3.29%,$-0.02B,$-0.06B,42.21%,$-0.02B,$-0.14B,15.76%,$-0.02B,$0.37B,-5.35%,$-0.01B,$0.12B,-4.85%,$141,$85,$56,$19,$51,$155,$-14,$-2,$-16,$0,$-17,$-17,$-17,$-6,$-14,$30,30,$-0.56,$-0.56,$50,$102,$12,$256,$25,$0,$77,$6,$108,$365,$193,$184,$6,$232,$425,$2,$-483,$6,$-61,$365,$-17,$8,$7,$15,$24,$-4,$-9,$-9,$1,$-1,$-4,$0,$0,$0,$0,$0,$0,$-4,$0,$0,$0,$0,$0,$0,$-0,$-0,$-5,$4,$0
22,2012-03-31,20.96,$-1.58,-13.27,$22.20,0.94,$2.64,7.93,$-0.32,0.0,$0.28B,$0.21B,1.34,$0.18B,$-0.05B,-3.95,$0.65B,$0.27B,42.02%,$0.65B,$0.01B,0.77%,$0.65B,$0.01B,0.77%,$0.65B,$0.04B,6.13%,$0.65B,$-0.01B,-1.38%,$0.65B,$-0.01B,-1.38%,$-0.01B,$-0.05B,18.46%,$-0.01B,$-0.13B,6.55%,$-0.01B,$0.40B,-2.22%,$0.01B,$0.14B,3.18%,$160,$95,$65,$19,$52,$167,$-7,$-5,$-12,$-1,$-12,$-12,$-12,$1,$-7,$29,29,$-0.40,$-0.40,$55,$100,$15,$281,$25,$0,$82,$7,$114,$395,$210,$184,$11,$232,$442,$2,$-465,$7,$-47,$395,$-9,$35,$26,$60,$5,$-18,$4,$4,$-5,$46,$-11,$0,$-8,$0,$0,$0,$-3,$-22,$-56,$0,$-56,$10,$10,$0,$-3,$-48,$-25,$14,$0
23,2011-12-31,19.2,$-1.43,-13.46,$22.45,0.86,$2.86,6.72,$0.00,0.0,$0.30B,$0.21B,1.43,$0.20B,$-0.04B,-4.86,$0.66B,$0.28B,42.31%,$0.66B,$0.01B,1.83%,$0.66B,$0.01B,1.83%,$0.66B,$0.05B,7.46%,$0.66B,$0.00B,0.15%,$0.66B,$0.00B,0.15%,$0.00B,$-0.04B,-1.91%,$0.00B,$-0.13B,-0.70%,$0.00B,$0.42B,0.24%,$0.01B,$0.16B,7.19%,$173,$100,$74,$18,$49,$167,$7,$-3,$4,$0,$4,$4,$4,$15,$7,$29,30,$0.16,$0.16,$63,$100,$10,$295,$25,$0,$86,$9,$120,$415,$206,$203,$7,$251,$457,$2,$-454,$7,$-42,$415,$2,$27,$17,$44,$-0,$-14,$7,$-4,$-13,$33,$-9,$0,$-8,$0,$0,$0,$-2,$-19,$-36,$0,$-36,$8,$8,$0,$-3,$-31,$-17,$10,$0
24,2011-09-30,14.48,$-2.04,-7.09,$22.66,0.64,$2.71,5.35,$0.08,181.0,$0.27B,$0.19B,1.4,$0.20B,$-0.05B,-4.13,$0.66B,$0.28B,42.42%,$0.66B,$0.02B,2.42%,$0.66B,$0.02B,2.42%,$0.66B,$0.06B,8.33%,$0.66B,$0.00B,0.30%,$0.66B,$0.00B,0.45%,$0.00B,$-0.05B,-5.17%,$0.00B,$-0.14B,-1.97%,$0.00B,$0.39B,0.70%,$0.02B,$0.15B,8.89%,$165,$93,$72,$19,$46,$158,$7,$-3,$4,$0,$4,$4,$4,$16,$7,$29,30,$0.08,$0.08,$49,$93,$11,$269,$25,$0,$91,$10,$126,$394,$192,$203,$7,$251,$443,$2,$-458,$7,$-49,$394,$-2,$18,$10,$28,$6,$-4,$1,$-6,$-10,$17,$-6,$0,$-8,$0,$0,$0,$-1,$-15,$-36,$0,$-36,$7,$7,$0,$-3,$-31,$-30,$7,$0
25,2011-06-30,26.4,$-2.00,-13.22,$23.17,1.14,$2.44,10.83,$0.08,330.0,$0.28B,$0.19B,1.47,$0.23B,$-0.06B,-4.06,$0.66B,$0.28B,42.08%,$0.66B,$0.02B,2.71%,$0.66B,$0.02B,2.71%,$0.66B,$0.06B,8.90%,$0.66B,$0.00B,0.15%,$0.66B,$0.00B,0.30%,$0.00B,$-0.06B,-3.00%,$0.00B,$-0.15B,-1.22%,$0.00B,$0.42B,0.45%,$0.02B,$0.18B,9.15%,$154,$90,$63,$19,$47,$155,$-2,$-3,$-5,$1,$-5,$-5,$-5,$8,$-2,$29,29,$-0.16,$-0.16,$75,$93,$12,$283,$25,$0,$96,$11,$132,$415,$192,$233,$7,$280,$472,$2,$-462,$7,$-57,$415,$-5,$9,$4,$14,$18,$-1,$-1,$-10,$3,$11,$-3,$0,$-8,$0,$0,$0,$0,$-11,$-5,$0,$-5,$3,$3,$0,$-0,$-2,$-2,$3,$0
26,2011-03-31,20.16,$-2.15,-9.37,$23.85,0.85,$1.50,13.48,$0.16,126.0,$0.30B,$0.21B,1.48,$0.24B,$-0.06B,-3.9,$0.67B,$0.28B,42.11%,$0.67B,$0.02B,3.57%,$0.67B,$0.02B,3.57%,$0.67B,$0.07B,9.97%,$0.67B,$0.00B,0.60%,$0.67B,$0.00B,0.60%,$0.00B,$-0.06B,-5.32%,$0.00B,$-0.15B,-2.27%,$0.00B,$0.43B,0.87%,$0.02B,$0.18B,11.62%,$165,$97,$69,$19,$47,$165,$0,$-2,$-2,$-0,$-2,$-2,$-2,$10,$0,$28,29,$-0.08,$-0.08,$78,$93,$11,$304,$25,$0,$91,$11,$127,$431,$206,$238,$7,$286,$492,$2,$-457,$7,$-61,$431,$5,$42,$26,$67,$-15,$0,$-1,$-5,$-20,$52,$-12,$0,$0,$0,$2,$2,$0,$-10,$-96,$0,$-96,$17,$17,$0,$-2,$-81,$-39,$10,$0
27,2010-12-31,29.76,$-2.32,-12.84,$23.98,1.24,$3.38,8.81,$0.08,372.0,$0.33B,$0.21B,1.61,$0.28B,$-0.07B,-4.27,$0.67B,$0.28B,41.88%,$0.67B,$0.03B,4.02%,$0.67B,$0.03B,4.02%,$0.67B,$0.07B,10.73%,$0.67B,$0.00B,0.30%,$0.67B,$0.00B,0.30%,$0.00B,$-0.07B,-2.42%,$0.00B,$-0.16B,-1.05%,$0.00B,$0.47B,0.42%,$0.03B,$0.21B,12.50%,$176,$101,$76,$18,$46,$165,$11,$-6,$5,$-1,$6,$6,$6,$21,$11,$28,29,$0.24,$0.24,$93,$101,$11,$331,$25,$0,$97,$13,$135,$466,$205,$278,$7,$326,$532,$2,$-455,$7,$-65,$466,$6,$33,$20,$52,$-15,$-4,$2,$-7,$-30,$29,$-9,$0,$0,$0,$0,$0,$0,$-9,$-55,$0,$-55,$14,$14,$0,$-2,$-44,$-24,$8,$0
28,2010-09-30,16.96,$-3.05,-5.57,$24.57,0.69,$5.46,3.11,0,0.0,$0.32B,$0.19B,1.66,$0.31B,$-0.08B,-3.64,$0.68B,$0.28B,41.36%,$0.68B,$0.03B,3.99%,$0.68B,$0.03B,3.99%,$0.68B,$0.08B,11.08%,$0.68B,$0.00B,0.30%,$0.68B,$0.00B,0.15%,$0.00B,$-0.08B,-1.12%,$0.00B,$-0.19B,-0.49%,$0.00B,$0.46B,0.20%,$0.03B,$0.22B,12.46%,$168,$96,$71,$18,$44,$159,$9,$-6,$3,$0,$3,$3,$3,$20,$9,$27,28,$0.08,$0.08,$98,$100,$13,$320,$26,$0,$103,$9,$139,$460,$193,$305,$7,$351,$543,$2,$-461,$7,$-84,$460,$0,$23,$12,$36,$3,$0,$-4,$-18,$-25,$10,$-8,$0,$0,$0,$0,$0,$0,$-8,$-23,$0,$-23,$3,$3,$0,$-2,$-22,$-19,$6,$0
29,2010-06-30,15.04,$-3.36,-4.48,$25.07,0.6,$7.66,1.96,$0.32,47.0,$0.33B,$0.22B,1.54,$0.31B,$-0.09B,-3.37,$0.68B,$0.29B,41.81%,$0.68B,$0.03B,4.82%,$0.68B,$0.03B,4.82%,$0.68B,$0.08B,12.13%,$0.68B,$0.01B,1.46%,$0.68B,$0.01B,1.32%,$0.01B,$-0.09B,-9.70%,$0.01B,$-0.20B,-4.14%,$0.01B,$0.48B,1.80%,$0.03B,$0.22B,15.46%,$163,$96,$67,$18,$46,$159,$4,$-6,$-2,$0,$-3,$-3,$-3,$16,$4,$27,27,$-0.08,$-0.08,$99,$106,$14,$333,$24,$0,$111,$10,$144,$477,$217,$305,$7,$351,$568,$2,$-464,$6,$-91,$477,$-3,$12,$8,$20,$-2,$-4,$-5,$-17,$-33,$-16,$-2,$0,$0,$0,$0,$0,$0,$-2,$-0,$0,$-0,$1,$1,$0,$-0,$0,$-18,$3,$0
30,2010-03-31,21.04,$-3.40,-6.19,$24.69,0.85,$9.43,2.23,$0.56,37.57,$0.35B,$0.24B,1.44,$0.31B,$-0.09B,-3.35,$0.68B,$0.28B,41.26%,$0.68B,$0.03B,4.26%,$0.68B,$0.03B,4.26%,$0.68B,$0.08B,11.75%,$0.68B,$0.02B,2.64%,$0.68B,$0.02B,2.50%,$0.02B,$-0.09B,-17.35%,$0.02B,$-0.21B,-7.34%,$0.02B,$0.50B,3.36%,$0.03B,$0.22B,13.17%,$164,$97,$67,$18,$46,$162,$3,$-7,$-4,$1,$-4,$-4,$-4,$15,$3,$27,28,$-0.16,$-0.16,$117,$107,$15,$350,$25,$0,$120,$10,$154,$504,$243,$306,$7,$353,$595,$2,$-461,$6,$-91,$504,$17,$51,$5,$56,$4,$6,$11,$11,$28,$100,$-9,$0,$0,$0,$0,$0,$-0,$-9,$-64,$0,$-64,$3,$3,$0,$-1,$-62,$29,$10,$0
31,2009-12-31,23.44,$-3.36,-6.98,$25.24,0.93,$9.35,2.51,$0.32,73.25,$0.35B,$0.25B,1.4,$0.31B,$-0.09B,-3.41,$0.69B,$0.28B,40.15%,$0.69B,$0.02B,2.92%,$0.69B,$0.02B,2.92%,$0.69B,$0.07B,10.51%,$0.69B,$0.01B,1.46%,$0.69B,$0.01B,1.31%,$0.01B,$-0.09B,-8.55%,$0.01B,$-0.22B,-3.63%,$0.01B,$0.51B,1.74%,$0.02B,$0.22B,8.42%,$182,$107,$75,$18,$45,$170,$11,$-6,$5,$0,$5,$5,$5,$24,$11,$27,28,$0.16,$0.16,$101,$105,$17,$349,$25,$0,$129,$11,$165,$514,$250,$306,$7,$354,$604,$2,$-457,$7,$-90,$514,$21,$38,$-1,$37,$-9,$12,$11,$15,$23,$82,$-6,$0,$0,$0,$0,$0,$-0,$-6,$-64,$0,$-64,$2,$2,$0,$-1,$-63,$13,$7,$0
32,2009-09-30,10.08,$-3.70,-2.72,$26.41,0.38,$8.34,1.21,$-12.80,0.0,$0.33B,$0.25B,1.32,$0.31B,$-0.10B,-3.11,$0.71B,$0.29B,40.45%,$0.71B,$-0.31B,-44.41%,$0.71B,$-0.31B,-44.41%,$0.71B,$0.08B,10.89%,$0.71B,$-0.33B,-46.11%,$0.71B,$-0.33B,-45.97%,$-0.33B,$-0.10B,294.78%,$-0.33B,$-0.24B,115.76%,$-0.33B,$0.50B,-60.52%,$-0.31B,$0.21B,-122.06%,$175,$98,$77,$17,$43,$160,$15,$-4,$11,$-1,$11,$11,$11,$28,$15,$27,27,$0.48,$0.32,$85,$108,$18,$327,$25,$0,$138,$11,$174,$502,$247,$307,$7,$353,$600,$2,$-461,$7,$-99,$502,$16,$26,$-7,$19,$2,$12,$5,$15,$29,$64,$-3,$0,$0,$0,$0,$0,$0,$-3,$-63,$0,$-63,$0,$0,$0,$-1,$-64,$-2,$5,$0
33,2009-06-30,6.64,$-4.26,-1.56,$28.11,0.24,$7.10,0.94,$-13.28,0.0,$0.32B,$0.22B,1.48,$0.35B,$-0.11B,-3.16,$0.75B,$0.29B,39.09%,$0.75B,$-0.32B,-43.24%,$0.75B,$-0.32B,-43.24%,$0.75B,$0.07B,9.37%,$0.75B,$-0.34B,-45.38%,$0.75B,$-0.34B,-45.38%,$-0.34B,$-0.11B,1093.55%,$-0.34B,$-0.26B,107.45%,$-0.34B,$0.51B,-52.44%,$-0.32B,$0.24B,-89.41%,$160,$99,$62,$17,$42,$160,$0,$6,$6,$1,$5,$5,$5,$13,$0,$26,28,$0.16,$-0.16,$78,$115,$29,$320,$27,$0,$147,$11,$185,$506,$216,$354,$7,$402,$618,$2,$-473,$7,$-112,$506,$5,$13,$-8,$5,$19,$6,$6,$-2,$23,$33,$-2,$0,$0,$0,$0,$0,$0,$-2,$-41,$0,$-41,$0,$0,$0,$-0,$-41,$-9,$2,$0
34,2009-03-31,5.36,$-4.56,-1.17,$31.01,0.17,$6.91,0.78,$-14.00,0.0,$0.35B,$0.22B,1.64,$0.40B,$-0.12B,-3.37,$0.81B,$0.31B,37.70%,$0.81B,$-0.33B,-40.67%,$0.81B,$-0.33B,-40.67%,$0.81B,$0.07B,8.28%,$0.81B,$-0.36B,-44.25%,$0.81B,$-0.36B,-44.25%,$-0.36B,$-0.12B,-698.54%,$-0.36B,$-0.28B,102.87%,$-0.36B,$0.55B,-46.58%,$-0.33B,$0.28B,-70.53%,$168,$107,$61,$17,$48,$174,$-6,$-6,$-12,$-1,$-12,$-12,$-12,$7,$-6,$26,26,$-0.40,$-0.40,$87,$124,$25,$354,$29,$0,$156,$11,$195,$549,$216,$404,$6,$454,$669,$2,$-478,$6,$-120,$549,$-358,$397,$31,$428,$75,$8,$-53,$-1,$20,$89,$-5,$0,$0,$0,$1,$1,$-0,$-5,$-92,$0,$-92,$3,$3,$0,$-1,$-90,$-7,$11,$0
35,2008-12-31,2.88,$-4.19,-0.69,$33.62,0.09,$4.05,0.71,$-14.24,0.0,$0.31B,$0.24B,1.29,$0.41B,$-0.11B,-3.68,$0.87B,$0.32B,36.78%,$0.87B,$-0.33B,-37.82%,$0.87B,$-0.33B,-37.82%,$0.87B,$0.05B,5.86%,$0.87B,$-0.36B,-41.61%,$0.87B,$-0.36B,-41.49%,$-0.36B,$-0.11B,-261.12%,$-0.36B,$-0.35B,101.05%,$-0.36B,$0.59B,-40.21%,$-0.33B,$0.30B,-57.07%,$204,$118,$86,$16,$50,$527,$-323,$-8,$-331,$-2,$-329,$-329,$-329,$29,$-323,$26,26,$-12.64,$-12.64,$51,$66,$32,$307,$31,$0,$241,$11,$283,$591,$238,$405,$11,$463,$701,$2,$-466,$6,$-110,$591,$-346,$384,$22,$406,$38,$2,$-39,$-1,$-10,$50,$-4,$0,$0,$0,$1,$1,$0,$-3,$-91,$0,$-91,$3,$3,$0,$-1,$-89,$-42,$8,$0
36,2008-09-30,8.4,$8.29,1.01,$35.76,0.23,$1.43,5.89,$-1.36,0.0,$0.30B,$0.26B,1.18,$0.41B,$0.22B,1.87,$0.92B,$0.32B,34.93%,$0.92B,$0.00B,0.33%,$0.92B,$0.00B,0.33%,$0.92B,$0.05B,5.66%,$0.92B,$-0.03B,-3.59%,$0.92B,$-0.03B,-3.70%,$-0.03B,$0.22B,-15.14%,$-0.03B,$-0.38B,9.25%,$-0.03B,$0.94B,-3.32%,$0.00B,$0.62B,0.43%,$215,$133,$83,$19,$58,$210,$6,$-8,$-2,$1,$-3,$-3,$-3,$21,$6,$26,26,$-0.08,$-0.08,$33,$77,$30,$300,$34,$0,$594,$12,$640,$940,$255,$406,$14,$468,$723,$2,$-137,$8,$218,$940,$-18,$32,$15,$47,$35,$-9,$-20,$-1,$1,$31,$-3,$0,$0,$0,$0,$0,$0,$-3,$-90,$0,$-90,$3,$3,$0,$-1,$-88,$-60,$6,$0
37,2008-06-30,10.8,$8.37,1.29,$37.40,0.29,$-1.11,0.0,$-2.08,0.0,$0.34B,$0.27B,1.25,$0.45B,$0.22B,2.06,$0.95B,$0.32B,33.16%,$0.95B,0,0.00%,$0.95B,0,0.00%,$0.95B,$0.07B,6.82%,$0.95B,$-0.05B,-5.25%,$0.95B,$-0.05B,-5.35%,$-0.05B,$0.22B,-22.44%,$-0.05B,$-0.39B,13.52%,$-0.05B,$0.99B,-4.80%,$0.00B,$0.66B,0.00%,$222,$147,$75,$19,$62,$228,$-6,$-7,$-13,$1,$-14,$-14,$-14,$10,$-6,$26,26,$-0.56,$-0.56,$67,$79,$31,$339,$36,$0,$605,$13,$654,$994,$271,$446,$14,$506,$777,$2,$-134,$8,$217,$994,$-14,$16,$7,$23,$34,$-5,$-10,$2,$16,$26,$-2,$0,$0,$0,$0,$0,$0,$-2,$-50,$0,$-50,$0,$0,$0,$-0,$-50,$-26,$3,$0
38,2008-03-31,17.12,$8.81,1.94,$38.74,0.44,$-3.08,0.0,$-2.40,0.0,$0.47B,$0.28B,1.67,$0.50B,$0.23B,2.18,$0.98B,$0.32B,32.65%,$0.98B,$-0.01B,-0.82%,$0.98B,$-0.01B,-0.82%,$0.98B,$0.07B,6.96%,$0.98B,$-0.06B,-6.24%,$0.98B,$-0.06B,-6.14%,$-0.06B,$0.23B,-25.81%,$-0.06B,$-0.31B,15.63%,$-0.06B,$1.07B,-5.50%,$-0.01B,$0.72B,-1.07%,$229,$153,$76,$21,$61,$235,$-6,$-10,$-16,$-1,$-15,$-15,$-15,$-9,$-6,$25,25,$-0.64,$-0.64,$94,$153,$31,$473,$39,$0,$541,$13,$593,$1066,$282,$496,$15,$556,$838,$2,$-119,$8,$228,$1066,$-60,$76,$36,$112,$-32,$-3,$14,$14,$-28,$24,$-16,$0,$2,$-65,$100,$35,$-0,$21,$-31,$0,$-31,$18,$18,$0,$-1,$-14,$33,$14,$0
39,2007-12-31,21.52,$9.16,2.35,$41.23,0.52,$-1.48,0.0,$-2.56,0.0,$0.41B,$0.29B,1.45,$0.52B,$0.24B,2.19,$1.03B,$0.33B,31.71%,$1.03B,$-0.01B,-0.78%,$1.03B,$-0.01B,-0.78%,$1.03B,$0.09B,8.49%,$1.03B,$-0.06B,-6.15%,$1.03B,$-0.07B,-6.34%,$-0.07B,$0.24B,-27.20%,$-0.07B,$-0.39B,15.85%,$-0.07B,$1.09B,-5.88%,$-0.01B,$0.75B,-1.06%,$253,$165,$87,$20,$58,$244,$9,$-11,$-2,$1,$-2,$-2,$-2,$30,$9,$26,26,$-0.08,$-0.08,$83,$74,$31,$412,$40,$0,$628,$13,$682,$1094,$285,$516,$14,$573,$859,$333,$-105,$7,$235,$1094,$-45,$79,$9,$88,$-60,$3,$14,$12,$-48,$-5,$-17,$0,$2,$35,$5,$40,$0,$25,$-11,$0,$-11,$14,$14,$0,$0,$3,$23,$10,$0
40,2007-09-30,27.2,$9.00,3.02,$43.78,0.62,$-1.41,0.0,$-2.88,0.0,$0.40B,$0.28B,1.44,$0.54B,$0.23B,2.35,$1.07B,$0.33B,30.45%,$1.07B,$-0.01B,-1.21%,$1.07B,$-0.01B,-1.21%,$1.07B,$0.09B,8.19%,$1.07B,$-0.07B,-6.52%,$1.07B,$-0.07B,-6.80%,$-0.07B,$0.23B,-29.52%,$-0.07B,$-0.41B,17.64%,$-0.07B,$1.10B,-6.35%,$-0.01B,$0.77B,-1.64%,$249,$170,$78,$23,$52,$245,$3,$-23,$-19,$1,$-20,$-20,$-20,$34,$3,$25,25,$-0.80,$-0.80,$84,$69,$31,$397,$42,$0,$642,$13,$698,$1095,$275,$536,$14,$592,$867,$324,$-102,$7,$229,$1095,$-43,$58,$5,$63,$-49,$10,$1,$6,$-43,$-24,$-14,$0,$2,$35,$5,$40,$0,$29,$9,$0,$9,$9,$9,$0,$0,$18,$24,$7,$0
41,2007-06-30,25.36,$9.57,2.65,$44.43,0.57,$-0.96,0.0,$-3.36,0.0,$0.40B,$0.30B,1.37,$0.52B,$0.24B,2.19,$1.08B,$0.32B,29.77%,$1.08B,$-0.04B,-3.53%,$1.08B,$-0.04B,-3.53%,$1.08B,$0.05B,4.93%,$1.08B,$-0.08B,-7.35%,$1.08B,$-0.08B,-7.81%,$-0.08B,$0.24B,-32.56%,$-0.08B,$-0.42B,20.22%,$-0.08B,$1.11B,-6.97%,$-0.04B,$0.76B,-4.60%,$246,$168,$78,$26,$57,$260,$-14,$-9,$-24,$-1,$-23,$-23,$-23,$13,$-14,$25,25,$-0.88,$-0.88,$90,$76,$47,$403,$39,$0,$655,$14,$708,$1110,$295,$521,$14,$577,$872,$314,$-82,$6,$238,$1110,$-23,$27,$1,$28,$-26,$7,$-7,$2,$-27,$-21,$-5,$0,$0,$25,$0,$25,$0,$20,$24,$0,$24,$3,$3,$0,$0,$26,$25,$3,$0
42,2007-03-31,21.6,$10.29,2.1,$42.45,0.51,$-0.65,0.0,$-2.64,0.0,$0.39B,$0.33B,1.17,$0.50B,$0.25B,1.96,$1.02B,$0.29B,28.94%,$1.02B,$-0.03B,-2.66%,$1.02B,$-0.03B,-2.66%,$1.02B,$0.05B,4.63%,$1.02B,$-0.06B,-5.81%,$1.02B,$-0.07B,-6.40%,$-0.07B,$0.25B,-24.16%,$-0.07B,$-0.42B,24.64%,$-0.07B,$1.13B,-5.95%,$-0.03B,$0.75B,-3.61%,$277,$196,$82,$29,$54,$283,$-6,$-12,$-18,$2,$-20,$-20,$-20,$10,$-6,$24,24,$-0.80,$-0.80,$95,$91,$33,$386,$50,$0,$671,$18,$739,$1126,$329,$498,$0,$542,$871,$2,$-60,$7,$254,$1126,$-64,$74,$33,$107,$48,$7,$-5,$-1,$21,$64,$-17,$0,$-539,$67,$0,$67,$0,$-490,$353,$0,$353,$10,$10,$0,$0,$363,$-63,$9,$0
43,2006-12-31,18.56,$10.98,1.69,$39.85,0.47,$-3.34,0.0,$-2.80,0.0,$0.51B,$0.33B,1.57,$0.62B,$0.27B,2.33,$0.95B,$0.27B,28.57%,$0.95B,$-0.05B,-4.97%,$0.95B,$-0.05B,-4.97%,$0.95B,$0.02B,2.33%,$0.95B,$-0.06B,-6.77%,$0.95B,$-0.07B,-7.20%,$-0.07B,$0.27B,-24.66%,$-0.07B,$-0.41B,53.23%,$-0.07B,$1.27B,-6.97%,$-0.05B,$0.89B,-7.02%,$302,$213,$89,$30,$55,$298,$4,$-13,$-9,$0,$-10,$-10,$-10,$31,$4,$24,24,$-0.40,$-0.40,$151,$99,$40,$513,$61,$0,$676,$15,$752,$1266,$327,$624,$0,$670,$997,$302,$-40,$6,$268,$1266,$-44,$58,$21,$79,$-5,$5,$-23,$-3,$-44,$-8,$-11,$0,$-539,$60,$0,$60,$0,$-491,$479,$0,$479,$6,$6,$0,$0,$485,$-14,$7,$0
