,Date,Stock Price,Book Value per Share,Price to Book Ratio,TTM Sales per Share,Price to Sales Ratio,TTM FCF per Share,Price to FCF Ratio,TTM Net EPS,PE Ratio,Current Assets,Current Liabilities,Current Ratio,Long Term Debt,Shareholder's Equity_x,Debt to Equity Ratio,TTM Revenue_x,TTM Gross Profit,Gross Margin,TTM Revenue_y,TTM Operating Income,Operating Margin,TTM Revenue_x,TTM EBIT,EBIT Margin,TTM Revenue_y,TTM EBITDA,EBITDA Margin,TTM Revenue_x,TTM Pre-Tax Income,Pre-Tax Margin,TTM Revenue_y,TTM Net Income_x,Net Margin,TTM Net Income_y,Shareholder's Equity_y,Return on Equity,TTM Net Income_x,Tangible Equity,Return on Tangible Equity,TTM Net Income_y,Total Assets,Return on Assets,TTM Net Income,LT Investments & Debt,Return on Investment,revenue,cost-goods-sold,gross-profit,research-development-expenses,selling-general-administrative-expenses,operating-expenses,operating-income,total-non-operating-income-expense,pre-tax-income,total-provision-income-taxes,income-after-taxes,income-from-continuous-operations,net-income,ebitda,ebit,basic-shares-outstanding,shares-outstanding,eps-basic-net-earnings-per-share,eps-earnings-per-share-diluted,cash-on-hand,inventory,other-current-assets,total-current-assets,net-property-plant-equipment,long-term-investments,goodwill-intangible-assets-total,other-long-term-assets,total-long-term-assets,total-assets,total-current-liabilities,long-term-debt,other-non-current-liabilities,total-long-term-liabilities,total-liabilities,common-stock-net,retained-earnings-accumulated-deficit,comprehensive-income,total-share-holder-equity,total-liabilities-share-holders-equity,net-income-loss,total-depreciation-amortization-cash-flow,other-non-cash-items,total-non-cash-items,change-in-accounts-receivable,change-in-inventories,change-in-accounts-payable,change-in-assets-liabilities,total-change-in-assets-liabilities,cash-flow-from-operating-activities,net-change-in-property-plant-equipment,net-change-in-intangible-assets,net-acquisitions-divestitures,net-change-in-short-term-investments,net-change-in-long-term-investments,net-change-in-investments-total,investing-activities-other,cash-flow-from-investing-activities,net-long-term-debt,net-current-debt,debt-issuance-retirement-net-total,net-common-equity-issued-repurchased,net-total-equity-issued-repurchased,total-common-preferred-stock-dividends-paid,financial-activities-other,cash-flow-from-financial-activities,net-cash-flow,stock-based-compensation,common-stock-dividends-paid
0,2018-09-30,20.84,$9.93,2.1,$81.27,0.26,$4.69,4.44,$1.63,12.79,$0.97B,$0.76B,1.28,$1.03B,$0.51B,2.0,$4.18B,$0.80B,19.08%,$4.18B,$0.11B,2.54%,$4.18B,$0.11B,2.54%,$4.18B,$0.34B,8.14%,$4.18B,$0.04B,0.86%,$4.18B,$0.08B,1.99%,$0.08B,$0.51B,15.76%,$0.08B,$0.34B,22.16%,$0.08B,$2.53B,3.32%,$0.11B,$1.54B,7.02%,$1029,$832,$197,$0,$92,$989,$41,$-15,$25,$3,$22,$23,$23,$101,$41,$49,51,$0.47,$0.46,$6,$355,$0,$971,$1285,$4,$177,$97,$1562,$2534,$762,$1027,$187,$1258,$2021,$1,$-175,$-132,$513,$2534,$29,$176,$20,$197,$0,$0,$0,$-179,$-179,$47,$-63,$0,$-71,$0,$0,$0,$15,$-120,$106,$0,$106,$-33,$-33,$-48,$-9,$17,$-58,$35,$-48
1,2018-06-30,20.56,$9.74,2.11,$80.65,0.25,$7.74,2.65,$1.55,13.26,$0.88B,$0.71B,1.24,$1.01B,$0.50B,2.0,$4.15B,$0.82B,19.77%,$4.15B,$0.11B,2.70%,$4.15B,$0.11B,2.70%,$4.15B,$0.35B,8.31%,$4.15B,$0.04B,1.04%,$4.15B,$0.08B,1.93%,$0.08B,$0.50B,15.53%,$0.08B,$0.32B,20.25%,$0.08B,$2.47B,3.22%,$0.11B,$1.51B,7.53%,$1016,$827,$189,$0,$99,$995,$21,$-15,$6,$-4,$9,$10,$9,$80,$21,$51,53,$0.19,$0.18,$9,$291,$0,$878,$1307,$4,$185,$97,$1592,$2470,$711,$1006,$206,$1256,$1967,$1,$-183,$-133,$503,$2470,$6,$116,$23,$139,$0,$0,$0,$-105,$-105,$41,$-45,$0,$-71,$0,$0,$0,$15,$-102,$80,$0,$80,$-33,$-33,$-32,$-8,$7,$-56,$31,$-32
2,2018-03-31,24.64,$10.61,2.32,$79.94,0.31,$9.59,2.57,$1.50,16.43,$0.89B,$0.72B,1.23,$0.98B,$0.57B,1.73,$4.10B,$0.83B,20.24%,$4.10B,$0.12B,2.95%,$4.10B,$0.12B,2.95%,$4.10B,$0.36B,8.66%,$4.10B,$0.05B,1.27%,$4.10B,$0.08B,1.90%,$0.08B,$0.57B,15.48%,$0.08B,$0.36B,18.71%,$0.08B,$2.54B,3.15%,$0.12B,$1.55B,8.20%,$968,$792,$175,$0,$87,$960,$7,$-14,$-7,$-3,$-4,$-4,$-4,$64,$7,$50,50,$-0.07,$-0.07,$30,$269,$0,$886,$1352,$4,$205,$96,$1657,$2543,$721,$984,$225,$1253,$1974,$1,$-176,$-119,$569,$2543,$-4,$57,$17,$74,$0,$0,$0,$-68,$-68,$2,$-20,$0,$-74,$0,$0,$0,$13,$-80,$65,$0,$65,$4,$4,$-17,$-8,$44,$-34,$28,$-17
3,2017-12-31,21.72,$10.05,2.16,$80.02,0.27,$10.93,1.99,$2.06,10.54,$0.91B,$0.75B,1.22,$0.92B,$0.52B,1.76,$4.13B,$0.87B,21.11%,$4.13B,$0.17B,3.99%,$4.13B,$0.17B,3.99%,$4.13B,$0.40B,9.73%,$4.13B,$0.09B,2.23%,$4.13B,$0.11B,2.59%,$0.11B,$0.52B,22.43%,$0.11B,$0.48B,25.04%,$0.11B,$2.45B,4.35%,$0.17B,$1.44B,11.31%,$1164,$929,$236,$0,$103,$1127,$37,$-25,$12,$-43,$55,$55,$55,$95,$37,$50,52,$1.10,$1.07,$64,$247,$0,$909,$1378,$4,$43,$119,$1544,$2452,$746,$917,$225,$1184,$1930,$1,$-163,$-124,$522,$2452,$107,$236,$5,$241,$9,$13,$0,$-36,$-4,$344,$-62,$0,$14,$0,$0,$0,$11,$-37,$-173,$0,$-173,$-1,$-1,$-63,$-15,$-252,$55,$16,$-63
4,2017-09-30,21.44,$9.00,2.38,$81.61,0.26,$10.95,1.96,$1.73,12.39,$0.91B,$0.73B,1.24,$0.98B,$0.47B,2.11,$4.17B,$0.89B,21.34%,$4.17B,$0.19B,4.56%,$4.17B,$0.19B,4.56%,$4.17B,$0.43B,10.32%,$4.17B,$0.12B,2.98%,$4.17B,$0.09B,2.16%,$0.09B,$0.47B,19.69%,$0.09B,$0.42B,22.33%,$0.09B,$2.48B,3.62%,$0.19B,$1.45B,12.94%,$1005,$785,$221,$0,$108,$959,$47,$-15,$32,$12,$20,$20,$20,$106,$47,$50,52,$0.40,$0.38,$17,$308,$0,$908,$1427,$3,$48,$91,$1569,$2477,$732,$981,$247,$1279,$2011,$1,$-202,$-138,$466,$2477,$52,$178,$21,$199,$0,$0,$0,$-71,$-71,$180,$-39,$0,$0,$0,$0,$0,$0,$-39,$-80,$0,$-80,$-1,$-1,$-47,$-15,$-143,$-2,$13,$-47
5,2017-06-30,21.39,$8.81,2.43,$82.96,0.26,$12.44,1.72,$1.57,13.62,$0.83B,$0.67B,1.23,$1.00B,$0.46B,2.19,$4.22B,$0.90B,21.35%,$4.22B,$0.18B,4.20%,$4.22B,$0.18B,4.20%,$4.22B,$0.42B,9.99%,$4.22B,$0.11B,2.51%,$4.22B,$0.08B,1.92%,$0.08B,$0.46B,18.39%,$0.08B,$0.41B,21.20%,$0.08B,$2.43B,3.21%,$0.18B,$1.46B,12.00%,$963,$765,$198,$0,$104,$933,$30,$-15,$15,$8,$7,$7,$7,$90,$30,$50,52,$0.14,$0.13,$11,$264,$0,$825,$1458,$3,$52,$94,$1606,$2432,$672,$1003,$257,$1301,$1973,$1,$-206,$-142,$459,$2432,$32,$119,$8,$127,$0,$0,$0,$-47,$-47,$112,$-21,$0,$0,$0,$0,$0,$0,$-21,$-55,$0,$-55,$2,$2,$-32,$-15,$-99,$-9,$10,$-32
6,2017-03-31,23.25,$8.86,2.62,$86.11,0.27,$14.68,1.58,$1.28,18.17,$0.84B,$0.68B,1.24,$1.02B,$0.46B,2.22,$4.29B,$0.91B,21.31%,$4.29B,$0.16B,3.73%,$4.29B,$0.16B,3.73%,$4.29B,$0.42B,9.87%,$4.29B,$0.09B,2.01%,$4.29B,$0.07B,1.54%,$0.07B,$0.46B,15.55%,$0.07B,$0.41B,18.24%,$0.07B,$2.47B,2.57%,$0.16B,$1.49B,10.78%,$999,$781,$218,$0,$99,$948,$51,$-18,$33,$7,$26,$25,$25,$111,$51,$49,52,$0.52,$0.49,$10,$269,$0,$835,$1487,$3,$55,$90,$1636,$2471,$675,$1024,$273,$1335,$2010,$1,$-197,$-145,$461,$2471,$25,$60,$9,$69,$0,$0,$0,$-31,$-31,$63,$-13,$0,$0,$0,$0,$0,$-2,$-15,$-28,$0,$-28,$1,$1,$-17,$-15,$-58,$-9,$6,$-17
7,2016-12-31,24.49,$8.59,2.85,$88.21,0.28,$15.53,1.58,$0.87,28.15,$0.90B,$0.78B,1.17,$1.04B,$0.44B,2.35,$4.33B,$0.94B,21.60%,$4.33B,$0.12B,2.82%,$4.33B,$0.12B,2.82%,$4.33B,$0.40B,9.33%,$4.33B,$0.06B,1.36%,$4.33B,$0.05B,1.04%,$0.05B,$0.44B,10.90%,$0.05B,$0.38B,13.18%,$0.05B,$2.57B,1.72%,$0.12B,$1.48B,8.07%,$1198,$945,$253,$0,$113,$1136,$62,$-18,$44,$7,$37,$38,$38,$123,$62,$48,50,$0.78,$0.76,$19,$265,$0,$903,$1520,$4,$60,$84,$1668,$2570,$775,$1039,$280,$1354,$2129,$1,$-206,$-153,$442,$2570,$45,$281,$1,$282,$85,$13,$0,$-56,$26,$353,$-80,$0,$0,$0,$-9,$-9,$4,$-84,$-228,$0,$-228,$22,$22,$-61,$-2,$-269,$-2,$15,$-61
8,2016-09-30,24.08,$7.83,3.07,$91.57,0.26,$15.16,1.59,$-0.06,0.0,$0.96B,$0.80B,1.2,$1.08B,$0.40B,2.69,$4.45B,$0.96B,21.55%,$4.45B,$0.04B,0.90%,$4.45B,$0.04B,0.90%,$4.45B,$0.35B,7.90%,$4.45B,$-0.03B,-0.61%,$4.45B,$-0.00B,-0.04%,$-0.00B,$0.40B,-0.49%,$-0.00B,$0.33B,-0.62%,$-0.00B,$2.63B,-0.07%,$0.04B,$1.47B,2.56%,$1056,$825,$232,$0,$110,$1023,$34,$-20,$14,$3,$11,$11,$11,$97,$34,$48,51,$0.24,$0.22,$26,$318,$0,$961,$1531,$3,$65,$75,$1674,$2634,$800,$1075,$314,$1435,$2235,$1,$-227,$-162,$400,$2634,$7,$221,$15,$235,$0,$0,$0,$17,$17,$260,$-46,$0,$0,$0,$-10,$-10,$0,$-56,$-171,$0,$-171,$14,$14,$-44,$-2,$-203,$1,$12,$-44
9,2016-06-30,20.76,$7.91,2.63,$94.35,0.22,$12.45,1.67,$-11.78,0.0,$0.86B,$0.73B,1.18,$1.11B,$0.40B,2.79,$4.53B,$0.95B,21.04%,$4.53B,$-0.77B,-16.93%,$4.53B,$-0.77B,-16.93%,$4.53B,$0.34B,7.49%,$4.53B,$-0.84B,-18.45%,$4.53B,$-0.57B,-12.49%,$-0.57B,$0.40B,-134.12%,$-0.57B,$0.33B,-179.65%,$-0.57B,$2.58B,-20.12%,$-0.77B,$1.50B,-46.17%,$1032,$821,$211,$0,$113,$1019,$13,$-19,$-5,$1,$-6,$-8,$-8,$92,$13,$47,47,$-0.16,$-0.16,$23,$270,$0,$863,$1575,$3,$70,$73,$1721,$2583,$734,$1105,$291,$1454,$2188,$1,$-223,$-145,$395,$2583,$-4,$158,$5,$163,$0,$0,$0,$60,$60,$220,$-30,$0,$-1,$0,$-10,$-10,$0,$-41,$-142,$0,$-142,$-7,$-7,$-30,$-2,$-181,$-2,$8,$-30
10,2016-03-31,11.36,$8.33,1.36,$94.70,0.12,$9.34,1.22,$-12.56,0.0,$0.89B,$0.73B,1.23,$1.18B,$0.42B,2.84,$4.55B,$0.94B,20.71%,$4.55B,$-0.81B,-17.68%,$4.55B,$-0.81B,-17.68%,$4.55B,$0.31B,6.72%,$4.55B,$-0.88B,-19.26%,$4.55B,$-0.60B,-13.22%,$-0.60B,$0.42B,-103.97%,$-0.60B,$0.32B,-234.70%,$-0.60B,$2.68B,-19.22%,$-0.81B,$1.59B,-42.71%,$1043,$804,$239,$0,$119,$1030,$13,$-7,$6,$2,$5,$4,$4,$92,$13,$48,49,$0.08,$0.08,$24,$279,$0,$894,$1622,$4,$91,$65,$1782,$2676,$727,$1177,$300,$1534,$2261,$1,$-200,$-144,$415,$2676,$4,$79,$5,$84,$0,$0,$0,$25,$25,$113,$-24,$0,$0,$0,$0,$0,$0,$-24,$-63,$0,$-63,$-9,$-9,$-15,$-2,$-90,$-1,$5,$-15
11,2015-12-31,7.98,$8.55,0.93,$96.02,0.08,$7.97,1.0,$-13.38,0.0,$0.99B,$0.81B,1.23,$1.25B,$0.42B,2.95,$4.60B,$0.92B,19.94%,$4.60B,$-0.83B,-18.05%,$4.60B,$-0.83B,-18.05%,$4.60B,$0.31B,6.70%,$4.60B,$-0.92B,-19.94%,$4.60B,$-0.64B,-13.94%,$-0.64B,$0.42B,-85.98%,$-0.64B,$0.31B,-289.72%,$-0.64B,$2.85B,-18.63%,$-0.83B,$1.67B,-39.60%,$1314,$1037,$276,$0,$122,$1334,$-20,$-22,$-42,$-33,$-9,$-9,$-9,$70,$-20,$48,48,$-0.22,$-0.22,$24,$280,$0,$991,$1676,$4,$111,$66,$1856,$2848,$807,$1250,$308,$1616,$2424,$1,$-188,$-153,$424,$2848,$-642,$1138,$-182,$956,$110,$25,$0,$-40,$34,$348,$-104,$0,$-143,$0,$13,$13,$18,$-217,$-69,$0,$-69,$2,$2,$-62,$1,$-128,$1,$7,$-62
12,2015-09-30,10.07,$9.09,1.11,$96.21,0.1,$6.18,1.63,$-12.65,0.0,$1.12B,$0.80B,1.41,$1.42B,$0.45B,3.15,$4.62B,$0.94B,20.25%,$4.62B,$-0.73B,-15.88%,$4.62B,$-0.73B,-15.88%,$4.62B,$0.40B,8.61%,$4.62B,$-0.82B,-17.80%,$4.62B,$-0.61B,-13.11%,$-0.61B,$0.45B,-65.32%,$-0.61B,$0.30B,-303.00%,$-0.61B,$3.12B,-16.24%,$-0.73B,$1.87B,-32.01%,$1136,$910,$226,$0,$106,$1908,$-772,$-22,$-794,$-245,$-550,$-552,$-552,$85,$-772,$48,48,$-11.50,$-11.50,$45,$348,$0,$1124,$1775,$5,$155,$65,$2000,$3124,$799,$1420,$313,$1874,$2673,$1,$-163,$-146,$451,$3124,$-633,$1047,$-202,$845,$0,$0,$0,$-33,$-33,$179,$-106,$0,$-141,$0,$13,$13,$1,$-234,$103,$0,$103,$2,$2,$-45,$0,$61,$5,$4,$-45
13,2015-06-30,15.06,$20.69,0.73,$98.00,0.15,$3.89,3.87,$-0.65,0.0,$1.06B,$0.75B,1.41,$1.38B,$1.03B,1.34,$4.72B,$0.97B,20.52%,$4.72B,$0.09B,1.95%,$4.72B,$0.09B,1.95%,$4.72B,$0.45B,9.57%,$4.72B,0,0.00%,$4.72B,$-0.03B,-0.64%,$-0.03B,$1.03B,-2.68%,$-0.03B,$0.09B,-15.46%,$-0.03B,$3.88B,-0.75%,$0.09B,$2.40B,3.67%,$1060,$858,$202,$0,$110,$1086,$-26,$-22,$-47,$-4,$-44,$-45,$-45,$59,$-26,$48,48,$-0.94,$-0.94,$44,$289,$0,$1062,$1803,$19,$933,$65,$2819,$3881,$752,$1376,$320,$2103,$2855,$1,$404,$-140,$1026,$3881,$-80,$190,$23,$213,$0,$0,$0,$-10,$-10,$123,$-81,$0,$-80,$0,$2,$2,$1,$-158,$68,$0,$68,$2,$2,$-30,$-0,$40,$4,$6,$-30
14,2015-03-31,18.42,$22.10,0.83,$99.00,0.19,$2.91,6.32,$-0.19,0.0,$1.08B,$0.76B,1.42,$1.36B,$1.08B,1.26,$4.76B,$0.97B,20.43%,$4.76B,$0.12B,2.50%,$4.76B,$0.12B,2.50%,$4.76B,$0.48B,10.08%,$4.76B,$0.02B,0.38%,$4.76B,$-0.01B,-0.17%,$-0.01B,$1.08B,-0.68%,$-0.01B,$0.18B,-3.39%,$-0.01B,$3.91B,-0.20%,$0.12B,$2.44B,4.62%,$1088,$875,$213,$0,$110,$1100,$-12,$-23,$-34,$-1,$-33,$-35,$-35,$94,$-12,$48,48,$-0.74,$-0.74,$56,$291,$0,$1076,$1819,$37,$898,$84,$2837,$3913,$757,$1356,$332,$2076,$2833,$1,$465,$-142,$1081,$3913,$-35,$106,$6,$112,$0,$0,$0,$-13,$-13,$64,$-42,$0,$-20,$0,$-1,$-1,$0,$-63,$29,$0,$29,$1,$1,$-16,$-0,$14,$15,$3,$-16
15,2014-12-31,18.16,$23.57,0.77,$99.46,0.18,$2.19,8.3,$0.36,50.44,$1.13B,$0.86B,1.32,$1.31B,$1.15B,1.14,$4.78B,$0.97B,20.31%,$4.78B,$0.14B,2.97%,$4.78B,$0.14B,2.97%,$4.78B,$0.48B,10.09%,$4.78B,$0.04B,0.88%,$4.78B,$0.02B,0.38%,$0.02B,$1.15B,1.48%,$0.02B,$0.23B,6.92%,$0.02B,$4.01B,0.43%,$0.14B,$2.46B,5.44%,$1339,$1044,$295,$0,$115,$1263,$76,$-25,$52,$28,$24,$26,$26,$160,$76,$48,49,$0.55,$0.55,$41,$288,$0,$1134,$1856,$42,$925,$53,$2875,$4009,$863,$1309,$348,$1994,$2856,$1,$515,$-117,$1153,$4009,$18,$341,$64,$405,$-20,$-3,$0,$-83,$-130,$293,$-132,$0,$-113,$0,$-4,$-4,$25,$-224,$12,$0,$12,$3,$3,$-61,$-25,$-72,$-4,$17,$-61
16,2014-09-30,15.01,$25.02,0.6,$99.96,0.15,$5.13,2.93,$1.07,14.03,$1.25B,$0.86B,1.45,$1.52B,$1.22B,1.24,$4.79B,$0.98B,20.38%,$4.79B,$0.17B,3.55%,$4.79B,$0.17B,3.55%,$4.79B,$0.51B,10.63%,$4.79B,$0.07B,1.52%,$4.79B,$0.05B,1.09%,$0.05B,$1.22B,4.16%,$0.05B,$0.27B,18.81%,$0.05B,$4.27B,1.24%,$0.17B,$2.74B,6.45%,$1236,$977,$259,$0,$107,$1183,$54,$-25,$29,$3,$25,$24,$24,$139,$54,$48,49,$0.51,$0.50,$28,$348,$0,$1250,$1921,$41,$950,$107,$3019,$4269,$863,$1515,$262,$2184,$3048,$1,$505,$-31,$1221,$4269,$-8,$257,$41,$297,$0,$0,$0,$-215,$-215,$75,$-112,$0,$-113,$0,$-4,$-4,$15,$-214,$210,$0,$210,$2,$2,$-44,$-24,$144,$6,$13,$-44
17,2014-06-30,17.21,$25.23,0.68,$99.59,0.17,$8.15,2.11,$0.83,20.73,$1.09B,$0.84B,1.3,$1.44B,$1.23B,1.17,$4.76B,$0.97B,20.45%,$4.76B,$0.16B,3.36%,$4.76B,$0.16B,3.36%,$4.76B,$0.50B,10.45%,$4.76B,$0.07B,1.43%,$4.76B,$0.04B,0.86%,$0.04B,$1.23B,3.32%,$0.04B,$0.26B,15.95%,$0.04B,$4.21B,0.98%,$0.16B,$2.67B,6.17%,$1099,$893,$206,$0,$100,$1099,$1,$-30,$-29,$-10,$-19,$-23,$-23,$87,$1,$48,48,$-0.48,$-0.48,$25,$294,$0,$1094,$1967,$53,$970,$122,$3111,$4205,$841,$1441,$300,$2132,$2974,$1,$496,$-7,$1231,$4205,$-32,$171,$7,$178,$0,$0,$0,$-67,$-67,$79,$-83,$0,$-108,$0,$-4,$-4,$7,$-188,$163,$0,$163,$1,$1,$-29,$-24,$112,$4,$9,$-29
18,2014-03-31,17.78,$25.94,0.69,$100.14,0.18,$11.51,1.54,$0.72,24.7,$1.02B,$0.81B,1.26,$1.31B,$1.27B,1.04,$4.77B,$0.98B,20.63%,$4.77B,$0.15B,3.23%,$4.77B,$0.15B,3.23%,$4.77B,$0.49B,10.36%,$4.77B,$0.07B,1.47%,$4.77B,$0.04B,0.78%,$0.04B,$1.27B,3.04%,$0.04B,$0.28B,15.86%,$0.04B,$4.09B,0.89%,$0.15B,$2.58B,6.06%,$1103,$893,$210,$0,$104,$1092,$11,$-21,$-10,$-1,$-9,$-9,$-9,$96,$11,$47,47,$-0.19,$-0.19,$20,$270,$0,$1015,$1915,$56,$984,$115,$3070,$4085,$807,$1311,$306,$2013,$2819,$1,$535,$-7,$1266,$4085,$-9,$85,$2,$87,$0,$0,$0,$-45,$-45,$33,$-46,$0,$-9,$0,$-4,$-4,$0,$-59,$39,$0,$39,$1,$1,$-15,$-1,$24,$0,$4,$-15
19,2013-12-31,20.38,$26.83,0.76,$101.01,0.2,$13.88,1.47,$0.60,33.97,$1.07B,$0.89B,1.21,$1.27B,$1.29B,0.99,$4.80B,$0.99B,20.72%,$4.80B,$0.14B,2.96%,$4.80B,$0.14B,2.96%,$4.80B,$0.49B,10.15%,$4.80B,$0.06B,1.19%,$4.80B,$0.03B,0.67%,$0.03B,$1.29B,2.66%,$0.03B,$0.29B,14.88%,$0.03B,$4.17B,0.76%,$0.14B,$2.56B,5.58%,$1350,$1048,$302,$0,$103,$1246,$104,$-21,$83,$22,$61,$60,$60,$187,$104,$47,48,$1.30,$1.29,$18,$273,$0,$1074,$1926,$57,$995,$114,$3091,$4166,$889,$1272,$322,$1989,$2878,$1,$559,$-6,$1288,$4166,$31,$345,$34,$379,$26,$1,$0,$-58,$32,$441,$-141,$0,$-292,$0,$-3,$-3,$5,$-431,$41,$0,$41,$7,$7,$-56,$-2,$-10,$-4,$19,$-56
20,2013-09-30,22.46,$24.19,0.93,$96.84,0.23,$13.43,1.67,$-0.25,0.0,$1.16B,$0.86B,1.34,$1.40B,$1.16B,1.2,$4.58B,$0.95B,20.80%,$4.58B,$0.09B,2.03%,$4.58B,$0.09B,2.03%,$4.58B,$0.44B,9.65%,$4.58B,$0.01B,0.20%,$4.58B,$-0.01B,-0.22%,$-0.01B,$1.16B,-0.84%,$-0.01B,$0.19B,-4.98%,$-0.01B,$4.25B,-0.24%,$0.09B,$2.56B,3.69%,$1206,$950,$256,$0,$102,$1162,$44,$-21,$24,$10,$13,$13,$13,$127,$44,$47,48,$0.27,$0.26,$26,$312,$0,$1158,$1947,$62,$968,$115,$3090,$4249,$864,$1397,$453,$2224,$3088,$1,$514,$-80,$1161,$4249,$-29,$262,$38,$300,$0,$0,$0,$-51,$-51,$219,$-111,$0,$-237,$0,$-3,$-3,$5,$-346,$173,$0,$173,$7,$7,$-42,$-4,$133,$3,$14,$-42
21,2013-06-30,17.66,$24.17,0.73,$93.80,0.19,$14.58,1.21,$0.33,53.5,$1.05B,$0.86B,1.22,$1.32B,$1.15B,1.15,$4.41B,$0.94B,21.26%,$4.41B,$0.11B,2.45%,$4.41B,$0.11B,2.45%,$4.41B,$0.46B,10.38%,$4.41B,$0.02B,0.50%,$4.41B,$0.02B,0.39%,$0.02B,$1.15B,1.37%,$0.02B,$0.17B,7.19%,$0.02B,$4.19B,0.41%,$0.11B,$2.47B,4.28%,$1111,$894,$217,$0,$105,$1116,$-5,$-21,$-27,$-1,$-26,$-28,$-27,$84,$-5,$47,47,$-0.59,$-0.59,$19,$303,$0,$1050,$1974,$61,$987,$115,$3137,$4187,$863,$1321,$473,$2171,$3034,$1,$516,$-82,$1153,$4187,$-42,$179,$16,$195,$0,$0,$0,$64,$64,$217,$-64,$0,$-237,$0,$-3,$-3,$4,$-299,$111,$0,$111,$2,$2,$-28,$-4,$80,$-5,$9,$-28
22,2013-03-31,17.32,$25.39,0.68,$90.07,0.19,$14.01,1.24,$0.48,36.07,$1.10B,$0.83B,1.33,$1.38B,$1.21B,1.14,$4.24B,$0.91B,21.58%,$4.24B,$0.10B,2.43%,$4.24B,$0.10B,2.43%,$4.24B,$0.45B,10.63%,$4.24B,$0.02B,0.45%,$4.24B,$0.02B,0.54%,$0.02B,$1.21B,1.80%,$0.02B,$0.21B,8.82%,$0.02B,$4.29B,0.55%,$0.10B,$2.59B,4.06%,$1130,$910,$220,$0,$106,$1130,$-1,$-22,$-23,$-9,$-14,$-14,$-14,$89,$-1,$47,47,$-0.31,$-0.31,$36,$292,$0,$1103,$2013,$67,$1001,$110,$3191,$4294,$832,$1381,$507,$2253,$3085,$1,$559,$-64,$1209,$4294,$-14,$90,$6,$95,$0,$0,$0,$40,$40,$121,$-23,$0,$-2,$0,$0,$0,$-233,$-258,$160,$0,$160,$1,$1,$-14,$-4,$142,$7,$5,$-14
23,2012-12-31,14.56,$26.18,0.56,$87.04,0.17,$13.86,1.05,$1.80,8.09,$0.99B,$0.75B,1.32,$1.23B,$1.24B,0.99,$4.10B,$0.91B,22.25%,$4.10B,$0.11B,2.59%,$4.10B,$0.11B,2.59%,$4.10B,$0.45B,10.96%,$4.10B,$0.02B,0.54%,$4.10B,$0.08B,2.05%,$0.08B,$1.24B,6.40%,$0.08B,$0.24B,29.95%,$0.08B,$4.10B,2.00%,$0.11B,$2.46B,4.16%,$1131,$872,$259,$0,$87,$1075,$55,$-20,$35,$15,$20,$22,$18,$142,$55,$47,47,$0.38,$0.37,$32,$243,$0,$990,$1926,$72,$999,$112,$3109,$4099,$753,$1227,$520,$2110,$2863,$1,$588,$-60,$1236,$4099,$87,$343,$-26,$317,$103,$9,$0,$-56,$-50,$354,$-80,$0,$-33,$0,$-18,$-18,$61,$-70,$-121,$0,$-121,$0,$0,$-152,$-13,$-286,$-9,$13,$-152
24,2012-09-30,10.76,$28.59,0.38,$88.90,0.12,$12.69,0.85,$1.26,8.54,$1.01B,$0.76B,1.34,$1.21B,$1.35B,0.9,$4.18B,$0.95B,22.63%,$4.18B,$0.12B,2.78%,$4.18B,$0.12B,2.78%,$4.18B,$0.46B,11.08%,$4.18B,$0.03B,0.69%,$4.18B,$0.06B,1.41%,$0.06B,$1.35B,4.44%,$0.06B,$0.34B,21.34%,$0.06B,$4.18B,1.35%,$0.12B,$2.56B,4.46%,$1040,$798,$242,$0,$87,$981,$59,$-22,$37,$-2,$39,$40,$40,$144,$59,$47,47,$0.85,$0.84,$34,$279,$0,$1011,$1986,$71,$1015,$97,$3169,$4181,$757,$1211,$481,$2075,$2831,$1,$681,$-33,$1349,$4181,$66,$256,$-43,$213,$0,$0,$0,$-47,$-47,$232,$-72,$0,$-7,$0,$-18,$-18,$60,$-37,$-148,$0,$-148,$0,$0,$-35,$-13,$-196,$-7,$10,$-35
25,2012-06-30,9.0,$27.98,0.32,$90.42,0.1,$10.18,0.88,$-0.06,0.0,$0.97B,$0.73B,1.33,$1.23B,$1.31B,0.94,$4.25B,$0.97B,22.90%,$4.25B,$0.11B,2.66%,$4.25B,$0.11B,2.66%,$4.25B,$0.46B,10.90%,$4.25B,$-0.01B,-0.26%,$4.25B,$-0.00B,-0.07%,$-0.00B,$1.31B,-0.22%,$-0.00B,$0.26B,-1.11%,$-0.00B,$4.20B,-0.07%,$0.11B,$2.54B,4.19%,$934,$741,$193,$0,$81,$944,$-10,$-21,$-30,$-10,$-20,$-21,$-21,$76,$-10,$47,47,$-0.44,$-0.44,$35,$253,$0,$966,$2023,$68,$1049,$96,$3237,$4203,$727,$1229,$502,$2164,$2890,$1,$651,$-36,$1312,$4203,$27,$172,$-40,$132,$0,$0,$0,$12,$12,$171,$-44,$0,$-7,$0,$-18,$-18,$57,$-12,$-129,$0,$-129,$0,$0,$-23,$-11,$-164,$-8,$7,$-23
26,2012-03-31,8.53,$28.87,0.3,$91.12,0.09,$8.04,1.06,$0.16,53.33,$1.01B,$0.74B,1.37,$1.28B,$1.35B,0.94,$4.29B,$1.00B,23.32%,$4.29B,$0.13B,3.12%,$4.29B,$0.13B,3.12%,$4.29B,$0.49B,11.37%,$4.29B,$0.00B,0.02%,$4.29B,$0.01B,0.19%,$0.01B,$1.35B,0.58%,$0.01B,$0.29B,2.75%,$0.01B,$4.35B,0.17%,$0.13B,$2.63B,4.80%,$990,$773,$217,$0,$92,$988,$2,$-21,$-20,$-34,$14,$15,$47,$88,$2,$47,47,$1.01,$1.01,$38,$251,$0,$1012,$2084,$74,$1067,$109,$3333,$4346,$738,$1276,$539,$2253,$2992,$1,$684,$-25,$1354,$4346,$48,$86,$-37,$49,$0,$0,$0,$14,$14,$111,$-19,$0,$-25,$0,$0,$0,$53,$9,$-94,$0,$-94,$0,$0,$-12,$-7,$-113,$2,$4,$-12
27,2011-12-31,8.64,$27.97,0.31,$91.10,0.09,$6.01,1.44,$-1.00,0.0,$1.24B,$0.93B,1.34,$1.37B,$1.30B,1.05,$4.32B,$1.02B,23.66%,$4.32B,$0.16B,3.63%,$4.32B,$0.16B,3.63%,$4.32B,$0.52B,12.00%,$4.32B,$0.02B,0.37%,$4.32B,$-0.05B,-1.06%,$-0.05B,$1.30B,-3.24%,$-0.05B,$0.22B,-15.38%,$-0.05B,$4.74B,-0.96%,$0.16B,$2.67B,5.48%,$1216,$921,$294,$0,$109,$1151,$65,$-24,$42,$34,$8,$9,$-7,$156,$65,$47,47,$-0.15,$-0.15,$34,$250,$73,$1241,$2123,$69,$1083,$114,$3494,$4735,$929,$1368,$564,$2503,$3432,$1,$650,$-38,$1303,$4735,$-47,$362,$117,$478,$83,$-3,$0,$-44,$-61,$371,$-152,$0,$-6,$0,$0,$0,$-26,$-184,$-110,$0,$-110,$-7,$-7,$-28,$-29,$-174,$5,$15,$-28
28,2011-09-30,10.74,$30.04,0.36,$98.86,0.11,$2.96,3.62,$-0.30,0.0,$1.27B,$0.88B,1.44,$1.53B,$1.41B,1.08,$4.37B,$1.04B,23.77%,$4.37B,$0.18B,4.03%,$4.37B,$0.18B,4.03%,$4.37B,$0.54B,12.34%,$4.37B,$0.03B,0.60%,$4.37B,$-0.01B,-0.27%,$-0.01B,$1.41B,-0.82%,$-0.01B,$0.31B,-3.77%,$-0.01B,$4.86B,-0.25%,$0.18B,$2.94B,6.00%,$1109,$840,$269,$0,$96,$1053,$56,$-59,$-3,$3,$-6,$-6,$-22,$143,$56,$47,47,$-0.48,$-0.48,$19,$285,$72,$1270,$2192,$71,$1097,$122,$3585,$4855,$881,$1526,$510,$2565,$3446,$1,$665,$36,$1409,$4855,$-40,$271,$67,$338,$0,$0,$0,$-135,$-135,$163,$-121,$0,$-5,$0,$0,$0,$-29,$-155,$56,$0,$56,$-4,$-4,$-19,$-27,$6,$-5,$7,$-19
29,2011-06-30,22.86,$0.00,0.0,$99.64,0.23,$0.34,67.7,$-4.83,0.0,$1.15B,$0.79B,1.46,$1.45B,$1.48B,0.98,$4.39B,$1.03B,23.41%,$4.39B,$0.12B,2.69%,$4.39B,$0.12B,2.69%,$4.39B,$0.48B,11.03%,$4.39B,$-0.01B,-0.11%,$4.39B,$-0.22B,-5.08%,$-0.22B,$1.48B,-15.26%,$-0.22B,$0.34B,-75.66%,$-0.22B,$4.80B,-4.53%,$0.12B,$2.93B,3.99%,$977,$757,$221,$0,$105,$966,$11,$-29,$-18,$-4,$-15,$-14,$-10,$101,$11,$47,47,$-0.22,$-0.22,$20,$280,$0,$1153,$2287,$86,$1140,$139,$3650,$4803,$791,$1450,$616,$2530,$3321,$1,$690,$80,$1483,$4803,$-18,$184,$14,$198,$0,$0,$0,$-64,$-64,$117,$-90,$0,$0,$0,$0,$0,$17,$-73,$-24,$0,$-24,$2,$2,$-9,$-11,$-43,$-4,$5,$-9
