,Date,Stock Price,Book Value per Share,Price to Book Ratio,TTM Sales per Share,Price to Sales Ratio,TTM FCF per Share,Price to FCF Ratio,TTM Net EPS,PE Ratio,Current Assets,Current Liabilities,Current Ratio,Long Term Debt,Shareholder's Equity_x,Debt to Equity Ratio,TTM Revenue_x,TTM Gross Profit,Gross Margin,TTM Revenue_y,TTM Operating Income,Operating Margin,TTM Revenue_x,TTM EBIT,EBIT Margin,TTM Revenue_y,TTM EBITDA,EBITDA Margin,TTM Revenue_x,TTM Pre-Tax Income,Pre-Tax Margin,TTM Revenue_y,TTM Net Income_x,Net Margin,TTM Net Income_y,Shareholder's Equity_y,Return on Equity,TTM Net Income_x,Tangible Equity,Return on Tangible Equity,TTM Net Income_y,Total Assets,Return on Assets,TTM Net Income,LT Investments & Debt,Return on Investment,revenue,cost-goods-sold,gross-profit,research-development-expenses,selling-general-administrative-expenses,operating-expenses,operating-income,total-non-operating-income-expense,pre-tax-income,total-provision-income-taxes,income-after-taxes,income-from-continuous-operations,net-income,ebitda,ebit,basic-shares-outstanding,shares-outstanding,eps-basic-net-earnings-per-share,eps-earnings-per-share-diluted,cash-on-hand,inventory,other-current-assets,total-current-assets,net-property-plant-equipment,long-term-investments,goodwill-intangible-assets-total,other-long-term-assets,total-long-term-assets,total-assets,total-current-liabilities,long-term-debt,other-non-current-liabilities,total-long-term-liabilities,total-liabilities,common-stock-net,retained-earnings-accumulated-deficit,comprehensive-income,total-share-holder-equity,total-liabilities-share-holders-equity,net-income-loss,total-depreciation-amortization-cash-flow,other-non-cash-items,total-non-cash-items,change-in-accounts-receivable,change-in-inventories,change-in-accounts-payable,change-in-assets-liabilities,total-change-in-assets-liabilities,cash-flow-from-operating-activities,net-change-in-property-plant-equipment,net-change-in-intangible-assets,net-acquisitions-divestitures,net-change-in-short-term-investments,net-change-in-long-term-investments,net-change-in-investments-total,investing-activities-other,cash-flow-from-investing-activities,net-long-term-debt,net-current-debt,debt-issuance-retirement-net-total,net-common-equity-issued-repurchased,net-total-equity-issued-repurchased,total-common-preferred-stock-dividends-paid,financial-activities-other,cash-flow-from-financial-activities,net-cash-flow,stock-based-compensation,common-stock-dividends-paid
0,2018-09-30,2.7,$0.73,3.7,$2.68,1.01,$-1.03,0.0,$-0.74,0.0,$0.02B,$0.02B,0.97,$0.00B,$0.01B,0.48,$0.03B,$0.02B,65.38%,$0.03B,$-0.01B,-34.62%,$0.03B,$-0.01B,-34.62%,$0.03B,$-0.01B,-19.23%,$0.03B,$-0.01B,-26.92%,$0.03B,$-0.01B,-30.77%,$-0.01B,$0.01B,-123.08%,$-0.01B,$-0.01B,133.33%,$-0.01B,$0.03B,-25.81%,$-0.01B,$0.01B,-67.92%,$6,$2,$4,$2,$3,$7,$-2,$5,$3,$0,$2,$2,$2,$-1,$-2,$10,10,$0.25,$0.25,$8,$0,$0,$15,$1,$0,$12,$1,$13,$28,$16,$3,$1,$6,$21,$0,$-59,$-3,$7,$28,$-4,$2,$-3,$-1,$1,$0,$-2,$3,$2,$-3,$-0,$0,$0,$0,$0,$0,$10,$10,$-4,$0,$-4,$-0,$-0,$0,$-1,$-6,$1,$1,$0
1,2018-06-30,2.2,$0.45,4.85,$2.90,0.76,$-0.94,0.0,$-1.24,0.0,$0.01B,$0.02B,0.8,$0.01B,$0.00B,1.84,$0.03B,$0.02B,64.29%,$0.03B,$-0.01B,-32.14%,$0.03B,$-0.01B,-32.14%,$0.03B,$-0.01B,-17.86%,$0.03B,$-0.01B,-42.86%,$0.03B,$-0.01B,-42.86%,$-0.01B,$0.00B,-154.84%,$-0.01B,$-0.01B,228.57%,$-0.01B,$0.03B,-36.36%,$-0.01B,$0.01B,-58.06%,$8,$2,$5,$2,$4,$8,$-1,$-1,$-2,$-0,$-2,$-2,$-2,$-0,$-1,$9,9,$-0.16,$-0.16,$5,$0,$0,$13,$1,$0,$12,$4,$17,$30,$16,$8,$1,$10,$26,$0,$-61,$-3,$4,$30,$-6,$1,$1,$3,$1,$0,$-1,$2,$0,$-3,$-0,$0,$0,$0,$0,$0,$0,$-0,$2,$0,$2,$-0,$-0,$0,$-1,$0,$-2,$0,$0
2,2018-03-31,1.76,$0.68,2.57,$2.81,0.63,$-0.76,0.0,$-1.36,0.0,$0.01B,$0.02B,0.79,$0.01B,$0.01B,1.2,$0.03B,$0.02B,62.96%,$0.03B,$-0.01B,-37.04%,$0.03B,$-0.01B,-37.04%,$0.03B,$-0.01B,-22.22%,$0.03B,$-0.01B,-48.15%,$0.03B,$-0.01B,-48.15%,$-0.01B,$0.01B,-126.83%,$-0.01B,$-0.01B,400.00%,$-0.01B,$0.03B,-37.41%,$-0.01B,$0.01B,-56.34%,$5,$2,$3,$2,$4,$9,$-4,$-1,$-5,$-0,$-5,$-5,$-5,$-3,$-4,$9,9,$-0.48,$-0.48,$7,$0,$1,$13,$1,$0,$14,$4,$19,$32,$17,$8,$1,$9,$26,$0,$-60,$-2,$6,$32,$-5,$1,$1,$1,$2,$0,$-0,$0,$2,$-2,$-0,$0,$0,$0,$0,$0,$0,$-0,$2,$0,$2,$-0,$-0,$0,$-1,$1,$-1,$0,$0
3,2017-12-31,2.37,$0.98,2.41,$3.02,0.79,$-0.54,0.0,$-1.27,0.0,$0.02B,$0.02B,0.91,$0.01B,$0.01B,0.83,$0.03B,$0.02B,62.07%,$0.03B,$-0.01B,-31.03%,$0.03B,$-0.01B,-31.03%,$0.03B,$-0.01B,-17.24%,$0.03B,$-0.01B,-41.38%,$0.03B,$-0.01B,-41.38%,$-0.01B,$0.01B,-94.12%,$-0.01B,$-0.00B,960.00%,$-0.01B,$0.03B,-32.88%,$-0.01B,$0.02B,-45.57%,$7,$2,$5,$2,$5,$9,$-2,$-2,$-3,$-0,$-3,$-3,$-3,$-1,$-2,$9,9,$-0.33,$-0.33,$8,$0,$0,$15,$1,$0,$14,$4,$19,$34,$17,$8,$1,$8,$25,$0,$-56,$-3,$9,$34,$-12,$3,$3,$6,$2,$0,$2,$0,$4,$-2,$-0,$0,$0,$0,$0,$0,$0,$-0,$-1,$0,$-1,$-0,$-0,$0,$-0,$-1,$-3,$1,$0
4,2017-09-30,3.01,$1.31,2.3,$3.25,0.93,$-1.36,0.0,$-0.96,0.0,$0.02B,$0.02B,1.03,$0.01B,$0.01B,0.56,$0.03B,$0.02B,64.52%,$0.03B,$-0.01B,-22.58%,$0.03B,$-0.01B,-22.58%,$0.03B,$-0.00B,-12.90%,$0.03B,$-0.01B,-29.03%,$0.03B,$-0.01B,-29.03%,$-0.01B,$0.01B,-59.02%,$-0.01B,$-0.00B,-1200.00%,$-0.01B,$0.04B,-23.38%,$-0.01B,$0.02B,-32.18%,$8,$3,$5,$2,$5,$9,$-2,$-0,$-2,$-0,$-2,$-2,$-2,$-1,$-2,$9,9,$-0.25,$-0.25,$8,$0,$0,$16,$1,$0,$14,$4,$20,$36,$16,$7,$1,$8,$24,$0,$-53,$-3,$12,$36,$-8,$2,$1,$4,$1,$0,$1,$1,$3,$-2,$-0,$0,$0,$0,$0,$0,$0,$-0,$-0,$0,$-0,$-0,$-0,$0,$-0,$-1,$-3,$1,$0
5,2017-06-30,2.92,$1.48,1.98,$3.22,0.91,$-2.00,0.0,$-0.98,0.0,$0.02B,$0.02B,1.1,$0.01B,$0.01B,0.49,$0.03B,$0.02B,63.33%,$0.03B,$-0.01B,-23.33%,$0.03B,$-0.01B,-23.33%,$0.03B,$-0.01B,-16.67%,$0.03B,$-0.01B,-33.33%,$0.03B,$-0.01B,-30.00%,$-0.01B,$0.01B,-52.94%,$-0.01B,$0.00B,-450.00%,$-0.01B,$0.04B,-23.23%,$-0.01B,$0.02B,-31.82%,$7,$2,$4,$2,$5,$9,$-2,$-0,$-3,$-0,$-3,$-3,$-3,$-1,$-2,$9,9,$-0.28,$-0.28,$9,$0,$0,$16,$1,$0,$14,$5,$20,$37,$15,$7,$1,$8,$23,$0,$-51,$-3,$14,$37,$-6,$2,$1,$3,$2,$0,$0,$0,$3,$-1,$-0,$0,$0,$0,$0,$0,$0,$-0,$-0,$0,$-0,$-0,$-0,$0,$-0,$-0,$-1,$1,$0
6,2017-03-31,2.82,$1.68,1.68,$3.21,0.88,$-2.40,0.0,$-1.16,0.0,$0.02B,$0.02B,1.21,$0.01B,$0.02B,0.43,$0.03B,$0.02B,63.33%,$0.03B,$-0.01B,-30.00%,$0.03B,$-0.01B,-30.00%,$0.03B,$-0.01B,-23.33%,$0.03B,$-0.01B,-36.67%,$0.03B,$-0.01B,-33.33%,$-0.01B,$0.02B,-52.63%,$-0.01B,$0.00B,-307.69%,$-0.01B,$0.04B,-25.00%,$-0.01B,$0.02B,-40.45%,$7,$3,$4,$2,$5,$10,$-3,$-0,$-4,$-0,$-4,$-4,$-4,$-2,$-3,$9,9,$-0.39,$-0.39,$10,$0,$0,$18,$2,$0,$14,$5,$21,$39,$15,$7,$1,$8,$23,$0,$-48,$-4,$16,$39,$-4,$1,$1,$1,$3,$0,$-0,$0,$3,$0,$-0,$0,$0,$0,$0,$0,$0,$-0,$-0,$0,$-0,$0,$0,$0,$-0,$-0,$0,$0,$0
7,2016-12-31,2.38,$2.01,1.18,$3.43,0.69,$-2.65,0.0,$-1.22,0.0,$0.02B,$0.02B,1.34,$0.01B,$0.02B,0.37,$0.03B,$0.02B,62.50%,$0.03B,$-0.01B,-31.25%,$0.03B,$-0.01B,-31.25%,$0.03B,$-0.01B,-25.00%,$0.03B,$-0.01B,-34.38%,$0.03B,$-0.01B,-31.25%,$-0.01B,$0.02B,-45.98%,$-0.01B,$0.00B,-200.00%,$-0.01B,$0.04B,-23.67%,$-0.01B,$0.03B,-42.55%,$9,$3,$7,$2,$5,$10,$-0,$-0,$-0,$-0,$-0,$-0,$-0,$0,$-0,$9,9,$-0.03,$-0.05,$10,$0,$0,$21,$2,$0,$15,$5,$22,$42,$15,$7,$1,$8,$24,$0,$-44,$-4,$19,$42,$-11,$3,$1,$4,$3,$0,$-1,$-3,$-3,$-9,$-0,$0,$0,$6,$0,$6,$0,$6,$7,$0,$7,$-0,$-0,$0,$-1,$7,$3,$1,$0
8,2016-09-30,2.27,$2.09,1.09,$3.52,0.65,$-4.19,0.0,$-1.68,0.0,$0.01B,$0.02B,0.88,$0.00B,$0.02B,0.01,$0.03B,$0.02B,57.58%,$0.03B,$-0.02B,-45.45%,$0.03B,$-0.02B,-45.45%,$0.03B,$-0.01B,-36.36%,$0.03B,$-0.02B,-48.48%,$0.03B,$-0.02B,-45.45%,$-0.02B,$0.02B,-60.61%,$-0.02B,$0.00B,-214.29%,$-0.02B,$0.04B,-33.15%,$-0.02B,$0.02B,-60.00%,$7,$3,$4,$2,$5,$10,$-2,$-0,$-3,$-0,$-2,$-2,$-2,$-2,$-2,$9,9,$-0.27,$-0.27,$5,$0,$0,$14,$2,$0,$16,$5,$23,$37,$16,$0,$1,$2,$18,$0,$-44,$-3,$19,$37,$-11,$3,$1,$3,$5,$0,$-1,$-3,$-1,$-8,$-0,$0,$0,$6,$0,$6,$0,$6,$-0,$0,$-0,$-0,$-0,$0,$0,$-0,$-2,$1,$0
9,2016-06-30,4.44,$2.36,1.88,$3.78,1.17,$-5.69,0.0,$-0.63,0.0,$0.02B,$0.02B,0.97,$0.00B,$0.02B,0.02,$0.04B,$0.02B,55.56%,$0.04B,$-0.02B,-55.56%,$0.04B,$-0.02B,-55.56%,$0.04B,$-0.02B,-47.22%,$0.04B,$-0.02B,-55.56%,$0.04B,$-0.02B,-55.56%,$-0.02B,$0.02B,-69.57%,$-0.02B,$0.01B,-200.00%,$-0.02B,$0.04B,-40.20%,$-0.02B,$0.02B,-68.97%,$7,$3,$4,$2,$5,$11,$-4,$-0,$-4,$-0,$-4,$-4,$-4,$-3,$-4,$9,9,$-0.46,$-0.46,$8,$0,$0,$17,$2,$0,$17,$5,$25,$42,$18,$0,$1,$2,$20,$0,$-42,$-3,$22,$42,$-8,$2,$1,$2,$5,$0,$0,$-3,$1,$-5,$-0,$0,$0,$0,$6,$6,$0,$6,$-0,$0,$-0,$-0,$-0,$0,$0,$-0,$1,$1,$0
10,2016-03-31,4.61,$2.89,1.59,$4.03,1.15,$-6.87,0.0,$-0.92,0.0,$0.02B,$0.02B,1.35,$0.00B,$0.03B,0.02,$0.04B,$0.02B,52.63%,$0.04B,$-0.02B,-60.53%,$0.04B,$-0.02B,-60.53%,$0.04B,$-0.02B,-52.63%,$0.04B,$-0.02B,-60.53%,$0.04B,$-0.02B,-60.53%,$-0.02B,$0.03B,-67.65%,$-0.02B,$0.01B,-161.40%,$-0.02B,$0.05B,-41.82%,$-0.02B,$0.03B,-67.15%,$9,$4,$5,$2,$7,$13,$-4,$0,$-4,$-0,$-4,$-4,$-4,$-3,$-4,$9,9,$-0.45,$-0.45,$11,$0,$0,$23,$3,$0,$18,$4,$25,$48,$17,$0,$1,$4,$21,$0,$-37,$-2,$27,$48,$-4,$1,$0,$1,$4,$0,$-0,$-2,$1,$-2,$-0,$0,$0,$0,$4,$4,$0,$4,$-0,$0,$-0,$-0,$-0,$0,$0,$-0,$2,$0,$0
11,2015-12-31,2.71,$3.35,0.81,$3.73,0.73,$-7.49,0.0,$-1.55,0.0,$0.03B,$0.02B,1.5,$0.00B,$0.03B,0.02,$0.04B,$0.02B,48.57%,$0.04B,$-0.03B,-82.86%,$0.04B,$-0.03B,-82.86%,$0.04B,$-0.03B,-74.29%,$0.04B,$-0.03B,-82.86%,$0.04B,$-0.03B,-82.86%,$-0.03B,$0.03B,-73.89%,$-0.03B,$0.01B,-152.63%,$-0.03B,$0.05B,-48.33%,$-0.03B,$0.03B,-73.42%,$10,$4,$6,$2,$8,$15,$-5,$0,$-5,$-0,$-5,$-5,$-5,$-4,$-5,$9,9,$-0.50,$-0.50,$13,$0,$0,$29,$3,$0,$19,$4,$26,$54,$19,$1,$1,$5,$24,$0,$-33,$-2,$31,$54,$-29,$3,$2,$5,$-1,$0,$0,$4,$0,$-23,$-1,$0,$0,$27,$-10,$17,$2,$19,$-0,$0,$-0,$0,$0,$0,$0,$-0,$-5,$2,$0
12,2015-09-30,3.86,$3.82,1.01,$3.58,1.08,$-7.59,0.0,$-1.98,0.0,$0.03B,$0.02B,1.75,$0.00B,$0.04B,0.02,$0.03B,$0.02B,45.45%,$0.03B,$-0.03B,-96.97%,$0.03B,$-0.03B,-96.97%,$0.03B,$-0.03B,-90.91%,$0.03B,$-0.03B,-100.00%,$0.03B,$-0.03B,-96.97%,$-0.03B,$0.04B,-69.57%,$-0.03B,$0.02B,-128.00%,$-0.03B,$0.06B,-48.12%,$-0.03B,$0.04B,-69.19%,$10,$5,$5,$3,$9,$17,$-7,$-0,$-7,$-0,$-7,$-7,$-7,$-7,$-7,$9,9,$-0.78,$-0.78,$15,$0,$0,$28,$3,$0,$20,$4,$27,$55,$16,$1,$1,$4,$20,$0,$-29,$-1,$35,$55,$-24,$2,$2,$4,$2,$0,$-1,$1,$-2,$-22,$-0,$0,$0,$0,$15,$15,$-0,$14,$-0,$0,$-0,$0,$0,$0,$0,$-0,$-8,$1,$0
13,2015-06-30,8.24,$4.61,1.79,$3.21,2.57,$-7.48,0.0,$-1.77,0.0,$0.04B,$0.02B,2.03,$0.00B,$0.04B,0.01,$0.03B,$0.01B,44.83%,$0.03B,$-0.03B,-110.34%,$0.03B,$-0.03B,-110.34%,$0.03B,$-0.03B,-103.45%,$0.03B,$-0.03B,-113.79%,$0.03B,$-0.02B,-55.17%,$-0.02B,$0.04B,-30.05%,$-0.02B,$0.02B,-45.39%,$-0.02B,$0.06B,-22.07%,$-0.03B,$0.04B,-60.09%,$9,$4,$4,$3,$8,$16,$-7,$0,$-7,$-0,$-7,$-7,$-7,$-6,$-7,$9,9,$-0.75,$-0.75,$22,$0,$0,$36,$2,$0,$21,$4,$27,$63,$18,$0,$0,$3,$21,$0,$-21,$-1,$43,$63,$-17,$2,$1,$2,$3,$0,$-1,$-1,$-0,$-15,$-0,$0,$0,$0,$9,$9,$0,$8,$-0,$0,$-0,$0,$0,$0,$0,$-0,$-7,$1,$0
14,2015-03-31,13.4,$5.27,2.54,$3.22,4.16,$-7.05,0.0,$-1.41,0.0,$0.04B,$0.02B,2.34,$0.00B,$0.05B,0.0,$0.03B,$0.01B,46.43%,$0.03B,$-0.03B,-110.71%,$0.03B,$-0.03B,-110.71%,$0.03B,$-0.03B,-103.57%,$0.03B,$-0.03B,-114.29%,$0.03B,$-0.01B,-50.00%,$-0.01B,$0.05B,-24.89%,$-0.01B,$0.03B,-33.73%,$-0.01B,$0.07B,-18.01%,$-0.03B,$0.05B,-55.11%,$6,$4,$2,$3,$9,$16,$-10,$-0,$-10,$-0,$-10,$-10,$-10,$-9,$-10,$9,9,$-1.08,$-1.08,$30,$0,$0,$42,$2,$0,$21,$3,$26,$68,$18,$0,$0,$2,$20,$0,$-15,$-2,$48,$68,$-10,$1,$0,$1,$4,$0,$-0,$-0,$2,$-7,$-0,$0,$0,$0,$3,$3,$0,$3,$0,$0,$0,$0,$0,$0,$0,$0,$-5,$1,$0
15,2014-12-31,13.67,$6.38,2.14,$3.02,4.52,$-6.76,0.0,$-0.78,0.0,$0.05B,$0.02B,2.72,$0.00B,$0.06B,0.0,$0.03B,$0.01B,46.15%,$0.03B,$-0.03B,-107.69%,$0.03B,$-0.03B,-107.69%,$0.03B,$-0.03B,-103.85%,$0.03B,$-0.03B,-111.54%,$0.03B,$-0.01B,-30.77%,$-0.01B,$0.06B,-13.56%,$-0.01B,$0.04B,-16.84%,$-0.01B,$0.08B,-9.73%,$-0.03B,$0.06B,-47.46%,$8,$4,$4,$3,$9,$17,$-8,$-0,$-9,$-1,$-8,$-8,$-8,$-8,$-8,$9,9,$-0.95,$-0.95,$37,$0,$0,$53,$2,$0,$22,$4,$27,$80,$19,$0,$0,$3,$22,$0,$-5,$-1,$58,$80,$-9,$2,$-17,$-15,$-6,$0,$1,$3,$1,$-23,$-1,$0,$-12,$0,$-10,$-10,$20,$-3,$0,$0,$0,$0,$0,$0,$-0,$0,$-26,$2,$0
16,2014-09-30,13.0,$7.28,1.79,$2.56,5.08,$-3.88,0.0,$-0.17,0.0,$0.07B,$0.01B,4.9,$0.00B,$0.06B,0.0,$0.02B,$0.01B,45.45%,$0.02B,$-0.03B,-118.18%,$0.02B,$-0.03B,-118.18%,$0.02B,$-0.02B,-109.09%,$0.02B,$-0.03B,-118.18%,$0.02B,$-0.01B,-27.27%,$-0.01B,$0.06B,-9.96%,$-0.01B,$0.06B,-11.54%,$-0.01B,$0.08B,-7.10%,$-0.03B,$0.06B,-43.15%,$6,$3,$3,$2,$7,$13,$-7,$-0,$-7,$-4,$-3,$-3,$9,$-7,$-7,$9,9,$0.99,$0.99,$53,$0,$0,$67,$2,$0,$7,$3,$12,$79,$14,$0,$0,$2,$16,$0,$4,$-0,$64,$79,$-0,$1,$-17,$-16,$-4,$-0,$0,$0,$-3,$-19,$-1,$0,$0,$14,$-31,$-17,$20,$2,$0,$0,$0,$0,$0,$0,$-0,$-0,$-17,$1,$0
17,2014-06-30,13.99,$6.26,2.24,$2.40,5.84,$-1.73,0.0,$-1.28,0.0,$0.07B,$0.03B,2.72,$0.00B,$0.06B,0.0,$0.02B,$0.01B,45.00%,$0.02B,$-0.02B,-120.00%,$0.02B,$-0.02B,-120.00%,$0.02B,$-0.02B,-105.00%,$0.02B,$-0.02B,-120.00%,$0.02B,$-0.02B,-80.00%,$-0.02B,$0.06B,-26.45%,$-0.02B,$0.05B,-30.77%,$-0.02B,$0.08B,-18.29%,$-0.02B,$0.06B,-39.67%,$8,$4,$4,$2,$7,$14,$-6,$0,$-6,$-0,$-5,$-5,$-5,$-5,$-6,$9,9,$-0.55,$-0.55,$40,$0,$0,$68,$1,$0,$8,$3,$16,$84,$25,$0,$1,$4,$29,$0,$-5,$0,$55,$84,$-9,$1,$2,$3,$-5,$-0,$1,$0,$-5,$-11,$-0,$0,$0,$9,$-20,$-11,$0,$-12,$0,$0,$0,$0,$0,$0,$0,$0,$-22,$1,$0
18,2014-03-31,16.0,$6.82,2.35,$1.99,8.03,$-0.83,0.0,$-1.11,0.0,$0.07B,$0.02B,2.99,$0.00B,$0.06B,0.0,$0.02B,$0.01B,47.06%,$0.02B,$-0.02B,-129.41%,$0.02B,$-0.02B,-129.41%,$0.02B,$-0.02B,-117.65%,$0.02B,$-0.02B,-129.41%,$0.02B,$-0.01B,-76.47%,$-0.01B,$0.06B,-20.63%,$-0.01B,$0.05B,-23.96%,$-0.01B,$0.09B,-14.61%,$-0.02B,$0.06B,-34.92%,$4,$3,$1,$2,$7,$11,$-7,$-0,$-7,$-1,$-6,$-6,$-4,$-7,$-7,$9,9,$-0.45,$-0.45,$47,$5,$0,$69,$5,$0,$8,$3,$17,$86,$23,$0,$1,$4,$27,$0,$-0,$0,$59,$86,$-4,$0,$1,$1,$-1,$0,$1,$0,$-2,$-5,$-0,$0,$0,$9,$-14,$-5,$0,$-5,$0,$0,$0,$0,$0,$0,$0,$0,$-9,$0,$0
19,2013-12-31,12.8,$7.21,1.77,$3.79,3.38,$-0.42,0.0,$-1.12,0.0,$0.07B,$0.02B,3.12,$0.00B,$0.06B,0.0,$0.03B,$0.02B,50.00%,$0.03B,$-0.02B,-59.38%,$0.03B,$-0.02B,-59.38%,$0.03B,$-0.02B,-50.00%,$0.03B,$-0.02B,-59.38%,$0.03B,$-0.01B,-40.63%,$-0.01B,$0.06B,-20.00%,$-0.01B,$0.05B,-23.32%,$-0.01B,$0.09B,-14.33%,$-0.02B,$0.06B,-29.23%,$4,$2,$2,$2,$5,$10,$-6,$-0,$-6,$-2,$-6,$-6,$-6,$-5,$-6,$9,9,$-0.64,$-0.64,$51,$0,$0,$72,$1,$0,$8,$3,$17,$89,$23,$0,$1,$4,$27,$0,$4,$0,$63,$89,$-10,$2,$3,$4,$2,$0,$1,$1,$8,$2,$-1,$0,$0,$0,$8,$8,$-0,$7,$0,$0,$0,$-0,$-0,$0,$-0,$-0,$9,$1,$0
20,2013-09-30,12.41,$7.49,1.66,$5.53,2.24,$-1.03,0.0,$-0.92,0.0,$0.07B,$0.02B,3.36,$0.00B,$0.07B,0.0,$0.05B,$0.03B,51.02%,$0.05B,$-0.01B,-28.57%,$0.05B,$-0.01B,-28.57%,$0.05B,$-0.01B,-26.53%,$0.05B,$-0.01B,-28.57%,$0.05B,$-0.01B,-16.33%,$-0.01B,$0.07B,-11.94%,$-0.01B,$0.06B,-13.91%,$-0.01B,$0.09B,-8.65%,$-0.01B,$0.07B,-20.90%,$4,$2,$2,$2,$5,$9,$-5,$-0,$-5,$-1,$-3,$-3,$-1,$-4,$-5,$9,9,$-0.12,$-0.12,$48,$5,$0,$73,$6,$0,$9,$3,$18,$91,$22,$0,$1,$4,$26,$0,$7,$0,$65,$91,$-7,$1,$2,$3,$1,$0,$1,$0,$3,$-0,$-1,$0,$0,$0,$5,$5,$-0,$4,$0,$0,$0,$-0,$-0,$0,$-0,$-0,$3,$1,$0
21,2013-06-30,8.33,$7.53,1.11,$7.10,1.17,$-1.29,0.0,$-5.03,0.0,$0.07B,$0.02B,3.57,$0.00B,$0.07B,0.0,$0.07B,$0.03B,50.00%,$0.07B,$-0.04B,-62.12%,$0.07B,$-0.04B,-62.12%,$0.07B,$-0.04B,-60.61%,$0.07B,$-0.04B,-62.12%,$0.07B,$-0.05B,-75.76%,$-0.05B,$0.07B,-70.67%,$-0.05B,$0.06B,-82.30%,$-0.05B,$0.09B,-51.81%,$-0.04B,$0.07B,-57.95%,$5,$1,$3,$2,$5,$9,$-4,$-0,$-4,$0,$-4,$-4,$-2,$-4,$-4,$9,9,$-0.22,$-0.22,$46,$5,$0,$71,$6,$0,$9,$3,$18,$90,$20,$0,$1,$4,$24,$0,$8,$-0,$65,$90,$-6,$1,$0,$1,$2,$0,$-0,$0,$2,$-3,$-0,$0,$0,$21,$-16,$5,$-0,$4,$0,$0,$0,$-0,$-0,$0,$-0,$-0,$1,$1,$0
22,2013-03-31,9.02,$7.72,1.17,$8.34,1.08,$-1.20,0.0,$-5.08,0.0,$0.07B,$0.02B,3.45,$0.00B,$0.07B,0.0,$0.08B,$0.04B,48.10%,$0.08B,$-0.04B,-51.90%,$0.08B,$-0.04B,-51.90%,$0.08B,$-0.04B,-49.37%,$0.08B,$-0.04B,-51.90%,$0.08B,$-0.05B,-64.56%,$-0.05B,$0.07B,-59.65%,$-0.05B,$0.06B,-75.28%,$-0.05B,$0.09B,-46.05%,$-0.04B,$0.07B,-47.95%,$19,$10,$9,$3,$10,$23,$-4,$-0,$-4,$-0,$-4,$-4,$-4,$-3,$-4,$9,9,$-0.46,$-0.46,$48,$6,$0,$74,$6,$0,$10,$3,$19,$93,$21,$0,$1,$4,$26,$0,$10,$-0,$67,$93,$-4,$1,$1,$2,$2,$-0,$-0,$-0,$1,$-1,$-0,$0,$0,$13,$-3,$10,$0,$10,$-0,$0,$-0,$-0,$-0,$0,$0,$-0,$9,$1,$0
23,2012-12-31,6.68,$8.16,0.82,$8.00,0.84,$-1.23,0.0,$-4.79,0.0,$0.08B,$0.02B,3.84,$0.00B,$0.07B,0.0,$0.08B,$0.04B,49.37%,$0.08B,$-0.04B,-50.63%,$0.08B,$-0.04B,-50.63%,$0.08B,$-0.04B,-48.10%,$0.08B,$-0.04B,-50.63%,$0.08B,$-0.05B,-62.03%,$-0.05B,$0.07B,-48.40%,$-0.05B,$0.06B,-64.69%,$-0.05B,$0.10B,-38.89%,$-0.04B,$0.07B,-39.51%,$21,$10,$11,$3,$9,$22,$-1,$-0,$-1,$-0,$-1,$-1,$-1,$-2,$-1,$9,9,$-0.12,$-0.12,$50,$6,$0,$76,$6,$0,$10,$3,$20,$96,$20,$0,$1,$5,$25,$0,$14,$0,$71,$96,$-48,$2,$42,$44,$0,$-0,$0,$-0,$2,$-2,$-2,$0,$0,$15,$-36,$-21,$-1,$-25,$0,$0,$0,$-10,$-10,$-5,$-0,$-15,$-42,$2,$-5
24,2012-09-30,6.75,$7.92,0.85,$8.01,0.84,$-0.22,0.0,$-4.80,0.0,$0.09B,$0.02B,3.91,$0.00B,$0.08B,0.0,$0.08B,$0.04B,48.75%,$0.08B,$-0.04B,-51.25%,$0.08B,$-0.04B,-51.25%,$0.08B,$-0.04B,-46.25%,$0.08B,$-0.04B,-51.25%,$0.08B,$-0.05B,-61.25%,$-0.05B,$0.08B,-42.06%,$-0.05B,$0.07B,-58.86%,$-0.05B,$0.11B,-34.63%,$-0.04B,$0.08B,-35.19%,$21,$11,$10,$3,$9,$53,$-32,$0,$-32,$11,$-43,$-43,$-43,$-31,$-32,$10,10,$-4.23,$-4.23,$59,$6,$0,$88,$6,$0,$10,$3,$20,$107,$22,$0,$1,$5,$28,$0,$23,$0,$80,$107,$-47,$3,$40,$44,$-0,$0,$1,$1,$2,$-2,$-2,$0,$0,$10,$-40,$-30,$-1,$-33,$-0,$0,$-0,$-1,$-1,$-5,$0,$-7,$-41,$2,$-5
25,2012-06-30,7.81,$12.26,0.64,$8.09,0.97,$0.94,8.34,$-0.41,0.0,$0.09B,$0.02B,4.81,$0.00B,$0.12B,0.0,$0.08B,$0.04B,49.37%,$0.08B,$-0.01B,-8.86%,$0.08B,$-0.01B,-8.86%,$0.08B,$-0.00B,-3.80%,$0.08B,$-0.01B,-8.86%,$0.08B,$-0.01B,-6.33%,$-0.01B,$0.12B,-3.90%,$-0.01B,$0.08B,-5.12%,$-0.01B,$0.15B,-3.28%,$-0.01B,$0.12B,-5.46%,$18,$10,$8,$3,$9,$22,$-4,$0,$-4,$-1,$-3,$-3,$-3,$-3,$-4,$10,10,$-0.27,$-0.27,$62,$6,$0,$86,$6,$0,$40,$4,$62,$147,$18,$0,$1,$5,$23,$0,$68,$-0,$124,$147,$-5,$2,$-2,$1,$4,$0,$-0,$-1,$2,$-1,$-1,$0,$0,$0,$-13,$-13,$-1,$-15,$-0,$0,$-0,$-1,$-1,$-3,$0,$-4,$-21,$1,$-3
26,2012-03-31,9.56,$12.70,0.75,$8.39,1.14,$1.78,5.38,$-0.01,0.0,$0.09B,$0.02B,5.28,$0.00B,$0.13B,0.0,$0.08B,$0.04B,50.62%,$0.08B,$-0.00B,-1.23%,$0.08B,$-0.00B,-1.23%,$0.08B,$0.00B,2.47%,$0.08B,$-0.00B,-1.23%,$0.08B,$-0.00B,-1.23%,$-0.00B,$0.13B,-0.77%,$-0.00B,$0.09B,-0.91%,$-0.00B,$0.15B,-0.65%,$-0.00B,$0.13B,-0.77%,$19,$10,$10,$3,$9,$22,$-3,$-0,$-3,$-1,$-2,$-2,$-2,$-2,$-3,$10,10,$-0.17,$-0.17,$67,$7,$0,$94,$7,$0,$41,$3,$60,$154,$18,$0,$1,$6,$24,$0,$73,$0,$130,$154,$-2,$1,$0,$2,$4,$-1,$-0,$-0,$-0,$-1,$-1,$0,$0,$0,$0,$0,$0,$-1,$-0,$0,$-0,$0,$0,$-2,$0,$-2,$-3,$1,$-2
27,2011-12-31,10.57,$12.97,0.82,$8.74,1.21,$2.22,4.77,$0.32,33.04,$0.10B,$0.02B,4.88,$0.00B,$0.13B,0.0,$0.08B,$0.04B,50.60%,$0.08B,$0.00B,4.82%,$0.08B,$0.00B,4.82%,$0.08B,$0.01B,8.43%,$0.08B,$0.00B,4.82%,$0.08B,$0.00B,2.41%,$0.00B,$0.13B,1.54%,$0.00B,$0.09B,1.67%,$0.00B,$0.16B,1.30%,$0.00B,$0.13B,3.08%,$22,$11,$11,$3,$10,$23,$-2,$0,$-2,$-0,$-1,$-1,$-1,$-1,$-2,$10,10,$-0.15,$-0.15,$70,$6,$0,$98,$6,$0,$41,$3,$59,$158,$20,$0,$0,$5,$25,$0,$77,$0,$132,$158,$3,$3,$-0,$3,$2,$-2,$-1,$3,$2,$7,$-1,$0,$-39,$0,$7,$7,$-1,$-34,$-0,$0,$-0,$-6,$-6,$-5,$0,$-10,$-38,$2,$-5
28,2011-09-30,11.71,$13.71,0.85,$9.08,1.29,$2.39,4.9,$0.72,16.26,$0.14B,$0.02B,7.64,$0.00B,$0.13B,0.0,$0.09B,$0.04B,51.16%,$0.09B,$0.01B,11.63%,$0.09B,$0.01B,11.63%,$0.09B,$0.01B,15.12%,$0.09B,$0.01B,11.63%,$0.09B,$0.01B,6.98%,$0.01B,$0.13B,4.64%,$0.01B,$0.13B,4.64%,$0.01B,$0.15B,3.97%,$0.01B,$0.13B,7.74%,$20,$10,$10,$2,$7,$18,$2,$0,$2,$1,$1,$1,$1,$3,$2,$9,9,$0.16,$0.16,$115,$6,$0,$136,$6,$0,$0,$4,$14,$150,$18,$0,$0,$5,$23,$0,$82,$0,$127,$150,$4,$2,$-0,$2,$0,$-1,$-1,$3,$2,$8,$-1,$0,$0,$2,$-2,$0,$-1,$-1,$-0,$0,$-0,$-4,$-4,$-3,$0,$-7,$0,$1,$-3
29,2011-06-30,12.34,$13.66,0.9,$9.36,1.32,$1.85,6.67,$0.80,15.43,$0.14B,$0.02B,7.94,$0.00B,$0.13B,0.0,$0.09B,$0.05B,51.69%,$0.09B,$0.01B,12.36%,$0.09B,$0.01B,12.36%,$0.09B,$0.01B,15.73%,$0.09B,$0.01B,13.48%,$0.09B,$0.01B,7.87%,$0.01B,$0.13B,5.42%,$0.01B,$0.13B,5.42%,$0.01B,$0.15B,4.67%,$0.01B,$0.13B,8.51%,$20,$10,$10,$2,$7,$18,$2,$0,$2,$1,$1,$1,$1,$2,$2,$10,10,$0.12,$0.12,$119,$6,$0,$141,$7,$0,$0,$4,$13,$154,$18,$0,$1,$5,$23,$0,$85,$1,$131,$154,$3,$1,$1,$2,$0,$-1,$-1,$4,$2,$6,$-1,$0,$0,$2,$-2,$0,$-1,$-1,$-0,$0,$-0,$0,$0,$-1,$0,$-1,$5,$1,$-1
30,2011-03-31,14.73,$13.70,1.08,$9.57,1.54,$1.06,13.95,$0.89,16.55,$0.14B,$0.02B,8.35,$0.00B,$0.13B,0.0,$0.09B,$0.05B,51.65%,$0.09B,$0.01B,13.19%,$0.09B,$0.01B,13.19%,$0.09B,$0.02B,17.58%,$0.09B,$0.01B,14.29%,$0.09B,$0.01B,8.79%,$0.01B,$0.13B,6.29%,$0.01B,$0.13B,6.29%,$0.01B,$0.15B,5.46%,$0.01B,$0.13B,9.43%,$21,$11,$11,$2,$7,$19,$2,$0,$2,$1,$1,$1,$1,$3,$2,$9,10,$0.16,$0.16,$118,$6,$0,$139,$7,$0,$0,$3,$13,$152,$17,$0,$1,$6,$22,$0,$85,$1,$130,$152,$1,$1,$0,$1,$1,$-2,$1,$3,$1,$3,$-0,$0,$0,$0,$-2,$-2,$0,$-2,$-0,$0,$-0,$0,$0,$0,$0,$0,$1,$0,$0
31,2010-12-31,13.51,$13.57,1.0,$9.25,1.46,$0.57,23.56,$0.80,16.89,$0.14B,$0.02B,8.38,$0.00B,$0.13B,0.0,$0.09B,$0.05B,51.14%,$0.09B,$0.01B,12.50%,$0.09B,$0.01B,12.50%,$0.09B,$0.01B,15.91%,$0.09B,$0.01B,13.64%,$0.09B,$0.01B,9.09%,$0.01B,$0.13B,6.40%,$0.01B,$0.13B,6.40%,$0.01B,$0.15B,5.59%,$0.01B,$0.13B,8.80%,$25,$12,$13,$2,$7,$21,$4,$0,$4,$2,$3,$3,$3,$5,$4,$10,10,$0.28,$0.27,$117,$5,$0,$137,$8,$0,$0,$1,$12,$148,$16,$0,$1,$3,$19,$0,$85,$0,$129,$148,$8,$2,$2,$4,$-0,$-0,$1,$-1,$0,$12,$-4,$0,$0,$0,$29,$29,$-0,$24,$-0,$0,$-0,$-1,$-1,$0,$1,$-0,$35,$2,$0
32,2010-09-30,14.9,$13.33,1.12,$9.06,1.64,$1.24,12.01,$0.76,19.61,$0.13B,$0.02B,7.85,$0.00B,$0.13B,0.0,$0.09B,$0.04B,50.00%,$0.09B,$0.01B,11.63%,$0.09B,$0.01B,11.63%,$0.09B,$0.01B,13.95%,$0.09B,$0.01B,12.79%,$0.09B,$0.01B,8.14%,$0.01B,$0.13B,5.70%,$0.01B,$0.13B,5.70%,$0.01B,$0.15B,4.96%,$0.01B,$0.13B,8.15%,$23,$12,$12,$2,$6,$20,$3,$0,$4,$1,$2,$2,$2,$4,$3,$10,10,$0.24,$0.24,$107,$6,$0,$128,$8,$7,$0,$0,$17,$145,$16,$0,$0,$2,$18,$0,$84,$1,$127,$145,$5,$1,$2,$3,$-1,$-1,$1,$-1,$-2,$6,$-4,$0,$0,$0,$21,$21,$0,$17,$-0,$0,$-0,$1,$1,$0,$1,$1,$24,$1,$0
33,2010-06-30,14.35,$12.91,1.11,$8.97,1.6,$2.23,6.43,$0.85,16.88,$0.12B,$0.02B,7.61,$0.00B,$0.12B,0.0,$0.09B,$0.04B,49.41%,$0.09B,$0.01B,14.12%,$0.09B,$0.01B,14.12%,$0.09B,$0.01B,15.29%,$0.09B,$0.01B,14.12%,$0.09B,$0.01B,9.41%,$0.01B,$0.12B,6.65%,$0.01B,$0.12B,6.65%,$0.01B,$0.14B,5.77%,$0.01B,$0.12B,9.98%,$22,$12,$11,$1,$6,$19,$3,$0,$3,$1,$2,$2,$2,$4,$3,$10,10,$0.22,$0.22,$101,$7,$0,$124,$8,$7,$0,$0,$18,$141,$16,$0,$0,$2,$18,$0,$82,$-0,$123,$141,$3,$1,$1,$2,$-1,$-3,$3,$-1,$-3,$1,$-3,$0,$0,$0,$20,$20,$0,$17,$-0,$0,$-0,$1,$1,$0,$0,$1,$18,$1,$0
34,2010-03-31,13.11,$12.73,1.03,$8.73,1.5,$3.39,3.87,$0.83,15.79,$0.12B,$0.02B,7.99,$0.00B,$0.12B,0.0,$0.08B,$0.04B,48.19%,$0.08B,$0.01B,14.46%,$0.08B,$0.01B,14.46%,$0.08B,$0.01B,14.46%,$0.08B,$0.01B,14.46%,$0.08B,$0.01B,9.64%,$0.01B,$0.12B,6.79%,$0.01B,$0.12B,6.79%,$0.01B,$0.14B,5.88%,$0.01B,$0.12B,10.19%,$18,$10,$9,$1,$6,$17,$1,$0,$1,$0,$1,$1,$1,$1,$1,$9,10,$0.07,$0.07,$99,$5,$0,$118,$8,$9,$0,$0,$20,$138,$15,$0,$0,$2,$17,$0,$79,$0,$121,$138,$1,$0,$0,$1,$2,$-1,$2,$-1,$-1,$1,$-3,$0,$0,$0,$13,$13,$0,$10,$-0,$0,$-0,$0,$0,$0,$0,$0,$11,$0,$0
35,2009-12-31,15.72,$12.66,1.24,$8.75,1.8,$3.72,4.22,$0.89,17.66,$0.12B,$0.02B,6.87,$0.00B,$0.12B,0.0,$0.08B,$0.04B,48.19%,$0.08B,$0.01B,14.46%,$0.08B,$0.01B,14.46%,$0.08B,$0.01B,15.66%,$0.08B,$0.01B,15.66%,$0.08B,$0.01B,9.64%,$0.01B,$0.12B,6.96%,$0.01B,$0.12B,6.96%,$0.01B,$0.14B,6.04%,$0.01B,$0.12B,10.43%,$23,$11,$11,$2,$6,$20,$3,$0,$3,$1,$2,$2,$2,$3,$3,$9,10,$0.24,$0.23,$101,$4,$0,$121,$8,$9,$0,$0,$20,$140,$18,$0,$0,$3,$20,$0,$79,$1,$120,$140,$8,$1,$1,$2,$-3,$1,$-0,$2,$4,$14,$-0,$0,$0,$7,$36,$43,$0,$42,$-0,$0,$-0,$1,$1,$0,$0,$1,$58,$2,$0
36,2009-09-30,15.49,$12.43,1.25,$8.50,1.82,$3.08,5.03,$0.84,18.44,$0.11B,$0.02B,6.99,$0.00B,$0.12B,0.0,$0.08B,$0.04B,45.68%,$0.08B,$0.01B,13.58%,$0.08B,$0.01B,13.58%,$0.08B,$0.01B,14.81%,$0.08B,$0.01B,14.81%,$0.08B,$0.01B,9.88%,$0.01B,$0.12B,7.13%,$0.01B,$0.12B,7.13%,$0.01B,$0.14B,6.24%,$0.01B,$0.12B,9.80%,$22,$11,$11,$2,$5,$18,$5,$0,$5,$2,$3,$3,$3,$5,$5,$9,10,$0.33,$0.33,$91,$4,$0,$111,$6,$17,$0,$0,$25,$136,$16,$0,$0,$3,$19,$0,$77,$1,$117,$136,$6,$1,$1,$2,$-3,$2,$1,$4,$4,$12,$-0,$0,$0,$0,$-15,$-15,$0,$-15,$-0,$0,$-0,$0,$0,$0,$0,$0,$-3,$1,$0
37,2009-06-30,15.06,$12.03,1.25,$8.79,1.71,$2.12,7.11,$0.93,16.19,$0.10B,$0.01B,7.39,$0.00B,$0.11B,0.0,$0.08B,$0.04B,45.24%,$0.08B,$0.01B,14.29%,$0.08B,$0.01B,14.29%,$0.08B,$0.01B,15.48%,$0.08B,$0.01B,15.48%,$0.08B,$0.01B,10.71%,$0.01B,$0.11B,8.20%,$0.01B,$0.11B,8.20%,$0.01B,$0.13B,7.20%,$0.01B,$0.11B,10.93%,$20,$11,$9,$2,$5,$17,$3,$1,$3,$1,$2,$2,$2,$3,$3,$9,10,$0.21,$0.20,$87,$4,$0,$104,$6,$18,$0,$0,$26,$130,$14,$0,$0,$3,$17,$0,$73,$1,$113,$130,$3,$1,$0,$1,$-0,$2,$-0,$2,$5,$9,$-0,$0,$0,$0,$-15,$-15,$0,$-15,$-0,$0,$-0,$0,$0,$0,$0,$0,$-6,$1,$0
38,2009-03-31,12.1,$11.79,1.03,$9.02,1.34,$1.36,8.92,$0.92,13.15,$0.08B,$0.01B,7.18,$0.00B,$0.11B,0.0,$0.09B,$0.04B,44.83%,$0.09B,$0.01B,13.79%,$0.09B,$0.01B,13.79%,$0.09B,$0.01B,14.94%,$0.09B,$0.01B,14.94%,$0.09B,$0.01B,10.34%,$0.01B,$0.11B,8.31%,$0.01B,$0.11B,8.31%,$0.01B,$0.12B,7.30%,$0.01B,$0.11B,11.09%,$18,$10,$9,$2,$5,$17,$1,$1,$2,$1,$1,$1,$1,$2,$1,$9,9,$0.13,$0.13,$64,$5,$0,$83,$6,$32,$0,$0,$41,$124,$12,$0,$1,$2,$14,$0,$71,$1,$110,$124,$1,$0,$-0,$0,$-0,$0,$0,$-0,$-0,$1,$-0,$0,$0,$0,$-1,$-1,$0,$-1,$-0,$0,$-0,$0,$0,$0,$0,$0,$0,$0,$0
39,2008-12-31,12.15,$11.68,1.04,$9.33,1.3,$0.90,13.56,$0.97,12.53,$0.07B,$0.01B,6.17,$0.00B,$0.11B,0.0,$0.09B,$0.04B,43.48%,$0.09B,$0.01B,14.13%,$0.09B,$0.01B,14.13%,$0.09B,$0.01B,14.13%,$0.09B,$0.01B,15.22%,$0.09B,$0.01B,10.87%,$0.01B,$0.11B,9.26%,$0.01B,$0.11B,9.26%,$0.01B,$0.12B,8.13%,$0.01B,$0.11B,12.04%,$21,$13,$8,$1,$5,$19,$2,$1,$2,$1,$2,$2,$2,$2,$2,$10,10,$0.19,$0.18,$55,$6,$0,$74,$6,$41,$0,$0,$49,$123,$12,$0,$0,$2,$14,$0,$70,$1,$109,$123,$9,$1,$1,$3,$3,$2,$-3,$-2,$0,$12,$-4,$0,$0,$5,$2,$7,$0,$3,$-0,$0,$-0,$-8,$-8,$0,$1,$-7,$7,$1,$0
40,2008-09-30,12.65,$11.40,1.11,$9.91,1.28,$2.49,5.08,$1.24,10.2,$0.08B,$0.01B,5.7,$0.00B,$0.11B,0.0,$0.10B,$0.05B,46.46%,$0.10B,$0.02B,17.17%,$0.10B,$0.02B,17.17%,$0.10B,$0.02B,18.18%,$0.10B,$0.02B,19.19%,$0.10B,$0.01B,13.13%,$0.01B,$0.11B,12.15%,$0.01B,$0.11B,12.15%,$0.01B,$0.12B,10.53%,$0.02B,$0.11B,15.89%,$25,$13,$12,$1,$5,$20,$6,$1,$6,$2,$4,$4,$4,$6,$6,$9,10,$0.42,$0.42,$57,$6,$0,$80,$6,$34,$0,$0,$43,$123,$14,$0,$0,$2,$16,$0,$69,$1,$107,$123,$8,$1,$0,$1,$-1,$2,$-3,$-0,$-2,$7,$-4,$0,$0,$0,$20,$20,$-0,$15,$-0,$0,$-0,$-8,$-8,$0,$2,$-6,$16,$1,$0
41,2008-06-30,11.23,$11.12,1.01,$10.55,1.06,$3.87,2.9,$1.41,7.96,$0.08B,$0.01B,5.98,$0.00B,$0.11B,0.0,$0.11B,$0.05B,46.30%,$0.11B,$0.02B,18.52%,$0.11B,$0.02B,18.52%,$0.11B,$0.02B,19.44%,$0.11B,$0.02B,21.30%,$0.11B,$0.02B,13.89%,$0.02B,$0.11B,14.29%,$0.02B,$0.11B,14.29%,$0.02B,$0.12B,12.20%,$0.02B,$0.11B,19.05%,$23,$13,$10,$2,$6,$20,$3,$0,$3,$1,$2,$2,$2,$3,$3,$10,10,$0.20,$0.19,$58,$6,$0,$82,$3,$36,$0,$0,$41,$123,$14,$0,$0,$2,$16,$0,$69,$1,$107,$123,$4,$1,$-1,$0,$1,$2,$-3,$-0,$-2,$2,$-0,$0,$0,$0,$17,$17,$0,$17,$-0,$0,$-0,$-4,$-4,$0,$1,$-3,$16,$0,$0
42,2008-03-31,19.85,$11.07,1.79,$10.65,1.86,$4.34,4.58,$1.50,13.23,$0.08B,$0.01B,6.34,$0.00B,$0.11B,0.0,$0.11B,$0.05B,46.36%,$0.11B,$0.02B,19.09%,$0.11B,$0.02B,19.09%,$0.11B,$0.02B,20.00%,$0.11B,$0.02B,21.82%,$0.11B,$0.02B,14.55%,$0.02B,$0.11B,15.35%,$0.02B,$0.11B,15.35%,$0.02B,$0.12B,13.03%,$0.02B,$0.11B,20.14%,$23,$13,$10,$1,$7,$21,$2,$1,$3,$1,$2,$2,$2,$2,$2,$10,10,$0.18,$0.18,$54,$8,$0,$80,$3,$38,$0,$0,$43,$123,$13,$0,$0,$2,$15,$0,$72,$1,$109,$123,$2,$0,$-0,$-0,$1,$0,$-3,$-1,$-5,$-3,$-0,$0,$0,$0,$6,$6,$0,$5,$-0,$0,$-0,$0,$0,$0,$1,$1,$3,$0,$0
43,2007-12-31,23.52,$10.82,2.17,$10.45,2.25,$5.04,4.67,$1.52,15.47,$0.09B,$0.02B,4.74,$0.00B,$0.11B,0.0,$0.11B,$0.05B,46.79%,$0.11B,$0.02B,19.27%,$0.11B,$0.02B,19.27%,$0.11B,$0.02B,21.10%,$0.11B,$0.02B,22.02%,$0.11B,$0.02B,14.68%,$0.02B,$0.11B,15.69%,$0.02B,$0.11B,15.69%,$0.02B,$0.13B,13.25%,$0.02B,$0.11B,20.59%,$28,$15,$14,$1,$6,$22,$6,$1,$7,$3,$5,$5,$5,$7,$6,$10,10,$0.46,$0.45,$59,$8,$0,$85,$3,$35,$0,$0,$40,$125,$18,$0,$0,$2,$20,$0,$70,$1,$105,$125,$16,$2,$-1,$1,$7,$-2,$1,$2,$10,$26,$-1,$0,$0,$0,$-18,$-18,$0,$-19,$-0,$0,$-0,$-10,$-10,$0,$1,$-9,$-1,$2,$0
44,2007-09-30,20.34,$10.25,1.99,$10.67,1.91,$3.54,5.75,$1.41,14.42,$0.09B,$0.02B,4.42,$0.00B,$0.10B,0.0,$0.11B,$0.05B,45.54%,$0.11B,$0.02B,17.86%,$0.11B,$0.02B,17.86%,$0.11B,$0.02B,19.64%,$0.11B,$0.02B,20.54%,$0.11B,$0.02B,13.39%,$0.02B,$0.10B,15.08%,$0.02B,$0.10B,15.08%,$0.02B,$0.12B,12.77%,$0.02B,$0.10B,20.10%,$34,$17,$16,$2,$6,$25,$9,$1,$10,$3,$6,$6,$6,$9,$9,$10,10,$0.63,$0.59,$56,$8,$0,$88,$3,$29,$0,$0,$33,$121,$20,$0,$0,$2,$22,$0,$66,$0,$99,$121,$11,$1,$-1,$0,$2,$-2,$0,$3,$6,$18,$-1,$0,$0,$0,$-9,$-9,$0,$-10,$-0,$0,$-0,$-11,$-11,$0,$1,$-10,$-2,$1,$0
45,2007-06-30,28.63,$10.28,2.78,$9.79,2.92,$2.42,11.83,$1.25,22.91,$0.09B,$0.02B,5.31,$0.00B,$0.10B,0.0,$0.10B,$0.05B,45.63%,$0.10B,$0.02B,16.50%,$0.10B,$0.02B,16.50%,$0.10B,$0.02B,18.45%,$0.10B,$0.02B,19.42%,$0.10B,$0.01B,12.62%,$0.01B,$0.10B,13.33%,$0.01B,$0.10B,13.33%,$0.01B,$0.12B,11.56%,$0.02B,$0.10B,17.44%,$25,$14,$11,$1,$6,$22,$4,$1,$4,$2,$3,$3,$3,$4,$4,$10,11,$0.29,$0.28,$56,$7,$0,$88,$4,$31,$0,$0,$34,$122,$17,$0,$0,$2,$18,$0,$72,$0,$104,$122,$5,$1,$-0,$0,$2,$-1,$1,$2,$2,$8,$-1,$0,$0,$0,$-1,$-1,$0,$-1,$-0,$0,$-0,$2,$2,$0,$1,$3,$9,$1,$0
46,2007-03-31,23.48,$9.94,2.36,$9.85,2.39,$2.08,11.3,$1.30,18.06,$0.08B,$0.01B,6.02,$0.00B,$0.10B,0.0,$0.10B,$0.05B,46.60%,$0.10B,$0.02B,17.48%,$0.10B,$0.02B,17.48%,$0.10B,$0.02B,19.42%,$0.10B,$0.02B,21.36%,$0.10B,$0.01B,12.62%,$0.01B,$0.10B,14.05%,$0.01B,$0.10B,14.05%,$0.01B,$0.12B,12.26%,$0.02B,$0.10B,19.46%,$22,$12,$10,$2,$6,$19,$2,$1,$3,$1,$2,$2,$2,$3,$2,$10,10,$0.21,$0.20,$54,$7,$0,$81,$4,$30,$0,$0,$33,$115,$14,$0,$0,$1,$14,$0,$69,$0,$100,$115,$2,$0,$-1,$-0,$6,$-1,$-1,$1,$3,$4,$-1,$0,$0,$0,$-1,$-1,$0,$-2,$-0,$0,$-0,$1,$1,$0,$1,$2,$5,$0,$0
47,2006-12-31,23.57,$9.62,2.45,$9.98,2.36,$1.71,13.82,$1.26,18.7,$0.07B,$0.02B,4.34,$0.00B,$0.10B,0.0,$0.10B,$0.05B,46.15%,$0.10B,$0.02B,17.31%,$0.10B,$0.02B,17.31%,$0.10B,$0.02B,18.27%,$0.10B,$0.02B,21.15%,$0.10B,$0.01B,12.50%,$0.01B,$0.10B,14.86%,$0.01B,$0.10B,14.86%,$0.01B,$0.11B,12.97%,$0.02B,$0.10B,20.57%,$31,$17,$14,$2,$7,$25,$5,$1,$6,$2,$4,$4,$4,$6,$5,$10,10,$0.36,$0.34,$39,$6,$0,$70,$4,$39,$0,$0,$42,$112,$16,$0,$0,$1,$17,$0,$67,$0,$95,$112,$13,$2,$-0,$1,$-9,$1,$2,$2,$-2,$12,$-3,$0,$0,$0,$-17,$-17,$0,$-20,$-0,$0,$-0,$2,$2,$0,$1,$3,$-4,$2,$0
