,Date,Stock Price,Book Value per Share,Price to Book Ratio,TTM Sales per Share,Price to Sales Ratio,TTM FCF per Share,Price to FCF Ratio,TTM Net EPS,PE Ratio,Current Assets,Current Liabilities,Current Ratio,Long Term Debt,Shareholder's Equity_x,Debt to Equity Ratio,TTM Revenue_x,TTM Gross Profit,Gross Margin,TTM Revenue_y,TTM Operating Income,Operating Margin,TTM Revenue_x,TTM EBIT,EBIT Margin,TTM Revenue_y,TTM EBITDA,EBITDA Margin,TTM Revenue_x,TTM Pre-Tax Income,Pre-Tax Margin,TTM Revenue_y,TTM Net Income_x,Net Margin,TTM Net Income_y,Shareholder's Equity_y,Return on Equity,TTM Net Income_x,Tangible Equity,Return on Tangible Equity,TTM Net Income_y,Total Assets,Return on Assets,TTM Net Income,LT Investments & Debt,Return on Investment,revenue,cost-goods-sold,gross-profit,research-development-expenses,selling-general-administrative-expenses,operating-expenses,operating-income,total-non-operating-income-expense,pre-tax-income,total-provision-income-taxes,income-after-taxes,income-from-continuous-operations,net-income,ebitda,ebit,basic-shares-outstanding,shares-outstanding,eps-basic-net-earnings-per-share,eps-earnings-per-share-diluted,cash-on-hand,inventory,other-current-assets,total-current-assets,net-property-plant-equipment,long-term-investments,goodwill-intangible-assets-total,other-long-term-assets,total-long-term-assets,total-assets,total-current-liabilities,long-term-debt,other-non-current-liabilities,total-long-term-liabilities,total-liabilities,common-stock-net,retained-earnings-accumulated-deficit,comprehensive-income,total-share-holder-equity,total-liabilities-share-holders-equity,net-income-loss,total-depreciation-amortization-cash-flow,other-non-cash-items,total-non-cash-items,change-in-accounts-receivable,change-in-inventories,change-in-accounts-payable,change-in-assets-liabilities,total-change-in-assets-liabilities,cash-flow-from-operating-activities,net-change-in-property-plant-equipment,net-change-in-intangible-assets,net-acquisitions-divestitures,net-change-in-short-term-investments,net-change-in-long-term-investments,net-change-in-investments-total,investing-activities-other,cash-flow-from-investing-activities,net-long-term-debt,net-current-debt,debt-issuance-retirement-net-total,net-common-equity-issued-repurchased,net-total-equity-issued-repurchased,total-common-preferred-stock-dividends-paid,financial-activities-other,cash-flow-from-financial-activities,net-cash-flow,stock-based-compensation,common-stock-dividends-paid
0,2018-09-30,136.91,$7.59,18.05,$21.51,6.37,$8.19,16.71,$2.81,48.72,$2.78B,$0.69B,4.05,$2.20B,$1.43B,1.53,$4.07B,$2.14B,52.48%,$4.07B,$0.98B,24.14%,$4.07B,$0.98B,24.14%,$4.07B,$1.29B,31.71%,$4.07B,$0.96B,23.60%,$4.07B,$0.87B,21.26%,$0.87B,$1.43B,76.41%,$0.87B,$-0.14B,-226.89%,$0.87B,$5.37B,16.77%,$0.98B,$3.63B,29.72%,$975,$466,$508,$167,$101,$738,$236,$-7,$229,$-106,$335,$335,$334,$320,$236,$189,189,$1.77,$1.76,$891,$447,$86,$2782,$903,$38,$1573,$0,$2583,$5366,$688,$2195,$944,$3247,$3934,$3,$1392,$0,$1431,$5366,$716,$244,$-60,$185,$38,$6,$-73,$-152,$-181,$720,$-209,$-260,$0,$0,$0,$0,$0,$-468,$81,$-16,$64,$-35,$-35,$-155,$-2,$-128,$123,$0,$-155
1,2018-06-30,135.01,$5.71,23.65,$21.56,6.26,$7.91,17.08,$3.68,36.69,$2.64B,$0.79B,3.36,$2.21B,$1.11B,2.0,$4.08B,$2.14B,52.61%,$4.08B,$0.98B,24.15%,$4.08B,$0.98B,24.15%,$4.08B,$1.29B,31.73%,$4.08B,$0.96B,23.53%,$4.08B,$0.70B,17.08%,$0.70B,$1.11B,72.11%,$0.70B,$-0.44B,-138.99%,$0.70B,$5.22B,13.88%,$0.98B,$3.32B,31.57%,$1080,$515,$566,$198,$104,$820,$260,$-5,$255,$64,$191,$191,$191,$344,$260,$189,189,$1.01,$1.01,$786,$506,$95,$2644,$895,$38,$1549,$0,$2579,$5223,$787,$2210,$1018,$3329,$4116,$3,$1070,$0,$1107,$5223,$500,$161,$-85,$76,$-8,$-40,$22,$-95,$-122,$454,$-136,$-160,$0,$0,$0,$0,$0,$-296,$48,$-14,$35,$-36,$-36,$0,$-156,$-158,$2,$0,$0
2,2018-03-31,119.82,$5.85,20.48,$21.20,5.65,$7.38,16.24,$3.46,34.63,$2.76B,$0.87B,3.17,$2.24B,$1.10B,2.03,$4.01B,$2.09B,52.07%,$4.01B,$0.95B,23.60%,$4.01B,$0.95B,23.60%,$4.01B,$1.25B,31.16%,$4.01B,$0.91B,22.73%,$4.01B,$0.66B,16.34%,$0.66B,$1.10B,78.89%,$0.66B,$-0.44B,-115.67%,$0.66B,$5.36B,13.70%,$0.95B,$3.34B,32.49%,$1021,$480,$541,$212,$82,$763,$258,$-5,$253,$70,$182,$182,$181,$335,$258,$189,189,$0.96,$0.96,$932,$524,$96,$2759,$905,$36,$1546,$0,$2601,$5360,$871,$2240,$1028,$3385,$4256,$3,$1066,$0,$1104,$5360,$253,$77,$-3,$74,$-19,$-46,$29,$-33,$-69,$258,$-76,$-72,$0,$0,$0,$0,$0,$-148,$38,$7,$45,$-37,$-37,$0,$0,$8,$117,$0,$0
3,2017-12-31,104.23,$4.69,22.23,$20.40,5.11,$6.98,14.94,$3.19,32.67,$2.35B,$0.72B,3.27,$2.04B,$0.89B,2.3,$3.86B,$2.00B,51.71%,$3.86B,$0.88B,22.71%,$3.86B,$0.88B,22.71%,$3.86B,$1.17B,30.35%,$3.86B,$0.84B,21.83%,$3.86B,$0.61B,15.69%,$0.61B,$0.89B,88.79%,$0.61B,$-0.50B,-95.92%,$0.61B,$4.68B,13.40%,$0.88B,$2.93B,32.46%,$992,$473,$520,$207,$87,$765,$228,$-5,$223,$62,$160,$160,$159,$291,$228,$189,190,$0.84,$0.83,$750,$445,$51,$2352,$803,$34,$1385,$0,$2328,$4681,$720,$2042,$926,$3075,$3795,$3,$844,$0,$886,$4681,$843,$295,$-188,$107,$-2,$-100,$33,$-132,$-201,$749,$-209,$-229,$0,$0,$0,$0,$9,$-429,$50,$-9,$41,$0,$0,$0,$-137,$-96,$215,$0,$0
4,2017-09-30,109.84,$3.94,27.89,$19.94,5.51,$9.01,12.19,$2.99,36.74,$2.44B,$0.75B,3.26,$2.11B,$0.76B,2.77,$3.77B,$1.92B,50.78%,$3.77B,$0.82B,21.64%,$3.77B,$0.82B,21.64%,$3.77B,$1.12B,29.73%,$3.77B,$0.78B,20.79%,$3.77B,$0.57B,15.04%,$0.57B,$0.76B,102.67%,$0.57B,$-0.62B,-77.56%,$0.57B,$4.79B,12.84%,$0.82B,$2.88B,31.72%,$982,$465,$517,$173,$106,$745,$238,$-10,$228,$63,$165,$165,$165,$323,$238,$189,189,$0.87,$0.87,$753,$428,$91,$2436,$804,$35,$1384,$0,$2351,$4787,$748,$2114,$1031,$3275,$4024,$3,$714,$0,$764,$4787,$654,$231,$-73,$159,$-0,$-65,$-48,$-103,$-216,$597,$-141,$-150,$0,$0,$0,$0,$10,$-281,$39,$-13,$26,$0,$0,$0,$-142,$-116,$189,$0,$0
5,2017-06-30,85.52,$2.92,29.27,$19.31,4.43,$9.28,9.22,$2.78,30.76,$2.12B,$0.72B,2.96,$1.93B,$0.57B,3.41,$3.66B,$1.83B,49.99%,$3.66B,$0.77B,21.05%,$3.66B,$0.77B,21.05%,$3.66B,$1.06B,28.88%,$3.66B,$0.74B,20.09%,$3.66B,$0.53B,14.41%,$0.53B,$0.57B,123.80%,$0.53B,$-0.70B,-63.88%,$0.53B,$4.30B,12.01%,$0.77B,$2.50B,30.45%,$1013,$504,$509,$179,$101,$791,$222,$-15,$207,$58,$149,$149,$150,$300,$222,$189,189,$0.79,$0.79,$491,$418,$95,$2121,$744,$32,$1270,$0,$2174,$4295,$717,$1930,$973,$3012,$3729,$3,$510,$0,$567,$4295,$398,$147,$-76,$71,$-12,$-72,$16,$-99,$-167,$303,$-84,$-85,$0,$0,$0,$0,$9,$-160,$-34,$-13,$-47,$0,$0,$0,$-126,$-173,$-38,$0,$0
6,2017-03-31,73.93,$0.00,246431.0,$18.79,3.93,$9.62,7.69,$2.57,28.77,$2.21B,$0.78B,2.82,$1.99B,$0.51B,3.89,$3.57B,$1.76B,49.41%,$3.57B,$0.71B,20.02%,$3.57B,$0.71B,20.02%,$3.57B,$0.99B,27.87%,$3.57B,$0.69B,19.29%,$3.57B,$0.49B,13.68%,$0.49B,$0.51B,154.43%,$0.49B,$-0.70B,-52.07%,$0.49B,$4.32B,10.74%,$0.71B,$2.51B,27.05%,$875,$424,$451,$183,$77,$686,$189,$-4,$185,$53,$132,$132,$132,$258,$189,$189,190,$0.69,$0.69,$617,$382,$87,$2213,$719,$30,$1217,$0,$2109,$4322,$784,$1993,$926,$3026,$3809,$3,$473,$0,$513,$4322,$185,$69,$13,$82,$-36,$-39,$18,$-60,$-116,$150,$-43,$-34,$0,$0,$0,$0,$9,$-68,$40,$-2,$38,$0,$0,$0,$0,$38,$119,$0,$0
7,2016-12-31,57.8,$1.93,29.92,$18.13,3.19,$9.56,6.04,$2.33,24.81,$2.09B,$0.73B,2.88,$2.05B,$0.37B,5.6,$3.44B,$1.69B,49.16%,$3.44B,$0.66B,19.18%,$3.44B,$0.66B,19.18%,$3.44B,$0.93B,27.12%,$3.44B,$0.63B,18.25%,$3.44B,$0.44B,12.83%,$0.44B,$0.37B,206.32%,$0.44B,$-0.90B,-42.33%,$0.44B,$4.26B,9.58%,$0.66B,$2.41B,24.29%,$901,$463,$438,$185,$68,$734,$167,$-3,$164,$45,$120,$120,$120,$240,$167,$189,189,$0.64,$0.64,$525,$359,$59,$2089,$741,$38,$1261,$0,$2171,$4260,$726,$2045,$1008,$3169,$3895,$3,$335,$0,$365,$4260,$628,$274,$-228,$47,$-98,$-37,$117,$456,$438,$1112,$-191,$-184,$0,$0,$21,$21,$0,$-355,$-508,$18,$-491,$2,$2,$0,$34,$-455,$304,$0,$0
8,2016-09-30,51.57,$1.34,38.35,$17.16,3.0,$7.76,6.64,$2.00,25.78,$2.60B,$0.83B,3.15,$2.45B,$0.26B,9.41,$3.25B,$1.58B,48.51%,$3.25B,$0.57B,17.49%,$3.25B,$0.57B,17.49%,$3.25B,$0.85B,26.07%,$3.25B,$0.54B,16.48%,$3.25B,$0.37B,11.37%,$0.37B,$0.26B,316.24%,$0.37B,$-1.00B,-32.83%,$0.37B,$4.71B,8.02%,$0.57B,$2.72B,20.82%,$874,$442,$433,$153,$85,$682,$193,$-12,$180,$54,$126,$126,$126,$260,$193,$191,191,$0.66,$0.66,$566,$328,$618,$2604,$715,$14,$1263,$0,$2105,$4709,$826,$2454,$1046,$3622,$4448,$3,$212,$0,$261,$4709,$463,$201,$-15,$186,$-115,$-6,$38,$68,$-16,$633,$-120,$-139,$0,$0,$0,$0,$0,$-259,$-99,$33,$-65,$2,$2,$0,$35,$-29,$344,$0,$0
