,Date,Stock Price,Book Value per Share,Price to Book Ratio,TTM Sales per Share,Price to Sales Ratio,TTM FCF per Share,Price to FCF Ratio,TTM Net EPS,PE Ratio,Current Assets,Current Liabilities,Current Ratio,Long Term Debt,Shareholder's Equity_x,Debt to Equity Ratio,TTM Revenue_x,TTM Gross Profit,Gross Margin,TTM Revenue_y,TTM Operating Income,Operating Margin,TTM Revenue_x,TTM EBIT,EBIT Margin,TTM Revenue_y,TTM EBITDA,EBITDA Margin,TTM Revenue_x,TTM Pre-Tax Income,Pre-Tax Margin,TTM Revenue_y,TTM Net Income_x,Net Margin,TTM Net Income_y,Shareholder's Equity_y,Return on Equity,TTM Net Income_x,Tangible Equity,Return on Tangible Equity,TTM Net Income_y,Total Assets,Return on Assets,TTM Net Income,LT Investments & Debt,Return on Investment,revenue,cost-goods-sold,gross-profit,research-development-expenses,selling-general-administrative-expenses,operating-expenses,operating-income,total-non-operating-income-expense,pre-tax-income,total-provision-income-taxes,income-after-taxes,income-from-continuous-operations,net-income,ebitda,ebit,basic-shares-outstanding,shares-outstanding,eps-basic-net-earnings-per-share,eps-earnings-per-share-diluted,cash-on-hand,inventory,other-current-assets,total-current-assets,net-property-plant-equipment,long-term-investments,goodwill-intangible-assets-total,other-long-term-assets,total-long-term-assets,total-assets,total-current-liabilities,long-term-debt,other-non-current-liabilities,total-long-term-liabilities,total-liabilities,common-stock-net,retained-earnings-accumulated-deficit,comprehensive-income,total-share-holder-equity,total-liabilities-share-holders-equity,net-income-loss,total-depreciation-amortization-cash-flow,other-non-cash-items,total-non-cash-items,change-in-accounts-receivable,change-in-inventories,change-in-accounts-payable,change-in-assets-liabilities,total-change-in-assets-liabilities,cash-flow-from-operating-activities,net-change-in-property-plant-equipment,net-change-in-intangible-assets,net-acquisitions-divestitures,net-change-in-short-term-investments,net-change-in-long-term-investments,net-change-in-investments-total,investing-activities-other,cash-flow-from-investing-activities,net-long-term-debt,net-current-debt,debt-issuance-retirement-net-total,net-common-equity-issued-repurchased,net-total-equity-issued-repurchased,total-common-preferred-stock-dividends-paid,financial-activities-other,cash-flow-from-financial-activities,net-cash-flow,stock-based-compensation,common-stock-dividends-paid
0,2018-09-30,16.07,$17.60,0.91,$25.02,0.64,$-7.15,0.0,$-2.10,0.0,$0.21B,$0.07B,3.01,$0.00B,$0.22B,0.0,$0.31B,$-0.00B,-1.30%,$0.31B,$-0.04B,-11.36%,$0.31B,$-0.04B,-11.36%,$0.31B,$-0.02B,-7.79%,$0.31B,$-0.03B,-10.39%,$0.31B,$-0.03B,-8.12%,$-0.03B,$0.22B,-11.09%,$-0.03B,$0.20B,-12.25%,$-0.03B,$0.33B,-7.88%,$-0.04B,$0.22B,-15.52%,$79,$83,$-4,$0,$5,$88,$-9,$0,$-8,$-2,$-6,$-6,$-6,$-6,$-9,$12,12,$-0.50,$-0.50,$66,$63,$43,$210,$47,$0,$22,$3,$114,$325,$70,$0,$0,$35,$105,$0,$146,$-7,$219,$325,$-15,$8,$-2,$7,$-31,$-14,$18,$-32,$-59,$-67,$1,$0,$-5,$0,$16,$16,$0,$13,$0,$0,$0,$0,$0,$0,$-0,$-0,$-55,$3,$0
1,2018-06-30,16.79,$18.03,0.93,$24.47,0.69,$0.68,24.79,$-2.54,0.0,$0.22B,$0.07B,3.24,$0.00B,$0.23B,0.0,$0.30B,$-0.01B,-2.66%,$0.30B,$-0.05B,-14.95%,$0.30B,$-0.05B,-14.95%,$0.30B,$-0.03B,-11.30%,$0.30B,$-0.04B,-13.95%,$0.30B,$-0.03B,-10.30%,$-0.03B,$0.23B,-13.39%,$-0.03B,$0.20B,-14.78%,$-0.03B,$0.33B,-9.82%,$-0.05B,$0.23B,-19.44%,$67,$62,$5,$0,$8,$70,$-4,$1,$-3,$-1,$-2,$-2,$-2,$-1,$-4,$12,12,$-0.19,$-0.19,$87,$60,$45,$218,$50,$0,$22,$3,$111,$330,$68,$0,$0,$38,$105,$0,$153,$-7,$225,$330,$-9,$5,$0,$6,$-18,$-12,$15,$-33,$-46,$-48,$0,$0,$-1,$0,$-13,$-13,$0,$-14,$0,$0,$0,$0,$0,$0,$-0,$-0,$-63,$2,$0
2,2018-03-31,13.4,$18.17,0.74,$28.71,0.47,$7.89,1.7,$-2.39,0.0,$0.21B,$0.05B,4.0,$0.00B,$0.23B,0.0,$0.35B,$-0.01B,-2.27%,$0.35B,$-0.04B,-11.90%,$0.35B,$-0.04B,-11.90%,$0.35B,$-0.03B,-9.07%,$0.35B,$-0.04B,-11.33%,$0.35B,$-0.03B,-8.22%,$-0.03B,$0.23B,-12.13%,$-0.03B,$0.21B,-13.33%,$-0.03B,$0.32B,-9.19%,$-0.04B,$0.23B,-17.57%,$83,$84,$-1,$0,$8,$92,$-9,$0,$-8,$-2,$-6,$-6,$-6,$-6,$-9,$12,12,$-0.51,$-0.51,$123,$47,$22,$205,$53,$0,$22,$3,$112,$318,$51,$0,$0,$40,$92,$0,$155,$-8,$226,$318,$-6,$3,$1,$4,$-5,$2,$2,$-11,$-11,$-13,$0,$0,$0,$0,$-9,$-9,$0,$-9,$0,$0,$0,$0,$0,$0,$-0,$-0,$-23,$1,$0
3,2017-12-31,17.08,$18.70,0.91,$33.34,0.51,$10.26,1.66,$-1.83,0.0,$0.20B,$0.04B,4.96,$0.00B,$0.23B,0.0,$0.41B,$0.00B,0.73%,$0.41B,$-0.03B,-7.80%,$0.41B,$-0.03B,-7.80%,$0.41B,$-0.02B,-5.37%,$0.41B,$-0.03B,-7.56%,$0.41B,$-0.02B,-5.37%,$-0.02B,$0.23B,-8.92%,$-0.02B,$0.21B,-9.78%,$-0.02B,$0.30B,-6.86%,$-0.03B,$0.23B,-12.97%,$79,$83,$-4,$0,$9,$93,$-13,$0,$-13,$-2,$-11,$-11,$-11,$-11,$-13,$12,12,$-0.89,$-0.89,$136,$45,$11,$200,$38,$0,$22,$3,$96,$296,$40,$0,$0,$24,$64,$0,$161,$-8,$232,$296,$-23,$9,$-6,$4,$16,$51,$-11,$-4,$59,$40,$-1,$0,$0,$0,$-42,$-42,$1,$-42,$0,$0,$0,$0,$0,$-3,$-0,$-3,$-5,$1,$-3
4,2017-09-30,19.56,$19.58,1.0,$37.94,0.52,$5.94,3.29,$-0.92,0.0,$0.22B,$0.05B,4.48,$0.00B,$0.24B,0.0,$0.47B,$0.01B,3.00%,$0.47B,$-0.02B,-4.71%,$0.47B,$-0.02B,-4.71%,$0.47B,$-0.01B,-2.57%,$0.47B,$-0.02B,-4.50%,$0.47B,$-0.01B,-2.36%,$-0.01B,$0.24B,-4.35%,$-0.01B,$0.22B,-4.76%,$-0.01B,$0.32B,-3.32%,$-0.02B,$0.24B,-8.70%,$72,$80,$-8,$0,$11,$91,$-19,$0,$-18,$-7,$-12,$-12,$-12,$-16,$-19,$12,12,$-0.94,$-0.94,$127,$70,$5,$220,$40,$0,$22,$1,$98,$319,$49,$0,$5,$27,$76,$0,$173,$-8,$243,$319,$-11,$7,$-8,$-1,$7,$27,$-2,$1,$43,$31,$-0,$0,$0,$0,$-54,$-54,$1,$-53,$0,$0,$0,$0,$0,$-3,$-0,$-3,$-26,$1,$-3
5,2017-06-30,17.3,$20.54,0.84,$41.33,0.42,$-2.06,0.0,$0.02,865.25,$0.23B,$0.05B,5.08,$0.00B,$0.26B,0.0,$0.51B,$0.03B,6.10%,$0.51B,$-0.00B,-0.59%,$0.51B,$-0.00B,-0.59%,$0.51B,$0.01B,1.18%,$0.51B,$-0.00B,-0.59%,$0.51B,$0.00B,0.20%,$0.00B,$0.26B,0.39%,$0.00B,$0.23B,0.43%,$0.00B,$0.33B,0.29%,$-0.00B,$0.26B,-1.17%,$119,$113,$5,$0,$6,$120,$-1,$0,$-1,$-0,$-0,$-0,$-0,$1,$-1,$12,12,$-0.04,$-0.04,$138,$74,$6,$234,$42,$0,$22,$2,$94,$329,$46,$0,$5,$27,$73,$0,$185,$-8,$255,$329,$0,$5,$-1,$4,$8,$23,$-6,$-0,$37,$41,$-0,$0,$0,$0,$-33,$-33,$1,$-32,$0,$0,$0,$0,$0,$-2,$-0,$-2,$6,$0,$-2
6,2017-03-31,12.4,$20.67,0.6,$41.96,0.3,$-7.87,0.0,$0.02,620.25,$0.24B,$0.05B,4.47,$0.00B,$0.26B,0.0,$0.52B,$0.03B,6.60%,$0.52B,$-0.00B,-0.58%,$0.52B,$-0.00B,-0.58%,$0.52B,$0.01B,1.36%,$0.52B,$-0.00B,-0.58%,$0.52B,$0.00B,0.19%,$0.00B,$0.26B,0.39%,$0.00B,$0.24B,0.42%,$0.00B,$0.34B,0.29%,$-0.00B,$0.26B,-1.17%,$140,$130,$10,$0,$7,$138,$1,$-0,$1,$0,$1,$1,$1,$4,$1,$12,12,$0.05,$0.05,$115,$78,$16,$244,$44,$0,$22,$2,$96,$339,$54,$0,$5,$28,$83,$0,$187,$-8,$257,$339,$1,$2,$0,$2,$2,$20,$-1,$-9,$13,$16,$-0,$0,$0,$0,$-14,$-14,$1,$-13,$0,$0,$0,$0,$0,$-1,$-0,$-1,$2,$0,$-1
7,2016-12-31,14.69,$20.75,0.71,$42.72,0.34,$-10.74,0.0,$1.00,14.69,$0.24B,$0.05B,4.46,$0.00B,$0.26B,0.0,$0.52B,$0.04B,7.63%,$0.52B,$0.02B,3.05%,$0.52B,$0.02B,3.05%,$0.52B,$0.03B,4.77%,$0.52B,$0.02B,3.05%,$0.52B,$0.01B,2.48%,$0.01B,$0.26B,5.03%,$0.01B,$0.24B,5.50%,$0.01B,$0.34B,3.61%,$0.02B,$0.26B,6.20%,$136,$129,$7,$0,$9,$139,$-3,$-0,$-3,$-3,$0,$0,$0,$-1,$-3,$12,12,$0.01,$0.01,$99,$98,$6,$241,$46,$0,$22,$2,$98,$339,$54,$0,$4,$28,$82,$0,$188,$-8,$257,$339,$12,$10,$8,$18,$16,$17,$0,$-37,$-30,$0,$-14,$0,$0,$0,$28,$28,$0,$14,$0,$0,$0,$0,$0,$-4,$-0,$-5,$10,$1,$-4
8,2016-09-30,14.06,$20.75,0.68,$48.31,0.29,$-15.74,0.0,$1.93,7.29,$0.24B,$0.07B,3.65,$0.00B,$0.26B,0.0,$0.59B,$0.06B,10.15%,$0.59B,$0.04B,5.92%,$0.59B,$0.04B,5.92%,$0.59B,$0.05B,7.61%,$0.59B,$0.04B,5.92%,$0.59B,$0.03B,4.23%,$0.03B,$0.26B,9.89%,$0.03B,$0.24B,10.82%,$0.03B,$0.36B,6.63%,$0.04B,$0.26B,13.85%,$113,$104,$9,$0,$8,$114,$-0,$-0,$-0,$-0,$0,$0,$0,$2,$-0,$12,12,$0.00,$0.00,$46,$145,$22,$243,$48,$0,$22,$2,$113,$356,$67,$0,$8,$32,$99,$0,$189,$-9,$257,$356,$12,$7,$2,$9,$9,$-29,$-1,$-34,$-76,$-55,$-13,$0,$0,$0,$13,$13,$0,$-0,$0,$0,$0,$0,$0,$-3,$-0,$-3,$-58,$1,$-3
9,2016-06-30,13.66,$20.89,0.65,$58.75,0.23,$-16.53,0.0,$3.13,4.36,$0.26B,$0.08B,3.35,$0.00B,$0.26B,0.0,$0.72B,$0.08B,11.13%,$0.72B,$0.06B,8.07%,$0.72B,$0.06B,8.07%,$0.72B,$0.07B,9.60%,$0.72B,$0.06B,8.07%,$0.72B,$0.04B,5.56%,$0.04B,$0.26B,16.39%,$0.04B,$0.24B,18.00%,$0.04B,$0.37B,10.13%,$0.06B,$0.26B,23.77%,$126,$118,$8,$0,$9,$127,$-1,$-0,$-1,$-0,$-0,$-0,$-0,$2,$-1,$12,12,$-0.04,$-0.04,$84,$136,$26,$263,$47,$0,$22,$2,$106,$369,$78,$0,$8,$31,$110,$0,$190,$-8,$259,$369,$12,$5,$2,$7,$23,$-21,$4,$-28,$-41,$-22,$-9,$0,$0,$0,$14,$14,$0,$5,$0,$0,$0,$0,$0,$-2,$-0,$-2,$-20,$1,$-2
10,2016-03-31,15.05,$21.02,0.72,$67.71,0.22,$-22.03,0.0,$3.77,3.99,$0.27B,$0.09B,3.22,$0.00B,$0.26B,0.0,$0.83B,$0.09B,11.34%,$0.83B,$0.07B,8.44%,$0.83B,$0.07B,8.44%,$0.83B,$0.08B,9.65%,$0.83B,$0.07B,8.44%,$0.83B,$0.05B,5.67%,$0.05B,$0.26B,20.35%,$0.05B,$0.24B,22.46%,$0.05B,$0.38B,11.69%,$0.07B,$0.26B,30.30%,$149,$133,$16,$0,$11,$129,$20,$0,$20,$7,$13,$13,$13,$22,$20,$12,12,$1.03,$1.03,$96,$136,$21,$272,$44,$0,$22,$2,$104,$376,$85,$0,$8,$32,$117,$0,$191,$-8,$260,$376,$13,$3,$1,$3,$21,$-21,$5,$-22,$-33,$-17,$-2,$0,$0,$6,$2,$8,$0,$5,$0,$0,$0,$0,$0,$-1,$-0,$-1,$-13,$0,$-1
11,2015-12-31,18.68,$19.07,0.98,$63.30,0.3,$-27.34,0.0,$2.57,7.27,$0.28B,$0.07B,3.87,$0.00B,$0.24B,0.0,$0.77B,$0.08B,10.74%,$0.77B,$0.05B,6.08%,$0.77B,$0.05B,6.08%,$0.77B,$0.06B,7.37%,$0.77B,$0.05B,6.08%,$0.77B,$0.03B,4.14%,$0.03B,$0.24B,14.88%,$0.03B,$0.21B,16.56%,$0.03B,$0.41B,7.87%,$0.05B,$0.24B,21.86%,$203,$176,$27,$0,$11,$187,$16,$-0,$16,$4,$12,$12,$12,$19,$16,$12,12,$0.96,$0.95,$117,$115,$9,$281,$43,$0,$22,$3,$126,$407,$73,$0,$8,$99,$172,$0,$180,$-21,$235,$407,$32,$10,$-6,$4,$-38,$-37,$0,$-36,$-101,$-66,$-9,$0,$-9,$0,$20,$20,$33,$36,$0,$0,$0,$5,$5,$-4,$-1,$-1,$-30,$2,$-4
12,2015-09-30,16.43,$17.98,0.91,$64.15,0.26,$-21.56,0.0,$2.02,8.13,$0.32B,$0.10B,3.17,$0.00B,$0.22B,0.0,$0.78B,$0.07B,9.21%,$0.78B,$0.04B,4.86%,$0.78B,$0.04B,4.86%,$0.78B,$0.05B,6.14%,$0.78B,$0.04B,4.86%,$0.78B,$0.03B,3.20%,$0.03B,$0.22B,12.14%,$0.03B,$0.20B,13.59%,$0.03B,$0.43B,6.23%,$0.04B,$0.22B,18.45%,$241,$212,$29,$0,$11,$218,$23,$-0,$23,$8,$15,$15,$15,$26,$23,$12,12,$1.20,$1.20,$132,$142,$8,$321,$44,$0,$22,$3,$107,$428,$101,$0,$11,$106,$207,$0,$169,$-23,$222,$428,$20,$8,$-3,$4,$-28,$-63,$25,$-31,$-86,$-61,$-16,$0,$0,$0,$17,$17,$41,$42,$0,$0,$0,$5,$5,$-3,$-1,$1,$-19,$2,$-3
13,2015-06-30,19.91,$16.80,1.19,$60.17,0.33,$-24.40,0.0,$1.35,14.75,$0.29B,$0.09B,3.07,$0.00B,$0.21B,0.0,$0.73B,$0.06B,8.48%,$0.73B,$0.03B,3.56%,$0.73B,$0.03B,3.56%,$0.73B,$0.04B,4.92%,$0.73B,$0.03B,3.56%,$0.73B,$0.02B,2.19%,$0.02B,$0.21B,7.95%,$0.02B,$0.19B,8.93%,$0.02B,$0.40B,4.11%,$0.03B,$0.21B,12.92%,$236,$214,$22,$0,$11,$225,$11,$-0,$11,$3,$7,$7,$7,$13,$11,$12,12,$0.60,$0.60,$76,$150,$11,$286,$50,$0,$22,$2,$111,$397,$93,$0,$11,$97,$190,$0,$155,$-24,$207,$397,$5,$5,$3,$8,$-34,$-70,$31,$-37,$-109,$-96,$-3,$0,$0,$0,$4,$4,$5,$7,$0,$0,$0,$5,$5,$-2,$-1,$2,$-88,$1,$-2
14,2015-03-31,29.86,$16.20,1.84,$52.48,0.57,$-24.31,0.0,$0.88,33.93,$0.28B,$0.11B,2.72,$0.00B,$0.20B,0.0,$0.64B,$0.05B,8.03%,$0.64B,$0.02B,2.68%,$0.64B,$0.02B,2.68%,$0.64B,$0.03B,4.41%,$0.64B,$0.02B,2.68%,$0.64B,$0.01B,1.73%,$0.01B,$0.20B,5.53%,$0.01B,$0.17B,6.22%,$0.01B,$0.39B,2.87%,$0.02B,$0.20B,8.55%,$93,$88,$5,$0,$9,$96,$-3,$-0,$-3,$-1,$-2,$-2,$-2,$-1,$-3,$12,12,$-0.17,$-0.17,$96,$160,$11,$284,$45,$0,$22,$2,$109,$394,$105,$0,$8,$93,$197,$0,$149,$-24,$196,$394,$-2,$2,$-1,$1,$-3,$-78,$11,$-5,$-78,$-79,$-4,$0,$0,$6,$-6,$-0,$12,$8,$0,$0,$0,$0,$0,$-1,$-0,$-1,$-72,$1,$-1
15,2014-12-31,24.92,$16.47,1.51,$49.44,0.5,$-21.43,0.0,$0.47,53.01,$0.27B,$0.10B,2.78,$0.00B,$0.20B,0.0,$0.60B,$0.04B,7.19%,$0.60B,$0.01B,1.34%,$0.60B,$0.01B,1.34%,$0.60B,$0.02B,3.34%,$0.60B,$0.01B,1.34%,$0.60B,$0.01B,1.00%,$0.01B,$0.20B,3.02%,$0.01B,$0.18B,3.40%,$0.01B,$0.39B,1.56%,$0.01B,$0.20B,4.03%,$212,$197,$16,$0,$9,$205,$7,$-0,$7,$2,$5,$5,$5,$10,$7,$12,12,$0.40,$0.39,$168,$82,$7,$273,$43,$0,$22,$2,$112,$385,$98,$0,$8,$88,$187,$0,$152,$-24,$199,$385,$6,$10,$3,$13,$-0,$1,$16,$-50,$-25,$-6,$2,$0,$0,$0,$-10,$-10,$5,$-3,$0,$0,$0,$0,$0,$-3,$-20,$-23,$-32,$2,$-3
16,2014-09-30,31.48,$16.86,1.87,$38.61,0.82,$-19.84,0.0,$-0.95,0.0,$0.27B,$0.11B,2.52,$0.00B,$0.20B,0.0,$0.47B,$0.03B,5.79%,$0.47B,$-0.02B,-3.65%,$0.47B,$-0.02B,-3.65%,$0.47B,$-0.01B,-1.07%,$0.47B,$-0.02B,-3.65%,$0.47B,$-0.01B,-2.36%,$-0.01B,$0.20B,-5.51%,$-0.01B,$0.18B,-6.21%,$-0.01B,$0.38B,-2.79%,$-0.02B,$0.20B,-8.52%,$190,$171,$19,$0,$9,$179,$11,$-0,$11,$5,$6,$6,$6,$14,$11,$12,12,$0.53,$0.53,$80,$104,$36,$265,$42,$0,$22,$3,$116,$381,$105,$0,$8,$73,$178,$0,$148,$-15,$203,$381,$1,$7,$1,$8,$-30,$-46,$48,$-95,$-118,$-108,$-2,$0,$0,$2,$-9,$-7,$2,$-7,$0,$0,$0,$0,$0,$0,$-3,$-3,$-119,$2,$0
17,2014-06-30,23.62,$16.33,1.45,$29.24,0.81,$-16.49,0.0,$-1.56,0.0,$0.25B,$0.10B,2.4,$0.00B,$0.20B,0.0,$0.35B,$0.01B,3.98%,$0.35B,$-0.03B,-8.24%,$0.35B,$-0.03B,-8.24%,$0.35B,$-0.02B,-4.83%,$0.35B,$-0.03B,-8.24%,$0.35B,$-0.02B,-5.11%,$-0.02B,$0.20B,-9.01%,$-0.02B,$0.18B,-10.14%,$-0.02B,$0.37B,-4.65%,$-0.03B,$0.20B,-14.52%,$140,$129,$11,$0,$9,$137,$2,$-0,$2,$0,$2,$2,$2,$5,$2,$12,12,$0.13,$0.13,$94,$82,$49,$247,$40,$0,$22,$3,$125,$372,$103,$0,$7,$72,$175,$0,$142,$-15,$197,$372,$-5,$5,$-3,$2,$-6,$-25,$22,$-82,$-87,$-90,$-6,$0,$0,$0,$-9,$-9,$3,$-12,$0,$-1,$-1,$0,$0,$-1,$-0,$-2,$-105,$1,$-1
18,2014-03-31,21.87,$16.21,1.35,$21.63,1.01,$-14.59,0.0,$-1.98,0.0,$0.28B,$0.14B,2.03,$0.00B,$0.20B,0.0,$0.26B,$0.01B,1.93%,$0.26B,$-0.04B,-14.29%,$0.26B,$-0.04B,-14.29%,$0.26B,$-0.03B,-9.65%,$0.26B,$-0.04B,-14.29%,$0.26B,$-0.02B,-8.88%,$-0.02B,$0.20B,-11.40%,$-0.02B,$0.17B,-12.81%,$-0.02B,$0.41B,-5.97%,$-0.04B,$0.20B,-18.34%,$56,$59,$-3,$0,$8,$68,$-12,$-0,$-12,$-5,$-7,$-7,$-7,$-9,$-12,$12,12,$-0.58,$-0.58,$143,$83,$34,$280,$39,$0,$22,$3,$125,$405,$138,$0,$7,$71,$209,$0,$142,$-15,$195,$405,$-7,$2,$-4,$-1,$-5,$-26,$4,$-12,$-37,$-46,$-2,$0,$0,$6,$-21,$-15,$3,$-15,$0,$-0,$-0,$0,$0,$-1,$-0,$-1,$-62,$1,$-1
19,2013-12-31,24.98,$296.97,0.08,$24.29,1.03,$-13.62,0.0,$-1.62,0.0,$0.30B,$0.15B,2.02,$0.00B,$0.20B,0.0,$0.29B,$0.01B,4.47%,$0.29B,$-0.02B,-8.25%,$0.29B,$-0.02B,-8.25%,$0.29B,$-0.01B,-4.47%,$0.29B,$-0.03B,-8.59%,$0.29B,$-0.02B,-6.53%,$-0.02B,$0.20B,-9.26%,$-0.02B,$0.18B,-10.38%,$-0.02B,$0.42B,-5.08%,$-0.02B,$0.20B,-11.69%,$80,$80,$-0,$0,$7,$98,$-18,$-0,$-18,$-6,$-12,$-12,$-12,$-15,$-18,$12,12,$-1.03,$-1.03,$192,$66,$24,$297,$39,$0,$22,$3,$120,$418,$147,$0,$4,$68,$215,$0,$149,$-15,$203,$418,$-19,$10,$7,$17,$9,$-10,$-18,$58,$34,$32,$-17,$0,$0,$0,$-2,$-2,$18,$-1,$0,$0,$0,$0,$0,$-3,$18,$15,$47,$2,$-3
20,2013-09-30,19.35,$16.97,1.14,$27.37,0.71,$-10.32,0.0,$-0.67,0.0,$0.23B,$0.07B,3.33,$0.00B,$0.20B,0.0,$0.33B,$0.02B,6.40%,$0.33B,$-0.01B,-1.83%,$0.33B,$-0.01B,-1.83%,$0.33B,$0.00B,1.22%,$0.33B,$-0.01B,-2.13%,$0.33B,$-0.01B,-2.44%,$-0.01B,$0.20B,-3.86%,$-0.01B,$0.18B,-4.32%,$-0.01B,$0.36B,-2.18%,$-0.01B,$0.20B,-2.90%,$76,$70,$6,$0,$8,$77,$-1,$-0,$-1,$-0,$-1,$-1,$-1,$2,$-1,$12,12,$-0.08,$-0.08,$102,$67,$23,$225,$50,$0,$22,$3,$130,$355,$68,$0,$4,$83,$151,$0,$162,$-25,$204,$355,$-7,$7,$2,$9,$-8,$7,$-13,$-44,$-62,$-60,$-10,$0,$0,$42,$-39,$3,$11,$4,$0,$-1,$-1,$0,$0,$-2,$19,$16,$-40,$2,$-2
21,2013-06-30,15.85,$17.05,0.93,$34.46,0.46,$-0.95,0.0,$-0.19,0.0,$0.23B,$0.08B,3.02,$0.00B,$0.21B,0.0,$0.41B,$0.03B,7.51%,$0.41B,$0.00B,0.73%,$0.41B,$0.00B,0.73%,$0.41B,$0.01B,2.91%,$0.41B,$0.00B,0.48%,$0.41B,$-0.00B,-0.48%,$-0.00B,$0.21B,-0.95%,$-0.00B,$0.18B,-1.06%,$-0.00B,$0.36B,-0.54%,$0.00B,$0.21B,1.43%,$47,$45,$2,$0,$8,$53,$-6,$-0,$-6,$-2,$-3,$-3,$-3,$-3,$-6,$12,12,$-0.29,$-0.29,$101,$79,$24,$227,$51,$0,$22,$3,$137,$364,$75,$0,$4,$84,$159,$0,$164,$-26,$205,$364,$-6,$5,$1,$6,$2,$-22,$-20,$-12,$-57,$-57,$-15,$0,$0,$24,$-27,$-3,$11,$-7,$0,$0,$0,$0,$0,$-1,$19,$18,$-46,$1,$-1
22,2013-03-31,20.29,$17.35,1.17,$45.64,0.44,$6.93,2.93,$0.56,36.23,$0.22B,$0.07B,3.16,$0.00B,$0.21B,0.0,$0.55B,$0.05B,8.41%,$0.55B,$0.02B,3.29%,$0.55B,$0.02B,3.29%,$0.55B,$0.03B,4.75%,$0.55B,$0.02B,3.11%,$0.55B,$0.01B,1.28%,$0.01B,$0.21B,3.30%,$0.01B,$0.19B,3.68%,$0.01B,$0.36B,1.89%,$0.02B,$0.21B,8.48%,$88,$83,$5,$0,$4,$87,$1,$-0,$0,$3,$-3,$-3,$-3,$3,$1,$12,12,$-0.22,$-0.22,$118,$76,$7,$224,$51,$0,$22,$3,$135,$359,$71,$0,$4,$80,$151,$0,$168,$-26,$209,$359,$-3,$2,$3,$5,$2,$-2,$-15,$-8,$-26,$-23,$-13,$0,$0,$9,$-9,$0,$12,$-2,$0,$0,$0,$0,$0,$-1,$-0,$-1,$-25,$0,$-1
23,2012-12-31,20.79,$17.64,1.18,$56.59,0.37,$13.46,1.54,$1.59,13.07,$0.26B,$0.10B,2.71,$0.00B,$0.21B,0.0,$0.68B,$0.07B,9.59%,$0.68B,$0.03B,4.87%,$0.68B,$0.03B,4.87%,$0.68B,$0.04B,6.05%,$0.68B,$0.03B,4.87%,$0.68B,$0.02B,2.95%,$0.02B,$0.21B,9.45%,$0.02B,$0.19B,10.54%,$0.02B,$0.39B,5.32%,$0.03B,$0.21B,15.58%,$117,$108,$8,$0,$8,$117,$-0,$-0,$-0,$1,$-1,$-1,$-1,$2,$-0,$12,12,$-0.09,$-0.07,$155,$74,$7,$261,$39,$0,$22,$3,$127,$389,$97,$0,$4,$81,$177,$0,$171,$-26,$211,$389,$19,$8,$12,$20,$-3,$-1,$5,$16,$14,$53,$1,$0,$0,$0,$-42,$-42,$-13,$-53,$0,$0,$0,$0,$0,$-3,$-0,$-3,$-3,$2,$-3
24,2012-09-30,16.44,$18.12,0.91,$62.53,0.26,$12.25,1.34,$2.38,6.91,$0.24B,$0.07B,3.32,$0.00B,$0.22B,0.0,$0.75B,$0.07B,9.89%,$0.75B,$0.04B,5.61%,$0.75B,$0.04B,5.61%,$0.75B,$0.05B,6.82%,$0.75B,$0.04B,5.61%,$0.75B,$0.03B,3.88%,$0.03B,$0.22B,13.93%,$0.03B,$0.20B,15.57%,$0.03B,$0.36B,7.95%,$0.04B,$0.22B,20.17%,$161,$145,$16,$0,$8,$153,$8,$-0,$8,$3,$5,$5,$5,$10,$8,$12,12,$0.40,$0.40,$144,$57,$12,$238,$39,$0,$22,$4,$125,$363,$72,$0,$4,$75,$146,$0,$173,$-22,$217,$363,$20,$6,$12,$19,$-4,$16,$1,$-10,$-0,$39,$4,$0,$0,$0,$0,$0,$-14,$-10,$0,$0,$0,$0,$0,$-2,$-0,$-2,$27,$1,$-2
25,2012-06-30,21.17,$17.74,1.19,$60.00,0.35,$8.91,2.37,$1.78,11.89,$0.24B,$0.08B,2.97,$0.00B,$0.21B,0.0,$0.72B,$0.07B,9.34%,$0.72B,$0.04B,5.02%,$0.72B,$0.04B,5.02%,$0.72B,$0.05B,6.28%,$0.72B,$0.04B,5.02%,$0.72B,$0.02B,3.07%,$0.02B,$0.21B,10.90%,$0.02B,$0.19B,12.24%,$0.02B,$0.37B,6.17%,$0.04B,$0.21B,17.84%,$181,$164,$17,$0,$8,$172,$9,$-0,$9,$4,$6,$6,$6,$11,$9,$12,12,$0.47,$0.46,$124,$73,$29,$244,$37,$0,$22,$4,$126,$370,$82,$0,$4,$76,$158,$0,$169,$-22,$212,$370,$15,$4,$9,$14,$3,$0,$9,$-23,$-14,$15,$7,$0,$0,$0,$0,$0,$-15,$-8,$0,$0,$0,$0,$0,$-1,$-0,$-1,$6,$1,$-1
26,2012-03-31,20.66,$17.30,1.19,$53.02,0.39,$6.17,3.35,$1.34,15.42,$0.25B,$0.10B,2.6,$0.00B,$0.21B,0.0,$0.63B,$0.05B,8.52%,$0.63B,$0.03B,3.94%,$0.63B,$0.03B,3.94%,$0.63B,$0.03B,5.36%,$0.63B,$0.03B,3.94%,$0.63B,$0.02B,2.52%,$0.02B,$0.21B,8.12%,$0.02B,$0.19B,9.14%,$0.02B,$0.38B,4.46%,$0.03B,$0.21B,12.69%,$219,$195,$24,$0,$9,$203,$16,$-0,$16,$6,$10,$10,$10,$18,$16,$12,12,$0.82,$0.81,$145,$78,$7,$253,$36,$0,$22,$4,$128,$381,$97,$0,$4,$77,$174,$0,$164,$-22,$207,$381,$10,$2,$6,$8,$-2,$-4,$24,$-2,$14,$32,$9,$0,$0,$0,$0,$0,$-14,$-5,$0,$0,$0,$0,$0,$-1,$-0,$-1,$27,$0,$-1
27,2011-12-31,19.21,$16.51,1.16,$40.80,0.47,$1.77,10.84,$0.42,45.73,$0.20B,$0.07B,2.87,$0.00B,$0.20B,0.0,$0.49B,$0.03B,6.57%,$0.49B,$0.01B,1.03%,$0.49B,$0.01B,1.03%,$0.49B,$0.01B,2.87%,$0.49B,$0.01B,1.03%,$0.49B,$0.01B,1.03%,$0.01B,$0.20B,2.59%,$0.01B,$0.18B,2.92%,$0.01B,$0.35B,1.46%,$0.01B,$0.20B,2.59%,$187,$170,$17,$0,$8,$178,$9,$-0,$9,$1,$8,$8,$8,$12,$9,$12,12,$0.71,$0.71,$104,$73,$3,$200,$36,$0,$22,$4,$145,$345,$70,$0,$4,$78,$148,$0,$155,$-22,$197,$345,$5,$9,$-1,$8,$-6,$-8,$15,$19,$17,$30,$10,$0,$-0,$0,$0,$0,$1,$10,$0,$0,$0,$0,$0,$0,$-0,$-0,$40,$2,$0
28,2011-09-30,13.21,$15.98,0.83,$29.40,0.45,$-5.01,0.0,$-0.58,0.0,$0.18B,$0.07B,2.83,$0.00B,$0.19B,0.0,$0.35B,$0.02B,4.27%,$0.35B,$-0.01B,-2.85%,$0.35B,$-0.01B,-2.85%,$0.35B,$-0.00B,-0.57%,$0.35B,$-0.01B,-2.85%,$0.35B,$-0.01B,-1.71%,$-0.01B,$0.19B,-3.12%,$-0.01B,$0.17B,-3.52%,$-0.01B,$0.33B,-1.79%,$-0.01B,$0.19B,-5.20%,$130,$121,$9,$0,$7,$128,$2,$-0,$2,$4,$-2,$-2,$-2,$4,$2,$12,12,$-0.20,$-0.20,$67,$92,$4,$183,$37,$0,$22,$4,$147,$330,$65,$0,$4,$75,$139,$0,$147,$-20,$191,$330,$-4,$7,$0,$7,$-5,$-27,$25,$4,$-8,$-4,$7,$0,$-0,$0,$0,$0,$1,$8,$0,$0,$0,$0,$0,$0,$-0,$-0,$4,$2,$0
29,2011-06-30,23.23,$16.13,1.44,$21.96,1.06,$-7.92,0.0,$-0.77,0.0,$0.23B,$0.11B,2.01,$0.00B,$0.19B,0.0,$0.26B,$0.01B,1.91%,$0.26B,$-0.02B,-7.25%,$0.26B,$-0.02B,-7.25%,$0.26B,$-0.01B,-4.58%,$0.26B,$-0.02B,-7.63%,$0.26B,$-0.01B,-3.44%,$-0.01B,$0.19B,-4.64%,$-0.01B,$0.17B,-5.23%,$-0.01B,$0.38B,-2.69%,$-0.02B,$0.19B,-9.79%,$98,$94,$4,$0,$7,$100,$-2,$-0,$-2,$-2,$0,$0,$0,$0,$-2,$12,12,$0.02,$0.02,$53,$72,$11,$225,$38,$0,$22,$5,$154,$379,$112,$0,$4,$75,$187,$0,$149,$-20,$193,$379,$-1,$4,$-4,$0,$-74,$-7,$17,$52,$-16,$-17,$6,$0,$-0,$0,$0,$0,$0,$6,$0,$0,$0,$0,$0,$0,$-0,$-0,$-11,$1,$0
30,2011-03-31,29.8,$16.07,1.85,$16.43,1.81,$-6.75,0.0,$-0.90,0.0,$0.17B,$0.05B,3.27,$0.00B,$0.19B,0.0,$0.20B,$0.01B,2.56%,$0.20B,$-0.02B,-9.74%,$0.20B,$-0.02B,-9.74%,$0.20B,$-0.01B,-6.15%,$0.20B,$-0.02B,-10.26%,$0.20B,$-0.01B,-5.13%,$-0.01B,$0.19B,-5.10%,$-0.01B,$0.17B,-5.74%,$-0.01B,$0.32B,-3.06%,$-0.02B,$0.19B,-9.68%,$72,$70,$2,$0,$6,$76,$-4,$-0,$-4,$-3,$-1,$-1,$-1,$-2,$-4,$12,12,$-0.11,$-0.11,$53,$75,$13,$165,$39,$0,$22,$5,$153,$318,$51,$0,$4,$76,$126,$0,$149,$-20,$192,$318,$-1,$2,$-2,$0,$-10,$-10,$15,$-0,$-10,$-11,$-0,$0,$-0,$0,$0,$0,$0,$-0,$0,$0,$0,$0,$0,$0,$-0,$-0,$-11,$1,$0
31,2010-12-31,26.53,$16.13,1.64,$12.01,2.21,$-4.93,0.0,$-1.07,0.0,$0.15B,$0.04B,3.89,$0.00B,$0.19B,0.0,$0.14B,$0.00B,2.10%,$0.14B,$-0.02B,-14.69%,$0.14B,$-0.02B,-14.69%,$0.14B,$-0.01B,-9.79%,$0.14B,$-0.02B,-15.38%,$0.14B,$-0.01B,-8.39%,$-0.01B,$0.19B,-6.03%,$-0.01B,$0.17B,-6.78%,$-0.01B,$0.31B,-3.58%,$-0.02B,$0.19B,-10.55%,$51,$51,$-0,$0,$7,$57,$-6,$-0,$-6,$-3,$-4,$-4,$-3,$-4,$-6,$12,12,$-0.29,$-0.29,$64,$58,$14,$150,$41,$0,$22,$5,$160,$311,$39,$0,$4,$79,$118,$0,$150,$-20,$193,$311,$-13,$7,$-8,$-1,$3,$-13,$-5,$-12,$-28,$-42,$1,$0,$-23,$0,$30,$30,$-1,$7,$0,$0,$0,$0,$0,$-1,$-0,$-1,$-36,$2,$-1
32,2010-09-30,22.55,$16.56,1.36,$11.89,1.9,$0.07,303.51,$-1.25,0.0,$0.19B,$0.06B,3.33,$0.00B,$0.20B,0.0,$0.14B,$0.01B,4.26%,$0.14B,$-0.02B,-15.60%,$0.14B,$-0.02B,-15.60%,$0.14B,$-0.02B,-11.35%,$0.14B,$-0.02B,-16.31%,$0.14B,$-0.02B,-10.64%,$-0.02B,$0.20B,-7.42%,$-0.02B,$0.18B,-8.31%,$-0.02B,$0.33B,-4.40%,$-0.02B,$0.20B,-10.88%,$41,$42,$-1,$0,$7,$49,$-7,$-1,$-8,$-3,$-5,$-5,$-5,$-6,$-7,$12,12,$-0.39,$-0.39,$97,$48,$21,$188,$26,$0,$22,$17,$144,$332,$56,$0,$5,$78,$134,$0,$154,$-18,$198,$332,$-9,$5,$-6,$-1,$-3,$-12,$2,$-2,$-22,$-33,$1,$0,$0,$0,$30,$30,$0,$31,$0,$0,$0,$0,$0,$-1,$-0,$-1,$-2,$1,$-1
33,2010-06-30,20.74,$16.91,1.23,$13.06,1.59,$4.03,5.15,$-0.77,0.0,$0.21B,$0.06B,3.21,$0.00B,$0.20B,0.0,$0.16B,$0.01B,9.03%,$0.16B,$-0.02B,-9.68%,$0.16B,$-0.02B,-9.68%,$0.16B,$-0.01B,-5.16%,$0.16B,$-0.02B,-9.68%,$0.16B,$-0.01B,-5.81%,$-0.01B,$0.20B,-4.36%,$-0.01B,$0.18B,-4.87%,$-0.01B,$0.35B,-2.61%,$-0.02B,$0.20B,-7.26%,$31,$27,$4,$0,$6,$33,$-2,$-0,$-2,$-1,$-1,$-1,$-1,$-0,$-2,$12,12,$-0.11,$-0.11,$132,$33,$22,$206,$27,$0,$22,$14,$139,$345,$64,$0,$6,$79,$143,$0,$158,$-18,$202,$345,$-5,$3,$-5,$-2,$-1,$6,$-5,$14,$10,$4,$-1,$0,$0,$0,$-10,$-10,$-0,$-11,$0,$0,$0,$0,$0,$-1,$-0,$-1,$-8,$1,$-1
34,2010-03-31,22.15,$16.97,1.3,$19.25,1.15,$6.56,3.38,$-0.07,0.0,$0.22B,$0.07B,3.15,$0.00B,$0.20B,0.0,$0.23B,$0.03B,11.40%,$0.23B,$-0.00B,-1.75%,$0.23B,$-0.00B,-1.75%,$0.23B,$0.00B,1.32%,$0.23B,$-0.00B,-1.75%,$0.23B,$-0.00B,-0.44%,$-0.00B,$0.20B,-0.48%,$-0.00B,$0.18B,-0.53%,$-0.00B,$0.35B,-0.29%,$-0.00B,$0.20B,-1.91%,$20,$20,$-0,$0,$6,$25,$-6,$-0,$-6,$-3,$-3,$-3,$-3,$-4,$-6,$12,12,$-0.28,$-0.28,$139,$37,$21,$218,$28,$0,$22,$8,$134,$351,$69,$0,$6,$80,$149,$0,$160,$-18,$203,$351,$-3,$2,$-4,$-2,$-1,$7,$-4,$18,$16,$11,$-0,$0,$0,$0,$0,$0,$-4,$-4,$0,$0,$0,$0,$0,$-1,$-0,$-1,$6,$0,$-1
35,2009-12-31,18.12,$17.27,1.05,$20.94,0.87,$3.81,4.75,$0.43,42.15,$0.20B,$0.05B,4.12,$0.00B,$0.21B,0.0,$0.25B,$0.04B,14.52%,$0.25B,$0.01B,2.02%,$0.25B,$0.01B,2.02%,$0.25B,$0.01B,4.84%,$0.25B,$0.01B,2.02%,$0.25B,$0.00B,1.61%,$0.00B,$0.21B,1.92%,$0.00B,$0.19B,2.14%,$0.00B,$0.34B,1.14%,$0.01B,$0.21B,2.40%,$49,$46,$3,$0,$11,$57,$-7,$-0,$-7,$-2,$-6,$-6,$-6,$-6,$-7,$12,12,$-0.46,$-0.46,$129,$41,$14,$203,$28,$0,$22,$5,$132,$336,$49,$0,$6,$80,$129,$0,$164,$-19,$206,$336,$5,$6,$18,$24,$69,$-18,$-30,$-7,$-5,$23,$-4,$0,$-16,$0,$-30,$-30,$-1,$-51,$0,$0,$0,$0,$0,$-3,$0,$-3,$-31,$2,$-3
36,2009-09-30,22.14,$17.98,1.23,$39.76,0.56,$-0.29,0.0,$1.60,13.84,$0.23B,$0.06B,4.04,$0.00B,$0.22B,0.0,$0.47B,$0.06B,12.95%,$0.47B,$0.03B,6.58%,$0.47B,$0.03B,6.58%,$0.47B,$0.04B,8.07%,$0.47B,$0.03B,6.79%,$0.47B,$0.02B,4.67%,$0.02B,$0.22B,10.56%,$0.02B,$0.19B,11.80%,$0.02B,$0.35B,6.07%,$0.03B,$0.22B,14.89%,$55,$48,$7,$0,$7,$55,$0,$-0,$0,$-1,$1,$1,$1,$2,$0,$12,12,$0.09,$0.09,$134,$56,$20,$228,$29,$0,$22,$5,$119,$347,$56,$0,$6,$76,$132,$0,$170,$-16,$215,$347,$10,$4,$16,$20,$71,$-27,$-19,$-16,$-11,$19,$-4,$0,$-9,$0,$-20,$-20,$0,$-33,$-0,$0,$-0,$0,$0,$-2,$0,$-2,$-16,$2,$-2
37,2009-06-30,15.27,$17.89,0.85,$55.21,0.28,$-4.21,0.0,$2.13,7.17,$0.25B,$0.06B,4.06,$0.00B,$0.21B,0.0,$0.65B,$0.08B,11.77%,$0.65B,$0.05B,7.03%,$0.65B,$0.05B,7.03%,$0.65B,$0.05B,7.95%,$0.65B,$0.05B,7.34%,$0.65B,$0.03B,4.74%,$0.03B,$0.21B,15.25%,$0.03B,$0.19B,17.06%,$0.03B,$0.36B,7.94%,$0.05B,$0.21B,22.63%,$104,$88,$16,$0,$7,$95,$9,$-0,$9,$2,$7,$7,$7,$11,$9,$12,12,$0.59,$0.59,$152,$41,$34,$245,$28,$0,$22,$5,$117,$362,$60,$0,$6,$88,$149,$0,$170,$-16,$214,$362,$9,$3,$8,$11,$67,$-10,$-18,$-22,$16,$36,$-2,$0,$-9,$0,$0,$0,$0,$-11,$-0,$0,$-0,$0,$0,$-1,$-0,$-1,$23,$1,$-1
38,2009-03-31,15.87,$16.73,0.95,$58.42,0.27,$-10.87,0.0,$1.46,10.87,$0.24B,$0.07B,3.37,$0.00B,$0.20B,0.0,$0.69B,$0.07B,9.84%,$0.69B,$0.04B,5.21%,$0.69B,$0.04B,5.21%,$0.69B,$0.04B,5.93%,$0.69B,$0.04B,5.50%,$0.69B,$0.02B,3.47%,$0.02B,$0.20B,12.20%,$0.02B,$0.18B,13.69%,$0.02B,$0.36B,5.97%,$0.04B,$0.20B,18.30%,$40,$29,$10,$0,$7,$36,$3,$-0,$3,$1,$2,$2,$2,$5,$3,$12,12,$0.20,$0.20,$96,$44,$65,$236,$30,$0,$22,$5,$122,$358,$70,$0,$6,$88,$158,$0,$156,$-16,$199,$358,$2,$1,$8,$9,$55,$-12,$-18,$-45,$-32,$-21,$-1,$0,$-11,$0,$0,$0,$-4,$-16,$-0,$0,$-0,$0,$0,$-1,$0,$-1,$-38,$1,$-1
39,2008-12-31,16.48,$249.48,0.07,$63.18,0.26,$-11.96,0.0,$1.34,12.3,$0.27B,$0.09B,3.01,$0.00B,$0.21B,0.0,$0.75B,$0.07B,8.98%,$0.75B,$0.02B,2.01%,$0.75B,$0.02B,2.01%,$0.75B,$0.02B,2.55%,$0.75B,$0.02B,2.55%,$0.75B,$0.01B,1.61%,$0.01B,$0.21B,6.19%,$0.01B,$0.18B,6.97%,$0.01B,$0.38B,2.98%,$0.02B,$0.21B,7.73%,$272,$244,$28,$0,$9,$253,$19,$1,$20,$8,$12,$12,$12,$20,$19,$12,12,$1.02,$1.02,$129,$31,$18,$268,$31,$0,$22,$5,$116,$383,$89,$0,$7,$89,$178,$0,$162,$-16,$205,$383,$11,$4,$23,$27,$-60,$18,$10,$-19,$-62,$-23,$-7,$0,$-35,$0,$0,$0,$0,$-42,$0,$0,$0,$1,$1,$-3,$-1,$-3,$-68,$3,$-3
40,2008-09-30,26.32,$16.42,1.6,$51.45,0.51,$-6.52,0.0,$-0.78,0.0,$0.34B,$0.19B,1.79,$0.00B,$0.20B,0.0,$0.61B,$0.06B,9.17%,$0.61B,$-0.03B,-5.07%,$0.61B,$-0.03B,-5.07%,$0.61B,$-0.03B,-4.42%,$0.61B,$-0.03B,-4.26%,$0.61B,$-0.02B,-2.62%,$-0.02B,$0.20B,-8.32%,$-0.02B,$0.17B,-9.37%,$-0.02B,$0.46B,-4.04%,$-0.03B,$0.20B,-16.12%,$238,$215,$23,$0,$7,$223,$15,$1,$16,$6,$10,$10,$10,$16,$15,$12,12,$0.85,$0.85,$128,$114,$12,$336,$30,$0,$22,$6,$122,$458,$188,$0,$4,$75,$263,$0,$146,$-10,$195,$458,$-1,$3,$14,$18,$-55,$-66,$75,$4,$-44,$-27,$-4,$0,$-35,$0,$0,$0,$0,$-39,$-0,$0,$-0,$1,$1,$-2,$-1,$-3,$-69,$2,$-2
41,2008-06-30,31.86,$15.80,2.02,$44.91,0.71,$-2.80,0.0,$-0.67,0.0,$0.33B,$0.14B,2.34,$0.00B,$0.19B,0.0,$0.54B,$0.05B,9.72%,$0.54B,$-0.03B,-6.36%,$0.54B,$-0.03B,-6.36%,$0.54B,$-0.03B,-5.61%,$0.54B,$-0.03B,-5.23%,$0.54B,$-0.02B,-3.18%,$-0.02B,$0.19B,-8.80%,$-0.02B,$0.17B,-9.97%,$-0.02B,$0.41B,-4.61%,$-0.03B,$0.19B,-17.59%,$141,$134,$7,$0,$7,$143,$-1,$1,$-1,$-0,$-0,$-0,$-0,$-0,$-1,$12,12,$-0.03,$-0.03,$151,$95,$59,$328,$28,$0,$22,$5,$82,$410,$141,$0,$4,$81,$222,$0,$140,$-10,$188,$410,$-11,$2,$12,$14,$6,$-47,$67,$-70,$-46,$-42,$-3,$0,$0,$0,$0,$0,$0,$-3,$-0,$0,$-0,$1,$1,$-1,$-0,$-1,$-46,$2,$-1
42,2008-03-31,30.73,$15.82,1.94,$48.78,0.63,$0.36,85.89,$0.34,90.38,$0.28B,$0.10B,2.72,$0.00B,$0.19B,0.0,$0.59B,$0.07B,11.88%,$0.59B,$-0.02B,-2.89%,$0.59B,$-0.02B,-2.89%,$0.59B,$-0.01B,-2.21%,$0.59B,$-0.01B,-1.53%,$0.59B,$-0.01B,-1.02%,$-0.01B,$0.19B,-3.02%,$-0.01B,$0.17B,-3.43%,$-0.01B,$0.36B,-1.67%,$-0.02B,$0.19B,-8.55%,$95,$86,$9,$0,$9,$113,$-18,$1,$-16,$-6,$-10,$-10,$-10,$-17,$-18,$12,12,$-0.87,$-0.87,$162,$84,$19,$282,$27,$0,$22,$6,$80,$362,$104,$0,$4,$71,$175,$0,$140,$-10,$188,$362,$-10,$1,$17,$18,$7,$-34,$21,$-26,$-41,$-33,$-1,$0,$0,$0,$0,$0,$0,$-1,$-0,$0,$-0,$0,$0,$-1,$0,$-1,$-35,$1,$-1
43,2007-12-31,31.31,$16.77,1.87,$65.98,0.47,$3.04,10.3,$2.04,15.35,$0.28B,$0.10B,2.94,$0.00B,$0.20B,0.0,$0.82B,$0.11B,12.87%,$0.82B,$0.04B,4.29%,$0.82B,$0.04B,4.29%,$0.82B,$0.04B,4.78%,$0.82B,$0.04B,5.27%,$0.82B,$0.03B,3.31%,$0.03B,$0.20B,13.37%,$0.03B,$0.18B,15.25%,$0.03B,$0.36B,7.21%,$0.04B,$0.20B,17.33%,$137,$120,$17,$0,$12,$164,$-27,$2,$-25,$-9,$-16,$-16,$-16,$-26,$-27,$12,12,$-1.22,$-1.21,$197,$50,$7,$281,$27,$0,$22,$6,$75,$356,$96,$0,$4,$62,$158,$0,$152,$-10,$198,$356,$27,$4,$35,$39,$-2,$56,$-65,$-0,$-25,$41,$-6,$0,$0,$0,$0,$0,$0,$-6,$-0,$0,$-0,$-48,$-48,$-3,$1,$-50,$-15,$3,$-3
44,2007-09-30,34.11,$16.87,2.02,$85.30,0.4,$11.74,2.9,$6.11,5.58,$0.27B,$0.09B,3.02,$0.00B,$0.20B,0.0,$1.07B,$0.15B,14.02%,$1.07B,$0.11B,10.65%,$1.07B,$0.11B,10.65%,$1.07B,$0.12B,11.03%,$1.07B,$0.12B,11.40%,$1.07B,$0.08B,7.20%,$0.08B,$0.20B,37.84%,$0.08B,$0.17B,43.20%,$0.08B,$0.35B,19.73%,$0.11B,$0.20B,56.02%,$162,$143,$19,$0,$8,$150,$12,$2,$14,$5,$9,$9,$9,$13,$12,$12,12,$0.73,$0.73,$175,$64,$0,$269,$28,$0,$27,$0,$77,$347,$89,$0,$8,$58,$147,$0,$169,$-25,$199,$347,$43,$3,$4,$7,$-3,$40,$-58,$-2,$-32,$18,$-5,$0,$0,$0,$0,$0,$0,$-5,$-0,$0,$-0,$-48,$-48,$-2,$1,$-50,$-37,$2,$-2
45,2007-06-30,42.66,$448.82,0.1,$102.70,0.42,$20.20,2.11,$8.26,5.17,$0.29B,$0.10B,2.89,$0.00B,$0.21B,0.0,$1.30B,$0.20B,15.03%,$1.30B,$0.16B,12.19%,$1.30B,$0.16B,12.19%,$1.30B,$0.16B,12.42%,$1.30B,$0.17B,12.73%,$1.30B,$0.11B,8.05%,$0.11B,$0.21B,52.17%,$0.11B,$0.18B,60.34%,$0.11B,$0.37B,25.97%,$0.16B,$0.21B,79.01%,$195,$171,$25,$0,$9,$179,$16,$2,$18,$7,$11,$11,$11,$17,$16,$12,12,$0.94,$0.93,$175,$86,$0,$293,$27,$0,$27,$0,$77,$370,$102,$0,$8,$58,$160,$0,$161,$-26,$210,$370,$34,$2,$3,$4,$-5,$20,$-45,$-0,$-43,$-4,$-4,$0,$0,$0,$0,$0,$0,$-4,$-0,$0,$-0,$-28,$-28,$-2,$1,$-28,$-37,$1,$-2
46,2007-03-31,42.9,$16.44,2.61,$115.40,0.37,$27.13,1.58,$10.19,4.21,$0.35B,$0.16B,2.16,$0.00B,$0.20B,0.0,$1.47B,$0.24B,16.08%,$1.47B,$0.20B,13.57%,$1.47B,$0.20B,13.57%,$1.47B,$0.20B,13.84%,$1.47B,$0.21B,13.98%,$1.47B,$0.13B,8.89%,$0.13B,$0.20B,70.05%,$0.13B,$0.17B,83.04%,$0.13B,$0.42B,32.67%,$0.20B,$0.20B,106.95%,$322,$278,$44,$0,$10,$289,$34,$2,$36,$13,$23,$23,$23,$35,$34,$13,13,$1.82,$1.80,$184,$79,$0,$346,$27,$0,$27,$0,$78,$424,$160,$0,$12,$62,$223,$0,$151,$-27,$201,$424,$23,$1,$1,$2,$-56,$27,$1,$-1,$-26,$-1,$-3,$0,$0,$0,$0,$0,$0,$-3,$-0,$0,$-0,$-23,$-23,$-1,$0,$-24,$-28,$1,$-1
47,2006-12-31,49.33,$16.08,3.07,$113.03,0.44,$29.05,1.7,$10.06,4.9,$0.34B,$0.16B,2.19,$0.00B,$0.20B,0.0,$1.45B,$0.23B,16.19%,$1.45B,$0.20B,13.77%,$1.45B,$0.20B,13.77%,$1.45B,$0.20B,14.12%,$1.45B,$0.20B,14.05%,$1.45B,$0.13B,8.93%,$0.13B,$0.20B,78.06%,$0.13B,$0.18B,96.09%,$0.13B,$0.42B,35.22%,$0.20B,$0.20B,120.42%,$391,$329,$62,$0,$9,$339,$52,$2,$54,$20,$34,$34,$34,$53,$52,$13,13,$2.69,$2.66,$212,$107,$5,$344,$26,$0,$22,$6,$76,$420,$157,$0,$0,$59,$216,$0,$131,$-27,$204,$420,$129,$5,$17,$22,$-8,$-32,$42,$-1,$3,$154,$-6,$0,$0,$0,$0,$0,$0,$-6,$-0,$0,$-0,$2,$2,$-2,$2,$2,$150,$2,$-2
