,Date,Stock Price,Book Value per Share,Price to Book Ratio,TTM Sales per Share,Price to Sales Ratio,TTM FCF per Share,Price to FCF Ratio,TTM Net EPS,PE Ratio,Current Assets,Current Liabilities,Current Ratio,Long Term Debt,Shareholder's Equity_x,Debt to Equity Ratio,TTM Revenue_x,TTM Gross Profit,Gross Margin,TTM Revenue_y,TTM Operating Income,Operating Margin,TTM Revenue_x,TTM EBIT,EBIT Margin,TTM Revenue_y,TTM EBITDA,EBITDA Margin,TTM Revenue_x,TTM Pre-Tax Income,Pre-Tax Margin,TTM Revenue_y,TTM Net Income_x,Net Margin,TTM Net Income_y,Shareholder's Equity_y,Return on Equity,TTM Net Income_x,Tangible Equity,Return on Tangible Equity,TTM Net Income_y,Total Assets,Return on Assets,TTM Net Income,LT Investments & Debt,Return on Investment,revenue,cost-goods-sold,gross-profit,research-development-expenses,selling-general-administrative-expenses,operating-expenses,operating-income,total-non-operating-income-expense,pre-tax-income,total-provision-income-taxes,income-after-taxes,income-from-continuous-operations,net-income,ebitda,ebit,basic-shares-outstanding,shares-outstanding,eps-basic-net-earnings-per-share,eps-earnings-per-share-diluted,cash-on-hand,inventory,other-current-assets,total-current-assets,net-property-plant-equipment,long-term-investments,goodwill-intangible-assets-total,other-long-term-assets,total-long-term-assets,total-assets,total-current-liabilities,long-term-debt,other-non-current-liabilities,total-long-term-liabilities,total-liabilities,common-stock-net,retained-earnings-accumulated-deficit,comprehensive-income,total-share-holder-equity,total-liabilities-share-holders-equity,net-income-loss,total-depreciation-amortization-cash-flow,other-non-cash-items,total-non-cash-items,change-in-accounts-receivable,change-in-inventories,change-in-accounts-payable,change-in-assets-liabilities,total-change-in-assets-liabilities,cash-flow-from-operating-activities,net-change-in-property-plant-equipment,net-change-in-intangible-assets,net-acquisitions-divestitures,net-change-in-short-term-investments,net-change-in-long-term-investments,net-change-in-investments-total,investing-activities-other,cash-flow-from-investing-activities,net-long-term-debt,net-current-debt,debt-issuance-retirement-net-total,net-common-equity-issued-repurchased,net-total-equity-issued-repurchased,total-common-preferred-stock-dividends-paid,financial-activities-other,cash-flow-from-financial-activities,net-cash-flow,stock-based-compensation,common-stock-dividends-paid
0,2018-09-30,1.43,$0.33,4.38,$0.85,1.69,$-0.62,0.0,$-0.06,0.0,$0.01B,$0.00B,2.46,$0.00B,$0.01B,0.32,$0.01B,$0.01B,61.54%,$0.01B,0,0.00%,$0.01B,0,0.00%,$0.01B,0,0.00%,$0.01B,0,0.00%,$0.01B,$0.00B,15.38%,$0.00B,$0.01B,47.06%,$0.00B,$0.01B,47.06%,$0.00B,$0.01B,21.62%,$0.00B,$0.01B,0.00%,$3,$1,$2,$0,$1,$3,$0,$0,$0,$0,$0,$0,$0,$0,$0,$15,16,$0.01,$0.01,$2,$0,$0,$5,$1,$0,$0,$0,$6,$11,$2,$2,$0,$4,$7,$0,$-4,$0,$5,$11,$0,$0,$0,$0,$0,$0,$0,$0,$0,$1,$-0,$0,$0,$0,$0,$0,$0,$-0,$0,$0,$0,$0,$0,$0,$0,$0,$1,$0,$0
1,2018-06-30,1.38,$0.42,3.3,$1.15,1.2,$-0.79,0.0,$-0.10,0.0,$0.01B,$0.00B,2.39,$0.00B,$0.01B,0.25,$0.02B,$0.01B,60.00%,$0.02B,0,0.00%,$0.02B,0,0.00%,$0.02B,0,0.00%,$0.02B,0,0.00%,$0.02B,$0.00B,13.33%,$0.00B,$0.01B,53.33%,$0.00B,$0.01B,57.14%,$0.00B,$0.01B,20.51%,$0.00B,$0.01B,0.00%,$3,$1,$2,$0,$2,$3,$-0,$0,$-0,$-3,$3,$3,$3,$0,$-0,$14,15,$0.24,$0.23,$1,$0,$1,$5,$2,$0,$0,$0,$6,$11,$2,$2,$0,$3,$5,$0,$-2,$0,$6,$11,$2,$1,$1,$2,$1,$0,$-4,$-4,$-8,$-4,$1,$0,$0,$0,$0,$0,$0,$1,$0,$-1,$-1,$5,$5,$0,$0,$4,$1,$0,$0
2,2018-03-31,1.23,$0.19,6.4,$0.73,1.69,$-1.06,0.0,$-0.10,0.0,$0.00B,$0.00B,2.66,$0.00B,$0.00B,0.54,$0.01B,$0.01B,110.00%,$0.01B,$-0.00B,-10.00%,$0.01B,0,0.00%,$0.01B,0,0.00%,$0.01B,$-0.00B,-10.00%,$0.01B,$-0.00B,-20.00%,$-0.00B,$0.00B,-114.29%,$-0.00B,$0.00B,-133.33%,$-0.00B,$0.01B,-21.05%,$-0.00B,$0.00B,-26.67%,$3,$1,$2,$0,$2,$3,$-0,$0,$-0,$0,$-0,$-0,$-0,$-0,$-0,$15,15,$-0.03,$-0.03,$1,$0,$1,$4,$2,$0,$0,$0,$3,$7,$2,$2,$0,$3,$4,$0,$-6,$0,$3,$7,$-1,$1,$1,$2,$1,$0,$-4,$-1,$-5,$-4,$1,$-0,$0,$0,$0,$0,$0,$1,$0,$-1,$-1,$5,$5,$0,$0,$4,$1,$0,$0
3,2017-12-31,1.46,$0.22,6.68,$1.16,1.26,$-1.11,0.0,$-0.25,0.0,$0.01B,$0.00B,2.5,$0.00B,$0.00B,0.45,$0.01B,$0.01B,84.62%,$0.01B,$-0.00B,-23.08%,$0.01B,$-0.00B,-15.38%,$0.01B,$-0.00B,-7.69%,$0.01B,$-0.00B,-23.08%,$0.01B,$-0.00B,-30.77%,$-0.00B,$0.00B,-533.33%,$-0.00B,$0.00B,-800.00%,$-0.00B,$0.01B,-37.21%,$-0.00B,$0.01B,-92.31%,$4,$2,$2,$0,$2,$5,$-0,$0,$-0,$-0,$-0,$-0,$-1,$-0,$-0,$14,14,$-0.04,$-0.04,$1,$0,$1,$6,$2,$0,$0,$0,$2,$8,$2,$1,$0,$3,$5,$0,$-5,$0,$3,$8,$-1,$1,$1,$1,$1,$0,$-4,$-1,$-4,$-3,$1,$-0,$0,$0,$0,$0,$0,$1,$0,$-1,$-1,$5,$5,$0,$0,$4,$1,$0,$0
4,2017-09-30,1.81,$0.18,9.93,$1.50,1.21,$-1.08,0.0,$-0.95,0.0,$0.01B,$0.01B,1.38,$0.00B,$0.00B,1.03,$0.02B,$0.01B,68.75%,$0.02B,$-0.01B,-68.75%,$0.02B,$-0.01B,-62.50%,$0.02B,$-0.01B,-50.00%,$0.02B,$-0.01B,-68.75%,$0.02B,$-0.01B,-68.75%,$-0.01B,$0.00B,-4400.00%,$-0.01B,$0.00B,inf%,$-0.01B,$0.01B,-95.65%,$-0.01B,$0.01B,-488.89%,$5,$3,$3,$0,$2,$6,$-0,$0,$-0,$0,$-0,$-0,$-0,$0,$-0,$11,11,$-0.03,$-0.03,$4,$0,$1,$8,$4,$0,$0,$0,$5,$13,$6,$3,$0,$4,$10,$0,$-5,$0,$3,$13,$-0,$0,$0,$1,$1,$-0,$-1,$-1,$-1,$-1,$-0,$-0,$0,$0,$0,$0,$0,$-0,$0,$0,$0,$5,$5,$0,$0,$5,$4,$0,$0
5,2017-06-30,2.01,$-0.19,-10.31,$2.47,0.81,$-1.11,0.0,$-1.06,0.0,$0.01B,$0.01B,0.76,$0.00B,$-0.00B,-1.32,$0.03B,$0.01B,34.62%,$0.03B,$-0.01B,-46.15%,$0.03B,$-0.01B,-42.31%,$0.03B,$-0.01B,-34.62%,$0.03B,$-0.01B,-46.15%,$0.03B,$-0.01B,-46.15%,$-0.01B,$-0.00B,-685.71%,$-0.01B,$-0.00B,-685.71%,$-0.01B,$0.01B,-96.00%,$-0.01B,$0.00B,-369.23%,$-2,$-7,$4,$0,$3,$-2,$-1,$0,$-1,$0,$-1,$-1,$-1,$-0,$-0,$11,11,$-0.12,$-0.12,$0,$0,$1,$5,$4,$0,$0,$0,$4,$10,$7,$3,$0,$5,$12,$0,$-4,$0,$-2,$10,$-12,$2,$6,$9,$-1,$0,$0,$0,$-2,$-6,$0,$0,$0,$0,$0,$0,$0,$0,$3,$1,$4,$1,$1,$0,$0,$5,$-0,$0,$0
6,2017-03-31,2.22,$-0.09,-26.09,$4.14,0.54,$-1.18,0.0,$-1.27,0.0,$0.01B,$0.01B,0.95,$0.00B,$-0.00B,-3.04,$0.04B,$0.01B,13.95%,$0.04B,$-0.01B,-30.23%,$0.04B,$-0.01B,-30.23%,$0.04B,$-0.01B,-23.26%,$0.04B,$-0.01B,-30.23%,$0.04B,$-0.01B,-30.23%,$-0.01B,$-0.00B,-288.89%,$-0.01B,$-0.00B,-288.89%,$-0.01B,$0.01B,-88.14%,$-0.01B,$0.00B,-247.62%,$6,$4,$2,$0,$3,$8,$-2,$0,$-2,$0,$-2,$-2,$-2,$-1,$-2,$11,11,$-0.18,$-0.18,$2,$0,$1,$7,$4,$0,$0,$0,$5,$12,$7,$3,$0,$6,$13,$0,$-3,$0,$-1,$12,$-11,$2,$6,$9,$0,$0,$1,$-0,$-0,$-3,$-0,$0,$0,$0,$0,$0,$0,$-0,$3,$1,$4,$1,$1,$0,$0,$5,$2,$0,$0
7,2016-12-31,1.88,$0.08,22.82,$5.01,0.38,$-1.41,0.0,$-1.21,0.0,$0.01B,$0.01B,0.68,$0.00B,$0.00B,0.0,$0.05B,$0.01B,9.62%,$0.05B,$-0.01B,-23.08%,$0.05B,$-0.01B,-23.08%,$0.05B,$-0.01B,-17.31%,$0.05B,$-0.01B,-23.08%,$0.05B,$-0.01B,-23.08%,$-0.01B,$0.00B,-154.84%,$-0.01B,$0.00B,-154.84%,$-0.01B,$0.01B,-71.64%,$-0.01B,$0.00B,-154.84%,$7,$5,$2,$0,$3,$14,$-8,$0,$-8,$0,$-8,$-8,$-8,$-7,$-8,$11,11,$-0.74,$-0.74,$1,$0,$0,$5,$6,$0,$0,$0,$6,$11,$7,$0,$0,$3,$10,$0,$-1,$0,$1,$11,$-9,$2,$6,$7,$0,$-0,$1,$-0,$0,$-2,$-0,$0,$0,$0,$0,$0,$0,$-0,$0,$1,$1,$1,$1,$0,$0,$2,$-0,$0,$0
8,2016-09-30,3.05,$0.82,3.71,$5.80,0.53,$-1.70,0.0,$-0.92,0.0,$0.00B,$0.01B,0.86,$0.00B,$0.01B,0.0,$0.06B,$0.00B,6.67%,$0.06B,$-0.01B,-10.00%,$0.06B,$-0.01B,-10.00%,$0.06B,$-0.00B,-5.00%,$0.06B,$-0.01B,-10.00%,$0.06B,$-0.01B,-15.00%,$-0.01B,$0.01B,-83.72%,$-0.01B,$0.01B,-83.72%,$-0.01B,$0.02B,-46.75%,$-0.01B,$0.01B,-55.81%,$15,$15,$1,$0,$2,$17,$-1,$0,$-1,$0,$-1,$-1,$-1,$-1,$-1,$10,10,$-0.14,$-0.14,$0,$0,$0,$4,$12,$0,$0,$0,$13,$17,$5,$0,$0,$4,$8,$0,$7,$0,$9,$17,$-1,$1,$0,$1,$0,$0,$-1,$-0,$-1,$-1,$-0,$0,$0,$0,$0,$0,$0,$-0,$0,$0,$0,$1,$1,$0,$0,$1,$-1,$0,$0
9,2016-06-30,4.0,$0.91,4.4,$5.67,0.71,$-1.80,0.0,$-0.83,0.0,$0.01B,$0.01B,0.84,$0.00B,$0.01B,0.0,$0.06B,$0.00B,6.67%,$0.06B,$-0.01B,-10.00%,$0.06B,$-0.01B,-10.00%,$0.06B,$-0.00B,-3.33%,$0.06B,$-0.01B,-10.00%,$0.06B,$-0.01B,-15.00%,$-0.01B,$0.01B,-70.59%,$-0.01B,$0.01B,-70.59%,$-0.01B,$0.02B,-42.35%,$-0.01B,$0.01B,-47.06%,$15,$14,$1,$0,$2,$17,$-2,$0,$-2,$0,$-2,$-2,$-2,$-1,$-2,$10,10,$-0.22,$-0.24,$1,$0,$0,$5,$13,$0,$0,$1,$14,$19,$5,$0,$0,$4,$9,$0,$8,$0,$9,$19,$-9,$3,$5,$8,$-0,$-0,$1,$1,$3,$2,$-8,$0,$0,$0,$0,$0,$0,$-8,$0,$0,$0,$1,$1,$0,$0,$1,$-5,$0,$0
10,2016-03-31,5.32,$1.11,4.77,$5.57,0.95,$-1.71,0.0,$-0.68,0.0,$0.01B,$0.01B,0.9,$0.00B,$0.01B,0.0,$0.06B,$0.00B,6.78%,$0.06B,$-0.01B,-8.47%,$0.06B,$-0.01B,-8.47%,$0.06B,$-0.00B,-1.69%,$0.06B,$-0.01B,-8.47%,$0.06B,$-0.01B,-13.56%,$-0.01B,$0.01B,-54.24%,$-0.01B,$0.01B,-54.24%,$-0.01B,$0.02B,-35.56%,$-0.01B,$0.01B,-33.90%,$15,$15,$1,$0,$2,$16,$-1,$0,$-1,$0,$-1,$-1,$-1,$-0,$-1,$10,10,$-0.12,$-0.12,$1,$0,$0,$5,$15,$0,$0,$0,$15,$20,$5,$0,$0,$3,$9,$0,$10,$0,$12,$20,$-7,$2,$4,$6,$1,$-0,$1,$0,$3,$2,$-8,$0,$0,$0,$0,$0,$0,$-8,$0,$0,$0,$1,$1,$0,$0,$1,$-5,$0,$0
11,2015-12-31,6.39,$1.23,5.2,$5.21,1.23,$-1.29,0.0,$-0.61,0.0,$0.01B,$0.01B,1.12,$0.00B,$0.01B,0.0,$0.06B,$0.00B,7.14%,$0.06B,$-0.01B,-8.93%,$0.06B,$-0.01B,-8.93%,$0.06B,$-0.00B,-1.79%,$0.06B,$-0.01B,-8.93%,$0.06B,$-0.01B,-14.29%,$-0.01B,$0.01B,-50.00%,$-0.01B,$0.01B,-50.00%,$-0.01B,$0.02B,-34.04%,$-0.01B,$0.01B,-31.25%,$15,$14,$1,$0,$2,$17,$-2,$0,$-2,$3,$-5,$-5,$-5,$-1,$-2,$10,11,$-0.47,$-0.45,$2,$0,$0,$6,$14,$0,$0,$0,$15,$21,$5,$0,$0,$3,$8,$0,$12,$0,$13,$21,$-5,$1,$4,$5,$0,$-0,$1,$1,$2,$1,$-6,$0,$0,$0,$0,$0,$0,$-6,$0,$0,$0,$1,$1,$0,$0,$1,$-4,$0,$0
12,2015-09-30,8.5,$1.69,5.02,$4.91,1.73,$-0.99,0.0,$-0.20,0.0,$0.01B,$0.01B,1.87,$0.00B,$0.02B,0.0,$0.05B,$0.00B,7.69%,$0.05B,$-0.00B,-7.69%,$0.05B,$-0.00B,-7.69%,$0.05B,0,0.00%,$0.05B,$-0.00B,-7.69%,$0.05B,$-0.00B,-5.77%,$-0.00B,$0.02B,-19.35%,$-0.00B,$0.02B,-19.35%,$-0.00B,$0.03B,-13.48%,$-0.00B,$0.02B,-25.81%,$15,$13,$1,$0,$2,$15,$-1,$0,$-1,$-0,$-1,$-1,$-1,$-0,$-1,$10,11,$-0.05,$-0.05,$4,$0,$0,$9,$13,$0,$0,$0,$16,$25,$5,$0,$0,$2,$7,$0,$16,$0,$17,$25,$-1,$1,$-0,$0,$0,$-0,$0,$0,$1,$1,$-4,$0,$0,$0,$0,$0,$0,$-4,$0,$0,$0,$1,$1,$0,$0,$1,$-2,$0,$0
13,2015-06-30,13.05,$1.68,7.78,$4.73,2.76,$-0.86,0.0,$-0.18,0.0,$0.01B,$0.01B,2.5,$0.00B,$0.02B,0.0,$0.05B,$0.00B,8.33%,$0.05B,$-0.00B,-6.25%,$0.05B,$-0.00B,-6.25%,$0.05B,0,0.00%,$0.05B,$-0.00B,-6.25%,$0.05B,$-0.00B,-4.17%,$-0.00B,$0.02B,-14.29%,$-0.00B,$0.02B,-14.29%,$-0.00B,$0.02B,-10.00%,$-0.00B,$0.02B,-21.43%,$14,$13,$1,$0,$1,$15,$-1,$0,$-1,$-0,$-1,$-1,$-1,$-0,$-1,$10,10,$-0.06,$-0.06,$6,$0,$0,$12,$10,$0,$0,$0,$12,$24,$5,$0,$0,$2,$7,$0,$17,$0,$17,$24,$-2,$2,$-0,$2,$-0,$2,$1,$-0,$2,$2,$-7,$0,$0,$0,$0,$0,$0,$-7,$-1,$0,$-1,$9,$9,$0,$0,$8,$3,$0,$0
14,2015-03-31,13.96,$1.65,8.45,$4.61,3.03,$-0.62,0.0,$-0.16,0.0,$0.02B,$0.01B,2.78,$0.00B,$0.02B,0.0,$0.05B,$0.00B,8.89%,$0.05B,$-0.00B,-6.67%,$0.05B,$-0.00B,-6.67%,$0.05B,0,0.00%,$0.05B,$-0.00B,-6.67%,$0.05B,$-0.00B,-2.22%,$-0.00B,$0.02B,-8.16%,$-0.00B,$0.02B,-8.16%,$-0.00B,$0.02B,-5.56%,$-0.00B,$0.02B,-24.00%,$12,$11,$1,$0,$1,$13,$-1,$0,$-1,$-0,$-1,$-1,$-1,$-0,$-1,$10,11,$-0.06,$-0.05,$9,$0,$0,$15,$8,$0,$0,$0,$10,$24,$5,$0,$0,$2,$7,$0,$18,$0,$17,$24,$-1,$1,$-0,$1,$-0,$2,$2,$-0,$3,$3,$-4,$0,$0,$0,$0,$0,$0,$-4,$-1,$0,$-1,$8,$8,$0,$0,$7,$6,$0,$0
15,2014-12-31,7.1,$1.20,5.9,$4.67,1.52,$-0.78,0.0,$-0.16,0.0,$0.01B,$0.00B,3.19,$0.00B,$0.01B,0.0,$0.04B,$0.00B,9.09%,$0.04B,$-0.00B,-6.82%,$0.04B,$-0.00B,-6.82%,$0.04B,0,0.00%,$0.04B,$-0.00B,-6.82%,$0.04B,0,0.00%,$0.00B,$0.01B,0.00%,$0.00B,$0.01B,0.00%,$0.00B,$0.02B,0.00%,$-0.00B,$0.01B,-28.57%,$11,$10,$1,$0,$1,$12,$-1,$0,$-1,$-0,$-0,$-0,$-0,$-0,$-1,$9,10,$-0.04,$-0.04,$2,$1,$0,$9,$6,$0,$0,$0,$8,$16,$3,$0,$0,$2,$5,$0,$18,$0,$11,$16,$-1,$1,$-0,$1,$0,$0,$-1,$0,$0,$-0,$-2,$0,$0,$0,$0,$0,$0,$-2,$-1,$0,$-1,$2,$2,$0,$0,$1,$-1,$0,$0
16,2014-09-30,7.99,$1.20,6.65,$4.63,1.73,$-0.80,0.0,$-0.16,0.0,$0.01B,$0.00B,3.23,$0.00B,$0.01B,0.0,$0.04B,$0.00B,9.30%,$0.04B,$-0.00B,-6.98%,$0.04B,$-0.00B,-4.65%,$0.04B,0,0.00%,$0.04B,$-0.00B,-6.98%,$0.04B,0,0.00%,$0.00B,$0.01B,0.00%,$0.00B,$0.01B,0.00%,$0.00B,$0.02B,0.00%,$-0.00B,$0.01B,-30.00%,$11,$10,$1,$0,$1,$12,$-0,$0,$-0,$-0,$-0,$-0,$-0,$0,$-0,$9,10,$-0.03,$-0.03,$2,$2,$0,$9,$5,$0,$0,$0,$7,$16,$3,$0,$0,$2,$4,$0,$19,$0,$11,$16,$-0,$0,$-0,$0,$0,$-0,$-1,$-0,$-1,$-1,$-1,$0,$0,$0,$0,$0,$0,$-1,$-1,$0,$-1,$1,$1,$0,$0,$0,$-1,$0,$0
17,2014-06-30,6.23,$1.12,5.55,$4.60,1.36,$-0.75,0.0,$-0.17,0.0,$0.01B,$0.00B,2.47,$0.00B,$0.01B,0.03,$0.04B,$0.00B,9.52%,$0.04B,$-0.00B,-7.14%,$0.04B,$-0.00B,-4.76%,$0.04B,0,0.00%,$0.04B,$-0.00B,-7.14%,$0.04B,0,0.00%,$0.00B,$0.01B,0.00%,$0.00B,$0.01B,0.00%,$0.00B,$0.02B,0.00%,$-0.00B,$0.01B,-31.58%,$11,$10,$1,$0,$1,$12,$-1,$0,$-1,$-0,$-0,$-0,$-0,$-0,$-1,$9,9,$-0.04,$-0.05,$3,$2,$0,$9,$5,$0,$0,$0,$7,$16,$4,$0,$0,$2,$6,$0,$19,$0,$10,$16,$-2,$1,$-1,$1,$-0,$-0,$0,$0,$1,$-0,$-2,$0,$0,$0,$0,$0,$0,$-2,$-2,$0,$-2,$6,$6,$0,$0,$4,$2,$0,$0
18,2014-03-31,6.04,$0.95,6.36,$4.63,1.31,$-0.69,0.0,$-0.21,0.0,$0.01B,$0.00B,1.71,$0.00B,$0.01B,0.09,$0.04B,$0.00B,9.76%,$0.04B,$-0.00B,-7.32%,$0.04B,$-0.00B,-4.88%,$0.04B,$-0.00B,-2.44%,$0.04B,$-0.00B,-7.32%,$0.04B,$-0.00B,-2.44%,$-0.00B,$0.01B,-13.79%,$-0.00B,$0.01B,-13.79%,$-0.00B,$0.01B,-7.27%,$-0.00B,$0.01B,-34.29%,$11,$10,$1,$0,$1,$12,$-1,$0,$-1,$-0,$-0,$-0,$-0,$-0,$-1,$9,9,$-0.05,$-0.05,$0,$2,$0,$7,$6,$0,$0,$0,$7,$14,$4,$1,$0,$2,$6,$0,$19,$0,$8,$14,$-1,$1,$-0,$1,$-1,$0,$1,$-0,$-0,$-1,$-2,$0,$0,$0,$0,$0,$0,$-2,$-1,$0,$-1,$3,$3,$0,$0,$2,$-1,$0,$0
19,2013-12-31,8.06,$0.93,8.68,$4.64,1.74,$-0.50,0.0,$-0.21,0.0,$0.01B,$0.00B,1.83,$0.00B,$0.01B,0.16,$0.04B,$0.00B,10.00%,$0.04B,$-0.00B,-5.00%,$0.04B,$-0.00B,-2.50%,$0.04B,$-0.00B,-2.50%,$0.04B,$-0.00B,-5.00%,$0.04B,$-0.00B,-2.50%,$-0.00B,$0.01B,-14.81%,$-0.00B,$0.01B,-14.81%,$-0.00B,$0.01B,-7.41%,$-0.00B,$0.01B,-23.53%,$10,$9,$1,$0,$1,$11,$-1,$0,$-1,$-0,$-0,$-0,$-0,$-0,$-0,$9,9,$-0.05,$-0.04,$1,$1,$0,$8,$6,$0,$0,$0,$6,$14,$4,$1,$0,$2,$6,$0,$20,$0,$8,$14,$-1,$1,$-0,$0,$-1,$0,$0,$0,$1,$0,$-2,$0,$0,$0,$0,$0,$0,$-2,$-1,$0,$-1,$3,$3,$0,$0,$2,$-0,$0,$0
20,2013-09-30,7.8,$0.86,9.08,$4.84,1.61,$-0.45,0.0,$-0.18,0.0,$0.01B,$0.00B,1.76,$0.00B,$0.01B,0.23,$0.04B,$0.00B,9.76%,$0.04B,$-0.00B,-2.44%,$0.04B,$-0.00B,-2.44%,$0.04B,$-0.00B,-2.44%,$0.04B,$-0.00B,-2.44%,$0.04B,$-0.00B,-2.44%,$-0.00B,$0.01B,-16.00%,$-0.00B,$0.01B,-16.00%,$-0.00B,$0.01B,-7.55%,$-0.00B,$0.01B,-12.12%,$10,$9,$1,$0,$1,$11,$-0,$0,$-0,$-0,$-0,$-0,$-0,$-0,$-0,$8,9,$-0.04,$-0.04,$1,$1,$0,$8,$6,$0,$0,$0,$6,$14,$4,$2,$0,$2,$7,$0,$20,$0,$7,$14,$-0,$0,$-0,$0,$-0,$0,$1,$-0,$1,$1,$-1,$0,$0,$0,$0,$0,$0,$-1,$-1,$0,$-1,$2,$2,$0,$0,$1,$0,$0,$0
21,2013-06-30,5.73,$0.74,7.73,$5.01,1.14,$-0.37,0.0,$-0.15,0.0,$0.01B,$0.00B,2.17,$0.00B,$0.01B,0.31,$0.04B,$0.00B,9.76%,$0.04B,$-0.00B,-2.44%,$0.04B,$-0.00B,-2.44%,$0.04B,$-0.00B,-2.44%,$0.04B,$-0.00B,-2.44%,$0.04B,$-0.00B,-2.44%,$-0.00B,$0.01B,-16.67%,$-0.00B,$0.01B,-16.67%,$-0.00B,$0.01B,-7.69%,$-0.00B,$0.01B,-12.50%,$10,$9,$1,$0,$1,$11,$-1,$0,$-1,$-0,$-1,$-1,$-1,$-1,$-1,$8,8,$-0.09,$-0.09,$1,$2,$0,$7,$5,$0,$0,$0,$5,$13,$3,$2,$0,$3,$6,$0,$20,$0,$6,$13,$-1,$1,$0,$2,$-0,$0,$0,$0,$0,$1,$-2,$0,$0,$0,$0,$0,$0,$-2,$1,$0,$1,$1,$1,$0,$0,$2,$0,$0,$0
22,2013-03-31,4.41,$0.73,6.03,$5.09,0.87,$-0.37,0.0,$-0.08,0.0,$0.01B,$0.00B,1.75,$0.00B,$0.01B,0.36,$0.04B,$0.00B,9.52%,$0.04B,0,0.00%,$0.04B,0,0.00%,$0.04B,0,0.00%,$0.04B,0,0.00%,$0.04B,0,0.00%,$0.00B,$0.01B,0.00%,$0.00B,$0.01B,0.00%,$0.00B,$0.01B,0.00%,$0.00B,$0.01B,0.00%,$10,$9,$1,$0,$1,$10,$-0,$0,$-0,$-0,$-0,$-0,$-0,$0,$-0,$8,8,$-0.05,$-0.05,$1,$2,$0,$7,$5,$0,$0,$0,$5,$13,$4,$2,$0,$3,$7,$0,$21,$0,$6,$13,$-1,$1,$0,$1,$-0,$0,$-0,$-0,$0,$1,$-1,$0,$0,$0,$0,$0,$0,$-1,$1,$0,$1,$0,$0,$0,$0,$1,$0,$0,$0
23,2012-12-31,3.43,$0.78,4.42,$5.17,0.66,$-0.45,0.0,$-0.02,0.0,$0.01B,$0.00B,1.84,$0.00B,$0.01B,0.36,$0.04B,$0.00B,9.30%,$0.04B,0,0.00%,$0.04B,0,0.00%,$0.04B,0,0.00%,$0.04B,0,0.00%,$0.04B,0,0.00%,$0.00B,$0.01B,0.00%,$0.00B,$0.01B,0.00%,$0.00B,$0.01B,0.00%,$0.00B,$0.01B,0.00%,$11,$9,$1,$0,$1,$11,$-0,$0,$-0,$-0,$-0,$-0,$-0,$0,$-0,$8,8,$-0.01,$-0.01,$1,$2,$0,$7,$6,$0,$0,$0,$6,$13,$4,$2,$0,$3,$7,$0,$21,$0,$6,$13,$-0,$1,$-0,$1,$-0,$0,$-0,$-0,$-0,$0,$-1,$0,$0,$0,$0,$0,$0,$-1,$1,$0,$1,$0,$0,$0,$0,$1,$-0,$0,$0
24,2012-09-30,2.92,$0.78,3.72,$5.12,0.57,$-0.44,0.0,0,0.0,$0.01B,$0.00B,2.04,$0.00B,$0.01B,0.29,$0.04B,$0.00B,9.52%,$0.04B,0,0.00%,$0.04B,0,0.00%,$0.04B,0,0.00%,$0.04B,0,0.00%,$0.04B,0,0.00%,$0.00B,$0.01B,0.00%,$0.00B,$0.01B,0.00%,$0.00B,$0.01B,0.00%,$0.00B,$0.01B,0.00%,$10,$9,$1,$0,$1,$11,$-0,$0,$-0,$-0,$-0,$-0,$-0,$0,$0,$8,8,$-0.01,$-0.01,$1,$2,$0,$8,$5,$0,$0,$0,$5,$13,$4,$2,$0,$3,$7,$0,$22,$0,$6,$13,$-0,$0,$0,$0,$0,$0,$-0,$-0,$0,$0,$-0,$0,$0,$0,$0,$0,$0,$-0,$1,$0,$1,$0,$0,$0,$0,$1,$1,$0,$0
25,2012-06-30,2.73,$0.79,3.47,$5.20,0.52,$-0.44,0.0,$0.05,54.6,$0.01B,$0.00B,1.71,$0.00B,$0.01B,0.16,$0.04B,$0.00B,9.30%,$0.04B,$0.00B,2.33%,$0.04B,$0.00B,2.33%,$0.04B,$0.00B,2.33%,$0.04B,$0.00B,2.33%,$0.04B,0,0.00%,$0.00B,$0.01B,0.00%,$0.00B,$0.01B,0.00%,$0.00B,$0.01B,0.00%,$0.00B,$0.01B,14.29%,$11,$10,$1,$0,$1,$11,$0,$0,$0,$0,$-0,$-0,$-0,$0,$0,$8,8,$-0.02,$-0.02,$1,$2,$0,$7,$5,$0,$0,$0,$5,$12,$4,$1,$0,$2,$6,$0,$22,$0,$6,$12,$0,$1,$0,$1,$-0,$-0,$-1,$-0,$-0,$1,$-2,$0,$0,$0,$0,$0,$0,$-2,$1,$0,$1,$0,$0,$0,$0,$1,$-0,$0,$0
26,2012-03-31,4.82,$0.80,6.05,$5.29,0.91,$-0.32,0.0,$0.06,80.33,$0.01B,$0.00B,1.69,$0.00B,$0.01B,0.17,$0.04B,$0.01B,11.63%,$0.04B,$0.00B,2.33%,$0.04B,$0.00B,2.33%,$0.04B,$0.00B,2.33%,$0.04B,$0.00B,4.65%,$0.04B,0,0.00%,$0.00B,$0.01B,0.00%,$0.00B,$0.01B,0.00%,$0.00B,$0.01B,0.00%,$0.00B,$0.01B,14.81%,$11,$9,$1,$0,$1,$11,$0,$0,$0,$0,$0,$0,$0,$0,$0,$8,8,$0.01,$0.01,$1,$2,$0,$7,$5,$0,$0,$0,$5,$13,$4,$1,$0,$2,$6,$0,$22,$0,$6,$13,$0,$1,$0,$1,$-0,$0,$-0,$-0,$-0,$1,$-2,$0,$0,$0,$0,$0,$0,$-2,$1,$0,$1,$0,$0,$0,$0,$1,$-0,$0,$0
27,2011-12-31,5.5,$0.00,0.0,$5.36,1.03,$-0.24,0.0,$0.11,50.0,$0.01B,$0.00B,1.8,$0.00B,$0.01B,0.13,$0.04B,$0.01B,13.95%,$0.04B,$0.00B,4.65%,$0.04B,$0.00B,4.65%,$0.04B,$0.00B,4.65%,$0.04B,$0.00B,6.98%,$0.04B,0,0.00%,$0.00B,$0.01B,0.00%,$0.00B,$0.01B,0.00%,$0.00B,$0.01B,0.00%,$0.00B,$0.01B,30.77%,$10,$9,$1,$0,$1,$10,$0,$0,$0,$0,$0,$0,$0,$0,$0,$8,8,$0.01,$0.01,$1,$2,$2,$7,$0,$0,$0,$1,$1,$12,$4,$1,$0,$2,$6,$0,$22,$0,$6,$12,$0,$0,$0,$1,$-0,$0,$-0,$-0,$-1,$0,$-1,$0,$0,$0,$0,$0,$0,$-1,$1,$0,$1,$0,$0,$0,$0,$1,$-0,$0,$0
28,2011-09-30,3.38,$0.00,0.0,$5.41,0.62,$-0.25,0.0,$0.15,22.53,$0.01B,$0.00B,1.95,$0.00B,$0.01B,0.06,$0.04B,$0.01B,16.28%,$0.04B,$0.00B,6.98%,$0.04B,$0.00B,6.98%,$0.04B,$0.00B,6.98%,$0.04B,$0.00B,9.30%,$0.04B,0,0.00%,$0.00B,$0.01B,0.00%,$0.00B,$0.01B,0.00%,$0.00B,$0.01B,0.00%,$0.00B,$0.01B,48.00%,$11,$10,$1,$0,$1,$11,$1,$0,$1,$0,$0,$0,$0,$1,$1,$8,8,$0.04,$0.04,$1,$2,$2,$8,$0,$0,$0,$0,$0,$11,$4,$0,$0,$1,$5,$0,$22,$0,$6,$11,$0,$0,$0,$0,$-0,$-0,$-0,$-0,$-0,$0,$-0,$0,$0,$0,$0,$0,$0,$-0,$-0,$0,$-0,$0,$0,$0,$0,$-0,$-0,$0,$0
29,2011-06-30,2.98,$0.73,4.09,$5.37,0.55,$-0.28,0.0,$0.13,22.92,$0.01B,$0.00B,1.79,$0.00B,$0.01B,0.08,$0.04B,$0.01B,16.28%,$0.04B,$0.00B,6.98%,$0.04B,$0.00B,6.98%,$0.04B,$0.00B,6.98%,$0.04B,$0.00B,6.98%,$0.04B,0,0.00%,$0.00B,$0.01B,0.00%,$0.00B,$0.01B,0.00%,$0.00B,$0.01B,0.00%,$0.00B,$0.01B,52.17%,$11,$10,$2,$0,$2,$11,$0,$0,$1,$0,$0,$0,$0,$0,$0,$8,8,$0.04,$0.04,$1,$2,$0,$8,$3,$0,$0,$0,$4,$11,$4,$0,$0,$1,$5,$0,$21,$0,$6,$11,$1,$1,$0,$1,$-0,$-0,$0,$-0,$-1,$2,$-2,$0,$0,$0,$0,$0,$0,$-2,$0,$0,$0,$0,$0,$0,$0,$0,$0,$0,$0
30,2011-03-31,2.01,$0.00,0.0,$3.96,0.51,$-0.24,0.0,$0.13,15.46,$0.01B,$0.00B,1.83,$0.00B,$0.01B,0.1,$0.04B,$0.01B,14.29%,$0.04B,$0.00B,7.14%,$0.04B,$0.00B,7.14%,$0.04B,$0.00B,9.52%,$0.04B,$0.00B,4.76%,$0.04B,0,0.00%,$0.00B,$0.01B,0.00%,$0.00B,$0.01B,0.00%,$0.00B,$0.01B,0.00%,$0.00B,$0.01B,54.55%,$11,$9,$2,$0,$1,$10,$1,$0,$1,$0,$0,$0,$0,$1,$1,$8,8,$0.06,$0.06,$1,$2,$1,$7,$0,$0,$0,$0,$0,$10,$4,$1,$0,$1,$5,$0,$21,$0,$5,$10,$1,$1,$0,$1,$-1,$-0,$-0,$-0,$-1,$1,$-2,$0,$0,$0,$0,$0,$0,$-2,$1,$0,$1,$0,$0,$0,$0,$1,$-0,$0,$0
31,2010-12-31,1.95,$0.00,0.0,$3.89,0.5,$-0.09,0.0,$0.11,17.73,$0.01B,$0.00B,1.78,$0.00B,$0.01B,0.13,$0.04B,$0.01B,12.20%,$0.04B,$0.00B,7.32%,$0.04B,$0.00B,7.32%,$0.04B,$0.00B,9.76%,$0.04B,$0.00B,4.88%,$0.04B,0,0.00%,$0.00B,$0.01B,0.00%,$0.00B,$0.01B,0.00%,$0.00B,$0.01B,0.00%,$0.00B,$0.01B,57.14%,$10,$9,$2,$0,$1,$10,$1,$-0,$1,$0,$0,$0,$0,$1,$1,$8,8,$0.05,$0.05,$0,$2,$1,$6,$0,$0,$0,$0,$0,$9,$4,$1,$0,$1,$4,$0,$20,$0,$5,$9,$1,$1,$0,$1,$0,$0,$0,$0,$-1,$0,$-1,$0,$0,$0,$0,$0,$0,$-1,$0,$1,$0,$0,$0,$0,$0,$1,$-0,$0,$0
32,2010-09-30,1.89,$0.00,0.0,$3.90,0.48,$0.01,138.97,$0.11,17.18,$0.01B,$0.00B,1.89,$0.00B,$0.01B,0.1,$0.04B,$0.01B,12.20%,$0.04B,$0.00B,7.32%,$0.04B,$0.00B,7.32%,$0.04B,$0.00B,9.76%,$0.04B,$0.00B,4.88%,$0.04B,0,0.00%,$0.00B,$0.01B,0.00%,$0.00B,$0.01B,0.00%,$0.00B,$0.01B,0.00%,$0.00B,$0.01B,60.00%,$11,$9,$1,$0,$1,$10,$1,$-0,$0,$0,$0,$0,$0,$1,$1,$8,8,$0.02,$0.02,$1,$2,$1,$6,$0,$0,$0,$0,$0,$9,$3,$0,$0,$1,$4,$0,$20,$0,$5,$9,$0,$0,$0,$0,$0,$0,$0,$0,$-0,$0,$-1,$0,$0,$0,$0,$0,$0,$-1,$0,$0,$0,$0,$0,$0,$0,$0,$0,$0,$0
33,2010-06-30,1.85,$0.00,0.0,$3.82,0.48,$-0.00,0.0,$0.14,13.21,$0.01B,$0.00B,1.76,$0.00B,$0.00B,0.05,$0.04B,$0.01B,12.50%,$0.04B,$0.00B,7.50%,$0.04B,$0.00B,7.50%,$0.04B,$0.00B,10.00%,$0.04B,$0.00B,7.50%,$0.04B,0,0.00%,$0.00B,$0.00B,0.00%,$0.00B,$0.00B,0.00%,$0.00B,$0.01B,0.00%,$0.00B,$0.01B,63.16%,$10,$9,$1,$0,$1,$10,$0,$-0,$0,$0,$0,$0,$0,$1,$0,$0,0,$0.00,$0.00,$1,$1,$1,$6,$0,$0,$0,$0,$0,$8,$3,$0,$0,$1,$4,$0,$20,$0,$4,$8,$1,$0,$0,$0,$0,$0,$0,$0,$-0,$2,$-1,$0,$0,$0,$0,$0,$0,$-1,$0,$0,$-0,$0,$0,$0,$0,$-0,$0,$0,$0
34,2010-03-31,2.05,$0.00,0.0,$3.82,0.54,$-0.00,0.0,$0.14,14.64,$0.01B,$0.00B,1.66,$0.00B,$0.00B,0.05,$0.04B,$0.01B,12.50%,$0.04B,$0.00B,10.00%,$0.04B,$0.00B,10.00%,$0.04B,$0.00B,10.00%,$0.04B,$0.00B,10.00%,$0.04B,0,0.00%,$0.00B,$0.00B,0.00%,$0.00B,$0.00B,0.00%,$0.00B,$0.01B,0.00%,$0.00B,$0.01B,88.89%,$10,$9,$1,$0,$1,$10,$1,$-0,$1,$0,$0,$0,$0,$1,$1,$8,8,$0.04,$0.04,$1,$2,$1,$6,$0,$0,$0,$0,$0,$9,$4,$0,$0,$1,$4,$0,$20,$0,$4,$9,$1,$0,$0,$0,$0,$0,$0,$0,$-0,$1,$-1,$0,$0,$0,$0,$0,$0,$-1,$0,$-0,$0,$0,$0,$0,$0,$-0,$0,$0,$0
35,2009-12-31,1.6,$0.00,0.0,$3.81,0.42,$-0.06,0.0,$0.14,11.43,$0.01B,$0.00B,1.73,$0.00B,$0.00B,0.17,$0.04B,$0.01B,12.20%,$0.04B,$0.00B,9.76%,$0.04B,$0.00B,9.76%,$0.04B,$0.00B,9.76%,$0.04B,$0.00B,9.76%,$0.04B,0,0.00%,$0.00B,$0.00B,0.00%,$0.00B,$0.00B,0.00%,$0.00B,$0.01B,0.00%,$0.00B,$0.01B,94.12%,$10,$9,$2,$0,$1,$10,$1,$-0,$1,$0,$0,$0,$0,$1,$1,$8,8,$0.05,$0.05,$0,$2,$1,$6,$0,$0,$0,$0,$0,$8,$3,$1,$0,$1,$5,$0,$20,$0,$4,$8,$1,$0,$0,$0,$0,$0,$0,$0,$-1,$0,$-1,$0,$0,$0,$0,$0,$0,$-1,$0,$0,$0,$0,$0,$0,$0,$0,$-0,$0,$0
36,2009-09-30,1.68,$0.00,0.0,$3.80,0.44,$-0.16,0.0,$0.11,15.27,$0.01B,$0.00B,1.67,$0.00B,$0.00B,0.19,$0.04B,$0.00B,9.52%,$0.04B,$0.00B,9.52%,$0.04B,$0.00B,9.52%,$0.04B,$0.00B,9.52%,$0.04B,$0.00B,7.14%,$0.04B,0,0.00%,$0.00B,$0.00B,0.00%,$0.00B,$0.00B,0.00%,$0.00B,$0.01B,0.00%,$0.00B,$0.00B,100.00%,$10,$9,$1,$0,$1,$9,$1,$-0,$1,$0,$0,$0,$0,$1,$1,$8,8,$0.05,$0.05,$0,$1,$1,$5,$0,$0,$0,$0,$0,$8,$3,$1,$0,$1,$4,$0,$19,$0,$3,$8,$0,$0,$0,$0,$0,$0,$0,$0,$-0,$0,$-1,$0,$0,$0,$0,$0,$0,$-1,$0,$0,$0,$0,$0,$0,$0,$0,$-0,$0,$0
37,2009-06-30,1.9,$0.00,0.0,$3.83,0.5,$-0.23,0.0,$0.09,21.11,$0.01B,$0.00B,1.75,$0.00B,$0.00B,0.2,$0.04B,$0.00B,9.30%,$0.04B,$0.00B,9.30%,$0.04B,$0.00B,9.30%,$0.04B,$0.00B,9.30%,$0.04B,$0.00B,6.98%,$0.04B,0,0.00%,$0.00B,$0.00B,0.00%,$0.00B,$0.00B,0.00%,$0.00B,$0.01B,0.00%,$0.00B,$0.00B,106.67%,$10,$9,$1,$0,$1,$10,$1,$-0,$1,$0,$0,$0,$0,$1,$1,$0,0,$0.00,$0.00,$0,$1,$1,$5,$0,$0,$0,$0,$0,$7,$3,$1,$0,$1,$4,$0,$19,$0,$3,$7,$1,$0,$0,$0,$0,$0,$0,$0,$-0,$2,$-1,$0,$0,$0,$0,$0,$0,$-1,$0,$1,$0,$0,$-2,$0,$0,$-1,$-1,$0,$0
38,2009-03-31,1.01,$0.00,0.0,$5.26,0.19,$0.01,0.0,$0.17,5.94,$0.01B,$0.00B,1.77,$0.00B,$0.00B,0.17,$0.05B,$0.01B,10.87%,$0.05B,$0.00B,8.70%,$0.05B,$0.00B,8.70%,$0.05B,$0.00B,8.70%,$0.05B,$0.00B,6.52%,$0.05B,$0.00B,2.17%,$0.00B,$0.00B,30.77%,$0.00B,$0.00B,30.77%,$0.00B,$0.01B,13.79%,$0.00B,$0.00B,106.67%,$11,$9,$1,$0,$1,$10,$1,$-0,$1,$0,$0,$0,$0,$1,$1,$9,9,$0.04,$0.04,$0,$1,$1,$5,$0,$0,$0,$0,$0,$7,$3,$1,$0,$1,$4,$0,$18,$0,$3,$7,$1,$0,$0,$0,$0,$0,$0,$0,$-0,$1,$-1,$0,$0,$0,$0,$0,$0,$-1,$0,$1,$0,$0,$-1,$0,$0,$-1,$-1,$0,$0
39,2008-12-31,1.93,$0.00,0.0,$5.21,0.37,$0.09,21.28,$0.22,8.77,$0.01B,$0.00B,1.89,$0.00B,$0.00B,0.33,$0.05B,$0.01B,10.64%,$0.05B,$0.00B,8.51%,$0.05B,$0.00B,8.51%,$0.05B,$0.00B,8.51%,$0.05B,$0.00B,6.38%,$0.05B,$0.00B,4.26%,$0.00B,$0.00B,57.14%,$0.00B,$0.00B,57.14%,$0.00B,$0.01B,26.67%,$0.00B,$0.00B,106.67%,$11,$10,$1,$0,$1,$11,$1,$-0,$0,$0,$0,$0,$0,$1,$1,$9,9,$0.02,$0.02,$0,$1,$1,$6,$0,$0,$0,$0,$0,$7,$3,$1,$0,$1,$4,$0,$18,$0,$3,$7,$0,$0,$0,$0,$0,$0,$0,$0,$-1,$-0,$-1,$0,$0,$0,$0,$0,$0,$-1,$0,$1,$0,$0,$-1,$0,$0,$0,$-1,$0,$0
40,2008-09-30,2.45,$0.00,0.0,$5.17,0.47,$0.23,10.69,$0.29,8.45,$0.01B,$0.00B,1.67,$0.00B,$0.00B,0.0,$0.05B,$0.01B,10.20%,$0.05B,$0.00B,8.16%,$0.05B,$0.00B,8.16%,$0.05B,$0.00B,8.16%,$0.05B,$0.00B,8.16%,$0.05B,$0.00B,6.12%,$0.00B,$0.00B,80.00%,$0.00B,$0.00B,80.00%,$0.00B,$0.01B,38.71%,$0.00B,$0.00B,106.67%,$11,$10,$1,$0,$1,$11,$1,$-0,$1,$0,$0,$0,$0,$1,$1,$9,9,$0.03,$0.03,$0,$1,$1,$6,$0,$0,$0,$0,$0,$7,$3,$0,$0,$0,$4,$0,$18,$0,$3,$7,$0,$0,$0,$0,$0,$0,$0,$0,$-1,$-1,$-0,$0,$0,$0,$0,$0,$0,$-0,$0,$1,$0,$0,$-1,$0,$0,$0,$-1,$0,$0
41,2008-06-30,2.48,$0.00,0.0,$5.09,0.49,$0.30,8.37,$0.29,8.55,$0.01B,$0.00B,1.81,$0.00B,$0.00B,0.0,$0.05B,$0.01B,10.00%,$0.05B,$0.00B,8.00%,$0.05B,$0.00B,8.00%,$0.05B,$0.00B,8.00%,$0.05B,$0.00B,6.00%,$0.05B,$0.00B,6.00%,$0.00B,$0.00B,75.00%,$0.00B,$0.00B,75.00%,$0.00B,$0.01B,37.50%,$0.00B,$0.00B,100.00%,$13,$11,$2,$0,$1,$12,$1,$0,$1,$0,$1,$1,$1,$1,$1,$9,9,$0.08,$0.08,$1,$1,$1,$7,$0,$0,$0,$0,$0,$8,$4,$0,$0,$0,$4,$0,$18,$0,$4,$8,$3,$0,$0,$0,$0,$0,$0,$0,$-1,$2,$-0,$0,$0,$0,$0,$0,$0,$-0,$0,$0,$0,$0,$-3,$0,$0,$-3,$-1,$0,$0
42,2008-03-31,2.6,$0.00,0.0,$4.65,0.56,$-0.09,0.0,$0.27,9.63,$0.01B,$0.00B,2.05,$0.00B,$0.00B,0.0,$0.05B,$0.00B,4.17%,$0.05B,$0.00B,4.17%,$0.05B,$0.00B,4.17%,$0.05B,$0.00B,4.17%,$0.05B,$0.00B,6.25%,$0.05B,$0.00B,6.25%,$0.00B,$0.00B,75.00%,$0.00B,$0.00B,75.00%,$0.00B,$0.01B,37.50%,$0.00B,$0.00B,50.00%,$12,$10,$1,$0,$1,$11,$1,$-0,$1,$-0,$1,$1,$1,$1,$1,$10,10,$0.09,$0.09,$1,$1,$2,$7,$0,$0,$0,$0,$0,$8,$3,$0,$0,$1,$4,$0,$17,$0,$4,$8,$2,$0,$0,$0,$0,$0,$0,$0,$-1,$1,$-0,$0,$0,$0,$0,$0,$0,$0,$0,$0,$0,$0,$-2,$0,$0,$-2,$-1,$0,$0
43,2007-12-31,3.0,$0.00,0.0,$4.61,0.65,$-0.42,0.0,$0.23,13.02,$0.01B,$0.00B,2.04,$0.00B,$0.00B,0.0,$0.05B,$0.00B,6.25%,$0.05B,$0.00B,4.17%,$0.05B,$0.00B,4.17%,$0.05B,$0.00B,4.17%,$0.05B,$0.00B,4.17%,$0.05B,$0.00B,4.17%,$0.00B,$0.00B,53.33%,$0.00B,$0.00B,53.33%,$0.00B,$0.01B,25.00%,$0.00B,$0.00B,53.33%,$13,$11,$1,$0,$1,$12,$1,$0,$1,$0,$1,$1,$1,$1,$1,$10,10,$0.09,$0.09,$1,$1,$1,$7,$0,$0,$0,$0,$0,$8,$4,$0,$0,$0,$4,$0,$16,$0,$4,$8,$1,$0,$0,$0,$0,$0,$0,$0,$-1,$0,$-0,$0,$0,$0,$0,$0,$0,$0,$0,$0,$0,$0,$-1,$0,$0,$-1,$-1,$0,$0
44,2007-09-30,2.2,$0.00,0.0,$4.57,0.48,$-0.73,0.0,$0.15,14.67,$0.01B,$0.00B,2.1,$0.00B,$0.00B,0.0,$0.05B,$0.00B,6.38%,$0.05B,$0.00B,2.13%,$0.05B,$0.00B,2.13%,$0.05B,$0.00B,2.13%,$0.05B,$0.00B,2.13%,$0.05B,$0.00B,2.13%,$0.00B,$0.00B,28.57%,$0.00B,$0.00B,28.57%,$0.00B,$0.01B,12.50%,$0.00B,$0.00B,28.57%,$12,$11,$1,$0,$1,$11,$1,$-0,$0,$0,$0,$0,$0,$1,$1,$10,10,$0.03,$0.03,$1,$1,$1,$7,$0,$0,$0,$0,$0,$8,$3,$0,$0,$1,$4,$0,$15,$0,$4,$8,$0,$0,$0,$0,$0,$0,$0,$0,$-1,$-0,$-0,$0,$0,$0,$0,$0,$0,$-0,$0,$0,$0,$0,$-0,$0,$0,$-0,$-1,$0,$0
45,2007-06-30,3.05,$0.00,0.0,$4.57,0.67,$-0.67,0.0,$0.02,152.5,$0.01B,$0.00B,1.83,$0.00B,$0.00B,0.0,$0.05B,$0.00B,8.51%,$0.05B,0,0.00%,$0.05B,0,0.00%,$0.05B,0,0.00%,$0.05B,0,0.00%,$0.05B,0,0.00%,$0.00B,$0.00B,0.00%,$0.00B,$0.00B,0.00%,$0.00B,$0.01B,0.00%,$0.00B,$0.00B,0.00%,$11,$12,$-1,$0,$-0,$12,$-1,$1,$1,$0,$1,$1,$1,$-1,$-1,$11,11,$0.06,$0.06,$2,$2,$1,$7,$0,$0,$0,$0,$0,$8,$4,$0,$0,$1,$4,$0,$15,$0,$4,$8,$0,$1,$0,$1,$0,$0,$0,$0,$-3,$-1,$-0,$0,$0,$0,$0,$0,$11,$11,$0,$0,$-8,$0,$0,$0,$-0,$-8,$2,$0,$0
46,2007-03-31,2.47,$0.00,0.0,$4.77,0.52,$-0.62,0.0,$-0.48,0.0,$0.01B,$0.00B,1.61,$0.00B,$0.00B,0.0,$0.05B,$0.01B,14.58%,$0.05B,$0.00B,2.08%,$0.05B,$0.00B,2.08%,$0.05B,$0.00B,2.08%,$0.05B,$-0.01B,-12.50%,$0.05B,$-0.01B,-10.42%,$-0.01B,$0.00B,-166.67%,$-0.01B,$0.00B,-166.67%,$-0.01B,$0.01B,-37.74%,$0.00B,$0.00B,33.33%,$12,$10,$2,$0,$1,$11,$1,$-1,$0,$0,$0,$0,$0,$1,$1,$10,10,$0.05,$0.05,$1,$2,$1,$7,$0,$0,$0,$0,$0,$8,$4,$0,$1,$1,$5,$0,$14,$0,$3,$8,$-0,$1,$0,$1,$0,$0,$0,$0,$-2,$-2,$-0,$0,$0,$0,$0,$0,$11,$11,$0,$0,$-8,$0,$0,$0,$-0,$-8,$1,$0,$0
47,2006-12-31,1.88,$0.00,0.0,$4.87,0.39,$-0.55,0.0,$-0.58,0.0,$0.01B,$0.01B,1.33,$0.00B,$0.00B,0.0,$0.05B,$0.01B,14.29%,$0.05B,$-0.00B,-2.04%,$0.05B,$-0.00B,-2.04%,$0.05B,0,0.00%,$0.05B,$-0.01B,-14.29%,$0.05B,$-0.01B,-10.20%,$-0.01B,$0.00B,-117.65%,$-0.01B,$0.00B,-117.65%,$-0.01B,$0.01B,-30.30%,$-0.00B,$0.00B,-23.53%,$12,$11,$1,$0,$1,$12,$0,$-0,$0,$0,$0,$0,$0,$0,$0,$10,10,$0.01,$0.01,$0,$2,$2,$7,$0,$0,$0,$1,$1,$8,$5,$0,$1,$1,$6,$0,$14,$0,$3,$8,$-1,$0,$0,$0,$0,$0,$0,$0,$-2,$-3,$-0,$0,$0,$0,$0,$0,$11,$11,$0,$-8,$0,$0,$0,$0,$-0,$-8,$0,$0,$0
