,Date,Stock Price,Book Value per Share,Price to Book Ratio,TTM Sales per Share,Price to Sales Ratio,TTM FCF per Share,Price to FCF Ratio,TTM Net EPS,PE Ratio,Current Assets,Current Liabilities,Current Ratio,Long Term Debt,Shareholder's Equity_x,Debt to Equity Ratio,TTM Revenue_x,TTM Gross Profit,Gross Margin,TTM Revenue_y,TTM Operating Income,Operating Margin,TTM Revenue_x,TTM EBIT,EBIT Margin,TTM Revenue_y,TTM EBITDA,EBITDA Margin,TTM Revenue_x,TTM Pre-Tax Income,Pre-Tax Margin,TTM Revenue_y,TTM Net Income_x,Net Margin,TTM Net Income_y,Shareholder's Equity_y,Return on Equity,TTM Net Income_x,Tangible Equity,Return on Tangible Equity,TTM Net Income_y,Total Assets,Return on Assets,TTM Net Income,LT Investments & Debt,Return on Investment,revenue,cost-goods-sold,gross-profit,research-development-expenses,selling-general-administrative-expenses,operating-expenses,operating-income,total-non-operating-income-expense,pre-tax-income,total-provision-income-taxes,income-after-taxes,income-from-continuous-operations,net-income,ebitda,ebit,basic-shares-outstanding,shares-outstanding,eps-basic-net-earnings-per-share,eps-earnings-per-share-diluted,cash-on-hand,inventory,other-current-assets,total-current-assets,net-property-plant-equipment,long-term-investments,goodwill-intangible-assets-total,other-long-term-assets,total-long-term-assets,total-assets,total-current-liabilities,long-term-debt,other-non-current-liabilities,total-long-term-liabilities,total-liabilities,common-stock-net,retained-earnings-accumulated-deficit,comprehensive-income,total-share-holder-equity,total-liabilities-share-holders-equity,net-income-loss,total-depreciation-amortization-cash-flow,other-non-cash-items,total-non-cash-items,change-in-accounts-receivable,change-in-inventories,change-in-accounts-payable,change-in-assets-liabilities,total-change-in-assets-liabilities,cash-flow-from-operating-activities,net-change-in-property-plant-equipment,net-change-in-intangible-assets,net-acquisitions-divestitures,net-change-in-short-term-investments,net-change-in-long-term-investments,net-change-in-investments-total,investing-activities-other,cash-flow-from-investing-activities,net-long-term-debt,net-current-debt,debt-issuance-retirement-net-total,net-common-equity-issued-repurchased,net-total-equity-issued-repurchased,total-common-preferred-stock-dividends-paid,financial-activities-other,cash-flow-from-financial-activities,net-cash-flow,stock-based-compensation,common-stock-dividends-paid
0,2018-07-31,38.8,$8.42,4.61,$11.29,3.44,$2.70,14.39,$1.55,25.03,$0.19B,$0.04B,5.02,$0.00B,$0.30B,0.0,$0.41B,$0.14B,33.58%,$0.41B,$0.07B,16.55%,$0.41B,$0.07B,16.55%,$0.41B,$0.08B,19.95%,$0.41B,$0.07B,17.76%,$0.41B,$0.06B,13.63%,$0.06B,$0.30B,19.61%,$0.06B,$0.24B,24.53%,$0.06B,$0.36B,16.60%,$0.07B,$0.30B,23.82%,$103,$68,$35,$6,$12,$86,$17,$-0,$16,$3,$14,$14,$14,$20,$17,$36,36,$0.38,$0.38,$65,$56,$5,$188,$107,$0,$58,$3,$168,$356,$37,$0,$16,$16,$54,$67,$279,$-4,$302,$356,$36,$7,$-4,$4,$-3,$-1,$0,$5,$1,$39,$-7,$0,$1,$0,$7,$7,$-2,$-1,$0,$0,$0,$-1,$-1,$-9,$-2,$-12,$25,$2,$-9
1,2018-04-30,36.48,$8.18,4.46,$10.84,3.36,$2.22,16.4,$1.40,26.06,$0.18B,$0.04B,4.94,$0.00B,$0.29B,0.0,$0.40B,$0.13B,32.91%,$0.40B,$0.06B,15.95%,$0.40B,$0.06B,15.95%,$0.40B,$0.08B,19.49%,$0.40B,$0.07B,17.47%,$0.40B,$0.05B,12.66%,$0.05B,$0.29B,17.97%,$0.05B,$0.24B,22.47%,$0.05B,$0.35B,15.27%,$0.06B,$0.29B,22.64%,$111,$71,$40,$5,$13,$90,$22,$6,$27,$5,$22,$22,$22,$25,$22,$36,36,$0.62,$0.61,$51,$55,$4,$178,$107,$0,$56,$4,$167,$345,$36,$0,$16,$16,$52,$67,$270,$-3,$293,$345,$22,$4,$-5,$-1,$-9,$0,$0,$4,$-5,$14,$-3,$0,$0,$0,$6,$6,$0,$3,$0,$0,$0,$-1,$-1,$-5,$-0,$-6,$11,$1,$-5
2,2018-01-31,38.28,$7.71,4.96,$10.35,3.7,$2.08,18.43,$1.13,33.88,$0.16B,$0.04B,4.34,$0.00B,$0.28B,0.0,$0.38B,$0.12B,32.28%,$0.38B,$0.06B,15.61%,$0.38B,$0.06B,15.61%,$0.38B,$0.07B,19.58%,$0.38B,$0.06B,15.87%,$0.38B,$0.04B,10.58%,$0.04B,$0.28B,14.71%,$0.04B,$0.22B,18.41%,$0.04B,$0.33B,12.48%,$0.06B,$0.28B,21.69%,$96,$66,$30,$5,$14,$84,$11,$0,$12,$3,$8,$8,$8,$15,$11,$36,36,$0.24,$0.23,$41,$55,$6,$160,$106,$0,$57,$3,$167,$327,$37,$0,$14,$14,$51,$67,$253,$-3,$276,$327,$41,$15,$4,$19,$0,$0,$0,$0,$0,$45,$-12,$0,$-13,$-0,$0,$-0,$-0,$-26,$0,$0,$0,$-10,$-10,$-19,$-1,$-30,$-10,$4,$-19
3,2017-10-31,33.3,$7.58,4.39,$9.61,3.46,$2.42,13.76,$1.02,32.64,$0.15B,$0.04B,4.28,$0.00B,$0.27B,0.0,$0.35B,$0.11B,31.62%,$0.35B,$0.05B,15.38%,$0.35B,$0.05B,15.38%,$0.35B,$0.07B,19.66%,$0.35B,$0.05B,15.38%,$0.35B,$0.04B,10.26%,$0.04B,$0.27B,13.45%,$0.04B,$0.21B,16.80%,$0.04B,$0.32B,11.46%,$0.05B,$0.27B,20.17%,$101,$68,$33,$4,$11,$84,$18,$-0,$18,$6,$12,$12,$12,$22,$18,$36,36,$0.33,$0.33,$37,$53,$4,$154,$106,$0,$58,$3,$167,$321,$36,$0,$13,$13,$49,$67,$249,$-3,$271,$321,$33,$11,$3,$14,$-8,$-9,$0,$1,$-16,$31,$-7,$0,$-13,$-0,$0,$-0,$-0,$-20,$0,$0,$0,$-10,$-10,$-14,$-1,$-25,$-14,$3,$-14
4,2017-07-31,33.91,$7.56,4.48,$8.82,3.84,$2.76,12.27,$0.85,39.89,$0.16B,$0.03B,4.91,$0.00B,$0.27B,0.0,$0.32B,$0.10B,30.34%,$0.32B,$0.04B,13.31%,$0.32B,$0.04B,13.31%,$0.32B,$0.06B,17.96%,$0.32B,$0.04B,13.31%,$0.32B,$0.03B,9.29%,$0.03B,$0.27B,11.32%,$0.03B,$0.22B,14.10%,$0.03B,$0.32B,9.73%,$0.04B,$0.27B,16.23%,$87,$60,$27,$4,$11,$75,$12,$-0,$12,$3,$8,$8,$8,$15,$12,$36,37,$0.23,$0.23,$55,$51,$4,$156,$106,$0,$52,$3,$161,$317,$32,$0,$12,$12,$44,$67,$242,$-3,$273,$317,$21,$7,$2,$9,$-3,$-8,$0,$2,$-10,$20,$-5,$0,$-0,$0,$-0,$-0,$-0,$-6,$0,$0,$0,$-0,$-0,$-9,$-0,$-10,$5,$2,$-9
5,2017-04-30,30.44,$7.42,4.1,$8.32,3.66,$3.01,10.12,$0.74,41.14,$0.16B,$0.04B,4.25,$0.00B,$0.27B,0.0,$0.30B,$0.09B,29.61%,$0.30B,$0.04B,12.50%,$0.30B,$0.04B,12.50%,$0.30B,$0.05B,17.76%,$0.30B,$0.04B,12.17%,$0.30B,$0.03B,8.55%,$0.03B,$0.27B,9.95%,$0.03B,$0.22B,12.46%,$0.03B,$0.32B,8.57%,$0.04B,$0.27B,14.55%,$94,$62,$32,$4,$9,$75,$18,$-0,$18,$6,$12,$12,$12,$22,$18,$36,37,$0.34,$0.34,$50,$50,$3,$155,$106,$0,$52,$3,$162,$317,$37,$0,$13,$13,$49,$67,$238,$-4,$268,$317,$12,$4,$0,$4,$-9,$-8,$0,$7,$-9,$8,$-3,$0,$0,$0,$0,$0,$-0,$-3,$0,$0,$0,$-0,$-0,$-5,$-0,$-5,$-0,$1,$-5
6,2017-01-31,24.49,$7.19,3.41,$7.63,3.21,$3.16,7.76,$0.55,44.52,$0.14B,$0.03B,4.89,$0.00B,$0.26B,0.0,$0.28B,$0.08B,28.06%,$0.28B,$0.03B,10.07%,$0.28B,$0.03B,10.07%,$0.28B,$0.04B,15.83%,$0.28B,$0.03B,9.71%,$0.28B,$0.02B,7.19%,$0.02B,$0.26B,7.71%,$0.02B,$0.21B,9.70%,$0.02B,$0.30B,6.71%,$0.03B,$0.26B,10.80%,$69,$50,$19,$4,$9,$63,$6,$0,$6,$2,$4,$4,$4,$10,$6,$36,36,$0.13,$0.13,$51,$42,$3,$139,$106,$0,$53,$4,$163,$302,$28,$0,$14,$14,$42,$67,$231,$-4,$259,$302,$20,$15,$4,$19,$0,$0,$0,$0,$0,$49,$-4,$0,$0,$-1,$0,$-1,$-1,$-5,$0,$0,$0,$-8,$-8,$-19,$-0,$-27,$17,$3,$-19
7,2016-10-31,20.86,$7.21,2.89,$7.15,2.92,$2.80,7.44,$0.46,45.35,$0.13B,$0.03B,5.21,$0.00B,$0.26B,0.0,$0.26B,$0.07B,27.10%,$0.26B,$0.02B,8.78%,$0.26B,$0.02B,8.78%,$0.26B,$0.04B,14.89%,$0.26B,$0.02B,8.40%,$0.26B,$0.02B,6.87%,$0.02B,$0.26B,6.91%,$0.02B,$0.21B,8.69%,$0.02B,$0.30B,6.05%,$0.02B,$0.26B,8.83%,$73,$53,$20,$4,$8,$65,$7,$-0,$7,$1,$6,$6,$6,$11,$7,$36,36,$0.16,$0.16,$46,$43,$3,$131,$109,$0,$53,$4,$166,$297,$25,$0,$12,$12,$37,$67,$231,$-3,$260,$297,$16,$12,$2,$14,$-2,$3,$0,$8,$9,$39,$-3,$0,$0,$-1,$0,$-1,$-0,$-4,$0,$0,$0,$-8,$-8,$-14,$-0,$-22,$13,$2,$-14
8,2016-07-31,20.07,$7.16,2.8,$6.99,2.87,$2.53,7.94,$0.26,77.2,$0.13B,$0.03B,5.15,$0.00B,$0.26B,0.0,$0.26B,$0.07B,26.46%,$0.26B,$0.01B,2.33%,$0.26B,$0.01B,2.33%,$0.26B,$0.03B,13.23%,$0.26B,$0.01B,1.95%,$0.26B,$0.01B,2.33%,$0.01B,$0.26B,2.29%,$0.01B,$0.21B,2.87%,$0.01B,$0.30B,2.01%,$0.01B,$0.26B,2.29%,$68,$49,$19,$4,$8,$61,$7,$-0,$6,$2,$4,$4,$4,$11,$7,$36,36,$0.12,$0.12,$40,$46,$5,$129,$111,$0,$54,$4,$168,$297,$25,$0,$14,$14,$39,$67,$230,$-3,$258,$297,$10,$8,$3,$10,$-1,$0,$0,$5,$5,$26,$-2,$0,$0,$0,$1,$1,$-0,$-2,$0,$0,$0,$-8,$-8,$-9,$-0,$-18,$6,$2,$-9
9,2016-04-30,15.45,$7.18,2.15,$6.91,2.24,$2.36,6.55,$0.25,61.79,$0.13B,$0.02B,5.49,$0.00B,$0.26B,0.0,$0.26B,$0.07B,26.07%,$0.26B,$0.01B,1.95%,$0.26B,$0.01B,1.95%,$0.26B,$0.03B,13.23%,$0.26B,$0.01B,1.95%,$0.26B,$0.01B,2.33%,$0.01B,$0.26B,2.21%,$0.01B,$0.21B,2.80%,$0.01B,$0.30B,1.94%,$0.01B,$0.26B,1.84%,$68,$48,$20,$4,$8,$60,$8,$-0,$8,$2,$6,$6,$6,$12,$8,$36,36,$0.15,$0.15,$33,$47,$5,$126,$113,$0,$54,$4,$172,$297,$23,$0,$14,$14,$37,$67,$230,$-3,$260,$297,$6,$4,$2,$6,$-3,$-1,$0,$3,$-0,$11,$-1,$0,$0,$0,$-1,$-1,$-0,$-1,$0,$0,$0,$-6,$-6,$-5,$-0,$-11,$-1,$0,$-5
10,2016-01-31,14.3,$7.24,1.98,$6.87,2.08,$2.19,6.53,$0.23,62.15,$0.13B,$0.02B,6.65,$0.00B,$0.26B,0.0,$0.26B,$0.07B,25.87%,$0.26B,$0.00B,1.54%,$0.26B,$0.00B,1.54%,$0.26B,$0.03B,13.13%,$0.26B,$0.00B,1.54%,$0.26B,$0.01B,1.93%,$0.01B,$0.26B,1.77%,$0.01B,$0.21B,2.27%,$0.01B,$0.30B,1.54%,$0.00B,$0.26B,1.42%,$53,$41,$12,$4,$7,$52,$1,$0,$1,$-1,$2,$2,$2,$5,$1,$37,37,$0.06,$0.06,$34,$46,$4,$125,$116,$0,$54,$4,$173,$299,$19,$0,$16,$16,$34,$67,$229,$-4,$264,$299,$5,$29,$-1,$27,$0,$0,$0,$0,$0,$44,$-11,$0,$0,$0,$0,$0,$-1,$-11,$0,$0,$0,$-30,$-30,$-19,$-1,$-51,$-18,$2,$-19
11,2015-10-31,17.2,$7.13,2.41,$7.88,2.18,$2.46,6.98,$0.36,47.77,$0.13B,$0.02B,6.44,$0.00B,$0.27B,0.0,$0.30B,$0.08B,25.68%,$0.30B,$0.01B,3.04%,$0.30B,$0.01B,3.04%,$0.30B,$0.04B,13.51%,$0.30B,$0.01B,3.04%,$0.30B,$0.01B,3.04%,$0.01B,$0.27B,3.08%,$0.01B,$0.21B,3.97%,$0.01B,$0.30B,2.65%,$0.01B,$0.27B,3.08%,$68,$51,$17,$4,$7,$77,$-10,$-0,$-10,$-4,$-6,$-6,$-6,$6,$-10,$37,37,$-0.17,$-0.17,$33,$49,$3,$127,$117,$0,$54,$4,$175,$302,$20,$0,$15,$15,$34,$67,$232,$-3,$268,$302,$3,$25,$-3,$22,$16,$5,$0,$-12,$9,$35,$-9,$0,$0,$0,$0,$0,$-1,$-9,$0,$0,$0,$-30,$-30,$-15,$-1,$-46,$-20,$2,$-15
12,2015-07-31,18.22,$7.84,2.33,$8.53,2.14,$2.64,6.89,$0.58,31.41,$0.15B,$0.02B,6.75,$0.00B,$0.29B,0.0,$0.32B,$0.08B,26.02%,$0.32B,$0.03B,9.09%,$0.32B,$0.03B,9.09%,$0.32B,$0.05B,15.05%,$0.32B,$0.03B,9.09%,$0.32B,$0.02B,6.90%,$0.02B,$0.29B,7.53%,$0.02B,$0.23B,9.51%,$0.02B,$0.34B,6.40%,$0.03B,$0.29B,9.93%,$68,$50,$18,$3,$8,$61,$6,$-0,$6,$2,$4,$4,$4,$11,$6,$38,38,$0.11,$0.11,$48,$54,$4,$149,$118,$0,$69,$4,$192,$341,$22,$0,$24,$24,$46,$67,$243,$-6,$294,$341,$9,$9,$1,$9,$16,$-1,$0,$-10,$5,$24,$-6,$0,$0,$0,$0,$0,$-0,$-6,$0,$0,$0,$-11,$-11,$-10,$-1,$-23,$-5,$1,$-10
13,2015-04-30,18.57,$7.96,2.33,$9.32,1.99,$2.82,6.59,$0.68,27.31,$0.16B,$0.03B,6.03,$0.00B,$0.30B,0.0,$0.35B,$0.09B,26.38%,$0.35B,$0.03B,9.86%,$0.35B,$0.03B,9.86%,$0.35B,$0.05B,15.07%,$0.35B,$0.03B,9.86%,$0.35B,$0.03B,7.54%,$0.03B,$0.30B,9.14%,$0.03B,$0.23B,11.19%,$0.03B,$0.36B,7.72%,$0.03B,$0.30B,11.95%,$70,$50,$20,$4,$10,$63,$7,$-0,$7,$2,$5,$5,$5,$12,$7,$38,38,$0.13,$0.13,$48,$59,$6,$162,$118,$0,$70,$4,$193,$355,$27,$0,$26,$26,$52,$67,$244,$-6,$302,$355,$5,$4,$1,$5,$11,$-4,$0,$-7,$-1,$9,$-5,$0,$1,$0,$0,$0,$-1,$-4,$0,$0,$0,$-3,$-3,$-5,$-1,$-9,$-4,$1,$-5
14,2015-01-31,19.84,$8.02,2.47,$10.27,1.93,$3.12,6.36,$0.85,23.34,$0.17B,$0.03B,5.37,$0.00B,$0.31B,0.0,$0.38B,$0.10B,27.25%,$0.38B,$0.04B,11.64%,$0.38B,$0.04B,11.64%,$0.38B,$0.06B,16.14%,$0.38B,$0.04B,11.38%,$0.38B,$0.03B,8.47%,$0.03B,$0.31B,11.69%,$0.03B,$0.24B,13.82%,$0.03B,$0.36B,9.82%,$0.04B,$0.31B,16.07%,$90,$68,$21,$4,$11,$83,$6,$-0,$6,$0,$6,$6,$6,$11,$6,$37,37,$0.16,$0.17,$52,$55,$3,$171,$118,$0,$71,$4,$192,$363,$32,$0,$26,$26,$58,$67,$244,$-6,$305,$363,$32,$17,$4,$21,$0,$0,$0,$0,$0,$60,$-17,$0,$-12,$0,$-0,$-0,$-0,$-30,$0,$-12,$-12,$0,$0,$-19,$-0,$-31,$-1,$4,$-19
15,2014-10-31,23.33,$7.31,3.19,$10.38,2.25,$2.56,9.11,$0.92,25.36,$0.18B,$0.03B,5.96,$0.00B,$0.27B,0.0,$0.38B,$0.11B,28.35%,$0.38B,$0.05B,13.12%,$0.38B,$0.05B,13.12%,$0.38B,$0.07B,17.32%,$0.38B,$0.05B,12.86%,$0.38B,$0.03B,8.92%,$0.03B,$0.27B,13.06%,$0.03B,$0.23B,14.91%,$0.03B,$0.32B,10.94%,$0.05B,$0.27B,19.21%,$91,$67,$24,$4,$10,$81,$10,$-0,$10,$3,$7,$7,$7,$14,$10,$37,37,$0.19,$0.18,$67,$52,$3,$179,$100,$0,$34,$4,$138,$317,$30,$0,$20,$20,$51,$65,$243,$-3,$267,$317,$26,$13,$2,$14,$2,$3,$0,$1,$6,$46,$-13,$0,$-5,$0,$0,$0,$-1,$-18,$0,$0,$0,$0,$0,$-14,$-0,$-14,$13,$3,$-14
16,2014-07-31,25.51,$7.24,3.52,$10.75,2.37,$2.03,12.57,$1.08,23.62,$0.18B,$0.03B,6.63,$0.00B,$0.26B,0.0,$0.40B,$0.12B,29.37%,$0.40B,$0.06B,14.68%,$0.40B,$0.06B,14.68%,$0.40B,$0.07B,18.73%,$0.40B,$0.06B,14.43%,$0.40B,$0.04B,9.87%,$0.04B,$0.26B,15.29%,$0.04B,$0.23B,17.43%,$0.04B,$0.31B,12.71%,$0.06B,$0.26B,22.75%,$94,$69,$26,$4,$11,$84,$11,$-0,$11,$3,$8,$8,$8,$15,$11,$37,37,$0.21,$0.21,$62,$51,$6,$175,$98,$0,$35,$4,$137,$312,$26,$0,$21,$21,$48,$65,$241,$-2,$264,$312,$19,$8,$1,$9,$4,$4,$0,$-6,$3,$31,$-7,$0,$-5,$0,$0,$0,$-0,$-12,$0,$0,$0,$0,$0,$-9,$-1,$-9,$9,$2,$-9
17,2014-04-30,28.18,$7.12,3.96,$10.73,2.63,$1.82,15.49,$1.10,25.62,$0.18B,$0.03B,5.43,$0.00B,$0.26B,0.0,$0.39B,$0.12B,29.70%,$0.39B,$0.06B,15.23%,$0.39B,$0.06B,15.23%,$0.39B,$0.08B,19.04%,$0.39B,$0.06B,14.72%,$0.39B,$0.04B,9.90%,$0.04B,$0.26B,15.71%,$0.04B,$0.23B,17.87%,$0.04B,$0.31B,12.94%,$0.06B,$0.26B,24.17%,$103,$71,$32,$5,$10,$86,$17,$-0,$16,$5,$11,$11,$11,$21,$17,$36,37,$0.30,$0.30,$64,$55,$4,$181,$97,$0,$30,$4,$131,$312,$33,$0,$19,$19,$53,$65,$238,$-2,$259,$312,$11,$4,$0,$4,$-1,$-0,$0,$4,$3,$18,$-3,$0,$0,$0,$0,$0,$-0,$-3,$0,$0,$0,$0,$0,$-4,$-0,$-5,$10,$1,$-4
18,2014-01-31,34.03,$6.90,4.93,$10.78,3.16,$1.59,21.43,$1.18,28.84,$0.17B,$0.03B,5.68,$0.00B,$0.25B,0.0,$0.40B,$0.12B,30.38%,$0.40B,$0.06B,16.20%,$0.40B,$0.06B,16.20%,$0.40B,$0.08B,19.75%,$0.40B,$0.06B,15.95%,$0.40B,$0.04B,10.63%,$0.04B,$0.25B,17.39%,$0.04B,$0.22B,19.88%,$0.04B,$0.30B,14.23%,$0.06B,$0.25B,26.50%,$93,$67,$26,$4,$9,$80,$12,$0,$12,$4,$8,$8,$8,$16,$12,$36,37,$0.23,$0.22,$53,$55,$3,$169,$98,$0,$30,$4,$132,$302,$30,$0,$21,$21,$50,$65,$231,$-2,$251,$302,$43,$14,$5,$19,$0,$0,$0,$-10,$-10,$53,$-31,$0,$0,$0,$-0,$-0,$-1,$-32,$0,$0,$0,$0,$0,$-17,$0,$-17,$4,$4,$-17
19,2013-10-31,30.22,$6.77,4.46,$10.70,2.82,$2.26,13.34,$1.25,24.17,$0.17B,$0.04B,4.79,$0.00B,$0.25B,0.0,$0.39B,$0.12B,30.87%,$0.39B,$0.07B,17.09%,$0.39B,$0.07B,17.09%,$0.39B,$0.08B,20.66%,$0.39B,$0.07B,17.09%,$0.39B,$0.05B,11.48%,$0.05B,$0.25B,19.23%,$0.05B,$0.22B,22.11%,$0.05B,$0.30B,15.63%,$0.07B,$0.25B,28.63%,$105,$73,$32,$4,$10,$87,$18,$-0,$18,$6,$12,$12,$12,$22,$18,$36,37,$0.34,$0.34,$49,$51,$3,$170,$96,$0,$31,$4,$130,$301,$36,$0,$19,$19,$54,$65,$227,$-2,$246,$301,$35,$10,$3,$13,$-8,$-5,$0,$2,$-11,$37,$-24,$0,$0,$0,$0,$0,$-1,$-25,$0,$0,$0,$0,$0,$-13,$-0,$-13,$-1,$3,$-13
20,2013-07-31,27.66,$6.52,4.24,$10.49,2.64,$2.87,9.65,$1.21,22.86,$0.17B,$0.04B,4.8,$0.00B,$0.24B,0.0,$0.38B,$0.12B,30.99%,$0.38B,$0.07B,16.93%,$0.38B,$0.07B,16.93%,$0.38B,$0.08B,20.57%,$0.38B,$0.07B,16.93%,$0.38B,$0.04B,11.46%,$0.04B,$0.24B,19.47%,$0.04B,$0.21B,22.54%,$0.04B,$0.29B,15.67%,$0.07B,$0.24B,28.76%,$93,$67,$27,$4,$10,$81,$13,$-0,$12,$4,$8,$8,$8,$16,$13,$36,37,$0.23,$0.23,$56,$54,$3,$166,$90,$0,$31,$4,$125,$291,$35,$0,$19,$19,$53,$65,$219,$-2,$237,$291,$22,$7,$2,$9,$7,$-8,$0,$-1,$-2,$30,$-14,$0,$0,$0,$0,$0,$-1,$-14,$0,$0,$0,$0,$0,$-9,$-0,$-9,$6,$2,$-9
21,2013-04-30,30.15,$6.38,4.73,$10.72,2.81,$3.18,9.47,$1.30,23.2,$0.17B,$0.04B,4.53,$0.00B,$0.23B,0.0,$0.39B,$0.12B,31.04%,$0.39B,$0.07B,17.56%,$0.39B,$0.07B,17.56%,$0.39B,$0.08B,21.37%,$0.39B,$0.07B,17.81%,$0.39B,$0.05B,12.21%,$0.05B,$0.23B,22.02%,$0.05B,$0.20B,25.67%,$0.05B,$0.29B,17.58%,$0.07B,$0.23B,31.65%,$104,$69,$35,$4,$10,$83,$21,$-0,$21,$7,$14,$14,$14,$24,$21,$36,37,$0.38,$0.38,$51,$49,$4,$166,$86,$0,$31,$4,$121,$287,$37,$0,$19,$19,$55,$65,$215,$-2,$232,$287,$14,$3,$1,$4,$-3,$-3,$0,$3,$-3,$15,$-8,$0,$0,$0,$0,$0,$-0,$-8,$0,$0,$0,$0,$0,$-4,$-0,$-5,$2,$1,$-4
22,2013-01-31,24.11,$6.10,3.96,$11.12,2.17,$3.64,6.63,$1.44,16.74,$0.16B,$0.03B,4.74,$0.00B,$0.22B,0.0,$0.41B,$0.13B,31.45%,$0.41B,$0.08B,18.67%,$0.41B,$0.08B,18.67%,$0.41B,$0.09B,22.36%,$0.41B,$0.08B,18.92%,$0.41B,$0.05B,13.02%,$0.05B,$0.22B,25.36%,$0.05B,$0.19B,29.78%,$0.05B,$0.27B,19.79%,$0.08B,$0.22B,36.36%,$90,$63,$27,$3,$9,$74,$15,$0,$16,$5,$11,$11,$11,$19,$15,$36,37,$0.31,$0.30,$49,$46,$2,$157,$81,$0,$31,$4,$116,$273,$33,$0,$19,$19,$52,$65,$206,$-2,$221,$273,$53,$13,$1,$14,$4,$9,$-3,$1,$9,$76,$-30,$0,$0,$0,$0,$0,$-0,$-30,$0,$0,$0,$0,$0,$-15,$-8,$-23,$24,$3,$-15
23,2012-10-31,24.34,$5.88,4.14,$11.31,2.15,$2.76,8.81,$1.44,16.9,$0.16B,$0.04B,4.05,$0.00B,$0.21B,0.0,$0.41B,$0.13B,31.23%,$0.41B,$0.08B,18.89%,$0.41B,$0.08B,18.89%,$0.41B,$0.09B,22.03%,$0.41B,$0.08B,18.89%,$0.41B,$0.05B,12.83%,$0.05B,$0.21B,26.63%,$0.05B,$0.18B,31.59%,$0.05B,$0.27B,20.31%,$0.08B,$0.21B,39.20%,$97,$67,$30,$3,$10,$81,$16,$-0,$16,$5,$11,$11,$11,$20,$16,$36,37,$0.30,$0.30,$48,$50,$3,$160,$77,$0,$31,$4,$113,$272,$39,$0,$19,$19,$59,$65,$198,$-2,$214,$272,$41,$10,$2,$11,$5,$5,$0,$-5,$5,$58,$-23,$0,$0,$0,$0,$0,$-0,$-23,$0,$0,$0,$0,$0,$-11,$-1,$-13,$22,$2,$-11
24,2012-07-31,29.08,$5.66,5.14,$11.21,2.59,$2.23,13.05,$1.46,19.99,$0.15B,$0.04B,4.23,$0.00B,$0.21B,0.0,$0.41B,$0.13B,30.81%,$0.41B,$0.08B,19.32%,$0.41B,$0.08B,19.32%,$0.41B,$0.09B,22.00%,$0.41B,$0.08B,19.32%,$0.41B,$0.05B,12.96%,$0.05B,$0.21B,28.08%,$0.05B,$0.17B,32.72%,$0.05B,$0.26B,21.31%,$0.08B,$0.21B,41.85%,$102,$72,$30,$4,$9,$84,$17,$-0,$17,$6,$12,$12,$12,$21,$17,$36,37,$0.32,$0.32,$44,$50,$4,$152,$73,$0,$31,$4,$109,$260,$36,$0,$19,$19,$55,$65,$191,$-2,$205,$260,$31,$6,$1,$7,$11,$4,$0,$-8,$7,$44,$-17,$0,$0,$0,$0,$0,$0,$-17,$0,$0,$0,$0,$0,$-8,$-2,$-9,$18,$2,$-8
25,2012-04-30,26.69,$5.42,4.92,$10.91,2.45,$1.89,14.1,$1.48,18.1,$0.17B,$0.05B,3.28,$0.00B,$0.20B,0.0,$0.40B,$0.12B,31.23%,$0.40B,$0.08B,20.40%,$0.40B,$0.08B,20.40%,$0.40B,$0.09B,22.67%,$0.40B,$0.08B,20.40%,$0.40B,$0.05B,13.35%,$0.05B,$0.20B,29.69%,$0.05B,$0.17B,33.87%,$0.05B,$0.27B,22.41%,$0.08B,$0.20B,45.38%,$118,$77,$41,$3,$9,$89,$28,$-0,$28,$9,$19,$19,$19,$31,$28,$36,37,$0.52,$0.52,$44,$55,$5,$165,$65,$0,$31,$4,$101,$266,$50,$0,$19,$19,$69,$33,$209,$-2,$196,$266,$19,$3,$-0,$3,$2,$0,$0,$4,$6,$28,$-5,$0,$0,$0,$0,$0,$-0,$-5,$0,$0,$0,$0,$0,$-4,$-2,$-6,$18,$1,$-4
26,2012-01-31,28.65,$4.98,5.75,$10.47,2.74,$1.46,19.64,$1.39,20.69,$0.15B,$0.04B,3.63,$0.00B,$0.18B,0.0,$0.38B,$0.12B,30.45%,$0.38B,$0.08B,20.21%,$0.38B,$0.08B,20.21%,$0.38B,$0.09B,22.31%,$0.38B,$0.08B,20.21%,$0.38B,$0.05B,13.12%,$0.05B,$0.18B,29.76%,$0.05B,$0.15B,33.17%,$0.05B,$0.25B,22.62%,$0.08B,$0.18B,45.83%,$96,$68,$28,$3,$9,$80,$17,$0,$17,$6,$11,$11,$11,$19,$17,$36,36,$0.32,$0.31,$26,$55,$3,$148,$62,$0,$32,$5,$98,$246,$41,$0,$24,$24,$65,$33,$194,$-2,$181,$246,$51,$9,$7,$16,$0,$0,$0,$-23,$-23,$44,$-29,$0,$-12,$1,$0,$1,$-1,$-40,$0,$-3,$-3,$0,$0,$-13,$1,$-15,$-12,$2,$-13
27,2011-10-31,26.42,$4.78,5.53,$9.78,2.7,$1.85,14.25,$1.29,20.48,$0.15B,$0.04B,4.07,$0.00B,$0.17B,0.0,$0.36B,$0.11B,30.06%,$0.36B,$0.07B,19.38%,$0.36B,$0.07B,19.38%,$0.36B,$0.08B,21.63%,$0.36B,$0.07B,19.66%,$0.36B,$0.05B,12.92%,$0.05B,$0.17B,29.11%,$0.05B,$0.16B,31.56%,$0.05B,$0.22B,22.28%,$0.07B,$0.17B,43.67%,$93,$66,$27,$2,$8,$76,$17,$-0,$17,$5,$11,$11,$11,$19,$17,$36,36,$0.31,$0.31,$44,$50,$2,$149,$57,$0,$13,$4,$74,$223,$37,$0,$14,$14,$50,$33,$186,$-1,$173,$223,$40,$6,$3,$9,$-11,$-6,$0,$6,$-11,$38,$-22,$0,$0,$1,$0,$1,$-1,$-22,$0,$0,$0,$0,$0,$-10,$0,$-9,$7,$1,$-10
28,2011-07-31,23.17,$4.54,5.11,$9.59,2.42,$1.91,12.11,$1.30,17.82,$0.15B,$0.03B,4.3,$0.00B,$0.16B,0.0,$0.35B,$0.11B,30.09%,$0.35B,$0.07B,20.06%,$0.35B,$0.07B,20.06%,$0.35B,$0.08B,22.35%,$0.35B,$0.07B,20.34%,$0.35B,$0.05B,13.47%,$0.05B,$0.16B,31.60%,$0.05B,$0.15B,34.37%,$0.05B,$0.21B,24.10%,$0.07B,$0.16B,47.06%,$90,$62,$28,$2,$7,$72,$19,$-0,$19,$6,$12,$12,$12,$21,$19,$36,36,$0.34,$0.34,$47,$50,$3,$146,$48,$0,$13,$5,$65,$211,$34,$0,$13,$13,$47,$33,$178,$-1,$164,$211,$28,$4,$2,$6,$-3,$-7,$0,$1,$-8,$26,$-11,$0,$0,$1,$0,$1,$-1,$-11,$0,$0,$0,$0,$0,$-7,$0,$-6,$9,$1,$-7
29,2011-04-30,23.76,$4.27,5.57,$9.13,2.6,$1.94,12.26,$1.19,19.97,$0.15B,$0.04B,3.88,$0.00B,$0.15B,0.0,$0.33B,$0.10B,29.22%,$0.33B,$0.06B,19.28%,$0.33B,$0.06B,19.28%,$0.33B,$0.07B,21.39%,$0.33B,$0.07B,19.58%,$0.33B,$0.04B,12.95%,$0.04B,$0.15B,29.66%,$0.04B,$0.14B,32.33%,$0.04B,$0.20B,22.57%,$0.06B,$0.15B,44.14%,$102,$69,$33,$2,$7,$78,$24,$-0,$24,$8,$16,$16,$16,$26,$24,$36,36,$0.44,$0.43,$43,$46,$3,$145,$42,$0,$12,$5,$60,$204,$37,$0,$13,$13,$50,$33,$169,$-1,$154,$204,$16,$2,$1,$3,$-10,$-2,$0,$4,$-8,$11,$-4,$0,$-0,$1,$0,$1,$-0,$-3,$0,$0,$0,$0,$0,$-3,$0,$-3,$5,$0,$-3
30,2011-01-31,20.59,$3.91,5.27,$8.70,2.37,$1.98,10.42,$1.12,18.38,$0.13B,$0.03B,3.73,$0.00B,$0.14B,0.0,$0.32B,$0.09B,28.89%,$0.32B,$0.06B,19.05%,$0.32B,$0.06B,19.05%,$0.32B,$0.07B,20.95%,$0.32B,$0.06B,19.37%,$0.32B,$0.04B,12.70%,$0.04B,$0.14B,28.07%,$0.04B,$0.13B,30.71%,$0.04B,$0.19B,21.39%,$0.06B,$0.14B,42.11%,$71,$52,$19,$2,$7,$61,$9,$0,$10,$3,$7,$7,$7,$11,$9,$36,36,$0.21,$0.21,$39,$44,$3,$128,$42,$0,$12,$6,$60,$188,$34,$0,$12,$12,$47,$33,$156,$-1,$141,$188,$41,$8,$1,$9,$0,$0,$0,$-7,$-7,$42,$-13,$0,$-0,$2,$0,$2,$0,$-11,$0,$0,$0,$0,$0,$-34,$0,$-34,$-3,$1,$-34
31,2010-10-31,17.86,$3.77,4.73,$8.29,2.15,$2.40,7.43,$1.08,16.61,$0.12B,$0.03B,4.11,$0.00B,$0.14B,0.0,$0.30B,$0.09B,29.00%,$0.30B,$0.06B,20.00%,$0.30B,$0.06B,20.00%,$0.30B,$0.07B,22.00%,$0.30B,$0.06B,20.00%,$0.30B,$0.04B,13.00%,$0.04B,$0.14B,27.76%,$0.04B,$0.12B,30.47%,$0.04B,$0.18B,21.37%,$0.06B,$0.14B,42.70%,$86,$61,$25,$2,$6,$68,$18,$0,$18,$6,$12,$12,$12,$20,$18,$36,36,$0.33,$0.33,$30,$37,$0,$122,$37,$0,$13,$6,$56,$177,$30,$0,$12,$12,$41,$32,$152,$-1,$136,$177,$33,$6,$0,$6,$-14,$-3,$0,$4,$-13,$26,$-9,$0,$-0,$2,$0,$2,$0,$-7,$0,$0,$0,$0,$0,$-31,$0,$-31,$-12,$1,$-31
32,2010-07-31,14.64,$4.14,3.53,$7.59,1.93,$2.96,4.94,$0.95,15.41,$0.14B,$0.03B,4.35,$0.00B,$0.15B,0.0,$0.27B,$0.08B,28.83%,$0.27B,$0.05B,19.34%,$0.27B,$0.05B,19.34%,$0.27B,$0.06B,21.53%,$0.27B,$0.05B,19.34%,$0.27B,$0.03B,12.41%,$0.03B,$0.15B,24.46%,$0.03B,$0.14B,26.72%,$0.03B,$0.19B,18.99%,$0.05B,$0.15B,38.13%,$73,$53,$20,$2,$6,$61,$13,$-0,$13,$4,$8,$8,$8,$14,$13,$36,36,$0.23,$0.23,$54,$45,$0,$139,$34,$0,$13,$7,$54,$193,$32,$0,$12,$12,$44,$32,$165,$-1,$149,$193,$21,$4,$0,$4,$-0,$-11,$0,$6,$-5,$20,$-4,$0,$-0,$1,$0,$1,$0,$-4,$0,$0,$0,$0,$0,$-6,$-0,$-6,$10,$1,$-6
33,2010-04-30,12.63,$3.98,3.17,$7.14,1.77,$3.41,3.71,$0.89,14.19,$0.14B,$0.04B,3.91,$0.00B,$0.14B,0.0,$0.26B,$0.07B,28.68%,$0.26B,$0.05B,18.99%,$0.26B,$0.05B,18.99%,$0.26B,$0.06B,21.71%,$0.26B,$0.05B,18.99%,$0.26B,$0.03B,12.40%,$0.03B,$0.14B,24.06%,$0.03B,$0.13B,26.23%,$0.03B,$0.19B,18.93%,$0.05B,$0.14B,36.84%,$85,$58,$27,$2,$6,$66,$20,$0,$20,$7,$13,$13,$13,$21,$20,$36,36,$0.36,$0.36,$49,$38,$0,$137,$33,$0,$13,$7,$53,$190,$35,$0,$11,$11,$46,$32,$160,$-1,$144,$190,$13,$2,$-0,$2,$-9,$-3,$0,$9,$-4,$10,$-2,$0,$-0,$1,$0,$1,$0,$-1,$0,$0,$0,$0,$0,$-3,$0,$-3,$6,$0,$-3
34,2010-01-31,11.83,$3.70,3.2,$6.59,1.79,$3.68,3.21,$0.79,15.07,$0.12B,$0.03B,4.54,$0.00B,$0.13B,0.0,$0.24B,$0.07B,28.15%,$0.24B,$0.04B,18.07%,$0.24B,$0.04B,18.07%,$0.24B,$0.05B,21.43%,$0.24B,$0.04B,18.07%,$0.24B,$0.03B,11.76%,$0.03B,$0.13B,22.00%,$0.03B,$0.12B,23.88%,$0.03B,$0.17B,17.53%,$0.04B,$0.13B,33.79%,$56,$40,$15,$1,$5,$47,$9,$-0,$9,$3,$6,$6,$6,$11,$9,$36,36,$0.17,$0.17,$44,$34,$3,$118,$33,$0,$13,$7,$53,$170,$26,$0,$11,$11,$37,$32,$150,$-1,$133,$170,$29,$7,$1,$8,$6,$2,$3,$1,$11,$48,$-3,$0,$-2,$-3,$-5,$-8,$-0,$-13,$0,$0,$0,$0,$0,$-10,$0,$-10,$24,$1,$-10
35,2009-10-31,10.18,$3.60,2.82,$6.71,1.52,$3.31,3.07,$0.76,13.48,$0.12B,$0.03B,4.79,$0.00B,$0.13B,0.0,$0.24B,$0.07B,28.93%,$0.24B,$0.04B,16.94%,$0.24B,$0.04B,16.94%,$0.24B,$0.05B,20.25%,$0.24B,$0.04B,16.94%,$0.24B,$0.03B,11.16%,$0.03B,$0.13B,22.04%,$0.03B,$0.12B,23.74%,$0.03B,$0.16B,17.62%,$0.04B,$0.13B,33.47%,$60,$43,$17,$2,$4,$49,$11,$-0,$11,$4,$7,$7,$7,$13,$11,$36,36,$0.20,$0.20,$46,$31,$0,$118,$34,$0,$9,$1,$44,$163,$25,$0,$8,$8,$33,$32,$146,$-1,$130,$163,$23,$5,$1,$6,$5,$5,$0,$2,$12,$41,$-3,$0,$-0,$-3,$0,$-3,$-0,$-6,$0,$0,$0,$0,$0,$-7,$-0,$-7,$27,$1,$-7
36,2009-07-31,11.77,$3.46,3.4,$7.13,1.65,$2.84,4.14,$0.79,14.99,$0.11B,$0.02B,5.29,$0.00B,$0.13B,0.0,$0.26B,$0.07B,27.52%,$0.26B,$0.04B,16.28%,$0.26B,$0.04B,16.28%,$0.26B,$0.05B,19.38%,$0.26B,$0.04B,16.67%,$0.26B,$0.03B,10.85%,$0.03B,$0.13B,23.83%,$0.03B,$0.12B,25.75%,$0.03B,$0.15B,18.12%,$0.04B,$0.13B,35.74%,$57,$41,$15,$1,$4,$47,$9,$0,$9,$3,$6,$6,$6,$11,$9,$36,36,$0.17,$0.17,$43,$29,$0,$107,$35,$0,$9,$2,$46,$153,$20,$0,$8,$8,$28,$32,$142,$-1,$125,$153,$15,$4,$1,$4,$11,$7,$0,$-3,$15,$34,$-2,$0,$-0,$-2,$0,$-2,$-0,$-5,$0,$0,$0,$0,$0,$-5,$-0,$-5,$25,$1,$-5
37,2009-04-30,9.74,$3.35,2.91,$7.48,1.3,$2.49,3.91,$0.81,12.1,$0.11B,$0.03B,4.3,$0.00B,$0.12B,0.0,$0.27B,$0.07B,26.67%,$0.27B,$0.04B,15.93%,$0.27B,$0.04B,15.93%,$0.27B,$0.05B,18.89%,$0.27B,$0.04B,16.30%,$0.27B,$0.03B,10.74%,$0.03B,$0.12B,24.58%,$0.03B,$0.11B,26.54%,$0.03B,$0.15B,18.53%,$0.04B,$0.12B,36.44%,$65,$45,$20,$2,$5,$51,$14,$0,$14,$5,$9,$9,$9,$16,$14,$36,36,$0.26,$0.26,$32,$33,$0,$107,$35,$0,$9,$2,$46,$153,$25,$0,$8,$8,$33,$32,$138,$-1,$121,$153,$9,$2,$0,$2,$4,$4,$0,$1,$9,$20,$-1,$0,$-0,$0,$0,$0,$-0,$-1,$0,$0,$0,$0,$0,$-2,$0,$-2,$16,$0,$-2
38,2009-01-31,8.84,$3.15,2.8,$7.74,1.14,$2.09,4.23,$0.85,10.4,$0.10B,$0.02B,4.21,$0.00B,$0.00B,0.0,$0.28B,$0.07B,26.43%,$0.28B,$0.05B,16.43%,$0.28B,$0.05B,16.43%,$0.28B,$0.05B,18.93%,$0.28B,$0.05B,16.79%,$0.28B,$0.03B,11.07%,$0.03B,$0.11B,26.11%,$0.03B,$0.11B,28.18%,$0.03B,$0.14B,19.56%,$0.05B,$0.11B,38.74%,$60,$42,$18,$0,$5,$53,$7,$0,$7,$2,$5,$5,$5,$9,$7,$36,36,$0.13,$0.13,$16,$36,$3,$98,$36,$0,$7,$3,$46,$144,$23,$0,$8,$8,$31,$0,$0,$0,$114,$144,$31,$8,$2,$10,$-5,$0,$1,$-0,$-1,$39,$-8,$0,$-0,$2,$0,$2,$-0,$-7,$0,$0,$0,$-5,$-5,$-32,$0,$-37,$-5,$1,$-32
39,2008-10-31,12.97,$3.06,4.23,$7.68,1.69,$1.79,7.23,$0.89,14.66,$0.12B,$0.05B,2.46,$0.00B,$0.11B,0.0,$0.28B,$0.07B,26.62%,$0.28B,$0.05B,17.27%,$0.28B,$0.05B,17.27%,$0.28B,$0.06B,19.78%,$0.28B,$0.05B,17.63%,$0.28B,$0.03B,11.51%,$0.03B,$0.11B,26.72%,$0.03B,$0.10B,28.76%,$0.03B,$0.17B,20.06%,$0.05B,$0.11B,40.08%,$76,$58,$18,$0,$6,$63,$12,$0,$13,$4,$8,$8,$8,$14,$12,$36,36,$0.24,$0.23,$31,$40,$0,$121,$36,$0,$9,$2,$46,$168,$49,$0,$8,$8,$58,$32,$129,$-2,$110,$168,$26,$6,$1,$7,$-9,$-4,$0,$6,$-7,$27,$-6,$0,$0,$2,$0,$2,$-0,$-4,$0,$0,$0,$-5,$-5,$-7,$0,$-12,$10,$1,$-7
40,2008-07-31,14.68,$3.52,4.17,$7.28,2.02,$1.73,8.49,$0.86,17.07,$0.12B,$0.03B,4.32,$0.00B,$0.13B,0.0,$0.26B,$0.07B,26.89%,$0.26B,$0.05B,17.80%,$0.26B,$0.05B,17.80%,$0.26B,$0.05B,20.45%,$0.26B,$0.05B,17.80%,$0.26B,$0.03B,11.74%,$0.03B,$0.13B,25.67%,$0.03B,$0.12B,27.56%,$0.03B,$0.16B,20.26%,$0.05B,$0.13B,38.92%,$69,$53,$16,$0,$5,$59,$10,$0,$10,$4,$7,$7,$7,$12,$10,$36,36,$0.19,$0.19,$32,$43,$0,$115,$35,$0,$9,$2,$46,$161,$27,$0,$8,$8,$35,$32,$145,$-2,$127,$161,$18,$4,$1,$5,$1,$-6,$0,$5,$0,$23,$-3,$0,$0,$-1,$0,$-1,$-0,$-4,$0,$0,$0,$-5,$-5,$-5,$0,$-10,$9,$1,$-5
41,2008-04-30,11.77,$3.44,3.42,$6.91,1.71,$1.62,7.27,$0.83,14.19,$0.12B,$0.03B,4.0,$0.00B,$0.12B,0.0,$0.25B,$0.07B,27.09%,$0.25B,$0.05B,18.33%,$0.25B,$0.05B,18.33%,$0.25B,$0.05B,20.72%,$0.25B,$0.05B,18.33%,$0.25B,$0.03B,11.95%,$0.03B,$0.12B,25.81%,$0.03B,$0.12B,27.78%,$0.03B,$0.16B,20.55%,$0.05B,$0.12B,39.57%,$75,$53,$22,$0,$5,$59,$17,$0,$17,$6,$11,$11,$11,$18,$17,$36,36,$0.30,$0.30,$22,$37,$0,$115,$35,$0,$9,$2,$46,$161,$29,$0,$8,$8,$36,$32,$141,$-2,$124,$161,$11,$2,$0,$2,$-14,$-1,$0,$7,$-8,$5,$-1,$0,$0,$-2,$0,$-2,$0,$-3,$0,$0,$0,$-3,$-3,$-2,$-0,$-5,$-3,$0,$-2
42,2008-01-31,11.49,$3.26,3.52,$6.43,1.79,$1.71,6.73,$0.77,15.02,$0.10B,$0.02B,4.56,$0.00B,$0.12B,0.0,$0.23B,$0.06B,26.92%,$0.23B,$0.04B,17.95%,$0.23B,$0.04B,17.95%,$0.23B,$0.05B,20.51%,$0.23B,$0.04B,17.95%,$0.23B,$0.03B,11.97%,$0.03B,$0.12B,25.17%,$0.03B,$0.11B,27.12%,$0.03B,$0.15B,20.22%,$0.04B,$0.12B,37.75%,$58,$41,$18,$0,$4,$50,$9,$0,$9,$3,$6,$6,$6,$11,$9,$36,36,$0.17,$0.17,$23,$37,$3,$101,$36,$0,$7,$4,$47,$148,$22,$0,$7,$7,$30,$32,$132,$-2,$118,$148,$28,$7,$0,$8,$-5,$-8,$2,$0,$-8,$27,$-7,$0,$-0,$3,$0,$3,$-0,$-4,$0,$0,$0,$-1,$-1,$-8,$0,$-8,$14,$1,$-8
43,2007-10-31,16.49,$3.15,5.23,$6.23,2.65,$1.41,11.67,$0.76,21.69,$0.10B,$0.02B,4.56,$0.00B,$0.11B,0.0,$0.23B,$0.06B,25.11%,$0.23B,$0.04B,18.06%,$0.23B,$0.04B,18.06%,$0.23B,$0.05B,20.70%,$0.23B,$0.04B,18.50%,$0.23B,$0.03B,12.33%,$0.03B,$0.11B,26.35%,$0.03B,$0.11B,28.43%,$0.03B,$0.14B,21.29%,$0.04B,$0.11B,38.59%,$62,$47,$15,$0,$4,$51,$11,$0,$11,$4,$7,$7,$7,$13,$11,$36,36,$0.21,$0.21,$23,$32,$0,$95,$36,$0,$9,$3,$48,$142,$21,$0,$7,$7,$28,$32,$128,$-2,$114,$142,$22,$5,$0,$5,$-4,$-4,$0,$5,$-3,$24,$-5,$0,$0,$0,$0,$0,$-0,$-5,$0,$0,$0,$-0,$-0,$-6,$0,$-6,$12,$1,$-6
44,2007-07-31,12.95,$3.00,4.32,$6.11,2.12,$1.09,11.93,$0.75,17.38,$0.09B,$0.02B,4.79,$0.00B,$0.11B,0.0,$0.22B,$0.06B,25.23%,$0.22B,$0.04B,18.47%,$0.22B,$0.04B,18.47%,$0.22B,$0.05B,20.72%,$0.22B,$0.04B,18.92%,$0.22B,$0.03B,12.61%,$0.03B,$0.11B,27.45%,$0.03B,$0.10B,29.79%,$0.03B,$0.13B,22.49%,$0.04B,$0.11B,40.20%,$56,$42,$13,$0,$5,$47,$9,$0,$9,$3,$6,$6,$6,$10,$9,$36,36,$0.16,$0.16,$22,$32,$0,$85,$37,$0,$9,$3,$48,$133,$18,$0,$7,$7,$25,$32,$123,$-2,$109,$133,$14,$3,$0,$3,$4,$-4,$0,$1,$2,$19,$-4,$0,$0,$0,$0,$0,$-0,$-4,$0,$0,$0,$-0,$-0,$-4,$0,$-4,$11,$1,$-4
45,2007-04-30,10.96,$2.88,3.8,$5.95,1.84,$0.79,13.88,$0.73,15.12,$0.08B,$0.02B,4.1,$0.00B,$0.10B,0.0,$0.22B,$0.06B,25.46%,$0.22B,$0.04B,18.52%,$0.22B,$0.04B,18.52%,$0.22B,$0.05B,20.83%,$0.22B,$0.04B,18.98%,$0.22B,$0.03B,12.50%,$0.03B,$0.10B,27.55%,$0.03B,$0.10B,30.00%,$0.03B,$0.13B,22.69%,$0.04B,$0.10B,40.82%,$58,$41,$17,$0,$5,$45,$13,$0,$13,$4,$9,$9,$9,$14,$13,$36,36,$0.24,$0.24,$16,$29,$0,$83,$37,$0,$9,$2,$48,$131,$20,$0,$7,$7,$27,$32,$119,$-2,$104,$131,$9,$1,$0,$2,$-3,$-1,$0,$4,$-0,$10,$-2,$0,$0,$0,$0,$0,$-0,$-2,$0,$0,$0,$-0,$-0,$-2,$-0,$-2,$5,$0,$-2
46,2007-01-31,10.74,$2.72,3.94,$5.95,1.81,$0.54,19.89,$0.70,15.46,$0.07B,$0.02B,4.45,$0.00B,$0.10B,0.0,$0.22B,$0.05B,25.00%,$0.22B,$0.04B,17.59%,$0.22B,$0.04B,17.59%,$0.22B,$0.04B,20.37%,$0.22B,$0.04B,18.52%,$0.22B,$0.03B,12.04%,$0.03B,$0.10B,27.44%,$0.03B,$0.09B,30.06%,$0.03B,$0.12B,22.66%,$0.04B,$0.10B,40.11%,$51,$39,$12,$0,$4,$43,$8,$0,$9,$3,$6,$6,$6,$10,$8,$36,37,$0.17,$0.16,$11,$28,$1,$73,$36,$0,$7,$4,$47,$120,$16,$0,$5,$5,$21,$32,$113,$-2,$98,$120,$25,$6,$0,$6,$-2,$-0,$-2,$-0,$-5,$26,$-17,$0,$0,$-2,$0,$-2,$-0,$-19,$0,$0,$0,$-4,$-4,$-7,$0,$-10,$-3,$1,$-7
47,2006-10-31,12.08,$2.68,4.5,$6.03,2.0,$0.57,21.28,$0.69,17.64,$0.07B,$0.02B,4.61,$0.00B,$0.10B,0.0,$0.22B,$0.06B,25.11%,$0.22B,$0.04B,17.35%,$0.22B,$0.04B,17.35%,$0.22B,$0.04B,20.09%,$0.22B,$0.04B,17.81%,$0.22B,$0.03B,11.42%,$0.03B,$0.10B,27.40%,$0.03B,$0.09B,30.12%,$0.03B,$0.11B,22.47%,$0.04B,$0.10B,41.64%,$57,$43,$14,$0,$4,$47,$11,$0,$11,$4,$7,$7,$7,$12,$11,$36,36,$0.20,$0.19,$11,$28,$0,$69,$35,$0,$9,$1,$45,$114,$15,$0,$2,$2,$17,$32,$109,$0,$97,$114,$20,$4,$0,$4,$2,$-0,$0,$-5,$-3,$21,$-14,$0,$0,$0,$0,$0,$-0,$-14,$0,$0,$0,$-3,$-3,$-5,$0,$-8,$-1,$0,$-5
