,Date,Stock Price,Book Value per Share,Price to Book Ratio,TTM Sales per Share,Price to Sales Ratio,TTM FCF per Share,Price to FCF Ratio,TTM Net EPS,PE Ratio,Current Assets,Current Liabilities,Current Ratio,Long Term Debt,Shareholder's Equity_x,Debt to Equity Ratio,TTM Revenue_x,TTM Gross Profit,Gross Margin,TTM Revenue_y,TTM Operating Income,Operating Margin,TTM Revenue_x,TTM EBIT,EBIT Margin,TTM Revenue_y,TTM EBITDA,EBITDA Margin,TTM Revenue_x,TTM Pre-Tax Income,Pre-Tax Margin,TTM Revenue_y,TTM Net Income_x,Net Margin,TTM Net Income_y,Shareholder's Equity_y,Return on Equity,TTM Net Income_x,Tangible Equity,Return on Tangible Equity,TTM Net Income_y,Total Assets,Return on Assets,TTM Net Income,LT Investments & Debt,Return on Investment,revenue,cost-goods-sold,gross-profit,research-development-expenses,selling-general-administrative-expenses,operating-expenses,operating-income,total-non-operating-income-expense,pre-tax-income,total-provision-income-taxes,income-after-taxes,income-from-continuous-operations,net-income,ebitda,ebit,basic-shares-outstanding,shares-outstanding,eps-basic-net-earnings-per-share,eps-earnings-per-share-diluted,cash-on-hand,inventory,other-current-assets,total-current-assets,net-property-plant-equipment,long-term-investments,goodwill-intangible-assets-total,other-long-term-assets,total-long-term-assets,total-assets,total-current-liabilities,long-term-debt,other-non-current-liabilities,total-long-term-liabilities,total-liabilities,common-stock-net,retained-earnings-accumulated-deficit,comprehensive-income,total-share-holder-equity,total-liabilities-share-holders-equity,net-income-loss,total-depreciation-amortization-cash-flow,other-non-cash-items,total-non-cash-items,change-in-accounts-receivable,change-in-inventories,change-in-accounts-payable,change-in-assets-liabilities,total-change-in-assets-liabilities,cash-flow-from-operating-activities,net-change-in-property-plant-equipment,net-change-in-intangible-assets,net-acquisitions-divestitures,net-change-in-short-term-investments,net-change-in-long-term-investments,net-change-in-investments-total,investing-activities-other,cash-flow-from-investing-activities,net-long-term-debt,net-current-debt,debt-issuance-retirement-net-total,net-common-equity-issued-repurchased,net-total-equity-issued-repurchased,total-common-preferred-stock-dividends-paid,financial-activities-other,cash-flow-from-financial-activities,net-cash-flow,stock-based-compensation,common-stock-dividends-paid
0,2018-09-30,36.13,$7.56,4.78,$6.82,5.3,$3.64,9.93,$0.92,39.27,$0.69B,$0.54B,1.28,$0.74B,$0.82B,0.9,$0.75B,$0.62B,83.76%,$0.75B,$0.17B,22.68%,$0.75B,$0.17B,22.68%,$0.75B,$0.23B,31.41%,$0.75B,$0.14B,18.26%,$0.75B,$0.12B,16.51%,$0.12B,$0.82B,15.80%,$0.12B,$-0.10B,-81.86%,$0.12B,$2.17B,5.84%,$0.17B,$1.56B,10.97%,$245,$107,$138,$0,$88,$214,$31,$-3,$28,$5,$23,$23,$23,$48,$31,$108,110,$0.21,$0.21,$304,$85,$40,$686,$505,$4,$925,$27,$1484,$2169,$535,$740,$39,$814,$1349,$179,$632,$0,$821,$2169,$86,$49,$6,$55,$-159,$-49,$16,$129,$-46,$97,$-11,$0,$0,$0,$0,$0,$-18,$-29,$-59,$4,$-55,$27,$27,$-56,$-8,$-92,$-27,$7,$-56
1,2018-06-30,34.12,$7.32,4.66,$6.69,5.1,$3.72,9.16,$1.01,33.78,$0.62B,$0.50B,1.26,$0.74B,$0.79B,0.94,$0.73B,$0.61B,83.49%,$0.73B,$0.16B,21.32%,$0.73B,$0.16B,21.32%,$0.73B,$0.22B,29.99%,$0.73B,$0.12B,15.82%,$0.73B,$0.11B,15.13%,$0.11B,$0.79B,14.60%,$0.11B,$-0.13B,-62.15%,$0.11B,$2.12B,5.25%,$0.16B,$1.53B,10.13%,$309,$125,$184,$0,$101,$244,$65,$-10,$55,$9,$46,$46,$46,$81,$65,$108,109,$0.42,$0.42,$329,$64,$29,$624,$513,$7,$926,$26,$1494,$2118,$495,$741,$39,$831,$1326,$167,$628,$0,$791,$2118,$63,$33,$9,$42,$-100,$-28,$-12,$128,$1,$108,$-4,$0,$0,$0,$0,$0,$-17,$-21,$-57,$-3,$-60,$18,$18,$-37,$-6,$-84,$-2,$4,$-37
2,2018-03-31,31.31,$7.05,4.44,$6.19,5.06,$3.83,8.18,$0.75,41.75,$0.61B,$0.49B,1.23,$0.77B,$0.76B,1.02,$0.67B,$0.57B,84.65%,$0.67B,$0.12B,17.44%,$0.67B,$0.12B,17.44%,$0.67B,$0.18B,26.23%,$0.67B,$0.08B,12.22%,$0.67B,$0.08B,12.22%,$0.08B,$0.76B,11.16%,$0.08B,$-0.18B,-42.00%,$0.08B,$2.12B,3.94%,$0.12B,$1.53B,7.67%,$260,$112,$148,$0,$97,$227,$33,$-10,$22,$5,$17,$17,$17,$49,$33,$107,109,$0.16,$0.16,$341,$34,$31,$606,$523,$7,$933,$27,$1510,$2116,$491,$771,$45,$867,$1359,$144,$601,$0,$757,$2116,$17,$16,$9,$25,$-90,$3,$8,$101,$25,$67,$-1,$0,$0,$0,$0,$0,$-12,$-13,$-29,$-1,$-31,$4,$4,$-18,$-1,$-45,$10,$2,$-18
3,2017-12-31,29.62,$6.94,4.27,$5.65,5.24,$4.47,6.63,$0.69,42.93,$0.51B,$0.39B,1.31,$0.80B,$0.75B,1.07,$0.61B,$0.53B,87.21%,$0.61B,$0.11B,17.70%,$0.61B,$0.11B,17.70%,$0.61B,$0.16B,26.39%,$0.61B,$0.08B,12.79%,$0.61B,$0.08B,12.30%,$0.08B,$0.75B,10.42%,$0.08B,$-0.19B,-365.85%,$0.08B,$2.02B,3.76%,$0.11B,$1.54B,7.36%,$-69,$-223,$154,$0,$93,$-109,$40,$-9,$31,$-6,$37,$37,$37,$56,$40,$107,108,$0.34,$0.34,$331,$38,$28,$508,$527,$7,$932,$24,$1509,$2017,$388,$796,$47,$884,$1273,$139,$603,$0,$745,$2017,$75,$53,$9,$62,$-19,$-9,$21,$25,$8,$146,$-6,$0,$-676,$0,$0,$0,$-29,$-711,$216,$-18,$199,$10,$10,$-73,$-15,$121,$-427,$14,$-73
4,2017-09-30,31.09,$6.71,4.63,$7.65,4.06,$4.71,6.61,$0.61,50.97,$0.62B,$0.52B,1.2,$0.80B,$0.72B,1.11,$0.83B,$0.51B,61.62%,$0.83B,$0.11B,13.20%,$0.83B,$0.11B,13.20%,$0.83B,$0.16B,18.89%,$0.83B,$0.08B,9.93%,$0.83B,$0.07B,7.99%,$0.07B,$0.72B,9.33%,$0.07B,$-0.21B,41.84%,$0.07B,$2.13B,3.49%,$0.11B,$1.52B,7.76%,$227,$106,$121,$0,$85,$210,$17,$-10,$7,$-3,$10,$10,$10,$32,$17,$107,108,$0.10,$0.09,$314,$46,$10,$621,$530,$7,$931,$7,$1508,$2130,$519,$801,$21,$891,$1410,$136,$584,$0,$720,$2130,$38,$37,$11,$48,$-139,$-16,$-8,$185,$10,$99,$-5,$0,$-676,$0,$0,$0,$-21,$-702,$220,$-16,$204,$8,$8,$-55,$-16,$142,$-444,$11,$-55
5,2017-06-30,28.09,$6.69,4.2,$6.75,4.16,$5.25,5.35,$0.47,59.77,$0.58B,$0.46B,1.24,$0.80B,$0.72B,1.11,$0.73B,$0.50B,68.96%,$0.73B,$0.09B,12.91%,$0.73B,$0.09B,12.91%,$0.73B,$0.14B,18.68%,$0.73B,$0.08B,10.58%,$0.73B,$0.05B,7.01%,$0.05B,$0.72B,7.27%,$0.05B,$-0.21B,14.77%,$0.05B,$2.07B,3.03%,$0.09B,$1.51B,7.68%,$253,$108,$145,$0,$74,$226,$27,$-5,$22,$4,$18,$18,$18,$39,$27,$107,108,$0.16,$0.16,$367,$28,$12,$575,$524,$7,$923,$7,$1494,$2068,$463,$798,$18,$889,$1352,$133,$592,$0,$717,$2068,$28,$22,$12,$34,$-66,$1,$-10,$133,$51,$116,$-2,$0,$-674,$0,$0,$0,$-10,$-686,$224,$-10,$214,$6,$6,$-36,$-15,$169,$-391,$8,$-36
6,2017-03-31,31.99,$6.51,4.91,$5.90,5.42,$5.55,5.76,$0.68,47.04,$0.55B,$0.42B,1.3,$0.60B,$0.70B,0.86,$0.63B,$0.50B,78.23%,$0.63B,$0.12B,19.09%,$0.63B,$0.12B,19.09%,$0.63B,$0.16B,25.39%,$0.63B,$0.11B,17.19%,$0.63B,$0.07B,11.51%,$0.07B,$0.70B,10.41%,$0.07B,$0.52B,13.73%,$0.07B,$1.77B,4.88%,$0.12B,$1.29B,11.52%,$199,$88,$112,$0,$71,$176,$24,$-6,$18,$7,$10,$10,$10,$34,$24,$107,108,$0.10,$0.10,$375,$21,$7,$546,$515,$7,$173,$505,$1228,$1774,$420,$596,$17,$659,$1078,$130,$593,$0,$696,$1774,$10,$10,$2,$12,$-59,$8,$-11,$180,$112,$135,$-0,$0,$0,$0,$0,$0,$-6,$-6,$0,$0,$0,$3,$3,$-18,$-0,$-15,$117,$1,$-18
7,2016-12-31,32.87,$6.51,5.05,$5.28,6.23,$5.84,5.63,$0.85,38.67,$0.38B,$0.25B,1.5,$0.60B,$0.70B,0.86,$0.57B,$0.50B,88.36%,$0.57B,$0.14B,23.99%,$0.57B,$0.14B,23.99%,$0.57B,$0.18B,31.04%,$0.57B,$0.13B,23.10%,$0.57B,$0.09B,16.23%,$0.09B,$0.70B,13.19%,$0.09B,$0.53B,17.46%,$0.09B,$1.60B,6.63%,$0.14B,$1.29B,14.92%,$147,$16,$131,$0,$74,$106,$41,$-6,$35,$7,$28,$28,$28,$51,$41,$107,107,$0.26,$0.26,$258,$28,$6,$378,$515,$7,$170,$520,$1222,$1600,$253,$596,$38,$651,$904,$125,$601,$0,$696,$1600,$94,$41,$33,$73,$6,$27,$6,$-3,$16,$178,$-12,$0,$-87,$0,$0,$0,$-18,$-117,$499,$10,$509,$-12,$-12,$-74,$-19,$404,$465,$6,$-74
8,2016-09-30,33.76,$6.54,5.16,$5.18,6.52,$6.07,5.56,$1.02,33.1,$0.57B,$0.44B,1.3,$0.10B,$0.70B,0.15,$0.56B,$0.49B,88.29%,$0.56B,$0.15B,26.13%,$0.56B,$0.15B,26.13%,$0.56B,$0.19B,33.51%,$0.56B,$0.15B,26.49%,$0.56B,$0.11B,20.00%,$0.11B,$0.70B,15.85%,$0.11B,$0.54B,20.64%,$0.11B,$1.29B,8.76%,$0.15B,$0.80B,18.61%,$129,$15,$114,$0,$68,$127,$2,$-0,$2,$7,$-5,$-5,$-5,$12,$2,$107,108,$-0.05,$-0.05,$314,$42,$4,$572,$529,$8,$159,$5,$716,$1287,$440,$102,$17,$149,$590,$121,$591,$0,$698,$1287,$66,$31,$28,$59,$-130,$15,$-5,$175,$42,$161,$-9,$0,$-76,$0,$0,$0,$-12,$-97,$0,$24,$24,$-16,$-16,$-56,$-2,$-50,$21,$4,$-56
9,2016-06-30,32.36,$6.72,4.81,$4.99,6.48,$6.06,5.34,$1.26,25.68,$0.59B,$0.42B,1.42,$0.10B,$0.72B,0.14,$0.54B,$0.47B,88.41%,$0.54B,$0.17B,32.15%,$0.54B,$0.17B,32.15%,$0.54B,$0.21B,39.81%,$0.54B,$0.17B,32.52%,$0.54B,$0.14B,25.61%,$0.14B,$0.72B,19.52%,$0.14B,$0.54B,24.98%,$0.14B,$1.33B,10.98%,$0.17B,$0.82B,22.35%,$159,$20,$139,$0,$74,$105,$54,$0,$54,$13,$41,$41,$40,$64,$54,$106,107,$0.37,$0.37,$363,$74,$2,$592,$529,$7,$177,$4,$733,$1325,$417,$103,$13,$192,$609,$118,$616,$0,$716,$1325,$71,$20,$-0,$20,$-69,$-16,$-13,$175,$63,$148,$-4,$0,$-28,$0,$0,$0,$-7,$-39,$0,$7,$7,$-19,$-19,$-37,$-1,$-49,$69,$2,$-37
10,2016-03-31,25.81,$6.43,4.01,$4.96,5.2,$5.95,4.34,$1.32,19.55,$0.60B,$0.51B,1.17,$0.06B,$0.68B,0.08,$0.53B,$0.47B,88.89%,$0.53B,$0.18B,34.09%,$0.53B,$0.18B,34.09%,$0.53B,$0.22B,42.00%,$0.53B,$0.18B,34.46%,$0.53B,$0.14B,26.74%,$0.14B,$0.68B,20.28%,$0.14B,$0.50B,25.38%,$0.14B,$1.34B,11.58%,$0.18B,$0.74B,23.93%,$132,$15,$117,$0,$67,$93,$39,$0,$40,$10,$30,$30,$29,$49,$39,$107,107,$0.28,$0.27,$412,$29,$4,$597,$536,$7,$177,$4,$738,$1336,$509,$56,$12,$145,$654,$99,$595,$0,$681,$1336,$30,$10,$-1,$9,$-68,$30,$4,$178,$126,$166,$-2,$0,$-28,$0,$0,$0,$-4,$-33,$0,$28,$28,$-34,$-34,$-19,$-0,$-26,$119,$1,$-19
11,2015-12-31,22.82,$6.60,3.46,$4.80,4.75,$5.41,4.21,$1.27,17.97,$0.43B,$0.29B,1.48,$0.06B,$0.71B,0.08,$0.52B,$0.46B,89.13%,$0.52B,$0.18B,33.98%,$0.52B,$0.18B,33.98%,$0.52B,$0.22B,42.33%,$0.52B,$0.18B,34.37%,$0.52B,$0.14B,26.60%,$0.14B,$0.71B,19.80%,$0.14B,$0.57B,24.30%,$0.14B,$1.12B,11.58%,$0.18B,$0.76B,23.03%,$135,$15,$120,$0,$59,$85,$50,$0,$51,$3,$47,$47,$47,$61,$50,$107,107,$0.43,$0.43,$293,$58,$5,$430,$529,$6,$138,$3,$690,$1120,$290,$55,$12,$123,$413,$132,$601,$0,$707,$1120,$139,$42,$-9,$42,$13,$-18,$-8,$31,$23,$196,$-5,$0,$-12,$0,$0,$0,$-12,$-29,$0,$5,$0,$-18,$-18,$-66,$-2,$-81,$70,$4,$-66
12,2015-09-30,24.35,$0.00,0.0,$4.83,5.04,$5.11,4.77,$1.11,21.94,$0.55B,$0.41B,1.34,$0.06B,$0.70B,0.08,$0.52B,$0.46B,88.80%,$0.52B,$0.16B,31.66%,$0.52B,$0.16B,31.66%,$0.52B,$0.21B,39.96%,$0.52B,$0.17B,32.43%,$0.52B,$0.12B,22.97%,$0.12B,$0.70B,17.30%,$0.12B,$0.58B,21.16%,$0.12B,$1.21B,10.05%,$0.16B,$0.76B,21.29%,$109,$12,$97,$0,$58,$81,$29,$0,$29,$8,$21,$21,$21,$39,$29,$107,108,$0.19,$0.19,$346,$43,$16,$547,$0,$3,$122,$7,$133,$1212,$409,$56,$16,$99,$508,$131,$627,$0,$704,$1212,$91,$31,$-1,$30,$-63,$-2,$-16,$114,$34,$158,$-8,$0,$0,$0,$0,$0,$-4,$-12,$0,$2,$2,$-18,$-18,$-49,$-2,$-66,$67,$3,$-49
13,2015-06-30,26.11,$0.00,0.0,$4.76,5.49,$4.37,5.98,$1.01,25.85,$0.56B,$0.43B,1.3,$0.06B,$0.71B,0.08,$0.51B,$0.45B,88.65%,$0.51B,$0.16B,30.33%,$0.51B,$0.16B,30.33%,$0.51B,$0.20B,38.94%,$0.51B,$0.16B,30.33%,$0.51B,$0.11B,20.94%,$0.11B,$0.71B,15.56%,$0.11B,$0.58B,19.07%,$0.11B,$1.24B,8.95%,$0.16B,$0.77B,19.76%,$155,$17,$138,$0,$65,$93,$63,$0,$63,$17,$46,$46,$45,$74,$63,$107,107,$0.42,$0.42,$365,$34,$20,$556,$0,$3,$126,$8,$138,$1238,$428,$57,$16,$100,$528,$129,$624,$0,$709,$1238,$70,$21,$-2,$19,$-56,$7,$-24,$111,$41,$133,$-1,$0,$0,$0,$0,$0,$-4,$-5,$0,$6,$6,$-20,$-20,$-31,$-1,$-46,$74,$2,$-31
14,2015-03-31,23.21,$0.00,0.0,$4.62,5.02,$4.00,5.8,$0.94,24.69,$0.48B,$0.38B,1.28,$0.10B,$0.65B,0.16,$0.50B,$0.44B,88.15%,$0.50B,$0.14B,28.92%,$0.50B,$0.14B,28.92%,$0.50B,$0.19B,37.75%,$0.50B,$0.14B,28.92%,$0.50B,$0.10B,20.28%,$0.10B,$0.65B,14.57%,$0.10B,$0.52B,17.83%,$0.10B,$1.16B,8.35%,$0.14B,$0.75B,17.89%,$116,$12,$104,$0,$64,$83,$33,$1,$34,$9,$24,$24,$24,$44,$33,$107,108,$0.22,$0.22,$301,$28,$23,$479,$0,$3,$126,$8,$138,$1163,$376,$104,$13,$141,$517,$99,$592,$0,$647,$1163,$24,$11,$-2,$9,$0,$0,$0,$0,$0,$110,$-3,$0,$0,$0,$0,$0,$-2,$-5,$0,$-0,$-0,$-43,$-43,$-16,$-1,$-60,$36,$1,$-16
15,2014-12-31,24.89,$6.43,3.87,$4.47,5.57,$3.93,6.33,$0.85,29.28,$0.40B,$0.25B,1.55,$0.11B,$0.66B,0.17,$0.48B,$0.42B,87.94%,$0.48B,$0.13B,26.82%,$0.48B,$0.13B,26.82%,$0.48B,$0.17B,35.76%,$0.48B,$0.13B,26.82%,$0.48B,$0.09B,18.92%,$0.09B,$0.69B,12.89%,$0.09B,$0.56B,15.70%,$0.09B,$1.12B,7.34%,$0.13B,$0.80B,15.73%,$138,$18,$121,$0,$38,$100,$39,$4,$42,$13,$29,$29,$29,$50,$39,$107,108,$0.27,$0.27,$233,$43,$39,$395,$840,$3,$128,$9,$981,$1122,$254,$111,$13,$166,$430,$141,$536,$0,$692,$1113,$93,$45,$14,$45,$0,$0,$0,$-2,$35,$149,$9,$0,$0,$0,$0,$0,$-40,$-31,$-58,$-80,$0,$12,$12,$-58,$24,$-102,$-1,$4,$-58
16,2014-09-30,20.61,$0.00,0.0,$4.41,4.67,$4.01,5.14,$0.89,23.16,$0.52B,$0.40B,1.3,$0.11B,$0.70B,0.16,$0.47B,$0.42B,87.76%,$0.47B,$0.14B,29.11%,$0.47B,$0.14B,29.11%,$0.47B,$0.18B,38.40%,$0.47B,$0.13B,28.27%,$0.47B,$0.10B,20.25%,$0.10B,$0.70B,13.59%,$0.10B,$0.58B,16.49%,$0.10B,$1.26B,7.68%,$0.14B,$0.82B,16.63%,$102,$12,$90,$0,$70,$82,$20,$-4,$16,$6,$10,$9,$9,$31,$20,$107,108,$0.09,$0.09,$236,$71,$32,$522,$0,$4,$127,$9,$141,$1257,$400,$114,$12,$154,$554,$133,$570,$0,$703,$1257,$63,$33,$0,$33,$0,$0,$0,$0,$0,$90,$-20,$0,$0,$0,$0,$0,$-3,$-23,$0,$-71,$0,$0,$6,$0,$10,$-55,$2,$0,$0
17,2014-06-30,22.56,$0.00,0.0,$4.45,5.07,$4.17,5.41,$0.95,23.75,$0.53B,$0.41B,1.29,$0.12B,$0.73B,0.16,$0.48B,$0.42B,87.87%,$0.48B,$0.14B,29.92%,$0.48B,$0.14B,29.92%,$0.48B,$0.19B,39.12%,$0.48B,$0.14B,30.13%,$0.48B,$0.10B,21.55%,$0.10B,$0.73B,14.72%,$0.10B,$0.61B,17.83%,$0.10B,$1.30B,8.27%,$0.14B,$0.85B,17.18%,$142,$18,$124,$0,$72,$90,$52,$0,$52,$13,$39,$39,$39,$63,$52,$107,108,$0.36,$0.36,$281,$53,$44,$533,$0,$2,$126,$9,$139,$1299,$414,$118,$11,$154,$568,$132,$575,$0,$731,$1299,$54,$22,$0,$22,$0,$0,$0,$0,$55,$107,$-12,$0,$0,$0,$0,$0,$-8,$-21,$0,$-17,$0,$0,$5,$-28,$-0,$-40,$47,$0,$0
18,2014-03-31,21.96,$0.00,0.0,$4.33,5.07,$4.52,4.86,$0.87,25.24,$0.52B,$0.44B,1.19,$0.12B,$0.70B,0.17,$0.46B,$0.41B,88.15%,$0.46B,$0.13B,28.66%,$0.46B,$0.13B,28.66%,$0.46B,$0.18B,37.93%,$0.46B,$0.13B,28.66%,$0.46B,$0.09B,20.26%,$0.09B,$0.70B,13.77%,$0.09B,$0.57B,16.70%,$0.09B,$1.28B,7.55%,$0.13B,$0.81B,16.17%,$99,$10,$88,$0,$71,$81,$18,$1,$19,$4,$15,$14,$14,$28,$18,$107,107,$0.13,$0.13,$289,$50,$37,$521,$0,$2,$123,$9,$135,$1281,$438,$115,$8,$146,$584,$128,$551,$0,$697,$1281,$15,$11,$0,$11,$0,$0,$0,$0,$-15,$106,$-6,$0,$0,$0,$0,$0,$-4,$-10,$0,$-25,$0,$0,$1,$-14,$-0,$-38,$55,$0,$0
19,2013-12-31,20.75,$0.00,0.0,$4.37,4.75,$4.98,4.17,$0.87,23.85,$0.40B,$0.29B,1.38,$0.15B,$0.70B,0.21,$0.47B,$0.41B,88.65%,$0.47B,$0.14B,29.34%,$0.47B,$0.14B,29.34%,$0.47B,$0.18B,38.54%,$0.47B,$0.13B,28.69%,$0.47B,$0.09B,20.13%,$0.09B,$0.70B,14.00%,$0.09B,$0.57B,16.96%,$0.09B,$1.16B,7.54%,$0.14B,$0.84B,16.47%,$131,$17,$114,$0,$22,$83,$48,$-1,$47,$13,$34,$34,$34,$60,$48,$107,107,$0.32,$0.31,$234,$52,$26,$398,$0,$7,$121,$4,$133,$1162,$288,$147,$8,$179,$468,$126,$550,$0,$695,$1162,$95,$43,$-2,$43,$-9,$9,$1,$4,$90,$189,$-24,$0,$0,$9,$0,$9,$-16,$-30,$-15,$-34,$-15,$6,$6,$-54,$0,$-97,$56,$5,$-54
20,2013-09-30,18.14,$0.00,0.0,$4.24,4.28,$4.20,4.32,$0.77,23.56,$0.46B,$0.38B,1.23,$0.15B,$0.68B,0.22,$0.45B,$0.40B,89.18%,$0.45B,$0.12B,26.93%,$0.45B,$0.12B,26.93%,$0.45B,$0.16B,36.20%,$0.45B,$0.12B,26.05%,$0.45B,$0.08B,18.10%,$0.08B,$0.68B,12.39%,$0.08B,$0.56B,14.98%,$0.08B,$1.24B,6.62%,$0.12B,$0.83B,14.60%,$106,$12,$94,$0,$69,$80,$25,$0,$26,$9,$16,$16,$16,$36,$25,$107,107,$0.15,$0.15,$198,$54,$34,$464,$0,$7,$118,$9,$135,$1238,$378,$151,$7,$184,$562,$123,$531,$0,$676,$1238,$61,$32,$0,$32,$0,$0,$0,$0,$42,$114,$-26,$0,$0,$0,$0,$0,$-12,$-38,$0,$-1,$-15,$0,$4,$-40,$-0,$-53,$20,$0,$0
21,2013-06-30,17.16,$0.00,0.0,$4.11,4.17,$4.42,3.88,$0.70,24.51,$0.54B,$0.46B,1.16,$0.15B,$0.66B,0.22,$0.44B,$0.39B,89.07%,$0.44B,$0.11B,25.51%,$0.44B,$0.11B,25.51%,$0.44B,$0.15B,35.08%,$0.44B,$0.10B,23.46%,$0.44B,$0.07B,16.86%,$0.07B,$0.66B,11.31%,$0.07B,$0.55B,13.62%,$0.07B,$1.30B,5.90%,$0.11B,$0.81B,13.31%,$128,$16,$113,$0,$71,$87,$42,$-0,$41,$11,$30,$30,$30,$52,$42,$107,107,$0.28,$0.28,$273,$50,$20,$536,$0,$7,$116,$8,$132,$1302,$462,$148,$6,$178,$640,$122,$528,$0,$662,$1302,$44,$21,$0,$21,$0,$0,$0,$0,$99,$146,$-16,$0,$0,$0,$0,$0,$-8,$-24,$0,$6,$0,$0,$3,$-26,$-0,$-17,$95,$0,$0
22,2013-03-31,19.26,$0.00,0.0,$4.10,4.69,$3.93,4.91,$0.71,27.13,$0.51B,$0.41B,1.25,$0.20B,$0.65B,0.3,$0.44B,$0.39B,89.04%,$0.44B,$0.11B,26.03%,$0.44B,$0.11B,26.03%,$0.44B,$0.16B,35.62%,$0.44B,$0.10B,23.74%,$0.44B,$0.08B,17.12%,$0.08B,$0.65B,11.55%,$0.08B,$0.54B,13.86%,$0.08B,$1.29B,6.03%,$0.11B,$0.85B,13.43%,$102,$9,$93,$0,$71,$80,$22,$-1,$20,$6,$14,$14,$14,$32,$22,$107,107,$0.13,$0.13,$299,$34,$28,$510,$0,$0,$113,$8,$123,$1285,$408,$198,$6,$225,$633,$120,$511,$0,$652,$1285,$14,$10,$0,$10,$0,$0,$0,$0,$142,$156,$-7,$0,$0,$0,$0,$0,$-5,$-12,$0,$-9,$0,$0,$1,$-13,$0,$-21,$121,$0,$0
23,2012-12-31,18.44,$0.00,0.0,$4.10,4.5,$2.92,6.32,$0.75,24.59,$0.35B,$0.25B,1.39,$0.20B,$0.66B,0.31,$0.44B,$0.39B,88.79%,$0.44B,$0.12B,27.46%,$0.44B,$0.12B,27.46%,$0.44B,$0.16B,37.07%,$0.44B,$0.11B,25.63%,$0.44B,$0.08B,18.08%,$0.08B,$0.66B,12.27%,$0.08B,$0.55B,14.30%,$0.08B,$1.13B,6.50%,$0.12B,$0.86B,14.50%,$117,$13,$104,$0,$61,$84,$33,$-2,$31,$9,$22,$22,$22,$44,$33,$107,107,$0.21,$0.21,$178,$61,$31,$346,$0,$0,$110,$13,$124,$1132,$250,$201,$5,$226,$476,$119,$510,$0,$657,$1132,$80,$41,$0,$41,$0,$0,$0,$0,$38,$134,$-52,$0,$-56,$0,$0,$0,$-3,$-111,$0,$28,$63,$0,$2,$-50,$0,$43,$69,$0,$0
24,2012-09-30,16.88,$0.00,0.0,$4.06,4.15,$2.85,5.93,$0.79,21.36,$0.51B,$0.42B,1.2,$0.20B,$0.65B,0.31,$0.43B,$0.38B,88.68%,$0.43B,$0.12B,26.79%,$0.43B,$0.12B,26.79%,$0.43B,$0.16B,36.49%,$0.43B,$0.12B,27.48%,$0.43B,$0.08B,19.40%,$0.08B,$0.65B,13.25%,$0.08B,$0.54B,15.03%,$0.08B,$1.30B,7.15%,$0.12B,$0.85B,14.47%,$92,$11,$81,$0,$55,$77,$15,$-4,$11,$3,$8,$8,$8,$26,$15,$106,107,$0.08,$0.08,$229,$30,$23,$506,$0,$0,$104,$14,$119,$1296,$423,$202,$5,$227,$650,$118,$501,$0,$646,$1296,$57,$31,$0,$31,$0,$0,$0,$0,$82,$157,$-45,$0,$-56,$0,$0,$0,$0,$-100,$0,$34,$63,$0,$1,$-37,$0,$61,$119,$0,$0
25,2012-06-30,18.54,$0.00,0.0,$3.95,4.7,$2.89,6.41,$0.77,24.07,$0.49B,$0.40B,1.22,$0.20B,$0.64B,0.31,$0.42B,$0.37B,88.36%,$0.42B,$0.11B,26.13%,$0.42B,$0.11B,26.13%,$0.42B,$0.15B,36.10%,$0.42B,$0.12B,28.03%,$0.42B,$0.08B,19.71%,$0.08B,$0.64B,13.33%,$0.08B,$0.54B,14.77%,$0.08B,$1.26B,7.44%,$0.11B,$0.84B,14.23%,$127,$15,$112,$0,$58,$83,$44,$-2,$42,$10,$31,$31,$31,$54,$44,$106,107,$0.29,$0.29,$203,$52,$23,$486,$0,$0,$104,$15,$119,$1263,$400,$198,$5,$221,$621,$117,$506,$0,$642,$1263,$49,$20,$0,$20,$0,$0,$0,$0,$51,$108,$-30,$0,$-56,$0,$0,$0,$0,$-86,$0,$35,$63,$0,$1,$-24,$-0,$74,$94,$0,$0
26,2012-03-31,20.61,$0.00,0.0,$3.83,5.39,$3.40,6.06,$0.73,28.24,$0.44B,$0.38B,1.17,$0.14B,$0.63B,0.22,$0.41B,$0.36B,87.78%,$0.41B,$0.11B,27.38%,$0.41B,$0.11B,27.38%,$0.41B,$0.16B,37.90%,$0.41B,$0.11B,27.63%,$0.41B,$0.08B,19.32%,$0.08B,$0.63B,12.75%,$0.08B,$0.58B,13.77%,$0.08B,$1.17B,7.27%,$0.11B,$0.77B,14.83%,$101,$10,$91,$0,$54,$73,$28,$-0,$28,$10,$18,$18,$18,$38,$28,$106,107,$0.17,$0.17,$180,$82,$29,$443,$0,$0,$46,$14,$61,$1171,$379,$136,$5,$162,$541,$117,$487,$0,$630,$1171,$18,$10,$0,$10,$0,$0,$0,$0,$42,$64,$-24,$0,$0,$0,$0,$0,$0,$-24,$0,$40,$0,$0,$1,$-12,$0,$28,$70,$0,$0
27,2011-12-31,19.07,$0.00,0.0,$3.71,5.14,$3.44,5.55,$0.72,26.49,$0.25B,$0.19B,1.33,$0.13B,$0.62B,0.22,$0.40B,$0.35B,87.88%,$0.40B,$0.10B,26.01%,$0.40B,$0.10B,26.01%,$0.40B,$0.15B,37.12%,$0.40B,$0.11B,27.02%,$0.40B,$0.08B,19.70%,$0.08B,$0.62B,12.72%,$0.08B,$0.57B,13.76%,$0.08B,$0.97B,7.26%,$0.10B,$0.75B,13.74%,$113,$14,$100,$0,$60,$84,$29,$9,$38,$12,$27,$27,$27,$40,$29,$106,107,$0.25,$0.25,$109,$49,$34,$254,$0,$0,$46,$14,$61,$967,$191,$134,$4,$159,$349,$116,$481,$0,$618,$967,$77,$42,$0,$42,$0,$0,$0,$0,$37,$141,$-67,$0,$0,$0,$0,$0,$-3,$-70,$0,$11,$0,$0,$10,$-46,$0,$-25,$41,$0,$0
28,2011-09-30,17.35,$0.00,0.0,$3.48,4.99,$2.61,6.64,$0.60,28.91,$0.36B,$0.30B,1.2,$0.13B,$0.60B,0.22,$0.37B,$0.32B,87.33%,$0.37B,$0.09B,25.07%,$0.37B,$0.09B,25.07%,$0.37B,$0.14B,36.93%,$0.37B,$0.09B,23.45%,$0.37B,$0.07B,17.52%,$0.07B,$0.60B,10.77%,$0.07B,$0.56B,11.67%,$0.07B,$1.06B,6.18%,$0.09B,$0.73B,12.57%,$80,$10,$69,$0,$50,$71,$9,$1,$10,$3,$7,$7,$7,$20,$9,$106,107,$0.06,$0.06,$179,$31,$31,$358,$0,$8,$46,$13,$68,$1059,$299,$131,$4,$158,$458,$116,$466,$0,$601,$1059,$50,$32,$0,$32,$0,$0,$0,$0,$89,$164,$-47,$0,$0,$0,$0,$0,$-2,$-49,$0,$29,$-0,$0,$9,$-34,$-1,$3,$111,$0,$0
29,2011-06-30,23.5,$0.00,0.0,$3.51,6.7,$2.20,10.69,$0.67,35.08,$0.43B,$0.36B,1.2,$0.14B,$0.63B,0.22,$0.37B,$0.33B,87.94%,$0.37B,$0.10B,27.35%,$0.37B,$0.10B,27.35%,$0.37B,$0.15B,39.14%,$0.37B,$0.09B,25.20%,$0.37B,$0.07B,19.03%,$0.07B,$0.63B,11.91%,$0.07B,$0.58B,12.91%,$0.07B,$1.15B,6.70%,$0.10B,$0.77B,13.92%,$115,$15,$99,$0,$42,$68,$46,$-9,$37,$10,$27,$27,$27,$57,$46,$106,107,$0.25,$0.25,$220,$40,$23,$431,$0,$0,$47,$14,$63,$1151,$358,$139,$4,$163,$521,$115,$471,$0,$630,$1151,$43,$21,$0,$21,$0,$0,$0,$0,$103,$161,$-29,$0,$0,$0,$0,$0,$-2,$-31,$0,$28,$0,$0,$9,$-22,$2,$17,$152,$0,$0
30,2011-03-31,23.97,$0.00,0.0,$3.41,7.03,$1.57,15.25,$0.67,35.78,$0.42B,$0.36B,1.16,$0.14B,$0.60B,0.23,$0.36B,$0.32B,88.09%,$0.36B,$0.09B,25.21%,$0.36B,$0.09B,25.21%,$0.36B,$0.13B,36.84%,$0.36B,$0.09B,26.04%,$0.36B,$0.07B,19.39%,$0.07B,$0.60B,12.17%,$0.07B,$0.56B,13.24%,$0.07B,$1.12B,6.96%,$0.09B,$0.74B,12.83%,$88,$9,$80,$0,$50,$69,$19,$3,$22,$6,$17,$17,$17,$30,$19,$106,107,$0.16,$0.16,$158,$63,$35,$417,$0,$0,$47,$13,$63,$1123,$360,$139,$4,$159,$519,$110,$456,$0,$604,$1123,$17,$10,$0,$10,$0,$0,$0,$0,$25,$54,$-10,$0,$0,$0,$0,$0,$-2,$-12,$0,$49,$0,$0,$5,$-11,$2,$45,$89,$0,$0
31,2010-12-31,19.55,$0.00,0.0,$3.37,5.8,$1.87,10.43,$0.63,31.03,$0.18B,$0.14B,1.33,$0.14B,$0.58B,0.24,$0.36B,$0.31B,87.11%,$0.36B,$0.09B,25.77%,$0.36B,$0.09B,25.77%,$0.36B,$0.13B,36.13%,$0.36B,$0.09B,25.49%,$0.36B,$0.07B,18.49%,$0.07B,$0.58B,11.79%,$0.07B,$0.53B,12.84%,$0.07B,$0.87B,6.77%,$0.09B,$0.71B,13.28%,$88,$12,$76,$0,$46,$70,$19,$-1,$18,$4,$14,$14,$14,$30,$19,$106,106,$0.13,$0.13,$68,$27,$28,$182,$0,$0,$46,$15,$61,$871,$137,$136,$20,$156,$293,$104,$434,$0,$578,$871,$66,$38,$0,$38,$0,$0,$0,$0,$-69,$40,$-54,$0,$0,$0,$0,$0,$-1,$-55,$0,$0,$-4,$0,$3,$-43,$0,$-43,$-54,$0,$0
32,2010-09-30,17.52,$0.00,0.0,$3.45,5.08,$1.86,9.4,$0.71,24.68,$0.41B,$0.37B,1.12,$0.13B,$0.57B,0.23,$0.37B,$0.28B,77.05%,$0.37B,$-0.08B,-21.86%,$0.37B,$-0.08B,-21.86%,$0.37B,$-0.04B,-12.02%,$0.37B,$0.21B,56.01%,$0.37B,$0.07B,20.22%,$0.07B,$0.57B,13.42%,$0.07B,$0.53B,14.63%,$0.07B,$1.09B,7.62%,$-0.08B,$0.71B,-11.71%,$82,$10,$73,$0,$43,$64,$18,$-1,$17,$4,$13,$13,$13,$29,$18,$105,106,$0.13,$0.13,$191,$21,$23,$412,$0,$0,$46,$15,$60,$1092,$370,$133,$18,$151,$521,$103,$432,$0,$572,$1092,$52,$27,$0,$27,$0,$0,$0,$0,$29,$110,$-39,$0,$0,$0,$0,$0,$-1,$-39,$0,$24,$1,$0,$2,$-32,$0,$-5,$69,$0,$0
33,2010-06-30,15.28,$0.00,0.0,$3.39,4.51,$2.32,6.59,$0.70,21.82,$0.28B,$0.25B,1.13,$0.13B,$0.55B,0.24,$0.36B,$0.27B,76.11%,$0.36B,$-0.08B,-22.78%,$0.36B,$-0.08B,-22.78%,$0.36B,$-0.05B,-13.89%,$0.36B,$0.20B,56.39%,$0.36B,$0.07B,20.56%,$0.07B,$0.55B,13.65%,$0.07B,$0.50B,14.87%,$0.07B,$0.94B,7.68%,$-0.08B,$0.68B,-12.19%,$103,$14,$89,$0,$45,$68,$35,$2,$37,$11,$26,$26,$26,$44,$35,$106,106,$0.25,$0.25,$158,$10,$28,$277,$0,$0,$45,$15,$60,$938,$246,$129,$17,$146,$392,$103,$429,$0,$546,$938,$39,$16,$0,$16,$0,$0,$0,$0,$39,$95,$-30,$0,$0,$0,$0,$0,$-1,$-31,$0,$-3,$0,$0,$2,$-21,$0,$-22,$35,$0,$0
34,2010-03-31,17.96,$0.00,0.0,$3.55,5.06,$2.90,6.2,$0.82,21.91,$0.33B,$0.30B,1.08,$0.13B,$0.54B,0.25,$0.38B,$0.29B,76.66%,$0.38B,$-0.06B,-16.45%,$0.38B,$-0.06B,-16.45%,$0.38B,$-0.03B,-8.22%,$0.38B,$0.22B,58.89%,$0.38B,$0.09B,23.08%,$0.09B,$0.54B,16.28%,$0.09B,$0.50B,17.72%,$0.09B,$1.00B,8.93%,$-0.06B,$0.68B,-9.35%,$84,$11,$73,$0,$46,$63,$20,$-1,$19,$6,$13,$13,$13,$26,$20,$105,106,$0.12,$0.12,$185,$22,$22,$326,$0,$0,$46,$13,$59,$996,$301,$134,$17,$151,$451,$101,$414,$0,$544,$996,$13,$6,$0,$6,$0,$0,$0,$0,$74,$94,$-18,$0,$0,$0,$0,$0,$1,$-17,$0,$-5,$0,$0,$1,$-11,$0,$-14,$63,$0,$0
35,2009-12-31,18.62,$0.00,0.0,$3.56,5.23,$3.16,5.89,$0.89,20.92,$0.20B,$0.17B,1.18,$0.13B,$0.54B,0.24,$0.38B,$0.29B,77.19%,$0.38B,$-0.05B,-14.32%,$0.38B,$-0.05B,-14.32%,$0.38B,$-0.02B,-5.84%,$0.38B,$0.23B,61.54%,$0.38B,$0.09B,24.93%,$0.09B,$0.54B,18.26%,$0.09B,$0.50B,19.88%,$0.09B,$0.86B,9.91%,$-0.05B,$0.68B,-8.57%,$97,$50,$47,$0,$168,$250,$-153,$4,$132,$38,$93,$22,$22,$-143,$-153,$105,106,$0.21,$0.21,$123,$7,$18,$199,$0,$0,$46,$16,$61,$858,$168,$130,$15,$145,$313,$100,$411,$0,$544,$858,$93,$32,$0,$32,$0,$0,$0,$0,$8,$138,$-153,$0,$-4,$0,$0,$0,$-8,$-165,$0,$5,$51,$0,$5,$-40,$2,$23,$15,$0,$0
36,2009-09-30,20.21,$0.00,0.0,$3.42,5.91,$3.11,6.5,$0.94,21.5,$0.44B,$0.39B,1.13,$0.13B,$0.54B,0.24,$0.36B,$0.31B,86.46%,$0.36B,$0.12B,33.70%,$0.36B,$0.12B,33.70%,$0.36B,$0.15B,41.71%,$0.36B,$0.14B,37.57%,$0.36B,$0.10B,27.35%,$0.10B,$0.54B,20.00%,$0.10B,$0.49B,21.79%,$0.10B,$1.06B,10.92%,$0.12B,$0.66B,20.53%,$76,$11,$65,$0,$42,$60,$16,$-0,$15,$2,$13,$13,$13,$23,$16,$105,106,$0.12,$0.12,$267,$7,$19,$441,$0,$0,$42,$13,$55,$1064,$390,$129,$11,$140,$530,$99,$400,$0,$535,$1064,$72,$22,$0,$22,$0,$0,$0,$0,$138,$235,$-115,$0,$0,$0,$0,$0,$-5,$-120,$0,$1,$51,$0,$4,$-29,$0,$27,$160,$0,$0
37,2009-06-30,19.23,$0.00,0.0,$3.42,5.62,$2.66,7.23,$0.93,20.68,$0.41B,$0.33B,1.22,$0.12B,$0.52B,0.23,$0.36B,$0.31B,86.74%,$0.36B,$0.12B,33.70%,$0.36B,$0.12B,33.70%,$0.36B,$0.15B,41.44%,$0.36B,$0.14B,38.12%,$0.36B,$0.10B,27.07%,$0.10B,$0.52B,20.43%,$0.10B,$0.47B,22.32%,$0.10B,$0.98B,11.34%,$0.12B,$0.64B,21.86%,$120,$16,$104,$0,$41,$65,$55,$1,$56,$17,$39,$39,$39,$63,$55,$105,106,$0.37,$0.37,$272,$6,$12,$405,$0,$0,$41,$13,$54,$980,$332,$121,$13,$133,$465,$98,$398,$0,$515,$980,$59,$15,$0,$15,$0,$0,$0,$0,$128,$204,$-78,$0,$0,$0,$0,$0,$-5,$-83,$0,$-0,$51,$0,$3,$-19,$-0,$36,$165,$0,$0
38,2009-03-31,15.19,$0.00,0.0,$3.38,4.5,$2.36,6.43,$0.99,15.34,$0.37B,$0.34B,1.1,$0.08B,$0.47B,0.17,$0.36B,$0.31B,86.31%,$0.36B,$0.12B,33.52%,$0.36B,$0.12B,33.52%,$0.36B,$0.15B,40.78%,$0.36B,$0.14B,39.94%,$0.36B,$0.11B,29.33%,$0.11B,$0.47B,22.20%,$0.11B,$0.43B,24.32%,$0.11B,$0.89B,12.28%,$0.12B,$0.55B,22.55%,$84,$9,$75,$0,$40,$56,$28,$1,$29,$10,$20,$20,$20,$35,$28,$105,106,$0.19,$0.19,$210,$5,$16,$371,$0,$0,$40,$10,$50,$894,$337,$81,$11,$92,$429,$94,$368,$0,$465,$894,$20,$7,$0,$7,$0,$0,$0,$0,$110,$138,$-35,$0,$0,$0,$0,$0,$-5,$-40,$0,$0,$15,$0,$0,$-9,$0,$6,$103,$0,$0
39,2008-12-31,17.42,$0.00,0.0,$3.36,5.19,$2.09,8.34,$0.96,18.15,$0.19B,$0.15B,1.32,$0.07B,$0.47B,0.15,$0.36B,$0.31B,85.92%,$0.36B,$0.12B,32.68%,$0.36B,$0.12B,32.68%,$0.36B,$0.14B,39.72%,$0.36B,$0.14B,39.15%,$0.36B,$0.10B,28.45%,$0.10B,$0.47B,21.54%,$0.10B,$0.43B,23.64%,$0.10B,$0.69B,11.96%,$0.12B,$0.53B,22.35%,$82,$13,$69,$0,$39,$58,$23,$13,$36,$9,$27,$27,$27,$30,$23,$105,106,$0.26,$0.26,$107,$10,$17,$194,$0,$0,$40,$2,$42,$689,$147,$67,$10,$77,$224,$94,$358,$0,$465,$689,$101,$25,$0,$25,$0,$0,$0,$0,$-19,$91,$-111,$0,$0,$0,$0,$0,$1,$-110,$0,$1,$25,$0,$-32,$0,$-0,$-6,$-43,$0,$0
40,2008-09-30,18.9,$0.00,0.0,$3.37,5.61,$2.28,8.28,$0.86,21.98,$0.42B,$0.37B,1.15,$0.04B,$0.47B,0.09,$0.36B,$0.31B,85.96%,$0.36B,$0.12B,32.30%,$0.36B,$0.12B,32.30%,$0.36B,$0.13B,37.36%,$0.36B,$0.13B,35.11%,$0.36B,$0.09B,25.56%,$0.09B,$0.47B,19.72%,$0.09B,$0.43B,21.18%,$0.09B,$0.89B,10.83%,$0.12B,$0.52B,22.74%,$76,$10,$66,$0,$43,$60,$16,$1,$17,$5,$12,$12,$12,$22,$16,$106,106,$0.11,$0.11,$193,$18,$38,$420,$0,$0,$42,$3,$44,$894,$367,$44,$9,$53,$420,$94,$340,$0,$474,$894,$74,$18,$0,$18,$0,$0,$0,$0,$65,$150,$-78,$0,$0,$0,$0,$0,$0,$-78,$0,$3,$-0,$0,$3,$-26,$0,$-20,$43,$0,$0
41,2008-06-30,21.88,$0.00,0.0,$3.30,6.63,$2.20,9.95,$0.89,24.59,$0.48B,$0.40B,1.2,$0.05B,$0.49B,0.09,$0.35B,$0.30B,85.92%,$0.35B,$0.12B,33.91%,$0.35B,$0.12B,33.91%,$0.35B,$0.13B,37.36%,$0.35B,$0.13B,36.49%,$0.35B,$0.09B,27.01%,$0.09B,$0.49B,20.94%,$0.09B,$0.45B,22.53%,$0.09B,$0.94B,11.45%,$0.12B,$0.53B,23.91%,$116,$16,$99,$0,$41,$63,$53,$9,$61,$15,$46,$46,$46,$59,$53,$106,106,$0.44,$0.43,$243,$5,$21,$478,$0,$0,$42,$3,$45,$944,$399,$45,$12,$57,$456,$93,$338,$0,$488,$944,$62,$12,$0,$12,$0,$0,$0,$0,$61,$127,$-33,$0,$0,$0,$0,$0,$0,$-33,$0,$10,$-0,$0,$-15,$0,$0,$-5,$93,$0,$0
42,2008-03-31,22.01,$0.00,0.0,$3.10,7.1,$1.31,16.85,$0.71,30.86,$0.40B,$0.34B,1.18,$0.04B,$0.45B,0.1,$0.33B,$0.28B,86.24%,$0.33B,$0.11B,33.03%,$0.33B,$0.11B,33.03%,$0.33B,$0.11B,34.86%,$0.33B,$0.11B,33.33%,$0.33B,$0.08B,22.94%,$0.08B,$0.45B,17.46%,$0.08B,$0.41B,18.36%,$0.08B,$0.85B,9.80%,$0.11B,$0.49B,22.78%,$81,$10,$71,$0,$42,$57,$24,$1,$25,$9,$16,$16,$16,$30,$24,$105,106,$0.16,$0.16,$221,$19,$25,$404,$0,$0,$42,$3,$45,$851,$344,$44,$14,$58,$402,$92,$300,$0,$449,$851,$16,$6,$0,$6,$0,$0,$0,$0,$78,$101,$-26,$0,$0,$0,$0,$0,$0,$-26,$0,$1,$-0,$0,$2,$-8,$0,$-6,$70,$0,$0
43,2007-12-31,22.1,$0.00,0.0,$2.99,7.39,$1.15,19.15,$0.72,30.69,$0.42B,$0.00B,0.0,$0.05B,$0.00B,0.0,$0.32B,$0.27B,86.67%,$0.32B,$0.11B,35.24%,$0.32B,$0.11B,35.24%,$0.32B,$0.12B,36.83%,$0.32B,$0.11B,35.24%,$0.32B,$0.08B,24.44%,$0.08B,$0.44B,18.66%,$0.08B,$0.44B,19.64%,$0.08B,$0.67B,10.42%,$0.11B,$0.48B,24.30%,$83,$13,$70,$0,$42,$61,$22,$0,$22,$6,$17,$17,$17,$22,$22,$104,106,$0.16,$0.16,$237,$0,$179,$416,$0,$0,$0,$0,$0,$673,$0,$45,$0,$45,$238,$0,$0,$0,$435,$673,$0,$0,$0,$0,$0,$0,$0,$0,$0,$0,$0,$0,$0,$0,$0,$0,$0,$0,$0,$0,$0,$0,$0,$0,$0,$0,$0,$0,$0
44,2007-09-30,17.28,$0.00,0.0,$9.24,1.87,$1.34,12.89,$0.65,26.45,$0.43B,$0.33B,1.29,$0.05B,$0.42B,0.11,$0.97B,$0.93B,95.88%,$0.97B,$0.78B,79.92%,$0.97B,$0.78B,79.92%,$0.97B,$0.78B,80.43%,$0.97B,$0.11B,11.12%,$0.97B,$0.07B,7.21%,$0.07B,$0.42B,17.67%,$0.07B,$0.38B,19.15%,$0.07B,$0.82B,9.87%,$0.78B,$0.47B,176.46%,$68,$9,$59,$0,$35,$49,$19,$-0,$19,$4,$15,$15,$15,$19,$19,$104,105,$0.14,$0.14,$230,$9,$20,$429,$0,$0,$43,$3,$45,$815,$332,$45,$13,$58,$391,$90,$283,$0,$424,$815,$59,$14,$0,$14,$0,$0,$0,$0,$41,$116,$-53,$0,$-1,$0,$0,$0,$-0,$-54,$0,$5,$-0,$0,$3,$-23,$1,$-14,$58,$0,$0
45,2007-06-30,16.56,$0.00,0.0,$9.13,1.81,$0.74,22.36,$0.61,27.29,$0.36B,$0.26B,1.42,$0.04B,$0.00B,0.0,$0.96B,$0.92B,95.93%,$0.96B,$0.77B,80.40%,$0.96B,$0.77B,80.40%,$0.96B,$0.78B,80.92%,$0.96B,$0.10B,10.74%,$0.96B,$0.07B,6.78%,$0.07B,$0.41B,17.06%,$0.07B,$0.41B,18.02%,$0.07B,$0.72B,9.57%,$0.77B,$0.45B,181.73%,$95,$13,$82,$0,$34,$52,$43,$0,$43,$16,$27,$27,$27,$43,$43,$105,105,$0.25,$0.25,$0,$0,$0,$362,$0,$0,$0,$0,$0,$722,$255,$44,$0,$44,$312,$0,$0,$0,$410,$722,$0,$0,$0,$0,$0,$0,$0,$0,$0,$0,$0,$0,$0,$0,$0,$0,$0,$0,$0,$0,$0,$0,$0,$0,$0,$0,$0,$0,$0
46,2007-03-31,15.42,$0.00,0.0,$8.98,1.72,$0.74,20.82,$0.59,26.28,$0.41B,$0.31B,1.31,$0.04B,$0.38B,0.11,$0.94B,$0.91B,95.97%,$0.94B,$0.77B,81.23%,$0.94B,$0.77B,81.23%,$0.94B,$0.77B,81.76%,$0.94B,$0.10B,10.50%,$0.94B,$0.06B,6.68%,$0.06B,$0.38B,17.10%,$0.06B,$0.34B,18.09%,$0.06B,$0.75B,9.55%,$0.77B,$0.42B,186.04%,$69,$7,$62,$0,$31,$42,$27,$0,$27,$10,$18,$18,$18,$32,$27,$104,105,$0.17,$0.17,$233,$15,$10,$409,$0,$0,$41,$2,$43,$747,$313,$43,$10,$53,$365,$86,$258,$0,$382,$747,$18,$4,$0,$4,$0,$0,$0,$0,$47,$69,$-11,$0,$-1,$0,$0,$0,$-0,$-12,$0,$10,$-0,$0,$0,$-7,$0,$3,$61,$0,$0
47,2006-12-31,14.06,$0.00,0.0,$8.86,1.59,$0.55,25.79,$0.55,25.72,$0.23B,$0.13B,1.71,$0.04B,$0.37B,0.12,$0.93B,$0.89B,96.02%,$0.93B,$0.76B,81.61%,$0.93B,$0.76B,81.61%,$0.93B,$0.76B,81.94%,$0.93B,$0.09B,9.89%,$0.93B,$0.06B,6.24%,$0.06B,$0.37B,16.26%,$0.06B,$0.33B,17.21%,$0.06B,$0.55B,9.18%,$0.76B,$0.41B,189.51%,$739,$11,$728,$0,$37,$52,$687,$0,$19,$9,$10,$10,$10,$687,$687,$104,105,$0.09,$0.09,$172,$6,$14,$228,$0,$0,$40,$2,$41,$554,$134,$43,$9,$52,$186,$86,$247,$0,$369,$554,$57,$15,$0,$15,$0,$0,$0,$0,$-8,$66,$-46,$0,$-2,$0,$0,$0,$2,$-47,$0,$0,$-0,$0,$5,$-27,$0,$-22,$3,$0,$0
