,Date,Stock Price,Book Value per Share,Price to Book Ratio,TTM Sales per Share,Price to Sales Ratio,TTM FCF per Share,Price to FCF Ratio,TTM Net EPS,PE Ratio,Current Assets,Current Liabilities,Current Ratio,Long Term Debt,Shareholder's Equity_x,Debt to Equity Ratio,TTM Revenue_x,TTM Gross Profit,Gross Margin,TTM Revenue_y,TTM Operating Income,Operating Margin,TTM Revenue_x,TTM EBIT,EBIT Margin,TTM Revenue_y,TTM EBITDA,EBITDA Margin,TTM Revenue_x,TTM Pre-Tax Income,Pre-Tax Margin,TTM Revenue_y,TTM Net Income_x,Net Margin,TTM Net Income_y,Shareholder's Equity_y,Return on Equity,TTM Net Income_x,Tangible Equity,Return on Tangible Equity,TTM Net Income_y,Total Assets,Return on Assets,TTM Net Income,LT Investments & Debt,Return on Investment,revenue,cost-goods-sold,gross-profit,research-development-expenses,selling-general-administrative-expenses,operating-expenses,operating-income,total-non-operating-income-expense,pre-tax-income,total-provision-income-taxes,income-after-taxes,income-from-continuous-operations,net-income,ebitda,ebit,basic-shares-outstanding,shares-outstanding,eps-basic-net-earnings-per-share,eps-earnings-per-share-diluted,cash-on-hand,inventory,other-current-assets,total-current-assets,net-property-plant-equipment,long-term-investments,goodwill-intangible-assets-total,other-long-term-assets,total-long-term-assets,total-assets,total-current-liabilities,long-term-debt,other-non-current-liabilities,total-long-term-liabilities,total-liabilities,common-stock-net,retained-earnings-accumulated-deficit,comprehensive-income,total-share-holder-equity,total-liabilities-share-holders-equity,net-income-loss,total-depreciation-amortization-cash-flow,other-non-cash-items,total-non-cash-items,change-in-accounts-receivable,change-in-inventories,change-in-accounts-payable,change-in-assets-liabilities,total-change-in-assets-liabilities,cash-flow-from-operating-activities,net-change-in-property-plant-equipment,net-change-in-intangible-assets,net-acquisitions-divestitures,net-change-in-short-term-investments,net-change-in-long-term-investments,net-change-in-investments-total,investing-activities-other,cash-flow-from-investing-activities,net-long-term-debt,net-current-debt,debt-issuance-retirement-net-total,net-common-equity-issued-repurchased,net-total-equity-issued-repurchased,total-common-preferred-stock-dividends-paid,financial-activities-other,cash-flow-from-financial-activities,net-cash-flow,stock-based-compensation,common-stock-dividends-paid
0,2018-09-30,46.1,$32.39,1.42,$14.83,3.11,$11.77,3.92,$3.12,14.78,$4.49B,$3.73B,1.2,$0.76B,$0.68B,1.12,$0.31B,$0.29B,90.76%,$0.31B,$0.09B,28.98%,$0.31B,0,0.00%,$0.31B,0,0.00%,$0.31B,$0.09B,28.98%,$0.31B,$0.07B,20.70%,$0.07B,$0.68B,9.90%,$0.07B,$0.66B,10.15%,$0.07B,$5.22B,1.26%,$0.09B,$1.43B,6.57%,$73,$8,$64,$0,$45,$53,$19,$0,$19,$2,$17,$17,$17,$0,$0,$21,21,$0.83,$0.82,$366,$0,$0,$4487,$43,$546,$16,$130,$736,$5222,$3730,$756,$59,$815,$4546,$5,$533,$-2,$677,$5222,$61,$5,$26,$31,$-14,$0,$0,$8,$-6,$86,$-8,$0,$0,$0,$75,$75,$-143,$-76,$-23,$-40,$-63,$0,$0,$-15,$134,$56,$66,$1,$-15
1,2018-06-30,45.3,$31.78,1.43,$14.42,3.14,$10.82,4.19,$2.80,16.18,$4.56B,$3.65B,1.25,$0.90B,$0.66B,1.36,$0.31B,$0.28B,91.80%,$0.31B,$0.09B,28.85%,$0.31B,0,0.00%,$0.31B,0,0.00%,$0.31B,$0.09B,28.85%,$0.31B,$0.06B,19.34%,$0.06B,$0.66B,9.14%,$0.06B,$0.65B,9.37%,$0.06B,$5.27B,1.16%,$0.09B,$1.57B,6.35%,$73,$7,$65,$0,$46,$53,$20,$0,$20,$4,$16,$16,$16,$0,$0,$22,21,$0.72,$0.73,$387,$0,$0,$4564,$44,$518,$16,$124,$702,$5266,$3649,$901,$52,$953,$4602,$5,$521,$-2,$664,$5266,$43,$4,$-351,$-348,$361,$0,$-0,$6,$368,$63,$-6,$0,$0,$0,$103,$103,$-197,$-100,$123,$-29,$94,$0,$0,$-10,$40,$125,$88,$1,$-10
2,2018-03-31,38.09,$31.27,1.22,$13.87,2.75,$10.44,3.65,$2.54,15.0,$4.38B,$3.89B,1.12,$0.48B,$0.65B,0.74,$0.29B,$0.27B,92.49%,$0.29B,$0.08B,28.33%,$0.29B,0,0.00%,$0.29B,0,0.00%,$0.29B,$0.08B,28.33%,$0.29B,$0.05B,18.09%,$0.05B,$0.65B,8.33%,$0.05B,$0.64B,8.54%,$0.05B,$5.08B,1.05%,$0.08B,$1.13B,5.88%,$101,$6,$95,$0,$60,$66,$35,$0,$35,$7,$27,$27,$27,$0,$0,$21,21,$1.31,$1.31,$362,$0,$0,$4377,$44,$516,$16,$126,$702,$5078,$3893,$481,$51,$532,$4425,$5,$510,$-1,$653,$5078,$27,$2,$17,$19,$3,$0,$-0,$2,$5,$52,$-4,$0,$0,$0,$106,$106,$-45,$57,$-298,$-28,$-326,$0,$0,$-5,$284,$-46,$63,$0,$-5
3,2017-12-31,37.59,$30.33,1.24,$13.13,2.86,$10.17,3.69,$2.18,17.24,$4.29B,$3.64B,1.18,$0.78B,$0.63B,1.23,$0.28B,$0.26B,92.45%,$0.28B,$0.08B,28.06%,$0.28B,0,0.00%,$0.28B,0,0.00%,$0.28B,$0.08B,28.06%,$0.28B,$0.05B,16.55%,$0.05B,$0.63B,7.32%,$0.05B,$0.62B,7.52%,$0.05B,$5.09B,0.93%,$0.08B,$1.41B,5.53%,$67,$6,$61,$0,$44,$50,$17,$0,$17,$12,$5,$5,$5,$0,$0,$21,21,$0.24,$0.25,$299,$0,$0,$4288,$43,$624,$16,$115,$798,$5085,$3637,$779,$37,$816,$4453,$5,$488,$0,$632,$5085,$46,$4,$28,$32,$-4,$0,$0,$4,$0,$78,$-12,$0,$0,$0,$-62,$-62,$-212,$-287,$-65,$31,$-34,$-1,$-1,$-18,$272,$219,$10,$1,$-18
4,2017-09-30,38.24,$30.36,1.26,$12.66,3.02,$9.00,4.25,$2.43,15.74,$4.26B,$3.52B,1.21,$0.80B,$0.63B,1.26,$0.27B,$0.25B,92.88%,$0.27B,$0.08B,28.46%,$0.27B,0,0.00%,$0.27B,0,0.00%,$0.27B,$0.08B,28.46%,$0.27B,$0.05B,19.10%,$0.05B,$0.63B,8.21%,$0.05B,$0.62B,8.43%,$0.05B,$4.99B,1.05%,$0.08B,$1.43B,5.35%,$64,$5,$59,$0,$42,$48,$16,$0,$16,$6,$11,$11,$11,$0,$0,$21,21,$0.51,$0.50,$330,$0,$0,$4260,$42,$556,$16,$119,$733,$4993,$3523,$799,$38,$837,$4360,$5,$488,$1,$633,$4993,$41,$4,$22,$26,$1,$0,$-0,$-0,$1,$67,$-9,$0,$0,$0,$7,$7,$-155,$-157,$-45,$-0,$-45,$-1,$-1,$-13,$189,$130,$41,$1,$-13
5,2017-06-30,34.89,$30.06,1.16,$12.28,2.84,$7.83,4.46,$2.39,14.6,$4.22B,$3.25B,1.3,$1.04B,$0.63B,1.67,$0.26B,$0.24B,93.02%,$0.26B,$0.08B,29.07%,$0.26B,0,0.00%,$0.26B,0,0.00%,$0.26B,$0.08B,29.07%,$0.26B,$0.05B,19.38%,$0.05B,$0.63B,8.15%,$0.05B,$0.61B,8.38%,$0.05B,$4.96B,1.04%,$0.08B,$1.67B,5.22%,$61,$5,$56,$0,$41,$45,$15,$0,$15,$5,$10,$10,$10,$0,$0,$21,21,$0.48,$0.47,$333,$0,$0,$4223,$44,$558,$16,$114,$733,$4956,$3247,$1044,$38,$1081,$4329,$5,$481,$2,$627,$4956,$30,$4,$-258,$-254,$278,$0,$-0,$0,$278,$54,$-6,$0,$0,$0,$6,$6,$-115,$-115,$200,$-60,$140,$-1,$-1,$-9,$-27,$104,$43,$1,$-9
6,2017-03-31,33.4,$29.76,1.12,$11.85,2.82,$6.23,5.36,$2.31,14.46,$3.88B,$3.49B,1.11,$0.51B,$0.62B,0.82,$0.25B,$0.23B,92.74%,$0.25B,$0.07B,29.44%,$0.25B,0,0.00%,$0.25B,0,0.00%,$0.25B,$0.07B,29.44%,$0.25B,$0.05B,19.35%,$0.05B,$0.62B,7.93%,$0.05B,$0.60B,8.15%,$0.05B,$4.67B,1.01%,$0.07B,$1.13B,5.11%,$86,$4,$81,$0,$51,$56,$30,$0,$30,$10,$20,$20,$20,$0,$0,$21,21,$0.95,$0.95,$206,$0,$0,$3884,$44,$606,$16,$114,$780,$4665,$3493,$509,$42,$551,$4044,$5,$476,$1,$621,$4665,$20,$2,$12,$14,$5,$0,$-0,$7,$12,$46,$-3,$0,$0,$0,$-43,$-43,$98,$52,$-335,$-29,$-364,$-1,$-1,$-4,$188,$-181,$-83,$0,$-4
7,2016-12-31,38.17,$28.97,1.32,$11.04,3.46,$5.38,7.09,$2.20,17.35,$4.08B,$3.33B,1.22,$0.84B,$0.60B,1.4,$0.23B,$0.21B,92.21%,$0.23B,$0.07B,30.30%,$0.23B,0,0.00%,$0.23B,0,0.00%,$0.23B,$0.07B,30.30%,$0.23B,$0.05B,19.91%,$0.05B,$0.60B,7.69%,$0.05B,$0.59B,7.89%,$0.05B,$4.82B,0.99%,$0.07B,$1.45B,4.89%,$56,$4,$52,$0,$37,$41,$15,$0,$15,$5,$10,$10,$10,$0,$0,$21,21,$0.47,$0.48,$289,$0,$0,$4082,$40,$562,$16,$115,$734,$4816,$3334,$844,$34,$878,$4212,$5,$461,$1,$604,$4816,$46,$7,$14,$21,$-12,$0,$-0,$-7,$-19,$48,$-7,$0,$-9,$0,$92,$92,$-372,$-296,$99,$-222,$-123,$-1,$-1,$-17,$469,$328,$79,$1,$-17
8,2016-09-30,29.84,$28.79,1.04,$10.48,2.85,$5.58,5.35,$2.08,14.35,$4.11B,$3.29B,1.25,$0.90B,$0.60B,1.51,$0.22B,$0.20B,91.36%,$0.22B,$0.07B,30.00%,$0.22B,0,0.00%,$0.22B,0,0.00%,$0.22B,$0.07B,30.00%,$0.22B,$0.04B,19.55%,$0.04B,$0.60B,7.27%,$0.04B,$0.58B,7.45%,$0.04B,$4.83B,0.96%,$0.07B,$1.50B,4.72%,$55,$5,$51,$0,$36,$41,$15,$0,$15,$5,$10,$10,$10,$0,$0,$21,21,$0.47,$0.47,$302,$0,$0,$4106,$43,$553,$16,$109,$721,$4827,$3288,$904,$35,$938,$4227,$5,$455,$3,$601,$4827,$36,$5,$9,$14,$-8,$0,$-0,$-4,$-12,$38,$-5,$0,$-9,$0,$106,$106,$-384,$-293,$159,$-243,$-84,$-1,$-1,$-12,$444,$346,$92,$1,$-12
9,2016-06-30,26.34,$28.52,0.92,$9.94,2.65,$5.58,4.72,$1.88,14.01,$3.90B,$2.98B,1.31,$1.03B,$0.60B,1.74,$0.21B,$0.19B,90.43%,$0.21B,$0.06B,28.71%,$0.21B,0,0.00%,$0.21B,0,0.00%,$0.21B,$0.06B,28.71%,$0.21B,$0.04B,18.66%,$0.04B,$0.60B,6.67%,$0.04B,$0.58B,6.81%,$0.04B,$4.65B,0.91%,$0.06B,$1.63B,4.43%,$51,$5,$46,$0,$34,$38,$13,$0,$13,$4,$8,$8,$8,$0,$0,$21,21,$0.40,$0.40,$143,$0,$0,$3900,$43,$579,$16,$109,$747,$4647,$2982,$1033,$37,$1070,$4052,$5,$449,$3,$595,$4647,$26,$3,$-122,$-119,$113,$0,$0,$-3,$111,$17,$-3,$0,$-9,$0,$8,$8,$-253,$-258,$288,$-269,$19,$-1,$-1,$-8,$164,$173,$-67,$1,$-8
10,2016-03-31,24.44,$28.30,0.86,$9.67,2.53,$5.67,4.31,$1.88,13.0,$3.53B,$3.06B,1.15,$0.56B,$0.59B,0.95,$0.20B,$0.18B,90.64%,$0.20B,$0.06B,29.06%,$0.20B,0,0.00%,$0.20B,0,0.00%,$0.20B,$0.06B,29.06%,$0.20B,$0.04B,19.21%,$0.04B,$0.59B,6.73%,$0.04B,$0.58B,6.86%,$0.04B,$4.25B,0.94%,$0.06B,$1.15B,4.43%,$69,$5,$64,$0,$38,$42,$27,$0,$27,$9,$18,$18,$18,$0,$0,$21,21,$0.85,$0.84,$198,$0,$0,$3527,$29,$585,$10,$96,$720,$4247,$3057,$559,$40,$599,$3655,$5,$446,$3,$592,$4247,$18,$1,$5,$6,$-4,$0,$0,$5,$2,$26,$-1,$0,$0,$0,$1,$1,$-26,$-25,$-182,$-76,$-258,$0,$0,$-4,$249,$-12,$-12,$0,$-4
11,2015-12-31,24.79,$27.59,0.9,$9.09,2.73,$5.27,4.71,$1.69,14.67,$3.51B,$2.88B,1.22,$0.74B,$0.58B,1.29,$0.19B,$0.17B,90.05%,$0.19B,$0.05B,27.75%,$0.19B,0,0.00%,$0.19B,0,0.00%,$0.19B,$0.05B,27.75%,$0.19B,$0.04B,18.32%,$0.04B,$0.58B,6.10%,$0.04B,$0.57B,6.21%,$0.04B,$4.23B,0.86%,$0.05B,$1.32B,3.94%,$45,$4,$40,$0,$29,$33,$11,$0,$11,$4,$7,$7,$7,$0,$0,$21,21,$0.36,$0.35,$210,$0,$0,$3514,$31,$584,$10,$91,$716,$4230,$2883,$741,$30,$771,$3654,$5,$433,$2,$577,$4230,$35,$6,$5,$11,$1,$0,$-0,$3,$4,$50,$-5,$0,$2,$0,$-78,$-78,$-276,$-358,$-8,$39,$31,$1,$1,$-16,$429,$445,$137,$1,$-16
12,2015-09-30,22.87,$27.57,0.83,$8.91,2.57,$4.04,5.66,$1.58,14.47,$3.37B,$2.68B,1.26,$0.75B,$0.58B,1.31,$0.19B,$0.17B,89.84%,$0.19B,$0.05B,26.74%,$0.19B,0,0.00%,$0.19B,0,0.00%,$0.19B,$0.05B,26.74%,$0.19B,$0.03B,17.65%,$0.03B,$0.58B,5.80%,$0.03B,$0.57B,5.90%,$0.03B,$4.04B,0.84%,$0.05B,$1.33B,3.72%,$44,$5,$39,$0,$30,$35,$9,$0,$9,$3,$6,$6,$6,$0,$0,$21,21,$0.27,$0.27,$91,$0,$0,$3374,$30,$531,$10,$91,$662,$4036,$2677,$753,$31,$784,$3461,$5,$430,$4,$575,$4036,$28,$4,$3,$7,$-3,$0,$-0,$4,$1,$35,$-2,$0,$2,$0,$-21,$-21,$-251,$-273,$4,$-46,$-42,$-0,$-0,$-12,$310,$255,$18,$0,$-12
13,2015-06-30,23.74,$27.48,0.86,$8.71,2.73,$3.54,6.7,$1.56,15.22,$3.40B,$2.51B,1.36,$0.96B,$0.57B,1.67,$0.18B,$0.16B,89.62%,$0.18B,$0.05B,26.78%,$0.18B,0,0.00%,$0.18B,0,0.00%,$0.18B,$0.05B,26.78%,$0.18B,$0.03B,17.49%,$0.03B,$0.57B,5.67%,$0.03B,$0.56B,5.77%,$0.03B,$4.07B,0.83%,$0.05B,$1.53B,3.69%,$45,$5,$41,$0,$28,$33,$12,$0,$12,$4,$8,$8,$8,$0,$0,$21,21,$0.40,$0.40,$93,$0,$0,$3403,$31,$528,$10,$94,$663,$4066,$2509,$958,$26,$984,$3493,$5,$428,$4,$573,$4066,$22,$3,$-24,$-21,$19,$0,$-0,$-1,$18,$19,$-3,$0,$0,$0,$-19,$-19,$-274,$-295,$209,$-126,$83,$-0,$-0,$-8,$221,$296,$20,$0,$-8
14,2015-03-31,22.67,$27.30,0.83,$8.53,2.66,$3.56,6.37,$1.46,15.53,$3.28B,$2.71B,1.21,$0.64B,$0.57B,1.12,$0.18B,$0.16B,89.39%,$0.18B,$0.05B,26.26%,$0.18B,0,0.00%,$0.18B,0,0.00%,$0.18B,$0.05B,26.26%,$0.18B,$0.03B,16.76%,$0.03B,$0.57B,5.36%,$0.03B,$0.56B,5.45%,$0.03B,$3.95B,0.81%,$0.05B,$1.21B,3.75%,$57,$5,$52,$0,$31,$36,$21,$0,$21,$7,$14,$14,$14,$0,$0,$21,21,$0.66,$0.66,$136,$0,$0,$3280,$32,$537,$10,$93,$672,$3952,$2713,$638,$32,$670,$3383,$5,$424,$5,$569,$3952,$14,$2,$0,$2,$-6,$0,$0,$7,$1,$17,$-0,$0,$0,$0,$-26,$-26,$-110,$-137,$-111,$-24,$-135,$0,$0,$-4,$322,$184,$63,$0,$-4
15,2014-12-31,22.49,$26.80,0.84,$8.37,2.69,$3.70,6.07,$1.36,16.53,$3.10B,$2.41B,1.28,$0.75B,$0.56B,1.34,$0.18B,$0.16B,89.14%,$0.18B,$0.05B,25.71%,$0.18B,0,0.00%,$0.18B,0,0.00%,$0.18B,$0.05B,25.71%,$0.18B,$0.03B,16.00%,$0.03B,$0.56B,5.04%,$0.03B,$0.55B,5.13%,$0.03B,$3.75B,0.78%,$0.05B,$1.31B,3.62%,$41,$5,$36,$0,$28,$33,$8,$0,$8,$3,$5,$5,$5,$0,$0,$21,21,$0.25,$0.26,$73,$0,$0,$3095,$33,$510,$10,$99,$652,$3747,$2414,$749,$25,$774,$3188,$5,$415,$4,$559,$3747,$29,$2,$4,$6,$-3,$0,$-0,$-5,$-8,$27,$-8,$0,$0,$0,$4,$4,$-468,$-471,$103,$191,$293,$1,$1,$-15,$67,$346,$-98,$1,$-15
16,2014-09-30,21.39,$26.78,0.8,$8.22,2.6,$3.62,5.91,$1.18,18.12,$2.96B,$2.34B,1.27,$0.70B,$0.56B,1.26,$0.17B,$0.15B,88.89%,$0.17B,$0.04B,23.39%,$0.17B,0,0.00%,$0.17B,0,0.00%,$0.17B,$0.04B,23.39%,$0.17B,$0.02B,14.04%,$0.02B,$0.56B,4.35%,$0.02B,$0.55B,4.43%,$0.02B,$3.63B,0.69%,$0.04B,$1.26B,3.29%,$40,$5,$35,$0,$27,$31,$8,$0,$8,$3,$5,$5,$5,$0,$0,$21,21,$0.25,$0.25,$70,$0,$0,$2960,$32,$528,$10,$94,$665,$3626,$2336,$703,$29,$733,$3068,$5,$414,$5,$557,$3626,$24,$1,$2,$3,$-3,$0,$-0,$3,$0,$27,$-4,$0,$0,$0,$-14,$-14,$-335,$-353,$57,$110,$167,$0,$0,$-11,$69,$225,$-101,$1,$-11
17,2014-06-30,21.25,$26.71,0.8,$8.31,2.56,$3.43,6.2,$1.15,18.47,$2.79B,$2.20B,1.27,$0.68B,$0.56B,1.23,$0.17B,$0.15B,88.44%,$0.17B,$0.04B,23.12%,$0.17B,0,0.00%,$0.17B,0,0.00%,$0.17B,$0.04B,23.12%,$0.17B,$0.02B,13.87%,$0.02B,$0.56B,4.37%,$0.02B,$0.55B,4.46%,$0.02B,$3.47B,0.70%,$0.04B,$1.24B,3.35%,$41,$5,$37,$0,$27,$32,$10,$0,$10,$3,$6,$6,$6,$0,$0,$21,21,$0.30,$0.30,$84,$0,$0,$2793,$32,$540,$10,$89,$672,$3465,$2202,$681,$26,$708,$2910,$5,$412,$5,$555,$3465,$18,$-1,$0,$-0,$-3,$0,$-0,$4,$1,$19,$-2,$0,$0,$0,$-26,$-26,$-151,$-179,$35,$32,$67,$-0,$-0,$-7,$14,$74,$-87,$0,$-7
18,2014-03-31,20.08,$26.50,0.76,$8.48,2.37,$2.69,7.48,$1.15,17.46,$2.90B,$2.31B,1.26,$0.62B,$0.55B,1.13,$0.18B,$0.16B,88.14%,$0.18B,$0.04B,22.03%,$0.18B,0,0.00%,$0.18B,0,0.00%,$0.18B,$0.04B,22.03%,$0.18B,$0.02B,13.56%,$0.02B,$0.55B,4.40%,$0.02B,$0.54B,4.48%,$0.02B,$3.51B,0.71%,$0.04B,$1.17B,3.31%,$53,$5,$48,$0,$29,$35,$19,$0,$19,$7,$12,$12,$12,$0,$0,$21,21,$0.58,$0.57,$343,$0,$0,$2898,$33,$494,$10,$72,$609,$3507,$2306,$623,$27,$650,$2956,$5,$410,$3,$551,$3507,$12,$-1,$-0,$-1,$1,$0,$-0,$8,$10,$21,$-1,$0,$0,$0,$17,$17,$13,$29,$-23,$57,$34,$-0,$-0,$-4,$93,$123,$173,$0,$-4
19,2013-12-31,21.64,$26.09,0.83,$8.65,2.5,$2.54,8.52,$1.23,17.59,$2.74B,$2.16B,1.27,$0.65B,$0.54B,1.19,$0.18B,$0.16B,88.40%,$0.18B,$0.04B,22.65%,$0.18B,0,0.00%,$0.18B,0,0.00%,$0.18B,$0.04B,22.65%,$0.18B,$0.03B,13.81%,$0.03B,$0.54B,4.60%,$0.03B,$0.53B,4.68%,$0.03B,$3.37B,0.75%,$0.04B,$1.19B,3.49%,$37,$5,$32,$0,$29,$34,$3,$0,$3,$2,$1,$1,$1,$0,$0,$21,21,$0.07,$0.06,$171,$0,$0,$2741,$33,$512,$10,$76,$631,$3372,$2156,$646,$26,$673,$2829,$5,$402,$3,$543,$3372,$25,$-1,$2,$0,$8,$0,$0,$-12,$-4,$22,$-5,$0,$0,$0,$-4,$-4,$52,$44,$62,$-85,$-23,$-4,$-4,$-14,$8,$-33,$33,$1,$-14
20,2013-09-30,24.12,$26.23,0.92,$8.93,2.7,$5.63,4.28,$1.49,16.19,$2.68B,$2.13B,1.26,$0.63B,$0.55B,1.15,$0.19B,$0.17B,88.30%,$0.19B,$0.05B,25.53%,$0.19B,0,0.00%,$0.19B,0,0.00%,$0.19B,$0.05B,25.53%,$0.19B,$0.03B,16.49%,$0.03B,$0.55B,5.71%,$0.03B,$0.54B,5.82%,$0.03B,$3.33B,0.92%,$0.05B,$1.17B,4.15%,$42,$5,$36,$0,$28,$34,$8,$0,$8,$3,$5,$5,$5,$0,$0,$21,21,$0.22,$0.22,$142,$0,$0,$2681,$33,$562,$10,$46,$651,$3332,$2126,$628,$32,$660,$2786,$5,$404,$4,$546,$3332,$24,$-2,$1,$-1,$2,$0,$0,$-3,$-1,$22,$-3,$0,$0,$0,$-52,$-52,$115,$60,$44,$-145,$-100,$-4,$-4,$-10,$37,$-77,$4,$1,$-10
21,2013-06-30,19.07,$26.18,0.73,$10.23,1.86,$9.54,2.0,$2.25,8.47,$2.72B,$2.10B,1.29,$0.63B,$0.54B,1.16,$0.22B,$0.19B,89.77%,$0.22B,$0.07B,33.49%,$0.22B,0,0.00%,$0.22B,0,0.00%,$0.22B,$0.07B,33.49%,$0.22B,$0.05B,21.86%,$0.05B,$0.54B,8.62%,$0.05B,$0.53B,8.78%,$0.05B,$3.32B,1.39%,$0.07B,$1.18B,6.25%,$45,$5,$40,$0,$31,$36,$9,$0,$9,$3,$6,$6,$6,$0,$0,$21,21,$0.30,$0.30,$98,$0,$0,$2717,$33,$504,$10,$53,$600,$3317,$2100,$633,$40,$673,$2773,$5,$403,$4,$544,$3317,$19,$-2,$-1,$-3,$-13,$0,$0,$-1,$-14,$2,$-1,$0,$0,$0,$6,$6,$48,$54,$49,$-122,$-73,$-4,$-4,$-7,$-12,$-96,$-40,$0,$-7
22,2013-03-31,19.54,$26.12,0.75,$10.35,1.89,$15.55,1.26,$2.41,8.11,$2.80B,$2.19B,1.28,$0.61B,$0.54B,1.13,$0.22B,$0.20B,89.45%,$0.22B,$0.08B,35.32%,$0.22B,0,0.00%,$0.22B,0,0.00%,$0.22B,$0.08B,35.32%,$0.22B,$0.05B,23.39%,$0.05B,$0.54B,9.37%,$0.05B,$0.53B,9.54%,$0.05B,$3.40B,1.51%,$0.08B,$1.16B,6.77%,$57,$5,$52,$0,$31,$36,$21,$0,$21,$8,$13,$13,$13,$0,$0,$21,21,$0.64,$0.64,$207,$0,$0,$2803,$34,$502,$10,$52,$598,$3401,$2192,$614,$53,$667,$2859,$5,$401,$5,$543,$3401,$13,$0,$-2,$-1,$-10,$0,$0,$16,$6,$18,$-2,$0,$0,$0,$11,$11,$62,$71,$30,$-131,$-101,$-4,$-4,$-3,$89,$-19,$70,$0,$-3
23,2012-12-31,18.1,$25.60,0.71,$16.49,1.1,$20.33,0.89,$5.69,3.18,$2.78B,$2.23B,1.24,$0.58B,$0.54B,1.09,$0.35B,$0.32B,93.08%,$0.35B,$0.18B,53.03%,$0.35B,0,0.00%,$0.35B,0,0.00%,$0.35B,$0.18B,53.03%,$0.35B,$0.12B,34.58%,$0.12B,$0.54B,22.14%,$0.12B,$0.53B,22.56%,$0.12B,$3.39B,3.57%,$0.18B,$1.12B,16.80%,$44,$5,$38,$0,$28,$33,$10,$0,$10,$4,$7,$7,$7,$0,$0,$21,21,$0.32,$0.33,$138,$0,$0,$2775,$33,$513,$10,$64,$620,$3394,$2234,$584,$40,$624,$2858,$5,$393,$6,$537,$3394,$119,$6,$-38,$-32,$-6,$0,$-0,$5,$-1,$86,$-4,$0,$0,$0,$247,$247,$752,$995,$-395,$21,$-374,$-2,$-2,$-36,$-895,$-1307,$-225,$1,$-36
24,2012-09-30,17.69,$26.63,0.66,$16.32,1.08,$22.12,0.8,$5.66,3.13,$2.72B,$2.23B,1.22,$0.60B,$0.56B,1.07,$0.34B,$0.32B,92.71%,$0.34B,$0.18B,53.06%,$0.34B,0,0.00%,$0.34B,0,0.00%,$0.34B,$0.18B,53.06%,$0.34B,$0.12B,34.69%,$0.12B,$0.56B,22.85%,$0.12B,$0.55B,23.30%,$0.12B,$3.44B,3.53%,$0.18B,$1.15B,15.53%,$69,$6,$63,$0,$32,$37,$32,$0,$32,$11,$21,$21,$21,$0,$0,$21,21,$0.99,$0.98,$96,$0,$0,$2718,$33,$610,$10,$65,$718,$3436,$2225,$595,$58,$653,$2878,$5,$414,$6,$558,$3436,$113,$7,$-39,$-32,$1,$0,$-0,$22,$23,$103,$-2,$0,$0,$0,$151,$151,$758,$907,$-384,$-60,$-445,$-0,$-0,$-10,$-822,$-1277,$-267,$1,$-10
25,2012-06-30,17.81,$25.75,0.69,$15.18,1.17,$23.62,0.75,$5.06,3.52,$2.55B,$2.10B,1.21,$0.58B,$0.54B,1.07,$0.32B,$0.29B,91.85%,$0.32B,$0.16B,50.47%,$0.32B,0,0.00%,$0.32B,0,0.00%,$0.32B,$0.16B,50.47%,$0.32B,$0.11B,33.23%,$0.11B,$0.54B,21.44%,$0.11B,$0.53B,21.88%,$0.11B,$3.28B,3.23%,$0.16B,$1.12B,14.14%,$48,$6,$42,$0,$28,$33,$14,$0,$14,$5,$10,$10,$10,$0,$0,$21,21,$0.46,$0.46,$124,$0,$0,$2546,$33,$636,$10,$53,$732,$3279,$2100,$580,$60,$639,$2739,$5,$397,$5,$540,$3279,$92,$5,$1,$6,$1,$0,$-0,$30,$30,$128,$-1,$0,$0,$0,$110,$110,$738,$847,$-396,$-36,$-432,$0,$0,$-6,$-776,$-1214,$-239,$1,$-6
26,2012-03-31,19.0,$25.45,0.75,$15.27,1.24,$24.11,0.79,$5.01,3.79,$2.56B,$2.28B,1.13,$0.46B,$0.53B,0.85,$0.32B,$0.29B,91.28%,$0.32B,$0.16B,50.16%,$0.32B,0,0.00%,$0.32B,0,0.00%,$0.32B,$0.16B,50.16%,$0.32B,$0.11B,32.71%,$0.11B,$0.53B,22.29%,$0.11B,$0.52B,22.78%,$0.11B,$3.35B,3.24%,$0.16B,$0.99B,14.50%,$186,$6,$180,$0,$52,$59,$128,$0,$128,$45,$82,$82,$82,$0,$0,$21,21,$3.94,$3.92,$187,$0,$0,$2562,$34,$659,$10,$80,$783,$3345,$2275,$455,$82,$537,$2811,$5,$391,$5,$533,$3345,$82,$3,$-16,$-13,$-1,$0,$-0,$50,$49,$118,$-1,$0,$0,$0,$88,$88,$780,$866,$-521,$-5,$-526,$0,$0,$-3,$-633,$-1161,$-176,$0,$-3
27,2011-12-31,18.08,$21.59,0.84,$14.99,1.21,$26.05,0.69,$4.49,4.03,$2.63B,$1.96B,1.34,$0.98B,$0.45B,2.16,$0.32B,$0.28B,90.16%,$0.32B,$0.14B,45.40%,$0.32B,0,0.00%,$0.32B,0,0.00%,$0.32B,$0.14B,45.40%,$0.32B,$0.09B,29.84%,$0.09B,$0.45B,20.99%,$0.09B,$0.44B,21.47%,$0.09B,$3.42B,2.89%,$0.14B,$1.43B,12.74%,$40,$7,$33,$0,$25,$32,$8,$0,$8,$2,$6,$6,$6,$0,$0,$21,21,$0.30,$0.31,$363,$0,$0,$2629,$35,$700,$10,$47,$791,$3420,$1964,$976,$28,$1003,$2968,$5,$312,$4,$452,$3420,$94,$4,$14,$19,$11,$0,$-1,$1,$11,$124,$-4,$0,$-15,$0,$-121,$-121,$-139,$-279,$370,$-88,$281,$-0,$-0,$-12,$-537,$-268,$-423,$0,$-12
28,2011-09-30,13.88,$21.62,0.64,$15.08,0.92,$24.39,0.57,$4.40,3.16,$2.28B,$2.03B,1.12,$0.57B,$0.45B,1.25,$0.32B,$0.28B,89.59%,$0.32B,$0.14B,44.48%,$0.32B,0,0.00%,$0.32B,0,0.00%,$0.32B,$0.14B,44.48%,$0.32B,$0.09B,29.02%,$0.09B,$0.45B,21.52%,$0.09B,$0.44B,22.04%,$0.09B,$3.10B,2.78%,$0.14B,$1.02B,13.96%,$45,$7,$38,$0,$26,$34,$11,$0,$11,$3,$8,$8,$8,$0,$0,$21,21,$0.38,$0.37,$76,$0,$0,$2276,$34,$728,$10,$46,$819,$3095,$2030,$566,$46,$612,$2642,$5,$309,$8,$453,$3095,$88,$2,$13,$16,$10,$0,$-1,$21,$30,$134,$-2,$0,$-15,$0,$-146,$-146,$-73,$-236,$-40,$-91,$-131,$0,$0,$-9,$-468,$-609,$-711,$0,$-9
29,2011-06-30,15.47,$21.29,0.73,$14.99,1.03,$22.66,0.68,$4.37,3.54,$2.35B,$2.01B,1.17,$0.56B,$0.45B,1.26,$0.32B,$0.28B,88.89%,$0.32B,$0.14B,44.76%,$0.32B,0,0.00%,$0.32B,0,0.00%,$0.32B,$0.14B,44.76%,$0.32B,$0.09B,28.89%,$0.09B,$0.45B,22.36%,$0.09B,$0.44B,22.92%,$0.09B,$3.11B,2.77%,$0.14B,$1.01B,14.11%,$50,$8,$42,$0,$28,$36,$14,$0,$14,$5,$9,$9,$9,$0,$0,$21,21,$0.41,$0.41,$130,$0,$0,$2348,$36,$660,$10,$50,$756,$3105,$2009,$561,$89,$650,$2659,$5,$305,$6,$446,$3105,$80,$4,$16,$20,$8,$0,$-0,$32,$39,$139,$-2,$0,$0,$0,$-89,$-89,$-76,$-167,$-45,$-100,$-145,$-0,$-0,$-6,$-478,$-629,$-656,$0,$-6
30,2011-03-31,15.02,$21.04,0.71,$14.96,1.0,$20.94,0.72,$4.36,3.45,$2.62B,$2.28B,1.15,$0.60B,$0.44B,1.35,$0.31B,$0.28B,88.54%,$0.31B,$0.14B,44.59%,$0.31B,0,0.00%,$0.31B,0,0.00%,$0.31B,$0.14B,44.59%,$0.31B,$0.09B,28.66%,$0.09B,$0.44B,23.26%,$0.09B,$0.43B,23.87%,$0.09B,$3.40B,2.73%,$0.14B,$1.04B,14.13%,$180,$9,$171,$0,$61,$70,$110,$0,$110,$39,$71,$71,$71,$0,$0,$21,21,$3.41,$3.40,$472,$0,$0,$2623,$37,$672,$10,$54,$772,$3396,$2284,$596,$75,$671,$2955,$5,$299,$6,$440,$3396,$71,$3,$19,$21,$14,$0,$-0,$52,$66,$158,$-1,$0,$0,$0,$-103,$-103,$-18,$-122,$-10,$-60,$-70,$0,$0,$-3,$-278,$-351,$-314,$0,$-3
31,2010-12-31,18.17,$17.74,1.02,$13.44,1.35,$17.84,1.02,$3.10,5.86,$2.95B,$2.62B,1.13,$0.61B,$0.37B,1.63,$0.28B,$0.24B,86.83%,$0.28B,$0.10B,35.23%,$0.28B,0,0.00%,$0.28B,0,0.00%,$0.28B,$0.10B,35.23%,$0.28B,$0.06B,22.78%,$0.06B,$0.37B,17.47%,$0.06B,$0.36B,17.96%,$0.06B,$3.62B,1.97%,$0.10B,$0.98B,10.23%,$42,$9,$33,$0,$27,$36,$6,$0,$6,$2,$4,$4,$4,$0,$0,$21,21,$0.21,$0.20,$786,$0,$0,$2954,$38,$569,$10,$52,$669,$3623,$2622,$606,$23,$629,$3251,$5,$231,$6,$371,$3623,$65,$11,$22,$32,$-9,$0,$-1,$2,$-8,$89,$-4,$0,$0,$0,$-69,$-69,$65,$-8,$-73,$20,$-53,$1,$1,$-11,$-300,$-363,$-282,$1,$-11
32,2010-09-30,16.07,$17.71,0.91,$13.64,1.18,$17.05,0.94,$3.07,5.23,$2.31B,$2.02B,1.14,$0.61B,$0.37B,1.64,$0.29B,$0.25B,86.67%,$0.29B,$0.10B,34.39%,$0.29B,0,0.00%,$0.29B,0,0.00%,$0.29B,$0.10B,34.39%,$0.29B,$0.06B,22.46%,$0.06B,$0.37B,18.16%,$0.06B,$0.36B,18.69%,$0.06B,$3.04B,1.93%,$0.10B,$0.98B,10.08%,$43,$9,$34,$0,$23,$32,$11,$0,$11,$4,$7,$7,$7,$0,$0,$21,21,$0.35,$0.35,$171,$0,$0,$2310,$38,$627,$10,$51,$726,$3036,$2024,$607,$35,$641,$2665,$5,$230,$7,$371,$3036,$60,$9,$20,$28,$-0,$0,$-1,$11,$11,$99,$-3,$0,$0,$0,$-127,$-127,$92,$-38,$-72,$-13,$-85,$1,$1,$-9,$-865,$-958,$-897,$1,$-9
33,2010-06-30,16.91,$17.54,0.96,$13.79,1.23,$15.76,1.07,$2.99,5.66,$2.45B,$2.13B,1.15,$0.61B,$0.37B,1.66,$0.29B,$0.25B,86.46%,$0.29B,$0.10B,32.99%,$0.29B,0,0.00%,$0.29B,0,0.00%,$0.29B,$0.10B,32.99%,$0.29B,$0.06B,21.88%,$0.06B,$0.37B,18.61%,$0.06B,$0.36B,19.18%,$0.06B,$3.14B,1.90%,$0.10B,$0.97B,9.58%,$49,$9,$40,$0,$28,$36,$13,$0,$13,$4,$8,$8,$8,$0,$0,$21,21,$0.40,$0.40,$268,$0,$0,$2449,$38,$594,$10,$50,$691,$3140,$2128,$607,$40,$647,$2775,$5,$226,$7,$366,$3140,$53,$6,$21,$27,$2,$0,$-1,$21,$22,$103,$-1,$0,$0,$0,$-96,$-96,$46,$-51,$-72,$2,$-70,$0,$0,$-5,$-777,$-851,$-800,$0,$-5
34,2010-03-31,14.14,$17.16,0.82,$13.86,1.02,$13.48,1.05,$2.92,4.84,$2.58B,$2.17B,1.19,$0.59B,$0.36B,1.64,$0.29B,$0.25B,85.81%,$0.29B,$0.09B,32.18%,$0.29B,0,0.00%,$0.29B,0,0.00%,$0.29B,$0.09B,32.18%,$0.29B,$0.06B,21.45%,$0.06B,$0.36B,19.11%,$0.06B,$0.35B,19.73%,$0.06B,$3.18B,1.87%,$0.09B,$0.94B,9.29%,$147,$10,$137,$0,$68,$78,$69,$0,$69,$24,$45,$45,$45,$0,$0,$21,21,$2.14,$2.14,$322,$0,$0,$2576,$38,$487,$10,$70,$605,$3181,$2174,$587,$63,$650,$2824,$5,$221,$5,$357,$3181,$45,$4,$17,$22,$0,$-0,$-0,$27,$26,$93,$-1,$0,$0,$0,$6,$6,$-21,$-16,$-92,$-24,$-117,$0,$0,$-3,$-703,$-823,$-746,$0,$-3
35,2009-12-31,15.35,$15.19,1.01,$12.95,1.19,$12.76,1.2,$2.02,7.6,$3.32B,$2.90B,1.14,$0.68B,$0.32B,2.15,$0.27B,$0.22B,82.22%,$0.27B,$0.07B,24.44%,$0.27B,0,0.00%,$0.27B,0,0.00%,$0.27B,$0.07B,24.44%,$0.27B,$0.04B,15.93%,$0.04B,$0.32B,13.82%,$0.04B,$0.31B,14.30%,$0.04B,$3.92B,1.28%,$0.07B,$1.00B,6.53%,$46,$10,$36,$0,$31,$41,$5,$0,$5,$1,$4,$4,$4,$0,$0,$21,21,$0.18,$0.18,$1068,$0,$0,$3319,$39,$493,$10,$57,$600,$3919,$2902,$679,$22,$701,$3603,$5,$179,$6,$316,$3919,$42,$11,$41,$52,$9,$1,$-4,$-27,$-22,$72,$-4,$0,$0,$0,$441,$441,$11,$447,$122,$-39,$83,$1,$1,$-10,$-141,$-67,$452,$1,$-10
36,2009-09-30,14.77,$15.14,0.98,$12.95,1.14,$11.92,1.24,$1.87,7.9,$2.42B,$1.96B,1.24,$0.74B,$0.32B,2.35,$0.27B,$0.22B,79.63%,$0.27B,$0.06B,22.96%,$0.27B,0,0.00%,$0.27B,0,0.00%,$0.27B,$0.06B,22.96%,$0.27B,$0.04B,14.81%,$0.04B,$0.32B,13.28%,$0.04B,$0.31B,13.76%,$0.04B,$3.04B,1.19%,$0.06B,$1.06B,6.39%,$46,$11,$36,$0,$27,$38,$8,$0,$8,$3,$6,$6,$6,$0,$0,$21,21,$0.27,$0.27,$139,$0,$0,$2421,$40,$525,$10,$42,$617,$3037,$1959,$741,$22,$763,$2722,$5,$178,$6,$315,$3037,$38,$9,$39,$47,$5,$0,$-4,$-16,$-14,$71,$-3,$0,$0,$0,$410,$410,$-10,$397,$184,$-58,$126,$1,$1,$-8,$-1065,$-945,$-477,$1,$-8
37,2009-06-30,16.62,$14.92,1.11,$13.00,1.28,$10.89,1.53,$1.82,9.13,$2.47B,$2.05B,1.2,$0.70B,$0.31B,2.27,$0.27B,$0.21B,77.49%,$0.27B,$0.06B,22.51%,$0.27B,0,0.00%,$0.27B,0,0.00%,$0.27B,$0.06B,22.51%,$0.27B,$0.04B,14.39%,$0.04B,$0.31B,13.37%,$0.04B,$0.30B,13.87%,$0.04B,$3.10B,1.16%,$0.06B,$1.01B,6.56%,$50,$12,$39,$0,$28,$40,$11,$0,$11,$4,$7,$7,$7,$0,$0,$21,21,$0.33,$0.33,$165,$0,$0,$2466,$40,$546,$10,$43,$639,$3104,$2054,$701,$40,$741,$2795,$5,$176,$4,$310,$3104,$33,$6,$33,$40,$-19,$0,$-4,$6,$-17,$56,$-2,$0,$0,$0,$386,$386,$-2,$382,$144,$-40,$105,$0,$0,$-5,$-989,$-889,$-451,$0,$-5
38,2009-03-31,13.66,$14.65,0.93,$13.15,1.04,$10.39,1.31,$1.80,7.59,$2.75B,$2.29B,1.2,$0.68B,$0.30B,2.23,$0.27B,$0.21B,75.91%,$0.27B,$0.06B,21.90%,$0.27B,0,0.00%,$0.27B,0,0.00%,$0.27B,$0.06B,21.90%,$0.27B,$0.04B,13.87%,$0.04B,$0.30B,13.48%,$0.04B,$0.29B,13.98%,$0.04B,$3.34B,1.14%,$0.06B,$0.98B,6.37%,$128,$17,$111,$0,$69,$86,$42,$0,$42,$16,$26,$26,$26,$0,$0,$21,21,$1.25,$1.24,$442,$0,$0,$2750,$41,$479,$10,$57,$587,$3338,$2294,$676,$64,$740,$3034,$5,$170,$4,$304,$3338,$26,$3,$30,$33,$2,$-0,$-3,$21,$20,$78,$-1,$0,$0,$0,$453,$453,$-34,$418,$120,$-14,$106,$1,$1,$-2,$-775,$-670,$-174,$0,$-2
39,2008-12-31,19.77,$13.38,1.48,$11.95,1.66,$9.37,2.11,$1.52,13.01,$2.92B,$3.08B,0.95,$0.56B,$0.28B,2.02,$0.25B,$0.18B,70.97%,$0.25B,$0.05B,20.97%,$0.25B,0,0.00%,$0.25B,0,0.00%,$0.25B,$0.05B,20.97%,$0.25B,$0.03B,13.71%,$0.03B,$0.28B,12.53%,$0.03B,$0.27B,13.03%,$0.03B,$3.94B,1.03%,$0.05B,$0.83B,5.60%,$46,$17,$29,$0,$28,$45,$1,$0,$1,$0,$1,$1,$1,$0,$0,$21,21,$0.02,$0.03,$616,$0,$0,$2917,$43,$930,$10,$40,$1023,$3939,$3082,$556,$25,$581,$3663,$5,$147,$1,$276,$3939,$34,$8,$33,$40,$-113,$107,$-1,$-8,$-15,$59,$-8,$0,$0,$0,$-338,$-338,$74,$-272,$37,$-59,$-23,$1,$1,$-9,$775,$744,$530,$2,$-9
40,2008-09-30,21.92,$13.45,1.63,$12.58,1.74,$8.39,2.61,$1.80,12.18,$2.38B,$2.12B,1.12,$0.62B,$0.28B,2.23,$0.26B,$0.18B,68.97%,$0.26B,$0.06B,23.37%,$0.26B,0,0.00%,$0.26B,0,0.00%,$0.26B,$0.06B,23.37%,$0.26B,$0.04B,14.94%,$0.04B,$0.28B,14.74%,$0.04B,$0.27B,15.34%,$0.04B,$3.05B,1.26%,$0.06B,$0.90B,6.68%,$47,$16,$31,$0,$24,$40,$7,$0,$7,$2,$5,$5,$5,$0,$0,$21,21,$0.22,$0.21,$73,$0,$0,$2384,$42,$571,$10,$38,$661,$3045,$2123,$619,$26,$644,$2768,$5,$149,$1,$277,$3045,$33,$6,$-1075,$-1069,$996,$107,$-3,$-9,$1090,$53,$-6,$0,$0,$0,$26,$26,$64,$84,$99,$-76,$23,$1,$1,$-7,$-168,$-151,$-13,$1,$-7
41,2008-06-30,17.71,$13.18,1.34,$13.07,1.36,$7.21,2.46,$1.79,9.9,$2.43B,$1.96B,1.24,$0.79B,$0.27B,2.92,$0.27B,$0.18B,65.68%,$0.27B,$0.06B,22.51%,$0.27B,0,0.00%,$0.27B,0,0.00%,$0.27B,$0.06B,22.51%,$0.27B,$0.04B,14.02%,$0.04B,$0.27B,14.83%,$0.04B,$0.26B,15.45%,$0.04B,$3.05B,1.21%,$0.06B,$1.06B,6.40%,$53,$16,$37,$0,$27,$44,$10,$0,$10,$3,$6,$6,$6,$0,$0,$21,21,$0.31,$0.31,$89,$0,$0,$2431,$40,$535,$10,$37,$622,$3053,$1960,$791,$31,$823,$2782,$5,$147,$-3,$271,$3053,$29,$4,$-1081,$-1077,$991,$106,$-3,$0,$1094,$46,$-3,$0,$0,$0,$61,$61,$38,$97,$271,$-68,$204,$1,$1,$-4,$-340,$-140,$2,$1,$-4
42,2008-03-31,13.53,$12.77,1.06,$13.21,1.02,$5.47,2.47,$1.76,7.69,$2.46B,$2.14B,1.15,$0.67B,$0.26B,2.55,$0.28B,$0.17B,62.55%,$0.28B,$0.06B,21.82%,$0.28B,0,0.00%,$0.28B,0,0.00%,$0.28B,$0.06B,21.82%,$0.28B,$0.04B,13.82%,$0.04B,$0.26B,15.26%,$0.04B,$0.25B,15.92%,$0.04B,$3.12B,1.21%,$0.06B,$0.93B,6.46%,$102,$23,$79,$0,$44,$67,$34,$0,$34,$12,$22,$22,$22,$0,$0,$20,21,$1.09,$1.07,$105,$0,$0,$2461,$39,$575,$10,$39,$663,$3124,$2135,$665,$64,$729,$2863,$5,$139,$-4,$261,$3124,$22,$2,$-1088,$-1086,$991,$104,$-2,$26,$1119,$56,$-1,$0,$0,$0,$23,$23,$28,$50,$145,$-69,$76,$0,$0,$-2,$-163,$-89,$17,$0,$-2
43,2007-12-31,11.77,$12.26,0.96,$11.32,1.04,$3.45,3.42,$1.19,9.89,$2.48B,$2.37B,1.05,$0.52B,$0.25B,2.09,$0.24B,$0.13B,55.46%,$0.24B,$0.04B,16.39%,$0.24B,0,0.00%,$0.24B,0,0.00%,$0.24B,$0.04B,16.39%,$0.24B,$0.02B,10.08%,$0.02B,$0.25B,9.81%,$0.02B,$0.24B,10.22%,$0.02B,$3.17B,0.77%,$0.04B,$0.77B,4.30%,$59,$26,$33,$0,$23,$49,$10,$0,$10,$3,$6,$6,$6,$0,$0,$20,21,$0.32,$0.31,$86,$0,$0,$2475,$40,$605,$10,$36,$691,$3165,$2367,$520,$30,$549,$2916,$5,$125,$0,$249,$3165,$25,$2,$7,$9,$-31,$34,$1,$2,$5,$39,$-9,$0,$0,$0,$-12,$-12,$-102,$-122,$-168,$-4,$-172,$-8,$-8,$-8,$276,$88,$5,$2,$-8
44,2007-09-30,11.21,$12.03,0.93,$11.05,1.01,$2.88,3.89,$1.17,9.62,$2.46B,$2.09B,1.18,$0.81B,$0.24B,3.32,$0.23B,$0.13B,54.51%,$0.23B,$0.04B,16.31%,$0.23B,0,0.00%,$0.23B,0,0.00%,$0.23B,$0.04B,16.31%,$0.23B,$0.02B,10.30%,$0.02B,$0.24B,9.93%,$0.02B,$0.23B,10.36%,$0.02B,$3.17B,0.78%,$0.04B,$1.06B,4.02%,$57,$27,$29,$0,$23,$50,$7,$0,$7,$2,$4,$4,$4,$0,$0,$20,21,$0.21,$0.21,$74,$0,$0,$2461,$39,$624,$10,$38,$710,$3171,$2088,$811,$28,$839,$2927,$5,$120,$-0,$244,$3171,$19,$1,$-344,$-343,$317,$34,$-1,$3,$353,$28,$-6,$0,$0,$0,$-32,$-32,$-99,$-138,$123,$-49,$74,$-8,$-8,$-6,$42,$102,$-8,$2,$-6
45,2007-06-30,11.66,$11.86,0.98,$10.69,1.09,$2.89,4.04,$1.25,9.32,$2.41B,$2.11B,1.14,$0.73B,$0.24B,2.99,$0.23B,$0.13B,55.31%,$0.23B,$0.04B,18.14%,$0.23B,0,0.00%,$0.23B,0,0.00%,$0.23B,$0.04B,18.14%,$0.23B,$0.03B,11.95%,$0.03B,$0.24B,11.30%,$0.03B,$0.23B,11.66%,$0.03B,$3.11B,0.90%,$0.04B,$0.97B,4.40%,$57,$26,$31,$0,$22,$48,$9,$0,$9,$3,$6,$6,$6,$0,$0,$21,21,$0.29,$0.28,$73,$0,$0,$2414,$37,$608,$10,$37,$692,$3106,$2110,$726,$28,$754,$2864,$5,$125,$-2,$242,$3106,$14,$1,$-346,$-345,$308,$34,$-1,$-1,$340,$10,$-3,$0,$0,$0,$-21,$-21,$-39,$-63,$38,$32,$71,$-5,$-5,$-4,$-17,$44,$-9,$1,$-4
46,2007-03-31,15.8,$11.86,1.33,$10.31,1.53,$3.38,4.68,$1.26,12.57,$2.39B,$2.15B,1.11,$0.59B,$0.24B,2.41,$0.22B,$0.12B,55.96%,$0.22B,$0.04B,18.81%,$0.22B,0,0.00%,$0.22B,0,0.00%,$0.22B,$0.04B,18.81%,$0.22B,$0.03B,12.39%,$0.03B,$0.24B,11.49%,$0.03B,$0.23B,11.74%,$0.03B,$3.02B,0.92%,$0.04B,$0.83B,4.55%,$65,$25,$39,$0,$27,$52,$13,$0,$13,$4,$8,$8,$8,$0,$0,$21,21,$0.40,$0.40,$79,$0,$0,$2390,$36,$548,$10,$38,$632,$3022,$2150,$590,$37,$627,$2777,$5,$121,$-1,$244,$3022,$8,$1,$-347,$-346,$310,$32,$-2,$11,$352,$14,$-1,$0,$0,$0,$39,$39,$-11,$27,$-98,$43,$-55,$0,$0,$-2,$12,$-44,$-3,$1,$-2
47,2006-12-31,17.45,$11.53,1.51,$9.89,1.76,$3.44,5.08,$1.33,13.09,$2.38B,$2.10B,1.13,$0.69B,$0.24B,2.9,$0.21B,$0.12B,57.21%,$0.21B,$0.04B,20.67%,$0.21B,0,0.00%,$0.21B,0,0.00%,$0.21B,$0.04B,20.67%,$0.21B,$0.03B,13.94%,$0.03B,$0.24B,12.64%,$0.03B,$0.23B,12.78%,$0.03B,$3.05B,1.01%,$0.04B,$0.93B,4.87%,$54,$26,$28,$0,$20,$45,$9,$0,$9,$3,$6,$6,$6,$0,$0,$21,21,$0.28,$0.29,$82,$0,$0,$2375,$37,$585,$10,$40,$672,$3047,$2095,$688,$27,$715,$2809,$5,$138,$-1,$237,$3047,$28,$4,$2,$6,$-23,$22,$1,$-11,$-10,$24,$-6,$0,$-14,$0,$-34,$-34,$-190,$-244,$85,$110,$195,$-0,$-0,$-7,$36,$224,$4,$2,$-7
