,Date,Stock Price,Book Value per Share,Price to Book Ratio,TTM Sales per Share,Price to Sales Ratio,TTM FCF per Share,Price to FCF Ratio,TTM Net EPS,PE Ratio,Current Assets,Current Liabilities,Current Ratio,Long Term Debt,Shareholder's Equity_x,Debt to Equity Ratio,TTM Revenue_x,TTM Gross Profit,Gross Margin,TTM Revenue_y,TTM Operating Income,Operating Margin,TTM Revenue_x,TTM EBIT,EBIT Margin,TTM Revenue_y,TTM EBITDA,EBITDA Margin,TTM Revenue_x,TTM Pre-Tax Income,Pre-Tax Margin,TTM Revenue_y,TTM Net Income_x,Net Margin,TTM Net Income_y,Shareholder's Equity_y,Return on Equity,TTM Net Income_x,Tangible Equity,Return on Tangible Equity,TTM Net Income_y,Total Assets,Return on Assets,TTM Net Income,LT Investments & Debt,Return on Investment,revenue,cost-goods-sold,gross-profit,research-development-expenses,selling-general-administrative-expenses,operating-expenses,operating-income,total-non-operating-income-expense,pre-tax-income,total-provision-income-taxes,income-after-taxes,income-from-continuous-operations,net-income,ebitda,ebit,basic-shares-outstanding,shares-outstanding,eps-basic-net-earnings-per-share,eps-earnings-per-share-diluted,cash-on-hand,inventory,other-current-assets,total-current-assets,net-property-plant-equipment,long-term-investments,goodwill-intangible-assets-total,other-long-term-assets,total-long-term-assets,total-assets,total-current-liabilities,long-term-debt,other-non-current-liabilities,total-long-term-liabilities,total-liabilities,common-stock-net,retained-earnings-accumulated-deficit,comprehensive-income,total-share-holder-equity,total-liabilities-share-holders-equity,net-income-loss,total-depreciation-amortization-cash-flow,other-non-cash-items,total-non-cash-items,change-in-accounts-receivable,change-in-inventories,change-in-accounts-payable,change-in-assets-liabilities,total-change-in-assets-liabilities,cash-flow-from-operating-activities,net-change-in-property-plant-equipment,net-change-in-intangible-assets,net-acquisitions-divestitures,net-change-in-short-term-investments,net-change-in-long-term-investments,net-change-in-investments-total,investing-activities-other,cash-flow-from-investing-activities,net-long-term-debt,net-current-debt,debt-issuance-retirement-net-total,net-common-equity-issued-repurchased,net-total-equity-issued-repurchased,total-common-preferred-stock-dividends-paid,financial-activities-other,cash-flow-from-financial-activities,net-cash-flow,stock-based-compensation,common-stock-dividends-paid
0,2018-09-30,8.98,$12.58,0.71,$1.54,5.83,$3.45,2.6,$0.04,224.5,$0.03B,$0.00B,33.12,$0.00B,$0.04B,0.0,$0.00B,$-0.00B,-25.00%,$0.00B,$-0.01B,-125.00%,$0.00B,$-0.01B,-125.00%,$0.00B,$-0.01B,-125.00%,$0.00B,$-0.01B,-125.00%,$0.00B,$-0.01B,-125.00%,$-0.01B,$0.04B,-14.81%,$-0.01B,$0.04B,-14.81%,$-0.01B,$0.04B,-14.29%,$-0.01B,$0.04B,-14.81%,$1,$1,$0,$0,$1,$0,$1,$0,$1,$0,$1,$1,$1,$1,$1,$3,3,$0.26,$0.26,$25,$3,$4,$33,$3,$0,$0,$0,$3,$35,$1,$0,$0,$0,$1,$0,$-329,$-0,$35,$35,$1,$0,$-2,$-2,$-0,$1,$-0,$0,$-0,$-1,$8,$0,$0,$0,$-8,$-8,$0,$-0,$0,$0,$0,$0,$0,$0,$-0,$-0,$-1,$0,$0
1,2018-06-30,7.89,$12.31,0.64,$1.68,4.7,$1.18,6.68,$-0.37,0.0,$0.03B,$0.00B,31.86,$0.00B,$0.03B,0.0,$0.00B,$-0.00B,-25.00%,$0.00B,$-0.01B,-175.00%,$0.00B,$-0.01B,-175.00%,$0.00B,$-0.01B,-175.00%,$0.00B,$-0.01B,-175.00%,$0.00B,$-0.01B,-175.00%,$-0.01B,$0.03B,-20.14%,$-0.01B,$0.03B,-20.14%,$-0.01B,$0.04B,-19.18%,$-0.01B,$0.03B,-20.14%,$1,$1,$-0,$0,$1,$1,$0,$0,$0,$0,$0,$0,$0,$0,$0,$3,3,$0.05,$0.05,$20,$3,$11,$34,$0,$0,$0,$0,$0,$35,$1,$0,$0,$0,$1,$0,$-330,$-0,$34,$35,$0,$0,$-1,$-1,$0,$0,$-0,$-1,$-1,$-2,$3,$0,$0,$0,$-7,$-7,$0,$-4,$0,$0,$0,$0,$0,$0,$-0,$-0,$-6,$0,$0
2,2018-03-31,6.95,$12.21,0.57,$1.79,3.89,$0.73,9.54,$-2.58,0.0,$0.03B,$0.00B,27.05,$0.00B,$0.03B,0.0,$0.00B,$-0.00B,-100.00%,$0.00B,$-0.01B,-325.00%,$0.00B,$-0.01B,-325.00%,$0.00B,$-0.01B,-300.00%,$0.00B,$-0.01B,-325.00%,$0.00B,$-0.01B,-325.00%,$-0.01B,$0.03B,-35.86%,$-0.01B,$0.03B,-35.86%,$-0.01B,$0.04B,-33.99%,$-0.01B,$0.03B,-35.86%,$1,$1,$0,$0,$1,$1,$-0,$0,$-0,$0,$-0,$-0,$-0,$0,$-0,$3,3,$-0.01,$-0.01,$19,$3,$11,$34,$1,$0,$0,$0,$1,$35,$1,$0,$0,$0,$1,$0,$-330,$-0,$33,$35,$-0,$0,$-0,$-0,$0,$0,$-0,$-0,$-0,$-1,$1,$0,$0,$0,$-2,$-2,$0,$-1,$0,$0,$0,$0,$0,$0,$-0,$-0,$-2,$0,$0
3,2017-12-31,7.98,$12.20,0.65,$1.88,4.24,$0.75,10.6,$-4.47,0.0,$0.03B,$0.00B,19.96,$0.00B,$0.03B,0.0,$0.00B,$-0.01B,-150.00%,$0.00B,$-0.02B,-450.00%,$0.00B,$-0.02B,-450.00%,$0.00B,$-0.02B,-400.00%,$0.00B,$-0.02B,-450.00%,$0.00B,$-0.02B,-450.00%,$-0.02B,$0.03B,-45.57%,$-0.02B,$0.03B,-45.57%,$-0.02B,$0.04B,-43.37%,$-0.02B,$0.03B,-45.57%,$1,$2,$-1,$0,$1,$7,$-6,$0,$-6,$0,$-6,$-6,$-6,$-6,$-6,$3,3,$-2.13,$-2.13,$18,$3,$12,$34,$1,$0,$0,$0,$1,$35,$2,$0,$0,$0,$2,$0,$-330,$-0,$33,$35,$-18,$1,$7,$8,$2,$6,$-0,$1,$8,$-2,$3,$0,$0,$0,$-6,$-6,$0,$-4,$0,$0,$0,$0,$0,$0,$-0,$-0,$-6,$1,$0
4,2017-09-30,8.26,$14.42,0.57,$3.16,2.61,$-3.48,0.0,$-12.97,0.0,$0.04B,$0.00B,18.33,$0.00B,$0.04B,0.0,$0.01B,$-0.01B,-125.00%,$0.01B,$-0.03B,-425.00%,$0.01B,$-0.03B,-425.00%,$0.01B,$-0.03B,-375.00%,$0.01B,$-0.03B,-425.00%,$0.01B,$-0.04B,-437.50%,$-0.04B,$0.04B,-80.00%,$-0.04B,$0.04B,-80.00%,$-0.04B,$0.04B,-76.09%,$-0.03B,$0.04B,-77.71%,$1,$2,$-0,$0,$1,$2,$-1,$0,$-1,$0,$-1,$-1,$-1,$-1,$-1,$3,3,$-0.41,$-0.41,$18,$4,$17,$40,$1,$0,$0,$0,$1,$41,$2,$0,$0,$0,$2,$0,$-324,$-0,$39,$41,$-12,$1,$3,$4,$2,$4,$-0,$1,$7,$-2,$2,$0,$0,$0,$0,$0,$0,$2,$0,$0,$0,$0,$0,$0,$-0,$-0,$0,$1,$0
5,2017-06-30,9.26,$14.80,0.63,$5.36,1.73,$-8.18,0.0,$-21.96,0.0,$0.04B,$0.00B,19.73,$0.00B,$0.04B,0.0,$0.01B,$-0.02B,-157.14%,$0.01B,$-0.06B,-414.29%,$0.01B,$-0.06B,-414.29%,$0.01B,$-0.05B,-371.43%,$0.01B,$-0.06B,-414.29%,$0.01B,$-0.06B,-421.43%,$-0.06B,$0.04B,-112.92%,$-0.06B,$0.04B,-112.92%,$-0.06B,$0.04B,-106.79%,$-0.06B,$0.04B,-111.00%,$1,$4,$-3,$0,$1,$7,$-6,$0,$-6,$0,$-6,$-6,$-6,$-5,$-6,$3,3,$-2.16,$-2.16,$18,$5,$17,$41,$1,$0,$0,$0,$1,$42,$2,$0,$0,$0,$2,$0,$-323,$-0,$40,$42,$-11,$1,$2,$3,$2,$4,$-0,$1,$6,$-2,$2,$0,$0,$0,$0,$0,$0,$2,$0,$0,$0,$0,$0,$0,$-0,$-0,$0,$1,$0
6,2017-03-31,8.33,$17.01,0.49,$6.30,1.32,$-12.63,0.0,$-22.90,0.0,$0.05B,$0.00B,17.51,$0.00B,$0.05B,0.0,$0.02B,$-0.02B,-135.29%,$0.02B,$-0.06B,-352.94%,$0.02B,$-0.06B,-352.94%,$0.02B,$-0.05B,-317.65%,$0.02B,$-0.06B,-352.94%,$0.02B,$-0.06B,-358.82%,$-0.06B,$0.05B,-91.73%,$-0.06B,$0.05B,-91.73%,$-0.06B,$0.05B,-86.22%,$-0.06B,$0.05B,-90.23%,$1,$3,$-2,$1,$2,$6,$-5,$0,$-5,$0,$-5,$-5,$-5,$-4,$-5,$3,3,$-1.90,$-1.90,$19,$7,$18,$46,$2,$0,$0,$0,$3,$48,$3,$0,$0,$0,$3,$0,$-317,$-0,$46,$48,$-5,$1,$1,$2,$2,$1,$-0,$-0,$2,$-1,$2,$0,$0,$0,$0,$0,$0,$2,$0,$0,$0,$0,$0,$0,$-0,$-0,$1,$0,$0
7,2016-12-31,6.0,$18.80,0.32,$7.46,0.8,$-14.79,0.0,$-23.80,0.0,$0.05B,$0.00B,17.84,$0.00B,$0.05B,0.0,$0.02B,$-0.03B,-130.00%,$0.02B,$-0.06B,-315.00%,$0.02B,$-0.06B,-315.00%,$0.02B,$-0.06B,-285.00%,$0.02B,$-0.06B,-310.00%,$0.02B,$-0.06B,-315.00%,$-0.06B,$0.05B,-77.54%,$-0.06B,$0.05B,-77.54%,$-0.06B,$0.05B,-72.83%,$-0.06B,$0.05B,-77.54%,$5,$10,$-5,$1,$2,$26,$-22,$-1,$-22,$0,$-23,$-23,$-23,$-20,$-22,$3,3,$-8.54,$-8.54,$18,$8,$16,$46,$7,$0,$0,$0,$7,$53,$3,$0,$0,$0,$3,$0,$-312,$-0,$50,$53,$-63,$6,$26,$32,$-1,$18,$-2,$1,$16,$-15,$5,$0,$0,$0,$9,$9,$0,$14,$0,$-2,$-2,$0,$0,$0,$-0,$-2,$-4,$1,$0
8,2016-09-30,6.3,$27.11,0.23,$6.60,0.95,$-17.50,0.0,$-20.20,0.0,$0.04B,$0.01B,7.21,$0.00B,$0.07B,0.0,$0.02B,$-0.03B,-176.47%,$0.02B,$-0.05B,-311.76%,$0.02B,$-0.05B,-311.76%,$0.02B,$-0.05B,-282.35%,$0.02B,$-0.05B,-305.88%,$0.02B,$-0.05B,-311.76%,$-0.05B,$0.07B,-54.78%,$-0.05B,$0.07B,-54.78%,$-0.05B,$0.08B,-51.46%,$-0.05B,$0.07B,-54.78%,$7,$19,$-12,$1,$2,$32,$-25,$-0,$-25,$-0,$-25,$-25,$-25,$-23,$-25,$3,3,$-9.40,$-9.40,$17,$11,$6,$36,$41,$0,$0,$1,$42,$78,$5,$0,$0,$0,$5,$0,$-290,$-0,$73,$78,$-40,$5,$11,$16,$-0,$12,$-1,$2,$13,$-11,$-0,$0,$0,$0,$9,$9,$0,$8,$0,$-2,$-2,$0,$0,$0,$-0,$-2,$-5,$1,$0
9,2016-06-30,6.8,$36.22,0.19,$5.96,1.14,$-17.85,0.0,$-29.20,0.0,$0.05B,$0.01B,8.04,$0.00B,$0.10B,0.0,$0.02B,$-0.02B,-146.67%,$0.02B,$-0.08B,-500.00%,$0.02B,$-0.08B,-500.00%,$0.02B,$-0.07B,-460.00%,$0.02B,$-0.08B,-506.67%,$0.02B,$-0.08B,-506.67%,$-0.08B,$0.10B,-69.41%,$-0.08B,$0.10B,-69.41%,$-0.08B,$0.10B,-65.66%,$-0.08B,$0.10B,-68.49%,$4,$8,$-4,$1,$3,$12,$-8,$-0,$-8,$-0,$-8,$-8,$-8,$-7,$-8,$3,3,$-3.12,$-3.12,$18,$21,$7,$50,$53,$0,$0,$1,$54,$104,$6,$0,$0,$0,$6,$0,$-265,$-0,$97,$104,$-16,$3,$1,$4,$-1,$1,$0,$1,$0,$-11,$-0,$0,$0,$0,$8,$8,$0,$7,$0,$0,$0,$0,$0,$0,$-0,$-0,$-4,$1,$0
10,2016-03-31,7.3,$39.30,0.19,$7.34,1.0,$-17.10,0.0,$-29.40,0.0,$0.05B,$0.01B,9.07,$0.00B,$0.11B,0.0,$0.02B,$-0.02B,-127.78%,$0.02B,$-0.08B,-416.67%,$0.02B,$-0.08B,-416.67%,$0.02B,$-0.07B,-372.22%,$0.02B,$-0.08B,-427.78%,$0.02B,$-0.08B,-427.78%,$-0.08B,$0.11B,-60.04%,$-0.08B,$0.11B,-60.04%,$-0.08B,$0.11B,-57.46%,$-0.08B,$0.11B,-58.48%,$4,$10,$-5,$1,$2,$12,$-8,$1,$-7,$-0,$-7,$-7,$-7,$-7,$-8,$3,3,$-2.80,$-2.80,$25,$21,$6,$54,$56,$0,$0,$1,$58,$111,$6,$0,$0,$0,$6,$0,$-257,$-0,$105,$111,$-7,$2,$0,$2,$-0,$2,$0,$1,$1,$-4,$-1,$0,$0,$0,$6,$6,$0,$5,$0,$0,$0,$0,$0,$0,$-0,$-0,$0,$0,$0
11,2015-12-31,11.4,$42.69,0.27,$9.11,1.25,$-16.84,0.0,$-29.80,0.0,$0.06B,$0.01B,8.99,$0.00B,$0.11B,0.0,$0.02B,$-0.02B,-100.00%,$0.02B,$-0.08B,-326.09%,$0.02B,$-0.08B,-326.09%,$0.02B,$-0.07B,-282.61%,$0.02B,$-0.08B,-339.13%,$0.02B,$-0.08B,-339.13%,$-0.08B,$0.11B,-52.97%,$-0.08B,$0.11B,-52.97%,$-0.08B,$0.12B,-51.06%,$-0.08B,$0.11B,-50.93%,$2,$11,$-9,$1,$3,$15,$-12,$0,$-12,$1,$-13,$-13,$-13,$-11,$-12,$3,3,$-4.90,$-4.90,$30,$21,$6,$60,$58,$0,$0,$1,$59,$119,$7,$0,$0,$1,$7,$0,$-249,$-0,$112,$119,$-78,$11,$41,$52,$7,$2,$-0,$0,$9,$-17,$-1,$0,$0,$0,$12,$12,$0,$11,$0,$2,$2,$0,$0,$0,$0,$2,$-3,$1,$0
12,2015-09-30,10.3,$47.47,0.22,$11.62,0.89,$-20.18,0.0,$-28.50,0.0,$0.07B,$0.01B,15.01,$0.00B,$0.12B,0.0,$0.03B,$-0.02B,-63.33%,$0.03B,$-0.07B,-240.00%,$0.03B,$-0.07B,-240.00%,$0.03B,$-0.06B,-196.67%,$0.03B,$-0.08B,-250.00%,$0.03B,$-0.07B,-246.67%,$-0.07B,$0.12B,-44.44%,$-0.07B,$0.12B,-44.44%,$-0.07B,$0.13B,-43.09%,$-0.07B,$0.12B,-43.24%,$5,$9,$-4,$1,$3,$53,$-47,$-1,$-49,$-1,$-48,$-48,$-48,$-44,$-47,$3,3,$-18.40,$-18.40,$34,$23,$7,$68,$59,$0,$0,$1,$61,$129,$5,$0,$0,$0,$5,$0,$-237,$-0,$124,$129,$-65,$10,$40,$50,$5,$-1,$-1,$0,$3,$-12,$-1,$0,$0,$0,$8,$8,$0,$7,$0,$0,$0,$0,$0,$0,$0,$0,$-3,$1,$0
13,2015-06-30,24.3,$65.75,0.37,$12.66,1.92,$-22.06,0.0,$-15.40,0.0,$0.07B,$0.00B,16.94,$0.00B,$0.17B,0.0,$0.03B,$-0.02B,-72.73%,$0.03B,$-0.04B,-118.18%,$0.03B,$-0.04B,-118.18%,$0.03B,$-0.03B,-78.79%,$0.03B,$-0.04B,-121.21%,$0.03B,$-0.04B,-121.21%,$-0.04B,$0.17B,-21.62%,$-0.04B,$0.17B,-21.62%,$-0.04B,$0.18B,-21.00%,$-0.04B,$0.17B,-21.08%,$7,$12,$-5,$1,$3,$15,$-8,$-0,$-9,$0,$-9,$-9,$-9,$-5,$-8,$3,3,$-3.30,$-3.30,$36,$22,$7,$74,$101,$0,$0,$2,$103,$177,$4,$0,$0,$1,$5,$0,$-189,$-0,$172,$177,$-17,$7,$1,$7,$0,$1,$-1,$0,$0,$-9,$-0,$0,$0,$0,$7,$7,$0,$7,$0,$0,$0,$0,$0,$0,$-0,$-0,$-2,$1,$0
14,2015-03-31,39.4,$68.91,0.57,$15.57,2.53,$-22.95,0.0,$-16.00,0.0,$0.08B,$0.00B,17.72,$0.00B,$0.18B,0.0,$0.04B,$-0.03B,-65.00%,$0.04B,$-0.04B,-102.50%,$0.04B,$-0.04B,-102.50%,$0.04B,$-0.03B,-70.00%,$0.04B,$-0.04B,-102.50%,$0.04B,$-0.04B,-102.50%,$-0.04B,$0.18B,-21.05%,$-0.04B,$0.18B,-21.05%,$-0.04B,$0.19B,-20.45%,$-0.04B,$0.18B,-21.05%,$9,$14,$-5,$0,$2,$17,$-8,$-0,$-8,$0,$-8,$-8,$-8,$-5,$-8,$3,3,$-3.20,$-3.20,$41,$22,$8,$79,$105,$0,$0,$2,$106,$186,$4,$0,$0,$1,$5,$0,$-180,$-0,$181,$186,$-8,$3,$0,$4,$1,$1,$-1,$0,$1,$-4,$-0,$0,$0,$0,$5,$5,$0,$4,$0,$0,$0,$0,$0,$0,$-0,$-0,$1,$0,$0
15,2014-12-31,45.7,$72.14,0.63,$17.79,2.57,$-23.85,0.0,$-17.10,0.0,$0.09B,$0.01B,14.85,$0.00B,$0.19B,0.0,$0.05B,$-0.03B,-62.22%,$0.05B,$-0.04B,-97.78%,$0.05B,$-0.04B,-97.78%,$0.05B,$-0.03B,-66.67%,$0.05B,$-0.04B,-97.78%,$0.05B,$-0.04B,-97.78%,$-0.04B,$0.19B,-21.52%,$-0.04B,$0.19B,-21.52%,$-0.04B,$0.20B,-20.83%,$-0.04B,$0.19B,-21.52%,$9,$14,$-5,$0,$3,$18,$-9,$-0,$-9,$0,$-9,$-9,$-9,$-5,$-9,$3,3,$-3.50,$-3.50,$45,$23,$8,$85,$108,$0,$0,$2,$110,$195,$6,$0,$0,$1,$6,$0,$-172,$-0,$189,$195,$-44,$14,$2,$16,$-5,$16,$-1,$-1,$9,$-19,$-7,$0,$0,$0,$-6,$-6,$0,$-13,$0,$0,$0,$35,$35,$0,$-0,$35,$3,$1,$0
16,2014-09-30,42.5,$75.64,0.56,$19.45,2.18,$-17.38,0.0,$-20.20,0.0,$0.09B,$0.01B,15.23,$0.00B,$0.20B,0.0,$0.05B,$-0.03B,-60.42%,$0.05B,$-0.04B,-91.67%,$0.05B,$-0.04B,-91.67%,$0.05B,$-0.03B,-64.58%,$0.05B,$-0.04B,-91.67%,$0.05B,$-0.05B,-104.17%,$-0.05B,$0.20B,-24.24%,$-0.05B,$0.20B,-24.24%,$-0.05B,$0.20B,-23.45%,$-0.04B,$0.20B,-21.33%,$8,$17,$-9,$0,$3,$22,$-14,$-0,$-14,$-0,$-14,$-14,$-14,$-11,$-14,$3,3,$-5.30,$-5.30,$53,$23,$9,$92,$110,$0,$0,$2,$112,$204,$6,$0,$0,$0,$6,$0,$-162,$0,$198,$204,$-35,$10,$1,$12,$-2,$15,$-0,$-0,$11,$-11,$-6,$0,$0,$0,$-13,$-13,$0,$-19,$0,$0,$0,$35,$35,$0,$-0,$35,$4,$1,$0
17,2014-06-30,87.5,$80.55,1.09,$21.30,4.11,$-13.77,0.0,$-17.50,0.0,$0.10B,$0.01B,16.47,$0.00B,$0.21B,0.0,$0.05B,$-0.03B,-50.98%,$0.05B,$-0.04B,-78.43%,$0.05B,$-0.04B,-78.43%,$0.05B,$-0.03B,-50.98%,$0.05B,$-0.04B,-78.43%,$0.05B,$-0.04B,-82.35%,$-0.04B,$0.21B,-20.05%,$-0.04B,$0.21B,-20.05%,$-0.04B,$0.22B,-19.40%,$-0.04B,$0.21B,-19.09%,$14,$22,$-7,$0,$3,$25,$-10,$0,$-10,$0,$-10,$-10,$-10,$-7,$-10,$3,3,$-3.90,$-3.90,$58,$23,$11,$103,$113,$0,$0,$2,$115,$217,$6,$0,$0,$0,$6,$0,$-148,$-0,$211,$217,$-21,$7,$1,$8,$-5,$12,$-0,$-1,$6,$-7,$-5,$0,$0,$0,$-20,$-20,$0,$-24,$0,$0,$0,$35,$35,$0,$-0,$35,$4,$1,$0
18,2014-03-31,112.9,$84.19,1.34,$20.35,5.55,$-10.50,0.0,$-16.20,0.0,$0.11B,$0.01B,13.5,$0.00B,$0.22B,0.0,$0.05B,$-0.03B,-52.08%,$0.05B,$-0.04B,-83.33%,$0.05B,$-0.04B,-83.33%,$0.05B,$-0.03B,-54.17%,$0.05B,$-0.04B,-83.33%,$0.05B,$-0.04B,-79.17%,$-0.04B,$0.22B,-18.03%,$-0.04B,$0.22B,-18.03%,$-0.04B,$0.23B,-17.41%,$-0.04B,$0.22B,-18.98%,$14,$22,$-7,$1,$3,$25,$-11,$0,$-11,$0,$-11,$-11,$-11,$-7,$-11,$3,3,$-4.30,$-4.30,$63,$29,$13,$114,$114,$0,$0,$1,$115,$229,$8,$0,$0,$0,$9,$0,$-138,$-1,$220,$229,$-11,$4,$0,$4,$-5,$6,$1,$0,$2,$-4,$-2,$0,$0,$0,$-22,$-22,$0,$-24,$0,$0,$0,$35,$35,$0,$0,$35,$7,$0,$0
19,2013-12-31,99.5,$86.41,1.15,$18.40,5.41,$-11.15,0.0,$-13.40,0.0,$0.09B,$0.01B,13.02,$0.00B,$0.20B,0.0,$0.04B,$-0.02B,-50.00%,$0.04B,$-0.04B,-83.33%,$0.04B,$-0.04B,-83.33%,$0.04B,$-0.02B,-52.38%,$0.04B,$-0.04B,-83.33%,$0.04B,$-0.03B,-71.43%,$-0.03B,$0.20B,-14.20%,$-0.03B,$0.20B,-14.20%,$-0.03B,$0.20B,-13.67%,$-0.04B,$0.20B,-16.57%,$12,$17,$-6,$1,$2,$21,$-9,$-0,$-9,$6,$-15,$-15,$-15,$-6,$-9,$2,2,$-6.80,$-6.80,$35,$34,$13,$86,$115,$0,$0,$1,$116,$203,$7,$0,$0,$0,$7,$0,$-128,$-0,$196,$203,$-30,$13,$-3,$10,$9,$16,$-4,$2,$21,$0,$-9,$0,$0,$0,$9,$9,$0,$1,$0,$0,$0,$0,$0,$0,$-0,$0,$1,$2,$0
20,2013-09-30,121.1,$93.12,1.3,$22.20,5.45,$-13.62,0.0,$-7.20,0.0,$0.10B,$0.01B,15.33,$0.00B,$0.21B,0.0,$0.05B,$-0.01B,-28.00%,$0.05B,$-0.03B,-56.00%,$0.05B,$-0.03B,-56.00%,$0.05B,$-0.02B,-30.00%,$0.05B,$-0.03B,-56.00%,$0.05B,$-0.02B,-32.00%,$-0.02B,$0.21B,-7.32%,$-0.02B,$0.21B,-7.32%,$-0.02B,$0.22B,-6.93%,$-0.03B,$0.21B,-12.81%,$11,$17,$-6,$1,$3,$21,$-10,$-0,$-10,$-4,$-6,$-6,$-6,$-6,$-10,$2,2,$-2.60,$-2.60,$37,$39,$12,$98,$117,$0,$0,$1,$119,$217,$6,$0,$0,$0,$6,$0,$-112,$-0,$211,$217,$-15,$9,$-10,$-0,$8,$11,$-4,$2,$15,$0,$-7,$0,$0,$0,$8,$8,$0,$1,$0,$0,$0,$0,$0,$0,$0,$0,$2,$1,$0
21,2013-06-30,79.7,$95.81,0.83,$25.93,3.07,$-16.36,0.0,$-4.50,0.0,$0.11B,$0.00B,23.99,$0.00B,$0.22B,0.0,$0.06B,$-0.01B,-10.17%,$0.06B,$-0.02B,-32.20%,$0.06B,$-0.02B,-32.20%,$0.06B,$-0.01B,-11.86%,$0.06B,$-0.02B,-32.20%,$0.06B,$-0.01B,-16.95%,$-0.01B,$0.22B,-4.50%,$-0.01B,$0.22B,-4.50%,$-0.01B,$0.22B,-4.20%,$-0.02B,$0.22B,-8.55%,$11,$17,$-6,$0,$3,$21,$-10,$-0,$-10,$-4,$-6,$-6,$-6,$-7,$-10,$2,2,$-2.60,$-2.60,$41,$44,$13,$107,$116,$0,$0,$1,$117,$224,$4,$0,$0,$3,$7,$0,$-107,$-0,$216,$224,$-9,$6,$-6,$0,$10,$6,$-6,$2,$10,$0,$-3,$0,$0,$0,$6,$6,$0,$2,$0,$0,$0,$0,$0,$0,$0,$0,$3,$1,$0
22,2013-03-31,66.0,$98.24,0.67,$28.81,2.29,$-16.56,0.0,$-2.50,0.0,$0.12B,$0.01B,23.83,$0.00B,$0.22B,0.0,$0.07B,0,0.00%,$0.07B,$-0.01B,-18.46%,$0.07B,$-0.01B,-18.46%,$0.07B,0,0.00%,$0.07B,$-0.01B,-18.46%,$0.07B,$-0.01B,-7.69%,$-0.01B,$0.22B,-2.23%,$-0.01B,$0.22B,-2.23%,$-0.01B,$0.23B,-2.05%,$-0.01B,$0.22B,-5.35%,$8,$12,$-3,$0,$3,$15,$-6,$-0,$-6,$-3,$-3,$-3,$-3,$-3,$-6,$2,2,$-1.50,$-1.50,$36,$50,$15,$116,$117,$0,$0,$1,$118,$234,$5,$0,$0,$7,$12,$0,$-101,$-0,$222,$234,$-3,$3,$-3,$0,$3,$-1,$-7,$1,$-4,$-7,$-0,$0,$0,$0,$9,$9,$0,$9,$0,$0,$0,$0,$0,$0,$0,$0,$2,$0,$0
23,2012-12-31,61.1,$99.94,0.61,$29.66,2.06,$-13.24,0.0,$-2.50,0.0,$0.13B,$0.01B,10.23,$0.00B,$0.23B,0.0,$0.07B,0,0.00%,$0.07B,$-0.01B,-19.40%,$0.07B,$-0.01B,-19.40%,$0.07B,$-0.00B,-1.49%,$0.07B,$-0.01B,-17.91%,$0.07B,$-0.01B,-7.46%,$-0.01B,$0.23B,-2.22%,$-0.01B,$0.23B,-2.22%,$-0.01B,$0.25B,-2.03%,$-0.01B,$0.23B,-5.77%,$20,$19,$1,$1,$2,$22,$-2,$0,$-2,$-1,$-1,$-1,$-1,$1,$-2,$2,2,$-0.50,$-0.50,$44,$47,$16,$127,$120,$0,$0,$2,$121,$248,$12,$0,$0,$10,$23,$0,$-97,$0,$225,$248,$-6,$12,$-5,$8,$20,$-22,$-4,$2,$-5,$-3,$-11,$0,$0,$0,$29,$29,$0,$18,$0,$0,$0,$0,$0,$0,$0,$0,$15,$2,$0
24,2012-09-30,95.8,$100.28,0.96,$28.94,3.31,$-17.16,0.0,$-1.60,0.0,$0.12B,$0.01B,11.3,$0.00B,$0.23B,0.0,$0.07B,$0.00B,1.52%,$0.07B,$-0.01B,-18.18%,$0.07B,$-0.01B,-18.18%,$0.07B,0,0.00%,$0.07B,$-0.01B,-16.67%,$0.07B,$-0.00B,-4.55%,$-0.00B,$0.23B,-1.33%,$-0.00B,$0.23B,-1.33%,$-0.00B,$0.25B,-1.20%,$-0.01B,$0.23B,-5.31%,$20,$17,$2,$1,$3,$21,$-1,$0,$-1,$-1,$0,$0,$0,$2,$-1,$2,2,$0.10,$0.10,$44,$46,$16,$124,$121,$0,$0,$2,$123,$246,$11,$0,$0,$10,$20,$0,$-96,$1,$226,$246,$-4,$9,$-4,$5,$20,$-21,$-5,$2,$-5,$-4,$-9,$0,$0,$0,$17,$17,$0,$8,$0,$0,$0,$0,$0,$0,$0,$0,$3,$1,$0
25,2012-06-30,102.0,$99.66,1.02,$34.66,2.94,$-15.50,0.0,$1.80,56.67,$0.12B,$0.01B,11.17,$0.00B,$0.23B,0.0,$0.08B,$0.02B,18.75%,$0.08B,$0.00B,1.25%,$0.08B,$0.00B,1.25%,$0.08B,$0.01B,15.00%,$0.08B,$0.00B,2.50%,$0.08B,$0.01B,6.25%,$0.01B,$0.23B,2.20%,$0.01B,$0.23B,2.20%,$0.01B,$0.25B,1.98%,$0.00B,$0.23B,0.44%,$17,$17,$0,$1,$3,$20,$-3,$-0,$-3,$-2,$-1,$-1,$-1,$-0,$-3,$2,2,$-0.60,$-0.60,$52,$39,$16,$121,$121,$2,$0,$2,$125,$246,$11,$0,$0,$10,$21,$0,$-96,$-0,$225,$246,$-5,$6,$-4,$2,$23,$-14,$-6,$2,$6,$3,$-6,$0,$0,$0,$21,$21,$0,$14,$0,$0,$0,$0,$0,$0,$0,$0,$17,$1,$0
26,2012-03-31,104.3,$100.03,1.04,$45.09,2.31,$-18.52,0.0,$6.50,16.05,$0.12B,$0.01B,13.71,$0.00B,$0.23B,0.0,$0.11B,$0.04B,39.62%,$0.11B,$0.03B,25.47%,$0.11B,$0.03B,25.47%,$0.11B,$0.04B,35.85%,$0.11B,$0.03B,26.42%,$0.11B,$0.02B,15.09%,$0.02B,$0.23B,6.97%,$0.02B,$0.23B,6.97%,$0.02B,$0.25B,6.32%,$0.03B,$0.23B,11.76%,$10,$14,$-3,$0,$3,$17,$-7,$0,$-6,$-3,$-3,$-3,$-3,$-4,$-7,$2,2,$-1.50,$-1.50,$55,$33,$16,$121,$123,$2,$0,$1,$126,$247,$9,$0,$0,$12,$21,$0,$-95,$-0,$225,$247,$-3,$3,$-2,$1,$20,$-9,$-7,$5,$8,$5,$-5,$0,$0,$0,$10,$10,$0,$6,$0,$0,$0,$0,$0,$0,$0,$0,$10,$0,$0
27,2011-12-31,93.9,$101.37,0.93,$56.42,1.66,$-16.51,0.0,$16.00,5.87,$0.14B,$0.02B,8.17,$0.00B,$0.23B,0.0,$0.13B,$0.07B,51.49%,$0.13B,$0.05B,40.30%,$0.13B,$0.05B,40.30%,$0.13B,$0.06B,47.76%,$0.13B,$0.05B,40.30%,$0.13B,$0.04B,28.36%,$0.04B,$0.23B,16.78%,$0.04B,$0.23B,16.78%,$0.04B,$0.26B,15.31%,$0.05B,$0.23B,23.84%,$19,$17,$2,$1,$2,$20,$-1,$-0,$-1,$-2,$1,$1,$1,$2,$-1,$2,2,$0.50,$0.50,$55,$23,$18,$136,$121,$2,$0,$1,$124,$260,$17,$0,$0,$15,$32,$0,$-92,$-0,$228,$260,$38,$10,$15,$24,$-14,$-22,$4,$-4,$-38,$25,$-48,$0,$0,$0,$16,$16,$0,$-33,$0,$0,$0,$-6,$-6,$0,$2,$-4,$-12,$2,$0
28,2011-09-30,109.3,$102.33,1.07,$61.17,1.79,$-17.57,0.0,$22.00,4.97,$0.14B,$0.01B,10.87,$0.00B,$0.23B,0.0,$0.15B,$0.09B,59.31%,$0.15B,$0.07B,48.28%,$0.15B,$0.07B,48.28%,$0.15B,$0.08B,54.48%,$0.15B,$0.07B,48.28%,$0.15B,$0.05B,35.86%,$0.05B,$0.23B,23.91%,$0.05B,$0.23B,23.91%,$0.05B,$0.26B,22.13%,$0.07B,$0.23B,32.18%,$34,$18,$16,$0,$4,$22,$12,$-0,$12,$4,$8,$8,$8,$14,$12,$2,2,$3.60,$3.50,$73,$17,$13,$138,$116,$2,$0,$0,$118,$256,$13,$0,$0,$12,$25,$0,$-93,$-0,$231,$256,$37,$7,$13,$20,$-11,$-6,$-2,$-6,$-26,$31,$-41,$0,$0,$0,$12,$12,$0,$-28,$0,$0,$0,$-5,$-5,$0,$4,$-0,$2,$3,$0
29,2011-06-30,168.6,$101.69,1.66,$55.36,3.05,$-23.41,0.0,$22.00,7.66,$0.14B,$0.02B,9.38,$0.00B,$0.23B,0.0,$0.13B,$0.08B,61.36%,$0.13B,$0.07B,50.00%,$0.13B,$0.07B,50.00%,$0.13B,$0.08B,56.82%,$0.13B,$0.07B,50.00%,$0.13B,$0.05B,39.39%,$0.05B,$0.23B,25.52%,$0.05B,$0.23B,25.52%,$0.05B,$0.25B,23.96%,$0.07B,$0.23B,32.39%,$43,$16,$27,$0,$3,$20,$23,$0,$23,$13,$10,$10,$10,$26,$23,$2,2,$4.30,$4.10,$84,$13,$11,$143,$104,$2,$0,$0,$107,$249,$15,$0,$0,$0,$15,$0,$-101,$-0,$234,$249,$29,$4,$-12,$-8,$-13,$-1,$-1,$-2,$-6,$15,$-25,$0,$0,$0,$3,$3,$0,$-22,$0,$0,$0,$1,$1,$0,$11,$11,$4,$2,$0
30,2011-03-31,276.8,$92.37,3.0,$44.58,6.21,$-25.06,0.0,$19.70,14.05,$0.13B,$0.02B,9.08,$0.00B,$0.21B,0.0,$0.11B,$0.06B,58.10%,$0.11B,$0.05B,44.76%,$0.11B,$0.05B,44.76%,$0.11B,$0.05B,51.43%,$0.11B,$0.05B,44.76%,$0.11B,$0.05B,43.81%,$0.05B,$0.21B,24.60%,$0.05B,$0.21B,24.60%,$0.05B,$0.23B,23.23%,$0.05B,$0.21B,25.13%,$38,$14,$24,$0,$3,$18,$20,$0,$20,$1,$19,$19,$19,$22,$20,$2,2,$8.30,$8.00,$89,$11,$9,$134,$92,$2,$0,$0,$94,$228,$15,$0,$0,$0,$15,$0,$-111,$-0,$213,$228,$19,$2,$1,$3,$-4,$-0,$-3,$-2,$-6,$16,$-11,$0,$0,$0,$1,$1,$0,$-10,$0,$0,$0,$1,$1,$0,$-0,$1,$7,$1,$0
31,2010-12-31,210.8,$83.66,2.52,$34.10,6.18,$-28.67,0.0,$12.40,17.0,$0.12B,$0.02B,8.27,$0.00B,$0.19B,0.0,$0.08B,$0.04B,51.90%,$0.08B,$0.03B,36.71%,$0.08B,$0.03B,36.71%,$0.08B,$0.04B,44.30%,$0.08B,$0.03B,36.71%,$0.08B,$0.03B,36.71%,$0.03B,$0.19B,18.27%,$0.03B,$0.19B,18.27%,$0.03B,$0.21B,17.37%,$0.03B,$0.19B,18.27%,$30,$11,$19,$0,$3,$14,$15,$0,$15,$-0,$15,$15,$15,$17,$15,$2,2,$7.10,$6.80,$83,$11,$8,$121,$83,$2,$0,$1,$86,$207,$15,$0,$0,$0,$15,$0,$-130,$-0,$192,$207,$29,$6,$2,$9,$-14,$-10,$7,$-0,$-14,$24,$-49,$0,$0,$0,$-25,$-25,$0,$-75,$0,$0,$0,$63,$63,$0,$-1,$63,$12,$2,$0
32,2010-09-30,226.9,$76.65,2.96,$25.37,8.94,$-21.99,0.0,$5.60,40.52,$0.11B,$0.01B,13.61,$0.00B,$0.18B,0.0,$0.06B,$0.02B,39.66%,$0.06B,$0.01B,22.41%,$0.06B,$0.01B,22.41%,$0.06B,$0.02B,31.03%,$0.06B,$0.01B,22.41%,$0.06B,$0.01B,22.41%,$0.01B,$0.18B,9.63%,$0.01B,$0.18B,9.63%,$0.01B,$0.18B,9.25%,$0.01B,$0.18B,9.63%,$21,$9,$11,$0,$3,$12,$8,$0,$8,$-0,$8,$8,$8,$10,$8,$2,2,$3.60,$3.50,$84,$8,$6,$112,$70,$2,$0,$0,$72,$184,$8,$0,$0,$0,$8,$0,$-145,$0,$176,$184,$14,$4,$2,$6,$-8,$-2,$3,$-4,$-9,$11,$-35,$0,$0,$0,$-30,$-30,$0,$-65,$0,$0,$0,$63,$63,$0,$-1,$63,$8,$2,$0
33,2010-06-30,297.9,$69.02,4.32,$19.68,15.14,$-15.76,0.0,$1.10,270.82,$0.12B,$0.01B,17.37,$0.00B,$0.17B,0.0,$0.04B,$0.01B,27.91%,$0.04B,$0.00B,6.98%,$0.04B,$0.00B,6.98%,$0.04B,$0.01B,16.28%,$0.04B,$0.00B,6.98%,$0.04B,$0.00B,6.98%,$0.00B,$0.17B,2.60%,$0.00B,$0.17B,2.60%,$0.00B,$0.17B,2.52%,$0.00B,$0.17B,2.60%,$16,$9,$7,$0,$3,$12,$4,$0,$4,$0,$4,$4,$4,$5,$4,$2,2,$1.90,$1.80,$94,$7,$3,$115,$56,$2,$0,$0,$58,$173,$7,$0,$0,$0,$7,$0,$-153,$-0,$167,$173,$5,$3,$1,$4,$-4,$-0,$1,$-2,$-3,$6,$-20,$0,$0,$0,$-32,$-32,$0,$-52,$0,$0,$0,$63,$63,$0,$-0,$63,$17,$1,$0
34,2010-03-31,202.0,$46.29,4.36,$14.08,14.35,$-10.69,0.0,$-2.20,0.0,$0.06B,$0.00B,14.77,$0.00B,$0.10B,0.0,$0.03B,$0.00B,10.00%,$0.03B,$-0.00B,-13.33%,$0.03B,$-0.00B,-13.33%,$0.03B,0,0.00%,$0.03B,$-0.00B,-13.33%,$0.03B,$-0.00B,-13.33%,$-0.00B,$0.10B,-4.06%,$-0.00B,$0.10B,-4.06%,$-0.00B,$0.10B,-3.94%,$-0.00B,$0.10B,-4.06%,$12,$7,$4,$0,$2,$10,$2,$0,$2,$0,$2,$2,$2,$3,$2,$2,2,$0.80,$0.70,$41,$7,$3,$59,$42,$2,$0,$0,$44,$104,$4,$0,$0,$0,$4,$0,$-157,$-0,$100,$104,$2,$1,$0,$2,$-2,$-0,$-0,$-1,$-3,$1,$-4,$0,$0,$0,$12,$12,$0,$8,$0,$0,$0,$0,$0,$0,$-0,$0,$9,$0,$0
35,2009-12-31,203.1,$48.16,4.22,$9.86,20.61,$-10.67,0.0,$-4.80,0.0,$0.06B,$0.00B,15.91,$0.00B,$0.10B,0.0,$0.02B,$-0.00B,-20.00%,$0.02B,$-0.01B,-50.00%,$0.02B,$-0.01B,-50.00%,$0.02B,$-0.01B,-30.00%,$0.02B,$-0.01B,-50.00%,$0.02B,$-0.01B,-50.00%,$-0.01B,$0.10B,-10.10%,$-0.01B,$0.10B,-10.10%,$-0.01B,$0.10B,-9.85%,$-0.01B,$0.10B,-10.10%,$9,$7,$1,$0,$2,$9,$-1,$0,$-1,$0,$-1,$-1,$-1,$0,$-1,$2,2,$-0.40,$-0.40,$45,$7,$2,$60,$40,$2,$0,$0,$42,$101,$4,$0,$0,$0,$4,$0,$-159,$-0,$97,$101,$-10,$5,$1,$6,$-2,$1,$-0,$1,$0,$-3,$-6,$0,$0,$0,$7,$7,$0,$2,$0,$0,$0,$-2,$-2,$0,$-0,$-2,$-4,$1,$0
36,2009-09-30,148.4,$45.81,3.24,$7.46,19.89,$-14.13,0.0,$-5.30,0.0,$0.06B,$0.00B,31.54,$0.00B,$0.10B,0.0,$0.02B,$-0.01B,-33.33%,$0.02B,$-0.01B,-73.33%,$0.02B,$-0.01B,-73.33%,$0.02B,$-0.01B,-46.67%,$0.02B,$-0.01B,-73.33%,$0.02B,$-0.01B,-73.33%,$-0.01B,$0.10B,-10.81%,$-0.01B,$0.10B,-10.81%,$-0.01B,$0.10B,-10.55%,$-0.01B,$0.10B,-10.81%,$6,$6,$-0,$0,$2,$8,$-2,$0,$-2,$0,$-2,$-2,$-2,$-1,$-2,$2,2,$-1.00,$-1.00,$45,$7,$2,$59,$39,$2,$0,$0,$41,$99,$2,$0,$0,$0,$2,$0,$-158,$0,$98,$99,$-9,$4,$1,$5,$-1,$1,$-2,$2,$-0,$-4,$-3,$0,$0,$0,$6,$6,$0,$3,$0,$0,$0,$-3,$-3,$0,$-0,$-3,$-4,$1,$0
37,2009-06-30,142.8,$46.69,3.06,$9.92,14.39,$-16.00,0.0,$-3.60,0.0,$0.06B,$0.00B,29.04,$0.00B,$0.10B,0.0,$0.02B,$-0.00B,-4.76%,$0.02B,$-0.01B,-38.10%,$0.02B,$-0.01B,-38.10%,$0.02B,$-0.00B,-19.05%,$0.02B,$-0.01B,-33.33%,$0.02B,$-0.01B,-33.33%,$-0.01B,$0.10B,-6.65%,$-0.01B,$0.10B,-6.65%,$-0.01B,$0.10B,-6.42%,$-0.01B,$0.10B,-7.60%,$3,$5,$-2,$0,$1,$6,$-3,$0,$-3,$0,$-3,$-3,$-3,$-2,$-3,$2,2,$-1.50,$-1.50,$48,$8,$3,$61,$38,$2,$0,$0,$40,$102,$2,$0,$0,$0,$2,$0,$-156,$0,$99,$102,$-7,$3,$0,$3,$0,$-0,$-1,$2,$-0,$-4,$2,$0,$0,$0,$0,$0,$0,$2,$0,$0,$0,$-3,$-3,$0,$-0,$-3,$-5,$0,$0
38,2009-03-31,53.1,$47.94,1.11,$13.48,3.94,$-15.20,0.0,$-1.10,0.0,$0.05B,$0.00B,24.49,$0.00B,$0.10B,0.0,$0.03B,$0.01B,16.67%,$0.03B,$-0.00B,-10.00%,$0.03B,$-0.00B,-10.00%,$0.03B,$0.00B,3.33%,$0.03B,$-0.00B,-6.67%,$0.03B,$-0.00B,-6.67%,$-0.00B,$0.10B,-1.85%,$-0.00B,$0.10B,-1.85%,$-0.00B,$0.10B,-1.77%,$-0.00B,$0.10B,-2.78%,$2,$5,$-3,$0,$1,$6,$-4,$0,$-4,$0,$-4,$-4,$-4,$-3,$-4,$2,2,$-1.90,$-1.90,$39,$8,$3,$53,$39,$13,$0,$0,$51,$104,$2,$0,$0,$0,$2,$0,$-153,$0,$102,$104,$-4,$1,$0,$2,$1,$-0,$-1,$1,$-0,$-2,$-1,$0,$0,$0,$3,$3,$0,$3,$0,$0,$0,$-3,$-3,$0,$-0,$-3,$-2,$0,$0
39,2008-12-31,42.6,$52.75,0.81,$17.03,2.5,$-15.10,0.0,$1.80,23.67,$0.06B,$0.00B,15.26,$0.00B,$0.11B,0.0,$0.04B,$0.01B,30.77%,$0.04B,$0.00B,5.13%,$0.04B,$0.00B,5.13%,$0.04B,$0.01B,15.38%,$0.04B,$0.00B,10.26%,$0.04B,$0.00B,10.26%,$0.00B,$0.11B,3.65%,$0.00B,$0.11B,3.65%,$0.00B,$0.11B,3.47%,$0.00B,$0.11B,1.83%,$4,$4,$-0,$0,$2,$6,$-2,$0,$-2,$-0,$-2,$-2,$-2,$-1,$-2,$2,2,$-0.80,$-0.80,$45,$8,$4,$60,$39,$13,$0,$0,$52,$112,$4,$0,$0,$0,$4,$0,$-149,$0,$108,$112,$4,$4,$2,$6,$0,$-5,$-0,$-3,$-9,$2,$-19,$0,$0,$0,$23,$23,$0,$4,$-0,$0,$-0,$-3,$-3,$0,$0,$-3,$3,$1,$0
40,2008-09-30,72.2,$52.58,1.37,$25.65,2.81,$-11.05,0.0,$-15.50,0.0,$0.07B,$0.01B,12.12,$0.00B,$0.11B,0.0,$0.05B,$0.02B,35.56%,$0.05B,$0.01B,31.11%,$0.05B,$0.01B,31.11%,$0.05B,$0.01B,20.00%,$0.05B,$0.02B,35.56%,$0.05B,$0.00B,8.89%,$0.00B,$0.11B,3.67%,$0.00B,$0.11B,3.67%,$0.00B,$0.12B,3.48%,$0.01B,$0.11B,12.84%,$12,$8,$4,$0,$2,$10,$1,$0,$2,$0,$2,$2,$2,$2,$1,$2,2,$0.80,$0.70,$52,$6,$3,$70,$38,$10,$0,$0,$48,$118,$6,$0,$0,$0,$6,$0,$-148,$-1,$112,$118,$6,$3,$2,$5,$-3,$-3,$1,$-2,$-8,$3,$-16,$0,$0,$0,$13,$13,$0,$-3,$-0,$0,$-0,$1,$1,$0,$-0,$1,$1,$1,$0
