,Date,Stock Price,Book Value per Share,Price to Book Ratio,TTM Sales per Share,Price to Sales Ratio,TTM FCF per Share,Price to FCF Ratio,TTM Net EPS,PE Ratio,Current Assets,Current Liabilities,Current Ratio,Long Term Debt,Shareholder's Equity_x,Debt to Equity Ratio,TTM Revenue_x,TTM Gross Profit,Gross Margin,TTM Revenue_y,TTM Operating Income,Operating Margin,TTM Revenue_x,TTM EBIT,EBIT Margin,TTM Revenue_y,TTM EBITDA,EBITDA Margin,TTM Revenue_x,TTM Pre-Tax Income,Pre-Tax Margin,TTM Revenue_y,TTM Net Income_x,Net Margin,TTM Net Income_y,Shareholder's Equity_y,Return on Equity,TTM Net Income_x,Tangible Equity,Return on Tangible Equity,TTM Net Income_y,Total Assets,Return on Assets,TTM Net Income,LT Investments & Debt,Return on Investment,revenue,cost-goods-sold,gross-profit,research-development-expenses,selling-general-administrative-expenses,operating-expenses,operating-income,total-non-operating-income-expense,pre-tax-income,total-provision-income-taxes,income-after-taxes,income-from-continuous-operations,net-income,ebitda,ebit,basic-shares-outstanding,shares-outstanding,eps-basic-net-earnings-per-share,eps-earnings-per-share-diluted,cash-on-hand,inventory,other-current-assets,total-current-assets,net-property-plant-equipment,long-term-investments,goodwill-intangible-assets-total,other-long-term-assets,total-long-term-assets,total-assets,total-current-liabilities,long-term-debt,other-non-current-liabilities,total-long-term-liabilities,total-liabilities,common-stock-net,retained-earnings-accumulated-deficit,comprehensive-income,total-share-holder-equity,total-liabilities-share-holders-equity,net-income-loss,total-depreciation-amortization-cash-flow,other-non-cash-items,total-non-cash-items,change-in-accounts-receivable,change-in-inventories,change-in-accounts-payable,change-in-assets-liabilities,total-change-in-assets-liabilities,cash-flow-from-operating-activities,net-change-in-property-plant-equipment,net-change-in-intangible-assets,net-acquisitions-divestitures,net-change-in-short-term-investments,net-change-in-long-term-investments,net-change-in-investments-total,investing-activities-other,cash-flow-from-investing-activities,net-long-term-debt,net-current-debt,debt-issuance-retirement-net-total,net-common-equity-issued-repurchased,net-total-equity-issued-repurchased,total-common-preferred-stock-dividends-paid,financial-activities-other,cash-flow-from-financial-activities,net-cash-flow,stock-based-compensation,common-stock-dividends-paid
0,2018-09-30,6.53,$10.53,0.62,$3.40,1.92,0,0.0,$0.41,15.93,$616.99B,$625.44B,0.99,$64.38B,$63.41B,1.02,$20.33B,$17.45B,85.84%,$20.33B,$5.67B,27.88%,$20.33B,0,0.00%,$20.33B,0,0.00%,$20.33B,$4.96B,24.41%,$20.33B,$2.52B,12.39%,$2.52B,$63.41B,3.90%,$2.52B,$54.84B,4.49%,$2.52B,$938.01B,0.26%,$5.67B,$127.79B,4.59%,$5561,$816,$4746,$0,$2912,$3996,$1565,$-313,$1252,$519,$734,$734,$584,$0,$0,$6055,6055,$0.10,$0.10,$138773,$0,$0,$616986,$5534,$285149,$8575,$19450,$321028,$938014,$625444,$64379,$181385,$246384,$874601,$17004,$21920,$0,$63413,$938014,$0,$0,$0,$0,$0,$0,$0,$0,$0,$0,$0,$0,$0,$0,$0,$0,$0,$0,$0,$0,$0,$0,$0,$0,$0,$0,$0,$0,$0
1,2018-03-31,7.4,$11.50,0.64,$3.34,2.22,0,0.0,$0.20,37.0,$651.26B,$668.44B,0.97,$63.51B,$68.96B,0.92,$19.92B,$17.05B,85.62%,$19.92B,$4.63B,23.23%,$19.92B,0,0.00%,$19.92B,0,0.00%,$19.92B,$4.05B,20.31%,$19.92B,$1.32B,6.63%,$1.32B,$68.96B,1.98%,$1.32B,$59.87B,2.27%,$1.32B,$1027.71B,0.13%,$4.63B,$132.47B,3.70%,$5369,$774,$4595,$0,$2538,$3539,$1830,$-142,$1688,$458,$1230,$1230,$1102,$0,$0,$5978,6008,$0.18,$0.18,$132725,$0,$0,$651262,$6225,$337702,$9091,$21344,$376447,$1027709,$668441,$63510,$225978,$290146,$958753,$17929,$24872,$0,$68957,$1027709,$0,$0,$0,$0,$0,$0,$0,$0,$0,$0,$0,$0,$0,$0,$0,$0,$0,$0,$0,$0,$0,$0,$0,$0,$0,$0,$0,$0,$0
2,2017-09-30,7.28,$0.00,0.0,$3.36,2.16,0,0.0,$-0.21,0.0,$610.35B,$621.97B,0.98,$53.41B,$64.77B,0.83,$19.90B,$16.85B,84.66%,$19.90B,$3.75B,18.83%,$19.90B,0,0.00%,$19.90B,0,0.00%,$19.90B,$2.96B,14.88%,$19.90B,$-1.17B,-5.87%,$-1.17B,$64.77B,-1.70%,$-1.17B,$56.28B,-1.94%,$-1.17B,$984.21B,-0.11%,$3.75B,$118.18B,2.90%,$4806,$673,$4133,$0,$2645,$3473,$1333,$-192,$1140,$347,$793,$793,$513,$0,$0,$5940,5940,$0.09,$0.09,$115485,$0,$0,$610353,$6254,$340506,$8489,$16462,$373854,$984207,$621968,$53408,$243185,$297268,$919435,$16496,$23132,$0,$64771,$984207,$0,$0,$0,$0,$0,$0,$0,$0,$0,$0,$0,$0,$0,$0,$0,$0,$0,$0,$0,$0,$0,$0,$0,$0,$0,$0,$0,$0,$0
3,2017-03-31,6.07,$0.00,0.0,$3.34,1.82,$0.42,14.57,$-1.01,0.0,$684.40B,$584.91B,1.17,$54.10B,$61.33B,0.88,$19.62B,$16.19B,82.50%,$19.62B,$-0.65B,-3.29%,$19.62B,0,0.00%,$19.62B,0,0.00%,$19.62B,$-2.76B,-14.08%,$19.62B,$-5.95B,-30.31%,$-5.95B,$61.33B,-8.12%,$-5.95B,$53.32B,-9.25%,$-5.95B,$970.24B,-0.52%,$-0.65B,$115.43B,-0.46%,$4596,$617,$3979,$0,$2615,$3655,$940,$-57,$883,$405,$478,$478,$321,$0,$0,$5897,5897,$0.06,$0.06,$197964,$0,$0,$684398,$6189,$253615,$8007,$15932,$285845,$970243,$584910,$54103,$268881,$323773,$908913,$52094,$-15826,$0,$61329,$970243,$0,$0,$0,$0,$0,$0,$0,$0,$0,$0,$0,$0,$0,$0,$0,$0,$0,$0,$0,$0,$0,$0,$0,$0,$0,$0,$0,$0,$0
4,2016-09-30,4.66,$0.00,0.0,$3.62,1.29,$0.42,11.19,$-0.80,0.0,$711.11B,$608.40B,1.17,$62.41B,$71.35B,0.88,$21.16B,$17.15B,81.01%,$21.16B,$-1.60B,-7.57%,$21.16B,0,0.00%,$21.16B,0,0.00%,$21.16B,$-3.64B,-17.21%,$21.16B,$-4.79B,-22.64%,$-4.79B,$71.35B,-5.95%,$-4.79B,$62.81B,-6.77%,$-4.79B,$1119.43B,-0.38%,$-1.60B,$133.76B,-1.03%,$5147,$800,$4347,$0,$3593,$4623,$524,$-189,$335,$764,$-429,$-429,$-616,$0,$0,$6013,6013,$-0.10,$-0.10,$195732,$0,$0,$711113,$5897,$372684,$8544,$18979,$408316,$1119428,$608399,$62407,$375733,$438989,$1048079,$54976,$-11163,$0,$71349,$1119428,$0,$0,$0,$0,$0,$0,$0,$0,$0,$0,$0,$0,$0,$0,$0,$0,$0,$0,$0,$0,$0,$0,$0,$0,$0,$0,$0,$0,$0
5,2016-03-31,6.38,$0.00,0.0,$3.97,1.61,$2.87,2.22,$-0.61,0.0,$771.47B,$659.89B,1.17,$72.28B,$77.60B,0.93,$22.99B,$18.52B,80.57%,$22.99B,$-1.12B,-4.89%,$22.99B,0,0.00%,$22.99B,0,0.00%,$22.99B,$-3.61B,-15.70%,$22.99B,$-3.73B,-16.21%,$-3.73B,$77.61B,-4.32%,$-3.73B,$68.25B,-4.91%,$-3.73B,$1265.06B,-0.28%,$-1.12B,$149.89B,-0.66%,$5354,$964,$4390,$0,$3184,$4403,$951,$-348,$603,$115,$489,$489,$-1387,$0,$0,$5831,5831,$-0.24,$-0.24,$267954,$0,$0,$771469,$6522,$449143,$9362,$25458,$493579,$1265062,$659893,$72279,$453357,$526818,$1187455,$16709,$-7746,$0,$77608,$1265062,$0,$0,$0,$0,$0,$0,$0,$0,$0,$0,$0,$0,$0,$0,$0,$0,$0,$0,$0,$0,$0,$0,$0,$0,$0,$0,$0,$0,$0
6,2015-12-31,8.87,$14.24,0.62,$4.27,2.08,$2.87,3.09,$-0.50,0.0,$804.31B,$679.67B,1.18,$77.97B,$82.79B,0.94,$24.59B,$19.76B,80.36%,$24.59B,$-1.90B,-7.72%,$24.59B,0,0.00%,$24.59B,0,0.00%,$24.59B,$-4.13B,-16.81%,$24.59B,$-3.03B,-12.31%,$-3.03B,$82.79B,-3.34%,$-3.03B,$72.80B,-3.80%,$-3.03B,$1246.76B,-0.21%,$-1.90B,$160.77B,-1.05%,$4525,$1052,$3473,$0,$6250,$7587,$-3061,$0,$-4584,$-412,$-4172,$-4184,$-4265,$0,$0,$5753,5753,$-0.74,$-0.74,$246935,$0,$0,$804314,$6853,$403465,$9995,$18109,$442445,$1246759,$679668,$77974,$399184,$478507,$1163968,$17775,$-6147,$0,$82791,$1246759,$-4133,$1804,$-9289,$-7484,$89853,$0,$0,$-76721,$13133,$1404,$992,$0,$598,$0,$-9030,$-9030,$0,$-7440,$-4659,$0,$-4659,$1460,$1460,$-636,$2397,$-1437,$-6593,$0,$-636
7,2015-09-30,9.54,$0.00,0.0,$4.79,1.99,$-3.29,0.0,$-1.35,0.0,$844.08B,$704.85B,1.2,$89.22B,$90.31B,0.99,$27.59B,$20.87B,75.64%,$27.59B,$1.99B,7.22%,$27.59B,0,0.00%,$27.59B,0,0.00%,$27.59B,$-1.73B,-6.28%,$27.59B,$-7.44B,-26.97%,$-7.44B,$90.31B,-7.86%,$-7.44B,$79.22B,-8.96%,$-7.44B,$1358.90B,-0.48%,$1.99B,$179.53B,1.01%,$6138,$1203,$4935,$0,$4514,$6154,$-16,$19,$3,$2,$2,$2,$1476,$0,$0,$5805,5805,$0.25,$0.25,$245796,$0,$0,$844078,$7143,$462387,$11088,$31979,$514820,$1358899,$704853,$89222,$470898,$560703,$1268587,$10829,$-3637,$0,$90312,$1358899,$0,$0,$0,$0,$0,$0,$0,$0,$0,$0,$0,$0,$0,$0,$0,$0,$0,$0,$0,$0,$0,$0,$0,$0,$0,$0,$0,$0,$0
8,2015-06-30,11.07,$0.00,0.0,$5.46,2.03,$-3.29,0.0,$-1.36,0.0,$861.37B,$731.93B,1.18,$94.20B,$94.61B,1.0,$31.32B,$24.17B,77.17%,$31.32B,$3.75B,11.97%,$31.32B,0,0.00%,$31.32B,0,0.00%,$31.32B,$0.39B,1.23%,$31.32B,$-7.41B,-23.67%,$-7.41B,$94.61B,-7.48%,$-7.41B,$83.58B,-8.71%,$-7.41B,$1477.54B,-0.45%,$3.75B,$188.80B,1.78%,$6973,$1250,$5724,$0,$4416,$5972,$1002,$-634,$368,$153,$214,$214,$449,$0,$0,$5756,5780,$0.08,$0.08,$243658,$0,$0,$861372,$7465,$436843,$11024,$158567,$616164,$1477536,$731930,$94196,$553386,$648138,$1382931,$10692,$-3213,$0,$94605,$1477536,$449,$0,$-4821,$-4821,$0,$0,$0,$18857,$18857,$14176,$0,$0,$0,$0,$0,$0,$0,$-2238,$0,$0,$0,$0,$0,$0,$0,$-652,$8399,$0,$0
9,2015-03-31,10.09,$0.00,0.0,$5.95,1.7,$-7.45,0.0,$-1.38,0.0,$762.74B,$742.68B,1.03,$102.88B,$94.42B,1.09,$34.03B,$26.41B,77.60%,$34.03B,$4.49B,13.18%,$34.03B,0,0.00%,$34.03B,0,0.00%,$34.03B,$1.72B,5.05%,$34.03B,$-6.74B,-19.80%,$-6.74B,$94.42B,-6.66%,$-6.74B,$82.87B,-7.95%,$-6.74B,$1674.70B,-0.39%,$4.49B,$197.31B,2.00%,$6951,$1324,$5627,$0,$4674,$6774,$177,$0,$80,$293,$-212,$-200,$-686,$0,$0,$5718,5718,$-0.12,$-0.12,$114497,$0,$0,$762744,$0,$721849,$11551,$170469,$903869,$1674702,$742684,$102881,$734713,$837594,$1580278,$10499,$-3663,$0,$94424,$1674702,$0,$0,$0,$0,$0,$0,$0,$0,$0,$0,$0,$0,$0,$0,$0,$0,$0,$0,$0,$0,$0,$0,$0,$0,$0,$0,$0,$0,$0
10,2014-12-31,12.11,$0.00,0.0,$6.56,1.85,$-7.45,0.0,$-0.90,0.0,$856.84B,$805.39B,1.06,$120.62B,$99.20B,1.22,$37.47B,$31.18B,83.19%,$37.47B,$9.20B,24.54%,$37.47B,0,0.00%,$37.47B,0,0.00%,$37.47B,$4.36B,11.62%,$37.47B,$-4.04B,-10.77%,$-4.04B,$99.20B,-3.93%,$-4.04B,$86.38B,-4.80%,$-4.04B,$1731.76B,-0.23%,$9.20B,$219.82B,3.89%,$7532,$2945,$4587,$0,$3660,$6701,$830,$0,$-2184,$1366,$-3550,$-2669,$-8681,$0,$0,$5711,5755,$-1.57,$-1.57,$161382,$0,$0,$856836,$0,$696860,$12824,$155080,$864763,$1731763,$805392,$120616,$706552,$827168,$1632560,$11334,$-4150,$0,$99202,$1731763,$4356,$1828,$-5285,$-3458,$0,$0,$0,$0,$-29580,$-33600,$570,$0,$-2441,$0,$0,$12763,$0,$10892,$0,$0,$-2177,$0,$518,$-631,$1625,$-666,$-21875,$0,$0
11,2014-09-30,11.93,$0.00,0.0,$4.04,2.95,$-10.00,0.0,$-1.91,0.0,$1469.60B,$1468.70B,1.0,$130.17B,$108.34B,1.2,$23.13B,$10.77B,46.55%,$23.13B,$-17.15B,-74.15%,$23.13B,0,0.00%,$23.13B,0,0.00%,$23.13B,$-7.50B,-32.43%,$23.13B,$-9.68B,-41.83%,$-9.68B,$108.34B,-9.57%,$-9.68B,$87.53B,-11.97%,$-9.68B,$1748.05B,-0.57%,$-17.15B,$238.51B,-7.13%,$9861,$1631,$8230,$0,$5977,$8119,$1741,$0,$2122,$556,$1566,$1499,$1504,$0,$0,$5692,5692,$0.25,$0.25,$764336,$0,$0,$1469596,$0,$192295,$20811,$53676,$266782,$1748050,$1468696,$130169,$40841,$171010,$1639706,$11416,$0,$0,$108344,$1748050,$0,$0,$0,$0,$0,$0,$0,$0,$0,$0,$0,$0,$0,$0,$0,$0,$0,$0,$0,$0,$0,$0,$0,$0,$0,$0,$0,$0,$0
12,2014-06-30,11.29,$0.00,0.0,$3.98,2.84,$-10.00,0.0,$-2.40,0.0,$1413.28B,$1431.21B,0.99,$141.20B,$102.60B,1.38,$22.64B,$11.90B,52.59%,$22.64B,$-15.91B,-70.27%,$22.64B,0,0.00%,$22.64B,0,0.00%,$22.64B,$-10.61B,-46.85%,$22.64B,$-12.34B,-54.53%,$-12.34B,$102.60B,-12.29%,$-12.34B,$82.11B,-15.43%,$-12.34B,$1701.70B,-0.73%,$-15.91B,$243.80B,-6.51%,$9687,$1722,$7965,$0,$5752,$7949,$1738,$0,$1700,$624,$1075,$1080,$1124,$0,$0,$5668,5712,$0.06,$0.06,$715748,$0,$0,$1413281,$0,$203017,$20487,$52935,$276439,$1701695,$1431208,$141197,$26689,$167886,$1599094,$11463,$3800,$0,$102601,$1701695,$4463,$0,$67,$67,$0,$0,$0,$0,$-12848,$-9758,$0,$0,$0,$0,$0,$0,$0,$-1079,$0,$0,$0,$0,$0,$0,$0,$1550,$-13311,$0,$0
13,2014-03-31,10.38,$0.00,0.0,$4.28,2.43,$-9.83,0.0,$-2.42,0.0,$1397.38B,$1416.76B,0.99,$142.17B,$100.86B,1.41,$24.22B,$15.21B,62.79%,$24.22B,$-13.14B,-54.28%,$24.22B,0,0.00%,$24.22B,0,0.00%,$24.22B,$-11.46B,-47.34%,$24.22B,$-13.09B,-54.07%,$-13.09B,$100.86B,-12.90%,$-13.09B,$80.29B,-16.20%,$-13.09B,$1694.54B,-0.76%,$-13.14B,$243.03B,-5.24%,$10394,$0,$10394,$0,$5057,$5507,$4887,$0,$2718,$599,$2119,$2003,$2018,$0,$0,$5641,5696,$0.36,$0.36,$703715,$0,$0,$1397379,$0,$216000,$20571,$48284,$284855,$1694544,$1416759,$142172,$34753,$176924,$1593683,$11176,$0,$0,$100861,$1694544,$0,$0,$0,$0,$0,$0,$0,$0,$0,$0,$0,$0,$0,$0,$0,$0,$0,$0,$0,$0,$0,$0,$0,$0,$0,$0,$0,$0,$0
14,2013-12-31,11.33,$0.00,0.0,$4.41,2.57,$-9.83,0.0,$-2.67,0.0,$990.53B,$905.86B,1.09,$143.70B,$92.66B,1.55,$24.79B,$15.78B,63.66%,$24.79B,$-12.64B,-50.99%,$24.79B,0,0.00%,$24.79B,0,0.00%,$24.79B,$-12.90B,-52.03%,$24.79B,$-14.38B,-57.98%,$-14.38B,$92.66B,-13.83%,$-14.38B,$73.31B,-17.32%,$-14.38B,$1608.42B,-0.79%,$-12.64B,$236.36B,-4.78%,$-6812,$9012,$-15823,$0,$9147,$18704,$-25516,$0,$-14041,$-575,$-13466,$-14346,$-14321,$0,$0,$5628,5628,$-2.58,$-2.58,$216276,$0,$0,$990528,$0,$555340,$19353,$30827,$605520,$1608424,$905860,$143697,$466207,$609904,$1515764,$10506,$1357,$0,$92660,$1608424,$-12899,$2206,$277,$2483,$0,$0,$0,$0,$-45035,$-47931,$1286,$0,$1800,$0,$0,$30061,$0,$33147,$0,$0,$-2150,$0,$413,$-631,$-1901,$-4269,$-18252,$0,$0
15,2013-09-30,11.59,$0.00,0.0,$7.74,1.5,$-14.22,0.0,$-0.84,0.0,$1459.83B,$1467.12B,1.0,$148.03B,$105.60B,1.4,$43.39B,$40.74B,93.88%,$43.39B,$16.33B,37.63%,$43.39B,0,0.00%,$43.39B,0,0.00%,$43.39B,$-2.69B,-6.20%,$43.39B,$-4.04B,-9.32%,$-4.04B,$105.60B,-3.72%,$-4.04B,$84.30B,-4.63%,$-4.04B,$1750.63B,-0.21%,$16.33B,$253.63B,5.80%,$9368,$0,$9368,$0,$5859,$6383,$2985,$0,$-983,$126,$-1108,$-1156,$-1164,$0,$0,$5612,5612,$-0.24,$-0.24,$785376,$0,$0,$1459832,$0,$209407,$21300,$46950,$277656,$1750626,$1467118,$148027,$29879,$177906,$1645024,$10380,$15723,$0,$105602,$1750626,$0,$0,$0,$0,$0,$0,$0,$0,$0,$0,$0,$0,$0,$0,$0,$0,$0,$0,$0,$0,$0,$0,$0,$0,$0,$0,$0,$0,$0
16,2013-06-30,8.41,$0.00,0.0,$7.42,1.13,$-14.22,0.0,$-0.99,0.0,$1554.05B,$1570.16B,0.99,$163.24B,$107.01B,1.53,$41.52B,$36.25B,87.30%,$41.52B,$10.82B,26.05%,$41.52B,0,0.00%,$41.52B,0,0.00%,$41.52B,$-3.70B,-8.90%,$41.52B,$-4.91B,-11.83%,$-4.91B,$107.01B,-4.40%,$-4.91B,$85.51B,-5.49%,$-4.91B,$1868.37B,-0.24%,$10.82B,$270.24B,3.63%,$11266,$0,$11266,$0,$6231,$6767,$4500,$0,$842,$504,$338,$359,$373,$0,$0,$5587,5644,$0.04,$0.04,$864248,$0,$0,$1554052,$0,$233694,$21502,$44836,$300032,$1868371,$1570158,$163235,$27970,$191205,$1761362,$10188,$17060,$0,$107009,$1868371,$2111,$0,$0,$0,$0,$0,$0,$0,$662,$-8713,$0,$0,$0,$0,$0,$0,$0,$18885,$0,$0,$0,$0,$0,$0,$0,$-2163,$15609,$0,$0
17,2013-03-31,8.43,$0.00,0.0,$7.19,1.17,$-17.56,0.0,$-1.16,0.0,$1019.55B,$1040.95B,0.98,$187.26B,$110.57B,1.69,$40.05B,$31.92B,79.70%,$40.05B,$5.98B,14.94%,$40.05B,0,0.00%,$40.05B,0,0.00%,$40.05B,$-4.70B,-11.73%,$40.05B,$-5.89B,-14.72%,$-5.89B,$110.57B,-5.15%,$-5.89B,$88.93B,-6.40%,$-5.89B,$2032.51B,-0.28%,$5.98B,$297.83B,1.94%,$10971,$0,$10971,$0,$4981,$5582,$5388,$0,$1283,$544,$740,$536,$736,$0,$0,$5566,5623,$0.11,$0.11,$294928,$0,$0,$1019550,$0,$932450,$21640,$44136,$998226,$2032508,$1040946,$187264,$693729,$880993,$1921939,$11805,$17011,$0,$110569,$2032508,$0,$0,$0,$0,$0,$0,$0,$0,$0,$0,$0,$0,$0,$0,$0,$0,$0,$0,$0,$0,$0,$0,$0,$0,$0,$0,$0,$0,$0
18,2012-12-31,10.79,$0.00,0.0,$7.39,1.46,$-17.56,0.0,$-1.72,0.0,$1164.33B,$1054.21B,1.1,$192.38B,$111.67B,1.72,$40.78B,$29.48B,72.29%,$40.78B,$1.42B,3.48%,$40.78B,0,0.00%,$40.78B,0,0.00%,$40.78B,$-8.19B,-20.08%,$40.78B,$-9.09B,-22.30%,$-9.09B,$111.67B,-7.83%,$-9.09B,$90.20B,-9.75%,$-9.09B,$2080.12B,-0.42%,$1.42B,$304.04B,0.43%,$11789,$2654,$9135,$0,$4924,$8332,$3457,$0,$-3834,$18,$-3852,$-3434,$-3988,$0,$0,$5552,5552,$-0.75,$-0.75,$270201,$0,$0,$1164334,$0,$829641,$21470,$49165,$900277,$2080119,$1054212,$192376,$721864,$914240,$1968452,$10433,$16796,$0,$111667,$2080119,$-8187,$2939,$-176,$2763,$0,$0,$0,$0,$-77251,$-71509,$1159,$0,$558,$0,$0,$41358,$0,$43075,$0,$0,$2909,$0,$190,$-477,$575,$3197,$-31407,$0,$0
19,2012-09-30,8.32,$0.00,0.0,$5.35,1.55,$-4.86,0.0,$-1.00,0.0,$848.89B,$1751.46B,0.49,$204.54B,$116.74B,1.75,$37.56B,$25.52B,67.95%,$37.56B,$-4.87B,-12.97%,$37.56B,0,0.00%,$37.56B,0,0.00%,$37.56B,$-7.52B,-20.02%,$37.56B,$-7.99B,-21.27%,$-7.99B,$116.74B,-6.73%,$-7.99B,$93.37B,-8.39%,$-7.99B,$2175.36B,-0.35%,$-4.87B,$321.29B,-1.36%,$7496,$2619,$4877,$0,$6724,$10023,$-2527,$0,$-1988,$47,$-2035,$-2040,$-2032,$0,$0,$5538,5538,$-0.39,$-0.39,$180342,$0,$0,$848885,$0,$305314,$23379,$980050,$1308743,$2175355,$1751460,$204543,$102608,$307152,$2058611,$10397,$24139,$0,$116744,$2175355,$0,$0,$0,$0,$0,$0,$0,$0,$0,$0,$0,$0,$0,$0,$0,$0,$0,$0,$0,$0,$0,$0,$0,$0,$0,$0,$0,$0,$0
20,2012-06-30,6.8,$0.00,0.0,$6.75,1.01,$-4.86,0.0,$-0.21,0.0,$968.39B,$1778.63B,0.54,$189.80B,$119.11B,1.59,$43.65B,$30.53B,69.94%,$43.65B,$0.89B,2.03%,$43.65B,0,0.00%,$43.65B,0,0.00%,$43.65B,$-2.30B,-5.28%,$43.65B,$-3.98B,-9.13%,$-3.98B,$119.11B,-3.28%,$-3.98B,$95.54B,-4.07%,$-3.98B,$2241.09B,-0.17%,$0.89B,$308.91B,0.22%,$9789,$2855,$6934,$0,$6583,$10126,$-336,$0,$-160,$459,$-619,$-603,$-609,$0,$0,$5548,5548,$-0.13,$-0.13,$279581,$0,$0,$968392,$0,$317855,$23577,$913316,$1254748,$2241093,$1778627,$189802,$153552,$343355,$2121981,$10338,$26378,$0,$119112,$2241093,$-2383,$0,$10,$10,$0,$0,$0,$0,$-32443,$-27091,$0,$0,$0,$0,$0,$0,$0,$29609,$0,$0,$0,$0,$0,$0,$0,$-63,$-2467,$0,$0
21,2012-03-31,8.84,$0.00,0.0,$6.71,1.32,$2.43,3.63,$-0.34,0.0,$964.43B,$1710.93B,0.56,$264.64B,$117.25B,2.26,$43.52B,$29.70B,68.25%,$43.52B,$0.13B,0.29%,$43.52B,0,0.00%,$43.52B,0,0.00%,$43.52B,$-3.25B,-7.47%,$43.52B,$-4.84B,-11.12%,$-4.84B,$117.25B,-3.94%,$-4.84B,$94.04B,-4.89%,$-4.84B,$2204.15B,-0.20%,$0.13B,$381.89B,0.03%,$11703,$3170,$8533,$0,$6974,$10879,$824,$0,$-2206,$218,$-2424,$-2473,$-2465,$0,$0,$5435,5435,$-0.45,$-0.45,$272556,$0,$0,$964434,$0,$335462,$23205,$863070,$1221737,$2204146,$1710928,$264644,$111329,$375973,$2086901,$24189,$27343,$0,$117245,$2204146,$0,$0,$0,$0,$0,$0,$0,$0,$0,$0,$0,$0,$0,$0,$0,$0,$0,$0,$0,$0,$0,$0,$0,$0,$0,$0,$0,$0,$0
22,2011-12-31,6.37,$0.00,0.0,$6.47,0.98,$2.43,2.62,$-0.05,0.0,$1017.70B,$1871.28B,0.54,$303.14B,$122.02B,2.48,$41.90B,$27.90B,66.57%,$41.90B,$-0.88B,-2.10%,$41.90B,0,0.00%,$41.90B,0,0.00%,$41.90B,$-1.23B,-2.93%,$41.90B,$-3.22B,-7.68%,$-3.22B,$122.02B,-2.60%,$-3.22B,$98.18B,-3.22%,$-3.22B,$2417.62B,-0.13%,$-0.88B,$425.16B,-0.19%,$8574,$3396,$5178,$0,$7202,$11406,$-2833,$0,$-3167,$-309,$-2858,$-2901,$-2885,$0,$0,$105765,105765,$-0.03,$-0.03,$289118,$0,$0,$1017695,$0,$359808,$23838,$997236,$1380882,$2417618,$1871282,$303135,$121180,$424316,$2295598,$24576,$30370,$0,$122019,$2417618,$-1229,$3008,$93,$3101,$0,$0,$0,$0,$-5526,$5335,$-2618,$0,$0,$0,$0,$4932,$-2291,$22,$0,$-1006,$0,$0,$35,$-64,$-1758,$-2793,$201,$0,$0
23,2011-09-30,7.13,$0.00,0.0,$6.39,1.12,$2.41,2.96,$-0.02,0.0,$1074.04B,$2009.62B,0.53,$355.91B,$127.15B,2.8,$46.18B,$32.35B,70.05%,$46.18B,$2.01B,4.35%,$46.18B,0,0.00%,$46.18B,0,0.00%,$46.18B,$2.00B,4.32%,$46.18B,$-0.29B,-0.63%,$-0.29B,$127.15B,-0.24%,$-0.29B,$103.38B,-0.29%,$-0.29B,$2591.66B,-0.01%,$2.01B,$483.06B,0.42%,$13581,$3698,$9883,$0,$5871,$10351,$3230,$0,$3230,$1275,$1955,$1967,$1976,$0,$0,$4941,4941,$0.40,$0.40,$291295,$0,$0,$1074039,$0,$394207,$23767,$1072144,$1490118,$2591658,$2009615,$355907,$98988,$454895,$2464510,$24693,$33815,$0,$127148,$2591658,$0,$0,$0,$0,$0,$0,$0,$0,$0,$0,$0,$0,$0,$0,$0,$0,$0,$0,$0,$0,$0,$0,$0,$0,$0,$0,$0,$0,$0
24,2011-06-30,12.45,$0.00,0.0,$5.17,2.41,$2.41,5.17,$-0.76,0.0,$1063.90B,$1728.29B,0.62,$391.76B,$124.40B,3.15,$40.61B,$27.10B,66.75%,$40.61B,$-4.59B,-11.29%,$40.61B,0,0.00%,$40.61B,0,0.00%,$40.61B,$-3.65B,-9.00%,$40.61B,$-4.04B,-9.96%,$-4.04B,$124.40B,-3.36%,$-4.04B,$100.59B,-4.14%,$-4.04B,$2359.24B,-0.17%,$-4.59B,$516.16B,-0.93%,$9662,$3552,$6110,$0,$6464,$10755,$-1094,$0,$-1106,$362,$-1468,$-1499,$-1465,$0,$0,$5590,5590,$-0.26,$-0.26,$265112,$0,$0,$1063898,$0,$438241,$23808,$804976,$1267025,$2359243,$1728285,$391760,$114801,$506561,$2234847,$24991,$32185,$0,$124396,$2359243,$-1295,$0,$62,$62,$0,$0,$0,$0,$12392,$13464,$0,$0,$0,$0,$0,$0,$0,$-7117,$0,$0,$0,$0,$0,$0,$0,$-1977,$5156,$0,$0
25,2011-03-31,13.18,$0.00,0.0,$10.10,1.3,$-9.68,0.0,$-0.26,0.0,$1150.64B,$1033.32B,1.11,$345.77B,$121.33B,2.85,$41.64B,$28.39B,68.18%,$41.64B,$-2.74B,-6.57%,$41.64B,0,0.00%,$41.64B,0,0.00%,$41.64B,$-0.80B,-1.91%,$41.64B,$-2.20B,-5.27%,$-2.20B,$121.33B,-1.86%,$-2.20B,$98.26B,-2.29%,$-2.20B,$2262.62B,-0.09%,$-2.74B,$467.10B,-0.57%,$10087,$3362,$6724,$0,$6229,$10270,$-184,$0,$-186,$677,$-863,$-861,$-845,$0,$0,$5284,5284,$-0.16,$-0.16,$95405,$0,$0,$1150642,$0,$406007,$23069,$657531,$1086607,$2262618,$1033316,$345765,$762204,$1107969,$2141285,$24265,$94331,$0,$121333,$2262618,$0,$0,$0,$0,$0,$0,$0,$0,$0,$0,$0,$0,$0,$0,$0,$0,$0,$0,$0,$0,$0,$0,$0,$0,$0,$0,$0,$0,$0
26,2010-12-31,12.32,$0.00,0.0,$10.06,1.22,$-9.68,0.0,$-0.16,0.0,$1101.98B,$977.96B,1.13,$337.60B,$118.81B,2.84,$43.23B,$29.99B,69.36%,$43.23B,$-1.60B,-3.70%,$43.23B,0,0.00%,$43.23B,0,0.00%,$43.23B,$-0.62B,-1.43%,$43.23B,$-1.74B,-4.02%,$-1.74B,$118.81B,-1.42%,$-1.74B,$96.48B,-1.74%,$-1.74B,$2247.23B,-0.07%,$-1.60B,$456.42B,-0.32%,$12854,$3221,$9634,$0,$8714,$12797,$57,$0,$57,$40,$18,$18,$43,$0,$0,$0,0,$0.00,$0.00,$88144,$0,$0,$1101977,$0,$370542,$22337,$726798,$1119677,$2247229,$977956,$337603,$812857,$1150461,$2128417,$23383,$92771,$0,$118812,$2247229,$0,$0,$0,$0,$0,$0,$0,$0,$0,$0,$0,$0,$0,$0,$0,$0,$0,$0,$0,$0,$0,$0,$0,$0,$0,$0,$0,$0,$0
27,2010-09-30,14.83,$0.00,0.0,$15.08,0.98,$-10.17,0.0,$-0.55,0.0,$1057.55B,$1886.71B,0.56,$407.56B,$117.17B,3.48,$46.38B,$36.36B,78.39%,$46.38B,$14.35B,30.94%,$46.38B,0,0.00%,$46.38B,0,0.00%,$46.38B,$15.33B,33.05%,$46.38B,$-3.03B,-6.53%,$-3.03B,$117.17B,-2.46%,$-3.03B,$94.90B,-3.05%,$-3.03B,$2525.53B,-0.12%,$14.35B,$524.72B,2.79%,$8003,$3368,$4635,$0,$7066,$11368,$-3365,$0,$-2418,$-457,$-1960,$-1804,$-1776,$0,$0,$5224,5224,$-0.34,$-0.34,$239174,$0,$0,$1057545,$0,$384606,$22269,$1034151,$1441026,$2525534,$1886706,$407556,$111349,$521663,$2408369,$23293,$32397,$0,$117165,$2525534,$0,$0,$0,$0,$0,$0,$0,$0,$0,$0,$0,$0,$0,$0,$0,$0,$0,$0,$0,$0,$0,$0,$0,$0,$0,$0,$0,$0,$0
28,2010-06-30,12.1,$0.00,0.0,$16.28,0.74,$-10.17,0.0,$-1.26,0.0,$978.72B,$1833.51B,0.53,$365.28B,$114.58B,3.19,$46.06B,$33.28B,72.25%,$46.06B,$9.27B,20.12%,$46.06B,0,0.00%,$46.06B,0,0.00%,$46.06B,$14.19B,30.80%,$46.06B,$-3.81B,-8.26%,$-3.81B,$114.58B,-3.06%,$-3.81B,$92.98B,-3.86%,$-3.81B,$2360.27B,-0.14%,$9.27B,$479.86B,1.74%,$10700,$3300,$7400,$0,$5869,$9944,$756,$0,$1751,$1231,$521,$383,$383,$0,$0,$1606,1606,$0.24,$0.24,$174030,$0,$0,$978724,$0,$378325,$21606,$955341,$1355272,$2360265,$1833511,$365277,$43179,$412173,$2245684,$22422,$32826,$0,$114581,$2360265,$1744,$0,$-922,$-922,$0,$0,$0,$0,$-20818,$-15547,$0,$0,$0,$0,$0,$0,$0,$1226,$0,$0,$0,$0,$0,$0,$0,$-19089,$-33939,$0,$0
29,2010-03-31,13.24,$0.00,0.0,$15.92,0.83,$-0.49,0.0,$-1.47,0.0,$1168.20B,$1063.18B,1.1,$373.41B,$138.99B,2.69,$52.34B,$42.86B,81.88%,$52.34B,$25.49B,48.70%,$52.34B,0,0.00%,$52.34B,0,0.00%,$52.34B,$29.42B,56.20%,$52.34B,$-4.41B,-8.42%,$-4.41B,$138.99B,-3.57%,$-4.41B,$116.07B,-4.58%,$-4.41B,$2756.28B,-0.16%,$25.49B,$512.40B,4.65%,$11672,$3356,$8316,$0,$6611,$10719,$952,$0,$-8,$167,$-175,$-381,$-387,$0,$0,$6246,6246,$-0.06,$-0.06,$65574,$0,$0,$1168200,$0,$426418,$22920,$1110254,$1559593,$2756277,$1063180,$373410,$1180695,$1554105,$2617285,$23463,$99350,$0,$138991,$2756277,$0,$0,$0,$0,$0,$0,$0,$0,$0,$0,$0,$0,$0,$0,$0,$0,$0,$0,$0,$0,$0,$0,$0,$0,$0,$0,$0,$0,$0
30,2009-12-31,9.39,$0.00,0.0,$19.99,0.47,$-0.49,0.0,$-2.04,0.0,$1366.10B,$1975.68B,0.69,$418.99B,$121.73B,3.44,$52.82B,$46.70B,88.40%,$52.82B,$25.29B,47.87%,$52.82B,0,0.00%,$52.82B,0,0.00%,$52.82B,$29.50B,55.84%,$52.82B,$-5.32B,-10.06%,$-5.32B,$121.73B,-4.88%,$-5.32B,$93.78B,-6.63%,$-5.32B,$2656.53B,-0.18%,$25.29B,$540.71B,4.66%,$16005,$0,$16005,$0,$0,$0,$16005,$0,$16005,$0,$16005,$-1238,$-1249,$0,$0,$3187,3187,$-0.39,$-0.39,$201058,$0,$0,$1366102,$0,$449072,$27947,$783033,$1260052,$2656528,$1975680,$418985,$113680,$559120,$2534801,$22909,$19001,$0,$121727,$2656528,$-4064,$0,$-158,$-158,$0,$0,$0,$0,$-24998,$-1553,$0,$0,$0,$0,$0,$0,$0,$85,$0,$0,$0,$0,$0,$0,$0,$29425,$14502,$0,$0
31,2009-09-30,16.97,$0.00,0.0,$14.97,1.13,0,0.0,$-1.65,0.0,$1498.20B,$1347.63B,1.11,$480.15B,$121.76B,3.94,$36.82B,$30.69B,83.36%,$36.82B,$9.28B,25.21%,$36.82B,0,0.00%,$36.82B,0,0.00%,$36.82B,$13.49B,36.65%,$36.82B,$-4.07B,-11.05%,$-4.07B,$121.76B,-3.84%,$-4.07B,$91.33B,-5.44%,$-4.07B,$3056.02B,-0.12%,$9.28B,$601.91B,1.62%,$7684,$6126,$1558,$0,$8877,$16131,$-8447,$0,$-3561,$-980,$-2581,$-2553,$-2553,$0,$0,$2814,2814,$-1.05,$-1.05,$60995,$0,$0,$1498200,$0,$477756,$30428,$1016956,$1525140,$3056017,$1347626,$480152,$1106483,$1586635,$2934261,$23185,$69861,$0,$121756,$3056017,$0,$0,$0,$0,$0,$0,$0,$0,$0,$0,$0,$0,$0,$0,$0,$0,$0,$0,$0,$0,$0,$0,$0,$0,$0,$0,$0,$0,$0
32,2009-06-30,12.77,$0.00,0.0,$12.24,1.04,0,0.0,$-0.60,0.0,$1401.14B,$1264.41B,1.11,$424.43B,$111.60B,3.8,$29.13B,$29.13B,100.00%,$29.13B,$17.73B,60.86%,$29.13B,0,0.00%,$29.13B,0,0.00%,$29.13B,$17.05B,58.54%,$29.13B,$-1.51B,-5.20%,$-1.51B,$111.60B,-1.31%,$-1.51B,$83.46B,-2.01%,$-1.51B,$2815.69B,-0.04%,$17.73B,$536.03B,3.10%,$16979,$0,$16979,$0,$0,$0,$16979,$0,$16979,$0,$16979,$-197,$-217,$0,$0,$2696,2696,$0.03,$0.03,$61836,$0,$0,$1401135,$0,$405064,$28143,$953650,$1386856,$2815693,$1264412,$424431,$1015251,$1439682,$2704095,$21858,$64313,$0,$111598,$2815693,$0,$0,$0,$0,$0,$0,$0,$0,$0,$0,$0,$0,$0,$0,$0,$0,$0,$0,$0,$0,$0,$0,$0,$0,$0,$0,$0,$0,$0
33,2009-03-31,7.08,$0.00,0.0,$5.94,1.19,0,0.0,$-0.63,0.0,$1327.51B,$1308.03B,1.02,$413.10B,$80.55B,5.13,$12.16B,$12.16B,100.00%,$12.16B,$0.75B,6.18%,$12.16B,0,0.00%,$12.16B,0,0.00%,$12.16B,$0.08B,0.62%,$12.16B,$-1.30B,-10.67%,$-1.30B,$80.55B,-1.13%,$-1.30B,$52.15B,-2.28%,$-1.30B,$3218.86B,-0.04%,$0.75B,$493.65B,0.12%,$12155,$0,$12155,$0,$11404,$11404,$751,$0,$75,$347,$-272,$-1232,$-1297,$0,$0,$2046,2046,$-0.63,$-0.63,$161565,$0,$0,$1327505,$0,$403741,$28398,$1431447,$1863586,$3218856,$1308028,$413101,$1390233,$1830276,$3138304,$14234,$0,$0,$80552,$3218856,$0,$0,$0,$0,$0,$0,$0,$0,$0,$0,$0,$0,$0,$0,$0,$0,$0,$0,$0,$0,$0,$0,$0,$0,$0,$0,$0,$0,$0
