,Date,Stock Price,Book Value per Share,Price to Book Ratio,TTM Sales per Share,Price to Sales Ratio,TTM FCF per Share,Price to FCF Ratio,TTM Net EPS,PE Ratio,Current Assets,Current Liabilities,Current Ratio,Long Term Debt,Shareholder's Equity_x,Debt to Equity Ratio,TTM Revenue_x,TTM Gross Profit,Gross Margin,TTM Revenue_y,TTM Operating Income,Operating Margin,TTM Revenue_x,TTM EBIT,EBIT Margin,TTM Revenue_y,TTM EBITDA,EBITDA Margin,TTM Revenue_x,TTM Pre-Tax Income,Pre-Tax Margin,TTM Revenue_y,TTM Net Income_x,Net Margin,TTM Net Income_y,Shareholder's Equity_y,Return on Equity,TTM Net Income_x,Tangible Equity,Return on Tangible Equity,TTM Net Income_y,Total Assets,Return on Assets,TTM Net Income,LT Investments & Debt,Return on Investment,revenue,cost-goods-sold,gross-profit,research-development-expenses,selling-general-administrative-expenses,operating-expenses,operating-income,total-non-operating-income-expense,pre-tax-income,total-provision-income-taxes,income-after-taxes,income-from-continuous-operations,net-income,ebitda,ebit,basic-shares-outstanding,shares-outstanding,eps-basic-net-earnings-per-share,eps-earnings-per-share-diluted,cash-on-hand,inventory,other-current-assets,total-current-assets,net-property-plant-equipment,long-term-investments,goodwill-intangible-assets-total,other-long-term-assets,total-long-term-assets,total-assets,total-current-liabilities,long-term-debt,other-non-current-liabilities,total-long-term-liabilities,total-liabilities,common-stock-net,retained-earnings-accumulated-deficit,comprehensive-income,total-share-holder-equity,total-liabilities-share-holders-equity,net-income-loss,total-depreciation-amortization-cash-flow,other-non-cash-items,total-non-cash-items,change-in-accounts-receivable,change-in-inventories,change-in-accounts-payable,change-in-assets-liabilities,total-change-in-assets-liabilities,cash-flow-from-operating-activities,net-change-in-property-plant-equipment,net-change-in-intangible-assets,net-acquisitions-divestitures,net-change-in-short-term-investments,net-change-in-long-term-investments,net-change-in-investments-total,investing-activities-other,cash-flow-from-investing-activities,net-long-term-debt,net-current-debt,debt-issuance-retirement-net-total,net-common-equity-issued-repurchased,net-total-equity-issued-repurchased,total-common-preferred-stock-dividends-paid,financial-activities-other,cash-flow-from-financial-activities,net-cash-flow,stock-based-compensation,common-stock-dividends-paid
0,2018-09-30,51.41,$11.58,4.44,$22.33,2.3,$5.57,9.23,$2.96,17.37,$3.10B,$4.30B,0.72,$10.31B,$5.96B,1.73,$11.53B,$1.89B,16.37%,$11.53B,$2.69B,23.36%,$11.53B,$2.69B,23.36%,$11.53B,$4.36B,37.83%,$11.53B,$2.11B,18.29%,$11.53B,$1.54B,13.34%,$1.54B,$5.96B,27.49%,$1.54B,$-2.54B,-50.69%,$1.54B,$23.20B,6.63%,$2.69B,$16.27B,16.93%,$2885,$1645,$1240,$0,$0,$2108,$777,$-142,$635,$180,$455,$455,$455,$1200,$777,$515,516,$0.88,$0.88,$144,$293,$1072,$3104,$8807,$2331,$8502,$452,$20093,$23198,$4297,$10306,$556,$12939,$17236,$365,$5271,$0,$5962,$23198,$1192,$1290,$732,$2023,$27,$40,$0,$-97,$-55,$2478,$-1502,$-21,$0,$0,$0,$0,$-165,$-1688,$-630,$193,$-437,$0,$0,$-567,$263,$-741,$48,$0,$-567
1,2018-06-30,47.46,$11.21,4.23,$22.28,2.13,$5.54,8.57,$2.81,16.89,$3.07B,$4.58B,0.67,$10.54B,$5.77B,1.83,$11.50B,$3.12B,27.11%,$11.50B,$2.60B,22.62%,$11.50B,$2.60B,22.62%,$11.50B,$4.34B,37.74%,$11.50B,$2.00B,17.36%,$11.50B,$1.46B,12.66%,$1.46B,$5.77B,27.17%,$1.46B,$-2.84B,-43.16%,$1.46B,$23.41B,6.32%,$2.60B,$16.31B,16.65%,$2911,$1745,$1166,$0,$0,$2188,$723,$-151,$572,$155,$417,$417,$417,$1149,$723,$515,516,$0.81,$0.81,$112,$302,$1048,$3067,$8796,$2491,$8609,$446,$20344,$23411,$4579,$10540,$514,$13063,$17641,$370,$5068,$0,$5770,$23411,$746,$867,$445,$1312,$36,$35,$0,$-47,$-115,$1498,$-978,$-9,$0,$0,$0,$0,$-143,$-1130,$-638,$393,$-245,$0,$0,$-383,$256,$-372,$-4,$0,$-383
2,2018-03-31,44.23,$11.17,3.96,$21.82,2.03,$5.22,8.47,$2.76,16.03,$3.16B,$4.90B,0.65,$10.63B,$5.75B,1.85,$11.26B,$4.29B,38.10%,$11.26B,$2.49B,22.10%,$11.26B,$2.49B,22.10%,$11.26B,$4.21B,37.34%,$11.26B,$1.96B,17.36%,$11.26B,$1.43B,12.73%,$1.43B,$5.75B,28.74%,$1.43B,$-3.05B,-39.05%,$1.43B,$23.88B,6.38%,$2.49B,$16.38B,16.17%,$2874,$1816,$1059,$0,$0,$2280,$594,$-146,$448,$112,$336,$336,$336,$1036,$594,$515,516,$0.66,$0.63,$350,$282,$1025,$3160,$8883,$2571,$8804,$456,$20715,$23875,$4896,$10627,$610,$13229,$18125,$377,$4943,$0,$5750,$23875,$336,$441,$214,$656,$123,$63,$0,$5,$-17,$700,$-479,$-5,$0,$0,$0,$0,$-101,$-585,$742,$-671,$71,$0,$0,$-195,$-25,$-150,$-34,$0,$-195
3,2017-12-31,50.01,$9.51,5.26,$21.12,2.37,$4.95,10.1,$2.56,19.54,$2.29B,$5.26B,0.44,$9.79B,$4.90B,2.0,$10.91B,$4.10B,37.60%,$10.91B,$2.33B,21.39%,$10.91B,$2.33B,21.39%,$10.91B,$4.03B,36.98%,$10.91B,$1.81B,16.59%,$10.91B,$1.32B,12.10%,$1.32B,$4.90B,28.94%,$1.32B,$-3.70B,-33.16%,$1.32B,$22.27B,6.05%,$2.33B,$14.69B,15.33%,$2859,$4437,$-1578,$0,$0,$2261,$599,$-145,$454,$124,$330,$330,$330,$976,$599,$515,517,$0.63,$0.63,$325,$241,$152,$2293,$8596,$2711,$8600,$63,$19972,$22265,$5263,$9791,$613,$12106,$17369,$368,$3799,$0,$4896,$22265,$1320,$1702,$1068,$2770,$-124,$2,$0,$-3,$-119,$3038,$-1879,$-46,$0,$0,$0,$0,$-104,$-2029,$-798,$662,$-136,$0,$0,$-762,$-61,$-959,$50,$47,$-762
4,2017-09-30,50.24,$9.75,5.15,$20.67,2.43,$5.06,9.93,$1.89,26.58,$2.17B,$5.24B,0.41,$10.10B,$5.02B,2.01,$10.67B,$10.44B,97.82%,$10.67B,$2.22B,20.77%,$10.67B,$2.22B,20.77%,$10.67B,$3.95B,37.02%,$10.67B,$1.34B,12.54%,$10.67B,$0.97B,9.04%,$0.97B,$5.02B,22.28%,$0.97B,$-3.90B,-23.29%,$0.97B,$22.63B,4.47%,$2.22B,$15.12B,14.36%,$2857,$386,$2471,$0,$469,$2173,$685,$-162,$523,$150,$373,$373,$373,$1179,$685,$515,516,$0.73,$0.73,$338,$188,$191,$2166,$8634,$2838,$8917,$73,$20466,$22632,$5239,$10097,$585,$12374,$17613,$381,$3828,$0,$5019,$22632,$1031,$1325,$792,$2116,$77,$64,$0,$-96,$-111,$2231,$-1273,$-30,$0,$0,$0,$0,$-205,$-1508,$-823,$815,$-8,$0,$0,$-591,$-95,$-694,$29,$38,$-591
5,2017-06-30,45.67,$8.33,5.48,$20.31,2.25,$4.91,9.29,$1.48,30.86,$1.91B,$3.76B,0.51,$11.10B,$4.29B,2.59,$10.49B,$9.02B,85.93%,$10.49B,$2.10B,19.98%,$10.49B,$2.10B,19.98%,$10.49B,$3.78B,36.02%,$10.49B,$1.07B,10.18%,$10.49B,$0.76B,7.25%,$0.76B,$4.29B,18.15%,$0.76B,$-4.03B,-18.25%,$0.76B,$21.12B,3.54%,$2.10B,$15.39B,13.37%,$2671,$333,$2338,$0,$442,$2060,$611,$-81,$530,$135,$395,$395,$395,$1014,$611,$515,516,$0.77,$0.77,$75,$216,$217,$1909,$7940,$2877,$8325,$68,$19215,$21124,$3762,$11100,$503,$13072,$16834,$355,$3404,$0,$4291,$21124,$613,$830,$421,$1251,$40,$19,$0,$-62,$-301,$1055,$-697,$-25,$0,$0,$0,$0,$-241,$-962,$-631,$911,$280,$0,$0,$-367,$-8,$-95,$-2,$24,$-367
6,2017-03-31,42.45,$7.84,5.41,$20.32,2.09,$5.00,8.49,$1.31,32.4,$1.87B,$3.58B,0.52,$11.66B,$4.04B,2.89,$10.50B,$7.71B,73.43%,$10.50B,$2.06B,19.56%,$10.50B,$2.06B,19.56%,$10.50B,$3.82B,36.37%,$10.50B,$0.95B,9.07%,$10.50B,$0.67B,6.40%,$0.67B,$4.04B,15.74%,$0.67B,$-4.29B,-16.16%,$0.67B,$21.27B,3.08%,$2.06B,$15.70B,12.89%,$2522,$1651,$871,$0,$0,$2084,$438,$-135,$303,$81,$222,$222,$222,$865,$438,$515,517,$0.43,$0.43,$89,$224,$246,$1872,$8088,$2908,$8324,$71,$19396,$21268,$3579,$11662,$550,$13652,$17231,$360,$3245,$0,$4036,$21268,$222,$427,$237,$663,$150,$14,$0,$-23,$-134,$450,$-367,$-11,$0,$0,$0,$0,$-81,$-459,$-40,$254,$214,$0,$0,$-187,$-2,$25,$17,$10,$-187
7,2016-12-31,36.72,$7.73,4.75,$20.01,1.83,$4.90,7.49,$1.23,29.85,$1.94B,$3.86B,0.5,$11.58B,$3.98B,2.91,$10.35B,$8.87B,85.74%,$10.35B,$1.96B,18.94%,$10.35B,$1.96B,18.94%,$10.35B,$3.73B,36.06%,$10.35B,$0.88B,8.46%,$10.35B,$0.63B,6.10%,$0.63B,$3.98B,14.68%,$0.63B,$-4.35B,-15.51%,$0.63B,$21.40B,2.91%,$1.96B,$15.56B,12.38%,$2624,$-2137,$4761,$0,$1219,$2142,$483,$-500,$-17,$7,$-25,$-25,$-25,$894,$483,$515,517,$-0.05,$-0.05,$69,$238,$162,$1941,$8118,$2932,$8334,$74,$19463,$21404,$3861,$11577,$538,$13563,$17425,$360,$3207,$0,$3979,$21404,$631,$1772,$1368,$3141,$-106,$2,$0,$-23,$11,$2988,$-1776,$-35,$0,$0,$0,$0,$-44,$-1855,$-406,$0,$-406,$0,$0,$-746,$-43,$-1195,$-62,$46,$-746
8,2016-09-30,40.01,$8.67,4.62,$19.94,2.01,$4.54,8.81,$1.69,23.67,$2.00B,$4.05B,0.49,$11.64B,$4.46B,2.61,$10.31B,$6.30B,61.12%,$10.31B,$1.86B,18.04%,$10.31B,$1.86B,18.04%,$10.31B,$3.77B,36.60%,$10.31B,$1.20B,11.65%,$10.31B,$0.88B,8.53%,$0.88B,$4.46B,19.86%,$0.88B,$-4.00B,-21.80%,$0.88B,$22.10B,3.98%,$1.86B,$16.10B,11.50%,$2677,$1629,$1048,$0,$0,$2112,$565,$-313,$252,$84,$169,$169,$169,$1007,$565,$515,517,$0.33,$0.33,$87,$207,$259,$2001,$8507,$3030,$8466,$86,$20097,$22098,$4054,$11636,$519,$13581,$17635,$366,$3607,$0,$4463,$22098,$661,$1361,$829,$2190,$-73,$37,$0,$-51,$25,$2226,$-1340,$-33,$0,$0,$0,$0,$-116,$-1489,$-369,$192,$-177,$0,$0,$-568,$-9,$-754,$-17,$35,$-568
9,2016-06-30,37.78,$8.93,4.23,$19.77,1.91,$4.50,8.4,$2.06,18.34,$1.95B,$4.07B,0.48,$11.82B,$4.60B,2.57,$10.22B,$7.49B,73.28%,$10.22B,$1.87B,18.32%,$10.22B,$1.87B,18.32%,$10.22B,$3.73B,36.51%,$10.22B,$1.40B,13.68%,$10.22B,$1.07B,10.43%,$1.07B,$4.60B,24.15%,$1.07B,$-3.99B,-26.18%,$1.07B,$22.38B,4.84%,$1.87B,$16.42B,11.55%,$2681,$1647,$1033,$0,$0,$2112,$569,$-154,$415,$109,$306,$306,$306,$1054,$569,$515,517,$0.60,$0.59,$71,$185,$289,$1951,$8610,$3125,$8585,$106,$20431,$22382,$4073,$11824,$496,$13712,$17785,$368,$3671,$0,$4597,$22382,$498,$919,$407,$1326,$-50,$62,$0,$-68,$-66,$1334,$-930,$-19,$0,$0,$0,$0,$-76,$-1025,$-206,$194,$-12,$0,$0,$-383,$-33,$-428,$-119,$21,$-383
10,2016-03-31,37.07,$8.08,4.59,$19.95,1.86,$4.11,9.03,$2.04,18.17,$1.94B,$3.98B,0.49,$11.07B,$4.16B,2.66,$10.31B,$8.88B,86.14%,$10.31B,$1.92B,18.65%,$10.31B,$1.92B,18.65%,$10.31B,$3.76B,36.46%,$10.31B,$1.40B,13.58%,$10.31B,$1.06B,10.23%,$1.06B,$4.16B,24.10%,$1.06B,$-3.93B,-25.46%,$1.06B,$21.00B,4.80%,$1.92B,$15.23B,11.84%,$2366,$336,$2030,$0,$347,$2022,$343,$-118,$225,$44,$181,$181,$181,$777,$343,$515,517,$0.35,$0.35,$85,$233,$313,$1937,$8018,$2855,$8090,$90,$19060,$20997,$3978,$11072,$489,$12860,$16838,$346,$3342,$0,$4159,$20997,$181,$434,$182,$616,$23,$-1,$0,$-52,$-87,$436,$-402,$-7,$0,$0,$0,$0,$-129,$-539,$87,$149,$236,$0,$0,$-180,$-14,$42,$-61,$9,$-180
11,2015-12-31,31.63,$0.00,0.0,$20.40,1.55,$3.65,8.66,$2.08,15.2,$2.06B,$3.93B,0.52,$12.44B,$4.50B,2.76,$10.54B,$9.09B,86.25%,$10.54B,$2.06B,19.53%,$10.54B,$2.06B,19.53%,$10.54B,$3.91B,37.11%,$10.54B,$1.45B,13.73%,$10.54B,$1.08B,10.27%,$1.08B,$4.50B,24.41%,$1.08B,$-4.22B,-25.99%,$1.08B,$22.86B,4.88%,$2.06B,$16.94B,12.36%,$2587,$396,$2191,$0,$1373,$2204,$383,$-75,$309,$84,$226,$224,$224,$936,$383,$515,517,$0.44,$0.43,$164,$249,$237,$2055,$23966,$3340,$8725,$118,$36155,$22862,$3931,$12436,$470,$14428,$18360,$371,$3591,$0,$4502,$22862,$1082,$1852,$0,$1852,$0,$0,$0,$0,$-237,$2936,$-1912,$0,$0,$0,$0,$0,$-1040,$-2952,$0,$-33,$591,$0,$0,$-766,$94,$-114,$-129,$0,$0
12,2015-09-30,31.34,$0.00,0.0,$20.63,1.52,$4.01,7.82,$2.11,14.85,$1.79B,$3.65B,0.49,$11.86B,$4.40B,2.69,$10.66B,$9.03B,84.65%,$10.66B,$2.00B,18.71%,$10.66B,$2.00B,18.71%,$10.66B,$3.78B,35.47%,$10.66B,$1.51B,14.17%,$10.66B,$1.10B,10.30%,$1.10B,$4.40B,24.12%,$1.10B,$-4.14B,-25.89%,$1.10B,$21.81B,4.88%,$2.00B,$16.26B,11.87%,$2590,$352,$2238,$0,$1219,$2012,$578,$-129,$450,$95,$355,$355,$355,$966,$578,$515,517,$0.69,$0.69,$136,$206,$184,$1788,$0,$3075,$8545,$162,$11788,$21812,$3650,$11857,$503,$13762,$17411,$363,$3455,$0,$4401,$21812,$828,$1299,$0,$1299,$0,$0,$0,$0,$-88,$2141,$-1276,$0,$-821,$0,$0,$0,$-274,$-2371,$0,$13,$514,$0,$0,$-559,$118,$87,$-143,$0,$0
13,2015-06-30,31.95,$0.00,0.0,$21.22,1.51,$4.05,7.89,$1.99,16.05,$1.82B,$3.82B,0.48,$12.11B,$4.45B,2.72,$10.97B,$9.35B,85.26%,$10.97B,$2.03B,18.52%,$10.97B,$2.03B,18.52%,$10.97B,$3.92B,35.76%,$10.97B,$1.49B,13.58%,$10.97B,$1.04B,9.47%,$1.04B,$4.45B,22.30%,$1.04B,$-4.28B,-23.74%,$1.04B,$22.28B,4.54%,$2.03B,$16.56B,11.90%,$2768,$345,$2423,$0,$1347,$2149,$619,$-203,$416,$120,$295,$295,$295,$1080,$619,$515,516,$0.57,$0.57,$102,$230,$216,$1818,$0,$2848,$8724,$168,$11747,$22276,$3824,$12111,$475,$14004,$17828,$386,$3494,$0,$4448,$22276,$503,$912,$0,$912,$0,$0,$0,$0,$-320,$1091,$-891,$0,$-489,$0,$0,$0,$-155,$-1535,$0,$0,$200,$0,$0,$-393,$499,$307,$-137,$0,$0
14,2015-03-31,29.76,$0.00,0.0,$21.65,1.37,$4.63,6.43,$2.12,14.04,$1.86B,$3.05B,0.61,$12.51B,$4.40B,2.85,$11.19B,$9.61B,85.90%,$11.19B,$2.17B,19.35%,$11.19B,$2.17B,19.35%,$11.19B,$4.09B,36.53%,$11.19B,$1.57B,14.04%,$11.19B,$1.12B,10.02%,$1.12B,$4.40B,23.75%,$1.12B,$-4.02B,-25.05%,$1.12B,$21.80B,4.87%,$2.17B,$16.91B,12.62%,$2597,$356,$2240,$0,$1310,$2118,$479,$-174,$272,$66,$206,$209,$209,$930,$479,$515,517,$0.41,$0.39,$120,$307,$265,$1855,$0,$2662,$8416,$288,$11374,$21799,$3053,$12511,$414,$14351,$17404,$382,$3205,$0,$4395,$21799,$206,$452,$0,$452,$0,$0,$0,$0,$-283,$183,$-384,$0,$0,$0,$0,$0,$-94,$-477,$0,$-1300,$855,$0,$0,$-190,$764,$130,$-164,$0,$0
15,2014-12-31,34.16,$0.00,0.0,$21.98,1.55,$4.88,7.0,$2.25,15.18,$2.13B,$4.46B,0.48,$12.53B,$4.97B,2.52,$11.33B,$9.79B,86.42%,$11.33B,$2.26B,19.96%,$11.33B,$2.26B,19.96%,$11.33B,$4.20B,37.10%,$11.33B,$1.67B,14.77%,$11.33B,$1.19B,10.50%,$1.19B,$4.97B,25.12%,$1.19B,$-4.52B,-30.27%,$1.19B,$24.03B,5.15%,$2.26B,$17.49B,13.21%,$2706,$583,$2124,$0,$1311,$2388,$319,$-206,$373,$113,$260,$239,$239,$805,$319,$515,517,$0.46,$0.46,$283,$227,$173,$2125,$0,$2434,$9488,$323,$12252,$24032,$4458,$12526,$478,$14607,$19065,$429,$3780,$0,$4966,$24032,$1215,$1943,$0,$1943,$0,$0,$0,$0,$4463,$3351,$-2144,$0,$0,$0,$0,$0,$-3248,$-5392,$0,$174,$780,$0,$0,$-843,$5,$116,$-1925,$0,$0
16,2014-09-30,32.56,$0.00,0.0,$22.41,1.45,$5.83,5.58,$2.35,13.86,$2.04B,$4.38B,0.47,$12.52B,$4.83B,2.59,$11.56B,$10.08B,87.21%,$11.56B,$2.45B,21.20%,$11.56B,$2.45B,21.20%,$11.56B,$4.41B,38.17%,$11.56B,$1.71B,14.83%,$11.56B,$1.24B,10.73%,$1.24B,$4.83B,26.78%,$1.24B,$-4.69B,-36.93%,$1.24B,$23.50B,5.44%,$2.45B,$17.34B,14.55%,$2896,$333,$2563,$0,$1459,$2282,$614,$-280,$428,$122,$305,$296,$296,$1107,$614,$515,517,$0.57,$0.57,$182,$0,$519,$2036,$0,$1948,$9511,$321,$11816,$23501,$4378,$12515,$285,$14297,$18675,$435,$3893,$0,$4826,$23501,$960,$1456,$0,$1456,$0,$0,$0,$0,$6,$2452,$-1565,$0,$-3035,$0,$0,$0,$-156,$-4756,$0,$126,$792,$0,$0,$-638,$5,$284,$-2020,$0,$0
17,2014-06-30,34.66,$0.00,0.0,$22.82,1.52,$6.40,5.41,$2.64,13.13,$1.82B,$4.01B,0.45,$12.23B,$4.70B,2.6,$11.76B,$10.26B,87.24%,$11.76B,$2.62B,22.28%,$11.76B,$2.62B,22.28%,$11.76B,$4.54B,38.55%,$11.76B,$1.90B,16.14%,$11.76B,$1.39B,11.82%,$1.39B,$4.70B,30.84%,$1.39B,$-4.67B,-50.59%,$1.39B,$22.71B,6.29%,$2.62B,$16.92B,16.27%,$2993,$306,$2687,$0,$1445,$2239,$754,$-208,$498,$127,$371,$377,$377,$1246,$754,$515,517,$0.74,$0.70,$43,$0,$497,$1820,$0,$1683,$9365,$317,$11401,$22714,$4005,$12227,$302,$14013,$18018,$434,$3793,$0,$4696,$22714,$653,$964,$0,$964,$0,$0,$0,$0,$-151,$1476,$-976,$0,$0,$0,$0,$0,$-3120,$-4096,$0,$145,$789,$0,$0,$-421,$5,$518,$-2102,$0,$0
18,2014-03-31,35.32,$0.00,0.0,$22.50,1.57,$6.93,5.09,$2.84,12.44,$3.75B,$3.56B,1.06,$12.29B,$4.46B,2.75,$11.90B,$10.29B,86.48%,$11.90B,$2.66B,22.38%,$11.90B,$2.66B,22.38%,$11.90B,$4.53B,38.07%,$11.90B,$2.09B,17.55%,$11.90B,$1.53B,12.87%,$1.53B,$4.46B,35.01%,$1.53B,$-1.85B,-69.00%,$1.53B,$22.11B,7.06%,$2.66B,$16.75B,17.18%,$2738,$318,$2420,$0,$1374,$2163,$575,$-203,$375,$96,$279,$278,$278,$1046,$575,$512,512,$0.54,$0.52,$2075,$0,$487,$3754,$0,$1766,$6312,$919,$9038,$22112,$3558,$12287,$257,$14090,$17648,$429,$3602,$0,$4464,$22112,$279,$471,$0,$471,$0,$0,$0,$0,$-280,$370,$-443,$0,$0,$0,$0,$0,$-622,$-1065,$0,$0,$782,$0,$0,$-203,$7,$585,$-109,$0,$0
19,2013-12-31,38.16,$0.00,0.0,$22.91,1.67,$7.74,4.93,$2.98,12.81,$4.20B,$4.47B,0.94,$11.83B,$4.54B,2.61,$12.11B,$10.43B,86.11%,$12.11B,$2.69B,22.22%,$12.11B,$2.69B,22.22%,$12.11B,$4.53B,37.44%,$12.11B,$2.20B,18.16%,$12.11B,$1.60B,13.19%,$1.60B,$4.54B,37.64%,$1.60B,$-2.23B,-69.24%,$1.60B,$22.93B,7.45%,$2.69B,$16.36B,18.08%,$2933,$521,$2412,$0,$1419,$2425,$508,$-257,$413,$109,$304,$289,$289,$1014,$508,$515,517,$0.56,$0.56,$2306,$0,$425,$4197,$0,$1588,$6763,$386,$8767,$22926,$4474,$11825,$438,$13916,$18391,$459,$3785,$0,$4535,$22926,$1621,$1844,$0,$1844,$0,$0,$0,$0,$231,$3876,$-2176,$0,$-1049,$0,$0,$0,$-149,$-3374,$0,$631,$2158,$0,$-20,$-851,$-392,$1526,$2028,$0,$0
20,2013-09-30,35.95,$0.00,0.0,$23.52,1.53,$7.18,5.01,$3.44,10.45,$2.68B,$4.13B,0.65,$10.08B,$4.34B,2.32,$12.43B,$10.66B,85.73%,$12.43B,$2.84B,22.87%,$12.43B,$2.84B,22.87%,$12.43B,$4.63B,37.23%,$12.43B,$2.46B,19.77%,$12.43B,$1.84B,14.77%,$1.84B,$4.34B,45.32%,$1.84B,$-2.25B,-78.14%,$1.84B,$20.69B,8.91%,$2.84B,$14.41B,19.82%,$3099,$355,$2743,$0,$1501,$2315,$784,$-176,$612,$166,$447,$446,$446,$1229,$784,$516,516,$0.86,$0.86,$833,$0,$533,$2679,$0,$1485,$6583,$326,$8422,$20691,$4131,$10076,$584,$12224,$16355,$453,$3563,$0,$4336,$20691,$1298,$1338,$0,$1338,$0,$0,$0,$0,$68,$2809,$-1629,$0,$0,$0,$0,$-815,$-13,$-2457,$0,$626,$649,$0,$-21,$-628,$-370,$256,$607,$0,$0
21,2013-06-30,32.44,$0.00,0.0,$23.68,1.37,$7.45,4.36,$3.49,9.3,$2.84B,$4.39B,0.65,$10.31B,$4.16B,2.48,$12.53B,$10.69B,85.29%,$12.53B,$2.89B,23.05%,$12.53B,$2.89B,23.05%,$12.53B,$4.63B,36.96%,$12.53B,$2.49B,19.88%,$12.53B,$1.86B,14.84%,$1.86B,$4.16B,47.95%,$1.86B,$-2.55B,-78.68%,$1.86B,$21.02B,9.19%,$2.89B,$14.47B,20.25%,$3125,$414,$2712,$0,$1464,$2331,$795,$-122,$687,$167,$520,$518,$518,$1240,$795,$517,572,$1.00,$0.90,$897,$0,$554,$2836,$0,$1501,$6713,$317,$8556,$21019,$4389,$10311,$593,$12471,$16861,$459,$3384,$0,$4159,$21019,$865,$893,$0,$893,$0,$0,$0,$0,$-56,$1824,$-967,$0,$0,$0,$0,$58,$-1004,$-1913,$0,$635,$659,$0,$0,$-418,$-140,$736,$647,$0,$0
22,2013-03-31,41.85,$0.00,0.0,$23.95,1.75,$7.06,5.93,$3.34,12.53,$3.55B,$4.61B,0.77,$10.33B,$3.94B,2.62,$12.46B,$10.66B,85.59%,$12.46B,$2.88B,23.15%,$12.46B,$2.88B,23.15%,$12.46B,$4.69B,37.63%,$12.46B,$2.44B,19.55%,$12.46B,$1.73B,13.92%,$1.73B,$3.94B,46.83%,$1.73B,$-2.20B,-74.64%,$1.73B,$21.07B,8.82%,$2.88B,$14.27B,20.43%,$2951,$392,$2559,$0,$1509,$2347,$603,$-170,$487,$137,$350,$344,$344,$1050,$603,$512,512,$0.67,$0.66,$1446,$0,$744,$3546,$0,$1579,$6139,$216,$7974,$21073,$4609,$10332,$686,$12524,$17132,$468,$3152,$0,$3941,$21073,$350,$447,$0,$447,$0,$0,$0,$0,$-47,$799,$-461,$0,$0,$0,$0,$0,$-329,$-789,$0,$397,$1007,$0,$0,$-202,$0,$1202,$1212,$0,$0
23,2012-12-31,36.98,$0.00,0.0,$23.76,1.56,$6.55,5.65,$3.26,11.34,$2.22B,$3.00B,0.74,$10.45B,$3.77B,2.77,$12.49B,$10.71B,85.77%,$12.49B,$2.94B,23.53%,$12.49B,$2.94B,23.53%,$12.49B,$4.76B,38.09%,$12.49B,$2.35B,18.84%,$12.49B,$1.70B,13.59%,$1.70B,$3.77B,46.51%,$1.70B,$-2.40B,-72.91%,$1.70B,$19.63B,8.96%,$2.94B,$14.22B,20.96%,$3256,$613,$2643,$0,$1524,$2595,$661,$-12,$671,$120,$551,$528,$528,$1109,$661,$514,519,$1.03,$1.02,$221,$0,$464,$2222,$0,$1527,$6170,$98,$7826,$19630,$3004,$10447,$907,$12856,$15859,$469,$3048,$0,$3770,$19630,$1701,$1820,$0,$1820,$0,$0,$0,$0,$-248,$3423,$-2007,$0,$0,$0,$0,$-707,$-121,$-2836,$0,$0,$851,$0,$-350,$-803,$-14,$-317,$270,$0,$0
24,2012-09-30,32.54,$0.00,0.0,$23.43,1.39,$6.96,4.68,$2.85,11.42,$2.30B,$2.86B,0.81,$10.44B,$3.64B,2.87,$12.43B,$10.73B,86.35%,$12.43B,$2.96B,23.81%,$12.43B,$2.96B,23.81%,$12.43B,$4.77B,38.41%,$12.43B,$2.09B,16.81%,$12.43B,$1.50B,12.06%,$1.50B,$3.64B,41.47%,$1.50B,$-2.30B,-63.92%,$1.50B,$19.22B,8.01%,$2.96B,$14.08B,21.26%,$3197,$425,$2772,$0,$1505,$2369,$829,$-176,$646,$178,$468,$469,$469,$1232,$829,$518,518,$0.91,$0.91,$461,$0,$407,$2303,$0,$1452,$5939,$154,$7584,$19218,$2856,$10439,$708,$12723,$15579,$471,$2914,$0,$3639,$19218,$1176,$1372,$0,$1372,$0,$0,$0,$0,$-141,$2765,$-1441,$0,$0,$0,$0,$-542,$-150,$-2134,$0,$0,$854,$0,$0,$-602,$-366,$-114,$518,$0,$0
25,2012-06-30,28.88,$0.00,0.0,$23.22,1.24,$7.02,4.11,$2.83,10.21,$2.49B,$2.70B,0.92,$10.43B,$3.46B,3.01,$12.45B,$10.80B,86.72%,$12.45B,$2.96B,23.78%,$12.45B,$2.96B,23.78%,$12.45B,$4.80B,38.57%,$12.45B,$2.11B,16.93%,$12.45B,$1.53B,12.30%,$1.53B,$3.46B,41.57%,$1.53B,$-2.40B,-66.18%,$1.53B,$18.72B,8.25%,$2.96B,$13.89B,21.24%,$3053,$366,$2688,$0,$1435,$2263,$791,$-183,$631,$222,$409,$406,$393,$1297,$791,$519,533,$0.77,$0.75,$597,$0,$537,$2486,$0,$1042,$5857,$224,$7161,$18724,$2702,$10431,$660,$12560,$15262,$465,$2614,$0,$3462,$18724,$698,$969,$0,$969,$0,$0,$0,$0,$-251,$1592,$-1000,$0,$0,$0,$0,$0,$-35,$-1034,$0,$0,$842,$0,$-347,$-390,$-9,$96,$654,$0,$0
26,2012-03-31,31.31,$0.00,0.0,$23.53,1.33,$7.43,4.21,$2.87,10.91,$1.83B,$2.14B,0.86,$10.18B,$3.73B,2.73,$12.69B,$11.00B,86.66%,$12.69B,$3.02B,23.76%,$12.69B,$3.02B,23.76%,$12.69B,$4.82B,37.95%,$12.69B,$2.06B,16.25%,$12.69B,$1.57B,12.39%,$1.57B,$3.73B,41.11%,$1.57B,$-2.22B,-69.69%,$1.57B,$18.27B,8.50%,$3.02B,$13.91B,21.63%,$2986,$375,$2611,$0,$1490,$2328,$658,$-216,$405,$101,$304,$308,$308,$1120,$658,$526,535,$0.59,$0.58,$0,$0,$480,$1829,$0,$1163,$5954,$169,$7325,$18267,$2139,$10176,$813,$12396,$14535,$477,$2536,$0,$3732,$18267,$304,$462,$0,$462,$0,$0,$0,$0,$-200,$527,$-448,$0,$0,$0,$0,$0,$-119,$-567,$0,$0,$240,$0,$0,$-187,$0,$53,$13,$0,$0
27,2011-12-31,30.07,$0.00,0.0,$23.56,1.28,$7.91,3.8,$2.92,10.3,$1.94B,$2.58B,0.75,$10.15B,$3.62B,2.81,$12.84B,$11.16B,86.90%,$12.84B,$3.21B,24.97%,$12.84B,$3.21B,24.97%,$12.84B,$4.97B,38.71%,$12.84B,$2.12B,16.54%,$12.84B,$1.62B,12.58%,$1.62B,$3.62B,42.19%,$1.62B,$-2.46B,-70.61%,$1.62B,$18.58B,8.77%,$3.21B,$13.77B,23.12%,$3189,$531,$2658,$0,$1534,$2509,$680,$-191,$407,$91,$316,$328,$328,$1124,$680,$527,536,$0.62,$0.61,$0,$0,$342,$1935,$0,$1120,$6073,$200,$7424,$18582,$2580,$10154,$827,$12388,$14967,$484,$2472,$0,$3615,$18582,$1582,$1764,$0,$1764,$0,$0,$0,$0,$-171,$3836,$-2153,$0,$-538,$0,$0,$0,$-174,$-2865,$0,$0,$1314,$0,$-1109,$-767,$-421,$-984,$-12,$0,$0
28,2011-09-30,26.45,$0.00,0.0,$23.27,1.14,$7.83,3.38,$2.90,9.12,$1.99B,$3.01B,0.66,$10.26B,$3.92B,2.62,$12.84B,$11.20B,87.21%,$12.84B,$3.28B,25.51%,$12.84B,$3.28B,25.51%,$12.84B,$5.02B,39.12%,$12.84B,$2.18B,16.98%,$12.84B,$1.62B,12.60%,$1.62B,$3.92B,41.65%,$1.62B,$-2.18B,-76.47%,$1.62B,$18.61B,9.01%,$3.28B,$14.19B,24.26%,$3221,$383,$2839,$0,$1571,$2391,$831,$-166,$665,$163,$502,$502,$502,$1260,$831,$540,540,$0.93,$0.89,$0,$0,$481,$1993,$0,$1201,$6101,$200,$7533,$18613,$3011,$10264,$740,$11678,$14690,$491,$2521,$0,$3923,$18613,$1264,$1320,$0,$1320,$0,$0,$0,$0,$-274,$2923,$-1508,$0,$-544,$0,$0,$0,$-298,$-2350,$0,$0,$1195,$0,$-741,$-581,$-426,$-552,$21,$0,$0
29,2011-06-30,30.28,$0.00,0.0,$22.59,1.34,$7.57,4.0,$2.64,11.47,$2.11B,$3.03B,0.7,$9.88B,$4.03B,2.45,$12.68B,$11.03B,87.03%,$12.68B,$3.25B,25.60%,$12.68B,$3.25B,25.60%,$12.68B,$4.94B,38.97%,$12.68B,$2.00B,15.76%,$12.68B,$1.48B,11.67%,$1.48B,$4.03B,37.96%,$1.48B,$-2.17B,-75.02%,$1.48B,$18.52B,8.45%,$3.25B,$13.90B,24.72%,$3294,$405,$2889,$0,$1584,$2448,$846,$-186,$585,$161,$424,$434,$434,$1312,$846,$547,547,$0.79,$0.79,$0,$0,$491,$2107,$0,$993,$6191,$184,$7414,$18523,$3033,$9878,$994,$11465,$14498,$506,$2305,$0,$4025,$18523,$770,$891,$0,$891,$0,$0,$0,$0,$-438,$1776,$-946,$0,$-550,$0,$0,$0,$-277,$-1772,$0,$0,$1083,$0,$-295,$-387,$-430,$-28,$-25,$0,$0
30,2011-03-31,27.61,$0.00,0.0,$21.81,1.27,$7.78,3.55,$2.63,10.5,$1.89B,$2.78B,0.68,$9.86B,$3.75B,2.63,$12.41B,$10.86B,87.51%,$12.41B,$3.24B,26.13%,$12.41B,$3.24B,26.13%,$12.41B,$4.87B,39.25%,$12.41B,$2.02B,16.27%,$12.41B,$1.50B,12.05%,$1.50B,$3.75B,38.13%,$1.50B,$-2.35B,-83.19%,$1.50B,$17.90B,8.79%,$3.24B,$13.61B,25.67%,$3134,$364,$2770,$0,$1497,$2285,$849,$-278,$467,$127,$340,$351,$351,$1273,$849,$558,558,$0.63,$0.63,$0,$0,$469,$1894,$0,$959,$6095,$174,$7287,$17901,$2781,$9864,$933,$11372,$14153,$497,$2062,$0,$3747,$17901,$340,$424,$0,$424,$0,$0,$0,$0,$-243,$749,$-401,$0,$-511,$0,$0,$0,$-164,$-1076,$0,$0,$1138,$0,$-289,$-182,$-345,$323,$-4,$0,$0
31,2010-12-31,25.99,$0.00,0.0,$21.05,1.23,$7.94,3.27,$2.64,9.85,$1.95B,$2.93B,0.67,$8.47B,$3.84B,2.2,$12.17B,$10.69B,87.86%,$12.17B,$3.20B,26.27%,$12.17B,$3.20B,26.27%,$12.17B,$4.79B,39.39%,$12.17B,$2.08B,17.06%,$12.17B,$1.53B,12.53%,$1.53B,$3.84B,37.95%,$1.53B,$-1.77B,-97.90%,$1.53B,$16.83B,9.21%,$3.20B,$12.31B,26.09%,$3191,$490,$2700,$0,$1527,$2441,$750,$-206,$463,$139,$323,$331,$331,$1178,$750,$564,564,$0.59,$0.59,$1,$0,$509,$1947,$0,$706,$5616,$312,$6634,$16827,$2926,$8465,$1592,$10058,$12983,$484,$2043,$0,$3844,$16827,$1484,$1597,$0,$1597,$0,$0,$0,$0,$-175,$3515,$-1786,$0,$-195,$0,$0,$-73,$-83,$-2136,$0,$0,$532,$0,$-1271,$-713,$-338,$-1790,$-411,$0,$0
32,2010-09-30,27.85,$0.00,0.0,$20.42,1.36,$7.68,3.63,$2.56,10.88,$2.27B,$2.61B,0.87,$8.72B,$3.97B,2.2,$12.03B,$10.68B,88.73%,$12.03B,$3.28B,27.26%,$12.03B,$3.28B,27.26%,$12.03B,$4.68B,38.87%,$12.03B,$1.99B,16.55%,$12.03B,$1.50B,12.50%,$1.50B,$3.97B,37.62%,$1.50B,$-1.60B,-105.90%,$1.50B,$16.78B,9.34%,$3.28B,$12.69B,27.38%,$3059,$384,$2675,$0,$1489,$2258,$801,$-259,$483,$127,$356,$363,$363,$1177,$801,$578,578,$0.63,$0.63,$331,$0,$592,$2272,$0,$547,$5570,$411,$6529,$16778,$2609,$8724,$1476,$10200,$12809,$489,$1910,$0,$3969,$16778,$1156,$1169,$0,$1169,$0,$0,$0,$0,$-276,$2562,$-1200,$0,$-170,$0,$0,$0,$-136,$-1506,$0,$0,$696,$0,$-926,$-529,$-335,$-1094,$-38,$0,$0
33,2010-06-30,24.16,$0.00,0.0,$19.80,1.22,$7.54,3.21,$2.68,9.01,$1.90B,$3.40B,0.56,$7.80B,$4.13B,1.89,$11.85B,$10.56B,89.15%,$11.85B,$3.27B,27.60%,$11.85B,$3.27B,27.60%,$11.85B,$4.82B,40.69%,$11.85B,$2.07B,17.45%,$11.85B,$1.60B,13.50%,$1.60B,$4.13B,39.64%,$1.60B,$-1.47B,-124.63%,$1.60B,$16.56B,10.21%,$3.27B,$11.94B,28.28%,$3029,$311,$2718,$0,$1480,$2186,$844,$-156,$607,$168,$439,$451,$451,$1244,$844,$578,578,$0.78,$0.78,$119,$0,$559,$1896,$0,$540,$5605,$497,$6643,$16560,$3402,$7802,$1223,$9024,$12427,$502,$1774,$0,$4133,$16560,$809,$792,$0,$792,$0,$0,$0,$0,$-36,$1783,$-784,$0,$-129,$0,$0,$0,$-160,$-1072,$0,$0,$0,$0,$-611,$-353,$-1,$-966,$-254,$0,$0
34,2010-03-31,24.95,$0.00,0.0,$19.12,1.3,$6.85,3.64,$2.49,10.02,$1.79B,$2.50B,0.72,$7.94B,$4.13B,1.93,$11.71B,$10.45B,89.27%,$11.71B,$3.37B,28.80%,$11.71B,$3.37B,28.80%,$11.71B,$4.90B,41.83%,$11.71B,$1.89B,16.12%,$11.71B,$1.52B,13.01%,$1.52B,$4.13B,38.22%,$1.52B,$-1.39B,-132.35%,$1.52B,$16.09B,10.12%,$3.37B,$12.07B,29.60%,$2887,$291,$2596,$0,$1403,$2086,$801,$-165,$523,$158,$365,$380,$380,$1193,$801,$594,594,$0.64,$0.64,$122,$0,$551,$1792,$0,$634,$5513,$283,$6431,$16094,$2501,$7944,$1521,$9465,$11966,$503,$1514,$0,$4127,$16094,$365,$392,$0,$392,$0,$0,$0,$0,$-48,$820,$-352,$0,$-125,$0,$0,$0,$-133,$-609,$0,$0,$0,$0,$-289,$-168,$0,$-457,$-247,$0,$0
35,2009-12-31,22.45,$0.00,0.0,$18.61,1.21,$6.49,3.46,$2.34,9.59,$1.99B,$2.42B,0.82,$7.45B,$3.76B,1.98,$11.57B,$10.36B,89.50%,$11.57B,$3.62B,31.31%,$11.57B,$3.62B,31.31%,$11.57B,$5.15B,44.48%,$11.57B,$1.74B,15.06%,$11.57B,$1.45B,12.55%,$1.45B,$3.76B,36.94%,$1.45B,$-1.22B,-148.47%,$1.45B,$14.98B,10.09%,$3.62B,$11.21B,32.66%,$3057,$370,$2687,$0,$1449,$2223,$834,$-269,$378,$88,$290,$310,$310,$1063,$834,$608,608,$0.51,$0.51,$341,$0,$491,$1985,$0,$550,$4983,$246,$5780,$14981,$2419,$7450,$1350,$8800,$11219,$465,$1231,$0,$3762,$14981,$1301,$1523,$0,$1523,$0,$0,$0,$0,$232,$3336,$-1633,$0,$-10,$0,$0,$-143,$-260,$-2046,$0,$0,$871,$0,$-1183,$-620,$-5,$-937,$354,$0,$0
36,2009-09-30,20.24,$0.00,0.0,$18.27,1.11,$5.62,3.6,$1.61,12.57,$1.84B,$2.70B,0.68,$6.90B,$4.12B,1.67,$11.45B,$10.25B,89.52%,$11.45B,$3.65B,31.87%,$11.45B,$3.65B,31.87%,$11.45B,$5.37B,46.84%,$11.45B,$1.26B,11.00%,$11.45B,$1.00B,8.77%,$1.00B,$4.12B,24.45%,$1.00B,$-1.06B,-108.86%,$1.00B,$15.08B,6.84%,$3.65B,$11.03B,31.98%,$2875,$314,$2561,$0,$1391,$2084,$791,$-121,$559,$117,$442,$459,$459,$1321,$791,$616,616,$0.75,$0.75,$159,$0,$554,$1843,$0,$439,$5179,$302,$5920,$15075,$2697,$6903,$1352,$8255,$10951,$489,$1167,$0,$4124,$15075,$1063,$1294,$0,$1294,$0,$0,$0,$0,$115,$2534,$-1169,$0,$-15,$0,$0,$0,$-244,$-1428,$0,$0,$377,$0,$-833,$-480,$0,$-936,$170,$0,$0
37,2009-06-30,18.32,$0.00,0.0,$18.08,1.01,$5.27,3.48,$1.60,11.45,$1.57B,$1.79B,0.88,$7.34B,$3.93B,1.87,$11.42B,$10.11B,88.52%,$11.42B,$3.46B,30.33%,$11.42B,$3.46B,30.33%,$11.42B,$5.04B,44.11%,$11.42B,$1.19B,10.43%,$11.42B,$1.02B,8.90%,$1.02B,$3.93B,23.52%,$1.02B,$-0.94B,-159.37%,$1.02B,$14.04B,6.82%,$3.46B,$11.26B,29.58%,$2891,$281,$2610,$0,$1281,$1945,$946,$-107,$428,$107,$321,$374,$374,$1321,$946,$634,634,$0.59,$0.59,$59,$0,$499,$1572,$0,$265,$4866,$536,$5667,$14042,$1785,$7336,$994,$8330,$10116,$468,$849,$0,$3926,$14042,$586,$764,$0,$764,$0,$0,$0,$0,$-202,$1342,$-680,$0,$-9,$0,$0,$0,$-202,$-891,$0,$0,$356,$0,$-437,$-294,$0,$-375,$76,$0,$0
38,2009-03-31,16.08,$0.00,0.0,$17.90,0.9,$5.42,2.96,$1.48,10.86,$1.60B,$1.79B,0.89,$6.96B,$3.91B,1.78,$11.33B,$10.08B,88.94%,$11.33B,$3.12B,27.52%,$11.33B,$3.12B,27.52%,$11.33B,$4.73B,41.74%,$11.33B,$1.21B,10.70%,$11.33B,$0.94B,8.32%,$0.94B,$3.91B,20.87%,$0.94B,$-0.70B,-193.24%,$0.94B,$13.47B,6.22%,$3.12B,$10.87B,27.00%,$2747,$250,$2497,$0,$1088,$1695,$1052,$-139,$378,$129,$249,$309,$309,$1441,$1052,$631,631,$0.49,$0.49,$25,$0,$641,$1598,$0,$715,$4605,$200,$5520,$13467,$1794,$6963,$800,$7763,$9557,$452,$657,$0,$3910,$13467,$249,$389,$0,$389,$0,$0,$0,$0,$-156,$558,$-289,$0,$0,$0,$0,$0,$-146,$-435,$0,$0,$-56,$0,$0,$-128,$0,$-184,$-61,$0,$0
39,2008-12-31,20.9,$0.00,0.0,$17.64,1.18,$5.59,3.74,$1.53,13.66,$2.16B,$2.56B,0.84,$8.03B,$4.46B,1.8,$11.19B,$9.96B,89.01%,$11.19B,$2.73B,24.38%,$11.19B,$2.73B,24.38%,$11.19B,$4.39B,39.22%,$11.19B,$1.35B,12.03%,$11.19B,$0.98B,8.74%,$0.98B,$4.46B,20.75%,$0.98B,$-1.00B,-242.98%,$0.98B,$16.14B,6.31%,$2.73B,$12.49B,23.72%,$2941,$355,$2586,$0,$1331,$2080,$861,$-483,$-105,$66,$-171,$-138,$-138,$1282,$861,$627,627,$-0.22,$-0.22,$0,$0,$838,$2163,$0,$324,$5461,$733,$6517,$16136,$2564,$8030,$1080,$9110,$11674,$529,$663,$0,$4462,$16136,$946,$1661,$0,$1661,$0,$0,$0,$0,$-203,$3122,$-1908,$0,$-1132,$0,$0,$0,$-110,$-3150,$0,$0,$1075,$0,$-126,$-528,$-353,$68,$40,$0,$0
40,2008-09-30,23.09,$0.00,0.0,$17.18,1.34,$5.17,4.47,$2.15,10.74,$2.02B,$2.31B,0.87,$7.22B,$4.98B,1.45,$10.94B,$9.82B,89.72%,$10.94B,$2.74B,25.08%,$10.94B,$2.74B,25.08%,$10.94B,$4.34B,39.69%,$10.94B,$1.78B,16.24%,$10.94B,$1.37B,12.52%,$1.37B,$4.98B,29.27%,$1.37B,$0.08B,-512.63%,$1.37B,$15.91B,9.11%,$2.74B,$12.20B,25.23%,$2840,$425,$2415,$0,$1398,$2236,$604,$-143,$490,$13,$476,$471,$471,$993,$604,$634,634,$0.74,$0.74,$0,$0,$747,$2016,$0,$502,$4896,$1168,$6666,$15911,$2314,$7224,$1395,$8619,$10932,$530,$962,$0,$4979,$15911,$1097,$1240,$0,$1240,$0,$0,$0,$0,$-262,$2373,$-1191,$0,$0,$0,$0,$0,$-1360,$-2551,$0,$0,$1076,$0,$-130,$-385,$-361,$201,$23,$0,$0
41,2008-06-30,26.86,$0.00,0.0,$16.60,1.62,$4.52,5.94,$1.81,14.84,$2.01B,$2.44B,0.82,$5.90B,$4.73B,1.25,$10.59B,$9.66B,91.16%,$10.59B,$2.71B,25.54%,$10.59B,$2.71B,25.54%,$10.59B,$4.33B,40.88%,$10.59B,$1.70B,16.07%,$10.59B,$1.16B,10.91%,$1.16B,$4.73B,25.84%,$1.16B,$-0.34B,-291.55%,$1.16B,$15.09B,7.95%,$2.71B,$10.63B,26.36%,$2803,$223,$2580,$0,$1563,$2202,$601,$-124,$449,$151,$298,$301,$301,$1014,$601,$640,640,$0.47,$0.47,$0,$0,$824,$2006,$0,$373,$5069,$188,$5736,$15091,$2440,$5898,$2025,$7923,$10363,$547,$659,$0,$4727,$15091,$639,$851,$0,$851,$0,$0,$0,$0,$-243,$1561,$-794,$0,$-146,$0,$0,$0,$-133,$-1072,$0,$0,$-198,$0,$-38,$-238,$0,$-473,$16,$0,$0
42,2008-03-31,24.96,$0.00,0.0,$15.87,1.57,$3.66,6.82,$1.26,19.81,$1.90B,$2.39B,0.8,$6.01B,$4.69B,1.28,$10.06B,$9.12B,90.65%,$10.06B,$2.12B,21.06%,$10.06B,$2.12B,21.06%,$10.06B,$3.72B,36.93%,$10.06B,$1.12B,11.16%,$10.06B,$0.80B,7.99%,$0.80B,$4.69B,18.95%,$0.80B,$-0.35B,-170.88%,$0.80B,$14.83B,5.68%,$2.12B,$10.70B,21.03%,$2609,$227,$2382,$0,$1281,$1946,$663,$-140,$512,$169,$343,$344,$344,$1101,$663,$637,637,$0.54,$0.54,$0,$0,$778,$1904,$0,$369,$5040,$203,$5716,$14833,$2391,$6009,$1746,$7755,$10146,$544,$525,$0,$4687,$14833,$343,$438,$0,$438,$0,$0,$0,$0,$-165,$696,$-320,$0,$-7,$0,$0,$0,$-131,$-458,$0,$0,$-164,$0,$0,$-80,$0,$-244,$-6,$0,$0
43,2007-12-31,31.24,$0.00,0.0,$15.29,2.04,$3.09,10.1,$0.98,31.88,$2.01B,$2.57B,0.78,$5.65B,$4.33B,1.31,$9.75B,$8.85B,90.77%,$9.75B,$2.13B,21.87%,$9.75B,$2.13B,21.87%,$9.75B,$3.63B,37.26%,$9.75B,$0.83B,8.51%,$9.75B,$0.63B,6.46%,$0.63B,$4.33B,15.81%,$0.63B,$-0.46B,-122.15%,$0.63B,$14.34B,4.66%,$2.13B,$9.97B,22.05%,$2687,$249,$2438,$0,$1145,$1811,$876,$-582,$325,$80,$245,$254,$254,$1234,$876,$635,635,$0.40,$0.40,$0,$0,$841,$2006,$0,$454,$4786,$172,$5516,$14344,$2567,$5646,$1804,$7450,$10016,$508,$320,$0,$4328,$14344,$596,$1500,$0,$1500,$0,$0,$0,$0,$-258,$2644,$-1681,$0,$-503,$0,$0,$0,$-98,$-2282,$0,$0,$-193,$0,$-172,$0,$-37,$-402,$-39,$0,$0
44,2007-09-30,31.34,$0.00,0.0,$14.82,2.11,$2.82,11.13,$0.85,36.87,$1.98B,$2.31B,0.85,$5.60B,$4.15B,1.35,$9.43B,$8.66B,91.84%,$9.43B,$1.99B,21.12%,$9.43B,$1.99B,21.12%,$9.43B,$3.47B,36.79%,$9.43B,$0.67B,7.08%,$9.43B,$0.55B,5.85%,$0.55B,$4.15B,14.42%,$0.55B,$-0.43B,-98.13%,$0.55B,$13.92B,4.23%,$1.99B,$9.76B,20.88%,$2493,$237,$2256,$0,$1311,$1928,$565,$-152,$416,$159,$257,$257,$257,$981,$565,$640,640,$0.40,$0.40,$0,$0,$867,$1976,$0,$443,$4587,$210,$5293,$13921,$2312,$5604,$1851,$7455,$9767,$510,$161,$0,$4154,$13921,$366,$1142,$0,$1142,$0,$0,$0,$0,$-342,$1898,$-1120,$0,$-123,$0,$0,$0,$-181,$-1424,$0,$0,$-393,$0,$25,$-125,$-37,$-530,$-56,$0,$0
45,2007-06-30,29.17,$0.00,0.0,$14.31,2.04,$2.44,11.96,$0.67,43.86,$1.91B,$2.02B,0.94,$6.05B,$3.80B,1.59,$9.06B,$8.28B,91.39%,$9.06B,$1.79B,19.74%,$9.06B,$1.79B,19.74%,$9.06B,$3.22B,35.49%,$9.06B,$0.46B,5.05%,$9.06B,$0.43B,4.77%,$0.43B,$3.80B,11.70%,$0.43B,$-0.64B,-64.09%,$0.43B,$13.47B,3.41%,$1.79B,$9.86B,18.88%,$2270,$228,$2042,$0,$1666,$2256,$14,$-174,$-130,$-79,$-51,$-51,$-51,$399,$14,$622,622,$-0.08,$-0.08,$0,$0,$847,$1906,$0,$442,$4441,$362,$5300,$13473,$2019,$6052,$1599,$7651,$9671,$483,$-19,$0,$3803,$13473,$104,$726,$0,$726,$0,$0,$0,$0,$-423,$914,$-705,$0,$-117,$0,$0,$0,$-129,$-952,$0,$0,$140,$0,$23,$-46,$-89,$27,$-11,$0,$0
46,2007-03-31,22.42,$0.00,0.0,$13.77,1.63,$2.44,9.2,$1.13,19.84,$1.35B,$2.01B,0.67,$5.43B,$3.65B,1.49,$8.75B,$7.96B,90.99%,$8.75B,$2.05B,23.48%,$8.75B,$2.05B,23.48%,$8.75B,$3.46B,39.52%,$8.75B,$0.77B,8.85%,$8.75B,$0.73B,8.30%,$0.73B,$3.65B,20.18%,$0.73B,$-0.53B,-91.32%,$0.73B,$12.31B,5.86%,$2.05B,$9.08B,21.87%,$2298,$186,$2112,$0,$1094,$1621,$677,$-122,$219,$73,$145,$170,$170,$1018,$677,$630,654,$0.27,$0.26,$0,$0,$547,$1354,$0,$379,$4187,$522,$5140,$12312,$2010,$5431,$1218,$6649,$8659,$440,$98,$0,$3653,$12312,$145,$341,$0,$341,$0,$0,$0,$0,$-229,$354,$-336,$0,$-37,$0,$0,$0,$-82,$-455,$0,$0,$61,$0,$12,$-21,$0,$51,$-50,$0,$0
47,2006-12-31,20.38,$0.00,0.0,$13.23,1.54,$2.63,7.75,$0.89,22.9,$1.53B,$2.20B,0.7,$5.77B,$3.71B,1.56,$8.22B,$7.37B,89.74%,$8.22B,$1.58B,19.18%,$8.22B,$1.58B,19.18%,$8.22B,$2.97B,36.17%,$8.22B,$0.60B,7.28%,$8.22B,$0.57B,6.93%,$0.57B,$3.71B,16.46%,$0.57B,$-0.65B,-52.58%,$0.57B,$12.44B,4.63%,$1.58B,$9.47B,16.74%,$2370,$119,$2251,$0,$1168,$1634,$736,$-153,$163,$12,$151,$176,$176,$1072,$736,$629,629,$0.28,$0.27,$0,$0,$580,$1530,$0,$123,$4350,$398,$4974,$12442,$2202,$5766,$769,$6535,$8737,$438,$-29,$0,$3705,$12442,$549,$1397,$0,$1397,$0,$0,$0,$0,$66,$2171,$-1392,$0,$-4,$0,$0,$0,$-56,$-1451,$0,$0,$-651,$0,$65,$-41,$-18,$-645,$75,$0,$0
