,Date,Stock Price,Book Value per Share,Price to Book Ratio,TTM Sales per Share,Price to Sales Ratio,TTM FCF per Share,Price to FCF Ratio,TTM Net EPS,PE Ratio,Current Assets,Current Liabilities,Current Ratio,Long Term Debt,Shareholder's Equity_x,Debt to Equity Ratio,TTM Revenue_x,TTM Gross Profit,Gross Margin,TTM Revenue_y,TTM Operating Income,Operating Margin,TTM Revenue_x,TTM EBIT,EBIT Margin,TTM Revenue_y,TTM EBITDA,EBITDA Margin,TTM Revenue_x,TTM Pre-Tax Income,Pre-Tax Margin,TTM Revenue_y,TTM Net Income_x,Net Margin,TTM Net Income_y,Shareholder's Equity_y,Return on Equity,TTM Net Income_x,Tangible Equity,Return on Tangible Equity,TTM Net Income_y,Total Assets,Return on Assets,TTM Net Income,LT Investments & Debt,Return on Investment,revenue,cost-goods-sold,gross-profit,research-development-expenses,selling-general-administrative-expenses,operating-expenses,operating-income,total-non-operating-income-expense,pre-tax-income,total-provision-income-taxes,income-after-taxes,income-from-continuous-operations,net-income,ebitda,ebit,basic-shares-outstanding,shares-outstanding,eps-basic-net-earnings-per-share,eps-earnings-per-share-diluted,cash-on-hand,inventory,other-current-assets,total-current-assets,net-property-plant-equipment,long-term-investments,goodwill-intangible-assets-total,other-long-term-assets,total-long-term-assets,total-assets,total-current-liabilities,long-term-debt,other-non-current-liabilities,total-long-term-liabilities,total-liabilities,common-stock-net,retained-earnings-accumulated-deficit,comprehensive-income,total-share-holder-equity,total-liabilities-share-holders-equity,net-income-loss,total-depreciation-amortization-cash-flow,other-non-cash-items,total-non-cash-items,change-in-accounts-receivable,change-in-inventories,change-in-accounts-payable,change-in-assets-liabilities,total-change-in-assets-liabilities,cash-flow-from-operating-activities,net-change-in-property-plant-equipment,net-change-in-intangible-assets,net-acquisitions-divestitures,net-change-in-short-term-investments,net-change-in-long-term-investments,net-change-in-investments-total,investing-activities-other,cash-flow-from-investing-activities,net-long-term-debt,net-current-debt,debt-issuance-retirement-net-total,net-common-equity-issued-repurchased,net-total-equity-issued-repurchased,total-common-preferred-stock-dividends-paid,financial-activities-other,cash-flow-from-financial-activities,net-cash-flow,stock-based-compensation,common-stock-dividends-paid
0,2018-09-30,14.38,$5.30,2.71,$48.76,0.29,$8.37,1.72,$0.77,18.68,$1.05B,$0.41B,2.56,$0.54B,$0.28B,1.9,$2.64B,$1.68B,63.68%,$2.64B,$-0.01B,-0.45%,$2.64B,$-0.01B,-0.45%,$2.64B,$0.68B,25.59%,$2.64B,$-0.06B,-2.08%,$2.64B,$0.04B,1.59%,$0.04B,$0.28B,15.57%,$0.04B,$0.23B,19.79%,$0.04B,$1.35B,3.04%,$-0.01B,$0.82B,-1.39%,$645,$237,$408,$0,$41,$619,$26,$-10,$15,$3,$13,$13,$13,$197,$26,$54,55,$0.24,$0.24,$111,$776,$0,$1048,$243,$0,$58,$3,$304,$1352,$409,$540,$0,$659,$1068,$1,$804,$-11,$284,$1352,$7,$518,$22,$540,$-6,$-375,$8,$-3,$-363,$184,$-6,$0,$-2,$0,$0,$0,$0,$-8,$-139,$0,$-139,$1,$1,$0,$-0,$-139,$38,$4,$0
1,2018-06-30,14.72,$5.02,2.93,$49.09,0.3,$6.75,2.18,$0.29,50.76,$1.05B,$0.40B,2.6,$0.58B,$0.27B,2.15,$2.64B,$1.68B,63.86%,$2.64B,$-0.05B,-1.74%,$2.64B,$-0.05B,-1.74%,$2.64B,$0.64B,24.31%,$2.64B,$-0.09B,-3.41%,$2.64B,$0.02B,0.61%,$0.02B,$0.27B,6.20%,$0.02B,$0.21B,7.97%,$0.02B,$1.37B,1.14%,$-0.05B,$0.85B,-5.23%,$656,$232,$424,$0,$42,$629,$27,$-11,$17,$3,$14,$14,$14,$201,$27,$53,54,$0.26,$0.25,$117,$782,$0,$1051,$254,$0,$57,$4,$315,$1366,$404,$577,$0,$694,$1098,$1,$791,$-11,$268,$1366,$-6,$347,$13,$360,$-6,$-229,$2,$11,$-211,$143,$-1,$0,$-1,$0,$0,$0,$0,$-2,$-98,$0,$-98,$1,$1,$0,$-0,$-97,$44,$3,$0
2,2018-03-31,8.63,$4.77,1.81,$49.73,0.17,$5.49,1.57,$-0.13,0.0,$1.06B,$0.42B,2.51,$0.60B,$0.26B,2.34,$2.66B,$1.69B,63.67%,$2.66B,$-0.07B,-2.78%,$2.66B,$-0.07B,-2.78%,$2.66B,$0.62B,23.20%,$2.66B,$-0.12B,-4.55%,$2.66B,$-0.01B,-0.26%,$-0.01B,$0.26B,-2.76%,$-0.01B,$0.20B,-3.57%,$-0.01B,$1.39B,-0.49%,$-0.07B,$0.85B,-8.33%,$698,$261,$437,$0,$45,$708,$-10,$-11,$-21,$-2,$-20,$-20,$-20,$163,$-10,$53,53,$-0.37,$-0.37,$81,$813,$0,$1055,$270,$0,$58,$4,$331,$1386,$421,$597,$0,$711,$1131,$1,$778,$-9,$255,$1386,$-20,$173,$6,$179,$2,$-103,$0,$-3,$-75,$84,$1,$0,$-0,$0,$0,$0,$0,$0,$-78,$0,$-78,$0,$0,$0,$-0,$-77,$8,$2,$0
3,2017-12-31,11.1,$5.11,2.17,$50.61,0.22,$4.61,2.41,$0.11,100.91,$1.08B,$0.39B,2.77,$0.67B,$0.27B,2.47,$2.70B,$1.72B,63.60%,$2.70B,$-0.06B,-2.33%,$2.70B,$-0.06B,-2.33%,$2.70B,$0.64B,23.64%,$2.70B,$-0.11B,-4.07%,$2.70B,$0.01B,0.22%,$0.01B,$0.27B,2.36%,$0.01B,$0.22B,3.04%,$0.01B,$1.42B,0.41%,$-0.06B,$0.95B,-6.97%,$639,$228,$411,$0,$40,$694,$-55,$-11,$-66,$-101,$35,$35,$35,$114,$-55,$53,54,$0.66,$0.66,$73,$869,$0,$1076,$283,$0,$57,$4,$344,$1421,$388,$673,$0,$760,$1148,$1,$799,$-11,$272,$1421,$7,$702,$-49,$653,$-16,$-487,$-18,$-10,$-549,$111,$-61,$0,$-3,$0,$0,$0,$0,$-63,$-53,$0,$-53,$0,$0,$-13,$-5,$-71,$-22,$4,$-13
4,2017-09-30,11.48,$4.45,2.58,$51.62,0.22,$9.30,1.23,$-3.30,0.0,$1.06B,$0.42B,2.55,$0.64B,$0.24B,2.69,$2.75B,$1.75B,63.72%,$2.75B,$-0.17B,-6.08%,$2.75B,$-0.17B,-6.08%,$2.75B,$0.70B,25.29%,$2.75B,$-0.22B,-7.82%,$2.75B,$-0.18B,-6.37%,$-0.18B,$0.24B,-69.38%,$-0.18B,$0.18B,-89.86%,$-0.18B,$1.43B,-11.66%,$-0.17B,$0.88B,-18.25%,$644,$232,$412,$0,$44,$652,$-8,$-11,$-20,$-7,$-13,$-13,$-13,$163,$-8,$53,53,$-0.24,$-0.24,$76,$870,$0,$1063,$305,$0,$57,$4,$367,$1430,$416,$637,$0,$777,$1193,$1,$764,$-10,$237,$1430,$-28,$533,$-19,$514,$-4,$-339,$-20,$1,$-350,$135,$-50,$0,$-2,$0,$0,$0,$0,$-52,$-87,$0,$-87,$0,$0,$-13,$-5,$-105,$-19,$2,$-13
5,2017-06-30,11.72,$4.67,2.51,$52.52,0.22,$13.91,0.84,$-2.94,0.0,$1.10B,$0.44B,2.53,$0.64B,$0.25B,2.56,$2.80B,$1.80B,64.19%,$2.80B,$-0.14B,-5.08%,$2.80B,$-0.14B,-5.08%,$2.80B,$0.73B,25.98%,$2.80B,$-0.19B,-6.79%,$2.80B,$-0.16B,-5.58%,$-0.16B,$0.25B,-48.83%,$-0.16B,$0.19B,-69.88%,$-0.16B,$1.47B,-9.87%,$-0.14B,$0.88B,-14.14%,$678,$245,$433,$0,$47,$679,$-1,$-13,$-14,$-5,$-9,$-9,$-9,$177,$-1,$53,53,$-0.17,$-0.17,$74,$906,$0,$1101,$312,$0,$56,$4,$372,$1473,$435,$636,$0,$789,$1224,$1,$777,$-9,$249,$1473,$-16,$361,$-10,$351,$-1,$-223,$5,$-1,$-224,$112,$-39,$0,$-0,$0,$0,$0,$0,$-39,$-87,$0,$-87,$0,$0,$-9,$-0,$-96,$-22,$1,$-9
6,2017-03-31,8.81,$4.86,1.81,$53.84,0.16,$17.75,0.5,$-2.58,0.0,$1.12B,$0.42B,2.65,$0.65B,$0.26B,2.53,$2.87B,$1.86B,64.91%,$2.87B,$-0.11B,-3.94%,$2.87B,$-0.11B,-3.94%,$2.87B,$0.77B,26.69%,$2.87B,$-0.16B,-5.57%,$2.87B,$-0.14B,-4.77%,$-0.14B,$0.26B,-35.77%,$-0.14B,$0.20B,-55.41%,$-0.14B,$1.50B,-8.30%,$-0.11B,$0.91B,-10.37%,$742,$279,$463,$0,$40,$741,$1,$-11,$-10,$-4,$-7,$-7,$-7,$185,$1,$53,53,$-0.13,$-0.13,$58,$945,$0,$1122,$313,$0,$56,$4,$373,$1495,$423,$653,$0,$813,$1237,$1,$790,$-11,$258,$1495,$-7,$184,$-10,$174,$-0,$-105,$-26,$3,$-108,$59,$-22,$0,$0,$0,$0,$0,$0,$-22,$-72,$0,$-72,$0,$0,$-4,$-0,$-76,$-37,$-1,$-4
7,2016-12-31,11.0,$4.98,2.21,$55.57,0.2,$21.04,0.52,$-1.98,0.0,$1.22B,$0.44B,2.78,$0.72B,$0.27B,2.73,$2.96B,$1.94B,65.28%,$2.96B,$-0.07B,-2.23%,$2.96B,$-0.07B,-2.23%,$2.96B,$0.82B,27.80%,$2.96B,$-0.11B,-3.81%,$2.96B,$-0.11B,-3.54%,$-0.11B,$0.27B,-23.73%,$-0.11B,$0.20B,-39.33%,$-0.11B,$1.60B,-6.08%,$-0.07B,$0.99B,-5.63%,$684,$241,$443,$0,$48,$843,$-159,$-12,$-171,$-24,$-146,$-146,$-146,$170,$-159,$53,53,$-2.76,$-2.76,$95,$1002,$0,$1222,$316,$0,$61,$4,$381,$1603,$440,$724,$0,$897,$1338,$1,$801,$-16,$265,$1603,$-105,$890,$-5,$886,$-16,$-524,$12,$104,$-426,$354,$-56,$0,$-3,$0,$0,$0,$0,$-59,$-234,$0,$-234,$0,$0,$-26,$-0,$-260,$35,$9,$-26
8,2016-09-30,12.36,$9.52,1.3,$57.65,0.21,$18.56,0.67,$-16.42,0.0,$1.22B,$0.41B,2.95,$0.73B,$0.51B,1.43,$3.07B,$2.02B,65.65%,$3.07B,$-1.03B,-33.44%,$3.07B,$-1.03B,-33.44%,$3.07B,$0.90B,29.31%,$3.07B,$-1.08B,-34.97%,$3.07B,$-0.96B,-31.20%,$-0.96B,$0.51B,-203.07%,$-0.96B,$0.29B,-370.99%,$-0.96B,$1.75B,-52.74%,$-1.03B,$1.23B,-81.64%,$694,$237,$457,$0,$38,$677,$17,$-12,$5,$-1,$6,$6,$6,$195,$17,$53,53,$0.12,$0.12,$130,$970,$0,$1218,$315,$0,$212,$4,$531,$1749,$413,$725,$0,$829,$1243,$1,$1038,$-11,$506,$1749,$41,$561,$7,$568,$-1,$-334,$1,$102,$-235,$375,$-42,$0,$-3,$0,$0,$0,$0,$-45,$-233,$0,$-233,$0,$0,$-21,$-0,$-255,$70,$7,$-21
9,2016-06-30,11.93,$9.46,1.26,$59.52,0.2,$16.09,0.74,$-16.62,0.0,$1.22B,$0.43B,2.84,$0.73B,$0.50B,1.44,$3.17B,$2.05B,64.63%,$3.17B,$-1.04B,-32.72%,$3.17B,$-1.04B,-32.72%,$3.17B,$0.91B,28.66%,$3.17B,$-1.09B,-34.24%,$3.17B,$-0.97B,-30.55%,$-0.97B,$0.50B,-139.17%,$-0.97B,$0.29B,-510.67%,$-0.97B,$1.76B,-45.26%,$-1.04B,$1.23B,-67.81%,$750,$249,$500,$0,$40,$722,$28,$-12,$16,$6,$10,$10,$10,$216,$28,$53,53,$0.19,$0.19,$88,$1006,$0,$1222,$317,$0,$213,$4,$534,$1756,$431,$725,$0,$823,$1254,$1,$1036,$-10,$503,$1756,$35,$383,$-6,$376,$-2,$-212,$-3,$96,$-108,$303,$-25,$0,$-3,$0,$0,$0,$0,$-28,$-233,$0,$-233,$0,$0,$-17,$-0,$-250,$28,$5,$-17
10,2016-03-31,15.3,$9.34,1.64,$60.75,0.25,$13.70,1.12,$-16.38,0.0,$1.25B,$0.45B,2.81,$0.74B,$0.50B,1.5,$3.24B,$2.09B,64.54%,$3.24B,$-1.02B,-31.39%,$3.24B,$-1.02B,-31.39%,$3.24B,$0.95B,29.32%,$3.24B,$-1.06B,-32.87%,$3.24B,$-0.96B,-29.53%,$-0.96B,$0.50B,-103.32%,$-0.96B,$0.28B,-757.23%,$-0.96B,$1.80B,-38.55%,$-1.02B,$1.24B,-55.89%,$836,$301,$535,$0,$43,$787,$48,$-12,$37,$11,$25,$25,$25,$243,$48,$53,53,$0.47,$0.47,$46,$1074,$0,$1251,$326,$0,$214,$5,$545,$1795,$446,$744,$0,$854,$1300,$1,$1031,$-9,$496,$1795,$25,$194,$-3,$191,$-2,$-112,$-3,$97,$11,$227,$-13,$0,$-3,$0,$0,$0,$0,$-16,$-212,$0,$-212,$0,$0,$-13,$-0,$-225,$-14,$2,$-13
11,2015-12-31,14.38,$7.23,1.99,$61.53,0.23,$13.72,1.05,$-16.34,0.0,$1.43B,$0.43B,3.32,$0.96B,$0.38B,2.49,$3.28B,$2.12B,64.62%,$3.28B,$-1.01B,-30.71%,$3.28B,$-1.01B,-30.71%,$3.28B,$0.96B,29.37%,$3.28B,$-1.06B,-32.24%,$3.28B,$-0.95B,-29.09%,$-0.95B,$0.38B,-82.78%,$-0.95B,$0.17B,-1563.93%,$-0.95B,$1.97B,-33.79%,$-1.01B,$1.34B,-48.33%,$794,$267,$526,$0,$39,$1915,$-1121,$-12,$-1133,$-133,$-1000,$-1000,$-1000,$247,$-1121,$53,53,$-18.84,$-18.83,$60,$1136,$0,$1425,$331,$0,$214,$5,$550,$1974,$429,$956,$0,$1162,$1591,$1,$923,$-11,$384,$1974,$-954,$1971,$-108,$1863,$-19,$-622,$-46,$32,$-678,$231,$-65,$0,$-25,$0,$0,$0,$0,$-90,$-74,$0,$-74,$1,$1,$-51,$-0,$-124,$14,$10,$-51
12,2015-09-30,22.93,$26.43,0.87,$61.56,0.37,$9.64,2.38,$1.34,17.11,$1.32B,$0.48B,2.75,$0.91B,$1.40B,0.65,$3.28B,$2.14B,65.14%,$3.28B,$0.16B,4.94%,$3.28B,$0.16B,4.94%,$3.28B,$0.96B,29.31%,$3.28B,$0.11B,3.38%,$3.28B,$0.07B,2.19%,$0.07B,$1.40B,5.13%,$0.07B,$0.02B,338.82%,$0.07B,$3.04B,2.29%,$0.16B,$2.32B,6.87%,$792,$303,$489,$0,$40,$785,$7,$-12,$-6,$-2,$-4,$-4,$-4,$203,$7,$53,53,$-0.08,$-0.08,$60,$1121,$0,$1320,$331,$0,$1383,$4,$1719,$3039,$480,$914,$0,$1156,$1637,$1,$1936,$-8,$1402,$3039,$46,$603,$-76,$527,$-9,$-428,$-29,$126,$-324,$249,$-49,$0,$-19,$0,$0,$0,$0,$-68,$-128,$0,$-128,$1,$1,$-38,$0,$-165,$14,$7,$-38
13,2015-06-30,26.54,$26.74,0.99,$61.11,0.43,$6.03,4.4,$1.90,13.97,$1.39B,$0.46B,3.0,$0.96B,$1.42B,0.67,$3.25B,$2.19B,67.27%,$3.25B,$0.20B,6.18%,$3.25B,$0.20B,6.18%,$3.25B,$0.99B,30.55%,$3.25B,$0.15B,4.64%,$3.25B,$0.10B,3.13%,$0.10B,$1.42B,7.29%,$0.10B,$0.04B,529.87%,$0.10B,$3.11B,3.24%,$0.20B,$2.38B,8.49%,$815,$277,$539,$0,$45,$766,$50,$-12,$38,$15,$23,$23,$23,$256,$50,$53,53,$0.44,$0.43,$71,$1179,$0,$1388,$335,$0,$1384,$4,$1723,$3111,$463,$956,$0,$1230,$1693,$1,$1952,$-6,$1419,$3111,$50,$407,$-57,$350,$-5,$-303,$-25,$128,$-211,$189,$-39,$0,$-14,$0,$0,$0,$0,$-53,$-87,$0,$-87,$1,$1,$-25,$0,$-111,$24,$5,$-25
14,2015-03-31,25.47,$26.50,0.96,$60.30,0.42,$3.79,6.72,$1.80,14.15,$1.45B,$0.56B,2.61,$0.90B,$1.41B,0.64,$3.21B,$2.19B,68.19%,$3.21B,$0.19B,5.96%,$3.21B,$0.19B,5.96%,$3.21B,$0.97B,30.28%,$3.21B,$0.14B,4.43%,$3.21B,$0.10B,3.02%,$0.10B,$1.41B,6.99%,$0.10B,$0.02B,970.00%,$0.10B,$3.17B,3.10%,$0.19B,$2.30B,8.12%,$878,$313,$565,$0,$43,$821,$57,$-12,$44,$17,$27,$27,$27,$257,$57,$53,53,$0.51,$0.51,$93,$1218,$0,$1451,$327,$0,$1386,$5,$1718,$3169,$556,$899,$0,$1208,$1763,$1,$1942,$-5,$1405,$3169,$27,$200,$-30,$170,$-0,$-156,$4,$127,$31,$228,$-14,$0,$-11,$0,$0,$0,$0,$-24,$-144,$0,$-144,$1,$1,$-13,$0,$-156,$47,$2,$-13
15,2014-12-31,33.42,$26.22,1.27,$59.49,0.56,$1.60,20.85,$1.83,18.26,$1.56B,$0.49B,3.15,$1.04B,$1.39B,0.75,$3.16B,$2.19B,69.21%,$3.16B,$0.19B,6.11%,$3.16B,$0.19B,6.11%,$3.16B,$0.96B,30.54%,$3.16B,$0.14B,4.50%,$3.16B,$0.10B,3.07%,$0.10B,$1.39B,7.05%,$0.10B,$0.01B,3880.00%,$0.10B,$3.27B,3.13%,$0.19B,$2.43B,8.26%,$797,$252,$545,$0,$37,$749,$48,$-12,$35,$10,$26,$26,$26,$246,$48,$53,53,$0.48,$0.48,$46,$1238,$0,$1556,$333,$0,$1378,$5,$1716,$3271,$494,$1043,$0,$1388,$1882,$1,$1927,$-5,$1389,$3271,$96,$770,$59,$829,$-22,$-797,$21,$-131,$-906,$19,$-69,$0,$-27,$0,$0,$0,$0,$-97,$127,$0,$127,$5,$5,$-49,$0,$83,$4,$7,$-49
16,2014-09-30,27.74,$26.19,1.06,$58.26,0.48,$3.38,8.21,$1.60,17.34,$1.35B,$0.44B,3.06,$0.98B,$1.39B,0.7,$3.12B,$2.18B,69.99%,$3.12B,$0.18B,5.77%,$3.12B,$0.18B,5.77%,$3.12B,$0.94B,30.14%,$3.12B,$0.13B,4.23%,$3.12B,$0.09B,2.73%,$0.09B,$1.39B,6.23%,$0.09B,$0.01B,-871.79%,$0.09B,$3.06B,2.80%,$0.18B,$2.36B,7.86%,$764,$225,$540,$0,$39,$718,$46,$-12,$34,$8,$26,$26,$26,$235,$46,$53,53,$0.49,$0.49,$62,$1134,$0,$1350,$332,$0,$1374,$4,$1710,$3059,$441,$975,$0,$1234,$1674,$1,$1923,$-1,$1385,$3059,$71,$572,$-42,$530,$-20,$-539,$23,$-7,$-538,$63,$-56,$0,$-12,$0,$0,$0,$0,$-68,$59,$0,$59,$2,$2,$-36,$0,$25,$20,$5,$-36
17,2014-06-30,26.02,$25.94,1.0,$57.90,0.45,$5.11,5.09,$1.63,15.96,$1.31B,$0.43B,3.02,$0.94B,$1.37B,0.69,$3.11B,$2.17B,69.84%,$3.11B,$0.19B,6.11%,$3.11B,$0.19B,6.11%,$3.11B,$0.95B,30.42%,$3.11B,$0.14B,4.60%,$3.11B,$0.09B,2.77%,$0.09B,$1.37B,6.35%,$0.09B,$-0.00B,-537.50%,$0.09B,$3.02B,2.87%,$0.19B,$2.31B,8.46%,$768,$231,$537,$0,$44,$728,$40,$-12,$29,$11,$18,$18,$18,$233,$40,$53,53,$0.33,$0.33,$68,$1103,$0,$1306,$335,$0,$1373,$4,$1712,$3018,$432,$943,$0,$1215,$1647,$1,$1910,$0,$1371,$3018,$45,$383,$-40,$343,$-7,$-302,$-1,$-7,$-319,$69,$-38,$0,$-9,$0,$0,$0,$0,$-48,$27,$0,$27,$2,$2,$-24,$0,$4,$26,$3,$-24
18,2014-03-31,23.74,$25.80,0.92,$57.18,0.42,$5.84,4.07,$2.06,11.52,$1.32B,$0.50B,2.66,$0.88B,$1.36B,0.64,$3.10B,$2.17B,69.80%,$3.10B,$0.23B,7.32%,$3.10B,$0.23B,7.32%,$3.10B,$0.97B,31.36%,$3.10B,$0.18B,5.87%,$3.10B,$0.11B,3.54%,$0.11B,$1.36B,8.19%,$0.11B,$-0.01B,-478.26%,$0.11B,$3.03B,3.69%,$0.23B,$2.24B,10.24%,$828,$266,$563,$0,$42,$769,$59,$-15,$44,$17,$27,$27,$27,$250,$59,$53,53,$0.52,$0.51,$81,$1096,$0,$1315,$340,$0,$1372,$4,$1716,$3031,$495,$875,$0,$1174,$1669,$1,$1905,$-0,$1362,$3031,$27,$190,$-19,$171,$-3,$-136,$3,$-0,$-79,$120,$-23,$0,$-5,$0,$0,$0,$0,$-28,$-41,$0,$-41,$1,$1,$-12,$0,$-53,$39,$1,$-12
19,2013-12-31,29.75,$25.33,1.17,$55.60,0.54,$5.62,5.3,$2.32,12.82,$1.30B,$0.45B,2.91,$0.92B,$1.34B,0.69,$3.09B,$2.15B,69.62%,$3.09B,$0.25B,7.98%,$3.09B,$0.25B,7.98%,$3.09B,$0.98B,31.77%,$3.09B,$0.21B,6.76%,$3.09B,$0.13B,4.17%,$0.13B,$1.34B,9.38%,$0.13B,$-0.04B,874.58%,$0.13B,$3.02B,4.37%,$0.25B,$2.25B,11.27%,$759,$217,$543,$0,$-1249,$724,$35,$-11,$25,$11,$14,$14,$14,$222,$35,$55,55,$0.28,$0.28,$42,$1124,$0,$1304,$336,$0,$1374,$4,$1714,$3018,$448,$916,$0,$1235,$1682,$1,$1880,$0,$1336,$3018,$129,$735,$46,$782,$-19,$-768,$19,$-10,$-776,$134,$-88,$0,$-41,$0,$0,$0,$0,$-130,$229,$0,$229,$-205,$-205,$-47,$0,$-23,$-19,$6,$-47
20,2013-09-30,33.77,$25.20,1.34,$54.48,0.62,$6.81,4.96,$2.88,11.73,$1.25B,$0.43B,2.89,$0.84B,$1.35B,0.62,$3.09B,$2.14B,69.41%,$3.09B,$0.29B,9.27%,$3.09B,$0.29B,9.27%,$3.09B,$1.01B,32.76%,$3.09B,$0.25B,8.17%,$3.09B,$0.16B,5.15%,$0.16B,$1.35B,11.29%,$0.16B,$-0.01B,305.77%,$0.16B,$2.94B,5.46%,$0.29B,$2.18B,13.20%,$755,$225,$529,$0,$473,$699,$56,$-11,$45,$18,$27,$27,$27,$241,$56,$53,54,$0.51,$0.50,$53,$1072,$0,$1247,$325,$0,$1361,$4,$1690,$2937,$431,$835,$0,$1159,$1590,$1,$1894,$1,$1348,$2937,$115,$548,$38,$586,$-10,$-533,$25,$-5,$-528,$173,$-72,$0,$-14,$0,$0,$0,$0,$-86,$147,$0,$147,$-207,$-207,$-36,$0,$-95,$-8,$6,$-36
21,2013-06-30,33.09,$24.87,1.33,$52.92,0.63,$8.15,4.06,$3.04,10.89,$1.27B,$0.42B,3.01,$0.87B,$1.33B,0.66,$3.07B,$2.13B,69.45%,$3.07B,$0.30B,9.71%,$3.07B,$0.30B,9.71%,$3.07B,$1.01B,32.96%,$3.07B,$0.27B,8.70%,$3.07B,$0.17B,5.60%,$0.17B,$1.33B,11.98%,$0.17B,$-0.03B,206.61%,$0.17B,$2.94B,5.98%,$0.30B,$2.20B,13.96%,$761,$230,$531,$0,$452,$683,$77,$-10,$68,$26,$42,$42,$42,$260,$77,$55,55,$0.76,$0.76,$78,$1068,$0,$1265,$316,$0,$1356,$4,$1676,$2940,$420,$874,$0,$1194,$1614,$1,$1877,$1,$1326,$2940,$88,$363,$26,$390,$-6,$-367,$21,$-0,$-362,$115,$-44,$0,$-6,$0,$0,$0,$0,$-50,$186,$0,$186,$-211,$-211,$-24,$1,$-48,$17,$4,$-24
22,2013-03-31,32.19,$25.84,1.25,$51.74,0.62,$8.74,3.68,$3.02,10.66,$1.24B,$0.47B,2.65,$0.64B,$1.49B,0.43,$3.06B,$2.13B,69.57%,$3.06B,$0.30B,9.81%,$3.06B,$0.30B,9.81%,$3.06B,$1.01B,32.85%,$3.06B,$0.27B,8.83%,$3.06B,$0.17B,5.69%,$0.17B,$1.49B,11.89%,$0.17B,$0.14B,155.36%,$0.17B,$2.91B,6.13%,$0.30B,$2.14B,14.21%,$819,$269,$551,$0,$471,$740,$79,$-8,$71,$25,$46,$46,$46,$260,$79,$58,58,$0.80,$0.79,$82,$1049,$0,$1242,$310,$0,$1354,$4,$1667,$2909,$469,$641,$0,$946,$1415,$1,$1847,$4,$1494,$2909,$46,$181,$6,$187,$-0,$-188,$33,$7,$-120,$113,$-20,$0,$-2,$0,$0,$0,$0,$-22,$-46,$0,$-46,$-14,$-14,$-12,$1,$-71,$21,$2,$-12
23,2012-12-31,29.94,$25.23,1.19,$51.63,0.58,$8.99,3.33,$3.09,9.69,$1.19B,$0.41B,2.92,$0.69B,$1.46B,0.47,$3.08B,$2.14B,69.50%,$3.08B,$0.31B,10.18%,$3.08B,$0.31B,10.18%,$3.08B,$1.01B,32.98%,$3.08B,$0.28B,9.17%,$3.08B,$0.18B,5.85%,$0.18B,$1.46B,12.48%,$0.18B,$0.11B,194.07%,$0.18B,$2.86B,6.39%,$0.31B,$2.15B,14.95%,$751,$221,$531,$0,$-1222,$678,$74,$-6,$68,$24,$44,$44,$44,$250,$74,$59,59,$0.75,$0.75,$61,$1008,$0,$1193,$310,$0,$1353,$4,$1666,$2860,$409,$688,$0,$987,$1396,$1,$1806,$2,$1464,$2860,$180,$702,$21,$723,$-13,$-684,$-4,$2,$-685,$218,$-97,$0,$-13,$0,$0,$0,$0,$-111,$-53,$0,$-53,$-48,$-48,$-38,$4,$-134,$-27,$8,$-38
24,2012-09-30,30.35,$24.83,1.22,$50.90,0.6,$9.45,3.21,$3.11,9.76,$1.15B,$0.45B,2.55,$0.59B,$1.46B,0.41,$3.06B,$2.12B,69.36%,$3.06B,$0.32B,10.42%,$3.06B,$0.32B,10.42%,$3.06B,$1.01B,33.06%,$3.06B,$0.29B,9.31%,$3.06B,$0.18B,6.01%,$0.18B,$1.46B,12.99%,$0.18B,$0.11B,274.63%,$0.18B,$2.80B,6.57%,$0.32B,$2.05B,15.34%,$739,$220,$519,$0,$449,$671,$68,$-8,$60,$20,$40,$40,$40,$242,$68,$59,59,$0.68,$0.67,$82,$948,$0,$1146,$300,$0,$1349,$4,$1654,$2800,$449,$593,$0,$890,$1339,$1,$1777,$3,$1461,$2800,$136,$525,$7,$533,$1,$-458,$38,$-5,$-410,$259,$-68,$0,$-5,$0,$0,$0,$0,$-73,$-147,$0,$-147,$-19,$-19,$-29,$3,$-192,$-6,$7,$-29
25,2012-06-30,29.06,$24.30,1.2,$50.08,0.58,$9.13,3.18,$2.96,9.82,$1.14B,$0.39B,2.94,$0.67B,$1.43B,0.47,$3.03B,$2.11B,69.73%,$3.03B,$0.31B,10.21%,$3.03B,$0.31B,10.21%,$3.03B,$0.99B,32.55%,$3.03B,$0.27B,9.05%,$3.03B,$0.18B,5.78%,$0.18B,$1.43B,12.67%,$0.18B,$0.09B,500.00%,$0.18B,$2.79B,6.32%,$0.31B,$2.10B,14.94%,$750,$223,$527,$0,$446,$671,$79,$-8,$71,$27,$44,$44,$44,$253,$79,$59,60,$0.75,$0.74,$101,$921,$0,$1137,$299,$0,$1348,$4,$1652,$2789,$387,$668,$0,$969,$1356,$1,$1746,$-1,$1433,$2789,$96,$352,$7,$359,$2,$-279,$-13,$-2,$-294,$161,$-48,$0,$-0,$0,$0,$0,$0,$-49,$-73,$0,$-73,$-10,$-10,$-19,$2,$-99,$13,$5,$-19
26,2012-03-31,32.25,$23.80,1.35,$48.55,0.66,$9.01,3.58,$2.85,11.32,$1.17B,$0.45B,2.59,$0.65B,$1.41B,0.46,$2.97B,$2.09B,70.24%,$2.97B,$0.30B,10.19%,$2.97B,$0.30B,10.19%,$2.97B,$0.96B,32.25%,$2.97B,$0.27B,8.98%,$2.97B,$0.17B,5.75%,$0.17B,$1.41B,12.52%,$0.17B,$0.06B,751.65%,$0.17B,$2.82B,6.26%,$0.30B,$2.07B,14.77%,$835,$275,$560,$0,$467,$743,$92,$-9,$83,$31,$52,$52,$52,$269,$92,$59,60,$0.88,$0.87,$107,$943,$0,$1165,$297,$0,$1350,$4,$1650,$2815,$451,$652,$0,$951,$1402,$1,$1712,$2,$1413,$2815,$52,$177,$4,$181,$3,$-147,$9,$-1,$-94,$139,$-27,$0,$-0,$0,$0,$0,$0,$-28,$-89,$0,$-89,$4,$4,$-9,$2,$-92,$19,$3,$-9
27,2011-12-31,31.61,$23.00,1.37,$46.16,0.68,$9.04,3.5,$2.67,11.84,$1.16B,$0.40B,2.87,$0.74B,$1.36B,0.55,$2.88B,$2.05B,71.23%,$2.88B,$0.29B,10.10%,$2.88B,$0.29B,10.10%,$2.88B,$0.92B,31.93%,$2.88B,$0.26B,8.85%,$2.88B,$0.16B,5.66%,$0.16B,$1.36B,11.98%,$0.16B,$0.01B,740.91%,$0.16B,$2.80B,6.04%,$0.29B,$2.10B,14.21%,$737,$220,$517,$0,$434,$658,$80,$-9,$71,$23,$48,$48,$48,$248,$80,$61,62,$0.81,$0.80,$88,$953,$0,$1159,$288,$0,$1351,$4,$1643,$2801,$404,$741,$0,$1038,$1442,$1,$1669,$-1,$1359,$2801,$163,$629,$113,$742,$-9,$-668,$-21,$99,$-619,$287,$-133,$0,$-27,$0,$0,$0,$0,$-159,$39,$0,$39,$-129,$-129,$-27,$7,$-110,$17,$4,$-27
28,2011-09-30,23.22,$22.46,1.03,$44.52,0.52,$8.42,2.76,$2.33,9.96,$1.06B,$0.39B,2.75,$0.69B,$1.32B,0.52,$2.82B,$2.03B,71.96%,$2.82B,$0.27B,9.71%,$2.82B,$0.27B,9.71%,$2.82B,$0.88B,31.19%,$2.82B,$0.24B,8.33%,$2.82B,$0.15B,5.21%,$0.15B,$1.32B,10.81%,$0.15B,$-0.02B,544.44%,$0.15B,$2.67B,5.51%,$0.27B,$2.01B,13.45%,$704,$199,$506,$0,$439,$646,$58,$-9,$49,$18,$31,$31,$31,$215,$58,$60,61,$0.52,$0.52,$76,$877,$0,$1062,$263,$0,$1337,$5,$1604,$2667,$386,$688,$0,$961,$1347,$1,$1639,$0,$1319,$2667,$115,$460,$75,$535,$8,$-452,$-30,$103,$-384,$267,$-92,$0,$-5,$0,$0,$0,$0,$-96,$-13,$0,$-13,$-138,$-138,$-17,$7,$-162,$5,$3,$-17
29,2011-06-30,25.85,$22.26,1.16,$42.98,0.6,$7.59,3.4,$2.43,10.64,$1.05B,$0.35B,3.02,$0.66B,$1.37B,0.48,$2.78B,$2.01B,72.39%,$2.78B,$0.29B,10.24%,$2.78B,$0.29B,10.24%,$2.78B,$0.88B,31.45%,$2.78B,$0.25B,8.99%,$2.78B,$0.16B,5.61%,$0.16B,$1.37B,11.40%,$0.16B,$0.04B,298.56%,$0.16B,$2.64B,5.99%,$0.29B,$2.03B,14.09%,$698,$192,$506,$0,$427,$625,$73,$-9,$64,$24,$40,$40,$40,$227,$73,$62,63,$0.64,$0.63,$74,$868,$0,$1053,$251,$0,$1335,$5,$1590,$2644,$349,$662,$0,$923,$1273,$1,$1617,$0,$1371,$2644,$84,$303,$52,$355,$9,$-305,$-62,$103,$-268,$171,$-59,$0,$-1,$0,$0,$0,$0,$-60,$-40,$0,$-40,$-68,$-68,$-8,$6,$-109,$3,$3,$-8
30,2011-03-31,29.32,$21.95,1.34,$41.98,0.7,$6.69,4.38,$2.52,11.64,$1.11B,$0.39B,2.84,$0.66B,$1.40B,0.47,$2.76B,$2.01B,72.79%,$2.76B,$0.30B,10.70%,$2.76B,$0.30B,10.70%,$2.76B,$0.87B,31.71%,$2.76B,$0.26B,9.54%,$2.76B,$0.16B,5.95%,$0.16B,$1.40B,12.03%,$0.16B,$0.06B,254.26%,$0.16B,$2.68B,6.45%,$0.30B,$2.05B,14.69%,$742,$219,$523,$0,$432,$662,$80,$-10,$71,$27,$44,$44,$44,$230,$80,$63,64,$0.70,$0.69,$145,$856,$0,$1105,$235,$0,$1334,$5,$1575,$2679,$389,$659,$0,$895,$1285,$1,$1581,$0,$1395,$2679,$44,$149,$21,$170,$6,$-156,$-37,$113,$-67,$148,$-27,$0,$-1,$0,$0,$0,$0,$-28,$-43,$0,$-43,$-7,$-7,$-4,$6,$-47,$74,$1,$-4
31,2010-12-31,27.06,$21.44,1.26,$41.24,0.66,$5.65,4.79,$2.60,10.41,$1.13B,$0.41B,2.73,$0.70B,$1.35B,0.52,$2.73B,$2.00B,73.06%,$2.73B,$0.30B,11.13%,$2.73B,$0.30B,11.13%,$2.73B,$0.88B,32.06%,$2.73B,$0.28B,10.07%,$2.73B,$0.17B,6.26%,$0.17B,$1.35B,12.75%,$0.17B,$0.03B,296.10%,$0.17B,$2.69B,6.88%,$0.30B,$2.06B,15.36%,$677,$182,$495,$0,$413,$614,$63,$-11,$51,$20,$32,$32,$32,$208,$63,$65,66,$0.51,$0.49,$71,$837,$0,$1132,$225,$0,$1326,$5,$1556,$2688,$414,$701,$0,$920,$1335,$1,$1541,$0,$1354,$2688,$172,$573,$149,$722,$-7,$-568,$25,$-124,$-677,$216,$-93,$0,$-74,$0,$0,$0,$0,$-167,$-11,$0,$-11,$-65,$-65,$-8,$3,$-81,$-31,$4,$-8
32,2010-09-30,18.72,$21.09,0.89,$41.07,0.46,$7.75,2.42,$2.77,6.76,$0.91B,$0.32B,2.84,$0.60B,$1.35B,0.44,$2.73B,$1.99B,73.02%,$2.73B,$0.32B,11.58%,$2.73B,$0.32B,11.58%,$2.73B,$0.89B,32.55%,$2.73B,$0.29B,10.78%,$2.73B,$0.18B,6.71%,$0.18B,$1.35B,13.92%,$0.18B,$0.08B,404.42%,$0.18B,$2.40B,7.55%,$0.32B,$1.95B,16.16%,$665,$175,$490,$0,$420,$595,$69,$-6,$64,$23,$40,$40,$40,$210,$69,$65,66,$0.62,$0.62,$81,$717,$0,$913,$214,$0,$1269,$4,$1487,$2400,$321,$596,$0,$726,$1047,$1,$1513,$0,$1353,$2400,$140,$428,$23,$450,$-16,$-345,$-9,$1,$-397,$193,$-57,$0,$-3,$0,$0,$0,$0,$-60,$-116,$0,$-116,$-36,$-36,$-4,$2,$-154,$-21,$3,$-4
33,2010-06-30,16.9,$20.51,0.82,$41.03,0.41,$9.38,1.8,$2.70,6.26,$0.94B,$0.34B,2.75,$0.62B,$1.35B,0.46,$2.73B,$1.99B,72.75%,$2.73B,$0.31B,11.38%,$2.73B,$0.31B,11.38%,$2.73B,$0.89B,32.44%,$2.73B,$0.29B,10.61%,$2.73B,$0.18B,6.58%,$0.18B,$1.35B,14.08%,$0.18B,$0.09B,2000.00%,$0.18B,$2.41B,7.46%,$0.31B,$1.98B,16.07%,$672,$174,$498,$0,$413,$589,$83,$-6,$77,$29,$48,$48,$48,$226,$83,$66,67,$0.73,$0.72,$74,$750,$0,$935,$203,$0,$1268,$4,$1475,$2411,$340,$622,$0,$717,$1058,$1,$1477,$0,$1353,$2411,$99,$287,$-18,$268,$-11,$-254,$-40,$4,$-279,$88,$-30,$0,$-1,$0,$0,$0,$0,$-31,$-89,$0,$-89,$2,$2,$0,$2,$-85,$-28,$2,$0
34,2010-03-31,19.73,$19.81,1.0,$41.17,0.48,$11.25,1.75,$2.61,7.56,$0.96B,$0.39B,2.46,$0.64B,$1.30B,0.49,$2.74B,$1.99B,72.39%,$2.74B,$0.30B,11.05%,$2.74B,$0.30B,11.05%,$2.74B,$0.88B,32.24%,$2.74B,$0.28B,10.25%,$2.74B,$0.17B,6.35%,$0.17B,$1.30B,14.11%,$0.17B,$0.03B,-476.71%,$0.17B,$2.44B,7.20%,$0.30B,$1.94B,15.71%,$718,$205,$513,$0,$423,$630,$89,$-6,$83,$31,$51,$51,$51,$232,$89,$64,67,$0.78,$0.77,$84,$769,$0,$962,$205,$0,$1269,$4,$1478,$2440,$391,$636,$0,$747,$1137,$1,$1429,$0,$1303,$2440,$51,$144,$-8,$136,$1,$-146,$-29,$1,$-116,$72,$-16,$0,$-0,$0,$0,$0,$0,$-16,$-75,$0,$-75,$2,$2,$0,$0,$-73,$-17,$1,$0
35,2009-12-31,14.78,$19.00,0.78,$41.32,0.36,$12.33,1.2,$2.52,5.87,$0.97B,$0.36B,2.67,$0.71B,$1.25B,0.57,$2.75B,$1.99B,72.20%,$2.75B,$0.30B,10.76%,$2.75B,$0.30B,10.76%,$2.75B,$0.89B,32.16%,$2.75B,$0.27B,9.85%,$2.75B,$0.17B,6.10%,$0.17B,$1.25B,14.13%,$0.17B,$-0.02B,-210.00%,$0.17B,$2.44B,6.87%,$0.30B,$1.96B,15.12%,$673,$182,$491,$0,$416,$598,$75,$-5,$70,$26,$44,$44,$44,$220,$75,$66,67,$0.65,$0.66,$102,$750,$0,$966,$205,$0,$1269,$4,$1478,$2444,$362,$711,$0,$834,$1196,$1,$1377,$0,$1248,$2444,$168,$588,$63,$651,$-35,$-449,$16,$-9,$-488,$330,$-66,$0,$-7,$0,$0,$0,$0,$-73,$-238,$0,$-238,$-7,$-7,$0,$0,$-245,$14,$4,$0
36,2009-09-30,15.75,$18.29,0.86,$41.63,0.38,$13.24,1.19,$2.40,6.56,$0.88B,$0.37B,2.38,$0.66B,$1.21B,0.55,$2.78B,$2.00B,72.08%,$2.78B,$0.29B,10.26%,$2.78B,$0.29B,10.26%,$2.78B,$0.89B,31.85%,$2.78B,$0.26B,9.28%,$2.78B,$0.16B,5.76%,$0.16B,$1.21B,13.95%,$0.16B,$-0.06B,-131.69%,$0.16B,$2.36B,6.51%,$0.29B,$1.87B,14.43%,$671,$184,$487,$0,$422,$607,$64,$-5,$60,$23,$37,$37,$37,$209,$64,$66,67,$0.56,$0.55,$40,$723,$0,$877,$205,$0,$1270,$4,$1479,$2356,$369,$659,$0,$778,$1147,$1,$1334,$0,$1209,$2356,$124,$443,$52,$495,$-18,$-293,$3,$3,$-321,$298,$-51,$0,$-7,$0,$0,$0,$0,$-59,$-290,$0,$-290,$1,$1,$0,$0,$-288,$-47,$3,$0
37,2009-06-30,14.87,$17.73,0.84,$42.07,0.35,$13.69,1.09,$2.29,6.49,$0.96B,$0.37B,2.57,$0.78B,$1.17B,0.66,$2.82B,$2.03B,71.92%,$2.82B,$0.28B,9.94%,$2.82B,$0.28B,9.94%,$2.82B,$0.90B,31.81%,$2.82B,$0.24B,8.66%,$2.82B,$0.15B,5.40%,$0.15B,$1.17B,13.72%,$0.15B,$-0.10B,-96.05%,$0.15B,$2.43B,6.09%,$0.28B,$1.95B,13.86%,$680,$185,$494,$0,$420,$604,$75,$-8,$68,$26,$42,$42,$42,$223,$75,$66,67,$0.64,$0.63,$96,$752,$0,$956,$199,$0,$1268,$4,$1471,$2428,$372,$776,$0,$885,$1257,$1,$1297,$0,$1171,$2428,$87,$299,$35,$334,$-12,$-195,$1,$6,$-211,$210,$-28,$0,$-4,$0,$0,$0,$0,$-32,$-172,$0,$-172,$1,$1,$0,$0,$-171,$8,$2,$0
38,2009-03-31,16.16,$17.08,0.95,$42.54,0.38,$13.76,1.17,$2.22,7.28,$1.07B,$0.39B,2.76,$0.93B,$1.13B,0.83,$2.86B,$2.05B,71.74%,$2.86B,$0.28B,9.77%,$2.86B,$0.28B,9.77%,$2.86B,$0.91B,31.93%,$2.86B,$0.24B,8.26%,$2.86B,$0.15B,5.18%,$0.15B,$1.13B,13.83%,$0.15B,$-0.14B,-75.90%,$0.15B,$2.55B,5.86%,$0.28B,$2.06B,13.59%,$728,$213,$515,$0,$436,$646,$82,$-9,$73,$28,$45,$45,$45,$233,$82,$66,66,$0.69,$0.68,$196,$771,$0,$1074,$202,$0,$1268,$4,$1474,$2548,$389,$930,$0,$1032,$1420,$1,$1255,$0,$1128,$2548,$45,$151,$20,$171,$-1,$-84,$-1,$1,$-76,$140,$-12,$0,$-2,$0,$0,$0,$0,$-14,$-18,$0,$-18,$0,$0,$0,$0,$-17,$109,$1,$0
39,2008-12-31,14.72,$16.36,0.9,$42.86,0.34,$13.55,1.09,$2.08,7.08,$1.02B,$0.38B,2.66,$0.95B,$1.08B,0.88,$2.89B,$2.07B,71.68%,$2.89B,$0.28B,9.53%,$2.89B,$0.28B,9.53%,$2.89B,$0.92B,31.96%,$2.89B,$0.22B,7.66%,$2.89B,$0.14B,4.82%,$0.14B,$1.08B,13.44%,$0.14B,$-0.19B,-60.37%,$0.14B,$2.50B,5.50%,$0.28B,$2.03B,13.31%,$700,$192,$507,$0,$442,$636,$64,$-7,$57,$21,$36,$36,$36,$220,$64,$67,67,$0.54,$0.54,$87,$819,$0,$1017,$209,$0,$1267,$3,$1479,$2497,$383,$947,$0,$1034,$1418,$1,$1208,$0,$1079,$2497,$140,$648,$95,$744,$-25,$-439,$-7,$-7,$-499,$384,$-56,$0,$-16,$0,$0,$0,$0,$-71,$-314,$0,$-314,$-10,$-10,$0,$1,$-323,$-10,$3,$0
40,2008-09-30,18.58,$15.78,1.18,$42.76,0.43,$10.72,1.73,$1.46,12.73,$1.04B,$0.38B,2.71,$0.99B,$1.05B,0.94,$2.90B,$2.08B,71.67%,$2.90B,$0.22B,7.62%,$2.90B,$0.22B,7.62%,$2.90B,$0.88B,30.22%,$2.90B,$0.15B,5.27%,$2.90B,$0.10B,3.38%,$0.10B,$1.05B,9.79%,$0.10B,$-0.21B,-37.16%,$0.10B,$2.51B,3.83%,$0.22B,$2.05B,10.47%,$709,$199,$510,$0,$448,$650,$59,$-13,$46,$16,$29,$29,$29,$220,$59,$67,67,$0.44,$0.44,$99,$834,$0,$1035,$211,$0,$1261,$3,$1475,$2510,$382,$994,$0,$1075,$1457,$1,$1173,$0,$1053,$2510,$103,$492,$79,$571,$-12,$-319,$-5,$-4,$-360,$315,$-35,$0,$-8,$0,$0,$0,$0,$-44,$-269,$0,$-269,$-0,$-0,$0,$1,$-269,$2,$3,$0
41,2008-06-30,17.16,$15.33,1.12,$42.61,0.4,$9.46,1.81,$1.39,12.34,$1.06B,$0.41B,2.6,$1.06B,$1.02B,1.04,$2.90B,$2.09B,71.96%,$2.90B,$0.22B,7.68%,$2.90B,$0.22B,7.68%,$2.90B,$0.88B,30.21%,$2.90B,$0.15B,5.03%,$2.90B,$0.09B,3.24%,$0.09B,$1.02B,9.62%,$0.09B,$-0.24B,-32.25%,$0.09B,$2.54B,3.62%,$0.22B,$2.08B,10.43%,$719,$202,$517,$0,$439,$645,$74,$-14,$60,$22,$38,$38,$38,$239,$74,$67,67,$0.57,$0.56,$75,$881,$0,$1057,$215,$0,$1265,$3,$1482,$2539,$406,$1058,$0,$1112,$1517,$1,$1144,$0,$1021,$2539,$74,$330,$49,$379,$-9,$-227,$-2,$1,$-240,$213,$-24,$0,$-6,$0,$0,$0,$0,$-30,$-204,$0,$-204,$-2,$-2,$0,$0,$-206,$-22,$2,$0
42,2008-03-31,15.31,$14.76,1.04,$42.16,0.36,$7.96,1.92,$1.41,10.86,$1.09B,$0.43B,2.53,$1.13B,$0.99B,1.14,$2.91B,$2.11B,72.56%,$2.91B,$0.24B,8.12%,$2.91B,$0.24B,8.12%,$2.91B,$0.89B,30.61%,$2.91B,$0.15B,5.19%,$2.91B,$0.10B,3.34%,$0.10B,$0.99B,10.06%,$0.10B,$-0.28B,-30.99%,$0.10B,$2.57B,3.66%,$0.24B,$2.11B,10.88%,$757,$223,$534,$0,$448,$679,$78,$-19,$58,$22,$36,$36,$36,$243,$78,$67,67,$0.55,$0.54,$79,$916,$0,$1086,$216,$0,$1265,$3,$1484,$2570,$429,$1125,$0,$1157,$1585,$1,$1106,$0,$985,$2570,$36,$165,$28,$194,$1,$-121,$7,$6,$-102,$128,$-13,$0,$-1,$0,$0,$0,$0,$-15,$-133,$0,$-133,$0,$0,$0,$0,$-132,$-19,$1,$0
43,2007-12-31,12.11,$14.20,0.85,$41.49,0.29,$7.08,1.71,$1.08,11.21,$1.13B,$0.41B,2.76,$1.26B,$0.95B,1.33,$2.91B,$2.13B,73.26%,$2.91B,$0.20B,7.02%,$2.91B,$0.20B,7.02%,$2.91B,$0.85B,29.39%,$2.91B,$0.12B,4.03%,$2.91B,$0.08B,2.62%,$0.08B,$0.95B,7.92%,$0.08B,$-0.32B,-23.35%,$0.08B,$2.63B,2.82%,$0.20B,$2.21B,9.33%,$717,$198,$519,$0,$455,$706,$10,$-22,$-11,$-6,$-5,$-5,$-5,$175,$10,$69,69,$-0.06,$-0.06,$97,$938,$0,$1133,$222,$0,$1269,$2,$1494,$2627,$411,$1259,$0,$1269,$1680,$1,$1070,$0,$947,$2627,$76,$651,$85,$736,$-17,$-446,$-18,$-6,$-572,$240,$-97,$0,$-20,$0,$0,$0,$0,$-118,$-41,$0,$-41,$-78,$-78,$0,$1,$-118,$5,$5,$0
44,2007-09-30,15.12,$14.27,1.06,$40.44,0.37,$6.50,2.33,$1.13,13.38,$1.16B,$0.48B,2.44,$1.20B,$0.95B,1.26,$2.85B,$2.09B,73.50%,$2.85B,$0.21B,7.49%,$2.85B,$0.21B,7.49%,$2.85B,$0.85B,29.74%,$2.85B,$0.13B,4.46%,$2.85B,$0.08B,2.78%,$0.08B,$0.95B,8.25%,$0.08B,$-0.32B,-23.96%,$0.08B,$2.67B,2.90%,$0.21B,$2.16B,9.71%,$710,$191,$519,$0,$454,$649,$61,$-22,$39,$14,$25,$25,$25,$220,$61,$68,69,$0.37,$0.37,$100,$966,$0,$1164,$225,$0,$1274,$3,$1502,$2665,$476,$1202,$0,$1235,$1711,$1,$1075,$0,$954,$2665,$82,$486,$52,$538,$-5,$-330,$-20,$2,$-349,$270,$-73,$0,$-19,$0,$0,$0,$0,$-91,$-97,$0,$-97,$-75,$-75,$0,$1,$-171,$8,$4,$0
45,2007-06-30,21.88,$14.06,1.56,$38.38,0.57,$4.79,4.57,$1.12,19.53,$1.20B,$0.52B,2.32,$1.23B,$0.97B,1.27,$2.72B,$2.00B,73.62%,$2.72B,$0.20B,7.49%,$2.72B,$0.20B,7.49%,$2.72B,$0.81B,29.65%,$2.72B,$0.13B,4.63%,$2.72B,$0.08B,2.90%,$0.08B,$0.97B,8.26%,$0.08B,$-0.33B,-31.57%,$0.08B,$2.73B,3.07%,$0.20B,$2.21B,9.92%,$724,$186,$538,$0,$448,$637,$87,$-22,$65,$24,$41,$41,$41,$252,$87,$70,71,$0.59,$0.58,$79,$1036,$0,$1200,$222,$0,$1302,$2,$1527,$2726,$516,$1233,$0,$1237,$1754,$1,$1050,$0,$972,$2726,$56,$326,$18,$344,$-3,$-265,$-28,$5,$-258,$143,$-50,$0,$-13,$0,$0,$0,$0,$-63,$-64,$0,$-64,$-30,$-30,$0,$1,$-94,$-13,$3,$0
46,2007-03-31,23.34,$13.69,1.7,$36.41,0.64,$3.52,6.63,$1.10,21.22,$1.26B,$0.60B,2.11,$1.22B,$0.96B,1.26,$2.58B,$1.90B,73.47%,$2.58B,$0.19B,7.44%,$2.58B,$0.19B,7.44%,$2.58B,$0.76B,29.32%,$2.58B,$0.12B,4.80%,$2.58B,$0.08B,3.02%,$0.08B,$0.96B,8.28%,$0.08B,$-0.33B,-44.70%,$0.08B,$2.78B,3.25%,$0.19B,$2.18B,10.03%,$755,$202,$553,$0,$452,$709,$46,$-22,$24,$9,$15,$15,$15,$207,$46,$70,71,$0.21,$0.21,$80,$1070,$0,$1256,$223,$0,$1294,$2,$1520,$2775,$596,$1216,$0,$1216,$1812,$1,$1009,$0,$963,$2775,$15,$161,$-7,$155,$-3,$-158,$10,$-2,$-84,$86,$-27,$0,$-0,$0,$0,$0,$0,$-27,$-75,$0,$-75,$3,$3,$0,$0,$-71,$-12,$1,$0
47,2006-12-31,24.61,$13.43,1.83,$34.47,0.71,$3.34,7.36,$1.46,16.86,$1.24B,$0.51B,2.46,$1.29B,$0.94B,1.37,$2.43B,$1.78B,73.13%,$2.43B,$0.22B,9.08%,$2.43B,$0.22B,9.08%,$2.43B,$0.75B,30.85%,$2.43B,$0.16B,6.74%,$2.43B,$0.10B,4.23%,$0.10B,$0.94B,11.21%,$0.10B,$-0.34B,-95.81%,$0.10B,$2.74B,4.68%,$0.22B,$2.24B,12.61%,$656,$175,$481,$0,$401,$637,$19,$-20,$-1,$2,$-2,$-2,$-2,$167,$19,$70,71,$-0.03,$-0.03,$92,$1056,$0,$1239,$218,$0,$1282,$2,$1502,$2741,$505,$1293,$0,$1293,$1798,$1,$994,$0,$943,$2741,$103,$529,$8,$537,$-7,$-552,$30,$-13,$-453,$187,$-83,$0,$-657,$0,$0,$0,$0,$-740,$568,$0,$568,$15,$15,$0,$4,$588,$35,$8,$0
