,Date,Stock Price,Book Value per Share,Price to Book Ratio,TTM Sales per Share,Price to Sales Ratio,TTM FCF per Share,Price to FCF Ratio,TTM Net EPS,PE Ratio,Current Assets,Current Liabilities,Current Ratio,Long Term Debt,Shareholder's Equity_x,Debt to Equity Ratio,TTM Revenue_x,TTM Gross Profit,Gross Margin,TTM Revenue_y,TTM Operating Income,Operating Margin,TTM Revenue_x,TTM EBIT,EBIT Margin,TTM Revenue_y,TTM EBITDA,EBITDA Margin,TTM Revenue_x,TTM Pre-Tax Income,Pre-Tax Margin,TTM Revenue_y,TTM Net Income_x,Net Margin,TTM Net Income_y,Shareholder's Equity_y,Return on Equity,TTM Net Income_x,Tangible Equity,Return on Tangible Equity,TTM Net Income_y,Total Assets,Return on Assets,TTM Net Income,LT Investments & Debt,Return on Investment,revenue,cost-goods-sold,gross-profit,research-development-expenses,selling-general-administrative-expenses,operating-expenses,operating-income,total-non-operating-income-expense,pre-tax-income,total-provision-income-taxes,income-after-taxes,income-from-continuous-operations,net-income,ebitda,ebit,basic-shares-outstanding,shares-outstanding,eps-basic-net-earnings-per-share,eps-earnings-per-share-diluted,cash-on-hand,inventory,other-current-assets,total-current-assets,net-property-plant-equipment,long-term-investments,goodwill-intangible-assets-total,other-long-term-assets,total-long-term-assets,total-assets,total-current-liabilities,long-term-debt,other-non-current-liabilities,total-long-term-liabilities,total-liabilities,common-stock-net,retained-earnings-accumulated-deficit,comprehensive-income,total-share-holder-equity,total-liabilities-share-holders-equity,net-income-loss,total-depreciation-amortization-cash-flow,other-non-cash-items,total-non-cash-items,change-in-accounts-receivable,change-in-inventories,change-in-accounts-payable,change-in-assets-liabilities,total-change-in-assets-liabilities,cash-flow-from-operating-activities,net-change-in-property-plant-equipment,net-change-in-intangible-assets,net-acquisitions-divestitures,net-change-in-short-term-investments,net-change-in-long-term-investments,net-change-in-investments-total,investing-activities-other,cash-flow-from-investing-activities,net-long-term-debt,net-current-debt,debt-issuance-retirement-net-total,net-common-equity-issued-repurchased,net-total-equity-issued-repurchased,total-common-preferred-stock-dividends-paid,financial-activities-other,cash-flow-from-financial-activities,net-cash-flow,stock-based-compensation,common-stock-dividends-paid
0,2018-09-30,28.3,$20.22,1.4,$33.86,0.84,$5.19,5.46,$2.05,13.8,$0.14B,$0.04B,3.89,$0.00B,$0.15B,0.0,$0.25B,$0.09B,34.13%,$0.25B,$0.02B,6.75%,$0.25B,$0.02B,6.75%,$0.25B,$0.02B,9.13%,$0.25B,$0.01B,5.56%,$0.25B,$0.02B,5.95%,$0.02B,$0.15B,10.33%,$0.02B,$0.12B,13.04%,$0.02B,$0.19B,8.06%,$0.02B,$0.15B,11.66%,$66,$44,$22,$0,$0,$60,$6,$0,$6,$1,$5,$5,$5,$7,$6,$7,7,$0.68,$0.67,$4,$78,$0,$141,$23,$0,$30,$0,$54,$194,$36,$0,$0,$8,$44,$70,$80,$0,$150,$194,$11,$4,$0,$5,$-3,$-13,$8,$2,$-7,$9,$-4,$0,$0,$0,$0,$0,$0,$-4,$-2,$0,$-2,$0,$0,$-3,$0,$-5,$1,$0,$-3
1,2018-06-30,30.0,$19.66,1.53,$33.74,0.89,$4.99,6.01,$1.68,17.86,$0.14B,$0.03B,4.02,$0.00B,$0.15B,0.0,$0.25B,$0.08B,33.47%,$0.25B,$0.01B,5.58%,$0.25B,$0.01B,5.58%,$0.25B,$0.02B,8.37%,$0.25B,$0.01B,4.38%,$0.25B,$0.01B,4.78%,$0.01B,$0.15B,8.44%,$0.01B,$0.12B,10.81%,$0.01B,$0.19B,6.52%,$0.01B,$0.15B,9.62%,$58,$39,$20,$0,$16,$55,$3,$-0,$3,$1,$3,$3,$3,$5,$3,$7,7,$0.36,$0.35,$8,$73,$0,$135,$24,$0,$30,$0,$54,$189,$34,$0,$2,$10,$43,$69,$76,$0,$146,$189,$6,$3,$0,$3,$5,$-7,$5,$0,$2,$11,$-3,$0,$0,$0,$0,$0,$0,$-3,$-2,$0,$-2,$0,$0,$-2,$0,$-4,$5,$0,$-2
2,2018-03-31,21.36,$19.42,1.1,$33.79,0.63,$4.63,4.61,$1.53,13.96,$0.13B,$0.03B,3.93,$0.00B,$0.14B,0.0,$0.25B,$0.08B,32.67%,$0.25B,$0.01B,5.18%,$0.25B,$0.01B,5.18%,$0.25B,$0.02B,7.97%,$0.25B,$0.01B,3.98%,$0.25B,$0.01B,3.98%,$0.01B,$0.14B,7.14%,$0.01B,$0.11B,9.26%,$0.01B,$0.19B,5.49%,$0.01B,$0.14B,8.95%,$61,$40,$21,$0,$17,$57,$4,$-0,$4,$1,$3,$3,$3,$6,$4,$7,7,$0.44,$0.44,$10,$65,$0,$134,$24,$0,$30,$0,$54,$188,$34,$0,$2,$10,$44,$69,$75,$0,$144,$188,$3,$1,$0,$2,$5,$0,$1,$-1,$6,$11,$-1,$0,$0,$0,$0,$0,$0,$-1,$-2,$0,$-2,$0,$0,$-1,$0,$-3,$6,$0,$-1
3,2017-12-31,18.7,$19.07,0.98,$34.01,0.55,$4.49,4.17,$1.29,14.5,$0.12B,$0.02B,5.95,$0.00B,$0.14B,0.02,$0.25B,$0.08B,32.02%,$0.25B,$0.01B,4.35%,$0.25B,$0.01B,4.35%,$0.25B,$0.02B,7.11%,$0.25B,$0.01B,3.16%,$0.25B,$0.01B,3.16%,$0.01B,$0.14B,5.80%,$0.01B,$0.11B,7.62%,$0.01B,$0.17B,4.48%,$0.01B,$0.14B,7.61%,$67,$44,$23,$0,$36,$63,$4,$-2,$1,$-3,$4,$4,$4,$5,$4,$7,7,$0.59,$0.59,$4,$66,$0,$119,$24,$0,$30,$0,$54,$173,$20,$2,$2,$12,$32,$69,$72,$0,$141,$173,$10,$7,$-1,$5,$-6,$4,$1,$1,$2,$17,$-2,$0,$0,$0,$0,$0,$0,$-2,$-12,$0,$-12,$-1,$-1,$-3,$0,$-16,$-1,$0,$-3
4,2017-09-30,13.19,$18.58,0.71,$33.94,0.39,$4.46,2.96,$0.61,21.62,$0.13B,$0.03B,4.91,$0.01B,$0.14B,0.09,$0.25B,$0.08B,31.62%,$0.25B,$0.01B,2.37%,$0.25B,$0.01B,2.37%,$0.25B,$0.01B,5.53%,$0.25B,$0.01B,2.37%,$0.25B,$0.00B,1.19%,$0.00B,$0.14B,2.20%,$0.00B,$0.10B,2.92%,$0.00B,$0.19B,1.67%,$0.01B,$0.15B,4.10%,$65,$45,$20,$0,$0,$61,$3,$-0,$3,$1,$2,$2,$2,$5,$3,$7,7,$0.30,$0.30,$2,$77,$0,$127,$25,$0,$33,$0,$58,$186,$26,$12,$0,$22,$48,$69,$69,$0,$138,$186,$5,$5,$0,$5,$-4,$-8,$5,$2,$-4,$7,$-3,$0,$0,$0,$0,$0,$0,$-3,$-3,$0,$-3,$-1,$-1,$-2,$0,$-6,$-2,$0,$-2
5,2017-06-30,13.13,$18.35,0.72,$35.01,0.38,$3.61,3.64,$0.37,35.49,$0.12B,$0.03B,4.86,$0.01B,$0.14B,0.06,$0.26B,$0.08B,30.65%,$0.26B,$0.00B,1.53%,$0.26B,$0.00B,1.53%,$0.26B,$0.01B,4.60%,$0.26B,$0.00B,1.53%,$0.26B,$0.00B,0.38%,$0.00B,$0.14B,0.73%,$0.00B,$0.10B,0.98%,$0.00B,$0.18B,0.54%,$0.00B,$0.15B,2.65%,$58,$40,$18,$0,$16,$56,$2,$-0,$2,$1,$1,$1,$1,$4,$2,$7,7,$0.20,$0.20,$3,$76,$0,$122,$26,$0,$33,$0,$59,$181,$25,$9,$0,$19,$44,$69,$67,$0,$137,$181,$3,$3,$0,$4,$1,$-7,$5,$1,$1,$8,$-2,$0,$0,$0,$0,$0,$0,$-2,$-6,$0,$-6,$0,$0,$-2,$0,$-8,$-2,$0,$-2
6,2017-03-31,11.19,$18.27,0.61,$35.46,0.32,$3.12,3.58,$-0.06,0.0,$0.12B,$0.02B,5.41,$0.01B,$0.14B,0.04,$0.27B,$0.08B,29.32%,$0.27B,$-0.00B,-0.38%,$0.27B,$-0.00B,-0.38%,$0.27B,$0.01B,2.63%,$0.27B,$-0.00B,-0.38%,$0.27B,$-0.00B,-0.75%,$-0.00B,$0.14B,-1.47%,$-0.00B,$0.10B,-1.98%,$-0.00B,$0.17B,-1.05%,$-0.00B,$0.14B,-0.65%,$63,$43,$20,$0,$17,$61,$2,$-0,$2,$1,$1,$1,$1,$4,$2,$7,7,$0.20,$0.20,$3,$69,$0,$115,$26,$0,$33,$0,$59,$174,$21,$5,$0,$17,$38,$69,$66,$0,$136,$174,$1,$2,$0,$2,$2,$0,$3,$0,$6,$9,$-1,$0,$0,$0,$0,$0,$0,$-1,$-9,$0,$-9,$0,$0,$-1,$0,$-10,$-2,$0,$-1
7,2016-12-31,11.08,$18.20,0.61,$34.57,0.32,$2.42,4.59,$-0.29,0.0,$0.12B,$0.02B,6.7,$0.02B,$0.14B,0.11,$0.26B,$0.08B,29.50%,$0.26B,$-0.00B,-1.15%,$0.26B,$-0.00B,-1.15%,$0.26B,$0.01B,1.92%,$0.26B,$-0.00B,-1.15%,$0.26B,$-0.00B,-1.15%,$-0.00B,$0.14B,-2.18%,$-0.00B,$0.10B,-2.94%,$-0.00B,$0.18B,-1.54%,$-0.00B,$0.15B,-1.87%,$67,$45,$22,$0,$20,$68,$-1,$-0,$-1,$-1,$-1,$-1,$-1,$1,$-1,$8,8,$-0.09,$-0.09,$4,$69,$0,$119,$27,$0,$33,$0,$60,$179,$18,$15,$0,$26,$44,$69,$66,$0,$135,$179,$-2,$8,$3,$11,$3,$8,$2,$0,$12,$21,$-6,$0,$0,$0,$0,$0,$0,$-6,$-9,$0,$-9,$-2,$-2,$-3,$0,$-14,$1,$0,$-3
8,2016-09-30,10.04,$18.36,0.55,$34.27,0.29,$2.29,4.39,$-0.02,0.0,$0.14B,$0.02B,5.9,$0.03B,$0.14B,0.23,$0.26B,$0.08B,29.73%,$0.26B,0,0.00%,$0.26B,0,0.00%,$0.26B,$0.01B,3.09%,$0.26B,0,0.00%,$0.26B,$-0.00B,-0.39%,$-0.00B,$0.14B,-0.72%,$-0.00B,$0.10B,-0.97%,$-0.00B,$0.20B,-0.50%,$0.00B,$0.17B,0.00%,$73,$53,$20,$0,$18,$72,$1,$-0,$1,$0,$0,$0,$0,$3,$1,$7,8,$0.06,$0.06,$4,$80,$0,$140,$27,$0,$36,$0,$64,$204,$24,$31,$0,$43,$67,$70,$67,$0,$137,$204,$-2,$6,$1,$7,$-7,$-3,$6,$1,$-3,$3,$-5,$0,$0,$0,$0,$0,$0,$-5,$7,$0,$7,$-2,$-2,$-2,$0,$3,$1,$0,$-2
9,2016-06-30,10.73,$18.38,0.58,$33.75,0.32,$1.71,6.26,$0.16,67.09,$0.14B,$0.03B,4.71,$0.02B,$0.14B,0.17,$0.26B,$0.08B,30.86%,$0.26B,$0.00B,0.78%,$0.26B,$0.00B,0.78%,$0.26B,$0.01B,3.91%,$0.26B,$0.00B,0.78%,$0.26B,$0.00B,0.39%,$0.00B,$0.14B,0.71%,$0.00B,$0.10B,0.96%,$0.00B,$0.20B,0.49%,$0.00B,$0.16B,1.18%,$63,$46,$16,$0,$19,$65,$-3,$-0,$-3,$-1,$-2,$-2,$-2,$-1,$-3,$8,8,$-0.23,$-0.23,$2,$88,$0,$138,$28,$0,$36,$0,$65,$202,$29,$24,$0,$36,$65,$70,$68,$0,$138,$202,$-2,$4,$0,$4,$2,$-11,$12,$-1,$3,$6,$-3,$0,$0,$0,$0,$0,$0,$-3,$-0,$0,$-0,$-1,$-1,$-2,$0,$-3,$-1,$0,$-2
10,2016-03-31,11.86,$18.62,0.64,$34.49,0.34,$1.71,6.92,$0.65,18.24,$0.13B,$0.02B,6.22,$0.02B,$0.14B,0.15,$0.26B,$0.09B,32.82%,$0.26B,$0.01B,3.05%,$0.26B,$0.01B,3.05%,$0.26B,$0.02B,6.11%,$0.26B,$0.01B,3.05%,$0.26B,$0.01B,1.91%,$0.01B,$0.14B,3.55%,$0.01B,$0.11B,4.76%,$0.01B,$0.20B,2.41%,$0.01B,$0.16B,4.63%,$58,$39,$19,$0,$19,$58,$-0,$-0,$-0,$-0,$-0,$-0,$-0,$2,$-0,$8,8,$-0.03,$-0.03,$4,$85,$0,$131,$28,$0,$37,$0,$65,$196,$21,$22,$0,$34,$55,$71,$70,$0,$141,$196,$-0,$2,$0,$2,$6,$-8,$6,$-1,$3,$5,$-2,$0,$0,$0,$0,$0,$0,$-2,$-2,$0,$-2,$0,$0,$-1,$0,$-3,$0,$0,$-1
11,2015-12-31,10.66,$18.78,0.57,$35.55,0.3,$1.31,8.15,$0.87,12.25,$0.13B,$0.02B,8.76,$0.02B,$0.14B,0.17,$0.27B,$0.09B,33.09%,$0.27B,$0.01B,3.72%,$0.27B,$0.01B,3.72%,$0.27B,$0.02B,6.69%,$0.27B,$0.01B,3.72%,$0.27B,$0.01B,2.23%,$0.01B,$0.14B,4.27%,$0.01B,$0.11B,5.76%,$0.01B,$0.19B,2.85%,$0.01B,$0.17B,5.68%,$65,$43,$22,$0,$20,$63,$2,$-0,$2,$0,$1,$1,$1,$4,$2,$8,8,$0.18,$0.18,$3,$77,$0,$129,$28,$0,$37,$0,$65,$194,$15,$24,$0,$37,$52,$71,$71,$0,$142,$194,$7,$7,$1,$8,$11,$8,$-6,$-5,$9,$23,$-9,$-0,$0,$0,$0,$0,$0,$-9,$-13,$0,$-13,$0,$0,$-3,$0,$-16,$-1,$0,$-3
12,2015-09-30,12.96,$18.70,0.69,$37.39,0.35,$0.12,107.61,$1.28,10.12,$0.16B,$0.02B,6.88,$0.05B,$0.14B,0.32,$0.28B,$0.10B,33.57%,$0.28B,$0.02B,5.30%,$0.28B,$0.02B,5.30%,$0.28B,$0.02B,8.13%,$0.28B,$0.02B,5.30%,$0.28B,$0.01B,3.18%,$0.01B,$0.14B,6.45%,$0.01B,$0.11B,8.72%,$0.01B,$0.22B,4.18%,$0.02B,$0.19B,8.42%,$70,$48,$22,$0,$19,$67,$3,$-0,$3,$1,$2,$2,$2,$5,$3,$8,8,$0.24,$0.24,$4,$88,$0,$159,$27,$0,$37,$0,$64,$223,$23,$45,$0,$58,$82,$71,$71,$0,$141,$223,$5,$5,$0,$6,$-7,$-3,$0,$-3,$-12,$-2,$-5,$-0,$0,$0,$0,$0,$0,$-5,$9,$0,$9,$0,$0,$-2,$0,$6,$-1,$0,$-2
13,2015-06-30,16.97,$18.56,0.91,$37.79,0.45,$-0.27,0.0,$1.46,11.62,$0.15B,$0.03B,5.79,$0.04B,$0.14B,0.25,$0.29B,$0.10B,33.92%,$0.29B,$0.02B,5.94%,$0.29B,$0.02B,5.94%,$0.29B,$0.03B,8.74%,$0.29B,$0.02B,5.94%,$0.29B,$0.01B,3.50%,$0.01B,$0.14B,7.25%,$0.01B,$0.10B,9.85%,$0.01B,$0.22B,4.63%,$0.02B,$0.18B,9.55%,$69,$46,$23,$0,$19,$65,$3,$-0,$3,$1,$2,$2,$2,$5,$3,$8,8,$0.26,$0.26,$5,$86,$0,$154,$25,$0,$37,$0,$62,$216,$27,$36,$0,$49,$75,$71,$70,$0,$140,$216,$3,$4,$0,$4,$-2,$-1,$4,$-3,$-3,$4,$-2,$-0,$0,$0,$0,$0,$0,$-2,$-1,$0,$-1,$0,$0,$-2,$0,$-2,$-0,$0,$-2
14,2015-03-31,19.49,$18.40,1.06,$37.86,0.51,$-1.05,0.0,$1.40,13.92,$0.15B,$0.02B,7.37,$0.04B,$0.14B,0.26,$0.29B,$0.10B,33.92%,$0.29B,$0.02B,5.94%,$0.29B,$0.02B,5.94%,$0.29B,$0.02B,8.39%,$0.29B,$0.02B,5.59%,$0.29B,$0.01B,3.50%,$0.01B,$0.14B,7.35%,$0.01B,$0.10B,10.08%,$0.01B,$0.21B,4.65%,$0.02B,$0.18B,9.56%,$65,$43,$22,$0,$20,$63,$2,$-0,$2,$1,$1,$1,$1,$4,$2,$8,8,$0.19,$0.19,$4,$83,$0,$147,$25,$0,$37,$0,$62,$209,$20,$37,$0,$50,$70,$71,$69,$0,$139,$209,$1,$2,$0,$2,$1,$2,$-1,$-5,$-2,$1,$-1,$-0,$0,$0,$0,$0,$0,$-1,$0,$0,$0,$0,$0,$-1,$0,$-0,$-0,$0,$-1
15,2014-12-31,12.05,$18.32,0.66,$37.93,0.32,$-0.73,0.0,$1.31,9.2,$0.15B,$0.03B,5.95,$0.04B,$0.14B,0.26,$0.29B,$0.10B,33.80%,$0.29B,$0.02B,5.57%,$0.29B,$0.02B,5.57%,$0.29B,$0.02B,8.01%,$0.29B,$0.02B,5.23%,$0.29B,$0.01B,3.48%,$0.01B,$0.14B,7.46%,$0.01B,$0.10B,10.28%,$0.01B,$0.21B,4.67%,$0.02B,$0.18B,9.10%,$79,$51,$28,$0,$21,$72,$7,$-0,$7,$2,$4,$4,$4,$9,$7,$8,8,$0.58,$0.58,$5,$85,$0,$150,$26,$0,$37,$0,$63,$213,$25,$36,$0,$50,$75,$70,$68,$0,$138,$213,$10,$7,$1,$8,$-7,$-7,$4,$4,$-5,$13,$-7,$-0,$0,$0,$0,$0,$0,$-7,$-2,$0,$-2,$0,$0,$-3,$-0,$-5,$0,$0,$-3
16,2014-09-30,12.56,$17.83,0.7,$35.67,0.35,$-2.82,0.0,$0.96,13.09,$0.16B,$0.03B,6.03,$0.05B,$0.14B,0.38,$0.27B,$0.09B,33.70%,$0.27B,$0.01B,4.07%,$0.27B,$0.01B,4.07%,$0.27B,$0.02B,6.67%,$0.27B,$0.01B,3.70%,$0.27B,$0.01B,2.96%,$0.01B,$0.14B,6.05%,$0.01B,$0.10B,8.40%,$0.01B,$0.23B,3.80%,$0.01B,$0.19B,6.30%,$73,$48,$24,$0,$19,$68,$5,$-0,$5,$1,$3,$3,$3,$7,$5,$8,8,$0.42,$0.42,$4,$90,$0,$160,$27,$0,$37,$0,$64,$225,$27,$51,$0,$63,$90,$70,$64,$0,$135,$225,$5,$5,$1,$6,$-13,$-12,$8,$2,$-15,$-3,$-6,$-0,$0,$0,$0,$0,$0,$-6,$12,$0,$12,$0,$0,$-2,$0,$10,$0,$0,$-2
17,2014-06-30,12.61,$17.51,0.72,$35.37,0.36,$-3.74,0.0,$0.93,13.55,$0.15B,$0.03B,5.68,$0.04B,$0.13B,0.33,$0.27B,$0.09B,33.71%,$0.27B,$0.01B,3.75%,$0.27B,$0.01B,3.75%,$0.27B,$0.02B,6.37%,$0.27B,$0.01B,3.37%,$0.27B,$0.01B,3.00%,$0.01B,$0.13B,6.11%,$0.01B,$0.10B,8.38%,$0.01B,$0.21B,3.89%,$0.01B,$0.18B,5.84%,$69,$46,$23,$0,$20,$66,$3,$-0,$2,$1,$2,$2,$2,$4,$3,$8,8,$0.20,$0.20,$4,$86,$0,$149,$28,$0,$37,$0,$65,$214,$26,$43,$0,$55,$82,$70,$62,$0,$132,$214,$2,$3,$0,$4,$-5,$-8,$7,$2,$-4,$1,$-5,$-0,$0,$0,$0,$0,$0,$-5,$5,$0,$5,$0,$0,$-2,$0,$3,$-0,$0,$-2
18,2014-03-31,12.66,$17.40,0.73,$34.16,0.37,$-4.36,0.0,$0.97,13.05,$0.14B,$0.03B,5.52,$0.04B,$0.13B,0.28,$0.26B,$0.09B,33.85%,$0.26B,$0.01B,3.89%,$0.26B,$0.01B,3.89%,$0.26B,$0.02B,6.61%,$0.26B,$0.01B,3.89%,$0.26B,$0.01B,3.11%,$0.01B,$0.13B,6.15%,$0.01B,$0.09B,8.33%,$0.01B,$0.21B,4.01%,$0.01B,$0.17B,5.98%,$66,$44,$22,$0,$21,$64,$1,$-0,$1,$0,$1,$1,$1,$3,$1,$8,8,$0.10,$0.10,$4,$78,$0,$140,$28,$0,$37,$0,$65,$205,$25,$37,$0,$49,$74,$70,$61,$0,$131,$205,$1,$2,$0,$2,$-4,$-0,$8,$-1,$3,$6,$-3,$0,$0,$0,$0,$0,$0,$-3,$-2,$0,$-2,$0,$0,$-1,$0,$-3,$-0,$0,$-1
19,2013-12-31,12.73,$17.41,0.73,$32.58,0.39,$-4.55,0.0,$0.99,12.85,$0.14B,$0.02B,7.79,$0.04B,$0.13B,0.29,$0.25B,$0.08B,34.29%,$0.25B,$0.01B,4.49%,$0.25B,$0.01B,4.49%,$0.25B,$0.02B,6.94%,$0.25B,$0.01B,4.08%,$0.25B,$0.01B,3.27%,$0.01B,$0.13B,6.20%,$0.01B,$0.09B,8.29%,$0.01B,$0.20B,4.17%,$0.01B,$0.17B,6.79%,$62,$40,$22,$0,$18,$59,$2,$0,$2,$1,$2,$2,$2,$4,$2,$8,8,$0.23,$0.23,$4,$78,$0,$136,$26,$0,$37,$0,$63,$199,$17,$38,$0,$50,$68,$70,$61,$0,$131,$199,$7,$6,$1,$7,$-3,$-10,$-5,$1,$-17,$-2,$-8,$-0,$-2,$0,$0,$0,$0,$-10,$15,$0,$15,$0,$0,$-2,$-0,$13,$0,$0,$-2
20,2013-09-30,15.11,$17.28,0.87,$32.15,0.47,$-1.61,0.0,$1.09,13.86,$0.15B,$0.02B,7.36,$0.04B,$0.13B,0.33,$0.24B,$0.08B,34.44%,$0.24B,$0.01B,5.39%,$0.24B,$0.01B,5.39%,$0.24B,$0.02B,7.88%,$0.24B,$0.01B,4.98%,$0.24B,$0.01B,3.73%,$0.01B,$0.13B,7.05%,$0.01B,$0.10B,9.30%,$0.01B,$0.20B,4.85%,$0.01B,$0.17B,8.29%,$70,$47,$23,$0,$18,$66,$4,$-0,$4,$1,$3,$3,$3,$6,$4,$8,8,$0.39,$0.39,$5,$79,$0,$148,$25,$0,$31,$0,$56,$204,$20,$42,$0,$54,$74,$70,$60,$0,$130,$204,$6,$5,$0,$5,$-16,$-12,$3,$3,$-22,$-11,$-6,$-0,$0,$0,$0,$0,$0,$-6,$19,$0,$19,$0,$0,$-2,$0,$17,$1,$0,$-2
21,2013-06-30,13.05,$16.99,0.77,$32.48,0.4,$-0.31,0.0,$1.42,9.19,$0.14B,$0.02B,6.76,$0.03B,$0.13B,0.25,$0.24B,$0.09B,35.25%,$0.24B,$0.02B,6.97%,$0.24B,$0.02B,6.97%,$0.24B,$0.02B,9.02%,$0.24B,$0.02B,6.56%,$0.24B,$0.01B,4.51%,$0.01B,$0.13B,8.73%,$0.01B,$0.10B,11.55%,$0.01B,$0.19B,5.99%,$0.02B,$0.16B,10.97%,$59,$39,$20,$0,$17,$57,$3,$-0,$3,$1,$2,$2,$2,$4,$3,$8,8,$0.24,$0.24,$3,$81,$0,$135,$24,$0,$31,$0,$55,$191,$20,$31,$0,$43,$63,$70,$58,$0,$128,$191,$3,$3,$0,$3,$-2,$-14,$6,$-1,$-11,$-5,$-4,$-0,$0,$0,$0,$0,$0,$-4,$8,$0,$8,$0,$0,$-1,$0,$7,$-1,$0,$-1
22,2013-03-31,11.67,$16.86,0.69,$30.50,0.38,$1.25,9.35,$1.21,9.64,$0.12B,$0.02B,7.84,$0.02B,$0.13B,0.16,$0.23B,$0.08B,35.37%,$0.23B,$0.01B,6.11%,$0.23B,$0.01B,6.11%,$0.23B,$0.02B,8.73%,$0.23B,$0.01B,5.68%,$0.23B,$0.01B,3.93%,$0.01B,$0.13B,7.29%,$0.01B,$0.10B,9.70%,$0.01B,$0.17B,5.02%,$0.01B,$0.15B,9.20%,$54,$35,$19,$0,$17,$52,$2,$-0,$1,$0,$1,$1,$1,$3,$2,$8,8,$0.12,$0.12,$2,$68,$0,$118,$24,$0,$30,$0,$55,$173,$15,$20,$0,$32,$47,$70,$57,$0,$127,$173,$1,$2,$0,$2,$2,$-1,$2,$-3,$0,$3,$-2,$-0,$0,$0,$0,$0,$0,$-2,$-3,$0,$-3,$0,$0,$0,$0,$-3,$-2,$0,$0
23,2012-12-31,11.18,$16.74,0.67,$30.46,0.37,$2.74,4.07,$1.19,9.39,$0.12B,$0.01B,8.38,$0.02B,$0.13B,0.19,$0.23B,$0.08B,35.09%,$0.23B,$0.01B,5.70%,$0.23B,$0.01B,5.70%,$0.23B,$0.02B,8.77%,$0.23B,$0.01B,5.70%,$0.23B,$0.01B,3.95%,$0.01B,$0.13B,7.42%,$0.01B,$0.10B,9.94%,$0.01B,$0.18B,5.07%,$0.01B,$0.15B,8.65%,$58,$37,$21,$0,$17,$54,$4,$-0,$4,$1,$3,$3,$3,$6,$4,$8,8,$0.33,$0.33,$4,$67,$0,$120,$24,$0,$30,$0,$55,$175,$14,$23,$0,$35,$49,$70,$56,$0,$126,$175,$9,$6,$0,$6,$1,$-2,$4,$1,$3,$18,$-6,$-0,$0,$0,$0,$0,$0,$-6,$-12,$0,$-12,$0,$0,$0,$0,$-12,$0,$0,$0
24,2012-09-30,9.9,$16.40,0.6,$31.24,0.32,$1.02,9.71,$0.89,11.13,$0.14B,$0.02B,6.93,$0.04B,$0.12B,0.34,$0.23B,$0.08B,34.62%,$0.23B,$0.02B,6.41%,$0.23B,$0.02B,6.41%,$0.23B,$0.02B,8.97%,$0.23B,$0.01B,3.85%,$0.23B,$0.01B,2.56%,$0.01B,$0.12B,5.04%,$0.01B,$0.09B,6.80%,$0.01B,$0.20B,3.39%,$0.02B,$0.17B,9.93%,$73,$46,$26,$0,$18,$65,$8,$-0,$8,$3,$5,$5,$5,$9,$8,$8,8,$0.72,$0.72,$4,$73,$0,$141,$24,$0,$30,$0,$55,$196,$20,$42,$0,$53,$73,$70,$53,$0,$123,$196,$6,$4,$-0,$4,$-16,$-8,$8,$3,$-13,$-2,$-5,$-0,$0,$0,$0,$0,$0,$-5,$7,$0,$7,$0,$0,$0,$0,$7,$-0,$0,$0
25,2012-06-30,11.31,$15.69,0.72,$31.05,0.36,$-1.57,0.0,$0.87,13.0,$0.12B,$0.01B,8.2,$0.03B,$0.12B,0.25,$0.23B,$0.08B,34.91%,$0.23B,$0.02B,6.47%,$0.23B,$0.02B,6.47%,$0.23B,$0.02B,9.05%,$0.23B,$0.01B,3.45%,$0.23B,$0.01B,2.59%,$0.01B,$0.12B,5.14%,$0.01B,$0.09B,7.00%,$0.01B,$0.17B,3.34%,$0.02B,$0.15B,9.79%,$44,$29,$15,$0,$15,$44,$0,$-0,$0,$0,$0,$0,$0,$2,$0,$8,8,$0.03,$0.03,$2,$74,$0,$118,$25,$0,$30,$0,$56,$173,$14,$30,$0,$41,$56,$70,$48,$0,$118,$173,$1,$3,$0,$3,$8,$-9,$5,$-1,$3,$7,$-4,$-0,$0,$0,$0,$0,$0,$-4,$-5,$0,$-5,$0,$0,$0,$0,$-5,$-2,$0,$0
26,2012-03-31,11.69,$15.66,0.75,$32.11,0.36,$-2.80,0.0,$1.14,10.26,$0.11B,$0.02B,6.97,$0.02B,$0.12B,0.18,$0.24B,$0.09B,36.25%,$0.24B,$0.02B,7.92%,$0.24B,$0.02B,7.92%,$0.24B,$0.02B,10.00%,$0.24B,$0.01B,5.00%,$0.24B,$0.01B,3.33%,$0.01B,$0.12B,7.00%,$0.01B,$0.09B,9.58%,$0.01B,$0.17B,4.42%,$0.02B,$0.14B,12.40%,$53,$35,$18,$0,$17,$52,$1,$-0,$1,$0,$1,$1,$1,$3,$1,$8,8,$0.10,$0.10,$2,$64,$0,$111,$25,$0,$30,$0,$56,$166,$16,$22,$0,$33,$49,$70,$48,$0,$118,$166,$1,$1,$0,$1,$7,$1,$7,$-2,$12,$14,$-2,$-0,$0,$0,$0,$0,$0,$-2,$-13,$0,$-13,$0,$0,$0,$0,$-13,$-1,$0,$0
27,2011-12-31,7.73,$15.58,0.5,$32.00,0.24,$-3.79,0.0,$1.11,6.97,$0.12B,$0.01B,10.93,$0.04B,$0.12B,0.3,$0.24B,$0.09B,36.82%,$0.24B,$0.02B,7.95%,$0.24B,$0.02B,7.95%,$0.24B,$0.02B,9.62%,$0.24B,$0.01B,5.02%,$0.24B,$0.01B,3.35%,$0.01B,$0.12B,7.19%,$0.01B,$0.09B,9.91%,$0.01B,$0.17B,4.44%,$0.02B,$0.15B,12.52%,$64,$42,$22,$0,$17,$58,$6,$5,$0,$0,$0,$0,$0,$7,$6,$7,7,$0.04,$0.04,$4,$65,$0,$120,$24,$0,$30,$1,$55,$174,$11,$35,$0,$46,$57,$70,$47,$0,$117,$174,$8,$6,$1,$6,$3,$-6,$-3,$-1,$-9,$7,$-7,$-0,$0,$0,$0,$0,$-0,$-8,$-0,$0,$-0,$0,$0,$0,$0,$0,$-1,$0,$0
28,2011-09-30,8.51,$15.19,0.56,$32.43,0.26,$-2.40,0.0,$1.48,5.75,$0.15B,$0.02B,6.97,$0.06B,$0.11B,0.53,$0.24B,$0.09B,37.19%,$0.24B,$0.02B,7.44%,$0.24B,$0.02B,7.44%,$0.24B,$0.02B,9.50%,$0.24B,$0.02B,6.61%,$0.24B,$0.01B,4.55%,$0.01B,$0.11B,10.16%,$0.01B,$0.08B,14.10%,$0.01B,$0.21B,6.15%,$0.02B,$0.17B,12.10%,$71,$45,$26,$0,$18,$63,$8,$-0,$7,$2,$5,$5,$5,$9,$8,$7,7,$0.70,$0.70,$3,$79,$0,$151,$24,$0,$31,$1,$55,$205,$22,$60,$1,$70,$92,$70,$47,$-3,$114,$205,$8,$4,$1,$5,$-16,$-20,$2,$0,$-34,$-20,$-6,$-0,$0,$0,$0,$0,$0,$-6,$25,$0,$25,$0,$0,$0,$0,$25,$-1,$0,$0
29,2011-06-30,10.58,$14.48,0.73,$33.02,0.32,$-0.19,0.0,$1.41,7.5,$0.12B,$0.02B,6.63,$0.04B,$0.11B,0.36,$0.25B,$0.09B,36.99%,$0.25B,$0.02B,7.32%,$0.25B,$0.02B,7.32%,$0.25B,$0.02B,9.35%,$0.25B,$0.02B,6.50%,$0.25B,$0.01B,4.47%,$0.01B,$0.11B,10.45%,$0.01B,$0.08B,14.67%,$0.01B,$0.18B,6.31%,$0.02B,$0.15B,12.50%,$52,$32,$21,$0,$17,$49,$4,$-0,$4,$1,$2,$2,$2,$5,$4,$7,7,$0.30,$0.30,$3,$74,$0,$124,$24,$0,$31,$1,$55,$179,$19,$40,$3,$52,$71,$70,$42,$-3,$108,$179,$3,$3,$1,$4,$6,$-16,$4,$-2,$-8,$-2,$-4,$-0,$0,$0,$0,$0,$0,$-4,$4,$0,$4,$0,$0,$0,$0,$5,$-1,$0,$0
30,2011-03-31,13.1,$14.17,0.92,$34.46,0.38,$1.52,8.61,$1.19,11.01,$0.11B,$0.02B,6.74,$0.03B,$0.11B,0.26,$0.25B,$0.09B,35.74%,$0.25B,$0.02B,6.83%,$0.25B,$0.02B,6.83%,$0.25B,$0.02B,8.84%,$0.25B,$0.01B,5.22%,$0.25B,$0.01B,4.02%,$0.01B,$0.11B,9.76%,$0.01B,$0.08B,13.89%,$0.01B,$0.16B,5.85%,$0.02B,$0.13B,12.12%,$52,$33,$19,$0,$18,$51,$1,$-0,$1,$0,$1,$1,$1,$2,$1,$7,7,$0.07,$0.07,$2,$62,$0,$107,$23,$0,$31,$2,$55,$162,$16,$27,$3,$40,$55,$70,$39,$-3,$106,$162,$1,$1,$0,$2,$10,$-3,$1,$-4,$5,$7,$-2,$-0,$0,$0,$0,$0,$0,$-2,$-7,$0,$-7,$0,$0,$0,$0,$-7,$-2,$0,$0
31,2010-12-31,8.6,$14.14,0.61,$37.48,0.23,$2.75,3.13,$1.02,8.43,$0.12B,$0.02B,6.92,$0.04B,$0.11B,0.33,$0.25B,$0.09B,35.18%,$0.25B,$0.02B,6.72%,$0.25B,$0.02B,6.72%,$0.25B,$0.02B,8.70%,$0.25B,$0.01B,4.35%,$0.25B,$0.01B,3.16%,$0.01B,$0.11B,8.29%,$0.01B,$0.08B,12.12%,$0.01B,$0.17B,4.71%,$0.02B,$0.14B,12.23%,$67,$42,$24,$0,$19,$61,$5,$-1,$4,$1,$3,$3,$3,$7,$5,$7,7,$0.41,$0.41,$4,$59,$3,$115,$65,$0,$30,$1,$97,$169,$17,$35,$3,$47,$64,$69,$39,$-3,$105,$169,$8,$6,$2,$6,$-1,$-3,$2,$2,$-1,$14,$-5,$-0,$0,$0,$0,$-0,$0,$-5,$-20,$20,$-41,$14,$14,$0,$-1,$-7,$3,$0,$0
32,2010-09-30,6.48,$0.00,0.0,$39.53,0.16,$7.04,0.92,$0.77,8.41,$0.13B,$0.02B,6.85,$0.05B,$0.10B,0.52,$0.25B,$0.09B,35.08%,$0.25B,$0.02B,6.05%,$0.25B,$0.02B,6.05%,$0.25B,$0.02B,7.66%,$0.25B,$0.01B,3.23%,$0.25B,$0.01B,2.42%,$0.01B,$0.10B,6.61%,$0.01B,$0.07B,9.96%,$0.01B,$0.19B,3.56%,$0.02B,$0.16B,10.83%,$75,$48,$27,$0,$19,$67,$8,$-1,$7,$3,$5,$5,$5,$9,$8,$7,7,$0.63,$0.63,$4,$63,$3,$132,$0,$0,$31,$2,$32,$187,$19,$53,$0,$66,$85,$69,$36,$0,$102,$187,$5,$4,$0,$4,$0,$0,$0,$0,$-15,$-6,$-4,$0,$0,$0,$0,$-0,$0,$-4,$0,$27,$-29,$0,$14,$0,$-0,$12,$2,$0,$0
33,2010-06-30,5.48,$0.00,0.0,$41.46,0.13,$9.34,0.59,$0.64,8.56,$0.11B,$0.02B,5.7,$0.04B,$0.10B,0.38,$0.24B,$0.09B,35.42%,$0.24B,$0.01B,5.42%,$0.24B,$0.01B,5.42%,$0.24B,$0.02B,7.50%,$0.24B,$0.01B,2.08%,$0.24B,$0.00B,1.67%,$0.00B,$0.10B,4.66%,$0.00B,$0.07B,7.24%,$0.00B,$0.17B,2.35%,$0.01B,$0.13B,9.22%,$55,$36,$19,$0,$16,$52,$3,$-2,$1,$0,$1,$1,$1,$4,$3,$7,7,$0.08,$0.08,$3,$62,$4,$111,$0,$0,$31,$2,$33,$166,$19,$36,$0,$49,$69,$69,$31,$0,$97,$166,$-0,$3,$0,$3,$0,$0,$0,$0,$5,$9,$-3,$0,$0,$0,$0,$0,$-0,$-3,$0,$11,$-29,$0,$14,$0,$-0,$-5,$1,$0,$0
34,2010-03-31,8.18,$0.00,0.0,$42.26,0.19,$8.48,0.96,$0.31,26.39,$0.10B,$0.02B,6.23,$0.05B,$0.08B,0.56,$0.24B,$0.08B,35.59%,$0.24B,$0.01B,4.24%,$0.24B,$0.01B,4.24%,$0.24B,$0.02B,6.36%,$0.24B,$0.00B,0.85%,$0.24B,$0.00B,0.85%,$0.00B,$0.08B,2.46%,$0.00B,$0.05B,3.94%,$0.00B,$0.16B,1.13%,$0.01B,$0.13B,6.70%,$56,$37,$19,$0,$18,$55,$1,$-2,$-1,$-0,$-1,$-1,$-1,$2,$1,$6,6,$-0.10,$-0.10,$4,$53,$4,$102,$0,$0,$31,$3,$33,$158,$16,$46,$0,$59,$75,$55,$31,$0,$82,$158,$-1,$1,$0,$1,$0,$0,$0,$0,$11,$12,$-1,$0,$0,$0,$0,$-0,$0,$-1,$0,$-9,$-0,$0,$0,$0,$0,$-9,$2,$0,$0
35,2009-12-31,6.53,$0.00,0.0,$41.28,0.16,$6.98,0.94,$0.21,31.11,$0.11B,$0.01B,8.27,$0.06B,$0.08B,0.67,$0.23B,$0.09B,36.96%,$0.23B,$0.01B,3.91%,$0.23B,$0.01B,3.91%,$0.23B,$0.02B,6.52%,$0.23B,$0.00B,0.43%,$0.23B,$0.00B,0.87%,$0.00B,$0.08B,2.48%,$0.00B,$0.05B,4.00%,$0.00B,$0.16B,1.07%,$0.01B,$0.14B,5.67%,$62,$40,$22,$0,$19,$59,$3,$-2,$1,$0,$1,$1,$1,$4,$3,$6,6,$0.16,$0.16,$2,$55,$3,$107,$0,$0,$31,$3,$33,$163,$13,$55,$4,$68,$81,$55,$31,$0,$82,$163,$1,$6,$0,$6,$14,$15,$-3,$2,$28,$36,$-5,$-0,$0,$0,$0,$-0,$0,$-5,$-32,$-32,$-0,$0,$0,$0,$-1,$-33,$-3,$0,$0
36,2009-09-30,5.29,$0.00,0.0,$42.24,0.13,$3.90,1.36,$-0.36,0.0,$0.14B,$0.02B,9.32,$0.08B,$0.08B,1.02,$0.23B,$0.09B,37.61%,$0.23B,$0.01B,3.85%,$0.23B,$0.01B,3.85%,$0.23B,$0.02B,6.84%,$0.23B,$-0.00B,-1.71%,$0.23B,$-0.00B,-0.43%,$-0.00B,$0.08B,-1.24%,$-0.00B,$0.05B,-2.02%,$-0.00B,$0.19B,-0.51%,$0.01B,$0.17B,5.41%,$67,$42,$25,$0,$19,$60,$6,$-2,$4,$2,$3,$3,$3,$8,$6,$6,6,$0.50,$0.50,$4,$68,$4,$136,$0,$0,$31,$3,$34,$193,$15,$83,$0,$97,$111,$54,$30,$0,$82,$193,$0,$5,$0,$5,$0,$0,$0,$0,$4,$10,$-4,$0,$0,$0,$0,$-0,$0,$-4,$0,$-4,$-0,$0,$0,$0,$-2,$-6,$-0,$0,$0
37,2009-06-30,3.35,$0.00,0.0,$43.39,0.08,$1.77,1.89,$-0.43,0.0,$0.14B,$0.01B,9.65,$0.09B,$0.08B,1.11,$0.24B,$0.09B,37.50%,$0.24B,$0.01B,3.33%,$0.24B,$0.01B,3.33%,$0.24B,$0.02B,6.25%,$0.24B,$-0.01B,-2.08%,$0.24B,$-0.00B,-0.83%,$-0.00B,$0.08B,-2.46%,$-0.00B,$0.05B,-4.08%,$-0.00B,$0.19B,-0.98%,$0.01B,$0.17B,4.62%,$51,$33,$18,$0,$18,$52,$-0,$-2,$-2,$-1,$-1,$-1,$-1,$1,$-0,$6,6,$-0.25,$-0.25,$3,$79,$7,$135,$0,$0,$31,$4,$34,$193,$14,$87,$0,$101,$115,$54,$27,$0,$79,$193,$-3,$3,$0,$3,$0,$0,$0,$0,$2,$3,$-3,$0,$0,$0,$0,$0,$-0,$-3,$0,$0,$-0,$0,$0,$0,$-2,$-2,$-1,$0,$0
38,2009-03-31,3.0,$0.00,0.0,$45.12,0.07,$1.48,2.03,$-0.05,0.0,$0.14B,$0.02B,8.14,$0.09B,$0.08B,1.07,$0.25B,$0.10B,38.40%,$0.25B,$0.01B,4.80%,$0.25B,$0.01B,4.80%,$0.25B,$0.02B,7.60%,$0.25B,$-0.00B,-0.80%,$0.25B,0,0.00%,$0.00B,$0.08B,0.00%,$0.00B,$0.05B,0.00%,$0.00B,$0.20B,0.00%,$0.01B,$0.17B,6.77%,$50,$30,$20,$0,$20,$50,$0,$-2,$-2,$-1,$-1,$-1,$-1,$2,$0,$6,6,$-0.20,$-0.20,$3,$78,$6,$137,$0,$0,$31,$4,$35,$196,$17,$86,$0,$99,$116,$54,$29,$0,$80,$196,$-1,$2,$0,$2,$0,$0,$0,$0,$4,$4,$-2,$0,$0,$0,$0,$-0,$0,$-2,$0,$-1,$-0,$0,$0,$0,$-2,$-3,$-1,$0,$0
39,2008-12-31,3.46,$0.00,0.0,$47.04,0.07,$2.43,1.42,$0.20,17.32,$0.14B,$0.02B,9.17,$0.09B,$0.08B,1.08,$0.26B,$0.10B,39.23%,$0.26B,$0.02B,5.77%,$0.26B,$0.02B,5.77%,$0.26B,$0.02B,8.08%,$0.26B,0,0.00%,$0.26B,$0.00B,0.38%,$0.00B,$0.08B,1.21%,$0.00B,$0.05B,2.11%,$0.00B,$0.20B,0.47%,$0.02B,$0.17B,8.36%,$66,$41,$25,$0,$22,$63,$3,$-7,$-4,$-2,$-2,$-2,$-2,$5,$3,$6,6,$-0.41,$-0.41,$4,$70,$4,$140,$0,$0,$31,$2,$33,$197,$15,$87,$4,$101,$116,$54,$30,$0,$81,$197,$1,$6,$0,$6,$0,$0,$0,$0,$8,$18,$-5,$0,$0,$0,$0,$-0,$0,$-5,$0,$-16,$0,$0,$0,$0,$0,$-16,$-2,$0,$0
40,2008-09-30,2.86,$0.00,0.0,$48.27,0.06,$1.94,1.47,$-3.70,0.0,$0.17B,$0.02B,7.35,$0.11B,$0.09B,1.26,$0.27B,$0.11B,39.70%,$0.27B,$0.02B,5.62%,$0.27B,$0.02B,5.62%,$0.27B,$0.02B,7.49%,$0.27B,$-0.02B,-7.87%,$0.27B,$-0.02B,-7.87%,$-0.02B,$0.09B,-25.38%,$-0.02B,$0.05B,-45.41%,$-0.02B,$0.23B,-9.64%,$0.02B,$0.19B,8.16%,$73,$45,$27,$0,$22,$67,$5,$-2,$3,$1,$2,$2,$2,$7,$5,$6,6,$0.43,$0.43,$4,$83,$5,$166,$0,$0,$36,$2,$38,$228,$23,$107,$0,$121,$144,$54,$32,$0,$85,$228,$3,$5,$0,$5,$0,$0,$0,$0,$-11,$-3,$-4,$0,$0,$0,$0,$-0,$0,$-4,$0,$4,$0,$0,$0,$0,$0,$4,$-2,$0,$0
41,2008-06-30,4.13,$0.00,0.0,$49.83,0.08,$0.89,4.62,$-3.92,0.0,$0.16B,$0.02B,8.09,$0.10B,$0.08B,1.23,$0.28B,$0.11B,39.13%,$0.28B,$0.01B,5.07%,$0.28B,$0.01B,5.07%,$0.28B,$0.02B,6.88%,$0.28B,$-0.02B,-8.33%,$0.28B,$-0.02B,-7.97%,$-0.02B,$0.08B,-25.07%,$-0.02B,$0.05B,-48.89%,$-0.02B,$0.22B,-9.66%,$0.01B,$0.18B,7.26%,$61,$36,$24,$0,$21,$57,$4,$-2,$1,$0,$1,$1,$1,$5,$4,$6,6,$0.13,$0.13,$3,$86,$6,$155,$0,$0,$36,$2,$38,$217,$19,$101,$0,$115,$134,$54,$30,$0,$82,$217,$1,$3,$0,$3,$0,$0,$0,$0,$-3,$1,$-2,$0,$0,$0,$0,$0,$-0,$-2,$0,$-2,$-0,$0,$0,$0,$0,$-2,$-4,$0,$0
42,2008-03-31,4.85,$0.00,0.0,$49.61,0.1,$2.33,2.08,$-4.30,0.0,$0.15B,$0.02B,7.42,$0.09B,$0.08B,1.15,$0.27B,$0.11B,39.42%,$0.27B,$0.01B,4.01%,$0.27B,$0.01B,4.01%,$0.27B,$0.02B,6.20%,$0.27B,$-0.03B,-9.49%,$0.27B,$-0.02B,-8.76%,$-0.02B,$0.08B,-25.74%,$-0.02B,$0.05B,-54.55%,$-0.02B,$0.21B,-10.23%,$0.01B,$0.18B,5.53%,$60,$35,$26,$0,$23,$58,$3,$-2,$0,$0,$0,$0,$0,$4,$3,$6,6,$0.06,$0.05,$4,$80,$6,$147,$0,$0,$36,$2,$38,$209,$20,$94,$0,$108,$128,$54,$29,$0,$82,$209,$0,$1,$0,$1,$0,$0,$0,$0,$6,$8,$-1,$0,$0,$0,$0,$-0,$0,$-1,$0,$-9,$-0,$0,$0,$0,$0,$-9,$-2,$0,$0
43,2007-12-31,5.26,$0.00,0.0,$49.68,0.11,$4.31,1.22,$-4.21,0.0,$0.15B,$0.02B,8.45,$0.10B,$0.08B,1.26,$0.28B,$0.11B,39.13%,$0.28B,$0.01B,4.35%,$0.28B,$0.01B,4.35%,$0.28B,$0.02B,6.52%,$0.28B,$-0.03B,-9.06%,$0.28B,$-0.02B,-8.33%,$-0.02B,$0.08B,-23.23%,$-0.02B,$0.05B,-52.87%,$-0.02B,$0.22B,-9.58%,$0.01B,$0.19B,5.94%,$73,$44,$29,$0,$26,$70,$3,$-27,$-25,$-1,$-24,$-24,$-24,$4,$3,$5,5,$-4.31,$-4.31,$7,$75,$5,$153,$0,$0,$37,$2,$39,$217,$18,$103,$0,$117,$135,$54,$29,$0,$82,$217,$-23,$6,$0,$6,$0,$0,$0,$0,$10,$16,$-6,$0,$0,$0,$0,$-0,$0,$-6,$0,$-14,$7,$0,$0,$0,$-1,$-8,$3,$0,$0
44,2007-09-30,9.11,$0.00,0.0,$49.51,0.18,$1.76,5.19,$0.09,101.27,$0.18B,$0.02B,7.91,$0.12B,$0.11B,1.16,$0.27B,$0.15B,54.74%,$0.27B,$0.08B,29.20%,$0.27B,$0.08B,29.20%,$0.27B,$0.09B,31.39%,$0.27B,$0.07B,25.91%,$0.27B,$0.00B,0.36%,$0.00B,$0.11B,0.96%,$0.00B,$0.04B,2.34%,$0.00B,$0.27B,0.40%,$0.08B,$0.23B,38.55%,$82,$53,$29,$0,$25,$78,$4,$-3,$1,$0,$1,$1,$1,$6,$4,$5,6,$0.21,$0.21,$3,$85,$8,$178,$0,$0,$62,$3,$64,$268,$23,$122,$0,$140,$162,$54,$52,$0,$105,$268,$1,$4,$0,$4,$0,$0,$0,$0,$-13,$-7,$-5,$0,$0,$0,$0,$-0,$0,$-5,$0,$5,$7,$0,$0,$0,$-1,$11,$-1,$0,$0
45,2007-06-30,15.88,$0.00,0.0,$48.87,0.32,$0.17,92.27,$0.64,24.81,$0.16B,$0.02B,7.57,$0.10B,$0.10B,0.98,$0.27B,$0.15B,56.67%,$0.27B,$0.09B,31.85%,$0.27B,$0.09B,31.85%,$0.27B,$0.09B,33.70%,$0.27B,$0.08B,28.52%,$0.27B,$0.00B,1.48%,$0.00B,$0.10B,3.83%,$0.00B,$0.04B,9.47%,$0.00B,$0.24B,1.62%,$0.09B,$0.21B,41.60%,$59,$35,$24,$0,$23,$58,$1,$-3,$-2,$-1,$-1,$-1,$-1,$3,$1,$5,5,$-0.25,$-0.25,$1,$84,$9,$155,$0,$0,$62,$3,$64,$244,$21,$102,$0,$120,$140,$54,$51,$0,$104,$244,$-1,$3,$0,$3,$0,$0,$0,$0,$6,$9,$-3,$0,$0,$0,$0,$0,$-0,$-3,$0,$-15,$7,$0,$0,$0,$-1,$-9,$-2,$0,$0
46,2007-03-31,9.77,$0.00,0.0,$48.75,0.2,$-1.97,0.0,$0.85,11.5,$0.14B,$0.03B,5.57,$0.08B,$0.11B,0.78,$0.27B,$0.15B,57.09%,$0.27B,$0.09B,32.84%,$0.27B,$0.09B,32.84%,$0.27B,$0.09B,33.96%,$0.27B,$0.08B,29.48%,$0.27B,$0.01B,1.87%,$0.01B,$0.11B,4.83%,$0.01B,$0.04B,12.20%,$0.01B,$0.23B,2.02%,$0.09B,$0.19B,42.77%,$62,$36,$26,$0,$22,$58,$4,$-3,$1,$0,$1,$1,$1,$5,$4,$5,6,$0.14,$0.14,$2,$72,$9,$143,$0,$0,$62,$2,$64,$231,$26,$83,$0,$100,$125,$54,$53,$0,$105,$231,$1,$1,$0,$1,$0,$0,$0,$0,$17,$19,$-1,$0,$0,$0,$0,$-0,$0,$-1,$0,$-19,$-2,$0,$0,$0,$0,$-20,$-2,$0,$0
47,2006-12-31,13.82,$0.00,0.0,$47.97,0.29,$-5.27,0.0,$0.87,15.89,$0.16B,$0.02B,7.27,$0.10B,$0.10B,0.99,$0.26B,$0.19B,70.08%,$0.26B,$0.14B,53.79%,$0.26B,$0.14B,53.79%,$0.26B,$0.14B,54.55%,$0.26B,$0.14B,51.52%,$0.26B,$0.01B,1.89%,$0.01B,$0.10B,6.47%,$0.01B,$0.04B,16.53%,$0.01B,$0.25B,2.63%,$0.14B,$0.21B,89.45%,$71,$0,$71,$0,$0,$0,$71,$0,$71,$0,$71,$-0,$-0,$72,$71,$5,5,$-0.01,$-0.01,$4,$78,$9,$157,$0,$0,$62,$3,$65,$246,$22,$103,$0,$121,$142,$53,$52,$0,$104,$246,$5,$5,$0,$5,$0,$0,$0,$0,$-11,$1,$-4,$0,$0,$0,$0,$-0,$0,$-4,$0,$15,$-10,$0,$0,$0,$-0,$5,$2,$0,$0
