,Date,Stock Price,Book Value per Share,Price to Book Ratio,TTM Sales per Share,Price to Sales Ratio,TTM FCF per Share,Price to FCF Ratio,TTM Net EPS,PE Ratio,Current Assets,Current Liabilities,Current Ratio,Long Term Debt,Shareholder's Equity_x,Debt to Equity Ratio,TTM Revenue_x,TTM Gross Profit,Gross Margin,TTM Revenue_y,TTM Operating Income,Operating Margin,TTM Revenue_x,TTM EBIT,EBIT Margin,TTM Revenue_y,TTM EBITDA,EBITDA Margin,TTM Revenue_x,TTM Pre-Tax Income,Pre-Tax Margin,TTM Revenue_y,TTM Net Income_x,Net Margin,TTM Net Income_y,Shareholder's Equity_y,Return on Equity,TTM Net Income_x,Tangible Equity,Return on Tangible Equity,TTM Net Income_y,Total Assets,Return on Assets,TTM Net Income,LT Investments & Debt,Return on Investment,revenue,cost-goods-sold,gross-profit,research-development-expenses,selling-general-administrative-expenses,operating-expenses,operating-income,total-non-operating-income-expense,pre-tax-income,total-provision-income-taxes,income-after-taxes,income-from-continuous-operations,net-income,ebitda,ebit,basic-shares-outstanding,shares-outstanding,eps-basic-net-earnings-per-share,eps-earnings-per-share-diluted,cash-on-hand,inventory,other-current-assets,total-current-assets,net-property-plant-equipment,long-term-investments,goodwill-intangible-assets-total,other-long-term-assets,total-long-term-assets,total-assets,total-current-liabilities,long-term-debt,other-non-current-liabilities,total-long-term-liabilities,total-liabilities,common-stock-net,retained-earnings-accumulated-deficit,comprehensive-income,total-share-holder-equity,total-liabilities-share-holders-equity,net-income-loss,total-depreciation-amortization-cash-flow,other-non-cash-items,total-non-cash-items,change-in-accounts-receivable,change-in-inventories,change-in-accounts-payable,change-in-assets-liabilities,total-change-in-assets-liabilities,cash-flow-from-operating-activities,net-change-in-property-plant-equipment,net-change-in-intangible-assets,net-acquisitions-divestitures,net-change-in-short-term-investments,net-change-in-long-term-investments,net-change-in-investments-total,investing-activities-other,cash-flow-from-investing-activities,net-long-term-debt,net-current-debt,debt-issuance-retirement-net-total,net-common-equity-issued-repurchased,net-total-equity-issued-repurchased,total-common-preferred-stock-dividends-paid,financial-activities-other,cash-flow-from-financial-activities,net-cash-flow,stock-based-compensation,common-stock-dividends-paid
0,2018-09-30,129.94,$54.26,2.39,$43.11,3.01,$7.86,16.53,$8.41,15.45,$1.36B,$7.07B,0.19,$7.65B,$11.34B,0.67,$9.17B,$4.12B,44.94%,$9.17B,$1.84B,20.05%,$9.17B,$1.84B,20.05%,$9.17B,$2.87B,31.32%,$9.17B,$1.78B,19.45%,$9.17B,$1.78B,19.45%,$1.78B,$11.34B,16.41%,$1.78B,$9.96B,17.30%,$1.78B,$27.09B,7.32%,$1.84B,$18.99B,10.15%,$2796,$1411,$1385,$0,$325,$1996,$800,$11,$810,$0,$810,$810,$810,$1075,$800,$209,210,$3.88,$3.86,$255,$152,$107,$1359,$22600,$0,$1375,$1760,$25735,$27094,$7073,$7647,$498,$8682,$15755,$2,$10094,$-231,$11338,$27094,$1495,$785,$167,$952,$-17,$-22,$35,$273,$299,$2747,$-2509,$0,$-916,$0,$-2,$-2,$69,$-3359,$793,$995,$1788,$-571,$-571,$-381,$-70,$766,$135,$63,$-381
1,2018-06-30,103.6,$51.18,2.02,$41.69,2.48,$17.37,5.96,$8.04,12.89,$1.10B,$5.50B,0.2,$7.34B,$10.77B,0.68,$8.94B,$3.99B,44.57%,$8.94B,$1.78B,19.85%,$8.94B,$1.78B,19.85%,$8.94B,$2.79B,31.15%,$8.94B,$1.73B,19.31%,$8.94B,$1.73B,19.31%,$1.73B,$10.77B,16.22%,$1.73B,$10.49B,16.67%,$1.73B,$24.06B,7.46%,$1.78B,$18.12B,10.14%,$2338,$1314,$1023,$0,$313,$1881,$457,$9,$466,$0,$466,$466,$466,$716,$457,$212,213,$2.20,$2.19,$109,$122,$94,$1100,$21430,$0,$288,$1239,$22957,$24057,$5502,$7341,$440,$7781,$13283,$2,$9430,$-265,$10774,$24057,$685,$510,$142,$652,$16,$-10,$59,$588,$595,$1932,$-2213,$0,$0,$0,$13,$13,$59,$-2141,$899,$0,$899,$-365,$-365,$-255,$-65,$214,$-11,$32,$-255
2,2018-03-31,117.08,$50.28,2.33,$40.85,2.87,$26.18,4.47,$7.56,15.49,$1.04B,$5.20B,0.2,$7.67B,$10.65B,0.72,$8.80B,$3.90B,44.33%,$8.80B,$1.74B,19.76%,$8.80B,$1.74B,19.76%,$8.80B,$2.74B,31.10%,$8.80B,$1.63B,18.53%,$8.80B,$1.63B,18.53%,$1.63B,$10.65B,15.72%,$1.63B,$10.36B,16.17%,$1.63B,$23.97B,7.21%,$1.74B,$18.31B,10.22%,$2028,$1176,$852,$0,$337,$1754,$274,$-55,$219,$0,$219,$219,$219,$524,$274,$213,214,$1.03,$1.02,$111,$111,$74,$1035,$21208,$0,$288,$1440,$22936,$23971,$5195,$7665,$464,$8129,$13324,$2,$9091,$-183,$10647,$23971,$219,$250,$32,$283,$-10,$1,$110,$388,$423,$924,$-1720,$0,$0,$0,$0,$0,$75,$-1645,$1151,$0,$1151,$-271,$-271,$-128,$-40,$712,$-9,$20,$-128
3,2017-12-31,118.04,$50.17,2.35,$40.67,2.9,$34.10,3.46,$7.53,15.68,$0.91B,$4.86B,0.19,$6.35B,$10.70B,0.59,$8.78B,$3.88B,44.21%,$8.78B,$1.74B,19.87%,$8.78B,$1.74B,19.87%,$8.78B,$2.74B,31.23%,$8.78B,$1.63B,18.52%,$8.78B,$1.63B,18.52%,$1.63B,$10.70B,16.22%,$1.63B,$10.41B,16.71%,$1.63B,$22.36B,7.35%,$1.74B,$17.05B,10.60%,$2004,$1146,$859,$0,$311,$1697,$307,$-19,$288,$0,$288,$288,$288,$556,$307,$215,216,$1.34,$1.34,$120,$111,$99,$908,$19735,$0,$289,$1430,$21453,$22361,$4855,$6351,$453,$6804,$11659,$2,$9022,$-334,$10702,$22361,$1625,$997,$-86,$911,$-32,$2,$37,$296,$338,$2875,$-334,$0,$0,$0,$-10,$-10,$131,$-214,$-1968,$0,$-1968,$-222,$-222,$-437,$-48,$-2676,$-12,$69,$-437
4,2017-09-30,116.74,$48.75,2.39,$40.20,2.9,$22.42,5.21,$7.40,15.78,$0.80B,$5.06B,0.16,$6.08B,$10.44B,0.58,$8.68B,$3.81B,43.85%,$8.68B,$1.73B,19.97%,$8.68B,$1.73B,19.97%,$8.68B,$2.73B,31.41%,$8.68B,$1.60B,18.41%,$8.68B,$1.60B,18.41%,$1.60B,$10.44B,16.61%,$1.60B,$10.15B,17.12%,$1.60B,$22.10B,7.23%,$1.73B,$16.51B,10.51%,$2570,$1318,$1251,$0,$274,$1832,$737,$15,$753,$0,$753,$753,$753,$989,$737,$215,216,$3.51,$3.49,$140,$120,$53,$798,$19689,$0,$289,$1324,$21301,$22099,$5057,$6076,$530,$6607,$11664,$2,$8862,$-527,$10435,$22099,$1337,$748,$-45,$703,$16,$-6,$77,$267,$414,$2455,$-157,$0,$0,$0,$0,$0,$79,$-78,$-1916,$0,$-1916,$-123,$-123,$-309,$-22,$-2370,$7,$52,$-309
5,2017-06-30,107.02,$45.02,2.38,$40.18,2.66,$10.33,10.36,$7.12,15.03,$0.77B,$5.29B,0.15,$6.48B,$9.68B,0.67,$8.68B,$3.78B,43.57%,$8.68B,$1.73B,19.96%,$8.68B,$1.73B,19.96%,$8.68B,$2.72B,31.31%,$8.68B,$1.54B,17.73%,$8.68B,$1.54B,17.73%,$1.54B,$9.68B,16.70%,$1.54B,$9.40B,17.24%,$1.54B,$22.02B,6.93%,$1.73B,$16.16B,10.39%,$2195,$1257,$938,$0,$284,$1776,$420,$-50,$370,$0,$370,$370,$370,$667,$420,$215,216,$1.72,$1.71,$130,$109,$0,$768,$19799,$0,$288,$1170,$21257,$22024,$5286,$6479,$576,$7055,$12341,$2,$8238,$-761,$9683,$22024,$584,$497,$-14,$483,$33,$5,$70,$527,$592,$1659,$-42,$0,$0,$0,$0,$0,$49,$8,$-1454,$0,$-1454,$2,$2,$-206,$-12,$-1669,$-2,$35,$-206
6,2017-03-31,95.71,$43.09,2.22,$39.76,2.41,$-0.75,0.0,$6.47,14.79,$0.76B,$5.27B,0.14,$6.84B,$9.27B,0.74,$8.59B,$3.64B,42.36%,$8.59B,$1.59B,18.56%,$8.59B,$1.59B,18.56%,$8.59B,$2.57B,29.89%,$8.59B,$1.40B,16.29%,$8.59B,$1.40B,16.29%,$1.40B,$9.27B,15.84%,$1.40B,$8.98B,16.38%,$1.40B,$22.02B,6.27%,$1.59B,$16.11B,9.40%,$2009,$1176,$833,$0,$317,$1729,$280,$-65,$215,$0,$215,$215,$215,$529,$280,$215,216,$1.00,$0.99,$109,$108,$0,$757,$19861,$0,$288,$1111,$21261,$22017,$5272,$6841,$637,$7479,$12750,$2,$7972,$-892,$9267,$22017,$215,$249,$-18,$231,$-1,$5,$56,$302,$350,$797,$107,$0,$0,$0,$0,$0,$16,$124,$-834,$0,$-834,$2,$2,$-103,$-9,$-944,$-23,$17,$-103
7,2016-12-31,79.63,$42.51,1.87,$39.26,2.03,$-3.89,0.0,$5.94,13.41,$0.75B,$4.44B,0.17,$8.10B,$9.12B,0.89,$8.50B,$3.48B,40.97%,$8.50B,$1.48B,17.38%,$8.50B,$1.48B,17.38%,$8.50B,$2.42B,28.53%,$8.50B,$1.28B,15.10%,$8.50B,$1.28B,15.10%,$1.28B,$9.12B,15.12%,$1.28B,$8.83B,15.65%,$1.28B,$22.31B,5.82%,$1.48B,$17.22B,8.76%,$1910,$1123,$786,$0,$256,$1613,$297,$-36,$261,$0,$261,$261,$261,$543,$297,$215,216,$1.20,$1.20,$133,$114,$0,$748,$20161,$0,$288,$1112,$21562,$22310,$4442,$8102,$646,$8747,$13189,$2,$7860,$-916,$9121,$22310,$1283,$948,$24,$972,$5,$-2,$30,$200,$261,$2517,$-2494,$0,$0,$0,$-9,$-9,$-221,$-2725,$973,$0,$973,$-298,$-298,$-346,$-85,$244,$11,$33,$-346
8,2016-09-30,72.33,$40.97,1.77,$39.05,1.85,$-2.49,0.0,$5.67,12.76,$0.80B,$4.50B,0.18,$8.42B,$8.79B,0.96,$8.49B,$3.42B,40.33%,$8.49B,$1.43B,16.85%,$8.49B,$1.43B,16.85%,$8.49B,$2.39B,28.18%,$8.49B,$1.23B,14.48%,$8.49B,$1.23B,14.48%,$1.23B,$8.79B,14.95%,$1.23B,$8.50B,15.49%,$1.23B,$22.45B,5.67%,$1.43B,$17.21B,8.68%,$2564,$1340,$1224,$0,$259,$1829,$735,$-42,$693,$0,$693,$693,$693,$978,$735,$215,216,$3.23,$3.21,$178,$119,$1,$803,$20231,$0,$288,$1128,$21647,$22450,$4501,$8420,$740,$9160,$13660,$2,$7702,$-1078,$8790,$22450,$1022,$701,$28,$729,$10,$-6,$-17,$188,$249,$2001,$-2314,$0,$0,$0,$-9,$-9,$-195,$-2518,$1220,$0,$1220,$-298,$-298,$-244,$-82,$597,$57,$22,$-244
9,2016-06-30,64.38,$37.84,1.7,$38.57,1.67,$0.08,781.37,$3.49,18.45,$0.86B,$4.37B,0.2,$9.15B,$8.15B,1.12,$8.45B,$3.34B,39.49%,$8.45B,$0.95B,11.28%,$8.45B,$0.95B,11.28%,$8.45B,$1.88B,22.29%,$8.45B,$0.77B,9.06%,$8.45B,$0.77B,9.06%,$0.77B,$8.15B,9.46%,$0.77B,$7.86B,9.81%,$0.77B,$22.47B,3.59%,$0.95B,$17.30B,5.91%,$2105,$1311,$795,$0,$291,$1823,$282,$-52,$230,$0,$230,$230,$230,$517,$282,$215,216,$1.07,$1.06,$175,$112,$90,$858,$20186,$0,$288,$1139,$21614,$22471,$4374,$9153,$799,$9952,$14326,$2,$7112,$-1172,$8146,$22471,$329,$458,$-33,$425,$34,$1,$41,$413,$517,$1271,$-2047,$0,$0,$0,$0,$0,$-165,$-2212,$1562,$0,$1562,$-249,$-249,$-244,$-69,$1000,$54,$13,$-244
10,2016-03-31,78.38,$36.54,2.14,$38.15,2.05,$3.17,24.72,$3.27,23.97,$0.89B,$4.40B,0.2,$7.81B,$7.89B,0.99,$8.40B,$3.28B,39.08%,$8.40B,$0.93B,11.09%,$8.40B,$0.93B,11.09%,$8.40B,$1.83B,21.83%,$8.40B,$0.72B,8.57%,$8.40B,$0.72B,8.57%,$0.72B,$7.89B,8.85%,$0.72B,$7.60B,9.21%,$0.72B,$20.96B,3.42%,$0.93B,$15.69B,5.90%,$1918,$1242,$676,$0,$302,$1755,$163,$-64,$99,$0,$99,$99,$99,$386,$163,$217,218,$0.46,$0.46,$117,$121,$121,$892,$18829,$0,$287,$956,$20071,$20963,$4398,$7807,$871,$8678,$13076,$2,$6963,$-1323,$7888,$20963,$99,$223,$-35,$188,$10,$0,$69,$124,$190,$478,$-250,$0,$0,$0,$0,$0,$13,$-237,$137,$0,$137,$-199,$-199,$-163,$-22,$-247,$-4,$6,$-163
11,2015-12-31,96.05,$36.99,2.6,$37.57,2.56,$2.68,35.91,$3.01,31.91,$0.84B,$4.29B,0.2,$7.63B,$8.06B,0.95,$8.30B,$3.20B,38.56%,$8.30B,$0.88B,10.54%,$8.30B,$0.88B,10.54%,$8.30B,$1.75B,21.14%,$8.30B,$0.67B,8.03%,$8.30B,$0.67B,8.03%,$0.67B,$8.06B,8.17%,$0.67B,$7.78B,8.53%,$0.67B,$20.78B,3.17%,$0.88B,$15.69B,5.57%,$1902,$1173,$729,$0,$269,$1652,$250,$-43,$207,$0,$207,$207,$207,$511,$250,$220,221,$0.94,$0.95,$122,$121,$135,$837,$18778,$0,$287,$880,$19945,$20782,$4293,$7628,$799,$8426,$12719,$2,$6945,$-1328,$8063,$20782,$666,$879,$434,$1314,$63,$1,$-25,$-95,$-33,$1946,$-1613,$0,$0,$0,$-56,$-56,$-73,$-1743,$281,$0,$281,$-189,$-189,$-280,$-66,$-254,$-68,$36,$-280
12,2015-09-30,84.21,$37.53,2.24,$37.10,2.27,$1.85,45.54,$2.56,32.89,$0.90B,$4.36B,0.21,$7.59B,$8.26B,0.92,$8.22B,$3.04B,37.05%,$8.22B,$0.74B,9.06%,$8.22B,$0.74B,9.06%,$8.22B,$1.61B,19.61%,$8.22B,$0.57B,6.93%,$8.22B,$0.57B,6.93%,$0.57B,$8.26B,6.93%,$0.57B,$7.97B,7.27%,$0.57B,$20.96B,2.71%,$0.74B,$15.84B,4.71%,$2523,$1387,$1136,$0,$256,$2265,$258,$-29,$229,$0,$229,$229,$229,$469,$258,$220,221,$1.04,$1.03,$147,$131,$111,$901,$18777,$0,$287,$995,$20058,$20959,$4360,$7585,$758,$8343,$12703,$2,$6820,$-1196,$8256,$20959,$459,$618,$458,$1075,$24,$-8,$-23,$35,$73,$1608,$-1361,$0,$0,$0,$-54,$-54,$-55,$-1470,$75,$0,$75,$7,$7,$-198,$-55,$-171,$-42,$0,$-198
13,2015-06-30,74.09,$37.83,1.96,$36.36,2.04,$5.74,12.92,$3.72,19.92,$0.91B,$4.79B,0.19,$7.59B,$8.32B,0.91,$8.08B,$2.87B,35.52%,$8.08B,$1.02B,12.56%,$8.08B,$1.02B,12.56%,$8.08B,$1.86B,23.07%,$8.08B,$0.83B,10.27%,$8.08B,$0.83B,10.27%,$0.83B,$8.32B,9.88%,$0.83B,$7.91B,10.40%,$0.83B,$21.40B,4.02%,$1.02B,$15.91B,6.49%,$2058,$1316,$742,$0,$274,$1797,$261,$-76,$185,$0,$185,$185,$185,$468,$261,$220,221,$0.84,$0.84,$159,$140,$109,$913,$18890,$0,$410,$1182,$20482,$21395,$4792,$7592,$691,$8283,$13075,$2,$6674,$-973,$8320,$21395,$230,$407,$39,$446,$54,$-18,$15,$347,$364,$1040,$-1152,$0,$0,$0,$-54,$-54,$-11,$-1217,$384,$0,$384,$5,$5,$-198,$-40,$151,$-30,$0,$-198
14,2015-03-31,76.76,$36.26,2.12,$35.91,2.14,$8.65,8.87,$3.50,21.93,$0.95B,$4.34B,0.22,$7.47B,$7.97B,0.94,$8.00B,$2.78B,34.70%,$8.00B,$0.95B,11.87%,$8.00B,$0.95B,11.87%,$8.00B,$1.78B,22.29%,$8.00B,$0.78B,9.78%,$8.00B,$0.78B,9.78%,$0.78B,$7.97B,9.18%,$0.78B,$7.57B,9.66%,$0.78B,$20.87B,3.86%,$0.95B,$15.44B,6.07%,$1816,$1223,$593,$0,$287,$1710,$106,$-60,$45,$0,$45,$45,$45,$306,$106,$220,221,$0.21,$0.20,$230,$125,$0,$951,$18232,$0,$405,$1281,$19918,$20870,$4336,$7470,$1089,$8559,$12896,$2,$6555,$-1191,$7974,$20870,$45,$200,$40,$241,$18,$-3,$9,$141,$141,$426,$-305,$0,$0,$0,$-54,$-54,$-41,$-400,$163,$0,$163,$5,$5,$-132,$-16,$20,$40,$0,$-132
15,2014-12-31,77.0,$37.78,2.04,$36.16,2.13,$8.72,8.83,$3.42,22.51,$0.80B,$3.85B,0.21,$7.64B,$8.28B,0.92,$8.07B,$2.77B,34.27%,$8.07B,$0.94B,11.65%,$8.07B,$0.94B,11.65%,$8.07B,$1.77B,21.91%,$8.07B,$0.76B,9.46%,$8.07B,$0.76B,9.46%,$0.76B,$8.28B,8.75%,$0.76B,$7.86B,9.20%,$0.76B,$20.71B,3.80%,$0.94B,$15.93B,5.94%,$1818,$1245,$573,$0,$258,$1698,$119,$-10,$110,$0,$110,$110,$110,$368,$119,$222,223,$0.51,$0.50,$189,$123,$0,$801,$18194,$0,$421,$1298,$19912,$20713,$3849,$7644,$935,$8580,$12429,$2,$6575,$-897,$8284,$20713,$764,$827,$22,$850,$100,$26,$-41,$36,$130,$1744,$-1591,$0,$0,$0,$-189,$-189,$10,$-1770,$430,$0,$430,$-165,$-165,$-199,$-48,$17,$-15,$26,$-199
16,2014-09-30,62.62,$40.52,1.55,$36.40,1.72,$10.97,5.71,$2.96,21.15,$0.86B,$3.74B,0.23,$6.21B,$9.02B,0.69,$8.11B,$2.77B,34.09%,$8.11B,$0.90B,11.06%,$8.11B,$0.90B,11.06%,$8.11B,$1.67B,20.55%,$8.11B,$0.66B,8.15%,$8.11B,$0.66B,8.15%,$0.66B,$9.02B,7.46%,$0.66B,$8.59B,7.84%,$0.66B,$19.60B,3.31%,$0.90B,$15.24B,5.72%,$2389,$1427,$962,$0,$240,$1859,$529,$-39,$490,$0,$490,$490,$490,$722,$529,$223,224,$2.20,$2.19,$183,$136,$15,$860,$17212,$0,$427,$1101,$18740,$19600,$3738,$6214,$627,$6841,$10579,$2,$6532,$-341,$9021,$19600,$654,$579,$64,$643,$70,$14,$-34,$101,$163,$1460,$-339,$0,$0,$0,$-70,$-70,$64,$-345,$-1041,$0,$-1041,$66,$66,$-132,$-25,$-1132,$-22,$0,$-132
17,2014-06-30,51.51,$39.80,1.29,$36.19,1.42,$9.11,5.65,$2.42,21.29,$0.98B,$3.55B,0.28,$7.10B,$8.85B,0.8,$8.03B,$2.70B,33.59%,$8.03B,$0.81B,10.11%,$8.03B,$0.81B,10.11%,$8.03B,$1.58B,19.64%,$8.03B,$0.54B,6.68%,$8.03B,$0.54B,6.68%,$0.54B,$8.85B,6.10%,$0.54B,$8.41B,6.42%,$0.54B,$20.01B,2.68%,$0.81B,$15.95B,5.22%,$1980,$1331,$649,$0,$261,$1784,$196,$-58,$138,$0,$138,$138,$138,$388,$196,$222,223,$0.62,$0.62,$185,$143,$56,$978,$17474,$0,$438,$1121,$19034,$20012,$3549,$7099,$514,$7614,$11163,$2,$6108,$-71,$8849,$20012,$164,$387,$8,$395,$16,$8,$-41,$353,$322,$881,$-342,$0,$0,$0,$-69,$-69,$86,$-326,$-488,$0,$-488,$55,$55,$-132,$-10,$-575,$-19,$0,$-132
18,2014-03-31,50.31,$39.52,1.27,$35.86,1.4,$7.96,6.32,$1.91,26.34,$1.01B,$3.38B,0.3,$7.46B,$8.78B,0.85,$7.94B,$2.61B,32.86%,$7.94B,$0.73B,9.19%,$7.94B,$0.73B,9.19%,$7.94B,$1.49B,18.78%,$7.94B,$0.42B,5.34%,$7.94B,$0.42B,5.34%,$0.42B,$8.78B,4.89%,$0.42B,$8.34B,5.14%,$0.42B,$20.13B,2.11%,$0.73B,$16.24B,4.78%,$1887,$1304,$583,$0,$290,$1790,$97,$-71,$26,$0,$26,$26,$26,$291,$97,$221,223,$0.12,$0.12,$217,$145,$56,$1011,$17504,$0,$439,$1172,$19115,$20126,$3383,$7462,$505,$7966,$11349,$2,$6026,$-47,$8777,$20126,$26,$194,$6,$200,$-36,$6,$-13,$158,$90,$316,$-178,$0,$0,$0,$-34,$-34,$15,$-197,$-78,$0,$-78,$47,$47,$-76,$0,$-108,$12,$0,$-76
19,2013-12-31,43.52,$39.95,1.09,$36.05,1.21,$7.62,5.71,$2.14,20.33,$0.96B,$4.27B,0.22,$6.51B,$8.81B,0.74,$7.96B,$2.65B,33.34%,$7.96B,$0.80B,10.03%,$7.96B,$0.80B,10.03%,$7.96B,$1.55B,19.52%,$7.96B,$0.47B,5.95%,$7.96B,$0.47B,5.95%,$0.47B,$8.81B,5.53%,$0.47B,$8.37B,5.83%,$0.47B,$20.07B,2.37%,$0.80B,$15.32B,5.40%,$1854,$1283,$571,$0,$263,$1779,$75,$-68,$7,$0,$7,$7,$7,$266,$75,$220,221,$0.04,$0.03,$205,$151,$88,$956,$17518,$0,$439,$1160,$19117,$20073,$4267,$6511,$486,$6998,$11265,$2,$6055,$6,$8808,$20073,$474,$755,$69,$824,$95,$-4,$19,$14,$114,$1412,$-764,$0,$0,$0,$-71,$-71,$10,$-825,$-407,$0,$-407,$30,$30,$-144,$-56,$-577,$10,$0,$-144
20,2013-09-30,34.93,$39.84,0.88,$35.89,0.97,$5.14,6.79,$0.31,112.66,$1.02B,$4.85B,0.21,$5.98B,$8.76B,0.68,$7.91B,$2.63B,33.25%,$7.91B,$0.44B,5.59%,$7.91B,$0.44B,5.59%,$7.91B,$1.20B,15.10%,$7.91B,$0.07B,0.94%,$7.91B,$0.07B,0.94%,$0.07B,$8.76B,0.88%,$0.07B,$8.33B,0.92%,$0.07B,$20.09B,0.37%,$0.44B,$14.74B,2.99%,$2312,$1417,$895,$0,$250,$1868,$444,$-79,$366,$0,$366,$366,$366,$633,$444,$220,221,$1.66,$1.65,$210,$160,$48,$1019,$17494,$0,$437,$1137,$19068,$20086,$4845,$5981,$499,$6480,$11324,$2,$6103,$-67,$8762,$20086,$467,$564,$9,$573,$14,$-14,$43,$103,$191,$1230,$-534,$0,$0,$0,$-60,$-60,$16,$-578,$-547,$0,$-547,$14,$14,$-54,$-51,$-638,$15,$0,$-54
21,2013-06-30,30.23,$38.10,0.79,$35.58,0.85,$5.43,5.57,$0.34,88.9,$0.95B,$4.71B,0.2,$6.35B,$8.37B,0.76,$7.83B,$2.61B,33.40%,$7.83B,$0.45B,5.75%,$7.83B,$0.45B,5.75%,$7.83B,$1.20B,15.28%,$7.83B,$0.08B,0.97%,$7.83B,$0.08B,0.97%,$0.08B,$8.37B,0.90%,$0.08B,$7.94B,0.96%,$0.08B,$19.95B,0.38%,$0.45B,$14.71B,3.02%,$1883,$1324,$559,$0,$258,$1769,$113,$-89,$25,$0,$25,$25,$25,$300,$113,$220,221,$0.11,$0.11,$205,$141,$26,$953,$17512,$0,$431,$1055,$18998,$19951,$4712,$6348,$525,$6872,$11585,$2,$5793,$-140,$8366,$19951,$101,$376,$26,$401,$21,$5,$-36,$219,$171,$673,$-396,$0,$0,$0,$-36,$-36,$-13,$-445,$-151,$0,$-151,$7,$7,$-54,$-20,$-218,$10,$0,$-54
22,2013-03-31,30.02,$38.01,0.79,$35.41,0.85,$5.37,5.59,$0.21,142.96,$0.96B,$5.06B,0.19,$5.98B,$8.34B,0.72,$7.76B,$2.58B,33.23%,$7.76B,$0.43B,5.59%,$7.76B,$0.43B,5.59%,$7.76B,$1.17B,15.11%,$7.76B,$0.05B,0.61%,$7.76B,$0.05B,0.61%,$0.05B,$8.34B,0.56%,$0.05B,$7.91B,0.60%,$0.05B,$19.87B,0.24%,$0.43B,$14.31B,2.88%,$1911,$1282,$629,$0,$274,$1746,$166,$-89,$76,$0,$76,$76,$76,$355,$166,$219,220,$0.35,$0.35,$216,$146,$52,$959,$17474,$0,$429,$1004,$18907,$19866,$5061,$5976,$491,$6467,$11528,$2,$5794,$-161,$8339,$19866,$76,$189,$-1,$188,$2,$0,$-13,$36,$-23,$241,$-178,$0,$0,$0,$-19,$-19,$4,$-194,$14,$0,$14,$3,$3,$-28,$-15,$-26,$21,$0,$-28
23,2012-12-31,30.62,$37.98,0.81,$35.11,0.87,$5.26,5.82,$0.07,437.46,$0.89B,$4.07B,0.22,$6.97B,$8.31B,0.84,$7.69B,$2.53B,32.91%,$7.69B,$0.40B,5.24%,$7.69B,$0.40B,5.24%,$7.69B,$1.13B,14.74%,$7.69B,$0.02B,0.23%,$7.69B,$0.02B,0.23%,$0.02B,$8.31B,0.21%,$0.02B,$7.88B,0.23%,$0.02B,$19.83B,0.09%,$0.40B,$15.28B,2.58%,$1806,$1258,$548,$0,$255,$2087,$-281,$-111,$-393,$0,$-393,$-393,$-393,$-93,$-281,$218,219,$-1.81,$-1.79,$195,$146,$58,$888,$17451,$0,$433,$1056,$18940,$19828,$4066,$6970,$483,$7453,$11519,$2,$5745,$-135,$8309,$19828,$18,$730,$471,$1201,$8,$-2,$37,$102,$162,$1382,$-1282,$0,$0,$0,$0,$0,$18,$-1263,$-3,$0,$-3,$15,$15,$-118,$-74,$-180,$-67,$0,$-118
24,2012-09-30,27.11,$39.91,0.68,$34.98,0.78,$7.66,3.54,$2.04,13.29,$1.03B,$3.83B,0.27,$6.62B,$8.70B,0.76,$7.66B,$2.51B,32.75%,$7.66B,$0.79B,10.32%,$7.66B,$0.79B,10.32%,$7.66B,$1.51B,19.75%,$7.66B,$0.45B,5.85%,$7.66B,$0.45B,5.85%,$0.45B,$8.70B,5.27%,$0.45B,$7.96B,5.78%,$0.45B,$19.67B,2.26%,$0.79B,$15.33B,4.98%,$2226,$1348,$878,$0,$244,$1774,$452,$-84,$368,$0,$368,$368,$368,$634,$452,$218,219,$1.69,$1.68,$241,$144,$98,$1033,$16821,$0,$742,$1072,$18635,$19668,$3826,$6624,$515,$7139,$10966,$2,$6164,$-143,$8703,$19668,$411,$542,$79,$620,$42,$0,$47,$42,$141,$1172,$-419,$0,$0,$0,$0,$0,$36,$-383,$-693,$0,$-693,$4,$4,$-65,$-47,$-801,$-21,$0,$-65
25,2012-06-30,23.27,$37.96,0.61,$35.43,0.66,$6.91,3.37,$2.18,10.68,$0.95B,$3.81B,0.25,$7.07B,$8.27B,0.86,$7.75B,$2.55B,32.84%,$7.75B,$0.85B,10.91%,$7.75B,$0.85B,10.91%,$7.75B,$1.56B,20.16%,$7.75B,$0.48B,6.18%,$7.75B,$0.48B,6.18%,$0.48B,$8.27B,5.68%,$0.48B,$7.54B,6.24%,$0.48B,$19.70B,2.40%,$0.85B,$15.34B,5.23%,$1821,$1296,$525,$0,$248,$1724,$97,$-101,$-4,$0,$-4,$-4,$-4,$277,$97,$218,218,$-0.02,$-0.02,$212,$147,$55,$954,$16888,$0,$736,$1118,$18742,$19696,$3809,$7069,$546,$7615,$11424,$2,$5823,$-226,$8272,$19696,$43,$360,$13,$373,$57,$-2,$12,$166,$167,$584,$-323,$0,$0,$0,$0,$0,$10,$-313,$-231,$0,$-231,$2,$2,$-65,$-21,$-315,$-50,$0,$-65
26,2012-03-31,26.2,$39.44,0.66,$35.13,0.75,$9.64,2.72,$2.63,9.96,$1.12B,$3.10B,0.36,$7.90B,$8.59B,0.92,$7.70B,$2.60B,33.81%,$7.70B,$0.92B,11.91%,$7.70B,$0.92B,11.91%,$7.70B,$1.63B,21.12%,$7.70B,$0.58B,7.48%,$7.70B,$0.58B,7.48%,$0.58B,$8.59B,6.82%,$0.58B,$7.83B,7.50%,$0.58B,$20.03B,2.88%,$0.92B,$16.49B,5.59%,$1834,$1255,$579,$0,$265,$1699,$135,$-88,$47,$0,$47,$47,$47,$315,$135,$218,219,$0.22,$0.21,$278,$148,$155,$1123,$16950,$0,$758,$1197,$18905,$20029,$3100,$7899,$438,$8337,$11436,$2,$5849,$75,$8593,$20029,$47,$179,$-17,$162,$21,$-3,$-14,$47,$6,$215,$-177,$0,$0,$0,$0,$0,$19,$-158,$13,$0,$13,$2,$2,$-44,$-16,$-45,$15,$0,$-44
27,2011-12-31,21.97,$38.74,0.57,$34.38,0.64,$12.03,1.83,$2.84,7.74,$0.97B,$3.07B,0.32,$7.86B,$8.41B,0.93,$7.54B,$2.60B,34.43%,$7.54B,$0.93B,12.37%,$7.54B,$0.93B,12.37%,$7.54B,$1.63B,21.68%,$7.54B,$0.61B,8.05%,$7.54B,$0.61B,8.05%,$0.61B,$8.41B,7.25%,$0.61B,$7.66B,7.99%,$0.61B,$19.80B,3.05%,$0.93B,$16.27B,5.70%,$1775,$1251,$525,$0,$238,$1669,$106,$-70,$37,$0,$37,$37,$37,$286,$106,$217,219,$0.17,$0.16,$262,$145,$85,$969,$16935,$0,$747,$1154,$18835,$19804,$3068,$7857,$472,$8329,$11397,$2,$5823,$-76,$8408,$19804,$607,$702,$20,$723,$88,$-18,$57,$2,$125,$1456,$-829,$0,$0,$0,$-111,$-111,$15,$-925,$-601,$0,$-601,$19,$19,$-22,$-74,$-677,$-158,$0,$-22
28,2011-09-30,19.12,$38.85,0.49,$33.65,0.57,$6.77,2.83,$2.87,6.66,$1.22B,$3.12B,0.39,$8.14B,$8.44B,0.96,$7.37B,$2.57B,34.86%,$7.37B,$0.95B,12.87%,$7.37B,$0.95B,12.87%,$7.37B,$1.63B,22.18%,$7.37B,$0.59B,8.06%,$7.37B,$0.59B,8.06%,$0.59B,$8.44B,7.21%,$0.59B,$7.68B,7.96%,$0.59B,$20.17B,2.99%,$0.95B,$16.57B,5.83%,$2322,$1405,$917,$0,$232,$1814,$508,$-109,$399,$0,$399,$399,$399,$685,$508,$217,219,$1.84,$1.82,$451,$152,$74,$1223,$16989,$0,$761,$1197,$18947,$20170,$3115,$8136,$480,$8617,$11732,$2,$5809,$-26,$8438,$20170,$571,$522,$31,$553,$55,$-25,$74,$25,$149,$1273,$-685,$0,$0,$0,$0,$0,$-90,$-775,$-378,$0,$-378,$19,$19,$-22,$-70,$-451,$32,$0,$-22
29,2011-06-30,33.12,$38.46,0.86,$32.52,1.02,$6.43,5.15,$2.69,12.31,$1.33B,$3.29B,0.4,$7.90B,$8.35B,0.95,$7.11B,$2.47B,34.79%,$7.11B,$0.89B,12.47%,$7.11B,$0.89B,12.47%,$7.11B,$1.56B,21.91%,$7.11B,$0.55B,7.67%,$7.11B,$0.55B,7.67%,$0.55B,$8.35B,6.73%,$0.55B,$7.55B,7.45%,$0.55B,$19.95B,2.80%,$0.89B,$16.25B,5.60%,$1768,$1185,$582,$0,$242,$1600,$168,$-75,$93,$0,$93,$93,$93,$340,$168,$217,219,$0.43,$0.43,$551,$146,$131,$1327,$16441,$0,$800,$1380,$18622,$19949,$3288,$7902,$411,$8312,$11600,$2,$5432,$273,$8348,$19949,$172,$345,$-29,$316,$64,$-17,$93,$222,$279,$767,$93,$0,$0,$0,$0,$0,$-47,$46,$-674,$0,$-674,$18,$18,$0,$-28,$-684,$132,$0,$0
30,2011-03-31,36.3,$38.15,0.95,$31.82,1.14,$3.26,11.15,$2.54,14.29,$1.22B,$3.01B,0.4,$8.08B,$8.28B,0.98,$6.94B,$2.41B,34.67%,$6.94B,$0.86B,12.42%,$6.94B,$0.86B,12.42%,$6.94B,$1.52B,21.92%,$6.94B,$0.51B,7.29%,$6.94B,$0.51B,7.29%,$0.51B,$8.28B,6.47%,$0.51B,$7.49B,7.17%,$0.51B,$19.78B,2.65%,$0.86B,$16.36B,5.62%,$1672,$1101,$571,$0,$248,$1522,$150,$-71,$78,$0,$78,$78,$78,$323,$150,$217,220,$0.36,$0.36,$470,$141,$145,$1215,$16402,$0,$787,$1373,$18561,$19775,$3011,$8077,$410,$8487,$11498,$2,$5393,$247,$8278,$19775,$78,$173,$-20,$153,$36,$-13,$85,$43,$54,$285,$279,$0,$0,$0,$0,$0,$-61,$218,$-459,$0,$-459,$17,$17,$0,$-11,$-453,$50,$0,$0
31,2010-12-31,41.35,$36.59,1.13,$31.05,1.33,$1.82,22.66,$2.52,16.41,$1.02B,$3.45B,0.3,$7.95B,$7.90B,1.01,$6.75B,$2.30B,33.98%,$6.75B,$0.80B,11.91%,$6.75B,$0.80B,11.91%,$6.75B,$1.45B,21.43%,$6.75B,$0.52B,7.63%,$6.75B,$0.52B,7.63%,$0.52B,$7.90B,6.76%,$0.52B,$7.14B,7.50%,$0.52B,$19.65B,2.76%,$0.80B,$15.85B,5.42%,$1604,$1107,$498,$0,$212,$1483,$122,$-97,$24,$0,$24,$24,$24,$286,$122,$215,218,$0.11,$0.11,$420,$127,$56,$1015,$16772,$0,$759,$1108,$18639,$19654,$3445,$7951,$357,$8308,$11753,$2,$5260,$25,$7901,$19654,$516,$644,$183,$826,$146,$-20,$-16,$125,$321,$1663,$-2187,$0,$0,$0,$0,$0,$-101,$-2288,$820,$0,$820,$26,$26,$0,$-89,$757,$135,$0,$0
32,2010-09-30,27.74,$36.48,0.76,$30.43,0.91,$-2.00,0.0,$2.34,11.86,$1.04B,$3.45B,0.3,$6.98B,$7.85B,0.89,$6.60B,$2.21B,33.49%,$6.60B,$0.76B,11.57%,$6.60B,$0.76B,11.57%,$6.60B,$1.39B,21.06%,$6.60B,$0.48B,7.33%,$6.60B,$0.48B,7.33%,$0.48B,$7.85B,6.44%,$0.48B,$7.08B,7.16%,$0.48B,$18.61B,2.65%,$0.76B,$14.83B,5.21%,$2061,$1240,$821,$0,$213,$1615,$446,$-95,$350,$0,$350,$350,$350,$608,$446,$215,218,$1.63,$1.61,$442,$113,$38,$1043,$15684,$0,$768,$1110,$17563,$18606,$3453,$6980,$321,$7302,$10755,$2,$5260,$-5,$7851,$18606,$484,$480,$179,$659,$91,$-6,$17,$124,$293,$1436,$-926,$0,$0,$0,$0,$0,$-14,$-939,$-297,$0,$-297,$12,$12,$0,$-56,$-341,$157,$0,$0
33,2010-06-30,20.03,$35.33,0.57,$29.13,0.69,$-6.61,0.0,$1.77,11.32,$0.91B,$3.46B,0.26,$7.11B,$7.25B,0.98,$6.30B,$2.04B,32.31%,$6.30B,$0.63B,9.91%,$6.30B,$0.63B,9.91%,$6.30B,$1.23B,19.56%,$6.30B,$0.36B,5.77%,$6.30B,$0.36B,5.77%,$0.36B,$7.25B,4.91%,$0.36B,$6.53B,5.48%,$0.36B,$18.30B,2.03%,$0.63B,$14.36B,4.32%,$1602,$1086,$516,$0,$212,$1458,$144,$-90,$54,$0,$54,$54,$54,$304,$144,$215,218,$0.25,$0.25,$319,$111,$46,$911,$15683,$0,$718,$990,$17392,$18303,$3455,$7109,$491,$7600,$11055,$2,$4903,$-246,$7248,$18303,$134,$318,$188,$506,$127,$-6,$24,$282,$372,$1011,$-848,$0,$0,$0,$0,$0,$-15,$-863,$-1169,$0,$-1169,$11,$11,$1081,$-36,$-113,$34,$0,$1081
34,2010-03-31,29.03,$34.74,0.84,$28.08,1.03,$-7.27,0.0,$1.33,21.82,$0.92B,$3.37B,0.27,$6.85B,$7.47B,0.92,$6.05B,$1.91B,31.48%,$6.05B,$0.54B,8.86%,$6.05B,$0.54B,8.86%,$6.05B,$1.12B,18.54%,$6.05B,$0.28B,4.54%,$6.05B,$0.28B,4.54%,$0.28B,$7.47B,3.73%,$0.28B,$6.70B,4.18%,$0.28B,$18.04B,1.58%,$0.54B,$14.31B,3.79%,$1486,$1025,$460,$0,$211,$1394,$92,$-4,$87,$0,$87,$87,$87,$249,$92,$214,217,$0.41,$0.40,$278,$111,$83,$917,$15230,$0,$764,$1127,$17120,$18037,$3372,$6848,$352,$7200,$10572,$2,$4842,$40,$7465,$18037,$87,$158,$3,$161,$89,$-5,$-21,$151,$165,$413,$-166,$0,$0,$0,$0,$0,$-2,$-169,$-244,$0,$-244,$9,$9,$0,$-16,$-251,$-7,$0,$0
35,2009-12-31,22.24,$35.05,0.63,$27.43,0.81,$-8.90,0.0,$0.76,29.27,$1.03B,$2.75B,0.37,$7.66B,$7.50B,1.02,$5.89B,$1.82B,30.86%,$5.89B,$0.49B,8.28%,$5.89B,$0.49B,8.28%,$5.89B,$1.06B,17.94%,$5.89B,$0.15B,2.58%,$5.89B,$0.15B,2.58%,$0.15B,$7.50B,2.12%,$0.15B,$6.71B,2.37%,$0.15B,$18.23B,0.89%,$0.49B,$15.16B,3.51%,$1452,$1037,$414,$0,$186,$1369,$82,$-89,$-7,$0,$-7,$-7,$-7,$229,$82,$214,215,$-0.04,$-0.03,$285,$108,$114,$1026,$15268,$0,$792,$1147,$17207,$18233,$2749,$7664,$321,$7985,$10734,$2,$4755,$183,$7500,$18233,$152,$568,$59,$627,$-4,$-11,$16,$29,$65,$845,$-2187,$0,$0,$0,$-182,$-182,$94,$-2274,$1369,$0,$1369,$1,$1,$0,$-57,$1312,$-118,$0,$0
36,2009-09-30,21.19,$34.80,0.61,$27.49,0.77,$-8.05,0.0,$0.75,28.25,$1.02B,$2.76B,0.37,$6.63B,$7.44B,0.89,$5.90B,$1.79B,30.28%,$5.90B,$0.47B,7.97%,$5.90B,$0.47B,7.97%,$5.90B,$1.03B,17.40%,$5.90B,$0.16B,2.71%,$5.90B,$0.16B,2.71%,$0.16B,$7.44B,2.28%,$0.16B,$6.64B,2.57%,$0.16B,$17.19B,0.97%,$0.47B,$14.07B,3.50%,$1764,$1116,$647,$0,$197,$1457,$307,$-76,$230,$0,$230,$230,$230,$451,$307,$214,216,$1.08,$1.07,$286,$110,$105,$1021,$14204,$0,$803,$1159,$16166,$17186,$2763,$6628,$351,$6980,$9743,$2,$4752,$134,$7444,$17186,$159,$422,$39,$461,$-18,$-13,$22,$4,$44,$664,$-1153,$0,$291,$0,$-182,$-182,$106,$-938,$188,$0,$188,$0,$0,$0,$-32,$156,$-117,$0,$0
37,2009-06-30,11.91,$32.97,0.36,$28.95,0.41,$-7.50,0.0,$1.60,7.45,$0.91B,$2.86B,0.32,$6.05B,$7.05B,0.86,$6.19B,$1.93B,31.09%,$6.19B,$0.63B,10.09%,$6.19B,$0.63B,10.09%,$6.19B,$1.17B,18.92%,$6.19B,$0.34B,5.52%,$6.19B,$0.34B,5.52%,$0.34B,$7.05B,4.95%,$0.34B,$6.27B,5.58%,$0.34B,$16.34B,2.11%,$0.63B,$13.09B,4.78%,$1349,$965,$384,$0,$191,$1294,$55,$-90,$-35,$0,$-35,$-35,$-35,$193,$55,$214,214,$-0.16,$-0.16,$310,$103,$112,$910,$13594,$0,$782,$1051,$15426,$16337,$2863,$6045,$380,$6425,$9288,$2,$4521,$-24,$7049,$16337,$-71,$278,$38,$316,$47,$-6,$18,$112,$98,$343,$-324,$0,$291,$0,$-182,$-182,$43,$-171,$-328,$0,$-328,$0,$0,$76,$-15,$-267,$-93,$0,$76
38,2009-03-31,7.05,$31.58,0.22,$30.03,0.23,$-10.17,0.0,$2.16,3.26,$0.90B,$2.46B,0.37,$6.49B,$6.75B,0.96,$6.43B,$2.04B,31.65%,$6.43B,$0.74B,11.49%,$6.43B,$0.74B,11.49%,$6.43B,$1.28B,19.83%,$6.43B,$0.46B,7.19%,$6.43B,$0.46B,7.19%,$0.46B,$6.75B,6.69%,$0.46B,$6.00B,7.55%,$0.46B,$16.19B,2.85%,$0.74B,$13.24B,5.66%,$1326,$952,$373,$0,$189,$1281,$44,$-80,$-36,$0,$-36,$-36,$-36,$184,$44,$214,214,$-0.17,$-0.17,$456,$92,$33,$900,$13579,$0,$754,$958,$15291,$16191,$2463,$6494,$485,$6978,$9441,$2,$4556,$-354,$6750,$16191,$-36,$140,$27,$167,$65,$3,$-2,$-34,$-17,$114,$-219,$0,$291,$0,$-152,$-152,$20,$-60,$-1,$0,$-1,$0,$0,$0,$-1,$-1,$53,$0,$0
39,2008-12-31,12.1,$31.97,0.38,$30.49,0.4,$-9.48,0.0,$2.68,4.51,$0.98B,$2.67B,0.37,$6.54B,$6.80B,0.96,$6.53B,$2.13B,32.59%,$6.53B,$0.83B,12.75%,$6.53B,$0.83B,12.75%,$6.53B,$1.35B,20.71%,$6.53B,$0.57B,8.79%,$6.53B,$0.57B,8.79%,$0.57B,$6.80B,8.27%,$0.57B,$6.02B,9.36%,$0.57B,$16.46B,3.57%,$0.83B,$13.34B,6.46%,$1456,$1075,$381,$0,$184,$1393,$64,$-62,$1,$0,$1,$1,$1,$198,$64,$213,214,$0.01,$0.01,$403,$96,$82,$977,$13879,$0,$779,$828,$15486,$16463,$2674,$6540,$447,$6986,$9660,$2,$4593,$-320,$6803,$16463,$574,$520,$-4,$517,$28,$-0,$22,$-106,$-19,$1071,$-2224,$0,$0,$0,$-1,$-1,$247,$-1977,$1236,$0,$1236,$4,$4,$-128,$-28,$1083,$172,$0,$-128
40,2008-09-30,18.26,$32.99,0.55,$30.65,0.6,$-4.33,0.0,$3.00,6.09,$1.05B,$2.54B,0.41,$5.60B,$7.02B,0.8,$6.57B,$2.21B,33.71%,$6.57B,$0.91B,13.81%,$6.57B,$0.91B,13.81%,$6.57B,$1.42B,21.56%,$6.57B,$0.64B,9.81%,$6.57B,$0.64B,9.81%,$0.64B,$7.02B,9.29%,$0.64B,$6.24B,10.53%,$0.64B,$15.77B,4.10%,$0.91B,$12.62B,7.20%,$2063,$1276,$788,$0,$191,$1601,$462,$-50,$412,$0,$412,$412,$412,$597,$462,$214,214,$1.93,$1.92,$302,$114,$159,$1046,$13143,$0,$782,$800,$14725,$15771,$2541,$5598,$611,$6209,$8750,$2,$4591,$-96,$7020,$15771,$572,$386,$-8,$378,$-17,$-19,$-2,$64,$95,$1045,$-1413,$0,$0,$0,$-41,$-41,$245,$-1210,$381,$0,$381,$4,$4,$-128,$-18,$239,$71,$0,$-128
41,2008-06-30,19.66,$33.12,0.59,$30.13,0.65,$-2.91,0.0,$2.92,6.73,$1.24B,$2.78B,0.45,$5.94B,$7.05B,0.84,$6.46B,$2.23B,34.53%,$6.46B,$0.93B,14.37%,$6.46B,$0.93B,14.37%,$6.46B,$1.42B,22.05%,$6.46B,$0.63B,9.71%,$6.46B,$0.63B,9.71%,$0.63B,$7.05B,9.16%,$0.63B,$6.20B,10.40%,$0.63B,$16.46B,4.03%,$0.93B,$12.99B,7.46%,$1584,$1091,$493,$0,$197,$1415,$169,$-84,$85,$0,$85,$85,$85,$296,$169,$213,214,$0.40,$0.40,$387,$118,$300,$1244,$13245,$0,$844,$1128,$15217,$16461,$2783,$5941,$690,$6631,$9414,$2,$4211,$315,$7047,$16461,$160,$252,$-17,$235,$68,$-20,$27,$307,$366,$761,$-1313,$0,$0,$0,$-21,$-21,$246,$-1088,$586,$0,$586,$3,$3,$-96,$-12,$482,$156,$0,$-96
42,2008-03-31,28.64,$32.47,0.88,$29.66,0.97,$-1.52,0.0,$3.12,9.18,$1.25B,$2.35B,0.53,$5.75B,$6.91B,0.83,$6.36B,$2.25B,35.45%,$6.36B,$0.96B,15.11%,$6.36B,$0.96B,15.11%,$6.36B,$1.45B,22.83%,$6.36B,$0.67B,10.56%,$6.36B,$0.67B,10.56%,$0.67B,$6.91B,10.11%,$0.67B,$6.06B,11.47%,$0.67B,$15.55B,4.45%,$0.96B,$12.65B,7.96%,$1429,$962,$467,$0,$205,$1292,$138,$-62,$76,$0,$76,$76,$76,$262,$138,$213,214,$0.35,$0.35,$441,$98,$316,$1249,$12329,$0,$843,$1130,$14303,$15552,$2350,$5747,$547,$6295,$8645,$2,$4158,$221,$6907,$15552,$76,$124,$-2,$123,$81,$-0,$-20,$94,$104,$302,$-261,$0,$0,$0,$-16,$-16,$145,$-131,$79,$0,$79,$3,$3,$-32,$-11,$39,$210,$0,$-32
43,2007-12-31,36.78,$31.80,1.16,$28.71,1.28,$-0.75,0.0,$2.81,13.09,$0.99B,$2.34B,0.42,$5.35B,$6.76B,0.79,$6.15B,$2.17B,35.26%,$6.15B,$0.90B,14.67%,$6.15B,$0.90B,14.67%,$6.15B,$1.39B,22.52%,$6.15B,$0.60B,9.82%,$6.15B,$0.60B,9.82%,$0.60B,$6.76B,9.39%,$0.60B,$5.96B,10.65%,$0.60B,$14.98B,4.14%,$0.90B,$12.10B,7.76%,$1491,$1026,$466,$0,$204,$1353,$138,$-67,$71,$0,$71,$71,$71,$261,$138,$213,214,$0.34,$0.34,$231,$97,$214,$993,$12254,$0,$798,$938,$13989,$14982,$2339,$5347,$539,$5886,$8225,$2,$4115,$121,$6757,$14982,$603,$483,$4,$487,$-123,$-19,$23,$147,$179,$1269,$-1317,$0,$0,$0,$0,$0,$147,$-1171,$129,$0,$129,$20,$20,$-98,$-14,$37,$126,$0,$-98
44,2007-09-30,33.71,$31.34,1.08,$26.96,1.25,$-1.56,0.0,$2.70,12.48,$1.06B,$2.57B,0.41,$5.35B,$6.66B,0.8,$5.81B,$2.11B,36.22%,$5.81B,$0.88B,15.11%,$5.81B,$0.88B,15.11%,$5.81B,$1.35B,23.16%,$5.81B,$0.58B,9.98%,$5.81B,$0.58B,9.98%,$0.58B,$6.66B,9.25%,$0.58B,$5.88B,10.50%,$0.58B,$15.17B,4.08%,$0.88B,$12.01B,7.71%,$1954,$1149,$804,$0,$199,$1471,$483,$-88,$395,$0,$395,$395,$395,$605,$483,$213,214,$1.85,$1.84,$412,$89,$0,$1060,$12274,$0,$773,$1059,$14106,$15166,$2571,$5351,$589,$5940,$8510,$2,$4076,$66,$6655,$15166,$533,$360,$4,$364,$-147,$-12,$-5,$213,$263,$1160,$-1225,$0,$0,$0,$0,$0,$43,$-1182,$390,$0,$390,$17,$17,$-66,$-12,$329,$307,$0,$-66
45,2007-06-30,36.98,$29.32,1.26,$25.50,1.45,$-1.78,0.0,$2.49,14.85,$0.75B,$2.62B,0.29,$5.24B,$6.23B,0.84,$5.49B,$1.99B,36.29%,$5.49B,$0.82B,14.83%,$5.49B,$0.82B,14.83%,$5.49B,$1.27B,23.15%,$5.49B,$0.53B,9.65%,$5.49B,$0.53B,9.65%,$0.53B,$6.23B,8.67%,$0.53B,$5.48B,9.65%,$0.53B,$14.56B,3.94%,$0.82B,$11.47B,7.45%,$1481,$966,$516,$0,$193,$1280,$201,$-72,$129,$0,$129,$129,$129,$323,$201,$213,214,$0.61,$0.60,$212,$87,$0,$748,$12239,$0,$742,$832,$13813,$14560,$2621,$5242,$471,$5714,$8335,$2,$3713,$4,$6225,$14560,$138,$238,$-1,$237,$-26,$-10,$8,$401,$449,$823,$-1076,$0,$0,$0,$0,$0,$35,$-1041,$383,$0,$383,$16,$16,$-66,$-7,$326,$108,$0,$-66
46,2007-03-31,36.14,$28.79,1.26,$24.25,1.49,$-1.25,0.0,$2.46,14.69,$0.69B,$2.34B,0.3,$4.85B,$6.10B,0.8,$5.31B,$1.95B,36.68%,$5.31B,$0.80B,15.04%,$5.31B,$0.80B,15.04%,$5.31B,$1.24B,23.43%,$5.31B,$0.52B,9.86%,$5.31B,$0.52B,9.86%,$0.52B,$6.10B,8.76%,$0.52B,$5.36B,9.57%,$0.52B,$13.69B,4.05%,$0.80B,$10.94B,7.58%,$1223,$841,$382,$0,$186,$1143,$80,$-71,$9,$0,$9,$9,$9,$196,$80,$212,214,$0.04,$0.04,$200,$81,$0,$694,$11468,$0,$732,$799,$13000,$13694,$2339,$4846,$413,$5259,$7598,$2,$3616,$-10,$6096,$13694,$9,$116,$3,$119,$-20,$-4,$0,$215,$232,$360,$-154,$0,$0,$0,$0,$0,$-5,$-160,$-66,$0,$-66,$3,$3,$-34,$-9,$-105,$95,$0,$-34
47,2006-12-31,35.34,$28.80,1.23,$23.51,1.5,$-1.31,0.0,$2.97,11.9,$0.50B,$1.87B,0.27,$5.04B,$6.09B,0.83,$5.23B,$1.98B,37.86%,$5.23B,$0.86B,16.42%,$5.23B,$0.86B,16.42%,$5.23B,$1.30B,24.82%,$5.23B,$0.63B,12.10%,$5.23B,$0.63B,12.10%,$0.63B,$6.09B,10.78%,$0.63B,$5.37B,11.56%,$0.63B,$13.39B,5.12%,$0.86B,$11.13B,8.49%,$1153,$750,$403,$0,$181,$1040,$114,$-67,$47,$0,$47,$47,$47,$222,$114,$211,221,$0.20,$0.19,$105,$77,$36,$502,$11429,$0,$722,$741,$12891,$13393,$1872,$5040,$389,$5429,$7302,$2,$3639,$-31,$6092,$13393,$634,$440,$-81,$358,$-39,$-7,$-30,$10,$-44,$949,$-1179,$0,$-553,$0,$-12,$-12,$-105,$-1849,$1148,$0,$1148,$-142,$-142,$-124,$-2,$880,$-21,$0,$-124
