,Date,Stock Price,Book Value per Share,Price to Book Ratio,TTM Sales per Share,Price to Sales Ratio,TTM FCF per Share,Price to FCF Ratio,TTM Net EPS,PE Ratio,Current Assets,Current Liabilities,Current Ratio,Long Term Debt,Shareholder's Equity_x,Debt to Equity Ratio,TTM Revenue_x,TTM Gross Profit,Gross Margin,TTM Revenue_y,TTM Operating Income,Operating Margin,TTM Revenue_x,TTM EBIT,EBIT Margin,TTM Revenue_y,TTM EBITDA,EBITDA Margin,TTM Revenue_x,TTM Pre-Tax Income,Pre-Tax Margin,TTM Revenue_y,TTM Net Income_x,Net Margin,TTM Net Income_y,Shareholder's Equity_y,Return on Equity,TTM Net Income_x,Tangible Equity,Return on Tangible Equity,TTM Net Income_y,Total Assets,Return on Assets,TTM Net Income,LT Investments & Debt,Return on Investment,revenue,cost-goods-sold,gross-profit,research-development-expenses,selling-general-administrative-expenses,operating-expenses,operating-income,total-non-operating-income-expense,pre-tax-income,total-provision-income-taxes,income-after-taxes,income-from-continuous-operations,net-income,ebitda,ebit,basic-shares-outstanding,shares-outstanding,eps-basic-net-earnings-per-share,eps-earnings-per-share-diluted,cash-on-hand,inventory,other-current-assets,total-current-assets,net-property-plant-equipment,long-term-investments,goodwill-intangible-assets-total,other-long-term-assets,total-long-term-assets,total-assets,total-current-liabilities,long-term-debt,other-non-current-liabilities,total-long-term-liabilities,total-liabilities,common-stock-net,retained-earnings-accumulated-deficit,comprehensive-income,total-share-holder-equity,total-liabilities-share-holders-equity,net-income-loss,total-depreciation-amortization-cash-flow,other-non-cash-items,total-non-cash-items,change-in-accounts-receivable,change-in-inventories,change-in-accounts-payable,change-in-assets-liabilities,total-change-in-assets-liabilities,cash-flow-from-operating-activities,net-change-in-property-plant-equipment,net-change-in-intangible-assets,net-acquisitions-divestitures,net-change-in-short-term-investments,net-change-in-long-term-investments,net-change-in-investments-total,investing-activities-other,cash-flow-from-investing-activities,net-long-term-debt,net-current-debt,debt-issuance-retirement-net-total,net-common-equity-issued-repurchased,net-total-equity-issued-repurchased,total-common-preferred-stock-dividends-paid,financial-activities-other,cash-flow-from-financial-activities,net-cash-flow,stock-based-compensation,common-stock-dividends-paid
0,2018-09-30,4.27,$2.01,2.13,$16.03,0.27,$-0.56,0.0,$0.20,21.35,$0.06B,$0.02B,2.45,$0.02B,$0.03B,0.99,$0.20B,$0.05B,25.38%,$0.20B,$0.00B,0.51%,$0.20B,$0.00B,0.51%,$0.20B,$0.01B,3.05%,$0.20B,0,0.00%,$0.20B,$0.00B,1.02%,$0.00B,$0.03B,8.51%,$0.00B,$0.01B,17.02%,$0.00B,$0.07B,2.71%,$0.00B,$0.05B,1.94%,$43,$32,$11,$0,$9,$41,$1,$-0,$1,$0,$1,$1,$1,$2,$1,$12,12,$0.06,$0.06,$1,$0,$0,$56,$4,$0,$12,$0,$18,$73,$23,$24,$1,$26,$49,$1,$-64,$-3,$25,$73,$2,$1,$1,$3,$-2,$0,$0,$-1,$-3,$2,$-1,$0,$0,$0,$0,$0,$-0,$-1,$-3,$0,$-3,$0,$0,$0,$-0,$-3,$-2,$0,$0
1,2018-06-30,4.94,$1.94,2.55,$16.18,0.31,$-0.10,0.0,$0.22,22.45,$0.06B,$0.02B,2.94,$0.03B,$0.02B,1.23,$0.20B,$0.05B,25.76%,$0.20B,$0.00B,1.01%,$0.20B,$0.00B,1.01%,$0.20B,$0.01B,3.03%,$0.20B,0,0.00%,$0.20B,$0.00B,1.01%,$0.00B,$0.02B,7.77%,$0.00B,$0.01B,14.55%,$0.00B,$0.07B,2.80%,$0.00B,$0.05B,4.00%,$52,$39,$13,$0,$10,$51,$1,$-0,$1,$0,$0,$0,$0,$1,$1,$12,12,$0.03,$0.03,$0,$0,$0,$56,$3,$0,$12,$0,$17,$74,$19,$29,$1,$31,$50,$1,$-64,$-3,$24,$74,$1,$1,$1,$1,$-6,$0,$0,$1,$-6,$-4,$-1,$0,$0,$0,$0,$0,$-0,$-1,$2,$0,$2,$0,$0,$0,$-0,$2,$-2,$0,$0
2,2018-03-31,5.77,$1.91,3.03,$15.74,0.37,$0.64,9.0,$0.21,27.48,$0.06B,$0.02B,3.28,$0.03B,$0.02B,1.37,$0.19B,$0.05B,26.04%,$0.19B,$0.00B,1.04%,$0.19B,$0.00B,1.04%,$0.19B,$0.01B,3.13%,$0.19B,0,0.00%,$0.19B,$0.00B,1.04%,$0.00B,$0.02B,7.21%,$0.00B,$0.01B,12.70%,$0.00B,$0.08B,2.88%,$0.00B,$0.06B,4.23%,$51,$38,$13,$0,$10,$49,$2,$-0,$1,$0,$1,$1,$1,$2,$2,$12,12,$0.09,$0.09,$0,$0,$0,$57,$3,$0,$12,$0,$17,$75,$17,$32,$1,$34,$51,$1,$-65,$-2,$23,$75,$1,$0,$0,$1,$-6,$0,$0,$-1,$-9,$-7,$-0,$0,$0,$0,$0,$0,$-0,$-0,$5,$0,$5,$0,$0,$0,$0,$5,$-2,$0,$0
3,2017-12-31,6.25,$1.81,3.46,$15.44,0.4,$1.39,4.51,$0.17,36.76,$0.06B,$0.02B,2.51,$0.03B,$0.02B,1.24,$0.19B,$0.05B,26.20%,$0.19B,$0.00B,0.53%,$0.19B,$0.00B,0.53%,$0.19B,$0.01B,2.67%,$0.19B,0,0.00%,$0.19B,$0.00B,1.07%,$0.00B,$0.02B,6.67%,$0.00B,$0.01B,11.43%,$0.00B,$0.07B,2.97%,$0.00B,$0.05B,2.23%,$51,$38,$13,$0,$10,$54,$-3,$-0,$-3,$-4,$0,$0,$0,$1,$-3,$12,12,$0.02,$0.02,$3,$0,$0,$56,$3,$0,$12,$0,$18,$73,$22,$27,$1,$29,$51,$1,$-66,$-2,$22,$73,$2,$5,$-1,$5,$-0,$0,$0,$-1,$-2,$5,$-1,$0,$-1,$0,$0,$0,$0,$-2,$13,$0,$13,$0,$0,$-12,$-2,$-1,$3,$1,$-12
4,2017-09-30,5.72,$2.83,2.02,$14.78,0.39,$1.92,2.97,$0.13,44.0,$0.05B,$0.02B,2.42,$0.01B,$0.03B,0.28,$0.18B,$0.05B,26.67%,$0.18B,$0.00B,2.22%,$0.18B,$0.00B,2.22%,$0.18B,$0.00B,2.22%,$0.18B,$0.00B,1.67%,$0.18B,$0.00B,1.11%,$0.00B,$0.03B,6.20%,$0.00B,$0.02B,10.13%,$0.00B,$0.06B,3.01%,$0.00B,$0.04B,9.09%,$44,$32,$12,$0,$10,$42,$2,$-0,$1,$0,$1,$1,$1,$2,$2,$12,12,$0.08,$0.08,$1,$0,$0,$48,$4,$0,$13,$0,$16,$64,$20,$9,$0,$10,$30,$1,$-66,$-2,$34,$64,$2,$1,$2,$3,$4,$0,$0,$-1,$2,$7,$-1,$0,$0,$0,$0,$0,$0,$-1,$-5,$0,$-5,$0,$0,$0,$-1,$-6,$1,$1,$0
5,2017-06-30,5.05,$2.69,1.88,$14.37,0.35,$2.33,2.17,$0.06,84.17,$0.05B,$0.02B,2.18,$0.01B,$0.03B,0.31,$0.18B,$0.05B,26.14%,$0.18B,$0.00B,1.14%,$0.18B,$0.00B,1.14%,$0.18B,$0.00B,1.70%,$0.18B,$0.00B,1.14%,$0.18B,$0.00B,0.57%,$0.00B,$0.03B,3.10%,$0.00B,$0.02B,5.00%,$0.00B,$0.07B,1.49%,$0.00B,$0.04B,4.49%,$46,$33,$12,$0,$10,$45,$1,$-0,$1,$1,$0,$0,$0,$1,$1,$12,12,$0.02,$0.02,$0,$0,$0,$49,$4,$0,$13,$0,$17,$66,$23,$10,$0,$11,$33,$1,$-67,$-3,$32,$66,$1,$1,$2,$3,$2,$0,$0,$0,$2,$5,$-1,$0,$0,$0,$0,$0,$0,$-1,$-4,$0,$-4,$-0,$-0,$0,$-0,$-5,$0,$0,$0
6,2017-03-31,4.76,$2.67,1.78,$14.24,0.33,$2.50,1.91,$0.11,43.27,$0.05B,$0.02B,2.4,$0.01B,$0.03B,0.4,$0.18B,$0.05B,26.29%,$0.18B,$0.00B,1.71%,$0.18B,$0.00B,1.71%,$0.18B,$0.00B,2.29%,$0.18B,$0.00B,1.14%,$0.18B,$0.00B,1.14%,$0.00B,$0.03B,6.11%,$0.00B,$0.02B,9.76%,$0.00B,$0.07B,2.93%,$0.00B,$0.05B,6.49%,$46,$35,$12,$0,$10,$45,$1,$-0,$1,$0,$1,$1,$1,$1,$1,$12,12,$0.05,$0.05,$0,$0,$0,$49,$4,$0,$12,$0,$16,$66,$21,$13,$0,$13,$34,$1,$-67,$-3,$32,$66,$1,$0,$0,$1,$1,$0,$0,$0,$0,$2,$-0,$0,$0,$0,$0,$0,$0,$-0,$-2,$0,$-2,$-0,$-0,$0,$-0,$-2,$0,$0,$0
7,2016-12-31,6.36,$2.61,2.43,$14.15,0.45,$2.40,2.65,$0.14,45.43,$0.05B,$0.02B,2.24,$0.01B,$0.03B,0.46,$0.18B,$0.05B,26.70%,$0.18B,$0.00B,2.27%,$0.18B,$0.00B,2.27%,$0.18B,$0.01B,2.84%,$0.18B,$0.00B,1.70%,$0.18B,$0.00B,1.14%,$0.00B,$0.03B,6.06%,$0.00B,$0.02B,9.52%,$0.00B,$0.07B,2.83%,$0.00B,$0.05B,8.29%,$44,$32,$12,$0,$10,$44,$0,$-0,$-0,$0,$-0,$-0,$-0,$0,$0,$12,12,$-0.02,$-0.02,$0,$0,$0,$53,$4,$0,$12,$0,$17,$70,$24,$14,$0,$15,$39,$1,$-68,$-3,$31,$70,$2,$2,$2,$4,$5,$0,$0,$1,$6,$12,$-1,$0,$0,$0,$0,$0,$0,$-1,$-7,$0,$-7,$-4,$-4,$0,$-1,$-12,$-1,$1,$0
8,2016-09-30,6.63,$2.76,2.4,$14.27,0.46,$2.28,2.9,$0.40,16.57,$0.05B,$0.02B,2.48,$0.01B,$0.03B,0.33,$0.18B,$0.05B,27.37%,$0.18B,$0.01B,3.35%,$0.18B,$0.01B,3.35%,$0.18B,$0.01B,4.47%,$0.18B,$0.01B,2.79%,$0.18B,$0.01B,2.79%,$0.01B,$0.03B,15.04%,$0.01B,$0.02B,23.53%,$0.01B,$0.07B,6.80%,$0.01B,$0.05B,12.00%,$40,$30,$10,$0,$9,$39,$0,$-0,$0,$0,$0,$0,$0,$1,$0,$12,12,$0.01,$0.01,$0,$0,$0,$50,$4,$0,$12,$0,$16,$66,$20,$11,$1,$12,$32,$1,$-68,$-2,$34,$66,$2,$1,$1,$2,$9,$0,$0,$0,$8,$12,$-1,$0,$0,$0,$0,$0,$0,$-1,$-10,$0,$-10,$-1,$-1,$0,$-1,$-12,$-1,$1,$0
9,2016-06-30,5.21,$2.76,1.89,$14.54,0.36,$1.75,2.98,$0.46,11.33,$0.05B,$0.02B,2.61,$0.02B,$0.03B,0.44,$0.18B,$0.05B,28.26%,$0.18B,$0.01B,4.35%,$0.18B,$0.01B,4.35%,$0.18B,$0.01B,4.89%,$0.18B,$0.01B,3.80%,$0.18B,$0.01B,3.26%,$0.01B,$0.03B,16.78%,$0.01B,$0.02B,25.26%,$0.01B,$0.07B,7.74%,$0.01B,$0.05B,14.95%,$45,$33,$12,$0,$10,$44,$2,$-0,$1,$1,$1,$1,$1,$2,$2,$12,12,$0.07,$0.07,$0,$0,$0,$54,$5,$0,$12,$0,$17,$71,$21,$15,$1,$16,$37,$1,$-68,$-2,$34,$71,$2,$1,$1,$1,$3,$0,$0,$2,$4,$8,$-1,$0,$0,$0,$0,$0,$0,$-1,$-6,$0,$-6,$-1,$-1,$0,$-1,$-8,$-1,$0,$0
10,2016-03-31,5.31,$2.68,1.98,$14.40,0.37,$0.92,5.8,$0.44,12.07,$0.06B,$0.02B,2.71,$0.02B,$0.03B,0.6,$0.18B,$0.05B,28.26%,$0.18B,$0.01B,3.80%,$0.18B,$0.01B,3.80%,$0.18B,$0.01B,4.89%,$0.18B,$0.01B,3.80%,$0.18B,$0.01B,3.26%,$0.01B,$0.03B,15.69%,$0.01B,$0.02B,22.43%,$0.01B,$0.08B,7.38%,$0.01B,$0.05B,12.23%,$47,$35,$13,$0,$10,$45,$2,$-0,$2,$1,$1,$1,$1,$2,$2,$12,13,$0.08,$0.08,$0,$0,$0,$59,$5,$0,$12,$0,$17,$76,$22,$20,$1,$21,$43,$1,$-69,$-3,$33,$76,$1,$0,$0,$1,$-2,$0,$0,$2,$-1,$1,$-0,$0,$0,$0,$0,$0,$0,$-0,$-1,$0,$-1,$-0,$-0,$0,$-0,$-2,$-1,$0,$0
11,2015-12-31,5.5,$2.58,2.13,$14.43,0.38,$0.43,12.88,$0.47,11.7,$0.07B,$0.03B,2.42,$0.02B,$0.03B,0.65,$0.19B,$0.05B,28.11%,$0.19B,$0.01B,3.78%,$0.19B,$0.01B,3.78%,$0.19B,$0.01B,5.41%,$0.19B,$0.01B,3.78%,$0.19B,$0.01B,3.24%,$0.01B,$0.03B,14.72%,$0.01B,$0.02B,20.17%,$0.01B,$0.08B,7.19%,$0.01B,$0.05B,11.72%,$47,$34,$14,$0,$11,$45,$2,$-0,$2,$-1,$3,$3,$3,$3,$2,$13,13,$0.24,$0.24,$1,$0,$0,$65,$5,$0,$12,$0,$17,$81,$27,$21,$1,$23,$49,$1,$-70,$-3,$32,$81,$6,$1,$4,$5,$4,$0,$0,$-3,$1,$12,$-3,$0,$-0,$0,$0,$0,$0,$-3,$1,$0,$1,$-2,$-2,$-13,$-0,$-14,$-5,$1,$-13
12,2015-09-30,4.06,$3.49,1.17,$14.63,0.28,$-0.16,0.0,$0.37,10.98,$0.06B,$0.02B,3.05,$0.02B,$0.04B,0.34,$0.19B,$0.05B,27.27%,$0.19B,$0.01B,4.28%,$0.19B,$0.01B,4.28%,$0.19B,$0.01B,5.35%,$0.19B,$0.01B,4.28%,$0.19B,$0.01B,2.67%,$0.01B,$0.04B,11.49%,$0.01B,$0.03B,15.27%,$0.01B,$0.08B,5.88%,$0.01B,$0.06B,12.85%,$45,$32,$13,$0,$10,$43,$2,$-0,$2,$1,$1,$1,$1,$2,$2,$13,13,$0.08,$0.07,$5,$0,$0,$64,$5,$0,$12,$0,$17,$82,$21,$15,$2,$17,$38,$1,$-60,$-3,$44,$82,$3,$1,$2,$3,$3,$0,$0,$-2,$1,$7,$-3,$0,$-1,$0,$0,$0,$0,$-3,$-5,$0,$-5,$-0,$-0,$0,$-0,$-5,$-2,$1,$0
13,2015-06-30,4.68,$3.49,1.34,$14.79,0.32,$-0.60,0.0,$0.45,10.39,$0.07B,$0.02B,3.44,$0.02B,$0.04B,0.45,$0.19B,$0.05B,27.13%,$0.19B,$0.01B,4.79%,$0.19B,$0.01B,4.79%,$0.19B,$0.01B,5.85%,$0.19B,$0.01B,4.79%,$0.19B,$0.01B,3.19%,$0.01B,$0.04B,12.18%,$0.01B,$0.03B,15.38%,$0.01B,$0.09B,6.82%,$0.01B,$0.06B,14.01%,$45,$33,$12,$0,$11,$44,$1,$-0,$1,$0,$1,$1,$1,$2,$1,$13,13,$0.05,$0.05,$3,$0,$0,$71,$4,$0,$10,$0,$15,$86,$21,$20,$1,$21,$41,$1,$-61,$-1,$44,$86,$2,$1,$1,$2,$-3,$0,$0,$-2,$-7,$-2,$-1,$0,$0,$0,$0,$0,$0,$-1,$0,$0,$0,$0,$0,$0,$-0,$0,$-4,$1,$0
14,2015-03-31,5.53,$3.39,1.63,$15.20,0.36,$-0.13,0.0,$0.55,10.06,$0.07B,$0.02B,3.27,$0.02B,$0.04B,0.46,$0.19B,$0.05B,26.94%,$0.19B,$0.01B,5.70%,$0.19B,$0.01B,5.70%,$0.19B,$0.01B,6.22%,$0.19B,$0.01B,5.70%,$0.19B,$0.01B,3.63%,$0.01B,$0.04B,12.84%,$0.01B,$0.03B,15.82%,$0.01B,$0.09B,7.76%,$0.01B,$0.06B,17.05%,$48,$35,$13,$0,$11,$46,$2,$-0,$2,$1,$1,$1,$1,$3,$2,$12,13,$0.11,$0.11,$1,$0,$0,$71,$4,$0,$10,$0,$15,$85,$22,$20,$1,$21,$42,$1,$-62,$-2,$43,$85,$1,$0,$1,$1,$-5,$0,$0,$-4,$-7,$-5,$-1,$0,$0,$0,$0,$0,$-0,$-1,$0,$0,$0,$0,$0,$0,$-0,$0,$-6,$0,$0
15,2014-12-31,5.78,$3.38,1.71,$15.26,0.38,$0.05,121.48,$0.54,10.71,$0.07B,$0.02B,3.07,$0.02B,$0.04B,0.47,$0.19B,$0.05B,26.29%,$0.19B,$0.01B,5.67%,$0.19B,$0.01B,5.67%,$0.19B,$0.01B,5.67%,$0.19B,$0.01B,5.67%,$0.19B,$0.01B,3.61%,$0.01B,$0.04B,11.76%,$0.01B,$0.03B,14.21%,$0.01B,$0.09B,7.67%,$0.01B,$0.06B,17.05%,$49,$36,$13,$0,$10,$47,$3,$0,$3,$1,$2,$2,$2,$3,$3,$13,13,$0.13,$0.14,$6,$0,$0,$73,$3,$0,$10,$0,$15,$87,$24,$20,$1,$21,$44,$1,$-63,$0,$43,$87,$7,$1,$4,$5,$-5,$0,$0,$0,$-7,$4,$-2,$0,$0,$0,$0,$0,$-0,$-2,$20,$0,$20,$1,$1,$-25,$-0,$-5,$-3,$1,$-25
16,2014-09-30,4.86,$5.36,0.91,$15.06,0.32,$-0.53,0.0,$0.27,18.01,$0.08B,$0.03B,3.03,$0.00B,$0.07B,0.0,$0.19B,$0.05B,26.18%,$0.19B,$0.01B,3.14%,$0.19B,$0.01B,3.14%,$0.19B,$0.01B,3.14%,$0.19B,$0.01B,2.62%,$0.19B,$0.00B,1.57%,$0.00B,$0.07B,4.69%,$0.00B,$0.06B,5.53%,$0.00B,$0.09B,3.29%,$0.01B,$0.07B,9.38%,$46,$33,$13,$0,$10,$44,$3,$0,$3,$1,$2,$2,$2,$3,$3,$13,13,$0.15,$0.15,$8,$0,$0,$79,$3,$0,$10,$0,$15,$94,$26,$0,$1,$1,$27,$1,$-38,$1,$67,$94,$5,$1,$3,$4,$-6,$0,$0,$-1,$-7,$1,$-2,$0,$0,$0,$0,$0,$-0,$-2,$0,$0,$0,$1,$1,$0,$-0,$0,$-1,$1,$0
17,2014-06-30,4.09,$5.20,0.79,$14.73,0.28,$-0.50,0.0,$0.21,19.46,$0.08B,$0.03B,2.74,$0.00B,$0.07B,0.0,$0.19B,$0.05B,25.81%,$0.19B,$0.01B,2.69%,$0.19B,$0.01B,2.69%,$0.19B,$0.01B,2.69%,$0.19B,$0.00B,2.15%,$0.19B,$0.00B,1.08%,$0.00B,$0.07B,3.17%,$0.00B,$0.06B,3.76%,$0.00B,$0.10B,2.22%,$0.01B,$0.07B,7.94%,$50,$37,$13,$0,$10,$46,$3,$0,$3,$1,$2,$2,$2,$3,$3,$12,13,$0.16,$0.15,$12,$0,$0,$80,$3,$0,$10,$0,$14,$95,$29,$0,$0,$0,$30,$1,$-40,$1,$65,$95,$3,$1,$2,$2,$-4,$0,$0,$1,$-2,$4,$-1,$0,$0,$0,$0,$0,$-0,$-1,$0,$0,$0,$0,$0,$0,$-0,$0,$2,$0,$0
18,2014-03-31,4.33,$5.02,0.86,$14.24,0.3,$-0.78,0.0,$0.18,24.06,$0.08B,$0.03B,2.92,$0.00B,$0.06B,0.0,$0.18B,$0.05B,25.84%,$0.18B,$0.00B,2.25%,$0.18B,$0.00B,2.25%,$0.18B,$0.00B,2.25%,$0.18B,$0.00B,1.69%,$0.18B,$0.00B,0.56%,$0.00B,$0.06B,1.61%,$0.00B,$0.05B,1.90%,$0.00B,$0.09B,1.14%,$0.00B,$0.06B,6.45%,$49,$36,$12,$0,$10,$47,$2,$-0,$2,$1,$1,$1,$1,$2,$2,$12,13,$0.10,$0.10,$6,$0,$0,$75,$2,$0,$10,$0,$14,$89,$26,$0,$0,$0,$26,$1,$-42,$0,$63,$89,$1,$0,$0,$1,$-4,$0,$0,$-0,$-5,$-3,$-0,$0,$0,$0,$0,$0,$-0,$-0,$0,$0,$0,$0,$0,$0,$-0,$-0,$-4,$0,$0
19,2013-12-31,4.48,$4.94,0.91,$13.72,0.33,$-0.55,0.0,$0.16,28.03,$0.07B,$0.03B,2.94,$0.00B,$0.06B,0.0,$0.17B,$0.05B,26.47%,$0.17B,$0.00B,2.35%,$0.17B,$0.00B,2.35%,$0.17B,$0.00B,2.35%,$0.17B,$0.00B,1.76%,$0.17B,$0.00B,0.59%,$0.00B,$0.06B,1.63%,$0.00B,$0.05B,1.93%,$0.00B,$0.09B,1.15%,$0.00B,$0.06B,6.53%,$46,$34,$12,$0,$9,$48,$-2,$-0,$-3,$-1,$-2,$-2,$-2,$-2,$-2,$12,12,$-0.13,$-0.13,$9,$0,$0,$73,$2,$0,$10,$0,$14,$87,$25,$0,$0,$0,$25,$1,$-43,$1,$61,$87,$2,$1,$-0,$1,$-12,$0,$0,$2,$-6,$-4,$-1,$0,$0,$0,$0,$0,$0,$-1,$0,$0,$0,$0,$0,$0,$0,$0,$-5,$1,$0
20,2013-09-30,3.87,$5.08,0.76,$13.00,0.3,$0.11,34.2,$0.38,10.2,$0.08B,$0.03B,2.86,$0.00B,$0.06B,0.0,$0.16B,$0.04B,26.71%,$0.16B,$0.01B,4.35%,$0.16B,$0.01B,4.35%,$0.16B,$0.01B,4.97%,$0.16B,$0.01B,4.35%,$0.16B,$0.00B,2.48%,$0.00B,$0.06B,6.58%,$0.00B,$0.05B,7.84%,$0.00B,$0.09B,4.64%,$0.01B,$0.06B,11.52%,$41,$31,$11,$0,$9,$40,$2,$-0,$2,$1,$1,$1,$1,$2,$2,$12,12,$0.09,$0.09,$14,$0,$0,$76,$2,$0,$10,$0,$14,$90,$27,$0,$1,$1,$27,$1,$-42,$1,$63,$90,$4,$1,$0,$1,$-11,$0,$0,$1,$-4,$1,$-1,$0,$0,$0,$0,$0,$0,$-1,$0,$0,$0,$0,$0,$0,$0,$0,$-0,$1,$0
21,2013-06-30,3.49,$4.98,0.7,$12.54,0.28,$0.73,4.8,$0.34,10.26,$0.07B,$0.02B,3.13,$0.00B,$0.06B,0.0,$0.16B,$0.04B,27.10%,$0.16B,$0.01B,3.87%,$0.16B,$0.01B,3.87%,$0.16B,$0.01B,5.16%,$0.16B,$0.01B,3.87%,$0.16B,$0.00B,2.58%,$0.00B,$0.06B,6.40%,$0.00B,$0.05B,7.58%,$0.00B,$0.08B,4.65%,$0.01B,$0.06B,9.60%,$42,$31,$11,$0,$9,$41,$2,$-0,$2,$0,$1,$1,$1,$2,$2,$12,12,$0.12,$0.12,$13,$0,$0,$70,$2,$0,$10,$0,$14,$84,$22,$0,$1,$1,$23,$1,$-43,$1,$61,$84,$2,$1,$0,$1,$-6,$0,$0,$-1,$-4,$-0,$-1,$0,$0,$0,$0,$0,$0,$-1,$0,$0,$0,$0,$0,$0,$0,$0,$-1,$0,$0
22,2013-03-31,3.89,$4.85,0.8,$11.95,0.33,$1.17,3.33,$0.26,14.98,$0.07B,$0.03B,2.79,$0.00B,$0.06B,0.0,$0.15B,$0.04B,27.52%,$0.15B,$0.01B,3.36%,$0.15B,$0.01B,3.36%,$0.15B,$0.01B,4.70%,$0.15B,$0.01B,3.36%,$0.15B,$0.00B,2.68%,$0.00B,$0.06B,6.20%,$0.00B,$0.05B,7.24%,$0.00B,$0.09B,4.58%,$0.01B,$0.06B,7.75%,$41,$31,$11,$0,$9,$40,$2,$0,$2,$1,$1,$1,$1,$2,$2,$12,12,$0.08,$0.08,$14,$0,$0,$72,$2,$0,$10,$0,$14,$86,$26,$0,$1,$1,$27,$1,$-44,$1,$60,$86,$1,$0,$0,$0,$-6,$0,$0,$3,$-1,$0,$-0,$0,$0,$0,$0,$0,$0,$-0,$0,$0,$0,$0,$0,$0,$0,$0,$-0,$0,$0
23,2012-12-31,3.31,$4.78,0.69,$11.56,0.29,$1.44,2.31,$0.26,12.73,$0.07B,$0.03B,2.81,$0.00B,$0.06B,0.0,$0.15B,$0.04B,27.40%,$0.15B,$0.01B,3.42%,$0.15B,$0.01B,3.42%,$0.15B,$0.01B,4.79%,$0.15B,$0.01B,3.42%,$0.15B,$0.00B,2.74%,$0.00B,$0.06B,5.90%,$0.00B,$0.05B,6.78%,$0.00B,$0.09B,4.56%,$0.01B,$0.06B,7.38%,$37,$27,$10,$0,$8,$36,$1,$0,$1,$0,$1,$1,$1,$2,$1,$12,13,$0.09,$0.09,$14,$0,$0,$70,$2,$0,$10,$0,$14,$85,$25,$0,$1,$1,$26,$1,$-45,$1,$59,$85,$3,$1,$1,$2,$-5,$0,$0,$3,$-2,$4,$-1,$0,$-1,$0,$0,$0,$-0,$-2,$0,$0,$0,$-4,$-4,$-12,$0,$-16,$-14,$0,$-12
24,2012-09-30,2.99,$5.82,0.51,$11.39,0.26,$1.68,1.78,$0.26,11.52,$0.07B,$0.02B,4.17,$0.00B,$0.07B,0.0,$0.14B,$0.04B,27.78%,$0.14B,$0.01B,4.17%,$0.14B,$0.01B,4.17%,$0.14B,$0.01B,4.86%,$0.14B,$0.01B,4.17%,$0.14B,$0.00B,2.78%,$0.00B,$0.07B,5.63%,$0.00B,$0.06B,6.37%,$0.00B,$0.09B,4.55%,$0.01B,$0.07B,8.45%,$35,$25,$10,$0,$8,$34,$1,$-0,$1,$0,$1,$1,$1,$2,$1,$12,12,$0.05,$0.05,$30,$0,$0,$74,$2,$0,$10,$0,$15,$89,$18,$0,$1,$1,$19,$1,$-34,$1,$70,$89,$2,$1,$1,$2,$1,$0,$0,$3,$3,$7,$-0,$0,$-1,$0,$0,$0,$-0,$-2,$0,$0,$0,$-4,$-4,$0,$0,$-4,$2,$0,$0
25,2012-06-30,3.0,$5.76,0.52,$11.10,0.27,$1.83,1.64,$0.27,11.11,$0.08B,$0.02B,3.9,$0.00B,$0.07B,0.0,$0.14B,$0.04B,27.27%,$0.14B,$0.01B,4.20%,$0.14B,$0.01B,4.20%,$0.14B,$0.01B,4.20%,$0.14B,$0.01B,4.20%,$0.14B,$0.00B,2.80%,$0.00B,$0.07B,5.61%,$0.00B,$0.06B,6.27%,$0.00B,$0.09B,4.48%,$0.01B,$0.07B,8.42%,$36,$26,$10,$0,$8,$35,$1,$-0,$1,$1,$1,$1,$1,$1,$1,$12,13,$0.04,$0.04,$29,$0,$0,$77,$2,$0,$7,$0,$12,$89,$20,$0,$0,$0,$20,$1,$-34,$1,$69,$89,$2,$1,$1,$1,$-1,$0,$0,$4,$2,$5,$-0,$0,$0,$0,$0,$0,$-0,$-0,$0,$0,$0,$-4,$-4,$0,$0,$-4,$1,$0,$0
26,2012-03-31,3.02,$5.71,0.53,$11.02,0.27,$1.43,2.11,$0.32,9.43,$0.08B,$0.02B,4.97,$0.00B,$0.07B,0.0,$0.14B,$0.04B,27.08%,$0.14B,$0.01B,4.86%,$0.14B,$0.01B,4.86%,$0.14B,$0.01B,4.86%,$0.14B,$0.01B,4.86%,$0.14B,$0.00B,2.78%,$0.00B,$0.07B,5.57%,$0.00B,$0.07B,6.23%,$0.00B,$0.09B,4.55%,$0.01B,$0.07B,9.76%,$38,$28,$10,$0,$8,$36,$2,$0,$2,$1,$1,$1,$1,$2,$2,$13,13,$0.08,$0.08,$31,$0,$0,$75,$2,$0,$8,$0,$13,$88,$15,$0,$0,$0,$15,$1,$-35,$1,$73,$88,$1,$0,$0,$0,$-1,$0,$0,$2,$2,$3,$-0,$0,$0,$0,$0,$0,$-0,$-0,$0,$0,$0,$-0,$-0,$0,$0,$-0,$3,$0,$0
27,2011-12-31,2.8,$5.62,0.5,$11.00,0.26,$1.33,2.12,$0.33,8.5,$0.07B,$0.01B,5.12,$0.00B,$0.07B,0.0,$0.15B,$0.04B,27.59%,$0.15B,$0.01B,4.83%,$0.15B,$0.01B,4.83%,$0.15B,$0.01B,4.83%,$0.15B,$0.01B,4.83%,$0.15B,$0.00B,2.76%,$0.00B,$0.07B,5.63%,$0.00B,$0.06B,6.27%,$0.00B,$0.09B,4.58%,$0.01B,$0.07B,9.86%,$35,$25,$10,$0,$8,$33,$2,$-0,$2,$1,$1,$1,$1,$2,$2,$13,13,$0.09,$0.09,$28,$0,$0,$73,$3,$0,$8,$0,$13,$86,$14,$0,$0,$0,$15,$1,$-36,$1,$72,$86,$4,$1,$1,$1,$2,$0,$0,$-2,$-0,$6,$-0,$0,$-0,$0,$0,$0,$-0,$-0,$0,$0,$0,$-2,$-2,$0,$0,$-2,$4,$0,$0
28,2011-09-30,2.39,$0.00,0.0,$10.97,0.22,$1.83,1.3,$0.32,7.45,$0.08B,$0.02B,3.58,$0.00B,$0.07B,0.0,$0.15B,$0.05B,32.88%,$0.15B,$0.02B,10.27%,$0.15B,$0.02B,10.27%,$0.15B,$0.02B,10.27%,$0.15B,$0.01B,4.79%,$0.15B,$0.00B,2.74%,$0.00B,$0.07B,5.67%,$0.00B,$0.06B,6.32%,$0.00B,$0.09B,4.62%,$0.02B,$0.07B,21.28%,$34,$24,$9,$0,$8,$33,$1,$0,$1,$0,$1,$1,$1,$1,$1,$13,13,$0.06,$0.06,$33,$0,$9,$81,$0,$0,$8,$0,$11,$94,$23,$0,$0,$0,$23,$1,$-37,$0,$71,$94,$3,$1,$1,$1,$3,$0,$0,$3,$5,$10,$-0,$0,$-0,$0,$0,$0,$-0,$-0,$0,$0,$0,$-2,$-2,$0,$0,$-2,$8,$0,$0
29,2011-06-30,2.9,$0.00,0.0,$11.13,0.26,$2.23,1.3,$0.35,8.28,$0.07B,$0.01B,5.82,$0.00B,$0.07B,0.0,$0.15B,$0.05B,33.56%,$0.15B,$0.02B,10.74%,$0.15B,$0.02B,10.74%,$0.15B,$0.02B,10.74%,$0.15B,$0.01B,5.37%,$0.15B,$0.00B,2.68%,$0.00B,$0.07B,5.73%,$0.00B,$0.06B,6.40%,$0.00B,$0.08B,4.73%,$0.02B,$0.07B,22.94%,$37,$26,$10,$0,$8,$34,$2,$0,$2,$1,$1,$1,$1,$2,$2,$13,13,$0.10,$0.09,$23,$0,$3,$70,$0,$0,$8,$0,$11,$84,$12,$0,$0,$0,$12,$1,$-38,$0,$71,$84,$2,$1,$0,$1,$-2,$0,$0,$-1,$-4,$-0,$-0,$0,$0,$0,$0,$0,$-0,$-0,$0,$0,$0,$-1,$-1,$0,$0,$-1,$-1,$0,$0
30,2011-03-31,2.76,$0.00,0.0,$11.93,0.23,$2.88,0.96,$0.39,7.07,$0.07B,$0.02B,4.86,$0.00B,$0.07B,0.0,$0.16B,$0.05B,33.33%,$0.16B,$0.02B,10.69%,$0.16B,$0.02B,10.69%,$0.16B,$0.02B,10.69%,$0.16B,$0.01B,5.66%,$0.16B,$0.01B,3.14%,$0.01B,$0.07B,7.27%,$0.01B,$0.06B,8.16%,$0.01B,$0.09B,5.92%,$0.02B,$0.07B,24.73%,$39,$28,$11,$0,$9,$37,$2,$-0,$2,$1,$1,$1,$1,$2,$2,$13,13,$0.09,$0.09,$26,$0,$3,$71,$0,$0,$8,$0,$11,$85,$15,$0,$0,$0,$15,$1,$-39,$0,$70,$85,$1,$0,$-0,$0,$-0,$0,$0,$1,$1,$2,$-0,$0,$0,$0,$0,$0,$-0,$-0,$0,$0,$0,$-1,$-1,$0,$0,$-1,$1,$0,$0
31,2010-12-31,2.51,$5.28,0.47,$12.88,0.19,$2.84,0.88,$0.44,5.7,$0.07B,$0.01B,5.22,$0.00B,$0.07B,0.0,$0.17B,$0.06B,32.54%,$0.17B,$0.02B,10.06%,$0.17B,$0.02B,10.06%,$0.17B,$0.02B,10.06%,$0.17B,$0.01B,5.33%,$0.17B,$0.01B,3.55%,$0.01B,$0.07B,8.89%,$0.01B,$0.06B,10.04%,$0.01B,$0.08B,7.12%,$0.02B,$0.07B,25.19%,$36,$19,$18,$0,$7,$26,$10,$0,$2,$1,$1,$1,$1,$10,$10,$13,13,$0.08,$0.08,$25,$0,$3,$69,$10,$0,$8,$0,$21,$83,$13,$0,$0,$0,$13,$1,$-40,$1,$70,$83,$6,$1,$1,$2,$5,$0,$0,$1,$5,$13,$-0,$0,$0,$0,$0,$0,$0,$0,$0,$0,$0,$0,$0,$0,$0,$0,$14,$0,$0
32,2010-09-30,2.72,$0.00,0.0,$13.73,0.2,$2.97,0.92,$0.41,6.64,$0.07B,$0.02B,4.2,$0.00B,$0.07B,0.0,$0.18B,$0.05B,26.92%,$0.18B,$0.01B,4.40%,$0.18B,$0.01B,4.40%,$0.18B,$0.01B,4.40%,$0.18B,$0.01B,4.40%,$0.18B,$0.01B,3.30%,$0.01B,$0.07B,9.13%,$0.01B,$0.06B,10.34%,$0.01B,$0.09B,7.23%,$0.01B,$0.07B,12.17%,$37,$27,$11,$0,$8,$36,$2,$-0,$2,$1,$1,$1,$1,$2,$2,$14,14,$0.09,$0.09,$27,$0,$5,$71,$0,$0,$8,$0,$11,$86,$17,$0,$0,$0,$17,$1,$-41,$0,$68,$86,$5,$1,$0,$1,$0,$0,$0,$0,$9,$16,$-0,$0,$0,$0,$0,$0,$0,$0,$0,$0,$0,$0,$0,$0,$0,$0,$16,$0,$0
33,2010-06-30,2.42,$0.00,0.0,$14.09,0.17,$2.95,0.82,$0.35,6.92,$0.07B,$0.02B,4.17,$0.00B,$0.07B,0.0,$0.19B,$0.05B,26.32%,$0.19B,$0.01B,3.68%,$0.19B,$0.01B,3.68%,$0.19B,$0.01B,3.68%,$0.19B,$0.01B,3.68%,$0.19B,$0.01B,2.63%,$0.01B,$0.07B,7.75%,$0.01B,$0.06B,8.89%,$0.01B,$0.08B,6.17%,$0.01B,$0.07B,10.85%,$47,$34,$13,$0,$10,$44,$3,$0,$3,$1,$2,$2,$2,$3,$3,$13,13,$0.13,$0.13,$19,$0,$4,$68,$0,$0,$8,$0,$12,$84,$16,$0,$0,$0,$17,$1,$-42,$0,$67,$84,$3,$1,$0,$1,$0,$0,$0,$0,$3,$8,$-0,$0,$0,$0,$0,$0,$0,$0,$0,$0,$0,$0,$-0,$0,$0,$-0,$8,$0,$0
34,2010-03-31,1.69,$0.00,0.0,$14.38,0.12,$3.39,0.5,$0.24,7.06,$0.07B,$0.02B,3.8,$0.00B,$0.07B,0.0,$0.19B,$0.05B,25.79%,$0.19B,$0.00B,2.11%,$0.19B,$0.00B,2.11%,$0.19B,$0.01B,2.63%,$0.19B,$0.00B,2.11%,$0.19B,$0.00B,1.58%,$0.00B,$0.07B,4.74%,$0.00B,$0.06B,5.43%,$0.00B,$0.08B,3.79%,$0.00B,$0.07B,6.32%,$49,$36,$13,$0,$10,$47,$2,$-0,$2,$-0,$2,$2,$2,$2,$2,$13,13,$0.14,$0.14,$12,$0,$4,$67,$0,$0,$9,$0,$13,$84,$18,$0,$1,$1,$18,$1,$-44,$0,$65,$84,$2,$0,$0,$0,$0,$0,$0,$0,$-1,$1,$-0,$0,$0,$0,$0,$0,$0,$0,$0,$0,$0,$0,$0,$0,$0,$0,$1,$0,$0
35,2009-12-31,1.36,$0.00,0.0,$14.24,0.1,$4.00,0.34,$0.53,2.56,$0.06B,$0.01B,4.33,$0.00B,$0.06B,0.0,$0.19B,$0.05B,24.87%,$0.19B,$0.00B,1.06%,$0.19B,$0.00B,1.06%,$0.19B,$0.00B,1.59%,$0.19B,$0.01B,5.82%,$0.19B,$0.01B,3.70%,$0.01B,$0.06B,11.24%,$0.01B,$0.06B,12.84%,$0.01B,$0.08B,9.06%,$0.00B,$0.06B,3.21%,$49,$37,$12,$0,$11,$48,$1,$-0,$1,$0,$1,$1,$1,$1,$1,$14,14,$0.05,$0.05,$11,$0,$3,$61,$11,$0,$9,$0,$24,$78,$14,$0,$1,$1,$15,$1,$-46,$0,$63,$78,$7,$2,$0,$2,$0,$0,$0,$0,$5,$16,$-1,$0,$-1,$0,$0,$0,$0,$-2,$0,$-5,$0,$0,$0,$0,$0,$-5,$10,$0,$0
36,2009-09-30,1.21,$0.00,0.0,$14.83,0.08,$2.29,0.53,$-2.58,0.0,$0.06B,$0.01B,4.24,$0.00B,$0.06B,0.0,$0.19B,$0.05B,24.74%,$0.19B,$0.00B,1.03%,$0.19B,$0.00B,1.03%,$0.19B,$0.00B,1.55%,$0.19B,$-0.03B,-17.01%,$0.19B,$-0.03B,-17.01%,$-0.03B,$0.06B,-54.77%,$-0.03B,$0.05B,-62.26%,$-0.03B,$0.08B,-42.58%,$0.00B,$0.06B,3.32%,$45,$33,$12,$0,$11,$44,$1,$0,$1,$0,$0,$0,$0,$1,$1,$15,15,$0.03,$0.03,$12,$0,$3,$60,$11,$0,$9,$0,$24,$78,$14,$0,$1,$1,$15,$1,$-47,$0,$63,$78,$6,$1,$0,$1,$0,$0,$0,$0,$6,$17,$-1,$0,$0,$0,$0,$0,$-1,$-1,$0,$0,$0,$0,$0,$0,$-5,$-5,$11,$0,$0
37,2009-06-30,1.2,$0.00,0.0,$15.41,0.08,$0.47,2.56,$-2.57,0.0,$0.07B,$0.02B,4.12,$0.00B,$0.06B,0.0,$0.20B,$0.05B,24.38%,$0.20B,$0.00B,1.00%,$0.20B,$0.00B,1.00%,$0.20B,$0.00B,1.99%,$0.20B,$-0.03B,-16.42%,$0.20B,$-0.03B,-15.92%,$-0.03B,$0.06B,-46.89%,$-0.03B,$0.06B,-63.05%,$-0.03B,$0.08B,-36.47%,$0.00B,$0.06B,2.93%,$47,$36,$12,$0,$11,$47,$0,$0,$0,$-0,$0,$0,$0,$1,$0,$12,12,$0.02,$0.02,$10,$0,$8,$65,$11,$0,$7,$0,$18,$77,$16,$0,$0,$0,$16,$1,$-47,$0,$62,$77,$6,$1,$0,$1,$0,$0,$0,$0,$4,$14,$-1,$0,$0,$0,$0,$0,$0,$-0,$0,$-5,$0,$0,$0,$0,$0,$-5,$9,$0,$0
38,2009-03-31,0.56,$0.00,0.0,$15.78,0.04,$-1.39,0.0,$-2.48,0.0,$0.06B,$0.02B,4.3,$0.00B,$0.06B,0.0,$0.21B,$0.05B,24.88%,$0.21B,$0.00B,1.91%,$0.21B,$0.00B,1.91%,$0.21B,$0.01B,2.87%,$0.21B,$-0.03B,-14.83%,$0.21B,$-0.03B,-14.83%,$-0.03B,$0.06B,-40.52%,$-0.03B,$0.05B,-64.25%,$-0.03B,$0.08B,-31.39%,$0.00B,$0.06B,5.23%,$48,$37,$11,$0,$11,$48,$-0,$10,$9,$4,$6,$6,$6,$-0,$-0,$13,13,$0.43,$0.43,$5,$0,$7,$63,$11,$0,$7,$0,$18,$76,$15,$0,$0,$0,$15,$1,$-47,$0,$61,$76,$6,$0,$0,$0,$0,$0,$0,$0,$1,$9,$-0,$0,$0,$0,$0,$0,$0,$-0,$0,$-5,$0,$0,$0,$0,$0,$-5,$4,$0,$0
39,2008-12-31,0.6,$0.00,0.0,$16.09,0.04,$-2.72,0.0,$-3.13,0.0,$0.07B,$0.02B,2.82,$0.00B,$0.06B,0.0,$0.21B,$0.05B,25.24%,$0.21B,$-0.00B,-0.48%,$0.21B,$-0.00B,-0.48%,$0.21B,$0.00B,0.95%,$0.21B,$-0.05B,-21.43%,$0.21B,$-0.04B,-19.05%,$-0.04B,$0.06B,-47.34%,$-0.04B,$0.05B,-86.49%,$-0.04B,$0.08B,-37.12%,$-0.00B,$0.06B,-1.18%,$54,$40,$13,$0,$12,$53,$1,$-43,$-43,$-4,$-39,$-39,$-39,$1,$1,$13,13,$-3.06,$-3.06,$1,$0,$10,$66,$11,$0,$7,$0,$18,$79,$23,$0,$0,$0,$23,$1,$-53,$0,$55,$79,$-40,$2,$0,$2,$0,$0,$0,$0,$-10,$-5,$-3,$0,$-8,$0,$0,$0,$-0,$-10,$0,$5,$0,$0,$0,$0,$0,$5,$-11,$0,$0
40,2008-09-30,0.94,$0.00,0.0,$15.82,0.06,$-1.49,0.0,$0.06,15.7,$0.06B,$0.02B,2.62,$0.00B,$0.10B,0.0,$0.21B,$0.05B,25.85%,$0.21B,0,0.00%,$0.21B,0,0.00%,$0.21B,$0.00B,1.95%,$0.21B,$0.00B,0.49%,$0.21B,$0.00B,0.49%,$0.00B,$0.10B,1.07%,$0.00B,$0.05B,2.13%,$0.00B,$0.12B,0.87%,$0.00B,$0.10B,0.00%,$52,$38,$13,$0,$12,$51,$1,$-0,$1,$0,$1,$1,$1,$2,$1,$14,14,$0.04,$0.04,$3,$0,$5,$64,$11,$0,$50,$0,$61,$119,$24,$0,$0,$0,$24,$1,$-14,$0,$95,$119,$-1,$2,$0,$2,$0,$0,$0,$0,$-13,$-8,$-2,$0,$-7,$0,$0,$0,$-0,$-9,$0,$9,$0,$0,$0,$0,$0,$9,$-8,$0,$0
41,2008-06-30,2.31,$0.00,0.0,$16.56,0.14,$-0.41,0.0,$0.16,14.42,$0.07B,$0.03B,2.51,$0.00B,$0.10B,0.0,$0.21B,$0.05B,25.60%,$0.21B,$0.00B,0.97%,$0.21B,$0.00B,0.97%,$0.21B,$0.01B,2.42%,$0.21B,$0.00B,1.45%,$0.21B,$0.00B,0.97%,$0.00B,$0.10B,2.16%,$0.00B,$0.05B,4.15%,$0.00B,$0.12B,1.77%,$0.00B,$0.10B,2.16%,$55,$40,$15,$0,$12,$53,$2,$-0,$2,$1,$1,$1,$1,$3,$2,$13,13,$0.11,$0.11,$4,$0,$5,$65,$10,$0,$50,$0,$60,$121,$26,$0,$0,$0,$26,$1,$-14,$0,$95,$121,$-1,$1,$0,$1,$0,$0,$0,$0,$-13,$-9,$-2,$0,$-7,$0,$0,$0,$-0,$-9,$0,$10,$0,$0,$0,$0,$0,$10,$-7,$0,$0
42,2008-03-31,2.11,$0.00,0.0,$16.91,0.12,$0.67,3.14,$0.20,10.53,$0.06B,$0.02B,3.18,$0.00B,$0.09B,0.0,$0.21B,$0.05B,24.88%,$0.21B,$0.00B,1.44%,$0.21B,$0.00B,1.44%,$0.21B,$0.01B,2.39%,$0.21B,$0.00B,1.91%,$0.21B,$0.00B,1.44%,$0.00B,$0.09B,3.31%,$0.00B,$0.05B,6.12%,$0.00B,$0.11B,2.73%,$0.00B,$0.09B,3.31%,$49,$37,$12,$0,$17,$54,$-5,$0,$-5,$-2,$-3,$-3,$-3,$-4,$-5,$12,12,$-0.22,$-0.22,$5,$0,$4,$59,$10,$0,$48,$0,$58,$112,$19,$0,$0,$0,$19,$1,$-16,$0,$93,$112,$-3,$0,$0,$0,$0,$0,$0,$0,$-8,$-6,$-1,$0,$-4,$0,$0,$0,$-0,$-6,$0,$5,$0,$0,$0,$0,$0,$5,$-7,$0,$0
43,2007-12-31,3.18,$0.00,0.0,$17.37,0.18,$1.30,2.46,$0.55,5.79,$0.06B,$0.02B,3.47,$0.00B,$0.09B,0.0,$0.21B,$0.05B,24.30%,$0.21B,$0.01B,4.67%,$0.21B,$0.01B,4.67%,$0.21B,$0.01B,5.14%,$0.21B,$0.01B,5.61%,$0.21B,$0.01B,3.74%,$0.01B,$0.09B,8.99%,$0.01B,$0.05B,16.33%,$0.01B,$0.11B,7.46%,$0.01B,$0.09B,11.24%,$49,$36,$13,$0,$10,$46,$2,$0,$3,$1,$2,$2,$2,$3,$2,$12,12,$0.13,$0.13,$12,$0,$2,$61,$9,$0,$40,$4,$54,$110,$18,$0,$0,$0,$18,$1,$-13,$0,$92,$110,$7,$1,$0,$1,$0,$0,$0,$0,$-2,$9,$-1,$0,$-0,$0,$0,$0,$0,$-1,$0,$0,$0,$0,$1,$0,$0,$1,$9,$0,$0
44,2007-09-30,3.55,$0.00,0.0,$17.86,0.2,$0.98,3.6,$0.61,5.81,$0.06B,$0.02B,3.42,$0.00B,$0.09B,0.0,$0.22B,$0.05B,23.74%,$0.22B,$0.01B,4.57%,$0.22B,$0.01B,4.57%,$0.22B,$0.01B,5.02%,$0.22B,$0.01B,5.02%,$0.22B,$0.01B,3.65%,$0.01B,$0.09B,9.22%,$0.01B,$0.05B,17.11%,$0.01B,$0.11B,7.64%,$0.01B,$0.09B,11.53%,$54,$41,$13,$0,$10,$51,$3,$0,$3,$1,$2,$2,$2,$3,$3,$12,12,$0.14,$0.14,$8,$0,$3,$64,$9,$0,$40,$0,$49,$109,$19,$0,$0,$0,$19,$1,$-15,$0,$90,$109,$5,$1,$0,$1,$0,$0,$0,$0,$-4,$5,$-1,$0,$-0,$0,$0,$0,$0,$-1,$0,$0,$0,$0,$1,$0,$0,$1,$5,$0,$0
45,2007-06-30,4.22,$0.00,0.0,$17.71,0.24,$0.88,4.78,$0.58,7.27,$0.07B,$0.02B,3.03,$0.00B,$0.09B,0.0,$0.22B,$0.05B,23.96%,$0.22B,$0.01B,4.15%,$0.22B,$0.01B,4.15%,$0.22B,$0.01B,5.07%,$0.22B,$0.01B,4.61%,$0.22B,$0.01B,3.23%,$0.01B,$0.09B,8.28%,$0.01B,$0.05B,15.64%,$0.01B,$0.11B,6.73%,$0.01B,$0.09B,10.65%,$57,$43,$14,$0,$11,$54,$3,$0,$3,$1,$2,$2,$2,$3,$3,$12,12,$0.15,$0.15,$7,$0,$5,$65,$9,$0,$40,$0,$49,$109,$21,$0,$0,$0,$21,$1,$-16,$0,$88,$109,$3,$1,$0,$1,$0,$0,$0,$0,$-2,$4,$-0,$0,$0,$0,$0,$0,$0,$-0,$0,$0,$0,$0,$1,$0,$0,$1,$4,$0,$0
46,2007-03-31,3.86,$0.00,0.0,$17.11,0.23,$0.75,5.15,$0.58,6.66,$0.06B,$0.02B,3.67,$0.00B,$0.09B,0.0,$0.21B,$0.05B,23.92%,$0.21B,$0.01B,3.83%,$0.21B,$0.01B,3.83%,$0.21B,$0.01B,4.78%,$0.21B,$0.01B,4.31%,$0.21B,$0.01B,3.35%,$0.01B,$0.09B,8.51%,$0.01B,$0.05B,16.37%,$0.01B,$0.10B,6.78%,$0.01B,$0.09B,9.73%,$54,$42,$12,$0,$10,$53,$2,$1,$3,$1,$2,$2,$2,$2,$2,$12,12,$0.13,$0.13,$3,$0,$4,$56,$9,$0,$40,$0,$49,$101,$15,$0,$0,$0,$15,$1,$-18,$0,$86,$101,$2,$0,$0,$0,$0,$0,$0,$0,$-3,$0,$-0,$0,$0,$0,$0,$0,$-0,$-0,$0,$0,$0,$0,$0,$0,$0,$0,$0,$0,$0
47,2006-12-31,3.24,$0.00,0.0,$16.66,0.19,$0.53,6.17,$0.52,6.24,$0.06B,$0.02B,3.34,$0.00B,$0.08B,0.0,$0.20B,$0.05B,24.75%,$0.20B,$0.01B,3.96%,$0.20B,$0.01B,3.96%,$0.20B,$0.01B,4.95%,$0.20B,$0.01B,3.96%,$0.20B,$0.01B,2.97%,$0.01B,$0.08B,7.50%,$0.01B,$0.04B,14.63%,$0.01B,$0.10B,5.66%,$0.01B,$0.08B,10.00%,$54,$41,$13,$0,$11,$52,$2,$-0,$2,$-0,$2,$2,$2,$3,$2,$12,12,$0.19,$0.19,$2,$0,$5,$55,$10,$0,$40,$0,$50,$100,$17,$0,$0,$0,$17,$1,$-20,$0,$83,$100,$6,$2,$0,$2,$0,$0,$0,$0,$-4,$6,$-2,$0,$-2,$0,$0,$0,$0,$-3,$0,$-4,$0,$0,$0,$0,$0,$-4,$-1,$0,$0
