,Date,Stock Price,Book Value per Share,Price to Book Ratio,TTM Sales per Share,Price to Sales Ratio,TTM FCF per Share,Price to FCF Ratio,TTM Net EPS,PE Ratio,Current Assets,Current Liabilities,Current Ratio,Long Term Debt,Shareholder's Equity_x,Debt to Equity Ratio,TTM Revenue_x,TTM Gross Profit,Gross Margin,TTM Revenue_y,TTM Operating Income,Operating Margin,TTM Revenue_x,TTM EBIT,EBIT Margin,TTM Revenue_y,TTM EBITDA,EBITDA Margin,TTM Revenue_x,TTM Pre-Tax Income,Pre-Tax Margin,TTM Revenue_y,TTM Net Income_x,Net Margin,TTM Net Income_y,Shareholder's Equity_y,Return on Equity,TTM Net Income_x,Tangible Equity,Return on Tangible Equity,TTM Net Income_y,Total Assets,Return on Assets,TTM Net Income,LT Investments & Debt,Return on Investment,revenue,cost-goods-sold,gross-profit,research-development-expenses,selling-general-administrative-expenses,operating-expenses,operating-income,total-non-operating-income-expense,pre-tax-income,total-provision-income-taxes,income-after-taxes,income-from-continuous-operations,net-income,ebitda,ebit,basic-shares-outstanding,shares-outstanding,eps-basic-net-earnings-per-share,eps-earnings-per-share-diluted,cash-on-hand,inventory,other-current-assets,total-current-assets,net-property-plant-equipment,long-term-investments,goodwill-intangible-assets-total,other-long-term-assets,total-long-term-assets,total-assets,total-current-liabilities,long-term-debt,other-non-current-liabilities,total-long-term-liabilities,total-liabilities,common-stock-net,retained-earnings-accumulated-deficit,comprehensive-income,total-share-holder-equity,total-liabilities-share-holders-equity,net-income-loss,total-depreciation-amortization-cash-flow,other-non-cash-items,total-non-cash-items,change-in-accounts-receivable,change-in-inventories,change-in-accounts-payable,change-in-assets-liabilities,total-change-in-assets-liabilities,cash-flow-from-operating-activities,net-change-in-property-plant-equipment,net-change-in-intangible-assets,net-acquisitions-divestitures,net-change-in-short-term-investments,net-change-in-long-term-investments,net-change-in-investments-total,investing-activities-other,cash-flow-from-investing-activities,net-long-term-debt,net-current-debt,debt-issuance-retirement-net-total,net-common-equity-issued-repurchased,net-total-equity-issued-repurchased,total-common-preferred-stock-dividends-paid,financial-activities-other,cash-flow-from-financial-activities,net-cash-flow,stock-based-compensation,common-stock-dividends-paid
0,2018-09-30,11.25,$0.00,0.0,$3.03,3.71,$-0.40,0.0,$0.24,46.88,$0.09B,$0.01B,11.68,$0.00B,$0.08B,0.0,$0.04B,$0.03B,73.81%,$0.04B,$0.00B,7.14%,$0.04B,$0.00B,7.14%,$0.04B,$0.00B,7.14%,$0.04B,$0.00B,9.52%,$0.04B,$0.00B,9.52%,$0.00B,$0.08B,5.03%,$0.00B,$0.08B,5.03%,$0.00B,$0.09B,4.34%,$0.00B,$0.08B,3.77%,$9,$2,$7,$3,$3,$8,$0,$0,$1,$0,$1,$1,$1,$0,$0,$14,14,$0.05,$0.05,$28,$0,$40,$88,$2,$0,$0,$3,$5,$93,$8,$0,$4,$4,$11,$1,$-51,$-3,$82,$93,$0,$0,$0,$0,$0,$0,$0,$0,$0,$0,$0,$0,$0,$0,$0,$0,$0,$0,$0,$0,$0,$0,$0,$0,$0,$0,$0,$0,$0
1,2018-06-30,19.75,$0.00,0.0,$3.22,6.14,$-0.40,0.0,$0.34,58.09,$0.09B,$0.01B,9.6,$0.00B,$0.08B,0.0,$0.04B,$0.03B,69.77%,$0.04B,$0.00B,9.30%,$0.04B,$0.00B,9.30%,$0.04B,$0.00B,9.30%,$0.04B,$0.00B,9.30%,$0.04B,$0.00B,9.30%,$0.00B,$0.08B,5.73%,$0.00B,$0.08B,5.73%,$0.00B,$0.09B,4.83%,$0.00B,$0.08B,5.73%,$11,$3,$8,$3,$4,$10,$1,$0,$1,$0,$1,$1,$1,$1,$1,$14,14,$0.06,$0.05,$31,$0,$40,$89,$2,$0,$0,$3,$5,$94,$9,$0,$4,$4,$13,$1,$-52,$-3,$81,$94,$1,$0,$1,$2,$6,$1,$0,$-1,$5,$8,$-0,$0,$0,$0,$0,$0,$0,$-0,$0,$0,$0,$2,$2,$0,$0,$2,$9,$1,$0
2,2018-03-31,18.35,$0.00,0.0,$3.21,5.71,$-1.55,0.0,$0.27,67.96,$0.09B,$0.01B,10.54,$0.00B,$0.08B,0.0,$0.04B,$0.03B,68.29%,$0.04B,$0.00B,7.32%,$0.04B,$0.00B,7.32%,$0.04B,$0.00B,7.32%,$0.04B,$0.00B,7.32%,$0.04B,$0.00B,7.32%,$0.00B,$0.08B,5.02%,$0.00B,$0.08B,5.02%,$0.00B,$0.09B,4.12%,$0.00B,$0.08B,5.02%,$11,$3,$8,$4,$4,$11,$0,$0,$0,$0,$0,$0,$0,$0,$0,$13,14,$0.02,$0.02,$35,$0,$40,$85,$2,$0,$0,$3,$5,$90,$8,$0,$4,$4,$12,$1,$-53,$-3,$79,$90,$0,$0,$0,$0,$0,$0,$0,$0,$0,$0,$0,$0,$0,$0,$0,$0,$0,$0,$0,$0,$0,$0,$0,$0,$0,$0,$0,$0,$0
3,2017-12-31,19.85,$0.00,0.0,$3.11,6.38,$-1.55,0.0,$0.22,90.23,$0.09B,$0.01B,7.28,$0.00B,$0.08B,0.0,$0.04B,$0.03B,68.42%,$0.04B,$0.00B,7.89%,$0.04B,$0.00B,7.89%,$0.04B,$0.00B,7.89%,$0.04B,$0.00B,7.89%,$0.04B,$0.00B,7.89%,$0.00B,$0.08B,5.97%,$0.00B,$0.08B,5.97%,$0.00B,$0.09B,4.74%,$0.00B,$0.08B,5.97%,$11,$3,$8,$2,$4,$8,$2,$0,$2,$0,$2,$2,$2,$2,$2,$12,12,$0.19,$0.18,$23,$1,$40,$87,$2,$0,$0,$3,$5,$92,$12,$0,$4,$4,$16,$1,$-53,$-3,$76,$92,$3,$1,$2,$3,$-16,$-1,$-1,$0,$-16,$-11,$-1,$0,$0,$-40,$0,$-40,$0,$-41,$0,$0,$0,$31,$31,$0,$0,$31,$-20,$2,$0
4,2017-09-30,21.05,$0.00,0.0,$3.00,7.02,$0.13,164.58,$-0.01,0.0,$0.05B,$0.01B,6.46,$0.00B,$0.04B,0.0,$0.04B,$0.02B,65.71%,$0.04B,0,0.00%,$0.04B,0,0.00%,$0.04B,0,0.00%,$0.04B,0,0.00%,$0.04B,0,0.00%,$0.00B,$0.04B,0.00%,$0.00B,$0.04B,0.00%,$0.00B,$0.06B,0.00%,$0.00B,$0.04B,0.00%,$10,$3,$6,$2,$3,$9,$1,$0,$1,$0,$1,$1,$1,$1,$1,$12,12,$0.10,$0.10,$34,$0,$0,$49,$2,$0,$0,$3,$5,$55,$8,$0,$4,$4,$11,$1,$-55,$-2,$43,$55,$0,$0,$0,$0,$0,$0,$0,$0,$0,$0,$0,$0,$0,$0,$0,$0,$0,$0,$0,$0,$0,$0,$0,$0,$0,$0,$0,$0,$0
5,2017-06-30,19.35,$0.00,0.0,$2.86,6.77,$0.13,151.29,$-0.11,0.0,$0.05B,$0.01B,5.62,$0.00B,$0.04B,0.0,$0.03B,$0.02B,66.67%,$0.03B,$-0.00B,-3.03%,$0.03B,$-0.00B,-3.03%,$0.03B,$-0.00B,-3.03%,$0.03B,$-0.00B,-3.03%,$0.03B,$-0.00B,-3.03%,$-0.00B,$0.04B,-2.48%,$-0.00B,$0.04B,-2.48%,$-0.00B,$0.05B,-1.84%,$-0.00B,$0.04B,-2.48%,$9,$3,$6,$2,$4,$9,$-0,$0,$-0,$0,$-0,$-0,$-0,$-0,$-0,$12,12,$-0.02,$-0.02,$36,$0,$0,$49,$2,$0,$0,$3,$5,$54,$9,$0,$4,$4,$12,$1,$-57,$-3,$41,$54,$-1,$0,$1,$1,$-6,$0,$-1,$-2,$-8,$-7,$-0,$0,$0,$0,$0,$0,$0,$-0,$0,$0,$0,$1,$1,$0,$0,$1,$-7,$1,$0
6,2017-03-31,21.5,$0.00,0.0,$2.81,7.66,$0.75,28.54,$0.08,268.75,$0.05B,$0.01B,6.44,$0.00B,$0.04B,0.0,$0.03B,$0.02B,67.74%,$0.03B,0,0.00%,$0.03B,0,0.00%,$0.03B,0,0.00%,$0.03B,$0.00B,3.23%,$0.03B,$0.00B,3.23%,$0.00B,$0.04B,2.55%,$0.00B,$0.04B,2.55%,$0.00B,$0.05B,1.82%,$0.00B,$0.04B,0.00%,$8,$2,$6,$2,$4,$8,$-0,$0,$-0,$0,$-0,$-0,$-0,$-0,$-0,$12,12,$-0.03,$-0.03,$41,$1,$0,$47,$2,$0,$0,$3,$5,$52,$7,$0,$4,$4,$11,$1,$-56,$-2,$41,$52,$0,$0,$0,$0,$0,$0,$0,$0,$0,$0,$0,$0,$0,$0,$0,$0,$0,$0,$0,$0,$0,$0,$0,$0,$0,$0,$0,$0,$0
7,2016-12-31,17.8,$3.46,5.14,$2.82,6.31,$0.75,23.63,$0.21,84.76,$0.05B,$0.01B,4.52,$0.00B,$0.04B,0.0,$0.03B,$0.02B,66.67%,$0.03B,$0.00B,3.33%,$0.03B,$0.00B,3.33%,$0.03B,$0.00B,3.33%,$0.03B,$0.00B,6.67%,$0.03B,$0.00B,6.67%,$0.00B,$0.04B,6.25%,$0.00B,$0.04B,6.25%,$0.00B,$0.06B,3.92%,$0.00B,$0.04B,3.13%,$8,$3,$5,$2,$4,$9,$-1,$0,$-1,$0,$-1,$-1,$-1,$-1,$-1,$10,11,$-0.10,$-0.09,$43,$1,$0,$50,$2,$0,$0,$3,$5,$55,$11,$0,$3,$3,$14,$1,$-56,$-3,$40,$55,$2,$0,$2,$3,$0,$1,$1,$2,$5,$9,$-1,$0,$0,$0,$0,$0,$0,$-1,$0,$0,$0,$26,$26,$0,$0,$26,$34,$2,$0
8,2016-09-30,20.42,$0.00,0.0,$2.39,8.55,$0.21,98.84,$0.02,1021.0,$0.05B,$0.01B,3.96,$0.00B,$0.04B,0.0,$0.03B,$0.02B,68.00%,$0.03B,0,0.00%,$0.03B,0,0.00%,$0.03B,0,0.00%,$0.03B,$0.00B,4.00%,$0.03B,$0.00B,4.00%,$0.00B,$0.04B,4.08%,$0.00B,$0.04B,4.08%,$0.00B,$0.06B,2.37%,$0.00B,$0.04B,0.00%,$8,$2,$5,$2,$4,$8,$-0,$0,$0,$0,$0,$0,$0,$-0,$-0,$11,12,$0.00,$0.00,$43,$1,$0,$51,$1,$0,$0,$3,$5,$56,$13,$0,$4,$4,$17,$1,$-55,$-3,$39,$56,$0,$0,$0,$0,$0,$0,$0,$0,$0,$0,$0,$0,$0,$0,$0,$0,$0,$0,$0,$0,$0,$0,$0,$0,$0,$0,$0,$0,$0
9,2016-06-30,11.65,$0.00,0.0,$2.25,5.18,$0.21,56.39,$0.08,145.63,$0.05B,$0.02B,3.38,$0.00B,$0.04B,0.0,$0.02B,$0.02B,72.73%,$0.02B,$0.00B,4.55%,$0.02B,$0.00B,4.55%,$0.02B,$0.00B,4.55%,$0.02B,$0.00B,9.09%,$0.02B,$0.00B,9.09%,$0.00B,$0.04B,11.43%,$0.00B,$0.04B,11.27%,$0.00B,$0.06B,5.97%,$0.00B,$0.04B,5.71%,$7,$2,$5,$1,$3,$6,$1,$0,$2,$0,$2,$2,$2,$1,$1,$10,10,$0.18,$0.17,$47,$2,$0,$52,$1,$0,$0,$3,$5,$57,$16,$0,$4,$4,$20,$1,$-55,$-3,$37,$57,$0,$0,$0,$0,$0,$0,$0,$0,$0,$0,$0,$0,$0,$0,$0,$0,$0,$0,$0,$0,$0,$0,$0,$0,$0,$0,$0,$0,$0
10,2016-03-31,13.69,$0.00,0.0,$2.07,6.61,$0.53,26.0,$-0.07,0.0,$0.03B,$0.02B,1.61,$0.00B,$0.01B,0.0,$0.02B,$0.02B,75.00%,$0.02B,0,0.00%,$0.02B,0,0.00%,$0.02B,0,0.00%,$0.02B,0,0.00%,$0.02B,0,0.00%,$0.00B,$0.01B,0.00%,$0.00B,$0.01B,0.00%,$0.00B,$0.04B,0.00%,$0.00B,$0.01B,0.00%,$7,$2,$5,$2,$2,$6,$1,$0,$1,$0,$1,$1,$1,$1,$1,$9,9,$0.10,$0.10,$26,$1,$0,$32,$1,$0,$0,$3,$5,$36,$20,$0,$4,$4,$24,$0,$-57,$-3,$12,$36,$0,$0,$0,$0,$0,$0,$0,$0,$0,$0,$0,$0,$0,$0,$0,$0,$0,$0,$0,$0,$0,$0,$0,$0,$0,$0,$0,$0,$0
11,2015-12-31,14.93,$1.14,13.08,$2.07,7.21,$0.53,28.35,$-0.12,0.0,$0.02B,$0.01B,2.5,$0.00B,$0.01B,0.0,$0.02B,$0.02B,78.95%,$0.02B,0,0.00%,$0.02B,0,0.00%,$0.02B,0,0.00%,$0.02B,$-0.00B,-5.26%,$0.02B,$-0.00B,-5.26%,$-0.00B,$0.01B,-9.52%,$-0.00B,$0.01B,-9.30%,$-0.00B,$0.02B,-5.00%,$0.00B,$0.01B,0.00%,$3,$1,$2,$1,$3,$5,$-2,$0,$-2,$0,$-2,$-2,$-2,$-2,$-2,$9,9,$-0.25,$-0.25,$9,$2,$0,$16,$0,$0,$0,$3,$4,$20,$6,$0,$4,$4,$10,$0,$-58,$-3,$10,$20,$-1,$0,$1,$0,$-0,$0,$-0,$1,$1,$2,$-0,$0,$0,$0,$0,$0,$0,$-0,$0,$0,$0,$1,$1,$0,$0,$1,$2,$1,$0
12,2015-09-30,11.1,$0.00,0.0,$2.56,4.33,$0.69,16.01,$0.09,123.33,$0.02B,$0.01B,3.03,$0.00B,$0.01B,0.0,$0.02B,$0.02B,73.91%,$0.02B,$0.00B,8.70%,$0.02B,$0.00B,8.70%,$0.02B,$0.00B,8.70%,$0.02B,$0.00B,4.35%,$0.02B,$0.00B,4.35%,$0.00B,$0.01B,9.52%,$0.00B,$0.01B,9.30%,$0.00B,$0.02B,5.00%,$0.00B,$0.01B,19.05%,$5,$1,$4,$1,$3,$4,$1,$-0,$1,$0,$1,$1,$1,$1,$1,$9,9,$0.07,$0.06,$8,$2,$0,$17,$0,$0,$0,$4,$4,$21,$6,$0,$4,$4,$10,$0,$-56,$0,$11,$21,$0,$0,$0,$0,$0,$0,$0,$0,$0,$0,$0,$0,$0,$0,$0,$0,$0,$0,$0,$0,$0,$0,$0,$0,$0,$0,$0,$0,$0
13,2015-06-30,10.53,$0.00,0.0,$2.75,3.83,$0.69,15.18,$0.12,87.75,$0.02B,$0.01B,3.35,$0.00B,$0.01B,0.0,$0.02B,$0.02B,70.83%,$0.02B,$0.00B,8.33%,$0.02B,$0.00B,8.33%,$0.02B,$0.00B,8.33%,$0.02B,$0.00B,4.17%,$0.02B,$0.00B,4.17%,$0.00B,$0.01B,10.00%,$0.00B,$0.01B,10.00%,$0.00B,$0.02B,5.06%,$0.00B,$0.01B,20.00%,$5,$1,$4,$1,$2,$5,$0,$0,$0,$0,$0,$0,$0,$0,$0,$9,9,$0.02,$0.02,$10,$1,$0,$16,$0,$0,$0,$4,$4,$20,$5,$0,$4,$4,$9,$0,$-56,$0,$11,$20,$1,$0,$0,$0,$0,$0,$0,$0,$0,$3,$-0,$0,$0,$0,$0,$0,$0,$-0,$0,$0,$0,$0,$0,$0,$0,$0,$3,$0,$0
14,2015-03-31,10.17,$0.00,0.0,$2.80,3.63,$0.55,18.57,$0.12,84.75,$0.02B,$0.01B,3.02,$0.00B,$0.01B,0.0,$0.02B,$0.02B,70.83%,$0.02B,$0.00B,8.33%,$0.02B,$0.00B,8.33%,$0.02B,$0.00B,8.33%,$0.02B,$0.00B,4.17%,$0.02B,$0.00B,4.17%,$0.00B,$0.01B,10.53%,$0.00B,$0.01B,10.53%,$0.00B,$0.02B,5.13%,$0.00B,$0.01B,21.05%,$6,$1,$5,$2,$3,$5,$1,$-0,$0,$0,$0,$0,$0,$1,$1,$8,9,$0.05,$0.05,$4,$2,$0,$16,$0,$0,$0,$3,$3,$19,$5,$0,$3,$4,$9,$0,$-55,$0,$10,$19,$0,$0,$0,$0,$0,$0,$0,$0,$0,$0,$0,$0,$0,$0,$0,$0,$0,$0,$0,$0,$0,$0,$0,$0,$0,$0,$0,$0,$0
15,2014-12-31,12.13,$1.22,9.94,$2.74,4.42,$0.55,22.15,$0.08,151.63,$0.02B,$0.01B,2.57,$0.00B,$0.01B,0.0,$0.02B,$0.02B,69.57%,$0.02B,$0.00B,4.35%,$0.02B,$0.00B,4.35%,$0.02B,$0.00B,4.35%,$0.02B,$0.00B,4.35%,$0.02B,$0.00B,4.35%,$0.00B,$0.01B,11.11%,$0.00B,$0.01B,11.11%,$0.00B,$0.02B,5.13%,$0.00B,$0.01B,11.11%,$7,$4,$4,$1,$3,$7,$0,$-0,$-0,$0,$-0,$-0,$-0,$0,$0,$8,9,$-0.04,$-0.04,$7,$3,$1,$16,$1,$0,$0,$4,$5,$20,$6,$0,$3,$4,$10,$0,$-57,$-1,$10,$20,$1,$0,$1,$0,$1,$1,$-1,$-0,$-1,$3,$-0,$0,$0,$1,$0,$0,$1,$1,$0,$-1,$0,$2,$2,$0,$0,$1,$6,$1,$0
16,2014-09-30,5.9,$0.00,0.0,$2.62,2.25,$-0.09,0.0,$0.13,45.38,$0.02B,$0.01B,2.71,$0.00B,$0.01B,0.0,$0.02B,$0.02B,68.18%,$0.02B,$0.00B,4.55%,$0.02B,$0.00B,4.55%,$0.02B,$0.00B,4.55%,$0.02B,$0.00B,4.55%,$0.02B,$0.00B,4.55%,$0.00B,$0.01B,12.12%,$0.00B,$0.01B,11.76%,$0.00B,$0.02B,5.13%,$0.00B,$0.01B,12.12%,$6,$2,$4,$1,$2,$5,$1,$-0,$1,$0,$1,$1,$1,$1,$1,$8,9,$0.10,$0.09,$5,$3,$3,$16,$0,$0,$0,$3,$3,$20,$6,$0,$4,$4,$10,$0,$-57,$0,$9,$20,$0,$0,$0,$0,$0,$0,$0,$0,$0,$0,$0,$0,$0,$0,$0,$0,$0,$0,$0,$0,$0,$0,$0,$0,$0,$0,$0,$0,$0
17,2014-06-30,5.25,$0.00,0.0,$2.52,2.08,$-0.09,0.0,$-0.11,0.0,$0.02B,$0.01B,2.59,$0.00B,$0.01B,0.0,$0.02B,$0.01B,61.90%,$0.02B,$-0.00B,-4.76%,$0.02B,$-0.00B,-4.76%,$0.02B,$-0.00B,-4.76%,$0.02B,$-0.00B,-4.76%,$0.02B,$-0.00B,-4.76%,$-0.00B,$0.01B,-12.90%,$-0.00B,$0.01B,-12.50%,$-0.00B,$0.02B,-5.19%,$-0.00B,$0.01B,-12.90%,$5,$1,$4,$1,$2,$5,$0,$0,$0,$0,$0,$0,$0,$0,$0,$8,8,$0.03,$0.02,$4,$4,$3,$15,$0,$0,$0,$3,$3,$19,$6,$0,$4,$4,$10,$0,$-58,$0,$9,$19,$0,$0,$0,$0,$0,$0,$0,$0,$0,$2,$-0,$0,$0,$0,$0,$0,$1,$1,$0,$-1,$0,$0,$0,$0,$0,$-0,$3,$0,$0
18,2014-03-31,6.69,$0.00,0.0,$2.68,2.5,$-0.27,0.0,$-0.10,0.0,$0.02B,$0.01B,2.16,$0.00B,$0.01B,0.0,$0.02B,$0.01B,61.90%,$0.02B,$-0.00B,-4.76%,$0.02B,$-0.00B,-4.76%,$0.02B,$-0.00B,-4.76%,$0.02B,$-0.00B,-4.76%,$0.02B,$-0.00B,-4.76%,$-0.00B,$0.01B,-13.33%,$-0.00B,$0.01B,-12.90%,$-0.00B,$0.02B,-5.13%,$-0.00B,$0.01B,-13.33%,$5,$2,$4,$1,$3,$6,$-0,$0,$0,$0,$0,$0,$0,$-0,$-0,$8,9,$0.01,$0.01,$2,$4,$3,$15,$0,$0,$0,$4,$4,$19,$7,$0,$4,$4,$11,$0,$-58,$0,$8,$19,$0,$0,$0,$0,$0,$0,$0,$0,$0,$0,$0,$0,$0,$0,$0,$0,$0,$0,$0,$0,$0,$0,$0,$0,$0,$0,$0,$0,$0
19,2013-12-31,5.3,$0.00,0.0,$2.74,1.94,$-0.27,0.0,$-0.20,0.0,$0.02B,$0.01B,1.96,$0.00B,$0.01B,0.0,$0.02B,$0.01B,57.14%,$0.02B,$-0.00B,-4.76%,$0.02B,$-0.00B,-4.76%,$0.02B,$-0.00B,-4.76%,$0.02B,$-0.00B,-9.52%,$0.02B,$-0.00B,-9.52%,$-0.00B,$0.01B,-29.63%,$-0.00B,$0.01B,-28.57%,$-0.00B,$0.02B,-10.26%,$-0.00B,$0.01B,-14.81%,$6,$2,$3,$1,$2,$6,$0,$-0,$0,$0,$0,$0,$0,$0,$0,$8,8,$0.01,$0.01,$3,$4,$3,$16,$0,$0,$0,$4,$4,$20,$8,$0,$4,$4,$12,$0,$-58,$0,$7,$20,$-1,$0,$0,$0,$-2,$2,$0,$-1,$-1,$-2,$-0,$0,$0,$-0,$0,$0,$-0,$-0,$0,$-2,$0,$4,$4,$0,$0,$2,$-0,$0,$0
20,2013-09-30,5.27,$0.00,0.0,$2.85,1.85,$-0.39,0.0,$-0.26,0.0,$0.02B,$0.01B,2.01,$0.00B,$0.01B,0.0,$0.02B,$0.01B,65.00%,$0.02B,$-0.00B,-5.00%,$0.02B,$-0.00B,-5.00%,$0.02B,$-0.00B,-5.00%,$0.02B,$-0.00B,-20.00%,$0.02B,$-0.00B,-10.00%,$-0.00B,$0.01B,-32.00%,$-0.00B,$0.01B,-32.00%,$-0.00B,$0.02B,-10.39%,$-0.00B,$0.01B,-16.00%,$5,$2,$2,$1,$2,$6,$-1,$-0,$-1,$0,$-1,$-1,$-1,$-1,$-1,$8,8,$-0.15,$-0.15,$3,$5,$0,$15,$0,$0,$0,$3,$3,$19,$8,$0,$4,$4,$11,$0,$-58,$0,$7,$19,$0,$0,$0,$0,$0,$0,$0,$0,$0,$0,$0,$0,$0,$0,$0,$0,$0,$0,$0,$0,$0,$0,$0,$0,$0,$0,$0,$0,$0
21,2013-06-30,3.25,$0.00,0.0,$2.71,1.2,$-0.39,0.0,$-0.39,0.0,$0.02B,$0.01B,2.0,$0.00B,$0.01B,0.0,$0.02B,$0.01B,72.22%,$0.02B,$-0.00B,-11.11%,$0.02B,$-0.00B,-11.11%,$0.02B,$-0.00B,-11.11%,$0.02B,$-0.01B,-27.78%,$0.02B,$-0.00B,-16.67%,$-0.00B,$0.01B,-50.00%,$-0.00B,$0.01B,-50.00%,$-0.00B,$0.02B,-15.38%,$-0.00B,$0.01B,-33.33%,$5,$2,$4,$1,$2,$5,$0,$-0,$0,$0,$0,$0,$0,$0,$0,$7,7,$0.03,$0.03,$3,$6,$0,$17,$0,$0,$0,$3,$3,$20,$8,$0,$4,$4,$12,$0,$-57,$0,$8,$20,$0,$0,$0,$0,$0,$0,$0,$0,$0,$0,$0,$0,$0,$0,$0,$0,$0,$0,$0,$0,$0,$0,$0,$0,$0,$0,$0,$0,$0
22,2013-03-31,3.13,$0.00,0.0,$2.51,1.25,$-0.39,0.0,$-0.70,0.0,$0.02B,$0.01B,1.44,$0.00B,$0.01B,0.0,$0.02B,$0.01B,68.75%,$0.02B,$-0.00B,-25.00%,$0.02B,$-0.00B,-25.00%,$0.02B,$-0.00B,-25.00%,$0.02B,$-0.01B,-43.75%,$0.02B,$-0.01B,-31.25%,$-0.01B,$0.01B,-83.33%,$-0.01B,$0.01B,-83.33%,$-0.01B,$0.02B,-25.97%,$-0.00B,$0.01B,-66.67%,$5,$2,$3,$1,$2,$5,$-0,$-0,$-1,$0,$-1,$-1,$-1,$-0,$-0,$6,6,$-0.09,$-0.09,$3,$6,$0,$15,$0,$0,$0,$3,$3,$19,$11,$0,$4,$4,$14,$0,$-57,$0,$5,$19,$0,$0,$0,$0,$0,$0,$0,$0,$0,$0,$0,$0,$0,$0,$0,$0,$0,$0,$0,$0,$0,$0,$0,$0,$0,$0,$0,$0,$0
23,2012-12-31,2.46,$0.00,0.0,$2.67,0.92,$-0.39,0.0,$-0.74,0.0,$0.02B,$0.01B,1.5,$0.00B,$0.01B,0.0,$0.02B,$0.01B,70.59%,$0.02B,$-0.01B,-29.41%,$0.02B,$-0.01B,-29.41%,$0.02B,$-0.01B,-29.41%,$0.02B,$-0.01B,-41.18%,$0.02B,$-0.01B,-29.41%,$-0.01B,$0.01B,-68.97%,$-0.01B,$0.01B,-68.97%,$-0.01B,$0.02B,-25.00%,$-0.01B,$0.01B,-68.97%,$5,$2,$4,$1,$2,$5,$-0,$-0,$-2,$0,$-2,$-0,$-0,$-0,$-0,$6,6,$-0.05,$-0.05,$3,$7,$3,$16,$0,$0,$0,$3,$3,$19,$10,$0,$4,$4,$14,$0,$-56,$0,$5,$19,$-6,$0,$0,$0,$0,$0,$0,$0,$3,$-2,$-0,$0,$0,$0,$0,$0,$-1,$-2,$0,$3,$0,$0,$0,$0,$0,$3,$-1,$0,$0
24,2012-09-30,3.24,$0.00,0.0,$2.92,1.11,$-0.51,0.0,$-0.68,0.0,$0.02B,$0.01B,1.61,$0.00B,$0.01B,0.0,$0.02B,$0.01B,68.42%,$0.02B,$-0.01B,-26.32%,$0.02B,$-0.01B,-26.32%,$0.02B,$-0.01B,-26.32%,$0.02B,$-0.01B,-26.32%,$0.02B,$-0.01B,-26.32%,$-0.01B,$0.01B,-58.82%,$-0.01B,$0.01B,-58.82%,$-0.01B,$0.02B,-24.39%,$-0.01B,$0.01B,-58.82%,$3,$1,$2,$1,$2,$5,$-2,$-0,$-2,$0,$-2,$-2,$-2,$-2,$-2,$6,6,$-0.28,$-0.28,$2,$7,$4,$17,$0,$0,$0,$3,$3,$20,$11,$0,$3,$3,$14,$0,$-55,$0,$6,$20,$0,$0,$0,$0,$0,$0,$0,$0,$0,$0,$0,$0,$0,$0,$0,$0,$0,$0,$0,$0,$0,$0,$0,$0,$0,$0,$0,$0,$0
25,2012-06-30,4.28,$0.00,0.0,$2.99,1.43,$-0.51,0.0,$-0.74,0.0,$0.02B,$0.01B,2.01,$0.00B,$0.01B,0.0,$0.02B,$0.01B,68.42%,$0.02B,$-0.01B,-26.32%,$0.02B,$-0.01B,-26.32%,$0.02B,$-0.01B,-26.32%,$0.02B,$-0.01B,-26.32%,$0.02B,$-0.01B,-26.32%,$-0.01B,$0.01B,-52.63%,$-0.01B,$0.01B,-52.63%,$-0.01B,$0.02B,-23.81%,$-0.01B,$0.01B,-52.63%,$3,$1,$2,$1,$3,$5,$-2,$-0,$-2,$0,$-2,$-2,$-2,$-2,$-2,$6,6,$-0.28,$-0.28,$2,$6,$3,$16,$0,$0,$0,$3,$3,$19,$8,$0,$3,$3,$11,$0,$-53,$0,$8,$19,$0,$0,$0,$0,$0,$0,$0,$0,$0,$0,$0,$0,$0,$0,$0,$0,$0,$0,$0,$0,$0,$0,$0,$0,$0,$0,$0,$0,$0
26,2012-03-31,5.2,$0.00,0.0,$3.33,1.56,$-0.51,0.0,$-0.45,0.0,$0.02B,$0.01B,2.22,$0.00B,$0.01B,0.0,$0.02B,$0.02B,68.18%,$0.02B,$-0.00B,-13.64%,$0.02B,$-0.00B,-13.64%,$0.02B,$-0.00B,-13.64%,$0.02B,$-0.00B,-13.64%,$0.02B,$-0.00B,-13.64%,$-0.00B,$0.01B,-28.57%,$-0.00B,$0.01B,-28.57%,$-0.00B,$0.02B,-13.64%,$-0.00B,$0.01B,-28.57%,$6,$2,$4,$1,$3,$6,$-1,$-0,$-1,$0,$-1,$-1,$-1,$-1,$-1,$6,6,$-0.13,$-0.13,$3,$6,$3,$19,$0,$0,$0,$3,$3,$22,$8,$0,$3,$4,$12,$0,$-51,$0,$10,$22,$0,$0,$0,$0,$0,$0,$0,$0,$0,$0,$0,$0,$0,$0,$0,$0,$0,$0,$0,$0,$0,$0,$0,$0,$0,$0,$0,$0,$0
27,2011-12-31,4.05,$0.00,0.0,$3.27,1.24,$-0.51,0.0,$-0.30,0.0,$0.02B,$0.01B,2.39,$0.00B,$0.01B,0.0,$0.02B,$0.02B,68.18%,$0.02B,$-0.00B,-9.09%,$0.02B,$-0.00B,-9.09%,$0.02B,$-0.00B,-9.09%,$0.02B,$-0.00B,-9.09%,$0.02B,$-0.00B,-9.09%,$-0.00B,$0.01B,-18.18%,$-0.00B,$0.01B,-18.18%,$-0.00B,$0.02B,-8.99%,$-0.00B,$0.01B,-18.18%,$7,$2,$5,$1,$3,$7,$0,$-0,$0,$0,$0,$0,$0,$0,$0,$6,7,$0.01,$0.01,$3,$7,$3,$18,$0,$0,$0,$3,$3,$21,$8,$0,$3,$3,$11,$0,$-50,$0,$10,$21,$-2,$0,$0,$0,$0,$0,$0,$0,$-2,$-3,$-0,$0,$0,$0,$0,$0,$0,$-0,$0,$0,$0,$0,$1,$0,$0,$1,$-3,$0,$0
28,2011-09-30,3.72,$0.00,0.0,$3.04,1.22,$-0.39,0.0,$-0.30,0.0,$0.02B,$0.01B,2.3,$0.00B,$0.01B,0.0,$0.02B,$0.01B,65.00%,$0.02B,$-0.00B,-10.00%,$0.02B,$-0.00B,-10.00%,$0.02B,$-0.00B,-10.00%,$0.02B,$-0.00B,-10.00%,$0.02B,$-0.00B,-10.00%,$-0.00B,$0.01B,-17.78%,$-0.00B,$0.01B,-17.78%,$-0.00B,$0.02B,-8.89%,$-0.00B,$0.01B,-17.78%,$3,$1,$2,$1,$3,$5,$-2,$-0,$-2,$0,$-2,$-2,$-2,$-2,$-2,$6,6,$-0.34,$-0.34,$3,$7,$3,$19,$0,$0,$0,$3,$3,$22,$8,$0,$3,$3,$11,$0,$-50,$0,$10,$22,$0,$0,$0,$0,$0,$0,$0,$0,$0,$0,$0,$0,$0,$0,$0,$0,$0,$0,$0,$0,$0,$0,$0,$0,$0,$0,$0,$0,$0
29,2011-06-30,5.14,$0.00,0.0,$3.32,1.55,$-0.39,0.0,$0.10,51.4,$0.02B,$0.01B,2.78,$0.00B,$0.01B,0.0,$0.02B,$0.01B,63.64%,$0.02B,0,0.00%,$0.02B,0,0.00%,$0.02B,0,0.00%,$0.02B,0,0.00%,$0.02B,0,0.00%,$0.00B,$0.01B,0.00%,$0.00B,$0.01B,0.00%,$0.00B,$0.02B,0.00%,$0.00B,$0.01B,0.00%,$6,$2,$4,$1,$3,$6,$0,$0,$0,$0,$0,$0,$0,$0,$0,$6,7,$0.01,$0.01,$4,$5,$3,$20,$0,$0,$0,$3,$3,$23,$7,$0,$3,$3,$11,$0,$-48,$0,$12,$23,$0,$0,$0,$0,$0,$0,$0,$0,$0,$0,$0,$0,$0,$0,$0,$0,$0,$0,$0,$0,$0,$0,$0,$0,$0,$0,$0,$0,$0
30,2011-03-31,9.92,$0.00,0.0,$3.27,3.04,$-0.39,0.0,$0.10,99.2,$0.02B,$0.01B,2.6,$0.00B,$0.01B,0.0,$0.02B,$0.01B,61.90%,$0.02B,$0.00B,4.76%,$0.02B,$0.00B,4.76%,$0.02B,$0.00B,4.76%,$0.02B,0,0.00%,$0.02B,0,0.00%,$0.00B,$0.01B,0.00%,$0.00B,$0.01B,0.00%,$0.00B,$0.02B,0.00%,$0.00B,$0.01B,12.50%,$6,$2,$4,$1,$3,$6,$0,$0,$0,$0,$0,$0,$0,$0,$0,$6,7,$0.02,$0.02,$9,$4,$0,$20,$0,$0,$0,$3,$3,$23,$8,$0,$3,$4,$11,$0,$-48,$0,$12,$23,$0,$0,$0,$0,$0,$0,$0,$0,$0,$0,$0,$0,$0,$0,$0,$0,$0,$0,$0,$0,$0,$0,$0,$0,$0,$0,$0,$0,$0
31,2010-12-31,11.15,$0.00,0.0,$3.29,3.39,$-0.39,0.0,$0.09,123.91,$0.02B,$0.01B,2.46,$0.00B,$0.01B,0.0,$0.02B,$0.01B,63.16%,$0.02B,$0.00B,5.26%,$0.02B,$0.00B,5.26%,$0.02B,$0.00B,5.26%,$0.02B,0,0.00%,$0.02B,0,0.00%,$0.00B,$0.01B,0.00%,$0.00B,$0.01B,0.00%,$0.00B,$0.02B,0.00%,$0.00B,$0.01B,17.39%,$5,$2,$3,$1,$3,$5,$0,$0,$0,$0,$0,$0,$0,$0,$0,$6,7,$0.01,$0.01,$6,$4,$2,$19,$0,$0,$0,$3,$3,$22,$8,$0,$3,$3,$11,$0,$-49,$0,$11,$22,$1,$0,$0,$0,$0,$0,$0,$0,$-4,$-2,$-0,$0,$0,$0,$0,$0,$0,$-0,$0,$0,$0,$0,$6,$0,$-1,$5,$2,$0,$0
32,2010-09-30,9.17,$0.00,0.0,$3.27,2.8,$0.16,58.14,$0.10,91.69,$0.01B,$0.01B,1.98,$0.00B,$0.01B,0.0,$0.02B,$0.01B,66.67%,$0.02B,$0.00B,5.56%,$0.02B,$0.00B,5.56%,$0.02B,$0.00B,5.56%,$0.02B,0,0.00%,$0.02B,0,0.00%,$0.00B,$0.01B,0.00%,$0.00B,$0.01B,0.00%,$0.00B,$0.01B,0.00%,$0.00B,$0.01B,26.67%,$5,$2,$3,$1,$2,$4,$0,$0,$0,$0,$0,$0,$0,$0,$0,$5,6,$0.07,$0.06,$3,$3,$0,$10,$0,$3,$0,$0,$3,$13,$5,$0,$3,$3,$9,$0,$-49,$0,$5,$13,$0,$0,$0,$0,$0,$0,$0,$0,$0,$0,$0,$0,$0,$0,$0,$0,$0,$0,$0,$0,$0,$0,$0,$0,$0,$0,$0,$0,$0
33,2010-06-30,5.0,$0.00,0.0,$3.06,1.63,$0.16,31.71,$-0.04,0.0,$0.01B,$0.01B,1.54,$0.00B,$0.00B,0.27,$0.02B,$0.01B,68.75%,$0.02B,$0.00B,6.25%,$0.02B,$0.00B,6.25%,$0.02B,$0.00B,6.25%,$0.02B,0,0.00%,$0.02B,0,0.00%,$0.00B,$0.00B,0.00%,$0.00B,$0.00B,0.00%,$0.00B,$0.01B,0.00%,$0.00B,$0.00B,30.77%,$5,$2,$3,$1,$2,$4,$1,$-0,$0,$0,$0,$0,$0,$1,$1,$5,6,$0.02,$0.01,$2,$3,$1,$11,$0,$0,$0,$2,$2,$14,$7,$1,$3,$4,$11,$0,$-49,$0,$3,$14,$0,$0,$0,$0,$0,$0,$0,$0,$-0,$-0,$-0,$0,$0,$0,$0,$0,$0,$-0,$0,$0,$-1,$0,$0,$0,$0,$-1,$-1,$0,$0
34,2010-03-31,2.89,$0.00,0.0,$2.76,1.05,$0.16,17.53,$-0.22,0.0,$0.01B,$0.01B,1.48,$0.00B,$0.00B,0.02,$0.01B,$0.01B,71.43%,$0.01B,$-0.00B,-7.14%,$0.01B,$-0.00B,-7.14%,$0.01B,$-0.00B,-7.14%,$0.01B,$-0.00B,-7.14%,$0.01B,$-0.00B,-7.14%,$-0.00B,$0.00B,-36.36%,$-0.00B,$0.00B,-36.36%,$-0.00B,$0.01B,-7.55%,$-0.00B,$0.00B,-33.33%,$4,$2,$3,$1,$2,$4,$0,$-0,$0,$0,$0,$0,$0,$0,$0,$5,5,$0.01,$0.01,$2,$3,$1,$10,$0,$0,$0,$2,$2,$13,$7,$0,$3,$4,$11,$0,$-49,$0,$3,$13,$0,$0,$0,$0,$0,$0,$0,$0,$0,$0,$0,$0,$0,$0,$0,$0,$0,$0,$0,$0,$0,$0,$0,$0,$0,$0,$0,$0,$0
35,2009-12-31,1.69,$0.00,0.0,$2.32,0.73,$0.16,10.25,$-0.53,0.0,$0.01B,$0.01B,1.4,$0.00B,$0.00B,0.07,$0.01B,$0.01B,66.67%,$0.01B,$-0.00B,-16.67%,$0.01B,$-0.00B,-16.67%,$0.01B,$-0.00B,-16.67%,$0.01B,$-0.00B,-25.00%,$0.01B,$-0.00B,-25.00%,$-0.00B,$0.00B,-100.00%,$-0.00B,$0.00B,-100.00%,$-0.00B,$0.01B,-21.43%,$-0.00B,$0.00B,-57.14%,$4,$1,$3,$1,$2,$4,$0,$-0,$0,$0,$0,$0,$0,$0,$0,$5,5,$0.02,$0.02,$3,$3,$1,$10,$0,$0,$0,$2,$2,$13,$7,$0,$3,$3,$11,$0,$-49,$0,$3,$13,$-3,$1,$0,$1,$0,$0,$0,$0,$3,$1,$-0,$0,$0,$0,$0,$0,$0,$-0,$0,$0,$0,$0,$-1,$0,$0,$-1,$-0,$0,$0
36,2009-09-30,1.17,$0.00,0.0,$2.03,0.58,$-1.00,0.0,$-0.94,0.0,$0.01B,$0.01B,1.37,$0.00B,$0.00B,0.19,$0.01B,$0.01B,54.55%,$0.01B,$-0.00B,-36.36%,$0.01B,$-0.00B,-36.36%,$0.01B,$-0.00B,-36.36%,$0.01B,$-0.00B,-36.36%,$0.01B,$-0.01B,-45.45%,$-0.01B,$0.00B,-142.86%,$-0.01B,$0.00B,-142.86%,$-0.01B,$0.01B,-32.79%,$-0.00B,$0.00B,-94.12%,$3,$1,$2,$1,$2,$3,$-0,$-0,$-0,$0,$-0,$-0,$-0,$-0,$-0,$5,5,$-0.08,$-0.08,$3,$3,$1,$10,$0,$0,$0,$2,$2,$13,$8,$0,$3,$3,$11,$0,$-49,$0,$2,$13,$0,$0,$0,$0,$0,$0,$0,$0,$0,$0,$0,$0,$0,$0,$0,$0,$0,$0,$0,$0,$0,$0,$0,$0,$0,$0,$0,$0,$0
37,2009-06-30,0.44,$0.00,0.0,$2.29,0.19,$-1.00,0.0,$-1.08,0.0,$0.01B,$0.01B,1.43,$0.00B,$0.00B,0.0,$0.01B,$0.01B,58.33%,$0.01B,$-0.01B,-41.67%,$0.01B,$-0.01B,-41.67%,$0.01B,$-0.01B,-41.67%,$0.01B,$-0.01B,-50.00%,$0.01B,$-0.01B,-50.00%,$-0.01B,$0.00B,-126.32%,$-0.01B,$0.00B,-126.32%,$-0.01B,$0.01B,-35.29%,$-0.01B,$0.00B,-86.96%,$3,$1,$2,$1,$2,$4,$-1,$0,$-1,$0,$-1,$-1,$-1,$-1,$-1,$5,5,$-0.17,$-0.17,$4,$3,$1,$11,$0,$0,$0,$2,$2,$14,$8,$0,$3,$3,$11,$0,$-49,$0,$3,$14,$0,$0,$0,$0,$0,$0,$0,$0,$0,$0,$0,$0,$0,$0,$0,$0,$0,$0,$0,$0,$0,$0,$0,$0,$0,$0,$0,$0,$0
38,2009-03-31,0.54,$0.00,0.0,$2.52,0.21,$-1.00,0.0,$-1.28,0.0,$0.01B,$0.01B,1.51,$0.00B,$0.00B,0.28,$0.01B,$0.01B,53.85%,$0.01B,$-0.01B,-46.15%,$0.01B,$-0.01B,-46.15%,$0.01B,$-0.01B,-46.15%,$0.01B,$-0.01B,-53.85%,$0.01B,$-0.01B,-53.85%,$-0.01B,$0.00B,-116.67%,$-0.01B,$0.00B,-116.67%,$-0.01B,$0.02B,-37.33%,$-0.01B,$0.01B,-80.00%,$2,$1,$1,$1,$2,$3,$-1,$-0,$-2,$0,$-2,$-2,$-2,$-1,$-1,$5,5,$-0.30,$-0.30,$5,$3,$1,$13,$0,$0,$0,$2,$2,$16,$9,$1,$3,$4,$13,$0,$-48,$0,$4,$16,$0,$0,$0,$0,$0,$0,$0,$0,$0,$0,$0,$0,$0,$0,$0,$0,$0,$0,$0,$0,$0,$0,$0,$0,$0,$0,$0,$0,$0
39,2008-12-31,0.4,$0.00,0.0,$3.07,0.13,$-1.00,0.0,$-1.18,0.0,$0.01B,$0.01B,1.76,$0.00B,$0.01B,0.23,$0.02B,$0.01B,56.25%,$0.02B,$-0.01B,-37.50%,$0.02B,$-0.01B,-37.50%,$0.02B,$-0.01B,-37.50%,$0.02B,$-0.01B,-37.50%,$0.02B,$-0.01B,-37.50%,$-0.01B,$0.01B,-82.76%,$-0.01B,$0.01B,-82.76%,$-0.01B,$0.02B,-30.38%,$-0.01B,$0.01B,-70.59%,$3,$1,$1,$1,$2,$4,$-2,$-0,$-1,$0,$-1,$-2,$-2,$-2,$-2,$5,5,$-0.39,$-0.39,$4,$3,$1,$14,$0,$0,$0,$2,$2,$18,$8,$1,$3,$5,$13,$0,$-47,$0,$5,$18,$-6,$1,$0,$1,$0,$0,$0,$0,$-1,$-5,$-0,$0,$0,$0,$0,$0,$0,$-0,$0,$0,$2,$0,$2,$0,$0,$5,$-0,$0,$0
40,2008-09-30,1.18,$0.00,0.0,$3.75,0.31,$-1.57,0.0,$-0.79,0.0,$0.02B,$0.01B,2.24,$0.00B,$0.01B,0.28,$0.02B,$0.01B,66.67%,$0.02B,$-0.00B,-22.22%,$0.02B,$-0.00B,-22.22%,$0.02B,$-0.00B,-22.22%,$0.02B,$-0.01B,-27.78%,$0.02B,$-0.00B,-22.22%,$-0.00B,$0.01B,-50.00%,$-0.00B,$0.01B,-50.00%,$-0.00B,$0.02B,-20.00%,$-0.00B,$0.01B,-44.44%,$4,$1,$3,$1,$3,$5,$-1,$0,$-2,$0,$-2,$-1,$-1,$-1,$-1,$5,5,$-0.22,$-0.22,$4,$2,$1,$17,$0,$0,$0,$3,$3,$20,$7,$2,$4,$6,$14,$0,$-45,$0,$7,$20,$0,$0,$0,$0,$0,$0,$0,$0,$0,$0,$0,$0,$0,$0,$0,$0,$0,$0,$0,$0,$0,$0,$0,$0,$0,$0,$0,$0,$0
41,2008-06-30,2.1,$0.00,0.0,$3.62,0.58,$-1.57,0.0,$-1.13,0.0,$0.02B,$0.01B,2.44,$0.00B,$0.01B,0.28,$0.02B,$0.01B,64.71%,$0.02B,$-0.01B,-29.41%,$0.02B,$-0.01B,-29.41%,$0.02B,$-0.01B,-29.41%,$0.02B,$-0.01B,-29.41%,$0.02B,$-0.01B,-29.41%,$-0.01B,$0.01B,-62.50%,$-0.01B,$0.01B,-62.50%,$-0.01B,$0.02B,-25.00%,$-0.01B,$0.01B,-58.82%,$4,$2,$2,$1,$3,$5,$-2,$-0,$-2,$0,$-2,$-2,$-2,$-2,$-2,$5,5,$-0.37,$-0.37,$6,$2,$1,$17,$0,$0,$0,$3,$3,$21,$7,$2,$4,$6,$13,$0,$-44,$0,$8,$21,$0,$0,$0,$0,$0,$0,$0,$0,$0,$0,$0,$0,$0,$0,$0,$0,$0,$0,$0,$0,$0,$0,$0,$0,$0,$0,$0,$0,$0
42,2008-03-31,2.36,$0.00,0.0,$3.46,0.68,$-1.57,0.0,$-1.60,0.0,$0.02B,$0.01B,2.29,$0.00B,$0.01B,0.0,$0.02B,$0.01B,66.67%,$0.02B,$-0.01B,-46.67%,$0.02B,$-0.01B,-46.67%,$0.02B,$-0.01B,-46.67%,$0.02B,$-0.01B,-40.00%,$0.02B,$-0.01B,-40.00%,$-0.01B,$0.01B,-70.59%,$-0.01B,$0.01B,-70.59%,$-0.01B,$0.02B,-29.63%,$-0.01B,$0.01B,-82.35%,$5,$2,$3,$1,$3,$5,$-1,$0,$-1,$0,$-1,$-1,$-1,$-1,$-1,$5,5,$-0.20,$-0.20,$5,$3,$2,$16,$0,$0,$0,$3,$3,$20,$7,$0,$3,$4,$11,$0,$-42,$0,$9,$20,$0,$0,$0,$0,$0,$0,$0,$0,$0,$0,$0,$0,$0,$0,$0,$0,$0,$0,$0,$0,$0,$0,$0,$0,$0,$0,$0,$0,$0
43,2007-12-31,2.92,$0.00,0.0,$3.30,0.88,$-1.57,0.0,$-2.12,0.0,$0.02B,$0.01B,1.95,$0.00B,$0.01B,0.0,$0.01B,$0.01B,69.23%,$0.01B,$-0.01B,-69.23%,$0.01B,$-0.01B,-69.23%,$0.01B,$-0.01B,-69.23%,$0.01B,$-0.01B,-61.54%,$0.01B,$-0.01B,-61.54%,$-0.01B,$0.01B,-80.00%,$-0.01B,$0.01B,-80.00%,$-0.01B,$0.02B,-36.36%,$-0.01B,$0.01B,-90.00%,$5,$1,$4,$1,$3,$5,$-0,$0,$0,$-0,$0,$0,$0,$-0,$-0,$4,4,$0.00,$0.00,$4,$3,$1,$15,$0,$0,$0,$2,$2,$19,$8,$0,$3,$4,$11,$0,$-41,$0,$8,$19,$-9,$1,$0,$1,$0,$0,$0,$0,$1,$-6,$-0,$0,$0,$0,$0,$0,$8,$8,$0,$0,$0,$0,$0,$0,$0,$0,$2,$0,$0
44,2007-09-30,3.2,$0.00,0.0,$3.91,0.82,$-0.69,0.0,$-1.84,0.0,$0.02B,$0.01B,1.79,$0.00B,$0.01B,0.0,$0.02B,$0.01B,62.50%,$0.02B,$-0.01B,-50.00%,$0.02B,$-0.01B,-50.00%,$0.02B,$-0.01B,-50.00%,$0.02B,$-0.01B,-56.25%,$0.02B,$-0.01B,-43.75%,$-0.01B,$0.01B,-59.57%,$-0.01B,$0.01B,-59.57%,$-0.01B,$0.02B,-28.87%,$-0.01B,$0.01B,-68.09%,$3,$1,$2,$1,$3,$5,$-2,$0,$-2,$0,$-2,$-2,$-2,$-2,$-2,$4,4,$-0.56,$-0.56,$5,$4,$1,$15,$0,$0,$0,$2,$2,$20,$9,$0,$3,$4,$12,$0,$-41,$0,$7,$20,$0,$0,$0,$0,$0,$0,$0,$0,$0,$0,$0,$0,$0,$0,$0,$0,$0,$0,$0,$0,$0,$0,$0,$0,$0,$0,$0,$0,$0
45,2007-06-30,5.36,$0.00,0.0,$4.80,1.12,$-0.69,0.0,$-1.16,0.0,$0.02B,$0.01B,2.01,$0.00B,$0.01B,0.0,$0.02B,$0.01B,65.00%,$0.02B,$-0.01B,-30.00%,$0.02B,$-0.01B,-30.00%,$0.02B,$-0.01B,-30.00%,$0.02B,$-0.01B,-30.00%,$0.02B,$-0.00B,-20.00%,$-0.00B,$0.01B,-28.57%,$-0.00B,$0.01B,-28.57%,$-0.00B,$0.02B,-15.24%,$-0.01B,$0.01B,-42.11%,$2,$1,$1,$1,$3,$6,$-4,$0,$-3,$0,$-3,$-3,$-3,$-4,$-4,$4,4,$-0.84,$-0.84,$5,$4,$2,$18,$0,$0,$0,$2,$2,$22,$9,$0,$3,$4,$13,$0,$-39,$0,$10,$22,$0,$0,$0,$0,$0,$0,$0,$0,$0,$0,$0,$0,$0,$0,$0,$0,$0,$0,$0,$0,$0,$0,$0,$0,$0,$0,$0,$0,$0
46,2007-03-31,11.52,$0.00,0.0,$5.60,2.06,$-0.69,0.0,$-0.28,0.0,$0.02B,$0.01B,2.67,$0.00B,$0.02B,0.0,$0.02B,$0.02B,66.67%,$0.02B,$-0.00B,-8.33%,$0.02B,$-0.00B,-8.33%,$0.02B,$-0.00B,-8.33%,$0.02B,$-0.00B,-12.50%,$0.02B,$-0.00B,-4.17%,$-0.00B,$0.02B,-6.56%,$-0.00B,$0.02B,-6.56%,$-0.00B,$0.03B,-3.64%,$-0.00B,$0.02B,-12.90%,$3,$1,$2,$1,$3,$6,$-3,$0,$-3,$0,$-3,$-3,$-3,$-3,$-3,$4,4,$-0.72,$-0.72,$9,$3,$1,$23,$0,$0,$0,$2,$2,$27,$9,$0,$3,$4,$12,$0,$-33,$0,$15,$27,$0,$0,$0,$0,$0,$0,$0,$0,$0,$0,$0,$0,$0,$0,$0,$0,$0,$0,$0,$0,$0,$0,$0,$0,$0,$0,$0,$0,$0
47,2006-12-31,10.4,$0.00,0.0,$6.14,1.7,$-0.69,0.0,$0.40,26.0,$0.02B,$0.01B,2.89,$0.00B,$0.02B,0.0,$0.03B,$0.02B,65.38%,$0.03B,$0.00B,3.85%,$0.03B,$0.00B,3.85%,$0.03B,$0.00B,3.85%,$0.03B,0,0.00%,$0.03B,$0.00B,7.69%,$0.00B,$0.02B,13.11%,$0.00B,$0.02B,13.11%,$0.00B,$0.03B,7.34%,$0.00B,$0.02B,6.45%,$8,$2,$5,$1,$4,$7,$1,$0,$-1,$0,$-1,$1,$1,$1,$1,$4,4,$0.28,$0.28,$10,$3,$1,$24,$0,$0,$0,$2,$2,$28,$8,$0,$3,$4,$12,$0,$-32,$0,$15,$28,$-0,$1,$0,$1,$0,$0,$0,$0,$-4,$-3,$-0,$0,$0,$0,$0,$0,$-8,$-8,$0,$0,$0,$0,$2,$0,$0,$2,$-9,$0,$0
