,Date,Stock Price,Book Value per Share,Price to Book Ratio,TTM Sales per Share,Price to Sales Ratio,TTM FCF per Share,Price to FCF Ratio,TTM Net EPS,PE Ratio,Current Assets,Current Liabilities,Current Ratio,Long Term Debt,Shareholder's Equity_x,Debt to Equity Ratio,TTM Revenue_x,TTM Gross Profit,Gross Margin,TTM Revenue_y,TTM Operating Income,Operating Margin,TTM Revenue_x,TTM EBIT,EBIT Margin,TTM Revenue_y,TTM EBITDA,EBITDA Margin,TTM Revenue_x,TTM Pre-Tax Income,Pre-Tax Margin,TTM Revenue_y,TTM Net Income_x,Net Margin,TTM Net Income_y,Shareholder's Equity_y,Return on Equity,TTM Net Income_x,Tangible Equity,Return on Tangible Equity,TTM Net Income_y,Total Assets,Return on Assets,TTM Net Income,LT Investments & Debt,Return on Investment,revenue,cost-goods-sold,gross-profit,research-development-expenses,selling-general-administrative-expenses,operating-expenses,operating-income,total-non-operating-income-expense,pre-tax-income,total-provision-income-taxes,income-after-taxes,income-from-continuous-operations,net-income,ebitda,ebit,basic-shares-outstanding,shares-outstanding,eps-basic-net-earnings-per-share,eps-earnings-per-share-diluted,cash-on-hand,inventory,other-current-assets,total-current-assets,net-property-plant-equipment,long-term-investments,goodwill-intangible-assets-total,other-long-term-assets,total-long-term-assets,total-assets,total-current-liabilities,long-term-debt,other-non-current-liabilities,total-long-term-liabilities,total-liabilities,common-stock-net,retained-earnings-accumulated-deficit,comprehensive-income,total-share-holder-equity,total-liabilities-share-holders-equity,net-income-loss,total-depreciation-amortization-cash-flow,other-non-cash-items,total-non-cash-items,change-in-accounts-receivable,change-in-inventories,change-in-accounts-payable,change-in-assets-liabilities,total-change-in-assets-liabilities,cash-flow-from-operating-activities,net-change-in-property-plant-equipment,net-change-in-intangible-assets,net-acquisitions-divestitures,net-change-in-short-term-investments,net-change-in-long-term-investments,net-change-in-investments-total,investing-activities-other,cash-flow-from-investing-activities,net-long-term-debt,net-current-debt,debt-issuance-retirement-net-total,net-common-equity-issued-repurchased,net-total-equity-issued-repurchased,total-common-preferred-stock-dividends-paid,financial-activities-other,cash-flow-from-financial-activities,net-cash-flow,stock-based-compensation,common-stock-dividends-paid
0,2018-09-30,20.67,$15.69,1.32,$5.75,3.59,$5.51,3.75,$1.51,13.69,$0.64B,$1.16B,0.55,$1.03B,$3.35B,0.31,$1.26B,$1.03B,81.43%,$1.26B,$0.67B,53.41%,$1.26B,$0.73B,58.25%,$1.26B,$0.73B,58.25%,$1.26B,$0.67B,53.41%,$1.26B,$0.47B,37.54%,$0.47B,$3.35B,15.02%,$0.47B,$3.29B,15.31%,$0.47B,$6.27B,7.78%,$0.67B,$4.38B,16.11%,$331,$52,$278,$0,$0,$146,$185,$0,$185,$42,$143,$143,$143,$200,$200,$213,218,$0.67,$0.66,$114,$0,$0,$636,$0,$5028,$56,$415,$5633,$6269,$1160,$1030,$732,$1762,$2922,$0,$1580,$-59,$3347,$6269,$0,$0,$0,$0,$0,$0,$0,$0,$0,$492,$-20,$0,$-1,$-217,$-271,$-488,$2,$-506,$84,$-0,$84,$-49,$-49,$-2,$-1,$33,$18,$0,$-2
1,2018-06-30,16.22,$13.71,1.18,$5.66,2.87,$4.23,3.84,$1.81,8.96,$0.61B,$1.19B,0.51,$1.03B,$3.20B,0.32,$1.24B,$0.99B,79.85%,$1.24B,$0.64B,51.33%,$1.24B,$0.70B,56.24%,$1.24B,$0.70B,56.24%,$1.24B,$0.59B,47.62%,$1.24B,$0.40B,31.83%,$0.40B,$3.20B,12.91%,$0.40B,$3.14B,13.18%,$0.40B,$6.14B,6.61%,$0.64B,$4.23B,15.58%,$319,$50,$270,$0,$0,$139,$181,$0,$181,$-28,$209,$209,$209,$196,$196,$214,218,$0.98,$0.96,$105,$0,$0,$605,$0,$4874,$59,$430,$5534,$6139,$1193,$1029,$717,$1746,$2938,$0,$1438,$-58,$3201,$6139,$0,$0,$0,$0,$0,$0,$0,$0,$0,$301,$-12,$0,$-1,$-206,$-158,$-364,$0,$-377,$135,$-0,$135,$-49,$-49,$-1,$-0,$84,$8,$0,$-1
2,2018-03-31,19.04,$14.16,1.34,$5.60,3.4,$3.80,5.01,$0.72,26.44,$0.60B,$1.21B,0.5,$1.03B,$3.05B,0.34,$1.23B,$0.98B,79.59%,$1.23B,$0.42B,34.45%,$1.23B,$0.48B,39.51%,$1.23B,$0.48B,39.51%,$1.23B,$0.38B,30.61%,$1.23B,$0.16B,12.98%,$0.16B,$3.05B,5.32%,$0.16B,$2.99B,5.44%,$0.16B,$6.01B,2.70%,$0.42B,$4.08B,10.53%,$292,$68,$224,$0,$0,$149,$142,$0,$142,$28,$114,$114,$114,$158,$158,$216,220,$0.53,$0.52,$130,$0,$0,$600,$0,$4668,$61,$427,$5410,$6010,$1212,$1028,$718,$1746,$2958,$0,$1230,$-31,$3052,$6010,$0,$0,$0,$0,$0,$0,$0,$0,$0,$118,$-5,$0,$-0,$-17,$-98,$-115,$0,$-120,$45,$-0,$45,$-9,$-9,$-1,$-0,$35,$34,$0,$-1
3,2017-12-31,20.6,$13.90,1.48,$5.58,3.69,$3.63,5.68,$0.54,38.16,$0.56B,$1.23B,0.45,$1.03B,$3.00B,0.34,$1.22B,$0.96B,78.40%,$1.22B,$0.40B,32.65%,$1.22B,$0.46B,37.73%,$1.22B,$0.46B,37.73%,$1.22B,$0.35B,28.48%,$1.22B,$0.12B,9.90%,$0.12B,$3.00B,4.09%,$0.12B,$2.94B,4.27%,$0.12B,$5.90B,2.07%,$0.40B,$4.03B,10.05%,$318,$64,$254,$0,$0,$153,$165,$0,$165,$158,$7,$7,$7,$180,$180,$215,220,$0.03,$0.04,$96,$0,$0,$555,$0,$4644,$64,$408,$5346,$5901,$1232,$1027,$642,$1669,$2901,$0,$1116,$23,$3000,$5901,$121,$270,$214,$485,$-153,$0,$43,$-134,$-245,$361,$-29,$0,$-0,$324,$-498,$-174,$1,$-201,$-147,$-0,$-147,$7,$7,$-2,$17,$-125,$34,$0,$-2
4,2017-09-30,18.68,$13.88,1.35,$5.33,3.5,$3.63,5.14,$0.78,23.95,$0.44B,$1.27B,0.34,$1.03B,$2.99B,0.34,$1.18B,$0.89B,75.13%,$1.18B,$0.33B,28.18%,$1.18B,$0.40B,33.62%,$1.18B,$0.40B,33.62%,$1.18B,$0.28B,23.85%,$1.18B,$0.18B,14.86%,$0.18B,$2.99B,5.99%,$0.18B,$2.92B,6.36%,$0.18B,$5.84B,3.00%,$0.33B,$4.02B,8.41%,$312,$69,$243,$0,$0,$163,$149,$-46,$103,$38,$65,$65,$65,$164,$164,$215,219,$0.30,$0.30,$99,$0,$0,$435,$0,$4547,$67,$439,$5409,$5844,$1274,$1027,$555,$1582,$2856,$0,$1110,$24,$2988,$5844,$0,$0,$0,$0,$0,$0,$0,$0,$0,$218,$-25,$0,$-0,$252,$-302,$-51,$1,$-75,$-108,$-0,$-108,$3,$3,$-2,$0,$-106,$37,$0,$-2
5,2017-06-30,16.34,$13.54,1.21,$5.33,3.07,$3.90,4.19,$0.85,19.22,$0.40B,$1.35B,0.29,$0.99B,$2.91B,0.34,$1.19B,$0.87B,73.46%,$1.19B,$0.33B,27.55%,$1.19B,$0.40B,33.36%,$1.19B,$0.40B,33.36%,$1.19B,$0.31B,25.70%,$1.19B,$0.19B,16.26%,$0.19B,$2.91B,6.66%,$0.19B,$2.84B,7.22%,$0.19B,$5.82B,3.28%,$0.33B,$3.90B,8.32%,$303,$49,$254,$0,$0,$337,$-34,$-1,$-35,$-8,$-27,$-27,$-27,$-18,$-18,$215,215,$-0.13,$-0.13,$82,$0,$0,$396,$0,$4584,$70,$377,$5421,$5817,$1354,$989,$560,$1549,$2903,$0,$1045,$18,$2914,$5817,$0,$0,$0,$0,$0,$0,$0,$0,$0,$206,$-13,$0,$-0,$202,$-239,$-37,$0,$-50,$-142,$-0,$-142,$7,$7,$-1,$0,$-136,$21,$0,$-1
6,2017-03-31,17.95,$13.58,1.32,$5.38,3.34,$3.59,4.99,$1.42,12.64,$0.39B,$1.41B,0.28,$1.01B,$2.92B,0.35,$1.21B,$0.87B,71.33%,$1.21B,$0.52B,42.83%,$1.21B,$0.60B,49.01%,$1.21B,$0.60B,49.01%,$1.21B,$0.50B,40.94%,$1.21B,$0.32B,26.19%,$0.32B,$2.92B,11.07%,$0.32B,$2.65B,12.26%,$0.32B,$5.83B,5.34%,$0.52B,$3.93B,13.07%,$289,$82,$207,$0,$0,$170,$119,$-4,$115,$38,$76,$76,$76,$135,$135,$215,221,$0.36,$0.34,$86,$0,$0,$390,$0,$4438,$273,$357,$5437,$5828,$1411,$1009,$488,$1496,$2907,$0,$1073,$-3,$2920,$5828,$0,$0,$0,$0,$0,$0,$0,$0,$0,$84,$-8,$0,$-0,$58,$-2,$56,$0,$49,$-110,$-0,$-110,$3,$3,$-1,$0,$-108,$25,$0,$-1
7,2016-12-31,17.97,$13.39,1.34,$5.38,3.34,$3.39,5.31,$1.37,13.11,$0.37B,$1.44B,0.26,$1.07B,$2.87B,0.37,$1.24B,$0.90B,72.62%,$1.24B,$0.56B,45.15%,$1.24B,$0.64B,51.70%,$1.24B,$0.64B,51.70%,$1.24B,$0.48B,39.10%,$1.24B,$0.31B,24.88%,$0.31B,$2.87B,10.97%,$0.31B,$2.60B,12.20%,$0.31B,$5.86B,5.14%,$0.56B,$3.94B,14.04%,$274,$94,$181,$0,$0,$177,$98,$0,$98,$37,$61,$61,$61,$115,$115,$212,229,$0.28,$0.27,$62,$0,$0,$369,$0,$4462,$276,$344,$5494,$5863,$1441,$1070,$480,$1549,$2991,$0,$998,$-12,$2872,$5863,$308,$71,$215,$286,$-205,$0,$1,$-9,$-213,$382,$-36,$0,$-0,$334,$-477,$-143,$2,$-176,$-102,$-0,$-102,$-99,$-99,$-2,$0,$-203,$2,$0,$-2
8,2016-09-30,13.54,$13.47,1.0,$5.30,2.55,$1.82,7.44,$1.42,9.53,$0.38B,$1.50B,0.25,$1.07B,$2.89B,0.37,$1.24B,$0.91B,73.04%,$1.24B,$0.57B,45.84%,$1.24B,$0.65B,52.70%,$1.24B,$0.65B,52.70%,$1.24B,$0.49B,39.63%,$1.24B,$0.32B,25.99%,$0.32B,$2.89B,11.87%,$0.32B,$2.61B,13.26%,$0.32B,$6.05B,5.43%,$0.57B,$3.96B,14.47%,$321,$91,$230,$0,$0,$177,$144,$-17,$127,$44,$83,$83,$83,$164,$164,$214,226,$0.39,$0.37,$57,$0,$0,$381,$0,$4566,$279,$422,$5669,$6050,$1503,$1068,$591,$1658,$3161,$0,$937,$65,$2889,$6050,$0,$0,$0,$0,$0,$0,$0,$0,$0,$287,$-28,$0,$0,$242,$-303,$-61,$2,$-87,$-102,$-0,$-102,$-100,$-100,$-2,$0,$-203,$-3,$0,$-2
9,2016-06-30,10.41,$13.09,0.79,$5.07,2.05,$0.56,18.43,$1.34,7.77,$0.37B,$1.53B,0.24,$1.28B,$2.81B,0.46,$1.22B,$0.88B,72.43%,$1.22B,$0.54B,44.44%,$1.22B,$0.63B,51.52%,$1.22B,$0.63B,51.52%,$1.22B,$0.48B,39.51%,$1.22B,$0.31B,25.43%,$0.31B,$2.81B,11.89%,$0.31B,$2.52B,13.36%,$0.31B,$6.07B,5.27%,$0.54B,$4.08B,14.02%,$330,$82,$248,$0,$0,$172,$159,$-2,$157,$58,$98,$98,$98,$181,$181,$214,226,$0.46,$0.44,$64,$0,$0,$371,$0,$4637,$283,$332,$5697,$6067,$1526,$1278,$458,$1736,$3262,$0,$855,$62,$2805,$6067,$0,$0,$0,$0,$0,$0,$0,$0,$0,$151,$-17,$0,$0,$276,$-441,$-165,$1,$-180,$135,$-0,$135,$-100,$-100,$-1,$0,$34,$4,$0,$-1
10,2016-03-31,12.38,$12.42,1.0,$4.95,2.5,$-0.35,0.0,$1.12,11.06,$0.37B,$1.57B,0.24,$1.29B,$2.66B,0.48,$1.22B,$0.90B,73.99%,$1.22B,$0.55B,45.51%,$1.22B,$0.64B,52.76%,$1.22B,$0.64B,52.76%,$1.22B,$0.40B,33.17%,$1.22B,$0.26B,21.48%,$0.26B,$2.66B,10.50%,$0.26B,$2.37B,11.87%,$0.26B,$5.97B,4.52%,$0.55B,$3.95B,14.84%,$313,$73,$240,$0,$0,$155,$158,$-56,$102,$36,$66,$66,$66,$180,$180,$204,240,$0.33,$0.29,$75,$0,$0,$370,$0,$4470,$286,$325,$5599,$5969,$1565,$1286,$457,$1744,$3309,$0,$757,$23,$2660,$5969,$0,$0,$0,$0,$0,$0,$0,$0,$0,$39,$-7,$0,$0,$341,$-410,$-68,$0,$-75,$151,$-0,$151,$-100,$-100,$-0,$0,$51,$15,$0,$-0
11,2015-12-31,13.37,$12.07,1.11,$4.84,2.76,$-0.50,0.0,$1.22,10.96,$0.16B,$1.66B,0.1,$1.22B,$2.50B,0.49,$1.19B,$0.88B,73.60%,$1.19B,$0.53B,44.59%,$1.19B,$0.62B,52.22%,$1.19B,$0.62B,52.22%,$1.19B,$0.44B,36.71%,$1.19B,$0.29B,24.06%,$0.29B,$2.50B,12.09%,$0.29B,$2.21B,13.78%,$0.29B,$5.64B,4.79%,$0.53B,$3.72B,14.79%,$275,$88,$187,$0,$0,$168,$107,$-2,$105,$30,$75,$75,$75,$128,$128,$200,246,$0.36,$0.32,$60,$0,$0,$162,$0,$4299,$289,$314,$5480,$5642,$1657,$1219,$269,$1488,$3145,$0,$692,$-18,$2497,$5642,$287,$82,$208,$289,$42,$0,$36,$-643,$-564,$12,$-25,$0,$-10,$223,$-207,$16,$22,$3,$200,$0,$200,$-201,$-201,$-2,$3,$1,$15,$0,$-2
12,2015-09-30,15.88,$11.77,1.35,$4.98,3.19,$-1.15,0.0,$2.68,5.93,$0.15B,$1.78B,0.08,$1.23B,$2.44B,0.51,$1.21B,$0.88B,72.22%,$1.21B,$0.50B,40.89%,$1.21B,$0.59B,48.64%,$1.21B,$0.61B,50.29%,$1.21B,$0.40B,33.31%,$1.21B,$0.64B,52.76%,$0.64B,$2.44B,28.15%,$0.64B,$2.15B,32.27%,$0.64B,$5.76B,10.18%,$0.50B,$3.67B,14.21%,$297,$92,$205,$0,$0,$182,$116,$-0,$116,$46,$70,$70,$70,$137,$137,$208,251,$0.34,$0.29,$79,$0,$0,$145,$0,$4377,$287,$350,$5616,$5761,$1776,$1230,$320,$1550,$3325,$0,$618,$-7,$2436,$5761,$0,$0,$0,$0,$0,$0,$0,$0,$0,$-8,$-19,$0,$-6,$-161,$187,$27,$19,$19,$227,$0,$227,$-202,$-202,$-1,$3,$26,$39,$0,$-1
13,2015-06-30,18.72,$11.28,1.66,$4.94,3.79,$-2.02,0.0,$3.06,6.12,$0.14B,$1.87B,0.07,$1.23B,$2.35B,0.52,$1.19B,$0.87B,72.90%,$1.19B,$0.50B,41.75%,$1.19B,$0.59B,49.92%,$1.19B,$0.63B,53.11%,$1.19B,$0.40B,34.01%,$1.19B,$0.72B,60.94%,$0.72B,$2.35B,34.51%,$0.72B,$2.06B,40.08%,$0.72B,$5.74B,11.42%,$0.50B,$3.58B,14.89%,$330,$63,$267,$0,$0,$159,$172,$-92,$80,$35,$45,$45,$50,$196,$196,$193,247,$0.26,$0.22,$64,$0,$0,$136,$0,$4309,$291,$349,$5600,$5737,$1871,$1225,$287,$1512,$3383,$0,$548,$-12,$2353,$5737,$0,$0,$0,$0,$0,$0,$0,$0,$0,$-69,$-11,$0,$-6,$-349,$421,$72,$6,$61,$228,$0,$228,$-202,$-202,$-1,$3,$28,$21,$0,$-1
14,2015-03-31,16.76,$11.53,1.45,$4.67,3.59,$-2.86,0.0,$3.62,4.63,$0.14B,$2.04B,0.07,$1.22B,$2.21B,0.55,$1.11B,$0.78B,70.14%,$1.11B,$0.42B,37.74%,$1.11B,$0.51B,46.33%,$1.11B,$0.56B,51.04%,$1.11B,$0.42B,37.74%,$1.11B,$0.85B,76.83%,$0.85B,$2.21B,44.56%,$0.85B,$1.91B,52.65%,$0.85B,$6.81B,13.29%,$0.42B,$3.43B,13.23%,$291,$72,$219,$0,$0,$153,$137,$0,$137,$46,$92,$92,$92,$162,$162,$191,243,$0.48,$0.39,$71,$0,$0,$136,$0,$3622,$294,$2113,$6678,$6814,$2042,$1219,$1346,$2565,$4607,$0,$499,$60,$2207,$6814,$0,$0,$0,$0,$0,$0,$0,$0,$0,$-1,$-2,$0,$-6,$107,$-73,$33,$6,$30,$0,$0,$0,$0,$0,$-0,$1,$1,$27,$0,$-0
15,2014-12-31,16.68,$10.98,1.52,$4.64,3.6,$-3.48,0.0,$4.17,4.0,$0.13B,$2.21B,0.06,$1.19B,$2.10B,0.57,$1.07B,$0.76B,70.71%,$1.07B,$0.41B,37.97%,$1.07B,$0.50B,46.36%,$1.07B,$0.56B,52.61%,$1.07B,$0.41B,37.97%,$1.07B,$0.96B,89.55%,$0.96B,$2.10B,59.34%,$0.96B,$1.81B,68.66%,$0.96B,$6.84B,15.83%,$0.41B,$3.29B,14.32%,$295,$110,$185,$0,$0,$224,$71,$0,$71,$-807,$878,$878,$428,$115,$95,$185,234,$2.27,$1.77,$44,$0,$0,$130,$0,$3629,$288,$2094,$6712,$6842,$2205,$1192,$1348,$2541,$4745,$0,$407,$51,$2097,$6842,$960,$66,$-589,$-523,$-25,$0,$77,$-635,$-583,$-146,$-18,$0,$-294,$-365,$177,$-188,$165,$-336,$237,$0,$237,$247,$247,$-2,$0,$482,$-1,$0,$-2
16,2014-09-30,14.23,$9.08,1.57,$4.95,2.87,$-6.81,0.0,$2.58,5.51,$0.17B,$2.42B,0.07,$1.29B,$1.73B,0.75,$1.04B,$0.71B,67.98%,$1.04B,$0.41B,38.94%,$1.04B,$0.49B,47.12%,$1.04B,$0.55B,52.69%,$1.04B,$0.41B,38.94%,$1.04B,$0.57B,54.62%,$0.57B,$1.73B,42.75%,$0.57B,$1.44B,48.13%,$0.57B,$5.96B,9.86%,$0.41B,$3.03B,16.28%,$272,$77,$195,$0,$0,$156,$116,$0,$116,$-16,$132,$132,$154,$158,$140,$191,238,$0.80,$0.67,$48,$0,$0,$165,$22,$5001,$294,$417,$5794,$5960,$2417,$1292,$516,$1808,$4225,$0,$-21,$49,$1734,$5960,$531,$46,$-242,$-196,$12,$0,$58,$-627,$-558,$-222,$-12,$0,$-296,$-444,$331,$-113,$169,$-252,$237,$0,$237,$247,$247,$-1,$0,$482,$8,$0,$-1
17,2014-06-30,14.77,$8.29,1.78,$5.23,2.82,$-9.15,0.0,$1.84,8.03,$0.16B,$2.53B,0.06,$1.29B,$1.58B,0.81,$1.01B,$0.59B,58.64%,$1.01B,$0.28B,27.64%,$1.01B,$0.36B,35.64%,$1.01B,$0.42B,41.46%,$1.01B,$0.28B,27.64%,$1.01B,$0.40B,39.59%,$0.40B,$1.58B,35.84%,$0.40B,$1.29B,38.42%,$0.40B,$5.93B,7.02%,$0.28B,$2.87B,12.67%,$247,$71,$176,$0,$0,$154,$93,$0,$93,$-11,$104,$104,$175,$129,$115,$183,231,$0.96,$0.78,$58,$0,$0,$163,$19,$4975,$297,$417,$5770,$5933,$2531,$1286,$531,$1817,$4348,$0,$-175,$51,$1584,$5933,$378,$29,$-219,$-190,$22,$0,$31,$-500,$-447,$-260,$-8,$0,$-296,$-197,$277,$80,$21,$-203,$237,$0,$237,$247,$247,$-1,$0,$484,$19,$0,$-1
18,2014-03-31,14.99,$6.10,2.46,$5.33,2.81,$-9.69,0.0,$0.87,17.23,$0.15B,$2.70B,0.06,$1.13B,$1.06B,1.07,$0.97B,$0.47B,48.45%,$0.97B,$0.16B,16.25%,$0.97B,$0.24B,24.33%,$0.97B,$0.30B,31.16%,$0.97B,$0.16B,16.05%,$0.97B,$0.19B,19.98%,$0.19B,$1.06B,20.35%,$0.19B,$1.06B,20.36%,$0.19B,$5.53B,3.36%,$0.16B,$2.18B,7.95%,$258,$57,$202,$0,$0,$131,$127,$0,$127,$-19,$146,$146,$203,$162,$147,$173,223,$1.17,$0.94,$43,$0,$0,$149,$12,$4886,$0,$417,$5380,$5529,$2698,$1125,$650,$1775,$4473,$0,$-349,$41,$1056,$5529,$203,$15,$-114,$-99,$15,$0,$13,$-269,$-240,$-137,$-3,$0,$0,$-183,$315,$132,$5,$134,$0,$0,$0,$0,$0,$-0,$0,$-0,$-3,$0,$-0
19,2013-12-31,14.08,$5.43,2.59,$4.46,3.16,$-10.21,0.0,$-1.37,0.0,$0.09B,$2.73B,0.03,$0.93B,$0.94B,0.99,$0.75B,$0.16B,21.20%,$0.75B,$-0.17B,-23.07%,$0.75B,$-0.10B,-13.20%,$0.75B,$-0.03B,-3.87%,$0.75B,$-0.17B,-23.20%,$0.75B,$-0.20B,-26.40%,$-0.20B,$0.94B,-21.59%,$-0.20B,$0.94B,-21.60%,$-0.20B,$5.62B,-3.33%,$-0.17B,$1.87B,-9.03%,$263,$129,$134,$0,$0,$194,$69,$0,$69,$-22,$92,$92,$36,$99,$88,$166,166,$0.38,$0.38,$45,$0,$0,$92,$0,$3362,$2,$2148,$5530,$5622,$2731,$930,$1021,$1951,$4682,$0,$-552,$37,$940,$5622,$-197,$70,$-180,$-110,$7,$0,$185,$-549,$-358,$-665,$-6,$0,$0,$-130,$47,$-83,$149,$60,$298,$0,$298,$299,$299,$-2,$1,$597,$-7,$0,$-2
20,2013-09-30,13.89,$5.17,2.69,$5.17,2.68,$-10.05,0.0,$-2.90,0.0,$0.20B,$3.49B,0.06,$1.03B,$0.90B,1.15,$0.79B,$0.08B,9.87%,$0.79B,$-0.23B,-28.86%,$0.79B,$-0.16B,-20.25%,$0.79B,$-0.10B,-12.41%,$0.79B,$-0.23B,-28.86%,$0.79B,$-0.41B,-52.03%,$-0.41B,$0.90B,-47.45%,$-0.41B,$0.90B,-47.45%,$-0.41B,$5.76B,-6.83%,$-0.23B,$1.92B,-12.49%,$245,$163,$82,$0,$0,$253,$-9,$0,$-9,$4,$-13,$-13,$-13,$30,$11,$172,172,$-0.07,$-0.07,$58,$0,$0,$201,$9,$5054,$0,$409,$5558,$5759,$3491,$1026,$347,$1373,$4864,$0,$-589,$29,$895,$5759,$-233,$59,$-126,$-67,$32,$0,$113,$-412,$-267,$-568,$-4,$0,$0,$-646,$605,$-41,$15,$-29,$302,$0,$302,$299,$299,$-1,$1,$601,$4,$0,$-1
21,2013-06-30,11.58,$5.22,2.22,$5.70,2.03,$-10.02,0.0,$-2.72,0.0,$0.21B,$3.78B,0.06,$1.02B,$0.90B,1.13,$0.81B,$0.07B,8.44%,$0.81B,$-0.21B,-26.18%,$0.81B,$-0.15B,-18.73%,$0.81B,$-0.09B,-10.92%,$0.81B,$-0.21B,-26.18%,$0.81B,$-0.38B,-47.64%,$-0.38B,$0.90B,-44.07%,$-0.38B,$0.90B,-44.07%,$-0.38B,$6.05B,-6.30%,$-0.21B,$1.92B,-11.95%,$200,$150,$50,$0,$0,$231,$-30,$-1,$-32,$2,$-33,$-33,$-33,$10,$-11,$172,172,$-0.19,$-0.19,$55,$0,$0,$207,$7,$5344,$0,$408,$5847,$6054,$3776,$1021,$355,$1376,$5151,$0,$-576,$24,$903,$6054,$-221,$40,$141,$180,$23,$0,$74,$-349,$-251,$-292,$-1,$0,$0,$-554,$231,$-324,$15,$-309,$302,$0,$302,$300,$300,$-1,$1,$601,$0,$0,$-1
22,2013-03-31,10.67,$5.39,1.98,$5.72,1.86,$-11.05,0.0,$-3.43,0.0,$0.22B,$3.96B,0.06,$1.01B,$0.93B,1.09,$0.76B,$-0.05B,-5.89%,$0.76B,$-0.30B,-38.87%,$0.76B,$-0.24B,-31.94%,$0.76B,$-0.19B,-24.21%,$0.76B,$-0.30B,-38.74%,$0.76B,$-0.47B,-61.52%,$-0.47B,$0.93B,-53.98%,$-0.47B,$0.93B,-53.98%,$-0.47B,$6.37B,-7.72%,$-0.30B,$1.95B,-17.43%,$42,$149,$-107,$0,$0,$245,$-203,$1,$-202,$-15,$-188,$-188,$-188,$-168,$-187,$144,144,$-1.30,$-1.30,$53,$0,$0,$216,$7,$5652,$0,$403,$6154,$6371,$3955,$1014,$471,$1485,$5440,$0,$-543,$24,$931,$6371,$-188,$19,$103,$122,$10,$0,$35,$-146,$-100,$-166,$-0,$0,$0,$-590,$151,$-439,$2,$-437,$302,$0,$302,$300,$300,$-0,$0,$601,$-2,$0,$-0
23,2012-12-31,6.09,$5.51,1.1,$6.79,0.9,$-11.07,0.0,$-3.41,0.0,$0.23B,$3.80B,0.06,$0.77B,$0.74B,1.05,$0.90B,$-0.05B,-5.76%,$0.90B,$-0.27B,-30.16%,$0.90B,$-0.22B,-24.50%,$0.90B,$-0.17B,-18.51%,$0.90B,$-0.27B,-30.16%,$0.90B,$-0.45B,-50.00%,$-0.45B,$0.74B,-50.52%,$-0.45B,$0.74B,-50.52%,$-0.45B,$5.90B,-7.39%,$-0.27B,$1.51B,-15.96%,$303,$251,$53,$0,$0,$289,$14,$0,$15,$-35,$50,$50,$-177,$30,$27,$133,133,$-1.34,$-1.34,$56,$0,$0,$233,$7,$5187,$0,$388,$5671,$5903,$3799,$772,$596,$1368,$5167,$0,$-355,$16,$736,$5903,$-451,$53,$-151,$-98,$66,$0,$149,$-176,$39,$-511,$-2,$0,$0,$356,$-48,$308,$355,$661,$-153,$0,$-153,$0,$0,$-1,$0,$-155,$-4,$0,$-1
24,2012-09-30,4.32,$6.85,0.63,$7.23,0.6,$-13.93,0.0,$-2.99,0.0,$0.29B,$4.09B,0.07,$0.77B,$0.92B,0.84,$0.96B,$-0.11B,-11.31%,$0.96B,$-0.34B,-35.06%,$0.96B,$-0.29B,-29.56%,$0.96B,$-0.22B,-22.93%,$0.96B,$-0.34B,-35.58%,$0.96B,$-0.40B,-41.08%,$-0.40B,$0.92B,-39.43%,$-0.40B,$0.92B,-39.43%,$-0.40B,$6.04B,-6.29%,$-0.34B,$1.68B,-17.93%,$261,$189,$72,$0,$0,$253,$8,$0,$8,$-7,$14,$14,$14,$40,$20,$133,134,$0.11,$0.11,$53,$0,$0,$289,$7,$5269,$0,$369,$5752,$6041,$4085,$769,$272,$1041,$5126,$0,$-178,$18,$915,$6041,$-274,$51,$-176,$-125,$61,$0,$49,$-152,$-42,$-442,$0,$0,$0,$0,$662,$662,$-74,$589,$-153,$0,$-153,$0,$0,$-1,$0,$-154,$-7,$0,$-1
25,2012-06-30,3.27,$6.75,0.49,$9.09,0.36,$-16.39,0.0,$-1.73,0.0,$0.25B,$4.13B,0.06,$0.78B,$0.90B,0.86,$1.21B,$0.07B,5.45%,$1.21B,$-0.16B,-12.88%,$1.21B,$-0.10B,-8.34%,$1.21B,$-0.04B,-3.39%,$1.21B,$-0.16B,-13.29%,$1.21B,$-0.23B,-18.66%,$-0.23B,$0.90B,-20.59%,$-0.23B,$0.90B,-20.59%,$-0.23B,$6.03B,-3.43%,$-0.16B,$1.68B,-7.58%,$158,$222,$-63,$0,$0,$274,$-116,$-1,$-117,$2,$-119,$-119,$-119,$-87,$-104,$132,132,$-0.90,$-0.90,$59,$0,$0,$253,$7,$5287,$0,$369,$5778,$6032,$4128,$775,$228,$1003,$5131,$0,$-192,$18,$901,$6032,$-288,$31,$-130,$-99,$52,$0,$9,$-36,$25,$-362,$-0,$0,$0,$556,$23,$579,$-75,$503,$-144,$0,$-144,$0,$0,$-1,$0,$-144,$-3,$0,$-1
26,2012-03-31,4.32,$7.65,0.57,$11.42,0.38,$-18.26,0.0,$0.20,21.61,$0.33B,$4.19B,0.08,$0.93B,$1.02B,0.91,$1.53B,$0.32B,21.18%,$1.53B,$0.09B,6.03%,$1.53B,$0.15B,9.90%,$1.53B,$0.21B,13.70%,$1.53B,$0.09B,5.97%,$1.53B,$0.03B,1.97%,$0.03B,$1.02B,2.60%,$0.03B,$1.02B,2.60%,$0.03B,$6.45B,0.44%,$0.09B,$1.95B,4.14%,$180,$294,$-114,$0,$0,$359,$-178,$0,$-178,$-9,$-169,$-169,$-169,$-150,$-164,$132,132,$-1.28,$-1.28,$58,$0,$0,$331,$10,$5628,$0,$355,$6117,$6449,$4188,$930,$311,$1241,$5429,$0,$-73,$19,$1019,$6449,$-169,$14,$-59,$-45,$35,$0,$2,$22,$60,$-154,$-0,$0,$0,$0,$283,$283,$1,$283,$-132,$0,$-132,$0,$0,$-0,$0,$-133,$-4,$0,$-0
27,2011-12-31,2.32,$8.88,0.26,$14.57,0.16,$-19.04,0.0,$2.25,1.03,$0.32B,$4.30B,0.08,$1.05B,$1.18B,0.89,$1.95B,$0.60B,30.75%,$1.95B,$0.37B,18.94%,$1.95B,$0.43B,22.13%,$1.95B,$0.49B,25.31%,$1.95B,$0.37B,18.94%,$1.95B,$0.30B,15.50%,$0.30B,$1.18B,26.42%,$0.30B,$1.18B,26.42%,$0.30B,$6.66B,4.29%,$0.37B,$2.23B,15.95%,$365,$369,$-4,$0,$0,$416,$-52,$-4,$-56,$65,$-122,$-122,$-122,$-24,$-37,$132,134,$-0.93,$-0.91,$63,$0,$0,$323,$11,$5816,$0,$351,$6334,$6657,$4298,$1047,$130,$1176,$5474,$0,$96,$11,$1182,$6657,$302,$63,$-1228,$-1165,$86,$0,$-47,$-121,$-81,$-898,$-3,$0,$0,$276,$801,$1077,$-1,$1073,$-160,$0,$-160,$0,$0,$-1,$0,$-161,$15,$0,$-1
28,2011-09-30,2.17,$9.67,0.22,$11.50,0.19,$-18.85,0.0,$-5.38,0.0,$0.83B,$4.14B,0.2,$1.09B,$1.29B,0.85,$1.54B,$0.13B,8.52%,$1.54B,$-0.03B,-2.02%,$1.54B,$0.03B,1.95%,$1.54B,$0.10B,6.31%,$1.54B,$-0.10B,-6.18%,$1.54B,$-0.71B,-46.13%,$-0.71B,$1.29B,-66.73%,$-0.71B,$1.29B,-66.73%,$-0.71B,$7.25B,-9.73%,$-0.03B,$2.38B,-1.32%,$508,$261,$247,$0,$0,$318,$190,$0,$190,$6,$184,$184,$184,$220,$204,$132,134,$1.39,$1.37,$50,$0,$0,$826,$12,$5925,$0,$325,$6420,$7246,$4144,$1088,$726,$1814,$5958,$0,$218,$-4,$1288,$7246,$424,$49,$-1039,$-990,$78,$0,$-52,$-226,$-200,$-766,$-3,$0,$0,$0,$934,$934,$-3,$929,$-160,$0,$-160,$0,$0,$-1,$0,$-161,$2,$0,$-1
29,2011-06-30,4.19,$8.48,0.49,$12.05,0.35,$-20.20,0.0,$-5.91,0.0,$0.34B,$4.27B,0.08,$1.21B,$1.13B,1.07,$1.61B,$0.11B,6.83%,$1.61B,$-0.06B,-3.48%,$1.61B,$-0.00B,0.00%,$1.61B,$0.06B,3.66%,$1.61B,$-0.12B,-7.45%,$1.61B,$-0.78B,-48.51%,$-0.78B,$1.13B,-63.83%,$-0.78B,$1.13B,-63.83%,$-0.78B,$6.93B,-10.25%,$-0.06B,$2.33B,-2.22%,$472,$278,$194,$0,$0,$340,$132,$3,$135,$-2,$137,$137,$137,$163,$148,$132,134,$1.04,$1.03,$50,$0,$0,$338,$16,$6028,$0,$380,$6591,$6929,$4274,$1205,$320,$1525,$5799,$0,$35,$21,$1129,$6929,$240,$33,$-737,$-704,$64,$0,$-54,$-155,$-145,$-609,$-6,$0,$0,$0,$779,$779,$-3,$770,$-160,$0,$-160,$0,$0,$-1,$0,$-161,$1,$0,$-1
30,2011-03-31,6.74,$7.31,0.92,$6.29,1.07,$-19.79,0.0,$-12.72,0.0,$0.38B,$4.54B,0.08,$1.34B,$0.97B,1.38,$0.89B,$-0.78B,-87.67%,$0.89B,$-0.92B,-103.36%,$0.89B,$-0.87B,-97.98%,$0.89B,$-0.82B,-92.26%,$0.89B,$-0.98B,-110.09%,$0.89B,$-1.39B,-156.17%,$-1.39B,$0.97B,-100.49%,$-1.39B,$0.97B,-100.49%,$-1.39B,$7.35B,-16.92%,$-0.92B,$2.31B,-34.07%,$603,$442,$162,$0,$0,$505,$99,$1,$100,$-3,$103,$103,$103,$134,$116,$132,134,$0.78,$0.77,$49,$0,$0,$383,$12,$6439,$0,$344,$6968,$7352,$4541,$1341,$497,$1838,$6379,$0,$-102,$3,$973,$7352,$103,$18,$-423,$-405,$26,$0,$-23,$38,$41,$-261,$-1,$0,$0,$0,$261,$261,$-2,$258,$0,$0,$0,$0,$0,$-0,$0,$-0,$-1,$0,$-0
31,2010-12-31,7.99,$6.46,1.24,$3.33,2.4,$-21.32,0.0,$-17.26,0.0,$0.41B,$4.54B,0.09,$1.49B,$0.86B,1.73,$0.42B,$-1.38B,-329.74%,$0.42B,$-1.53B,-366.19%,$0.42B,$-1.49B,-356.12%,$0.42B,$-1.45B,-346.52%,$0.42B,$-1.58B,-378.66%,$0.42B,$-1.81B,-433.09%,$-1.81B,$0.86B,-114.96%,$-1.81B,$0.86B,-114.96%,$-1.81B,$7.62B,-21.37%,$-1.53B,$2.35B,-53.18%,$-46,$427,$-472,$0,$0,$406,$-452,$0,$-520,$613,$-1133,$-1133,$-1133,$-420,$-438,$0,132,$0.00,$-8.55,$52,$0,$0,$413,$13,$6669,$0,$350,$7208,$7621,$4542,$1485,$734,$2219,$6761,$0,$-205,$-7,$860,$7621,$-1806,$40,$786,$825,$58,$0,$-156,$216,$118,$-863,$-3,$0,$0,$0,$-12,$-12,$-34,$-48,$362,$0,$362,$526,$526,$-1,$0,$887,$-21,$0,$-1
32,2010-09-30,7.74,$14.53,0.53,$8.47,0.91,$-14.50,0.0,$-9.83,0.0,$0.92B,$4.65B,0.2,$1.16B,$1.93B,0.6,$0.86B,$-0.99B,-115.89%,$0.86B,$-1.23B,-144.04%,$0.86B,$-1.20B,-139.60%,$0.86B,$-1.18B,-137.73%,$0.86B,$-1.21B,-141.00%,$0.86B,$-0.77B,-89.37%,$-0.77B,$1.93B,-41.19%,$-0.77B,$1.93B,-41.19%,$-0.77B,$8.58B,-8.94%,$-1.23B,$3.09B,-40.63%,$581,$355,$226,$0,$0,$417,$165,$0,$165,$53,$112,$112,$112,$182,$174,$132,134,$0.85,$0.84,$51,$0,$0,$920,$14,$6427,$0,$347,$7663,$8583,$4651,$1161,$839,$2000,$6651,$0,$928,$-1,$1932,$8583,$-673,$21,$-525,$-504,$42,$0,$-87,$275,$230,$-947,$-2,$0,$0,$0,$458,$458,$-28,$428,$-29,$0,$-29,$526,$526,$-1,$0,$496,$-22,$0,$-1
33,2010-06-30,7.16,$13.40,0.53,$8.18,0.88,$-28.85,0.0,$-11.53,0.0,$0.79B,$4.88B,0.16,$1.29B,$1.78B,0.73,$0.61B,$-1.31B,-214.99%,$0.61B,$-1.52B,-250.25%,$0.61B,$-1.48B,-243.66%,$0.61B,$-1.45B,-239.37%,$0.61B,$-1.49B,-244.65%,$0.61B,$-0.95B,-156.01%,$-0.95B,$1.78B,-49.59%,$-0.95B,$1.78B,-49.59%,$-0.95B,$9.37B,-11.13%,$-1.52B,$3.07B,-49.74%,$-246,$452,$-698,$0,$0,$488,$-734,$7,$-727,$-252,$-475,$-475,$-475,$-719,$-726,$110,110,$-4.31,$-4.31,$61,$0,$0,$788,$15,$7259,$0,$348,$8586,$9374,$4876,$1293,$1426,$2719,$7595,$0,$816,$-39,$1780,$9374,$-785,$13,$35,$48,$42,$0,$-65,$300,$277,$-461,$-1,$0,$0,$0,$-47,$-47,$-1,$-50,$-29,$0,$-29,$526,$526,$-1,$0,$496,$-14,$0,$-1
34,2010-03-31,15.47,$20.65,0.75,$17.42,0.89,$-44.10,0.0,$-2.93,0.0,$0.82B,$5.00B,0.16,$1.26B,$1.71B,0.74,$1.43B,$-0.19B,-13.15%,$1.43B,$-0.44B,-30.49%,$1.43B,$-0.39B,-27.41%,$1.43B,$-0.37B,-25.73%,$1.43B,$-0.40B,-28.25%,$1.43B,$-0.24B,-16.78%,$-0.24B,$1.71B,-12.12%,$-0.24B,$1.71B,-12.12%,$-0.24B,$8.23B,-2.90%,$-0.44B,$2.97B,-14.12%,$128,$559,$-431,$0,$0,$633,$-506,$8,$-497,$-187,$-310,$-310,$-310,$-488,$-495,$82,82,$-3.77,$-3.77,$68,$0,$0,$819,$15,$6176,$0,$443,$7413,$8231,$4998,$1262,$259,$1521,$6519,$0,$1292,$-57,$1712,$8231,$-310,$6,$-255,$-249,$22,$0,$-43,$293,$272,$-287,$-0,$0,$0,$426,$-115,$311,$-3,$308,$-29,$0,$-29,$0,$0,$-0,$0,$-30,$-9,$0,$-0
35,2009-12-31,7.23,$24.22,0.3,$16.01,0.45,$-40.29,0.0,$-1.85,0.0,$0.86B,$4.79B,0.18,$0.99B,$2.01B,0.5,$1.31B,$-0.09B,-6.55%,$1.31B,$-0.28B,-20.94%,$1.31B,$-0.23B,-17.52%,$1.31B,$-0.21B,-15.92%,$1.31B,$-0.24B,-18.35%,$1.31B,$-0.15B,-11.20%,$-0.15B,$2.01B,-7.34%,$-0.15B,$2.01B,-7.34%,$-0.15B,$8.06B,-1.75%,$-0.28B,$3.00B,-8.99%,$393,$482,$-89,$0,$0,$551,$-158,$10,$-148,$-56,$-92,$-92,$-92,$-154,$-148,$82,82,$-1.10,$-1.07,$77,$0,$0,$860,$16,$6297,$0,$283,$7197,$8057,$4794,$994,$264,$1258,$6052,$0,$1602,$-71,$2005,$8057,$-148,$20,$-745,$-725,$-198,$406,$-148,$592,$900,$28,$-4,$0,$0,$0,$91,$91,$-4,$83,$-46,$-100,$-146,$0,$0,$-1,$0,$-146,$-34,$0,$-1
36,2009-09-30,10.46,$25.92,0.4,$11.96,0.87,$-44.76,0.0,$-3.84,0.0,$0.81B,$4.79B,0.17,$1.03B,$2.14B,0.48,$0.98B,$-0.57B,-58.43%,$0.98B,$-0.52B,-52.81%,$0.98B,$-0.47B,-47.80%,$0.98B,$-0.44B,-45.05%,$0.98B,$-0.48B,-48.72%,$0.98B,$-0.31B,-31.15%,$-0.31B,$2.14B,-15.18%,$-0.31B,$2.14B,-15.18%,$-0.31B,$8.36B,-3.63%,$-0.52B,$3.17B,-16.83%,$332,$419,$-87,$0,$0,$453,$-121,$8,$-113,$-43,$-70,$-70,$-70,$-92,$-110,$82,82,$-0.86,$-0.86,$44,$0,$0,$805,$17,$6588,$0,$444,$7559,$8364,$4792,$1028,$404,$1431,$6224,$0,$1694,$-31,$2141,$8364,$-56,$26,$-314,$-288,$-145,$-1771,$-107,$367,$-1407,$-1751,$-3,$0,$0,$-14,$1880,$1866,$-1,$1861,$-58,$-100,$-158,$0,$0,$-1,$0,$-158,$-48,$0,$-1
37,2009-06-30,2.69,$25.12,0.11,$13.11,0.21,$-24.89,0.0,$-2.52,0.0,$0.88B,$4.83B,0.18,$1.14B,$2.07B,0.55,$1.07B,$-0.63B,-59.29%,$1.07B,$-0.39B,-36.12%,$1.07B,$-0.33B,-31.33%,$1.07B,$-0.33B,-30.49%,$1.07B,$-0.34B,-31.71%,$1.07B,$-0.20B,-18.57%,$-0.20B,$2.07B,-9.62%,$-0.20B,$2.07B,-9.62%,$-0.20B,$8.46B,-2.38%,$-0.39B,$3.21B,-12.33%,$577,$159,$419,$0,$0,$229,$349,$5,$354,$122,$232,$232,$232,$366,$361,$81,82,$2.85,$2.82,$65,$0,$0,$879,$16,$6552,$0,$432,$7577,$8456,$4829,$1140,$420,$1560,$6389,$0,$1765,$-168,$2066,$8456,$14,$8,$-52,$-44,$-78,$-1784,$4,$40,$-1569,$-1598,$-1,$0,$0,$-48,$1617,$1568,$-1,$1566,$0,$0,$0,$0,$0,$-0,$0,$-0,$-31,$0,$-0
38,2009-03-31,1.8,$22.12,0.08,$10.66,0.17,$-7.81,0.0,$-10.25,0.0,$0.86B,$5.06B,0.17,$1.06B,$1.80B,0.59,$0.85B,$-1.22B,-142.86%,$0.85B,$-1.35B,-158.20%,$0.85B,$-1.30B,-151.99%,$0.85B,$-1.29B,-151.52%,$0.85B,$-1.29B,-151.41%,$0.85B,$-0.82B,-96.37%,$-0.82B,$1.80B,-38.19%,$-0.82B,$1.80B,-38.19%,$-0.82B,$8.70B,-9.89%,$-1.35B,$2.87B,-42.28%,$11,$341,$-329,$0,$0,$356,$-345,$11,$-334,$-117,$-217,$-217,$-217,$-329,$-333,$81,81,$-2.69,$-2.69,$77,$0,$0,$856,$17,$6584,$0,$531,$7847,$8704,$5059,$1064,$780,$1844,$6903,$0,$1512,$-176,$1801,$8704,$-217,$3,$199,$202,$-45,$-120,$-31,$2,$42,$27,$-1,$0,$0,$-344,$316,$-28,$-1,$-30,$0,$0,$0,$0,$0,$-0,$0,$-0,$-2,$0,$-0
39,2008-12-31,3.63,$25.06,0.14,$22.56,0.16,$-8.91,0.0,$-5.12,0.0,$0.66B,$4.46B,0.15,$1.02B,$2.03B,0.5,$1.81B,$-0.53B,-29.50%,$1.81B,$-0.73B,-40.62%,$1.81B,$-0.68B,-37.63%,$1.81B,$-0.68B,-37.63%,$1.81B,$-0.67B,-37.30%,$1.81B,$-0.41B,-22.69%,$-0.41B,$2.03B,-16.93%,$-0.41B,$2.03B,-16.93%,$-0.41B,$8.12B,-5.00%,$-0.73B,$3.05B,-21.21%,$59,$635,$-575,$0,$0,$459,$-400,$16,$-384,$-134,$-250,$-250,$-250,$-386,$-386,$80,80,$-3.12,$-3.11,$79,$0,$0,$662,$18,$6143,$0,$687,$7455,$8116,$4461,$1018,$606,$1624,$6085,$0,$1767,$-199,$2031,$8116,$-411,$16,$-1062,$-1046,$-458,$-513,$3,$1548,$1124,$-332,$-4,$0,$0,$-335,$648,$312,$-0,$309,$0,$-100,$-100,$0,$0,$-4,$13,$-91,$-120,$0,$-4
40,2008-09-30,4.96,$28.90,0.17,$18.31,0.27,$-0.98,0.0,$-9.75,0.0,$0.78B,$4.00B,0.2,$1.04B,$2.33B,0.44,$1.47B,$-0.96B,-65.28%,$1.47B,$-1.42B,-96.73%,$1.47B,$-1.37B,-93.06%,$1.47B,$-1.37B,-93.06%,$1.47B,$-1.42B,-96.46%,$1.47B,$-0.88B,-59.97%,$-0.88B,$2.33B,-33.96%,$-0.88B,$2.33B,-33.96%,$-0.88B,$8.05B,-10.71%,$-1.42B,$3.37B,-39.28%,$419,$566,$-147,$0,$0,$408,$11,$16,$26,$-10,$37,$37,$37,$24,$24,$80,80,$0.46,$0.46,$107,$0,$0,$782,$22,$6382,$0,$682,$7264,$8046,$4003,$1036,$675,$1711,$5714,$0,$2018,$-139,$2332,$8046,$-160,$0,$-990,$-990,$-277,$-389,$-94,$1274,$1059,$-124,$-4,$0,$0,$-98,$175,$77,$-2,$71,$0,$-50,$-50,$0,$0,$-3,$13,$-41,$-94,$0,$-3
41,2008-06-30,1.43,$30.54,0.05,$11.80,0.12,$4.64,0.31,$-18.99,0.0,$0.25B,$3.67B,0.07,$1.05B,$2.46B,0.43,$0.95B,$-1.28B,-135.62%,$0.95B,$-2.11B,-222.73%,$0.95B,$-2.05B,-217.02%,$0.95B,$-2.05B,-217.02%,$0.95B,$-2.57B,-271.35%,$0.95B,$-1.62B,-171.46%,$-1.62B,$2.46B,-56.46%,$-1.62B,$2.46B,-56.46%,$-1.62B,$8.41B,-19.61%,$-2.11B,$3.50B,-54.38%,$365,$535,$-169,$0,$0,$982,$-617,$16,$-601,$-209,$-393,$-393,$-393,$-603,$-603,$80,80,$-4.91,$-4.91,$148,$0,$0,$252,$24,$6568,$0,$1381,$8158,$8409,$3668,$1045,$1241,$2285,$5954,$0,$1981,$27,$2456,$8409,$-197,$0,$-876,$-876,$-143,$-318,$-47,$1127,$877,$-185,$-3,$0,$0,$255,$-126,$129,$-1,$125,$0,$0,$0,$0,$0,$-3,$13,$10,$-52,$0,$-3
42,2008-03-31,6.42,$35.64,0.18,$10.25,0.63,$9.81,0.65,$-13.82,0.0,$0.27B,$3.36B,0.08,$1.06B,$2.87B,0.37,$0.82B,$-1.07B,-129.73%,$0.82B,$-1.52B,-183.86%,$0.82B,$-1.46B,-177.55%,$0.82B,$-1.46B,-177.55%,$0.82B,$-1.94B,-235.56%,$0.82B,$-1.21B,-146.60%,$-1.21B,$2.87B,-36.67%,$-1.21B,$2.87B,-36.67%,$-1.21B,$8.25B,-14.73%,$-1.52B,$3.93B,-35.88%,$964,$607,$358,$0,$0,$692,$272,$13,$285,$89,$196,$196,$196,$285,$285,$80,80,$2.45,$2.44,$181,$0,$0,$272,$23,$6748,$0,$972,$7982,$8254,$3358,$1059,$917,$2029,$5387,$0,$2375,$46,$2867,$8254,$196,$0,$-611,$-611,$-3,$-291,$-20,$317,$260,$-62,$-0,$0,$0,$91,$-56,$35,$-0,$34,$0,$0,$0,$0,$0,$-2,$13,$11,$-20,$0,$-2
43,2007-12-31,11.35,$33.83,0.34,$2.47,4.6,$13.11,0.87,$-14.84,0.0,$0.37B,$3.01B,0.12,$0.95B,$2.72B,0.35,$0.20B,$-1.22B,-607.46%,$0.20B,$-1.65B,-821.89%,$0.20B,$-1.60B,-796.02%,$0.20B,$-1.60B,-796.02%,$0.20B,$-2.07B,-1028.86%,$0.20B,$-1.29B,-642.29%,$-1.29B,$2.72B,-35.65%,$-1.29B,$2.72B,-35.65%,$-1.29B,$8.21B,-15.81%,$-1.65B,$3.67B,-36.95%,$-279,$722,$-1001,$0,$0,$808,$-1087,$-40,$-1127,$-406,$-721,$-721,$-721,$-1073,$-1073,$80,80,$-9.09,$-9.08,$201,$0,$0,$366,$25,$6581,$0,$1004,$7845,$8210,$3008,$954,$1501,$2482,$5489,$0,$2181,$97,$2721,$8210,$-1290,$19,$587,$606,$0,$-140,$229,$881,$986,$302,$-4,$0,$0,$-470,$132,$-338,$-6,$-349,$200,$0,$200,$2,$2,$-6,$6,$202,$143,$0,$-6
44,2007-09-30,22.55,$42.86,0.53,$10.20,2.21,$15.12,1.49,$-5.14,0.0,$0.23B,$2.33B,0.1,$0.95B,$3.45B,0.28,$0.83B,$0.01B,1.45%,$0.83B,$-0.41B,-49.03%,$0.83B,$-0.36B,-43.00%,$0.83B,$-0.36B,-43.00%,$0.83B,$-0.71B,-85.99%,$0.83B,$-0.41B,-49.76%,$-0.41B,$3.45B,-10.41%,$-0.41B,$3.45B,-10.41%,$-0.41B,$8.22B,-5.08%,$-0.41B,$4.40B,-8.54%,$-104,$366,$-471,$0,$0,$571,$-675,$-449,$-1124,$-420,$-704,$-704,$-704,$-662,$-662,$80,80,$-8.82,$-8.82,$63,$0,$0,$226,$26,$6672,$0,$1057,$7989,$8215,$2325,$948,$831,$2443,$4767,$0,$2904,$107,$3447,$8215,$-569,$0,$429,$429,$0,$0,$102,$395,$444,$324,$-3,$0,$0,$-660,$202,$-458,$-57,$-518,$0,$200,$200,$2,$2,$-5,$5,$203,$5,$0,$-5
45,2007-06-30,52.17,$51.53,1.01,$15.44,3.38,$15.51,3.36,$5.00,10.43,$0.17B,$2.12B,0.08,$0.75B,$4.14B,0.18,$1.25B,$0.66B,52.39%,$1.25B,$0.37B,29.43%,$1.25B,$0.42B,33.25%,$1.25B,$0.42B,33.25%,$1.25B,$0.57B,45.30%,$1.25B,$0.40B,32.22%,$0.40B,$4.14B,9.88%,$0.40B,$4.14B,9.88%,$0.40B,$8.12B,5.06%,$0.37B,$4.89B,7.63%,$243,$198,$45,$0,$0,$268,$-25,$50,$25,$4,$21,$21,$21,$-13,$-13,$80,81,$0.26,$0.26,$109,$0,$0,$173,$30,$6623,$0,$1060,$7945,$8118,$2118,$748,$0,$1858,$3975,$0,$3609,$97,$4143,$8118,$135,$0,$41,$41,$0,$0,$44,$56,$48,$230,$-3,$0,$0,$-37,$-136,$-173,$-6,$-182,$0,$0,$0,$2,$2,$-3,$5,$4,$51,$0,$-3
46,2007-03-31,52.99,$52.00,1.02,$16.10,3.29,$15.52,3.41,$6.53,8.11,$0.20B,$2.04B,0.1,$0.75B,$4.18B,0.18,$1.32B,$0.81B,61.17%,$1.32B,$0.52B,39.21%,$1.32B,$0.57B,42.93%,$1.32B,$0.57B,42.93%,$1.32B,$0.74B,56.00%,$1.32B,$0.53B,40.35%,$0.53B,$4.18B,13.24%,$0.53B,$4.18B,13.24%,$0.53B,$8.13B,6.78%,$0.52B,$4.92B,10.85%,$341,$135,$206,$0,$0,$206,$135,$23,$158,$45,$113,$113,$113,$148,$148,$79,80,$1.43,$1.42,$133,$0,$0,$200,$32,$6596,$0,$1070,$7925,$8125,$2035,$748,$0,$1915,$3950,$0,$3591,$142,$4175,$8125,$113,$0,$27,$27,$0,$-8,$28,$6,$46,$204,$-2,$0,$0,$-95,$-44,$-139,$-6,$-147,$0,$0,$0,$12,$12,$-2,$4,$15,$75,$0,$-2
47,2006-12-31,52.02,$51.23,1.02,$16.06,3.24,$14.46,3.6,$7.07,7.36,$0.13B,$1.98B,0.06,$0.75B,$4.07B,0.18,$1.33B,$0.85B,63.73%,$1.33B,$0.56B,41.91%,$1.33B,$0.60B,45.45%,$1.33B,$0.60B,45.45%,$1.33B,$0.81B,61.17%,$1.33B,$0.58B,43.79%,$0.58B,$4.07B,14.89%,$0.58B,$4.07B,14.89%,$0.58B,$7.96B,7.60%,$0.56B,$4.82B,11.96%,$348,$115,$232,$0,$0,$189,$159,$71,$229,$71,$158,$158,$158,$171,$171,$81,82,$2.00,$1.97,$58,$0,$0,$126,$34,$6427,$0,$1152,$7834,$7960,$1984,$748,$32,$1909,$3893,$0,$3489,$162,$4068,$7960,$582,$37,$-190,$-153,$0,$-17,$275,$19,$54,$488,$-15,$0,$0,$144,$-320,$-176,$-4,$-195,$0,$0,$0,$-237,$-237,$-7,$5,$-238,$50,$0,$-7
