,Date,Stock Price,Book Value per Share,Price to Book Ratio,TTM Sales per Share,Price to Sales Ratio,TTM FCF per Share,Price to FCF Ratio,TTM Net EPS,PE Ratio,Current Assets,Current Liabilities,Current Ratio,Long Term Debt,Shareholder's Equity_x,Debt to Equity Ratio,TTM Revenue_x,TTM Gross Profit,Gross Margin,TTM Revenue_y,TTM Operating Income,Operating Margin,TTM Revenue_x,TTM EBIT,EBIT Margin,TTM Revenue_y,TTM EBITDA,EBITDA Margin,TTM Revenue_x,TTM Pre-Tax Income,Pre-Tax Margin,TTM Revenue_y,TTM Net Income_x,Net Margin,TTM Net Income_y,Shareholder's Equity_y,Return on Equity,TTM Net Income_x,Tangible Equity,Return on Tangible Equity,TTM Net Income_y,Total Assets,Return on Assets,TTM Net Income,LT Investments & Debt,Return on Investment,revenue,cost-goods-sold,gross-profit,research-development-expenses,selling-general-administrative-expenses,operating-expenses,operating-income,total-non-operating-income-expense,pre-tax-income,total-provision-income-taxes,income-after-taxes,income-from-continuous-operations,net-income,ebitda,ebit,basic-shares-outstanding,shares-outstanding,eps-basic-net-earnings-per-share,eps-earnings-per-share-diluted,cash-on-hand,inventory,other-current-assets,total-current-assets,net-property-plant-equipment,long-term-investments,goodwill-intangible-assets-total,other-long-term-assets,total-long-term-assets,total-assets,total-current-liabilities,long-term-debt,other-non-current-liabilities,total-long-term-liabilities,total-liabilities,common-stock-net,retained-earnings-accumulated-deficit,comprehensive-income,total-share-holder-equity,total-liabilities-share-holders-equity,net-income-loss,total-depreciation-amortization-cash-flow,other-non-cash-items,total-non-cash-items,change-in-accounts-receivable,change-in-inventories,change-in-accounts-payable,change-in-assets-liabilities,total-change-in-assets-liabilities,cash-flow-from-operating-activities,net-change-in-property-plant-equipment,net-change-in-intangible-assets,net-acquisitions-divestitures,net-change-in-short-term-investments,net-change-in-long-term-investments,net-change-in-investments-total,investing-activities-other,cash-flow-from-investing-activities,net-long-term-debt,net-current-debt,debt-issuance-retirement-net-total,net-common-equity-issued-repurchased,net-total-equity-issued-repurchased,total-common-preferred-stock-dividends-paid,financial-activities-other,cash-flow-from-financial-activities,net-cash-flow,stock-based-compensation,common-stock-dividends-paid
0,2016-09-30,13.74,$0.00,0.0,$4.51,3.05,$1.12,12.3,$-0.06,0.0,$0.25B,$0.08B,3.29,$0.00B,$0.31B,0.0,$0.20B,$0.16B,82.00%,$0.20B,$-0.01B,-3.50%,$0.20B,$-0.01B,-3.50%,$0.20B,$0.00B,2.00%,$0.20B,$0.00B,0.50%,$0.20B,$-0.00B,-1.00%,$-0.00B,$0.31B,-0.64%,$-0.00B,$0.28B,-0.72%,$-0.00B,$0.42B,-0.47%,$-0.01B,$0.31B,-2.24%,$59,$10,$48,$14,$31,$56,$3,$1,$4,$1,$3,$3,$3,$-1,$3,$46,49,$0.07,$0.06,$207,$17,$4,$249,$27,$76,$33,$38,$174,$423,$76,$0,$14,$38,$114,$1,$92,$1,$309,$423,$-7,$8,$7,$15,$5,$-0,$-4,$2,$7,$15,$-8,$0,$0,$0,$8,$8,$2,$1,$0,$0,$0,$-11,$-11,$0,$-0,$-11,$5,$8,$0
1,2016-06-30,11.26,$0.00,0.0,$4.47,2.52,$1.23,9.19,$0.01,0.0,$0.27B,$0.08B,3.31,$0.00B,$0.31B,0.0,$0.20B,$0.17B,82.59%,$0.20B,$-0.00B,-1.49%,$0.20B,$-0.00B,-1.49%,$0.20B,$0.01B,3.48%,$0.20B,$0.00B,1.99%,$0.20B,$0.00B,0.50%,$0.00B,$0.31B,0.32%,$0.00B,$0.28B,0.35%,$0.00B,$0.43B,0.23%,$-0.00B,$0.31B,-0.95%,$57,$10,$47,$15,$32,$57,$1,$2,$2,$1,$2,$2,$2,$1,$1,$45,47,$0.04,$0.04,$222,$16,$4,$268,$27,$84,$33,$19,$163,$431,$81,$0,$14,$41,$123,$1,$94,$1,$308,$431,$-4,$5,$5,$10,$0,$0,$-3,$9,$11,$17,$-6,$0,$0,$0,$0,$0,$-11,$-17,$0,$0,$0,$-12,$-12,$0,$-0,$-12,$-12,$6,$0
2,2016-03-31,11.83,$0.00,0.0,$4.52,2.62,$1.37,8.63,$0.19,62.26,$0.25B,$0.08B,3.12,$0.00B,$0.31B,0.0,$0.21B,$0.17B,82.61%,$0.21B,$0.01B,3.38%,$0.21B,$0.01B,3.38%,$0.21B,$0.02B,7.73%,$0.21B,$0.01B,6.76%,$0.21B,$0.01B,4.35%,$0.01B,$0.31B,2.78%,$0.01B,$0.28B,3.10%,$0.01B,$0.43B,2.06%,$0.01B,$0.31B,2.16%,$55,$10,$45,$15,$32,$57,$-2,$2,$-1,$0,$-1,$-1,$-1,$-2,$-2,$44,44,$-0.02,$-0.02,$200,$17,$5,$250,$27,$83,$33,$40,$183,$433,$80,$0,$14,$41,$121,$1,$96,$1,$312,$433,$-3,$3,$2,$5,$-1,$-0,$-4,$9,$7,$9,$-3,$0,$0,$0,$3,$3,$-4,$-4,$0,$0,$0,$-7,$-7,$0,$0,$-7,$-2,$3,$0
3,2015-12-31,15.34,$7.13,2.15,$4.63,3.31,$1.42,10.82,$0.39,39.33,$0.18B,$0.08B,2.31,$0.00B,$0.32B,0.0,$0.22B,$0.18B,82.41%,$0.22B,$0.02B,8.33%,$0.22B,$0.02B,8.33%,$0.22B,$0.03B,12.96%,$0.22B,$0.02B,11.11%,$0.22B,$0.02B,8.33%,$0.02B,$0.32B,5.50%,$0.02B,$0.29B,6.13%,$0.02B,$0.43B,4.12%,$0.02B,$0.32B,5.50%,$58,$11,$47,$15,$33,$53,$6,$1,$7,$5,$2,$2,$2,$6,$6,$43,43,$0.04,$0.04,$131,$16,$5,$178,$26,$88,$34,$105,$252,$431,$77,$0,$9,$34,$112,$1,$98,$1,$319,$431,$19,$9,$8,$9,$-1,$1,$-1,$4,$3,$39,$-14,$0,$0,$0,$41,$41,$-34,$-7,$0,$0,$0,$-44,$-44,$0,$1,$-44,$-11,$9,$0
4,2015-09-30,16.26,$0.00,0.0,$4.70,3.46,$1.76,9.24,$0.49,33.18,$0.14B,$0.08B,1.88,$0.00B,$0.32B,0.0,$0.22B,$0.18B,82.43%,$0.22B,$0.03B,11.26%,$0.22B,$0.03B,11.26%,$0.22B,$0.03B,14.41%,$0.22B,$0.03B,13.06%,$0.22B,$0.02B,10.36%,$0.02B,$0.32B,6.94%,$0.02B,$0.29B,7.74%,$0.02B,$0.43B,5.23%,$0.03B,$0.32B,7.55%,$53,$10,$43,$15,$31,$56,$-3,$2,$-1,$1,$-1,$-1,$-1,$2,$-3,$44,44,$-0.03,$-0.03,$92,$16,$0,$141,$0,$218,$34,$8,$260,$427,$75,$0,$30,$30,$105,$1,$94,$0,$322,$427,$14,$7,$7,$14,$1,$0,$-4,$-5,$-4,$23,$-11,$0,$0,$0,$36,$36,$-38,$-12,$0,$0,$0,$-36,$-36,$0,$1,$-35,$-24,$7,$0
5,2015-06-30,22.2,$0.00,0.0,$4.89,4.54,$1.49,14.94,$0.65,34.15,$0.13B,$0.08B,1.63,$0.00B,$0.34B,0.0,$0.23B,$0.19B,82.25%,$0.23B,$0.03B,14.29%,$0.23B,$0.03B,14.29%,$0.23B,$0.04B,16.45%,$0.23B,$0.04B,16.02%,$0.23B,$0.03B,12.99%,$0.03B,$0.34B,9.10%,$0.03B,$0.31B,10.16%,$0.03B,$0.45B,6.85%,$0.03B,$0.34B,10.02%,$51,$10,$41,$15,$31,$55,$-4,$1,$-4,$0,$-4,$-4,$-4,$10,$-4,$44,44,$-0.09,$-0.09,$81,$16,$0,$128,$0,$263,$34,$5,$302,$454,$78,$0,$32,$32,$110,$1,$61,$0,$344,$454,$14,$5,$5,$10,$2,$1,$-3,$2,$3,$26,$-7,$0,$0,$0,$17,$17,$-41,$-32,$0,$0,$0,$-12,$-12,$0,$0,$-12,$-17,$5,$0
6,2015-03-31,20.91,$0.00,0.0,$4.85,4.31,$1.09,19.23,$0.58,36.05,$0.13B,$0.08B,1.67,$0.00B,$0.33B,0.0,$0.23B,$0.19B,82.02%,$0.23B,$0.03B,12.72%,$0.23B,$0.03B,12.72%,$0.23B,$0.03B,14.04%,$0.23B,$0.03B,14.47%,$0.23B,$0.03B,11.84%,$0.03B,$0.33B,8.44%,$0.03B,$0.29B,9.46%,$0.03B,$0.44B,6.32%,$0.03B,$0.33B,9.06%,$49,$9,$40,$14,$31,$54,$-5,$1,$-4,$0,$-4,$-4,$-4,$10,$-5,$43,43,$-0.09,$-0.09,$77,$16,$0,$127,$0,$245,$34,$6,$286,$435,$76,$0,$33,$33,$109,$1,$86,$0,$325,$435,$6,$2,$3,$5,$-0,$1,$-3,$5,$0,$12,$-3,$0,$0,$0,$17,$17,$-23,$-9,$0,$0,$0,$-18,$-18,$0,$0,$-17,$-14,$2,$0
7,2014-12-31,22.02,$7.11,3.1,$4.73,4.65,$0.90,24.43,$0.53,41.55,$0.15B,$0.08B,2.0,$0.00B,$0.33B,0.0,$0.22B,$0.18B,81.98%,$0.22B,$0.03B,11.71%,$0.22B,$0.03B,11.71%,$0.22B,$0.03B,11.71%,$0.22B,$0.03B,13.51%,$0.22B,$0.03B,11.26%,$0.03B,$0.33B,7.95%,$0.03B,$0.30B,8.94%,$0.03B,$0.44B,5.96%,$0.03B,$0.33B,8.27%,$52,$10,$42,$12,$32,$54,$-2,$1,$-2,$1,$-2,$-2,$-2,$10,$-2,$43,43,$-0.05,$-0.05,$104,$17,$0,$152,$73,$226,$35,$7,$341,$443,$76,$0,$8,$34,$109,$1,$80,$0,$334,$443,$25,$8,$9,$8,$-1,$-3,$1,$7,$0,$52,$-9,$-1,$0,$0,$-4,$29,$-56,$-36,$0,$-27,$0,$7,$22,$0,$14,$9,$25,$7,$0
8,2014-09-30,17.66,$0.00,0.0,$4.58,3.86,$0.46,38.29,$0.46,38.39,$0.19B,$0.07B,2.62,$0.00B,$0.32B,0.0,$0.21B,$0.18B,81.78%,$0.21B,$0.02B,10.28%,$0.21B,$0.02B,10.28%,$0.21B,$0.02B,10.28%,$0.21B,$0.03B,12.15%,$0.21B,$0.02B,10.28%,$0.02B,$0.32B,7.22%,$0.02B,$0.28B,8.16%,$0.02B,$0.42B,5.42%,$0.02B,$0.32B,7.22%,$47,$9,$38,$13,$29,$51,$-4,$2,$-2,$0,$-2,$-2,$-2,$8,$-4,$44,44,$-0.06,$-0.06,$138,$16,$0,$193,$0,$172,$34,$2,$207,$420,$74,$0,$31,$31,$105,$1,$71,$0,$315,$420,$0,$0,$0,$0,$0,$0,$0,$0,$0,$0,$0,$0,$0,$0,$0,$0,$0,$0,$0,$0,$0,$0,$0,$0,$0,$0,$0,$0,$0
9,2014-06-30,16.87,$0.00,0.0,$4.39,3.84,$0.46,36.58,$0.35,48.2,$0.21B,$0.07B,2.82,$0.00B,$0.31B,0.0,$0.21B,$0.17B,81.46%,$0.21B,$0.02B,8.29%,$0.21B,$0.02B,8.29%,$0.21B,$0.02B,8.29%,$0.21B,$0.02B,10.24%,$0.21B,$0.02B,8.29%,$0.02B,$0.31B,5.70%,$0.02B,$0.27B,6.46%,$0.02B,$0.41B,4.29%,$0.02B,$0.31B,5.70%,$50,$9,$41,$13,$30,$52,$-2,$1,$-1,$0,$-1,$-1,$-1,$4,$-2,$44,44,$-0.03,$-0.03,$165,$15,$0,$208,$0,$145,$34,$5,$184,$410,$74,$0,$30,$30,$104,$1,$63,$0,$306,$410,$0,$0,$0,$0,$0,$0,$0,$0,$0,$0,$0,$0,$0,$0,$0,$0,$0,$0,$0,$0,$0,$0,$0,$0,$0,$0,$0,$0,$0
10,2014-03-31,17.68,$0.00,0.0,$4.26,4.15,$0.46,38.33,$0.38,46.53,$0.21B,$0.07B,2.9,$0.00B,$0.30B,0.0,$0.20B,$0.16B,81.41%,$0.20B,$0.02B,8.54%,$0.20B,$0.02B,8.54%,$0.20B,$0.02B,8.54%,$0.20B,$0.02B,11.06%,$0.20B,$0.02B,9.05%,$0.02B,$0.30B,6.16%,$0.02B,$0.27B,7.01%,$0.02B,$0.40B,4.65%,$0.02B,$0.30B,5.82%,$48,$9,$40,$13,$31,$53,$-4,$2,$-2,$0,$-3,$-3,$-3,$4,$-4,$44,44,$-0.06,$-0.06,$167,$15,$0,$210,$0,$137,$35,$5,$176,$404,$73,$0,$29,$29,$101,$1,$59,$0,$303,$404,$0,$0,$0,$0,$0,$0,$0,$0,$0,$0,$0,$0,$0,$0,$0,$0,$0,$0,$0,$0,$0,$0,$0,$0,$0,$0,$0,$0,$0
11,2013-12-31,17.98,$0.00,0.0,$4.13,4.35,$0.46,38.99,$0.39,46.1,$0.18B,$0.07B,2.7,$0.00B,$0.29B,0.0,$0.19B,$0.16B,81.35%,$0.19B,$0.02B,8.81%,$0.19B,$0.02B,8.81%,$0.19B,$0.02B,8.81%,$0.19B,$0.02B,11.40%,$0.19B,$0.02B,9.33%,$0.02B,$0.29B,6.29%,$0.02B,$0.26B,7.19%,$0.02B,$0.39B,4.75%,$0.02B,$0.29B,5.94%,$55,$10,$45,$13,$29,$52,$3,$2,$6,$2,$4,$4,$4,$6,$3,$45,45,$0.09,$0.09,$135,$14,$6,$180,$0,$151,$35,$5,$191,$389,$67,$0,$8,$28,$95,$1,$55,$0,$294,$389,$18,$8,$6,$8,$-6,$-2,$-1,$6,$-3,$30,$-9,$0,$-8,$0,$-12,$-12,$-1,$-30,$0,$0,$0,$-2,$-0,$0,$0,$-0,$0,$5,$0
12,2013-09-30,13.95,$0.00,0.0,$4.06,3.43,$0.90,15.43,$0.47,30.0,$0.14B,$0.07B,2.14,$0.00B,$0.29B,0.0,$0.19B,$0.15B,81.05%,$0.19B,$0.02B,10.53%,$0.19B,$0.02B,10.53%,$0.19B,$0.02B,10.53%,$0.19B,$0.03B,13.16%,$0.19B,$0.02B,11.05%,$0.02B,$0.29B,7.49%,$0.02B,$0.25B,8.54%,$0.02B,$0.38B,5.66%,$0.02B,$0.29B,7.13%,$48,$9,$40,$13,$27,$49,$-0,$1,$1,$0,$1,$1,$1,$3,$-0,$46,47,$0.01,$0.01,$91,$14,$9,$143,$0,$180,$36,$5,$221,$381,$67,$0,$24,$24,$92,$1,$49,$0,$289,$381,$0,$0,$0,$0,$0,$0,$0,$0,$0,$0,$0,$0,$0,$0,$0,$0,$0,$0,$0,$0,$0,$0,$0,$0,$0,$0,$0,$0,$0
13,2013-06-30,13.79,$0.00,0.0,$4.05,3.41,$0.90,15.25,$0.58,23.78,$0.10B,$0.07B,1.44,$0.00B,$0.28B,0.0,$0.19B,$0.15B,81.05%,$0.19B,$0.03B,13.16%,$0.19B,$0.03B,13.16%,$0.19B,$0.03B,13.16%,$0.19B,$0.03B,15.79%,$0.19B,$0.03B,13.68%,$0.03B,$0.28B,9.52%,$0.03B,$0.25B,10.84%,$0.03B,$0.38B,7.18%,$0.03B,$0.28B,9.15%,$56,$10,$46,$12,$26,$48,$8,$1,$9,$2,$7,$7,$7,$4,$8,$46,48,$0.16,$0.15,$55,$14,$6,$101,$0,$218,$37,$5,$259,$376,$70,$0,$24,$24,$94,$1,$46,$0,$282,$376,$0,$0,$0,$0,$0,$0,$0,$0,$0,$0,$0,$0,$0,$0,$0,$0,$0,$0,$0,$0,$0,$0,$0,$0,$0,$0,$0,$0,$0
14,2013-03-31,18.87,$0.00,0.0,$4.05,4.66,$0.90,20.87,$0.63,29.94,$0.10B,$0.07B,1.49,$0.00B,$0.28B,0.0,$0.19B,$0.15B,81.05%,$0.19B,$0.03B,15.26%,$0.19B,$0.03B,15.26%,$0.19B,$0.03B,15.26%,$0.19B,$0.03B,17.37%,$0.19B,$0.03B,15.26%,$0.03B,$0.28B,10.96%,$0.03B,$0.24B,12.49%,$0.03B,$0.37B,8.27%,$0.03B,$0.28B,10.96%,$57,$10,$47,$12,$28,$50,$7,$1,$8,$2,$6,$6,$6,$4,$7,$46,47,$0.14,$0.14,$63,$13,$5,$102,$0,$214,$37,$2,$253,$370,$69,$0,$22,$22,$90,$1,$41,$0,$280,$370,$0,$0,$0,$0,$0,$0,$0,$0,$0,$0,$0,$0,$0,$0,$0,$0,$0,$0,$0,$0,$0,$0,$0,$0,$0,$0,$0,$0,$0
15,2012-12-31,16.5,$0.00,0.0,$4.06,4.06,$0.90,18.25,$0.68,24.26,$0.12B,$0.07B,1.85,$0.00B,$0.27B,0.0,$0.19B,$0.15B,80.53%,$0.19B,$0.03B,16.32%,$0.19B,$0.03B,16.32%,$0.19B,$0.03B,16.32%,$0.19B,$0.04B,18.95%,$0.19B,$0.03B,16.84%,$0.03B,$0.27B,12.62%,$0.03B,$0.24B,14.37%,$0.03B,$0.36B,9.50%,$0.03B,$0.27B,12.23%,$61,$11,$50,$11,$29,$51,$10,$1,$11,$2,$9,$9,$9,$9,$10,$46,47,$0.20,$0.19,$88,$13,$4,$123,$0,$190,$30,$2,$221,$358,$67,$0,$3,$20,$86,$1,$37,$0,$271,$358,$32,$12,$0,$12,$0,$0,$0,$0,$3,$52,$-9,$0,$0,$0,$0,$-51,$-0,$-60,$0,$0,$0,$0,$11,$0,$0,$11,$3,$0,$0
16,2012-09-30,18.01,$0.00,0.0,$3.98,4.52,$0.80,22.57,$0.63,28.59,$0.16B,$0.06B,2.5,$0.00B,$0.26B,0.0,$0.19B,$0.15B,80.54%,$0.19B,$0.03B,15.14%,$0.19B,$0.03B,15.14%,$0.19B,$0.03B,15.14%,$0.19B,$0.03B,17.84%,$0.19B,$0.03B,16.22%,$0.03B,$0.26B,12.47%,$0.03B,$0.23B,14.35%,$0.03B,$0.34B,9.33%,$0.03B,$0.26B,11.64%,$57,$10,$47,$11,$28,$49,$8,$1,$9,$2,$8,$8,$8,$8,$8,$45,47,$0.17,$0.17,$123,$13,$4,$156,$0,$144,$30,$1,$176,$344,$62,$0,$22,$22,$84,$1,$28,$0,$260,$344,$0,$0,$0,$0,$0,$0,$0,$0,$0,$0,$0,$0,$0,$0,$0,$0,$0,$0,$0,$0,$0,$0,$0,$0,$0,$0,$0,$0,$0
17,2012-06-30,19.15,$0.00,0.0,$3.89,4.92,$0.80,23.99,$0.58,33.3,$0.17B,$0.06B,2.75,$0.00B,$0.25B,0.0,$0.18B,$0.14B,80.45%,$0.18B,$0.03B,13.97%,$0.18B,$0.03B,13.97%,$0.18B,$0.03B,13.97%,$0.18B,$0.03B,16.76%,$0.18B,$0.03B,15.08%,$0.03B,$0.25B,11.87%,$0.03B,$0.22B,13.81%,$0.03B,$0.33B,8.78%,$0.03B,$0.25B,10.99%,$53,$10,$43,$11,$28,$49,$4,$1,$5,$1,$4,$4,$4,$8,$4,$45,47,$0.09,$0.08,$136,$12,$3,$169,$0,$117,$31,$1,$150,$330,$62,$0,$21,$21,$82,$1,$20,$0,$247,$330,$0,$0,$0,$0,$0,$0,$0,$0,$0,$0,$0,$0,$0,$0,$0,$0,$0,$0,$0,$0,$0,$0,$0,$0,$0,$0,$0,$0,$0
18,2012-03-31,18.72,$0.00,0.0,$3.79,4.94,$0.80,23.46,$0.52,36.0,$0.16B,$0.06B,2.67,$0.00B,$0.24B,0.0,$0.17B,$0.14B,80.35%,$0.17B,$0.02B,12.14%,$0.17B,$0.02B,12.14%,$0.17B,$0.02B,12.14%,$0.17B,$0.03B,15.03%,$0.17B,$0.02B,13.87%,$0.02B,$0.24B,11.09%,$0.02B,$0.20B,13.06%,$0.02B,$0.32B,8.10%,$0.02B,$0.24B,9.70%,$51,$9,$42,$11,$27,$47,$4,$2,$5,$1,$4,$4,$4,$6,$4,$45,47,$0.09,$0.09,$130,$12,$0,$161,$0,$108,$32,$4,$145,$316,$60,$0,$20,$20,$80,$1,$12,$0,$236,$316,$0,$0,$0,$0,$0,$0,$0,$0,$0,$0,$0,$0,$0,$0,$0,$0,$0,$0,$0,$0,$0,$0,$0,$0,$0,$0,$0,$0,$0
19,2011-12-31,14.63,$0.00,0.0,$3.65,4.0,$0.80,18.32,$0.47,31.45,$0.15B,$0.05B,2.97,$0.00B,$0.22B,0.0,$0.17B,$0.13B,80.24%,$0.17B,$0.02B,10.78%,$0.17B,$0.02B,10.78%,$0.17B,$0.02B,10.78%,$0.17B,$0.02B,13.77%,$0.17B,$0.02B,12.57%,$0.02B,$0.22B,10.18%,$0.02B,$0.19B,12.16%,$0.02B,$0.30B,7.36%,$0.02B,$0.22B,8.73%,$53,$10,$43,$11,$27,$47,$6,$1,$7,$1,$6,$6,$6,$6,$6,$45,47,$0.13,$0.12,$116,$12,$4,$145,$0,$103,$33,$4,$140,$296,$49,$0,$4,$27,$76,$1,$5,$0,$219,$296,$21,$14,$0,$14,$0,$0,$0,$0,$2,$42,$-6,$0,$0,$0,$0,$-43,$-0,$-49,$0,$0,$0,$0,$9,$0,$1,$9,$2,$0,$0
20,2011-09-30,10.8,$0.00,0.0,$3.52,3.07,0,0.0,$0.41,26.65,$0.13B,$0.06B,2.33,$0.00B,$0.21B,0.0,$0.16B,$0.13B,80.12%,$0.16B,$0.02B,9.32%,$0.16B,$0.02B,9.32%,$0.16B,$0.02B,9.32%,$0.16B,$0.02B,12.42%,$0.16B,$0.02B,11.18%,$0.02B,$0.21B,9.10%,$0.02B,$0.18B,11.03%,$0.02B,$0.29B,6.50%,$0.02B,$0.21B,7.59%,$48,$9,$39,$10,$25,$45,$3,$1,$4,$2,$3,$3,$3,$5,$3,$45,47,$0.06,$0.06,$101,$11,$0,$133,$0,$101,$34,$9,$143,$288,$57,$0,$23,$23,$80,$1,$-1,$0,$208,$288,$0,$0,$0,$0,$0,$0,$0,$0,$0,$0,$0,$0,$0,$0,$0,$0,$0,$0,$0,$0,$0,$0,$0,$0,$0,$0,$0,$0,$0
21,2011-06-30,17.42,$0.00,0.0,$3.43,5.08,0,0.0,$0.37,47.08,$0.12B,$0.06B,2.03,$0.00B,$0.20B,0.0,$0.16B,$0.12B,79.49%,$0.16B,$0.01B,8.33%,$0.16B,$0.01B,8.33%,$0.16B,$0.01B,8.33%,$0.16B,$0.02B,11.54%,$0.16B,$0.02B,10.90%,$0.02B,$0.20B,8.92%,$0.02B,$0.17B,10.99%,$0.02B,$0.29B,6.36%,$0.01B,$0.20B,6.82%,$47,$9,$38,$10,$23,$42,$4,$1,$6,$1,$5,$5,$5,$4,$4,$45,47,$0.11,$0.11,$89,$11,$4,$120,$0,$110,$35,$9,$154,$285,$59,$0,$23,$23,$82,$1,$-7,$0,$203,$285,$0,$0,$0,$0,$0,$0,$0,$0,$0,$0,$0,$0,$0,$0,$0,$0,$0,$0,$0,$0,$0,$0,$0,$0,$0,$0,$0,$0,$0
22,2011-03-31,17.72,$0.00,0.0,$3.37,5.26,0,0.0,$0.30,59.07,$0.11B,$0.05B,1.98,$0.00B,$0.20B,0.0,$0.15B,$0.12B,79.33%,$0.15B,$0.01B,7.33%,$0.15B,$0.01B,7.33%,$0.15B,$0.01B,7.33%,$0.15B,$0.02B,10.00%,$0.15B,$0.01B,8.67%,$0.01B,$0.20B,7.24%,$0.01B,$0.16B,9.12%,$0.01B,$0.27B,5.13%,$0.01B,$0.20B,6.13%,$45,$9,$37,$10,$23,$41,$4,$1,$5,$1,$4,$4,$4,$3,$4,$45,47,$0.10,$0.10,$78,$11,$0,$107,$0,$110,$36,$9,$154,$273,$54,$0,$23,$23,$77,$1,$-12,$0,$195,$273,$0,$0,$0,$0,$0,$0,$0,$0,$0,$0,$0,$0,$0,$0,$0,$0,$0,$0,$0,$0,$0,$0,$0,$0,$0,$0,$0,$0,$0
23,2010-12-31,18.76,$0.00,0.0,$3.35,5.6,0,0.0,$0.22,85.25,$0.12B,$0.05B,2.27,$0.00B,$0.19B,0.0,$0.14B,$0.11B,79.17%,$0.14B,$0.01B,6.25%,$0.14B,$0.01B,6.25%,$0.14B,$0.01B,6.25%,$0.14B,$0.01B,7.64%,$0.14B,$0.01B,6.94%,$0.01B,$0.19B,5.91%,$0.01B,$0.15B,7.62%,$0.01B,$0.26B,4.18%,$0.01B,$0.19B,5.32%,$50,$9,$40,$9,$22,$41,$9,$1,$10,$1,$9,$9,$9,$3,$9,$44,47,$0.21,$0.20,$91,$10,$3,$121,$0,$83,$36,$9,$128,$261,$53,$0,$4,$23,$76,$1,$-16,$0,$185,$261,$0,$0,$0,$0,$0,$0,$0,$0,$0,$0,$0,$0,$0,$0,$0,$0,$0,$0,$0,$0,$0,$0,$0,$0,$0,$0,$0,$0,$0
24,2010-09-30,17.18,$0.00,0.0,$3.33,5.17,$0.22,77.39,$0.18,95.44,$0.11B,$0.05B,2.12,$0.00B,$0.18B,0.0,$0.14B,$0.11B,78.83%,$0.14B,$0.01B,5.11%,$0.14B,$0.01B,5.11%,$0.14B,$0.01B,5.11%,$0.14B,$0.01B,6.57%,$0.14B,$0.01B,5.84%,$0.01B,$0.18B,4.99%,$0.01B,$0.14B,6.58%,$0.01B,$0.25B,3.54%,$0.01B,$0.18B,4.37%,$48,$9,$39,$9,$21,$40,$8,$1,$9,$1,$8,$8,$8,$3,$8,$44,47,$0.19,$0.18,$80,$10,$3,$107,$0,$67,$38,$28,$133,$251,$51,$0,$21,$21,$72,$1,$-20,$0,$179,$251,$0,$0,$0,$0,$0,$0,$0,$0,$0,$0,$0,$0,$0,$0,$0,$0,$0,$0,$0,$0,$0,$0,$0,$0,$0,$0,$0,$0,$0
25,2010-06-30,10.24,$0.00,0.0,$3.25,3.15,$0.22,46.1,$0.10,102.35,$0.10B,$0.05B,2.03,$0.00B,$0.16B,0.0,$0.13B,$0.10B,79.07%,$0.13B,$0.00B,3.10%,$0.13B,$0.00B,3.10%,$0.13B,$0.00B,3.10%,$0.13B,$0.01B,3.88%,$0.13B,$0.00B,3.10%,$0.00B,$0.16B,2.63%,$0.00B,$0.12B,3.56%,$0.00B,$0.23B,1.87%,$0.00B,$0.16B,2.63%,$47,$9,$38,$9,$21,$39,$8,$1,$9,$1,$8,$8,$8,$2,$8,$44,47,$0.17,$0.16,$70,$10,$3,$96,$0,$55,$39,$28,$121,$228,$47,$0,$22,$22,$69,$0,$-24,$0,$159,$228,$0,$0,$0,$0,$0,$0,$0,$0,$0,$0,$0,$0,$0,$0,$0,$0,$0,$0,$0,$0,$0,$0,$0,$0,$0,$0,$0,$0,$0
26,2010-03-31,11.04,$0.00,0.0,$3.13,3.52,$0.22,49.73,$0.02,552.0,$0.09B,$0.04B,2.15,$0.00B,$0.15B,0.0,$0.12B,$0.10B,78.51%,$0.12B,0,0.00%,$0.12B,0,0.00%,$0.12B,0,0.00%,$0.12B,$0.00B,1.65%,$0.12B,$0.00B,0.83%,$0.00B,$0.15B,0.67%,$0.00B,$0.12B,0.93%,$0.00B,$0.22B,0.48%,$0.00B,$0.15B,0.00%,$45,$9,$36,$9,$21,$39,$6,$2,$8,$1,$7,$7,$7,$1,$6,$43,46,$0.16,$0.15,$66,$10,$3,$91,$0,$47,$38,$28,$114,$216,$42,$0,$20,$20,$63,$0,$-25,$0,$154,$216,$0,$0,$0,$0,$0,$0,$0,$0,$0,$0,$0,$0,$0,$0,$0,$0,$0,$0,$0,$0,$0,$0,$0,$0,$0,$0,$0,$0,$0
27,2009-12-31,7.56,$0.00,0.0,$2.86,2.65,$0.22,34.05,$-0.16,0.0,$0.09B,$0.04B,2.28,$0.00B,$0.15B,0.0,$0.11B,$0.09B,78.70%,$0.11B,$-0.01B,-6.48%,$0.11B,$-0.01B,-6.48%,$0.11B,$-0.01B,-6.48%,$0.11B,$-0.01B,-4.63%,$0.11B,$-0.01B,-5.56%,$-0.01B,$0.15B,-4.13%,$-0.01B,$0.11B,-5.80%,$-0.01B,$0.21B,-2.98%,$-0.01B,$0.15B,-4.82%,$45,$9,$36,$9,$21,$39,$6,$1,$7,$0,$7,$7,$7,$1,$6,$42,45,$0.16,$0.15,$59,$10,$3,$88,$0,$70,$39,$0,$109,$209,$39,$0,$4,$21,$59,$0,$-26,$0,$149,$209,$-6,$12,$0,$12,$0,$0,$0,$0,$6,$14,$-6,$0,$-18,$0,$0,$-0,$0,$-24,$0,$0,$0,$0,$1,$0,$1,$1,$-8,$0,$0
28,2009-09-30,5.62,$0.00,0.0,$2.68,2.09,$-0.38,0.0,$-0.39,0.0,$0.09B,$0.04B,2.23,$0.00B,$0.15B,0.0,$0.10B,$0.09B,84.16%,$0.10B,$0.02B,16.83%,$0.10B,$0.02B,16.83%,$0.10B,$0.02B,16.83%,$0.10B,$0.02B,17.82%,$0.10B,$-0.02B,-14.85%,$-0.02B,$0.15B,-10.34%,$-0.02B,$0.10B,-13.73%,$-0.02B,$0.20B,-7.67%,$0.02B,$0.15B,11.72%,$42,$9,$34,$9,$20,$37,$5,$1,$6,$0,$5,$5,$5,$-0,$5,$42,46,$0.13,$0.12,$66,$9,$0,$93,$0,$54,$42,$2,$98,$203,$42,$0,$16,$16,$58,$0,$-28,$0,$146,$203,$0,$0,$0,$0,$0,$0,$0,$0,$0,$0,$0,$0,$0,$0,$0,$0,$0,$0,$0,$0,$0,$0,$0,$0,$0,$0,$0,$0,$0
29,2009-06-30,3.85,$0.00,0.0,$2.53,1.52,$-0.38,0.0,$-0.62,0.0,$0.11B,$0.04B,2.68,$0.00B,$0.14B,0.0,$0.10B,$0.09B,89.58%,$0.10B,$0.04B,42.71%,$0.10B,$0.04B,42.71%,$0.10B,$0.04B,42.71%,$0.10B,$0.04B,43.75%,$0.10B,$-0.02B,-23.96%,$-0.02B,$0.14B,-21.20%,$-0.02B,$0.10B,-27.63%,$-0.02B,$0.20B,-15.89%,$0.04B,$0.14B,37.79%,$41,$8,$33,$9,$20,$37,$4,$1,$5,$0,$5,$5,$5,$-2,$4,$42,46,$0.12,$0.11,$81,$8,$0,$107,$0,$34,$43,$2,$79,$198,$40,$0,$14,$14,$54,$0,$-28,$0,$144,$198,$0,$0,$0,$0,$0,$0,$0,$0,$0,$0,$0,$0,$0,$0,$0,$0,$0,$0,$0,$0,$0,$0,$0,$0,$0,$0,$0,$0,$0
30,2009-03-31,2.91,$0.00,0.0,$2.41,1.21,$-0.38,0.0,$-0.75,0.0,$0.09B,$0.04B,2.41,$0.00B,$0.14B,0.0,$0.09B,$0.08B,90.32%,$0.09B,$0.04B,37.63%,$0.09B,$0.04B,37.63%,$0.09B,$0.04B,37.63%,$0.09B,$0.04B,38.71%,$0.09B,$-0.03B,-30.11%,$-0.03B,$0.14B,-24.56%,$-0.03B,$0.10B,-29.55%,$-0.03B,$0.20B,-19.02%,$0.04B,$0.14B,30.70%,$39,$8,$31,$9,$19,$35,$3,$1,$5,$0,$4,$4,$4,$-6,$3,$41,46,$0.11,$0.10,$69,$9,$0,$93,$0,$46,$44,$2,$91,$196,$39,$0,$15,$15,$53,$0,$-26,$0,$142,$196,$0,$0,$0,$0,$0,$0,$0,$0,$0,$0,$0,$0,$0,$0,$0,$0,$0,$0,$0,$0,$0,$0,$0,$0,$0,$0,$0,$0,$0
31,2008-12-31,2.7,$0.00,0.0,$2.43,1.11,$-0.38,0.0,$-0.80,0.0,$0.11B,$0.03B,3.88,$0.00B,$0.15B,0.0,$0.10B,$0.09B,90.53%,$0.10B,$0.03B,33.68%,$0.10B,$0.03B,33.68%,$0.10B,$0.03B,33.68%,$0.10B,$0.03B,35.79%,$0.10B,$-0.03B,-31.58%,$-0.03B,$0.15B,-24.74%,$-0.03B,$0.13B,-27.40%,$-0.03B,$0.19B,-19.77%,$0.03B,$0.15B,26.39%,$39,$8,$31,$8,$19,$36,$3,$1,$4,$0,$4,$4,$4,$25,$3,$41,46,$0.10,$0.09,$89,$7,$0,$111,$0,$47,$15,$0,$63,$185,$29,$0,$4,$9,$37,$0,$-20,$0,$148,$185,$-31,$7,$0,$7,$0,$0,$0,$0,$4,$-10,$-5,$0,$0,$0,$0,$-24,$10,$-19,$0,$0,$0,$0,$-5,$0,$0,$-5,$-33,$0,$0
32,2008-09-30,4.17,$0.00,0.0,$2.40,1.73,$-0.20,0.0,$-0.66,0.0,$0.00B,$0.00B,0.0,$0.00B,$0.00B,0.0,$0.09B,$0.08B,85.11%,$0.09B,$0.00B,3.19%,$0.09B,$0.00B,3.19%,$0.09B,$0.00B,3.19%,$0.09B,$0.01B,7.45%,$0.09B,$-0.03B,-26.60%,$-0.03B,$0.00B,-19.46%,$-0.03B,$0.00B,-21.60%,$-0.03B,$0.00B,-15.67%,$0.00B,$0.00B,2.33%,$37,$7,$29,$8,$18,$34,$3,$1,$4,$0,$4,$4,$4,$24,$3,$39,44,$0.10,$0.09,$0,$0,$0,$0,$0,$0,$0,$0,$0,$0,$0,$0,$0,$0,$0,$0,$0,$0,$0,$0,$0,$0,$0,$0,$0,$0,$0,$0,$0,$0,$0,$0,$0,$0,$0,$0,$0,$0,$0,$0,$0,$0,$0,$0,$0,$0,$0,$0,$0
33,2008-06-30,4.41,$0.00,0.0,$2.38,1.85,$-0.20,0.0,$-0.51,0.0,$0.11B,$0.04B,3.16,$0.00B,$0.17B,0.0,$0.09B,$0.07B,79.57%,$0.09B,$-0.03B,-26.88%,$0.09B,$-0.03B,-26.88%,$0.09B,$-0.03B,-26.88%,$0.09B,$-0.02B,-20.43%,$0.09B,$-0.02B,-21.51%,$-0.02B,$0.17B,-11.58%,$-0.02B,$0.15B,-12.78%,$-0.02B,$0.21B,-9.38%,$-0.03B,$0.17B,-14.47%,$35,$7,$28,$8,$19,$33,$2,$-0,$2,$0,$1,$1,$1,$-8,$2,$38,42,$0.04,$0.04,$91,$6,$0,$114,$0,$58,$19,$5,$82,$208,$36,$0,$7,$7,$43,$0,$-4,$0,$166,$208,$0,$0,$0,$0,$0,$0,$0,$0,$0,$0,$0,$0,$0,$0,$0,$0,$0,$0,$0,$0,$0,$0,$0,$0,$0,$0,$0,$0,$0
34,2008-03-31,5.11,$0.00,0.0,$2.33,2.19,$-0.20,0.0,$-0.43,0.0,$0.14B,$0.04B,3.65,$0.00B,$0.17B,0.0,$0.09B,$0.07B,80.00%,$0.09B,$-0.02B,-25.56%,$0.09B,$-0.02B,-25.56%,$0.09B,$-0.02B,-25.56%,$0.09B,$-0.02B,-17.78%,$0.09B,$-0.02B,-18.89%,$-0.02B,$0.17B,-9.67%,$-0.02B,$0.16B,-10.68%,$-0.02B,$0.21B,-7.91%,$-0.02B,$0.17B,-13.09%,$33,$7,$26,$7,$18,$32,$1,$0,$1,$0,$1,$1,$1,$-9,$1,$38,40,$0.02,$0.02,$112,$6,$0,$135,$0,$33,$13,$15,$67,$214,$37,$0,$6,$6,$43,$0,$3,$0,$171,$214,$0,$0,$0,$0,$0,$0,$0,$0,$0,$0,$0,$0,$0,$0,$0,$0,$0,$0,$0,$0,$0,$0,$0,$0,$0,$0,$0,$0,$0
35,2007-12-31,7.7,$0.00,0.0,$2.27,3.38,$-0.20,0.0,$-0.31,0.0,$0.18B,$0.03B,5.24,$0.00B,$0.18B,0.0,$0.09B,$0.07B,78.41%,$0.09B,$-0.02B,-21.59%,$0.09B,$-0.02B,-21.59%,$0.09B,$-0.02B,-21.59%,$0.09B,$-0.01B,-13.64%,$0.09B,$-0.01B,-14.77%,$-0.01B,$0.18B,-7.30%,$-0.01B,$0.16B,-8.05%,$-0.01B,$0.22B,-6.03%,$-0.02B,$0.18B,-10.67%,$32,$8,$25,$6,$17,$31,$1,$1,$2,$0,$2,$2,$2,$-4,$1,$38,39,$0.05,$0.05,$142,$5,$10,$178,$0,$7,$18,$0,$26,$216,$34,$0,$5,$5,$39,$0,$11,$0,$177,$216,$-12,$5,$0,$5,$0,$0,$0,$0,$5,$-1,$-7,$0,$-7,$0,$0,$50,$-0,$36,$0,$0,$0,$0,$1,$0,$0,$1,$36,$0,$0
36,2007-09-30,7.85,$0.00,0.0,$2.19,3.58,$0.04,217.31,$-0.26,0.0,$0.17B,$0.03B,4.96,$0.00B,$0.18B,0.0,$0.09B,$0.07B,78.82%,$0.09B,$-0.02B,-20.00%,$0.09B,$-0.02B,-20.00%,$0.09B,$-0.02B,-20.00%,$0.09B,$-0.01B,-11.76%,$0.09B,$-0.01B,-12.94%,$-0.01B,$0.18B,-6.14%,$-0.01B,$0.16B,-6.68%,$-0.01B,$0.22B,-5.10%,$-0.02B,$0.18B,-9.48%,$29,$6,$23,$7,$17,$30,$-0,$1,$0,$0,$0,$0,$0,$-4,$-0,$38,38,$0.01,$0.01,$141,$5,$0,$166,$0,$10,$13,$8,$37,$215,$34,$0,$5,$5,$38,$0,$13,$0,$177,$215,$0,$0,$0,$0,$0,$0,$0,$0,$0,$0,$0,$0,$0,$0,$0,$0,$0,$0,$0,$0,$0,$0,$0,$0,$0,$0,$0,$0,$0
37,2007-06-30,7.28,$0.00,0.0,$2.12,3.43,$0.04,201.52,$-0.22,0.0,$0.16B,$0.03B,4.77,$0.00B,$0.18B,0.0,$0.08B,$0.07B,79.27%,$0.08B,$-0.02B,-19.51%,$0.08B,$-0.02B,-19.51%,$0.08B,$-0.02B,-19.51%,$0.08B,$-0.01B,-10.98%,$0.08B,$-0.01B,-10.98%,$-0.01B,$0.18B,-5.01%,$-0.01B,$0.16B,-5.41%,$-0.01B,$0.22B,-4.20%,$-0.02B,$0.18B,-8.90%,$27,$6,$21,$7,$17,$29,$-2,$1,$-1,$0,$-2,$-2,$-2,$-6,$-2,$38,38,$-0.05,$-0.05,$134,$6,$0,$156,$0,$28,$20,$0,$48,$215,$33,$0,$5,$5,$37,$0,$16,$0,$178,$215,$0,$0,$0,$0,$0,$0,$0,$0,$0,$0,$0,$0,$0,$0,$0,$0,$0,$0,$0,$0,$0,$0,$0,$0,$0,$0,$0,$0,$0
38,2007-03-31,6.75,$0.00,0.0,$2.08,3.24,$0.04,186.98,$-0.13,0.0,$0.16B,$0.04B,4.58,$0.00B,$0.18B,0.0,$0.08B,$0.06B,79.01%,$0.08B,$-0.01B,-14.81%,$0.08B,$-0.01B,-14.81%,$0.08B,$-0.01B,-14.81%,$0.08B,$-0.01B,-7.41%,$0.08B,$-0.01B,-7.41%,$-0.01B,$0.18B,-3.31%,$-0.01B,$0.17B,-3.52%,$-0.01B,$0.22B,-2.80%,$-0.01B,$0.18B,-6.61%,$20,$4,$16,$6,$16,$26,$-6,$0,$-6,$0,$-6,$-6,$-6,$-5,$-6,$38,38,$-0.16,$-0.16,$138,$6,$0,$162,$0,$27,$13,$3,$43,$216,$35,$0,$0,$0,$35,$0,$20,$0,$180,$216,$0,$0,$0,$0,$0,$0,$0,$0,$0,$0,$0,$0,$0,$0,$0,$0,$0,$0,$0,$0,$0,$0,$0,$0,$0,$0,$0,$0,$0
39,2006-12-31,7.95,$0.00,0.0,$2.07,3.83,$0.04,220.08,$-0.03,0.0,$0.17B,$0.03B,5.69,$0.00B,$0.18B,0.0,$0.08B,$0.07B,80.25%,$0.08B,$-0.01B,-9.88%,$0.08B,$-0.01B,-9.88%,$0.08B,$-0.01B,-9.88%,$0.08B,$-0.00B,-2.47%,$0.08B,$-0.00B,-2.47%,$-0.00B,$0.18B,-1.10%,$-0.00B,$0.17B,-1.17%,$-0.00B,$0.22B,-0.94%,$-0.01B,$0.18B,-4.39%,$25,$0,$25,$0,$0,$0,$25,$0,$25,$0,$25,$-7,$-7,$-2,$25,$38,38,$-0.19,$-0.19,$140,$7,$0,$167,$0,$27,$12,$0,$40,$216,$29,$0,$4,$4,$33,$0,$23,$0,$182,$216,$-1,$3,$0,$3,$0,$0,$0,$0,$-0,$7,$-6,$0,$-3,$0,$0,$-41,$10,$-40,$0,$0,$0,$0,$2,$0,$0,$2,$-31,$0,$0
