,Date,Stock Price,Book Value per Share,Price to Book Ratio,TTM Sales per Share,Price to Sales Ratio,TTM FCF per Share,Price to FCF Ratio,TTM Net EPS,PE Ratio,Current Assets,Current Liabilities,Current Ratio,Long Term Debt,Shareholder's Equity_x,Debt to Equity Ratio,TTM Revenue_x,TTM Gross Profit,Gross Margin,TTM Revenue_y,TTM Operating Income,Operating Margin,TTM Revenue_x,TTM EBIT,EBIT Margin,TTM Revenue_y,TTM EBITDA,EBITDA Margin,TTM Revenue_x,TTM Pre-Tax Income,Pre-Tax Margin,TTM Revenue_y,TTM Net Income_x,Net Margin,TTM Net Income_y,Shareholder's Equity_y,Return on Equity,TTM Net Income_x,Tangible Equity,Return on Tangible Equity,TTM Net Income_y,Total Assets,Return on Assets,TTM Net Income,LT Investments & Debt,Return on Investment,revenue,cost-goods-sold,gross-profit,research-development-expenses,selling-general-administrative-expenses,operating-expenses,operating-income,total-non-operating-income-expense,pre-tax-income,total-provision-income-taxes,income-after-taxes,income-from-continuous-operations,net-income,ebitda,ebit,basic-shares-outstanding,shares-outstanding,eps-basic-net-earnings-per-share,eps-earnings-per-share-diluted,cash-on-hand,inventory,other-current-assets,total-current-assets,net-property-plant-equipment,long-term-investments,goodwill-intangible-assets-total,other-long-term-assets,total-long-term-assets,total-assets,total-current-liabilities,long-term-debt,other-non-current-liabilities,total-long-term-liabilities,total-liabilities,common-stock-net,retained-earnings-accumulated-deficit,comprehensive-income,total-share-holder-equity,total-liabilities-share-holders-equity,net-income-loss,total-depreciation-amortization-cash-flow,other-non-cash-items,total-non-cash-items,change-in-accounts-receivable,change-in-inventories,change-in-accounts-payable,change-in-assets-liabilities,total-change-in-assets-liabilities,cash-flow-from-operating-activities,net-change-in-property-plant-equipment,net-change-in-intangible-assets,net-acquisitions-divestitures,net-change-in-short-term-investments,net-change-in-long-term-investments,net-change-in-investments-total,investing-activities-other,cash-flow-from-investing-activities,net-long-term-debt,net-current-debt,debt-issuance-retirement-net-total,net-common-equity-issued-repurchased,net-total-equity-issued-repurchased,total-common-preferred-stock-dividends-paid,financial-activities-other,cash-flow-from-financial-activities,net-cash-flow,stock-based-compensation,common-stock-dividends-paid
0,2018-09-30,34.6,$10.91,3.17,$13.23,2.62,$0.91,38.08,$1.42,24.37,$1.59B,$0.98B,1.62,$0.38B,$1.81B,0.21,$2.20B,$1.21B,55.16%,$2.20B,$0.26B,11.72%,$2.20B,$0.26B,11.72%,$2.20B,$0.43B,19.63%,$2.20B,$0.30B,13.77%,$2.20B,$0.24B,10.77%,$0.24B,$1.81B,12.48%,$0.24B,$1.11B,20.30%,$0.24B,$3.23B,6.97%,$0.26B,$2.19B,11.31%,$543,$244,$299,$59,$177,$471,$72,$10,$83,$11,$72,$72,$72,$110,$72,$166,166,$0.43,$0.43,$272,$448,$226,$1594,$781,$52,$707,$16,$1636,$3229,$983,$380,$44,$434,$1417,$11,$1647,$0,$1812,$3229,$132,$82,$24,$106,$-40,$-69,$-22,$-4,$-135,$79,$-34,$-11,$0,$0,$48,$48,$4,$7,$-1,$-4,$-5,$-1,$-1,$-55,$-10,$-71,$17,$2,$-55
1,2018-06-30,31.92,$11.48,2.78,$13.29,2.4,$0.57,56.49,$1.26,25.33,$1.68B,$1.03B,1.64,$0.38B,$1.91B,0.2,$2.21B,$1.21B,54.73%,$2.21B,$0.25B,11.08%,$2.21B,$0.25B,11.08%,$2.21B,$0.43B,19.27%,$2.21B,$0.28B,12.66%,$2.21B,$0.21B,9.45%,$0.21B,$1.91B,10.93%,$0.21B,$1.19B,17.90%,$0.21B,$3.37B,6.07%,$0.25B,$2.29B,10.67%,$543,$241,$302,$61,$177,$475,$68,$3,$73,$7,$66,$66,$67,$112,$68,$168,168,$0.40,$0.40,$232,$460,$273,$1678,$833,$53,$719,$15,$1693,$3372,$1026,$381,$50,$441,$1467,$12,$1730,$0,$1905,$3372,$67,$44,$19,$63,$-95,$-46,$-13,$-31,$-185,$-73,$-29,$-3,$0,$0,$81,$81,$1,$51,$0,$23,$23,$0,$0,$0,$-5,$17,$-5,$1,$0
2,2018-03-31,32.41,$11.71,2.77,$13.47,2.41,$0.68,47.61,$0.92,35.22,$1.68B,$1.07B,1.57,$0.39B,$1.94B,0.2,$2.18B,$1.17B,53.74%,$2.18B,$0.18B,8.39%,$2.18B,$0.18B,8.39%,$2.18B,$0.36B,16.64%,$2.18B,$0.22B,10.04%,$2.18B,$0.15B,6.92%,$0.15B,$1.94B,7.89%,$0.15B,$1.20B,13.01%,$0.15B,$3.47B,4.38%,$0.18B,$2.33B,7.97%,$525,$244,$281,$65,$179,$485,$40,$14,$55,$11,$45,$45,$46,$84,$40,$166,166,$0.27,$0.27,$325,$447,$290,$1684,$889,$71,$747,$16,$1782,$3465,$1070,$385,$56,$452,$1523,$13,$1749,$0,$1942,$3465,$151,$180,$126,$306,$-32,$-50,$38,$-94,$-138,$277,$-141,$-27,$0,$0,$-67,$-67,$6,$-229,$290,$-277,$13,$0,$0,$-61,$-20,$-68,$-19,$7,$-61
3,2017-12-31,37.23,$11.68,3.19,$13.96,2.67,$0.72,51.38,$0.93,40.04,$1.72B,$1.15B,1.5,$0.38B,$1.94B,0.2,$2.26B,$1.21B,53.27%,$2.26B,$0.20B,8.75%,$2.26B,$0.20B,8.75%,$2.26B,$0.38B,16.96%,$2.26B,$0.22B,9.72%,$2.26B,$0.16B,7.02%,$0.16B,$1.94B,8.34%,$0.16B,$1.18B,13.80%,$0.16B,$3.54B,4.64%,$0.20B,$2.32B,8.94%,$590,$258,$332,$72,$187,$512,$78,$15,$92,$40,$52,$52,$52,$126,$78,$166,166,$0.31,$0.31,$350,$420,$280,$1715,$912,$78,$755,$16,$1825,$3540,$1147,$383,$61,$456,$1602,$13,$1737,$0,$1938,$3540,$106,$136,$89,$225,$-74,$-5,$23,$-52,$-108,$192,$-121,$-25,$0,$0,$-104,$-104,$5,$-246,$297,$-194,$103,$0,$0,$-63,$-15,$25,$-29,$5,$-63
4,2017-09-30,35.37,$11.25,3.14,$13.69,2.58,$0.63,55.79,$1.03,34.34,$1.58B,$1.08B,1.46,$0.38B,$1.87B,0.21,$2.22B,$1.20B,53.87%,$2.22B,$0.21B,9.23%,$2.22B,$0.21B,9.23%,$2.22B,$0.38B,17.30%,$2.22B,$0.22B,9.68%,$2.22B,$0.18B,7.93%,$0.18B,$1.87B,9.42%,$0.18B,$1.11B,15.74%,$0.18B,$3.40B,5.21%,$0.21B,$2.25B,9.76%,$553,$258,$295,$65,$172,$494,$59,$1,$60,$16,$44,$44,$44,$104,$59,$166,166,$0.27,$0.27,$260,$413,$258,$1577,$887,$74,$760,$16,$1822,$3400,$1077,$382,$63,$458,$1534,$13,$1646,$0,$1866,$3400,$53,$88,$38,$126,$-53,$2,$5,$-45,$-91,$72,$-84,$-7,$0,$0,$5,$5,$3,$-84,$291,$-229,$62,$0,$0,$-61,$-10,$-10,$-21,$3,$-61
5,2017-06-30,41.46,$11.52,3.6,$13.59,3.05,$0.84,49.43,$1.04,39.87,$1.55B,$1.01B,1.53,$0.38B,$1.91B,0.2,$2.21B,$1.20B,54.51%,$2.21B,$0.20B,8.93%,$2.21B,$0.20B,8.93%,$2.21B,$0.37B,16.96%,$2.21B,$0.21B,9.66%,$2.21B,$0.18B,7.98%,$0.18B,$1.91B,9.60%,$0.18B,$1.16B,16.24%,$0.18B,$3.38B,5.24%,$0.20B,$2.29B,9.80%,$513,$249,$264,$79,$182,$507,$6,$6,$12,$3,$9,$9,$9,$49,$6,$150,150,$0.06,$0.06,$231,$435,$245,$1548,$892,$83,$751,$16,$1832,$3380,$1014,$380,$63,$456,$1470,$13,$1681,$0,$1910,$3380,$9,$43,$8,$51,$-48,$-3,$-1,$-34,$-86,$-31,$-43,$-5,$0,$0,$42,$42,$1,$-4,$293,$-268,$25,$0,$0,$0,$-5,$20,$-14,$2,$0
6,2017-03-31,39.5,$11.54,3.42,$12.94,3.05,$1.49,26.54,$1.09,36.24,$1.55B,$1.31B,1.18,$0.08B,$1.91B,0.04,$2.17B,$1.21B,55.60%,$2.17B,$0.21B,9.58%,$2.17B,$0.21B,9.58%,$2.17B,$0.38B,17.60%,$2.17B,$0.23B,10.41%,$2.17B,$0.19B,8.57%,$0.19B,$1.91B,10.46%,$0.19B,$1.16B,16.73%,$0.19B,$3.39B,5.75%,$0.21B,$2.00B,10.94%,$608,$293,$315,$79,$189,$553,$55,$0,$56,$2,$55,$55,$54,$105,$55,$167,167,$0.32,$0.32,$284,$440,$238,$1548,$881,$106,$751,$15,$1842,$3390,$1311,$84,$64,$167,$1477,$13,$1669,$0,$1913,$3390,$186,$174,$143,$317,$47,$-98,$29,$-61,$-83,$332,$-188,$-443,$0,$0,$337,$337,$10,$-285,$-80,$332,$252,$-242,$-242,$-52,$-14,$-57,$-17,$6,$-52
7,2016-12-31,44.55,$10.75,4.14,$12.38,3.6,$3.22,13.85,$0.87,51.21,$1.55B,$1.40B,1.11,$0.08B,$1.78B,0.05,$2.09B,$1.19B,56.89%,$2.09B,$0.22B,10.57%,$2.09B,$0.22B,10.57%,$2.09B,$0.39B,18.66%,$2.09B,$0.20B,9.57%,$2.09B,$0.14B,6.56%,$0.14B,$1.78B,7.68%,$0.14B,$1.05B,11.30%,$0.14B,$3.35B,4.32%,$0.22B,$1.87B,11.47%,$546,$223,$322,$73,$167,$460,$85,$2,$87,$18,$69,$69,$69,$126,$85,$166,166,$0.42,$0.42,$298,$442,$196,$1551,$842,$109,$736,$17,$1794,$3345,$1403,$84,$55,$160,$1563,$12,$1547,$0,$1782,$3345,$131,$124,$92,$216,$20,$-98,$19,$-39,$-98,$192,$-136,$-417,$0,$0,$322,$322,$7,$-225,$-77,$420,$343,$-231,$-231,$-50,$-8,$55,$17,$4,$-50
8,2016-09-30,45.67,$10.45,4.37,$12.62,3.62,$4.94,9.25,$0.96,47.57,$1.50B,$1.34B,1.12,$0.16B,$1.73B,0.09,$2.15B,$1.23B,57.10%,$2.15B,$0.25B,11.69%,$2.15B,$0.25B,11.69%,$2.15B,$0.42B,19.42%,$2.15B,$0.23B,10.62%,$2.15B,$0.16B,7.27%,$0.16B,$1.73B,8.55%,$0.16B,$0.97B,11.61%,$0.16B,$3.31B,5.00%,$0.25B,$1.89B,12.64%,$538,$236,$301,$78,$177,$487,$51,$7,$58,$13,$44,$44,$44,$94,$51,$166,166,$0.27,$0.27,$323,$428,$199,$1504,$842,$96,$763,$16,$1806,$3311,$1344,$160,$58,$236,$1579,$12,$1508,$0,$1731,$3311,$63,$83,$54,$137,$73,$-69,$8,$-54,$-42,$117,$-95,$-423,$0,$0,$252,$252,$7,$-260,$-1,$401,$400,$-236,$-236,$-51,$-5,$108,$-39,$2,$-51
9,2016-06-30,50.13,$10.21,4.91,$12.97,3.87,$6.09,8.23,$1.33,37.69,$1.51B,$1.00B,1.52,$0.16B,$1.69B,0.1,$2.22B,$1.30B,58.57%,$2.22B,$0.34B,15.43%,$2.22B,$0.34B,15.43%,$2.22B,$0.50B,22.58%,$2.22B,$0.31B,13.95%,$2.22B,$0.22B,10.03%,$0.22B,$1.69B,12.01%,$0.22B,$1.27B,15.14%,$0.22B,$2.90B,7.27%,$0.34B,$1.85B,17.00%,$479,$210,$269,$71,$182,$462,$17,$8,$25,$7,$18,$18,$19,$57,$17,$173,173,$0.11,$0.11,$380,$414,$192,$1511,$814,$50,$419,$16,$1386,$2896,$996,$161,$38,$210,$1206,$12,$1494,$0,$1690,$2896,$19,$40,$24,$64,$99,$-45,$12,$-61,$5,$75,$-48,$-68,$436,$0,$-197,$-197,$6,$130,$0,$52,$52,$-232,$-232,$0,$-2,$-182,$21,$1,$0
10,2016-03-31,44.22,$11.35,3.89,$13.69,3.23,$6.50,6.81,$1.80,24.56,$1.81B,$0.98B,1.85,$0.16B,$1.94B,0.08,$2.34B,$1.39B,59.70%,$2.34B,$0.45B,19.14%,$2.34B,$0.45B,19.14%,$2.34B,$0.60B,25.78%,$2.34B,$0.41B,17.56%,$2.34B,$0.30B,12.93%,$0.30B,$1.94B,15.88%,$0.30B,$1.57B,19.76%,$0.30B,$3.13B,9.64%,$0.45B,$2.10B,21.59%,$527,$230,$297,$69,$164,$458,$68,$-40,$30,$25,$5,$5,$5,$113,$68,$171,171,$0.02,$0.03,$606,$386,$191,$1807,$815,$50,$372,$16,$1328,$3134,$976,$161,$49,$222,$1197,$13,$1503,$0,$1937,$3134,$302,$155,$274,$429,$13,$-38,$11,$11,$-3,$623,$-180,$-43,$-120,$0,$16,$16,$19,$-308,$-177,$-4,$-181,$0,$0,$-62,$-14,$-257,$-7,$7,$-62
11,2015-12-31,45.29,$11.39,3.97,$14.28,3.17,$5.41,8.37,$2.22,20.4,$1.80B,$0.96B,1.89,$0.16B,$1.94B,0.08,$2.43B,$1.45B,59.70%,$2.43B,$0.51B,21.04%,$2.43B,$0.51B,21.04%,$2.43B,$0.66B,27.09%,$2.43B,$0.47B,19.35%,$2.43B,$0.38B,15.64%,$0.38B,$1.94B,20.39%,$0.38B,$1.57B,25.03%,$0.38B,$3.14B,12.14%,$0.51B,$2.11B,24.93%,$603,$245,$359,$62,$183,$488,$115,$0,$115,$27,$88,$88,$88,$153,$115,$171,171,$0.52,$0.52,$577,$403,$189,$1803,$797,$71,$373,$13,$1337,$3141,$956,$162,$51,$241,$1197,$13,$1493,$0,$1944,$3141,$291,$110,$167,$277,$-1,$-41,$7,$10,$-25,$483,$-131,$-39,$-120,$0,$51,$51,$8,$-231,$-176,$10,$-166,$0,$0,$-62,$-11,$-239,$8,$5,$-62
12,2015-09-30,62.53,$10.87,5.75,$14.31,4.37,$4.08,15.32,$2.24,27.92,$1.77B,$1.00B,1.77,$0.16B,$1.86B,0.09,$2.44B,$1.45B,59.36%,$2.44B,$0.51B,20.98%,$2.44B,$0.51B,20.98%,$2.44B,$0.65B,26.72%,$2.44B,$0.49B,19.95%,$2.44B,$0.38B,15.72%,$0.38B,$1.86B,21.34%,$0.38B,$1.49B,26.03%,$0.38B,$3.09B,12.45%,$0.51B,$2.02B,25.48%,$614,$237,$377,$69,$170,$472,$143,$-2,$140,$29,$111,$111,$111,$179,$143,$171,171,$0.65,$0.65,$523,$414,$183,$1774,$779,$55,$369,$13,$1317,$3091,$1000,$162,$46,$237,$1236,$13,$1420,$0,$1855,$3091,$206,$72,$102,$174,$-8,$-36,$24,$-24,$-44,$305,$-85,$-14,$-121,$0,$120,$120,$4,$-95,$-178,$57,$-121,$0,$0,$-63,$-8,$-192,$20,$4,$-63
13,2015-06-30,53.84,$10.96,4.91,$14.08,3.82,$3.25,16.54,$2.14,25.16,$1.82B,$1.02B,1.79,$0.19B,$1.87B,0.1,$2.40B,$1.40B,58.39%,$2.40B,$0.46B,19.03%,$2.40B,$0.46B,19.03%,$2.40B,$0.59B,24.66%,$2.40B,$0.46B,19.16%,$2.40B,$0.37B,15.20%,$0.37B,$1.87B,21.09%,$0.37B,$1.49B,25.27%,$0.37B,$3.16B,12.10%,$0.46B,$2.06B,23.16%,$591,$230,$361,$69,$173,$470,$121,$4,$125,$27,$98,$98,$98,$157,$121,$169,169,$0.58,$0.58,$561,$411,$189,$1823,$777,$77,$379,$13,$1341,$3164,$1016,$190,$56,$278,$1294,$13,$1414,$0,$1870,$3164,$98,$36,$50,$86,$-2,$-14,$8,$-26,$-34,$135,$-40,$-4,$-125,$0,$93,$93,$3,$-73,$-40,$-5,$-45,$0,$0,$0,$-4,$-50,$14,$2,$0
14,2015-03-31,55.57,$0.00,0.0,$14.02,3.96,$2.94,18.91,$2.10,26.46,$1.92B,$1.03B,1.87,$0.23B,$1.79B,0.13,$2.40B,$1.39B,57.93%,$2.40B,$0.44B,18.36%,$2.40B,$0.44B,18.36%,$2.40B,$0.57B,23.79%,$2.40B,$0.45B,18.86%,$2.40B,$0.36B,14.98%,$0.36B,$1.79B,21.55%,$0.36B,$1.52B,25.37%,$0.36B,$3.13B,12.18%,$0.44B,$2.02B,22.67%,$621,$268,$353,$79,$142,$489,$132,$-11,$90,$11,$78,$83,$83,$169,$132,$169,169,$0.49,$0.49,$650,$410,$210,$1923,$1254,$62,$263,$12,$1684,$3126,$1027,$230,$54,$313,$1339,$14,$1342,$0,$1786,$3126,$356,$130,$0,$130,$0,$0,$0,$0,$-241,$402,$-147,$0,$-4,$0,$0,$-133,$-83,$-368,$0,$65,$-60,$0,$3,$-58,$-17,$-66,$-49,$0,$0
15,2014-12-31,49.1,$0.00,0.0,$13.76,3.57,$2.36,20.84,$2.08,23.61,$1.77B,$0.93B,1.91,$0.26B,$1.67B,0.16,$2.36B,$1.35B,57.41%,$2.36B,$0.40B,16.82%,$2.36B,$0.40B,16.82%,$2.36B,$0.52B,22.25%,$2.36B,$0.47B,20.00%,$2.36B,$0.36B,15.12%,$0.36B,$1.67B,22.28%,$0.36B,$1.38B,26.35%,$0.36B,$2.93B,12.38%,$0.40B,$1.93B,20.83%,$610,$255,$355,$68,$172,$495,$115,$16,$131,$40,$91,$91,$91,$146,$115,$172,172,$0.53,$0.53,$118,$461,$555,$1772,$0,$16,$283,$13,$394,$2925,$928,$261,$30,$331,$1258,$14,$1245,$0,$1667,$2925,$270,$93,$0,$93,$0,$0,$0,$0,$-146,$234,$-109,$0,$0,$0,$0,$0,$-26,$-135,$0,$-35,$0,$0,$0,$-57,$-39,$-131,$-34,$0,$0
16,2014-09-30,51.14,$0.00,0.0,$13.58,3.77,$1.96,26.12,$2.14,23.9,$1.73B,$0.88B,1.96,$0.29B,$1.60B,0.18,$2.32B,$1.34B,57.99%,$2.32B,$0.41B,17.70%,$2.32B,$0.41B,17.70%,$2.32B,$0.54B,23.19%,$2.32B,$0.48B,20.77%,$2.32B,$0.37B,15.76%,$0.37B,$1.60B,23.94%,$0.37B,$1.38B,28.39%,$0.37B,$2.85B,12.93%,$0.41B,$1.89B,22.09%,$579,$246,$333,$68,$176,$490,$89,$12,$114,$20,$95,$93,$93,$120,$89,$172,172,$0.54,$0.54,$471,$454,$199,$1734,$0,$15,$220,$13,$360,$2848,$884,$289,$30,$365,$1249,$14,$1174,$0,$1599,$2848,$182,$62,$0,$62,$0,$0,$0,$0,$-154,$146,$-67,$0,$-4,$0,$0,$81,$0,$10,$0,$-95,$-1,$0,$3,$-58,$-9,$-160,$-4,$0,$0
17,2014-06-30,41.72,$0.00,0.0,$13.39,3.12,$1.47,28.39,$2.25,18.54,$1.76B,$0.88B,2.0,$0.32B,$1.61B,0.2,$2.27B,$1.32B,58.14%,$2.27B,$0.44B,19.31%,$2.27B,$0.44B,19.31%,$2.27B,$0.56B,24.67%,$2.27B,$0.49B,21.55%,$2.27B,$0.38B,16.80%,$0.38B,$1.61B,26.59%,$0.38B,$1.37B,32.05%,$0.38B,$2.89B,13.87%,$0.44B,$1.93B,24.44%,$586,$239,$347,$65,$178,$482,$104,$13,$117,$25,$92,$92,$92,$135,$104,$170,170,$0.54,$0.54,$548,$422,$191,$1762,$0,$14,$238,$9,$372,$2890,$882,$320,$30,$398,$1279,$14,$1175,$0,$1611,$2890,$92,$31,$0,$31,$0,$0,$0,$0,$0,$76,$-34,$0,$0,$0,$0,$0,$-18,$-52,$0,$-54,$0,$0,$3,$-5,$0,$-56,$-32,$0,$0
18,2014-03-31,42.45,$0.00,0.0,$13.08,3.24,$1.50,28.32,$2.11,20.12,$1.73B,$0.90B,1.92,$0.35B,$1.51B,0.23,$2.17B,$1.23B,56.65%,$2.17B,$0.40B,18.37%,$2.17B,$0.40B,18.37%,$2.17B,$0.52B,23.82%,$2.17B,$0.44B,20.45%,$2.17B,$0.35B,16.20%,$0.35B,$1.51B,26.02%,$0.35B,$1.27B,31.86%,$0.35B,$2.84B,13.17%,$0.40B,$1.86B,23.60%,$580,$263,$317,$70,$159,$492,$88,$-14,$109,$22,$87,$80,$80,$123,$88,$170,170,$0.47,$0.47,$568,$400,$211,$1729,$0,$13,$245,$8,$367,$2837,$901,$346,$32,$424,$1324,$14,$1084,$0,$1513,$2837,$359,$118,$0,$118,$0,$0,$0,$0,$-172,$324,$-167,$0,$0,$0,$0,$-118,$8,$-277,$0,$-3,$154,$0,$0,$-50,$-105,$-4,$57,$0,$0
19,2013-12-31,39.67,$0.00,0.0,$13.18,3.01,$1.28,31.01,$2.24,17.71,$1.65B,$0.91B,1.8,$0.37B,$1.38B,0.27,$2.20B,$1.22B,55.57%,$2.20B,$0.41B,18.64%,$2.20B,$0.41B,18.64%,$2.20B,$0.52B,23.65%,$2.20B,$0.47B,21.46%,$2.20B,$0.38B,17.10%,$0.38B,$1.38B,28.79%,$0.38B,$1.12B,35.62%,$0.38B,$2.72B,14.41%,$0.41B,$1.75B,25.38%,$571,$225,$346,$48,$169,$442,$129,$12,$141,$41,$100,$100,$100,$159,$129,$169,169,$0.59,$0.59,$507,$390,$186,$1645,$0,$13,$253,$9,$361,$2715,$913,$371,$20,$427,$1340,$14,$935,$0,$1375,$2715,$270,$83,$0,$83,$0,$0,$0,$0,$-248,$184,$-128,$0,$0,$0,$0,$131,$-3,$1,$0,$-46,$161,$0,$0,$-48,$-9,$58,$100,$0,$0
20,2013-09-30,36.54,$0.00,0.0,$12.84,2.85,$1.56,23.39,$2.05,17.82,$1.55B,$0.88B,1.77,$0.40B,$1.25B,0.32,$2.15B,$1.15B,53.35%,$2.15B,$0.36B,16.56%,$2.15B,$0.36B,16.56%,$2.15B,$0.46B,21.40%,$2.15B,$0.42B,19.40%,$2.15B,$0.35B,16.05%,$0.35B,$1.25B,27.14%,$0.35B,$1.00B,33.61%,$0.35B,$2.58B,13.46%,$0.36B,$1.65B,22.71%,$537,$225,$312,$48,$146,$419,$118,$6,$123,$13,$110,$110,$110,$144,$118,$169,169,$0.65,$0.65,$442,$381,$198,$1553,$0,$12,$244,$9,$343,$2575,$879,$401,$18,$448,$1327,$14,$830,$0,$1248,$2575,$168,$53,$0,$53,$0,$0,$0,$0,$-129,$85,$-90,$0,$0,$0,$0,$34,$6,$-50,$0,$-56,$159,$0,$0,$-48,$-6,$49,$103,$0,$0
21,2013-06-30,36.31,$0.00,0.0,$13.20,2.75,$2.04,17.8,$1.90,19.11,$1.54B,$1.00B,1.54,$0.23B,$1.26B,0.19,$2.16B,$1.12B,52.11%,$2.16B,$0.35B,16.27%,$2.16B,$0.35B,16.27%,$2.16B,$0.46B,21.19%,$2.16B,$0.40B,18.59%,$2.16B,$0.31B,14.46%,$0.31B,$1.26B,24.81%,$0.31B,$1.01B,30.72%,$0.31B,$2.54B,12.30%,$0.35B,$1.49B,22.89%,$478,$226,$252,$41,$148,$415,$63,$6,$70,$9,$61,$61,$61,$90,$63,$153,153,$0.40,$0.40,$505,$379,$168,$1541,$0,$11,$248,$9,$332,$2536,$1000,$233,$19,$276,$1275,$14,$810,$0,$1260,$2536,$61,$27,$0,$27,$0,$0,$0,$0,$-5,$75,$-33,$0,$0,$0,$0,$-50,$-2,$-84,$0,$68,$-1,$0,$0,$0,$-2,$66,$67,$0,$0
22,2013-03-31,31.06,$0.00,0.0,$13.11,2.37,$2.00,15.5,$1.90,16.35,$1.57B,$0.98B,1.6,$0.23B,$1.34B,0.17,$2.14B,$1.12B,52.20%,$2.14B,$0.36B,16.76%,$2.14B,$0.36B,16.76%,$2.14B,$0.46B,21.54%,$2.14B,$0.40B,18.63%,$2.14B,$0.31B,14.56%,$0.31B,$1.34B,25.68%,$0.31B,$1.08B,32.07%,$0.31B,$2.61B,12.58%,$0.36B,$1.57B,23.76%,$613,$301,$312,$43,$169,$513,$100,$48,$138,$37,$101,$105,$105,$127,$100,$175,175,$0.60,$0.60,$415,$396,$174,$1572,$0,$13,$258,$9,$347,$2611,$984,$232,$19,$287,$1270,$16,$822,$0,$1341,$2611,$308,$102,$0,$102,$0,$0,$0,$0,$-343,$244,$-121,$0,$-32,$0,$0,$-110,$9,$-254,$0,$43,$0,$0,$0,$-50,$-25,$-32,$-42,$0,$0
23,2012-12-31,31.96,$0.00,0.0,$12.68,2.52,$2.38,13.44,$1.70,18.8,$1.54B,$0.92B,1.67,$0.32B,$1.24B,0.26,$2.05B,$1.11B,54.47%,$2.05B,$0.42B,20.59%,$2.05B,$0.42B,20.59%,$2.05B,$0.53B,25.72%,$2.05B,$0.34B,16.43%,$2.05B,$0.27B,13.40%,$0.27B,$1.24B,23.66%,$0.27B,$1.01B,29.95%,$0.27B,$2.53B,11.39%,$0.42B,$1.56B,28.52%,$522,$251,$271,$37,$159,$447,$75,$3,$86,$16,$70,$69,$69,$99,$75,$173,173,$0.40,$0.40,$435,$429,$174,$1535,$0,$18,$230,$12,$328,$2531,$920,$320,$20,$375,$1295,$16,$727,$0,$1236,$2531,$205,$75,$0,$75,$0,$0,$0,$0,$-137,$199,$-93,$0,$0,$0,$0,$-72,$1,$-164,$0,$45,$-0,$0,$0,$-50,$-10,$-15,$26,$0,$0
24,2012-09-30,29.63,$0.00,0.0,$12.88,2.3,$2.28,13.01,$1.90,15.59,$1.49B,$0.90B,1.66,$0.32B,$1.19B,0.27,$2.05B,$1.16B,56.48%,$2.05B,$0.49B,23.86%,$2.05B,$0.49B,23.86%,$2.05B,$0.59B,28.85%,$2.05B,$0.40B,19.32%,$2.05B,$0.30B,14.77%,$0.30B,$1.19B,27.60%,$0.30B,$0.96B,36.09%,$0.30B,$2.47B,12.85%,$0.49B,$1.51B,34.57%,$544,$255,$289,$33,$143,$431,$113,$-5,$107,$30,$77,$77,$77,$141,$113,$154,154,$0.50,$0.50,$410,$414,$170,$1490,$0,$12,$233,$12,$311,$2467,$898,$318,$20,$375,$1273,$16,$675,$0,$1194,$2467,$138,$51,$0,$51,$0,$0,$0,$0,$-102,$136,$-67,$0,$0,$0,$0,$-58,$2,$-123,$0,$37,$0,$0,$0,$-51,$-8,$-22,$-7,$0,$0
25,2012-06-30,28.5,$0.00,0.0,$12.28,2.32,$1.92,14.85,$1.80,15.83,$1.34B,$0.85B,1.58,$0.31B,$1.07B,0.29,$1.96B,$1.10B,55.99%,$1.96B,$0.42B,21.29%,$1.96B,$0.42B,21.29%,$1.96B,$0.52B,26.24%,$1.96B,$0.37B,18.80%,$1.96B,$0.29B,14.67%,$0.29B,$1.07B,27.67%,$0.29B,$0.83B,37.67%,$0.29B,$2.28B,12.61%,$0.42B,$1.39B,32.02%,$457,$214,$243,$28,$145,$387,$70,$-3,$67,$7,$60,$60,$60,$93,$70,$150,150,$0.40,$0.40,$384,$370,$141,$1344,$0,$11,$245,$8,$313,$2279,$853,$313,$20,$352,$1205,$15,$625,$0,$1074,$2279,$60,$23,$0,$23,$0,$0,$0,$0,$-27,$70,$-34,$0,$0,$0,$0,$-41,$1,$-74,$0,$22,$0,$0,$0,$0,$-3,$19,$19,$0,$0
26,2012-03-31,32.92,$0.00,0.0,$11.87,2.77,$1.82,18.07,$1.75,18.81,$1.38B,$0.85B,1.61,$0.32B,$1.13B,0.28,$1.95B,$1.10B,56.26%,$1.95B,$0.41B,21.23%,$1.95B,$0.41B,21.23%,$1.95B,$0.52B,26.46%,$1.95B,$0.36B,18.56%,$1.95B,$0.29B,14.72%,$0.29B,$1.13B,27.43%,$0.29B,$0.86B,38.39%,$0.29B,$2.35B,12.68%,$0.41B,$1.45B,32.79%,$522,$211,$311,$29,$119,$359,$163,$-12,$76,$19,$58,$68,$68,$193,$163,$170,170,$0.40,$0.40,$357,$380,$140,$1375,$0,$7,$265,$9,$320,$2348,$854,$321,$22,$365,$1219,$17,$621,$0,$1129,$2348,$280,$102,$0,$102,$0,$0,$0,$0,$-264,$317,$-134,$0,$0,$0,$0,$-208,$-25,$-367,$0,$-72,$211,$0,$0,$-44,$-22,$73,$34,$0,$0
27,2011-12-31,28.03,$0.00,0.0,$11.21,2.5,$0.66,42.51,$1.75,16.02,$1.36B,$0.97B,1.39,$0.32B,$0.98B,0.32,$1.88B,$1.02B,54.01%,$1.88B,$0.29B,15.42%,$1.88B,$0.29B,15.42%,$1.88B,$0.39B,20.52%,$1.88B,$0.38B,20.15%,$1.88B,$0.29B,15.63%,$0.29B,$0.98B,28.76%,$0.29B,$0.69B,41.75%,$0.29B,$2.31B,13.31%,$0.29B,$1.30B,24.42%,$522,$210,$312,$29,$141,$380,$142,$3,$145,$48,$97,$97,$97,$163,$142,$162,162,$0.60,$0.60,$349,$369,$140,$1356,$0,$7,$287,$6,$342,$2310,$973,$317,$16,$357,$1330,$16,$536,$0,$980,$2310,$204,$72,$0,$72,$0,$0,$0,$0,$-173,$176,$-93,$0,$0,$0,$0,$-33,$-32,$-158,$0,$0,$227,$0,$0,$-42,$-9,$176,$206,$0,$0
28,2011-09-30,28.38,$0.00,0.0,$10.76,2.64,$0.22,128.25,$1.55,18.31,$1.16B,$1.05B,1.1,$0.11B,$0.98B,0.11,$1.78B,$0.94B,52.55%,$1.78B,$0.21B,11.78%,$1.78B,$0.21B,11.78%,$1.78B,$0.31B,17.39%,$1.78B,$0.30B,16.71%,$1.78B,$0.26B,14.47%,$0.26B,$0.98B,24.67%,$0.26B,$0.67B,35.50%,$0.26B,$2.20B,12.28%,$0.21B,$1.09B,18.53%,$462,$229,$233,$32,$158,$419,$43,$4,$81,$14,$67,$63,$63,$66,$43,$158,158,$0.40,$0.40,$192,$379,$170,$1160,$0,$7,$308,$8,$397,$2198,$1051,$108,$17,$167,$1218,$17,$478,$0,$980,$2198,$116,$51,$0,$51,$0,$0,$0,$0,$-109,$87,$-73,$0,$0,$0,$0,$-36,$-34,$-143,$0,$135,$0,$0,$0,$-45,$-6,$84,$36,$0,$0
29,2011-06-30,32.7,$0.00,0.0,$10.46,3.13,$0.04,853.72,$1.55,21.1,$1.09B,$0.92B,1.19,$0.12B,$1.10B,0.11,$1.74B,$0.94B,53.82%,$1.74B,$0.25B,14.59%,$1.74B,$0.25B,14.59%,$1.74B,$0.35B,20.33%,$1.74B,$0.29B,16.43%,$1.74B,$0.26B,14.88%,$0.26B,$1.10B,24.81%,$0.26B,$0.76B,35.52%,$0.26B,$2.20B,12.96%,$0.25B,$1.22B,22.73%,$444,$203,$241,$26,$149,$378,$66,$3,$60,$3,$58,$59,$59,$94,$66,$169,169,$0.35,$0.35,$125,$390,$189,$1088,$0,$7,$335,$7,$424,$2197,$917,$119,$17,$184,$1101,$19,$511,$0,$1096,$2197,$59,$28,$0,$28,$0,$0,$0,$0,$-27,$65,$-41,$0,$0,$0,$0,$-1,$-36,$-78,$0,$0,$8,$0,$0,$0,$-3,$5,$-5,$0,$0
30,2011-03-31,34.62,$0.00,0.0,$10.24,3.38,$-0.26,0.0,$1.50,23.08,$1.07B,$0.92B,1.16,$0.12B,$1.03B,0.11,$1.66B,$0.89B,53.49%,$1.66B,$0.24B,14.52%,$1.66B,$0.24B,14.52%,$1.66B,$0.33B,20.12%,$1.66B,$0.28B,16.81%,$1.66B,$0.25B,14.76%,$0.25B,$1.03B,24.20%,$0.25B,$0.69B,34.53%,$0.25B,$2.13B,12.96%,$0.24B,$1.15B,22.35%,$453,$223,$230,$37,$154,$414,$39,$18,$93,$13,$80,$75,$75,$63,$39,$188,188,$0.40,$0.40,$130,$361,$183,$1069,$0,$7,$342,$6,$398,$2133,$921,$118,$16,$179,$1100,$19,$458,$0,$1033,$2133,$248,$93,$0,$93,$0,$0,$0,$0,$-151,$180,$-196,$0,$-26,$0,$0,$82,$-54,$-194,$0,$281,$-87,$0,$1,$-69,$-134,$-8,$-20,$0,$0
31,2010-12-31,34.31,$0.00,0.0,$9.80,3.5,$0.93,37.08,$1.30,26.39,$0.92B,$0.74B,1.25,$0.01B,$1.07B,0.01,$1.57B,$0.82B,52.04%,$1.57B,$0.19B,11.77%,$1.57B,$0.19B,11.77%,$1.57B,$0.28B,17.75%,$1.57B,$0.24B,15.14%,$1.57B,$0.21B,13.17%,$0.21B,$1.07B,20.85%,$0.21B,$0.78B,29.66%,$0.21B,$1.87B,11.47%,$0.19B,$1.08B,17.46%,$424,$191,$233,$29,$142,$362,$62,$3,$64,$3,$61,$61,$61,$87,$62,$153,153,$0.40,$0.40,$99,$340,$166,$920,$0,$7,$290,$6,$349,$1874,$737,$5,$11,$63,$800,$19,$513,$0,$1074,$1874,$172,$69,$0,$69,$0,$0,$0,$0,$-79,$160,$-149,$0,$0,$0,$0,$74,$-54,$-128,$0,$178,$-199,$0,$1,$-49,$-17,$-87,$-54,$0,$0
32,2010-09-30,29.91,$0.00,0.0,$9.35,3.2,$2.09,14.33,$0.20,149.54,$0.91B,$0.71B,1.28,$0.05B,$0.97B,0.05,$1.52B,$0.78B,51.02%,$1.52B,$0.18B,11.70%,$1.52B,$0.18B,11.70%,$1.52B,$0.27B,17.82%,$1.52B,$0.05B,2.96%,$1.52B,$0.03B,2.24%,$0.03B,$0.97B,3.61%,$0.03B,$0.68B,5.20%,$0.03B,$1.79B,1.97%,$0.18B,$1.02B,17.02%,$420,$187,$233,$27,$118,$333,$87,$-1,$69,$7,$62,$64,$64,$110,$87,$160,160,$0.40,$0.40,$134,$317,$170,$908,$0,$7,$290,$6,$338,$1792,$710,$51,$9,$110,$820,$18,$435,$0,$973,$1792,$107,$44,$0,$44,$0,$0,$0,$0,$-120,$69,$-84,$0,$0,$0,$0,$78,$2,$-4,$0,$33,$-39,$0,$1,$-48,$-14,$-68,$-8,$0,$0
33,2010-06-30,28.64,$0.00,0.0,$9.27,3.09,$3.19,8.98,$0.10,286.36,$0.92B,$0.65B,1.42,$0.09B,$0.97B,0.09,$1.48B,$0.73B,48.89%,$1.48B,$0.15B,9.78%,$1.48B,$0.15B,9.78%,$1.48B,$0.24B,15.85%,$1.48B,$0.03B,2.23%,$1.48B,$0.02B,1.01%,$0.02B,$0.97B,1.60%,$0.02B,$0.68B,2.48%,$0.02B,$1.77B,0.88%,$0.15B,$1.06B,13.56%,$363,$171,$192,$21,$118,$310,$53,$0,$53,$8,$45,$45,$45,$74,$53,$150,150,$0.30,$0.30,$188,$311,$141,$915,$0,$7,$287,$6,$334,$1765,$646,$91,$10,$150,$796,$18,$434,$0,$969,$1765,$45,$21,$0,$21,$0,$0,$0,$0,$-53,$18,$-41,$0,$0,$0,$0,$28,$0,$-13,$0,$0,$-11,$0,$1,$0,$-1,$-11,$-4,$0,$0
34,2010-03-31,26.0,$0.00,0.0,$9.11,2.86,$3.82,6.8,$0.10,260.02,$0.94B,$0.65B,1.45,$0.12B,$0.96B,0.13,$1.50B,$0.75B,49.70%,$1.50B,$0.16B,10.73%,$1.50B,$0.16B,10.73%,$1.50B,$0.25B,16.92%,$1.50B,$0.05B,3.06%,$1.50B,$0.02B,1.40%,$0.02B,$0.96B,2.26%,$0.02B,$0.65B,3.78%,$0.02B,$1.79B,1.23%,$0.16B,$1.08B,14.81%,$365,$205,$160,$24,$153,$382,$-17,$4,$52,$11,$40,$37,$37,$8,$-17,$185,185,$0.20,$0.20,$226,$297,$147,$936,$0,$7,$310,$5,$351,$1787,$646,$120,$5,$186,$832,$19,$401,$0,$955,$1787,$24,$93,$0,$93,$0,$0,$0,$0,$-96,$294,$-91,$0,$0,$0,$0,$-67,$2,$-156,$0,$0,$-79,$0,$0,$-27,$-12,$-118,$26,$0,$0
35,2009-12-31,22.3,$0.00,0.0,$9.37,2.38,$2.74,8.13,$-1.20,0.0,$0.80B,$0.47B,1.7,$0.15B,$0.87B,0.17,$1.53B,$0.86B,56.03%,$1.53B,$0.37B,23.98%,$1.53B,$0.37B,23.98%,$1.53B,$0.45B,29.49%,$1.53B,$-0.20B,-13.37%,$1.53B,$-0.21B,-13.63%,$-0.21B,$0.87B,-23.21%,$-0.21B,$0.61B,-42.30%,$-0.21B,$1.57B,-12.45%,$0.37B,$1.02B,34.06%,$373,$182,$191,$19,$117,$318,$55,$-182,$-129,$-17,$-112,$-112,$-112,$79,$55,$160,160,$-0.70,$-0.70,$157,$278,$118,$804,$0,$6,$267,$4,$299,$1565,$472,$150,$9,$219,$691,$18,$353,$0,$874,$1565,$-13,$68,$0,$68,$0,$0,$0,$0,$-11,$246,$-48,$0,$0,$0,$0,$-26,$-1,$-74,$0,$-90,$-56,$0,$0,$-27,$-7,$-179,$0,$0,$0
36,2009-09-30,17.96,$0.00,0.0,$8.93,2.01,$1.05,17.11,$-0.30,0.0,$0.78B,$0.50B,1.57,$0.17B,$0.95B,0.18,$1.53B,$0.88B,57.44%,$1.53B,$0.40B,26.04%,$1.53B,$0.40B,26.04%,$1.53B,$0.48B,31.14%,$1.53B,$-0.01B,-0.91%,$1.53B,$-0.06B,-3.66%,$-0.06B,$0.95B,-5.93%,$-0.06B,$0.49B,-13.47%,$-0.06B,$1.71B,-3.15%,$0.40B,$1.12B,34.91%,$382,$200,$182,$20,$108,$328,$54,$5,$57,$12,$45,$45,$45,$74,$54,$150,150,$0.30,$0.30,$128,$272,$109,$781,$0,$6,$457,$4,$489,$1711,$497,$173,$9,$269,$767,$17,$449,$0,$945,$1711,$96,$44,$0,$44,$0,$0,$0,$0,$11,$187,$-36,$0,$0,$0,$0,$11,$-1,$-25,$0,$-76,$-34,$0,$0,$-26,$-5,$-140,$13,$0,$0
37,2009-06-30,15.49,$0.00,0.0,$8.45,1.83,$-0.31,0.0,$-0.40,0.0,$0.82B,$0.53B,1.55,$0.19B,$0.94B,0.2,$1.50B,$0.86B,57.28%,$1.50B,$0.36B,24.30%,$1.50B,$0.36B,24.30%,$1.50B,$0.44B,29.51%,$1.50B,$-0.04B,-2.74%,$1.50B,$-0.08B,-5.01%,$-0.08B,$0.94B,-7.69%,$-0.08B,$0.48B,-20.73%,$-0.08B,$1.76B,-4.03%,$0.36B,$1.13B,30.45%,$381,$168,$213,$21,$123,$312,$69,$-3,$66,$15,$51,$51,$51,$93,$69,$169,169,$0.30,$0.30,$139,$292,$113,$824,$0,$6,$456,$4,$498,$1761,$531,$191,$9,$291,$822,$18,$435,$0,$939,$1761,$51,$24,$0,$24,$0,$0,$0,$0,$-12,$96,$-15,$0,$0,$0,$0,$3,$0,$-12,$0,$-63,$-17,$0,$0,$0,$-3,$-83,$7,$0,$0
38,2009-03-31,8.64,$0.00,0.0,$8.33,1.04,$-0.84,0.0,$-0.51,0.0,$0.77B,$0.52B,1.47,$0.20B,$0.83B,0.24,$1.47B,$0.82B,55.83%,$1.47B,$0.33B,22.22%,$1.47B,$0.33B,22.22%,$1.47B,$0.40B,27.40%,$1.47B,$-0.08B,-5.39%,$1.47B,$-0.10B,-6.48%,$-0.10B,$0.83B,-9.24%,$-0.10B,$0.39B,-30.69%,$-0.10B,$1.65B,-4.87%,$0.33B,$1.03B,25.57%,$390,$121,$269,$15,$65,$202,$188,$-271,$-198,$3,$-201,$-192,$-192,$204,$188,$175,175,$-1.10,$-1.10,$120,$260,$99,$766,$0,$5,$436,$4,$470,$1646,$522,$199,$8,$299,$821,$17,$360,$0,$827,$1646,$-102,$75,$0,$75,$0,$0,$0,$0,$-216,$90,$-87,$0,$-63,$0,$0,$86,$-5,$-69,$0,$25,$-38,$0,$0,$-15,$-22,$-50,$-31,$0,$0
39,2008-12-31,8.96,$0.00,0.0,$8.01,1.12,$-0.88,0.0,$0.74,12.1,$0.79B,$0.58B,1.35,$0.23B,$1.07B,0.22,$1.41B,$0.72B,51.28%,$1.41B,$0.16B,11.51%,$1.41B,$0.16B,11.51%,$1.41B,$0.25B,17.54%,$1.41B,$0.15B,10.72%,$1.41B,$0.12B,8.74%,$0.12B,$1.07B,11.03%,$0.12B,$0.30B,41.52%,$0.12B,$1.98B,5.93%,$0.16B,$1.30B,11.63%,$379,$163,$216,$21,$108,$291,$88,$-16,$61,$12,$49,$40,$40,$106,$88,$200,200,$0.20,$0.20,$78,$312,$129,$785,$0,$5,$764,$3,$772,$1983,$583,$231,$11,$333,$916,$17,$642,$0,$1067,$1983,$95,$59,$0,$59,$0,$0,$0,$0,$-202,$-14,$-77,$0,$-72,$0,$0,$101,$-4,$-52,$0,$40,$-28,$0,$0,$-15,$-17,$-20,$-89,$0,$0
40,2008-09-30,10.19,$0.00,0.0,$8.05,1.27,$-0.52,0.0,$0.41,24.86,$0.82B,$0.62B,1.32,$0.26B,$1.07B,0.24,$1.34B,$0.66B,49.33%,$1.34B,$0.10B,7.75%,$1.34B,$0.10B,7.75%,$1.34B,$0.19B,14.23%,$1.34B,$0.06B,4.40%,$1.34B,$0.06B,4.62%,$0.06B,$1.07B,5.49%,$0.06B,$0.27B,20.31%,$0.06B,$2.06B,2.98%,$0.10B,$1.33B,7.30%,$348,$188,$160,$19,$122,$329,$19,$-13,$30,$5,$24,$26,$26,$39,$19,$169,169,$0.20,$0.20,$139,$331,$123,$816,$0,$5,$797,$3,$806,$2057,$618,$258,$12,$370,$988,$18,$630,$0,$1070,$2057,$47,$42,$0,$42,$0,$0,$0,$0,$-95,$-4,$-55,$0,$-67,$0,$0,$77,$-12,$-56,$0,$-21,$31,$0,$0,$-16,$-11,$-17,$-72,$0,$0
41,2008-06-30,14.17,$0.00,0.0,$7.90,1.79,$-0.17,0.0,$0.61,23.22,$0.79B,$0.54B,1.45,$0.30B,$1.15B,0.26,$1.31B,$0.67B,50.95%,$1.31B,$0.12B,9.29%,$1.31B,$0.12B,9.29%,$1.31B,$0.21B,15.99%,$1.31B,$0.06B,4.87%,$1.31B,$0.10B,7.84%,$0.10B,$1.15B,8.98%,$0.10B,$0.27B,32.80%,$0.10B,$2.12B,4.97%,$0.12B,$1.45B,8.38%,$350,$176,$174,$24,$118,$319,$31,$-4,$28,$2,$26,$31,$31,$53,$31,$163,163,$0.19,$0.19,$163,$304,$114,$787,$0,$6,$874,$3,$883,$2120,$542,$299,$14,$429,$971,$20,$672,$0,$1148,$2120,$26,$22,$0,$22,$0,$0,$0,$0,$-23,$21,$-30,$0,$-72,$0,$0,$37,$-2,$-67,$0,$-39,$-11,$0,$0,$0,$-6,$-56,$-97,$0,$0
42,2008-03-31,13.15,$0.00,0.0,$7.53,1.75,$0.06,204.83,$0.69,19.06,$0.87B,$0.49B,1.79,$0.32B,$1.18B,0.27,$1.26B,$0.65B,51.23%,$1.26B,$0.14B,10.80%,$1.26B,$0.14B,10.80%,$1.26B,$0.22B,17.47%,$1.26B,$0.09B,6.75%,$1.26B,$0.12B,9.29%,$0.12B,$1.18B,10.40%,$0.12B,$0.34B,37.65%,$0.12B,$2.14B,5.78%,$0.14B,$1.50B,9.47%,$331,$159,$172,$26,$109,$307,$24,$0,$32,$5,$27,$26,$26,$49,$24,$173,173,$0.15,$0.15,$304,$278,$112,$865,$0,$6,$840,$5,$851,$2135,$485,$321,$12,$474,$959,$21,$600,$0,$1176,$2135,$117,$85,$0,$85,$0,$0,$0,$0,$-81,$153,$-157,$0,$0,$0,$0,$-85,$2,$-240,$0,$40,$-193,$0,$0,$-18,$0,$-171,$-264,$0,$0
43,2007-12-31,16.49,$0.00,0.0,$5.62,2.94,$0.09,189.13,$0.54,30.54,$0.84B,$0.44B,1.91,$0.30B,$1.12B,0.27,$1.35B,$0.72B,53.75%,$1.35B,$0.24B,17.59%,$1.35B,$0.24B,17.59%,$1.35B,$0.32B,23.46%,$1.35B,$0.14B,10.62%,$1.35B,$0.17B,12.84%,$0.17B,$1.12B,16.13%,$0.17B,$0.34B,64.49%,$0.17B,$2.00B,8.69%,$0.24B,$1.43B,16.85%,$313,$157,$156,$22,$94,$283,$30,$-56,$-31,$-9,$-21,$-21,$-21,$50,$30,$162,162,$-0.13,$-0.13,$262,$258,$123,$837,$0,$1,$784,$12,$797,$2003,$438,$304,$11,$442,$880,$21,$575,$0,$1123,$2003,$91,$60,$0,$60,$0,$0,$0,$0,$-69,$80,$-95,$0,$0,$0,$0,$-74,$4,$-165,$0,$-17,$-157,$0,$0,$-18,$0,$-192,$-293,$0,$0
44,2007-09-30,14.86,$0.00,0.0,$10.87,1.37,$0.67,22.03,$1.55,9.59,$0.84B,$0.43B,1.95,$0.31B,$1.14B,0.27,$2.16B,$1.50B,69.40%,$2.16B,$1.03B,47.94%,$2.16B,$1.03B,47.94%,$2.16B,$1.11B,51.46%,$2.16B,$0.22B,9.97%,$2.16B,$0.33B,15.39%,$0.33B,$1.14B,32.87%,$0.33B,$0.31B,172.24%,$0.33B,$2.04B,16.75%,$1.03B,$1.45B,76.37%,$319,$152,$167,$20,$99,$282,$37,$9,$35,$-31,$66,$67,$67,$58,$37,$168,168,$0.40,$0.40,$256,$242,$126,$835,$0,$12,$834,$13,$859,$2038,$428,$310,$11,$468,$897,$21,$600,$0,$1141,$2038,$113,$39,$0,$39,$0,$0,$0,$0,$-65,$56,$-57,$0,$0,$0,$0,$-25,$8,$-73,$0,$-33,$-151,$0,$0,$-19,$0,$-203,$-240,$0,$0
45,2007-06-30,14.58,$0.00,0.0,$13.78,1.06,$0.81,18.03,$1.74,8.38,$0.77B,$0.37B,2.06,$0.31B,$1.06B,0.29,$2.58B,$1.81B,70.27%,$2.58B,$1.38B,53.57%,$2.58B,$1.38B,53.57%,$2.58B,$1.45B,56.36%,$2.58B,$0.26B,10.00%,$2.58B,$0.36B,13.80%,$0.36B,$1.06B,40.97%,$0.36B,$0.26B,608.55%,$0.36B,$1.93B,18.50%,$1.38B,$1.37B,110.78%,$296,$146,$150,$20,$77,$251,$45,$6,$49,$4,$45,$45,$45,$63,$45,$167,167,$0.27,$0.27,$274,$208,$108,$766,$0,$28,$801,$13,$842,$1927,$372,$305,$9,$493,$865,$21,$540,$0,$1062,$1927,$45,$18,$0,$18,$0,$0,$0,$0,$-7,$54,$-24,$0,$0,$0,$0,$0,$13,$-10,$0,$-54,$-154,$0,$0,$0,$0,$-208,$-170,$0,$0
46,2007-03-31,14.87,$0.00,0.0,$14.04,1.06,$0.40,37.05,$1.67,8.9,$0.87B,$0.43B,2.02,$0.42B,$0.97B,0.43,$2.59B,$1.80B,69.31%,$2.59B,$1.38B,53.13%,$2.59B,$1.38B,53.13%,$2.59B,$1.45B,55.83%,$2.59B,$0.24B,9.42%,$2.59B,$0.34B,13.17%,$0.34B,$0.97B,46.43%,$0.34B,$0.17B,-470.34%,$0.34B,$1.99B,18.29%,$1.38B,$1.38B,119.11%,$419,$168,$251,$22,$92,$294,$125,$-35,$90,$7,$83,$82,$82,$145,$125,$0,0,$0.00,$0.00,$432,$175,$88,$869,$0,$31,$799,$6,$836,$1993,$430,$415,$7,$599,$1029,$19,$466,$0,$965,$1993,$216,$70,$0,$70,$0,$0,$0,$0,$-71,$274,$-102,$0,$0,$0,$0,$-4,$119,$14,$0,$1,$-181,$0,$233,$-10,$-2,$41,$331,$0,$0
47,2006-12-31,16.44,$0.00,0.0,$14.04,1.17,$0.40,40.97,$1.67,9.84,$0.84B,$0.54B,1.54,$0.35B,$0.87B,0.4,$1.94B,$1.41B,72.52%,$1.94B,$1.21B,62.43%,$1.94B,$1.21B,62.43%,$1.94B,$1.27B,65.57%,$1.94B,$0.11B,5.61%,$1.94B,$0.22B,11.22%,$0.22B,$0.87B,35.25%,$0.22B,$0.04B,-122.47%,$0.22B,$1.97B,12.44%,$1.21B,$1.22B,115.17%,$1123,$194,$929,$15,$80,$296,$827,$-7,$41,$-1,$42,$138,$138,$844,$827,$156,156,$0.89,$0.88,$390,$194,$117,$838,$0,$26,$835,$14,$874,$1969,$544,$348,$10,$554,$1098,$19,$382,$0,$872,$1969,$138,$49,$0,$49,$0,$0,$0,$0,$-35,$147,$-69,$0,$0,$0,$0,$-3,$118,$46,$0,$-25,$-82,$0,$227,$-10,$0,$110,$292,$0,$0
