,Date,Stock Price,Book Value per Share,Price to Book Ratio,TTM Sales per Share,Price to Sales Ratio,TTM FCF per Share,Price to FCF Ratio,TTM Net EPS,PE Ratio,Current Assets,Current Liabilities,Current Ratio,Long Term Debt,Shareholder's Equity_x,Debt to Equity Ratio,TTM Revenue_x,TTM Gross Profit,Gross Margin,TTM Revenue_y,TTM Operating Income,Operating Margin,TTM Revenue_x,TTM EBIT,EBIT Margin,TTM Revenue_y,TTM EBITDA,EBITDA Margin,TTM Revenue_x,TTM Pre-Tax Income,Pre-Tax Margin,TTM Revenue_y,TTM Net Income_x,Net Margin,TTM Net Income_y,Shareholder's Equity_y,Return on Equity,TTM Net Income_x,Tangible Equity,Return on Tangible Equity,TTM Net Income_y,Total Assets,Return on Assets,TTM Net Income,LT Investments & Debt,Return on Investment,revenue,cost-goods-sold,gross-profit,research-development-expenses,selling-general-administrative-expenses,operating-expenses,operating-income,total-non-operating-income-expense,pre-tax-income,total-provision-income-taxes,income-after-taxes,income-from-continuous-operations,net-income,ebitda,ebit,basic-shares-outstanding,shares-outstanding,eps-basic-net-earnings-per-share,eps-earnings-per-share-diluted,cash-on-hand,inventory,other-current-assets,total-current-assets,net-property-plant-equipment,long-term-investments,goodwill-intangible-assets-total,other-long-term-assets,total-long-term-assets,total-assets,total-current-liabilities,long-term-debt,other-non-current-liabilities,total-long-term-liabilities,total-liabilities,common-stock-net,retained-earnings-accumulated-deficit,comprehensive-income,total-share-holder-equity,total-liabilities-share-holders-equity,net-income-loss,total-depreciation-amortization-cash-flow,other-non-cash-items,total-non-cash-items,change-in-accounts-receivable,change-in-inventories,change-in-accounts-payable,change-in-assets-liabilities,total-change-in-assets-liabilities,cash-flow-from-operating-activities,net-change-in-property-plant-equipment,net-change-in-intangible-assets,net-acquisitions-divestitures,net-change-in-short-term-investments,net-change-in-long-term-investments,net-change-in-investments-total,investing-activities-other,cash-flow-from-investing-activities,net-long-term-debt,net-current-debt,debt-issuance-retirement-net-total,net-common-equity-issued-repurchased,net-total-equity-issued-repurchased,total-common-preferred-stock-dividends-paid,financial-activities-other,cash-flow-from-financial-activities,net-cash-flow,stock-based-compensation,common-stock-dividends-paid
0,2018-09-30,404.04,$72.71,5.56,$55.30,7.31,$30.95,13.05,$15.65,25.82,$5.72B,$1.42B,4.04,$0.71B,$7.87B,0.09,$6.36B,$5.94B,93.38%,$6.36B,$2.36B,37.01%,$6.36B,$2.36B,37.01%,$6.36B,$2.50B,39.20%,$6.36B,$2.43B,38.21%,$6.36B,$1.80B,28.25%,$1.80B,$7.87B,25.90%,$1.80B,$7.87B,25.90%,$1.80B,$10.81B,18.49%,$2.36B,$8.58B,30.80%,$1663,$110,$1553,$557,$369,$1037,$627,$9,$636,$41,$595,$595,$595,$662,$627,$108,115,$5.50,$5.17,$2192,$1040,$0,$5720,$2524,$1874,$0,$125,$5086,$10806,$1417,$707,$194,$1520,$2937,$0,$4434,$-11,$7868,$10806,$1624,$105,$184,$290,$-229,$-282,$0,$-117,$-448,$1466,$-298,$0,$0,$-889,$0,$-889,$-10,$-1197,$0,$0,$0,$6,$6,$0,$0,$6,$275,$301,$0
1,2018-06-30,344.99,$66.57,5.18,$53.67,6.43,$25.71,13.42,$13.80,25.0,$4.82B,$1.33B,3.62,$0.71B,$7.19B,0.1,$6.20B,$5.79B,93.29%,$6.20B,$2.29B,36.89%,$6.20B,$2.29B,36.89%,$6.20B,$2.43B,39.20%,$6.20B,$2.36B,38.08%,$6.20B,$1.59B,25.65%,$1.59B,$7.19B,24.52%,$1.59B,$7.19B,24.52%,$1.59B,$9.95B,17.30%,$2.29B,$7.89B,31.82%,$1608,$92,$1516,$529,$365,$986,$622,$34,$656,$105,$551,$551,$551,$656,$622,$108,114,$5.12,$4.82,$1684,$929,$0,$4815,$2462,$2045,$0,$86,$5137,$9952,$1331,$706,$190,$1434,$2766,$0,$3839,$-12,$7186,$9952,$1029,$70,$119,$189,$-65,$-182,$0,$-25,$-205,$1013,$-191,$0,$0,$-719,$0,$-719,$0,$-910,$0,$0,$0,$2,$2,$0,$0,$2,$105,$189,$0
2,2018-03-31,344.36,$58.84,5.85,$52.28,6.59,$20.43,16.86,$12.32,27.95,$4.55B,$1.27B,3.59,$0.71B,$6.57B,0.11,$6.06B,$5.64B,92.96%,$6.06B,$2.22B,36.54%,$6.06B,$2.22B,36.54%,$6.06B,$2.36B,38.92%,$6.06B,$2.23B,36.81%,$6.06B,$1.43B,23.55%,$1.43B,$6.57B,23.52%,$1.43B,$6.57B,23.52%,$1.43B,$9.37B,16.35%,$2.22B,$7.27B,32.71%,$1511,$115,$1397,$499,$331,$944,$567,$18,$585,$107,$478,$478,$478,$604,$567,$108,115,$4.44,$4.16,$1625,$820,$0,$4545,$2395,$1822,$0,$79,$4828,$9373,$1266,$705,$170,$1539,$2805,$0,$3288,$-16,$6568,$9373,$478,$36,$72,$108,$30,$-89,$0,$14,$33,$619,$-79,$0,$0,$-346,$0,$-346,$0,$-425,$0,$0,$0,$13,$13,$0,$0,$13,$207,$82,$0
3,2017-12-31,375.96,$57.09,6.59,$50.59,7.43,$18.38,20.45,$10.32,36.43,$4.34B,$1.14B,3.82,$0.70B,$6.14B,0.11,$5.87B,$5.48B,93.24%,$5.87B,$2.08B,35.42%,$5.87B,$2.08B,35.42%,$5.87B,$2.23B,37.89%,$5.87B,$2.08B,35.41%,$5.87B,$1.20B,20.42%,$1.20B,$6.14B,21.24%,$1.20B,$6.14B,21.24%,$1.20B,$8.76B,14.36%,$2.08B,$6.85B,32.77%,$1582,$106,$1477,$528,$410,$1044,$539,$16,$555,$381,$174,$174,$174,$573,$539,$106,116,$1.61,$1.52,$1410,$726,$0,$4335,$2359,$1486,$0,$78,$4429,$8764,$1135,$703,$152,$1485,$2620,$0,$2947,$1,$6144,$8764,$1199,$145,$890,$1035,$-363,$-314,$0,$-226,$-927,$1307,$-273,$0,$0,$-733,$0,$-733,$0,$-1005,$37,$0,$37,$-61,$-61,$0,$0,$-24,$278,$507,$0
4,2017-09-30,447.12,$56.35,7.94,$47.48,9.42,$17.73,25.22,$11.01,40.61,$4.14B,$1.14B,3.63,$0.70B,$6.05B,0.12,$5.52B,$5.15B,93.35%,$5.52B,$1.89B,34.22%,$5.52B,$1.89B,34.22%,$5.52B,$2.03B,36.76%,$5.52B,$1.87B,33.82%,$5.52B,$1.28B,23.16%,$1.28B,$6.05B,24.47%,$1.28B,$6.05B,24.47%,$1.28B,$8.70B,16.18%,$1.89B,$6.75B,32.35%,$1501,$104,$1396,$530,$307,$941,$560,$6,$566,$177,$388,$388,$388,$598,$560,$107,117,$3.64,$3.32,$1379,$642,$0,$4136,$2275,$1327,$0,$37,$4565,$8701,$1139,$702,$125,$1511,$2650,$0,$2773,$24,$6052,$8701,$1025,$111,$316,$427,$-360,$-236,$0,$-87,$-712,$740,$-165,$0,$0,$-504,$0,$-504,$0,$-669,$37,$0,$37,$149,$149,$0,$0,$186,$257,$380,$0
5,2017-06-30,491.14,$51.54,9.53,$45.14,10.88,$19.11,25.7,$9.96,49.31,$3.86B,$1.03B,3.75,$0.70B,$5.52B,0.13,$5.24B,$4.93B,94.16%,$5.24B,$1.69B,32.30%,$5.24B,$1.69B,32.30%,$5.24B,$1.82B,34.78%,$5.24B,$1.67B,31.82%,$5.24B,$1.16B,22.06%,$1.16B,$5.52B,23.90%,$1.16B,$5.52B,23.90%,$1.16B,$8.11B,15.54%,$1.69B,$6.22B,31.52%,$1470,$103,$1367,$510,$307,$920,$550,$-24,$526,$138,$388,$388,$388,$585,$550,$106,116,$3.66,$3.34,$1268,$554,$0,$3860,$2262,$1065,$0,$37,$4246,$8106,$1029,$701,$116,$1557,$2586,$0,$2385,$2,$5521,$8106,$637,$73,$235,$308,$-233,$-152,$0,$-88,$-620,$325,$-105,$0,$0,$-205,$0,$-205,$0,$-311,$37,$0,$37,$157,$157,$0,$0,$194,$209,$255,$0
6,2017-03-31,387.51,$45.79,8.46,$42.91,9.03,$18.95,20.45,$8.31,46.63,$3.67B,$1.31B,2.81,$0.70B,$4.87B,0.14,$4.98B,$4.71B,94.54%,$4.98B,$1.43B,28.78%,$4.98B,$1.43B,28.78%,$4.98B,$1.55B,31.19%,$4.98B,$1.43B,28.76%,$4.98B,$0.96B,19.34%,$0.96B,$4.87B,21.54%,$0.96B,$4.87B,21.54%,$0.96B,$7.82B,13.84%,$1.43B,$5.57B,29.13%,$1319,$84,$1235,$507,$297,$888,$431,$2,$432,$183,$249,$249,$249,$469,$431,$106,115,$2.36,$2.16,$1307,$467,$0,$3669,$2277,$968,$0,$37,$4148,$7817,$1308,$700,$106,$1643,$2951,$0,$1997,$-6,$4866,$7817,$249,$38,$97,$135,$-138,$-70,$0,$-8,$-28,$356,$-50,$0,$0,$-90,$0,$-90,$0,$-140,$44,$0,$44,$17,$17,$0,$0,$61,$277,$134,$0
7,2016-12-31,367.09,$41.97,8.75,$41.96,8.75,$15.78,23.26,$7.60,48.3,$3.18B,$1.24B,2.56,$0.35B,$4.45B,0.08,$4.86B,$4.56B,93.83%,$4.86B,$1.33B,27.38%,$4.86B,$1.33B,27.38%,$4.86B,$1.44B,29.54%,$4.86B,$1.33B,27.36%,$4.86B,$0.90B,18.41%,$0.90B,$4.45B,21.33%,$0.90B,$4.45B,21.33%,$0.90B,$6.97B,13.82%,$1.33B,$4.80B,29.19%,$1227,$75,$1152,$479,$326,$880,$347,$-5,$342,$88,$253,$253,$253,$376,$347,$105,116,$2.40,$2.15,$1039,$399,$0,$3180,$2083,$864,$0,$20,$3793,$6973,$1241,$352,$100,$1283,$2524,$0,$1748,$-13,$4449,$6973,$896,$105,$245,$350,$-144,$-150,$0,$268,$228,$1473,$-512,$0,$0,$-535,$0,$-535,$0,$-1047,$-684,$0,$-684,$-16,$-16,$0,$0,$-700,$-274,$560,$0
8,2016-09-30,402.02,$42.59,9.44,$40.95,9.82,$13.18,30.49,$6.75,59.56,$3.50B,$0.96B,3.64,$0.38B,$4.49B,0.09,$4.73B,$4.40B,92.90%,$4.73B,$1.22B,25.68%,$4.73B,$1.22B,25.68%,$4.73B,$1.31B,27.77%,$4.73B,$1.22B,25.68%,$4.73B,$0.80B,16.84%,$0.80B,$4.49B,19.94%,$0.80B,$4.49B,19.94%,$0.80B,$6.83B,12.99%,$1.22B,$4.87B,27.84%,$1220,$44,$1176,$543,$270,$857,$363,$3,$366,$101,$265,$265,$265,$391,$363,$105,116,$2.53,$2.27,$1408,$346,$0,$3502,$1872,$778,$0,$21,$3326,$6828,$961,$382,$136,$1376,$2337,$0,$1495,$-3,$4491,$6828,$642,$76,$229,$304,$-176,$-100,$0,$317,$149,$1096,$-361,$0,$0,$-414,$0,$-414,$0,$-776,$-9,$0,$-9,$-199,$-199,$0,$0,$-209,$111,$405,$0
9,2016-06-30,349.23,$38.72,9.02,$40.29,8.67,$11.62,30.07,$6.30,55.43,$3.21B,$0.95B,3.37,$0.36B,$4.08B,0.09,$4.65B,$4.25B,91.37%,$4.65B,$1.24B,26.76%,$4.65B,$1.24B,26.76%,$4.65B,$1.34B,28.74%,$4.65B,$1.24B,26.72%,$4.65B,$0.74B,15.96%,$0.74B,$4.08B,20.06%,$0.74B,$4.08B,20.06%,$0.74B,$6.21B,12.96%,$1.24B,$4.44B,30.57%,$1213,$69,$1144,$560,$292,$921,$292,$1,$292,$96,$196,$196,$196,$317,$292,$105,116,$1.88,$1.69,$1045,$316,$0,$3209,$1773,$590,$0,$7,$2996,$6205,$952,$362,$120,$1177,$2128,$0,$1230,$5,$4077,$6205,$378,$48,$119,$167,$-284,$-73,$0,$123,$-100,$444,$-243,$0,$0,$-127,$0,$-127,$0,$-370,$-14,$0,$-14,$-224,$-224,$0,$0,$-237,$-163,$274,$0
10,2016-03-31,360.44,$35.86,10.05,$38.52,9.36,$8.16,44.15,$6.30,57.21,$3.13B,$0.92B,3.41,$0.36B,$3.77B,0.1,$4.44B,$4.01B,90.51%,$4.44B,$1.30B,29.24%,$4.44B,$1.30B,29.24%,$4.44B,$1.38B,31.09%,$4.44B,$1.28B,28.82%,$4.44B,$0.74B,16.71%,$0.74B,$3.77B,21.09%,$0.74B,$3.77B,21.09%,$0.74B,$5.90B,13.97%,$1.30B,$4.13B,33.33%,$1201,$112,$1089,$470,$290,$872,$329,$1,$330,$149,$181,$181,$181,$352,$329,$104,114,$1.74,$1.59,$849,$303,$0,$3133,$1666,$555,$0,$6,$2771,$5904,$920,$362,$121,$1220,$2139,$0,$1018,$4,$3765,$5904,$181,$23,$66,$89,$-397,$-62,$0,$130,$-226,$45,$-104,$0,$0,$60,$0,$60,$0,$-44,$-2,$0,$-2,$-204,$-204,$0,$0,$-206,$-205,$142,$0
11,2015-12-31,542.87,$34.92,15.54,$35.60,15.25,$6.80,79.88,$5.51,98.52,$2.92B,$0.81B,3.59,$0.36B,$3.66B,0.1,$4.10B,$3.71B,90.42%,$4.10B,$1.25B,30.51%,$4.10B,$1.25B,30.51%,$4.10B,$1.33B,32.33%,$4.10B,$1.23B,29.85%,$4.10B,$0.64B,15.50%,$0.64B,$3.66B,19.18%,$0.64B,$3.66B,19.18%,$0.64B,$5.61B,13.03%,$1.25B,$4.02B,33.65%,$1098,$111,$987,$461,$295,$867,$231,$-4,$227,$72,$155,$155,$155,$254,$231,$103,115,$1.50,$1.35,$1045,$239,$0,$2915,$1594,$632,$0,$6,$2694,$5609,$811,$363,$116,$1143,$1954,$0,$853,$9,$3655,$5609,$636,$75,$390,$465,$-491,$-112,$0,$529,$230,$1331,$-678,$0,$0,$-230,$0,$-230,$0,$-908,$-714,$0,$-714,$46,$46,$0,$405,$-263,$160,$459,$0
12,2015-09-30,465.14,$31.69,14.68,$33.14,14.03,$4.83,96.32,$5.13,90.67,$2.68B,$0.74B,3.64,$0.40B,$3.30B,0.12,$3.81B,$3.47B,91.05%,$3.81B,$1.24B,32.48%,$3.81B,$1.24B,32.48%,$3.81B,$1.30B,34.22%,$3.81B,$1.19B,31.20%,$3.81B,$0.57B,14.99%,$0.57B,$3.30B,18.79%,$0.57B,$3.30B,18.79%,$0.57B,$5.18B,12.87%,$1.24B,$3.69B,35.67%,$1137,$109,$1028,$426,$210,$745,$392,$1,$393,$183,$210,$210,$210,$413,$392,$103,116,$2.04,$1.82,$896,$191,$0,$2676,$1475,$681,$0,$5,$2507,$5183,$735,$395,$78,$1151,$1886,$0,$698,$8,$3297,$5183,$481,$52,$270,$322,$-463,$-66,$0,$611,$246,$1049,$-500,$0,$0,$-284,$0,$-284,$0,$-784,$-120,$0,$-120,$-445,$-445,$0,$306,$-259,$6,$301,$0
13,2015-06-30,510.13,$32.21,15.84,$29.51,17.28,$2.98,171.13,$4.01,127.21,$2.28B,$0.60B,3.8,$0.39B,$3.34B,0.12,$3.40B,$3.11B,91.52%,$3.40B,$1.03B,30.41%,$3.40B,$1.03B,30.41%,$3.40B,$1.09B,32.15%,$3.40B,$0.98B,28.76%,$3.40B,$0.44B,13.07%,$0.44B,$3.34B,15.56%,$0.44B,$3.34B,15.56%,$0.44B,$4.53B,10.89%,$1.03B,$3.73B,31.08%,$999,$89,$910,$390,$175,$654,$345,$-17,$328,$133,$195,$195,$195,$360,$345,$103,115,$1.89,$1.69,$604,$171,$0,$2283,$1326,$590,$0,$4,$2244,$4527,$602,$388,$76,$587,$1189,$0,$487,$19,$3338,$4527,$271,$31,$172,$203,$-419,$-46,$0,$17,$-318,$156,$-354,$0,$0,$-147,$0,$-147,$0,$-501,$-117,$0,$-117,$-45,$-45,$0,$249,$87,$-258,$198,$0
14,2015-03-31,451.48,$28.79,15.68,$26.74,16.89,$6.95,64.98,$3.14,143.78,$2.31B,$0.54B,4.31,$0.47B,$2.97B,0.16,$3.06B,$2.82B,91.97%,$3.06B,$0.92B,29.90%,$3.06B,$0.92B,29.90%,$3.06B,$0.97B,31.76%,$3.06B,$0.86B,28.00%,$3.06B,$0.35B,11.26%,$0.35B,$2.97B,13.22%,$0.35B,$2.97B,13.22%,$0.35B,$4.20B,9.06%,$0.92B,$3.44B,29.42%,$870,$84,$786,$343,$159,$586,$284,$-7,$277,$201,$76,$76,$76,$300,$284,$102,115,$0.74,$0.66,$742,$134,$0,$2311,$1111,$483,$0,$4,$1888,$4199,$536,$472,$56,$691,$1227,$0,$293,$48,$2971,$4199,$76,$16,$75,$91,$-330,$-5,$0,$36,$-269,$-102,$-114,$0,$0,$-15,$0,$-15,$0,$-129,$-134,$0,$-134,$55,$55,$0,$170,$90,$-141,$104,$0
15,2014-12-31,410.25,$24.90,16.48,$24.72,16.59,$8.73,46.98,$3.06,134.07,$2.09B,$0.66B,3.18,$0.46B,$2.55B,0.18,$2.82B,$2.61B,92.70%,$2.82B,$0.82B,29.22%,$2.82B,$0.82B,29.22%,$2.82B,$0.88B,31.06%,$2.82B,$0.76B,27.02%,$2.82B,$0.34B,11.95%,$0.34B,$2.55B,13.92%,$0.34B,$2.55B,13.92%,$0.34B,$3.84B,9.43%,$0.82B,$3.01B,28.05%,$802,$59,$743,$352,$175,$587,$216,$-26,$190,$100,$90,$90,$90,$230,$216,$101,113,$0.88,$0.79,$900,$129,$0,$2085,$974,$460,$0,$3,$1753,$3838,$655,$458,$40,$633,$1287,$0,$217,$52,$2550,$3838,$338,$53,$346,$399,$-35,$-57,$0,$-54,$16,$752,$-333,$0,$0,$-88,$0,$-88,$0,$-421,$-516,$0,$-516,$-142,$-142,$0,$439,$-219,$113,$322,$0
16,2014-09-30,360.52,$24.98,14.43,$23.13,15.58,$8.92,40.43,$2.96,121.8,$2.20B,$0.41B,5.36,$0.56B,$2.55B,0.22,$2.63B,$2.43B,92.58%,$2.63B,$0.80B,30.56%,$2.63B,$0.80B,30.56%,$2.63B,$0.85B,32.42%,$2.63B,$0.75B,28.65%,$2.63B,$0.33B,12.67%,$0.33B,$2.55B,14.66%,$0.33B,$2.55B,14.66%,$0.33B,$3.74B,9.94%,$0.80B,$3.12B,28.68%,$726,$56,$670,$338,$144,$537,$188,$-7,$182,$98,$83,$83,$83,$202,$188,$101,117,$0.83,$0.73,$1042,$120,$0,$2201,$819,$453,$0,$3,$1539,$3739,$410,$564,$24,$777,$1188,$0,$145,$27,$2552,$3739,$248,$39,$214,$252,$54,$-51,$0,$-25,$54,$554,$-215,$0,$0,$-262,$0,$-262,$0,$-477,$-62,$0,$-62,$-238,$-238,$0,$334,$34,$111,$209,$0
17,2014-06-30,282.47,$23.33,12.11,$22.07,12.8,$7.91,35.69,$3.51,80.48,$1.92B,$0.35B,5.46,$0.52B,$2.37B,0.22,$2.50B,$2.32B,92.88%,$2.50B,$0.85B,34.09%,$2.50B,$0.85B,34.09%,$2.50B,$0.90B,35.93%,$2.50B,$0.80B,31.89%,$2.50B,$0.39B,15.65%,$0.39B,$2.37B,19.02%,$0.39B,$2.37B,19.02%,$0.39B,$3.46B,12.71%,$0.85B,$2.89B,33.23%,$666,$46,$619,$295,$97,$438,$228,$-19,$209,$112,$96,$96,$96,$241,$228,$100,113,$0.96,$0.85,$817,$110,$0,$1919,$707,$551,$0,$9,$1537,$3456,$352,$517,$15,$736,$1087,$0,$65,$4,$2369,$3456,$165,$25,$150,$174,$85,$-37,$0,$-13,$51,$390,$-136,$0,$0,$-219,$0,$-219,$0,$-354,$-62,$0,$-62,$-145,$-145,$0,$236,$29,$65,$141,$0
18,2014-03-31,300.28,$21.93,13.69,$20.30,14.79,$7.09,42.33,$3.48,86.29,$1.87B,$0.31B,6.13,$0.53B,$2.21B,0.24,$2.29B,$2.12B,92.54%,$2.29B,$0.78B,34.13%,$2.29B,$0.78B,34.13%,$2.29B,$0.83B,36.01%,$2.29B,$0.74B,32.13%,$2.29B,$0.38B,16.67%,$0.38B,$2.21B,20.80%,$0.38B,$2.21B,20.80%,$0.38B,$3.26B,13.61%,$0.78B,$2.74B,33.50%,$626,$44,$582,$287,$103,$434,$192,$-11,$181,$113,$68,$68,$68,$203,$192,$99,112,$0.69,$0.61,$648,$87,$0,$1871,$601,$535,$0,$5,$1389,$3260,$305,$530,$12,$744,$1049,$0,$-27,$1,$2211,$3260,$68,$12,$80,$91,$-93,$-16,$0,$16,$-106,$54,$-65,$0,$0,$-171,$0,$-171,$0,$-236,$-0,$0,$-0,$-8,$-8,$0,$117,$109,$-74,$76,$0
19,2013-12-31,275.24,$19.58,14.06,$18.74,14.69,$7.79,35.34,$3.80,72.43,$1.80B,$0.30B,6.01,$0.51B,$1.95B,0.26,$2.11B,$1.95B,92.59%,$2.11B,$0.74B,35.30%,$2.11B,$0.74B,35.30%,$2.11B,$0.78B,37.24%,$2.11B,$0.70B,33.11%,$2.11B,$0.41B,19.62%,$0.41B,$1.95B,25.26%,$0.41B,$1.95B,25.26%,$0.41B,$2.95B,16.12%,$0.74B,$2.46B,35.12%,$610,$48,$562,$268,$99,$415,$195,$-14,$181,$95,$86,$86,$86,$206,$195,$98,111,$0.88,$0.78,$694,$70,$0,$1797,$527,$390,$0,$5,$1154,$2951,$299,$505,$11,$700,$999,$0,$-93,$-1,$1952,$2951,$414,$41,$324,$366,$-245,$-48,$0,$-34,$-191,$589,$-156,$0,$0,$-199,$0,$-199,$0,$-355,$-2,$0,$-2,$-138,$-138,$0,$212,$72,$305,$215,$0
20,2013-09-30,312.87,$17.01,18.4,$16.85,18.57,$2.83,110.52,$7.02,44.57,$1.63B,$0.27B,6.08,$0.48B,$1.69B,0.29,$1.91B,$1.77B,92.72%,$1.91B,$0.69B,36.34%,$1.91B,$0.69B,36.34%,$1.91B,$0.73B,38.38%,$1.91B,$0.65B,34.08%,$1.91B,$0.80B,41.73%,$0.80B,$1.69B,54.65%,$0.80B,$1.69B,54.65%,$0.80B,$2.64B,34.01%,$0.69B,$2.17B,36.02%,$597,$39,$558,$224,$98,$360,$237,$-11,$226,$84,$141,$141,$141,$248,$237,$98,117,$1.44,$1.25,$445,$0,$0,$1634,$454,$330,$0,$4,$1006,$2640,$269,$481,$11,$682,$950,$0,$-189,$-3,$1690,$2640,$328,$30,$259,$289,$-351,$-37,$0,$-17,$-310,$307,$-87,$0,$0,$-158,$0,$-158,$0,$-246,$-2,$0,$-2,$-125,$-125,$0,$98,$-28,$33,$143,$0
21,2013-06-30,224.88,$15.13,14.86,$15.43,14.58,$-0.79,0.0,$7.49,30.02,$1.56B,$0.20B,7.66,$0.47B,$1.49B,0.32,$1.74B,$1.62B,93.11%,$1.74B,$0.66B,37.85%,$1.74B,$0.66B,37.85%,$1.74B,$0.70B,40.03%,$1.74B,$0.62B,35.38%,$1.74B,$0.85B,48.65%,$0.85B,$1.49B,68.44%,$0.85B,$1.49B,68.44%,$0.85B,$2.38B,40.36%,$0.66B,$1.97B,38.82%,$458,$40,$418,$187,$72,$300,$158,$-10,$148,$60,$87,$87,$87,$168,$158,$98,111,$0.89,$0.79,$538,$0,$0,$1561,$420,$173,$0,$15,$817,$2378,$204,$473,$10,$681,$885,$0,$-331,$-3,$1493,$2378,$186,$19,$220,$239,$-206,$-31,$0,$-9,$-211,$214,$-56,$0,$0,$25,$0,$25,$0,$-31,$-1,$0,$-1,$-39,$-39,$0,$8,$-32,$151,$97,$0
22,2013-03-31,176.4,$14.39,12.26,$14.07,12.54,$-3.94,0.0,$7.40,23.84,$1.31B,$0.20B,6.63,$0.46B,$1.41B,0.33,$1.59B,$1.49B,93.64%,$1.59B,$0.59B,37.05%,$1.59B,$0.59B,37.05%,$1.59B,$0.63B,39.45%,$1.59B,$0.55B,34.34%,$1.59B,$0.84B,52.74%,$0.84B,$1.41B,82.63%,$0.84B,$1.41B,82.63%,$0.84B,$2.28B,44.79%,$0.59B,$1.87B,40.10%,$440,$29,$411,$180,$77,$287,$153,$-11,$142,$43,$99,$99,$99,$162,$153,$97,109,$1.02,$0.90,$308,$0,$0,$1307,$392,$347,$0,$29,$969,$2276,$197,$461,$9,$672,$870,$0,$-418,$-2,$1406,$2276,$99,$9,$106,$115,$-118,$-18,$0,$-24,$-128,$86,$-21,$0,$0,$-126,$0,$-126,$0,$-148,$-1,$0,$-1,$10,$10,$0,$2,$12,$-50,$53,$0
23,2012-12-31,171.07,$12.80,13.36,$12.20,14.02,$-5.45,0.0,$6.61,25.88,$1.21B,$0.16B,7.37,$0.46B,$1.25B,0.37,$1.38B,$1.29B,93.84%,$1.38B,$0.46B,33.14%,$1.38B,$0.46B,33.14%,$1.38B,$0.50B,35.90%,$1.38B,$0.42B,30.09%,$1.38B,$0.75B,54.39%,$0.75B,$1.25B,95.24%,$0.75B,$1.25B,95.24%,$0.75B,$2.08B,45.81%,$0.46B,$1.70B,37.00%,$415,$30,$384,$181,$58,$269,$146,$-11,$135,$0,$470,$470,$470,$155,$146,$95,115,$4.97,$4.22,$308,$29,$0,$1206,$380,$271,$0,$31,$874,$2080,$164,$456,$7,$672,$835,$0,$-517,$-1,$1245,$2080,$750,$37,$-189,$-152,$-588,$-29,$0,$-66,$-673,$-75,$-49,$0,$0,$-32,$0,$-32,$0,$-81,$-2,$0,$-2,$-100,$-100,$0,$4,$-98,$-253,$94,$0
24,2012-09-30,152.66,$8.35,18.28,$9.96,15.32,$-6.57,0.0,$1.95,78.29,$0.95B,$0.18B,5.31,$0.45B,$0.81B,0.56,$1.09B,$1.03B,94.76%,$1.09B,$0.27B,24.47%,$1.09B,$0.27B,24.47%,$1.09B,$0.30B,27.87%,$1.09B,$0.23B,20.79%,$1.09B,$0.23B,20.88%,$0.23B,$0.81B,37.98%,$0.23B,$0.81B,37.98%,$0.23B,$1.66B,15.67%,$0.27B,$1.26B,25.58%,$428,$20,$408,$158,$47,$225,$202,$-11,$191,$0,$191,$191,$191,$212,$202,$95,116,$2.02,$1.72,$263,$0,$0,$949,$373,$313,$0,$26,$712,$1661,$179,$450,$7,$676,$855,$0,$-987,$-2,$806,$1661,$280,$27,$94,$121,$-498,$0,$0,$-100,$-569,$-168,$-34,$0,$0,$-138,$0,$-138,$0,$-172,$-2,$0,$-2,$-23,$-23,$0,$0,$-25,$-365,$63,$0
25,2012-06-30,114.22,$6.19,18.45,$7.40,15.43,$-6.33,0.0,$-0.45,0.0,$0.77B,$0.18B,4.2,$0.45B,$0.60B,0.75,$0.76B,$0.72B,95.01%,$0.76B,$0.01B,0.79%,$0.76B,$0.01B,0.79%,$0.76B,$0.04B,5.38%,$0.76B,$-0.03B,-3.54%,$0.76B,$-0.03B,-3.41%,$-0.03B,$0.60B,-5.17%,$-0.03B,$0.60B,-5.17%,$-0.03B,$1.46B,-2.03%,$0.01B,$1.04B,0.69%,$304,$22,$283,$147,$48,$217,$87,$-11,$77,$0,$77,$77,$77,$97,$87,$95,110,$0.81,$0.70,$301,$0,$0,$769,$372,$288,$0,$28,$688,$1458,$183,$445,$7,$680,$863,$0,$-1179,$-2,$595,$1458,$88,$18,$65,$83,$-332,$0,$0,$-37,$-337,$-165,$-24,$0,$0,$-99,$0,$-99,$0,$-123,$-1,$0,$-1,$-22,$-22,$0,$0,$-23,$-312,$43,$0
26,2012-03-31,116.62,$5.30,21.99,$5.83,20.0,$-5.52,0.0,$-1.84,0.0,$0.70B,$0.16B,4.35,$0.44B,$0.50B,0.87,$0.57B,$0.55B,96.82%,$0.57B,$-0.14B,-24.91%,$0.57B,$-0.14B,-24.91%,$0.57B,$-0.11B,-19.08%,$0.57B,$-0.17B,-29.51%,$0.57B,$-0.17B,-29.33%,$-0.17B,$0.50B,-35.02%,$-0.17B,$0.50B,-35.02%,$-0.17B,$1.35B,-14.12%,$-0.14B,$0.94B,-18.26%,$232,$12,$219,$139,$58,$210,$22,$-11,$12,$0,$12,$12,$12,$31,$22,$93,108,$0.12,$0.11,$432,$0,$0,$697,$370,$255,$0,$29,$653,$1350,$160,$440,$7,$686,$846,$0,$-1256,$-1,$504,$1350,$12,$8,$31,$40,$-135,$0,$0,$-16,$-138,$-87,$-11,$0,$0,$27,$0,$27,$-0,$16,$-1,$0,$-1,$-17,$-17,$0,$0,$-18,$-89,$23,$0
27,2011-12-31,55.43,$5.23,10.59,$4.94,11.23,$-4.97,0.0,$-2.44,0.0,$0.67B,$0.15B,4.49,$0.44B,$0.49B,0.9,$0.45B,$0.44B,98.88%,$0.45B,$-0.20B,-45.74%,$0.45B,$-0.20B,-45.74%,$0.45B,$-0.17B,-38.79%,$0.45B,$-0.22B,-50.00%,$0.45B,$-0.22B,-49.55%,$-0.22B,$0.49B,-46.28%,$-0.22B,$0.49B,-46.28%,$-0.22B,$1.32B,-19.96%,$-0.20B,$0.92B,-28.92%,$123,$3,$120,$129,$36,$168,$-45,$-9,$-54,$-1,$-53,$-53,$-53,$-37,$-45,$91,91,$-0.59,$-0.59,$527,$0,$0,$666,$368,$276,$0,$14,$658,$1324,$148,$435,$6,$690,$838,$0,$-1267,$-2,$486,$1324,$-222,$31,$68,$99,$-21,$-14,$0,$-34,$-19,$-142,$-57,$0,$0,$186,$0,$186,$0,$128,$272,$0,$272,$112,$112,$0,$0,$384,$371,$56,$0
28,2011-09-30,58.2,$4.63,12.57,$5.19,11.21,$-2.78,0.0,$-2.03,0.0,$0.34B,$0.13B,2.55,$0.16B,$0.43B,0.37,$0.46B,$0.45B,99.34%,$0.46B,$-0.17B,-37.64%,$0.46B,$-0.17B,-37.64%,$0.46B,$-0.14B,-31.29%,$0.46B,$-0.18B,-40.26%,$0.46B,$-0.18B,-40.04%,$-0.18B,$0.43B,-37.50%,$-0.18B,$0.43B,-37.50%,$-0.18B,$0.98B,-17.46%,$-0.17B,$0.59B,-26.57%,$103,$0,$102,$128,$33,$161,$-58,$-3,$-62,$1,$-62,$-62,$-62,$-50,$-58,$91,91,$-0.68,$-0.68,$245,$0,$0,$340,$364,$258,$0,$21,$643,$983,$133,$159,$7,$422,$555,$0,$-1214,$-2,$428,$983,$-168,$23,$43,$66,$5,$0,$0,$-29,$11,$-91,$-46,$0,$0,$209,$0,$209,$-1,$162,$-1,$0,$-1,$24,$24,$0,$0,$23,$94,$41,$0
29,2011-06-30,56.71,$5.22,10.86,$5.36,10.58,$-0.39,0.0,$-1.76,0.0,$0.41B,$0.14B,3.04,$0.16B,$0.48B,0.33,$0.46B,$0.46B,99.57%,$0.46B,$-0.15B,-31.74%,$0.46B,$-0.15B,-31.74%,$0.46B,$-0.12B,-26.09%,$0.46B,$-0.16B,-33.91%,$0.46B,$-0.16B,-33.70%,$-0.16B,$0.48B,-33.12%,$-0.16B,$0.48B,-33.12%,$-0.16B,$1.05B,-14.93%,$-0.15B,$0.64B,-23.29%,$108,$0,$107,$143,$25,$168,$-60,$-3,$-63,$-1,$-63,$-63,$-63,$-52,$-60,$90,90,$-0.69,$-0.69,$310,$0,$0,$413,$362,$251,$0,$20,$634,$1047,$136,$159,$7,$433,$569,$0,$-1152,$-1,$478,$1047,$-106,$15,$28,$43,$-1,$0,$0,$-19,$18,$-45,$-37,$0,$0,$201,$0,$201,$-1,$163,$-1,$0,$-1,$24,$24,$0,$0,$23,$142,$27,$0
30,2011-03-31,44.94,$5.71,7.87,$5.59,8.04,$-0.30,0.0,$-1.38,0.0,$0.33B,$0.11B,2.9,$0.16B,$0.52B,0.31,$0.47B,$0.47B,99.57%,$0.47B,$-0.11B,-23.50%,$0.47B,$-0.11B,-23.50%,$0.47B,$-0.09B,-18.59%,$0.47B,$-0.12B,-25.21%,$0.47B,$-0.12B,-25.00%,$-0.12B,$0.52B,-26.52%,$-0.12B,$0.52B,-26.52%,$-0.12B,$1.07B,-12.01%,$-0.11B,$0.68B,-18.34%,$112,$0,$112,$129,$23,$153,$-41,$-3,$-44,$-0,$-43,$-43,$-43,$-34,$-41,$89,89,$-0.49,$-0.49,$226,$0,$0,$326,$357,$374,$0,$18,$749,$1074,$112,$159,$7,$444,$556,$0,$-1089,$-2,$518,$1074,$-43,$7,$15,$22,$-4,$0,$0,$1,$11,$-11,$-22,$0,$0,$42,$0,$42,$0,$20,$-0,$0,$-0,$13,$13,$0,$0,$13,$23,$15,$0
31,2010-12-31,32.83,$5.90,5.56,$5.61,5.85,$-0.33,0.0,$-1.27,0.0,$0.36B,$0.11B,3.28,$0.16B,$0.53B,0.3,$0.46B,$0.46B,99.35%,$0.46B,$-0.10B,-21.30%,$0.46B,$-0.10B,-21.30%,$0.46B,$-0.08B,-16.96%,$0.46B,$-0.11B,-22.83%,$0.46B,$-0.11B,-22.83%,$-0.11B,$0.53B,-25.72%,$-0.11B,$0.53B,-25.72%,$-0.11B,$1.09B,-11.64%,$-0.10B,$0.69B,-17.31%,$134,$1,$133,$125,$21,$146,$-13,$-2,$-15,$0,$-15,$-15,$-15,$-7,$-13,$83,83,$-0.16,$-0.16,$249,$0,$0,$358,$347,$370,$0,$14,$732,$1089,$109,$159,$7,$453,$562,$0,$-1046,$-2,$528,$1089,$-104,$20,$44,$64,$-18,$0,$0,$150,$140,$99,$-100,$0,$0,$-331,$0,$-331,$-6,$-437,$47,$0,$47,$197,$197,$0,$0,$243,$-95,$40,$0
32,2010-09-30,27.4,$4.23,6.47,$5.21,5.26,$-2.42,0.0,$-1.56,0.0,$0.58B,$0.13B,4.3,$0.16B,$0.35B,0.46,$0.42B,$0.42B,99.29%,$0.42B,$-0.12B,-29.31%,$0.42B,$-0.12B,-29.31%,$0.42B,$-0.11B,-24.82%,$0.42B,$-0.13B,-30.97%,$0.42B,$-0.13B,-29.79%,$-0.13B,$0.35B,-33.56%,$-0.13B,$0.35B,-33.56%,$-0.13B,$0.94B,-15.46%,$-0.12B,$0.51B,-23.80%,$106,$0,$106,$122,$16,$138,$-32,$-2,$-34,$0,$-34,$-34,$-34,$-27,$-32,$82,82,$-0.41,$-0.41,$479,$0,$0,$576,$318,$38,$0,$10,$367,$942,$134,$158,$5,$461,$594,$0,$-1031,$-0,$348,$942,$-90,$14,$29,$43,$-17,$0,$0,$176,$187,$140,$-67,$0,$0,$-13,$0,$-13,$-2,$-82,$61,$0,$61,$0,$0,$0,$0,$61,$118,$0,$0
33,2010-06-30,22.32,$4.52,4.94,$5.38,4.15,$-4.58,0.0,$-1.16,0.0,$0.42B,$0.12B,3.49,$0.16B,$0.37B,0.42,$0.43B,$0.43B,99.31%,$0.43B,$-0.09B,-21.43%,$0.43B,$-0.09B,-21.43%,$0.43B,$-0.08B,-17.51%,$0.43B,$-0.10B,-22.58%,$0.43B,$-0.09B,-21.43%,$-0.09B,$0.37B,-23.60%,$-0.09B,$0.37B,-23.60%,$-0.09B,$0.79B,-12.15%,$-0.09B,$0.53B,-18.03%,$116,$0,$115,$125,$15,$140,$-24,$-2,$-25,$0,$-25,$-25,$-25,$-19,$-24,$81,81,$-0.31,$-0.31,$306,$0,$0,$418,$292,$70,$0,$10,$373,$791,$120,$157,$4,$300,$419,$0,$-997,$-0,$371,$791,$-56,$9,$19,$28,$-30,$0,$0,$18,$7,$-21,$-45,$0,$0,$-85,$0,$-85,$-2,$-133,$47,$0,$47,$12,$12,$0,$0,$59,$-95,$0,$0
34,2010-03-31,26.49,$4.72,5.62,$5.09,5.2,$-4.62,0.0,$-1.04,0.0,$0.40B,$0.10B,3.8,$0.16B,$0.39B,0.41,$0.41B,$0.41B,99.51%,$0.41B,$-0.09B,-20.83%,$0.41B,$-0.09B,-20.83%,$0.41B,$-0.07B,-17.16%,$0.41B,$-0.09B,-21.57%,$0.41B,$-0.08B,-20.34%,$-0.08B,$0.39B,-20.54%,$-0.08B,$0.39B,-20.54%,$-0.08B,$0.79B,-11.02%,$-0.09B,$0.54B,-16.94%,$104,$1,$103,$117,$14,$132,$-29,$-2,$-31,$0,$-31,$-31,$-31,$-25,$-29,$81,81,$-0.38,$-0.38,$304,$0,$0,$395,$275,$108,$0,$9,$392,$787,$104,$156,$4,$297,$401,$0,$-972,$1,$386,$787,$-31,$4,$9,$14,$-6,$0,$0,$1,$7,$-10,$-23,$0,$0,$-114,$0,$-114,$0,$-136,$47,$0,$47,$9,$9,$0,$0,$56,$-90,$9,$0
35,2009-12-31,24.18,$4.89,4.94,$4.76,5.08,$-4.69,0.0,$-0.88,0.0,$0.43B,$0.09B,4.55,$0.11B,$0.40B,0.28,$0.38B,$0.38B,99.74%,$0.38B,$-0.07B,-19.26%,$0.38B,$-0.07B,-19.26%,$0.38B,$-0.06B,-15.57%,$0.38B,$-0.07B,-19.00%,$0.38B,$-0.07B,-17.68%,$-0.07B,$0.40B,-16.34%,$-0.07B,$0.40B,-16.34%,$-0.07B,$0.74B,-9.22%,$-0.07B,$0.51B,-15.58%,$97,$0,$96,$119,$17,$136,$-39,$-1,$-41,$0,$-36,$-36,$-36,$-34,$-39,$80,80,$-0.46,$-0.46,$341,$0,$0,$426,$260,$47,$0,$9,$316,$741,$94,$109,$4,$251,$344,$0,$-941,$1,$397,$741,$-68,$14,$33,$48,$-30,$0,$0,$-32,$-50,$-70,$-97,$0,$0,$95,$0,$95,$0,$-2,$23,$0,$23,$9,$9,$0,$0,$31,$-41,$31,$0
36,2009-09-30,19.3,$5.25,3.68,$4.25,4.54,$-4.17,0.0,$-0.82,0.0,$0.46B,$0.11B,4.04,$0.06B,$0.42B,0.15,$0.34B,$0.34B,99.70%,$0.34B,$-0.07B,-19.82%,$0.34B,$-0.07B,-19.82%,$0.34B,$-0.06B,-16.27%,$0.34B,$-0.06B,-18.05%,$0.34B,$-0.06B,-18.05%,$-0.06B,$0.42B,-14.65%,$-0.06B,$0.42B,-14.65%,$-0.06B,$0.74B,-8.45%,$-0.07B,$0.49B,-14.53%,$117,$0,$117,$105,$13,$119,$-1,$0,$-1,$0,$-1,$-1,$-1,$2,$-1,$80,80,$-0.01,$-0.01,$380,$0,$0,$462,$215,$57,$0,$8,$281,$742,$114,$63,$3,$206,$320,$0,$-905,$4,$422,$742,$-31,$9,$23,$32,$-33,$0,$0,$-12,$-26,$-26,$-75,$0,$0,$94,$0,$94,$0,$19,$4,$0,$4,$5,$5,$0,$0,$9,$3,$23,$0
37,2009-06-30,17.92,$5.12,3.5,$3.61,4.96,$-3.82,0.0,$-1.08,0.0,$0.47B,$0.12B,3.86,$0.06B,$0.41B,0.15,$0.29B,$0.29B,99.30%,$0.29B,$-0.08B,-29.27%,$0.29B,$-0.08B,-29.27%,$0.29B,$-0.07B,-25.09%,$0.29B,$-0.08B,-26.48%,$0.29B,$-0.08B,-27.53%,$-0.08B,$0.41B,-18.81%,$-0.08B,$0.41B,-18.81%,$-0.08B,$0.74B,-10.63%,$-0.08B,$0.47B,-18.71%,$90,$0,$90,$94,$12,$106,$-16,$1,$-15,$0,$-15,$-15,$-15,$-13,$-16,$80,80,$-0.19,$-0.19,$392,$0,$0,$465,$195,$73,$0,$9,$277,$742,$120,$63,$1,$211,$332,$0,$-904,$1,$411,$742,$-30,$6,$15,$21,$-25,$0,$0,$5,$-6,$-16,$-53,$0,$0,$85,$0,$85,$0,$33,$5,$0,$5,$2,$2,$0,$0,$7,$24,$15,$0
38,2009-03-31,13.86,$5.12,2.71,$3.25,4.26,$-3.23,0.0,$-1.12,0.0,$0.48B,$0.10B,4.69,$0.00B,$0.41B,0.0,$0.26B,$0.26B,99.22%,$0.26B,$-0.09B,-34.11%,$0.26B,$-0.09B,-34.11%,$0.26B,$-0.08B,-29.46%,$0.26B,$-0.08B,-31.01%,$0.26B,$-0.08B,-32.17%,$-0.08B,$0.41B,-19.30%,$-0.08B,$0.41B,-19.30%,$-0.08B,$0.68B,-10.77%,$-0.09B,$0.41B,-19.84%,$75,$0,$75,$80,$11,$92,$-17,$2,$-15,$0,$-15,$-15,$-15,$-14,$-17,$79,79,$-0.19,$-0.19,$416,$0,$0,$484,$110,$78,$0,$9,$198,$681,$103,$0,$13,$168,$271,$0,$-893,$-1,$410,$681,$-15,$3,$8,$10,$-13,$0,$0,$-5,$-10,$-15,$-22,$0,$0,$-18,$0,$-18,$0,$-40,$5,$0,$5,$1,$1,$0,$0,$6,$-49,$8,$0
39,2008-12-31,18.36,$5.28,3.48,$3.03,6.06,$-3.03,0.0,$-1.05,0.0,$0.52B,$0.08B,6.23,$0.05B,$0.42B,0.13,$0.24B,$0.24B,99.16%,$0.24B,$-0.09B,-36.40%,$0.24B,$-0.09B,-36.40%,$0.24B,$-0.08B,-31.38%,$0.24B,$-0.08B,-32.22%,$0.24B,$-0.08B,-33.47%,$-0.08B,$0.42B,-18.07%,$-0.08B,$0.42B,-18.07%,$-0.08B,$0.72B,-9.60%,$-0.09B,$0.48B,-19.07%,$56,$1,$55,$75,$13,$89,$-33,$2,$-30,$-1,$-30,$-30,$-30,$-30,$-33,$79,79,$-0.37,$-0.37,$475,$0,$0,$521,$142,$51,$0,$10,$203,$724,$84,$54,$2,$219,$303,$0,$-873,$-0,$422,$724,$-79,$11,$35,$46,$-17,$0,$0,$-33,$-56,$-89,$-35,$0,$0,$66,$0,$66,$-0,$31,$0,$-201,$-201,$8,$8,$0,$0,$-193,$-251,$33,$0
40,2008-09-30,21.83,$5.49,3.98,$3.30,6.62,$-1.32,0.0,$-0.84,0.0,$0.72B,$0.22B,3.29,$0.00B,$0.44B,0.0,$0.25B,$0.25B,99.60%,$0.25B,$-0.07B,-26.61%,$0.25B,$-0.07B,-26.61%,$0.25B,$-0.06B,-22.18%,$0.25B,$-0.06B,-24.60%,$0.25B,$-0.06B,-25.81%,$-0.06B,$0.44B,-14.15%,$-0.06B,$0.44B,-14.15%,$-0.06B,$0.83B,-7.22%,$-0.07B,$0.44B,-14.59%,$66,$0,$65,$72,$11,$83,$-18,$2,$-16,$3,$-19,$-19,$-19,$-15,$-18,$79,79,$-0.24,$-0.24,$664,$0,$0,$716,$73,$28,$0,$10,$110,$826,$218,$0,$3,$171,$389,$0,$-844,$-4,$437,$826,$-50,$9,$27,$35,$-24,$0,$0,$-15,$-39,$-53,$-19,$0,$0,$-35,$0,$-35,$-0,$-54,$-83,$0,$-83,$6,$6,$0,$0,$-77,$-184,$25,$0
41,2008-06-30,14.44,$5.69,2.54,$2.80,5.15,$-0.88,0.0,$-1.11,0.0,$0.74B,$0.22B,3.32,$0.00B,$0.45B,0.0,$0.20B,$0.20B,100.00%,$0.20B,$-0.09B,-42.65%,$0.20B,$-0.09B,-42.65%,$0.20B,$-0.08B,-37.25%,$0.20B,$-0.08B,-39.71%,$0.20B,$-0.08B,-39.71%,$-0.08B,$0.45B,-21.27%,$-0.08B,$0.45B,-21.27%,$-0.08B,$0.85B,-9.85%,$-0.09B,$0.45B,-20.20%,$61,$0,$61,$67,$13,$80,$-20,$1,$-19,$0,$-19,$-19,$-19,$-17,$-20,$79,79,$-0.24,$-0.24,$700,$0,$0,$742,$64,$44,$0,$1,$109,$851,$224,$0,$0,$176,$400,$0,$-823,$-0,$451,$851,$-31,$6,$18,$24,$-15,$0,$0,$10,$-5,$-12,$-10,$0,$0,$-107,$0,$-107,$-0,$-117,$-82,$0,$-82,$4,$4,$0,$0,$-78,$-207,$17,$0
42,2008-03-31,19.19,$5.82,3.3,$2.37,8.1,$-0.84,0.0,$-1.29,0.0,$0.79B,$0.29B,2.75,$0.00B,$0.46B,0.0,$0.17B,$0.17B,100.00%,$0.17B,$-0.10B,-59.39%,$0.17B,$-0.10B,-59.39%,$0.17B,$-0.09B,-52.73%,$0.17B,$-0.09B,-53.94%,$0.17B,$-0.09B,-53.94%,$-0.09B,$0.46B,-28.46%,$-0.09B,$0.46B,-28.46%,$-0.09B,$0.93B,-11.72%,$-0.10B,$0.46B,-23.74%,$56,$0,$56,$61,$11,$72,$-16,$4,$-12,$0,$-12,$-12,$-12,$-13,$-16,$78,78,$-0.15,$-0.15,$743,$0,$0,$788,$58,$83,$0,$2,$143,$931,$286,$0,$0,$184,$470,$0,$-805,$1,$461,$931,$-12,$3,$8,$11,$-15,$0,$0,$5,$-18,$-18,$-3,$0,$0,$41,$0,$41,$0,$38,$0,$0,$0,$2,$2,$0,$0,$2,$22,$8,$0
43,2007-12-31,24.15,$5.84,4.14,$1.89,12.77,$-0.74,0.0,$-1.60,0.0,$0.80B,$0.28B,2.81,$0.00B,$0.46B,0.0,$0.13B,$0.13B,100.00%,$0.13B,$-0.12B,-92.80%,$0.13B,$-0.12B,-92.80%,$0.13B,$-0.11B,-84.00%,$0.13B,$-0.11B,-85.60%,$0.13B,$-0.11B,-85.60%,$-0.11B,$0.46B,-43.36%,$-0.11B,$0.46B,-43.36%,$-0.11B,$0.94B,-15.81%,$-0.12B,$0.46B,-29.24%,$65,$0,$65,$66,$12,$77,$-12,$-2,$-14,$0,$-14,$-14,$-14,$-10,$-12,$66,66,$-0.20,$-0.20,$766,$0,$0,$798,$58,$78,$0,$2,$138,$936,$284,$0,$0,$192,$476,$0,$-793,$0,$460,$936,$-107,$11,$34,$46,$-11,$0,$0,$80,$88,$27,$-18,$0,$0,$-67,$0,$-67,$0,$-86,$0,$0,$0,$319,$319,$0,$0,$319,$261,$28,$0
44,2007-09-30,17.8,$2.29,7.77,$1.09,16.28,$-0.52,0.0,$-1.92,0.0,$0.42B,$0.10B,4.37,$0.20B,$0.15B,1.32,$0.07B,$0.07B,100.00%,$0.07B,$-0.14B,-195.71%,$0.07B,$-0.14B,-195.71%,$0.07B,$-0.13B,-178.57%,$0.07B,$-0.12B,-177.14%,$0.07B,$-0.12B,-177.14%,$-0.12B,$0.15B,-66.67%,$-0.12B,$0.15B,-66.67%,$-0.12B,$0.57B,-21.04%,$-0.14B,$0.35B,-35.49%,$22,$0,$22,$52,$9,$61,$-39,$3,$-36,$0,$-36,$-36,$-36,$-36,$-39,$66,66,$-0.54,$-0.54,$397,$0,$0,$422,$49,$99,$0,$3,$151,$573,$97,$200,$0,$325,$422,$0,$-780,$-0,$151,$573,$-93,$9,$21,$30,$-3,$0,$0,$35,$39,$-23,$-8,$0,$0,$-114,$0,$-114,$0,$-122,$0,$0,$0,$5,$5,$0,$0,$5,$-140,$21,$0
45,2007-06-30,17.92,$2.72,6.6,$1.03,17.4,$-0.61,0.0,$-1.86,0.0,$0.50B,$0.11B,4.74,$0.20B,$0.18B,1.12,$0.06B,$0.06B,95.31%,$0.06B,$-0.13B,-196.88%,$0.06B,$-0.13B,-196.88%,$0.06B,$-0.11B,-178.13%,$0.06B,$-0.12B,-179.69%,$0.06B,$-0.12B,-179.69%,$-0.12B,$0.18B,-70.23%,$-0.12B,$0.18B,-70.23%,$-0.12B,$0.60B,-21.51%,$-0.13B,$0.38B,-34.64%,$22,$0,$22,$44,$9,$53,$-31,$4,$-27,$0,$-27,$-27,$-27,$-28,$-31,$66,66,$-0.41,$-0.41,$461,$0,$0,$497,$48,$50,$0,$3,$101,$598,$105,$200,$0,$314,$419,$0,$-744,$-1,$179,$598,$-57,$6,$13,$19,$-13,$0,$0,$23,$25,$-13,$-3,$0,$0,$-117,$0,$-117,$0,$-120,$0,$0,$0,$5,$5,$0,$0,$5,$-128,$13,$0
46,2007-03-31,21.62,$3.00,7.22,$1.03,20.96,$-0.66,0.0,$-1.86,0.0,$0.49B,$0.08B,5.85,$0.20B,$0.20B,1.02,$0.06B,$0.06B,90.16%,$0.06B,$-0.12B,-195.08%,$0.06B,$-0.12B,-195.08%,$0.06B,$-0.11B,-175.41%,$0.06B,$-0.11B,-183.61%,$0.06B,$-0.11B,-183.61%,$-0.11B,$0.20B,-80.00%,$-0.11B,$0.20B,-80.00%,$-0.11B,$0.60B,-23.35%,$-0.12B,$0.40B,-35.00%,$16,$0,$16,$41,$8,$49,$-34,$4,$-30,$0,$-30,$-30,$-30,$-31,$-34,$66,66,$-0.46,$-0.46,$452,$0,$0,$489,$48,$61,$0,$4,$112,$601,$84,$200,$0,$321,$405,$0,$-718,$-0,$197,$601,$-30,$3,$7,$9,$-26,$0,$0,$37,$11,$-9,$-1,$0,$0,$-73,$0,$-73,$0,$-74,$0,$0,$0,$2,$2,$0,$0,$2,$-81,$7,$0
47,2006-12-31,20.07,$3.31,6.06,$1.11,18.05,$-0.41,0.0,$-1.76,0.0,$0.47B,$0.05B,10.44,$0.20B,$0.22B,0.92,$0.06B,$0.06B,87.30%,$0.06B,$-0.11B,-169.84%,$0.06B,$-0.11B,-169.84%,$0.06B,$-0.09B,-149.21%,$0.06B,$-0.10B,-163.49%,$0.06B,$-0.10B,-161.90%,$-0.10B,$0.22B,-87.74%,$-0.10B,$0.22B,-87.74%,$-0.10B,$0.59B,-23.72%,$-0.11B,$0.42B,-33.83%,$10,$0,$10,$36,$8,$44,$-33,$3,$-31,$0,$-31,$-31,$-31,$-30,$-33,$58,58,$-0.52,$-0.52,$459,$0,$0,$470,$49,$62,$0,$4,$115,$585,$45,$200,$0,$323,$368,$0,$-688,$-0,$217,$585,$-102,$15,$18,$32,$29,$4,$0,$61,$93,$23,$-3,$0,$0,$-151,$0,$-151,$-2,$-155,$0,$0,$0,$185,$185,$0,$0,$185,$53,$19,$0
