,Date,Stock Price,Book Value per Share,Price to Book Ratio,TTM Sales per Share,Price to Sales Ratio,TTM FCF per Share,Price to FCF Ratio,TTM Net EPS,PE Ratio,Current Assets,Current Liabilities,Current Ratio,Long Term Debt,Shareholder's Equity_x,Debt to Equity Ratio,TTM Revenue_x,TTM Gross Profit,Gross Margin,TTM Revenue_y,TTM Operating Income,Operating Margin,TTM Revenue_x,TTM EBIT,EBIT Margin,TTM Revenue_y,TTM EBITDA,EBITDA Margin,TTM Revenue_x,TTM Pre-Tax Income,Pre-Tax Margin,TTM Revenue_y,TTM Net Income_x,Net Margin,TTM Net Income_y,Shareholder's Equity_y,Return on Equity,TTM Net Income_x,Tangible Equity,Return on Tangible Equity,TTM Net Income_y,Total Assets,Return on Assets,TTM Net Income,LT Investments & Debt,Return on Investment,revenue,cost-goods-sold,gross-profit,research-development-expenses,selling-general-administrative-expenses,operating-expenses,operating-income,total-non-operating-income-expense,pre-tax-income,total-provision-income-taxes,income-after-taxes,income-from-continuous-operations,net-income,ebitda,ebit,basic-shares-outstanding,shares-outstanding,eps-basic-net-earnings-per-share,eps-earnings-per-share-diluted,cash-on-hand,inventory,other-current-assets,total-current-assets,net-property-plant-equipment,long-term-investments,goodwill-intangible-assets-total,other-long-term-assets,total-long-term-assets,total-assets,total-current-liabilities,long-term-debt,other-non-current-liabilities,total-long-term-liabilities,total-liabilities,common-stock-net,retained-earnings-accumulated-deficit,comprehensive-income,total-share-holder-equity,total-liabilities-share-holders-equity,net-income-loss,total-depreciation-amortization-cash-flow,other-non-cash-items,total-non-cash-items,change-in-accounts-receivable,change-in-inventories,change-in-accounts-payable,change-in-assets-liabilities,total-change-in-assets-liabilities,cash-flow-from-operating-activities,net-change-in-property-plant-equipment,net-change-in-intangible-assets,net-acquisitions-divestitures,net-change-in-short-term-investments,net-change-in-long-term-investments,net-change-in-investments-total,investing-activities-other,cash-flow-from-investing-activities,net-long-term-debt,net-current-debt,debt-issuance-retirement-net-total,net-common-equity-issued-repurchased,net-total-equity-issued-repurchased,total-common-preferred-stock-dividends-paid,financial-activities-other,cash-flow-from-financial-activities,net-cash-flow,stock-based-compensation,common-stock-dividends-paid
0,2018-09-30,37.81,$-4.09,-9.24,$15.54,2.43,$-18.39,0.0,$-1.04,0.0,$0.08B,$0.27B,0.28,$0.71B,$-0.10B,-7.45,$0.34B,$0.34B,100.00%,$0.34B,$0.06B,15.99%,$0.34B,$0.06B,15.99%,$0.34B,$0.17B,47.97%,$0.34B,$-0.03B,-9.59%,$0.34B,$-0.04B,-11.34%,$-0.04B,$-0.10B,46.71%,$-0.04B,$-0.10B,46.71%,$-0.04B,$0.90B,-5.11%,$0.06B,$0.61B,10.22%,$107,$0,$107,$0,$29,$81,$26,$-40,$-14,$0,$-14,$-14,$-16,$60,$26,$22,22,$-0.70,$-0.70,$3,$0,$6,$77,$802,$0,$0,$18,$821,$898,$271,$706,$16,$722,$993,$0,$-1067,$0,$-95,$898,$-31,$82,$40,$122,$12,$0,$0,$14,$47,$139,$-286,$0,$0,$0,$0,$0,$0,$-286,$155,$0,$155,$-3,$-3,$-4,$-1,$147,$-0,$17,$0
1,2018-06-30,31.2,$-3.57,-8.74,$14.38,2.17,$-22.87,0.0,$-1.75,0.0,$0.08B,$0.23B,0.35,$0.67B,$-0.08B,-8.08,$0.32B,$0.32B,100.00%,$0.32B,$0.04B,11.71%,$0.32B,$0.04B,11.71%,$0.32B,$0.14B,43.99%,$0.32B,$-0.03B,-10.76%,$0.32B,$-0.04B,-12.03%,$-0.04B,$-0.08B,48.56%,$-0.04B,$-0.08B,48.56%,$-0.04B,$0.83B,-5.16%,$0.04B,$0.59B,7.00%,$73,$0,$73,$0,$31,$60,$13,$-17,$-4,$0,$-4,$-4,$-5,$37,$13,$22,22,$-0.22,$-0.22,$1,$0,$15,$80,$730,$0,$0,$16,$746,$827,$232,$669,$8,$677,$909,$0,$-1051,$0,$-83,$827,$-17,$48,$12,$60,$7,$0,$0,$0,$17,$60,$-175,$0,$0,$0,$0,$0,$0,$-175,$118,$0,$118,$-3,$-3,$-3,$-1,$112,$-3,$13,$0
2,2018-03-31,34.65,$-3.52,-9.83,$14.15,2.45,$-26.89,0.0,$-1.06,0.0,$0.07B,$0.20B,0.35,$0.56B,$-0.08B,-6.88,$0.31B,$0.31B,100.00%,$0.31B,$0.04B,12.14%,$0.31B,$0.04B,12.14%,$0.31B,$0.14B,44.41%,$0.31B,$-0.02B,-5.43%,$0.31B,$-0.02B,-7.03%,$-0.02B,$-0.08B,30.14%,$-0.02B,$-0.08B,30.14%,$-0.02B,$0.69B,-3.09%,$0.04B,$0.48B,7.29%,$75,$0,$75,$0,$33,$73,$2,$-14,$-13,$0,$-13,$-13,$-14,$26,$2,$22,22,$-0.64,$-0.64,$1,$0,$9,$71,$603,$0,$0,$13,$616,$686,$200,$561,$6,$568,$768,$0,$-1046,$0,$-82,$686,$-13,$24,$8,$32,$7,$0,$0,$11,$26,$46,$-56,$0,$0,$0,$0,$0,$0,$-56,$10,$0,$10,$-2,$-2,$-1,$0,$7,$-3,$9,$0
3,2017-12-31,31.47,$-3.30,-9.53,$13.60,2.31,$-25.95,0.0,$-0.41,0.0,$0.08B,$0.16B,0.48,$0.55B,$-0.07B,-7.4,$0.30B,$0.30B,100.00%,$0.30B,$0.04B,14.52%,$0.30B,$0.04B,14.52%,$0.30B,$0.15B,47.85%,$0.30B,$-0.00B,-0.99%,$0.30B,$-0.01B,-2.64%,$-0.01B,$-0.07B,11.19%,$-0.01B,$-0.07B,11.19%,$-0.01B,$0.64B,-1.21%,$0.04B,$0.48B,9.06%,$89,$0,$89,$0,$35,$76,$14,$-15,$-2,$-0,$-1,$-1,$-4,$42,$14,$22,22,$-0.14,$-0.12,$4,$0,$9,$78,$554,$0,$0,$10,$564,$642,$161,$551,$5,$556,$716,$0,$-1032,$0,$-74,$642,$-1,$101,$18,$120,$-8,$0,$0,$1,$19,$137,$-273,$0,$0,$0,$0,$0,$1,$-271,$19,$0,$19,$-3,$-3,$-5,$-5,$5,$-129,$12,$0
4,2017-09-30,29.69,$-3.28,-9.05,$13.50,2.2,$-26.43,0.0,$-1.46,0.0,$0.08B,$0.19B,0.42,$0.65B,$-0.07B,-8.75,$0.28B,$0.28B,100.00%,$0.28B,$0.03B,10.47%,$0.28B,$0.03B,10.47%,$0.28B,$0.12B,43.32%,$0.28B,$-0.02B,-7.94%,$0.28B,$-0.03B,-9.03%,$-0.03B,$-0.07B,34.72%,$-0.03B,$-0.07B,34.72%,$-0.03B,$0.79B,-3.85%,$0.03B,$0.57B,6.46%,$79,$0,$79,$0,$35,$72,$8,$-22,$-15,$-0,$-15,$-15,$-15,$34,$8,$22,22,$-0.71,$-0.71,$1,$0,$2,$78,$691,$0,$0,$23,$714,$792,$188,$645,$33,$679,$866,$0,$-1028,$0,$-74,$792,$0,$73,$8,$81,$-13,$0,$0,$12,$31,$112,$-355,$0,$10,$0,$0,$0,$-0,$-345,$114,$0,$114,$-3,$-3,$-4,$-5,$101,$-132,$9,$0
5,2017-06-30,29.77,$-2.77,-10.75,$13.00,2.29,$-15.79,0.0,$-1.99,0.0,$0.09B,$0.15B,0.56,$0.62B,$-0.06B,-9.96,$0.25B,$0.25B,100.00%,$0.25B,$0.01B,4.49%,$0.25B,$0.01B,4.49%,$0.25B,$0.09B,36.73%,$0.25B,$-0.03B,-10.61%,$0.25B,$-0.03B,-11.84%,$-0.03B,$-0.06B,20.98%,$-0.03B,$-0.06B,20.98%,$-0.03B,$0.73B,-5.52%,$0.01B,$0.56B,3.13%,$70,$0,$70,$0,$29,$56,$14,$-1,$13,$0,$13,$13,$11,$37,$14,$22,23,$0.49,$0.47,$1,$0,$8,$85,$620,$0,$0,$24,$644,$729,$151,$620,$20,$640,$791,$0,$-1013,$0,$-62,$729,$15,$47,$-11,$36,$-11,$0,$0,$2,$2,$52,$-262,$0,$0,$0,$0,$0,$-0,$-262,$89,$0,$89,$-3,$-3,$-3,$-5,$78,$-132,$6,$0
6,2017-03-31,40.4,$-3.38,-11.94,$12.27,3.29,$-9.08,0.0,$-4.90,0.0,$0.06B,$0.13B,0.46,$0.41B,$-0.08B,-5.45,$0.21B,$0.21B,100.00%,$0.21B,$-0.01B,-3.33%,$0.21B,$-0.01B,-3.33%,$0.21B,$0.06B,29.05%,$0.21B,$-0.08B,-36.19%,$0.21B,$-0.08B,-36.67%,$-0.08B,$-0.08B,37.88%,$-0.08B,$-0.08B,37.88%,$-0.08B,$0.49B,-18.21%,$-0.01B,$0.34B,-2.61%,$65,$0,$65,$0,$29,$56,$8,$-7,$1,$0,$1,$1,$0,$32,$8,$22,23,$0.01,$0.01,$1,$0,$4,$58,$391,$0,$0,$41,$431,$490,$128,$414,$24,$438,$565,$0,$-1024,$0,$-76,$490,$1,$24,$-8,$16,$10,$0,$0,$8,$22,$39,$-28,$0,$-16,$0,$0,$0,$-1,$-45,$-119,$0,$-119,$-3,$-3,$-1,$-3,$-126,$-132,$3,$0
7,2016-12-31,41.19,$-3.45,-11.93,$10.70,3.85,$-9.99,0.0,$-10.56,0.0,$0.19B,$0.23B,0.83,$0.41B,$-0.08B,-5.36,$0.16B,$0.16B,100.00%,$0.16B,$-0.09B,-55.49%,$0.16B,$-0.09B,-55.49%,$0.16B,$-0.04B,-21.34%,$0.16B,$-0.16B,-98.78%,$0.16B,$-0.16B,-98.78%,$-0.16B,$-0.08B,63.34%,$-0.16B,$-0.08B,63.34%,$-0.16B,$0.59B,-42.55%,$-0.09B,$0.33B,-37.76%,$63,$0,$63,$0,$27,$64,$-1,$-19,$-21,$0,$-21,$-21,$-21,$17,$-1,$16,16,$-1.00,$-1.00,$133,$0,$0,$192,$373,$0,$0,$23,$397,$588,$230,$406,$28,$434,$664,$0,$-1024,$0,$-76,$588,$-162,$56,$172,$228,$-18,$0,$0,$0,$18,$84,$-189,$0,$0,$0,$0,$0,$-2,$-190,$10,$0,$10,$161,$221,$0,$0,$231,$124,$6,$0
8,2016-09-30,26.06,$-21.93,-1.19,$8.63,3.02,$14.73,1.77,$-15.48,0.0,$0.07B,$0.09B,0.81,$0.52B,$-0.34B,-1.53,$0.13B,$0.13B,100.00%,$0.13B,$-0.18B,-142.64%,$0.13B,$-0.18B,-142.64%,$0.13B,$-0.13B,-96.90%,$0.13B,$-0.23B,-180.62%,$0.13B,$-0.23B,-180.62%,$-0.23B,$-0.34B,81.04%,$-0.23B,$-0.34B,81.04%,$-0.23B,$0.30B,-70.29%,$-0.18B,$0.18B,-77.80%,$47,$0,$47,$0,$24,$57,$-10,$-9,$-19,$0,$-19,$-19,$-19,$4,$-10,$15,15,$-1.24,$-1.24,$1,$0,$20,$72,$198,$0,$0,$26,$223,$295,$89,$518,$27,$545,$634,$0,$-1003,$0,$-339,$295,$-141,$38,$145,$182,$-10,$0,$0,$8,$18,$59,$-65,$0,$0,$0,$0,$0,$-2,$-67,$0,$0,$0,$-0,$-0,$0,$0,$-0,$-8,$5,$0
9,2016-06-30,2.97,$-20.88,-0.14,$7.95,0.37,$18.67,0.16,$-26.44,0.0,$0.08B,$0.07B,1.23,$0.55B,$-0.32B,-1.7,$0.12B,$0.12B,100.00%,$0.12B,$-0.39B,-328.57%,$0.12B,$-0.39B,-328.57%,$0.12B,$-0.32B,-270.59%,$0.12B,$-0.40B,-333.61%,$0.12B,$-0.40B,-333.61%,$-0.40B,$-0.32B,171.49%,$-0.40B,$-0.32B,171.49%,$-0.40B,$0.32B,-90.23%,$-0.39B,$0.23B,-114.41%,$35,$0,$35,$0,$23,$40,$-4,$-33,$-37,$0,$-37,$-37,$-37,$8,$-4,$15,15,$-2.44,$-2.44,$0,$0,$37,$82,$209,$0,$0,$27,$236,$318,$66,$547,$26,$573,$639,$0,$-985,$0,$-322,$318,$-122,$24,$126,$150,$-5,$0,$0,$-0,$-4,$23,$-61,$0,$0,$0,$0,$0,$-2,$-62,$30,$0,$30,$-0,$-0,$0,$0,$30,$-9,$4,$0
10,2016-03-31,2.55,$-18.58,-0.14,$8.85,0.29,$23.18,0.11,$-41.30,0.0,$0.11B,$0.07B,1.59,$0.52B,$-0.29B,-1.8,$0.13B,$0.13B,100.00%,$0.13B,$-0.61B,-461.36%,$0.13B,$-0.61B,-461.36%,$0.13B,$-0.52B,-396.97%,$0.13B,$-0.62B,-468.94%,$0.13B,$-0.62B,-468.94%,$-0.62B,$-0.29B,459.37%,$-0.62B,$-0.29B,459.37%,$-0.62B,$0.32B,-105.23%,$-0.61B,$0.23B,-125.57%,$19,$0,$19,$0,$23,$95,$-76,$-9,$-85,$0,$-85,$-85,$-85,$-64,$-76,$15,15,$-5.65,$-5.65,$3,$0,$71,$110,$185,$0,$0,$27,$212,$322,$69,$516,$23,$539,$608,$0,$-948,$0,$-286,$322,$-85,$12,$84,$96,$2,$0,$0,$9,$6,$17,$-23,$0,$0,$0,$0,$0,$-0,$-23,$0,$0,$0,$-0,$-0,$0,$0,$-0,$-6,$2,$0
11,2015-12-31,4.35,$-13.16,-0.33,$10.35,0.42,$23.41,0.19,$-49.65,0.0,$0.14B,$0.06B,2.37,$0.52B,$-0.20B,-2.53,$0.15B,$0.15B,100.00%,$0.15B,$-0.78B,-504.55%,$0.15B,$-0.78B,-504.55%,$0.15B,$-0.67B,-435.71%,$0.15B,$-0.77B,-496.75%,$0.15B,$-0.74B,-481.82%,$-0.74B,$-0.20B,-4364.71%,$-0.74B,$-0.20B,-4364.71%,$-0.74B,$0.39B,-91.07%,$-0.78B,$0.31B,-111.12%,$28,$0,$28,$0,$28,$122,$-94,$1,$-92,$0,$-92,$-92,$-92,$-73,$-94,$15,15,$-6.05,$-6.05,$9,$0,$92,$140,$223,$0,$0,$28,$251,$391,$59,$515,$20,$535,$594,$0,$-862,$0,$-203,$391,$-742,$106,$711,$817,$21,$0,$0,$0,$-6,$69,$201,$0,$0,$0,$0,$0,$-1,$200,$-260,$0,$-260,$-0,$-0,$0,$-4,$-264,$5,$12,$0
12,2015-09-30,1.94,$-7.39,-0.26,$12.92,0.15,$3.26,0.59,$-44.65,0.0,$0.12B,$0.10B,1.28,$0.71B,$-0.12B,-6.24,$0.19B,$0.19B,100.00%,$0.19B,$-0.82B,-425.00%,$0.19B,$-0.82B,-425.00%,$0.19B,$-0.70B,-361.98%,$0.19B,$-0.69B,-361.46%,$0.19B,$-0.67B,-347.40%,$-0.67B,$-0.12B,-334.34%,$-0.67B,$-0.12B,-334.34%,$-0.67B,$0.73B,-61.93%,$-0.82B,$0.60B,-86.53%,$37,$0,$37,$0,$28,$253,$-217,$34,$-183,$0,$-183,$-183,$-183,$-193,$-217,$15,15,$-12.20,$-12.20,$1,$0,$80,$123,$537,$0,$0,$41,$606,$729,$96,$714,$33,$747,$843,$0,$-770,$0,$-115,$729,$-650,$85,$627,$712,$21,$0,$0,$9,$9,$71,$-19,$0,$0,$0,$0,$0,$-2,$-21,$-50,$0,$-50,$-0,$-0,$0,$-4,$-54,$-3,$9,$0
13,2015-06-30,4.83,$4.20,1.15,$16.15,0.3,$0.01,455.9,$-31.45,0.0,$0.10B,$0.08B,1.27,$0.73B,$0.07B,11.25,$0.24B,$0.24B,100.00%,$0.24B,$-0.60B,-249.37%,$0.24B,$-0.60B,-249.37%,$0.24B,$-0.47B,-194.98%,$0.24B,$-0.49B,-204.60%,$0.24B,$-0.47B,-196.23%,$-0.47B,$0.07B,-129.20%,$-0.47B,$0.07B,-129.20%,$-0.47B,$0.91B,-37.10%,$-0.60B,$0.80B,-53.60%,$48,$0,$48,$0,$27,$270,$-222,$-37,$-259,$0,$-259,$-259,$-259,$-194,$-222,$15,15,$-17.30,$-17.30,$0,$0,$53,$102,$748,$0,$0,$43,$809,$911,$80,$733,$32,$766,$846,$0,$-587,$0,$65,$911,$-467,$62,$452,$514,$15,$0,$0,$-1,$-6,$40,$-10,$0,$0,$0,$0,$0,$-2,$-11,$-29,$0,$-29,$-0,$-0,$0,$-4,$-33,$-4,$6,$0
14,2015-03-31,2.82,$20.74,0.14,$18.90,0.15,$-1.76,0.0,$-15.25,0.0,$0.12B,$0.11B,1.14,$0.77B,$0.32B,2.39,$0.28B,$0.28B,100.00%,$0.28B,$-0.37B,-131.54%,$0.28B,$-0.37B,-131.54%,$0.28B,$-0.23B,-83.51%,$0.28B,$-0.25B,-90.68%,$0.28B,$-0.23B,-81.00%,$-0.23B,$0.32B,-47.40%,$-0.23B,$0.32B,-47.40%,$-0.23B,$1.23B,-16.11%,$-0.37B,$1.09B,-29.92%,$41,$0,$41,$0,$28,$285,$-244,$14,$-231,$-22,$-208,$-208,$-208,$-211,$-244,$15,15,$-14.00,$-14.00,$1,$0,$75,$123,$1018,$0,$0,$59,$1105,$1228,$108,$766,$33,$799,$907,$0,$-328,$0,$321,$1228,$-208,$33,$200,$233,$13,$0,$0,$8,$5,$31,$-34,$0,$0,$0,$0,$0,$-2,$-35,$5,$0,$5,$-0,$-0,$0,$-4,$1,$-4,$3,$0
15,2014-12-31,6.6,$33.92,0.19,$22.31,0.3,$-0.39,0.0,$-1.50,0.0,$0.14B,$0.10B,1.38,$0.76B,$0.53B,1.44,$0.33B,$0.33B,100.00%,$0.33B,$-0.11B,-34.04%,$0.33B,$-0.11B,-34.04%,$0.33B,$0.02B,6.69%,$0.33B,$-0.03B,-8.21%,$0.33B,$-0.02B,-6.69%,$-0.02B,$0.53B,-4.16%,$-0.02B,$0.53B,-4.16%,$-0.02B,$1.44B,-1.51%,$-0.11B,$1.29B,-8.83%,$66,$0,$66,$0,$37,$199,$-133,$113,$-21,$-4,$-17,$-17,$-17,$-97,$-133,$15,15,$-1.15,$-1.15,$4,$0,$73,$137,$1243,$0,$0,$60,$1303,$1440,$99,$760,$32,$814,$913,$0,$-120,$0,$527,$1440,$-22,$134,$9,$144,$37,$0,$0,$-1,$22,$143,$-174,$0,$0,$0,$0,$0,$-2,$-176,$40,$0,$40,$-2,$-2,$0,$-1,$37,$4,$16,$0
16,2014-09-30,31.35,$34.63,0.91,$24.64,1.27,$-17.89,0.0,$-8.95,0.0,$0.08B,$0.14B,0.56,$0.74B,$0.54B,1.37,$0.36B,$0.36B,100.00%,$0.36B,$-0.16B,-44.10%,$0.36B,$-0.16B,-44.10%,$0.36B,$-0.02B,-6.18%,$0.36B,$-0.19B,-53.37%,$0.36B,$-0.12B,-34.27%,$-0.12B,$0.54B,-22.98%,$-0.12B,$0.54B,-22.98%,$-0.12B,$1.48B,-8.33%,$-0.16B,$1.28B,-12.42%,$84,$0,$84,$0,$38,$81,$3,$20,$22,$7,$15,$15,$15,$36,$3,$15,15,$1.00,$1.00,$1,$0,$5,$79,$1368,$0,$0,$20,$1398,$1477,$140,$737,$32,$798,$938,$0,$-103,$0,$539,$1477,$-5,$98,$-3,$95,$26,$0,$0,$8,$38,$129,$-125,$0,$0,$0,$0,$0,$-1,$-127,$0,$0,$0,$-2,$-2,$0,$0,$-2,$1,$12,$0
17,2014-06-30,43.2,$33.37,1.29,$25.05,1.72,$-33.03,0.0,$-10.15,0.0,$0.08B,$0.14B,0.57,$0.74B,$0.52B,1.42,$0.36B,$0.36B,100.00%,$0.36B,$-0.14B,-39.06%,$0.36B,$-0.14B,-39.06%,$0.36B,$-0.01B,-3.32%,$0.36B,$-0.22B,-59.83%,$0.36B,$-0.14B,-38.78%,$-0.14B,$0.52B,-25.08%,$-0.14B,$0.52B,-25.08%,$-0.14B,$1.47B,-9.34%,$-0.14B,$1.26B,-11.03%,$88,$0,$88,$0,$40,$82,$7,$-30,$-23,$-7,$-16,$-16,$-16,$39,$7,$15,15,$-1.10,$-1.10,$1,$0,$1,$80,$1354,$0,$0,$20,$1385,$1466,$141,$737,$38,$805,$946,$0,$-118,$0,$520,$1466,$-20,$65,$18,$82,$29,$0,$0,$1,$29,$92,$-87,$0,$0,$0,$0,$0,$-2,$-89,$0,$0,$0,$-2,$-2,$0,$0,$-2,$1,$7,$0
18,2014-03-31,36.0,$34.11,1.06,$25.72,1.4,$-52.79,0.0,$-8.35,0.0,$0.08B,$0.13B,0.61,$0.72B,$0.53B,1.36,$0.36B,$0.36B,100.00%,$0.36B,$-0.13B,-36.74%,$0.36B,$-0.13B,-36.74%,$0.36B,$-0.01B,-1.93%,$0.36B,$-0.18B,-49.45%,$0.36B,$-0.12B,-31.77%,$-0.12B,$0.53B,-19.49%,$-0.12B,$0.53B,-19.49%,$-0.12B,$1.45B,-7.47%,$-0.13B,$1.25B,-10.18%,$91,$0,$91,$0,$37,$80,$11,$-16,$-5,$-1,$-4,$-4,$-4,$44,$11,$15,15,$-0.25,$-0.25,$1,$0,$0,$78,$1338,$0,$0,$19,$1368,$1446,$127,$722,$32,$787,$914,$0,$-102,$0,$531,$1446,$-4,$33,$5,$37,$28,$0,$0,$9,$29,$63,$-45,$0,$0,$0,$0,$0,$-0,$-45,$-15,$0,$-15,$-1,$-1,$0,$0,$-16,$1,$3,$0
19,2013-12-31,45.15,$35.00,1.29,$26.14,1.73,$-72.55,0.0,$-8.35,0.0,$0.11B,$0.13B,0.79,$0.74B,$0.53B,1.38,$0.35B,$0.35B,100.00%,$0.35B,$-0.13B,-38.29%,$0.35B,$-0.13B,-38.29%,$0.35B,$-0.02B,-4.57%,$0.35B,$-0.18B,-51.14%,$0.35B,$-0.11B,-32.57%,$-0.11B,$0.53B,-19.31%,$-0.11B,$0.53B,-19.31%,$-0.11B,$1.47B,-7.22%,$-0.13B,$1.27B,-10.12%,$93,$0,$93,$0,$36,$270,$-178,$-6,$-184,$-67,$-117,$-117,$-117,$-141,$-178,$14,14,$-8.60,$-8.60,$0,$0,$1,$105,$1333,$0,$0,$19,$1364,$1469,$134,$737,$30,$802,$935,$0,$-98,$0,$534,$1469,$-114,$119,$118,$237,$-16,$0,$0,$1,$11,$133,$-401,$0,$0,$-5,$0,$-5,$0,$-406,$173,$0,$173,$100,$100,$0,$-2,$271,$-1,$15,$0
20,2013-09-30,41.8,$42.18,0.99,$24.98,1.67,$-84.41,0.0,$0.10,418.0,$0.11B,$0.16B,0.66,$0.69B,$0.65B,1.06,$0.32B,$0.32B,100.00%,$0.32B,$0.05B,16.05%,$0.32B,$0.05B,16.05%,$0.32B,$0.16B,48.46%,$0.32B,$0.00B,1.23%,$0.32B,$0.00B,0.31%,$0.00B,$0.65B,0.17%,$0.00B,$0.65B,0.17%,$0.00B,$1.62B,0.06%,$0.05B,$1.33B,4.06%,$89,$0,$89,$0,$34,$70,$19,$-23,$-4,$-2,$-3,$-3,$-3,$46,$19,$15,15,$-0.20,$-0.20,$1,$0,$4,$108,$1474,$0,$0,$20,$1507,$1615,$163,$687,$19,$804,$968,$0,$19,$0,$648,$1615,$3,$82,$-7,$76,$-17,$0,$0,$9,$32,$111,$-329,$0,$0,$0,$0,$0,$-5,$-334,$123,$0,$123,$102,$102,$0,$-2,$223,$0,$11,$0
21,2013-06-30,39.9,$42.09,0.95,$24.22,1.65,$-76.33,0.0,$0.10,399.0,$0.11B,$0.13B,0.81,$0.72B,$0.65B,1.12,$0.30B,$0.30B,100.00%,$0.30B,$0.04B,13.42%,$0.30B,$0.04B,13.42%,$0.30B,$0.14B,46.31%,$0.30B,$0.00B,1.34%,$0.30B,$0.00B,0.67%,$0.00B,$0.65B,0.36%,$0.00B,$0.65B,0.36%,$0.00B,$1.63B,0.14%,$0.04B,$1.37B,3.49%,$89,$0,$89,$0,$35,$74,$15,$-0,$14,$5,$9,$9,$9,$44,$15,$13,13,$0.70,$0.70,$1,$0,$6,$108,$1488,$0,$0,$20,$1523,$1631,$133,$722,$26,$850,$984,$0,$22,$0,$647,$1631,$6,$55,$-3,$52,$-14,$0,$0,$1,$7,$65,$-325,$0,$0,$3,$0,$3,$0,$-322,$158,$0,$158,$102,$102,$0,$-2,$258,$-0,$7,$0
22,2013-03-31,57.55,$41.77,1.38,$22.85,2.52,$-64.64,0.0,$1.25,46.04,$0.11B,$0.16B,0.72,$0.79B,$0.53B,1.49,$0.27B,$0.27B,100.00%,$0.27B,$0.04B,13.19%,$0.27B,$0.04B,13.19%,$0.27B,$0.12B,45.42%,$0.27B,$0.03B,9.52%,$0.27B,$0.02B,5.86%,$0.02B,$0.53B,3.01%,$0.02B,$0.53B,3.01%,$0.02B,$1.60B,1.25%,$0.04B,$1.32B,3.57%,$79,$0,$79,$0,$34,$69,$10,$-15,$-5,$-2,$-3,$-3,$-3,$35,$10,$12,12,$-0.25,$-0.25,$2,$0,$6,$111,$1454,$0,$0,$21,$1490,$1601,$155,$792,$22,$915,$1069,$0,$12,$0,$532,$1601,$-3,$25,$1,$26,$-13,$0,$9,$1,$5,$28,$-251,$0,$0,$0,$0,$0,$-3,$-254,$228,$0,$228,$0,$0,$0,$-2,$226,$1,$3,$0
23,2012-12-31,40.65,$43.01,0.95,$21.60,1.88,$-47.45,0.0,$1.45,28.03,$0.10B,$0.14B,0.73,$0.56B,$0.53B,1.06,$0.26B,$0.26B,100.00%,$0.26B,$0.04B,15.50%,$0.26B,$0.04B,15.50%,$0.26B,$0.12B,46.51%,$0.26B,$0.03B,11.63%,$0.26B,$0.02B,6.98%,$0.02B,$0.53B,3.41%,$0.02B,$0.53B,3.41%,$0.02B,$1.36B,1.60%,$0.04B,$1.10B,4.69%,$67,$0,$67,$0,$28,$59,$8,$-10,$-1,$0,$-2,$-2,$-2,$32,$8,$12,12,$-0.15,$-0.10,$1,$0,$9,$100,$1231,$0,$0,$20,$1264,$1364,$137,$564,$29,$695,$832,$0,$16,$0,$532,$1364,$18,$80,$-7,$73,$-15,$0,$0,$6,$-14,$77,$-451,$0,$0,$0,$0,$0,$3,$-447,$394,$0,$394,$-11,$-11,$0,$-12,$370,$-0,$9,$0
24,2012-09-30,44.35,$42.97,1.03,$20.51,2.16,$-24.79,0.0,$0.25,177.4,$0.10B,$0.13B,0.71,$0.27B,$0.53B,0.5,$0.25B,$0.25B,100.00%,$0.25B,$0.04B,17.20%,$0.25B,$0.04B,17.20%,$0.25B,$0.12B,46.40%,$0.25B,$0.00B,2.00%,$0.25B,$0.00B,1.60%,$0.00B,$0.53B,0.76%,$0.00B,$0.53B,0.76%,$0.00B,$1.07B,0.39%,$0.04B,$0.80B,5.73%,$63,$0,$63,$0,$28,$56,$7,$-11,$-4,$-2,$-2,$-2,$-2,$27,$7,$12,12,$-0.20,$-0.20,$2,$0,$7,$96,$937,$0,$0,$23,$970,$1066,$134,$268,$31,$399,$533,$0,$17,$0,$532,$1066,$20,$57,$-11,$45,$-14,$0,$0,$10,$3,$68,$-149,$0,$0,$0,$0,$0,$3,$-145,$98,$0,$98,$-10,$-10,$0,$-9,$79,$1,$7,$0
25,2012-06-30,47.85,$42.99,1.11,$19.39,2.47,$-25.13,0.0,$3.40,14.07,$0.09B,$0.13B,0.71,$0.28B,$0.53B,0.52,$0.24B,$0.24B,100.00%,$0.24B,$0.05B,19.92%,$0.24B,$0.05B,19.92%,$0.24B,$0.12B,47.72%,$0.24B,$0.07B,28.63%,$0.24B,$0.04B,18.26%,$0.04B,$0.53B,8.40%,$0.04B,$0.53B,8.40%,$0.04B,$1.07B,4.50%,$0.05B,$0.81B,6.68%,$64,$0,$64,$0,$25,$54,$11,$26,$36,$14,$23,$23,$23,$30,$11,$12,12,$1.90,$1.85,$3,$0,$4,$89,$944,$0,$0,$29,$983,$1073,$125,$277,$38,$415,$540,$0,$20,$0,$532,$1073,$22,$37,$-16,$21,$-11,$0,$0,$4,$-2,$41,$-135,$0,$0,$10,$0,$10,$-2,$-127,$107,$0,$107,$-10,$-10,$0,$-9,$88,$2,$4,$0
26,2012-03-31,56.9,$41.79,1.36,$18.37,3.1,$-18.24,0.0,$3.40,16.74,$0.09B,$0.15B,0.61,$0.19B,$0.52B,0.36,$0.24B,$0.24B,100.00%,$0.24B,$0.06B,24.05%,$0.24B,$0.06B,24.05%,$0.24B,$0.12B,50.21%,$0.24B,$0.07B,31.22%,$0.24B,$0.05B,19.83%,$0.05B,$0.52B,9.15%,$0.05B,$0.52B,9.15%,$0.05B,$0.99B,5.16%,$0.06B,$0.71B,8.69%,$64,$0,$64,$0,$22,$50,$14,$-15,$-1,$-0,$-1,$-1,$-1,$31,$14,$12,12,$-0.05,$-0.05,$1,$0,$3,$91,$871,$0,$0,$29,$902,$993,$150,$188,$43,$326,$476,$0,$-3,$0,$517,$993,$-1,$17,$7,$24,$-8,$0,$0,$0,$6,$29,$-46,$0,$0,$0,$0,$0,$-2,$-47,$18,$0,$18,$0,$0,$0,$0,$18,$-0,$2,$0
27,2011-12-31,54.0,$42.32,1.28,$18.10,2.98,$-16.63,0.0,$1.85,29.19,$0.08B,$0.13B,0.65,$0.17B,$0.52B,0.33,$0.23B,$0.23B,100.00%,$0.23B,$0.06B,25.55%,$0.23B,$0.06B,25.55%,$0.23B,$0.12B,51.10%,$0.23B,$0.05B,21.59%,$0.23B,$0.03B,13.66%,$0.03B,$0.52B,6.30%,$0.03B,$0.52B,6.30%,$0.03B,$0.95B,3.62%,$0.06B,$0.69B,9.54%,$59,$0,$59,$0,$23,$48,$11,$-37,$-26,$-10,$-16,$-16,$-16,$28,$11,$12,13,$-1.15,$-0.85,$1,$0,$3,$82,$840,$0,$0,$24,$866,$948,$125,$170,$43,$306,$432,$0,$-2,$0,$516,$948,$30,$59,$10,$69,$-17,$0,$0,$-1,$2,$101,$-215,$0,$0,$0,$0,$0,$-2,$-217,$42,$0,$42,$73,$73,$0,$-0,$115,$-1,$8,$0
28,2011-09-30,56.8,$43.44,1.31,$18.50,3.07,$-8.54,0.0,$2.15,26.42,$0.07B,$0.09B,0.73,$0.15B,$0.53B,0.27,$0.22B,$0.22B,100.00%,$0.22B,$0.06B,26.15%,$0.22B,$0.06B,26.15%,$0.22B,$0.11B,50.92%,$0.22B,$0.06B,26.61%,$0.22B,$0.04B,16.51%,$0.04B,$0.53B,7.75%,$0.04B,$0.53B,7.75%,$0.04B,$0.90B,4.45%,$0.06B,$0.68B,10.01%,$54,$0,$54,$0,$20,$42,$12,$48,$60,$23,$38,$38,$38,$26,$12,$12,13,$3.20,$2.95,$0,$0,$4,$67,$801,$0,$0,$26,$829,$895,$92,$146,$33,$273,$365,$0,$14,$0,$531,$895,$46,$42,$-15,$26,$-9,$0,$0,$-0,$-4,$69,$-161,$0,$0,$0,$0,$0,$-2,$-162,$18,$0,$18,$74,$74,$0,$-0,$92,$-2,$6,$0
29,2011-06-30,80.8,$40.25,2.01,$18.47,4.37,$-1.82,0.0,$-1.50,0.0,$0.07B,$0.11B,0.66,$0.07B,$0.49B,0.14,$0.21B,$0.21B,100.00%,$0.21B,$0.05B,24.76%,$0.21B,$0.05B,24.76%,$0.21B,$0.10B,50.00%,$0.21B,$-0.02B,-7.28%,$0.21B,$-0.01B,-4.37%,$-0.01B,$0.49B,-2.07%,$-0.01B,$0.49B,-2.07%,$-0.01B,$0.81B,-1.17%,$0.05B,$0.56B,9.54%,$60,$0,$60,$0,$18,$40,$20,$21,$41,$15,$26,$26,$26,$34,$20,$12,14,$2.20,$1.85,$0,$0,$3,$69,$717,$0,$0,$20,$740,$809,$105,$67,$68,$213,$318,$0,$-24,$0,$491,$809,$9,$27,$16,$44,$-6,$0,$0,$0,$-2,$50,$-63,$0,$0,$0,$0,$0,$-2,$-64,$-61,$0,$-61,$74,$74,$0,$-0,$13,$-1,$4,$0
30,2011-03-31,90.7,$36.83,2.46,$18.23,4.98,$-1.22,0.0,$-1.45,0.0,$0.07B,$0.11B,0.64,$0.08B,$0.43B,0.19,$0.19B,$0.19B,100.00%,$0.19B,$0.04B,20.86%,$0.19B,$0.04B,20.86%,$0.19B,$0.09B,47.06%,$0.19B,$-0.03B,-13.37%,$0.19B,$-0.02B,-8.56%,$-0.02B,$0.43B,-3.84%,$-0.02B,$0.43B,-3.84%,$-0.02B,$0.77B,-2.16%,$0.04B,$0.51B,7.36%,$54,$0,$54,$0,$19,$39,$15,$-41,$-26,$-10,$-17,$-17,$-17,$28,$15,$11,11,$-1.60,$-1.60,$2,$0,$4,$70,$680,$0,$0,$19,$702,$772,$109,$82,$86,$232,$341,$0,$-50,$0,$431,$772,$-17,$13,$26,$40,$-5,$0,$0,$0,$1,$24,$-21,$0,$0,$1,$0,$1,$0,$-20,$-46,$0,$-46,$43,$43,$0,$0,$-3,$0,$1,$0
31,2010-12-31,73.8,$36.90,2.0,$17.27,4.27,$-1.24,0.0,$0.60,123.0,$0.07B,$0.09B,0.71,$0.13B,$0.40B,0.32,$0.17B,$0.17B,100.00%,$0.17B,$0.03B,18.39%,$0.17B,$0.03B,18.39%,$0.17B,$0.08B,45.40%,$0.17B,$0.01B,4.60%,$0.17B,$0.01B,3.45%,$0.01B,$0.40B,1.47%,$0.01B,$0.40B,1.47%,$0.01B,$0.76B,0.83%,$0.03B,$0.53B,6.04%,$50,$0,$50,$0,$21,$40,$10,$-26,$-17,$-6,$-11,$-11,$-11,$23,$10,$10,10,$-1.05,$-1.05,$2,$0,$5,$65,$672,$0,$0,$20,$695,$761,$92,$128,$63,$264,$357,$0,$-33,$0,$404,$761,$6,$48,$22,$70,$-18,$0,$0,$0,$-17,$58,$-65,$0,$0,$-2,$0,$-2,$-2,$-69,$18,$0,$18,$-2,$-2,$0,$-4,$12,$1,$6,$0
32,2010-09-30,55.3,$37.76,1.46,$16.66,3.32,$-2.59,0.0,$-0.40,0.0,$0.05B,$0.07B,0.74,$0.12B,$0.41B,0.29,$0.16B,$0.16B,100.00%,$0.16B,$0.02B,13.41%,$0.16B,$0.02B,13.41%,$0.16B,$0.07B,40.85%,$0.16B,$-0.01B,-6.71%,$0.16B,$-0.00B,-3.05%,$-0.00B,$0.41B,-1.23%,$-0.00B,$0.41B,-1.23%,$-0.00B,$0.72B,-0.71%,$0.02B,$0.54B,4.21%,$42,$0,$42,$0,$18,$36,$6,$-18,$-13,$-6,$-7,$-7,$-7,$18,$6,$10,10,$-0.70,$-0.70,$2,$0,$6,$48,$647,$0,$0,$25,$676,$724,$65,$121,$53,$245,$310,$0,$-22,$0,$414,$724,$17,$34,$1,$35,$-4,$0,$0,$0,$-7,$45,$-49,$0,$0,$0,$0,$0,$-2,$-51,$12,$0,$12,$-0,$-0,$0,$-4,$8,$1,$4,$0
33,2010-06-30,61.2,$38.22,1.6,$12.72,4.81,$-3.13,0.0,$-1.40,0.0,$0.04B,$0.05B,0.78,$0.12B,$0.42B,0.28,$0.12B,$0.12B,100.00%,$0.12B,$0.01B,4.03%,$0.12B,$0.01B,4.03%,$0.12B,$0.04B,30.65%,$0.12B,$-0.02B,-19.35%,$0.12B,$-0.02B,-15.32%,$-0.02B,$0.42B,-4.67%,$-0.02B,$0.42B,-4.67%,$-0.02B,$0.71B,-2.72%,$0.01B,$0.54B,0.97%,$41,$0,$41,$0,$16,$33,$8,$23,$31,$11,$19,$19,$19,$19,$8,$10,10,$1.90,$1.90,$1,$0,$6,$42,$643,$0,$0,$20,$666,$708,$53,$119,$43,$235,$289,$0,$-15,$0,$419,$708,$24,$22,$-12,$10,$-2,$0,$0,$1,$-8,$26,$-29,$0,$0,$0,$0,$0,$-2,$-31,$9,$0,$9,$0,$0,$0,$-4,$5,$1,$2,$0
34,2010-03-31,60.55,$37.48,1.62,$8.70,6.96,$-2.94,0.0,$-3.30,0.0,$0.05B,$0.08B,0.63,$0.12B,$0.40B,0.29,$0.08B,$0.08B,100.00%,$0.08B,$-0.00B,-3.61%,$0.08B,$-0.00B,-3.61%,$0.08B,$0.02B,22.89%,$0.08B,$-0.06B,-66.27%,$0.08B,$-0.04B,-45.78%,$-0.04B,$0.40B,-12.57%,$-0.04B,$0.40B,-12.57%,$-0.04B,$0.71B,-7.29%,$-0.00B,$0.51B,-0.78%,$41,$0,$41,$0,$16,$33,$8,$-1,$7,$3,$5,$5,$5,$19,$8,$10,10,$0.45,$0.45,$3,$0,$8,$48,$635,$0,$0,$20,$659,$707,$75,$115,$53,$233,$308,$0,$-34,$0,$398,$707,$5,$11,$1,$11,$-2,$0,$0,$0,$-1,$15,$-13,$0,$0,$0,$0,$0,$-2,$-14,$6,$0,$6,$0,$0,$0,$-4,$2,$2,$0,$0
35,2009-12-31,57.6,$37.02,1.56,$4.58,12.59,$-3.21,0.0,$-4.00,0.0,$0.04B,$0.06B,0.69,$0.11B,$0.39B,0.28,$0.04B,$0.04B,100.00%,$0.04B,$-0.02B,-35.71%,$0.04B,$-0.02B,-35.71%,$0.04B,$-0.00B,-9.52%,$0.04B,$-0.07B,-154.76%,$0.04B,$-0.05B,-107.14%,$-0.05B,$0.39B,-22.19%,$-0.05B,$0.39B,-22.19%,$-0.05B,$0.69B,-13.06%,$-0.02B,$0.50B,-5.88%,$40,$0,$40,$0,$24,$40,$0,$-36,$-36,$-14,$-22,$-22,$-22,$11,$0,$9,9,$-2.24,$-2.24,$0,$0,$7,$43,$633,$0,$0,$17,$650,$693,$63,$110,$65,$237,$300,$0,$-39,$0,$394,$693,$-45,$12,$31,$43,$-4,$0,$-0,$-1,$-10,$-12,$-7,$0,$-324,$291,$0,$291,$250,$210,$10,$0,$10,$-202,$-202,$0,$-7,$-198,$-0,$1,$0
36,2009-09-30,51.75,$39.18,1.32,$0.25,207.08,$-0.83,0.0,$-1.95,0.0,$0.04B,$0.06B,0.63,$0.10B,$0.42B,0.24,$0.00B,$0.00B,100.00%,$0.00B,$-0.02B,-800.00%,$0.00B,$-0.02B,-800.00%,$0.00B,$-0.02B,-800.00%,$0.00B,$-0.03B,-1400.00%,$0.00B,$-0.02B,-1100.00%,$-0.02B,$0.42B,-11.30%,$-0.02B,$0.42B,-11.30%,$-0.02B,$0.69B,-7.15%,$-0.02B,$0.52B,-7.28%,$2,$0,$2,$0,$12,$13,$-11,$-15,$-26,$-5,$-21,$-21,$-21,$-11,$-11,$9,9,$-2.15,$-2.15,$3,$0,$7,$36,$631,$0,$0,$18,$649,$685,$57,$101,$37,$212,$269,$0,$-16,$0,$417,$685,$-24,$1,$13,$14,$1,$0,$-0,$-0,$1,$-9,$0,$0,$-323,$290,$0,$290,$250,$217,$1,$0,$1,$-202,$-202,$0,$-6,$-206,$2,$1,$0
37,2009-06-30,47.95,$0.00,0.0,0,0.0,$0.35,136.77,$-0.20,0.0,$0.00B,$0.00B,0.0,$0.00B,$0.00B,0.0,$0.00B,0,nan%,$0.00B,$-0.01B,inf%,$0.00B,$-0.01B,inf%,$0.00B,$-0.01B,inf%,$0.00B,0,nan%,$0.00B,0,nan%,$0.00B,$0.00B,0.00%,$0.00B,$0.00B,0.00%,$0.00B,$0.00B,0.00%,$-0.01B,$0.00B,-2.76%,$0,$0,$0,$0,$0,$0,$-0,$0,$-0,$-0,$-0,$-0,$-0,$-0,$-0,$9,9,$-0.01,$-0.01,$0,$0,$0,$0,$0,$0,$0,$0,$0,$0,$0,$0,$0,$0,$0,$0,$0,$0,$0,$0,$-2,$0,$2,$2,$0,$0,$-0,$-0,$-1,$-1,$0,$0,$0,$-250,$0,$-250,$250,$0,$0,$0,$0,$0,$0,$0,$0,$0,$-1,$0,$0
38,2009-03-31,47.1,$0.00,0.0,0,0.0,$0.53,88.58,$-0.15,0.0,$0.00B,$0.00B,0.0,$0.00B,$0.00B,0.0,$0.00B,0,nan%,$0.00B,$-0.01B,inf%,$0.00B,$-0.01B,inf%,$0.00B,$-0.01B,inf%,$0.00B,$0.00B,inf%,$0.00B,0,nan%,$0.00B,$0.00B,0.00%,$0.00B,$0.00B,0.00%,$0.00B,$0.00B,0.00%,$-0.01B,$0.00B,-1.84%,$0,$0,$0,$0,$0,$4,$-4,$0,$-3,$-1,$-2,$-2,$-2,$-4,$-4,$9,9,$-0.25,$-0.25,$0,$0,$0,$0,$0,$0,$0,$0,$0,$0,$0,$0,$0,$0,$0,$0,$0,$0,$0,$0,$-2,$0,$2,$2,$0,$0,$-0,$0,$-1,$-1,$0,$0,$0,$-250,$0,$-250,$250,$0,$0,$0,$0,$0,$0,$0,$0,$0,$-1,$0,$0
39,2008-12-31,45.75,$26.25,1.74,0,0.0,$0.63,72.7,$0.20,228.75,$0.54B,$0.02B,28.05,$0.00B,$0.36B,0.0,$0.00B,0,nan%,$0.00B,$-0.00B,inf%,$0.00B,$-0.00B,inf%,$0.00B,$-0.00B,inf%,$0.00B,$0.01B,inf%,$0.00B,$0.00B,inf%,$0.00B,$0.36B,0.83%,$0.00B,$0.36B,0.83%,$0.00B,$0.55B,0.55%,$-0.00B,$0.36B,-0.28%,$0,$0,$0,$0,$1,$1,$-1,$2,$1,$0,$0,$0,$1,$-1,$-1,$9,9,$0.10,$0.10,$541,$0,$0,$541,$0,$0,$0,$4,$4,$545,$19,$0,$163,$163,$183,$0,$4,$0,$362,$545,$4,$0,$-0,$-0,$0,$0,$-0,$0,$-1,$3,$0,$0,$-3,$251,$0,$251,$-250,$-2,$0,$0,$0,$0,$0,$0,$0,$0,$1,$0,$0
40,2008-09-30,44.75,$0.00,0.0,0,0.0,$0.29,152.52,$0.20,223.75,$0.54B,$0.02B,25.55,$0.00B,$0.36B,0.0,$0.00B,0,nan%,$0.00B,0,nan%,$0.00B,0,nan%,$0.00B,0,nan%,$0.00B,$0.01B,inf%,$0.00B,$0.00B,inf%,$0.00B,$0.36B,0.55%,$0.00B,$0.36B,0.55%,$0.00B,$0.55B,0.37%,$0.00B,$0.36B,0.00%,$0,$0,$0,$0,$0,$0,$-0,$2,$2,$1,$1,$1,$1,$-0,$-0,$10,10,$0.05,$0.05,$542,$0,$1,$543,$0,$0,$0,$0,$3,$546,$21,$0,$161,$163,$184,$0,$4,$0,$362,$546,$2,$0,$1,$1,$0,$0,$-0,$-1,$-1,$2,$0,$0,$-2,$0,$0,$0,$1,$-1,$0,$0,$0,$0,$0,$0,$0,$0,$1,$0,$0
