,Date,Stock Price,Book Value per Share,Price to Book Ratio,TTM Sales per Share,Price to Sales Ratio,TTM FCF per Share,Price to FCF Ratio,TTM Net EPS,PE Ratio,Current Assets,Current Liabilities,Current Ratio,Long Term Debt,Shareholder's Equity_x,Debt to Equity Ratio,TTM Revenue_x,TTM Gross Profit,Gross Margin,TTM Revenue_y,TTM Operating Income,Operating Margin,TTM Revenue_x,TTM EBIT,EBIT Margin,TTM Revenue_y,TTM EBITDA,EBITDA Margin,TTM Revenue_x,TTM Pre-Tax Income,Pre-Tax Margin,TTM Revenue_y,TTM Net Income_x,Net Margin,TTM Net Income_y,Shareholder's Equity_y,Return on Equity,TTM Net Income_x,Tangible Equity,Return on Tangible Equity,TTM Net Income_y,Total Assets,Return on Assets,TTM Net Income,LT Investments & Debt,Return on Investment,revenue,cost-goods-sold,gross-profit,research-development-expenses,selling-general-administrative-expenses,operating-expenses,operating-income,total-non-operating-income-expense,pre-tax-income,total-provision-income-taxes,income-after-taxes,income-from-continuous-operations,net-income,ebitda,ebit,basic-shares-outstanding,shares-outstanding,eps-basic-net-earnings-per-share,eps-earnings-per-share-diluted,cash-on-hand,inventory,other-current-assets,total-current-assets,net-property-plant-equipment,long-term-investments,goodwill-intangible-assets-total,other-long-term-assets,total-long-term-assets,total-assets,total-current-liabilities,long-term-debt,other-non-current-liabilities,total-long-term-liabilities,total-liabilities,common-stock-net,retained-earnings-accumulated-deficit,comprehensive-income,total-share-holder-equity,total-liabilities-share-holders-equity,net-income-loss,total-depreciation-amortization-cash-flow,other-non-cash-items,total-non-cash-items,change-in-accounts-receivable,change-in-inventories,change-in-accounts-payable,change-in-assets-liabilities,total-change-in-assets-liabilities,cash-flow-from-operating-activities,net-change-in-property-plant-equipment,net-change-in-intangible-assets,net-acquisitions-divestitures,net-change-in-short-term-investments,net-change-in-long-term-investments,net-change-in-investments-total,investing-activities-other,cash-flow-from-investing-activities,net-long-term-debt,net-current-debt,debt-issuance-retirement-net-total,net-common-equity-issued-repurchased,net-total-equity-issued-repurchased,total-common-preferred-stock-dividends-paid,financial-activities-other,cash-flow-from-financial-activities,net-cash-flow,stock-based-compensation,common-stock-dividends-paid
0,2018-09-30,15.48,$4.55,3.4,$8.31,1.86,$1.46,10.61,$1.02,15.18,$0.66B,$0.18B,3.74,$0.01B,$0.98B,0.01,$1.77B,$0.58B,32.64%,$1.77B,$0.25B,14.17%,$1.77B,$0.25B,14.17%,$1.77B,$0.41B,23.26%,$1.77B,$0.26B,14.85%,$1.77B,$0.22B,12.25%,$0.22B,$0.98B,23.16%,$0.22B,$0.94B,23.98%,$0.22B,$1.25B,18.11%,$0.25B,$0.99B,26.64%,$440,$301,$139,$0,$42,$385,$55,$1,$55,$6,$50,$50,$49,$98,$55,$215,212,$0.23,$0.23,$128,$129,$6,$664,$516,$0,$32,$34,$582,$1246,$178,$11,$4,$91,$269,$21,$971,$-16,$977,$1246,$162,$123,$-1,$123,$-5,$-14,$22,$-4,$37,$322,$-189,$0,$0,$0,$0,$0,$10,$-180,$0,$0,$0,$-40,$-40,$-65,$0,$-105,$37,$7,$-65
1,2018-06-30,14.47,$4.40,3.29,$8.44,1.71,$1.04,13.86,$1.05,13.78,$0.63B,$0.18B,3.44,$0.00B,$0.95B,0.0,$1.80B,$0.62B,34.13%,$1.80B,$0.29B,16.26%,$1.80B,$0.29B,16.26%,$1.80B,$0.45B,25.08%,$1.80B,$0.31B,16.98%,$1.80B,$0.23B,12.49%,$0.23B,$0.95B,24.64%,$0.23B,$0.91B,25.53%,$0.23B,$1.22B,19.17%,$0.29B,$0.95B,32.00%,$468,$312,$156,$0,$43,$393,$75,$4,$79,$20,$60,$60,$59,$116,$75,$215,213,$0.28,$0.28,$94,$127,$6,$631,$523,$0,$32,$32,$588,$1219,$183,$0,$15,$90,$274,$21,$940,$-17,$945,$1219,$112,$79,$7,$86,$1,$-12,$23,$-3,$31,$229,$-143,$0,$0,$0,$0,$0,$0,$-143,$0,$0,$0,$-40,$-40,$-43,$0,$-83,$3,$5,$-43
2,2018-03-31,17.81,$4.24,4.2,$8.10,2.2,$0.67,26.66,$0.97,18.37,$0.65B,$0.18B,3.65,$0.00B,$0.91B,0.0,$1.73B,$0.60B,34.85%,$1.73B,$0.29B,16.45%,$1.73B,$0.29B,16.45%,$1.73B,$0.45B,25.68%,$1.73B,$0.30B,17.08%,$1.73B,$0.21B,12.06%,$0.21B,$0.91B,23.51%,$0.21B,$0.88B,24.39%,$0.21B,$1.18B,18.24%,$0.29B,$0.91B,31.97%,$436,$296,$141,$0,$44,$376,$61,$6,$66,$14,$52,$52,$52,$99,$61,$213,213,$0.24,$0.24,$101,$121,$9,$652,$466,$0,$32,$31,$529,$1181,$179,$0,$16,$89,$267,$22,$909,$-17,$914,$1181,$52,$38,$0,$38,$-7,$-6,$12,$-0,$19,$110,$-47,$0,$0,$0,$0,$0,$0,$-47,$0,$0,$0,$-31,$-31,$-22,$0,$-52,$10,$3,$-22
3,2017-12-31,25.09,$4.21,5.96,$7.44,3.37,$0.28,91.17,$0.75,33.45,$0.64B,$0.15B,4.4,$0.01B,$0.91B,0.01,$1.60B,$0.55B,34.17%,$1.60B,$0.23B,14.17%,$1.60B,$0.23B,14.17%,$1.60B,$0.39B,24.64%,$1.60B,$0.23B,14.55%,$1.60B,$0.16B,10.09%,$0.16B,$0.91B,18.67%,$0.16B,$0.88B,19.39%,$0.16B,$1.15B,14.47%,$0.23B,$0.92B,26.13%,$427,$286,$142,$0,$42,$367,$60,$3,$63,$6,$58,$58,$57,$99,$60,$214,214,$0.27,$0.27,$91,$115,$7,$640,$444,$0,$32,$31,$507,$1147,$145,$10,$5,$90,$236,$22,$907,$-17,$912,$1147,$163,$167,$-36,$131,$-209,$-6,$29,$-2,$-159,$134,$-104,$0,$0,$0,$0,$0,$0,$-104,$0,$0,$0,$-27,$-27,$-43,$0,$-70,$-41,$11,$-43
4,2017-09-30,24.23,$4.07,5.95,$6.48,3.74,$0.51,47.18,$0.38,63.76,$0.64B,$0.16B,3.91,$0.00B,$0.88B,0.0,$1.39B,$0.45B,32.47%,$1.39B,$0.13B,9.65%,$1.39B,$0.13B,9.65%,$1.39B,$0.31B,22.39%,$1.39B,$0.14B,9.79%,$1.39B,$0.08B,5.98%,$0.08B,$0.88B,9.93%,$0.08B,$0.85B,10.32%,$0.08B,$1.15B,7.65%,$0.13B,$0.88B,16.02%,$471,$295,$176,$0,$40,$374,$97,$1,$98,$41,$57,$57,$57,$138,$97,$217,214,$0.26,$0.26,$137,$113,$8,$642,$445,$0,$32,$29,$506,$1149,$164,$0,$14,$102,$267,$22,$877,$-17,$882,$1149,$105,$128,$-25,$103,$-206,$-5,$47,$-1,$-98,$109,$-64,$0,$0,$0,$0,$0,$0,$-64,$0,$0,$0,$-27,$-27,$-13,$0,$-40,$5,$9,$-13
5,2017-06-30,19.69,$3.90,5.05,$5.10,3.86,$0.66,29.72,$-0.06,0.0,$0.60B,$0.15B,4.06,$0.00B,$0.85B,0.0,$1.09B,$0.30B,27.79%,$1.09B,$-0.02B,-1.74%,$1.09B,$-0.02B,-1.74%,$1.09B,$0.17B,15.45%,$1.09B,$-0.02B,-1.65%,$1.09B,$-0.01B,-1.19%,$-0.01B,$0.85B,-1.58%,$-0.01B,$0.82B,-1.64%,$-0.01B,$1.11B,-1.23%,$-0.02B,$0.85B,-2.30%,$399,$254,$145,$0,$40,$332,$67,$2,$69,$25,$44,$44,$43,$109,$67,$218,215,$0.20,$0.20,$126,$113,$6,$602,$444,$0,$32,$29,$504,$1106,$148,$0,$13,$109,$258,$22,$844,$-18,$848,$1106,$47,$87,$-20,$67,$-174,$-4,$28,$2,$-86,$29,$-22,$0,$0,$0,$0,$0,$0,$-22,$0,$0,$0,$-12,$-12,$0,$0,$-12,$-6,$6,$0
6,2017-03-31,17.84,$3.71,4.81,$3.91,4.56,$1.00,17.81,$-0.49,0.0,$0.53B,$0.13B,4.21,$0.00B,$0.81B,0.0,$0.84B,$0.18B,20.88%,$0.84B,$-0.16B,-19.21%,$0.84B,$-0.16B,-19.21%,$0.84B,$0.04B,5.01%,$0.84B,$-0.16B,-19.33%,$0.84B,$-0.11B,-12.53%,$-0.11B,$0.81B,-12.62%,$-0.11B,$0.78B,-13.13%,$-0.11B,$1.05B,-9.93%,$-0.16B,$0.81B,-19.36%,$298,$216,$82,$0,$37,$297,$2,$0,$2,$-2,$4,$4,$4,$47,$2,$215,215,$0.02,$0.02,$104,$112,$6,$525,$465,$0,$32,$27,$524,$1049,$125,$0,$13,$117,$241,$22,$804,$-18,$808,$1049,$4,$45,$-10,$35,$-77,$-4,$20,$-0,$-51,$-12,$-9,$0,$0,$0,$0,$0,$0,$-9,$0,$0,$0,$-6,$-6,$0,$0,$-6,$-27,$3,$0
7,2016-12-31,19.3,$3.71,5.2,$3.40,5.67,$1.32,14.66,$-0.66,0.0,$0.48B,$0.10B,4.72,$0.00B,$0.81B,0.0,$0.73B,$0.12B,16.60%,$0.73B,$-0.24B,-32.65%,$0.73B,$-0.24B,-32.65%,$0.73B,$-0.02B,-2.61%,$0.73B,$-0.24B,-32.78%,$0.73B,$-0.14B,-19.48%,$-0.14B,$0.81B,-16.52%,$-0.14B,$0.78B,-17.15%,$-0.14B,$1.04B,-13.11%,$-0.24B,$0.81B,-27.68%,$221,$173,$48,$0,$36,$253,$-32,$-0,$-33,$-12,$-21,$-21,$-21,$17,$-32,$214,214,$-0.10,$-0.10,$132,$108,$6,$479,$498,$0,$32,$26,$556,$1035,$101,$0,$13,$127,$229,$22,$803,$-18,$807,$1035,$-141,$221,$-32,$189,$65,$20,$-6,$-15,$54,$102,$-21,$0,$0,$0,$0,$0,$0,$-21,$0,$0,$0,$-3,$-3,$-11,$0,$-14,$67,$10,$-11
8,2016-09-30,16.32,$3.85,4.24,$3.65,4.48,$2.45,6.67,$-0.74,0.0,$0.46B,$0.09B,5.23,$0.00B,$0.84B,0.0,$0.78B,$0.12B,15.98%,$0.78B,$-0.26B,-33.89%,$0.78B,$-0.26B,-33.89%,$0.78B,$-0.03B,-3.35%,$0.78B,$-0.26B,-34.02%,$0.78B,$-0.16B,-20.49%,$-0.16B,$0.84B,-17.75%,$-0.16B,$0.81B,-18.40%,$-0.16B,$1.05B,-14.02%,$-0.26B,$0.84B,-29.35%,$176,$147,$29,$0,$35,$232,$-56,$0,$-56,$-17,$-39,$-39,$-39,$-4,$-56,$214,214,$-0.18,$-0.18,$139,$111,$6,$456,$539,$0,$32,$26,$597,$1053,$87,$0,$13,$128,$215,$22,$833,$-17,$838,$1053,$-120,$172,$-28,$144,$89,$18,$-22,$-13,$71,$95,$-18,$0,$0,$0,$0,$0,$0,$-18,$0,$0,$0,$-3,$-3,$0,$0,$-3,$74,$8,$0
9,2016-06-30,15.09,$4.02,3.76,$4.21,3.58,$3.22,4.68,$-0.72,0.0,$0.45B,$0.08B,5.91,$0.00B,$0.87B,0.0,$0.89B,$0.15B,17.04%,$0.89B,$-0.26B,-29.15%,$0.89B,$-0.26B,-29.15%,$0.89B,$-0.00B,-0.45%,$0.89B,$-0.26B,-29.37%,$0.89B,$-0.16B,-17.38%,$-0.16B,$0.87B,-16.61%,$-0.16B,$0.84B,-17.20%,$-0.16B,$1.09B,-13.00%,$-0.26B,$0.87B,-27.64%,$143,$127,$16,$0,$36,$218,$-75,$-0,$-75,$-27,$-49,$-49,$-49,$-18,$-75,$214,214,$-0.23,$-0.23,$141,$116,$6,$450,$585,$0,$32,$25,$642,$1091,$76,$0,$13,$141,$217,$22,$869,$-17,$874,$1091,$-81,$119,$-19,$100,$103,$13,$-36,$-10,$73,$92,$-13,$0,$0,$0,$0,$0,$0,$-13,$0,$0,$0,$-3,$-3,$0,$0,$-3,$76,$5,$0
10,2016-03-31,13.78,$4.23,3.26,$4.98,2.77,$3.87,3.56,$-0.65,0.0,$0.46B,$0.08B,5.66,$0.00B,$0.92B,0.0,$1.05B,$0.19B,18.34%,$1.05B,$-0.24B,-22.64%,$1.05B,$-0.24B,-22.64%,$1.05B,$0.03B,3.06%,$1.05B,$-0.24B,-22.92%,$1.05B,$-0.14B,-13.37%,$-0.14B,$0.92B,-14.44%,$-0.14B,$0.89B,-14.93%,$-0.14B,$1.16B,-11.06%,$-0.24B,$0.92B,-23.92%,$189,$161,$28,$0,$44,$264,$-75,$0,$-75,$-43,$-33,$-33,$-33,$-14,$-75,$214,214,$-0.15,$-0.15,$108,$125,$6,$463,$635,$0,$32,$24,$692,$1155,$82,$0,$14,$153,$235,$22,$915,$-17,$920,$1155,$-33,$61,$-7,$54,$57,$4,$-29,$-13,$32,$53,$-8,$0,$0,$0,$0,$0,$0,$-8,$0,$0,$0,$-3,$-3,$0,$0,$-3,$43,$3,$0
11,2015-12-31,11.61,$4.39,2.65,$6.03,1.93,$4.13,2.81,$-0.46,0.0,$0.49B,$0.11B,4.58,$0.00B,$0.95B,0.0,$1.26B,$0.28B,21.99%,$1.26B,$-0.16B,-12.34%,$1.26B,$-0.16B,-12.34%,$1.26B,$0.12B,9.49%,$1.26B,$-0.15B,-12.18%,$1.26B,$-0.10B,-7.83%,$-0.10B,$0.95B,-9.85%,$-0.10B,$0.92B,-10.17%,$-0.10B,$1.24B,-7.25%,$-0.16B,$0.95B,-14.60%,$268,$217,$51,$0,$37,$325,$-57,$-0,$-58,$-20,$-38,$-38,$-38,$10,$-57,$210,210,$-0.19,$-0.19,$65,$128,$6,$492,$688,$0,$32,$24,$745,$1237,$107,$0,$29,$177,$285,$22,$949,$-18,$952,$1237,$-100,$275,$-18,$257,$402,$27,$-62,$2,$316,$474,$-158,$0,$0,$0,$0,$0,$0,$-158,$0,$-225,$-225,$-4,$-4,$-34,$1,$-261,$55,$10,$-34
12,2015-09-30,8.6,$4.55,1.89,$7.73,1.11,$2.48,3.46,$0.08,107.48,$0.48B,$0.12B,4.08,$0.03B,$0.99B,0.03,$1.63B,$0.47B,28.81%,$1.63B,$0.03B,1.66%,$1.63B,$0.03B,1.66%,$1.63B,$0.30B,18.37%,$1.63B,$0.03B,1.78%,$1.63B,$0.02B,1.04%,$0.02B,$0.99B,1.64%,$0.02B,$0.96B,1.69%,$0.02B,$1.29B,1.14%,$0.03B,$1.02B,2.34%,$292,$235,$57,$0,$37,$345,$-53,$-1,$-54,$-19,$-35,$-35,$-35,$18,$-53,$210,210,$-0.16,$-0.16,$8,$136,$8,$478,$753,$0,$32,$24,$810,$1288,$117,$30,$16,$184,$301,$22,$984,$-19,$987,$1288,$-62,$208,$-45,$164,$349,$19,$-63,$-0,$284,$386,$-147,$0,$0,$0,$0,$0,$0,$-147,$0,$-205,$-205,$-4,$-4,$-34,$1,$-241,$-2,$8,$-34
13,2015-06-30,13.44,$4.70,2.86,$9.21,1.46,$1.27,10.56,$0.54,24.88,$0.51B,$0.12B,4.38,$0.06B,$1.02B,0.05,$1.96B,$0.63B,32.40%,$1.96B,$0.19B,9.56%,$1.96B,$0.19B,9.56%,$1.96B,$0.45B,22.79%,$1.96B,$0.19B,9.66%,$1.96B,$0.12B,5.98%,$0.12B,$1.02B,11.09%,$0.12B,$0.99B,11.43%,$0.12B,$1.38B,7.42%,$0.19B,$1.08B,15.52%,$298,$242,$56,$0,$40,$350,$-52,$-0,$-53,$-19,$-34,$-34,$-34,$18,$-52,$208,208,$-0.16,$-0.16,$15,$147,$3,$512,$814,$0,$32,$26,$872,$1384,$117,$55,$27,$247,$364,$22,$1017,$-18,$1020,$1384,$-27,$138,$-26,$112,$335,$8,$-66,$5,$259,$344,$-133,$0,$0,$0,$0,$0,$0,$-133,$0,$-170,$-170,$-4,$-4,$-34,$1,$-206,$5,$5,$-34
14,2015-03-31,12.4,$4.89,2.54,$10.48,1.18,$0.22,57.43,$0.99,12.53,$0.63B,$0.13B,4.75,$0.17B,$1.06B,0.16,$2.24B,$0.79B,35.10%,$2.24B,$0.34B,15.25%,$2.24B,$0.34B,15.25%,$2.24B,$0.59B,26.23%,$2.24B,$0.35B,15.43%,$2.24B,$0.21B,9.55%,$0.21B,$1.06B,20.27%,$0.21B,$1.03B,20.91%,$0.21B,$1.55B,13.26%,$0.34B,$1.23B,27.93%,$406,$292,$114,$0,$42,$400,$6,$5,$11,$4,$8,$8,$8,$74,$6,$210,210,$0.04,$0.04,$15,$154,$3,$634,$858,$0,$32,$26,$916,$1550,$134,$166,$16,$354,$488,$22,$1059,$-19,$1062,$1550,$8,$68,$-18,$49,$204,$1,$-58,$2,$144,$201,$-101,$0,$0,$0,$0,$0,$0,$-101,$0,$-69,$-69,$-4,$-4,$-23,$1,$-94,$6,$3,$-23
15,2014-12-31,12.53,$4.98,2.52,$10.86,1.15,$-0.07,0.0,$1.13,11.09,$0.85B,$0.24B,3.56,$0.23B,$1.08B,0.21,$2.34B,$0.85B,36.14%,$2.34B,$0.40B,17.15%,$2.34B,$0.40B,17.15%,$2.34B,$0.64B,27.20%,$2.34B,$0.40B,17.11%,$2.34B,$0.25B,10.48%,$0.25B,$1.08B,23.68%,$0.25B,$1.05B,24.44%,$0.25B,$1.76B,15.46%,$0.40B,$1.30B,33.93%,$632,$390,$242,$0,$50,$506,$126,$-1,$125,$47,$78,$78,$78,$189,$126,$211,212,$0.37,$0.37,$10,$156,$4,$852,$849,$0,$32,$26,$908,$1759,$239,$225,$26,$442,$681,$22,$1075,$-18,$1078,$1759,$245,$234,$33,$267,$-198,$-30,$36,$7,$-189,$323,$-353,$0,$0,$0,$-3,$-3,$0,$-355,$0,$171,$171,$-50,$-50,$-92,$4,$34,$1,$9,$-92
16,2014-09-30,20.96,$4.85,4.32,$10.13,2.07,$0.88,23.92,$0.94,22.29,$0.79B,$0.24B,3.25,$0.15B,$1.06B,0.14,$2.19B,$0.77B,35.16%,$2.19B,$0.34B,15.60%,$2.19B,$0.34B,15.60%,$2.19B,$0.57B,25.95%,$2.19B,$0.34B,15.50%,$2.19B,$0.21B,9.35%,$0.21B,$1.06B,20.35%,$0.21B,$1.03B,21.02%,$0.21B,$1.62B,13.75%,$0.34B,$1.21B,30.76%,$621,$398,$222,$0,$51,$514,$107,$-1,$106,$41,$65,$65,$65,$165,$107,$215,216,$0.30,$0.30,$9,$154,$4,$785,$776,$0,$32,$23,$831,$1616,$241,$152,$24,$314,$555,$22,$1050,$-11,$1061,$1616,$168,$171,$-21,$150,$-155,$-28,$53,$9,$-111,$206,$-222,$0,$0,$0,$0,$0,$0,$-222,$0,$99,$99,$-18,$-18,$-69,$4,$16,$-0,$7,$-69
17,2014-06-30,22.31,$4.67,4.78,$9.53,2.34,$1.66,13.47,$0.89,25.06,$0.77B,$0.21B,3.74,$0.13B,$1.02B,0.13,$2.06B,$0.74B,35.68%,$2.06B,$0.32B,15.56%,$2.06B,$0.32B,15.56%,$2.06B,$0.54B,26.32%,$2.06B,$0.32B,15.56%,$2.06B,$0.19B,9.40%,$0.19B,$1.02B,19.82%,$0.19B,$0.99B,20.45%,$0.19B,$1.53B,13.61%,$0.32B,$1.15B,30.34%,$583,$374,$209,$0,$48,$480,$103,$1,$104,$41,$63,$63,$63,$160,$103,$215,216,$0.29,$0.29,$22,$139,$7,$768,$709,$0,$32,$22,$763,$1531,$205,$131,$22,$304,$509,$22,$1010,$-10,$1022,$1531,$103,$113,$-19,$94,$-129,$-12,$33,$3,$-105,$91,$-101,$0,$0,$0,$0,$0,$0,$-101,$0,$78,$78,$-13,$-13,$-46,$4,$23,$13,$5,$-46
18,2014-03-31,19.3,$4.47,4.32,$8.95,2.16,$2.15,8.99,$0.79,24.43,$0.67B,$0.19B,3.5,$0.08B,$0.98B,0.08,$1.94B,$0.70B,35.96%,$1.94B,$0.29B,14.76%,$1.94B,$0.29B,14.76%,$1.94B,$0.50B,26.01%,$1.94B,$0.28B,14.65%,$1.94B,$0.17B,8.82%,$0.17B,$0.98B,17.95%,$0.17B,$0.95B,18.49%,$0.17B,$1.43B,12.44%,$0.29B,$1.06B,28.16%,$502,$330,$172,$0,$49,$436,$65,$-0,$65,$26,$39,$39,$39,$122,$65,$215,216,$0.18,$0.18,$44,$136,$2,$673,$708,$0,$32,$22,$761,$1434,$193,$81,$19,$263,$456,$22,$967,$-11,$978,$1434,$39,$56,$-10,$46,$-31,$-9,$20,$2,$-8,$78,$-37,$0,$0,$0,$0,$0,$0,$-37,$0,$28,$28,$-13,$-13,$-23,$4,$-5,$36,$2,$-23
19,2013-12-31,16.77,$4.42,3.79,$8.59,1.95,$2.14,7.83,$0.77,21.77,$0.61B,$0.17B,3.6,$0.05B,$0.97B,0.06,$1.86B,$0.68B,36.68%,$1.86B,$0.28B,14.93%,$1.86B,$0.28B,14.93%,$1.86B,$0.49B,26.48%,$1.86B,$0.28B,14.82%,$1.86B,$0.17B,8.97%,$0.17B,$0.97B,17.84%,$0.17B,$0.94B,18.35%,$0.17B,$1.38B,12.33%,$0.28B,$1.02B,27.77%,$487,$319,$168,$0,$44,$420,$67,$-1,$65,$28,$38,$38,$38,$122,$67,$216,217,$0.17,$0.17,$9,$127,$3,$605,$726,$0,$32,$21,$779,$1384,$168,$53,$19,$247,$415,$22,$957,$-10,$969,$1384,$167,$216,$1,$217,$-50,$14,$14,$8,$-18,$366,$-191,$0,$-17,$0,$0,$0,$0,$-208,$0,$-54,$-54,$-25,$-25,$-88,$3,$-163,$-5,$8,$-88
20,2013-09-30,14.37,$4.32,3.32,$8.51,1.69,$2.49,5.78,$0.86,16.71,$0.57B,$0.17B,3.45,$0.05B,$0.95B,0.05,$1.85B,$0.71B,38.27%,$1.85B,$0.30B,16.26%,$1.85B,$0.30B,16.26%,$1.85B,$0.52B,27.91%,$1.85B,$0.30B,16.31%,$1.85B,$0.18B,9.97%,$0.18B,$0.95B,20.03%,$0.18B,$0.92B,20.56%,$0.18B,$1.35B,13.63%,$0.30B,$1.00B,30.09%,$491,$304,$187,$0,$47,$405,$86,$1,$87,$33,$54,$54,$54,$139,$86,$215,216,$0.25,$0.25,$23,$128,$3,$572,$737,$0,$24,$19,$780,$1352,$166,$51,$14,$240,$405,$22,$939,$-14,$947,$1352,$129,$161,$-2,$159,$-3,$12,$11,$7,$15,$304,$-151,$0,$0,$0,$0,$0,$0,$-151,$0,$-56,$-56,$-25,$-25,$-66,$3,$-143,$9,$6,$-66
21,2013-06-30,12.66,$4.18,3.03,$8.42,1.5,$2.72,4.65,$0.91,13.91,$0.55B,$0.16B,3.36,$0.07B,$0.92B,0.07,$1.83B,$0.72B,39.43%,$1.83B,$0.32B,17.31%,$1.83B,$0.32B,17.31%,$1.83B,$0.53B,29.13%,$1.83B,$0.32B,17.36%,$1.83B,$0.20B,10.73%,$0.20B,$0.92B,21.56%,$0.20B,$0.89B,22.15%,$0.20B,$1.33B,14.50%,$0.32B,$0.98B,31.74%,$458,$288,$170,$0,$48,$390,$68,$-1,$67,$26,$40,$40,$40,$121,$68,$216,217,$0.19,$0.19,$10,$134,$5,$546,$740,$0,$24,$19,$783,$1329,$163,$67,$14,$249,$412,$22,$910,$-15,$917,$1329,$75,$107,$-10,$97,$6,$6,$7,$1,$28,$201,$-103,$0,$0,$0,$0,$0,$0,$-103,$0,$-40,$-40,$-21,$-21,$-44,$3,$-101,$-4,$4,$-44
22,2013-03-31,13.7,$4.14,3.31,$8.62,1.59,$2.76,4.96,$1.05,13.04,$0.55B,$0.16B,3.41,$0.09B,$0.91B,0.1,$1.87B,$0.77B,41.17%,$1.87B,$0.37B,19.70%,$1.87B,$0.37B,19.70%,$1.87B,$0.58B,31.26%,$1.87B,$0.37B,19.70%,$1.87B,$0.23B,12.21%,$0.23B,$0.91B,25.50%,$0.23B,$0.89B,26.21%,$0.23B,$1.35B,16.70%,$0.37B,$1.00B,36.64%,$426,$268,$158,$0,$45,$369,$57,$0,$57,$22,$35,$35,$35,$111,$57,$216,218,$0.16,$0.16,$10,$133,$4,$551,$759,$0,$24,$19,$802,$1353,$161,$88,$13,$279,$440,$22,$905,$-14,$912,$1353,$35,$54,$-3,$50,$12,$8,$5,$-0,$4,$89,$-50,$0,$0,$0,$0,$0,$0,$-50,$0,$-19,$-19,$-5,$-5,$-22,$3,$-43,$-4,$2,$-22
23,2012-12-31,10.91,$4.08,2.67,$8.97,1.22,$2.89,3.78,$1.26,8.66,$0.57B,$0.17B,3.45,$0.11B,$0.90B,0.12,$1.95B,$0.84B,43.19%,$1.95B,$0.44B,22.72%,$1.95B,$0.44B,22.72%,$1.95B,$0.66B,33.68%,$1.95B,$0.44B,22.72%,$1.95B,$0.27B,14.09%,$0.27B,$0.90B,31.64%,$0.27B,$0.88B,32.54%,$0.27B,$1.37B,20.01%,$0.44B,$1.01B,44.22%,$470,$279,$191,$0,$45,$381,$89,$1,$90,$35,$55,$55,$55,$144,$89,$215,217,$0.26,$0.27,$14,$141,$4,$568,$756,$0,$24,$19,$799,$1367,$165,$107,$15,$303,$468,$22,$891,$-14,$899,$1367,$274,$214,$16,$230,$74,$-40,$-5,$18,$55,$560,$-310,$0,$0,$0,$0,$0,$-6,$-316,$0,$-96,$-96,$-30,$-30,$-114,$3,$-237,$7,$8,$-114
24,2012-09-30,10.08,$4.13,2.44,$9.00,1.12,$1.71,5.91,$1.34,7.52,$0.56B,$0.17B,3.34,$0.08B,$0.91B,0.09,$1.96B,$0.86B,44.08%,$1.96B,$0.48B,24.26%,$1.96B,$0.48B,24.26%,$1.96B,$0.68B,34.83%,$1.96B,$0.47B,24.21%,$1.96B,$0.29B,15.02%,$0.29B,$0.91B,35.34%,$0.29B,$0.88B,36.40%,$0.29B,$1.36B,21.58%,$0.48B,$0.99B,48.00%,$472,$271,$201,$0,$43,$370,$102,$1,$103,$37,$66,$66,$66,$156,$102,$215,217,$0.31,$0.30,$11,$143,$11,$558,$760,$0,$24,$16,$801,$1358,$167,$84,$14,$283,$450,$22,$898,$-12,$908,$1358,$219,$159,$15,$175,$83,$-42,$4,$18,$72,$465,$-262,$0,$0,$0,$0,$0,$0,$-262,$0,$-120,$-120,$-30,$-30,$-53,$3,$-200,$4,$6,$-53
25,2012-06-30,9.96,$3.90,2.55,$9.10,1.09,$0.89,11.24,$1.42,7.01,$0.60B,$0.17B,3.58,$0.16B,$0.86B,0.19,$1.99B,$0.88B,44.47%,$1.99B,$0.51B,25.50%,$1.99B,$0.51B,25.50%,$1.99B,$0.71B,35.56%,$1.99B,$0.50B,25.35%,$1.99B,$0.31B,15.64%,$0.31B,$0.86B,39.63%,$0.31B,$0.83B,40.89%,$0.31B,$1.38B,23.45%,$0.51B,$1.02B,53.01%,$500,$281,$219,$0,$43,$380,$120,$-2,$118,$46,$72,$72,$72,$173,$120,$215,216,$0.34,$0.33,$9,$119,$38,$595,$749,$0,$24,$16,$789,$1384,$166,$162,$12,$361,$527,$22,$847,$-13,$857,$1384,$153,$105,$12,$117,$48,$-19,$8,$-11,$32,$302,$-196,$0,$0,$0,$0,$0,$0,$-196,$0,$-41,$-41,$-30,$-30,$-35,$2,$-104,$2,$4,$-35
26,2012-03-31,8.76,$3.65,2.4,$8.80,1.0,$0.32,27.76,$1.42,6.15,$0.59B,$0.21B,2.86,$0.18B,$0.80B,0.23,$1.93B,$0.87B,44.80%,$1.93B,$0.51B,26.20%,$1.93B,$0.51B,26.20%,$1.93B,$0.70B,36.15%,$1.93B,$0.50B,26.10%,$1.93B,$0.31B,16.16%,$0.31B,$0.80B,42.62%,$0.31B,$0.78B,44.08%,$0.31B,$1.37B,24.78%,$0.51B,$0.98B,55.82%,$503,$274,$229,$0,$45,$372,$131,$0,$131,$50,$81,$81,$81,$182,$131,$216,217,$0.37,$0.37,$6,$112,$30,$592,$737,$0,$24,$16,$777,$1369,$207,$181,$11,$362,$569,$22,$791,$-12,$800,$1369,$81,$52,$-10,$42,$36,$-11,$13,$-6,$61,$184,$-118,$0,$0,$0,$0,$0,$0,$-118,$0,$-23,$-23,$-30,$-30,$-18,$2,$-68,$-2,$2,$-18
27,2011-12-31,9.88,$3.45,2.87,$8.21,1.2,$0.01,0.0,$1.35,7.3,$0.63B,$0.18B,3.49,$0.20B,$0.76B,0.27,$1.81B,$0.82B,45.14%,$1.81B,$0.48B,26.57%,$1.81B,$0.48B,26.57%,$1.81B,$0.66B,36.57%,$1.81B,$0.48B,26.46%,$1.81B,$0.30B,16.41%,$0.30B,$0.76B,43.84%,$0.30B,$0.74B,45.46%,$0.30B,$1.34B,25.47%,$0.48B,$0.97B,56.97%,$483,$269,$214,$0,$42,$361,$122,$0,$122,$48,$75,$75,$75,$171,$122,$218,220,$0.34,$0.34,$7,$100,$31,$627,$675,$0,$24,$12,$712,$1338,$179,$203,$12,$396,$576,$22,$753,$-13,$763,$1338,$296,$180,$86,$265,$-167,$-37,$30,$-31,$-176,$386,$-392,$0,$0,$0,$0,$0,$0,$-392,$0,$82,$82,$-34,$-34,$-47,$3,$4,$-2,$8,$-47
28,2011-09-30,8.76,$3.23,2.71,$7.52,1.17,$0.02,423.08,$1.27,6.91,$0.57B,$0.19B,3.05,$0.14B,$0.72B,0.2,$1.66B,$0.76B,45.74%,$1.66B,$0.45B,27.13%,$1.66B,$0.45B,27.13%,$1.66B,$0.62B,37.16%,$1.66B,$0.45B,27.01%,$1.66B,$0.28B,16.74%,$0.28B,$0.72B,44.57%,$0.28B,$0.70B,46.36%,$0.28B,$1.21B,26.29%,$0.45B,$0.86B,58.48%,$502,$280,$222,$0,$37,$368,$134,$-2,$133,$50,$83,$83,$83,$181,$134,$218,220,$0.38,$0.38,$7,$93,$0,$565,$613,$0,$24,$12,$649,$1214,$185,$141,$12,$310,$495,$15,$714,$-10,$719,$1214,$222,$131,$62,$193,$-143,$-29,$55,$-10,$-102,$313,$-287,$0,$0,$0,$0,$0,$0,$-287,$0,$20,$20,$-18,$-18,$-33,$3,$-28,$-2,$5,$-33
29,2011-06-30,13.06,$2.91,4.5,$6.61,1.98,$-0.11,0.0,$1.03,12.7,$0.51B,$0.18B,2.91,$0.17B,$0.65B,0.27,$1.46B,$0.68B,46.39%,$1.46B,$0.39B,26.74%,$1.46B,$0.39B,26.74%,$1.46B,$0.54B,37.18%,$1.46B,$0.39B,26.67%,$1.46B,$0.24B,16.49%,$0.24B,$0.65B,42.53%,$0.24B,$0.62B,44.42%,$0.24B,$1.12B,25.24%,$0.39B,$0.82B,55.37%,$443,$243,$200,$0,$36,$324,$119,$-1,$118,$45,$73,$73,$73,$164,$119,$218,220,$0.34,$0.33,$7,$79,$0,$510,$568,$0,$24,$12,$605,$1115,$176,$173,$12,$293,$469,$15,$641,$-9,$646,$1115,$139,$84,$7,$91,$-106,$-15,$32,$-8,$-59,$171,$-189,$0,$0,$0,$0,$0,$0,$-189,$0,$52,$52,$-18,$-18,$-21,$3,$16,$-2,$4,$-21
30,2011-03-31,13.39,$2.62,5.11,$5.75,2.33,$-0.04,0.0,$0.84,15.99,$0.46B,$0.16B,2.89,$0.15B,$0.58B,0.26,$1.27B,$0.59B,46.48%,$1.27B,$0.32B,25.45%,$1.27B,$0.32B,25.45%,$1.27B,$0.46B,36.52%,$1.27B,$0.32B,25.38%,$1.27B,$0.20B,15.73%,$0.20B,$0.58B,38.66%,$0.20B,$0.56B,40.55%,$0.20B,$1.00B,23.43%,$0.32B,$0.73B,50.71%,$382,$201,$181,$0,$36,$275,$106,$-1,$106,$40,$66,$66,$66,$146,$106,$218,221,$0.30,$0.30,$12,$71,$0,$456,$505,$0,$24,$12,$541,$997,$158,$150,$10,$257,$415,$15,$576,$-9,$582,$997,$66,$39,$-4,$36,$-63,$-7,$15,$-1,$-15,$86,$-86,$0,$0,$0,$0,$0,$0,$-86,$0,$29,$29,$-17,$-17,$-10,$2,$3,$3,$2,$-10
31,2010-12-31,9.51,$2.42,3.92,$4.99,1.91,$-0.13,0.0,$0.60,15.85,$0.40B,$0.12B,3.39,$0.12B,$0.54B,0.23,$1.10B,$0.49B,44.80%,$1.10B,$0.24B,21.81%,$1.10B,$0.24B,21.81%,$1.10B,$0.37B,33.85%,$1.10B,$0.24B,21.62%,$1.10B,$0.15B,13.32%,$0.15B,$0.54B,30.80%,$0.15B,$0.52B,32.44%,$0.15B,$0.89B,18.92%,$0.24B,$0.66B,40.84%,$328,$174,$154,$0,$31,$238,$90,$-0,$90,$34,$55,$55,$55,$124,$90,$217,220,$0.25,$0.26,$9,$64,$1,$399,$453,$0,$24,$12,$489,$888,$118,$121,$11,$231,$349,$15,$527,$-10,$539,$888,$147,$133,$23,$156,$-163,$-8,$14,$1,$-134,$169,$-172,$0,$0,$0,$0,$0,$0,$-172,$0,$31,$31,$-1,$-1,$-21,$-1,$8,$5,$5,$-21
32,2010-09-30,7.36,$2.21,3.34,$4.20,1.75,$0.38,19.24,$0.32,22.7,$0.36B,$0.13B,2.84,$0.11B,$0.49B,0.22,$0.92B,$0.39B,42.07%,$0.92B,$0.14B,15.43%,$0.92B,$0.14B,15.43%,$0.92B,$0.27B,29.67%,$0.92B,$0.14B,15.22%,$0.92B,$0.09B,9.35%,$0.09B,$0.49B,19.47%,$0.09B,$0.47B,20.59%,$0.09B,$0.80B,12.08%,$0.14B,$0.60B,26.04%,$302,$163,$140,$0,$33,$228,$74,$-0,$74,$28,$46,$46,$46,$107,$74,$218,220,$0.21,$0.21,$3,$62,$0,$357,$410,$0,$24,$12,$446,$803,$126,$108,$10,$187,$313,$10,$479,$-8,$490,$803,$91,$99,$-4,$95,$-149,$-6,$13,$3,$-94,$93,$-95,$0,$0,$0,$0,$0,$0,$-95,$0,$18,$18,$-2,$-2,$-14,$-1,$1,$-1,$4,$-14
33,2010-06-30,4.72,$2.02,2.34,$3.44,1.37,$0.81,5.79,$0.13,35.4,$0.29B,$0.09B,3.3,$0.10B,$0.45B,0.23,$0.75B,$0.29B,38.53%,$0.75B,$0.05B,7.07%,$0.75B,$0.05B,7.07%,$0.75B,$0.18B,24.53%,$0.75B,$0.05B,6.80%,$0.75B,$0.03B,4.00%,$0.03B,$0.45B,7.08%,$0.03B,$0.42B,7.51%,$0.03B,$0.71B,4.44%,$0.05B,$0.55B,10.09%,$253,$139,$113,$0,$29,$201,$52,$-1,$51,$20,$32,$32,$32,$85,$52,$217,219,$0.15,$0.14,$4,$58,$0,$290,$386,$0,$24,$10,$420,$710,$88,$101,$10,$174,$262,$10,$438,$-9,$448,$710,$45,$66,$-8,$58,$-88,$-2,$5,$1,$-55,$48,$-50,$0,$0,$0,$0,$0,$0,$-50,$0,$11,$11,$-2,$-2,$-8,$1,$2,$-1,$3,$-8
34,2010-03-31,3.82,$1.89,2.03,$2.87,1.33,$1.12,3.4,$-0.06,0.0,$0.28B,$0.07B,3.76,$0.11B,$0.42B,0.27,$0.62B,$0.21B,33.97%,$0.62B,$-0.02B,-2.88%,$0.62B,$-0.02B,-2.88%,$0.62B,$0.11B,17.95%,$0.62B,$-0.02B,-3.04%,$0.62B,$-0.01B,-2.24%,$-0.01B,$0.42B,-3.34%,$-0.01B,$0.40B,-3.54%,$-0.01B,$0.69B,-2.09%,$-0.02B,$0.53B,-3.42%,$213,$130,$84,$0,$28,$191,$23,$-0,$22,$9,$13,$13,$13,$55,$23,$217,219,$0.06,$0.06,$4,$58,$0,$279,$373,$0,$24,$10,$407,$686,$74,$114,$10,$193,$267,$10,$411,$-9,$419,$686,$13,$32,$-2,$30,$-69,$-2,$-1,$1,$-55,$-11,$-8,$0,$0,$0,$0,$0,$0,$-8,$0,$24,$24,$-1,$-1,$-4,$0,$19,$-1,$1,$-4
35,2009-12-31,3.55,$1.85,1.92,$2.71,1.31,$1.44,2.46,$-0.10,0.0,$0.22B,$0.07B,3.24,$0.09B,$0.41B,0.22,$0.59B,$0.19B,33.05%,$0.59B,$-0.03B,-5.62%,$0.59B,$-0.03B,-5.62%,$0.59B,$0.10B,16.52%,$0.59B,$-0.03B,-5.62%,$0.59B,$-0.02B,-3.92%,$-0.02B,$0.41B,-5.40%,$-0.02B,$0.39B,-5.72%,$-0.02B,$0.65B,-3.38%,$-0.03B,$0.50B,-6.13%,$152,$102,$50,$0,$24,$159,$-7,$-0,$-7,$-2,$-5,$-5,$-5,$26,$-7,$217,217,$-0.03,$-0.03,$4,$56,$0,$219,$396,$0,$24,$9,$430,$649,$68,$90,$10,$172,$239,$15,$401,$-9,$410,$649,$-23,$131,$4,$134,$80,$-6,$-6,$3,$57,$169,$-61,$0,$0,$0,$0,$0,$0,$-61,$0,$-84,$-84,$-2,$-2,$-22,$1,$-106,$1,$4,$-22
36,2009-09-30,3.54,$1.89,1.88,$3.04,1.17,$1.03,3.45,$0.01,266.52,$0.20B,$0.06B,3.59,$0.10B,$0.42B,0.24,$0.66B,$0.24B,36.35%,$0.66B,$0.01B,1.66%,$0.66B,$0.01B,1.66%,$0.66B,$0.14B,20.97%,$0.66B,$0.01B,1.21%,$0.66B,$0.00B,0.30%,$0.00B,$0.42B,0.46%,$0.00B,$0.39B,0.49%,$0.00B,$0.66B,0.28%,$0.01B,$0.52B,1.93%,$132,$90,$42,$0,$23,$147,$-15,$0,$-15,$-4,$-10,$-10,$-10,$18,$-15,$217,217,$-0.05,$-0.05,$3,$55,$0,$203,$422,$0,$24,$9,$455,$658,$57,$102,$10,$184,$241,$10,$410,$-9,$417,$658,$-18,$98,$4,$101,$93,$-5,$-19,$5,$61,$145,$-54,$0,$0,$0,$0,$0,$0,$-54,$0,$-73,$-73,$-2,$-2,$-18,$1,$-91,$0,$3,$-18
37,2009-06-30,2.8,$1.94,1.44,$3.50,0.8,$0.60,4.68,$0.18,15.74,$0.21B,$0.06B,3.77,$0.12B,$0.43B,0.29,$0.77B,$0.30B,39.19%,$0.77B,$0.07B,9.11%,$0.77B,$0.07B,9.11%,$0.77B,$0.20B,25.52%,$0.77B,$0.07B,8.59%,$0.77B,$0.04B,4.95%,$0.04B,$0.43B,8.59%,$0.04B,$0.41B,9.09%,$0.04B,$0.68B,5.06%,$0.07B,$0.55B,11.73%,$127,$91,$36,$0,$23,$147,$-19,$0,$-19,$-8,$-12,$-12,$-12,$13,$-19,$217,217,$-0.05,$-0.05,$3,$54,$0,$206,$445,$0,$24,$8,$477,$683,$55,$124,$11,$198,$252,$10,$425,$-9,$430,$683,$-7,$64,$-6,$59,$89,$-4,$-23,$4,$52,$104,$-39,$0,$0,$0,$0,$0,$0,$-39,$0,$-51,$-51,$-2,$-2,$-14,$1,$-65,$-0,$2,$-14
38,2009-03-31,2.2,$2.01,1.09,$3.89,0.56,$0.27,8.18,$0.33,6.59,$0.24B,$0.07B,3.23,$0.13B,$0.45B,0.3,$0.86B,$0.36B,42.06%,$0.86B,$0.13B,14.84%,$0.86B,$0.13B,14.84%,$0.86B,$0.25B,29.21%,$0.86B,$0.12B,14.25%,$0.86B,$0.07B,8.41%,$0.07B,$0.45B,16.25%,$0.07B,$0.42B,17.19%,$0.07B,$0.73B,9.37%,$0.13B,$0.58B,20.75%,$176,$110,$66,$0,$28,$168,$8,$-0,$8,$4,$4,$4,$4,$40,$8,$216,218,$0.02,$0.02,$2,$57,$0,$235,$461,$0,$24,$7,$493,$728,$73,$133,$10,$209,$281,$10,$443,$-10,$446,$728,$4,$32,$-2,$30,$57,$-7,$-15,$2,$32,$66,$-17,$0,$0,$0,$0,$0,$0,$-17,$0,$-42,$-42,$-1,$-1,$-7,$0,$-50,$-1,$1,$-7
39,2008-12-31,3.17,$2.04,1.55,$3.97,0.8,$0.06,56.92,$0.38,8.39,$0.29B,$0.09B,3.17,$0.17B,$0.45B,0.39,$0.88B,$0.37B,42.65%,$0.88B,$0.14B,16.42%,$0.88B,$0.14B,16.42%,$0.88B,$0.26B,29.99%,$0.88B,$0.14B,15.74%,$0.88B,$0.08B,9.46%,$0.08B,$0.45B,19.08%,$0.08B,$0.43B,20.21%,$0.08B,$0.79B,10.77%,$0.14B,$0.62B,23.49%,$228,$131,$97,$0,$30,$191,$37,$-2,$34,$14,$20,$20,$20,$68,$37,$217,220,$0.09,$0.10,$3,$50,$0,$293,$470,$0,$24,$6,$501,$793,$92,$174,$12,$252,$344,$10,$445,$-10,$449,$793,$83,$118,$24,$142,$-35,$-20,$10,$-3,$-48,$177,$-159,$0,$0,$0,$0,$0,$0,$-159,$0,$18,$18,$-17,$-17,$-23,$1,$-22,$-3,$4,$-23
40,2008-09-30,4.51,$2.01,2.24,$3.78,1.19,$-0.47,0.0,$0.38,11.93,$0.29B,$0.11B,2.72,$0.19B,$0.45B,0.42,$0.84B,$0.36B,43.35%,$0.84B,$0.14B,17.01%,$0.84B,$0.14B,17.01%,$0.84B,$0.25B,30.30%,$0.84B,$0.14B,16.41%,$0.84B,$0.08B,9.94%,$0.08B,$0.45B,19.53%,$0.08B,$0.42B,20.71%,$0.08B,$0.80B,11.10%,$0.14B,$0.63B,23.73%,$237,$135,$102,$0,$30,$193,$44,$-2,$43,$17,$26,$26,$26,$75,$44,$218,221,$0.12,$0.12,$3,$41,$0,$290,$477,$0,$24,$10,$511,$801,$107,$186,$11,$250,$357,$10,$431,$-3,$445,$801,$63,$87,$14,$101,$-43,$-11,$13,$2,$-37,$127,$-129,$0,$0,$0,$0,$0,$0,$-129,$0,$29,$29,$-14,$-14,$-17,$1,$-1,$-3,$3,$-17
41,2008-06-30,5.35,$1.95,2.74,$3.44,1.55,$-0.88,0.0,$0.33,16.26,$0.25B,$0.09B,2.72,$0.18B,$0.43B,0.42,$0.76B,$0.33B,43.55%,$0.76B,$0.12B,16.18%,$0.76B,$0.12B,16.18%,$0.76B,$0.22B,29.47%,$0.76B,$0.12B,15.39%,$0.76B,$0.07B,9.47%,$0.07B,$0.43B,17.51%,$0.07B,$0.41B,18.59%,$0.07B,$0.75B,10.13%,$0.12B,$0.62B,21.36%,$215,$120,$95,$0,$29,$177,$38,$-1,$37,$14,$22,$22,$22,$67,$38,$218,221,$0.10,$0.10,$9,$36,$0,$248,$471,$0,$24,$10,$505,$753,$91,$183,$11,$230,$321,$10,$411,$-2,$432,$753,$37,$57,$-1,$55,$-17,$-6,$7,$1,$-3,$89,$-96,$0,$0,$0,$0,$0,$0,$-96,$0,$26,$26,$-5,$-5,$-12,$1,$10,$3,$2,$-12
42,2008-03-31,4.79,$1.87,2.56,$3.24,1.48,$-1.19,0.0,$0.33,14.37,$0.24B,$0.11B,2.2,$0.17B,$0.41B,0.41,$0.72B,$0.32B,44.55%,$0.72B,$0.12B,17.32%,$0.72B,$0.12B,17.32%,$0.72B,$0.21B,29.89%,$0.72B,$0.12B,16.62%,$0.72B,$0.07B,10.34%,$0.07B,$0.41B,18.59%,$0.07B,$0.39B,19.79%,$0.07B,$0.74B,10.96%,$0.12B,$0.58B,22.63%,$197,$118,$80,$0,$28,$172,$25,$-1,$24,$9,$15,$15,$15,$53,$25,$217,221,$0.07,$0.07,$11,$34,$0,$238,$466,$0,$24,$9,$499,$737,$108,$169,$10,$215,$323,$10,$394,$-2,$414,$737,$15,$27,$-0,$27,$2,$-5,$5,$-1,$5,$47,$-44,$0,$0,$0,$0,$0,$0,$-44,$0,$13,$13,$-5,$-5,$-6,$0,$2,$5,$1,$-6
43,2007-12-31,3.65,$1.86,1.97,$3.12,1.17,$-1.38,0.0,$0.40,9.23,$0.24B,$0.09B,2.59,$0.16B,$0.41B,0.38,$0.69B,$0.32B,46.81%,$0.69B,$0.14B,20.72%,$0.69B,$0.14B,20.72%,$0.69B,$0.22B,31.88%,$0.69B,$0.14B,20.14%,$0.69B,$0.09B,12.61%,$0.09B,$0.41B,22.64%,$0.09B,$0.39B,24.15%,$0.09B,$0.70B,13.85%,$0.14B,$0.57B,27.93%,$186,$101,$85,$0,$29,$152,$35,$-1,$33,$13,$20,$20,$20,$58,$35,$217,221,$0.09,$0.09,$6,$30,$0,$235,$433,$0,$24,$9,$466,$701,$91,$156,$11,$201,$292,$10,$385,$-3,$409,$701,$87,$78,$12,$90,$-27,$-8,$8,$-6,$-35,$142,$-240,$0,$0,$0,$0,$0,$0,$-240,$0,$121,$121,$-1,$-1,$-19,$1,$101,$4,$3,$-19
44,2007-09-30,4.39,$1.77,2.48,$3.00,1.46,$-1.08,0.0,$0.44,10.08,$0.22B,$0.08B,2.76,$0.15B,$0.39B,0.38,$0.66B,$0.32B,48.34%,$0.66B,$0.16B,23.34%,$0.66B,$0.16B,23.34%,$0.66B,$0.22B,33.43%,$0.66B,$0.15B,23.04%,$0.66B,$0.10B,14.61%,$0.10B,$0.39B,26.52%,$0.10B,$0.37B,28.38%,$0.10B,$0.65B,16.95%,$0.16B,$0.54B,33.46%,$162,$91,$71,$0,$26,$137,$25,$-1,$23,$9,$15,$15,$15,$46,$25,$217,221,$0.07,$0.07,$10,$28,$0,$217,$404,$0,$24,$6,$434,$651,$79,$149,$11,$182,$260,$10,$370,$-5,$390,$651,$67,$55,$1,$56,$-12,$-7,$1,$-4,$-23,$100,$-191,$0,$0,$0,$0,$0,$0,$-191,$0,$113,$113,$-1,$-1,$-15,$1,$99,$7,$2,$-15
45,2007-06-30,5.23,$1.72,3.04,$2.97,1.76,$-0.68,0.0,$0.50,10.47,$0.21B,$0.08B,2.62,$0.13B,$0.38B,0.33,$0.66B,$0.33B,50.30%,$0.66B,$0.18B,26.98%,$0.66B,$0.18B,26.98%,$0.66B,$0.23B,35.67%,$0.66B,$0.18B,26.98%,$0.66B,$0.11B,16.92%,$0.11B,$0.38B,32.20%,$0.11B,$0.36B,34.61%,$0.11B,$0.61B,21.53%,$0.18B,$0.50B,43.52%,$171,$88,$83,$0,$27,$132,$39,$0,$39,$15,$24,$24,$24,$57,$39,$217,222,$0.11,$0.11,$5,$25,$0,$211,$371,$0,$24,$6,$401,$612,$80,$125,$9,$152,$232,$10,$360,$-5,$379,$612,$52,$34,$-3,$31,$-17,$-4,$-2,$-5,$-30,$52,$-130,$0,$0,$0,$0,$0,$0,$-130,$0,$90,$90,$-1,$-1,$-10,$1,$80,$2,$2,$-10
46,2007-03-31,5.08,$1.63,3.12,$2.85,1.78,$-0.36,0.0,$0.52,9.83,$0.20B,$0.08B,2.53,$0.08B,$0.36B,0.22,$0.63B,$0.32B,51.19%,$0.63B,$0.18B,28.84%,$0.63B,$0.18B,28.84%,$0.63B,$0.23B,36.93%,$0.63B,$0.18B,29.00%,$0.63B,$0.12B,18.23%,$0.12B,$0.36B,35.94%,$0.12B,$0.34B,38.85%,$0.12B,$0.55B,25.30%,$0.18B,$0.44B,51.89%,$171,$88,$84,$0,$26,$127,$44,$0,$44,$16,$28,$28,$28,$59,$44,$216,221,$0.13,$0.13,$4,$24,$0,$203,$314,$0,$24,$6,$344,$548,$80,$79,$9,$108,$188,$10,$341,$-6,$359,$548,$28,$15,$1,$16,$-14,$-3,$6,$-7,$-20,$24,$-62,$0,$0,$0,$0,$0,$0,$-62,$0,$44,$44,$-1,$-1,$-5,$1,$39,$1,$1,$-5
47,2006-12-31,5.12,$1.53,3.34,$2.69,1.9,$-0.20,0.0,$0.50,10.23,$0.19B,$0.08B,2.49,$0.04B,$0.34B,0.11,$0.60B,$0.31B,51.85%,$0.60B,$0.18B,29.87%,$0.60B,$0.18B,29.87%,$0.60B,$0.22B,37.58%,$0.60B,$0.18B,30.03%,$0.60B,$0.11B,18.79%,$0.11B,$0.34B,38.10%,$0.11B,$0.31B,41.48%,$0.11B,$0.48B,27.98%,$0.18B,$0.37B,58.41%,$160,$78,$83,$0,$24,$113,$47,$0,$47,$18,$30,$30,$30,$60,$47,$214,221,$0.14,$0.14,$3,$21,$0,$186,$263,$0,$24,$5,$292,$478,$75,$36,$11,$68,$143,$10,$318,$-6,$335,$478,$111,$47,$-2,$45,$-41,$-8,$9,$-2,$-37,$118,$-151,$0,$0,$0,$0,$0,$0,$-151,$0,$36,$36,$-1,$-1,$-13,$1,$23,$-10,$2,$-13
