,Date,Stock Price,Book Value per Share,Price to Book Ratio,TTM Sales per Share,Price to Sales Ratio,TTM FCF per Share,Price to FCF Ratio,TTM Net EPS,PE Ratio,Current Assets,Current Liabilities,Current Ratio,Long Term Debt,Shareholder's Equity_x,Debt to Equity Ratio,TTM Revenue_x,TTM Gross Profit,Gross Margin,TTM Revenue_y,TTM Operating Income,Operating Margin,TTM Revenue_x,TTM EBIT,EBIT Margin,TTM Revenue_y,TTM EBITDA,EBITDA Margin,TTM Revenue_x,TTM Pre-Tax Income,Pre-Tax Margin,TTM Revenue_y,TTM Net Income_x,Net Margin,TTM Net Income_y,Shareholder's Equity_y,Return on Equity,TTM Net Income_x,Tangible Equity,Return on Tangible Equity,TTM Net Income_y,Total Assets,Return on Assets,TTM Net Income,LT Investments & Debt,Return on Investment,revenue,cost-goods-sold,gross-profit,research-development-expenses,selling-general-administrative-expenses,operating-expenses,operating-income,total-non-operating-income-expense,pre-tax-income,total-provision-income-taxes,income-after-taxes,income-from-continuous-operations,net-income,ebitda,ebit,basic-shares-outstanding,shares-outstanding,eps-basic-net-earnings-per-share,eps-earnings-per-share-diluted,cash-on-hand,inventory,other-current-assets,total-current-assets,net-property-plant-equipment,long-term-investments,goodwill-intangible-assets-total,other-long-term-assets,total-long-term-assets,total-assets,total-current-liabilities,long-term-debt,other-non-current-liabilities,total-long-term-liabilities,total-liabilities,common-stock-net,retained-earnings-accumulated-deficit,comprehensive-income,total-share-holder-equity,total-liabilities-share-holders-equity,net-income-loss,total-depreciation-amortization-cash-flow,other-non-cash-items,total-non-cash-items,change-in-accounts-receivable,change-in-inventories,change-in-accounts-payable,change-in-assets-liabilities,total-change-in-assets-liabilities,cash-flow-from-operating-activities,net-change-in-property-plant-equipment,net-change-in-intangible-assets,net-acquisitions-divestitures,net-change-in-short-term-investments,net-change-in-long-term-investments,net-change-in-investments-total,investing-activities-other,cash-flow-from-investing-activities,net-long-term-debt,net-current-debt,debt-issuance-retirement-net-total,net-common-equity-issued-repurchased,net-total-equity-issued-repurchased,total-common-preferred-stock-dividends-paid,financial-activities-other,cash-flow-from-financial-activities,net-cash-flow,stock-based-compensation,common-stock-dividends-paid
0,2018-09-30,12.95,$20.04,0.65,$40.22,0.32,$5.13,2.53,$2.27,5.7,$1.35B,$0.53B,2.56,$0.64B,$1.81B,0.36,$3.72B,$1.21B,32.56%,$3.72B,$0.36B,9.78%,$3.72B,$0.36B,9.78%,$3.72B,$0.58B,15.48%,$3.72B,$0.35B,9.30%,$3.72B,$0.21B,5.70%,$0.21B,$1.81B,12.62%,$0.21B,$1.67B,13.81%,$0.21B,$4.15B,5.16%,$0.36B,$2.45B,15.16%,$974,$628,$346,$0,$157,$839,$135,$15,$150,$33,$117,$117,$117,$189,$135,$91,93,$1.28,$1.25,$72,$511,$287,$1347,$1545,$0,$143,$186,$2798,$4145,$527,$644,$73,$1808,$2335,$0,$-1095,$-774,$1810,$4145,$199,$161,$-6,$155,$-6,$-54,$0,$-4,$-3,$351,$-94,$0,$0,$0,$0,$0,$-53,$-147,$-144,$0,$-144,$0,$0,$0,$-1,$-145,$58,$6,$0
1,2018-06-30,10.35,$18.74,0.55,$39.45,0.26,$1.97,5.25,$1.28,8.09,$1.11B,$0.44B,2.52,$0.67B,$1.69B,0.4,$3.63B,$1.12B,30.91%,$3.63B,$0.28B,7.57%,$3.63B,$0.28B,7.57%,$3.63B,$0.49B,13.35%,$3.63B,$0.24B,6.52%,$3.63B,$0.12B,3.28%,$0.12B,$1.69B,7.28%,$0.12B,$1.55B,7.99%,$0.12B,$4.03B,2.88%,$0.28B,$2.37B,11.45%,$976,$639,$337,$0,$165,$855,$121,$-2,$119,$47,$72,$72,$72,$175,$121,$91,93,$0.79,$0.77,$6,$547,$39,$1108,$1669,$0,$144,$163,$2917,$4025,$439,$674,$71,$1894,$2333,$0,$-1212,$-774,$1692,$4025,$82,$107,$10,$117,$17,$-20,$0,$6,$21,$220,$-51,$0,$0,$0,$0,$0,$-58,$-109,$0,$-114,$-114,$0,$0,$0,$-1,$-115,$-6,$5,$0
2,2018-03-31,8.3,$17.90,0.46,$38.48,0.22,$-0.46,0.0,$-0.31,0.0,$1.08B,$0.45B,2.43,$0.78B,$1.62B,0.48,$3.52B,$1.00B,28.39%,$3.52B,$0.11B,3.02%,$3.52B,$0.11B,3.02%,$3.52B,$0.31B,8.88%,$3.52B,$0.06B,1.82%,$3.52B,$-0.03B,-0.77%,$-0.03B,$1.62B,-1.67%,$-0.03B,$1.47B,-1.84%,$-0.03B,$4.12B,-0.65%,$0.11B,$2.39B,4.37%,$874,$614,$260,$0,$159,$826,$48,$-7,$41,$31,$10,$10,$10,$101,$48,$91,93,$0.11,$0.11,$13,$577,$32,$1083,$1684,$0,$145,$187,$3039,$4122,$445,$778,$66,$2061,$2506,$0,$-1284,$-777,$1616,$4122,$10,$53,$8,$61,$19,$-50,$0,$-6,$-9,$62,$-25,$0,$0,$0,$0,$0,$-21,$-46,$-9,$0,$-9,$0,$0,$0,$-1,$-10,$5,$3,$0
3,2017-12-31,11.05,$17.74,0.62,$38.75,0.29,$-2.06,0.0,$-0.94,0.0,$1.04B,$0.42B,2.48,$0.79B,$1.60B,0.49,$3.51B,$0.94B,26.73%,$3.51B,$0.05B,1.39%,$3.51B,$0.05B,1.39%,$3.51B,$0.25B,7.20%,$3.51B,$0.01B,0.17%,$3.51B,$-0.08B,-2.39%,$-0.08B,$1.60B,-5.16%,$-0.08B,$1.45B,-5.67%,$-0.08B,$4.15B,-1.99%,$0.05B,$2.39B,1.99%,$898,$629,$269,$0,$164,$838,$60,$-24,$36,$21,$15,$15,$13,$111,$60,$91,91,$0.14,$0.15,$6,$526,$33,$1044,$1716,$0,$146,$165,$3103,$4147,$421,$788,$68,$2126,$2547,$0,$-1294,$-780,$1600,$4147,$-78,$204,$51,$255,$-37,$23,$0,$12,$-19,$158,$-143,$0,$0,$0,$0,$0,$-49,$-192,$18,$0,$18,$0,$0,$0,$-15,$3,$-29,$15,$0
4,2017-09-30,5.05,$18.14,0.28,$38.72,0.13,$-4.03,0.0,$-1.58,0.0,$1.10B,$0.45B,2.44,$0.83B,$1.63B,0.51,$3.50B,$0.87B,24.80%,$3.50B,$-0.03B,-0.83%,$3.50B,$-0.03B,-0.83%,$3.50B,$0.17B,4.94%,$3.50B,$-0.06B,-1.83%,$3.50B,$-0.14B,-4.05%,$-0.14B,$1.63B,-8.57%,$-0.14B,$1.48B,-9.42%,$-0.14B,$4.23B,-3.34%,$-0.03B,$2.46B,-1.17%,$885,$628,$257,$0,$153,$839,$46,$-5,$41,$15,$26,$26,$24,$98,$46,$91,92,$0.27,$0.26,$38,$555,$53,$1095,$1737,$0,$147,$163,$3137,$4232,$449,$832,$64,$2154,$2603,$0,$-1307,$-749,$1629,$4232,$-93,$153,$19,$172,$-6,$18,$0,$-4,$20,$99,$-136,$0,$0,$0,$0,$0,$-32,$-168,$69,$0,$69,$0,$0,$0,$0,$69,$6,$8,$0
5,2017-06-30,4.4,$17.93,0.25,$38.88,0.11,$-5.02,0.0,$-1.69,0.0,$1.04B,$0.42B,2.49,$0.84B,$1.61B,0.52,$3.51B,$0.82B,23.35%,$3.51B,$-0.07B,-1.85%,$3.51B,$-0.07B,-1.85%,$3.51B,$0.14B,3.88%,$3.51B,$-0.10B,-2.97%,$3.51B,$-0.15B,-4.33%,$-0.15B,$1.61B,-8.77%,$-0.15B,$1.46B,-9.62%,$-0.15B,$4.17B,-3.56%,$-0.07B,$2.45B,-2.56%,$858,$646,$212,$0,$145,$906,$-48,$-6,$-54,$19,$-73,$-73,$-74,$2,$-48,$90,90,$-0.82,$-0.82,$44,$550,$39,$1042,$1779,$0,$148,$138,$3129,$4171,$419,$839,$57,$2142,$2561,$0,$-1331,$-740,$1610,$4171,$-119,$101,$55,$156,$35,$10,$0,$5,$23,$60,$-116,$0,$0,$0,$0,$0,$-16,$-132,$0,$77,$77,$0,$0,$0,$0,$77,$8,$7,$0
6,2017-03-31,5.45,$18.64,0.29,$39.30,0.14,$-4.74,0.0,$-1.34,0.0,$1.14B,$0.47B,2.42,$0.88B,$1.67B,0.53,$3.54B,$0.83B,23.45%,$3.54B,$-0.04B,-0.99%,$3.54B,$-0.04B,-0.99%,$3.54B,$0.17B,4.80%,$3.54B,$-0.08B,-2.18%,$3.54B,$-0.12B,-3.39%,$-0.12B,$1.67B,-6.63%,$-0.12B,$1.53B,-7.26%,$-0.12B,$4.34B,-2.80%,$-0.04B,$2.55B,-1.37%,$872,$671,$201,$0,$152,$881,$-9,$-8,$-17,$29,$-46,$-46,$-47,$42,$-9,$90,90,$-0.52,$-0.52,$39,$608,$36,$1137,$1866,$0,$149,$129,$3198,$4335,$469,$880,$56,$2192,$2661,$0,$-1257,$-746,$1674,$4335,$-46,$51,$6,$57,$-11,$-40,$0,$0,$-50,$-39,$-69,$0,$0,$0,$0,$0,$-5,$-74,$118,$0,$118,$0,$0,$0,$0,$118,$5,$4,$0
7,2016-12-31,5.35,$19.05,0.28,$39.42,0.14,$-3.94,0.0,$-0.91,0.0,$1.08B,$0.47B,2.32,$0.76B,$1.71B,0.45,$3.55B,$0.83B,23.39%,$3.55B,$-0.03B,-0.73%,$3.55B,$-0.03B,-0.73%,$3.55B,$0.18B,5.08%,$3.55B,$-0.06B,-1.61%,$3.55B,$-0.08B,-2.28%,$-0.08B,$1.71B,-4.32%,$-0.08B,$1.56B,-4.71%,$-0.08B,$4.28B,-1.89%,$-0.03B,$2.47B,-1.02%,$889,$690,$199,$0,$143,$907,$-18,$-16,$-34,$10,$-44,$-44,$-45,$31,$-18,$90,90,$-0.50,$-0.49,$35,$570,$35,$1081,$1842,$0,$151,$164,$3196,$4277,$467,$761,$55,$2099,$2566,$0,$-1207,$-755,$1711,$4277,$-76,$206,$-45,$161,$26,$-37,$0,$10,$-4,$81,$-244,$0,$-6,$0,$0,$0,$-23,$-273,$170,$0,$170,$0,$0,$0,$-1,$169,$-23,$11,$0
8,2016-09-30,4.73,$21.63,0.22,$39.21,0.12,$-2.64,0.0,$-2.80,0.0,$1.11B,$0.48B,2.33,$0.73B,$1.94B,0.38,$3.55B,$0.80B,22.39%,$3.55B,$-0.23B,-6.59%,$3.55B,$-0.23B,-6.59%,$3.55B,$-0.02B,-0.45%,$3.55B,$-0.26B,-7.30%,$3.55B,$-0.25B,-7.04%,$-0.25B,$1.94B,-12.92%,$-0.25B,$1.78B,-14.10%,$-0.25B,$4.31B,-5.86%,$-0.23B,$2.66B,-9.11%,$888,$681,$207,$0,$146,$878,$10,$-9,$1,$-14,$15,$15,$14,$61,$10,$90,90,$0.16,$0.15,$55,$561,$45,$1109,$1839,$0,$160,$182,$3203,$4312,$477,$726,$55,$1899,$2376,$0,$-1162,$-572,$1936,$4312,$-32,$157,$-70,$87,$21,$-27,$0,$-5,$-4,$51,$-177,$0,$0,$0,$0,$0,$-12,$-189,$135,$0,$135,$0,$0,$0,$-1,$134,$-3,$8,$0
9,2016-06-30,5.29,$21.40,0.25,$39.32,0.13,$-1.61,0.0,$-3.02,0.0,$1.09B,$0.47B,2.29,$0.61B,$1.92B,0.32,$3.57B,$0.81B,22.60%,$3.57B,$-0.24B,-6.67%,$3.57B,$-0.24B,-6.67%,$3.57B,$-0.01B,-0.34%,$3.57B,$-0.26B,-7.40%,$3.57B,$-0.27B,-7.57%,$-0.27B,$1.92B,-13.73%,$-0.27B,$1.75B,-14.76%,$-0.27B,$4.25B,-6.24%,$-0.24B,$2.53B,-9.27%,$891,$668,$223,$0,$150,$909,$-18,$-9,$-27,$13,$-40,$-40,$-42,$36,$-18,$90,90,$-0.47,$-0.47,$40,$547,$48,$1086,$1801,$0,$162,$171,$3159,$4245,$474,$610,$56,$1856,$2330,$0,$-1176,$-576,$1915,$4245,$-47,$106,$-2,$104,$19,$-13,$0,$-4,$12,$69,$-99,$0,$0,$0,$0,$0,$-8,$-107,$-1,$20,$19,$0,$0,$0,$0,$19,$-18,$6,$0
10,2016-03-31,5.51,$21.74,0.25,$39.24,0.14,$-1.16,0.0,$-2.59,0.0,$1.12B,$0.47B,2.41,$0.61B,$1.95B,0.31,$3.60B,$0.82B,22.68%,$3.60B,$-0.20B,-5.66%,$3.60B,$-0.20B,-5.66%,$3.60B,$0.03B,0.78%,$3.60B,$-0.23B,-6.41%,$3.60B,$-0.23B,-6.44%,$-0.23B,$1.95B,-11.57%,$-0.23B,$1.78B,-12.25%,$-0.23B,$4.29B,-5.23%,$-0.20B,$2.56B,-7.84%,$877,$677,$200,$0,$150,$877,$0,$3,$3,$10,$-7,$-7,$-8,$52,$0,$90,90,$-0.09,$-0.09,$37,$562,$50,$1121,$1811,$0,$162,$163,$3168,$4289,$465,$610,$55,$1878,$2343,$0,$-1134,$-582,$1946,$4289,$-7,$52,$-26,$26,$-12,$-20,$0,$-3,$-13,$6,$-42,$0,$0,$0,$0,$0,$-6,$-48,$20,$0,$20,$0,$0,$0,$0,$20,$-21,$3,$0
11,2015-12-31,7.57,$21.73,0.35,$39.14,0.19,$-0.87,0.0,$-2.85,0.0,$1.11B,$0.44B,2.54,$0.59B,$1.95B,0.3,$3.65B,$0.82B,22.47%,$3.65B,$-0.22B,-6.01%,$3.65B,$-0.22B,-6.01%,$3.65B,$0.02B,0.49%,$3.65B,$-0.26B,-7.02%,$3.65B,$-0.26B,-7.05%,$-0.26B,$1.95B,-12.57%,$-0.26B,$1.78B,-13.13%,$-0.26B,$4.22B,-5.65%,$-0.22B,$2.54B,-8.30%,$894,$729,$165,$0,$157,$1120,$-226,$-10,$-236,$-23,$-213,$-213,$-214,$-165,$-226,$92,92,$-2.32,$-2.32,$58,$541,$43,$1111,$1810,$0,$164,$153,$3109,$4220,$437,$590,$60,$1838,$2275,$0,$-1126,$-587,$1945,$4220,$-255,$237,$143,$380,$87,$10,$0,$1,$13,$138,$-185,$0,$-159,$0,$0,$0,$-8,$-352,$0,$0,$0,$-59,$-59,$0,$-3,$-62,$-279,$12,$0
12,2015-09-30,8.31,$23.05,0.36,$40.62,0.2,$-0.44,0.0,$-1.61,0.0,$1.37B,$0.47B,2.92,$0.60B,$2.06B,0.29,$3.81B,$0.92B,24.12%,$3.81B,$-0.09B,-2.26%,$3.81B,$-0.09B,-2.26%,$3.81B,$0.15B,3.91%,$3.81B,$-0.15B,-3.94%,$3.81B,$-0.15B,-3.99%,$-0.15B,$2.06B,-7.28%,$-0.15B,$2.00B,-7.50%,$-0.15B,$4.55B,-3.22%,$-0.09B,$2.65B,-3.21%,$905,$687,$218,$0,$151,$899,$6,$-10,$-4,$2,$-6,$-6,$-6,$65,$6,$91,91,$-0.07,$-0.07,$235,$535,$63,$1368,$1932,$0,$60,$160,$3180,$4548,$468,$596,$67,$2022,$2490,$0,$-912,$-686,$2058,$4548,$-42,$176,$-27,$149,$24,$4,$0,$0,$-17,$90,$-123,$0,$0,$0,$0,$0,$-5,$-128,$0,$0,$0,$-59,$-59,$0,$-3,$-62,$-102,$10,$0
13,2015-06-30,11.25,$22.63,0.5,$42.27,0.27,$-0.67,0.0,$-2.77,0.0,$1.46B,$0.47B,3.08,$0.60B,$2.07B,0.29,$4.00B,$0.98B,24.52%,$4.00B,$-0.13B,-3.30%,$4.00B,$-0.13B,-3.30%,$4.00B,$0.10B,2.60%,$4.00B,$-0.26B,-6.58%,$4.00B,$-0.26B,-6.55%,$-0.26B,$2.07B,-11.67%,$-0.26B,$2.01B,-12.00%,$-0.26B,$4.69B,-5.41%,$-0.13B,$2.67B,-4.65%,$926,$692,$234,$0,$158,$910,$16,$-10,$6,$10,$-4,$-4,$-4,$76,$16,$94,94,$-0.04,$-0.04,$303,$537,$65,$1455,$1944,$0,$61,$126,$3234,$4689,$472,$596,$71,$2144,$2616,$0,$-906,$-697,$2073,$4689,$-36,$117,$-5,$112,$53,$3,$0,$-1,$14,$90,$-79,$0,$0,$0,$0,$0,$-4,$-83,$0,$0,$0,$-37,$-37,$0,$-3,$-40,$-34,$8,$0
14,2015-03-31,17.25,$22.15,0.78,$43.97,0.39,$-1.42,0.0,$-2.75,0.0,$1.50B,$0.49B,3.08,$0.60B,$2.10B,0.28,$4.16B,$1.03B,24.63%,$4.16B,$-0.16B,-3.75%,$4.16B,$-0.16B,-3.75%,$4.16B,$0.08B,1.97%,$4.16B,$-0.27B,-6.44%,$4.16B,$-0.26B,-6.25%,$-0.26B,$2.10B,-10.66%,$-0.26B,$2.04B,-10.95%,$-0.26B,$4.75B,-5.21%,$-0.16B,$2.70B,-5.14%,$920,$718,$202,$0,$154,$935,$-15,$-7,$-22,$10,$-32,$-32,$-33,$42,$-15,$95,95,$-0.35,$-0.35,$324,$563,$51,$1504,$1956,$0,$62,$125,$3242,$4746,$488,$596,$68,$2158,$2646,$0,$-902,$-708,$2100,$4746,$-32,$57,$18,$75,$38,$-21,$0,$-5,$-14,$29,$-40,$0,$0,$0,$0,$0,$0,$-40,$0,$0,$0,$0,$0,$0,$0,$0,$-13,$5,$0
15,2014-12-31,17.61,$22.33,0.79,$45.01,0.39,$-2.11,0.0,$-2.93,0.0,$1.46B,$0.52B,2.82,$0.59B,$2.12B,0.28,$4.26B,$1.02B,23.91%,$4.26B,$-0.17B,-4.09%,$4.26B,$-0.17B,-4.09%,$4.26B,$0.07B,1.62%,$4.26B,$-0.30B,-7.14%,$4.26B,$-0.28B,-6.51%,$-0.28B,$2.12B,-10.59%,$-0.28B,$2.06B,-10.85%,$-0.28B,$4.91B,-5.42%,$-0.17B,$2.71B,-5.42%,$1055,$791,$264,$0,$167,$1148,$-93,$-37,$-130,$-22,$-108,$-108,$-109,$-34,$-93,$95,95,$-1.15,$-1.15,$337,$542,$46,$1464,$1985,$0,$62,$114,$3450,$4914,$519,$589,$70,$2278,$2797,$0,$-869,$-718,$2117,$4914,$-274,$243,$177,$420,$106,$-31,$0,$9,$40,$186,$-193,$0,$0,$0,$0,$0,$32,$-161,$-2,$0,$-2,$0,$0,$-4,$-1,$-7,$15,$6,$-4
16,2014-09-30,15.64,$28.48,0.55,$46.00,0.34,$-1.52,0.0,$-1.81,0.0,$1.55B,$0.58B,2.66,$0.60B,$2.69B,0.22,$4.35B,$1.03B,23.66%,$4.35B,$-0.07B,-1.68%,$4.35B,$-0.07B,-1.68%,$4.35B,$0.17B,3.95%,$4.35B,$-0.20B,-4.55%,$4.35B,$-0.17B,-3.93%,$-0.17B,$2.69B,-6.11%,$-0.17B,$2.63B,-6.26%,$-0.17B,$5.04B,-3.27%,$-0.07B,$3.29B,-2.15%,$1096,$816,$280,$0,$175,$1136,$-40,$-77,$-117,$-1,$-116,$-116,$-116,$20,$-40,$95,95,$-1.23,$-1.23,$265,$563,$79,$1551,$2098,$0,$63,$150,$3485,$5036,$583,$597,$63,$1759,$2342,$0,$-760,$-253,$2694,$5036,$-166,$184,$76,$260,$35,$-44,$0,$-5,$-14,$80,$-136,$0,$0,$0,$0,$0,$3,$-133,$-1,$0,$-1,$0,$0,$0,$-1,$-2,$-57,$3,$0
17,2014-06-30,16.78,$30.04,0.56,$46.36,0.36,$-1.08,0.0,$-6.80,0.0,$1.55B,$0.59B,2.63,$0.60B,$2.84B,0.21,$4.39B,$1.02B,23.32%,$4.39B,$0.00B,0.07%,$4.39B,$0.00B,0.07%,$4.39B,$0.25B,5.68%,$4.39B,$-0.05B,-1.19%,$4.39B,$-0.64B,-14.66%,$-0.64B,$2.84B,-23.30%,$-0.64B,$2.78B,-23.86%,$-0.64B,$5.25B,-11.99%,$0.00B,$3.44B,0.09%,$1091,$812,$279,$0,$175,$1099,$-8,$9,$1,$1,$0,$0,$-2,$54,$-8,$95,95,$-0.02,$-0.02,$263,$579,$62,$1546,$2184,$0,$64,$216,$3701,$5247,$589,$597,$48,$1816,$2405,$0,$-644,$-220,$2842,$5247,$-50,$124,$-30,$94,$36,$-55,$0,$-8,$-22,$22,$-82,$0,$0,$0,$0,$0,$2,$-80,$-1,$0,$-1,$0,$0,$0,$-1,$-2,$-59,$2,$0
18,2014-03-31,20.09,$29.74,0.68,$46.51,0.43,$-0.85,0.0,$-7.23,0.0,$1.52B,$0.58B,2.64,$0.60B,$2.81B,0.21,$4.40B,$0.99B,22.53%,$4.40B,$0.01B,0.32%,$4.40B,$0.01B,0.32%,$4.40B,$0.26B,5.88%,$4.40B,$-0.13B,-2.91%,$4.40B,$-0.68B,-15.53%,$-0.68B,$2.81B,-24.24%,$-0.68B,$2.75B,-24.82%,$-0.68B,$5.26B,-12.24%,$0.01B,$3.41B,0.41%,$1016,$821,$195,$0,$156,$1049,$-33,$-25,$-58,$-8,$-50,$-50,$-50,$29,$-33,$95,95,$-0.53,$-0.53,$240,$592,$51,$1519,$2256,$0,$65,$208,$3738,$5257,$575,$597,$60,$1869,$2444,$0,$-642,$-247,$2813,$5257,$-50,$62,$-27,$35,$29,$-63,$0,$0,$-26,$-41,$-36,$0,$0,$0,$0,$0,$2,$-34,$-1,$0,$-1,$0,$0,$0,$0,$-1,$-82,$0,$0
19,2013-12-31,16.02,$30.04,0.53,$47.09,0.34,$-0.66,0.0,$-6.75,0.0,$1.56B,$0.57B,2.76,$0.60B,$2.84B,0.21,$4.46B,$1.02B,22.75%,$4.46B,$-0.00B,-0.04%,$4.46B,$-0.00B,-0.04%,$4.46B,$0.24B,5.40%,$4.46B,$-0.12B,-2.58%,$4.46B,$-0.64B,-14.32%,$-0.64B,$2.84B,-22.05%,$-0.64B,$2.77B,-22.57%,$-0.64B,$5.39B,-10.96%,$-0.00B,$3.44B,-0.06%,$1150,$874,$276,$0,$174,$1142,$8,$-32,$-24,$-22,$-2,$-2,$-3,$69,$8,$95,95,$-0.03,$-0.03,$322,$529,$45,$1562,$2289,$0,$66,$202,$3823,$5385,$567,$597,$62,$1979,$2546,$0,$-592,$-271,$2839,$5385,$-639,$243,$554,$797,$62,$16,$0,$7,$48,$206,$-157,$0,$0,$0,$0,$0,$6,$-151,$91,$0,$91,$0,$0,$-2,$-85,$4,$59,$7,$-2
20,2013-09-30,13.22,$26.94,0.49,$46.52,0.28,$-0.19,0.0,$-7.10,0.0,$1.63B,$0.57B,2.87,$0.60B,$2.55B,0.23,$4.44B,$0.99B,22.28%,$4.44B,$-0.06B,-1.42%,$4.44B,$-0.06B,-1.42%,$4.44B,$0.18B,4.01%,$4.44B,$-0.16B,-3.58%,$4.44B,$-0.68B,-15.27%,$-0.68B,$2.55B,-22.83%,$-0.68B,$2.48B,-23.36%,$-0.68B,$5.56B,-11.18%,$-0.06B,$3.14B,-1.78%,$1130,$857,$273,$0,$172,$1094,$36,$-7,$29,$617,$-588,$-588,$-588,$97,$36,$95,95,$-6.22,$-6.22,$271,$528,$81,$1628,$2330,$0,$66,$191,$3927,$5555,$567,$597,$65,$2442,$3009,$0,$-589,$-565,$2546,$5555,$-637,$182,$583,$765,$-8,$12,$0,$-17,$-18,$110,$-124,$0,$0,$0,$0,$0,$11,$-113,$97,$0,$97,$0,$0,$-1,$-85,$11,$8,$5,$-1
21,2013-06-30,13.17,$32.59,0.4,$46.33,0.28,$0.88,14.99,$-0.56,0.0,$1.60B,$0.55B,2.91,$0.60B,$3.09B,0.2,$4.46B,$0.98B,21.94%,$4.46B,$-0.07B,-1.52%,$4.46B,$-0.07B,-1.52%,$4.46B,$0.17B,3.83%,$4.46B,$-0.16B,-3.47%,$4.46B,$-0.05B,-1.19%,$-0.05B,$3.09B,-1.66%,$-0.05B,$3.02B,-1.69%,$-0.05B,$6.15B,-0.84%,$-0.07B,$3.69B,-1.81%,$1107,$859,$248,$0,$174,$1104,$3,$-78,$-75,$-31,$-44,$-44,$-43,$64,$3,$95,95,$-0.45,$-0.45,$248,$525,$79,$1604,$2354,$0,$67,$191,$4544,$6148,$552,$602,$66,$2506,$3058,$0,$-1,$-609,$3090,$6148,$-49,$121,$-8,$113,$-5,$14,$0,$-9,$-16,$48,$-86,$0,$0,$0,$0,$0,$11,$-75,$97,$0,$97,$0,$0,$0,$-85,$12,$-15,$4,$0
22,2013-03-31,16.18,$32.90,0.49,$46.46,0.35,$2.44,6.63,$-0.31,0.0,$1.63B,$0.60B,2.74,$0.53B,$3.12B,0.17,$4.52B,$1.02B,22.51%,$4.52B,$-0.10B,-2.28%,$4.52B,$-0.10B,-2.28%,$4.52B,$0.13B,2.94%,$4.52B,$-0.14B,-3.10%,$4.52B,$-0.03B,-0.60%,$-0.03B,$3.12B,-0.82%,$-0.03B,$3.05B,-0.84%,$-0.03B,$6.23B,-0.42%,$-0.10B,$3.65B,-2.67%,$1074,$856,$218,$0,$167,$1123,$-49,$4,$-45,$-40,$-5,$-5,$-5,$11,$-49,$95,95,$-0.05,$-0.05,$215,$584,$71,$1632,$2386,$0,$68,$188,$4599,$6231,$595,$529,$69,$2517,$3112,$0,$33,$-613,$3119,$6231,$-5,$60,$-30,$30,$-9,$-39,$0,$-15,$-45,$-20,$-40,$0,$0,$0,$0,$0,$5,$-35,$-1,$0,$-1,$0,$0,$0,$8,$7,$-48,$2,$0
23,2012-12-31,13.24,$32.96,0.4,$45.99,0.29,$3.26,4.06,$-0.03,0.0,$1.63B,$0.58B,2.8,$0.53B,$3.13B,0.17,$4.50B,$1.02B,22.61%,$4.50B,$-0.03B,-0.62%,$4.50B,$-0.03B,-0.62%,$4.50B,$0.21B,4.55%,$4.50B,$-0.07B,-1.60%,$4.50B,$0.00B,0.02%,$0.00B,$3.13B,0.03%,$0.00B,$3.06B,0.03%,$0.00B,$6.33B,0.02%,$-0.03B,$3.66B,-0.70%,$1128,$878,$250,$0,$164,$1181,$-53,$-15,$-68,$-27,$-41,$-41,$-42,$6,$-53,$97,98,$-0.43,$-0.43,$263,$558,$56,$1630,$2440,$0,$69,$194,$4703,$6333,$583,$532,$72,$2625,$3208,$0,$47,$-614,$3125,$6333,$-33,$233,$12,$245,$91,$-21,$0,$-5,$54,$266,$-169,$0,$-10,$0,$0,$0,$104,$-75,$-198,$0,$-198,$-67,$-67,$-5,$-27,$-297,$-106,$5,$-5
24,2012-09-30,13.0,$35.84,0.36,$46.23,0.28,$3.31,3.93,$0.29,44.83,$1.84B,$0.72B,2.56,$0.54B,$3.47B,0.16,$4.52B,$1.06B,23.44%,$4.52B,$0.08B,1.79%,$4.52B,$0.08B,1.79%,$4.52B,$0.31B,6.88%,$4.52B,$0.04B,0.82%,$4.52B,$0.04B,0.95%,$0.04B,$3.47B,1.23%,$0.04B,$3.40B,1.25%,$0.04B,$6.39B,0.67%,$0.08B,$4.00B,1.98%,$1153,$890,$263,$0,$172,$1122,$31,$2,$33,$-4,$37,$37,$37,$90,$31,$98,98,$0.38,$0.38,$343,$535,$120,$1836,$2487,$0,$69,$195,$4554,$6390,$716,$538,$72,$2208,$2924,$0,$74,$-312,$3466,$6390,$11,$174,$-27,$147,$51,$-9,$0,$3,$34,$192,$-102,$0,$-24,$0,$0,$0,$95,$-31,$-112,$0,$-112,$-45,$-45,$-3,$-27,$-187,$-26,$4,$-3
25,2012-06-30,11.58,$35.32,0.33,$47.08,0.25,$1.98,5.86,$-0.49,0.0,$1.96B,$0.71B,2.76,$0.62B,$3.49B,0.18,$4.59B,$1.13B,24.56%,$4.59B,$0.12B,2.66%,$4.59B,$0.12B,2.66%,$4.59B,$0.35B,7.58%,$4.59B,$-0.01B,-0.24%,$4.59B,$-0.04B,-0.83%,$-0.04B,$3.49B,-1.07%,$-0.04B,$3.42B,-1.07%,$-0.04B,$6.47B,-0.60%,$0.12B,$4.11B,2.91%,$1168,$881,$287,$0,$174,$1200,$-32,$-28,$-60,$2,$-62,$-62,$-17,$26,$-32,$99,99,$-0.17,$-0.17,$510,$512,$146,$1959,$2500,$0,$70,$189,$4514,$6473,$710,$624,$56,$2273,$2983,$0,$44,$-315,$3490,$6473,$-26,$115,$34,$149,$75,$8,$0,$3,$50,$173,$-58,$0,$-24,$0,$0,$0,$95,$13,$-15,$0,$-15,$-12,$-12,$-1,$-17,$-45,$141,$3,$-1
26,2012-03-31,14.28,$36.19,0.39,$47.63,0.3,$0.64,22.36,$0.34,42.0,$1.79B,$0.54B,3.33,$0.62B,$3.51B,0.18,$4.63B,$1.13B,24.43%,$4.63B,$0.21B,4.45%,$4.63B,$0.21B,4.45%,$4.63B,$0.43B,9.28%,$4.63B,$0.07B,1.54%,$4.63B,$0.04B,0.86%,$0.04B,$3.51B,1.09%,$0.04B,$3.50B,1.10%,$0.04B,$6.34B,0.63%,$0.21B,$4.13B,4.79%,$1054,$836,$218,$0,$153,$1028,$26,$-3,$23,$-10,$33,$33,$23,$83,$26,$97,97,$0.23,$0.23,$410,$501,$78,$1790,$2484,$0,$18,$257,$4546,$6336,$538,$620,$57,$2284,$2822,$0,$64,$-308,$3514,$6336,$33,$57,$-55,$2,$56,$-26,$0,$1,$22,$57,$-39,$0,$0,$0,$0,$0,$23,$-16,$0,$0,$0,$0,$0,$0,$0,$0,$41,$1,$0
27,2011-12-31,14.55,$35.81,0.41,$48.98,0.3,$0.95,15.36,$0.42,34.64,$1.77B,$0.54B,3.25,$0.62B,$3.48B,0.18,$4.76B,$1.18B,24.71%,$4.76B,$0.21B,4.35%,$4.76B,$0.21B,4.35%,$4.76B,$0.43B,8.98%,$4.76B,$0.06B,1.35%,$4.76B,$0.05B,0.99%,$0.05B,$3.48B,1.25%,$0.05B,$3.46B,1.26%,$0.05B,$6.30B,0.71%,$0.21B,$4.10B,4.62%,$1147,$855,$292,$0,$168,$1091,$56,$-15,$41,$45,$-4,$-4,$0,$112,$56,$97,97,$0.00,$0.00,$369,$475,$66,$1769,$2502,$0,$18,$260,$4529,$6298,$544,$621,$57,$2277,$2821,$0,$41,$-311,$3477,$6298,$45,$220,$-122,$98,$87,$-39,$0,$35,$55,$198,$-97,$0,$296,$0,$29,$29,$17,$245,$-354,$0,$-354,$0,$0,$-21,$-18,$-393,$50,$3,$-21
28,2011-09-30,15.0,$39.02,0.38,$50.61,0.3,$-0.54,0.0,$45.30,0.33,$1.83B,$0.65B,2.83,$0.63B,$3.79B,0.17,$4.88B,$1.19B,24.36%,$4.88B,$0.16B,3.32%,$4.88B,$0.16B,3.32%,$4.88B,$0.45B,9.14%,$4.88B,$2.83B,58.02%,$4.88B,$4.29B,87.83%,$4.29B,$3.79B,110.61%,$4.29B,$3.77B,111.13%,$4.29B,$6.31B,63.10%,$0.16B,$4.42B,3.46%,$1224,$893,$331,$0,$186,$1152,$72,$-87,$-15,$27,$-42,$-42,$-44,$127,$72,$97,97,$-0.46,$-0.46,$295,$470,$138,$1828,$2485,$0,$18,$299,$4481,$6309,$645,$627,$67,$1875,$2520,$0,$47,$-4,$3789,$6309,$49,$164,$-139,$25,$-17,$-33,$0,$20,$-59,$15,$-55,$0,$296,$0,$0,$0,$23,$264,$-269,$0,$-269,$0,$0,$-19,$-15,$-303,$-24,$2,$-19
