,Date,Stock Price,Book Value per Share,Price to Book Ratio,TTM Sales per Share,Price to Sales Ratio,TTM FCF per Share,Price to FCF Ratio,TTM Net EPS,PE Ratio,Current Assets,Current Liabilities,Current Ratio,Long Term Debt,Shareholder's Equity_x,Debt to Equity Ratio,TTM Revenue_x,TTM Gross Profit,Gross Margin,TTM Revenue_y,TTM Operating Income,Operating Margin,TTM Revenue_x,TTM EBIT,EBIT Margin,TTM Revenue_y,TTM EBITDA,EBITDA Margin,TTM Revenue_x,TTM Pre-Tax Income,Pre-Tax Margin,TTM Revenue_y,TTM Net Income_x,Net Margin,TTM Net Income_y,Shareholder's Equity_y,Return on Equity,TTM Net Income_x,Tangible Equity,Return on Tangible Equity,TTM Net Income_y,Total Assets,Return on Assets,TTM Net Income,LT Investments & Debt,Return on Investment,revenue,cost-goods-sold,gross-profit,research-development-expenses,selling-general-administrative-expenses,operating-expenses,operating-income,total-non-operating-income-expense,pre-tax-income,total-provision-income-taxes,income-after-taxes,income-from-continuous-operations,net-income,ebitda,ebit,basic-shares-outstanding,shares-outstanding,eps-basic-net-earnings-per-share,eps-earnings-per-share-diluted,cash-on-hand,inventory,other-current-assets,total-current-assets,net-property-plant-equipment,long-term-investments,goodwill-intangible-assets-total,other-long-term-assets,total-long-term-assets,total-assets,total-current-liabilities,long-term-debt,other-non-current-liabilities,total-long-term-liabilities,total-liabilities,common-stock-net,retained-earnings-accumulated-deficit,comprehensive-income,total-share-holder-equity,total-liabilities-share-holders-equity,net-income-loss,total-depreciation-amortization-cash-flow,other-non-cash-items,total-non-cash-items,change-in-accounts-receivable,change-in-inventories,change-in-accounts-payable,change-in-assets-liabilities,total-change-in-assets-liabilities,cash-flow-from-operating-activities,net-change-in-property-plant-equipment,net-change-in-intangible-assets,net-acquisitions-divestitures,net-change-in-short-term-investments,net-change-in-long-term-investments,net-change-in-investments-total,investing-activities-other,cash-flow-from-investing-activities,net-long-term-debt,net-current-debt,debt-issuance-retirement-net-total,net-common-equity-issued-repurchased,net-total-equity-issued-repurchased,total-common-preferred-stock-dividends-paid,financial-activities-other,cash-flow-from-financial-activities,net-cash-flow,stock-based-compensation,common-stock-dividends-paid
0,2018-09-30,144.56,$136.29,1.06,$196.52,0.74,$58.30,2.48,$27.82,5.2,$5.74B,$47.80B,0.12,$2.79B,$8.58B,0.33,$12.83B,$1.96B,15.24%,$12.83B,$1.14B,8.87%,$12.83B,$1.14B,8.87%,$12.83B,$1.14B,8.86%,$12.83B,$0.96B,7.51%,$12.83B,$1.82B,14.20%,$1.82B,$8.58B,20.38%,$1.82B,$8.58B,20.38%,$1.82B,$62.97B,2.98%,$1.14B,$11.37B,9.70%,$3228,$2664,$564,$0,$0,$2864,$363,$-41,$323,$21,$301,$301,$301,$345,$363,$63,64,$4.76,$4.68,$1730,$0,$0,$5735,$0,$53119,$0,$908,$57238,$62973,$47797,$2788,$1214,$6596,$54393,$1,$7216,$813,$8579,$62973,$606,$-23,$79,$56,$-519,$0,$23,$934,$438,$1100,$-20,$0,$-31,$35,$1033,$1068,$-985,$31,$-2,$-75,$-77,$-272,$-272,$-102,$-221,$-672,$427,$0,$-102
1,2018-06-30,132.92,$135.09,0.98,$194.23,0.68,$57.83,2.3,$26.61,5.0,$5.21B,$44.55B,0.12,$2.79B,$8.60B,0.32,$12.75B,$1.94B,15.25%,$12.75B,$1.16B,9.10%,$12.75B,$1.16B,9.10%,$12.75B,$1.14B,8.92%,$12.75B,$0.98B,7.69%,$12.75B,$1.75B,13.72%,$1.75B,$8.60B,19.83%,$1.75B,$8.60B,19.83%,$1.75B,$59.77B,2.92%,$1.16B,$11.39B,9.99%,$3196,$2709,$487,$0,$0,$2904,$292,$-44,$247,$43,$204,$204,$204,$308,$292,$64,65,$3.19,$3.13,$1398,$0,$0,$5205,$0,$50501,$0,$856,$54562,$59767,$44547,$2788,$1095,$6617,$51165,$1,$6952,$1005,$8602,$59767,$305,$-4,$89,$84,$-345,$0,$2,$538,$195,$584,$-15,$0,$-29,$-10,$114,$104,$-161,$-101,$-1,$-53,$-54,$-164,$-164,$-64,$-86,$-369,$94,$0,$-64
2,2018-03-31,152.86,$139.63,1.09,$192.94,0.79,$59.59,2.57,$27.02,5.66,$5.35B,$45.15B,0.12,$2.79B,$9.01B,0.31,$12.68B,$1.99B,15.67%,$12.68B,$1.24B,9.80%,$12.68B,$1.24B,9.80%,$12.68B,$1.19B,9.36%,$12.68B,$1.07B,8.45%,$12.68B,$1.78B,14.01%,$1.78B,$9.01B,20.52%,$1.78B,$9.01B,20.52%,$1.78B,$60.96B,2.98%,$1.24B,$11.80B,10.86%,$3174,$2799,$374,$0,$0,$2991,$183,$-45,$138,$38,$100,$100,$100,$162,$183,$64,66,$1.55,$1.52,$1510,$0,$0,$5350,$0,$51483,$0,$877,$55605,$60955,$45152,$2788,$1921,$6795,$51947,$1,$6798,$1428,$9008,$60955,$100,$-21,$13,$-7,$-275,$0,$-10,$417,$131,$224,$-5,$0,$-25,$-13,$143,$130,$-23,$77,$-28,$0,$-28,$-1,$-1,$-32,$-54,$-115,$207,$0,$-32
3,2017-12-31,154.27,$148.48,1.04,$190.58,0.81,$62.37,2.47,$27.72,5.57,$4.82B,$44.07B,0.11,$2.79B,$9.57B,0.29,$12.52B,$2.03B,16.21%,$12.52B,$1.32B,10.52%,$12.52B,$1.32B,10.52%,$12.52B,$1.27B,10.11%,$12.52B,$1.14B,9.13%,$12.52B,$1.82B,14.57%,$1.82B,$9.57B,22.06%,$1.82B,$9.57B,22.06%,$1.82B,$60.52B,3.15%,$1.32B,$12.36B,11.92%,$3232,$2703,$530,$0,$0,$2932,$300,$-45,$255,$-961,$1217,$1217,$1217,$322,$300,$64,66,$18.89,$18.48,$1304,$0,$0,$4817,$0,$51691,$0,$767,$55698,$60515,$44072,$2788,$1103,$6874,$50945,$1,$6736,$2064,$9570,$60515,$1822,$-52,$-991,$-1043,$-347,$0,$-43,$1593,$1204,$1982,$-44,$0,$0,$52,$-1494,$-1442,$-121,$-1608,$-371,$0,$-371,$-36,$-36,$-117,$200,$-325,$103,$0,$-117
4,2017-09-30,137.59,$125.79,1.09,$188.65,0.73,$54.76,2.51,$12.15,11.32,$4.82B,$42.77B,0.11,$2.79B,$8.10B,0.34,$12.35B,$2.02B,16.34%,$12.35B,$1.36B,11.01%,$12.35B,$1.36B,11.01%,$12.35B,$1.26B,10.17%,$12.35B,$1.18B,9.58%,$12.35B,$0.80B,6.44%,$0.80B,$8.10B,10.41%,$0.80B,$8.10B,10.41%,$0.80B,$58.69B,1.42%,$1.36B,$10.89B,12.94%,$3145,$2592,$553,$0,$0,$2761,$385,$-45,$340,$113,$228,$228,$228,$345,$385,$64,66,$3.53,$3.47,$1205,$0,$0,$4816,$0,$49678,$0,$886,$53878,$58694,$42770,$2788,$1061,$7827,$50597,$1,$5713,$1626,$8097,$58694,$605,$-74,$49,$-25,$-421,$0,$-63,$1008,$524,$1104,$-33,$0,$0,$66,$-286,$-220,$-803,$-1056,$-302,$-57,$-359,$-37,$-37,$-85,$393,$-88,$4,$0,$-85
5,2017-06-30,126.15,$123.60,1.02,$185.49,0.68,$54.18,2.33,$11.75,10.74,$4.52B,$42.32B,0.11,$2.79B,$7.97B,0.35,$12.11B,$1.96B,16.15%,$12.11B,$1.31B,10.84%,$12.11B,$1.31B,10.84%,$12.11B,$1.24B,10.26%,$12.11B,$1.13B,9.34%,$12.11B,$0.77B,6.33%,$0.77B,$7.97B,10.07%,$0.77B,$7.97B,10.07%,$0.77B,$58.14B,1.40%,$1.31B,$10.76B,12.52%,$3129,$2599,$530,$0,$0,$2754,$375,$-36,$339,$107,$232,$232,$232,$358,$375,$64,66,$3.60,$3.54,$1123,$0,$0,$4515,$0,$49447,$0,$841,$53623,$58138,$42315,$2788,$1900,$7851,$50167,$1,$5524,$1672,$7971,$58138,$378,$-34,$-13,$-46,$-231,$0,$-35,$590,$325,$656,$32,$0,$0,$23,$-889,$-866,$-55,$-890,$-301,$-24,$-325,$-8,$-8,$-53,$508,$122,$-77,$0,$-53
6,2017-03-31,124.36,$115.24,1.08,$184.70,0.67,$52.87,2.35,$11.85,10.49,$4.31B,$38.91B,0.11,$2.79B,$7.42B,0.38,$12.02B,$1.97B,16.35%,$12.02B,$1.32B,10.96%,$12.02B,$1.32B,10.96%,$12.02B,$1.24B,10.35%,$12.02B,$1.15B,9.53%,$12.02B,$0.77B,6.42%,$0.77B,$7.42B,10.25%,$0.77B,$7.42B,10.25%,$0.77B,$53.81B,1.43%,$1.32B,$10.21B,12.68%,$3009,$2593,$416,$0,$0,$2752,$257,$-49,$208,$62,$146,$146,$146,$240,$257,$64,66,$2.26,$2.22,$1178,$0,$0,$4307,$0,$45396,$0,$802,$49498,$53806,$38912,$2789,$1822,$7474,$46386,$1,$5329,$1321,$7420,$53806,$146,$-17,$-9,$-26,$-55,$0,$-11,$363,$298,$417,$-17,$0,$0,$24,$-104,$-80,$-14,$-111,$-318,$0,$-318,$-1,$-1,$-26,$-3,$-348,$-23,$0,$-26
7,2016-12-31,122.84,$110.31,1.11,$177.41,0.69,$52.43,2.34,$10.80,11.37,$4.16B,$38.26B,0.11,$3.09B,$7.09B,0.44,$11.52B,$1.85B,16.08%,$11.52B,$1.21B,10.48%,$11.52B,$1.21B,10.48%,$11.52B,$1.14B,9.90%,$11.52B,$1.05B,9.07%,$11.52B,$0.70B,6.08%,$0.70B,$7.09B,9.54%,$0.70B,$7.09B,9.54%,$0.70B,$53.10B,1.31%,$1.21B,$10.18B,12.05%,$3069,$2550,$519,$0,$0,$2726,$343,$-48,$296,$105,$190,$190,$190,$313,$343,$64,65,$2.95,$2.91,$1201,$0,$0,$4163,$0,$44841,$0,$755,$48935,$53098,$38263,$3089,$1883,$7742,$46005,$1,$5199,$1139,$7093,$53098,$701,$-67,$317,$250,$-157,$0,$-19,$690,$514,$1466,$-45,$0,$0,$466,$-3149,$-2683,$-98,$-2826,$733,$0,$733,$-108,$-108,$-100,$530,$1055,$-325,$0,$-100
8,2016-09-30,104.98,$124.50,0.84,$172.21,0.61,$61.25,1.71,$10.34,10.15,$4.30B,$38.81B,0.11,$2.79B,$7.99B,0.35,$11.28B,$1.74B,15.43%,$11.28B,$1.11B,9.87%,$11.28B,$1.11B,9.87%,$11.28B,$1.09B,9.68%,$11.28B,$0.96B,8.47%,$11.28B,$0.67B,5.97%,$0.67B,$7.99B,9.48%,$0.67B,$7.99B,9.48%,$0.67B,$54.83B,1.28%,$1.11B,$10.78B,11.62%,$2901,$2411,$490,$0,$0,$2563,$337,$-50,$288,$89,$199,$199,$199,$331,$337,$64,65,$3.10,$3.07,$1380,$0,$0,$4301,$0,$46386,$0,$740,$50532,$54833,$38810,$2789,$2168,$8029,$46839,$1,$5039,$2212,$7993,$54833,$511,$-36,$191,$155,$-4,$0,$-59,$416,$354,$1020,$0,$0,$0,$419,$-2588,$-2169,$-78,$-2247,$798,$0,$798,$-110,$-171,$-74,$504,$1057,$-146,$0,$-74
9,2016-06-30,93.95,$118.32,0.79,$163.92,0.57,$58.29,1.61,$8.52,11.03,$4.00B,$38.58B,0.1,$2.79B,$7.58B,0.37,$10.82B,$1.57B,14.55%,$10.82B,$0.96B,8.84%,$10.82B,$0.96B,8.84%,$10.82B,$0.92B,8.49%,$10.82B,$0.81B,7.47%,$10.82B,$0.56B,5.17%,$0.56B,$7.58B,8.38%,$0.56B,$7.58B,8.38%,$0.56B,$53.88B,1.10%,$0.96B,$10.37B,10.61%,$3039,$2499,$540,$0,$0,$2659,$380,$-27,$353,$117,$236,$236,$236,$360,$380,$64,65,$3.68,$3.64,$1034,$0,$0,$4003,$0,$45761,$0,$711,$49874,$53877,$38579,$2788,$1157,$7717,$46296,$1,$4871,$1985,$7581,$53877,$313,$-30,$174,$144,$-99,$0,$-35,$271,$137,$594,$0,$0,$0,$350,$-2400,$-2050,$-8,$-2058,$763,$0,$763,$-116,$-116,$-48,$353,$953,$-491,$0,$-48
10,2016-03-31,92.87,$104.88,0.89,$156.21,0.59,$57.79,1.61,$6.82,13.62,$4.44B,$38.98B,0.11,$2.00B,$6.72B,0.3,$10.41B,$1.42B,13.64%,$10.41B,$0.83B,7.99%,$10.41B,$0.83B,7.99%,$10.41B,$0.80B,7.66%,$10.41B,$0.67B,6.43%,$10.41B,$0.45B,4.35%,$0.45B,$6.72B,7.08%,$0.45B,$6.72B,7.08%,$0.45B,$52.19B,0.92%,$0.83B,$8.72B,9.65%,$2513,$2208,$304,$0,$0,$2366,$147,$-39,$108,$31,$76,$76,$76,$137,$147,$65,65,$1.18,$1.17,$1502,$0,$0,$4441,$0,$43490,$0,$764,$47745,$52187,$38980,$1998,$2006,$6488,$45468,$1,$4669,$1330,$6719,$52187,$76,$-10,$169,$159,$-52,$0,$-24,$209,$133,$369,$0,$0,$0,$125,$-807,$-682,$-27,$-710,$-7,$0,$-7,$-103,$-103,$-24,$431,$297,$-23,$0,$-24
11,2015-12-31,82.18,$94.09,0.87,$154.25,0.53,$56.42,1.46,$7.46,11.02,$4.30B,$37.67B,0.11,$2.30B,$6.14B,0.37,$10.42B,$1.46B,14.04%,$10.42B,$0.91B,8.74%,$10.42B,$0.91B,8.74%,$10.42B,$0.86B,8.29%,$10.42B,$0.75B,7.15%,$10.42B,$0.50B,4.82%,$0.50B,$6.14B,7.72%,$0.50B,$6.14B,7.72%,$0.50B,$50.38B,1.06%,$0.91B,$8.43B,10.34%,$2829,$2421,$407,$0,$0,$2580,$249,$-42,$207,$44,$163,$163,$163,$264,$249,$67,67,$2.48,$2.46,$1525,$0,$0,$4300,$0,$41978,$0,$712,$46083,$50383,$37668,$2298,$1165,$6580,$44248,$1,$4620,$708,$6135,$50383,$502,$-46,$261,$215,$-314,$0,$-48,$1734,$1371,$2089,$-24,$0,$-145,$-470,$-784,$-1254,$-9,$-1432,$-22,$164,$142,$-373,$-373,$-93,$-384,$-708,$-120,$0,$-93
12,2015-09-30,86.68,$94.92,0.91,$150.77,0.57,$57.86,1.5,$7.75,11.18,$4.30B,$34.45B,0.13,$2.31B,$6.24B,0.37,$10.29B,$1.49B,14.51%,$10.29B,$0.93B,9.07%,$10.29B,$0.93B,9.07%,$10.29B,$0.86B,8.40%,$10.29B,$0.82B,7.92%,$10.29B,$0.53B,5.15%,$0.53B,$6.24B,7.88%,$0.53B,$6.24B,7.88%,$0.53B,$47.61B,1.15%,$0.93B,$8.55B,10.33%,$2439,$2116,$323,$0,$0,$2258,$181,$-41,$140,$57,$84,$84,$84,$158,$181,$66,67,$1.26,$1.25,$1748,$0,$0,$4304,$0,$38947,$0,$1044,$43302,$47606,$34447,$2313,$1406,$6918,$41365,$1,$4483,$906,$6241,$47606,$339,$-62,$255,$193,$-101,$0,$-47,$494,$346,$878,$-24,$0,$-195,$35,$-43,$-8,$43,$-185,$-2,$140,$139,$-321,$-321,$-69,$-290,$-542,$102,$0,$-69
13,2015-06-30,90.43,$97.61,0.93,$153.49,0.59,$61.87,1.46,$8.78,10.3,$3.89B,$34.46B,0.11,$2.31B,$6.48B,0.36,$10.57B,$1.57B,14.90%,$10.57B,$1.02B,9.67%,$10.57B,$1.02B,9.67%,$10.57B,$0.95B,8.97%,$10.57B,$0.91B,8.58%,$10.57B,$0.60B,5.72%,$0.60B,$6.48B,8.84%,$0.60B,$6.48B,8.84%,$0.60B,$47.46B,1.34%,$1.02B,$8.80B,11.18%,$2630,$2244,$386,$0,$0,$2375,$255,$-41,$214,$83,$130,$130,$130,$238,$255,$66,67,$1.97,$1.94,$1336,$0,$0,$3887,$0,$39602,$0,$672,$43573,$47460,$34458,$2313,$1033,$6519,$40977,$1,$4425,$1149,$6483,$47460,$256,$-39,$149,$110,$-20,$0,$-27,$286,$240,$606,$-23,$0,$-191,$23,$-272,$-249,$-10,$-473,$159,$-18,$141,$-250,$-250,$-45,$-263,$-416,$-310,$0,$-45
14,2015-03-31,88.51,$107.62,0.82,$154.93,0.57,$65.59,1.35,$9.68,9.14,$3.54B,$30.81B,0.12,$2.31B,$7.15B,0.32,$10.77B,$1.65B,15.36%,$10.77B,$1.11B,10.26%,$10.77B,$1.11B,10.26%,$10.77B,$1.02B,9.49%,$10.77B,$0.99B,9.23%,$10.77B,$0.67B,6.24%,$0.67B,$7.15B,9.76%,$0.67B,$7.15B,9.76%,$0.67B,$44.69B,1.53%,$1.11B,$9.46B,12.05%,$2521,$2173,$347,$0,$0,$2295,$226,$-42,$184,$59,$125,$125,$125,$204,$226,$68,69,$1.84,$1.81,$1083,$0,$0,$3542,$0,$37173,$0,$690,$41149,$44691,$30805,$2314,$1893,$6737,$37541,$1,$4339,$1884,$7150,$44691,$125,$-22,$65,$44,$-20,$0,$-28,$196,$147,$316,$-22,$0,$0,$4,$-501,$-496,$14,$-504,$-8,$0,$-8,$-209,$-209,$-23,$-100,$-340,$-562,$0,$-23
15,2014-12-31,82.91,$102.13,0.81,$155.66,0.53,$68.91,1.2,$9.79,8.47,$4.01B,$31.20B,0.13,$2.30B,$7.02B,0.33,$10.90B,$1.66B,15.18%,$10.90B,$1.12B,10.23%,$10.90B,$1.12B,10.23%,$10.90B,$1.03B,9.45%,$10.90B,$1.01B,9.25%,$10.90B,$0.68B,6.27%,$0.68B,$7.02B,10.27%,$0.68B,$7.02B,10.27%,$0.68B,$44.65B,1.60%,$1.12B,$9.32B,12.51%,$2697,$2260,$437,$0,$0,$2427,$271,$6,$277,$86,$191,$191,$191,$264,$271,$69,70,$2.77,$2.74,$1646,$0,$0,$4013,$0,$36696,$0,$603,$40642,$44654,$31199,$2298,$1768,$6432,$37631,$1,$4240,$1657,$7023,$44654,$684,$-87,$128,$41,$-137,$0,$-1,$1749,$1612,$2336,$-88,$0,$0,$38,$-1359,$-1321,$99,$-1311,$99,$300,$399,$-192,$-192,$-87,$-375,$-256,$722,$0,$-87
16,2014-09-30,75.53,$97.28,0.78,$154.87,0.49,$60.62,1.25,$9.07,8.33,$3.51B,$30.32B,0.12,$2.32B,$6.68B,0.35,$10.94B,$1.61B,14.68%,$10.94B,$1.11B,10.16%,$10.94B,$1.11B,10.16%,$10.94B,$1.01B,9.21%,$10.94B,$0.96B,8.78%,$10.94B,$0.64B,5.83%,$0.64B,$6.68B,9.99%,$0.64B,$6.68B,9.99%,$0.64B,$42.91B,1.53%,$1.11B,$9.00B,12.89%,$2717,$2312,$404,$0,$0,$2446,$270,$-39,$232,$74,$158,$158,$158,$242,$270,$69,69,$2.30,$2.28,$1119,$0,$0,$3513,$0,$35521,$0,$578,$39397,$42910,$30317,$2315,$1449,$5913,$36230,$1,$4074,$1500,$6680,$42910,$493,$-80,$-125,$-205,$-74,$0,$-42,$1066,$950,$1238,$-74,$0,$0,$93,$-902,$-809,$366,$-517,$100,$0,$100,$-184,$-184,$-65,$-361,$-510,$195,$0,$-65
17,2014-06-30,74.06,$97.21,0.76,$149.17,0.5,$61.35,1.21,$8.72,8.49,$3.83B,$30.84B,0.12,$2.22B,$6.69B,0.33,$10.62B,$1.55B,14.60%,$10.62B,$1.08B,10.14%,$10.62B,$1.08B,10.14%,$10.62B,$0.97B,9.17%,$10.62B,$0.93B,8.77%,$10.62B,$0.62B,5.82%,$0.62B,$6.69B,9.98%,$0.62B,$6.69B,9.98%,$0.62B,$43.17B,1.52%,$1.08B,$8.90B,12.81%,$2833,$2367,$466,$0,$0,$2495,$338,$-38,$301,$102,$198,$198,$198,$312,$338,$69,70,$2.87,$2.84,$1378,$0,$0,$3831,$0,$35401,$0,$570,$39340,$43171,$30836,$2215,$1198,$5646,$36482,$1,$3942,$1629,$6689,$43171,$335,$-52,$-16,$-68,$-104,$0,$-10,$754,$641,$908,$-43,$0,$0,$94,$-417,$-323,$271,$-95,$0,$110,$110,$-170,$-170,$-42,$-274,$-376,$454,$0,$-42
18,2014-03-31,74.46,$89.92,0.83,$144.34,0.52,$60.08,1.24,$5.19,14.35,$3.41B,$28.93B,0.12,$2.22B,$6.25B,0.35,$10.38B,$1.16B,11.13%,$10.38B,$0.70B,6.72%,$10.38B,$0.70B,6.72%,$10.38B,$0.60B,5.77%,$10.38B,$0.56B,5.35%,$10.38B,$0.37B,3.57%,$0.37B,$6.25B,6.17%,$0.37B,$6.25B,6.17%,$0.37B,$40.54B,0.93%,$0.70B,$8.47B,8.60%,$2657,$2309,$348,$0,$0,$2420,$237,$-38,$199,$63,$137,$137,$137,$212,$237,$71,71,$1.94,$1.92,$1127,$0,$0,$3411,$0,$33148,$0,$532,$37131,$40542,$28929,$2215,$1124,$5362,$34291,$1,$3773,$1279,$6251,$40542,$137,$-25,$-21,$-47,$-16,$0,$34,$432,$451,$541,$0,$0,$0,$21,$-325,$-305,$160,$-144,$0,$50,$50,$-80,$-80,$-21,$-149,$-201,$203,$0,$-21
19,2013-12-31,72.09,$83.87,0.86,$142.02,0.51,$59.14,1.22,$5.76,12.52,$3.23B,$28.66B,0.11,$2.21B,$5.94B,0.37,$10.32B,$1.24B,11.98%,$10.32B,$0.77B,7.46%,$10.32B,$0.77B,7.46%,$10.32B,$0.67B,6.53%,$10.32B,$0.64B,6.15%,$10.32B,$0.42B,4.06%,$0.42B,$5.94B,6.80%,$0.42B,$5.94B,6.80%,$0.42B,$39.67B,1.06%,$0.77B,$8.15B,9.42%,$2737,$2348,$389,$0,$0,$2470,$267,$-38,$229,$85,$145,$145,$145,$242,$267,$72,72,$2.05,$2.05,$924,$0,$0,$3226,$0,$32441,$0,$490,$36449,$39674,$28661,$2214,$1026,$5078,$33739,$1,$3660,$1006,$5936,$39674,$419,$-96,$217,$121,$-106,$0,$-70,$1363,$1187,$1727,$0,$0,$-3,$138,$-1260,$-1122,$-210,$-1335,$279,$0,$279,$-241,$-241,$-78,$-642,$-681,$-336,$0,$-78
20,2013-09-30,62.12,$83.58,0.74,$140.97,0.44,$61.93,1.0,$6.73,9.23,$3.53B,$28.45B,0.12,$2.21B,$5.90B,0.38,$10.31B,$1.33B,12.94%,$10.31B,$0.86B,8.31%,$10.31B,$0.86B,8.31%,$10.31B,$0.76B,7.40%,$10.31B,$0.73B,7.05%,$10.31B,$0.50B,4.82%,$0.50B,$5.90B,7.76%,$0.50B,$5.90B,7.76%,$0.50B,$39.53B,1.25%,$0.86B,$8.11B,10.29%,$2390,$2043,$347,$0,$0,$2155,$235,$-34,$202,$64,$138,$138,$138,$208,$235,$71,71,$1.95,$1.93,$1423,$0,$0,$3531,$0,$31923,$0,$538,$35995,$39527,$28446,$2214,$995,$5185,$33631,$1,$3545,$1100,$5896,$39527,$274,$-71,$212,$141,$81,$0,$-63,$818,$836,$1251,$0,$0,$-3,$235,$-782,$-547,$35,$-514,$279,$0,$279,$-260,$-260,$-56,$-499,$-537,$163,$0,$-56
21,2013-06-30,63.8,$82.97,0.77,$140.53,0.45,$65.03,0.98,$6.75,9.45,$3.11B,$28.18B,0.11,$1.82B,$5.89B,0.31,$10.36B,$1.32B,12.77%,$10.36B,$0.86B,8.25%,$10.36B,$0.86B,8.25%,$10.36B,$0.80B,7.69%,$10.36B,$0.73B,7.01%,$10.36B,$0.50B,4.85%,$0.50B,$5.89B,7.61%,$0.50B,$5.89B,7.61%,$0.50B,$38.79B,1.26%,$0.86B,$7.70B,10.15%,$2591,$2519,$71,$0,$0,$2633,$-42,$-33,$-75,$-25,$-50,$-50,$-50,$-63,$-42,$72,72,$-0.69,$-0.69,$974,$0,$0,$3106,$0,$31759,$0,$472,$35684,$38791,$28175,$1816,$1072,$4727,$32903,$1,$3429,$1182,$5888,$38791,$136,$-44,$-56,$-100,$-5,$0,$-35,$810,$769,$805,$0,$0,$0,$241,$-648,$-406,$-2,$-408,$-112,$120,$8,$-223,$-223,$-35,$-387,$-637,$-286,$0,$-35
22,2013-03-31,54.88,$94.34,0.58,$136.80,0.4,$64.96,0.84,$9.35,5.87,$3.09B,$27.99B,0.11,$1.82B,$6.92B,0.26,$10.15B,$1.60B,15.77%,$10.15B,$1.14B,11.22%,$10.15B,$1.14B,11.22%,$10.15B,$1.07B,10.52%,$10.15B,$1.02B,10.02%,$10.15B,$0.69B,6.84%,$0.69B,$6.92B,10.36%,$0.69B,$6.92B,10.36%,$0.69B,$40.20B,1.75%,$1.14B,$8.73B,13.53%,$2601,$2172,$429,$0,$0,$2291,$310,$-31,$279,$93,$186,$186,$186,$287,$310,$74,74,$2.51,$2.49,$1002,$0,$0,$3094,$0,$32982,$0,$577,$37103,$40197,$27992,$1815,$1369,$5290,$33282,$1,$3521,$1977,$6915,$40197,$186,$-22,$-45,$-67,$73,$0,$-30,$334,$376,$495,$0,$0,$0,$102,$-470,$-369,$-17,$-385,$-112,$0,$-112,$-47,$-47,$-18,$-175,$-352,$-258,$0,$-18
23,2012-12-31,49.03,$93.47,0.52,$132.81,0.37,$65.79,0.75,$8.53,5.75,$3.44B,$28.12B,0.12,$1.82B,$6.91B,0.26,$9.84B,$1.49B,15.13%,$9.84B,$1.04B,10.53%,$9.84B,$1.04B,10.53%,$9.84B,$0.95B,9.68%,$9.84B,$0.92B,9.34%,$9.84B,$0.63B,6.41%,$0.63B,$6.91B,9.77%,$0.63B,$6.91B,9.77%,$0.63B,$40.36B,1.67%,$1.04B,$8.73B,12.84%,$2723,$2237,$486,$0,$0,$2370,$353,$-32,$321,$98,$223,$223,$223,$331,$353,$74,74,$3.02,$2.99,$1260,$0,$0,$3438,$0,$32912,$0,$391,$36922,$40360,$28120,$1815,$1394,$5330,$33450,$1,$3357,$2109,$6910,$40360,$632,$-84,$29,$-55,$-285,$0,$-12,$1695,$1397,$1975,$0,$0,$0,$-101,$-1651,$-1752,$-216,$-1968,$400,$0,$400,$-10,$-10,$-62,$-46,$282,$297,$0,$-62
24,2012-09-30,52.77,$91.18,0.58,$127.77,0.41,$56.84,0.93,$7.68,6.87,$3.66B,$27.70B,0.13,$1.82B,$6.73B,0.27,$9.47B,$1.35B,14.22%,$9.47B,$0.90B,9.55%,$9.47B,$0.90B,9.55%,$9.47B,$0.77B,8.14%,$9.47B,$0.79B,8.36%,$9.47B,$0.55B,5.78%,$0.55B,$6.73B,8.85%,$0.55B,$6.73B,8.85%,$0.55B,$39.92B,1.54%,$0.90B,$8.55B,11.74%,$2449,$2111,$338,$0,$0,$2215,$234,$-33,$201,$57,$144,$144,$144,$242,$234,$74,74,$1.96,$1.95,$1604,$0,$0,$3657,$0,$32095,$0,$541,$36267,$39924,$27699,$1815,$1870,$5491,$33190,$1,$3154,$2152,$6734,$39924,$409,$-62,$-220,$-281,$-102,$0,$-61,$1565,$1402,$1529,$0,$0,$0,$98,$-897,$-799,$-228,$-1027,$400,$0,$400,$-3,$-3,$-44,$-229,$124,$641,$0,$-44
25,2012-06-30,48.32,$84.75,0.57,$121.60,0.4,$47.44,1.02,$7.71,6.27,$2.87B,$27.35B,0.11,$1.42B,$6.25B,0.23,$9.01B,$1.29B,14.30%,$9.01B,$0.86B,9.50%,$9.01B,$0.86B,9.50%,$9.01B,$0.68B,7.58%,$9.01B,$0.75B,8.28%,$9.01B,$0.54B,5.97%,$0.54B,$6.25B,9.10%,$0.54B,$6.25B,9.10%,$0.54B,$38.34B,1.61%,$0.86B,$7.66B,11.68%,$2376,$2028,$348,$0,$0,$2134,$242,$-26,$216,$75,$141,$141,$141,$208,$242,$74,74,$1.91,$1.91,$957,$0,$0,$2871,$0,$31507,$0,$362,$35473,$38344,$27354,$1415,$1543,$4743,$32097,$1,$3034,$1799,$6248,$38344,$264,$-69,$-46,$-115,$-47,$0,$-38,$754,$669,$818,$0,$0,$0,$36,$-883,$-847,$63,$-785,$0,$0,$0,$-8,$-8,$-27,$-7,$-41,$-6,$0,$-27
26,2012-03-31,53.82,$80.44,0.67,$119.09,0.45,$43.61,1.23,$7.58,7.1,$2.78B,$21.78B,0.13,$1.42B,$5.93B,0.24,$8.84B,$1.25B,14.19%,$8.84B,$0.83B,9.39%,$8.84B,$0.83B,9.39%,$8.84B,$0.65B,7.35%,$8.84B,$0.72B,8.11%,$8.84B,$0.52B,5.89%,$0.52B,$5.93B,9.17%,$0.52B,$5.93B,9.17%,$0.52B,$32.29B,1.66%,$0.83B,$7.34B,11.69%,$2293,$1976,$317,$0,$0,$2086,$207,$-26,$181,$57,$123,$123,$123,$172,$207,$74,74,$1.68,$1.67,$874,$0,$0,$2776,$0,$25510,$0,$370,$29510,$32286,$21783,$1415,$1430,$4573,$26357,$1,$2906,$1612,$5929,$32286,$123,$-35,$34,$-2,$-62,$0,$-29,$523,$433,$555,$0,$0,$0,$65,$-575,$-509,$0,$-509,$0,$-101,$-101,$-4,$-4,$-13,$-23,$-140,$-89,$0,$-13
27,2011-12-31,47.13,$79.31,0.59,$119.04,0.4,$41.21,1.14,$8.09,5.83,$2.79B,$21.26B,0.13,$1.42B,$5.82B,0.24,$8.83B,$1.30B,14.70%,$8.83B,$0.88B,9.94%,$8.83B,$0.88B,9.94%,$8.83B,$0.71B,7.99%,$8.83B,$0.76B,8.64%,$8.83B,$0.55B,6.20%,$0.55B,$5.82B,10.02%,$0.55B,$5.82B,10.02%,$0.55B,$31.63B,1.78%,$0.88B,$7.23B,12.97%,$2348,$2005,$343,$0,$0,$2127,$221,$-28,$193,$55,$139,$139,$139,$149,$221,$74,74,$1.89,$1.88,$963,$0,$0,$2793,$0,$24965,$0,$332,$28841,$31634,$21258,$1415,$1463,$4557,$25815,$1,$2818,$1618,$5819,$31634,$546,$-173,$269,$97,$-84,$0,$-17,$768,$667,$1310,$0,$0,$0,$30,$-814,$-783,$-122,$-906,$67,$0,$67,$-374,$-379,$-44,$458,$102,$499,$0,$-44
28,2011-09-30,41.3,$77.29,0.53,$117.80,0.35,$48.21,0.86,$8.56,4.83,$2.78B,$20.99B,0.13,$1.42B,$5.66B,0.25,$8.76B,$1.30B,14.87%,$8.76B,$0.90B,10.30%,$8.76B,$0.90B,10.30%,$8.76B,$0.76B,8.69%,$8.76B,$0.79B,9.00%,$8.76B,$0.57B,6.46%,$0.57B,$5.66B,10.75%,$0.57B,$5.66B,10.75%,$0.57B,$31.18B,1.88%,$0.90B,$7.08B,13.92%,$1995,$1714,$281,$0,$0,$1808,$186,$-30,$156,$22,$135,$135,$135,$154,$186,$74,74,$1.82,$1.81,$803,$0,$0,$2781,$0,$24268,$0,$347,$28403,$31183,$20986,$1415,$1457,$4535,$25521,$1,$2989,$1305,$5663,$31183,$407,$-100,$73,$-27,$-86,$0,$-64,$604,$454,$834,$0,$0,$0,$-87,$-652,$-739,$0,$-739,$286,$163,$449,$-372,$-377,$-31,$211,$252,$339,$0,$-31
29,2011-06-30,54.53,$71.88,0.76,$117.21,0.47,$54.85,0.99,$8.30,6.57,$2.70B,$20.88B,0.13,$1.41B,$5.33B,0.27,$8.72B,$1.33B,15.27%,$8.72B,$0.94B,10.78%,$8.72B,$0.94B,10.78%,$8.72B,$0.79B,9.08%,$8.72B,$0.83B,9.51%,$8.72B,$0.56B,6.41%,$0.56B,$5.33B,10.97%,$0.56B,$5.33B,10.97%,$0.56B,$30.66B,1.89%,$0.94B,$6.74B,15.01%,$2204,$1891,$313,$0,$0,$1988,$216,$-29,$187,$63,$124,$124,$124,$175,$216,$74,75,$1.68,$1.66,$711,$0,$0,$2698,$0,$23888,$0,$340,$27962,$30659,$20877,$1414,$1622,$4458,$25335,$1,$2856,$1065,$5325,$30659,$273,$-68,$-127,$-194,$67,$0,$-31,$424,$459,$538,$0,$0,$0,$-75,$-423,$-497,$0,$-497,$-8,$394,$387,$-325,$-329,$-18,$151,$191,$247,$0,$-18
30,2011-03-31,56.14,$68.06,0.82,$113.49,0.49,$61.49,0.91,$8.22,6.83,$2.42B,$20.36B,0.12,$1.02B,$5.02B,0.2,$8.44B,$1.33B,15.70%,$8.44B,$0.95B,11.24%,$8.44B,$0.95B,11.24%,$8.44B,$0.79B,9.39%,$8.44B,$0.84B,9.95%,$8.44B,$0.56B,6.66%,$0.56B,$5.02B,11.53%,$0.56B,$5.02B,11.53%,$0.56B,$29.51B,1.96%,$0.95B,$6.04B,15.84%,$2282,$1922,$361,$0,$0,$2028,$255,$-28,$227,$78,$149,$149,$149,$227,$255,$73,74,$2.03,$2.02,$468,$0,$0,$2417,$0,$23086,$0,$327,$27093,$29510,$20355,$1017,$1541,$4132,$24487,$1,$2739,$899,$5023,$29510,$149,$-27,$-51,$-78,$86,$0,$-27,$246,$305,$376,$0,$0,$0,$-25,$-101,$-126,$0,$-126,$-8,$50,$42,$-342,$-187,$-9,$-96,$-250,$4,$0,$-9
31,2010-12-31,47.94,$68.71,0.7,$110.74,0.43,$69.11,0.69,$7.68,6.24,$2.40B,$19.98B,0.12,$1.02B,$5.04B,0.2,$8.26B,$1.27B,15.34%,$8.26B,$0.91B,10.95%,$8.26B,$0.91B,10.95%,$8.26B,$0.76B,9.20%,$8.26B,$0.81B,9.76%,$8.26B,$0.54B,6.48%,$0.54B,$5.04B,11.48%,$0.54B,$5.04B,11.48%,$0.54B,$29.08B,1.91%,$0.91B,$6.06B,15.53%,$2274,$1927,$347,$0,$0,$2029,$245,$-27,$218,$60,$158,$158,$158,$205,$245,$73,75,$2.15,$2.11,$464,$0,$0,$2399,$0,$22667,$0,$290,$26683,$29082,$19981,$1016,$1488,$4061,$24041,$1,$2587,$907,$5041,$29082,$536,$-144,$246,$101,$-111,$0,$-18,$1335,$1206,$1843,$0,$0,$0,$-37,$-1683,$-1720,$0,$-1720,$0,$26,$26,$2,$2,$-35,$-186,$-193,$-48,$0,$-35
32,2010-09-30,43.0,$68.30,0.63,$106.80,0.4,$63.05,0.68,$6.58,6.53,$2.59B,$19.52B,0.13,$1.22B,$5.00B,0.24,$7.93B,$1.19B,14.95%,$7.93B,$0.85B,10.65%,$7.93B,$0.85B,10.65%,$7.93B,$0.70B,8.81%,$7.93B,$0.75B,9.43%,$7.93B,$0.49B,6.16%,$0.49B,$5.00B,11.19%,$0.49B,$5.00B,11.19%,$0.49B,$28.93B,1.81%,$0.85B,$6.21B,15.13%,$1956,$1646,$310,$0,$0,$1731,$224,$-27,$197,$69,$128,$128,$128,$184,$224,$73,74,$1.75,$1.72,$634,$0,$0,$2590,$0,$22306,$0,$297,$26344,$28934,$19516,$1216,$1980,$4420,$23936,$1,$2402,$1075,$4998,$28934,$378,$-105,$-80,$-185,$-98,$0,$-69,$1304,$1137,$1330,$0,$0,$0,$20,$-1230,$-1209,$0,$-1209,$0,$121,$121,$8,$8,$-26,$-116,$-13,$122,$0,$-26
33,2010-06-30,40.6,$60.73,0.67,$104.80,0.39,$57.49,0.71,$6.47,6.28,$2.32B,$18.83B,0.12,$1.22B,$4.44B,0.27,$7.76B,$1.14B,14.73%,$7.76B,$0.81B,10.46%,$7.76B,$0.81B,10.46%,$7.76B,$0.67B,8.65%,$7.76B,$0.73B,9.46%,$7.76B,$0.48B,6.18%,$0.48B,$4.44B,11.79%,$0.48B,$4.44B,11.79%,$0.48B,$27.22B,1.85%,$0.81B,$5.66B,15.66%,$1932,$1624,$308,$0,$0,$1707,$225,$-27,$198,$71,$127,$127,$127,$177,$225,$73,75,$1.74,$1.70,$558,$0,$0,$2323,$0,$21049,$0,$251,$24898,$27221,$18832,$1216,$1593,$3946,$22778,$1,$2283,$644,$4443,$27221,$249,$-65,$-11,$-75,$-118,$0,$-39,$1018,$861,$1035,$0,$0,$0,$91,$-968,$-877,$0,$-877,$0,$73,$73,$7,$7,$-18,$-170,$-107,$46,$0,$-18
34,2010-03-31,46.54,$56.98,0.82,$103.80,0.45,$51.03,0.91,$6.87,6.77,$2.28B,$18.73B,0.12,$1.22B,$4.17B,0.29,$7.64B,$1.14B,14.96%,$7.64B,$0.82B,10.78%,$7.64B,$0.82B,10.78%,$7.64B,$0.71B,9.25%,$7.64B,$0.75B,9.83%,$7.64B,$0.51B,6.61%,$0.51B,$4.17B,13.55%,$0.51B,$4.17B,13.55%,$0.51B,$26.72B,2.04%,$0.82B,$5.38B,17.35%,$2100,$1798,$302,$0,$0,$1890,$211,$-17,$193,$71,$122,$122,$122,$194,$211,$73,75,$1.68,$1.64,$525,$0,$0,$2278,$0,$20560,$0,$260,$24444,$26722,$18731,$1216,$1632,$3826,$22557,$1,$2165,$490,$4165,$26722,$122,$-17,$-84,$-101,$-42,$0,$-34,$1002,$927,$948,$0,$0,$0,$-2,$-774,$-776,$0,$-776,$0,$10,$10,$5,$5,$-9,$-165,$-158,$13,$0,$-9
35,2009-12-31,42.11,$52.99,0.79,$96.65,0.44,$43.15,0.98,$5.55,7.59,$2.19B,$17.75B,0.12,$1.22B,$3.87B,0.31,$7.07B,$0.97B,13.66%,$7.07B,$0.67B,9.49%,$7.07B,$0.67B,9.49%,$7.07B,$0.54B,7.58%,$7.07B,$0.59B,8.38%,$7.07B,$0.41B,5.75%,$0.41B,$3.87B,12.29%,$0.41B,$3.87B,12.29%,$0.41B,$25.25B,1.73%,$0.67B,$5.08B,15.81%,$1944,$1678,$266,$0,$0,$1759,$185,$-25,$160,$48,$112,$112,$112,$144,$185,$73,73,$1.54,$1.52,$512,$0,$0,$2186,$0,$19224,$0,$140,$23063,$25250,$17750,$1216,$1643,$3631,$21382,$1,$2056,$299,$3868,$25250,$407,$-135,$-86,$-221,$-73,$0,$-17,$1267,$1178,$1364,$0,$0,$0,$-114,$-1825,$-1939,$0,$-1939,$356,$-23,$334,$5,$5,$-26,$-117,$195,$-363,$0,$-26
36,2009-09-30,39.34,$51.83,0.76,$91.10,0.43,$35.69,1.1,$4.17,9.43,$2.22B,$17.21B,0.13,$0.82B,$3.77B,0.22,$6.49B,$0.80B,12.36%,$6.49B,$0.54B,8.24%,$6.49B,$0.54B,8.24%,$6.49B,$0.43B,6.55%,$6.49B,$0.45B,6.96%,$6.49B,$0.30B,4.67%,$0.30B,$3.77B,10.13%,$0.30B,$3.77B,10.13%,$0.30B,$24.16B,1.35%,$0.54B,$4.59B,13.87%,$1779,$1513,$266,$0,$0,$1589,$190,$-7,$183,$64,$118,$118,$118,$156,$190,$73,73,$1.62,$1.61,$547,$0,$0,$2222,$0,$18229,$0,$107,$21940,$24162,$17209,$817,$1529,$3181,$20389,$1,$1953,$331,$3773,$24162,$295,$-93,$-112,$-206,$-95,$0,$-61,$970,$814,$903,$0,$0,$0,$-35,$-890,$-925,$0,$-925,$-40,$-160,$-200,$-1,$-1,$-20,$-103,$-323,$-329,$0,$-20
37,2009-06-30,30.73,$42.59,0.72,$87.42,0.35,$30.68,1.0,$2.96,10.38,$2.02B,$16.70B,0.12,$0.82B,$3.10B,0.26,$6.02B,$0.65B,10.78%,$6.02B,$0.39B,6.54%,$6.02B,$0.39B,6.54%,$6.02B,$0.30B,4.90%,$6.02B,$0.30B,5.01%,$6.02B,$0.21B,3.49%,$0.21B,$3.10B,7.78%,$0.21B,$3.10B,7.78%,$0.21B,$22.65B,0.96%,$0.39B,$3.92B,10.97%,$1813,$1505,$308,$0,$0,$1576,$237,$-22,$215,$62,$153,$153,$153,$212,$237,$73,73,$2.11,$2.10,$417,$0,$0,$2019,$0,$16897,$0,$118,$20630,$22649,$16701,$817,$1417,$2849,$19550,$1,$1841,$-227,$3099,$22649,$176,$-60,$-9,$-69,$-56,$0,$-30,$517,$432,$539,$0,$0,$0,$5,$-712,$-707,$0,$-707,$-40,$-166,$-206,$-1,$-1,$-13,$-81,$-301,$-458,$0,$-13
