,Date,Stock Price,Book Value per Share,Price to Book Ratio,TTM Sales per Share,Price to Sales Ratio,TTM FCF per Share,Price to FCF Ratio,TTM Net EPS,PE Ratio,Current Assets,Current Liabilities,Current Ratio,Long Term Debt,Shareholder's Equity_x,Debt to Equity Ratio,TTM Revenue_x,TTM Gross Profit,Gross Margin,TTM Revenue_y,TTM Operating Income,Operating Margin,TTM Revenue_x,TTM EBIT,EBIT Margin,TTM Revenue_y,TTM EBITDA,EBITDA Margin,TTM Revenue_x,TTM Pre-Tax Income,Pre-Tax Margin,TTM Revenue_y,TTM Net Income_x,Net Margin,TTM Net Income_y,Shareholder's Equity_y,Return on Equity,TTM Net Income_x,Tangible Equity,Return on Tangible Equity,TTM Net Income_y,Total Assets,Return on Assets,TTM Net Income,LT Investments & Debt,Return on Investment,revenue,cost-goods-sold,gross-profit,research-development-expenses,selling-general-administrative-expenses,operating-expenses,operating-income,total-non-operating-income-expense,pre-tax-income,total-provision-income-taxes,income-after-taxes,income-from-continuous-operations,net-income,ebitda,ebit,basic-shares-outstanding,shares-outstanding,eps-basic-net-earnings-per-share,eps-earnings-per-share-diluted,cash-on-hand,inventory,other-current-assets,total-current-assets,net-property-plant-equipment,long-term-investments,goodwill-intangible-assets-total,other-long-term-assets,total-long-term-assets,total-assets,total-current-liabilities,long-term-debt,other-non-current-liabilities,total-long-term-liabilities,total-liabilities,common-stock-net,retained-earnings-accumulated-deficit,comprehensive-income,total-share-holder-equity,total-liabilities-share-holders-equity,net-income-loss,total-depreciation-amortization-cash-flow,other-non-cash-items,total-non-cash-items,change-in-accounts-receivable,change-in-inventories,change-in-accounts-payable,change-in-assets-liabilities,total-change-in-assets-liabilities,cash-flow-from-operating-activities,net-change-in-property-plant-equipment,net-change-in-intangible-assets,net-acquisitions-divestitures,net-change-in-short-term-investments,net-change-in-long-term-investments,net-change-in-investments-total,investing-activities-other,cash-flow-from-investing-activities,net-long-term-debt,net-current-debt,debt-issuance-retirement-net-total,net-common-equity-issued-repurchased,net-total-equity-issued-repurchased,total-common-preferred-stock-dividends-paid,financial-activities-other,cash-flow-from-financial-activities,net-cash-flow,stock-based-compensation,common-stock-dividends-paid
0,2018-09-30,55.46,$13.83,4.01,$4.22,13.16,$0.78,70.87,$0.51,108.75,$0.27B,$0.13B,2.06,$0.00B,$0.61B,0.0,$0.19B,$0.10B,54.59%,$0.19B,$0.02B,11.35%,$0.19B,$0.02B,11.35%,$0.19B,$0.04B,20.00%,$0.19B,$0.02B,9.19%,$0.19B,$0.02B,12.43%,$0.02B,$0.61B,3.84%,$0.02B,$0.14B,17.66%,$0.02B,$0.76B,3.07%,$0.02B,$0.61B,3.24%,$50,$22,$27,$4,$16,$42,$8,$-1,$7,$2,$5,$5,$5,$12,$8,$44,46,$0.11,$0.10,$190,$42,$0,$267,$29,$0,$464,$2,$495,$762,$130,$0,$5,$26,$156,$0,$-21,$-12,$606,$762,$11,$12,$11,$23,$-2,$-5,$3,$-3,$-7,$27,$-9,$0,$0,$0,$0,$0,$0,$-9,$-0,$0,$-0,$2,$2,$0,$0,$2,$17,$8,$0
1,2018-06-30,47.04,$13.67,3.44,$3.99,11.78,$0.34,137.58,$0.52,90.46,$0.25B,$0.12B,2.09,$0.00B,$0.60B,0.0,$0.17B,$0.09B,52.91%,$0.17B,$0.01B,7.56%,$0.17B,$0.01B,7.56%,$0.17B,$0.03B,16.28%,$0.17B,$0.01B,4.65%,$0.17B,$0.02B,13.37%,$0.02B,$0.60B,3.89%,$0.02B,$0.13B,19.13%,$0.02B,$0.75B,3.10%,$0.01B,$0.60B,2.03%,$48,$21,$27,$6,$17,$43,$4,$-1,$3,$1,$3,$3,$3,$8,$4,$44,45,$0.06,$0.06,$176,$41,$0,$253,$24,$0,$466,$2,$492,$745,$121,$0,$5,$25,$146,$0,$-26,$-11,$599,$745,$6,$8,$7,$15,$-5,$-3,$-1,$-1,$-14,$8,$-4,$0,$0,$0,$0,$0,$0,$-4,$-0,$0,$-0,$1,$1,$0,$0,$1,$2,$5,$0
2,2018-03-31,36.18,$13.67,2.65,$3.86,9.38,$0.31,117.05,$0.70,51.69,$0.25B,$0.02B,12.22,$0.10B,$0.60B,0.17,$0.16B,$0.08B,53.21%,$0.16B,$0.01B,8.97%,$0.16B,$0.01B,8.97%,$0.16B,$0.03B,17.31%,$0.16B,$0.01B,5.77%,$0.16B,$0.03B,17.95%,$0.03B,$0.60B,5.72%,$0.03B,$0.13B,24.89%,$0.03B,$0.74B,4.43%,$0.01B,$0.70B,2.49%,$45,$20,$25,$3,$16,$39,$6,$-1,$5,$1,$3,$3,$3,$10,$6,$44,44,$0.08,$0.08,$174,$40,$0,$248,$23,$0,$470,$2,$495,$743,$20,$100,$5,$126,$146,$0,$-29,$-6,$597,$743,$3,$4,$4,$8,$-2,$-1,$-2,$-1,$-10,$2,$-2,$0,$0,$0,$0,$0,$0,$-2,$-0,$0,$-0,$0,$0,$0,$0,$0,$0,$2,$0
3,2017-12-31,36.28,$13.57,2.67,$3.74,9.71,$0.30,119.11,$0.71,51.1,$0.24B,$0.03B,9.63,$0.10B,$0.59B,0.17,$0.14B,$0.08B,52.82%,$0.14B,$0.01B,9.86%,$0.14B,$0.01B,9.86%,$0.14B,$0.02B,16.90%,$0.14B,$0.01B,5.63%,$0.14B,$0.03B,19.72%,$0.03B,$0.59B,7.29%,$0.03B,$0.12B,27.25%,$0.03B,$0.74B,5.39%,$0.01B,$0.69B,3.06%,$42,$19,$22,$3,$16,$38,$3,$-2,$2,$-11,$12,$12,$12,$7,$3,$38,39,$0.29,$0.28,$174,$39,$0,$243,$22,$0,$472,$6,$501,$744,$25,$99,$2,$127,$152,$0,$-32,$-6,$592,$744,$28,$11,$-14,$-3,$-7,$1,$1,$-0,$-8,$17,$-5,$0,$-113,$20,$0,$20,$0,$-98,$0,$0,$0,$132,$132,$0,$-2,$130,$52,$7,$0
4,2017-09-30,38.32,$13.24,2.89,$3.42,11.19,$0.09,411.16,$0.59,64.95,$0.23B,$0.12B,1.95,$0.00B,$0.58B,0.0,$0.13B,$0.07B,52.38%,$0.13B,$0.01B,11.11%,$0.13B,$0.01B,11.11%,$0.13B,$0.02B,16.67%,$0.13B,$0.01B,6.35%,$0.13B,$0.02B,16.67%,$0.02B,$0.58B,7.54%,$0.02B,$0.10B,22.64%,$0.02B,$0.73B,5.18%,$0.01B,$0.58B,3.99%,$37,$20,$17,$2,$15,$37,$-0,$-2,$-2,$-7,$5,$5,$5,$3,$-0,$41,43,$0.11,$0.11,$160,$39,$0,$231,$22,$0,$474,$7,$503,$734,$118,$0,$2,$39,$157,$0,$-44,$-7,$577,$734,$16,$6,$-5,$1,$-8,$1,$0,$-1,$-15,$2,$-4,$0,$-113,$20,$0,$20,$0,$-97,$0,$0,$0,$131,$131,$0,$-2,$130,$37,$5,$0
5,2017-06-30,41.44,$5.60,7.4,$3.28,12.62,$0.19,218.11,$0.51,81.25,$0.20B,$0.02B,11.86,$0.10B,$0.19B,0.51,$0.11B,$0.06B,54.39%,$0.11B,$0.02B,15.79%,$0.11B,$0.02B,15.79%,$0.11B,$0.02B,20.18%,$0.11B,$0.01B,10.53%,$0.11B,$0.02B,14.91%,$0.02B,$0.19B,9.66%,$0.02B,$0.10B,17.66%,$0.02B,$0.31B,5.79%,$0.02B,$0.29B,6.63%,$32,$14,$19,$2,$11,$27,$5,$-2,$4,$-5,$8,$8,$8,$7,$5,$34,35,$0.25,$0.24,$145,$26,$0,$196,$16,$0,$90,$7,$113,$309,$17,$97,$2,$101,$118,$0,$-48,$-9,$191,$309,$12,$3,$-0,$3,$-6,$-1,$2,$-1,$-10,$4,$-3,$0,$0,$17,$0,$17,$0,$14,$0,$0,$0,$2,$2,$0,$-2,$-0,$20,$3,$0
6,2017-03-31,35.2,$5.19,6.78,$3.21,10.95,$0.31,113.11,$0.38,92.63,$0.19B,$0.01B,13.51,$0.10B,$0.18B,0.54,$0.11B,$0.06B,54.05%,$0.11B,$0.02B,17.12%,$0.11B,$0.02B,17.12%,$0.11B,$0.02B,20.72%,$0.11B,$0.01B,11.71%,$0.11B,$0.01B,11.71%,$0.01B,$0.18B,7.68%,$0.01B,$0.09B,13.07%,$0.01B,$0.29B,4.53%,$0.02B,$0.27B,7.20%,$31,$14,$17,$2,$9,$25,$6,$-2,$4,$1,$3,$3,$3,$7,$6,$34,34,$0.09,$0.09,$142,$24,$0,$186,$15,$0,$89,$0,$105,$291,$14,$96,$2,$100,$114,$0,$-57,$-13,$177,$291,$3,$2,$3,$4,$-2,$1,$-0,$0,$-6,$1,$-1,$0,$0,$7,$0,$7,$0,$6,$0,$0,$0,$1,$1,$0,$-2,$-0,$7,$2,$0
7,2016-12-31,30.82,$4.99,6.18,$3.07,10.03,$0.19,163.16,$0.34,90.65,$0.18B,$0.02B,8.74,$0.10B,$0.17B,0.57,$0.11B,$0.06B,54.29%,$0.11B,$0.02B,15.24%,$0.11B,$0.02B,15.24%,$0.11B,$0.02B,20.00%,$0.11B,$0.01B,11.43%,$0.11B,$0.01B,11.43%,$0.01B,$0.17B,7.63%,$0.01B,$0.08B,11.65%,$0.01B,$0.29B,4.79%,$0.02B,$0.26B,7.03%,$26,$12,$13,$2,$9,$23,$3,$-1,$2,$-3,$5,$5,$5,$4,$3,$34,34,$0.15,$0.15,$142,$25,$0,$184,$15,$0,$89,$0,$105,$289,$21,$95,$2,$99,$120,$0,$-60,$-14,$169,$289,$12,$5,$6,$11,$-3,$-6,$-2,$-0,$-16,$8,$-4,$0,$-45,$-0,$0,$-0,$0,$-49,$111,$0,$111,$2,$2,$0,$-1,$112,$68,$5,$0
8,2016-09-30,30.19,$4.92,6.13,$2.96,10.2,$0.46,65.08,$0.20,150.95,$0.22B,$0.02B,10.89,$0.09B,$0.17B,0.57,$0.10B,$0.06B,55.00%,$0.10B,$0.01B,14.00%,$0.10B,$0.01B,14.00%,$0.10B,$0.02B,20.00%,$0.10B,$0.01B,11.00%,$0.10B,$0.01B,7.00%,$0.01B,$0.17B,4.80%,$0.01B,$0.12B,6.53%,$0.01B,$0.29B,3.26%,$0.01B,$0.26B,7.27%,$25,$11,$13,$2,$7,$21,$4,$-2,$2,$1,$1,$1,$1,$5,$4,$34,34,$0.03,$0.03,$179,$24,$0,$220,$15,$0,$50,$0,$65,$285,$20,$94,$2,$98,$119,$0,$-65,$-9,$167,$285,$7,$4,$8,$12,$-3,$-6,$-2,$1,$-13,$6,$-3,$0,$-9,$-2,$0,$-2,$0,$-14,$111,$0,$111,$2,$2,$0,$-0,$112,$104,$3,$0
9,2016-06-30,27.36,$4.86,5.63,$2.83,9.67,$0.69,39.8,$0.25,109.44,$0.22B,$0.02B,10.21,$0.09B,$0.16B,0.57,$0.10B,$0.05B,55.79%,$0.10B,$0.01B,14.74%,$0.10B,$0.01B,14.74%,$0.10B,$0.02B,21.05%,$0.10B,$0.01B,13.68%,$0.10B,$0.01B,9.47%,$0.01B,$0.16B,6.70%,$0.01B,$0.11B,8.87%,$0.01B,$0.28B,5.03%,$0.01B,$0.26B,8.89%,$29,$13,$17,$2,$8,$23,$6,$-0,$5,$2,$4,$4,$4,$7,$6,$34,34,$0.12,$0.11,$182,$23,$0,$218,$14,$0,$50,$0,$64,$282,$21,$93,$2,$97,$119,$0,$-66,$-9,$164,$282,$5,$2,$5,$8,$1,$-5,$1,$0,$-7,$7,$-1,$0,$-9,$10,$0,$10,$0,$0,$111,$0,$111,$1,$1,$0,$-0,$112,$119,$2,$0
10,2016-03-31,26.82,$3.89,6.89,$2.61,10.26,$0.63,42.57,$0.25,107.28,$0.11B,$0.02B,6.65,$0.00B,$0.13B,0.0,$0.09B,$0.05B,56.32%,$0.09B,$0.01B,14.94%,$0.09B,$0.01B,14.94%,$0.09B,$0.02B,21.84%,$0.09B,$0.01B,13.79%,$0.09B,$0.01B,10.34%,$0.01B,$0.13B,7.33%,$0.01B,$0.10B,9.42%,$0.01B,$0.15B,6.32%,$0.01B,$0.13B,10.59%,$25,$11,$14,$2,$7,$22,$3,$-1,$3,$1,$2,$2,$2,$5,$3,$33,33,$0.05,$0.05,$70,$21,$0,$105,$14,$1,$27,$0,$42,$147,$16,$0,$3,$3,$18,$0,$-70,$-7,$129,$147,$2,$1,$3,$4,$-1,$-3,$-2,$1,$-10,$-4,$-0,$0,$0,$2,$0,$2,$0,$1,$0,$0,$0,$1,$1,$0,$-0,$0,$-1,$1,$0
11,2015-12-31,28.29,$3.73,7.59,$2.49,11.38,$0.65,43.54,$0.29,97.55,$0.10B,$0.02B,5.5,$0.00B,$0.12B,0.0,$0.08B,$0.05B,57.83%,$0.08B,$0.01B,16.87%,$0.08B,$0.01B,16.87%,$0.08B,$0.02B,22.89%,$0.08B,$0.01B,15.66%,$0.08B,$0.01B,12.05%,$0.01B,$0.12B,8.44%,$0.01B,$0.10B,10.99%,$0.01B,$0.15B,7.25%,$0.01B,$0.12B,11.81%,$21,$10,$11,$1,$6,$20,$1,$-0,$1,$1,$0,$0,$0,$3,$1,$33,34,$0.00,$0.00,$72,$18,$0,$103,$14,$2,$27,$0,$43,$146,$19,$0,$5,$5,$23,$0,$-72,$-9,$123,$146,$9,$5,$8,$12,$-4,$-6,$3,$2,$-6,$15,$-3,$0,$0,$7,$0,$7,$0,$5,$0,$0,$0,$1,$1,$0,$-0,$1,$19,$4,$0
12,2015-09-30,27.85,$3.69,7.55,$2.34,11.9,$0.66,41.91,$0.27,103.15,$0.10B,$0.02B,6.13,$0.00B,$0.12B,0.0,$0.08B,$0.05B,57.69%,$0.08B,$0.01B,16.67%,$0.08B,$0.01B,16.67%,$0.08B,$0.02B,21.79%,$0.08B,$0.01B,15.38%,$0.08B,$0.01B,12.82%,$0.01B,$0.12B,8.64%,$0.01B,$0.09B,11.40%,$0.01B,$0.14B,7.49%,$0.01B,$0.12B,11.23%,$20,$8,$11,$1,$6,$16,$4,$-0,$4,$1,$3,$3,$3,$5,$4,$33,34,$0.08,$0.08,$69,$16,$0,$96,$14,$2,$28,$0,$44,$140,$16,$0,$3,$3,$18,$0,$-72,$-9,$121,$140,$9,$3,$5,$8,$-3,$-4,$-1,$1,$-6,$12,$-2,$0,$0,$4,$0,$4,$0,$2,$0,$0,$0,$1,$1,$0,$-0,$1,$13,$3,$0
13,2015-06-30,41.27,$3.59,11.49,$2.21,18.67,$0.79,52.32,$0.23,179.43,$0.09B,$0.02B,5.89,$0.00B,$0.12B,0.0,$0.07B,$0.04B,57.53%,$0.07B,$0.01B,15.07%,$0.07B,$0.01B,15.07%,$0.07B,$0.02B,20.55%,$0.07B,$0.01B,13.70%,$0.07B,$0.01B,10.96%,$0.01B,$0.12B,7.00%,$0.01B,$0.09B,9.36%,$0.01B,$0.14B,6.12%,$0.01B,$0.12B,9.63%,$21,$9,$13,$1,$6,$17,$5,$-0,$4,$1,$4,$4,$4,$6,$5,$33,34,$0.11,$0.11,$63,$14,$0,$93,$14,$1,$28,$0,$44,$137,$16,$0,$3,$3,$19,$0,$-74,$-8,$118,$137,$7,$2,$4,$6,$-7,$-2,$1,$0,$-7,$5,$-2,$0,$0,$2,$0,$2,$0,$1,$0,$0,$0,$1,$1,$0,$-0,$1,$5,$2,$0
14,2015-03-31,30.36,$3.41,8.91,$2.04,14.86,$0.96,31.51,$0.21,144.57,$0.08B,$0.01B,6.33,$0.00B,$0.11B,0.0,$0.07B,$0.04B,55.88%,$0.07B,$0.01B,13.24%,$0.07B,$0.01B,13.24%,$0.07B,$0.01B,19.12%,$0.07B,$0.01B,13.24%,$0.07B,$0.01B,10.29%,$0.01B,$0.11B,6.15%,$0.01B,$0.08B,8.31%,$0.01B,$0.13B,5.44%,$0.01B,$0.11B,7.91%,$21,$8,$13,$2,$6,$17,$4,$0,$4,$1,$3,$3,$3,$5,$4,$33,33,$0.09,$0.09,$54,$12,$0,$84,$15,$2,$28,$0,$45,$129,$13,$0,$3,$3,$17,$0,$-78,$-10,$112,$129,$3,$1,$2,$3,$-7,$-1,$0,$-2,$-8,$-2,$-1,$0,$0,$2,$0,$2,$0,$0,$0,$0,$0,$0,$0,$0,$-0,$0,$-4,$1,$0
15,2014-12-31,19.8,$3.41,5.81,$1.92,10.32,$1.30,15.28,$0.25,79.2,$0.08B,$0.01B,7.58,$0.00B,$0.11B,0.0,$0.06B,$0.04B,55.56%,$0.06B,$0.01B,15.87%,$0.06B,$0.01B,15.87%,$0.06B,$0.01B,22.22%,$0.06B,$0.01B,15.87%,$0.06B,$0.01B,12.70%,$0.01B,$0.11B,7.08%,$0.01B,$0.08B,9.01%,$0.01B,$0.13B,6.34%,$0.01B,$0.11B,8.85%,$16,$8,$8,$1,$5,$16,$0,$0,$0,$1,$-0,$-0,$-0,$1,$0,$32,33,$-0.01,$-0.01,$58,$12,$0,$81,$15,$4,$29,$0,$47,$128,$11,$0,$6,$6,$17,$0,$-81,$-6,$112,$128,$8,$4,$4,$8,$-2,$-1,$2,$5,$2,$18,$-6,$0,$-21,$7,$0,$7,$-0,$-20,$0,$0,$0,$2,$2,$0,$0,$2,$-4,$2,$0
16,2014-09-30,19.91,$3.50,5.68,$1.90,10.48,$1.57,12.7,$0.36,55.31,$0.08B,$0.01B,7.23,$0.00B,$0.12B,0.0,$0.06B,$0.04B,59.68%,$0.06B,$0.02B,24.19%,$0.06B,$0.02B,24.19%,$0.06B,$0.02B,30.65%,$0.06B,$0.02B,24.19%,$0.06B,$0.01B,17.74%,$0.01B,$0.12B,9.91%,$0.01B,$0.09B,11.92%,$0.01B,$0.13B,8.87%,$0.02B,$0.12B,13.51%,$15,$7,$8,$2,$4,$13,$2,$0,$2,$1,$1,$1,$1,$3,$2,$33,33,$0.04,$0.04,$54,$13,$0,$76,$13,$10,$29,$0,$53,$129,$10,$0,$4,$4,$14,$0,$-80,$-3,$115,$129,$9,$3,$2,$5,$-1,$-1,$1,$7,$3,$17,$-3,$0,$-21,$6,$0,$6,$-0,$-19,$0,$0,$0,$1,$1,$0,$-1,$1,$-4,$1,$0
17,2014-06-30,22.79,$3.54,6.44,$2.02,11.28,$1.62,14.03,$0.50,45.58,$0.07B,$0.01B,8.38,$0.00B,$0.12B,0.0,$0.07B,$0.04B,62.12%,$0.07B,$0.02B,31.82%,$0.07B,$0.02B,31.82%,$0.07B,$0.03B,37.88%,$0.07B,$0.02B,31.82%,$0.07B,$0.02B,24.24%,$0.02B,$0.12B,14.92%,$0.02B,$0.09B,16.98%,$0.02B,$0.13B,13.36%,$0.02B,$0.12B,19.58%,$16,$7,$9,$1,$4,$12,$3,$0,$3,$0,$3,$3,$3,$4,$3,$32,33,$0.09,$0.09,$50,$13,$0,$74,$13,$12,$30,$0,$55,$129,$9,$0,$5,$5,$13,$0,$-82,$0,$116,$129,$7,$2,$1,$3,$-3,$-0,$2,$6,$0,$10,$-1,$0,$-21,$6,$0,$6,$-0,$-17,$0,$0,$0,$1,$1,$0,$0,$1,$-6,$1,$0
18,2014-03-31,12.86,$3.40,3.79,$2.09,6.15,$1.70,7.57,$0.55,23.38,$0.09B,$0.01B,12.45,$0.00B,$0.11B,0.0,$0.07B,$0.04B,64.71%,$0.07B,$0.02B,35.29%,$0.07B,$0.02B,35.29%,$0.07B,$0.03B,41.18%,$0.07B,$0.02B,35.29%,$0.07B,$0.02B,26.47%,$0.02B,$0.11B,17.78%,$0.02B,$0.10B,19.10%,$0.02B,$0.12B,15.82%,$0.02B,$0.11B,23.70%,$16,$6,$10,$1,$3,$11,$5,$0,$5,$1,$4,$4,$4,$6,$5,$32,33,$0.13,$0.13,$71,$11,$0,$89,$12,$11,$7,$0,$31,$119,$7,$0,$3,$3,$10,$0,$-85,$2,$109,$119,$4,$1,$0,$1,$-0,$0,$-0,$6,$2,$8,$-1,$0,$0,$2,$0,$2,$0,$1,$0,$0,$0,$0,$0,$0,$0,$0,$9,$0,$0
19,2013-12-31,13.64,$3.25,4.19,$2.11,6.46,$1.58,8.66,$0.49,27.84,$0.09B,$0.01B,7.64,$0.00B,$0.10B,0.0,$0.07B,$0.04B,63.24%,$0.07B,$0.02B,33.82%,$0.07B,$0.02B,33.82%,$0.07B,$0.03B,38.24%,$0.07B,$0.02B,33.82%,$0.07B,$0.02B,23.53%,$0.02B,$0.10B,16.71%,$0.02B,$0.10B,18.03%,$0.02B,$0.12B,14.78%,$0.02B,$0.10B,24.02%,$15,$5,$10,$1,$3,$10,$5,$0,$5,$2,$3,$3,$3,$6,$5,$32,32,$0.12,$0.11,$62,$12,$0,$86,$13,$12,$7,$0,$32,$119,$11,$0,$3,$3,$15,$0,$-89,$2,$104,$119,$16,$3,$4,$7,$-1,$-1,$-1,$4,$3,$26,$-5,$0,$0,$-13,$0,$-13,$0,$-18,$0,$0,$0,$2,$2,$0,$0,$3,$11,$1,$0
20,2013-09-30,11.09,$3.14,3.53,$2.24,4.95,$1.31,8.48,$0.69,16.07,$0.09B,$0.01B,9.95,$0.00B,$0.10B,0.0,$0.07B,$0.05B,62.50%,$0.07B,$0.02B,33.33%,$0.07B,$0.02B,33.33%,$0.07B,$0.03B,37.50%,$0.07B,$0.02B,33.33%,$0.07B,$0.02B,31.94%,$0.02B,$0.10B,25.34%,$0.02B,$0.09B,27.54%,$0.02B,$0.11B,22.38%,$0.02B,$0.10B,26.45%,$19,$6,$12,$1,$3,$11,$8,$0,$8,$2,$6,$6,$6,$9,$8,$32,33,$0.18,$0.18,$63,$10,$0,$87,$12,$4,$7,$0,$24,$112,$9,$0,$3,$3,$11,$0,$-92,$2,$100,$112,$13,$2,$3,$6,$-2,$1,$-2,$3,$1,$19,$-4,$0,$0,$-4,$0,$-4,$0,$-8,$0,$0,$0,$2,$2,$0,$-0,$2,$13,$1,$0
21,2013-06-30,8.24,$2.91,2.84,$2.14,3.84,$1.01,8.13,$0.57,14.46,$0.08B,$0.01B,7.92,$0.00B,$0.09B,0.0,$0.07B,$0.04B,60.29%,$0.07B,$0.02B,26.47%,$0.07B,$0.02B,26.47%,$0.07B,$0.02B,30.88%,$0.07B,$0.02B,26.47%,$0.07B,$0.02B,27.94%,$0.02B,$0.09B,22.55%,$0.02B,$0.09B,24.84%,$0.02B,$0.11B,19.79%,$0.02B,$0.09B,21.36%,$18,$6,$12,$2,$3,$11,$6,$-0,$6,$1,$5,$5,$5,$7,$6,$32,32,$0.14,$0.14,$58,$11,$0,$81,$10,$5,$7,$0,$24,$105,$10,$0,$2,$2,$12,$0,$-98,$1,$92,$105,$7,$2,$2,$3,$-1,$0,$-1,$3,$2,$12,$-1,$0,$0,$-5,$0,$-5,$0,$-6,$0,$0,$0,$2,$2,$0,$0,$2,$8,$1,$0
22,2013-03-31,6.91,$2.78,2.48,$2.10,3.29,$0.77,9.0,$0.48,14.4,$0.07B,$0.01B,7.95,$0.00B,$0.09B,0.0,$0.07B,$0.04B,56.06%,$0.07B,$0.01B,19.70%,$0.07B,$0.01B,19.70%,$0.07B,$0.02B,24.24%,$0.07B,$0.01B,21.21%,$0.07B,$0.02B,24.24%,$0.02B,$0.09B,20.38%,$0.02B,$0.08B,22.70%,$0.02B,$0.10B,17.78%,$0.01B,$0.09B,16.56%,$16,$7,$9,$2,$3,$13,$4,$0,$4,$1,$2,$2,$2,$4,$4,$31,32,$0.07,$0.07,$48,$10,$0,$71,$10,$6,$8,$0,$27,$97,$9,$0,$1,$1,$10,$0,$-103,$2,$87,$97,$2,$1,$0,$1,$-3,$1,$-1,$4,$0,$4,$-0,$0,$0,$-5,$0,$-5,$0,$-5,$0,$0,$0,$1,$1,$0,$0,$1,$-1,$0,$0
23,2012-12-31,6.28,$2.70,2.33,$2.00,3.14,$0.72,8.77,$0.45,13.96,$0.07B,$0.01B,6.16,$0.00B,$0.08B,0.0,$0.06B,$0.04B,55.56%,$0.06B,$0.01B,15.87%,$0.06B,$0.01B,15.87%,$0.06B,$0.01B,22.22%,$0.06B,$0.01B,17.46%,$0.06B,$0.02B,23.81%,$0.02B,$0.08B,20.27%,$0.02B,$0.08B,22.90%,$0.02B,$0.10B,17.49%,$0.01B,$0.08B,13.51%,$19,$7,$12,$2,$3,$12,$6,$0,$6,$-3,$10,$10,$10,$7,$6,$31,31,$0.31,$0.30,$40,$11,$0,$66,$10,$10,$8,$0,$31,$97,$11,$0,$2,$2,$13,$0,$-105,$2,$84,$97,$14,$4,$-2,$2,$-1,$3,$1,$-7,$-2,$13,$-1,$0,$0,$4,$0,$4,$0,$3,$0,$0,$0,$1,$1,$0,$0,$1,$18,$1,$0
24,2012-09-30,5.96,$2.37,2.51,$1.40,4.27,$0.33,18.24,$0.15,39.73,$0.05B,$0.01B,5.95,$0.00B,$0.07B,0.0,$0.04B,$0.02B,52.27%,$0.04B,$0.00B,9.09%,$0.04B,$0.00B,9.09%,$0.04B,$0.01B,15.91%,$0.04B,$0.01B,11.36%,$0.04B,$0.01B,11.36%,$0.01B,$0.07B,7.19%,$0.01B,$0.07B,8.23%,$0.01B,$0.09B,6.21%,$0.00B,$0.07B,5.76%,$15,$7,$8,$2,$3,$13,$2,$-0,$2,$-0,$2,$2,$2,$3,$2,$31,31,$0.06,$0.06,$30,$11,$0,$54,$10,$12,$8,$0,$31,$85,$9,$0,$2,$2,$11,$0,$-115,$2,$74,$85,$5,$3,$1,$3,$-5,$3,$0,$-2,$-2,$6,$-1,$0,$0,$1,$0,$1,$0,$-0,$0,$0,$0,$1,$1,$0,$0,$1,$7,$1,$0
25,2012-06-30,4.3,$2.23,1.93,$1.19,3.61,$0.10,42.74,$0.11,39.09,$0.05B,$0.01B,5.38,$0.00B,$0.07B,0.0,$0.04B,$0.02B,55.26%,$0.04B,$0.00B,7.89%,$0.04B,$0.00B,7.89%,$0.04B,$0.01B,13.16%,$0.04B,$0.00B,10.53%,$0.04B,$0.00B,10.53%,$0.00B,$0.07B,5.88%,$0.00B,$0.06B,6.56%,$0.00B,$0.08B,5.16%,$0.00B,$0.07B,4.41%,$16,$8,$8,$3,$3,$14,$1,$0,$2,$0,$2,$2,$2,$2,$1,$31,31,$0.05,$0.05,$28,$12,$0,$52,$10,$11,$8,$0,$29,$81,$10,$0,$3,$3,$13,$0,$-117,$-1,$69,$81,$3,$2,$0,$2,$-5,$2,$1,$0,$-1,$4,$-1,$0,$0,$2,$0,$2,$0,$1,$0,$0,$0,$0,$0,$0,$0,$0,$5,$0,$0
26,2012-03-31,5.9,$2.23,2.65,$0.94,6.27,$-0.06,0.0,$0.06,98.33,$0.05B,$0.01B,5.77,$0.00B,$0.07B,0.0,$0.03B,$0.02B,63.33%,$0.03B,$0.00B,6.67%,$0.03B,$0.00B,6.67%,$0.03B,$0.00B,10.00%,$0.03B,$0.00B,6.67%,$0.03B,$0.00B,6.67%,$0.00B,$0.07B,2.96%,$0.00B,$0.06B,3.23%,$0.00B,$0.08B,2.66%,$0.00B,$0.07B,2.96%,$13,$6,$7,$3,$3,$12,$1,$0,$1,$0,$1,$1,$1,$2,$1,$31,31,$0.04,$0.04,$28,$14,$0,$51,$11,$10,$9,$0,$30,$80,$9,$0,$3,$3,$12,$0,$-118,$1,$69,$80,$1,$1,$-0,$1,$-1,$-0,$0,$-0,$-0,$2,$-0,$0,$0,$-0,$0,$-0,$0,$-0,$0,$0,$0,$0,$0,$0,$0,$0,$2,$0,$0
27,2011-12-31,3.47,$0.00,0.0,$0.72,4.82,$-0.07,0.0,$-0.04,0.0,$0.05B,$0.01B,6.28,$0.00B,$0.07B,0.0,$0.02B,$0.02B,69.57%,$0.02B,$-0.00B,-4.35%,$0.02B,$-0.00B,-4.35%,$0.02B,$-0.00B,-4.35%,$0.02B,$-0.00B,-4.35%,$0.02B,$-0.00B,-4.35%,$-0.00B,$0.07B,-1.49%,$-0.00B,$0.06B,-1.58%,$-0.00B,$0.08B,-1.37%,$-0.00B,$0.07B,-1.49%,$0,$0,$0,$0,$0,$0,$0,$0,$0,$0,$0,$0,$0,$0,$0,$0,0,$0.00,$0.00,$27,$13,$0,$47,$11,$9,$9,$0,$29,$76,$7,$0,$2,$3,$10,$0,$-119,$0,$66,$76,$0,$0,$0,$0,$0,$0,$0,$0,$0,$0,$0,$0,$0,$0,$0,$0,$0,$0,$0,$0,$0,$0,$0,$0,$0,$0,$0,$0,$0
28,2011-09-30,3.26,$2.21,1.48,$0.95,3.44,$-0.02,0.0,$-0.03,0.0,$0.06B,$0.00B,14.45,$0.00B,$0.07B,0.0,$0.03B,$0.02B,70.00%,$0.03B,$0.01B,20.00%,$0.03B,$-0.00B,-3.33%,$0.03B,$0.01B,23.33%,$0.03B,$-0.00B,-3.33%,$0.03B,$-0.00B,-3.33%,$-0.00B,$0.07B,-1.48%,$-0.00B,$0.07B,-1.52%,$-0.00B,$0.07B,-1.38%,$0.01B,$0.07B,8.86%,$9,$3,$6,$3,$2,$8,$1,$0,$1,$0,$1,$1,$1,$1,$1,$31,31,$0.02,$0.02,$50,$2,$0,$60,$2,$8,$2,$0,$13,$73,$4,$0,$1,$1,$5,$0,$-117,$0,$68,$73,$-1,$1,$1,$2,$-3,$-1,$-0,$1,$-2,$-1,$-1,$0,$0,$3,$0,$3,$0,$2,$0,$0,$0,$-0,$-0,$0,$0,$-0,$1,$1,$0
29,2011-06-30,3.64,$2.18,1.67,$0.90,4.02,$0.05,71.23,$-0.03,0.0,$0.05B,$0.00B,14.05,$0.00B,$0.07B,0.0,$0.03B,$0.02B,71.43%,$0.03B,$0.01B,21.43%,$0.03B,$-0.00B,-3.57%,$0.03B,$0.01B,25.00%,$0.03B,$-0.00B,-3.57%,$0.03B,$-0.00B,-3.57%,$-0.00B,$0.07B,-1.48%,$-0.00B,$0.07B,-1.52%,$-0.00B,$0.07B,-1.38%,$0.01B,$0.07B,8.86%,$8,$2,$6,$4,$2,$8,$-0,$0,$-0,$0,$-0,$-0,$-0,$0,$-0,$31,31,$0.00,$0.00,$44,$3,$0,$52,$2,$15,$2,$0,$19,$72,$4,$0,$1,$1,$4,$0,$-118,$0,$67,$72,$-2,$1,$1,$1,$-1,$-1,$0,$1,$-1,$-1,$-0,$0,$0,$-1,$0,$-1,$0,$-1,$0,$0,$0,$-0,$-0,$0,$0,$-0,$-2,$1,$0
30,2011-03-31,3.74,$2.18,1.72,$0.88,4.24,$0.09,42.79,$0.00,0.0,$0.06B,$0.01B,12.08,$0.00B,$0.07B,0.0,$0.03B,$0.02B,70.37%,$0.03B,$0.01B,25.93%,$0.03B,0,0.00%,$0.03B,$0.01B,29.63%,$0.03B,0,0.00%,$0.03B,0,0.00%,$0.00B,$0.07B,0.00%,$0.00B,$0.07B,0.00%,$0.00B,$0.07B,0.00%,$0.01B,$0.07B,10.33%,$6,$2,$4,$4,$2,$8,$-2,$0,$-2,$0,$-2,$-2,$-2,$-2,$-2,$31,31,$-0.07,$-0.07,$50,$2,$0,$56,$2,$12,$2,$0,$16,$72,$5,$0,$1,$1,$5,$0,$-118,$0,$67,$72,$-2,$0,$0,$1,$-0,$-0,$0,$2,$3,$1,$-0,$0,$0,$3,$0,$3,$0,$3,$0,$0,$0,$-0,$-0,$0,$0,$-0,$4,$0,$0
31,2010-12-31,4.69,$2.24,2.1,$0.69,6.79,$0.05,99.36,$0.06,78.17,$0.06B,$0.00B,16.43,$0.00B,$0.07B,0.0,$0.02B,$0.02B,71.43%,$0.02B,$0.01B,42.86%,$0.02B,$0.00B,9.52%,$0.02B,$0.01B,47.62%,$0.02B,$0.00B,9.52%,$0.02B,$0.00B,9.52%,$0.00B,$0.07B,2.96%,$0.00B,$0.07B,3.05%,$0.00B,$0.07B,2.77%,$0.01B,$0.07B,13.33%,$7,$2,$5,$3,$0,$0,$7,$0,$0,$0,$0,$0,$0,$8,$0,$31,31,$0.01,$0.01,$51,$2,$0,$59,$2,$9,$2,$0,$14,$73,$4,$0,$1,$1,$4,$0,$-116,$0,$69,$73,$2,$1,$1,$2,$-1,$0,$-0,$-1,$-2,$2,$-0,$0,$-0,$-4,$0,$-4,$0,$-4,$-0,$0,$-0,$0,$0,$0,$0,$-0,$-3,$1,$0
32,2010-09-30,3.38,$2.22,1.52,$0.65,5.24,$-0.08,0.0,$0.04,84.5,$0.06B,$0.00B,17.17,$0.00B,$0.07B,0.0,$0.02B,$0.01B,70.00%,$0.02B,$0.01B,40.00%,$0.02B,$0.00B,10.00%,$0.02B,$0.01B,40.00%,$0.02B,$0.00B,5.00%,$0.02B,$0.00B,10.00%,$0.00B,$0.07B,2.97%,$0.00B,$0.07B,3.04%,$0.00B,$0.07B,2.78%,$0.01B,$0.07B,11.90%,$7,$2,$5,$3,$2,$7,$1,$0,$1,$0,$1,$1,$1,$1,$1,$31,31,$0.02,$0.02,$56,$2,$0,$64,$3,$3,$2,$0,$8,$73,$4,$0,$1,$1,$4,$0,$-116,$0,$68,$73,$2,$1,$1,$1,$-2,$0,$-0,$0,$-2,$1,$-0,$0,$0,$2,$0,$2,$0,$2,$0,$0,$0,$0,$0,$0,$0,$0,$3,$1,$0
33,2010-06-30,3.21,$2.19,1.47,$0.59,5.48,$-0.22,0.0,$-0.01,0.0,$0.06B,$0.00B,17.66,$0.00B,$0.07B,0.0,$0.02B,$0.01B,72.22%,$0.02B,$0.01B,33.33%,$0.02B,0,0.00%,$0.02B,$0.01B,33.33%,$0.02B,$-0.00B,-5.56%,$0.02B,0,0.00%,$0.00B,$0.07B,0.00%,$0.00B,$0.07B,0.00%,$0.00B,$0.07B,0.00%,$0.01B,$0.07B,8.92%,$7,$2,$5,$3,$2,$6,$1,$0,$1,$0,$1,$1,$1,$1,$1,$31,31,$0.03,$0.03,$55,$2,$0,$63,$3,$4,$2,$0,$9,$72,$4,$0,$1,$1,$4,$0,$-117,$0,$67,$72,$1,$0,$0,$1,$-1,$-0,$-0,$-0,$-2,$-0,$-0,$0,$0,$-4,$0,$-4,$0,$-4,$0,$0,$0,$0,$0,$0,$0,$0,$-4,$0,$0
34,2010-03-31,4.06,$0.00,0.0,$0.52,7.75,$-0.27,0.0,$-0.08,0.0,$0.06B,$0.01B,12.82,$0.00B,$0.07B,0.0,$0.02B,$0.01B,68.75%,$0.02B,$0.00B,25.00%,$0.02B,$-0.00B,-12.50%,$0.02B,$0.00B,25.00%,$0.02B,$-0.00B,-18.75%,$0.02B,$-0.00B,-12.50%,$-0.00B,$0.07B,-2.96%,$-0.00B,$0.06B,-2.99%,$-0.00B,$0.07B,-2.80%,$0.00B,$0.07B,5.93%,$0,$0,$0,$0,$0,$0,$0,$0,$0,$0,$0,$0,$0,$0,$0,$0,0,$0.00,$0.00,$53,$2,$0,$60,$3,$6,$2,$0,$12,$71,$5,$0,$1,$1,$5,$0,$-118,$0,$66,$71,$0,$0,$0,$0,$0,$0,$0,$0,$0,$0,$0,$0,$0,$0,$0,$0,$0,$0,$0,$0,$0,$0,$0,$0,$0,$0,$0,$0,$0
35,2009-12-31,4.11,$2.19,1.87,$0.52,7.85,$-0.27,0.0,$-0.08,0.0,$0.06B,$0.00B,14.05,$0.00B,$0.07B,0.0,$0.02B,$0.01B,68.75%,$0.02B,$0.00B,25.00%,$0.02B,$-0.00B,-12.50%,$0.02B,$0.00B,25.00%,$0.02B,$-0.00B,-18.75%,$0.02B,$-0.00B,-12.50%,$-0.00B,$0.07B,-2.93%,$-0.00B,$0.07B,-2.93%,$-0.00B,$0.07B,-2.77%,$0.00B,$0.07B,5.86%,$6,$1,$4,$4,$0,$0,$6,$0,$-1,$-1,$0,$0,$-0,$6,$0,$31,31,$-0.01,$-0.01,$49,$2,$0,$55,$3,$13,$0,$0,$16,$72,$4,$0,$0,$0,$4,$0,$-116,$0,$68,$72,$-2,$1,$1,$2,$0,$0,$-1,$-1,$-1,$-2,$-0,$0,$0,$3,$0,$3,$0,$2,$-0,$0,$-0,$0,$0,$0,$0,$0,$0,$1,$0
36,2009-09-30,5.01,$2.20,2.28,$0.53,9.37,$-0.01,0.0,$-0.07,0.0,$0.05B,$0.00B,12.61,$0.00B,$0.07B,0.0,$0.02B,$0.01B,68.75%,$0.02B,$0.00B,25.00%,$0.02B,$-0.00B,-12.50%,$0.02B,$0.00B,25.00%,$0.02B,$-0.00B,-12.50%,$0.02B,$-0.00B,-12.50%,$-0.00B,$0.07B,-2.90%,$-0.00B,$0.07B,-2.90%,$-0.00B,$0.07B,-2.74%,$0.00B,$0.07B,5.80%,$5,$1,$4,$3,$2,$7,$-1,$0,$-1,$0,$-1,$-1,$-1,$-1,$-1,$31,31,$-0.03,$-0.03,$43,$2,$0,$51,$3,$17,$0,$0,$21,$72,$4,$0,$0,$0,$4,$0,$-116,$0,$68,$72,$-2,$1,$0,$1,$-2,$0,$-0,$-0,$-2,$-3,$-0,$0,$0,$6,$0,$6,$0,$5,$-0,$0,$-0,$0,$0,$0,$0,$0,$2,$0,$0
37,2009-06-30,5.5,$2.22,2.48,$0.52,10.58,$0.28,19.83,$-0.04,0.0,$0.05B,$0.00B,17.11,$0.00B,$0.07B,0.0,$0.02B,$0.01B,68.75%,$0.02B,$0.01B,31.25%,$0.02B,$-0.00B,-6.25%,$0.02B,$0.01B,31.25%,$0.02B,$-0.00B,-6.25%,$0.02B,$-0.00B,-6.25%,$-0.00B,$0.07B,-1.42%,$-0.00B,$0.07B,-1.42%,$-0.00B,$0.07B,-1.35%,$0.01B,$0.07B,7.12%,$5,$2,$3,$3,$2,$6,$-1,$0,$-1,$0,$-1,$-1,$-1,$-1,$-1,$31,31,$-0.04,$-0.04,$48,$2,$0,$53,$3,$14,$0,$0,$18,$71,$3,$0,$0,$0,$3,$0,$-115,$0,$68,$71,$-1,$0,$0,$1,$0,$0,$-1,$-0,$-1,$-2,$-0,$0,$0,$1,$0,$1,$0,$0,$-0,$0,$-0,$0,$0,$0,$0,$0,$-1,$0,$0
38,2009-03-31,4.79,$0.00,0.0,$0.79,6.08,$0.51,9.39,$0.26,18.42,$0.06B,$0.01B,12.04,$0.00B,$0.07B,0.0,$0.03B,$0.02B,76.00%,$0.03B,$0.01B,56.00%,$0.03B,$0.01B,32.00%,$0.03B,$0.01B,56.00%,$0.03B,$0.01B,32.00%,$0.03B,$0.01B,32.00%,$0.01B,$0.07B,11.19%,$0.01B,$0.07B,11.19%,$0.01B,$0.07B,10.63%,$0.01B,$0.07B,19.58%,$0,$0,$0,$0,$0,$0,$0,$0,$0,$0,$0,$0,$0,$0,$0,$0,0,$0.00,$0.00,$49,$2,$0,$55,$4,$15,$0,$0,$19,$74,$5,$0,$0,$0,$5,$0,$-114,$0,$69,$74,$0,$0,$0,$0,$0,$0,$0,$0,$0,$0,$0,$0,$0,$0,$0,$0,$0,$0,$0,$0,$0,$0,$0,$0,$0,$0,$0,$0,$0
39,2008-12-31,3.78,$2.33,1.62,$0.79,4.8,$0.51,7.41,$0.26,14.54,$0.05B,$0.00B,14.26,$0.00B,$0.07B,0.0,$0.03B,$0.02B,76.00%,$0.03B,$0.01B,56.00%,$0.03B,$0.01B,32.00%,$0.03B,$0.01B,56.00%,$0.03B,$0.01B,32.00%,$0.03B,$0.01B,32.00%,$0.01B,$0.07B,11.39%,$0.01B,$0.07B,11.39%,$0.01B,$0.08B,10.81%,$0.01B,$0.07B,19.93%,$6,$2,$4,$4,$0,$0,$6,$0,$-0,$-0,$0,$0,$0,$6,$0,$31,31,$0.00,$0.00,$46,$3,$0,$54,$3,$18,$0,$0,$22,$75,$4,$0,$0,$0,$4,$0,$-111,$0,$71,$75,$8,$1,$1,$1,$-1,$0,$-1,$-2,$-3,$6,$-1,$0,$0,$-21,$0,$-21,$0,$-22,$-0,$0,$-0,$-2,$-2,$0,$0,$-2,$-18,$1,$0
40,2008-09-30,4.71,$2.34,2.01,$0.74,6.33,$1.56,3.02,$0.25,18.84,$0.06B,$0.00B,18.31,$0.00B,$0.07B,0.0,$0.02B,$0.02B,75.00%,$0.02B,$0.01B,54.17%,$0.02B,$0.01B,33.33%,$0.02B,$0.01B,54.17%,$0.02B,$0.01B,33.33%,$0.02B,$0.01B,33.33%,$0.01B,$0.07B,11.55%,$0.01B,$0.07B,11.55%,$0.01B,$0.08B,11.00%,$0.01B,$0.07B,18.77%,$5,$1,$4,$2,$2,$5,$-0,$1,$0,$0,$0,$0,$0,$-0,$-0,$31,32,$0.01,$0.01,$50,$3,$0,$57,$3,$16,$0,$0,$19,$76,$3,$0,$0,$0,$3,$0,$-112,$0,$73,$76,$8,$1,$0,$1,$-1,$0,$-2,$-2,$-4,$6,$-0,$0,$0,$-10,$0,$-10,$0,$-11,$-0,$0,$-0,$-0,$-0,$0,$0,$-0,$-5,$0,$0
41,2008-06-30,4.72,$2.33,2.02,$0.75,6.26,$2.68,1.76,$1.54,3.06,$0.05B,$0.00B,20.12,$0.00B,$0.07B,0.0,$0.02B,$0.02B,75.00%,$0.02B,$0.05B,225.00%,$0.02B,$0.05B,204.17%,$0.02B,$0.05B,225.00%,$0.02B,$0.05B,204.17%,$0.02B,$0.05B,200.00%,$0.05B,$0.07B,70.85%,$0.05B,$0.07B,70.85%,$0.05B,$0.08B,67.13%,$0.05B,$0.07B,79.70%,$14,$2,$11,$2,$1,$6,$8,$1,$8,$0,$8,$8,$8,$8,$8,$31,32,$0.27,$0.26,$48,$2,$0,$54,$4,$18,$0,$0,$21,$76,$3,$0,$0,$0,$3,$0,$-112,$0,$73,$76,$8,$0,$0,$0,$0,$0,$-2,$-2,$-3,$6,$-0,$0,$0,$-5,$0,$-5,$0,$-5,$-0,$0,$-0,$0,$0,$0,$0,$0,$1,$0,$0
42,2008-03-31,4.82,$0.00,0.0,$0.51,9.37,$2.48,1.95,$1.29,3.74,$0.05B,$0.01B,11.86,$0.00B,$0.06B,0.0,$0.02B,$0.01B,68.75%,$0.02B,$0.05B,287.50%,$0.02B,$0.04B,256.25%,$0.02B,$0.05B,287.50%,$0.02B,$0.04B,256.25%,$0.02B,$0.04B,250.00%,$0.04B,$0.06B,71.43%,$0.04B,$0.06B,71.43%,$0.04B,$0.07B,66.67%,$0.05B,$0.06B,82.14%,$0,$0,$0,$0,$0,$0,$0,$0,$0,$0,$0,$0,$0,$0,$0,$0,0,$0.00,$0.00,$50,$3,$0,$54,$3,$11,$0,$0,$14,$69,$5,$0,$0,$0,$5,$0,$-121,$0,$64,$69,$0,$0,$0,$0,$0,$0,$0,$0,$0,$0,$0,$0,$0,$0,$0,$0,$0,$0,$0,$0,$0,$0,$0,$0,$0,$0,$0,$0,$0
43,2007-12-31,6.55,$2.16,3.03,$0.51,12.74,$2.48,2.64,$1.29,5.08,$0.06B,$0.00B,17.97,$0.00B,$0.07B,0.0,$0.02B,$0.01B,68.75%,$0.02B,$0.05B,287.50%,$0.02B,$0.04B,256.25%,$0.02B,$0.05B,287.50%,$0.02B,$0.04B,256.25%,$0.02B,$0.04B,250.00%,$0.04B,$0.07B,86.02%,$0.04B,$0.07B,86.02%,$0.04B,$0.07B,80.00%,$0.05B,$0.07B,98.92%,$5,$2,$3,$2,$0,$0,$5,$0,$-0,$0,$0,$0,$-0,$5,$0,$31,31,$-0.01,$-0.01,$52,$2,$0,$58,$3,$10,$0,$0,$13,$70,$3,$0,$0,$0,$3,$0,$-117,$0,$67,$70,$40,$1,$1,$1,$-2,$-0,$-0,$-0,$-3,$39,$-1,$0,$0,$-30,$0,$-30,$0,$-31,$-0,$0,$-0,$0,$0,$0,$0,$0,$8,$0,$0
44,2007-09-30,4.33,$2.16,2.0,$0.49,8.81,$1.20,3.62,$1.30,3.33,$0.06B,$0.00B,16.91,$0.00B,$0.07B,0.0,$0.02B,$0.01B,73.33%,$0.02B,$0.05B,300.00%,$0.02B,$0.04B,273.33%,$0.02B,$0.05B,300.00%,$0.02B,$0.04B,273.33%,$0.02B,$0.04B,266.67%,$0.04B,$0.07B,111.11%,$0.04B,$0.07B,111.11%,$0.04B,$0.07B,100.63%,$0.05B,$0.07B,125.00%,$5,$1,$4,$1,$2,$-35,$41,$0,$41,$1,$40,$40,$40,$41,$41,$31,31,$1.31,$1.29,$60,$2,$0,$64,$3,$3,$0,$0,$6,$71,$4,$0,$0,$0,$4,$0,$-117,$0,$67,$71,$41,$0,$1,$1,$-1,$-0,$0,$-0,$-1,$40,$-0,$0,$0,$-9,$0,$-9,$0,$-10,$-0,$0,$-0,$0,$0,$0,$0,$0,$31,$0,$0
45,2007-06-30,3.9,$0.86,4.53,$0.41,9.41,$-0.13,0.0,$-0.02,0.0,$0.03B,$0.00B,7.47,$0.00B,$0.03B,0.0,$0.01B,$0.01B,69.23%,$0.01B,$0.00B,23.08%,$0.01B,$-0.00B,-7.69%,$0.01B,$0.00B,23.08%,$0.01B,$-0.00B,-7.69%,$0.01B,$-0.00B,-7.69%,$-0.00B,$0.03B,-3.92%,$-0.00B,$0.03B,-3.92%,$-0.00B,$0.03B,-3.45%,$0.00B,$0.03B,11.76%,$6,$2,$4,$2,$2,$6,$-0,$0,$0,$0,$0,$0,$0,$-0,$-0,$31,31,$0.01,$0.01,$20,$2,$0,$25,$3,$2,$0,$0,$5,$30,$3,$0,$0,$0,$4,$0,$-157,$0,$26,$30,$0,$0,$0,$1,$-2,$-0,$0,$-0,$-2,$-1,$-0,$0,$0,$-0,$0,$-0,$0,$-0,$-0,$0,$-0,$0,$0,$0,$0,$0,$-1,$0,$0
46,2007-03-31,3.16,$0.00,0.0,$0.34,9.3,$-0.12,0.0,$-0.03,0.0,$0.03B,$0.00B,7.71,$0.00B,$0.03B,0.0,$0.01B,$0.01B,72.73%,$0.01B,$0.00B,27.27%,$0.01B,$-0.00B,-9.09%,$0.01B,$0.00B,27.27%,$0.01B,$-0.00B,-9.09%,$0.01B,$-0.00B,-9.09%,$-0.00B,$0.03B,-3.92%,$-0.00B,$0.03B,-3.92%,$-0.00B,$0.03B,-3.48%,$0.00B,$0.03B,11.76%,$0,$0,$0,$0,$0,$0,$0,$0,$0,$0,$0,$0,$0,$0,$0,$0,0,$0.00,$0.00,$23,$2,$0,$26,$3,$0,$0,$0,$3,$29,$3,$0,$0,$0,$4,$0,$-158,$0,$26,$29,$0,$0,$0,$0,$0,$0,$0,$0,$0,$0,$0,$0,$0,$0,$0,$0,$0,$0,$0,$0,$0,$0,$0,$0,$0,$0,$0,$0,$0
47,2006-12-31,2.81,$0.83,3.37,$0.34,8.27,$-0.12,0.0,$-0.03,0.0,$0.02B,$0.00B,6.82,$0.00B,$0.03B,0.0,$0.01B,$0.01B,72.73%,$0.01B,$0.00B,27.27%,$0.01B,$-0.00B,-9.09%,$0.01B,$0.00B,27.27%,$0.01B,$-0.00B,-9.09%,$0.01B,$-0.00B,-9.09%,$-0.00B,$0.03B,-3.96%,$-0.00B,$0.03B,-3.96%,$-0.00B,$0.03B,-3.48%,$0.00B,$0.03B,11.88%,$4,$1,$3,$2,$0,$0,$4,$0,$-0,$0,$0,$0,$-0,$4,$0,$30,30,$0.00,$0.00,$19,$1,$0,$23,$3,$2,$0,$0,$6,$29,$3,$0,$0,$0,$4,$0,$-158,$0,$25,$29,$-1,$0,$1,$1,$-1,$0,$-1,$0,$-1,$-0,$-1,$0,$0,$1,$0,$1,$0,$0,$-0,$0,$-0,$0,$0,$0,$0,$-0,$-0,$1,$0
