,Date,Stock Price,Book Value per Share,Price to Book Ratio,TTM Sales per Share,Price to Sales Ratio,TTM FCF per Share,Price to FCF Ratio,TTM Net EPS,PE Ratio,Current Assets,Current Liabilities,Current Ratio,Long Term Debt,Shareholder's Equity_x,Debt to Equity Ratio,TTM Revenue_x,TTM Gross Profit,Gross Margin,TTM Revenue_y,TTM Operating Income,Operating Margin,TTM Revenue_x,TTM EBIT,EBIT Margin,TTM Revenue_y,TTM EBITDA,EBITDA Margin,TTM Revenue_x,TTM Pre-Tax Income,Pre-Tax Margin,TTM Revenue_y,TTM Net Income_x,Net Margin,TTM Net Income_y,Shareholder's Equity_y,Return on Equity,TTM Net Income_x,Tangible Equity,Return on Tangible Equity,TTM Net Income_y,Total Assets,Return on Assets,TTM Net Income,LT Investments & Debt,Return on Investment,revenue,cost-goods-sold,gross-profit,research-development-expenses,selling-general-administrative-expenses,operating-expenses,operating-income,total-non-operating-income-expense,pre-tax-income,total-provision-income-taxes,income-after-taxes,income-from-continuous-operations,net-income,ebitda,ebit,basic-shares-outstanding,shares-outstanding,eps-basic-net-earnings-per-share,eps-earnings-per-share-diluted,cash-on-hand,inventory,other-current-assets,total-current-assets,net-property-plant-equipment,long-term-investments,goodwill-intangible-assets-total,other-long-term-assets,total-long-term-assets,total-assets,total-current-liabilities,long-term-debt,other-non-current-liabilities,total-long-term-liabilities,total-liabilities,common-stock-net,retained-earnings-accumulated-deficit,comprehensive-income,total-share-holder-equity,total-liabilities-share-holders-equity,net-income-loss,total-depreciation-amortization-cash-flow,other-non-cash-items,total-non-cash-items,change-in-accounts-receivable,change-in-inventories,change-in-accounts-payable,change-in-assets-liabilities,total-change-in-assets-liabilities,cash-flow-from-operating-activities,net-change-in-property-plant-equipment,net-change-in-intangible-assets,net-acquisitions-divestitures,net-change-in-short-term-investments,net-change-in-long-term-investments,net-change-in-investments-total,investing-activities-other,cash-flow-from-investing-activities,net-long-term-debt,net-current-debt,debt-issuance-retirement-net-total,net-common-equity-issued-repurchased,net-total-equity-issued-repurchased,total-common-preferred-stock-dividends-paid,financial-activities-other,cash-flow-from-financial-activities,net-cash-flow,stock-based-compensation,common-stock-dividends-paid
0,2018-09-30,77.06,$32.71,2.36,$6.83,11.28,$11.83,6.52,$-1.94,0.0,$0.16B,$0.04B,4.27,$0.36B,$2.14B,0.17,$0.45B,$0.37B,82.06%,$0.45B,$-0.09B,-20.40%,$0.45B,$-0.09B,-20.40%,$0.45B,$0.09B,20.40%,$0.45B,$-0.12B,-27.35%,$0.45B,$-0.13B,-28.48%,$-0.13B,$2.14B,-5.83%,$-0.13B,$-0.32B,-13.54%,$-0.13B,$2.67B,-4.56%,$-0.09B,$2.49B,-3.52%,$100,$17,$83,$4,$11,$75,$25,$-9,$16,$4,$12,$12,$15,$72,$25,$65,65,$0.23,$0.23,$117,$10,$0,$159,$0,$0,$2459,$55,$2513,$2673,$37,$355,$50,$496,$534,$1,$-92,$0,$2139,$2673,$12,$46,$2,$49,$1,$-1,$-4,$1,$-16,$45,$0,$0,$-0,$0,$0,$0,$-0,$-0,$0,$0,$0,$0,$0,$-16,$0,$-16,$28,$2,$-16
1,2018-06-30,92.6,$32.76,2.83,$7.03,13.18,$12.24,7.56,$-1.73,0.0,$0.13B,$0.05B,2.45,$0.35B,$2.14B,0.16,$0.46B,$0.38B,81.88%,$0.46B,$-0.07B,-16.16%,$0.46B,$-0.07B,-16.16%,$0.46B,$0.10B,22.71%,$0.46B,$-0.10B,-22.71%,$0.46B,$-0.11B,-24.67%,$-0.11B,$2.14B,-5.08%,$-0.11B,$-0.36B,-7.06%,$-0.11B,$2.68B,-3.92%,$-0.07B,$2.49B,-2.76%,$116,$22,$94,$4,$12,$80,$36,$-8,$29,$5,$24,$24,$27,$82,$36,$65,65,$0.41,$0.41,$89,$9,$0,$126,$0,$0,$2501,$55,$2556,$2682,$51,$351,$47,$489,$541,$1,$-90,$-1,$2141,$2682,$-119,$179,$215,$393,$1,$-1,$5,$8,$55,$329,$0,$0,$-12,$0,$-18,$-18,$19,$-11,$-250,$0,$-250,$-4,$-4,$-64,$3,$-315,$3,$8,$-64
2,2018-03-31,85.4,$32.62,2.62,$6.92,12.35,$11.29,7.56,$-1.83,0.0,$0.15B,$0.04B,3.49,$0.42B,$2.13B,0.2,$0.45B,$0.37B,82.04%,$0.45B,$-0.08B,-16.63%,$0.45B,$-0.08B,-16.63%,$0.45B,$0.10B,22.17%,$0.45B,$-0.11B,-23.95%,$0.45B,$-0.12B,-26.61%,$-0.12B,$2.13B,-5.29%,$-0.12B,$2.13B,-5.29%,$-0.12B,$2.75B,-4.02%,$-0.08B,$2.55B,-2.70%,$116,$21,$95,$1,$9,$309,$-193,$-7,$-200,$-46,$-154,$-154,$-154,$-150,$-193,$65,65,$-2.35,$-2.35,$109,$13,$0,$152,$2533,$0,$0,$69,$2602,$2753,$43,$422,$54,$580,$623,$1,$-100,$0,$2130,$2753,$-143,$133,$214,$346,$-1,$-5,$-1,$17,$49,$252,$0,$0,$-1,$0,$0,$0,$-1,$-2,$-175,$0,$-175,$-4,$-4,$-48,$0,$-226,$24,$6,$-48
3,2017-12-31,81.43,$35.22,2.31,$6.78,12.01,$10.52,7.74,$0.88,92.53,$0.17B,$0.04B,3.98,$0.49B,$2.30B,0.22,$0.44B,$0.36B,81.45%,$0.44B,$0.15B,34.84%,$0.44B,$0.15B,34.84%,$0.44B,$0.33B,74.66%,$0.44B,$0.12B,27.15%,$0.44B,$0.06B,13.12%,$0.06B,$2.30B,2.50%,$0.06B,$2.30B,2.50%,$0.06B,$3.03B,1.88%,$0.15B,$2.79B,5.35%,$114,$20,$94,$1,$10,$73,$41,$-8,$33,$48,$-16,$-16,$-15,$87,$41,$65,65,$-0.23,$-0.23,$98,$7,$0,$165,$2811,$0,$0,$53,$2864,$3029,$42,$493,$47,$688,$730,$1,$70,$1,$2300,$3029,$11,$89,$33,$122,$-2,$1,$-2,$9,$14,$147,$0,$0,$0,$0,$0,$0,$-0,$-0,$-100,$0,$-100,$-4,$-4,$-31,$0,$-135,$12,$4,$-31
4,2017-09-30,85.08,$35.68,2.38,$6.67,12.76,$10.17,8.36,$1.54,55.24,$0.16B,$0.04B,3.92,$0.54B,$2.33B,0.23,$0.44B,$0.35B,80.46%,$0.44B,$0.15B,33.79%,$0.44B,$0.15B,33.79%,$0.44B,$0.32B,73.56%,$0.44B,$0.12B,27.36%,$0.44B,$0.10B,23.22%,$0.10B,$2.33B,4.35%,$0.10B,$2.33B,4.35%,$0.10B,$3.07B,3.25%,$0.15B,$2.87B,5.02%,$112,$20,$92,$3,$7,$71,$42,$-8,$34,$8,$27,$27,$29,$85,$42,$65,65,$0.44,$0.44,$88,$8,$0,$156,$2853,$0,$0,$58,$2910,$3066,$40,$540,$35,$696,$736,$1,$101,$1,$2330,$3066,$27,$43,$1,$45,$-2,$0,$-1,$-1,$0,$72,$0,$0,$-0,$0,$0,$0,$0,$0,$-50,$0,$-50,$0,$0,$-16,$-3,$-69,$3,$2,$-16
5,2017-06-30,77.06,$35.60,2.16,$6.75,11.41,$9.92,7.76,$1.56,49.39,$0.14B,$0.03B,4.19,$0.59B,$2.32B,0.25,$0.44B,$0.35B,80.05%,$0.44B,$0.15B,33.11%,$0.44B,$0.15B,33.11%,$0.44B,$0.32B,72.34%,$0.44B,$0.12B,26.98%,$0.44B,$0.10B,23.13%,$0.10B,$2.32B,4.41%,$0.10B,$2.32B,4.41%,$0.10B,$3.09B,3.26%,$0.15B,$2.91B,4.94%,$109,$20,$89,$4,$10,$74,$35,$-10,$25,$8,$17,$17,$20,$78,$35,$65,65,$0.30,$0.30,$86,$8,$0,$144,$2892,$0,$0,$58,$2950,$3094,$34,$586,$32,$740,$774,$1,$88,$1,$2320,$3094,$92,$173,$7,$180,$-7,$2,$-0,$2,$-6,$267,$0,$0,$-204,$0,$0,$0,$4,$-200,$-25,$0,$-25,$-2,$-2,$-61,$-9,$-98,$-31,$10,$-61
6,2017-03-31,68.82,$35.54,1.94,$6.53,10.54,$8.44,8.16,$1.57,43.83,$0.13B,$0.03B,5.42,$0.64B,$2.32B,0.28,$0.43B,$0.34B,79.58%,$0.43B,$0.14B,32.86%,$0.43B,$0.14B,32.86%,$0.43B,$0.31B,72.30%,$0.43B,$0.12B,27.46%,$0.43B,$0.10B,23.94%,$0.10B,$2.32B,4.43%,$0.10B,$2.32B,4.43%,$0.10B,$3.13B,3.26%,$0.14B,$2.95B,4.75%,$107,$22,$85,$3,$6,$71,$36,$-8,$28,$6,$22,$22,$24,$80,$36,$65,65,$0.36,$0.36,$88,$7,$0,$134,$2932,$0,$0,$63,$2995,$3129,$25,$636,$31,$788,$812,$1,$84,$1,$2317,$3129,$76,$130,$-4,$126,$-1,$3,$-2,$-1,$-0,$201,$0,$0,$-204,$0,$0,$0,$2,$-202,$25,$0,$25,$-3,$-3,$-46,$-4,$-27,$-29,$7,$-46
7,2016-12-31,62.01,$35.45,1.75,$6.33,9.8,$7.21,8.6,$0.17,364.74,$0.14B,$0.02B,6.1,$0.68B,$2.31B,0.29,$0.41B,$0.33B,80.10%,$0.41B,$0.03B,7.77%,$0.41B,$0.03B,7.77%,$0.41B,$0.20B,47.82%,$0.41B,$0.01B,2.67%,$0.41B,$0.01B,2.43%,$0.01B,$2.31B,0.44%,$0.01B,$2.31B,0.63%,$0.01B,$3.16B,0.32%,$0.03B,$2.99B,1.09%,$107,$23,$84,$2,$8,$72,$34,$-2,$32,$5,$27,$27,$28,$77,$34,$65,65,$0.43,$0.43,$84,$10,$0,$136,$2961,$0,$0,$63,$3024,$3160,$22,$677,$29,$828,$850,$1,$76,$1,$2310,$3160,$54,$86,$-1,$85,$-7,$-1,$-2,$2,$-14,$125,$0,$0,$-193,$0,$0,$0,$2,$-191,$70,$0,$70,$-2,$-2,$-30,$-4,$34,$-33,$6,$-30
8,2016-09-30,75.79,$35.28,2.15,$6.20,12.23,$6.14,12.35,$-0.03,0.0,$0.19B,$0.03B,7.5,$0.67B,$2.30B,0.29,$0.40B,$0.32B,79.90%,$0.40B,$0.03B,6.20%,$0.40B,$0.03B,6.20%,$0.40B,$0.19B,47.39%,$0.40B,$-0.00B,-0.50%,$0.40B,$-0.00B,-0.74%,$-0.00B,$2.30B,-0.13%,$-0.00B,$2.30B,-0.36%,$-0.00B,$3.15B,-0.10%,$0.03B,$2.97B,0.85%,$118,$23,$95,$3,$11,$77,$41,$-7,$34,$7,$27,$27,$30,$84,$41,$65,65,$0.46,$0.46,$133,$13,$0,$192,$2898,$0,$0,$59,$2957,$3149,$26,$674,$30,$824,$850,$1,$63,$0,$2299,$3149,$27,$43,$3,$46,$-7,$-3,$2,$0,$-18,$55,$0,$0,$-90,$0,$0,$0,$-0,$-90,$70,$0,$70,$-2,$-2,$-15,$-1,$52,$16,$4,$-15
9,2016-06-30,70.29,$35.12,2.0,$5.53,12.72,$5.33,13.18,$-1.18,0.0,$0.17B,$0.03B,6.5,$0.60B,$2.29B,0.26,$0.36B,$0.29B,80.78%,$0.36B,$0.01B,1.39%,$0.36B,$0.01B,1.39%,$0.36B,$0.16B,44.29%,$0.36B,$-0.02B,-6.13%,$0.36B,$-0.08B,-21.73%,$-0.08B,$2.29B,-3.36%,$-0.08B,$2.29B,-9.10%,$-0.08B,$3.07B,-2.47%,$0.01B,$2.89B,0.17%,$94,$19,$75,$2,$9,$66,$29,$-5,$23,$5,$18,$18,$20,$67,$29,$65,65,$0.32,$0.32,$117,$9,$0,$168,$2848,$0,$0,$54,$2902,$3070,$26,$601,$23,$758,$784,$1,$49,$0,$2286,$3070,$-82,$154,$101,$255,$20,$-7,$-1,$-2,$-3,$169,$0,$0,$-1001,$12,$0,$12,$-20,$-1010,$275,$0,$275,$-0,$-0,$-59,$-2,$214,$-626,$10,$-59
10,2016-03-31,49.89,$35.05,1.42,$5.21,9.57,$5.68,8.78,$-1.27,0.0,$0.18B,$0.02B,7.24,$0.63B,$2.28B,0.28,$0.34B,$0.28B,82.30%,$0.34B,$0.00B,1.18%,$0.34B,$0.00B,1.18%,$0.34B,$0.15B,44.25%,$0.34B,$-0.02B,-7.08%,$0.34B,$-0.08B,-24.48%,$-0.08B,$2.28B,-3.52%,$-0.08B,$-0.58B,-9.33%,$-0.08B,$3.10B,-2.66%,$0.00B,$2.91B,0.14%,$93,$18,$76,$2,$9,$166,$-72,$-6,$-78,$-8,$-69,$-69,$-68,$-31,$-72,$65,65,$-1.04,$-1.04,$127,$5,$0,$175,$0,$0,$2863,$61,$2924,$3099,$24,$630,$24,$794,$818,$1,$43,$1,$2281,$3099,$-101,$115,$88,$204,$15,$-3,$-2,$8,$17,$121,$0,$0,$-981,$7,$0,$7,$-20,$-995,$300,$0,$300,$-0,$-0,$-44,$-2,$254,$-620,$8,$-44
11,2015-12-31,35.1,$36.30,0.97,$4.91,7.15,$6.10,5.75,$0.15,234.02,$0.16B,$0.02B,7.94,$0.68B,$2.36B,0.29,$0.32B,$0.27B,83.44%,$0.32B,$0.11B,33.75%,$0.32B,$0.11B,33.75%,$0.32B,$0.24B,75.31%,$0.32B,$0.08B,25.00%,$0.32B,$0.01B,3.13%,$0.01B,$2.36B,0.42%,$0.01B,$-0.63B,0.90%,$0.01B,$3.22B,0.33%,$0.11B,$3.04B,3.74%,$98,$23,$76,$1,$7,$71,$27,$-9,$19,$5,$14,$14,$15,$71,$27,$65,65,$0.23,$0.23,$118,$8,$0,$163,$0,$8,$2996,$56,$3060,$3223,$21,$677,$22,$841,$861,$1,$126,$-1,$2362,$3223,$-31,$74,$-6,$68,$15,$-6,$-2,$7,$18,$55,$0,$0,$-980,$0,$0,$0,$-20,$-1000,$350,$0,$350,$0,$0,$-29,$-1,$320,$-625,$5,$-29
12,2015-09-30,45.22,$36.27,1.25,$4.35,10.4,$6.53,6.93,$-0.18,0.0,$0.15B,$0.03B,5.62,$0.68B,$2.36B,0.29,$0.28B,$0.25B,86.93%,$0.28B,$0.08B,27.92%,$0.28B,$0.08B,27.92%,$0.28B,$0.19B,67.49%,$0.28B,$0.05B,18.73%,$0.28B,$-0.01B,-4.24%,$-0.01B,$2.36B,-0.50%,$-0.01B,$2.36B,-0.89%,$-0.01B,$3.23B,-0.40%,$0.08B,$3.04B,2.83%,$74,$11,$63,$3,$11,$53,$21,$-7,$14,$59,$-45,$-45,$-45,$52,$21,$65,65,$-0.69,$-0.69,$104,$0,$0,$152,$3013,$6,$0,$58,$3076,$3229,$27,$675,$22,$842,$869,$1,$126,$-4,$2360,$3229,$-45,$30,$16,$46,$13,$-2,$3,$4,$1,$2,$0,$0,$-956,$0,$0,$0,$-20,$-976,$350,$0,$350,$0,$0,$-14,$-1,$335,$-639,$4,$-14
13,2015-06-30,59.01,$37.15,1.59,$4.27,13.82,$7.30,8.09,$0.80,73.76,$0.80B,$0.03B,31.92,$0.31B,$2.42B,0.13,$0.28B,$0.25B,88.13%,$0.28B,$0.09B,31.65%,$0.28B,$0.09B,31.65%,$0.28B,$0.19B,69.42%,$0.28B,$0.06B,22.30%,$0.28B,$0.05B,18.71%,$0.05B,$2.42B,2.17%,$0.05B,$2.42B,6.31%,$0.05B,$2.92B,1.80%,$0.09B,$2.73B,3.25%,$74,$10,$64,$2,$5,$46,$28,$-6,$21,$6,$15,$15,$15,$58,$28,$65,65,$0.23,$0.23,$749,$2,$0,$797,$2084,$0,$0,$37,$2120,$2917,$25,$314,$16,$476,$501,$1,$185,$-3,$2416,$2917,$53,$106,$9,$114,$6,$1,$0,$1,$25,$192,$0,$0,$-50,$0,$0,$0,$-1,$-51,$0,$0,$0,$1,$1,$-56,$-2,$-58,$83,$5,$-56
14,2015-03-31,60.25,$37.10,1.62,$4.22,14.28,$6.61,9.11,$0.83,72.59,$0.76B,$0.03B,29.55,$0.32B,$2.41B,0.13,$0.27B,$0.25B,89.42%,$0.27B,$0.09B,33.21%,$0.27B,$0.09B,33.21%,$0.27B,$0.20B,71.17%,$0.27B,$0.06B,22.63%,$0.27B,$0.05B,19.71%,$0.05B,$2.41B,2.27%,$0.05B,$0.30B,6.64%,$0.05B,$2.91B,1.87%,$0.09B,$2.73B,3.38%,$74,$11,$64,$0,$6,$42,$32,$-6,$26,$1,$25,$25,$25,$60,$32,$65,65,$0.38,$0.38,$715,$0,$0,$760,$0,$6,$2110,$35,$2150,$2910,$26,$319,$16,$471,$497,$1,$185,$-4,$2413,$2910,$38,$75,$1,$76,$4,$0,$-2,$5,$35,$148,$0,$0,$-60,$0,$0,$0,$10,$-50,$0,$0,$0,$1,$1,$-42,$-1,$-42,$56,$4,$-42
15,2014-12-31,59.65,$36.47,1.64,$3.97,15.03,$6.10,9.77,$0.76,78.48,$0.75B,$0.02B,38.63,$0.32B,$2.36B,0.13,$0.26B,$0.24B,91.86%,$0.26B,$0.09B,34.11%,$0.26B,$0.09B,34.11%,$0.26B,$0.19B,72.87%,$0.26B,$0.06B,23.26%,$0.26B,$0.05B,18.99%,$0.05B,$2.36B,2.07%,$0.05B,$0.29B,6.17%,$0.05B,$2.86B,1.70%,$0.09B,$2.68B,3.28%,$61,$6,$55,$0,$10,$63,$-2,$-6,$-8,$-2,$-6,$-6,$-7,$21,$-2,$65,65,$-0.10,$-0.10,$675,$0,$0,$752,$0,$8,$2067,$36,$2111,$2863,$19,$317,$15,$485,$505,$1,$174,$-2,$2358,$2863,$13,$48,$14,$61,$9,$1,$-1,$-1,$8,$82,$0,$0,$-39,$0,$0,$0,$-1,$-39,$0,$0,$0,$1,$1,$-27,$-1,$-27,$16,$3,$-27
16,2014-09-30,61.37,$36.82,1.67,$3.84,15.99,$5.92,10.37,$1.02,60.16,$0.76B,$0.02B,36.44,$0.31B,$2.38B,0.13,$0.25B,$0.23B,93.60%,$0.25B,$0.11B,45.20%,$0.25B,$0.11B,45.20%,$0.25B,$0.22B,86.00%,$0.25B,$0.09B,34.00%,$0.25B,$0.07B,26.80%,$0.07B,$2.38B,2.83%,$0.07B,$0.29B,8.56%,$0.07B,$2.89B,2.32%,$0.11B,$2.69B,4.22%,$69,$7,$62,$0,$9,$39,$30,$-7,$23,$4,$19,$19,$19,$54,$30,$65,65,$0.29,$0.29,$691,$0,$0,$757,$0,$8,$2091,$36,$2135,$2893,$21,$314,$15,$494,$515,$1,$195,$-2,$2378,$2893,$19,$25,$-1,$24,$3,$0,$-2,$2,$10,$52,$0,$0,$-6,$0,$0,$0,$-0,$-6,$0,$0,$0,$0,$0,$-14,$-1,$-14,$32,$2,$-14
17,2014-06-30,71.74,$36.52,1.96,$3.65,19.67,$5.66,12.68,$0.96,74.73,$0.74B,$0.02B,32.7,$0.31B,$2.37B,0.13,$0.24B,$0.23B,96.20%,$0.24B,$0.11B,45.99%,$0.24B,$0.11B,45.99%,$0.24B,$0.21B,89.03%,$0.24B,$0.08B,34.60%,$0.24B,$0.06B,26.58%,$0.06B,$2.37B,2.66%,$0.06B,$2.37B,8.20%,$0.06B,$2.89B,2.18%,$0.11B,$2.68B,4.07%,$70,$6,$64,$0,$8,$39,$31,$-10,$21,$4,$17,$17,$17,$60,$31,$65,65,$0.26,$0.26,$660,$0,$0,$736,$2109,$10,$0,$37,$2156,$2892,$23,$312,$15,$496,$519,$1,$190,$-0,$2373,$2892,$63,$103,$-2,$101,$4,$-3,$1,$-5,$-17,$147,$0,$0,$-80,$0,$0,$0,$-5,$-85,$0,$0,$0,$1,$1,$-53,$-15,$-67,$-4,$3,$-53
18,2014-03-31,58.82,$36.65,1.6,$3.47,16.94,$6.12,9.62,$0.86,68.39,$0.71B,$0.03B,27.89,$0.31B,$2.36B,0.13,$0.22B,$0.22B,98.66%,$0.22B,$0.11B,48.21%,$0.22B,$0.11B,48.21%,$0.22B,$0.20B,91.07%,$0.22B,$0.09B,38.84%,$0.22B,$0.06B,25.45%,$0.06B,$2.36B,2.41%,$0.06B,$0.23B,23.97%,$0.06B,$2.88B,1.97%,$0.11B,$2.67B,4.04%,$58,$2,$56,$0,$6,$29,$29,$-4,$24,$4,$20,$20,$20,$53,$29,$65,65,$0.31,$0.31,$646,$0,$0,$712,$0,$7,$2133,$30,$2170,$2883,$26,$309,$26,$496,$522,$1,$187,$-7,$2361,$2883,$47,$74,$-12,$62,$8,$0,$0,$3,$7,$115,$0,$0,$-80,$0,$0,$0,$0,$-79,$0,$0,$0,$1,$1,$-40,$-14,$-54,$-18,$1,$-40
19,2013-12-31,43.27,$36.86,1.17,$3.73,11.61,$6.39,6.78,$0.65,66.57,$0.73B,$0.02B,30.11,$0.31B,$2.37B,0.13,$0.24B,$0.24B,99.58%,$0.24B,$0.12B,50.83%,$0.24B,$0.12B,50.83%,$0.24B,$0.22B,90.83%,$0.24B,$0.09B,36.67%,$0.24B,$0.04B,17.92%,$0.04B,$2.37B,1.81%,$0.04B,$0.25B,17.23%,$0.04B,$2.89B,1.48%,$0.12B,$2.68B,4.56%,$53,$1,$52,$0,$6,$30,$23,$-6,$17,$6,$11,$11,$11,$48,$23,$65,65,$0.16,$0.16,$659,$0,$0,$729,$0,$7,$2123,$29,$2160,$2889,$24,$307,$23,$496,$520,$1,$180,$-7,$2369,$2889,$26,$50,$-6,$43,$7,$0,$-1,$2,$1,$70,$0,$0,$-48,$0,$0,$0,$-0,$-48,$0,$0,$0,$0,$0,$-26,$-1,$-27,$-5,$2,$-26
20,2013-09-30,45.31,$36.99,1.22,$4.16,10.89,$6.31,7.18,$0.91,49.79,$0.72B,$0.03B,25.51,$0.31B,$2.38B,0.13,$0.27B,$0.27B,100.00%,$0.27B,$0.15B,56.18%,$0.27B,$0.15B,56.18%,$0.27B,$0.24B,91.39%,$0.27B,$0.12B,43.07%,$0.27B,$0.06B,22.10%,$0.06B,$2.38B,2.48%,$0.06B,$0.23B,22.22%,$0.06B,$2.90B,2.04%,$0.15B,$2.68B,5.61%,$56,$0,$56,$0,$8,$31,$26,$-6,$20,$5,$15,$15,$15,$50,$26,$65,65,$0.23,$0.23,$638,$0,$0,$715,$0,$11,$2146,$30,$2187,$2902,$28,$305,$23,$500,$528,$1,$183,$-3,$2375,$2902,$15,$25,$-1,$24,$2,$0,$-1,$2,$-6,$35,$0,$0,$-48,$0,$0,$0,$-0,$-48,$0,$0,$0,$0,$0,$-13,$-1,$-14,$-26,$2,$-13
21,2013-06-30,39.0,$36.56,1.07,$4.59,8.49,$6.66,5.85,$1.09,35.78,$0.74B,$0.04B,21.22,$0.30B,$2.37B,0.13,$0.29B,$0.29B,100.00%,$0.29B,$0.17B,59.52%,$0.29B,$0.17B,59.52%,$0.29B,$0.27B,91.70%,$0.29B,$0.14B,47.40%,$0.29B,$0.07B,23.88%,$0.07B,$2.37B,3.06%,$0.07B,$0.25B,37.86%,$0.07B,$2.91B,2.49%,$0.17B,$2.67B,6.74%,$57,$0,$57,$0,$7,$27,$30,$-4,$26,$13,$14,$14,$11,$53,$30,$63,63,$0.15,$0.16,$664,$0,$0,$744,$0,$10,$2120,$31,$2161,$2905,$35,$302,$23,$500,$535,$1,$181,$-5,$2371,$2905,$73,$94,$1,$95,$4,$0,$0,$2,$4,$173,$0,$0,$-314,$0,$0,$0,$5,$-309,$0,$0,$0,$474,$474,$-44,$-4,$425,$289,$6,$-44
22,2013-03-31,65.62,$37.06,1.77,$4.74,13.85,$6.76,9.7,$1.27,51.67,$0.75B,$0.02B,34.61,$0.30B,$2.38B,0.13,$0.29B,$0.29B,100.00%,$0.29B,$0.18B,61.30%,$0.29B,$0.18B,61.30%,$0.29B,$0.27B,90.75%,$0.29B,$0.15B,49.66%,$0.29B,$0.08B,27.05%,$0.08B,$2.38B,3.72%,$0.08B,$0.27B,70.07%,$0.08B,$2.89B,2.99%,$0.18B,$2.68B,7.39%,$74,$0,$74,$0,$10,$31,$43,$-18,$25,$18,$7,$7,$6,$67,$43,$65,65,$0.10,$0.10,$673,$0,$0,$749,$0,$14,$2104,$27,$2145,$2894,$22,$300,$22,$494,$516,$1,$184,$-0,$2378,$2894,$60,$71,$11,$82,$-5,$0,$-1,$-2,$-9,$133,$0,$0,$-277,$0,$0,$0,$0,$-277,$0,$0,$0,$474,$474,$-31,$-1,$442,$298,$6,$-31
23,2012-12-31,74.99,$36.98,2.03,$4.77,15.71,$6.80,11.03,$1.61,46.58,$0.78B,$0.02B,42.1,$0.30B,$2.37B,0.13,$0.29B,$0.29B,100.00%,$0.29B,$0.18B,62.15%,$0.29B,$0.18B,62.15%,$0.29B,$0.26B,90.63%,$0.29B,$0.16B,56.25%,$0.29B,$0.10B,34.38%,$0.10B,$2.37B,4.99%,$0.10B,$0.31B,250.63%,$0.10B,$2.89B,4.05%,$0.18B,$2.67B,8.03%,$80,$0,$80,$0,$8,$29,$51,$-7,$44,$16,$28,$28,$27,$74,$51,$64,64,$0.42,$0.42,$681,$0,$0,$781,$0,$18,$2064,$24,$2106,$2887,$19,$298,$22,$496,$514,$1,$190,$-10,$2373,$2887,$53,$47,$0,$48,$-17,$0,$-1,$-20,$-36,$64,$0,$0,$-215,$0,$0,$0,$0,$-215,$0,$0,$0,$474,$474,$-18,$-0,$456,$305,$4,$-18
24,2012-09-30,91.87,$32.10,2.86,$4.77,19.27,$7.15,12.84,$1.61,57.06,$0.37B,$0.02B,19.24,$0.30B,$1.89B,0.16,$0.28B,$0.28B,100.00%,$0.28B,$0.17B,60.29%,$0.28B,$0.17B,60.29%,$0.28B,$0.25B,89.53%,$0.28B,$0.16B,56.32%,$0.28B,$0.10B,34.30%,$0.10B,$1.89B,5.37%,$0.10B,$-0.10B,-87.36%,$0.10B,$2.40B,4.28%,$0.17B,$2.18B,8.32%,$78,$0,$78,$0,$9,$30,$48,$-6,$42,$16,$25,$25,$25,$71,$48,$59,60,$0.42,$0.41,$302,$0,$0,$372,$0,$20,$1990,$22,$2032,$2403,$19,$295,$23,$498,$517,$1,$176,$-9,$1886,$2403,$25,$24,$3,$27,$-11,$0,$0,$-0,$-1,$54,$0,$0,$-120,$0,$0,$0,$0,$-120,$0,$0,$0,$2,$2,$-9,$0,$-7,$-73,$2,$-9
25,2012-06-30,72.01,$31.36,2.3,$4.62,15.58,$7.09,10.16,$1.60,45.01,$0.45B,$0.02B,29.27,$0.29B,$1.86B,0.16,$0.26B,$0.26B,100.00%,$0.26B,$0.16B,59.32%,$0.26B,$0.16B,59.32%,$0.26B,$0.23B,88.21%,$0.26B,$0.15B,58.17%,$0.26B,$0.09B,34.98%,$0.09B,$1.86B,5.50%,$0.09B,$-0.03B,-73.75%,$0.09B,$2.38B,4.40%,$0.16B,$2.16B,8.29%,$60,$0,$60,$0,$7,$23,$37,$-2,$34,$13,$21,$21,$21,$53,$37,$57,57,$0.34,$0.35,$375,$0,$0,$445,$0,$15,$1891,$25,$1931,$2376,$15,$293,$22,$498,$513,$1,$160,$-14,$1863,$2376,$98,$75,$1,$76,$-5,$0,$1,$-1,$-13,$162,$0,$0,$-277,$0,$0,$0,$5,$-271,$131,$0,$131,$272,$272,$-30,$-2,$370,$261,$7,$-30
26,2012-03-31,59.77,$30.82,1.94,$4.65,12.86,$6.92,8.63,$1.65,36.22,$0.25B,$0.03B,8.07,$0.10B,$1.81B,0.06,$0.26B,$0.26B,100.00%,$0.26B,$0.15B,58.78%,$0.26B,$0.15B,58.78%,$0.26B,$0.23B,87.79%,$0.26B,$0.15B,58.40%,$0.26B,$0.09B,35.50%,$0.09B,$1.81B,5.89%,$0.09B,$-0.02B,-55.19%,$0.09B,$2.11B,4.71%,$0.15B,$1.90B,8.71%,$70,$0,$70,$0,$7,$27,$43,$-1,$42,$15,$27,$27,$26,$63,$43,$59,59,$0.44,$0.44,$183,$0,$0,$252,$0,$20,$1825,$12,$1857,$2109,$31,$99,$21,$272,$303,$1,$149,$-8,$1806,$2109,$77,$58,$-1,$57,$-13,$0,$-0,$0,$-12,$123,$0,$0,$-194,$0,$0,$0,$5,$-188,$-112,$0,$-112,$271,$271,$-21,$-5,$135,$69,$6,$-21
27,2011-12-31,61.66,$27.78,2.22,$4.48,13.78,$6.70,9.21,$1.56,39.53,$0.17B,$0.03B,5.5,$0.27B,$1.52B,0.18,$0.25B,$0.25B,100.00%,$0.25B,$0.14B,57.66%,$0.25B,$0.14B,57.66%,$0.25B,$0.22B,86.69%,$0.25B,$0.14B,57.26%,$0.25B,$0.09B,35.08%,$0.09B,$1.52B,5.82%,$0.09B,$-0.28B,-38.62%,$0.09B,$1.99B,4.52%,$0.14B,$1.79B,8.33%,$69,$0,$69,$0,$8,$29,$39,$-1,$38,$14,$24,$24,$23,$61,$39,$55,56,$0.42,$0.42,$96,$0,$0,$166,$0,$17,$1799,$13,$1828,$1994,$30,$273,$24,$449,$479,$1,$131,$-12,$1515,$1994,$50,$39,$-2,$37,$-16,$0,$-0,$1,$-12,$75,$0,$0,$-148,$0,$0,$0,$5,$-143,$62,$0,$62,$3,$3,$-12,$-3,$50,$-18,$4,$-12
28,2011-09-30,58.58,$27.62,2.12,$4.26,13.77,$6.45,9.09,$1.47,39.85,$0.19B,$0.04B,5.12,$0.18B,$1.50B,0.12,$0.24B,$0.24B,100.00%,$0.24B,$0.14B,57.87%,$0.24B,$0.14B,57.87%,$0.24B,$0.20B,85.96%,$0.24B,$0.14B,57.87%,$0.24B,$0.08B,34.89%,$0.08B,$1.50B,5.54%,$0.08B,$-0.17B,-37.40%,$0.08B,$1.89B,4.33%,$0.14B,$1.68B,8.08%,$64,$0,$64,$0,$8,$27,$37,$1,$39,$12,$26,$26,$22,$55,$37,$55,55,$0.41,$0.40,$123,$0,$0,$185,$0,$24,$1672,$12,$1708,$1892,$36,$177,$23,$353,$389,$1,$116,$-5,$1504,$1892,$26,$17,$-1,$17,$-6,$0,$0,$-1,$3,$46,$0,$0,$0,$0,$0,$0,$4,$4,$-34,$0,$-34,$3,$3,$-6,$-4,$-41,$9,$2,$-6
29,2011-06-30,53.47,$26.98,1.98,$3.91,13.66,$6.23,8.58,$1.28,41.77,$0.17B,$0.03B,5.87,$0.21B,$1.49B,0.14,$0.22B,$0.22B,100.00%,$0.22B,$0.12B,55.56%,$0.22B,$0.12B,55.56%,$0.22B,$0.19B,86.57%,$0.22B,$0.12B,54.17%,$0.22B,$0.07B,33.33%,$0.07B,$1.49B,4.92%,$0.07B,$-0.20B,-38.81%,$0.07B,$1.90B,3.82%,$0.12B,$1.70B,7.15%,$59,$0,$59,$0,$8,$25,$35,$-1,$34,$10,$23,$23,$22,$51,$35,$55,55,$0.38,$0.40,$114,$0,$0,$169,$0,$29,$1690,$14,$1733,$1903,$29,$211,$23,$386,$415,$1,$100,$0,$1488,$1903,$77,$67,$-3,$64,$-8,$0,$-1,$9,$5,$147,$0,$0,$-309,$0,$0,$0,$2,$-306,$-23,$0,$-23,$0,$0,$-22,$-6,$-51,$-211,$6,$-22
30,2011-03-31,47.66,$27.50,1.73,$3.77,12.65,$4.68,10.19,$1.10,43.32,$0.19B,$0.03B,5.45,$0.23B,$1.47B,0.16,$0.20B,$0.20B,100.00%,$0.20B,$0.10B,51.01%,$0.20B,$0.10B,51.01%,$0.20B,$0.17B,85.86%,$0.20B,$0.10B,51.01%,$0.20B,$0.06B,30.81%,$0.06B,$1.47B,4.21%,$0.06B,$-0.25B,-41.92%,$0.06B,$1.91B,3.25%,$0.10B,$1.70B,6.06%,$56,$0,$56,$0,$8,$24,$32,$-1,$31,$10,$20,$20,$20,$48,$32,$55,55,$0.36,$0.35,$126,$0,$0,$185,$0,$0,$1716,$12,$1728,$1913,$34,$229,$23,$409,$443,$1,$84,$0,$1470,$1913,$54,$51,$-0,$50,$-6,$0,$-0,$5,$-2,$102,$0,$0,$-280,$0,$0,$0,$4,$-276,$-4,$0,$-4,$0,$0,$-16,$-6,$-26,$-199,$5,$-16
31,2010-12-31,49.47,$27.21,1.82,$3.54,13.96,$3.44,14.4,$0.62,79.79,$0.13B,$0.04B,3.38,$0.20B,$1.46B,0.14,$0.18B,$0.18B,98.87%,$0.18B,$0.07B,38.42%,$0.18B,$0.07B,38.42%,$0.18B,$0.13B,75.71%,$0.18B,$0.07B,38.42%,$0.18B,$0.04B,19.77%,$0.04B,$1.46B,2.55%,$0.04B,$-0.26B,-21.51%,$0.04B,$1.86B,1.95%,$0.07B,$1.66B,4.28%,$56,$0,$56,$0,$9,$25,$32,$0,$32,$11,$21,$21,$18,$48,$32,$55,55,$0.33,$0.33,$71,$0,$0,$128,$0,$0,$1715,$20,$1735,$1864,$38,$200,$20,$371,$409,$1,$71,$0,$1455,$1864,$34,$35,$-2,$33,$-13,$0,$-0,$5,$-6,$61,$0,$0,$-280,$0,$0,$0,$2,$-277,$-23,$0,$-23,$0,$0,$-10,$-4,$-37,$-253,$3,$-10
32,2010-09-30,45.13,$26.99,1.67,$3.37,13.38,$3.01,15.0,$0.52,86.8,$0.37B,$0.04B,9.85,$0.22B,$1.44B,0.15,$0.16B,$0.15B,97.44%,$0.16B,$0.05B,32.69%,$0.16B,$0.05B,32.69%,$0.16B,$0.11B,72.44%,$0.16B,$0.05B,32.69%,$0.16B,$0.03B,17.31%,$0.03B,$1.44B,2.25%,$0.03B,$-0.03B,-207.69%,$0.03B,$1.86B,1.76%,$0.05B,$1.66B,3.73%,$45,$0,$45,$0,$6,$25,$21,$-1,$20,$7,$13,$13,$12,$40,$21,$55,55,$0.22,$0.21,$322,$0,$0,$366,$0,$0,$1475,$22,$1496,$1863,$37,$216,$16,$384,$421,$1,$59,$-0,$1441,$1863,$13,$19,$-1,$18,$-3,$0,$0,$0,$3,$34,$0,$0,$-25,$0,$0,$0,$1,$-24,$-7,$0,$-7,$0,$0,$-5,$-2,$-13,$-3,$1,$-5
33,2010-06-30,43.39,$26.09,1.66,$3.19,13.6,$2.78,15.58,$0.48,90.4,$0.37B,$0.04B,10.38,$0.22B,$1.43B,0.16,$0.14B,$0.13B,96.35%,$0.14B,$0.04B,29.93%,$0.14B,$0.04B,29.93%,$0.14B,$0.10B,69.34%,$0.14B,$0.04B,31.39%,$0.14B,$0.02B,16.06%,$0.02B,$1.43B,2.13%,$0.02B,$-0.04B,29.24%,$0.02B,$1.87B,1.74%,$0.04B,$1.66B,3.58%,$41,$0,$41,$0,$9,$24,$16,$2,$18,$4,$15,$15,$11,$34,$16,$44,44,$0.20,$0.22,$325,$0,$0,$371,$0,$0,$1477,$17,$1494,$1865,$36,$223,$18,$396,$432,$1,$52,$-0,$1434,$1865,$29,$54,$-7,$46,$-19,$0,$-11,$5,$-27,$48,$0,$0,$-503,$0,$0,$0,$23,$-481,$198,$0,$198,$277,$277,$-15,$2,$462,$30,$7,$-15
34,2010-03-31,41.69,$24.41,1.71,$2.89,14.43,$2.52,16.52,$0.45,92.65,$0.09B,$0.04B,2.53,$0.23B,$1.15B,0.2,$0.12B,$0.11B,95.76%,$0.12B,$0.03B,28.81%,$0.12B,$0.03B,28.81%,$0.12B,$0.08B,67.80%,$0.12B,$0.04B,31.36%,$0.12B,$0.02B,15.25%,$0.02B,$1.15B,2.09%,$0.02B,$-0.32B,11.11%,$0.02B,$1.59B,1.80%,$0.03B,$1.38B,3.68%,$35,$2,$33,$0,$4,$36,$-1,$-1,$-2,$3,$-5,$-5,$-6,$12,$-1,$45,45,$-0.13,$-0.13,$54,$0,$0,$93,$0,$0,$1467,$16,$1494,$1587,$37,$229,$14,$398,$434,$0,$46,$0,$1152,$1587,$15,$36,$-2,$34,$-13,$0,$-9,$3,$-21,$27,$0,$0,$-488,$0,$0,$0,$22,$-466,$206,$0,$206,$2,$2,$-10,$-1,$198,$-241,$6,$-10
35,2009-12-31,42.4,$19.04,2.23,$2.71,15.63,$2.54,16.71,$0.70,60.58,$0.35B,$0.01B,45.42,$0.00B,$0.77B,0.0,$0.10B,$0.10B,96.15%,$0.10B,$0.04B,40.38%,$0.10B,$0.04B,40.38%,$0.10B,$0.09B,81.73%,$0.10B,$0.05B,45.19%,$0.10B,$0.03B,26.92%,$0.03B,$0.77B,3.99%,$0.03B,$0.34B,11.13%,$0.03B,$0.80B,3.75%,$0.04B,$0.77B,5.90%,$35,$2,$33,$0,$6,$20,$15,$-0,$15,$5,$10,$10,$10,$27,$15,$41,41,$0.24,$0.23,$317,$0,$0,$354,$0,$0,$435,$5,$450,$804,$8,$0,$1,$22,$30,$0,$57,$0,$774,$804,$19,$23,$-1,$22,$-13,$0,$1,$0,$-14,$28,$0,$0,$0,$0,$0,$0,$22,$22,$-19,$0,$-19,$1,$1,$-7,$-2,$-28,$22,$3,$-7
36,2009-09-30,40.98,$18.88,2.17,$2.29,17.89,$2.50,16.37,$1.09,37.6,$0.33B,$0.01B,62.2,$0.00B,$0.77B,0.0,$0.08B,$0.08B,96.43%,$0.08B,$0.03B,34.52%,$0.08B,$0.03B,34.52%,$0.08B,$0.07B,82.14%,$0.08B,$0.07B,78.57%,$0.08B,$0.04B,46.43%,$0.04B,$0.77B,6.14%,$0.04B,$0.32B,22.32%,$0.04B,$0.79B,5.65%,$0.03B,$0.77B,4.46%,$26,$1,$25,$0,$3,$15,$11,$1,$12,$3,$9,$9,$7,$22,$11,$41,41,$0.18,$0.17,$307,$0,$0,$334,$0,$0,$445,$5,$460,$794,$5,$0,$1,$23,$29,$0,$51,$-0,$765,$794,$9,$11,$-1,$10,$-5,$0,$-1,$0,$-3,$16,$0,$0,$0,$0,$0,$0,$22,$22,$-19,$0,$-19,$0,$0,$-3,$-3,$-25,$13,$1,$-3
37,2009-06-30,37.4,$18.78,1.99,$2.12,17.64,$2.74,13.67,$1.09,34.32,$0.32B,$0.01B,51.5,$0.02B,$0.76B,0.03,$0.07B,$0.07B,95.95%,$0.07B,$0.03B,35.14%,$0.07B,$0.03B,35.14%,$0.07B,$0.06B,81.08%,$0.07B,$0.06B,85.14%,$0.07B,$0.04B,51.35%,$0.04B,$0.76B,6.71%,$0.04B,$0.30B,26.71%,$0.04B,$0.81B,6.02%,$0.03B,$0.78B,4.44%,$22,$0,$22,$0,$6,$13,$9,$3,$12,$4,$8,$8,$7,$19,$9,$35,36,$0.17,$0.16,$295,$0,$0,$319,$0,$0,$456,$35,$491,$810,$6,$19,$1,$43,$50,$0,$47,$-0,$760,$810,$41,$33,$-35,$-3,$-4,$0,$-2,$-2,$-9,$30,$0,$0,$-186,$0,$0,$0,$34,$-153,$4,$0,$4,$236,$236,$-10,$-4,$225,$103,$3,$-10
38,2009-03-31,41.8,$15.00,2.79,$2.15,19.47,$3.14,13.3,$1.15,36.35,$0.07B,$0.01B,6.84,$0.02B,$0.51B,0.04,$0.07B,$0.07B,94.44%,$0.07B,$0.03B,38.89%,$0.07B,$0.03B,38.89%,$0.07B,$0.06B,80.56%,$0.07B,$0.06B,86.11%,$0.07B,$0.04B,52.78%,$0.04B,$0.51B,7.65%,$0.04B,$0.04B,33.93%,$0.04B,$0.58B,6.72%,$0.03B,$0.53B,5.43%,$21,$1,$20,$0,$3,$14,$7,$1,$8,$3,$5,$5,$4,$17,$7,$34,34,$0.12,$0.12,$51,$0,$0,$72,$0,$0,$466,$25,$502,$575,$11,$19,$1,$55,$65,$0,$43,$-0,$509,$575,$33,$23,$-33,$-10,$-2,$0,$2,$-2,$-2,$21,$0,$0,$-186,$0,$0,$0,$30,$-157,$4,$0,$4,$1,$1,$-8,$-3,$-6,$-141,$2,$-8
39,2008-12-31,43.99,$14.93,2.95,$2.14,20.53,$3.44,12.78,$1.15,38.26,$0.07B,$0.02B,3.62,$0.02B,$0.51B,0.04,$0.07B,$0.07B,94.29%,$0.07B,$0.03B,42.86%,$0.07B,$0.03B,42.86%,$0.07B,$0.06B,80.00%,$0.07B,$0.06B,91.43%,$0.07B,$0.04B,52.86%,$0.04B,$0.51B,7.56%,$0.04B,$0.03B,25.61%,$0.04B,$0.58B,6.65%,$0.03B,$0.53B,5.92%,$15,$1,$14,$0,$3,$12,$2,$31,$34,$12,$22,$22,$21,$11,$2,$34,34,$0.63,$0.62,$55,$0,$0,$71,$0,$0,$476,$25,$512,$583,$20,$19,$0,$55,$75,$0,$42,$-0,$508,$583,$28,$13,$-33,$-20,$1,$0,$2,$-0,$15,$22,$0,$0,$-186,$0,$0,$0,$28,$-158,$4,$0,$4,$1,$1,$-5,$-0,$-1,$-137,$2,$-5
40,2008-09-30,32.04,$14.35,2.23,$2.21,14.52,$3.36,9.53,$0.66,48.54,$0.22B,$0.01B,16.98,$0.02B,$0.49B,0.04,$0.07B,$0.07B,94.29%,$0.07B,$0.03B,48.57%,$0.07B,$0.03B,48.57%,$0.07B,$0.06B,78.57%,$0.07B,$0.04B,54.29%,$0.07B,$0.02B,27.14%,$0.02B,$0.49B,3.94%,$0.02B,$0.19B,10.43%,$0.02B,$0.56B,3.48%,$0.03B,$0.51B,6.81%,$16,$1,$15,$0,$2,$8,$8,$1,$9,$3,$6,$6,$6,$13,$8,$34,34,$0.17,$0.17,$210,$0,$0,$222,$0,$0,$297,$27,$335,$557,$13,$19,$0,$57,$70,$0,$23,$-0,$487,$557,$6,$4,$0,$5,$5,$0,$3,$-0,$11,$22,$0,$0,$0,$0,$0,$0,$-5,$-5,$0,$4,$4,$0,$0,$-2,$0,$1,$18,$1,$-2
41,2008-06-30,27.88,$14.24,1.96,$2.17,12.85,$3.19,8.73,$0.69,40.41,$0.21B,$0.01B,23.62,$0.02B,$0.48B,0.03,$0.07B,$0.06B,94.03%,$0.07B,$0.03B,49.25%,$0.07B,$0.03B,49.25%,$0.07B,$0.05B,76.12%,$0.07B,$0.04B,56.72%,$0.07B,$0.02B,28.36%,$0.02B,$0.48B,4.29%,$0.02B,$0.18B,11.60%,$0.02B,$0.55B,3.80%,$0.03B,$0.50B,7.19%,$20,$1,$19,$0,$2,$10,$11,$1,$11,$4,$8,$8,$7,$17,$11,$31,31,$0.21,$0.20,$192,$0,$0,$211,$0,$0,$301,$23,$335,$546,$9,$16,$1,$54,$63,$0,$0,$19,$483,$546,$25,$18,$2,$20,$-3,$0,$2,$-3,$-6,$39,$0,$0,$-19,$0,$0,$0,$1,$-18,$-6,$0,$-6,$-5,$106,$-11,$-0,$88,$109,$3,$-8
42,2008-03-31,26.7,$14.12,1.89,$2.09,12.75,$2.92,9.15,$0.65,41.08,$0.20B,$0.01B,22.32,$0.02B,$0.48B,0.03,$0.06B,$0.06B,93.44%,$0.06B,$0.03B,49.18%,$0.06B,$0.03B,49.18%,$0.06B,$0.05B,73.77%,$0.06B,$0.04B,59.02%,$0.06B,$0.02B,29.51%,$0.02B,$0.48B,4.47%,$0.02B,$0.17B,12.52%,$0.02B,$0.54B,3.98%,$0.03B,$0.50B,7.17%,$19,$1,$18,$0,$3,$10,$9,$1,$10,$3,$7,$7,$3,$15,$9,$31,31,$0.11,$0.11,$184,$0,$0,$200,$0,$0,$306,$23,$340,$540,$9,$16,$0,$52,$61,$0,$16,$0,$479,$540,$17,$12,$-0,$12,$-1,$0,$3,$-2,$0,$29,$-0,$0,$-19,$0,$0,$0,$-0,$-19,$-7,$0,$-7,$-5,$106,$-9,$0,$91,$101,$2,$-6
43,2007-12-31,26.95,$15.99,1.69,$1.96,13.78,$2.77,9.72,$0.67,40.23,$0.21B,$0.01B,25.02,$0.02B,$0.37B,0.04,$0.05B,$0.05B,92.45%,$0.05B,$0.03B,50.94%,$0.05B,$0.03B,50.94%,$0.05B,$0.04B,71.70%,$0.05B,$0.03B,58.49%,$0.05B,$0.02B,33.96%,$0.02B,$0.48B,5.45%,$0.02B,$0.18B,19.10%,$0.02B,$0.54B,4.61%,$0.03B,$0.50B,7.47%,$15,$1,$14,$0,$4,$8,$6,$1,$8,$2,$5,$5,$3,$10,$6,$30,30,$0.11,$0.11,$196,$0,$0,$209,$0,$2,$298,$22,$333,$542,$8,$16,$0,$53,$61,$0,$16,$0,$481,$542,$10,$6,$-0,$6,$1,$0,$2,$-2,$1,$17,$-0,$0,$-5,$0,$0,$0,$-0,$-5,$-7,$0,$-7,$0,$111,$-4,$0,$101,$113,$1,$-4
44,2007-09-30,28.86,$11.41,2.53,$2.00,14.4,$2.75,10.49,$0.78,37.0,$0.10B,$0.01B,11.27,$0.02B,$0.33B,0.05,$0.05B,$0.05B,92.16%,$0.05B,$0.03B,56.86%,$0.05B,$0.03B,56.86%,$0.05B,$0.04B,74.51%,$0.05B,$0.03B,62.75%,$0.05B,$0.02B,41.18%,$0.02B,$0.33B,8.30%,$0.02B,$0.12B,31.70%,$0.02B,$0.37B,6.99%,$0.03B,$0.35B,10.36%,$13,$1,$12,$0,$2,$5,$7,$2,$9,$3,$6,$6,$6,$9,$7,$29,29,$0.19,$0.19,$91,$0,$0,$103,$0,$10,$214,$19,$269,$372,$9,$16,$0,$33,$42,$0,$13,$0,$330,$372,$6,$2,$-0,$2,$2,$0,$1,$-0,$6,$13,$-0,$0,$-0,$0,$-2,$-2,$-1,$-3,$0,$0,$0,$0,$0,$-2,$0,$-2,$8,$1,$-2
45,2007-06-30,20.89,$11.13,1.88,$1.99,10.51,$2.62,7.98,$0.79,26.45,$0.10B,$0.01B,20.41,$0.02B,$0.32B,0.05,$0.05B,$0.04B,91.67%,$0.05B,$0.03B,60.42%,$0.05B,$0.03B,60.42%,$0.05B,$0.04B,77.08%,$0.05B,$0.03B,64.58%,$0.05B,$0.02B,41.67%,$0.02B,$0.32B,9.43%,$0.02B,$0.10B,36.36%,$0.02B,$0.36B,7.93%,$0.03B,$0.34B,12.34%,$14,$1,$13,$0,$3,$6,$8,$1,$9,$3,$6,$6,$6,$11,$8,$25,25,$0.20,$0.20,$83,$0,$0,$96,$0,$0,$216,$20,$261,$357,$5,$16,$0,$33,$38,$0,$9,$0,$319,$357,$20,$8,$2,$10,$-7,$0,$1,$0,$-5,$24,$0,$0,$-121,$-14,$0,$-14,$-17,$-152,$16,$0,$16,$123,$123,$-6,$-0,$132,$4,$3,$-6
46,2007-03-31,26.4,$7.93,3.33,$1.77,14.92,$2.45,10.77,$0.74,35.68,$0.03B,$0.01B,4.99,$0.08B,$0.19B,0.4,$0.04B,$0.04B,92.86%,$0.04B,$0.03B,59.52%,$0.04B,$0.03B,59.52%,$0.04B,$0.03B,76.19%,$0.04B,$0.03B,64.29%,$0.04B,$0.02B,42.86%,$0.02B,$0.19B,10.42%,$0.02B,$-0.03B,37.11%,$0.02B,$0.29B,8.74%,$0.03B,$0.27B,13.04%,$11,$1,$10,$0,$2,$6,$6,$-0,$5,$2,$4,$3,$3,$8,$6,$24,24,$0.14,$0.14,$19,$0,$0,$28,$0,$2,$217,$17,$262,$290,$6,$76,$0,$93,$98,$0,$5,$0,$192,$290,$14,$6,$0,$6,$-2,$0,$3,$-0,$-1,$19,$-0,$0,$-120,$-14,$-0,$-14,$-16,$-150,$60,$16,$76,$0,$0,$-4,$-0,$72,$-59,$2,$-4
47,2006-12-31,31.5,$7.24,4.35,$1.55,20.31,$2.28,13.8,$0.68,46.32,$0.08B,$0.01B,14.08,$0.00B,$0.17B,0.0,$0.04B,$0.03B,91.89%,$0.04B,$0.02B,56.76%,$0.04B,$0.02B,56.76%,$0.04B,$0.03B,72.97%,$0.04B,$0.02B,64.86%,$0.04B,$0.02B,45.95%,$0.02B,$0.17B,10.35%,$0.02B,$0.07B,22.97%,$0.02B,$0.18B,9.66%,$0.02B,$0.17B,12.79%,$13,$1,$12,$0,$2,$5,$8,$1,$9,$3,$6,$6,$6,$10,$8,$24,24,$0.24,$0.24,$71,$0,$0,$80,$0,$2,$100,$1,$103,$183,$6,$0,$0,$7,$12,$0,$3,$0,$171,$183,$11,$3,$0,$3,$-3,$0,$2,$-1,$-1,$13,$-0,$0,$-18,$0,$-0,$-0,$0,$-18,$0,$0,$0,$0,$0,$-3,$0,$-2,$-8,$1,$-3
