,Date,Stock Price,Book Value per Share,Price to Book Ratio,TTM Sales per Share,Price to Sales Ratio,TTM FCF per Share,Price to FCF Ratio,TTM Net EPS,PE Ratio,Current Assets,Current Liabilities,Current Ratio,Long Term Debt,Shareholder's Equity_x,Debt to Equity Ratio,TTM Revenue_x,TTM Gross Profit,Gross Margin,TTM Revenue_y,TTM Operating Income,Operating Margin,TTM Revenue_x,TTM EBIT,EBIT Margin,TTM Revenue_y,TTM EBITDA,EBITDA Margin,TTM Revenue_x,TTM Pre-Tax Income,Pre-Tax Margin,TTM Revenue_y,TTM Net Income_x,Net Margin,TTM Net Income_y,Shareholder's Equity_y,Return on Equity,TTM Net Income_x,Tangible Equity,Return on Tangible Equity,TTM Net Income_y,Total Assets,Return on Assets,TTM Net Income,LT Investments & Debt,Return on Investment,revenue,cost-goods-sold,gross-profit,research-development-expenses,selling-general-administrative-expenses,operating-expenses,operating-income,total-non-operating-income-expense,pre-tax-income,total-provision-income-taxes,income-after-taxes,income-from-continuous-operations,net-income,ebitda,ebit,basic-shares-outstanding,shares-outstanding,eps-basic-net-earnings-per-share,eps-earnings-per-share-diluted,cash-on-hand,inventory,other-current-assets,total-current-assets,net-property-plant-equipment,long-term-investments,goodwill-intangible-assets-total,other-long-term-assets,total-long-term-assets,total-assets,total-current-liabilities,long-term-debt,other-non-current-liabilities,total-long-term-liabilities,total-liabilities,common-stock-net,retained-earnings-accumulated-deficit,comprehensive-income,total-share-holder-equity,total-liabilities-share-holders-equity,net-income-loss,total-depreciation-amortization-cash-flow,other-non-cash-items,total-non-cash-items,change-in-accounts-receivable,change-in-inventories,change-in-accounts-payable,change-in-assets-liabilities,total-change-in-assets-liabilities,cash-flow-from-operating-activities,net-change-in-property-plant-equipment,net-change-in-intangible-assets,net-acquisitions-divestitures,net-change-in-short-term-investments,net-change-in-long-term-investments,net-change-in-investments-total,investing-activities-other,cash-flow-from-investing-activities,net-long-term-debt,net-current-debt,debt-issuance-retirement-net-total,net-common-equity-issued-repurchased,net-total-equity-issued-repurchased,total-common-preferred-stock-dividends-paid,financial-activities-other,cash-flow-from-financial-activities,net-cash-flow,stock-based-compensation,common-stock-dividends-paid
0,2018-09-30,69.05,$14.56,4.74,$27.79,2.48,$15.83,4.36,$2.78,24.84,$0.21B,$0.06B,3.47,$0.00B,$0.25B,0.0,$0.49B,$0.13B,27.24%,$0.49B,$0.06B,13.01%,$0.49B,$0.06B,13.01%,$0.49B,$0.10B,19.72%,$0.49B,$0.07B,13.21%,$0.49B,$0.05B,9.76%,$0.05B,$0.25B,19.75%,$0.05B,$0.25B,19.75%,$0.05B,$0.32B,15.79%,$0.06B,$0.25B,26.34%,$115,$87,$28,$0,$16,$103,$12,$0,$12,$3,$9,$9,$9,$20,$12,$17,18,$0.53,$0.52,$138,$26,$0,$214,$84,$0,$0,$16,$102,$316,$62,$0,$0,$0,$62,$24,$342,$0,$254,$316,$39,$25,$2,$26,$13,$14,$0,$6,$31,$96,$-5,$0,$0,$0,$0,$0,$0,$-5,$0,$0,$0,$0,$0,$-16,$-1,$-16,$74,$4,$-16
1,2018-06-30,55.68,$14.29,3.9,$27.19,2.05,$13.29,4.19,$2.79,19.96,$0.21B,$0.06B,3.34,$0.00B,$0.25B,0.0,$0.48B,$0.14B,28.22%,$0.48B,$0.07B,13.49%,$0.48B,$0.07B,13.49%,$0.48B,$0.10B,20.33%,$0.48B,$0.07B,13.69%,$0.48B,$0.05B,9.96%,$0.05B,$0.25B,20.40%,$0.05B,$0.25B,20.40%,$0.05B,$0.31B,16.30%,$0.07B,$0.25B,27.63%,$128,$92,$37,$0,$17,$109,$19,$1,$20,$5,$15,$15,$15,$28,$19,$17,18,$0.87,$0.86,$132,$24,$0,$208,$90,$0,$0,$14,$104,$313,$62,$0,$0,$1,$63,$24,$339,$0,$249,$313,$29,$16,$2,$18,$10,$16,$0,$10,$33,$81,$-2,$0,$0,$0,$0,$0,$0,$-2,$0,$0,$0,$0,$0,$-10,$-1,$-10,$68,$3,$-10
2,2018-03-31,51.93,$13.67,3.8,$27.28,1.9,$10.45,4.97,$2.50,20.77,$0.19B,$0.06B,3.01,$0.00B,$0.24B,0.0,$0.49B,$0.13B,27.57%,$0.49B,$0.06B,12.55%,$0.49B,$0.06B,12.55%,$0.49B,$0.10B,19.55%,$0.49B,$0.06B,12.76%,$0.49B,$0.04B,8.85%,$0.04B,$0.24B,18.70%,$0.04B,$0.24B,18.70%,$0.04B,$0.30B,14.97%,$0.06B,$0.24B,26.52%,$131,$95,$36,$0,$17,$113,$19,$0,$19,$5,$14,$14,$14,$27,$19,$17,18,$0.82,$0.81,$103,$26,$0,$193,$97,$0,$0,$13,$110,$303,$64,$0,$0,$1,$65,$24,$329,$0,$239,$303,$14,$8,$1,$9,$-1,$13,$0,$9,$22,$45,$-1,$0,$0,$0,$0,$0,$0,$-1,$0,$0,$0,$0,$0,$-4,$-1,$-5,$39,$1,$-4
3,2017-12-31,54.99,$13.21,4.16,$28.94,1.9,$8.60,6.39,$2.90,18.96,$0.17B,$0.05B,3.17,$0.00B,$0.23B,0.0,$0.52B,$0.15B,29.50%,$0.52B,$0.08B,14.56%,$0.52B,$0.08B,14.56%,$0.52B,$0.11B,21.26%,$0.52B,$0.08B,14.75%,$0.52B,$0.05B,9.77%,$0.05B,$0.23B,22.52%,$0.05B,$0.23B,22.52%,$0.05B,$0.28B,17.74%,$0.08B,$0.23B,33.55%,$118,$85,$33,$0,$19,$104,$14,$0,$14,$4,$10,$10,$10,$22,$14,$18,18,$0.61,$0.60,$63,$40,$0,$167,$104,$0,$0,$14,$118,$284,$53,$0,$0,$1,$54,$24,$321,$0,$230,$284,$52,$34,$6,$40,$9,$14,$0,$1,$9,$101,$-34,$0,$0,$0,$0,$0,$0,$-34,$0,$0,$0,$-65,$-65,$-24,$-2,$-91,$-24,$4,$-24
4,2017-09-30,50.68,$12.77,3.97,$30.85,1.64,$8.50,5.96,$3.42,14.82,$0.15B,$0.05B,2.82,$0.00B,$0.22B,0.0,$0.57B,$0.17B,30.74%,$0.57B,$0.09B,16.61%,$0.57B,$0.09B,16.61%,$0.57B,$0.13B,23.14%,$0.57B,$0.10B,16.78%,$0.57B,$0.06B,10.95%,$0.06B,$0.22B,26.33%,$0.06B,$0.22B,26.33%,$0.06B,$0.28B,20.45%,$0.09B,$0.22B,39.92%,$105,$75,$30,$0,$17,$92,$13,$0,$13,$4,$9,$9,$9,$21,$13,$18,18,$0.53,$0.53,$45,$52,$0,$153,$92,$0,$0,$33,$124,$278,$54,$0,$0,$1,$55,$24,$315,$0,$223,$278,$42,$26,$4,$30,$16,$2,$0,$-16,$-13,$59,$-13,$0,$0,$0,$0,$0,$0,$-13,$0,$0,$0,$-65,$-65,$-20,$-2,$-88,$-42,$3,$-20
5,2017-06-30,60.65,$12.88,4.71,$33.37,1.82,$9.18,6.61,$3.92,15.47,$0.15B,$0.06B,2.74,$0.00B,$0.23B,0.0,$0.62B,$0.19B,31.19%,$0.62B,$0.11B,17.85%,$0.62B,$0.11B,17.85%,$0.62B,$0.15B,23.95%,$0.62B,$0.11B,18.01%,$0.62B,$0.07B,11.74%,$0.07B,$0.23B,29.64%,$0.07B,$0.23B,29.64%,$0.07B,$0.28B,22.53%,$0.11B,$0.23B,45.08%,$132,$97,$35,$0,$20,$117,$15,$0,$16,$5,$10,$10,$10,$25,$15,$18,18,$0.58,$0.57,$44,$52,$0,$154,$97,$0,$0,$33,$130,$284,$56,$0,$0,$0,$57,$24,$309,$0,$228,$284,$32,$19,$2,$21,$14,$2,$0,$-16,$-14,$40,$-11,$0,$0,$0,$0,$0,$0,$-11,$0,$0,$0,$-53,$-53,$-16,$-2,$-72,$-43,$2,$-16
6,2017-03-31,51.85,$12.74,4.07,$34.75,1.49,$10.40,4.98,$4.57,11.35,$0.17B,$0.08B,2.18,$0.00B,$0.23B,0.0,$0.66B,$0.22B,32.83%,$0.66B,$0.13B,20.06%,$0.66B,$0.13B,20.06%,$0.66B,$0.17B,25.68%,$0.66B,$0.13B,20.21%,$0.66B,$0.09B,13.22%,$0.09B,$0.23B,34.39%,$0.09B,$0.23B,34.39%,$0.09B,$0.30B,25.66%,$0.13B,$0.23B,52.17%,$167,$112,$56,$0,$22,$133,$34,$0,$34,$12,$22,$22,$22,$43,$34,$18,18,$1.22,$1.21,$35,$55,$0,$171,$102,$0,$0,$31,$133,$304,$78,$0,$0,$1,$79,$24,$308,$0,$225,$304,$22,$9,$2,$12,$-8,$-1,$0,$-13,$-15,$19,$-7,$0,$0,$0,$0,$0,$0,$-7,$0,$0,$0,$-53,$-53,$-8,$-2,$-64,$-52,$1,$-8
7,2016-12-31,50.61,$14.23,3.56,$34.68,1.46,$10.97,4.61,$4.57,11.07,$0.22B,$0.08B,2.66,$0.00B,$0.27B,0.0,$0.66B,$0.22B,32.98%,$0.66B,$0.13B,20.18%,$0.66B,$0.13B,20.18%,$0.66B,$0.17B,25.75%,$0.66B,$0.14B,20.33%,$0.66B,$0.09B,13.25%,$0.09B,$0.27B,34.27%,$0.09B,$0.27B,34.27%,$0.09B,$0.35B,25.56%,$0.13B,$0.27B,52.19%,$162,$108,$53,$0,$22,$130,$32,$1,$32,$12,$21,$21,$21,$42,$32,$19,19,$1.10,$1.13,$87,$55,$0,$215,$104,$0,$0,$28,$132,$347,$81,$0,$0,$0,$81,$24,$293,$0,$266,$347,$87,$35,$5,$41,$2,$-18,$0,$-8,$-23,$105,$-35,$0,$0,$0,$0,$0,$0,$-35,$0,$0,$0,$-14,$-14,$-33,$-5,$-52,$18,$3,$-33
8,2016-09-30,55.04,$14.03,3.92,$34.05,1.62,$11.64,4.73,$4.34,12.68,$0.23B,$0.09B,2.71,$0.00B,$0.27B,0.0,$0.65B,$0.21B,32.72%,$0.65B,$0.13B,19.57%,$0.65B,$0.13B,19.57%,$0.65B,$0.17B,25.23%,$0.65B,$0.13B,19.72%,$0.65B,$0.08B,12.84%,$0.08B,$0.27B,33.97%,$0.08B,$0.27B,33.97%,$0.08B,$0.36B,24.96%,$0.13B,$0.27B,51.77%,$161,$111,$50,$0,$20,$131,$30,$0,$30,$11,$20,$20,$20,$39,$30,$19,19,$1.05,$1.03,$101,$44,$0,$231,$102,$0,$0,$28,$130,$361,$85,$0,$0,$10,$95,$24,$280,$0,$266,$361,$67,$25,$5,$31,$1,$-7,$0,$-7,$-12,$85,$-23,$0,$0,$0,$0,$0,$0,$-23,$0,$0,$0,$0,$0,$-25,$-5,$-30,$32,$2,$-25
9,2016-06-30,60.55,$13.43,4.51,$31.88,1.9,$12.05,5.03,$3.93,15.41,$0.22B,$0.08B,2.78,$0.00B,$0.26B,0.0,$0.61B,$0.20B,32.25%,$0.61B,$0.12B,18.89%,$0.61B,$0.12B,18.89%,$0.61B,$0.15B,24.92%,$0.61B,$0.12B,19.06%,$0.61B,$0.08B,12.38%,$0.08B,$0.26B,32.44%,$0.08B,$0.26B,32.44%,$0.08B,$0.34B,23.79%,$0.12B,$0.26B,49.52%,$168,$111,$57,$0,$20,$131,$36,$0,$37,$13,$24,$24,$24,$45,$36,$19,19,$1.24,$1.22,$103,$39,$0,$220,$99,$0,$0,$25,$124,$344,$79,$0,$0,$10,$89,$24,$270,$0,$255,$344,$47,$17,$3,$20,$7,$-2,$0,$-7,$-1,$66,$-11,$0,$0,$0,$0,$0,$0,$-11,$0,$0,$0,$0,$0,$-16,$-5,$-21,$34,$1,$-16
10,2016-03-31,64.21,$12.64,5.08,$30.42,2.11,$12.55,5.12,$3.62,17.74,$0.20B,$0.08B,2.61,$0.00B,$0.24B,0.0,$0.59B,$0.19B,32.37%,$0.59B,$0.11B,18.23%,$0.59B,$0.11B,18.23%,$0.59B,$0.14B,24.53%,$0.59B,$0.11B,18.23%,$0.59B,$0.07B,11.93%,$0.07B,$0.24B,31.46%,$0.07B,$0.24B,31.46%,$0.07B,$0.33B,22.84%,$0.11B,$0.24B,48.09%,$173,$114,$59,$0,$23,$137,$36,$0,$36,$13,$23,$23,$23,$45,$36,$19,19,$1.23,$1.21,$80,$32,$0,$201,$102,$0,$0,$22,$124,$325,$77,$0,$0,$9,$86,$24,$256,$0,$240,$325,$23,$8,$1,$10,$-3,$5,$0,$-10,$-4,$29,$-6,$0,$0,$0,$0,$0,$0,$-6,$0,$0,$0,$0,$0,$-7,$-5,$-12,$11,$1,$-7
11,2015-12-31,55.72,$12.17,4.58,$28.51,1.95,$12.82,4.34,$3.22,17.3,$0.19B,$0.08B,2.31,$0.00B,$0.23B,0.0,$0.55B,$0.17B,31.22%,$0.55B,$0.10B,17.24%,$0.55B,$0.10B,17.24%,$0.55B,$0.13B,23.96%,$0.55B,$0.10B,17.24%,$0.55B,$0.06B,11.43%,$0.06B,$0.23B,29.82%,$0.06B,$0.23B,29.82%,$0.06B,$0.32B,21.56%,$0.10B,$0.23B,44.97%,$152,$104,$48,$0,$22,$126,$26,$0,$26,$9,$17,$17,$17,$36,$26,$19,19,$0.91,$0.87,$69,$37,$0,$189,$104,$0,$0,$23,$127,$316,$82,$0,$0,$6,$88,$24,$239,$0,$228,$316,$62,$36,$-0,$36,$-22,$9,$0,$16,$15,$113,$-28,$0,$0,$0,$0,$0,$0,$-28,$0,$0,$0,$-3,$-3,$-21,$-1,$-24,$60,$5,$-21
12,2015-09-30,54.59,$11.45,4.77,$26.82,2.04,$8.99,6.07,$1.60,34.12,$0.17B,$0.07B,2.35,$0.00B,$0.21B,0.0,$0.52B,$0.16B,30.27%,$0.52B,$0.04B,8.43%,$0.52B,$0.04B,8.43%,$0.52B,$0.08B,15.52%,$0.52B,$0.04B,8.43%,$0.52B,$0.03B,5.94%,$0.03B,$0.21B,15.46%,$0.03B,$0.21B,15.46%,$0.03B,$0.29B,11.20%,$0.04B,$0.21B,21.95%,$121,$87,$34,$0,$16,$103,$18,$0,$18,$6,$12,$12,$12,$27,$18,$19,19,$0.64,$0.62,$60,$41,$0,$166,$109,$0,$0,$18,$127,$293,$71,$0,$0,$8,$79,$24,$227,$0,$214,$293,$45,$27,$2,$29,$-3,$5,$0,$14,$21,$95,$-24,$0,$0,$0,$0,$0,$0,$-24,$0,$0,$0,$-3,$-3,$-16,$-1,$-19,$51,$3,$-16
13,2015-06-30,53.13,$11.12,4.78,$25.51,2.08,$5.46,9.73,$1.32,40.25,$0.16B,$0.08B,2.15,$0.00B,$0.21B,0.0,$0.50B,$0.15B,29.66%,$0.50B,$0.04B,7.21%,$0.50B,$0.04B,7.21%,$0.50B,$0.07B,14.63%,$0.50B,$0.04B,7.41%,$0.50B,$0.03B,5.21%,$0.03B,$0.21B,13.10%,$0.03B,$0.21B,13.10%,$0.03B,$0.29B,9.64%,$0.04B,$0.21B,18.14%,$141,$92,$49,$0,$22,$114,$27,$1,$27,$10,$18,$18,$18,$36,$27,$19,19,$0.94,$0.91,$61,$34,$0,$161,$109,$0,$0,$21,$131,$292,$75,$0,$0,$9,$84,$24,$222,$0,$208,$292,$33,$18,$-0,$18,$-4,$12,$0,$15,$30,$81,$-16,$0,$0,$0,$0,$0,$0,$-16,$0,$0,$0,$-3,$-3,$-9,$-1,$-13,$52,$2,$-9
14,2015-03-31,45.63,$10.46,4.36,$25.94,1.76,$2.76,16.51,$1.53,29.82,$0.13B,$0.06B,2.12,$0.00B,$0.20B,0.0,$0.51B,$0.15B,29.10%,$0.51B,$0.04B,8.20%,$0.51B,$0.04B,8.20%,$0.51B,$0.08B,15.43%,$0.51B,$0.04B,8.40%,$0.51B,$0.03B,5.86%,$0.03B,$0.20B,15.13%,$0.03B,$0.20B,15.13%,$0.03B,$0.27B,11.20%,$0.04B,$0.20B,21.19%,$137,$96,$41,$0,$18,$113,$24,$0,$24,$9,$16,$16,$16,$33,$24,$19,19,$0.83,$0.81,$31,$29,$0,$134,$106,$0,$0,$28,$134,$268,$63,$0,$0,$9,$72,$24,$210,$0,$195,$268,$16,$9,$0,$9,$-13,$16,$0,$5,$8,$33,$-4,$0,$0,$0,$0,$0,$0,$-4,$0,$0,$0,$-3,$-3,$-3,$-1,$-7,$22,$1,$-3
15,2014-12-31,31.74,$9.90,3.21,$27.36,1.16,$1.59,19.98,$1.94,16.36,$0.12B,$0.06B,1.96,$0.00B,$0.19B,0.0,$0.55B,$0.17B,31.01%,$0.55B,$0.06B,10.28%,$0.55B,$0.06B,10.28%,$0.55B,$0.09B,17.06%,$0.55B,$0.06B,10.46%,$0.55B,$0.04B,6.97%,$0.04B,$0.19B,19.22%,$0.04B,$0.19B,19.22%,$0.04B,$0.25B,13.92%,$0.06B,$0.19B,28.32%,$123,$89,$34,$0,$19,$147,$-25,$-0,$-25,$-10,$-15,$-15,$-15,$-15,$-25,$19,20,$-0.77,$-0.73,$9,$45,$0,$118,$111,$0,$0,$26,$136,$254,$60,$0,$0,$9,$69,$24,$198,$0,$185,$254,$39,$37,$27,$64,$18,$-23,$0,$-31,$-47,$56,$-46,$0,$0,$0,$0,$0,$0,$-46,$0,$0,$0,$-24,$-24,$-31,$-1,$-56,$-46,$6,$-31
16,2014-09-30,44.45,$10.62,4.19,$30.30,1.47,$4.36,10.2,$4.01,11.09,$0.13B,$0.05B,2.69,$0.00B,$0.21B,0.0,$0.60B,$0.20B,32.95%,$0.60B,$0.12B,20.36%,$0.60B,$0.12B,20.36%,$0.60B,$0.16B,25.83%,$0.60B,$0.12B,20.53%,$0.60B,$0.08B,13.25%,$0.08B,$0.21B,40.76%,$0.08B,$0.21B,40.76%,$0.08B,$0.27B,28.70%,$0.12B,$0.21B,62.68%,$98,$75,$24,$0,$14,$88,$10,$1,$11,$4,$7,$7,$7,$19,$10,$19,20,$0.35,$0.34,$28,$48,$0,$132,$103,$0,$0,$30,$134,$265,$49,$0,$0,$10,$59,$24,$216,$-19,$206,$265,$53,$27,$7,$34,$22,$-27,$0,$-29,$-57,$31,$-29,$0,$0,$0,$0,$0,$0,$-29,$0,$0,$0,$0,$0,$-29,$-1,$-29,$-27,$4,$-29
17,2014-06-30,53.4,$10.67,5.01,$33.93,1.57,$6.91,7.73,$5.11,10.45,$0.15B,$0.07B,2.29,$0.00B,$0.21B,0.0,$0.68B,$0.24B,35.16%,$0.68B,$0.16B,23.34%,$0.68B,$0.16B,23.34%,$0.68B,$0.19B,27.62%,$0.68B,$0.16B,23.34%,$0.68B,$0.10B,15.07%,$0.10B,$0.21B,55.74%,$0.10B,$0.21B,55.74%,$0.10B,$0.28B,37.09%,$0.16B,$0.21B,86.34%,$154,$103,$50,$0,$17,$121,$33,$0,$33,$11,$22,$22,$22,$42,$33,$19,20,$1.15,$1.12,$47,$40,$0,$150,$106,$0,$0,$27,$133,$284,$66,$0,$0,$11,$77,$24,$218,$-19,$207,$284,$47,$18,$4,$22,$16,$-18,$0,$-20,$-33,$36,$-23,$0,$0,$0,$0,$0,$0,$-23,$0,$0,$0,$0,$0,$-20,$-1,$-21,$-8,$3,$-20
18,2014-03-31,53.71,$9.94,5.4,$35.27,1.52,$8.83,6.09,$5.62,9.56,$0.16B,$0.09B,1.86,$0.00B,$0.19B,0.0,$0.70B,$0.26B,36.84%,$0.70B,$0.18B,25.04%,$0.70B,$0.18B,25.04%,$0.70B,$0.20B,28.59%,$0.70B,$0.18B,25.04%,$0.70B,$0.11B,15.93%,$0.11B,$0.19B,67.78%,$0.11B,$0.19B,67.78%,$0.11B,$0.29B,42.55%,$0.18B,$0.19B,106.51%,$170,$109,$61,$0,$23,$132,$38,$0,$38,$14,$24,$24,$24,$47,$38,$19,20,$1.26,$1.22,$50,$29,$0,$161,$102,$0,$0,$27,$128,$289,$86,$0,$0,$10,$97,$24,$206,$-19,$193,$289,$24,$9,$-0,$9,$-3,$-6,$0,$-21,$-17,$16,$-10,$0,$0,$0,$0,$0,$0,$-10,$0,$0,$0,$0,$0,$-10,$-1,$-11,$-5,$1,$-10
19,2013-12-31,65.09,$9.26,7.03,$34.61,1.88,$9.67,6.73,$5.60,11.62,$0.16B,$0.09B,1.79,$0.00B,$0.18B,0.0,$0.69B,$0.26B,37.59%,$0.69B,$0.18B,25.40%,$0.69B,$0.18B,25.40%,$0.69B,$0.20B,28.45%,$0.69B,$0.18B,25.40%,$0.69B,$0.11B,16.26%,$0.11B,$0.18B,77.24%,$0.11B,$0.18B,77.24%,$0.11B,$0.28B,45.95%,$0.18B,$0.18B,120.69%,$182,$118,$64,$0,$22,$140,$42,$-0,$42,$15,$27,$27,$27,$48,$42,$19,20,$1.38,$1.31,$55,$23,$0,$158,$101,$0,$0,$18,$119,$277,$88,$0,$0,$10,$98,$24,$192,$-19,$179,$277,$111,$20,$13,$33,$-24,$-8,$0,$-1,$-25,$120,$-54,$0,$0,$0,$0,$0,$0,$-54,$0,$0,$0,$0,$0,$-41,$-0,$-41,$24,$5,$-41
20,2013-09-30,55.34,$7.89,7.02,$32.71,1.69,$9.50,5.83,$5.27,10.5,$0.15B,$0.08B,1.85,$0.00B,$0.15B,0.0,$0.65B,$0.24B,37.60%,$0.65B,$0.16B,25.27%,$0.65B,$0.16B,25.27%,$0.65B,$0.18B,28.35%,$0.65B,$0.16B,25.27%,$0.65B,$0.11B,16.18%,$0.11B,$0.15B,84.68%,$0.11B,$0.15B,84.68%,$0.11B,$0.25B,48.17%,$0.16B,$0.15B,132.26%,$171,$108,$63,$0,$18,$126,$45,$0,$45,$16,$29,$29,$29,$50,$45,$19,20,$1.48,$1.44,$54,$20,$0,$148,$83,$0,$0,$19,$102,$250,$80,$0,$0,$18,$98,$24,$177,$-30,$153,$250,$85,$14,$5,$19,$-21,$-4,$0,$2,$-20,$84,$-30,$0,$0,$0,$0,$0,$0,$-30,$0,$0,$0,$0,$0,$-30,$-0,$-30,$23,$4,$-30
21,2013-06-30,41.95,$7.02,5.98,$30.12,1.39,$8.93,4.7,$4.71,8.91,$0.15B,$0.08B,1.78,$0.00B,$0.14B,0.0,$0.60B,$0.22B,37.58%,$0.60B,$0.15B,24.50%,$0.60B,$0.15B,24.50%,$0.60B,$0.17B,27.68%,$0.60B,$0.15B,24.66%,$0.60B,$0.09B,15.60%,$0.09B,$0.14B,71.95%,$0.09B,$0.14B,71.95%,$0.09B,$0.24B,42.76%,$0.15B,$0.14B,112.96%,$180,$109,$71,$0,$20,$129,$51,$0,$51,$19,$32,$32,$32,$56,$51,$19,20,$1.67,$1.63,$65,$16,$0,$146,$76,$0,$0,$12,$90,$237,$82,$0,$0,$18,$101,$24,$162,$-30,$136,$237,$56,$9,$-0,$9,$-14,$0,$0,$8,$5,$70,$-19,$0,$0,$0,$0,$0,$0,$-19,$0,$0,$0,$0,$0,$-17,$-0,$-17,$34,$3,$-17
22,2013-03-31,43.88,$5.78,7.59,$27.15,1.62,$7.63,5.75,$3.99,11.0,$0.13B,$0.08B,1.58,$0.00B,$0.11B,0.0,$0.54B,$0.20B,36.94%,$0.54B,$0.12B,22.95%,$0.54B,$0.12B,22.95%,$0.54B,$0.14B,26.31%,$0.54B,$0.13B,23.32%,$0.54B,$0.08B,14.74%,$0.08B,$0.11B,58.09%,$0.08B,$0.11B,58.09%,$0.08B,$0.21B,36.62%,$0.12B,$0.11B,90.44%,$156,$95,$61,$0,$24,$119,$37,$0,$37,$14,$24,$24,$24,$42,$37,$19,20,$1.23,$1.20,$46,$14,$0,$128,$69,$0,$0,$12,$84,$211,$81,$0,$0,$19,$100,$24,$139,$-30,$112,$211,$24,$5,$-1,$3,$-16,$2,$0,$1,$3,$30,$-8,$0,$0,$0,$0,$0,$0,$-8,$0,$0,$0,$0,$0,$-8,$-0,$-8,$15,$1,$-8
23,2012-12-31,38.99,$4.93,7.9,$25.02,1.56,$7.44,5.24,$3.58,10.89,$0.10B,$0.06B,1.63,$0.00B,$0.10B,0.0,$0.49B,$0.18B,36.38%,$0.49B,$0.11B,22.36%,$0.49B,$0.11B,22.36%,$0.49B,$0.13B,25.81%,$0.49B,$0.11B,22.97%,$0.49B,$0.07B,14.23%,$0.07B,$0.10B,48.11%,$0.07B,$0.10B,48.11%,$0.07B,$0.17B,32.07%,$0.11B,$0.10B,75.60%,$142,$92,$49,$0,$18,$111,$31,$0,$31,$12,$20,$20,$20,$36,$31,$19,20,$1.03,$1.02,$31,$16,$0,$97,$66,$0,$0,$10,$78,$174,$59,$0,$0,$20,$79,$24,$123,$-30,$95,$174,$71,$15,$4,$19,$-1,$-7,$0,$-5,$-3,$87,$-26,$0,$0,$0,$0,$0,$0,$-26,$0,$0,$0,$0,$0,$-112,$0,$-111,$-50,$5,$-112
24,2012-09-30,38.84,$9.08,4.28,$22.67,1.71,$6.20,6.26,$3.12,12.45,$0.17B,$0.05B,3.18,$0.00B,$0.17B,0.0,$0.44B,$0.16B,36.12%,$0.44B,$0.10B,21.44%,$0.44B,$0.10B,21.44%,$0.44B,$0.11B,24.83%,$0.44B,$0.10B,22.35%,$0.44B,$0.06B,13.77%,$0.06B,$0.17B,39.10%,$0.06B,$0.17B,39.10%,$0.06B,$0.25B,26.93%,$0.10B,$0.17B,60.90%,$118,$76,$43,$0,$15,$91,$27,$0,$28,$10,$17,$17,$17,$31,$27,$19,20,$0.91,$0.88,$105,$13,$0,$173,$63,$0,$0,$11,$75,$248,$54,$0,$0,$20,$74,$23,$202,$-28,$174,$248,$51,$10,$3,$14,$-5,$-4,$0,$3,$-3,$62,$-20,$0,$0,$-30,$0,$-30,$0,$-50,$0,$0,$0,$0,$0,$-17,$-0,$-18,$-6,$3,$-17
25,2012-06-30,31.25,$8.49,3.68,$20.86,1.5,$5.70,5.48,$2.80,11.16,$0.16B,$0.05B,3.32,$0.00B,$0.16B,0.0,$0.41B,$0.15B,35.96%,$0.41B,$0.09B,20.94%,$0.41B,$0.09B,20.94%,$0.41B,$0.10B,24.38%,$0.41B,$0.09B,21.67%,$0.41B,$0.06B,13.55%,$0.06B,$0.16B,37.48%,$0.06B,$0.16B,37.48%,$0.06B,$0.23B,26.07%,$0.09B,$0.16B,57.92%,$120,$74,$45,$0,$17,$91,$28,$0,$29,$11,$18,$18,$18,$32,$28,$19,20,$0.94,$0.91,$96,$9,$0,$160,$59,$0,$0,$11,$70,$230,$48,$0,$0,$19,$68,$23,$192,$-28,$163,$230,$33,$7,$1,$7,$-5,$1,$0,$1,$-3,$38,$-12,$0,$0,$-20,$0,$-20,$0,$-32,$0,$0,$0,$0,$0,$-10,$-0,$-10,$-5,$2,$-10
26,2012-03-31,37.97,$7.82,4.85,$18.92,2.01,$5.70,6.66,$2.45,15.5,$0.16B,$0.05B,3.08,$0.00B,$0.15B,0.0,$0.37B,$0.13B,35.25%,$0.37B,$0.07B,20.22%,$0.37B,$0.07B,20.22%,$0.37B,$0.09B,23.77%,$0.37B,$0.08B,20.77%,$0.37B,$0.05B,13.11%,$0.05B,$0.15B,34.72%,$0.05B,$0.15B,34.72%,$0.05B,$0.22B,24.33%,$0.07B,$0.15B,53.53%,$112,$71,$42,$0,$17,$88,$24,$0,$25,$9,$15,$15,$15,$28,$24,$19,20,$0.81,$0.79,$96,$8,$0,$160,$53,$0,$0,$8,$61,$221,$52,$0,$0,$19,$72,$23,$180,$-28,$150,$221,$15,$3,$-0,$3,$-7,$3,$0,$1,$3,$22,$-3,$0,$0,$-20,$0,$-20,$0,$-23,$0,$0,$0,$0,$0,$-4,$0,$-4,$-5,$1,$-4
27,2011-12-31,25.74,$7.20,3.58,$17.15,1.5,$5.61,4.59,$2.08,12.38,$0.15B,$0.05B,2.95,$0.00B,$0.14B,0.0,$0.33B,$0.11B,33.74%,$0.33B,$0.06B,18.84%,$0.33B,$0.06B,18.84%,$0.33B,$0.07B,22.49%,$0.33B,$0.06B,19.45%,$0.33B,$0.04B,12.46%,$0.04B,$0.14B,31.42%,$0.04B,$0.14B,31.42%,$0.04B,$0.21B,22.31%,$0.06B,$0.14B,47.51%,$93,$63,$30,$0,$14,$77,$16,$1,$17,$6,$11,$11,$11,$19,$16,$19,19,$0.56,$0.55,$81,$10,$0,$146,$53,$0,$0,$7,$60,$207,$50,$0,$0,$20,$69,$23,$169,$-28,$137,$207,$40,$12,$11,$23,$-11,$-0,$0,$-6,$-6,$57,$-22,$0,$0,$52,$0,$52,$0,$31,$0,$0,$0,$-2,$-2,$-8,$-2,$-12,$76,$3,$-8
28,2011-09-30,19.9,$7.19,2.77,$15.61,1.28,$4.43,4.5,$1.84,10.82,$0.13B,$0.04B,3.25,$0.00B,$0.14B,0.0,$0.30B,$0.10B,34.00%,$0.30B,$0.06B,18.33%,$0.30B,$0.06B,18.33%,$0.30B,$0.07B,22.00%,$0.30B,$0.06B,18.67%,$0.30B,$0.04B,12.00%,$0.04B,$0.14B,28.86%,$0.04B,$0.14B,28.86%,$0.04B,$0.19B,20.99%,$0.06B,$0.14B,44.09%,$81,$51,$29,$0,$12,$64,$17,$0,$17,$6,$11,$11,$11,$20,$17,$19,19,$0.57,$0.56,$79,$8,$0,$127,$46,$0,$0,$9,$59,$186,$39,$0,$0,$10,$49,$23,$161,$-20,$137,$186,$29,$9,$3,$12,$-2,$2,$0,$-3,$1,$43,$-12,$0,$0,$26,$0,$26,$0,$14,$0,$0,$0,$-2,$-2,$-5,$-2,$-9,$48,$2,$-5
29,2011-06-30,16.73,$6.81,2.46,$14.47,1.16,$3.19,5.23,$1.59,10.52,$0.12B,$0.04B,3.21,$0.00B,$0.13B,0.0,$0.28B,$0.09B,33.21%,$0.28B,$0.05B,16.97%,$0.28B,$0.05B,16.97%,$0.28B,$0.06B,20.94%,$0.28B,$0.05B,17.33%,$0.28B,$0.03B,11.19%,$0.03B,$0.13B,26.33%,$0.03B,$0.13B,26.33%,$0.03B,$0.18B,19.17%,$0.05B,$0.13B,39.92%,$80,$51,$28,$0,$11,$63,$17,$0,$17,$6,$11,$11,$11,$20,$17,$19,19,$0.57,$0.56,$77,$4,$0,$118,$45,$0,$0,$8,$57,$175,$37,$0,$0,$10,$47,$23,$153,$-20,$129,$175,$19,$6,$2,$8,$-0,$6,$0,$-4,$6,$32,$-8,$0,$0,$-12,$0,$-12,$0,$-20,$0,$0,$0,$-2,$-2,$-3,$-1,$-6,$7,$1,$-3
30,2011-03-31,17.42,$6.32,2.76,$13.65,1.28,$2.25,7.74,$1.45,12.02,$0.11B,$0.04B,3.0,$0.00B,$0.12B,0.0,$0.26B,$0.09B,32.95%,$0.26B,$0.04B,16.48%,$0.26B,$0.04B,16.48%,$0.26B,$0.05B,20.31%,$0.26B,$0.04B,16.86%,$0.26B,$0.03B,10.73%,$0.03B,$0.12B,24.83%,$0.03B,$0.12B,24.83%,$0.03B,$0.17B,18.12%,$0.04B,$0.12B,38.14%,$75,$51,$24,$0,$12,$63,$12,$0,$13,$5,$8,$8,$8,$15,$12,$19,19,$0.42,$0.42,$72,$4,$0,$113,$44,$0,$0,$5,$54,$167,$38,$0,$0,$10,$47,$23,$144,$-20,$119,$167,$8,$3,$-1,$2,$1,$6,$0,$-3,$11,$21,$-4,$0,$0,$-14,$0,$-14,$0,$-19,$0,$0,$0,$-2,$-2,$-1,$1,$-2,$0,$0,$-1
31,2010-12-31,11.57,$6.08,1.9,$13.21,0.88,$1.60,7.21,$1.46,7.92,$0.11B,$0.03B,3.16,$0.00B,$0.11B,0.0,$0.25B,$0.09B,33.46%,$0.25B,$0.04B,17.32%,$0.25B,$0.04B,17.32%,$0.25B,$0.05B,20.87%,$0.25B,$0.04B,17.32%,$0.25B,$0.03B,11.02%,$0.03B,$0.11B,25.75%,$0.03B,$0.11B,25.75%,$0.03B,$0.16B,18.70%,$0.04B,$0.11B,40.46%,$64,$44,$21,$0,$12,$56,$9,$0,$9,$3,$6,$6,$6,$11,$9,$19,19,$0.29,$0.30,$58,$10,$0,$105,$43,$0,$0,$4,$53,$158,$33,$0,$1,$10,$43,$23,$137,$-20,$114,$158,$28,$9,$2,$11,$-7,$1,$0,$-4,$-7,$32,$-19,$0,$0,$-2,$0,$-2,$0,$-21,$0,$0,$0,$-6,$-6,$-6,$1,$-11,$0,$3,$-6
32,2010-09-30,10.27,$5.77,1.78,$13.19,0.78,$2.63,3.9,$1.46,7.03,$0.10B,$0.03B,3.72,$0.00B,$0.11B,0.0,$0.25B,$0.09B,33.46%,$0.25B,$0.04B,17.32%,$0.25B,$0.04B,17.32%,$0.25B,$0.05B,20.87%,$0.25B,$0.05B,17.72%,$0.25B,$0.03B,11.02%,$0.03B,$0.11B,26.86%,$0.03B,$0.11B,26.86%,$0.03B,$0.15B,19.21%,$0.04B,$0.11B,42.21%,$58,$40,$19,$0,$9,$49,$9,$0,$9,$3,$6,$6,$6,$12,$9,$19,19,$0.32,$0.31,$53,$11,$0,$96,$42,$0,$0,$3,$51,$147,$26,$0,$1,$13,$39,$23,$133,$-20,$109,$147,$23,$7,$2,$9,$-1,$-0,$0,$-4,$-8,$23,$-16,$0,$0,$3,$0,$3,$0,$-13,$0,$0,$0,$-6,$-6,$-5,$1,$-10,$0,$2,$-5
33,2010-06-30,10.71,$5.68,1.88,$13.83,0.77,$3.73,2.87,$1.52,7.05,$0.10B,$0.02B,4.02,$0.00B,$0.11B,0.0,$0.27B,$0.09B,32.96%,$0.27B,$0.05B,17.23%,$0.27B,$0.05B,17.23%,$0.27B,$0.05B,20.22%,$0.27B,$0.05B,17.60%,$0.27B,$0.03B,10.86%,$0.03B,$0.11B,29.29%,$0.03B,$0.11B,29.29%,$0.03B,$0.15B,20.14%,$0.05B,$0.11B,46.46%,$64,$43,$22,$0,$9,$52,$13,$0,$13,$5,$8,$8,$8,$15,$13,$19,19,$0.43,$0.42,$59,$9,$0,$96,$41,$0,$0,$4,$50,$146,$24,$0,$1,$13,$37,$23,$129,$-20,$109,$146,$17,$4,$3,$7,$3,$1,$0,$-4,$-4,$19,$-13,$0,$0,$-2,$0,$-2,$0,$-15,$0,$0,$0,$0,$0,$-3,$-1,$-4,$1,$1,$-3
34,2010-03-31,8.92,$5.39,1.65,$14.27,0.62,$4.25,2.1,$1.55,5.75,$0.10B,$0.03B,3.12,$0.00B,$0.10B,0.0,$0.28B,$0.09B,33.09%,$0.28B,$0.05B,17.09%,$0.28B,$0.05B,17.09%,$0.28B,$0.06B,20.00%,$0.28B,$0.05B,17.45%,$0.28B,$0.03B,10.91%,$0.03B,$0.10B,32.52%,$0.03B,$0.10B,32.52%,$0.03B,$0.15B,21.47%,$0.05B,$0.10B,50.95%,$68,$45,$23,$0,$10,$55,$13,$0,$13,$5,$8,$8,$8,$15,$13,$19,19,$0.44,$0.43,$59,$7,$0,$101,$36,$0,$0,$5,$48,$148,$32,$0,$1,$13,$45,$23,$122,$-20,$103,$148,$8,$2,$-1,$2,$-3,$3,$0,$-5,$0,$10,$-6,$0,$0,$-2,$0,$-2,$0,$-8,$0,$0,$0,$0,$0,$-1,$0,$-1,$1,$1,$-1
35,2009-12-31,7.18,$5.01,1.43,$14.05,0.51,$4.38,1.64,$1.42,5.06,$0.10B,$0.03B,2.98,$0.00B,$0.10B,0.0,$0.27B,$0.09B,32.47%,$0.27B,$0.04B,15.87%,$0.27B,$0.04B,15.87%,$0.27B,$0.05B,18.82%,$0.27B,$0.04B,16.24%,$0.27B,$0.03B,10.33%,$0.03B,$0.10B,32.94%,$0.03B,$0.10B,32.94%,$0.03B,$0.14B,21.13%,$0.04B,$0.10B,50.59%,$64,$43,$21,$0,$12,$55,$9,$0,$10,$4,$6,$6,$6,$11,$9,$19,19,$0.31,$0.30,$56,$10,$0,$98,$33,$0,$0,$4,$43,$142,$33,$0,$1,$13,$46,$23,$115,$-20,$96,$142,$28,$7,$6,$14,$1,$2,$0,$3,$5,$47,$-14,$0,$0,$-32,$0,$-32,$0,$-46,$0,$-1,$-1,$-0,$-0,$-6,$1,$-5,$-5,$4,$-6
36,2009-09-30,9.49,$4.62,2.05,$13.66,0.7,$2.77,3.43,$1.41,6.73,$0.10B,$0.03B,2.8,$0.00B,$0.09B,0.0,$0.27B,$0.08B,31.70%,$0.27B,$0.04B,16.23%,$0.27B,$0.04B,16.23%,$0.27B,$0.05B,19.25%,$0.27B,$0.04B,16.23%,$0.27B,$0.03B,10.57%,$0.03B,$0.09B,36.13%,$0.03B,$0.09B,36.13%,$0.03B,$0.14B,22.36%,$0.04B,$0.09B,55.48%,$71,$49,$22,$0,$10,$60,$11,$0,$11,$4,$7,$7,$7,$13,$11,$19,19,$0.37,$0.37,$53,$7,$0,$95,$32,$0,$0,$4,$45,$140,$34,$0,$1,$18,$52,$23,$111,$-23,$88,$140,$22,$5,$2,$7,$-1,$5,$0,$5,$10,$39,$-10,$0,$0,$-29,$0,$-29,$0,$-39,$0,$-1,$-1,$-0,$-0,$-4,$1,$-4,$-4,$4,$-4
37,2009-06-30,9.03,$4.33,2.09,$12.07,0.75,$1.02,8.87,$1.06,8.52,$0.09B,$0.03B,3.01,$0.00B,$0.08B,0.0,$0.24B,$0.07B,29.24%,$0.24B,$0.03B,13.56%,$0.24B,$0.03B,13.56%,$0.24B,$0.04B,16.95%,$0.24B,$0.03B,13.98%,$0.24B,$0.02B,8.90%,$0.02B,$0.08B,28.57%,$0.02B,$0.08B,28.57%,$0.02B,$0.13B,18.22%,$0.03B,$0.08B,43.54%,$72,$47,$25,$0,$11,$58,$14,$0,$14,$5,$9,$9,$9,$16,$14,$19,19,$0.46,$0.45,$44,$6,$0,$85,$30,$0,$0,$5,$43,$129,$28,$0,$1,$18,$46,$23,$106,$-23,$82,$129,$14,$3,$2,$6,$-2,$6,$0,$1,$3,$23,$-7,$0,$0,$-21,$0,$-21,$0,$-28,$0,$-1,$-1,$-0,$-0,$-2,$1,$-1,$-6,$3,$-2
38,2009-03-31,8.88,$3.87,2.3,$10.19,0.87,$-0.08,0.0,$0.66,13.45,$0.08B,$0.03B,2.92,$0.00B,$0.07B,0.0,$0.20B,$0.05B,25.62%,$0.20B,$0.02B,9.36%,$0.20B,$0.02B,9.36%,$0.20B,$0.03B,13.30%,$0.20B,$0.02B,10.34%,$0.20B,$0.01B,6.40%,$0.01B,$0.07B,17.87%,$0.01B,$0.07B,17.87%,$0.01B,$0.12B,11.98%,$0.02B,$0.07B,26.12%,$64,$44,$20,$0,$10,$54,$9,$-0,$9,$4,$6,$6,$6,$11,$9,$19,19,$0.30,$0.30,$34,$8,$0,$80,$28,$0,$0,$3,$39,$119,$27,$0,$1,$18,$45,$23,$99,$-23,$74,$119,$6,$2,$2,$3,$0,$4,$0,$-2,$1,$10,$-4,$0,$0,$-11,$0,$-11,$0,$-15,$0,$-1,$-1,$-0,$-0,$0,$0,$-1,$-6,$1,$0
39,2008-12-31,4.3,$3.44,1.25,$8.94,0.48,$-0.49,0.0,$0.43,10.0,$0.07B,$0.03B,2.5,$0.00B,$0.07B,0.0,$0.18B,$0.04B,23.63%,$0.18B,$0.01B,6.59%,$0.18B,$0.01B,6.59%,$0.18B,$0.02B,10.44%,$0.18B,$0.01B,7.69%,$0.18B,$0.01B,4.40%,$0.01B,$0.07B,10.85%,$0.01B,$0.07B,10.85%,$0.01B,$0.11B,7.64%,$0.01B,$0.07B,16.27%,$58,$42,$17,$0,$8,$49,$9,$-0,$9,$4,$6,$6,$6,$11,$9,$20,20,$0.29,$0.29,$28,$12,$0,$74,$26,$0,$0,$5,$39,$113,$30,$0,$1,$18,$47,$23,$94,$-23,$66,$113,$9,$5,$-4,$2,$-10,$1,$0,$5,$1,$11,$-9,$0,$0,$12,$0,$12,$0,$3,$0,$1,$1,$-10,$-10,$0,$0,$-9,$5,$0,$0
40,2008-09-30,5.0,$3.71,1.35,$7.52,0.66,$0.62,8.06,$0.05,99.94,$0.07B,$0.02B,2.81,$0.00B,$0.07B,0.0,$0.16B,$0.03B,19.62%,$0.16B,$-0.00B,-0.63%,$0.16B,$-0.00B,-0.63%,$0.16B,$0.01B,3.16%,$0.16B,$0.00B,0.63%,$0.16B,0,0.00%,$0.00B,$0.07B,0.00%,$0.00B,$0.07B,0.00%,$0.00B,$0.10B,0.00%,$-0.00B,$0.07B,-1.31%,$42,$35,$7,$0,$6,$41,$0,$0,$1,$0,$0,$0,$0,$2,$0,$20,20,$0.02,$0.02,$23,$17,$0,$69,$25,$0,$0,$3,$31,$100,$24,$0,$1,$3,$28,$23,$88,$-13,$72,$100,$3,$4,$1,$4,$-4,$-4,$0,$-3,$-7,$1,$-6,$0,$0,$10,$0,$10,$0,$4,$0,$0,$0,$-7,$-7,$0,$0,$-7,$-3,$0,$0
41,2008-06-30,5.08,$3.84,1.32,$6.84,0.74,$2.45,2.07,$0.00,0.0,$0.07B,$0.02B,3.66,$0.00B,$0.08B,0.0,$0.15B,$0.03B,20.27%,$0.15B,$-0.00B,-2.70%,$0.15B,$-0.00B,-2.70%,$0.15B,$0.00B,0.68%,$0.15B,$-0.00B,-1.35%,$0.15B,$-0.00B,-0.68%,$-0.00B,$0.08B,-1.20%,$-0.00B,$0.08B,-1.20%,$-0.00B,$0.10B,-0.92%,$-0.00B,$0.08B,-4.79%,$39,$30,$8,$0,$7,$37,$1,$0,$2,$1,$1,$1,$1,$3,$1,$21,21,$0.05,$0.05,$31,$18,$0,$72,$24,$0,$0,$3,$30,$102,$20,$0,$1,$3,$23,$23,$87,$-13,$79,$102,$3,$2,$0,$3,$2,$-5,$0,$-3,$-6,$-1,$-4,$0,$0,$6,$0,$6,$0,$2,$0,$0,$0,$0,$0,$0,$0,$0,$1,$0,$0
42,2008-03-31,5.93,$3.41,1.74,$6.78,0.87,$4.48,1.33,$0.17,34.9,$0.08B,$0.02B,3.22,$0.00B,$0.08B,0.0,$0.15B,$0.04B,23.18%,$0.15B,$0.00B,1.99%,$0.15B,$0.00B,1.99%,$0.15B,$0.01B,4.64%,$0.15B,$0.01B,3.31%,$0.15B,$0.00B,1.99%,$0.00B,$0.08B,3.37%,$0.00B,$0.08B,3.37%,$0.00B,$0.10B,2.59%,$0.00B,$0.08B,3.37%,$43,$32,$11,$0,$8,$40,$2,$0,$2,$1,$1,$1,$1,$3,$2,$21,21,$0.07,$0.07,$34,$13,$0,$75,$23,$0,$0,$3,$29,$104,$23,$0,$0,$3,$27,$23,$86,$-13,$78,$104,$1,$1,$-0,$1,$-3,$0,$0,$-2,$-2,$1,$-2,$0,$0,$0,$0,$0,$0,$-2,$0,$0,$0,$0,$0,$0,$0,$0,$-1,$0,$0
43,2007-12-31,5.96,$3.70,1.61,$6.84,0.87,$5.63,1.06,$0.46,12.96,$0.07B,$0.02B,3.63,$0.00B,$0.08B,0.0,$0.16B,$0.04B,25.64%,$0.16B,$0.01B,5.77%,$0.16B,$0.01B,5.77%,$0.16B,$0.01B,8.33%,$0.16B,$0.02B,10.26%,$0.16B,$0.01B,6.41%,$0.01B,$0.08B,10.72%,$0.01B,$0.08B,10.72%,$0.01B,$0.10B,8.20%,$0.01B,$0.08B,9.65%,$34,$29,$5,$0,$7,$38,$-4,$0,$-4,$-1,$-2,$-2,$-2,$-3,$-4,$22,23,$-0.10,$-0.09,$36,$13,$0,$74,$22,$0,$0,$3,$28,$102,$20,$0,$1,$6,$26,$23,$85,$-13,$76,$102,$10,$4,$-2,$2,$2,$13,$0,$-6,$7,$19,$8,$0,$0,$-8,$0,$-8,$0,$-0,$0,$0,$0,$-21,$-21,$0,$0,$-21,$-2,$0,$0
44,2007-09-30,12.9,$4.42,2.92,$7.03,1.84,$5.53,2.33,$0.43,29.99,$0.10B,$0.02B,5.47,$0.00B,$0.10B,0.0,$0.17B,$0.04B,23.03%,$0.17B,$0.01B,6.06%,$0.17B,$0.01B,6.06%,$0.17B,$0.01B,7.88%,$0.17B,$0.02B,9.09%,$0.17B,$0.01B,5.45%,$0.01B,$0.10B,9.38%,$0.01B,$0.10B,9.38%,$0.01B,$0.13B,7.16%,$0.01B,$0.10B,10.42%,$32,$26,$6,$0,$7,$34,$-3,$1,$-2,$-1,$-1,$-1,$-1,$-2,$-3,$23,23,$-0.03,$-0.03,$64,$11,$0,$98,$22,$0,$0,$4,$27,$125,$18,$0,$1,$7,$24,$23,$87,$-11,$101,$125,$13,$3,$-2,$1,$3,$15,$0,$-1,$12,$26,$9,$0,$0,$-39,$0,$-39,$0,$-29,$0,$0,$0,$0,$0,$0,$-1,$-1,$-5,$0,$0
45,2007-06-30,11.18,$4.46,2.5,$7.18,1.56,$4.38,2.55,$0.50,22.35,$0.10B,$0.02B,4.49,$0.00B,$0.10B,0.0,$0.18B,$0.04B,21.71%,$0.18B,$0.01B,7.43%,$0.18B,$0.01B,7.43%,$0.18B,$0.02B,9.71%,$0.18B,$0.02B,10.86%,$0.18B,$0.01B,6.29%,$0.01B,$0.10B,11.80%,$0.01B,$0.10B,11.80%,$0.01B,$0.13B,8.85%,$0.01B,$0.10B,13.94%,$42,$29,$13,$0,$7,$34,$8,$1,$9,$3,$5,$5,$5,$9,$8,$23,23,$0.23,$0.22,$71,$12,$0,$104,$22,$0,$0,$4,$29,$133,$23,$0,$1,$8,$32,$23,$88,$-12,$101,$133,$13,$2,$-5,$-3,$5,$13,$0,$1,$20,$30,$11,$0,$0,$-42,$0,$-42,$0,$-31,$0,$0,$0,$0,$0,$0,$0,$0,$-1,$0,$0
46,2007-03-31,9.68,$4.22,2.3,$6.67,1.45,$2.81,3.45,$0.34,28.48,$0.10B,$0.02B,4.02,$0.00B,$0.10B,0.0,$0.17B,$0.03B,19.64%,$0.17B,$0.01B,4.17%,$0.17B,$0.01B,4.17%,$0.17B,$0.01B,6.55%,$0.17B,$0.01B,7.14%,$0.17B,$0.01B,4.17%,$0.01B,$0.10B,7.25%,$0.01B,$0.10B,7.25%,$0.01B,$0.13B,5.52%,$0.01B,$0.10B,7.25%,$48,$33,$16,$0,$8,$41,$8,$6,$13,$5,$8,$8,$8,$9,$8,$23,23,$0.36,$0.36,$54,$15,$0,$95,$23,$0,$0,$7,$33,$128,$24,$0,$1,$8,$32,$23,$83,$-12,$95,$128,$8,$1,$-4,$-3,$1,$10,$0,$0,$13,$18,$7,$0,$0,$-27,$0,$-27,$0,$-20,$0,$0,$0,$0,$0,$0,$0,$0,$-2,$0,$0
47,2006-12-31,6.91,$3.86,1.79,$6.31,1.1,$1.88,3.68,$0.03,230.42,$0.08B,$0.02B,3.85,$0.00B,$0.09B,0.0,$0.17B,$0.03B,16.17%,$0.17B,$0.00B,0.60%,$0.17B,$0.00B,0.60%,$0.17B,$0.01B,2.99%,$0.17B,$0.00B,0.60%,$0.17B,0,0.00%,$0.00B,$0.09B,0.00%,$0.00B,$0.09B,0.00%,$0.00B,$0.12B,0.00%,$0.00B,$0.09B,0.99%,$43,$40,$3,$0,$8,$47,$-3,$-1,$-5,$-2,$-3,$-3,$-3,$-3,$-3,$26,26,$-0.11,$-0.11,$29,$24,$0,$82,$23,$0,$0,$9,$35,$117,$21,$0,$1,$8,$30,$23,$75,$-12,$87,$117,$1,$4,$-4,$0,$-2,$24,$0,$4,$29,$30,$-2,$0,$0,$-0,$0,$-0,$0,$-2,$0,$0,$0,$-25,$-25,$0,$0,$-25,$3,$0,$0
