,Date,Stock Price,Book Value per Share,Price to Book Ratio,TTM Sales per Share,Price to Sales Ratio,TTM FCF per Share,Price to FCF Ratio,TTM Net EPS,PE Ratio,Current Assets,Current Liabilities,Current Ratio,Long Term Debt,Shareholder's Equity_x,Debt to Equity Ratio,TTM Revenue_x,TTM Gross Profit,Gross Margin,TTM Revenue_y,TTM Operating Income,Operating Margin,TTM Revenue_x,TTM EBIT,EBIT Margin,TTM Revenue_y,TTM EBITDA,EBITDA Margin,TTM Revenue_x,TTM Pre-Tax Income,Pre-Tax Margin,TTM Revenue_y,TTM Net Income_x,Net Margin,TTM Net Income_y,Shareholder's Equity_y,Return on Equity,TTM Net Income_x,Tangible Equity,Return on Tangible Equity,TTM Net Income_y,Total Assets,Return on Assets,TTM Net Income,LT Investments & Debt,Return on Investment,revenue,cost-goods-sold,gross-profit,research-development-expenses,selling-general-administrative-expenses,operating-expenses,operating-income,total-non-operating-income-expense,pre-tax-income,total-provision-income-taxes,income-after-taxes,income-from-continuous-operations,net-income,ebitda,ebit,basic-shares-outstanding,shares-outstanding,eps-basic-net-earnings-per-share,eps-earnings-per-share-diluted,cash-on-hand,inventory,other-current-assets,total-current-assets,net-property-plant-equipment,long-term-investments,goodwill-intangible-assets-total,other-long-term-assets,total-long-term-assets,total-assets,total-current-liabilities,long-term-debt,other-non-current-liabilities,total-long-term-liabilities,total-liabilities,common-stock-net,retained-earnings-accumulated-deficit,comprehensive-income,total-share-holder-equity,total-liabilities-share-holders-equity,net-income-loss,total-depreciation-amortization-cash-flow,other-non-cash-items,total-non-cash-items,change-in-accounts-receivable,change-in-inventories,change-in-accounts-payable,change-in-assets-liabilities,total-change-in-assets-liabilities,cash-flow-from-operating-activities,net-change-in-property-plant-equipment,net-change-in-intangible-assets,net-acquisitions-divestitures,net-change-in-short-term-investments,net-change-in-long-term-investments,net-change-in-investments-total,investing-activities-other,cash-flow-from-investing-activities,net-long-term-debt,net-current-debt,debt-issuance-retirement-net-total,net-common-equity-issued-repurchased,net-total-equity-issued-repurchased,total-common-preferred-stock-dividends-paid,financial-activities-other,cash-flow-from-financial-activities,net-cash-flow,stock-based-compensation,common-stock-dividends-paid
0,2018-09-30,0.39,$0.12,3.36,$1.37,0.29,$-3.40,0.0,$-1.15,0.0,$0.01B,$0.01B,1.65,$0.00B,$0.01B,0.0,$0.02B,$-0.01B,-40.00%,$0.02B,$-0.02B,-113.33%,$0.02B,$-0.02B,-113.33%,$0.02B,$-0.01B,-86.67%,$0.02B,$-0.04B,-240.00%,$0.02B,$-0.04B,-233.33%,$-0.04B,$0.01B,-875.00%,$-0.04B,$0.01B,-1555.56%,$-0.04B,$0.02B,-259.26%,$-0.02B,$0.01B,-425.00%,$4,$4,$-1,$0,$0,$7,$-3,$-15,$-18,$0,$-18,$-18,$-18,$-2,$-3,$37,37,$-0.49,$-0.49,$9,$1,$1,$13,$1,$0,$1,$1,$4,$17,$8,$0,$2,$2,$10,$0,$-231,$0,$7,$17,$-30,$4,$17,$21,$1,$1,$-1,$-1,$0,$-9,$-0,$-0,$0,$0,$0,$0,$0,$-0,$5,$0,$5,$10,$10,$0,$2,$17,$7,$0,$0
1,2018-06-30,0.57,$-0.01,-72.14,$1.80,0.32,$-4.99,0.0,$-1.74,0.0,$0.01B,$0.01B,1.45,$0.00B,$0.00B,0.0,$0.02B,$-0.01B,-46.67%,$0.02B,$-0.02B,-120.00%,$0.02B,$-0.02B,-120.00%,$0.02B,$-0.02B,-100.00%,$0.02B,$-0.02B,-146.67%,$0.02B,$-0.02B,-140.00%,$-0.02B,$0.00B,-442.11%,$-0.02B,$-0.00B,-763.64%,$-0.02B,$0.01B,-152.73%,$-0.02B,$0.00B,-378.95%,$4,$4,$-1,$0,$0,$8,$-4,$-4,$-8,$0,$-8,$-8,$-8,$-1,$-4,$11,11,$-0.73,$-0.73,$2,$1,$1,$7,$1,$0,$1,$1,$4,$11,$5,$0,$6,$6,$11,$0,$-213,$0,$-0,$11,$-12,$3,$3,$6,$1,$1,$-0,$-1,$1,$-6,$-0,$-0,$0,$0,$0,$0,$0,$-0,$5,$0,$5,$2,$2,$0,$0,$6,$0,$0,$0
2,2018-03-31,0.98,$0.32,3.03,$1.86,0.53,$-5.62,0.0,$-1.54,0.0,$0.01B,$0.01B,1.14,$0.00B,$0.00B,0.0,$0.01B,$-0.01B,-50.00%,$0.01B,$-0.02B,-128.57%,$0.01B,$-0.02B,-128.57%,$0.01B,$-0.02B,-128.57%,$0.01B,$-0.02B,-128.57%,$0.01B,$-0.02B,-121.43%,$-0.02B,$0.00B,-206.06%,$-0.02B,$0.00B,-272.00%,$-0.02B,$0.01B,-106.25%,$-0.02B,$0.00B,-218.18%,$3,$4,$-2,$0,$0,$7,$-4,$0,$-4,$0,$-4,$-4,$-4,$-4,$-4,$10,10,$-0.42,$-0.42,$0,$2,$1,$7,$1,$0,$3,$1,$6,$12,$6,$0,$2,$3,$9,$0,$-205,$0,$3,$12,$-4,$0,$0,$0,$1,$0,$1,$-0,$2,$-2,$-0,$-0,$0,$0,$0,$0,$0,$-0,$0,$0,$0,$2,$2,$0,$0,$2,$-1,$0,$0
3,2017-12-31,1.48,$0.76,1.96,$2.36,0.63,$-6.31,0.0,$-1.98,0.0,$0.01B,$0.01B,1.75,$0.00B,$0.01B,0.0,$0.02B,$-0.01B,-40.00%,$0.02B,$-0.02B,-120.00%,$0.02B,$-0.02B,-120.00%,$0.02B,$-0.02B,-120.00%,$0.02B,$-0.02B,-120.00%,$0.02B,$-0.02B,-113.33%,$-0.02B,$0.01B,-141.67%,$-0.02B,$0.00B,-165.85%,$-0.02B,$0.01B,-88.31%,$-0.02B,$0.01B,-150.00%,$4,$6,$-2,$0,$0,$10,$-6,$0,$-6,$0,$-6,$-6,$-5,$-6,$-6,$7,7,$-0.57,$-0.57,$1,$2,$1,$9,$1,$0,$2,$1,$6,$14,$5,$0,$2,$3,$8,$0,$-200,$0,$6,$14,$-18,$0,$2,$3,$0,$-1,$-0,$-0,$-1,$-16,$-0,$-2,$0,$0,$0,$0,$0,$-2,$1,$-3,$-1,$17,$17,$0,$0,$16,$-2,$0,$0
4,2017-09-30,0.87,$1.27,0.68,$39.17,0.02,$-93.39,0.0,$-26.93,0.0,$0.01B,$0.01B,2.28,$0.00B,$0.01B,0.0,$0.02B,$-0.01B,-43.75%,$0.02B,$-0.01B,-87.50%,$0.02B,$-0.01B,-87.50%,$0.02B,$-0.01B,-81.25%,$0.02B,$-0.02B,-143.75%,$0.02B,$-0.02B,-137.50%,$-0.02B,$0.01B,-187.23%,$-0.02B,$0.01B,-214.63%,$-0.02B,$0.02B,-114.29%,$-0.01B,$0.01B,-119.15%,$4,$6,$-2,$0,$0,$8,$-4,$0,$-4,$0,$-4,$-4,$-4,$-4,$-4,$7,7,$-0.59,$-0.59,$5,$2,$1,$13,$1,$0,$2,$1,$5,$18,$6,$0,$2,$3,$9,$0,$-195,$0,$10,$18,$-12,$0,$1,$1,$0,$-1,$-1,$-1,$-2,$-13,$-1,$-0,$0,$0,$0,$0,$0,$-1,$0,$-1,$-1,$16,$16,$0,$0,$16,$2,$0,$0
5,2017-06-30,0.98,$1.86,0.52,$137.76,0.01,$-351.43,0.0,$-334.75,0.0,$0.02B,$0.00B,4.62,$0.00B,$0.01B,0.0,$0.01B,$-0.01B,-35.71%,$0.01B,$-0.01B,-92.86%,$0.01B,$-0.01B,-92.86%,$0.01B,$-0.01B,-78.57%,$0.01B,$-0.03B,-192.86%,$0.01B,$-0.03B,-185.71%,$-0.03B,$0.01B,-335.48%,$-0.03B,$0.01B,-385.19%,$-0.03B,$0.02B,-128.40%,$-0.01B,$0.01B,-148.57%,$3,$4,$-1,$0,$0,$7,$-4,$0,$-4,$0,$-4,$-4,$-4,$-4,$-4,$7,7,$-0.53,$-0.53,$10,$1,$2,$16,$1,$0,$1,$1,$4,$20,$4,$0,$2,$3,$7,$0,$-191,$0,$14,$20,$-8,$0,$1,$1,$1,$0,$-1,$-1,$-1,$-8,$-0,$0,$0,$0,$0,$0,$0,$-0,$0,$-1,$-1,$16,$16,$0,$0,$16,$7,$0,$0
6,2017-03-31,1.38,$2.39,0.58,$370.54,0.0,$-593.41,0.0,$-496.98,0.0,$0.02B,$0.01B,4.29,$0.00B,$0.02B,0.0,$0.02B,$-0.00B,-25.00%,$0.02B,$-0.01B,-75.00%,$0.02B,$-0.01B,-75.00%,$0.02B,$-0.01B,-56.25%,$0.02B,$-0.03B,-168.75%,$0.02B,$-0.03B,-156.25%,$-0.03B,$0.02B,-833.33%,$-0.03B,$0.02B,-1250.00%,$-0.03B,$0.03B,-120.48%,$-0.01B,$0.02B,-252.63%,$4,$4,$-1,$0,$0,$7,$-4,$-0,$-4,$0,$-4,$-4,$-4,$-4,$-4,$5,5,$-0.86,$-0.86,$14,$1,$1,$21,$1,$0,$1,$1,$4,$25,$5,$0,$2,$2,$7,$0,$-187,$0,$18,$25,$-4,$0,$1,$1,$1,$0,$-1,$-1,$-1,$-4,$-0,$0,$0,$0,$0,$0,$0,$-0,$0,$-1,$-1,$16,$16,$0,$0,$16,$11,$0,$0
7,2016-12-31,7.22,$4.21,1.71,$604.96,0.01,$-767.47,0.0,$-670.30,0.0,$0.01B,$0.01B,1.57,$0.00B,$0.01B,0.0,$0.02B,$-0.00B,-17.65%,$0.02B,$-0.01B,-70.59%,$0.02B,$-0.01B,-70.59%,$0.02B,$-0.01B,-52.94%,$0.02B,$-0.03B,-158.82%,$0.02B,$-0.03B,-147.06%,$-0.03B,$0.01B,1000.00%,$-0.03B,$0.00B,666.67%,$-0.03B,$0.01B,-136.99%,$-0.01B,$0.01B,1600.00%,$5,$8,$-3,$0,$0,$7,$-2,$-9,$-11,$0,$-11,$-11,$-10,$-1,$-2,$0,0,$461.57,$461.57,$3,$2,$1,$10,$1,$0,$1,$1,$5,$14,$6,$0,$2,$3,$9,$0,$-183,$0,$5,$14,$-25,$3,$11,$14,$1,$1,$-3,$1,$-1,$-12,$-0,$0,$0,$0,$0,$0,$0,$-0,$27,$-20,$7,$5,$7,$0,$0,$15,$2,$1,$0
8,2016-09-30,114.3,$-66.16,-1.73,$1264.07,0.09,$-1592.52,0.0,$-957.66,0.0,$0.02B,$0.02B,0.85,$0.00B,$-0.01B,-0.55,$0.02B,$0.00B,9.09%,$0.02B,$-0.01B,-63.64%,$0.02B,$-0.01B,-63.64%,$0.02B,$-0.01B,-54.55%,$0.02B,$-0.02B,-90.91%,$0.02B,$-0.02B,-86.36%,$-0.02B,$-0.01B,475.00%,$-0.02B,$-0.01B,361.90%,$-0.02B,$0.02B,-100.00%,$-0.01B,$-0.00B,622.22%,$2,$3,$-0,$0,$0,$6,$-3,$-5,$-8,$0,$-8,$-8,$-8,$-2,$-3,$0,0,$-308.10,$-308.10,$10,$1,$1,$18,$1,$0,$1,$2,$4,$22,$21,$3,$3,$7,$28,$0,$-172,$0,$-6,$22,$-15,$2,$4,$6,$2,$1,$-0,$1,$3,$-7,$0,$0,$0,$0,$0,$0,$0,$0,$17,$-13,$3,$4,$4,$0,$0,$7,$1,$1,$0
9,2016-06-30,120.6,$-224.89,-0.54,$1676.62,0.07,$-2023.63,0.0,$-859.46,0.0,$0.02B,$0.02B,0.87,$0.00B,$-0.01B,-0.63,$0.03B,$0.00B,13.33%,$0.03B,$-0.02B,-53.33%,$0.03B,$-0.02B,-53.33%,$0.03B,$-0.01B,-46.67%,$0.03B,$-0.02B,-53.33%,$0.03B,$-0.02B,-50.00%,$-0.02B,$-0.01B,857.14%,$-0.02B,$-0.01B,500.00%,$-0.02B,$0.02B,-77.92%,$-0.02B,$-0.00B,1600.00%,$5,$5,$-0,$0,$0,$8,$-3,$-1,$-4,$0,$-4,$-4,$-3,$-2,$-3,$0,0,$-162.60,$-162.60,$9,$1,$1,$18,$1,$0,$1,$2,$4,$22,$20,$3,$3,$7,$27,$0,$-165,$0,$-5,$22,$-7,$1,$0,$1,$1,$1,$-0,$0,$1,$-5,$0,$0,$0,$0,$0,$0,$0,$0,$2,$3,$5,$0,$0,$0,$0,$5,$-0,$0,$0
10,2016-03-31,432.0,$-210.38,-2.05,$3196.64,0.14,$-3029.42,0.0,$-528.53,0.0,$0.01B,$0.02B,0.58,$0.00B,$-0.00B,0.0,$0.04B,$0.01B,15.00%,$0.04B,$-0.02B,-40.00%,$0.04B,$-0.02B,-40.00%,$0.04B,$-0.02B,-37.50%,$0.04B,$-0.01B,-25.00%,$0.04B,$-0.01B,-27.50%,$-0.01B,$-0.00B,-880.00%,$-0.01B,$-0.01B,inf%,$-0.01B,$0.02B,-49.44%,$-0.02B,$-0.00B,-1280.00%,$5,$5,$0,$0,$4,$9,$-4,$-0,$-4,$0,$-4,$-4,$-4,$-4,$-4,$0,0,$-174.40,$-174.40,$0,$2,$1,$10,$1,$0,$1,$2,$5,$15,$18,$0,$1,$1,$19,$0,$-161,$0,$-4,$15,$-4,$0,$0,$0,$0,$1,$-1,$0,$-0,$-4,$0,$0,$0,$0,$0,$0,$0,$0,$7,$-4,$3,$0,$0,$0,$0,$3,$-0,$0,$0
11,2015-12-31,378.0,$-48.24,-7.84,$5171.87,0.07,$-3882.20,0.0,$-1075.08,0.0,$0.01B,$0.02B,0.71,$0.00B,$-0.00B,0.0,$0.05B,$0.01B,15.22%,$0.05B,$-0.02B,-36.96%,$0.05B,$-0.02B,-36.96%,$0.05B,$-0.02B,-34.78%,$0.05B,$-0.01B,-21.74%,$0.05B,$-0.01B,-23.91%,$-0.01B,$-0.00B,1466.67%,$-0.01B,$-0.00B,628.57%,$-0.01B,$0.02B,-42.72%,$-0.02B,$-0.00B,2266.67%,$10,$8,$2,$0,$5,$14,$-4,$0,$-4,$0,$-4,$-4,$-4,$-4,$-4,$0,0,$47.72,$47.72,$1,$2,$2,$12,$1,$0,$1,$1,$5,$17,$17,$0,$0,$1,$18,$0,$-157,$0,$-1,$17,$-11,$0,$-4,$-3,$4,$3,$-5,$0,$1,$-13,$0,$0,$0,$0,$0,$0,$0,$0,$0,$-4,$-4,$15,$15,$0,$0,$11,$-1,$1,$0
12,2015-09-30,708.0,$144.72,4.89,$9093.30,0.08,$-10720.77,0.0,$-4486.49,0.0,$0.02B,$0.02B,0.95,$0.00B,$0.00B,0.0,$0.05B,$0.01B,12.96%,$0.05B,$-0.03B,-59.26%,$0.05B,$-0.03B,-59.26%,$0.05B,$-0.02B,-33.33%,$0.05B,$-0.02B,-35.19%,$0.05B,$-0.02B,-42.59%,$-0.02B,$0.00B,1314.29%,$-0.02B,$0.00B,766.67%,$-0.02B,$0.02B,-76.67%,$-0.03B,$0.00B,1828.57%,$10,$9,$2,$0,$5,$15,$-5,$1,$-4,$0,$-4,$-4,$-4,$-4,$-5,$0,0,$-209.31,$-209.31,$1,$3,$3,$18,$1,$0,$1,$1,$5,$23,$19,$0,$1,$1,$20,$0,$-153,$0,$3,$23,$-7,$0,$-5,$-4,$2,$2,$-6,$-0,$-3,$-14,$0,$0,$0,$0,$0,$0,$0,$0,$40,$-41,$-2,$15,$15,$0,$0,$13,$-1,$1,$0
13,2015-06-30,1338.0,$358.37,3.73,$12976.98,0.1,$-17405.90,0.0,$-5357.36,0.0,$0.03B,$0.03B,1.11,$0.00B,$0.01B,0.0,$0.06B,$0.01B,12.70%,$0.06B,$-0.04B,-57.14%,$0.06B,$-0.04B,-57.14%,$0.06B,$-0.02B,-36.51%,$0.06B,$-0.02B,-28.57%,$0.06B,$-0.02B,-38.10%,$-0.02B,$0.01B,-4800.00%,$-0.02B,$0.01B,564.71%,$-0.02B,$0.03B,-62.34%,$-0.04B,$0.01B,-7200.00%,$15,$12,$2,$0,$4,$18,$-3,$5,$2,$0,$2,$2,$1,$-3,$-3,$0,0,$172.37,$172.37,$5,$3,$4,$28,$1,$0,$1,$2,$6,$34,$25,$0,$1,$1,$27,$1,$-149,$0,$7,$34,$-2,$0,$-3,$-3,$-1,$1,$-4,$-1,$-5,$-10,$0,$0,$0,$0,$0,$0,$0,$0,$0,$-0,$-0,$14,$14,$0,$0,$14,$3,$0,$0
14,2015-03-31,3226.8,$-1721.30,-1.87,$16391.13,0.2,$-22725.51,0.0,$-11051.05,0.0,$0.02B,$0.03B,0.75,$0.00B,$-0.01B,0.0,$0.07B,$0.01B,16.18%,$0.07B,$-0.04B,-55.88%,$0.07B,$-0.04B,-55.88%,$0.07B,$-0.03B,-36.76%,$0.07B,$-0.02B,-29.41%,$0.07B,$-0.05B,-67.65%,$-0.05B,$-0.01B,-3066.67%,$-0.05B,$-0.01B,681.48%,$-0.05B,$0.03B,-98.40%,$-0.04B,$-0.01B,-2533.33%,$11,$10,$1,$0,$6,$16,$-5,$2,$-4,$-0,$-4,$-4,$-4,$-5,$-5,$0,0,$-780.78,$-780.78,$1,$4,$5,$22,$1,$0,$1,$2,$6,$29,$30,$0,$10,$10,$40,$0,$-150,$0,$-12,$29,$-4,$0,$1,$2,$2,$1,$-2,$-3,$-3,$-5,$-0,$0,$0,$0,$0,$0,$0,$-0,$12,$-15,$-2,$6,$6,$0,$0,$4,$-1,$0,$0
15,2014-12-31,5797.21,$-1224.06,-4.74,$18004.88,0.32,$-24843.45,0.0,$-14174.17,0.0,$0.03B,$0.04B,0.8,$0.00B,$-0.01B,0.0,$0.07B,$0.01B,18.31%,$0.07B,$-0.04B,-56.34%,$0.07B,$-0.04B,-56.34%,$0.07B,$-0.03B,-36.62%,$0.07B,$-0.03B,-39.44%,$0.07B,$-0.06B,-80.28%,$-0.06B,$-0.01B,-570.00%,$-0.06B,$-0.01B,1341.18%,$-0.06B,$0.03B,-99.13%,$-0.04B,$-0.01B,-400.00%,$18,$16,$2,$0,$9,$37,$-19,$6,$-13,$0,$-13,$-13,$-16,$-6,$-19,$0,0,$-3567.57,$-3567.57,$2,$5,$4,$29,$2,$0,$1,$1,$5,$34,$37,$0,$3,$3,$40,$0,$-147,$0,$-5,$34,$-57,$15,$4,$19,$2,$3,$4,$-1,$8,$-31,$-0,$0,$12,$0,$0,$0,$0,$12,$36,$-34,$1,$7,$7,$0,$0,$8,$-11,$1,$0
16,2014-09-30,20640.02,$2682.01,7.7,$14810.88,1.39,$-24009.32,0.0,$-11411.41,0.0,$0.04B,$0.04B,1.1,$0.00B,$0.01B,0.0,$0.06B,$0.01B,21.05%,$0.06B,$-0.03B,-43.86%,$0.06B,$-0.03B,-43.86%,$0.06B,$-0.02B,-42.11%,$0.06B,$-0.02B,-29.82%,$0.06B,$-0.04B,-77.19%,$-0.04B,$0.01B,-366.67%,$-0.04B,$-0.00B,1955.56%,$-0.04B,$0.06B,-73.33%,$-0.03B,$0.01B,-208.33%,$19,$16,$3,$0,$10,$28,$-9,$6,$-3,$-0,$-3,$-3,$-5,$-9,$-9,$0,0,$-1117.12,$-1117.12,$2,$6,$2,$39,$2,$0,$15,$0,$18,$57,$36,$0,$9,$10,$46,$0,$-130,$0,$12,$57,$-41,$2,$4,$6,$-1,$-0,$5,$1,$4,$-31,$-0,$0,$12,$0,$0,$0,$0,$12,$11,$-9,$2,$7,$7,$0,$0,$9,$-11,$1,$0
17,2014-06-30,35760.04,$2757.34,12.97,$17071.54,2.09,$-20193.55,0.0,$-11171.17,0.0,$0.05B,$0.04B,1.17,$0.00B,$0.01B,0.0,$0.06B,$0.01B,23.64%,$0.06B,$-0.02B,-34.55%,$0.06B,$-0.02B,-34.55%,$0.06B,$-0.02B,-32.73%,$0.06B,$-0.02B,-32.73%,$0.06B,$-0.04B,-74.55%,$-0.04B,$0.01B,-455.56%,$-0.04B,$-0.00B,2050.00%,$-0.04B,$0.07B,-74.55%,$-0.02B,$0.01B,-211.11%,$20,$15,$5,$0,$10,$25,$-5,$6,$0,$-1,$2,$2,$-21,$-5,$-5,$0,0,$-5567.57,$-5567.57,$2,$10,$10,$48,$4,$0,$15,$1,$20,$67,$41,$0,$15,$15,$56,$0,$-126,$0,$11,$67,$-36,$2,$9,$11,$-3,$1,$2,$-2,$1,$-25,$-1,$0,$12,$0,$0,$0,$0,$11,$-1,$3,$2,$0,$0,$0,$0,$2,$-11,$2,$0
18,2014-03-31,48840.05,$5786.59,8.44,$20889.38,2.34,$-15965.28,0.0,$-6966.97,0.0,$0.04B,$0.03B,1.41,$0.00B,$0.02B,0.0,$0.06B,$0.01B,23.21%,$0.06B,$-0.02B,-30.36%,$0.06B,$-0.02B,-30.36%,$0.06B,$-0.02B,-28.57%,$0.06B,$-0.02B,-37.50%,$0.06B,$-0.02B,-41.07%,$-0.02B,$0.02B,-340.74%,$-0.02B,$-0.00B,4600.00%,$-0.02B,$0.07B,-50.27%,$-0.02B,$0.02B,-226.67%,$14,$11,$3,$0,$8,$21,$-7,$-5,$-12,$0,$-12,$-12,$-15,$-6,$-7,$0,0,$-4084.08,$-4084.08,$11,$7,$8,$43,$4,$0,$24,$1,$29,$72,$30,$0,$20,$20,$51,$0,$-104,$0,$22,$72,$-15,$1,$0,$1,$1,$1,$1,$-1,$3,$-11,$-0,$0,$10,$0,$0,$0,$0,$9,$0,$0,$0,$0,$0,$0,$0,$0,$-1,$0,$0
19,2013-12-31,36240.04,$1071.70,33.82,$24698.40,1.47,$-15276.77,0.0,$-4804.81,0.0,$0.04B,$0.03B,1.53,$0.00B,$0.00B,0.0,$0.06B,$0.02B,25.42%,$0.06B,$-0.01B,-22.03%,$0.06B,$-0.01B,-22.03%,$0.06B,$-0.01B,-22.03%,$0.06B,$-0.01B,-22.03%,$0.06B,$-0.01B,-20.34%,$-0.01B,$0.00B,-800.00%,$-0.01B,$0.00B,-2400.00%,$-0.01B,$0.04B,-34.29%,$-0.01B,$0.00B,-325.00%,$4,$3,$1,$0,$3,$7,$-4,$2,$-2,$0,$-2,$-2,$-3,$-4,$-4,$0,0,$-720.72,$-720.72,$12,$6,$1,$38,$3,$0,$2,$0,$5,$44,$25,$0,$16,$16,$41,$0,$-90,$0,$3,$44,$-11,$1,$-3,$-2,$0,$-1,$6,$-6,$-3,$-17,$-0,$0,$-1,$0,$0,$0,$0,$-2,$-1,$-6,$-7,$27,$27,$0,$0,$20,$2,$1,$0
20,2013-09-30,33480.03,$-44.10,-759.15,$35469.40,0.94,$-14232.89,0.0,$-5525.53,0.0,$0.03B,$0.03B,0.95,$0.00B,$0.00B,-1.35,$0.08B,$0.02B,24.39%,$0.08B,$-0.01B,-14.63%,$0.08B,$-0.01B,-14.63%,$0.08B,$-0.01B,-14.63%,$0.08B,$-0.02B,-18.29%,$0.08B,$-0.01B,-15.85%,$-0.01B,$0.00B,-742.86%,$-0.01B,$-0.00B,-1040.00%,$-0.01B,$0.04B,-37.68%,$-0.01B,$0.00B,-282.35%,$17,$12,$4,$0,$6,$20,$-3,$-1,$-4,$0,$-4,$-4,$-2,$-3,$-3,$0,0,$-840.84,$-840.84,$2,$7,$4,$31,$4,$0,$2,$0,$6,$37,$32,$0,$4,$5,$37,$0,$-87,$0,$-0,$37,$-9,$1,$3,$4,$1,$-2,$-0,$1,$-3,$-9,$-0,$0,$-1,$0,$0,$0,$0,$-1,$-0,$-6,$-7,$8,$8,$0,$0,$2,$-8,$0,$0
21,2013-06-30,30480.03,$763.35,39.93,$40794.31,0.75,$-18567.23,0.0,$-22222.23,0.0,$0.03B,$0.02B,1.29,$0.00B,$0.00B,1.65,$0.09B,$0.02B,24.18%,$0.09B,$-0.04B,-39.56%,$0.09B,$-0.04B,-39.56%,$0.09B,$-0.01B,-15.38%,$0.09B,$-0.04B,-42.86%,$0.09B,$-0.05B,-54.95%,$-0.05B,$0.00B,-1333.33%,$-0.05B,$0.00B,-1333.33%,$-0.05B,$0.03B,-140.85%,$-0.04B,$0.01B,-576.00%,$21,$16,$5,$0,$8,$24,$-3,$0,$-3,$0,$-3,$-3,$-3,$-3,$-3,$0,0,$-1321.32,$-1321.32,$7,$5,$4,$26,$4,$0,$0,$0,$4,$30,$20,$3,$4,$8,$28,$0,$-85,$0,$2,$30,$-7,$0,$-0,$0,$4,$1,$-6,$3,$1,$-5,$-0,$0,$0,$0,$0,$0,$0,$-0,$-0,$-6,$-7,$8,$8,$0,$0,$2,$-4,$0,$0
22,2013-03-31,21600.02,$235.12,91.87,$41557.73,0.52,$-22915.56,0.0,$-21981.99,0.0,$0.03B,$0.02B,1.21,$0.01B,$0.00B,13.82,$0.09B,$0.02B,24.18%,$0.09B,$-0.04B,-40.66%,$0.09B,$-0.04B,-40.66%,$0.09B,$-0.02B,-16.48%,$0.09B,$-0.04B,-43.96%,$0.09B,$-0.05B,-54.95%,$-0.05B,$0.00B,-333.33%,$-0.05B,$0.00B,-500.00%,$-0.05B,$0.03B,-108.11%,$-0.04B,$0.01B,-220.90%,$17,$12,$5,$0,$8,$20,$-3,$-0,$-4,$0,$-4,$-4,$-4,$-3,$-3,$0,0,$-1681.68,$-1681.68,$4,$6,$4,$25,$4,$0,$0,$0,$4,$29,$21,$7,$0,$8,$28,$0,$-82,$0,$1,$29,$-4,$0,$1,$1,$3,$-0,$-7,$4,$-3,$-5,$-0,$0,$0,$0,$0,$0,$0,$-0,$-0,$-1,$-1,$0,$0,$0,$0,$-1,$-7,$0,$0
23,2012-12-31,9120.01,$1766.21,5.16,$42222.73,0.22,$-25284.60,0.0,$-21141.14,0.0,$0.04B,$0.04B,1.01,$0.00B,$0.00B,0.0,$0.09B,$0.02B,25.00%,$0.09B,$-0.04B,-40.22%,$0.09B,$-0.04B,-40.22%,$0.09B,$-0.02B,-16.30%,$0.09B,$-0.04B,-42.39%,$0.09B,$-0.05B,-52.17%,$-0.05B,$0.00B,-177.78%,$-0.05B,$0.00B,-282.35%,$-0.05B,$0.04B,-81.01%,$-0.04B,$0.00B,-135.78%,$27,$21,$6,$0,$9,$30,$-3,$-1,$-4,$0,$-4,$-4,$-4,$-3,$-3,$0,0,$-1681.68,$-1681.68,$10,$6,$7,$38,$4,$0,$0,$0,$4,$42,$38,$0,$0,$0,$38,$0,$-78,$0,$4,$42,$-47,$23,$15,$39,$-1,$5,$-8,$-3,$-4,$-13,$0,$0,$0,$0,$0,$0,$0,$0,$5,$6,$11,$0,$0,$0,$0,$11,$-1,$0,$0
24,2012-09-30,8400.01,$3454.51,2.43,$48342.27,0.17,$-18050.45,0.0,$-19459.46,0.0,$0.04B,$0.03B,1.11,$0.00B,$0.01B,0.07,$0.11B,$0.03B,25.71%,$0.11B,$-0.03B,-32.38%,$0.11B,$-0.03B,-32.38%,$0.11B,$-0.01B,-10.48%,$0.11B,$-0.04B,-33.33%,$0.11B,$-0.04B,-41.90%,$-0.04B,$0.01B,-113.55%,$-0.04B,$0.01B,-185.26%,$-0.04B,$0.04B,-61.75%,$-0.03B,$0.01B,-87.18%,$26,$21,$6,$0,$11,$54,$-27,$-0,$-28,$11,$-39,$-39,$-39,$-5,$-27,$0,0,$-17537.54,$-17537.54,$4,$6,$9,$36,$5,$0,$0,$0,$5,$41,$32,$1,$0,$1,$33,$0,$-74,$0,$8,$41,$-43,$23,$9,$32,$6,$6,$-13,$-5,$-6,$-17,$-0,$0,$0,$0,$0,$0,$0,$-0,$3,$7,$9,$0,$0,$0,$0,$9,$-8,$0,$0
25,2012-06-30,13560.01,$21039.14,0.64,$50718.64,0.27,$-9863.29,0.0,$-2162.16,0.0,$0.04B,$0.03B,1.43,$0.00B,$0.05B,0.01,$0.11B,$0.03B,26.13%,$0.11B,$-0.01B,-7.21%,$0.11B,$-0.01B,-7.21%,$0.11B,$-0.01B,-5.41%,$0.11B,$-0.01B,-7.21%,$0.11B,$-0.01B,-4.50%,$-0.01B,$0.05B,-10.10%,$-0.01B,$0.03B,-17.09%,$-0.01B,$0.07B,-6.04%,$-0.01B,$0.05B,-16.08%,$21,$16,$5,$0,$9,$25,$-4,$-0,$-4,$-2,$-3,$-3,$-3,$-4,$-4,$0,0,$-1081.08,$-1081.08,$7,$8,$4,$37,$7,$0,$20,$0,$36,$73,$26,$1,$0,$1,$26,$0,$-35,$0,$47,$73,$-4,$1,$-3,$-2,$7,$4,$-20,$1,$-8,$-15,$-0,$0,$0,$0,$0,$0,$0,$-0,$3,$7,$9,$0,$0,$0,$0,$9,$-5,$0,$0
26,2012-03-31,17400.02,$22112.10,0.79,$53441.25,0.33,$-3174.64,0.0,$-2042.04,0.0,$0.05B,$0.03B,1.49,$0.00B,$0.05B,0.01,$0.11B,$0.03B,26.36%,$0.11B,$-0.01B,-5.45%,$0.11B,$-0.01B,-5.45%,$0.11B,$-0.00B,-3.64%,$0.11B,$-0.01B,-5.45%,$0.11B,$-0.00B,-3.64%,$-0.00B,$0.05B,-7.92%,$-0.00B,$0.03B,-13.22%,$-0.00B,$0.08B,-4.61%,$-0.01B,$0.05B,-11.82%,$18,$12,$6,$0,$9,$21,$-3,$-0,$-3,$-1,$-2,$-2,$-2,$-3,$-3,$0,0,$-840.84,$-840.84,$8,$12,$7,$46,$7,$0,$20,$0,$35,$81,$31,$1,$0,$1,$31,$0,$-33,$0,$49,$81,$-2,$0,$-1,$-0,$6,$0,$-13,$-1,$-8,$-11,$-0,$0,$0,$0,$0,$0,$0,$0,$-0,$7,$6,$0,$0,$0,$0,$6,$-4,$0,$0
27,2011-12-31,17160.02,$22890.45,0.75,$56759.73,0.3,$1651.74,10.39,$-1201.20,0.0,$0.06B,$0.04B,1.49,$0.00B,$0.05B,0.01,$0.11B,$0.03B,25.69%,$0.11B,$-0.00B,-2.75%,$0.11B,$-0.00B,-2.75%,$0.11B,$-0.00B,-0.92%,$0.11B,$-0.00B,-2.75%,$0.11B,$-0.00B,-1.83%,$-0.00B,$0.05B,-4.32%,$-0.00B,$0.03B,-6.50%,$-0.00B,$0.09B,-2.56%,$-0.00B,$0.05B,-6.49%,$40,$31,$10,$0,$9,$40,$0,$-0,$0,$-0,$0,$0,$0,$1,$0,$0,0,$0.00,$0.00,$12,$12,$6,$57,$7,$0,$20,$0,$33,$90,$38,$1,$0,$1,$39,$0,$-31,$0,$51,$90,$-2,$1,$-0,$1,$2,$-1,$7,$-4,$5,$4,$-1,$0,$3,$0,$0,$0,$1,$3,$-1,$-5,$0,$-1,$-1,$0,$0,$-6,$1,$1,$0
28,2011-09-30,21840.02,$0.00,0.0,$51886.52,0.42,$292.59,74.64,$-1081.08,0.0,$0.05B,$0.04B,1.44,$0.00B,$0.05B,0.0,$0.09B,$0.02B,26.97%,$0.09B,$-0.00B,-3.37%,$0.09B,$-0.00B,-3.37%,$0.09B,$-0.00B,-1.12%,$0.09B,$-0.00B,-3.37%,$0.09B,$-0.00B,-2.25%,$-0.00B,$0.05B,-4.82%,$-0.00B,$0.03B,-6.50%,$-0.00B,$0.09B,-2.96%,$-0.00B,$0.05B,-7.23%,$32,$24,$8,$0,$8,$32,$-1,$-0,$-1,$-0,$-0,$-0,$-0,$-0,$-1,$0,0,$-240.24,$-240.24,$13,$11,$3,$52,$0,$0,$21,$0,$29,$87,$36,$0,$0,$0,$36,$0,$-31,$0,$51,$87,$-2,$1,$-0,$0,$4,$0,$1,$-2,$2,$1,$-0,$0,$3,$0,$0,$0,$1,$4,$-0,$-2,$-2,$-1,$-1,$0,$0,$-3,$2,$0,$0
29,2011-06-30,35880.04,$0.00,0.0,$53946.58,0.67,$0.28,126739.79,$-360.36,0.0,$0.05B,$0.04B,1.44,$0.00B,$0.05B,0.0,$0.08B,$0.02B,26.83%,$0.08B,$-0.00B,-1.22%,$0.08B,$-0.00B,-1.22%,$0.08B,0,0.00%,$0.08B,$-0.00B,-1.22%,$0.08B,$-0.00B,-1.22%,$-0.00B,$0.05B,-2.72%,$-0.00B,$0.03B,-3.23%,$-0.00B,$0.09B,-1.72%,$-0.00B,$0.05B,-2.72%,$20,$15,$5,$0,$5,$22,$-2,$-0,$-2,$-0,$-2,$-2,$-2,$-2,$-2,$0,0,$-960.96,$-960.96,$15,$10,$6,$54,$0,$0,$21,$0,$28,$89,$38,$0,$0,$0,$38,$0,$-30,$0,$51,$89,$-2,$0,$-0,$0,$6,$1,$1,$-4,$3,$1,$-0,$0,$3,$0,$0,$0,$0,$3,$-0,$-1,$-1,$0,$0,$0,$0,$-1,$3,$0,$0
30,2011-03-31,31800.03,$0.00,0.0,$53162.67,0.6,$0.21,150354.76,$840.84,37.82,$0.04B,$0.01B,2.71,$0.00B,$0.03B,0.0,$0.08B,$0.02B,27.50%,$0.08B,$0.00B,1.25%,$0.08B,$0.00B,1.25%,$0.08B,$0.00B,3.75%,$0.08B,$0.00B,1.25%,$0.08B,$0.00B,1.25%,$0.00B,$0.03B,3.15%,$0.00B,$0.03B,3.25%,$0.00B,$0.05B,2.11%,$0.00B,$0.03B,3.15%,$17,$12,$5,$0,$5,$17,$0,$0,$0,$0,$0,$0,$0,$0,$0,$0,0,$0.00,$0.00,$13,$6,$3,$37,$0,$0,$1,$0,$3,$46,$14,$0,$0,$0,$14,$0,$-29,$0,$32,$46,$0,$0,$0,$0,$4,$1,$-2,$-0,$2,$2,$-0,$0,$0,$0,$0,$0,$0,$-0,$0,$0,$0,$0,$0,$0,$0,$0,$2,$0,$0
31,2010-12-31,30600.03,$0.00,0.0,$51549.33,0.59,$0.07,458771.07,$840.84,36.39,$0.04B,$0.02B,2.47,$0.00B,$0.03B,0.0,$0.08B,$0.02B,26.92%,$0.08B,$0.00B,1.28%,$0.08B,$0.00B,1.28%,$0.08B,$0.00B,3.85%,$0.08B,$0.00B,1.28%,$0.08B,$0.00B,1.28%,$0.00B,$0.03B,3.20%,$0.00B,$0.03B,3.28%,$0.00B,$0.05B,2.15%,$0.00B,$0.03B,3.20%,$20,$14,$6,$0,$6,$20,$0,$0,$0,$0,$0,$0,$0,$1,$0,$0,0,$120.12,$120.12,$11,$6,$1,$40,$0,$0,$1,$0,$3,$48,$16,$0,$0,$0,$16,$0,$-29,$0,$32,$48,$1,$1,$1,$1,$-5,$-2,$1,$3,$-3,$-0,$-1,$0,$0,$0,$0,$0,$0,$-1,$0,$0,$0,$0,$0,$0,$0,$0,$-1,$0,$0
32,2010-09-30,44280.04,$0.00,0.0,$50853.33,0.87,$0.12,372414.17,$840.84,52.66,$0.04B,$0.02B,2.19,$0.00B,$0.03B,0.0,$0.08B,$0.02B,25.97%,$0.08B,$0.00B,1.30%,$0.08B,$0.00B,1.30%,$0.08B,$0.00B,2.60%,$0.08B,$0.00B,1.30%,$0.08B,$0.00B,1.30%,$0.00B,$0.03B,3.25%,$0.00B,$0.03B,3.31%,$0.00B,$0.05B,2.21%,$0.00B,$0.03B,3.25%,$25,$18,$6,$0,$5,$23,$1,$0,$1,$0,$1,$1,$1,$1,$1,$0,0,$480.48,$480.48,$15,$7,$1,$41,$0,$0,$1,$1,$4,$50,$19,$0,$0,$0,$19,$0,$-29,$0,$32,$50,$1,$0,$0,$0,$0,$0,$0,$0,$2,$3,$-0,$0,$0,$0,$0,$0,$0,$-0,$0,$0,$0,$0,$0,$0,$0,$0,$3,$0,$0
33,2010-06-30,37920.04,$0.00,0.0,$49746.67,0.76,$0.05,785093.95,$480.48,78.92,$0.04B,$0.02B,2.39,$0.00B,$0.03B,0.0,$0.08B,$0.02B,25.33%,$0.08B,0,0.00%,$0.08B,0,0.00%,$0.08B,$0.00B,1.33%,$0.08B,0,0.00%,$0.08B,0,0.00%,$0.00B,$0.03B,0.00%,$0.00B,$0.03B,0.00%,$0.00B,$0.05B,0.00%,$0.00B,$0.03B,0.00%,$18,$12,$5,$0,$5,$17,$0,$0,$0,$0,$0,$0,$0,$1,$0,$0,0,$240.24,$240.24,$12,$6,$2,$37,$0,$0,$1,$1,$4,$46,$15,$0,$0,$0,$15,$0,$-30,$0,$31,$46,$0,$0,$0,$0,$0,$0,$0,$0,$-1,$-0,$-0,$0,$0,$0,$0,$0,$0,$-0,$0,$0,$0,$0,$0,$0,$0,$0,$-0,$0,$0
34,2010-03-31,40920.04,$0.00,0.0,$46534.67,0.88,$0.09,460292.92,$-120.12,0.0,$0.03B,$0.01B,2.73,$0.00B,$0.03B,0.0,$0.07B,$0.02B,24.29%,$0.07B,$-0.00B,-1.43%,$0.07B,$-0.00B,-1.43%,$0.07B,$-0.00B,-1.43%,$0.07B,$-0.00B,-1.43%,$0.07B,$-0.00B,-1.43%,$-0.00B,$0.03B,-3.33%,$-0.00B,$0.03B,-3.39%,$-0.00B,$0.04B,-2.42%,$-0.00B,$0.03B,-3.33%,$15,$11,$4,$0,$4,$15,$0,$0,$0,$0,$0,$0,$0,$0,$0,$0,0,$0.00,$0.00,$12,$4,$1,$33,$0,$0,$1,$1,$5,$42,$12,$0,$0,$0,$12,$0,$-30,$0,$30,$42,$0,$0,$0,$0,$0,$0,$0,$0,$-1,$-0,$-0,$0,$0,$0,$0,$0,$0,$-0,$0,$0,$0,$0,$0,$0,$0,$0,$-0,$0,$0
35,2009-12-31,38760.04,$0.00,0.0,$42885.33,0.9,$0.07,557698.4,$-1081.08,0.0,$0.03B,$0.01B,2.59,$0.00B,$0.03B,0.0,$0.07B,$0.02B,23.08%,$0.07B,$-0.00B,-4.62%,$0.07B,$-0.00B,-4.62%,$0.07B,$-0.00B,-4.62%,$0.07B,$-0.00B,-4.62%,$0.07B,$-0.00B,-3.08%,$-0.00B,$0.03B,-6.67%,$-0.00B,$0.03B,-6.78%,$-0.00B,$0.04B,-5.03%,$-0.00B,$0.03B,-10.00%,$19,$14,$5,$0,$5,$19,$0,$-0,$0,$0,$0,$0,$0,$0,$0,$0,0,$120.12,$120.12,$12,$5,$2,$34,$0,$0,$1,$1,$5,$43,$13,$0,$0,$0,$13,$0,$-30,$0,$30,$43,$-2,$0,$0,$0,$0,$0,$0,$0,$2,$0,$-0,$0,$0,$0,$0,$0,$0,$-0,$0,$0,$0,$0,$0,$0,$0,$0,$-0,$0,$0
36,2009-09-30,31320.03,$0.00,0.0,$39126.00,0.8,$-0.51,0.0,$-19579.58,0.0,$0.03B,$0.01B,2.52,$0.00B,$0.03B,0.0,$0.06B,$0.01B,22.03%,$0.06B,$-0.01B,-10.17%,$0.06B,$-0.01B,-10.17%,$0.06B,$-0.01B,-8.47%,$0.06B,$-0.03B,-55.93%,$0.06B,$-0.03B,-49.15%,$-0.03B,$0.03B,-95.87%,$-0.03B,$0.03B,-97.48%,$-0.03B,$0.04B,-74.36%,$-0.01B,$0.03B,-19.83%,$23,$18,$5,$0,$5,$23,$0,$0,$0,$0,$0,$0,$0,$0,$0,$0,0,$120.12,$120.12,$14,$4,$2,$33,$0,$0,$1,$1,$5,$43,$13,$0,$0,$0,$13,$0,$-30,$0,$30,$43,$-2,$0,$0,$0,$0,$0,$0,$0,$4,$2,$-0,$0,$0,$0,$0,$0,$0,$-0,$0,$0,$0,$0,$0,$0,$0,$0,$2,$0,$0
37,2009-06-30,31080.03,$0.00,0.0,$31763.79,0.98,$-0.84,0.0,$-19819.82,0.0,$0.03B,$0.01B,3.84,$0.00B,$0.03B,0.0,$0.05B,$0.01B,23.91%,$0.05B,$-0.01B,-13.04%,$0.05B,$-0.01B,-13.04%,$0.05B,$-0.01B,-10.87%,$0.05B,$-0.03B,-71.74%,$0.05B,$-0.03B,-63.04%,$-0.03B,$0.03B,-82.86%,$-0.03B,$0.03B,-92.80%,$-0.03B,$0.04B,-68.64%,$-0.01B,$0.03B,-17.14%,$13,$9,$3,$0,$4,$14,$-1,$0,$-1,$-0,$-1,$-1,$-1,$-1,$-1,$0,0,$-360.36,$-360.36,$13,$4,$2,$26,$0,$0,$1,$1,$6,$37,$7,$0,$0,$0,$7,$0,$-30,$0,$30,$37,$-2,$0,$0,$0,$0,$0,$0,$0,$3,$0,$-0,$0,$0,$0,$0,$0,$0,$-0,$0,$-0,$0,$0,$0,$0,$0,$-0,$0,$0,$0
38,2009-03-31,24120.02,$0.00,0.0,$31325.73,0.77,$-1.08,0.0,$-19459.46,0.0,$0.03B,$0.01B,4.01,$0.00B,$0.03B,0.0,$0.04B,$0.01B,26.19%,$0.04B,$-0.01B,-11.90%,$0.04B,$-0.01B,-11.90%,$0.04B,$-0.00B,-9.52%,$0.04B,$-0.03B,-76.19%,$0.04B,$-0.03B,-66.67%,$-0.03B,$0.03B,-70.44%,$-0.03B,$0.03B,-82.96%,$-0.03B,$0.04B,-60.87%,$-0.01B,$0.03B,-12.58%,$10,$7,$2,$0,$5,$12,$-2,$0,$-2,$-1,$-1,$-1,$-1,$-2,$-2,$0,0,$-960.96,$-960.96,$13,$5,$2,$26,$0,$0,$0,$1,$5,$36,$7,$0,$0,$0,$7,$0,$-30,$0,$30,$36,$-1,$0,$0,$0,$0,$0,$0,$0,$1,$-1,$-0,$0,$0,$0,$0,$0,$0,$-0,$0,$1,$0,$0,$0,$0,$0,$1,$1,$0,$0
